{"id":"gen9ou-1992565667","p1":"coppersulfate","p2":"Dadben","format":"[Gen 9] OU","log":"|j|\u2606coppersulfate\n|j|\u2606Dadben\n|t:|1700206843\n|gametype|singles\n|player|p1|coppersulfate|candice|1378\n|player|p2|Dadben|fisherman-gen4|1441\n|teamsize|p1|6\n|teamsize|p2|6\n|gen|9\n|tier|[Gen 9] OU\n|rated|\n|rule|Sleep Clause Mod: Limit one foe put to sleep\n|rule|Species Clause: Limit one of each Pok\u00e9mon\n|rule|OHKO Clause: OHKO moves are banned\n|rule|Evasion Items Clause: Evasion items are banned\n|rule|Evasion Moves Clause: Evasion moves are banned\n|rule|Endless Battle Clause: Forcing endless battles is banned\n|rule|HP Percentage Mod: HP is shown in percentages\n|clearpoke\n|poke|p1|Blissey, F|\n|poke|p1|Ditto|\n|poke|p1|Dondozo, F|\n|poke|p1|Toxapex, F|\n|poke|p1|Alomomola, M|\n|poke|p1|Ting-Lu|\n|poke|p2|Pelipper, F|\n|poke|p2|Tyranitar, M|\n|poke|p2|Corviknight, F|\n|poke|p2|Clodsire, M|\n|poke|p2|Barraskewda, M|\n|poke|p2|Basculegion-F, F|\n|teampreview\n|l|\u2606Dadben\n|player|p2|\n|j|\u2606Dadben\n|player|p2|Dadben|fisherman-gen4\n|inactive|Battle timer is ON: inactive players will automatically lose when time's up. (requested by Dadben)\n|\n|t:|1700206863\n|start\n|switch|p1a: Relic|Ting-Lu|100\/100\n|switch|p2a: Pelipper|Pelipper, F|100\/100\n|-weather|RainDance|[from] ability: Drizzle|[of] p2a: Pelipper\n|-ability|p1a: Relic|Vessel of Ruin\n|turn|1\n|\n|t:|1700206885\n|move|p1a: Relic|Protect|p1a: Relic\n|-singleturn|p1a: Relic|Protect\n|move|p2a: Pelipper|U-turn|p1a: Relic\n|-activate|p1a: Relic|move: Protect\n|\n|-weather|RainDance|[upkeep]\n|upkeep\n|turn|2\n|\n|t:|1700206897\n|switch|p1a: Venomous love|Toxapex, F, shiny|100\/100\n|move|p2a: Pelipper|U-turn|p1a: Venomous love\n|-resisted|p1a: Venomous love\n|-damage|p1a: Venomous love|98\/100\n|\n|t:|1700206901\n|switch|p2a: Clodsire|Clodsire, M|100\/100|[from] U-turn\n|\n|-weather|RainDance|[upkeep]\n|upkeep\n|turn|3\n|\n|t:|1700206914\n|move|p1a: Venomous love|Toxic Spikes|p2a: Clodsire\n|-sidestart|p2: Dadben|move: Toxic Spikes\n|move|p2a: Clodsire|Spikes|p1a: Venomous love\n|-sidestart|p1: coppersulfate|Spikes\n|\n|-weather|RainDance|[upkeep]\n|upkeep\n|turn|4\n|\n|t:|1700206930\n|move|p1a: Venomous love|Toxic Spikes|p2a: Clodsire\n|-sidestart|p2: Dadben|move: Toxic Spikes\n|move|p2a: Clodsire|Spikes|p1a: Venomous love\n|-sidestart|p1: coppersulfate|Spikes\n|\n|-weather|RainDance|[upkeep]\n|upkeep\n|turn|5\n|\n|t:|1700206940\n|switch|p1a: Relic|Ting-Lu|100\/100\n|-ability|p1a: Relic|Vessel of Ruin\n|move|p2a: Clodsire|Spikes|p1a: Relic\n|-sidestart|p1: coppersulfate|Spikes\n|\n|-weather|none\n|upkeep\n|turn|6\n|\n|t:|1700206949\n|switch|p2a: Barraskewda|Barraskewda, M|100\/100\n|move|p1a: Relic|Spikes|p2a: Barraskewda\n|-sidestart|p2: Dadben|Spikes\n|\n|upkeep\n|turn|7\n|\n|t:|1700206954\n|switch|p1a: Venomous love|Toxapex, F, shiny|100\/100\n|move|p2a: Barraskewda|Flip Turn|p1a: Venomous love\n|-resisted|p1a: Venomous love\n|-damage|p1a: Venomous love|91\/100\n|\n|t:|1700206957\n|switch|p2a: Clodsire|Clodsire, M|100\/100|[from] Flip Turn\n|-sideend|p2: Dadben|move: Toxic Spikes|[of] p2a: Clodsire\n|-damage|p2a: Clodsire|88\/100|[from] Spikes\n|\n|-heal|p2a: Clodsire|94\/100|[from] item: Black Sludge\n|upkeep\n|turn|8\n|\n|t:|1700206962\n|switch|p1a: Relic|Ting-Lu|100\/100\n|-ability|p1a: Relic|Vessel of Ruin\n|move|p2a: Clodsire|Earthquake|p1a: Relic\n|-damage|p1a: Relic|86\/100\n|\n|-heal|p2a: Clodsire|100\/100|[from] item: Black Sludge\n|upkeep\n|turn|9\n|\n|t:|1700206967\n|switch|p2a: Tyranitar|Tyranitar, M|100\/100\n|-damage|p2a: Tyranitar|88\/100|[from] Spikes\n|-weather|Sandstorm|[from] ability: Sand Stream|[of] p2a: Tyranitar\n|move|p1a: Relic|Spikes|p2a: Tyranitar\n|-sidestart|p2: Dadben|Spikes\n|\n|-weather|Sandstorm|[upkeep]\n|-heal|p2a: Tyranitar|94\/100|[from] item: Leftovers\n|upkeep\n|turn|10\n|\n|t:|1700206973\n|move|p1a: Relic|Protect|p1a: Relic\n|-singleturn|p1a: Relic|Protect\n|move|p2a: Tyranitar|Stealth Rock|p1a: Relic\n|-sidestart|p1: coppersulfate|move: Stealth Rock\n|\n|-weather|Sandstorm|[upkeep]\n|-heal|p2a: Tyranitar|100\/100|[from] item: Leftovers\n|upkeep\n|turn|11\n|\n|t:|1700206987\n|switch|p2a: Corviknight|Corviknight, F|100\/100\n|-ability|p2a: Corviknight|Pressure\n|move|p1a: Relic|Earthquake|p2a: Corviknight\n|-immune|p2a: Corviknight\n|\n|-weather|Sandstorm|[upkeep]\n|upkeep\n|turn|12\n|\n|t:|1700207007\n|switch|p1a: Venomous love|Toxapex, F, shiny|100\/100\n|move|p2a: Corviknight|Iron Defense|p2a: Corviknight\n|-boost|p2a: Corviknight|def|2\n|\n|-weather|Sandstorm|[upkeep]\n|-damage|p1a: Venomous love|95\/100|[from] Sandstorm\n|upkeep\n|turn|13\n|\n|t:|1700207011\n|move|p2a: Corviknight|U-turn|p1a: Venomous love\n|-resisted|p1a: Venomous love\n|-damage|p1a: Venomous love|91\/100\n|\n|t:|1700207015\n|switch|p2a: Clodsire|Clodsire, M|100\/100|[from] U-turn\n|-damage|p2a: Clodsire|84\/100|[from] Spikes\n|move|p1a: Venomous love|Haze|p1a: Venomous love\n|-clearallboost\n|\n|-weather|none\n|-heal|p2a: Clodsire|90\/100|[from] item: Black Sludge\n|upkeep\n|turn|14\n|\n|t:|1700207023\n|switch|p1a: Relic|Ting-Lu|86\/100\n|-ability|p1a: Relic|Vessel of Ruin\n|switch|p2a: Basculegion|Basculegion-F, F|100\/100\n|-damage|p2a: Basculegion|84\/100|[from] Spikes\n|\n|-heal|p2a: Basculegion|90\/100|[from] item: Leftovers\n|upkeep\n|turn|15\n|\n|t:|1700207033\n|switch|p1a: Venomous love|Toxapex, F, shiny|100\/100\n|move|p2a: Basculegion|Surf|p1a: Venomous love\n|-resisted|p1a: Venomous love\n|-damage|p1a: Venomous love|78\/100\n|\n|-heal|p2a: Basculegion|96\/100|[from] item: Leftovers\n|upkeep\n|turn|16\n|\n|t:|1700207040\n|move|p2a: Basculegion|Substitute|p2a: Basculegion\n|-start|p2a: Basculegion|Substitute\n|-damage|p2a: Basculegion|71\/100\n|move|p1a: Venomous love|Toxic Spikes|p2a: Basculegion\n|-sidestart|p2: Dadben|move: Toxic Spikes\n|\n|-heal|p2a: Basculegion|77\/100|[from] item: Leftovers\n|upkeep\n|turn|17\n|\n|t:|1700207048\n|move|p2a: Basculegion|Shadow Ball|p1a: Venomous love\n|-damage|p1a: Venomous love|34\/100\n|move|p1a: Venomous love|Toxic Spikes|p2a: Basculegion\n|-sidestart|p2: Dadben|move: Toxic Spikes\n|\n|-heal|p2a: Basculegion|83\/100|[from] item: Leftovers\n|upkeep\n|turn|18\n|\n|t:|1700207054\n|switch|p2a: Clodsire|Clodsire, M|90\/100\n|-damage|p2a: Clodsire|74\/100|[from] Spikes\n|-sideend|p2: Dadben|move: Toxic Spikes|[of] p2a: Clodsire\n|switch|p1a: Epione|Blissey, F, shiny|100\/100\n|\n|-heal|p2a: Clodsire|80\/100|[from] item: Black Sludge\n|upkeep\n|turn|19\n|\n|t:|1700207065\n|switch|p2a: Corviknight|Corviknight, F|100\/100\n|-ability|p2a: Corviknight|Pressure\n|move|p1a: Epione|Stealth Rock|p2a: Corviknight\n|-sidestart|p2: Dadben|move: Stealth Rock\n|\n|upkeep\n|turn|20\n|\n|t:|1700207070\n|switch|p1a: Venomous love|Toxapex, F, shiny|67\/100\n|move|p2a: Corviknight|U-turn|p1a: Venomous love\n|-resisted|p1a: Venomous love\n|-damage|p1a: Venomous love|63\/100\n|\n|t:|1700207080\n|switch|p2a: Basculegion|Basculegion-F, F|83\/100|[from] U-turn\n|-damage|p2a: Basculegion|67\/100|[from] Spikes\n|-damage|p2a: Basculegion|54\/100|[from] Stealth Rock\n|\n|-heal|p2a: Basculegion|60\/100|[from] item: Leftovers\n|upkeep\n|turn|21\n|\n|t:|1700207108\n|switch|p2a: Pelipper|Pelipper, F|100\/100\n|-damage|p2a: Pelipper|76\/100|[from] Stealth Rock\n|-weather|RainDance|[from] ability: Drizzle|[of] p2a: Pelipper\n|move|p1a: Venomous love|Toxic Spikes|p2a: Pelipper\n|-sidestart|p2: Dadben|move: Toxic Spikes\n|\n|-weather|RainDance|[upkeep]\n|upkeep\n|turn|22\n|\n|t:|1700207112\n|move|p2a: Pelipper|Knock Off|p1a: Venomous love\n|-damage|p1a: Venomous love|56\/100\n|-enditem|p1a: Venomous love|Heavy-Duty Boots|[from] move: Knock Off|[of] p2a: Pelipper\n|move|p1a: Venomous love|Toxic|p2a: Pelipper\n|-status|p2a: Pelipper|tox\n|\n|-weather|RainDance|[upkeep]\n|-damage|p2a: Pelipper|69\/100 tox|[from] psn\n|upkeep\n|turn|23\n|\n|t:|1700207122\n|switch|p2a: Clodsire|Clodsire, M|80\/100\n|-damage|p2a: Clodsire|63\/100|[from] Spikes\n|-damage|p2a: Clodsire|57\/100|[from] Stealth Rock\n|-sideend|p2: Dadben|move: Toxic Spikes|[of] p2a: Clodsire\n|move|p1a: Venomous love|Recover|p1a: Venomous love\n|-heal|p1a: Venomous love|100\/100\n|\n|-weather|RainDance|[upkeep]\n|-heal|p2a: Clodsire|63\/100|[from] item: Black Sludge\n|upkeep\n|turn|24\n|\n|t:|1700207129\n|switch|p1a: Relic|Ting-Lu|86\/100\n|-ability|p1a: Relic|Vessel of Ruin\n|move|p2a: Clodsire|Acid Spray|p1a: Relic\n|-resisted|p1a: Relic\n|-damage|p1a: Relic|85\/100\n|-unboost|p1a: Relic|spd|2\n|\n|-weather|RainDance|[upkeep]\n|-heal|p2a: Clodsire|69\/100|[from] item: Black Sludge\n|upkeep\n|turn|25\n|l|\u2606Dadben\n|inactive|Dadben disconnected and has a minute to reconnect!\n|player|p2|\n|j|\u2606Dadben\n|inactive|Dadben reconnected and has 115 seconds left.\n|player|p2|Dadben|fisherman-gen4\n|\n|t:|1700207173\n|switch|p2a: Corviknight|Corviknight, F|100\/100\n|-damage|p2a: Corviknight|88\/100|[from] Stealth Rock\n|-ability|p2a: Corviknight|Pressure\n|move|p1a: Relic|Earthquake|p2a: Corviknight\n|-immune|p2a: Corviknight\n|\n|-weather|none\n|upkeep\n|turn|26\n|\n|t:|1700207184\n|switch|p1a: Fish|Alomomola, M, shiny|100\/100\n|move|p2a: Corviknight|U-turn|p1a: Fish\n|-damage|p1a: Fish|92\/100\n|inactive|Dadben has 120 seconds left.\n|\n|t:|1700207195\n|switch|p2a: Pelipper|Pelipper, F|69\/100 tox|[from] U-turn\n|-damage|p2a: Pelipper|45\/100 tox|[from] Stealth Rock\n|-weather|RainDance|[from] ability: Drizzle|[of] p2a: Pelipper\n|\n|-weather|RainDance|[upkeep]\n|-damage|p2a: Pelipper|38\/100 tox|[from] psn\n|upkeep\n|turn|27\n|inactive|Dadben has 120 seconds left.\n|\n|t:|1700207217\n|switch|p1a: Venomous love|Toxapex, F, shiny|100\/100\n|-damage|p1a: Venomous love|76\/100|[from] Spikes\n|-damage|p1a: Venomous love|64\/100|[from] Stealth Rock\n|move|p2a: Pelipper|U-turn|p1a: Venomous love\n|-resisted|p1a: Venomous love\n|-damage|p1a: Venomous love|61\/100\n|inactive|Dadben has 120 seconds left.\n|\n|t:|1700207230\n|switch|p2a: Basculegion|Basculegion-F, F|60\/100|[from] U-turn\n|-damage|p2a: Basculegion|44\/100|[from] Spikes\n|-damage|p2a: Basculegion|31\/100|[from] Stealth Rock\n|\n|-weather|RainDance|[upkeep]\n|-heal|p2a: Basculegion|38\/100|[from] item: Leftovers\n|upkeep\n|turn|28\n|\n|t:|1700207248\n|move|p2a: Basculegion|Substitute|p2a: Basculegion\n|-start|p2a: Basculegion|Substitute\n|-damage|p2a: Basculegion|13\/100\n|move|p1a: Venomous love|Recover|p1a: Venomous love\n|-heal|p1a: Venomous love|100\/100\n|\n|-weather|RainDance|[upkeep]\n|-heal|p2a: Basculegion|19\/100|[from] item: Leftovers\n|upkeep\n|turn|29\n|\n|t:|1700207263\n|move|p2a: Basculegion|Shadow Ball|p1a: Venomous love\n|-damage|p1a: Venomous love|59\/100\n|move|p1a: Venomous love|Toxic Spikes|p2a: Basculegion\n|-sidestart|p2: Dadben|move: Toxic Spikes\n|\n|-weather|RainDance|[upkeep]\n|-heal|p2a: Basculegion|25\/100|[from] item: Leftovers\n|upkeep\n|turn|30\n|\n|t:|1700207268\n|switch|p1a: Epione|Blissey, F, shiny|100\/100\n|move|p2a: Basculegion|Shadow Ball|p1a: Epione\n|-immune|p1a: Epione\n|\n|-weather|none\n|-heal|p2a: Basculegion|31\/100|[from] item: Leftovers\n|upkeep\n|turn|31\n|\n|t:|1700207274\n|move|p2a: Basculegion|Surf|p1a: Epione\n|-damage|p1a: Epione|84\/100\n|move|p1a: Epione|Calm Mind|p1a: Epione\n|-boost|p1a: Epione|spa|1\n|-boost|p1a: Epione|spd|1\n|\n|-heal|p2a: Basculegion|37\/100|[from] item: Leftovers\n|upkeep\n|turn|32\n|\n|t:|1700207278\n|move|p2a: Basculegion|Surf|p1a: Epione\n|-damage|p1a: Epione|72\/100\n|move|p1a: Epione|Calm Mind|p1a: Epione\n|-boost|p1a: Epione|spa|1\n|-boost|p1a: Epione|spd|1\n|\n|-heal|p2a: Basculegion|43\/100|[from] item: Leftovers\n|upkeep\n|turn|33\n|\n|t:|1700207282\n|move|p2a: Basculegion|Surf|p1a: Epione\n|-damage|p1a: Epione|63\/100\n|move|p1a: Epione|Calm Mind|p1a: Epione\n|-boost|p1a: Epione|spa|1\n|-boost|p1a: Epione|spd|1\n|\n|-heal|p2a: Basculegion|49\/100|[from] item: Leftovers\n|upkeep\n|turn|34\n|\n|t:|1700207286\n|move|p2a: Basculegion|Agility|p2a: Basculegion\n|-boost|p2a: Basculegion|spe|2\n|move|p1a: Epione|Soft-Boiled|p1a: Epione\n|-heal|p1a: Epione|100\/100\n|\n|-heal|p2a: Basculegion|55\/100|[from] item: Leftovers\n|upkeep\n|turn|35\n|\n|t:|1700207292\n|move|p2a: Basculegion|Agility|p2a: Basculegion\n|-boost|p2a: Basculegion|spe|2\n|move|p1a: Epione|Calm Mind|p1a: Epione\n|-boost|p1a: Epione|spa|1\n|-boost|p1a: Epione|spd|1\n|\n|-heal|p2a: Basculegion|61\/100|[from] item: Leftovers\n|upkeep\n|turn|36\n|\n|t:|1700207295\n|move|p2a: Basculegion|Agility|p2a: Basculegion\n|-boost|p2a: Basculegion|spe|2\n|move|p1a: Epione|Calm Mind|p1a: Epione\n|-boost|p1a: Epione|spa|1\n|-boost|p1a: Epione|spd|1\n|\n|-heal|p2a: Basculegion|67\/100|[from] item: Leftovers\n|upkeep\n|turn|37\n|\n|t:|1700207298\n|move|p2a: Basculegion|Agility|p2a: Basculegion\n|-boost|p2a: Basculegion|spe|0\n|move|p1a: Epione|Calm Mind|p1a: Epione\n|-boost|p1a: Epione|spa|1\n|-boost|p1a: Epione|spd|1\n|\n|-heal|p2a: Basculegion|73\/100|[from] item: Leftovers\n|upkeep\n|turn|38\n|\n|t:|1700207303\n|move|p2a: Basculegion|Agility|p2a: Basculegion\n|-boost|p2a: Basculegion|spe|0\n|move|p1a: Epione|Calm Mind|p1a: Epione\n|-boost|p1a: Epione|spa|0\n|-boost|p1a: Epione|spd|0\n|\n|-heal|p2a: Basculegion|79\/100|[from] item: Leftovers\n|upkeep\n|turn|39\n|\n|t:|1700207307\n|move|p2a: Basculegion|Agility|p2a: Basculegion\n|-boost|p2a: Basculegion|spe|0\n|move|p1a: Epione|Stealth Rock||[still]\n|-fail|p1a: Epione\n|\n|-heal|p2a: Basculegion|85\/100|[from] item: Leftovers\n|upkeep\n|turn|40\n|\n|t:|1700207313\n|move|p2a: Basculegion|Agility|p2a: Basculegion\n|-boost|p2a: Basculegion|spe|0\n|move|p1a: Epione|Stealth Rock||[still]\n|-fail|p1a: Epione\n|\n|-heal|p2a: Basculegion|91\/100|[from] item: Leftovers\n|upkeep\n|turn|41\n|\n|t:|1700207316\n|move|p2a: Basculegion|Agility|p2a: Basculegion\n|-boost|p2a: Basculegion|spe|0\n|move|p1a: Epione|Stealth Rock||[still]\n|-fail|p1a: Epione\n|\n|-heal|p2a: Basculegion|97\/100|[from] item: Leftovers\n|upkeep\n|turn|42\n|\n|t:|1700207319\n|move|p2a: Basculegion|Agility|p2a: Basculegion\n|-boost|p2a: Basculegion|spe|0\n|move|p1a: Epione|Stealth Rock||[still]\n|-fail|p1a: Epione\n|\n|-heal|p2a: Basculegion|100\/100|[from] item: Leftovers\n|upkeep\n|turn|43\n|\n|t:|1700207325\n|move|p2a: Basculegion|Agility|p2a: Basculegion\n|-boost|p2a: Basculegion|spe|0\n|move|p1a: Epione|Stealth Rock||[still]\n|-fail|p1a: Epione\n|\n|upkeep\n|turn|44\n|\n|t:|1700207334\n|switch|p2a: Clodsire|Clodsire, M|69\/100\n|-damage|p2a: Clodsire|53\/100|[from] Spikes\n|-damage|p2a: Clodsire|47\/100|[from] Stealth Rock\n|-sideend|p2: Dadben|move: Toxic Spikes|[of] p2a: Clodsire\n|move|p1a: Epione|Stealth Rock||[still]\n|-fail|p1a: Epione\n|\n|-heal|p2a: Clodsire|53\/100|[from] item: Black Sludge\n|upkeep\n|turn|45\n|\n|t:|1700207341\n|switch|p1a: Relic|Ting-Lu|85\/100\n|-ability|p1a: Relic|Vessel of Ruin\n|move|p2a: Clodsire|Recover|p2a: Clodsire\n|-heal|p2a: Clodsire|100\/100\n|\n|upkeep\n|turn|46\n|\n|t:|1700207347\n|switch|p2a: Corviknight|Corviknight, F|88\/100\n|-damage|p2a: Corviknight|76\/100|[from] Stealth Rock\n|-ability|p2a: Corviknight|Pressure\n|move|p1a: Relic|Earthquake|p2a: Corviknight\n|-immune|p2a: Corviknight\n|\n|upkeep\n|turn|47\n|\n|t:|1700207356\n|switch|p1a: Venomous love|Toxapex, F, shiny|92\/100\n|-damage|p1a: Venomous love|67\/100|[from] Spikes\n|-damage|p1a: Venomous love|55\/100|[from] Stealth Rock\n|move|p2a: Corviknight|U-turn|p1a: Venomous love\n|-resisted|p1a: Venomous love\n|-damage|p1a: Venomous love|51\/100\n|\n|t:|1700207361\n|switch|p2a: Barraskewda|Barraskewda, M|100\/100|[from] U-turn\n|\n|upkeep\n|turn|48\n|\n|t:|1700207370\n|move|p2a: Barraskewda|Psychic Fangs|p1a: Venomous love\n|-supereffective|p1a: Venomous love\n|-damage|p1a: Venomous love|14\/100\n|move|p1a: Venomous love|Recover|p1a: Venomous love\n|-heal|p1a: Venomous love|64\/100\n|\n|upkeep\n|turn|49\n|\n|t:|1700207378\n|switch|p1a: Catfish|Dondozo, F, shiny|100\/100\n|move|p2a: Barraskewda|Flip Turn|p1a: Catfish\n|-resisted|p1a: Catfish\n|-damage|p1a: Catfish|94\/100\n|\n|t:|1700207385\n|switch|p2a: Clodsire|Clodsire, M|100\/100|[from] Flip Turn\n|-damage|p2a: Clodsire|84\/100|[from] Spikes\n|-damage|p2a: Clodsire|78\/100|[from] Stealth Rock\n|\n|-heal|p2a: Clodsire|84\/100|[from] item: Black Sludge\n|upkeep\n|turn|50\n|\n|t:|1700207403\n|move|p2a: Clodsire|Acid Spray|p1a: Catfish\n|-damage|p1a: Catfish|86\/100\n|-unboost|p1a: Catfish|spd|2\n|move|p1a: Catfish|Avalanche|p2a: Clodsire\n|-supereffective|p2a: Clodsire\n|-damage|p2a: Clodsire|42\/100\n|\n|-heal|p2a: Clodsire|48\/100|[from] item: Black Sludge\n|upkeep\n|turn|51\n|\n|t:|1700207410\n|move|p2a: Clodsire|Recover|p2a: Clodsire\n|-heal|p2a: Clodsire|98\/100\n|move|p1a: Catfish|Avalanche|p2a: Clodsire\n|-supereffective|p2a: Clodsire\n|-damage|p2a: Clodsire|76\/100\n|\n|-heal|p2a: Clodsire|83\/100|[from] item: Black Sludge\n|upkeep\n|turn|52\n|\n|t:|1700207419\n|switch|p2a: Corviknight|Corviknight, F|76\/100\n|-damage|p2a: Corviknight|64\/100|[from] Stealth Rock\n|-ability|p2a: Corviknight|Pressure\n|move|p1a: Catfish|Avalanche|p2a: Corviknight\n|-damage|p2a: Corviknight|52\/100\n|-damage|p1a: Catfish|70\/100|[from] item: Rocky Helmet|[of] p2a: Corviknight\n|\n|upkeep\n|turn|53\n|\n|t:|1700207426\n|switch|p1a: Venomous love|Toxapex, F, shiny|97\/100\n|-damage|p1a: Venomous love|72\/100|[from] Spikes\n|-damage|p1a: Venomous love|60\/100|[from] Stealth Rock\n|move|p2a: Corviknight|Roost|p2a: Corviknight\n|-heal|p2a: Corviknight|100\/100\n|-singleturn|p2a: Corviknight|move: Roost\n|\n|upkeep\n|turn|54\n|\n|t:|1700207434\n|move|p2a: Corviknight|Iron Defense|p2a: Corviknight\n|-boost|p2a: Corviknight|def|2\n|move|p1a: Venomous love|Toxic Spikes|p2a: Corviknight\n|-sidestart|p2: Dadben|move: Toxic Spikes\n|\n|upkeep\n|turn|55\n|\n|t:|1700207437\n|move|p2a: Corviknight|Iron Defense|p2a: Corviknight\n|-boost|p2a: Corviknight|def|2\n|move|p1a: Venomous love|Haze|p1a: Venomous love\n|-clearallboost\n|\n|upkeep\n|turn|56\n|\n|t:|1700207445\n|move|p2a: Corviknight|Iron Defense|p2a: Corviknight\n|-boost|p2a: Corviknight|def|2\n|move|p1a: Venomous love|Toxic Spikes|p2a: Corviknight\n|-sidestart|p2: Dadben|move: Toxic Spikes\n|\n|upkeep\n|turn|57\n|\n|t:|1700207450\n|move|p2a: Corviknight|Body Press|p1a: Venomous love\n|-resisted|p1a: Venomous love\n|-damage|p1a: Venomous love|49\/100\n|move|p1a: Venomous love|Haze|p1a: Venomous love\n|-clearallboost\n|\n|upkeep\n|turn|58\n|\n|t:|1700207458\n|move|p2a: Corviknight|U-turn|p1a: Venomous love\n|-resisted|p1a: Venomous love\n|-damage|p1a: Venomous love|45\/100\n|\n|t:|1700207461\n|switch|p2a: Clodsire|Clodsire, M|83\/100|[from] U-turn\n|-damage|p2a: Clodsire|66\/100|[from] Spikes\n|-damage|p2a: Clodsire|60\/100|[from] Stealth Rock\n|-sideend|p2: Dadben|move: Toxic Spikes|[of] p2a: Clodsire\n|move|p1a: Venomous love|Recover|p1a: Venomous love\n|-heal|p1a: Venomous love|95\/100\n|\n|-heal|p2a: Clodsire|66\/100|[from] item: Black Sludge\n|upkeep\n|turn|59\n|\n|t:|1700207476\n|switch|p1a: Relic|Ting-Lu|85\/100\n|-ability|p1a: Relic|Vessel of Ruin\n|move|p2a: Clodsire|Earthquake|p1a: Relic\n|-damage|p1a: Relic|69\/100\n|\n|-heal|p2a: Clodsire|72\/100|[from] item: Black Sludge\n|upkeep\n|turn|60\n|\n|t:|1700207486\n|switch|p2a: Pelipper|Pelipper, F|38\/100 tox\n|-damage|p2a: Pelipper|14\/100 tox|[from] Stealth Rock\n|-weather|RainDance|[from] ability: Drizzle|[of] p2a: Pelipper\n|move|p1a: Relic|Spikes|p2a: Pelipper\n|-sidestart|p2: Dadben|Spikes\n|\n|-weather|RainDance|[upkeep]\n|-damage|p2a: Pelipper|7\/100 tox|[from] psn\n|upkeep\n|turn|61\n|\n|t:|1700207492\n|move|p1a: Relic|Protect|p1a: Relic\n|-singleturn|p1a: Relic|Protect\n|move|p2a: Pelipper|U-turn|p1a: Relic\n|-activate|p1a: Relic|move: Protect\n|\n|-weather|RainDance|[upkeep]\n|-damage|p2a: Pelipper|0 fnt|[from] psn\n|faint|p2a: Pelipper\n|upkeep\n|\n|t:|1700207497\n|switch|p2a: Barraskewda|Barraskewda, M|100\/100\n|turn|62\n|\n|t:|1700207504\n|switch|p1a: Fish|Alomomola, M, shiny|100\/100\n|move|p2a: Barraskewda|Flip Turn|p1a: Fish\n|-resisted|p1a: Fish\n|-damage|p1a: Fish|88\/100\n|\n|t:|1700207507\n|switch|p2a: Tyranitar|Tyranitar, M|100\/100|[from] Flip Turn\n|-damage|p2a: Tyranitar|75\/100|[from] Spikes\n|-damage|p2a: Tyranitar|63\/100|[from] Stealth Rock\n|-weather|Sandstorm|[from] ability: Sand Stream|[of] p2a: Tyranitar\n|\n|-weather|Sandstorm|[upkeep]\n|-damage|p1a: Fish|82\/100|[from] Sandstorm\n|-heal|p2a: Tyranitar|69\/100|[from] item: Leftovers\n|upkeep\n|turn|63\n|\n|t:|1700207515\n|move|p1a: Fish|Chilling Water|p2a: Tyranitar\n|-supereffective|p2a: Tyranitar\n|-crit|p2a: Tyranitar\n|-damage|p2a: Tyranitar|57\/100\n|-unboost|p2a: Tyranitar|atk|1\n|move|p2a: Tyranitar|Knock Off|p1a: Fish\n|-damage|p1a: Fish|67\/100\n|-enditem|p1a: Fish|Heavy-Duty Boots|[from] move: Knock Off|[of] p2a: Tyranitar\n|\n|-weather|Sandstorm|[upkeep]\n|-damage|p1a: Fish|61\/100|[from] Sandstorm\n|-heal|p2a: Tyranitar|63\/100|[from] item: Leftovers\n|upkeep\n|turn|64\n|\n|t:|1700207524\n|switch|p2a: Clodsire|Clodsire, M|72\/100\n|-damage|p2a: Clodsire|47\/100|[from] Spikes\n|-damage|p2a: Clodsire|41\/100|[from] Stealth Rock\n|move|p1a: Fish|Whirlpool|p2a: Clodsire\n|-heal|p2a: Clodsire|66\/100|[from] ability: Water Absorb|[of] p1a: Fish\n|\n|-weather|Sandstorm|[upkeep]\n|-damage|p1a: Fish|55\/100|[from] Sandstorm\n|-heal|p2a: Clodsire|72\/100|[from] item: Black Sludge\n|upkeep\n|turn|65\n|\n|t:|1700207533\n|switch|p1a: Relic|Ting-Lu|69\/100\n|-ability|p1a: Relic|Vessel of Ruin\n|move|p2a: Clodsire|Acid Spray|p1a: Relic\n|-resisted|p1a: Relic\n|-damage|p1a: Relic|67\/100\n|-unboost|p1a: Relic|spd|2\n|\n|-weather|Sandstorm|[upkeep]\n|-heal|p2a: Clodsire|79\/100|[from] item: Black Sludge\n|upkeep\n|turn|66\n|\n|t:|1700207543\n|switch|p2a: Corviknight|Corviknight, F|100\/100\n|-damage|p2a: Corviknight|88\/100|[from] Stealth Rock\n|-ability|p2a: Corviknight|Pressure\n|move|p1a: Relic|Earthquake|p2a: Corviknight\n|-immune|p2a: Corviknight\n|\n|-weather|none\n|upkeep\n|turn|67\n|\n|t:|1700207553\n|switch|p1a: Venomous love|Toxapex, F, shiny|100\/100\n|-damage|p1a: Venomous love|76\/100|[from] Spikes\n|-damage|p1a: Venomous love|64\/100|[from] Stealth Rock\n|move|p2a: Corviknight|U-turn|p1a: Venomous love\n|-resisted|p1a: Venomous love\n|-damage|p1a: Venomous love|59\/100\n|\n|t:|1700207562\n|switch|p2a: Clodsire|Clodsire, M|79\/100|[from] U-turn\n|-damage|p2a: Clodsire|54\/100|[from] Spikes\n|-damage|p2a: Clodsire|47\/100|[from] Stealth Rock\n|\n|-heal|p2a: Clodsire|54\/100|[from] item: Black Sludge\n|upkeep\n|turn|68\n|\n|t:|1700207579\n|move|p1a: Venomous love|Toxic Spikes|p2a: Clodsire\n|-sidestart|p2: Dadben|move: Toxic Spikes\n|move|p2a: Clodsire|Earthquake|p1a: Venomous love\n|-supereffective|p1a: Venomous love\n|-damage|p1a: Venomous love|24\/100\n|\n|-heal|p2a: Clodsire|60\/100|[from] item: Black Sludge\n|upkeep\n|turn|69\n|\n|t:|1700207588\n|switch|p1a: Relic|Ting-Lu|67\/100\n|-ability|p1a: Relic|Vessel of Ruin\n|move|p2a: Clodsire|Earthquake|p1a: Relic\n|-damage|p1a: Relic|53\/100\n|\n|-heal|p2a: Clodsire|66\/100|[from] item: Black Sludge\n|upkeep\n|turn|70\n|\n|t:|1700207604\n|switch|p2a: Corviknight|Corviknight, F|88\/100\n|-damage|p2a: Corviknight|76\/100|[from] Stealth Rock\n|-ability|p2a: Corviknight|Pressure\n|move|p1a: Relic|Rest|p1a: Relic\n|-status|p1a: Relic|slp|[from] move: Rest\n|-heal|p1a: Relic|100\/100 slp|[silent]\n|\n|upkeep\n|turn|71\n|\n|t:|1700207610\n|switch|p1a: Venomous love|Toxapex, F, shiny|57\/100\n|-damage|p1a: Venomous love|32\/100|[from] Spikes\n|-damage|p1a: Venomous love|20\/100|[from] Stealth Rock\n|move|p2a: Corviknight|U-turn|p1a: Venomous love\n|-resisted|p1a: Venomous love\n|-damage|p1a: Venomous love|16\/100\n|\n|t:|1700207613\n|switch|p2a: Barraskewda|Barraskewda, M|100\/100|[from] U-turn\n|\n|upkeep\n|turn|72\n|\n|t:|1700207619\n|switch|p1a: Catfish|Dondozo, F, shiny|70\/100\n|move|p2a: Barraskewda|Liquidation|p1a: Catfish\n|-resisted|p1a: Catfish\n|-damage|p1a: Catfish|60\/100\n|-unboost|p1a: Catfish|def|1\n|\n|upkeep\n|turn|73\n|\n|t:|1700207635\n|switch|p1a: Fish|Alomomola, M, shiny|88\/100\n|-damage|p1a: Fish|63\/100|[from] Spikes\n|-damage|p1a: Fish|51\/100|[from] Stealth Rock\n|move|p2a: Barraskewda|Flip Turn|p1a: Fish\n|-resisted|p1a: Fish\n|-damage|p1a: Fish|43\/100\n|\n|t:|1700207639\n|switch|p2a: Clodsire|Clodsire, M|66\/100|[from] Flip Turn\n|-damage|p2a: Clodsire|41\/100|[from] Spikes\n|-damage|p2a: Clodsire|35\/100|[from] Stealth Rock\n|-sideend|p2: Dadben|move: Toxic Spikes|[of] p2a: Clodsire\n|\n|-heal|p2a: Clodsire|41\/100|[from] item: Black Sludge\n|upkeep\n|turn|74\n|\n|t:|1700207649\n|move|p1a: Fish|Wish|p1a: Fish\n|move|p2a: Clodsire|Recover|p2a: Clodsire\n|-heal|p2a: Clodsire|91\/100\n|\n|-heal|p2a: Clodsire|97\/100|[from] item: Black Sludge\n|upkeep\n|turn|75\n|\n|t:|1700207663\n|switch|p2a: Corviknight|Corviknight, F|76\/100\n|-damage|p2a: Corviknight|64\/100|[from] Stealth Rock\n|-ability|p2a: Corviknight|Pressure\n|move|p1a: Fish|Chilling Water|p2a: Corviknight\n|-damage|p2a: Corviknight|58\/100\n|-unboost|p2a: Corviknight|atk|1\n|\n|-heal|p1a: Fish|93\/100|[from] move: Wish|[wisher] Fish\n|upkeep\n|turn|76\n|\n|t:|1700207669\n|move|p2a: Corviknight|Roost|p2a: Corviknight\n|-heal|p2a: Corviknight|100\/100\n|-singleturn|p2a: Corviknight|move: Roost\n|move|p1a: Fish|Whirlpool|p2a: Corviknight\n|-damage|p2a: Corviknight|96\/100\n|-activate|p2a: Corviknight|move: Whirlpool|[of] p1a: Fish\n|\n|-damage|p2a: Corviknight|84\/100|[from] move: Whirlpool|[partiallytrapped]\n|upkeep\n|turn|77\n|\n|t:|1700207674\n|move|p2a: Corviknight|U-turn|p1a: Fish\n|-damage|p1a: Fish|88\/100\n|\n|t:|1700207678\n|switch|p2a: Clodsire|Clodsire, M|97\/100|[from] U-turn\n|-damage|p2a: Clodsire|72\/100|[from] Spikes\n|-damage|p2a: Clodsire|66\/100|[from] Stealth Rock\n|move|p1a: Fish|Chilling Water|p2a: Clodsire\n|-heal|p2a: Clodsire|91\/100|[from] ability: Water Absorb|[of] p1a: Fish\n|\n|-heal|p2a: Clodsire|97\/100|[from] item: Black Sludge\n|upkeep\n|turn|78\n|\n|t:|1700207686\n|switch|p1a: Relic|Ting-Lu|100\/100 slp\n|-ability|p1a: Relic|Vessel of Ruin\n|move|p2a: Clodsire|Acid Spray|p1a: Relic\n|-resisted|p1a: Relic\n|-damage|p1a: Relic|99\/100 slp\n|-unboost|p1a: Relic|spd|2\n|\n|-heal|p2a: Clodsire|100\/100|[from] item: Black Sludge\n|upkeep\n|turn|79\n|\n|t:|1700207689\n|switch|p2a: Basculegion|Basculegion-F, F|100\/100\n|-damage|p2a: Basculegion|76\/100|[from] Spikes\n|-damage|p2a: Basculegion|63\/100|[from] Stealth Rock\n|cant|p1a: Relic|slp\n|\n|-heal|p2a: Basculegion|69\/100|[from] item: Leftovers\n|upkeep\n|turn|80\n|\n|t:|1700207701\n|switch|p1a: Epione|Blissey, F, shiny|100\/100\n|move|p2a: Basculegion|Surf|p1a: Epione\n|-damage|p1a: Epione|84\/100\n|\n|-heal|p2a: Basculegion|75\/100|[from] item: Leftovers\n|upkeep\n|turn|81\n|\n|t:|1700207707\n|move|p2a: Basculegion|Substitute|p2a: Basculegion\n|-start|p2a: Basculegion|Substitute\n|-damage|p2a: Basculegion|50\/100\n|move|p1a: Epione|Seismic Toss|p2a: Basculegion\n|-immune|p2a: Basculegion\n|\n|-heal|p2a: Basculegion|56\/100|[from] item: Leftovers\n|upkeep\n|turn|82\n|\n|t:|1700207712\n|move|p2a: Basculegion|Agility|p2a: Basculegion\n|-boost|p2a: Basculegion|spe|2\n|move|p1a: Epione|Seismic Toss|p2a: Basculegion\n|-immune|p2a: Basculegion\n|\n|-heal|p2a: Basculegion|62\/100|[from] item: Leftovers\n|upkeep\n|turn|83\n|\n|t:|1700207718\n|move|p2a: Basculegion|Agility|p2a: Basculegion\n|-boost|p2a: Basculegion|spe|2\n|move|p1a: Epione|Calm Mind|p1a: Epione\n|-boost|p1a: Epione|spa|1\n|-boost|p1a: Epione|spd|1\n|\n|-heal|p2a: Basculegion|68\/100|[from] item: Leftovers\n|upkeep\n|turn|84\n|\n|t:|1700207731\n|move|p2a: Basculegion|Agility|p2a: Basculegion\n|-boost|p2a: Basculegion|spe|2\n|move|p1a: Epione|Calm Mind|p1a: Epione\n|-boost|p1a: Epione|spa|1\n|-boost|p1a: Epione|spd|1\n|\n|-heal|p2a: Basculegion|75\/100|[from] item: Leftovers\n|upkeep\n|turn|85\n|\n|t:|1700207742\n|move|p2a: Basculegion|Agility|p2a: Basculegion\n|-boost|p2a: Basculegion|spe|0\n|move|p1a: Epione|Calm Mind|p1a: Epione\n|-boost|p1a: Epione|spa|1\n|-boost|p1a: Epione|spd|1\n|\n|-heal|p2a: Basculegion|81\/100|[from] item: Leftovers\n|upkeep\n|turn|86\n|\n|t:|1700207748\n|move|p2a: Basculegion|Agility|p2a: Basculegion\n|-boost|p2a: Basculegion|spe|0\n|move|p1a: Epione|Stealth Rock||[still]\n|-fail|p1a: Epione\n|\n|-heal|p2a: Basculegion|87\/100|[from] item: Leftovers\n|upkeep\n|turn|87\n|\n|t:|1700207759\n|switch|p1a: Venomous love|Toxapex, F, shiny|49\/100\n|-damage|p1a: Venomous love|25\/100|[from] Spikes\n|-damage|p1a: Venomous love|12\/100|[from] Stealth Rock\n|move|p2a: Basculegion|Agility|p2a: Basculegion\n|-boost|p2a: Basculegion|spe|0\n|\n|-heal|p2a: Basculegion|93\/100|[from] item: Leftovers\n|upkeep\n|turn|88\n|\n|t:|1700207772\n|switch|p2a: Corviknight|Corviknight, F|84\/100\n|-damage|p2a: Corviknight|71\/100|[from] Stealth Rock\n|-ability|p2a: Corviknight|Pressure\n|switch|p1a: Epione|Blissey, F, shiny|84\/100\n|\n|upkeep\n|turn|89\n|\n|t:|1700207786\n|switch|p1a: Fish|Alomomola, M, shiny|100\/100\n|-damage|p1a: Fish|76\/100|[from] Spikes\n|-damage|p1a: Fish|63\/100|[from] Stealth Rock\n|move|p2a: Corviknight|Body Press|p1a: Fish\n|-damage|p1a: Fish|52\/100\n|\n|upkeep\n|turn|90\n|\n|t:|1700207793\n|move|p2a: Corviknight|U-turn|p1a: Fish\n|-damage|p1a: Fish|44\/100\n|\n|t:|1700207797\n|switch|p2a: Clodsire|Clodsire, M|100\/100|[from] U-turn\n|-damage|p2a: Clodsire|75\/100|[from] Spikes\n|-damage|p2a: Clodsire|69\/100|[from] Stealth Rock\n|move|p1a: Fish|Wish|p1a: Fish\n|\n|-heal|p2a: Clodsire|75\/100|[from] item: Black Sludge\n|upkeep\n|turn|91\n|\n|t:|1700207804\n|move|p1a: Fish|Protect|p1a: Fish\n|-singleturn|p1a: Fish|Protect\n|move|p2a: Clodsire|Acid Spray|p1a: Fish\n|-activate|p1a: Fish|move: Protect\n|\n|-heal|p1a: Fish|94\/100|[from] move: Wish|[wisher] Fish\n|-heal|p2a: Clodsire|82\/100|[from] item: Black Sludge\n|upkeep\n|turn|92\n|\n|t:|1700207810\n|switch|p1a: Relic|Ting-Lu|99\/100 slp\n|-ability|p1a: Relic|Vessel of Ruin\n|move|p2a: Clodsire|Acid Spray|p1a: Relic\n|-resisted|p1a: Relic\n|-damage|p1a: Relic|97\/100 slp\n|-unboost|p1a: Relic|spd|2\n|\n|-heal|p2a: Clodsire|88\/100|[from] item: Black Sludge\n|upkeep\n|turn|93\n|\n|t:|1700207822\n|switch|p2a: Basculegion|Basculegion-F, F|93\/100\n|-damage|p2a: Basculegion|68\/100|[from] Spikes\n|-damage|p2a: Basculegion|55\/100|[from] Stealth Rock\n|cant|p1a: Relic|slp\n|\n|-heal|p2a: Basculegion|61\/100|[from] item: Leftovers\n|upkeep\n|turn|94\n|\n|t:|1700207827\n|switch|p1a: Epione|Blissey, F, shiny|84\/100\n|move|p2a: Basculegion|Surf|p1a: Epione\n|-damage|p1a: Epione|66\/100\n|\n|-heal|p2a: Basculegion|67\/100|[from] item: Leftovers\n|upkeep\n|turn|95\n|\n|t:|1700207832\n|move|p2a: Basculegion|Agility|p2a: Basculegion\n|-boost|p2a: Basculegion|spe|2\n|move|p1a: Epione|Stealth Rock||[still]\n|-fail|p1a: Epione\n|\n|-heal|p2a: Basculegion|73\/100|[from] item: Leftovers\n|upkeep\n|turn|96\n|\n|t:|1700207844\n|move|p2a: Basculegion|Agility|p2a: Basculegion\n|-boost|p2a: Basculegion|spe|2\n|move|p1a: Epione|Stealth Rock||[still]\n|-fail|p1a: Epione\n|\n|-heal|p2a: Basculegion|80\/100|[from] item: Leftovers\n|upkeep\n|turn|97\n|inactive|coppersulfate has 120 seconds left.\n|\n|t:|1700207864\n|move|p2a: Basculegion|Agility|p2a: Basculegion\n|-boost|p2a: Basculegion|spe|2\n|move|p1a: Epione|Calm Mind|p1a: Epione\n|-boost|p1a: Epione|spa|1\n|-boost|p1a: Epione|spd|1\n|\n|-heal|p2a: Basculegion|86\/100|[from] item: Leftovers\n|upkeep\n|turn|98\n|inactive|coppersulfate has 120 seconds left.\n|\n|t:|1700207870\n|move|p2a: Basculegion|Agility|p2a: Basculegion\n|-boost|p2a: Basculegion|spe|0\n|move|p1a: Epione|Stealth Rock||[still]\n|-fail|p1a: Epione\n|\n|-heal|p2a: Basculegion|92\/100|[from] item: Leftovers\n|upkeep\n|turn|99\n|inactive|coppersulfate has 120 seconds left.\n|\n|t:|1700207876\n|move|p2a: Basculegion|Agility|p2a: Basculegion\n|-boost|p2a: Basculegion|spe|0\n|move|p1a: Epione|Stealth Rock||[still]\n|-fail|p1a: Epione\n|\n|-heal|p2a: Basculegion|98\/100|[from] item: Leftovers\n|upkeep\n|turn|100\n|\n|t:|1700207881\n|switch|p2a: Corviknight|Corviknight, F|71\/100\n|-damage|p2a: Corviknight|59\/100|[from] Stealth Rock\n|-ability|p2a: Corviknight|Pressure\n|move|p1a: Epione|Stealth Rock||[still]\n|-fail|p1a: Epione\n|\n|upkeep\n|turn|101\n|\n|t:|1700207887\n|switch|p1a: Fish|Alomomola, M, shiny|100\/100\n|-damage|p1a: Fish|76\/100|[from] Spikes\n|-damage|p1a: Fish|63\/100|[from] Stealth Rock\n|move|p2a: Corviknight|Roost|p2a: Corviknight\n|-heal|p2a: Corviknight|100\/100\n|-singleturn|p2a: Corviknight|move: Roost\n|\n|upkeep\n|turn|102\n|\n|t:|1700207894\n|move|p2a: Corviknight|U-turn|p1a: Fish\n|-damage|p1a: Fish|56\/100\n|\n|t:|1700207896\n|switch|p2a: Clodsire|Clodsire, M|88\/100|[from] U-turn\n|-damage|p2a: Clodsire|63\/100|[from] Spikes\n|-damage|p2a: Clodsire|57\/100|[from] Stealth Rock\n|move|p1a: Fish|Whirlpool|p2a: Clodsire\n|-heal|p2a: Clodsire|82\/100|[from] ability: Water Absorb|[of] p1a: Fish\n|\n|-heal|p2a: Clodsire|88\/100|[from] item: Black Sludge\n|upkeep\n|turn|103\n|\n|t:|1700207907\n|switch|p1a: Relic|Ting-Lu|97\/100 slp\n|-ability|p1a: Relic|Vessel of Ruin\n|switch|p2a: Tyranitar|Tyranitar, M|63\/100\n|-damage|p2a: Tyranitar|38\/100|[from] Spikes\n|-damage|p2a: Tyranitar|26\/100|[from] Stealth Rock\n|-weather|Sandstorm|[from] ability: Sand Stream|[of] p2a: Tyranitar\n|\n|-weather|Sandstorm|[upkeep]\n|-heal|p2a: Tyranitar|32\/100|[from] item: Leftovers\n|upkeep\n|turn|104\n|\n|t:|1700207922\n|switch|p1a: Mimic|Ditto, shiny|100\/100\n|-damage|p1a: Mimic|88\/100|[from] Stealth Rock\n|-transform|p1a: Mimic|p2a: Tyranitar|[from] ability: Imposter\n|-item|p1a: Mimic|Air Balloon\n|move|p2a: Tyranitar|Knock Off|p1a: Mimic\n|-resisted|p1a: Mimic\n|-damage|p1a: Mimic|64\/100\n|-enditem|p1a: Mimic|Air Balloon\n|\n|-weather|Sandstorm|[upkeep]\n|-heal|p2a: Tyranitar|38\/100|[from] item: Leftovers\n|upkeep\n|turn|105\n|\n|t:|1700207934\n|switch|p2a: Corviknight|Corviknight, F|100\/100\n|-damage|p2a: Corviknight|88\/100|[from] Stealth Rock\n|-ability|p2a: Corviknight|Pressure\n|move|p1a: Mimic|Knock Off|p2a: Corviknight\n|-damage|p2a: Corviknight|56\/100\n|-damage|p1a: Mimic|48\/100|[from] item: Rocky Helmet|[of] p2a: Corviknight\n|-enditem|p2a: Corviknight|Rocky Helmet|[from] move: Knock Off|[of] p1a: Mimic\n|\n|-weather|Sandstorm|[upkeep]\n|upkeep\n|turn|106\n|\n|t:|1700207943\n|switch|p1a: Fish|Alomomola, M, shiny|89\/100\n|-damage|p1a: Fish|64\/100|[from] Spikes\n|-damage|p1a: Fish|52\/100|[from] Stealth Rock\n|move|p2a: Corviknight|Roost|p2a: Corviknight\n|-heal|p2a: Corviknight|100\/100\n|-singleturn|p2a: Corviknight|move: Roost\n|\n|-weather|Sandstorm|[upkeep]\n|-damage|p1a: Fish|46\/100|[from] Sandstorm\n|upkeep\n|turn|107\n|\n|t:|1700207947\n|move|p2a: Corviknight|U-turn|p1a: Fish\n|-damage|p1a: Fish|38\/100\n|\n|t:|1700207950\n|switch|p2a: Clodsire|Clodsire, M|88\/100|[from] U-turn\n|-damage|p2a: Clodsire|63\/100|[from] Spikes\n|-damage|p2a: Clodsire|57\/100|[from] Stealth Rock\n|move|p1a: Fish|Wish|p1a: Fish\n|\n|-weather|none\n|-heal|p2a: Clodsire|63\/100|[from] item: Black Sludge\n|upkeep\n|turn|108\n|\n|t:|1700207957\n|move|p1a: Fish|Protect|p1a: Fish\n|-singleturn|p1a: Fish|Protect\n|move|p2a: Clodsire|Acid Spray|p1a: Fish\n|-activate|p1a: Fish|move: Protect\n|\n|-heal|p1a: Fish|88\/100|[from] move: Wish|[wisher] Fish\n|-heal|p2a: Clodsire|69\/100|[from] item: Black Sludge\n|upkeep\n|turn|109\n|\n|t:|1700207966\n|switch|p1a: Relic|Ting-Lu|97\/100 slp\n|-ability|p1a: Relic|Vessel of Ruin\n|move|p2a: Clodsire|Acid Spray|p1a: Relic\n|-resisted|p1a: Relic\n|-damage|p1a: Relic|96\/100 slp\n|-unboost|p1a: Relic|spd|2\n|\n|-heal|p2a: Clodsire|75\/100|[from] item: Black Sludge\n|upkeep\n|turn|110\n|\n|t:|1700207973\n|switch|p2a: Corviknight|Corviknight, F|100\/100\n|-damage|p2a: Corviknight|88\/100|[from] Stealth Rock\n|-ability|p2a: Corviknight|Pressure\n|-curestatus|p1a: Relic|slp|[msg]\n|move|p1a: Relic|Earthquake|p2a: Corviknight\n|-immune|p2a: Corviknight\n|\n|upkeep\n|turn|111\n|\n|t:|1700207982\n|switch|p1a: Fish|Alomomola, M, shiny|100\/100\n|-damage|p1a: Fish|76\/100|[from] Spikes\n|-damage|p1a: Fish|63\/100|[from] Stealth Rock\n|move|p2a: Corviknight|Iron Defense|p2a: Corviknight\n|-boost|p2a: Corviknight|def|2\n|\n|upkeep\n|turn|112\n|\n|t:|1700207991\n|move|p2a: Corviknight|Body Press|p1a: Fish\n|-damage|p1a: Fish|44\/100\n|move|p1a: Fish|Whirlpool|p2a: Corviknight|[miss]\n|-miss|p1a: Fish|p2a: Corviknight\n|\n|upkeep\n|turn|113\n|\n|t:|1700207996\n|move|p2a: Corviknight|Iron Defense|p2a: Corviknight\n|-boost|p2a: Corviknight|def|2\n|move|p1a: Fish|Wish|p1a: Fish\n|\n|upkeep\n|turn|114\n|\n|t:|1700208008\n|switch|p1a: Venomous love|Toxapex, F, shiny|46\/100\n|-damage|p1a: Venomous love|21\/100|[from] Spikes\n|-damage|p1a: Venomous love|9\/100|[from] Stealth Rock\n|move|p2a: Corviknight|Iron Defense|p2a: Corviknight\n|-boost|p2a: Corviknight|def|2\n|\n|-heal|p1a: Venomous love|97\/100|[from] move: Wish|[wisher] Fish\n|upkeep\n|turn|115\n|\n|t:|1700208016\n|move|p2a: Corviknight|U-turn|p1a: Venomous love\n|-resisted|p1a: Venomous love\n|-damage|p1a: Venomous love|92\/100\n|\n|t:|1700208018\n|switch|p2a: Clodsire|Clodsire, M|75\/100|[from] U-turn\n|-damage|p2a: Clodsire|50\/100|[from] Spikes\n|-damage|p2a: Clodsire|44\/100|[from] Stealth Rock\n|move|p1a: Venomous love|Haze|p1a: Venomous love\n|-clearallboost\n|\n|-heal|p2a: Clodsire|50\/100|[from] item: Black Sludge\n|upkeep\n|turn|116\n|\n|t:|1700208025\n|move|p1a: Venomous love|Toxic Spikes|p2a: Clodsire\n|-sidestart|p2: Dadben|move: Toxic Spikes\n|move|p2a: Clodsire|Recover|p2a: Clodsire\n|-heal|p2a: Clodsire|100\/100\n|\n|upkeep\n|turn|117\n|\n|t:|1700208051\n|switch|p1a: Relic|Ting-Lu|96\/100\n|-ability|p1a: Relic|Vessel of Ruin\n|move|p2a: Clodsire|Earthquake|p1a: Relic\n|-damage|p1a: Relic|81\/100\n|\n|upkeep\n|turn|118\n|\n|t:|1700208063\n|switch|p2a: Corviknight|Corviknight, F|88\/100\n|-damage|p2a: Corviknight|76\/100|[from] Stealth Rock\n|-ability|p2a: Corviknight|Pressure\n|move|p1a: Relic|Spikes||[still]\n|-fail|p1a: Relic\n|\n|upkeep\n|turn|119\n|\n|t:|1700208073\n|switch|p1a: Venomous love|Toxapex, F, shiny|100\/100\n|-damage|p1a: Venomous love|76\/100|[from] Spikes\n|-damage|p1a: Venomous love|64\/100|[from] Stealth Rock\n|move|p2a: Corviknight|Iron Defense|p2a: Corviknight\n|-boost|p2a: Corviknight|def|2\n|\n|upkeep\n|turn|120\n|\n|t:|1700208079\n|move|p2a: Corviknight|Body Press|p1a: Venomous love\n|-resisted|p1a: Venomous love\n|-damage|p1a: Venomous love|52\/100\n|move|p1a: Venomous love|Haze|p1a: Venomous love\n|-clearallboost\n|\n|upkeep\n|turn|121\n|\n|t:|1700208088\n|move|p2a: Corviknight|U-turn|p1a: Venomous love\n|-resisted|p1a: Venomous love\n|-damage|p1a: Venomous love|48\/100\n|\n|t:|1700208090\n|switch|p2a: Clodsire|Clodsire, M|100\/100|[from] U-turn\n|-damage|p2a: Clodsire|75\/100|[from] Spikes\n|-damage|p2a: Clodsire|69\/100|[from] Stealth Rock\n|-sideend|p2: Dadben|move: Toxic Spikes|[of] p2a: Clodsire\n|move|p1a: Venomous love|Toxic Spikes|p2a: Clodsire\n|-sidestart|p2: Dadben|move: Toxic Spikes\n|\n|-heal|p2a: Clodsire|75\/100|[from] item: Black Sludge\n|upkeep\n|turn|122\n|\n|t:|1700208098\n|switch|p1a: Relic|Ting-Lu|81\/100\n|-ability|p1a: Relic|Vessel of Ruin\n|move|p2a: Clodsire|Earthquake|p1a: Relic\n|-damage|p1a: Relic|67\/100\n|\n|-heal|p2a: Clodsire|82\/100|[from] item: Black Sludge\n|upkeep\n|turn|123\n|\n|t:|1700208108\n|switch|p2a: Corviknight|Corviknight, F|76\/100\n|-damage|p2a: Corviknight|64\/100|[from] Stealth Rock\n|-ability|p2a: Corviknight|Pressure\n|move|p1a: Relic|Spikes||[still]\n|-fail|p1a: Relic\n|\n|upkeep\n|turn|124\n|\n|t:|1700208121\n|switch|p1a: Venomous love|Toxapex, F, shiny|82\/100\n|-damage|p1a: Venomous love|57\/100|[from] Spikes\n|-damage|p1a: Venomous love|45\/100|[from] Stealth Rock\n|move|p2a: Corviknight|Iron Defense|p2a: Corviknight\n|-boost|p2a: Corviknight|def|2\n|\n|upkeep\n|turn|125\n|\n|t:|1700208134\n|move|p2a: Corviknight|Body Press|p1a: Venomous love\n|-resisted|p1a: Venomous love\n|-crit|p1a: Venomous love\n|-damage|p1a: Venomous love|26\/100\n|move|p1a: Venomous love|Recover|p1a: Venomous love\n|-heal|p1a: Venomous love|76\/100\n|\n|upkeep\n|turn|126\n|\n|t:|1700208139\n|move|p2a: Corviknight|Iron Defense|p2a: Corviknight\n|-boost|p2a: Corviknight|def|2\n|move|p1a: Venomous love|Haze|p1a: Venomous love\n|-clearallboost\n|\n|upkeep\n|turn|127\n|\n|t:|1700208144\n|move|p2a: Corviknight|U-turn|p1a: Venomous love\n|-resisted|p1a: Venomous love\n|-damage|p1a: Venomous love|72\/100\n|\n|t:|1700208146\n|switch|p2a: Clodsire|Clodsire, M|82\/100|[from] U-turn\n|-damage|p2a: Clodsire|57\/100|[from] Spikes\n|-damage|p2a: Clodsire|50\/100|[from] Stealth Rock\n|-sideend|p2: Dadben|move: Toxic Spikes|[of] p2a: Clodsire\n|move|p1a: Venomous love|Toxic Spikes|p2a: Clodsire\n|-sidestart|p2: Dadben|move: Toxic Spikes\n|\n|-heal|p2a: Clodsire|57\/100|[from] item: Black Sludge\n|upkeep\n|turn|128\n|\n|t:|1700208153\n|switch|p1a: Relic|Ting-Lu|67\/100\n|-ability|p1a: Relic|Vessel of Ruin\n|move|p2a: Clodsire|Acid Spray|p1a: Relic\n|-resisted|p1a: Relic\n|-damage|p1a: Relic|65\/100\n|-unboost|p1a: Relic|spd|2\n|\n|-heal|p2a: Clodsire|63\/100|[from] item: Black Sludge\n|upkeep\n|turn|129\n|\n|t:|1700208160\n|switch|p2a: Corviknight|Corviknight, F|64\/100\n|-damage|p2a: Corviknight|51\/100|[from] Stealth Rock\n|-ability|p2a: Corviknight|Pressure\n|move|p1a: Relic|Rest|p1a: Relic\n|-status|p1a: Relic|slp|[from] move: Rest\n|-heal|p1a: Relic|100\/100 slp|[silent]\n|\n|upkeep\n|turn|130\n|\n|t:|1700208164\n|switch|p1a: Venomous love|Toxapex, F, shiny|100\/100\n|-damage|p1a: Venomous love|76\/100|[from] Spikes\n|-damage|p1a: Venomous love|64\/100|[from] Stealth Rock\n|move|p2a: Corviknight|U-turn|p1a: Venomous love\n|-resisted|p1a: Venomous love\n|-damage|p1a: Venomous love|59\/100\n|\n|t:|1700208167\n|switch|p2a: Clodsire|Clodsire, M|63\/100|[from] U-turn\n|-damage|p2a: Clodsire|38\/100|[from] Spikes\n|-damage|p2a: Clodsire|32\/100|[from] Stealth Rock\n|-sideend|p2: Dadben|move: Toxic Spikes|[of] p2a: Clodsire\n|\n|-heal|p2a: Clodsire|38\/100|[from] item: Black Sludge\n|upkeep\n|turn|131\n|\n|t:|1700208170\n|switch|p1a: Relic|Ting-Lu|100\/100 slp\n|-ability|p1a: Relic|Vessel of Ruin\n|move|p2a: Clodsire|Recover|p2a: Clodsire\n|-heal|p2a: Clodsire|88\/100\n|\n|-heal|p2a: Clodsire|94\/100|[from] item: Black Sludge\n|upkeep\n|turn|132\n|\n|t:|1700208175\n|cant|p1a: Relic|slp\n|move|p2a: Clodsire|Acid Spray|p1a: Relic\n|-resisted|p1a: Relic\n|-damage|p1a: Relic|99\/100 slp\n|-unboost|p1a: Relic|spd|2\n|\n|-heal|p2a: Clodsire|100\/100|[from] item: Black Sludge\n|upkeep\n|turn|133\n|\n|t:|1700208180\n|switch|p2a: Basculegion|Basculegion-F, F|98\/100\n|-damage|p2a: Basculegion|73\/100|[from] Spikes\n|-damage|p2a: Basculegion|60\/100|[from] Stealth Rock\n|cant|p1a: Relic|slp\n|\n|-heal|p2a: Basculegion|66\/100|[from] item: Leftovers\n|upkeep\n|turn|134\n|\n|t:|1700208186\n|switch|p2a: Barraskewda|Barraskewda, M|100\/100\n|switch|p1a: Epione|Blissey, F, shiny|66\/100\n|\n|upkeep\n|turn|135\n|\n|t:|1700208201\n|switch|p1a: Catfish|Dondozo, F, shiny|60\/100\n|move|p2a: Barraskewda|Close Combat|p1a: Catfish\n|-damage|p1a: Catfish|42\/100\n|-unboost|p2a: Barraskewda|def|1\n|-unboost|p2a: Barraskewda|spd|1\n|\n|upkeep\n|turn|136\n|\n|t:|1700208208\n|move|p2a: Barraskewda|Flip Turn|p1a: Catfish\n|-resisted|p1a: Catfish\n|-damage|p1a: Catfish|35\/100\n|\n|t:|1700208210\n|switch|p2a: Corviknight|Corviknight, F|51\/100|[from] Flip Turn\n|-damage|p2a: Corviknight|39\/100|[from] Stealth Rock\n|-ability|p2a: Corviknight|Pressure\n|move|p1a: Catfish|Rest|p1a: Catfish\n|-status|p1a: Catfish|slp|[from] move: Rest\n|-heal|p1a: Catfish|100\/100 slp|[silent]\n|\n|upkeep\n|turn|137\n|\n|t:|1700208221\n|move|p2a: Corviknight|Roost|p2a: Corviknight\n|-heal|p2a: Corviknight|89\/100\n|-singleturn|p2a: Corviknight|move: Roost\n|cant|p1a: Catfish|slp\n|move|p1a: Catfish|Sleep Talk|p1a: Catfish\n|move|p1a: Catfish|Avalanche|p2a: Corviknight|[from]move: Sleep Talk\n|-resisted|p2a: Corviknight\n|-damage|p2a: Corviknight|84\/100\n|\n|upkeep\n|turn|138\n|\n|t:|1700208231\n|switch|p2a: Clodsire|Clodsire, M|100\/100\n|-damage|p2a: Clodsire|75\/100|[from] Spikes\n|-damage|p2a: Clodsire|69\/100|[from] Stealth Rock\n|switch|p1a: Venomous love|Toxapex, F, shiny|93\/100\n|-damage|p1a: Venomous love|68\/100|[from] Spikes\n|-damage|p1a: Venomous love|56\/100|[from] Stealth Rock\n|\n|-heal|p2a: Clodsire|75\/100|[from] item: Black Sludge\n|upkeep\n|turn|139\n|\n|t:|1700208244\n|switch|p1a: Relic|Ting-Lu|99\/100 slp\n|-ability|p1a: Relic|Vessel of Ruin\n|move|p2a: Clodsire|Earthquake|p1a: Relic\n|-damage|p1a: Relic|85\/100 slp\n|\n|-heal|p2a: Clodsire|82\/100|[from] item: Black Sludge\n|upkeep\n|turn|140\n|\n|t:|1700208253\n|-curestatus|p1a: Relic|slp|[msg]\n|move|p1a: Relic|Spikes||[still]\n|-fail|p1a: Relic\n|move|p2a: Clodsire|Acid Spray|p1a: Relic\n|-resisted|p1a: Relic\n|-damage|p1a: Relic|83\/100\n|-unboost|p1a: Relic|spd|2\n|\n|-heal|p2a: Clodsire|88\/100|[from] item: Black Sludge\n|upkeep\n|turn|141\n|\n|t:|1700208260\n|switch|p2a: Corviknight|Corviknight, F|84\/100\n|-damage|p2a: Corviknight|72\/100|[from] Stealth Rock\n|-ability|p2a: Corviknight|Pressure\n|move|p1a: Relic|Spikes||[still]\n|-fail|p1a: Relic\n|\n|upkeep\n|turn|142\n|\n|t:|1700208270\n|switch|p2a: Barraskewda|Barraskewda, M|100\/100\n|switch|p1a: Venomous love|Toxapex, F, shiny|89\/100\n|-damage|p1a: Venomous love|64\/100|[from] Spikes\n|-damage|p1a: Venomous love|52\/100|[from] Stealth Rock\n|\n|upkeep\n|turn|143\n|\n|t:|1700208274\n|switch|p1a: Catfish|Dondozo, F, shiny|100\/100 slp\n|move|p2a: Barraskewda|Psychic Fangs|p1a: Catfish\n|-damage|p1a: Catfish|88\/100 slp\n|\n|upkeep\n|turn|144\n|\n|t:|1700208281\n|move|p2a: Barraskewda|Flip Turn|p1a: Catfish\n|-resisted|p1a: Catfish\n|-damage|p1a: Catfish|81\/100 slp\n|\n|t:|1700208284\n|switch|p2a: Corviknight|Corviknight, F|72\/100|[from] Flip Turn\n|-damage|p2a: Corviknight|59\/100|[from] Stealth Rock\n|-ability|p2a: Corviknight|Pressure\n|cant|p1a: Catfish|slp\n|move|p1a: Catfish|Sleep Talk|p1a: Catfish\n|move|p1a: Catfish|Avalanche|p2a: Corviknight|[from]move: Sleep Talk\n|-damage|p2a: Corviknight|48\/100\n|\n|upkeep\n|turn|145\n|\n|t:|1700208293\n|switch|p1a: Venomous love|Toxapex, F, shiny|85\/100\n|-damage|p1a: Venomous love|61\/100|[from] Spikes\n|-damage|p1a: Venomous love|48\/100|[from] Stealth Rock\n|move|p2a: Corviknight|Roost|p2a: Corviknight\n|-heal|p2a: Corviknight|98\/100\n|-singleturn|p2a: Corviknight|move: Roost\n|\n|upkeep\n|turn|146\n|\n|t:|1700208301\n|switch|p2a: Clodsire|Clodsire, M|88\/100\n|-damage|p2a: Clodsire|63\/100|[from] Spikes\n|-damage|p2a: Clodsire|57\/100|[from] Stealth Rock\n|move|p1a: Venomous love|Toxic Spikes|p2a: Clodsire\n|-sidestart|p2: Dadben|move: Toxic Spikes\n|\n|-heal|p2a: Clodsire|63\/100|[from] item: Black Sludge\n|upkeep\n|turn|147\n|\n|t:|1700208307\n|switch|p1a: Relic|Ting-Lu|83\/100\n|-ability|p1a: Relic|Vessel of Ruin\n|switch|p2a: Corviknight|Corviknight, F|98\/100\n|-damage|p2a: Corviknight|86\/100|[from] Stealth Rock\n|-ability|p2a: Corviknight|Pressure\n|\n|upkeep\n|turn|148\n|\n|t:|1700208314\n|switch|p1a: Venomous love|Toxapex, F, shiny|82\/100\n|-damage|p1a: Venomous love|57\/100|[from] Spikes\n|-damage|p1a: Venomous love|45\/100|[from] Stealth Rock\n|move|p2a: Corviknight|U-turn|p1a: Venomous love\n|-resisted|p1a: Venomous love\n|-damage|p1a: Venomous love|40\/100\n|\n|t:|1700208319\n|switch|p2a: Clodsire|Clodsire, M|63\/100|[from] U-turn\n|-damage|p2a: Clodsire|38\/100|[from] Spikes\n|-damage|p2a: Clodsire|32\/100|[from] Stealth Rock\n|-sideend|p2: Dadben|move: Toxic Spikes|[of] p2a: Clodsire\n|\n|-heal|p2a: Clodsire|38\/100|[from] item: Black Sludge\n|upkeep\n|turn|149\n|\n|t:|1700208323\n|switch|p1a: Relic|Ting-Lu|83\/100\n|-ability|p1a: Relic|Vessel of Ruin\n|move|p2a: Clodsire|Recover|p2a: Clodsire\n|-heal|p2a: Clodsire|88\/100\n|\n|-heal|p2a: Clodsire|94\/100|[from] item: Black Sludge\n|upkeep\n|turn|150\n|\n|t:|1700208330\n|switch|p2a: Corviknight|Corviknight, F|86\/100\n|-damage|p2a: Corviknight|74\/100|[from] Stealth Rock\n|-ability|p2a: Corviknight|Pressure\n|move|p1a: Relic|Spikes||[still]\n|-fail|p1a: Relic\n|\n|upkeep\n|turn|151\n|\n|t:|1700208337\n|switch|p1a: Venomous love|Toxapex, F, shiny|74\/100\n|-damage|p1a: Venomous love|49\/100|[from] Spikes\n|-damage|p1a: Venomous love|37\/100|[from] Stealth Rock\n|move|p2a: Corviknight|Body Press|p1a: Venomous love\n|-resisted|p1a: Venomous love\n|-damage|p1a: Venomous love|31\/100\n|\n|upkeep\n|turn|152\n|\n|t:|1700208345\n|move|p2a: Corviknight|Iron Defense|p2a: Corviknight\n|-boost|p2a: Corviknight|def|2\n|move|p1a: Venomous love|Recover|p1a: Venomous love\n|-heal|p1a: Venomous love|81\/100\n|\n|upkeep\n|turn|153\n|\n|t:|1700208348\n|move|p2a: Corviknight|Body Press|p1a: Venomous love\n|-resisted|p1a: Venomous love\n|-damage|p1a: Venomous love|69\/100\n|move|p1a: Venomous love|Haze|p1a: Venomous love\n|-clearallboost\n|\n|upkeep\n|turn|154\n|\n|t:|1700208352\n|move|p2a: Corviknight|U-turn|p1a: Venomous love\n|-resisted|p1a: Venomous love\n|-damage|p1a: Venomous love|65\/100\n|\n|t:|1700208354\n|switch|p2a: Clodsire|Clodsire, M|94\/100|[from] U-turn\n|-damage|p2a: Clodsire|69\/100|[from] Spikes\n|-damage|p2a: Clodsire|63\/100|[from] Stealth Rock\n|move|p1a: Venomous love|Toxic Spikes|p2a: Clodsire\n|-sidestart|p2: Dadben|move: Toxic Spikes\n|\n|-heal|p2a: Clodsire|69\/100|[from] item: Black Sludge\n|upkeep\n|turn|155\n|\n|t:|1700208360\n|switch|p1a: Relic|Ting-Lu|83\/100\n|-ability|p1a: Relic|Vessel of Ruin\n|move|p2a: Clodsire|Acid Spray|p1a: Relic\n|-resisted|p1a: Relic\n|-damage|p1a: Relic|82\/100\n|-unboost|p1a: Relic|spd|2\n|\n|-heal|p2a: Clodsire|75\/100|[from] item: Black Sludge\n|upkeep\n|turn|156\n|\n|t:|1700208368\n|switch|p2a: Corviknight|Corviknight, F|74\/100\n|-damage|p2a: Corviknight|61\/100|[from] Stealth Rock\n|-ability|p2a: Corviknight|Pressure\n|move|p1a: Relic|Spikes||[still]\n|-fail|p1a: Relic\n|\n|upkeep\n|turn|157\n|\n|t:|1700208375\n|switch|p1a: Venomous love|Toxapex, F, shiny|98\/100\n|-damage|p1a: Venomous love|73\/100|[from] Spikes\n|-damage|p1a: Venomous love|61\/100|[from] Stealth Rock\n|move|p2a: Corviknight|Body Press|p1a: Venomous love\n|-resisted|p1a: Venomous love\n|-damage|p1a: Venomous love|56\/100\n|\n|upkeep\n|turn|158\n|\n|t:|1700208386\n|move|p2a: Corviknight|U-turn|p1a: Venomous love\n|-resisted|p1a: Venomous love\n|-damage|p1a: Venomous love|52\/100\n|\n|t:|1700208415\n|switch|p2a: Clodsire|Clodsire, M|75\/100|[from] U-turn\n|-damage|p2a: Clodsire|50\/100|[from] Spikes\n|-damage|p2a: Clodsire|44\/100|[from] Stealth Rock\n|-sideend|p2: Dadben|move: Toxic Spikes|[of] p2a: Clodsire\n|move|p1a: Venomous love|Toxic|p2a: Clodsire\n|-immune|p2a: Clodsire\n|\n|-heal|p2a: Clodsire|50\/100|[from] item: Black Sludge\n|upkeep\n|turn|159\n|\n|t:|1700208422\n|switch|p1a: Relic|Ting-Lu|82\/100\n|-ability|p1a: Relic|Vessel of Ruin\n|move|p2a: Clodsire|Recover|p2a: Clodsire\n|-heal|p2a: Clodsire|100\/100\n|\n|upkeep\n|turn|160\n|\n|t:|1700208429\n|move|p1a: Relic|Earthquake|p2a: Clodsire\n|-supereffective|p2a: Clodsire\n|-damage|p2a: Clodsire|50\/100\n|move|p2a: Clodsire|Acid Spray|p1a: Relic\n|-resisted|p1a: Relic\n|-damage|p1a: Relic|80\/100\n|-unboost|p1a: Relic|spd|2\n|\n|-heal|p2a: Clodsire|56\/100|[from] item: Black Sludge\n|upkeep\n|turn|161\n|\n|t:|1700208437\n|switch|p2a: Corviknight|Corviknight, F|61\/100\n|-damage|p2a: Corviknight|49\/100|[from] Stealth Rock\n|-ability|p2a: Corviknight|Pressure\n|move|p1a: Relic|Protect||[still]\n|-fail|p1a: Relic\n|\n|upkeep\n|turn|162\n|\n|t:|1700208447\n|switch|p1a: Fish|Alomomola, M, shiny|78\/100\n|-damage|p1a: Fish|53\/100|[from] Spikes\n|-damage|p1a: Fish|40\/100|[from] Stealth Rock\n|move|p2a: Corviknight|Roost|p2a: Corviknight\n|-heal|p2a: Corviknight|99\/100\n|-singleturn|p2a: Corviknight|move: Roost\n|\n|upkeep\n|turn|163\n|\n|t:|1700208456\n|move|p2a: Corviknight|Iron Defense|p2a: Corviknight\n|-boost|p2a: Corviknight|def|2\n|move|p1a: Fish|Wish|p1a: Fish\n|\n|upkeep\n|turn|164\n|\n|t:|1700208467\n|move|p2a: Corviknight|Body Press|p1a: Fish\n|-damage|p1a: Fish|20\/100\n|move|p1a: Fish|Whirlpool|p2a: Corviknight\n|-damage|p2a: Corviknight|95\/100\n|-activate|p2a: Corviknight|move: Whirlpool|[of] p1a: Fish\n|\n|-heal|p1a: Fish|70\/100|[from] move: Wish|[wisher] Fish\n|-damage|p2a: Corviknight|83\/100|[from] move: Whirlpool|[partiallytrapped]\n|upkeep\n|turn|165\n|\n|t:|1700208472\n|move|p2a: Corviknight|U-turn|p1a: Fish\n|-damage|p1a: Fish|62\/100\n|\n|t:|1700208475\n|switch|p2a: Clodsire|Clodsire, M|56\/100|[from] U-turn\n|-damage|p2a: Clodsire|31\/100|[from] Spikes\n|-damage|p2a: Clodsire|25\/100|[from] Stealth Rock\n|move|p1a: Fish|Wish|p1a: Fish\n|\n|-heal|p2a: Clodsire|31\/100|[from] item: Black Sludge\n|upkeep\n|turn|166\n|\n|t:|1700208481\n|switch|p1a: Relic|Ting-Lu|80\/100\n|-ability|p1a: Relic|Vessel of Ruin\n|move|p2a: Clodsire|Recover|p2a: Clodsire\n|-heal|p2a: Clodsire|81\/100\n|\n|-heal|p1a: Relic|100\/100|[from] move: Wish|[wisher] Fish\n|-heal|p2a: Clodsire|87\/100|[from] item: Black Sludge\n|upkeep\n|turn|167\n|\n|t:|1700208488\n|move|p1a: Relic|Spikes||[still]\n|-fail|p1a: Relic\n|move|p2a: Clodsire|Acid Spray|p1a: Relic\n|-resisted|p1a: Relic\n|-damage|p1a: Relic|99\/100\n|-unboost|p1a: Relic|spd|2\n|\n|-heal|p2a: Clodsire|93\/100|[from] item: Black Sludge\n|upkeep\n|turn|168\n|\n|t:|1700208498\n|switch|p2a: Corviknight|Corviknight, F|83\/100\n|-damage|p2a: Corviknight|71\/100|[from] Stealth Rock\n|-ability|p2a: Corviknight|Pressure\n|move|p1a: Relic|Earthquake|p2a: Corviknight\n|-immune|p2a: Corviknight\n|\n|upkeep\n|turn|169\n|\n|t:|1700208506\n|switch|p1a: Fish|Alomomola, M, shiny|95\/100\n|-damage|p1a: Fish|70\/100|[from] Spikes\n|-damage|p1a: Fish|58\/100|[from] Stealth Rock\n|move|p2a: Corviknight|U-turn|p1a: Fish\n|-damage|p1a: Fish|51\/100\n|\n|t:|1700208509\n|switch|p2a: Clodsire|Clodsire, M|93\/100|[from] U-turn\n|-damage|p2a: Clodsire|68\/100|[from] Spikes\n|-damage|p2a: Clodsire|62\/100|[from] Stealth Rock\n|\n|-heal|p2a: Clodsire|68\/100|[from] item: Black Sludge\n|upkeep\n|turn|170\n|\n|t:|1700208516\n|move|p1a: Fish|Wish|p1a: Fish\n|move|p2a: Clodsire|Spikes||[still]\n|-fail|p2a: Clodsire\n|\n|-heal|p2a: Clodsire|75\/100|[from] item: Black Sludge\n|upkeep\n|turn|171\n|inactive|coppersulfate has 120 seconds left.\n|\n|t:|1700208542\n|switch|p1a: Epione|Blissey, F, shiny|66\/100\n|move|p2a: Clodsire|Spikes||[still]\n|-fail|p2a: Clodsire\n|\n|-heal|p1a: Epione|100\/100|[from] move: Wish|[wisher] Fish\n|-heal|p2a: Clodsire|81\/100|[from] item: Black Sludge\n|upkeep\n|turn|172\n|inactive|coppersulfate has 120 seconds left.\n|\n|t:|1700208549\n|switch|p2a: Corviknight|Corviknight, F|71\/100\n|-damage|p2a: Corviknight|58\/100|[from] Stealth Rock\n|-ability|p2a: Corviknight|Pressure\n|move|p1a: Epione|Seismic Toss|p2a: Corviknight\n|-damage|p2a: Corviknight|33\/100\n|\n|upkeep\n|turn|173\n|\n|t:|1700208566\n|switch|p1a: Venomous love|Toxapex, F, shiny|85\/100\n|-damage|p1a: Venomous love|60\/100|[from] Spikes\n|-damage|p1a: Venomous love|48\/100|[from] Stealth Rock\n|move|p2a: Corviknight|Body Press|p1a: Venomous love\n|-resisted|p1a: Venomous love\n|-damage|p1a: Venomous love|42\/100\n|\n|upkeep\n|turn|174\n|\n|t:|1700208576\n|move|p2a: Corviknight|Roost|p2a: Corviknight\n|-heal|p2a: Corviknight|83\/100\n|-singleturn|p2a: Corviknight|move: Roost\n|move|p1a: Venomous love|Toxic Spikes|p2a: Corviknight\n|-sidestart|p2: Dadben|move: Toxic Spikes\n|\n|upkeep\n|turn|175\n|\n|t:|1700208587\n|move|p2a: Corviknight|Iron Defense|p2a: Corviknight\n|-boost|p2a: Corviknight|def|2\n|move|p1a: Venomous love|Recover|p1a: Venomous love\n|-heal|p1a: Venomous love|92\/100\n|\n|upkeep\n|turn|176\n|\n|t:|1700208593\n|move|p2a: Corviknight|Body Press|p1a: Venomous love\n|-resisted|p1a: Venomous love\n|-damage|p1a: Venomous love|81\/100\n|move|p1a: Venomous love|Haze|p1a: Venomous love\n|-clearallboost\n|\n|upkeep\n|turn|177\n|\n|t:|1700208611\n|move|p2a: Corviknight|U-turn|p1a: Venomous love\n|-resisted|p1a: Venomous love\n|-damage|p1a: Venomous love|77\/100\n|\n|t:|1700208614\n|switch|p2a: Clodsire|Clodsire, M|81\/100|[from] U-turn\n|-damage|p2a: Clodsire|56\/100|[from] Spikes\n|-damage|p2a: Clodsire|50\/100|[from] Stealth Rock\n|-sideend|p2: Dadben|move: Toxic Spikes|[of] p2a: Clodsire\n|move|p1a: Venomous love|Haze|p1a: Venomous love\n|-clearallboost\n|\n|-heal|p2a: Clodsire|56\/100|[from] item: Black Sludge\n|upkeep\n|turn|178\n|inactive|coppersulfate has 90 seconds left.\n|inactive|Dadben has 120 seconds left.\n|\n|t:|1700208631\n|switch|p1a: Relic|Ting-Lu|99\/100\n|-ability|p1a: Relic|Vessel of Ruin\n|move|p2a: Clodsire|Earthquake|p1a: Relic\n|-damage|p1a: Relic|85\/100\n|\n|-heal|p2a: Clodsire|62\/100|[from] item: Black Sludge\n|upkeep\n|turn|179\n|\n|t:|1700208639\n|switch|p2a: Corviknight|Corviknight, F|83\/100\n|-damage|p2a: Corviknight|71\/100|[from] Stealth Rock\n|-ability|p2a: Corviknight|Pressure\n|move|p1a: Relic|Earthquake|p2a: Corviknight\n|-immune|p2a: Corviknight\n|\n|upkeep\n|turn|180\n|inactive|Dadben has 120 seconds left.\n|\n|t:|1700208650\n|switch|p1a: Catfish|Dondozo, F, shiny|81\/100 slp\n|move|p2a: Corviknight|U-turn|p1a: Catfish\n|-damage|p1a: Catfish|75\/100 slp\n|inactive|Dadben has 120 seconds left.\n|\n|t:|1700208655\n|switch|p2a: Clodsire|Clodsire, M|62\/100|[from] U-turn\n|-damage|p2a: Clodsire|37\/100|[from] Spikes\n|-damage|p2a: Clodsire|31\/100|[from] Stealth Rock\n|\n|-heal|p2a: Clodsire|37\/100|[from] item: Black Sludge\n|upkeep\n|turn|181\n|\n|t:|1700208661\n|-curestatus|p1a: Catfish|slp|[msg]\n|move|p1a: Catfish|Sleep Talk||[still]\n|-fail|p1a: Catfish\n|move|p2a: Clodsire|Acid Spray|p1a: Catfish\n|-damage|p1a: Catfish|67\/100\n|-unboost|p1a: Catfish|spd|2\n|\n|-heal|p2a: Clodsire|43\/100|[from] item: Black Sludge\n|upkeep\n|turn|182\n|inactive|Dadben has 120 seconds left.\n|\n|t:|1700208672\n|move|p2a: Clodsire|Spikes||[still]\n|-fail|p2a: Clodsire\n|move|p1a: Catfish|Avalanche|p2a: Clodsire\n|-supereffective|p2a: Clodsire\n|-damage|p2a: Clodsire|23\/100\n|\n|-heal|p2a: Clodsire|29\/100|[from] item: Black Sludge\n|upkeep\n|turn|183\n|\n|t:|1700208681\n|switch|p2a: Basculegion|Basculegion-F, F|66\/100\n|-damage|p2a: Basculegion|41\/100|[from] Spikes\n|-damage|p2a: Basculegion|29\/100|[from] Stealth Rock\n|move|p1a: Catfish|Avalanche|p2a: Basculegion\n|-resisted|p2a: Basculegion\n|-damage|p2a: Basculegion|20\/100\n|\n|-heal|p2a: Basculegion|26\/100|[from] item: Leftovers\n|upkeep\n|turn|184\n|\n|t:|1700208689\n|switch|p1a: Epione|Blissey, F, shiny|100\/100\n|move|p2a: Basculegion|Substitute|p2a: Basculegion\n|-start|p2a: Basculegion|Substitute\n|-damage|p2a: Basculegion|1\/100\n|\n|-heal|p2a: Basculegion|7\/100|[from] item: Leftovers\n|upkeep\n|turn|185\n|\n|t:|1700208695\n|move|p2a: Basculegion|Agility|p2a: Basculegion\n|-boost|p2a: Basculegion|spe|2\n|move|p1a: Epione|Calm Mind|p1a: Epione\n|-boost|p1a: Epione|spa|1\n|-boost|p1a: Epione|spd|1\n|\n|-heal|p2a: Basculegion|13\/100|[from] item: Leftovers\n|upkeep\n|turn|186\n|\n|t:|1700208699\n|move|p2a: Basculegion|Agility|p2a: Basculegion\n|-boost|p2a: Basculegion|spe|2\n|move|p1a: Epione|Calm Mind|p1a: Epione\n|-boost|p1a: Epione|spa|1\n|-boost|p1a: Epione|spd|1\n|\n|-heal|p2a: Basculegion|19\/100|[from] item: Leftovers\n|upkeep\n|turn|187\n|\n|t:|1700208704\n|move|p2a: Basculegion|Agility|p2a: Basculegion\n|-boost|p2a: Basculegion|spe|2\n|move|p1a: Epione|Calm Mind|p1a: Epione\n|-boost|p1a: Epione|spa|1\n|-boost|p1a: Epione|spd|1\n|\n|-heal|p2a: Basculegion|25\/100|[from] item: Leftovers\n|upkeep\n|turn|188\n|\n|t:|1700208716\n|move|p2a: Basculegion|Agility|p2a: Basculegion\n|-boost|p2a: Basculegion|spe|0\n|move|p1a: Epione|Calm Mind|p1a: Epione\n|-boost|p1a: Epione|spa|1\n|-boost|p1a: Epione|spd|1\n|\n|-heal|p2a: Basculegion|31\/100|[from] item: Leftovers\n|upkeep\n|turn|189\n|inactive|coppersulfate has 60 seconds left.\n|\n|t:|1700208727\n|move|p2a: Basculegion|Agility|p2a: Basculegion\n|-boost|p2a: Basculegion|spe|0\n|move|p1a: Epione|Stealth Rock||[still]\n|-fail|p1a: Epione\n|\n|-heal|p2a: Basculegion|37\/100|[from] item: Leftovers\n|upkeep\n|turn|190\n|\n|t:|1700208737\n|move|p2a: Basculegion|Agility|p2a: Basculegion\n|-boost|p2a: Basculegion|spe|0\n|move|p1a: Epione|Seismic Toss|p2a: Basculegion\n|-immune|p2a: Basculegion\n|\n|-heal|p2a: Basculegion|43\/100|[from] item: Leftovers\n|upkeep\n|turn|191\n|\n|t:|1700208741\n|move|p2a: Basculegion|Agility|p2a: Basculegion\n|-boost|p2a: Basculegion|spe|0\n|move|p1a: Epione|Stealth Rock||[still]\n|-fail|p1a: Epione\n|\n|-heal|p2a: Basculegion|49\/100|[from] item: Leftovers\n|upkeep\n|turn|192\n|\n|t:|1700208762\n|switch|p1a: Relic|Ting-Lu|85\/100\n|-ability|p1a: Relic|Vessel of Ruin\n|move|p2a: Basculegion|Agility|p2a: Basculegion\n|-boost|p2a: Basculegion|spe|0\n|\n|-heal|p2a: Basculegion|55\/100|[from] item: Leftovers\n|upkeep\n|turn|193\n|inactive|Dadben has 120 seconds left.\n|\n|t:|1700208785\n|switch|p1a: Epione|Blissey, F, shiny|100\/100\n|move|p2a: Basculegion|Surf|p1a: Epione\n|-damage|p1a: Epione|83\/100\n|\n|-heal|p2a: Basculegion|61\/100|[from] item: Leftovers\n|upkeep\n|turn|194\n|\n|t:|1700208791\n|move|p2a: Basculegion|Agility|p2a: Basculegion\n|-boost|p2a: Basculegion|spe|0\n|move|p1a: Epione|Calm Mind|p1a: Epione\n|-boost|p1a: Epione|spa|1\n|-boost|p1a: Epione|spd|1\n|\n|-heal|p2a: Basculegion|67\/100|[from] item: Leftovers\n|upkeep\n|turn|195\n|\n|t:|1700208794\n|move|p2a: Basculegion|Agility|p2a: Basculegion\n|-boost|p2a: Basculegion|spe|0\n|move|p1a: Epione|Stealth Rock||[still]\n|-fail|p1a: Epione\n|\n|-heal|p2a: Basculegion|73\/100|[from] item: Leftovers\n|upkeep\n|turn|196\n|\n|t:|1700208799\n|move|p2a: Basculegion|Agility|p2a: Basculegion\n|-boost|p2a: Basculegion|spe|0\n|move|p1a: Epione|Calm Mind|p1a: Epione\n|-boost|p1a: Epione|spa|1\n|-boost|p1a: Epione|spd|1\n|\n|-heal|p2a: Basculegion|80\/100|[from] item: Leftovers\n|upkeep\n|turn|197\n|\n|t:|1700208805\n|move|p2a: Basculegion|Agility|p2a: Basculegion\n|-boost|p2a: Basculegion|spe|0\n|move|p1a: Epione|Stealth Rock||[still]\n|-fail|p1a: Epione\n|\n|-heal|p2a: Basculegion|86\/100|[from] item: Leftovers\n|upkeep\n|turn|198\n|\n|t:|1700208808\n|move|p2a: Basculegion|Agility|p2a: Basculegion\n|-boost|p2a: Basculegion|spe|0\n|move|p1a: Epione|Stealth Rock||[still]\n|-fail|p1a: Epione\n|\n|-heal|p2a: Basculegion|92\/100|[from] item: Leftovers\n|upkeep\n|turn|199\n|\n|t:|1700208810\n|move|p2a: Basculegion|Agility|p2a: Basculegion\n|-boost|p2a: Basculegion|spe|0\n|move|p1a: Epione|Stealth Rock||[still]\n|-fail|p1a: Epione\n|\n|-heal|p2a: Basculegion|98\/100|[from] item: Leftovers\n|upkeep\n|turn|200\n|inactive|Dadben has 120 seconds left.\n|\n|t:|1700208824\n|switch|p2a: Tyranitar|Tyranitar, M|38\/100\n|-damage|p2a: Tyranitar|13\/100|[from] Spikes\n|-damage|p2a: Tyranitar|1\/100|[from] Stealth Rock\n|-weather|Sandstorm|[from] ability: Sand Stream|[of] p2a: Tyranitar\n|move|p1a: Epione|Calm Mind|p1a: Epione\n|-boost|p1a: Epione|spa|1\n|-boost|p1a: Epione|spd|1\n|\n|-weather|Sandstorm|[upkeep]\n|-damage|p1a: Epione|77\/100|[from] Sandstorm\n|-heal|p2a: Tyranitar|7\/100|[from] item: Leftovers\n|upkeep\n|turn|201\n|\n|t:|1700208843\n|switch|p1a: Mimic|Ditto, shiny|48\/100\n|-damage|p1a: Mimic|23\/100|[from] Spikes\n|-damage|p1a: Mimic|11\/100|[from] Stealth Rock\n|-transform|p1a: Mimic|p2a: Tyranitar|[from] ability: Imposter\n|move|p2a: Tyranitar|Knock Off|p1a: Mimic\n|-resisted|p1a: Mimic\n|-damage|p1a: Mimic|0 fnt\n|faint|p1a: Mimic\n|\n|-weather|Sandstorm|[upkeep]\n|-heal|p2a: Tyranitar|13\/100|[from] item: Leftovers\n|upkeep\n|\n|t:|1700208851\n|switch|p1a: Fish|Alomomola, M, shiny|84\/100\n|-damage|p1a: Fish|59\/100|[from] Spikes\n|-damage|p1a: Fish|47\/100|[from] Stealth Rock\n|turn|202\n|inactive|Dadben has 120 seconds left.\n|\n|t:|1700208871\n|switch|p2a: Clodsire|Clodsire, M|29\/100\n|-damage|p2a: Clodsire|4\/100|[from] Spikes\n|-damage|p2a: Clodsire|0 fnt|[from] Stealth Rock\n|faint|p2a: Clodsire\n|move|p1a: Fish|Whirlpool|p2: Clodsire|[notarget]\n|-fail|p1a: Fish\n|\n|-weather|Sandstorm|[upkeep]\n|-damage|p1a: Fish|41\/100|[from] Sandstorm\n|upkeep\n|\n|t:|1700208877\n|switch|p2a: Basculegion|Basculegion-F, F|98\/100\n|-damage|p2a: Basculegion|73\/100|[from] Spikes\n|-damage|p2a: Basculegion|60\/100|[from] Stealth Rock\n|turn|203\n|\n|t:|1700208882\n|move|p1a: Fish|Protect|p1a: Fish\n|-singleturn|p1a: Fish|Protect\n|move|p2a: Basculegion|Agility|p2a: Basculegion\n|-boost|p2a: Basculegion|spe|2\n|\n|-weather|Sandstorm|[upkeep]\n|-damage|p2a: Basculegion|54\/100|[from] Sandstorm\n|-damage|p1a: Fish|34\/100|[from] Sandstorm\n|-heal|p2a: Basculegion|60\/100|[from] item: Leftovers\n|upkeep\n|turn|204\n|\n|t:|1700208889\n|switch|p1a: Epione|Blissey, F, shiny|77\/100\n|move|p2a: Basculegion|Shadow Ball|p1a: Epione\n|-immune|p1a: Epione\n|\n|-weather|none\n|-heal|p2a: Basculegion|66\/100|[from] item: Leftovers\n|upkeep\n|turn|205\n|\n|t:|1700208893\n|move|p2a: Basculegion|Agility|p2a: Basculegion\n|-boost|p2a: Basculegion|spe|2\n|move|p1a: Epione|Stealth Rock||[still]\n|-fail|p1a: Epione\n|\n|-heal|p2a: Basculegion|72\/100|[from] item: Leftovers\n|upkeep\n|turn|206\n|\n|t:|1700208898\n|move|p2a: Basculegion|Agility|p2a: Basculegion\n|-boost|p2a: Basculegion|spe|2\n|move|p1a: Epione|Stealth Rock||[still]\n|-fail|p1a: Epione\n|\n|-heal|p2a: Basculegion|78\/100|[from] item: Leftovers\n|upkeep\n|turn|207\n|inactive|coppersulfate has 30 seconds left.\n|\n|t:|1700208916\n|move|p2a: Basculegion|Agility|p2a: Basculegion\n|-boost|p2a: Basculegion|spe|0\n|move|p1a: Epione|Calm Mind|p1a: Epione\n|-boost|p1a: Epione|spa|1\n|-boost|p1a: Epione|spd|1\n|\n|-heal|p2a: Basculegion|84\/100|[from] item: Leftovers\n|upkeep\n|turn|208\n|inactive|coppersulfate has 30 seconds left this turn.\n|\n|t:|1700208923\n|move|p2a: Basculegion|Agility|p2a: Basculegion\n|-boost|p2a: Basculegion|spe|0\n|move|p1a: Epione|Calm Mind|p1a: Epione\n|-boost|p1a: Epione|spa|1\n|-boost|p1a: Epione|spd|1\n|\n|-heal|p2a: Basculegion|91\/100|[from] item: Leftovers\n|upkeep\n|turn|209\n|inactive|coppersulfate has 30 seconds left this turn.\n|\n|t:|1700208927\n|move|p2a: Basculegion|Agility|p2a: Basculegion\n|-boost|p2a: Basculegion|spe|0\n|move|p1a: Epione|Stealth Rock||[still]\n|-fail|p1a: Epione\n|\n|-heal|p2a: Basculegion|97\/100|[from] item: Leftovers\n|upkeep\n|turn|210\n|\n|t:|1700208932\n|move|p2a: Basculegion|Surf|p1a: Epione\n|-damage|p1a: Epione|67\/100\n|move|p1a: Epione|Stealth Rock||[still]\n|-fail|p1a: Epione\n|\n|-heal|p2a: Basculegion|100\/100|[from] item: Leftovers\n|upkeep\n|turn|211\n|\n|t:|1700208936\n|switch|p2a: Tyranitar|Tyranitar, M|13\/100\n|-damage|p2a: Tyranitar|0 fnt|[from] Spikes\n|faint|p2a: Tyranitar\n|move|p1a: Epione|Stealth Rock||[still]\n|-fail|p1a: Epione\n|\n|upkeep\n|\n|t:|1700208940\n|switch|p2a: Barraskewda|Barraskewda, M|100\/100\n|turn|212\n|inactive|coppersulfate has 30 seconds left.\n|\n|t:|1700208955\n|switch|p1a: Catfish|Dondozo, F, shiny|67\/100\n|move|p2a: Barraskewda|Close Combat|p1a: Catfish\n|-damage|p1a: Catfish|49\/100\n|-unboost|p2a: Barraskewda|def|1\n|-unboost|p2a: Barraskewda|spd|1\n|\n|upkeep\n|turn|213\n|inactive|coppersulfate has 30 seconds left this turn.\n|\n|t:|1700208969\n|move|p2a: Barraskewda|Flip Turn|p1a: Catfish\n|-resisted|p1a: Catfish\n|-damage|p1a: Catfish|42\/100\n|inactive|coppersulfate has 30 seconds left this turn.\n|\n|t:|1700208971\n|switch|p2a: Basculegion|Basculegion-F, F|100\/100|[from] Flip Turn\n|-damage|p2a: Basculegion|76\/100|[from] Spikes\n|-damage|p2a: Basculegion|63\/100|[from] Stealth Rock\n|move|p1a: Catfish|Rest|p1a: Catfish\n|-status|p1a: Catfish|slp|[from] move: Rest\n|-heal|p1a: Catfish|100\/100 slp|[silent]\n|\n|-heal|p2a: Basculegion|69\/100|[from] item: Leftovers\n|upkeep\n|turn|214\n|\n|t:|1700208981\n|switch|p2a: Corviknight|Corviknight, F|71\/100\n|-damage|p2a: Corviknight|59\/100|[from] Stealth Rock\n|-ability|p2a: Corviknight|Pressure\n|switch|p1a: Epione|Blissey, F, shiny|67\/100\n|\n|upkeep\n|turn|215\n|inactive|coppersulfate has 30 seconds left.\n|\n|t:|1700208988\n|switch|p1a: Venomous love|Toxapex, F, shiny|100\/100\n|-damage|p1a: Venomous love|76\/100|[from] Spikes\n|-damage|p1a: Venomous love|64\/100|[from] Stealth Rock\n|move|p2a: Corviknight|Body Press|p1a: Venomous love\n|-resisted|p1a: Venomous love\n|-damage|p1a: Venomous love|58\/100\n|\n|upkeep\n|turn|216\n|inactive|coppersulfate has 30 seconds left.\n|\n|t:|1700208995\n|move|p2a: Corviknight|Iron Defense|p2a: Corviknight\n|-boost|p2a: Corviknight|def|2\n|move|p1a: Venomous love|Toxic Spikes|p2a: Corviknight\n|-sidestart|p2: Dadben|move: Toxic Spikes\n|\n|upkeep\n|turn|217\n|inactive|coppersulfate has 30 seconds left this turn.\n|\n|t:|1700209006\n|move|p2a: Corviknight|U-turn|p1a: Venomous love\n|-resisted|p1a: Venomous love\n|-damage|p1a: Venomous love|53\/100\n|\n|t:|1700209008\n|switch|p2a: Barraskewda|Barraskewda, M|100\/100|[from] U-turn\n|move|p1a: Venomous love|Haze|p1a: Venomous love\n|-clearallboost\n|\n|upkeep\n|turn|218\n|inactive|coppersulfate has 30 seconds left.\n|\n|t:|1700209014\n|switch|p1a: Catfish|Dondozo, F, shiny|100\/100 slp\n|move|p2a: Barraskewda|Psychic Fangs|p1a: Catfish\n|-damage|p1a: Catfish|87\/100 slp\n|\n|upkeep\n|turn|219\n|\n|t:|1700209021\n|switch|p2a: Corviknight|Corviknight, F|59\/100\n|-damage|p2a: Corviknight|47\/100|[from] Stealth Rock\n|-ability|p2a: Corviknight|Pressure\n|cant|p1a: Catfish|slp\n|move|p1a: Catfish|Sleep Talk|p1a: Catfish\n|move|p1a: Catfish|Body Press|p2a: Corviknight|[from]move: Sleep Talk\n|-damage|p2a: Corviknight|22\/100\n|\n|upkeep\n|turn|220\n|inactive|coppersulfate has 30 seconds left.\n|\n|t:|1700209031\n|move|p2a: Corviknight|Iron Defense|p2a: Corviknight\n|-boost|p2a: Corviknight|def|2\n|cant|p1a: Catfish|slp\n|move|p1a: Catfish|Sleep Talk|p1a: Catfish\n|move|p1a: Catfish|Avalanche|p2a: Corviknight|[from]move: Sleep Talk\n|-damage|p2a: Corviknight|12\/100\n|\n|upkeep\n|turn|221\n|inactive|coppersulfate has 30 seconds left.\n|\n|t:|1700209039\n|move|p2a: Corviknight|Body Press|p1a: Catfish\n|-damage|p1a: Catfish|78\/100 slp\n|-curestatus|p1a: Catfish|slp|[msg]\n|move|p1a: Catfish|Sleep Talk||[still]\n|-fail|p1a: Catfish\n|\n|upkeep\n|turn|222\n|inactive|coppersulfate has 30 seconds left this turn.\n|\n|t:|1700209044\n|move|p2a: Corviknight|Iron Defense|p2a: Corviknight\n|-boost|p2a: Corviknight|def|2\n|move|p1a: Catfish|Avalanche|p2a: Corviknight\n|-damage|p2a: Corviknight|1\/100\n|\n|upkeep\n|turn|223\n|\n|t:|1700209048\n|move|p2a: Corviknight|Body Press|p1a: Catfish\n|-damage|p1a: Catfish|70\/100\n|move|p1a: Catfish|Avalanche|p2a: Corviknight\n|-damage|p2a: Corviknight|0 fnt\n|faint|p2a: Corviknight\n|\n|upkeep\n|\n|t:|1700209054\n|switch|p2a: Basculegion|Basculegion-F, F|69\/100\n|-damage|p2a: Basculegion|44\/100|[from] Spikes\n|-damage|p2a: Basculegion|32\/100|[from] Stealth Rock\n|-status|p2a: Basculegion|psn\n|turn|224\n|c|\u2606coppersulfate|gg\n|\n|t:|1700209064\n|switch|p1a: Epione|Blissey, F, shiny|67\/100\n|move|p2a: Basculegion|Shadow Ball|p1a: Epione\n|-immune|p1a: Epione\n|\n|-heal|p2a: Basculegion|38\/100 psn|[from] item: Leftovers\n|-damage|p2a: Basculegion|26\/100 psn|[from] psn\n|upkeep\n|turn|225\n|inactive|coppersulfate has 30 seconds left.\n|inactive|Dadben has 90 seconds left.\n|\n|t:|1700209069\n|move|p2a: Basculegion|Agility|p2a: Basculegion\n|-boost|p2a: Basculegion|spe|2\n|move|p1a: Epione|Soft-Boiled|p1a: Epione\n|-heal|p1a: Epione|100\/100\n|\n|-heal|p2a: Basculegion|32\/100 psn|[from] item: Leftovers\n|-damage|p2a: Basculegion|19\/100 psn|[from] psn\n|upkeep\n|turn|226\n|\n|t:|1700209074\n|switch|p2a: Barraskewda|Barraskewda, M|100\/100\n|move|p1a: Epione|Calm Mind|p1a: Epione\n|-boost|p1a: Epione|spa|1\n|-boost|p1a: Epione|spd|1\n|\n|upkeep\n|turn|227\n|inactive|coppersulfate has 30 seconds left.\n|inactive|Dadben has 90 seconds left.\n|\n|t:|1700209083\n|switch|p1a: Catfish|Dondozo, F, shiny|70\/100\n|move|p2a: Barraskewda|Close Combat|p1a: Catfish\n|-damage|p1a: Catfish|52\/100\n|-unboost|p2a: Barraskewda|def|1\n|-unboost|p2a: Barraskewda|spd|1\n|\n|upkeep\n|turn|228\n|-message|Dadben forfeited.\n|\n|win|coppersulfate\n|raw|coppersulfate's rating: 1378 &rarr; <strong>1402<\/strong><br \/>(+24 for winning)\n|raw|Dadben's rating: 1441 &rarr; <strong>1417<\/strong><br \/>(-24 for losing)\n|l|\u2606Dadben\n","uploadtime":1700209104,"views":53,"p1id":"coppersulfate","p2id":"dadben","formatid":"gen9ou","rating":1402,"private":0,"password":""}