{"id":"gen9ou-1997341279","p1":"Blaze1911","p2":"stewiegriffingoat","format":"[Gen 9] OU","log":"|j|\u2606Blaze1911\n|j|\u2606stewiegriffingoat\n|t:|1700791642\n|gametype|singles\n|player|p1|Blaze1911|102|1285\n|player|p2|stewiegriffingoat|102|1179\n|teamsize|p1|6\n|teamsize|p2|6\n|gen|9\n|tier|[Gen 9] OU\n|rated|\n|rule|Sleep Clause Mod: Limit one foe put to sleep\n|rule|Species Clause: Limit one of each Pok\u00e9mon\n|rule|OHKO Clause: OHKO moves are banned\n|rule|Evasion Items Clause: Evasion items are banned\n|rule|Evasion Moves Clause: Evasion moves are banned\n|rule|Endless Battle Clause: Forcing endless battles is banned\n|rule|HP Percentage Mod: HP is shown in percentages\n|clearpoke\n|poke|p1|Dragonite, M|\n|poke|p1|Ninetales-Alola, M|\n|poke|p1|Rillaboom, F|\n|poke|p1|Samurott-Hisui, F|\n|poke|p1|Ceruledge, M|\n|poke|p1|Great Tusk|\n|poke|p2|Gholdengo|\n|poke|p2|Great Tusk|\n|poke|p2|Rillaboom, F|\n|poke|p2|Heatran, M|\n|poke|p2|Iron Moth|\n|poke|p2|Grimmsnarl, M|\n|teampreview\n|inactive|Battle timer is ON: inactive players will automatically lose when time's up. (requested by stewiegriffingoat)\n|\n|t:|1700791652\n|start\n|switch|p1a: Ninetales|Ninetales-Alola, M, shiny|100\/100\n|switch|p2a: Rillaboom|Rillaboom, F|100\/100\n|-weather|Snow|[from] ability: Snow Warning|[of] p1a: Ninetales\n|-fieldstart|move: Grassy Terrain|[from] ability: Grassy Surge|[of] p2a: Rillaboom\n|turn|1\n|\n|t:|1700791660\n|move|p1a: Ninetales|Aurora Veil|p1a: Ninetales\n|-sidestart|p1: Blaze1911|move: Aurora Veil\n|move|p2a: Rillaboom|Wood Hammer|p1a: Ninetales\n|-damage|p1a: Ninetales|35\/100\n|-damage|p2a: Rillaboom|82\/100|[from] Recoil\n|\n|-weather|Snow|[upkeep]\n|-heal|p1a: Ninetales|41\/100|[from] Grassy Terrain\n|-heal|p2a: Rillaboom|88\/100|[from] Grassy Terrain\n|upkeep\n|turn|2\n|\n|t:|1700791668\n|switch|p2a: Heatran|Heatran, M|100\/100\n|move|p1a: Ninetales|Freeze-Dry|p2a: Heatran\n|-resisted|p2a: Heatran\n|-damage|p2a: Heatran|94\/100\n|-status|p2a: Heatran|frz\n|\n|-weather|Snow|[upkeep]\n|-heal|p1a: Ninetales|46\/100|[from] Grassy Terrain\n|-heal|p2a: Heatran|99\/100 frz|[from] Grassy Terrain\n|-heal|p2a: Heatran|100\/100 frz|[from] item: Leftovers\n|upkeep\n|turn|3\n|\n|t:|1700791672\n|switch|p1a: Samurott|Samurott-Hisui, F, shiny|100\/100\n|cant|p2a: Heatran|frz\n|\n|-weather|Snow|[upkeep]\n|upkeep\n|turn|4\n|\n|t:|1700791675\n|cant|p2a: Heatran|frz\n|move|p1a: Samurott|Focus Energy|p1a: Samurott\n|-start|p1a: Samurott|move: Focus Energy\n|\n|-weather|Snow|[upkeep]\n|upkeep\n|turn|5\n|\n|t:|1700791680\n|cant|p2a: Heatran|frz\n|move|p1a: Samurott|Aqua Cutter|p2a: Heatran\n|-supereffective|p2a: Heatran\n|-crit|p2a: Heatran\n|-damage|p2a: Heatran|0 fnt\n|faint|p2a: Heatran\n|\n|-weather|none\n|-fieldend|move: Grassy Terrain\n|upkeep\n|\n|t:|1700791697\n|switch|p2a: Grimmsnarl|Grimmsnarl, M|100\/100\n|turn|6\n|\n|t:|1700791702\n|move|p2a: Grimmsnarl|Reflect|p2a: Grimmsnarl\n|-sidestart|p2: stewiegriffingoat|Reflect\n|move|p1a: Samurott|Aqua Cutter|p2a: Grimmsnarl\n|-crit|p2a: Grimmsnarl\n|-damage|p2a: Grimmsnarl|1\/100\n|\n|upkeep\n|turn|7\n|\n|t:|1700791714\n|switch|p2a: Rillaboom|Rillaboom, F|88\/100\n|-fieldstart|move: Grassy Terrain|[from] ability: Grassy Surge|[of] p2a: Rillaboom\n|move|p1a: Samurott|Night Slash|p2a: Rillaboom\n|-crit|p2a: Rillaboom\n|-damage|p2a: Rillaboom|0 fnt\n|faint|p2a: Rillaboom\n|\n|upkeep\n|\n|t:|1700791720\n|switch|p2a: Gholdengo|Gholdengo|100\/100\n|turn|8\n|\n|t:|1700791726\n|move|p2a: Gholdengo|Focus Blast|p1a: Samurott\n|-supereffective|p1a: Samurott\n|-damage|p1a: Samurott|43\/100\n|move|p1a: Samurott|Aqua Cutter|p2a: Gholdengo\n|-crit|p2a: Gholdengo\n|-damage|p2a: Gholdengo|11\/100\n|\n|-heal|p2a: Gholdengo|17\/100|[from] Grassy Terrain\n|-heal|p1a: Samurott|49\/100|[from] Grassy Terrain\n|-sideend|p1: Blaze1911|move: Aurora Veil\n|upkeep\n|turn|9\n|\n|t:|1700791739\n|-terastallize|p1a: Samurott|Ghost\n|move|p2a: Gholdengo|Focus Blast|p1a: Samurott\n|-immune|p1a: Samurott\n|move|p1a: Samurott|Night Slash|p2a: Gholdengo\n|-supereffective|p2a: Gholdengo\n|-crit|p2a: Gholdengo\n|-damage|p2a: Gholdengo|0 fnt\n|faint|p2a: Gholdengo\n|\n|-heal|p1a: Samurott|55\/100|[from] Grassy Terrain\n|upkeep\n|\n|t:|1700791757\n|switch|p2a: Iron Moth|Iron Moth|100\/100\n|-enditem|p2a: Iron Moth|Booster Energy\n|-activate|p2a: Iron Moth|ability: Quark Drive|[fromitem]\n|-start|p2a: Iron Moth|quarkdrivespe\n|turn|10\n|\n|t:|1700791765\n|move|p2a: Iron Moth|Fiery Dance|p1a: Samurott\n|-damage|p1a: Samurott|3\/100\n|-enditem|p1a: Samurott|Salac Berry|[eat]\n|-boost|p1a: Samurott|spe|1|[from] item: Salac Berry\n|move|p1a: Samurott|Aqua Cutter|p2a: Iron Moth\n|-supereffective|p2a: Iron Moth\n|-crit|p2a: Iron Moth\n|-damage|p2a: Iron Moth|0 fnt\n|faint|p2a: Iron Moth\n|-end|p2a: Iron Moth|Quark Drive|[silent]\n|\n|-heal|p1a: Samurott|9\/100|[from] Grassy Terrain\n|upkeep\n|\n|t:|1700791770\n|switch|p2a: Grimmsnarl|Grimmsnarl, M|1\/100\n|turn|11\n|\n|t:|1700791775\n|move|p1a: Samurott|Endure|p1a: Samurott\n|-singleturn|p1a: Samurott|move: Endure\n|move|p2a: Grimmsnarl|Parting Shot|p1a: Samurott\n|-unboost|p1a: Samurott|atk|1\n|-unboost|p1a: Samurott|spa|1\n|\n|t:|1700791778\n|switch|p2a: Great Tusk|Great Tusk|100\/100|[from] Parting Shot\n|\n|-heal|p1a: Samurott|15\/100|[from] Grassy Terrain\n|-fieldend|move: Grassy Terrain\n|upkeep\n|turn|12\n|\n|t:|1700791784\n|move|p1a: Samurott|Aqua Cutter|p2a: Great Tusk\n|-supereffective|p2a: Great Tusk\n|-crit|p2a: Great Tusk\n|-damage|p2a: Great Tusk|0 fnt\n|faint|p2a: Great Tusk\n|-end|p2a: Great Tusk|Protosynthesis|[silent]\n|\n|upkeep\n|\n|t:|1700791787\n|switch|p2a: Grimmsnarl|Grimmsnarl, M|1\/100\n|turn|13\n|-message|stewiegriffingoat forfeited.\n|\n|win|Blaze1911\n|raw|Blaze1911's rating: 1285 &rarr; <strong>1303<\/strong><br \/>(+18 for winning)\n|raw|stewiegriffingoat's rating: 1179 &rarr; <strong>1161<\/strong><br \/>(-18 for losing)\n|l|\u2606stewiegriffingoat\n","uploadtime":1700791802,"views":15,"p1id":"blaze1911","p2id":"stewiegriffingoat","formatid":"gen9ou","rating":1161,"private":0,"password":""}