{"id":"gen9ou-1991120864","p1":"Asta_RPPLF","p2":"testincc","format":"[Gen 9] OU","log":"|j|\u2606Asta_RPPLF\n|j|\u2606testincc\n|t:|1700046114\n|gametype|singles\n|player|p1|Asta_RPPLF|#wcop2023belgium|1397\n|player|p2|testincc|101|1376\n|teamsize|p1|6\n|teamsize|p2|6\n|gen|9\n|tier|[Gen 9] OU\n|rated|\n|rule|Sleep Clause Mod: Limit one foe put to sleep\n|rule|Species Clause: Limit one of each Pok\u00e9mon\n|rule|OHKO Clause: OHKO moves are banned\n|rule|Evasion Items Clause: Evasion items are banned\n|rule|Evasion Moves Clause: Evasion moves are banned\n|rule|Endless Battle Clause: Forcing endless battles is banned\n|rule|HP Percentage Mod: HP is shown in percentages\n|clearpoke\n|poke|p1|Ogerpon-Wellspring, F|\n|poke|p1|Dragapult, M|\n|poke|p1|Cinderace, F|\n|poke|p1|Hatterene, F|\n|poke|p1|Corviknight, M|\n|poke|p1|Ting-Lu|\n|poke|p2|Ribombee, M|\n|poke|p2|Manaphy|\n|poke|p2|Kingambit, M|\n|poke|p2|Great Tusk|\n|poke|p2|Iron Moth|\n|poke|p2|Gholdengo|\n|teampreview\n|inactive|Battle timer is ON: inactive players will automatically lose when time's up. (requested by testincc)\n|\n|t:|1700046132\n|start\n|switch|p1a: Dragapult|Dragapult, M|100\/100\n|switch|p2a: Great Tusk|Great Tusk|100\/100\n|turn|1\n|\n|t:|1700046156\n|move|p1a: Dragapult|Draco Meteor|p2a: Great Tusk\n|-damage|p2a: Great Tusk|0 fnt\n|-unboost|p1a: Dragapult|spa|2\n|faint|p2a: Great Tusk\n|-end|p2a: Great Tusk|Protosynthesis|[silent]\n|\n|upkeep\n|\n|t:|1700046161\n|switch|p2a: Manaphy|Manaphy|100\/100\n|turn|2\n|\n|t:|1700046170\n|switch|p1a: Ting-Lu|Ting-Lu|100\/100\n|-ability|p1a: Ting-Lu|Vessel of Ruin\n|move|p2a: Manaphy|Acid Armor|p2a: Manaphy\n|-boost|p2a: Manaphy|def|2\n|\n|upkeep\n|turn|3\n|\n|t:|1700046180\n|move|p2a: Manaphy|Take Heart|p2a: Manaphy\n|-boost|p2a: Manaphy|spa|1\n|-boost|p2a: Manaphy|spd|1\n|move|p1a: Ting-Lu|Whirlwind|p2a: Manaphy\n|drag|p2a: Iron Moth|Iron Moth|100\/100\n|-enditem|p2a: Iron Moth|Booster Energy\n|-activate|p2a: Iron Moth|ability: Quark Drive|[fromitem]\n|-start|p2a: Iron Moth|quarkdrivespe\n|\n|upkeep\n|turn|4\n|\n|t:|1700046194\n|move|p2a: Iron Moth|Fiery Dance|p1a: Ting-Lu\n|-damage|p1a: Ting-Lu|85\/100\n|-boost|p2a: Iron Moth|spa|1\n|move|p1a: Ting-Lu|Earthquake|p2a: Iron Moth\n|-supereffective|p2a: Iron Moth\n|-damage|p2a: Iron Moth|0 fnt\n|faint|p2a: Iron Moth\n|-end|p2a: Iron Moth|Quark Drive|[silent]\n|\n|-heal|p1a: Ting-Lu|91\/100|[from] item: Leftovers\n|upkeep\n|\n|t:|1700046206\n|switch|p2a: Ribombee|Ribombee, M|100\/100\n|turn|5\n|\n|t:|1700046211\n|switch|p2a: Gholdengo|Gholdengo|100\/100\n|-item|p2a: Gholdengo|Air Balloon\n|switch|p1a: Hatterene|Hatterene, F|100\/100\n|\n|upkeep\n|turn|6\n|\n|t:|1700046222\n|switch|p1a: Ting-Lu|Ting-Lu|91\/100\n|-ability|p1a: Ting-Lu|Vessel of Ruin\n|move|p2a: Gholdengo|Make It Rain|p1a: Ting-Lu\n|-damage|p1a: Ting-Lu|62\/100\n|-unboost|p2a: Gholdengo|spa|1\n|\n|-heal|p1a: Ting-Lu|68\/100|[from] item: Leftovers\n|upkeep\n|turn|7\n|\n|t:|1700046243\n|switch|p2a: Kingambit|Kingambit, M|100\/100\n|-activate|p2a: Kingambit|ability: Supreme Overlord\n|-start|p2a: Kingambit|fallen2|[silent]\n|move|p1a: Ting-Lu|Ruination|p2a: Kingambit\n|-damage|p2a: Kingambit|51\/100\n|\n|-heal|p1a: Ting-Lu|75\/100|[from] item: Leftovers\n|upkeep\n|turn|8\n|inactive|Asta_RPPLF has 120 seconds left.\n|\n|t:|1700046267\n|move|p2a: Kingambit|Low Kick|p1a: Ting-Lu\n|-supereffective|p1a: Ting-Lu\n|-damage|p1a: Ting-Lu|13\/100\n|move|p1a: Ting-Lu|Whirlwind|p2a: Kingambit\n|-end|p2a: Kingambit|fallen2|[silent]\n|drag|p2a: Manaphy|Manaphy|100\/100\n|\n|-heal|p1a: Ting-Lu|19\/100|[from] item: Leftovers\n|upkeep\n|turn|9\n|inactive|Asta_RPPLF has 120 seconds left.\n|\n|t:|1700046284\n|switch|p1a: Ogerpon|Ogerpon-Wellspring, F|100\/100\n|move|p2a: Manaphy|Scald|p1a: Ogerpon\n|-immune|p1a: Ogerpon|[from] ability: Water Absorb\n|\n|upkeep\n|turn|10\n|inactive|Asta_RPPLF has 120 seconds left.\n|\n|t:|1700046296\n|switch|p2a: Ribombee|Ribombee, M|100\/100\n|move|p1a: Ogerpon|Encore||[still]\n|-fail|p1a: Ogerpon\n|\n|upkeep\n|turn|11\n|inactive|Asta_RPPLF has 120 seconds left.\n|\n|t:|1700046323\n|switch|p2a: Kingambit|Kingambit, M|51\/100\n|-activate|p2a: Kingambit|ability: Supreme Overlord\n|-start|p2a: Kingambit|fallen2|[silent]\n|move|p1a: Ogerpon|Trailblaze|p2a: Kingambit\n|-resisted|p2a: Kingambit\n|-damage|p2a: Kingambit|38\/100\n|-boost|p1a: Ogerpon|spe|1\n|\n|upkeep\n|turn|12\n|inactive|Asta_RPPLF has 90 seconds left.\n|\n|t:|1700046351\n|move|p1a: Ogerpon|Swords Dance|p1a: Ogerpon\n|-boost|p1a: Ogerpon|atk|2\n|move|p2a: Kingambit|Kowtow Cleave|p1a: Ogerpon\n|-damage|p1a: Ogerpon|11\/100\n|\n|upkeep\n|turn|13\n|\n|t:|1700046358\n|move|p2a: Kingambit|Sucker Punch||[still]\n|-fail|p2a: Kingambit\n|move|p1a: Ogerpon|Encore|p2a: Kingambit\n|-start|p2a: Kingambit|Encore\n|\n|upkeep\n|turn|14\n|\n|t:|1700046368\n|-end|p2a: Kingambit|fallen2|[silent]\n|switch|p2a: Ribombee|Ribombee, M|100\/100\n|move|p1a: Ogerpon|Swords Dance|p1a: Ogerpon\n|-boost|p1a: Ogerpon|atk|2\n|\n|upkeep\n|turn|15\n|\n|t:|1700046381\n|move|p1a: Ogerpon|Ivy Cudgel|p2a: Ribombee|[anim] Ivy Cudgel Water\n|-enditem|p2a: Ribombee|Focus Sash\n|-damage|p2a: Ribombee|1\/100\n|move|p2a: Ribombee|Moonblast|p1a: Ogerpon\n|-damage|p1a: Ogerpon|0 fnt\n|faint|p1a: Ogerpon\n|\n|upkeep\n|inactive|Asta_RPPLF has 90 seconds left.\n|\n|t:|1700046397\n|switch|p1a: Dragapult|Dragapult, M|100\/100\n|turn|16\n|\n|t:|1700046403\n|move|p1a: Dragapult|U-turn|p2a: Ribombee\n|-resisted|p2a: Ribombee\n|-damage|p2a: Ribombee|0 fnt\n|faint|p2a: Ribombee\n|inactive|Asta_RPPLF has 90 seconds left.\n|inactive|Asta_RPPLF has 60 seconds left.\n|\n|t:|1700046458\n|switch|p1a: Hatterene|Hatterene, F|100\/100|[from] U-turn\n|\n|upkeep\n|\n|t:|1700046466\n|switch|p2a: Manaphy|Manaphy|100\/100\n|turn|17\n|inactive|Asta_RPPLF has 60 seconds left.\n|\n|t:|1700046478\n|move|p2a: Manaphy|Acid Armor|p2a: Manaphy\n|-boost|p2a: Manaphy|def|2\n|move|p1a: Hatterene|Calm Mind|p1a: Hatterene\n|-boost|p1a: Hatterene|spa|1\n|-boost|p1a: Hatterene|spd|1\n|\n|upkeep\n|turn|18\n|\n|t:|1700046484\n|move|p2a: Manaphy|Take Heart|p2a: Manaphy\n|-boost|p2a: Manaphy|spa|1\n|-boost|p2a: Manaphy|spd|1\n|move|p1a: Hatterene|Calm Mind|p1a: Hatterene\n|-boost|p1a: Hatterene|spa|1\n|-boost|p1a: Hatterene|spd|1\n|\n|upkeep\n|turn|19\n|\n|t:|1700046494\n|move|p2a: Manaphy|Take Heart|p2a: Manaphy\n|-boost|p2a: Manaphy|spa|1\n|-boost|p2a: Manaphy|spd|1\n|move|p1a: Hatterene|Calm Mind|p1a: Hatterene\n|-boost|p1a: Hatterene|spa|1\n|-boost|p1a: Hatterene|spd|1\n|\n|upkeep\n|turn|20\n|\n|t:|1700046504\n|move|p2a: Manaphy|Take Heart|p2a: Manaphy\n|-boost|p2a: Manaphy|spa|1\n|-boost|p2a: Manaphy|spd|1\n|move|p1a: Hatterene|Mystical Fire|p2a: Manaphy\n|-resisted|p2a: Manaphy\n|-damage|p2a: Manaphy|88\/100\n|-unboost|p2a: Manaphy|spa|1\n|\n|-heal|p2a: Manaphy|94\/100|[from] item: Leftovers\n|upkeep\n|turn|21\n|\n|t:|1700046515\n|move|p2a: Manaphy|Take Heart|p2a: Manaphy\n|-boost|p2a: Manaphy|spa|1\n|-boost|p2a: Manaphy|spd|1\n|move|p1a: Hatterene|Draining Kiss|p2a: Manaphy\n|-damage|p2a: Manaphy|73\/100\n|\n|-heal|p2a: Manaphy|79\/100|[from] item: Leftovers\n|upkeep\n|turn|22\n|\n|t:|1700046523\n|move|p2a: Manaphy|Take Heart|p2a: Manaphy\n|-boost|p2a: Manaphy|spa|1\n|-boost|p2a: Manaphy|spd|1\n|move|p1a: Hatterene|Calm Mind|p1a: Hatterene\n|-boost|p1a: Hatterene|spa|1\n|-boost|p1a: Hatterene|spd|1\n|\n|-heal|p2a: Manaphy|85\/100|[from] item: Leftovers\n|upkeep\n|turn|23\n|\n|t:|1700046532\n|move|p2a: Manaphy|Take Heart|p2a: Manaphy\n|-boost|p2a: Manaphy|spa|1\n|-boost|p2a: Manaphy|spd|1\n|move|p1a: Hatterene|Calm Mind|p1a: Hatterene\n|-boost|p1a: Hatterene|spa|1\n|-boost|p1a: Hatterene|spd|1\n|\n|-heal|p2a: Manaphy|91\/100|[from] item: Leftovers\n|upkeep\n|turn|24\n|\n|t:|1700046542\n|move|p2a: Manaphy|Acid Armor|p2a: Manaphy\n|-boost|p2a: Manaphy|def|2\n|move|p1a: Hatterene|Calm Mind|p1a: Hatterene\n|-boost|p1a: Hatterene|spa|1\n|-boost|p1a: Hatterene|spd|1\n|\n|-heal|p2a: Manaphy|97\/100|[from] item: Leftovers\n|upkeep\n|turn|25\n|inactive|Asta_RPPLF has 90 seconds left.\n|\n|t:|1700046551\n|move|p2a: Manaphy|Stored Power|p1a: Hatterene\n|-resisted|p1a: Hatterene\n|-damage|p1a: Hatterene|51\/100\n|move|p1a: Hatterene|Draining Kiss|p2a: Manaphy\n|-damage|p2a: Manaphy|75\/100\n|-heal|p1a: Hatterene|73\/100|[from] drain|[of] p2a: Manaphy\n|\n|-heal|p2a: Manaphy|81\/100|[from] item: Leftovers\n|upkeep\n|turn|26\n|inactive|Asta_RPPLF has 90 seconds left.\n|\n|t:|1700046568\n|move|p2a: Manaphy|Stored Power|p1a: Hatterene\n|-resisted|p1a: Hatterene\n|-damage|p1a: Hatterene|26\/100\n|-enditem|p1a: Hatterene|Sitrus Berry|[eat]\n|-heal|p1a: Hatterene|50\/100|[from] item: Sitrus Berry\n|move|p1a: Hatterene|Draining Kiss|p2a: Manaphy\n|-damage|p2a: Manaphy|58\/100\n|-heal|p1a: Hatterene|73\/100|[from] drain|[of] p2a: Manaphy\n|\n|-heal|p2a: Manaphy|64\/100|[from] item: Leftovers\n|upkeep\n|turn|27\n|inactive|Asta_RPPLF has 90 seconds left.\n|\n|t:|1700046581\n|move|p2a: Manaphy|Acid Armor|p2a: Manaphy\n|-boost|p2a: Manaphy|def|2\n|move|p1a: Hatterene|Draining Kiss|p2a: Manaphy\n|-damage|p2a: Manaphy|41\/100\n|-heal|p1a: Hatterene|94\/100|[from] drain|[of] p2a: Manaphy\n|\n|-heal|p2a: Manaphy|47\/100|[from] item: Leftovers\n|upkeep\n|turn|28\n|inactive|Asta_RPPLF has 90 seconds left.\n|\n|t:|1700046590\n|move|p2a: Manaphy|Stored Power|p1a: Hatterene\n|-resisted|p1a: Hatterene\n|-damage|p1a: Hatterene|43\/100\n|move|p1a: Hatterene|Draining Kiss|p2a: Manaphy\n|-damage|p2a: Manaphy|23\/100\n|-heal|p1a: Hatterene|65\/100|[from] drain|[of] p2a: Manaphy\n|\n|-heal|p2a: Manaphy|29\/100|[from] item: Leftovers\n|upkeep\n|turn|29\n|inactive|Asta_RPPLF has 90 seconds left.\n|\n|t:|1700046600\n|move|p2a: Manaphy|Stored Power|p1a: Hatterene\n|-resisted|p1a: Hatterene\n|-damage|p1a: Hatterene|11\/100\n|move|p1a: Hatterene|Draining Kiss|p2a: Manaphy\n|-damage|p2a: Manaphy|3\/100\n|-heal|p1a: Hatterene|36\/100|[from] drain|[of] p2a: Manaphy\n|\n|-heal|p2a: Manaphy|9\/100|[from] item: Leftovers\n|upkeep\n|turn|30\n|inactive|Asta_RPPLF has 90 seconds left.\n|\n|t:|1700046620\n|move|p2a: Manaphy|Stored Power|p1a: Hatterene\n|-resisted|p1a: Hatterene\n|-crit|p1a: Hatterene\n|-damage|p1a: Hatterene|0 fnt\n|faint|p1a: Hatterene\n|\n|-heal|p2a: Manaphy|15\/100|[from] item: Leftovers\n|upkeep\n|\n|t:|1700046629\n|switch|p1a: Dragapult|Dragapult, M|100\/100\n|turn|31\n|\n|t:|1700046641\n|-terastallize|p1a: Dragapult|Electric\n|move|p1a: Dragapult|Thunderbolt|p2a: Manaphy\n|-supereffective|p2a: Manaphy\n|-damage|p2a: Manaphy|0 fnt\n|faint|p2a: Manaphy\n|\n|upkeep\n|\n|t:|1700046650\n|switch|p2a: Kingambit|Kingambit, M|38\/100\n|-activate|p2a: Kingambit|ability: Supreme Overlord\n|-start|p2a: Kingambit|fallen4|[silent]\n|turn|32\n|inactive|Asta_RPPLF has 90 seconds left.\n|\n|t:|1700046661\n|switch|p1a: Ting-Lu|Ting-Lu|19\/100\n|-ability|p1a: Ting-Lu|Vessel of Ruin\n|move|p2a: Kingambit|Sucker Punch||[still]\n|-fail|p2a: Kingambit\n|\n|-heal|p1a: Ting-Lu|25\/100|[from] item: Leftovers\n|upkeep\n|turn|33\n|inactive|Asta_RPPLF has 90 seconds left.\n|\n|t:|1700046671\n|move|p2a: Kingambit|Low Kick|p1a: Ting-Lu\n|-supereffective|p1a: Ting-Lu\n|-damage|p1a: Ting-Lu|0 fnt\n|faint|p1a: Ting-Lu\n|\n|upkeep\n|inactive|Asta_RPPLF has 90 seconds left.\n|\n|t:|1700046676\n|switch|p1a: Corviknight|Corviknight, M|100\/100\n|-ability|p1a: Corviknight|Pressure\n|turn|34\n|\n|t:|1700046683\n|move|p2a: Kingambit|Low Kick|p1a: Corviknight\n|-damage|p1a: Corviknight|74\/100\n|-damage|p2a: Kingambit|21\/100|[from] item: Rocky Helmet|[of] p1a: Corviknight\n|move|p1a: Corviknight|Iron Defense|p1a: Corviknight\n|-boost|p1a: Corviknight|def|2\n|\n|upkeep\n|turn|35\n|-message|testincc forfeited.\n|\n|win|Asta_RPPLF\n|raw|Asta_RPPLF's rating: 1397 &rarr; <strong>1416<\/strong><br \/>(+19 for winning)\n|raw|testincc's rating: 1376 &rarr; <strong>1357<\/strong><br \/>(-19 for losing)\n|l|\u2606testincc\n","uploadtime":1700046696,"views":6,"p1id":"astarpplf","p2id":"testincc","formatid":"gen9ou","rating":1357,"private":0,"password":""}