{"id":"gen9ou-1988354936","p1":"Slaaaine","p2":"Tabouretdrong","format":"[Gen 9] OU","log":"|j|\u2606Slaaaine\n|j|\u2606Tabouretdrong\n|t:|1699713083\n|gametype|singles\n|player|p1|Slaaaine|n|1185\n|player|p2|Tabouretdrong|ghetsis-gen5bw|1104\n|teamsize|p1|6\n|teamsize|p2|6\n|gen|9\n|tier|[Gen 9] OU\n|rated|\n|rule|Sleep Clause Mod: Limit one foe put to sleep\n|rule|Species Clause: Limit one of each Pok\u00e9mon\n|rule|OHKO Clause: OHKO moves are banned\n|rule|Evasion Items Clause: Evasion items are banned\n|rule|Evasion Moves Clause: Evasion moves are banned\n|rule|Endless Battle Clause: Forcing endless battles is banned\n|rule|HP Percentage Mod: HP is shown in percentages\n|clearpoke\n|poke|p1|Manaphy|\n|poke|p1|Kingambit, F|\n|poke|p1|Ribombee, M|\n|poke|p1|Gholdengo|\n|poke|p1|Iron Moth|\n|poke|p1|Ogerpon-Wellspring, F|\n|poke|p2|Enamorus, F|\n|poke|p2|Gliscor, M|\n|poke|p2|Gholdengo|\n|poke|p2|Ogerpon-Wellspring, F|\n|poke|p2|Cinderace, F|\n|poke|p2|Blissey, F|\n|teampreview\n|inactive|Battle timer is ON: inactive players will automatically lose when time's up. (requested by Tabouretdrong)\n|\n|t:|1699713092\n|start\n|switch|p1a: wildfiree|Ribombee, M|100\/100\n|switch|p2a: Blissey|Blissey, F|100\/100\n|turn|1\n|\n|t:|1699713099\n|move|p1a: wildfiree|Sticky Web|p2a: Blissey\n|-sidestart|p2: Tabouretdrong|move: Sticky Web\n|move|p2a: Blissey|Seismic Toss|p1a: wildfiree\n|-damage|p1a: wildfiree|62\/100\n|\n|upkeep\n|turn|2\n|\n|t:|1699713105\n|switch|p1a: wessin|Gholdengo|100\/100\n|-item|p1a: wessin|Air Balloon\n|move|p2a: Blissey|Seismic Toss|p1a: wessin\n|-immune|p1a: wessin\n|\n|upkeep\n|turn|3\n|\n|t:|1699713110\n|switch|p2a: Cinderace|Cinderace, F|100\/100\n|move|p1a: wessin|Nasty Plot|p1a: wessin\n|-boost|p1a: wessin|spa|2\n|\n|upkeep\n|turn|4\n|\n|t:|1699713121\n|move|p2a: Cinderace|Court Change|p2a: Cinderace\n|-swapsideconditions\n|-activate|p2a: Cinderace|move: Court Change\n|move|p1a: wessin|Make It Rain|p2a: Cinderace\n|-resisted|p2a: Cinderace\n|-damage|p2a: Cinderace|16\/100\n|-unboost|p1a: wessin|spa|1\n|\n|upkeep\n|turn|5\n|c|\u2606Tabouretdrong|sorry\n|\n|t:|1699713132\n|move|p2a: Cinderace|Pyro Ball|p1a: wessin|[miss]\n|-miss|p2a: Cinderace|p1a: wessin\n|move|p1a: wessin|Shadow Ball|p2a: Cinderace\n|-damage|p2a: Cinderace|0 fnt\n|faint|p2a: Cinderace\n|\n|upkeep\n|\n|t:|1699713137\n|switch|p2a: Blissey|Blissey, F|100\/100\n|turn|6\n|\n|t:|1699713141\n|move|p1a: wessin|Nasty Plot|p1a: wessin\n|-boost|p1a: wessin|spa|2\n|move|p2a: Blissey|Stealth Rock|p1a: wessin\n|-sidestart|p1: Slaaaine|move: Stealth Rock\n|\n|upkeep\n|turn|7\n|\n|t:|1699713146\n|move|p1a: wessin|Nasty Plot|p1a: wessin\n|-boost|p1a: wessin|spa|2\n|move|p2a: Blissey|Calm Mind|p2a: Blissey\n|-boost|p2a: Blissey|spa|1\n|-boost|p2a: Blissey|spd|1\n|\n|upkeep\n|turn|8\n|\n|t:|1699713151\n|move|p1a: wessin|Psyshock|p2a: Blissey\n|-damage|p2a: Blissey|0 fnt\n|faint|p2a: Blissey\n|\n|upkeep\n|\n|t:|1699713159\n|switch|p2a: Ogerpon|Ogerpon-Wellspring, F|100\/100\n|turn|9\n|\n|t:|1699713162\n|move|p2a: Ogerpon|Ivy Cudgel|p1a: wessin\n|-damage|p1a: wessin|41\/100\n|-enditem|p1a: wessin|Air Balloon\n|move|p1a: wessin|Psyshock|p2a: Ogerpon\n|-damage|p2a: Ogerpon|0 fnt\n|faint|p2a: Ogerpon\n|\n|upkeep\n|\n|t:|1699713167\n|switch|p2a: Enamorus|Enamorus, F|100\/100\n|turn|10\n|\n|t:|1699713170\n|move|p2a: Enamorus|Mystical Fire|p1a: wessin\n|-supereffective|p1a: wessin\n|-damage|p1a: wessin|0 fnt\n|faint|p1a: wessin\n|\n|upkeep\n|\n|t:|1699713186\n|switch|p1a: scarlet|Iron Moth|100\/100\n|-activate|p1a: scarlet|move: Sticky Web\n|-unboost|p1a: scarlet|spe|1\n|-damage|p1a: scarlet|76\/100|[from] Stealth Rock\n|-enditem|p1a: scarlet|Booster Energy\n|-activate|p1a: scarlet|ability: Quark Drive|[fromitem]\n|-start|p1a: scarlet|quarkdrivespa\n|turn|11\n|\n|t:|1699713194\n|switch|p2a: Gliscor|Gliscor, M|100\/100\n|move|p1a: scarlet|Fiery Dance|p2a: Gliscor\n|-damage|p2a: Gliscor|40\/100\n|\n|-status|p2a: Gliscor|tox|[from] item: Toxic Orb\n|upkeep\n|turn|12\n|\n|t:|1699713202\n|move|p2a: Gliscor|Protect|p2a: Gliscor\n|-singleturn|p2a: Gliscor|Protect\n|move|p1a: scarlet|Fiery Dance|p2a: Gliscor\n|-activate|p2a: Gliscor|move: Protect\n|\n|-heal|p2a: Gliscor|52\/100 tox|[from] ability: Poison Heal\n|upkeep\n|turn|13\n|\n|t:|1699713219\n|-terastallize|p2a: Gliscor|Water\n|move|p1a: scarlet|Fiery Dance|p2a: Gliscor\n|-resisted|p2a: Gliscor\n|-damage|p2a: Gliscor|20\/100 tox\n|-boost|p1a: scarlet|spa|1\n|move|p2a: Gliscor|Earthquake|p1a: scarlet\n|-supereffective|p1a: scarlet\n|-damage|p1a: scarlet|0 fnt\n|faint|p1a: scarlet\n|-end|p1a: scarlet|Quark Drive|[silent]\n|\n|-heal|p2a: Gliscor|33\/100 tox|[from] ability: Poison Heal\n|upkeep\n|\n|t:|1699713230\n|switch|p1a: wildfiree|Ribombee, M|62\/100\n|-activate|p1a: wildfiree|move: Sticky Web\n|-unboost|p1a: wildfiree|spe|1\n|-damage|p1a: wildfiree|37\/100|[from] Stealth Rock\n|turn|14\n|\n|t:|1699713236\n|move|p2a: Gliscor|Protect|p2a: Gliscor\n|-singleturn|p2a: Gliscor|Protect\n|move|p1a: wildfiree|Sticky Web|p2a: Gliscor\n|-sidestart|p2: Tabouretdrong|move: Sticky Web\n|\n|-heal|p2a: Gliscor|45\/100 tox|[from] ability: Poison Heal\n|upkeep\n|turn|15\n|\n|t:|1699713244\n|move|p1a: wildfiree|Moonblast|p2a: Gliscor\n|-damage|p2a: Gliscor|0 fnt\n|faint|p2a: Gliscor\n|\n|upkeep\n|\n|t:|1699713248\n|switch|p2a: Enamorus|Enamorus, F|100\/100\n|turn|16\n|\n|t:|1699713252\n|move|p2a: Enamorus|Mystical Fire|p1a: wildfiree\n|-supereffective|p1a: wildfiree\n|-damage|p1a: wildfiree|0 fnt\n|faint|p1a: wildfiree\n|\n|upkeep\n|\n|t:|1699713257\n|switch|p1a: HPDARKEAGLE|Manaphy|100\/100\n|-activate|p1a: HPDARKEAGLE|move: Sticky Web\n|-unboost|p1a: HPDARKEAGLE|spe|1\n|-damage|p1a: HPDARKEAGLE|88\/100|[from] Stealth Rock\n|turn|17\n|\n|t:|1699713263\n|switch|p2a: Gholdengo|Gholdengo|100\/100\n|-item|p2a: Gholdengo|Air Balloon\n|-terastallize|p1a: HPDARKEAGLE|Water\n|move|p1a: HPDARKEAGLE|Surf|p2a: Gholdengo\n|-crit|p2a: Gholdengo\n|-damage|p2a: Gholdengo|26\/100\n|-enditem|p2a: Gholdengo|Air Balloon\n|\n|-heal|p1a: HPDARKEAGLE|94\/100|[from] item: Leftovers\n|upkeep\n|turn|18\n|\n|t:|1699713268\n|move|p2a: Gholdengo|Make It Rain|p1a: HPDARKEAGLE\n|-resisted|p1a: HPDARKEAGLE\n|-damage|p1a: HPDARKEAGLE|71\/100\n|-unboost|p2a: Gholdengo|spa|1\n|move|p1a: HPDARKEAGLE|Surf|p2a: Gholdengo\n|-damage|p2a: Gholdengo|0 fnt\n|faint|p2a: Gholdengo\n|\n|-heal|p1a: HPDARKEAGLE|77\/100|[from] item: Leftovers\n|upkeep\n|\n|t:|1699713272\n|switch|p2a: Enamorus|Enamorus, F|100\/100\n|turn|19\n|\n|t:|1699713276\n|move|p2a: Enamorus|Moonblast|p1a: HPDARKEAGLE\n|-damage|p1a: HPDARKEAGLE|27\/100\n|-unboost|p1a: HPDARKEAGLE|spa|1\n|move|p1a: HPDARKEAGLE|Surf|p2a: Enamorus\n|-damage|p2a: Enamorus|47\/100\n|\n|-heal|p1a: HPDARKEAGLE|33\/100|[from] item: Leftovers\n|upkeep\n|turn|20\n|\n|t:|1699713283\n|move|p2a: Enamorus|Moonblast|p1a: HPDARKEAGLE\n|-damage|p1a: HPDARKEAGLE|0 fnt\n|faint|p1a: HPDARKEAGLE\n|\n|upkeep\n|\n|t:|1699713286\n|switch|p1a: faya|Ogerpon-Wellspring, F|100\/100\n|-activate|p1a: faya|move: Sticky Web\n|-unboost|p1a: faya|spe|1\n|-damage|p1a: faya|88\/100|[from] Stealth Rock\n|turn|21\n|\n|t:|1699713289\n|move|p2a: Enamorus|Moonblast|p1a: faya\n|-damage|p1a: faya|28\/100\n|move|p1a: faya|Ivy Cudgel|p2a: Enamorus\n|-damage|p2a: Enamorus|0 fnt\n|faint|p2a: Enamorus\n|\n|win|Slaaaine\n|raw|Slaaaine's rating: 1185 &rarr; <strong>1204<\/strong><br \/>(+19 for winning)\n|raw|Tabouretdrong's rating: 1104 &rarr; <strong>1085<\/strong><br \/>(-19 for losing)\n|l|\u2606Tabouretdrong\n|c|\u2606Slaaaine|gg wp\n","uploadtime":1699713304,"views":15,"p1id":"slaaaine","p2id":"tabouretdrong","formatid":"gen9ou","rating":1085,"private":0,"password":""}