{"id":"gen9ou-1994653701","p1":"Hug0_G0l","p2":"Skaraptor2.1","format":"[Gen 9] OU","log":"|j|\u2606Hug0_G0l\n|j|\u2606Skaraptor2.1\n|t:|1700476043\n|gametype|singles\n|player|p1|Hug0_G0l|benga|1216\n|player|p2|Skaraptor2.1|bodybuilderf-gen9|1335\n|teamsize|p1|6\n|teamsize|p2|6\n|gen|9\n|tier|[Gen 9] OU\n|rated|\n|rule|Sleep Clause Mod: Limit one foe put to sleep\n|rule|Species Clause: Limit one of each Pok\u00e9mon\n|rule|OHKO Clause: OHKO moves are banned\n|rule|Evasion Items Clause: Evasion items are banned\n|rule|Evasion Moves Clause: Evasion moves are banned\n|rule|Endless Battle Clause: Forcing endless battles is banned\n|rule|HP Percentage Mod: HP is shown in percentages\n|clearpoke\n|poke|p1|Kingambit, M|\n|poke|p1|Dragapult, M|\n|poke|p1|Manaphy|\n|poke|p1|Great Tusk|\n|poke|p1|Gholdengo|\n|poke|p1|Ribombee, F|\n|poke|p2|Ribombee, M|\n|poke|p2|Ogerpon-Wellspring, F|\n|poke|p2|Great Tusk|\n|poke|p2|Zamazenta-*|\n|poke|p2|Iron Valiant|\n|poke|p2|Kingambit, F|\n|teampreview\n|inactive|Battle timer is ON: inactive players will automatically lose when time's up. (requested by Skaraptor2.1)\n|inactive|Hug0_G0l also wants the timer to be on.\n|inactive|Hug0_G0l has 120 seconds left.\n|inactive|Hug0_G0l has 90 seconds left.\n|\n|t:|1700476115\n|start\n|switch|p1a: Great Tusk|Great Tusk|100\/100\n|switch|p2a: Transfem|Ogerpon-Wellspring, F|100\/100\n|turn|1\n|\n|t:|1700476130\n|-end|p1a: Great Tusk|Protosynthesis|[silent]\n|switch|p1a: Ribombee|Ribombee, F|100\/100\n|move|p2a: Transfem|Ivy Cudgel|p1a: Ribombee|[anim] Ivy Cudgel Water\n|-crit|p1a: Ribombee\n|-enditem|p1a: Ribombee|Focus Sash\n|-damage|p1a: Ribombee|1\/100\n|\n|upkeep\n|turn|2\n|\n|t:|1700476138\n|move|p1a: Ribombee|Sticky Web|p2a: Transfem\n|-sidestart|p2: Skaraptor2.1|move: Sticky Web\n|move|p2a: Transfem|Horn Leech|p1a: Ribombee\n|-resisted|p1a: Ribombee\n|-damage|p1a: Ribombee|0 fnt\n|faint|p1a: Ribombee\n|\n|upkeep\n|\n|t:|1700476150\n|switch|p1a: Dragapult|Dragapult, M|100\/100\n|turn|3\n|\n|t:|1700476168\n|move|p1a: Dragapult|Thunder Wave|p2a: Transfem\n|-status|p2a: Transfem|par\n|move|p2a: Transfem|Knock Off|p1a: Dragapult\n|-supereffective|p1a: Dragapult\n|-damage|p1a: Dragapult|0 fnt\n|-enditem|p1a: Dragapult|Leftovers|[from] move: Knock Off|[of] p2a: Transfem\n|faint|p1a: Dragapult\n|\n|upkeep\n|inactive|Hug0_G0l has 120 seconds left.\n|j| great treads 96\n|j| bancomicina\n|j| average phan 82.5\n|\n|t:|1700476216\n|switch|p1a: Manaphy|Manaphy|100\/100\n|turn|4\n|\n|t:|1700476221\n|move|p1a: Manaphy|Energy Ball|p2a: Transfem\n|-damage|p2a: Transfem|67\/100 par\n|move|p2a: Transfem|Knock Off|p1a: Manaphy\n|-damage|p1a: Manaphy|62\/100\n|-enditem|p1a: Manaphy|Leftovers|[from] move: Knock Off|[of] p2a: Transfem\n|\n|upkeep\n|turn|5\n|l| bancomicina\n|\n|t:|1700476227\n|move|p1a: Manaphy|Energy Ball|p2a: Transfem\n|-damage|p2a: Transfem|35\/100 par\n|move|p2a: Transfem|Horn Leech|p1a: Manaphy\n|-supereffective|p1a: Manaphy\n|-damage|p1a: Manaphy|0 fnt\n|-heal|p2a: Transfem|71\/100 par|[from] drain|[of] p1a: Manaphy\n|faint|p1a: Manaphy\n|\n|upkeep\n|\n|t:|1700476235\n|switch|p1a: Great Tusk|Great Tusk|100\/100\n|turn|6\n|\n|t:|1700476241\n|move|p1a: Great Tusk|Close Combat|p2a: Transfem\n|-damage|p2a: Transfem|0 fnt\n|-unboost|p1a: Great Tusk|def|1\n|-unboost|p1a: Great Tusk|spd|1\n|faint|p2a: Transfem\n|\n|upkeep\n|\n|t:|1700476244\n|switch|p2a: Raging Queer|Great Tusk|100\/100\n|turn|7\n|\n|t:|1700476253\n|-end|p1a: Great Tusk|Protosynthesis|[silent]\n|switch|p1a: Gholdengo|Gholdengo|100\/100\n|-item|p1a: Gholdengo|Air Balloon\n|move|p2a: Raging Queer|Knock Off|p1a: Gholdengo\n|-supereffective|p1a: Gholdengo\n|-damage|p1a: Gholdengo|36\/100\n|-enditem|p1a: Gholdengo|Air Balloon\n|\n|upkeep\n|turn|8\n|\n|t:|1700476266\n|move|p1a: Gholdengo|Shadow Ball|p2a: Raging Queer\n|-damage|p2a: Raging Queer|66\/100\n|move|p2a: Raging Queer|Earthquake|p1a: Gholdengo\n|-supereffective|p1a: Gholdengo\n|-damage|p1a: Gholdengo|0 fnt\n|faint|p1a: Gholdengo\n|\n|upkeep\n|-message|Hug0_G0l forfeited.\n|\n|win|Skaraptor2.1\n|raw|Hug0_G0l's rating: 1216 &rarr; <strong>1199<\/strong><br \/>(-17 for losing)\n|raw|Skaraptor2.1's rating: 1335 &rarr; <strong>1348<\/strong><br \/>(+13 for winning)\n|l|\u2606Hug0_G0l\n|l| great treads 96\n","uploadtime":1700476276,"views":12,"p1id":"hug0g0l","p2id":"skaraptor21","formatid":"gen9ou","rating":1199,"private":0,"password":""}