{"id":"gen9ou-1993450611","p1":"DivineGabriel","p2":"OUVT TOSHI","format":"[Gen 9] OU","log":"|j|\u2606DivineGabriel\n|j|\u2606OUVT TOSHI\n|t:|1700319463\n|gametype|singles\n|player|p1|DivineGabriel|rye|1796\n|player|p2|OUVT TOSHI|palmer|1828\n|teamsize|p1|6\n|teamsize|p2|6\n|gen|9\n|tier|[Gen 9] OU\n|rated|\n|rule|Sleep Clause Mod: Limit one foe put to sleep\n|rule|Species Clause: Limit one of each Pok\u00e9mon\n|rule|OHKO Clause: OHKO moves are banned\n|rule|Evasion Items Clause: Evasion items are banned\n|rule|Evasion Moves Clause: Evasion moves are banned\n|rule|Endless Battle Clause: Forcing endless battles is banned\n|rule|HP Percentage Mod: HP is shown in percentages\n|clearpoke\n|poke|p1|Typhlosion-Hisui, M|\n|poke|p1|Ting-Lu|\n|poke|p1|Torkoal, M|\n|poke|p1|Walking Wake|\n|poke|p1|Hatterene, F|\n|poke|p1|Meowscarada, F|\n|poke|p2|Ogerpon-Wellspring, F|\n|poke|p2|Zamazenta-*|\n|poke|p2|Ting-Lu|\n|poke|p2|Iron Moth|\n|poke|p2|Zapdos|\n|poke|p2|Ursaluna, F|\n|teampreview\n|\n|t:|1700319471\n|start\n|switch|p1a: Torkoal|Torkoal, M|100\/100\n|switch|p2a: Zapdos|Zapdos|100\/100\n|-weather|SunnyDay|[from] ability: Drought|[of] p1a: Torkoal\n|turn|1\n|\n|t:|1700319475\n|switch|p2a: Ting-Lu|Ting-Lu|100\/100\n|-ability|p2a: Ting-Lu|Vessel of Ruin\n|move|p1a: Torkoal|Stealth Rock|p2a: Ting-Lu\n|-sidestart|p2: OUVT TOSHI|move: Stealth Rock\n|\n|-weather|SunnyDay|[upkeep]\n|upkeep\n|turn|2\n|\n|t:|1700319480\n|switch|p1a: Hatterene|Hatterene, F|100\/100\n|move|p2a: Ting-Lu|Earthquake|p1a: Hatterene\n|-damage|p1a: Hatterene|67\/100\n|-enditem|p1a: Hatterene|Eject Button\n|j| bojacksonisapimp\n|\n|t:|1700319510\n|switch|p1a: Meowscarada|Meowscarada, F|100\/100\n|\n|-weather|SunnyDay|[upkeep]\n|upkeep\n|turn|3\n|\n|t:|1700319520\n|switch|p2a: Zapdos|Zapdos|100\/100\n|move|p1a: Meowscarada|Knock Off|p2a: Zapdos\n|-start|p1a: Meowscarada|typechange|Dark|[from] ability: Protean\n|-damage|p2a: Zapdos|63\/100\n|-enditem|p2a: Zapdos|Heavy-Duty Boots|[from] move: Knock Off|[of] p1a: Meowscarada\n|\n|-weather|SunnyDay|[upkeep]\n|upkeep\n|turn|4\n|\n|t:|1700319524\n|switch|p1a: Ting-Lu|Ting-Lu|100\/100\n|-ability|p1a: Ting-Lu|Vessel of Ruin\n|move|p2a: Zapdos|Roost|p2a: Zapdos\n|-heal|p2a: Zapdos|100\/100\n|-singleturn|p2a: Zapdos|move: Roost\n|\n|-weather|SunnyDay|[upkeep]\n|upkeep\n|turn|5\n|\n|t:|1700319532\n|switch|p2a: Zamazenta|Zamazenta|100\/100\n|-ability|p2a: Zamazenta|Dauntless Shield|boost\n|-boost|p2a: Zamazenta|def|1\n|move|p1a: Ting-Lu|Spikes|p2a: Zamazenta\n|-sidestart|p2: OUVT TOSHI|Spikes\n|\n|-weather|SunnyDay|[upkeep]\n|upkeep\n|turn|6\n|\n|t:|1700319551\n|move|p2a: Zamazenta|Close Combat|p1a: Ting-Lu\n|-supereffective|p1a: Ting-Lu\n|-damage|p1a: Ting-Lu|41\/100\n|-unboost|p2a: Zamazenta|def|1\n|-unboost|p2a: Zamazenta|spd|1\n|move|p1a: Ting-Lu|Whirlwind|p2a: Zamazenta\n|drag|p2a: Ogerpon|Ogerpon-Wellspring, F|100\/100\n|-damage|p2a: Ogerpon|88\/100|[from] Stealth Rock\n|-damage|p2a: Ogerpon|76\/100|[from] Spikes\n|\n|-weather|SunnyDay|[upkeep]\n|-heal|p1a: Ting-Lu|47\/100|[from] item: Leftovers\n|upkeep\n|turn|7\n|\n|t:|1700319559\n|switch|p1a: Meowscarada|Meowscarada, F|100\/100\n|move|p2a: Ogerpon|Horn Leech|p1a: Meowscarada\n|-resisted|p1a: Meowscarada\n|-damage|p1a: Meowscarada|68\/100\n|-heal|p2a: Ogerpon|92\/100|[from] drain|[of] p1a: Meowscarada\n|\n|-weather|SunnyDay|[upkeep]\n|upkeep\n|turn|8\n|\n|t:|1700319567\n|switch|p1a: Typhlosion|Typhlosion-Hisui, M|100\/100\n|switch|p2a: Zamazenta|Zamazenta|100\/100\n|\n|-weather|none\n|upkeep\n|turn|9\n|\n|t:|1700319576\n|-terastallize|p1a: Typhlosion|Fire\n|move|p2a: Zamazenta|Crunch|p1a: Typhlosion\n|-damage|p1a: Typhlosion|59\/100\n|move|p1a: Typhlosion|Flamethrower|p2a: Zamazenta\n|-damage|p2a: Zamazenta|20\/100\n|\n|upkeep\n|turn|10\n|\n|t:|1700319588\n|switch|p1a: Torkoal|Torkoal, M|100\/100\n|-weather|SunnyDay|[from] ability: Drought|[of] p1a: Torkoal\n|move|p2a: Zamazenta|Close Combat|p1a: Torkoal\n|-damage|p1a: Torkoal|66\/100\n|-unboost|p2a: Zamazenta|def|1\n|-unboost|p2a: Zamazenta|spd|1\n|\n|-weather|SunnyDay|[upkeep]\n|upkeep\n|turn|11\n|\n|t:|1700319594\n|switch|p2a: Ursaluna|Ursaluna, F|100\/100\n|-damage|p2a: Ursaluna|94\/100|[from] Stealth Rock\n|-damage|p2a: Ursaluna|82\/100|[from] Spikes\n|move|p1a: Torkoal|Lava Plume|p2a: Ursaluna\n|-damage|p2a: Ursaluna|44\/100\n|\n|-weather|SunnyDay|[upkeep]\n|-status|p2a: Ursaluna|brn|[from] item: Flame Orb\n|upkeep\n|turn|12\n|j| Ashfak\n|\n|t:|1700319610\n|switch|p1a: Ting-Lu|Ting-Lu|47\/100\n|-ability|p1a: Ting-Lu|Vessel of Ruin\n|move|p2a: Ursaluna|Headlong Rush|p1a: Ting-Lu\n|-damage|p1a: Ting-Lu|0 fnt\n|-unboost|p2a: Ursaluna|def|1\n|-unboost|p2a: Ursaluna|spd|1\n|faint|p1a: Ting-Lu\n|\n|-weather|SunnyDay|[upkeep]\n|-damage|p2a: Ursaluna|38\/100 brn|[from] brn\n|upkeep\n|\n|t:|1700319612\n|switch|p1a: Walking Wake|Walking Wake|100\/100\n|-activate|p1a: Walking Wake|ability: Protosynthesis\n|-start|p1a: Walking Wake|protosynthesisspe\n|turn|13\n|\n|t:|1700319618\n|-terastallize|p2a: Ursaluna|Fairy\n|move|p1a: Walking Wake|Dragon Pulse|p2a: Ursaluna\n|-immune|p2a: Ursaluna\n|move|p2a: Ursaluna|Facade|p1a: Walking Wake\n|-damage|p1a: Walking Wake|0 fnt\n|faint|p1a: Walking Wake\n|-end|p1a: Walking Wake|Protosynthesis|[silent]\n|\n|-weather|SunnyDay|[upkeep]\n|-damage|p2a: Ursaluna|32\/100 brn|[from] brn\n|upkeep\n|\n|t:|1700319629\n|switch|p1a: Typhlosion|Typhlosion-Hisui, M, tera:Fire|59\/100\n|turn|14\n|\n|t:|1700319646\n|move|p1a: Typhlosion|Flamethrower|p2a: Ursaluna\n|-damage|p2a: Ursaluna|0 fnt\n|faint|p2a: Ursaluna\n|\n|-weather|SunnyDay|[upkeep]\n|upkeep\n|\n|t:|1700319653\n|switch|p2a: Zamazenta|Zamazenta|20\/100\n|turn|15\n|\n|t:|1700319663\n|switch|p1a: Hatterene|Hatterene, F|67\/100\n|move|p2a: Zamazenta|Close Combat|p1a: Hatterene\n|-resisted|p1a: Hatterene\n|-damage|p1a: Hatterene|54\/100\n|-unboost|p2a: Zamazenta|def|1\n|-unboost|p2a: Zamazenta|spd|1\n|\n|-weather|SunnyDay|[upkeep]\n|upkeep\n|turn|16\n|\n|t:|1700319667\n|switch|p1a: Meowscarada|Meowscarada, F|68\/100\n|move|p2a: Zamazenta|Heavy Slam|p1a: Meowscarada\n|-damage|p1a: Meowscarada|12\/100\n|\n|-weather|SunnyDay|[upkeep]\n|upkeep\n|turn|17\n|\n|t:|1700319680\n|switch|p2a: Zapdos|Zapdos|100\/100\n|-damage|p2a: Zapdos|76\/100|[from] Stealth Rock\n|move|p1a: Meowscarada|U-turn|p2a: Zapdos\n|-start|p1a: Meowscarada|typechange|Bug|[from] ability: Protean\n|-resisted|p2a: Zapdos\n|-damage|p2a: Zapdos|62\/100\n|\n|t:|1700319684\n|switch|p1a: Typhlosion|Typhlosion-Hisui, M, tera:Fire|59\/100|[from] U-turn\n|\n|-weather|none\n|upkeep\n|turn|18\n|\n|t:|1700319691\n|switch|p2a: Ting-Lu|Ting-Lu|100\/100\n|-damage|p2a: Ting-Lu|94\/100|[from] Stealth Rock\n|-damage|p2a: Ting-Lu|82\/100|[from] Spikes\n|-ability|p2a: Ting-Lu|Vessel of Ruin\n|move|p1a: Typhlosion|Flamethrower|p2a: Ting-Lu\n|-damage|p2a: Ting-Lu|43\/100\n|\n|-heal|p2a: Ting-Lu|49\/100|[from] item: Leftovers\n|upkeep\n|turn|19\n|\n|t:|1700319696\n|move|p1a: Typhlosion|Flamethrower|p2a: Ting-Lu\n|-damage|p2a: Ting-Lu|14\/100\n|move|p2a: Ting-Lu|Earthquake|p1a: Typhlosion\n|-supereffective|p1a: Typhlosion\n|-damage|p1a: Typhlosion|0 fnt\n|faint|p1a: Typhlosion\n|\n|-heal|p2a: Ting-Lu|20\/100|[from] item: Leftovers\n|upkeep\n|\n|t:|1700319702\n|switch|p1a: Meowscarada|Meowscarada, F|12\/100\n|turn|20\n|\n|t:|1700319711\n|move|p1a: Meowscarada|U-turn|p2a: Ting-Lu\n|-start|p1a: Meowscarada|typechange|Bug|[from] ability: Protean\n|-supereffective|p2a: Ting-Lu\n|-damage|p2a: Ting-Lu|0 fnt\n|faint|p2a: Ting-Lu\n|\n|t:|1700319714\n|switch|p1a: Hatterene|Hatterene, F|54\/100|[from] U-turn\n|\n|upkeep\n|j| ashitaka0\n|\n|t:|1700319724\n|switch|p2a: Zamazenta|Zamazenta|20\/100\n|turn|21\n|l| ashitaka0\n|\n|t:|1700319735\n|move|p2a: Zamazenta|Heavy Slam|p1a: Hatterene\n|-supereffective|p1a: Hatterene\n|-crit|p1a: Hatterene\n|-damage|p1a: Hatterene|0 fnt\n|faint|p1a: Hatterene\n|\n|upkeep\n|\n|t:|1700319738\n|switch|p1a: Torkoal|Torkoal, M|66\/100\n|-weather|SunnyDay|[from] ability: Drought|[of] p1a: Torkoal\n|turn|22\n|\n|t:|1700319746\n|switch|p2a: Ogerpon|Ogerpon-Wellspring, F|92\/100\n|-damage|p2a: Ogerpon|79\/100|[from] Stealth Rock\n|-damage|p2a: Ogerpon|67\/100|[from] Spikes\n|move|p1a: Torkoal|Lava Plume|p2a: Ogerpon\n|-damage|p2a: Ogerpon|21\/100\n|\n|-weather|SunnyDay|[upkeep]\n|upkeep\n|turn|23\n|\n|t:|1700319766\n|move|p2a: Ogerpon|Ivy Cudgel|p1a: Torkoal|[anim] Ivy Cudgel Water\n|-supereffective|p1a: Torkoal\n|-damage|p1a: Torkoal|30\/100\n|move|p1a: Torkoal|Lava Plume|p2a: Ogerpon\n|-damage|p2a: Ogerpon|0 fnt\n|faint|p2a: Ogerpon\n|\n|-weather|SunnyDay|[upkeep]\n|upkeep\n|l| bojacksonisapimp\n|\n|t:|1700319775\n|switch|p2a: Zapdos|Zapdos|62\/100\n|-damage|p2a: Zapdos|37\/100|[from] Stealth Rock\n|turn|24\n|\n|t:|1700319779\n|move|p2a: Zapdos|Discharge|p1a: Torkoal\n|-damage|p1a: Torkoal|0 fnt\n|faint|p1a: Torkoal\n|\n|-weather|SunnyDay|[upkeep]\n|upkeep\n|\n|t:|1700319780\n|switch|p1a: Meowscarada|Meowscarada, F|12\/100\n|turn|25\n|\n|t:|1700319786\n|move|p1a: Meowscarada|Knock Off|p2a: Zapdos\n|-start|p1a: Meowscarada|typechange|Dark|[from] ability: Protean\n|-damage|p2a: Zapdos|12\/100\n|move|p2a: Zapdos|Discharge|p1a: Meowscarada\n|-damage|p1a: Meowscarada|0 fnt\n|faint|p1a: Meowscarada\n|\n|win|OUVT TOSHI\n|raw|DivineGabriel's rating: 1772 &rarr; <strong>1755<\/strong><br \/>(-17 for losing)\n|raw|OUVT TOSHI's rating: 1828 &rarr; <strong>1845<\/strong><br \/>(+17 for winning)\n|l|\u2606DivineGabriel\n|c|\u2606OUVT TOSHI|gg\n","uploadtime":1700319795,"views":15,"p1id":"divinegabriel","p2id":"ouvttoshi","formatid":"gen9ou","rating":1755,"private":0,"password":""}