{"id":"gen9ou-1990125386","p1":"FlaringFox64","p2":"csus","format":"[Gen 9] OU","log":"|j|\u2606FlaringFox64\n|j|\u2606csus\n|t:|1699927269\n|gametype|singles\n|player|p1|FlaringFox64|170|1000\n|player|p2|csus|n|1023\n|teamsize|p1|6\n|teamsize|p2|6\n|gen|9\n|tier|[Gen 9] OU\n|rated|\n|rule|Sleep Clause Mod: Limit one foe put to sleep\n|rule|Species Clause: Limit one of each Pok\u00e9mon\n|rule|OHKO Clause: OHKO moves are banned\n|rule|Evasion Items Clause: Evasion items are banned\n|rule|Evasion Moves Clause: Evasion moves are banned\n|rule|Endless Battle Clause: Forcing endless battles is banned\n|rule|HP Percentage Mod: HP is shown in percentages\n|clearpoke\n|poke|p1|Glimmet, F|\n|poke|p1|Riolu, F|\n|poke|p1|Corviknight, F|\n|poke|p1|Clefable, F|\n|poke|p1|Toxapex, M|\n|poke|p1|Rillaboom, M|\n|poke|p2|Ogerpon-Cornerstone, F|\n|poke|p2|Kingambit, M|\n|poke|p2|Quaquaval, M|\n|poke|p2|Garchomp, M|\n|poke|p2|Ceruledge, F|\n|poke|p2|Bellibolt, M|\n|teampreview\n|inactive|Battle timer is ON: inactive players will automatically lose when time's up. (requested by csus)\n|inactive|csus has 120 seconds left.\n|\n|t:|1699927302\n|start\n|switch|p1a: Glimmet|Glimmet, F|100\/100\n|switch|p2a: Ogerpon|Ogerpon-Cornerstone, F|100\/100\n|turn|1\n|\n|t:|1699927309\n|move|p2a: Ogerpon|Low Sweep|p1a: Glimmet\n|-damage|p1a: Glimmet|28\/100\n|-unboost|p1a: Glimmet|spe|1\n|-activate|p1a: Glimmet|ability: Toxic Debris\n|-sidestart|p2: csus|move: Toxic Spikes\n|move|p1a: Glimmet|Spikes|p2a: Ogerpon\n|-sidestart|p2: csus|Spikes\n|\n|upkeep\n|turn|2\n|\n|t:|1699927319\n|move|p2a: Ogerpon|Low Sweep|p1a: Glimmet\n|-damage|p1a: Glimmet|0 fnt\n|-activate|p1a: Glimmet|ability: Toxic Debris\n|-sidestart|p2: csus|move: Toxic Spikes\n|faint|p1a: Glimmet\n|\n|upkeep\n|\n|t:|1699927325\n|switch|p1a: Riolu|Riolu, F|100\/100\n|turn|3\n|\n|t:|1699927330\n|-terastallize|p1a: Riolu|Fighting\n|move|p2a: Ogerpon|Spiky Shield|p2a: Ogerpon\n|-singleturn|p2a: Ogerpon|move: Protect\n|move|p1a: Riolu|Circle Throw|p2a: Ogerpon\n|-activate|p2a: Ogerpon|move: Protect\n|-damage|p1a: Riolu|88\/100|[from] Spiky Shield|[of] p2a: Ogerpon\n|\n|upkeep\n|turn|4\n|\n|t:|1699927351\n|switch|p2a: Quaquaval|Quaquaval, M|100\/100\n|-status|p2a: Quaquaval|tox\n|-damage|p2a: Quaquaval|88\/100 tox|[from] Spikes\n|move|p1a: Riolu|Circle Throw|p2a: Quaquaval|[miss]\n|-miss|p1a: Riolu|p2a: Quaquaval\n|\n|-damage|p2a: Quaquaval|82\/100 tox|[from] psn\n|upkeep\n|turn|5\n|\n|t:|1699927362\n|move|p2a: Quaquaval|Rapid Spin|p1a: Riolu\n|-damage|p1a: Riolu|48\/100\n|-boost|p2a: Quaquaval|spe|1\n|-sideend|p2: csus|Spikes|[from] move: Rapid Spin|[of] p2a: Quaquaval\n|-sideend|p2: csus|Toxic Spikes|[from] move: Rapid Spin|[of] p2a: Quaquaval\n|move|p1a: Riolu|Circle Throw|p2a: Quaquaval\n|-damage|p2a: Quaquaval|46\/100 tox\n|drag|p2a: Ceruledge|Ceruledge, F|100\/100\n|\n|upkeep\n|turn|6\n|\n|t:|1699927374\n|move|p1a: Riolu|Rest|p1a: Riolu\n|-status|p1a: Riolu|slp|[from] move: Rest\n|-heal|p1a: Riolu|100\/100 slp|[silent]\n|move|p2a: Ceruledge|Psycho Cut|p1a: Riolu\n|-supereffective|p1a: Riolu\n|-damage|p1a: Riolu|0 fnt\n|faint|p1a: Riolu\n|\n|upkeep\n|\n|t:|1699927389\n|switch|p1a: Toxapex|Toxapex, M|100\/100\n|turn|7\n|\n|t:|1699927396\n|move|p2a: Ceruledge|Psycho Cut|p1a: Toxapex\n|-supereffective|p1a: Toxapex\n|-damage|p1a: Toxapex|62\/100\n|move|p1a: Toxapex|Toxic Spikes|p2a: Ceruledge\n|-sidestart|p2: csus|move: Toxic Spikes\n|\n|-heal|p1a: Toxapex|68\/100|[from] item: Black Sludge\n|upkeep\n|turn|8\n|\n|t:|1699927405\n|move|p2a: Ceruledge|Psycho Cut|p1a: Toxapex\n|-supereffective|p1a: Toxapex\n|-damage|p1a: Toxapex|30\/100\n|move|p1a: Toxapex|Iron Defense|p1a: Toxapex\n|-boost|p1a: Toxapex|def|2\n|-enditem|p2a: Ceruledge|Mirror Herb\n|-boost|p2a: Ceruledge|def|2|[from] item: Mirror Herb\n|\n|-heal|p1a: Toxapex|37\/100|[from] item: Black Sludge\n|upkeep\n|turn|9\n|\n|t:|1699927420\n|move|p2a: Ceruledge|Psycho Cut|p1a: Toxapex\n|-supereffective|p1a: Toxapex\n|-damage|p1a: Toxapex|16\/100\n|move|p1a: Toxapex|Recover|p1a: Toxapex\n|-heal|p1a: Toxapex|66\/100\n|\n|-heal|p1a: Toxapex|73\/100|[from] item: Black Sludge\n|upkeep\n|turn|10\n|-message|csus forfeited.\n|\n|win|FlaringFox64\n|raw|FlaringFox64's rating: 1000 &rarr; <strong>1043<\/strong><br \/>(+43 for winning)\n|raw|csus's rating: 1023 &rarr; <strong>1009<\/strong><br \/>(-14 for losing)\n|l|\u2606csus\n","uploadtime":1699927433,"views":25,"p1id":"flaringfox64","p2id":"csus","formatid":"gen9ou","rating":1009,"private":0,"password":""}