{"id":"gen9ou-2000655216","p1":"JohnsonLamborghini","p2":"BugCatcherN8R1X","format":"[Gen 9] OU","log":"|j|\u2606JohnsonLamborghini\n|j|\u2606BugCatcherN8R1X\n|t:|1701215128\n|gametype|singles\n|player|p1|JohnsonLamborghini|hiker|1195\n|player|p2|BugCatcherN8R1X|bugcatcher-gen4dp|1250\n|teamsize|p1|6\n|teamsize|p2|6\n|gen|9\n|tier|[Gen 9] OU\n|rated|\n|rule|Sleep Clause Mod: Limit one foe put to sleep\n|rule|Species Clause: Limit one of each Pok\u00e9mon\n|rule|OHKO Clause: OHKO moves are banned\n|rule|Evasion Items Clause: Evasion items are banned\n|rule|Evasion Moves Clause: Evasion moves are banned\n|rule|Endless Battle Clause: Forcing endless battles is banned\n|rule|HP Percentage Mod: HP is shown in percentages\n|clearpoke\n|poke|p1|Ribombee, F|\n|poke|p1|Great Tusk|\n|poke|p1|Kingambit, M|\n|poke|p1|Gholdengo|\n|poke|p1|Manaphy|\n|poke|p1|Iron Hands|\n|poke|p2|Kleavor, M|\n|poke|p2|Lokix, M|\n|poke|p2|Yanmega, M|\n|poke|p2|Slither Wing|\n|poke|p2|Scizor, M|\n|poke|p2|Frosmoth, M|\n|teampreview\n|inactive|Battle timer is ON: inactive players will automatically lose when time's up. (requested by BugCatcherN8R1X)\n|\n|t:|1701215138\n|start\n|switch|p1a: Ribombee|Ribombee, F|100\/100\n|switch|p2a: Ares|Scizor, M|100\/100\n|turn|1\n|\n|t:|1701215146\n|move|p1a: Ribombee|Skill Swap|p2a: Ares\n|-activate|p1a: Ribombee|move: Skill Swap|Technician|Shield Dust|[of] p2a: Ares\n|move|p2a: Ares|Swords Dance|p2a: Ares\n|-boost|p2a: Ares|atk|2\n|\n|upkeep\n|turn|2\n|\n|t:|1701215159\n|move|p1a: Ribombee|Sticky Web|p2a: Ares\n|-sidestart|p2: BugCatcherN8R1X|move: Sticky Web\n|move|p2a: Ares|Swords Dance|p2a: Ares\n|-boost|p2a: Ares|atk|2\n|\n|upkeep\n|turn|3\n|\n|t:|1701215167\n|switch|p1a: Great Tusk|Great Tusk|100\/100\n|move|p2a: Ares|Trailblaze|p1a: Great Tusk\n|-supereffective|p1a: Great Tusk\n|-damage|p1a: Great Tusk|16\/100\n|-boost|p2a: Ares|spe|1\n|\n|-heal|p1a: Great Tusk|22\/100|[from] item: Leftovers\n|upkeep\n|turn|4\n|\n|t:|1701215176\n|move|p2a: Ares|Bullet Punch|p1a: Great Tusk\n|-damage|p1a: Great Tusk|0 fnt\n|faint|p1a: Great Tusk\n|-end|p1a: Great Tusk|Protosynthesis|[silent]\n|\n|upkeep\n|\n|t:|1701215182\n|switch|p1a: Gholdengo|Gholdengo|100\/100\n|-item|p1a: Gholdengo|Air Balloon\n|turn|5\n|\n|t:|1701215194\n|move|p1a: Gholdengo|Shadow Ball|p2a: Ares\n|-damage|p2a: Ares|48\/100\n|move|p2a: Ares|Trailblaze|p1a: Gholdengo\n|-resisted|p1a: Gholdengo\n|-damage|p1a: Gholdengo|68\/100\n|-boost|p2a: Ares|spe|1\n|-enditem|p1a: Gholdengo|Air Balloon\n|-heal|p2a: Ares|51\/100|[from] item: Shell Bell|[of] p1a: Gholdengo\n|\n|upkeep\n|turn|6\n|\n|t:|1701215206\n|move|p2a: Ares|Knock Off|p1a: Gholdengo\n|-supereffective|p1a: Gholdengo\n|-damage|p1a: Gholdengo|0 fnt\n|faint|p1a: Gholdengo\n|-heal|p2a: Ares|59\/100|[from] item: Shell Bell|[of] p1: Gholdengo\n|\n|upkeep\n|\n|t:|1701215214\n|switch|p1a: Kingambit|Kingambit, M|100\/100\n|-activate|p1a: Kingambit|ability: Supreme Overlord\n|-start|p1a: Kingambit|fallen2|[silent]\n|turn|7\n|\n|t:|1701215223\n|move|p2a: Ares|Bullet Punch|p1a: Kingambit\n|-resisted|p1a: Kingambit\n|-damage|p1a: Kingambit|75\/100\n|-heal|p2a: Ares|62\/100|[from] item: Shell Bell|[of] p1a: Kingambit\n|move|p1a: Kingambit|Low Kick|p2a: Ares\n|-crit|p2a: Ares\n|-damage|p2a: Ares|0 fnt\n|faint|p2a: Ares\n|\n|upkeep\n|\n|t:|1701215229\n|switch|p2a: Nidhogg|Yanmega, M|100\/100\n|turn|8\n|\n|t:|1701215236\n|move|p1a: Kingambit|Sucker Punch|p2a: Nidhogg\n|-damage|p2a: Nidhogg|39\/100\n|move|p2a: Nidhogg|Bug Buzz|p1a: Kingambit\n|-damage|p1a: Kingambit|23\/100\n|-enditem|p2a: Nidhogg|Throat Spray\n|-boost|p2a: Nidhogg|spa|1|[from] item: Throat Spray\n|\n|-ability|p2a: Nidhogg|Speed Boost|boost\n|-boost|p2a: Nidhogg|spe|1\n|upkeep\n|turn|9\n|\n|t:|1701215246\n|move|p2a: Nidhogg|Protect|p2a: Nidhogg\n|-singleturn|p2a: Nidhogg|Protect\n|move|p1a: Kingambit|Sucker Punch||[still]\n|-fail|p1a: Kingambit\n|\n|-ability|p2a: Nidhogg|Speed Boost|boost\n|-boost|p2a: Nidhogg|spe|1\n|upkeep\n|turn|10\n|\n|t:|1701215255\n|move|p2a: Nidhogg|Protect||[still]\n|-fail|p2a: Nidhogg\n|move|p1a: Kingambit|Sucker Punch||[still]\n|-fail|p1a: Kingambit\n|\n|-ability|p2a: Nidhogg|Speed Boost|boost\n|-boost|p2a: Nidhogg|spe|1\n|upkeep\n|turn|11\n|\n|t:|1701215263\n|-end|p1a: Kingambit|fallen2|[silent]\n|switch|p1a: Iron Hands|Iron Hands|100\/100\n|move|p2a: Nidhogg|Protect||[still]\n|-fail|p2a: Nidhogg\n|\n|-ability|p2a: Nidhogg|Speed Boost|boost\n|-boost|p2a: Nidhogg|spe|1\n|upkeep\n|turn|12\n|l|\u2606JohnsonLamborghini\n|inactive|JohnsonLamborghini disconnected and has a minute to reconnect!\n|player|p1|\n|c|\u2606BugCatcherN8R1X|Aww, don\u2019t leave\n|inactive|JohnsonLamborghini has 30 seconds to reconnect!\n|inactive|JohnsonLamborghini has 20 seconds to reconnect!\n|inactive|JohnsonLamborghini has 15 seconds to reconnect!\n|inactive|JohnsonLamborghini has 10 seconds to reconnect!\n|inactive|JohnsonLamborghini has 5 seconds to reconnect!\n|-message|JohnsonLamborghini lost due to inactivity.\n|\n|win|BugCatcherN8R1X\n|raw|JohnsonLamborghini's rating: 1195 &rarr; <strong>1174<\/strong><br \/>(-21 for losing)\n|raw|BugCatcherN8R1X's rating: 1250 &rarr; <strong>1271<\/strong><br \/>(+21 for winning)\n","uploadtime":1701215343,"views":0,"p1id":"johnsonlamborghini","p2id":"bugcatchern8r1x","formatid":"gen9ou","rating":1174,"private":0,"password":""}