{"id":"gen9ou-1997455072","p1":"yung taco","p2":"ratatta17","format":"[Gen 9] OU","log":"|j|\u2606yung taco\n|j|\u2606ratatta17\n|t:|1700808240\n|gametype|singles\n|player|p1|yung taco|swimmerf|1514\n|player|p2|ratatta17|102|1493\n|teamsize|p1|6\n|teamsize|p2|6\n|gen|9\n|tier|[Gen 9] OU\n|rated|\n|rule|Sleep Clause Mod: Limit one foe put to sleep\n|rule|Species Clause: Limit one of each Pok\u00e9mon\n|rule|OHKO Clause: OHKO moves are banned\n|rule|Evasion Items Clause: Evasion items are banned\n|rule|Evasion Moves Clause: Evasion moves are banned\n|rule|Endless Battle Clause: Forcing endless battles is banned\n|rule|HP Percentage Mod: HP is shown in percentages\n|clearpoke\n|poke|p1|Heatran, M|\n|poke|p1|Tornadus-Therian, M|\n|poke|p1|Ogerpon-Cornerstone, F|\n|poke|p1|Great Tusk|\n|poke|p1|Hatterene, F|\n|poke|p1|Toxapex, F|\n|poke|p2|Azumarill, M|\n|poke|p2|Staraptor, M|\n|poke|p2|Toedscruel, F|\n|poke|p2|Skeledirge, M|\n|poke|p2|Ninetales-Alola, F|\n|poke|p2|Iron Valiant|\n|teampreview\n|inactive|Battle timer is ON: inactive players will automatically lose when time's up. (requested by yung taco)\n|inactive|yung taco has 120 seconds left.\n|inactive|yung taco has 90 seconds left.\n|inactive|yung taco has 60 seconds left.\n|inactive|yung taco has 30 seconds left.\n|\n|t:|1700808364\n|start\n|switch|p1a: Joeverpon|Ogerpon-Cornerstone, F|100\/100\n|switch|p2a: Staraptor|Staraptor, M|100\/100\n|-ability|p2a: Staraptor|Intimidate|boost\n|-unboost|p1a: Joeverpon|atk|1\n|turn|1\n|\n|t:|1700808368\n|move|p2a: Staraptor|Final Gambit|p1a: Joeverpon\n|-ability|p1a: Joeverpon|Sturdy\n|-damage|p1a: Joeverpon|1\/100\n|faint|p2a: Staraptor\n|move|p1a: Joeverpon|Ivy Cudgel|p2: Staraptor|[notarget]\n|-fail|p1a: Joeverpon\n|\n|upkeep\n|\n|t:|1700808370\n|switch|p2a: Ninetales|Ninetales-Alola, F|100\/100\n|-weather|Snow|[from] ability: Snow Warning|[of] p2a: Ninetales\n|turn|2\n|\n|t:|1700808380\n|-terastallize|p1a: Joeverpon|Rock\n|detailschange|p1a: Joeverpon|Ogerpon-Cornerstone-Tera, F, tera:Rock\n|-ability|p1a: Joeverpon|Embody Aspect (Cornerstone)|boost\n|-boost|p1a: Joeverpon|def|1\n|move|p2a: Ninetales|Ice Shard|p1a: Joeverpon\n|-damage|p1a: Joeverpon|0 fnt\n|faint|p1a: Joeverpon\n|\n|-weather|Snow|[upkeep]\n|upkeep\n|inactive|yung taco has 90 seconds left.\n|\n|t:|1700808409\n|switch|p1a: He Ran|Heatran, M|100\/100\n|turn|3\n|\n|t:|1700808425\n|move|p2a: Ninetales|Aurora Veil|p2a: Ninetales\n|-sidestart|p2: ratatta17|move: Aurora Veil\n|move|p1a: He Ran|Magma Storm|p2a: Ninetales\n|-supereffective|p2a: Ninetales\n|-damage|p2a: Ninetales|58\/100\n|-activate|p2a: Ninetales|move: Magma Storm|[of] p1a: He Ran\n|\n|-weather|Snow|[upkeep]\n|-damage|p2a: Ninetales|45\/100|[from] move: Magma Storm|[partiallytrapped]\n|upkeep\n|turn|4\n|\n|t:|1700808434\n|move|p2a: Ninetales|Encore|p1a: He Ran\n|-start|p1a: He Ran|Encore\n|move|p1a: He Ran|Magma Storm|p2a: Ninetales\n|-supereffective|p2a: Ninetales\n|-damage|p2a: Ninetales|1\/100\n|\n|-weather|Snow|[upkeep]\n|-damage|p2a: Ninetales|0 fnt|[from] move: Magma Storm|[partiallytrapped]\n|faint|p2a: Ninetales\n|upkeep\n|\n|t:|1700808459\n|switch|p2a: Toedscruel|Toedscruel, F|100\/100\n|turn|5\n|\n|t:|1700808466\n|switch|p1a: Gold|Tornadus-Therian, M|100\/100\n|move|p2a: Toedscruel|Spore|p1a: Gold\n|-status|p1a: Gold|slp|[from] move: Spore\n|\n|-weather|Snow|[upkeep]\n|upkeep\n|turn|6\n|inactive|yung taco has 120 seconds left.\n|\n|t:|1700808481\n|cant|p1a: Gold|slp\n|move|p2a: Toedscruel|Leech Seed|p1a: Gold\n|-start|p1a: Gold|move: Leech Seed\n|\n|-weather|none\n|-damage|p1a: Gold|88\/100 slp|[from] Leech Seed|[of] p2a: Toedscruel\n|upkeep\n|turn|7\n|\n|t:|1700808487\n|cant|p1a: Gold|slp\n|move|p2a: Toedscruel|Knock Off|p1a: Gold\n|-damage|p1a: Gold|69\/100 slp\n|-enditem|p1a: Gold|Assault Vest|[from] move: Knock Off|[of] p2a: Toedscruel\n|\n|-damage|p1a: Gold|56\/100 slp|[from] Leech Seed|[of] p2a: Toedscruel\n|upkeep\n|turn|8\n|\n|t:|1700808495\n|cant|p1a: Gold|slp\n|move|p2a: Toedscruel|Spore|p1a: Gold\n|-fail|p1a: Gold|slp\n|\n|-damage|p1a: Gold|44\/100 slp|[from] Leech Seed|[of] p2a: Toedscruel\n|upkeep\n|turn|9\n|\n|t:|1700808499\n|-curestatus|p1a: Gold|slp|[msg]\n|move|p1a: Gold|U-turn|p2a: Toedscruel\n|-supereffective|p2a: Toedscruel\n|-damage|p2a: Toedscruel|82\/100\n|\n|t:|1700808504\n|switch|p1a: Trish|Hatterene, F|100\/100|[from] U-turn\n|move|p2a: Toedscruel|Spore|p1a: Trish\n|-status|p1a: Trish|slp|[from] move: Spore\n|\n|-heal|p2a: Toedscruel|88\/100|[from] item: Leftovers\n|upkeep\n|turn|10\n|inactive|ratatta17 has 120 seconds left.\n|\n|t:|1700808548\n|cant|p1a: Trish|slp\n|move|p2a: Toedscruel|Leech Seed|p1a: Trish\n|-start|p1a: Trish|move: Leech Seed\n|\n|-heal|p2a: Toedscruel|94\/100|[from] item: Leftovers\n|-damage|p1a: Trish|88\/100 slp|[from] Leech Seed|[of] p2a: Toedscruel\n|-heal|p2a: Toedscruel|100\/100|[silent]\n|-sideend|p2: ratatta17|move: Aurora Veil\n|upkeep\n|turn|11\n|inactive|yung taco has 120 seconds left.\n|\n|t:|1700808595\n|switch|p1a: Gold|Tornadus-Therian, M|77\/100\n|move|p2a: Toedscruel|Knock Off|p1a: Gold\n|-damage|p1a: Gold|65\/100\n|\n|upkeep\n|turn|12\n|inactive|ratatta17 has 120 seconds left.\n|\n|t:|1700808615\n|move|p1a: Gold|Bleakwind Storm|p2a: Toedscruel\n|-supereffective|p2a: Toedscruel\n|-damage|p2a: Toedscruel|54\/100\n|move|p2a: Toedscruel|Leech Seed|p1a: Gold\n|-start|p1a: Gold|move: Leech Seed\n|\n|-heal|p2a: Toedscruel|60\/100|[from] item: Leftovers\n|-damage|p1a: Gold|52\/100|[from] Leech Seed|[of] p2a: Toedscruel\n|-heal|p2a: Toedscruel|72\/100|[silent]\n|upkeep\n|turn|13\n|inactive|yung taco has 90 seconds left.\n|\n|t:|1700808656\n|switch|p2a: Skeledirge|Skeledirge, M|100\/100\n|move|p1a: Gold|U-turn|p2a: Skeledirge\n|-resisted|p2a: Skeledirge\n|-damage|p2a: Skeledirge|98\/100\n|\n|t:|1700808668\n|switch|p1a: He Ran|Heatran, M|100\/100|[from] U-turn\n|\n|-heal|p2a: Skeledirge|100\/100|[from] item: Leftovers\n|upkeep\n|turn|14\n|inactive|ratatta17 has 120 seconds left.\n|\n|t:|1700808694\n|move|p1a: He Ran|Magma Storm|p2a: Skeledirge\n|-resisted|p2a: Skeledirge\n|-damage|p2a: Skeledirge|85\/100\n|-activate|p2a: Skeledirge|move: Magma Storm|[of] p1a: He Ran\n|move|p2a: Skeledirge|Hex|p1a: He Ran\n|-damage|p1a: He Ran|84\/100\n|\n|-heal|p1a: He Ran|90\/100|[from] item: Leftovers\n|-heal|p2a: Skeledirge|91\/100|[from] item: Leftovers\n|-damage|p2a: Skeledirge|79\/100|[from] move: Magma Storm|[partiallytrapped]\n|upkeep\n|turn|15\n|inactive|yung taco has 60 seconds left.\n|\n|t:|1700808732\n|switch|p2a: Toedscruel|Toedscruel, F|72\/100\n|move|p1a: He Ran|Earth Power|p2a: Toedscruel\n|-resisted|p2a: Toedscruel\n|-damage|p2a: Toedscruel|65\/100\n|\n|-heal|p2a: Toedscruel|71\/100|[from] item: Leftovers\n|-heal|p1a: He Ran|96\/100|[from] item: Leftovers\n|upkeep\n|turn|16\n|inactive|ratatta17 has 120 seconds left.\n|\n|t:|1700808743\n|move|p2a: Toedscruel|Knock Off|p1a: He Ran\n|-damage|p1a: He Ran|82\/100\n|-enditem|p1a: He Ran|Leftovers|[from] move: Knock Off|[of] p2a: Toedscruel\n|move|p1a: He Ran|Magma Storm|p2a: Toedscruel\n|-supereffective|p2a: Toedscruel\n|-damage|p2a: Toedscruel|19\/100\n|-activate|p2a: Toedscruel|move: Magma Storm|[of] p1a: He Ran\n|\n|-heal|p2a: Toedscruel|25\/100|[from] item: Leftovers\n|-damage|p2a: Toedscruel|13\/100|[from] move: Magma Storm|[partiallytrapped]\n|upkeep\n|turn|17\n|inactive|yung taco has 60 seconds left.\n|\n|t:|1700808756\n|move|p2a: Toedscruel|Rapid Spin|p1a: He Ran\n|-resisted|p1a: He Ran\n|-damage|p1a: He Ran|78\/100\n|-boost|p2a: Toedscruel|spe|1\n|-status|p2a: Toedscruel|brn|[from] ability: Flame Body|[of] p1a: He Ran\n|-end|p2a: Toedscruel|Magma Storm|[partiallytrapped]\n|move|p1a: He Ran|Earth Power|p2a: Toedscruel\n|-resisted|p2a: Toedscruel\n|-damage|p2a: Toedscruel|5\/100 brn\n|\n|-heal|p2a: Toedscruel|11\/100 brn|[from] item: Leftovers\n|-damage|p2a: Toedscruel|5\/100 brn|[from] brn\n|upkeep\n|turn|18\n|inactive|yung taco has 60 seconds left.\n|\n|t:|1700808765\n|move|p1a: He Ran|Protect|p1a: He Ran\n|-singleturn|p1a: He Ran|Protect\n|move|p2a: Toedscruel|Leech Seed|p1a: He Ran\n|-activate|p1a: He Ran|move: Protect\n|\n|-heal|p2a: Toedscruel|11\/100 brn|[from] item: Leftovers\n|-damage|p2a: Toedscruel|5\/100 brn|[from] brn\n|upkeep\n|turn|19\n|\n|t:|1700808770\n|move|p1a: He Ran|Earth Power|p2a: Toedscruel\n|-resisted|p2a: Toedscruel\n|-damage|p2a: Toedscruel|0 fnt\n|faint|p2a: Toedscruel\n|\n|upkeep\n|\n|t:|1700808775\n|switch|p2a: Iron Valiant|Iron Valiant|100\/100\n|turn|20\n|inactive|yung taco has 60 seconds left.\n|\n|t:|1700808795\n|move|p2a: Iron Valiant|Aura Sphere|p1a: He Ran\n|-supereffective|p1a: He Ran\n|-damage|p1a: He Ran|13\/100\n|-damage|p2a: Iron Valiant|91\/100|[from] item: Life Orb\n|move|p1a: He Ran|Magma Storm|p2a: Iron Valiant\n|-damage|p2a: Iron Valiant|7\/100\n|-activate|p2a: Iron Valiant|move: Magma Storm|[of] p1a: He Ran\n|\n|-damage|p2a: Iron Valiant|0 fnt|[from] move: Magma Storm|[partiallytrapped]\n|faint|p2a: Iron Valiant\n|-end|p2a: Iron Valiant|Quark Drive|[silent]\n|upkeep\n|inactive|ratatta17 has 120 seconds left.\n|\n|t:|1700808827\n|switch|p2a: Skeledirge|Skeledirge, M|79\/100\n|turn|21\n|\n|t:|1700808834\n|move|p1a: He Ran|Taunt|p2a: Skeledirge\n|-start|p2a: Skeledirge|move: Taunt\n|move|p2a: Skeledirge|Hex|p1a: He Ran\n|-damage|p1a: He Ran|0 fnt\n|faint|p1a: He Ran\n|\n|-heal|p2a: Skeledirge|85\/100|[from] item: Leftovers\n|upkeep\n|\n|t:|1700808848\n|switch|p1a: Trisha|Toxapex, F|100\/100\n|turn|22\n|inactive|ratatta17 has 120 seconds left.\n|\n|t:|1700808880\n|move|p2a: Skeledirge|Torch Song|p1a: Trisha\n|-resisted|p1a: Trisha\n|-damage|p1a: Trisha|90\/100\n|-boost|p2a: Skeledirge|spa|1\n|move|p1a: Trisha|Toxic Spikes|p2a: Skeledirge\n|-sidestart|p2: ratatta17|move: Toxic Spikes\n|\n|-heal|p2a: Skeledirge|91\/100|[from] item: Leftovers\n|-heal|p1a: Trisha|96\/100|[from] item: Leftovers\n|upkeep\n|turn|23\n|\n|t:|1700808885\n|move|p2a: Skeledirge|Torch Song|p1a: Trisha\n|-resisted|p1a: Trisha\n|-damage|p1a: Trisha|82\/100\n|-boost|p2a: Skeledirge|spa|1\n|move|p1a: Trisha|Toxic Spikes|p2a: Skeledirge\n|-sidestart|p2: ratatta17|move: Toxic Spikes\n|\n|-heal|p2a: Skeledirge|97\/100|[from] item: Leftovers\n|-heal|p1a: Trisha|88\/100|[from] item: Leftovers\n|-end|p2a: Skeledirge|move: Taunt\n|upkeep\n|turn|24\n|\n|t:|1700808892\n|move|p2a: Skeledirge|Hex|p1a: Trisha\n|-damage|p1a: Trisha|56\/100\n|move|p1a: Trisha|Haze|p1a: Trisha\n|-clearallboost\n|\n|-heal|p2a: Skeledirge|100\/100|[from] item: Leftovers\n|-heal|p1a: Trisha|62\/100|[from] item: Leftovers\n|upkeep\n|turn|25\n|\n|t:|1700808899\n|move|p2a: Skeledirge|Will-O-Wisp|p1a: Trisha\n|-status|p1a: Trisha|brn\n|move|p1a: Trisha|Recover|p1a: Trisha\n|-heal|p1a: Trisha|100\/100 brn\n|\n|-damage|p1a: Trisha|95\/100 brn|[from] brn\n|upkeep\n|turn|26\n|\n|t:|1700808906\n|move|p2a: Skeledirge|Torch Song|p1a: Trisha\n|-resisted|p1a: Trisha\n|-damage|p1a: Trisha|85\/100 brn\n|-boost|p2a: Skeledirge|spa|1\n|move|p1a: Trisha|Surf|p2a: Skeledirge\n|-supereffective|p2a: Skeledirge\n|-damage|p2a: Skeledirge|73\/100\n|\n|-heal|p2a: Skeledirge|79\/100|[from] item: Leftovers\n|-heal|p1a: Trisha|91\/100 brn|[from] item: Leftovers\n|-damage|p1a: Trisha|85\/100 brn|[from] brn\n|upkeep\n|turn|27\n|\n|t:|1700808912\n|move|p2a: Skeledirge|Hex|p1a: Trisha\n|-damage|p1a: Trisha|39\/100 brn\n|move|p1a: Trisha|Surf|p2a: Skeledirge\n|-supereffective|p2a: Skeledirge\n|-damage|p2a: Skeledirge|52\/100\n|\n|-heal|p2a: Skeledirge|58\/100|[from] item: Leftovers\n|-heal|p1a: Trisha|45\/100 brn|[from] item: Leftovers\n|-damage|p1a: Trisha|39\/100 brn|[from] brn\n|upkeep\n|turn|28\n|\n|t:|1700808936\n|move|p2a: Skeledirge|Hex|p1a: Trisha\n|-damage|p1a: Trisha|0 fnt\n|faint|p1a: Trisha\n|\n|-heal|p2a: Skeledirge|64\/100|[from] item: Leftovers\n|upkeep\n|\n|t:|1700808951\n|switch|p1a: Ben|Great Tusk, shiny|100\/100\n|turn|29\n|\n|t:|1700808962\n|-terastallize|p2a: Skeledirge|Dragon\n|move|p1a: Ben|Earthquake|p2a: Skeledirge\n|-damage|p2a: Skeledirge|32\/100\n|move|p2a: Skeledirge|Will-O-Wisp|p1a: Ben\n|-status|p1a: Ben|brn\n|\n|-heal|p2a: Skeledirge|38\/100|[from] item: Leftovers\n|-damage|p1a: Ben|94\/100 brn|[from] brn\n|upkeep\n|turn|30\n|inactive|yung taco has 120 seconds left.\n|\n|t:|1700808977\n|move|p1a: Ben|Ice Spinner|p2a: Skeledirge\n|-supereffective|p2a: Skeledirge\n|-damage|p2a: Skeledirge|19\/100\n|move|p2a: Skeledirge|Slack Off|p2a: Skeledirge\n|-heal|p2a: Skeledirge|69\/100\n|\n|-heal|p1a: Ben|100\/100 brn|[from] item: Leftovers\n|-heal|p2a: Skeledirge|75\/100|[from] item: Leftovers\n|-damage|p1a: Ben|94\/100 brn|[from] brn\n|upkeep\n|turn|31\n|\n|t:|1700808989\n|move|p1a: Ben|Stealth Rock|p2a: Skeledirge\n|-sidestart|p2: ratatta17|move: Stealth Rock\n|move|p2a: Skeledirge|Slack Off|p2a: Skeledirge\n|-heal|p2a: Skeledirge|100\/100\n|\n|-heal|p1a: Ben|100\/100 brn|[from] item: Leftovers\n|-damage|p1a: Ben|94\/100 brn|[from] brn\n|upkeep\n|turn|32\n|\n|t:|1700809002\n|move|p1a: Ben|Ice Spinner|p2a: Skeledirge\n|-supereffective|p2a: Skeledirge\n|-crit|p2a: Skeledirge\n|-damage|p2a: Skeledirge|70\/100\n|move|p2a: Skeledirge|Torch Song|p1a: Ben\n|-crit|p1a: Ben\n|-damage|p1a: Ben|13\/100 brn\n|-boost|p2a: Skeledirge|spa|1\n|\n|-heal|p1a: Ben|19\/100 brn|[from] item: Leftovers\n|-heal|p2a: Skeledirge|76\/100|[from] item: Leftovers\n|-damage|p1a: Ben|13\/100 brn|[from] brn\n|upkeep\n|turn|33\n|\n|t:|1700809014\n|-end|p1a: Ben|Protosynthesis|[silent]\n|switch|p1a: Trish|Hatterene, F|88\/100 slp\n|move|p2a: Skeledirge|Slack Off|p2a: Skeledirge\n|-heal|p2a: Skeledirge|100\/100\n|\n|-heal|p1a: Trish|94\/100 slp|[from] item: Leftovers\n|upkeep\n|turn|34\n|\n|t:|1700809029\n|move|p2a: Skeledirge|Torch Song|p1a: Trish\n|-crit|p1a: Trish\n|-damage|p1a: Trish|7\/100 slp\n|-boost|p2a: Skeledirge|spa|1\n|-curestatus|p1a: Trish|slp|[msg]\n|move|p1a: Trish|Draining Kiss|p2a: Skeledirge\n|-supereffective|p2a: Skeledirge\n|-damage|p2a: Skeledirge|67\/100\n|-heal|p1a: Trish|40\/100|[from] drain|[of] p2a: Skeledirge\n|\n|-heal|p2a: Skeledirge|73\/100|[from] item: Leftovers\n|-heal|p1a: Trish|46\/100|[from] item: Leftovers\n|upkeep\n|turn|35\n|\n|t:|1700809043\n|move|p2a: Skeledirge|Torch Song|p1a: Trish\n|-damage|p1a: Trish|0 fnt\n|-boost|p2a: Skeledirge|spa|1\n|faint|p1a: Trish\n|\n|-heal|p2a: Skeledirge|79\/100|[from] item: Leftovers\n|upkeep\n|\n|t:|1700809049\n|switch|p1a: Gold|Tornadus-Therian, M|85\/100\n|turn|36\n|\n|t:|1700809056\n|move|p1a: Gold|Knock Off|p2a: Skeledirge\n|-damage|p2a: Skeledirge|63\/100\n|-enditem|p2a: Skeledirge|Leftovers|[from] move: Knock Off|[of] p1a: Gold\n|move|p2a: Skeledirge|Torch Song|p1a: Gold\n|-damage|p1a: Gold|7\/100\n|-boost|p2a: Skeledirge|spa|1\n|\n|upkeep\n|turn|37\n|inactive|yung taco has 120 seconds left.\n|\n|t:|1700809063\n|move|p1a: Gold|Bleakwind Storm|p2a: Skeledirge\n|-damage|p2a: Skeledirge|37\/100\n|-unboost|p2a: Skeledirge|spe|1\n|move|p2a: Skeledirge|Slack Off|p2a: Skeledirge\n|-heal|p2a: Skeledirge|87\/100\n|\n|upkeep\n|turn|38\n|\n|t:|1700809072\n|move|p1a: Gold|Bleakwind Storm|p2a: Skeledirge\n|-damage|p2a: Skeledirge|58\/100\n|move|p2a: Skeledirge|Torch Song|p1a: Gold\n|-damage|p1a: Gold|0 fnt\n|-boost|p2a: Skeledirge|spa|1\n|faint|p1a: Gold\n|\n|upkeep\n|inactive|yung taco has 120 seconds left.\n|-message|yung taco forfeited.\n|\n|win|ratatta17\n|raw|yung taco's rating: 1514 &rarr; <strong>1494<\/strong><br \/>(-20 for losing)\n|raw|ratatta17's rating: 1519 &rarr; <strong>1539<\/strong><br \/>(+20 for winning)\n|l|\u2606yung taco\n","uploadtime":1700809087,"views":4,"p1id":"yungtaco","p2id":"ratatta17","formatid":"gen9ou","rating":1494,"private":0,"password":""}