{"id":"gen9ou-1994495775","p1":"Firephionex","p2":"gosuBX","format":"[Gen 9] OU","log":"|j|\u2606Firephionex\n|j|\u2606gosuBX\n|t:|1700450690\n|gametype|singles\n|player|p1|Firephionex|plasmagrunt|1191\n|player|p2|gosuBX|2|1148\n|teamsize|p1|6\n|teamsize|p2|6\n|gen|9\n|tier|[Gen 9] OU\n|rated|\n|rule|Sleep Clause Mod: Limit one foe put to sleep\n|rule|Species Clause: Limit one of each Pok\u00e9mon\n|rule|OHKO Clause: OHKO moves are banned\n|rule|Evasion Items Clause: Evasion items are banned\n|rule|Evasion Moves Clause: Evasion moves are banned\n|rule|Endless Battle Clause: Forcing endless battles is banned\n|rule|HP Percentage Mod: HP is shown in percentages\n|clearpoke\n|poke|p1|Kingambit, M|\n|poke|p1|Iron Moth|\n|poke|p1|Iron Valiant|\n|poke|p1|Rotom-Wash|\n|poke|p1|Dragapult, F|\n|poke|p1|Great Tusk|\n|poke|p2|Cloyster, F|\n|poke|p2|Uxie|\n|poke|p2|Ribombee, M|\n|poke|p2|Arcanine-Hisui, M|\n|poke|p2|Brute Bonnet|\n|poke|p2|Garchomp, M|\n|teampreview\n|inactive|Battle timer is ON: inactive players will automatically lose when time's up. (requested by gosuBX)\n|\n|t:|1700450704\n|start\n|switch|p1a: Iron Moth|Iron Moth|100\/100\n|switch|p2a: Uxie|Uxie|100\/100\n|turn|1\n|\n|t:|1700450719\n|move|p1a: Iron Moth|Overheat|p2a: Uxie\n|-damage|p2a: Uxie|18\/100\n|-unboost|p1a: Iron Moth|spa|2\n|move|p2a: Uxie|Thunder Wave|p1a: Iron Moth\n|-status|p1a: Iron Moth|par\n|\n|upkeep\n|turn|2\n|\n|t:|1700450731\n|-end|p1a: Iron Moth|Quark Drive|[silent]\n|switch|p1a: Rotom|Rotom-Wash|100\/100\n|move|p2a: Uxie|Light Screen|p2a: Uxie\n|-sidestart|p2: gosuBX|move: Light Screen\n|\n|upkeep\n|turn|3\n|\n|t:|1700450741\n|move|p2a: Uxie|Reflect|p2a: Uxie\n|-sidestart|p2: gosuBX|Reflect\n|move|p1a: Rotom|Volt Switch|p2a: Uxie\n|-damage|p2a: Uxie|9\/100\n|\n|t:|1700450752\n|switch|p1a: Dragapult|Dragapult, F|100\/100|[from] Volt Switch\n|\n|upkeep\n|turn|4\n|\n|t:|1700450757\n|move|p1a: Dragapult|U-turn|p2a: Uxie\n|-supereffective|p2a: Uxie\n|-damage|p2a: Uxie|0 fnt\n|faint|p2a: Uxie\n|\n|t:|1700450762\n|switch|p1a: Rotom|Rotom-Wash|100\/100|[from] U-turn\n|\n|upkeep\n|\n|t:|1700450792\n|switch|p2a: Cloyster|Cloyster, F|100\/100\n|turn|5\n|\n|t:|1700450804\n|-terastallize|p2a: Cloyster|Ice\n|move|p2a: Cloyster|Shell Smash|p2a: Cloyster\n|-unboost|p2a: Cloyster|def|1\n|-unboost|p2a: Cloyster|spd|1\n|-boost|p2a: Cloyster|atk|2\n|-boost|p2a: Cloyster|spa|2\n|-boost|p2a: Cloyster|spe|2\n|move|p1a: Rotom|Thunder Wave|p2a: Cloyster\n|-status|p2a: Cloyster|par\n|\n|upkeep\n|turn|6\n|\n|t:|1700450815\n|move|p2a: Cloyster|Shell Smash|p2a: Cloyster\n|-unboost|p2a: Cloyster|def|1\n|-unboost|p2a: Cloyster|spd|1\n|-boost|p2a: Cloyster|atk|2\n|-boost|p2a: Cloyster|spa|2\n|-boost|p2a: Cloyster|spe|2\n|move|p1a: Rotom|Volt Switch|p2a: Cloyster\n|-damage|p2a: Cloyster|32\/100 par\n|\n|t:|1700450824\n|switch|p1a: Kingambit|Kingambit, M|100\/100|[from] Volt Switch\n|\n|-sideend|p2: gosuBX|move: Light Screen\n|upkeep\n|turn|7\n|\n|t:|1700450832\n|move|p1a: Kingambit|Sucker Punch|p2a: Cloyster\n|-damage|p2a: Cloyster|0 fnt\n|faint|p2a: Cloyster\n|\n|-sideend|p2: gosuBX|Reflect\n|upkeep\n|\n|t:|1700450840\n|switch|p2a: Brute Bonnet|Brute Bonnet|100\/100\n|turn|8\n|\n|t:|1700450845\n|-end|p1a: Kingambit|fallenundefined|[silent]\n|switch|p1a: Iron Moth|Iron Moth|100\/100 par\n|move|p2a: Brute Bonnet|Spore||[still]\n|-fail|p2a: Brute Bonnet\n|\n|upkeep\n|turn|9\n|\n|t:|1700450851\n|move|p2a: Brute Bonnet|Bullet Seed|p1a: Iron Moth\n|-resisted|p1a: Iron Moth\n|-damage|p1a: Iron Moth|95\/100 par\n|-resisted|p1a: Iron Moth\n|-crit|p1a: Iron Moth\n|-damage|p1a: Iron Moth|86\/100 par\n|-resisted|p1a: Iron Moth\n|-damage|p1a: Iron Moth|80\/100 par\n|-resisted|p1a: Iron Moth\n|-damage|p1a: Iron Moth|74\/100 par\n|-resisted|p1a: Iron Moth\n|-damage|p1a: Iron Moth|67\/100 par\n|-hitcount|p1a: Iron Moth|5\n|move|p1a: Iron Moth|Overheat|p2a: Brute Bonnet|[miss]\n|-miss|p1a: Iron Moth|p2a: Brute Bonnet\n|\n|upkeep\n|turn|10\n|\n|t:|1700450864\n|move|p2a: Brute Bonnet|Bullet Seed|p1a: Iron Moth\n|-resisted|p1a: Iron Moth\n|-damage|p1a: Iron Moth|61\/100 par\n|-resisted|p1a: Iron Moth\n|-damage|p1a: Iron Moth|56\/100 par\n|-resisted|p1a: Iron Moth\n|-damage|p1a: Iron Moth|51\/100 par\n|-resisted|p1a: Iron Moth\n|-damage|p1a: Iron Moth|45\/100 par\n|-resisted|p1a: Iron Moth\n|-damage|p1a: Iron Moth|38\/100 par\n|-hitcount|p1a: Iron Moth|5\n|move|p1a: Iron Moth|Overheat|p2a: Brute Bonnet\n|-supereffective|p2a: Brute Bonnet\n|-damage|p2a: Brute Bonnet|0 fnt\n|-unboost|p1a: Iron Moth|spa|2\n|faint|p2a: Brute Bonnet\n|-end|p2a: Brute Bonnet|Protosynthesis|[silent]\n|\n|upkeep\n|\n|t:|1700450878\n|switch|p2a: Garchomp|Garchomp, M, shiny|100\/100\n|turn|11\n|\n|t:|1700450882\n|move|p2a: Garchomp|Swords Dance|p2a: Garchomp\n|-boost|p2a: Garchomp|atk|2\n|move|p1a: Iron Moth|Overheat|p2a: Garchomp\n|-resisted|p2a: Garchomp\n|-damage|p2a: Garchomp|71\/100\n|-unboost|p1a: Iron Moth|spa|2\n|\n|-heal|p2a: Garchomp|77\/100|[from] item: Leftovers\n|upkeep\n|turn|12\n|\n|t:|1700450901\n|move|p2a: Garchomp|Scale Shot|p1a: Iron Moth\n|-damage|p1a: Iron Moth|0 fnt\n|faint|p1a: Iron Moth\n|-end|p1a: Iron Moth|Quark Drive|[silent]\n|-hitcount|p1: Iron Moth|1\n|-unboost|p2a: Garchomp|def|1\n|-boost|p2a: Garchomp|spe|1\n|\n|-heal|p2a: Garchomp|83\/100|[from] item: Leftovers\n|upkeep\n|inactive|Firephionex has 120 seconds left.\n|inactive|Firephionex has 90 seconds left.\n|\n|t:|1700450952\n|switch|p1a: Great Tusk|Great Tusk|100\/100\n|turn|13\n|inactive|Firephionex has 90 seconds left.\n|\n|t:|1700450977\n|move|p2a: Garchomp|Earthquake|p1a: Great Tusk\n|-damage|p1a: Great Tusk|51\/100\n|move|p1a: Great Tusk|Knock Off|p2a: Garchomp\n|-damage|p2a: Garchomp|42\/100\n|-damage|p1a: Great Tusk|39\/100|[from] ability: Rough Skin|[of] p2a: Garchomp\n|-enditem|p2a: Garchomp|Leftovers|[from] move: Knock Off|[of] p1a: Great Tusk\n|\n|-heal|p1a: Great Tusk|45\/100|[from] item: Leftovers\n|upkeep\n|turn|14\n|inactive|Firephionex has 90 seconds left.\n|\n|t:|1700450988\n|move|p2a: Garchomp|Earthquake|p1a: Great Tusk\n|-damage|p1a: Great Tusk|0 fnt\n|faint|p1a: Great Tusk\n|-end|p1a: Great Tusk|Protosynthesis|[silent]\n|\n|upkeep\n|inactive|Firephionex has 90 seconds left.\n|\n|t:|1700450993\n|switch|p1a: Kingambit|Kingambit, M|100\/100\n|-activate|p1a: Kingambit|ability: Supreme Overlord\n|-start|p1a: Kingambit|fallen2|[silent]\n|turn|15\n|\n|t:|1700450999\n|move|p1a: Kingambit|Sucker Punch||[still]\n|-fail|p1a: Kingambit\n|move|p2a: Garchomp|Swords Dance|p2a: Garchomp\n|-boost|p2a: Garchomp|atk|2\n|\n|upkeep\n|turn|16\n|\n|t:|1700451005\n|move|p1a: Kingambit|Sucker Punch||[still]\n|-fail|p1a: Kingambit\n|move|p2a: Garchomp|Swords Dance|p2a: Garchomp\n|-boost|p2a: Garchomp|atk|2\n|\n|upkeep\n|turn|17\n|\n|t:|1700451012\n|move|p1a: Kingambit|Sucker Punch||[still]\n|-fail|p1a: Kingambit\n|move|p2a: Garchomp|Swords Dance|p2a: Garchomp\n|-boost|p2a: Garchomp|atk|0\n|\n|upkeep\n|turn|18\n|\n|t:|1700451018\n|move|p2a: Garchomp|Earthquake|p1a: Kingambit\n|-supereffective|p1a: Kingambit\n|-damage|p1a: Kingambit|0 fnt\n|faint|p1a: Kingambit\n|-end|p1a: Kingambit|fallen2|[silent]\n|\n|upkeep\n|-message|Firephionex forfeited.\n|\n|win|gosuBX\n|raw|Firephionex's rating: 1191 &rarr; <strong>1163<\/strong><br \/>(-28 for losing)\n|raw|gosuBX's rating: 1148 &rarr; <strong>1176<\/strong><br \/>(+28 for winning)\n|l|\u2606Firephionex\n|c|\u2606gosuBX|idiot\n","uploadtime":1700451073,"views":17,"p1id":"firephionex","p2id":"gosubx","formatid":"gen9ou","rating":1163,"private":0,"password":""}