{"id":"gen9ou-1996837942","p1":"coolaidt","p2":"Skaraptor2.1","format":"[Gen 9] OU","log":"|j|\u2606coolaidt\n|j|\u2606Skaraptor2.1\n|t:|1700733338\n|gametype|singles\n|player|p1|coolaidt|101|1608\n|player|p2|Skaraptor2.1|bodybuilderf-gen9|1465\n|teamsize|p1|6\n|teamsize|p2|6\n|gen|9\n|tier|[Gen 9] OU\n|rated|\n|rule|Sleep Clause Mod: Limit one foe put to sleep\n|rule|Species Clause: Limit one of each Pok\u00e9mon\n|rule|OHKO Clause: OHKO moves are banned\n|rule|Evasion Items Clause: Evasion items are banned\n|rule|Evasion Moves Clause: Evasion moves are banned\n|rule|Endless Battle Clause: Forcing endless battles is banned\n|rule|HP Percentage Mod: HP is shown in percentages\n|clearpoke\n|poke|p1|Gholdengo|\n|poke|p1|Garganacl, M|\n|poke|p1|Landorus-Therian, M|\n|poke|p1|Hatterene, F|\n|poke|p1|Cinderace, M|\n|poke|p1|Ogerpon-Cornerstone, F|\n|poke|p2|Ribombee, M|\n|poke|p2|Ogerpon-Wellspring, F|\n|poke|p2|Corviknight, M|\n|poke|p2|Zamazenta-*|\n|poke|p2|Iron Valiant|\n|poke|p2|Kingambit, F|\n|teampreview\n|inactive|Battle timer is ON: inactive players will automatically lose when time's up. (requested by Skaraptor2.1)\n|\n|t:|1700733345\n|start\n|switch|p1a: Cinderace|Cinderace, M|100\/100\n|switch|p2a: Transfem|Ogerpon-Wellspring, F|100\/100\n|turn|1\n|\n|t:|1700733351\n|move|p1a: Cinderace|U-turn|p2a: Transfem\n|-start|p1a: Cinderace|typechange|Bug|[from] ability: Libero\n|-supereffective|p2a: Transfem\n|-damage|p2a: Transfem|0 fnt\n|faint|p2a: Transfem\n|\n|t:|1700733372\n|switch|p1a: Hatterene|Hatterene, F|100\/100|[from] U-turn\n|\n|upkeep\n|\n|t:|1700733381\n|switch|p2a: Queengambit|Kingambit, F|100\/100\n|-activate|p2a: Queengambit|ability: Supreme Overlord\n|-start|p2a: Queengambit|fallen1|[silent]\n|turn|2\n|\n|t:|1700733389\n|switch|p1a: Landorus|Landorus-Therian, M|100\/100\n|-ability|p1a: Landorus|Intimidate|boost\n|-unboost|p2a: Queengambit|atk|1\n|move|p2a: Queengambit|Iron Head|p1a: Landorus\n|-damage|p1a: Landorus|60\/100\n|\n|-heal|p1a: Landorus|66\/100|[from] item: Leftovers\n|upkeep\n|turn|3\n|\n|t:|1700733399\n|switch|p1a: Cinderace|Cinderace, M|100\/100\n|-end|p2a: Queengambit|fallen1|[silent]\n|switch|p2a: Selling my soul|Corviknight, M|100\/100\n|-ability|p2a: Selling my soul|Pressure\n|\n|upkeep\n|turn|4\n|\n|t:|1700733403\n|move|p1a: Cinderace|Pyro Ball|p2a: Selling my soul\n|-supereffective|p2a: Selling my soul\n|-damage|p2a: Selling my soul|2\/100\n|move|p2a: Selling my soul|Brave Bird|p1a: Cinderace\n|-damage|p1a: Cinderace|44\/100\n|-damage|p2a: Selling my soul|0 fnt|[from] Recoil\n|faint|p2a: Selling my soul\n|\n|upkeep\n|l|\u2606Skaraptor2.1\n|inactive|Skaraptor2.1 disconnected and has a minute to reconnect!\n|player|p2|\n|j|\u2606Skaraptor2.1\n|inactive|Skaraptor2.1 reconnected and has 130 seconds left.\n|player|p2|Skaraptor2.1|bodybuilderf-gen9\n|\n|t:|1700733429\n|switch|p2a: Bigender|Iron Valiant|100\/100\n|-enditem|p2a: Bigender|Booster Energy\n|-activate|p2a: Bigender|ability: Quark Drive|[fromitem]\n|-start|p2a: Bigender|quarkdrivespe\n|turn|5\n|\n|t:|1700733438\n|move|p2a: Bigender|Thunderbolt|p1a: Cinderace\n|-damage|p1a: Cinderace|0 fnt\n|faint|p1a: Cinderace\n|\n|upkeep\n|l|\u2606Skaraptor2.1\n|inactive|Skaraptor2.1 disconnected and has a minute to reconnect!\n|player|p2|\n|j|\u2606Skaraptor2.1\n|inactive|Skaraptor2.1 reconnected.\n|player|p2|Skaraptor2.1|bodybuilderf-gen9\n|\n|t:|1700733446\n|switch|p1a: Hatterene|Hatterene, F|100\/100\n|turn|6\n|c|\u2606Skaraptor2.1|For some reason some giant fucking popup I can\u2019t close is appearing on my screen every turn\n|c|\u2606Skaraptor2.1|Which is why I\u2019m reloading\n|inactive|Skaraptor2.1 has 120 seconds left.\n|\n|t:|1700733476\n|move|p2a: Bigender|Calm Mind|p2a: Bigender\n|-boost|p2a: Bigender|spa|1\n|-boost|p2a: Bigender|spd|1\n|move|p1a: Hatterene|Dazzling Gleam|p2a: Bigender\n|-supereffective|p2a: Bigender\n|-damage|p2a: Bigender|0 fnt\n|faint|p2a: Bigender\n|-end|p2a: Bigender|Quark Drive|[silent]\n|\n|upkeep\n|\n|t:|1700733478\n|switch|p2a: Twink|Ribombee, M|100\/100\n|turn|7\n|c|\u2606coolaidt|no stress bro\n|\n|t:|1700733487\n|move|p2a: Twink|Skill Swap|p1a: Hatterene\n|-activate|p2a: Twink|move: Skill Swap|Magic Bounce|Shield Dust|[of] p1a: Hatterene\n|move|p1a: Hatterene|Dazzling Gleam|p2a: Twink\n|-damage|p2a: Twink|3\/100\n|\n|upkeep\n|turn|8\n|\n|t:|1700733496\n|move|p2a: Twink|Sticky Web|p1a: Hatterene\n|-sidestart|p1: coolaidt|move: Sticky Web\n|move|p1a: Hatterene|Dazzling Gleam|p2a: Twink\n|-damage|p2a: Twink|0 fnt\n|faint|p2a: Twink\n|\n|upkeep\n|\n|t:|1700733500\n|switch|p2a: Queengambit|Kingambit, F|100\/100\n|-activate|p2a: Queengambit|ability: Supreme Overlord\n|-start|p2a: Queengambit|fallen4|[silent]\n|turn|9\n|\n|t:|1700733507\n|move|p2a: Queengambit|Swords Dance|p2a: Queengambit\n|-boost|p2a: Queengambit|atk|2\n|move|p1a: Hatterene|Dazzling Gleam|p2a: Queengambit\n|-damage|p2a: Queengambit|33\/100\n|\n|-heal|p2a: Queengambit|39\/100|[from] item: Leftovers\n|upkeep\n|turn|10\n|\n|t:|1700733516\n|move|p2a: Queengambit|Iron Head|p1a: Hatterene\n|-supereffective|p1a: Hatterene\n|-damage|p1a: Hatterene|0 fnt\n|faint|p1a: Hatterene\n|\n|-heal|p2a: Queengambit|45\/100|[from] item: Leftovers\n|upkeep\n|\n|t:|1700733529\n|switch|p1a: Garganacl|Garganacl, M|100\/100\n|-activate|p1a: Garganacl|move: Sticky Web\n|-unboost|p1a: Garganacl|spe|1\n|turn|11\n|\n|t:|1700733533\n|-terastallize|p1a: Garganacl|Water\n|move|p2a: Queengambit|Low Kick|p1a: Garganacl\n|-damage|p1a: Garganacl|19\/100\n|move|p1a: Garganacl|Salt Cure|p2a: Queengambit\n|-resisted|p2a: Queengambit\n|-damage|p2a: Queengambit|40\/100\n|-start|p2a: Queengambit|Salt Cure\n|\n|-heal|p2a: Queengambit|46\/100|[from] item: Leftovers\n|-heal|p1a: Garganacl|25\/100|[from] item: Leftovers\n|-damage|p2a: Queengambit|21\/100|[from] Salt Cure\n|upkeep\n|turn|12\n|\n|t:|1700733544\n|move|p2a: Queengambit|Iron Head|p1a: Garganacl\n|-resisted|p1a: Garganacl\n|-damage|p1a: Garganacl|0 fnt\n|faint|p1a: Garganacl\n|\n|-heal|p2a: Queengambit|27\/100|[from] item: Leftovers\n|-damage|p2a: Queengambit|2\/100|[from] Salt Cure\n|upkeep\n|\n|t:|1700733555\n|switch|p1a: Ogerpon|Ogerpon-Cornerstone, F|100\/100\n|-activate|p1a: Ogerpon|move: Sticky Web\n|-unboost|p1a: Ogerpon|spe|1\n|turn|13\n|\n|t:|1700733560\n|move|p1a: Ogerpon|Ivy Cudgel|p2a: Queengambit|[anim] Ivy Cudgel Rock\n|-resisted|p2a: Queengambit\n|-damage|p2a: Queengambit|0 fnt\n|faint|p2a: Queengambit\n|-end|p2a: Queengambit|fallen4|[silent]\n|\n|upkeep\n|\n|t:|1700733562\n|switch|p2a: Defender of Trans|Zamazenta, shiny|100\/100\n|-ability|p2a: Defender of Trans|Dauntless Shield|boost\n|-boost|p2a: Defender of Trans|def|1\n|turn|14\n|\n|t:|1700733565\n|switch|p1a: Landorus|Landorus-Therian, M|66\/100\n|-ability|p1a: Landorus|Intimidate|boost\n|-unboost|p2a: Defender of Trans|atk|1\n|move|p2a: Defender of Trans|Iron Defense|p2a: Defender of Trans\n|-boost|p2a: Defender of Trans|def|2\n|\n|-heal|p1a: Landorus|72\/100|[from] item: Leftovers\n|upkeep\n|turn|15\n|\n|t:|1700733572\n|switch|p1a: Ogerpon|Ogerpon-Cornerstone, F|100\/100\n|-activate|p1a: Ogerpon|move: Sticky Web\n|-unboost|p1a: Ogerpon|spe|1\n|move|p2a: Defender of Trans|Iron Defense|p2a: Defender of Trans\n|-boost|p2a: Defender of Trans|def|2\n|\n|upkeep\n|turn|16\n|\n|t:|1700733578\n|switch|p1a: Landorus|Landorus-Therian, M|72\/100\n|-ability|p1a: Landorus|Intimidate|boost\n|-unboost|p2a: Defender of Trans|atk|1\n|move|p2a: Defender of Trans|Body Press|p1a: Landorus\n|-resisted|p1a: Landorus\n|-damage|p1a: Landorus|0 fnt\n|faint|p1a: Landorus\n|\n|upkeep\n|\n|t:|1700733582\n|switch|p1a: Gholdengo|Gholdengo|100\/100\n|-activate|p1a: Gholdengo|move: Sticky Web\n|-unboost|p1a: Gholdengo|spe|1\n|turn|17\n|\n|t:|1700733588\n|-terastallize|p2a: Defender of Trans|Fire\n|move|p2a: Defender of Trans|Crunch|p1a: Gholdengo\n|-supereffective|p1a: Gholdengo\n|-damage|p1a: Gholdengo|84\/100\n|move|p1a: Gholdengo|Nasty Plot|p1a: Gholdengo\n|-boost|p1a: Gholdengo|spa|2\n|\n|-heal|p1a: Gholdengo|90\/100|[from] item: Leftovers\n|upkeep\n|turn|18\n|\n|t:|1700733595\n|move|p2a: Defender of Trans|Crunch|p1a: Gholdengo\n|-supereffective|p1a: Gholdengo\n|-damage|p1a: Gholdengo|75\/100\n|move|p1a: Gholdengo|Shadow Ball|p2a: Defender of Trans\n|-damage|p2a: Defender of Trans|41\/100\n|\n|-heal|p2a: Defender of Trans|47\/100|[from] item: Leftovers\n|-heal|p1a: Gholdengo|81\/100|[from] item: Leftovers\n|upkeep\n|turn|19\n|\n|t:|1700733602\n|move|p2a: Defender of Trans|Crunch|p1a: Gholdengo\n|-supereffective|p1a: Gholdengo\n|-damage|p1a: Gholdengo|67\/100\n|-unboost|p1a: Gholdengo|def|1\n|move|p1a: Gholdengo|Shadow Ball|p2a: Defender of Trans\n|-damage|p2a: Defender of Trans|0 fnt\n|faint|p2a: Defender of Trans\n|\n|win|coolaidt\n|raw|coolaidt's rating: 1608 &rarr; <strong>1620<\/strong><br \/>(+12 for winning)\n|raw|Skaraptor2.1's rating: 1465 &rarr; <strong>1453<\/strong><br \/>(-12 for losing)\n","uploadtime":1700733605,"views":2,"p1id":"coolaidt","p2id":"skaraptor21","formatid":"gen9ou","rating":1453,"private":0,"password":""}