{"id":"gen9ou-1993416122","p1":"BIued","p2":"Nakafuyu Yuki","format":"[Gen 9] OU","log":"|j|\u2606BIued\n|j|\u2606Nakafuyu Yuki\n|t:|1700314958\n|gametype|singles\n|player|p1|BIued|cress|\n|player|p2|Nakafuyu Yuki|picnicker|\n|teamsize|p1|6\n|teamsize|p2|6\n|gen|9\n|tier|[Gen 9] OU\n|rule|Sleep Clause Mod: Limit one foe put to sleep\n|rule|Species Clause: Limit one of each Pok\u00e9mon\n|rule|OHKO Clause: OHKO moves are banned\n|rule|Evasion Items Clause: Evasion items are banned\n|rule|Evasion Moves Clause: Evasion moves are banned\n|rule|Endless Battle Clause: Forcing endless battles is banned\n|rule|HP Percentage Mod: HP is shown in percentages\n|clearpoke\n|poke|p1|Rillaboom, F|\n|poke|p1|Tyranitar, M|\n|poke|p1|Rotom-Heat|\n|poke|p1|Sandaconda, F|\n|poke|p1|Bombirdier, M|\n|poke|p1|Jumpluff, F|\n|poke|p2|Enamorus, F|\n|poke|p2|Hippowdon, F|\n|poke|p2|Gligar, F|\n|poke|p2|Orthworm, F|\n|poke|p2|Chimecho, F|\n|poke|p2|Dedenne, F|\n|teampreview\n|inactive|Battle timer is ON: inactive players will automatically lose when time's up. (requested by Nakafuyu Yuki)\n|inactive|BIued has 270 seconds left.\n|\n|t:|1700314992\n|start\n|switch|p1a: Bombirdier|Bombirdier, M|100\/100\n|switch|p2a: Hippowdon|Hippowdon, F|100\/100\n|-weather|Sandstorm|[from] ability: Sand Stream|[of] p2a: Hippowdon\n|turn|1\n|\n|t:|1700315001\n|move|p1a: Bombirdier|Taunt|p2a: Hippowdon\n|-start|p2a: Hippowdon|move: Taunt\n|cant|p2a: Hippowdon|move: Taunt|Whirlwind\n|\n|-weather|Sandstorm|[upkeep]\n|-damage|p1a: Bombirdier|94\/100|[from] Sandstorm\n|upkeep\n|turn|2\n|j| Yankiken\n|\n|t:|1700315010\n|switch|p2a: Dedenne|Dedenne, F|100\/100\n|move|p1a: Bombirdier|Stealth Rock|p2a: Dedenne\n|-sidestart|p2: Nakafuyu Yuki|move: Stealth Rock\n|\n|-weather|Sandstorm|[upkeep]\n|-damage|p2a: Dedenne|94\/100|[from] Sandstorm\n|-damage|p1a: Bombirdier|88\/100|[from] Sandstorm\n|upkeep\n|turn|3\n|\n|t:|1700315015\n|move|p2a: Dedenne|Thunderbolt|p1a: Bombirdier\n|-supereffective|p1a: Bombirdier\n|-damage|p1a: Bombirdier|0 fnt\n|faint|p1a: Bombirdier\n|\n|-weather|Sandstorm|[upkeep]\n|-damage|p2a: Dedenne|88\/100|[from] Sandstorm\n|upkeep\n|\n|t:|1700315029\n|switch|p1a: Jumpluff|Jumpluff, F|100\/100\n|turn|4\n|\n|t:|1700315040\n|switch|p2a: Enamorus|Enamorus, F|100\/100\n|move|p1a: Jumpluff|Light Screen|p1a: Jumpluff\n|-sidestart|p1: BIued|move: Light Screen\n|\n|-weather|Sandstorm|[upkeep]\n|-damage|p1a: Jumpluff|94\/100|[from] Sandstorm\n|-damage|p2a: Enamorus|94\/100|[from] Sandstorm\n|upkeep\n|turn|5\n|\n|t:|1700315045\n|move|p1a: Jumpluff|Stun Spore|p2a: Enamorus|[miss]\n|-miss|p1a: Jumpluff|p2a: Enamorus\n|move|p2a: Enamorus|Substitute|p2a: Enamorus\n|-start|p2a: Enamorus|Substitute\n|-damage|p2a: Enamorus|69\/100\n|\n|-weather|none\n|upkeep\n|turn|6\n|\n|t:|1700315050\n|move|p1a: Jumpluff|Stun Spore|p2a: Enamorus\n|-status|p2a: Enamorus|par\n|move|p2a: Enamorus|Calm Mind|p2a: Enamorus\n|-boost|p2a: Enamorus|spa|1\n|-boost|p2a: Enamorus|spd|1\n|\n|upkeep\n|turn|7\n|\n|t:|1700315056\n|move|p1a: Jumpluff|U-turn|p2a: Enamorus\n|-resisted|p2a: Enamorus\n|-damage|p2a: Enamorus|66\/100 par\n|\n|t:|1700315065\n|switch|p1a: Rotom|Rotom-Heat|100\/100|[from] U-turn\n|move|p2a: Enamorus|Calm Mind|p2a: Enamorus\n|-boost|p2a: Enamorus|spa|1\n|-boost|p2a: Enamorus|spd|1\n|\n|upkeep\n|turn|8\n|\n|t:|1700315074\n|move|p1a: Rotom|Volt Switch|p2a: Enamorus\n|-supereffective|p2a: Enamorus\n|-end|p2a: Enamorus|Substitute\n|\n|t:|1700315079\n|switch|p1a: Tyranitar|Tyranitar, M|100\/100|[from] Volt Switch\n|-weather|Sandstorm|[from] ability: Sand Stream|[of] p1a: Tyranitar\n|move|p2a: Enamorus|Moonblast|p1a: Tyranitar\n|-supereffective|p1a: Tyranitar\n|-damage|p1a: Tyranitar|28\/100\n|\n|-weather|Sandstorm|[upkeep]\n|-damage|p2a: Enamorus|60\/100 par|[from] Sandstorm\n|upkeep\n|turn|9\n|\n|t:|1700315091\n|move|p1a: Tyranitar|Ice Punch|p2a: Enamorus\n|-supereffective|p2a: Enamorus\n|-damage|p2a: Enamorus|0 fnt\n|faint|p2a: Enamorus\n|\n|-weather|Sandstorm|[upkeep]\n|upkeep\n|\n|t:|1700315095\n|switch|p2a: Hippowdon|Hippowdon, F|100\/100\n|-damage|p2a: Hippowdon|94\/100|[from] Stealth Rock\n|turn|10\n|\n|t:|1700315105\n|switch|p1a: Jumpluff|Jumpluff, F|94\/100\n|move|p2a: Hippowdon|Earthquake|p1a: Jumpluff\n|-immune|p1a: Jumpluff\n|\n|-weather|Sandstorm|[upkeep]\n|-damage|p1a: Jumpluff|88\/100|[from] Sandstorm\n|upkeep\n|turn|11\n|\n|t:|1700315112\n|move|p1a: Jumpluff|Reflect|p1a: Jumpluff\n|-sidestart|p1: BIued|Reflect\n|move|p2a: Hippowdon|Stealth Rock|p1a: Jumpluff\n|-sidestart|p1: BIued|move: Stealth Rock\n|\n|-weather|Sandstorm|[upkeep]\n|-damage|p1a: Jumpluff|82\/100|[from] Sandstorm\n|-sideend|p1: BIued|move: Light Screen\n|upkeep\n|turn|12\n|\n|t:|1700315116\n|move|p1a: Jumpluff|Stun Spore|p2a: Hippowdon|[miss]\n|-miss|p1a: Jumpluff|p2a: Hippowdon\n|move|p2a: Hippowdon|Whirlwind|p1a: Jumpluff\n|drag|p1a: Sandaconda|Sandaconda, F|100\/100\n|-damage|p1a: Sandaconda|94\/100|[from] Stealth Rock\n|\n|-weather|none\n|-heal|p1a: Sandaconda|100\/100|[from] item: Leftovers\n|upkeep\n|turn|13\n|\n|t:|1700315124\n|move|p1a: Sandaconda|Coil|p1a: Sandaconda\n|-boost|p1a: Sandaconda|atk|1\n|-boost|p1a: Sandaconda|def|1\n|-boost|p1a: Sandaconda|accuracy|1\n|move|p2a: Hippowdon|Whirlwind|p1a: Sandaconda\n|drag|p1a: Rillaboom|Rillaboom, F|100\/100\n|-fieldstart|move: Grassy Terrain|[from] ability: Grassy Surge|[of] p1a: Rillaboom\n|\n|-heal|p2a: Hippowdon|100\/100|[from] Grassy Terrain\n|upkeep\n|turn|14\n|\n|t:|1700315133\n|switch|p2a: Orthworm|Orthworm, F|100\/100\n|-damage|p2a: Orthworm|94\/100|[from] Stealth Rock\n|move|p1a: Rillaboom|Swords Dance|p1a: Rillaboom\n|-boost|p1a: Rillaboom|atk|2\n|\n|-heal|p2a: Orthworm|100\/100|[from] Grassy Terrain\n|upkeep\n|turn|15\n|\n|t:|1700315145\n|move|p1a: Rillaboom|Grassy Glide|p2a: Orthworm\n|-resisted|p2a: Orthworm\n|-damage|p2a: Orthworm|70\/100\n|move|p2a: Orthworm|Coil|p2a: Orthworm\n|-boost|p2a: Orthworm|atk|1\n|-boost|p2a: Orthworm|def|1\n|-boost|p2a: Orthworm|accuracy|1\n|\n|-heal|p2a: Orthworm|76\/100|[from] Grassy Terrain\n|-heal|p2a: Orthworm|82\/100|[from] item: Leftovers\n|upkeep\n|turn|16\n|\n|t:|1700315157\n|move|p2a: Orthworm|Body Press|p1a: Rillaboom\n|-damage|p1a: Rillaboom|84\/100\n|move|p1a: Rillaboom|Swords Dance|p1a: Rillaboom\n|-boost|p1a: Rillaboom|atk|2\n|\n|-heal|p2a: Orthworm|89\/100|[from] Grassy Terrain\n|-heal|p2a: Orthworm|95\/100|[from] item: Leftovers\n|-heal|p1a: Rillaboom|91\/100|[from] Grassy Terrain\n|upkeep\n|turn|17\n|\n|t:|1700315162\n|move|p2a: Orthworm|Coil|p2a: Orthworm\n|-boost|p2a: Orthworm|atk|1\n|-boost|p2a: Orthworm|def|1\n|-boost|p2a: Orthworm|accuracy|1\n|move|p1a: Rillaboom|Swords Dance|p1a: Rillaboom\n|-boost|p1a: Rillaboom|atk|2\n|\n|-heal|p2a: Orthworm|100\/100|[from] Grassy Terrain\n|-heal|p1a: Rillaboom|97\/100|[from] Grassy Terrain\n|-fieldend|move: Grassy Terrain\n|upkeep\n|turn|18\n|\n|t:|1700315167\n|move|p2a: Orthworm|Coil|p2a: Orthworm\n|-boost|p2a: Orthworm|atk|1\n|-boost|p2a: Orthworm|def|1\n|-boost|p2a: Orthworm|accuracy|1\n|move|p1a: Rillaboom|Knock Off|p2a: Orthworm\n|-damage|p2a: Orthworm|62\/100\n|-enditem|p2a: Orthworm|Leftovers|[from] move: Knock Off|[of] p1a: Rillaboom\n|\n|-sideend|p1: BIued|Reflect\n|upkeep\n|turn|19\n|\n|t:|1700315174\n|move|p2a: Orthworm|Body Press|p1a: Rillaboom\n|-damage|p1a: Rillaboom|40\/100\n|move|p1a: Rillaboom|Knock Off|p2a: Orthworm\n|-damage|p2a: Orthworm|33\/100\n|\n|upkeep\n|turn|20\n|\n|t:|1700315181\n|move|p2a: Orthworm|Body Press|p1a: Rillaboom\n|-crit|p1a: Rillaboom\n|-damage|p1a: Rillaboom|0 fnt\n|faint|p1a: Rillaboom\n|\n|upkeep\n|\n|t:|1700315188\n|switch|p1a: Rotom|Rotom-Heat|100\/100\n|-damage|p1a: Rotom|76\/100|[from] Stealth Rock\n|turn|21\n|\n|t:|1700315196\n|move|p1a: Rotom|Overheat|p2a: Orthworm\n|-supereffective|p2a: Orthworm\n|-damage|p2a: Orthworm|0 fnt\n|-unboost|p1a: Rotom|spa|2\n|faint|p2a: Orthworm\n|\n|upkeep\n|\n|t:|1700315205\n|switch|p2a: Chimecho|Chimecho, F|100\/100\n|-damage|p2a: Chimecho|88\/100|[from] Stealth Rock\n|turn|22\n|\n|t:|1700315211\n|switch|p1a: Jumpluff|Jumpluff, F|82\/100\n|-damage|p1a: Jumpluff|57\/100|[from] Stealth Rock\n|move|p2a: Chimecho|Charge Beam|p1a: Jumpluff\n|-damage|p1a: Jumpluff|46\/100\n|-boost|p2a: Chimecho|spa|1\n|\n|-heal|p2a: Chimecho|94\/100|[from] item: Leftovers\n|upkeep\n|turn|23\n|\n|t:|1700315219\n|move|p1a: Jumpluff|Light Screen|p1a: Jumpluff\n|-sidestart|p1: BIued|move: Light Screen\n|move|p2a: Chimecho|Cosmic Power|p2a: Chimecho\n|-boost|p2a: Chimecho|def|1\n|-boost|p2a: Chimecho|spd|1\n|\n|-heal|p2a: Chimecho|100\/100|[from] item: Leftovers\n|upkeep\n|turn|24\n|\n|t:|1700315223\n|move|p1a: Jumpluff|Stun Spore|p2a: Chimecho\n|-status|p2a: Chimecho|par\n|move|p2a: Chimecho|Cosmic Power|p2a: Chimecho\n|-boost|p2a: Chimecho|def|1\n|-boost|p2a: Chimecho|spd|1\n|\n|upkeep\n|turn|25\n|\n|t:|1700315229\n|move|p1a: Jumpluff|U-turn|p2a: Chimecho\n|-supereffective|p2a: Chimecho\n|-damage|p2a: Chimecho|89\/100 par\n|\n|t:|1700315231\n|switch|p1a: Tyranitar|Tyranitar, M|28\/100|[from] U-turn\n|-weather|Sandstorm|[from] ability: Sand Stream|[of] p1a: Tyranitar\n|move|p2a: Chimecho|Cosmic Power|p2a: Chimecho\n|-boost|p2a: Chimecho|def|1\n|-boost|p2a: Chimecho|spd|1\n|\n|-weather|Sandstorm|[upkeep]\n|-damage|p2a: Chimecho|82\/100 par|[from] Sandstorm\n|-heal|p2a: Chimecho|89\/100 par|[from] item: Leftovers\n|upkeep\n|turn|26\n|\n|t:|1700315241\n|move|p1a: Tyranitar|Dragon Dance|p1a: Tyranitar\n|-boost|p1a: Tyranitar|atk|1\n|-boost|p1a: Tyranitar|spe|1\n|move|p2a: Chimecho|Charge Beam|p1a: Tyranitar\n|-damage|p1a: Tyranitar|23\/100\n|-boost|p2a: Chimecho|spa|1\n|\n|-weather|Sandstorm|[upkeep]\n|-damage|p2a: Chimecho|82\/100 par|[from] Sandstorm\n|-heal|p2a: Chimecho|89\/100 par|[from] item: Leftovers\n|upkeep\n|turn|27\n|\n|t:|1700315250\n|move|p1a: Tyranitar|Dragon Dance|p1a: Tyranitar\n|-boost|p1a: Tyranitar|atk|1\n|-boost|p1a: Tyranitar|spe|1\n|move|p2a: Chimecho|Charge Beam|p1a: Tyranitar\n|-damage|p1a: Tyranitar|15\/100\n|-boost|p2a: Chimecho|spa|1\n|\n|-weather|Sandstorm|[upkeep]\n|-damage|p2a: Chimecho|82\/100 par|[from] Sandstorm\n|-heal|p2a: Chimecho|89\/100 par|[from] item: Leftovers\n|upkeep\n|turn|28\n|\n|t:|1700315255\n|move|p1a: Tyranitar|Crunch|p2a: Chimecho\n|-supereffective|p2a: Chimecho\n|-damage|p2a: Chimecho|11\/100 par\n|cant|p2a: Chimecho|par\n|\n|-weather|Sandstorm|[upkeep]\n|-damage|p2a: Chimecho|4\/100 par|[from] Sandstorm\n|-heal|p2a: Chimecho|11\/100 par|[from] item: Leftovers\n|upkeep\n|turn|29\n|\n|t:|1700315261\n|move|p1a: Tyranitar|Crunch|p2a: Chimecho\n|-supereffective|p2a: Chimecho\n|-damage|p2a: Chimecho|0 fnt\n|faint|p2a: Chimecho\n|\n|-weather|none\n|upkeep\n|\n|t:|1700315268\n|switch|p2a: Gligar|Gligar, F|100\/100\n|-damage|p2a: Gligar|88\/100|[from] Stealth Rock\n|turn|30\n|\n|t:|1700315273\n|move|p1a: Tyranitar|Crunch|p2a: Gligar\n|-damage|p2a: Gligar|47\/100\n|move|p2a: Gligar|Earthquake|p1a: Tyranitar\n|-supereffective|p1a: Tyranitar\n|-damage|p1a: Tyranitar|0 fnt\n|faint|p1a: Tyranitar\n|\n|-sideend|p1: BIued|move: Light Screen\n|upkeep\n|\n|t:|1700315281\n|switch|p1a: Jumpluff|Jumpluff, F|46\/100\n|-damage|p1a: Jumpluff|21\/100|[from] Stealth Rock\n|turn|31\n|\n|t:|1700315302\n|move|p1a: Jumpluff|Reflect|p1a: Jumpluff\n|-sidestart|p1: BIued|Reflect\n|move|p2a: Gligar|Knock Off|p1a: Jumpluff\n|-damage|p1a: Jumpluff|11\/100\n|-enditem|p1a: Jumpluff|Light Clay|[from] move: Knock Off|[of] p2a: Gligar\n|\n|upkeep\n|turn|32\n|\n|t:|1700315308\n|move|p1a: Jumpluff|Stun Spore|p2a: Gligar\n|-status|p2a: Gligar|par\n|move|p2a: Gligar|Toxic|p1a: Jumpluff\n|-status|p1a: Jumpluff|tox\n|\n|-damage|p1a: Jumpluff|4\/100 tox|[from] psn\n|upkeep\n|turn|33\n|\n|t:|1700315314\n|move|p1a: Jumpluff|Light Screen|p1a: Jumpluff\n|-sidestart|p1: BIued|move: Light Screen\n|move|p2a: Gligar|Spikes|p1a: Jumpluff\n|-sidestart|p1: BIued|Spikes\n|\n|-damage|p1a: Jumpluff|0 fnt|[from] psn\n|faint|p1a: Jumpluff\n|upkeep\n|\n|t:|1700315326\n|switch|p1a: Sandaconda|Sandaconda, F|100\/100\n|-damage|p1a: Sandaconda|94\/100|[from] Stealth Rock\n|-damage|p1a: Sandaconda|82\/100|[from] Spikes\n|turn|34\n|\n|t:|1700315331\n|move|p1a: Sandaconda|Coil|p1a: Sandaconda\n|-boost|p1a: Sandaconda|atk|1\n|-boost|p1a: Sandaconda|def|1\n|-boost|p1a: Sandaconda|accuracy|1\n|move|p2a: Gligar|Toxic|p1a: Sandaconda|[miss]\n|-miss|p2a: Gligar|p1a: Sandaconda\n|\n|-heal|p1a: Sandaconda|88\/100|[from] item: Leftovers\n|upkeep\n|turn|35\n|\n|t:|1700315338\n|move|p1a: Sandaconda|Coil|p1a: Sandaconda\n|-boost|p1a: Sandaconda|atk|1\n|-boost|p1a: Sandaconda|def|1\n|-boost|p1a: Sandaconda|accuracy|1\n|move|p2a: Gligar|Toxic|p1a: Sandaconda\n|-status|p1a: Sandaconda|tox\n|\n|-heal|p1a: Sandaconda|94\/100 tox|[from] item: Leftovers\n|-damage|p1a: Sandaconda|88\/100 tox|[from] psn\n|upkeep\n|turn|36\n|\n|t:|1700315344\n|move|p1a: Sandaconda|Coil|p1a: Sandaconda\n|-boost|p1a: Sandaconda|atk|1\n|-boost|p1a: Sandaconda|def|1\n|-boost|p1a: Sandaconda|accuracy|1\n|move|p2a: Gligar|Knock Off|p1a: Sandaconda\n|-damage|p1a: Sandaconda|85\/100 tox\n|-enditem|p1a: Sandaconda|Leftovers|[from] move: Knock Off|[of] p2a: Gligar\n|\n|-damage|p1a: Sandaconda|73\/100 tox|[from] psn\n|upkeep\n|turn|37\n|\n|t:|1700315359\n|-terastallize|p1a: Sandaconda|Dragon\n|move|p1a: Sandaconda|Scale Shot|p2a: Gligar\n|-damage|p2a: Gligar|36\/100 par\n|-damage|p2a: Gligar|24\/100 par\n|-hitcount|p2a: Gligar|2\n|-unboost|p1a: Sandaconda|def|1\n|-boost|p1a: Sandaconda|spe|1\n|cant|p2a: Gligar|par\n|\n|-activate|p1a: Sandaconda|ability: Shed Skin\n|-curestatus|p1a: Sandaconda|tox|[msg]\n|-sideend|p1: BIued|move: Light Screen\n|upkeep\n|turn|38\n|\n|t:|1700315370\n|move|p1a: Sandaconda|Scale Shot|p2a: Gligar\n|-damage|p2a: Gligar|14\/100 par\n|-damage|p2a: Gligar|3\/100 par\n|-hitcount|p2a: Gligar|2\n|-unboost|p1a: Sandaconda|def|1\n|-boost|p1a: Sandaconda|spe|1\n|move|p2a: Gligar|Toxic|p1a: Sandaconda\n|-status|p1a: Sandaconda|tox\n|\n|-activate|p1a: Sandaconda|ability: Shed Skin\n|-curestatus|p1a: Sandaconda|tox|[msg]\n|-sideend|p1: BIued|Reflect\n|upkeep\n|turn|39\n|c|\u2606BIued|\u0110m game\n|\n|t:|1700315384\n|move|p1a: Sandaconda|Scale Shot|p2a: Gligar\n|-damage|p2a: Gligar|0 fnt\n|faint|p2a: Gligar\n|-hitcount|p2: Gligar|1\n|-unboost|p1a: Sandaconda|def|1\n|-boost|p1a: Sandaconda|spe|1\n|\n|upkeep\n|\n|t:|1700315389\n|switch|p2a: Hippowdon|Hippowdon, F|100\/100\n|-damage|p2a: Hippowdon|94\/100|[from] Stealth Rock\n|-weather|Sandstorm|[from] ability: Sand Stream|[of] p2a: Hippowdon\n|turn|40\n|\n|t:|1700315393\n|move|p1a: Sandaconda|Earthquake|p2a: Hippowdon\n|-damage|p2a: Hippowdon|44\/100\n|move|p2a: Hippowdon|Whirlwind|p1a: Sandaconda\n|drag|p1a: Rotom|Rotom-Heat|76\/100\n|-damage|p1a: Rotom|51\/100|[from] Stealth Rock\n|\n|-weather|Sandstorm|[upkeep]\n|-damage|p1a: Rotom|44\/100|[from] Sandstorm\n|upkeep\n|turn|41\n|\n|t:|1700315409\n|move|p1a: Rotom|Overheat|p2a: Hippowdon\n|-damage|p2a: Hippowdon|0 fnt\n|-unboost|p1a: Rotom|spa|2\n|faint|p2a: Hippowdon\n|\n|-weather|Sandstorm|[upkeep]\n|-damage|p1a: Rotom|38\/100|[from] Sandstorm\n|upkeep\n|\n|t:|1700315412\n|switch|p2a: Dedenne|Dedenne, F|88\/100\n|-damage|p2a: Dedenne|76\/100|[from] Stealth Rock\n|turn|42\n|\n|t:|1700315424\n|-terastallize|p2a: Dedenne|Water\n|move|p1a: Rotom|Overheat|p2a: Dedenne\n|-resisted|p2a: Dedenne\n|-damage|p2a: Dedenne|48\/100\n|-unboost|p1a: Rotom|spa|2\n|move|p2a: Dedenne|Substitute|p2a: Dedenne\n|-start|p2a: Dedenne|Substitute\n|-damage|p2a: Dedenne|24\/100\n|-enditem|p2a: Dedenne|Salac Berry|[eat]\n|-boost|p2a: Dedenne|spe|1|[from] item: Salac Berry\n|-heal|p2a: Dedenne|57\/100|[from] ability: Cheek Pouch\n|\n|-weather|Sandstorm|[upkeep]\n|-damage|p2a: Dedenne|51\/100|[from] Sandstorm\n|-damage|p1a: Rotom|32\/100|[from] Sandstorm\n|upkeep\n|turn|43\n|\n|t:|1700315432\n|move|p2a: Dedenne|Thunderbolt|p1a: Rotom\n|-resisted|p1a: Rotom\n|-damage|p1a: Rotom|8\/100\n|move|p1a: Rotom|Overheat|p2a: Dedenne\n|-resisted|p2a: Dedenne\n|-activate|p2a: Dedenne|move: Substitute|[damage]\n|-unboost|p1a: Rotom|spa|2\n|\n|-weather|Sandstorm|[upkeep]\n|-damage|p2a: Dedenne|44\/100|[from] Sandstorm\n|-damage|p1a: Rotom|2\/100|[from] Sandstorm\n|upkeep\n|turn|44\n|\n|t:|1700315434\n|move|p2a: Dedenne|Thunderbolt|p1a: Rotom\n|-resisted|p1a: Rotom\n|-damage|p1a: Rotom|0 fnt\n|faint|p1a: Rotom\n|\n|-weather|none\n|upkeep\n|\n|t:|1700315437\n|switch|p1a: Sandaconda|Sandaconda, F, tera:Dragon|73\/100\n|-damage|p1a: Sandaconda|61\/100|[from] Stealth Rock\n|-damage|p1a: Sandaconda|48\/100|[from] Spikes\n|turn|45\n|\n|t:|1700315440\n|move|p2a: Dedenne|Draining Kiss|p1a: Sandaconda\n|-supereffective|p1a: Sandaconda\n|-damage|p1a: Sandaconda|16\/100\n|-heal|p2a: Dedenne|76\/100|[from] drain|[of] p1a: Sandaconda\n|move|p1a: Sandaconda|Earthquake|p2a: Dedenne\n|-end|p2a: Dedenne|Substitute\n|\n|upkeep\n|turn|46\n|\n|t:|1700315445\n|move|p2a: Dedenne|Draining Kiss|p1a: Sandaconda\n|-supereffective|p1a: Sandaconda\n|-damage|p1a: Sandaconda|0 fnt\n|-heal|p2a: Dedenne|90\/100|[from] drain|[of] p1a: Sandaconda\n|faint|p1a: Sandaconda\n|\n|win|Nakafuyu Yuki\n|c|\u2606Nakafuyu Yuki|gg\n|l| Yankiken\n","uploadtime":1700315459,"views":32,"p1id":"biued","p2id":"nakafuyuyuki","formatid":"gen9ou","rating":0,"private":0,"password":""}