{"id":"gen9ou-1992024387","p1":"Spooki8886","p2":"yGDEdoAv2KkRSNRh4X","format":"[Gen 9] OU","log":"|j|\u2606Spooki8886\n|j|\u2606yGDEdoAv2KkRSNRh4X\n|t:|1700148682\n|gametype|singles\n|player|p1|Spooki8886|169|1009\n|player|p2|yGDEdoAv2KkRSNRh4X|265|1000\n|teamsize|p1|6\n|teamsize|p2|6\n|gen|9\n|tier|[Gen 9] OU\n|rated|\n|rule|Sleep Clause Mod: Limit one foe put to sleep\n|rule|Species Clause: Limit one of each Pok\u00e9mon\n|rule|OHKO Clause: OHKO moves are banned\n|rule|Evasion Items Clause: Evasion items are banned\n|rule|Evasion Moves Clause: Evasion moves are banned\n|rule|Endless Battle Clause: Forcing endless battles is banned\n|rule|HP Percentage Mod: HP is shown in percentages\n|clearpoke\n|poke|p1|Magnemite|\n|poke|p1|Voltorb|\n|poke|p1|Pineco, M|\n|poke|p1|Geodude, M|\n|poke|p1|Golem-Alola, M|\n|poke|p1|Kingambit, F|\n|poke|p2|Manaphy|\n|poke|p2|Kingambit, M|\n|poke|p2|Ribombee, F|\n|poke|p2|Gholdengo|\n|poke|p2|Iron Moth|\n|poke|p2|Ogerpon-Wellspring, F|\n|teampreview\n|inactive|Battle timer is ON: inactive players will automatically lose when time's up. (requested by yGDEdoAv2KkRSNRh4X)\n|\n|t:|1700148695\n|start\n|switch|p1a: Magnemite|Magnemite|100\/100\n|switch|p2a: Ribombee|Ribombee, F, shiny|100\/100\n|turn|1\n|\n|t:|1700148710\n|move|p2a: Ribombee|Sticky Web|p1a: Magnemite\n|-sidestart|p1: Spooki8886|move: Sticky Web\n|move|p1a: Magnemite|Explosion|p2a: Ribombee\n|-damage|p2a: Ribombee|15\/100\n|faint|p1a: Magnemite\n|\n|upkeep\n|\n|t:|1700148715\n|switch|p1a: Voltorb|Voltorb|100\/100\n|-activate|p1a: Voltorb|move: Sticky Web\n|-unboost|p1a: Voltorb|spe|1\n|turn|2\n|\n|t:|1700148718\n|move|p2a: Ribombee|Moonblast|p1a: Voltorb\n|-damage|p1a: Voltorb|8\/100\n|move|p1a: Voltorb|Explosion|p2a: Ribombee\n|-damage|p2a: Ribombee|0 fnt\n|faint|p1a: Voltorb\n|faint|p2a: Ribombee\n|\n|upkeep\n|\n|t:|1700148727\n|switch|p2a: Manaphy|Manaphy|100\/100\n|switch|p1a: Pineco|Pineco, M|100\/100\n|-activate|p1a: Pineco|move: Sticky Web\n|-unboost|p1a: Pineco|spe|1\n|turn|3\n|\n|t:|1700148729\n|switch|p2a: Gholdengo|Gholdengo|100\/100\n|-item|p2a: Gholdengo|Air Balloon\n|move|p1a: Pineco|Explosion|p2a: Gholdengo\n|-immune|p2a: Gholdengo\n|faint|p1a: Pineco\n|\n|upkeep\n|\n|t:|1700148737\n|switch|p1a: Geodude|Geodude, M|100\/100\n|-activate|p1a: Geodude|move: Sticky Web\n|-unboost|p1a: Geodude|spe|1\n|turn|4\n|\n|t:|1700148748\n|move|p2a: Gholdengo|Shadow Ball|p1a: Geodude\n|-enditem|p1a: Geodude|Focus Sash\n|-damage|p1a: Geodude|1\/100\n|move|p1a: Geodude|Brick Break|p2a: Gholdengo\n|-immune|p2a: Gholdengo\n|\n|upkeep\n|turn|5\n|\n|t:|1700148753\n|move|p2a: Gholdengo|Shadow Ball|p1a: Geodude\n|-damage|p1a: Geodude|0 fnt\n|faint|p1a: Geodude\n|\n|upkeep\n|\n|t:|1700148755\n|switch|p1a: Golem|Golem-Alola, M|100\/100\n|-activate|p1a: Golem|move: Sticky Web\n|-unboost|p1a: Golem|spe|1\n|turn|6\n|\n|t:|1700148762\n|move|p2a: Gholdengo|Shadow Ball|p1a: Golem\n|-crit|p1a: Golem\n|-damage|p1a: Golem|4\/100\n|move|p1a: Golem|Counter||[still]\n|-fail|p1a: Golem\n|\n|upkeep\n|turn|7\n|\n|t:|1700148771\n|switch|p2a: Iron Moth|Iron Moth|100\/100\n|-enditem|p2a: Iron Moth|Booster Energy\n|-activate|p2a: Iron Moth|ability: Quark Drive|[fromitem]\n|-start|p2a: Iron Moth|quarkdrivespe\n|move|p1a: Golem|Body Slam|p2a: Iron Moth\n|-damage|p2a: Iron Moth|57\/100\n|-status|p2a: Iron Moth|par\n|\n|upkeep\n|turn|8\n|\n|t:|1700148788\n|move|p2a: Iron Moth|Fiery Dance|p1a: Golem\n|-resisted|p1a: Golem\n|-damage|p1a: Golem|0 fnt\n|-boost|p2a: Iron Moth|spa|1\n|faint|p1a: Golem\n|\n|upkeep\n|\n|t:|1700148792\n|switch|p1a: Kingambit|Kingambit, F|100\/100\n|-activate|p1a: Kingambit|move: Sticky Web\n|-unboost|p1a: Kingambit|spe|1\n|-activate|p1a: Kingambit|ability: Supreme Overlord\n|-start|p1a: Kingambit|fallen5|[silent]\n|turn|9\n|\n|t:|1700148798\n|move|p1a: Kingambit|Sucker Punch|p2a: Iron Moth\n|-damage|p2a: Iron Moth|0 fnt\n|faint|p2a: Iron Moth\n|-end|p2a: Iron Moth|Quark Drive|[silent]\n|\n|upkeep\n|\n|t:|1700148804\n|switch|p2a: Kingambit|Kingambit, M|100\/100\n|-activate|p2a: Kingambit|ability: Supreme Overlord\n|-start|p2a: Kingambit|fallen2|[silent]\n|turn|10\n|\n|t:|1700148810\n|move|p1a: Kingambit|Sucker Punch|p2a: Kingambit\n|-resisted|p2a: Kingambit\n|-damage|p2a: Kingambit|80\/100\n|move|p2a: Kingambit|Low Kick|p1a: Kingambit\n|-supereffective|p1a: Kingambit\n|-damage|p1a: Kingambit|0 fnt\n|faint|p1a: Kingambit\n|-end|p1a: Kingambit|fallen5|[silent]\n|\n|win|yGDEdoAv2KkRSNRh4X\n|raw|Spooki8886's rating: 1009 &rarr; <strong>1000<\/strong><br \/>(-9 for losing)\n|raw|yGDEdoAv2KkRSNRh4X's rating: 1000 &rarr; <strong>1041<\/strong><br \/>(+41 for winning)\n|l|\u2606Spooki8886\n","uploadtime":1700148831,"views":32,"p1id":"spooki8886","p2id":"ygdedoav2kkrsnrh4x","formatid":"gen9ou","rating":1000,"private":0,"password":""}