{"id":"gen9ou-2000111355","p1":"Sir_Excalibur205","p2":"Vaner_42","format":"[Gen 9] OU","log":"|j|\u2606Sir_Excalibur205\n|j|\u2606Vaner_42\n|t:|1701156867\n|gametype|singles\n|player|p1|Sir_Excalibur205|veteran|1407\n|player|p2|Vaner_42|lana|1313\n|teamsize|p1|6\n|teamsize|p2|6\n|gen|9\n|tier|[Gen 9] OU\n|rated|\n|rule|Sleep Clause Mod: Limit one foe put to sleep\n|rule|Species Clause: Limit one of each Pok\u00e9mon\n|rule|OHKO Clause: OHKO moves are banned\n|rule|Evasion Items Clause: Evasion items are banned\n|rule|Evasion Moves Clause: Evasion moves are banned\n|rule|Endless Battle Clause: Forcing endless battles is banned\n|rule|HP Percentage Mod: HP is shown in percentages\n|clearpoke\n|poke|p1|Iron Hands|\n|poke|p1|Brambleghast, M|\n|poke|p1|Ninetales-Alola, F|\n|poke|p1|Ceruledge, M|\n|poke|p1|Ribombee, F|\n|poke|p1|Walking Wake|\n|poke|p2|Quaquaval, M|\n|poke|p2|Ogerpon-Wellspring, F|\n|poke|p2|Gyarados, M|\n|poke|p2|Gastrodon, F|\n|poke|p2|Greninja-*, M|\n|poke|p2|Goodra-Hisui, F|\n|teampreview\n|inactive|Battle timer is ON: inactive players will automatically lose when time's up. (requested by Vaner_42)\n|\n|t:|1701156879\n|start\n|switch|p1a: Non-Stop|Iron Hands|100\/100\n|switch|p2a: Goodra|Goodra-Hisui, F, shiny|100\/100\n|turn|1\n|\n|t:|1701156884\n|switch|p2a: Gastrodon|Gastrodon, F, shiny|100\/100\n|move|p1a: Non-Stop|Swords Dance|p1a: Non-Stop\n|-boost|p1a: Non-Stop|atk|2\n|\n|upkeep\n|turn|2\n|\n|t:|1701156889\n|move|p1a: Non-Stop|Swords Dance|p1a: Non-Stop\n|-boost|p1a: Non-Stop|atk|2\n|move|p2a: Gastrodon|Yawn|p1a: Non-Stop\n|-start|p1a: Non-Stop|move: Yawn|[of] p2a: Gastrodon\n|\n|upkeep\n|turn|3\n|\n|t:|1701156898\n|move|p1a: Non-Stop|Drain Punch|p2a: Gastrodon\n|-damage|p2a: Gastrodon|10\/100\n|move|p2a: Gastrodon|Earth Power|p1a: Non-Stop\n|-supereffective|p1a: Non-Stop\n|-damage|p1a: Non-Stop|64\/100\n|\n|-heal|p2a: Gastrodon|16\/100|[from] item: Leftovers\n|-end|p1a: Non-Stop|move: Yawn|[silent]\n|-status|p1a: Non-Stop|slp\n|-enditem|p1a: Non-Stop|Lum Berry|[eat]\n|-curestatus|p1a: Non-Stop|slp|[msg]\n|upkeep\n|turn|4\n|\n|t:|1701156922\n|move|p1a: Non-Stop|Drain Punch|p2a: Gastrodon\n|-damage|p2a: Gastrodon|0 fnt\n|-heal|p1a: Non-Stop|70\/100|[from] drain|[of] p2a: Gastrodon\n|faint|p2a: Gastrodon\n|\n|upkeep\n|\n|t:|1701156927\n|switch|p2a: Gyarados|Gyarados, M, shiny|100\/100\n|-ability|p2a: Gyarados|Intimidate|boost\n|-unboost|p1a: Non-Stop|atk|1\n|turn|5\n|\n|t:|1701156932\n|-terastallize|p2a: Gyarados|Ground\n|move|p2a: Gyarados|Earthquake|p1a: Non-Stop\n|-supereffective|p1a: Non-Stop\n|-damage|p1a: Non-Stop|0 fnt\n|faint|p1a: Non-Stop\n|-end|p1a: Non-Stop|Quark Drive|[silent]\n|\n|upkeep\n|\n|t:|1701156937\n|switch|p1a: Ceruledge|Ceruledge, M|100\/100\n|turn|6\n|\n|t:|1701156940\n|move|p1a: Ceruledge|Swords Dance|p1a: Ceruledge\n|-boost|p1a: Ceruledge|atk|2\n|move|p2a: Gyarados|Waterfall|p1a: Ceruledge\n|-supereffective|p1a: Ceruledge\n|-enditem|p1a: Ceruledge|Focus Sash\n|-damage|p1a: Ceruledge|1\/100\n|-ability|p1a: Ceruledge|Weak Armor|boost\n|-unboost|p1a: Ceruledge|def|1\n|-boost|p1a: Ceruledge|spe|2\n|\n|upkeep\n|turn|7\n|\n|t:|1701156949\n|move|p1a: Ceruledge|Bitter Blade|p2a: Gyarados\n|-damage|p2a: Gyarados|0 fnt\n|-heal|p1a: Ceruledge|58\/100|[from] drain|[of] p2a: Gyarados\n|-damage|p1a: Ceruledge|41\/100|[from] item: Rocky Helmet|[of] p2a: Gyarados\n|faint|p2a: Gyarados\n|\n|upkeep\n|\n|t:|1701156967\n|switch|p2a: Quaquaval|Quaquaval, M, shiny|100\/100\n|turn|8\n|\n|t:|1701156978\n|move|p1a: Ceruledge|Destiny Bond|p1a: Ceruledge\n|-singlemove|p1a: Ceruledge|Destiny Bond\n|move|p2a: Quaquaval|Aqua Step|p1a: Ceruledge\n|-supereffective|p1a: Ceruledge\n|-damage|p1a: Ceruledge|0 fnt\n|-boost|p2a: Quaquaval|spe|1\n|faint|p1a: Ceruledge\n|-activate|p1a: Ceruledge|move: Destiny Bond\n|faint|p2a: Quaquaval\n|\n|upkeep\n|\n|t:|1701156988\n|switch|p2a: Ogerpon|Ogerpon-Wellspring, F|100\/100\n|switch|p1a: Ninetales|Ninetales-Alola, F, shiny|100\/100\n|-weather|Snow|[from] ability: Snow Warning|[of] p1a: Ninetales\n|turn|9\n|\n|t:|1701156993\n|move|p2a: Ogerpon|Swords Dance|p2a: Ogerpon\n|-boost|p2a: Ogerpon|atk|2\n|move|p1a: Ninetales|Aurora Veil|p1a: Ninetales\n|-sidestart|p1: Sir_Excalibur205|move: Aurora Veil\n|\n|-weather|Snow|[upkeep]\n|upkeep\n|turn|10\n|\n|t:|1701157000\n|move|p2a: Ogerpon|Swords Dance|p2a: Ogerpon\n|-boost|p2a: Ogerpon|atk|2\n|move|p1a: Ninetales|Freeze-Dry|p2a: Ogerpon\n|-supereffective|p2a: Ogerpon\n|-damage|p2a: Ogerpon|0 fnt\n|faint|p2a: Ogerpon\n|\n|-weather|Snow|[upkeep]\n|upkeep\n|\n|t:|1701157008\n|switch|p2a: Goodra|Goodra-Hisui, F, shiny|100\/100\n|turn|11\n|\n|t:|1701157013\n|move|p1a: Ninetales|Moonblast|p2a: Goodra\n|-crit|p2a: Goodra\n|-damage|p2a: Goodra|72\/100\n|move|p2a: Goodra|Flash Cannon|p1a: Ninetales\n|-supereffective|p1a: Ninetales\n|-damage|p1a: Ninetales|4\/100\n|\n|-weather|Snow|[upkeep]\n|upkeep\n|turn|12\n|\n|t:|1701157021\n|move|p1a: Ninetales|Encore|p2a: Goodra\n|-start|p2a: Goodra|Encore\n|move|p2a: Goodra|Flash Cannon|p1a: Ninetales\n|-supereffective|p1a: Ninetales\n|-damage|p1a: Ninetales|0 fnt\n|faint|p1a: Ninetales\n|\n|-weather|Snow|[upkeep]\n|upkeep\n|\n|t:|1701157031\n|switch|p1a: Brambleghast|Brambleghast, M|100\/100\n|turn|13\n|\n|t:|1701157036\n|move|p1a: Brambleghast|Poltergeist|p2a: Goodra\n|-activate|p2a: Goodra|move: Poltergeist|Assault Vest\n|-damage|p2a: Goodra|10\/100\n|move|p2a: Goodra|Flash Cannon|p1a: Brambleghast\n|-damage|p1a: Brambleghast|64\/100\n|\n|-weather|none\n|upkeep\n|turn|14\n|\n|t:|1701157047\n|-terastallize|p1a: Brambleghast|Fighting\n|move|p1a: Brambleghast|Tera Blast|p2a: Goodra|[anim] Tera Blast Fighting\n|-supereffective|p2a: Goodra\n|-damage|p2a: Goodra|0 fnt\n|faint|p2a: Goodra\n|\n|upkeep\n|\n|t:|1701157053\n|switch|p2a: Greninja|Greninja, M, shiny|100\/100\n|turn|15\n|\n|t:|1701157065\n|move|p2a: Greninja|Ice Beam|p1a: Brambleghast\n|-start|p2a: Greninja|typechange|Ice|[from] ability: Protean\n|-damage|p1a: Brambleghast|29\/100\n|-status|p1a: Brambleghast|frz\n|cant|p1a: Brambleghast|frz\n|\n|upkeep\n|turn|16\n|\n|t:|1701157075\n|switch|p1a: Walking Wake|Walking Wake|100\/100\n|move|p2a: Greninja|Ice Beam|p1a: Walking Wake\n|-damage|p1a: Walking Wake|77\/100\n|\n|-sideend|p1: Sir_Excalibur205|move: Aurora Veil\n|upkeep\n|turn|17\n|j| BB20\n|\n|t:|1701157081\n|move|p2a: Greninja|Ice Beam|p1a: Walking Wake\n|-damage|p1a: Walking Wake|31\/100\n|move|p1a: Walking Wake|Sunny Day|p1a: Walking Wake\n|-weather|SunnyDay\n|-activate|p1a: Walking Wake|ability: Protosynthesis\n|-start|p1a: Walking Wake|protosynthesisspe\n|\n|-weather|SunnyDay|[upkeep]\n|upkeep\n|turn|18\n|\n|t:|1701157087\n|move|p2a: Greninja|Ice Beam|p1a: Walking Wake\n|-damage|p1a: Walking Wake|0 fnt\n|faint|p1a: Walking Wake\n|-end|p1a: Walking Wake|Protosynthesis|[silent]\n|\n|-weather|SunnyDay|[upkeep]\n|upkeep\n|\n|t:|1701157095\n|switch|p1a: Ribombee|Ribombee, F, shiny|100\/100\n|turn|19\n|\n|t:|1701157099\n|move|p2a: Greninja|Ice Beam|p1a: Ribombee\n|-crit|p1a: Ribombee\n|-enditem|p1a: Ribombee|Focus Sash\n|-damage|p1a: Ribombee|1\/100\n|move|p1a: Ribombee|Moonblast|p2a: Greninja\n|-damage|p2a: Greninja|35\/100\n|\n|-weather|SunnyDay|[upkeep]\n|upkeep\n|turn|20\n|\n|t:|1701157106\n|move|p2a: Greninja|Ice Beam|p1a: Ribombee\n|-damage|p1a: Ribombee|0 fnt\n|faint|p1a: Ribombee\n|\n|-weather|SunnyDay|[upkeep]\n|upkeep\n|\n|t:|1701157120\n|switch|p1a: Brambleghast|Brambleghast, M, tera:Fighting|29\/100 frz\n|turn|21\n|\n|t:|1701157122\n|cant|p1a: Brambleghast|frz\n|move|p2a: Greninja|Ice Beam|p1a: Brambleghast\n|-damage|p1a: Brambleghast|0 fnt\n|faint|p1a: Brambleghast\n|\n|win|Vaner_42\n|raw|Sir_Excalibur205's rating: 1407 &rarr; <strong>1382<\/strong><br \/>(-25 for losing)\n|raw|Vaner_42's rating: 1313 &rarr; <strong>1338<\/strong><br \/>(+25 for winning)\n|l|\u2606Sir_Excalibur205\n","uploadtime":1701157130,"views":3,"p1id":"sirexcalibur205","p2id":"vaner42","formatid":"gen9ou","rating":1338,"private":0,"password":""}