{"id":"gen9ou-1995337174","p1":"zoarck","p2":"paradox 420","format":"[Gen 9] OU","log":"|j|\u2606zoarck\n|j|\u2606paradox 420\n|t:|1700555957\n|gametype|singles\n|player|p1|zoarck|102|1219\n|player|p2|paradox 420|preschooler|1310\n|teamsize|p1|6\n|teamsize|p2|6\n|gen|9\n|tier|[Gen 9] OU\n|rated|\n|rule|Sleep Clause Mod: Limit one foe put to sleep\n|rule|Species Clause: Limit one of each Pok\u00e9mon\n|rule|OHKO Clause: OHKO moves are banned\n|rule|Evasion Items Clause: Evasion items are banned\n|rule|Evasion Moves Clause: Evasion moves are banned\n|rule|Endless Battle Clause: Forcing endless battles is banned\n|rule|HP Percentage Mod: HP is shown in percentages\n|clearpoke\n|poke|p1|Ogerpon-Wellspring, F|\n|poke|p1|Heatran, M|\n|poke|p1|Zapdos|\n|poke|p1|Iron Valiant|\n|poke|p1|Garchomp, F|\n|poke|p1|Scizor, F|\n|poke|p2|Iron Moth|\n|poke|p2|Iron Valiant|\n|poke|p2|Kingambit, F|\n|poke|p2|Great Tusk|\n|poke|p2|Samurott-Hisui, M|\n|poke|p2|Enamorus, F|\n|teampreview\n|j| Coffee&whiskey\n|c|\u2606paradox 420|glhf\n|\n|t:|1700555986\n|start\n|switch|p1a: Zapdos|Zapdos|100\/100\n|switch|p2a: Great Tusk|Great Tusk|100\/100\n|-enditem|p2a: Great Tusk|Booster Energy\n|-activate|p2a: Great Tusk|ability: Protosynthesis|[fromitem]\n|-start|p2a: Great Tusk|protosynthesisspe\n|turn|1\n|\n|t:|1700555993\n|move|p2a: Great Tusk|Head Smash|p1a: Zapdos\n|-supereffective|p1a: Zapdos\n|-damage|p1a: Zapdos|15\/100\n|-damage|p2a: Great Tusk|63\/100|[from] Recoil\n|move|p1a: Zapdos|Hurricane|p2a: Great Tusk\n|-supereffective|p2a: Great Tusk\n|-damage|p2a: Great Tusk|0 fnt\n|faint|p2a: Great Tusk\n|-end|p2a: Great Tusk|Protosynthesis|[silent]\n|\n|upkeep\n|\n|t:|1700556002\n|switch|p2a: Iron Moth|Iron Moth|100\/100\n|-enditem|p2a: Iron Moth|Booster Energy\n|-activate|p2a: Iron Moth|ability: Quark Drive|[fromitem]\n|-start|p2a: Iron Moth|quarkdrivespe\n|turn|2\n|\n|t:|1700556011\n|switch|p1a: Heatran|Heatran, M|100\/100\n|move|p2a: Iron Moth|Substitute|p2a: Iron Moth\n|-start|p2a: Iron Moth|Substitute\n|-damage|p2a: Iron Moth|76\/100\n|\n|upkeep\n|turn|3\n|\n|t:|1700556017\n|-terastallize|p2a: Iron Moth|Water\n|move|p2a: Iron Moth|Tera Blast|p1a: Heatran|[anim] Tera Blast Water\n|-supereffective|p1a: Heatran\n|-damage|p1a: Heatran|51\/100\n|move|p1a: Heatran|Earth Power|p2a: Iron Moth\n|-end|p2a: Iron Moth|Substitute\n|\n|-heal|p1a: Heatran|57\/100|[from] item: Leftovers\n|upkeep\n|turn|4\n|\n|t:|1700556028\n|switch|p1a: Ogerpon|Ogerpon-Wellspring, F|100\/100\n|move|p2a: Iron Moth|Tera Blast|p1a: Ogerpon|[anim] Tera Blast Water\n|-immune|p1a: Ogerpon|[from] ability: Water Absorb\n|\n|upkeep\n|turn|5\n|\n|t:|1700556034\n|move|p2a: Iron Moth|Sludge Wave|p1a: Ogerpon\n|-supereffective|p1a: Ogerpon\n|-damage|p1a: Ogerpon|0 fnt\n|faint|p1a: Ogerpon\n|\n|upkeep\n|\n|t:|1700556046\n|switch|p1a: Iron Valiant|Iron Valiant|100\/100\n|turn|6\n|\n|t:|1700556057\n|-end|p1a: Iron Valiant|Quark Drive|[silent]\n|switch|p1a: Scizor|Scizor, F|100\/100\n|move|p2a: Iron Moth|Sludge Wave|p1a: Scizor\n|-immune|p1a: Scizor\n|\n|upkeep\n|turn|7\n|\n|t:|1700556066\n|move|p2a: Iron Moth|Fiery Dance|p1a: Scizor\n|-supereffective|p1a: Scizor\n|-crit|p1a: Scizor\n|-damage|p1a: Scizor|0 fnt\n|faint|p1a: Scizor\n|\n|upkeep\n|-message|zoarck forfeited.\n|\n|win|paradox 420\n|raw|zoarck's rating: 1219 &rarr; <strong>1200<\/strong><br \/>(-19 for losing)\n|raw|paradox 420's rating: 1310 &rarr; <strong>1325<\/strong><br \/>(+15 for winning)\n|l|\u2606zoarck\n|c|\u2606paradox 420|gg\n|l| Coffee&whiskey\n|player|p2|paradox 420|preschooler\n","uploadtime":1700556075,"views":5,"p1id":"zoarck","p2id":"paradox420","formatid":"gen9ou","rating":1200,"private":0,"password":""}