{"id":"gen9ou-1988849305","p1":"0rd3p4700","p2":"Nesugosu","format":"[Gen 9] OU","log":"|j|\u26060rd3p4700\n|j|\u2606Nesugosu\n|t:|1699773383\n|gametype|singles\n|player|p1|0rd3p4700|102|1218\n|player|p2|Nesugosu|pokemonbreeder-gen4|1179\n|teamsize|p1|6\n|teamsize|p2|6\n|gen|9\n|tier|[Gen 9] OU\n|rated|\n|rule|Sleep Clause Mod: Limit one foe put to sleep\n|rule|Species Clause: Limit one of each Pok\u00e9mon\n|rule|OHKO Clause: OHKO moves are banned\n|rule|Evasion Items Clause: Evasion items are banned\n|rule|Evasion Moves Clause: Evasion moves are banned\n|rule|Endless Battle Clause: Forcing endless battles is banned\n|rule|HP Percentage Mod: HP is shown in percentages\n|clearpoke\n|poke|p1|Great Tusk|\n|poke|p1|Iron Valiant|\n|poke|p1|Iron Moth|\n|poke|p1|Greninja-*, M|\n|poke|p1|Dragapult, F|\n|poke|p1|Ribombee, M|\n|poke|p2|Zoroark-Hisui, M|\n|poke|p2|Lokix, M|\n|poke|p2|Sandy Shocks|\n|poke|p2|Great Tusk|\n|poke|p2|Kingambit, M|\n|poke|p2|Hatterene, F|\n|teampreview\n|inactive|Battle timer is ON: inactive players will automatically lose when time's up. (requested by Nesugosu)\n|\n|t:|1699773402\n|start\n|switch|p1a: Dragapult|Dragapult, F|100\/100\n|switch|p2a: Hatterene|Hatterene, F|100\/100\n|turn|1\n|\n|t:|1699773411\n|move|p1a: Dragapult|Phantom Force||[still]\n|-prepare|p1a: Dragapult|Phantom Force\n|move|p2a: Hatterene|Nasty Plot|p2a: Hatterene\n|-boost|p2a: Hatterene|spa|2\n|\n|upkeep\n|turn|2\n|\n|t:|1699773419\n|move|p1a: Dragapult|Phantom Force|p2a: Hatterene|[from]lockedmove\n|-immune|p2a: Hatterene\n|move|p2a: Hatterene|Shadow Ball|p1a: Dragapult\n|-supereffective|p1a: Dragapult\n|-damage|p1a: Dragapult|0 fnt\n|faint|p1a: Dragapult\n|\n|upkeep\n|\n|t:|1699773431\n|switch|p1a: Iron Valiant|Iron Valiant|100\/100\n|-enditem|p1a: Iron Valiant|Booster Energy\n|-activate|p1a: Iron Valiant|ability: Quark Drive|[fromitem]\n|-start|p1a: Iron Valiant|quarkdrivespe\n|turn|3\n|\n|t:|1699773441\n|move|p1a: Iron Valiant|Knock Off|p2a: Hatterene\n|-supereffective|p2a: Hatterene\n|-enditem|p2a: Hatterene|Focus Sash\n|-damage|p2a: Hatterene|1\/100\n|replace|p2a: Zoroark|Zoroark-Hisui, M\n|-end|p2a: Zoroark|Illusion\n|move|p2a: Zoroark|Psychic|p1a: Iron Valiant\n|-supereffective|p1a: Iron Valiant\n|-damage|p1a: Iron Valiant|0 fnt\n|faint|p1a: Iron Valiant\n|-end|p1a: Iron Valiant|Quark Drive|[silent]\n|\n|upkeep\n|\n|t:|1699773467\n|switch|p1a: Greninja|Greninja, M|100\/100\n|turn|4\n|\n|t:|1699773474\n|move|p1a: Greninja|Surf|p2a: Zoroark\n|-damage|p2a: Zoroark|0 fnt\n|faint|p2a: Zoroark\n|-ability|p1a: Greninja|Battle Bond|boost\n|-boost|p1a: Greninja|atk|1\n|-boost|p1a: Greninja|spa|1\n|-boost|p1a: Greninja|spe|1\n|-activate|p1a: Greninja|ability: Battle Bond\n|-damage|p1a: Greninja|91\/100|[from] item: Life Orb\n|\n|upkeep\n|\n|t:|1699773484\n|switch|p2a: Lokix|Lokix, M|100\/100\n|turn|5\n|\n|t:|1699773490\n|move|p2a: Lokix|First Impression|p1a: Greninja\n|-supereffective|p1a: Greninja\n|-damage|p1a: Greninja|0 fnt\n|faint|p1a: Greninja\n|-damage|p2a: Lokix|91\/100|[from] item: Life Orb\n|\n|upkeep\n|\n|t:|1699773495\n|switch|p1a: Iron Moth|Iron Moth|100\/100\n|-enditem|p1a: Iron Moth|Booster Energy\n|-activate|p1a: Iron Moth|ability: Quark Drive|[fromitem]\n|-start|p1a: Iron Moth|quarkdrivespa\n|turn|6\n|\n|t:|1699773509\n|move|p1a: Iron Moth|Agility|p1a: Iron Moth\n|-boost|p1a: Iron Moth|spe|2\n|move|p2a: Lokix|Axe Kick|p1a: Iron Moth\n|-resisted|p1a: Iron Moth\n|-damage|p1a: Iron Moth|25\/100\n|-damage|p2a: Lokix|81\/100|[from] item: Life Orb\n|\n|upkeep\n|turn|7\n|\n|t:|1699773521\n|move|p1a: Iron Moth|Fiery Dance|p2a: Lokix\n|-supereffective|p2a: Lokix\n|-damage|p2a: Lokix|0 fnt\n|faint|p2a: Lokix\n|\n|upkeep\n|inactive|Nesugosu has 120 seconds left.\n|\n|t:|1699773558\n|switch|p2a: Hatterene|Hatterene, F|100\/100\n|turn|8\n|\n|t:|1699773572\n|-terastallize|p2a: Hatterene|Water\n|move|p1a: Iron Moth|Sludge Wave|p2a: Hatterene\n|-damage|p2a: Hatterene|25\/100\n|-status|p2a: Hatterene|psn\n|move|p2a: Hatterene|Psyshock|p1a: Iron Moth\n|-supereffective|p1a: Iron Moth\n|-damage|p1a: Iron Moth|0 fnt\n|faint|p1a: Iron Moth\n|-end|p1a: Iron Moth|Quark Drive|[silent]\n|\n|-heal|p2a: Hatterene|31\/100 psn|[from] item: Leftovers\n|-damage|p2a: Hatterene|19\/100 psn|[from] psn\n|upkeep\n|\n|t:|1699773584\n|switch|p1a: Great Tusk|Great Tusk|100\/100\n|-enditem|p1a: Great Tusk|Booster Energy\n|-activate|p1a: Great Tusk|ability: Protosynthesis|[fromitem]\n|-start|p1a: Great Tusk|protosynthesisatk\n|turn|9\n|inactive|Nesugosu has 120 seconds left.\n|inactive|Nesugosu has 90 seconds left.\n|\n|t:|1699773632\n|move|p1a: Great Tusk|Rapid Spin|p2a: Hatterene\n|-damage|p2a: Hatterene|0 fnt\n|-boost|p1a: Great Tusk|spe|1\n|faint|p2a: Hatterene\n|\n|upkeep\n|\n|t:|1699773640\n|switch|p2a: Great Tusk|Great Tusk|100\/100\n|turn|10\n|\n|t:|1699773648\n|move|p1a: Great Tusk|Ice Spinner|p2a: Great Tusk\n|-supereffective|p2a: Great Tusk\n|-damage|p2a: Great Tusk|44\/100\n|move|p2a: Great Tusk|Ice Spinner|p1a: Great Tusk\n|-supereffective|p1a: Great Tusk\n|-damage|p1a: Great Tusk|52\/100\n|\n|upkeep\n|turn|11\n|inactive|Nesugosu has 90 seconds left.\n|\n|t:|1699773655\n|move|p1a: Great Tusk|Ice Spinner|p2a: Great Tusk\n|-supereffective|p2a: Great Tusk\n|-damage|p2a: Great Tusk|0 fnt\n|faint|p2a: Great Tusk\n|-end|p2a: Great Tusk|Protosynthesis|[silent]\n|\n|upkeep\n|inactive|Nesugosu has 90 seconds left.\n|\n|t:|1699773671\n|switch|p2a: Sandy Shocks|Sandy Shocks|100\/100\n|turn|12\n|\n|t:|1699773686\n|move|p1a: Great Tusk|Headlong Rush|p2a: Sandy Shocks\n|-supereffective|p2a: Sandy Shocks\n|-damage|p2a: Sandy Shocks|0 fnt\n|-unboost|p1a: Great Tusk|def|1\n|-unboost|p1a: Great Tusk|spd|1\n|faint|p2a: Sandy Shocks\n|-end|p2a: Sandy Shocks|Protosynthesis|[silent]\n|\n|upkeep\n|\n|t:|1699773694\n|switch|p2a: Kingambit|Kingambit, M|100\/100\n|turn|13\n|\n|t:|1699773698\n|move|p2a: Kingambit|Sucker Punch|p1a: Great Tusk\n|-resisted|p1a: Great Tusk\n|-damage|p1a: Great Tusk|30\/100\n|move|p1a: Great Tusk|Close Combat|p2a: Kingambit\n|-supereffective|p2a: Kingambit\n|-damage|p2a: Kingambit|0 fnt\n|-unboost|p1a: Great Tusk|def|1\n|-unboost|p1a: Great Tusk|spd|1\n|faint|p2a: Kingambit\n|\n|win|0rd3p4700\n|raw|0rd3p4700's rating: 1218 &rarr; <strong>1240<\/strong><br \/>(+22 for winning)\n|raw|Nesugosu's rating: 1179 &rarr; <strong>1157<\/strong><br \/>(-22 for losing)\n|c|\u2606Nesugosu|Gg\n|l|\u26060rd3p4700\n","uploadtime":1699773776,"views":10,"p1id":"0rd3p4700","p2id":"nesugosu","formatid":"gen9ou","rating":1157,"private":0,"password":""}