{"id":"gen9ou-2000175023","p1":"dddddddqweeee","p2":"LargeTapioca","format":"[Gen 9] OU","log":"|j|\u2606dddddddqweeee\n|j|\u2606LargeTapioca\n|t:|1701167452\n|gametype|singles\n|player|p1|dddddddqweeee|gentleman|1248\n|player|p2|LargeTapioca|102|1160\n|teamsize|p1|6\n|teamsize|p2|6\n|gen|9\n|tier|[Gen 9] OU\n|rated|\n|rule|Sleep Clause Mod: Limit one foe put to sleep\n|rule|Species Clause: Limit one of each Pok\u00e9mon\n|rule|OHKO Clause: OHKO moves are banned\n|rule|Evasion Items Clause: Evasion items are banned\n|rule|Evasion Moves Clause: Evasion moves are banned\n|rule|Endless Battle Clause: Forcing endless battles is banned\n|rule|HP Percentage Mod: HP is shown in percentages\n|clearpoke\n|poke|p1|Zapdos|\n|poke|p1|Slowking-Galar, M|\n|poke|p1|Perrserker, F|\n|poke|p1|Great Tusk|\n|poke|p1|Crawdaunt, F|\n|poke|p1|Mandibuzz, F|\n|poke|p2|Glimmora, M|\n|poke|p2|Heatran, M|\n|poke|p2|Samurott-Hisui, F|\n|poke|p2|Rillaboom, F|\n|poke|p2|Gholdengo|\n|poke|p2|Zapdos|\n|teampreview\n|inactive|Battle timer is ON: inactive players will automatically lose when time's up. (requested by LargeTapioca)\n|\n|t:|1701167465\n|start\n|switch|p1a: Slowking|Slowking-Galar, M|100\/100\n|switch|p2a: Glimmora|Glimmora, M|100\/100\n|turn|1\n|\n|t:|1701167472\n|move|p2a: Glimmora|Stealth Rock|p1a: Slowking\n|-sidestart|p1: dddddddqweeee|move: Stealth Rock\n|move|p1a: Slowking|Ice Beam|p2a: Glimmora\n|-damage|p2a: Glimmora|69\/100\n|\n|upkeep\n|turn|2\n|\n|t:|1701167479\n|switch|p2a: Samurott|Samurott-Hisui, F|100\/100\n|move|p1a: Slowking|Future Sight|p2a: Samurott\n|-start|p1a: Slowking|move: Future Sight\n|\n|upkeep\n|turn|3\n|\n|t:|1701167489\n|switch|p1a: Mandibuzz|Mandibuzz, F|100\/100\n|move|p2a: Samurott|Ceaseless Edge|p1a: Mandibuzz\n|-resisted|p1a: Mandibuzz\n|-damage|p1a: Mandibuzz|87\/100\n|-sidestart|p1: dddddddqweeee|Spikes\n|\n|upkeep\n|turn|4\n|\n|t:|1701167496\n|move|p2a: Samurott|Ceaseless Edge|p1a: Mandibuzz\n|-resisted|p1a: Mandibuzz\n|-damage|p1a: Mandibuzz|75\/100\n|-sidestart|p1: dddddddqweeee|Spikes\n|move|p1a: Mandibuzz|Defog|p2a: Samurott\n|-unboost|p2a: Samurott|evasion|1\n|-sideend|p1: dddddddqweeee|Spikes|[from] move: Defog|[of] p1a: Mandibuzz\n|-sideend|p1: dddddddqweeee|Stealth Rock|[from] move: Defog|[of] p1a: Mandibuzz\n|\n|-end|p2a: Samurott|move: Future Sight\n|-immune|p2a: Samurott\n|upkeep\n|turn|5\n|\n|t:|1701167502\n|move|p2a: Samurott|Razor Shell|p1a: Mandibuzz\n|-damage|p1a: Mandibuzz|45\/100\n|-unboost|p1a: Mandibuzz|def|1\n|move|p1a: Mandibuzz|Roost|p1a: Mandibuzz\n|-heal|p1a: Mandibuzz|95\/100\n|-singleturn|p1a: Mandibuzz|move: Roost\n|\n|upkeep\n|turn|6\n|\n|t:|1701167523\n|switch|p1a: Perrserker|Perrserker, F|100\/100\n|move|p2a: Samurott|Razor Shell|p1a: Perrserker\n|-damage|p1a: Perrserker|46\/100\n|\n|upkeep\n|turn|7\n|\n|t:|1701167536\n|move|p2a: Samurott|Sacred Sword|p1a: Perrserker\n|-supereffective|p1a: Perrserker\n|-damage|p1a: Perrserker|0 fnt\n|faint|p1a: Perrserker\n|\n|upkeep\n|\n|t:|1701167545\n|switch|p1a: Great Tusk|Great Tusk, shiny|100\/100\n|turn|8\n|\n|t:|1701167561\n|switch|p2a: Zapdos|Zapdos|100\/100\n|move|p1a: Great Tusk|Earthquake|p2a: Zapdos\n|-immune|p2a: Zapdos\n|\n|upkeep\n|turn|9\n|\n|t:|1701167571\n|-end|p1a: Great Tusk|Protosynthesis|[silent]\n|switch|p1a: Slowking|Slowking-Galar, M|100\/100\n|move|p2a: Zapdos|Hurricane|p1a: Slowking\n|-damage|p1a: Slowking|59\/100\n|\n|upkeep\n|turn|10\n|\n|t:|1701167578\n|move|p2a: Zapdos|Volt Switch|p1a: Slowking\n|-damage|p1a: Slowking|32\/100\n|\n|t:|1701167581\n|switch|p2a: Samurott|Samurott-Hisui, F|100\/100|[from] Volt Switch\n|move|p1a: Slowking|Chilly Reception|p1a: Slowking\n|-weather|Snow\n|\n|t:|1701167587\n|switch|p1a: Zapdos|Zapdos|100\/100|[from] Chilly Reception\n|\n|-weather|Snow|[upkeep]\n|upkeep\n|turn|11\n|\n|t:|1701167595\n|switch|p2a: Zapdos|Zapdos|100\/100\n|move|p1a: Zapdos|Volt Switch|p2a: Zapdos\n|-damage|p2a: Zapdos|73\/100\n|\n|t:|1701167600\n|switch|p1a: Slowking|Slowking-Galar, M|65\/100|[from] Volt Switch\n|\n|-weather|Snow|[upkeep]\n|upkeep\n|turn|12\n|\n|t:|1701167604\n|move|p2a: Zapdos|Hurricane|p1a: Slowking\n|-damage|p1a: Slowking|21\/100\n|move|p1a: Slowking|Chilly Reception|p1a: Slowking\n|\n|t:|1701167610\n|switch|p1a: Zapdos|Zapdos|100\/100|[from] Chilly Reception\n|\n|-weather|Snow|[upkeep]\n|upkeep\n|turn|13\n|\n|t:|1701167613\n|move|p1a: Zapdos|Volt Switch|p2a: Zapdos\n|-damage|p2a: Zapdos|47\/100\n|\n|t:|1701167616\n|switch|p1a: Slowking|Slowking-Galar, M|54\/100|[from] Volt Switch\n|move|p2a: Zapdos|Discharge|p1a: Slowking\n|-damage|p1a: Slowking|22\/100\n|\n|-weather|Snow|[upkeep]\n|upkeep\n|turn|14\n|\n|t:|1701167624\n|switch|p1a: Zapdos|Zapdos|100\/100\n|move|p2a: Zapdos|Discharge|p1a: Zapdos\n|-damage|p1a: Zapdos|71\/100\n|\n|-weather|none\n|upkeep\n|turn|15\n|\n|t:|1701167631\n|move|p2a: Zapdos|Roost|p2a: Zapdos\n|-heal|p2a: Zapdos|97\/100\n|-singleturn|p2a: Zapdos|move: Roost\n|move|p1a: Zapdos|Volt Switch|p2a: Zapdos\n|-resisted|p2a: Zapdos\n|-damage|p2a: Zapdos|84\/100\n|\n|t:|1701167639\n|switch|p1a: Slowking|Slowking-Galar, M|55\/100|[from] Volt Switch\n|\n|upkeep\n|turn|16\n|\n|t:|1701167642\n|move|p2a: Zapdos|Volt Switch|p1a: Slowking\n|-damage|p1a: Slowking|25\/100\n|\n|t:|1701167649\n|switch|p2a: Heatran|Heatran, M|100\/100|[from] Volt Switch\n|move|p1a: Slowking|Chilly Reception|p1a: Slowking\n|-weather|Snow\n|\n|t:|1701167665\n|switch|p1a: Crawdaunt|Crawdaunt, F|100\/100|[from] Chilly Reception\n|\n|-weather|Snow|[upkeep]\n|upkeep\n|turn|17\n|\n|t:|1701167669\n|move|p2a: Heatran|Flash Cannon|p1a: Crawdaunt\n|-resisted|p1a: Crawdaunt\n|-damage|p1a: Crawdaunt|64\/100\n|-unboost|p1a: Crawdaunt|spd|1\n|move|p1a: Crawdaunt|Crabhammer|p2a: Heatran\n|-supereffective|p2a: Heatran\n|-damage|p2a: Heatran|0 fnt\n|faint|p2a: Heatran\n|\n|-weather|Snow|[upkeep]\n|upkeep\n|\n|t:|1701167675\n|switch|p2a: Glimmora|Glimmora, M|69\/100\n|turn|18\n|\n|t:|1701167683\n|switch|p1a: Slowking|Slowking-Galar, M|59\/100\n|move|p2a: Glimmora|Stealth Rock|p1a: Slowking\n|-sidestart|p1: dddddddqweeee|move: Stealth Rock\n|\n|-weather|Snow|[upkeep]\n|upkeep\n|turn|19\n|\n|t:|1701167692\n|move|p2a: Glimmora|Energy Ball|p1a: Slowking\n|-resisted|p1a: Slowking\n|-damage|p1a: Slowking|47\/100\n|move|p1a: Slowking|Chilly Reception|p1a: Slowking\n|\n|t:|1701167697\n|switch|p1a: Great Tusk|Great Tusk, shiny|100\/100|[from] Chilly Reception\n|-damage|p1a: Great Tusk|98\/100|[from] Stealth Rock\n|\n|-weather|Snow|[upkeep]\n|-heal|p1a: Great Tusk|100\/100|[from] item: Leftovers\n|upkeep\n|turn|20\n|\n|t:|1701167700\n|-end|p1a: Great Tusk|Protosynthesis|[silent]\n|switch|p1a: Slowking|Slowking-Galar, M|80\/100\n|move|p2a: Glimmora|Energy Ball|p1a: Slowking\n|-resisted|p1a: Slowking\n|-damage|p1a: Slowking|69\/100\n|\n|-weather|none\n|upkeep\n|turn|21\n|\n|t:|1701167707\n|switch|p2a: Rillaboom|Rillaboom, F|100\/100\n|-fieldstart|move: Grassy Terrain|[from] ability: Grassy Surge|[of] p2a: Rillaboom\n|move|p1a: Slowking|Chilly Reception|p1a: Slowking\n|-weather|Snow\n|\n|t:|1701167714\n|switch|p1a: Mandibuzz|Mandibuzz, F|95\/100|[from] Chilly Reception\n|\n|-weather|Snow|[upkeep]\n|upkeep\n|turn|22\n|\n|t:|1701167717\n|switch|p2a: Gholdengo|Gholdengo|100\/100\n|move|p1a: Mandibuzz|Defog|p2a: Gholdengo\n|-immune|p2a: Gholdengo|[from] ability: Good as Gold\n|\n|-weather|Snow|[upkeep]\n|upkeep\n|turn|23\n|\n|t:|1701167722\n|move|p2a: Gholdengo|Make It Rain|p1a: Mandibuzz\n|-damage|p1a: Mandibuzz|9\/100\n|-unboost|p2a: Gholdengo|spa|1\n|move|p1a: Mandibuzz|U-turn|p2a: Gholdengo\n|-resisted|p2a: Gholdengo\n|-damage|p2a: Gholdengo|98\/100\n|\n|t:|1701167731\n|switch|p1a: Crawdaunt|Crawdaunt, F|64\/100|[from] U-turn\n|-damage|p1a: Crawdaunt|52\/100|[from] Stealth Rock\n|\n|-weather|Snow|[upkeep]\n|-heal|p2a: Gholdengo|100\/100|[from] Grassy Terrain\n|-heal|p1a: Crawdaunt|58\/100|[from] Grassy Terrain\n|upkeep\n|turn|24\n|\n|t:|1701167737\n|switch|p2a: Glimmora|Glimmora, M|69\/100\n|move|p1a: Crawdaunt|Knock Off|p2a: Glimmora\n|-damage|p2a: Glimmora|0 fnt\n|-activate|p2a: Glimmora|ability: Toxic Debris\n|-sidestart|p1: dddddddqweeee|move: Toxic Spikes\n|-enditem|p2a: Glimmora|Focus Sash|[from] move: Knock Off|[of] p1a: Crawdaunt\n|faint|p2a: Glimmora\n|\n|-weather|Snow|[upkeep]\n|-heal|p1a: Crawdaunt|64\/100|[from] Grassy Terrain\n|upkeep\n|\n|t:|1701167748\n|switch|p2a: Samurott|Samurott-Hisui, F|100\/100\n|turn|25\n|\n|t:|1701167770\n|switch|p1a: Zapdos|Zapdos|71\/100\n|move|p2a: Samurott|Sacred Sword|p1a: Zapdos\n|-resisted|p1a: Zapdos\n|-damage|p1a: Zapdos|50\/100\n|-status|p2a: Samurott|par|[from] ability: Static|[of] p1a: Zapdos\n|\n|-weather|none\n|-fieldend|move: Grassy Terrain\n|upkeep\n|turn|26\n|\n|t:|1701167780\n|move|p1a: Zapdos|Volt Switch|p2a: Samurott\n|-supereffective|p2a: Samurott\n|-damage|p2a: Samurott|13\/100 par\n|\n|t:|1701167798\n|switch|p1a: Great Tusk|Great Tusk, shiny|100\/100|[from] Volt Switch\n|-damage|p1a: Great Tusk|98\/100|[from] Stealth Rock\n|-status|p1a: Great Tusk|psn\n|move|p2a: Samurott|Ceaseless Edge|p1a: Great Tusk\n|-resisted|p1a: Great Tusk\n|-damage|p1a: Great Tusk|87\/100 psn\n|-sidestart|p1: dddddddqweeee|Spikes\n|\n|-heal|p1a: Great Tusk|93\/100 psn|[from] item: Leftovers\n|-damage|p1a: Great Tusk|81\/100 psn|[from] psn\n|upkeep\n|turn|27\n|inactive|dddddddqweeee has 120 seconds left.\n|\n|t:|1701167821\n|switch|p2a: Gholdengo|Gholdengo|100\/100\n|move|p1a: Great Tusk|Ice Spinner|p2a: Gholdengo\n|-resisted|p2a: Gholdengo\n|-damage|p2a: Gholdengo|88\/100\n|\n|-heal|p1a: Great Tusk|87\/100 psn|[from] item: Leftovers\n|-damage|p1a: Great Tusk|75\/100 psn|[from] psn\n|upkeep\n|turn|28\n|\n|t:|1701167832\n|-terastallize|p2a: Gholdengo|Flying\n|move|p2a: Gholdengo|Make It Rain|p1a: Great Tusk\n|-damage|p1a: Great Tusk|0 fnt\n|-unboost|p2a: Gholdengo|spa|1\n|faint|p1a: Great Tusk\n|-end|p1a: Great Tusk|Protosynthesis|[silent]\n|\n|upkeep\n|inactive|dddddddqweeee has 120 seconds left.\n|\n|t:|1701167846\n|switch|p1a: Zapdos|Zapdos|50\/100\n|turn|29\n|\n|t:|1701167852\n|move|p2a: Gholdengo|Make It Rain|p1a: Zapdos\n|-resisted|p1a: Zapdos\n|-damage|p1a: Zapdos|29\/100\n|-unboost|p2a: Gholdengo|spa|1\n|move|p1a: Zapdos|Roost|p1a: Zapdos\n|-heal|p1a: Zapdos|79\/100\n|-singleturn|p1a: Zapdos|move: Roost\n|\n|upkeep\n|turn|30\n|\n|t:|1701167861\n|switch|p2a: Zapdos|Zapdos|84\/100\n|move|p1a: Zapdos|Volt Switch|p2a: Zapdos\n|-damage|p2a: Zapdos|57\/100\n|\n|t:|1701167881\n|switch|p1a: Slowking|Slowking-Galar, M|100\/100|[from] Volt Switch\n|-sideend|p1: dddddddqweeee|move: Toxic Spikes|[of] p1a: Slowking\n|\n|upkeep\n|turn|31\n|\n|t:|1701167891\n|move|p2a: Zapdos|Volt Switch|p1a: Slowking\n|-damage|p1a: Slowking|74\/100\n|\n|t:|1701167895\n|switch|p2a: Samurott|Samurott-Hisui, F|13\/100 par|[from] Volt Switch\n|move|p1a: Slowking|Future Sight|p2a: Samurott\n|-start|p1a: Slowking|move: Future Sight\n|\n|upkeep\n|turn|32\n|\n|t:|1701167901\n|switch|p1a: Mandibuzz|Mandibuzz, F|9\/100\n|cant|p2a: Samurott|par\n|\n|upkeep\n|turn|33\n|\n|t:|1701167913\n|move|p2a: Samurott|Aqua Jet|p1a: Mandibuzz\n|-damage|p1a: Mandibuzz|0 fnt\n|faint|p1a: Mandibuzz\n|\n|-end|p2a: Samurott|move: Future Sight\n|-immune|p2a: Samurott\n|upkeep\n|\n|t:|1701167919\n|switch|p1a: Zapdos|Zapdos|79\/100\n|turn|34\n|\n|t:|1701167923\n|move|p2a: Samurott|Aqua Jet|p1a: Zapdos\n|-damage|p1a: Zapdos|60\/100\n|move|p1a: Zapdos|Volt Switch|p2a: Samurott\n|-supereffective|p2a: Samurott\n|-damage|p2a: Samurott|0 fnt\n|faint|p2a: Samurott\n|\n|t:|1701167929\n|switch|p1a: Slowking|Slowking-Galar, M|100\/100|[from] Volt Switch\n|\n|upkeep\n|\n|t:|1701167931\n|switch|p2a: Rillaboom|Rillaboom, F|100\/100\n|-fieldstart|move: Grassy Terrain|[from] ability: Grassy Surge|[of] p2a: Rillaboom\n|turn|35\n|\n|t:|1701167941\n|move|p2a: Rillaboom|Knock Off|p1a: Slowking\n|-supereffective|p1a: Slowking\n|-damage|p1a: Slowking|52\/100\n|-enditem|p1a: Slowking|Heavy-Duty Boots|[from] move: Knock Off|[of] p2a: Rillaboom\n|move|p1a: Slowking|Chilly Reception|p1a: Slowking\n|-weather|Snow\n|\n|t:|1701167948\n|switch|p1a: Zapdos|Zapdos|60\/100|[from] Chilly Reception\n|\n|-weather|Snow|[upkeep]\n|upkeep\n|turn|36\n|\n|t:|1701167963\n|move|p1a: Zapdos|Roost|p1a: Zapdos\n|-heal|p1a: Zapdos|100\/100\n|-singleturn|p1a: Zapdos|move: Roost\n|move|p2a: Rillaboom|Knock Off|p1a: Zapdos\n|-damage|p1a: Zapdos|67\/100\n|-enditem|p1a: Zapdos|Heavy-Duty Boots|[from] move: Knock Off|[of] p2a: Rillaboom\n|\n|-weather|Snow|[upkeep]\n|-heal|p1a: Zapdos|73\/100|[from] Grassy Terrain\n|upkeep\n|turn|37\n|\n|t:|1701167974\n|switch|p2a: Zapdos|Zapdos|57\/100\n|move|p1a: Zapdos|Volt Switch|p2a: Zapdos\n|-damage|p2a: Zapdos|30\/100\n|\n|t:|1701167978\n|switch|p1a: Slowking|Slowking-Galar, M|85\/100|[from] Volt Switch\n|-damage|p1a: Slowking|73\/100|[from] Stealth Rock\n|-damage|p1a: Slowking|60\/100|[from] Spikes\n|\n|-weather|Snow|[upkeep]\n|-heal|p1a: Slowking|66\/100|[from] Grassy Terrain\n|upkeep\n|turn|38\n|\n|t:|1701167982\n|move|p2a: Zapdos|Roost|p2a: Zapdos\n|-heal|p2a: Zapdos|80\/100\n|-singleturn|p2a: Zapdos|move: Roost\n|move|p1a: Slowking|Ice Beam|p2a: Zapdos\n|-damage|p2a: Zapdos|57\/100\n|-status|p2a: Zapdos|frz\n|\n|-weather|Snow|[upkeep]\n|-heal|p2a: Zapdos|63\/100 frz|[from] Grassy Terrain\n|-heal|p1a: Slowking|72\/100|[from] Grassy Terrain\n|upkeep\n|turn|39\n|\n|t:|1701167994\n|switch|p2a: Gholdengo|Gholdengo, tera:Flying|88\/100\n|move|p1a: Slowking|Future Sight|p2a: Gholdengo\n|-start|p1a: Slowking|move: Future Sight\n|\n|-weather|none\n|-heal|p1a: Slowking|78\/100|[from] Grassy Terrain\n|-fieldend|move: Grassy Terrain\n|upkeep\n|turn|40\n|\n|t:|1701168004\n|-terastallize|p1a: Slowking|Water\n|move|p2a: Gholdengo|Shadow Ball|p1a: Slowking\n|-damage|p1a: Slowking|30\/100\n|move|p1a: Slowking|Ice Beam|p2a: Gholdengo\n|-supereffective|p2a: Gholdengo\n|-damage|p2a: Gholdengo|34\/100\n|\n|upkeep\n|turn|41\n|\n|t:|1701168012\n|switch|p1a: Crawdaunt|Crawdaunt, F|64\/100\n|-damage|p1a: Crawdaunt|51\/100|[from] Stealth Rock\n|-damage|p1a: Crawdaunt|39\/100|[from] Spikes\n|move|p2a: Gholdengo|Shadow Ball|p1a: Crawdaunt\n|-resisted|p1a: Crawdaunt\n|-damage|p1a: Crawdaunt|0 fnt\n|faint|p1a: Crawdaunt\n|\n|-end|p2a: Gholdengo|move: Future Sight\n|-damage|p2a: Gholdengo|0 fnt\n|faint|p2a: Gholdengo\n|upkeep\n|\n|t:|1701168022\n|switch|p2a: Rillaboom|Rillaboom, F|100\/100\n|switch|p1a: Zapdos|Zapdos|73\/100\n|-damage|p1a: Zapdos|48\/100|[from] Stealth Rock\n|-fieldstart|move: Grassy Terrain|[from] ability: Grassy Surge|[of] p2a: Rillaboom\n|turn|42\n|\n|t:|1701168029\n|move|p2a: Rillaboom|Grassy Glide|p1a: Zapdos\n|-resisted|p1a: Zapdos\n|-damage|p1a: Zapdos|29\/100\n|move|p1a: Zapdos|Hurricane|p2a: Rillaboom\n|-supereffective|p2a: Rillaboom\n|-damage|p2a: Rillaboom|32\/100\n|-start|p2a: Rillaboom|confusion\n|\n|-heal|p2a: Rillaboom|38\/100|[from] Grassy Terrain\n|upkeep\n|turn|43\n|\n|t:|1701168041\n|-activate|p2a: Rillaboom|confusion\n|-damage|p2a: Rillaboom|26\/100|[from] confusion\n|move|p1a: Zapdos|Roost|p1a: Zapdos\n|-heal|p1a: Zapdos|79\/100\n|-singleturn|p1a: Zapdos|move: Roost\n|\n|-heal|p1a: Zapdos|85\/100|[from] Grassy Terrain\n|-heal|p2a: Rillaboom|32\/100|[from] Grassy Terrain\n|upkeep\n|turn|44\n|\n|t:|1701168045\n|-end|p2a: Rillaboom|confusion\n|move|p2a: Rillaboom|Grassy Glide|p1a: Zapdos\n|-resisted|p1a: Zapdos\n|-damage|p1a: Zapdos|67\/100\n|-status|p2a: Rillaboom|par|[from] ability: Static|[of] p1a: Zapdos\n|move|p1a: Zapdos|Hurricane|p2a: Rillaboom\n|-supereffective|p2a: Rillaboom\n|-damage|p2a: Rillaboom|0 fnt\n|faint|p2a: Rillaboom\n|\n|upkeep\n|\n|t:|1701168053\n|switch|p2a: Zapdos|Zapdos|63\/100 frz\n|turn|45\n|\n|t:|1701168058\n|cant|p2a: Zapdos|frz\n|move|p1a: Zapdos|Volt Switch|p2a: Zapdos\n|-damage|p2a: Zapdos|34\/100 frz\n|\n|t:|1701168060\n|switch|p1a: Slowking|Slowking-Galar, M, tera:Water|64\/100|[from] Volt Switch\n|-damage|p1a: Slowking|51\/100|[from] Stealth Rock\n|-damage|p1a: Slowking|39\/100|[from] Spikes\n|\n|-heal|p1a: Slowking|45\/100|[from] Grassy Terrain\n|upkeep\n|turn|46\n|\n|t:|1701168064\n|cant|p2a: Zapdos|frz\n|move|p1a: Slowking|Ice Beam|p2a: Zapdos\n|-supereffective|p2a: Zapdos\n|-damage|p2a: Zapdos|0 fnt\n|faint|p2a: Zapdos\n|\n|win|dddddddqweeee\n|raw|dddddddqweeee's rating: 1248 &rarr; <strong>1267<\/strong><br \/>(+19 for winning)\n|raw|LargeTapioca's rating: 1160 &rarr; <strong>1141<\/strong><br \/>(-19 for losing)\n","uploadtime":1701168066,"views":19,"p1id":"dddddddqweeee","p2id":"largetapioca","formatid":"gen9ou","rating":1141,"private":0,"password":""}