{"id":"gen9ou-1999870537","p1":"PurifyingGhost","p2":"darkwuz","format":"[Gen 9] OU","log":"|j|\u2606PurifyingGhost\n|j|\u2606darkwuz\n|t:|1701124725\n|gametype|singles\n|player|p1|PurifyingGhost|li|1407\n|player|p2|darkwuz|benga|1458\n|teamsize|p1|6\n|teamsize|p2|6\n|gen|9\n|tier|[Gen 9] OU\n|rated|\n|rule|Sleep Clause Mod: Limit one foe put to sleep\n|rule|Species Clause: Limit one of each Pok\u00e9mon\n|rule|OHKO Clause: OHKO moves are banned\n|rule|Evasion Items Clause: Evasion items are banned\n|rule|Evasion Moves Clause: Evasion moves are banned\n|rule|Endless Battle Clause: Forcing endless battles is banned\n|rule|HP Percentage Mod: HP is shown in percentages\n|clearpoke\n|poke|p1|Zoroark-Hisui, M|\n|poke|p1|Corviknight, F|\n|poke|p1|Lokix, M|\n|poke|p1|Ogerpon-Wellspring, F|\n|poke|p1|Kleavor, M|\n|poke|p1|Great Tusk|\n|poke|p2|Mew|\n|poke|p2|Masquerain, F|\n|poke|p2|Greninja-*, M|\n|poke|p2|Iron Treads|\n|poke|p2|Corviknight, F|\n|poke|p2|Lurantis, M|\n|teampreview\n|inactive|Battle timer is ON: inactive players will automatically lose when time's up. (requested by darkwuz)\n|\n|t:|1701124757\n|start\n|switch|p1a: Kleavor|Kleavor, M|100\/100\n|switch|p2a: Masquerain|Masquerain, F|100\/100\n|-ability|p2a: Masquerain|Intimidate|boost\n|-unboost|p1a: Kleavor|atk|1\n|turn|1\n|\n|t:|1701124765\n|move|p1a: Kleavor|Stone Axe|p2a: Masquerain|[miss]\n|-miss|p1a: Kleavor|p2a: Masquerain\n|move|p2a: Masquerain|Sticky Web|p1a: Kleavor\n|-sidestart|p1: PurifyingGhost|move: Sticky Web\n|\n|upkeep\n|turn|2\n|\n|t:|1701124768\n|move|p1a: Kleavor|Stone Axe|p2a: Masquerain\n|-supereffective|p2a: Masquerain\n|-enditem|p2a: Masquerain|Focus Sash\n|-damage|p2a: Masquerain|1\/100\n|-sidestart|p2: darkwuz|move: Stealth Rock\n|move|p2a: Masquerain|Tailwind|p2a: Masquerain\n|-sidestart|p2: darkwuz|move: Tailwind\n|\n|upkeep\n|turn|3\n|\n|t:|1701124770\n|move|p2a: Masquerain|Ice Beam|p1a: Kleavor\n|-damage|p1a: Kleavor|59\/100\n|move|p1a: Kleavor|Stone Axe|p2a: Masquerain\n|-supereffective|p2a: Masquerain\n|-damage|p2a: Masquerain|0 fnt\n|faint|p2a: Masquerain\n|\n|upkeep\n|\n|t:|1701124774\n|switch|p2a: Iron Treads|Iron Treads|100\/100\n|-damage|p2a: Iron Treads|98\/100|[from] Stealth Rock\n|turn|4\n|\n|t:|1701124778\n|switch|p1a: Corviknight|Corviknight, F|100\/100\n|-ability|p1a: Corviknight|Pressure\n|move|p2a: Iron Treads|Rapid Spin|p1a: Corviknight\n|-resisted|p1a: Corviknight\n|-damage|p1a: Corviknight|95\/100\n|-boost|p2a: Iron Treads|spe|1\n|-damage|p2a: Iron Treads|81\/100|[from] item: Rocky Helmet|[of] p1a: Corviknight\n|-sideend|p2: darkwuz|Stealth Rock|[from] move: Rapid Spin|[of] p2a: Iron Treads\n|\n|upkeep\n|turn|5\n|\n|t:|1701124782\n|-end|p2a: Iron Treads|Quark Drive|[silent]\n|switch|p2a: Lurantis|Lurantis, M|100\/100\n|move|p1a: Corviknight|Defog|p2a: Lurantis\n|-boost|p2a: Lurantis|evasion|1\n|-sideend|p1: PurifyingGhost|Sticky Web|[from] move: Defog|[of] p1a: Corviknight\n|\n|-sideend|p2: darkwuz|move: Tailwind\n|upkeep\n|turn|6\n|\n|t:|1701124787\n|move|p2a: Lurantis|Superpower|p1a: Corviknight\n|-damage|p1a: Corviknight|76\/100\n|-boost|p2a: Lurantis|atk|1\n|-boost|p2a: Lurantis|def|1\n|-damage|p2a: Lurantis|84\/100|[from] item: Rocky Helmet|[of] p1a: Corviknight\n|move|p1a: Corviknight|Brave Bird|p2a: Lurantis\n|-supereffective|p2a: Lurantis\n|-damage|p2a: Lurantis|22\/100\n|-damage|p1a: Corviknight|60\/100|[from] Recoil\n|\n|-heal|p2a: Lurantis|28\/100|[from] item: Leftovers\n|upkeep\n|turn|7\n|\n|t:|1701124792\n|move|p2a: Lurantis|Superpower|p1a: Corviknight\n|-damage|p1a: Corviknight|31\/100\n|-boost|p2a: Lurantis|atk|1\n|-boost|p2a: Lurantis|def|1\n|-damage|p2a: Lurantis|11\/100|[from] item: Rocky Helmet|[of] p1a: Corviknight\n|move|p1a: Corviknight|U-turn|p2a: Lurantis\n|-supereffective|p2a: Lurantis\n|-damage|p2a: Lurantis|0 fnt\n|faint|p2a: Lurantis\n|\n|t:|1701124795\n|switch|p1a: Great Tusk|Great Tusk|100\/100|[from] U-turn\n|\n|upkeep\n|\n|t:|1701124804\n|switch|p2a: Corviknight|Corviknight, F|100\/100\n|-ability|p2a: Corviknight|Pressure\n|turn|8\n|\n|t:|1701124807\n|move|p1a: Great Tusk|Flamethrower|p2a: Corviknight\n|-supereffective|p2a: Corviknight\n|-damage|p2a: Corviknight|0 fnt\n|faint|p2a: Corviknight\n|\n|upkeep\n|\n|t:|1701124811\n|switch|p2a: Greninja|Greninja, M|100\/100\n|turn|9\n|\n|t:|1701124815\n|switch|p1a: Corviknight|Corviknight, F|31\/100\n|-ability|p1a: Corviknight|Pressure\n|move|p2a: Greninja|Dark Pulse|p1a: Corviknight\n|-damage|p1a: Corviknight|0 fnt\n|faint|p1a: Corviknight\n|-ability|p2a: Greninja|Battle Bond|boost\n|-boost|p2a: Greninja|atk|1\n|-boost|p2a: Greninja|spa|1\n|-boost|p2a: Greninja|spe|1\n|-activate|p2a: Greninja|ability: Battle Bond\n|\n|upkeep\n|\n|t:|1701124819\n|switch|p1a: Lokix|Lokix, M|100\/100\n|turn|10\n|\n|t:|1701124826\n|-terastallize|p2a: Greninja|Poison\n|move|p1a: Lokix|First Impression|p2a: Greninja\n|-resisted|p2a: Greninja\n|-damage|p2a: Greninja|0 fnt\n|faint|p2a: Greninja\n|\n|upkeep\n|\n|t:|1701124831\n|switch|p2a: Mew|Mew|100\/100\n|turn|11\n|\n|t:|1701124836\n|switch|p1a: Kleavor|Kleavor, M|59\/100\n|move|p2a: Mew|Dragon Dance|p2a: Mew\n|-boost|p2a: Mew|atk|1\n|-boost|p2a: Mew|spe|1\n|\n|upkeep\n|turn|12\n|\n|t:|1701124840\n|move|p2a: Mew|Ice Spinner|p1a: Kleavor\n|-damage|p1a: Kleavor|14\/100\n|move|p1a: Kleavor|X-Scissor|p2a: Mew\n|-supereffective|p2a: Mew\n|-damage|p2a: Mew|0 fnt\n|faint|p2a: Mew\n|\n|upkeep\n|\n|t:|1701124842\n|switch|p2a: Iron Treads|Iron Treads|81\/100\n|turn|13\n|\n|t:|1701124844\n|move|p1a: Kleavor|X-Scissor|p2a: Iron Treads\n|-resisted|p2a: Iron Treads\n|-damage|p2a: Iron Treads|53\/100\n|move|p2a: Iron Treads|Rapid Spin|p1a: Kleavor\n|-resisted|p1a: Kleavor\n|-damage|p1a: Kleavor|4\/100\n|-boost|p2a: Iron Treads|spe|1\n|\n|upkeep\n|turn|14\n|\n|t:|1701124846\n|move|p2a: Iron Treads|Rapid Spin|p1a: Kleavor\n|-resisted|p1a: Kleavor\n|-damage|p1a: Kleavor|0 fnt\n|-boost|p2a: Iron Treads|spe|1\n|faint|p1a: Kleavor\n|\n|upkeep\n|\n|t:|1701124849\n|switch|p1a: Great Tusk|Great Tusk|100\/100\n|-enditem|p1a: Great Tusk|Booster Energy\n|-activate|p1a: Great Tusk|ability: Protosynthesis|[fromitem]\n|-start|p1a: Great Tusk|protosynthesisspe\n|turn|15\n|\n|t:|1701124851\n|move|p2a: Iron Treads|Ice Spinner|p1a: Great Tusk\n|-supereffective|p1a: Great Tusk\n|-damage|p1a: Great Tusk|65\/100\n|move|p1a: Great Tusk|Headlong Rush|p2a: Iron Treads\n|-supereffective|p2a: Iron Treads\n|-damage|p2a: Iron Treads|0 fnt\n|-unboost|p1a: Great Tusk|def|1\n|-unboost|p1a: Great Tusk|spd|1\n|faint|p2a: Iron Treads\n|-end|p2a: Iron Treads|Quark Drive|[silent]\n|\n|win|PurifyingGhost\n|raw|PurifyingGhost's rating: 1407 &rarr; <strong>1430<\/strong><br \/>(+23 for winning)\n|raw|darkwuz's rating: 1458 &rarr; <strong>1435<\/strong><br \/>(-23 for losing)\n|l|\u2606darkwuz\n","uploadtime":1701124855,"views":2,"p1id":"purifyingghost","p2id":"darkwuz","formatid":"gen9ou","rating":1430,"private":0,"password":""}