{"id":"gen9ou-1989354490","p1":"burberry bax","p2":"50Niko05","format":"[Gen 9] OU","log":"|j|\u2606burberry bax\n|j|\u260650Niko05\n|t:|1699839934\n|gametype|singles\n|player|p1|burberry bax|lucas|\n|player|p2|50Niko05|n|\n|teamsize|p1|6\n|teamsize|p2|6\n|gen|9\n|tier|[Gen 9] OU\n|rule|Sleep Clause Mod: Limit one foe put to sleep\n|rule|Species Clause: Limit one of each Pok\u00e9mon\n|rule|OHKO Clause: OHKO moves are banned\n|rule|Evasion Items Clause: Evasion items are banned\n|rule|Evasion Moves Clause: Evasion moves are banned\n|rule|Endless Battle Clause: Forcing endless battles is banned\n|rule|HP Percentage Mod: HP is shown in percentages\n|clearpoke\n|poke|p1|Moltres|\n|poke|p1|Gardevoir, F|\n|poke|p1|Eelektross, F|\n|poke|p1|Salamence, M|\n|poke|p1|Amoonguss, M|\n|poke|p1|Hariyama, F|\n|poke|p2|Mew|\n|poke|p2|Tornadus-Therian, M|\n|poke|p2|Zamazenta-*|\n|poke|p2|Weavile, M|\n|poke|p2|Uxie|\n|poke|p2|Veluza, F|\n|teampreview\n|j| muffinATEthat\n|j| GymLeader Avery\n|j| CTE World\n|c| muffinATEthat|stream still on the starting soon screen\n|c|\u260650Niko05|*elevator music*\n|j| DomNeedsHelp\n|c|\u260650Niko05|yippee\n|c| DomNeedsHelp|gO!\n|c|\u2606burberry bax|flipping a coin rn\n|\n|t:|1699840249\n|start\n|switch|p1a: rika|Eelektross, F|100\/100\n|switch|p2a: Bird Man|Tornadus-Therian, M|100\/100\n|turn|1\n|inactive|Battle timer is ON: inactive players will automatically lose when time's up. (requested by burberry bax)\n|\n|t:|1699840255\n|move|p2a: Bird Man|Knock Off|p1a: rika\n|-damage|p1a: rika|77\/100\n|-enditem|p1a: rika|Assault Vest|[from] move: Knock Off|[of] p2a: Bird Man\n|move|p1a: rika|Volt Switch|p2a: Bird Man\n|-supereffective|p2a: Bird Man\n|-damage|p2a: Bird Man|40\/100\n|\n|t:|1699840262\n|switch|p1a: hakuho|Hariyama, F, shiny|100\/100|[from] Volt Switch\n|\n|-status|p1a: hakuho|brn|[from] item: Flame Orb\n|upkeep\n|turn|2\n|inactive|50Niko05 has 270 seconds left.\n|\n|t:|1699840297\n|switch|p2a: Smurf Cat|Mew, shiny|100\/100\n|-terastallize|p1a: hakuho|Steel\n|move|p1a: hakuho|Facade|p2a: Smurf Cat\n|-damage|p2a: Smurf Cat|30\/100\n|\n|-damage|p1a: hakuho|94\/100 brn|[from] brn\n|upkeep\n|turn|3\n|j| mindyourmoney\n|\n|t:|1699840309\n|move|p2a: Smurf Cat|Stealth Rock|p1a: hakuho\n|-sidestart|p1: burberry bax|move: Stealth Rock\n|move|p1a: hakuho|Knock Off|p2a: Smurf Cat\n|-supereffective|p2a: Smurf Cat\n|-enditem|p2a: Smurf Cat|Colbur Berry|[eat]\n|-enditem|p2a: Smurf Cat|Colbur Berry|[weaken]\n|-damage|p2a: Smurf Cat|0 fnt\n|faint|p2a: Smurf Cat\n|\n|-damage|p1a: hakuho|88\/100 brn|[from] brn\n|upkeep\n|inactive|50Niko05 has 270 seconds left.\n|\n|t:|1699840325\n|switch|p2a: Zazazenta|Zamazenta|100\/100\n|-ability|p2a: Zazazenta|Dauntless Shield|boost\n|-boost|p2a: Zazazenta|def|1\n|turn|4\n|inactive|50Niko05 has 270 seconds left.\n|\n|t:|1699840340\n|switch|p1a: ultra headtop|Amoonguss, M, shiny|100\/100\n|-damage|p1a: ultra headtop|88\/100|[from] Stealth Rock\n|move|p2a: Zazazenta|Stone Edge|p1a: ultra headtop\n|-damage|p1a: ultra headtop|52\/100\n|\n|upkeep\n|turn|5\n|\n|t:|1699840349\n|switch|p2a: -_-|Uxie|100\/100\n|move|p1a: ultra headtop|Toxic|p2a: -_-\n|-status|p2a: -_-|tox\n|\n|-damage|p2a: -_-|94\/100 tox|[from] psn\n|upkeep\n|turn|6\n|l| CTE World\n|j| CTE World\n|\n|t:|1699840357\n|switch|p1a: meltdown|Moltres|100\/100\n|move|p2a: -_-|Future Sight|p1a: meltdown\n|-start|p2a: -_-|move: Future Sight\n|\n|-damage|p2a: -_-|82\/100 tox|[from] psn\n|upkeep\n|turn|7\n|\n|t:|1699840366\n|move|p2a: -_-|Knock Off|p1a: meltdown\n|-damage|p1a: meltdown|86\/100\n|-enditem|p1a: meltdown|Heavy-Duty Boots|[from] move: Knock Off|[of] p2a: -_-\n|move|p1a: meltdown|U-turn|p2a: -_-\n|-supereffective|p2a: -_-\n|-damage|p2a: -_-|56\/100 tox\n|\n|t:|1699840374\n|switch|p1a: hakuho|Hariyama, F, shiny, tera:Steel|88\/100 brn|[from] U-turn\n|-damage|p1a: hakuho|82\/100 brn|[from] Stealth Rock\n|\n|-damage|p2a: -_-|37\/100 tox|[from] psn\n|-damage|p1a: hakuho|76\/100 brn|[from] brn\n|upkeep\n|turn|8\n|\n|t:|1699840388\n|move|p2a: -_-|Knock Off|p1a: hakuho\n|-damage|p1a: hakuho|56\/100 brn\n|-enditem|p1a: hakuho|Flame Orb|[from] move: Knock Off|[of] p2a: -_-\n|move|p1a: hakuho|Knock Off|p2a: -_-\n|-supereffective|p2a: -_-\n|-damage|p2a: -_-|0 fnt\n|-enditem|p2a: -_-|Assault Vest|[from] move: Knock Off|[of] p1a: hakuho\n|faint|p2a: -_-\n|\n|-end|p1a: hakuho|move: Future Sight\n|-resisted|p1a: hakuho\n|-damage|p1a: hakuho|42\/100 brn\n|-damage|p1a: hakuho|36\/100 brn|[from] brn\n|upkeep\n|inactive|50Niko05 has 270 seconds left.\n|inactive|50Niko05 has 240 seconds left.\n|\n|t:|1699840452\n|switch|p2a: Bird Man|Tornadus-Therian, M|73\/100\n|turn|9\n|\n|t:|1699840463\n|switch|p1a: rika|Eelektross, F|77\/100\n|-damage|p1a: rika|65\/100|[from] Stealth Rock\n|move|p2a: Bird Man|Hurricane|p1a: rika|[miss]\n|-miss|p2a: Bird Man|p1a: rika\n|\n|upkeep\n|turn|10\n|inactive|50Niko05 has 240 seconds left.\n|inactive|50Niko05 has 210 seconds left.\n|inactive|50Niko05 has 180 seconds left.\n|\n|t:|1699840550\n|switch|p2a: Smurf Cat 2|Weavile, M|100\/100\n|-ability|p2a: Smurf Cat 2|Pressure\n|move|p1a: rika|Volt Switch|p2a: Smurf Cat 2\n|-damage|p2a: Smurf Cat 2|65\/100\n|inactive|burberry bax has 270 seconds left.\n|\n|t:|1699840594\n|switch|p1a: fubuki|Gardevoir, F|100\/100|[from] Volt Switch\n|-damage|p1a: fubuki|88\/100|[from] Stealth Rock\n|-ability|p1a: fubuki|Pressure\n|-ability|p1a: fubuki|Pressure|[from] ability: Trace|[of] p2a: Smurf Cat 2\n|\n|upkeep\n|turn|11\n|inactive|50Niko05 has 180 seconds left.\n|\n|t:|1699840618\n|move|p2a: Smurf Cat 2|Ice Shard|p1a: fubuki\n|-damage|p1a: fubuki|48\/100\n|move|p1a: fubuki|Moonblast|p2a: Smurf Cat 2\n|-supereffective|p2a: Smurf Cat 2\n|-damage|p2a: Smurf Cat 2|0 fnt\n|faint|p2a: Smurf Cat 2\n|\n|upkeep\n|inactive|50Niko05 has 150 seconds left.\n|\n|t:|1699840666\n|switch|p2a: Bird Man|Tornadus-Therian, M|100\/100\n|turn|12\n|\n|t:|1699840669\n|switch|p1a: rika|Eelektross, F|65\/100\n|-damage|p1a: rika|53\/100|[from] Stealth Rock\n|move|p2a: Bird Man|Hurricane|p1a: rika|[miss]\n|-miss|p2a: Bird Man|p1a: rika\n|\n|upkeep\n|turn|13\n|\n|t:|1699840687\n|move|p2a: Bird Man|Hurricane|p1a: rika\n|-resisted|p1a: rika\n|-damage|p1a: rika|23\/100\n|-start|p1a: rika|confusion\n|-activate|p1a: rika|confusion\n|move|p1a: rika|Volt Switch|p2a: Bird Man\n|-supereffective|p2a: Bird Man\n|-damage|p2a: Bird Man|42\/100\n|\n|t:|1699840694\n|switch|p1a: fubuki|Gardevoir, F|48\/100|[from] Volt Switch\n|-damage|p1a: fubuki|36\/100|[from] Stealth Rock\n|-ability|p1a: fubuki|Regenerator|[from] ability: Trace|[of] p2a: Bird Man\n|\n|upkeep\n|turn|14\n|inactive|50Niko05 has 150 seconds left.\n|inactive|burberry bax has 270 seconds left.\n|\n|t:|1699840717\n|switch|p2a: Venezuelan|Veluza, F, shiny|100\/100\n|move|p1a: fubuki|Thunderbolt|p2a: Venezuelan\n|-supereffective|p2a: Venezuelan\n|-damage|p2a: Venezuelan|5\/100\n|-enditem|p2a: Venezuelan|Liechi Berry|[eat]\n|-boost|p2a: Venezuelan|atk|1|[from] item: Liechi Berry\n|\n|upkeep\n|turn|15\n|\n|t:|1699840727\n|move|p1a: fubuki|Thunderbolt|p2a: Venezuelan\n|-supereffective|p2a: Venezuelan\n|-damage|p2a: Venezuelan|0 fnt\n|faint|p2a: Venezuelan\n|\n|upkeep\n|\n|t:|1699840741\n|switch|p2a: Zazazenta|Zamazenta|100\/100\n|turn|16\n|inactive|50Niko05 has 120 seconds left.\n|\n|t:|1699840791\n|switch|p1a: meltdown|Moltres|86\/100\n|-damage|p1a: meltdown|36\/100|[from] Stealth Rock\n|move|p2a: Zazazenta|Psychic Fangs|p1a: meltdown\n|-damage|p1a: meltdown|0 fnt\n|-status|p2a: Zazazenta|brn|[from] ability: Flame Body|[of] p1a: meltdown\n|faint|p1a: meltdown\n|\n|-damage|p2a: Zazazenta|94\/100 brn|[from] brn\n|upkeep\n|\n|t:|1699840801\n|switch|p1a: fubuki|Gardevoir, F|69\/100\n|-damage|p1a: fubuki|57\/100|[from] Stealth Rock\n|-ability|p1a: fubuki|Dauntless Shield|boost\n|-boost|p1a: fubuki|def|1\n|-ability|p1a: fubuki|Dauntless Shield|[from] ability: Trace|[of] p2a: Zazazenta\n|turn|17\n|\n|t:|1699840810\n|move|p1a: fubuki|Moonblast|p2a: Zazazenta\n|-supereffective|p2a: Zazazenta\n|-damage|p2a: Zazazenta|9\/100 brn\n|-unboost|p2a: Zazazenta|spa|1\n|move|p2a: Zazazenta|Psychic Fangs|p1a: fubuki\n|-resisted|p1a: fubuki\n|-damage|p1a: fubuki|44\/100\n|\n|-damage|p2a: Zazazenta|3\/100 brn|[from] brn\n|upkeep\n|turn|18\n|\n|t:|1699840813\n|move|p1a: fubuki|Moonblast|p2a: Zazazenta\n|-supereffective|p2a: Zazazenta\n|-damage|p2a: Zazazenta|0 fnt\n|faint|p2a: Zazazenta\n|\n|upkeep\n|\n|t:|1699840816\n|switch|p2a: Bird Man|Tornadus-Therian, M|75\/100\n|turn|19\n|\n|t:|1699840825\n|switch|p1a: rika|Eelektross, F|23\/100\n|-damage|p1a: rika|10\/100|[from] Stealth Rock\n|move|p2a: Bird Man|Hurricane|p1a: rika\n|-resisted|p1a: rika\n|-damage|p1a: rika|0 fnt\n|faint|p1a: rika\n|\n|upkeep\n|\n|t:|1699840826\n|switch|p1a: hakuho|Hariyama, F, shiny, tera:Steel|36\/100 brn\n|-damage|p1a: hakuho|30\/100 brn|[from] Stealth Rock\n|turn|20\n|\n|t:|1699840831\n|move|p1a: hakuho|Bullet Punch|p2a: Bird Man\n|-damage|p2a: Bird Man|30\/100\n|move|p2a: Bird Man|Hurricane|p1a: hakuho|[miss]\n|-miss|p2a: Bird Man|p1a: hakuho\n|\n|-damage|p1a: hakuho|24\/100 brn|[from] brn\n|upkeep\n|turn|21\n|\n|t:|1699840835\n|move|p1a: hakuho|Bullet Punch|p2a: Bird Man\n|-damage|p2a: Bird Man|0 fnt\n|faint|p2a: Bird Man\n|\n|win|burberry bax\n|c|\u2606burberry bax|gg no swap\n","uploadtime":1699840846,"views":23,"p1id":"burberrybax","p2id":"50niko05","formatid":"gen9ou","rating":0,"private":0,"password":""}