{"id":"gen9ou-1996589382","p1":"Galio is OU","p2":"holmeslice","format":"[Gen 9] OU","log":"|j|\u2606Galio is OU\n|j|\u2606holmeslice\n|t:|1700697751\n|gametype|singles\n|player|p1|Galio is OU|roughneck-gen4|\n|player|p2|holmeslice|roughneck|\n|teamsize|p1|6\n|teamsize|p2|6\n|gen|9\n|tier|[Gen 9] OU\n|rule|Sleep Clause Mod: Limit one foe put to sleep\n|rule|Species Clause: Limit one of each Pok\u00e9mon\n|rule|OHKO Clause: OHKO moves are banned\n|rule|Evasion Items Clause: Evasion items are banned\n|rule|Evasion Moves Clause: Evasion moves are banned\n|rule|Endless Battle Clause: Forcing endless battles is banned\n|rule|HP Percentage Mod: HP is shown in percentages\n|clearpoke\n|poke|p1|Landorus-Therian, M|\n|poke|p1|Samurott-Hisui, F|\n|poke|p1|Corviknight, F|\n|poke|p1|Clodsire, M|\n|poke|p1|Gengar, F|\n|poke|p1|Drednaw, M|\n|poke|p2|Great Tusk|\n|poke|p2|Dondozo, M|\n|poke|p2|Azelf|\n|poke|p2|Glastrier|\n|poke|p2|Typhlosion-Hisui, M|\n|poke|p2|Grafaiai, M|\n|teampreview\n|inactive|Battle timer is ON: inactive players will automatically lose when time's up. (requested by holmeslice)\n|inactiveoff|Battle timer is now OFF.\n|c|\u2606holmeslice|Didn't mean to start timer\n|\n|t:|1700697775\n|start\n|switch|p1a: Battousai|Samurott-Hisui, F|100\/100\n|switch|p2a: Thing 1|Azelf|100\/100\n|turn|1\n|c|\u2606holmeslice|I figure we're good without it for the most part\n|\n|t:|1700697795\n|move|p2a: Thing 1|Stealth Rock|p1a: Battousai\n|-sidestart|p1: Galio is OU|move: Stealth Rock\n|move|p1a: Battousai|Ceaseless Edge|p2a: Thing 1\n|-supereffective|p2a: Thing 1\n|-enditem|p2a: Thing 1|Focus Sash\n|-damage|p2a: Thing 1|1\/100\n|-sidestart|p2: holmeslice|Spikes\n|\n|upkeep\n|turn|2\n|\n|t:|1700697811\n|move|p1a: Battousai|Aqua Jet|p2a: Thing 1\n|-damage|p2a: Thing 1|0 fnt\n|faint|p2a: Thing 1\n|\n|upkeep\n|\n|t:|1700697817\n|switch|p2a: Big Fish|Dondozo, M, shiny|100\/100\n|-damage|p2a: Big Fish|88\/100|[from] Spikes\n|turn|3\n|\n|t:|1700697835\n|switch|p1a: HeLovesCastingHex|Gengar, F|100\/100\n|-damage|p1a: HeLovesCastingHex|88\/100|[from] Stealth Rock\n|move|p2a: Big Fish|Body Press|p1a: HeLovesCastingHex\n|-immune|p1a: HeLovesCastingHex\n|\n|-heal|p2a: Big Fish|94\/100|[from] item: Leftovers\n|upkeep\n|turn|4\n|\n|t:|1700697852\n|switch|p2a: Thing 2|Grafaiai, M|100\/100\n|-damage|p2a: Thing 2|88\/100|[from] Spikes\n|move|p1a: HeLovesCastingHex|Trick|p2a: Thing 2\n|-activate|p1a: HeLovesCastingHex|move: Trick|[of] p2a: Thing 2\n|-item|p2a: Thing 2|Choice Specs|[from] move: Trick\n|-item|p1a: HeLovesCastingHex|Shuca Berry|[from] move: Trick\n|\n|upkeep\n|turn|5\n|c|\u2606holmeslice|Hey\n|\n|t:|1700697880\n|switch|p1a: Gerald|Clodsire, M|100\/100\n|-damage|p1a: Gerald|94\/100|[from] Stealth Rock\n|move|p2a: Thing 2|Encore||[still]\n|-fail|p2a: Thing 2\n|\n|-heal|p1a: Gerald|100\/100|[from] item: Leftovers\n|upkeep\n|turn|6\n|\n|t:|1700697905\n|switch|p2a: Big Wheel|Great Tusk|100\/100\n|-damage|p2a: Big Wheel|88\/100|[from] Spikes\n|-enditem|p2a: Big Wheel|Booster Energy\n|-activate|p2a: Big Wheel|ability: Protosynthesis|[fromitem]\n|-start|p2a: Big Wheel|protosynthesisspe\n|move|p1a: Gerald|Stealth Rock|p2a: Big Wheel\n|-sidestart|p2: holmeslice|move: Stealth Rock\n|\n|upkeep\n|turn|7\n|\n|t:|1700697968\n|switch|p1a: Nasuada|Corviknight, F|100\/100\n|-damage|p1a: Nasuada|88\/100|[from] Stealth Rock\n|-ability|p1a: Nasuada|Pressure\n|move|p2a: Big Wheel|Headlong Rush|p1a: Nasuada\n|-immune|p1a: Nasuada\n|\n|upkeep\n|turn|8\n|\n|t:|1700698000\n|move|p2a: Big Wheel|Rapid Spin|p1a: Nasuada\n|-resisted|p1a: Nasuada\n|-damage|p1a: Nasuada|83\/100\n|-boost|p2a: Big Wheel|spe|1\n|-damage|p2a: Big Wheel|71\/100|[from] item: Rocky Helmet|[of] p1a: Nasuada\n|-sideend|p2: holmeslice|Spikes|[from] move: Rapid Spin|[of] p2a: Big Wheel\n|-sideend|p2: holmeslice|Stealth Rock|[from] move: Rapid Spin|[of] p2a: Big Wheel\n|move|p1a: Nasuada|Brave Bird|p2a: Big Wheel\n|-supereffective|p2a: Big Wheel\n|-damage|p2a: Big Wheel|21\/100\n|-damage|p1a: Nasuada|65\/100|[from] Recoil\n|\n|upkeep\n|turn|9\n|\n|t:|1700698019\n|move|p2a: Big Wheel|Close Combat|p1a: Nasuada\n|-damage|p1a: Nasuada|34\/100\n|-unboost|p2a: Big Wheel|def|1\n|-unboost|p2a: Big Wheel|spd|1\n|-damage|p2a: Big Wheel|5\/100|[from] item: Rocky Helmet|[of] p1a: Nasuada\n|move|p1a: Nasuada|Defog|p2a: Big Wheel\n|-unboost|p2a: Big Wheel|evasion|1\n|-sideend|p1: Galio is OU|Stealth Rock|[from] move: Defog|[of] p1a: Nasuada\n|\n|upkeep\n|turn|10\n|\n|t:|1700698053\n|switch|p1a: Quasar|Landorus-Therian, M|100\/100\n|-ability|p1a: Quasar|Intimidate|boost\n|-unboost|p2a: Big Wheel|atk|1\n|move|p2a: Big Wheel|Close Combat|p1a: Quasar\n|-resisted|p1a: Quasar\n|-crit|p1a: Quasar\n|-damage|p1a: Quasar|58\/100\n|-unboost|p2a: Big Wheel|def|1\n|-unboost|p2a: Big Wheel|spd|1\n|\n|upkeep\n|turn|11\n|\n|t:|1700698063\n|move|p2a: Big Wheel|Close Combat|p1a: Quasar\n|-resisted|p1a: Quasar\n|-damage|p1a: Quasar|38\/100\n|-unboost|p2a: Big Wheel|def|1\n|-unboost|p2a: Big Wheel|spd|1\n|move|p1a: Quasar|U-turn|p2a: Big Wheel\n|-resisted|p2a: Big Wheel\n|-damage|p2a: Big Wheel|0 fnt\n|faint|p2a: Big Wheel\n|-end|p2a: Big Wheel|Protosynthesis|[silent]\n|\n|t:|1700698121\n|switch|p1a: HeLovesCastingHex|Gengar, F|88\/100|[from] U-turn\n|\n|upkeep\n|\n|t:|1700698125\n|switch|p2a: Thing 2|Grafaiai, M|88\/100\n|turn|12\n|\n|t:|1700698144\n|switch|p1a: Nasuada|Corviknight, F|34\/100\n|-ability|p1a: Nasuada|Pressure\n|move|p2a: Thing 2|Knock Off|p1a: Nasuada\n|-damage|p1a: Nasuada|19\/100\n|-damage|p2a: Thing 2|72\/100|[from] item: Rocky Helmet|[of] p1a: Nasuada\n|-enditem|p1a: Nasuada|Rocky Helmet|[from] move: Knock Off|[of] p2a: Thing 2\n|\n|upkeep\n|turn|13\n|\n|t:|1700698167\n|switch|p2a: Big Fish|Dondozo, M, shiny|94\/100\n|move|p1a: Nasuada|Roost|p1a: Nasuada\n|-heal|p1a: Nasuada|69\/100\n|-singleturn|p1a: Nasuada|move: Roost\n|\n|-heal|p2a: Big Fish|99\/100|[from] item: Leftovers\n|upkeep\n|turn|14\n|\n|t:|1700698184\n|move|p1a: Nasuada|Roost|p1a: Nasuada\n|-heal|p1a: Nasuada|100\/100\n|-singleturn|p1a: Nasuada|move: Roost\n|move|p2a: Big Fish|Body Press|p1a: Nasuada\n|-supereffective|p1a: Nasuada\n|-damage|p1a: Nasuada|66\/100\n|\n|-heal|p2a: Big Fish|100\/100|[from] item: Leftovers\n|upkeep\n|turn|15\n|\n|t:|1700698194\n|switch|p1a: Gerald|Clodsire, M|100\/100\n|move|p2a: Big Fish|Body Press|p1a: Gerald\n|-resisted|p1a: Gerald\n|-damage|p1a: Gerald|85\/100\n|\n|-heal|p1a: Gerald|91\/100|[from] item: Leftovers\n|upkeep\n|turn|16\n|\n|t:|1700698207\n|switch|p2a: Big Horse|Glastrier|100\/100\n|move|p1a: Gerald|Stealth Rock|p2a: Big Horse\n|-sidestart|p2: holmeslice|move: Stealth Rock\n|\n|-heal|p1a: Gerald|97\/100|[from] item: Leftovers\n|upkeep\n|turn|17\n|\n|t:|1700698259\n|move|p2a: Big Horse|Icicle Crash|p1a: Gerald|[miss]\n|-miss|p2a: Big Horse|p1a: Gerald\n|move|p1a: Gerald|Toxic|p2a: Big Horse\n|-status|p2a: Big Horse|tox\n|\n|-heal|p1a: Gerald|100\/100|[from] item: Leftovers\n|-damage|p2a: Big Horse|94\/100 tox|[from] psn\n|upkeep\n|turn|18\n|\n|t:|1700698267\n|move|p2a: Big Horse|Icicle Crash|p1a: Gerald\n|-supereffective|p1a: Gerald\n|-crit|p1a: Gerald\n|-damage|p1a: Gerald|0 fnt\n|faint|p1a: Gerald\n|-ability|p2a: Big Horse|Chilling Neigh|boost\n|-boost|p2a: Big Horse|atk|1\n|\n|-damage|p2a: Big Horse|82\/100 tox|[from] psn\n|upkeep\n|c|\u2606holmeslice|ffs\n|\n|t:|1700698286\n|switch|p1a: Battousai|Samurott-Hisui, F|100\/100\n|turn|19\n|\n|t:|1700698297\n|move|p1a: Battousai|Sacred Sword|p2a: Big Horse\n|-supereffective|p2a: Big Horse\n|-damage|p2a: Big Horse|29\/100 tox\n|move|p2a: Big Horse|Close Combat|p1a: Battousai\n|-supereffective|p1a: Battousai\n|-damage|p1a: Battousai|0 fnt\n|-unboost|p2a: Big Horse|def|1\n|-unboost|p2a: Big Horse|spd|1\n|faint|p1a: Battousai\n|-ability|p2a: Big Horse|Chilling Neigh|boost\n|-boost|p2a: Big Horse|atk|1\n|\n|-damage|p2a: Big Horse|10\/100 tox|[from] psn\n|upkeep\n|\n|t:|1700698315\n|switch|p1a: HeLovesCastingHex|Gengar, F|88\/100\n|turn|20\n|\n|t:|1700698323\n|move|p1a: HeLovesCastingHex|Shadow Ball|p2a: Big Horse\n|-damage|p2a: Big Horse|0 fnt\n|faint|p2a: Big Horse\n|\n|upkeep\n|\n|t:|1700698340\n|switch|p2a: Thing 2|Grafaiai, M|72\/100\n|-damage|p2a: Thing 2|59\/100|[from] Stealth Rock\n|turn|21\n|\n|t:|1700698345\n|switch|p1a: Nasuada|Corviknight, F|66\/100\n|-ability|p1a: Nasuada|Pressure\n|move|p2a: Thing 2|U-turn|p1a: Nasuada\n|-resisted|p1a: Nasuada\n|-damage|p1a: Nasuada|63\/100\n|\n|t:|1700698351\n|switch|p2a: Big Smoke|Typhlosion-Hisui, M|100\/100|[from] U-turn\n|-damage|p2a: Big Smoke|76\/100|[from] Stealth Rock\n|\n|upkeep\n|turn|22\n|\n|t:|1700698375\n|switch|p1a: HeLovesCastingHex|Gengar, F|88\/100\n|move|p2a: Big Smoke|Will-O-Wisp|p1a: HeLovesCastingHex\n|-status|p1a: HeLovesCastingHex|brn\n|\n|-damage|p1a: HeLovesCastingHex|82\/100 brn|[from] brn\n|upkeep\n|turn|23\n|\n|t:|1700698396\n|switch|p1a: Quasar|Landorus-Therian, M|38\/100\n|-ability|p1a: Quasar|Intimidate|boost\n|-unboost|p2a: Big Smoke|atk|1\n|-terastallize|p2a: Big Smoke|Fire\n|move|p2a: Big Smoke|Hex|p1a: Quasar\n|-damage|p1a: Quasar|0 fnt\n|faint|p1a: Quasar\n|-damage|p2a: Big Smoke|66\/100|[from] item: Life Orb\n|\n|upkeep\n|\n|t:|1700698412\n|switch|p1a: HeLovesCastingHex|Gengar, F|82\/100 brn\n|turn|24\n|\n|t:|1700698417\n|move|p1a: HeLovesCastingHex|Sludge Bomb|p2a: Big Smoke\n|-damage|p2a: Big Smoke|6\/100\n|move|p2a: Big Smoke|Hex|p1a: HeLovesCastingHex\n|-supereffective|p1a: HeLovesCastingHex\n|-damage|p1a: HeLovesCastingHex|0 fnt\n|-start|p2a: Big Smoke|Disable|Hex|[from] ability: Cursed Body|[of] p1a: HeLovesCastingHex\n|faint|p1a: HeLovesCastingHex\n|-damage|p2a: Big Smoke|0 fnt|[from] item: Life Orb\n|faint|p2a: Big Smoke\n|\n|upkeep\n|\n|t:|1700698442\n|switch|p1a: Nasuada|Corviknight, F|63\/100\n|switch|p2a: Thing 2|Grafaiai, M|59\/100\n|-damage|p2a: Thing 2|47\/100|[from] Stealth Rock\n|-ability|p1a: Nasuada|Pressure\n|turn|25\n|\n|t:|1700698453\n|move|p2a: Thing 2|Knock Off|p1a: Nasuada\n|-damage|p1a: Nasuada|51\/100\n|move|p1a: Nasuada|Brave Bird|p2a: Thing 2\n|-damage|p2a: Thing 2|0 fnt\n|faint|p2a: Thing 2\n|-damage|p1a: Nasuada|41\/100|[from] Recoil\n|\n|upkeep\n|\n|t:|1700698460\n|switch|p2a: Big Fish|Dondozo, M, shiny|100\/100\n|-damage|p2a: Big Fish|88\/100|[from] Stealth Rock\n|turn|26\n|\n|t:|1700698475\n|move|p1a: Nasuada|Roost|p1a: Nasuada\n|-heal|p1a: Nasuada|91\/100\n|-singleturn|p1a: Nasuada|move: Roost\n|move|p2a: Big Fish|Liquidation|p1a: Nasuada\n|-damage|p1a: Nasuada|72\/100\n|\n|-heal|p2a: Big Fish|94\/100|[from] item: Leftovers\n|upkeep\n|turn|27\n|c|\u2606holmeslice|Roost nerfs :(\n|\n|t:|1700698505\n|move|p1a: Nasuada|Roost|p1a: Nasuada\n|-heal|p1a: Nasuada|100\/100\n|-singleturn|p1a: Nasuada|move: Roost\n|move|p2a: Big Fish|Liquidation|p1a: Nasuada\n|-damage|p1a: Nasuada|84\/100\n|\n|-heal|p2a: Big Fish|99\/100|[from] item: Leftovers\n|upkeep\n|turn|28\n|\n|t:|1700698511\n|move|p1a: Nasuada|Roost|p1a: Nasuada\n|-heal|p1a: Nasuada|100\/100\n|-singleturn|p1a: Nasuada|move: Roost\n|move|p2a: Big Fish|Liquidation|p1a: Nasuada\n|-damage|p1a: Nasuada|84\/100\n|-unboost|p1a: Nasuada|def|1\n|\n|-heal|p2a: Big Fish|100\/100|[from] item: Leftovers\n|upkeep\n|turn|29\n|\n|t:|1700698525\n|move|p1a: Nasuada|Brave Bird|p2a: Big Fish\n|-damage|p2a: Big Fish|83\/100\n|-damage|p1a: Nasuada|77\/100|[from] Recoil\n|move|p2a: Big Fish|Body Press|p1a: Nasuada\n|-damage|p1a: Nasuada|59\/100\n|\n|-heal|p2a: Big Fish|89\/100|[from] item: Leftovers\n|upkeep\n|turn|30\n|\n|t:|1700698540\n|move|p1a: Nasuada|Brave Bird|p2a: Big Fish\n|-damage|p2a: Big Fish|72\/100\n|-damage|p1a: Nasuada|51\/100|[from] Recoil\n|move|p2a: Big Fish|Body Press|p1a: Nasuada\n|-damage|p1a: Nasuada|34\/100\n|\n|-heal|p2a: Big Fish|78\/100|[from] item: Leftovers\n|upkeep\n|turn|31\n|\n|t:|1700698547\n|move|p1a: Nasuada|Roost|p1a: Nasuada\n|-heal|p1a: Nasuada|84\/100\n|-singleturn|p1a: Nasuada|move: Roost\n|move|p2a: Big Fish|Liquidation|p1a: Nasuada\n|-damage|p1a: Nasuada|67\/100\n|\n|-heal|p2a: Big Fish|84\/100|[from] item: Leftovers\n|upkeep\n|turn|32\n|\n|t:|1700698551\n|move|p1a: Nasuada|Brave Bird|p2a: Big Fish\n|-damage|p2a: Big Fish|69\/100\n|-damage|p1a: Nasuada|60\/100|[from] Recoil\n|move|p2a: Big Fish|Liquidation|p1a: Nasuada\n|-damage|p1a: Nasuada|42\/100\n|\n|-heal|p2a: Big Fish|75\/100|[from] item: Leftovers\n|upkeep\n|turn|33\n|\n|t:|1700698555\n|move|p1a: Nasuada|Brave Bird|p2a: Big Fish\n|-damage|p2a: Big Fish|58\/100\n|-damage|p1a: Nasuada|35\/100|[from] Recoil\n|move|p2a: Big Fish|Liquidation|p1a: Nasuada\n|-damage|p1a: Nasuada|18\/100\n|\n|-heal|p2a: Big Fish|64\/100|[from] item: Leftovers\n|upkeep\n|turn|34\n|\n|t:|1700698558\n|move|p1a: Nasuada|Roost|p1a: Nasuada\n|-heal|p1a: Nasuada|68\/100\n|-singleturn|p1a: Nasuada|move: Roost\n|move|p2a: Big Fish|Rest|p2a: Big Fish\n|-status|p2a: Big Fish|slp|[from] move: Rest\n|-heal|p2a: Big Fish|100\/100 slp|[silent]\n|\n|upkeep\n|turn|35\n|\n|t:|1700698563\n|move|p1a: Nasuada|U-turn|p2a: Big Fish\n|-damage|p2a: Big Fish|94\/100 slp\n|\n|t:|1700698565\n|switch|p1a: Chewbacca|Drednaw, M, shiny|100\/100|[from] U-turn\n|cant|p2a: Big Fish|slp\n|move|p2a: Big Fish|Sleep Talk|p2a: Big Fish\n|move|p2a: Big Fish|Liquidation|p1a: Chewbacca|[from]move: Sleep Talk\n|-damage|p1a: Chewbacca|67\/100\n|\n|-heal|p2a: Big Fish|99\/100 slp|[from] item: Leftovers\n|upkeep\n|turn|36\n|\n|t:|1700698588\n|move|p1a: Chewbacca|Crunch|p2a: Big Fish\n|-damage|p2a: Big Fish|80\/100 slp\n|cant|p2a: Big Fish|slp\n|move|p2a: Big Fish|Sleep Talk|p2a: Big Fish\n|move|p2a: Big Fish|Body Press|p1a: Chewbacca|[from]move: Sleep Talk\n|-supereffective|p1a: Chewbacca\n|-damage|p1a: Chewbacca|0 fnt\n|faint|p1a: Chewbacca\n|\n|-heal|p2a: Big Fish|86\/100 slp|[from] item: Leftovers\n|upkeep\n|\n|t:|1700698591\n|switch|p1a: Nasuada|Corviknight, F|68\/100\n|-ability|p1a: Nasuada|Pressure\n|turn|37\n|\n|t:|1700698603\n|move|p1a: Nasuada|Brave Bird|p2a: Big Fish\n|-damage|p2a: Big Fish|70\/100 slp\n|-damage|p1a: Nasuada|61\/100|[from] Recoil\n|-curestatus|p2a: Big Fish|slp|[msg]\n|move|p2a: Big Fish|Body Press|p1a: Nasuada\n|-damage|p1a: Nasuada|44\/100\n|\n|-heal|p2a: Big Fish|76\/100|[from] item: Leftovers\n|upkeep\n|turn|38\n|\n|t:|1700698615\n|move|p1a: Nasuada|Brave Bird|p2a: Big Fish\n|-damage|p2a: Big Fish|59\/100\n|-damage|p1a: Nasuada|37\/100|[from] Recoil\n|move|p2a: Big Fish|Body Press|p1a: Nasuada\n|-damage|p1a: Nasuada|21\/100\n|\n|-heal|p2a: Big Fish|65\/100|[from] item: Leftovers\n|upkeep\n|turn|39\n|c|\u2606holmeslice|game 2?\n|\n|t:|1700698627\n|move|p1a: Nasuada|Roost|p1a: Nasuada\n|-heal|p1a: Nasuada|71\/100\n|-singleturn|p1a: Nasuada|move: Roost\n|move|p2a: Big Fish|Rest|p2a: Big Fish\n|-status|p2a: Big Fish|slp|[from] move: Rest\n|-heal|p2a: Big Fish|100\/100 slp|[silent]\n|\n|upkeep\n|turn|40\n|\n|t:|1700698635\n|move|p1a: Nasuada|U-turn|p2a: Big Fish\n|-damage|p2a: Big Fish|94\/100 slp\n|cant|p2a: Big Fish|slp\n|move|p2a: Big Fish|Sleep Talk|p2a: Big Fish\n|move|p2a: Big Fish|Body Press|p1a: Nasuada|[from]move: Sleep Talk\n|-damage|p1a: Nasuada|55\/100\n|\n|-heal|p2a: Big Fish|99\/100 slp|[from] item: Leftovers\n|upkeep\n|turn|41\n|\n|t:|1700698645\n|move|p1a: Nasuada|Brave Bird|p2a: Big Fish\n|-damage|p2a: Big Fish|84\/100 slp\n|-damage|p1a: Nasuada|48\/100|[from] Recoil\n|cant|p2a: Big Fish|slp\n|move|p2a: Big Fish|Sleep Talk|p2a: Big Fish\n|move|p2a: Big Fish|Body Press|p1a: Nasuada|[from]move: Sleep Talk\n|-damage|p1a: Nasuada|33\/100\n|\n|-heal|p2a: Big Fish|91\/100 slp|[from] item: Leftovers\n|upkeep\n|turn|42\n|\n|t:|1700698656\n|move|p1a: Nasuada|Brave Bird|p2a: Big Fish\n|-damage|p2a: Big Fish|75\/100 slp\n|-damage|p1a: Nasuada|26\/100|[from] Recoil\n|-curestatus|p2a: Big Fish|slp|[msg]\n|move|p2a: Big Fish|Sleep Talk||[still]\n|-fail|p2a: Big Fish\n|\n|-heal|p2a: Big Fish|82\/100|[from] item: Leftovers\n|upkeep\n|turn|43\n|\n|t:|1700698664\n|move|p1a: Nasuada|Brave Bird|p2a: Big Fish\n|-damage|p2a: Big Fish|64\/100\n|-damage|p1a: Nasuada|19\/100|[from] Recoil\n|move|p2a: Big Fish|Liquidation|p1a: Nasuada\n|-crit|p1a: Nasuada\n|-damage|p1a: Nasuada|0 fnt\n|faint|p1a: Nasuada\n|\n|win|holmeslice\n|c|\u2606Galio is OU|gg\n|c|\u2606holmeslice|gg\n|l|\u2606holmeslice\n","uploadtime":1700699913,"views":41,"p1id":"galioisou","p2id":"holmeslice","formatid":"gen9ou","rating":0,"private":0,"password":""}