{"id":"gen9ou-1989541987","p1":"snurke","p2":"soccersniper","format":"[Gen 9] OU","log":"|j|\u2606snurke\n|j|\u2606soccersniper\n|t:|1699868429\n|gametype|singles\n|player|p1|snurke|sisandbro|1616\n|player|p2|soccersniper|265|1529\n|teamsize|p1|6\n|teamsize|p2|6\n|gen|9\n|tier|[Gen 9] OU\n|rated|\n|rule|Sleep Clause Mod: Limit one foe put to sleep\n|rule|Species Clause: Limit one of each Pok\u00e9mon\n|rule|OHKO Clause: OHKO moves are banned\n|rule|Evasion Items Clause: Evasion items are banned\n|rule|Evasion Moves Clause: Evasion moves are banned\n|rule|Endless Battle Clause: Forcing endless battles is banned\n|rule|HP Percentage Mod: HP is shown in percentages\n|clearpoke\n|poke|p1|Great Tusk|\n|poke|p1|Zapdos|\n|poke|p1|Sneasler, F|\n|poke|p1|Heatran, F|\n|poke|p1|Jirachi|\n|poke|p1|Samurott-Hisui, F|\n|poke|p2|Garganacl, M|\n|poke|p2|Rillaboom, F|\n|poke|p2|Sneasler, M|\n|poke|p2|Ogerpon-Wellspring, F|\n|poke|p2|Greninja-*, M|\n|poke|p2|Landorus-Therian, M|\n|teampreview\n|inactive|Battle timer is ON: inactive players will automatically lose when time's up. (requested by snurke)\n|inactive|soccersniper has 120 seconds left.\n|\n|t:|1699868493\n|start\n|switch|p1a: Jirachi|Jirachi, shiny|100\/100\n|switch|p2a: Landorus|Landorus-Therian, M|100\/100\n|-ability|p2a: Landorus|Intimidate|boost\n|-unboost|p1a: Jirachi|atk|1\n|turn|1\n|\n|t:|1699868504\n|move|p1a: Jirachi|Doom Desire|p2a: Landorus\n|-start|p1a: Jirachi|Doom Desire\n|move|p2a: Landorus|Earth Power|p1a: Jirachi\n|-supereffective|p1a: Jirachi\n|-damage|p1a: Jirachi|60\/100\n|\n|-heal|p1a: Jirachi|66\/100|[from] item: Leftovers\n|upkeep\n|turn|2\n|\n|t:|1699868511\n|switch|p1a: Zapdos|Zapdos, shiny|100\/100\n|move|p2a: Landorus|Stealth Rock|p1a: Zapdos\n|-sidestart|p1: snurke|move: Stealth Rock\n|\n|upkeep\n|turn|3\n|j| ddddddabai\n|inactive|soccersniper has 120 seconds left.\n|inactive|soccersniper has 90 seconds left.\n|\n|t:|1699868571\n|switch|p2a: Rillaboom|Rillaboom, F|100\/100\n|-fieldstart|move: Grassy Terrain|[from] ability: Grassy Surge|[of] p2a: Rillaboom\n|move|p1a: Zapdos|Hurricane|p2a: Rillaboom\n|-supereffective|p2a: Rillaboom\n|-damage|p2a: Rillaboom|0 fnt\n|faint|p2a: Rillaboom\n|\n|-hint|Doom Desire did not hit because the target is fainted.\n|upkeep\n|inactive|soccersniper has 90 seconds left.\n|\n|t:|1699868583\n|switch|p2a: Garganacl|Garganacl, M|100\/100\n|turn|4\n|\n|t:|1699868588\n|move|p1a: Zapdos|Volt Switch|p2a: Garganacl\n|-damage|p2a: Garganacl|78\/100\n|\n|t:|1699868592\n|switch|p1a: Jirachi|Jirachi, shiny|66\/100|[from] Volt Switch\n|-damage|p1a: Jirachi|60\/100|[from] Stealth Rock\n|move|p2a: Garganacl|Salt Cure|p1a: Jirachi\n|-resisted|p1a: Jirachi\n|-damage|p1a: Jirachi|54\/100\n|-start|p1a: Jirachi|Salt Cure\n|\n|-heal|p1a: Jirachi|60\/100|[from] Grassy Terrain\n|-heal|p1a: Jirachi|67\/100|[from] item: Leftovers\n|-heal|p2a: Garganacl|84\/100|[from] Grassy Terrain\n|-heal|p2a: Garganacl|91\/100|[from] item: Leftovers\n|-damage|p1a: Jirachi|42\/100|[from] Salt Cure\n|upkeep\n|turn|5\n|\n|t:|1699868609\n|switch|p2a: Sneasler|Sneasler, M|100\/100\n|-enditem|p2a: Sneasler|Grassy Seed\n|-boost|p2a: Sneasler|def|1|[from] item: Grassy Seed\n|move|p1a: Jirachi|Doom Desire|p2a: Sneasler\n|-start|p1a: Jirachi|Doom Desire\n|\n|-heal|p1a: Jirachi|48\/100|[from] Grassy Terrain\n|-heal|p1a: Jirachi|54\/100|[from] item: Leftovers\n|-damage|p1a: Jirachi|29\/100|[from] Salt Cure\n|upkeep\n|turn|6\n|\n|t:|1699868619\n|switch|p1a: Great Tusk|Great Tusk|100\/100\n|move|p2a: Sneasler|Shadow Claw|p1a: Great Tusk\n|-damage|p1a: Great Tusk|80\/100\n|\n|-heal|p1a: Great Tusk|86\/100|[from] Grassy Terrain\n|upkeep\n|turn|7\n|\n|t:|1699868631\n|switch|p2a: Landorus|Landorus-Therian, M|100\/100\n|-ability|p2a: Landorus|Intimidate|boost\n|-unboost|p1a: Great Tusk|atk|1\n|move|p1a: Great Tusk|Rapid Spin|p2a: Landorus\n|-crit|p2a: Landorus\n|-damage|p2a: Landorus|83\/100\n|-boost|p1a: Great Tusk|spe|1\n|-damage|p1a: Great Tusk|70\/100|[from] item: Rocky Helmet|[of] p2a: Landorus\n|-sideend|p1: snurke|Stealth Rock|[from] move: Rapid Spin|[of] p1a: Great Tusk\n|\n|-end|p2a: Landorus|move: Doom Desire\n|-damage|p2a: Landorus|27\/100\n|-heal|p1a: Great Tusk|76\/100|[from] Grassy Terrain\n|-fieldend|move: Grassy Terrain\n|upkeep\n|turn|8\n|\n|t:|1699868642\n|move|p1a: Great Tusk|Ice Spinner|p2a: Landorus\n|-supereffective|p2a: Landorus\n|-damage|p2a: Landorus|0 fnt\n|-damage|p1a: Great Tusk|60\/100|[from] item: Rocky Helmet|[of] p2a: Landorus\n|faint|p2a: Landorus\n|\n|upkeep\n|\n|t:|1699868647\n|switch|p2a: Greninja|Greninja, M|100\/100\n|turn|9\n|inactive|soccersniper has 120 seconds left.\n|\n|t:|1699868653\n|move|p1a: Great Tusk|Close Combat|p2a: Greninja\n|-supereffective|p2a: Greninja\n|-damage|p2a: Greninja|0 fnt\n|-unboost|p1a: Great Tusk|def|1\n|-unboost|p1a: Great Tusk|spd|1\n|faint|p2a: Greninja\n|\n|upkeep\n|inactive|soccersniper has 120 seconds left.\n|-message|soccersniper forfeited.\n|\n|win|snurke\n|raw|snurke's rating: 1616 &rarr; <strong>1631<\/strong><br \/>(+15 for winning)\n|raw|soccersniper's rating: 1529 &rarr; <strong>1514<\/strong><br \/>(-15 for losing)\n|l|\u2606soccersniper\n","uploadtime":1699868670,"views":10,"p1id":"snurke","p2id":"soccersniper","formatid":"gen9ou","rating":1514,"private":0,"password":""}