{"id":"gen9ou-1989457444","p1":"Faerie_God","p2":"Luifi2002","format":"[Gen 9] OU","log":"|j|\u2606Faerie_God\n|j|\u2606Luifi2002\n|t:|1699853452\n|gametype|singles\n|player|p1|Faerie_God|swimmerf-gen4dp|1210\n|player|p2|Luifi2002|skyla|1218\n|teamsize|p1|6\n|teamsize|p2|6\n|gen|9\n|tier|[Gen 9] OU\n|rated|\n|rule|Sleep Clause Mod: Limit one foe put to sleep\n|rule|Species Clause: Limit one of each Pok\u00e9mon\n|rule|OHKO Clause: OHKO moves are banned\n|rule|Evasion Items Clause: Evasion items are banned\n|rule|Evasion Moves Clause: Evasion moves are banned\n|rule|Endless Battle Clause: Forcing endless battles is banned\n|rule|HP Percentage Mod: HP is shown in percentages\n|clearpoke\n|poke|p1|Ting-Lu|\n|poke|p1|Great Tusk|\n|poke|p1|Ribombee, F|\n|poke|p1|Gholdengo|\n|poke|p1|Dragapult, M|\n|poke|p1|Corviknight, F|\n|poke|p2|Dusknoir, M|\n|poke|p2|Dipplin, M|\n|poke|p2|Landorus-Therian, M|\n|poke|p2|Kommo-o, M|\n|poke|p2|Infernape, M|\n|poke|p2|Pelipper, M|\n|teampreview\n|\n|t:|1699853461\n|start\n|switch|p1a: Ribombee|Ribombee, F|100\/100\n|switch|p2a: Pelipper|Pelipper, M|100\/100\n|-weather|RainDance|[from] ability: Drizzle|[of] p2a: Pelipper\n|turn|1\n|inactive|Battle timer is ON: inactive players will automatically lose when time's up. (requested by Luifi2002)\n|\n|t:|1699853471\n|move|p1a: Ribombee|Sticky Web|p2a: Pelipper\n|-sidestart|p2: Luifi2002|move: Sticky Web\n|move|p2a: Pelipper|Hydro Pump|p1a: Ribombee\n|-enditem|p1a: Ribombee|Focus Sash\n|-damage|p1a: Ribombee|1\/100\n|\n|-weather|RainDance|[upkeep]\n|upkeep\n|turn|2\n|\n|t:|1699853478\n|move|p1a: Ribombee|Stun Spore|p2a: Pelipper\n|-status|p2a: Pelipper|par\n|cant|p2a: Pelipper|par\n|\n|-weather|RainDance|[upkeep]\n|upkeep\n|turn|3\n|\n|t:|1699853487\n|switch|p1a: Corviknight|Corviknight, F|100\/100\n|cant|p2a: Pelipper|par\n|\n|-weather|RainDance|[upkeep]\n|upkeep\n|turn|4\n|\n|t:|1699853494\n|move|p1a: Corviknight|Brave Bird|p2a: Pelipper\n|-damage|p2a: Pelipper|49\/100 par\n|-damage|p1a: Corviknight|89\/100|[from] Recoil\n|move|p2a: Pelipper|Tailwind|p2a: Pelipper\n|-sidestart|p2: Luifi2002|move: Tailwind\n|\n|-weather|RainDance|[upkeep]\n|upkeep\n|turn|5\n|\n|t:|1699853502\n|move|p2a: Pelipper|Ice Beam|p1a: Corviknight\n|-damage|p1a: Corviknight|67\/100\n|move|p1a: Corviknight|Brave Bird|p2a: Pelipper\n|-damage|p2a: Pelipper|4\/100 par\n|-damage|p1a: Corviknight|57\/100|[from] Recoil\n|\n|-weather|RainDance|[upkeep]\n|upkeep\n|turn|6\n|\n|t:|1699853505\n|move|p2a: Pelipper|Knock Off|p1a: Corviknight\n|-damage|p1a: Corviknight|49\/100\n|-damage|p2a: Pelipper|0 fnt|[from] item: Rocky Helmet|[of] p1a: Corviknight\n|faint|p2a: Pelipper\n|move|p1a: Corviknight|U-turn|p2: Pelipper|[notarget]\n|-fail|p1a: Corviknight\n|\n|-weather|RainDance|[upkeep]\n|upkeep\n|\n|t:|1699853511\n|switch|p2a: Landorus|Landorus-Therian, M|100\/100\n|-ability|p2a: Landorus|Intimidate|boost\n|-ability|p1a: Corviknight|Mirror Armor\n|-unboost|p2a: Landorus|atk|1\n|turn|7\n|\n|t:|1699853519\n|move|p2a: Landorus|Stealth Rock|p1a: Corviknight\n|-sidestart|p1: Faerie_God|move: Stealth Rock\n|move|p1a: Corviknight|Roost|p1a: Corviknight\n|-heal|p1a: Corviknight|99\/100\n|-singleturn|p1a: Corviknight|move: Roost\n|\n|-weather|RainDance|[upkeep]\n|-sideend|p2: Luifi2002|move: Tailwind\n|upkeep\n|turn|8\n|\n|t:|1699853526\n|move|p2a: Landorus|Stone Edge|p1a: Corviknight\n|-damage|p1a: Corviknight|81\/100\n|move|p1a: Corviknight|Brave Bird|p2a: Landorus\n|-damage|p2a: Landorus|57\/100\n|-damage|p1a: Corviknight|69\/100|[from] Recoil\n|\n|-weather|none\n|upkeep\n|turn|9\n|\n|t:|1699853539\n|switch|p2a: Dusknoir|Dusknoir, M, shiny|100\/100\n|-activate|p2a: Dusknoir|move: Sticky Web\n|-unboost|p2a: Dusknoir|spe|1\n|-ability|p2a: Dusknoir|Pressure\n|move|p1a: Corviknight|Roost|p1a: Corviknight\n|-heal|p1a: Corviknight|100\/100\n|-singleturn|p1a: Corviknight|move: Roost\n|\n|upkeep\n|turn|10\n|\n|t:|1699853551\n|move|p1a: Corviknight|U-turn|p2a: Dusknoir\n|-resisted|p2a: Dusknoir\n|-damage|p2a: Dusknoir|94\/100\n|\n|t:|1699853554\n|switch|p1a: Ribombee|Ribombee, F|1\/100|[from] U-turn\n|-damage|p1a: Ribombee|0 fnt|[from] Stealth Rock\n|faint|p1a: Ribombee\n|move|p2a: Dusknoir|Will-O-Wisp|p1: Ribombee|[notarget]\n|-fail|p2a: Dusknoir\n|\n|-heal|p2a: Dusknoir|100\/100|[from] item: Leftovers\n|upkeep\n|\n|t:|1699853557\n|switch|p1a: Ting-Lu|Ting-Lu|100\/100\n|-damage|p1a: Ting-Lu|94\/100|[from] Stealth Rock\n|-ability|p1a: Ting-Lu|Vessel of Ruin\n|turn|11\n|\n|t:|1699853569\n|move|p1a: Ting-Lu|Spikes|p2a: Dusknoir\n|-sidestart|p2: Luifi2002|Spikes\n|move|p2a: Dusknoir|Will-O-Wisp|p1a: Ting-Lu\n|-status|p1a: Ting-Lu|brn\n|\n|-heal|p1a: Ting-Lu|100\/100 brn|[from] item: Leftovers\n|-damage|p1a: Ting-Lu|94\/100 brn|[from] brn\n|upkeep\n|turn|12\n|\n|t:|1699853575\n|move|p1a: Ting-Lu|Ruination|p2a: Dusknoir\n|-damage|p2a: Dusknoir|50\/100\n|move|p2a: Dusknoir|Ice Punch|p1a: Ting-Lu\n|-supereffective|p1a: Ting-Lu\n|-damage|p1a: Ting-Lu|76\/100 brn\n|\n|-heal|p1a: Ting-Lu|82\/100 brn|[from] item: Leftovers\n|-heal|p2a: Dusknoir|57\/100|[from] item: Leftovers\n|-damage|p1a: Ting-Lu|76\/100 brn|[from] brn\n|upkeep\n|turn|13\n|\n|t:|1699853582\n|move|p2a: Dusknoir|Pain Split|p1a: Ting-Lu\n|-sethp|p1a: Ting-Lu|54\/100 brn|[from] move: Pain Split|[silent]\n|-sethp|p2a: Dusknoir|94\/100|[from] move: Pain Split\n|move|p1a: Ting-Lu|Whirlwind|p2a: Dusknoir\n|drag|p2a: Infernape|Infernape, M|100\/100\n|-activate|p2a: Infernape|move: Sticky Web\n|-unboost|p2a: Infernape|spe|1\n|-damage|p2a: Infernape|88\/100|[from] Spikes\n|\n|-heal|p1a: Ting-Lu|60\/100 brn|[from] item: Leftovers\n|-damage|p1a: Ting-Lu|54\/100 brn|[from] brn\n|upkeep\n|turn|14\n|\n|t:|1699853596\n|move|p2a: Infernape|Aura Sphere|p1a: Ting-Lu\n|-supereffective|p1a: Ting-Lu\n|-damage|p1a: Ting-Lu|19\/100 brn\n|-damage|p2a: Infernape|78\/100|[from] item: Life Orb\n|move|p1a: Ting-Lu|Earthquake|p2a: Infernape\n|-supereffective|p2a: Infernape\n|-damage|p2a: Infernape|26\/100\n|\n|-heal|p1a: Ting-Lu|25\/100 brn|[from] item: Leftovers\n|-damage|p1a: Ting-Lu|19\/100 brn|[from] brn\n|upkeep\n|turn|15\n|\n|t:|1699853606\n|switch|p1a: Gholdengo|Gholdengo|100\/100\n|-damage|p1a: Gholdengo|94\/100|[from] Stealth Rock\n|-item|p1a: Gholdengo|Air Balloon\n|move|p2a: Infernape|Aura Sphere|p1a: Gholdengo\n|-immune|p1a: Gholdengo\n|\n|upkeep\n|turn|16\n|\n|t:|1699853612\n|switch|p1a: Ting-Lu|Ting-Lu|19\/100 brn\n|-damage|p1a: Ting-Lu|12\/100 brn|[from] Stealth Rock\n|-ability|p1a: Ting-Lu|Vessel of Ruin\n|switch|p2a: Landorus|Landorus-Therian, M|57\/100\n|-ability|p2a: Landorus|Intimidate|boost\n|-unboost|p1a: Ting-Lu|atk|1\n|\n|-heal|p1a: Ting-Lu|19\/100 brn|[from] item: Leftovers\n|-damage|p1a: Ting-Lu|12\/100 brn|[from] brn\n|upkeep\n|turn|17\n|\n|t:|1699853624\n|move|p2a: Landorus|Tera Blast|p1a: Ting-Lu\n|-damage|p1a: Ting-Lu|5\/100 brn\n|move|p1a: Ting-Lu|Spikes|p2a: Landorus\n|-sidestart|p2: Luifi2002|Spikes\n|\n|-heal|p1a: Ting-Lu|11\/100 brn|[from] item: Leftovers\n|-damage|p1a: Ting-Lu|5\/100 brn|[from] brn\n|upkeep\n|turn|18\n|\n|t:|1699853632\n|move|p2a: Landorus|Tera Blast|p1a: Ting-Lu\n|-damage|p1a: Ting-Lu|0 fnt\n|faint|p1a: Ting-Lu\n|\n|upkeep\n|\n|t:|1699853638\n|switch|p1a: Dragapult|Dragapult, M|100\/100\n|-damage|p1a: Dragapult|88\/100|[from] Stealth Rock\n|turn|19\n|\n|t:|1699853642\n|move|p1a: Dragapult|Substitute|p1a: Dragapult\n|-start|p1a: Dragapult|Substitute\n|-damage|p1a: Dragapult|63\/100\n|move|p2a: Landorus|Earthquake|p1a: Dragapult\n|-end|p1a: Dragapult|Substitute\n|\n|upkeep\n|turn|20\n|\n|t:|1699853647\n|move|p1a: Dragapult|Phantom Force||[still]\n|-prepare|p1a: Dragapult|Phantom Force\n|move|p2a: Landorus|Earthquake|p1a: Dragapult|[miss]\n|-miss|p2a: Landorus|p1a: Dragapult\n|\n|upkeep\n|turn|21\n|\n|t:|1699853655\n|move|p1a: Dragapult|Phantom Force|p2a: Landorus|[from]lockedmove\n|-damage|p2a: Landorus|0 fnt\n|faint|p2a: Landorus\n|-damage|p1a: Dragapult|53\/100|[from] item: Life Orb\n|\n|upkeep\n|\n|t:|1699853669\n|switch|p2a: Kommo-o|Kommo-o, M, shiny|100\/100\n|-activate|p2a: Kommo-o|move: Sticky Web\n|-unboost|p2a: Kommo-o|spe|1\n|-damage|p2a: Kommo-o|84\/100|[from] Spikes\n|turn|22\n|\n|t:|1699853676\n|-terastallize|p2a: Kommo-o|Fairy\n|move|p1a: Dragapult|Dragon Darts|p2a: Kommo-o\n|-immune|p2a: Kommo-o\n|move|p2a: Kommo-o|Clangorous Soul|p2a: Kommo-o\n|-boost|p2a: Kommo-o|atk|1\n|-boost|p2a: Kommo-o|def|1\n|-boost|p2a: Kommo-o|spa|1\n|-boost|p2a: Kommo-o|spd|1\n|-boost|p2a: Kommo-o|spe|1\n|-damage|p2a: Kommo-o|51\/100\n|\n|upkeep\n|turn|23\n|\n|t:|1699853692\n|switch|p1a: Corviknight|Corviknight, F|100\/100\n|-damage|p1a: Corviknight|88\/100|[from] Stealth Rock\n|move|p2a: Kommo-o|Clanging Scales|p1a: Corviknight\n|-resisted|p1a: Corviknight\n|-damage|p1a: Corviknight|65\/100\n|-unboost|p2a: Kommo-o|def|1\n|\n|upkeep\n|turn|24\n|\n|t:|1699853707\n|move|p2a: Kommo-o|Close Combat|p1a: Corviknight\n|-damage|p1a: Corviknight|5\/100\n|-unboost|p2a: Kommo-o|def|1\n|-unboost|p2a: Kommo-o|spd|1\n|-damage|p2a: Kommo-o|35\/100|[from] item: Rocky Helmet|[of] p1a: Corviknight\n|move|p1a: Corviknight|Brave Bird|p2a: Kommo-o\n|-damage|p2a: Kommo-o|0 fnt\n|faint|p2a: Kommo-o\n|-damage|p1a: Corviknight|0 fnt|[from] Recoil\n|faint|p1a: Corviknight\n|\n|upkeep\n|\n|t:|1699853720\n|switch|p2a: Dusknoir|Dusknoir, M, shiny|94\/100\n|switch|p1a: Dragapult|Dragapult, M|53\/100\n|-damage|p1a: Dragapult|41\/100|[from] Stealth Rock\n|-activate|p2a: Dusknoir|move: Sticky Web\n|-unboost|p2a: Dusknoir|spe|1\n|-damage|p2a: Dusknoir|77\/100|[from] Spikes\n|-ability|p2a: Dusknoir|Pressure\n|turn|25\n|\n|t:|1699853728\n|move|p2a: Dusknoir|Shadow Sneak|p1a: Dragapult\n|-supereffective|p1a: Dragapult\n|-damage|p1a: Dragapult|6\/100\n|move|p1a: Dragapult|Phantom Force||[still]\n|-prepare|p1a: Dragapult|Phantom Force\n|\n|-heal|p2a: Dusknoir|83\/100|[from] item: Leftovers\n|upkeep\n|turn|26\n|\n|t:|1699853737\n|move|p1a: Dragapult|Phantom Force|p2a: Dusknoir|[from]lockedmove\n|-supereffective|p2a: Dusknoir\n|-damage|p2a: Dusknoir|0 fnt\n|faint|p2a: Dusknoir\n|-damage|p1a: Dragapult|0 fnt|[from] item: Life Orb\n|faint|p1a: Dragapult\n|\n|upkeep\n|\n|t:|1699853746\n|switch|p1a: Great Tusk|Great Tusk|100\/100\n|switch|p2a: Infernape|Infernape, M|26\/100\n|-activate|p2a: Infernape|move: Sticky Web\n|-unboost|p2a: Infernape|spe|1\n|-damage|p2a: Infernape|9\/100|[from] Spikes\n|-damage|p1a: Great Tusk|98\/100|[from] Stealth Rock\n|turn|27\n|\n|t:|1699853754\n|move|p2a: Infernape|Fire Blast|p1a: Great Tusk\n|-crit|p1a: Great Tusk\n|-damage|p1a: Great Tusk|0 fnt\n|faint|p1a: Great Tusk\n|-end|p1a: Great Tusk|Protosynthesis|[silent]\n|-damage|p2a: Infernape|0 fnt|[from] item: Life Orb\n|faint|p2a: Infernape\n|\n|upkeep\n|\n|t:|1699853760\n|switch|p2a: Dipplin|Dipplin, M, shiny|100\/100\n|switch|p1a: Gholdengo|Gholdengo|94\/100\n|-damage|p1a: Gholdengo|88\/100|[from] Stealth Rock\n|-item|p1a: Gholdengo|Air Balloon\n|-activate|p2a: Dipplin|move: Sticky Web\n|-unboost|p2a: Dipplin|spe|1\n|-damage|p2a: Dipplin|84\/100|[from] Spikes\n|-ability|p2a: Dipplin|Supersweet Syrup\n|-ability|p2a: Dipplin|Supersweet Syrup|boost\n|-unboost|p1a: Gholdengo|evasion|1\n|turn|28\n|\n|t:|1699853772\n|move|p1a: Gholdengo|Nasty Plot|p1a: Gholdengo\n|-boost|p1a: Gholdengo|spa|2\n|move|p2a: Dipplin|Syrup Bomb|p1a: Gholdengo\n|-resisted|p1a: Gholdengo\n|-damage|p1a: Gholdengo|75\/100\n|-start|p1a: Gholdengo|Syrup Bomb\n|-enditem|p1a: Gholdengo|Air Balloon\n|\n|-unboost|p1a: Gholdengo|spe|1\n|upkeep\n|turn|29\n|\n|t:|1699853784\n|move|p1a: Gholdengo|Nasty Plot|p1a: Gholdengo\n|-boost|p1a: Gholdengo|spa|2\n|move|p2a: Dipplin|Giga Drain|p1a: Gholdengo\n|-resisted|p1a: Gholdengo\n|-damage|p1a: Gholdengo|59\/100\n|-heal|p2a: Dipplin|91\/100|[from] drain|[of] p1a: Gholdengo\n|\n|-unboost|p1a: Gholdengo|spe|1\n|upkeep\n|turn|30\n|\n|t:|1699853794\n|move|p1a: Gholdengo|Shadow Ball|p2a: Dipplin\n|-damage|p2a: Dipplin|21\/100\n|move|p2a: Dipplin|Draco Meteor|p1a: Gholdengo\n|-resisted|p1a: Gholdengo\n|-damage|p1a: Gholdengo|31\/100\n|-unboost|p2a: Dipplin|spa|2\n|\n|-unboost|p1a: Gholdengo|spe|1\n|upkeep\n|turn|31\n|c|\u2606Luifi2002|i hate you\n|inactiveoff|Battle timer is now OFF.\n|inactive|Battle timer is ON: inactive players will automatically lose when time's up. (requested by Faerie_God)\n|c|\u2606Luifi2002|now you wait\n|inactive|Luifi2002 has 120 seconds left.\n|c|\u2606Luifi2002|gringo\n|c|\u2606Faerie_God|gringo el pai tuyo lmao\n|c|\u2606Luifi2002|tu mama cueco\n|c|\u2606Luifi2002|mamalo\n|inactive|Luifi2002 has 90 seconds left.\n|c|\u2606Faerie_God|rico sabe\n|c|\u2606Luifi2002|idioton\n|c|\u2606Faerie_God|m\u00e1s duro, papi\n|c|\u2606Luifi2002|tu mama se va a morir en dos dias\n|n|\u203dLuifi2002|luifi2002\n|c|&|\/log Luifi2002 was locked from talking by Artemis. (\u2606Luifi2002: tu mama se va a morir en dos dias)\n|c|&|\/raw <small>This action was done automatically. Want to learn more about the AI? <a href=\"https:\/\/www.smogon.com\/forums\/threads\/3570628\/#post-9056769\">Visit the information thread<\/a>.<\/small>\n|c|\u2606Faerie_God|me voy a venir\n|c|\u2606Faerie_God|jsjsjs\n|inactive|Luifi2002 has 60 seconds left.\n|c|\u2606Faerie_God|linda noche brother, espero que te vaya mejor la pr\u00f3xima\n|inactive|Luifi2002 has 30 seconds left.\n|inactive|Luifi2002 has 20 seconds left.\n|inactive|Luifi2002 has 15 seconds left.\n|inactive|Luifi2002 has 10 seconds left.\n|inactive|Luifi2002 has 5 seconds left.\n|-message|Luifi2002 lost due to inactivity.\n|\n|win|Faerie_God\n|raw|Faerie_God's rating: 1210 &rarr; <strong>1236<\/strong><br \/>(+26 for winning)\n|raw|Luifi2002's rating: 1218 &rarr; <strong>1192<\/strong><br \/>(-26 for losing)\n","uploadtime":1699853910,"views":8,"p1id":"faeriegod","p2id":"luifi2002","formatid":"gen9ou","rating":1192,"private":0,"password":""}