{"id":"gen9ou-1994218216","p1":"ichigo39","p2":"LunarTFM","format":"[Gen 9] OU","log":"|j|\u2606ichigo39\n|j|\u2606LunarTFM\n|t:|1700420109\n|gametype|singles\n|player|p1|ichigo39|bugcatcher-gen4dp|1052\n|player|p2|LunarTFM|102|1063\n|teamsize|p1|6\n|teamsize|p2|6\n|gen|9\n|tier|[Gen 9] OU\n|rated|\n|rule|Sleep Clause Mod: Limit one foe put to sleep\n|rule|Species Clause: Limit one of each Pok\u00e9mon\n|rule|OHKO Clause: OHKO moves are banned\n|rule|Evasion Items Clause: Evasion items are banned\n|rule|Evasion Moves Clause: Evasion moves are banned\n|rule|Endless Battle Clause: Forcing endless battles is banned\n|rule|HP Percentage Mod: HP is shown in percentages\n|clearpoke\n|poke|p1|Ribombee, M|\n|poke|p1|Munkidori, M|\n|poke|p1|Ogerpon-Cornerstone, F|\n|poke|p1|Manaphy|\n|poke|p1|Samurott-Hisui, M|\n|poke|p1|Tinkaton, F|\n|poke|p2|Cinderace, F|\n|poke|p2|Meowscarada, F|\n|poke|p2|Ninetales-Alola, M|\n|poke|p2|Slowking-Galar, F|\n|poke|p2|Zamazenta-*|\n|poke|p2|Greninja-*, M|\n|teampreview\n|\n|t:|1700420120\n|start\n|switch|p1a: Tinkaton|Tinkaton, F|100\/100\n|switch|p2a: Spriggy|Meowscarada, F|100\/100\n|turn|1\n|\n|t:|1700420133\n|move|p2a: Spriggy|U-turn|p1a: Tinkaton\n|-start|p2a: Spriggy|typechange|Bug|[from] ability: Protean\n|-resisted|p1a: Tinkaton\n|-damage|p1a: Tinkaton|84\/100\n|-enditem|p1a: Tinkaton|Red Card|[of] p2a: Spriggy\n|drag|p2a: Zenta|Zamazenta|100\/100\n|-ability|p2a: Zenta|Dauntless Shield|boost\n|-boost|p2a: Zenta|def|1\n|move|p1a: Tinkaton|Gigaton Hammer|p2a: Zenta\n|-damage|p2a: Zenta|69\/100\n|\n|upkeep\n|turn|2\n|\n|t:|1700420152\n|switch|p1a: Munkidori|Munkidori, M|100\/100\n|move|p2a: Zenta|Protect||[still]\n|-fail|p2a: Zenta\n|\n|upkeep\n|turn|3\n|\n|t:|1700420170\n|switch|p2a: Spriggy|Meowscarada, F|100\/100\n|move|p1a: Munkidori|Psyshock|p2a: Spriggy\n|-immune|p2a: Spriggy\n|\n|upkeep\n|turn|4\n|\n|t:|1700420187\n|move|p2a: Spriggy|Night Slash|p1a: Munkidori\n|-start|p2a: Spriggy|typechange|Dark|[from] ability: Protean\n|-supereffective|p1a: Munkidori\n|-damage|p1a: Munkidori|0 fnt\n|faint|p1a: Munkidori\n|\n|upkeep\n|\n|t:|1700420194\n|switch|p1a: Ogerpon|Ogerpon-Cornerstone, F|100\/100\n|turn|5\n|\n|t:|1700420208\n|move|p2a: Spriggy|Night Slash|p1a: Ogerpon\n|-crit|p1a: Ogerpon\n|-ability|p1a: Ogerpon|Sturdy\n|-damage|p1a: Ogerpon|1\/100\n|move|p1a: Ogerpon|Low Kick|p2a: Spriggy\n|-supereffective|p2a: Spriggy\n|-damage|p2a: Spriggy|31\/100\n|\n|upkeep\n|turn|6\n|\n|t:|1700420223\n|move|p2a: Spriggy|Night Slash|p1a: Ogerpon\n|-damage|p1a: Ogerpon|0 fnt\n|faint|p1a: Ogerpon\n|\n|upkeep\n|\n|t:|1700420228\n|switch|p1a: Tinkaton|Tinkaton, F|84\/100\n|turn|7\n|\n|t:|1700420239\n|switch|p2a: Aceburn|Cinderace, F|100\/100\n|move|p1a: Tinkaton|Gigaton Hammer|p2a: Aceburn\n|-resisted|p2a: Aceburn\n|-damage|p2a: Aceburn|61\/100\n|\n|upkeep\n|turn|8\n|\n|t:|1700420250\n|-terastallize|p1a: Tinkaton|Fairy\n|move|p2a: Aceburn|Pyro Ball|p1a: Tinkaton\n|-damage|p1a: Tinkaton|13\/100\n|move|p1a: Tinkaton|Play Rough|p2a: Aceburn|[miss]\n|-miss|p1a: Tinkaton|p2a: Aceburn\n|\n|upkeep\n|turn|9\n|\n|t:|1700420267\n|switch|p1a: Samurott|Samurott-Hisui, M|100\/100\n|move|p2a: Aceburn|U-turn|p1a: Samurott\n|-start|p2a: Aceburn|typechange|Bug|[from] ability: Libero\n|-supereffective|p1a: Samurott\n|-damage|p1a: Samurott|21\/100\n|\n|t:|1700420280\n|switch|p2a: Shadowglaive|Greninja, M, shiny|100\/100|[from] U-turn\n|\n|upkeep\n|turn|10\n|\n|t:|1700420287\n|move|p2a: Shadowglaive|U-turn|p1a: Samurott\n|-start|p2a: Shadowglaive|typechange|Bug|[from] ability: Protean\n|-supereffective|p1a: Samurott\n|-damage|p1a: Samurott|0 fnt\n|faint|p1a: Samurott\n|-message|ichigo39 forfeited.\n|\n|win|LunarTFM\n|raw|ichigo39's rating: 1052 &rarr; <strong>1035<\/strong><br \/>(-17 for losing)\n|raw|LunarTFM's rating: 1063 &rarr; <strong>1093<\/strong><br \/>(+30 for winning)\n|l|\u2606ichigo39\n","uploadtime":1700420298,"views":10,"p1id":"ichigo39","p2id":"lunartfm","formatid":"gen9ou","rating":1035,"private":0,"password":""}