{"id":"gen9ou-1990794765","p1":"JojoOui","p2":"Username momento","format":"[Gen 9] OU","log":"|j|\u2606JojoOui\n|j|\u2606Username momento\n|inactive|Battle timer is ON: inactive players will automatically lose when time's up.\n|t:|1700001558\n|gametype|singles\n|player|p1|JojoOui|pokemonbreederf-gen4|\n|player|p2|Username momento|ninjaboy|\n|teamsize|p1|6\n|teamsize|p2|6\n|gen|9\n|tier|[Gen 9] OU\n|rated|Tournament battle\n|rule|Sleep Clause Mod: Limit one foe put to sleep\n|rule|Species Clause: Limit one of each Pok\u00e9mon\n|rule|OHKO Clause: OHKO moves are banned\n|rule|Evasion Items Clause: Evasion items are banned\n|rule|Evasion Moves Clause: Evasion moves are banned\n|rule|Endless Battle Clause: Forcing endless battles is banned\n|rule|HP Percentage Mod: HP is shown in percentages\n|clearpoke\n|poke|p1|Enamorus, F|\n|poke|p1|Kingambit, F|\n|poke|p1|Ribombee, M|\n|poke|p1|Gholdengo|\n|poke|p1|Great Tusk|\n|poke|p1|Calyrex-Shadow|\n|poke|p2|Meowscarada, F|\n|poke|p2|Kingambit, M|\n|poke|p2|Zamazenta-*|\n|poke|p2|Great Tusk|\n|poke|p2|Iron Moth|\n|poke|p2|Calyrex-Shadow|\n|teampreview\n|\n|t:|1700001573\n|start\n|switch|p1a: Ribombee|Ribombee, M|100\/100\n|switch|p2a: Iron Moth|Iron Moth|100\/100\n|-enditem|p2a: Iron Moth|Booster Energy\n|-activate|p2a: Iron Moth|ability: Quark Drive|[fromitem]\n|-start|p2a: Iron Moth|quarkdrivespe\n|turn|1\n|j| SDK04\n|j| SandVeil10\n|\n|t:|1700001594\n|move|p2a: Iron Moth|Fiery Dance|p1a: Ribombee\n|-supereffective|p1a: Ribombee\n|-enditem|p1a: Ribombee|Focus Sash\n|-damage|p1a: Ribombee|1\/100\n|move|p1a: Ribombee|Sticky Web|p2a: Iron Moth\n|-sidestart|p2: Username momento|move: Sticky Web\n|\n|upkeep\n|turn|2\n|\n|t:|1700001599\n|move|p2a: Iron Moth|Fiery Dance|p1a: Ribombee\n|-supereffective|p1a: Ribombee\n|-damage|p1a: Ribombee|0 fnt\n|faint|p1a: Ribombee\n|\n|upkeep\n|inactive|JojoOui has 120 seconds left.\n|inactive|JojoOui has 90 seconds left.\n|j| Dragokid7\n|\n|t:|1700001668\n|switch|p1a: Great Tusk|Great Tusk|100\/100\n|turn|3\n|\n|t:|1700001672\n|move|p2a: Iron Moth|Energy Ball|p1a: Great Tusk\n|-supereffective|p1a: Great Tusk\n|-damage|p1a: Great Tusk|15\/100\n|move|p1a: Great Tusk|Earthquake|p2a: Iron Moth\n|-supereffective|p2a: Iron Moth\n|-damage|p2a: Iron Moth|0 fnt\n|faint|p2a: Iron Moth\n|-end|p2a: Iron Moth|Quark Drive|[silent]\n|\n|upkeep\n|l| Dragokid7\n|\n|t:|1700001678\n|switch|p2a: Great Tusk|Great Tusk|100\/100\n|-activate|p2a: Great Tusk|move: Sticky Web\n|-unboost|p2a: Great Tusk|spe|1\n|-enditem|p2a: Great Tusk|Booster Energy\n|-activate|p2a: Great Tusk|ability: Protosynthesis|[fromitem]\n|-start|p2a: Great Tusk|protosynthesisatk\n|turn|4\n|\n|t:|1700001683\n|-end|p1a: Great Tusk|Protosynthesis|[silent]\n|switch|p1a: Gholdengo|Gholdengo|100\/100\n|-item|p1a: Gholdengo|Air Balloon\n|move|p2a: Great Tusk|Knock Off|p1a: Gholdengo\n|-supereffective|p1a: Gholdengo\n|-damage|p1a: Gholdengo|0 fnt\n|-enditem|p1a: Gholdengo|Air Balloon\n|faint|p1a: Gholdengo\n|\n|upkeep\n|\n|t:|1700001687\n|switch|p1a: Enamorus|Enamorus, F|100\/100\n|turn|5\n|inactive|JojoOui has 120 seconds left.\n|\n|t:|1700001697\n|-terastallize|p2a: Great Tusk|Steel\n|move|p1a: Enamorus|Earth Power|p2a: Great Tusk\n|-supereffective|p2a: Great Tusk\n|-damage|p2a: Great Tusk|5\/100\n|-unboost|p2a: Great Tusk|spd|1\n|move|p2a: Great Tusk|Rapid Spin|p1a: Enamorus\n|-damage|p1a: Enamorus|63\/100\n|-boost|p2a: Great Tusk|spe|1\n|-sideend|p2: Username momento|Sticky Web|[from] move: Rapid Spin|[of] p2a: Great Tusk\n|\n|-heal|p1a: Enamorus|70\/100|[from] item: Leftovers\n|upkeep\n|turn|6\n|inactive|JojoOui has 120 seconds left.\n|\n|t:|1700001705\n|move|p1a: Enamorus|Moonblast|p2a: Great Tusk\n|-resisted|p2a: Great Tusk\n|-damage|p2a: Great Tusk|0 fnt\n|faint|p2a: Great Tusk\n|-end|p2a: Great Tusk|Protosynthesis|[silent]\n|\n|-heal|p1a: Enamorus|76\/100|[from] item: Leftovers\n|upkeep\n|\n|t:|1700001717\n|switch|p2a: Calyrex|Calyrex-Shadow|100\/100\n|-ability|p2a: Calyrex|As One\n|-ability|p2a: Calyrex|Unnerve\n|turn|7\n|\n|t:|1700001724\n|switch|p1a: Kingambit|Kingambit, F|100\/100\n|-activate|p1a: Kingambit|ability: Supreme Overlord\n|-start|p1a: Kingambit|fallen2|[silent]\n|move|p2a: Calyrex|Astral Barrage|p1a: Kingambit\n|-resisted|p1a: Kingambit\n|-damage|p1a: Kingambit|44\/100\n|\n|-heal|p1a: Kingambit|50\/100|[from] item: Leftovers\n|upkeep\n|turn|8\n|\n|t:|1700001734\n|switch|p2a: Zamazenta|Zamazenta|100\/100\n|-ability|p2a: Zamazenta|Dauntless Shield|boost\n|-boost|p2a: Zamazenta|def|1\n|move|p1a: Kingambit|Iron Head|p2a: Zamazenta\n|-damage|p2a: Zamazenta|74\/100\n|\n|-heal|p2a: Zamazenta|80\/100|[from] item: Leftovers\n|-heal|p1a: Kingambit|56\/100|[from] item: Leftovers\n|upkeep\n|turn|9\n|\n|t:|1700001741\n|-end|p1a: Kingambit|fallen2|[silent]\n|switch|p1a: Enamorus|Enamorus, F|76\/100\n|move|p2a: Zamazenta|Body Press|p1a: Enamorus\n|-resisted|p1a: Enamorus\n|-damage|p1a: Enamorus|54\/100\n|\n|-heal|p2a: Zamazenta|86\/100|[from] item: Leftovers\n|-heal|p1a: Enamorus|60\/100|[from] item: Leftovers\n|upkeep\n|turn|10\n|\n|t:|1700001753\n|move|p2a: Zamazenta|Heavy Slam|p1a: Enamorus\n|-supereffective|p1a: Enamorus\n|-crit|p1a: Enamorus\n|-damage|p1a: Enamorus|0 fnt\n|faint|p1a: Enamorus\n|\n|-heal|p2a: Zamazenta|92\/100|[from] item: Leftovers\n|upkeep\n|\n|t:|1700001758\n|switch|p1a: Calyrex|Calyrex-Shadow|100\/100\n|-ability|p1a: Calyrex|As One\n|-ability|p1a: Calyrex|Unnerve\n|turn|11\n|\n|t:|1700001765\n|move|p1a: Calyrex|Nasty Plot|p1a: Calyrex\n|-boost|p1a: Calyrex|spa|2\n|move|p2a: Zamazenta|Stone Edge|p1a: Calyrex\n|-damage|p1a: Calyrex|68\/100\n|\n|-heal|p2a: Zamazenta|98\/100|[from] item: Leftovers\n|upkeep\n|turn|12\n|\n|t:|1700001771\n|move|p1a: Calyrex|Astral Barrage|p2a: Zamazenta\n|-damage|p2a: Zamazenta|0 fnt\n|faint|p2a: Zamazenta\n|-ability|p1a: Calyrex|Grim Neigh|boost\n|-boost|p1a: Calyrex|spa|1\n|\n|upkeep\n|\n|t:|1700001773\n|switch|p2a: Meowscarada|Meowscarada, F|100\/100\n|turn|13\n|\n|t:|1700001781\n|-terastallize|p1a: Calyrex|Fighting\n|move|p2a: Meowscarada|Knock Off|p1a: Calyrex\n|-start|p2a: Meowscarada|typechange|Dark|[from] ability: Protean\n|-resisted|p1a: Calyrex\n|-damage|p1a: Calyrex|40\/100\n|-enditem|p1a: Calyrex|Focus Sash|[from] move: Knock Off|[of] p2a: Meowscarada\n|move|p1a: Calyrex|Astral Barrage|p2a: Meowscarada\n|-resisted|p2a: Meowscarada\n|-damage|p2a: Meowscarada|0 fnt\n|faint|p2a: Meowscarada\n|-ability|p1a: Calyrex|Grim Neigh|boost\n|-boost|p1a: Calyrex|spa|1\n|\n|upkeep\n|\n|t:|1700001790\n|switch|p2a: Calyrex|Calyrex-Shadow|100\/100\n|-ability|p2a: Calyrex|As One\n|-ability|p2a: Calyrex|Unnerve\n|turn|14\n|\n|t:|1700001801\n|move|p2a: Calyrex|Astral Barrage|p1a: Calyrex\n|-damage|p1a: Calyrex|0 fnt\n|faint|p1a: Calyrex\n|-ability|p2a: Calyrex|Grim Neigh|boost\n|-boost|p2a: Calyrex|spa|1\n|\n|upkeep\n|c|\u2606JojoOui|NOOO\n|j| shaomichel2003\n|\n|t:|1700001807\n|switch|p1a: Kingambit|Kingambit, F|56\/100\n|-activate|p1a: Kingambit|ability: Supreme Overlord\n|-start|p1a: Kingambit|fallen4|[silent]\n|turn|15\n|c|\u2606Username momento|Rip\n|c| SandVeil10|that was a speed tie and a half\n|\n|t:|1700001827\n|move|p1a: Kingambit|Sucker Punch|p2a: Calyrex\n|-supereffective|p2a: Calyrex\n|-damage|p2a: Calyrex|0 fnt\n|faint|p2a: Calyrex\n|\n|-heal|p1a: Kingambit|62\/100|[from] item: Leftovers\n|upkeep\n|\n|t:|1700001829\n|switch|p2a: Kingambit|Kingambit, M|100\/100\n|-activate|p2a: Kingambit|ability: Supreme Overlord\n|-start|p2a: Kingambit|fallen5|[silent]\n|turn|16\n|c|\u2606Username momento|Thought you were gonna predict the switch tbh\n|j| IConsumeChairs\n|inactive|JojoOui has 120 seconds left.\n|c|\u2606JojoOui|i have predict the stain\n|inactive|JojoOui has 90 seconds left.\n|\n|t:|1700001892\n|-end|p1a: Kingambit|fallen4|[silent]\n|switch|p1a: Great Tusk|Great Tusk|15\/100\n|move|p2a: Kingambit|Swords Dance|p2a: Kingambit\n|-boost|p2a: Kingambit|atk|2\n|\n|upkeep\n|turn|17\n|\n|t:|1700001902\n|move|p2a: Kingambit|Sucker Punch|p1a: Great Tusk\n|-resisted|p1a: Great Tusk\n|-damage|p1a: Great Tusk|0 fnt\n|faint|p1a: Great Tusk\n|-end|p1a: Great Tusk|Protosynthesis|[silent]\n|\n|upkeep\n|\n|t:|1700001904\n|switch|p1a: Kingambit|Kingambit, F|62\/100\n|-activate|p1a: Kingambit|ability: Supreme Overlord\n|-start|p1a: Kingambit|fallen5|[silent]\n|turn|18\n|\n|t:|1700001909\n|move|p1a: Kingambit|Iron Head|p2a: Kingambit\n|-resisted|p2a: Kingambit\n|-damage|p2a: Kingambit|73\/100\n|move|p2a: Kingambit|Iron Head|p1a: Kingambit\n|-resisted|p1a: Kingambit\n|-damage|p1a: Kingambit|7\/100\n|\n|-heal|p2a: Kingambit|79\/100|[from] item: Leftovers\n|-heal|p1a: Kingambit|13\/100|[from] item: Leftovers\n|upkeep\n|turn|19\n|\n|t:|1700001915\n|move|p2a: Kingambit|Sucker Punch||[still]\n|-fail|p2a: Kingambit\n|move|p1a: Kingambit|Swords Dance|p1a: Kingambit\n|-boost|p1a: Kingambit|atk|2\n|\n|-heal|p1a: Kingambit|19\/100|[from] item: Leftovers\n|-heal|p2a: Kingambit|85\/100|[from] item: Leftovers\n|upkeep\n|turn|20\n|c|\u2606Username momento|I forgot tusk was low on hp\n|\n|t:|1700001921\n|move|p2a: Kingambit|Iron Head|p1a: Kingambit\n|-resisted|p1a: Kingambit\n|-damage|p1a: Kingambit|0 fnt\n|faint|p1a: Kingambit\n|-end|p1a: Kingambit|fallen5|[silent]\n|\n|win|Username momento\n|n|\u2606JojoOui|jojooui\n|n|\u2606Username momento|usernamemomento\n|n| SDK04|sdk04\n|n| SandVeil10|sandveil10\n|n| shaomichel2003|shaomichel2003\n|n| IConsumeChairs|iconsumechairs\n|l| SDK04\n|l| IConsumeChairs\n|c|\u2606JojoOui|gg\n|l|\u2606JojoOui\n|c|\u2606Username momento|I thought I was for sure gonna loose there, gg\n","uploadtime":1700001934,"views":11,"p1id":"jojooui","p2id":"usernamemomento","formatid":"gen9ou","rating":0,"private":0,"password":""}