{"id":"gen9ou-2000360864","p1":"NightwalkerYt","p2":"Sat1968","format":"[Gen 9] OU","log":"|j|\u203dNightwalkerYt\n|j|\u2606Sat1968\n|t:|1701188266\n|gametype|singles\n|player|p1|NightwalkerYt|ethan|1161\n|player|p2|Sat1968|169|1169\n|teamsize|p1|6\n|teamsize|p2|6\n|gen|9\n|tier|[Gen 9] OU\n|rated|\n|rule|Sleep Clause Mod: Limit one foe put to sleep\n|rule|Species Clause: Limit one of each Pok\u00e9mon\n|rule|OHKO Clause: OHKO moves are banned\n|rule|Evasion Items Clause: Evasion items are banned\n|rule|Evasion Moves Clause: Evasion moves are banned\n|rule|Endless Battle Clause: Forcing endless battles is banned\n|rule|HP Percentage Mod: HP is shown in percentages\n|clearpoke\n|poke|p1|Torkoal, M|\n|poke|p1|Great Tusk|\n|poke|p1|Lilligant-Hisui, F|\n|poke|p1|Walking Wake|\n|poke|p1|Ceruledge, F|\n|poke|p1|Ribombee, F|\n|poke|p2|Cinderace, F|\n|poke|p2|Zapdos|\n|poke|p2|Landorus-Therian, M|\n|poke|p2|Gastrodon-East, F|\n|poke|p2|Sinistcha-Masterpiece|\n|poke|p2|Ninetales-Alola, F|\n|teampreview\n|\n|t:|1701188275\n|start\n|switch|p1a: Ribombee|Ribombee, F, shiny|100\/100\n|switch|p2a: racist|Cinderace, F, shiny|100\/100\n|turn|1\n|\n|t:|1701188281\n|move|p2a: racist|Pyro Ball|p1a: Ribombee\n|-supereffective|p1a: Ribombee\n|-enditem|p1a: Ribombee|Focus Sash\n|-damage|p1a: Ribombee|1\/100\n|move|p1a: Ribombee|Moonblast|p2a: racist\n|-resisted|p2a: racist\n|-damage|p2a: racist|70\/100\n|\n|upkeep\n|turn|2\n|inactive|Battle timer is ON: inactive players will automatically lose when time's up. (requested by Sat1968)\n|\n|t:|1701188292\n|move|p2a: racist|Pyro Ball|p1a: Ribombee\n|-supereffective|p1a: Ribombee\n|-damage|p1a: Ribombee|0 fnt\n|faint|p1a: Ribombee\n|\n|upkeep\n|\n|t:|1701188297\n|switch|p1a: Walking Wake|Walking Wake|100\/100\n|turn|3\n|\n|t:|1701188307\n|switch|p2a: nana|Ninetales-Alola, F, shiny|100\/100\n|-weather|Snow|[from] ability: Snow Warning|[of] p2a: nana\n|move|p1a: Walking Wake|Hurricane|p2a: nana\n|-damage|p2a: nana|50\/100\n|\n|-weather|Snow|[upkeep]\n|upkeep\n|turn|4\n|\n|t:|1701188324\n|-end|p1a: Walking Wake|Protosynthesis|[silent]\n|switch|p1a: Torkoal|Torkoal, M|100\/100\n|-weather|SunnyDay|[from] ability: Drought|[of] p1a: Torkoal\n|move|p2a: nana|Aurora Veil||[still]\n|-fail|p2a: nana\n|\n|-weather|SunnyDay|[upkeep]\n|upkeep\n|turn|5\n|\n|t:|1701188340\n|switch|p2a: don|Gastrodon-East, F|100\/100\n|switch|p1a: Walking Wake|Walking Wake|100\/100\n|-activate|p1a: Walking Wake|ability: Protosynthesis\n|-start|p1a: Walking Wake|protosynthesisspa\n|\n|-weather|SunnyDay|[upkeep]\n|upkeep\n|turn|6\n|\n|t:|1701188353\n|-end|p1a: Walking Wake|Protosynthesis|[silent]\n|switch|p1a: Lilligant|Lilligant-Hisui, F|100\/100\n|move|p2a: don|Icy Wind|p1a: Lilligant\n|-supereffective|p1a: Lilligant\n|-damage|p1a: Lilligant|46\/100\n|-unboost|p1a: Lilligant|spe|1\n|\n|-weather|SunnyDay|[upkeep]\n|upkeep\n|turn|7\n|\n|t:|1701188365\n|switch|p2a: nana|Ninetales-Alola, F, shiny|50\/100\n|-weather|Snow|[from] ability: Snow Warning|[of] p2a: nana\n|move|p1a: Lilligant|Solar Blade||[still]\n|-prepare|p1a: Lilligant|Solar Blade\n|\n|-weather|Snow|[upkeep]\n|upkeep\n|turn|8\n|\n|t:|1701188376\n|move|p2a: nana|Aurora Veil|p2a: nana\n|-sidestart|p2: Sat1968|move: Aurora Veil\n|move|p1a: Lilligant|Solar Blade|p2a: nana|[from]lockedmove\n|-damage|p2a: nana|34\/100\n|\n|-weather|Snow|[upkeep]\n|upkeep\n|turn|9\n|\n|t:|1701188383\n|switch|p1a: Torkoal|Torkoal, M|100\/100\n|-weather|SunnyDay|[from] ability: Drought|[of] p1a: Torkoal\n|move|p2a: nana|Blizzard|p1a: Torkoal\n|-resisted|p1a: Torkoal\n|-damage|p1a: Torkoal|72\/100\n|\n|-weather|SunnyDay|[upkeep]\n|upkeep\n|turn|10\n|\n|t:|1701188401\n|switch|p2a: don|Gastrodon-East, F|100\/100\n|switch|p1a: Lilligant|Lilligant-Hisui, F|46\/100\n|\n|-weather|SunnyDay|[upkeep]\n|upkeep\n|turn|11\n|\n|t:|1701188408\n|switch|p2a: racist|Cinderace, F, shiny|70\/100\n|move|p1a: Lilligant|Sleep Powder|p2a: racist\n|-status|p2a: racist|slp|[from] move: Sleep Powder\n|\n|-weather|SunnyDay|[upkeep]\n|upkeep\n|turn|12\n|\n|t:|1701188426\n|switch|p1a: Great Tusk|Great Tusk|100\/100\n|-activate|p1a: Great Tusk|ability: Protosynthesis\n|-start|p1a: Great Tusk|protosynthesisdef\n|cant|p2a: racist|slp\n|\n|-weather|SunnyDay|[upkeep]\n|-sideend|p2: Sat1968|move: Aurora Veil\n|upkeep\n|turn|13\n|\n|t:|1701188438\n|cant|p2a: racist|slp\n|move|p1a: Great Tusk|Headlong Rush|p2a: racist\n|-supereffective|p2a: racist\n|-damage|p2a: racist|0 fnt\n|-unboost|p1a: Great Tusk|def|1\n|-unboost|p1a: Great Tusk|spd|1\n|faint|p2a: racist\n|\n|-weather|SunnyDay|[upkeep]\n|upkeep\n|\n|t:|1701188451\n|switch|p2a: bird up|Zapdos|100\/100\n|-ability|p2a: bird up|Pressure\n|turn|14\n|\n|t:|1701188467\n|-end|p1a: Great Tusk|Protosynthesis|[silent]\n|switch|p1a: Torkoal|Torkoal, M|72\/100\n|move|p2a: bird up|Tailwind|p2a: bird up\n|-sidestart|p2: Sat1968|move: Tailwind\n|\n|-weather|SunnyDay|[upkeep]\n|upkeep\n|turn|15\n|\n|t:|1701188480\n|switch|p2a: lannnndo|Landorus-Therian, M|100\/100\n|-ability|p2a: lannnndo|Intimidate|boost\n|-unboost|p1a: Torkoal|atk|1\n|move|p1a: Torkoal|Stealth Rock|p2a: lannnndo\n|-sidestart|p2: Sat1968|move: Stealth Rock\n|\n|-weather|SunnyDay|[upkeep]\n|upkeep\n|turn|16\n|\n|t:|1701188493\n|switch|p1a: Ceruledge|Ceruledge, F|100\/100\n|move|p2a: lannnndo|Swords Dance|p2a: lannnndo\n|-boost|p2a: lannnndo|atk|2\n|\n|-weather|none\n|upkeep\n|turn|17\n|\n|t:|1701188503\n|move|p1a: Ceruledge|Shadow Sneak|p2a: lannnndo\n|-damage|p2a: lannnndo|75\/100\n|move|p2a: lannnndo|Earthquake|p1a: Ceruledge\n|-supereffective|p1a: Ceruledge\n|-damage|p1a: Ceruledge|0 fnt\n|faint|p1a: Ceruledge\n|-damage|p2a: lannnndo|65\/100|[from] item: Life Orb\n|\n|-sideend|p2: Sat1968|move: Tailwind\n|upkeep\n|\n|t:|1701188512\n|switch|p1a: Torkoal|Torkoal, M|72\/100\n|-weather|SunnyDay|[from] ability: Drought|[of] p1a: Torkoal\n|turn|18\n|\n|t:|1701188517\n|switch|p1a: Great Tusk|Great Tusk|100\/100\n|-activate|p1a: Great Tusk|ability: Protosynthesis\n|-start|p1a: Great Tusk|protosynthesisdef\n|move|p2a: lannnndo|Earthquake|p1a: Great Tusk\n|-damage|p1a: Great Tusk|38\/100\n|-damage|p2a: lannnndo|55\/100|[from] item: Life Orb\n|\n|-weather|SunnyDay|[upkeep]\n|upkeep\n|turn|19\n|\n|t:|1701188527\n|move|p2a: lannnndo|Earthquake|p1a: Great Tusk\n|-damage|p1a: Great Tusk|0 fnt\n|faint|p1a: Great Tusk\n|-end|p1a: Great Tusk|Protosynthesis|[silent]\n|-damage|p2a: lannnndo|45\/100|[from] item: Life Orb\n|\n|-weather|SunnyDay|[upkeep]\n|upkeep\n|\n|t:|1701188533\n|switch|p1a: Lilligant|Lilligant-Hisui, F|46\/100\n|turn|20\n|\n|t:|1701188537\n|move|p1a: Lilligant|Ice Spinner|p2a: lannnndo\n|-supereffective|p2a: lannnndo\n|-damage|p2a: lannnndo|0 fnt\n|faint|p2a: lannnndo\n|\n|-weather|SunnyDay|[upkeep]\n|upkeep\n|\n|t:|1701188543\n|switch|p2a: bird up|Zapdos|100\/100\n|-damage|p2a: bird up|76\/100|[from] Stealth Rock\n|-ability|p2a: bird up|Pressure\n|turn|21\n|\n|t:|1701188552\n|move|p1a: Lilligant|Ice Spinner|p2a: bird up\n|-supereffective|p2a: bird up\n|-damage|p2a: bird up|14\/100\n|move|p2a: bird up|Tailwind|p2a: bird up\n|-sidestart|p2: Sat1968|move: Tailwind\n|\n|-weather|SunnyDay|[upkeep]\n|-heal|p2a: bird up|20\/100|[from] item: Leftovers\n|upkeep\n|turn|22\n|\n|t:|1701188565\n|move|p1a: Lilligant|Ice Spinner|p2a: bird up\n|-supereffective|p2a: bird up\n|-damage|p2a: bird up|0 fnt\n|faint|p2a: bird up\n|\n|-weather|SunnyDay|[upkeep]\n|upkeep\n|\n|t:|1701188576\n|switch|p2a: mocho|Sinistcha-Masterpiece, shiny|100\/100\n|-damage|p2a: mocho|88\/100|[from] Stealth Rock\n|turn|23\n|\n|t:|1701188595\n|move|p1a: Lilligant|Ice Spinner|p2a: mocho\n|-supereffective|p2a: mocho\n|-damage|p2a: mocho|29\/100\n|move|p2a: mocho|Strength Sap|p1a: Lilligant\n|-unboost|p1a: Lilligant|atk|1\n|-heal|p2a: mocho|100\/100\n|\n|-weather|SunnyDay|[upkeep]\n|upkeep\n|turn|24\n|\n|t:|1701188606\n|switch|p1a: Torkoal|Torkoal, M|72\/100\n|move|p2a: mocho|Strength Sap|p1a: Torkoal\n|-unboost|p1a: Torkoal|atk|1\n|\n|-weather|SunnyDay|[upkeep]\n|-sideend|p2: Sat1968|move: Tailwind\n|upkeep\n|turn|25\n|\n|t:|1701188615\n|switch|p2a: nana|Ninetales-Alola, F, shiny|34\/100\n|-damage|p2a: nana|10\/100|[from] Stealth Rock\n|-weather|Snow|[from] ability: Snow Warning|[of] p2a: nana\n|-enditem|p2a: nana|Aguav Berry|[eat]\n|-heal|p2a: nana|43\/100|[from] item: Aguav Berry\n|move|p1a: Torkoal|Lava Plume|p2a: nana\n|-supereffective|p2a: nana\n|-damage|p2a: nana|0 fnt\n|faint|p2a: nana\n|\n|-weather|Snow|[upkeep]\n|upkeep\n|\n|t:|1701188627\n|switch|p2a: don|Gastrodon-East, F|100\/100\n|-damage|p2a: don|94\/100|[from] Stealth Rock\n|turn|26\n|\n|t:|1701188638\n|switch|p1a: Walking Wake|Walking Wake|100\/100\n|move|p2a: don|Blizzard|p1a: Walking Wake\n|-damage|p1a: Walking Wake|62\/100\n|\n|-weather|Snow|[upkeep]\n|upkeep\n|turn|27\n|\n|t:|1701188644\n|-end|p1a: Walking Wake|Protosynthesis|[silent]\n|switch|p1a: Torkoal|Torkoal, M|72\/100\n|-weather|SunnyDay|[from] ability: Drought|[of] p1a: Torkoal\n|move|p2a: don|Muddy Water|p1a: Torkoal|[miss]\n|-miss|p2a: don|p1a: Torkoal\n|\n|-weather|SunnyDay|[upkeep]\n|upkeep\n|turn|28\n|\n|t:|1701188654\n|switch|p1a: Walking Wake|Walking Wake|62\/100\n|-activate|p1a: Walking Wake|ability: Protosynthesis\n|-start|p1a: Walking Wake|protosynthesisspa\n|-terastallize|p2a: don|Fire\n|move|p2a: don|Muddy Water|p1a: Walking Wake|[miss]\n|-miss|p2a: don|p1a: Walking Wake\n|\n|-weather|SunnyDay|[upkeep]\n|upkeep\n|turn|29\n|\n|t:|1701188670\n|move|p1a: Walking Wake|Draco Meteor|p2a: don\n|-damage|p2a: don|0 fnt\n|-unboost|p1a: Walking Wake|spa|2\n|faint|p2a: don\n|\n|-weather|SunnyDay|[upkeep]\n|upkeep\n|-message|Sat1968 forfeited.\n|\n|win|NightwalkerYt\n|raw|NightwalkerYt's rating: 1161 &rarr; <strong>1187<\/strong><br \/>(+26 for winning)\n|raw|Sat1968's rating: 1169 &rarr; <strong>1143<\/strong><br \/>(-26 for losing)\n|l|\u2606Sat1968\n","uploadtime":1701188686,"views":11,"p1id":"nightwalkeryt","p2id":"sat1968","formatid":"gen9ou","rating":1143,"private":0,"password":""}