{"id":"gen9ou-1995523325","p1":"mauricio3173","p2":"Z-pokemaster2000","format":"[Gen 9] OU","log":"|j|\u2606mauricio3173\n|j|\u2606Z-pokemaster2000\n|t:|1700579633\n|gametype|singles\n|player|p1|mauricio3173|265|1680\n|player|p2|Z-pokemaster2000|veteran|1662\n|teamsize|p1|6\n|teamsize|p2|6\n|gen|9\n|tier|[Gen 9] OU\n|rated|\n|rule|Sleep Clause Mod: Limit one foe put to sleep\n|rule|Species Clause: Limit one of each Pok\u00e9mon\n|rule|OHKO Clause: OHKO moves are banned\n|rule|Evasion Items Clause: Evasion items are banned\n|rule|Evasion Moves Clause: Evasion moves are banned\n|rule|Endless Battle Clause: Forcing endless battles is banned\n|rule|HP Percentage Mod: HP is shown in percentages\n|clearpoke\n|poke|p1|Weezing-Galar, M|\n|poke|p1|Ceruledge, M|\n|poke|p1|Dragapult, F|\n|poke|p1|Ursaluna, F|\n|poke|p1|Rillaboom, M|\n|poke|p1|Kingambit, M|\n|poke|p2|Okidogi, M|\n|poke|p2|Clefable, F|\n|poke|p2|Great Tusk|\n|poke|p2|Grimmsnarl, M|\n|poke|p2|Sinistcha-Masterpiece|\n|poke|p2|Ceruledge, F|\n|teampreview\n|inactive|Battle timer is ON: inactive players will automatically lose when time's up. (requested by Z-pokemaster2000)\n|inactive|mauricio3173 has 120 seconds left.\n|\n|t:|1700579679\n|start\n|switch|p1a: Weezing|Weezing-Galar, M, shiny|100\/100\n|switch|p2a: Ceruledge|Ceruledge, F|100\/100\n|-ability|p1a: Weezing|Neutralizing Gas\n|turn|1\n|\n|t:|1700579685\n|move|p2a: Ceruledge|Poltergeist|p1a: Weezing\n|-activate|p1a: Weezing|move: Poltergeist|Leftovers\n|-damage|p1a: Weezing|69\/100\n|move|p1a: Weezing|Clear Smog|p2a: Ceruledge\n|-resisted|p2a: Ceruledge\n|-damage|p2a: Ceruledge|94\/100\n|-clearboost|p2a: Ceruledge\n|\n|-heal|p2a: Ceruledge|99\/100|[from] item: Leftovers\n|-heal|p1a: Weezing|75\/100|[from] item: Leftovers\n|upkeep\n|turn|2\n|\n|t:|1700579694\n|-end|p1a: Weezing|ability: Neutralizing Gas\n|switch|p1a: Ursaluna|Ursaluna, F|100\/100\n|move|p2a: Ceruledge|Poltergeist|p1a: Ursaluna\n|-immune|p1a: Ursaluna\n|\n|-heal|p2a: Ceruledge|100\/100|[from] item: Leftovers\n|-status|p1a: Ursaluna|brn|[from] item: Flame Orb\n|upkeep\n|turn|3\n|\n|t:|1700579700\n|switch|p2a: Sinistcha|Sinistcha-Masterpiece|100\/100\n|move|p1a: Ursaluna|Headlong Rush|p2a: Sinistcha\n|-resisted|p2a: Sinistcha\n|-damage|p2a: Sinistcha|62\/100\n|-unboost|p1a: Ursaluna|def|1\n|-unboost|p1a: Ursaluna|spd|1\n|-enditem|p2a: Sinistcha|Kee Berry|[eat]\n|-boost|p2a: Sinistcha|def|1|[from] item: Kee Berry\n|\n|-damage|p1a: Ursaluna|94\/100 brn|[from] brn\n|upkeep\n|turn|4\n|\n|t:|1700579712\n|switch|p1a: Ceruledge|Ceruledge, M|100\/100\n|move|p2a: Sinistcha|Calm Mind|p2a: Sinistcha\n|-boost|p2a: Sinistcha|spa|1\n|-boost|p2a: Sinistcha|spd|1\n|\n|upkeep\n|turn|5\n|\n|t:|1700579716\n|move|p1a: Ceruledge|Swords Dance|p1a: Ceruledge\n|-boost|p1a: Ceruledge|atk|2\n|move|p2a: Sinistcha|Strength Sap|p1a: Ceruledge\n|-unboost|p1a: Ceruledge|atk|1\n|-heal|p2a: Sinistcha|100\/100\n|\n|upkeep\n|turn|6\n|\n|t:|1700579720\n|move|p1a: Ceruledge|Poltergeist||[still]\n|-fail|p1a: Ceruledge\n|move|p2a: Sinistcha|Calm Mind|p2a: Sinistcha\n|-boost|p2a: Sinistcha|spa|1\n|-boost|p2a: Sinistcha|spd|1\n|\n|upkeep\n|turn|7\n|\n|t:|1700579725\n|switch|p1a: Weezing|Weezing-Galar, M, shiny|75\/100\n|-ability|p1a: Weezing|Neutralizing Gas\n|move|p2a: Sinistcha|Scald|p1a: Weezing\n|-damage|p1a: Weezing|10\/100\n|\n|-heal|p1a: Weezing|16\/100|[from] item: Leftovers\n|upkeep\n|turn|8\n|\n|t:|1700579735\n|move|p2a: Sinistcha|Scald|p1a: Weezing\n|-damage|p1a: Weezing|0 fnt\n|faint|p1a: Weezing\n|-end|p1a: Weezing|ability: Neutralizing Gas\n|\n|upkeep\n|\n|t:|1700579743\n|switch|p1a: Ursaluna|Ursaluna, F|94\/100 brn\n|turn|9\n|\n|t:|1700579749\n|-terastallize|p1a: Ursaluna|Normal\n|move|p2a: Sinistcha|Calm Mind|p2a: Sinistcha\n|-boost|p2a: Sinistcha|spa|1\n|-boost|p2a: Sinistcha|spd|1\n|move|p1a: Ursaluna|Facade|p2a: Sinistcha\n|-immune|p2a: Sinistcha\n|\n|-damage|p1a: Ursaluna|88\/100 brn|[from] brn\n|upkeep\n|turn|10\n|c|\u2606Z-pokemaster2000|...\n|\n|t:|1700579766\n|move|p2a: Sinistcha|Matcha Gotcha|p1a: Ursaluna\n|-damage|p1a: Ursaluna|7\/100 brn\n|move|p1a: Ursaluna|Swords Dance|p1a: Ursaluna\n|-boost|p1a: Ursaluna|atk|2\n|\n|-damage|p1a: Ursaluna|1\/100 brn|[from] brn\n|upkeep\n|turn|11\n|c|\u2606mauricio3173|WRONG BUTTON\n|c|\u2606mauricio3173|AND I LOST\n|\n|t:|1700579777\n|move|p2a: Sinistcha|Scald|p1a: Ursaluna\n|-damage|p1a: Ursaluna|0 fnt\n|faint|p1a: Ursaluna\n|\n|upkeep\n|\n|t:|1700579780\n|switch|p1a: Ceruledge|Ceruledge, M|100\/100\n|turn|12\n|c|\u2606Z-pokemaster2000|Your crunch wouldn't have killed anyway at +0\n|\n|t:|1700579796\n|move|p1a: Ceruledge|Swords Dance|p1a: Ceruledge\n|-boost|p1a: Ceruledge|atk|2\n|move|p2a: Sinistcha|Scald|p1a: Ceruledge\n|-supereffective|p1a: Ceruledge\n|-enditem|p1a: Ceruledge|Focus Sash\n|-damage|p1a: Ceruledge|1\/100\n|\n|upkeep\n|turn|13\n|c|\u2606mauricio3173|YEAH\n|c|\u2606mauricio3173|BUT LIFE LOSE\n|\n|t:|1700579810\n|move|p1a: Ceruledge|Bitter Blade|p2a: Sinistcha\n|-supereffective|p2a: Sinistcha\n|-damage|p2a: Sinistcha|51\/100\n|-heal|p1a: Ceruledge|30\/100|[from] drain|[of] p2a: Sinistcha\n|move|p2a: Sinistcha|Strength Sap|p1a: Ceruledge\n|-unboost|p1a: Ceruledge|atk|1\n|-heal|p2a: Sinistcha|100\/100\n|\n|upkeep\n|turn|14\n|\n|t:|1700579830\n|move|p1a: Ceruledge|Swords Dance|p1a: Ceruledge\n|-boost|p1a: Ceruledge|atk|2\n|move|p2a: Sinistcha|Calm Mind|p2a: Sinistcha\n|-boost|p2a: Sinistcha|spa|1\n|-boost|p2a: Sinistcha|spd|1\n|\n|upkeep\n|turn|15\n|\n|t:|1700579835\n|move|p1a: Ceruledge|Bitter Blade|p2a: Sinistcha\n|-supereffective|p2a: Sinistcha\n|-damage|p2a: Sinistcha|36\/100\n|-heal|p1a: Ceruledge|69\/100|[from] drain|[of] p2a: Sinistcha\n|move|p2a: Sinistcha|Strength Sap|p1a: Ceruledge\n|-unboost|p1a: Ceruledge|atk|1\n|-heal|p2a: Sinistcha|100\/100\n|\n|upkeep\n|turn|16\n|\n|t:|1700579840\n|move|p1a: Ceruledge|Bitter Blade|p2a: Sinistcha\n|-supereffective|p2a: Sinistcha\n|-damage|p2a: Sinistcha|57\/100\n|-heal|p1a: Ceruledge|95\/100|[from] drain|[of] p2a: Sinistcha\n|move|p2a: Sinistcha|Scald|p1a: Ceruledge\n|-supereffective|p1a: Ceruledge\n|-damage|p1a: Ceruledge|0 fnt\n|faint|p1a: Ceruledge\n|\n|upkeep\n|\n|t:|1700579843\n|switch|p1a: Dragapult|Dragapult, F|100\/100\n|turn|17\n|\n|t:|1700579847\n|-terastallize|p2a: Sinistcha|Steel\n|move|p1a: Dragapult|Shadow Ball|p2a: Sinistcha\n|-damage|p2a: Sinistcha|35\/100\n|move|p2a: Sinistcha|Strength Sap|p1a: Dragapult\n|-unboost|p1a: Dragapult|atk|1\n|-heal|p2a: Sinistcha|100\/100\n|\n|upkeep\n|turn|18\n|\n|t:|1700579854\n|move|p1a: Dragapult|Shadow Ball|p2a: Sinistcha\n|-damage|p2a: Sinistcha|79\/100\n|move|p2a: Sinistcha|Matcha Gotcha|p1a: Dragapult\n|-resisted|p1a: Dragapult\n|-damage|p1a: Dragapult|33\/100\n|-heal|p2a: Sinistcha|100\/100|[from] drain|[of] p1a: Dragapult\n|-status|p1a: Dragapult|brn\n|\n|-damage|p1a: Dragapult|27\/100 brn|[from] brn\n|upkeep\n|turn|19\n|\n|t:|1700579862\n|move|p1a: Dragapult|Shadow Ball|p2a: Sinistcha\n|-damage|p2a: Sinistcha|79\/100\n|move|p2a: Sinistcha|Calm Mind|p2a: Sinistcha\n|-boost|p2a: Sinistcha|spa|1\n|-boost|p2a: Sinistcha|spd|1\n|\n|-damage|p1a: Dragapult|21\/100 brn|[from] brn\n|upkeep\n|turn|20\n|\n|t:|1700579868\n|move|p1a: Dragapult|Shadow Ball|p2a: Sinistcha\n|-damage|p2a: Sinistcha|62\/100\n|move|p2a: Sinistcha|Calm Mind|p2a: Sinistcha\n|-boost|p2a: Sinistcha|spa|1\n|-boost|p2a: Sinistcha|spd|1\n|\n|-damage|p1a: Dragapult|15\/100 brn|[from] brn\n|upkeep\n|turn|21\n|\n|t:|1700579872\n|move|p1a: Dragapult|Shadow Ball|p2a: Sinistcha\n|-damage|p2a: Sinistcha|48\/100\n|move|p2a: Sinistcha|Strength Sap|p1a: Dragapult\n|-unboost|p1a: Dragapult|atk|1\n|-heal|p2a: Sinistcha|95\/100\n|\n|-damage|p1a: Dragapult|9\/100 brn|[from] brn\n|upkeep\n|turn|22\n|\n|t:|1700579884\n|move|p1a: Dragapult|Shadow Ball|p2a: Sinistcha\n|-damage|p2a: Sinistcha|81\/100\n|-unboost|p2a: Sinistcha|spd|1\n|move|p2a: Sinistcha|Strength Sap|p1a: Dragapult\n|-unboost|p1a: Dragapult|atk|1\n|-heal|p2a: Sinistcha|100\/100\n|\n|-damage|p1a: Dragapult|3\/100 brn|[from] brn\n|upkeep\n|turn|23\n|c|\u2606mauricio3173|YOU WIN FOR THIS WRONG\n|\n|t:|1700579892\n|move|p1a: Dragapult|Shadow Ball|p2a: Sinistcha\n|-damage|p2a: Sinistcha|85\/100\n|move|p2a: Sinistcha|Strength Sap|p1a: Dragapult\n|-unboost|p1a: Dragapult|atk|1\n|-heal|p2a: Sinistcha|100\/100\n|\n|-damage|p1a: Dragapult|0 fnt|[from] brn\n|faint|p1a: Dragapult\n|upkeep\n|\n|t:|1700579896\n|switch|p1a: Kingambit|Kingambit, M|100\/100\n|-activate|p1a: Kingambit|ability: Supreme Overlord\n|-start|p1a: Kingambit|fallen4|[silent]\n|turn|24\n|c|\u2606Z-pokemaster2000|I'd already won is the thing\n|inactive|Z-pokemaster2000 has 120 seconds left.\n|c|\u2606Z-pokemaster2000|You needed to go to pult instead Ceruledge at the start\n|\n|t:|1700579933\n|move|p2a: Sinistcha|Scald|p1a: Kingambit\n|-damage|p1a: Kingambit|9\/100\n|move|p1a: Kingambit|Swords Dance|p1a: Kingambit\n|-boost|p1a: Kingambit|atk|2\n|\n|upkeep\n|turn|25\n|inactive|Z-pokemaster2000 has 120 seconds left.\n|\n|t:|1700579940\n|move|p2a: Sinistcha|Strength Sap|p1a: Kingambit\n|-unboost|p1a: Kingambit|atk|1\n|move|p1a: Kingambit|Kowtow Cleave|p2a: Sinistcha\n|-damage|p2a: Sinistcha|39\/100\n|\n|upkeep\n|turn|26\n|\n|t:|1700579944\n|move|p2a: Sinistcha|Strength Sap|p1a: Kingambit\n|-unboost|p1a: Kingambit|atk|1\n|-heal|p2a: Sinistcha|100\/100\n|move|p1a: Kingambit|Swords Dance|p1a: Kingambit\n|-boost|p1a: Kingambit|atk|2\n|\n|upkeep\n|turn|27\n|\n|t:|1700579952\n|move|p1a: Kingambit|Sucker Punch|p2a: Sinistcha\n|-damage|p2a: Sinistcha|35\/100\n|move|p2a: Sinistcha|Scald|p1a: Kingambit\n|-crit|p1a: Kingambit\n|-damage|p1a: Kingambit|0 fnt\n|faint|p1a: Kingambit\n|-end|p1a: Kingambit|fallen4|[silent]\n|\n|upkeep\n|\n|t:|1700579955\n|switch|p1a: Rillaboom|Rillaboom, M|100\/100\n|-fieldstart|move: Grassy Terrain|[from] ability: Grassy Surge|[of] p1a: Rillaboom\n|turn|28\n|\n|t:|1700579960\n|move|p1a: Rillaboom|Wood Hammer|p2a: Sinistcha\n|-resisted|p2a: Sinistcha\n|-damage|p2a: Sinistcha|5\/100\n|-damage|p1a: Rillaboom|91\/100|[from] Recoil\n|move|p2a: Sinistcha|Strength Sap|p1a: Rillaboom\n|-unboost|p1a: Rillaboom|atk|1\n|-heal|p2a: Sinistcha|100\/100\n|\n|-heal|p1a: Rillaboom|97\/100|[from] Grassy Terrain\n|upkeep\n|turn|29\n|-message|mauricio3173 forfeited.\n|\n|win|Z-pokemaster2000\n|raw|mauricio3173's rating: 1680 &rarr; <strong>1659<\/strong><br \/>(-21 for losing)\n|raw|Z-pokemaster2000's rating: 1662 &rarr; <strong>1683<\/strong><br \/>(+21 for winning)\n|l|\u2606mauricio3173\n|j| DancingWithGays\n","uploadtime":1700579983,"views":19,"p1id":"mauricio3173","p2id":"zpokemaster2000","formatid":"gen9ou","rating":1659,"private":0,"password":""}