{"id":"gen9ou-1994361833","p1":"noob1877","p2":"RendingScizor","format":"[Gen 9] OU","log":"|j|\u2606noob1877\n|j|\u2606RendingScizor\n|t:|1700435226\n|gametype|singles\n|player|p1|noob1877|2|1321\n|player|p2|RendingScizor|kieran-festival|1414\n|teamsize|p1|6\n|teamsize|p2|6\n|gen|9\n|tier|[Gen 9] OU\n|rated|\n|rule|Sleep Clause Mod: Limit one foe put to sleep\n|rule|Species Clause: Limit one of each Pok\u00e9mon\n|rule|OHKO Clause: OHKO moves are banned\n|rule|Evasion Items Clause: Evasion items are banned\n|rule|Evasion Moves Clause: Evasion moves are banned\n|rule|Endless Battle Clause: Forcing endless battles is banned\n|rule|HP Percentage Mod: HP is shown in percentages\n|clearpoke\n|poke|p1|Munkidori, M|\n|poke|p1|Alomomola, F|\n|poke|p1|Blissey, F|\n|poke|p1|Iron Valiant|\n|poke|p1|Great Tusk|\n|poke|p1|Heatran, M|\n|poke|p2|Ogerpon-Wellspring, F|\n|poke|p2|Kingambit, F|\n|poke|p2|Gholdengo|\n|poke|p2|Iron Moth|\n|poke|p2|Glimmora, M|\n|poke|p2|Samurott-Hisui, M|\n|teampreview\n|\n|t:|1700435231\n|start\n|switch|p1a: Great Tusk|Great Tusk|100\/100\n|switch|p2a: CoryxKenshin|Samurott-Hisui, M|100\/100\n|turn|1\n|\n|t:|1700435250\n|move|p1a: Great Tusk|Close Combat|p2a: CoryxKenshin\n|-supereffective|p2a: CoryxKenshin\n|-enditem|p2a: CoryxKenshin|Focus Sash\n|-damage|p2a: CoryxKenshin|1\/100\n|-unboost|p1a: Great Tusk|def|1\n|-unboost|p1a: Great Tusk|spd|1\n|move|p2a: CoryxKenshin|Aqua Cutter|p1a: Great Tusk\n|-supereffective|p1a: Great Tusk\n|-damage|p1a: Great Tusk|0 fnt\n|faint|p1a: Great Tusk\n|-end|p1a: Great Tusk|Protosynthesis|[silent]\n|\n|upkeep\n|inactive|Battle timer is ON: inactive players will automatically lose when time's up. (requested by RendingScizor)\n|\n|t:|1700435268\n|switch|p1a: Munkidori|Munkidori, M|100\/100\n|turn|2\n|\n|t:|1700435273\n|move|p1a: Munkidori|Fake Out|p2a: CoryxKenshin\n|-damage|p2a: CoryxKenshin|0 fnt\n|faint|p2a: CoryxKenshin\n|-damage|p1a: Munkidori|91\/100|[from] item: Life Orb\n|\n|upkeep\n|\n|t:|1700435291\n|switch|p2a: Goldilocx|Gholdengo|100\/100\n|-item|p2a: Goldilocx|Air Balloon\n|turn|3\n|\n|t:|1700435299\n|move|p1a: Munkidori|U-turn|p2a: Goldilocx\n|-resisted|p2a: Goldilocx\n|-damage|p2a: Goldilocx|97\/100\n|-enditem|p2a: Goldilocx|Air Balloon\n|-damage|p1a: Munkidori|81\/100|[from] item: Life Orb\n|\n|t:|1700435301\n|switch|p1a: Heatran|Heatran, M|100\/100|[from] U-turn\n|move|p2a: Goldilocx|Shadow Ball|p1a: Heatran\n|-damage|p1a: Heatran|66\/100\n|\n|-heal|p1a: Heatran|72\/100|[from] item: Leftovers\n|upkeep\n|turn|4\n|\n|t:|1700435314\n|switch|p2a: Gr1mm|Glimmora, M|100\/100\n|move|p1a: Heatran|Magma Storm|p2a: Gr1mm\n|-resisted|p2a: Gr1mm\n|-damage|p2a: Gr1mm|59\/100\n|-activate|p2a: Gr1mm|move: Magma Storm|[of] p1a: Heatran\n|\n|-heal|p1a: Heatran|78\/100|[from] item: Leftovers\n|-damage|p2a: Gr1mm|47\/100|[from] move: Magma Storm|[partiallytrapped]\n|upkeep\n|turn|5\n|\n|t:|1700435325\n|-terastallize|p1a: Heatran|Grass\n|move|p2a: Gr1mm|Earth Power|p1a: Heatran\n|-resisted|p1a: Heatran\n|-damage|p1a: Heatran|65\/100\n|move|p1a: Heatran|Earth Power|p2a: Gr1mm\n|-supereffective|p2a: Gr1mm\n|-damage|p2a: Gr1mm|0 fnt\n|faint|p2a: Gr1mm\n|\n|-heal|p1a: Heatran|71\/100|[from] item: Leftovers\n|upkeep\n|\n|t:|1700435336\n|switch|p2a: Mothra|Iron Moth|100\/100\n|-enditem|p2a: Mothra|Booster Energy\n|-activate|p2a: Mothra|ability: Quark Drive|[fromitem]\n|-start|p2a: Mothra|quarkdrivespe\n|turn|6\n|\n|t:|1700435339\n|move|p2a: Mothra|Sludge Wave|p1a: Heatran\n|-supereffective|p1a: Heatran\n|-crit|p1a: Heatran\n|-damage|p1a: Heatran|0 fnt\n|faint|p1a: Heatran\n|\n|upkeep\n|\n|t:|1700435344\n|switch|p1a: Iron Valiant|Iron Valiant|100\/100\n|-enditem|p1a: Iron Valiant|Booster Energy\n|-activate|p1a: Iron Valiant|ability: Quark Drive|[fromitem]\n|-start|p1a: Iron Valiant|quarkdrivespe\n|turn|7\n|\n|t:|1700435353\n|move|p1a: Iron Valiant|Psychic|p2a: Mothra\n|-supereffective|p2a: Mothra\n|-damage|p2a: Mothra|33\/100\n|move|p2a: Mothra|Sludge Wave|p1a: Iron Valiant\n|-supereffective|p1a: Iron Valiant\n|-damage|p1a: Iron Valiant|0 fnt\n|faint|p1a: Iron Valiant\n|-end|p1a: Iron Valiant|Quark Drive|[silent]\n|\n|upkeep\n|\n|t:|1700435362\n|switch|p1a: Munkidori|Munkidori, M|81\/100\n|turn|8\n|\n|t:|1700435372\n|-end|p2a: Mothra|Quark Drive|[silent]\n|switch|p2a: Goldilocx|Gholdengo|97\/100\n|move|p1a: Munkidori|Psychic|p2a: Goldilocx\n|-resisted|p2a: Goldilocx\n|-damage|p2a: Goldilocx|60\/100\n|-damage|p1a: Munkidori|71\/100|[from] item: Life Orb\n|\n|upkeep\n|turn|9\n|-message|noob1877 forfeited.\n|\n|win|RendingScizor\n|raw|noob1877's rating: 1321 &rarr; <strong>1306<\/strong><br \/>(-15 for losing)\n|raw|RendingScizor's rating: 1414 &rarr; <strong>1429<\/strong><br \/>(+15 for winning)\n|l|\u2606noob1877\n|j| Mattattac\n","uploadtime":1700437367,"views":15,"p1id":"noob1877","p2id":"rendingscizor","formatid":"gen9ou","rating":1306,"private":0,"password":""}