{"id":"gen9ou-1991476232","p1":"Pixelated_minds","p2":"OblivionSmurf","format":"[Gen 9] OU","log":"|j|\u2606Pixelated_minds\n|j|\u2606OblivionSmurf\n|t:|1700080444\n|gametype|singles\n|player|p1|Pixelated_minds|cynthia-gen4|1195\n|player|p2|OblivionSmurf|colress|1108\n|teamsize|p1|6\n|teamsize|p2|6\n|gen|9\n|tier|[Gen 9] OU\n|rated|\n|rule|Sleep Clause Mod: Limit one foe put to sleep\n|rule|Species Clause: Limit one of each Pok\u00e9mon\n|rule|OHKO Clause: OHKO moves are banned\n|rule|Evasion Items Clause: Evasion items are banned\n|rule|Evasion Moves Clause: Evasion moves are banned\n|rule|Endless Battle Clause: Forcing endless battles is banned\n|rule|HP Percentage Mod: HP is shown in percentages\n|clearpoke\n|poke|p1|Corviknight, M|\n|poke|p1|Dragonite, M|\n|poke|p1|Glimmora, M|\n|poke|p1|Rotom-Wash|\n|poke|p1|Iron Moth|\n|poke|p1|Gholdengo|\n|poke|p2|Sylveon, M|\n|poke|p2|Gholdengo|\n|poke|p2|Milotic, M|\n|poke|p2|Meowscarada, M|\n|poke|p2|Dragonite, M|\n|poke|p2|Heatran, M|\n|teampreview\n|inactive|Battle timer is ON: inactive players will automatically lose when time's up. (requested by Pixelated_minds)\n|\n|t:|1700080458\n|start\n|switch|p1a: Maxwell|Glimmora, M|100\/100\n|switch|p2a: Heatran|Heatran, M|100\/100\n|turn|1\n|\n|t:|1700080466\n|move|p1a: Maxwell|Stealth Rock|p2a: Heatran\n|-sidestart|p2: OblivionSmurf|move: Stealth Rock\n|move|p2a: Heatran|Earth Power|p1a: Maxwell\n|-supereffective|p1a: Maxwell\n|-damage|p1a: Maxwell|0 fnt\n|faint|p1a: Maxwell\n|\n|upkeep\n|\n|t:|1700080479\n|switch|p1a: NUH UH|Rotom-Wash|100\/100\n|turn|2\n|\n|t:|1700080488\n|switch|p2a: Milotic|Milotic, M, shiny|100\/100\n|-damage|p2a: Milotic|88\/100|[from] Stealth Rock\n|move|p1a: NUH UH|Thunder Wave|p2a: Milotic\n|-status|p2a: Milotic|par\n|\n|upkeep\n|turn|3\n|\n|t:|1700080502\n|move|p1a: NUH UH|Discharge|p2a: Milotic\n|-supereffective|p2a: Milotic\n|-damage|p2a: Milotic|32\/100 par\n|cant|p2a: Milotic|par\n|\n|upkeep\n|turn|4\n|\n|t:|1700080527\n|move|p1a: NUH UH|Discharge|p2a: Milotic\n|-supereffective|p2a: Milotic\n|-damage|p2a: Milotic|0 fnt\n|faint|p2a: Milotic\n|\n|upkeep\n|\n|t:|1700080536\n|switch|p2a: Meowscarada|Meowscarada, M|100\/100\n|-damage|p2a: Meowscarada|88\/100|[from] Stealth Rock\n|turn|5\n|\n|t:|1700080546\n|switch|p1a: LAMP|Iron Moth|100\/100\n|-enditem|p1a: LAMP|Booster Energy\n|-activate|p1a: LAMP|ability: Quark Drive|[fromitem]\n|-start|p1a: LAMP|quarkdrivespe\n|move|p2a: Meowscarada|Knock Off|p1a: LAMP\n|-start|p2a: Meowscarada|typechange|Dark|[from] ability: Protean\n|-damage|p1a: LAMP|47\/100\n|-damage|p2a: Meowscarada|78\/100|[from] item: Life Orb\n|\n|upkeep\n|turn|6\n|\n|t:|1700080560\n|move|p2a: Meowscarada|Sucker Punch|p1a: LAMP\n|-damage|p1a: LAMP|0 fnt\n|faint|p1a: LAMP\n|-end|p1a: LAMP|Quark Drive|[silent]\n|-damage|p2a: Meowscarada|69\/100|[from] item: Life Orb\n|\n|upkeep\n|\n|t:|1700080570\n|switch|p1a: Goldilocks|Gholdengo|100\/100\n|-item|p1a: Goldilocks|Air Balloon\n|turn|7\n|\n|t:|1700080583\n|-terastallize|p1a: Goldilocks|Fairy\n|move|p2a: Meowscarada|Knock Off|p1a: Goldilocks\n|-resisted|p1a: Goldilocks\n|-damage|p1a: Goldilocks|72\/100\n|-enditem|p1a: Goldilocks|Air Balloon\n|-damage|p2a: Meowscarada|59\/100|[from] item: Life Orb\n|move|p1a: Goldilocks|Nasty Plot|p1a: Goldilocks\n|-boost|p1a: Goldilocks|spa|2\n|\n|upkeep\n|turn|8\n|inactive|OblivionSmurf has 120 seconds left.\n|\n|t:|1700080627\n|move|p2a: Meowscarada|Flower Trick|p1a: Goldilocks\n|-crit|p1a: Goldilocks\n|-damage|p1a: Goldilocks|31\/100\n|-damage|p2a: Meowscarada|49\/100|[from] item: Life Orb\n|move|p1a: Goldilocks|Dazzling Gleam|p2a: Meowscarada\n|-supereffective|p2a: Meowscarada\n|-damage|p2a: Meowscarada|0 fnt\n|faint|p2a: Meowscarada\n|\n|upkeep\n|\n|t:|1700080647\n|switch|p2a: Gholdengo|Gholdengo|100\/100\n|-damage|p2a: Gholdengo|94\/100|[from] Stealth Rock\n|turn|9\n|\n|t:|1700080651\n|move|p2a: Gholdengo|Make It Rain|p1a: Goldilocks\n|-supereffective|p1a: Goldilocks\n|-damage|p1a: Goldilocks|0 fnt\n|-unboost|p2a: Gholdengo|spa|1\n|faint|p1a: Goldilocks\n|\n|upkeep\n|-message|Pixelated_minds forfeited.\n|\n|win|OblivionSmurf\n|raw|Pixelated_minds's rating: 1195 &rarr; <strong>1164<\/strong><br \/>(-31 for losing)\n|raw|OblivionSmurf's rating: 1108 &rarr; <strong>1139<\/strong><br \/>(+31 for winning)\n|l|\u2606Pixelated_minds\n","uploadtime":1700080661,"views":7,"p1id":"pixelatedminds","p2id":"oblivionsmurf","formatid":"gen9ou","rating":1139,"private":0,"password":""}