{"id":"gen9ou-2000513852","p1":"Prince Smurf","p2":"Tsar dragon","format":"[Gen 9] OU","log":"|j|\u2606Prince Smurf\n|j|\u2606Tsar dragon\n|t:|1701201171\n|gametype|singles\n|player|p1|Prince Smurf|hop-masters|\n|player|p2|Tsar dragon|265|\n|teamsize|p1|6\n|teamsize|p2|6\n|gen|9\n|tier|[Gen 9] OU\n|rule|Sleep Clause Mod: Limit one foe put to sleep\n|rule|Species Clause: Limit one of each Pok\u00e9mon\n|rule|OHKO Clause: OHKO moves are banned\n|rule|Evasion Items Clause: Evasion items are banned\n|rule|Evasion Moves Clause: Evasion moves are banned\n|rule|Endless Battle Clause: Forcing endless battles is banned\n|rule|HP Percentage Mod: HP is shown in percentages\n|clearpoke\n|poke|p1|Iron Moth|\n|poke|p1|Hawlucha, M|\n|poke|p1|Garganacl, M|\n|poke|p1|Gastrodon, M|\n|poke|p1|Decidueye, M|\n|poke|p1|Ninetales-Alola, F|\n|poke|p2|Gholdengo|\n|poke|p2|Azumarill, M|\n|poke|p2|Great Tusk|\n|poke|p2|Iron Valiant|\n|poke|p2|Kleavor, F|\n|poke|p2|Krookodile, M|\n|teampreview\n|j| Not Hell\n|j| Horrific17\n|\n|t:|1701201199\n|start\n|switch|p1a: Gastrodon|Gastrodon, M|100\/100\n|switch|p2a: Iron Valiant|Iron Valiant|100\/100\n|-enditem|p2a: Iron Valiant|Booster Energy\n|-activate|p2a: Iron Valiant|ability: Quark Drive|[fromitem]\n|-start|p2a: Iron Valiant|quarkdrivespe\n|turn|1\n|\n|t:|1701201208\n|move|p2a: Iron Valiant|Leaf Blade|p1a: Gastrodon\n|-supereffective|p1a: Gastrodon\n|-damage|p1a: Gastrodon|16\/100\n|move|p1a: Gastrodon|Stealth Rock|p2a: Iron Valiant\n|-sidestart|p2: Tsar dragon|move: Stealth Rock\n|\n|-heal|p1a: Gastrodon|22\/100|[from] item: Leftovers\n|upkeep\n|turn|2\n|\n|t:|1701201233\n|switch|p1a: Decidueye|Decidueye, M|100\/100\n|move|p2a: Iron Valiant|Knock Off|p1a: Decidueye\n|-supereffective|p1a: Decidueye\n|-damage|p1a: Decidueye|43\/100\n|-enditem|p1a: Decidueye|Leftovers|[from] move: Knock Off|[of] p2a: Iron Valiant\n|\n|upkeep\n|turn|3\n|\n|t:|1701201274\n|-terastallize|p2a: Iron Valiant|Dark\n|move|p2a: Iron Valiant|Knock Off|p1a: Decidueye\n|-supereffective|p1a: Decidueye\n|-damage|p1a: Decidueye|0 fnt\n|faint|p1a: Decidueye\n|\n|upkeep\n|\n|t:|1701201283\n|switch|p1a: Ninetales|Ninetales-Alola, F|100\/100\n|-weather|Snow|[from] ability: Snow Warning|[of] p1a: Ninetales\n|turn|4\n|\n|t:|1701201354\n|-end|p2a: Iron Valiant|Quark Drive|[silent]\n|switch|p2a: Kleavor|Kleavor, F|100\/100\n|-damage|p2a: Kleavor|76\/100|[from] Stealth Rock\n|move|p1a: Ninetales|Aurora Veil|p1a: Ninetales\n|-sidestart|p1: Prince Smurf|move: Aurora Veil\n|\n|-weather|Snow|[upkeep]\n|upkeep\n|turn|5\n|\n|t:|1701201396\n|switch|p1a: Gastrodon|Gastrodon, M|22\/100\n|move|p2a: Kleavor|Stone Axe|p1a: Gastrodon\n|-resisted|p1a: Gastrodon\n|-damage|p1a: Gastrodon|13\/100\n|-sidestart|p1: Prince Smurf|move: Stealth Rock\n|\n|-weather|Snow|[upkeep]\n|-heal|p1a: Gastrodon|19\/100|[from] item: Leftovers\n|upkeep\n|turn|6\n|\n|t:|1701201458\n|switch|p2a: Azumarill|Azumarill, M|100\/100\n|-damage|p2a: Azumarill|88\/100|[from] Stealth Rock\n|move|p1a: Gastrodon|Recover|p1a: Gastrodon\n|-heal|p1a: Gastrodon|69\/100\n|\n|-weather|Snow|[upkeep]\n|-heal|p1a: Gastrodon|75\/100|[from] item: Leftovers\n|upkeep\n|turn|7\n|\n|t:|1701201477\n|move|p2a: Azumarill|Belly Drum|p2a: Azumarill\n|-damage|p2a: Azumarill|38\/100\n|-setboost|p2a: Azumarill|atk|6|[from] move: Belly Drum\n|-enditem|p2a: Azumarill|Sitrus Berry|[eat]\n|-heal|p2a: Azumarill|63\/100|[from] item: Sitrus Berry\n|move|p1a: Gastrodon|Earth Power|p2a: Azumarill\n|-damage|p2a: Azumarill|36\/100\n|\n|-weather|Snow|[upkeep]\n|-heal|p1a: Gastrodon|81\/100|[from] item: Leftovers\n|upkeep\n|turn|8\n|\n|t:|1701201514\n|-terastallize|p1a: Gastrodon|Poison\n|move|p2a: Azumarill|Play Rough|p1a: Gastrodon\n|-resisted|p1a: Gastrodon\n|-damage|p1a: Gastrodon|42\/100\n|move|p1a: Gastrodon|Earth Power|p2a: Azumarill\n|-damage|p2a: Azumarill|5\/100\n|\n|-weather|none\n|-heal|p1a: Gastrodon|48\/100|[from] item: Leftovers\n|upkeep\n|turn|9\n|\n|t:|1701201539\n|move|p2a: Azumarill|Play Rough|p1a: Gastrodon\n|-resisted|p1a: Gastrodon\n|-damage|p1a: Gastrodon|6\/100\n|move|p1a: Gastrodon|Earth Power|p2a: Azumarill\n|-damage|p2a: Azumarill|0 fnt\n|faint|p2a: Azumarill\n|\n|-heal|p1a: Gastrodon|12\/100|[from] item: Leftovers\n|upkeep\n|\n|t:|1701201626\n|switch|p2a: Great Tusk|Great Tusk|100\/100\n|-damage|p2a: Great Tusk|98\/100|[from] Stealth Rock\n|-enditem|p2a: Great Tusk|Booster Energy\n|-activate|p2a: Great Tusk|ability: Protosynthesis|[fromitem]\n|-start|p2a: Great Tusk|protosynthesisspe\n|turn|10\n|\n|t:|1701201648\n|move|p2a: Great Tusk|Ice Spinner|p1a: Gastrodon\n|-damage|p1a: Gastrodon|4\/100\n|move|p1a: Gastrodon|Recover|p1a: Gastrodon\n|-heal|p1a: Gastrodon|54\/100\n|\n|-heal|p1a: Gastrodon|60\/100|[from] item: Leftovers\n|upkeep\n|turn|11\n|c|\u2606Tsar dragon|wel gg\n|inactive|Battle timer is ON: inactive players will automatically lose when time's up. (requested by Tsar dragon)\n|\n|t:|1701201667\n|move|p2a: Great Tusk|Headlong Rush|p1a: Gastrodon\n|-supereffective|p1a: Gastrodon\n|-damage|p1a: Gastrodon|20\/100\n|-unboost|p2a: Great Tusk|def|1\n|-unboost|p2a: Great Tusk|spd|1\n|move|p1a: Gastrodon|Surf|p2a: Great Tusk\n|-supereffective|p2a: Great Tusk\n|-damage|p2a: Great Tusk|0 fnt\n|faint|p2a: Great Tusk\n|-end|p2a: Great Tusk|Protosynthesis|[silent]\n|\n|-heal|p1a: Gastrodon|26\/100|[from] item: Leftovers\n|-sideend|p1: Prince Smurf|move: Aurora Veil\n|upkeep\n|\n|t:|1701201673\n|switch|p2a: Krookodile|Krookodile, M|100\/100\n|-damage|p2a: Krookodile|94\/100|[from] Stealth Rock\n|turn|12\n|\n|t:|1701201679\n|move|p2a: Krookodile|Earthquake|p1a: Gastrodon\n|-supereffective|p1a: Gastrodon\n|-damage|p1a: Gastrodon|0 fnt\n|faint|p1a: Gastrodon\n|-ability|p2a: Krookodile|Moxie|boost\n|-boost|p2a: Krookodile|atk|1\n|\n|upkeep\n|\n|t:|1701201683\n|switch|p1a: Hawlucha|Hawlucha, M|100\/100\n|-damage|p1a: Hawlucha|88\/100|[from] Stealth Rock\n|turn|13\n|\n|t:|1701201694\n|switch|p2a: Gholdengo|Gholdengo|100\/100\n|-damage|p2a: Gholdengo|94\/100|[from] Stealth Rock\n|-item|p2a: Gholdengo|Air Balloon\n|move|p1a: Hawlucha|Swords Dance|p1a: Hawlucha\n|-boost|p1a: Hawlucha|atk|2\n|\n|upkeep\n|turn|14\n|\n|t:|1701201707\n|move|p1a: Hawlucha|Fire Punch|p2a: Gholdengo\n|-supereffective|p2a: Gholdengo\n|-crit|p2a: Gholdengo\n|-damage|p2a: Gholdengo|0 fnt\n|-enditem|p2a: Gholdengo|Air Balloon\n|faint|p2a: Gholdengo\n|\n|upkeep\n|\n|t:|1701201715\n|switch|p2a: Kleavor|Kleavor, F|76\/100\n|-damage|p2a: Kleavor|51\/100|[from] Stealth Rock\n|turn|15\n|\n|t:|1701201727\n|move|p2a: Kleavor|Stone Axe|p1a: Hawlucha\n|-damage|p1a: Hawlucha|15\/100\n|move|p1a: Hawlucha|Close Combat|p2a: Kleavor\n|-damage|p2a: Kleavor|0 fnt\n|-unboost|p1a: Hawlucha|def|1\n|-unboost|p1a: Hawlucha|spd|1\n|-enditem|p1a: Hawlucha|White Herb\n|-clearnegativeboost|p1a: Hawlucha|[silent]\n|faint|p2a: Kleavor\n|\n|upkeep\n|inactive|Tsar dragon has 270 seconds left.\n|\n|t:|1701201760\n|switch|p2a: Krookodile|Krookodile, M|94\/100\n|-damage|p2a: Krookodile|88\/100|[from] Stealth Rock\n|turn|16\n|\n|t:|1701201765\n|move|p1a: Hawlucha|Close Combat|p2a: Krookodile\n|-supereffective|p2a: Krookodile\n|-damage|p2a: Krookodile|0 fnt\n|-unboost|p1a: Hawlucha|def|1\n|-unboost|p1a: Hawlucha|spd|1\n|faint|p2a: Krookodile\n|\n|upkeep\n|\n|t:|1701201768\n|switch|p2a: Iron Valiant|Iron Valiant, tera:Dark|100\/100\n|-damage|p2a: Iron Valiant|88\/100|[from] Stealth Rock\n|turn|17\n|l| Not Hell\n|\n|t:|1701201784\n|move|p1a: Hawlucha|Close Combat|p2a: Iron Valiant\n|-supereffective|p2a: Iron Valiant\n|-damage|p2a: Iron Valiant|0 fnt\n|-unboost|p1a: Hawlucha|def|1\n|-unboost|p1a: Hawlucha|spd|1\n|faint|p2a: Iron Valiant\n|-end|p2a: Iron Valiant|Quark Drive|[silent]\n|\n|win|Prince Smurf\n|l|\u2606Tsar dragon\n|c|\u2606Prince Smurf|gg\n","uploadtime":1701201793,"views":6,"p1id":"princesmurf","p2id":"tsardragon","formatid":"gen9ou","rating":0,"private":0,"password":""}