{"id":"gen9ou-1991956032","p1":"kadoku","p2":"Petergriffinonline","format":"[Gen 9] OU","log":"|j|\u2606kadoku\n|j|\u2606Petergriffinonline\n|t:|1700142305\n|gametype|singles\n|player|p1|kadoku|riley|1352\n|player|p2|Petergriffinonline|170|1349\n|teamsize|p1|6\n|teamsize|p2|6\n|gen|9\n|tier|[Gen 9] OU\n|rated|\n|rule|Sleep Clause Mod: Limit one foe put to sleep\n|rule|Species Clause: Limit one of each Pok\u00e9mon\n|rule|OHKO Clause: OHKO moves are banned\n|rule|Evasion Items Clause: Evasion items are banned\n|rule|Evasion Moves Clause: Evasion moves are banned\n|rule|Endless Battle Clause: Forcing endless battles is banned\n|rule|HP Percentage Mod: HP is shown in percentages\n|clearpoke\n|poke|p1|Rillaboom, F|\n|poke|p1|Walking Wake|\n|poke|p1|Iron Moth|\n|poke|p1|Garganacl, M|\n|poke|p1|Skeledirge, F|\n|poke|p1|Sneasler, M|\n|poke|p2|Rotom-Wash|\n|poke|p2|Amoonguss, F|\n|poke|p2|Dragapult, M|\n|poke|p2|Iron Moth|\n|poke|p2|Greninja-*, M|\n|poke|p2|Manaphy|\n|teampreview\n|\n|t:|1700142334\n|start\n|switch|p1a: Rillaboom|Rillaboom, F|100\/100\n|switch|p2a: Rotom|Rotom-Wash|100\/100\n|-fieldstart|move: Grassy Terrain|[from] ability: Grassy Surge|[of] p1a: Rillaboom\n|turn|1\n|\n|t:|1700142341\n|-terastallize|p2a: Rotom|Fairy\n|move|p2a: Rotom|Trick|p1a: Rillaboom\n|-activate|p2a: Rotom|move: Trick|[of] p1a: Rillaboom\n|-item|p1a: Rillaboom|Choice Scarf|[from] move: Trick\n|-item|p2a: Rotom|Life Orb|[from] move: Trick\n|move|p1a: Rillaboom|U-turn|p2a: Rotom\n|-resisted|p2a: Rotom\n|-damage|p2a: Rotom|81\/100\n|\n|t:|1700142358\n|switch|p1a: Sneasler|Sneasler, M|100\/100|[from] U-turn\n|-enditem|p1a: Sneasler|Grassy Seed\n|-boost|p1a: Sneasler|def|1|[from] item: Grassy Seed\n|\n|upkeep\n|turn|2\n|\n|t:|1700142364\n|switch|p2a: Amoonguss|Amoonguss, F|100\/100\n|move|p1a: Sneasler|Swords Dance|p1a: Sneasler\n|-boost|p1a: Sneasler|atk|2\n|\n|upkeep\n|turn|3\n|\n|t:|1700142376\n|move|p1a: Sneasler|Dire Claw|p2a: Amoonguss\n|-damage|p2a: Amoonguss|30\/100\n|-status|p2a: Amoonguss|par\n|move|p2a: Amoonguss|Spore|p1a: Sneasler\n|-status|p1a: Sneasler|slp|[from] move: Spore\n|\n|-heal|p2a: Amoonguss|36\/100 par|[from] Grassy Terrain\n|-heal|p2a: Amoonguss|43\/100 par|[from] item: Leftovers\n|upkeep\n|turn|4\n|\n|t:|1700142393\n|switch|p2a: Iron Moth|Iron Moth|100\/100\n|-enditem|p2a: Iron Moth|Booster Energy\n|-activate|p2a: Iron Moth|ability: Quark Drive|[fromitem]\n|-start|p2a: Iron Moth|quarkdrivespe\n|cant|p1a: Sneasler|slp\n|\n|upkeep\n|turn|5\n|\n|t:|1700142400\n|cant|p1a: Sneasler|slp\n|move|p2a: Iron Moth|Substitute|p2a: Iron Moth\n|-start|p2a: Iron Moth|Substitute\n|-damage|p2a: Iron Moth|76\/100\n|\n|-heal|p2a: Iron Moth|82\/100|[from] Grassy Terrain\n|-fieldend|move: Grassy Terrain\n|upkeep\n|turn|6\n|\n|t:|1700142407\n|-curestatus|p1a: Sneasler|slp|[msg]\n|move|p1a: Sneasler|Dire Claw|p2a: Iron Moth\n|-resisted|p2a: Iron Moth\n|-end|p2a: Iron Moth|Substitute\n|move|p2a: Iron Moth|Fiery Dance|p1a: Sneasler\n|-damage|p1a: Sneasler|46\/100\n|-boost|p2a: Iron Moth|spa|1\n|\n|upkeep\n|turn|7\n|\n|t:|1700142417\n|move|p1a: Sneasler|Night Slash|p2a: Iron Moth\n|-damage|p2a: Iron Moth|11\/100\n|move|p2a: Iron Moth|Fiery Dance|p1a: Sneasler\n|-damage|p1a: Sneasler|0 fnt\n|faint|p1a: Sneasler\n|\n|upkeep\n|\n|t:|1700142425\n|switch|p1a: Rillaboom|Rillaboom, F|100\/100\n|-fieldstart|move: Grassy Terrain|[from] ability: Grassy Surge|[of] p1a: Rillaboom\n|turn|8\n|\n|t:|1700142432\n|-end|p2a: Iron Moth|Quark Drive|[silent]\n|switch|p2a: Amoonguss|Amoonguss, F|76\/100 par\n|move|p1a: Rillaboom|Grassy Glide|p2a: Amoonguss\n|-resisted|p2a: Amoonguss\n|-damage|p2a: Amoonguss|67\/100 par\n|\n|-heal|p2a: Amoonguss|74\/100 par|[from] Grassy Terrain\n|-heal|p2a: Amoonguss|80\/100 par|[from] item: Leftovers\n|upkeep\n|turn|9\n|\n|t:|1700142459\n|switch|p1a: Garganacl|Garganacl, M|100\/100\n|move|p2a: Amoonguss|Sludge Bomb|p1a: Garganacl\n|-resisted|p1a: Garganacl\n|-damage|p1a: Garganacl|91\/100\n|\n|-heal|p1a: Garganacl|97\/100|[from] Grassy Terrain\n|-heal|p1a: Garganacl|100\/100|[from] item: Leftovers\n|-heal|p2a: Amoonguss|86\/100 par|[from] Grassy Terrain\n|-heal|p2a: Amoonguss|92\/100 par|[from] item: Leftovers\n|upkeep\n|turn|10\n|\n|t:|1700142471\n|move|p1a: Garganacl|Curse|p1a: Garganacl\n|-unboost|p1a: Garganacl|spe|1\n|-boost|p1a: Garganacl|atk|1\n|-boost|p1a: Garganacl|def|1\n|move|p2a: Amoonguss|Giga Drain|p1a: Garganacl\n|-supereffective|p1a: Garganacl\n|-damage|p1a: Garganacl|60\/100\n|-heal|p2a: Amoonguss|100\/100 par|[from] drain|[of] p1a: Garganacl\n|\n|-heal|p1a: Garganacl|66\/100|[from] Grassy Terrain\n|-heal|p1a: Garganacl|72\/100|[from] item: Leftovers\n|upkeep\n|turn|11\n|\n|t:|1700142481\n|move|p1a: Garganacl|Salt Cure|p2a: Amoonguss\n|-damage|p2a: Amoonguss|82\/100 par\n|-start|p2a: Amoonguss|Salt Cure\n|move|p2a: Amoonguss|Giga Drain|p1a: Garganacl\n|-supereffective|p1a: Garganacl\n|-damage|p1a: Garganacl|34\/100\n|-heal|p2a: Amoonguss|100\/100 par|[from] drain|[of] p1a: Garganacl\n|\n|-heal|p1a: Garganacl|40\/100|[from] Grassy Terrain\n|-heal|p1a: Garganacl|46\/100|[from] item: Leftovers\n|-damage|p2a: Amoonguss|88\/100 par|[from] Salt Cure\n|upkeep\n|turn|12\n|\n|t:|1700142493\n|move|p1a: Garganacl|Recover|p1a: Garganacl\n|-heal|p1a: Garganacl|96\/100\n|move|p2a: Amoonguss|Giga Drain|p1a: Garganacl\n|-supereffective|p1a: Garganacl\n|-damage|p1a: Garganacl|52\/100\n|-heal|p2a: Amoonguss|100\/100 par|[from] drain|[of] p1a: Garganacl\n|\n|-heal|p1a: Garganacl|59\/100|[from] Grassy Terrain\n|-heal|p1a: Garganacl|65\/100|[from] item: Leftovers\n|-damage|p2a: Amoonguss|88\/100 par|[from] Salt Cure\n|-fieldend|move: Grassy Terrain\n|upkeep\n|turn|13\n|\n|t:|1700142506\n|switch|p1a: Skeledirge|Skeledirge, F|100\/100\n|move|p2a: Amoonguss|Giga Drain|p1a: Skeledirge\n|-resisted|p1a: Skeledirge\n|-damage|p1a: Skeledirge|88\/100\n|-heal|p2a: Amoonguss|94\/100 par|[from] drain|[of] p1a: Skeledirge\n|\n|-heal|p2a: Amoonguss|99\/100 par|[from] item: Leftovers\n|-damage|p2a: Amoonguss|87\/100 par|[from] Salt Cure\n|upkeep\n|turn|14\n|\n|t:|1700142515\n|move|p1a: Skeledirge|Torch Song|p2a: Amoonguss\n|-supereffective|p2a: Amoonguss\n|-damage|p2a: Amoonguss|30\/100 par\n|-boost|p1a: Skeledirge|spa|1\n|move|p2a: Amoonguss|Spore|p1a: Skeledirge\n|-status|p1a: Skeledirge|slp|[from] move: Spore\n|\n|-heal|p2a: Amoonguss|36\/100 par|[from] item: Leftovers\n|-damage|p2a: Amoonguss|24\/100 par|[from] Salt Cure\n|upkeep\n|turn|15\n|\n|t:|1700142531\n|switch|p1a: Iron Moth|Iron Moth|100\/100\n|-enditem|p1a: Iron Moth|Booster Energy\n|-activate|p1a: Iron Moth|ability: Quark Drive|[fromitem]\n|-start|p1a: Iron Moth|quarkdrivespa\n|switch|p2a: Greninja|Greninja, M|100\/100\n|\n|upkeep\n|turn|16\n|\n|t:|1700142545\n|-terastallize|p1a: Iron Moth|Fairy\n|move|p2a: Greninja|Surf|p1a: Iron Moth\n|-damage|p1a: Iron Moth|43\/100\n|-damage|p2a: Greninja|91\/100|[from] item: Life Orb\n|move|p1a: Iron Moth|Energy Ball|p2a: Greninja\n|-supereffective|p2a: Greninja\n|-damage|p2a: Greninja|0 fnt\n|faint|p2a: Greninja\n|\n|upkeep\n|\n|t:|1700142558\n|switch|p2a: Dragapult|Dragapult, M|100\/100\n|turn|17\n|\n|t:|1700142564\n|-end|p1a: Iron Moth|Quark Drive|[silent]\n|switch|p1a: Garganacl|Garganacl, M|65\/100\n|move|p2a: Dragapult|Flamethrower|p1a: Garganacl\n|-resisted|p1a: Garganacl\n|-damage|p1a: Garganacl|54\/100\n|-damage|p2a: Dragapult|91\/100|[from] item: Life Orb\n|\n|-heal|p1a: Garganacl|60\/100|[from] item: Leftovers\n|upkeep\n|turn|18\n|\n|t:|1700142573\n|move|p2a: Dragapult|Surf|p1a: Garganacl\n|-supereffective|p1a: Garganacl\n|-damage|p1a: Garganacl|12\/100\n|-damage|p2a: Dragapult|81\/100|[from] item: Life Orb\n|move|p1a: Garganacl|Recover|p1a: Garganacl\n|-heal|p1a: Garganacl|62\/100\n|\n|-heal|p1a: Garganacl|68\/100|[from] item: Leftovers\n|upkeep\n|turn|19\n|\n|t:|1700142581\n|move|p2a: Dragapult|Surf|p1a: Garganacl\n|-supereffective|p1a: Garganacl\n|-damage|p1a: Garganacl|17\/100\n|-damage|p2a: Dragapult|71\/100|[from] item: Life Orb\n|move|p1a: Garganacl|Recover|p1a: Garganacl\n|-heal|p1a: Garganacl|67\/100\n|\n|-heal|p1a: Garganacl|73\/100|[from] item: Leftovers\n|upkeep\n|turn|20\n|\n|t:|1700142596\n|switch|p2a: Rotom|Rotom-Wash, tera:Fairy|81\/100\n|switch|p1a: Rillaboom|Rillaboom, F|100\/100\n|-fieldstart|move: Grassy Terrain|[from] ability: Grassy Surge|[of] p1a: Rillaboom\n|\n|upkeep\n|turn|21\n|\n|t:|1700142606\n|move|p1a: Rillaboom|U-turn|p2a: Rotom\n|-resisted|p2a: Rotom\n|-damage|p2a: Rotom|63\/100\n|\n|t:|1700142614\n|switch|p1a: Garganacl|Garganacl, M|73\/100|[from] U-turn\n|move|p2a: Rotom|Will-O-Wisp|p1a: Garganacl\n|-immune|p1a: Garganacl|[from] ability: Purifying Salt\n|\n|-heal|p1a: Garganacl|79\/100|[from] Grassy Terrain\n|-heal|p1a: Garganacl|85\/100|[from] item: Leftovers\n|upkeep\n|turn|22\n|\n|t:|1700142623\n|switch|p1a: Rillaboom|Rillaboom, F|100\/100\n|move|p2a: Rotom|Trick|p1a: Rillaboom\n|-activate|p2a: Rotom|move: Trick|[of] p1a: Rillaboom\n|-item|p1a: Rillaboom|Life Orb|[from] move: Trick\n|-item|p2a: Rotom|Choice Scarf|[from] move: Trick\n|\n|upkeep\n|turn|23\n|\n|t:|1700142633\n|move|p1a: Rillaboom|Grassy Glide|p2a: Rotom\n|-damage|p2a: Rotom|0 fnt\n|faint|p2a: Rotom\n|-damage|p1a: Rillaboom|91\/100|[from] item: Life Orb\n|\n|-heal|p1a: Rillaboom|97\/100|[from] Grassy Terrain\n|upkeep\n|\n|t:|1700142655\n|switch|p2a: Amoonguss|Amoonguss, F|57\/100 par\n|turn|24\n|\n|t:|1700142662\n|move|p1a: Rillaboom|U-turn|p2a: Amoonguss\n|-damage|p2a: Amoonguss|26\/100 par\n|-damage|p1a: Rillaboom|87\/100|[from] item: Life Orb\n|\n|t:|1700142669\n|switch|p1a: Skeledirge|Skeledirge, F|88\/100 slp|[from] U-turn\n|move|p2a: Amoonguss|Sludge Bomb|p1a: Skeledirge\n|-resisted|p1a: Skeledirge\n|-damage|p1a: Skeledirge|74\/100 slp\n|\n|-heal|p1a: Skeledirge|80\/100 slp|[from] Grassy Terrain\n|-heal|p2a: Amoonguss|32\/100 par|[from] Grassy Terrain\n|-heal|p2a: Amoonguss|39\/100 par|[from] item: Leftovers\n|-fieldend|move: Grassy Terrain\n|upkeep\n|turn|25\n|\n|t:|1700142679\n|switch|p1a: Iron Moth|Iron Moth, tera:Fairy|43\/100\n|switch|p2a: Manaphy|Manaphy|100\/100\n|\n|upkeep\n|turn|26\n|\n|t:|1700142686\n|move|p1a: Iron Moth|Energy Ball|p2a: Manaphy\n|-supereffective|p2a: Manaphy\n|-damage|p2a: Manaphy|49\/100\n|move|p2a: Manaphy|Scald|p1a: Iron Moth\n|-damage|p1a: Iron Moth|17\/100\n|\n|-heal|p2a: Manaphy|55\/100|[from] item: Leftovers\n|upkeep\n|turn|27\n|\n|t:|1700142695\n|move|p1a: Iron Moth|Dazzling Gleam|p2a: Manaphy\n|-crit|p2a: Manaphy\n|-damage|p2a: Manaphy|0 fnt\n|faint|p2a: Manaphy\n|\n|upkeep\n|\n|t:|1700142702\n|switch|p2a: Dragapult|Dragapult, M|71\/100\n|turn|28\n|\n|t:|1700142708\n|-end|p1a: Iron Moth|Quark Drive|[silent]\n|switch|p1a: Skeledirge|Skeledirge, F|80\/100 slp\n|move|p2a: Dragapult|Surf|p1a: Skeledirge\n|-supereffective|p1a: Skeledirge\n|-damage|p1a: Skeledirge|5\/100 slp\n|-damage|p2a: Dragapult|61\/100|[from] item: Life Orb\n|\n|upkeep\n|turn|29\n|\n|t:|1700142716\n|move|p2a: Dragapult|Surf|p1a: Skeledirge\n|-supereffective|p1a: Skeledirge\n|-damage|p1a: Skeledirge|0 fnt\n|faint|p1a: Skeledirge\n|-damage|p2a: Dragapult|52\/100|[from] item: Life Orb\n|\n|upkeep\n|\n|t:|1700142725\n|switch|p1a: Walking Wake|Walking Wake|100\/100\n|turn|30\n|\n|t:|1700142729\n|move|p1a: Walking Wake|Draco Meteor|p2a: Dragapult|[miss]\n|-miss|p1a: Walking Wake|p2a: Dragapult\n|move|p2a: Dragapult|Draco Meteor|p1a: Walking Wake\n|-supereffective|p1a: Walking Wake\n|-damage|p1a: Walking Wake|0 fnt\n|-unboost|p2a: Dragapult|spa|2\n|faint|p1a: Walking Wake\n|-end|p1a: Walking Wake|Protosynthesis|[silent]\n|-damage|p2a: Dragapult|42\/100|[from] item: Life Orb\n|\n|upkeep\n|\n|t:|1700142742\n|switch|p1a: Rillaboom|Rillaboom, F|87\/100\n|-fieldstart|move: Grassy Terrain|[from] ability: Grassy Surge|[of] p1a: Rillaboom\n|turn|31\n|\n|t:|1700142750\n|switch|p2a: Amoonguss|Amoonguss, F|72\/100 par\n|move|p1a: Rillaboom|Swords Dance|p1a: Rillaboom\n|-boost|p1a: Rillaboom|atk|2\n|\n|-heal|p1a: Rillaboom|93\/100|[from] Grassy Terrain\n|-heal|p2a: Amoonguss|78\/100 par|[from] Grassy Terrain\n|-heal|p2a: Amoonguss|84\/100 par|[from] item: Leftovers\n|upkeep\n|turn|32\n|\n|t:|1700142760\n|move|p1a: Rillaboom|Swords Dance|p1a: Rillaboom\n|-boost|p1a: Rillaboom|atk|2\n|move|p2a: Amoonguss|Sludge Bomb|p1a: Rillaboom\n|-supereffective|p1a: Rillaboom\n|-damage|p1a: Rillaboom|30\/100\n|\n|-heal|p1a: Rillaboom|36\/100|[from] Grassy Terrain\n|-heal|p2a: Amoonguss|91\/100 par|[from] Grassy Terrain\n|-heal|p2a: Amoonguss|97\/100 par|[from] item: Leftovers\n|upkeep\n|turn|33\n|\n|t:|1700142772\n|move|p1a: Rillaboom|U-turn|p2a: Amoonguss\n|-damage|p2a: Amoonguss|11\/100 par\n|-damage|p1a: Rillaboom|26\/100|[from] item: Life Orb\n|\n|t:|1700142776\n|switch|p1a: Garganacl|Garganacl, M|85\/100|[from] U-turn\n|move|p2a: Amoonguss|Sludge Bomb|p1a: Garganacl\n|-resisted|p1a: Garganacl\n|-damage|p1a: Garganacl|75\/100\n|\n|-heal|p1a: Garganacl|81\/100|[from] Grassy Terrain\n|-heal|p1a: Garganacl|87\/100|[from] item: Leftovers\n|-heal|p2a: Amoonguss|18\/100 par|[from] Grassy Terrain\n|-heal|p2a: Amoonguss|24\/100 par|[from] item: Leftovers\n|upkeep\n|turn|34\n|\n|t:|1700142788\n|switch|p2a: Dragapult|Dragapult, M|42\/100\n|move|p1a: Garganacl|Salt Cure|p2a: Dragapult\n|-damage|p2a: Dragapult|24\/100\n|-start|p2a: Dragapult|Salt Cure\n|\n|-heal|p2a: Dragapult|30\/100|[from] Grassy Terrain\n|-heal|p1a: Garganacl|93\/100|[from] Grassy Terrain\n|-heal|p1a: Garganacl|99\/100|[from] item: Leftovers\n|-damage|p2a: Dragapult|18\/100|[from] Salt Cure\n|upkeep\n|turn|35\n|\n|t:|1700142798\n|switch|p1a: Iron Moth|Iron Moth, tera:Fairy|17\/100\n|move|p2a: Dragapult|Surf|p1a: Iron Moth\n|-damage|p1a: Iron Moth|0 fnt\n|faint|p1a: Iron Moth\n|-end|p1a: Iron Moth|Quark Drive|[silent]\n|-damage|p2a: Dragapult|8\/100|[from] item: Life Orb\n|\n|-heal|p2a: Dragapult|14\/100|[from] Grassy Terrain\n|-damage|p2a: Dragapult|1\/100|[from] Salt Cure\n|-fieldend|move: Grassy Terrain\n|upkeep\n|\n|t:|1700142808\n|switch|p1a: Rillaboom|Rillaboom, F|26\/100\n|-fieldstart|move: Grassy Terrain|[from] ability: Grassy Surge|[of] p1a: Rillaboom\n|turn|36\n|\n|t:|1700142825\n|switch|p2a: Amoonguss|Amoonguss, F|57\/100 par\n|move|p1a: Rillaboom|U-turn|p2a: Amoonguss\n|-damage|p2a: Amoonguss|28\/100 par\n|-damage|p1a: Rillaboom|16\/100|[from] item: Life Orb\n|\n|t:|1700142831\n|switch|p1a: Garganacl|Garganacl, M|99\/100|[from] U-turn\n|\n|-heal|p1a: Garganacl|100\/100|[from] Grassy Terrain\n|-heal|p2a: Amoonguss|34\/100 par|[from] Grassy Terrain\n|-heal|p2a: Amoonguss|41\/100 par|[from] item: Leftovers\n|upkeep\n|turn|37\n|\n|t:|1700142839\n|move|p1a: Garganacl|Salt Cure|p2a: Amoonguss\n|-damage|p2a: Amoonguss|29\/100 par\n|-start|p2a: Amoonguss|Salt Cure\n|cant|p2a: Amoonguss|par\n|\n|-heal|p2a: Amoonguss|35\/100 par|[from] Grassy Terrain\n|-heal|p2a: Amoonguss|41\/100 par|[from] item: Leftovers\n|-damage|p2a: Amoonguss|29\/100 par|[from] Salt Cure\n|upkeep\n|turn|38\n|\n|t:|1700142848\n|move|p1a: Garganacl|Curse|p1a: Garganacl\n|-unboost|p1a: Garganacl|spe|1\n|-boost|p1a: Garganacl|atk|1\n|-boost|p1a: Garganacl|def|1\n|move|p2a: Amoonguss|Giga Drain|p1a: Garganacl\n|-supereffective|p1a: Garganacl\n|-damage|p1a: Garganacl|62\/100\n|-heal|p2a: Amoonguss|47\/100 par|[from] drain|[of] p1a: Garganacl\n|\n|-heal|p1a: Garganacl|68\/100|[from] Grassy Terrain\n|-heal|p1a: Garganacl|74\/100|[from] item: Leftovers\n|-heal|p2a: Amoonguss|53\/100 par|[from] Grassy Terrain\n|-heal|p2a: Amoonguss|59\/100 par|[from] item: Leftovers\n|-damage|p2a: Amoonguss|47\/100 par|[from] Salt Cure\n|upkeep\n|turn|39\n|\n|t:|1700142862\n|move|p1a: Garganacl|Salt Cure|p2a: Amoonguss\n|-damage|p2a: Amoonguss|30\/100 par\n|move|p2a: Amoonguss|Giga Drain|p1a: Garganacl\n|-supereffective|p1a: Garganacl\n|-damage|p1a: Garganacl|32\/100\n|-heal|p2a: Amoonguss|49\/100 par|[from] drain|[of] p1a: Garganacl\n|\n|-heal|p1a: Garganacl|38\/100|[from] Grassy Terrain\n|-heal|p1a: Garganacl|44\/100|[from] item: Leftovers\n|-heal|p2a: Amoonguss|56\/100 par|[from] Grassy Terrain\n|-heal|p2a: Amoonguss|62\/100 par|[from] item: Leftovers\n|-damage|p2a: Amoonguss|49\/100 par|[from] Salt Cure\n|upkeep\n|turn|40\n|\n|t:|1700142875\n|move|p1a: Garganacl|Recover|p1a: Garganacl\n|-heal|p1a: Garganacl|94\/100\n|move|p2a: Amoonguss|Giga Drain|p1a: Garganacl\n|-supereffective|p1a: Garganacl\n|-damage|p1a: Garganacl|52\/100\n|-heal|p2a: Amoonguss|69\/100 par|[from] drain|[of] p1a: Garganacl\n|\n|-heal|p1a: Garganacl|59\/100|[from] Grassy Terrain\n|-heal|p1a: Garganacl|65\/100|[from] item: Leftovers\n|-heal|p2a: Amoonguss|75\/100 par|[from] Grassy Terrain\n|-heal|p2a: Amoonguss|82\/100 par|[from] item: Leftovers\n|-damage|p2a: Amoonguss|69\/100 par|[from] Salt Cure\n|-fieldend|move: Grassy Terrain\n|upkeep\n|turn|41\n|\n|t:|1700142899\n|move|p1a: Garganacl|Curse|p1a: Garganacl\n|-unboost|p1a: Garganacl|spe|1\n|-boost|p1a: Garganacl|atk|1\n|-boost|p1a: Garganacl|def|1\n|move|p2a: Amoonguss|Giga Drain|p1a: Garganacl\n|-supereffective|p1a: Garganacl\n|-damage|p1a: Garganacl|29\/100\n|-heal|p2a: Amoonguss|86\/100 par|[from] drain|[of] p1a: Garganacl\n|\n|-heal|p1a: Garganacl|35\/100|[from] item: Leftovers\n|-heal|p2a: Amoonguss|92\/100 par|[from] item: Leftovers\n|-damage|p2a: Amoonguss|80\/100 par|[from] Salt Cure\n|upkeep\n|turn|42\n|\n|t:|1700142911\n|move|p1a: Garganacl|Recover|p1a: Garganacl\n|-heal|p1a: Garganacl|85\/100\n|move|p2a: Amoonguss|Giga Drain|p1a: Garganacl\n|-supereffective|p1a: Garganacl\n|-damage|p1a: Garganacl|51\/100\n|-heal|p2a: Amoonguss|96\/100 par|[from] drain|[of] p1a: Garganacl\n|\n|-heal|p1a: Garganacl|58\/100|[from] item: Leftovers\n|-heal|p2a: Amoonguss|100\/100 par|[from] item: Leftovers\n|-damage|p2a: Amoonguss|88\/100 par|[from] Salt Cure\n|upkeep\n|turn|43\n|\n|t:|1700142921\n|move|p1a: Garganacl|Salt Cure|p2a: Amoonguss\n|-damage|p2a: Amoonguss|63\/100 par\n|cant|p2a: Amoonguss|par\n|\n|-heal|p1a: Garganacl|64\/100|[from] item: Leftovers\n|-heal|p2a: Amoonguss|69\/100 par|[from] item: Leftovers\n|-damage|p2a: Amoonguss|56\/100 par|[from] Salt Cure\n|upkeep\n|turn|44\n|\n|t:|1700142937\n|move|p1a: Garganacl|Curse|p1a: Garganacl\n|-unboost|p1a: Garganacl|spe|1\n|-boost|p1a: Garganacl|atk|1\n|-boost|p1a: Garganacl|def|1\n|move|p2a: Amoonguss|Giga Drain|p1a: Garganacl\n|-supereffective|p1a: Garganacl\n|-damage|p1a: Garganacl|33\/100\n|-heal|p2a: Amoonguss|71\/100 par|[from] drain|[of] p1a: Garganacl\n|\n|-heal|p2a: Amoonguss|77\/100 par|[from] item: Leftovers\n|-heal|p1a: Garganacl|39\/100|[from] item: Leftovers\n|-damage|p2a: Amoonguss|64\/100 par|[from] Salt Cure\n|upkeep\n|turn|45\n|\n|t:|1700142951\n|move|p2a: Amoonguss|Worry Seed|p1a: Garganacl\n|-endability|p1a: Garganacl|Purifying Salt|[from] move: Worry Seed\n|-ability|p1a: Garganacl|Insomnia|[from] move: Worry Seed\n|move|p1a: Garganacl|Salt Cure|p2a: Amoonguss\n|-damage|p2a: Amoonguss|37\/100 par\n|\n|-heal|p2a: Amoonguss|44\/100 par|[from] item: Leftovers\n|-heal|p1a: Garganacl|46\/100|[from] item: Leftovers\n|-damage|p2a: Amoonguss|31\/100 par|[from] Salt Cure\n|upkeep\n|turn|46\n|\n|t:|1700142964\n|move|p2a: Amoonguss|Sludge Bomb|p1a: Garganacl\n|-resisted|p1a: Garganacl\n|-damage|p1a: Garganacl|37\/100\n|move|p1a: Garganacl|Recover|p1a: Garganacl\n|-heal|p1a: Garganacl|87\/100\n|\n|-heal|p2a: Amoonguss|37\/100 par|[from] item: Leftovers\n|-heal|p1a: Garganacl|93\/100|[from] item: Leftovers\n|-damage|p2a: Amoonguss|25\/100 par|[from] Salt Cure\n|upkeep\n|turn|47\n|\n|t:|1700142974\n|switch|p2a: Iron Moth|Iron Moth|11\/100\n|move|p1a: Garganacl|Salt Cure|p2a: Iron Moth\n|-supereffective|p2a: Iron Moth\n|-damage|p2a: Iron Moth|0 fnt\n|faint|p2a: Iron Moth\n|-end|p2a: Iron Moth|Quark Drive|[silent]\n|\n|-heal|p1a: Garganacl|99\/100|[from] item: Leftovers\n|upkeep\n|\n|t:|1700142978\n|switch|p2a: Amoonguss|Amoonguss, F|58\/100 par\n|turn|48\n|\n|t:|1700143020\n|move|p2a: Amoonguss|Giga Drain|p1a: Garganacl\n|-supereffective|p1a: Garganacl\n|-damage|p1a: Garganacl|66\/100\n|-heal|p2a: Amoonguss|74\/100 par|[from] drain|[of] p1a: Garganacl\n|move|p1a: Garganacl|Curse|p1a: Garganacl\n|-unboost|p1a: Garganacl|spe|1\n|-boost|p1a: Garganacl|atk|1\n|-boost|p1a: Garganacl|def|1\n|\n|-heal|p2a: Amoonguss|80\/100 par|[from] item: Leftovers\n|-heal|p1a: Garganacl|72\/100|[from] item: Leftovers\n|upkeep\n|turn|49\n|\n|t:|1700143033\n|move|p2a: Amoonguss|Giga Drain|p1a: Garganacl\n|-supereffective|p1a: Garganacl\n|-damage|p1a: Garganacl|37\/100\n|-heal|p2a: Amoonguss|97\/100 par|[from] drain|[of] p1a: Garganacl\n|move|p1a: Garganacl|Curse|p1a: Garganacl\n|-unboost|p1a: Garganacl|spe|1\n|-boost|p1a: Garganacl|atk|1\n|-boost|p1a: Garganacl|def|1\n|\n|-heal|p2a: Amoonguss|100\/100 par|[from] item: Leftovers\n|-heal|p1a: Garganacl|43\/100|[from] item: Leftovers\n|upkeep\n|turn|50\n|\n|t:|1700143054\n|move|p2a: Amoonguss|Giga Drain|p1a: Garganacl\n|-supereffective|p1a: Garganacl\n|-damage|p1a: Garganacl|11\/100\n|move|p1a: Garganacl|Recover|p1a: Garganacl\n|-heal|p1a: Garganacl|61\/100\n|\n|-heal|p1a: Garganacl|67\/100|[from] item: Leftovers\n|upkeep\n|turn|51\n|\n|t:|1700143062\n|cant|p2a: Amoonguss|par\n|move|p1a: Garganacl|Salt Cure|p2a: Amoonguss\n|-damage|p2a: Amoonguss|58\/100 par\n|-start|p2a: Amoonguss|Salt Cure\n|\n|-heal|p2a: Amoonguss|64\/100 par|[from] item: Leftovers\n|-heal|p1a: Garganacl|73\/100|[from] item: Leftovers\n|-damage|p2a: Amoonguss|52\/100 par|[from] Salt Cure\n|upkeep\n|turn|52\n|\n|t:|1700143072\n|move|p2a: Amoonguss|Sludge Bomb|p1a: Garganacl\n|-resisted|p1a: Garganacl\n|-damage|p1a: Garganacl|64\/100\n|move|p1a: Garganacl|Salt Cure|p2a: Amoonguss\n|-damage|p2a: Amoonguss|14\/100 par\n|\n|-heal|p2a: Amoonguss|20\/100 par|[from] item: Leftovers\n|-heal|p1a: Garganacl|70\/100|[from] item: Leftovers\n|-damage|p2a: Amoonguss|8\/100 par|[from] Salt Cure\n|upkeep\n|turn|53\n|\n|t:|1700143088\n|move|p2a: Amoonguss|Giga Drain|p1a: Garganacl\n|-supereffective|p1a: Garganacl\n|-damage|p1a: Garganacl|39\/100\n|-heal|p2a: Amoonguss|22\/100 par|[from] drain|[of] p1a: Garganacl\n|move|p1a: Garganacl|Recover|p1a: Garganacl\n|-heal|p1a: Garganacl|90\/100\n|\n|-heal|p2a: Amoonguss|28\/100 par|[from] item: Leftovers\n|-heal|p1a: Garganacl|96\/100|[from] item: Leftovers\n|-damage|p2a: Amoonguss|16\/100 par|[from] Salt Cure\n|upkeep\n|turn|54\n|\n|t:|1700143100\n|move|p2a: Amoonguss|Giga Drain|p1a: Garganacl\n|-supereffective|p1a: Garganacl\n|-damage|p1a: Garganacl|61\/100\n|-heal|p2a: Amoonguss|32\/100 par|[from] drain|[of] p1a: Garganacl\n|move|p1a: Garganacl|Salt Cure|p2a: Amoonguss\n|-damage|p2a: Amoonguss|0 fnt\n|faint|p2a: Amoonguss\n|\n|-heal|p1a: Garganacl|67\/100|[from] item: Leftovers\n|upkeep\n|\n|t:|1700143108\n|switch|p2a: Dragapult|Dragapult, M|1\/100\n|turn|55\n|\n|t:|1700143112\n|move|p2a: Dragapult|Surf|p1a: Garganacl\n|-supereffective|p1a: Garganacl\n|-damage|p1a: Garganacl|22\/100\n|-damage|p2a: Dragapult|0 fnt|[from] item: Life Orb\n|faint|p2a: Dragapult\n|\n|win|kadoku\n|raw|kadoku's rating: 1352 &rarr; <strong>1372<\/strong><br \/>(+20 for winning)\n|raw|Petergriffinonline's rating: 1349 &rarr; <strong>1329<\/strong><br \/>(-20 for losing)\n","uploadtime":1700143120,"views":12,"p1id":"kadoku","p2id":"petergriffinonline","formatid":"gen9ou","rating":1329,"private":0,"password":""}