{"id":"gen9ou-1997198025","p1":"sheimpfjfjff","p2":"Requin citron","format":"[Gen 9] OU","log":"|j|\u2606sheimpfjfjff\n|j|\u2606Requin citron\n|t:|1700774623\n|gametype|singles\n|player|p1|sheimpfjfjff|102|1000\n|player|p2|Requin citron|firebreather|1074\n|teamsize|p1|6\n|teamsize|p2|6\n|gen|9\n|tier|[Gen 9] OU\n|rated|\n|rule|Sleep Clause Mod: Limit one foe put to sleep\n|rule|Species Clause: Limit one of each Pok\u00e9mon\n|rule|OHKO Clause: OHKO moves are banned\n|rule|Evasion Items Clause: Evasion items are banned\n|rule|Evasion Moves Clause: Evasion moves are banned\n|rule|Endless Battle Clause: Forcing endless battles is banned\n|rule|HP Percentage Mod: HP is shown in percentages\n|clearpoke\n|poke|p1|Great Tusk|\n|poke|p1|Gholdengo|\n|poke|p1|Kingambit, F|\n|poke|p1|Slowking-Galar, M|\n|poke|p1|Dragapult, M|\n|poke|p1|Enamorus, F|\n|poke|p2|Komala, F|\n|poke|p2|Armarouge, M|\n|poke|p2|Mudsdale, M|\n|poke|p2|Spiritomb, M|\n|poke|p2|Decidueye-Hisui, F|\n|poke|p2|Ninetales-Alola, M|\n|teampreview\n|\n|t:|1700774626\n|start\n|switch|p1a: Kingambit|Kingambit, F|100\/100\n|switch|p2a: Komala|Komala, F|100\/100\n|-ability|p2a: Komala|Comatose\n|turn|1\n|\n|t:|1700774644\n|-end|p1a: Kingambit|fallenundefined|[silent]\n|switch|p1a: Great Tusk|Great Tusk|100\/100\n|move|p2a: Komala|Fling|p1a: Great Tusk\n|-resisted|p1a: Great Tusk\n|-damage|p1a: Great Tusk|99\/100\n|-status|p1a: Great Tusk|par\n|-enditem|p2a: Komala|Light Ball|[from] move: Fling\n|\n|-heal|p1a: Great Tusk|100\/100 par|[from] item: Leftovers\n|upkeep\n|turn|2\n|\n|t:|1700774660\n|switch|p2a: Armarouge|Armarouge, M|100\/100\n|move|p1a: Great Tusk|Stealth Rock|p2a: Armarouge\n|-sidestart|p2: Requin citron|move: Stealth Rock\n|\n|upkeep\n|turn|3\n|\n|t:|1700774682\n|-end|p1a: Great Tusk|Protosynthesis|[silent]\n|switch|p1a: Dragapult|Dragapult, M|100\/100\n|move|p2a: Armarouge|Psychic Terrain|p2a: Armarouge\n|-fieldstart|move: Psychic Terrain\n|\n|upkeep\n|turn|4\n|\n|t:|1700774692\n|-terastallize|p1a: Dragapult|Ghost\n|move|p1a: Dragapult|Tera Blast|p2a: Armarouge|[anim] Tera Blast Ghost\n|-supereffective|p2a: Armarouge\n|-enditem|p2a: Armarouge|Focus Sash\n|-damage|p2a: Armarouge|1\/100\n|-ability|p2a: Armarouge|Weak Armor|boost\n|-unboost|p2a: Armarouge|def|1\n|-boost|p2a: Armarouge|spe|2\n|move|p2a: Armarouge|Expanding Force|p1a: Dragapult\n|-damage|p1a: Dragapult|0 fnt\n|faint|p1a: Dragapult\n|\n|upkeep\n|\n|t:|1700774705\n|switch|p1a: Slowking|Slowking-Galar, M|100\/100\n|turn|5\n|\n|t:|1700774720\n|move|p2a: Armarouge|Destiny Bond|p2a: Armarouge\n|-singlemove|p2a: Armarouge|Destiny Bond\n|move|p1a: Slowking|Chilling Water|p2a: Armarouge\n|-supereffective|p2a: Armarouge\n|-damage|p2a: Armarouge|0 fnt\n|faint|p2a: Armarouge\n|-activate|p2a: Armarouge|move: Destiny Bond\n|faint|p1a: Slowking\n|\n|upkeep\n|n|\u2606sheimpfjfjff|sheimpfjfjff\n|c|\u2606sheimpfjfjff|Lame ass strat\n|c|\u2606sheimpfjfjff|U dont deserve to live\n|c|\u2606Requin citron|I say otherwise.\n|\n|t:|1700774774\n|switch|p2a: Spiritomb|Spiritomb, M|100\/100\n|switch|p1a: Gholdengo|Gholdengo|100\/100\n|-damage|p2a: Spiritomb|88\/100|[from] Stealth Rock\n|turn|6\n|\n|t:|1700774778\n|switch|p1a: Great Tusk|Great Tusk|100\/100 par\n|move|p2a: Spiritomb|Poltergeist|p1a: Great Tusk|[miss]\n|-miss|p2a: Spiritomb|p1a: Great Tusk\n|\n|upkeep\n|turn|7\n|\n|t:|1700774783\n|move|p1a: Great Tusk|Knock Off|p2a: Spiritomb\n|-damage|p2a: Spiritomb|61\/100\n|-enditem|p2a: Spiritomb|Lagging Tail|[from] move: Knock Off|[of] p1a: Great Tusk\n|move|p2a: Spiritomb|Trick|p1a: Great Tusk\n|-activate|p2a: Spiritomb|move: Trick|[of] p1a: Great Tusk\n|-enditem|p1a: Great Tusk|Leftovers|[silent]|[from] move: Trick\n|-item|p2a: Spiritomb|Leftovers|[from] move: Trick\n|\n|-heal|p2a: Spiritomb|67\/100|[from] item: Leftovers\n|-fieldend|move: Psychic Terrain\n|upkeep\n|turn|8\n|c|\u2606sheimpfjfjff|L\n|\n|t:|1700774798\n|move|p1a: Great Tusk|Knock Off|p2a: Spiritomb\n|-damage|p2a: Spiritomb|39\/100\n|-enditem|p2a: Spiritomb|Leftovers|[from] move: Knock Off|[of] p1a: Great Tusk\n|move|p2a: Spiritomb|Foul Play|p1a: Great Tusk\n|-resisted|p1a: Great Tusk\n|-damage|p1a: Great Tusk|91\/100 par\n|\n|upkeep\n|turn|9\n|\n|t:|1700774802\n|move|p2a: Spiritomb|Foul Play|p1a: Great Tusk\n|-resisted|p1a: Great Tusk\n|-damage|p1a: Great Tusk|82\/100 par\n|cant|p1a: Great Tusk|par\n|\n|upkeep\n|turn|10\n|\n|t:|1700774805\n|move|p2a: Spiritomb|Foul Play|p1a: Great Tusk\n|-resisted|p1a: Great Tusk\n|-damage|p1a: Great Tusk|71\/100 par\n|cant|p1a: Great Tusk|par\n|\n|upkeep\n|turn|11\n|\n|t:|1700774810\n|move|p1a: Great Tusk|Knock Off|p2a: Spiritomb\n|-damage|p2a: Spiritomb|24\/100\n|move|p2a: Spiritomb|Foul Play|p1a: Great Tusk\n|-resisted|p1a: Great Tusk\n|-damage|p1a: Great Tusk|62\/100 par\n|\n|upkeep\n|turn|12\n|\n|t:|1700774813\n|move|p1a: Great Tusk|Knock Off|p2a: Spiritomb\n|-damage|p2a: Spiritomb|7\/100\n|move|p2a: Spiritomb|Foul Play|p1a: Great Tusk\n|-resisted|p1a: Great Tusk\n|-damage|p1a: Great Tusk|52\/100 par\n|\n|upkeep\n|turn|13\n|\n|t:|1700774814\n|move|p2a: Spiritomb|Foul Play|p1a: Great Tusk\n|-resisted|p1a: Great Tusk\n|-damage|p1a: Great Tusk|43\/100 par\n|move|p1a: Great Tusk|Knock Off|p2a: Spiritomb\n|-damage|p2a: Spiritomb|0 fnt\n|faint|p2a: Spiritomb\n|\n|upkeep\n|\n|t:|1700774817\n|switch|p2a: Komala|Komala, F|100\/100\n|-damage|p2a: Komala|88\/100|[from] Stealth Rock\n|-ability|p2a: Komala|Comatose\n|turn|14\n|\n|t:|1700774821\n|move|p2a: Komala|Rapid Spin|p1a: Great Tusk\n|-damage|p1a: Great Tusk|33\/100 par\n|-boost|p2a: Komala|spe|1\n|-sideend|p2: Requin citron|Stealth Rock|[from] move: Rapid Spin|[of] p2a: Komala\n|move|p1a: Great Tusk|Body Press|p2a: Komala\n|-supereffective|p2a: Komala\n|-damage|p2a: Komala|0 fnt\n|faint|p2a: Komala\n|\n|upkeep\n|\n|t:|1700774824\n|switch|p2a: Ninetales|Ninetales-Alola, M|100\/100\n|-weather|Snow|[from] ability: Snow Warning|[of] p2a: Ninetales\n|turn|15\n|\n|t:|1700774826\n|move|p2a: Ninetales|Moonblast|p1a: Great Tusk\n|-supereffective|p1a: Great Tusk\n|-damage|p1a: Great Tusk|0 fnt\n|faint|p1a: Great Tusk\n|-end|p1a: Great Tusk|Protosynthesis|[silent]\n|\n|-weather|Snow|[upkeep]\n|upkeep\n|\n|t:|1700774831\n|switch|p1a: Gholdengo|Gholdengo|100\/100\n|turn|16\n|\n|t:|1700774834\n|-terastallize|p2a: Ninetales|Fire\n|move|p2a: Ninetales|Tera Blast|p1a: Gholdengo|[anim] Tera Blast Fire\n|-supereffective|p1a: Gholdengo\n|-damage|p1a: Gholdengo|48\/100\n|move|p1a: Gholdengo|Nasty Plot|p1a: Gholdengo\n|-boost|p1a: Gholdengo|spa|2\n|\n|-weather|Snow|[upkeep]\n|-heal|p1a: Gholdengo|54\/100|[from] item: Leftovers\n|upkeep\n|turn|17\n|\n|t:|1700774838\n|move|p2a: Ninetales|Tera Blast|p1a: Gholdengo|[anim] Tera Blast Fire\n|-supereffective|p1a: Gholdengo\n|-damage|p1a: Gholdengo|0 fnt\n|faint|p1a: Gholdengo\n|\n|-weather|Snow|[upkeep]\n|upkeep\n|\n|t:|1700774843\n|switch|p1a: Kingambit|Kingambit, F|100\/100\n|-activate|p1a: Kingambit|ability: Supreme Overlord\n|-start|p1a: Kingambit|fallen4|[silent]\n|turn|18\n|\n|t:|1700774847\n|move|p2a: Ninetales|Tera Blast|p1a: Kingambit|[anim] Tera Blast Fire\n|-supereffective|p1a: Kingambit\n|-crit|p1a: Kingambit\n|-damage|p1a: Kingambit|0 fnt\n|faint|p1a: Kingambit\n|-end|p1a: Kingambit|fallen4|[silent]\n|\n|-weather|Snow|[upkeep]\n|upkeep\n|c|\u2606sheimpfjfjff|Lol\n|c|\u2606Requin citron|Lucky.\n|c|\u2606sheimpfjfjff|This is why I dont play shitty pokemon games\n|c|\u2606Requin citron|Which is of course what you are not doing right now.\n|c|\u2606sheimpfjfjff|Give the persin with the advantage the crit\n|c|\u2606sheimpfjfjff|So its complete annihilation\n|c|\u2606Requin citron|Hey, we all have one of those match.\n|c|\u2606sheimpfjfjff|Showdown is not me buying scarlet or violet\n|c|\u2606sheimpfjfjff|So Im just playing simulator\n|c|\u2606Requin citron|You're choice.\n|\n|t:|1700774935\n|switch|p1a: Enamorus|Enamorus, F|100\/100\n|turn|19\n|\n|t:|1700774938\n|move|p1a: Enamorus|Moonblast|p2a: Ninetales\n|-resisted|p2a: Ninetales\n|-crit|p2a: Ninetales\n|-damage|p2a: Ninetales|51\/100\n|-damage|p1a: Enamorus|91\/100|[from] item: Life Orb\n|move|p2a: Ninetales|Moonblast|p1a: Enamorus\n|-damage|p1a: Enamorus|40\/100\n|-unboost|p1a: Enamorus|spa|1\n|\n|-weather|none\n|upkeep\n|turn|20\n|\n|t:|1700774942\n|move|p1a: Enamorus|Earth Power|p2a: Ninetales\n|-supereffective|p2a: Ninetales\n|-damage|p2a: Ninetales|0 fnt\n|faint|p2a: Ninetales\n|-damage|p1a: Enamorus|30\/100|[from] item: Life Orb\n|\n|upkeep\n|\n|t:|1700774949\n|switch|p2a: Decidueye|Decidueye-Hisui, F|100\/100\n|turn|21\n|c|\u2606sheimpfjfjff|Fucking crazy ass game\n|\n|t:|1700774956\n|move|p2a: Decidueye|Shadow Sneak|p1a: Enamorus\n|-damage|p1a: Enamorus|12\/100\n|move|p1a: Enamorus|Moonblast|p2a: Decidueye\n|-supereffective|p2a: Decidueye\n|-damage|p2a: Decidueye|31\/100\n|-damage|p1a: Enamorus|2\/100|[from] item: Life Orb\n|\n|upkeep\n|turn|22\n|\n|t:|1700774960\n|move|p2a: Decidueye|Shadow Sneak|p1a: Enamorus\n|-damage|p1a: Enamorus|0 fnt\n|faint|p1a: Enamorus\n|\n|win|Requin citron\n|raw|sheimpfjfjff's rating: 1000 &rarr; <strong>1000<\/strong><br \/>(+0 for losing)\n|raw|Requin citron's rating: 1074 &rarr; <strong>1097<\/strong><br \/>(+23 for winning)\n","uploadtime":1700774955,"views":15,"p1id":"sheimpfjfjff","p2id":"requincitron","formatid":"gen9ou","rating":1000,"private":0,"password":""}