{"id":"gen9ou-1991734570","p1":"Phenixclause","p2":"ChikenRun67","format":"[Gen 9] OU","log":"|j|\u2606Phenixclause\n|j|\u2606ChikenRun67\n|t:|1700108594\n|gametype|singles\n|player|p1|Phenixclause|102|1146\n|player|p2|ChikenRun67|266|1149\n|teamsize|p1|6\n|teamsize|p2|6\n|gen|9\n|tier|[Gen 9] OU\n|rated|\n|rule|Sleep Clause Mod: Limit one foe put to sleep\n|rule|Species Clause: Limit one of each Pok\u00e9mon\n|rule|OHKO Clause: OHKO moves are banned\n|rule|Evasion Items Clause: Evasion items are banned\n|rule|Evasion Moves Clause: Evasion moves are banned\n|rule|Endless Battle Clause: Forcing endless battles is banned\n|rule|HP Percentage Mod: HP is shown in percentages\n|clearpoke\n|poke|p1|Lurantis, M|\n|poke|p1|Landorus-Therian, M|\n|poke|p1|Ceruledge, M|\n|poke|p1|Ninetales-Alola, F|\n|poke|p1|Magnezone|\n|poke|p1|Great Tusk|\n|poke|p2|Quagsire, M|\n|poke|p2|Charizard, M|\n|poke|p2|Victreebel, M|\n|poke|p2|Sableye, F|\n|poke|p2|Tropius, M|\n|poke|p2|Torkoal, M|\n|teampreview\n|l|\u2606ChikenRun67\n|player|p2|\n|c|\u2606Phenixclause|Hello\n|j|\u2606ChikenRun67\n|player|p2|ChikenRun67|266\n|inactive|Battle timer is ON: inactive players will automatically lose when time's up. (requested by ChikenRun67)\n|\n|t:|1700108644\n|start\n|switch|p1a: Book of revive|Ninetales-Alola, F|100\/100\n|switch|p2a: Sableye|Sableye, F|100\/100\n|-weather|Snow|[from] ability: Snow Warning|[of] p1a: Book of revive\n|turn|1\n|\n|t:|1700108658\n|move|p2a: Sableye|Sunny Day|p2a: Sableye\n|-weather|SunnyDay\n|move|p1a: Book of revive|Aurora Veil||[still]\n|-fail|p1a: Book of revive\n|\n|-weather|SunnyDay|[upkeep]\n|upkeep\n|turn|2\n|c|\u2606Phenixclause|Bro why\n|c|\u2606Phenixclause|why do you have sunny day on it\n|\n|t:|1700108685\n|switch|p1a: PU-OU|Lurantis, M|100\/100\n|switch|p2a: Victreebel|Victreebel, M|100\/100\n|\n|-weather|SunnyDay|[upkeep]\n|upkeep\n|turn|3\n|\n|t:|1700108697\n|-terastallize|p1a: PU-OU|Fighting\n|move|p2a: Victreebel|Weather Ball|p1a: PU-OU\n|-damage|p1a: PU-OU|52\/100\n|-damage|p2a: Victreebel|91\/100|[from] item: Life Orb\n|move|p1a: PU-OU|Superpower|p2a: Victreebel\n|-resisted|p2a: Victreebel\n|-damage|p2a: Victreebel|42\/100\n|-boost|p1a: PU-OU|atk|1\n|-boost|p1a: PU-OU|def|1\n|\n|-weather|SunnyDay|[upkeep]\n|upkeep\n|turn|4\n|\n|t:|1700108710\n|move|p2a: Victreebel|Sleep Powder|p1a: PU-OU\n|-status|p1a: PU-OU|slp|[from] move: Sleep Powder\n|cant|p1a: PU-OU|slp\n|\n|-weather|SunnyDay|[upkeep]\n|upkeep\n|turn|5\n|\n|t:|1700108717\n|switch|p1a: Ou since 1990|Landorus-Therian, M|100\/100\n|-ability|p1a: Ou since 1990|Intimidate|boost\n|-unboost|p2a: Victreebel|atk|1\n|move|p2a: Victreebel|Growth|p2a: Victreebel\n|-boost|p2a: Victreebel|atk|2\n|-boost|p2a: Victreebel|spa|2\n|\n|-weather|none\n|upkeep\n|turn|6\n|\n|t:|1700108728\n|move|p1a: Ou since 1990|U-turn|p2a: Victreebel\n|-damage|p2a: Victreebel|0 fnt\n|faint|p2a: Victreebel\n|\n|t:|1700108732\n|switch|p1a: Not your average|Great Tusk|100\/100|[from] U-turn\n|\n|upkeep\n|\n|t:|1700108741\n|switch|p2a: Quagsire|Quagsire, M|100\/100\n|turn|7\n|\n|t:|1700108750\n|-end|p1a: Not your average|Protosynthesis|[silent]\n|switch|p1a: Book of revive|Ninetales-Alola, F|100\/100\n|-weather|Snow|[from] ability: Snow Warning|[of] p1a: Book of revive\n|move|p2a: Quagsire|Earthquake|p1a: Book of revive\n|-damage|p1a: Book of revive|72\/100\n|\n|-weather|Snow|[upkeep]\n|upkeep\n|turn|8\n|\n|t:|1700108761\n|switch|p2a: Torkoal|Torkoal, M|100\/100\n|-weather|SunnyDay|[from] ability: Drought|[of] p2a: Torkoal\n|move|p1a: Book of revive|Aurora Veil||[still]\n|-fail|p1a: Book of revive\n|\n|-weather|SunnyDay|[upkeep]\n|upkeep\n|turn|9\n|\n|t:|1700108772\n|move|p1a: Book of revive|Ice Beam|p2a: Torkoal\n|-resisted|p2a: Torkoal\n|-damage|p2a: Torkoal|79\/100\n|move|p2a: Torkoal|Lava Plume|p1a: Book of revive\n|-supereffective|p1a: Book of revive\n|-damage|p1a: Book of revive|0 fnt\n|faint|p1a: Book of revive\n|\n|-weather|SunnyDay|[upkeep]\n|upkeep\n|c|\u2606Phenixclause|Now your really pissing me off\n|\n|t:|1700108779\n|switch|p1a: PU-OU|Lurantis, M, tera:Fighting|52\/100 slp\n|turn|10\n|\n|t:|1700108788\n|switch|p2a: Charizard|Charizard, M|100\/100\n|cant|p1a: PU-OU|slp\n|\n|-weather|SunnyDay|[upkeep]\n|-damage|p2a: Charizard|88\/100|[from] ability: Solar Power|[of] p2a: Charizard\n|upkeep\n|turn|11\n|\n|t:|1700108805\n|switch|p1a: Black sabbath|Ceruledge, M|100\/100\n|-item|p1a: Black sabbath|Air Balloon\n|move|p2a: Charizard|Air Slash|p1a: Black sabbath\n|-damage|p1a: Black sabbath|42\/100\n|-enditem|p1a: Black sabbath|Air Balloon\n|\n|-weather|SunnyDay|[upkeep]\n|-damage|p2a: Charizard|76\/100|[from] ability: Solar Power|[of] p2a: Charizard\n|upkeep\n|turn|12\n|\n|t:|1700108816\n|move|p2a: Charizard|Dragon Pulse|p1a: Black sabbath\n|-damage|p1a: Black sabbath|0 fnt\n|faint|p1a: Black sabbath\n|\n|-weather|SunnyDay|[upkeep]\n|-damage|p2a: Charizard|63\/100|[from] ability: Solar Power|[of] p2a: Charizard\n|upkeep\n|\n|t:|1700108820\n|switch|p1a: Ou since 1990|Landorus-Therian, M|100\/100\n|-ability|p1a: Ou since 1990|Intimidate|boost\n|-unboost|p2a: Charizard|atk|1\n|turn|13\n|\n|t:|1700108828\n|move|p2a: Charizard|Flamethrower|p1a: Ou since 1990\n|-damage|p1a: Ou since 1990|0 fnt\n|faint|p1a: Ou since 1990\n|\n|-weather|SunnyDay|[upkeep]\n|-damage|p2a: Charizard|51\/100|[from] ability: Solar Power|[of] p2a: Charizard\n|upkeep\n|\n|t:|1700108847\n|switch|p1a: Bane of steel|Magnezone|100\/100\n|turn|14\n|\n|t:|1700108850\n|move|p1a: Bane of steel|Volt Switch|p2a: Charizard\n|-supereffective|p2a: Charizard\n|-damage|p2a: Charizard|0 fnt\n|faint|p2a: Charizard\n|\n|t:|1700108855\n|switch|p1a: Not your average|Great Tusk|100\/100|[from] Volt Switch\n|-activate|p1a: Not your average|ability: Protosynthesis\n|-start|p1a: Not your average|protosynthesisatk\n|\n|-weather|SunnyDay|[upkeep]\n|upkeep\n|\n|t:|1700108864\n|switch|p2a: Tropius|Tropius, M, shiny|100\/100\n|turn|15\n|\n|t:|1700108876\n|move|p1a: Not your average|Bulk Up|p1a: Not your average\n|-boost|p1a: Not your average|atk|1\n|-boost|p1a: Not your average|def|1\n|move|p2a: Tropius|Solar Blade||[still]\n|-prepare|p2a: Tropius|Solar Blade\n|-anim|p2a: Tropius|Solar Blade|p1a: Not your average\n|-supereffective|p1a: Not your average\n|-damage|p1a: Not your average|62\/100\n|\n|-weather|none\n|-end|p1a: Not your average|Protosynthesis\n|-heal|p1a: Not your average|68\/100|[from] item: Leftovers\n|upkeep\n|turn|16\n|\n|t:|1700108891\n|switch|p2a: Sableye|Sableye, F|100\/100\n|move|p1a: Not your average|Close Combat|p2a: Sableye\n|-immune|p2a: Sableye\n|\n|-heal|p1a: Not your average|74\/100|[from] item: Leftovers\n|upkeep\n|turn|17\n|c|\u2606ChikenRun67|dafuq? lmao\n|\n|t:|1700108915\n|move|p2a: Sableye|Will-O-Wisp|p1a: Not your average\n|-status|p1a: Not your average|brn\n|move|p1a: Not your average|Earthquake|p2a: Sableye\n|-damage|p2a: Sableye|37\/100\n|\n|-heal|p1a: Not your average|80\/100 brn|[from] item: Leftovers\n|-damage|p1a: Not your average|74\/100 brn|[from] brn\n|upkeep\n|turn|18\n|\n|t:|1700108929\n|move|p2a: Sableye|Sunny Day|p2a: Sableye\n|-weather|SunnyDay\n|-activate|p1a: Not your average|ability: Protosynthesis\n|-start|p1a: Not your average|protosynthesisatk\n|move|p1a: Not your average|Close Combat|p2a: Sableye\n|-immune|p2a: Sableye\n|\n|-weather|SunnyDay|[upkeep]\n|-heal|p1a: Not your average|80\/100 brn|[from] item: Leftovers\n|-damage|p1a: Not your average|74\/100 brn|[from] brn\n|upkeep\n|turn|19\n|c|\u2606Phenixclause|What\n|c|\u2606Phenixclause|you stayed in\n|\n|t:|1700108947\n|move|p2a: Sableye|Trick|p1a: Not your average\n|-activate|p2a: Sableye|move: Trick|[of] p1a: Not your average\n|-item|p1a: Not your average|Lagging Tail|[from] move: Trick\n|-item|p2a: Sableye|Leftovers|[from] move: Trick\n|move|p1a: Not your average|Bulk Up|p1a: Not your average\n|-boost|p1a: Not your average|atk|1\n|-boost|p1a: Not your average|def|1\n|\n|-weather|SunnyDay|[upkeep]\n|-heal|p2a: Sableye|43\/100|[from] item: Leftovers\n|-damage|p1a: Not your average|68\/100 brn|[from] brn\n|upkeep\n|turn|20\n|\n|t:|1700108959\n|switch|p2a: Quagsire|Quagsire, M|100\/100\n|move|p1a: Not your average|Earthquake|p2a: Quagsire\n|-damage|p2a: Quagsire|75\/100\n|\n|-weather|SunnyDay|[upkeep]\n|-heal|p2a: Quagsire|81\/100|[from] item: Leftovers\n|-damage|p1a: Not your average|62\/100 brn|[from] brn\n|upkeep\n|turn|21\n|c|\u2606Phenixclause|You son of a\n|\n|t:|1700108973\n|-end|p1a: Not your average|Protosynthesis|[silent]\n|switch|p1a: PU-OU|Lurantis, M, tera:Fighting|52\/100 slp\n|move|p2a: Quagsire|Spikes|p1a: PU-OU\n|-sidestart|p1: Phenixclause|Spikes\n|\n|-weather|SunnyDay|[upkeep]\n|-heal|p2a: Quagsire|88\/100|[from] item: Leftovers\n|upkeep\n|turn|22\n|c|\u2606Phenixclause|Wake Tf up\n|inactive|ChikenRun67 has 120 seconds left.\n|\n|t:|1700108991\n|switch|p2a: Sableye|Sableye, F|43\/100\n|-curestatus|p1a: PU-OU|slp|[msg]\n|move|p1a: PU-OU|Leech Life|p2a: Sableye\n|-damage|p2a: Sableye|3\/100\n|-heal|p1a: PU-OU|69\/100|[from] drain|[of] p2a: Sableye\n|\n|-weather|none\n|-heal|p2a: Sableye|9\/100|[from] item: Leftovers\n|upkeep\n|turn|23\n|inactive|ChikenRun67 has 120 seconds left.\n|\n|t:|1700109010\n|switch|p1a: Not your average|Great Tusk|62\/100 brn\n|-damage|p1a: Not your average|49\/100 brn|[from] Spikes\n|move|p2a: Sableye|Will-O-Wisp|p1a: Not your average\n|-fail|p1a: Not your average|brn\n|\n|-heal|p2a: Sableye|15\/100|[from] item: Leftovers\n|-damage|p1a: Not your average|43\/100 brn|[from] brn\n|upkeep\n|turn|24\n|inactive|ChikenRun67 has 120 seconds left.\n|\n|t:|1700109022\n|switch|p2a: Quagsire|Quagsire, M|88\/100\n|move|p1a: Not your average|Earthquake|p2a: Quagsire\n|-damage|p2a: Quagsire|68\/100\n|\n|-heal|p2a: Quagsire|74\/100|[from] item: Leftovers\n|-damage|p1a: Not your average|37\/100 brn|[from] brn\n|upkeep\n|turn|25\n|inactive|ChikenRun67 has 120 seconds left.\n|\n|t:|1700109033\n|move|p2a: Quagsire|Earthquake|p1a: Not your average\n|-damage|p1a: Not your average|17\/100 brn\n|move|p1a: Not your average|Close Combat|p2a: Quagsire\n|-damage|p2a: Quagsire|50\/100\n|-unboost|p1a: Not your average|def|1\n|-unboost|p1a: Not your average|spd|1\n|\n|-heal|p2a: Quagsire|57\/100|[from] item: Leftovers\n|-damage|p1a: Not your average|11\/100 brn|[from] brn\n|upkeep\n|turn|26\n|inactive|ChikenRun67 has 120 seconds left.\n|\n|t:|1700109045\n|move|p2a: Quagsire|Earthquake|p1a: Not your average\n|-damage|p1a: Not your average|0 fnt\n|faint|p1a: Not your average\n|-end|p1a: Not your average|Protosynthesis|[silent]\n|\n|-heal|p2a: Quagsire|63\/100|[from] item: Leftovers\n|upkeep\n|\n|t:|1700109054\n|switch|p1a: PU-OU|Lurantis, M, tera:Fighting|69\/100\n|-damage|p1a: PU-OU|57\/100|[from] Spikes\n|turn|27\n|\n|t:|1700109063\n|switch|p2a: Torkoal|Torkoal, M|79\/100\n|-weather|SunnyDay|[from] ability: Drought|[of] p2a: Torkoal\n|move|p1a: PU-OU|Leaf Blade|p2a: Torkoal\n|-resisted|p2a: Torkoal\n|-damage|p2a: Torkoal|62\/100\n|\n|-weather|SunnyDay|[upkeep]\n|upkeep\n|turn|28\n|\n|t:|1700109075\n|move|p1a: PU-OU|Knock Off|p2a: Torkoal\n|-damage|p2a: Torkoal|39\/100\n|-enditem|p2a: Torkoal|Heat Rock|[from] move: Knock Off|[of] p1a: PU-OU\n|move|p2a: Torkoal|Lava Plume|p1a: PU-OU\n|-damage|p1a: PU-OU|23\/100\n|\n|-weather|SunnyDay|[upkeep]\n|upkeep\n|turn|29\n|\n|t:|1700109090\n|move|p1a: PU-OU|Superpower|p2a: Torkoal\n|-damage|p2a: Torkoal|0 fnt\n|-boost|p1a: PU-OU|atk|1\n|-boost|p1a: PU-OU|def|1\n|faint|p2a: Torkoal\n|\n|-weather|SunnyDay|[upkeep]\n|upkeep\n|\n|t:|1700109100\n|switch|p2a: Tropius|Tropius, M, shiny|100\/100\n|turn|30\n|\n|t:|1700109114\n|switch|p1a: Bane of steel|Magnezone|100\/100\n|-damage|p1a: Bane of steel|88\/100|[from] Spikes\n|move|p2a: Tropius|Substitute|p2a: Tropius\n|-start|p2a: Tropius|Substitute\n|-damage|p2a: Tropius|75\/100\n|\n|-weather|SunnyDay|[upkeep]\n|upkeep\n|turn|31\n|\n|t:|1700109129\n|-terastallize|p2a: Tropius|Fire\n|move|p1a: Bane of steel|Thunderbolt|p2a: Tropius\n|-end|p2a: Tropius|Substitute\n|move|p2a: Tropius|Tera Blast|p1a: Bane of steel|[anim] Tera Blast Fire\n|-supereffective|p1a: Bane of steel\n|-damage|p1a: Bane of steel|0 fnt\n|faint|p1a: Bane of steel\n|\n|-weather|SunnyDay|[upkeep]\n|upkeep\n|\n|t:|1700109144\n|switch|p1a: PU-OU|Lurantis, M, tera:Fighting|23\/100\n|-damage|p1a: PU-OU|10\/100|[from] Spikes\n|turn|32\n|\n|t:|1700109148\n|move|p2a: Tropius|Solar Blade||[still]\n|-prepare|p2a: Tropius|Solar Blade\n|-anim|p2a: Tropius|Solar Blade|p1a: PU-OU\n|-damage|p1a: PU-OU|0 fnt\n|faint|p1a: PU-OU\n|\n|win|ChikenRun67\n|raw|Phenixclause's rating: 1146 &rarr; <strong>1121<\/strong><br \/>(-25 for losing)\n|raw|ChikenRun67's rating: 1149 &rarr; <strong>1174<\/strong><br \/>(+25 for winning)\n|l|\u2606Phenixclause\n|c|\u2606ChikenRun67|Thats why i have sunny day on it\n","uploadtime":1700109232,"views":10,"p1id":"phenixclause","p2id":"chikenrun67","formatid":"gen9ou","rating":1121,"private":0,"password":""}