{"id":"gen9ou-1995262389","p1":"olafrank","p2":"VDivaster","format":"[Gen 9] OU","log":"|j|\u2606olafrank\n|j|\u2606VDivaster\n|t:|1700543116\n|gametype|singles\n|player|p1|olafrank|grimsley|\n|player|p2|VDivaster|byron|\n|teamsize|p1|6\n|teamsize|p2|6\n|gen|9\n|tier|[Gen 9] OU\n|rule|Sleep Clause Mod: Limit one foe put to sleep\n|rule|Species Clause: Limit one of each Pok\u00e9mon\n|rule|OHKO Clause: OHKO moves are banned\n|rule|Evasion Items Clause: Evasion items are banned\n|rule|Evasion Moves Clause: Evasion moves are banned\n|rule|Endless Battle Clause: Forcing endless battles is banned\n|rule|HP Percentage Mod: HP is shown in percentages\n|clearpoke\n|poke|p1|Hatterene, F|\n|poke|p1|Rillaboom, M|\n|poke|p1|Skeledirge, M|\n|poke|p1|Corviknight, F|\n|poke|p1|Walking Wake|\n|poke|p1|Hawlucha, M|\n|poke|p2|Tornadus, M|\n|poke|p2|Kingambit, M|\n|poke|p2|Rotom-Wash|\n|poke|p2|Hatterene, F|\n|poke|p2|Amoonguss, F|\n|poke|p2|Arcanine-Hisui, F|\n|teampreview\n|\n|t:|1700543131\n|start\n|switch|p1a: Walking Wake|Walking Wake|100\/100\n|switch|p2a: Tornadus|Tornadus, M|100\/100\n|-enditem|p1a: Walking Wake|Booster Energy\n|-activate|p1a: Walking Wake|ability: Protosynthesis|[fromitem]\n|-start|p1a: Walking Wake|protosynthesisspa\n|turn|1\n|\n|t:|1700543155\n|move|p2a: Tornadus|Tailwind|p2a: Tornadus\n|-sidestart|p2: VDivaster|move: Tailwind\n|move|p1a: Walking Wake|Agility|p1a: Walking Wake\n|-boost|p1a: Walking Wake|spe|2\n|\n|upkeep\n|turn|2\n|\n|t:|1700543167\n|move|p2a: Tornadus|Taunt|p1a: Walking Wake\n|-start|p1a: Walking Wake|move: Taunt\n|move|p1a: Walking Wake|Hydro Steam|p2a: Tornadus\n|-damage|p2a: Tornadus|39\/100\n|-enditem|p2a: Tornadus|Sitrus Berry|[eat]\n|-heal|p2a: Tornadus|64\/100|[from] item: Sitrus Berry\n|\n|upkeep\n|turn|3\n|\n|t:|1700543191\n|switch|p2a: Rotom|Rotom-Wash|100\/100\n|move|p1a: Walking Wake|Flamethrower|p2a: Rotom\n|-resisted|p2a: Rotom\n|-damage|p2a: Rotom|77\/100\n|\n|-heal|p2a: Rotom|83\/100|[from] item: Leftovers\n|upkeep\n|turn|4\n|\n|t:|1700543205\n|move|p1a: Walking Wake|Draco Meteor|p2a: Rotom\n|-damage|p2a: Rotom|0 fnt\n|-unboost|p1a: Walking Wake|spa|2\n|faint|p2a: Rotom\n|\n|-end|p1a: Walking Wake|move: Taunt\n|-sideend|p2: VDivaster|move: Tailwind\n|upkeep\n|\n|t:|1700543217\n|switch|p2a: Arcanine|Arcanine-Hisui, F|100\/100\n|-ability|p2a: Arcanine|Intimidate|boost\n|-unboost|p1a: Walking Wake|atk|1\n|turn|5\n|\n|t:|1700543225\n|move|p1a: Walking Wake|Hydro Steam|p2a: Arcanine\n|-supereffective|p2a: Arcanine\n|-damage|p2a: Arcanine|0 fnt\n|faint|p2a: Arcanine\n|\n|upkeep\n|\n|t:|1700543233\n|switch|p2a: Kingambit|Kingambit, M|100\/100\n|turn|6\n|\n|t:|1700543241\n|-terastallize|p2a: Kingambit|Steel\n|move|p1a: Walking Wake|Flamethrower|p2a: Kingambit\n|-supereffective|p2a: Kingambit\n|-damage|p2a: Kingambit|62\/100\n|move|p2a: Kingambit|Swords Dance|p2a: Kingambit\n|-boost|p2a: Kingambit|atk|2\n|\n|upkeep\n|turn|7\n|\n|t:|1700543256\n|move|p1a: Walking Wake|Flamethrower|p2a: Kingambit\n|-supereffective|p2a: Kingambit\n|-damage|p2a: Kingambit|23\/100\n|move|p2a: Kingambit|Swords Dance|p2a: Kingambit\n|-boost|p2a: Kingambit|atk|2\n|\n|upkeep\n|turn|8\n|\n|t:|1700543265\n|move|p1a: Walking Wake|Flamethrower|p2a: Kingambit\n|-supereffective|p2a: Kingambit\n|-damage|p2a: Kingambit|0 fnt\n|faint|p2a: Kingambit\n|\n|upkeep\n|\n|t:|1700543271\n|switch|p2a: Hatterene|Hatterene, F|100\/100\n|turn|9\n|\n|t:|1700543290\n|-end|p1a: Walking Wake|Protosynthesis|[silent]\n|switch|p1a: Skeledirge|Skeledirge, M|100\/100\n|move|p2a: Hatterene|Trick|p1a: Skeledirge\n|-activate|p2a: Hatterene|move: Trick|[of] p1a: Skeledirge\n|-item|p1a: Skeledirge|Wiki Berry|[from] move: Trick\n|-item|p2a: Hatterene|Heavy-Duty Boots|[from] move: Trick\n|\n|upkeep\n|turn|10\n|\n|t:|1700543313\n|move|p1a: Skeledirge|Shadow Ball|p2a: Hatterene\n|-supereffective|p2a: Hatterene\n|-damage|p2a: Hatterene|58\/100\n|move|p2a: Hatterene|Trick Room|p2a: Hatterene\n|-fieldstart|move: Trick Room|[of] p2a: Hatterene\n|\n|upkeep\n|turn|11\n|\n|t:|1700543322\n|move|p2a: Hatterene|Healing Wish|p2a: Hatterene\n|faint|p2a: Hatterene\n|move|p1a: Skeledirge|Torch Song|p2: Hatterene|[notarget]\n|-fail|p1a: Skeledirge\n|\n|upkeep\n|\n|t:|1700543327\n|switch|p2a: Tornadus|Tornadus, M|64\/100\n|-heal|p2a: Tornadus|100\/100|[from] move: Healing Wish\n|turn|12\n|\n|t:|1700543336\n|-terastallize|p1a: Skeledirge|Fire\n|move|p1a: Skeledirge|Torch Song|p2a: Tornadus\n|-damage|p2a: Tornadus|51\/100\n|-boost|p1a: Skeledirge|spa|1\n|move|p2a: Tornadus|Bleakwind Storm|p1a: Skeledirge\n|-crit|p1a: Skeledirge\n|-damage|p1a: Skeledirge|51\/100\n|\n|upkeep\n|turn|13\n|\n|t:|1700543348\n|move|p1a: Skeledirge|Torch Song|p2a: Tornadus\n|-damage|p2a: Tornadus|0 fnt\n|-boost|p1a: Skeledirge|spa|1\n|faint|p2a: Tornadus\n|\n|upkeep\n|\n|t:|1700543355\n|switch|p2a: Amoonguss|Amoonguss, F|100\/100\n|turn|14\n|\n|t:|1700543361\n|move|p2a: Amoonguss|Protect|p2a: Amoonguss\n|-singleturn|p2a: Amoonguss|Protect\n|move|p1a: Skeledirge|Torch Song|p2a: Amoonguss\n|-activate|p2a: Amoonguss|move: Protect\n|\n|-fieldend|move: Trick Room\n|upkeep\n|turn|15\n|\n|t:|1700543375\n|move|p1a: Skeledirge|Torch Song|p2a: Amoonguss\n|-supereffective|p2a: Amoonguss\n|-damage|p2a: Amoonguss|0 fnt\n|-boost|p1a: Skeledirge|spa|1\n|faint|p2a: Amoonguss\n|\n|win|olafrank\n","uploadtime":1700543388,"views":3,"p1id":"olafrank","p2id":"vdivaster","formatid":"gen9ou","rating":0,"private":0,"password":""}