{"id":"gen9ou-1997222815","p1":"CyndaquilHat","p2":"4th Acct To 1700","format":"[Gen 9] OU","log":"|j|\u2606CyndaquilHat\n|j|\u26064th Acct To 1700\n|t:|1700777293\n|gametype|singles\n|player|p1|CyndaquilHat|2|1217\n|player|p2|4th Acct To 1700|clown|1206\n|teamsize|p1|6\n|teamsize|p2|6\n|gen|9\n|tier|[Gen 9] OU\n|rated|\n|rule|Sleep Clause Mod: Limit one foe put to sleep\n|rule|Species Clause: Limit one of each Pok\u00e9mon\n|rule|OHKO Clause: OHKO moves are banned\n|rule|Evasion Items Clause: Evasion items are banned\n|rule|Evasion Moves Clause: Evasion moves are banned\n|rule|Endless Battle Clause: Forcing endless battles is banned\n|rule|HP Percentage Mod: HP is shown in percentages\n|clearpoke\n|poke|p1|Torkoal, M|\n|poke|p1|Walking Wake|\n|poke|p1|Gholdengo|\n|poke|p1|Glimmora, F|\n|poke|p1|Ceruledge, F|\n|poke|p1|Great Tusk|\n|poke|p2|Great Tusk|\n|poke|p2|Iron Moth|\n|poke|p2|Dragapult, M|\n|poke|p2|Ogerpon-Wellspring, F|\n|poke|p2|Zamazenta-*|\n|poke|p2|Iron Valiant|\n|teampreview\n|inactive|Battle timer is ON: inactive players will automatically lose when time's up. (requested by CyndaquilHat)\n|\n|t:|1700777303\n|start\n|switch|p1a: Glimmora|Glimmora, F|100\/100\n|switch|p2a: Ogerpon|Ogerpon-Wellspring, F|100\/100\n|turn|1\n|\n|t:|1700777312\n|move|p2a: Ogerpon|Trailblaze|p1a: Glimmora\n|-damage|p1a: Glimmora|65\/100\n|-boost|p2a: Ogerpon|spe|1\n|-activate|p1a: Glimmora|ability: Toxic Debris\n|-sidestart|p2: 4th Acct To 1700|move: Toxic Spikes\n|move|p1a: Glimmora|Sludge Wave|p2a: Ogerpon\n|-supereffective|p2a: Ogerpon\n|-damage|p2a: Ogerpon|0 fnt\n|faint|p2a: Ogerpon\n|\n|upkeep\n|\n|t:|1700777319\n|switch|p2a: Iron Moth|Iron Moth|100\/100\n|-sideend|p2: 4th Acct To 1700|move: Toxic Spikes|[of] p2a: Iron Moth\n|-enditem|p2a: Iron Moth|Booster Energy\n|-activate|p2a: Iron Moth|ability: Quark Drive|[fromitem]\n|-start|p2a: Iron Moth|quarkdrivespa\n|turn|2\n|\n|t:|1700777326\n|move|p2a: Iron Moth|Psychic|p1a: Glimmora\n|-supereffective|p1a: Glimmora\n|-damage|p1a: Glimmora|0 fnt\n|faint|p1a: Glimmora\n|\n|upkeep\n|\n|t:|1700777331\n|switch|p1a: Great Tusk|Great Tusk|100\/100\n|turn|3\n|\n|t:|1700777350\n|-end|p2a: Iron Moth|Quark Drive|[silent]\n|switch|p2a: Zamazenta|Zamazenta|100\/100\n|-ability|p2a: Zamazenta|Dauntless Shield|boost\n|-boost|p2a: Zamazenta|def|1\n|move|p1a: Great Tusk|Headlong Rush|p2a: Zamazenta\n|-damage|p2a: Zamazenta|71\/100\n|-unboost|p1a: Great Tusk|def|1\n|-unboost|p1a: Great Tusk|spd|1\n|\n|-heal|p2a: Zamazenta|77\/100|[from] item: Leftovers\n|upkeep\n|turn|4\n|\n|t:|1700777360\n|-end|p1a: Great Tusk|Protosynthesis|[silent]\n|switch|p1a: Torkoal|Torkoal, M|100\/100\n|-weather|SunnyDay|[from] ability: Drought|[of] p1a: Torkoal\n|move|p2a: Zamazenta|Play Rough|p1a: Torkoal\n|-resisted|p1a: Torkoal\n|-damage|p1a: Torkoal|91\/100\n|\n|-weather|SunnyDay|[upkeep]\n|-heal|p2a: Zamazenta|83\/100|[from] item: Leftovers\n|upkeep\n|turn|5\n|\n|t:|1700777375\n|move|p2a: Zamazenta|Iron Defense|p2a: Zamazenta\n|-boost|p2a: Zamazenta|def|2\n|move|p1a: Torkoal|Will-O-Wisp|p2a: Zamazenta\n|-status|p2a: Zamazenta|brn\n|\n|-weather|SunnyDay|[upkeep]\n|-heal|p2a: Zamazenta|89\/100 brn|[from] item: Leftovers\n|-damage|p2a: Zamazenta|83\/100 brn|[from] brn\n|upkeep\n|turn|6\n|\n|t:|1700777383\n|move|p2a: Zamazenta|Body Press|p1a: Torkoal\n|-damage|p1a: Torkoal|56\/100\n|move|p1a: Torkoal|Clear Smog|p2a: Zamazenta\n|-damage|p2a: Zamazenta|73\/100 brn\n|-clearboost|p2a: Zamazenta\n|\n|-weather|SunnyDay|[upkeep]\n|-heal|p2a: Zamazenta|79\/100 brn|[from] item: Leftovers\n|-damage|p2a: Zamazenta|73\/100 brn|[from] brn\n|upkeep\n|turn|7\n|\n|t:|1700777401\n|switch|p1a: Gholdengo|Gholdengo|100\/100\n|move|p2a: Zamazenta|Body Press|p1a: Gholdengo\n|-immune|p1a: Gholdengo\n|\n|-weather|SunnyDay|[upkeep]\n|-heal|p2a: Zamazenta|79\/100 brn|[from] item: Leftovers\n|-damage|p2a: Zamazenta|73\/100 brn|[from] brn\n|upkeep\n|turn|8\n|\n|t:|1700777408\n|move|p2a: Zamazenta|Iron Head|p1a: Gholdengo\n|-resisted|p1a: Gholdengo\n|-damage|p1a: Gholdengo|95\/100\n|cant|p1a: Gholdengo|flinch\n|\n|-weather|SunnyDay|[upkeep]\n|-heal|p2a: Zamazenta|79\/100 brn|[from] item: Leftovers\n|-heal|p1a: Gholdengo|100\/100|[from] item: Leftovers\n|-damage|p2a: Zamazenta|73\/100 brn|[from] brn\n|upkeep\n|turn|9\n|\n|t:|1700777419\n|move|p2a: Zamazenta|Play Rough|p1a: Gholdengo\n|-resisted|p1a: Gholdengo\n|-damage|p1a: Gholdengo|94\/100\n|move|p1a: Gholdengo|Shadow Ball|p2a: Zamazenta\n|-crit|p2a: Zamazenta\n|-damage|p2a: Zamazenta|9\/100 brn\n|\n|-weather|SunnyDay|[upkeep]\n|-heal|p2a: Zamazenta|16\/100 brn|[from] item: Leftovers\n|-heal|p1a: Gholdengo|99\/100|[from] item: Leftovers\n|-damage|p2a: Zamazenta|9\/100 brn|[from] brn\n|upkeep\n|turn|10\n|\n|t:|1700777426\n|move|p2a: Zamazenta|Play Rough|p1a: Gholdengo\n|-resisted|p1a: Gholdengo\n|-damage|p1a: Gholdengo|95\/100\n|move|p1a: Gholdengo|Shadow Ball|p2a: Zamazenta\n|-damage|p2a: Zamazenta|0 fnt\n|faint|p2a: Zamazenta\n|\n|-weather|SunnyDay|[upkeep]\n|-heal|p1a: Gholdengo|100\/100|[from] item: Leftovers\n|upkeep\n|\n|t:|1700777438\n|switch|p2a: Kaido KingoBeasts|Dragapult, M, shiny|100\/100\n|turn|11\n|\n|t:|1700777463\n|-terastallize|p1a: Gholdengo|Water\n|move|p2a: Kaido KingoBeasts|Phantom Force||[still]\n|-prepare|p2a: Kaido KingoBeasts|Phantom Force\n|move|p1a: Gholdengo|Thunder Wave|p2a: Kaido KingoBeasts|[miss]\n|-miss|p1a: Gholdengo|p2a: Kaido KingoBeasts\n|\n|-weather|none\n|upkeep\n|turn|12\n|\n|t:|1700777470\n|move|p2a: Kaido KingoBeasts|Phantom Force|p1a: Gholdengo|[from]lockedmove\n|-damage|p1a: Gholdengo|58\/100\n|move|p1a: Gholdengo|Thunder Wave|p2a: Kaido KingoBeasts\n|-status|p2a: Kaido KingoBeasts|par\n|\n|-heal|p1a: Gholdengo|64\/100|[from] item: Leftovers\n|upkeep\n|turn|13\n|\n|t:|1700777476\n|move|p1a: Gholdengo|Shadow Ball|p2a: Kaido KingoBeasts\n|-supereffective|p2a: Kaido KingoBeasts\n|-enditem|p2a: Kaido KingoBeasts|Focus Sash\n|-damage|p2a: Kaido KingoBeasts|1\/100 par\n|cant|p2a: Kaido KingoBeasts|par\n|\n|-heal|p1a: Gholdengo|70\/100|[from] item: Leftovers\n|upkeep\n|turn|14\n|\n|t:|1700777489\n|move|p1a: Gholdengo|Shadow Ball|p2a: Kaido KingoBeasts\n|-supereffective|p2a: Kaido KingoBeasts\n|-damage|p2a: Kaido KingoBeasts|0 fnt\n|faint|p2a: Kaido KingoBeasts\n|\n|-heal|p1a: Gholdengo|76\/100|[from] item: Leftovers\n|upkeep\n|\n|t:|1700777494\n|switch|p2a: Iron Valiant|Iron Valiant|100\/100\n|-enditem|p2a: Iron Valiant|Booster Energy\n|-activate|p2a: Iron Valiant|ability: Quark Drive|[fromitem]\n|-start|p2a: Iron Valiant|quarkdrivespe\n|turn|15\n|\n|t:|1700777499\n|move|p2a: Iron Valiant|Thunderbolt|p1a: Gholdengo\n|-supereffective|p1a: Gholdengo\n|-damage|p1a: Gholdengo|16\/100\n|-status|p1a: Gholdengo|par\n|move|p1a: Gholdengo|Make It Rain|p2a: Iron Valiant\n|-supereffective|p2a: Iron Valiant\n|-damage|p2a: Iron Valiant|0 fnt\n|-unboost|p1a: Gholdengo|spa|1\n|faint|p2a: Iron Valiant\n|-end|p2a: Iron Valiant|Quark Drive|[silent]\n|\n|-heal|p1a: Gholdengo|22\/100 par|[from] item: Leftovers\n|upkeep\n|\n|t:|1700777511\n|switch|p2a: Great Tusk|Great Tusk|100\/100\n|turn|16\n|\n|t:|1700777520\n|move|p2a: Great Tusk|Bulk Up|p2a: Great Tusk\n|-boost|p2a: Great Tusk|atk|1\n|-boost|p2a: Great Tusk|def|1\n|move|p1a: Gholdengo|Recover|p1a: Gholdengo\n|-heal|p1a: Gholdengo|72\/100 par\n|\n|-heal|p1a: Gholdengo|78\/100 par|[from] item: Leftovers\n|upkeep\n|turn|17\n|\n|t:|1700777528\n|switch|p1a: Torkoal|Torkoal, M|56\/100\n|-weather|SunnyDay|[from] ability: Drought|[of] p1a: Torkoal\n|-activate|p2a: Great Tusk|ability: Protosynthesis\n|-start|p2a: Great Tusk|protosynthesisdef\n|move|p2a: Great Tusk|Rapid Spin|p1a: Torkoal\n|-damage|p1a: Torkoal|38\/100\n|-boost|p2a: Great Tusk|spe|1\n|\n|-weather|SunnyDay|[upkeep]\n|upkeep\n|turn|18\n|\n|t:|1700777535\n|move|p2a: Great Tusk|Earthquake|p1a: Torkoal\n|-supereffective|p1a: Torkoal\n|-damage|p1a: Torkoal|0 fnt\n|faint|p1a: Torkoal\n|\n|-weather|SunnyDay|[upkeep]\n|upkeep\n|\n|t:|1700777538\n|switch|p1a: Walking Wake|Walking Wake|100\/100\n|-activate|p1a: Walking Wake|ability: Protosynthesis\n|-start|p1a: Walking Wake|protosynthesisspe\n|turn|19\n|\n|t:|1700777546\n|-terastallize|p2a: Great Tusk|Ice\n|move|p1a: Walking Wake|Hydro Steam|p2a: Great Tusk\n|-enditem|p2a: Great Tusk|Focus Sash\n|-damage|p2a: Great Tusk|1\/100\n|move|p2a: Great Tusk|Earthquake|p1a: Walking Wake\n|-damage|p1a: Walking Wake|18\/100\n|\n|-weather|SunnyDay|[upkeep]\n|upkeep\n|turn|20\n|\n|t:|1700777557\n|move|p1a: Walking Wake|Hydro Steam|p2a: Great Tusk\n|-damage|p2a: Great Tusk|0 fnt\n|faint|p2a: Great Tusk\n|-end|p2a: Great Tusk|Protosynthesis|[silent]\n|\n|-weather|SunnyDay|[upkeep]\n|upkeep\n|\n|t:|1700777559\n|switch|p2a: Iron Moth|Iron Moth|100\/100\n|turn|21\n|\n|t:|1700777565\n|move|p1a: Walking Wake|Hydro Steam|p2a: Iron Moth\n|-supereffective|p2a: Iron Moth\n|-damage|p2a: Iron Moth|0 fnt\n|faint|p2a: Iron Moth\n|-end|p2a: Iron Moth|Quark Drive|[silent]\n|\n|win|CyndaquilHat\n|raw|CyndaquilHat's rating: 1217 &rarr; <strong>1241<\/strong><br \/>(+24 for winning)\n|raw|4th Acct To 1700's rating: 1206 &rarr; <strong>1182<\/strong><br \/>(-24 for losing)\n|l|\u26064th Acct To 1700\n","uploadtime":1700777599,"views":5,"p1id":"cyndaquilhat","p2id":"4thacctto1700","formatid":"gen9ou","rating":1182,"private":0,"password":""}