{"id":"gen9ou-1998090496","p1":"SlimyTime","p2":"Fumimico","format":"[Gen 9] OU","log":"|j|\u2606SlimyTime\n|j|\u2606Fumimico\n|t:|1700889677\n|gametype|singles\n|player|p1|SlimyTime|266|1505\n|player|p2|Fumimico|backersf|1449\n|teamsize|p1|6\n|teamsize|p2|6\n|gen|9\n|tier|[Gen 9] OU\n|rated|\n|rule|Sleep Clause Mod: Limit one foe put to sleep\n|rule|Species Clause: Limit one of each Pok\u00e9mon\n|rule|OHKO Clause: OHKO moves are banned\n|rule|Evasion Items Clause: Evasion items are banned\n|rule|Evasion Moves Clause: Evasion moves are banned\n|rule|Endless Battle Clause: Forcing endless battles is banned\n|rule|HP Percentage Mod: HP is shown in percentages\n|clearpoke\n|poke|p1|Goodra-Hisui, F|\n|poke|p1|Rillaboom, M|\n|poke|p1|Slowking-Galar, F|\n|poke|p1|Great Tusk|\n|poke|p1|Heatran, M|\n|poke|p1|Dragapult, M|\n|poke|p2|Ninetales-Alola, F|\n|poke|p2|Frosmoth, F|\n|poke|p2|Manaphy|\n|poke|p2|Meowscarada, F|\n|poke|p2|Kingambit, M|\n|poke|p2|Talonflame, F|\n|teampreview\n|inactive|Battle timer is ON: inactive players will automatically lose when time's up. (requested by Fumimico)\n|inactive|Fumimico has 120 seconds left.\n|inactive|Fumimico has 90 seconds left.\n|\n|t:|1700889743\n|start\n|switch|p1a: Heatran|Heatran, M|100\/100\n|switch|p2a: Meowscarada|Meowscarada, F|100\/100\n|turn|1\n|\n|t:|1700889748\n|move|p2a: Meowscarada|U-turn|p1a: Heatran\n|-start|p2a: Meowscarada|typechange|Bug|[from] ability: Protean\n|-resisted|p1a: Heatran\n|-damage|p1a: Heatran|91\/100\n|\n|t:|1700889751\n|switch|p2a: Manaphy|Manaphy|100\/100|[from] U-turn\n|move|p1a: Heatran|Magma Storm|p2a: Manaphy\n|-resisted|p2a: Manaphy\n|-damage|p2a: Manaphy|83\/100\n|-activate|p2a: Manaphy|move: Magma Storm|[of] p1a: Heatran\n|\n|-heal|p2a: Manaphy|89\/100|[from] item: Leftovers\n|-heal|p1a: Heatran|97\/100|[from] item: Leftovers\n|-damage|p2a: Manaphy|77\/100|[from] move: Magma Storm|[partiallytrapped]\n|upkeep\n|turn|2\n|\n|t:|1700889754\n|switch|p1a: Rillaboom|Rillaboom, M|100\/100\n|-fieldstart|move: Grassy Terrain|[from] ability: Grassy Surge|[of] p1a: Rillaboom\n|move|p2a: Manaphy|Ice Beam|p1a: Rillaboom\n|-supereffective|p1a: Rillaboom\n|-damage|p1a: Rillaboom|48\/100\n|\n|-heal|p2a: Manaphy|83\/100|[from] Grassy Terrain\n|-heal|p2a: Manaphy|89\/100|[from] item: Leftovers\n|-heal|p1a: Rillaboom|54\/100|[from] Grassy Terrain\n|-end|p2a: Manaphy|Magma Storm|[partiallytrapped]|[silent]\n|upkeep\n|turn|3\n|\n|t:|1700889760\n|switch|p2a: Ninetales|Ninetales-Alola, F|100\/100\n|-weather|Snow|[from] ability: Snow Warning|[of] p2a: Ninetales\n|switch|p1a: Dragapult|Dragapult, M|100\/100\n|\n|-weather|Snow|[upkeep]\n|upkeep\n|turn|4\n|\n|t:|1700889766\n|move|p1a: Dragapult|Flamethrower|p2a: Ninetales\n|-supereffective|p2a: Ninetales\n|-damage|p2a: Ninetales|20\/100\n|move|p2a: Ninetales|Aurora Veil|p2a: Ninetales\n|-sidestart|p2: Fumimico|move: Aurora Veil\n|\n|-weather|Snow|[upkeep]\n|-heal|p2a: Ninetales|26\/100|[from] Grassy Terrain\n|upkeep\n|turn|5\n|\n|t:|1700889772\n|switch|p1a: Slowking|Slowking-Galar, F|100\/100\n|switch|p2a: Manaphy|Manaphy|89\/100\n|\n|-weather|Snow|[upkeep]\n|-heal|p2a: Manaphy|95\/100|[from] Grassy Terrain\n|-heal|p2a: Manaphy|100\/100|[from] item: Leftovers\n|upkeep\n|turn|6\n|\n|t:|1700889776\n|move|p2a: Manaphy|Tail Glow|p2a: Manaphy\n|-boost|p2a: Manaphy|spa|3\n|move|p1a: Slowking|Chilly Reception|p1a: Slowking\n|\n|t:|1700889778\n|switch|p1a: Rillaboom|Rillaboom, M|54\/100|[from] Chilly Reception\n|\n|-weather|Snow|[upkeep]\n|-heal|p1a: Rillaboom|61\/100|[from] Grassy Terrain\n|-fieldend|move: Grassy Terrain\n|upkeep\n|turn|7\n|\n|t:|1700889788\n|switch|p1a: Goodra|Goodra-Hisui, F|100\/100\n|move|p2a: Manaphy|Ice Beam|p1a: Goodra\n|-damage|p1a: Goodra|73\/100\n|-status|p1a: Goodra|frz\n|\n|-weather|none\n|-heal|p1a: Goodra|79\/100 frz|[from] item: Leftovers\n|upkeep\n|turn|8\n|\n|t:|1700889806\n|move|p2a: Manaphy|Tail Glow|p2a: Manaphy\n|-boost|p2a: Manaphy|spa|3\n|cant|p1a: Goodra|frz\n|\n|-heal|p1a: Goodra|85\/100 frz|[from] item: Leftovers\n|upkeep\n|turn|9\n|\n|t:|1700889808\n|move|p2a: Manaphy|Ice Beam|p1a: Goodra\n|-damage|p1a: Goodra|42\/100 frz\n|cant|p1a: Goodra|frz\n|\n|-heal|p1a: Goodra|48\/100 frz|[from] item: Leftovers\n|upkeep\n|turn|10\n|\n|t:|1700889813\n|move|p2a: Manaphy|Ice Beam|p1a: Goodra\n|-damage|p1a: Goodra|7\/100 frz\n|cant|p1a: Goodra|frz\n|\n|-heal|p1a: Goodra|13\/100 frz|[from] item: Leftovers\n|upkeep\n|turn|11\n|\n|t:|1700889818\n|move|p2a: Manaphy|Ice Beam|p1a: Goodra\n|-damage|p1a: Goodra|0 fnt\n|faint|p1a: Goodra\n|\n|-sideend|p2: Fumimico|move: Aurora Veil\n|upkeep\n|\n|t:|1700889819\n|switch|p1a: Rillaboom|Rillaboom, M|61\/100\n|-fieldstart|move: Grassy Terrain|[from] ability: Grassy Surge|[of] p1a: Rillaboom\n|turn|12\n|inactive|Fumimico has 120 seconds left.\n|inactive|Fumimico has 90 seconds left.\n|\n|t:|1700889880\n|-terastallize|p2a: Manaphy|Steel\n|-terastallize|p1a: Rillaboom|Grass\n|move|p1a: Rillaboom|Grassy Glide|p2a: Manaphy\n|-resisted|p2a: Manaphy\n|-damage|p2a: Manaphy|64\/100\n|move|p2a: Manaphy|Ice Beam|p1a: Rillaboom\n|-supereffective|p1a: Rillaboom\n|-damage|p1a: Rillaboom|0 fnt\n|faint|p1a: Rillaboom\n|\n|-heal|p2a: Manaphy|70\/100|[from] Grassy Terrain\n|-heal|p2a: Manaphy|76\/100|[from] item: Leftovers\n|upkeep\n|\n|t:|1700889887\n|switch|p1a: Dragapult|Dragapult, M|100\/100\n|turn|13\n|\n|t:|1700889890\n|move|p1a: Dragapult|Flamethrower|p2a: Manaphy\n|-supereffective|p2a: Manaphy\n|-damage|p2a: Manaphy|11\/100\n|move|p2a: Manaphy|Ice Beam|p1a: Dragapult\n|-supereffective|p1a: Dragapult\n|-damage|p1a: Dragapult|0 fnt\n|faint|p1a: Dragapult\n|\n|-heal|p2a: Manaphy|17\/100|[from] Grassy Terrain\n|-heal|p2a: Manaphy|23\/100|[from] item: Leftovers\n|upkeep\n|\n|t:|1700889893\n|switch|p1a: Heatran|Heatran, M|97\/100\n|turn|14\n|\n|t:|1700889895\n|move|p2a: Manaphy|Surf|p1a: Heatran\n|-supereffective|p1a: Heatran\n|-damage|p1a: Heatran|0 fnt\n|faint|p1a: Heatran\n|\n|-heal|p2a: Manaphy|29\/100|[from] Grassy Terrain\n|-heal|p2a: Manaphy|35\/100|[from] item: Leftovers\n|upkeep\n|\n|t:|1700889897\n|switch|p1a: Great Tusk|Great Tusk|100\/100\n|turn|15\n|\n|t:|1700889900\n|move|p2a: Manaphy|Surf|p1a: Great Tusk\n|-supereffective|p1a: Great Tusk\n|-damage|p1a: Great Tusk|0 fnt\n|faint|p1a: Great Tusk\n|-end|p1a: Great Tusk|Protosynthesis|[silent]\n|\n|-heal|p2a: Manaphy|42\/100|[from] Grassy Terrain\n|-heal|p2a: Manaphy|48\/100|[from] item: Leftovers\n|upkeep\n|-message|SlimyTime forfeited.\n|\n|win|Fumimico\n|raw|SlimyTime's rating: 1505 &rarr; <strong>1482<\/strong><br \/>(-23 for losing)\n|raw|Fumimico's rating: 1449 &rarr; <strong>1472<\/strong><br \/>(+23 for winning)\n|l|\u2606SlimyTime\n","uploadtime":1700889907,"views":9,"p1id":"slimytime","p2id":"fumimico","formatid":"gen9ou","rating":1472,"private":0,"password":""}