{"id":"gen9ou-1999552180","p1":"Arda_shot","p2":"MizukiRimuru","format":"[Gen 9] OU","log":"|j|\u2606Arda_shot\n|j|\u2606MizukiRimuru\n|t:|1701095373\n|gametype|singles\n|player|p1|Arda_shot|proton|1126\n|player|p2|MizukiRimuru|marley|1227\n|teamsize|p1|6\n|teamsize|p2|6\n|gen|9\n|tier|[Gen 9] OU\n|rated|\n|rule|Sleep Clause Mod: Limit one foe put to sleep\n|rule|Species Clause: Limit one of each Pok\u00e9mon\n|rule|OHKO Clause: OHKO moves are banned\n|rule|Evasion Items Clause: Evasion items are banned\n|rule|Evasion Moves Clause: Evasion moves are banned\n|rule|Endless Battle Clause: Forcing endless battles is banned\n|rule|HP Percentage Mod: HP is shown in percentages\n|clearpoke\n|poke|p1|Dragapult, M|\n|poke|p1|Ogerpon-Wellspring, F|\n|poke|p1|Corviknight, M|\n|poke|p1|Ting-Lu|\n|poke|p1|Great Tusk|\n|poke|p1|Ceruledge, M|\n|poke|p2|Glimmora, M|\n|poke|p2|Ogerpon, F|\n|poke|p2|Zapdos|\n|poke|p2|Ceruledge, F|\n|poke|p2|Ribombee, F|\n|poke|p2|Inteleon, F|\n|teampreview\n|inactive|Battle timer is ON: inactive players will automatically lose when time's up. (requested by Arda_shot)\n|\n|t:|1701095381\n|start\n|switch|p1a: Ogerpon|Ogerpon-Wellspring, F|100\/100\n|switch|p2a: Ribombee|Ribombee, F|100\/100\n|turn|1\n|\n|t:|1701095393\n|-terastallize|p1a: Ogerpon|Water\n|detailschange|p1a: Ogerpon|Ogerpon-Wellspring-Tera, F, tera:Water\n|-ability|p1a: Ogerpon|Embody Aspect (Wellspring)|boost\n|-boost|p1a: Ogerpon|spd|1\n|move|p1a: Ogerpon|Swords Dance|p1a: Ogerpon\n|-boost|p1a: Ogerpon|atk|2\n|move|p2a: Ribombee|Quiver Dance|p2a: Ribombee\n|-boost|p2a: Ribombee|spa|1\n|-boost|p2a: Ribombee|spd|1\n|-boost|p2a: Ribombee|spe|1\n|\n|upkeep\n|turn|2\n|\n|t:|1701095410\n|move|p2a: Ribombee|Quiver Dance|p2a: Ribombee\n|-boost|p2a: Ribombee|spa|1\n|-boost|p2a: Ribombee|spd|1\n|-boost|p2a: Ribombee|spe|1\n|move|p1a: Ogerpon|Ivy Cudgel|p2a: Ribombee|[anim] Ivy Cudgel Water\n|-enditem|p2a: Ribombee|Focus Sash\n|-damage|p2a: Ribombee|1\/100\n|\n|upkeep\n|turn|3\n|\n|t:|1701095419\n|move|p2a: Ribombee|Moonblast|p1a: Ogerpon\n|-damage|p1a: Ogerpon|27\/100\n|-unboost|p1a: Ogerpon|spa|1\n|move|p1a: Ogerpon|Ivy Cudgel|p2a: Ribombee|[anim] Ivy Cudgel Water\n|-crit|p2a: Ribombee\n|-damage|p2a: Ribombee|0 fnt\n|faint|p2a: Ribombee\n|\n|upkeep\n|\n|t:|1701095440\n|switch|p2a: Ogerpon|Ogerpon, F|100\/100\n|turn|4\n|\n|t:|1701095454\n|-terastallize|p2a: Ogerpon|Grass\n|detailschange|p2a: Ogerpon|Ogerpon-Teal-Tera, F, tera:Grass\n|-ability|p2a: Ogerpon|Embody Aspect (Teal)|boost\n|-boost|p2a: Ogerpon|spe|1\n|move|p2a: Ogerpon|Ivy Cudgel|p1a: Ogerpon\n|-supereffective|p1a: Ogerpon\n|-damage|p1a: Ogerpon|0 fnt\n|faint|p1a: Ogerpon\n|\n|upkeep\n|inactive|Arda_shot has 120 seconds left.\n|\n|t:|1701095487\n|switch|p1a: Corviknight|Corviknight, M|100\/100\n|-ability|p1a: Corviknight|Pressure\n|turn|5\n|\n|t:|1701095495\n|switch|p2a: Ceruledge|Ceruledge, F|100\/100\n|move|p1a: Corviknight|Brave Bird|p2a: Ceruledge\n|-damage|p2a: Ceruledge|47\/100\n|-damage|p1a: Corviknight|88\/100|[from] Recoil\n|\n|-heal|p1a: Corviknight|94\/100|[from] item: Leftovers\n|upkeep\n|turn|6\n|inactive|Arda_shot has 120 seconds left.\n|\n|t:|1701095513\n|switch|p1a: Ting-Lu|Ting-Lu|100\/100\n|-ability|p1a: Ting-Lu|Vessel of Ruin\n|move|p2a: Ceruledge|Bitter Blade|p1a: Ting-Lu\n|-damage|p1a: Ting-Lu|70\/100\n|-heal|p2a: Ceruledge|70\/100|[from] drain|[of] p1a: Ting-Lu\n|\n|upkeep\n|turn|7\n|\n|t:|1701095523\n|switch|p2a: Zapdos|Zapdos|100\/100\n|move|p1a: Ting-Lu|Earthquake|p2a: Zapdos\n|-immune|p2a: Zapdos\n|\n|upkeep\n|turn|8\n|\n|t:|1701095530\n|move|p2a: Zapdos|Hurricane|p1a: Ting-Lu\n|-damage|p1a: Ting-Lu|49\/100\n|-start|p1a: Ting-Lu|confusion\n|-activate|p1a: Ting-Lu|confusion\n|move|p1a: Ting-Lu|Ruination|p2a: Zapdos\n|-damage|p2a: Zapdos|51\/100\n|\n|upkeep\n|turn|9\n|\n|t:|1701095538\n|move|p2a: Zapdos|Roost|p2a: Zapdos\n|-heal|p2a: Zapdos|100\/100\n|-singleturn|p2a: Zapdos|move: Roost\n|-activate|p1a: Ting-Lu|confusion\n|move|p1a: Ting-Lu|Ruination|p2a: Zapdos|[miss]\n|-miss|p1a: Ting-Lu|p2a: Zapdos\n|\n|upkeep\n|turn|10\n|\n|t:|1701095551\n|switch|p2a: Inteleon|Inteleon, F|100\/100\n|-activate|p1a: Ting-Lu|confusion\n|-damage|p1a: Ting-Lu|41\/100|[from] confusion\n|\n|upkeep\n|turn|11\n|\n|t:|1701095560\n|switch|p1a: Corviknight|Corviknight, M|94\/100\n|-ability|p1a: Corviknight|Pressure\n|move|p2a: Inteleon|Snipe Shot|p1a: Corviknight\n|-damage|p1a: Corviknight|53\/100\n|\n|-heal|p1a: Corviknight|59\/100|[from] item: Leftovers\n|upkeep\n|turn|12\n|\n|t:|1701095575\n|move|p2a: Inteleon|Snipe Shot|p1a: Corviknight\n|-damage|p1a: Corviknight|17\/100\n|move|p1a: Corviknight|Roost|p1a: Corviknight\n|-heal|p1a: Corviknight|67\/100\n|-singleturn|p1a: Corviknight|move: Roost\n|\n|-heal|p1a: Corviknight|73\/100|[from] item: Leftovers\n|upkeep\n|turn|13\n|\n|t:|1701095588\n|move|p2a: Inteleon|Snipe Shot|p1a: Corviknight\n|-damage|p1a: Corviknight|30\/100\n|move|p1a: Corviknight|Roost|p1a: Corviknight\n|-heal|p1a: Corviknight|80\/100\n|-singleturn|p1a: Corviknight|move: Roost\n|\n|-heal|p1a: Corviknight|86\/100|[from] item: Leftovers\n|upkeep\n|turn|14\n|\n|t:|1701095596\n|switch|p1a: Dragapult|Dragapult, M|100\/100\n|move|p2a: Inteleon|Snipe Shot|p1a: Dragapult\n|-resisted|p1a: Dragapult\n|-crit|p1a: Dragapult\n|-damage|p1a: Dragapult|40\/100\n|\n|upkeep\n|turn|15\n|\n|t:|1701095602\n|move|p1a: Dragapult|Draco Meteor|p2a: Inteleon\n|-damage|p2a: Inteleon|0 fnt\n|-unboost|p1a: Dragapult|spa|2\n|faint|p2a: Inteleon\n|\n|upkeep\n|\n|t:|1701095616\n|switch|p2a: Ceruledge|Ceruledge, F|70\/100\n|turn|16\n|\n|t:|1701095619\n|move|p2a: Ceruledge|Shadow Sneak|p1a: Dragapult\n|-supereffective|p1a: Dragapult\n|-damage|p1a: Dragapult|0 fnt\n|faint|p1a: Dragapult\n|\n|upkeep\n|\n|t:|1701095625\n|switch|p1a: Ceruledge|Ceruledge, M|100\/100\n|turn|17\n|\n|t:|1701095629\n|move|p2a: Ceruledge|Shadow Sneak|p1a: Ceruledge\n|-supereffective|p1a: Ceruledge\n|-damage|p1a: Ceruledge|31\/100\n|-ability|p1a: Ceruledge|Weak Armor|boost\n|-unboost|p1a: Ceruledge|def|1\n|-boost|p1a: Ceruledge|spe|2\n|move|p1a: Ceruledge|Swords Dance|p1a: Ceruledge\n|-boost|p1a: Ceruledge|atk|2\n|\n|upkeep\n|turn|18\n|\n|t:|1701095637\n|move|p1a: Ceruledge|Shadow Sneak|p2a: Ceruledge\n|-supereffective|p2a: Ceruledge\n|-damage|p2a: Ceruledge|0 fnt\n|faint|p2a: Ceruledge\n|\n|upkeep\n|\n|t:|1701095641\n|switch|p2a: Glimmora|Glimmora, M|100\/100\n|turn|19\n|\n|t:|1701095651\n|move|p1a: Ceruledge|Bitter Blade|p2a: Glimmora\n|-resisted|p2a: Glimmora\n|-damage|p2a: Glimmora|57\/100\n|-heal|p1a: Ceruledge|59\/100|[from] drain|[of] p2a: Glimmora\n|-activate|p2a: Glimmora|ability: Toxic Debris\n|-sidestart|p1: Arda_shot|move: Toxic Spikes\n|move|p2a: Glimmora|Earth Power|p1a: Ceruledge\n|-supereffective|p1a: Ceruledge\n|-damage|p1a: Ceruledge|3\/100\n|\n|upkeep\n|turn|20\n|\n|t:|1701095662\n|move|p1a: Ceruledge|Close Combat|p2a: Glimmora\n|-damage|p2a: Glimmora|0 fnt\n|-unboost|p1a: Ceruledge|def|1\n|-unboost|p1a: Ceruledge|spd|1\n|-activate|p2a: Glimmora|ability: Toxic Debris\n|-sidestart|p1: Arda_shot|move: Toxic Spikes\n|faint|p2a: Glimmora\n|\n|upkeep\n|\n|t:|1701095673\n|switch|p2a: Zapdos|Zapdos|100\/100\n|turn|21\n|\n|t:|1701095678\n|move|p1a: Ceruledge|Bitter Blade|p2a: Zapdos\n|-damage|p2a: Zapdos|12\/100\n|-heal|p1a: Ceruledge|61\/100|[from] drain|[of] p2a: Zapdos\n|move|p2a: Zapdos|Thunder Wave|p1a: Ceruledge|[miss]\n|-miss|p2a: Zapdos|p1a: Ceruledge\n|\n|upkeep\n|turn|22\n|\n|t:|1701095686\n|move|p1a: Ceruledge|Bitter Blade|p2a: Zapdos\n|-damage|p2a: Zapdos|0 fnt\n|-heal|p1a: Ceruledge|69\/100|[from] drain|[of] p2a: Zapdos\n|faint|p2a: Zapdos\n|\n|upkeep\n|\n|t:|1701095692\n|switch|p2a: Ogerpon|Ogerpon-Teal-Tera, F, tera:Grass|100\/100\n|-ability|p2a: Ogerpon|Embody Aspect (Teal)|boost\n|-boost|p2a: Ogerpon|spe|1\n|turn|23\n|\n|t:|1701095696\n|move|p1a: Ceruledge|Bitter Blade|p2a: Ogerpon\n|-supereffective|p2a: Ogerpon\n|-enditem|p2a: Ogerpon|Focus Sash\n|-damage|p2a: Ogerpon|1\/100\n|-heal|p1a: Ceruledge|100\/100|[from] drain|[of] p2a: Ogerpon\n|move|p2a: Ogerpon|Knock Off|p1a: Ceruledge\n|-supereffective|p1a: Ceruledge\n|-enditem|p1a: Ceruledge|Focus Sash\n|-damage|p1a: Ceruledge|1\/100\n|-ability|p1a: Ceruledge|Weak Armor|boost\n|-unboost|p1a: Ceruledge|def|1\n|-boost|p1a: Ceruledge|spe|2\n|\n|upkeep\n|turn|24\n|-message|MizukiRimuru forfeited.\n|\n|win|Arda_shot\n|raw|Arda_shot's rating: 1126 &rarr; <strong>1158<\/strong><br \/>(+32 for winning)\n|raw|MizukiRimuru's rating: 1227 &rarr; <strong>1195<\/strong><br \/>(-32 for losing)\n|l|\u2606MizukiRimuru\n","uploadtime":1701095714,"views":11,"p1id":"ardashot","p2id":"mizukirimuru","formatid":"gen9ou","rating":1158,"private":0,"password":""}