{"id":"gen9ou-1991538311","p1":"Someone44","p2":"RQLHHE1pdY0dwi3m","format":"[Gen 9] OU","log":"|j|\u2606Someone44\n|j|\u2606RQLHHE1pdY0dwi3m\n|t:|1700086224\n|gametype|singles\n|player|p1|Someone44|scientist-gen4dp|1098\n|player|p2|RQLHHE1pdY0dwi3m|266|1000\n|teamsize|p1|6\n|teamsize|p2|6\n|gen|9\n|tier|[Gen 9] OU\n|rated|\n|rule|Sleep Clause Mod: Limit one foe put to sleep\n|rule|Species Clause: Limit one of each Pok\u00e9mon\n|rule|OHKO Clause: OHKO moves are banned\n|rule|Evasion Items Clause: Evasion items are banned\n|rule|Evasion Moves Clause: Evasion moves are banned\n|rule|Endless Battle Clause: Forcing endless battles is banned\n|rule|HP Percentage Mod: HP is shown in percentages\n|clearpoke\n|poke|p1|Garchomp, F|\n|poke|p1|Gholdengo|\n|poke|p1|Arcanine, M|\n|poke|p1|Alomomola, M|\n|poke|p1|Quaquaval, M|\n|poke|p1|Rillaboom, F|\n|poke|p2|Torkoal, M|\n|poke|p2|Great Tusk|\n|poke|p2|Walking Wake|\n|poke|p2|Kingambit, M|\n|poke|p2|Infernape, M|\n|poke|p2|Rillaboom, M|\n|teampreview\n|inactive|Battle timer is ON: inactive players will automatically lose when time's up. (requested by RQLHHE1pdY0dwi3m)\n|\n|t:|1700086234\n|start\n|switch|p1a: Rillaboom|Rillaboom, F|100\/100\n|switch|p2a: Torkoal|Torkoal, M|100\/100\n|-fieldstart|move: Grassy Terrain|[from] ability: Grassy Surge|[of] p1a: Rillaboom\n|-weather|SunnyDay|[from] ability: Drought|[of] p2a: Torkoal\n|turn|1\n|\n|t:|1700086253\n|move|p1a: Rillaboom|U-turn|p2a: Torkoal\n|-resisted|p2a: Torkoal\n|-damage|p2a: Torkoal|88\/100\n|\n|t:|1700086257\n|switch|p1a: Quaquaval|Quaquaval, M|100\/100|[from] U-turn\n|move|p2a: Torkoal|Stealth Rock|p1a: Quaquaval\n|-sidestart|p1: Someone44|move: Stealth Rock\n|\n|-weather|SunnyDay|[upkeep]\n|-heal|p2a: Torkoal|94\/100|[from] Grassy Terrain\n|upkeep\n|turn|2\n|\n|t:|1700086269\n|switch|p2a: Rillaboom|Rillaboom, M|100\/100\n|move|p1a: Quaquaval|Rapid Spin|p2a: Rillaboom\n|-damage|p2a: Rillaboom|86\/100\n|-boost|p1a: Quaquaval|spe|1\n|-sideend|p1: Someone44|Stealth Rock|[from] move: Rapid Spin|[of] p1a: Quaquaval\n|\n|-weather|SunnyDay|[upkeep]\n|-heal|p2a: Rillaboom|92\/100|[from] Grassy Terrain\n|upkeep\n|turn|3\n|\n|t:|1700086282\n|switch|p1a: Arcanine|Arcanine, M|100\/100\n|-ability|p1a: Arcanine|Intimidate|boost\n|-unboost|p2a: Rillaboom|atk|1\n|move|p2a: Rillaboom|Grassy Glide|p1a: Arcanine\n|-resisted|p1a: Arcanine\n|-damage|p1a: Arcanine|73\/100\n|\n|-weather|SunnyDay|[upkeep]\n|-heal|p1a: Arcanine|79\/100|[from] Grassy Terrain\n|-heal|p2a: Rillaboom|98\/100|[from] Grassy Terrain\n|upkeep\n|turn|4\n|\n|t:|1700086294\n|switch|p2a: Walking Wake|Walking Wake|100\/100\n|-activate|p2a: Walking Wake|ability: Protosynthesis\n|-start|p2a: Walking Wake|protosynthesisspe\n|move|p1a: Arcanine|Flare Blitz|p2a: Walking Wake\n|-resisted|p2a: Walking Wake\n|-damage|p2a: Walking Wake|76\/100\n|-status|p2a: Walking Wake|brn\n|-damage|p1a: Arcanine|71\/100|[from] Recoil\n|\n|-weather|SunnyDay|[upkeep]\n|-heal|p2a: Walking Wake|82\/100 brn|[from] Grassy Terrain\n|-heal|p1a: Arcanine|77\/100|[from] Grassy Terrain\n|-damage|p2a: Walking Wake|76\/100 brn|[from] brn\n|upkeep\n|turn|5\n|inactive|Someone44 has 120 seconds left.\n|\n|t:|1700086334\n|switch|p1a: Rillaboom|Rillaboom, F|100\/100\n|move|p2a: Walking Wake|Hydro Steam|p1a: Rillaboom\n|-resisted|p1a: Rillaboom\n|-damage|p1a: Rillaboom|37\/100\n|\n|-weather|SunnyDay|[upkeep]\n|-heal|p2a: Walking Wake|82\/100 brn|[from] Grassy Terrain\n|-heal|p1a: Rillaboom|43\/100|[from] Grassy Terrain\n|-damage|p2a: Walking Wake|76\/100 brn|[from] brn\n|-fieldend|move: Grassy Terrain\n|upkeep\n|turn|6\n|inactive|Someone44 has 120 seconds left.\n|\n|t:|1700086359\n|-end|p2a: Walking Wake|Protosynthesis|[silent]\n|switch|p2a: Infernape|Infernape, M|100\/100\n|move|p1a: Rillaboom|Knock Off|p2a: Infernape\n|-resisted|p2a: Infernape\n|-damage|p2a: Infernape|57\/100\n|-enditem|p2a: Infernape|Eject Pack|[from] move: Knock Off|[of] p1a: Rillaboom\n|\n|-weather|SunnyDay|[upkeep]\n|upkeep\n|turn|7\n|\n|t:|1700086378\n|switch|p1a: Garchomp|Garchomp, F|100\/100\n|move|p2a: Infernape|Overheat|p1a: Garchomp\n|-resisted|p1a: Garchomp\n|-crit|p1a: Garchomp\n|-damage|p1a: Garchomp|29\/100\n|-unboost|p2a: Infernape|spa|2\n|\n|-weather|SunnyDay|[upkeep]\n|upkeep\n|turn|8\n|\n|t:|1700086397\n|switch|p2a: Rillaboom|Rillaboom, M|98\/100\n|-fieldstart|move: Grassy Terrain|[from] ability: Grassy Surge|[of] p2a: Rillaboom\n|switch|p1a: Alomomola|Alomomola, M|100\/100\n|\n|-weather|none\n|-heal|p2a: Rillaboom|100\/100|[from] Grassy Terrain\n|upkeep\n|turn|9\n|\n|t:|1700086406\n|move|p2a: Rillaboom|Wood Hammer|p1a: Alomomola\n|-supereffective|p1a: Alomomola\n|-damage|p1a: Alomomola|0 fnt\n|faint|p1a: Alomomola\n|-damage|p2a: Rillaboom|49\/100|[from] Recoil\n|\n|-heal|p2a: Rillaboom|55\/100|[from] Grassy Terrain\n|upkeep\n|\n|t:|1700086415\n|switch|p1a: Arcanine|Arcanine, M|77\/100\n|-ability|p1a: Arcanine|Intimidate|boost\n|-unboost|p2a: Rillaboom|atk|1\n|turn|10\n|\n|t:|1700086423\n|switch|p2a: Torkoal|Torkoal, M|94\/100\n|-weather|SunnyDay|[from] ability: Drought|[of] p2a: Torkoal\n|move|p1a: Arcanine|Flare Blitz|p2a: Torkoal\n|-resisted|p2a: Torkoal\n|-damage|p2a: Torkoal|67\/100\n|-damage|p1a: Arcanine|67\/100|[from] Recoil\n|\n|-weather|SunnyDay|[upkeep]\n|-heal|p1a: Arcanine|73\/100|[from] Grassy Terrain\n|-heal|p2a: Torkoal|73\/100|[from] Grassy Terrain\n|upkeep\n|turn|11\n|inactive|Someone44 has 90 seconds left.\n|\n|t:|1700086450\n|-terastallize|p1a: Arcanine|Normal\n|move|p1a: Arcanine|Extreme Speed|p2a: Torkoal\n|-damage|p2a: Torkoal|47\/100\n|move|p2a: Torkoal|Stealth Rock|p1a: Arcanine\n|-sidestart|p1: Someone44|move: Stealth Rock\n|\n|-weather|SunnyDay|[upkeep]\n|-heal|p1a: Arcanine|80\/100|[from] Grassy Terrain\n|-heal|p2a: Torkoal|53\/100|[from] Grassy Terrain\n|upkeep\n|turn|12\n|\n|t:|1700086463\n|switch|p2a: Great Tusk|Great Tusk|100\/100\n|-activate|p2a: Great Tusk|ability: Protosynthesis\n|-start|p2a: Great Tusk|protosynthesisspe\n|move|p1a: Arcanine|Extreme Speed|p2a: Great Tusk\n|-damage|p2a: Great Tusk|75\/100\n|\n|-weather|SunnyDay|[upkeep]\n|-heal|p2a: Great Tusk|82\/100|[from] Grassy Terrain\n|-heal|p1a: Arcanine|86\/100|[from] Grassy Terrain\n|-fieldend|move: Grassy Terrain\n|upkeep\n|turn|13\n|\n|t:|1700086477\n|move|p2a: Great Tusk|Bulk Up|p2a: Great Tusk\n|-boost|p2a: Great Tusk|atk|1\n|-boost|p2a: Great Tusk|def|1\n|move|p1a: Arcanine|Will-O-Wisp|p2a: Great Tusk\n|-status|p2a: Great Tusk|brn\n|\n|-weather|SunnyDay|[upkeep]\n|-damage|p2a: Great Tusk|75\/100 brn|[from] brn\n|upkeep\n|turn|14\n|inactive|Someone44 has 90 seconds left.\n|\n|t:|1700086498\n|switch|p1a: Quaquaval|Quaquaval, M|100\/100\n|move|p2a: Great Tusk|Headlong Rush|p1a: Quaquaval\n|-damage|p1a: Quaquaval|68\/100\n|-unboost|p2a: Great Tusk|def|1\n|-unboost|p2a: Great Tusk|spd|1\n|\n|-weather|SunnyDay|[upkeep]\n|-damage|p2a: Great Tusk|69\/100 brn|[from] brn\n|upkeep\n|turn|15\n|inactive|Someone44 has 90 seconds left.\n|\n|t:|1700086510\n|-end|p2a: Great Tusk|Protosynthesis|[silent]\n|switch|p2a: Walking Wake|Walking Wake|76\/100 brn\n|-activate|p2a: Walking Wake|ability: Protosynthesis\n|-start|p2a: Walking Wake|protosynthesisspe\n|move|p1a: Quaquaval|Aqua Step|p2a: Walking Wake\n|-resisted|p2a: Walking Wake\n|-damage|p2a: Walking Wake|72\/100 brn\n|-boost|p1a: Quaquaval|spe|1\n|\n|-weather|SunnyDay|[upkeep]\n|-damage|p2a: Walking Wake|65\/100 brn|[from] brn\n|upkeep\n|turn|16\n|inactive|Someone44 has 90 seconds left.\n|\n|t:|1700086521\n|move|p2a: Walking Wake|Draco Meteor|p1a: Quaquaval\n|-damage|p1a: Quaquaval|0 fnt\n|-unboost|p2a: Walking Wake|spa|2\n|faint|p1a: Quaquaval\n|\n|-weather|SunnyDay|[upkeep]\n|-damage|p2a: Walking Wake|59\/100 brn|[from] brn\n|upkeep\n|\n|t:|1700086534\n|switch|p1a: Gholdengo|Gholdengo|100\/100\n|-damage|p1a: Gholdengo|94\/100|[from] Stealth Rock\n|turn|17\n|\n|t:|1700086555\n|-end|p2a: Walking Wake|Protosynthesis|[silent]\n|switch|p2a: Great Tusk|Great Tusk|69\/100 brn\n|-activate|p2a: Great Tusk|ability: Protosynthesis\n|-start|p2a: Great Tusk|protosynthesisspe\n|move|p1a: Gholdengo|Nasty Plot|p1a: Gholdengo\n|-boost|p1a: Gholdengo|spa|2\n|\n|-weather|none\n|-end|p2a: Great Tusk|Protosynthesis\n|-heal|p1a: Gholdengo|100\/100|[from] item: Leftovers\n|-damage|p2a: Great Tusk|63\/100 brn|[from] brn\n|upkeep\n|turn|18\n|\n|t:|1700086566\n|move|p2a: Great Tusk|Headlong Rush|p1a: Gholdengo\n|-supereffective|p1a: Gholdengo\n|-damage|p1a: Gholdengo|50\/100\n|-unboost|p2a: Great Tusk|def|1\n|-unboost|p2a: Great Tusk|spd|1\n|move|p1a: Gholdengo|Shadow Ball|p2a: Great Tusk\n|-damage|p2a: Great Tusk|0 fnt\n|faint|p2a: Great Tusk\n|-end|p2a: Great Tusk|Protosynthesis|[silent]\n|\n|-heal|p1a: Gholdengo|56\/100|[from] item: Leftovers\n|upkeep\n|\n|t:|1700086575\n|switch|p2a: Torkoal|Torkoal, M|53\/100\n|-weather|SunnyDay|[from] ability: Drought|[of] p2a: Torkoal\n|turn|19\n|\n|t:|1700086586\n|move|p1a: Gholdengo|Shadow Ball|p2a: Torkoal\n|-damage|p2a: Torkoal|0 fnt\n|faint|p2a: Torkoal\n|\n|-weather|SunnyDay|[upkeep]\n|-heal|p1a: Gholdengo|62\/100|[from] item: Leftovers\n|upkeep\n|\n|t:|1700086597\n|switch|p2a: Walking Wake|Walking Wake|59\/100 brn\n|-activate|p2a: Walking Wake|ability: Protosynthesis\n|-start|p2a: Walking Wake|protosynthesisspe\n|turn|20\n|\n|t:|1700086615\n|move|p2a: Walking Wake|Hydro Steam|p1a: Gholdengo\n|-damage|p1a: Gholdengo|0 fnt\n|faint|p1a: Gholdengo\n|\n|-weather|SunnyDay|[upkeep]\n|-damage|p2a: Walking Wake|53\/100 brn|[from] brn\n|upkeep\n|\n|t:|1700086624\n|switch|p1a: Rillaboom|Rillaboom, F|43\/100\n|-damage|p1a: Rillaboom|30\/100|[from] Stealth Rock\n|-fieldstart|move: Grassy Terrain|[from] ability: Grassy Surge|[of] p1a: Rillaboom\n|turn|21\n|\n|t:|1700086635\n|-end|p2a: Walking Wake|Protosynthesis|[silent]\n|switch|p2a: Infernape|Infernape, M|57\/100\n|move|p1a: Rillaboom|Grassy Glide|p2a: Infernape\n|-resisted|p2a: Infernape\n|-damage|p2a: Infernape|14\/100\n|\n|-weather|SunnyDay|[upkeep]\n|-heal|p2a: Infernape|20\/100|[from] Grassy Terrain\n|-heal|p1a: Rillaboom|37\/100|[from] Grassy Terrain\n|upkeep\n|turn|22\n|\n|t:|1700086644\n|move|p1a: Rillaboom|Grassy Glide|p2a: Infernape\n|-resisted|p2a: Infernape\n|-damage|p2a: Infernape|0 fnt\n|faint|p2a: Infernape\n|\n|-weather|SunnyDay|[upkeep]\n|-heal|p1a: Rillaboom|43\/100|[from] Grassy Terrain\n|upkeep\n|\n|t:|1700086649\n|switch|p2a: Kingambit|Kingambit, M|100\/100\n|-activate|p2a: Kingambit|ability: Supreme Overlord\n|-start|p2a: Kingambit|fallen3|[silent]\n|turn|23\n|inactive|Someone44 has 90 seconds left.\n|\n|t:|1700086656\n|move|p1a: Rillaboom|Grassy Glide|p2a: Kingambit\n|-resisted|p2a: Kingambit\n|-damage|p2a: Kingambit|80\/100\n|move|p2a: Kingambit|Kowtow Cleave|p1a: Rillaboom\n|-damage|p1a: Rillaboom|0 fnt\n|faint|p1a: Rillaboom\n|\n|-weather|SunnyDay|[upkeep]\n|-heal|p2a: Kingambit|87\/100|[from] Grassy Terrain\n|-heal|p2a: Kingambit|93\/100|[from] item: Leftovers\n|upkeep\n|inactive|Someone44 has 90 seconds left.\n|\n|t:|1700086665\n|switch|p1a: Garchomp|Garchomp, F|29\/100\n|-damage|p1a: Garchomp|23\/100|[from] Stealth Rock\n|turn|24\n|inactive|Someone44 has 90 seconds left.\n|\n|t:|1700086679\n|-end|p2a: Kingambit|fallen3|[silent]\n|switch|p2a: Rillaboom|Rillaboom, M|55\/100\n|move|p1a: Garchomp|Earthquake|p2a: Rillaboom\n|-resisted|p2a: Rillaboom\n|-damage|p2a: Rillaboom|40\/100\n|\n|-weather|SunnyDay|[upkeep]\n|-heal|p1a: Garchomp|29\/100|[from] Grassy Terrain\n|-heal|p2a: Rillaboom|46\/100|[from] Grassy Terrain\n|upkeep\n|turn|25\n|\n|t:|1700086689\n|move|p2a: Rillaboom|Grassy Glide|p1a: Garchomp\n|-damage|p1a: Garchomp|0 fnt\n|-damage|p2a: Rillaboom|34\/100|[from] ability: Rough Skin|[of] p1a: Garchomp\n|faint|p1a: Garchomp\n|\n|-weather|SunnyDay|[upkeep]\n|-heal|p2a: Rillaboom|40\/100|[from] Grassy Terrain\n|-fieldend|move: Grassy Terrain\n|upkeep\n|inactive|Someone44 has 90 seconds left.\n|\n|t:|1700086703\n|switch|p1a: Arcanine|Arcanine, M, tera:Normal|86\/100\n|-ability|p1a: Arcanine|Intimidate|boost\n|-unboost|p2a: Rillaboom|atk|1\n|turn|26\n|inactive|Someone44 has 90 seconds left.\n|\n|t:|1700086721\n|move|p1a: Arcanine|Extreme Speed|p2a: Rillaboom\n|-damage|p2a: Rillaboom|0 fnt\n|faint|p2a: Rillaboom\n|\n|-weather|none\n|upkeep\n|\n|t:|1700086725\n|switch|p2a: Walking Wake|Walking Wake|53\/100 brn\n|turn|27\n|\n|t:|1700086728\n|move|p1a: Arcanine|Extreme Speed|p2a: Walking Wake\n|-crit|p2a: Walking Wake\n|-damage|p2a: Walking Wake|0 fnt\n|faint|p2a: Walking Wake\n|-end|p2a: Walking Wake|Protosynthesis|[silent]\n|\n|upkeep\n|\n|t:|1700086730\n|switch|p2a: Kingambit|Kingambit, M|93\/100\n|-activate|p2a: Kingambit|ability: Supreme Overlord\n|-start|p2a: Kingambit|fallen5|[silent]\n|turn|28\n|\n|t:|1700086736\n|move|p1a: Arcanine|Flare Blitz|p2a: Kingambit\n|-supereffective|p2a: Kingambit\n|-damage|p2a: Kingambit|16\/100\n|-damage|p1a: Arcanine|54\/100|[from] Recoil\n|move|p2a: Kingambit|Kowtow Cleave|p1a: Arcanine\n|-damage|p1a: Arcanine|0 fnt\n|faint|p1a: Arcanine\n|\n|win|RQLHHE1pdY0dwi3m\n|raw|Someone44's rating: 1098 &rarr; <strong>1067<\/strong><br \/>(-31 for losing)\n|raw|RQLHHE1pdY0dwi3m's rating: 1000 &rarr; <strong>1051<\/strong><br \/>(+51 for winning)\n","uploadtime":1700086745,"views":7,"p1id":"someone44","p2id":"rqlhhe1pdy0dwi3m","formatid":"gen9ou","rating":1051,"private":0,"password":""}