{"id":"gen9ou-1991953632","p1":"Petergriffinonline","p2":"Ali FTFC","format":"[Gen 9] OU","log":"|j|\u2606Petergriffinonline\n|j|\u2606Ali FTFC\n|t:|1700142047\n|gametype|singles\n|player|p1|Petergriffinonline|170|1325\n|player|p2|Ali FTFC|policeman|1402\n|teamsize|p1|6\n|teamsize|p2|6\n|gen|9\n|tier|[Gen 9] OU\n|rated|\n|rule|Sleep Clause Mod: Limit one foe put to sleep\n|rule|Species Clause: Limit one of each Pok\u00e9mon\n|rule|OHKO Clause: OHKO moves are banned\n|rule|Evasion Items Clause: Evasion items are banned\n|rule|Evasion Moves Clause: Evasion moves are banned\n|rule|Endless Battle Clause: Forcing endless battles is banned\n|rule|HP Percentage Mod: HP is shown in percentages\n|clearpoke\n|poke|p1|Rotom-Wash|\n|poke|p1|Amoonguss, F|\n|poke|p1|Dragapult, M|\n|poke|p1|Iron Moth|\n|poke|p1|Greninja-*, M|\n|poke|p1|Manaphy|\n|poke|p2|Heatran, M|\n|poke|p2|Enamorus, F|\n|poke|p2|Ogerpon-Wellspring, F|\n|poke|p2|Scizor, M|\n|poke|p2|Dragapult, M|\n|poke|p2|Mew|\n|teampreview\n|\n|t:|1700142072\n|start\n|switch|p1a: Dragapult|Dragapult, M|100\/100\n|switch|p2a: Enamorus|Enamorus, F|100\/100\n|turn|1\n|\n|t:|1700142081\n|switch|p1a: Amoonguss|Amoonguss, F|100\/100\n|move|p2a: Enamorus|Substitute|p2a: Enamorus\n|-start|p2a: Enamorus|Substitute\n|-damage|p2a: Enamorus|76\/100\n|\n|upkeep\n|turn|2\n|\n|t:|1700142091\n|move|p2a: Enamorus|Calm Mind|p2a: Enamorus\n|-boost|p2a: Enamorus|spa|1\n|-boost|p2a: Enamorus|spd|1\n|move|p1a: Amoonguss|Sludge Bomb|p2a: Enamorus\n|-supereffective|p2a: Enamorus\n|-end|p2a: Enamorus|Substitute\n|\n|upkeep\n|turn|3\n|\n|t:|1700142106\n|switch|p1a: Rotom|Rotom-Wash|100\/100\n|-terastallize|p2a: Enamorus|Steel\n|move|p2a: Enamorus|Calm Mind|p2a: Enamorus\n|-boost|p2a: Enamorus|spa|1\n|-boost|p2a: Enamorus|spd|1\n|\n|upkeep\n|turn|4\n|\n|t:|1700142113\n|move|p1a: Rotom|Trick|p2a: Enamorus\n|-activate|p1a: Rotom|move: Trick|[of] p2a: Enamorus\n|-item|p2a: Enamorus|Choice Scarf|[from] move: Trick\n|-item|p1a: Rotom|Heavy-Duty Boots|[from] move: Trick\n|move|p2a: Enamorus|Moonblast|p1a: Rotom\n|-damage|p1a: Rotom|0 fnt\n|faint|p1a: Rotom\n|\n|upkeep\n|\n|t:|1700142128\n|switch|p1a: Amoonguss|Amoonguss, F|100\/100\n|turn|5\n|\n|t:|1700142132\n|move|p2a: Enamorus|Moonblast|p1a: Amoonguss\n|-resisted|p1a: Amoonguss\n|-damage|p1a: Amoonguss|58\/100\n|move|p1a: Amoonguss|Spore|p2a: Enamorus\n|-status|p2a: Enamorus|slp|[from] move: Spore\n|\n|-heal|p1a: Amoonguss|64\/100|[from] item: Leftovers\n|upkeep\n|turn|6\n|\n|t:|1700142145\n|switch|p2a: Heatran|Heatran, M|100\/100\n|switch|p1a: Manaphy|Manaphy|100\/100\n|\n|upkeep\n|turn|7\n|\n|t:|1700142158\n|move|p1a: Manaphy|Acid Armor|p1a: Manaphy\n|-boost|p1a: Manaphy|def|2\n|move|p2a: Heatran|Flash Cannon|p1a: Manaphy\n|-resisted|p1a: Manaphy\n|-damage|p1a: Manaphy|87\/100\n|\n|-heal|p1a: Manaphy|93\/100|[from] item: Leftovers\n|upkeep\n|turn|8\n|\n|t:|1700142166\n|switch|p2a: Ogerpon|Ogerpon-Wellspring, F|100\/100\n|move|p1a: Manaphy|Acid Armor|p1a: Manaphy\n|-boost|p1a: Manaphy|def|2\n|\n|-heal|p1a: Manaphy|99\/100|[from] item: Leftovers\n|upkeep\n|turn|9\n|\n|t:|1700142195\n|-terastallize|p1a: Manaphy|Poison\n|move|p2a: Ogerpon|Swords Dance|p2a: Ogerpon\n|-boost|p2a: Ogerpon|atk|2\n|move|p1a: Manaphy|Stored Power|p2a: Ogerpon\n|-crit|p2a: Ogerpon\n|-damage|p2a: Ogerpon|63\/100\n|\n|-heal|p1a: Manaphy|100\/100|[from] item: Leftovers\n|upkeep\n|turn|10\n|\n|t:|1700142204\n|move|p2a: Ogerpon|Ivy Cudgel|p1a: Manaphy|[anim] Ivy Cudgel Water\n|-damage|p1a: Manaphy|72\/100\n|move|p1a: Manaphy|Take Heart|p1a: Manaphy\n|-boost|p1a: Manaphy|spa|1\n|-boost|p1a: Manaphy|spd|1\n|\n|-heal|p1a: Manaphy|78\/100|[from] item: Leftovers\n|upkeep\n|turn|11\n|\n|t:|1700142214\n|move|p2a: Ogerpon|Ivy Cudgel|p1a: Manaphy|[anim] Ivy Cudgel Water\n|-damage|p1a: Manaphy|53\/100\n|move|p1a: Manaphy|Take Heart|p1a: Manaphy\n|-boost|p1a: Manaphy|spa|1\n|-boost|p1a: Manaphy|spd|1\n|\n|-heal|p1a: Manaphy|60\/100|[from] item: Leftovers\n|upkeep\n|turn|12\n|\n|t:|1700142223\n|move|p2a: Ogerpon|Ivy Cudgel|p1a: Manaphy|[anim] Ivy Cudgel Water\n|-damage|p1a: Manaphy|35\/100\n|move|p1a: Manaphy|Acid Armor|p1a: Manaphy\n|-boost|p1a: Manaphy|def|2\n|\n|-heal|p1a: Manaphy|41\/100|[from] item: Leftovers\n|upkeep\n|turn|13\n|\n|t:|1700142229\n|move|p2a: Ogerpon|Ivy Cudgel|p1a: Manaphy|[anim] Ivy Cudgel Water\n|-damage|p1a: Manaphy|20\/100\n|move|p1a: Manaphy|Stored Power|p2a: Ogerpon\n|-damage|p2a: Ogerpon|0 fnt\n|faint|p2a: Ogerpon\n|\n|-heal|p1a: Manaphy|26\/100|[from] item: Leftovers\n|upkeep\n|\n|t:|1700142245\n|switch|p2a: Dragapult|Dragapult, M, shiny|100\/100\n|turn|14\n|\n|t:|1700142250\n|move|p2a: Dragapult|Dragon Darts|p1a: Manaphy\n|-damage|p1a: Manaphy|22\/100\n|-anim|p2a: Dragapult|Dragon Darts|p1a: Manaphy\n|-damage|p1a: Manaphy|17\/100\n|move|p1a: Manaphy|Stored Power|p2a: Dragapult\n|-damage|p2a: Dragapult|0 fnt\n|faint|p2a: Dragapult\n|\n|-heal|p1a: Manaphy|23\/100|[from] item: Leftovers\n|upkeep\n|\n|t:|1700142261\n|switch|p2a: Heatran|Heatran, M|100\/100\n|turn|15\n|\n|t:|1700142264\n|move|p1a: Manaphy|Scald|p2a: Heatran\n|-supereffective|p2a: Heatran\n|-damage|p2a: Heatran|49\/100\n|move|p2a: Heatran|Earth Power|p1a: Manaphy\n|-supereffective|p1a: Manaphy\n|-damage|p1a: Manaphy|1\/100\n|\n|-heal|p1a: Manaphy|7\/100|[from] item: Leftovers\n|upkeep\n|turn|16\n|\n|t:|1700142272\n|move|p1a: Manaphy|Scald|p2a: Heatran\n|-supereffective|p2a: Heatran\n|-damage|p2a: Heatran|0 fnt\n|faint|p2a: Heatran\n|\n|-heal|p1a: Manaphy|14\/100|[from] item: Leftovers\n|upkeep\n|\n|t:|1700142278\n|switch|p2a: Scizor|Scizor, M|100\/100\n|turn|17\n|\n|t:|1700142290\n|move|p2a: Scizor|Bullet Punch|p1a: Manaphy\n|-damage|p1a: Manaphy|9\/100\n|move|p1a: Manaphy|Stored Power|p2a: Scizor\n|-resisted|p2a: Scizor\n|-damage|p2a: Scizor|41\/100\n|\n|-heal|p1a: Manaphy|15\/100|[from] item: Leftovers\n|-heal|p2a: Scizor|47\/100|[from] item: Leftovers\n|upkeep\n|turn|18\n|-message|Ali FTFC forfeited.\n|\n|win|Petergriffinonline\n|raw|Petergriffinonline's rating: 1325 &rarr; <strong>1349<\/strong><br \/>(+24 for winning)\n|raw|Ali FTFC's rating: 1402 &rarr; <strong>1378<\/strong><br \/>(-24 for losing)\n|l|\u2606Ali FTFC\n","uploadtime":1700142322,"views":11,"p1id":"petergriffinonline","p2id":"aliftfc","formatid":"gen9ou","rating":1349,"private":0,"password":""}