{"id":"gen9ou-1990158930","p1":"Mr-Mongol","p2":"Quamnckkk","format":"[Gen 9] OU","log":"|j|\u2606Mr-Mongol\n|j|\u2606Quamnckkk\n|t:|1699931062\n|gametype|singles\n|player|p1|Mr-Mongol|dragontamer|1685\n|player|p2|Quamnckkk|yellow|1888\n|teamsize|p1|6\n|teamsize|p2|6\n|gen|9\n|tier|[Gen 9] OU\n|rated|\n|rule|Sleep Clause Mod: Limit one foe put to sleep\n|rule|Species Clause: Limit one of each Pok\u00e9mon\n|rule|OHKO Clause: OHKO moves are banned\n|rule|Evasion Items Clause: Evasion items are banned\n|rule|Evasion Moves Clause: Evasion moves are banned\n|rule|Endless Battle Clause: Forcing endless battles is banned\n|rule|HP Percentage Mod: HP is shown in percentages\n|clearpoke\n|poke|p1|Rillaboom, F|\n|poke|p1|Sneasler, M|\n|poke|p1|Zamazenta-*|\n|poke|p1|Hatterene, F|\n|poke|p1|Samurott-Hisui, F|\n|poke|p1|Heatran, M|\n|poke|p2|Weavile, M|\n|poke|p2|Weezing-Galar, M|\n|poke|p2|Alomomola, M|\n|poke|p2|Ting-Lu|\n|poke|p2|Corviknight, M|\n|poke|p2|Dondozo, M|\n|teampreview\n|inactive|Battle timer is ON: inactive players will automatically lose when time's up. (requested by Quamnckkk)\n|j| So Dynamic\n|\n|t:|1699931084\n|start\n|switch|p1a: Samurott|Samurott-Hisui, F|100\/100\n|switch|p2a: Weezing|Weezing-Galar, M|100\/100\n|-ability|p2a: Weezing|Neutralizing Gas\n|turn|1\n|\n|t:|1699931089\n|move|p1a: Samurott|Flip Turn|p2a: Weezing\n|-damage|p2a: Weezing|81\/100\n|\n|t:|1699931092\n|switch|p1a: Heatran|Heatran, M|100\/100|[from] Flip Turn\n|move|p2a: Weezing|Will-O-Wisp|p1a: Heatran\n|-immune|p1a: Heatran\n|\n|upkeep\n|turn|2\n|\n|t:|1699931096\n|-end|p2a: Weezing|ability: Neutralizing Gas\n|switch|p2a: Alomomola|Alomomola, M|100\/100\n|move|p1a: Heatran|Magma Storm|p2a: Alomomola\n|-resisted|p2a: Alomomola\n|-damage|p2a: Alomomola|78\/100\n|-activate|p2a: Alomomola|move: Magma Storm|[of] p1a: Heatran\n|\n|-heal|p2a: Alomomola|84\/100|[from] item: Leftovers\n|-damage|p2a: Alomomola|72\/100|[from] move: Magma Storm|[partiallytrapped]\n|upkeep\n|turn|3\n|\n|t:|1699931101\n|move|p1a: Heatran|Stealth Rock|p2a: Alomomola\n|-sidestart|p2: Quamnckkk|move: Stealth Rock\n|move|p2a: Alomomola|Flip Turn|p1a: Heatran\n|-supereffective|p1a: Heatran\n|-damage|p1a: Heatran|65\/100\n|\n|t:|1699931105\n|switch|p2a: Ting-Lu|Ting-Lu|100\/100|[from] Flip Turn\n|-damage|p2a: Ting-Lu|94\/100|[from] Stealth Rock\n|-ability|p2a: Ting-Lu|Vessel of Ruin\n|\n|-heal|p1a: Heatran|71\/100|[from] item: Leftovers\n|-heal|p2a: Ting-Lu|100\/100|[from] item: Leftovers\n|upkeep\n|turn|4\n|j| serving up heat\n|\n|t:|1699931112\n|switch|p1a: Hatterene|Hatterene, F|100\/100\n|switch|p2a: Alomomola|Alomomola, M|100\/100\n|-damage|p2a: Alomomola|88\/100|[from] Stealth Rock\n|\n|-heal|p2a: Alomomola|94\/100|[from] item: Leftovers\n|upkeep\n|turn|5\n|\n|t:|1699931114\n|move|p1a: Hatterene|Nuzzle|p2a: Alomomola\n|-supereffective|p2a: Alomomola\n|-damage|p2a: Alomomola|89\/100\n|-status|p2a: Alomomola|par\n|move|p2a: Alomomola|Flip Turn|p1a: Hatterene\n|-damage|p1a: Hatterene|86\/100\n|-enditem|p1a: Hatterene|Eject Button\n|\n|t:|1699931118\n|switch|p1a: Rillaboom|Rillaboom, F|100\/100\n|-fieldstart|move: Grassy Terrain|[from] ability: Grassy Surge|[of] p1a: Rillaboom\n|\n|-heal|p2a: Alomomola|95\/100 par|[from] Grassy Terrain\n|-heal|p2a: Alomomola|100\/100 par|[from] item: Leftovers\n|upkeep\n|turn|6\n|\n|t:|1699931121\n|move|p2a: Alomomola|Protect|p2a: Alomomola\n|-singleturn|p2a: Alomomola|Protect\n|move|p1a: Rillaboom|U-turn|p2a: Alomomola\n|-activate|p2a: Alomomola|move: Protect\n|\n|upkeep\n|turn|7\n|\n|t:|1699931124\n|move|p1a: Rillaboom|Wood Hammer|p2a: Alomomola\n|-supereffective|p2a: Alomomola\n|-damage|p2a: Alomomola|4\/100 par\n|-damage|p1a: Rillaboom|62\/100|[from] Recoil\n|cant|p2a: Alomomola|par\n|\n|-heal|p1a: Rillaboom|68\/100|[from] Grassy Terrain\n|-heal|p2a: Alomomola|10\/100 par|[from] Grassy Terrain\n|-heal|p2a: Alomomola|16\/100 par|[from] item: Leftovers\n|upkeep\n|turn|8\n|\n|t:|1699931131\n|cant|p2a: Alomomola|par\n|move|p1a: Rillaboom|Knock Off|p2a: Alomomola\n|-damage|p2a: Alomomola|0 fnt\n|-enditem|p2a: Alomomola|Leftovers|[from] move: Knock Off|[of] p1a: Rillaboom\n|faint|p2a: Alomomola\n|\n|-heal|p1a: Rillaboom|74\/100|[from] Grassy Terrain\n|upkeep\n|\n|t:|1699931133\n|switch|p2a: Weezing|Weezing-Galar, M|81\/100\n|-ability|p2a: Weezing|Neutralizing Gas\n|turn|9\n|\n|t:|1699931136\n|move|p1a: Rillaboom|U-turn|p2a: Weezing\n|-resisted|p2a: Weezing\n|-damage|p2a: Weezing|77\/100\n|\n|t:|1699931138\n|switch|p1a: Heatran|Heatran, M|71\/100|[from] U-turn\n|move|p2a: Weezing|Defog|p1a: Heatran\n|-unboost|p1a: Heatran|evasion|1\n|-sideend|p2: Quamnckkk|Stealth Rock|[from] move: Defog|[of] p2a: Weezing\n|-fieldend|move: Grassy Terrain\n|\n|-heal|p1a: Heatran|78\/100|[from] item: Leftovers\n|upkeep\n|turn|10\n|\n|t:|1699931144\n|-end|p2a: Weezing|ability: Neutralizing Gas\n|switch|p2a: Ting-Lu|Ting-Lu|100\/100\n|-ability|p2a: Ting-Lu|Vessel of Ruin\n|move|p1a: Heatran|Stealth Rock|p2a: Ting-Lu\n|-sidestart|p2: Quamnckkk|move: Stealth Rock\n|\n|-heal|p1a: Heatran|84\/100|[from] item: Leftovers\n|upkeep\n|turn|11\n|\n|t:|1699931149\n|switch|p1a: Hatterene|Hatterene, F|86\/100\n|move|p2a: Ting-Lu|Earthquake|p1a: Hatterene\n|-damage|p1a: Hatterene|51\/100\n|\n|upkeep\n|turn|12\n|\n|t:|1699931154\n|switch|p1a: Rillaboom|Rillaboom, F|74\/100\n|-fieldstart|move: Grassy Terrain|[from] ability: Grassy Surge|[of] p1a: Rillaboom\n|move|p2a: Ting-Lu|Earthquake|p1a: Rillaboom\n|-resisted|p1a: Rillaboom\n|-damage|p1a: Rillaboom|66\/100\n|\n|-heal|p1a: Rillaboom|72\/100|[from] Grassy Terrain\n|upkeep\n|turn|13\n|\n|t:|1699931158\n|switch|p2a: Weezing|Weezing-Galar, M|77\/100\n|-ability|p2a: Weezing|Neutralizing Gas\n|move|p1a: Rillaboom|U-turn|p2a: Weezing\n|-resisted|p2a: Weezing\n|-damage|p2a: Weezing|73\/100\n|\n|t:|1699931164\n|switch|p1a: Heatran|Heatran, M|84\/100|[from] U-turn\n|\n|-heal|p1a: Heatran|90\/100|[from] Grassy Terrain\n|-heal|p1a: Heatran|96\/100|[from] item: Leftovers\n|-heal|p2a: Weezing|79\/100|[from] Grassy Terrain\n|upkeep\n|turn|14\n|\n|t:|1699931167\n|-end|p2a: Weezing|ability: Neutralizing Gas\n|switch|p2a: Ting-Lu|Ting-Lu|100\/100\n|-damage|p2a: Ting-Lu|94\/100|[from] Stealth Rock\n|-ability|p2a: Ting-Lu|Vessel of Ruin\n|move|p1a: Heatran|Magma Storm|p2a: Ting-Lu|[miss]\n|-miss|p1a: Heatran|p2a: Ting-Lu\n|\n|-heal|p1a: Heatran|100\/100|[from] Grassy Terrain\n|-heal|p2a: Ting-Lu|100\/100|[from] Grassy Terrain\n|upkeep\n|turn|15\n|\n|t:|1699931176\n|switch|p1a: Rillaboom|Rillaboom, F|72\/100\n|move|p2a: Ting-Lu|Earthquake|p1a: Rillaboom\n|-resisted|p1a: Rillaboom\n|-damage|p1a: Rillaboom|63\/100\n|\n|-heal|p1a: Rillaboom|69\/100|[from] Grassy Terrain\n|upkeep\n|turn|16\n|j| ShiftGearKingambit\n|\n|t:|1699931182\n|switch|p2a: Weezing|Weezing-Galar, M|79\/100\n|-ability|p2a: Weezing|Neutralizing Gas\n|move|p1a: Rillaboom|Knock Off|p2a: Weezing\n|-resisted|p2a: Weezing\n|-damage|p2a: Weezing|67\/100\n|-enditem|p2a: Weezing|Heavy-Duty Boots|[from] move: Knock Off|[of] p1a: Rillaboom\n|\n|-heal|p1a: Rillaboom|75\/100|[from] Grassy Terrain\n|-heal|p2a: Weezing|73\/100|[from] Grassy Terrain\n|upkeep\n|turn|17\n|\n|t:|1699931186\n|move|p1a: Rillaboom|U-turn|p2a: Weezing\n|-resisted|p2a: Weezing\n|-damage|p2a: Weezing|68\/100\n|\n|t:|1699931188\n|switch|p1a: Heatran|Heatran, M|100\/100|[from] U-turn\n|move|p2a: Weezing|Defog|p1a: Heatran\n|-unboost|p1a: Heatran|evasion|1\n|-sideend|p2: Quamnckkk|Stealth Rock|[from] move: Defog|[of] p2a: Weezing\n|-fieldend|move: Grassy Terrain\n|\n|upkeep\n|turn|18\n|\n|t:|1699931191\n|-end|p2a: Weezing|ability: Neutralizing Gas\n|switch|p2a: Weavile|Weavile, M|100\/100\n|-ability|p2a: Weavile|Pressure\n|move|p1a: Heatran|Magma Storm|p2a: Weavile\n|-supereffective|p2a: Weavile\n|-damage|p2a: Weavile|0 fnt\n|faint|p2a: Weavile\n|\n|upkeep\n|\n|t:|1699931193\n|switch|p2a: Ting-Lu|Ting-Lu|100\/100\n|-ability|p2a: Ting-Lu|Vessel of Ruin\n|turn|19\n|\n|t:|1699931199\n|switch|p1a: Hatterene|Hatterene, F|51\/100\n|move|p2a: Ting-Lu|Stealth Rock|p1a: Hatterene\n|move|p1a: Hatterene|Stealth Rock|p2a: Ting-Lu|[from]ability: Magic Bounce\n|-sidestart|p2: Quamnckkk|move: Stealth Rock\n|\n|upkeep\n|turn|20\n|\n|t:|1699931205\n|switch|p1a: Rillaboom|Rillaboom, F|75\/100\n|-fieldstart|move: Grassy Terrain|[from] ability: Grassy Surge|[of] p1a: Rillaboom\n|move|p2a: Ting-Lu|Earthquake|p1a: Rillaboom\n|-resisted|p1a: Rillaboom\n|-damage|p1a: Rillaboom|66\/100\n|\n|-heal|p1a: Rillaboom|72\/100|[from] Grassy Terrain\n|upkeep\n|turn|21\n|\n|t:|1699931209\n|switch|p2a: Weezing|Weezing-Galar, M|68\/100\n|-ability|p2a: Weezing|Neutralizing Gas\n|-damage|p2a: Weezing|56\/100|[from] Stealth Rock\n|move|p1a: Rillaboom|U-turn|p2a: Weezing\n|-resisted|p2a: Weezing\n|-damage|p2a: Weezing|52\/100\n|\n|t:|1699931218\n|switch|p1a: Heatran|Heatran, M|100\/100|[from] U-turn\n|\n|-heal|p2a: Weezing|58\/100|[from] Grassy Terrain\n|upkeep\n|turn|22\n|\n|t:|1699931221\n|-end|p2a: Weezing|ability: Neutralizing Gas\n|switch|p2a: Ting-Lu|Ting-Lu|100\/100\n|-damage|p2a: Ting-Lu|94\/100|[from] Stealth Rock\n|-ability|p2a: Ting-Lu|Vessel of Ruin\n|move|p1a: Heatran|Magma Storm|p2a: Ting-Lu\n|-damage|p2a: Ting-Lu|73\/100\n|-activate|p2a: Ting-Lu|move: Magma Storm|[of] p1a: Heatran\n|\n|-heal|p2a: Ting-Lu|79\/100|[from] Grassy Terrain\n|-heal|p2a: Ting-Lu|86\/100|[from] item: Leftovers\n|-damage|p2a: Ting-Lu|73\/100|[from] move: Magma Storm|[partiallytrapped]\n|upkeep\n|turn|23\n|\n|t:|1699931227\n|switch|p1a: Hatterene|Hatterene, F|51\/100\n|move|p2a: Ting-Lu|Earthquake|p1a: Hatterene\n|-damage|p1a: Hatterene|32\/100\n|\n|-heal|p1a: Hatterene|38\/100|[from] Grassy Terrain\n|-heal|p2a: Ting-Lu|79\/100|[from] Grassy Terrain\n|-heal|p2a: Ting-Lu|86\/100|[from] item: Leftovers\n|-end|p2a: Ting-Lu|Magma Storm|[partiallytrapped]|[silent]\n|upkeep\n|turn|24\n|\n|t:|1699931230\n|move|p1a: Hatterene|Psychic|p2a: Ting-Lu\n|-immune|p2a: Ting-Lu\n|move|p2a: Ting-Lu|Earthquake|p1a: Hatterene\n|-damage|p1a: Hatterene|20\/100\n|\n|-heal|p1a: Hatterene|26\/100|[from] Grassy Terrain\n|-heal|p2a: Ting-Lu|92\/100|[from] Grassy Terrain\n|-heal|p2a: Ting-Lu|98\/100|[from] item: Leftovers\n|upkeep\n|turn|25\n|\n|t:|1699931233\n|switch|p1a: Rillaboom|Rillaboom, F|72\/100\n|move|p2a: Ting-Lu|Earthquake|p1a: Rillaboom\n|-resisted|p1a: Rillaboom\n|-damage|p1a: Rillaboom|63\/100\n|\n|-heal|p1a: Rillaboom|69\/100|[from] Grassy Terrain\n|-heal|p2a: Ting-Lu|100\/100|[from] Grassy Terrain\n|upkeep\n|turn|26\n|\n|t:|1699931240\n|move|p1a: Rillaboom|Wood Hammer|p2a: Ting-Lu\n|-supereffective|p2a: Ting-Lu\n|-damage|p2a: Ting-Lu|11\/100\n|-damage|p1a: Rillaboom|31\/100|[from] Recoil\n|move|p2a: Ting-Lu|Earthquake|p1a: Rillaboom\n|-resisted|p1a: Rillaboom\n|-damage|p1a: Rillaboom|23\/100\n|\n|-heal|p1a: Rillaboom|29\/100|[from] Grassy Terrain\n|-heal|p2a: Ting-Lu|18\/100|[from] Grassy Terrain\n|-heal|p2a: Ting-Lu|24\/100|[from] item: Leftovers\n|upkeep\n|turn|27\n|\n|t:|1699931245\n|move|p2a: Ting-Lu|Protect|p2a: Ting-Lu\n|-singleturn|p2a: Ting-Lu|Protect\n|move|p1a: Rillaboom|U-turn|p2a: Ting-Lu\n|-activate|p2a: Ting-Lu|move: Protect\n|\n|-heal|p1a: Rillaboom|35\/100|[from] Grassy Terrain\n|-heal|p2a: Ting-Lu|30\/100|[from] Grassy Terrain\n|-heal|p2a: Ting-Lu|36\/100|[from] item: Leftovers\n|-fieldend|move: Grassy Terrain\n|upkeep\n|turn|28\n|\n|t:|1699931249\n|switch|p2a: Corviknight|Corviknight, M|100\/100\n|-damage|p2a: Corviknight|88\/100|[from] Stealth Rock\n|-ability|p2a: Corviknight|Pressure\n|move|p1a: Rillaboom|Wood Hammer|p2a: Corviknight\n|-resisted|p2a: Corviknight\n|-damage|p2a: Corviknight|78\/100\n|-damage|p1a: Rillaboom|18\/100|[from] item: Rocky Helmet|[of] p2a: Corviknight\n|-damage|p1a: Rillaboom|15\/100|[from] Recoil\n|\n|upkeep\n|turn|29\n|\n|t:|1699931255\n|switch|p1a: Heatran|Heatran, M|100\/100\n|move|p2a: Corviknight|Defog|p1a: Heatran\n|-unboost|p1a: Heatran|evasion|1\n|-sideend|p2: Quamnckkk|Stealth Rock|[from] move: Defog|[of] p2a: Corviknight\n|\n|upkeep\n|turn|30\n|\n|t:|1699931258\n|switch|p2a: Dondozo|Dondozo, M|100\/100\n|move|p1a: Heatran|Magma Storm|p2a: Dondozo|[miss]\n|-miss|p1a: Heatran|p2a: Dondozo\n|\n|upkeep\n|turn|31\n|\n|t:|1699931264\n|move|p1a: Heatran|Stealth Rock|p2a: Dondozo\n|-sidestart|p2: Quamnckkk|move: Stealth Rock\n|move|p2a: Dondozo|Avalanche|p1a: Heatran\n|-resisted|p1a: Heatran\n|-damage|p1a: Heatran|97\/100\n|\n|-heal|p1a: Heatran|100\/100|[from] item: Leftovers\n|upkeep\n|turn|32\n|\n|t:|1699931268\n|switch|p1a: Hatterene|Hatterene, F|26\/100\n|move|p2a: Dondozo|Earthquake|p1a: Hatterene\n|-damage|p1a: Hatterene|4\/100\n|\n|upkeep\n|turn|33\n|\n|t:|1699931277\n|move|p1a: Hatterene|Healing Wish|p1a: Hatterene\n|faint|p1a: Hatterene\n|move|p2a: Dondozo|Curse|p2a: Dondozo\n|-unboost|p2a: Dondozo|spe|1\n|-boost|p2a: Dondozo|atk|1\n|-boost|p2a: Dondozo|def|1\n|\n|upkeep\n|\n|t:|1699931283\n|switch|p1a: Heatran|Heatran, M|100\/100\n|turn|34\n|\n|t:|1699931291\n|move|p1a: Heatran|Taunt|p2a: Dondozo\n|-start|p2a: Dondozo|move: Taunt\n|move|p2a: Dondozo|Earthquake|p1a: Heatran\n|-supereffective|p1a: Heatran\n|-damage|p1a: Heatran|0 fnt\n|faint|p1a: Heatran\n|\n|upkeep\n|\n|t:|1699931307\n|switch|p1a: Rillaboom|Rillaboom, F|15\/100\n|-heal|p1a: Rillaboom|100\/100|[from] move: Healing Wish\n|-fieldstart|move: Grassy Terrain|[from] ability: Grassy Surge|[of] p1a: Rillaboom\n|turn|35\n|\n|t:|1699931312\n|-terastallize|p2a: Dondozo|Dragon\n|move|p1a: Rillaboom|Wood Hammer|p2a: Dondozo\n|-resisted|p2a: Dondozo\n|-damage|p2a: Dondozo|83\/100\n|-damage|p1a: Rillaboom|93\/100|[from] Recoil\n|move|p2a: Dondozo|Avalanche|p1a: Rillaboom\n|-supereffective|p1a: Rillaboom\n|-damage|p1a: Rillaboom|16\/100\n|\n|-heal|p1a: Rillaboom|22\/100|[from] Grassy Terrain\n|-heal|p2a: Dondozo|89\/100|[from] Grassy Terrain\n|-heal|p2a: Dondozo|95\/100|[from] item: Leftovers\n|upkeep\n|turn|36\n|\n|t:|1699931316\n|move|p1a: Rillaboom|U-turn|p2a: Dondozo\n|-damage|p2a: Dondozo|85\/100\n|\n|t:|1699931318\n|switch|p1a: Sneasler|Sneasler, M|100\/100|[from] U-turn\n|-enditem|p1a: Sneasler|Grassy Seed\n|-boost|p1a: Sneasler|def|1|[from] item: Grassy Seed\n|move|p2a: Dondozo|Avalanche|p1a: Sneasler\n|-damage|p1a: Sneasler|64\/100\n|\n|-heal|p1a: Sneasler|70\/100|[from] Grassy Terrain\n|-heal|p2a: Dondozo|91\/100|[from] Grassy Terrain\n|-heal|p2a: Dondozo|97\/100|[from] item: Leftovers\n|-end|p2a: Dondozo|move: Taunt\n|upkeep\n|turn|37\n|\n|t:|1699931321\n|move|p1a: Sneasler|Dire Claw|p2a: Dondozo\n|-damage|p2a: Dondozo|78\/100\n|move|p2a: Dondozo|Curse|p2a: Dondozo\n|-unboost|p2a: Dondozo|spe|1\n|-boost|p2a: Dondozo|atk|1\n|-boost|p2a: Dondozo|def|1\n|\n|-heal|p1a: Sneasler|76\/100|[from] Grassy Terrain\n|-heal|p2a: Dondozo|84\/100|[from] Grassy Terrain\n|-heal|p2a: Dondozo|90\/100|[from] item: Leftovers\n|upkeep\n|turn|38\n|\n|t:|1699931324\n|move|p1a: Sneasler|Dire Claw|p2a: Dondozo\n|-damage|p2a: Dondozo|76\/100\n|-status|p2a: Dondozo|slp\n|cant|p2a: Dondozo|slp\n|\n|-heal|p1a: Sneasler|82\/100|[from] Grassy Terrain\n|-heal|p2a: Dondozo|82\/100 slp|[from] Grassy Terrain\n|-heal|p2a: Dondozo|88\/100 slp|[from] item: Leftovers\n|upkeep\n|turn|39\n|\n|t:|1699931333\n|move|p1a: Sneasler|Close Combat|p2a: Dondozo\n|-damage|p2a: Dondozo|67\/100 slp\n|-unboost|p1a: Sneasler|def|1\n|-unboost|p1a: Sneasler|spd|1\n|cant|p2a: Dondozo|slp\n|\n|-heal|p1a: Sneasler|88\/100|[from] Grassy Terrain\n|-heal|p2a: Dondozo|73\/100 slp|[from] Grassy Terrain\n|-heal|p2a: Dondozo|79\/100 slp|[from] item: Leftovers\n|upkeep\n|turn|40\n|\n|t:|1699931336\n|move|p1a: Sneasler|Close Combat|p2a: Dondozo\n|-damage|p2a: Dondozo|58\/100 slp\n|-unboost|p1a: Sneasler|def|1\n|-unboost|p1a: Sneasler|spd|1\n|cant|p2a: Dondozo|slp\n|\n|-heal|p1a: Sneasler|94\/100|[from] Grassy Terrain\n|-heal|p2a: Dondozo|64\/100 slp|[from] Grassy Terrain\n|-heal|p2a: Dondozo|70\/100 slp|[from] item: Leftovers\n|upkeep\n|turn|41\n|\n|t:|1699931340\n|move|p1a: Sneasler|Close Combat|p2a: Dondozo\n|-damage|p2a: Dondozo|51\/100 slp\n|-unboost|p1a: Sneasler|def|1\n|-unboost|p1a: Sneasler|spd|1\n|-curestatus|p2a: Dondozo|slp|[msg]\n|move|p2a: Dondozo|Curse|p2a: Dondozo\n|-unboost|p2a: Dondozo|spe|1\n|-boost|p2a: Dondozo|atk|1\n|-boost|p2a: Dondozo|def|1\n|\n|-heal|p1a: Sneasler|99\/100|[from] Grassy Terrain\n|-heal|p2a: Dondozo|57\/100|[from] Grassy Terrain\n|-heal|p2a: Dondozo|63\/100|[from] item: Leftovers\n|upkeep\n|turn|42\n|\n|t:|1699931344\n|move|p1a: Sneasler|Dire Claw|p2a: Dondozo\n|-damage|p2a: Dondozo|52\/100\n|-status|p2a: Dondozo|psn\n|move|p2a: Dondozo|Earthquake|p1a: Sneasler\n|-supereffective|p1a: Sneasler\n|-damage|p1a: Sneasler|4\/100\n|\n|-heal|p1a: Sneasler|10\/100|[from] Grassy Terrain\n|-heal|p2a: Dondozo|58\/100 psn|[from] Grassy Terrain\n|-heal|p2a: Dondozo|64\/100 psn|[from] item: Leftovers\n|-damage|p2a: Dondozo|52\/100 psn|[from] psn\n|-fieldend|move: Grassy Terrain\n|upkeep\n|turn|43\n|\n|t:|1699931348\n|move|p1a: Sneasler|Close Combat|p2a: Dondozo\n|-damage|p2a: Dondozo|36\/100 psn\n|-unboost|p1a: Sneasler|def|1\n|-unboost|p1a: Sneasler|spd|1\n|move|p2a: Dondozo|Rest|p2a: Dondozo\n|-status|p2a: Dondozo|slp|[from] move: Rest\n|-heal|p2a: Dondozo|100\/100 slp|[silent]\n|\n|upkeep\n|turn|44\n|\n|t:|1699931352\n|move|p1a: Sneasler|Close Combat|p2a: Dondozo\n|-damage|p2a: Dondozo|84\/100 slp\n|-unboost|p1a: Sneasler|def|1\n|-unboost|p1a: Sneasler|spd|1\n|cant|p2a: Dondozo|slp\n|\n|-heal|p2a: Dondozo|91\/100 slp|[from] item: Leftovers\n|upkeep\n|turn|45\n|\n|t:|1699931355\n|move|p1a: Sneasler|Close Combat|p2a: Dondozo\n|-damage|p2a: Dondozo|75\/100 slp\n|-unboost|p1a: Sneasler|def|1\n|-unboost|p1a: Sneasler|spd|1\n|cant|p2a: Dondozo|slp\n|\n|-heal|p2a: Dondozo|81\/100 slp|[from] item: Leftovers\n|upkeep\n|turn|46\n|\n|t:|1699931358\n|move|p1a: Sneasler|Close Combat|p2a: Dondozo\n|-damage|p2a: Dondozo|65\/100 slp\n|-unboost|p1a: Sneasler|def|1\n|-curestatus|p2a: Dondozo|slp|[msg]\n|move|p2a: Dondozo|Avalanche|p1a: Sneasler\n|-damage|p1a: Sneasler|0 fnt\n|faint|p1a: Sneasler\n|\n|-heal|p2a: Dondozo|72\/100|[from] item: Leftovers\n|upkeep\n|\n|t:|1699931363\n|switch|p1a: Rillaboom|Rillaboom, F|22\/100\n|-fieldstart|move: Grassy Terrain|[from] ability: Grassy Surge|[of] p1a: Rillaboom\n|turn|47\n|-message|Mr-Mongol forfeited.\n|\n|win|Quamnckkk\n|raw|Mr-Mongol's rating: 1685 &rarr; <strong>1676<\/strong><br \/>(-9 for losing)\n|raw|Quamnckkk's rating: 1888 &rarr; <strong>1897<\/strong><br \/>(+9 for winning)\n|l|\u2606Mr-Mongol\n","uploadtime":1699931376,"views":17,"p1id":"mrmongol","p2id":"quamnckkk","formatid":"gen9ou","rating":1676,"private":0,"password":""}