{"id":"gen9ou-1993314235","p1":"moope","p2":"Joeventi","format":"[Gen 9] OU","log":"|j|\u2606moope\n|j|\u2606Joeventi\n|t:|1700296338\n|gametype|singles\n|player|p1|moope|iono|1464\n|player|p2|Joeventi|iris-gen5bw2|1544\n|teamsize|p1|6\n|teamsize|p2|6\n|gen|9\n|tier|[Gen 9] OU\n|rated|\n|rule|Sleep Clause Mod: Limit one foe put to sleep\n|rule|Species Clause: Limit one of each Pok\u00e9mon\n|rule|OHKO Clause: OHKO moves are banned\n|rule|Evasion Items Clause: Evasion items are banned\n|rule|Evasion Moves Clause: Evasion moves are banned\n|rule|Endless Battle Clause: Forcing endless battles is banned\n|rule|HP Percentage Mod: HP is shown in percentages\n|clearpoke\n|poke|p1|Scizor, M|\n|poke|p1|Dragonite, M|\n|poke|p1|Meowscarada, F|\n|poke|p1|Greninja-*, M|\n|poke|p1|Heatran, M|\n|poke|p1|Maushold|\n|poke|p2|Gholdengo|\n|poke|p2|Great Tusk|\n|poke|p2|Ogerpon-Wellspring, F|\n|poke|p2|Enamorus, F|\n|poke|p2|Slowking-Galar, F|\n|poke|p2|Samurott-Hisui, M|\n|teampreview\n|inactive|Battle timer is ON: inactive players will automatically lose when time's up. (requested by Joeventi)\n|\n|t:|1700296364\n|start\n|switch|p1a: Meowscarada|Meowscarada, F|100\/100\n|switch|p2a: MANGO|Samurott-Hisui, M|100\/100\n|turn|1\n|\n|t:|1700296373\n|move|p1a: Meowscarada|Flower Trick|p2a: MANGO\n|-start|p1a: Meowscarada|typechange|Grass|[from] ability: Protean\n|-supereffective|p2a: MANGO\n|-crit|p2a: MANGO\n|-enditem|p2a: MANGO|Focus Sash\n|-damage|p2a: MANGO|1\/100\n|move|p2a: MANGO|Ceaseless Edge|p1a: Meowscarada\n|-damage|p1a: Meowscarada|25\/100\n|-sidestart|p1: moope|Spikes\n|\n|upkeep\n|turn|2\n|\n|t:|1700296385\n|move|p1a: Meowscarada|Sucker Punch|p2a: MANGO\n|-resisted|p2a: MANGO\n|-damage|p2a: MANGO|0 fnt\n|faint|p2a: MANGO\n|\n|upkeep\n|\n|t:|1700296396\n|switch|p2a: Enamorus|Enamorus, F|100\/100\n|turn|3\n|\n|t:|1700296410\n|move|p1a: Meowscarada|U-turn|p2a: Enamorus\n|-resisted|p2a: Enamorus\n|-damage|p2a: Enamorus|93\/100\n|\n|t:|1700296416\n|switch|p1a: Greninja|Greninja, M|100\/100|[from] U-turn\n|-damage|p1a: Greninja|88\/100|[from] Spikes\n|move|p2a: Enamorus|Earth Power|p1a: Greninja\n|-damage|p1a: Greninja|11\/100\n|\n|upkeep\n|turn|4\n|\n|t:|1700296426\n|switch|p2a: Ogerpon|Ogerpon-Wellspring, F|100\/100\n|move|p1a: Greninja|Ice Beam|p2a: Ogerpon\n|-damage|p2a: Ogerpon|56\/100\n|\n|upkeep\n|turn|5\n|\n|t:|1700296431\n|move|p1a: Greninja|Ice Beam|p2a: Ogerpon\n|-damage|p2a: Ogerpon|11\/100\n|-status|p2a: Ogerpon|frz\n|-curestatus|p2a: Ogerpon|frz|[msg]\n|move|p2a: Ogerpon|U-turn|p1a: Greninja\n|-supereffective|p1a: Greninja\n|-damage|p1a: Greninja|0 fnt\n|faint|p1a: Greninja\n|\n|t:|1700296434\n|switch|p2a: Slowking|Slowking-Galar, F|100\/100|[from] U-turn\n|\n|upkeep\n|\n|t:|1700296437\n|switch|p1a: Maushold|Maushold|100\/100\n|-damage|p1a: Maushold|88\/100|[from] Spikes\n|turn|6\n|\n|t:|1700296440\n|move|p1a: Maushold|Tidy Up|p1a: Maushold\n|-sideend|p1: moope|Spikes\n|-activate|p1a: Maushold|move: Tidy Up\n|-boost|p1a: Maushold|atk|1\n|-boost|p1a: Maushold|spe|1\n|move|p2a: Slowking|Future Sight|p1a: Maushold\n|-start|p2a: Slowking|move: Future Sight\n|\n|upkeep\n|turn|7\n|\n|t:|1700296445\n|switch|p2a: Great Tusk|Great Tusk|100\/100\n|move|p1a: Maushold|Population Bomb|p2a: Great Tusk\n|-damage|p2a: Great Tusk|92\/100\n|-damage|p2a: Great Tusk|84\/100\n|-damage|p2a: Great Tusk|76\/100\n|-damage|p2a: Great Tusk|68\/100\n|-damage|p2a: Great Tusk|60\/100\n|-damage|p2a: Great Tusk|52\/100\n|-damage|p2a: Great Tusk|44\/100\n|-damage|p2a: Great Tusk|37\/100\n|-damage|p2a: Great Tusk|30\/100\n|-damage|p2a: Great Tusk|22\/100\n|-hitcount|p2a: Great Tusk|10\n|\n|-heal|p2a: Great Tusk|29\/100|[from] item: Leftovers\n|upkeep\n|turn|8\n|\n|t:|1700296460\n|-end|p2a: Great Tusk|Protosynthesis|[silent]\n|switch|p2a: Gholdengo|Gholdengo|100\/100\n|-item|p2a: Gholdengo|Air Balloon\n|-terastallize|p1a: Maushold|Dark\n|move|p1a: Maushold|Bite|p2a: Gholdengo\n|-supereffective|p2a: Gholdengo\n|-damage|p2a: Gholdengo|37\/100\n|-enditem|p2a: Gholdengo|Air Balloon\n|\n|-end|p1a: Maushold|move: Future Sight\n|-immune|p1a: Maushold\n|upkeep\n|turn|9\n|-message|Joeventi forfeited.\n|\n|win|moope\n|raw|moope's rating: 1464 &rarr; <strong>1489<\/strong><br \/>(+25 for winning)\n|raw|Joeventi's rating: 1544 &rarr; <strong>1519<\/strong><br \/>(-25 for losing)\n|l|\u2606Joeventi\n","uploadtime":1700296475,"views":18,"p1id":"moope","p2id":"joeventi","formatid":"gen9ou","rating":1489,"private":0,"password":""}