{"id":"gen9ou-1989010144","p1":"Hutallan","p2":"Pearsquare","format":"[Gen 9] OU","log":"|j|\u2606Hutallan\n|j|\u2606Pearsquare\n|t:|1699801785\n|gametype|singles\n|player|p1|Hutallan|101|1000\n|player|p2|Pearsquare|caitlin|1048\n|teamsize|p1|6\n|teamsize|p2|6\n|gen|9\n|tier|[Gen 9] OU\n|rated|\n|rule|Sleep Clause Mod: Limit one foe put to sleep\n|rule|Species Clause: Limit one of each Pok\u00e9mon\n|rule|OHKO Clause: OHKO moves are banned\n|rule|Evasion Items Clause: Evasion items are banned\n|rule|Evasion Moves Clause: Evasion moves are banned\n|rule|Endless Battle Clause: Forcing endless battles is banned\n|rule|HP Percentage Mod: HP is shown in percentages\n|clearpoke\n|poke|p1|Hatterene, F|\n|poke|p1|Great Tusk|\n|poke|p1|Glimmora, M|\n|poke|p1|Blissey, F|\n|poke|p1|Garganacl, F|\n|poke|p1|Zapdos|\n|poke|p2|Meloetta|\n|poke|p2|Gardevoir, F|\n|poke|p2|Ninetales-Alola, M|\n|poke|p2|Ceruledge, F|\n|poke|p2|Lilligant-Hisui, F|\n|poke|p2|Tatsugiri, F|\n|teampreview\n|\n|t:|1699801798\n|start\n|switch|p1a: Great Tusk|Great Tusk|100\/100\n|switch|p2a: Fluff|Ninetales-Alola, M|100\/100\n|-weather|Snow|[from] ability: Snow Warning|[of] p2a: Fluff\n|turn|1\n|\n|t:|1699801810\n|move|p2a: Fluff|Aurora Veil|p2a: Fluff\n|-sidestart|p2: Pearsquare|move: Aurora Veil\n|move|p1a: Great Tusk|Stealth Rock|p2a: Fluff\n|-sidestart|p2: Pearsquare|move: Stealth Rock\n|\n|-weather|Snow|[upkeep]\n|upkeep\n|turn|2\n|\n|t:|1699801818\n|move|p2a: Fluff|Blizzard|p1a: Great Tusk\n|-supereffective|p1a: Great Tusk\n|-damage|p1a: Great Tusk|11\/100\n|move|p1a: Great Tusk|Body Press|p2a: Fluff\n|-damage|p2a: Fluff|80\/100\n|\n|-weather|Snow|[upkeep]\n|upkeep\n|turn|3\n|\n|t:|1699801837\n|-end|p1a: Great Tusk|Protosynthesis|[silent]\n|switch|p1a: Blissey|Blissey, F, shiny|100\/100\n|move|p2a: Fluff|Blizzard|p1a: Blissey\n|-damage|p1a: Blissey|89\/100\n|\n|-weather|Snow|[upkeep]\n|-heal|p1a: Blissey|95\/100|[from] item: Leftovers\n|upkeep\n|turn|4\n|\n|t:|1699801850\n|switch|p2a: Lin|Ceruledge, F|100\/100\n|move|p1a: Blissey|Earthquake|p2a: Lin\n|-supereffective|p2a: Lin\n|-damage|p2a: Lin|92\/100\n|\n|-weather|Snow|[upkeep]\n|-heal|p1a: Blissey|100\/100|[from] item: Leftovers\n|upkeep\n|turn|5\n|\n|t:|1699801866\n|move|p2a: Lin|Taunt|p1a: Blissey\n|-start|p1a: Blissey|move: Taunt\n|cant|p1a: Blissey|move: Taunt|Substitute\n|\n|-weather|none\n|upkeep\n|turn|6\n|\n|t:|1699801875\n|move|p2a: Lin|Bulk Up|p2a: Lin\n|-boost|p2a: Lin|atk|1\n|-boost|p2a: Lin|def|1\n|move|p1a: Blissey|Earthquake|p2a: Lin\n|-supereffective|p2a: Lin\n|-damage|p2a: Lin|87\/100\n|\n|upkeep\n|turn|7\n|\n|t:|1699801883\n|move|p2a: Lin|Bulk Up|p2a: Lin\n|-boost|p2a: Lin|atk|1\n|-boost|p2a: Lin|def|1\n|move|p1a: Blissey|Earthquake|p2a: Lin\n|-supereffective|p2a: Lin\n|-damage|p2a: Lin|83\/100\n|\n|-end|p1a: Blissey|move: Taunt\n|upkeep\n|turn|8\n|\n|t:|1699801917\n|move|p1a: Blissey|Protect|p1a: Blissey\n|-singleturn|p1a: Blissey|Protect\n|move|p2a: Lin|Bitter Blade|p1a: Blissey\n|-activate|p1a: Blissey|move: Protect\n|\n|-sideend|p2: Pearsquare|move: Aurora Veil\n|upkeep\n|turn|9\n|\n|t:|1699801935\n|move|p2a: Lin|Bitter Blade|p1a: Blissey\n|-crit|p1a: Blissey\n|-damage|p1a: Blissey|0 fnt\n|-heal|p2a: Lin|100\/100|[from] drain|[of] p1a: Blissey\n|faint|p1a: Blissey\n|\n|upkeep\n|\n|t:|1699801952\n|switch|p1a: Glimmora|Glimmora, M|100\/100\n|turn|10\n|\n|t:|1699801962\n|move|p1a: Glimmora|Spikes|p2a: Lin\n|-sidestart|p2: Pearsquare|Spikes\n|move|p2a: Lin|Bitter Blade|p1a: Glimmora\n|-resisted|p1a: Glimmora\n|-damage|p1a: Glimmora|56\/100\n|-activate|p1a: Glimmora|ability: Toxic Debris\n|-sidestart|p2: Pearsquare|move: Toxic Spikes\n|\n|upkeep\n|turn|11\n|\n|t:|1699801980\n|move|p1a: Glimmora|Protect|p1a: Glimmora\n|-singleturn|p1a: Glimmora|Protect\n|move|p2a: Lin|Bulk Up|p2a: Lin\n|-boost|p2a: Lin|atk|1\n|-boost|p2a: Lin|def|1\n|\n|upkeep\n|turn|12\n|\n|t:|1699801994\n|move|p1a: Glimmora|Mortal Spin|p2a: Lin\n|-resisted|p2a: Lin\n|-damage|p2a: Lin|98\/100\n|-status|p2a: Lin|psn\n|move|p2a: Lin|Bulk Up|p2a: Lin\n|-boost|p2a: Lin|atk|1\n|-boost|p2a: Lin|def|1\n|\n|-damage|p2a: Lin|86\/100 psn|[from] psn\n|upkeep\n|turn|13\n|\n|t:|1699802014\n|move|p1a: Glimmora|Mortal Spin|p2a: Lin\n|-resisted|p2a: Lin\n|-damage|p2a: Lin|84\/100 psn\n|move|p2a: Lin|Bitter Blade|p1a: Glimmora\n|-resisted|p1a: Glimmora\n|-damage|p1a: Glimmora|0 fnt\n|-heal|p2a: Lin|100\/100 psn|[from] drain|[of] p1a: Glimmora\n|-activate|p1a: Glimmora|ability: Toxic Debris\n|-sidestart|p2: Pearsquare|move: Toxic Spikes\n|faint|p1a: Glimmora\n|\n|-damage|p2a: Lin|88\/100 psn|[from] psn\n|upkeep\n|\n|t:|1699802033\n|switch|p1a: Garganacl|Garganacl, F|100\/100\n|turn|14\n|\n|t:|1699802086\n|-terastallize|p2a: Lin|Fairy\n|-terastallize|p1a: Garganacl|Flying\n|move|p2a: Lin|Bitter Blade|p1a: Garganacl\n|-damage|p1a: Garganacl|7\/100\n|-heal|p2a: Lin|100\/100 psn|[from] drain|[of] p1a: Garganacl\n|move|p1a: Garganacl|Substitute|p1a: Garganacl\n|-fail|p1a: Garganacl|move: Substitute|[weak]\n|\n|-heal|p1a: Garganacl|13\/100|[from] item: Leftovers\n|-damage|p2a: Lin|88\/100 psn|[from] psn\n|upkeep\n|turn|15\n|\n|t:|1699802101\n|move|p2a: Lin|Shadow Sneak|p1a: Garganacl\n|-damage|p1a: Garganacl|0 fnt\n|faint|p1a: Garganacl\n|\n|-damage|p2a: Lin|76\/100 psn|[from] psn\n|upkeep\n|\n|t:|1699802126\n|switch|p1a: Zapdos|Zapdos|100\/100\n|turn|16\n|\n|t:|1699802150\n|move|p1a: Zapdos|Thunder|p2a: Lin\n|-damage|p2a: Lin|0 fnt\n|faint|p2a: Lin\n|\n|upkeep\n|\n|t:|1699802172\n|switch|p2a: Fluff|Ninetales-Alola, M|80\/100\n|-damage|p2a: Fluff|55\/100|[from] Stealth Rock\n|-damage|p2a: Fluff|42\/100|[from] Spikes\n|-status|p2a: Fluff|tox\n|-weather|Snow|[from] ability: Snow Warning|[of] p2a: Fluff\n|turn|17\n|\n|t:|1699802208\n|switch|p1a: Hatterene|Hatterene, F|100\/100\n|move|p2a: Fluff|Blizzard|p1a: Hatterene\n|-damage|p1a: Hatterene|67\/100\n|\n|-weather|Snow|[upkeep]\n|-heal|p1a: Hatterene|73\/100|[from] item: Leftovers\n|-damage|p2a: Fluff|36\/100 tox|[from] psn\n|upkeep\n|turn|18\n|\n|t:|1699802222\n|move|p2a: Fluff|Aurora Veil|p2a: Fluff\n|-sidestart|p2: Pearsquare|move: Aurora Veil\n|move|p1a: Hatterene|Draining Kiss|p2a: Fluff\n|-damage|p2a: Fluff|21\/100 tox\n|-heal|p1a: Hatterene|84\/100|[from] drain|[of] p2a: Fluff\n|\n|-weather|Snow|[upkeep]\n|-heal|p1a: Hatterene|89\/100|[from] item: Leftovers\n|-damage|p2a: Fluff|9\/100 tox|[from] psn\n|upkeep\n|turn|19\n|\n|t:|1699802242\n|move|p2a: Fluff|Blizzard|p1a: Hatterene\n|-damage|p1a: Hatterene|56\/100\n|move|p1a: Hatterene|Dark Pulse|p2a: Fluff\n|-resisted|p2a: Fluff\n|-damage|p2a: Fluff|2\/100 tox\n|\n|-weather|Snow|[upkeep]\n|-heal|p1a: Hatterene|62\/100|[from] item: Leftovers\n|-damage|p2a: Fluff|0 fnt|[from] psn\n|faint|p2a: Fluff\n|upkeep\n|\n|t:|1699802257\n|switch|p2a: Allison|Gardevoir, F|100\/100\n|-damage|p2a: Allison|88\/100|[from] Stealth Rock\n|-damage|p2a: Allison|76\/100|[from] Spikes\n|-status|p2a: Allison|tox\n|-ability|p2a: Allison|Magic Bounce|[from] ability: Trace|[of] p1a: Hatterene\n|turn|20\n|\n|t:|1699802267\n|move|p2a: Allison|Shadow Ball|p1a: Hatterene\n|-supereffective|p1a: Hatterene\n|-damage|p1a: Hatterene|5\/100\n|-unboost|p1a: Hatterene|spd|1\n|move|p1a: Hatterene|Dark Pulse|p2a: Allison\n|-damage|p2a: Allison|59\/100 tox\n|\n|-weather|Snow|[upkeep]\n|-heal|p1a: Hatterene|11\/100|[from] item: Leftovers\n|-damage|p2a: Allison|53\/100 tox|[from] psn\n|upkeep\n|turn|21\n|\n|t:|1699802280\n|switch|p1a: Zapdos|Zapdos|100\/100\n|move|p2a: Allison|Shadow Ball|p1a: Zapdos\n|-damage|p1a: Zapdos|71\/100\n|\n|-weather|none\n|-damage|p2a: Allison|41\/100 tox|[from] psn\n|upkeep\n|turn|22\n|\n|t:|1699802296\n|move|p2a: Allison|Shadow Ball|p1a: Zapdos\n|-damage|p1a: Zapdos|39\/100\n|-unboost|p1a: Zapdos|spd|1\n|move|p1a: Zapdos|U-turn|p2a: Allison\n|-damage|p2a: Allison|28\/100 tox\n|\n|t:|1699802308\n|switch|p1a: Great Tusk|Great Tusk|11\/100|[from] U-turn\n|\n|-damage|p2a: Allison|10\/100 tox|[from] psn\n|upkeep\n|turn|23\n|\n|t:|1699802325\n|move|p2a: Allison|Shadow Ball|p1a: Great Tusk\n|-damage|p1a: Great Tusk|0 fnt\n|faint|p1a: Great Tusk\n|-end|p1a: Great Tusk|Protosynthesis|[silent]\n|\n|-damage|p2a: Allison|0 fnt|[from] psn\n|faint|p2a: Allison\n|upkeep\n|\n|t:|1699802343\n|switch|p2a: Mitsuki|Lilligant-Hisui, F|100\/100\n|switch|p1a: Hatterene|Hatterene, F|11\/100\n|-damage|p2a: Mitsuki|94\/100|[from] Stealth Rock\n|-damage|p2a: Mitsuki|82\/100|[from] Spikes\n|-status|p2a: Mitsuki|tox\n|turn|24\n|\n|t:|1699802353\n|move|p2a: Mitsuki|Leaf Blade|p1a: Hatterene\n|-damage|p1a: Hatterene|0 fnt\n|faint|p1a: Hatterene\n|\n|-damage|p2a: Mitsuki|76\/100 tox|[from] psn\n|upkeep\n|\n|t:|1699802361\n|switch|p1a: Zapdos|Zapdos|39\/100\n|turn|25\n|\n|t:|1699802373\n|move|p2a: Mitsuki|Close Combat|p1a: Zapdos|[miss]\n|-miss|p2a: Mitsuki|p1a: Zapdos\n|move|p1a: Zapdos|Heat Wave|p2a: Mitsuki\n|-supereffective|p2a: Mitsuki\n|-damage|p2a: Mitsuki|0 fnt\n|faint|p2a: Mitsuki\n|\n|-sideend|p2: Pearsquare|move: Aurora Veil\n|upkeep\n|\n|t:|1699802382\n|switch|p2a: Lolani|Tatsugiri, F|100\/100\n|-damage|p2a: Lolani|88\/100|[from] Stealth Rock\n|-damage|p2a: Lolani|76\/100|[from] Spikes\n|-status|p2a: Lolani|tox\n|turn|26\n|\n|t:|1699802399\n|move|p2a: Lolani|Protect|p2a: Lolani\n|-singleturn|p2a: Lolani|Protect\n|move|p1a: Zapdos|Heat Wave|p2a: Lolani\n|-activate|p2a: Lolani|move: Protect\n|\n|-damage|p2a: Lolani|70\/100 tox|[from] psn\n|upkeep\n|turn|27\n|\n|t:|1699802408\n|move|p1a: Zapdos|Heat Wave|p2a: Lolani\n|-resisted|p2a: Lolani\n|-damage|p2a: Lolani|53\/100 tox\n|move|p2a: Lolani|Draco Meteor|p1a: Zapdos\n|-damage|p1a: Zapdos|0 fnt\n|-unboost|p2a: Lolani|spa|2\n|faint|p1a: Zapdos\n|\n|win|Pearsquare\n|raw|Hutallan's rating: 1000 &rarr; <strong>1000<\/strong><br \/>(+0 for losing)\n|raw|Pearsquare's rating: 1048 &rarr; <strong>1076<\/strong><br \/>(+28 for winning)\n","uploadtime":1699802418,"views":29,"p1id":"hutallan","p2id":"pearsquare","formatid":"gen9ou","rating":1000,"private":0,"password":""}