{"id":"gen9ou-1989339444","p1":"waterser","p2":"Monerochan","format":"[Gen 9] OU","log":"|j|\u2606waterser\n|j|\u2606Monerochan\n|t:|1699838183\n|gametype|singles\n|player|p1|waterser|lucas-gen4pt|1706\n|player|p2|Monerochan|266|1780\n|teamsize|p1|6\n|teamsize|p2|6\n|gen|9\n|tier|[Gen 9] OU\n|rated|\n|rule|Sleep Clause Mod: Limit one foe put to sleep\n|rule|Species Clause: Limit one of each Pok\u00e9mon\n|rule|OHKO Clause: OHKO moves are banned\n|rule|Evasion Items Clause: Evasion items are banned\n|rule|Evasion Moves Clause: Evasion moves are banned\n|rule|Endless Battle Clause: Forcing endless battles is banned\n|rule|HP Percentage Mod: HP is shown in percentages\n|clearpoke\n|poke|p1|Sneasler, M|\n|poke|p1|Rillaboom, M|\n|poke|p1|Iron Moth|\n|poke|p1|Zapdos|\n|poke|p1|Ting-Lu|\n|poke|p1|Walking Wake|\n|poke|p2|Zamazenta-*|\n|poke|p2|Moltres|\n|poke|p2|Ogerpon-Wellspring, F|\n|poke|p2|Great Tusk|\n|poke|p2|Clefable, M|\n|poke|p2|Ting-Lu|\n|teampreview\n|inactive|Battle timer is ON: inactive players will automatically lose when time's up. (requested by waterser)\n|\n|t:|1699838206\n|start\n|switch|p1a: Ting-Lu|Ting-Lu|100\/100\n|switch|p2a: Ting-Lu|Ting-Lu|100\/100\n|-ability|p2a: Ting-Lu|Vessel of Ruin\n|-ability|p1a: Ting-Lu|Vessel of Ruin\n|turn|1\n|\n|t:|1699838210\n|move|p2a: Ting-Lu|Spikes|p1a: Ting-Lu\n|-sidestart|p1: waterser|Spikes\n|move|p1a: Ting-Lu|Stealth Rock|p2a: Ting-Lu\n|-sidestart|p2: Monerochan|move: Stealth Rock\n|\n|upkeep\n|turn|2\n|\n|t:|1699838215\n|move|p2a: Ting-Lu|Spikes|p1a: Ting-Lu\n|-sidestart|p1: waterser|Spikes\n|move|p1a: Ting-Lu|Spikes|p2a: Ting-Lu\n|-sidestart|p2: Monerochan|Spikes\n|\n|upkeep\n|turn|3\n|\n|t:|1699838218\n|move|p2a: Ting-Lu|Spikes|p1a: Ting-Lu\n|-sidestart|p1: waterser|Spikes\n|move|p1a: Ting-Lu|Spikes|p2a: Ting-Lu\n|-sidestart|p2: Monerochan|Spikes\n|\n|upkeep\n|turn|4\n|\n|t:|1699838221\n|switch|p2a: Great Tusk|Great Tusk|100\/100\n|-damage|p2a: Great Tusk|98\/100|[from] Stealth Rock\n|-damage|p2a: Great Tusk|81\/100|[from] Spikes\n|move|p1a: Ting-Lu|Spikes|p2a: Great Tusk\n|-sidestart|p2: Monerochan|Spikes\n|\n|upkeep\n|turn|5\n|\n|t:|1699838224\n|-terastallize|p1a: Ting-Lu|Ghost\n|move|p2a: Great Tusk|Stealth Rock|p1a: Ting-Lu\n|-sidestart|p1: waterser|move: Stealth Rock\n|move|p1a: Ting-Lu|Whirlwind|p2a: Great Tusk\n|-end|p2a: Great Tusk|Protosynthesis|[silent]\n|drag|p2a: Moltres|Moltres|100\/100\n|\n|upkeep\n|turn|6\n|\n|t:|1699838234\n|switch|p1a: Zapdos|Zapdos|100\/100\n|move|p2a: Moltres|Will-O-Wisp|p1a: Zapdos\n|-status|p1a: Zapdos|brn\n|\n|-damage|p1a: Zapdos|94\/100 brn|[from] brn\n|upkeep\n|turn|7\n|\n|t:|1699838239\n|switch|p2a: Ting-Lu|Ting-Lu|100\/100\n|-damage|p2a: Ting-Lu|94\/100|[from] Stealth Rock\n|-damage|p2a: Ting-Lu|69\/100|[from] Spikes\n|-ability|p2a: Ting-Lu|Vessel of Ruin\n|move|p1a: Zapdos|Hurricane|p2a: Ting-Lu\n|-damage|p2a: Ting-Lu|44\/100\n|\n|-heal|p2a: Ting-Lu|50\/100|[from] item: Leftovers\n|-damage|p1a: Zapdos|88\/100 brn|[from] brn\n|upkeep\n|turn|8\n|\n|t:|1699838254\n|switch|p1a: Rillaboom|Rillaboom, M|100\/100\n|-damage|p1a: Rillaboom|76\/100|[from] Spikes\n|-damage|p1a: Rillaboom|63\/100|[from] Stealth Rock\n|-fieldstart|move: Grassy Terrain|[from] ability: Grassy Surge|[of] p1a: Rillaboom\n|move|p2a: Ting-Lu|Whirlwind|p1a: Rillaboom\n|drag|p1a: Ting-Lu|Ting-Lu, tera:Ghost|100\/100\n|-damage|p1a: Ting-Lu|76\/100|[from] Spikes\n|-damage|p1a: Ting-Lu|63\/100|[from] Stealth Rock\n|-ability|p1a: Ting-Lu|Vessel of Ruin\n|\n|-heal|p2a: Ting-Lu|57\/100|[from] Grassy Terrain\n|-heal|p2a: Ting-Lu|63\/100|[from] item: Leftovers\n|-heal|p1a: Ting-Lu|69\/100|[from] Grassy Terrain\n|-heal|p1a: Ting-Lu|76\/100|[from] item: Leftovers\n|upkeep\n|turn|9\n|\n|t:|1699838266\n|move|p2a: Ting-Lu|Whirlwind|p1a: Ting-Lu\n|drag|p1a: Sneasler|Sneasler, M, shiny|100\/100\n|-damage|p1a: Sneasler|76\/100|[from] Spikes\n|-damage|p1a: Sneasler|70\/100|[from] Stealth Rock\n|-enditem|p1a: Sneasler|Grassy Seed\n|-boost|p1a: Sneasler|def|1|[from] item: Grassy Seed\n|\n|-heal|p1a: Sneasler|76\/100|[from] Grassy Terrain\n|-heal|p2a: Ting-Lu|69\/100|[from] Grassy Terrain\n|-heal|p2a: Ting-Lu|75\/100|[from] item: Leftovers\n|upkeep\n|turn|10\n|\n|t:|1699838276\n|-terastallize|p2a: Ting-Lu|Ghost\n|move|p1a: Sneasler|Swords Dance|p1a: Sneasler\n|-boost|p1a: Sneasler|atk|2\n|move|p2a: Ting-Lu|Earthquake|p1a: Sneasler\n|-supereffective|p1a: Sneasler\n|-damage|p1a: Sneasler|29\/100\n|\n|-heal|p1a: Sneasler|35\/100|[from] Grassy Terrain\n|-heal|p2a: Ting-Lu|82\/100|[from] Grassy Terrain\n|-heal|p2a: Ting-Lu|88\/100|[from] item: Leftovers\n|upkeep\n|turn|11\n|\n|t:|1699838283\n|move|p1a: Sneasler|Acrobatics|p2a: Ting-Lu\n|-damage|p2a: Ting-Lu|45\/100\n|move|p2a: Ting-Lu|Whirlwind|p1a: Sneasler\n|drag|p1a: Rillaboom|Rillaboom, M|63\/100\n|-damage|p1a: Rillaboom|38\/100|[from] Spikes\n|-damage|p1a: Rillaboom|26\/100|[from] Stealth Rock\n|\n|-heal|p1a: Rillaboom|32\/100|[from] Grassy Terrain\n|-heal|p2a: Ting-Lu|51\/100|[from] Grassy Terrain\n|-heal|p2a: Ting-Lu|57\/100|[from] item: Leftovers\n|upkeep\n|turn|12\n|\n|t:|1699838290\n|switch|p2a: Moltres|Moltres|100\/100\n|move|p1a: Rillaboom|Knock Off|p2a: Moltres\n|-damage|p2a: Moltres|45\/100\n|-enditem|p2a: Moltres|Heavy-Duty Boots|[from] move: Knock Off|[of] p1a: Rillaboom\n|\n|-heal|p1a: Rillaboom|38\/100|[from] Grassy Terrain\n|-fieldend|move: Grassy Terrain\n|upkeep\n|turn|13\n|\n|t:|1699838300\n|switch|p1a: Walking Wake|Walking Wake|100\/100\n|-damage|p1a: Walking Wake|76\/100|[from] Spikes\n|-damage|p1a: Walking Wake|63\/100|[from] Stealth Rock\n|move|p2a: Moltres|Roost|p2a: Moltres\n|-heal|p2a: Moltres|95\/100\n|-singleturn|p2a: Moltres|move: Roost\n|\n|upkeep\n|turn|14\n|\n|t:|1699838310\n|switch|p2a: Ogerpon|Ogerpon-Wellspring, F|100\/100\n|-damage|p2a: Ogerpon|88\/100|[from] Stealth Rock\n|-damage|p2a: Ogerpon|63\/100|[from] Spikes\n|move|p1a: Walking Wake|Scald|p2a: Ogerpon\n|-heal|p2a: Ogerpon|88\/100|[from] ability: Water Absorb|[of] p1a: Walking Wake\n|\n|upkeep\n|turn|15\n|j| Dijdjdkekfc\n|\n|t:|1699838323\n|-end|p1a: Walking Wake|Protosynthesis|[silent]\n|switch|p1a: Zapdos|Zapdos|88\/100 brn\n|move|p2a: Ogerpon|Ivy Cudgel|p1a: Zapdos\n|-damage|p1a: Zapdos|19\/100 brn\n|\n|-damage|p1a: Zapdos|13\/100 brn|[from] brn\n|upkeep\n|turn|16\n|\n|t:|1699838331\n|move|p2a: Ogerpon|Ivy Cudgel|p1a: Zapdos\n|-damage|p1a: Zapdos|0 fnt\n|faint|p1a: Zapdos\n|\n|upkeep\n|\n|t:|1699838335\n|switch|p1a: Iron Moth|Iron Moth|100\/100\n|-damage|p1a: Iron Moth|76\/100|[from] Spikes\n|-damage|p1a: Iron Moth|51\/100|[from] Stealth Rock\n|-enditem|p1a: Iron Moth|Booster Energy\n|-activate|p1a: Iron Moth|ability: Quark Drive|[fromitem]\n|-start|p1a: Iron Moth|quarkdrivespe\n|turn|17\n|\n|t:|1699838350\n|move|p1a: Iron Moth|Sludge Wave|p2a: Ogerpon\n|-supereffective|p2a: Ogerpon\n|-damage|p2a: Ogerpon|0 fnt\n|faint|p2a: Ogerpon\n|\n|upkeep\n|\n|t:|1699838355\n|switch|p2a: Ting-Lu|Ting-Lu, tera:Ghost|57\/100\n|-damage|p2a: Ting-Lu|45\/100|[from] Stealth Rock\n|-damage|p2a: Ting-Lu|20\/100|[from] Spikes\n|-ability|p2a: Ting-Lu|Vessel of Ruin\n|turn|18\n|\n|t:|1699838359\n|move|p1a: Iron Moth|Fiery Dance|p2a: Ting-Lu\n|-damage|p2a: Ting-Lu|3\/100\n|move|p2a: Ting-Lu|Rest|p2a: Ting-Lu\n|-status|p2a: Ting-Lu|slp|[from] move: Rest\n|-heal|p2a: Ting-Lu|100\/100 slp|[silent]\n|\n|upkeep\n|turn|19\n|\n|t:|1699838367\n|move|p1a: Iron Moth|Substitute|p1a: Iron Moth\n|-start|p1a: Iron Moth|Substitute\n|-damage|p1a: Iron Moth|26\/100\n|cant|p2a: Ting-Lu|slp\n|\n|upkeep\n|turn|20\n|\n|t:|1699838371\n|move|p1a: Iron Moth|Fiery Dance|p2a: Ting-Lu\n|-damage|p2a: Ting-Lu|85\/100 slp\n|cant|p2a: Ting-Lu|slp\n|\n|-heal|p2a: Ting-Lu|91\/100 slp|[from] item: Leftovers\n|upkeep\n|turn|21\n|\n|t:|1699838389\n|move|p1a: Iron Moth|Fiery Dance|p2a: Ting-Lu\n|-damage|p2a: Ting-Lu|75\/100 slp\n|-boost|p1a: Iron Moth|spa|1\n|-curestatus|p2a: Ting-Lu|slp|[msg]\n|move|p2a: Ting-Lu|Whirlwind|p1a: Iron Moth\n|-end|p1a: Iron Moth|Quark Drive|[silent]\n|drag|p1a: Walking Wake|Walking Wake|63\/100\n|-damage|p1a: Walking Wake|39\/100|[from] Spikes\n|-damage|p1a: Walking Wake|26\/100|[from] Stealth Rock\n|\n|-heal|p2a: Ting-Lu|81\/100|[from] item: Leftovers\n|upkeep\n|turn|22\n|\n|t:|1699838399\n|move|p1a: Walking Wake|Scald|p2a: Ting-Lu\n|-damage|p2a: Ting-Lu|56\/100\n|move|p2a: Ting-Lu|Whirlwind|p1a: Walking Wake\n|-end|p1a: Walking Wake|Protosynthesis|[silent]\n|drag|p1a: Iron Moth|Iron Moth|26\/100\n|-damage|p1a: Iron Moth|1\/100|[from] Spikes\n|-damage|p1a: Iron Moth|0 fnt|[from] Stealth Rock\n|faint|p1a: Iron Moth\n|-end|p1a: Iron Moth|Quark Drive|[silent]\n|\n|-heal|p2a: Ting-Lu|63\/100|[from] item: Leftovers\n|upkeep\n|\n|t:|1699838407\n|switch|p1a: Rillaboom|Rillaboom, M|38\/100\n|-damage|p1a: Rillaboom|13\/100|[from] Spikes\n|-damage|p1a: Rillaboom|1\/100|[from] Stealth Rock\n|-fieldstart|move: Grassy Terrain|[from] ability: Grassy Surge|[of] p1a: Rillaboom\n|turn|23\n|\n|t:|1699838415\n|move|p1a: Rillaboom|Knock Off|p2a: Ting-Lu\n|-supereffective|p2a: Ting-Lu\n|-damage|p2a: Ting-Lu|0 fnt\n|-enditem|p2a: Ting-Lu|Leftovers|[from] move: Knock Off|[of] p1a: Rillaboom\n|faint|p2a: Ting-Lu\n|\n|-heal|p1a: Rillaboom|7\/100|[from] Grassy Terrain\n|upkeep\n|\n|t:|1699838419\n|switch|p2a: Zamazenta|Zamazenta|100\/100\n|-ability|p2a: Zamazenta|Dauntless Shield|boost\n|-boost|p2a: Zamazenta|def|1\n|turn|24\n|\n|t:|1699838423\n|move|p2a: Zamazenta|Crunch|p1a: Rillaboom\n|-damage|p1a: Rillaboom|0 fnt\n|faint|p1a: Rillaboom\n|\n|upkeep\n|\n|t:|1699838427\n|switch|p1a: Sneasler|Sneasler, M, shiny|35\/100\n|-damage|p1a: Sneasler|10\/100|[from] Spikes\n|-damage|p1a: Sneasler|4\/100|[from] Stealth Rock\n|turn|25\n|\n|t:|1699838431\n|move|p2a: Zamazenta|Crunch|p1a: Sneasler\n|-resisted|p1a: Sneasler\n|-damage|p1a: Sneasler|0 fnt\n|faint|p1a: Sneasler\n|\n|upkeep\n|-message|waterser forfeited.\n|\n|win|Monerochan\n|raw|waterser's rating: 1706 &rarr; <strong>1690<\/strong><br \/>(-16 for losing)\n|raw|Monerochan's rating: 1780 &rarr; <strong>1796<\/strong><br \/>(+16 for winning)\n|l|\u2606waterser\n","uploadtime":1699838443,"views":12,"p1id":"waterser","p2id":"monerochan","formatid":"gen9ou","rating":1690,"private":0,"password":""}