{"id":"gen9ou-1988988268","p1":"BloightWithO","p2":"B E A N S wastaken","format":"[Gen 9] OU","log":"|j|\u2606BloightWithO\n|j|\u2606B E A N S wastaken\n|t:|1699798927\n|gametype|singles\n|player|p1|BloightWithO|elesa|1158\n|player|p2|B E A N S wastaken|steven|1266\n|teamsize|p1|6\n|teamsize|p2|6\n|gen|9\n|tier|[Gen 9] OU\n|rated|\n|rule|Sleep Clause Mod: Limit one foe put to sleep\n|rule|Species Clause: Limit one of each Pok\u00e9mon\n|rule|OHKO Clause: OHKO moves are banned\n|rule|Evasion Items Clause: Evasion items are banned\n|rule|Evasion Moves Clause: Evasion moves are banned\n|rule|Endless Battle Clause: Forcing endless battles is banned\n|rule|HP Percentage Mod: HP is shown in percentages\n|clearpoke\n|poke|p1|Manaphy|\n|poke|p1|Kingambit, F|\n|poke|p1|Ribombee, F|\n|poke|p1|Gholdengo|\n|poke|p1|Iron Moth|\n|poke|p1|Ogerpon-Wellspring, F|\n|poke|p2|Kingambit, F|\n|poke|p2|Garchomp, M|\n|poke|p2|Chandelure, F|\n|poke|p2|Landorus-Therian, M|\n|poke|p2|Greninja-*, M|\n|poke|p2|Breloom, F|\n|teampreview\n|inactive|Battle timer is ON: inactive players will automatically lose when time's up. (requested by B E A N S wastaken)\n|inactive|BloightWithO also wants the timer to be on.\n|\n|t:|1699798938\n|start\n|switch|p1a: So Ribomback|Ribombee, F, shiny|100\/100\n|switch|p2a: My Beloved|Landorus-Therian, M|100\/100\n|-ability|p2a: My Beloved|Intimidate|boost\n|-unboost|p1a: So Ribomback|atk|1\n|turn|1\n|c|\u2606BloightWithO|Glhf\n|\n|t:|1699798944\n|move|p1a: So Ribomback|Stun Spore|p2a: My Beloved\n|-status|p2a: My Beloved|par\n|move|p2a: My Beloved|Stealth Rock|p1a: So Ribomback\n|-sidestart|p1: BloightWithO|move: Stealth Rock\n|\n|upkeep\n|turn|2\n|\n|t:|1699798950\n|-terastallize|p2a: My Beloved|Flying\n|move|p1a: So Ribomback|Sticky Web|p2a: My Beloved\n|-sidestart|p2: B E A N S wastaken|move: Sticky Web\n|move|p2a: My Beloved|Tera Blast|p1a: So Ribomback|[anim] Tera Blast Flying\n|-supereffective|p1a: So Ribomback\n|-enditem|p1a: So Ribomback|Focus Sash\n|-damage|p1a: So Ribomback|1\/100\n|\n|upkeep\n|turn|3\n|\n|t:|1699798956\n|move|p1a: So Ribomback|Moonblast|p2a: My Beloved\n|-crit|p2a: My Beloved\n|-damage|p2a: My Beloved|12\/100 par\n|-unboost|p2a: My Beloved|spa|1\n|move|p2a: My Beloved|Swords Dance|p2a: My Beloved\n|-boost|p2a: My Beloved|atk|2\n|\n|upkeep\n|turn|4\n|\n|t:|1699798963\n|move|p1a: So Ribomback|Moonblast|p2a: My Beloved\n|-damage|p2a: My Beloved|0 fnt\n|faint|p2a: My Beloved\n|\n|upkeep\n|c|\u2606B E A N S wastaken|i misclicked lmao\n|\n|t:|1699798970\n|switch|p2a: CHANDELIER|Chandelure, F|100\/100\n|turn|5\n|\n|t:|1699798977\n|move|p1a: So Ribomback|Stun Spore|p2a: CHANDELIER\n|-status|p2a: CHANDELIER|par\n|move|p2a: CHANDELIER|Flamethrower|p1a: So Ribomback\n|-supereffective|p1a: So Ribomback\n|-damage|p1a: So Ribomback|0 fnt\n|faint|p1a: So Ribomback\n|\n|upkeep\n|\n|t:|1699798983\n|switch|p1a: Stand Proud|Kingambit, F|100\/100\n|-damage|p1a: Stand Proud|94\/100|[from] Stealth Rock\n|-activate|p1a: Stand Proud|ability: Supreme Overlord\n|-start|p1a: Stand Proud|fallen1|[silent]\n|turn|6\n|\n|t:|1699798991\n|move|p1a: Stand Proud|Swords Dance|p1a: Stand Proud\n|-boost|p1a: Stand Proud|atk|2\n|cant|p2a: CHANDELIER|par\n|\n|upkeep\n|turn|7\n|c|\u2606BloightWithO|Never punished\n|\n|t:|1699799006\n|move|p1a: Stand Proud|Kowtow Cleave|p2a: CHANDELIER\n|-supereffective|p2a: CHANDELIER\n|-damage|p2a: CHANDELIER|0 fnt\n|faint|p2a: CHANDELIER\n|\n|upkeep\n|c|\u2606B E A N S wastaken|flame body didnt proc fuuuuuuuuuu\n|\n|t:|1699799022\n|switch|p2a: Breloom|Breloom, F|100\/100\n|-activate|p2a: Breloom|move: Sticky Web\n|-unboost|p2a: Breloom|spe|1\n|turn|8\n|\n|t:|1699799031\n|-end|p1a: Stand Proud|fallen1|[silent]\n|switch|p1a: Mommy|Ogerpon-Wellspring, F|100\/100\n|-damage|p1a: Mommy|88\/100|[from] Stealth Rock\n|move|p2a: Breloom|Spore|p1a: Mommy\n|-immune|p1a: Mommy\n|\n|-status|p2a: Breloom|tox|[from] item: Toxic Orb\n|upkeep\n|turn|9\n|\n|t:|1699799037\n|move|p1a: Mommy|Encore|p2a: Breloom\n|-start|p2a: Breloom|Encore\n|move|p2a: Breloom|Spore|p1a: Mommy\n|-immune|p1a: Mommy\n|\n|upkeep\n|turn|10\n|n|!B E A N S wastaken|beanswastaken\n|\n|t:|1699799042\n|move|p1a: Mommy|Swords Dance|p1a: Mommy\n|-boost|p1a: Mommy|atk|2\n|move|p2a: Breloom|Spore|p1a: Mommy\n|-immune|p1a: Mommy\n|\n|upkeep\n|turn|11\n|\n|t:|1699799048\n|move|p1a: Mommy|Swords Dance|p1a: Mommy\n|-boost|p1a: Mommy|atk|2\n|move|p2a: Breloom|Spore|p1a: Mommy\n|-immune|p1a: Mommy\n|\n|-end|p2a: Breloom|Encore\n|upkeep\n|turn|12\n|\n|t:|1699799057\n|-singleturn|p2a: Breloom|move: Focus Punch\n|move|p1a: Mommy|Encore|p2a: Breloom\n|-start|p2a: Breloom|Encore\n|move|p2a: Breloom|Spore|p1a: Mommy\n|-immune|p1a: Mommy\n|\n|upkeep\n|turn|13\n|c|\u2606BloightWithO|The funny\n|\n|t:|1699799071\n|move|p1a: Mommy|Swords Dance|p1a: Mommy\n|-boost|p1a: Mommy|atk|2\n|move|p2a: Breloom|Spore|p1a: Mommy\n|-immune|p1a: Mommy\n|\n|upkeep\n|turn|14\n|\n|t:|1699799076\n|move|p1a: Mommy|Ivy Cudgel|p2a: Breloom\n|-resisted|p2a: Breloom\n|-damage|p2a: Breloom|2\/100 tox\n|move|p2a: Breloom|Spore|p1a: Mommy\n|-immune|p1a: Mommy\n|\n|-heal|p2a: Breloom|14\/100 tox|[from] ability: Poison Heal\n|-end|p2a: Breloom|Encore\n|upkeep\n|turn|15\n|\n|t:|1699799098\n|-terastallize|p1a: Mommy|Water\n|detailschange|p1a: Mommy|Ogerpon-Wellspring-Tera, F, tera:Water\n|-ability|p1a: Mommy|Embody Aspect (Wellspring)|boost\n|-boost|p1a: Mommy|spd|1\n|-singleturn|p2a: Breloom|move: Focus Punch\n|move|p1a: Mommy|Ivy Cudgel|p2a: Breloom\n|-resisted|p2a: Breloom\n|-crit|p2a: Breloom\n|-damage|p2a: Breloom|0 fnt\n|faint|p2a: Breloom\n|\n|upkeep\n|\n|t:|1699799106\n|switch|p2a: NeverGarchover|Garchomp, M|100\/100\n|-activate|p2a: NeverGarchover|move: Sticky Web\n|-unboost|p2a: NeverGarchover|spe|1\n|turn|16\n|\n|t:|1699799110\n|move|p1a: Mommy|Ivy Cudgel|p2a: NeverGarchover\n|-damage|p2a: NeverGarchover|0 fnt\n|faint|p2a: NeverGarchover\n|\n|upkeep\n|\n|t:|1699799113\n|switch|p2a: Arceus-Stee1|Greninja, M|100\/100\n|-activate|p2a: Arceus-Stee1|move: Sticky Web\n|-unboost|p2a: Arceus-Stee1|spe|1\n|turn|17\n|\n|t:|1699799116\n|move|p1a: Mommy|Ivy Cudgel|p2a: Arceus-Stee1\n|-resisted|p2a: Arceus-Stee1\n|-damage|p2a: Arceus-Stee1|0 fnt\n|faint|p2a: Arceus-Stee1\n|\n|upkeep\n|\n|t:|1699799118\n|switch|p2a: Mittens|Kingambit, F, shiny|100\/100\n|-activate|p2a: Mittens|move: Sticky Web\n|-unboost|p2a: Mittens|spe|1\n|-activate|p2a: Mittens|ability: Supreme Overlord\n|-start|p2a: Mittens|fallen5|[silent]\n|turn|18\n|\n|t:|1699799121\n|move|p1a: Mommy|Ivy Cudgel|p2a: Mittens\n|-damage|p2a: Mittens|0 fnt\n|faint|p2a: Mittens\n|-end|p2a: Mittens|fallen5|[silent]\n|\n|win|BloightWithO\n|raw|BloightWithO's rating: 1158 &rarr; <strong>1191<\/strong><br \/>(+33 for winning)\n|raw|B E A N S wastaken's rating: 1266 &rarr; <strong>1233<\/strong><br \/>(-33 for losing)\n","uploadtime":1699799040,"views":8,"p1id":"bloightwitho","p2id":"beanswastaken","formatid":"gen9ou","rating":1191,"private":0,"password":""}