{"id":"gen9ou-1993023436","p1":"mochai hehe","p2":"shakdaddy8","format":"[Gen 9] OU","log":"|j|\u2606mochai hehe\n|j|\u2606shakdaddy8\n|t:|1700256473\n|gametype|singles\n|player|p1|mochai hehe|lass-gen4|1372\n|player|p2|shakdaddy8|170|1474\n|teamsize|p1|6\n|teamsize|p2|6\n|gen|9\n|tier|[Gen 9] OU\n|rated|\n|rule|Sleep Clause Mod: Limit one foe put to sleep\n|rule|Species Clause: Limit one of each Pok\u00e9mon\n|rule|OHKO Clause: OHKO moves are banned\n|rule|Evasion Items Clause: Evasion items are banned\n|rule|Evasion Moves Clause: Evasion moves are banned\n|rule|Endless Battle Clause: Forcing endless battles is banned\n|rule|HP Percentage Mod: HP is shown in percentages\n|clearpoke\n|poke|p1|Great Tusk|\n|poke|p1|Toxapex, M|\n|poke|p1|Corviknight, M|\n|poke|p1|Clodsire, M|\n|poke|p1|Clefable, M|\n|poke|p1|Jirachi|\n|poke|p2|Dragonite, F|\n|poke|p2|Great Tusk|\n|poke|p2|Iron Moth|\n|poke|p2|Torkoal, M|\n|poke|p2|Ting-Lu|\n|poke|p2|Walking Wake|\n|teampreview\n|inactive|Battle timer is ON: inactive players will automatically lose when time's up. (requested by shakdaddy8)\n|\n|t:|1700256483\n|start\n|switch|p1a: Great Tusk|Great Tusk|100\/100\n|switch|p2a: Iron Moth|Iron Moth|100\/100\n|-enditem|p2a: Iron Moth|Booster Energy\n|-activate|p2a: Iron Moth|ability: Quark Drive|[fromitem]\n|-start|p2a: Iron Moth|quarkdrivespa\n|turn|1\n|\n|t:|1700256494\n|-end|p1a: Great Tusk|Protosynthesis|[silent]\n|switch|p1a: Clodsire|Clodsire, M|100\/100\n|-terastallize|p2a: Iron Moth|Grass\n|move|p2a: Iron Moth|Energy Ball|p1a: Clodsire\n|-damage|p1a: Clodsire|66\/100\n|\n|-heal|p1a: Clodsire|72\/100|[from] item: Leftovers\n|upkeep\n|turn|2\n|\n|t:|1700256499\n|move|p2a: Iron Moth|Fiery Dance|p1a: Clodsire\n|-damage|p1a: Clodsire|43\/100\n|move|p1a: Clodsire|Toxic|p2a: Iron Moth\n|-status|p2a: Iron Moth|tox\n|\n|-heal|p1a: Clodsire|49\/100|[from] item: Leftovers\n|-damage|p2a: Iron Moth|95\/100 tox|[from] psn\n|upkeep\n|turn|3\n|\n|t:|1700256502\n|move|p1a: Clodsire|Protect|p1a: Clodsire\n|-singleturn|p1a: Clodsire|Protect\n|move|p2a: Iron Moth|Fiery Dance|p1a: Clodsire\n|-activate|p1a: Clodsire|move: Protect\n|\n|-heal|p1a: Clodsire|55\/100|[from] item: Leftovers\n|-damage|p2a: Iron Moth|83\/100 tox|[from] psn\n|upkeep\n|turn|4\n|\n|t:|1700256509\n|switch|p1a: Toxapex|Toxapex, M|100\/100\n|move|p2a: Iron Moth|Fiery Dance|p1a: Toxapex\n|-resisted|p1a: Toxapex\n|-damage|p1a: Toxapex|75\/100\n|\n|-heal|p1a: Toxapex|81\/100|[from] item: Black Sludge\n|-damage|p2a: Iron Moth|65\/100 tox|[from] psn\n|upkeep\n|turn|5\n|\n|t:|1700256520\n|move|p1a: Toxapex|Baneful Bunker|p1a: Toxapex\n|-singleturn|p1a: Toxapex|move: Protect\n|move|p2a: Iron Moth|Fiery Dance|p1a: Toxapex\n|-activate|p1a: Toxapex|move: Protect\n|\n|-heal|p1a: Toxapex|88\/100|[from] item: Black Sludge\n|-damage|p2a: Iron Moth|41\/100 tox|[from] psn\n|upkeep\n|turn|6\n|\n|t:|1700256534\n|-end|p2a: Iron Moth|Quark Drive|[silent]\n|switch|p2a: Torkoal|Torkoal, M|100\/100\n|-weather|SunnyDay|[from] ability: Drought|[of] p2a: Torkoal\n|move|p1a: Toxapex|Chilling Water|p2a: Torkoal\n|-supereffective|p2a: Torkoal\n|-damage|p2a: Torkoal|88\/100\n|-unboost|p2a: Torkoal|atk|1\n|\n|-weather|SunnyDay|[upkeep]\n|-heal|p1a: Toxapex|94\/100|[from] item: Black Sludge\n|upkeep\n|turn|7\n|\n|t:|1700256539\n|switch|p2a: Great Tusk|Great Tusk|100\/100\n|-activate|p2a: Great Tusk|ability: Protosynthesis\n|-start|p2a: Great Tusk|protosynthesisspe\n|move|p1a: Toxapex|Toxic|p2a: Great Tusk\n|-status|p2a: Great Tusk|tox\n|\n|-weather|SunnyDay|[upkeep]\n|-heal|p1a: Toxapex|99\/100|[from] item: Black Sludge\n|-damage|p2a: Great Tusk|94\/100 tox|[from] psn\n|upkeep\n|turn|8\n|\n|t:|1700256545\n|switch|p1a: Corviknight|Corviknight, M|100\/100\n|move|p2a: Great Tusk|Earthquake|p1a: Corviknight\n|-immune|p1a: Corviknight\n|\n|-weather|SunnyDay|[upkeep]\n|-heal|p2a: Great Tusk|100\/100 tox|[from] item: Leftovers\n|-damage|p2a: Great Tusk|88\/100 tox|[from] psn\n|upkeep\n|turn|9\n|\n|t:|1700256551\n|-end|p2a: Great Tusk|Protosynthesis|[silent]\n|switch|p2a: Iron Moth|Iron Moth, tera:Grass|41\/100 tox\n|move|p1a: Corviknight|Body Press|p2a: Iron Moth\n|-damage|p2a: Iron Moth|0 fnt\n|faint|p2a: Iron Moth\n|-end|p2a: Iron Moth|Quark Drive|[silent]\n|\n|-weather|SunnyDay|[upkeep]\n|upkeep\n|\n|t:|1700256553\n|switch|p2a: Walking Wake|Walking Wake|100\/100\n|-activate|p2a: Walking Wake|ability: Protosynthesis\n|-start|p2a: Walking Wake|protosynthesisspe\n|turn|10\n|\n|t:|1700256559\n|switch|p1a: Clefable|Clefable, M|100\/100\n|move|p2a: Walking Wake|Flamethrower|p1a: Clefable\n|-damage|p1a: Clefable|55\/100\n|-status|p1a: Clefable|brn\n|\n|-weather|SunnyDay|[upkeep]\n|-heal|p1a: Clefable|61\/100 brn|[from] item: Leftovers\n|upkeep\n|turn|11\n|\n|t:|1700256565\n|-end|p2a: Walking Wake|Protosynthesis|[silent]\n|switch|p2a: Ting-Lu|Ting-Lu|100\/100\n|-ability|p2a: Ting-Lu|Vessel of Ruin\n|move|p1a: Clefable|Wish|p1a: Clefable\n|\n|-weather|SunnyDay|[upkeep]\n|-heal|p1a: Clefable|67\/100 brn|[from] item: Leftovers\n|upkeep\n|turn|12\n|\n|t:|1700256574\n|move|p1a: Clefable|Moonblast|p2a: Ting-Lu\n|-supereffective|p2a: Ting-Lu\n|-damage|p2a: Ting-Lu|73\/100\n|move|p2a: Ting-Lu|Stealth Rock|p1a: Clefable\n|-sidestart|p1: mochai hehe|move: Stealth Rock\n|\n|-weather|SunnyDay|[upkeep]\n|-heal|p1a: Clefable|100\/100 brn|[from] move: Wish|[wisher] Clefable\n|-heal|p2a: Ting-Lu|79\/100|[from] item: Leftovers\n|upkeep\n|turn|13\n|\n|t:|1700256581\n|move|p1a: Clefable|Knock Off|p2a: Ting-Lu\n|-resisted|p2a: Ting-Lu\n|-damage|p2a: Ting-Lu|77\/100\n|-enditem|p2a: Ting-Lu|Leftovers|[from] move: Knock Off|[of] p1a: Clefable\n|move|p2a: Ting-Lu|Earthquake|p1a: Clefable\n|-damage|p1a: Clefable|59\/100 brn\n|\n|-weather|none\n|-heal|p1a: Clefable|65\/100 brn|[from] item: Leftovers\n|upkeep\n|turn|14\n|\n|t:|1700256591\n|switch|p1a: Great Tusk|Great Tusk|100\/100\n|-damage|p1a: Great Tusk|98\/100|[from] Stealth Rock\n|move|p2a: Ting-Lu|Earthquake|p1a: Great Tusk\n|-damage|p1a: Great Tusk|73\/100\n|\n|-heal|p1a: Great Tusk|79\/100|[from] item: Leftovers\n|upkeep\n|turn|15\n|\n|t:|1700256598\n|switch|p2a: Torkoal|Torkoal, M|88\/100\n|-weather|SunnyDay|[from] ability: Drought|[of] p2a: Torkoal\n|-activate|p1a: Great Tusk|ability: Protosynthesis\n|-start|p1a: Great Tusk|protosynthesisdef\n|move|p1a: Great Tusk|Rapid Spin|p2a: Torkoal\n|-damage|p2a: Torkoal|76\/100\n|-boost|p1a: Great Tusk|spe|1\n|-sideend|p1: mochai hehe|Stealth Rock|[from] move: Rapid Spin|[of] p1a: Great Tusk\n|\n|-weather|SunnyDay|[upkeep]\n|-heal|p1a: Great Tusk|86\/100|[from] item: Leftovers\n|upkeep\n|turn|16\n|\n|t:|1700256611\n|move|p1a: Great Tusk|Headlong Rush|p2a: Torkoal\n|-supereffective|p2a: Torkoal\n|-damage|p2a: Torkoal|0 fnt\n|-unboost|p1a: Great Tusk|def|1\n|-unboost|p1a: Great Tusk|spd|1\n|faint|p2a: Torkoal\n|\n|-weather|SunnyDay|[upkeep]\n|-heal|p1a: Great Tusk|92\/100|[from] item: Leftovers\n|upkeep\n|\n|t:|1700256613\n|switch|p2a: Walking Wake|Walking Wake|100\/100\n|-activate|p2a: Walking Wake|ability: Protosynthesis\n|-start|p2a: Walking Wake|protosynthesisspe\n|turn|17\n|\n|t:|1700256621\n|-end|p1a: Great Tusk|Protosynthesis|[silent]\n|switch|p1a: Clefable|Clefable, M|65\/100 brn\n|move|p2a: Walking Wake|Hydro Steam|p1a: Clefable\n|-damage|p1a: Clefable|2\/100 brn\n|\n|-weather|SunnyDay|[upkeep]\n|-heal|p1a: Clefable|8\/100 brn|[from] item: Leftovers\n|upkeep\n|turn|18\n|\n|t:|1700256623\n|move|p2a: Walking Wake|Hydro Steam|p1a: Clefable\n|-damage|p1a: Clefable|0 fnt\n|faint|p1a: Clefable\n|\n|-weather|SunnyDay|[upkeep]\n|upkeep\n|\n|t:|1700256636\n|switch|p1a: Toxapex|Toxapex, M|100\/100\n|turn|19\n|\n|t:|1700256645\n|move|p2a: Walking Wake|Hydro Steam|p1a: Toxapex\n|-resisted|p1a: Toxapex\n|-damage|p1a: Toxapex|61\/100\n|move|p1a: Toxapex|Toxic|p2a: Walking Wake\n|-status|p2a: Walking Wake|tox\n|\n|-weather|SunnyDay|[upkeep]\n|-heal|p1a: Toxapex|67\/100|[from] item: Black Sludge\n|-damage|p2a: Walking Wake|94\/100 tox|[from] psn\n|upkeep\n|turn|20\n|\n|t:|1700256649\n|-end|p2a: Walking Wake|Protosynthesis|[silent]\n|switch|p2a: Ting-Lu|Ting-Lu|77\/100\n|-ability|p2a: Ting-Lu|Vessel of Ruin\n|move|p1a: Toxapex|Baneful Bunker||[still]\n|-fail|p1a: Toxapex\n|\n|-weather|SunnyDay|[upkeep]\n|-heal|p1a: Toxapex|74\/100|[from] item: Black Sludge\n|upkeep\n|turn|21\n|\n|t:|1700256660\n|switch|p1a: Corviknight|Corviknight, M|100\/100\n|move|p2a: Ting-Lu|Stealth Rock|p1a: Corviknight\n|-sidestart|p1: mochai hehe|move: Stealth Rock\n|\n|-weather|SunnyDay|[upkeep]\n|upkeep\n|turn|22\n|\n|t:|1700256665\n|move|p1a: Corviknight|Body Press|p2a: Ting-Lu\n|-supereffective|p2a: Ting-Lu\n|-damage|p2a: Ting-Lu|50\/100\n|move|p2a: Ting-Lu|Whirlwind|p1a: Corviknight\n|drag|p1a: Jirachi|Jirachi|100\/100\n|-damage|p1a: Jirachi|94\/100|[from] Stealth Rock\n|\n|-weather|none\n|-damage|p1a: Jirachi|82\/100|[from] item: Black Sludge\n|upkeep\n|turn|23\n|\n|t:|1700256672\n|move|p1a: Jirachi|Trick|p2a: Ting-Lu\n|-activate|p1a: Jirachi|move: Trick|[of] p2a: Ting-Lu\n|-item|p2a: Ting-Lu|Black Sludge|[from] move: Trick\n|-enditem|p1a: Jirachi|Black Sludge|[silent]|[from] move: Trick\n|move|p2a: Ting-Lu|Body Press|p1a: Jirachi\n|-damage|p1a: Jirachi|63\/100\n|\n|-damage|p2a: Ting-Lu|38\/100|[from] item: Black Sludge\n|upkeep\n|turn|24\n|\n|t:|1700256680\n|move|p1a: Jirachi|U-turn|p2a: Ting-Lu\n|-supereffective|p2a: Ting-Lu\n|-damage|p2a: Ting-Lu|14\/100\n|\n|t:|1700256683\n|switch|p1a: Corviknight|Corviknight, M|100\/100|[from] U-turn\n|-damage|p1a: Corviknight|88\/100|[from] Stealth Rock\n|move|p2a: Ting-Lu|Body Press|p1a: Corviknight\n|-damage|p1a: Corviknight|75\/100\n|-damage|p2a: Ting-Lu|0 fnt|[from] item: Rocky Helmet|[of] p1a: Corviknight\n|faint|p2a: Ting-Lu\n|\n|upkeep\n|\n|t:|1700256693\n|switch|p2a: Walking Wake|Walking Wake|94\/100 tox\n|turn|25\n|\n|t:|1700256696\n|switch|p1a: Clodsire|Clodsire, M|55\/100\n|-damage|p1a: Clodsire|49\/100|[from] Stealth Rock\n|move|p2a: Walking Wake|Flamethrower|p1a: Clodsire\n|-damage|p1a: Clodsire|23\/100\n|\n|-heal|p1a: Clodsire|30\/100|[from] item: Leftovers\n|-damage|p2a: Walking Wake|88\/100 tox|[from] psn\n|upkeep\n|turn|26\n|\n|t:|1700256701\n|move|p1a: Clodsire|Protect|p1a: Clodsire\n|-singleturn|p1a: Clodsire|Protect\n|move|p2a: Walking Wake|Flamethrower|p1a: Clodsire\n|-activate|p1a: Clodsire|move: Protect\n|\n|-heal|p1a: Clodsire|36\/100|[from] item: Leftovers\n|-damage|p2a: Walking Wake|76\/100 tox|[from] psn\n|upkeep\n|turn|27\n|\n|t:|1700256705\n|-end|p2a: Walking Wake|Protosynthesis|[silent]\n|switch|p2a: Great Tusk|Great Tusk|88\/100 tox\n|move|p1a: Clodsire|Stealth Rock|p2a: Great Tusk\n|-sidestart|p2: shakdaddy8|move: Stealth Rock\n|\n|-heal|p2a: Great Tusk|94\/100 tox|[from] item: Leftovers\n|-heal|p1a: Clodsire|42\/100|[from] item: Leftovers\n|-damage|p2a: Great Tusk|88\/100 tox|[from] psn\n|upkeep\n|turn|28\n|\n|t:|1700256710\n|switch|p1a: Great Tusk|Great Tusk|92\/100\n|-damage|p1a: Great Tusk|89\/100|[from] Stealth Rock\n|move|p2a: Great Tusk|Close Combat|p1a: Great Tusk\n|-damage|p1a: Great Tusk|59\/100\n|-unboost|p2a: Great Tusk|def|1\n|-unboost|p2a: Great Tusk|spd|1\n|\n|-heal|p2a: Great Tusk|94\/100 tox|[from] item: Leftovers\n|-heal|p1a: Great Tusk|65\/100|[from] item: Leftovers\n|-damage|p2a: Great Tusk|82\/100 tox|[from] psn\n|upkeep\n|turn|29\n|\n|t:|1700256715\n|-end|p2a: Great Tusk|Protosynthesis|[silent]\n|switch|p2a: Walking Wake|Walking Wake|76\/100 tox\n|-damage|p2a: Walking Wake|64\/100 tox|[from] Stealth Rock\n|move|p1a: Great Tusk|Rapid Spin|p2a: Walking Wake\n|-damage|p2a: Walking Wake|47\/100 tox\n|-boost|p1a: Great Tusk|spe|1\n|-sideend|p1: mochai hehe|Stealth Rock|[from] move: Rapid Spin|[of] p1a: Great Tusk\n|\n|-heal|p1a: Great Tusk|71\/100|[from] item: Leftovers\n|-damage|p2a: Walking Wake|41\/100 tox|[from] psn\n|upkeep\n|turn|30\n|\n|t:|1700256721\n|move|p1a: Great Tusk|Headlong Rush|p2a: Walking Wake\n|-damage|p2a: Walking Wake|0 fnt\n|-unboost|p1a: Great Tusk|def|1\n|-unboost|p1a: Great Tusk|spd|1\n|faint|p2a: Walking Wake\n|-end|p2a: Walking Wake|Protosynthesis|[silent]\n|\n|-heal|p1a: Great Tusk|78\/100|[from] item: Leftovers\n|upkeep\n|\n|t:|1700256724\n|switch|p2a: Dragonite|Dragonite, F|100\/100\n|turn|31\n|\n|t:|1700256729\n|move|p2a: Dragonite|Extreme Speed|p1a: Great Tusk\n|-damage|p1a: Great Tusk|50\/100\n|move|p1a: Great Tusk|Knock Off|p2a: Dragonite\n|-crit|p2a: Dragonite\n|-damage|p2a: Dragonite|76\/100\n|-enditem|p2a: Dragonite|Heavy-Duty Boots|[from] move: Knock Off|[of] p1a: Great Tusk\n|\n|-heal|p1a: Great Tusk|56\/100|[from] item: Leftovers\n|upkeep\n|turn|32\n|\n|t:|1700256733\n|move|p1a: Great Tusk|Ice Spinner|p2a: Dragonite\n|-supereffective|p2a: Dragonite\n|-damage|p2a: Dragonite|0 fnt\n|faint|p2a: Dragonite\n|\n|-heal|p1a: Great Tusk|62\/100|[from] item: Leftovers\n|upkeep\n|\n|t:|1700256735\n|switch|p2a: Great Tusk|Great Tusk|82\/100 tox\n|-damage|p2a: Great Tusk|79\/100 tox|[from] Stealth Rock\n|turn|33\n|\n|t:|1700256740\n|-end|p1a: Great Tusk|Protosynthesis|[silent]\n|switch|p1a: Corviknight|Corviknight, M|75\/100\n|move|p2a: Great Tusk|Ice Spinner|p1a: Corviknight\n|-damage|p1a: Corviknight|62\/100\n|-damage|p2a: Great Tusk|62\/100 tox|[from] item: Rocky Helmet|[of] p1a: Corviknight\n|\n|-heal|p2a: Great Tusk|68\/100 tox|[from] item: Leftovers\n|-damage|p2a: Great Tusk|62\/100 tox|[from] psn\n|upkeep\n|turn|34\n|-message|shakdaddy8 forfeited.\n|\n|win|mochai hehe\n|raw|mochai hehe's rating: 1372 &rarr; <strong>1398<\/strong><br \/>(+26 for winning)\n|raw|shakdaddy8's rating: 1474 &rarr; <strong>1448<\/strong><br \/>(-26 for losing)\n|l|\u2606shakdaddy8\n","uploadtime":1700256752,"views":23,"p1id":"mochaihehe","p2id":"shakdaddy8","formatid":"gen9ou","rating":1398,"private":0,"password":""}