{"id":"gen9ou-1993399928","p1":"Porygon Bugado","p2":"FelixhatCorona","format":"[Gen 9] OU","log":"|j|\u2606Porygon Bugado\n|j|\u2606FelixhatCorona\n|t:|1700312570\n|gametype|singles\n|player|p1|Porygon Bugado|gambler|1113\n|player|p2|FelixhatCorona|266|1122\n|teamsize|p1|6\n|teamsize|p2|6\n|gen|9\n|tier|[Gen 9] OU\n|rated|\n|rule|Sleep Clause Mod: Limit one foe put to sleep\n|rule|Species Clause: Limit one of each Pok\u00e9mon\n|rule|OHKO Clause: OHKO moves are banned\n|rule|Evasion Items Clause: Evasion items are banned\n|rule|Evasion Moves Clause: Evasion moves are banned\n|rule|Endless Battle Clause: Forcing endless battles is banned\n|rule|HP Percentage Mod: HP is shown in percentages\n|clearpoke\n|poke|p1|Ribombee, F|\n|poke|p1|Great Tusk|\n|poke|p1|Iron Valiant|\n|poke|p1|Gholdengo|\n|poke|p1|Rillaboom, M|\n|poke|p1|Ceruledge, M|\n|poke|p2|Empoleon, F|\n|poke|p2|Ninetales-Alola, F|\n|poke|p2|Gallade, M|\n|poke|p2|Garchomp, F|\n|poke|p2|Zapdos|\n|poke|p2|Ting-Lu|\n|teampreview\n|\n|t:|1700312575\n|start\n|switch|p1a: Ribombee|Ribombee, F|100\/100\n|switch|p2a: Ting-Lu|Ting-Lu|100\/100\n|-ability|p2a: Ting-Lu|Vessel of Ruin\n|turn|1\n|\n|t:|1700312583\n|move|p1a: Ribombee|Sticky Web|p2a: Ting-Lu\n|-sidestart|p2: FelixhatCorona|move: Sticky Web\n|move|p2a: Ting-Lu|Stealth Rock|p1a: Ribombee\n|-sidestart|p1: Porygon Bugado|move: Stealth Rock\n|\n|upkeep\n|turn|2\n|\n|t:|1700312593\n|move|p1a: Ribombee|U-turn|p2a: Ting-Lu\n|-supereffective|p2a: Ting-Lu\n|-damage|p2a: Ting-Lu|88\/100\n|\n|t:|1700312597\n|switch|p1a: Great Tusk|Great Tusk|100\/100|[from] U-turn\n|-damage|p1a: Great Tusk|98\/100|[from] Stealth Rock\n|move|p2a: Ting-Lu|Stone Edge|p1a: Great Tusk\n|-resisted|p1a: Great Tusk\n|-damage|p1a: Great Tusk|93\/100\n|\n|-heal|p2a: Ting-Lu|95\/100|[from] item: Leftovers\n|upkeep\n|turn|3\n|\n|t:|1700312607\n|switch|p2a: Zapdos|Zapdos|100\/100\n|move|p1a: Great Tusk|Rapid Spin|p2a: Zapdos\n|-damage|p2a: Zapdos|73\/100\n|-boost|p1a: Great Tusk|spe|1\n|-sideend|p1: Porygon Bugado|Stealth Rock|[from] move: Rapid Spin|[of] p1a: Great Tusk\n|\n|upkeep\n|turn|4\n|\n|t:|1700312616\n|-terastallize|p1a: Great Tusk|Steel\n|move|p2a: Zapdos|Hurricane|p1a: Great Tusk|[miss]\n|-miss|p2a: Zapdos|p1a: Great Tusk\n|move|p1a: Great Tusk|Ice Spinner|p2a: Zapdos\n|-supereffective|p2a: Zapdos\n|-damage|p2a: Zapdos|0 fnt\n|faint|p2a: Zapdos\n|\n|upkeep\n|\n|t:|1700312627\n|switch|p2a: Gallade|Gallade, M|100\/100\n|-activate|p2a: Gallade|move: Sticky Web\n|-unboost|p2a: Gallade|spe|1\n|turn|5\n|\n|t:|1700312632\n|move|p1a: Great Tusk|Headlong Rush|p2a: Gallade\n|-damage|p2a: Gallade|0 fnt\n|-unboost|p1a: Great Tusk|def|1\n|-unboost|p1a: Great Tusk|spd|1\n|faint|p2a: Gallade\n|\n|upkeep\n|\n|t:|1700312638\n|switch|p2a: Ting-Lu|Ting-Lu|95\/100\n|-activate|p2a: Ting-Lu|move: Sticky Web\n|-unboost|p2a: Ting-Lu|spe|1\n|-ability|p2a: Ting-Lu|Vessel of Ruin\n|turn|6\n|\n|t:|1700312644\n|move|p1a: Great Tusk|Knock Off|p2a: Ting-Lu\n|-resisted|p2a: Ting-Lu\n|-damage|p2a: Ting-Lu|86\/100\n|-enditem|p2a: Ting-Lu|Leftovers|[from] move: Knock Off|[of] p1a: Great Tusk\n|move|p2a: Ting-Lu|Earthquake|p1a: Great Tusk\n|-supereffective|p1a: Great Tusk\n|-damage|p1a: Great Tusk|11\/100\n|\n|upkeep\n|turn|7\n|\n|t:|1700312663\n|move|p1a: Great Tusk|Headlong Rush|p2a: Ting-Lu\n|-damage|p2a: Ting-Lu|57\/100\n|-unboost|p1a: Great Tusk|def|1\n|-unboost|p1a: Great Tusk|spd|1\n|move|p2a: Ting-Lu|Earthquake|p1a: Great Tusk\n|-supereffective|p1a: Great Tusk\n|-damage|p1a: Great Tusk|0 fnt\n|faint|p1a: Great Tusk\n|-end|p1a: Great Tusk|Protosynthesis|[silent]\n|\n|upkeep\n|\n|t:|1700312672\n|switch|p1a: Rillaboom|Rillaboom, M|100\/100\n|-fieldstart|move: Grassy Terrain|[from] ability: Grassy Surge|[of] p1a: Rillaboom\n|turn|8\n|\n|t:|1700312678\n|-terastallize|p2a: Ting-Lu|Dark\n|move|p1a: Rillaboom|Swords Dance|p1a: Rillaboom\n|-boost|p1a: Rillaboom|atk|2\n|move|p2a: Ting-Lu|Stealth Rock|p1a: Rillaboom\n|-sidestart|p1: Porygon Bugado|move: Stealth Rock\n|\n|-heal|p2a: Ting-Lu|63\/100|[from] Grassy Terrain\n|upkeep\n|turn|9\n|\n|t:|1700312685\n|move|p1a: Rillaboom|Wood Hammer|p2a: Ting-Lu\n|-damage|p2a: Ting-Lu|0 fnt\n|faint|p2a: Ting-Lu\n|-damage|p1a: Rillaboom|69\/100|[from] Recoil\n|\n|-heal|p1a: Rillaboom|76\/100|[from] Grassy Terrain\n|upkeep\n|\n|t:|1700312692\n|switch|p2a: Empoleon|Empoleon, F|100\/100\n|-activate|p2a: Empoleon|move: Sticky Web\n|-unboost|p2a: Empoleon|spe|1\n|-ability|p2a: Empoleon|Competitive|boost\n|-boost|p2a: Empoleon|spa|2\n|turn|10\n|\n|t:|1700312697\n|move|p1a: Rillaboom|Wood Hammer|p2a: Empoleon\n|-damage|p2a: Empoleon|0 fnt\n|faint|p2a: Empoleon\n|-damage|p1a: Rillaboom|40\/100|[from] Recoil\n|\n|-heal|p1a: Rillaboom|46\/100|[from] Grassy Terrain\n|upkeep\n|\n|t:|1700312704\n|switch|p2a: Ninetales|Ninetales-Alola, F|100\/100\n|-activate|p2a: Ninetales|move: Sticky Web\n|-unboost|p2a: Ninetales|spe|1\n|-weather|Snow|[from] ability: Snow Warning|[of] p2a: Ninetales\n|turn|11\n|\n|t:|1700312709\n|move|p1a: Rillaboom|Wood Hammer|p2a: Ninetales\n|-enditem|p2a: Ninetales|Focus Sash\n|-damage|p2a: Ninetales|1\/100\n|-damage|p1a: Rillaboom|18\/100|[from] Recoil\n|move|p2a: Ninetales|Blizzard|p1a: Rillaboom\n|-supereffective|p1a: Rillaboom\n|-damage|p1a: Rillaboom|0 fnt\n|faint|p1a: Rillaboom\n|\n|-weather|Snow|[upkeep]\n|-heal|p2a: Ninetales|7\/100|[from] Grassy Terrain\n|upkeep\n|\n|t:|1700312727\n|switch|p1a: Ceruledge|Ceruledge, M|100\/100\n|turn|12\n|\n|t:|1700312731\n|move|p1a: Ceruledge|Swords Dance|p1a: Ceruledge\n|-boost|p1a: Ceruledge|atk|2\n|move|p2a: Ninetales|Moonblast|p1a: Ceruledge\n|-resisted|p1a: Ceruledge\n|-damage|p1a: Ceruledge|79\/100\n|\n|-weather|Snow|[upkeep]\n|-heal|p1a: Ceruledge|85\/100|[from] Grassy Terrain\n|-heal|p2a: Ninetales|13\/100|[from] Grassy Terrain\n|-fieldend|move: Grassy Terrain\n|upkeep\n|turn|13\n|\n|t:|1700312740\n|move|p1a: Ceruledge|Bitter Blade|p2a: Ninetales\n|-supereffective|p2a: Ninetales\n|-damage|p2a: Ninetales|0 fnt\n|-heal|p1a: Ceruledge|91\/100|[from] drain|[of] p2a: Ninetales\n|faint|p2a: Ninetales\n|\n|-weather|Snow|[upkeep]\n|upkeep\n|\n|t:|1700312746\n|switch|p2a: Garchomp|Garchomp, F|100\/100\n|-activate|p2a: Garchomp|move: Sticky Web\n|-unboost|p2a: Garchomp|spe|1\n|turn|14\n|\n|t:|1700312751\n|move|p1a: Ceruledge|Poltergeist|p2a: Garchomp\n|-activate|p2a: Garchomp|move: Poltergeist|Assault Vest\n|-damage|p2a: Garchomp|5\/100\n|move|p2a: Garchomp|Earthquake|p1a: Ceruledge\n|-supereffective|p1a: Ceruledge\n|-damage|p1a: Ceruledge|0 fnt\n|faint|p1a: Ceruledge\n|\n|-weather|Snow|[upkeep]\n|upkeep\n|\n|t:|1700312785\n|switch|p1a: Ribombee|Ribombee, F|100\/100\n|-damage|p1a: Ribombee|76\/100|[from] Stealth Rock\n|turn|15\n|\n|t:|1700312789\n|move|p1a: Ribombee|Moonblast|p2a: Garchomp\n|-supereffective|p2a: Garchomp\n|-damage|p2a: Garchomp|0 fnt\n|faint|p2a: Garchomp\n|\n|win|Porygon Bugado\n|raw|Porygon Bugado's rating: 1113 &rarr; <strong>1139<\/strong><br \/>(+26 for winning)\n|raw|FelixhatCorona's rating: 1122 &rarr; <strong>1096<\/strong><br \/>(-26 for losing)\n|l|\u2606FelixhatCorona\n|j| e63593\n","uploadtime":1700312835,"views":16,"p1id":"porygonbugado","p2id":"felixhatcorona","formatid":"gen9ou","rating":1096,"private":0,"password":""}