{"id":"gen9ou-1994934418","p1":"testaccount for ou","p2":"VikrThe","format":"[Gen 9] OU","log":"|j|\u2606testaccount for ou\n|j|\u2606VikrThe\n|t:|1700506011\n|gametype|singles\n|player|p1|testaccount for ou|265|1070\n|player|p2|VikrThe|1|1184\n|teamsize|p1|6\n|teamsize|p2|6\n|gen|9\n|tier|[Gen 9] OU\n|rated|\n|rule|Sleep Clause Mod: Limit one foe put to sleep\n|rule|Species Clause: Limit one of each Pok\u00e9mon\n|rule|OHKO Clause: OHKO moves are banned\n|rule|Evasion Items Clause: Evasion items are banned\n|rule|Evasion Moves Clause: Evasion moves are banned\n|rule|Endless Battle Clause: Forcing endless battles is banned\n|rule|HP Percentage Mod: HP is shown in percentages\n|clearpoke\n|poke|p1|Maushold|\n|poke|p1|Weavile, F|\n|poke|p1|Volcanion|\n|poke|p1|Great Tusk|\n|poke|p1|Enamorus-Therian, F|\n|poke|p1|Ogerpon, F|\n|poke|p2|Crawdaunt, F|\n|poke|p2|Scizor, M|\n|poke|p2|Hatterene, F|\n|poke|p2|Heatran, F|\n|poke|p2|Gholdengo|\n|poke|p2|Ceruledge, M|\n|teampreview\n|inactive|Battle timer is ON: inactive players will automatically lose when time's up. (requested by testaccount for ou)\n|\n|t:|1700506036\n|start\n|switch|p1a: Ogerpon|Ogerpon, F|100\/100\n|switch|p2a: Heatran|Heatran, F|100\/100\n|turn|1\n|\n|t:|1700506059\n|move|p1a: Ogerpon|Spikes|p2a: Heatran\n|-sidestart|p2: VikrThe|Spikes\n|move|p2a: Heatran|Stealth Rock|p1a: Ogerpon\n|-sidestart|p1: testaccount for ou|move: Stealth Rock\n|\n|upkeep\n|turn|2\n|\n|t:|1700506064\n|switch|p1a: Volcanion|Volcanion|100\/100\n|-damage|p1a: Volcanion|76\/100|[from] Stealth Rock\n|move|p2a: Heatran|Taunt|p1a: Volcanion\n|-start|p1a: Volcanion|move: Taunt\n|\n|upkeep\n|turn|3\n|\n|t:|1700506072\n|move|p2a: Heatran|Earth Power|p1a: Volcanion\n|-supereffective|p1a: Volcanion\n|-damage|p1a: Volcanion|7\/100\n|move|p1a: Volcanion|Earth Power|p2a: Heatran\n|-supereffective|p2a: Heatran\n|-damage|p2a: Heatran|0 fnt\n|faint|p2a: Heatran\n|\n|upkeep\n|\n|t:|1700506097\n|switch|p2a: Gholdengo|Gholdengo|100\/100\n|-damage|p2a: Gholdengo|88\/100|[from] Spikes\n|turn|4\n|\n|t:|1700506100\n|move|p2a: Gholdengo|Shadow Ball|p1a: Volcanion\n|-damage|p1a: Volcanion|0 fnt\n|faint|p1a: Volcanion\n|\n|upkeep\n|\n|t:|1700506109\n|switch|p1a: Weavile|Weavile, F, shiny|100\/100\n|-ability|p1a: Weavile|Pressure\n|turn|5\n|\n|t:|1700506113\n|switch|p2a: Scizor|Scizor, M|100\/100\n|-damage|p2a: Scizor|88\/100|[from] Spikes\n|move|p1a: Weavile|Knock Off|p2a: Scizor\n|-damage|p2a: Scizor|40\/100\n|-enditem|p2a: Scizor|Leftovers|[from] move: Knock Off|[of] p1a: Weavile\n|\n|upkeep\n|turn|6\n|\n|t:|1700506123\n|switch|p1a: Great Tusk|Great Tusk|100\/100\n|-damage|p1a: Great Tusk|98\/100|[from] Stealth Rock\n|move|p2a: Scizor|Defog|p1a: Great Tusk\n|-unboost|p1a: Great Tusk|evasion|1\n|-sideend|p1: testaccount for ou|Stealth Rock|[from] move: Defog|[of] p2a: Scizor\n|-sideend|p2: VikrThe|Spikes|[from] move: Defog|[of] p2a: Scizor\n|\n|-heal|p1a: Great Tusk|100\/100|[from] item: Leftovers\n|upkeep\n|turn|7\n|\n|t:|1700506129\n|move|p1a: Great Tusk|Stealth Rock|p2a: Scizor\n|-sidestart|p2: VikrThe|move: Stealth Rock\n|move|p2a: Scizor|Knock Off|p1a: Great Tusk\n|-resisted|p1a: Great Tusk\n|-damage|p1a: Great Tusk|87\/100\n|-enditem|p1a: Great Tusk|Leftovers|[from] move: Knock Off|[of] p2a: Scizor\n|\n|upkeep\n|turn|8\n|\n|t:|1700506135\n|move|p1a: Great Tusk|Close Combat|p2a: Scizor\n|-damage|p2a: Scizor|0 fnt\n|-unboost|p1a: Great Tusk|def|1\n|-unboost|p1a: Great Tusk|spd|1\n|faint|p2a: Scizor\n|\n|upkeep\n|\n|t:|1700506140\n|switch|p2a: Crawdaunt|Crawdaunt, F|100\/100\n|-damage|p2a: Crawdaunt|88\/100|[from] Stealth Rock\n|turn|9\n|\n|t:|1700506145\n|move|p2a: Crawdaunt|Aqua Jet|p1a: Great Tusk\n|-supereffective|p1a: Great Tusk\n|-damage|p1a: Great Tusk|0 fnt\n|faint|p1a: Great Tusk\n|-end|p1a: Great Tusk|Protosynthesis|[silent]\n|\n|upkeep\n|\n|t:|1700506150\n|switch|p1a: Ogerpon|Ogerpon, F|100\/100\n|turn|10\n|\n|t:|1700506173\n|switch|p2a: Hatterene|Hatterene, F|100\/100\n|-damage|p2a: Hatterene|88\/100|[from] Stealth Rock\n|move|p1a: Ogerpon|Wood Hammer|p2a: Hatterene\n|-damage|p2a: Hatterene|21\/100\n|-damage|p1a: Ogerpon|77\/100|[from] Recoil\n|-damage|p1a: Ogerpon|67\/100|[from] item: Life Orb\n|\n|-heal|p2a: Hatterene|27\/100|[from] item: Leftovers\n|upkeep\n|turn|11\n|\n|t:|1700506181\n|move|p1a: Ogerpon|Knock Off|p2a: Hatterene\n|-damage|p2a: Hatterene|0 fnt\n|-enditem|p2a: Hatterene|Leftovers|[from] move: Knock Off|[of] p1a: Ogerpon\n|faint|p2a: Hatterene\n|-damage|p1a: Ogerpon|57\/100|[from] item: Life Orb\n|\n|upkeep\n|\n|t:|1700506185\n|switch|p2a: Gholdengo|Gholdengo|88\/100\n|-damage|p2a: Gholdengo|82\/100|[from] Stealth Rock\n|turn|12\n|\n|t:|1700506189\n|move|p2a: Gholdengo|Make It Rain|p1a: Ogerpon\n|-damage|p1a: Ogerpon|0 fnt\n|-unboost|p2a: Gholdengo|spa|1\n|faint|p1a: Ogerpon\n|\n|upkeep\n|\n|t:|1700506197\n|switch|p1a: Maushold|Maushold|100\/100\n|turn|13\n|\n|t:|1700506201\n|switch|p2a: Ceruledge|Ceruledge, M|100\/100\n|-damage|p2a: Ceruledge|76\/100|[from] Stealth Rock\n|move|p1a: Maushold|Tidy Up|p1a: Maushold\n|-sideend|p2: VikrThe|Stealth Rock\n|-activate|p1a: Maushold|move: Tidy Up\n|-boost|p1a: Maushold|atk|1\n|-boost|p1a: Maushold|spe|1\n|\n|upkeep\n|turn|14\n|inactive|testaccount for ou has 120 seconds left.\n|\n|t:|1700506232\n|-terastallize|p2a: Ceruledge|Fire\n|move|p1a: Maushold|Bite|p2a: Ceruledge\n|-damage|p2a: Ceruledge|29\/100\n|-ability|p2a: Ceruledge|Weak Armor|boost\n|-unboost|p2a: Ceruledge|def|1\n|-boost|p2a: Ceruledge|spe|2\n|move|p2a: Ceruledge|Bitter Blade|p1a: Maushold\n|-damage|p1a: Maushold|12\/100\n|-heal|p2a: Ceruledge|73\/100|[from] drain|[of] p1a: Maushold\n|\n|upkeep\n|turn|15\n|inactive|testaccount for ou has 120 seconds left.\n|\n|t:|1700506244\n|move|p2a: Ceruledge|Bitter Blade|p1a: Maushold\n|-damage|p1a: Maushold|0 fnt\n|-heal|p2a: Ceruledge|79\/100|[from] drain|[of] p1a: Maushold\n|faint|p1a: Maushold\n|\n|upkeep\n|\n|t:|1700506248\n|switch|p1a: Enamorus|Enamorus-Therian, F|100\/100\n|turn|16\n|\n|t:|1700506267\n|move|p2a: Ceruledge|Bitter Blade|p1a: Enamorus\n|-damage|p1a: Enamorus|42\/100\n|-heal|p2a: Ceruledge|100\/100|[from] drain|[of] p1a: Enamorus\n|move|p1a: Enamorus|Earth Power|p2a: Ceruledge\n|-supereffective|p2a: Ceruledge\n|-enditem|p2a: Ceruledge|Focus Sash\n|-damage|p2a: Ceruledge|1\/100\n|-unboost|p2a: Ceruledge|spd|1\n|\n|upkeep\n|turn|17\n|\n|t:|1700506280\n|move|p2a: Ceruledge|Bitter Blade|p1a: Enamorus\n|-damage|p1a: Enamorus|0 fnt\n|-heal|p2a: Ceruledge|26\/100|[from] drain|[of] p1a: Enamorus\n|faint|p1a: Enamorus\n|\n|upkeep\n|\n|t:|1700506282\n|switch|p1a: Weavile|Weavile, F, shiny|100\/100\n|-ability|p1a: Weavile|Pressure\n|turn|18\n|\n|t:|1700506288\n|-terastallize|p1a: Weavile|Ice\n|move|p2a: Ceruledge|Shadow Sneak|p1a: Weavile\n|-crit|p1a: Weavile\n|-damage|p1a: Weavile|47\/100\n|move|p1a: Weavile|Ice Shard|p2a: Ceruledge\n|-resisted|p2a: Ceruledge\n|-damage|p2a: Ceruledge|0 fnt\n|faint|p2a: Ceruledge\n|\n|upkeep\n|\n|t:|1700506299\n|switch|p2a: Crawdaunt|Crawdaunt, F|88\/100\n|turn|19\n|\n|t:|1700506306\n|move|p2a: Crawdaunt|Aqua Jet|p1a: Weavile\n|-damage|p1a: Weavile|0 fnt\n|faint|p1a: Weavile\n|\n|win|VikrThe\n|raw|testaccount for ou's rating: 1070 &rarr; <strong>1056<\/strong><br \/>(-14 for losing)\n|raw|VikrThe's rating: 1184 &rarr; <strong>1201<\/strong><br \/>(+17 for winning)\n","uploadtime":1700506310,"views":22,"p1id":"testaccountforou","p2id":"vikrthe","formatid":"gen9ou","rating":1056,"private":0,"password":""}