{"id":"gen9ou-1991426100","p1":"jxrx","p2":"SDK04","format":"[Gen 9] OU","log":"|j|\u2606jxrx\n|j|\u2606SDK04\n|inactive|Battle timer is ON: inactive players will automatically lose when time's up.\n|t:|1700076106\n|gametype|singles\n|player|p1|jxrx|norman|\n|player|p2|SDK04|unknown|\n|teamsize|p1|6\n|teamsize|p2|6\n|gen|9\n|tier|[Gen 9] OU\n|rated|Tournament battle\n|rule|Sleep Clause Mod: Limit one foe put to sleep\n|rule|Species Clause: Limit one of each Pok\u00e9mon\n|rule|OHKO Clause: OHKO moves are banned\n|rule|Evasion Items Clause: Evasion items are banned\n|rule|Evasion Moves Clause: Evasion moves are banned\n|rule|Endless Battle Clause: Forcing endless battles is banned\n|rule|HP Percentage Mod: HP is shown in percentages\n|rule|Terastal Clause: You cannot Terastallize\n|clearpoke\n|poke|p1|Alomomola, F|\n|poke|p1|Salamence, M|\n|poke|p1|Empoleon, M|\n|poke|p1|Golem, M|\n|poke|p1|Brambleghast, F|\n|poke|p1|Thundurus-Therian, M|\n|poke|p2|Ninetales-Alola, M|\n|poke|p2|Ogerpon-Wellspring, F|\n|poke|p2|Iron Valiant|\n|poke|p2|Kingambit, M|\n|poke|p2|Gholdengo|\n|poke|p2|Salamence, M|\n|teampreview\n|j| Dixie Ject\n|\n|t:|1700076121\n|start\n|switch|p1a: Empoleon|Empoleon, M|100\/100\n|switch|p2a: cool window|Ninetales-Alola, M|100\/100\n|-weather|Snow|[from] ability: Snow Warning|[of] p2a: cool window\n|turn|1\n|j| Weather_Agent67\n|j| RendingScizor\n|inactive|SDK04 has 120 seconds left.\n|\n|t:|1700076152\n|move|p2a: cool window|Aurora Veil|p2a: cool window\n|-sidestart|p2: SDK04|move: Aurora Veil\n|move|p1a: Empoleon|Flash Cannon|p2a: cool window\n|-supereffective|p2a: cool window\n|-damage|p2a: cool window|24\/100\n|\n|-weather|Snow|[upkeep]\n|upkeep\n|turn|2\n|inactive|SDK04 has 120 seconds left.\n|\n|t:|1700076164\n|move|p2a: cool window|Encore|p1a: Empoleon\n|-start|p1a: Empoleon|Encore\n|move|p1a: Empoleon|Flash Cannon|p2a: cool window\n|-supereffective|p2a: cool window\n|-damage|p2a: cool window|0 fnt\n|faint|p2a: cool window\n|\n|-weather|Snow|[upkeep]\n|upkeep\n|\n|t:|1700076166\n|switch|p2a: I miss Himiko\u2026|Salamence, M|100\/100\n|turn|3\n|\n|t:|1700076183\n|switch|p1a: Golem|Golem, M|100\/100\n|move|p2a: I miss Himiko\u2026|Dragon Dance|p2a: I miss Himiko\u2026\n|-boost|p2a: I miss Himiko\u2026|atk|1\n|-boost|p2a: I miss Himiko\u2026|spe|1\n|\n|-weather|Snow|[upkeep]\n|upkeep\n|turn|4\n|\n|t:|1700076188\n|move|p2a: I miss Himiko\u2026|Earthquake|p1a: Golem\n|-supereffective|p1a: Golem\n|-crit|p1a: Golem\n|-ability|p1a: Golem|Sturdy\n|-damage|p1a: Golem|1\/100\n|move|p1a: Golem|Rock Slide|p2a: I miss Himiko\u2026\n|-supereffective|p2a: I miss Himiko\u2026\n|-crit|p2a: I miss Himiko\u2026\n|-damage|p2a: I miss Himiko\u2026|0 fnt\n|faint|p2a: I miss Himiko\u2026\n|\n|-weather|Snow|[upkeep]\n|upkeep\n|\n|t:|1700076205\n|switch|p2a: Galladevoir|Iron Valiant|100\/100\n|-enditem|p2a: Galladevoir|Booster Energy\n|-activate|p2a: Galladevoir|ability: Quark Drive|[fromitem]\n|-start|p2a: Galladevoir|quarkdrivespe\n|turn|5\n|-enditem|p1a: Golem|Custap Berry|[eat]\n|-activate|p1a: Golem|item: Custap Berry|[consumed]\n|\n|t:|1700076212\n|move|p1a: Golem|Explosion|p2a: Galladevoir\n|-damage|p2a: Galladevoir|43\/100\n|faint|p1a: Golem\n|move|p2a: Galladevoir|Calm Mind|p2a: Galladevoir\n|-boost|p2a: Galladevoir|spa|1\n|-boost|p2a: Galladevoir|spd|1\n|\n|-weather|none\n|upkeep\n|c|\u2606SDK04|No big deal\n|\n|t:|1700076230\n|switch|p1a: Brambleghast|Brambleghast, F|100\/100\n|turn|6\n|\n|t:|1700076255\n|move|p2a: Galladevoir|Moonblast|p1a: Brambleghast\n|-damage|p1a: Brambleghast|0 fnt\n|faint|p1a: Brambleghast\n|\n|upkeep\n|\n|t:|1700076262\n|switch|p1a: Thundurus|Thundurus-Therian, M|100\/100\n|turn|7\n|l| Dixie Ject\n|\n|t:|1700076267\n|move|p2a: Galladevoir|Calm Mind|p2a: Galladevoir\n|-boost|p2a: Galladevoir|spa|1\n|-boost|p2a: Galladevoir|spd|1\n|move|p1a: Thundurus|Sludge Bomb|p2a: Galladevoir\n|-supereffective|p2a: Galladevoir\n|-damage|p2a: Galladevoir|11\/100\n|\n|upkeep\n|turn|8\n|\n|t:|1700076275\n|move|p2a: Galladevoir|Moonblast|p1a: Thundurus\n|-damage|p1a: Thundurus|0 fnt\n|faint|p1a: Thundurus\n|\n|-sideend|p2: SDK04|move: Aurora Veil\n|upkeep\n|\n|t:|1700076278\n|switch|p1a: Alomomola|Alomomola, F|100\/100\n|turn|9\n|\n|t:|1700076280\n|move|p2a: Galladevoir|Thunderbolt|p1a: Alomomola\n|-supereffective|p1a: Alomomola\n|-damage|p1a: Alomomola|0 fnt\n|faint|p1a: Alomomola\n|\n|upkeep\n|c|\u2606SDK04|gg\n|c|\u2606SDK04|wp\n|\n|t:|1700076292\n|switch|p1a: Salamence|Salamence, M|100\/100\n|turn|10\n|\n|t:|1700076295\n|move|p2a: Galladevoir|Moonblast|p1a: Salamence\n|-supereffective|p1a: Salamence\n|-damage|p1a: Salamence|0 fnt\n|faint|p1a: Salamence\n|\n|upkeep\n|\n|t:|1700076297\n|switch|p1a: Empoleon|Empoleon, M|100\/100\n|turn|11\n|\n|t:|1700076298\n|move|p2a: Galladevoir|Thunderbolt|p1a: Empoleon\n|-supereffective|p1a: Empoleon\n|-damage|p1a: Empoleon|0 fnt\n|faint|p1a: Empoleon\n|\n|win|SDK04\n|n|\u2606jxrx|jxrx\n|n|\u2606SDK04|sdk04\n|n| Weather_Agent67|weatheragent67\n|n| RendingScizor|rendingscizor\n|l|\u2606jxrx\n","uploadtime":1700076307,"views":7,"p1id":"jxrx","p2id":"sdk04","formatid":"gen9ou","rating":0,"private":0,"password":""}