{"id":"gen9ou-1992010629","p1":"yoissy","p2":"OceanSlimeRancher","format":"[Gen 9] OU","log":"|j|\u2606yoissy\n|j|\u2606OceanSlimeRancher\n|t:|1700147498\n|gametype|singles\n|player|p1|yoissy|265|1084\n|player|p2|OceanSlimeRancher|101|1058\n|teamsize|p1|6\n|teamsize|p2|6\n|gen|9\n|tier|[Gen 9] OU\n|rated|\n|rule|Sleep Clause Mod: Limit one foe put to sleep\n|rule|Species Clause: Limit one of each Pok\u00e9mon\n|rule|OHKO Clause: OHKO moves are banned\n|rule|Evasion Items Clause: Evasion items are banned\n|rule|Evasion Moves Clause: Evasion moves are banned\n|rule|Endless Battle Clause: Forcing endless battles is banned\n|rule|HP Percentage Mod: HP is shown in percentages\n|clearpoke\n|poke|p1|Skeledirge, M|\n|poke|p1|Ogerpon-Wellspring, F|\n|poke|p1|Weezing-Galar, F|\n|poke|p1|Kingambit, F|\n|poke|p1|Sneasler, M|\n|poke|p1|Great Tusk|\n|poke|p2|Maushold|\n|poke|p2|Ogerpon-Wellspring, F|\n|poke|p2|Pawmot, M|\n|poke|p2|Clodsire, F|\n|poke|p2|Jirachi|\n|poke|p2|Kommo-o, F|\n|teampreview\n|inactive|Battle timer is ON: inactive players will automatically lose when time's up. (requested by OceanSlimeRancher)\n|\n|t:|1700147519\n|start\n|switch|p1a: Ogerpon|Ogerpon-Wellspring, F|100\/100\n|switch|p2a: Jirachi|Jirachi|100\/100\n|turn|1\n|\n|t:|1700147527\n|move|p1a: Ogerpon|Knock Off|p2a: Jirachi\n|-supereffective|p2a: Jirachi\n|-damage|p2a: Jirachi|31\/100\n|-enditem|p2a: Jirachi|Assault Vest|[from] move: Knock Off|[of] p1a: Ogerpon\n|move|p2a: Jirachi|Body Slam|p1a: Ogerpon\n|-damage|p1a: Ogerpon|67\/100\n|-status|p1a: Ogerpon|par\n|\n|upkeep\n|turn|2\n|inactive|yoissy has 120 seconds left.\n|\n|t:|1700147563\n|move|p2a: Jirachi|Iron Head|p1a: Ogerpon\n|-resisted|p1a: Ogerpon\n|-damage|p1a: Ogerpon|40\/100 par\n|cant|p1a: Ogerpon|par\n|\n|upkeep\n|turn|3\n|inactive|yoissy has 120 seconds left.\n|\n|t:|1700147571\n|move|p2a: Jirachi|Iron Head|p1a: Ogerpon\n|-resisted|p1a: Ogerpon\n|-damage|p1a: Ogerpon|16\/100 par\n|cant|p1a: Ogerpon|flinch\n|\n|upkeep\n|turn|4\n|c|\u2606yoissy|duh\n|c|\u2606yoissy|guh\n|inactive|yoissy has 120 seconds left.\n|\n|t:|1700147589\n|switch|p1a: Great Tusk|Great Tusk|100\/100\n|move|p2a: Jirachi|Meteor Mash|p1a: Great Tusk\n|-damage|p1a: Great Tusk|80\/100\n|-boost|p2a: Jirachi|atk|1\n|\n|-heal|p1a: Great Tusk|86\/100|[from] item: Leftovers\n|upkeep\n|turn|5\n|c|\u2606OceanSlimeRancher|XD\n|\n|t:|1700147610\n|move|p2a: Jirachi|Ice Punch|p1a: Great Tusk\n|-supereffective|p1a: Great Tusk\n|-damage|p1a: Great Tusk|52\/100\n|-status|p1a: Great Tusk|frz\n|cant|p1a: Great Tusk|frz\n|\n|-heal|p1a: Great Tusk|59\/100 frz|[from] item: Leftovers\n|upkeep\n|turn|6\n|c|\u2606yoissy|BRO\n|inactive|yoissy has 120 seconds left.\n|c|\u2606OceanSlimeRancher|Serene grace is actually crazy\n|inactive|OceanSlimeRancher has 120 seconds left.\n|\n|t:|1700147638\n|-end|p1a: Great Tusk|Protosynthesis|[silent]\n|switch|p1a: Ogerpon|Ogerpon-Wellspring, F|16\/100 par\n|move|p2a: Jirachi|Meteor Mash|p1a: Ogerpon\n|-resisted|p1a: Ogerpon\n|-damage|p1a: Ogerpon|0 fnt\n|-boost|p2a: Jirachi|atk|1\n|faint|p1a: Ogerpon\n|\n|upkeep\n|inactive|yoissy has 120 seconds left.\n|\n|t:|1700147671\n|switch|p1a: Sneasler|Sneasler, M|100\/100\n|-item|p1a: Sneasler|Air Balloon\n|turn|7\n|\n|t:|1700147681\n|move|p1a: Sneasler|Close Combat|p2a: Jirachi\n|-damage|p2a: Jirachi|0 fnt\n|-unboost|p1a: Sneasler|def|1\n|-unboost|p1a: Sneasler|spd|1\n|faint|p2a: Jirachi\n|\n|upkeep\n|inactive|OceanSlimeRancher has 120 seconds left.\n|\n|t:|1700147695\n|switch|p2a: Ogerpon|Ogerpon-Wellspring, F|100\/100\n|turn|8\n|inactive|yoissy has 90 seconds left.\n|\n|t:|1700147733\n|switch|p1a: Weezing|Weezing-Galar, F|100\/100\n|move|p2a: Ogerpon|Ivy Cudgel|p1a: Weezing|[anim] Ivy Cudgel Water\n|-crit|p1a: Weezing\n|-damage|p1a: Weezing|36\/100\n|\n|-heal|p1a: Weezing|42\/100|[from] item: Leftovers\n|upkeep\n|turn|9\n|c|\u2606yoissy|the crit too\n|c|\u2606yoissy|:(\n|c|\u2606yoissy|L bozo\n|c|\u2606yoissy|I'm bozo\n|inactive|OceanSlimeRancher has 120 seconds left.\n|c|\u2606OceanSlimeRancher|It is higher critical ratio\n|c|\u2606yoissy|yeah I know\n|c|\u2606yoissy|it's still unfortunate\n|c|\u2606OceanSlimeRancher|But still WTH is this luck\n|\n|t:|1700147772\n|move|p2a: Ogerpon|Ivy Cudgel|p1a: Weezing|[anim] Ivy Cudgel Water\n|-crit|p1a: Weezing\n|-damage|p1a: Weezing|0 fnt\n|faint|p1a: Weezing\n|\n|upkeep\n|c|\u2606yoissy|BRO TWO\n|c|\u2606OceanSlimeRancher|Bruh\n|c|\u2606yoissy|REAL?!\n|inactive|yoissy has 60 seconds left.\n|\n|t:|1700147795\n|switch|p1a: Kingambit|Kingambit, F|100\/100\n|-activate|p1a: Kingambit|ability: Supreme Overlord\n|-start|p1a: Kingambit|fallen2|[silent]\n|turn|10\n|\n|t:|1700147800\n|move|p2a: Ogerpon|Brick Break|p1a: Kingambit\n|-supereffective|p1a: Kingambit\n|-damage|p1a: Kingambit|21\/100\n|move|p1a: Kingambit|Kowtow Cleave|p2a: Ogerpon\n|-damage|p2a: Ogerpon|26\/100\n|\n|-heal|p1a: Kingambit|28\/100|[from] item: Leftovers\n|upkeep\n|turn|11\n|\n|t:|1700147811\n|move|p1a: Kingambit|Sucker Punch|p2a: Ogerpon\n|-damage|p2a: Ogerpon|0 fnt\n|faint|p2a: Ogerpon\n|\n|-heal|p1a: Kingambit|34\/100|[from] item: Leftovers\n|upkeep\n|\n|t:|1700147817\n|switch|p2a: Pawmot|Pawmot, M|100\/100\n|turn|12\n|\n|t:|1700147830\n|move|p1a: Kingambit|Sucker Punch||[still]\n|-fail|p1a: Kingambit\n|move|p2a: Pawmot|Entrainment|p1a: Kingambit\n|-end|p1a: Kingambit|fallen2|[silent]\n|-endability|p1a: Kingambit|Supreme Overlord|[from] move: Entrainment\n|-ability|p1a: Kingambit|Iron Fist|[from] move: Entrainment\n|\n|-heal|p1a: Kingambit|40\/100|[from] item: Leftovers\n|upkeep\n|turn|13\n|c|\u2606yoissy|entrainment?\n|inactive|OceanSlimeRancher has 120 seconds left.\n|c|\u2606OceanSlimeRancher|Yeahhhh\n|c|\u2606yoissy|interesting\n|c|\u2606yoissy|why?\n|c|\u2606OceanSlimeRancher|It\u2019s gimmicky and fun\n|c|\u2606yoissy|based\n|\n|t:|1700147864\n|switch|p1a: Great Tusk|Great Tusk|59\/100 frz\n|move|p2a: Pawmot|Mach Punch|p1a: Great Tusk\n|-damage|p1a: Great Tusk|47\/100 frz\n|\n|-heal|p1a: Great Tusk|53\/100 frz|[from] item: Leftovers\n|upkeep\n|turn|14\n|inactive|yoissy has 90 seconds left.\n|\n|t:|1700147874\n|move|p2a: Pawmot|Revival Blessing|p2a: Pawmot\n|\n|t:|1700147875\n|-heal|p2: Jirachi|50\/100|[from] move: Revival Blessing\n|-curestatus|p1a: Great Tusk|frz|[msg]\n|move|p1a: Great Tusk|Earthquake|p2a: Pawmot\n|-supereffective|p2a: Pawmot\n|-damage|p2a: Pawmot|0 fnt\n|faint|p2a: Pawmot\n|\n|-heal|p1a: Great Tusk|59\/100|[from] item: Leftovers\n|upkeep\n|c|\u2606OceanSlimeRancher|Dang\n|\n|t:|1700147897\n|switch|p2a: Jirachi|Jirachi|50\/100\n|turn|15\n|\n|t:|1700147912\n|move|p2a: Jirachi|Ice Punch|p1a: Great Tusk\n|-supereffective|p1a: Great Tusk\n|-damage|p1a: Great Tusk|37\/100\n|move|p1a: Great Tusk|Earthquake|p2a: Jirachi\n|-supereffective|p2a: Jirachi\n|-damage|p2a: Jirachi|0 fnt\n|faint|p2a: Jirachi\n|\n|-heal|p1a: Great Tusk|43\/100|[from] item: Leftovers\n|upkeep\n|c|\u2606yoissy|if you had gotten the freeze again that would have been crazy\n|c|\u2606yoissy|lol\n|inactive|OceanSlimeRancher has 90 seconds left.\n|\n|t:|1700147939\n|switch|p2a: Kommo-o|Kommo-o, F|100\/100\n|turn|16\n|inactive|yoissy has 90 seconds left.\n|inactive|OceanSlimeRancher has 60 seconds left.\n|\n|t:|1700147980\n|move|p2a: Kommo-o|Clangorous Soul|p2a: Kommo-o\n|-boost|p2a: Kommo-o|atk|1\n|-boost|p2a: Kommo-o|def|1\n|-boost|p2a: Kommo-o|spa|1\n|-boost|p2a: Kommo-o|spd|1\n|-boost|p2a: Kommo-o|spe|1\n|-damage|p2a: Kommo-o|68\/100\n|-enditem|p2a: Kommo-o|Throat Spray\n|-boost|p2a: Kommo-o|spa|1|[from] item: Throat Spray\n|move|p1a: Great Tusk|Earthquake|p2a: Kommo-o\n|-damage|p2a: Kommo-o|41\/100\n|\n|-heal|p1a: Great Tusk|49\/100|[from] item: Leftovers\n|upkeep\n|turn|17\n|inactive|yoissy has 90 seconds left.\n|l|\u2606OceanSlimeRancher\n|inactive|OceanSlimeRancher disconnected and has a minute to reconnect!\n|player|p2|\n|\n|t:|1700148011\n|move|p2a: Kommo-o|Clanging Scales|p1a: Great Tusk\n|-damage|p1a: Great Tusk|0 fnt\n|faint|p1a: Great Tusk\n|-end|p1a: Great Tusk|Protosynthesis|[silent]\n|-unboost|p2a: Kommo-o|def|1\n|\n|upkeep\n|\n|t:|1700148014\n|switch|p1a: Skeledirge|Skeledirge, M|100\/100\n|turn|18\n|j|\u2606OceanSlimeRancher\n|inactive|OceanSlimeRancher reconnected and has 50 seconds left.\n|player|p2|OceanSlimeRancher|101\n|c|\u2606OceanSlimeRancher|Flip unaware\n|inactive|OceanSlimeRancher has 30 seconds left.\n|\n|t:|1700148035\n|move|p2a: Kommo-o|Scale Shot|p1a: Skeledirge\n|-damage|p1a: Skeledirge|93\/100\n|-damage|p1a: Skeledirge|86\/100\n|-hitcount|p1a: Skeledirge|2\n|-unboost|p2a: Kommo-o|def|1\n|-boost|p2a: Kommo-o|spe|1\n|move|p1a: Skeledirge|Will-O-Wisp|p2a: Kommo-o\n|-status|p2a: Kommo-o|brn\n|\n|-damage|p2a: Kommo-o|35\/100 brn|[from] brn\n|upkeep\n|turn|19\n|inactive|yoissy has 90 seconds left.\n|inactive|OceanSlimeRancher has 30 seconds left.\n|c|\u2606yoissy|if you had managed to entrainment the unaware that would have gone CRAZY\n|\n|t:|1700148055\n|move|p2a: Kommo-o|Clanging Scales|p1a: Skeledirge\n|-damage|p1a: Skeledirge|50\/100\n|-unboost|p2a: Kommo-o|def|1\n|move|p1a: Skeledirge|Hex|p2a: Kommo-o\n|-damage|p2a: Kommo-o|0 fnt\n|faint|p2a: Kommo-o\n|\n|upkeep\n|inactive|OceanSlimeRancher has 30 seconds left.\n|c|\u2606OceanSlimeRancher|Does entrainment work against ghost types?\n|inactive|OceanSlimeRancher has 20 seconds left.\n|c|\u2606yoissy|I think so\n|\n|t:|1700148073\n|switch|p2a: Clodsire|Clodsire, F|100\/100\n|turn|20\n|inactive|OceanSlimeRancher has 30 seconds left this turn.\n|c|\u2606yoissy|it's status\n|inactive|yoissy has 90 seconds left.\n|c|\u2606yoissy|status normal ususally does work against ghost\n|c|\u2606yoissy|idk why\n|c|\u2606OceanSlimeRancher|That\u2019s cool\n|\n|t:|1700148093\n|move|p1a: Skeledirge|Will-O-Wisp|p2a: Clodsire\n|-status|p2a: Clodsire|brn\n|move|p2a: Clodsire|Earthquake|p1a: Skeledirge\n|-supereffective|p1a: Skeledirge\n|-damage|p1a: Skeledirge|29\/100\n|\n|-damage|p2a: Clodsire|94\/100 brn|[from] brn\n|upkeep\n|turn|21\n|c|\u2606yoissy|yee\n|inactive|OceanSlimeRancher has 30 seconds left.\n|\n|t:|1700148103\n|move|p1a: Skeledirge|Slack Off|p1a: Skeledirge\n|-heal|p1a: Skeledirge|79\/100\n|move|p2a: Clodsire|Earthquake|p1a: Skeledirge\n|-supereffective|p1a: Skeledirge\n|-damage|p1a: Skeledirge|55\/100\n|\n|-heal|p2a: Clodsire|100\/100 brn|[from] item: Black Sludge\n|-damage|p2a: Clodsire|94\/100 brn|[from] brn\n|upkeep\n|turn|22\n|inactive|OceanSlimeRancher has 30 seconds left.\n|\n|t:|1700148115\n|move|p1a: Skeledirge|Hex|p2a: Clodsire\n|-damage|p2a: Clodsire|71\/100 brn\n|move|p2a: Clodsire|Yawn|p1a: Skeledirge\n|-start|p1a: Skeledirge|move: Yawn|[of] p2a: Clodsire\n|\n|-heal|p2a: Clodsire|77\/100 brn|[from] item: Black Sludge\n|-damage|p2a: Clodsire|71\/100 brn|[from] brn\n|upkeep\n|turn|23\n|inactive|OceanSlimeRancher has 30 seconds left.\n|inactive|yoissy has 90 seconds left.\n|\n|t:|1700148133\n|move|p1a: Skeledirge|Hex|p2a: Clodsire\n|-damage|p2a: Clodsire|47\/100 brn\n|move|p2a: Clodsire|Earthquake|p1a: Skeledirge\n|-supereffective|p1a: Skeledirge\n|-damage|p1a: Skeledirge|32\/100\n|\n|-heal|p2a: Clodsire|54\/100 brn|[from] item: Black Sludge\n|-damage|p2a: Clodsire|47\/100 brn|[from] brn\n|-end|p1a: Skeledirge|move: Yawn|[silent]\n|-status|p1a: Skeledirge|slp\n|upkeep\n|turn|24\n|inactive|OceanSlimeRancher has 30 seconds left.\n|c|\u2606yoissy|oh shoot\n|inactive|yoissy has 90 seconds left.\n|c|\u2606yoissy|wasn't paying attention\n|\n|t:|1700148146\n|cant|p1a: Skeledirge|slp\n|move|p2a: Clodsire|Recover|p2a: Clodsire\n|-heal|p2a: Clodsire|97\/100 brn\n|\n|-heal|p2a: Clodsire|100\/100 brn|[from] item: Black Sludge\n|-damage|p2a: Clodsire|94\/100 brn|[from] brn\n|upkeep\n|turn|25\n|inactive|OceanSlimeRancher has 30 seconds left.\n|\n|t:|1700148158\n|cant|p1a: Skeledirge|slp\n|move|p2a: Clodsire|Earthquake|p1a: Skeledirge\n|-supereffective|p1a: Skeledirge\n|-damage|p1a: Skeledirge|10\/100 slp\n|\n|-heal|p2a: Clodsire|100\/100 brn|[from] item: Black Sludge\n|-damage|p2a: Clodsire|94\/100 brn|[from] brn\n|upkeep\n|turn|26\n|\n|t:|1700148166\n|-curestatus|p1a: Skeledirge|slp|[msg]\n|move|p1a: Skeledirge|Slack Off|p1a: Skeledirge\n|-heal|p1a: Skeledirge|60\/100\n|move|p2a: Clodsire|Earthquake|p1a: Skeledirge\n|-supereffective|p1a: Skeledirge\n|-crit|p1a: Skeledirge\n|-damage|p1a: Skeledirge|27\/100\n|\n|-heal|p2a: Clodsire|100\/100 brn|[from] item: Black Sludge\n|-damage|p2a: Clodsire|94\/100 brn|[from] brn\n|upkeep\n|turn|27\n|c|\u2606yoissy|thank god\n|c|\u2606yoissy|lol\n|\n|t:|1700148181\n|move|p1a: Skeledirge|Slack Off|p1a: Skeledirge\n|-heal|p1a: Skeledirge|77\/100\n|move|p2a: Clodsire|Earthquake|p1a: Skeledirge\n|-supereffective|p1a: Skeledirge\n|-damage|p1a: Skeledirge|54\/100\n|\n|-heal|p2a: Clodsire|100\/100 brn|[from] item: Black Sludge\n|-damage|p2a: Clodsire|94\/100 brn|[from] brn\n|upkeep\n|turn|28\n|\n|t:|1700148191\n|switch|p1a: Kingambit|Kingambit, F|40\/100\n|-activate|p1a: Kingambit|ability: Supreme Overlord\n|-start|p1a: Kingambit|fallen3|[silent]\n|move|p2a: Clodsire|Yawn|p1a: Kingambit\n|-start|p1a: Kingambit|move: Yawn|[of] p2a: Clodsire\n|\n|-heal|p1a: Kingambit|46\/100|[from] item: Leftovers\n|-heal|p2a: Clodsire|100\/100 brn|[from] item: Black Sludge\n|-damage|p2a: Clodsire|94\/100 brn|[from] brn\n|upkeep\n|turn|29\n|\n|t:|1700148209\n|move|p1a: Kingambit|Kowtow Cleave|p2a: Clodsire\n|-damage|p2a: Clodsire|27\/100 brn\n|move|p2a: Clodsire|Earthquake|p1a: Kingambit\n|-supereffective|p1a: Kingambit\n|-damage|p1a: Kingambit|28\/100\n|\n|-heal|p1a: Kingambit|34\/100|[from] item: Leftovers\n|-heal|p2a: Clodsire|34\/100 brn|[from] item: Black Sludge\n|-damage|p2a: Clodsire|27\/100 brn|[from] brn\n|-end|p1a: Kingambit|move: Yawn|[silent]\n|-status|p1a: Kingambit|slp\n|upkeep\n|turn|30\n|\n|t:|1700148222\n|switch|p2a: Maushold|Maushold|100\/100\n|cant|p1a: Kingambit|slp\n|\n|-heal|p1a: Kingambit|41\/100 slp|[from] item: Leftovers\n|upkeep\n|turn|31\n|inactive|yoissy has 120 seconds left.\n|\n|t:|1700148238\n|-end|p1a: Kingambit|fallen3|[silent]\n|switch|p1a: Skeledirge|Skeledirge, M|54\/100\n|move|p2a: Maushold|Aerial Ace|p1a: Skeledirge\n|-damage|p1a: Skeledirge|36\/100\n|\n|upkeep\n|turn|32\n|\n|t:|1700148245\n|move|p2a: Maushold|Taunt|p1a: Skeledirge\n|-start|p1a: Skeledirge|move: Taunt\n|cant|p1a: Skeledirge|move: Taunt|Slack Off\n|\n|upkeep\n|turn|33\n|c|\u2606yoissy|nice\n|\n|t:|1700148256\n|move|p2a: Maushold|Aerial Ace|p1a: Skeledirge\n|-damage|p1a: Skeledirge|16\/100\n|move|p1a: Skeledirge|Torch Song|p2a: Maushold\n|-damage|p2a: Maushold|56\/100\n|-boost|p1a: Skeledirge|spa|1\n|\n|upkeep\n|turn|34\n|\n|t:|1700148264\n|move|p2a: Maushold|Aerial Ace|p1a: Skeledirge\n|-damage|p1a: Skeledirge|0 fnt\n|faint|p1a: Skeledirge\n|\n|upkeep\n|\n|t:|1700148269\n|switch|p1a: Sneasler|Sneasler, M|100\/100\n|-item|p1a: Sneasler|Air Balloon\n|turn|35\n|\n|t:|1700148283\n|move|p2a: Maushold|Tidy Up|p2a: Maushold\n|-boost|p2a: Maushold|atk|1\n|-boost|p2a: Maushold|spe|1\n|move|p1a: Sneasler|Close Combat|p2a: Maushold\n|-supereffective|p2a: Maushold\n|-damage|p2a: Maushold|0 fnt\n|-unboost|p1a: Sneasler|def|1\n|-unboost|p1a: Sneasler|spd|1\n|faint|p2a: Maushold\n|\n|upkeep\n|inactive|OceanSlimeRancher has 60 seconds left.\n|c|\u2606OceanSlimeRancher|I pressed Tera ghost wth why didn\u2019t it work\n|\n|t:|1700148309\n|switch|p2a: Clodsire|Clodsire, F|27\/100 brn\n|turn|36\n|\n|t:|1700148327\n|-terastallize|p1a: Sneasler|Ground\n|move|p1a: Sneasler|Tera Blast|p2a: Clodsire|[anim] Tera Blast Ground\n|-supereffective|p2a: Clodsire\n|-damage|p2a: Clodsire|0 fnt\n|faint|p2a: Clodsire\n|\n|win|yoissy\n|raw|yoissy's rating: 1084 &rarr; <strong>1109<\/strong><br \/>(+25 for winning)\n|raw|OceanSlimeRancher's rating: 1058 &rarr; <strong>1041<\/strong><br \/>(-17 for losing)\n|c|\u2606yoissy|oof\n|c|\u2606yoissy|gg\n|c|\u2606yoissy|wp\n|c|\u2606OceanSlimeRancher|Ggs\n|c|\u2606OceanSlimeRancher|was fun\n|c|\u2606yoissy|same to you <3\n","uploadtime":1700148351,"views":23,"p1id":"yoissy","p2id":"oceanslimerancher","formatid":"gen9ou","rating":1041,"private":0,"password":""}