{"id":"gen9ou-1995678287","p1":"lostroncos","p2":"FAJEW","format":"[Gen 9] OU","log":"|j|\u2606lostroncos\n|j|\u2606FAJEW\n|t:|1700593206\n|gametype|singles\n|player|p1|lostroncos|265|1708\n|player|p2|FAJEW|shelly|1659\n|teamsize|p1|6\n|teamsize|p2|6\n|gen|9\n|tier|[Gen 9] OU\n|rated|\n|rule|Sleep Clause Mod: Limit one foe put to sleep\n|rule|Species Clause: Limit one of each Pok\u00e9mon\n|rule|OHKO Clause: OHKO moves are banned\n|rule|Evasion Items Clause: Evasion items are banned\n|rule|Evasion Moves Clause: Evasion moves are banned\n|rule|Endless Battle Clause: Forcing endless battles is banned\n|rule|HP Percentage Mod: HP is shown in percentages\n|clearpoke\n|poke|p1|Torkoal, M|\n|poke|p1|Walking Wake|\n|poke|p1|Great Tusk|\n|poke|p1|Cinderace, M|\n|poke|p1|Charizard, F|\n|poke|p1|Brute Bonnet|\n|poke|p2|Garchomp, F|\n|poke|p2|Gholdengo|\n|poke|p2|Goodra-Hisui, F|\n|poke|p2|Muk-Alola, F|\n|poke|p2|Weezing-Galar, F|\n|poke|p2|Zapdos-Galar|\n|teampreview\n|j| Seleukos\n|\n|t:|1700593218\n|start\n|switch|p1a: Torkoal|Torkoal, M|100\/100\n|switch|p2a: Muk|Muk-Alola, F|100\/100\n|-weather|SunnyDay|[from] ability: Drought|[of] p1a: Torkoal\n|turn|1\n|inactive|Battle timer is ON: inactive players will automatically lose when time's up. (requested by FAJEW)\n|\n|t:|1700593228\n|switch|p1a: Great Tusk|Great Tusk|100\/100\n|-activate|p1a: Great Tusk|ability: Protosynthesis\n|-start|p1a: Great Tusk|protosynthesisatk\n|move|p2a: Muk|Knock Off|p1a: Great Tusk\n|-resisted|p1a: Great Tusk\n|-damage|p1a: Great Tusk|85\/100\n|-enditem|p1a: Great Tusk|Leftovers|[from] move: Knock Off|[of] p2a: Muk\n|\n|-weather|SunnyDay|[upkeep]\n|upkeep\n|turn|2\n|\n|t:|1700593238\n|switch|p2a: Weezing|Weezing-Galar, F|100\/100\n|move|p1a: Great Tusk|Bulk Up|p1a: Great Tusk\n|-boost|p1a: Great Tusk|atk|1\n|-boost|p1a: Great Tusk|def|1\n|\n|-weather|SunnyDay|[upkeep]\n|upkeep\n|turn|3\n|\n|t:|1700593245\n|-end|p1a: Great Tusk|Protosynthesis|[silent]\n|switch|p1a: Charizard|Charizard, F|100\/100\n|move|p2a: Weezing|Will-O-Wisp|p1a: Charizard\n|-immune|p1a: Charizard\n|\n|-weather|SunnyDay|[upkeep]\n|-damage|p1a: Charizard|88\/100|[from] ability: Solar Power|[of] p1a: Charizard\n|upkeep\n|turn|4\n|\n|t:|1700593254\n|switch|p2a: Muk|Muk-Alola, F|100\/100\n|-terastallize|p1a: Charizard|Fire\n|move|p1a: Charizard|Weather Ball|p2a: Muk\n|-damage|p2a: Muk|12\/100\n|\n|-weather|SunnyDay|[upkeep]\n|-damage|p1a: Charizard|76\/100|[from] ability: Solar Power|[of] p1a: Charizard\n|upkeep\n|turn|5\n|\n|t:|1700593263\n|move|p2a: Muk|Shadow Sneak|p1a: Charizard\n|-damage|p1a: Charizard|58\/100\n|move|p1a: Charizard|Weather Ball|p2a: Muk\n|-damage|p2a: Muk|0 fnt\n|faint|p2a: Muk\n|\n|-weather|SunnyDay|[upkeep]\n|-damage|p1a: Charizard|45\/100|[from] ability: Solar Power|[of] p1a: Charizard\n|upkeep\n|\n|t:|1700593270\n|switch|p2a: Zapdos|Zapdos-Galar|100\/100\n|turn|6\n|\n|t:|1700593291\n|switch|p1a: Great Tusk|Great Tusk|85\/100\n|-activate|p1a: Great Tusk|ability: Protosynthesis\n|-start|p1a: Great Tusk|protosynthesisatk\n|move|p2a: Zapdos|Close Combat|p1a: Great Tusk\n|-damage|p1a: Great Tusk|39\/100\n|-unboost|p2a: Zapdos|def|1\n|-unboost|p2a: Zapdos|spd|1\n|\n|-weather|SunnyDay|[upkeep]\n|upkeep\n|turn|7\n|\n|t:|1700593306\n|switch|p2a: Weezing|Weezing-Galar, F|100\/100\n|move|p1a: Great Tusk|Ice Spinner|p2a: Weezing\n|-damage|p2a: Weezing|77\/100\n|\n|-weather|SunnyDay|[upkeep]\n|upkeep\n|turn|8\n|\n|t:|1700593316\n|move|p1a: Great Tusk|Ice Spinner|p2a: Weezing\n|-damage|p2a: Weezing|53\/100\n|move|p2a: Weezing|Strange Steam|p1a: Great Tusk\n|-supereffective|p1a: Great Tusk\n|-damage|p1a: Great Tusk|0 fnt\n|faint|p1a: Great Tusk\n|-end|p1a: Great Tusk|Protosynthesis|[silent]\n|\n|-weather|none\n|upkeep\n|\n|t:|1700593326\n|switch|p1a: Charizard|Charizard, F, tera:Fire|45\/100\n|turn|9\n|\n|t:|1700593338\n|switch|p2a: Goodra|Goodra-Hisui, F|100\/100\n|move|p1a: Charizard|Flamethrower|p2a: Goodra\n|-damage|p2a: Goodra|69\/100\n|\n|upkeep\n|turn|10\n|\n|t:|1700593352\n|switch|p1a: Cinderace|Cinderace, M|100\/100\n|move|p2a: Goodra|Knock Off|p1a: Cinderace\n|-damage|p1a: Cinderace|73\/100\n|-enditem|p1a: Cinderace|Heavy-Duty Boots|[from] move: Knock Off|[of] p2a: Goodra\n|\n|upkeep\n|turn|11\n|\n|t:|1700593358\n|switch|p2a: Garchomp|Garchomp, F|100\/100\n|move|p1a: Cinderace|U-turn|p2a: Garchomp\n|-start|p1a: Cinderace|typechange|Bug|[from] ability: Libero\n|-damage|p2a: Garchomp|80\/100\n|-damage|p1a: Cinderace|60\/100|[from] ability: Rough Skin|[of] p2a: Garchomp\n|-damage|p1a: Cinderace|44\/100|[from] item: Rocky Helmet|[of] p2a: Garchomp\n|\n|t:|1700593366\n|switch|p1a: Walking Wake|Walking Wake|100\/100|[from] U-turn\n|\n|upkeep\n|turn|12\n|\n|t:|1700593372\n|switch|p2a: Goodra|Goodra-Hisui, F|69\/100\n|move|p1a: Walking Wake|Draco Meteor|p2a: Goodra\n|-damage|p2a: Goodra|29\/100\n|-unboost|p1a: Walking Wake|spa|2\n|\n|upkeep\n|turn|13\n|\n|t:|1700593379\n|-end|p1a: Walking Wake|Protosynthesis|[silent]\n|switch|p1a: Torkoal|Torkoal, M|100\/100\n|-weather|SunnyDay|[from] ability: Drought|[of] p1a: Torkoal\n|move|p2a: Goodra|Draco Meteor|p1a: Torkoal\n|-damage|p1a: Torkoal|26\/100\n|-unboost|p2a: Goodra|spa|2\n|\n|-weather|SunnyDay|[upkeep]\n|upkeep\n|turn|14\n|\n|t:|1700593388\n|switch|p1a: Brute Bonnet|Brute Bonnet|100\/100\n|-activate|p1a: Brute Bonnet|ability: Protosynthesis\n|-start|p1a: Brute Bonnet|protosynthesisatk\n|move|p2a: Goodra|Draco Meteor|p1a: Brute Bonnet|[miss]\n|-miss|p2a: Goodra|p1a: Brute Bonnet\n|\n|-weather|SunnyDay|[upkeep]\n|upkeep\n|turn|15\n|\n|t:|1700593396\n|switch|p2a: Weezing|Weezing-Galar, F|53\/100\n|move|p1a: Brute Bonnet|Close Combat|p2a: Weezing\n|-resisted|p2a: Weezing\n|-crit|p2a: Weezing\n|-damage|p2a: Weezing|35\/100\n|-unboost|p1a: Brute Bonnet|def|1\n|-unboost|p1a: Brute Bonnet|spd|1\n|-damage|p1a: Brute Bonnet|91\/100|[from] item: Life Orb\n|\n|-weather|SunnyDay|[upkeep]\n|upkeep\n|turn|16\n|\n|t:|1700593405\n|move|p1a: Brute Bonnet|Spore|p2a: Weezing\n|-status|p2a: Weezing|slp|[from] move: Spore\n|cant|p2a: Weezing|slp\n|\n|-weather|SunnyDay|[upkeep]\n|upkeep\n|turn|17\n|\n|t:|1700593417\n|-end|p1a: Brute Bonnet|Protosynthesis|[silent]\n|switch|p1a: Charizard|Charizard, F, tera:Fire|45\/100\n|switch|p2a: Garchomp|Garchomp, F|80\/100\n|\n|-weather|SunnyDay|[upkeep]\n|-damage|p1a: Charizard|33\/100|[from] ability: Solar Power|[of] p1a: Charizard\n|upkeep\n|turn|18\n|\n|t:|1700593431\n|switch|p2a: Weezing|Weezing-Galar, F|35\/100 slp\n|move|p1a: Charizard|Weather Ball|p2a: Weezing\n|-damage|p2a: Weezing|0 fnt\n|faint|p2a: Weezing\n|\n|-weather|SunnyDay|[upkeep]\n|-damage|p1a: Charizard|20\/100|[from] ability: Solar Power|[of] p1a: Charizard\n|upkeep\n|\n|t:|1700593433\n|switch|p2a: Zapdos|Zapdos-Galar|100\/100\n|turn|19\n|\n|t:|1700593443\n|switch|p1a: Cinderace|Cinderace, M|44\/100\n|move|p2a: Zapdos|Close Combat|p1a: Cinderace\n|-damage|p1a: Cinderace|0 fnt\n|-unboost|p2a: Zapdos|def|1\n|-unboost|p2a: Zapdos|spd|1\n|faint|p1a: Cinderace\n|\n|-weather|SunnyDay|[upkeep]\n|upkeep\n|\n|t:|1700593451\n|switch|p1a: Walking Wake|Walking Wake|100\/100\n|-activate|p1a: Walking Wake|ability: Protosynthesis\n|-start|p1a: Walking Wake|protosynthesisspe\n|turn|20\n|\n|t:|1700593458\n|switch|p2a: Goodra|Goodra-Hisui, F|29\/100\n|move|p1a: Walking Wake|Dragon Pulse|p2a: Goodra\n|-damage|p2a: Goodra|0 fnt\n|faint|p2a: Goodra\n|\n|-weather|none\n|-end|p1a: Walking Wake|Protosynthesis\n|upkeep\n|\n|t:|1700593469\n|switch|p2a: Gholdengo|Gholdengo|100\/100\n|turn|21\n|\n|t:|1700593478\n|switch|p2a: Garchomp|Garchomp, F|80\/100\n|-end|p1a: Walking Wake|Protosynthesis|[silent]\n|switch|p1a: Torkoal|Torkoal, M|26\/100\n|-weather|SunnyDay|[from] ability: Drought|[of] p1a: Torkoal\n|\n|-weather|SunnyDay|[upkeep]\n|upkeep\n|turn|22\n|\n|t:|1700593486\n|switch|p1a: Charizard|Charizard, F, tera:Fire|20\/100\n|move|p2a: Garchomp|Stealth Rock|p1a: Charizard\n|-sidestart|p1: lostroncos|move: Stealth Rock\n|\n|-weather|SunnyDay|[upkeep]\n|-damage|p1a: Charizard|8\/100|[from] ability: Solar Power|[of] p1a: Charizard\n|upkeep\n|turn|23\n|\n|t:|1700593493\n|move|p2a: Garchomp|Endure|p2a: Garchomp\n|-singleturn|p2a: Garchomp|move: Endure\n|move|p1a: Charizard|Weather Ball|p2a: Garchomp\n|-resisted|p2a: Garchomp\n|-activate|p2a: Garchomp|move: Endure\n|-damage|p2a: Garchomp|1\/100\n|\n|-weather|SunnyDay|[upkeep]\n|-damage|p1a: Charizard|0 fnt|[from] ability: Solar Power|[of] p1a: Charizard\n|faint|p1a: Charizard\n|upkeep\n|\n|t:|1700593503\n|switch|p1a: Walking Wake|Walking Wake|100\/100\n|-damage|p1a: Walking Wake|88\/100|[from] Stealth Rock\n|-activate|p1a: Walking Wake|ability: Protosynthesis\n|-start|p1a: Walking Wake|protosynthesisspe\n|turn|24\n|\n|t:|1700593509\n|move|p1a: Walking Wake|Hydro Steam|p2a: Garchomp\n|-damage|p2a: Garchomp|0 fnt\n|faint|p2a: Garchomp\n|\n|-weather|SunnyDay|[upkeep]\n|upkeep\n|\n|t:|1700593517\n|switch|p2a: Gholdengo|Gholdengo|100\/100\n|turn|25\n|\n|t:|1700593528\n|move|p1a: Walking Wake|Hydro Steam|p2a: Gholdengo\n|-damage|p2a: Gholdengo|0 fnt\n|faint|p2a: Gholdengo\n|\n|-weather|SunnyDay|[upkeep]\n|upkeep\n|\n|t:|1700593531\n|switch|p2a: Zapdos|Zapdos-Galar|100\/100\n|turn|26\n|\n|t:|1700593534\n|move|p1a: Walking Wake|Hydro Steam|p2a: Zapdos\n|-damage|p2a: Zapdos|0 fnt\n|faint|p2a: Zapdos\n|\n|win|lostroncos\n|raw|lostroncos's rating: 1708 &rarr; <strong>1725<\/strong><br \/>(+17 for winning)\n|raw|FAJEW's rating: 1659 &rarr; <strong>1642<\/strong><br \/>(-17 for losing)\n|l|\u2606FAJEW\n|c|\u2606lostroncos|gg\n","uploadtime":1700593542,"views":1,"p1id":"lostroncos","p2id":"fajew","formatid":"gen9ou","rating":1642,"private":0,"password":""}