{"id":"gen9ou-1990898365","p1":"Nala Wonderbred","p2":"MoEB_zaktrap182","format":"[Gen 9] OU","log":"|j|\u2606Nala Wonderbred\n|j|\u2606MoEB_zaktrap182\n|t:|1700012773\n|gametype|singles\n|player|p1|Nala Wonderbred|janine|\n|player|p2|MoEB_zaktrap182|fisherman-gen4|\n|teamsize|p1|4\n|teamsize|p2|4\n|gen|9\n|tier|[Gen 9] OU\n|rule|Sleep Clause Mod: Limit one foe put to sleep\n|rule|Species Clause: Limit one of each Pok\u00e9mon\n|rule|OHKO Clause: OHKO moves are banned\n|rule|Evasion Items Clause: Evasion items are banned\n|rule|Evasion Moves Clause: Evasion moves are banned\n|rule|Endless Battle Clause: Forcing endless battles is banned\n|rule|HP Percentage Mod: HP is shown in percentages\n|clearpoke\n|poke|p1|Empoleon, F|\n|poke|p1|Revavroom, F|\n|poke|p1|Forretress, M|\n|poke|p1|Scizor, F|\n|poke|p2|Arcanine-Hisui, M|\n|poke|p2|Drednaw, F|\n|poke|p2|Kleavor, M|\n|poke|p2|Iron Thorns|\n|teampreview\n|inactive|Battle timer is ON: inactive players will automatically lose when time's up. (requested by Nala Wonderbred)\n|c|\u2606Nala Wonderbred|Glhf\n|\n|t:|1700012800\n|start\n|switch|p1a: Forretress|Forretress, M|100\/100\n|switch|p2a: Drednaw|Drednaw, F, shiny|100\/100\n|turn|1\n|\n|t:|1700012822\n|move|p2a: Drednaw|Earthquake|p1a: Forretress\n|-damage|p1a: Forretress|77\/100\n|move|p1a: Forretress|Thunder Wave|p2a: Drednaw|[miss]\n|-miss|p1a: Forretress|p2a: Drednaw\n|\n|-heal|p1a: Forretress|83\/100|[from] item: Leftovers\n|upkeep\n|turn|2\n|\n|t:|1700012834\n|move|p2a: Drednaw|Shell Smash|p2a: Drednaw\n|-unboost|p2a: Drednaw|def|1\n|-unboost|p2a: Drednaw|spd|1\n|-boost|p2a: Drednaw|atk|2\n|-boost|p2a: Drednaw|spa|2\n|-boost|p2a: Drednaw|spe|2\n|-enditem|p2a: Drednaw|White Herb\n|-clearnegativeboost|p2a: Drednaw|[silent]\n|move|p1a: Forretress|Thunder Wave|p2a: Drednaw\n|-status|p2a: Drednaw|par\n|\n|-heal|p1a: Forretress|89\/100|[from] item: Leftovers\n|upkeep\n|turn|3\n|inactive|MoEB_zaktrap182 has 270 seconds left.\n|\n|t:|1700012858\n|move|p2a: Drednaw|Earthquake|p1a: Forretress\n|-damage|p1a: Forretress|39\/100\n|move|p1a: Forretress|Lunge|p2a: Drednaw\n|-damage|p2a: Drednaw|64\/100 par\n|-unboost|p2a: Drednaw|atk|1\n|\n|-heal|p1a: Forretress|45\/100|[from] item: Leftovers\n|upkeep\n|turn|4\n|inactive|MoEB_zaktrap182 has 270 seconds left.\n|\n|t:|1700012870\n|move|p2a: Drednaw|Earthquake|p1a: Forretress\n|-damage|p1a: Forretress|6\/100\n|move|p1a: Forretress|Spikes|p2a: Drednaw\n|-sidestart|p2: MoEB_zaktrap182|Spikes\n|\n|-heal|p1a: Forretress|13\/100|[from] item: Leftovers\n|upkeep\n|turn|5\n|inactive|MoEB_zaktrap182 has 270 seconds left.\n|\n|t:|1700012897\n|cant|p2a: Drednaw|par\n|move|p1a: Forretress|Spikes|p2a: Drednaw\n|-sidestart|p2: MoEB_zaktrap182|Spikes\n|\n|-heal|p1a: Forretress|19\/100|[from] item: Leftovers\n|upkeep\n|turn|6\n|\n|t:|1700012903\n|move|p2a: Drednaw|Earthquake|p1a: Forretress\n|-damage|p1a: Forretress|0 fnt\n|faint|p1a: Forretress\n|\n|upkeep\n|\n|t:|1700012907\n|switch|p1a: Revavroom|Revavroom, F|100\/100\n|-item|p1a: Revavroom|Air Balloon\n|turn|7\n|\n|t:|1700012919\n|move|p1a: Revavroom|Parting Shot|p2a: Drednaw\n|-unboost|p2a: Drednaw|atk|1\n|-unboost|p2a: Drednaw|spa|1\n|\n|t:|1700012923\n|switch|p1a: Scizor|Scizor, F|100\/100|[from] Parting Shot\n|move|p2a: Drednaw|Rock Slide|p1a: Scizor|[miss]\n|-miss|p2a: Drednaw|p1a: Scizor\n|\n|upkeep\n|turn|8\n|j| Sencopion\n|inactive|MoEB_zaktrap182 has 270 seconds left.\n|\n|t:|1700012944\n|cant|p2a: Drednaw|par\n|move|p1a: Scizor|Trailblaze|p2a: Drednaw\n|-supereffective|p2a: Drednaw\n|-damage|p2a: Drednaw|0 fnt\n|-boost|p1a: Scizor|spe|1\n|faint|p2a: Drednaw\n|\n|upkeep\n|inactive|MoEB_zaktrap182 has 270 seconds left.\n|j| LogIce\n|\n|t:|1700012954\n|switch|p2a: Arcanine|Arcanine-Hisui, M, shiny|100\/100\n|-damage|p2a: Arcanine|84\/100|[from] Spikes\n|turn|9\n|inactive|MoEB_zaktrap182 has 270 seconds left.\n|\n|t:|1700012968\n|move|p1a: Scizor|Close Combat|p2a: Arcanine\n|-supereffective|p2a: Arcanine\n|-damage|p2a: Arcanine|0 fnt\n|-unboost|p1a: Scizor|def|1\n|-unboost|p1a: Scizor|spd|1\n|faint|p2a: Arcanine\n|\n|upkeep\n|\n|t:|1700012978\n|switch|p2a: Kleavor|Kleavor, M, shiny|100\/100\n|-damage|p2a: Kleavor|84\/100|[from] Spikes\n|turn|10\n|\n|t:|1700012990\n|-terastallize|p1a: Scizor|Steel\n|move|p2a: Kleavor|Close Combat|p1a: Scizor\n|-supereffective|p1a: Scizor\n|-damage|p1a: Scizor|0 fnt\n|-unboost|p2a: Kleavor|def|1\n|-unboost|p2a: Kleavor|spd|1\n|faint|p1a: Scizor\n|\n|upkeep\n|\n|t:|1700012998\n|switch|p1a: Revavroom|Revavroom, F|100\/100\n|-item|p1a: Revavroom|Air Balloon\n|turn|11\n|inactive|MoEB_zaktrap182 has 270 seconds left.\n|\n|t:|1700013011\n|-terastallize|p2a: Kleavor|Rock\n|move|p2a: Kleavor|Close Combat|p1a: Revavroom\n|-damage|p1a: Revavroom|50\/100\n|-unboost|p2a: Kleavor|def|1\n|-unboost|p2a: Kleavor|spd|1\n|-enditem|p1a: Revavroom|Air Balloon\n|move|p1a: Revavroom|Shift Gear|p1a: Revavroom\n|-boost|p1a: Revavroom|spe|2\n|-boost|p1a: Revavroom|atk|1\n|\n|upkeep\n|turn|12\n|inactive|MoEB_zaktrap182 has 270 seconds left.\n|\n|t:|1700013023\n|move|p1a: Revavroom|Iron Head|p2a: Kleavor\n|-supereffective|p2a: Kleavor\n|-damage|p2a: Kleavor|0 fnt\n|faint|p2a: Kleavor\n|\n|upkeep\n|inactive|MoEB_zaktrap182 has 270 seconds left.\n|\n|t:|1700013028\n|switch|p2a: Iron Thorns|Iron Thorns, shiny|100\/100\n|-damage|p2a: Iron Thorns|84\/100|[from] Spikes\n|-enditem|p2a: Iron Thorns|Booster Energy\n|-activate|p2a: Iron Thorns|ability: Quark Drive|[fromitem]\n|-start|p2a: Iron Thorns|quarkdrivedef\n|turn|13\n|l| LogIce\n|\n|t:|1700013036\n|move|p1a: Revavroom|High Horsepower|p2a: Iron Thorns\n|-supereffective|p2a: Iron Thorns\n|-damage|p2a: Iron Thorns|0 fnt\n|faint|p2a: Iron Thorns\n|-end|p2a: Iron Thorns|Quark Drive|[silent]\n|\n|win|Nala Wonderbred\n|c|\u2606Nala Wonderbred|Gg\n|j| LogIce\n","uploadtime":1700013044,"views":34,"p1id":"nalawonderbred","p2id":"moebzaktrap182","formatid":"gen9ou","rating":0,"private":0,"password":""}