{"id":"gen9ou-1993313272","p1":"Croner22","p2":"SHROODLER","format":"[Gen 9] OU","log":"|j|\u2606Croner22\n|j|\u2606SHROODLER\n|t:|1700296129\n|gametype|singles\n|player|p1|Croner22|170|1081\n|player|p2|SHROODLER|theroyal|1164\n|teamsize|p1|6\n|teamsize|p2|6\n|gen|9\n|tier|[Gen 9] OU\n|rated|\n|rule|Sleep Clause Mod: Limit one foe put to sleep\n|rule|Species Clause: Limit one of each Pok\u00e9mon\n|rule|OHKO Clause: OHKO moves are banned\n|rule|Evasion Items Clause: Evasion items are banned\n|rule|Evasion Moves Clause: Evasion moves are banned\n|rule|Endless Battle Clause: Forcing endless battles is banned\n|rule|HP Percentage Mod: HP is shown in percentages\n|clearpoke\n|poke|p1|Ninetales-Alola, M|\n|poke|p1|Slowking-Galar, M|\n|poke|p1|Great Tusk|\n|poke|p1|Greninja-*, M|\n|poke|p1|Dragonite, F|\n|poke|p1|Hatterene, F|\n|poke|p2|Farigiraf, F|\n|poke|p2|Thwackey, F|\n|poke|p2|Shroodle, F|\n|poke|p2|Dugtrio-Alola, F|\n|poke|p2|Vivillon-Pokeball, M|\n|poke|p2|Haunter, M|\n|teampreview\n|inactive|Battle timer is ON: inactive players will automatically lose when time's up. (requested by SHROODLER)\n|\n|t:|1700296141\n|start\n|switch|p1a: Hatterene|Hatterene, F|100\/100\n|switch|p2a: Dugtrio|Dugtrio-Alola, F|100\/100\n|turn|1\n|\n|t:|1700296150\n|switch|p1a: Great Tusk|Great Tusk|100\/100\n|move|p2a: Dugtrio|Iron Head|p1a: Great Tusk\n|-damage|p1a: Great Tusk|84\/100\n|\n|upkeep\n|turn|2\n|\n|t:|1700296158\n|move|p2a: Dugtrio|Stealth Rock|p1a: Great Tusk\n|-sidestart|p1: Croner22|move: Stealth Rock\n|move|p1a: Great Tusk|Stealth Rock|p2a: Dugtrio\n|-sidestart|p2: SHROODLER|move: Stealth Rock\n|\n|upkeep\n|turn|3\n|\n|t:|1700296170\n|move|p2a: Dugtrio|Earthquake|p1a: Great Tusk\n|-damage|p1a: Great Tusk|65\/100\n|move|p1a: Great Tusk|Rapid Spin|p2a: Dugtrio\n|-resisted|p2a: Dugtrio\n|-damage|p2a: Dugtrio|82\/100\n|-boost|p1a: Great Tusk|spe|1\n|-ability|p2a: Dugtrio|Tangling Hair\n|-unboost|p1a: Great Tusk|spe|1\n|-sideend|p1: Croner22|Stealth Rock|[from] move: Rapid Spin|[of] p1a: Great Tusk\n|\n|upkeep\n|turn|4\n|\n|t:|1700296180\n|move|p2a: Dugtrio|Memento|p1a: Great Tusk\n|-unboost|p1a: Great Tusk|atk|2\n|-unboost|p1a: Great Tusk|spa|2\n|faint|p2a: Dugtrio\n|move|p1a: Great Tusk|Brick Break|p2: Dugtrio|[notarget]\n|-fail|p1a: Great Tusk\n|\n|upkeep\n|\n|t:|1700296199\n|switch|p2a: Thwackey|Thwackey, F|100\/100\n|-damage|p2a: Thwackey|88\/100|[from] Stealth Rock\n|-fieldstart|move: Grassy Terrain|[from] ability: Grassy Surge|[of] p2a: Thwackey\n|turn|5\n|\n|t:|1700296213\n|-end|p1a: Great Tusk|Protosynthesis|[silent]\n|switch|p1a: Slowking|Slowking-Galar, M|100\/100\n|move|p2a: Thwackey|U-turn|p1a: Slowking\n|-damage|p1a: Slowking|80\/100\n|\n|t:|1700296235\n|switch|p2a: Farigiraf|Farigiraf, F|100\/100|[from] U-turn\n|-damage|p2a: Farigiraf|88\/100|[from] Stealth Rock\n|-enditem|p2a: Farigiraf|Grassy Seed\n|-boost|p2a: Farigiraf|def|1|[from] item: Grassy Seed\n|\n|-heal|p2a: Farigiraf|94\/100|[from] Grassy Terrain\n|-heal|p1a: Slowking|87\/100|[from] Grassy Terrain\n|-heal|p1a: Slowking|93\/100|[from] item: Leftovers\n|upkeep\n|turn|6\n|\n|t:|1700296249\n|move|p2a: Farigiraf|Calm Mind|p2a: Farigiraf\n|-boost|p2a: Farigiraf|spa|1\n|-boost|p2a: Farigiraf|spd|1\n|move|p1a: Slowking|Future Sight|p2a: Farigiraf\n|-start|p1a: Slowking|move: Future Sight\n|\n|-heal|p2a: Farigiraf|99\/100|[from] Grassy Terrain\n|-heal|p1a: Slowking|99\/100|[from] Grassy Terrain\n|-heal|p1a: Slowking|100\/100|[from] item: Leftovers\n|upkeep\n|turn|7\n|\n|t:|1700296258\n|move|p2a: Farigiraf|Calm Mind|p2a: Farigiraf\n|-boost|p2a: Farigiraf|spa|1\n|-boost|p2a: Farigiraf|spd|1\n|move|p1a: Slowking|Chilly Reception|p1a: Slowking\n|-weather|Snow\n|\n|t:|1700296278\n|switch|p1a: Dragonite|Dragonite, F|100\/100|[from] Chilly Reception\n|\n|-weather|Snow|[upkeep]\n|-heal|p2a: Farigiraf|100\/100|[from] Grassy Terrain\n|upkeep\n|turn|8\n|\n|t:|1700296294\n|move|p1a: Dragonite|Dragon Dance|p1a: Dragonite\n|-boost|p1a: Dragonite|atk|1\n|-boost|p1a: Dragonite|spe|1\n|move|p2a: Farigiraf|Calm Mind|p2a: Farigiraf\n|-boost|p2a: Farigiraf|spa|1\n|-boost|p2a: Farigiraf|spd|1\n|\n|-weather|Snow|[upkeep]\n|-end|p2a: Farigiraf|move: Future Sight\n|-resisted|p2a: Farigiraf\n|-damage|p2a: Farigiraf|92\/100\n|-heal|p2a: Farigiraf|98\/100|[from] Grassy Terrain\n|upkeep\n|turn|9\n|\n|t:|1700296308\n|move|p1a: Dragonite|Extreme Speed||[still]\n|cant|p2a: Farigiraf|ability: Armor Tail|Extreme Speed|[of] p1a: Dragonite\n|move|p2a: Farigiraf|Calm Mind|p2a: Farigiraf\n|-boost|p2a: Farigiraf|spa|1\n|-boost|p2a: Farigiraf|spd|1\n|\n|-weather|Snow|[upkeep]\n|-heal|p2a: Farigiraf|100\/100|[from] Grassy Terrain\n|-fieldend|move: Grassy Terrain\n|upkeep\n|turn|10\n|\n|t:|1700296316\n|switch|p1a: Great Tusk|Great Tusk|65\/100\n|move|p2a: Farigiraf|Stored Power|p1a: Great Tusk\n|-supereffective|p1a: Great Tusk\n|-damage|p1a: Great Tusk|0 fnt\n|faint|p1a: Great Tusk\n|-end|p1a: Great Tusk|Protosynthesis|[silent]\n|\n|-weather|Snow|[upkeep]\n|upkeep\n|c|\u2606SHROODLER|gg\n|-message|Croner22 forfeited.\n|\n|win|SHROODLER\n|raw|Croner22's rating: 1081 &rarr; <strong>1065<\/strong><br \/>(-16 for losing)\n|raw|SHROODLER's rating: 1184 &rarr; <strong>1202<\/strong><br \/>(+18 for winning)\n|l|\u2606Croner22\n","uploadtime":1700296340,"views":10,"p1id":"croner22","p2id":"shroodler","formatid":"gen9ou","rating":1065,"private":0,"password":""}