{"id":"gen9ou-1988705179","p1":"Amamoto Rui","p2":"roromen007","format":"[Gen 9] OU","log":"|j|\u2606Amamoto Rui\n|j|\u2606roromen007\n|t:|1699752866\n|gametype|singles\n|player|p1|Amamoto Rui|swimmerf-gen4dp|1387\n|player|p2|roromen007|101|1475\n|teamsize|p1|6\n|teamsize|p2|6\n|gen|9\n|tier|[Gen 9] OU\n|rated|\n|rule|Sleep Clause Mod: Limit one foe put to sleep\n|rule|Species Clause: Limit one of each Pok\u00e9mon\n|rule|OHKO Clause: OHKO moves are banned\n|rule|Evasion Items Clause: Evasion items are banned\n|rule|Evasion Moves Clause: Evasion moves are banned\n|rule|Endless Battle Clause: Forcing endless battles is banned\n|rule|HP Percentage Mod: HP is shown in percentages\n|clearpoke\n|poke|p1|Sneasler, F|\n|poke|p1|Hatterene, F|\n|poke|p1|Polteageist|\n|poke|p1|Armarouge, F|\n|poke|p1|Indeedee, M|\n|poke|p1|Maushold|\n|poke|p2|Sinistcha|\n|poke|p2|Salazzle, F|\n|poke|p2|Great Tusk|\n|poke|p2|Milotic, M|\n|poke|p2|Ninetales-Alola, F|\n|poke|p2|Cetitan, M|\n|teampreview\n|inactive|Battle timer is ON: inactive players will automatically lose when time's up. (requested by Amamoto Rui)\n|\n|t:|1699752869\n|start\n|switch|p1a: Maushold|Maushold|100\/100\n|switch|p2a: Great Tusk|Great Tusk, shiny|100\/100\n|turn|1\n|\n|t:|1699752873\n|switch|p1a: Hatterene|Hatterene, F|100\/100\n|move|p2a: Great Tusk|Body Press|p1a: Hatterene\n|-resisted|p1a: Hatterene\n|-damage|p1a: Hatterene|87\/100\n|-enditem|p1a: Hatterene|Eject Button\n|\n|t:|1699752876\n|switch|p1a: Indeedee|Indeedee, M|100\/100\n|-fieldstart|move: Psychic Terrain|[from] ability: Psychic Surge|[of] p1a: Indeedee\n|\n|upkeep\n|turn|2\n|\n|t:|1699752881\n|-end|p2a: Great Tusk|Protosynthesis|[silent]\n|switch|p2a: Milotic|Milotic, M|100\/100\n|move|p1a: Indeedee|Psychic|p2a: Milotic\n|-damage|p2a: Milotic|72\/100\n|\n|-heal|p2a: Milotic|78\/100|[from] item: Leftovers\n|upkeep\n|turn|3\n|\n|t:|1699752889\n|switch|p1a: Hatterene|Hatterene, F|87\/100\n|move|p2a: Milotic|Scald|p1a: Hatterene\n|-damage|p1a: Hatterene|60\/100\n|-status|p1a: Hatterene|brn\n|\n|-heal|p2a: Milotic|84\/100|[from] item: Leftovers\n|-damage|p1a: Hatterene|54\/100 brn|[from] brn\n|upkeep\n|turn|4\n|\n|t:|1699752907\n|switch|p2a: Sinistcha|Sinistcha|100\/100\n|move|p1a: Hatterene|Psyshock|p2a: Sinistcha\n|-damage|p2a: Sinistcha|56\/100\n|\n|-damage|p1a: Hatterene|48\/100 brn|[from] brn\n|upkeep\n|turn|5\n|\n|t:|1699752913\n|move|p2a: Sinistcha|Shadow Ball|p1a: Hatterene\n|-supereffective|p1a: Hatterene\n|-crit|p1a: Hatterene\n|-damage|p1a: Hatterene|0 fnt\n|faint|p1a: Hatterene\n|\n|upkeep\n|\n|t:|1699752930\n|switch|p1a: Polteageist|Polteageist|100\/100\n|turn|6\n|\n|t:|1699752935\n|switch|p2a: Salazzle|Salazzle, F|100\/100\n|move|p1a: Polteageist|Shell Smash|p1a: Polteageist\n|-unboost|p1a: Polteageist|def|1\n|-unboost|p1a: Polteageist|spd|1\n|-boost|p1a: Polteageist|atk|2\n|-boost|p1a: Polteageist|spa|2\n|-boost|p1a: Polteageist|spe|2\n|\n|upkeep\n|turn|7\n|\n|t:|1699752956\n|move|p2a: Salazzle|Protect|p2a: Salazzle\n|-singleturn|p2a: Salazzle|Protect\n|move|p1a: Polteageist|Stored Power|p2a: Salazzle\n|-activate|p2a: Salazzle|move: Protect\n|\n|upkeep\n|turn|8\n|\n|t:|1699752973\n|move|p2a: Salazzle|Protect||[still]\n|-fail|p2a: Salazzle\n|move|p1a: Polteageist|Stored Power|p2a: Salazzle\n|-supereffective|p2a: Salazzle\n|-damage|p2a: Salazzle|0 fnt\n|faint|p2a: Salazzle\n|\n|-fieldend|move: Psychic Terrain\n|upkeep\n|\n|t:|1699752980\n|switch|p2a: Milotic|Milotic, M|84\/100\n|turn|9\n|\n|t:|1699753008\n|move|p1a: Polteageist|Stored Power|p2a: Milotic\n|-damage|p2a: Milotic|28\/100\n|move|p2a: Milotic|Haze|p2a: Milotic\n|-clearallboost\n|\n|-heal|p2a: Milotic|34\/100|[from] item: Leftovers\n|upkeep\n|turn|10\n|\n|t:|1699753015\n|move|p1a: Polteageist|Shell Smash|p1a: Polteageist\n|-unboost|p1a: Polteageist|def|1\n|-unboost|p1a: Polteageist|spd|1\n|-boost|p1a: Polteageist|atk|2\n|-boost|p1a: Polteageist|spa|2\n|-boost|p1a: Polteageist|spe|2\n|move|p2a: Milotic|Haze|p2a: Milotic\n|-clearallboost\n|\n|-heal|p2a: Milotic|40\/100|[from] item: Leftovers\n|upkeep\n|turn|11\n|\n|t:|1699753019\n|move|p1a: Polteageist|Shadow Ball|p2a: Milotic\n|-damage|p2a: Milotic|15\/100\n|-unboost|p2a: Milotic|spd|1\n|move|p2a: Milotic|Haze|p2a: Milotic\n|-clearallboost\n|\n|-heal|p2a: Milotic|22\/100|[from] item: Leftovers\n|upkeep\n|turn|12\n|\n|t:|1699753023\n|move|p1a: Polteageist|Shadow Ball|p2a: Milotic\n|-damage|p2a: Milotic|0 fnt\n|faint|p2a: Milotic\n|\n|upkeep\n|inactive|roromen007 has 120 seconds left.\n|inactive|roromen007 has 90 seconds left.\n|\n|t:|1699753101\n|switch|p2a: Ninetales|Ninetales-Alola, F, shiny|100\/100\n|-weather|Snow|[from] ability: Snow Warning|[of] p2a: Ninetales\n|turn|13\n|\n|t:|1699753106\n|move|p2a: Ninetales|Aurora Veil|p2a: Ninetales\n|-sidestart|p2: roromen007|move: Aurora Veil\n|move|p1a: Polteageist|Shell Smash|p1a: Polteageist\n|-unboost|p1a: Polteageist|def|1\n|-unboost|p1a: Polteageist|spd|1\n|-boost|p1a: Polteageist|atk|2\n|-boost|p1a: Polteageist|spa|2\n|-boost|p1a: Polteageist|spe|2\n|\n|-weather|Snow|[upkeep]\n|upkeep\n|turn|14\n|\n|t:|1699753111\n|move|p1a: Polteageist|Stored Power|p2a: Ninetales\n|-damage|p2a: Ninetales|46\/100\n|move|p2a: Ninetales|Blizzard|p1a: Polteageist\n|-damage|p1a: Polteageist|24\/100\n|-status|p1a: Polteageist|frz\n|\n|-weather|Snow|[upkeep]\n|upkeep\n|turn|15\n|\n|t:|1699753117\n|switch|p1a: Indeedee|Indeedee, M|100\/100\n|-fieldstart|move: Psychic Terrain|[from] ability: Psychic Surge|[of] p1a: Indeedee\n|move|p2a: Ninetales|Blizzard|p1a: Indeedee\n|-damage|p1a: Indeedee|42\/100\n|-status|p1a: Indeedee|frz\n|\n|-weather|Snow|[upkeep]\n|upkeep\n|turn|16\n|\n|t:|1699753128\n|switch|p1a: Polteageist|Polteageist|24\/100 frz\n|move|p2a: Ninetales|Blizzard|p1a: Polteageist\n|-damage|p1a: Polteageist|0 fnt\n|faint|p1a: Polteageist\n|\n|-weather|Snow|[upkeep]\n|upkeep\n|c|\u2606roromen007|wow\n|\n|t:|1699753130\n|switch|p1a: Maushold|Maushold|100\/100\n|turn|17\n|c|\u2606roromen007|two freezes\n|\n|t:|1699753137\n|move|p1a: Maushold|Population Bomb|p2a: Ninetales\n|-damage|p2a: Ninetales|41\/100\n|-crit|p2a: Ninetales\n|-damage|p2a: Ninetales|24\/100\n|-damage|p2a: Ninetales|18\/100\n|-damage|p2a: Ninetales|13\/100\n|-damage|p2a: Ninetales|7\/100\n|-damage|p2a: Ninetales|2\/100\n|-crit|p2a: Ninetales\n|-damage|p2a: Ninetales|0 fnt\n|faint|p2a: Ninetales\n|-hitcount|p2: Ninetales|7\n|\n|-weather|none\n|upkeep\n|\n|t:|1699753139\n|switch|p2a: Sinistcha|Sinistcha|56\/100\n|turn|18\n|\n|t:|1699753146\n|move|p1a: Maushold|Tidy Up|p1a: Maushold\n|-boost|p1a: Maushold|atk|1\n|-boost|p1a: Maushold|spe|1\n|move|p2a: Sinistcha|Strength Sap|p1a: Maushold\n|-unboost|p1a: Maushold|atk|1\n|-heal|p2a: Sinistcha|100\/100\n|\n|upkeep\n|turn|19\n|\n|t:|1699753155\n|move|p1a: Maushold|Encore|p2a: Sinistcha\n|-start|p2a: Sinistcha|Encore\n|move|p2a: Sinistcha|Strength Sap|p1a: Maushold\n|-unboost|p1a: Maushold|atk|1\n|\n|upkeep\n|turn|20\n|\n|t:|1699753165\n|move|p1a: Maushold|Tidy Up|p1a: Maushold\n|-boost|p1a: Maushold|atk|1\n|-boost|p1a: Maushold|spe|1\n|move|p2a: Sinistcha|Strength Sap|p1a: Maushold\n|-unboost|p1a: Maushold|atk|1\n|\n|-sideend|p2: roromen007|move: Aurora Veil\n|upkeep\n|turn|21\n|\n|t:|1699753178\n|move|p1a: Maushold|Tidy Up|p1a: Maushold\n|-boost|p1a: Maushold|atk|1\n|-boost|p1a: Maushold|spe|1\n|move|p2a: Sinistcha|Strength Sap|p1a: Maushold\n|-unboost|p1a: Maushold|atk|1\n|\n|-end|p2a: Sinistcha|Encore\n|upkeep\n|turn|22\n|\n|t:|1699753180\n|switch|p2a: Great Tusk|Great Tusk, shiny|100\/100\n|move|p1a: Maushold|Encore||[still]\n|-fail|p1a: Maushold\n|\n|-fieldend|move: Psychic Terrain\n|upkeep\n|turn|23\n|\n|t:|1699753184\n|switch|p1a: Indeedee|Indeedee, M|42\/100 frz\n|-fieldstart|move: Psychic Terrain|[from] ability: Psychic Surge|[of] p1a: Indeedee\n|move|p2a: Great Tusk|Body Press|p1a: Indeedee\n|-damage|p1a: Indeedee|0 fnt\n|faint|p1a: Indeedee\n|\n|upkeep\n|\n|t:|1699753186\n|switch|p1a: Armarouge|Armarouge, F|100\/100\n|turn|24\n|\n|t:|1699753203\n|move|p1a: Armarouge|Expanding Force|p2a: Great Tusk\n|-supereffective|p2a: Great Tusk\n|-damage|p2a: Great Tusk|0 fnt\n|faint|p2a: Great Tusk\n|-end|p2a: Great Tusk|Protosynthesis|[silent]\n|\n|upkeep\n|inactive|roromen007 has 120 seconds left.\n|c|\u2606Amamoto Rui|fucking trash, cant even win with 2 freeze in a row\n|inactive|roromen007 has 90 seconds left.\n|inactive|roromen007 has 60 seconds left.\n|inactive|roromen007 has 30 seconds left.\n|inactive|roromen007 has 20 seconds left.\n|inactive|roromen007 has 15 seconds left.\n|inactive|roromen007 has 10 seconds left.\n|inactive|roromen007 has 5 seconds left.\n|-message|roromen007 lost due to inactivity.\n|\n|win|Amamoto Rui\n|raw|Amamoto Rui's rating: 1406 &rarr; <strong>1430<\/strong><br \/>(+24 for winning)\n|raw|roromen007's rating: 1475 &rarr; <strong>1451<\/strong><br \/>(-24 for losing)\n","uploadtime":1699753237,"views":8,"p1id":"amamotorui","p2id":"roromen007","formatid":"gen9ou","rating":1430,"private":0,"password":""}