{"id":"gen9ou-1993496827","p1":"tomastv194","p2":"BugCatcherN8R1X","format":"[Gen 9] OU","log":"|j|\u2606tomastv194\n|j|\u2606BugCatcherN8R1X\n|t:|1700324859\n|gametype|singles\n|player|p1|tomastv194|benga|1146\n|player|p2|BugCatcherN8R1X|bugcatcher-gen4dp|1091\n|teamsize|p1|6\n|teamsize|p2|6\n|gen|9\n|tier|[Gen 9] OU\n|rated|\n|rule|Sleep Clause Mod: Limit one foe put to sleep\n|rule|Species Clause: Limit one of each Pok\u00e9mon\n|rule|OHKO Clause: OHKO moves are banned\n|rule|Evasion Items Clause: Evasion items are banned\n|rule|Evasion Moves Clause: Evasion moves are banned\n|rule|Endless Battle Clause: Forcing endless battles is banned\n|rule|HP Percentage Mod: HP is shown in percentages\n|clearpoke\n|poke|p1|Ceruledge, M|\n|poke|p1|Great Tusk|\n|poke|p1|Gholdengo|\n|poke|p1|Kingambit, M|\n|poke|p1|Rotom-Wash|\n|poke|p1|Dragapult, M|\n|poke|p2|Kleavor, M|\n|poke|p2|Lokix, M|\n|poke|p2|Yanmega, M|\n|poke|p2|Slither Wing|\n|poke|p2|Scizor, M|\n|poke|p2|Frosmoth, M|\n|teampreview\n|inactive|Battle timer is ON: inactive players will automatically lose when time's up. (requested by BugCatcherN8R1X)\n|\n|t:|1700324868\n|start\n|switch|p1a: Women|Rotom-Wash, shiny|100\/100\n|switch|p2a: Nidhogg|Yanmega, M|100\/100\n|turn|1\n|\n|t:|1700324884\n|move|p2a: Nidhogg|Protect|p2a: Nidhogg\n|-singleturn|p2a: Nidhogg|Protect\n|move|p1a: Women|Volt Switch|p2a: Nidhogg\n|-activate|p2a: Nidhogg|move: Protect\n|\n|-ability|p2a: Nidhogg|Speed Boost|boost\n|-boost|p2a: Nidhogg|spe|1\n|upkeep\n|turn|2\n|\n|t:|1700324899\n|-terastallize|p2a: Nidhogg|Bug\n|move|p2a: Nidhogg|Bug Buzz|p1a: Women\n|-damage|p1a: Women|28\/100\n|-enditem|p2a: Nidhogg|Throat Spray\n|-boost|p2a: Nidhogg|spa|1|[from] item: Throat Spray\n|move|p1a: Women|Volt Switch|p2a: Nidhogg\n|-damage|p2a: Nidhogg|60\/100\n|\n|t:|1700324912\n|switch|p1a: Pepe|Ceruledge, M, shiny|100\/100|[from] Volt Switch\n|\n|-ability|p2a: Nidhogg|Speed Boost|boost\n|-boost|p2a: Nidhogg|spe|1\n|upkeep\n|turn|3\n|\n|t:|1700324917\n|move|p2a: Nidhogg|Air Slash|p1a: Pepe\n|-damage|p1a: Pepe|57\/100\n|cant|p1a: Pepe|flinch\n|\n|-ability|p2a: Nidhogg|Speed Boost|boost\n|-boost|p2a: Nidhogg|spe|1\n|upkeep\n|turn|4\n|\n|t:|1700324926\n|move|p2a: Nidhogg|Air Slash|p1a: Pepe\n|-damage|p1a: Pepe|16\/100\n|move|p1a: Pepe|Bitter Blade|p2a: Nidhogg\n|-supereffective|p2a: Nidhogg\n|-damage|p2a: Nidhogg|0 fnt\n|-heal|p1a: Pepe|43\/100|[from] drain|[of] p2a: Nidhogg\n|faint|p2a: Nidhogg\n|\n|upkeep\n|\n|t:|1700324932\n|switch|p2a: Hachiman|Kleavor, M|100\/100\n|turn|5\n|\n|t:|1700324944\n|-terastallize|p1a: Pepe|Bug\n|move|p2a: Hachiman|Aerial Ace|p1a: Pepe\n|-supereffective|p1a: Pepe\n|-damage|p1a: Pepe|0 fnt\n|faint|p1a: Pepe\n|\n|upkeep\n|\n|t:|1700324952\n|switch|p1a: Paco|Gholdengo|100\/100\n|turn|6\n|\n|t:|1700324957\n|switch|p2a: Apollo|Slither Wing|100\/100\n|move|p1a: Paco|Trick|p2a: Apollo\n|-activate|p1a: Paco|move: Trick|[of] p2a: Apollo\n|-item|p2a: Apollo|Choice Scarf|[from] move: Trick\n|-item|p1a: Paco|Assault Vest|[from] move: Trick\n|\n|upkeep\n|turn|7\n|\n|t:|1700324979\n|move|p2a: Apollo|Earthquake|p1a: Paco\n|-supereffective|p1a: Paco\n|-damage|p1a: Paco|34\/100\n|move|p1a: Paco|Shadow Ball|p2a: Apollo\n|-damage|p2a: Apollo|64\/100\n|\n|upkeep\n|turn|8\n|\n|t:|1700324987\n|-end|p2a: Apollo|Protosynthesis|[silent]\n|switch|p2a: Boreas|Frosmoth, M|100\/100\n|switch|p1a: Women|Rotom-Wash, shiny|28\/100\n|\n|-heal|p1a: Women|35\/100|[from] item: Leftovers\n|upkeep\n|turn|9\n|\n|t:|1700324997\n|move|p2a: Boreas|Quiver Dance|p2a: Boreas\n|-boost|p2a: Boreas|spa|1\n|-boost|p2a: Boreas|spd|1\n|-boost|p2a: Boreas|spe|1\n|move|p1a: Women|Will-O-Wisp|p2a: Boreas\n|-status|p2a: Boreas|brn\n|\n|-heal|p1a: Women|41\/100|[from] item: Leftovers\n|-damage|p2a: Boreas|94\/100 brn|[from] brn\n|upkeep\n|turn|10\n|\n|t:|1700325006\n|move|p1a: Women|Protect|p1a: Women\n|-singleturn|p1a: Women|Protect\n|move|p2a: Boreas|Quiver Dance|p2a: Boreas\n|-boost|p2a: Boreas|spa|1\n|-boost|p2a: Boreas|spd|1\n|-boost|p2a: Boreas|spe|1\n|\n|-heal|p1a: Women|47\/100|[from] item: Leftovers\n|-damage|p2a: Boreas|88\/100 brn|[from] brn\n|upkeep\n|turn|11\n|\n|t:|1700325015\n|move|p2a: Boreas|Giga Drain|p1a: Women\n|-supereffective|p1a: Women\n|-damage|p1a: Women|0 fnt\n|-heal|p2a: Boreas|100\/100 brn|[from] drain|[of] p1a: Women\n|faint|p1a: Women\n|\n|-damage|p2a: Boreas|94\/100 brn|[from] brn\n|upkeep\n|\n|t:|1700325026\n|switch|p1a: Antonio|Kingambit, M, shiny|100\/100\n|-activate|p1a: Antonio|ability: Supreme Overlord\n|-start|p1a: Antonio|fallen2|[silent]\n|turn|12\n|\n|t:|1700325034\n|move|p2a: Boreas|Ice Beam|p1a: Antonio\n|-resisted|p1a: Antonio\n|-damage|p1a: Antonio|47\/100\n|move|p1a: Antonio|Iron Head|p2a: Boreas\n|-supereffective|p2a: Boreas\n|-crit|p2a: Boreas\n|-damage|p2a: Boreas|0 fnt\n|faint|p2a: Boreas\n|\n|upkeep\n|\n|t:|1700325044\n|switch|p2a: Apollo|Slither Wing|64\/100\n|turn|13\n|\n|t:|1700325052\n|-end|p1a: Antonio|fallen2|[silent]\n|switch|p1a: Aurelio|Great Tusk, shiny|100\/100\n|move|p2a: Apollo|Earthquake|p1a: Aurelio\n|-damage|p1a: Aurelio|82\/100\n|\n|-heal|p1a: Aurelio|88\/100|[from] item: Leftovers\n|upkeep\n|turn|14\n|\n|t:|1700325061\n|-end|p2a: Apollo|Protosynthesis|[silent]\n|switch|p2a: Erebus|Lokix, M|100\/100\n|move|p1a: Aurelio|Stealth Rock|p2a: Erebus\n|-sidestart|p2: BugCatcherN8R1X|move: Stealth Rock\n|\n|-heal|p1a: Aurelio|94\/100|[from] item: Leftovers\n|upkeep\n|turn|15\n|\n|t:|1700325070\n|move|p2a: Erebus|U-turn|p1a: Aurelio\n|-resisted|p1a: Aurelio\n|-damage|p1a: Aurelio|76\/100\n|\n|t:|1700325077\n|switch|p2a: Hachiman|Kleavor, M|100\/100|[from] U-turn\n|-damage|p2a: Hachiman|76\/100|[from] Stealth Rock\n|move|p1a: Aurelio|Knock Off|p2a: Hachiman\n|-damage|p2a: Hachiman|39\/100\n|-enditem|p2a: Hachiman|Choice Scarf|[from] move: Knock Off|[of] p1a: Aurelio\n|\n|-heal|p1a: Aurelio|82\/100|[from] item: Leftovers\n|upkeep\n|turn|16\n|\n|t:|1700325088\n|move|p2a: Hachiman|Aerial Ace|p1a: Aurelio\n|-supereffective|p1a: Aurelio\n|-damage|p1a: Aurelio|35\/100\n|move|p1a: Aurelio|Earthquake|p2a: Hachiman\n|-damage|p2a: Hachiman|0 fnt\n|faint|p2a: Hachiman\n|\n|-heal|p1a: Aurelio|41\/100|[from] item: Leftovers\n|upkeep\n|\n|t:|1700325096\n|switch|p2a: Ares|Scizor, M|100\/100\n|-damage|p2a: Ares|88\/100|[from] Stealth Rock\n|turn|17\n|\n|t:|1700325105\n|move|p1a: Aurelio|Earthquake|p2a: Ares\n|-damage|p2a: Ares|49\/100\n|move|p2a: Ares|Swords Dance|p2a: Ares\n|-boost|p2a: Ares|atk|2\n|\n|-heal|p1a: Aurelio|48\/100|[from] item: Leftovers\n|upkeep\n|turn|18\n|\n|t:|1700325112\n|move|p1a: Aurelio|Earthquake|p2a: Ares\n|-damage|p2a: Ares|4\/100\n|move|p2a: Ares|Trailblaze|p1a: Aurelio\n|-supereffective|p1a: Aurelio\n|-damage|p1a: Aurelio|0 fnt\n|-boost|p2a: Ares|spe|1\n|faint|p1a: Aurelio\n|-end|p1a: Aurelio|Protosynthesis|[silent]\n|-heal|p2a: Ares|11\/100|[from] item: Shell Bell|[of] p1: Aurelio\n|\n|upkeep\n|\n|t:|1700325122\n|switch|p1a: Antonio|Kingambit, M, shiny|47\/100\n|-activate|p1a: Antonio|ability: Supreme Overlord\n|-start|p1a: Antonio|fallen3|[silent]\n|turn|19\n|\n|t:|1700325132\n|move|p2a: Ares|Bullet Punch|p1a: Antonio\n|-resisted|p1a: Antonio\n|-damage|p1a: Antonio|20\/100\n|-heal|p2a: Ares|14\/100|[from] item: Shell Bell|[of] p1a: Antonio\n|move|p1a: Antonio|Sucker Punch||[still]\n|-fail|p1a: Antonio\n|\n|upkeep\n|turn|20\n|\n|t:|1700325144\n|move|p2a: Ares|Bullet Punch|p1a: Antonio\n|-resisted|p1a: Antonio\n|-damage|p1a: Antonio|0 fnt\n|faint|p1a: Antonio\n|-end|p1a: Antonio|fallen3|[silent]\n|-heal|p2a: Ares|17\/100|[from] item: Shell Bell|[of] p1: Antonio\n|\n|upkeep\n|\n|t:|1700325150\n|switch|p1a: Rajoy|Dragapult, M, shiny|100\/100\n|turn|21\n|\n|t:|1700325156\n|move|p2a: Ares|Bullet Punch|p1a: Rajoy\n|-damage|p1a: Rajoy|2\/100\n|-heal|p2a: Ares|28\/100|[from] item: Shell Bell|[of] p1a: Rajoy\n|move|p1a: Rajoy|Flamethrower|p2a: Ares\n|-supereffective|p2a: Ares\n|-damage|p2a: Ares|0 fnt\n|faint|p2a: Ares\n|\n|upkeep\n|\n|t:|1700325160\n|switch|p2a: Erebus|Lokix, M|100\/100\n|turn|22\n|\n|t:|1700325166\n|move|p2a: Erebus|Sucker Punch|p1a: Rajoy\n|-supereffective|p1a: Rajoy\n|-damage|p1a: Rajoy|0 fnt\n|faint|p1a: Rajoy\n|\n|upkeep\n|\n|t:|1700325170\n|switch|p1a: Paco|Gholdengo|34\/100\n|turn|23\n|\n|t:|1700325180\n|move|p2a: Erebus|U-turn|p1a: Paco\n|-resisted|p1a: Paco\n|-damage|p1a: Paco|15\/100\n|\n|t:|1700325183\n|switch|p2a: Apollo|Slither Wing|64\/100|[from] U-turn\n|-damage|p2a: Apollo|51\/100|[from] Stealth Rock\n|move|p1a: Paco|Make It Rain|p2a: Apollo\n|-damage|p2a: Apollo|2\/100\n|-unboost|p1a: Paco|spa|1\n|\n|upkeep\n|turn|24\n|\n|t:|1700325194\n|move|p2a: Apollo|Flame Charge|p1a: Paco\n|-supereffective|p1a: Paco\n|-damage|p1a: Paco|0 fnt\n|-boost|p2a: Apollo|spe|1\n|faint|p1a: Paco\n|\n|win|BugCatcherN8R1X\n|raw|tomastv194's rating: 1146 &rarr; <strong>1117<\/strong><br \/>(-29 for losing)\n|raw|BugCatcherN8R1X's rating: 1091 &rarr; <strong>1121<\/strong><br \/>(+30 for winning)\n|l|\u2606tomastv194\n","uploadtime":1700325229,"views":8,"p1id":"tomastv194","p2id":"bugcatchern8r1x","formatid":"gen9ou","rating":1117,"private":0,"password":""}