{"id":"gen9ou-1989111264","p1":"Spwert","p2":"Prav33n","format":"[Gen 9] OU","log":"|j|\u2606Spwert\n|j|\u2606Prav33n\n|t:|1699813413\n|gametype|singles\n|player|p1|Spwert|yellow|1481\n|player|p2|Prav33n|unknown|1426\n|teamsize|p1|6\n|teamsize|p2|6\n|gen|9\n|tier|[Gen 9] OU\n|rated|\n|rule|Sleep Clause Mod: Limit one foe put to sleep\n|rule|Species Clause: Limit one of each Pok\u00e9mon\n|rule|OHKO Clause: OHKO moves are banned\n|rule|Evasion Items Clause: Evasion items are banned\n|rule|Evasion Moves Clause: Evasion moves are banned\n|rule|Endless Battle Clause: Forcing endless battles is banned\n|rule|HP Percentage Mod: HP is shown in percentages\n|clearpoke\n|poke|p1|Great Tusk|\n|poke|p1|Enamorus, F|\n|poke|p1|Mandibuzz, F|\n|poke|p1|Cinderace, F|\n|poke|p1|Ogerpon-Wellspring, F|\n|poke|p1|Gholdengo|\n|poke|p2|Ogerpon-Cornerstone, F|\n|poke|p2|Sneasler, M|\n|poke|p2|Rillaboom, M|\n|poke|p2|Manaphy|\n|poke|p2|Gholdengo|\n|poke|p2|Great Tusk|\n|teampreview\n|inactive|Battle timer is ON: inactive players will automatically lose when time's up. (requested by Prav33n)\n|\n|t:|1699813423\n|start\n|switch|p1a: Cinderace|Cinderace, F|100\/100\n|switch|p2a: Ogerpon|Ogerpon-Cornerstone, F|100\/100\n|turn|1\n|\n|t:|1699813434\n|switch|p2a: Manaphy|Manaphy|100\/100\n|move|p1a: Cinderace|U-turn|p2a: Manaphy\n|-start|p1a: Cinderace|typechange|Bug|[from] ability: Libero\n|-damage|p2a: Manaphy|79\/100\n|\n|t:|1699813439\n|switch|p1a: Enamorus|Enamorus, F|100\/100|[from] U-turn\n|\n|-heal|p2a: Manaphy|85\/100|[from] item: Leftovers\n|upkeep\n|turn|2\n|\n|t:|1699813456\n|-terastallize|p1a: Enamorus|Fairy\n|move|p1a: Enamorus|Moonblast|p2a: Manaphy\n|-damage|p2a: Manaphy|0 fnt\n|faint|p2a: Manaphy\n|\n|upkeep\n|inactive|Prav33n has 120 seconds left.\n|\n|t:|1699813477\n|switch|p2a: Ogerpon|Ogerpon-Cornerstone, F|100\/100\n|turn|3\n|\n|t:|1699813481\n|switch|p1a: Great Tusk|Great Tusk|100\/100\n|move|p2a: Ogerpon|Ivy Cudgel|p1a: Great Tusk\n|-resisted|p1a: Great Tusk\n|-damage|p1a: Great Tusk|94\/100\n|\n|-heal|p1a: Great Tusk|99\/100|[from] item: Leftovers\n|upkeep\n|turn|4\n|\n|t:|1699813490\n|move|p2a: Ogerpon|Horn Leech|p1a: Great Tusk\n|-supereffective|p1a: Great Tusk\n|-damage|p1a: Great Tusk|58\/100\n|move|p1a: Great Tusk|Knock Off|p2a: Ogerpon\n|-damage|p2a: Ogerpon|74\/100\n|\n|-heal|p1a: Great Tusk|64\/100|[from] item: Leftovers\n|upkeep\n|turn|5\n|\n|t:|1699813494\n|move|p2a: Ogerpon|Spikes|p1a: Great Tusk\n|-sidestart|p1: Spwert|Spikes\n|move|p1a: Great Tusk|Earthquake|p2a: Ogerpon\n|-damage|p2a: Ogerpon|17\/100\n|\n|-heal|p1a: Great Tusk|71\/100|[from] item: Leftovers\n|upkeep\n|turn|6\n|\n|t:|1699813501\n|move|p2a: Ogerpon|Horn Leech|p1a: Great Tusk\n|-supereffective|p1a: Great Tusk\n|-damage|p1a: Great Tusk|24\/100\n|-heal|p2a: Ogerpon|50\/100|[from] drain|[of] p1a: Great Tusk\n|move|p1a: Great Tusk|Earthquake|p2a: Ogerpon\n|-damage|p2a: Ogerpon|0 fnt\n|faint|p2a: Ogerpon\n|\n|-heal|p1a: Great Tusk|31\/100|[from] item: Leftovers\n|upkeep\n|\n|t:|1699813507\n|switch|p2a: Exploud the 2nd|Rillaboom, M|100\/100\n|-fieldstart|move: Grassy Terrain|[from] ability: Grassy Surge|[of] p2a: Exploud the 2nd\n|turn|7\n|\n|t:|1699813519\n|-end|p1a: Great Tusk|Protosynthesis|[silent]\n|switch|p1a: Mandibuzz|Mandibuzz, F|100\/100\n|move|p2a: Exploud the 2nd|Grassy Glide|p1a: Mandibuzz\n|-resisted|p1a: Mandibuzz\n|-damage|p1a: Mandibuzz|86\/100\n|\n|upkeep\n|turn|8\n|\n|t:|1699813525\n|switch|p2a: Chesstrin'g|Gholdengo|100\/100\n|-item|p2a: Chesstrin'g|Air Balloon\n|move|p1a: Mandibuzz|U-turn|p2a: Chesstrin'g\n|-resisted|p2a: Chesstrin'g\n|-damage|p2a: Chesstrin'g|97\/100\n|-enditem|p2a: Chesstrin'g|Air Balloon\n|\n|t:|1699813531\n|switch|p1a: Cinderace|Cinderace, F|100\/100|[from] U-turn\n|\n|-heal|p2a: Chesstrin'g|100\/100|[from] Grassy Terrain\n|upkeep\n|turn|9\n|\n|t:|1699813537\n|move|p1a: Cinderace|Pyro Ball|p2a: Chesstrin'g\n|-supereffective|p2a: Chesstrin'g\n|-damage|p2a: Chesstrin'g|0 fnt\n|faint|p2a: Chesstrin'g\n|\n|upkeep\n|\n|t:|1699813540\n|switch|p2a: Sneasler|Sneasler, M|100\/100\n|-enditem|p2a: Sneasler|Grassy Seed\n|-boost|p2a: Sneasler|def|1|[from] item: Grassy Seed\n|turn|10\n|\n|t:|1699813546\n|move|p2a: Sneasler|Swords Dance|p2a: Sneasler\n|-boost|p2a: Sneasler|atk|2\n|move|p1a: Cinderace|Pyro Ball|p2a: Sneasler\n|-damage|p2a: Sneasler|41\/100\n|\n|-heal|p2a: Sneasler|47\/100|[from] Grassy Terrain\n|upkeep\n|turn|11\n|\n|t:|1699813554\n|move|p1a: Cinderace|Sucker Punch|p2a: Sneasler\n|-start|p1a: Cinderace|typechange|Dark|[from] ability: Libero\n|-resisted|p2a: Sneasler\n|-damage|p2a: Sneasler|32\/100\n|move|p2a: Sneasler|Close Combat|p1a: Cinderace\n|-supereffective|p1a: Cinderace\n|-damage|p1a: Cinderace|0 fnt\n|-unboost|p2a: Sneasler|def|1\n|-unboost|p2a: Sneasler|spd|1\n|faint|p1a: Cinderace\n|\n|-heal|p2a: Sneasler|38\/100|[from] Grassy Terrain\n|-fieldend|move: Grassy Terrain\n|upkeep\n|\n|t:|1699813560\n|switch|p1a: Mandibuzz|Mandibuzz, F|86\/100\n|turn|12\n|\n|t:|1699813565\n|move|p2a: Sneasler|Close Combat|p1a: Mandibuzz\n|-damage|p1a: Mandibuzz|3\/100\n|-unboost|p2a: Sneasler|def|1\n|-unboost|p2a: Sneasler|spd|1\n|move|p1a: Mandibuzz|Foul Play|p2a: Sneasler\n|-resisted|p2a: Sneasler\n|-damage|p2a: Sneasler|0 fnt\n|faint|p2a: Sneasler\n|\n|upkeep\n|\n|t:|1699813574\n|switch|p2a: Tuskity|Great Tusk|100\/100\n|-enditem|p2a: Tuskity|Booster Energy\n|-activate|p2a: Tuskity|ability: Protosynthesis|[fromitem]\n|-start|p2a: Tuskity|protosynthesisspe\n|turn|13\n|\n|t:|1699813580\n|move|p2a: Tuskity|Bulk Up|p2a: Tuskity\n|-boost|p2a: Tuskity|atk|1\n|-boost|p2a: Tuskity|def|1\n|move|p1a: Mandibuzz|U-turn|p2a: Tuskity\n|-resisted|p2a: Tuskity\n|-damage|p2a: Tuskity|98\/100\n|\n|t:|1699813583\n|switch|p1a: Gholdengo|Gholdengo|100\/100|[from] U-turn\n|-item|p1a: Gholdengo|Air Balloon\n|\n|upkeep\n|turn|14\n|\n|t:|1699813588\n|move|p2a: Tuskity|Ice Spinner|p1a: Gholdengo\n|-resisted|p1a: Gholdengo\n|-damage|p1a: Gholdengo|80\/100\n|-enditem|p1a: Gholdengo|Air Balloon\n|move|p1a: Gholdengo|Make It Rain|p2a: Tuskity\n|-damage|p2a: Tuskity|27\/100\n|-unboost|p1a: Gholdengo|spa|1\n|\n|upkeep\n|turn|15\n|\n|t:|1699813591\n|move|p2a: Tuskity|Headlong Rush|p1a: Gholdengo\n|-supereffective|p1a: Gholdengo\n|-damage|p1a: Gholdengo|0 fnt\n|-unboost|p2a: Tuskity|def|1\n|-unboost|p2a: Tuskity|spd|1\n|faint|p1a: Gholdengo\n|\n|upkeep\n|\n|t:|1699813594\n|switch|p1a: Ogerpon|Ogerpon-Wellspring, F|100\/100\n|-damage|p1a: Ogerpon|88\/100|[from] Spikes\n|turn|16\n|\n|t:|1699813608\n|move|p2a: Tuskity|Ice Spinner|p1a: Ogerpon\n|-damage|p1a: Ogerpon|40\/100\n|move|p1a: Ogerpon|Ivy Cudgel|p2a: Tuskity\n|-supereffective|p2a: Tuskity\n|-damage|p2a: Tuskity|0 fnt\n|faint|p2a: Tuskity\n|-end|p2a: Tuskity|Protosynthesis|[silent]\n|\n|upkeep\n|\n|t:|1699813611\n|switch|p2a: Exploud the 2nd|Rillaboom, M|100\/100\n|-fieldstart|move: Grassy Terrain|[from] ability: Grassy Surge|[of] p2a: Exploud the 2nd\n|turn|17\n|\n|t:|1699813617\n|-terastallize|p2a: Exploud the 2nd|Grass\n|move|p2a: Exploud the 2nd|Grassy Glide|p1a: Ogerpon\n|-damage|p1a: Ogerpon|0 fnt\n|faint|p1a: Ogerpon\n|\n|upkeep\n|\n|t:|1699813625\n|switch|p1a: Enamorus|Enamorus, F, tera:Fairy|100\/100\n|-damage|p1a: Enamorus|88\/100|[from] Spikes\n|turn|18\n|\n|t:|1699813634\n|move|p2a: Exploud the 2nd|Grassy Glide|p1a: Enamorus\n|-damage|p1a: Enamorus|0 fnt\n|faint|p1a: Enamorus\n|\n|upkeep\n|\n|t:|1699813639\n|switch|p1a: Mandibuzz|Mandibuzz, F|3\/100\n|turn|19\n|\n|t:|1699813643\n|move|p2a: Exploud the 2nd|Grassy Glide|p1a: Mandibuzz\n|-resisted|p1a: Mandibuzz\n|-damage|p1a: Mandibuzz|0 fnt\n|faint|p1a: Mandibuzz\n|\n|upkeep\n|-message|Spwert forfeited.\n|\n|win|Prav33n\n|raw|Spwert's rating: 1481 &rarr; <strong>1458<\/strong><br \/>(-23 for losing)\n|raw|Prav33n's rating: 1426 &rarr; <strong>1449<\/strong><br \/>(+23 for winning)\n|l|\u2606Spwert\n","uploadtime":1699813651,"views":10,"p1id":"spwert","p2id":"prav33n","formatid":"gen9ou","rating":1449,"private":0,"password":""}