{"id":"gen9ou-1990530170","p1":"SickestPlaya","p2":"taw","format":"[Gen 9] OU","log":"|j|\u2606SickestPlaya\n|j|\u2606taw\n|t:|1699979030\n|gametype|singles\n|player|p1|SickestPlaya|benga|1584\n|player|p2|taw|2|1568\n|teamsize|p1|6\n|teamsize|p2|6\n|gen|9\n|tier|[Gen 9] OU\n|rated|\n|rule|Sleep Clause Mod: Limit one foe put to sleep\n|rule|Species Clause: Limit one of each Pok\u00e9mon\n|rule|OHKO Clause: OHKO moves are banned\n|rule|Evasion Items Clause: Evasion items are banned\n|rule|Evasion Moves Clause: Evasion moves are banned\n|rule|Endless Battle Clause: Forcing endless battles is banned\n|rule|HP Percentage Mod: HP is shown in percentages\n|clearpoke\n|poke|p1|Pelipper, F|\n|poke|p1|Barraskewda, F|\n|poke|p1|Greninja-*, M|\n|poke|p1|Ting-Lu|\n|poke|p1|Zapdos|\n|poke|p1|Kingambit, F|\n|poke|p2|Zapdos|\n|poke|p2|Dragapult, M|\n|poke|p2|Heatran, M|\n|poke|p2|Quaquaval, M|\n|poke|p2|Glimmora, F|\n|poke|p2|Greninja-*, M|\n|teampreview\n|inactive|Battle timer is ON: inactive players will automatically lose when time's up. (requested by SickestPlaya)\n|c|\u2606SickestPlaya|Step 1 load up rain\n|c|\u2606taw|rain is so much fun I don't blame you\n|c|\u2606SickestPlaya|Step 2 run into 3 straight teams that can also abuse rain lol\n|inactive|SickestPlaya has 120 seconds left.\n|c|\u2606SickestPlaya|haha no doubt\n|c|\u2606SickestPlaya|hf homie\n|c|\u2606taw|I used to love keldeo rain\n|c|\u2606taw|gl hf\n|\n|t:|1699979075\n|start\n|switch|p1a: Ting-Lu|Ting-Lu|100\/100\n|switch|p2a: Glimmora|Glimmora, F|100\/100\n|-ability|p1a: Ting-Lu|Vessel of Ruin\n|turn|1\n|\n|t:|1699979081\n|move|p2a: Glimmora|Stealth Rock|p1a: Ting-Lu\n|-sidestart|p1: SickestPlaya|move: Stealth Rock\n|move|p1a: Ting-Lu|Ruination|p2a: Glimmora\n|-damage|p2a: Glimmora|51\/100\n|\n|upkeep\n|turn|2\n|\n|t:|1699979088\n|move|p2a: Glimmora|Mortal Spin|p1a: Ting-Lu\n|-resisted|p1a: Ting-Lu\n|-damage|p1a: Ting-Lu|99\/100\n|-status|p1a: Ting-Lu|psn\n|move|p1a: Ting-Lu|Whirlwind|p2a: Glimmora\n|drag|p2a: Zapdos|Zapdos|100\/100\n|\n|-heal|p1a: Ting-Lu|100\/100 psn|[from] item: Leftovers\n|-damage|p1a: Ting-Lu|88\/100 psn|[from] psn\n|upkeep\n|turn|3\n|\n|t:|1699979098\n|move|p2a: Zapdos|Hurricane|p1a: Ting-Lu\n|-damage|p1a: Ting-Lu|70\/100 psn\n|-start|p1a: Ting-Lu|confusion\n|-activate|p1a: Ting-Lu|confusion\n|-damage|p1a: Ting-Lu|65\/100 psn|[from] confusion\n|\n|-heal|p1a: Ting-Lu|72\/100 psn|[from] item: Leftovers\n|-damage|p1a: Ting-Lu|59\/100 psn|[from] psn\n|upkeep\n|turn|4\n|\n|t:|1699979107\n|switch|p2a: Glimmora|Glimmora, F|51\/100\n|-end|p1a: Ting-Lu|confusion\n|move|p1a: Ting-Lu|Stealth Rock|p2a: Glimmora\n|-sidestart|p2: taw|move: Stealth Rock\n|\n|-heal|p1a: Ting-Lu|65\/100 psn|[from] item: Leftovers\n|-damage|p1a: Ting-Lu|53\/100 psn|[from] psn\n|upkeep\n|turn|5\n|c|\u2606SickestPlaya|Ting Lu you are so dumb lol\n|\n|t:|1699979119\n|switch|p1a: Kingambit|Kingambit, F|100\/100\n|-damage|p1a: Kingambit|94\/100|[from] Stealth Rock\n|move|p2a: Glimmora|Mortal Spin|p1a: Kingambit\n|-immune|p1a: Kingambit\n|\n|upkeep\n|turn|6\n|c|\u2606taw|yeah he's kind of a big dumb moose\n|\n|t:|1699979129\n|move|p1a: Kingambit|Sucker Punch|p2a: Glimmora\n|-damage|p2a: Glimmora|0 fnt\n|-activate|p2a: Glimmora|ability: Toxic Debris\n|-sidestart|p1: SickestPlaya|move: Toxic Spikes\n|faint|p2a: Glimmora\n|\n|upkeep\n|\n|t:|1699979135\n|switch|p2a: Quaquaval|Quaquaval, M|100\/100\n|-damage|p2a: Quaquaval|94\/100|[from] Stealth Rock\n|turn|7\n|c|\u2606SickestPlaya|for real haha\n|\n|t:|1699979146\n|-end|p1a: Kingambit|fallenundefined|[silent]\n|switch|p1a: Pelipper|Pelipper, F|100\/100\n|-damage|p1a: Pelipper|75\/100|[from] Stealth Rock\n|-weather|RainDance|[from] ability: Drizzle|[of] p1a: Pelipper\n|move|p2a: Quaquaval|Rapid Spin|p1a: Pelipper\n|-damage|p1a: Pelipper|62\/100\n|-boost|p2a: Quaquaval|spe|1\n|-sideend|p2: taw|Stealth Rock|[from] move: Rapid Spin|[of] p2a: Quaquaval\n|\n|-weather|RainDance|[upkeep]\n|upkeep\n|turn|8\n|\n|t:|1699979155\n|switch|p1a: Zapdos|Zapdos|100\/100\n|move|p2a: Quaquaval|Knock Off|p1a: Zapdos\n|-damage|p1a: Zapdos|63\/100\n|-enditem|p1a: Zapdos|Heavy-Duty Boots|[from] move: Knock Off|[of] p2a: Quaquaval\n|\n|-weather|RainDance|[upkeep]\n|upkeep\n|turn|9\n|\n|t:|1699979164\n|move|p2a: Quaquaval|Aqua Step|p1a: Zapdos\n|-damage|p1a: Zapdos|0 fnt\n|-boost|p2a: Quaquaval|spe|1\n|-status|p2a: Quaquaval|par|[from] ability: Static|[of] p1a: Zapdos\n|faint|p1a: Zapdos\n|-ability|p2a: Quaquaval|Moxie|boost\n|-boost|p2a: Quaquaval|atk|1\n|\n|-weather|RainDance|[upkeep]\n|upkeep\n|\n|t:|1699979174\n|switch|p1a: Barraskewda|Barraskewda, F|100\/100\n|-damage|p1a: Barraskewda|88\/100|[from] Stealth Rock\n|-status|p1a: Barraskewda|psn\n|turn|10\n|c|\u2606taw|good thing you got the para\n|c|\u2606SickestPlaya|lol for real\n|\n|t:|1699979190\n|switch|p2a: Zapdos|Zapdos|100\/100\n|move|p1a: Barraskewda|Close Combat|p2a: Zapdos\n|-resisted|p2a: Zapdos\n|-damage|p2a: Zapdos|79\/100\n|-unboost|p1a: Barraskewda|def|1\n|-unboost|p1a: Barraskewda|spd|1\n|\n|-weather|RainDance|[upkeep]\n|-damage|p1a: Barraskewda|76\/100 psn|[from] psn\n|upkeep\n|turn|11\n|c|\u2606SickestPlaya|think I'm still in an awful spot tho\n|c|\u2606SickestPlaya|that switch was balla\n|c|\u2606taw|yeah going to be rough with no hazard control\n|c|\u2606SickestPlaya|cuz it gets ohkod\n|\n|t:|1699979211\n|switch|p1a: Ting-Lu|Ting-Lu|53\/100 psn\n|-damage|p1a: Ting-Lu|47\/100 psn|[from] Stealth Rock\n|-ability|p1a: Ting-Lu|Vessel of Ruin\n|move|p2a: Zapdos|Hurricane|p1a: Ting-Lu\n|-damage|p1a: Ting-Lu|28\/100 psn\n|-start|p1a: Ting-Lu|confusion\n|\n|-weather|RainDance|[upkeep]\n|-heal|p1a: Ting-Lu|34\/100 psn|[from] item: Leftovers\n|-damage|p1a: Ting-Lu|22\/100 psn|[from] psn\n|upkeep\n|turn|12\n|\n|t:|1699979223\n|switch|p2a: Quaquaval|Quaquaval, M|94\/100 par\n|-activate|p1a: Ting-Lu|confusion\n|-damage|p1a: Ting-Lu|17\/100 psn|[from] confusion\n|\n|-weather|RainDance|[upkeep]\n|-heal|p1a: Ting-Lu|23\/100 psn|[from] item: Leftovers\n|-damage|p1a: Ting-Lu|11\/100 psn|[from] psn\n|upkeep\n|turn|13\n|c|\u2606taw|your ting lu is a moron\n|\n|t:|1699979234\n|move|p2a: Quaquaval|Aqua Step|p1a: Ting-Lu\n|-supereffective|p1a: Ting-Lu\n|-damage|p1a: Ting-Lu|0 fnt\n|-boost|p2a: Quaquaval|spe|1\n|faint|p1a: Ting-Lu\n|-ability|p2a: Quaquaval|Moxie|boost\n|-boost|p2a: Quaquaval|atk|1\n|\n|-weather|RainDance|[upkeep]\n|upkeep\n|c|\u2606SickestPlaya|lol really s\n|\n|t:|1699979246\n|switch|p1a: Barraskewda|Barraskewda, F|76\/100 psn\n|-damage|p1a: Barraskewda|64\/100 psn|[from] Stealth Rock\n|turn|14\n|\n|t:|1699979250\n|switch|p2a: Zapdos|Zapdos|79\/100\n|-terastallize|p1a: Barraskewda|Water\n|move|p1a: Barraskewda|Liquidation|p2a: Zapdos\n|-damage|p2a: Zapdos|0 fnt\n|faint|p2a: Zapdos\n|\n|-weather|none\n|-damage|p1a: Barraskewda|52\/100 psn|[from] psn\n|upkeep\n|\n|t:|1699979259\n|switch|p2a: Dragapult|Dragapult, M|100\/100\n|turn|15\n|\n|t:|1699979265\n|switch|p1a: Pelipper|Pelipper, F|62\/100\n|-damage|p1a: Pelipper|37\/100|[from] Stealth Rock\n|-weather|RainDance|[from] ability: Drizzle|[of] p1a: Pelipper\n|move|p2a: Dragapult|Hex|p1a: Pelipper\n|-damage|p1a: Pelipper|0 fnt\n|faint|p1a: Pelipper\n|\n|-weather|RainDance|[upkeep]\n|upkeep\n|\n|t:|1699979290\n|switch|p1a: Barraskewda|Barraskewda, F, tera:Water|52\/100 psn\n|-damage|p1a: Barraskewda|40\/100 psn|[from] Stealth Rock\n|turn|16\n|\n|t:|1699979297\n|move|p1a: Barraskewda|Liquidation|p2a: Dragapult\n|-resisted|p2a: Dragapult\n|-damage|p2a: Dragapult|5\/100\n|-unboost|p2a: Dragapult|def|1\n|move|p2a: Dragapult|Hex|p1a: Barraskewda\n|-damage|p1a: Barraskewda|0 fnt\n|faint|p1a: Barraskewda\n|\n|-weather|RainDance|[upkeep]\n|upkeep\n|c|\u2606SickestPlaya|that was actually the best thing for me haha\n|\n|t:|1699979313\n|switch|p1a: Greninja|Greninja, M|100\/100\n|turn|17\n|\n|t:|1699979317\n|switch|p2a: Quaquaval|Quaquaval, M|94\/100 par\n|move|p1a: Greninja|Water Shuriken|p2a: Quaquaval\n|-resisted|p2a: Quaquaval\n|-damage|p2a: Quaquaval|90\/100 par\n|-resisted|p2a: Quaquaval\n|-damage|p2a: Quaquaval|85\/100 par\n|-resisted|p2a: Quaquaval\n|-crit|p2a: Quaquaval\n|-damage|p2a: Quaquaval|78\/100 par\n|-hitcount|p2a: Quaquaval|3\n|\n|-weather|RainDance|[upkeep]\n|upkeep\n|turn|18\n|\n|t:|1699979327\n|move|p1a: Greninja|Dark Pulse|p2a: Quaquaval\n|-resisted|p2a: Quaquaval\n|-damage|p2a: Quaquaval|62\/100 par\n|cant|p2a: Quaquaval|par\n|\n|-weather|RainDance|[upkeep]\n|upkeep\n|turn|19\n|\n|t:|1699979335\n|move|p1a: Greninja|Dark Pulse|p2a: Quaquaval\n|-resisted|p2a: Quaquaval\n|-damage|p2a: Quaquaval|46\/100 par\n|move|p2a: Quaquaval|Close Combat|p1a: Greninja\n|-supereffective|p1a: Greninja\n|-crit|p1a: Greninja\n|-damage|p1a: Greninja|0 fnt\n|-unboost|p2a: Quaquaval|def|1\n|-unboost|p2a: Quaquaval|spd|1\n|faint|p1a: Greninja\n|-ability|p2a: Quaquaval|Moxie|boost\n|-boost|p2a: Quaquaval|atk|1\n|\n|-weather|RainDance|[upkeep]\n|upkeep\n|c|\u2606taw|whew\n|c|\u2606SickestPlaya|ah thought we could hax our way through lol\n|\n|t:|1699979350\n|switch|p1a: Kingambit|Kingambit, F|94\/100\n|-damage|p1a: Kingambit|88\/100|[from] Stealth Rock\n|-activate|p1a: Kingambit|ability: Supreme Overlord\n|-start|p1a: Kingambit|fallen5|[silent]\n|turn|20\n|\n|t:|1699979355\n|move|p1a: Kingambit|Sucker Punch|p2a: Quaquaval\n|-resisted|p2a: Quaquaval\n|-damage|p2a: Quaquaval|0 fnt\n|faint|p2a: Quaquaval\n|\n|-weather|RainDance|[upkeep]\n|upkeep\n|\n|t:|1699979364\n|switch|p2a: Heatran|Heatran, M|100\/100\n|turn|21\n|\n|t:|1699979370\n|move|p1a: Kingambit|Low Kick|p2a: Heatran\n|-supereffective|p2a: Heatran\n|-damage|p2a: Heatran|0 fnt\n|faint|p2a: Heatran\n|\n|-weather|RainDance|[upkeep]\n|upkeep\n|\n|t:|1699979377\n|switch|p2a: Dragapult|Dragapult, M|5\/100\n|turn|22\n|c|\u2606SickestPlaya|miss\n|c|\u2606SickestPlaya|miss\n|c|\u2606SickestPlaya|miss\n|c|\u2606SickestPlaya|miss\n|c|\u2606SickestPlaya|miss\n|\n|t:|1699979394\n|move|p2a: Dragapult|Will-O-Wisp|p1a: Kingambit\n|-status|p1a: Kingambit|brn\n|-enditem|p1a: Kingambit|Lum Berry|[eat]\n|-curestatus|p1a: Kingambit|brn|[msg]\n|move|p1a: Kingambit|Swords Dance|p1a: Kingambit\n|-boost|p1a: Kingambit|atk|2\n|\n|-weather|none\n|upkeep\n|turn|23\n|\n|t:|1699979402\n|move|p2a: Dragapult|Will-O-Wisp|p1a: Kingambit\n|-status|p1a: Kingambit|brn\n|move|p1a: Kingambit|Kowtow Cleave|p2a: Dragapult\n|-supereffective|p2a: Dragapult\n|-damage|p2a: Dragapult|0 fnt\n|faint|p2a: Dragapult\n|\n|-damage|p1a: Kingambit|82\/100 brn|[from] brn\n|upkeep\n|c|\u2606SickestPlaya|honestly forgot I was Lum lol\n|c|\u2606SickestPlaya|was black glasses before\n|\n|t:|1699979413\n|switch|p2a: Greninja|Greninja, M|100\/100\n|turn|24\n|c|\u2606SickestPlaya|fffffff\n|\n|t:|1699979425\n|-terastallize|p2a: Greninja|Grass\n|move|p2a: Greninja|Water Shuriken|p1a: Kingambit\n|-damage|p1a: Kingambit|73\/100 brn\n|-damage|p1a: Kingambit|65\/100 brn\n|-damage|p1a: Kingambit|57\/100 brn\n|-damage|p1a: Kingambit|48\/100 brn\n|-hitcount|p1a: Kingambit|4\n|move|p1a: Kingambit|Low Kick|p2a: Greninja\n|-damage|p2a: Greninja|46\/100\n|\n|-damage|p1a: Kingambit|42\/100 brn|[from] brn\n|upkeep\n|turn|25\n|\n|t:|1699979437\n|move|p2a: Greninja|Water Shuriken|p1a: Kingambit\n|-damage|p1a: Kingambit|34\/100 brn\n|-damage|p1a: Kingambit|25\/100 brn\n|-damage|p1a: Kingambit|17\/100 brn\n|-damage|p1a: Kingambit|9\/100 brn\n|-hitcount|p1a: Kingambit|4\n|move|p1a: Kingambit|Sucker Punch||[still]\n|-fail|p1a: Kingambit\n|\n|-damage|p1a: Kingambit|3\/100 brn|[from] brn\n|upkeep\n|turn|26\n|c|\u2606SickestPlaya|gg\n|c|\u2606taw|you had it\n|\n|t:|1699979452\n|move|p2a: Greninja|Water Shuriken|p1a: Kingambit\n|-damage|p1a: Kingambit|0 fnt\n|faint|p1a: Kingambit\n|-end|p1a: Kingambit|fallen5|[silent]\n|-hitcount|p1: Kingambit|1\n|\n|win|taw\n|raw|SickestPlaya's rating: 1584 &rarr; <strong>1563<\/strong><br \/>(-21 for losing)\n|raw|taw's rating: 1568 &rarr; <strong>1589<\/strong><br \/>(+21 for winning)\n|c|\u2606SickestPlaya|I know\n|c|\u2606SickestPlaya|didn't add the Math up lol\n|c|\u2606taw|gg fam, wp\n|c|\u2606SickestPlaya|I also love to throw\n|c|\u2606SickestPlaya|gg man\n|c|\u2606SickestPlaya|have a good one\n|c|\u2606taw|u2\n","uploadtime":1699979477,"views":5,"p1id":"sickestplaya","p2id":"taw","formatid":"gen9ou","rating":1563,"private":0,"password":""}