{"id":"gen9ou-1991219272","p1":"Allanubs","p2":"Nthewuinox","format":"[Gen 9] OU","log":"|j|\u2606Allanubs\n|j|\u2606Nthewuinox\n|t:|1700058371\n|gametype|singles\n|player|p1|Allanubs|102|1081\n|player|p2|Nthewuinox|2|1152\n|teamsize|p1|6\n|teamsize|p2|6\n|gen|9\n|tier|[Gen 9] OU\n|rated|\n|rule|Sleep Clause Mod: Limit one foe put to sleep\n|rule|Species Clause: Limit one of each Pok\u00e9mon\n|rule|OHKO Clause: OHKO moves are banned\n|rule|Evasion Items Clause: Evasion items are banned\n|rule|Evasion Moves Clause: Evasion moves are banned\n|rule|Endless Battle Clause: Forcing endless battles is banned\n|rule|HP Percentage Mod: HP is shown in percentages\n|clearpoke\n|poke|p1|Gholdengo|\n|poke|p1|Dragonite, F|\n|poke|p1|Great Tusk|\n|poke|p1|Slowking-Galar, F|\n|poke|p1|Ninetales-Alola, M|\n|poke|p1|Ribombee, M|\n|poke|p2|Clodsire, F|\n|poke|p2|Kilowattrel, F|\n|poke|p2|Zoroark-Hisui, F|\n|poke|p2|Goodra-Hisui, F|\n|poke|p2|Samurott-Hisui, F|\n|poke|p2|Dachsbun, F|\n|teampreview\n|inactive|Battle timer is ON: inactive players will automatically lose when time's up. (requested by Allanubs)\n|\n|t:|1700058390\n|start\n|switch|p1a: Ninetales|Ninetales-Alola, M|100\/100\n|switch|p2a: Clodsire|Clodsire, F|100\/100\n|-weather|Snow|[from] ability: Snow Warning|[of] p1a: Ninetales\n|turn|1\n|\n|t:|1700058401\n|move|p1a: Ninetales|Aurora Veil|p1a: Ninetales\n|-sidestart|p1: Allanubs|move: Aurora Veil\n|move|p2a: Clodsire|Sludge Bomb|p1a: Ninetales\n|-supereffective|p1a: Ninetales\n|-damage|p1a: Ninetales|74\/100\n|\n|-weather|Snow|[upkeep]\n|upkeep\n|turn|2\n|\n|t:|1700058406\n|switch|p1a: Ribombee|Ribombee, M|100\/100\n|move|p2a: Clodsire|Sludge Bomb|p1a: Ribombee\n|-supereffective|p1a: Ribombee\n|-damage|p1a: Ribombee|50\/100\n|\n|-weather|Snow|[upkeep]\n|upkeep\n|turn|3\n|\n|t:|1700058413\n|move|p1a: Ribombee|Sticky Web|p2a: Clodsire\n|-sidestart|p2: Nthewuinox|move: Sticky Web\n|move|p2a: Clodsire|Sludge Bomb|p1a: Ribombee\n|-supereffective|p1a: Ribombee\n|-damage|p1a: Ribombee|0 fnt\n|faint|p1a: Ribombee\n|\n|-weather|Snow|[upkeep]\n|upkeep\n|\n|t:|1700058418\n|switch|p1a: Great Tusk|Great Tusk|100\/100\n|turn|4\n|\n|t:|1700058428\n|move|p1a: Great Tusk|Stone Edge|p2a: Clodsire\n|-resisted|p2a: Clodsire\n|-damage|p2a: Clodsire|82\/100\n|move|p2a: Clodsire|Chilling Water|p1a: Great Tusk\n|-supereffective|p1a: Great Tusk\n|-damage|p1a: Great Tusk|86\/100\n|-unboost|p1a: Great Tusk|atk|1\n|\n|-weather|Snow|[upkeep]\n|-heal|p2a: Clodsire|88\/100|[from] item: Black Sludge\n|upkeep\n|turn|5\n|\n|t:|1700058439\n|-end|p1a: Great Tusk|Protosynthesis|[silent]\n|switch|p1a: Slowking|Slowking-Galar, F|100\/100\n|move|p2a: Clodsire|Chilling Water|p1a: Slowking\n|-damage|p1a: Slowking|96\/100\n|-unboost|p1a: Slowking|atk|1\n|\n|-weather|none\n|-heal|p1a: Slowking|100\/100|[from] item: Leftovers\n|-heal|p2a: Clodsire|94\/100|[from] item: Black Sludge\n|-sideend|p1: Allanubs|move: Aurora Veil\n|upkeep\n|turn|6\n|\n|t:|1700058452\n|switch|p1a: Ninetales|Ninetales-Alola, M|74\/100\n|-weather|Snow|[from] ability: Snow Warning|[of] p1a: Ninetales\n|move|p2a: Clodsire|Toxic Spikes|p1a: Ninetales\n|-sidestart|p1: Allanubs|move: Toxic Spikes\n|\n|-weather|Snow|[upkeep]\n|-heal|p2a: Clodsire|100\/100|[from] item: Black Sludge\n|upkeep\n|turn|7\n|\n|t:|1700058458\n|move|p1a: Ninetales|Aurora Veil|p1a: Ninetales\n|-sidestart|p1: Allanubs|move: Aurora Veil\n|move|p2a: Clodsire|Sludge Bomb|p1a: Ninetales\n|-supereffective|p1a: Ninetales\n|-damage|p1a: Ninetales|50\/100\n|\n|-weather|Snow|[upkeep]\n|upkeep\n|turn|8\n|\n|t:|1700058473\n|switch|p1a: Slowking|Slowking-Galar, F|100\/100\n|-sideend|p1: Allanubs|move: Toxic Spikes|[of] p1a: Slowking\n|move|p2a: Clodsire|Earth Power|p1a: Slowking\n|-supereffective|p1a: Slowking\n|-damage|p1a: Slowking|78\/100\n|\n|-weather|Snow|[upkeep]\n|-heal|p1a: Slowking|85\/100|[from] item: Leftovers\n|upkeep\n|turn|9\n|\n|t:|1700058483\n|switch|p1a: Great Tusk|Great Tusk|86\/100\n|move|p2a: Clodsire|Toxic Spikes|p1a: Great Tusk\n|-sidestart|p1: Allanubs|move: Toxic Spikes\n|\n|-weather|Snow|[upkeep]\n|upkeep\n|turn|10\n|\n|t:|1700058493\n|move|p1a: Great Tusk|Headlong Rush|p2a: Clodsire\n|-supereffective|p2a: Clodsire\n|-damage|p2a: Clodsire|0 fnt\n|-unboost|p1a: Great Tusk|def|1\n|-unboost|p1a: Great Tusk|spd|1\n|faint|p2a: Clodsire\n|\n|-weather|none\n|upkeep\n|\n|t:|1700058508\n|switch|p2a: Samurott|Samurott-Hisui, F|100\/100\n|-activate|p2a: Samurott|move: Sticky Web\n|-unboost|p2a: Samurott|spe|1\n|turn|11\n|\n|t:|1700058513\n|-end|p1a: Great Tusk|Protosynthesis|[silent]\n|switch|p1a: Slowking|Slowking-Galar, F|100\/100\n|-sideend|p1: Allanubs|move: Toxic Spikes|[of] p1a: Slowking\n|move|p2a: Samurott|Flip Turn|p1a: Slowking\n|-damage|p1a: Slowking|86\/100\n|\n|t:|1700058522\n|switch|p2a: Goodra|Goodra-Hisui, F|100\/100|[from] Flip Turn\n|-activate|p2a: Goodra|move: Sticky Web\n|-unboost|p2a: Goodra|spe|1\n|\n|-heal|p1a: Slowking|92\/100|[from] item: Leftovers\n|-sideend|p1: Allanubs|move: Aurora Veil\n|upkeep\n|turn|12\n|\n|t:|1700058535\n|move|p2a: Goodra|Ice Beam|p1a: Slowking\n|-damage|p1a: Slowking|69\/100\n|move|p1a: Slowking|Future Sight|p2a: Goodra\n|-start|p1a: Slowking|move: Future Sight\n|\n|-heal|p1a: Slowking|75\/100|[from] item: Leftovers\n|upkeep\n|turn|13\n|\n|t:|1700058543\n|move|p2a: Goodra|Ice Beam|p1a: Slowking\n|-damage|p1a: Slowking|51\/100\n|move|p1a: Slowking|Chilly Reception|p1a: Slowking\n|-weather|Snow\n|\n|t:|1700058549\n|switch|p1a: Ninetales|Ninetales-Alola, M|50\/100|[from] Chilly Reception\n|\n|-weather|Snow|[upkeep]\n|upkeep\n|turn|14\n|\n|t:|1700058557\n|switch|p2a: Samurott|Samurott-Hisui, F|100\/100\n|-activate|p2a: Samurott|move: Sticky Web\n|-unboost|p2a: Samurott|spe|1\n|move|p1a: Ninetales|Encore||[still]\n|-fail|p1a: Ninetales\n|\n|-weather|Snow|[upkeep]\n|-end|p2a: Samurott|move: Future Sight\n|-immune|p2a: Samurott\n|upkeep\n|turn|15\n|\n|t:|1700058573\n|move|p1a: Ninetales|Aurora Veil|p1a: Ninetales\n|-sidestart|p1: Allanubs|move: Aurora Veil\n|move|p2a: Samurott|Flip Turn|p1a: Ninetales\n|-damage|p1a: Ninetales|39\/100\n|\n|t:|1700058583\n|switch|p2a: Dachsbun|Dachsbun, F|100\/100|[from] Flip Turn\n|-activate|p2a: Dachsbun|move: Sticky Web\n|-unboost|p2a: Dachsbun|spe|1\n|\n|-weather|Snow|[upkeep]\n|upkeep\n|turn|16\n|\n|t:|1700058591\n|move|p1a: Ninetales|Blizzard|p2a: Dachsbun\n|-damage|p2a: Dachsbun|49\/100\n|move|p2a: Dachsbun|Fire Fang|p1a: Ninetales\n|-supereffective|p1a: Ninetales\n|-damage|p1a: Ninetales|27\/100\n|\n|-weather|Snow|[upkeep]\n|upkeep\n|turn|17\n|\n|t:|1700058602\n|switch|p2a: Goodra|Goodra-Hisui, F|100\/100\n|-activate|p2a: Goodra|move: Sticky Web\n|-unboost|p2a: Goodra|spe|1\n|move|p1a: Ninetales|Blizzard|p2a: Goodra\n|-damage|p2a: Goodra|81\/100\n|\n|-weather|none\n|-heal|p2a: Goodra|87\/100|[from] item: Leftovers\n|upkeep\n|turn|18\n|\n|t:|1700058615\n|switch|p1a: Slowking|Slowking-Galar, F|84\/100\n|move|p2a: Goodra|Sludge Bomb|p1a: Slowking\n|-resisted|p1a: Slowking\n|-damage|p1a: Slowking|78\/100\n|\n|-heal|p2a: Goodra|93\/100|[from] item: Leftovers\n|-heal|p1a: Slowking|84\/100|[from] item: Leftovers\n|upkeep\n|turn|19\n|\n|t:|1700058626\n|move|p2a: Goodra|Ice Beam|p1a: Slowking\n|-damage|p1a: Slowking|72\/100\n|move|p1a: Slowking|Future Sight|p2a: Goodra\n|-start|p1a: Slowking|move: Future Sight\n|\n|-heal|p2a: Goodra|99\/100|[from] item: Leftovers\n|-heal|p1a: Slowking|78\/100|[from] item: Leftovers\n|-sideend|p1: Allanubs|move: Aurora Veil\n|upkeep\n|turn|20\n|\n|t:|1700058635\n|move|p2a: Goodra|Ice Beam|p1a: Slowking\n|-damage|p1a: Slowking|53\/100\n|move|p1a: Slowking|Calm Mind|p1a: Slowking\n|-boost|p1a: Slowking|spa|1\n|-boost|p1a: Slowking|spd|1\n|\n|-heal|p2a: Goodra|100\/100|[from] item: Leftovers\n|-heal|p1a: Slowking|59\/100|[from] item: Leftovers\n|upkeep\n|turn|21\n|\n|t:|1700058646\n|switch|p2a: Samurott|Samurott-Hisui, F|100\/100\n|-activate|p2a: Samurott|move: Sticky Web\n|-unboost|p2a: Samurott|spe|1\n|move|p1a: Slowking|Calm Mind|p1a: Slowking\n|-boost|p1a: Slowking|spa|1\n|-boost|p1a: Slowking|spd|1\n|\n|-end|p2a: Samurott|move: Future Sight\n|-immune|p2a: Samurott\n|-heal|p1a: Slowking|65\/100|[from] item: Leftovers\n|upkeep\n|turn|22\n|\n|t:|1700058652\n|move|p2a: Samurott|Ceaseless Edge|p1a: Slowking\n|-supereffective|p1a: Slowking\n|-damage|p1a: Slowking|0 fnt\n|-sidestart|p1: Allanubs|Spikes\n|faint|p1a: Slowking\n|\n|upkeep\n|\n|t:|1700058659\n|switch|p1a: Dragonite|Dragonite, F|100\/100\n|turn|23\n|\n|t:|1700058685\n|-terastallize|p1a: Dragonite|Dragon\n|move|p2a: Samurott|Ceaseless Edge|p1a: Dragonite|[miss]\n|-miss|p2a: Samurott|p1a: Dragonite\n|move|p1a: Dragonite|Dragon Dance|p1a: Dragonite\n|-boost|p1a: Dragonite|atk|1\n|-boost|p1a: Dragonite|spe|1\n|\n|upkeep\n|turn|24\n|\n|t:|1700058694\n|move|p1a: Dragonite|Scale Shot|p2a: Samurott\n|-damage|p2a: Samurott|62\/100\n|-crit|p2a: Samurott\n|-damage|p2a: Samurott|4\/100\n|-crit|p2a: Samurott\n|-damage|p2a: Samurott|0 fnt\n|faint|p2a: Samurott\n|-hitcount|p2: Samurott|3\n|-unboost|p1a: Dragonite|def|1\n|-boost|p1a: Dragonite|spe|1\n|\n|upkeep\n|\n|t:|1700058701\n|switch|p2a: Dachsbun|Dachsbun, F|100\/100\n|-activate|p2a: Dachsbun|move: Sticky Web\n|-unboost|p2a: Dachsbun|spe|1\n|turn|25\n|\n|t:|1700058715\n|move|p1a: Dragonite|Iron Head|p2a: Dachsbun\n|-damage|p2a: Dachsbun|0 fnt\n|replace|p2a: Zoroark|Zoroark-Hisui, F\n|-end|p2a: Zoroark|Illusion\n|faint|p2a: Zoroark\n|\n|upkeep\n|\n|t:|1700058723\n|switch|p2a: Kilowattrel|Kilowattrel, F|100\/100\n|turn|26\n|\n|t:|1700058728\n|move|p1a: Dragonite|Scale Shot|p2a: Kilowattrel\n|-damage|p2a: Kilowattrel|49\/100\n|-damage|p2a: Kilowattrel|0 fnt\n|faint|p2a: Kilowattrel\n|-hitcount|p2: Kilowattrel|2\n|-unboost|p1a: Dragonite|def|1\n|-boost|p1a: Dragonite|spe|1\n|\n|upkeep\n|\n|t:|1700058733\n|switch|p2a: Dachsbun|Dachsbun, F|49\/100\n|-activate|p2a: Dachsbun|move: Sticky Web\n|-unboost|p2a: Dachsbun|spe|1\n|turn|27\n|\n|t:|1700058737\n|move|p1a: Dragonite|Iron Head|p2a: Dachsbun\n|-supereffective|p2a: Dachsbun\n|-damage|p2a: Dachsbun|0 fnt\n|-damage|p1a: Dragonite|84\/100|[from] item: Rocky Helmet|[of] p2a: Dachsbun\n|faint|p2a: Dachsbun\n|\n|upkeep\n|\n|t:|1700058738\n|switch|p2a: Goodra|Goodra-Hisui, F|100\/100\n|-activate|p2a: Goodra|move: Sticky Web\n|-unboost|p2a: Goodra|spe|1\n|turn|28\n|\n|t:|1700058746\n|move|p1a: Dragonite|Scale Shot|p2a: Goodra\n|-damage|p2a: Goodra|73\/100\n|-damage|p2a: Goodra|47\/100\n|-damage|p2a: Goodra|17\/100\n|-damage|p2a: Goodra|0 fnt\n|faint|p2a: Goodra\n|-hitcount|p2: Goodra|4\n|\n|win|Allanubs\n|raw|Allanubs's rating: 1081 &rarr; <strong>1114<\/strong><br \/>(+33 for winning)\n|raw|Nthewuinox's rating: 1152 &rarr; <strong>1122<\/strong><br \/>(-30 for losing)\n|l|\u2606Nthewuinox\n","uploadtime":1700058756,"views":5,"p1id":"allanubs","p2id":"nthewuinox","formatid":"gen9ou","rating":1114,"private":0,"password":""}