{"id":"gen9ou-1990509381","p1":"Goumsaal","p2":"taw","format":"[Gen 9] OU","log":"|j|\u2606Goumsaal\n|j|\u2606taw\n|t:|1699977310\n|gametype|singles\n|player|p1|Goumsaal|1|1500\n|player|p2|taw|2|1551\n|teamsize|p1|6\n|teamsize|p2|6\n|gen|9\n|tier|[Gen 9] OU\n|rated|\n|rule|Sleep Clause Mod: Limit one foe put to sleep\n|rule|Species Clause: Limit one of each Pok\u00e9mon\n|rule|OHKO Clause: OHKO moves are banned\n|rule|Evasion Items Clause: Evasion items are banned\n|rule|Evasion Moves Clause: Evasion moves are banned\n|rule|Endless Battle Clause: Forcing endless battles is banned\n|rule|HP Percentage Mod: HP is shown in percentages\n|clearpoke\n|poke|p1|Tinkaton, F|\n|poke|p1|Iron Valiant|\n|poke|p1|Dragapult, M|\n|poke|p1|Manaphy|\n|poke|p1|Ribombee, M|\n|poke|p1|Great Tusk|\n|poke|p2|Zapdos|\n|poke|p2|Dragapult, M|\n|poke|p2|Heatran, F|\n|poke|p2|Quaquaval, M|\n|poke|p2|Glimmora, F|\n|poke|p2|Greninja-*, M|\n|teampreview\n|\n|t:|1699977333\n|start\n|switch|p1a: Great Tusk|Great Tusk|100\/100\n|switch|p2a: Glimmora|Glimmora, F|100\/100\n|turn|1\n|\n|t:|1699977342\n|switch|p2a: Zapdos|Zapdos|100\/100\n|move|p1a: Great Tusk|Earthquake|p2a: Zapdos\n|-immune|p2a: Zapdos\n|\n|upkeep\n|turn|2\n|\n|t:|1699977349\n|move|p2a: Zapdos|Hurricane|p1a: Great Tusk|[miss]\n|-miss|p2a: Zapdos|p1a: Great Tusk\n|move|p1a: Great Tusk|Knock Off|p2a: Zapdos\n|-damage|p2a: Zapdos|81\/100\n|-enditem|p2a: Zapdos|Heavy-Duty Boots|[from] move: Knock Off|[of] p1a: Great Tusk\n|\n|upkeep\n|turn|3\n|\n|t:|1699977359\n|-end|p1a: Great Tusk|Protosynthesis|[silent]\n|switch|p1a: Tinkaton|Tinkaton, F|100\/100\n|-ability|p1a: Tinkaton|Mold Breaker\n|move|p2a: Zapdos|Hurricane|p1a: Tinkaton|[miss]\n|-miss|p2a: Zapdos|p1a: Tinkaton\n|\n|upkeep\n|turn|4\n|\n|t:|1699977368\n|move|p1a: Tinkaton|Gigaton Hammer|p2a: Zapdos\n|-resisted|p2a: Zapdos\n|-damage|p2a: Zapdos|60\/100\n|move|p2a: Zapdos|Discharge|p1a: Tinkaton\n|-damage|p1a: Tinkaton|63\/100\n|\n|-heal|p1a: Tinkaton|69\/100|[from] item: Leftovers\n|upkeep\n|turn|5\n|\n|t:|1699977381\n|move|p1a: Tinkaton|Encore|p2a: Zapdos\n|-start|p2a: Zapdos|Encore\n|move|p2a: Zapdos|Discharge|p1a: Tinkaton\n|-damage|p1a: Tinkaton|34\/100\n|\n|-heal|p1a: Tinkaton|40\/100|[from] item: Leftovers\n|upkeep\n|turn|6\n|\n|t:|1699977391\n|move|p1a: Tinkaton|Thunder Wave|p2a: Zapdos\n|-immune|p2a: Zapdos\n|move|p2a: Zapdos|Discharge|p1a: Tinkaton\n|-damage|p1a: Tinkaton|4\/100\n|\n|-heal|p1a: Tinkaton|10\/100|[from] item: Leftovers\n|upkeep\n|turn|7\n|\n|t:|1699977400\n|switch|p1a: Great Tusk|Great Tusk|100\/100\n|move|p2a: Zapdos|Discharge|p1a: Great Tusk\n|-immune|p1a: Great Tusk\n|\n|-end|p2a: Zapdos|Encore\n|upkeep\n|turn|8\n|\n|t:|1699977409\n|move|p2a: Zapdos|Hurricane|p1a: Great Tusk\n|-supereffective|p1a: Great Tusk\n|-damage|p1a: Great Tusk|0 fnt\n|faint|p1a: Great Tusk\n|-end|p1a: Great Tusk|Protosynthesis|[silent]\n|\n|upkeep\n|\n|t:|1699977416\n|switch|p1a: Ribombee|Ribombee, M|100\/100\n|turn|9\n|\n|t:|1699977419\n|move|p1a: Ribombee|Moonblast|p2a: Zapdos\n|-damage|p2a: Zapdos|22\/100\n|-unboost|p2a: Zapdos|spa|1\n|move|p2a: Zapdos|Volt Switch|p1a: Ribombee\n|-damage|p1a: Ribombee|64\/100\n|\n|t:|1699977459\n|switch|p2a: Glimmora|Glimmora, F|100\/100|[from] Volt Switch\n|\n|upkeep\n|turn|10\n|inactive|Battle timer is ON: inactive players will automatically lose when time's up. (requested by Goumsaal)\n|\n|t:|1699977465\n|move|p1a: Ribombee|Stun Spore|p2a: Glimmora\n|-status|p2a: Glimmora|par\n|move|p2a: Glimmora|Mortal Spin|p1a: Ribombee\n|-supereffective|p1a: Ribombee\n|-damage|p1a: Ribombee|38\/100\n|\n|upkeep\n|turn|11\n|\n|t:|1699977474\n|move|p1a: Ribombee|Sticky Web|p2a: Glimmora\n|-sidestart|p2: taw|move: Sticky Web\n|cant|p2a: Glimmora|par\n|\n|upkeep\n|turn|12\n|\n|t:|1699977481\n|switch|p1a: Tinkaton|Tinkaton, F|10\/100\n|-ability|p1a: Tinkaton|Mold Breaker\n|move|p2a: Glimmora|Mortal Spin|p1a: Tinkaton\n|-immune|p1a: Tinkaton\n|\n|-heal|p1a: Tinkaton|16\/100|[from] item: Leftovers\n|upkeep\n|turn|13\n|\n|t:|1699977490\n|move|p1a: Tinkaton|Gigaton Hammer|p2a: Glimmora\n|-supereffective|p2a: Glimmora\n|-enditem|p2a: Glimmora|Focus Sash\n|-damage|p2a: Glimmora|1\/100 par\n|-activate|p2a: Glimmora|ability: Toxic Debris\n|-sidestart|p1: Goumsaal|move: Toxic Spikes\n|move|p2a: Glimmora|Earth Power|p1a: Tinkaton\n|-supereffective|p1a: Tinkaton\n|-damage|p1a: Tinkaton|0 fnt\n|faint|p1a: Tinkaton\n|\n|upkeep\n|\n|t:|1699977505\n|switch|p1a: Manaphy|Manaphy|100\/100\n|-status|p1a: Manaphy|psn\n|turn|14\n|\n|t:|1699977513\n|move|p1a: Manaphy|Surf|p2a: Glimmora\n|-supereffective|p2a: Glimmora\n|-damage|p2a: Glimmora|0 fnt\n|faint|p2a: Glimmora\n|\n|-damage|p1a: Manaphy|88\/100 psn|[from] psn\n|upkeep\n|\n|t:|1699977519\n|switch|p2a: Quaquaval|Quaquaval, M|100\/100\n|-activate|p2a: Quaquaval|move: Sticky Web\n|-unboost|p2a: Quaquaval|spe|1\n|turn|15\n|\n|t:|1699977524\n|-terastallize|p1a: Manaphy|Grass\n|move|p1a: Manaphy|Energy Ball|p2a: Quaquaval\n|-supereffective|p2a: Quaquaval\n|-damage|p2a: Quaquaval|30\/100\n|move|p2a: Quaquaval|Rapid Spin|p1a: Manaphy\n|-damage|p1a: Manaphy|72\/100 psn\n|-boost|p2a: Quaquaval|spe|1\n|-sideend|p2: taw|Sticky Web|[from] move: Rapid Spin|[of] p2a: Quaquaval\n|\n|-damage|p1a: Manaphy|59\/100 psn|[from] psn\n|upkeep\n|turn|16\n|\n|t:|1699977541\n|move|p1a: Manaphy|Energy Ball|p2a: Quaquaval\n|-supereffective|p2a: Quaquaval\n|-damage|p2a: Quaquaval|0 fnt\n|faint|p2a: Quaquaval\n|\n|-damage|p1a: Manaphy|47\/100 psn|[from] psn\n|upkeep\n|\n|t:|1699977548\n|switch|p2a: Dragapult|Dragapult, M|100\/100\n|turn|17\n|\n|t:|1699977552\n|move|p2a: Dragapult|Hex|p1a: Manaphy\n|-damage|p1a: Manaphy|0 fnt\n|faint|p1a: Manaphy\n|\n|upkeep\n|\n|t:|1699977559\n|switch|p1a: Iron Valiant|Iron Valiant|100\/100\n|-status|p1a: Iron Valiant|psn\n|-enditem|p1a: Iron Valiant|Booster Energy\n|-activate|p1a: Iron Valiant|ability: Quark Drive|[fromitem]\n|-start|p1a: Iron Valiant|quarkdrivespe\n|turn|18\n|\n|t:|1699977570\n|-terastallize|p2a: Dragapult|Ghost\n|move|p2a: Dragapult|Hex|p1a: Iron Valiant\n|-damage|p1a: Iron Valiant|0 fnt\n|faint|p1a: Iron Valiant\n|-end|p1a: Iron Valiant|Quark Drive|[silent]\n|\n|upkeep\n|\n|t:|1699977584\n|switch|p1a: Ribombee|Ribombee, M|38\/100\n|-status|p1a: Ribombee|psn\n|turn|19\n|\n|t:|1699977589\n|move|p2a: Dragapult|Hex|p1a: Ribombee\n|-damage|p1a: Ribombee|0 fnt\n|faint|p1a: Ribombee\n|\n|upkeep\n|\n|t:|1699977598\n|switch|p1a: Dragapult|Dragapult, M|100\/100\n|-status|p1a: Dragapult|psn\n|turn|20\n|\n|t:|1699977604\n|move|p2a: Dragapult|Hex|p1a: Dragapult\n|-supereffective|p1a: Dragapult\n|-damage|p1a: Dragapult|0 fnt\n|faint|p1a: Dragapult\n|\n|win|taw\n|raw|Goumsaal's rating: 1500 &rarr; <strong>1483<\/strong><br \/>(-17 for losing)\n|raw|taw's rating: 1551 &rarr; <strong>1568<\/strong><br \/>(+17 for winning)\n|l|\u2606Goumsaal\n","uploadtime":1699977612,"views":5,"p1id":"goumsaal","p2id":"taw","formatid":"gen9ou","rating":1483,"private":0,"password":""}