{"id":"gen9ou-1991797937","p1":"alienginsberg","p2":"wyverbal","format":"[Gen 9] OU","log":"|j|\u2606alienginsberg\n|j|\u2606wyverbal\n|t:|1700119288\n|gametype|singles\n|player|p1|alienginsberg|169|1122\n|player|p2|wyverbal|169|1067\n|teamsize|p1|6\n|teamsize|p2|6\n|gen|9\n|tier|[Gen 9] OU\n|rated|\n|rule|Sleep Clause Mod: Limit one foe put to sleep\n|rule|Species Clause: Limit one of each Pok\u00e9mon\n|rule|OHKO Clause: OHKO moves are banned\n|rule|Evasion Items Clause: Evasion items are banned\n|rule|Evasion Moves Clause: Evasion moves are banned\n|rule|Endless Battle Clause: Forcing endless battles is banned\n|rule|HP Percentage Mod: HP is shown in percentages\n|clearpoke\n|poke|p1|Enamorus-Therian, F|\n|poke|p1|Spiritomb, F|\n|poke|p1|Ursaluna, M|\n|poke|p1|Great Tusk|\n|poke|p1|Hatterene, F|\n|poke|p1|Glastrier|\n|poke|p2|Armarouge, M|\n|poke|p2|Revavroom, M|\n|poke|p2|Veluza, M|\n|poke|p2|Chesnaught, F|\n|poke|p2|Vaporeon, M|\n|poke|p2|Scizor, F|\n|teampreview\n|inactive|Battle timer is ON: inactive players will automatically lose when time's up. (requested by wyverbal)\n|inactive|alienginsberg has 120 seconds left.\n|\n|t:|1700119333\n|start\n|switch|p1a: Spiritomb|Spiritomb, F|100\/100\n|switch|p2a: Veluza|Veluza, M, shiny|100\/100\n|-ability|p2a: Veluza|Mold Breaker\n|turn|1\n|\n|t:|1700119356\n|move|p2a: Veluza|Flip Turn|p1a: Spiritomb\n|-damage|p1a: Spiritomb|76\/100\n|\n|t:|1700119365\n|switch|p2a: Armarouge|Armarouge, M, shiny|100\/100|[from] Flip Turn\n|move|p1a: Spiritomb|Trick Room|p1a: Spiritomb\n|-fieldstart|move: Trick Room|[of] p1a: Spiritomb\n|\n|upkeep\n|turn|2\n|\n|t:|1700119376\n|move|p1a: Spiritomb|Dark Pulse|p2a: Armarouge\n|-supereffective|p2a: Armarouge\n|-damage|p2a: Armarouge|25\/100\n|move|p2a: Armarouge|Armor Cannon|p1a: Spiritomb\n|-damage|p1a: Spiritomb|10\/100\n|-unboost|p2a: Armarouge|def|1\n|-unboost|p2a: Armarouge|spd|1\n|\n|upkeep\n|turn|3\n|\n|t:|1700119384\n|move|p1a: Spiritomb|Dark Pulse|p2a: Armarouge\n|-supereffective|p2a: Armarouge\n|-crit|p2a: Armarouge\n|-damage|p2a: Armarouge|0 fnt\n|faint|p2a: Armarouge\n|\n|upkeep\n|\n|t:|1700119388\n|switch|p2a: Scizor|Scizor, F, shiny|100\/100\n|turn|4\n|\n|t:|1700119394\n|switch|p1a: Great Tusk|Great Tusk|100\/100\n|-enditem|p1a: Great Tusk|Booster Energy\n|-activate|p1a: Great Tusk|ability: Protosynthesis|[fromitem]\n|-start|p1a: Great Tusk|protosynthesisatk\n|move|p2a: Scizor|Swords Dance|p2a: Scizor\n|-boost|p2a: Scizor|atk|2\n|\n|upkeep\n|turn|5\n|\n|t:|1700119407\n|move|p2a: Scizor|Bullet Punch|p1a: Great Tusk\n|-damage|p1a: Great Tusk|54\/100\n|move|p1a: Great Tusk|Headlong Rush|p2a: Scizor\n|-damage|p2a: Scizor|12\/100\n|-unboost|p1a: Great Tusk|def|1\n|-unboost|p1a: Great Tusk|spd|1\n|-enditem|p2a: Scizor|Sitrus Berry|[eat]\n|-heal|p2a: Scizor|37\/100|[from] item: Sitrus Berry\n|\n|-fieldend|move: Trick Room\n|upkeep\n|turn|6\n|\n|t:|1700119419\n|move|p2a: Scizor|Bullet Punch|p1a: Great Tusk\n|-damage|p1a: Great Tusk|0 fnt\n|faint|p1a: Great Tusk\n|-end|p1a: Great Tusk|Protosynthesis|[silent]\n|\n|upkeep\n|\n|t:|1700119433\n|switch|p1a: Glastrier|Glastrier|100\/100\n|turn|7\n|\n|t:|1700119437\n|-terastallize|p1a: Glastrier|Electric\n|move|p2a: Scizor|Bullet Punch|p1a: Glastrier\n|-resisted|p1a: Glastrier\n|-damage|p1a: Glastrier|77\/100\n|move|p1a: Glastrier|Tera Blast|p2a: Scizor|[anim] Tera Blast Electric\n|-damage|p2a: Scizor|0 fnt\n|faint|p2a: Scizor\n|-ability|p1a: Glastrier|Chilling Neigh|boost\n|-boost|p1a: Glastrier|atk|1\n|\n|upkeep\n|\n|t:|1700119449\n|switch|p2a: Revavroom|Revavroom, M, shiny|100\/100\n|-item|p2a: Revavroom|Air Balloon\n|turn|8\n|\n|t:|1700119464\n|-terastallize|p2a: Revavroom|Ground\n|move|p2a: Revavroom|Shift Gear|p2a: Revavroom\n|-boost|p2a: Revavroom|spe|2\n|-boost|p2a: Revavroom|atk|1\n|move|p1a: Glastrier|Tera Blast|p2a: Revavroom|[anim] Tera Blast Electric\n|-immune|p2a: Revavroom\n|\n|upkeep\n|turn|9\n|\n|t:|1700119471\n|move|p2a: Revavroom|High Horsepower|p1a: Glastrier\n|-supereffective|p1a: Glastrier\n|-damage|p1a: Glastrier|0 fnt\n|faint|p1a: Glastrier\n|\n|upkeep\n|\n|t:|1700119487\n|switch|p1a: Enamorus|Enamorus-Therian, F|100\/100\n|turn|10\n|l|\u2606wyverbal\n|inactive|wyverbal disconnected and has a minute to reconnect!\n|player|p2|\n|inactive|wyverbal has 30 seconds to reconnect!\n|inactive|wyverbal has 20 seconds to reconnect!\n|inactive|wyverbal has 15 seconds to reconnect!\n|j|\u2606wyverbal\n|inactive|wyverbal reconnected and has 80 seconds left.\n|player|p2|wyverbal|169\n|\n|t:|1700119563\n|move|p2a: Revavroom|Iron Head|p1a: Enamorus\n|-supereffective|p1a: Enamorus\n|-damage|p1a: Enamorus|0 fnt\n|faint|p1a: Enamorus\n|\n|upkeep\n|-message|alienginsberg forfeited.\n|\n|win|wyverbal\n|raw|alienginsberg's rating: 1122 &rarr; <strong>1093<\/strong><br \/>(-29 for losing)\n|raw|wyverbal's rating: 1067 &rarr; <strong>1102<\/strong><br \/>(+35 for winning)\n|l|\u2606alienginsberg\n","uploadtime":1700119587,"views":8,"p1id":"alienginsberg","p2id":"wyverbal","formatid":"gen9ou","rating":1093,"private":0,"password":""}