{"id":"gen9ou-1990507539","p1":"bello figo burger","p2":"Solution 77","format":"[Gen 9] OU","log":"|j|\u2606bello figo burger\n|j|\u2606Solution 77\n|t:|1699977158\n|gametype|singles\n|player|p1|bello figo burger|buck|1203\n|player|p2|Solution 77|flannery|1117\n|teamsize|p1|6\n|teamsize|p2|6\n|gen|9\n|tier|[Gen 9] OU\n|rated|\n|rule|Sleep Clause Mod: Limit one foe put to sleep\n|rule|Species Clause: Limit one of each Pok\u00e9mon\n|rule|OHKO Clause: OHKO moves are banned\n|rule|Evasion Items Clause: Evasion items are banned\n|rule|Evasion Moves Clause: Evasion moves are banned\n|rule|Endless Battle Clause: Forcing endless battles is banned\n|rule|HP Percentage Mod: HP is shown in percentages\n|clearpoke\n|poke|p1|Empoleon, F|\n|poke|p1|Weavile, F|\n|poke|p1|Dragapult, M|\n|poke|p1|Rillaboom, F|\n|poke|p1|Corviknight, F|\n|poke|p1|Thundurus-Therian, M|\n|poke|p2|Manaphy|\n|poke|p2|Okidogi, M|\n|poke|p2|Zoroark-Hisui, F|\n|poke|p2|Arcanine-Hisui, F|\n|poke|p2|Ambipom, F|\n|poke|p2|Glimmora, M|\n|teampreview\n|\n|t:|1699977168\n|start\n|switch|p1a: Thundurus|Thundurus-Therian, M|100\/100\n|switch|p2a: Ambipom|Ambipom, F|100\/100\n|turn|1\n|\n|t:|1699977177\n|switch|p1a: Dragapult|Dragapult, M|100\/100\n|move|p2a: Ambipom|Bitter Malice|p1a: Dragapult\n|-supereffective|p1a: Dragapult\n|-damage|p1a: Dragapult|0 fnt\n|faint|p1a: Dragapult\n|\n|upkeep\n|\n|t:|1699977187\n|switch|p1a: Thundurus|Thundurus-Therian, M|100\/100\n|turn|2\n|\n|t:|1699977190\n|move|p2a: Ambipom|Bitter Malice|p1a: Thundurus\n|-damage|p1a: Thundurus|49\/100\n|-unboost|p1a: Thundurus|atk|1\n|move|p1a: Thundurus|Thunderbolt|p2a: Ambipom\n|-damage|p2a: Ambipom|0 fnt\n|replace|p2a: Zoroark|Zoroark-Hisui, F\n|-end|p2a: Zoroark|Illusion\n|faint|p2a: Zoroark\n|\n|upkeep\n|\n|t:|1699977204\n|switch|p2a: Ambipom|Ambipom, F|100\/100\n|turn|3\n|\n|t:|1699977211\n|switch|p1a: Corviknight|Corviknight, F|100\/100\n|move|p2a: Ambipom|Fake Out|p1a: Corviknight\n|-resisted|p1a: Corviknight\n|-damage|p1a: Corviknight|91\/100\n|-damage|p2a: Ambipom|84\/100|[from] item: Rocky Helmet|[of] p1a: Corviknight\n|\n|upkeep\n|turn|4\n|\n|t:|1699977220\n|move|p2a: Ambipom|Knock Off|p1a: Corviknight\n|-damage|p1a: Corviknight|76\/100\n|-damage|p2a: Ambipom|68\/100|[from] item: Rocky Helmet|[of] p1a: Corviknight\n|-enditem|p1a: Corviknight|Rocky Helmet|[from] move: Knock Off|[of] p2a: Ambipom\n|move|p1a: Corviknight|U-turn|p2a: Ambipom\n|-damage|p2a: Ambipom|43\/100\n|\n|t:|1699977227\n|switch|p1a: Weavile|Weavile, F|100\/100|[from] U-turn\n|-ability|p1a: Weavile|Pressure\n|\n|upkeep\n|turn|5\n|\n|t:|1699977235\n|switch|p2a: Okidogi|Okidogi, M|100\/100\n|move|p1a: Weavile|Knock Off|p2a: Okidogi\n|-resisted|p2a: Okidogi\n|-damage|p2a: Okidogi|81\/100\n|-enditem|p2a: Okidogi|Aguav Berry|[from] move: Knock Off|[of] p1a: Weavile\n|\n|upkeep\n|turn|6\n|\n|t:|1699977244\n|switch|p1a: Corviknight|Corviknight, F|76\/100\n|move|p2a: Okidogi|Drain Punch|p1a: Corviknight\n|-damage|p1a: Corviknight|51\/100\n|-heal|p2a: Okidogi|96\/100|[from] drain|[of] p1a: Corviknight\n|\n|upkeep\n|turn|7\n|\n|t:|1699977257\n|move|p2a: Okidogi|Bulk Up|p2a: Okidogi\n|-boost|p2a: Okidogi|atk|1\n|-boost|p2a: Okidogi|def|1\n|move|p1a: Corviknight|Roost|p1a: Corviknight\n|-heal|p1a: Corviknight|100\/100\n|-singleturn|p1a: Corviknight|move: Roost\n|\n|upkeep\n|turn|8\n|\n|t:|1699977265\n|move|p2a: Okidogi|Bulk Up|p2a: Okidogi\n|-boost|p2a: Okidogi|atk|1\n|-boost|p2a: Okidogi|def|1\n|move|p1a: Corviknight|Brave Bird|p2a: Okidogi\n|-supereffective|p2a: Okidogi\n|-damage|p2a: Okidogi|67\/100\n|-damage|p1a: Corviknight|93\/100|[from] Recoil\n|\n|upkeep\n|turn|9\n|\n|t:|1699977273\n|move|p2a: Okidogi|Drain Punch|p1a: Corviknight\n|-damage|p1a: Corviknight|41\/100\n|-heal|p2a: Okidogi|99\/100|[from] drain|[of] p1a: Corviknight\n|move|p1a: Corviknight|Brave Bird|p2a: Okidogi\n|-supereffective|p2a: Okidogi\n|-damage|p2a: Okidogi|69\/100\n|-damage|p1a: Corviknight|33\/100|[from] Recoil\n|\n|upkeep\n|turn|10\n|\n|t:|1699977283\n|move|p2a: Okidogi|Drain Punch|p1a: Corviknight\n|-damage|p1a: Corviknight|0 fnt\n|-heal|p2a: Okidogi|89\/100|[from] drain|[of] p1a: Corviknight\n|faint|p1a: Corviknight\n|\n|upkeep\n|\n|t:|1699977287\n|switch|p1a: Thundurus|Thundurus-Therian, M|49\/100\n|turn|11\n|\n|t:|1699977297\n|-terastallize|p1a: Thundurus|Flying\n|move|p1a: Thundurus|Tera Blast|p2a: Okidogi|[anim] Tera Blast Flying\n|-supereffective|p2a: Okidogi\n|-damage|p2a: Okidogi|0 fnt\n|faint|p2a: Okidogi\n|\n|upkeep\n|\n|t:|1699977307\n|switch|p2a: Ambipom|Ambipom, F|43\/100\n|turn|12\n|\n|t:|1699977314\n|switch|p1a: Empoleon|Empoleon, F|100\/100\n|move|p2a: Ambipom|Fake Out|p1a: Empoleon\n|-resisted|p1a: Empoleon\n|-damage|p1a: Empoleon|84\/100\n|\n|-heal|p1a: Empoleon|91\/100|[from] item: Leftovers\n|upkeep\n|turn|13\n|\n|t:|1699977324\n|move|p2a: Ambipom|Knock Off|p1a: Empoleon\n|-damage|p1a: Empoleon|64\/100\n|-enditem|p1a: Empoleon|Leftovers|[from] move: Knock Off|[of] p2a: Ambipom\n|move|p1a: Empoleon|Yawn|p2a: Ambipom\n|-start|p2a: Ambipom|move: Yawn|[of] p1a: Empoleon\n|\n|upkeep\n|turn|14\n|\n|t:|1699977333\n|switch|p2a: Arcanine|Arcanine-Hisui, F|100\/100\n|switch|p1a: Weavile|Weavile, F|100\/100\n|-ability|p1a: Weavile|Pressure\n|\n|upkeep\n|turn|15\n|\n|t:|1699977341\n|-terastallize|p2a: Arcanine|Fire\n|move|p1a: Weavile|Knock Off|p2a: Arcanine\n|-damage|p2a: Arcanine|36\/100\n|-enditem|p2a: Arcanine|Choice Band|[from] move: Knock Off|[of] p1a: Weavile\n|move|p2a: Arcanine|Flare Blitz|p1a: Weavile\n|-supereffective|p1a: Weavile\n|-crit|p1a: Weavile\n|-damage|p1a: Weavile|0 fnt\n|faint|p1a: Weavile\n|\n|upkeep\n|\n|t:|1699977351\n|switch|p1a: Thundurus|Thundurus-Therian, M, tera:Flying|49\/100\n|turn|16\n|\n|t:|1699977358\n|switch|p2a: Glimmora|Glimmora, M|100\/100\n|move|p1a: Thundurus|Tera Blast|p2a: Glimmora|[anim] Tera Blast Flying\n|-resisted|p2a: Glimmora\n|-damage|p2a: Glimmora|44\/100\n|\n|upkeep\n|turn|17\n|\n|t:|1699977367\n|move|p1a: Thundurus|Tera Blast|p2a: Glimmora|[anim] Tera Blast Flying\n|-resisted|p2a: Glimmora\n|-damage|p2a: Glimmora|0 fnt\n|faint|p2a: Glimmora\n|\n|upkeep\n|\n|t:|1699977374\n|switch|p2a: Manaphy|Manaphy|100\/100\n|turn|18\n|\n|t:|1699977384\n|move|p1a: Thundurus|Tera Blast|p2a: Manaphy|[anim] Tera Blast Flying\n|-damage|p2a: Manaphy|36\/100\n|move|p2a: Manaphy|Tera Blast|p1a: Thundurus\n|-damage|p1a: Thundurus|19\/100\n|\n|-heal|p2a: Manaphy|42\/100|[from] item: Leftovers\n|upkeep\n|turn|19\n|\n|t:|1699977394\n|move|p1a: Thundurus|Tera Blast|p2a: Manaphy|[anim] Tera Blast Flying\n|-damage|p2a: Manaphy|0 fnt\n|faint|p2a: Manaphy\n|\n|upkeep\n|\n|t:|1699977399\n|switch|p2a: Ambipom|Ambipom, F|43\/100\n|turn|20\n|l|\u2606Solution 77\n|player|p2|\n|j|\u2606Solution 77\n|player|p2|Solution 77|flannery\n|\n|t:|1699977414\n|switch|p1a: Empoleon|Empoleon, F|64\/100\n|move|p2a: Ambipom|Double Hit|p1a: Empoleon\n|-resisted|p1a: Empoleon\n|-damage|p1a: Empoleon|50\/100\n|-resisted|p1a: Empoleon\n|-damage|p1a: Empoleon|36\/100\n|-hitcount|p1a: Empoleon|2\n|\n|upkeep\n|turn|21\n|\n|t:|1699977428\n|move|p2a: Ambipom|Double Hit|p1a: Empoleon|[miss]\n|-miss|p2a: Ambipom|p1a: Empoleon\n|move|p1a: Empoleon|Surf|p2a: Ambipom\n|-damage|p2a: Ambipom|0 fnt\n|faint|p2a: Ambipom\n|\n|upkeep\n|\n|t:|1699977435\n|switch|p2a: Arcanine|Arcanine-Hisui, F, tera:Fire|36\/100\n|turn|22\n|\n|t:|1699977438\n|move|p2a: Arcanine|Flare Blitz|p1a: Empoleon\n|-damage|p1a: Empoleon|0 fnt\n|faint|p1a: Empoleon\n|\n|upkeep\n|\n|t:|1699977441\n|switch|p1a: Rillaboom|Rillaboom, F|100\/100\n|-fieldstart|move: Grassy Terrain|[from] ability: Grassy Surge|[of] p1a: Rillaboom\n|turn|23\n|\n|t:|1699977448\n|move|p1a: Rillaboom|Grassy Glide|p2a: Arcanine\n|-resisted|p2a: Arcanine\n|-damage|p2a: Arcanine|5\/100\n|move|p2a: Arcanine|Flare Blitz|p1a: Rillaboom\n|-supereffective|p1a: Rillaboom\n|-damage|p1a: Rillaboom|0 fnt\n|faint|p1a: Rillaboom\n|\n|-heal|p2a: Arcanine|11\/100|[from] Grassy Terrain\n|upkeep\n|\n|t:|1699977453\n|switch|p1a: Thundurus|Thundurus-Therian, M, tera:Flying|19\/100\n|turn|24\n|\n|t:|1699977460\n|move|p2a: Arcanine|Extreme Speed|p1a: Thundurus\n|-damage|p1a: Thundurus|0 fnt\n|faint|p1a: Thundurus\n|\n|win|Solution 77\n|raw|bello figo burger's rating: 1203 &rarr; <strong>1172<\/strong><br \/>(-31 for losing)\n|raw|Solution 77's rating: 1117 &rarr; <strong>1148<\/strong><br \/>(+31 for winning)\n|l|\u2606bello figo burger\n","uploadtime":1699977468,"views":5,"p1id":"bellofigoburger","p2id":"solution77","formatid":"gen9ou","rating":1148,"private":0,"password":""}