{"id":"gen9ou-1993148089","p1":"z0mbiej0sh","p2":"VanhominTesting","format":"[Gen 9] OU","log":"|j|\u2606z0mbiej0sh\n|j|\u2606VanhominTesting\n|t:|1700270560\n|gametype|singles\n|player|p1|z0mbiej0sh|2|1059\n|player|p2|VanhominTesting|scientist-gen4|1000\n|teamsize|p1|6\n|teamsize|p2|6\n|gen|9\n|tier|[Gen 9] OU\n|rated|\n|rule|Sleep Clause Mod: Limit one foe put to sleep\n|rule|Species Clause: Limit one of each Pok\u00e9mon\n|rule|OHKO Clause: OHKO moves are banned\n|rule|Evasion Items Clause: Evasion items are banned\n|rule|Evasion Moves Clause: Evasion moves are banned\n|rule|Endless Battle Clause: Forcing endless battles is banned\n|rule|HP Percentage Mod: HP is shown in percentages\n|clearpoke\n|poke|p1|Gyarados, M|\n|poke|p1|Garchomp, M|\n|poke|p1|Spidops, M|\n|poke|p1|Cloyster, M|\n|poke|p1|Glimmora, M|\n|poke|p1|Heatran, M|\n|poke|p2|Ninetales-Alola, F|\n|poke|p2|Zapdos|\n|poke|p2|Garganacl, M|\n|poke|p2|Ursaluna, M|\n|poke|p2|Toxapex, F|\n|poke|p2|Ditto|\n|teampreview\n|\n|t:|1700270583\n|start\n|switch|p1a: Heatran|Heatran, M|100\/100\n|switch|p2a: Ninetales|Ninetales-Alola, F|100\/100\n|-weather|Snow|[from] ability: Snow Warning|[of] p2a: Ninetales\n|turn|1\n|inactive|Battle timer is ON: inactive players will automatically lose when time's up. (requested by z0mbiej0sh)\n|\n|t:|1700270591\n|move|p2a: Ninetales|Aurora Veil|p2a: Ninetales\n|-sidestart|p2: VanhominTesting|move: Aurora Veil\n|move|p1a: Heatran|Magma Storm|p2a: Ninetales|[miss]\n|-miss|p1a: Heatran|p2a: Ninetales\n|\n|-weather|Snow|[upkeep]\n|upkeep\n|turn|2\n|\n|t:|1700270605\n|switch|p2a: Catalyst|Garganacl, M|100\/100\n|move|p1a: Heatran|Magma Storm|p2a: Catalyst\n|-resisted|p2a: Catalyst\n|-damage|p2a: Catalyst|91\/100\n|-activate|p2a: Catalyst|move: Magma Storm|[of] p1a: Heatran\n|\n|-weather|Snow|[upkeep]\n|-heal|p2a: Catalyst|97\/100|[from] item: Leftovers\n|-damage|p2a: Catalyst|84\/100|[from] move: Magma Storm|[partiallytrapped]\n|upkeep\n|turn|3\n|\n|t:|1700270615\n|move|p1a: Heatran|Protect|p1a: Heatran\n|-singleturn|p1a: Heatran|Protect\n|move|p2a: Catalyst|Salt Cure|p1a: Heatran\n|-activate|p1a: Heatran|move: Protect\n|\n|-weather|Snow|[upkeep]\n|-heal|p2a: Catalyst|91\/100|[from] item: Leftovers\n|-damage|p2a: Catalyst|78\/100|[from] move: Magma Storm|[partiallytrapped]\n|upkeep\n|turn|4\n|\n|t:|1700270643\n|switch|p1a: Glimmora|Glimmora, M|100\/100\n|move|p2a: Catalyst|Salt Cure|p1a: Glimmora\n|-damage|p1a: Glimmora|84\/100\n|-start|p1a: Glimmora|Salt Cure\n|-activate|p1a: Glimmora|ability: Toxic Debris\n|-sidestart|p2: VanhominTesting|move: Toxic Spikes\n|\n|-weather|Snow|[upkeep]\n|-heal|p2a: Catalyst|84\/100|[from] item: Leftovers\n|-damage|p1a: Glimmora|71\/100|[from] Salt Cure\n|-end|p2a: Catalyst|Magma Storm|[partiallytrapped]|[silent]\n|upkeep\n|turn|5\n|\n|t:|1700270655\n|move|p1a: Glimmora|Energy Ball|p2a: Catalyst\n|-supereffective|p2a: Catalyst\n|-damage|p2a: Catalyst|58\/100\n|move|p2a: Catalyst|Curse|p2a: Catalyst\n|-unboost|p2a: Catalyst|spe|1\n|-boost|p2a: Catalyst|atk|1\n|-boost|p2a: Catalyst|def|1\n|\n|-weather|none\n|-heal|p2a: Catalyst|64\/100|[from] item: Leftovers\n|-damage|p1a: Glimmora|59\/100|[from] Salt Cure\n|upkeep\n|turn|6\n|inactive|VanhominTesting has 120 seconds left.\n|\n|t:|1700270691\n|move|p1a: Glimmora|Stealth Rock|p2a: Catalyst\n|-sidestart|p2: VanhominTesting|move: Stealth Rock\n|move|p2a: Catalyst|Recover|p2a: Catalyst\n|-heal|p2a: Catalyst|100\/100\n|\n|-damage|p1a: Glimmora|46\/100|[from] Salt Cure\n|upkeep\n|turn|7\n|\n|t:|1700270699\n|move|p1a: Glimmora|Earth Power|p2a: Catalyst\n|-supereffective|p2a: Catalyst\n|-damage|p2a: Catalyst|69\/100\n|move|p2a: Catalyst|Curse|p2a: Catalyst\n|-unboost|p2a: Catalyst|spe|1\n|-boost|p2a: Catalyst|atk|1\n|-boost|p2a: Catalyst|def|1\n|\n|-heal|p2a: Catalyst|75\/100|[from] item: Leftovers\n|-damage|p1a: Glimmora|34\/100|[from] Salt Cure\n|upkeep\n|turn|8\n|\n|t:|1700270709\n|move|p1a: Glimmora|Energy Ball|p2a: Catalyst\n|-supereffective|p2a: Catalyst\n|-damage|p2a: Catalyst|46\/100\n|move|p2a: Catalyst|Salt Cure|p1a: Glimmora\n|-damage|p1a: Glimmora|0 fnt\n|-activate|p1a: Glimmora|ability: Toxic Debris\n|-sidestart|p2: VanhominTesting|move: Toxic Spikes\n|faint|p1a: Glimmora\n|\n|-heal|p2a: Catalyst|52\/100|[from] item: Leftovers\n|-sideend|p2: VanhominTesting|move: Aurora Veil\n|upkeep\n|\n|t:|1700270725\n|switch|p1a: Heatran|Heatran, M|100\/100\n|turn|9\n|\n|t:|1700270745\n|-terastallize|p2a: Catalyst|Ghost\n|move|p1a: Heatran|Earth Power|p2a: Catalyst\n|-damage|p2a: Catalyst|27\/100\n|move|p2a: Catalyst|Salt Cure|p1a: Heatran\n|-damage|p1a: Heatran|76\/100\n|-start|p1a: Heatran|Salt Cure\n|\n|-heal|p1a: Heatran|82\/100|[from] item: Leftovers\n|-heal|p2a: Catalyst|33\/100|[from] item: Leftovers\n|-damage|p1a: Heatran|57\/100|[from] Salt Cure\n|upkeep\n|turn|10\n|\n|t:|1700270757\n|move|p1a: Heatran|Magma Storm|p2a: Catalyst|[miss]\n|-miss|p1a: Heatran|p2a: Catalyst\n|move|p2a: Catalyst|Recover|p2a: Catalyst\n|-heal|p2a: Catalyst|83\/100\n|\n|-heal|p1a: Heatran|64\/100|[from] item: Leftovers\n|-heal|p2a: Catalyst|90\/100|[from] item: Leftovers\n|-damage|p1a: Heatran|39\/100|[from] Salt Cure\n|upkeep\n|turn|11\n|c|\u2606z0mbiej0sh|So lucky\n|\n|t:|1700270779\n|switch|p1a: Garchomp|Garchomp, M|100\/100\n|move|p2a: Catalyst|Salt Cure|p1a: Garchomp\n|-resisted|p1a: Garchomp\n|-damage|p1a: Garchomp|89\/100\n|-start|p1a: Garchomp|Salt Cure\n|\n|-heal|p2a: Catalyst|96\/100|[from] item: Leftovers\n|-damage|p1a: Garchomp|77\/100|[from] Salt Cure\n|upkeep\n|turn|12\n|\n|t:|1700270789\n|move|p1a: Garchomp|Spikes|p2a: Catalyst\n|-sidestart|p2: VanhominTesting|Spikes\n|move|p2a: Catalyst|Curse|p1a: Garchomp\n|-start|p1a: Garchomp|Curse|[of] p2a: Catalyst\n|-damage|p2a: Catalyst|46\/100\n|\n|-heal|p2a: Catalyst|52\/100|[from] item: Leftovers\n|-damage|p1a: Garchomp|52\/100|[from] Curse\n|-damage|p1a: Garchomp|39\/100|[from] Salt Cure\n|upkeep\n|turn|13\n|\n|t:|1700270800\n|move|p1a: Garchomp|Outrage|p2a: Catalyst\n|-damage|p2a: Catalyst|39\/100\n|move|p2a: Catalyst|Recover|p2a: Catalyst\n|-heal|p2a: Catalyst|89\/100\n|\n|-heal|p2a: Catalyst|95\/100|[from] item: Leftovers\n|-damage|p1a: Garchomp|14\/100|[from] Curse\n|-damage|p1a: Garchomp|2\/100|[from] Salt Cure\n|upkeep\n|turn|14\n|\n|t:|1700270810\n|move|p1a: Garchomp|Outrage|p2a: Catalyst|[from]lockedmove\n|-damage|p2a: Catalyst|83\/100\n|move|p2a: Catalyst|Recover|p2a: Catalyst\n|-heal|p2a: Catalyst|100\/100\n|\n|-damage|p1a: Garchomp|0 fnt|[from] Curse\n|faint|p1a: Garchomp\n|upkeep\n|\n|t:|1700270821\n|switch|p1a: Spidops|Spidops, M|100\/100\n|turn|15\n|\n|t:|1700270825\n|move|p2a: Catalyst|Salt Cure|p1a: Spidops\n|-supereffective|p1a: Spidops\n|-damage|p1a: Spidops|41\/100\n|-start|p1a: Spidops|Salt Cure\n|move|p1a: Spidops|Circle Throw|p2a: Catalyst\n|-immune|p2a: Catalyst\n|\n|-damage|p1a: Spidops|29\/100|[from] Salt Cure\n|upkeep\n|turn|16\n|\n|t:|1700270834\n|move|p1a: Spidops|Sticky Web|p2a: Catalyst\n|-sidestart|p2: VanhominTesting|move: Sticky Web\n|move|p2a: Catalyst|Salt Cure|p1a: Spidops\n|-supereffective|p1a: Spidops\n|-damage|p1a: Spidops|0 fnt\n|faint|p1a: Spidops\n|\n|upkeep\n|\n|t:|1700270846\n|switch|p1a: Gyarados|Gyarados, M|100\/100\n|turn|17\n|\n|t:|1700270849\n|move|p1a: Gyarados|Waterfall|p2a: Catalyst\n|-damage|p2a: Catalyst|89\/100\n|move|p2a: Catalyst|Salt Cure|p1a: Gyarados\n|-supereffective|p1a: Gyarados\n|-damage|p1a: Gyarados|36\/100\n|-start|p1a: Gyarados|Salt Cure\n|\n|-heal|p2a: Catalyst|95\/100|[from] item: Leftovers\n|-damage|p1a: Gyarados|12\/100|[from] Salt Cure\n|upkeep\n|turn|18\n|-message|z0mbiej0sh forfeited.\n|\n|win|VanhominTesting\n|raw|z0mbiej0sh's rating: 1059 &rarr; <strong>1037<\/strong><br \/>(-22 for losing)\n|raw|VanhominTesting's rating: 1000 &rarr; <strong>1047<\/strong><br \/>(+47 for winning)\n|l|\u2606z0mbiej0sh\n|n|\u2606VanhominTesting|vanhomintesting\n","uploadtime":1700270878,"views":21,"p1id":"z0mbiej0sh","p2id":"vanhomintesting","formatid":"gen9ou","rating":1037,"private":0,"password":""}