{"id":"gen9ou-2000445897","p1":"JabobFrog2","p2":"Pfunk Power","format":"[Gen 9] OU","log":"|j|\u2606JabobFrog2\n|j|\u203dPfunk Power\n|t:|1701195477\n|gametype|singles\n|player|p1|JabobFrog2|blackbelt|1217\n|player|p2|Pfunk Power|unknown|1137\n|teamsize|p1|6\n|teamsize|p2|6\n|gen|9\n|tier|[Gen 9] OU\n|rated|\n|rule|Sleep Clause Mod: Limit one foe put to sleep\n|rule|Species Clause: Limit one of each Pok\u00e9mon\n|rule|OHKO Clause: OHKO moves are banned\n|rule|Evasion Items Clause: Evasion items are banned\n|rule|Evasion Moves Clause: Evasion moves are banned\n|rule|Endless Battle Clause: Forcing endless battles is banned\n|rule|HP Percentage Mod: HP is shown in percentages\n|clearpoke\n|poke|p1|Zamazenta-*|\n|poke|p1|Toxapex, F|\n|poke|p1|Slowking-Galar, F|\n|poke|p1|Great Tusk|\n|poke|p1|Ting-Lu|\n|poke|p1|Rotom-Wash|\n|poke|p2|Rillaboom, F|\n|poke|p2|Walking Wake|\n|poke|p2|Magnezone|\n|poke|p2|Heatran, F|\n|poke|p2|Cinderace, M|\n|poke|p2|Dragapult, F|\n|teampreview\n|\n|t:|1701195487\n|start\n|switch|p1a: Rotom|Rotom-Wash|100\/100\n|switch|p2a: Walking Wake|Walking Wake|100\/100\n|turn|1\n|\n|t:|1701195510\n|move|p1a: Rotom|Volt Switch|p2a: Walking Wake\n|-damage|p2a: Walking Wake|74\/100\n|\n|t:|1701195513\n|switch|p1a: Toxapex|Toxapex, F, shiny|100\/100|[from] Volt Switch\n|move|p2a: Walking Wake|Draco Meteor|p1a: Toxapex\n|-crit|p1a: Toxapex\n|-damage|p1a: Toxapex|41\/100\n|-unboost|p2a: Walking Wake|spa|2\n|\n|upkeep\n|turn|2\n|\n|t:|1701195524\n|-end|p2a: Walking Wake|Protosynthesis|[silent]\n|switch|p2a: Magnezone|Magnezone|100\/100\n|switch|p1a: Slowking|Slowking-Galar, F|100\/100\n|\n|upkeep\n|turn|3\n|\n|t:|1701195550\n|move|p2a: Magnezone|Volt Switch|p1a: Slowking\n|-damage|p1a: Slowking|65\/100\n|\n|t:|1701195561\n|switch|p2a: Heatran|Heatran, F|100\/100|[from] Volt Switch\n|move|p1a: Slowking|Chilly Reception|p1a: Slowking\n|-weather|Snow\n|inactive|Battle timer is ON: inactive players will automatically lose when time's up. (requested by Pfunk Power)\n|\n|t:|1701195570\n|switch|p1a: Great Tusk|Great Tusk|100\/100|[from] Chilly Reception\n|\n|-weather|Snow|[upkeep]\n|upkeep\n|turn|4\n|\n|t:|1701195573\n|move|p1a: Great Tusk|Knock Off|p2a: Heatran\n|-damage|p2a: Heatran|68\/100\n|-enditem|p2a: Heatran|Leftovers|[from] move: Knock Off|[of] p1a: Great Tusk\n|move|p2a: Heatran|Will-O-Wisp|p1a: Great Tusk\n|-status|p1a: Great Tusk|brn\n|\n|-weather|Snow|[upkeep]\n|-damage|p1a: Great Tusk|94\/100 brn|[from] brn\n|upkeep\n|turn|5\n|\n|t:|1701195580\n|switch|p2a: Rillaboom|Rillaboom, F|100\/100\n|-fieldstart|move: Grassy Terrain|[from] ability: Grassy Surge|[of] p2a: Rillaboom\n|move|p1a: Great Tusk|Stealth Rock|p2a: Rillaboom\n|-sidestart|p2: Pfunk Power|move: Stealth Rock\n|\n|-weather|Snow|[upkeep]\n|-heal|p1a: Great Tusk|100\/100 brn|[from] Grassy Terrain\n|-damage|p1a: Great Tusk|94\/100 brn|[from] brn\n|upkeep\n|turn|6\n|\n|t:|1701195586\n|-end|p1a: Great Tusk|Protosynthesis|[silent]\n|switch|p1a: Slowking|Slowking-Galar, F|98\/100\n|move|p2a: Rillaboom|Drum Beating|p1a: Slowking\n|-resisted|p1a: Slowking\n|-damage|p1a: Slowking|73\/100\n|-unboost|p1a: Slowking|spe|1\n|\n|-weather|Snow|[upkeep]\n|-heal|p1a: Slowking|79\/100|[from] Grassy Terrain\n|upkeep\n|turn|7\n|\n|t:|1701195593\n|move|p2a: Rillaboom|Knock Off|p1a: Slowking\n|-supereffective|p1a: Slowking\n|-damage|p1a: Slowking|9\/100\n|-enditem|p1a: Slowking|Heavy-Duty Boots|[from] move: Knock Off|[of] p2a: Rillaboom\n|move|p1a: Slowking|Sludge Bomb|p2a: Rillaboom\n|-supereffective|p2a: Rillaboom\n|-damage|p2a: Rillaboom|17\/100\n|\n|-weather|none\n|-heal|p2a: Rillaboom|23\/100|[from] Grassy Terrain\n|-heal|p1a: Slowking|16\/100|[from] Grassy Terrain\n|upkeep\n|turn|8\n|\n|t:|1701195601\n|switch|p1a: Great Tusk|Great Tusk|94\/100 brn\n|move|p2a: Rillaboom|Drum Beating|p1a: Great Tusk\n|-supereffective|p1a: Great Tusk\n|-damage|p1a: Great Tusk|22\/100 brn\n|-unboost|p1a: Great Tusk|spe|1\n|\n|-heal|p2a: Rillaboom|30\/100|[from] Grassy Terrain\n|-heal|p1a: Great Tusk|28\/100 brn|[from] Grassy Terrain\n|-damage|p1a: Great Tusk|22\/100 brn|[from] brn\n|upkeep\n|turn|9\n|\n|t:|1701195610\n|move|p2a: Rillaboom|Drum Beating|p1a: Great Tusk\n|-supereffective|p1a: Great Tusk\n|-damage|p1a: Great Tusk|0 fnt\n|faint|p1a: Great Tusk\n|-end|p1a: Great Tusk|Protosynthesis|[silent]\n|\n|-heal|p2a: Rillaboom|36\/100|[from] Grassy Terrain\n|upkeep\n|\n|t:|1701195612\n|switch|p1a: Zamazenta|Zamazenta|100\/100\n|-ability|p1a: Zamazenta|Dauntless Shield|boost\n|-boost|p1a: Zamazenta|def|1\n|turn|10\n|\n|t:|1701195618\n|switch|p2a: Dragapult|Dragapult, F|100\/100\n|-damage|p2a: Dragapult|88\/100|[from] Stealth Rock\n|move|p1a: Zamazenta|Body Press|p2a: Dragapult\n|-immune|p2a: Dragapult\n|\n|-heal|p2a: Dragapult|94\/100|[from] Grassy Terrain\n|upkeep\n|turn|11\n|\n|t:|1701195629\n|move|p2a: Dragapult|U-turn|p1a: Zamazenta\n|-resisted|p1a: Zamazenta\n|-damage|p1a: Zamazenta|96\/100\n|\n|t:|1701195636\n|switch|p2a: Cinderace|Cinderace, M|100\/100|[from] U-turn\n|move|p1a: Zamazenta|Crunch|p2a: Cinderace\n|-damage|p2a: Cinderace|68\/100\n|\n|-heal|p1a: Zamazenta|100\/100|[from] Grassy Terrain\n|-heal|p2a: Cinderace|74\/100|[from] Grassy Terrain\n|upkeep\n|turn|12\n|\n|t:|1701195648\n|move|p1a: Zamazenta|Body Press|p2a: Cinderace\n|-damage|p2a: Cinderace|0 fnt\n|faint|p2a: Cinderace\n|\n|-fieldend|move: Grassy Terrain\n|upkeep\n|\n|t:|1701195653\n|switch|p2a: Dragapult|Dragapult, F|94\/100\n|-damage|p2a: Dragapult|82\/100|[from] Stealth Rock\n|turn|13\n|\n|t:|1701195659\n|move|p2a: Dragapult|Draco Meteor|p1a: Zamazenta\n|-damage|p1a: Zamazenta|18\/100\n|-unboost|p2a: Dragapult|spa|2\n|move|p1a: Zamazenta|Crunch|p2a: Dragapult\n|-supereffective|p2a: Dragapult\n|-damage|p2a: Dragapult|13\/100\n|-unboost|p2a: Dragapult|def|1\n|\n|-heal|p1a: Zamazenta|24\/100|[from] item: Leftovers\n|upkeep\n|turn|14\n|\n|t:|1701195664\n|switch|p1a: Toxapex|Toxapex, F, shiny|75\/100\n|move|p2a: Dragapult|Draco Meteor|p1a: Toxapex\n|-damage|p1a: Toxapex|48\/100\n|-unboost|p2a: Dragapult|spa|2\n|\n|upkeep\n|turn|15\n|\n|t:|1701195669\n|switch|p2a: Magnezone|Magnezone|100\/100\n|-damage|p2a: Magnezone|94\/100|[from] Stealth Rock\n|switch|p1a: Rotom|Rotom-Wash|100\/100\n|\n|upkeep\n|turn|16\n|\n|t:|1701195672\n|move|p1a: Rotom|Volt Switch|p2a: Magnezone\n|-resisted|p2a: Magnezone\n|-damage|p2a: Magnezone|75\/100\n|\n|t:|1701195685\n|switch|p1a: Ting-Lu|Ting-Lu|100\/100|[from] Volt Switch\n|-ability|p1a: Ting-Lu|Vessel of Ruin\n|move|p2a: Magnezone|Thunderbolt|p1a: Ting-Lu\n|-immune|p1a: Ting-Lu\n|\n|upkeep\n|turn|17\n|\n|t:|1701195692\n|switch|p2a: Rillaboom|Rillaboom, F|36\/100\n|-damage|p2a: Rillaboom|23\/100|[from] Stealth Rock\n|-fieldstart|move: Grassy Terrain|[from] ability: Grassy Surge|[of] p2a: Rillaboom\n|move|p1a: Ting-Lu|Spikes|p2a: Rillaboom\n|-sidestart|p2: Pfunk Power|Spikes\n|\n|-heal|p2a: Rillaboom|30\/100|[from] Grassy Terrain\n|upkeep\n|turn|18\n|inactive|JabobFrog2 has 120 seconds left.\n|\n|t:|1701195734\n|-terastallize|p1a: Ting-Lu|Fairy\n|move|p2a: Rillaboom|Drum Beating|p1a: Ting-Lu\n|-damage|p1a: Ting-Lu|74\/100\n|-unboost|p1a: Ting-Lu|spe|1\n|move|p1a: Ting-Lu|Earthquake|p2a: Rillaboom\n|-resisted|p2a: Rillaboom\n|-damage|p2a: Rillaboom|19\/100\n|\n|-heal|p2a: Rillaboom|25\/100|[from] Grassy Terrain\n|-heal|p1a: Ting-Lu|80\/100|[from] Grassy Terrain\n|-heal|p1a: Ting-Lu|86\/100|[from] item: Leftovers\n|upkeep\n|turn|19\n|\n|t:|1701195744\n|move|p2a: Rillaboom|Drum Beating|p1a: Ting-Lu\n|-damage|p1a: Ting-Lu|57\/100\n|-unboost|p1a: Ting-Lu|spe|1\n|move|p1a: Ting-Lu|Spikes|p2a: Rillaboom\n|-sidestart|p2: Pfunk Power|Spikes\n|\n|-heal|p2a: Rillaboom|31\/100|[from] Grassy Terrain\n|-heal|p1a: Ting-Lu|63\/100|[from] Grassy Terrain\n|-heal|p1a: Ting-Lu|69\/100|[from] item: Leftovers\n|upkeep\n|turn|20\n|inactive|JabobFrog2 has 120 seconds left.\n|\n|t:|1701195752\n|switch|p1a: Slowking|Slowking-Galar, F|49\/100\n|move|p2a: Rillaboom|Knock Off|p1a: Slowking\n|-supereffective|p1a: Slowking\n|-damage|p1a: Slowking|7\/100\n|\n|-heal|p2a: Rillaboom|37\/100|[from] Grassy Terrain\n|-heal|p1a: Slowking|13\/100|[from] Grassy Terrain\n|upkeep\n|turn|21\n|inactive|JabobFrog2 has 120 seconds left.\n|\n|t:|1701195776\n|switch|p1a: Toxapex|Toxapex, F, shiny|81\/100\n|move|p2a: Rillaboom|Knock Off|p1a: Toxapex\n|-damage|p1a: Toxapex|53\/100\n|-enditem|p1a: Toxapex|Heavy-Duty Boots|[from] move: Knock Off|[of] p2a: Rillaboom\n|\n|-heal|p2a: Rillaboom|44\/100|[from] Grassy Terrain\n|-heal|p1a: Toxapex|59\/100|[from] Grassy Terrain\n|upkeep\n|turn|22\n|\n|t:|1701195791\n|move|p2a: Rillaboom|Drum Beating|p1a: Toxapex\n|-damage|p1a: Toxapex|19\/100\n|-unboost|p1a: Toxapex|spe|1\n|move|p1a: Toxapex|Toxic|p2a: Rillaboom\n|-status|p2a: Rillaboom|tox\n|\n|-heal|p2a: Rillaboom|50\/100 tox|[from] Grassy Terrain\n|-heal|p1a: Toxapex|25\/100|[from] Grassy Terrain\n|-damage|p2a: Rillaboom|44\/100 tox|[from] psn\n|upkeep\n|turn|23\n|\n|t:|1701195798\n|switch|p1a: Ting-Lu|Ting-Lu, tera:Fairy|69\/100\n|-ability|p1a: Ting-Lu|Vessel of Ruin\n|move|p2a: Rillaboom|Drum Beating|p1a: Ting-Lu\n|-damage|p1a: Ting-Lu|39\/100\n|-unboost|p1a: Ting-Lu|spe|1\n|\n|-heal|p2a: Rillaboom|50\/100 tox|[from] Grassy Terrain\n|-heal|p1a: Ting-Lu|46\/100|[from] Grassy Terrain\n|-heal|p1a: Ting-Lu|52\/100|[from] item: Leftovers\n|-damage|p2a: Rillaboom|37\/100 tox|[from] psn\n|upkeep\n|turn|24\n|inactive|JabobFrog2 has 120 seconds left.\n|\n|t:|1701195806\n|move|p2a: Rillaboom|Drum Beating|p1a: Ting-Lu\n|-damage|p1a: Ting-Lu|24\/100\n|-unboost|p1a: Ting-Lu|spe|1\n|move|p1a: Ting-Lu|Spikes|p2a: Rillaboom\n|-sidestart|p2: Pfunk Power|Spikes\n|\n|-heal|p2a: Rillaboom|44\/100 tox|[from] Grassy Terrain\n|-heal|p1a: Ting-Lu|30\/100|[from] Grassy Terrain\n|-heal|p1a: Ting-Lu|36\/100|[from] item: Leftovers\n|-damage|p2a: Rillaboom|25\/100 tox|[from] psn\n|-fieldend|move: Grassy Terrain\n|upkeep\n|turn|25\n|\n|t:|1701195812\n|switch|p2a: Magnezone|Magnezone|75\/100\n|-damage|p2a: Magnezone|68\/100|[from] Stealth Rock\n|-damage|p2a: Magnezone|44\/100|[from] Spikes\n|switch|p1a: Slowking|Slowking-Galar, F|46\/100\n|\n|upkeep\n|turn|26\n|\n|t:|1701195820\n|switch|p1a: Ting-Lu|Ting-Lu, tera:Fairy|36\/100\n|-ability|p1a: Ting-Lu|Vessel of Ruin\n|move|p2a: Magnezone|Volt Switch|p1a: Ting-Lu\n|-damage|p1a: Ting-Lu|12\/100\n|\n|t:|1701195829\n|switch|p2a: Rillaboom|Rillaboom, F|25\/100 tox|[from] Volt Switch\n|-damage|p2a: Rillaboom|13\/100 tox|[from] Stealth Rock\n|-damage|p2a: Rillaboom|0 fnt|[from] Spikes\n|faint|p2a: Rillaboom\n|\n|-heal|p1a: Ting-Lu|18\/100|[from] item: Leftovers\n|upkeep\n|\n|t:|1701195848\n|switch|p2a: Dragapult|Dragapult, F|13\/100\n|-damage|p2a: Dragapult|1\/100|[from] Stealth Rock\n|-damage|p2a: Dragapult|0 fnt|[from] Spikes\n|faint|p2a: Dragapult\n|\n|t:|1701195856\n|switch|p2a: Heatran|Heatran, F|68\/100\n|-damage|p2a: Heatran|55\/100|[from] Stealth Rock\n|-damage|p2a: Heatran|31\/100|[from] Spikes\n|turn|27\n|\n|t:|1701195862\n|switch|p1a: Toxapex|Toxapex, F, shiny|58\/100\n|move|p2a: Heatran|Magma Storm|p1a: Toxapex\n|-resisted|p1a: Toxapex\n|-damage|p1a: Toxapex|42\/100\n|-activate|p1a: Toxapex|move: Magma Storm|[of] p2a: Heatran\n|\n|-damage|p1a: Toxapex|29\/100|[from] move: Magma Storm|[partiallytrapped]\n|upkeep\n|turn|28\n|\n|t:|1701195868\n|move|p2a: Heatran|Earth Power|p1a: Toxapex\n|-supereffective|p1a: Toxapex\n|-damage|p1a: Toxapex|0 fnt\n|faint|p1a: Toxapex\n|\n|upkeep\n|\n|t:|1701195871\n|switch|p1a: Zamazenta|Zamazenta|24\/100\n|turn|29\n|\n|t:|1701195875\n|move|p1a: Zamazenta|Body Press|p2a: Heatran\n|-supereffective|p2a: Heatran\n|-damage|p2a: Heatran|0 fnt\n|faint|p2a: Heatran\n|\n|-heal|p1a: Zamazenta|30\/100|[from] item: Leftovers\n|upkeep\n|\n|t:|1701195877\n|switch|p2a: Walking Wake|Walking Wake|74\/100\n|-damage|p2a: Walking Wake|62\/100|[from] Stealth Rock\n|-damage|p2a: Walking Wake|37\/100|[from] Spikes\n|turn|30\n|\n|t:|1701195885\n|move|p1a: Zamazenta|Body Press|p2a: Walking Wake\n|-damage|p2a: Walking Wake|0 fnt\n|faint|p2a: Walking Wake\n|-end|p2a: Walking Wake|Protosynthesis|[silent]\n|\n|-heal|p1a: Zamazenta|36\/100|[from] item: Leftovers\n|upkeep\n|\n|t:|1701195887\n|switch|p2a: Magnezone|Magnezone|44\/100\n|-damage|p2a: Magnezone|38\/100|[from] Stealth Rock\n|-damage|p2a: Magnezone|13\/100|[from] Spikes\n|turn|31\n|\n|t:|1701195891\n|-terastallize|p2a: Magnezone|Fairy\n|move|p1a: Zamazenta|Body Press|p2a: Magnezone\n|-resisted|p2a: Magnezone\n|-damage|p2a: Magnezone|0 fnt\n|faint|p2a: Magnezone\n|\n|win|JabobFrog2\n|raw|JabobFrog2's rating: 1217 &rarr; <strong>1236<\/strong><br \/>(+19 for winning)\n|raw|Pfunk Power's rating: 1137 &rarr; <strong>1118<\/strong><br \/>(-19 for losing)\n|l|\u203dPfunk Power\n","uploadtime":1701195897,"views":8,"p1id":"jabobfrog2","p2id":"pfunkpower","formatid":"gen9ou","rating":1118,"private":0,"password":""}