{"id":"gen9ou-1996735990","p1":"EGear","p2":"GvmShoe","format":"[Gen 9] OU","log":"|j|\u2606EGear\n|j|\u2606GvmShoe\n|t:|1700716600\n|gametype|singles\n|player|p1|EGear|brock|1394\n|player|p2|GvmShoe|cheryl|1386\n|teamsize|p1|6\n|teamsize|p2|6\n|gen|9\n|tier|[Gen 9] OU\n|rated|\n|rule|Sleep Clause Mod: Limit one foe put to sleep\n|rule|Species Clause: Limit one of each Pok\u00e9mon\n|rule|OHKO Clause: OHKO moves are banned\n|rule|Evasion Items Clause: Evasion items are banned\n|rule|Evasion Moves Clause: Evasion moves are banned\n|rule|Endless Battle Clause: Forcing endless battles is banned\n|rule|HP Percentage Mod: HP is shown in percentages\n|clearpoke\n|poke|p1|Iron Moth|\n|poke|p1|Zapdos|\n|poke|p1|Ogerpon-Cornerstone, F|\n|poke|p1|Great Tusk|\n|poke|p1|Slowking-Galar, M|\n|poke|p1|Enamorus, F|\n|poke|p2|Goodra-Hisui, F|\n|poke|p2|Cinderace, F|\n|poke|p2|Regidrago|\n|poke|p2|Zamazenta-*|\n|poke|p2|Rotom-Wash|\n|poke|p2|Corviknight, F|\n|teampreview\n|inactive|Battle timer is ON: inactive players will automatically lose when time's up. (requested by EGear)\n|inactive|GvmShoe has 120 seconds left.\n|inactive|GvmShoe has 90 seconds left.\n|\n|t:|1700716675\n|start\n|switch|p1a: Zapdos|Zapdos|100\/100\n|switch|p2a: Rotom|Rotom-Wash, shiny|100\/100\n|turn|1\n|\n|t:|1700716681\n|move|p1a: Zapdos|Volt Switch|p2a: Rotom\n|-damage|p2a: Rotom|68\/100\n|\n|t:|1700716687\n|switch|p1a: Slowking|Slowking-Galar, M|100\/100|[from] Volt Switch\n|move|p2a: Rotom|Will-O-Wisp|p1a: Slowking|[miss]\n|-miss|p2a: Rotom|p1a: Slowking\n|\n|-heal|p2a: Rotom|74\/100|[from] item: Leftovers\n|upkeep\n|turn|2\n|\n|t:|1700716700\n|move|p2a: Rotom|Thunder Wave|p1a: Slowking\n|-status|p1a: Slowking|par\n|move|p1a: Slowking|Future Sight|p2a: Rotom\n|-start|p1a: Slowking|move: Future Sight\n|\n|-heal|p2a: Rotom|80\/100|[from] item: Leftovers\n|upkeep\n|turn|3\n|\n|t:|1700716706\n|move|p2a: Rotom|Volt Switch|p1a: Slowking\n|-damage|p1a: Slowking|85\/100 par\n|\n|t:|1700716709\n|switch|p2a: Goodra|Goodra-Hisui, F, shiny|100\/100|[from] Volt Switch\n|cant|p1a: Slowking|par\n|\n|upkeep\n|turn|4\n|\n|t:|1700716716\n|switch|p1a: Zapdos|Zapdos|100\/100\n|move|p2a: Goodra|Flash Cannon|p1a: Zapdos\n|-resisted|p1a: Zapdos\n|-damage|p1a: Zapdos|80\/100\n|\n|-end|p2a: Goodra|move: Future Sight\n|-resisted|p2a: Goodra\n|-damage|p2a: Goodra|90\/100\n|upkeep\n|turn|5\n|\n|t:|1700716723\n|move|p1a: Zapdos|Thunder Wave|p2a: Goodra\n|-status|p2a: Goodra|par\n|move|p2a: Goodra|Draco Meteor|p1a: Zapdos\n|-damage|p1a: Zapdos|14\/100\n|-unboost|p2a: Goodra|spa|2\n|\n|upkeep\n|turn|6\n|\n|t:|1700716730\n|move|p1a: Zapdos|Roost|p1a: Zapdos\n|-heal|p1a: Zapdos|64\/100\n|-singleturn|p1a: Zapdos|move: Roost\n|move|p2a: Goodra|Earthquake|p1a: Zapdos\n|-supereffective|p1a: Zapdos\n|-damage|p1a: Zapdos|24\/100\n|\n|upkeep\n|turn|7\n|\n|t:|1700716737\n|move|p1a: Zapdos|Volt Switch|p2a: Goodra\n|-resisted|p2a: Goodra\n|-damage|p2a: Goodra|83\/100 par\n|\n|t:|1700716740\n|switch|p1a: Enamorus|Enamorus, F|100\/100|[from] Volt Switch\n|cant|p2a: Goodra|par\n|\n|upkeep\n|turn|8\n|\n|t:|1700716754\n|switch|p1a: Great Tusk|Great Tusk|100\/100\n|switch|p2a: Corviknight|Corviknight, F, shiny|100\/100\n|-ability|p2a: Corviknight|Pressure\n|\n|upkeep\n|turn|9\n|\n|t:|1700716763\n|switch|p2a: Rotom|Rotom-Wash, shiny|80\/100\n|move|p1a: Great Tusk|Knock Off|p2a: Rotom\n|-damage|p2a: Rotom|56\/100\n|-enditem|p2a: Rotom|Leftovers|[from] move: Knock Off|[of] p1a: Great Tusk\n|\n|upkeep\n|turn|10\n|\n|t:|1700716772\n|-end|p1a: Great Tusk|Protosynthesis|[silent]\n|switch|p1a: Slowking|Slowking-Galar, M|100\/100 par\n|move|p2a: Rotom|Hydro Pump|p1a: Slowking|[miss]\n|-miss|p2a: Rotom|p1a: Slowking\n|\n|upkeep\n|turn|11\n|\n|t:|1700716779\n|move|p2a: Rotom|Volt Switch|p1a: Slowking\n|-damage|p1a: Slowking|86\/100 par\n|\n|t:|1700716791\n|switch|p2a: Corviknight|Corviknight, F, shiny|100\/100|[from] Volt Switch\n|-ability|p2a: Corviknight|Pressure\n|move|p1a: Slowking|Chilly Reception|p1a: Slowking\n|-weather|Snow\n|\n|t:|1700716798\n|switch|p1a: Zapdos|Zapdos|24\/100|[from] Chilly Reception\n|\n|-weather|Snow|[upkeep]\n|upkeep\n|turn|12\n|\n|t:|1700716803\n|switch|p2a: Goodra|Goodra-Hisui, F, shiny|83\/100 par\n|move|p1a: Zapdos|Roost|p1a: Zapdos\n|-heal|p1a: Zapdos|74\/100\n|-singleturn|p1a: Zapdos|move: Roost\n|\n|-weather|Snow|[upkeep]\n|upkeep\n|turn|13\n|\n|t:|1700716811\n|switch|p2a: Rotom|Rotom-Wash, shiny|56\/100\n|move|p1a: Zapdos|Volt Switch|p2a: Rotom\n|-damage|p2a: Rotom|24\/100\n|\n|t:|1700716821\n|switch|p1a: Enamorus|Enamorus, F|100\/100|[from] Volt Switch\n|\n|-weather|Snow|[upkeep]\n|upkeep\n|turn|14\n|\n|t:|1700716828\n|move|p1a: Enamorus|Moonblast|p2a: Rotom\n|-damage|p2a: Rotom|0 fnt\n|faint|p2a: Rotom\n|\n|-weather|Snow|[upkeep]\n|upkeep\n|inactive|GvmShoe has 120 seconds left.\n|\n|t:|1700716858\n|switch|p2a: Corviknight|Corviknight, F, shiny|100\/100\n|-ability|p2a: Corviknight|Pressure\n|turn|15\n|\n|t:|1700716867\n|switch|p1a: Zapdos|Zapdos|74\/100\n|move|p2a: Corviknight|Agility|p2a: Corviknight\n|-boost|p2a: Corviknight|spe|2\n|\n|-weather|none\n|upkeep\n|turn|16\n|\n|t:|1700716877\n|-terastallize|p2a: Corviknight|Dark\n|move|p2a: Corviknight|Agility|p2a: Corviknight\n|-boost|p2a: Corviknight|spe|2\n|move|p1a: Zapdos|Thunder Wave|p2a: Corviknight|[miss]\n|-miss|p1a: Zapdos|p2a: Corviknight\n|\n|upkeep\n|turn|17\n|\n|t:|1700716884\n|move|p2a: Corviknight|Agility|p2a: Corviknight\n|-boost|p2a: Corviknight|spe|2\n|move|p1a: Zapdos|Thunder Wave|p2a: Corviknight\n|-status|p2a: Corviknight|par\n|\n|upkeep\n|turn|18\n|\n|t:|1700716893\n|cant|p2a: Corviknight|par\n|move|p1a: Zapdos|Volt Switch|p2a: Corviknight\n|-damage|p2a: Corviknight|81\/100 par\n|\n|t:|1700716896\n|switch|p1a: Great Tusk|Great Tusk|100\/100|[from] Volt Switch\n|\n|-heal|p2a: Corviknight|87\/100 par|[from] item: Leftovers\n|upkeep\n|turn|19\n|\n|t:|1700716901\n|move|p2a: Corviknight|Bulk Up|p2a: Corviknight\n|-boost|p2a: Corviknight|atk|1\n|-boost|p2a: Corviknight|def|1\n|move|p1a: Great Tusk|Knock Off|p2a: Corviknight\n|-resisted|p2a: Corviknight\n|-damage|p2a: Corviknight|79\/100 par\n|-enditem|p2a: Corviknight|Leftovers|[from] move: Knock Off|[of] p1a: Great Tusk\n|\n|upkeep\n|turn|20\n|\n|t:|1700716911\n|move|p2a: Corviknight|Bulk Up|p2a: Corviknight\n|-boost|p2a: Corviknight|atk|1\n|-boost|p2a: Corviknight|def|1\n|move|p1a: Great Tusk|Earthquake|p2a: Corviknight\n|-damage|p2a: Corviknight|61\/100 par\n|\n|upkeep\n|turn|21\n|\n|t:|1700716917\n|move|p2a: Corviknight|Bulk Up|p2a: Corviknight\n|-boost|p2a: Corviknight|atk|1\n|-boost|p2a: Corviknight|def|1\n|move|p1a: Great Tusk|Stealth Rock|p2a: Corviknight\n|-sidestart|p2: GvmShoe|move: Stealth Rock\n|\n|upkeep\n|turn|22\n|\n|t:|1700716922\n|move|p2a: Corviknight|Roost|p2a: Corviknight\n|-heal|p2a: Corviknight|100\/100 par\n|move|p1a: Great Tusk|Earthquake|p2a: Corviknight\n|-damage|p2a: Corviknight|87\/100 par\n|\n|upkeep\n|turn|23\n|\n|t:|1700716926\n|cant|p2a: Corviknight|par\n|move|p1a: Great Tusk|Rapid Spin|p2a: Corviknight\n|-damage|p2a: Corviknight|81\/100 par\n|-boost|p1a: Great Tusk|spe|1\n|\n|upkeep\n|turn|24\n|\n|t:|1700716932\n|move|p2a: Corviknight|Bulk Up|p2a: Corviknight\n|-boost|p2a: Corviknight|atk|1\n|-boost|p2a: Corviknight|def|1\n|move|p1a: Great Tusk|Earthquake|p2a: Corviknight\n|-damage|p2a: Corviknight|69\/100 par\n|\n|upkeep\n|turn|25\n|\n|t:|1700716937\n|cant|p2a: Corviknight|par\n|move|p1a: Great Tusk|Earthquake|p2a: Corviknight\n|-damage|p2a: Corviknight|58\/100 par\n|\n|upkeep\n|turn|26\n|\n|t:|1700716941\n|move|p2a: Corviknight|Bulk Up|p2a: Corviknight\n|-boost|p2a: Corviknight|atk|1\n|-boost|p2a: Corviknight|def|1\n|move|p1a: Great Tusk|Earthquake|p2a: Corviknight\n|-damage|p2a: Corviknight|47\/100 par\n|\n|upkeep\n|turn|27\n|\n|t:|1700716947\n|move|p2a: Corviknight|Roost|p2a: Corviknight\n|-heal|p2a: Corviknight|97\/100 par\n|move|p1a: Great Tusk|Earthquake|p2a: Corviknight\n|-damage|p2a: Corviknight|86\/100 par\n|\n|upkeep\n|turn|28\n|\n|t:|1700716953\n|move|p2a: Corviknight|Bulk Up|p2a: Corviknight\n|-boost|p2a: Corviknight|atk|1\n|-boost|p2a: Corviknight|def|1\n|move|p1a: Great Tusk|Rapid Spin|p2a: Corviknight\n|-crit|p2a: Corviknight\n|-damage|p2a: Corviknight|67\/100 par\n|-boost|p1a: Great Tusk|spe|1\n|\n|upkeep\n|turn|29\n|\n|t:|1700716959\n|move|p1a: Great Tusk|Earthquake|p2a: Corviknight\n|-damage|p2a: Corviknight|58\/100 par\n|move|p2a: Corviknight|Roost|p2a: Corviknight\n|-heal|p2a: Corviknight|100\/100 par\n|\n|upkeep\n|turn|30\n|\n|t:|1700716964\n|move|p1a: Great Tusk|Earthquake|p2a: Corviknight\n|-damage|p2a: Corviknight|91\/100 par\n|cant|p2a: Corviknight|par\n|\n|upkeep\n|turn|31\n|\n|t:|1700716972\n|move|p1a: Great Tusk|Knock Off|p2a: Corviknight\n|-resisted|p2a: Corviknight\n|-damage|p2a: Corviknight|89\/100 par\n|move|p2a: Corviknight|Power Trip|p1a: Great Tusk\n|-resisted|p1a: Great Tusk\n|-damage|p1a: Great Tusk|0 fnt\n|faint|p1a: Great Tusk\n|-end|p1a: Great Tusk|Protosynthesis|[silent]\n|\n|upkeep\n|\n|t:|1700716978\n|switch|p1a: Enamorus|Enamorus, F|100\/100\n|turn|32\n|\n|t:|1700716981\n|move|p1a: Enamorus|Moonblast|p2a: Corviknight\n|-supereffective|p2a: Corviknight\n|-damage|p2a: Corviknight|24\/100 par\n|-unboost|p2a: Corviknight|spa|1\n|cant|p2a: Corviknight|par\n|\n|upkeep\n|turn|33\n|\n|t:|1700716987\n|move|p1a: Enamorus|Moonblast|p2a: Corviknight\n|-supereffective|p2a: Corviknight\n|-damage|p2a: Corviknight|0 fnt\n|faint|p2a: Corviknight\n|\n|upkeep\n|\n|t:|1700716991\n|switch|p2a: Cinderace|Cinderace, F, shiny|100\/100\n|turn|34\n|c|\u2606EGear|sinister set bro\n|\n|t:|1700716999\n|switch|p1a: Zapdos|Zapdos|74\/100\n|move|p2a: Cinderace|Court Change|p2a: Cinderace\n|-start|p2a: Cinderace|typechange|Normal|[from] ability: Libero\n|-swapsideconditions\n|-activate|p2a: Cinderace|move: Court Change\n|\n|upkeep\n|turn|35\n|c|\u2606GvmShoe|ikr?\n|\n|t:|1700717008\n|switch|p2a: Goodra|Goodra-Hisui, F, shiny|83\/100 par\n|move|p1a: Zapdos|Thunder Wave|p2a: Goodra\n|-fail|p2a: Goodra|par\n|\n|upkeep\n|turn|36\n|\n|t:|1700717014\n|move|p1a: Zapdos|Hurricane|p2a: Goodra\n|-resisted|p2a: Goodra\n|-damage|p2a: Goodra|73\/100 par\n|cant|p2a: Goodra|par\n|\n|upkeep\n|turn|37\n|\n|t:|1700717019\n|move|p1a: Zapdos|Volt Switch|p2a: Goodra\n|-resisted|p2a: Goodra\n|-damage|p2a: Goodra|66\/100 par\n|\n|t:|1700717026\n|switch|p1a: Slowking|Slowking-Galar, M|100\/100 par|[from] Volt Switch\n|cant|p2a: Goodra|par\n|\n|upkeep\n|turn|38\n|\n|t:|1700717032\n|move|p2a: Goodra|Draco Meteor|p1a: Slowking\n|-damage|p1a: Slowking|63\/100 par\n|-unboost|p2a: Goodra|spa|2\n|move|p1a: Slowking|Chilly Reception|p1a: Slowking\n|-weather|Snow\n|\n|t:|1700717040\n|switch|p1a: Enamorus|Enamorus, F|100\/100|[from] Chilly Reception\n|-damage|p1a: Enamorus|76\/100|[from] Stealth Rock\n|\n|-weather|Snow|[upkeep]\n|upkeep\n|turn|39\n|\n|t:|1700717045\n|-terastallize|p1a: Enamorus|Ground\n|move|p1a: Enamorus|Earth Power|p2a: Goodra\n|-supereffective|p2a: Goodra\n|-damage|p2a: Goodra|25\/100 par\n|move|p2a: Goodra|Flash Cannon|p1a: Enamorus\n|-damage|p1a: Enamorus|48\/100\n|\n|-weather|Snow|[upkeep]\n|upkeep\n|turn|40\n|\n|t:|1700717052\n|move|p1a: Enamorus|Earth Power|p2a: Goodra\n|-supereffective|p2a: Goodra\n|-damage|p2a: Goodra|0 fnt\n|faint|p2a: Goodra\n|\n|-weather|Snow|[upkeep]\n|upkeep\n|\n|t:|1700717063\n|switch|p2a: Regidrago|Regidrago, shiny|100\/100\n|turn|41\n|\n|t:|1700717070\n|switch|p1a: Slowking|Slowking-Galar, M|96\/100 par\n|move|p2a: Regidrago|Dragon Energy|p1a: Slowking\n|-damage|p1a: Slowking|36\/100 par\n|\n|-weather|Snow|[upkeep]\n|upkeep\n|turn|42\n|\n|t:|1700717083\n|move|p2a: Regidrago|Dragon Energy|p1a: Slowking\n|-damage|p1a: Slowking|0 fnt\n|faint|p1a: Slowking\n|\n|-weather|none\n|upkeep\n|\n|t:|1700717085\n|switch|p1a: Enamorus|Enamorus, F, tera:Ground|48\/100\n|-damage|p1a: Enamorus|41\/100|[from] Stealth Rock\n|turn|43\n|\n|t:|1700717095\n|switch|p2a: Cinderace|Cinderace, F, shiny|100\/100\n|move|p1a: Enamorus|Moonblast|p2a: Cinderace\n|-resisted|p2a: Cinderace\n|-damage|p2a: Cinderace|63\/100\n|\n|upkeep\n|turn|44\n|\n|t:|1700717105\n|switch|p1a: Iron Moth|Iron Moth|100\/100\n|-damage|p1a: Iron Moth|76\/100|[from] Stealth Rock\n|-enditem|p1a: Iron Moth|Booster Energy\n|-activate|p1a: Iron Moth|ability: Quark Drive|[fromitem]\n|-start|p1a: Iron Moth|quarkdrivespa\n|move|p2a: Cinderace|Pyro Ball|p1a: Iron Moth|[miss]\n|-miss|p2a: Cinderace|p1a: Iron Moth\n|\n|upkeep\n|turn|45\n|\n|t:|1700717114\n|move|p2a: Cinderace|Pyro Ball|p1a: Iron Moth|[miss]\n|-miss|p2a: Cinderace|p1a: Iron Moth\n|move|p1a: Iron Moth|Agility|p1a: Iron Moth\n|-boost|p1a: Iron Moth|spe|2\n|\n|upkeep\n|turn|46\n|c|\u2606GvmShoe|!dt pyro ball\n|raw|<ul class=\"utilichart\"><li class=\"result\"><span class=\"col movenamecol\"><a href=\"https:\/\/dex.pokemonshowdown.com\/moves\/pyroball\">Pyro Ball<\/a><\/span> <span class=\"col typecol\"><img src=\"\/\/play.pokemonshowdown.com\/sprites\/types\/Fire.png\" alt=\"Fire\" width=\"32\" height=\"14\"><img src=\"\/\/play.pokemonshowdown.com\/sprites\/categories\/Physical.png\" alt=\"Physical\" width=\"32\" height=\"14\"><\/span> <span class=\"col labelcol\"><em>Power<\/em><br>120<\/span> <span class=\"col widelabelcol\"><em>Accuracy<\/em><br>90%<\/span> <span class=\"col pplabelcol\"><em>PP<\/em><br>8<\/span> <span class=\"col movedesccol\">10% chance to burn the target. Thaws user.<\/span> <\/li><li style=\"clear:both\"><\/li><\/ul>\n|raw|<font size=\"1\"><font color=\"#686868\">Priority:<\/font> 0&nbsp;|&ThickSpace;<font color=\"#686868\">Gen:<\/font> 8&nbsp;|&ThickSpace;&#10003; Boosted by Sheer Force&nbsp;|&ThickSpace;&#10003; Bullet&nbsp;|&ThickSpace;&#10003; Thaws user&nbsp;|&ThickSpace;<font color=\"#686868\">Z-Power:<\/font> 190&nbsp;|&ThickSpace;<font color=\"#686868\">Dynamax Power:<\/font> 140&nbsp;|&ThickSpace;<font color=\"#686868\">Target:<\/font> One Adjacent Pok\u00e9mon<\/font>\n\n|c|\u2606EGear|LMAO\n|c|\u2606GvmShoe|okay too many misses this game\n|c|\u2606GvmShoe|this happens most of my matches idk what's with my accoount\n|\n|t:|1700717141\n|move|p2a: Cinderace|Sucker Punch|p1a: Iron Moth\n|-start|p2a: Cinderace|typechange|Dark|[from] ability: Libero\n|-damage|p1a: Iron Moth|15\/100\n|move|p1a: Iron Moth|Sludge Wave|p2a: Cinderace\n|-crit|p2a: Cinderace\n|-damage|p2a: Cinderace|0 fnt\n|faint|p2a: Cinderace\n|\n|upkeep\n|\n|t:|1700717148\n|switch|p2a: Zamazenta|Zamazenta, shiny|100\/100\n|-ability|p2a: Zamazenta|Dauntless Shield|boost\n|-boost|p2a: Zamazenta|def|1\n|turn|47\n|\n|t:|1700717152\n|move|p1a: Iron Moth|Dazzling Gleam|p2a: Zamazenta\n|-supereffective|p2a: Zamazenta\n|-damage|p2a: Zamazenta|38\/100\n|move|p2a: Zamazenta|Body Press|p1a: Iron Moth\n|-resisted|p1a: Iron Moth\n|-damage|p1a: Iron Moth|0 fnt\n|faint|p1a: Iron Moth\n|-end|p1a: Iron Moth|Quark Drive|[silent]\n|\n|-heal|p2a: Zamazenta|44\/100|[from] item: Leftovers\n|upkeep\n|\n|t:|1700717157\n|switch|p1a: Enamorus|Enamorus, F, tera:Ground|41\/100\n|-damage|p1a: Enamorus|35\/100|[from] Stealth Rock\n|turn|48\n|\n|t:|1700717164\n|move|p1a: Enamorus|Moonblast|p2a: Zamazenta\n|-supereffective|p2a: Zamazenta\n|-damage|p2a: Zamazenta|0 fnt\n|faint|p2a: Zamazenta\n|\n|upkeep\n|c|\u2606EGear|gg\n|c|\u2606GvmShoe|\"gg\"\n|\n|t:|1700717172\n|switch|p2a: Regidrago|Regidrago, shiny|100\/100\n|turn|49\n|\n|t:|1700717175\n|move|p1a: Enamorus|Moonblast|p2a: Regidrago\n|-supereffective|p2a: Regidrago\n|-damage|p2a: Regidrago|0 fnt\n|faint|p2a: Regidrago\n|\n|win|EGear\n|raw|EGear's rating: 1394 &rarr; <strong>1414<\/strong><br \/>(+20 for winning)\n|raw|GvmShoe's rating: 1386 &rarr; <strong>1366<\/strong><br \/>(-20 for losing)\n|l|\u2606GvmShoe\n","uploadtime":1700717194,"views":17,"p1id":"egear","p2id":"gvmshoe","formatid":"gen9ou","rating":1366,"private":0,"password":""}