{"id":"gen9ou-1997141063","p1":"blisteringbigfoot","p2":"3WishAndLandoT","format":"[Gen 9] OU","log":"|j|\u2606blisteringbigfoot\n|j|\u26063WishAndLandoT\n|t:|1700768647\n|gametype|singles\n|player|p1|blisteringbigfoot|roxie|1322\n|player|p2|3WishAndLandoT|169|1290\n|teamsize|p1|6\n|teamsize|p2|6\n|gen|9\n|tier|[Gen 9] OU\n|rated|\n|rule|Sleep Clause Mod: Limit one foe put to sleep\n|rule|Species Clause: Limit one of each Pok\u00e9mon\n|rule|OHKO Clause: OHKO moves are banned\n|rule|Evasion Items Clause: Evasion items are banned\n|rule|Evasion Moves Clause: Evasion moves are banned\n|rule|Endless Battle Clause: Forcing endless battles is banned\n|rule|HP Percentage Mod: HP is shown in percentages\n|clearpoke\n|poke|p1|Weavile, M|\n|poke|p1|Glimmora, M|\n|poke|p1|Gholdengo|\n|poke|p1|Landorus-Therian, M|\n|poke|p1|Iron Valiant|\n|poke|p1|Cinderace, M|\n|poke|p2|Cinderace, M|\n|poke|p2|Empoleon, M|\n|poke|p2|Clodsire, M|\n|poke|p2|Pelipper, F|\n|poke|p2|Barraskewda, F|\n|poke|p2|Rillaboom, M|\n|teampreview\n|inactive|Battle timer is ON: inactive players will automatically lose when time's up. (requested by blisteringbigfoot)\n|inactive|3WishAndLandoT has 120 seconds left.\n|\n|t:|1700768688\n|start\n|switch|p1a: Glimmora|Glimmora, M|100\/100\n|switch|p2a: Rillaboom|Rillaboom, M|100\/100\n|-fieldstart|move: Grassy Terrain|[from] ability: Grassy Surge|[of] p2a: Rillaboom\n|turn|1\n|inactive|blisteringbigfoot has 120 seconds left.\n|\n|t:|1700768724\n|move|p1a: Glimmora|Mortal Spin|p2a: Rillaboom\n|-supereffective|p2a: Rillaboom\n|-damage|p2a: Rillaboom|94\/100\n|-status|p2a: Rillaboom|psn\n|move|p2a: Rillaboom|U-turn|p1a: Glimmora\n|-resisted|p1a: Glimmora\n|-damage|p1a: Glimmora|89\/100\n|-activate|p1a: Glimmora|ability: Toxic Debris\n|-sidestart|p2: 3WishAndLandoT|move: Toxic Spikes\n|\n|t:|1700768728\n|switch|p2a: Clodsire|Clodsire, M|100\/100|[from] U-turn\n|-sideend|p2: 3WishAndLandoT|move: Toxic Spikes|[of] p2a: Clodsire\n|\n|-heal|p1a: Glimmora|95\/100|[from] Grassy Terrain\n|upkeep\n|turn|2\n|\n|t:|1700768736\n|move|p1a: Glimmora|Earth Power|p2a: Clodsire\n|-supereffective|p2a: Clodsire\n|-damage|p2a: Clodsire|69\/100\n|move|p2a: Clodsire|Spikes|p1a: Glimmora\n|-sidestart|p1: blisteringbigfoot|Spikes\n|\n|-heal|p1a: Glimmora|100\/100|[from] Grassy Terrain\n|-heal|p2a: Clodsire|76\/100|[from] Grassy Terrain\n|-heal|p2a: Clodsire|82\/100|[from] item: Leftovers\n|upkeep\n|turn|3\n|\n|t:|1700768745\n|move|p1a: Glimmora|Earth Power|p2a: Clodsire\n|-supereffective|p2a: Clodsire\n|-damage|p2a: Clodsire|49\/100\n|move|p2a: Clodsire|Spikes|p1a: Glimmora\n|-sidestart|p1: blisteringbigfoot|Spikes\n|\n|-heal|p2a: Clodsire|55\/100|[from] Grassy Terrain\n|-heal|p2a: Clodsire|62\/100|[from] item: Leftovers\n|upkeep\n|turn|4\n|\n|t:|1700768752\n|move|p1a: Glimmora|Mortal Spin|p2a: Clodsire\n|-resisted|p2a: Clodsire\n|-damage|p2a: Clodsire|60\/100\n|-sideend|p1: blisteringbigfoot|Spikes|[from] move: Mortal Spin|[of] p1a: Glimmora\n|move|p2a: Clodsire|Spikes|p1a: Glimmora\n|-sidestart|p1: blisteringbigfoot|Spikes\n|\n|-heal|p2a: Clodsire|67\/100|[from] Grassy Terrain\n|-heal|p2a: Clodsire|73\/100|[from] item: Leftovers\n|upkeep\n|turn|5\n|\n|t:|1700768757\n|move|p1a: Glimmora|Earth Power|p2a: Clodsire\n|-supereffective|p2a: Clodsire\n|-damage|p2a: Clodsire|40\/100\n|move|p2a: Clodsire|High Horsepower|p1a: Glimmora\n|-supereffective|p1a: Glimmora\n|-crit|p1a: Glimmora\n|-enditem|p1a: Glimmora|Focus Sash\n|-damage|p1a: Glimmora|1\/100\n|-activate|p1a: Glimmora|ability: Toxic Debris\n|-sidestart|p2: 3WishAndLandoT|move: Toxic Spikes\n|\n|-heal|p1a: Glimmora|7\/100|[from] Grassy Terrain\n|-heal|p2a: Clodsire|46\/100|[from] Grassy Terrain\n|-heal|p2a: Clodsire|52\/100|[from] item: Leftovers\n|-fieldend|move: Grassy Terrain\n|upkeep\n|turn|6\n|\n|t:|1700768764\n|move|p1a: Glimmora|Mortal Spin|p2a: Clodsire\n|-resisted|p2a: Clodsire\n|-damage|p2a: Clodsire|51\/100\n|-sideend|p1: blisteringbigfoot|Spikes|[from] move: Mortal Spin|[of] p1a: Glimmora\n|move|p2a: Clodsire|Spikes|p1a: Glimmora\n|-sidestart|p1: blisteringbigfoot|Spikes\n|\n|-heal|p2a: Clodsire|57\/100|[from] item: Leftovers\n|upkeep\n|turn|7\n|\n|t:|1700768768\n|move|p1a: Glimmora|Earth Power|p2a: Clodsire\n|-supereffective|p2a: Clodsire\n|-damage|p2a: Clodsire|22\/100\n|move|p2a: Clodsire|High Horsepower|p1a: Glimmora\n|-supereffective|p1a: Glimmora\n|-damage|p1a: Glimmora|0 fnt\n|-activate|p1a: Glimmora|ability: Toxic Debris\n|-sidestart|p2: 3WishAndLandoT|move: Toxic Spikes\n|faint|p1a: Glimmora\n|\n|-heal|p2a: Clodsire|28\/100|[from] item: Leftovers\n|upkeep\n|inactive|blisteringbigfoot has 120 seconds left.\n|\n|t:|1700768799\n|switch|p1a: Landorus|Landorus-Therian, M|100\/100\n|-ability|p1a: Landorus|Intimidate|boost\n|-unboost|p2a: Clodsire|atk|1\n|turn|8\n|inactive|blisteringbigfoot has 120 seconds left.\n|\n|t:|1700768821\n|switch|p2a: Pelipper|Pelipper, F|100\/100\n|-weather|RainDance|[from] ability: Drizzle|[of] p2a: Pelipper\n|move|p1a: Landorus|U-turn|p2a: Pelipper\n|-resisted|p2a: Pelipper\n|-crit|p2a: Pelipper\n|-damage|p2a: Pelipper|85\/100\n|inactive|blisteringbigfoot has 120 seconds left.\n|\n|t:|1700768840\n|switch|p1a: Gholdengo|Gholdengo|100\/100|[from] U-turn\n|-damage|p1a: Gholdengo|88\/100|[from] Spikes\n|\n|-weather|RainDance|[upkeep]\n|upkeep\n|turn|9\n|\n|t:|1700768847\n|switch|p2a: Clodsire|Clodsire, M|28\/100\n|-sideend|p2: 3WishAndLandoT|move: Toxic Spikes|[of] p2a: Clodsire\n|move|p1a: Gholdengo|Thunder Wave|p2a: Clodsire\n|-immune|p2a: Clodsire\n|\n|-weather|RainDance|[upkeep]\n|-heal|p2a: Clodsire|34\/100|[from] item: Leftovers\n|upkeep\n|turn|10\n|\n|t:|1700768852\n|switch|p1a: Landorus|Landorus-Therian, M|100\/100\n|-ability|p1a: Landorus|Intimidate|boost\n|-unboost|p2a: Clodsire|atk|1\n|move|p2a: Clodsire|Recover|p2a: Clodsire\n|-heal|p2a: Clodsire|84\/100\n|\n|-weather|RainDance|[upkeep]\n|-heal|p2a: Clodsire|91\/100|[from] item: Leftovers\n|upkeep\n|turn|11\n|\n|t:|1700768858\n|switch|p2a: Rillaboom|Rillaboom, M|94\/100 psn\n|-fieldstart|move: Grassy Terrain|[from] ability: Grassy Surge|[of] p2a: Rillaboom\n|move|p1a: Landorus|Earthquake|p2a: Rillaboom\n|-resisted|p2a: Rillaboom\n|-damage|p2a: Rillaboom|84\/100 psn\n|\n|-weather|RainDance|[upkeep]\n|-heal|p2a: Rillaboom|91\/100 psn|[from] Grassy Terrain\n|-heal|p2a: Rillaboom|97\/100 psn|[from] item: Leftovers\n|-damage|p2a: Rillaboom|84\/100 psn|[from] psn\n|upkeep\n|turn|12\n|\n|t:|1700768868\n|switch|p1a: Gholdengo|Gholdengo|88\/100\n|-damage|p1a: Gholdengo|76\/100|[from] Spikes\n|move|p2a: Rillaboom|Grassy Glide|p1a: Gholdengo\n|-resisted|p1a: Gholdengo\n|-damage|p1a: Gholdengo|66\/100\n|\n|-weather|RainDance|[upkeep]\n|-heal|p2a: Rillaboom|91\/100 psn|[from] Grassy Terrain\n|-heal|p2a: Rillaboom|97\/100 psn|[from] item: Leftovers\n|-heal|p1a: Gholdengo|72\/100|[from] Grassy Terrain\n|-damage|p2a: Rillaboom|84\/100 psn|[from] psn\n|upkeep\n|turn|13\n|\n|t:|1700768881\n|switch|p2a: Clodsire|Clodsire, M|91\/100\n|move|p1a: Gholdengo|Nasty Plot|p1a: Gholdengo\n|-boost|p1a: Gholdengo|spa|2\n|\n|-weather|RainDance|[upkeep]\n|-heal|p1a: Gholdengo|78\/100|[from] Grassy Terrain\n|-heal|p2a: Clodsire|97\/100|[from] Grassy Terrain\n|-heal|p2a: Clodsire|100\/100|[from] item: Leftovers\n|upkeep\n|turn|14\n|\n|t:|1700768890\n|switch|p1a: Landorus|Landorus-Therian, M|100\/100\n|-ability|p1a: Landorus|Intimidate|boost\n|-unboost|p2a: Clodsire|atk|1\n|move|p2a: Clodsire|Spikes|p1a: Landorus\n|-sidestart|p1: blisteringbigfoot|Spikes\n|\n|-weather|RainDance|[upkeep]\n|upkeep\n|turn|15\n|\n|t:|1700768900\n|switch|p2a: Rillaboom|Rillaboom, M|84\/100 psn\n|move|p1a: Landorus|U-turn|p2a: Rillaboom\n|-supereffective|p2a: Rillaboom\n|-damage|p2a: Rillaboom|51\/100 psn\n|\n|t:|1700768910\n|switch|p1a: Cinderace|Cinderace, M|100\/100|[from] U-turn\n|\n|-weather|none\n|-heal|p2a: Rillaboom|57\/100 psn|[from] Grassy Terrain\n|-heal|p2a: Rillaboom|63\/100 psn|[from] item: Leftovers\n|-damage|p2a: Rillaboom|51\/100 psn|[from] psn\n|-fieldend|move: Grassy Terrain\n|upkeep\n|turn|16\n|\n|t:|1700768917\n|switch|p2a: Pelipper|Pelipper, F|85\/100\n|-weather|RainDance|[from] ability: Drizzle|[of] p2a: Pelipper\n|move|p1a: Cinderace|U-turn|p2a: Pelipper\n|-start|p1a: Cinderace|typechange|Bug|[from] ability: Libero\n|-resisted|p2a: Pelipper\n|-damage|p2a: Pelipper|72\/100\n|\n|t:|1700768930\n|switch|p1a: Iron Valiant|Iron Valiant|100\/100|[from] U-turn\n|-damage|p1a: Iron Valiant|84\/100|[from] Spikes\n|-enditem|p1a: Iron Valiant|Booster Energy\n|-activate|p1a: Iron Valiant|ability: Quark Drive|[fromitem]\n|-start|p1a: Iron Valiant|quarkdrivespe\n|\n|-weather|RainDance|[upkeep]\n|upkeep\n|turn|17\n|\n|t:|1700768957\n|switch|p2a: Clodsire|Clodsire, M|100\/100\n|-terastallize|p1a: Iron Valiant|Fairy\n|move|p1a: Iron Valiant|Thunderbolt|p2a: Clodsire\n|-immune|p2a: Clodsire\n|\n|-weather|RainDance|[upkeep]\n|upkeep\n|turn|18\n|\n|t:|1700768966\n|move|p1a: Iron Valiant|Psyshock|p2a: Clodsire\n|-supereffective|p2a: Clodsire\n|-damage|p2a: Clodsire|38\/100\n|move|p2a: Clodsire|Toxic|p1a: Iron Valiant\n|-status|p1a: Iron Valiant|tox\n|\n|-weather|RainDance|[upkeep]\n|-heal|p2a: Clodsire|44\/100|[from] item: Leftovers\n|-damage|p1a: Iron Valiant|78\/100 tox|[from] psn\n|upkeep\n|turn|19\n|\n|t:|1700768980\n|switch|p2a: Empoleon|Empoleon, M|100\/100\n|move|p1a: Iron Valiant|Psyshock|p2a: Empoleon\n|-resisted|p2a: Empoleon\n|-damage|p2a: Empoleon|87\/100\n|\n|-weather|RainDance|[upkeep]\n|-heal|p2a: Empoleon|93\/100|[from] item: Leftovers\n|-damage|p1a: Iron Valiant|65\/100 tox|[from] psn\n|upkeep\n|turn|20\n|\n|t:|1700768993\n|move|p1a: Iron Valiant|Thunderbolt|p2a: Empoleon\n|-supereffective|p2a: Empoleon\n|-damage|p2a: Empoleon|48\/100\n|move|p2a: Empoleon|Flip Turn|p1a: Iron Valiant\n|-damage|p1a: Iron Valiant|31\/100 tox\n|\n|t:|1700768996\n|switch|p2a: Barraskewda|Barraskewda, F|100\/100|[from] Flip Turn\n|\n|-weather|RainDance|[upkeep]\n|-damage|p1a: Iron Valiant|12\/100 tox|[from] psn\n|upkeep\n|turn|21\n|\n|t:|1700769007\n|move|p2a: Barraskewda|Liquidation|p1a: Iron Valiant\n|-damage|p1a: Iron Valiant|0 fnt\n|faint|p1a: Iron Valiant\n|-end|p1a: Iron Valiant|Quark Drive|[silent]\n|\n|-weather|RainDance|[upkeep]\n|upkeep\n|\n|t:|1700769016\n|switch|p1a: Cinderace|Cinderace, M|100\/100\n|turn|22\n|\n|t:|1700769027\n|move|p1a: Cinderace|Sucker Punch|p2a: Barraskewda\n|-start|p1a: Cinderace|typechange|Dark|[from] ability: Libero\n|-damage|p2a: Barraskewda|42\/100\n|move|p2a: Barraskewda|Liquidation|p1a: Cinderace\n|-damage|p1a: Cinderace|0 fnt\n|faint|p1a: Cinderace\n|\n|-weather|RainDance|[upkeep]\n|upkeep\n|\n|t:|1700769038\n|switch|p1a: Weavile|Weavile, M|100\/100\n|-ability|p1a: Weavile|Pressure\n|turn|23\n|\n|t:|1700769046\n|move|p1a: Weavile|Ice Shard|p2a: Barraskewda\n|-resisted|p2a: Barraskewda\n|-damage|p2a: Barraskewda|26\/100\n|move|p2a: Barraskewda|Liquidation|p1a: Weavile\n|-damage|p1a: Weavile|0 fnt\n|faint|p1a: Weavile\n|\n|-weather|none\n|upkeep\n|-message|blisteringbigfoot forfeited.\n|\n|win|3WishAndLandoT\n|raw|blisteringbigfoot's rating: 1322 &rarr; <strong>1300<\/strong><br \/>(-22 for losing)\n|raw|3WishAndLandoT's rating: 1290 &rarr; <strong>1317<\/strong><br \/>(+27 for winning)\n|l|\u2606blisteringbigfoot\n","uploadtime":1700769059,"views":11,"p1id":"blisteringbigfoot","p2id":"3wishandlandot","formatid":"gen9ou","rating":1300,"private":0,"password":""}