{"id":"gen9ou-1994159582","p1":"WRLD_Endu","p2":"Cadukinhooo","format":"[Gen 9] OU","log":"|j|\u2606WRLD_Endu\n|j|\u2606Cadukinhooo\n|t:|1700413784\n|gametype|singles\n|player|p1|WRLD_Endu|ghetsis|1063\n|player|p2|Cadukinhooo|cilan|1151\n|teamsize|p1|6\n|teamsize|p2|6\n|gen|9\n|tier|[Gen 9] OU\n|rated|\n|rule|Sleep Clause Mod: Limit one foe put to sleep\n|rule|Species Clause: Limit one of each Pok\u00e9mon\n|rule|OHKO Clause: OHKO moves are banned\n|rule|Evasion Items Clause: Evasion items are banned\n|rule|Evasion Moves Clause: Evasion moves are banned\n|rule|Endless Battle Clause: Forcing endless battles is banned\n|rule|HP Percentage Mod: HP is shown in percentages\n|clearpoke\n|poke|p1|Dragonite, M|\n|poke|p1|Toxapex, M|\n|poke|p1|Corviknight, M|\n|poke|p1|Kingambit, F|\n|poke|p1|Zapdos|\n|poke|p1|Weavile, F|\n|poke|p2|Rillaboom, F|\n|poke|p2|Great Tusk|\n|poke|p2|Kingambit, F|\n|poke|p2|Zapdos|\n|poke|p2|Slowking-Galar, M|\n|poke|p2|Cinderace, M|\n|teampreview\n|inactive|Battle timer is ON: inactive players will automatically lose when time's up. (requested by WRLD_Endu)\n|\n|t:|1700413817\n|start\n|switch|p1a: Best of the trio|Zapdos, shiny|100\/100\n|switch|p2a: ROCKSTAR|Great Tusk|100\/100\n|turn|1\n|\n|t:|1700413829\n|move|p1a: Best of the trio|Hurricane|p2a: ROCKSTAR\n|-supereffective|p2a: ROCKSTAR\n|-damage|p2a: ROCKSTAR|0 fnt\n|faint|p2a: ROCKSTAR\n|-end|p2a: ROCKSTAR|Protosynthesis|[silent]\n|\n|upkeep\n|\n|t:|1700413848\n|switch|p2a: GO|Cinderace, M|100\/100\n|turn|2\n|\n|t:|1700413862\n|switch|p1a: Emo asf|Toxapex, M, shiny|100\/100\n|move|p2a: GO|Pyro Ball|p1a: Emo asf\n|-resisted|p1a: Emo asf\n|-damage|p1a: Emo asf|86\/100\n|\n|-heal|p1a: Emo asf|92\/100|[from] item: Leftovers\n|upkeep\n|turn|3\n|\n|t:|1700413875\n|switch|p1a: Best of the trio|Zapdos, shiny|100\/100\n|move|p2a: GO|U-turn|p1a: Best of the trio\n|-resisted|p1a: Best of the trio\n|-damage|p1a: Best of the trio|90\/100\n|\n|t:|1700413881\n|switch|p2a: TLC|Kingambit, F|100\/100|[from] U-turn\n|-activate|p2a: TLC|ability: Supreme Overlord\n|-start|p2a: TLC|fallen1|[silent]\n|\n|upkeep\n|turn|4\n|\n|t:|1700413895\n|move|p1a: Best of the trio|Volt Switch|p2a: TLC\n|-damage|p2a: TLC|63\/100\n|\n|t:|1700413902\n|switch|p1a: Vomit wings thing|Dragonite, M, shiny|100\/100|[from] Volt Switch\n|move|p2a: TLC|Kowtow Cleave|p1a: Vomit wings thing\n|-damage|p1a: Vomit wings thing|71\/100\n|\n|-heal|p1a: Vomit wings thing|77\/100|[from] item: Leftovers\n|upkeep\n|turn|5\n|\n|t:|1700413918\n|move|p1a: Vomit wings thing|Roost|p1a: Vomit wings thing\n|-heal|p1a: Vomit wings thing|100\/100\n|-singleturn|p1a: Vomit wings thing|move: Roost\n|move|p2a: TLC|Kowtow Cleave|p1a: Vomit wings thing\n|-damage|p1a: Vomit wings thing|73\/100\n|\n|-heal|p1a: Vomit wings thing|79\/100|[from] item: Leftovers\n|upkeep\n|turn|6\n|\n|t:|1700413928\n|move|p1a: Vomit wings thing|Dragon Dance|p1a: Vomit wings thing\n|-boost|p1a: Vomit wings thing|atk|1\n|-boost|p1a: Vomit wings thing|spe|1\n|move|p2a: TLC|Swords Dance|p2a: TLC\n|-boost|p2a: TLC|atk|2\n|\n|-heal|p1a: Vomit wings thing|85\/100|[from] item: Leftovers\n|upkeep\n|turn|7\n|\n|t:|1700413940\n|move|p1a: Vomit wings thing|Earthquake|p2a: TLC\n|-supereffective|p2a: TLC\n|-damage|p2a: TLC|0 fnt\n|faint|p2a: TLC\n|-end|p2a: TLC|fallen1|[silent]\n|\n|-heal|p1a: Vomit wings thing|92\/100|[from] item: Leftovers\n|upkeep\n|\n|t:|1700413946\n|switch|p2a: BLAME IT ON BABY|Zapdos|100\/100\n|turn|8\n|\n|t:|1700413963\n|move|p1a: Vomit wings thing|Extreme Speed|p2a: BLAME IT ON BABY\n|-damage|p2a: BLAME IT ON BABY|65\/100\n|-status|p1a: Vomit wings thing|par|[from] ability: Static|[of] p2a: BLAME IT ON BABY\n|move|p2a: BLAME IT ON BABY|Thunder Wave|p1a: Vomit wings thing\n|-fail|p1a: Vomit wings thing|par\n|\n|-heal|p1a: Vomit wings thing|98\/100 par|[from] item: Leftovers\n|upkeep\n|turn|9\n|\n|t:|1700413973\n|cant|p1a: Vomit wings thing|par\n|move|p2a: BLAME IT ON BABY|Roost|p2a: BLAME IT ON BABY\n|-heal|p2a: BLAME IT ON BABY|100\/100\n|-singleturn|p2a: BLAME IT ON BABY|move: Roost\n|\n|-heal|p1a: Vomit wings thing|100\/100 par|[from] item: Leftovers\n|upkeep\n|turn|10\n|\n|t:|1700413981\n|move|p2a: BLAME IT ON BABY|Hurricane|p1a: Vomit wings thing\n|-damage|p1a: Vomit wings thing|79\/100 par\n|move|p1a: Vomit wings thing|Dragon Dance|p1a: Vomit wings thing\n|-boost|p1a: Vomit wings thing|atk|1\n|-boost|p1a: Vomit wings thing|spe|1\n|\n|-heal|p1a: Vomit wings thing|85\/100 par|[from] item: Leftovers\n|upkeep\n|turn|11\n|\n|t:|1700413993\n|move|p2a: BLAME IT ON BABY|Volt Switch|p1a: Vomit wings thing\n|-damage|p1a: Vomit wings thing|60\/100 par\n|\n|t:|1700414010\n|switch|p2a: PEEP HOLE|Rillaboom, F|100\/100|[from] Volt Switch\n|-fieldstart|move: Grassy Terrain|[from] ability: Grassy Surge|[of] p2a: PEEP HOLE\n|move|p1a: Vomit wings thing|Dragon Dance|p1a: Vomit wings thing\n|-boost|p1a: Vomit wings thing|atk|1\n|-boost|p1a: Vomit wings thing|spe|1\n|\n|-heal|p1a: Vomit wings thing|66\/100 par|[from] item: Leftovers\n|upkeep\n|turn|12\n|\n|t:|1700414019\n|move|p1a: Vomit wings thing|Roost|p1a: Vomit wings thing\n|-heal|p1a: Vomit wings thing|100\/100 par\n|-singleturn|p1a: Vomit wings thing|move: Roost\n|move|p2a: PEEP HOLE|Knock Off|p1a: Vomit wings thing\n|-damage|p1a: Vomit wings thing|73\/100 par\n|-enditem|p1a: Vomit wings thing|Leftovers|[from] move: Knock Off|[of] p2a: PEEP HOLE\n|\n|-heal|p1a: Vomit wings thing|79\/100 par|[from] Grassy Terrain\n|upkeep\n|turn|13\n|\n|t:|1700414030\n|switch|p2a: BLAME IT ON BABY|Zapdos|100\/100\n|move|p1a: Vomit wings thing|Dragon Dance|p1a: Vomit wings thing\n|-boost|p1a: Vomit wings thing|atk|1\n|-boost|p1a: Vomit wings thing|spe|1\n|\n|upkeep\n|turn|14\n|\n|t:|1700414037\n|cant|p1a: Vomit wings thing|par\n|move|p2a: BLAME IT ON BABY|Volt Switch|p1a: Vomit wings thing\n|-damage|p1a: Vomit wings thing|52\/100 par\n|\n|t:|1700414043\n|switch|p2a: BLIND|Slowking-Galar, M|100\/100|[from] Volt Switch\n|\n|upkeep\n|turn|15\n|\n|t:|1700414049\n|move|p1a: Vomit wings thing|Extreme Speed|p2a: BLIND\n|-damage|p2a: BLIND|7\/100\n|move|p2a: BLIND|Sludge Bomb|p1a: Vomit wings thing\n|-damage|p1a: Vomit wings thing|14\/100 par\n|\n|-heal|p2a: BLIND|13\/100|[from] Grassy Terrain\n|-fieldend|move: Grassy Terrain\n|upkeep\n|turn|16\n|\n|t:|1700414058\n|switch|p2a: BLAME IT ON BABY|Zapdos|100\/100\n|cant|p1a: Vomit wings thing|par\n|\n|upkeep\n|turn|17\n|\n|t:|1700414062\n|move|p1a: Vomit wings thing|Extreme Speed|p2a: BLAME IT ON BABY\n|-damage|p2a: BLAME IT ON BABY|23\/100\n|move|p2a: BLAME IT ON BABY|Volt Switch|p1a: Vomit wings thing\n|-damage|p1a: Vomit wings thing|0 fnt\n|faint|p1a: Vomit wings thing\n|\n|t:|1700414070\n|switch|p2a: PEEP HOLE|Rillaboom, F|100\/100|[from] Volt Switch\n|-fieldstart|move: Grassy Terrain|[from] ability: Grassy Surge|[of] p2a: PEEP HOLE\n|\n|upkeep\n|\n|t:|1700414073\n|switch|p1a: Best of the trio|Zapdos, shiny|90\/100\n|turn|18\n|\n|t:|1700414078\n|move|p1a: Best of the trio|Hurricane|p2a: PEEP HOLE|[miss]\n|-miss|p1a: Best of the trio|p2a: PEEP HOLE\n|move|p2a: PEEP HOLE|Knock Off|p1a: Best of the trio\n|-damage|p1a: Best of the trio|29\/100\n|-enditem|p1a: Best of the trio|Heavy-Duty Boots|[from] move: Knock Off|[of] p2a: PEEP HOLE\n|\n|upkeep\n|turn|19\n|\n|t:|1700414085\n|switch|p2a: BLAME IT ON BABY|Zapdos|23\/100\n|move|p1a: Best of the trio|Hurricane|p2a: BLAME IT ON BABY|[miss]\n|-miss|p1a: Best of the trio|p2a: BLAME IT ON BABY\n|\n|upkeep\n|turn|20\n|c|\u2606WRLD_Endu|fuck this game bro soo annoying\n|\n|t:|1700414101\n|move|p1a: Best of the trio|Thunderbolt|p2a: BLAME IT ON BABY\n|-damage|p2a: BLAME IT ON BABY|0 fnt\n|faint|p2a: BLAME IT ON BABY\n|\n|upkeep\n|\n|t:|1700414110\n|switch|p2a: BLIND|Slowking-Galar, M|47\/100\n|turn|21\n|\n|t:|1700414116\n|switch|p2a: PEEP HOLE|Rillaboom, F|100\/100\n|move|p1a: Best of the trio|Hurricane|p2a: PEEP HOLE\n|-supereffective|p2a: PEEP HOLE\n|-damage|p2a: PEEP HOLE|0 fnt\n|faint|p2a: PEEP HOLE\n|\n|-fieldend|move: Grassy Terrain\n|upkeep\n|\n|t:|1700414128\n|switch|p2a: GO|Cinderace, M|100\/100\n|turn|22\n|\n|t:|1700414137\n|move|p2a: GO|Pyro Ball|p1a: Best of the trio\n|-damage|p1a: Best of the trio|0 fnt\n|faint|p1a: Best of the trio\n|\n|upkeep\n|\n|t:|1700414144\n|switch|p1a: LUH chill|Weavile, F, shiny|100\/100\n|-ability|p1a: LUH chill|Pressure\n|turn|23\n|\n|t:|1700414160\n|move|p1a: LUH chill|Ice Shard|p2a: GO\n|-resisted|p2a: GO\n|-damage|p2a: GO|90\/100\n|move|p2a: GO|Pyro Ball|p1a: LUH chill\n|-supereffective|p1a: LUH chill\n|-damage|p1a: LUH chill|0 fnt\n|faint|p1a: LUH chill\n|\n|upkeep\n|\n|t:|1700414162\n|switch|p1a: LUH menace|Kingambit, F, shiny|100\/100\n|-activate|p1a: LUH menace|ability: Supreme Overlord\n|-start|p1a: LUH menace|fallen3|[silent]\n|turn|24\n|\n|t:|1700414170\n|move|p1a: LUH menace|Sucker Punch||[still]\n|-fail|p1a: LUH menace\n|move|p2a: GO|Will-O-Wisp|p1a: LUH menace|[miss]\n|-miss|p2a: GO|p1a: LUH menace\n|\n|upkeep\n|turn|25\n|\n|t:|1700414175\n|move|p2a: GO|Will-O-Wisp|p1a: LUH menace\n|-status|p1a: LUH menace|brn\n|move|p1a: LUH menace|Kowtow Cleave|p2a: GO\n|-crit|p2a: GO\n|-damage|p2a: GO|34\/100\n|\n|-damage|p1a: LUH menace|94\/100 brn|[from] brn\n|upkeep\n|turn|26\n|\n|t:|1700414183\n|-terastallize|p1a: LUH menace|Steel\n|move|p2a: GO|Pyro Ball|p1a: LUH menace\n|-supereffective|p1a: LUH menace\n|-damage|p1a: LUH menace|27\/100 brn\n|move|p1a: LUH menace|Kowtow Cleave|p2a: GO\n|-damage|p2a: GO|0 fnt\n|faint|p2a: GO\n|\n|-heal|p1a: LUH menace|33\/100 brn|[from] item: Leftovers\n|-damage|p1a: LUH menace|27\/100 brn|[from] brn\n|upkeep\n|\n|t:|1700414194\n|switch|p2a: BLIND|Slowking-Galar, M|80\/100\n|turn|27\n|\n|t:|1700414206\n|-terastallize|p2a: BLIND|Water\n|move|p1a: LUH menace|Kowtow Cleave|p2a: BLIND\n|-damage|p2a: BLIND|46\/100\n|move|p2a: BLIND|Flamethrower|p1a: LUH menace\n|-supereffective|p1a: LUH menace\n|-damage|p1a: LUH menace|0 fnt\n|faint|p1a: LUH menace\n|-end|p1a: LUH menace|fallen3|[silent]\n|\n|upkeep\n|\n|t:|1700414215\n|switch|p1a: Emo asf|Toxapex, M, shiny|100\/100\n|turn|28\n|\n|t:|1700414218\n|move|p1a: Emo asf|Toxic|p2a: BLIND\n|-status|p2a: BLIND|tox\n|move|p2a: BLIND|Psyshock|p1a: Emo asf\n|-supereffective|p1a: Emo asf\n|-damage|p1a: Emo asf|56\/100\n|\n|-heal|p1a: Emo asf|63\/100|[from] item: Leftovers\n|-damage|p2a: BLIND|40\/100 tox|[from] psn\n|upkeep\n|turn|29\n|\n|t:|1700414226\n|move|p1a: Emo asf|Recover|p1a: Emo asf\n|-heal|p1a: Emo asf|100\/100\n|move|p2a: BLIND|Psyshock|p1a: Emo asf\n|-supereffective|p1a: Emo asf\n|-damage|p1a: Emo asf|59\/100\n|\n|-heal|p1a: Emo asf|65\/100|[from] item: Leftovers\n|-damage|p2a: BLIND|28\/100 tox|[from] psn\n|upkeep\n|turn|30\n|\n|t:|1700414236\n|move|p1a: Emo asf|Recover|p1a: Emo asf\n|-heal|p1a: Emo asf|100\/100\n|move|p2a: BLIND|Psyshock|p1a: Emo asf\n|-supereffective|p1a: Emo asf\n|-crit|p1a: Emo asf\n|-damage|p1a: Emo asf|33\/100\n|\n|-heal|p1a: Emo asf|39\/100|[from] item: Leftovers\n|-damage|p2a: BLIND|9\/100 tox|[from] psn\n|upkeep\n|turn|31\n|\n|t:|1700414244\n|switch|p1a: Raven|Corviknight, M, shiny|100\/100\n|-ability|p1a: Raven|Pressure\n|move|p2a: BLIND|Psyshock|p1a: Raven\n|-resisted|p1a: Raven\n|-damage|p1a: Raven|90\/100\n|\n|-heal|p1a: Raven|96\/100|[from] item: Leftovers\n|-damage|p2a: BLIND|0 fnt|[from] psn\n|faint|p2a: BLIND\n|\n|win|WRLD_Endu\n|upkeep\n|raw|WRLD_Endu's rating: 1063 &rarr; <strong>1101<\/strong><br \/>(+38 for winning)\n|raw|Cadukinhooo's rating: 1151 &rarr; <strong>1120<\/strong><br \/>(-31 for losing)\n","uploadtime":1700414100,"views":7,"p1id":"wrldendu","p2id":"cadukinhooo","formatid":"gen9ou","rating":1101,"private":0,"password":""}