{"id":"gen9ou-1993023601","p1":"TheZalmancer","p2":"CommonBaxcaliburW","format":"[Gen 9] OU","log":"|j|\u2606TheZalmancer\n|j|\u2606CommonBaxcaliburW\n|t:|1700256490\n|gametype|singles\n|player|p1|TheZalmancer|skyla|1177\n|player|p2|CommonBaxcaliburW|whitney|1238\n|teamsize|p1|6\n|teamsize|p2|6\n|gen|9\n|tier|[Gen 9] OU\n|rated|\n|rule|Sleep Clause Mod: Limit one foe put to sleep\n|rule|Species Clause: Limit one of each Pok\u00e9mon\n|rule|OHKO Clause: OHKO moves are banned\n|rule|Evasion Items Clause: Evasion items are banned\n|rule|Evasion Moves Clause: Evasion moves are banned\n|rule|Endless Battle Clause: Forcing endless battles is banned\n|rule|HP Percentage Mod: HP is shown in percentages\n|clearpoke\n|poke|p1|Okidogi, M|\n|poke|p1|Ninetales-Alola, F|\n|poke|p1|Corviknight, M|\n|poke|p1|Manaphy|\n|poke|p1|Kingambit, F|\n|poke|p1|Ditto|\n|poke|p2|Ogerpon-Wellspring, F|\n|poke|p2|Ting-Lu|\n|poke|p2|Iron Valiant|\n|poke|p2|Kingambit, M|\n|poke|p2|Cinderace, F|\n|poke|p2|Samurott-Hisui, M|\n|teampreview\n|\n|t:|1700256501\n|start\n|switch|p1a: Corviknight|Corviknight, M, shiny|100\/100\n|switch|p2a: Hype Sauce|Ogerpon-Wellspring, F|100\/100\n|turn|1\n|inactive|Battle timer is ON: inactive players will automatically lose when time's up. (requested by CommonBaxcaliburW)\n|\n|t:|1700256521\n|move|p2a: Hype Sauce|Swords Dance|p2a: Hype Sauce\n|-boost|p2a: Hype Sauce|atk|2\n|move|p1a: Corviknight|U-turn|p2a: Hype Sauce\n|-supereffective|p2a: Hype Sauce\n|-damage|p2a: Hype Sauce|60\/100\n|\n|t:|1700256532\n|switch|p1a: Ditto|Ditto, shiny|100\/100|[from] U-turn\n|-transform|p1a: Ditto|p2a: Hype Sauce|[from] ability: Imposter\n|\n|upkeep\n|turn|2\n|\n|t:|1700256544\n|move|p1a: Ditto|Horn Leech|p2a: Hype Sauce\n|-damage|p2a: Hype Sauce|0 fnt\n|faint|p2a: Hype Sauce\n|\n|upkeep\n|\n|t:|1700256561\n|switch|p2a: Samurott|Samurott-Hisui, M|100\/100\n|turn|3\n|\n|t:|1700256570\n|move|p1a: Ditto|Horn Leech|p2a: Samurott\n|-supereffective|p2a: Samurott\n|-crit|p2a: Samurott\n|-damage|p2a: Samurott|0 fnt\n|faint|p2a: Samurott\n|\n|upkeep\n|\n|t:|1700256574\n|switch|p2a: Oh Fr?|Cinderace, F|100\/100\n|turn|4\n|\n|t:|1700256591\n|switch|p1a: Okidogi|Okidogi, M|100\/100\n|move|p2a: Oh Fr?|Pyro Ball|p1a: Okidogi\n|-damage|p1a: Okidogi|50\/100\n|\n|-heal|p1a: Okidogi|56\/100|[from] item: Leftovers\n|upkeep\n|turn|5\n|\n|t:|1700256601\n|move|p2a: Oh Fr?|Pyro Ball|p1a: Okidogi|[miss]\n|-miss|p2a: Oh Fr?|p1a: Okidogi\n|move|p1a: Okidogi|Drain Punch|p2a: Oh Fr?\n|-damage|p2a: Oh Fr?|34\/100\n|-heal|p1a: Okidogi|84\/100|[from] drain|[of] p2a: Oh Fr?\n|\n|-heal|p1a: Okidogi|91\/100|[from] item: Leftovers\n|upkeep\n|turn|6\n|\n|t:|1700256610\n|move|p2a: Oh Fr?|Pyro Ball|p1a: Okidogi\n|-damage|p1a: Okidogi|38\/100\n|move|p1a: Okidogi|Drain Punch|p2a: Oh Fr?\n|-damage|p2a: Oh Fr?|0 fnt\n|-heal|p1a: Okidogi|53\/100|[from] drain|[of] p2a: Oh Fr?\n|faint|p2a: Oh Fr?\n|\n|-heal|p1a: Okidogi|59\/100|[from] item: Leftovers\n|upkeep\n|\n|t:|1700256625\n|switch|p2a: Big Man Ting-Lu|Ting-Lu|100\/100\n|-ability|p2a: Big Man Ting-Lu|Vessel of Ruin\n|turn|7\n|\n|t:|1700256639\n|move|p1a: Okidogi|Bulk Up|p1a: Okidogi\n|-boost|p1a: Okidogi|atk|1\n|-boost|p1a: Okidogi|def|1\n|move|p2a: Big Man Ting-Lu|Earthquake|p1a: Okidogi\n|-supereffective|p1a: Okidogi\n|-damage|p1a: Okidogi|4\/100\n|\n|-heal|p1a: Okidogi|10\/100|[from] item: Leftovers\n|upkeep\n|turn|8\n|\n|t:|1700256649\n|move|p1a: Okidogi|Drain Punch|p2a: Big Man Ting-Lu\n|-supereffective|p2a: Big Man Ting-Lu\n|-crit|p2a: Big Man Ting-Lu\n|-damage|p2a: Big Man Ting-Lu|2\/100\n|-heal|p1a: Okidogi|82\/100|[from] drain|[of] p2a: Big Man Ting-Lu\n|move|p2a: Big Man Ting-Lu|Earthquake|p1a: Okidogi\n|-supereffective|p1a: Okidogi\n|-damage|p1a: Okidogi|20\/100\n|\n|-heal|p1a: Okidogi|26\/100|[from] item: Leftovers\n|-heal|p2a: Big Man Ting-Lu|8\/100|[from] item: Leftovers\n|upkeep\n|turn|9\n|\n|t:|1700256664\n|move|p1a: Okidogi|Drain Punch|p2a: Big Man Ting-Lu\n|-supereffective|p2a: Big Man Ting-Lu\n|-damage|p2a: Big Man Ting-Lu|0 fnt\n|-heal|p1a: Okidogi|32\/100|[from] drain|[of] p2a: Big Man Ting-Lu\n|faint|p2a: Big Man Ting-Lu\n|\n|-heal|p1a: Okidogi|38\/100|[from] item: Leftovers\n|upkeep\n|\n|t:|1700256671\n|switch|p2a: Who is Bro\u2049\ufe0f\ud83d\udd25\ud83d\udde3\ufe0f|Iron Valiant|100\/100\n|-enditem|p2a: Who is Bro\u2049\ufe0f\ud83d\udd25\ud83d\udde3\ufe0f|Booster Energy\n|-activate|p2a: Who is Bro\u2049\ufe0f\ud83d\udd25\ud83d\udde3\ufe0f|ability: Quark Drive|[fromitem]\n|-start|p2a: Who is Bro\u2049\ufe0f\ud83d\udd25\ud83d\udde3\ufe0f|quarkdrivespe\n|turn|10\n|\n|t:|1700256683\n|switch|p1a: Corviknight|Corviknight, M, shiny|100\/100\n|move|p2a: Who is Bro\u2049\ufe0f\ud83d\udd25\ud83d\udde3\ufe0f|Spirit Break|p1a: Corviknight\n|-resisted|p1a: Corviknight\n|-damage|p1a: Corviknight|89\/100\n|-ability|p1a: Corviknight|Mirror Armor\n|-unboost|p2a: Who is Bro\u2049\ufe0f\ud83d\udd25\ud83d\udde3\ufe0f|spa|1\n|\n|upkeep\n|turn|11\n|\n|t:|1700256697\n|move|p2a: Who is Bro\u2049\ufe0f\ud83d\udd25\ud83d\udde3\ufe0f|Swords Dance|p2a: Who is Bro\u2049\ufe0f\ud83d\udd25\ud83d\udde3\ufe0f\n|-boost|p2a: Who is Bro\u2049\ufe0f\ud83d\udd25\ud83d\udde3\ufe0f|atk|2\n|move|p1a: Corviknight|Tailwind|p1a: Corviknight\n|-sidestart|p1: TheZalmancer|move: Tailwind\n|\n|upkeep\n|turn|12\n|\n|t:|1700256704\n|move|p2a: Who is Bro\u2049\ufe0f\ud83d\udd25\ud83d\udde3\ufe0f|Drain Punch|p1a: Corviknight\n|-damage|p1a: Corviknight|39\/100\n|move|p1a: Corviknight|Brave Bird|p2a: Who is Bro\u2049\ufe0f\ud83d\udd25\ud83d\udde3\ufe0f\n|-supereffective|p2a: Who is Bro\u2049\ufe0f\ud83d\udd25\ud83d\udde3\ufe0f\n|-damage|p2a: Who is Bro\u2049\ufe0f\ud83d\udd25\ud83d\udde3\ufe0f|2\/100\n|-damage|p1a: Corviknight|15\/100|[from] Recoil\n|\n|upkeep\n|turn|13\n|\n|t:|1700256713\n|move|p2a: Who is Bro\u2049\ufe0f\ud83d\udd25\ud83d\udde3\ufe0f|Drain Punch|p1a: Corviknight\n|-damage|p1a: Corviknight|0 fnt\n|-heal|p2a: Who is Bro\u2049\ufe0f\ud83d\udd25\ud83d\udde3\ufe0f|13\/100|[from] drain|[of] p1a: Corviknight\n|faint|p1a: Corviknight\n|\n|upkeep\n|\n|t:|1700256724\n|switch|p1a: Ditto|Ditto, shiny|100\/100\n|-transform|p1a: Ditto|p2a: Who is Bro\u2049\ufe0f\ud83d\udd25\ud83d\udde3\ufe0f|[from] ability: Imposter\n|turn|14\n|\n|t:|1700256738\n|move|p1a: Ditto|Drain Punch|p2a: Who is Bro\u2049\ufe0f\ud83d\udd25\ud83d\udde3\ufe0f\n|-resisted|p2a: Who is Bro\u2049\ufe0f\ud83d\udd25\ud83d\udde3\ufe0f\n|-damage|p2a: Who is Bro\u2049\ufe0f\ud83d\udd25\ud83d\udde3\ufe0f|0 fnt\n|faint|p2a: Who is Bro\u2049\ufe0f\ud83d\udd25\ud83d\udde3\ufe0f\n|-end|p2a: Who is Bro\u2049\ufe0f\ud83d\udd25\ud83d\udde3\ufe0f|Quark Drive|[silent]\n|\n|-sideend|p1: TheZalmancer|move: Tailwind\n|upkeep\n|\n|t:|1700256743\n|switch|p2a: Him|Kingambit, M|100\/100\n|-activate|p2a: Him|ability: Supreme Overlord\n|-start|p2a: Him|fallen5|[silent]\n|turn|15\n|-message|CommonBaxcaliburW forfeited.\n|\n|win|TheZalmancer\n|raw|TheZalmancer's rating: 1177 &rarr; <strong>1206<\/strong><br \/>(+29 for winning)\n|raw|CommonBaxcaliburW's rating: 1238 &rarr; <strong>1209<\/strong><br \/>(-29 for losing)\n|l|\u2606CommonBaxcaliburW\n|c|\u2606TheZalmancer|ggs\n|c|\u2606TheZalmancer|you thought you were him but really you were her\n","uploadtime":1700256771,"views":13,"p1id":"thezalmancer","p2id":"commonbaxcaliburw","formatid":"gen9ou","rating":1206,"private":0,"password":""}