{"id":"gen9ou-1990152346","p1":"Kenpachikyouraku","p2":"wookiepizza","format":"[Gen 9] OU","log":"|j|\u2606Kenpachikyouraku\n|j|\u2606wookiepizza\n|t:|1699930308\n|gametype|singles\n|player|p1|Kenpachikyouraku|cynthia|1130\n|player|p2|wookiepizza|266|1146\n|teamsize|p1|6\n|teamsize|p2|6\n|gen|9\n|tier|[Gen 9] OU\n|rated|\n|rule|Sleep Clause Mod: Limit one foe put to sleep\n|rule|Species Clause: Limit one of each Pok\u00e9mon\n|rule|OHKO Clause: OHKO moves are banned\n|rule|Evasion Items Clause: Evasion items are banned\n|rule|Evasion Moves Clause: Evasion moves are banned\n|rule|Endless Battle Clause: Forcing endless battles is banned\n|rule|HP Percentage Mod: HP is shown in percentages\n|clearpoke\n|poke|p1|Pawmot, M|\n|poke|p1|Lucario, F|\n|poke|p1|Mamoswine, F|\n|poke|p1|Quagsire, M|\n|poke|p1|Clodsire, F|\n|poke|p1|Mienshao, F|\n|poke|p2|Ceruledge, F|\n|poke|p2|Enamorus, F|\n|poke|p2|Great Tusk|\n|poke|p2|Slowking-Galar, M|\n|poke|p2|Ninetales-Alola, M|\n|poke|p2|Greninja-*, M|\n|teampreview\n|j| StatykBoy\n|\n|t:|1699930316\n|start\n|switch|p1a: Mienshao|Mienshao, F|100\/100\n|switch|p2a: Doctor Snow|Ninetales-Alola, M|100\/100\n|-weather|Snow|[from] ability: Snow Warning|[of] p2a: Doctor Snow\n|turn|1\n|\n|t:|1699930324\n|move|p1a: Mienshao|Fake Out|p2a: Doctor Snow\n|-damage|p2a: Doctor Snow|84\/100\n|cant|p2a: Doctor Snow|flinch\n|\n|-weather|Snow|[upkeep]\n|upkeep\n|turn|2\n|\n|t:|1699930329\n|move|p2a: Doctor Snow|Aurora Veil|p2a: Doctor Snow\n|-sidestart|p2: wookiepizza|move: Aurora Veil\n|move|p1a: Mienshao|Drain Punch|p2a: Doctor Snow\n|-damage|p2a: Doctor Snow|61\/100\n|\n|-weather|Snow|[upkeep]\n|upkeep\n|turn|3\n|\n|t:|1699930339\n|switch|p2a: i3|Enamorus, F|100\/100\n|switch|p1a: Clodsire|Clodsire, F|100\/100\n|\n|-weather|Snow|[upkeep]\n|upkeep\n|turn|4\n|\n|t:|1699930361\n|switch|p2a: Papapin|Greninja, M|100\/100\n|move|p1a: Clodsire|Toxic|p2a: Papapin\n|-status|p2a: Papapin|tox\n|\n|-weather|Snow|[upkeep]\n|-damage|p2a: Papapin|95\/100 tox|[from] psn\n|upkeep\n|turn|5\n|\n|t:|1699930368\n|move|p1a: Clodsire|Protect|p1a: Clodsire\n|-singleturn|p1a: Clodsire|Protect\n|move|p2a: Papapin|Liquidation|p1a: Clodsire\n|-activate|p1a: Clodsire|move: Protect\n|\n|-weather|none\n|-damage|p2a: Papapin|83\/100 tox|[from] psn\n|upkeep\n|turn|6\n|\n|t:|1699930378\n|switch|p1a: Quagsire|Quagsire, M|100\/100\n|move|p2a: Papapin|Liquidation|p1a: Quagsire\n|-damage|p1a: Quagsire|75\/100\n|\n|-heal|p1a: Quagsire|81\/100|[from] item: Leftovers\n|-damage|p2a: Papapin|65\/100 tox|[from] psn\n|upkeep\n|turn|7\n|\n|t:|1699930387\n|move|p2a: Papapin|Trailblaze|p1a: Quagsire\n|-supereffective|p1a: Quagsire\n|-damage|p1a: Quagsire|42\/100\n|-boost|p2a: Papapin|spe|1\n|move|p1a: Quagsire|Liquidation|p2a: Papapin\n|-resisted|p2a: Papapin\n|-damage|p2a: Papapin|54\/100 tox\n|-unboost|p2a: Papapin|def|1\n|\n|-heal|p1a: Quagsire|48\/100|[from] item: Leftovers\n|-damage|p2a: Papapin|30\/100 tox|[from] psn\n|upkeep\n|turn|8\n|\n|t:|1699930401\n|switch|p2a: Doctor Snow|Ninetales-Alola, M|61\/100\n|-weather|Snow|[from] ability: Snow Warning|[of] p2a: Doctor Snow\n|move|p1a: Quagsire|Recover|p1a: Quagsire\n|-heal|p1a: Quagsire|98\/100\n|\n|-weather|Snow|[upkeep]\n|-heal|p1a: Quagsire|100\/100|[from] item: Leftovers\n|upkeep\n|turn|9\n|\n|t:|1699930416\n|move|p2a: Doctor Snow|Encore|p1a: Quagsire\n|-start|p1a: Quagsire|Encore\n|move|p1a: Quagsire|Recover||[still]\n|-fail|p1a: Quagsire|heal\n|\n|-weather|Snow|[upkeep]\n|-sideend|p2: wookiepizza|move: Aurora Veil\n|upkeep\n|turn|10\n|\n|t:|1699930423\n|switch|p1a: Mamoswine|Mamoswine, F|100\/100\n|move|p2a: Doctor Snow|Freeze-Dry|p1a: Mamoswine\n|-damage|p1a: Mamoswine|60\/100\n|\n|-weather|Snow|[upkeep]\n|upkeep\n|turn|11\n|\n|t:|1699930430\n|move|p2a: Doctor Snow|Aurora Veil|p2a: Doctor Snow\n|-sidestart|p2: wookiepizza|move: Aurora Veil\n|move|p1a: Mamoswine|Iron Head|p2a: Doctor Snow\n|-supereffective|p2a: Doctor Snow\n|-damage|p2a: Doctor Snow|4\/100\n|\n|-weather|Snow|[upkeep]\n|upkeep\n|turn|12\n|\n|t:|1699930441\n|switch|p2a: dark megaman|Ceruledge, F|100\/100\n|move|p1a: Mamoswine|Icicle Spear|p2a: dark megaman\n|-resisted|p2a: dark megaman\n|-damage|p2a: dark megaman|96\/100\n|-ability|p2a: dark megaman|Weak Armor|boost\n|-unboost|p2a: dark megaman|def|1\n|-boost|p2a: dark megaman|spe|2\n|-resisted|p2a: dark megaman\n|-damage|p2a: dark megaman|91\/100\n|-ability|p2a: dark megaman|Weak Armor|boost\n|-unboost|p2a: dark megaman|def|1\n|-boost|p2a: dark megaman|spe|2\n|-resisted|p2a: dark megaman\n|-damage|p2a: dark megaman|83\/100\n|-ability|p2a: dark megaman|Weak Armor|boost\n|-unboost|p2a: dark megaman|def|1\n|-boost|p2a: dark megaman|spe|2\n|-resisted|p2a: dark megaman\n|-damage|p2a: dark megaman|74\/100\n|-ability|p2a: dark megaman|Weak Armor|boost\n|-unboost|p2a: dark megaman|def|1\n|-resisted|p2a: dark megaman\n|-damage|p2a: dark megaman|62\/100\n|-ability|p2a: dark megaman|Weak Armor|boost\n|-unboost|p2a: dark megaman|def|1\n|-hitcount|p2a: dark megaman|5\n|\n|-weather|none\n|upkeep\n|turn|13\n|\n|t:|1699930466\n|switch|p1a: Quagsire|Quagsire, M|100\/100\n|move|p2a: dark megaman|Bitter Blade|p1a: Quagsire\n|-resisted|p1a: Quagsire\n|-damage|p1a: Quagsire|85\/100\n|-heal|p2a: dark megaman|71\/100|[from] drain|[of] p1a: Quagsire\n|\n|-heal|p1a: Quagsire|91\/100|[from] item: Leftovers\n|upkeep\n|turn|14\n|\n|t:|1699930492\n|move|p2a: dark megaman|Swords Dance|p2a: dark megaman\n|-boost|p2a: dark megaman|atk|2\n|move|p1a: Quagsire|Yawn|p2a: dark megaman\n|-start|p2a: dark megaman|move: Yawn|[of] p1a: Quagsire\n|\n|-heal|p1a: Quagsire|97\/100|[from] item: Leftovers\n|upkeep\n|turn|15\n|\n|t:|1699930500\n|move|p2a: dark megaman|Poltergeist|p1a: Quagsire\n|-activate|p1a: Quagsire|move: Poltergeist|Leftovers\n|-damage|p1a: Quagsire|54\/100\n|move|p1a: Quagsire|Liquidation|p2a: dark megaman\n|-supereffective|p2a: dark megaman\n|-damage|p2a: dark megaman|39\/100\n|-ability|p2a: dark megaman|Weak Armor|boost\n|-unboost|p2a: dark megaman|def|1\n|\n|-heal|p1a: Quagsire|60\/100|[from] item: Leftovers\n|-end|p2a: dark megaman|move: Yawn|[silent]\n|-status|p2a: dark megaman|slp\n|upkeep\n|turn|16\n|\n|t:|1699930511\n|cant|p2a: dark megaman|slp\n|move|p1a: Quagsire|Liquidation|p2a: dark megaman\n|-supereffective|p2a: dark megaman\n|-damage|p2a: dark megaman|11\/100 slp\n|\n|-heal|p1a: Quagsire|66\/100|[from] item: Leftovers\n|upkeep\n|turn|17\n|\n|t:|1699930519\n|switch|p2a: Papapin|Greninja, M|30\/100 tox\n|move|p1a: Quagsire|Liquidation|p2a: Papapin\n|-resisted|p2a: Papapin\n|-damage|p2a: Papapin|20\/100 tox\n|\n|-heal|p1a: Quagsire|72\/100|[from] item: Leftovers\n|-damage|p2a: Papapin|14\/100 tox|[from] psn\n|upkeep\n|turn|18\n|\n|t:|1699930528\n|move|p2a: Papapin|Trailblaze|p1a: Quagsire\n|-supereffective|p1a: Quagsire\n|-damage|p1a: Quagsire|28\/100\n|-boost|p2a: Papapin|spe|1\n|move|p1a: Quagsire|Recover|p1a: Quagsire\n|-heal|p1a: Quagsire|78\/100\n|\n|-heal|p1a: Quagsire|85\/100|[from] item: Leftovers\n|-damage|p2a: Papapin|2\/100 tox|[from] psn\n|-sideend|p2: wookiepizza|move: Aurora Veil\n|upkeep\n|turn|19\n|\n|t:|1699930539\n|move|p1a: Quagsire|Protect|p1a: Quagsire\n|-singleturn|p1a: Quagsire|Protect\n|move|p2a: Papapin|U-turn|p1a: Quagsire\n|-activate|p1a: Quagsire|move: Protect\n|\n|-heal|p1a: Quagsire|91\/100|[from] item: Leftovers\n|-damage|p2a: Papapin|0 fnt|[from] psn\n|faint|p2a: Papapin\n|upkeep\n|\n|t:|1699930555\n|switch|p2a: Doctor Snow|Ninetales-Alola, M|4\/100\n|-weather|Snow|[from] ability: Snow Warning|[of] p2a: Doctor Snow\n|turn|20\n|\n|t:|1699930559\n|move|p2a: Doctor Snow|Freeze-Dry|p1a: Quagsire\n|-supereffective|p1a: Quagsire\n|-damage|p1a: Quagsire|0 fnt\n|faint|p1a: Quagsire\n|\n|-weather|Snow|[upkeep]\n|upkeep\n|\n|t:|1699930564\n|switch|p1a: Lucario|Lucario, F|100\/100\n|turn|21\n|\n|t:|1699930574\n|move|p1a: Lucario|Bullet Punch|p2a: Doctor Snow\n|-supereffective|p2a: Doctor Snow\n|-damage|p2a: Doctor Snow|0 fnt\n|faint|p2a: Doctor Snow\n|\n|-weather|Snow|[upkeep]\n|upkeep\n|\n|t:|1699930582\n|switch|p2a: Tartiflette|Great Tusk|100\/100\n|turn|22\n|\n|t:|1699930596\n|switch|p1a: Mienshao|Mienshao, F|100\/100\n|move|p2a: Tartiflette|Bulk Up|p2a: Tartiflette\n|-boost|p2a: Tartiflette|atk|1\n|-boost|p2a: Tartiflette|def|1\n|\n|-weather|Snow|[upkeep]\n|upkeep\n|turn|23\n|\n|t:|1699930604\n|move|p1a: Mienshao|Fake Out|p2a: Tartiflette\n|-damage|p2a: Tartiflette|96\/100\n|-damage|p1a: Mienshao|84\/100|[from] item: Rocky Helmet|[of] p2a: Tartiflette\n|cant|p2a: Tartiflette|flinch\n|\n|-weather|Snow|[upkeep]\n|upkeep\n|turn|24\n|\n|t:|1699930611\n|move|p1a: Mienshao|Ice Spinner|p2a: Tartiflette\n|-supereffective|p2a: Tartiflette\n|-damage|p2a: Tartiflette|76\/100\n|-damage|p1a: Mienshao|67\/100|[from] item: Rocky Helmet|[of] p2a: Tartiflette\n|move|p2a: Tartiflette|Body Press|p1a: Mienshao\n|-damage|p1a: Mienshao|0 fnt\n|faint|p1a: Mienshao\n|\n|-weather|none\n|upkeep\n|\n|t:|1699930623\n|switch|p1a: Clodsire|Clodsire, F|100\/100\n|turn|25\n|\n|t:|1699930636\n|move|p2a: Tartiflette|Earthquake|p1a: Clodsire\n|-supereffective|p1a: Clodsire\n|-damage|p1a: Clodsire|7\/100\n|move|p1a: Clodsire|Toxic|p2a: Tartiflette\n|-status|p2a: Tartiflette|tox\n|\n|-heal|p1a: Clodsire|13\/100|[from] item: Black Sludge\n|-damage|p2a: Tartiflette|69\/100 tox|[from] psn\n|upkeep\n|turn|26\n|\n|t:|1699930645\n|-terastallize|p1a: Clodsire|Flying\n|move|p2a: Tartiflette|Bulk Up|p2a: Tartiflette\n|-boost|p2a: Tartiflette|atk|1\n|-boost|p2a: Tartiflette|def|1\n|move|p1a: Clodsire|Recover|p1a: Clodsire\n|-heal|p1a: Clodsire|63\/100\n|\n|-damage|p1a: Clodsire|51\/100|[from] item: Black Sludge\n|-damage|p2a: Tartiflette|57\/100 tox|[from] psn\n|upkeep\n|turn|27\n|\n|t:|1699930658\n|move|p1a: Clodsire|Protect|p1a: Clodsire\n|-singleturn|p1a: Clodsire|Protect\n|move|p2a: Tartiflette|Bulk Up|p2a: Tartiflette\n|-boost|p2a: Tartiflette|atk|1\n|-boost|p2a: Tartiflette|def|1\n|\n|-damage|p1a: Clodsire|38\/100|[from] item: Black Sludge\n|-damage|p2a: Tartiflette|38\/100 tox|[from] psn\n|upkeep\n|turn|28\n|\n|t:|1699930667\n|move|p2a: Tartiflette|Body Press|p1a: Clodsire\n|-resisted|p1a: Clodsire\n|-damage|p1a: Clodsire|10\/100\n|move|p1a: Clodsire|Recover|p1a: Clodsire\n|-heal|p1a: Clodsire|60\/100\n|\n|-damage|p1a: Clodsire|48\/100|[from] item: Black Sludge\n|-damage|p2a: Tartiflette|13\/100 tox|[from] psn\n|upkeep\n|turn|29\n|\n|t:|1699930681\n|move|p2a: Tartiflette|Body Press|p1a: Clodsire\n|-resisted|p1a: Clodsire\n|-damage|p1a: Clodsire|23\/100\n|move|p1a: Clodsire|Recover|p1a: Clodsire\n|-heal|p1a: Clodsire|73\/100\n|\n|-damage|p1a: Clodsire|61\/100|[from] item: Black Sludge\n|-damage|p2a: Tartiflette|0 fnt|[from] psn\n|faint|p2a: Tartiflette\n|-end|p2a: Tartiflette|Protosynthesis|[silent]\n|upkeep\n|\n|t:|1699930695\n|switch|p2a: L. Ron Hubbard|Slowking-Galar, M|100\/100\n|turn|30\n|\n|t:|1699930699\n|move|p2a: L. Ron Hubbard|Thunder Wave|p1a: Clodsire\n|-status|p1a: Clodsire|par\n|move|p1a: Clodsire|Earthquake|p2a: L. Ron Hubbard\n|-supereffective|p2a: L. Ron Hubbard\n|-crit|p2a: L. Ron Hubbard\n|-damage|p2a: L. Ron Hubbard|16\/100\n|\n|-heal|p2a: L. Ron Hubbard|22\/100|[from] item: Black Sludge\n|-damage|p1a: Clodsire|48\/100 par|[from] item: Black Sludge\n|upkeep\n|turn|31\n|\n|t:|1699930709\n|switch|p2a: i3|Enamorus, F|100\/100\n|move|p1a: Clodsire|Earthquake|p2a: i3\n|-immune|p2a: i3\n|\n|-damage|p1a: Clodsire|36\/100 par|[from] item: Black Sludge\n|upkeep\n|turn|32\n|\n|t:|1699930722\n|move|p2a: i3|Moonblast|p1a: Clodsire\n|-damage|p1a: Clodsire|10\/100 par\n|-unboost|p1a: Clodsire|spa|1\n|move|p1a: Clodsire|Recover|p1a: Clodsire\n|-heal|p1a: Clodsire|60\/100 par\n|\n|-damage|p1a: Clodsire|48\/100 par|[from] item: Black Sludge\n|upkeep\n|turn|33\n|\n|t:|1699930733\n|switch|p2a: dark megaman|Ceruledge, F|11\/100 slp\n|switch|p1a: Lucario|Lucario, F|100\/100\n|\n|upkeep\n|turn|34\n|\n|t:|1699930747\n|switch|p2a: L. Ron Hubbard|Slowking-Galar, M|56\/100\n|move|p1a: Lucario|Thunder Punch|p2a: L. Ron Hubbard\n|-damage|p2a: L. Ron Hubbard|37\/100\n|\n|-heal|p2a: L. Ron Hubbard|43\/100|[from] item: Black Sludge\n|upkeep\n|turn|35\n|\n|t:|1699930754\n|switch|p2a: dark megaman|Ceruledge, F|11\/100 slp\n|move|p1a: Lucario|Flash Cannon|p2a: dark megaman\n|-resisted|p2a: dark megaman\n|-crit|p2a: dark megaman\n|-damage|p2a: dark megaman|0 fnt\n|faint|p2a: dark megaman\n|\n|upkeep\n|\n|t:|1699930761\n|switch|p2a: L. Ron Hubbard|Slowking-Galar, M|76\/100\n|turn|36\n|\n|t:|1699930769\n|switch|p1a: Pawmot|Pawmot, M|100\/100\n|move|p2a: L. Ron Hubbard|Thunder Wave|p1a: Pawmot\n|-immune|p1a: Pawmot\n|\n|-heal|p2a: L. Ron Hubbard|82\/100|[from] item: Black Sludge\n|upkeep\n|turn|37\n|\n|t:|1699930781\n|move|p1a: Pawmot|Revival Blessing|p1a: Pawmot\n|-enditem|p1a: Pawmot|Leppa Berry|[eat]\n|-activate|p1a: Pawmot|item: Leppa Berry|Revival Blessing|[consumed]\n|\n|t:|1699930785\n|-heal|p1: Quagsire|50\/100|[from] move: Revival Blessing\n|move|p2a: L. Ron Hubbard|Chilly Reception|p2a: L. Ron Hubbard\n|-weather|Snow\n|\n|t:|1699930790\n|switch|p2a: i3|Enamorus, F|100\/100|[from] Chilly Reception\n|\n|-weather|Snow|[upkeep]\n|upkeep\n|turn|38\n|\n|t:|1699930798\n|-terastallize|p2a: i3|Ground\n|move|p2a: i3|Calm Mind|p2a: i3\n|-boost|p2a: i3|spa|1\n|-boost|p2a: i3|spd|1\n|move|p1a: Pawmot|Double Shock|p2a: i3\n|-immune|p2a: i3\n|\n|-weather|Snow|[upkeep]\n|upkeep\n|turn|39\n|\n|t:|1699930810\n|move|p2a: i3|Earth Power|p1a: Pawmot\n|-supereffective|p1a: Pawmot\n|-damage|p1a: Pawmot|0 fnt\n|faint|p1a: Pawmot\n|\n|-weather|Snow|[upkeep]\n|upkeep\n|\n|t:|1699930818\n|switch|p1a: Mamoswine|Mamoswine, F|60\/100\n|turn|40\n|\n|t:|1699930826\n|move|p2a: i3|Earth Power|p1a: Mamoswine\n|-damage|p1a: Mamoswine|0 fnt\n|faint|p1a: Mamoswine\n|\n|-weather|Snow|[upkeep]\n|upkeep\n|\n|t:|1699930833\n|switch|p1a: Clodsire|Clodsire, F, tera:Flying|48\/100 par\n|turn|41\n|\n|t:|1699930840\n|move|p2a: i3|Moonblast|p1a: Clodsire\n|-damage|p1a: Clodsire|22\/100 par\n|-unboost|p1a: Clodsire|spa|1\n|move|p1a: Clodsire|Recover|p1a: Clodsire\n|-heal|p1a: Clodsire|72\/100 par\n|\n|-weather|none\n|-damage|p1a: Clodsire|60\/100 par|[from] item: Black Sludge\n|upkeep\n|turn|42\n|\n|t:|1699930849\n|move|p2a: i3|Calm Mind|p2a: i3\n|-boost|p2a: i3|spa|1\n|-boost|p2a: i3|spd|1\n|move|p1a: Clodsire|Toxic|p2a: i3\n|-status|p2a: i3|tox\n|\n|-damage|p1a: Clodsire|47\/100 par|[from] item: Black Sludge\n|-damage|p2a: i3|94\/100 tox|[from] psn\n|upkeep\n|turn|43\n|\n|t:|1699930861\n|move|p2a: i3|Calm Mind|p2a: i3\n|-boost|p2a: i3|spa|1\n|-boost|p2a: i3|spd|1\n|move|p1a: Clodsire|Recover|p1a: Clodsire\n|-heal|p1a: Clodsire|97\/100 par\n|\n|-damage|p1a: Clodsire|85\/100 par|[from] item: Black Sludge\n|-damage|p2a: i3|82\/100 tox|[from] psn\n|upkeep\n|turn|44\n|\n|t:|1699930871\n|cant|p1a: Clodsire|par\n|move|p2a: i3|Calm Mind|p2a: i3\n|-boost|p2a: i3|spa|1\n|-boost|p2a: i3|spd|1\n|\n|-damage|p1a: Clodsire|72\/100 par|[from] item: Black Sludge\n|-damage|p2a: i3|63\/100 tox|[from] psn\n|upkeep\n|turn|45\n|\n|t:|1699930878\n|cant|p1a: Clodsire|par\n|move|p2a: i3|Moonblast|p1a: Clodsire\n|-damage|p1a: Clodsire|43\/100 par\n|\n|-damage|p1a: Clodsire|30\/100 par|[from] item: Black Sludge\n|-damage|p2a: i3|38\/100 tox|[from] psn\n|upkeep\n|turn|46\n|\n|t:|1699930886\n|move|p2a: i3|Moonblast|p1a: Clodsire\n|-damage|p1a: Clodsire|4\/100 par\n|cant|p1a: Clodsire|par\n|\n|-damage|p1a: Clodsire|0 fnt|[from] item: Black Sludge\n|faint|p1a: Clodsire\n|-damage|p2a: i3|7\/100 tox|[from] psn\n|upkeep\n|\n|t:|1699930895\n|switch|p1a: Lucario|Lucario, F|100\/100\n|turn|47\n|\n|t:|1699930908\n|move|p1a: Lucario|Bullet Punch|p2a: i3\n|-damage|p2a: i3|0 fnt\n|faint|p2a: i3\n|\n|upkeep\n|\n|t:|1699930912\n|switch|p2a: L. Ron Hubbard|Slowking-Galar, M|100\/100\n|turn|48\n|\n|t:|1699930917\n|move|p1a: Lucario|Flash Cannon|p2a: L. Ron Hubbard\n|-damage|p2a: L. Ron Hubbard|74\/100\n|move|p2a: L. Ron Hubbard|Thunder Wave|p1a: Lucario\n|-status|p1a: Lucario|par\n|\n|-heal|p2a: L. Ron Hubbard|80\/100|[from] item: Black Sludge\n|upkeep\n|turn|49\n|\n|t:|1699930926\n|cant|p1a: Lucario|par\n|move|p2a: L. Ron Hubbard|Eerie Spell|p1a: Lucario\n|-damage|p1a: Lucario|49\/100 par\n|-activate|p1a: Lucario|move: Eerie Spell|Flash Cannon|3\n|\n|-heal|p2a: L. Ron Hubbard|86\/100|[from] item: Black Sludge\n|upkeep\n|turn|50\n|\n|t:|1699930933\n|move|p1a: Lucario|Thunder Punch|p2a: L. Ron Hubbard\n|-crit|p2a: L. Ron Hubbard\n|-damage|p2a: L. Ron Hubbard|58\/100\n|-status|p2a: L. Ron Hubbard|par\n|move|p2a: L. Ron Hubbard|Eerie Spell|p1a: Lucario\n|-damage|p1a: Lucario|0 fnt\n|faint|p1a: Lucario\n|\n|-heal|p2a: L. Ron Hubbard|64\/100 par|[from] item: Black Sludge\n|upkeep\n|\n|t:|1699930942\n|switch|p1a: Quagsire|Quagsire, M|50\/100\n|turn|51\n|\n|t:|1699930947\n|move|p1a: Quagsire|Protect|p1a: Quagsire\n|-singleturn|p1a: Quagsire|Protect\n|move|p2a: L. Ron Hubbard|Sludge Bomb|p1a: Quagsire\n|-activate|p1a: Quagsire|move: Protect\n|\n|-heal|p1a: Quagsire|57\/100|[from] item: Leftovers\n|-heal|p2a: L. Ron Hubbard|70\/100 par|[from] item: Black Sludge\n|upkeep\n|turn|52\n|\n|t:|1699930956\n|move|p1a: Quagsire|Liquidation|p2a: L. Ron Hubbard\n|-damage|p2a: L. Ron Hubbard|41\/100 par\n|cant|p2a: L. Ron Hubbard|par\n|\n|-heal|p1a: Quagsire|63\/100|[from] item: Leftovers\n|-heal|p2a: L. Ron Hubbard|47\/100 par|[from] item: Black Sludge\n|upkeep\n|turn|53\n|\n|t:|1699930965\n|move|p1a: Quagsire|Recover|p1a: Quagsire\n|-heal|p1a: Quagsire|100\/100\n|move|p2a: L. Ron Hubbard|Sludge Bomb|p1a: Quagsire\n|-resisted|p1a: Quagsire\n|-crit|p1a: Quagsire\n|-damage|p1a: Quagsire|68\/100\n|-status|p1a: Quagsire|psn\n|\n|-heal|p1a: Quagsire|74\/100 psn|[from] item: Leftovers\n|-heal|p2a: L. Ron Hubbard|53\/100 par|[from] item: Black Sludge\n|-damage|p1a: Quagsire|61\/100 psn|[from] psn\n|upkeep\n|turn|54\n|\n|t:|1699930983\n|move|p1a: Quagsire|Liquidation|p2a: L. Ron Hubbard\n|-damage|p2a: L. Ron Hubbard|27\/100 par\n|cant|p2a: L. Ron Hubbard|par\n|\n|-heal|p1a: Quagsire|68\/100 psn|[from] item: Leftovers\n|-heal|p2a: L. Ron Hubbard|33\/100 par|[from] item: Black Sludge\n|-damage|p1a: Quagsire|55\/100 psn|[from] psn\n|upkeep\n|turn|55\n|\n|t:|1699930991\n|move|p1a: Quagsire|Liquidation|p2a: L. Ron Hubbard\n|-damage|p2a: L. Ron Hubbard|4\/100 par\n|cant|p2a: L. Ron Hubbard|par\n|\n|-heal|p1a: Quagsire|61\/100 psn|[from] item: Leftovers\n|-heal|p2a: L. Ron Hubbard|10\/100 par|[from] item: Black Sludge\n|-damage|p1a: Quagsire|49\/100 psn|[from] psn\n|upkeep\n|turn|56\n|c|\u2606Kenpachikyouraku|Gg\n|\n|t:|1699931003\n|move|p1a: Quagsire|Liquidation|p2a: L. Ron Hubbard\n|-damage|p2a: L. Ron Hubbard|0 fnt\n|faint|p2a: L. Ron Hubbard\n|\n|win|Kenpachikyouraku\n|raw|Kenpachikyouraku's rating: 1130 &rarr; <strong>1156<\/strong><br \/>(+26 for winning)\n|raw|wookiepizza's rating: 1146 &rarr; <strong>1120<\/strong><br \/>(-26 for losing)\n","uploadtime":1699931013,"views":37,"p1id":"kenpachikyouraku","p2id":"wookiepizza","formatid":"gen9ou","rating":1120,"private":0,"password":""}