{"id":"gen9ou-2000654861","p1":"jaaired","p2":"didsk7","format":"[Gen 9] OU","log":"|j|\u2606jaaired\n|j|\u2606didsk7\n|t:|1701215086\n|gametype|singles\n|player|p1|jaaired|1|1341\n|player|p2|didsk7|1|1285\n|teamsize|p1|6\n|teamsize|p2|6\n|gen|9\n|tier|[Gen 9] OU\n|rated|\n|rule|Sleep Clause Mod: Limit one foe put to sleep\n|rule|Species Clause: Limit one of each Pok\u00e9mon\n|rule|OHKO Clause: OHKO moves are banned\n|rule|Evasion Items Clause: Evasion items are banned\n|rule|Evasion Moves Clause: Evasion moves are banned\n|rule|Endless Battle Clause: Forcing endless battles is banned\n|rule|HP Percentage Mod: HP is shown in percentages\n|clearpoke\n|poke|p1|Cinderace, M|\n|poke|p1|Heatran, M|\n|poke|p1|Torkoal, M|\n|poke|p1|Walking Wake|\n|poke|p1|Scizor, F|\n|poke|p1|Iron Valiant|\n|poke|p2|Gengar, M|\n|poke|p2|Espeon, M|\n|poke|p2|Heracross, F|\n|poke|p2|Froslass, F|\n|poke|p2|Iron Valiant|\n|poke|p2|Snorlax, M|\n|teampreview\n|inactive|Battle timer is ON: inactive players will automatically lose when time's up. (requested by jaaired)\n|\n|t:|1701215108\n|start\n|switch|p1a: Torkoal|Torkoal, M, shiny|100\/100\n|switch|p2a: Heracross|Heracross, F|100\/100\n|-weather|SunnyDay|[from] ability: Drought|[of] p1a: Torkoal\n|turn|1\n|\n|t:|1701215117\n|move|p2a: Heracross|Earthquake|p1a: Torkoal\n|-supereffective|p1a: Torkoal\n|-damage|p1a: Torkoal|61\/100\n|move|p1a: Torkoal|Fire Blast|p2a: Heracross\n|-supereffective|p2a: Heracross\n|-enditem|p2a: Heracross|Focus Sash\n|-damage|p2a: Heracross|1\/100\n|\n|-weather|SunnyDay|[upkeep]\n|upkeep\n|turn|2\n|\n|t:|1701215128\n|move|p2a: Heracross|Reversal|p1a: Torkoal\n|-damage|p1a: Torkoal|7\/100\n|move|p1a: Torkoal|Stealth Rock|p2a: Heracross\n|-sidestart|p2: didsk7|move: Stealth Rock\n|\n|-weather|SunnyDay|[upkeep]\n|upkeep\n|turn|3\n|\n|t:|1701215140\n|move|p2a: Heracross|Reversal|p1a: Torkoal\n|-damage|p1a: Torkoal|0 fnt\n|faint|p1a: Torkoal\n|-ability|p2a: Heracross|Moxie|boost\n|-boost|p2a: Heracross|atk|1\n|\n|-weather|SunnyDay|[upkeep]\n|upkeep\n|\n|t:|1701215143\n|switch|p1a: Scizor|Scizor, F, shiny|100\/100\n|turn|4\n|\n|t:|1701215148\n|move|p1a: Scizor|Bullet Punch|p2a: Heracross\n|-damage|p2a: Heracross|0 fnt\n|faint|p2a: Heracross\n|\n|-weather|SunnyDay|[upkeep]\n|upkeep\n|\n|t:|1701215154\n|switch|p2a: Snorlax|Snorlax, M|100\/100\n|-damage|p2a: Snorlax|88\/100|[from] Stealth Rock\n|turn|5\n|\n|t:|1701215175\n|-terastallize|p1a: Scizor|Steel\n|move|p1a: Scizor|Bullet Punch|p2a: Snorlax\n|-damage|p2a: Snorlax|44\/100\n|move|p2a: Snorlax|Heat Crash|p1a: Scizor\n|-supereffective|p1a: Scizor\n|-damage|p1a: Scizor|43\/100\n|\n|-weather|SunnyDay|[upkeep]\n|upkeep\n|turn|6\n|\n|t:|1701215194\n|move|p1a: Scizor|Bullet Punch|p2a: Snorlax\n|-damage|p2a: Snorlax|1\/100\n|move|p2a: Snorlax|Heat Crash|p1a: Scizor\n|-supereffective|p1a: Scizor\n|-damage|p1a: Scizor|0 fnt\n|faint|p1a: Scizor\n|\n|-weather|SunnyDay|[upkeep]\n|upkeep\n|\n|t:|1701215200\n|switch|p1a: Heatran|Heatran, M|100\/100\n|turn|7\n|\n|t:|1701215211\n|move|p1a: Heatran|Earth Power|p2a: Snorlax\n|-damage|p2a: Snorlax|0 fnt\n|faint|p2a: Snorlax\n|\n|-weather|SunnyDay|[upkeep]\n|upkeep\n|inactive|didsk7 has 120 seconds left.\n|\n|t:|1701215245\n|switch|p2a: Espeon|Espeon, M, shiny|100\/100\n|-damage|p2a: Espeon|88\/100|[from] Stealth Rock\n|turn|8\n|inactive|didsk7 has 120 seconds left.\n|\n|t:|1701215257\n|-terastallize|p2a: Espeon|Fighting\n|move|p2a: Espeon|Tera Blast|p1a: Heatran|[anim] Tera Blast Fighting\n|-supereffective|p1a: Heatran\n|-damage|p1a: Heatran|32\/100\n|move|p1a: Heatran|Magma Storm|p2a: Espeon\n|-damage|p2a: Espeon|0 fnt\n|faint|p2a: Espeon\n|\n|-weather|none\n|-heal|p1a: Heatran|38\/100|[from] item: Leftovers\n|upkeep\n|inactive|didsk7 has 120 seconds left.\n|\n|t:|1701215280\n|switch|p2a: Iron Valiant|Iron Valiant|100\/100\n|-damage|p2a: Iron Valiant|94\/100|[from] Stealth Rock\n|-enditem|p2a: Iron Valiant|Booster Energy\n|-activate|p2a: Iron Valiant|ability: Quark Drive|[fromitem]\n|-start|p2a: Iron Valiant|quarkdrivespe\n|turn|9\n|\n|t:|1701215286\n|move|p2a: Iron Valiant|Close Combat|p1a: Heatran\n|-supereffective|p1a: Heatran\n|-crit|p1a: Heatran\n|-damage|p1a: Heatran|0 fnt\n|-unboost|p2a: Iron Valiant|def|1\n|-unboost|p2a: Iron Valiant|spd|1\n|faint|p1a: Heatran\n|\n|upkeep\n|\n|t:|1701215295\n|switch|p1a: Iron Valiant|Iron Valiant, shiny|100\/100\n|-enditem|p1a: Iron Valiant|Booster Energy\n|-activate|p1a: Iron Valiant|ability: Quark Drive|[fromitem]\n|-start|p1a: Iron Valiant|quarkdrivespe\n|turn|10\n|\n|t:|1701215299\n|move|p2a: Iron Valiant|Moonblast|p1a: Iron Valiant\n|-supereffective|p1a: Iron Valiant\n|-damage|p1a: Iron Valiant|0 fnt\n|faint|p1a: Iron Valiant\n|-end|p1a: Iron Valiant|Quark Drive|[silent]\n|\n|upkeep\n|\n|t:|1701215305\n|switch|p1a: Walking Wake|Walking Wake|100\/100\n|turn|11\n|\n|t:|1701215315\n|move|p2a: Iron Valiant|Moonblast|p1a: Walking Wake\n|-supereffective|p1a: Walking Wake\n|-damage|p1a: Walking Wake|18\/100\n|move|p1a: Walking Wake|Hydro Steam|p2a: Iron Valiant\n|-damage|p2a: Iron Valiant|0 fnt\n|faint|p2a: Iron Valiant\n|-end|p2a: Iron Valiant|Quark Drive|[silent]\n|-damage|p1a: Walking Wake|8\/100|[from] item: Life Orb\n|\n|upkeep\n|\n|t:|1701215325\n|switch|p2a: Froslass|Froslass, F|100\/100\n|-damage|p2a: Froslass|76\/100|[from] Stealth Rock\n|turn|12\n|\n|t:|1701215336\n|move|p2a: Froslass|Icicle Spear|p1a: Walking Wake\n|-damage|p1a: Walking Wake|0 fnt\n|faint|p1a: Walking Wake\n|-end|p1a: Walking Wake|Protosynthesis|[silent]\n|-hitcount|p1: Walking Wake|1\n|\n|upkeep\n|\n|t:|1701215339\n|switch|p1a: Cinderace|Cinderace, M, shiny|100\/100\n|turn|13\n|\n|t:|1701215344\n|move|p1a: Cinderace|Sucker Punch|p2a: Froslass\n|-start|p1a: Cinderace|typechange|Dark|[from] ability: Libero\n|-supereffective|p2a: Froslass\n|-damage|p2a: Froslass|0 fnt\n|faint|p2a: Froslass\n|\n|upkeep\n|\n|t:|1701215351\n|switch|p2a: Gengar|Gengar, M|100\/100\n|-damage|p2a: Gengar|88\/100|[from] Stealth Rock\n|turn|14\n|\n|t:|1701215354\n|move|p1a: Cinderace|Sucker Punch||[still]\n|-fail|p1a: Cinderace\n|move|p2a: Gengar|Nasty Plot|p2a: Gengar\n|-boost|p2a: Gengar|spa|2\n|\n|upkeep\n|turn|15\n|\n|t:|1701215364\n|move|p2a: Gengar|Endure|p2a: Gengar\n|-singleturn|p2a: Gengar|move: Endure\n|move|p1a: Cinderace|Sucker Punch||[still]\n|-fail|p1a: Cinderace\n|\n|upkeep\n|turn|16\n|\n|t:|1701215371\n|move|p1a: Cinderace|Sucker Punch||[still]\n|-fail|p1a: Cinderace\n|move|p2a: Gengar|Nasty Plot|p2a: Gengar\n|-boost|p2a: Gengar|spa|2\n|\n|upkeep\n|turn|17\n|\n|t:|1701215377\n|move|p2a: Gengar|Endure|p2a: Gengar\n|-singleturn|p2a: Gengar|move: Endure\n|move|p1a: Cinderace|Sucker Punch||[still]\n|-fail|p1a: Cinderace\n|\n|upkeep\n|turn|18\n|\n|t:|1701215383\n|move|p1a: Cinderace|Sucker Punch||[still]\n|-fail|p1a: Cinderace\n|move|p2a: Gengar|Nasty Plot|p2a: Gengar\n|-boost|p2a: Gengar|spa|2\n|\n|upkeep\n|turn|19\n|\n|t:|1701215389\n|move|p2a: Gengar|Endure|p2a: Gengar\n|-singleturn|p2a: Gengar|move: Endure\n|move|p1a: Cinderace|Sucker Punch||[still]\n|-fail|p1a: Cinderace\n|\n|upkeep\n|turn|20\n|\n|t:|1701215393\n|move|p1a: Cinderace|Sucker Punch||[still]\n|-fail|p1a: Cinderace\n|move|p2a: Gengar|Nasty Plot|p2a: Gengar\n|-boost|p2a: Gengar|spa|0\n|\n|upkeep\n|turn|21\n|\n|t:|1701215398\n|move|p2a: Gengar|Endure|p2a: Gengar\n|-singleturn|p2a: Gengar|move: Endure\n|-activate|p1a: Cinderace|move: Struggle\n|move|p1a: Cinderace|Struggle|p2a: Gengar\n|-damage|p2a: Gengar|38\/100\n|-damage|p1a: Cinderace|76\/100|[from] recoil\n|\n|upkeep\n|turn|22\n|\n|t:|1701215406\n|-activate|p1a: Cinderace|move: Struggle\n|move|p1a: Cinderace|Struggle|p2a: Gengar\n|-damage|p2a: Gengar|0 fnt\n|faint|p2a: Gengar\n|-damage|p1a: Cinderace|51\/100|[from] recoil\n|\n|win|jaaired\n|raw|jaaired's rating: 1341 &rarr; <strong>1358<\/strong><br \/>(+17 for winning)\n|raw|didsk7's rating: 1285 &rarr; <strong>1264<\/strong><br \/>(-21 for losing)\n|c|\u2606jaaired|Lol\n|c|\u2606didsk7|lol\n","uploadtime":1701215427,"views":0,"p1id":"jaaired","p2id":"didsk7","formatid":"gen9ou","rating":1264,"private":0,"password":""}