{"id":"gen9ou-1989131826","p1":"Agent22Venusaur","p2":"East Yellow","format":"[Gen 9] OU","log":"|j|\u2606Agent22Venusaur\n|j|\u2606East Yellow\n|t:|1699815630\n|gametype|singles\n|player|p1|Agent22Venusaur|janitor|1564\n|player|p2|East Yellow|battlegirl-gen4|1617\n|teamsize|p1|6\n|teamsize|p2|6\n|gen|9\n|tier|[Gen 9] OU\n|rated|\n|rule|Sleep Clause Mod: Limit one foe put to sleep\n|rule|Species Clause: Limit one of each Pok\u00e9mon\n|rule|OHKO Clause: OHKO moves are banned\n|rule|Evasion Items Clause: Evasion items are banned\n|rule|Evasion Moves Clause: Evasion moves are banned\n|rule|Endless Battle Clause: Forcing endless battles is banned\n|rule|HP Percentage Mod: HP is shown in percentages\n|clearpoke\n|poke|p1|Gengar, M|\n|poke|p1|Great Tusk|\n|poke|p1|Ninetales-Alola, F|\n|poke|p1|Manaphy|\n|poke|p1|Zamazenta-*|\n|poke|p1|Glimmora, M|\n|poke|p2|Sneasler, F|\n|poke|p2|Magnezone|\n|poke|p2|Great Tusk|\n|poke|p2|Cinderace, M|\n|poke|p2|Enamorus, F|\n|poke|p2|Clefable, M|\n|teampreview\n|\n|t:|1699815642\n|start\n|switch|p1a: ol reliable|Gengar, M|100\/100\n|switch|p2a: Magnezone|Magnezone|100\/100\n|turn|1\n|\n|t:|1699815649\n|move|p1a: ol reliable|Shadow Ball|p2a: Magnezone\n|-damage|p2a: Magnezone|67\/100\n|move|p2a: Magnezone|Flash Cannon|p1a: ol reliable\n|-damage|p1a: ol reliable|20\/100\n|\n|upkeep\n|turn|2\n|\n|t:|1699815655\n|move|p1a: ol reliable|Destiny Bond|p1a: ol reliable\n|-singlemove|p1a: ol reliable|Destiny Bond\n|move|p2a: Magnezone|Flash Cannon|p1a: ol reliable\n|-damage|p1a: ol reliable|0 fnt\n|faint|p1a: ol reliable\n|-activate|p1a: ol reliable|move: Destiny Bond\n|faint|p2a: Magnezone\n|\n|upkeep\n|\n|t:|1699815671\n|switch|p1a: The Sperminator|Glimmora, M|100\/100\n|switch|p2a: Cinderace|Cinderace, M|100\/100\n|turn|3\n|\n|t:|1699815682\n|move|p2a: Cinderace|Pyro Ball|p1a: The Sperminator\n|-resisted|p1a: The Sperminator\n|-damage|p1a: The Sperminator|67\/100\n|-status|p1a: The Sperminator|brn\n|-activate|p1a: The Sperminator|ability: Toxic Debris\n|-sidestart|p2: East Yellow|move: Toxic Spikes\n|-enditem|p1a: The Sperminator|Red Card|[of] p2a: Cinderace\n|drag|p2a: Clefable|Clefable, M|100\/100\n|move|p1a: The Sperminator|Stealth Rock|p2a: Clefable\n|-sidestart|p2: East Yellow|move: Stealth Rock\n|\n|-damage|p1a: The Sperminator|61\/100 brn|[from] brn\n|upkeep\n|turn|4\n|\n|t:|1699815693\n|move|p2a: Clefable|Protect|p2a: Clefable\n|-singleturn|p2a: Clefable|Protect\n|move|p1a: The Sperminator|Sludge Wave|p2a: Clefable\n|-activate|p2a: Clefable|move: Protect\n|\n|-damage|p1a: The Sperminator|55\/100 brn|[from] brn\n|upkeep\n|turn|5\n|\n|t:|1699815702\n|switch|p2a: Cinderace|Cinderace, M|100\/100\n|move|p1a: The Sperminator|Sludge Wave|p2a: Cinderace\n|-damage|p2a: Cinderace|30\/100\n|\n|-damage|p1a: The Sperminator|49\/100 brn|[from] brn\n|upkeep\n|turn|6\n|\n|t:|1699815710\n|move|p2a: Cinderace|Court Change|p2a: Cinderace\n|-start|p2a: Cinderace|typechange|Normal|[from] ability: Libero\n|-swapsideconditions\n|-activate|p2a: Cinderace|move: Court Change\n|move|p1a: The Sperminator|Sludge Wave|p2a: Cinderace\n|-damage|p2a: Cinderace|0 fnt\n|faint|p2a: Cinderace\n|\n|-damage|p1a: The Sperminator|43\/100 brn|[from] brn\n|upkeep\n|\n|t:|1699815718\n|switch|p2a: Enamorus|Enamorus, F|100\/100\n|turn|7\n|\n|t:|1699815721\n|move|p2a: Enamorus|Earth Power|p1a: The Sperminator\n|-supereffective|p1a: The Sperminator\n|-damage|p1a: The Sperminator|0 fnt\n|faint|p1a: The Sperminator\n|\n|upkeep\n|\n|t:|1699815728\n|switch|p1a: Jeff Bezos|Great Tusk|100\/100\n|-status|p1a: Jeff Bezos|psn\n|-damage|p1a: Jeff Bezos|98\/100 psn|[from] Stealth Rock\n|turn|8\n|\n|t:|1699815734\n|switch|p2a: Clefable|Clefable, M|100\/100\n|-terastallize|p1a: Jeff Bezos|Steel\n|move|p1a: Jeff Bezos|Rapid Spin|p2a: Clefable\n|-damage|p2a: Clefable|90\/100\n|-boost|p1a: Jeff Bezos|spe|1\n|-sideend|p1: Agent22Venusaur|Toxic Spikes|[from] move: Rapid Spin|[of] p1a: Jeff Bezos\n|-sideend|p1: Agent22Venusaur|Stealth Rock|[from] move: Rapid Spin|[of] p1a: Jeff Bezos\n|\n|-heal|p1a: Jeff Bezos|100\/100 psn|[from] item: Leftovers\n|-damage|p1a: Jeff Bezos|88\/100 psn|[from] psn\n|upkeep\n|turn|9\n|\n|t:|1699815745\n|switch|p2a: Great Tusk|Great Tusk|100\/100\n|-enditem|p2a: Great Tusk|Booster Energy\n|-activate|p2a: Great Tusk|ability: Protosynthesis|[fromitem]\n|-start|p2a: Great Tusk|protosynthesisatk\n|move|p1a: Jeff Bezos|Earthquake|p2a: Great Tusk\n|-damage|p2a: Great Tusk|70\/100\n|\n|-heal|p1a: Jeff Bezos|94\/100 psn|[from] item: Leftovers\n|-damage|p1a: Jeff Bezos|82\/100 psn|[from] psn\n|upkeep\n|turn|10\n|\n|t:|1699815755\n|move|p1a: Jeff Bezos|Ice Spinner|p2a: Great Tusk\n|-supereffective|p2a: Great Tusk\n|-damage|p2a: Great Tusk|37\/100\n|move|p2a: Great Tusk|Rapid Spin|p1a: Jeff Bezos\n|-resisted|p1a: Jeff Bezos\n|-damage|p1a: Jeff Bezos|76\/100 psn\n|-boost|p2a: Great Tusk|spe|1\n|\n|-heal|p1a: Jeff Bezos|82\/100 psn|[from] item: Leftovers\n|-damage|p1a: Jeff Bezos|70\/100 psn|[from] psn\n|upkeep\n|turn|11\n|\n|t:|1699815767\n|move|p2a: Great Tusk|Earthquake|p1a: Jeff Bezos\n|-supereffective|p1a: Jeff Bezos\n|-crit|p1a: Jeff Bezos\n|-damage|p1a: Jeff Bezos|0 fnt\n|faint|p1a: Jeff Bezos\n|-end|p1a: Jeff Bezos|Protosynthesis|[silent]\n|\n|upkeep\n|\n|t:|1699815776\n|switch|p1a: D Cane|Zamazenta|100\/100\n|-ability|p1a: D Cane|Dauntless Shield|boost\n|-boost|p1a: D Cane|def|1\n|turn|12\n|inactive|Battle timer is ON: inactive players will automatically lose when time's up. (requested by Agent22Venusaur)\n|\n|t:|1699815812\n|move|p2a: Great Tusk|Close Combat|p1a: D Cane\n|-damage|p1a: D Cane|59\/100\n|-unboost|p2a: Great Tusk|def|1\n|-unboost|p2a: Great Tusk|spd|1\n|move|p1a: D Cane|Iron Defense|p1a: D Cane\n|-boost|p1a: D Cane|def|2\n|\n|-heal|p1a: D Cane|65\/100|[from] item: Leftovers\n|upkeep\n|turn|13\n|\n|t:|1699815821\n|move|p2a: Great Tusk|Close Combat|p1a: D Cane\n|-damage|p1a: D Cane|42\/100\n|-unboost|p2a: Great Tusk|def|1\n|-unboost|p2a: Great Tusk|spd|1\n|move|p1a: D Cane|Body Press|p2a: Great Tusk\n|-damage|p2a: Great Tusk|0 fnt\n|faint|p2a: Great Tusk\n|-end|p2a: Great Tusk|Protosynthesis|[silent]\n|\n|-heal|p1a: D Cane|48\/100|[from] item: Leftovers\n|upkeep\n|\n|t:|1699815823\n|switch|p2a: Clefable|Clefable, M|90\/100\n|turn|14\n|\n|t:|1699815833\n|move|p1a: D Cane|Body Press|p2a: Clefable\n|-resisted|p2a: Clefable\n|-damage|p2a: Clefable|76\/100\n|move|p2a: Clefable|Moonblast|p1a: D Cane\n|-supereffective|p1a: D Cane\n|-damage|p1a: D Cane|0 fnt\n|faint|p1a: D Cane\n|\n|upkeep\n|\n|t:|1699815841\n|switch|p1a: This time of year|Ninetales-Alola, F|100\/100\n|-weather|Snow|[from] ability: Snow Warning|[of] p1a: This time of year\n|turn|15\n|\n|t:|1699815846\n|move|p1a: This time of year|Aurora Veil|p1a: This time of year\n|-sidestart|p1: Agent22Venusaur|move: Aurora Veil\n|move|p2a: Clefable|Thunder Wave|p1a: This time of year\n|-status|p1a: This time of year|par\n|\n|-weather|Snow|[upkeep]\n|upkeep\n|turn|16\n|\n|t:|1699815856\n|cant|p1a: This time of year|par\n|move|p2a: Clefable|Moonblast|p1a: This time of year\n|-damage|p1a: This time of year|84\/100 par\n|-unboost|p1a: This time of year|spa|1\n|\n|-weather|Snow|[upkeep]\n|upkeep\n|turn|17\n|\n|t:|1699815862\n|switch|p2a: Sneasler|Sneasler, F|100\/100\n|move|p1a: This time of year|Encore||[still]\n|-fail|p1a: This time of year\n|\n|-weather|Snow|[upkeep]\n|upkeep\n|turn|18\n|\n|t:|1699815868\n|switch|p1a: ye|Manaphy, shiny|100\/100\n|move|p2a: Sneasler|Swords Dance|p2a: Sneasler\n|-boost|p2a: Sneasler|atk|2\n|\n|-weather|Snow|[upkeep]\n|upkeep\n|turn|19\n|\n|t:|1699815875\n|move|p2a: Sneasler|Dire Claw|p1a: ye\n|-damage|p1a: ye|58\/100\n|move|p1a: ye|Tail Glow|p1a: ye\n|-boost|p1a: ye|spa|3\n|\n|-weather|none\n|-heal|p1a: ye|64\/100|[from] item: Leftovers\n|upkeep\n|turn|20\n|\n|t:|1699815884\n|switch|p2a: Clefable|Clefable, M|76\/100\n|move|p1a: ye|Surf|p2a: Clefable\n|-damage|p2a: Clefable|38\/100\n|\n|-heal|p1a: ye|71\/100|[from] item: Leftovers\n|upkeep\n|turn|21\n|\n|t:|1699815891\n|-terastallize|p2a: Clefable|Water\n|move|p1a: ye|Surf|p2a: Clefable\n|-resisted|p2a: Clefable\n|-damage|p2a: Clefable|20\/100\n|move|p2a: Clefable|Wish|p2a: Clefable\n|\n|-heal|p1a: ye|77\/100|[from] item: Leftovers\n|upkeep\n|turn|22\n|\n|t:|1699815900\n|move|p2a: Clefable|Protect|p2a: Clefable\n|-singleturn|p2a: Clefable|Protect\n|move|p1a: ye|Tail Glow|p1a: ye\n|-boost|p1a: ye|spa|3\n|\n|-heal|p2a: Clefable|70\/100|[from] move: Wish|[wisher] Clefable\n|-heal|p1a: ye|83\/100|[from] item: Leftovers\n|-sideend|p1: Agent22Venusaur|move: Aurora Veil\n|upkeep\n|turn|23\n|\n|t:|1699815908\n|move|p1a: ye|Energy Ball|p2a: Clefable\n|-supereffective|p2a: Clefable\n|-damage|p2a: Clefable|18\/100\n|move|p2a: Clefable|Wish|p2a: Clefable\n|\n|-heal|p1a: ye|89\/100|[from] item: Leftovers\n|upkeep\n|turn|24\n|\n|t:|1699815914\n|move|p2a: Clefable|Protect|p2a: Clefable\n|-singleturn|p2a: Clefable|Protect\n|move|p1a: ye|Energy Ball|p2a: Clefable\n|-activate|p2a: Clefable|move: Protect\n|\n|-heal|p2a: Clefable|68\/100|[from] move: Wish|[wisher] Clefable\n|-heal|p1a: ye|95\/100|[from] item: Leftovers\n|upkeep\n|turn|25\n|\n|t:|1699815922\n|move|p1a: ye|Energy Ball|p2a: Clefable\n|-supereffective|p2a: Clefable\n|-damage|p2a: Clefable|15\/100\n|move|p2a: Clefable|Moonblast|p1a: ye\n|-damage|p1a: ye|64\/100\n|\n|-heal|p1a: ye|71\/100|[from] item: Leftovers\n|upkeep\n|turn|26\n|\n|t:|1699815931\n|move|p1a: ye|Surf|p2a: Clefable\n|-resisted|p2a: Clefable\n|-damage|p2a: Clefable|0 fnt\n|faint|p2a: Clefable\n|\n|-heal|p1a: ye|77\/100|[from] item: Leftovers\n|upkeep\n|\n|t:|1699815934\n|switch|p2a: Enamorus|Enamorus, F|100\/100\n|turn|27\n|\n|t:|1699815940\n|move|p2a: Enamorus|Moonblast|p1a: ye\n|-damage|p1a: ye|23\/100\n|move|p1a: ye|Ice Beam|p2a: Enamorus\n|-supereffective|p2a: Enamorus\n|-damage|p2a: Enamorus|0 fnt\n|faint|p2a: Enamorus\n|\n|-heal|p1a: ye|29\/100|[from] item: Leftovers\n|upkeep\n|\n|t:|1699815942\n|switch|p2a: Sneasler|Sneasler, F|100\/100\n|turn|28\n|\n|t:|1699815951\n|move|p2a: Sneasler|Dire Claw|p1a: ye\n|-damage|p1a: ye|0 fnt\n|faint|p1a: ye\n|\n|upkeep\n|-message|Agent22Venusaur forfeited.\n|\n|win|East Yellow\n|raw|Agent22Venusaur's rating: 1564 &rarr; <strong>1547<\/strong><br \/>(-17 for losing)\n|raw|East Yellow's rating: 1617 &rarr; <strong>1634<\/strong><br \/>(+17 for winning)\n|l|\u2606Agent22Venusaur\n","uploadtime":1699815961,"views":29,"p1id":"agent22venusaur","p2id":"eastyellow","formatid":"gen9ou","rating":1547,"private":0,"password":""}