{"id":"gen9ou-1995865799","p1":"Play_For_Life_18","p2":"273_Kalstor","format":"[Gen 9] OU","log":"|j|\u2606Play_For_Life_18\n|j|\u2606273_Kalstor\n|t:|1700611258\n|gametype|singles\n|player|p1|Play_For_Life_18|2|1102\n|player|p2|273_Kalstor|acetrainerf-gen4dp|1060\n|teamsize|p1|6\n|teamsize|p2|6\n|gen|9\n|tier|[Gen 9] OU\n|rated|\n|rule|Sleep Clause Mod: Limit one foe put to sleep\n|rule|Species Clause: Limit one of each Pok\u00e9mon\n|rule|OHKO Clause: OHKO moves are banned\n|rule|Evasion Items Clause: Evasion items are banned\n|rule|Evasion Moves Clause: Evasion moves are banned\n|rule|Endless Battle Clause: Forcing endless battles is banned\n|rule|HP Percentage Mod: HP is shown in percentages\n|clearpoke\n|poke|p1|Slaking, M|\n|poke|p1|Iron Valiant|\n|poke|p1|Gholdengo|\n|poke|p1|Alomomola, F|\n|poke|p1|Clodsire, F|\n|poke|p1|Scizor, M|\n|poke|p2|Chandelure, M|\n|poke|p2|Torkoal, F|\n|poke|p2|Great Tusk|\n|poke|p2|Zapdos|\n|poke|p2|Rillaboom, M|\n|poke|p2|Ogerpon-Wellspring, F|\n|teampreview\n|\n|t:|1700611267\n|start\n|switch|p1a: Slaking|Slaking, M|100\/100\n|switch|p2a: Ogerpon|Ogerpon-Wellspring, F|100\/100\n|turn|1\n|\n|t:|1700611273\n|move|p2a: Ogerpon|Spiky Shield|p2a: Ogerpon\n|-singleturn|p2a: Ogerpon|move: Protect\n|move|p1a: Slaking|Knock Off|p2a: Ogerpon\n|-activate|p2a: Ogerpon|move: Protect\n|-damage|p1a: Slaking|88\/100|[from] Spiky Shield|[of] p2a: Ogerpon\n|\n|upkeep\n|turn|2\n|\n|t:|1700611287\n|switch|p1a: Alomomola|Alomomola, F|100\/100\n|move|p2a: Ogerpon|Knock Off|p1a: Alomomola\n|-damage|p1a: Alomomola|79\/100\n|-enditem|p1a: Alomomola|Heavy-Duty Boots|[from] move: Knock Off|[of] p2a: Ogerpon\n|\n|upkeep\n|turn|3\n|inactive|Battle timer is ON: inactive players will automatically lose when time's up. (requested by 273_Kalstor)\n|\n|t:|1700611291\n|move|p2a: Ogerpon|Seed Bomb|p1a: Alomomola\n|-supereffective|p1a: Alomomola\n|-damage|p1a: Alomomola|25\/100\n|move|p1a: Alomomola|Flip Turn|p2a: Ogerpon\n|-immune|p2a: Ogerpon|[from] ability: Water Absorb\n|\n|upkeep\n|turn|4\n|\n|t:|1700611304\n|switch|p1a: Scizor|Scizor, M|100\/100\n|move|p2a: Ogerpon|Seed Bomb|p1a: Scizor\n|-resisted|p1a: Scizor\n|-damage|p1a: Scizor|92\/100\n|\n|upkeep\n|turn|5\n|\n|t:|1700611308\n|move|p2a: Ogerpon|Ivy Cudgel|p1a: Scizor|[anim] Ivy Cudgel Water\n|-damage|p1a: Scizor|48\/100\n|move|p1a: Scizor|U-turn|p2a: Ogerpon\n|-supereffective|p2a: Ogerpon\n|-damage|p2a: Ogerpon|22\/100\n|\n|t:|1700611320\n|switch|p1a: Alomomola|Alomomola, F|58\/100|[from] U-turn\n|\n|upkeep\n|turn|6\n|\n|t:|1700611323\n|switch|p1a: Scizor|Scizor, M|48\/100\n|move|p2a: Ogerpon|Seed Bomb|p1a: Scizor\n|-resisted|p1a: Scizor\n|-damage|p1a: Scizor|40\/100\n|\n|upkeep\n|turn|7\n|\n|t:|1700611330\n|move|p1a: Scizor|Bullet Punch|p2a: Ogerpon\n|-resisted|p2a: Ogerpon\n|-damage|p2a: Ogerpon|5\/100\n|move|p2a: Ogerpon|Ivy Cudgel|p1a: Scizor|[anim] Ivy Cudgel Water\n|-damage|p1a: Scizor|0 fnt\n|faint|p1a: Scizor\n|\n|upkeep\n|\n|t:|1700611338\n|switch|p1a: Gholdengo|Gholdengo|100\/100\n|turn|8\n|\n|t:|1700611342\n|move|p1a: Gholdengo|Shadow Ball|p2a: Ogerpon\n|-damage|p2a: Ogerpon|0 fnt\n|faint|p2a: Ogerpon\n|\n|upkeep\n|\n|t:|1700611345\n|switch|p2a: Chandelure|Chandelure, M|100\/100\n|turn|9\n|\n|t:|1700611360\n|move|p1a: Gholdengo|Shadow Ball|p2a: Chandelure\n|-supereffective|p2a: Chandelure\n|-damage|p2a: Chandelure|0 fnt\n|faint|p2a: Chandelure\n|\n|upkeep\n|\n|t:|1700611362\n|switch|p2a: Great Tusk|Great Tusk|100\/100\n|turn|10\n|\n|t:|1700611367\n|switch|p1a: Alomomola|Alomomola, F|92\/100\n|move|p2a: Great Tusk|Headlong Rush|p1a: Alomomola\n|-damage|p1a: Alomomola|53\/100\n|-unboost|p2a: Great Tusk|def|1\n|-unboost|p2a: Great Tusk|spd|1\n|\n|upkeep\n|turn|11\n|\n|t:|1700611384\n|-end|p2a: Great Tusk|Protosynthesis|[silent]\n|switch|p2a: Rillaboom|Rillaboom, M|100\/100\n|-fieldstart|move: Grassy Terrain|[from] ability: Grassy Surge|[of] p2a: Rillaboom\n|move|p1a: Alomomola|Wish|p1a: Alomomola\n|\n|-heal|p1a: Alomomola|59\/100|[from] Grassy Terrain\n|upkeep\n|turn|12\n|\n|t:|1700611396\n|switch|p1a: Iron Valiant|Iron Valiant|100\/100\n|-enditem|p1a: Iron Valiant|Booster Energy\n|-activate|p1a: Iron Valiant|ability: Quark Drive|[fromitem]\n|-start|p1a: Iron Valiant|quarkdrivespe\n|move|p2a: Rillaboom|Drum Beating|p1a: Iron Valiant\n|-damage|p1a: Iron Valiant|18\/100\n|-unboost|p1a: Iron Valiant|spe|1\n|\n|-heal|p1a: Iron Valiant|100\/100|[from] move: Wish|[wisher] Alomomola\n|upkeep\n|turn|13\n|\n|t:|1700611410\n|move|p1a: Iron Valiant|Moonblast|p2a: Rillaboom\n|-damage|p2a: Rillaboom|37\/100\n|move|p2a: Rillaboom|Drum Beating|p1a: Iron Valiant\n|-crit|p1a: Iron Valiant\n|-damage|p1a: Iron Valiant|0 fnt\n|faint|p1a: Iron Valiant\n|-end|p1a: Iron Valiant|Quark Drive|[silent]\n|\n|-heal|p2a: Rillaboom|43\/100|[from] Grassy Terrain\n|upkeep\n|\n|t:|1700611420\n|switch|p1a: Slaking|Slaking, M|88\/100\n|turn|14\n|\n|t:|1700611429\n|switch|p2a: Great Tusk|Great Tusk|100\/100\n|move|p1a: Slaking|Ice Punch|p2a: Great Tusk\n|-supereffective|p2a: Great Tusk\n|-damage|p2a: Great Tusk|43\/100\n|\n|-heal|p1a: Slaking|94\/100|[from] Grassy Terrain\n|-heal|p2a: Great Tusk|50\/100|[from] Grassy Terrain\n|upkeep\n|turn|15\n|\n|t:|1700611437\n|switch|p1a: Alomomola|Alomomola, F|92\/100\n|move|p2a: Great Tusk|Headlong Rush|p1a: Alomomola\n|-damage|p1a: Alomomola|57\/100\n|-unboost|p2a: Great Tusk|def|1\n|-unboost|p2a: Great Tusk|spd|1\n|\n|-heal|p2a: Great Tusk|56\/100|[from] Grassy Terrain\n|-heal|p1a: Alomomola|63\/100|[from] Grassy Terrain\n|-fieldend|move: Grassy Terrain\n|upkeep\n|turn|16\n|\n|t:|1700611443\n|-end|p2a: Great Tusk|Protosynthesis|[silent]\n|switch|p2a: Zapdos|Zapdos|100\/100\n|move|p1a: Alomomola|Flip Turn|p2a: Zapdos\n|-damage|p2a: Zapdos|85\/100\n|\n|t:|1700611451\n|switch|p1a: Clodsire|Clodsire, F|100\/100|[from] Flip Turn\n|\n|upkeep\n|turn|17\n|\n|t:|1700611462\n|switch|p2a: Torkoal|Torkoal, F|100\/100\n|-weather|SunnyDay|[from] ability: Drought|[of] p2a: Torkoal\n|move|p1a: Clodsire|Toxic|p2a: Torkoal\n|-status|p2a: Torkoal|tox\n|\n|-weather|SunnyDay|[upkeep]\n|-damage|p2a: Torkoal|94\/100 tox|[from] psn\n|upkeep\n|turn|18\n|\n|t:|1700611469\n|-terastallize|p2a: Torkoal|Grass\n|move|p2a: Torkoal|Solar Beam||[still]\n|-prepare|p2a: Torkoal|Solar Beam\n|-anim|p2a: Torkoal|Solar Beam|p1a: Clodsire\n|-damage|p1a: Clodsire|72\/100\n|move|p1a: Clodsire|Earthquake|p2a: Torkoal\n|-resisted|p2a: Torkoal\n|-damage|p2a: Torkoal|85\/100 tox\n|\n|-weather|SunnyDay|[upkeep]\n|-heal|p1a: Clodsire|78\/100|[from] item: Black Sludge\n|-damage|p2a: Torkoal|73\/100 tox|[from] psn\n|upkeep\n|turn|19\n|\n|t:|1700611480\n|move|p2a: Torkoal|Stealth Rock|p1a: Clodsire\n|-sidestart|p1: Play_For_Life_18|move: Stealth Rock\n|move|p1a: Clodsire|Stealth Rock|p2a: Torkoal\n|-sidestart|p2: 273_Kalstor|move: Stealth Rock\n|\n|-weather|SunnyDay|[upkeep]\n|-heal|p1a: Clodsire|85\/100|[from] item: Black Sludge\n|-damage|p2a: Torkoal|54\/100 tox|[from] psn\n|upkeep\n|turn|20\n|inactive|Play_For_Life_18 has 120 seconds left.\n|\n|t:|1700611513\n|move|p1a: Clodsire|Earthquake|p2a: Torkoal\n|-resisted|p2a: Torkoal\n|-damage|p2a: Torkoal|45\/100 tox\n|move|p2a: Torkoal|Yawn|p1a: Clodsire\n|-start|p1a: Clodsire|move: Yawn|[of] p2a: Torkoal\n|\n|-weather|SunnyDay|[upkeep]\n|-heal|p1a: Clodsire|91\/100|[from] item: Black Sludge\n|-damage|p2a: Torkoal|20\/100 tox|[from] psn\n|upkeep\n|turn|21\n|\n|t:|1700611522\n|switch|p1a: Alomomola|Alomomola, F|96\/100\n|-damage|p1a: Alomomola|84\/100|[from] Stealth Rock\n|move|p2a: Torkoal|Flamethrower|p1a: Alomomola\n|-resisted|p1a: Alomomola\n|-damage|p1a: Alomomola|49\/100\n|-status|p1a: Alomomola|brn\n|\n|-weather|SunnyDay|[upkeep]\n|-damage|p2a: Torkoal|0 fnt|[from] psn\n|faint|p2a: Torkoal\n|-damage|p1a: Alomomola|43\/100 brn|[from] brn\n|upkeep\n|\n|t:|1700611526\n|switch|p2a: Rillaboom|Rillaboom, M|43\/100\n|-damage|p2a: Rillaboom|31\/100|[from] Stealth Rock\n|-fieldstart|move: Grassy Terrain|[from] ability: Grassy Surge|[of] p2a: Rillaboom\n|turn|22\n|\n|t:|1700611530\n|switch|p1a: Clodsire|Clodsire, F|91\/100\n|-damage|p1a: Clodsire|85\/100|[from] Stealth Rock\n|move|p2a: Rillaboom|Grassy Glide|p1a: Clodsire\n|-damage|p1a: Clodsire|32\/100\n|\n|-weather|SunnyDay|[upkeep]\n|-heal|p2a: Rillaboom|37\/100|[from] Grassy Terrain\n|-heal|p1a: Clodsire|38\/100|[from] Grassy Terrain\n|-heal|p1a: Clodsire|44\/100|[from] item: Black Sludge\n|upkeep\n|turn|23\n|\n|t:|1700611540\n|-terastallize|p1a: Clodsire|Poison\n|move|p2a: Rillaboom|Grassy Glide|p1a: Clodsire\n|-resisted|p1a: Clodsire\n|-damage|p1a: Clodsire|19\/100\n|move|p1a: Clodsire|Toxic|p2a: Rillaboom\n|-status|p2a: Rillaboom|tox\n|\n|-weather|SunnyDay|[upkeep]\n|-heal|p2a: Rillaboom|43\/100 tox|[from] Grassy Terrain\n|-heal|p1a: Clodsire|25\/100|[from] Grassy Terrain\n|-heal|p1a: Clodsire|31\/100|[from] item: Black Sludge\n|-damage|p2a: Rillaboom|37\/100 tox|[from] psn\n|upkeep\n|turn|24\n|\n|t:|1700611551\n|move|p2a: Rillaboom|U-turn|p1a: Clodsire\n|-resisted|p1a: Clodsire\n|-damage|p1a: Clodsire|18\/100\n|\n|t:|1700611569\n|switch|p2a: Great Tusk|Great Tusk|56\/100|[from] U-turn\n|-damage|p2a: Great Tusk|53\/100|[from] Stealth Rock\n|-activate|p2a: Great Tusk|ability: Protosynthesis\n|-start|p2a: Great Tusk|protosynthesisatk\n|move|p1a: Clodsire|Recover|p1a: Clodsire\n|-heal|p1a: Clodsire|69\/100\n|\n|-weather|none\n|-end|p2a: Great Tusk|Protosynthesis\n|-heal|p2a: Great Tusk|59\/100|[from] Grassy Terrain\n|-heal|p1a: Clodsire|75\/100|[from] Grassy Terrain\n|-heal|p1a: Clodsire|81\/100|[from] item: Black Sludge\n|upkeep\n|turn|25\n|\n|t:|1700611577\n|switch|p1a: Alomomola|Alomomola, F|76\/100 brn\n|-damage|p1a: Alomomola|64\/100 brn|[from] Stealth Rock\n|move|p2a: Great Tusk|Headlong Rush|p1a: Alomomola\n|-damage|p1a: Alomomola|24\/100 brn\n|-unboost|p2a: Great Tusk|def|1\n|-unboost|p2a: Great Tusk|spd|1\n|\n|-heal|p2a: Great Tusk|65\/100|[from] Grassy Terrain\n|-heal|p1a: Alomomola|30\/100 brn|[from] Grassy Terrain\n|-damage|p1a: Alomomola|24\/100 brn|[from] brn\n|upkeep\n|turn|26\n|\n|t:|1700611587\n|-end|p2a: Great Tusk|Protosynthesis|[silent]\n|switch|p2a: Rillaboom|Rillaboom, M|37\/100 tox\n|-damage|p2a: Rillaboom|25\/100 tox|[from] Stealth Rock\n|move|p1a: Alomomola|Protect||[still]\n|-fail|p1a: Alomomola\n|\n|-heal|p2a: Rillaboom|31\/100 tox|[from] Grassy Terrain\n|-heal|p1a: Alomomola|30\/100 brn|[from] Grassy Terrain\n|-damage|p2a: Rillaboom|25\/100 tox|[from] psn\n|-damage|p1a: Alomomola|24\/100 brn|[from] brn\n|-fieldend|move: Grassy Terrain\n|upkeep\n|turn|27\n|\n|t:|1700611602\n|switch|p1a: Slaking|Slaking, M|94\/100\n|-damage|p1a: Slaking|82\/100|[from] Stealth Rock\n|move|p2a: Rillaboom|Drum Beating|p1a: Slaking\n|-damage|p1a: Slaking|42\/100\n|-unboost|p1a: Slaking|spe|1\n|\n|-damage|p2a: Rillaboom|13\/100 tox|[from] psn\n|upkeep\n|turn|28\n|\n|t:|1700611610\n|switch|p1a: Clodsire|Clodsire, F, tera:Poison|81\/100\n|-damage|p1a: Clodsire|68\/100|[from] Stealth Rock\n|move|p2a: Rillaboom|Drum Beating|p1a: Clodsire\n|-resisted|p1a: Clodsire\n|-damage|p1a: Clodsire|40\/100\n|-unboost|p1a: Clodsire|spe|1\n|\n|-heal|p1a: Clodsire|46\/100|[from] item: Black Sludge\n|-damage|p2a: Rillaboom|0 fnt|[from] psn\n|faint|p2a: Rillaboom\n|upkeep\n|\n|t:|1700611613\n|switch|p2a: Great Tusk|Great Tusk|65\/100\n|-damage|p2a: Great Tusk|62\/100|[from] Stealth Rock\n|turn|29\n|\n|t:|1700611618\n|move|p2a: Great Tusk|Headlong Rush|p1a: Clodsire\n|-supereffective|p1a: Clodsire\n|-damage|p1a: Clodsire|0 fnt\n|-unboost|p2a: Great Tusk|def|1\n|-unboost|p2a: Great Tusk|spd|1\n|faint|p1a: Clodsire\n|\n|upkeep\n|\n|t:|1700611623\n|switch|p1a: Alomomola|Alomomola, F|57\/100 brn\n|-damage|p1a: Alomomola|45\/100 brn|[from] Stealth Rock\n|turn|30\n|\n|t:|1700611626\n|-end|p2a: Great Tusk|Protosynthesis|[silent]\n|switch|p2a: Zapdos|Zapdos|85\/100\n|move|p1a: Alomomola|Wish|p1a: Alomomola\n|\n|-damage|p1a: Alomomola|39\/100 brn|[from] brn\n|upkeep\n|turn|31\n|\n|t:|1700611631\n|move|p2a: Zapdos|Discharge|p1a: Alomomola\n|-supereffective|p1a: Alomomola\n|-damage|p1a: Alomomola|0 fnt\n|faint|p1a: Alomomola\n|\n|upkeep\n|\n|t:|1700611636\n|switch|p1a: Slaking|Slaking, M|42\/100\n|-damage|p1a: Slaking|29\/100|[from] Stealth Rock\n|turn|32\n|\n|t:|1700611641\n|move|p1a: Slaking|Ice Punch|p2a: Zapdos\n|-supereffective|p2a: Zapdos\n|-damage|p2a: Zapdos|0 fnt\n|-status|p1a: Slaking|par|[from] ability: Static|[of] p2a: Zapdos\n|faint|p2a: Zapdos\n|\n|upkeep\n|\n|t:|1700611643\n|switch|p2a: Great Tusk|Great Tusk|62\/100\n|-damage|p2a: Great Tusk|59\/100|[from] Stealth Rock\n|turn|33\n|\n|t:|1700611650\n|switch|p1a: Gholdengo|Gholdengo|100\/100\n|-damage|p1a: Gholdengo|94\/100|[from] Stealth Rock\n|move|p2a: Great Tusk|Bulk Up|p2a: Great Tusk\n|-boost|p2a: Great Tusk|atk|1\n|-boost|p2a: Great Tusk|def|1\n|\n|upkeep\n|turn|34\n|\n|t:|1700611656\n|move|p1a: Gholdengo|Shadow Ball|p2a: Great Tusk\n|-damage|p2a: Great Tusk|3\/100\n|move|p2a: Great Tusk|Headlong Rush|p1a: Gholdengo\n|-supereffective|p1a: Gholdengo\n|-crit|p1a: Gholdengo\n|-damage|p1a: Gholdengo|0 fnt\n|-unboost|p2a: Great Tusk|def|1\n|-unboost|p2a: Great Tusk|spd|1\n|faint|p1a: Gholdengo\n|\n|upkeep\n|\n|t:|1700611661\n|switch|p1a: Slaking|Slaking, M|29\/100 par\n|-damage|p1a: Slaking|17\/100 par|[from] Stealth Rock\n|turn|35\n|\n|t:|1700611664\n|move|p2a: Great Tusk|Headlong Rush|p1a: Slaking\n|-damage|p1a: Slaking|0 fnt\n|-unboost|p2a: Great Tusk|def|1\n|-unboost|p2a: Great Tusk|spd|1\n|faint|p1a: Slaking\n|\n|win|273_Kalstor\n|raw|Play_For_Life_18's rating: 1102 &rarr; <strong>1074<\/strong><br \/>(-28 for losing)\n|raw|273_Kalstor's rating: 1060 &rarr; <strong>1095<\/strong><br \/>(+35 for winning)\n|l|\u2606Play_For_Life_18\n|l|\u2606273_Kalstor\n|j|\u2606273_Kalstor\n|player|p2|273_Kalstor|acetrainerf-gen4dp\n","uploadtime":1700612200,"views":8,"p1id":"playforlife18","p2id":"273kalstor","formatid":"gen9ou","rating":1074,"private":0,"password":""}