{"id":"gen9ou-1997194365","p1":"Werfs2","p2":"UsernameVaries","format":"[Gen 9] OU","log":"|j|\u2606Werfs2\n|j|\u2606UsernameVaries\n|t:|1700774234\n|gametype|singles\n|player|p1|Werfs2|clown|1179\n|player|p2|UsernameVaries|169|1271\n|teamsize|p1|6\n|teamsize|p2|6\n|gen|9\n|tier|[Gen 9] OU\n|rated|\n|rule|Sleep Clause Mod: Limit one foe put to sleep\n|rule|Species Clause: Limit one of each Pok\u00e9mon\n|rule|OHKO Clause: OHKO moves are banned\n|rule|Evasion Items Clause: Evasion items are banned\n|rule|Evasion Moves Clause: Evasion moves are banned\n|rule|Endless Battle Clause: Forcing endless battles is banned\n|rule|HP Percentage Mod: HP is shown in percentages\n|clearpoke\n|poke|p1|Dragonite, M|\n|poke|p1|Crawdaunt, F|\n|poke|p1|Garganacl, M|\n|poke|p1|Ogerpon-Cornerstone, F|\n|poke|p1|Iron Valiant|\n|poke|p1|Iron Moth|\n|poke|p2|Dondozo, F|\n|poke|p2|Clodsire, M|\n|poke|p2|Ting-Lu|\n|poke|p2|Amoonguss, M|\n|poke|p2|Corviknight, F|\n|poke|p2|Kingambit, F|\n|teampreview\n|\n|t:|1700774238\n|start\n|switch|p1a: Garganacl|Garganacl, M|100\/100\n|switch|p2a: Dondozo|Dondozo, F|100\/100\n|turn|1\n|\n|t:|1700774242\n|move|p1a: Garganacl|Salt Cure|p2a: Dondozo\n|-damage|p2a: Dondozo|93\/100\n|-start|p2a: Dondozo|Salt Cure\n|move|p2a: Dondozo|Liquidation|p1a: Garganacl\n|-supereffective|p1a: Garganacl\n|-damage|p1a: Garganacl|63\/100\n|\n|-heal|p2a: Dondozo|99\/100|[from] item: Leftovers\n|-heal|p1a: Garganacl|70\/100|[from] item: Leftovers\n|-damage|p2a: Dondozo|75\/100|[from] Salt Cure\n|upkeep\n|turn|2\n|\n|t:|1700774251\n|move|p1a: Garganacl|Iron Defense|p1a: Garganacl\n|-boost|p1a: Garganacl|def|2\n|move|p2a: Dondozo|Curse|p2a: Dondozo\n|-unboost|p2a: Dondozo|spe|1\n|-boost|p2a: Dondozo|atk|1\n|-boost|p2a: Dondozo|def|1\n|\n|-heal|p1a: Garganacl|76\/100|[from] item: Leftovers\n|-heal|p2a: Dondozo|81\/100|[from] item: Leftovers\n|-damage|p2a: Dondozo|56\/100|[from] Salt Cure\n|upkeep\n|turn|3\n|\n|t:|1700774264\n|switch|p2a: Clodsire|Clodsire, M|100\/100\n|move|p1a: Garganacl|Iron Defense|p1a: Garganacl\n|-boost|p1a: Garganacl|def|2\n|\n|-heal|p1a: Garganacl|82\/100|[from] item: Leftovers\n|upkeep\n|turn|4\n|\n|t:|1700774272\n|move|p1a: Garganacl|Salt Cure|p2a: Clodsire\n|-resisted|p2a: Clodsire\n|-damage|p2a: Clodsire|93\/100\n|-start|p2a: Clodsire|Salt Cure\n|move|p2a: Clodsire|Toxic Spikes|p1a: Garganacl\n|-sidestart|p1: Werfs2|move: Toxic Spikes\n|\n|-heal|p1a: Garganacl|88\/100|[from] item: Leftovers\n|-heal|p2a: Clodsire|99\/100|[from] item: Black Sludge\n|-damage|p2a: Clodsire|87\/100|[from] Salt Cure\n|upkeep\n|turn|5\n|\n|t:|1700774279\n|move|p1a: Garganacl|Iron Defense|p1a: Garganacl\n|-boost|p1a: Garganacl|def|2\n|move|p2a: Clodsire|Toxic Spikes|p1a: Garganacl\n|-sidestart|p1: Werfs2|move: Toxic Spikes\n|\n|-heal|p1a: Garganacl|94\/100|[from] item: Leftovers\n|-heal|p2a: Clodsire|93\/100|[from] item: Black Sludge\n|-damage|p2a: Clodsire|80\/100|[from] Salt Cure\n|upkeep\n|turn|6\n|\n|t:|1700774287\n|move|p1a: Garganacl|Salt Cure|p2a: Clodsire\n|-resisted|p2a: Clodsire\n|-damage|p2a: Clodsire|72\/100\n|move|p2a: Clodsire|Spikes|p1a: Garganacl\n|-sidestart|p1: Werfs2|Spikes\n|\n|-heal|p1a: Garganacl|100\/100|[from] item: Leftovers\n|-heal|p2a: Clodsire|79\/100|[from] item: Black Sludge\n|-damage|p2a: Clodsire|66\/100|[from] Salt Cure\n|upkeep\n|turn|7\n|\n|t:|1700774294\n|move|p1a: Garganacl|Body Press|p2a: Clodsire\n|-resisted|p2a: Clodsire\n|-damage|p2a: Clodsire|54\/100\n|move|p2a: Clodsire|Spikes|p1a: Garganacl\n|-sidestart|p1: Werfs2|Spikes\n|\n|-heal|p2a: Clodsire|60\/100|[from] item: Black Sludge\n|-damage|p2a: Clodsire|47\/100|[from] Salt Cure\n|upkeep\n|turn|8\n|\n|t:|1700774305\n|move|p1a: Garganacl|Body Press|p2a: Clodsire\n|-resisted|p2a: Clodsire\n|-damage|p2a: Clodsire|34\/100\n|move|p2a: Clodsire|Spikes|p1a: Garganacl\n|-sidestart|p1: Werfs2|Spikes\n|\n|-heal|p2a: Clodsire|40\/100|[from] item: Black Sludge\n|-damage|p2a: Clodsire|27\/100|[from] Salt Cure\n|upkeep\n|turn|9\n|\n|t:|1700774314\n|move|p1a: Garganacl|Body Press|p2a: Clodsire\n|-resisted|p2a: Clodsire\n|-damage|p2a: Clodsire|16\/100\n|move|p2a: Clodsire|Recover|p2a: Clodsire\n|-heal|p2a: Clodsire|66\/100\n|\n|-heal|p2a: Clodsire|72\/100|[from] item: Black Sludge\n|-damage|p2a: Clodsire|59\/100|[from] Salt Cure\n|upkeep\n|turn|10\n|\n|t:|1700774319\n|move|p1a: Garganacl|Body Press|p2a: Clodsire\n|-resisted|p2a: Clodsire\n|-damage|p2a: Clodsire|48\/100\n|move|p2a: Clodsire|Haze|p2a: Clodsire\n|-clearallboost\n|\n|-heal|p2a: Clodsire|54\/100|[from] item: Black Sludge\n|-damage|p2a: Clodsire|41\/100|[from] Salt Cure\n|upkeep\n|turn|11\n|\n|t:|1700774323\n|move|p1a: Garganacl|Body Press|p2a: Clodsire\n|-resisted|p2a: Clodsire\n|-damage|p2a: Clodsire|29\/100\n|move|p2a: Clodsire|Recover|p2a: Clodsire\n|-heal|p2a: Clodsire|79\/100\n|\n|-heal|p2a: Clodsire|85\/100|[from] item: Black Sludge\n|-damage|p2a: Clodsire|73\/100|[from] Salt Cure\n|upkeep\n|turn|12\n|\n|t:|1700774329\n|switch|p2a: Dondozo|Dondozo, F|56\/100\n|move|p1a: Garganacl|Iron Defense|p1a: Garganacl\n|-boost|p1a: Garganacl|def|2\n|\n|-heal|p2a: Dondozo|62\/100|[from] item: Leftovers\n|upkeep\n|turn|13\n|\n|t:|1700774337\n|move|p1a: Garganacl|Salt Cure|p2a: Dondozo\n|-damage|p2a: Dondozo|55\/100\n|-start|p2a: Dondozo|Salt Cure\n|move|p2a: Dondozo|Liquidation|p1a: Garganacl\n|-supereffective|p1a: Garganacl\n|-damage|p1a: Garganacl|63\/100\n|\n|-heal|p1a: Garganacl|70\/100|[from] item: Leftovers\n|-heal|p2a: Dondozo|61\/100|[from] item: Leftovers\n|-damage|p2a: Dondozo|36\/100|[from] Salt Cure\n|upkeep\n|turn|14\n|\n|t:|1700774341\n|move|p2a: Dondozo|Rest|p2a: Dondozo\n|-status|p2a: Dondozo|slp|[from] move: Rest\n|-heal|p2a: Dondozo|100\/100 slp|[silent]\n|move|p1a: Garganacl|Iron Defense|p1a: Garganacl\n|-boost|p1a: Garganacl|def|2\n|\n|-heal|p1a: Garganacl|76\/100|[from] item: Leftovers\n|-damage|p2a: Dondozo|75\/100 slp|[from] Salt Cure\n|upkeep\n|turn|15\n|\n|t:|1700774345\n|cant|p2a: Dondozo|slp\n|move|p2a: Dondozo|Sleep Talk|p2a: Dondozo\n|move|p2a: Dondozo|Rest||[from]move: Sleep Talk|[still]\n|-fail|p2a: Dondozo\n|move|p1a: Garganacl|Body Press|p2a: Dondozo\n|-damage|p2a: Dondozo|65\/100 slp\n|\n|-heal|p1a: Garganacl|82\/100|[from] item: Leftovers\n|-heal|p2a: Dondozo|71\/100 slp|[from] item: Leftovers\n|-damage|p2a: Dondozo|46\/100 slp|[from] Salt Cure\n|upkeep\n|turn|16\n|\n|t:|1700774357\n|move|p1a: Garganacl|Iron Defense|p1a: Garganacl\n|-boost|p1a: Garganacl|def|2\n|cant|p2a: Dondozo|slp\n|move|p2a: Dondozo|Sleep Talk|p2a: Dondozo\n|move|p2a: Dondozo|Liquidation|p1a: Garganacl|[from]move: Sleep Talk\n|-supereffective|p1a: Garganacl\n|-damage|p1a: Garganacl|44\/100\n|-unboost|p1a: Garganacl|def|1\n|\n|-heal|p2a: Dondozo|52\/100 slp|[from] item: Leftovers\n|-heal|p1a: Garganacl|50\/100|[from] item: Leftovers\n|-damage|p2a: Dondozo|27\/100 slp|[from] Salt Cure\n|upkeep\n|turn|17\n|\n|t:|1700774367\n|-curestatus|p2a: Dondozo|slp|[msg]\n|move|p2a: Dondozo|Sleep Talk||[still]\n|-fail|p2a: Dondozo\n|move|p1a: Garganacl|Recover|p1a: Garganacl\n|-heal|p1a: Garganacl|100\/100\n|\n|-heal|p2a: Dondozo|34\/100|[from] item: Leftovers\n|-damage|p2a: Dondozo|9\/100|[from] Salt Cure\n|upkeep\n|turn|18\n|\n|t:|1700774373\n|move|p2a: Dondozo|Rest|p2a: Dondozo\n|-status|p2a: Dondozo|slp|[from] move: Rest\n|-heal|p2a: Dondozo|100\/100 slp|[silent]\n|move|p1a: Garganacl|Iron Defense|p1a: Garganacl\n|-boost|p1a: Garganacl|def|1\n|\n|-damage|p2a: Dondozo|75\/100 slp|[from] Salt Cure\n|upkeep\n|turn|19\n|\n|t:|1700774382\n|switch|p2a: Clodsire|Clodsire, M|73\/100\n|move|p1a: Garganacl|Body Press|p2a: Clodsire\n|-resisted|p2a: Clodsire\n|-damage|p2a: Clodsire|59\/100\n|\n|-heal|p2a: Clodsire|65\/100|[from] item: Black Sludge\n|upkeep\n|turn|20\n|\n|t:|1700774387\n|move|p1a: Garganacl|Salt Cure|p2a: Clodsire\n|-resisted|p2a: Clodsire\n|-damage|p2a: Clodsire|57\/100\n|-start|p2a: Clodsire|Salt Cure\n|move|p2a: Clodsire|Haze|p2a: Clodsire\n|-clearallboost\n|\n|-heal|p2a: Clodsire|64\/100|[from] item: Black Sludge\n|-damage|p2a: Clodsire|51\/100|[from] Salt Cure\n|upkeep\n|turn|21\n|inactive|Battle timer is ON: inactive players will automatically lose when time's up. (requested by UsernameVaries)\n|\n|t:|1700774395\n|switch|p2a: Dondozo|Dondozo, F|75\/100 slp\n|move|p1a: Garganacl|Salt Cure|p2a: Dondozo\n|-damage|p2a: Dondozo|69\/100 slp\n|-start|p2a: Dondozo|Salt Cure\n|\n|-heal|p2a: Dondozo|75\/100 slp|[from] item: Leftovers\n|-damage|p2a: Dondozo|50\/100 slp|[from] Salt Cure\n|upkeep\n|turn|22\n|\n|t:|1700774403\n|cant|p2a: Dondozo|slp\n|move|p2a: Dondozo|Sleep Talk|p2a: Dondozo\n|move|p2a: Dondozo|Liquidation|p1a: Garganacl|[from]move: Sleep Talk\n|-supereffective|p1a: Garganacl\n|-crit|p1a: Garganacl\n|-damage|p1a: Garganacl|41\/100\n|move|p1a: Garganacl|Body Press|p2a: Dondozo\n|-damage|p2a: Dondozo|39\/100 slp\n|\n|-heal|p2a: Dondozo|45\/100 slp|[from] item: Leftovers\n|-heal|p1a: Garganacl|47\/100|[from] item: Leftovers\n|-damage|p2a: Dondozo|20\/100 slp|[from] Salt Cure\n|upkeep\n|turn|23\n|\n|t:|1700774415\n|move|p1a: Garganacl|Recover|p1a: Garganacl\n|-heal|p1a: Garganacl|97\/100\n|cant|p2a: Dondozo|slp\n|move|p2a: Dondozo|Sleep Talk|p2a: Dondozo\n|move|p2a: Dondozo|Curse|p2a: Dondozo|[from]move: Sleep Talk\n|-unboost|p2a: Dondozo|spe|1\n|-boost|p2a: Dondozo|atk|1\n|-boost|p2a: Dondozo|def|1\n|\n|-heal|p1a: Garganacl|100\/100|[from] item: Leftovers\n|-heal|p2a: Dondozo|26\/100 slp|[from] item: Leftovers\n|-damage|p2a: Dondozo|1\/100 slp|[from] Salt Cure\n|upkeep\n|turn|24\n|\n|t:|1700774431\n|move|p1a: Garganacl|Iron Defense|p1a: Garganacl\n|-boost|p1a: Garganacl|def|2\n|-curestatus|p2a: Dondozo|slp|[msg]\n|move|p2a: Dondozo|Rest|p2a: Dondozo\n|-status|p2a: Dondozo|slp|[from] move: Rest\n|-heal|p2a: Dondozo|100\/100 slp|[silent]\n|\n|-damage|p2a: Dondozo|75\/100 slp|[from] Salt Cure\n|upkeep\n|turn|25\n|\n|t:|1700774436\n|move|p1a: Garganacl|Iron Defense|p1a: Garganacl\n|-boost|p1a: Garganacl|def|2\n|cant|p2a: Dondozo|slp\n|move|p2a: Dondozo|Sleep Talk|p2a: Dondozo\n|move|p2a: Dondozo|Rest||[from]move: Sleep Talk|[still]\n|-fail|p2a: Dondozo\n|\n|-heal|p2a: Dondozo|82\/100 slp|[from] item: Leftovers\n|-damage|p2a: Dondozo|57\/100 slp|[from] Salt Cure\n|upkeep\n|turn|26\n|\n|t:|1700774440\n|move|p1a: Garganacl|Body Press|p2a: Dondozo\n|-damage|p2a: Dondozo|49\/100 slp\n|cant|p2a: Dondozo|slp\n|move|p2a: Dondozo|Sleep Talk|p2a: Dondozo\n|move|p2a: Dondozo|Curse|p2a: Dondozo|[from]move: Sleep Talk\n|-unboost|p2a: Dondozo|spe|1\n|-boost|p2a: Dondozo|atk|1\n|-boost|p2a: Dondozo|def|1\n|\n|-heal|p2a: Dondozo|55\/100 slp|[from] item: Leftovers\n|-damage|p2a: Dondozo|30\/100 slp|[from] Salt Cure\n|upkeep\n|turn|27\n|\n|t:|1700774447\n|move|p1a: Garganacl|Body Press|p2a: Dondozo\n|-damage|p2a: Dondozo|25\/100 slp\n|-curestatus|p2a: Dondozo|slp|[msg]\n|move|p2a: Dondozo|Sleep Talk||[still]\n|-fail|p2a: Dondozo\n|\n|-heal|p2a: Dondozo|31\/100|[from] item: Leftovers\n|-damage|p2a: Dondozo|6\/100|[from] Salt Cure\n|upkeep\n|turn|28\n|\n|t:|1700774458\n|switch|p2a: Clodsire|Clodsire, M|51\/100\n|move|p1a: Garganacl|Salt Cure|p2a: Clodsire\n|-resisted|p2a: Clodsire\n|-damage|p2a: Clodsire|43\/100\n|-start|p2a: Clodsire|Salt Cure\n|\n|-heal|p2a: Clodsire|49\/100|[from] item: Black Sludge\n|-damage|p2a: Clodsire|37\/100|[from] Salt Cure\n|upkeep\n|turn|29\n|\n|t:|1700774468\n|move|p1a: Garganacl|Salt Cure|p2a: Clodsire\n|-resisted|p2a: Clodsire\n|-damage|p2a: Clodsire|29\/100\n|move|p2a: Clodsire|Recover|p2a: Clodsire\n|-heal|p2a: Clodsire|79\/100\n|\n|-heal|p2a: Clodsire|85\/100|[from] item: Black Sludge\n|-damage|p2a: Clodsire|73\/100|[from] Salt Cure\n|upkeep\n|turn|30\n|\n|t:|1700774483\n|switch|p1a: Dragonite|Dragonite, M|100\/100\n|move|p2a: Clodsire|Haze|p2a: Clodsire\n|-clearallboost\n|\n|-heal|p2a: Clodsire|79\/100|[from] item: Black Sludge\n|-damage|p2a: Clodsire|67\/100|[from] Salt Cure\n|upkeep\n|turn|31\n|\n|t:|1700774490\n|move|p1a: Dragonite|Dragon Dance|p1a: Dragonite\n|-boost|p1a: Dragonite|atk|1\n|-boost|p1a: Dragonite|spe|1\n|move|p2a: Clodsire|Recover|p2a: Clodsire\n|-heal|p2a: Clodsire|100\/100\n|\n|-damage|p2a: Clodsire|88\/100|[from] Salt Cure\n|upkeep\n|turn|32\n|\n|t:|1700774495\n|move|p1a: Dragonite|Dragon Dance|p1a: Dragonite\n|-boost|p1a: Dragonite|atk|1\n|-boost|p1a: Dragonite|spe|1\n|move|p2a: Clodsire|Haze|p2a: Clodsire\n|-clearallboost\n|\n|-heal|p2a: Clodsire|94\/100|[from] item: Black Sludge\n|-damage|p2a: Clodsire|82\/100|[from] Salt Cure\n|upkeep\n|turn|33\n|\n|t:|1700774505\n|switch|p2a: Ting-Lu|Ting-Lu|100\/100\n|-ability|p2a: Ting-Lu|Vessel of Ruin\n|move|p1a: Dragonite|Earthquake|p2a: Ting-Lu\n|-damage|p2a: Ting-Lu|84\/100\n|\n|-heal|p2a: Ting-Lu|90\/100|[from] item: Leftovers\n|upkeep\n|turn|34\n|c|\u2606Werfs2|ty kurwo\n|\n|t:|1700774518\n|switch|p1a: Ogerpon|Ogerpon-Cornerstone, F|100\/100\n|-status|p1a: Ogerpon|tox\n|-damage|p1a: Ogerpon|76\/100 tox|[from] Spikes\n|move|p2a: Ting-Lu|Taunt|p1a: Ogerpon\n|-start|p1a: Ogerpon|move: Taunt\n|\n|-heal|p2a: Ting-Lu|97\/100|[from] item: Leftovers\n|-damage|p1a: Ogerpon|70\/100 tox|[from] psn\n|upkeep\n|turn|35\n|\n|t:|1700774534\n|switch|p2a: Corviknight|Corviknight, F|100\/100\n|-ability|p2a: Corviknight|Pressure\n|move|p1a: Ogerpon|Horn Leech|p2a: Corviknight\n|-resisted|p2a: Corviknight\n|-damage|p2a: Corviknight|94\/100\n|-heal|p1a: Ogerpon|74\/100 tox|[from] drain|[of] p2a: Corviknight\n|\n|-damage|p1a: Ogerpon|62\/100 tox|[from] psn\n|upkeep\n|turn|36\n|\n|t:|1700774556\n|move|p1a: Ogerpon|Horn Leech|p2a: Corviknight\n|-resisted|p2a: Corviknight\n|-damage|p2a: Corviknight|87\/100\n|-heal|p1a: Ogerpon|67\/100 tox|[from] drain|[of] p2a: Corviknight\n|move|p2a: Corviknight|Body Press|p1a: Ogerpon\n|-supereffective|p1a: Ogerpon\n|-crit|p1a: Ogerpon\n|-damage|p1a: Ogerpon|0 fnt\n|faint|p1a: Ogerpon\n|\n|upkeep\n|\n|t:|1700774563\n|switch|p1a: Iron Valiant|Iron Valiant|100\/100\n|-status|p1a: Iron Valiant|tox\n|-damage|p1a: Iron Valiant|76\/100 tox|[from] Spikes\n|-enditem|p1a: Iron Valiant|Booster Energy\n|-activate|p1a: Iron Valiant|ability: Quark Drive|[fromitem]\n|-start|p1a: Iron Valiant|quarkdrivespe\n|turn|37\n|\n|t:|1700774576\n|move|p1a: Iron Valiant|Swords Dance|p1a: Iron Valiant\n|-boost|p1a: Iron Valiant|atk|2\n|move|p2a: Corviknight|U-turn|p1a: Iron Valiant\n|-resisted|p1a: Iron Valiant\n|-damage|p1a: Iron Valiant|71\/100 tox\n|\n|t:|1700774581\n|switch|p2a: Clodsire|Clodsire, M|82\/100|[from] U-turn\n|\n|-heal|p2a: Clodsire|88\/100|[from] item: Black Sludge\n|-damage|p1a: Iron Valiant|65\/100 tox|[from] psn\n|upkeep\n|turn|38\n|\n|t:|1700774588\n|move|p1a: Iron Valiant|Knock Off|p2a: Clodsire\n|-damage|p2a: Clodsire|50\/100\n|-enditem|p2a: Clodsire|Black Sludge|[from] move: Knock Off|[of] p1a: Iron Valiant\n|move|p2a: Clodsire|Haze|p2a: Clodsire\n|-clearallboost\n|\n|-damage|p1a: Iron Valiant|52\/100 tox|[from] psn\n|upkeep\n|turn|39\n|\n|t:|1700774593\n|move|p1a: Iron Valiant|Knock Off|p2a: Clodsire\n|-damage|p2a: Clodsire|23\/100\n|move|p2a: Clodsire|Recover|p2a: Clodsire\n|-heal|p2a: Clodsire|73\/100\n|\n|-damage|p1a: Iron Valiant|34\/100 tox|[from] psn\n|upkeep\n|turn|40\n|\n|t:|1700774596\n|move|p1a: Iron Valiant|Knock Off|p2a: Clodsire\n|-damage|p2a: Clodsire|47\/100\n|move|p2a: Clodsire|Recover|p2a: Clodsire\n|-heal|p2a: Clodsire|97\/100\n|\n|-damage|p1a: Iron Valiant|9\/100 tox|[from] psn\n|upkeep\n|turn|41\n|\n|t:|1700774600\n|move|p1a: Iron Valiant|Close Combat|p2a: Clodsire\n|-resisted|p2a: Clodsire\n|-damage|p2a: Clodsire|63\/100\n|-unboost|p1a: Iron Valiant|def|1\n|-unboost|p1a: Iron Valiant|spd|1\n|move|p2a: Clodsire|Recover|p2a: Clodsire\n|-heal|p2a: Clodsire|100\/100\n|\n|-damage|p1a: Iron Valiant|0 fnt|[from] psn\n|faint|p1a: Iron Valiant\n|-end|p1a: Iron Valiant|Quark Drive|[silent]\n|upkeep\n|\n|t:|1700774604\n|switch|p1a: Dragonite|Dragonite, M|100\/100\n|turn|42\n|\n|t:|1700774614\n|switch|p2a: Ting-Lu|Ting-Lu|97\/100\n|-ability|p2a: Ting-Lu|Vessel of Ruin\n|move|p1a: Dragonite|Earthquake|p2a: Ting-Lu\n|-damage|p2a: Ting-Lu|79\/100\n|\n|-heal|p2a: Ting-Lu|86\/100|[from] item: Leftovers\n|upkeep\n|turn|43\n|\n|t:|1700774620\n|move|p1a: Dragonite|Ice Spinner|p2a: Ting-Lu\n|-supereffective|p2a: Ting-Lu\n|-damage|p2a: Ting-Lu|58\/100\n|move|p2a: Ting-Lu|Taunt|p1a: Dragonite\n|-start|p1a: Dragonite|move: Taunt\n|\n|-heal|p2a: Ting-Lu|65\/100|[from] item: Leftovers\n|upkeep\n|turn|44\n|\n|t:|1700774624\n|move|p1a: Dragonite|Ice Spinner|p2a: Ting-Lu\n|-supereffective|p2a: Ting-Lu\n|-damage|p2a: Ting-Lu|38\/100\n|move|p2a: Ting-Lu|Stealth Rock|p1a: Dragonite\n|-sidestart|p1: Werfs2|move: Stealth Rock\n|\n|-heal|p2a: Ting-Lu|44\/100|[from] item: Leftovers\n|upkeep\n|turn|45\n|\n|t:|1700774626\n|move|p1a: Dragonite|Ice Spinner|p2a: Ting-Lu\n|-supereffective|p2a: Ting-Lu\n|-damage|p2a: Ting-Lu|20\/100\n|move|p2a: Ting-Lu|Ruination|p1a: Dragonite|[miss]\n|-miss|p2a: Ting-Lu|p1a: Dragonite\n|\n|-heal|p2a: Ting-Lu|26\/100|[from] item: Leftovers\n|upkeep\n|turn|46\n|\n|t:|1700774634\n|move|p1a: Dragonite|Ice Spinner|p2a: Ting-Lu\n|-supereffective|p2a: Ting-Lu\n|-damage|p2a: Ting-Lu|0 fnt\n|faint|p2a: Ting-Lu\n|\n|-end|p1a: Dragonite|move: Taunt\n|upkeep\n|\n|t:|1700774638\n|switch|p2a: Corviknight|Corviknight, F|87\/100\n|-ability|p2a: Corviknight|Pressure\n|turn|47\n|\n|t:|1700774654\n|move|p1a: Dragonite|Dragon Dance|p1a: Dragonite\n|-boost|p1a: Dragonite|atk|1\n|-boost|p1a: Dragonite|spe|1\n|move|p2a: Corviknight|Body Press|p1a: Dragonite\n|-resisted|p1a: Dragonite\n|-crit|p1a: Dragonite\n|-damage|p1a: Dragonite|90\/100\n|\n|upkeep\n|turn|48\n|\n|t:|1700774662\n|move|p1a: Dragonite|Ice Spinner|p2a: Corviknight\n|-damage|p2a: Corviknight|59\/100\n|move|p2a: Corviknight|U-turn|p1a: Dragonite\n|-resisted|p1a: Dragonite\n|-damage|p1a: Dragonite|82\/100\n|\n|t:|1700774668\n|switch|p2a: Dondozo|Dondozo, F|6\/100|[from] U-turn\n|\n|-heal|p2a: Dondozo|12\/100|[from] item: Leftovers\n|upkeep\n|turn|49\n|\n|t:|1700774672\n|move|p1a: Dragonite|Extreme Speed|p2a: Dondozo\n|-damage|p2a: Dondozo|0 fnt\n|faint|p2a: Dondozo\n|\n|upkeep\n|\n|t:|1700774677\n|switch|p2a: Amoonguss|Amoonguss, M|100\/100\n|turn|50\n|\n|t:|1700774684\n|move|p1a: Dragonite|Earthquake|p2a: Amoonguss\n|-damage|p2a: Amoonguss|60\/100\n|move|p2a: Amoonguss|Spore|p1a: Dragonite\n|-status|p1a: Dragonite|slp|[from] move: Spore\n|\n|upkeep\n|turn|51\n|\n|t:|1700774689\n|cant|p1a: Dragonite|slp\n|move|p2a: Amoonguss|Clear Smog|p1a: Dragonite\n|-damage|p1a: Dragonite|67\/100 slp\n|-clearboost|p1a: Dragonite\n|\n|upkeep\n|turn|52\n|\n|t:|1700774694\n|-curestatus|p1a: Dragonite|slp|[msg]\n|move|p1a: Dragonite|Dragon Dance|p1a: Dragonite\n|-boost|p1a: Dragonite|atk|1\n|-boost|p1a: Dragonite|spe|1\n|move|p2a: Amoonguss|Sludge Bomb|p1a: Dragonite\n|-damage|p1a: Dragonite|38\/100\n|\n|upkeep\n|turn|53\n|\n|t:|1700774701\n|move|p1a: Dragonite|Ice Spinner|p2a: Amoonguss\n|-supereffective|p2a: Amoonguss\n|-damage|p2a: Amoonguss|0 fnt\n|faint|p2a: Amoonguss\n|\n|upkeep\n|\n|t:|1700774706\n|switch|p2a: Corviknight|Corviknight, F|59\/100\n|-ability|p2a: Corviknight|Pressure\n|turn|54\n|\n|t:|1700774711\n|move|p1a: Dragonite|Ice Spinner|p2a: Corviknight\n|-damage|p2a: Corviknight|30\/100\n|move|p2a: Corviknight|Body Press|p1a: Dragonite\n|-resisted|p1a: Dragonite\n|-damage|p1a: Dragonite|24\/100\n|\n|upkeep\n|turn|55\n|\n|t:|1700774714\n|move|p1a: Dragonite|Ice Spinner|p2a: Corviknight\n|-damage|p2a: Corviknight|4\/100\n|move|p2a: Corviknight|Body Press|p1a: Dragonite\n|-resisted|p1a: Dragonite\n|-damage|p1a: Dragonite|10\/100\n|\n|upkeep\n|turn|56\n|\n|t:|1700774717\n|move|p1a: Dragonite|Extreme Speed|p2a: Corviknight\n|-resisted|p2a: Corviknight\n|-damage|p2a: Corviknight|0 fnt\n|faint|p2a: Corviknight\n|\n|upkeep\n|\n|t:|1700774720\n|switch|p2a: Clodsire|Clodsire, M|100\/100\n|turn|57\n|\n|t:|1700774724\n|move|p1a: Dragonite|Earthquake|p2a: Clodsire\n|-supereffective|p2a: Clodsire\n|-damage|p2a: Clodsire|7\/100\n|move|p2a: Clodsire|Haze|p2a: Clodsire\n|-clearallboost\n|\n|upkeep\n|turn|58\n|\n|t:|1700774728\n|move|p1a: Dragonite|Extreme Speed|p2a: Clodsire\n|-damage|p2a: Clodsire|0 fnt\n|faint|p2a: Clodsire\n|\n|upkeep\n|\n|t:|1700774731\n|switch|p2a: Kingambit|Kingambit, F|100\/100\n|-activate|p2a: Kingambit|ability: Supreme Overlord\n|-start|p2a: Kingambit|fallen5|[silent]\n|turn|59\n|\n|t:|1700774739\n|move|p2a: Kingambit|Sucker Punch|p1a: Dragonite\n|-damage|p1a: Dragonite|0 fnt\n|faint|p1a: Dragonite\n|\n|upkeep\n|\n|t:|1700774745\n|switch|p1a: Garganacl|Garganacl, M|100\/100\n|-damage|p1a: Garganacl|75\/100|[from] Spikes\n|-damage|p1a: Garganacl|63\/100|[from] Stealth Rock\n|turn|60\n|\n|t:|1700774766\n|-terastallize|p1a: Garganacl|Fairy\n|move|p2a: Kingambit|Sucker Punch||[still]\n|-fail|p2a: Kingambit\n|move|p1a: Garganacl|Iron Defense|p1a: Garganacl\n|-boost|p1a: Garganacl|def|2\n|\n|-heal|p1a: Garganacl|69\/100|[from] item: Leftovers\n|upkeep\n|turn|61\n|\n|t:|1700774771\n|move|p2a: Kingambit|Iron Head|p1a: Garganacl\n|-supereffective|p1a: Garganacl\n|-damage|p1a: Garganacl|20\/100\n|move|p1a: Garganacl|Recover|p1a: Garganacl\n|-heal|p1a: Garganacl|70\/100\n|\n|-heal|p1a: Garganacl|76\/100|[from] item: Leftovers\n|upkeep\n|turn|62\n|\n|t:|1700774774\n|move|p2a: Kingambit|Iron Head|p1a: Garganacl\n|-supereffective|p1a: Garganacl\n|-damage|p1a: Garganacl|32\/100\n|move|p1a: Garganacl|Salt Cure|p2a: Kingambit\n|-resisted|p2a: Kingambit\n|-damage|p2a: Kingambit|95\/100\n|-start|p2a: Kingambit|Salt Cure\n|\n|-heal|p1a: Garganacl|38\/100|[from] item: Leftovers\n|-damage|p2a: Kingambit|70\/100|[from] Salt Cure\n|upkeep\n|turn|63\n|\n|t:|1700774777\n|move|p2a: Kingambit|Iron Head|p1a: Garganacl\n|-supereffective|p1a: Garganacl\n|-damage|p1a: Garganacl|0 fnt\n|faint|p1a: Garganacl\n|\n|-damage|p2a: Kingambit|45\/100|[from] Salt Cure\n|upkeep\n|\n|t:|1700774780\n|switch|p1a: Iron Moth|Iron Moth|100\/100\n|-sideend|p1: Werfs2|move: Toxic Spikes|[of] p1a: Iron Moth\n|-damage|p1a: Iron Moth|76\/100|[from] Spikes\n|-damage|p1a: Iron Moth|51\/100|[from] Stealth Rock\n|-enditem|p1a: Iron Moth|Booster Energy\n|-activate|p1a: Iron Moth|ability: Quark Drive|[fromitem]\n|-start|p1a: Iron Moth|quarkdrivespe\n|turn|64\n|\n|t:|1700774789\n|-terastallize|p2a: Kingambit|Dark\n|move|p2a: Kingambit|Sucker Punch||[still]\n|-fail|p2a: Kingambit\n|move|p1a: Iron Moth|Substitute|p1a: Iron Moth\n|-start|p1a: Iron Moth|Substitute\n|-damage|p1a: Iron Moth|26\/100\n|\n|-damage|p2a: Kingambit|33\/100|[from] Salt Cure\n|upkeep\n|turn|65\n|\n|t:|1700774797\n|move|p2a: Kingambit|Sucker Punch|p1a: Iron Moth\n|-end|p1a: Iron Moth|Substitute\n|move|p1a: Iron Moth|Fiery Dance|p2a: Kingambit\n|-damage|p2a: Kingambit|0 fnt\n|-boost|p1a: Iron Moth|spa|1\n|faint|p2a: Kingambit\n|-end|p2a: Kingambit|fallen5|[silent]\n|\n|win|Werfs2\n|raw|Werfs2's rating: 1179 &rarr; <strong>1210<\/strong><br \/>(+31 for winning)\n|raw|UsernameVaries's rating: 1271 &rarr; <strong>1240<\/strong><br \/>(-31 for losing)\n","uploadtime":1700774516,"views":4,"p1id":"werfs2","p2id":"usernamevaries","formatid":"gen9ou","rating":1210,"private":0,"password":""}