{"id":"gen9ou-1999640239","p1":"fropop","p2":"FuzRa_Sheikra","format":"[Gen 9] OU","log":"|j|\u2606fropop\n|j|\u2606FuzRa_Sheikra\n|t:|1701103669\n|gametype|singles\n|player|p1|fropop|n|1506\n|player|p2|FuzRa_Sheikra|acetrainersnow|1506\n|teamsize|p1|6\n|teamsize|p2|6\n|gen|9\n|tier|[Gen 9] OU\n|rated|\n|rule|Sleep Clause Mod: Limit one foe put to sleep\n|rule|Species Clause: Limit one of each Pok\u00e9mon\n|rule|OHKO Clause: OHKO moves are banned\n|rule|Evasion Items Clause: Evasion items are banned\n|rule|Evasion Moves Clause: Evasion moves are banned\n|rule|Endless Battle Clause: Forcing endless battles is banned\n|rule|HP Percentage Mod: HP is shown in percentages\n|clearpoke\n|poke|p1|Goodra-Hisui, M|\n|poke|p1|Alomomola, M|\n|poke|p1|Rillaboom, F|\n|poke|p1|Zapdos|\n|poke|p1|Cinderace, M|\n|poke|p1|Volcanion|\n|poke|p2|Samurott-Hisui, F|\n|poke|p2|Iron Moth|\n|poke|p2|Gholdengo|\n|poke|p2|Greninja-*, M|\n|poke|p2|Great Tusk|\n|poke|p2|Tyranitar, M|\n|teampreview\n|\n|t:|1701103682\n|start\n|switch|p1a: Cinderace|Cinderace, M|100\/100\n|switch|p2a: Samurott|Samurott-Hisui, F|100\/100\n|turn|1\n|\n|t:|1701103694\n|move|p1a: Cinderace|U-turn|p2a: Samurott\n|-start|p1a: Cinderace|typechange|Bug|[from] ability: Libero\n|-supereffective|p2a: Samurott\n|-damage|p2a: Samurott|28\/100\n|\n|t:|1701103702\n|switch|p1a: Rillaboom|Rillaboom, F|100\/100|[from] U-turn\n|-fieldstart|move: Grassy Terrain|[from] ability: Grassy Surge|[of] p1a: Rillaboom\n|move|p2a: Samurott|Ceaseless Edge|p1a: Rillaboom\n|-damage|p1a: Rillaboom|49\/100\n|-sidestart|p1: fropop|Spikes\n|\n|-heal|p2a: Samurott|34\/100|[from] Grassy Terrain\n|-heal|p1a: Rillaboom|56\/100|[from] Grassy Terrain\n|upkeep\n|turn|2\n|\n|t:|1701103715\n|switch|p2a: Iron Moth|Iron Moth|100\/100\n|move|p1a: Rillaboom|U-turn|p2a: Iron Moth\n|-resisted|p2a: Iron Moth\n|-damage|p2a: Iron Moth|85\/100\n|\n|t:|1701103728\n|switch|p1a: Volcanion|Volcanion|100\/100|[from] U-turn\n|\n|-heal|p2a: Iron Moth|91\/100|[from] Grassy Terrain\n|upkeep\n|turn|3\n|\n|t:|1701103736\n|-end|p2a: Iron Moth|Quark Drive|[silent]\n|switch|p2a: Samurott|Samurott-Hisui, F|34\/100\n|move|p1a: Volcanion|Earth Power|p2a: Samurott\n|-damage|p2a: Samurott|5\/100\n|\n|-heal|p2a: Samurott|11\/100|[from] Grassy Terrain\n|upkeep\n|turn|4\n|\n|t:|1701103748\n|move|p2a: Samurott|Ceaseless Edge|p1a: Volcanion\n|-damage|p1a: Volcanion|64\/100\n|-sidestart|p1: fropop|Spikes\n|move|p1a: Volcanion|Earth Power|p2a: Samurott\n|-damage|p2a: Samurott|0 fnt\n|faint|p2a: Samurott\n|\n|-heal|p1a: Volcanion|70\/100|[from] Grassy Terrain\n|upkeep\n|\n|t:|1701103764\n|switch|p2a: Tyranitar|Tyranitar, M|100\/100\n|-weather|Sandstorm|[from] ability: Sand Stream|[of] p2a: Tyranitar\n|turn|5\n|\n|t:|1701103786\n|move|p1a: Volcanion|Steam Eruption|p2a: Tyranitar\n|-supereffective|p2a: Tyranitar\n|-damage|p2a: Tyranitar|38\/100\n|move|p2a: Tyranitar|Rock Blast|p1a: Volcanion\n|-supereffective|p1a: Volcanion\n|-damage|p1a: Volcanion|47\/100\n|-supereffective|p1a: Volcanion\n|-damage|p1a: Volcanion|25\/100\n|-supereffective|p1a: Volcanion\n|-damage|p1a: Volcanion|1\/100\n|-supereffective|p1a: Volcanion\n|-damage|p1a: Volcanion|0 fnt\n|faint|p1a: Volcanion\n|-hitcount|p1: Volcanion|4\n|\n|-weather|Sandstorm|[upkeep]\n|-heal|p2a: Tyranitar|44\/100|[from] Grassy Terrain\n|-fieldend|move: Grassy Terrain\n|upkeep\n|\n|t:|1701103807\n|switch|p1a: Cinderace|Cinderace, M|100\/100\n|turn|6\n|\n|t:|1701103814\n|move|p1a: Cinderace|Court Change|p1a: Cinderace\n|-start|p1a: Cinderace|typechange|Normal|[from] ability: Libero\n|-swapsideconditions\n|-activate|p1a: Cinderace|move: Court Change\n|move|p2a: Tyranitar|Rock Blast|p1a: Cinderace\n|-damage|p1a: Cinderace|84\/100\n|-damage|p1a: Cinderace|65\/100\n|-damage|p1a: Cinderace|48\/100\n|-damage|p1a: Cinderace|31\/100\n|-damage|p1a: Cinderace|13\/100\n|-hitcount|p1a: Cinderace|5\n|\n|-weather|Sandstorm|[upkeep]\n|-damage|p1a: Cinderace|7\/100|[from] Sandstorm\n|upkeep\n|turn|7\n|\n|t:|1701103829\n|switch|p2a: Great Tusk|Great Tusk|100\/100\n|-damage|p2a: Great Tusk|84\/100|[from] Spikes\n|move|p1a: Cinderace|U-turn|p2a: Great Tusk\n|-resisted|p2a: Great Tusk\n|-crit|p2a: Great Tusk\n|-damage|p2a: Great Tusk|77\/100\n|\n|t:|1701103841\n|switch|p1a: Zapdos|Zapdos|100\/100|[from] U-turn\n|\n|-weather|Sandstorm|[upkeep]\n|-damage|p1a: Zapdos|94\/100|[from] Sandstorm\n|-heal|p2a: Great Tusk|83\/100|[from] item: Leftovers\n|upkeep\n|turn|8\n|\n|t:|1701103850\n|-end|p2a: Great Tusk|Protosynthesis|[silent]\n|switch|p2a: Gholdengo|Gholdengo|100\/100\n|-item|p2a: Gholdengo|Air Balloon\n|move|p1a: Zapdos|Hurricane|p2a: Gholdengo\n|-resisted|p2a: Gholdengo\n|-damage|p2a: Gholdengo|79\/100\n|-start|p2a: Gholdengo|confusion\n|-enditem|p2a: Gholdengo|Air Balloon\n|\n|-weather|Sandstorm|[upkeep]\n|-damage|p1a: Zapdos|88\/100|[from] Sandstorm\n|upkeep\n|turn|9\n|\n|t:|1701103862\n|move|p1a: Zapdos|Heat Wave|p2a: Gholdengo\n|-supereffective|p2a: Gholdengo\n|-damage|p2a: Gholdengo|26\/100\n|-activate|p2a: Gholdengo|confusion\n|move|p2a: Gholdengo|Shadow Ball|p1a: Zapdos\n|-damage|p1a: Zapdos|47\/100\n|\n|-weather|none\n|upkeep\n|turn|10\n|inactive|Battle timer is ON: inactive players will automatically lose when time's up. (requested by fropop)\n|\n|t:|1701103892\n|move|p1a: Zapdos|Roost|p1a: Zapdos\n|-heal|p1a: Zapdos|98\/100\n|-singleturn|p1a: Zapdos|move: Roost\n|-activate|p2a: Gholdengo|confusion\n|move|p2a: Gholdengo|Shadow Ball|p1a: Zapdos\n|-damage|p1a: Zapdos|51\/100\n|\n|upkeep\n|turn|11\n|\n|t:|1701103914\n|move|p1a: Zapdos|Volt Switch|p2a: Gholdengo\n|-damage|p2a: Gholdengo|0 fnt\n|faint|p2a: Gholdengo\n|\n|t:|1701103921\n|switch|p1a: Rillaboom|Rillaboom, F|56\/100|[from] Volt Switch\n|-fieldstart|move: Grassy Terrain|[from] ability: Grassy Surge|[of] p1a: Rillaboom\n|\n|-heal|p1a: Rillaboom|62\/100|[from] Grassy Terrain\n|upkeep\n|\n|t:|1701103929\n|switch|p2a: Great Tusk|Great Tusk|83\/100\n|-damage|p2a: Great Tusk|66\/100|[from] Spikes\n|turn|12\n|\n|t:|1701103943\n|-terastallize|p1a: Rillaboom|Grass\n|-terastallize|p2a: Great Tusk|Grass\n|move|p1a: Rillaboom|Grassy Glide|p2a: Great Tusk\n|-resisted|p2a: Great Tusk\n|-damage|p2a: Great Tusk|48\/100\n|move|p2a: Great Tusk|Rapid Spin|p1a: Rillaboom\n|-damage|p1a: Rillaboom|47\/100\n|-boost|p2a: Great Tusk|spe|1\n|-sideend|p2: FuzRa_Sheikra|Spikes|[from] move: Rapid Spin|[of] p2a: Great Tusk\n|\n|-heal|p2a: Great Tusk|55\/100|[from] Grassy Terrain\n|-heal|p2a: Great Tusk|61\/100|[from] item: Leftovers\n|-heal|p1a: Rillaboom|53\/100|[from] Grassy Terrain\n|upkeep\n|turn|13\n|inactive|fropop has 120 seconds left.\n|\n|t:|1701103972\n|switch|p1a: Alomomola|Alomomola, M|100\/100\n|move|p2a: Great Tusk|Stealth Rock|p1a: Alomomola\n|-sidestart|p1: fropop|move: Stealth Rock\n|\n|-heal|p2a: Great Tusk|67\/100|[from] Grassy Terrain\n|-heal|p2a: Great Tusk|73\/100|[from] item: Leftovers\n|upkeep\n|turn|14\n|\n|t:|1701103981\n|move|p2a: Great Tusk|Knock Off|p1a: Alomomola\n|-damage|p1a: Alomomola|84\/100\n|-enditem|p1a: Alomomola|Heavy-Duty Boots|[from] move: Knock Off|[of] p2a: Great Tusk\n|move|p1a: Alomomola|Wish|p1a: Alomomola\n|\n|-heal|p2a: Great Tusk|80\/100|[from] Grassy Terrain\n|-heal|p2a: Great Tusk|86\/100|[from] item: Leftovers\n|-heal|p1a: Alomomola|90\/100|[from] Grassy Terrain\n|upkeep\n|turn|15\n|\n|t:|1701103991\n|move|p2a: Great Tusk|Body Press|p1a: Alomomola\n|-damage|p1a: Alomomola|63\/100\n|move|p1a: Alomomola|Flip Turn|p2a: Great Tusk\n|-resisted|p2a: Great Tusk\n|-damage|p2a: Great Tusk|82\/100\n|inactive|fropop has 120 seconds left.\n|\n|t:|1701104001\n|switch|p1a: Cinderace|Cinderace, M|7\/100|[from] Flip Turn\n|\n|-heal|p1a: Cinderace|74\/100|[from] move: Wish|[wisher] Alomomola\n|-heal|p1a: Cinderace|80\/100|[from] Grassy Terrain\n|-heal|p2a: Great Tusk|88\/100|[from] Grassy Terrain\n|-heal|p2a: Great Tusk|94\/100|[from] item: Leftovers\n|-fieldend|move: Grassy Terrain\n|upkeep\n|turn|16\n|inactive|fropop has 120 seconds left.\n|\n|t:|1701104014\n|move|p1a: Cinderace|Will-O-Wisp|p2a: Great Tusk\n|-status|p2a: Great Tusk|brn\n|move|p2a: Great Tusk|Body Press|p1a: Cinderace\n|-damage|p1a: Cinderace|55\/100\n|\n|-heal|p2a: Great Tusk|100\/100 brn|[from] item: Leftovers\n|-damage|p2a: Great Tusk|94\/100 brn|[from] brn\n|upkeep\n|turn|17\n|inactive|fropop has 120 seconds left.\n|\n|t:|1701104024\n|move|p1a: Cinderace|Pyro Ball|p2a: Great Tusk\n|-supereffective|p2a: Great Tusk\n|-damage|p2a: Great Tusk|51\/100 brn\n|move|p2a: Great Tusk|Knock Off|p1a: Cinderace\n|-damage|p1a: Cinderace|38\/100\n|-enditem|p1a: Cinderace|Heavy-Duty Boots|[from] move: Knock Off|[of] p2a: Great Tusk\n|\n|-heal|p2a: Great Tusk|58\/100 brn|[from] item: Leftovers\n|-damage|p2a: Great Tusk|51\/100 brn|[from] brn\n|upkeep\n|turn|18\n|inactive|fropop has 120 seconds left.\n|\n|t:|1701104040\n|move|p1a: Cinderace|U-turn|p2a: Great Tusk\n|-start|p1a: Cinderace|typechange|Bug|[from] ability: Libero\n|-supereffective|p2a: Great Tusk\n|-damage|p2a: Great Tusk|25\/100 brn\n|\n|t:|1701104045\n|switch|p1a: Alomomola|Alomomola, M|97\/100|[from] U-turn\n|-damage|p1a: Alomomola|84\/100|[from] Stealth Rock\n|move|p2a: Great Tusk|Body Press|p1a: Alomomola\n|-damage|p1a: Alomomola|71\/100\n|\n|-heal|p2a: Great Tusk|31\/100 brn|[from] item: Leftovers\n|-damage|p2a: Great Tusk|25\/100 brn|[from] brn\n|upkeep\n|turn|19\n|inactive|fropop has 120 seconds left.\n|\n|t:|1701104059\n|-end|p2a: Great Tusk|Protosynthesis|[silent]\n|switch|p2a: Tyranitar|Tyranitar, M|44\/100\n|-weather|Sandstorm|[from] ability: Sand Stream|[of] p2a: Tyranitar\n|move|p1a: Alomomola|Wish|p1a: Alomomola\n|\n|-weather|Sandstorm|[upkeep]\n|-damage|p1a: Alomomola|65\/100|[from] Sandstorm\n|upkeep\n|turn|20\n|\n|t:|1701104076\n|move|p2a: Tyranitar|Rock Blast|p1a: Alomomola\n|-damage|p1a: Alomomola|55\/100\n|-damage|p1a: Alomomola|46\/100\n|-damage|p1a: Alomomola|37\/100\n|-damage|p1a: Alomomola|27\/100\n|-hitcount|p1a: Alomomola|4\n|move|p1a: Alomomola|Flip Turn|p2a: Tyranitar\n|-supereffective|p2a: Tyranitar\n|-damage|p2a: Tyranitar|19\/100\n|inactive|fropop has 120 seconds left.\n|\n|t:|1701104087\n|switch|p1a: Cinderace|Cinderace, M|38\/100|[from] Flip Turn\n|-damage|p1a: Cinderace|13\/100|[from] Stealth Rock\n|\n|-weather|Sandstorm|[upkeep]\n|-damage|p1a: Cinderace|7\/100|[from] Sandstorm\n|-heal|p1a: Cinderace|74\/100|[from] move: Wish|[wisher] Alomomola\n|upkeep\n|turn|21\n|\n|t:|1701104097\n|move|p1a: Cinderace|U-turn|p2a: Tyranitar\n|-start|p1a: Cinderace|typechange|Bug|[from] ability: Libero\n|-supereffective|p2a: Tyranitar\n|-damage|p2a: Tyranitar|0 fnt\n|faint|p2a: Tyranitar\n|inactive|fropop has 120 seconds left.\n|\n|t:|1701104112\n|switch|p1a: Goodra|Goodra-Hisui, M|100\/100|[from] U-turn\n|-damage|p1a: Goodra|94\/100|[from] Stealth Rock\n|\n|-weather|Sandstorm|[upkeep]\n|upkeep\n|\n|t:|1701104127\n|switch|p2a: Great Tusk|Great Tusk, tera:Grass|25\/100 brn\n|turn|22\n|inactive|fropop has 120 seconds left.\n|\n|t:|1701104138\n|move|p2a: Great Tusk|Body Press|p1a: Goodra\n|-supereffective|p1a: Goodra\n|-damage|p1a: Goodra|48\/100\n|move|p1a: Goodra|Ice Beam|p2a: Great Tusk\n|-supereffective|p2a: Great Tusk\n|-damage|p2a: Great Tusk|0 fnt\n|faint|p2a: Great Tusk\n|-end|p2a: Great Tusk|Protosynthesis|[silent]\n|\n|-weather|Sandstorm|[upkeep]\n|upkeep\n|\n|t:|1701104144\n|switch|p2a: Iron Moth|Iron Moth|91\/100\n|turn|23\n|\n|t:|1701104150\n|move|p2a: Iron Moth|Fiery Dance|p1a: Goodra\n|-damage|p1a: Goodra|21\/100\n|-boost|p2a: Iron Moth|spa|1\n|move|p1a: Goodra|Earthquake|p2a: Iron Moth\n|-supereffective|p2a: Iron Moth\n|-damage|p2a: Iron Moth|0 fnt\n|faint|p2a: Iron Moth\n|-end|p2a: Iron Moth|Quark Drive|[silent]\n|\n|-weather|none\n|upkeep\n|\n|t:|1701104156\n|switch|p2a: Greninja|Greninja, M|100\/100\n|turn|24\n|\n|t:|1701104166\n|switch|p1a: Zapdos|Zapdos|51\/100\n|move|p2a: Greninja|Dark Pulse|p1a: Zapdos\n|-damage|p1a: Zapdos|13\/100\n|\n|upkeep\n|turn|25\n|\n|t:|1701104194\n|move|p2a: Greninja|Dark Pulse|p1a: Zapdos\n|-damage|p1a: Zapdos|0 fnt\n|faint|p1a: Zapdos\n|-ability|p2a: Greninja|Battle Bond|boost\n|-boost|p2a: Greninja|atk|1\n|-boost|p2a: Greninja|spa|1\n|-boost|p2a: Greninja|spe|1\n|-activate|p2a: Greninja|ability: Battle Bond\n|\n|upkeep\n|\n|t:|1701104203\n|switch|p1a: Rillaboom|Rillaboom, F, tera:Grass|53\/100\n|-damage|p1a: Rillaboom|40\/100|[from] Stealth Rock\n|-fieldstart|move: Grassy Terrain|[from] ability: Grassy Surge|[of] p1a: Rillaboom\n|turn|26\n|\n|t:|1701104212\n|move|p2a: Greninja|Water Shuriken|p1a: Rillaboom\n|-resisted|p1a: Rillaboom\n|-damage|p1a: Rillaboom|32\/100\n|-resisted|p1a: Rillaboom\n|-damage|p1a: Rillaboom|25\/100\n|-resisted|p1a: Rillaboom\n|-damage|p1a: Rillaboom|17\/100\n|-resisted|p1a: Rillaboom\n|-damage|p1a: Rillaboom|9\/100\n|-hitcount|p1a: Rillaboom|4\n|move|p1a: Rillaboom|Grassy Glide|p2a: Greninja\n|-supereffective|p2a: Greninja\n|-damage|p2a: Greninja|0 fnt\n|faint|p2a: Greninja\n|\n|win|fropop\n|raw|fropop's rating: 1506 &rarr; <strong>1526<\/strong><br \/>(+20 for winning)\n|raw|FuzRa_Sheikra's rating: 1506 &rarr; <strong>1486<\/strong><br \/>(-20 for losing)\n|l|\u2606FuzRa_Sheikra\n","uploadtime":1701104228,"views":2,"p1id":"fropop","p2id":"fuzrasheikra","formatid":"gen9ou","rating":1486,"private":0,"password":""}