{"id":"gen9ou-1992274557","p1":"apoiguespm","p2":"LegacyShowden","format":"[Gen 9] OU","log":"|j|\u2606apoiguespm\n|j|\u2606LegacyShowden\n|t:|1700169911\n|gametype|singles\n|player|p1|apoiguespm|cyrus|1563\n|player|p2|LegacyShowden|rosa|1656\n|teamsize|p1|6\n|teamsize|p2|6\n|gen|9\n|tier|[Gen 9] OU\n|rated|\n|rule|Sleep Clause Mod: Limit one foe put to sleep\n|rule|Species Clause: Limit one of each Pok\u00e9mon\n|rule|OHKO Clause: OHKO moves are banned\n|rule|Evasion Items Clause: Evasion items are banned\n|rule|Evasion Moves Clause: Evasion moves are banned\n|rule|Endless Battle Clause: Forcing endless battles is banned\n|rule|HP Percentage Mod: HP is shown in percentages\n|clearpoke\n|poke|p1|Gholdengo|\n|poke|p1|Iron Valiant|\n|poke|p1|Great Tusk|\n|poke|p1|Kingambit, F|\n|poke|p1|Dragonite, F|\n|poke|p1|Samurott-Hisui, M|\n|poke|p2|Great Tusk|\n|poke|p2|Samurott-Hisui, M|\n|poke|p2|Dragapult, M|\n|poke|p2|Gholdengo|\n|poke|p2|Heatran, M|\n|poke|p2|Ogerpon-Wellspring, F|\n|teampreview\n|inactive|Battle timer is ON: inactive players will automatically lose when time's up. (requested by LegacyShowden)\n|inactive|apoiguespm also wants the timer to be on.\n|\n|t:|1700169919\n|start\n|switch|p1a: Samurott|Samurott-Hisui, M, shiny|100\/100\n|switch|p2a: Ogerpon|Ogerpon-Wellspring, F|100\/100\n|turn|1\n|\n|t:|1700169925\n|move|p1a: Samurott|Ceaseless Edge|p2a: Ogerpon\n|-damage|p2a: Ogerpon|43\/100\n|-sidestart|p2: LegacyShowden|Spikes\n|move|p2a: Ogerpon|Horn Leech|p1a: Samurott\n|-supereffective|p1a: Samurott\n|-damage|p1a: Samurott|0 fnt\n|-heal|p2a: Ogerpon|96\/100|[from] drain|[of] p1a: Samurott\n|faint|p1a: Samurott\n|\n|upkeep\n|\n|t:|1700169935\n|switch|p1a: Dragonite|Dragonite, F, shiny|100\/100\n|turn|2\n|\n|t:|1700169938\n|move|p2a: Ogerpon|U-turn|p1a: Dragonite\n|-resisted|p1a: Dragonite\n|-damage|p1a: Dragonite|93\/100\n|\n|t:|1700169941\n|switch|p2a: Great Tusk|Great Tusk|100\/100|[from] U-turn\n|-damage|p2a: Great Tusk|88\/100|[from] Spikes\n|move|p1a: Dragonite|Dragon Dance|p1a: Dragonite\n|-boost|p1a: Dragonite|atk|1\n|-boost|p1a: Dragonite|spe|1\n|\n|upkeep\n|turn|3\n|\n|t:|1700169944\n|switch|p1a: Iron Valiant|Iron Valiant, shiny|100\/100\n|-enditem|p1a: Iron Valiant|Booster Energy\n|-activate|p1a: Iron Valiant|ability: Quark Drive|[fromitem]\n|-start|p1a: Iron Valiant|quarkdrivespe\n|move|p2a: Great Tusk|Ice Spinner|p1a: Iron Valiant\n|-damage|p1a: Iron Valiant|62\/100\n|\n|upkeep\n|turn|4\n|\n|t:|1700169951\n|-end|p2a: Great Tusk|Protosynthesis|[silent]\n|switch|p2a: Heatran|Heatran, M, shiny|100\/100\n|-damage|p2a: Heatran|88\/100|[from] Spikes\n|move|p1a: Iron Valiant|Knock Off|p2a: Heatran\n|-crit|p2a: Heatran\n|-damage|p2a: Heatran|55\/100\n|-enditem|p2a: Heatran|Leftovers|[from] move: Knock Off|[of] p1a: Iron Valiant\n|\n|upkeep\n|turn|5\n|\n|t:|1700169954\n|move|p1a: Iron Valiant|Close Combat|p2a: Heatran\n|-supereffective|p2a: Heatran\n|-damage|p2a: Heatran|0 fnt\n|-unboost|p1a: Iron Valiant|def|1\n|-unboost|p1a: Iron Valiant|spd|1\n|faint|p2a: Heatran\n|\n|upkeep\n|\n|t:|1700169957\n|switch|p2a: Gholdengo|Gholdengo|100\/100\n|-item|p2a: Gholdengo|Air Balloon\n|turn|6\n|\n|t:|1700169964\n|-end|p1a: Iron Valiant|Quark Drive|[silent]\n|switch|p1a: Kingambit|Kingambit, F, shiny|100\/100\n|-activate|p1a: Kingambit|ability: Supreme Overlord\n|-start|p1a: Kingambit|fallen1|[silent]\n|move|p2a: Gholdengo|Thunder Wave|p1a: Kingambit\n|-status|p1a: Kingambit|par\n|\n|upkeep\n|turn|7\n|\n|t:|1700169967\n|switch|p2a: Great Tusk|Great Tusk|88\/100\n|-damage|p2a: Great Tusk|76\/100|[from] Spikes\n|move|p1a: Kingambit|Iron Head|p2a: Great Tusk\n|-damage|p2a: Great Tusk|36\/100\n|-enditem|p2a: Great Tusk|Sitrus Berry|[eat]\n|-heal|p2a: Great Tusk|61\/100|[from] item: Sitrus Berry\n|\n|upkeep\n|turn|8\n|\n|t:|1700169973\n|-end|p1a: Kingambit|fallen1|[silent]\n|switch|p1a: Iron Valiant|Iron Valiant, shiny|62\/100\n|move|p2a: Great Tusk|Rapid Spin|p1a: Iron Valiant\n|-damage|p1a: Iron Valiant|39\/100\n|-boost|p2a: Great Tusk|spe|1\n|-sideend|p2: LegacyShowden|Spikes|[from] move: Rapid Spin|[of] p2a: Great Tusk\n|\n|upkeep\n|turn|9\n|\n|t:|1700169976\n|move|p2a: Great Tusk|Earthquake|p1a: Iron Valiant\n|-damage|p1a: Iron Valiant|0 fnt\n|faint|p1a: Iron Valiant\n|-end|p1a: Iron Valiant|Quark Drive|[silent]\n|\n|upkeep\n|\n|t:|1700169979\n|switch|p1a: Great Tusk|Great Tusk, shiny|100\/100\n|turn|10\n|\n|t:|1700169981\n|move|p2a: Great Tusk|Ice Spinner|p1a: Great Tusk\n|-supereffective|p1a: Great Tusk\n|-damage|p1a: Great Tusk|56\/100\n|move|p1a: Great Tusk|Ice Spinner|p2a: Great Tusk\n|-supereffective|p2a: Great Tusk\n|-damage|p2a: Great Tusk|17\/100\n|\n|upkeep\n|turn|11\n|\n|t:|1700169984\n|move|p2a: Great Tusk|Ice Spinner|p1a: Great Tusk\n|-supereffective|p1a: Great Tusk\n|-damage|p1a: Great Tusk|15\/100\n|move|p1a: Great Tusk|Rapid Spin|p2a: Great Tusk\n|-damage|p2a: Great Tusk|5\/100\n|-boost|p1a: Great Tusk|spe|1\n|\n|upkeep\n|turn|12\n|\n|t:|1700169987\n|move|p1a: Great Tusk|Rapid Spin|p2a: Great Tusk\n|-damage|p2a: Great Tusk|0 fnt\n|-boost|p1a: Great Tusk|spe|1\n|faint|p2a: Great Tusk\n|-end|p2a: Great Tusk|Protosynthesis|[silent]\n|\n|upkeep\n|\n|t:|1700169991\n|switch|p2a: Samurott|Samurott-Hisui, M|100\/100\n|turn|13\n|\n|t:|1700169995\n|move|p2a: Samurott|Sucker Punch|p1a: Great Tusk\n|-resisted|p1a: Great Tusk\n|-damage|p1a: Great Tusk|0 fnt\n|faint|p1a: Great Tusk\n|-end|p1a: Great Tusk|Protosynthesis|[silent]\n|\n|upkeep\n|\n|t:|1700169997\n|switch|p1a: Dragonite|Dragonite, F, shiny|93\/100\n|turn|14\n|\n|t:|1700170001\n|switch|p2a: Gholdengo|Gholdengo|100\/100\n|-item|p2a: Gholdengo|Air Balloon\n|-terastallize|p1a: Dragonite|Normal\n|move|p1a: Dragonite|Extreme Speed|p2a: Gholdengo\n|-immune|p2a: Gholdengo\n|\n|upkeep\n|turn|15\n|\n|t:|1700170004\n|move|p1a: Dragonite|Dragon Dance|p1a: Dragonite\n|-boost|p1a: Dragonite|atk|1\n|-boost|p1a: Dragonite|spe|1\n|move|p2a: Gholdengo|Thunder Wave|p1a: Dragonite\n|-status|p1a: Dragonite|par\n|\n|upkeep\n|turn|16\n|\n|t:|1700170008\n|move|p2a: Gholdengo|Make It Rain|p1a: Dragonite\n|-damage|p1a: Dragonite|38\/100 par\n|-unboost|p2a: Gholdengo|spa|1\n|move|p1a: Dragonite|Fire Punch|p2a: Gholdengo\n|-supereffective|p2a: Gholdengo\n|-damage|p2a: Gholdengo|41\/100\n|-enditem|p2a: Gholdengo|Air Balloon\n|\n|upkeep\n|turn|17\n|\n|t:|1700170010\n|move|p2a: Gholdengo|Recover|p2a: Gholdengo\n|-heal|p2a: Gholdengo|91\/100\n|move|p1a: Dragonite|Fire Punch|p2a: Gholdengo\n|-supereffective|p2a: Gholdengo\n|-damage|p2a: Gholdengo|34\/100\n|\n|upkeep\n|turn|18\n|\n|t:|1700170013\n|move|p2a: Gholdengo|Make It Rain|p1a: Dragonite\n|-crit|p1a: Dragonite\n|-damage|p1a: Dragonite|0 fnt\n|-unboost|p2a: Gholdengo|spa|1\n|faint|p1a: Dragonite\n|\n|upkeep\n|\n|t:|1700170018\n|switch|p1a: Kingambit|Kingambit, F, shiny|100\/100 par\n|-activate|p1a: Kingambit|ability: Supreme Overlord\n|-start|p1a: Kingambit|fallen4|[silent]\n|turn|19\n|\n|t:|1700170021\n|move|p1a: Kingambit|Sucker Punch||[still]\n|-fail|p1a: Kingambit\n|move|p2a: Gholdengo|Recover|p2a: Gholdengo\n|-heal|p2a: Gholdengo|84\/100\n|\n|upkeep\n|turn|20\n|\n|t:|1700170027\n|switch|p2a: Ogerpon|Ogerpon-Wellspring, F|96\/100\n|move|p1a: Kingambit|Kowtow Cleave|p2a: Ogerpon\n|-damage|p2a: Ogerpon|9\/100\n|\n|upkeep\n|turn|21\n|\n|t:|1700170029\n|move|p2a: Ogerpon|Ivy Cudgel|p1a: Kingambit|[anim] Ivy Cudgel Water\n|-damage|p1a: Kingambit|54\/100 par\n|cant|p1a: Kingambit|par\n|\n|-heal|p1a: Kingambit|60\/100 par|[from] item: Leftovers\n|upkeep\n|turn|22\n|\n|t:|1700170034\n|move|p1a: Kingambit|Sucker Punch|p2a: Ogerpon\n|-damage|p2a: Ogerpon|0 fnt\n|faint|p2a: Ogerpon\n|\n|-heal|p1a: Kingambit|66\/100 par|[from] item: Leftovers\n|upkeep\n|\n|t:|1700170039\n|switch|p2a: Samurott|Samurott-Hisui, M|100\/100\n|turn|23\n|\n|t:|1700170041\n|-end|p1a: Kingambit|fallen4|[silent]\n|switch|p1a: Gholdengo|Gholdengo, shiny|100\/100\n|move|p2a: Samurott|Aqua Cutter|p1a: Gholdengo\n|-crit|p1a: Gholdengo\n|-damage|p1a: Gholdengo|0 fnt\n|faint|p1a: Gholdengo\n|\n|upkeep\n|\n|t:|1700170046\n|switch|p1a: Kingambit|Kingambit, F, shiny|66\/100 par\n|-activate|p1a: Kingambit|ability: Supreme Overlord\n|-start|p1a: Kingambit|fallen5|[silent]\n|turn|24\n|\n|t:|1700170049\n|move|p2a: Samurott|Aqua Cutter|p1a: Kingambit\n|-damage|p1a: Kingambit|7\/100 par\n|move|p1a: Kingambit|Kowtow Cleave|p2a: Samurott\n|-resisted|p2a: Samurott\n|-damage|p2a: Samurott|63\/100\n|\n|-heal|p1a: Kingambit|13\/100 par|[from] item: Leftovers\n|upkeep\n|turn|25\n|\n|t:|1700170056\n|cant|p1a: Kingambit|par\n|move|p2a: Samurott|Aqua Cutter|p1a: Kingambit\n|-damage|p1a: Kingambit|0 fnt\n|faint|p1a: Kingambit\n|-end|p1a: Kingambit|fallen5|[silent]\n|\n|win|LegacyShowden\n|raw|apoiguespm's rating: 1563 &rarr; <strong>1548<\/strong><br \/>(-15 for losing)\n|raw|LegacyShowden's rating: 1656 &rarr; <strong>1671<\/strong><br \/>(+15 for winning)\n|l|\u2606apoiguespm\n","uploadtime":1700170062,"views":8,"p1id":"apoiguespm","p2id":"legacyshowden","formatid":"gen9ou","rating":1548,"private":0,"password":""}