{"id":"gen9ou-1992978634","p1":"satanicdoggo999","p2":"ChocccccyMilkMafia","format":"[Gen 9] OU","log":"|j|\u2606satanicdoggo999\n|j|\u2606ChocccccyMilkMafia\n|t:|1700252182\n|gametype|singles\n|player|p1|satanicdoggo999|265|1084\n|player|p2|ChocccccyMilkMafia|kieran|1179\n|teamsize|p1|6\n|teamsize|p2|6\n|gen|9\n|tier|[Gen 9] OU\n|rated|\n|rule|Sleep Clause Mod: Limit one foe put to sleep\n|rule|Species Clause: Limit one of each Pok\u00e9mon\n|rule|OHKO Clause: OHKO moves are banned\n|rule|Evasion Items Clause: Evasion items are banned\n|rule|Evasion Moves Clause: Evasion moves are banned\n|rule|Endless Battle Clause: Forcing endless battles is banned\n|rule|HP Percentage Mod: HP is shown in percentages\n|clearpoke\n|poke|p1|Alomomola, M|\n|poke|p1|Clodsire, M|\n|poke|p1|Toxapex, M|\n|poke|p1|Landorus-Therian, M|\n|poke|p1|Dondozo, M|\n|poke|p1|Blissey, F|\n|poke|p2|Indeedee, M|\n|poke|p2|Vikavolt, F|\n|poke|p2|Glimmora, F|\n|poke|p2|Hoopa-Unbound|\n|poke|p2|Ogerpon, F|\n|poke|p2|Iron Moth|\n|teampreview\n|\n|t:|1700252227\n|start\n|switch|p1a: Landorus|Landorus-Therian, M|100\/100\n|switch|p2a: Indeedee|Indeedee, M|100\/100\n|-fieldstart|move: Psychic Terrain|[from] ability: Psychic Surge|[of] p2a: Indeedee\n|-ability|p1a: Landorus|Intimidate|boost\n|-unboost|p2a: Indeedee|atk|1\n|turn|1\n|\n|t:|1700252251\n|switch|p2a: Vikavolt|Vikavolt, F|100\/100\n|move|p1a: Landorus|Taunt|p2a: Vikavolt\n|-start|p2a: Vikavolt|move: Taunt\n|\n|upkeep\n|turn|2\n|\n|t:|1700252261\n|move|p1a: Landorus|Stealth Rock|p2a: Vikavolt\n|-sidestart|p2: ChocccccyMilkMafia|move: Stealth Rock\n|move|p2a: Vikavolt|Bug Buzz|p1a: Landorus\n|-resisted|p1a: Landorus\n|-damage|p1a: Landorus|72\/100\n|\n|upkeep\n|turn|3\n|\n|t:|1700252270\n|move|p1a: Landorus|Earthquake|p2a: Vikavolt\n|-immune|p2a: Vikavolt|[from] ability: Levitate\n|move|p2a: Vikavolt|Bug Buzz|p1a: Landorus\n|-resisted|p1a: Landorus\n|-damage|p1a: Landorus|42\/100\n|-unboost|p1a: Landorus|spd|1\n|\n|-end|p2a: Vikavolt|move: Taunt\n|upkeep\n|turn|4\n|\n|t:|1700252285\n|switch|p1a: Clodsire|Clodsire, M|100\/100\n|move|p2a: Vikavolt|Sticky Web|p1a: Clodsire\n|-sidestart|p1: satanicdoggo999|move: Sticky Web\n|\n|upkeep\n|turn|5\n|\n|t:|1700252295\n|switch|p2a: Indeedee|Indeedee, M|100\/100\n|-damage|p2a: Indeedee|88\/100|[from] Stealth Rock\n|move|p1a: Clodsire|Toxic|p2a: Indeedee\n|-status|p2a: Indeedee|tox\n|\n|-damage|p2a: Indeedee|82\/100 tox|[from] psn\n|-fieldend|move: Psychic Terrain\n|upkeep\n|turn|6\n|\n|t:|1700252307\n|switch|p1a: Blissey|Blissey, F|100\/100\n|move|p2a: Indeedee|Dazzling Gleam|p1a: Blissey\n|-damage|p1a: Blissey|89\/100\n|\n|-damage|p2a: Indeedee|70\/100 tox|[from] psn\n|upkeep\n|turn|7\n|inactive|Battle timer is ON: inactive players will automatically lose when time's up. (requested by ChocccccyMilkMafia)\n|\n|t:|1700252366\n|switch|p2a: Glimmora|Glimmora, F|100\/100\n|-damage|p2a: Glimmora|88\/100|[from] Stealth Rock\n|move|p1a: Blissey|Seismic Toss|p2a: Glimmora\n|-damage|p2a: Glimmora|56\/100\n|-activate|p2a: Glimmora|ability: Toxic Debris\n|-sidestart|p1: satanicdoggo999|move: Toxic Spikes\n|\n|upkeep\n|turn|8\n|\n|t:|1700252377\n|move|p2a: Glimmora|Mortal Spin|p1a: Blissey\n|-damage|p1a: Blissey|83\/100\n|-status|p1a: Blissey|psn\n|-sideend|p2: ChocccccyMilkMafia|Stealth Rock|[from] move: Mortal Spin|[of] p2a: Glimmora\n|move|p1a: Blissey|Seismic Toss|p2a: Glimmora\n|-damage|p2a: Glimmora|23\/100\n|-activate|p2a: Glimmora|ability: Toxic Debris\n|-sidestart|p1: satanicdoggo999|move: Toxic Spikes\n|\n|-damage|p1a: Blissey|71\/100 psn|[from] psn\n|upkeep\n|turn|9\n|\n|t:|1700252389\n|switch|p2a: Ogerpon|Ogerpon, F|100\/100\n|move|p1a: Blissey|Seismic Toss|p2a: Ogerpon\n|-damage|p2a: Ogerpon|67\/100\n|\n|-damage|p1a: Blissey|58\/100 psn|[from] psn\n|upkeep\n|turn|10\n|\n|t:|1700252399\n|-curestatus|p1a: Blissey|psn|[from] ability: Natural Cure\n|switch|p1a: Landorus|Landorus-Therian, M|42\/100\n|-ability|p1a: Landorus|Intimidate|boost\n|-unboost|p2a: Ogerpon|atk|1\n|-ability|p2a: Ogerpon|Defiant|boost\n|-boost|p2a: Ogerpon|atk|2\n|move|p2a: Ogerpon|Focus Energy|p2a: Ogerpon\n|-start|p2a: Ogerpon|move: Focus Energy\n|\n|upkeep\n|turn|11\n|\n|t:|1700252410\n|-terastallize|p2a: Ogerpon|Grass\n|detailschange|p2a: Ogerpon|Ogerpon-Teal-Tera, F, tera:Grass\n|-ability|p2a: Ogerpon|Embody Aspect (Teal)|boost\n|-boost|p2a: Ogerpon|spe|1\n|move|p2a: Ogerpon|Ivy Cudgel|p1a: Landorus\n|-crit|p1a: Landorus\n|-damage|p1a: Landorus|0 fnt\n|faint|p1a: Landorus\n|\n|upkeep\n|\n|t:|1700252418\n|switch|p1a: Dondozo|Dondozo, M|100\/100\n|-activate|p1a: Dondozo|move: Sticky Web\n|-unboost|p1a: Dondozo|spe|1\n|-status|p1a: Dondozo|tox\n|turn|12\n|\n|t:|1700252425\n|-terastallize|p1a: Dondozo|Fairy\n|move|p2a: Ogerpon|Ivy Cudgel|p1a: Dondozo\n|-crit|p1a: Dondozo\n|-damage|p1a: Dondozo|59\/100 tox\n|move|p1a: Dondozo|Rest|p1a: Dondozo\n|-status|p1a: Dondozo|slp|[from] move: Rest\n|-heal|p1a: Dondozo|100\/100 slp|[silent]\n|\n|upkeep\n|turn|13\n|\n|t:|1700252439\n|move|p2a: Ogerpon|Knock Off|p1a: Dondozo\n|-resisted|p1a: Dondozo\n|-crit|p1a: Dondozo\n|-damage|p1a: Dondozo|90\/100 slp\n|-enditem|p1a: Dondozo|Leftovers|[from] move: Knock Off|[of] p2a: Ogerpon\n|cant|p1a: Dondozo|slp\n|\n|upkeep\n|turn|14\n|\n|t:|1700252466\n|move|p2a: Ogerpon|Ivy Cudgel|p1a: Dondozo\n|-crit|p1a: Dondozo\n|-damage|p1a: Dondozo|47\/100 slp\n|cant|p1a: Dondozo|slp\n|\n|upkeep\n|turn|15\n|\n|t:|1700252473\n|move|p2a: Ogerpon|Ivy Cudgel|p1a: Dondozo\n|-crit|p1a: Dondozo\n|-damage|p1a: Dondozo|6\/100 slp\n|-curestatus|p1a: Dondozo|slp|[msg]\n|move|p1a: Dondozo|Avalanche|p2a: Ogerpon\n|-supereffective|p2a: Ogerpon\n|-damage|p2a: Ogerpon|0 fnt\n|faint|p2a: Ogerpon\n|\n|upkeep\n|\n|t:|1700252484\n|switch|p2a: Iron Moth|Iron Moth|100\/100\n|-enditem|p2a: Iron Moth|Booster Energy\n|-activate|p2a: Iron Moth|ability: Quark Drive|[fromitem]\n|-start|p2a: Iron Moth|quarkdrivespe\n|turn|16\n|\n|t:|1700252491\n|switch|p1a: Blissey|Blissey, F|58\/100\n|move|p2a: Iron Moth|Fiery Dance|p1a: Blissey\n|-damage|p1a: Blissey|47\/100\n|-boost|p2a: Iron Moth|spa|1\n|\n|upkeep\n|turn|17\n|\n|t:|1700252501\n|move|p2a: Iron Moth|Fiery Dance|p1a: Blissey\n|-crit|p1a: Blissey\n|-damage|p1a: Blissey|18\/100\n|-boost|p2a: Iron Moth|spa|1\n|move|p1a: Blissey|Soft-Boiled|p1a: Blissey\n|-heal|p1a: Blissey|68\/100\n|\n|upkeep\n|turn|18\n|\n|t:|1700252510\n|move|p2a: Iron Moth|Fiery Dance|p1a: Blissey\n|-damage|p1a: Blissey|42\/100\n|move|p1a: Blissey|Thunder Wave|p2a: Iron Moth\n|-status|p2a: Iron Moth|par\n|\n|upkeep\n|turn|19\n|\n|t:|1700252518\n|cant|p2a: Iron Moth|par\n|move|p1a: Blissey|Soft-Boiled|p1a: Blissey\n|-heal|p1a: Blissey|92\/100\n|\n|upkeep\n|turn|20\n|\n|t:|1700252529\n|move|p2a: Iron Moth|Fiery Dance|p1a: Blissey\n|-damage|p1a: Blissey|66\/100\n|move|p1a: Blissey|Seismic Toss|p2a: Iron Moth\n|-damage|p2a: Iron Moth|70\/100 par\n|\n|upkeep\n|turn|21\n|\n|t:|1700252536\n|move|p2a: Iron Moth|Fiery Dance|p1a: Blissey\n|-damage|p1a: Blissey|41\/100\n|-boost|p2a: Iron Moth|spa|1\n|move|p1a: Blissey|Seismic Toss|p2a: Iron Moth\n|-damage|p2a: Iron Moth|40\/100 par\n|\n|upkeep\n|turn|22\n|\n|t:|1700252546\n|move|p2a: Iron Moth|Fiery Dance|p1a: Blissey\n|-damage|p1a: Blissey|13\/100\n|move|p1a: Blissey|Soft-Boiled|p1a: Blissey\n|-heal|p1a: Blissey|63\/100\n|\n|upkeep\n|turn|23\n|\n|t:|1700252552\n|move|p2a: Iron Moth|Fiery Dance|p1a: Blissey\n|-damage|p1a: Blissey|29\/100\n|move|p1a: Blissey|Seismic Toss|p2a: Iron Moth\n|-damage|p2a: Iron Moth|10\/100 par\n|\n|upkeep\n|turn|24\n|\n|t:|1700252560\n|switch|p1a: Alomomola|Alomomola, M|100\/100\n|-activate|p1a: Alomomola|move: Sticky Web\n|-unboost|p1a: Alomomola|spe|1\n|-status|p1a: Alomomola|tox\n|move|p2a: Iron Moth|Fiery Dance|p1a: Alomomola\n|-resisted|p1a: Alomomola\n|-damage|p1a: Alomomola|43\/100 tox\n|\n|-damage|p1a: Alomomola|37\/100 tox|[from] psn\n|upkeep\n|turn|25\n|\n|t:|1700252572\n|move|p2a: Iron Moth|Discharge|p1a: Alomomola\n|-supereffective|p1a: Alomomola\n|-damage|p1a: Alomomola|0 fnt\n|faint|p1a: Alomomola\n|\n|upkeep\n|\n|t:|1700252577\n|switch|p1a: Toxapex|Toxapex, M|100\/100\n|-activate|p1a: Toxapex|move: Sticky Web\n|-unboost|p1a: Toxapex|spe|1\n|-sideend|p1: satanicdoggo999|move: Toxic Spikes|[of] p1a: Toxapex\n|turn|26\n|\n|t:|1700252583\n|move|p2a: Iron Moth|Discharge|p1a: Toxapex\n|-supereffective|p1a: Toxapex\n|-damage|p1a: Toxapex|0 fnt\n|faint|p1a: Toxapex\n|\n|upkeep\n|\n|t:|1700252589\n|switch|p1a: Clodsire|Clodsire, M|100\/100\n|-activate|p1a: Clodsire|move: Sticky Web\n|-unboost|p1a: Clodsire|spe|1\n|turn|27\n|\n|t:|1700252617\n|move|p2a: Iron Moth|Fiery Dance|p1a: Clodsire\n|-crit|p1a: Clodsire\n|-damage|p1a: Clodsire|20\/100\n|-boost|p2a: Iron Moth|spa|1\n|move|p1a: Clodsire|Earthquake|p2a: Iron Moth\n|-supereffective|p2a: Iron Moth\n|-damage|p2a: Iron Moth|0 fnt\n|faint|p2a: Iron Moth\n|-end|p2a: Iron Moth|Quark Drive|[silent]\n|\n|-heal|p1a: Clodsire|27\/100|[from] item: Leftovers\n|upkeep\n|-message|satanicdoggo999 forfeited.\n|\n|win|ChocccccyMilkMafia\n|raw|satanicdoggo999's rating: 1084 &rarr; <strong>1067<\/strong><br \/>(-17 for losing)\n|raw|ChocccccyMilkMafia's rating: 1179 &rarr; <strong>1197<\/strong><br \/>(+18 for winning)\n|l|\u2606satanicdoggo999\n","uploadtime":1700252632,"views":20,"p1id":"satanicdoggo999","p2id":"chocccccymilkmafia","formatid":"gen9ou","rating":1067,"private":0,"password":""}