{"id":"gen9ou-1988506118","p1":"FIRE LORD AESON!","p2":"Logan2024","format":"[Gen 9] OU","log":"|j|\u2606FIRE LORD AESON!\n|j|\u2606Logan2024\n|t:|1699730212\n|gametype|singles\n|player|p1|FIRE LORD AESON!|red-gen1|1506\n|player|p2|Logan2024|acetrainersnow|1400\n|teamsize|p1|6\n|teamsize|p2|6\n|gen|9\n|tier|[Gen 9] OU\n|rated|\n|rule|Sleep Clause Mod: Limit one foe put to sleep\n|rule|Species Clause: Limit one of each Pok\u00e9mon\n|rule|OHKO Clause: OHKO moves are banned\n|rule|Evasion Items Clause: Evasion items are banned\n|rule|Evasion Moves Clause: Evasion moves are banned\n|rule|Endless Battle Clause: Forcing endless battles is banned\n|rule|HP Percentage Mod: HP is shown in percentages\n|clearpoke\n|poke|p1|Ceruledge, F|\n|poke|p1|Torkoal, F|\n|poke|p1|Heatran, F|\n|poke|p1|Cinderace, F|\n|poke|p1|Tauros-Paldea-Blaze, M|\n|poke|p1|Armarouge, M|\n|poke|p2|Corviknight, M|\n|poke|p2|Staraptor, M|\n|poke|p2|Kingambit, F|\n|poke|p2|Typhlosion-Hisui, M|\n|poke|p2|Forretress, M|\n|poke|p2|Rotom-Wash|\n|teampreview\n|\n|t:|1699730223\n|start\n|switch|p1a: SUBSCRIBE 2 AESON!|Torkoal, F|100\/100\n|switch|p2a: Forretress|Forretress, M|100\/100\n|-weather|SunnyDay|[from] ability: Drought|[of] p1a: SUBSCRIBE 2 AESON!\n|turn|1\n|\n|t:|1699730235\n|move|p2a: Forretress|Thunder Wave|p1a: SUBSCRIBE 2 AESON!\n|-status|p1a: SUBSCRIBE 2 AESON!|par\n|move|p1a: SUBSCRIBE 2 AESON!|Yawn|p2a: Forretress\n|-start|p2a: Forretress|move: Yawn|[of] p1a: SUBSCRIBE 2 AESON!\n|\n|-weather|SunnyDay|[upkeep]\n|upkeep\n|turn|2\n|\n|t:|1699730241\n|move|p2a: Forretress|Volt Switch|p1a: SUBSCRIBE 2 AESON!\n|-damage|p1a: SUBSCRIBE 2 AESON!|89\/100 par\n|\n|t:|1699730245\n|switch|p2a: Typhlosion|Typhlosion-Hisui, M|100\/100|[from] Volt Switch\n|move|p1a: SUBSCRIBE 2 AESON!|Stealth Rock|p2a: Typhlosion\n|-sidestart|p2: Logan2024|move: Stealth Rock\n|\n|-weather|SunnyDay|[upkeep]\n|upkeep\n|turn|3\n|\n|t:|1699730254\n|-terastallize|p2a: Typhlosion|Fire\n|move|p2a: Typhlosion|Eruption|p1a: SUBSCRIBE 2 AESON!\n|-resisted|p1a: SUBSCRIBE 2 AESON!\n|-damage|p1a: SUBSCRIBE 2 AESON!|11\/100 par\n|move|p1a: SUBSCRIBE 2 AESON!|Earth Power|p2a: Typhlosion\n|-supereffective|p2a: Typhlosion\n|-damage|p2a: Typhlosion|47\/100\n|\n|-weather|SunnyDay|[upkeep]\n|upkeep\n|turn|4\n|c|\u2606FIRE LORD AESON!|oof!\n|c|\u2606FIRE LORD AESON!|respect tho\n|c|\u2606Logan2024|lol\n|\n|t:|1699730292\n|switch|p2a: Rotom|Rotom-Wash|100\/100\n|cant|p1a: SUBSCRIBE 2 AESON!|par\n|\n|-weather|SunnyDay|[upkeep]\n|upkeep\n|turn|5\n|\n|t:|1699730300\n|move|p2a: Rotom|Volt Switch|p1a: SUBSCRIBE 2 AESON!\n|-damage|p1a: SUBSCRIBE 2 AESON!|0 fnt\n|faint|p1a: SUBSCRIBE 2 AESON!\n|\n|t:|1699730305\n|switch|p2a: Forretress|Forretress, M|100\/100|[from] Volt Switch\n|-damage|p2a: Forretress|88\/100|[from] Stealth Rock\n|\n|-weather|SunnyDay|[upkeep]\n|-heal|p2a: Forretress|94\/100|[from] item: Leftovers\n|upkeep\n|\n|t:|1699730325\n|switch|p1a: PLAYBOY|Cinderace, F|100\/100\n|turn|6\n|\n|t:|1699730331\n|switch|p2a: Rotom|Rotom-Wash|100\/100\n|move|p1a: PLAYBOY|Pyro Ball|p2a: Rotom\n|-resisted|p2a: Rotom\n|-damage|p2a: Rotom|38\/100\n|-status|p2a: Rotom|brn\n|-damage|p1a: PLAYBOY|91\/100|[from] item: Life Orb\n|\n|-weather|SunnyDay|[upkeep]\n|-damage|p2a: Rotom|32\/100 brn|[from] brn\n|upkeep\n|turn|7\n|\n|t:|1699730343\n|move|p1a: PLAYBOY|Pyro Ball|p2a: Rotom\n|-resisted|p2a: Rotom\n|-damage|p2a: Rotom|0 fnt\n|faint|p2a: Rotom\n|-damage|p1a: PLAYBOY|81\/100|[from] item: Life Orb\n|\n|-weather|SunnyDay|[upkeep]\n|upkeep\n|\n|t:|1699730350\n|switch|p2a: Forretress|Forretress, M|94\/100\n|-damage|p2a: Forretress|82\/100|[from] Stealth Rock\n|turn|8\n|\n|t:|1699730359\n|move|p1a: PLAYBOY|Pyro Ball|p2a: Forretress\n|-supereffective|p2a: Forretress\n|-damage|p2a: Forretress|0 fnt\n|faint|p2a: Forretress\n|-damage|p1a: PLAYBOY|71\/100|[from] item: Life Orb\n|\n|-weather|none\n|upkeep\n|\n|t:|1699730367\n|switch|p2a: Typhlosion|Typhlosion-Hisui, M, tera:Fire|47\/100\n|-damage|p2a: Typhlosion|22\/100|[from] Stealth Rock\n|turn|9\n|\n|t:|1699730378\n|move|p1a: PLAYBOY|Sucker Punch|p2a: Typhlosion\n|-start|p1a: PLAYBOY|typechange|Dark|[from] ability: Libero\n|-damage|p2a: Typhlosion|0 fnt\n|faint|p2a: Typhlosion\n|-damage|p1a: PLAYBOY|61\/100|[from] item: Life Orb\n|\n|upkeep\n|\n|t:|1699730387\n|switch|p2a: Staraptor|Staraptor, M|100\/100\n|-damage|p2a: Staraptor|75\/100|[from] Stealth Rock\n|turn|10\n|\n|t:|1699730407\n|move|p1a: PLAYBOY|High Jump Kick|p2a: Staraptor\n|-damage|p2a: Staraptor|0 fnt\n|faint|p2a: Staraptor\n|-damage|p1a: PLAYBOY|51\/100|[from] item: Life Orb\n|\n|upkeep\n|c|\u2606Logan2024|haha\n|-message|Logan2024 forfeited.\n|\n|win|FIRE LORD AESON!\n|raw|FIRE LORD AESON!'s rating: 1506 &rarr; <strong>1520<\/strong><br \/>(+14 for winning)\n|raw|Logan2024's rating: 1400 &rarr; <strong>1386<\/strong><br \/>(-14 for losing)\n|l|\u2606Logan2024\n","uploadtime":1699730419,"views":19,"p1id":"firelordaeson","p2id":"logan2024","formatid":"gen9ou","rating":1386,"private":0,"password":""}