{"id":"gen9ou-1988393641","p1":"MukYaUp","p2":"phareon","format":"[Gen 9] OU","log":"|j|\u2606MukYaUp\n|j|\u2606phareon\n|t:|1699717952\n|gametype|singles\n|player|p1|MukYaUp|koga|1164\n|player|p2|phareon|265|1154\n|teamsize|p1|6\n|teamsize|p2|6\n|gen|9\n|tier|[Gen 9] OU\n|rated|\n|rule|Sleep Clause Mod: Limit one foe put to sleep\n|rule|Species Clause: Limit one of each Pok\u00e9mon\n|rule|OHKO Clause: OHKO moves are banned\n|rule|Evasion Items Clause: Evasion items are banned\n|rule|Evasion Moves Clause: Evasion moves are banned\n|rule|Endless Battle Clause: Forcing endless battles is banned\n|rule|HP Percentage Mod: HP is shown in percentages\n|clearpoke\n|poke|p1|Maushold-Four|\n|poke|p1|Weezing-Galar, M|\n|poke|p1|Dragonite, M|\n|poke|p1|Walking Wake|\n|poke|p1|Muk-Alola, F|\n|poke|p1|Great Tusk|\n|poke|p2|Landorus-Therian, M|\n|poke|p2|Iron Valiant|\n|poke|p2|Cinderace, F|\n|poke|p2|Amoonguss, M|\n|poke|p2|Greninja-*, F|\n|poke|p2|Dragapult, F|\n|teampreview\n|\n|t:|1699717966\n|start\n|switch|p1a: WalkingMid|Walking Wake|100\/100\n|switch|p2a: Greninja|Greninja, F|100\/100\n|turn|1\n|\n|t:|1699717976\n|switch|p2a: Amoonguss|Amoonguss, M|100\/100\n|move|p1a: WalkingMid|Draco Meteor|p2a: Amoonguss\n|-damage|p2a: Amoonguss|58\/100\n|-unboost|p1a: WalkingMid|spa|2\n|\n|upkeep\n|turn|2\n|\n|t:|1699717987\n|-end|p1a: WalkingMid|Protosynthesis|[silent]\n|switch|p1a: Pride \ud83c\udf08|Muk-Alola, F|100\/100\n|move|p2a: Amoonguss|Spore|p1a: Pride \ud83c\udf08\n|-status|p1a: Pride \ud83c\udf08|slp|[from] move: Spore\n|\n|upkeep\n|turn|3\n|\n|t:|1699718000\n|switch|p1a: WalkingMid|Walking Wake|100\/100\n|switch|p2a: Landorus|Landorus-Therian, M|100\/100\n|-ability|p2a: Landorus|Intimidate|boost\n|-unboost|p1a: WalkingMid|atk|1\n|\n|upkeep\n|turn|4\n|\n|t:|1699718006\n|switch|p2a: Amoonguss|Amoonguss, M|91\/100\n|move|p1a: WalkingMid|Flip Turn|p2a: Amoonguss\n|-resisted|p2a: Amoonguss\n|-damage|p2a: Amoonguss|86\/100\n|\n|t:|1699718010\n|-end|p1a: WalkingMid|Protosynthesis|[silent]\n|switch|p1a: Pride \ud83c\udf08|Muk-Alola, F|100\/100 slp|[from] Flip Turn\n|\n|upkeep\n|turn|5\n|\n|t:|1699718019\n|switch|p2a: Landorus|Landorus-Therian, M|100\/100\n|-ability|p2a: Landorus|Intimidate|boost\n|-unboost|p1a: Pride \ud83c\udf08|atk|1\n|cant|p1a: Pride \ud83c\udf08|slp\n|\n|upkeep\n|turn|6\n|\n|t:|1699718027\n|switch|p1a: Mr.TopHats|Weezing-Galar, M, shiny|100\/100\n|move|p2a: Landorus|Earth Power|p1a: Mr.TopHats\n|-immune|p1a: Mr.TopHats|[from] ability: Levitate\n|\n|upkeep\n|turn|7\n|\n|t:|1699718035\n|move|p2a: Landorus|Stealth Rock|p1a: Mr.TopHats\n|-sidestart|p1: MukYaUp|move: Stealth Rock\n|move|p1a: Mr.TopHats|Overheat|p2a: Landorus\n|-damage|p2a: Landorus|27\/100\n|-unboost|p1a: Mr.TopHats|spa|2\n|\n|-heal|p2a: Landorus|33\/100|[from] item: Leftovers\n|upkeep\n|turn|8\n|\n|t:|1699718042\n|move|p2a: Landorus|U-turn|p1a: Mr.TopHats\n|-resisted|p1a: Mr.TopHats\n|-damage|p1a: Mr.TopHats|95\/100\n|\n|t:|1699718049\n|switch|p2a: Dragapult|Dragapult, F|100\/100|[from] U-turn\n|move|p1a: Mr.TopHats|Overheat|p2a: Dragapult\n|-resisted|p2a: Dragapult\n|-damage|p2a: Dragapult|86\/100\n|-unboost|p1a: Mr.TopHats|spa|2\n|\n|upkeep\n|turn|9\n|\n|t:|1699718059\n|switch|p1a: Pride \ud83c\udf08|Muk-Alola, F|100\/100 slp\n|-damage|p1a: Pride \ud83c\udf08|88\/100 slp|[from] Stealth Rock\n|move|p2a: Dragapult|Protect||[still]\n|-fail|p2a: Dragapult\n|\n|-heal|p1a: Pride \ud83c\udf08|94\/100 slp|[from] item: Black Sludge\n|upkeep\n|turn|10\n|\n|t:|1699718063\n|move|p2a: Dragapult|Dragon Darts|p1a: Pride \ud83c\udf08\n|-damage|p1a: Pride \ud83c\udf08|73\/100 slp\n|-anim|p2a: Dragapult|Dragon Darts|p1a: Pride \ud83c\udf08\n|-damage|p1a: Pride \ud83c\udf08|50\/100 slp\n|cant|p1a: Pride \ud83c\udf08|slp\n|\n|-heal|p1a: Pride \ud83c\udf08|56\/100 slp|[from] item: Black Sludge\n|upkeep\n|turn|11\n|\n|t:|1699718069\n|switch|p2a: Amoonguss|Amoonguss, M|100\/100\n|cant|p1a: Pride \ud83c\udf08|slp\n|\n|-heal|p1a: Pride \ud83c\udf08|62\/100 slp|[from] item: Black Sludge\n|upkeep\n|turn|12\n|\n|t:|1699718074\n|-curestatus|p1a: Pride \ud83c\udf08|slp|[msg]\n|move|p1a: Pride \ud83c\udf08|Knock Off|p2a: Amoonguss\n|-damage|p2a: Amoonguss|66\/100\n|-enditem|p2a: Amoonguss|Heavy-Duty Boots|[from] move: Knock Off|[of] p1a: Pride \ud83c\udf08\n|move|p2a: Amoonguss|Foul Play|p1a: Pride \ud83c\udf08\n|-resisted|p1a: Pride \ud83c\udf08\n|-damage|p1a: Pride \ud83c\udf08|50\/100\n|\n|-heal|p1a: Pride \ud83c\udf08|56\/100|[from] item: Black Sludge\n|upkeep\n|turn|13\n|\n|t:|1699718083\n|move|p1a: Pride \ud83c\udf08|Protect|p1a: Pride \ud83c\udf08\n|-singleturn|p1a: Pride \ud83c\udf08|Protect\n|move|p2a: Amoonguss|Spore|p1a: Pride \ud83c\udf08\n|-activate|p1a: Pride \ud83c\udf08|move: Protect\n|\n|-heal|p1a: Pride \ud83c\udf08|62\/100|[from] item: Black Sludge\n|upkeep\n|turn|14\n|\n|t:|1699718093\n|switch|p1a: Mr.TopHats|Weezing-Galar, M, shiny|95\/100\n|-damage|p1a: Mr.TopHats|83\/100|[from] Stealth Rock\n|move|p2a: Amoonguss|Spore|p1a: Mr.TopHats\n|-status|p1a: Mr.TopHats|slp|[from] move: Spore\n|\n|upkeep\n|turn|15\n|\n|t:|1699718110\n|switch|p1a: Beyblade|Great Tusk|100\/100\n|-damage|p1a: Beyblade|97\/100|[from] Stealth Rock\n|switch|p2a: Cinderace|Cinderace, F|100\/100\n|\n|upkeep\n|turn|16\n|\n|t:|1699718121\n|move|p2a: Cinderace|Will-O-Wisp|p1a: Beyblade\n|-status|p1a: Beyblade|brn\n|move|p1a: Beyblade|Ice Spinner|p2a: Cinderace\n|-resisted|p2a: Cinderace\n|-damage|p2a: Cinderace|93\/100\n|\n|-damage|p1a: Beyblade|91\/100 brn|[from] brn\n|upkeep\n|turn|17\n|\n|t:|1699718153\n|move|p2a: Cinderace|U-turn|p1a: Beyblade\n|-start|p2a: Cinderace|typechange|Bug|[from] ability: Libero\n|-resisted|p1a: Beyblade\n|-damage|p1a: Beyblade|84\/100 brn\n|-damage|p2a: Cinderace|76\/100|[from] item: Rocky Helmet|[of] p1a: Beyblade\n|inactive|Battle timer is ON: inactive players will automatically lose when time's up. (requested by MukYaUp)\n|\n|t:|1699718156\n|switch|p2a: Landorus|Landorus-Therian, M|33\/100|[from] U-turn\n|-ability|p2a: Landorus|Intimidate|boost\n|-unboost|p1a: Beyblade|atk|1\n|move|p1a: Beyblade|Rapid Spin|p2a: Landorus\n|-damage|p2a: Landorus|28\/100\n|-boost|p1a: Beyblade|spe|1\n|-sideend|p1: MukYaUp|Stealth Rock|[from] move: Rapid Spin|[of] p1a: Beyblade\n|\n|-heal|p2a: Landorus|34\/100|[from] item: Leftovers\n|-damage|p1a: Beyblade|78\/100 brn|[from] brn\n|upkeep\n|turn|18\n|\n|t:|1699718161\n|move|p1a: Beyblade|Ice Spinner|p2a: Landorus\n|-supereffective|p2a: Landorus\n|-damage|p2a: Landorus|9\/100\n|move|p2a: Landorus|Grass Knot|p1a: Beyblade\n|-supereffective|p1a: Beyblade\n|-damage|p1a: Beyblade|0 fnt\n|-damage|p2a: Landorus|0 fnt|[from] item: Rocky Helmet|[of] p1a: Beyblade\n|faint|p1a: Beyblade\n|-end|p1a: Beyblade|Protosynthesis|[silent]\n|faint|p2a: Landorus\n|\n|upkeep\n|inactive|phareon has 120 seconds left.\n|\n|t:|1699718194\n|switch|p2a: Greninja|Greninja, F|100\/100\n|switch|p1a: WalkingMid|Walking Wake|100\/100\n|turn|19\n|\n|t:|1699718200\n|move|p1a: WalkingMid|Hydro Steam|p2a: Greninja\n|-resisted|p2a: Greninja\n|-damage|p2a: Greninja|70\/100\n|move|p2a: Greninja|Ice Beam|p1a: WalkingMid\n|-start|p2a: Greninja|typechange|Ice|[from] ability: Protean\n|-damage|p1a: WalkingMid|56\/100\n|\n|upkeep\n|turn|20\n|\n|t:|1699718210\n|switch|p2a: Amoonguss|Amoonguss, M|99\/100\n|move|p1a: WalkingMid|Hydro Steam|p2a: Amoonguss\n|-resisted|p2a: Amoonguss\n|-damage|p2a: Amoonguss|85\/100\n|\n|upkeep\n|turn|21\n|\n|t:|1699718224\n|-end|p1a: WalkingMid|Protosynthesis|[silent]\n|switch|p1a: Mr.TopHats|Weezing-Galar, M, shiny|83\/100 slp\n|switch|p2a: Cinderace|Cinderace, F|76\/100\n|\n|upkeep\n|turn|22\n|\n|t:|1699718228\n|move|p2a: Cinderace|Pyro Ball|p1a: Mr.TopHats\n|-damage|p1a: Mr.TopHats|22\/100 slp\n|cant|p1a: Mr.TopHats|slp\n|\n|upkeep\n|turn|23\n|\n|t:|1699718233\n|move|p2a: Cinderace|Pyro Ball|p1a: Mr.TopHats|[miss]\n|-miss|p2a: Cinderace|p1a: Mr.TopHats\n|cant|p1a: Mr.TopHats|slp\n|\n|upkeep\n|turn|24\n|\n|t:|1699718236\n|move|p2a: Cinderace|Pyro Ball|p1a: Mr.TopHats\n|-damage|p1a: Mr.TopHats|0 fnt\n|faint|p1a: Mr.TopHats\n|\n|upkeep\n|\n|t:|1699718249\n|switch|p1a: WalkingMid|Walking Wake|56\/100\n|turn|25\n|inactive|phareon has 120 seconds left.\n|\n|t:|1699718285\n|move|p1a: WalkingMid|Draco Meteor|p2a: Cinderace\n|-damage|p2a: Cinderace|0 fnt\n|-unboost|p1a: WalkingMid|spa|2\n|faint|p2a: Cinderace\n|\n|upkeep\n|\n|t:|1699718289\n|switch|p2a: Iron Valiant|Iron Valiant|100\/100\n|-enditem|p2a: Iron Valiant|Booster Energy\n|-activate|p2a: Iron Valiant|ability: Quark Drive|[fromitem]\n|-start|p2a: Iron Valiant|quarkdrivespe\n|turn|26\n|\n|t:|1699718298\n|-end|p1a: WalkingMid|Protosynthesis|[silent]\n|switch|p1a: Pride \ud83c\udf08|Muk-Alola, F|62\/100\n|move|p2a: Iron Valiant|Calm Mind|p2a: Iron Valiant\n|-boost|p2a: Iron Valiant|spa|1\n|-boost|p2a: Iron Valiant|spd|1\n|\n|-heal|p1a: Pride \ud83c\udf08|68\/100|[from] item: Black Sludge\n|upkeep\n|turn|27\n|inactive|phareon has 120 seconds left.\n|\n|t:|1699718330\n|move|p2a: Iron Valiant|Moonblast|p1a: Pride \ud83c\udf08\n|-damage|p1a: Pride \ud83c\udf08|28\/100\n|-unboost|p1a: Pride \ud83c\udf08|spa|1\n|move|p1a: Pride \ud83c\udf08|Poison Jab|p2a: Iron Valiant\n|-supereffective|p2a: Iron Valiant\n|-damage|p2a: Iron Valiant|22\/100\n|-status|p2a: Iron Valiant|psn\n|\n|-heal|p1a: Pride \ud83c\udf08|34\/100|[from] item: Black Sludge\n|-damage|p2a: Iron Valiant|9\/100 psn|[from] psn\n|upkeep\n|turn|28\n|\n|t:|1699718338\n|move|p1a: Pride \ud83c\udf08|Protect|p1a: Pride \ud83c\udf08\n|-singleturn|p1a: Pride \ud83c\udf08|Protect\n|move|p2a: Iron Valiant|Moonblast|p1a: Pride \ud83c\udf08\n|-activate|p1a: Pride \ud83c\udf08|move: Protect\n|\n|-heal|p1a: Pride \ud83c\udf08|40\/100|[from] item: Black Sludge\n|-damage|p2a: Iron Valiant|0 fnt|[from] psn\n|faint|p2a: Iron Valiant\n|-end|p2a: Iron Valiant|Quark Drive|[silent]\n|upkeep\n|inactive|phareon has 120 seconds left.\n|\n|t:|1699718345\n|switch|p2a: Greninja|Greninja, F|70\/100\n|turn|29\n|\n|t:|1699718350\n|move|p2a: Greninja|Ice Beam|p1a: Pride \ud83c\udf08\n|-start|p2a: Greninja|typechange|Ice|[from] ability: Protean\n|-damage|p1a: Pride \ud83c\udf08|15\/100\n|move|p1a: Pride \ud83c\udf08|Drain Punch|p2a: Greninja\n|-supereffective|p2a: Greninja\n|-damage|p2a: Greninja|8\/100\n|-heal|p1a: Pride \ud83c\udf08|37\/100|[from] drain|[of] p2a: Greninja\n|\n|-heal|p1a: Pride \ud83c\udf08|43\/100|[from] item: Black Sludge\n|upkeep\n|turn|30\n|-message|phareon forfeited.\n|\n|win|MukYaUp\n|raw|MukYaUp's rating: 1164 &rarr; <strong>1188<\/strong><br \/>(+24 for winning)\n|raw|phareon's rating: 1154 &rarr; <strong>1130<\/strong><br \/>(-24 for losing)\n|l|\u2606phareon\n","uploadtime":1699718364,"views":14,"p1id":"mukyaup","p2id":"phareon","formatid":"gen9ou","rating":1130,"private":0,"password":""}