{"id":"gen9ou-1994882286","p1":"Kaz2109","p2":"YOSHlNlAN","format":"[Gen 9] OU","log":"|j|\u2606Kaz2109\n|j|\u2606YOSHlNlAN\n|t:|1700501374\n|gametype|singles\n|player|p1|Kaz2109|policeman-gen4|1352\n|player|p2|YOSHlNlAN|colress|1355\n|teamsize|p1|6\n|teamsize|p2|6\n|gen|9\n|tier|[Gen 9] OU\n|rated|\n|rule|Sleep Clause Mod: Limit one foe put to sleep\n|rule|Species Clause: Limit one of each Pok\u00e9mon\n|rule|OHKO Clause: OHKO moves are banned\n|rule|Evasion Items Clause: Evasion items are banned\n|rule|Evasion Moves Clause: Evasion moves are banned\n|rule|Endless Battle Clause: Forcing endless battles is banned\n|rule|HP Percentage Mod: HP is shown in percentages\n|clearpoke\n|poke|p1|Arboliva, F|\n|poke|p1|Azumarill, F|\n|poke|p1|Cinderace, F|\n|poke|p1|Iron Valiant|\n|poke|p1|Toxapex, F|\n|poke|p1|Great Tusk|\n|poke|p2|Corviknight, M|\n|poke|p2|Ceruledge, M|\n|poke|p2|Landorus-Therian, M|\n|poke|p2|Mew|\n|poke|p2|Heatran, M|\n|poke|p2|Dragapult, M|\n|teampreview\n|inactive|Battle timer is ON: inactive players will automatically lose when time's up. (requested by YOSHlNlAN)\n|\n|t:|1700501383\n|start\n|switch|p1a: Arboliva|Arboliva, F|100\/100\n|switch|p2a: Dragapult|Dragapult, M, shiny|100\/100\n|turn|1\n|\n|t:|1700501390\n|move|p2a: Dragapult|Flamethrower|p1a: Arboliva\n|-supereffective|p1a: Arboliva\n|-damage|p1a: Arboliva|31\/100\n|-enditem|p1a: Arboliva|Sitrus Berry|[eat]\n|-heal|p1a: Arboliva|56\/100|[from] item: Sitrus Berry\n|move|p1a: Arboliva|Leech Seed|p2a: Dragapult\n|-start|p2a: Dragapult|move: Leech Seed\n|\n|-damage|p2a: Dragapult|88\/100|[from] Leech Seed|[of] p1a: Arboliva\n|-heal|p1a: Arboliva|67\/100|[silent]\n|-item|p1a: Arboliva|Sitrus Berry|[from] ability: Harvest\n|upkeep\n|turn|2\n|\n|t:|1700501400\n|move|p1a: Arboliva|Protect|p1a: Arboliva\n|-singleturn|p1a: Arboliva|Protect\n|move|p2a: Dragapult|Flamethrower|p1a: Arboliva\n|-activate|p1a: Arboliva|move: Protect\n|\n|-damage|p2a: Dragapult|76\/100|[from] Leech Seed|[of] p1a: Arboliva\n|-heal|p1a: Arboliva|78\/100|[silent]\n|upkeep\n|turn|3\n|\n|t:|1700501409\n|switch|p1a: Toxapex|Toxapex, F|100\/100\n|move|p2a: Dragapult|Flamethrower|p1a: Toxapex\n|-resisted|p1a: Toxapex\n|-damage|p1a: Toxapex|86\/100\n|\n|-heal|p1a: Toxapex|92\/100|[from] item: Leftovers\n|-damage|p2a: Dragapult|64\/100|[from] Leech Seed|[of] p1a: Toxapex\n|-heal|p1a: Toxapex|100\/100|[silent]\n|upkeep\n|turn|4\n|\n|t:|1700501418\n|switch|p2a: Heatran|Heatran, M|100\/100\n|move|p1a: Toxapex|Infestation|p2a: Heatran\n|-resisted|p2a: Heatran\n|-damage|p2a: Heatran|99\/100\n|-activate|p2a: Heatran|move: Infestation|[of] p1a: Toxapex\n|\n|-damage|p2a: Heatran|88\/100|[from] move: Infestation|[partiallytrapped]\n|upkeep\n|turn|5\n|\n|t:|1700501426\n|move|p2a: Heatran|Magma Storm|p1a: Toxapex|[miss]\n|-miss|p2a: Heatran|p1a: Toxapex\n|move|p1a: Toxapex|Surf|p2a: Heatran\n|-supereffective|p2a: Heatran\n|-damage|p2a: Heatran|69\/100\n|\n|-damage|p2a: Heatran|56\/100|[from] move: Infestation|[partiallytrapped]\n|upkeep\n|turn|6\n|\n|t:|1700501434\n|move|p2a: Heatran|Earth Power|p1a: Toxapex\n|-supereffective|p1a: Toxapex\n|-damage|p1a: Toxapex|45\/100\n|move|p1a: Toxapex|Surf|p2a: Heatran\n|-supereffective|p2a: Heatran\n|-damage|p2a: Heatran|37\/100\n|\n|-heal|p1a: Toxapex|51\/100|[from] item: Leftovers\n|-damage|p2a: Heatran|25\/100|[from] move: Infestation|[partiallytrapped]\n|upkeep\n|turn|7\n|\n|t:|1700501444\n|switch|p1a: Azumarill|Azumarill, F|100\/100\n|move|p2a: Heatran|Earth Power|p1a: Azumarill\n|-damage|p1a: Azumarill|77\/100\n|\n|-end|p2a: Heatran|Infestation|[partiallytrapped]|[silent]\n|upkeep\n|turn|8\n|\n|t:|1700501451\n|move|p1a: Azumarill|Aqua Jet|p2a: Heatran\n|-supereffective|p2a: Heatran\n|-damage|p2a: Heatran|0 fnt\n|faint|p2a: Heatran\n|\n|upkeep\n|\n|t:|1700501459\n|switch|p2a: Dragapult|Dragapult, M, shiny|64\/100\n|turn|9\n|\n|t:|1700501464\n|move|p2a: Dragapult|Shadow Ball|p1a: Azumarill\n|-damage|p1a: Azumarill|43\/100\n|move|p1a: Azumarill|Knock Off|p2a: Dragapult\n|-supereffective|p2a: Dragapult\n|-damage|p2a: Dragapult|0 fnt\n|-enditem|p2a: Dragapult|Choice Specs|[from] move: Knock Off|[of] p1a: Azumarill\n|faint|p2a: Dragapult\n|\n|upkeep\n|\n|t:|1700501467\n|switch|p2a: Landorus|Landorus-Therian, M, shiny|100\/100\n|-ability|p2a: Landorus|Intimidate|boost\n|-unboost|p1a: Azumarill|atk|1\n|turn|10\n|\n|t:|1700501476\n|switch|p1a: Arboliva|Arboliva, F|78\/100\n|move|p2a: Landorus|Earthquake|p1a: Arboliva\n|-resisted|p1a: Arboliva\n|-damage|p1a: Arboliva|58\/100\n|\n|upkeep\n|turn|11\n|\n|t:|1700501483\n|move|p2a: Landorus|Taunt|p1a: Arboliva\n|-start|p1a: Arboliva|move: Taunt\n|cant|p1a: Arboliva|move: Taunt|Leech Seed\n|\n|upkeep\n|turn|12\n|\n|t:|1700501486\n|move|p2a: Landorus|U-turn|p1a: Arboliva\n|-supereffective|p1a: Arboliva\n|-damage|p1a: Arboliva|20\/100\n|-enditem|p1a: Arboliva|Sitrus Berry|[eat]\n|-heal|p1a: Arboliva|45\/100|[from] item: Sitrus Berry\n|\n|t:|1700501490\n|switch|p2a: Mew|Mew, shiny|100\/100|[from] U-turn\n|move|p1a: Arboliva|Giga Drain|p2a: Mew\n|-damage|p2a: Mew|75\/100\n|-heal|p1a: Arboliva|60\/100|[from] drain|[of] p2a: Mew\n|\n|-heal|p2a: Mew|81\/100|[from] item: Leftovers\n|-item|p1a: Arboliva|Sitrus Berry|[from] ability: Harvest\n|upkeep\n|turn|13\n|\n|t:|1700501503\n|switch|p1a: Toxapex|Toxapex, F|84\/100\n|move|p2a: Mew|Thunder Wave|p1a: Toxapex\n|-status|p1a: Toxapex|par\n|\n|-heal|p2a: Mew|87\/100|[from] item: Leftovers\n|-heal|p1a: Toxapex|90\/100 par|[from] item: Leftovers\n|upkeep\n|turn|14\n|\n|t:|1700501511\n|move|p2a: Mew|Calm Mind|p2a: Mew\n|-boost|p2a: Mew|spa|1\n|-boost|p2a: Mew|spd|1\n|move|p1a: Toxapex|Infestation|p2a: Mew\n|-supereffective|p2a: Mew\n|-damage|p2a: Mew|83\/100\n|-activate|p2a: Mew|move: Infestation|[of] p1a: Toxapex\n|\n|-heal|p2a: Mew|90\/100|[from] item: Leftovers\n|-heal|p1a: Toxapex|97\/100 par|[from] item: Leftovers\n|-damage|p2a: Mew|77\/100|[from] move: Infestation|[partiallytrapped]\n|upkeep\n|turn|15\n|\n|t:|1700501515\n|switch|p1a: Arboliva|Arboliva, F|60\/100\n|move|p2a: Mew|Calm Mind|p2a: Mew\n|-boost|p2a: Mew|spa|1\n|-boost|p2a: Mew|spd|1\n|\n|-heal|p2a: Mew|83\/100|[from] item: Leftovers\n|-end|p2a: Mew|Infestation|[partiallytrapped]|[silent]\n|upkeep\n|turn|16\n|\n|t:|1700501517\n|move|p2a: Mew|Stored Power|p1a: Arboliva\n|-damage|p1a: Arboliva|0 fnt\n|faint|p1a: Arboliva\n|\n|-heal|p2a: Mew|90\/100|[from] item: Leftovers\n|upkeep\n|\n|t:|1700501527\n|switch|p1a: Cinderace|Cinderace, F|100\/100\n|turn|17\n|\n|t:|1700501531\n|move|p1a: Cinderace|U-turn|p2a: Mew\n|-start|p1a: Cinderace|typechange|Bug|[from] ability: Libero\n|-supereffective|p2a: Mew\n|-damage|p2a: Mew|33\/100\n|\n|t:|1700501536\n|switch|p1a: Azumarill|Azumarill, F|43\/100|[from] U-turn\n|move|p2a: Mew|Stored Power|p1a: Azumarill\n|-damage|p1a: Azumarill|0 fnt\n|faint|p1a: Azumarill\n|\n|-heal|p2a: Mew|39\/100|[from] item: Leftovers\n|upkeep\n|\n|t:|1700501544\n|switch|p1a: Cinderace|Cinderace, F|100\/100\n|turn|18\n|\n|t:|1700501547\n|switch|p2a: Landorus|Landorus-Therian, M, shiny|100\/100\n|-ability|p2a: Landorus|Intimidate|boost\n|-unboost|p1a: Cinderace|atk|1\n|move|p1a: Cinderace|U-turn|p2a: Landorus\n|-start|p1a: Cinderace|typechange|Bug|[from] ability: Libero\n|-resisted|p2a: Landorus\n|-damage|p2a: Landorus|87\/100\n|\n|t:|1700501555\n|switch|p1a: Great Tusk|Great Tusk|100\/100|[from] U-turn\n|\n|upkeep\n|turn|19\n|\n|t:|1700501560\n|move|p2a: Landorus|Taunt|p1a: Great Tusk\n|-start|p1a: Great Tusk|move: Taunt\n|cant|p1a: Great Tusk|move: Taunt|Bulk Up\n|\n|upkeep\n|turn|20\n|\n|t:|1700501565\n|-terastallize|p1a: Great Tusk|Ice\n|move|p2a: Landorus|U-turn|p1a: Great Tusk\n|-damage|p1a: Great Tusk|85\/100\n|\n|t:|1700501571\n|switch|p2a: Ceruledge|Ceruledge, M|100\/100|[from] U-turn\n|move|p1a: Great Tusk|Ice Spinner|p2a: Ceruledge\n|-resisted|p2a: Ceruledge\n|-damage|p2a: Ceruledge|75\/100\n|\n|-heal|p1a: Great Tusk|91\/100|[from] item: Leftovers\n|upkeep\n|turn|21\n|\n|t:|1700501578\n|move|p1a: Great Tusk|Headlong Rush|p2a: Ceruledge\n|-supereffective|p2a: Ceruledge\n|-damage|p2a: Ceruledge|0 fnt\n|-unboost|p1a: Great Tusk|def|1\n|-unboost|p1a: Great Tusk|spd|1\n|faint|p2a: Ceruledge\n|\n|-heal|p1a: Great Tusk|97\/100|[from] item: Leftovers\n|-end|p1a: Great Tusk|move: Taunt\n|upkeep\n|\n|t:|1700501583\n|switch|p2a: Corviknight|Corviknight, M, shiny|100\/100\n|-ability|p2a: Corviknight|Pressure\n|turn|22\n|\n|t:|1700501591\n|-end|p1a: Great Tusk|Protosynthesis|[silent]\n|switch|p1a: Cinderace|Cinderace, F|100\/100\n|move|p2a: Corviknight|Body Press|p1a: Cinderace\n|-damage|p1a: Cinderace|65\/100\n|\n|upkeep\n|turn|23\n|\n|t:|1700501597\n|switch|p2a: Landorus|Landorus-Therian, M, shiny|87\/100\n|-ability|p2a: Landorus|Intimidate|boost\n|-unboost|p1a: Cinderace|atk|1\n|move|p1a: Cinderace|Pyro Ball|p2a: Landorus\n|-crit|p2a: Landorus\n|-damage|p2a: Landorus|0 fnt\n|faint|p2a: Landorus\n|\n|upkeep\n|-message|YOSHlNlAN forfeited.\n|\n|win|Kaz2109\n|raw|Kaz2109's rating: 1352 &rarr; <strong>1372<\/strong><br \/>(+20 for winning)\n|raw|YOSHlNlAN's rating: 1355 &rarr; <strong>1335<\/strong><br \/>(-20 for losing)\n|l|\u2606YOSHlNlAN\n","uploadtime":1700501609,"views":6,"p1id":"kaz2109","p2id":"yoshlnlan","formatid":"gen9ou","rating":1335,"private":0,"password":""}