{"id":"gen9ou-1994546897","p1":"chairnotahare","p2":"kd8atx","format":"[Gen 9] OU","log":"|j|\u2606chairnotahare\n|j|\u2606kd8atx\n|t:|1700457747\n|gametype|singles\n|player|p1|chairnotahare|red|1343\n|player|p2|kd8atx|2|1357\n|teamsize|p1|6\n|teamsize|p2|6\n|gen|9\n|tier|[Gen 9] OU\n|rated|\n|rule|Sleep Clause Mod: Limit one foe put to sleep\n|rule|Species Clause: Limit one of each Pok\u00e9mon\n|rule|OHKO Clause: OHKO moves are banned\n|rule|Evasion Items Clause: Evasion items are banned\n|rule|Evasion Moves Clause: Evasion moves are banned\n|rule|Endless Battle Clause: Forcing endless battles is banned\n|rule|HP Percentage Mod: HP is shown in percentages\n|clearpoke\n|poke|p1|Kingambit, F|\n|poke|p1|Great Tusk|\n|poke|p1|Iron Valiant|\n|poke|p1|Gholdengo|\n|poke|p1|Slowking-Galar, F|\n|poke|p1|Zamazenta-*|\n|poke|p2|Hippowdon, F|\n|poke|p2|Scizor, F|\n|poke|p2|Alomomola, M|\n|poke|p2|Rotom-Heat|\n|poke|p2|Ditto|\n|poke|p2|Mandibuzz, F|\n|teampreview\n|j| ogkbee\n|\n|t:|1700457780\n|start\n|switch|p1a: Great Tusk|Great Tusk|100\/100\n|switch|p2a: Rotom|Rotom-Heat|100\/100\n|turn|1\n|\n|t:|1700457786\n|-end|p1a: Great Tusk|Protosynthesis|[silent]\n|switch|p1a: Slowking|Slowking-Galar, F|100\/100\n|move|p2a: Rotom|Will-O-Wisp|p1a: Slowking\n|-status|p1a: Slowking|brn\n|\n|-damage|p1a: Slowking|94\/100 brn|[from] brn\n|upkeep\n|turn|2\n|\n|t:|1700457793\n|switch|p2a: Ditto|Ditto|100\/100\n|-transform|p2a: Ditto|p1a: Slowking|[from] ability: Imposter\n|move|p1a: Slowking|Future Sight|p2a: Ditto\n|-start|p1a: Slowking|move: Future Sight\n|\n|-damage|p1a: Slowking|88\/100 brn|[from] brn\n|upkeep\n|turn|3\n|\n|t:|1700457805\n|switch|p1a: Gholdengo|Gholdengo|100\/100\n|move|p2a: Ditto|Flamethrower|p1a: Gholdengo\n|-supereffective|p1a: Gholdengo\n|-damage|p1a: Gholdengo|38\/100\n|\n|upkeep\n|turn|4\n|\n|t:|1700457811\n|switch|p1a: Slowking|Slowking-Galar, F|100\/100 brn\n|switch|p2a: Mandibuzz|Mandibuzz, F|100\/100\n|\n|-end|p2a: Mandibuzz|move: Future Sight\n|-immune|p2a: Mandibuzz\n|-damage|p1a: Slowking|94\/100 brn|[from] brn\n|upkeep\n|turn|5\n|\n|t:|1700457836\n|switch|p1a: Kingambit|Kingambit, F|100\/100\n|move|p2a: Mandibuzz|Knock Off|p1a: Kingambit\n|-resisted|p1a: Kingambit\n|-damage|p1a: Kingambit|93\/100\n|-enditem|p1a: Kingambit|Leftovers|[from] move: Knock Off|[of] p2a: Mandibuzz\n|\n|upkeep\n|turn|6\n|\n|t:|1700457865\n|switch|p2a: Rotom|Rotom-Heat|100\/100\n|move|p1a: Kingambit|Swords Dance|p1a: Kingambit\n|-boost|p1a: Kingambit|atk|2\n|\n|upkeep\n|turn|7\n|\n|t:|1700457896\n|-end|p1a: Kingambit|fallenundefined|[silent]\n|switch|p1a: Slowking|Slowking-Galar, F|100\/100 brn\n|move|p2a: Rotom|Will-O-Wisp|p1a: Slowking|[miss]\n|-miss|p2a: Rotom|p1a: Slowking\n|\n|-damage|p1a: Slowking|94\/100 brn|[from] brn\n|upkeep\n|turn|8\n|\n|t:|1700457924\n|switch|p2a: Mandibuzz|Mandibuzz, F|100\/100\n|move|p1a: Slowking|Sludge Bomb|p2a: Mandibuzz\n|-damage|p2a: Mandibuzz|71\/100\n|\n|-damage|p1a: Slowking|88\/100 brn|[from] brn\n|upkeep\n|turn|9\n|\n|t:|1700457951\n|switch|p2a: Rotom|Rotom-Heat|100\/100\n|switch|p1a: Kingambit|Kingambit, F|93\/100\n|\n|upkeep\n|turn|10\n|\n|t:|1700457958\n|-end|p1a: Kingambit|fallenundefined|[silent]\n|switch|p1a: Slowking|Slowking-Galar, F|100\/100 brn\n|move|p2a: Rotom|Trick|p1a: Slowking\n|-activate|p2a: Rotom|move: Trick|[of] p1a: Slowking\n|-item|p1a: Slowking|Choice Scarf|[from] move: Trick\n|-item|p2a: Rotom|Assault Vest|[from] move: Trick\n|\n|-damage|p1a: Slowking|94\/100 brn|[from] brn\n|upkeep\n|turn|11\n|\n|t:|1700458011\n|move|p2a: Rotom|Volt Switch|p1a: Slowking\n|-damage|p1a: Slowking|74\/100 brn\n|inactive|Battle timer is ON: inactive players will automatically lose when time's up. (requested by chairnotahare)\n|\n|t:|1700458081\n|switch|p2a: Ditto|Ditto|100\/100|[from] Volt Switch\n|-transform|p2a: Ditto|p1a: Slowking|[from] ability: Imposter\n|move|p1a: Slowking|Sludge Bomb|p2a: Ditto\n|-resisted|p2a: Ditto\n|-damage|p2a: Ditto|85\/100\n|\n|-heal|p2a: Ditto|91\/100|[from] item: Leftovers\n|-damage|p1a: Slowking|68\/100 brn|[from] brn\n|upkeep\n|turn|12\n|inactive|chairnotahare has 120 seconds left.\n|\n|t:|1700458131\n|move|p1a: Slowking|Sludge Bomb|p2a: Ditto\n|-resisted|p2a: Ditto\n|-damage|p2a: Ditto|75\/100\n|move|p2a: Ditto|Future Sight|p1a: Slowking\n|-start|p2a: Ditto|move: Future Sight\n|\n|-heal|p2a: Ditto|81\/100|[from] item: Leftovers\n|-damage|p1a: Slowking|62\/100 brn|[from] brn\n|upkeep\n|turn|13\n|inactive|kd8atx has 120 seconds left.\n|inactive|kd8atx has 90 seconds left.\n|\n|t:|1700458188\n|switch|p1a: Kingambit|Kingambit, F|93\/100\n|move|p2a: Ditto|Flamethrower|p1a: Kingambit\n|-supereffective|p1a: Kingambit\n|-damage|p1a: Kingambit|46\/100\n|\n|-heal|p2a: Ditto|87\/100|[from] item: Leftovers\n|upkeep\n|turn|14\n|inactive|kd8atx has 90 seconds left.\n|inactive|chairnotahare has 90 seconds left.\n|inactive|chairnotahare has 60 seconds left.\n|\n|t:|1700458262\n|switch|p2a: Rotom|Rotom-Heat|100\/100\n|move|p1a: Kingambit|Kowtow Cleave|p2a: Rotom\n|-damage|p2a: Rotom|35\/100\n|\n|-end|p1a: Kingambit|move: Future Sight\n|-immune|p1a: Kingambit\n|upkeep\n|turn|15\n|inactive|kd8atx has 90 seconds left.\n|\n|t:|1700458277\n|switch|p2a: Hippowdon|Hippowdon, F|100\/100\n|-weather|Sandstorm|[from] ability: Sand Stream|[of] p2a: Hippowdon\n|-end|p1a: Kingambit|fallenundefined|[silent]\n|switch|p1a: Slowking|Slowking-Galar, F|95\/100 brn\n|\n|-weather|Sandstorm|[upkeep]\n|-damage|p1a: Slowking|89\/100 brn|[from] Sandstorm\n|-damage|p1a: Slowking|83\/100 brn|[from] brn\n|upkeep\n|turn|16\n|\n|t:|1700458286\n|switch|p1a: Great Tusk|Great Tusk|100\/100\n|move|p2a: Hippowdon|Earthquake|p1a: Great Tusk\n|-damage|p1a: Great Tusk|83\/100\n|\n|-weather|Sandstorm|[upkeep]\n|-heal|p1a: Great Tusk|89\/100|[from] item: Leftovers\n|upkeep\n|turn|17\n|\n|t:|1700458294\n|switch|p2a: Mandibuzz|Mandibuzz, F|71\/100\n|move|p1a: Great Tusk|Stealth Rock|p2a: Mandibuzz\n|-sidestart|p2: kd8atx|move: Stealth Rock\n|\n|-weather|Sandstorm|[upkeep]\n|-heal|p1a: Great Tusk|95\/100|[from] item: Leftovers\n|upkeep\n|turn|18\n|\n|t:|1700458301\n|move|p1a: Great Tusk|Knock Off|p2a: Mandibuzz\n|-resisted|p2a: Mandibuzz\n|-damage|p2a: Mandibuzz|63\/100\n|-enditem|p2a: Mandibuzz|Heavy-Duty Boots|[from] move: Knock Off|[of] p1a: Great Tusk\n|move|p2a: Mandibuzz|Knock Off|p1a: Great Tusk\n|-resisted|p1a: Great Tusk\n|-crit|p1a: Great Tusk\n|-damage|p1a: Great Tusk|87\/100\n|-enditem|p1a: Great Tusk|Leftovers|[from] move: Knock Off|[of] p2a: Mandibuzz\n|\n|-weather|Sandstorm|[upkeep]\n|upkeep\n|turn|19\n|inactive|chairnotahare has 90 seconds left.\n|\n|t:|1700458337\n|-end|p1a: Great Tusk|Protosynthesis|[silent]\n|switch|p1a: Gholdengo|Gholdengo|38\/100\n|move|p2a: Mandibuzz|Roost|p2a: Mandibuzz\n|-heal|p2a: Mandibuzz|100\/100\n|-singleturn|p2a: Mandibuzz|move: Roost\n|\n|-weather|none\n|upkeep\n|turn|20\n|\n|t:|1700458344\n|move|p1a: Gholdengo|Make It Rain|p2a: Mandibuzz\n|-damage|p2a: Mandibuzz|49\/100\n|-unboost|p1a: Gholdengo|spa|1\n|move|p2a: Mandibuzz|Knock Off|p1a: Gholdengo\n|-supereffective|p1a: Gholdengo\n|-crit|p1a: Gholdengo\n|-damage|p1a: Gholdengo|0 fnt\n|-enditem|p1a: Gholdengo|Choice Scarf|[from] move: Knock Off|[of] p2a: Mandibuzz\n|faint|p1a: Gholdengo\n|\n|upkeep\n|inactive|chairnotahare has 60 seconds left.\n|\n|t:|1700458382\n|switch|p1a: Zamazenta|Zamazenta|100\/100\n|-ability|p1a: Zamazenta|Dauntless Shield|boost\n|-boost|p1a: Zamazenta|def|1\n|turn|21\n|inactive|kd8atx has 120 seconds left.\n|\n|t:|1700458404\n|move|p1a: Zamazenta|Substitute|p1a: Zamazenta\n|-start|p1a: Zamazenta|Substitute\n|-damage|p1a: Zamazenta|75\/100\n|move|p2a: Mandibuzz|Toxic||[still]\n|-fail|p2a: Mandibuzz\n|\n|-heal|p1a: Zamazenta|82\/100|[from] item: Leftovers\n|upkeep\n|turn|22\n|inactive|chairnotahare has 60 seconds left.\n|\n|t:|1700458428\n|switch|p2a: Hippowdon|Hippowdon, F|100\/100\n|-damage|p2a: Hippowdon|94\/100|[from] Stealth Rock\n|-weather|Sandstorm|[from] ability: Sand Stream|[of] p2a: Hippowdon\n|move|p1a: Zamazenta|Iron Defense|p1a: Zamazenta\n|-boost|p1a: Zamazenta|def|2\n|\n|-weather|Sandstorm|[upkeep]\n|-damage|p1a: Zamazenta|75\/100|[from] Sandstorm\n|-heal|p1a: Zamazenta|82\/100|[from] item: Leftovers\n|upkeep\n|turn|23\n|inactive|kd8atx has 120 seconds left.\n|\n|t:|1700458453\n|move|p1a: Zamazenta|Body Press|p2a: Hippowdon\n|-damage|p2a: Hippowdon|51\/100\n|-damage|p1a: Zamazenta|65\/100|[from] item: Rocky Helmet|[of] p2a: Hippowdon\n|move|p2a: Hippowdon|Whirlwind|p1a: Zamazenta\n|drag|p1a: Iron Valiant|Iron Valiant|100\/100\n|-enditem|p1a: Iron Valiant|Booster Energy\n|-activate|p1a: Iron Valiant|ability: Quark Drive|[fromitem]\n|-start|p1a: Iron Valiant|quarkdrivespe\n|\n|-weather|Sandstorm|[upkeep]\n|-damage|p1a: Iron Valiant|94\/100|[from] Sandstorm\n|upkeep\n|turn|24\n|inactive|chairnotahare has 60 seconds left.\n|\n|t:|1700458471\n|switch|p2a: Scizor|Scizor, F|100\/100\n|-damage|p2a: Scizor|88\/100|[from] Stealth Rock\n|-terastallize|p1a: Iron Valiant|Fairy\n|move|p1a: Iron Valiant|Moonblast|p2a: Scizor\n|-resisted|p2a: Scizor\n|-damage|p2a: Scizor|50\/100\n|\n|-weather|Sandstorm|[upkeep]\n|-damage|p1a: Iron Valiant|88\/100|[from] Sandstorm\n|upkeep\n|turn|25\n|\n|t:|1700458481\n|-end|p1a: Iron Valiant|Quark Drive|[silent]\n|switch|p1a: Great Tusk|Great Tusk|87\/100\n|move|p2a: Scizor|Bullet Punch|p1a: Great Tusk\n|-damage|p1a: Great Tusk|63\/100\n|\n|-weather|Sandstorm|[upkeep]\n|upkeep\n|turn|26\n|inactive|chairnotahare has 60 seconds left.\n|\n|t:|1700458499\n|switch|p2a: Alomomola|Alomomola, M|100\/100\n|-damage|p2a: Alomomola|88\/100|[from] Stealth Rock\n|move|p1a: Great Tusk|Knock Off|p2a: Alomomola\n|-damage|p2a: Alomomola|68\/100\n|-damage|p1a: Great Tusk|47\/100|[from] item: Rocky Helmet|[of] p2a: Alomomola\n|-enditem|p2a: Alomomola|Rocky Helmet|[from] move: Knock Off|[of] p1a: Great Tusk\n|\n|-weather|none\n|upkeep\n|turn|27\n|inactive|chairnotahare has 60 seconds left.\n|\n|t:|1700458510\n|-end|p1a: Great Tusk|Protosynthesis|[silent]\n|switch|p1a: Kingambit|Kingambit, F|46\/100\n|-activate|p1a: Kingambit|ability: Supreme Overlord\n|-start|p1a: Kingambit|fallen1|[silent]\n|move|p2a: Alomomola|Wish|p2a: Alomomola\n|\n|upkeep\n|turn|28\n|inactive|kd8atx has 120 seconds left.\n|\n|t:|1700458516\n|move|p1a: Kingambit|Kowtow Cleave|p2a: Alomomola\n|-damage|p2a: Alomomola|30\/100\n|move|p2a: Alomomola|Flip Turn|p1a: Kingambit\n|-damage|p1a: Kingambit|34\/100\n|inactive|kd8atx has 120 seconds left.\n|\n|t:|1700458529\n|switch|p2a: Scizor|Scizor, F|50\/100|[from] Flip Turn\n|-damage|p2a: Scizor|37\/100|[from] Stealth Rock\n|\n|-heal|p2a: Scizor|100\/100|[from] move: Wish|[wisher] Alomomola\n|upkeep\n|turn|29\n|inactive|kd8atx has 120 seconds left.\n|\n|t:|1700458537\n|-end|p1a: Kingambit|fallen1|[silent]\n|switch|p1a: Zamazenta|Zamazenta|65\/100\n|move|p2a: Scizor|U-turn|p1a: Zamazenta\n|-resisted|p1a: Zamazenta\n|-damage|p1a: Zamazenta|43\/100\n|inactive|kd8atx has 120 seconds left.\n|\n|t:|1700458542\n|switch|p2a: Ditto|Ditto|100\/100|[from] U-turn\n|-damage|p2a: Ditto|88\/100|[from] Stealth Rock\n|-transform|p2a: Ditto|p1a: Zamazenta|[from] ability: Imposter\n|-ability|p2a: Ditto|Dauntless Shield|boost\n|-boost|p2a: Ditto|def|1\n|\n|-heal|p1a: Zamazenta|49\/100|[from] item: Leftovers\n|-heal|p2a: Ditto|94\/100|[from] item: Leftovers\n|upkeep\n|turn|30\n|inactive|kd8atx has 120 seconds left.\n|\n|t:|1700458560\n|switch|p1a: Iron Valiant|Iron Valiant, tera:Fairy|88\/100\n|move|p2a: Ditto|Iron Defense|p2a: Ditto\n|-boost|p2a: Ditto|def|2\n|\n|-heal|p2a: Ditto|99\/100|[from] item: Leftovers\n|upkeep\n|turn|31\n|inactive|chairnotahare has 90 seconds left.\n|inactive|kd8atx has 120 seconds left.\n|inactive|chairnotahare has 60 seconds left.\n|\n|t:|1700458596\n|switch|p2a: Scizor|Scizor, F|100\/100\n|-damage|p2a: Scizor|88\/100|[from] Stealth Rock\n|move|p1a: Iron Valiant|Moonblast|p2a: Scizor\n|-resisted|p2a: Scizor\n|-damage|p2a: Scizor|50\/100\n|-unboost|p2a: Scizor|spa|1\n|\n|upkeep\n|turn|32\n|inactive|chairnotahare has 60 seconds left.\n|\n|t:|1700458606\n|-end|p1a: Iron Valiant|Quark Drive|[silent]\n|switch|p1a: Zamazenta|Zamazenta|49\/100\n|move|p2a: Scizor|Bullet Punch|p1a: Zamazenta\n|-damage|p1a: Zamazenta|11\/100\n|\n|-heal|p1a: Zamazenta|17\/100|[from] item: Leftovers\n|upkeep\n|turn|33\n|\n|t:|1700458613\n|move|p2a: Scizor|Bullet Punch|p1a: Zamazenta\n|-damage|p1a: Zamazenta|0 fnt\n|faint|p1a: Zamazenta\n|\n|upkeep\n|inactive|chairnotahare has 60 seconds left.\n|\n|t:|1700458633\n|switch|p1a: Great Tusk|Great Tusk|47\/100\n|turn|34\n|inactive|kd8atx has 120 seconds left.\n|\n|t:|1700458643\n|switch|p2a: Alomomola|Alomomola, M|63\/100\n|-damage|p2a: Alomomola|51\/100|[from] Stealth Rock\n|move|p1a: Great Tusk|Earthquake|p2a: Alomomola\n|-damage|p2a: Alomomola|20\/100\n|\n|upkeep\n|turn|35\n|inactive|kd8atx has 120 seconds left.\n|\n|t:|1700458659\n|move|p2a: Alomomola|Protect|p2a: Alomomola\n|-singleturn|p2a: Alomomola|Protect\n|move|p1a: Great Tusk|Earthquake|p2a: Alomomola\n|-activate|p2a: Alomomola|move: Protect\n|\n|upkeep\n|turn|36\n|inactive|kd8atx has 120 seconds left.\n|\n|t:|1700458678\n|switch|p2a: Rotom|Rotom-Heat|35\/100\n|-damage|p2a: Rotom|10\/100|[from] Stealth Rock\n|move|p1a: Great Tusk|Earthquake|p2a: Rotom\n|-immune|p2a: Rotom|[from] ability: Levitate\n|\n|upkeep\n|turn|37\n|inactive|kd8atx has 120 seconds left.\n|inactive|chairnotahare has 60 seconds left.\n|inactive|chairnotahare has 30 seconds left.\n|inactive|chairnotahare has 20 seconds left.\n|inactive|chairnotahare has 15 seconds left.\n|inactive|chairnotahare has 10 seconds left.\n|inactive|chairnotahare has 5 seconds left.\n|-message|chairnotahare lost due to inactivity.\n|\n|win|kd8atx\n|raw|chairnotahare's rating: 1343 &rarr; <strong>1324<\/strong><br \/>(-19 for losing)\n|raw|kd8atx's rating: 1357 &rarr; <strong>1376<\/strong><br \/>(+19 for winning)\n|l|\u2606kd8atx\n","uploadtime":1700458808,"views":11,"p1id":"chairnotahare","p2id":"kd8atx","formatid":"gen9ou","rating":1324,"private":0,"password":""}