{"id":"gen9ou-1992466716","p1":"FakeNorbit","p2":"NegativeVictoria","format":"[Gen 9] OU","log":"|j|\u2606FakeNorbit\n|j|\u2606NegativeVictoria\n|t:|1700191074\n|gametype|singles\n|player|p1|FakeNorbit|saturn|1040\n|player|p2|NegativeVictoria|plasmagruntf|1016\n|teamsize|p1|6\n|teamsize|p2|6\n|gen|9\n|tier|[Gen 9] OU\n|rated|\n|rule|Sleep Clause Mod: Limit one foe put to sleep\n|rule|Species Clause: Limit one of each Pok\u00e9mon\n|rule|OHKO Clause: OHKO moves are banned\n|rule|Evasion Items Clause: Evasion items are banned\n|rule|Evasion Moves Clause: Evasion moves are banned\n|rule|Endless Battle Clause: Forcing endless battles is banned\n|rule|HP Percentage Mod: HP is shown in percentages\n|clearpoke\n|poke|p1|Quagsire, M|\n|poke|p1|Hawlucha, M|\n|poke|p1|Meowscarada, F|\n|poke|p1|Scizor, M|\n|poke|p1|Vaporeon, F|\n|poke|p1|Mew|\n|poke|p2|Arcanine-Hisui, F|\n|poke|p2|Lilligant-Hisui, F|\n|poke|p2|Torkoal, F|\n|poke|p2|Espeon, F|\n|poke|p2|Iron Moth|\n|poke|p2|Pincurchin, F|\n|teampreview\n|inactive|Battle timer is ON: inactive players will automatically lose when time's up. (requested by NegativeVictoria)\n|\n|t:|1700191088\n|start\n|switch|p1a: e-bush|Meowscarada, F|100\/100\n|switch|p2a: Torkoal|Torkoal, F|100\/100\n|-weather|SunnyDay|[from] ability: Drought|[of] p2a: Torkoal\n|turn|1\n|\n|t:|1700191098\n|move|p1a: e-bush|Knock Off|p2a: Torkoal\n|-start|p1a: e-bush|typechange|Dark|[from] ability: Protean\n|-damage|p2a: Torkoal|62\/100\n|-enditem|p2a: Torkoal|Heat Rock|[from] move: Knock Off|[of] p1a: e-bush\n|move|p2a: Torkoal|Stealth Rock|p1a: e-bush\n|-sidestart|p1: FakeNorbit|move: Stealth Rock\n|\n|-weather|SunnyDay|[upkeep]\n|upkeep\n|turn|2\n|\n|t:|1700191113\n|move|p1a: e-bush|Knock Off|p2a: Torkoal\n|-damage|p2a: Torkoal|35\/100\n|move|p2a: Torkoal|Body Press|p1a: e-bush\n|-supereffective|p1a: e-bush\n|-damage|p1a: e-bush|0 fnt\n|faint|p1a: e-bush\n|\n|-weather|SunnyDay|[upkeep]\n|upkeep\n|inactive|FakeNorbit has 120 seconds left.\n|\n|t:|1700191139\n|switch|p1a: Just a dude|Quagsire, M|100\/100\n|-damage|p1a: Just a dude|94\/100|[from] Stealth Rock\n|turn|3\n|\n|t:|1700191148\n|switch|p2a: Lilligant|Lilligant-Hisui, F|100\/100\n|move|p1a: Just a dude|Earthquake|p2a: Lilligant\n|-resisted|p2a: Lilligant\n|-crit|p2a: Lilligant\n|-damage|p2a: Lilligant|64\/100\n|\n|-weather|SunnyDay|[upkeep]\n|-heal|p2a: Lilligant|70\/100|[from] item: Leftovers\n|-heal|p1a: Just a dude|100\/100|[from] item: Leftovers\n|upkeep\n|turn|4\n|\n|t:|1700191160\n|-terastallize|p1a: Just a dude|Grass\n|move|p2a: Lilligant|Victory Dance|p2a: Lilligant\n|-boost|p2a: Lilligant|atk|1\n|-boost|p2a: Lilligant|def|1\n|-boost|p2a: Lilligant|spe|1\n|move|p1a: Just a dude|Toxic|p2a: Lilligant\n|-status|p2a: Lilligant|tox\n|\n|-weather|SunnyDay|[upkeep]\n|-heal|p2a: Lilligant|76\/100 tox|[from] item: Leftovers\n|-damage|p2a: Lilligant|70\/100 tox|[from] psn\n|upkeep\n|turn|5\n|\n|t:|1700191170\n|move|p2a: Lilligant|Ice Spinner|p1a: Just a dude\n|-supereffective|p1a: Just a dude\n|-damage|p1a: Just a dude|59\/100\n|move|p1a: Just a dude|Stealth Rock|p2a: Lilligant\n|-sidestart|p2: NegativeVictoria|move: Stealth Rock\n|\n|-weather|SunnyDay|[upkeep]\n|-heal|p2a: Lilligant|76\/100 tox|[from] item: Leftovers\n|-heal|p1a: Just a dude|66\/100|[from] item: Leftovers\n|-damage|p2a: Lilligant|64\/100 tox|[from] psn\n|upkeep\n|turn|6\n|\n|t:|1700191179\n|switch|p2a: Arcanine|Arcanine-Hisui, F|100\/100\n|-damage|p2a: Arcanine|76\/100|[from] Stealth Rock\n|move|p1a: Just a dude|Recover|p1a: Just a dude\n|-heal|p1a: Just a dude|100\/100\n|\n|-weather|SunnyDay|[upkeep]\n|upkeep\n|turn|7\n|\n|t:|1700191187\n|switch|p1a: gf fav|Vaporeon, F, shiny|100\/100\n|-damage|p1a: gf fav|88\/100|[from] Stealth Rock\n|-terastallize|p2a: Arcanine|Fire\n|move|p2a: Arcanine|Flare Blitz|p1a: gf fav\n|-resisted|p1a: gf fav\n|-damage|p1a: gf fav|28\/100\n|\n|-weather|SunnyDay|[upkeep]\n|upkeep\n|turn|8\n|\n|t:|1700191198\n|move|p1a: gf fav|Protect|p1a: gf fav\n|-singleturn|p1a: gf fav|Protect\n|move|p2a: Arcanine|Flare Blitz|p1a: gf fav\n|-activate|p1a: gf fav|move: Protect\n|\n|-weather|none\n|upkeep\n|turn|9\n|\n|t:|1700191208\n|move|p1a: gf fav|Protect||[still]\n|-fail|p1a: gf fav\n|move|p2a: Arcanine|Flare Blitz|p1a: gf fav\n|-resisted|p1a: gf fav\n|-damage|p1a: gf fav|0 fnt\n|faint|p1a: gf fav\n|\n|upkeep\n|\n|t:|1700191217\n|switch|p1a: bro|Hawlucha, M|100\/100\n|-ability|p1a: bro|Mold Breaker\n|turn|10\n|\n|t:|1700191222\n|switch|p2a: Torkoal|Torkoal, F|35\/100\n|-damage|p2a: Torkoal|10\/100|[from] Stealth Rock\n|-weather|SunnyDay|[from] ability: Drought|[of] p2a: Torkoal\n|move|p1a: bro|Brave Bird|p2a: Torkoal\n|-crit|p2a: Torkoal\n|-damage|p2a: Torkoal|0 fnt\n|faint|p2a: Torkoal\n|-damage|p1a: bro|97\/100|[from] Recoil\n|\n|-weather|SunnyDay|[upkeep]\n|upkeep\n|\n|t:|1700191224\n|switch|p2a: Arcanine|Arcanine-Hisui, F, tera:Fire|76\/100\n|-damage|p2a: Arcanine|51\/100|[from] Stealth Rock\n|turn|11\n|\n|t:|1700191235\n|move|p2a: Arcanine|Flare Blitz|p1a: bro\n|-damage|p1a: bro|0 fnt\n|faint|p1a: bro\n|\n|-weather|SunnyDay|[upkeep]\n|upkeep\n|\n|t:|1700191240\n|switch|p1a: lil guy|Mew|100\/100\n|-damage|p1a: lil guy|88\/100|[from] Stealth Rock\n|turn|12\n|\n|t:|1700191243\n|move|p1a: lil guy|Protect|p1a: lil guy\n|-singleturn|p1a: lil guy|Protect\n|move|p2a: Arcanine|Flare Blitz|p1a: lil guy\n|-activate|p1a: lil guy|move: Protect\n|\n|-weather|SunnyDay|[upkeep]\n|-heal|p1a: lil guy|94\/100|[from] item: Leftovers\n|upkeep\n|turn|13\n|\n|t:|1700191250\n|move|p2a: Arcanine|Flare Blitz|p1a: lil guy\n|-damage|p1a: lil guy|0 fnt\n|faint|p1a: lil guy\n|\n|-weather|SunnyDay|[upkeep]\n|upkeep\n|-message|FakeNorbit forfeited.\n|\n|win|NegativeVictoria\n|raw|FakeNorbit's rating: 1040 &rarr; <strong>1023<\/strong><br \/>(-17 for losing)\n|raw|NegativeVictoria's rating: 1016 &rarr; <strong>1056<\/strong><br \/>(+40 for winning)\n|l|\u2606FakeNorbit\n","uploadtime":1700191474,"views":14,"p1id":"fakenorbit","p2id":"negativevictoria","formatid":"gen9ou","rating":1023,"private":0,"password":""}