{"id":"gen9ou-1996477992","p1":"ReaperOverwatch41","p2":"VIRTUAL INSANlTY","format":"[Gen 9] OU","log":"|j|\u2606ReaperOverwatch41\n|j|\u2606VIRTUAL INSANlTY\n|t:|1700685883\n|gametype|singles\n|player|p1|ReaperOverwatch41|101|1131\n|player|p2|VIRTUAL INSANlTY|harlequin|1031\n|teamsize|p1|6\n|teamsize|p2|6\n|gen|9\n|tier|[Gen 9] OU\n|rated|\n|rule|Sleep Clause Mod: Limit one foe put to sleep\n|rule|Species Clause: Limit one of each Pok\u00e9mon\n|rule|OHKO Clause: OHKO moves are banned\n|rule|Evasion Items Clause: Evasion items are banned\n|rule|Evasion Moves Clause: Evasion moves are banned\n|rule|Endless Battle Clause: Forcing endless battles is banned\n|rule|HP Percentage Mod: HP is shown in percentages\n|clearpoke\n|poke|p1|Ceruledge, M|\n|poke|p1|Kingambit, M|\n|poke|p1|Iron Valiant|\n|poke|p1|Rotom-Wash|\n|poke|p1|Ursaluna, M|\n|poke|p1|Torkoal, M|\n|poke|p2|Great Tusk|\n|poke|p2|Corviknight, F|\n|poke|p2|Clefable, F|\n|poke|p2|Iron Valiant|\n|poke|p2|Gholdengo|\n|poke|p2|Kingambit, F|\n|teampreview\n|\n|t:|1700685927\n|start\n|switch|p1a: Iron Valiant|Iron Valiant|100\/100\n|switch|p2a: Great Tusk|Great Tusk|100\/100\n|-enditem|p1a: Iron Valiant|Booster Energy\n|-activate|p1a: Iron Valiant|ability: Quark Drive|[fromitem]\n|-start|p1a: Iron Valiant|quarkdrivespe\n|turn|1\n|\n|t:|1700685946\n|move|p1a: Iron Valiant|Moonblast|p2a: Great Tusk\n|-supereffective|p2a: Great Tusk\n|-damage|p2a: Great Tusk|0 fnt\n|faint|p2a: Great Tusk\n|-end|p2a: Great Tusk|Protosynthesis|[silent]\n|\n|upkeep\n|\n|t:|1700685963\n|switch|p2a: Clefable|Clefable, F|100\/100\n|turn|2\n|\n|t:|1700685978\n|-end|p1a: Iron Valiant|Quark Drive|[silent]\n|switch|p1a: Kingambit|Kingambit, M|100\/100\n|move|p2a: Clefable|Thunder Wave|p1a: Kingambit\n|-status|p1a: Kingambit|par\n|\n|upkeep\n|turn|3\n|\n|t:|1700685996\n|switch|p2a: Iron Valiant|Iron Valiant|100\/100\n|-enditem|p2a: Iron Valiant|Booster Energy\n|-activate|p2a: Iron Valiant|ability: Quark Drive|[fromitem]\n|-start|p2a: Iron Valiant|quarkdrivespe\n|move|p1a: Kingambit|Iron Head|p2a: Iron Valiant\n|-supereffective|p2a: Iron Valiant\n|-damage|p2a: Iron Valiant|0 fnt\n|faint|p2a: Iron Valiant\n|-end|p2a: Iron Valiant|Quark Drive|[silent]\n|\n|upkeep\n|\n|t:|1700686008\n|switch|p2a: Corviknight|Corviknight, F|100\/100\n|-ability|p2a: Corviknight|Pressure\n|turn|4\n|\n|t:|1700686018\n|-end|p1a: Kingambit|fallenundefined|[silent]\n|switch|p1a: Rotom|Rotom-Wash|100\/100\n|move|p2a: Corviknight|Body Press|p1a: Rotom\n|-damage|p1a: Rotom|79\/100\n|\n|upkeep\n|turn|5\n|\n|t:|1700686025\n|move|p1a: Rotom|Will-O-Wisp|p2a: Corviknight\n|-status|p2a: Corviknight|brn\n|move|p2a: Corviknight|U-turn|p1a: Rotom\n|-damage|p1a: Rotom|74\/100\n|\n|t:|1700686035\n|switch|p2a: Clefable|Clefable, F|100\/100|[from] U-turn\n|\n|upkeep\n|turn|6\n|\n|t:|1700686040\n|move|p1a: Rotom|Will-O-Wisp|p2a: Clefable|[miss]\n|-miss|p1a: Rotom|p2a: Clefable\n|move|p2a: Clefable|Knock Off|p1a: Rotom\n|-damage|p1a: Rotom|61\/100\n|-enditem|p1a: Rotom|Sitrus Berry|[from] move: Knock Off|[of] p2a: Clefable\n|\n|upkeep\n|turn|7\n|\n|t:|1700686047\n|move|p1a: Rotom|Will-O-Wisp|p2a: Clefable\n|-status|p2a: Clefable|brn\n|move|p2a: Clefable|Moonblast|p1a: Rotom\n|-damage|p1a: Rotom|27\/100\n|\n|-damage|p2a: Clefable|94\/100 brn|[from] brn\n|upkeep\n|turn|8\n|\n|t:|1700686057\n|move|p1a: Rotom|Hydro Pump|p2a: Clefable|[miss]\n|-miss|p1a: Rotom|p2a: Clefable\n|move|p2a: Clefable|Moonblast|p1a: Rotom\n|-damage|p1a: Rotom|0 fnt\n|faint|p1a: Rotom\n|\n|-heal|p2a: Clefable|100\/100 brn|[from] item: Leftovers\n|-damage|p2a: Clefable|94\/100 brn|[from] brn\n|upkeep\n|\n|t:|1700686070\n|switch|p1a: Kingambit|Kingambit, M|100\/100 par\n|-activate|p1a: Kingambit|ability: Supreme Overlord\n|-start|p1a: Kingambit|fallen1|[silent]\n|turn|9\n|\n|t:|1700686082\n|switch|p2a: Corviknight|Corviknight, F|100\/100 brn\n|-ability|p2a: Corviknight|Pressure\n|move|p1a: Kingambit|Iron Head|p2a: Corviknight\n|-resisted|p2a: Corviknight\n|-damage|p2a: Corviknight|86\/100 brn\n|\n|-heal|p2a: Corviknight|92\/100 brn|[from] item: Leftovers\n|-damage|p2a: Corviknight|86\/100 brn|[from] brn\n|upkeep\n|turn|10\n|\n|t:|1700686093\n|-end|p1a: Kingambit|fallen1|[silent]\n|switch|p1a: Ceruledge|Ceruledge, M|100\/100\n|move|p2a: Corviknight|Body Press|p1a: Ceruledge\n|-immune|p1a: Ceruledge\n|\n|-heal|p2a: Corviknight|92\/100 brn|[from] item: Leftovers\n|-damage|p2a: Corviknight|86\/100 brn|[from] brn\n|upkeep\n|turn|11\n|\n|t:|1700686107\n|switch|p2a: Clefable|Clefable, F|94\/100 brn\n|move|p1a: Ceruledge|Swords Dance|p1a: Ceruledge\n|-boost|p1a: Ceruledge|atk|2\n|\n|-heal|p2a: Clefable|100\/100 brn|[from] item: Leftovers\n|-damage|p2a: Clefable|94\/100 brn|[from] brn\n|upkeep\n|turn|12\n|\n|t:|1700686116\n|-terastallize|p1a: Ceruledge|Fire\n|move|p1a: Ceruledge|Bitter Blade|p2a: Clefable\n|-damage|p2a: Clefable|50\/100 brn\n|move|p2a: Clefable|Thunder Wave|p1a: Ceruledge\n|-status|p1a: Ceruledge|par\n|\n|-heal|p2a: Clefable|56\/100 brn|[from] item: Leftovers\n|-damage|p2a: Clefable|50\/100 brn|[from] brn\n|upkeep\n|turn|13\n|\n|t:|1700686128\n|move|p2a: Clefable|Knock Off|p1a: Ceruledge\n|-damage|p1a: Ceruledge|89\/100 par\n|-ability|p1a: Ceruledge|Weak Armor|boost\n|-unboost|p1a: Ceruledge|def|1\n|-boost|p1a: Ceruledge|spe|2\n|-enditem|p1a: Ceruledge|Focus Sash|[from] move: Knock Off|[of] p2a: Clefable\n|move|p1a: Ceruledge|Swords Dance|p1a: Ceruledge\n|-boost|p1a: Ceruledge|atk|2\n|\n|-heal|p2a: Clefable|56\/100 brn|[from] item: Leftovers\n|-damage|p2a: Clefable|50\/100 brn|[from] brn\n|upkeep\n|turn|14\n|\n|t:|1700686140\n|move|p1a: Ceruledge|Bitter Blade|p2a: Clefable\n|-damage|p2a: Clefable|0 fnt\n|-heal|p1a: Ceruledge|100\/100 par|[from] drain|[of] p2a: Clefable\n|faint|p2a: Clefable\n|\n|upkeep\n|\n|t:|1700686171\n|switch|p2a: Corviknight|Corviknight, F|86\/100 brn\n|-ability|p2a: Corviknight|Pressure\n|turn|15\n|\n|t:|1700686180\n|move|p1a: Ceruledge|Bitter Blade|p2a: Corviknight\n|-supereffective|p2a: Corviknight\n|-damage|p2a: Corviknight|0 fnt\n|faint|p2a: Corviknight\n|\n|upkeep\n|\n|t:|1700686185\n|switch|p2a: Kingambit|Kingambit, F|100\/100\n|-activate|p2a: Kingambit|ability: Supreme Overlord\n|-start|p2a: Kingambit|fallen4|[silent]\n|turn|16\n|\n|t:|1700686192\n|-terastallize|p2a: Kingambit|Dark\n|move|p2a: Kingambit|Sucker Punch|p1a: Ceruledge\n|-damage|p1a: Ceruledge|0 fnt\n|faint|p1a: Ceruledge\n|\n|upkeep\n|\n|t:|1700686199\n|switch|p1a: Iron Valiant|Iron Valiant|100\/100\n|turn|17\n|\n|t:|1700686205\n|move|p1a: Iron Valiant|Moonblast|p2a: Kingambit\n|-supereffective|p2a: Kingambit\n|-damage|p2a: Kingambit|0 fnt\n|faint|p2a: Kingambit\n|-end|p2a: Kingambit|fallen4|[silent]\n|\n|upkeep\n|-message|VIRTUAL INSANlTY forfeited.\n|\n|win|ReaperOverwatch41\n|raw|ReaperOverwatch41's rating: 1131 &rarr; <strong>1149<\/strong><br \/>(+18 for winning)\n|raw|VIRTUAL INSANlTY's rating: 1031 &rarr; <strong>1020<\/strong><br \/>(-11 for losing)\n|l|\u2606VIRTUAL INSANlTY\n","uploadtime":1700686215,"views":2,"p1id":"reaperoverwatch41","p2id":"virtualinsanlty","formatid":"gen9ou","rating":1020,"private":0,"password":""}