{"id":"gen9ou-1996900040","p1":"Reds Grandpa","p2":"zamclo test","format":"[Gen 9] OU","log":"|j|\u2606Reds Grandpa\n|j|\u2606zamclo test\n|t:|1700742290\n|gametype|singles\n|player|p1|Reds Grandpa|giovanni|1046\n|player|p2|zamclo test|ash-sinnoh|1103\n|teamsize|p1|6\n|teamsize|p2|6\n|gen|9\n|tier|[Gen 9] OU\n|rated|\n|rule|Sleep Clause Mod: Limit one foe put to sleep\n|rule|Species Clause: Limit one of each Pok\u00e9mon\n|rule|OHKO Clause: OHKO moves are banned\n|rule|Evasion Items Clause: Evasion items are banned\n|rule|Evasion Moves Clause: Evasion moves are banned\n|rule|Endless Battle Clause: Forcing endless battles is banned\n|rule|HP Percentage Mod: HP is shown in percentages\n|clearpoke\n|poke|p1|Persian, M|\n|poke|p1|Dugtrio-Alola, F|\n|poke|p1|Tauros, M|\n|poke|p1|Golem, F|\n|poke|p1|Cloyster, F|\n|poke|p1|Hippowdon, M|\n|poke|p2|Ribombee, F|\n|poke|p2|Garchomp, F|\n|poke|p2|Ting-Lu|\n|poke|p2|Zamazenta-*|\n|poke|p2|Zapdos|\n|poke|p2|Iron Valiant|\n|teampreview\n|inactive|Battle timer is ON: inactive players will automatically lose when time's up. (requested by Reds Grandpa)\n|\n|t:|1700742297\n|start\n|switch|p1a: Golemagne|Golem, F|100\/100\n|switch|p2a: Ribombee|Ribombee, F|100\/100\n|turn|1\n|c|\u2606Reds Grandpa|if you beat me you get the Earth Badge\n|\n|t:|1700742313\n|move|p2a: Ribombee|Sticky Web|p1a: Golemagne\n|-sidestart|p1: Reds Grandpa|move: Sticky Web\n|move|p1a: Golemagne|Stealth Rock|p2a: Ribombee\n|-sidestart|p2: zamclo test|move: Stealth Rock\n|\n|upkeep\n|turn|2\n|\n|t:|1700742322\n|move|p2a: Ribombee|Psychic|p1a: Golemagne\n|-damage|p1a: Golemagne|60\/100\n|move|p1a: Golemagne|Stone Edge|p2a: Ribombee\n|-supereffective|p2a: Ribombee\n|-enditem|p2a: Ribombee|Focus Sash\n|-damage|p2a: Ribombee|1\/100\n|\n|upkeep\n|turn|3\n|\n|t:|1700742329\n|move|p2a: Ribombee|Moonblast|p1a: Golemagne\n|-damage|p1a: Golemagne|0 fnt\n|faint|p1a: Golemagne\n|\n|upkeep\n|\n|t:|1700742337\n|switch|p1a: TRIOTRIOTRIO|Dugtrio-Alola, F|100\/100\n|-activate|p1a: TRIOTRIOTRIO|move: Sticky Web\n|-unboost|p1a: TRIOTRIOTRIO|spe|1\n|turn|4\n|\n|t:|1700742345\n|move|p2a: Ribombee|Psychic|p1a: TRIOTRIOTRIO\n|-resisted|p1a: TRIOTRIOTRIO\n|-damage|p1a: TRIOTRIOTRIO|80\/100\n|move|p1a: TRIOTRIOTRIO|Iron Head|p2a: Ribombee\n|-supereffective|p2a: Ribombee\n|-damage|p2a: Ribombee|0 fnt\n|faint|p2a: Ribombee\n|-damage|p1a: TRIOTRIOTRIO|70\/100|[from] item: Life Orb\n|\n|upkeep\n|\n|t:|1700742350\n|switch|p2a: Garchomp|Garchomp, F|100\/100\n|-damage|p2a: Garchomp|94\/100|[from] Stealth Rock\n|turn|5\n|\n|t:|1700742368\n|move|p2a: Garchomp|Swords Dance|p2a: Garchomp\n|-boost|p2a: Garchomp|atk|2\n|move|p1a: TRIOTRIOTRIO|Final Gambit|p2a: Garchomp\n|-damage|p2a: Garchomp|41\/100\n|faint|p1a: TRIOTRIOTRIO\n|\n|upkeep\n|\n|t:|1700742376\n|switch|p1a: Washi|Persian, M, shiny|100\/100\n|-activate|p1a: Washi|move: Sticky Web\n|-unboost|p1a: Washi|spe|1\n|turn|6\n|\n|t:|1700742381\n|move|p2a: Garchomp|Scale Shot|p1a: Washi\n|-damage|p1a: Washi|54\/100\n|-damage|p1a: Washi|2\/100\n|-damage|p1a: Washi|0 fnt\n|faint|p1a: Washi\n|-hitcount|p1: Washi|3\n|-unboost|p2a: Garchomp|def|1\n|-boost|p2a: Garchomp|spe|1\n|\n|upkeep\n|\n|t:|1700742388\n|switch|p1a: Cloyzta|Cloyster, F|100\/100\n|-activate|p1a: Cloyzta|move: Sticky Web\n|-unboost|p1a: Cloyzta|spe|1\n|-enditem|p1a: Cloyzta|White Herb\n|-clearnegativeboost|p1a: Cloyzta|[silent]\n|turn|7\n|\n|t:|1700742399\n|move|p2a: Garchomp|Scale Shot|p1a: Cloyzta\n|-damage|p1a: Cloyzta|77\/100\n|-damage|p1a: Cloyzta|53\/100\n|-damage|p1a: Cloyzta|32\/100\n|-damage|p1a: Cloyzta|10\/100\n|-damage|p1a: Cloyzta|0 fnt\n|faint|p1a: Cloyzta\n|-hitcount|p1: Cloyzta|5\n|-unboost|p2a: Garchomp|def|1\n|-boost|p2a: Garchomp|spe|1\n|\n|upkeep\n|\n|t:|1700742407\n|switch|p1a: Hippowdon|Hippowdon, M|100\/100\n|-activate|p1a: Hippowdon|move: Sticky Web\n|-unboost|p1a: Hippowdon|spe|1\n|-weather|Sandstorm|[from] ability: Sand Stream|[of] p1a: Hippowdon\n|turn|8\n|\n|t:|1700742416\n|move|p2a: Garchomp|Scale Shot|p1a: Hippowdon\n|-damage|p1a: Hippowdon|83\/100\n|-damage|p1a: Hippowdon|64\/100\n|-damage|p1a: Hippowdon|46\/100\n|-damage|p1a: Hippowdon|28\/100\n|-damage|p1a: Hippowdon|10\/100\n|-hitcount|p1a: Hippowdon|5\n|-unboost|p2a: Garchomp|def|1\n|-boost|p2a: Garchomp|spe|1\n|move|p1a: Hippowdon|Ice Fang|p2a: Garchomp\n|-supereffective|p2a: Garchomp\n|-damage|p2a: Garchomp|0 fnt\n|-damage|p1a: Hippowdon|0 fnt|[from] ability: Rough Skin|[of] p2a: Garchomp\n|faint|p2a: Garchomp\n|faint|p1a: Hippowdon\n|\n|-weather|Sandstorm|[upkeep]\n|upkeep\n|\n|t:|1700742429\n|switch|p2a: Zamazenta|Zamazenta|100\/100\n|switch|p1a: Taurine|Tauros, M, shiny|100\/100\n|-damage|p2a: Zamazenta|94\/100|[from] Stealth Rock\n|-ability|p2a: Zamazenta|Dauntless Shield|boost\n|-boost|p2a: Zamazenta|def|1\n|-activate|p1a: Taurine|move: Sticky Web\n|-unboost|p1a: Taurine|spe|1\n|turn|9\n|\n|t:|1700742438\n|move|p2a: Zamazenta|Body Press|p1a: Taurine\n|-supereffective|p1a: Taurine\n|-damage|p1a: Taurine|0 fnt\n|faint|p1a: Taurine\n|\n|win|zamclo test\n|raw|Reds Grandpa's rating: 1046 &rarr; <strong>1032<\/strong><br \/>(-14 for losing)\n|raw|zamclo test's rating: 1103 &rarr; <strong>1124<\/strong><br \/>(+21 for winning)\n|l|\u2606Reds Grandpa\n","uploadtime":1700742451,"views":3,"p1id":"redsgrandpa","p2id":"zamclotest","formatid":"gen9ou","rating":1032,"private":0,"password":""}