{"id":"gen9ou-1993642776","p1":"Iklass","p2":"Bryny Duck","format":"[Gen 9] OU","log":"|j|\u2606Iklass\n|j|\u2606Bryny Duck\n|t:|1700340737\n|gametype|singles\n|player|p1|Iklass|schoolkid-gen4dp|1470\n|player|p2|Bryny Duck|265|1389\n|teamsize|p1|6\n|teamsize|p2|6\n|gen|9\n|tier|[Gen 9] OU\n|rated|\n|rule|Sleep Clause Mod: Limit one foe put to sleep\n|rule|Species Clause: Limit one of each Pok\u00e9mon\n|rule|OHKO Clause: OHKO moves are banned\n|rule|Evasion Items Clause: Evasion items are banned\n|rule|Evasion Moves Clause: Evasion moves are banned\n|rule|Endless Battle Clause: Forcing endless battles is banned\n|rule|HP Percentage Mod: HP is shown in percentages\n|clearpoke\n|poke|p1|Zamazenta-*|\n|poke|p1|Kingambit, M|\n|poke|p1|Slowking-Galar, M|\n|poke|p1|Zapdos|\n|poke|p1|Great Tusk|\n|poke|p1|Ogerpon-Wellspring, F|\n|poke|p2|Great Tusk|\n|poke|p2|Dragapult, F|\n|poke|p2|Ogerpon-Cornerstone, F|\n|poke|p2|Clefable, M|\n|poke|p2|Zapdos|\n|poke|p2|Jirachi|\n|teampreview\n|inactive|Battle timer is ON: inactive players will automatically lose when time's up. (requested by Iklass)\n|c|\u2606Iklass|glhf\n|inactive|Bryny Duck has 120 seconds left.\n|\n|t:|1700340781\n|start\n|switch|p1a: Great Tusk|Great Tusk|100\/100\n|switch|p2a: Clefable|Clefable, M|100\/100\n|turn|1\n|\n|t:|1700340790\n|-end|p1a: Great Tusk|Protosynthesis|[silent]\n|switch|p1a: Slowking|Slowking-Galar, M|100\/100\n|move|p2a: Clefable|Stealth Rock|p1a: Slowking\n|-sidestart|p1: Iklass|move: Stealth Rock\n|\n|upkeep\n|turn|2\n|\n|t:|1700340800\n|switch|p2a: Jirachi|Jirachi|100\/100\n|move|p1a: Slowking|Future Sight|p2a: Jirachi\n|-start|p1a: Slowking|move: Future Sight\n|\n|upkeep\n|turn|3\n|\n|t:|1700340806\n|move|p2a: Jirachi|Doom Desire|p1a: Slowking\n|-start|p2a: Jirachi|Doom Desire\n|move|p1a: Slowking|Chilly Reception|p1a: Slowking\n|-weather|Snow\n|\n|t:|1700340814\n|switch|p1a: Great Tusk|Great Tusk|100\/100|[from] Chilly Reception\n|-damage|p1a: Great Tusk|98\/100|[from] Stealth Rock\n|\n|-weather|Snow|[upkeep]\n|-heal|p1a: Great Tusk|100\/100|[from] item: Leftovers\n|upkeep\n|turn|4\n|\n|t:|1700340824\n|move|p2a: Jirachi|Protect|p2a: Jirachi\n|-singleturn|p2a: Jirachi|Protect\n|move|p1a: Great Tusk|Knock Off|p2a: Jirachi\n|-activate|p2a: Jirachi|move: Protect\n|\n|-weather|Snow|[upkeep]\n|-end|p2a: Jirachi|move: Future Sight\n|-resisted|p2a: Jirachi\n|-damage|p2a: Jirachi|92\/100\n|-heal|p2a: Jirachi|98\/100|[from] item: Leftovers\n|upkeep\n|turn|5\n|\n|t:|1700340838\n|-end|p1a: Great Tusk|Protosynthesis|[silent]\n|switch|p1a: Kingambit|Kingambit, M|100\/100\n|-damage|p1a: Kingambit|94\/100|[from] Stealth Rock\n|move|p2a: Jirachi|Wish|p2a: Jirachi\n|\n|-weather|Snow|[upkeep]\n|-end|p1a: Kingambit|move: Doom Desire\n|-resisted|p1a: Kingambit\n|-damage|p1a: Kingambit|69\/100\n|-heal|p2a: Jirachi|100\/100|[from] item: Leftovers\n|-heal|p1a: Kingambit|75\/100|[from] item: Leftovers\n|upkeep\n|turn|6\n|\n|t:|1700340853\n|switch|p2a: Great Tusk|Great Tusk|100\/100\n|move|p1a: Kingambit|Kowtow Cleave|p2a: Great Tusk\n|-resisted|p2a: Great Tusk\n|-damage|p2a: Great Tusk|84\/100\n|\n|-weather|Snow|[upkeep]\n|-heal|p2a: Great Tusk|100\/100|[from] move: Wish|[wisher] Jirachi\n|-heal|p1a: Kingambit|81\/100|[from] item: Leftovers\n|upkeep\n|turn|7\n|inactive|Bryny Duck has 120 seconds left.\n|\n|t:|1700340893\n|-end|p2a: Great Tusk|Protosynthesis|[silent]\n|switch|p2a: Zapdos|Zapdos|100\/100\n|-end|p1a: Kingambit|fallenundefined|[silent]\n|switch|p1a: Great Tusk|Great Tusk|100\/100\n|-damage|p1a: Great Tusk|98\/100|[from] Stealth Rock\n|\n|-weather|none\n|-heal|p1a: Great Tusk|100\/100|[from] item: Leftovers\n|upkeep\n|turn|8\n|inactive|Bryny Duck has 120 seconds left.\n|\n|t:|1700340901\n|-end|p1a: Great Tusk|Protosynthesis|[silent]\n|switch|p1a: Slowking|Slowking-Galar, M|100\/100\n|move|p2a: Zapdos|Hurricane|p1a: Slowking\n|-damage|p1a: Slowking|71\/100\n|-start|p1a: Slowking|confusion\n|\n|upkeep\n|turn|9\n|\n|t:|1700340909\n|move|p2a: Zapdos|Volt Switch|p1a: Slowking\n|-damage|p1a: Slowking|54\/100\n|\n|t:|1700340913\n|switch|p2a: Jirachi|Jirachi|100\/100|[from] Volt Switch\n|-activate|p1a: Slowking|confusion\n|-damage|p1a: Slowking|48\/100|[from] confusion\n|\n|upkeep\n|turn|10\n|\n|t:|1700340920\n|switch|p1a: Kingambit|Kingambit, M|81\/100\n|-damage|p1a: Kingambit|75\/100|[from] Stealth Rock\n|move|p2a: Jirachi|Doom Desire|p1a: Kingambit\n|-start|p2a: Jirachi|Doom Desire\n|\n|-heal|p1a: Kingambit|81\/100|[from] item: Leftovers\n|upkeep\n|turn|11\n|\n|t:|1700340934\n|switch|p2a: Great Tusk|Great Tusk|100\/100\n|move|p1a: Kingambit|Swords Dance|p1a: Kingambit\n|-boost|p1a: Kingambit|atk|2\n|\n|-heal|p1a: Kingambit|87\/100|[from] item: Leftovers\n|upkeep\n|turn|12\n|\n|t:|1700340953\n|-end|p1a: Kingambit|fallenundefined|[silent]\n|switch|p1a: Zapdos|Zapdos|100\/100\n|move|p2a: Great Tusk|Headlong Rush|p1a: Zapdos\n|-immune|p1a: Zapdos\n|\n|-end|p1a: Zapdos|move: Doom Desire\n|-resisted|p1a: Zapdos\n|-damage|p1a: Zapdos|68\/100\n|upkeep\n|turn|13\n|inactive|Bryny Duck has 120 seconds left.\n|\n|t:|1700340979\n|-end|p2a: Great Tusk|Protosynthesis|[silent]\n|switch|p2a: Zapdos|Zapdos|100\/100\n|move|p1a: Zapdos|Hurricane|p2a: Zapdos\n|-resisted|p2a: Zapdos\n|-damage|p2a: Zapdos|85\/100\n|\n|upkeep\n|turn|14\n|\n|t:|1700340986\n|move|p1a: Zapdos|Volt Switch|p2a: Zapdos\n|-damage|p2a: Zapdos|66\/100\n|\n|t:|1700340990\n|switch|p1a: Slowking|Slowking-Galar, M|81\/100|[from] Volt Switch\n|move|p2a: Zapdos|Volt Switch|p1a: Slowking\n|-damage|p1a: Slowking|64\/100\n|\n|t:|1700340997\n|switch|p2a: Jirachi|Jirachi|100\/100|[from] Volt Switch\n|\n|upkeep\n|turn|15\n|\n|t:|1700341002\n|move|p2a: Jirachi|Doom Desire|p1a: Slowking\n|-start|p2a: Jirachi|Doom Desire\n|move|p1a: Slowking|Chilly Reception|p1a: Slowking\n|-weather|Snow\n|\n|t:|1700341014\n|switch|p1a: Zapdos|Zapdos|68\/100|[from] Chilly Reception\n|\n|-weather|Snow|[upkeep]\n|upkeep\n|turn|16\n|\n|t:|1700341021\n|move|p1a: Zapdos|Heat Wave|p2a: Jirachi\n|-supereffective|p2a: Jirachi\n|-damage|p2a: Jirachi|58\/100\n|-status|p2a: Jirachi|brn\n|move|p2a: Jirachi|Wish|p2a: Jirachi\n|\n|-weather|Snow|[upkeep]\n|-heal|p2a: Jirachi|64\/100 brn|[from] item: Leftovers\n|-damage|p2a: Jirachi|58\/100 brn|[from] brn\n|upkeep\n|turn|17\n|\n|t:|1700341030\n|move|p2a: Jirachi|Protect|p2a: Jirachi\n|-singleturn|p2a: Jirachi|Protect\n|move|p1a: Zapdos|Roost|p1a: Zapdos\n|-heal|p1a: Zapdos|100\/100\n|-singleturn|p1a: Zapdos|move: Roost\n|\n|-weather|Snow|[upkeep]\n|-end|p1a: Zapdos|move: Doom Desire\n|-resisted|p1a: Zapdos\n|-damage|p1a: Zapdos|71\/100\n|-heal|p2a: Jirachi|100\/100 brn|[from] move: Wish|[wisher] Jirachi\n|-damage|p2a: Jirachi|94\/100 brn|[from] brn\n|upkeep\n|turn|18\n|\n|t:|1700341052\n|switch|p2a: Zapdos|Zapdos|66\/100\n|move|p1a: Zapdos|Heat Wave|p2a: Zapdos\n|-damage|p2a: Zapdos|48\/100\n|\n|-weather|Snow|[upkeep]\n|upkeep\n|turn|19\n|\n|t:|1700341059\n|move|p1a: Zapdos|Volt Switch|p2a: Zapdos\n|-damage|p2a: Zapdos|27\/100\n|\n|t:|1700341065\n|switch|p1a: Slowking|Slowking-Galar, M|98\/100|[from] Volt Switch\n|move|p2a: Zapdos|Roost|p2a: Zapdos\n|-heal|p2a: Zapdos|77\/100\n|-singleturn|p2a: Zapdos|move: Roost\n|\n|-weather|none\n|upkeep\n|turn|20\n|\n|t:|1700341071\n|move|p2a: Zapdos|Volt Switch|p1a: Slowking\n|-damage|p1a: Slowking|80\/100\n|\n|t:|1700341075\n|switch|p2a: Jirachi|Jirachi|94\/100 brn|[from] Volt Switch\n|move|p1a: Slowking|Future Sight|p2a: Jirachi\n|-start|p1a: Slowking|move: Future Sight\n|\n|-heal|p2a: Jirachi|100\/100 brn|[from] item: Leftovers\n|-damage|p2a: Jirachi|94\/100 brn|[from] brn\n|upkeep\n|turn|21\n|\n|t:|1700341083\n|move|p2a: Jirachi|Doom Desire|p1a: Slowking\n|-start|p2a: Jirachi|Doom Desire\n|move|p1a: Slowking|Chilly Reception|p1a: Slowking\n|-weather|Snow\n|\n|t:|1700341088\n|switch|p1a: Zapdos|Zapdos|71\/100|[from] Chilly Reception\n|\n|-weather|Snow|[upkeep]\n|-heal|p2a: Jirachi|100\/100 brn|[from] item: Leftovers\n|-damage|p2a: Jirachi|94\/100 brn|[from] brn\n|upkeep\n|turn|22\n|\n|t:|1700341106\n|move|p2a: Jirachi|Protect|p2a: Jirachi\n|-singleturn|p2a: Jirachi|Protect\n|move|p1a: Zapdos|Roost|p1a: Zapdos\n|-heal|p1a: Zapdos|100\/100\n|-singleturn|p1a: Zapdos|move: Roost\n|\n|-weather|Snow|[upkeep]\n|-end|p2a: Jirachi|move: Future Sight\n|-resisted|p2a: Jirachi\n|-damage|p2a: Jirachi|85\/100 brn\n|-heal|p2a: Jirachi|91\/100 brn|[from] item: Leftovers\n|-damage|p2a: Jirachi|85\/100 brn|[from] brn\n|upkeep\n|turn|23\n|inactive|Bryny Duck has 120 seconds left.\n|\n|t:|1700341132\n|switch|p2a: Zapdos|Zapdos|77\/100\n|move|p1a: Zapdos|Heat Wave|p2a: Zapdos|[miss]\n|-miss|p1a: Zapdos|p2a: Zapdos\n|\n|-weather|Snow|[upkeep]\n|-end|p1a: Zapdos|move: Doom Desire\n|-resisted|p1a: Zapdos\n|-damage|p1a: Zapdos|69\/100\n|upkeep\n|turn|24\n|\n|t:|1700341145\n|move|p1a: Zapdos|Heat Wave|p2a: Zapdos|[miss]\n|-miss|p1a: Zapdos|p2a: Zapdos\n|move|p2a: Zapdos|Volt Switch|p1a: Zapdos\n|-damage|p1a: Zapdos|39\/100\n|inactive|Bryny Duck has 120 seconds left.\n|\n|t:|1700341156\n|switch|p2a: Ogerpon|Ogerpon-Cornerstone, F|100\/100|[from] Volt Switch\n|\n|-weather|Snow|[upkeep]\n|upkeep\n|turn|25\n|\n|t:|1700341163\n|switch|p1a: Great Tusk|Great Tusk|100\/100\n|-damage|p1a: Great Tusk|98\/100|[from] Stealth Rock\n|move|p2a: Ogerpon|Ivy Cudgel|p1a: Great Tusk|[anim] Ivy Cudgel Rock\n|-resisted|p1a: Great Tusk\n|-damage|p1a: Great Tusk|88\/100\n|\n|-weather|none\n|-heal|p1a: Great Tusk|94\/100|[from] item: Leftovers\n|upkeep\n|turn|26\n|inactive|Bryny Duck has 120 seconds left.\n|\n|t:|1700341185\n|switch|p2a: Zapdos|Zapdos|77\/100\n|move|p1a: Great Tusk|Rapid Spin|p2a: Zapdos\n|-damage|p2a: Zapdos|61\/100\n|-boost|p1a: Great Tusk|spe|1\n|-sideend|p1: Iklass|Stealth Rock|[from] move: Rapid Spin|[of] p1a: Great Tusk\n|\n|-heal|p1a: Great Tusk|100\/100|[from] item: Leftovers\n|upkeep\n|turn|27\n|inactive|Bryny Duck has 120 seconds left.\n|\n|t:|1700341195\n|-end|p1a: Great Tusk|Protosynthesis|[silent]\n|switch|p1a: Slowking|Slowking-Galar, M|100\/100\n|move|p2a: Zapdos|Roost|p2a: Zapdos\n|-heal|p2a: Zapdos|100\/100\n|-singleturn|p2a: Zapdos|move: Roost\n|\n|upkeep\n|turn|28\n|\n|t:|1700341205\n|move|p2a: Zapdos|Volt Switch|p1a: Slowking\n|-damage|p1a: Slowking|84\/100\n|\n|t:|1700341211\n|switch|p2a: Jirachi|Jirachi|85\/100 brn|[from] Volt Switch\n|move|p1a: Slowking|Chilly Reception|p1a: Slowking\n|-weather|Snow\n|\n|t:|1700341217\n|switch|p1a: Ogerpon|Ogerpon-Wellspring, F|100\/100|[from] Chilly Reception\n|\n|-weather|Snow|[upkeep]\n|-heal|p2a: Jirachi|91\/100 brn|[from] item: Leftovers\n|-damage|p2a: Jirachi|85\/100 brn|[from] brn\n|upkeep\n|turn|29\n|inactive|Bryny Duck has 120 seconds left.\n|\n|t:|1700341253\n|switch|p2a: Dragapult|Dragapult, F|100\/100\n|move|p1a: Ogerpon|Spikes|p2a: Dragapult\n|-sidestart|p2: Bryny Duck|Spikes\n|\n|-weather|Snow|[upkeep]\n|upkeep\n|turn|30\n|\n|t:|1700341261\n|switch|p1a: Slowking|Slowking-Galar, M|100\/100\n|move|p2a: Dragapult|Will-O-Wisp|p1a: Slowking\n|-status|p1a: Slowking|brn\n|\n|-weather|Snow|[upkeep]\n|-damage|p1a: Slowking|94\/100 brn|[from] brn\n|upkeep\n|turn|31\n|inactive|Bryny Duck has 120 seconds left.\n|inactive|Iklass has 120 seconds left.\n|\n|t:|1700341291\n|move|p2a: Dragapult|Dragon Darts|p1a: Slowking\n|-damage|p1a: Slowking|71\/100 brn\n|-anim|p2a: Dragapult|Dragon Darts|p1a: Slowking\n|-damage|p1a: Slowking|51\/100 brn\n|move|p1a: Slowking|Future Sight|p2a: Dragapult\n|-start|p1a: Slowking|move: Future Sight\n|\n|-weather|Snow|[upkeep]\n|-damage|p1a: Slowking|45\/100 brn|[from] brn\n|upkeep\n|turn|32\n|inactive|Iklass has 120 seconds left.\n|inactive|Bryny Duck has 120 seconds left.\n|\n|t:|1700341311\n|switch|p1a: Great Tusk|Great Tusk|100\/100\n|move|p2a: Dragapult|Will-O-Wisp|p1a: Great Tusk\n|-status|p1a: Great Tusk|brn\n|\n|-weather|none\n|-damage|p1a: Great Tusk|94\/100 brn|[from] brn\n|upkeep\n|turn|33\n|inactive|Bryny Duck has 120 seconds left.\n|\n|t:|1700341322\n|move|p2a: Dragapult|U-turn|p1a: Great Tusk\n|-resisted|p1a: Great Tusk\n|-damage|p1a: Great Tusk|88\/100 brn\n|\n|t:|1700341325\n|switch|p2a: Zapdos|Zapdos|100\/100|[from] U-turn\n|move|p1a: Great Tusk|Knock Off|p2a: Zapdos\n|-damage|p2a: Zapdos|85\/100\n|-enditem|p2a: Zapdos|Heavy-Duty Boots|[from] move: Knock Off|[of] p1a: Great Tusk\n|\n|-end|p2a: Zapdos|move: Future Sight\n|-damage|p2a: Zapdos|55\/100\n|-heal|p1a: Great Tusk|95\/100 brn|[from] item: Leftovers\n|-damage|p1a: Great Tusk|88\/100 brn|[from] brn\n|upkeep\n|turn|34\n|inactive|Bryny Duck has 120 seconds left.\n|\n|t:|1700341338\n|-end|p1a: Great Tusk|Protosynthesis|[silent]\n|switch|p1a: Slowking|Slowking-Galar, M|78\/100 brn\n|move|p2a: Zapdos|Roost|p2a: Zapdos\n|-heal|p2a: Zapdos|100\/100\n|-singleturn|p2a: Zapdos|move: Roost\n|\n|-damage|p1a: Slowking|72\/100 brn|[from] brn\n|upkeep\n|turn|35\n|\n|t:|1700341343\n|move|p2a: Zapdos|Volt Switch|p1a: Slowking\n|-damage|p1a: Slowking|53\/100 brn\n|\n|t:|1700341348\n|switch|p2a: Jirachi|Jirachi|85\/100 brn|[from] Volt Switch\n|-damage|p2a: Jirachi|73\/100 brn|[from] Spikes\n|move|p1a: Slowking|Chilly Reception|p1a: Slowking\n|-weather|Snow\n|\n|t:|1700341353\n|switch|p1a: Ogerpon|Ogerpon-Wellspring, F|100\/100|[from] Chilly Reception\n|\n|-weather|Snow|[upkeep]\n|-heal|p2a: Jirachi|79\/100 brn|[from] item: Leftovers\n|-damage|p2a: Jirachi|73\/100 brn|[from] brn\n|upkeep\n|turn|36\n|\n|t:|1700341372\n|switch|p2a: Dragapult|Dragapult, F|100\/100\n|move|p1a: Ogerpon|Ivy Cudgel|p2a: Dragapult|[anim] Ivy Cudgel Water\n|-resisted|p2a: Dragapult\n|-damage|p2a: Dragapult|57\/100\n|\n|-weather|Snow|[upkeep]\n|upkeep\n|turn|37\n|\n|t:|1700341380\n|switch|p1a: Great Tusk|Great Tusk|88\/100 brn\n|move|p2a: Dragapult|Dragon Darts|p1a: Great Tusk\n|-crit|p1a: Great Tusk\n|-damage|p1a: Great Tusk|67\/100 brn\n|-anim|p2a: Dragapult|Dragon Darts|p1a: Great Tusk\n|-damage|p1a: Great Tusk|53\/100 brn\n|\n|-weather|Snow|[upkeep]\n|-heal|p1a: Great Tusk|60\/100 brn|[from] item: Leftovers\n|-damage|p1a: Great Tusk|53\/100 brn|[from] brn\n|upkeep\n|turn|38\n|\n|t:|1700341389\n|move|p2a: Dragapult|Hex|p1a: Great Tusk\n|-damage|p1a: Great Tusk|0 fnt\n|faint|p1a: Great Tusk\n|-end|p1a: Great Tusk|Protosynthesis|[silent]\n|\n|-weather|Snow|[upkeep]\n|upkeep\n|\n|t:|1700341398\n|switch|p1a: Kingambit|Kingambit, M|87\/100\n|-activate|p1a: Kingambit|ability: Supreme Overlord\n|-start|p1a: Kingambit|fallen1|[silent]\n|turn|39\n|\n|t:|1700341404\n|-terastallize|p1a: Kingambit|Fire\n|move|p2a: Dragapult|Will-O-Wisp|p1a: Kingambit\n|-immune|p1a: Kingambit\n|move|p1a: Kingambit|Kowtow Cleave|p2a: Dragapult\n|-supereffective|p2a: Dragapult\n|-damage|p2a: Dragapult|0 fnt\n|faint|p2a: Dragapult\n|\n|-weather|none\n|-heal|p1a: Kingambit|94\/100|[from] item: Leftovers\n|upkeep\n|inactive|Bryny Duck has 120 seconds left.\n|\n|t:|1700341436\n|switch|p2a: Great Tusk|Great Tusk|100\/100\n|-damage|p2a: Great Tusk|88\/100|[from] Spikes\n|turn|40\n|inactive|Bryny Duck has 120 seconds left.\n|\n|t:|1700341449\n|-end|p1a: Kingambit|fallen1|[silent]\n|switch|p1a: Ogerpon|Ogerpon-Wellspring, F|100\/100\n|move|p2a: Great Tusk|Close Combat|p1a: Ogerpon\n|-damage|p1a: Ogerpon|0 fnt\n|-unboost|p2a: Great Tusk|def|1\n|-unboost|p2a: Great Tusk|spd|1\n|faint|p1a: Ogerpon\n|\n|upkeep\n|\n|t:|1700341458\n|switch|p1a: Zamazenta|Zamazenta|100\/100\n|-ability|p1a: Zamazenta|Dauntless Shield|boost\n|-boost|p1a: Zamazenta|def|1\n|turn|41\n|\n|t:|1700341466\n|-end|p2a: Great Tusk|Protosynthesis|[silent]\n|switch|p2a: Clefable|Clefable, M|100\/100\n|move|p1a: Zamazenta|Iron Defense|p1a: Zamazenta\n|-boost|p1a: Zamazenta|def|2\n|\n|upkeep\n|turn|42\n|\n|t:|1700341477\n|switch|p1a: Kingambit|Kingambit, M, tera:Fire|94\/100\n|-activate|p1a: Kingambit|ability: Supreme Overlord\n|-start|p1a: Kingambit|fallen2|[silent]\n|move|p2a: Clefable|Stealth Rock|p1a: Kingambit\n|-sidestart|p1: Iklass|move: Stealth Rock\n|\n|-heal|p1a: Kingambit|99\/100|[from] item: Leftovers\n|upkeep\n|turn|43\n|\n|t:|1700341491\n|switch|p2a: Great Tusk|Great Tusk|88\/100\n|-damage|p2a: Great Tusk|76\/100|[from] Spikes\n|move|p1a: Kingambit|Iron Head|p2a: Great Tusk\n|-damage|p2a: Great Tusk|41\/100\n|\n|-heal|p1a: Kingambit|100\/100|[from] item: Leftovers\n|upkeep\n|turn|44\n|inactive|Bryny Duck has 120 seconds left.\n|\n|t:|1700341516\n|-end|p1a: Kingambit|fallen2|[silent]\n|switch|p1a: Zapdos|Zapdos|39\/100\n|move|p2a: Great Tusk|Headlong Rush|p1a: Zapdos\n|-immune|p1a: Zapdos\n|\n|upkeep\n|turn|45\n|inactive|Bryny Duck has 120 seconds left.\n|\n|t:|1700341535\n|-end|p2a: Great Tusk|Protosynthesis|[silent]\n|switch|p2a: Jirachi|Jirachi|73\/100 brn\n|-damage|p2a: Jirachi|60\/100 brn|[from] Spikes\n|move|p1a: Zapdos|Roost|p1a: Zapdos\n|-heal|p1a: Zapdos|89\/100\n|-singleturn|p1a: Zapdos|move: Roost\n|\n|-heal|p2a: Jirachi|66\/100 brn|[from] item: Leftovers\n|-damage|p2a: Jirachi|60\/100 brn|[from] brn\n|upkeep\n|turn|46\n|\n|t:|1700341541\n|move|p1a: Zapdos|Heat Wave|p2a: Jirachi\n|-supereffective|p2a: Jirachi\n|-damage|p2a: Jirachi|19\/100 brn\n|move|p2a: Jirachi|Doom Desire|p1a: Zapdos\n|-start|p2a: Jirachi|Doom Desire\n|\n|-heal|p2a: Jirachi|25\/100 brn|[from] item: Leftovers\n|-damage|p2a: Jirachi|19\/100 brn|[from] brn\n|upkeep\n|turn|47\n|inactive|Bryny Duck has 120 seconds left.\n|\n|t:|1700341552\n|move|p1a: Zapdos|Volt Switch|p2a: Jirachi\n|-damage|p2a: Jirachi|0 fnt\n|faint|p2a: Jirachi\n|\n|t:|1700341565\n|switch|p1a: Slowking|Slowking-Galar, M|87\/100 brn|[from] Volt Switch\n|\n|-damage|p1a: Slowking|80\/100 brn|[from] brn\n|upkeep\n|\n|t:|1700341575\n|switch|p2a: Ogerpon|Ogerpon-Cornerstone, F|100\/100\n|-damage|p2a: Ogerpon|88\/100|[from] Spikes\n|turn|48\n|inactive|Bryny Duck has 120 seconds left.\n|\n|t:|1700341590\n|-terastallize|p2a: Ogerpon|Rock\n|detailschange|p2a: Ogerpon|Ogerpon-Cornerstone-Tera, F, tera:Rock\n|-ability|p2a: Ogerpon|Embody Aspect (Cornerstone)|boost\n|-boost|p2a: Ogerpon|def|1\n|move|p2a: Ogerpon|Ivy Cudgel|p1a: Slowking|[anim] Ivy Cudgel Rock\n|-damage|p1a: Slowking|0 fnt\n|faint|p1a: Slowking\n|\n|-hint|Doom Desire did not hit because the target is fainted.\n|upkeep\n|\n|t:|1700341603\n|switch|p1a: Zamazenta|Zamazenta|100\/100\n|-damage|p1a: Zamazenta|94\/100|[from] Stealth Rock\n|turn|49\n|\n|t:|1700341616\n|switch|p2a: Clefable|Clefable, M|100\/100\n|move|p1a: Zamazenta|Iron Defense|p1a: Zamazenta\n|-boost|p1a: Zamazenta|def|2\n|\n|-heal|p1a: Zamazenta|100\/100|[from] item: Leftovers\n|upkeep\n|turn|50\n|\n|t:|1700341630\n|switch|p1a: Kingambit|Kingambit, M, tera:Fire|100\/100\n|-damage|p1a: Kingambit|76\/100|[from] Stealth Rock\n|-activate|p1a: Kingambit|ability: Supreme Overlord\n|-start|p1a: Kingambit|fallen3|[silent]\n|move|p2a: Clefable|Moonblast|p1a: Kingambit\n|-resisted|p1a: Kingambit\n|-damage|p1a: Kingambit|63\/100\n|\n|-heal|p1a: Kingambit|69\/100|[from] item: Leftovers\n|upkeep\n|turn|51\n|inactive|Bryny Duck has 120 seconds left.\n|\n|t:|1700341660\n|move|p2a: Clefable|Thunder Wave|p1a: Kingambit\n|-status|p1a: Kingambit|par\n|move|p1a: Kingambit|Swords Dance|p1a: Kingambit\n|-boost|p1a: Kingambit|atk|2\n|\n|-heal|p1a: Kingambit|75\/100 par|[from] item: Leftovers\n|upkeep\n|turn|52\n|\n|t:|1700341671\n|switch|p2a: Zapdos|Zapdos|100\/100\n|move|p1a: Kingambit|Iron Head|p2a: Zapdos\n|-resisted|p2a: Zapdos\n|-damage|p2a: Zapdos|45\/100\n|\n|-heal|p1a: Kingambit|82\/100 par|[from] item: Leftovers\n|upkeep\n|turn|53\n|\n|t:|1700341678\n|move|p2a: Zapdos|Roost|p2a: Zapdos\n|-heal|p2a: Zapdos|95\/100\n|-singleturn|p2a: Zapdos|move: Roost\n|move|p1a: Kingambit|Kowtow Cleave|p2a: Zapdos\n|-damage|p2a: Zapdos|0 fnt\n|faint|p2a: Zapdos\n|\n|-heal|p1a: Kingambit|88\/100 par|[from] item: Leftovers\n|upkeep\n|\n|t:|1700341691\n|switch|p2a: Great Tusk|Great Tusk|41\/100\n|-damage|p2a: Great Tusk|29\/100|[from] Spikes\n|turn|54\n|\n|t:|1700341703\n|cant|p1a: Kingambit|par\n|move|p2a: Great Tusk|Close Combat|p1a: Kingambit\n|-crit|p1a: Kingambit\n|-damage|p1a: Kingambit|0 fnt\n|-unboost|p2a: Great Tusk|def|1\n|-unboost|p2a: Great Tusk|spd|1\n|faint|p1a: Kingambit\n|-end|p1a: Kingambit|fallen3|[silent]\n|\n|upkeep\n|\n|t:|1700341710\n|switch|p1a: Zapdos|Zapdos|89\/100\n|turn|55\n|\n|t:|1700341716\n|move|p1a: Zapdos|Heat Wave|p2a: Great Tusk\n|-damage|p2a: Great Tusk|0 fnt\n|faint|p2a: Great Tusk\n|-end|p2a: Great Tusk|Protosynthesis|[silent]\n|\n|upkeep\n|\n|t:|1700341723\n|switch|p2a: Ogerpon|Ogerpon-Cornerstone-Tera, F, tera:Rock|88\/100\n|-damage|p2a: Ogerpon|76\/100|[from] Spikes\n|-ability|p2a: Ogerpon|Embody Aspect (Cornerstone)|boost\n|-boost|p2a: Ogerpon|def|1\n|turn|56\n|inactive|Bryny Duck has 120 seconds left.\n|\n|t:|1700341732\n|switch|p1a: Zamazenta|Zamazenta|100\/100\n|-damage|p1a: Zamazenta|94\/100|[from] Stealth Rock\n|move|p2a: Ogerpon|Ivy Cudgel|p1a: Zamazenta|[anim] Ivy Cudgel Rock\n|-resisted|p1a: Zamazenta\n|-damage|p1a: Zamazenta|68\/100\n|\n|-heal|p1a: Zamazenta|75\/100|[from] item: Leftovers\n|upkeep\n|turn|57\n|inactive|Bryny Duck has 120 seconds left.\n|\n|t:|1700341747\n|switch|p2a: Clefable|Clefable, M|100\/100\n|move|p1a: Zamazenta|Iron Defense|p1a: Zamazenta\n|-boost|p1a: Zamazenta|def|2\n|\n|-heal|p1a: Zamazenta|81\/100|[from] item: Leftovers\n|upkeep\n|turn|58\n|inactive|Bryny Duck has 120 seconds left.\n|\n|t:|1700341754\n|move|p1a: Zamazenta|Substitute|p1a: Zamazenta\n|-start|p1a: Zamazenta|Substitute\n|-damage|p1a: Zamazenta|56\/100\n|move|p2a: Clefable|Moonblast|p1a: Zamazenta\n|-supereffective|p1a: Zamazenta\n|-end|p1a: Zamazenta|Substitute\n|\n|-heal|p1a: Zamazenta|62\/100|[from] item: Leftovers\n|upkeep\n|turn|59\n|\n|t:|1700341760\n|switch|p1a: Zapdos|Zapdos|89\/100\n|move|p2a: Clefable|Moonblast|p1a: Zapdos\n|-damage|p1a: Zapdos|61\/100\n|\n|upkeep\n|turn|60\n|\n|t:|1700341768\n|move|p1a: Zapdos|Volt Switch|p2a: Clefable\n|-damage|p2a: Clefable|75\/100\n|l|\u2606Iklass\n|inactive|Iklass disconnected and has a minute to reconnect!\n|player|p1|\n|j|\u2606Iklass\n|inactive|Iklass reconnected and has 120 seconds left.\n|player|p1|Iklass|schoolkid-gen4dp\n|c|\u2606Iklass|what\n|inactive|Iklass has 90 seconds left.\n|c|\u2606Iklass|i didnt play volt switch\n|\n|t:|1700341834\n|switch|p1a: Zamazenta|Zamazenta|62\/100|[from] Volt Switch\n|-damage|p1a: Zamazenta|56\/100|[from] Stealth Rock\n|move|p2a: Clefable|Moonblast|p1a: Zamazenta\n|-supereffective|p1a: Zamazenta\n|-damage|p1a: Zamazenta|0 fnt\n|faint|p1a: Zamazenta\n|\n|-heal|p2a: Clefable|81\/100|[from] item: Leftovers\n|upkeep\n|c|\u2606Iklass|well gg\n|-message|Iklass forfeited.\n|\n|win|Bryny Duck\n|raw|Iklass's rating: 1470 &rarr; <strong>1445<\/strong><br \/>(-25 for losing)\n|raw|Bryny Duck's rating: 1389 &rarr; <strong>1414<\/strong><br \/>(+25 for winning)\n|l|\u2606Iklass\n","uploadtime":1700341858,"views":9,"p1id":"iklass","p2id":"brynyduck","formatid":"gen9ou","rating":1414,"private":0,"password":""}