{"id":"gen9ou-1999695927","p1":"chaoticat","p2":"Hose1801","format":"[Gen 9] OU","log":"|j|\u203dchaoticat\n|j|\u2606Hose1801\n|t:|1701108609\n|gametype|singles\n|player|p1|chaoticat|266|1129\n|player|p2|Hose1801|266|1200\n|teamsize|p1|6\n|teamsize|p2|6\n|gen|9\n|tier|[Gen 9] OU\n|rated|\n|rule|Sleep Clause Mod: Limit one foe put to sleep\n|rule|Species Clause: Limit one of each Pok\u00e9mon\n|rule|OHKO Clause: OHKO moves are banned\n|rule|Evasion Items Clause: Evasion items are banned\n|rule|Evasion Moves Clause: Evasion moves are banned\n|rule|Endless Battle Clause: Forcing endless battles is banned\n|rule|HP Percentage Mod: HP is shown in percentages\n|clearpoke\n|poke|p1|Volcanion|\n|poke|p1|Landorus-Therian, M|\n|poke|p1|Meowscarada, F|\n|poke|p1|Hatterene, F|\n|poke|p1|Thundurus-Therian, M|\n|poke|p1|Weezing-Galar, F|\n|poke|p2|Clodsire, F|\n|poke|p2|Great Tusk|\n|poke|p2|Torkoal, M|\n|poke|p2|Slowking-Galar, M|\n|poke|p2|Skeledirge, F|\n|poke|p2|Lilligant-Hisui, F|\n|teampreview\n|inactive|Battle timer is ON: inactive players will automatically lose when time's up. (requested by chaoticat)\n|\n|t:|1701108626\n|start\n|switch|p1a: Volcanion|Volcanion|100\/100\n|switch|p2a: Torkoal|Torkoal, M|100\/100\n|-weather|SunnyDay|[from] ability: Drought|[of] p2a: Torkoal\n|turn|1\n|\n|t:|1701108638\n|move|p1a: Volcanion|Earthquake|p2a: Torkoal\n|-supereffective|p2a: Torkoal\n|-damage|p2a: Torkoal|42\/100\n|move|p2a: Torkoal|Stealth Rock|p1a: Volcanion\n|-sidestart|p1: chaoticat|move: Stealth Rock\n|\n|-weather|SunnyDay|[upkeep]\n|upkeep\n|turn|2\n|\n|t:|1701108647\n|switch|p1a: Landorus|Landorus-Therian, M|100\/100\n|-damage|p1a: Landorus|88\/100|[from] Stealth Rock\n|-ability|p1a: Landorus|Intimidate|boost\n|-unboost|p2a: Torkoal|atk|1\n|switch|p2a: Great Tusk|Great Tusk|100\/100\n|-activate|p2a: Great Tusk|ability: Protosynthesis\n|-start|p2a: Great Tusk|protosynthesisdef\n|\n|-weather|SunnyDay|[upkeep]\n|-heal|p1a: Landorus|94\/100|[from] item: Leftovers\n|upkeep\n|turn|3\n|\n|t:|1701108665\n|-terastallize|p1a: Landorus|Poison\n|move|p1a: Landorus|Grass Knot|p2a: Great Tusk\n|-supereffective|p2a: Great Tusk\n|-damage|p2a: Great Tusk|3\/100\n|move|p2a: Great Tusk|Knock Off|p1a: Landorus\n|-damage|p1a: Landorus|62\/100\n|-enditem|p1a: Landorus|Leftovers|[from] move: Knock Off|[of] p2a: Great Tusk\n|\n|-weather|SunnyDay|[upkeep]\n|-heal|p2a: Great Tusk|9\/100|[from] item: Leftovers\n|upkeep\n|turn|4\n|\n|t:|1701108690\n|-end|p2a: Great Tusk|Protosynthesis|[silent]\n|switch|p2a: Clodsire|Clodsire, F|100\/100\n|move|p1a: Landorus|Earth Power|p2a: Clodsire\n|-supereffective|p2a: Clodsire\n|-damage|p2a: Clodsire|60\/100\n|\n|-weather|SunnyDay|[upkeep]\n|-heal|p2a: Clodsire|67\/100|[from] item: Black Sludge\n|upkeep\n|turn|5\n|\n|t:|1701108701\n|switch|p1a: Weezing|Weezing-Galar, F|100\/100\n|-damage|p1a: Weezing|88\/100|[from] Stealth Rock\n|-fieldstart|move: Misty Terrain|[from] ability: Misty Surge|[of] p1a: Weezing\n|move|p2a: Clodsire|Earthquake|p1a: Weezing\n|-supereffective|p1a: Weezing\n|-damage|p1a: Weezing|45\/100\n|\n|-weather|SunnyDay|[upkeep]\n|-heal|p2a: Clodsire|73\/100|[from] item: Black Sludge\n|upkeep\n|turn|6\n|\n|t:|1701108713\n|move|p1a: Weezing|Defog|p2a: Clodsire\n|-unboost|p2a: Clodsire|evasion|1\n|-sideend|p1: chaoticat|Stealth Rock|[from] move: Defog|[of] p1a: Weezing\n|-fieldend|Misty Terrain\n|move|p2a: Clodsire|Poison Jab|p1a: Weezing\n|-damage|p1a: Weezing|26\/100\n|\n|-weather|SunnyDay|[upkeep]\n|-heal|p2a: Clodsire|79\/100|[from] item: Black Sludge\n|upkeep\n|turn|7\n|\n|t:|1701108724\n|switch|p1a: Landorus|Landorus-Therian, M, tera:Poison|62\/100\n|-ability|p1a: Landorus|Intimidate|boost\n|-unboost|p2a: Clodsire|atk|1\n|move|p2a: Clodsire|Toxic Spikes|p1a: Landorus\n|-sidestart|p1: chaoticat|move: Toxic Spikes\n|\n|-weather|SunnyDay|[upkeep]\n|-heal|p2a: Clodsire|85\/100|[from] item: Black Sludge\n|upkeep\n|turn|8\n|\n|t:|1701108729\n|move|p1a: Landorus|Sludge Bomb|p2a: Clodsire\n|-resisted|p2a: Clodsire\n|-damage|p2a: Clodsire|80\/100\n|move|p2a: Clodsire|Earthquake|p1a: Landorus\n|-supereffective|p1a: Landorus\n|-damage|p1a: Landorus|19\/100\n|\n|-weather|none\n|-heal|p2a: Clodsire|86\/100|[from] item: Black Sludge\n|upkeep\n|turn|9\n|\n|t:|1701108738\n|switch|p1a: Weezing|Weezing-Galar, F|26\/100\n|-sideend|p1: chaoticat|move: Toxic Spikes|[of] p1a: Weezing\n|-fieldstart|move: Misty Terrain|[from] ability: Misty Surge|[of] p1a: Weezing\n|move|p2a: Clodsire|Earthquake|p1a: Weezing\n|-supereffective|p1a: Weezing\n|-damage|p1a: Weezing|0 fnt\n|faint|p1a: Weezing\n|\n|-heal|p2a: Clodsire|93\/100|[from] item: Black Sludge\n|upkeep\n|\n|t:|1701108740\n|switch|p1a: Thundurus|Thundurus-Therian, M|100\/100\n|-enditem|p1a: Thundurus|Misty Seed\n|-boost|p1a: Thundurus|spd|1|[from] item: Misty Seed\n|turn|10\n|\n|t:|1701108746\n|move|p1a: Thundurus|Knock Off|p2a: Clodsire\n|-damage|p2a: Clodsire|59\/100\n|-enditem|p2a: Clodsire|Black Sludge|[from] move: Knock Off|[of] p1a: Thundurus\n|move|p2a: Clodsire|Poison Jab|p1a: Thundurus\n|-damage|p1a: Thundurus|77\/100\n|-status|p1a: Thundurus|psn\n|\n|-damage|p1a: Thundurus|65\/100 psn|[from] psn\n|upkeep\n|turn|11\n|\n|t:|1701108754\n|move|p1a: Thundurus|Acrobatics|p2a: Clodsire\n|-damage|p2a: Clodsire|3\/100\n|move|p2a: Clodsire|Toxic Spikes|p1a: Thundurus\n|-sidestart|p1: chaoticat|move: Toxic Spikes\n|\n|-damage|p1a: Thundurus|53\/100 psn|[from] psn\n|upkeep\n|turn|12\n|\n|t:|1701108759\n|move|p1a: Thundurus|Acrobatics|p2a: Clodsire\n|-damage|p2a: Clodsire|0 fnt\n|faint|p2a: Clodsire\n|\n|-damage|p1a: Thundurus|40\/100 psn|[from] psn\n|upkeep\n|\n|t:|1701108766\n|switch|p2a: Torkoal|Torkoal, M|42\/100\n|-weather|SunnyDay|[from] ability: Drought|[of] p2a: Torkoal\n|turn|13\n|\n|t:|1701108783\n|switch|p2a: Great Tusk|Great Tusk|9\/100\n|-activate|p2a: Great Tusk|ability: Protosynthesis\n|-start|p2a: Great Tusk|protosynthesisdef\n|move|p1a: Thundurus|Acrobatics|p2a: Great Tusk\n|-supereffective|p2a: Great Tusk\n|-damage|p2a: Great Tusk|0 fnt\n|faint|p2a: Great Tusk\n|-end|p2a: Great Tusk|Protosynthesis|[silent]\n|\n|-weather|SunnyDay|[upkeep]\n|-damage|p1a: Thundurus|28\/100 psn|[from] psn\n|upkeep\n|\n|t:|1701108791\n|switch|p2a: Lilligant|Lilligant-Hisui, F|100\/100\n|turn|14\n|\n|t:|1701108801\n|-terastallize|p2a: Lilligant|Ice\n|move|p2a: Lilligant|Solar Blade||[still]\n|-prepare|p2a: Lilligant|Solar Blade\n|-anim|p2a: Lilligant|Solar Blade|p1a: Thundurus\n|-resisted|p1a: Thundurus\n|-damage|p1a: Thundurus|0 fnt\n|faint|p1a: Thundurus\n|-damage|p2a: Lilligant|91\/100|[from] item: Life Orb\n|\n|-weather|SunnyDay|[upkeep]\n|upkeep\n|\n|t:|1701108817\n|switch|p1a: Volcanion|Volcanion|100\/100\n|turn|15\n|\n|t:|1701108837\n|move|p2a: Lilligant|Close Combat|p1a: Volcanion\n|-damage|p1a: Volcanion|40\/100\n|-unboost|p2a: Lilligant|def|1\n|-unboost|p2a: Lilligant|spd|1\n|-damage|p2a: Lilligant|81\/100|[from] item: Life Orb\n|move|p1a: Volcanion|Flare Blitz|p2a: Lilligant\n|-supereffective|p2a: Lilligant\n|-damage|p2a: Lilligant|0 fnt\n|faint|p2a: Lilligant\n|-damage|p1a: Volcanion|20\/100|[from] Recoil\n|\n|-weather|SunnyDay|[upkeep]\n|upkeep\n|\n|t:|1701108841\n|switch|p2a: Slowking|Slowking-Galar, M|100\/100\n|turn|16\n|\n|t:|1701108846\n|switch|p1a: Landorus|Landorus-Therian, M, tera:Poison|19\/100\n|-sideend|p1: chaoticat|move: Toxic Spikes|[of] p1a: Landorus\n|-ability|p1a: Landorus|Intimidate|boost\n|-unboost|p2a: Slowking|atk|1\n|move|p2a: Slowking|Sludge Bomb|p1a: Landorus\n|-resisted|p1a: Landorus\n|-damage|p1a: Landorus|0 fnt\n|faint|p1a: Landorus\n|\n|-weather|SunnyDay|[upkeep]\n|-fieldend|Misty Terrain\n|upkeep\n|\n|t:|1701108859\n|switch|p1a: Volcanion|Volcanion|20\/100\n|turn|17\n|\n|t:|1701108862\n|move|p1a: Volcanion|Earthquake|p2a: Slowking\n|-supereffective|p2a: Slowking\n|-damage|p2a: Slowking|0 fnt\n|faint|p2a: Slowking\n|\n|-weather|SunnyDay|[upkeep]\n|upkeep\n|\n|t:|1701108867\n|switch|p2a: Skeledirge|Skeledirge, F|100\/100\n|turn|18\n|\n|t:|1701108870\n|move|p1a: Volcanion|Earthquake|p2a: Skeledirge\n|-supereffective|p2a: Skeledirge\n|-damage|p2a: Skeledirge|12\/100\n|move|p2a: Skeledirge|Torch Song|p1a: Volcanion\n|-resisted|p1a: Volcanion\n|-damage|p1a: Volcanion|5\/100\n|-boost|p2a: Skeledirge|spa|1\n|\n|-weather|SunnyDay|[upkeep]\n|-heal|p2a: Skeledirge|18\/100|[from] item: Leftovers\n|upkeep\n|turn|19\n|\n|t:|1701108873\n|move|p1a: Volcanion|Earthquake|p2a: Skeledirge\n|-supereffective|p2a: Skeledirge\n|-damage|p2a: Skeledirge|0 fnt\n|faint|p2a: Skeledirge\n|\n|-weather|SunnyDay|[upkeep]\n|upkeep\n|\n|t:|1701108875\n|switch|p2a: Torkoal|Torkoal, M|42\/100\n|turn|20\n|\n|t:|1701108878\n|move|p1a: Volcanion|Earthquake|p2a: Torkoal\n|-supereffective|p2a: Torkoal\n|-damage|p2a: Torkoal|0 fnt\n|faint|p2a: Torkoal\n|\n|win|chaoticat\n|raw|chaoticat's rating: 1129 &rarr; <strong>1159<\/strong><br \/>(+30 for winning)\n|raw|Hose1801's rating: 1200 &rarr; <strong>1170<\/strong><br \/>(-30 for losing)\n","uploadtime":1701108881,"views":2,"p1id":"chaoticat","p2id":"hose1801","formatid":"gen9ou","rating":1159,"private":0,"password":""}