{"id":"gen9ou-1997237062","p1":"dripi","p2":"LanceMaster","format":"[Gen 9] OU","log":"|j|\u2606dripi\n|j|\u2606LanceMaster\n|t:|1700778894\n|gametype|singles\n|player|p1|dripi|sada-ai|1237\n|player|p2|LanceMaster|red|1133\n|teamsize|p1|6\n|teamsize|p2|6\n|gen|9\n|tier|[Gen 9] OU\n|rated|\n|rule|Sleep Clause Mod: Limit one foe put to sleep\n|rule|Species Clause: Limit one of each Pok\u00e9mon\n|rule|OHKO Clause: OHKO moves are banned\n|rule|Evasion Items Clause: Evasion items are banned\n|rule|Evasion Moves Clause: Evasion moves are banned\n|rule|Endless Battle Clause: Forcing endless battles is banned\n|rule|HP Percentage Mod: HP is shown in percentages\n|clearpoke\n|poke|p1|Slither Wing|\n|poke|p1|Ribombee, M|\n|poke|p1|Dragonite, F|\n|poke|p1|Iron Moth|\n|poke|p1|Maushold-Four|\n|poke|p1|Mienshao, M|\n|poke|p2|Scizor, F|\n|poke|p2|Garchomp, M|\n|poke|p2|Gengar, M|\n|poke|p2|Umbreon, F|\n|poke|p2|Electrode-Hisui|\n|poke|p2|Great Tusk|\n|teampreview\n|inactive|Battle timer is ON: inactive players will automatically lose when time's up. (requested by dripi)\n|\n|t:|1700778903\n|start\n|switch|p1a: Flutter|Ribombee, M|100\/100\n|switch|p2a: Clamp|Scizor, F|100\/100\n|turn|1\n|\n|t:|1700778914\n|move|p1a: Flutter|Sticky Web|p2a: Clamp\n|-sidestart|p2: LanceMaster|move: Sticky Web\n|move|p2a: Clamp|Swords Dance|p2a: Clamp\n|-boost|p2a: Clamp|atk|2\n|\n|upkeep\n|turn|2\n|\n|t:|1700778922\n|move|p1a: Flutter|Quiver Dance|p1a: Flutter\n|-boost|p1a: Flutter|spa|1\n|-boost|p1a: Flutter|spd|1\n|-boost|p1a: Flutter|spe|1\n|move|p2a: Clamp|Dual Wingbeat|p1a: Flutter\n|-supereffective|p1a: Flutter\n|-enditem|p1a: Flutter|Focus Sash\n|-damage|p1a: Flutter|1\/100\n|-supereffective|p1a: Flutter\n|-damage|p1a: Flutter|0 fnt\n|faint|p1a: Flutter\n|-hitcount|p1: Flutter|2\n|-damage|p2a: Clamp|90\/100|[from] item: Life Orb\n|\n|upkeep\n|\n|t:|1700778936\n|switch|p1a: Mienshao|Mienshao, M|100\/100\n|turn|3\n|\n|t:|1700778948\n|move|p1a: Mienshao|Fake Out|p2a: Clamp\n|-resisted|p2a: Clamp\n|-damage|p2a: Clamp|83\/100\n|cant|p2a: Clamp|flinch\n|\n|upkeep\n|turn|4\n|\n|t:|1700778956\n|move|p2a: Clamp|Bullet Punch|p1a: Mienshao\n|-enditem|p1a: Mienshao|Focus Sash\n|-damage|p1a: Mienshao|1\/100\n|-damage|p2a: Clamp|73\/100|[from] item: Life Orb\n|move|p1a: Mienshao|Close Combat|p2a: Clamp\n|-damage|p2a: Clamp|1\/100\n|-unboost|p1a: Mienshao|def|1\n|-unboost|p1a: Mienshao|spd|1\n|\n|upkeep\n|turn|5\n|\n|t:|1700778973\n|move|p2a: Clamp|Bullet Punch|p1a: Mienshao\n|-damage|p1a: Mienshao|0 fnt\n|faint|p1a: Mienshao\n|-damage|p2a: Clamp|0 fnt|[from] item: Life Orb\n|faint|p2a: Clamp\n|\n|upkeep\n|\n|t:|1700778990\n|switch|p1a: Volcaristic|Iron Moth|100\/100\n|switch|p2a: Deviljho|Garchomp, M, shiny|100\/100\n|-activate|p2a: Deviljho|move: Sticky Web\n|-unboost|p2a: Deviljho|spe|1\n|-enditem|p1a: Volcaristic|Booster Energy\n|-activate|p1a: Volcaristic|ability: Quark Drive|[fromitem]\n|-start|p1a: Volcaristic|quarkdrivespe\n|turn|6\n|\n|t:|1700779005\n|move|p1a: Volcaristic|Fiery Dance|p2a: Deviljho\n|-resisted|p2a: Deviljho\n|-damage|p2a: Deviljho|80\/100\n|-boost|p1a: Volcaristic|spa|1\n|move|p2a: Deviljho|Dragon Tail|p1a: Volcaristic\n|-damage|p1a: Volcaristic|60\/100\n|-end|p1a: Volcaristic|Quark Drive|[silent]\n|drag|p1a: Volcarimal|Slither Wing|100\/100\n|-enditem|p1a: Volcarimal|Booster Energy\n|-activate|p1a: Volcarimal|ability: Protosynthesis|[fromitem]\n|-start|p1a: Volcarimal|protosynthesisatk\n|\n|upkeep\n|turn|7\n|inactive|dripi has 120 seconds left.\n|\n|t:|1700779023\n|-end|p1a: Volcarimal|Protosynthesis|[silent]\n|switch|p1a: Maushold|Maushold-Four|100\/100\n|move|p2a: Deviljho|Dragon Tail|p1a: Maushold\n|-damage|p1a: Maushold|63\/100\n|drag|p1a: Spear|Dragonite, F|100\/100\n|\n|upkeep\n|turn|8\n|inactive|dripi has 120 seconds left.\n|\n|t:|1700779038\n|move|p1a: Spear|Dragon Claw|p2a: Deviljho\n|-supereffective|p2a: Deviljho\n|-damage|p2a: Deviljho|10\/100\n|-damage|p1a: Spear|88\/100|[from] ability: Rough Skin|[of] p2a: Deviljho\n|-damage|p1a: Spear|72\/100|[from] item: Rocky Helmet|[of] p2a: Deviljho\n|move|p2a: Deviljho|Dragon Tail|p1a: Spear|[miss]\n|-miss|p2a: Deviljho|p1a: Spear\n|\n|-heal|p1a: Spear|78\/100|[from] item: Leftovers\n|upkeep\n|turn|9\n|inactive|dripi has 120 seconds left.\n|\n|t:|1700779049\n|move|p1a: Spear|Extreme Speed|p2a: Deviljho\n|-damage|p2a: Deviljho|0 fnt\n|-damage|p1a: Spear|66\/100|[from] ability: Rough Skin|[of] p2a: Deviljho\n|-damage|p1a: Spear|49\/100|[from] item: Rocky Helmet|[of] p2a: Deviljho\n|faint|p2a: Deviljho\n|\n|-heal|p1a: Spear|55\/100|[from] item: Leftovers\n|upkeep\n|\n|t:|1700779055\n|switch|p2a: Mokujin|Electrode-Hisui|100\/100\n|turn|10\n|inactive|dripi has 120 seconds left.\n|\n|t:|1700779096\n|-terastallize|p2a: Mokujin|Ice\n|move|p1a: Spear|Extreme Speed|p2a: Mokujin\n|-damage|p2a: Mokujin|48\/100\n|-status|p1a: Spear|par|[from] ability: Static|[of] p2a: Mokujin\n|move|p2a: Mokujin|Tera Blast|p1a: Spear|[anim] Tera Blast Ice\n|-supereffective|p1a: Spear\n|-damage|p1a: Spear|0 fnt\n|faint|p1a: Spear\n|\n|upkeep\n|l|\u2606dripi\n|inactive|dripi disconnected and has a minute to reconnect!\n|player|p1|\n|inactive|dripi has 30 seconds to reconnect!\n|j|\u2606dripi\n|inactive|dripi reconnected and has 65 seconds left.\n|player|p1|dripi|sada-ai\n|inactive|dripi has 60 seconds left.\n|\n|t:|1700779147\n|switch|p1a: Volcaristic|Iron Moth|60\/100\n|turn|11\n|\n|t:|1700779152\n|move|p2a: Mokujin|Volt Switch|p1a: Volcaristic\n|-damage|p1a: Volcaristic|35\/100\n|\n|t:|1700779157\n|switch|p2a: Ringus|Umbreon, F|100\/100|[from] Volt Switch\n|-activate|p2a: Ringus|move: Sticky Web\n|-unboost|p2a: Ringus|spe|1\n|move|p1a: Volcaristic|Fiery Dance|p2a: Ringus\n|-damage|p2a: Ringus|78\/100\n|-boost|p1a: Volcaristic|spa|1\n|\n|upkeep\n|turn|12\n|inactive|dripi has 60 seconds left.\n|\n|t:|1700779170\n|move|p1a: Volcaristic|Fiery Dance|p2a: Ringus\n|-damage|p2a: Ringus|43\/100\n|-boost|p1a: Volcaristic|spa|1\n|move|p2a: Ringus|Thunder Wave|p1a: Volcaristic\n|-status|p1a: Volcaristic|par\n|\n|upkeep\n|turn|13\n|\n|t:|1700779178\n|move|p1a: Volcaristic|Fiery Dance|p2a: Ringus\n|-damage|p2a: Ringus|3\/100\n|-boost|p1a: Volcaristic|spa|1\n|move|p2a: Ringus|Foul Play|p1a: Volcaristic\n|-damage|p1a: Volcaristic|5\/100 par\n|\n|upkeep\n|turn|14\n|\n|t:|1700779186\n|move|p1a: Volcaristic|Fiery Dance|p2a: Ringus\n|-damage|p2a: Ringus|0 fnt\n|faint|p2a: Ringus\n|\n|upkeep\n|\n|t:|1700779189\n|switch|p2a: Mokujin|Electrode-Hisui, tera:Ice|48\/100\n|turn|15\n|\n|t:|1700779195\n|move|p2a: Mokujin|Thunderbolt|p1a: Volcaristic\n|-damage|p1a: Volcaristic|0 fnt\n|faint|p1a: Volcaristic\n|-end|p1a: Volcaristic|Quark Drive|[silent]\n|\n|upkeep\n|\n|t:|1700779200\n|switch|p1a: Maushold|Maushold-Four|63\/100\n|turn|16\n|\n|t:|1700779205\n|move|p2a: Mokujin|Chloroblast|p1a: Maushold\n|-damage|p1a: Maushold|0 fnt\n|faint|p1a: Maushold\n|-damage|p2a: Mokujin|0 fnt|[from] Recoil\n|faint|p2a: Mokujin\n|\n|upkeep\n|\n|t:|1700779212\n|switch|p2a: Creepypasta|Gengar, M, shiny|100\/100\n|switch|p1a: Volcarimal|Slither Wing|100\/100\n|-activate|p2a: Creepypasta|move: Sticky Web\n|-unboost|p2a: Creepypasta|spe|1\n|turn|17\n|\n|t:|1700779226\n|-terastallize|p1a: Volcarimal|Fire\n|move|p1a: Volcarimal|Bulk Up|p1a: Volcarimal\n|-boost|p1a: Volcarimal|atk|1\n|-boost|p1a: Volcarimal|def|1\n|move|p2a: Creepypasta|Will-O-Wisp|p1a: Volcarimal\n|-immune|p1a: Volcarimal\n|\n|upkeep\n|turn|18\n|\n|t:|1700779235\n|move|p1a: Volcarimal|Bulk Up|p1a: Volcarimal\n|-boost|p1a: Volcarimal|atk|1\n|-boost|p1a: Volcarimal|def|1\n|move|p2a: Creepypasta|Sludge Bomb|p1a: Volcarimal\n|-damage|p1a: Volcarimal|51\/100\n|\n|upkeep\n|turn|19\n|\n|t:|1700779245\n|move|p1a: Volcarimal|Flame Charge|p2a: Creepypasta\n|-damage|p2a: Creepypasta|0 fnt\n|-boost|p1a: Volcarimal|spe|1\n|faint|p2a: Creepypasta\n|\n|upkeep\n|\n|t:|1700779248\n|switch|p2a: Tooth Paste|Great Tusk|100\/100\n|-activate|p2a: Tooth Paste|move: Sticky Web\n|-unboost|p2a: Tooth Paste|spe|1\n|-enditem|p2a: Tooth Paste|Booster Energy\n|-activate|p2a: Tooth Paste|ability: Protosynthesis|[fromitem]\n|-start|p2a: Tooth Paste|protosynthesisatk\n|turn|20\n|\n|t:|1700779258\n|move|p1a: Volcarimal|Close Combat|p2a: Tooth Paste\n|-damage|p2a: Tooth Paste|20\/100\n|-unboost|p1a: Volcarimal|def|1\n|-unboost|p1a: Volcarimal|spd|1\n|move|p2a: Tooth Paste|Headlong Rush|p1a: Volcarimal\n|-supereffective|p1a: Volcarimal\n|-damage|p1a: Volcarimal|0 fnt\n|-unboost|p2a: Tooth Paste|def|1\n|-unboost|p2a: Tooth Paste|spd|1\n|faint|p1a: Volcarimal\n|-end|p1a: Volcarimal|Protosynthesis|[silent]\n|\n|win|LanceMaster\n|raw|dripi's rating: 1237 &rarr; <strong>1205<\/strong><br \/>(-32 for losing)\n|raw|LanceMaster's rating: 1133 &rarr; <strong>1165<\/strong><br \/>(+32 for winning)\n|l|\u2606dripi\n","uploadtime":1700779276,"views":6,"p1id":"dripi","p2id":"lancemaster","formatid":"gen9ou","rating":1165,"private":0,"password":""}