{"id":"gen9ou-1991276532","p1":"273_Kalstor","p2":"zeb01234","format":"[Gen 9] OU","log":"|j|\u2606273_Kalstor\n|j|\u2606zeb01234\n|t:|1700063551\n|gametype|singles\n|player|p1|273_Kalstor|acetrainerf-gen4dp|1088\n|player|p2|zeb01234|1|1123\n|teamsize|p1|6\n|teamsize|p2|6\n|gen|9\n|tier|[Gen 9] OU\n|rated|\n|rule|Sleep Clause Mod: Limit one foe put to sleep\n|rule|Species Clause: Limit one of each Pok\u00e9mon\n|rule|OHKO Clause: OHKO moves are banned\n|rule|Evasion Items Clause: Evasion items are banned\n|rule|Evasion Moves Clause: Evasion moves are banned\n|rule|Endless Battle Clause: Forcing endless battles is banned\n|rule|HP Percentage Mod: HP is shown in percentages\n|clearpoke\n|poke|p1|Chandelure, M|\n|poke|p1|Torkoal, M|\n|poke|p1|Great Tusk|\n|poke|p1|Sneasler, M|\n|poke|p1|Zapdos|\n|poke|p1|Rillaboom, M|\n|poke|p2|Sneasler, M|\n|poke|p2|Ninetales-Alola, M|\n|poke|p2|Gholdengo|\n|poke|p2|Enamorus-Therian, F|\n|poke|p2|Iron Moth|\n|poke|p2|Meowscarada, F|\n|teampreview\n|\n|t:|1700063560\n|start\n|switch|p1a: Torkoal|Torkoal, M|100\/100\n|switch|p2a: Ninetales|Ninetales-Alola, M|100\/100\n|-weather|Snow|[from] ability: Snow Warning|[of] p2a: Ninetales\n|-weather|SunnyDay|[from] ability: Drought|[of] p1a: Torkoal\n|turn|1\n|\n|t:|1700063577\n|-terastallize|p2a: Ninetales|Ground\n|move|p2a: Ninetales|Tera Blast|p1a: Torkoal|[anim] Tera Blast Ground\n|-supereffective|p1a: Torkoal\n|-damage|p1a: Torkoal|20\/100\n|move|p1a: Torkoal|Solar Beam||[still]\n|-prepare|p1a: Torkoal|Solar Beam\n|-anim|p1a: Torkoal|Solar Beam|p2a: Ninetales\n|-supereffective|p2a: Ninetales\n|-damage|p2a: Ninetales|26\/100\n|\n|-weather|SunnyDay|[upkeep]\n|-heal|p2a: Ninetales|33\/100|[from] item: Leftovers\n|upkeep\n|turn|2\n|\n|t:|1700063588\n|switch|p1a: Zapdos|Zapdos|100\/100\n|-ability|p1a: Zapdos|Pressure\n|move|p2a: Ninetales|Tera Blast|p1a: Zapdos|[anim] Tera Blast Ground\n|-immune|p1a: Zapdos\n|\n|-weather|SunnyDay|[upkeep]\n|-heal|p2a: Ninetales|39\/100|[from] item: Leftovers\n|upkeep\n|turn|3\n|inactive|Battle timer is ON: inactive players will automatically lose when time's up. (requested by 273_Kalstor)\n|\n|t:|1700063603\n|switch|p2a: Gholdengo|Gholdengo|100\/100\n|move|p1a: Zapdos|Air Cutter|p2a: Gholdengo\n|-resisted|p2a: Gholdengo\n|-damage|p2a: Gholdengo|89\/100\n|\n|-weather|SunnyDay|[upkeep]\n|upkeep\n|turn|4\n|\n|t:|1700063609\n|switch|p1a: Great Tusk|Great Tusk|100\/100\n|-activate|p1a: Great Tusk|ability: Protosynthesis\n|-start|p1a: Great Tusk|protosynthesisatk\n|switch|p2a: Iron Moth|Iron Moth|100\/100\n|\n|-weather|SunnyDay|[upkeep]\n|upkeep\n|turn|5\n|\n|t:|1700063617\n|move|p2a: Iron Moth|Energy Ball|p1a: Great Tusk\n|-supereffective|p1a: Great Tusk\n|-damage|p1a: Great Tusk|18\/100\n|move|p1a: Great Tusk|Headlong Rush|p2a: Iron Moth\n|-supereffective|p2a: Iron Moth\n|-enditem|p2a: Iron Moth|Focus Sash\n|-damage|p2a: Iron Moth|1\/100\n|-unboost|p1a: Great Tusk|def|1\n|-unboost|p1a: Great Tusk|spd|1\n|\n|-weather|SunnyDay|[upkeep]\n|upkeep\n|turn|6\n|\n|t:|1700063625\n|-end|p1a: Great Tusk|Protosynthesis|[silent]\n|switch|p1a: Rillaboom|Rillaboom, M|100\/100\n|-fieldstart|move: Grassy Terrain|[from] ability: Grassy Surge|[of] p1a: Rillaboom\n|move|p2a: Iron Moth|Fiery Dance|p1a: Rillaboom\n|-supereffective|p1a: Rillaboom\n|-damage|p1a: Rillaboom|0 fnt\n|-boost|p2a: Iron Moth|spa|1\n|faint|p1a: Rillaboom\n|\n|-weather|SunnyDay|[upkeep]\n|-heal|p2a: Iron Moth|7\/100|[from] Grassy Terrain\n|upkeep\n|\n|t:|1700063631\n|switch|p1a: Sneasler|Sneasler, M|100\/100\n|turn|7\n|\n|t:|1700063635\n|move|p1a: Sneasler|Dire Claw|p2a: Iron Moth\n|-resisted|p2a: Iron Moth\n|-damage|p2a: Iron Moth|0 fnt\n|faint|p2a: Iron Moth\n|-end|p2a: Iron Moth|Quark Drive|[silent]\n|\n|-weather|SunnyDay|[upkeep]\n|upkeep\n|\n|t:|1700063647\n|switch|p2a: Gholdengo|Gholdengo|89\/100\n|turn|8\n|\n|t:|1700063654\n|switch|p1a: Chandelure|Chandelure, M|100\/100\n|move|p2a: Gholdengo|Make It Rain|p1a: Chandelure\n|-resisted|p1a: Chandelure\n|-damage|p1a: Chandelure|55\/100\n|-unboost|p2a: Gholdengo|spa|1\n|\n|-weather|none\n|-heal|p1a: Chandelure|61\/100|[from] Grassy Terrain\n|-heal|p2a: Gholdengo|95\/100|[from] Grassy Terrain\n|upkeep\n|turn|9\n|\n|t:|1700063660\n|switch|p2a: Ninetales|Ninetales-Alola, M, tera:Ground|39\/100\n|-weather|Snow|[from] ability: Snow Warning|[of] p2a: Ninetales\n|move|p1a: Chandelure|Shadow Ball|p2a: Ninetales\n|-damage|p2a: Ninetales|0 fnt\n|faint|p2a: Ninetales\n|\n|-weather|Snow|[upkeep]\n|-heal|p1a: Chandelure|67\/100|[from] Grassy Terrain\n|upkeep\n|\n|t:|1700063670\n|switch|p2a: Meowscarada|Meowscarada, F|100\/100\n|turn|10\n|\n|t:|1700063677\n|switch|p1a: Zapdos|Zapdos|100\/100\n|-ability|p1a: Zapdos|Pressure\n|move|p2a: Meowscarada|Knock Off|p1a: Zapdos\n|-start|p2a: Meowscarada|typechange|Dark|[from] ability: Protean\n|-damage|p1a: Zapdos|41\/100\n|-enditem|p1a: Zapdos|Heavy-Duty Boots|[from] move: Knock Off|[of] p2a: Meowscarada\n|-damage|p2a: Meowscarada|91\/100|[from] item: Life Orb\n|\n|-weather|Snow|[upkeep]\n|-heal|p2a: Meowscarada|97\/100|[from] Grassy Terrain\n|-fieldend|move: Grassy Terrain\n|upkeep\n|turn|11\n|\n|t:|1700063683\n|move|p2a: Meowscarada|Play Rough|p1a: Zapdos\n|-damage|p1a: Zapdos|3\/100\n|-damage|p2a: Meowscarada|87\/100|[from] item: Life Orb\n|move|p1a: Zapdos|Air Cutter|p2a: Meowscarada\n|-damage|p2a: Meowscarada|33\/100\n|\n|-weather|Snow|[upkeep]\n|upkeep\n|turn|12\n|\n|t:|1700063699\n|move|p2a: Meowscarada|U-turn|p1a: Zapdos\n|-resisted|p1a: Zapdos\n|-damage|p1a: Zapdos|0 fnt\n|faint|p1a: Zapdos\n|-damage|p2a: Meowscarada|23\/100|[from] item: Life Orb\n|\n|t:|1700063701\n|switch|p2a: Sneasler|Sneasler, M|100\/100|[from] U-turn\n|\n|-weather|Snow|[upkeep]\n|upkeep\n|\n|t:|1700063716\n|switch|p1a: Sneasler|Sneasler, M|100\/100\n|turn|13\n|\n|t:|1700063718\n|move|p2a: Sneasler|Fake Out|p1a: Sneasler\n|-damage|p1a: Sneasler|75\/100\n|cant|p1a: Sneasler|flinch\n|\n|-weather|none\n|upkeep\n|turn|14\n|\n|t:|1700063724\n|move|p1a: Sneasler|Acrobatics|p2a: Sneasler\n|-supereffective|p2a: Sneasler\n|-damage|p2a: Sneasler|31\/100\n|move|p2a: Sneasler|Close Combat|p1a: Sneasler\n|-resisted|p1a: Sneasler\n|-damage|p1a: Sneasler|13\/100\n|-unboost|p2a: Sneasler|def|1\n|-unboost|p2a: Sneasler|spd|1\n|\n|upkeep\n|turn|15\n|\n|t:|1700063730\n|move|p1a: Sneasler|Acrobatics|p2a: Sneasler\n|-supereffective|p2a: Sneasler\n|-damage|p2a: Sneasler|0 fnt\n|faint|p2a: Sneasler\n|\n|upkeep\n|\n|t:|1700063736\n|switch|p2a: Meowscarada|Meowscarada, F|23\/100\n|turn|16\n|\n|t:|1700063741\n|move|p1a: Sneasler|Acrobatics|p2a: Meowscarada\n|-supereffective|p2a: Meowscarada\n|-damage|p2a: Meowscarada|0 fnt\n|faint|p2a: Meowscarada\n|\n|upkeep\n|\n|t:|1700063751\n|switch|p2a: Gholdengo|Gholdengo|95\/100\n|turn|17\n|\n|t:|1700063760\n|-terastallize|p1a: Sneasler|Fighting\n|move|p1a: Sneasler|Acrobatics|p2a: Gholdengo\n|-resisted|p2a: Gholdengo\n|-damage|p2a: Gholdengo|86\/100\n|move|p2a: Gholdengo|Shadow Ball|p1a: Sneasler\n|-damage|p1a: Sneasler|0 fnt\n|faint|p1a: Sneasler\n|\n|upkeep\n|\n|t:|1700063767\n|switch|p1a: Great Tusk|Great Tusk|18\/100\n|turn|18\n|\n|t:|1700063770\n|switch|p2a: Enamorus|Enamorus-Therian, F|100\/100\n|move|p1a: Great Tusk|Headlong Rush|p2a: Enamorus\n|-immune|p2a: Enamorus\n|\n|upkeep\n|turn|19\n|\n|t:|1700063773\n|-end|p1a: Great Tusk|Protosynthesis|[silent]\n|switch|p1a: Torkoal|Torkoal, M|20\/100\n|-weather|SunnyDay|[from] ability: Drought|[of] p1a: Torkoal\n|move|p2a: Enamorus|Moonblast|p1a: Torkoal\n|-resisted|p1a: Torkoal\n|-damage|p1a: Torkoal|0 fnt\n|faint|p1a: Torkoal\n|\n|-weather|SunnyDay|[upkeep]\n|upkeep\n|\n|t:|1700063777\n|switch|p1a: Chandelure|Chandelure, M|67\/100\n|turn|20\n|\n|t:|1700063803\n|move|p1a: Chandelure|Shadow Ball|p2a: Enamorus\n|-damage|p2a: Enamorus|37\/100\n|-unboost|p2a: Enamorus|spd|1\n|move|p2a: Enamorus|Taunt|p1a: Chandelure\n|-start|p1a: Chandelure|move: Taunt\n|\n|-weather|SunnyDay|[upkeep]\n|upkeep\n|turn|21\n|\n|t:|1700063810\n|move|p1a: Chandelure|Shadow Ball|p2a: Enamorus\n|-damage|p2a: Enamorus|0 fnt\n|faint|p2a: Enamorus\n|\n|-weather|SunnyDay|[upkeep]\n|upkeep\n|\n|t:|1700063812\n|switch|p2a: Gholdengo|Gholdengo|86\/100\n|turn|22\n|\n|t:|1700063814\n|move|p1a: Chandelure|Shadow Ball|p2a: Gholdengo\n|-supereffective|p2a: Gholdengo\n|-crit|p2a: Gholdengo\n|-damage|p2a: Gholdengo|0 fnt\n|faint|p2a: Gholdengo\n|\n|win|273_Kalstor\n|raw|273_Kalstor's rating: 1088 &rarr; <strong>1117<\/strong><br \/>(+29 for winning)\n|raw|zeb01234's rating: 1123 &rarr; <strong>1095<\/strong><br \/>(-28 for losing)\n|l|\u2606zeb01234\n|c|\u2606273_Kalstor|Gg\n","uploadtime":1700064069,"views":16,"p1id":"273kalstor","p2id":"zeb01234","formatid":"gen9ou","rating":1095,"private":0,"password":""}