{"id":"gen9ou-1999701054","p1":"Snow07","p2":"knexhawk2","format":"[Gen 9] OU","log":"|j|\u2606Snow07\n|j|\u2606knexhawk2\n|t:|1701109057\n|gametype|singles\n|player|p1|Snow07|boarder|1698\n|player|p2|knexhawk2|red-masters|1905\n|teamsize|p1|6\n|teamsize|p2|6\n|gen|9\n|tier|[Gen 9] OU\n|rated|\n|rule|Sleep Clause Mod: Limit one foe put to sleep\n|rule|Species Clause: Limit one of each Pok\u00e9mon\n|rule|OHKO Clause: OHKO moves are banned\n|rule|Evasion Items Clause: Evasion items are banned\n|rule|Evasion Moves Clause: Evasion moves are banned\n|rule|Endless Battle Clause: Forcing endless battles is banned\n|rule|HP Percentage Mod: HP is shown in percentages\n|clearpoke\n|poke|p1|Ribombee, F|\n|poke|p1|Manaphy|\n|poke|p1|Iron Moth|\n|poke|p1|Kingambit, M|\n|poke|p1|Gholdengo|\n|poke|p1|Breloom, M|\n|poke|p2|Wo-Chien|\n|poke|p2|Talonflame, F|\n|poke|p2|Alomomola, F|\n|poke|p2|Blissey, F|\n|poke|p2|Cyclizar, M|\n|poke|p2|Clodsire, F|\n|teampreview\n|inactive|Battle timer is ON: inactive players will automatically lose when time's up. (requested by Snow07)\n|j| SwabbyYabby\n|\n|t:|1701109073\n|start\n|switch|p1a: Manaphy|Manaphy|100\/100\n|switch|p2a: you are my pet|Clodsire, F|100\/100\n|turn|1\n|\n|t:|1701109082\n|switch|p1a: Gholdengo|Gholdengo|100\/100\n|-item|p1a: Gholdengo|Air Balloon\n|switch|p2a: I'm your mom.|Blissey, F|100\/100\n|\n|upkeep\n|turn|2\n|\n|t:|1701109086\n|move|p1a: Gholdengo|Nasty Plot|p1a: Gholdengo\n|-boost|p1a: Gholdengo|spa|2\n|move|p2a: I'm your mom.|Stealth Rock|p1a: Gholdengo\n|-sidestart|p1: Snow07|move: Stealth Rock\n|\n|upkeep\n|turn|3\n|\n|t:|1701109089\n|move|p1a: Gholdengo|Psyshock|p2a: I'm your mom.\n|-damage|p2a: I'm your mom.|38\/100\n|move|p2a: I'm your mom.|Calm Mind|p2a: I'm your mom.\n|-boost|p2a: I'm your mom.|spa|1\n|-boost|p2a: I'm your mom.|spd|1\n|\n|upkeep\n|turn|4\n|\n|t:|1701109092\n|-terastallize|p2a: I'm your mom.|Dark\n|move|p1a: Gholdengo|Psyshock|p2a: I'm your mom.\n|-immune|p2a: I'm your mom.\n|move|p2a: I'm your mom.|Soft-Boiled|p2a: I'm your mom.\n|-heal|p2a: I'm your mom.|88\/100\n|\n|upkeep\n|turn|5\n|\n|t:|1701109095\n|move|p1a: Gholdengo|Shadow Ball|p2a: I'm your mom.\n|-resisted|p2a: I'm your mom.\n|-damage|p2a: I'm your mom.|80\/100\n|move|p2a: I'm your mom.|Calm Mind|p2a: I'm your mom.\n|-boost|p2a: I'm your mom.|spa|1\n|-boost|p2a: I'm your mom.|spd|1\n|\n|upkeep\n|turn|6\n|\n|t:|1701109097\n|move|p1a: Gholdengo|Nasty Plot|p1a: Gholdengo\n|-boost|p1a: Gholdengo|spa|2\n|move|p2a: I'm your mom.|Calm Mind|p2a: I'm your mom.\n|-boost|p2a: I'm your mom.|spa|1\n|-boost|p2a: I'm your mom.|spd|1\n|\n|upkeep\n|turn|7\n|\n|t:|1701109099\n|move|p1a: Gholdengo|Dazzling Gleam|p2a: I'm your mom.\n|-supereffective|p2a: I'm your mom.\n|-damage|p2a: I'm your mom.|61\/100\n|move|p2a: I'm your mom.|Calm Mind|p2a: I'm your mom.\n|-boost|p2a: I'm your mom.|spa|1\n|-boost|p2a: I'm your mom.|spd|1\n|\n|upkeep\n|turn|8\n|\n|t:|1701109108\n|switch|p1a: Kingambit|Kingambit, M|100\/100\n|-damage|p1a: Kingambit|94\/100|[from] Stealth Rock\n|move|p2a: I'm your mom.|Calm Mind|p2a: I'm your mom.\n|-boost|p2a: I'm your mom.|spa|1\n|-boost|p2a: I'm your mom.|spd|1\n|\n|upkeep\n|turn|9\n|\n|t:|1701109113\n|switch|p2a: Your father.|Talonflame, F|100\/100\n|move|p1a: Kingambit|Swords Dance|p1a: Kingambit\n|-boost|p1a: Kingambit|atk|2\n|\n|upkeep\n|turn|10\n|\n|t:|1701109117\n|move|p2a: Your father.|Will-O-Wisp|p1a: Kingambit\n|-status|p1a: Kingambit|brn\n|-enditem|p1a: Kingambit|Lum Berry|[eat]\n|-curestatus|p1a: Kingambit|brn|[msg]\n|move|p1a: Kingambit|Kowtow Cleave|p2a: Your father.\n|-damage|p2a: Your father.|8\/100\n|-status|p1a: Kingambit|brn|[from] ability: Flame Body|[of] p2a: Your father.\n|\n|-damage|p1a: Kingambit|88\/100 brn|[from] brn\n|upkeep\n|turn|11\n|\n|t:|1701109123\n|move|p2a: Your father.|Roost|p2a: Your father.\n|-heal|p2a: Your father.|58\/100\n|-singleturn|p2a: Your father.|move: Roost\n|move|p1a: Kingambit|Kowtow Cleave|p2a: Your father.\n|-damage|p2a: Your father.|10\/100\n|\n|-damage|p1a: Kingambit|82\/100 brn|[from] brn\n|upkeep\n|turn|12\n|\n|t:|1701109126\n|move|p2a: Your father.|Roost|p2a: Your father.\n|-heal|p2a: Your father.|60\/100\n|-singleturn|p2a: Your father.|move: Roost\n|move|p1a: Kingambit|Swords Dance|p1a: Kingambit\n|-boost|p1a: Kingambit|atk|2\n|\n|-damage|p1a: Kingambit|76\/100 brn|[from] brn\n|upkeep\n|turn|13\n|\n|t:|1701109127\n|move|p2a: Your father.|Roost|p2a: Your father.\n|-heal|p2a: Your father.|100\/100\n|-singleturn|p2a: Your father.|move: Roost\n|move|p1a: Kingambit|Kowtow Cleave|p2a: Your father.\n|-damage|p2a: Your father.|35\/100\n|\n|-damage|p1a: Kingambit|70\/100 brn|[from] brn\n|upkeep\n|turn|14\n|\n|t:|1701109132\n|switch|p2a: I own you.|Wo-Chien|100\/100\n|-ability|p2a: I own you.|Tablets of Ruin\n|move|p1a: Kingambit|Swords Dance|p1a: Kingambit\n|-boost|p1a: Kingambit|atk|2\n|\n|-damage|p1a: Kingambit|64\/100 brn|[from] brn\n|upkeep\n|turn|15\n|\n|t:|1701109136\n|-terastallize|p1a: Kingambit|Fairy\n|move|p1a: Kingambit|Tera Blast|p2a: I own you.|[anim] Tera Blast Fairy\n|-supereffective|p2a: I own you.\n|-damage|p2a: I own you.|2\/100\n|move|p2a: I own you.|Foul Play|p1a: Kingambit\n|-resisted|p1a: Kingambit\n|-damage|p1a: Kingambit|0 fnt\n|faint|p1a: Kingambit\n|-end|p1a: Kingambit|fallenundefined|[silent]\n|\n|-heal|p2a: I own you.|9\/100|[from] item: Leftovers\n|upkeep\n|\n|t:|1701109148\n|switch|p1a: Breloom|Breloom, M|100\/100\n|-damage|p1a: Breloom|94\/100|[from] Stealth Rock\n|turn|16\n|\n|t:|1701109151\n|move|p1a: Breloom|Bullet Seed|p2a: I own you.\n|-resisted|p2a: I own you.\n|-damage|p2a: I own you.|4\/100\n|-resisted|p2a: I own you.\n|-damage|p2a: I own you.|0 fnt\n|faint|p2a: I own you.\n|-hitcount|p2: I own you.|2\n|\n|upkeep\n|\n|t:|1701109154\n|switch|p2a: Your father.|Talonflame, F|35\/100\n|turn|17\n|\n|t:|1701109159\n|switch|p1a: Iron Moth|Iron Moth|100\/100\n|-damage|p1a: Iron Moth|76\/100|[from] Stealth Rock\n|-enditem|p1a: Iron Moth|Booster Energy\n|-activate|p1a: Iron Moth|ability: Quark Drive|[fromitem]\n|-start|p1a: Iron Moth|quarkdrivespa\n|move|p2a: Your father.|Roost|p2a: Your father.\n|-heal|p2a: Your father.|85\/100\n|-singleturn|p2a: Your father.|move: Roost\n|\n|upkeep\n|turn|18\n|\n|t:|1701109167\n|-end|p1a: Iron Moth|Quark Drive|[silent]\n|switch|p1a: Breloom|Breloom, M|94\/100\n|-damage|p1a: Breloom|88\/100|[from] Stealth Rock\n|switch|p2a: I'm your mom.|Blissey, F, tera:Dark|61\/100\n|\n|upkeep\n|turn|19\n|\n|t:|1701109170\n|switch|p2a: You are my son|Alomomola, F|100\/100\n|move|p1a: Breloom|Spore|p2a: You are my son\n|-status|p2a: You are my son|slp|[from] move: Spore\n|\n|upkeep\n|turn|20\n|\n|t:|1701109178\n|switch|p2a: Your father.|Talonflame, F|85\/100\n|move|p1a: Breloom|Swords Dance|p1a: Breloom\n|-boost|p1a: Breloom|atk|2\n|\n|upkeep\n|turn|21\n|\n|t:|1701109186\n|switch|p1a: Iron Moth|Iron Moth|76\/100\n|-damage|p1a: Iron Moth|51\/100|[from] Stealth Rock\n|move|p2a: Your father.|Flamethrower|p1a: Iron Moth\n|-resisted|p1a: Iron Moth\n|-damage|p1a: Iron Moth|38\/100\n|\n|upkeep\n|turn|22\n|\n|t:|1701109194\n|switch|p2a: ur my lizard|Cyclizar, M|100\/100\n|move|p1a: Iron Moth|Sludge Wave|p2a: ur my lizard\n|-damage|p2a: ur my lizard|50\/100\n|-status|p2a: ur my lizard|psn\n|\n|-damage|p2a: ur my lizard|37\/100 psn|[from] psn\n|upkeep\n|turn|23\n|\n|t:|1701109200\n|switch|p2a: I'm your mom.|Blissey, F, tera:Dark|61\/100\n|move|p1a: Iron Moth|Sludge Wave|p2a: I'm your mom.\n|-damage|p2a: I'm your mom.|44\/100\n|-status|p2a: I'm your mom.|psn\n|\n|-damage|p2a: I'm your mom.|32\/100 psn|[from] psn\n|upkeep\n|turn|24\n|\n|t:|1701109202\n|move|p1a: Iron Moth|Sludge Wave|p2a: I'm your mom.\n|-damage|p2a: I'm your mom.|16\/100 psn\n|move|p2a: I'm your mom.|Soft-Boiled|p2a: I'm your mom.\n|-heal|p2a: I'm your mom.|66\/100 psn\n|\n|-damage|p2a: I'm your mom.|54\/100 psn|[from] psn\n|upkeep\n|turn|25\n|\n|t:|1701109207\n|-end|p1a: Iron Moth|Quark Drive|[silent]\n|switch|p1a: Breloom|Breloom, M|88\/100\n|-damage|p1a: Breloom|82\/100|[from] Stealth Rock\n|move|p2a: I'm your mom.|Soft-Boiled|p2a: I'm your mom.\n|-heal|p2a: I'm your mom.|100\/100 psn\n|\n|-damage|p2a: I'm your mom.|88\/100 psn|[from] psn\n|upkeep\n|turn|26\n|\n|t:|1701109212\n|-curestatus|p2a: I'm your mom.|psn|[from] ability: Natural Cure\n|switch|p2a: ur my lizard|Cyclizar, M|71\/100 psn\n|move|p1a: Breloom|Bullet Seed|p2a: ur my lizard\n|-resisted|p2a: ur my lizard\n|-damage|p2a: ur my lizard|57\/100 psn\n|-resisted|p2a: ur my lizard\n|-damage|p2a: ur my lizard|43\/100 psn\n|-resisted|p2a: ur my lizard\n|-damage|p2a: ur my lizard|29\/100 psn\n|-resisted|p2a: ur my lizard\n|-damage|p2a: ur my lizard|16\/100 psn\n|-resisted|p2a: ur my lizard\n|-damage|p2a: ur my lizard|2\/100 psn\n|-hitcount|p2a: ur my lizard|5\n|\n|-damage|p2a: ur my lizard|0 fnt|[from] psn\n|faint|p2a: ur my lizard\n|upkeep\n|\n|t:|1701109213\n|switch|p2a: Your father.|Talonflame, F|85\/100\n|turn|27\n|\n|t:|1701109217\n|switch|p1a: Iron Moth|Iron Moth|38\/100\n|-damage|p1a: Iron Moth|13\/100|[from] Stealth Rock\n|move|p2a: Your father.|Flamethrower|p1a: Iron Moth\n|-resisted|p1a: Iron Moth\n|-damage|p1a: Iron Moth|0 fnt\n|faint|p1a: Iron Moth\n|-end|p1a: Iron Moth|Quark Drive|[silent]\n|\n|upkeep\n|\n|t:|1701109237\n|switch|p1a: Ribombee|Ribombee, F|100\/100\n|-damage|p1a: Ribombee|76\/100|[from] Stealth Rock\n|turn|28\n|\n|t:|1701109241\n|switch|p2a: you are my pet|Clodsire, F|100\/100\n|move|p1a: Ribombee|Stun Spore|p2a: you are my pet\n|-status|p2a: you are my pet|par\n|\n|upkeep\n|turn|29\n|\n|t:|1701109262\n|move|p1a: Ribombee|Psychic|p2a: you are my pet\n|-supereffective|p2a: you are my pet\n|-damage|p2a: you are my pet|66\/100 par\n|move|p2a: you are my pet|Spikes|p1a: Ribombee\n|-sidestart|p1: Snow07|Spikes\n|\n|-heal|p2a: you are my pet|73\/100 par|[from] item: Leftovers\n|upkeep\n|turn|30\n|\n|t:|1701109270\n|switch|p1a: Breloom|Breloom, M|82\/100\n|-damage|p1a: Breloom|76\/100|[from] Stealth Rock\n|-damage|p1a: Breloom|64\/100|[from] Spikes\n|cant|p2a: you are my pet|par\n|\n|-heal|p2a: you are my pet|79\/100 par|[from] item: Leftovers\n|upkeep\n|turn|31\n|j| Ran Kob\n|\n|t:|1701109275\n|switch|p2a: Your father.|Talonflame, F|85\/100\n|move|p1a: Breloom|Bullet Seed|p2a: Your father.\n|-resisted|p2a: Your father.\n|-damage|p2a: Your father.|80\/100\n|-resisted|p2a: Your father.\n|-damage|p2a: Your father.|76\/100\n|-resisted|p2a: Your father.\n|-damage|p2a: Your father.|72\/100\n|-resisted|p2a: Your father.\n|-damage|p2a: Your father.|67\/100\n|-resisted|p2a: Your father.\n|-damage|p2a: Your father.|63\/100\n|-hitcount|p2a: Your father.|5\n|\n|upkeep\n|turn|32\n|\n|t:|1701109291\n|switch|p1a: Ribombee|Ribombee, F|76\/100\n|-damage|p1a: Ribombee|51\/100|[from] Stealth Rock\n|-damage|p1a: Ribombee|38\/100|[from] Spikes\n|move|p2a: Your father.|Will-O-Wisp|p1a: Ribombee\n|-status|p1a: Ribombee|brn\n|\n|-damage|p1a: Ribombee|32\/100 brn|[from] brn\n|upkeep\n|turn|33\n|\n|t:|1701109297\n|switch|p2a: I'm your mom.|Blissey, F, tera:Dark|88\/100\n|move|p1a: Ribombee|Moonblast|p2a: I'm your mom.\n|-supereffective|p2a: I'm your mom.\n|-damage|p2a: I'm your mom.|64\/100\n|-unboost|p2a: I'm your mom.|spa|1\n|\n|-damage|p1a: Ribombee|26\/100 brn|[from] brn\n|upkeep\n|turn|34\n|\n|t:|1701109301\n|move|p1a: Ribombee|Stun Spore|p2a: I'm your mom.\n|-status|p2a: I'm your mom.|par\n|cant|p2a: I'm your mom.|par\n|\n|-damage|p1a: Ribombee|20\/100 brn|[from] brn\n|upkeep\n|turn|35\n|\n|t:|1701109309\n|-curestatus|p2a: I'm your mom.|par|[from] ability: Natural Cure\n|switch|p2a: You are my son|Alomomola, F|100\/100 slp\n|move|p1a: Ribombee|Moonblast|p2a: You are my son\n|-damage|p2a: You are my son|53\/100 slp\n|\n|-damage|p1a: Ribombee|14\/100 brn|[from] brn\n|upkeep\n|turn|36\n|\n|t:|1701109314\n|switch|p2a: you are my pet|Clodsire, F|79\/100 par\n|move|p1a: Ribombee|Moonblast|p2a: you are my pet\n|-resisted|p2a: you are my pet\n|-crit|p2a: you are my pet\n|-damage|p2a: you are my pet|57\/100 par\n|-unboost|p2a: you are my pet|spa|1\n|\n|-heal|p2a: you are my pet|63\/100 par|[from] item: Leftovers\n|-damage|p1a: Ribombee|8\/100 brn|[from] brn\n|upkeep\n|turn|37\n|\n|t:|1701109316\n|move|p1a: Ribombee|Psychic|p2a: you are my pet\n|-supereffective|p2a: you are my pet\n|-damage|p2a: you are my pet|24\/100 par\n|move|p2a: you are my pet|Recover|p2a: you are my pet\n|-heal|p2a: you are my pet|74\/100 par\n|\n|-heal|p2a: you are my pet|80\/100 par|[from] item: Leftovers\n|-damage|p1a: Ribombee|2\/100 brn|[from] brn\n|upkeep\n|turn|38\n|\n|t:|1701109319\n|move|p1a: Ribombee|Psychic|p2a: you are my pet\n|-supereffective|p2a: you are my pet\n|-damage|p2a: you are my pet|44\/100 par\n|cant|p2a: you are my pet|par\n|\n|-heal|p2a: you are my pet|50\/100 par|[from] item: Leftovers\n|-damage|p1a: Ribombee|0 fnt|[from] brn\n|faint|p1a: Ribombee\n|upkeep\n|j| Shurican\n|\n|t:|1701109326\n|switch|p1a: Manaphy|Manaphy|100\/100\n|-damage|p1a: Manaphy|88\/100|[from] Stealth Rock\n|-damage|p1a: Manaphy|75\/100|[from] Spikes\n|turn|39\n|\n|t:|1701109330\n|switch|p2a: I'm your mom.|Blissey, F, tera:Dark|64\/100\n|move|p1a: Manaphy|Tail Glow|p1a: Manaphy\n|-boost|p1a: Manaphy|spa|3\n|\n|-heal|p1a: Manaphy|82\/100|[from] item: Leftovers\n|upkeep\n|turn|40\n|\n|t:|1701109332\n|move|p1a: Manaphy|Surf|p2a: I'm your mom.\n|-damage|p2a: I'm your mom.|34\/100\n|move|p2a: I'm your mom.|Calm Mind|p2a: I'm your mom.\n|-boost|p2a: I'm your mom.|spa|1\n|-boost|p2a: I'm your mom.|spd|1\n|\n|-heal|p1a: Manaphy|88\/100|[from] item: Leftovers\n|upkeep\n|turn|41\n|\n|t:|1701109335\n|move|p1a: Manaphy|Tail Glow|p1a: Manaphy\n|-boost|p1a: Manaphy|spa|3\n|move|p2a: I'm your mom.|Soft-Boiled|p2a: I'm your mom.\n|-heal|p2a: I'm your mom.|84\/100\n|\n|-heal|p1a: Manaphy|94\/100|[from] item: Leftovers\n|upkeep\n|turn|42\n|\n|t:|1701109337\n|move|p1a: Manaphy|Surf|p2a: I'm your mom.\n|-damage|p2a: I'm your mom.|47\/100\n|move|p2a: I'm your mom.|Calm Mind|p2a: I'm your mom.\n|-boost|p2a: I'm your mom.|spa|1\n|-boost|p2a: I'm your mom.|spd|1\n|\n|-heal|p1a: Manaphy|100\/100|[from] item: Leftovers\n|upkeep\n|turn|43\n|\n|t:|1701109340\n|move|p1a: Manaphy|Surf|p2a: I'm your mom.\n|-damage|p2a: I'm your mom.|19\/100\n|move|p2a: I'm your mom.|Calm Mind|p2a: I'm your mom.\n|-boost|p2a: I'm your mom.|spa|1\n|-boost|p2a: I'm your mom.|spd|1\n|\n|upkeep\n|turn|44\n|-message|knexhawk2 forfeited.\n|\n|win|Snow07\n|raw|Snow07's rating: 1698 &rarr; <strong>1729<\/strong><br \/>(+31 for winning)\n|raw|knexhawk2's rating: 1905 &rarr; <strong>1874<\/strong><br \/>(-31 for losing)\n|c|\u2606Snow07|gg\n","uploadtime":1701109372,"views":15,"p1id":"snow07","p2id":"knexhawk2","formatid":"gen9ou","rating":1729,"private":0,"password":""}