{"id":"gen9ou-1989456430","p1":"hukhuy","p2":"Xenonishere","format":"[Gen 9] OU","log":"|j|\u2606hukhuy\n|j|\u2606Xenonishere\n|t:|1699853292\n|gametype|singles\n|player|p1|hukhuy|gambler|1090\n|player|p2|Xenonishere|1|1000\n|teamsize|p1|6\n|teamsize|p2|6\n|gen|9\n|tier|[Gen 9] OU\n|rated|\n|rule|Sleep Clause Mod: Limit one foe put to sleep\n|rule|Species Clause: Limit one of each Pok\u00e9mon\n|rule|OHKO Clause: OHKO moves are banned\n|rule|Evasion Items Clause: Evasion items are banned\n|rule|Evasion Moves Clause: Evasion moves are banned\n|rule|Endless Battle Clause: Forcing endless battles is banned\n|rule|HP Percentage Mod: HP is shown in percentages\n|clearpoke\n|poke|p1|Iron Jugulis|\n|poke|p1|Ogerpon-Wellspring, F|\n|poke|p1|Tinkaton, F|\n|poke|p1|Iron Moth|\n|poke|p1|Great Tusk|\n|poke|p1|Dragapult, F|\n|poke|p2|Maushold|\n|poke|p2|Staraptor, M|\n|poke|p2|Ambipom, M|\n|poke|p2|Furret, F|\n|poke|p2|Pyroar, F|\n|poke|p2|Espeon, F|\n|teampreview\n|inactive|Battle timer is ON: inactive players will automatically lose when time's up. (requested by Xenonishere)\n|\n|t:|1699853323\n|start\n|switch|p1a: Iron Jugulis|Iron Jugulis|100\/100\n|switch|p2a: Ambipom|Ambipom, M|100\/100\n|-enditem|p1a: Iron Jugulis|Booster Energy\n|-activate|p1a: Iron Jugulis|ability: Quark Drive|[fromitem]\n|-start|p1a: Iron Jugulis|quarkdrivespe\n|turn|1\n|\n|t:|1699853331\n|move|p2a: Ambipom|Fake Out|p1a: Iron Jugulis\n|-crit|p1a: Iron Jugulis\n|-damage|p1a: Iron Jugulis|57\/100\n|cant|p1a: Iron Jugulis|flinch\n|\n|upkeep\n|turn|2\n|\n|t:|1699853339\n|move|p1a: Iron Jugulis|Knock Off|p2a: Ambipom\n|-damage|p2a: Ambipom|56\/100\n|-enditem|p2a: Ambipom|Liechi Berry|[from] move: Knock Off|[of] p1a: Iron Jugulis\n|move|p2a: Ambipom|Aerial Ace|p1a: Iron Jugulis\n|-damage|p1a: Iron Jugulis|25\/100\n|\n|upkeep\n|turn|3\n|\n|t:|1699853347\n|move|p1a: Iron Jugulis|Hurricane|p2a: Ambipom\n|-damage|p2a: Ambipom|0 fnt\n|faint|p2a: Ambipom\n|\n|upkeep\n|\n|t:|1699853354\n|switch|p2a: Maushold|Maushold, shiny|100\/100\n|turn|4\n|\n|t:|1699853363\n|move|p1a: Iron Jugulis|Taunt|p2a: Maushold\n|-start|p2a: Maushold|move: Taunt\n|cant|p2a: Maushold|move: Taunt|Tidy Up\n|\n|upkeep\n|turn|5\n|\n|t:|1699853369\n|move|p1a: Iron Jugulis|Knock Off|p2a: Maushold\n|-damage|p2a: Maushold|56\/100\n|-enditem|p2a: Maushold|Loaded Dice|[from] move: Knock Off|[of] p1a: Iron Jugulis\n|move|p2a: Maushold|Population Bomb|p1a: Iron Jugulis\n|-damage|p1a: Iron Jugulis|11\/100\n|-damage|p1a: Iron Jugulis|0 fnt\n|faint|p1a: Iron Jugulis\n|-end|p1a: Iron Jugulis|Quark Drive|[silent]\n|-hitcount|p1: Iron Jugulis|2\n|\n|upkeep\n|\n|t:|1699853384\n|switch|p1a: Great Tusk|Great Tusk|100\/100\n|-enditem|p1a: Great Tusk|Booster Energy\n|-activate|p1a: Great Tusk|ability: Protosynthesis|[fromitem]\n|-start|p1a: Great Tusk|protosynthesisspe\n|turn|6\n|\n|t:|1699853390\n|move|p1a: Great Tusk|Bulk Up|p1a: Great Tusk\n|-boost|p1a: Great Tusk|atk|1\n|-boost|p1a: Great Tusk|def|1\n|move|p2a: Maushold|Super Fang|p1a: Great Tusk\n|-damage|p1a: Great Tusk|50\/100\n|\n|-end|p2a: Maushold|move: Taunt\n|upkeep\n|turn|7\n|\n|t:|1699853403\n|move|p1a: Great Tusk|Earthquake|p2a: Maushold\n|-damage|p2a: Maushold|0 fnt\n|faint|p2a: Maushold\n|\n|upkeep\n|\n|t:|1699853408\n|switch|p2a: Staraptor|Staraptor, M|100\/100\n|-ability|p2a: Staraptor|Intimidate|boost\n|-unboost|p1a: Great Tusk|atk|1\n|turn|8\n|\n|t:|1699853415\n|move|p1a: Great Tusk|Ice Spinner|p2a: Staraptor\n|-supereffective|p2a: Staraptor\n|-damage|p2a: Staraptor|30\/100\n|-enditem|p2a: Staraptor|Eject Button\n|\n|t:|1699853422\n|switch|p2a: Furret|Furret, F|100\/100\n|\n|upkeep\n|turn|9\n|\n|t:|1699853429\n|move|p1a: Great Tusk|Earthquake|p2a: Furret\n|-damage|p2a: Furret|35\/100\n|-enditem|p2a: Furret|Sitrus Berry|[eat]\n|-heal|p2a: Furret|60\/100|[from] item: Sitrus Berry\n|move|p2a: Furret|Substitute|p2a: Furret\n|-start|p2a: Furret|Substitute\n|-damage|p2a: Furret|35\/100\n|\n|upkeep\n|turn|10\n|\n|t:|1699853437\n|-singleturn|p2a: Furret|move: Focus Punch\n|move|p1a: Great Tusk|Earthquake|p2a: Furret\n|-end|p2a: Furret|Substitute\n|move|p2a: Furret|Focus Punch|p1a: Great Tusk\n|-damage|p1a: Great Tusk|36\/100\n|\n|upkeep\n|turn|11\n|\n|t:|1699853446\n|move|p1a: Great Tusk|Rapid Spin|p2a: Furret\n|-damage|p2a: Furret|11\/100\n|-boost|p1a: Great Tusk|spe|1\n|move|p2a: Furret|Knock Off|p1a: Great Tusk\n|-resisted|p1a: Great Tusk\n|-damage|p1a: Great Tusk|33\/100\n|\n|upkeep\n|turn|12\n|\n|t:|1699853454\n|move|p1a: Great Tusk|Earthquake|p2a: Furret\n|-damage|p2a: Furret|0 fnt\n|faint|p2a: Furret\n|\n|upkeep\n|\n|t:|1699853460\n|switch|p2a: Staraptor|Staraptor, M|30\/100\n|-ability|p2a: Staraptor|Intimidate|boost\n|-unboost|p1a: Great Tusk|atk|1\n|turn|13\n|\n|t:|1699853466\n|move|p1a: Great Tusk|Earthquake|p2a: Staraptor\n|-immune|p2a: Staraptor\n|move|p2a: Staraptor|Close Combat|p1a: Great Tusk\n|-damage|p1a: Great Tusk|16\/100\n|-unboost|p2a: Staraptor|def|1\n|-unboost|p2a: Staraptor|spd|1\n|\n|upkeep\n|turn|14\n|\n|t:|1699853474\n|move|p1a: Great Tusk|Ice Spinner|p2a: Staraptor\n|-supereffective|p2a: Staraptor\n|-damage|p2a: Staraptor|0 fnt\n|faint|p2a: Staraptor\n|\n|upkeep\n|\n|t:|1699853479\n|switch|p2a: Espeon|Espeon, F|100\/100\n|turn|15\n|\n|t:|1699853486\n|-terastallize|p2a: Espeon|Normal\n|move|p1a: Great Tusk|Earthquake|p2a: Espeon\n|-damage|p2a: Espeon|44\/100\n|move|p2a: Espeon|Sunny Day|p2a: Espeon\n|-weather|SunnyDay\n|\n|-weather|SunnyDay|[upkeep]\n|upkeep\n|turn|16\n|\n|t:|1699853495\n|move|p1a: Great Tusk|Earthquake|p2a: Espeon\n|-damage|p2a: Espeon|0 fnt\n|faint|p2a: Espeon\n|\n|-weather|SunnyDay|[upkeep]\n|upkeep\n|-message|Xenonishere forfeited.\n|\n|win|hukhuy\n|raw|hukhuy's rating: 1090 &rarr; <strong>1110<\/strong><br \/>(+20 for winning)\n|raw|Xenonishere's rating: 1000 &rarr; <strong>1000<\/strong><br \/>(+0 for losing)\n|c|\u2606hukhuy|Gg\n|l|\u2606Xenonishere\n","uploadtime":1699853509,"views":20,"p1id":"hukhuy","p2id":"xenonishere","formatid":"gen9ou","rating":1000,"private":0,"password":""}