{"id":"gen9ou-1999896367","p1":"Zaion Deez","p2":"CyberH3","format":"[Gen 9] OU","log":"|j|\u2606Zaion Deez\n|j|\u2606CyberH3\n|t:|1701127480\n|gametype|singles\n|player|p1|Zaion Deez|roxanne|1341\n|player|p2|CyberH3|mars|1312\n|teamsize|p1|6\n|teamsize|p2|6\n|gen|9\n|tier|[Gen 9] OU\n|rated|\n|rule|Sleep Clause Mod: Limit one foe put to sleep\n|rule|Species Clause: Limit one of each Pok\u00e9mon\n|rule|OHKO Clause: OHKO moves are banned\n|rule|Evasion Items Clause: Evasion items are banned\n|rule|Evasion Moves Clause: Evasion moves are banned\n|rule|Endless Battle Clause: Forcing endless battles is banned\n|rule|HP Percentage Mod: HP is shown in percentages\n|clearpoke\n|poke|p1|Ogerpon-Wellspring, F|\n|poke|p1|Azumarill, F|\n|poke|p1|Ting-Lu|\n|poke|p1|Mandibuzz, F|\n|poke|p1|Iron Moth|\n|poke|p1|Jirachi|\n|poke|p2|Goodra-Hisui, M|\n|poke|p2|Scizor, F|\n|poke|p2|Mimikyu, F|\n|poke|p2|Iron Valiant|\n|poke|p2|Talonflame, F|\n|poke|p2|Lokix, M|\n|teampreview\n|\n|t:|1701127492\n|start\n|switch|p1a: Azumarill|Azumarill, F|100\/100\n|switch|p2a: The XO|Talonflame, F|100\/100\n|turn|1\n|\n|t:|1701127499\n|move|p2a: The XO|Will-O-Wisp|p1a: Azumarill\n|-status|p1a: Azumarill|brn\n|move|p1a: Azumarill|Liquidation|p2a: The XO\n|-supereffective|p2a: The XO\n|-damage|p2a: The XO|12\/100\n|\n|-heal|p2a: The XO|18\/100|[from] item: Leftovers\n|-damage|p1a: Azumarill|94\/100 brn|[from] brn\n|upkeep\n|turn|2\n|\n|t:|1701127508\n|switch|p2a: Snailtare|Goodra-Hisui, M|100\/100\n|move|p1a: Azumarill|Aqua Jet|p2a: Snailtare\n|-resisted|p2a: Snailtare\n|-damage|p2a: Snailtare|95\/100\n|\n|-heal|p2a: Snailtare|100\/100|[from] item: Leftovers\n|-damage|p1a: Azumarill|88\/100 brn|[from] brn\n|upkeep\n|turn|3\n|\n|t:|1701127523\n|switch|p1a: Ting-Lu|Ting-Lu|100\/100\n|-ability|p1a: Ting-Lu|Vessel of Ruin\n|move|p2a: Snailtare|Flamethrower|p1a: Ting-Lu\n|-damage|p1a: Ting-Lu|86\/100\n|\n|-heal|p1a: Ting-Lu|92\/100|[from] item: Leftovers\n|upkeep\n|turn|4\n|\n|t:|1701127531\n|move|p2a: Snailtare|Hydro Pump|p1a: Ting-Lu\n|-supereffective|p1a: Ting-Lu\n|-damage|p1a: Ting-Lu|57\/100\n|move|p1a: Ting-Lu|Stone Edge|p2a: Snailtare\n|-resisted|p2a: Snailtare\n|-damage|p2a: Snailtare|87\/100\n|\n|-heal|p2a: Snailtare|93\/100|[from] item: Leftovers\n|-heal|p1a: Ting-Lu|63\/100|[from] item: Leftovers\n|upkeep\n|turn|5\n|\n|t:|1701127540\n|switch|p1a: Ogerpon|Ogerpon-Wellspring, F|100\/100\n|move|p2a: Snailtare|Hydro Pump|p1a: Ogerpon\n|-immune|p1a: Ogerpon|[from] ability: Water Absorb\n|\n|-heal|p2a: Snailtare|99\/100|[from] item: Leftovers\n|upkeep\n|turn|6\n|\n|t:|1701127547\n|move|p1a: Ogerpon|Encore|p2a: Snailtare\n|-start|p2a: Snailtare|Encore\n|move|p2a: Snailtare|Hydro Pump|p1a: Ogerpon\n|-immune|p1a: Ogerpon|[from] ability: Water Absorb\n|\n|-heal|p2a: Snailtare|100\/100|[from] item: Leftovers\n|upkeep\n|turn|7\n|\n|t:|1701127554\n|switch|p2a: Morf LeRosh|Lokix, M|100\/100\n|move|p1a: Ogerpon|Ivy Cudgel|p2a: Morf LeRosh|[anim] Ivy Cudgel Water\n|-damage|p2a: Morf LeRosh|17\/100\n|\n|upkeep\n|turn|8\n|\n|t:|1701127561\n|switch|p1a: Mandibuzz|Mandibuzz, F|100\/100\n|move|p2a: Morf LeRosh|First Impression|p1a: Mandibuzz\n|-damage|p1a: Mandibuzz|72\/100\n|-damage|p2a: Morf LeRosh|8\/100|[from] item: Life Orb\n|\n|upkeep\n|turn|9\n|\n|t:|1701127569\n|move|p2a: Morf LeRosh|Knock Off|p1a: Mandibuzz\n|-resisted|p1a: Mandibuzz\n|-damage|p1a: Mandibuzz|42\/100\n|-enditem|p1a: Mandibuzz|Heavy-Duty Boots|[from] move: Knock Off|[of] p2a: Morf LeRosh\n|-damage|p2a: Morf LeRosh|0 fnt|[from] item: Life Orb\n|faint|p2a: Morf LeRosh\n|move|p1a: Mandibuzz|Toxic|p2: Morf LeRosh|[notarget]\n|-fail|p1a: Mandibuzz\n|\n|upkeep\n|\n|t:|1701127574\n|switch|p2a: R-TRUS|Iron Valiant|100\/100\n|-enditem|p2a: R-TRUS|Booster Energy\n|-activate|p2a: R-TRUS|ability: Quark Drive|[fromitem]\n|-start|p2a: R-TRUS|quarkdrivespe\n|turn|10\n|\n|t:|1701127580\n|move|p2a: R-TRUS|Thunderbolt|p1a: Mandibuzz\n|-supereffective|p1a: Mandibuzz\n|-damage|p1a: Mandibuzz|0 fnt\n|faint|p1a: Mandibuzz\n|\n|upkeep\n|\n|t:|1701127585\n|switch|p1a: Jirachi|Jirachi|100\/100\n|turn|11\n|\n|t:|1701127589\n|-end|p2a: R-TRUS|Quark Drive|[silent]\n|switch|p2a: Snailtare|Goodra-Hisui, M|100\/100\n|move|p1a: Jirachi|Calm Mind|p1a: Jirachi\n|-boost|p1a: Jirachi|spa|1\n|-boost|p1a: Jirachi|spd|1\n|\n|upkeep\n|turn|12\n|\n|t:|1701127595\n|switch|p2a: R-TRUS|Iron Valiant|100\/100\n|move|p1a: Jirachi|Calm Mind|p1a: Jirachi\n|-boost|p1a: Jirachi|spa|1\n|-boost|p1a: Jirachi|spd|1\n|\n|upkeep\n|turn|13\n|\n|t:|1701127603\n|switch|p1a: Iron Moth|Iron Moth|100\/100\n|-enditem|p1a: Iron Moth|Booster Energy\n|-activate|p1a: Iron Moth|ability: Quark Drive|[fromitem]\n|-start|p1a: Iron Moth|quarkdrivespe\n|move|p2a: R-TRUS|Encore||[still]\n|-fail|p2a: R-TRUS\n|\n|upkeep\n|turn|14\n|\n|t:|1701127610\n|-end|p2a: R-TRUS|Quark Drive|[silent]\n|switch|p2a: Snailtare|Goodra-Hisui, M|100\/100\n|move|p1a: Iron Moth|Fiery Dance|p2a: Snailtare\n|-damage|p2a: Snailtare|72\/100\n|\n|-heal|p2a: Snailtare|78\/100|[from] item: Leftovers\n|upkeep\n|turn|15\n|\n|t:|1701127617\n|move|p1a: Iron Moth|Fiery Dance|p2a: Snailtare\n|-damage|p2a: Snailtare|50\/100\n|move|p2a: Snailtare|Flamethrower|p1a: Iron Moth\n|-resisted|p1a: Iron Moth\n|-damage|p1a: Iron Moth|85\/100\n|\n|-heal|p2a: Snailtare|56\/100|[from] item: Leftovers\n|upkeep\n|turn|16\n|\n|t:|1701127624\n|move|p2a: Snailtare|Protect|p2a: Snailtare\n|-singleturn|p2a: Snailtare|Protect\n|move|p1a: Iron Moth|Fiery Dance|p2a: Snailtare\n|-activate|p2a: Snailtare|move: Protect\n|\n|-heal|p2a: Snailtare|62\/100|[from] item: Leftovers\n|upkeep\n|turn|17\n|\n|t:|1701127631\n|move|p1a: Iron Moth|Fiery Dance|p2a: Snailtare\n|-damage|p2a: Snailtare|36\/100\n|move|p2a: Snailtare|Hydro Pump|p1a: Iron Moth\n|-supereffective|p1a: Iron Moth\n|-damage|p1a: Iron Moth|7\/100\n|\n|-heal|p2a: Snailtare|43\/100|[from] item: Leftovers\n|upkeep\n|turn|18\n|\n|t:|1701127638\n|move|p1a: Iron Moth|Fiery Dance|p2a: Snailtare\n|-damage|p2a: Snailtare|18\/100\n|move|p2a: Snailtare|Flamethrower|p1a: Iron Moth\n|-resisted|p1a: Iron Moth\n|-damage|p1a: Iron Moth|0 fnt\n|faint|p1a: Iron Moth\n|-end|p1a: Iron Moth|Quark Drive|[silent]\n|\n|-heal|p2a: Snailtare|24\/100|[from] item: Leftovers\n|upkeep\n|\n|t:|1701127647\n|switch|p1a: Ogerpon|Ogerpon-Wellspring, F|100\/100\n|turn|19\n|\n|t:|1701127657\n|move|p1a: Ogerpon|Ivy Cudgel|p2a: Snailtare|[anim] Ivy Cudgel Water\n|-resisted|p2a: Snailtare\n|-damage|p2a: Snailtare|0 fnt\n|faint|p2a: Snailtare\n|\n|upkeep\n|\n|t:|1701127661\n|switch|p2a: The XO|Talonflame, F|18\/100\n|turn|20\n|\n|t:|1701127667\n|switch|p1a: Azumarill|Azumarill, F|88\/100 brn\n|move|p2a: The XO|Brave Bird|p1a: Azumarill\n|-damage|p1a: Azumarill|39\/100 brn\n|-damage|p2a: The XO|0 fnt|[from] Recoil\n|faint|p2a: The XO\n|\n|-damage|p1a: Azumarill|33\/100 brn|[from] brn\n|upkeep\n|\n|t:|1701127673\n|switch|p2a: Eat With Scissors|Scizor, F|100\/100\n|turn|21\n|\n|t:|1701127677\n|move|p2a: Eat With Scissors|Bullet Punch|p1a: Azumarill\n|-damage|p1a: Azumarill|0 fnt\n|faint|p1a: Azumarill\n|-damage|p2a: Eat With Scissors|91\/100|[from] item: Life Orb\n|\n|upkeep\n|\n|t:|1701127683\n|switch|p1a: Ting-Lu|Ting-Lu|63\/100\n|-ability|p1a: Ting-Lu|Vessel of Ruin\n|turn|22\n|\n|t:|1701127690\n|-terastallize|p1a: Ting-Lu|Water\n|move|p2a: Eat With Scissors|Close Combat|p1a: Ting-Lu\n|-damage|p1a: Ting-Lu|29\/100\n|-unboost|p2a: Eat With Scissors|def|1\n|-unboost|p2a: Eat With Scissors|spd|1\n|-damage|p2a: Eat With Scissors|81\/100|[from] item: Life Orb\n|move|p1a: Ting-Lu|Earthquake|p2a: Eat With Scissors\n|-damage|p2a: Eat With Scissors|21\/100\n|\n|-heal|p1a: Ting-Lu|35\/100|[from] item: Leftovers\n|upkeep\n|turn|23\n|\n|t:|1701127705\n|move|p2a: Eat With Scissors|U-turn|p1a: Ting-Lu\n|-damage|p1a: Ting-Lu|2\/100\n|-damage|p2a: Eat With Scissors|11\/100|[from] item: Life Orb\n|\n|t:|1701127709\n|switch|p2a: R-TRUS|Iron Valiant|100\/100|[from] U-turn\n|move|p1a: Ting-Lu|Earthquake|p2a: R-TRUS\n|-damage|p2a: R-TRUS|50\/100\n|\n|-heal|p1a: Ting-Lu|9\/100|[from] item: Leftovers\n|upkeep\n|turn|24\n|\n|t:|1701127716\n|move|p2a: R-TRUS|Thunderbolt|p1a: Ting-Lu\n|-supereffective|p1a: Ting-Lu\n|-damage|p1a: Ting-Lu|0 fnt\n|faint|p1a: Ting-Lu\n|\n|upkeep\n|\n|t:|1701127720\n|switch|p1a: Jirachi|Jirachi|100\/100\n|turn|25\n|\n|t:|1701127724\n|move|p2a: R-TRUS|Thunderbolt|p1a: Jirachi\n|-damage|p1a: Jirachi|76\/100\n|move|p1a: Jirachi|Psychic|p2a: R-TRUS\n|-supereffective|p2a: R-TRUS\n|-damage|p2a: R-TRUS|0 fnt\n|faint|p2a: R-TRUS\n|-end|p2a: R-TRUS|Quark Drive|[silent]\n|\n|-heal|p1a: Jirachi|82\/100|[from] item: Leftovers\n|upkeep\n|\n|t:|1701127730\n|switch|p2a: Eat With Scissors|Scizor, F|11\/100\n|turn|26\n|\n|t:|1701127734\n|move|p2a: Eat With Scissors|Bullet Punch|p1a: Jirachi\n|-resisted|p1a: Jirachi\n|-damage|p1a: Jirachi|63\/100\n|-damage|p2a: Eat With Scissors|1\/100|[from] item: Life Orb\n|move|p1a: Jirachi|Psychic|p2a: Eat With Scissors\n|-resisted|p2a: Eat With Scissors\n|-damage|p2a: Eat With Scissors|0 fnt\n|faint|p2a: Eat With Scissors\n|\n|-heal|p1a: Jirachi|70\/100|[from] item: Leftovers\n|upkeep\n|\n|t:|1701127737\n|switch|p2a: OHAYOLLIE|Mimikyu, F|100\/100\n|turn|27\n|\n|t:|1701127752\n|move|p2a: OHAYOLLIE|Swords Dance|p2a: OHAYOLLIE\n|-boost|p2a: OHAYOLLIE|atk|2\n|move|p1a: Jirachi|Psychic|p2a: OHAYOLLIE\n|-activate|p2a: OHAYOLLIE|ability: Disguise\n|-damage|p2a: OHAYOLLIE|100\/100\n|detailschange|p2a: OHAYOLLIE|Mimikyu-Busted, F\n|-damage|p2a: OHAYOLLIE|88\/100|[from] pokemon: Mimikyu-Busted\n|\n|-heal|p1a: Jirachi|76\/100|[from] item: Leftovers\n|upkeep\n|turn|28\n|\n|t:|1701127762\n|-terastallize|p2a: OHAYOLLIE|Ghost\n|move|p2a: OHAYOLLIE|Swords Dance|p2a: OHAYOLLIE\n|-boost|p2a: OHAYOLLIE|atk|2\n|move|p1a: Jirachi|Psychic|p2a: OHAYOLLIE\n|-damage|p2a: OHAYOLLIE|36\/100\n|\n|-heal|p1a: Jirachi|82\/100|[from] item: Leftovers\n|upkeep\n|turn|29\n|\n|t:|1701127770\n|move|p2a: OHAYOLLIE|Drain Punch|p1a: Jirachi\n|-damage|p1a: Jirachi|12\/100\n|-heal|p2a: OHAYOLLIE|89\/100|[from] drain|[of] p1a: Jirachi\n|-damage|p2a: OHAYOLLIE|79\/100|[from] item: Life Orb\n|move|p1a: Jirachi|Psychic|p2a: OHAYOLLIE\n|-damage|p2a: OHAYOLLIE|36\/100\n|-unboost|p2a: OHAYOLLIE|spd|1\n|\n|-heal|p1a: Jirachi|18\/100|[from] item: Leftovers\n|upkeep\n|turn|30\n|\n|t:|1701127780\n|move|p2a: OHAYOLLIE|Drain Punch|p1a: Jirachi\n|-damage|p1a: Jirachi|0 fnt\n|-heal|p2a: OHAYOLLIE|50\/100|[from] drain|[of] p1a: Jirachi\n|faint|p1a: Jirachi\n|-damage|p2a: OHAYOLLIE|40\/100|[from] item: Life Orb\n|\n|upkeep\n|\n|t:|1701127786\n|switch|p1a: Ogerpon|Ogerpon-Wellspring, F|100\/100\n|turn|31\n|\n|t:|1701127788\n|move|p2a: OHAYOLLIE|Shadow Sneak|p1a: Ogerpon\n|-damage|p1a: Ogerpon|0 fnt\n|faint|p1a: Ogerpon\n|-damage|p2a: OHAYOLLIE|30\/100|[from] item: Life Orb\n|\n|win|CyberH3\n|raw|Zaion Deez's rating: 1341 &rarr; <strong>1319<\/strong><br \/>(-22 for losing)\n|raw|CyberH3's rating: 1312 &rarr; <strong>1334<\/strong><br \/>(+22 for winning)\n|l|\u2606Zaion Deez\n","uploadtime":1701127795,"views":7,"p1id":"zaiondeez","p2id":"cyberh3","formatid":"gen9ou","rating":1319,"private":0,"password":""}