{"id":"gen9ou-1993416522","p1":"Psyduckenthusiast","p2":"Godspeed06","format":"[Gen 9] OU","log":"|j|\u2606Psyduckenthusiast\n|j|\u2606Godspeed06\n|t:|1700315016\n|gametype|singles\n|player|p1|Psyduckenthusiast|170|1097\n|player|p2|Godspeed06|sabrina|1116\n|teamsize|p1|6\n|teamsize|p2|6\n|gen|9\n|tier|[Gen 9] OU\n|rated|\n|rule|Sleep Clause Mod: Limit one foe put to sleep\n|rule|Species Clause: Limit one of each Pok\u00e9mon\n|rule|OHKO Clause: OHKO moves are banned\n|rule|Evasion Items Clause: Evasion items are banned\n|rule|Evasion Moves Clause: Evasion moves are banned\n|rule|Endless Battle Clause: Forcing endless battles is banned\n|rule|HP Percentage Mod: HP is shown in percentages\n|clearpoke\n|poke|p1|Walking Wake|\n|poke|p1|Torkoal, F|\n|poke|p1|Iron Moth|\n|poke|p1|Great Tusk|\n|poke|p1|Maushold-Four|\n|poke|p1|Gholdengo|\n|poke|p2|Sneasler, M|\n|poke|p2|Rillaboom, M|\n|poke|p2|Gholdengo|\n|poke|p2|Glimmora, M|\n|poke|p2|Iron Moth|\n|poke|p2|Ninetales-Alola, M|\n|teampreview\n|inactive|Battle timer is ON: inactive players will automatically lose when time's up. (requested by Godspeed06)\n|\n|t:|1700315031\n|start\n|switch|p1a: Gholdengo|Gholdengo|100\/100\n|switch|p2a: Glimmora|Glimmora, M|100\/100\n|turn|1\n|\n|t:|1700315040\n|move|p1a: Gholdengo|Trick|p2a: Glimmora\n|-activate|p1a: Gholdengo|move: Trick|[of] p2a: Glimmora\n|-item|p2a: Glimmora|Choice Scarf|[from] move: Trick\n|-item|p1a: Gholdengo|Focus Sash|[from] move: Trick\n|move|p2a: Glimmora|Earth Power|p1a: Gholdengo\n|-supereffective|p1a: Gholdengo\n|-damage|p1a: Gholdengo|27\/100\n|\n|upkeep\n|turn|2\n|\n|t:|1700315048\n|move|p2a: Glimmora|Earth Power|p1a: Gholdengo\n|-supereffective|p1a: Gholdengo\n|-damage|p1a: Gholdengo|0 fnt\n|faint|p1a: Gholdengo\n|\n|upkeep\n|\n|t:|1700315059\n|switch|p1a: Walking Wake|Walking Wake|100\/100\n|turn|3\n|\n|t:|1700315067\n|switch|p2a: Rillaboom|Rillaboom, M|100\/100\n|-fieldstart|move: Grassy Terrain|[from] ability: Grassy Surge|[of] p2a: Rillaboom\n|move|p1a: Walking Wake|Hydro Steam|p2a: Rillaboom\n|-resisted|p2a: Rillaboom\n|-damage|p2a: Rillaboom|65\/100\n|\n|-heal|p2a: Rillaboom|71\/100|[from] Grassy Terrain\n|upkeep\n|turn|4\n|\n|t:|1700315076\n|-end|p1a: Walking Wake|Protosynthesis|[silent]\n|switch|p1a: Torkoal|Torkoal, F|100\/100\n|-weather|SunnyDay|[from] ability: Drought|[of] p1a: Torkoal\n|switch|p2a: Ninetales|Ninetales-Alola, M|100\/100\n|-weather|Snow|[from] ability: Snow Warning|[of] p2a: Ninetales\n|\n|-weather|Snow|[upkeep]\n|upkeep\n|turn|5\n|\n|t:|1700315086\n|move|p2a: Ninetales|Aurora Veil|p2a: Ninetales\n|-sidestart|p2: Godspeed06|move: Aurora Veil\n|move|p1a: Torkoal|Heat Wave|p2a: Ninetales\n|-supereffective|p2a: Ninetales\n|-damage|p2a: Ninetales|62\/100\n|\n|-weather|Snow|[upkeep]\n|-heal|p2a: Ninetales|68\/100|[from] Grassy Terrain\n|upkeep\n|turn|6\n|\n|t:|1700315092\n|switch|p2a: Sneasler|Sneasler, M|100\/100\n|-enditem|p2a: Sneasler|Grassy Seed\n|-boost|p2a: Sneasler|def|1|[from] item: Grassy Seed\n|move|p1a: Torkoal|Yawn|p2a: Sneasler\n|-start|p2a: Sneasler|move: Yawn|[of] p1a: Torkoal\n|\n|-weather|Snow|[upkeep]\n|upkeep\n|turn|7\n|\n|t:|1700315101\n|-terastallize|p2a: Sneasler|Flying\n|move|p2a: Sneasler|Swords Dance|p2a: Sneasler\n|-boost|p2a: Sneasler|atk|2\n|move|p1a: Torkoal|Earth Power|p2a: Sneasler\n|-immune|p2a: Sneasler\n|\n|-weather|Snow|[upkeep]\n|-end|p2a: Sneasler|move: Yawn|[silent]\n|-status|p2a: Sneasler|slp\n|upkeep\n|turn|8\n|\n|t:|1700315111\n|cant|p2a: Sneasler|slp\n|move|p1a: Torkoal|Heat Wave|p2a: Sneasler\n|-damage|p2a: Sneasler|74\/100 slp\n|\n|-weather|none\n|upkeep\n|turn|9\n|\n|t:|1700315118\n|-curestatus|p2a: Sneasler|slp|[msg]\n|move|p2a: Sneasler|Acrobatics|p1a: Torkoal\n|-damage|p1a: Torkoal|0 fnt\n|faint|p1a: Torkoal\n|\n|upkeep\n|\n|t:|1700315132\n|switch|p1a: Iron Moth|Iron Moth|100\/100\n|-enditem|p1a: Iron Moth|Booster Energy\n|-activate|p1a: Iron Moth|ability: Quark Drive|[fromitem]\n|-start|p1a: Iron Moth|quarkdrivespa\n|turn|10\n|\n|t:|1700315140\n|move|p2a: Sneasler|Acrobatics|p1a: Iron Moth\n|-damage|p1a: Iron Moth|0 fnt\n|faint|p1a: Iron Moth\n|-end|p1a: Iron Moth|Quark Drive|[silent]\n|\n|-fieldend|move: Grassy Terrain\n|upkeep\n|\n|t:|1700315146\n|switch|p1a: Maushold|Maushold-Four|100\/100\n|turn|11\n|\n|t:|1700315150\n|move|p2a: Sneasler|Acrobatics|p1a: Maushold\n|-damage|p1a: Maushold|0 fnt\n|faint|p1a: Maushold\n|\n|upkeep\n|\n|t:|1700315154\n|switch|p1a: Walking Wake|Walking Wake|100\/100\n|turn|12\n|\n|t:|1700315163\n|move|p2a: Sneasler|Acrobatics|p1a: Walking Wake\n|-damage|p1a: Walking Wake|0 fnt\n|faint|p1a: Walking Wake\n|-end|p1a: Walking Wake|Protosynthesis|[silent]\n|\n|-sideend|p2: Godspeed06|move: Aurora Veil\n|upkeep\n|\n|t:|1700315166\n|switch|p1a: Great Tusk|Great Tusk|100\/100\n|turn|13\n|\n|t:|1700315176\n|-terastallize|p1a: Great Tusk|Ground\n|move|p2a: Sneasler|Acrobatics|p1a: Great Tusk\n|-damage|p1a: Great Tusk|12\/100\n|move|p1a: Great Tusk|Stone Edge|p2a: Sneasler\n|-supereffective|p2a: Sneasler\n|-damage|p2a: Sneasler|0 fnt\n|faint|p2a: Sneasler\n|\n|upkeep\n|\n|t:|1700315189\n|switch|p2a: Glimmora|Glimmora, M|100\/100\n|turn|14\n|\n|t:|1700315193\n|move|p2a: Glimmora|Energy Ball|p1a: Great Tusk\n|-supereffective|p1a: Great Tusk\n|-damage|p1a: Great Tusk|0 fnt\n|faint|p1a: Great Tusk\n|-end|p1a: Great Tusk|Protosynthesis|[silent]\n|\n|win|Godspeed06\n|raw|Psyduckenthusiast's rating: 1097 &rarr; <strong>1074<\/strong><br \/>(-23 for losing)\n|raw|Godspeed06's rating: 1116 &rarr; <strong>1140<\/strong><br \/>(+24 for winning)\n|l|\u2606Psyduckenthusiast\n","uploadtime":1700315211,"views":16,"p1id":"psyduckenthusiast","p2id":"godspeed06","formatid":"gen9ou","rating":1074,"private":0,"password":""}