{"id":"gen9ou-1993754157","p1":"Gen5IsGoodISwear","p2":"Shady5991","format":"[Gen 9] OU","log":"|j|\u2606Gen5IsGoodISwear\n|j|\u2606Shady5991\n|t:|1700353272\n|gametype|singles\n|player|p1|Gen5IsGoodISwear|rosa|1277\n|player|p2|Shady5991|266|1199\n|teamsize|p1|6\n|teamsize|p2|6\n|gen|9\n|tier|[Gen 9] OU\n|rated|\n|rule|Sleep Clause Mod: Limit one foe put to sleep\n|rule|Species Clause: Limit one of each Pok\u00e9mon\n|rule|OHKO Clause: OHKO moves are banned\n|rule|Evasion Items Clause: Evasion items are banned\n|rule|Evasion Moves Clause: Evasion moves are banned\n|rule|Endless Battle Clause: Forcing endless battles is banned\n|rule|HP Percentage Mod: HP is shown in percentages\n|clearpoke\n|poke|p1|Ceruledge, F|\n|poke|p1|Iron Moth|\n|poke|p1|Iron Valiant|\n|poke|p1|Clodsire, F|\n|poke|p1|Dragapult, F|\n|poke|p1|Iron Treads|\n|poke|p2|Ceruledge, M|\n|poke|p2|Iron Treads|\n|poke|p2|Lokix, M|\n|poke|p2|Enamorus, F|\n|poke|p2|Sneasler, F|\n|poke|p2|Vivillon-Ocean, M|\n|teampreview\n|inactive|Battle timer is ON: inactive players will automatically lose when time's up. (requested by Shady5991)\n|\n|t:|1700353289\n|start\n|switch|p1a: Bankai|Ceruledge, F|100\/100\n|switch|p2a: Ceruledge|Ceruledge, M|100\/100\n|turn|1\n|\n|t:|1700353298\n|move|p1a: Bankai|Swords Dance|p1a: Bankai\n|-boost|p1a: Bankai|atk|2\n|move|p2a: Ceruledge|Swords Dance|p2a: Ceruledge\n|-boost|p2a: Ceruledge|atk|2\n|\n|upkeep\n|turn|2\n|\n|t:|1700353307\n|move|p1a: Bankai|Shadow Sneak|p2a: Ceruledge\n|-supereffective|p2a: Ceruledge\n|-enditem|p2a: Ceruledge|Focus Sash\n|-damage|p2a: Ceruledge|1\/100\n|-ability|p2a: Ceruledge|Weak Armor|boost\n|-unboost|p2a: Ceruledge|def|1\n|-boost|p2a: Ceruledge|spe|2\n|move|p2a: Ceruledge|Poltergeist|p1a: Bankai\n|-activate|p1a: Bankai|move: Poltergeist|Focus Sash\n|-supereffective|p1a: Bankai\n|-enditem|p1a: Bankai|Focus Sash\n|-damage|p1a: Bankai|1\/100\n|-ability|p1a: Bankai|Weak Armor|boost\n|-unboost|p1a: Bankai|def|1\n|-boost|p1a: Bankai|spe|2\n|\n|upkeep\n|turn|3\n|\n|t:|1700353322\n|move|p1a: Bankai|Shadow Sneak|p2a: Ceruledge\n|-supereffective|p2a: Ceruledge\n|-damage|p2a: Ceruledge|0 fnt\n|faint|p2a: Ceruledge\n|\n|upkeep\n|\n|t:|1700353327\n|switch|p2a: Lokix|Lokix, M|100\/100\n|turn|4\n|\n|t:|1700353334\n|move|p2a: Lokix|First Impression|p1a: Bankai\n|-resisted|p1a: Bankai\n|-damage|p1a: Bankai|0 fnt\n|faint|p1a: Bankai\n|\n|upkeep\n|\n|t:|1700353339\n|switch|p1a: Chee-Yoo|Iron Moth|100\/100\n|-enditem|p1a: Chee-Yoo|Booster Energy\n|-activate|p1a: Chee-Yoo|ability: Quark Drive|[fromitem]\n|-start|p1a: Chee-Yoo|quarkdrivespe\n|turn|5\n|\n|t:|1700353359\n|move|p2a: Lokix|Sucker Punch||[still]\n|-fail|p2a: Lokix\n|move|p1a: Chee-Yoo|Substitute|p1a: Chee-Yoo\n|-start|p1a: Chee-Yoo|Substitute\n|-damage|p1a: Chee-Yoo|76\/100\n|\n|upkeep\n|turn|6\n|\n|t:|1700353366\n|move|p2a: Lokix|Sucker Punch|p1a: Chee-Yoo\n|-end|p1a: Chee-Yoo|Substitute\n|move|p1a: Chee-Yoo|Fiery Dance|p2a: Lokix\n|-supereffective|p2a: Lokix\n|-enditem|p2a: Lokix|Focus Sash\n|-damage|p2a: Lokix|1\/100\n|-boost|p1a: Chee-Yoo|spa|1\n|\n|upkeep\n|turn|7\n|\n|t:|1700353378\n|move|p1a: Chee-Yoo|Fiery Dance|p2a: Lokix\n|-supereffective|p2a: Lokix\n|-damage|p2a: Lokix|0 fnt\n|faint|p2a: Lokix\n|\n|upkeep\n|\n|t:|1700353393\n|switch|p2a: Vivillon|Vivillon-Ocean, M|100\/100\n|turn|8\n|\n|t:|1700353398\n|move|p1a: Chee-Yoo|Substitute|p1a: Chee-Yoo\n|-start|p1a: Chee-Yoo|Substitute\n|-damage|p1a: Chee-Yoo|51\/100\n|move|p2a: Vivillon|Sleep Powder||[still]\n|-fail|p2a: Vivillon\n|\n|upkeep\n|turn|9\n|\n|t:|1700353405\n|move|p1a: Chee-Yoo|Fiery Dance|p2a: Vivillon\n|-supereffective|p2a: Vivillon\n|-enditem|p2a: Vivillon|Focus Sash\n|-damage|p2a: Vivillon|1\/100\n|-boost|p1a: Chee-Yoo|spa|1\n|move|p2a: Vivillon|Hurricane|p1a: Chee-Yoo\n|-end|p1a: Chee-Yoo|Substitute\n|\n|upkeep\n|turn|10\n|\n|t:|1700353433\n|move|p1a: Chee-Yoo|Fiery Dance|p2a: Vivillon\n|-supereffective|p2a: Vivillon\n|-damage|p2a: Vivillon|0 fnt\n|faint|p2a: Vivillon\n|\n|upkeep\n|inactive|Shady5991 has 120 seconds left.\n|\n|t:|1700353443\n|switch|p2a: Sneasler|Sneasler, F|100\/100\n|turn|11\n|inactive|Shady5991 has 120 seconds left.\n|\n|t:|1700353461\n|-terastallize|p1a: Chee-Yoo|Fire\n|move|p1a: Chee-Yoo|Fiery Dance|p2a: Sneasler\n|-enditem|p2a: Sneasler|Focus Sash\n|-damage|p2a: Sneasler|1\/100\n|move|p2a: Sneasler|Night Slash|p1a: Chee-Yoo\n|-damage|p1a: Chee-Yoo|8\/100\n|\n|upkeep\n|turn|12\n|inactive|Shady5991 has 120 seconds left.\n|\n|t:|1700353472\n|switch|p2a: Enamorus|Enamorus, F|100\/100\n|move|p1a: Chee-Yoo|Fiery Dance|p2a: Enamorus\n|-damage|p2a: Enamorus|0 fnt\n|-boost|p1a: Chee-Yoo|spa|1\n|faint|p2a: Enamorus\n|\n|upkeep\n|\n|t:|1700353477\n|switch|p2a: Sneasler|Sneasler, F|1\/100\n|turn|13\n|-message|Shady5991 forfeited.\n|\n|win|Gen5IsGoodISwear\n|raw|Gen5IsGoodISwear's rating: 1277 &rarr; <strong>1296<\/strong><br \/>(+19 for winning)\n|raw|Shady5991's rating: 1199 &rarr; <strong>1180<\/strong><br \/>(-19 for losing)\n|l|\u2606Shady5991\n","uploadtime":1700353484,"views":26,"p1id":"gen5isgoodiswear","p2id":"shady5991","formatid":"gen9ou","rating":1180,"private":0,"password":""}