{"id":"gen9ou-1999808698","p1":"GambitTR","p2":"VikontAlu","format":"[Gen 9] OU","log":"|j|\u2606GambitTR\n|j|\u2606VikontAlu\n|t:|1701118644\n|gametype|singles\n|player|p1|GambitTR|unknown|1139\n|player|p2|VikontAlu|102|1199\n|teamsize|p1|6\n|teamsize|p2|6\n|gen|9\n|tier|[Gen 9] OU\n|rated|\n|rule|Sleep Clause Mod: Limit one foe put to sleep\n|rule|Species Clause: Limit one of each Pok\u00e9mon\n|rule|OHKO Clause: OHKO moves are banned\n|rule|Evasion Items Clause: Evasion items are banned\n|rule|Evasion Moves Clause: Evasion moves are banned\n|rule|Endless Battle Clause: Forcing endless battles is banned\n|rule|HP Percentage Mod: HP is shown in percentages\n|clearpoke\n|poke|p1|Shiftry, M|\n|poke|p1|Torterra, M|\n|poke|p1|Brambleghast, M|\n|poke|p1|Braviary-Hisui, M|\n|poke|p1|Rillaboom, M|\n|poke|p1|Zamazenta-*|\n|poke|p2|Ogerpon-Wellspring, F|\n|poke|p2|Heatran, M|\n|poke|p2|Clefable, F|\n|poke|p2|Great Tusk|\n|poke|p2|Cinderace, F|\n|poke|p2|Kingambit, F|\n|teampreview\n|inactive|Battle timer is ON: inactive players will automatically lose when time's up. (requested by GambitTR)\n|\n|t:|1701118657\n|start\n|switch|p1a: Rillaboom|Rillaboom, M|100\/100\n|switch|p2a: Heatran|Heatran, M|100\/100\n|-fieldstart|move: Grassy Terrain|[from] ability: Grassy Surge|[of] p1a: Rillaboom\n|turn|1\n|\n|t:|1701118664\n|-terastallize|p2a: Heatran|Grass\n|move|p1a: Rillaboom|U-turn|p2a: Heatran\n|-supereffective|p2a: Heatran\n|-damage|p2a: Heatran|59\/100\n|\n|t:|1701118671\n|switch|p1a: Zamazenta|Zamazenta|100\/100|[from] U-turn\n|-ability|p1a: Zamazenta|Dauntless Shield|boost\n|-boost|p1a: Zamazenta|def|1\n|move|p2a: Heatran|Magma Storm|p1a: Zamazenta\n|-damage|p1a: Zamazenta|52\/100\n|-activate|p1a: Zamazenta|move: Magma Storm|[of] p2a: Heatran\n|\n|-heal|p1a: Zamazenta|58\/100|[from] Grassy Terrain\n|-heal|p2a: Heatran|65\/100|[from] Grassy Terrain\n|-heal|p2a: Heatran|71\/100|[from] item: Leftovers\n|-damage|p1a: Zamazenta|45\/100|[from] move: Magma Storm|[partiallytrapped]\n|upkeep\n|turn|2\n|\n|t:|1701118689\n|move|p1a: Zamazenta|Body Press|p2a: Heatran\n|-crit|p2a: Heatran\n|-damage|p2a: Heatran|0 fnt\n|faint|p2a: Heatran\n|-damage|p1a: Zamazenta|36\/100|[from] item: Life Orb\n|\n|-heal|p1a: Zamazenta|42\/100|[from] Grassy Terrain\n|-end|p1a: Zamazenta|Magma Storm|[partiallytrapped]|[silent]\n|upkeep\n|\n|t:|1701118696\n|switch|p2a: Great Tusk|Great Tusk|100\/100\n|turn|3\n|\n|t:|1701118706\n|move|p1a: Zamazenta|Iron Defense|p1a: Zamazenta\n|-boost|p1a: Zamazenta|def|2\n|move|p2a: Great Tusk|Earthquake|p1a: Zamazenta\n|-damage|p1a: Zamazenta|31\/100\n|\n|-heal|p1a: Zamazenta|37\/100|[from] Grassy Terrain\n|upkeep\n|turn|4\n|\n|t:|1701118713\n|-end|p2a: Great Tusk|Protosynthesis|[silent]\n|switch|p2a: Clefable|Clefable, F|100\/100\n|move|p1a: Zamazenta|Body Press|p2a: Clefable\n|-resisted|p2a: Clefable\n|-damage|p2a: Clefable|76\/100\n|-damage|p1a: Zamazenta|27\/100|[from] item: Life Orb\n|\n|-heal|p1a: Zamazenta|33\/100|[from] Grassy Terrain\n|-heal|p2a: Clefable|82\/100|[from] Grassy Terrain\n|-heal|p2a: Clefable|88\/100|[from] item: Leftovers\n|upkeep\n|turn|5\n|\n|t:|1701118729\n|move|p1a: Zamazenta|Psychic Fangs|p2a: Clefable\n|-damage|p2a: Clefable|49\/100\n|-damage|p1a: Zamazenta|23\/100|[from] item: Life Orb\n|move|p2a: Clefable|Moonblast|p1a: Zamazenta\n|-supereffective|p1a: Zamazenta\n|-damage|p1a: Zamazenta|0 fnt\n|faint|p1a: Zamazenta\n|\n|-heal|p2a: Clefable|55\/100|[from] Grassy Terrain\n|-heal|p2a: Clefable|61\/100|[from] item: Leftovers\n|-fieldend|move: Grassy Terrain\n|upkeep\n|inactive|GambitTR has 120 seconds left.\n|\n|t:|1701118754\n|switch|p1a: Brambleghast|Brambleghast, M|100\/100\n|turn|6\n|\n|t:|1701118770\n|switch|p2a: Great Tusk|Great Tusk|100\/100\n|move|p1a: Brambleghast|Poltergeist|p2a: Great Tusk|[miss]\n|-miss|p1a: Brambleghast|p2a: Great Tusk\n|\n|upkeep\n|turn|7\n|\n|t:|1701118790\n|move|p2a: Great Tusk|Knock Off|p1a: Brambleghast\n|-supereffective|p1a: Brambleghast\n|-damage|p1a: Brambleghast|4\/100\n|-enditem|p1a: Brambleghast|Assault Vest|[from] move: Knock Off|[of] p2a: Great Tusk\n|move|p1a: Brambleghast|Power Whip|p2a: Great Tusk\n|-supereffective|p2a: Great Tusk\n|-damage|p2a: Great Tusk|16\/100\n|-damage|p1a: Brambleghast|0 fnt|[from] item: Rocky Helmet|[of] p2a: Great Tusk\n|faint|p1a: Brambleghast\n|\n|upkeep\n|inactive|GambitTR has 120 seconds left.\n|\n|t:|1701118811\n|switch|p1a: Torterra|Torterra, M|100\/100\n|turn|8\n|inactive|GambitTR has 120 seconds left.\n|\n|t:|1701118823\n|-terastallize|p1a: Torterra|Rock\n|move|p2a: Great Tusk|Ice Spinner|p1a: Torterra\n|-damage|p1a: Torterra|74\/100\n|move|p1a: Torterra|Shell Smash|p1a: Torterra\n|-unboost|p1a: Torterra|def|1\n|-unboost|p1a: Torterra|spd|1\n|-boost|p1a: Torterra|atk|2\n|-boost|p1a: Torterra|spa|2\n|-boost|p1a: Torterra|spe|2\n|\n|upkeep\n|turn|9\n|\n|t:|1701118838\n|move|p1a: Torterra|Bullet Seed|p2a: Great Tusk\n|-supereffective|p2a: Great Tusk\n|-damage|p2a: Great Tusk|0 fnt\n|faint|p2a: Great Tusk\n|-end|p2a: Great Tusk|Protosynthesis|[silent]\n|-hitcount|p2: Great Tusk|1\n|\n|upkeep\n|\n|t:|1701118841\n|switch|p2a: Ogerpon|Ogerpon-Wellspring, F|100\/100\n|turn|10\n|\n|t:|1701118849\n|move|p1a: Torterra|Bullet Seed|p2a: Ogerpon\n|-damage|p2a: Ogerpon|67\/100\n|-damage|p2a: Ogerpon|33\/100\n|-damage|p2a: Ogerpon|0 fnt\n|faint|p2a: Ogerpon\n|-hitcount|p2: Ogerpon|3\n|\n|upkeep\n|\n|t:|1701118861\n|switch|p2a: Kingambit|Kingambit, F|100\/100\n|-activate|p2a: Kingambit|ability: Supreme Overlord\n|-start|p2a: Kingambit|fallen3|[silent]\n|turn|11\n|\n|t:|1701118865\n|move|p1a: Torterra|Headlong Rush|p2a: Kingambit\n|-supereffective|p2a: Kingambit\n|-damage|p2a: Kingambit|0 fnt\n|-unboost|p1a: Torterra|def|1\n|-unboost|p1a: Torterra|spd|1\n|faint|p2a: Kingambit\n|-end|p2a: Kingambit|fallen3|[silent]\n|\n|upkeep\n|\n|t:|1701118869\n|switch|p2a: Cinderace|Cinderace, F|100\/100\n|turn|12\n|\n|t:|1701118873\n|move|p1a: Torterra|Headlong Rush|p2a: Cinderace\n|-supereffective|p2a: Cinderace\n|-damage|p2a: Cinderace|0 fnt\n|-unboost|p1a: Torterra|def|1\n|-unboost|p1a: Torterra|spd|1\n|faint|p2a: Cinderace\n|\n|upkeep\n|\n|t:|1701118878\n|switch|p2a: Clefable|Clefable, F|61\/100\n|turn|13\n|\n|t:|1701118885\n|move|p1a: Torterra|Headlong Rush|p2a: Clefable\n|-damage|p2a: Clefable|0 fnt\n|-unboost|p1a: Torterra|def|1\n|-unboost|p1a: Torterra|spd|1\n|faint|p2a: Clefable\n|\n|win|GambitTR\n|raw|GambitTR's rating: 1139 &rarr; <strong>1168<\/strong><br \/>(+29 for winning)\n|raw|VikontAlu's rating: 1199 &rarr; <strong>1170<\/strong><br \/>(-29 for losing)\n","uploadtime":1701118889,"views":3,"p1id":"gambittr","p2id":"vikontalu","formatid":"gen9ou","rating":1168,"private":0,"password":""}