{"id":"gen9ou-1996688301","p1":"roamflag","p2":"mathismathin","format":"[Gen 9] OU","log":"|j|\u2606roamflag\n|j|\u2606mathismathin\n|t:|1700709907\n|gametype|singles\n|player|p1|roamflag|hilda-wonderlauncher|1622\n|player|p2|mathismathin|nate|1664\n|teamsize|p1|6\n|teamsize|p2|6\n|gen|9\n|tier|[Gen 9] OU\n|rated|\n|rule|Sleep Clause Mod: Limit one foe put to sleep\n|rule|Species Clause: Limit one of each Pok\u00e9mon\n|rule|OHKO Clause: OHKO moves are banned\n|rule|Evasion Items Clause: Evasion items are banned\n|rule|Evasion Moves Clause: Evasion moves are banned\n|rule|Endless Battle Clause: Forcing endless battles is banned\n|rule|HP Percentage Mod: HP is shown in percentages\n|clearpoke\n|poke|p1|Pelipper, F|\n|poke|p1|Greninja-*, M|\n|poke|p1|Basculegion, M|\n|poke|p1|Sandy Shocks|\n|poke|p1|Scizor, M|\n|poke|p1|Zapdos|\n|poke|p2|Staraptor, M|\n|poke|p2|Vaporeon, F|\n|poke|p2|Enamorus, F|\n|poke|p2|Weezing-Galar, M|\n|poke|p2|Blissey, F|\n|poke|p2|Kingambit, M|\n|teampreview\n|inactive|Battle timer is ON: inactive players will automatically lose when time's up. (requested by roamflag)\n|\n|t:|1700709918\n|start\n|switch|p1a: \u730e\u6237\u5ea7|Sandy Shocks|100\/100\n|switch|p2a: Staraptor|Staraptor, M|100\/100\n|-enditem|p1a: \u730e\u6237\u5ea7|Booster Energy\n|-activate|p1a: \u730e\u6237\u5ea7|ability: Protosynthesis|[fromitem]\n|-start|p1a: \u730e\u6237\u5ea7|protosynthesisspe\n|turn|1\n|\n|t:|1700709923\n|switch|p2a: Blissey|Blissey, F|100\/100\n|move|p1a: \u730e\u6237\u5ea7|Stealth Rock|p2a: Blissey\n|-sidestart|p2: mathismathin|move: Stealth Rock\n|\n|upkeep\n|turn|2\n|j| quesitoooo\n|\n|t:|1700709930\n|-end|p1a: \u730e\u6237\u5ea7|Protosynthesis|[silent]\n|switch|p1a: \u7ba1\u98ce\u7434|Scizor, M|100\/100\n|move|p2a: Blissey|Copycat|p2a: Blissey\n|move|p2a: Blissey|Stealth Rock|p1a: \u7ba1\u98ce\u7434|[from]move: Copycat\n|-sidestart|p1: roamflag|move: Stealth Rock\n|\n|upkeep\n|turn|3\n|\n|t:|1700709935\n|switch|p2a: Vaporeon|Vaporeon, F|100\/100\n|-damage|p2a: Vaporeon|88\/100|[from] Stealth Rock\n|move|p1a: \u7ba1\u98ce\u7434|Close Combat|p2a: Vaporeon\n|-damage|p2a: Vaporeon|42\/100\n|-unboost|p1a: \u7ba1\u98ce\u7434|def|1\n|-unboost|p1a: \u7ba1\u98ce\u7434|spd|1\n|\n|upkeep\n|turn|4\n|\n|t:|1700709944\n|move|p2a: Vaporeon|Scald|p1a: \u7ba1\u98ce\u7434\n|-damage|p1a: \u7ba1\u98ce\u7434|52\/100\n|-status|p1a: \u7ba1\u98ce\u7434|brn\n|move|p1a: \u7ba1\u98ce\u7434|Close Combat|p2a: Vaporeon\n|-damage|p2a: Vaporeon|16\/100\n|-unboost|p1a: \u7ba1\u98ce\u7434|def|1\n|-unboost|p1a: \u7ba1\u98ce\u7434|spd|1\n|\n|-damage|p1a: \u7ba1\u98ce\u7434|45\/100 brn|[from] brn\n|upkeep\n|turn|5\n|j| Umbre test\n|\n|t:|1700709954\n|switch|p1a: \u5929\u9876|Pelipper, F|100\/100\n|-damage|p1a: \u5929\u9876|76\/100|[from] Stealth Rock\n|-weather|RainDance|[from] ability: Drizzle|[of] p1a: \u5929\u9876\n|move|p2a: Vaporeon|Scald|p1a: \u5929\u9876\n|-resisted|p1a: \u5929\u9876\n|-damage|p1a: \u5929\u9876|44\/100\n|\n|-weather|RainDance|[upkeep]\n|upkeep\n|turn|6\n|c| Umbre test|We up\n|\n|t:|1700709962\n|move|p2a: Vaporeon|Scald|p1a: \u5929\u9876\n|-resisted|p1a: \u5929\u9876\n|-damage|p1a: \u5929\u9876|15\/100\n|move|p1a: \u5929\u9876|Hurricane|p2a: Vaporeon\n|-damage|p2a: Vaporeon|0 fnt\n|faint|p2a: Vaporeon\n|\n|-weather|RainDance|[upkeep]\n|upkeep\n|\n|t:|1700709982\n|switch|p2a: Enamorus|Enamorus, F|100\/100\n|-damage|p2a: Enamorus|76\/100|[from] Stealth Rock\n|turn|7\n|\n|t:|1700709985\n|move|p2a: Enamorus|Moonblast|p1a: \u5929\u9876\n|-damage|p1a: \u5929\u9876|0 fnt\n|faint|p1a: \u5929\u9876\n|\n|-weather|RainDance|[upkeep]\n|upkeep\n|\n|t:|1700709989\n|switch|p1a: \u5251\u9c7c|Basculegion, M|100\/100\n|-damage|p1a: \u5251\u9c7c|88\/100|[from] Stealth Rock\n|turn|8\n|\n|t:|1700710006\n|switch|p2a: Staraptor|Staraptor, M|100\/100\n|-damage|p2a: Staraptor|76\/100|[from] Stealth Rock\n|move|p1a: \u5251\u9c7c|Wave Crash|p2a: Staraptor\n|-damage|p2a: Staraptor|0 fnt\n|faint|p2a: Staraptor\n|-damage|p1a: \u5251\u9c7c|64\/100|[from] Recoil\n|\n|-weather|RainDance|[upkeep]\n|upkeep\n|\n|t:|1700710007\n|switch|p2a: God.|Kingambit, M|100\/100\n|-damage|p2a: God.|94\/100|[from] Stealth Rock\n|-activate|p2a: God.|ability: Supreme Overlord\n|-start|p2a: God.|fallen2|[silent]\n|turn|9\n|\n|t:|1700710015\n|-terastallize|p1a: \u5251\u9c7c|Water\n|move|p2a: God.|Sucker Punch|p1a: \u5251\u9c7c\n|-damage|p1a: \u5251\u9c7c|0 fnt\n|faint|p1a: \u5251\u9c7c\n|-damage|p2a: God.|84\/100|[from] item: Life Orb\n|\n|-weather|RainDance|[upkeep]\n|upkeep\n|\n|t:|1700710021\n|switch|p1a: \u7ba1\u98ce\u7434|Scizor, M|45\/100 brn\n|-damage|p1a: \u7ba1\u98ce\u7434|33\/100 brn|[from] Stealth Rock\n|turn|10\n|\n|t:|1700710026\n|move|p2a: God.|Sucker Punch|p1a: \u7ba1\u98ce\u7434\n|-damage|p1a: \u7ba1\u98ce\u7434|0 fnt\n|faint|p1a: \u7ba1\u98ce\u7434\n|-damage|p2a: God.|74\/100|[from] item: Life Orb\n|\n|-weather|RainDance|[upkeep]\n|upkeep\n|\n|t:|1700710034\n|switch|p1a: \u66b4\u98ce|Zapdos|100\/100\n|-ability|p1a: \u66b4\u98ce|Pressure\n|turn|11\n|\n|t:|1700710040\n|-terastallize|p2a: God.|Dark\n|move|p2a: God.|Sucker Punch|p1a: \u66b4\u98ce\n|-damage|p1a: \u66b4\u98ce|19\/100\n|-damage|p2a: God.|64\/100|[from] item: Life Orb\n|move|p1a: \u66b4\u98ce|Thunder|p2a: God.\n|-damage|p2a: God.|15\/100\n|-status|p2a: God.|par\n|\n|-weather|RainDance|[upkeep]\n|upkeep\n|turn|12\n|\n|t:|1700710051\n|move|p1a: \u66b4\u98ce|Roost|p1a: \u66b4\u98ce\n|-heal|p1a: \u66b4\u98ce|70\/100\n|-singleturn|p1a: \u66b4\u98ce|move: Roost\n|move|p2a: God.|Kowtow Cleave|p1a: \u66b4\u98ce\n|-damage|p1a: \u66b4\u98ce|0 fnt\n|faint|p1a: \u66b4\u98ce\n|-damage|p2a: God.|5\/100 par|[from] item: Life Orb\n|\n|-weather|none\n|upkeep\n|\n|t:|1700710057\n|switch|p1a: \u51b7\u96e8|Greninja, M|100\/100\n|-damage|p1a: \u51b7\u96e8|88\/100|[from] Stealth Rock\n|turn|13\n|c| Umbre test|God plays\n|\n|t:|1700710062\n|-end|p2a: God.|fallen2|[silent]\n|switch|p2a: Blissey|Blissey, F|100\/100\n|-damage|p2a: Blissey|88\/100|[from] Stealth Rock\n|move|p1a: \u51b7\u96e8|Water Shuriken|p2a: Blissey\n|-damage|p2a: Blissey|85\/100\n|-damage|p2a: Blissey|81\/100\n|-damage|p2a: Blissey|78\/100\n|-damage|p2a: Blissey|74\/100\n|-damage|p2a: Blissey|70\/100\n|-hitcount|p2a: Blissey|5\n|\n|upkeep\n|turn|14\n|\n|t:|1700710070\n|move|p1a: \u51b7\u96e8|Dark Pulse|p2a: Blissey\n|-damage|p2a: Blissey|57\/100\n|move|p2a: Blissey|Thunderbolt|p1a: \u51b7\u96e8\n|-supereffective|p1a: \u51b7\u96e8\n|-damage|p1a: \u51b7\u96e8|20\/100\n|\n|upkeep\n|turn|15\n|-message|roamflag forfeited.\n|\n|win|mathismathin\n|raw|roamflag's rating: 1622 &rarr; <strong>1604<\/strong><br \/>(-18 for losing)\n|raw|mathismathin's rating: 1664 &rarr; <strong>1682<\/strong><br \/>(+18 for winning)\n|c|\u2606mathismathin|owned\n|c|\u2606mathismathin|gg\n|l|\u2606roamflag\n|l|\u2606mathismathin\n|l| quesitoooo\n","uploadtime":1700710083,"views":17,"p1id":"roamflag","p2id":"mathismathin","formatid":"gen9ou","rating":1604,"private":0,"password":""}