{"id":"gen9ou-1998354971","p1":"RSDPM","p2":"tenk ju ju es ej","format":"[Gen 9] OU","log":"|j|\u2606RSDPM\n|j|\u2606tenk ju ju es ej\n|t:|1700933042\n|gametype|singles\n|player|p1|RSDPM|riley|1358\n|player|p2|tenk ju ju es ej|giovanni|1301\n|teamsize|p1|6\n|teamsize|p2|6\n|gen|9\n|tier|[Gen 9] OU\n|rated|\n|rule|Sleep Clause Mod: Limit one foe put to sleep\n|rule|Species Clause: Limit one of each Pok\u00e9mon\n|rule|OHKO Clause: OHKO moves are banned\n|rule|Evasion Items Clause: Evasion items are banned\n|rule|Evasion Moves Clause: Evasion moves are banned\n|rule|Endless Battle Clause: Forcing endless battles is banned\n|rule|HP Percentage Mod: HP is shown in percentages\n|clearpoke\n|poke|p1|Arcanine-Hisui, F|\n|poke|p1|Electrode-Hisui|\n|poke|p1|Lilligant-Hisui, F|\n|poke|p1|Zoroark-Hisui, M|\n|poke|p1|Braviary-Hisui, M|\n|poke|p1|Avalugg-Hisui, F|\n|poke|p2|Glimmora, M|\n|poke|p2|Zamazenta-*|\n|poke|p2|Iron Valiant|\n|poke|p2|Iron Moth|\n|poke|p2|Kingambit, M|\n|poke|p2|Ogerpon-Wellspring, F|\n|teampreview\n|\n|t:|1700933047\n|start\n|switch|p1a: Avalugg|Avalugg-Hisui, F|100\/100\n|switch|p2a: Glimmora|Glimmora, M|100\/100\n|turn|1\n|inactive|Battle timer is ON: inactive players will automatically lose when time's up. (requested by RSDPM)\n|\n|t:|1700933054\n|move|p2a: Glimmora|Stealth Rock|p1a: Avalugg\n|-sidestart|p1: RSDPM|move: Stealth Rock\n|move|p1a: Avalugg|Gyro Ball|p2a: Glimmora\n|-supereffective|p2a: Glimmora\n|-damage|p2a: Glimmora|11\/100\n|-activate|p2a: Glimmora|ability: Toxic Debris\n|-sidestart|p1: RSDPM|move: Toxic Spikes\n|\n|upkeep\n|turn|2\n|\n|t:|1700933070\n|move|p2a: Glimmora|Earth Power|p1a: Avalugg\n|-supereffective|p1a: Avalugg\n|-ability|p1a: Avalugg|Sturdy\n|-damage|p1a: Avalugg|1\/100\n|move|p1a: Avalugg|Rapid Spin|p2a: Glimmora\n|-resisted|p2a: Glimmora\n|-damage|p2a: Glimmora|0 fnt\n|-boost|p1a: Avalugg|spe|1\n|-activate|p2a: Glimmora|ability: Toxic Debris\n|-sidestart|p1: RSDPM|move: Toxic Spikes\n|-sideend|p1: RSDPM|Toxic Spikes|[from] move: Rapid Spin|[of] p1a: Avalugg\n|-sideend|p1: RSDPM|Stealth Rock|[from] move: Rapid Spin|[of] p1a: Avalugg\n|faint|p2a: Glimmora\n|\n|upkeep\n|\n|t:|1700933080\n|switch|p2a: Iron Moth|Iron Moth|100\/100\n|-enditem|p2a: Iron Moth|Booster Energy\n|-activate|p2a: Iron Moth|ability: Quark Drive|[fromitem]\n|-start|p2a: Iron Moth|quarkdrivespe\n|turn|3\n|\n|t:|1700933087\n|switch|p1a: Arcanine|Arcanine-Hisui, F|100\/100\n|move|p2a: Iron Moth|Fiery Dance|p1a: Arcanine\n|-resisted|p1a: Arcanine\n|-damage|p1a: Arcanine|92\/100\n|-boost|p2a: Iron Moth|spa|1\n|\n|upkeep\n|turn|4\n|\n|t:|1700933097\n|move|p2a: Iron Moth|Sludge Wave|p1a: Arcanine\n|-resisted|p1a: Arcanine\n|-damage|p1a: Arcanine|62\/100\n|move|p1a: Arcanine|Flare Blitz|p2a: Iron Moth\n|-resisted|p2a: Iron Moth\n|-damage|p2a: Iron Moth|58\/100\n|\n|upkeep\n|turn|5\n|\n|t:|1700933105\n|move|p2a: Iron Moth|Fiery Dance|p1a: Arcanine\n|-resisted|p1a: Arcanine\n|-damage|p1a: Arcanine|49\/100\n|move|p1a: Arcanine|Flare Blitz|p2a: Iron Moth\n|-resisted|p2a: Iron Moth\n|-damage|p2a: Iron Moth|15\/100\n|\n|upkeep\n|turn|6\n|\n|t:|1700933113\n|move|p1a: Arcanine|Extreme Speed|p2a: Iron Moth\n|-damage|p2a: Iron Moth|0 fnt\n|faint|p2a: Iron Moth\n|-end|p2a: Iron Moth|Quark Drive|[silent]\n|\n|upkeep\n|\n|t:|1700933115\n|switch|p2a: Zamazenta|Zamazenta|100\/100\n|-ability|p2a: Zamazenta|Dauntless Shield|boost\n|-boost|p2a: Zamazenta|def|1\n|turn|7\n|\n|t:|1700933124\n|switch|p1a: Avalugg|Avalugg-Hisui, F|100\/100\n|move|p2a: Zamazenta|Body Press|p1a: Avalugg\n|-immune|p1a: Avalugg\n|\n|upkeep\n|turn|8\n|\n|t:|1700933146\n|move|p1a: Avalugg|Bitter Malice|p2a: Zamazenta\n|-damage|p2a: Zamazenta|67\/100\n|-unboost|p2a: Zamazenta|atk|1\n|move|p2a: Zamazenta|Crunch|p1a: Avalugg\n|-supereffective|p1a: Avalugg\n|-damage|p1a: Avalugg|16\/100\n|-unboost|p1a: Avalugg|def|1\n|replace|p1a: Zoroark|Zoroark-Hisui, M\n|-end|p1a: Zoroark|Illusion\n|\n|-heal|p2a: Zamazenta|73\/100|[from] item: Leftovers\n|upkeep\n|turn|9\n|c|\u2606tenk ju ju es ej|team preview ruined this poor man\n|\n|t:|1700933163\n|switch|p1a: Avalugg|Avalugg-Hisui, F|1\/100\n|move|p2a: Zamazenta|Crunch|p1a: Avalugg\n|-damage|p1a: Avalugg|0 fnt\n|-damage|p2a: Zamazenta|57\/100|[from] item: Rocky Helmet|[of] p1a: Avalugg\n|faint|p1a: Avalugg\n|\n|-heal|p2a: Zamazenta|63\/100|[from] item: Leftovers\n|upkeep\n|\n|t:|1700933176\n|switch|p1a: Electrode|Electrode-Hisui|100\/100\n|turn|10\n|\n|t:|1700933187\n|move|p1a: Electrode|Thunderbolt|p2a: Zamazenta\n|-damage|p2a: Zamazenta|19\/100\n|move|p2a: Zamazenta|Body Press|p1a: Electrode\n|-damage|p1a: Electrode|13\/100\n|\n|-heal|p2a: Zamazenta|25\/100|[from] item: Leftovers\n|upkeep\n|turn|11\n|\n|t:|1700933191\n|move|p1a: Electrode|Thunderbolt|p2a: Zamazenta\n|-damage|p2a: Zamazenta|0 fnt\n|faint|p2a: Zamazenta\n|\n|upkeep\n|\n|t:|1700933194\n|switch|p2a: Iron Valiant|Iron Valiant|100\/100\n|-enditem|p2a: Iron Valiant|Booster Energy\n|-activate|p2a: Iron Valiant|ability: Quark Drive|[fromitem]\n|-start|p2a: Iron Valiant|quarkdrivespe\n|turn|12\n|l|\u2606tenk ju ju es ej\n|inactive|tenk ju ju es ej disconnected and has a minute to reconnect!\n|player|p2|\n|inactive|RSDPM has 120 seconds left.\n|\n|t:|1700933230\n|switch|p1a: Electrode|Electrode-Hisui|16\/100\n|move|p2a: Iron Valiant|Moonblast|p1a: Electrode\n|-damage|p1a: Electrode|0 fnt\n|replace|p1a: Zoroark|Zoroark-Hisui, M\n|-end|p1a: Zoroark|Illusion\n|faint|p1a: Zoroark\n|\n|upkeep\n|j|\u2606tenk ju ju es ej\n|inactive|tenk ju ju es ej reconnected.\n|player|p2|tenk ju ju es ej|giovanni\n|\n|t:|1700933239\n|switch|p1a: Braviary|Braviary-Hisui, M|100\/100\n|turn|13\n|inactive|RSDPM has 120 seconds left.\n|\n|t:|1700933245\n|-terastallize|p2a: Iron Valiant|Electric\n|move|p2a: Iron Valiant|Thunderbolt|p1a: Braviary\n|-supereffective|p1a: Braviary\n|-damage|p1a: Braviary|11\/100\n|move|p1a: Braviary|Air Slash|p2a: Iron Valiant\n|-resisted|p2a: Iron Valiant\n|-damage|p2a: Iron Valiant|22\/100\n|\n|upkeep\n|turn|14\n|inactive|RSDPM has 120 seconds left.\n|\n|t:|1700933266\n|move|p1a: Braviary|Vacuum Wave|p2a: Iron Valiant\n|-damage|p2a: Iron Valiant|0 fnt\n|faint|p2a: Iron Valiant\n|-end|p2a: Iron Valiant|Quark Drive|[silent]\n|\n|upkeep\n|\n|t:|1700933269\n|switch|p2a: Ogerpon|Ogerpon-Wellspring, F|100\/100\n|turn|15\n|inactive|RSDPM has 120 seconds left.\n|\n|t:|1700933294\n|switch|p1a: Arcanine|Arcanine-Hisui, F|49\/100\n|move|p2a: Ogerpon|Ivy Cudgel|p1a: Arcanine|[anim] Ivy Cudgel Water\n|-supereffective|p1a: Arcanine\n|-damage|p1a: Arcanine|0 fnt\n|faint|p1a: Arcanine\n|\n|upkeep\n|\n|t:|1700933312\n|switch|p1a: Electrode|Electrode-Hisui|13\/100\n|turn|16\n|\n|t:|1700933321\n|move|p1a: Electrode|Chloroblast|p2a: Ogerpon\n|-damage|p2a: Ogerpon|10\/100\n|-damage|p1a: Electrode|0 fnt|[from] Recoil\n|faint|p1a: Electrode\n|move|p2a: Ogerpon|Ivy Cudgel|p1: Electrode|[notarget]\n|-fail|p2a: Ogerpon\n|\n|upkeep\n|\n|t:|1700933331\n|switch|p1a: Braviary|Braviary-Hisui, M|11\/100\n|turn|17\n|\n|t:|1700933335\n|move|p1a: Braviary|Vacuum Wave|p2a: Ogerpon\n|-damage|p2a: Ogerpon|0 fnt\n|faint|p2a: Ogerpon\n|\n|upkeep\n|\n|t:|1700933336\n|switch|p2a: Kingambit|Kingambit, M|100\/100\n|-activate|p2a: Kingambit|ability: Supreme Overlord\n|-start|p2a: Kingambit|fallen5|[silent]\n|turn|18\n|inactive|RSDPM has 120 seconds left.\n|\n|t:|1700933345\n|move|p1a: Braviary|Vacuum Wave|p2a: Kingambit\n|-supereffective|p2a: Kingambit\n|-damage|p2a: Kingambit|38\/100\n|move|p2a: Kingambit|Kowtow Cleave|p1a: Braviary\n|-supereffective|p1a: Braviary\n|-damage|p1a: Braviary|0 fnt\n|faint|p1a: Braviary\n|\n|-heal|p2a: Kingambit|44\/100|[from] item: Leftovers\n|upkeep\n|-message|tenk ju ju es ej forfeited.\n|\n|win|RSDPM\n|raw|RSDPM's rating: 1358 &rarr; <strong>1375<\/strong><br \/>(+17 for winning)\n|raw|tenk ju ju es ej's rating: 1301 &rarr; <strong>1284<\/strong><br \/>(-17 for losing)\n|l|\u2606tenk ju ju es ej\n","uploadtime":1700933365,"views":2,"p1id":"rsdpm","p2id":"tenkjujuesej","formatid":"gen9ou","rating":1284,"private":0,"password":""}