{"id":"gen9ou-1997335274","p1":"Xenosi","p2":"Jiriqtong","format":"[Gen 9] OU","log":"|j|\u2606Xenosi\n|j|\u2606Jiriqtong\n|t:|1700790880\n|gametype|singles\n|player|p1|Xenosi|102|1358\n|player|p2|Jiriqtong|pryce|1463\n|teamsize|p1|6\n|teamsize|p2|6\n|gen|9\n|tier|[Gen 9] OU\n|rated|\n|rule|Sleep Clause Mod: Limit one foe put to sleep\n|rule|Species Clause: Limit one of each Pok\u00e9mon\n|rule|OHKO Clause: OHKO moves are banned\n|rule|Evasion Items Clause: Evasion items are banned\n|rule|Evasion Moves Clause: Evasion moves are banned\n|rule|Endless Battle Clause: Forcing endless battles is banned\n|rule|HP Percentage Mod: HP is shown in percentages\n|clearpoke\n|poke|p1|Kingambit, M|\n|poke|p1|Glimmora, F|\n|poke|p1|Zamazenta-*|\n|poke|p1|Iron Valiant|\n|poke|p1|Iron Moth|\n|poke|p1|Ogerpon-Wellspring, F|\n|poke|p2|Amoonguss, F|\n|poke|p2|Dondozo, F|\n|poke|p2|Blissey, F|\n|poke|p2|Clefable, F|\n|poke|p2|Ceruledge, M|\n|poke|p2|Weezing-Galar, M|\n|teampreview\n|\n|t:|1700790896\n|start\n|switch|p1a: Iron Moth|Iron Moth|100\/100\n|switch|p2a: Blissey|Blissey, F|100\/100\n|-enditem|p1a: Iron Moth|Booster Energy\n|-activate|p1a: Iron Moth|ability: Quark Drive|[fromitem]\n|-start|p1a: Iron Moth|quarkdrivespe\n|turn|1\n|\n|t:|1700790903\n|move|p1a: Iron Moth|Fiery Dance|p2a: Blissey\n|-damage|p2a: Blissey|88\/100\n|move|p2a: Blissey|Calm Mind|p2a: Blissey\n|-boost|p2a: Blissey|spa|1\n|-boost|p2a: Blissey|spd|1\n|\n|upkeep\n|turn|2\n|\n|t:|1700790909\n|-end|p1a: Iron Moth|Quark Drive|[silent]\n|switch|p1a: Zamazenta|Zamazenta|100\/100\n|-ability|p1a: Zamazenta|Dauntless Shield|boost\n|-boost|p1a: Zamazenta|def|1\n|move|p2a: Blissey|Shadow Ball|p1a: Zamazenta\n|-damage|p1a: Zamazenta|80\/100\n|\n|-heal|p1a: Zamazenta|86\/100|[from] item: Leftovers\n|upkeep\n|turn|3\n|\n|t:|1700790919\n|switch|p2a: Amoonguss|Amoonguss, F|100\/100\n|move|p1a: Zamazenta|Iron Defense|p1a: Zamazenta\n|-boost|p1a: Zamazenta|def|2\n|\n|-heal|p1a: Zamazenta|92\/100|[from] item: Leftovers\n|upkeep\n|turn|4\n|\n|t:|1700790925\n|move|p1a: Zamazenta|Stone Edge|p2a: Amoonguss|[miss]\n|-miss|p1a: Zamazenta|p2a: Amoonguss\n|move|p2a: Amoonguss|Clear Smog|p1a: Zamazenta\n|-damage|p1a: Zamazenta|78\/100\n|-clearboost|p1a: Zamazenta\n|\n|-heal|p1a: Zamazenta|84\/100|[from] item: Leftovers\n|upkeep\n|turn|5\n|\n|t:|1700790933\n|move|p1a: Zamazenta|Stone Edge|p2a: Amoonguss\n|-damage|p2a: Amoonguss|77\/100\n|move|p2a: Amoonguss|Spore|p1a: Zamazenta\n|-status|p1a: Zamazenta|slp|[from] move: Spore\n|\n|-heal|p1a: Zamazenta|91\/100 slp|[from] item: Leftovers\n|upkeep\n|turn|6\n|\n|t:|1700790941\n|switch|p1a: Iron Moth|Iron Moth|100\/100\n|switch|p2a: Clefable|Clefable, F|100\/100\n|\n|upkeep\n|turn|7\n|\n|t:|1700790948\n|switch|p2a: Ceruledge|Ceruledge, M|100\/100\n|-item|p2a: Ceruledge|Air Balloon\n|move|p1a: Iron Moth|Sludge Wave|p2a: Ceruledge\n|-resisted|p2a: Ceruledge\n|-damage|p2a: Ceruledge|83\/100\n|-enditem|p2a: Ceruledge|Air Balloon\n|\n|upkeep\n|turn|8\n|\n|t:|1700790957\n|-end|p1a: Iron Moth|Quark Drive|[silent]\n|switch|p1a: Ogerpon|Ogerpon-Wellspring, F|100\/100\n|move|p2a: Ceruledge|Will-O-Wisp|p1a: Ogerpon\n|-status|p1a: Ogerpon|brn\n|\n|-damage|p1a: Ogerpon|95\/100 brn|[from] brn\n|upkeep\n|turn|9\n|\n|t:|1700790965\n|switch|p2a: Amoonguss|Amoonguss, F|100\/100\n|-terastallize|p1a: Ogerpon|Water\n|detailschange|p1a: Ogerpon|Ogerpon-Wellspring-Tera, F, tera:Water\n|-ability|p1a: Ogerpon|Embody Aspect (Wellspring)|boost\n|-boost|p1a: Ogerpon|spd|1\n|move|p1a: Ogerpon|Ivy Cudgel|p2a: Amoonguss|[anim] Ivy Cudgel Water\n|-resisted|p2a: Amoonguss\n|-damage|p2a: Amoonguss|88\/100\n|\n|-damage|p1a: Ogerpon|89\/100 brn|[from] brn\n|upkeep\n|turn|10\n|\n|t:|1700790979\n|switch|p1a: Iron Moth|Iron Moth|100\/100\n|switch|p2a: Clefable|Clefable, F|100\/100\n|\n|upkeep\n|turn|11\n|\n|t:|1700790985\n|switch|p2a: Ceruledge|Ceruledge, M|83\/100\n|move|p1a: Iron Moth|Sludge Wave|p2a: Ceruledge\n|-resisted|p2a: Ceruledge\n|-damage|p2a: Ceruledge|65\/100\n|\n|upkeep\n|turn|12\n|\n|t:|1700791004\n|-end|p1a: Iron Moth|Quark Drive|[silent]\n|switch|p1a: Ogerpon|Ogerpon-Wellspring-Tera, F, tera:Water|89\/100 brn\n|-ability|p1a: Ogerpon|Embody Aspect (Wellspring)|boost\n|-boost|p1a: Ogerpon|spd|1\n|move|p2a: Ceruledge|Bitter Blade|p1a: Ogerpon\n|-resisted|p1a: Ogerpon\n|-damage|p1a: Ogerpon|65\/100 brn\n|-heal|p2a: Ceruledge|75\/100|[from] drain|[of] p1a: Ogerpon\n|\n|-damage|p1a: Ogerpon|59\/100 brn|[from] brn\n|upkeep\n|turn|13\n|\n|t:|1700791016\n|switch|p2a: Amoonguss|Amoonguss, F|100\/100\n|move|p1a: Ogerpon|Ivy Cudgel|p2a: Amoonguss|[anim] Ivy Cudgel Water\n|-resisted|p2a: Amoonguss\n|-damage|p2a: Amoonguss|87\/100\n|\n|-damage|p1a: Ogerpon|53\/100 brn|[from] brn\n|upkeep\n|turn|14\n|\n|t:|1700791024\n|switch|p1a: Iron Moth|Iron Moth|100\/100\n|move|p2a: Amoonguss|Foul Play|p1a: Iron Moth\n|-damage|p1a: Iron Moth|82\/100\n|\n|upkeep\n|turn|15\n|\n|t:|1700791031\n|switch|p2a: Blissey|Blissey, F|88\/100\n|move|p1a: Iron Moth|Fiery Dance|p2a: Blissey\n|-damage|p2a: Blissey|75\/100\n|-boost|p1a: Iron Moth|spa|1\n|\n|upkeep\n|turn|16\n|\n|t:|1700791039\n|move|p1a: Iron Moth|Sludge Wave|p2a: Blissey\n|-damage|p2a: Blissey|52\/100\n|move|p2a: Blissey|Calm Mind|p2a: Blissey\n|-boost|p2a: Blissey|spa|1\n|-boost|p2a: Blissey|spd|1\n|\n|upkeep\n|turn|17\n|\n|t:|1700791044\n|-end|p1a: Iron Moth|Quark Drive|[silent]\n|switch|p1a: Zamazenta|Zamazenta|91\/100 slp\n|move|p2a: Blissey|Soft-Boiled|p2a: Blissey\n|-heal|p2a: Blissey|100\/100\n|\n|-heal|p1a: Zamazenta|97\/100 slp|[from] item: Leftovers\n|upkeep\n|turn|18\n|\n|t:|1700791052\n|switch|p2a: Clefable|Clefable, F|100\/100\n|cant|p1a: Zamazenta|slp\n|\n|-heal|p1a: Zamazenta|100\/100 slp|[from] item: Leftovers\n|upkeep\n|turn|19\n|\n|t:|1700791064\n|switch|p1a: Glimmora|Glimmora, F|100\/100\n|move|p2a: Clefable|Knock Off|p1a: Glimmora\n|-damage|p1a: Glimmora|82\/100\n|-activate|p1a: Glimmora|ability: Toxic Debris\n|-sidestart|p2: Jiriqtong|move: Toxic Spikes\n|-enditem|p1a: Glimmora|Focus Sash|[from] move: Knock Off|[of] p2a: Clefable\n|\n|upkeep\n|turn|20\n|\n|t:|1700791073\n|switch|p2a: Weezing|Weezing-Galar, M|100\/100\n|-ability|p2a: Weezing|Neutralizing Gas\n|-sideend|p2: Jiriqtong|move: Toxic Spikes|[of] p2a: Weezing\n|move|p1a: Glimmora|Mortal Spin|p2a: Weezing\n|-damage|p2a: Weezing|95\/100\n|\n|upkeep\n|turn|21\n|\n|t:|1700791080\n|move|p1a: Glimmora|Earth Power|p2a: Weezing\n|-supereffective|p2a: Weezing\n|-damage|p2a: Weezing|25\/100\n|move|p2a: Weezing|Will-O-Wisp|p1a: Glimmora\n|-status|p1a: Glimmora|brn\n|\n|-damage|p1a: Glimmora|76\/100 brn|[from] brn\n|upkeep\n|turn|22\n|\n|t:|1700791087\n|-end|p2a: Weezing|ability: Neutralizing Gas\n|switch|p2a: Blissey|Blissey, F|100\/100\n|move|p1a: Glimmora|Earth Power|p2a: Blissey\n|-damage|p2a: Blissey|91\/100\n|\n|-damage|p1a: Glimmora|70\/100 brn|[from] brn\n|upkeep\n|turn|23\n|\n|t:|1700791097\n|move|p1a: Glimmora|Mortal Spin|p2a: Blissey\n|-damage|p2a: Blissey|87\/100\n|-status|p2a: Blissey|psn\n|move|p2a: Blissey|Shadow Ball|p1a: Glimmora\n|-damage|p1a: Glimmora|49\/100 brn\n|\n|-damage|p2a: Blissey|75\/100 psn|[from] psn\n|-damage|p1a: Glimmora|43\/100 brn|[from] brn\n|upkeep\n|turn|24\n|\n|t:|1700791106\n|switch|p1a: Zamazenta|Zamazenta|100\/100 slp\n|move|p2a: Blissey|Shadow Ball|p1a: Zamazenta\n|-damage|p1a: Zamazenta|88\/100 slp\n|\n|-heal|p1a: Zamazenta|94\/100 slp|[from] item: Leftovers\n|-damage|p2a: Blissey|63\/100 psn|[from] psn\n|upkeep\n|turn|25\n|\n|t:|1700791114\n|-curestatus|p2a: Blissey|psn|[from] ability: Natural Cure\n|switch|p2a: Weezing|Weezing-Galar, M|25\/100\n|-ability|p2a: Weezing|Neutralizing Gas\n|cant|p1a: Zamazenta|slp\n|\n|-heal|p1a: Zamazenta|99\/100 slp|[from] item: Leftovers\n|upkeep\n|turn|26\n|\n|t:|1700791128\n|switch|p1a: Glimmora|Glimmora, F|43\/100 brn\n|move|p2a: Weezing|Pain Split|p1a: Glimmora\n|-sethp|p1a: Glimmora|35\/100 brn|[from] move: Pain Split|[silent]\n|-sethp|p2a: Weezing|32\/100|[from] move: Pain Split\n|\n|-damage|p1a: Glimmora|29\/100 brn|[from] brn\n|upkeep\n|turn|27\n|\n|t:|1700791139\n|-end|p2a: Weezing|ability: Neutralizing Gas\n|switch|p2a: Amoonguss|Amoonguss, F|100\/100\n|move|p1a: Glimmora|Earth Power|p2a: Amoonguss\n|-damage|p2a: Amoonguss|69\/100\n|\n|-damage|p1a: Glimmora|22\/100 brn|[from] brn\n|upkeep\n|turn|28\n|\n|t:|1700791150\n|switch|p2a: Blissey|Blissey, F|63\/100\n|move|p1a: Glimmora|Power Gem|p2a: Blissey\n|-damage|p2a: Blissey|50\/100\n|\n|-damage|p1a: Glimmora|16\/100 brn|[from] brn\n|upkeep\n|turn|29\n|\n|t:|1700791161\n|switch|p1a: Zamazenta|Zamazenta|99\/100 slp\n|move|p2a: Blissey|Soft-Boiled|p2a: Blissey\n|-heal|p2a: Blissey|99\/100\n|\n|-heal|p1a: Zamazenta|100\/100 slp|[from] item: Leftovers\n|upkeep\n|turn|30\n|\n|t:|1700791167\n|switch|p2a: Amoonguss|Amoonguss, F|100\/100\n|cant|p1a: Zamazenta|slp\n|\n|upkeep\n|turn|31\n|\n|t:|1700791173\n|-curestatus|p1a: Zamazenta|slp|[msg]\n|move|p1a: Zamazenta|Iron Defense|p1a: Zamazenta\n|-boost|p1a: Zamazenta|def|2\n|move|p2a: Amoonguss|Foul Play|p1a: Zamazenta\n|-resisted|p1a: Zamazenta\n|-damage|p1a: Zamazenta|94\/100\n|\n|-heal|p1a: Zamazenta|99\/100|[from] item: Leftovers\n|upkeep\n|turn|32\n|\n|t:|1700791181\n|move|p1a: Zamazenta|Body Press|p2a: Amoonguss\n|-resisted|p2a: Amoonguss\n|-damage|p2a: Amoonguss|78\/100\n|-damage|p1a: Zamazenta|83\/100|[from] item: Rocky Helmet|[of] p2a: Amoonguss\n|move|p2a: Amoonguss|Clear Smog|p1a: Zamazenta\n|-damage|p1a: Zamazenta|68\/100\n|-clearboost|p1a: Zamazenta\n|\n|-heal|p1a: Zamazenta|74\/100|[from] item: Leftovers\n|upkeep\n|turn|33\n|\n|t:|1700791192\n|move|p1a: Zamazenta|Stone Edge|p2a: Amoonguss\n|-damage|p2a: Amoonguss|55\/100\n|move|p2a: Amoonguss|Spore|p1a: Zamazenta\n|-status|p1a: Zamazenta|slp|[from] move: Spore\n|\n|-heal|p1a: Zamazenta|80\/100 slp|[from] item: Leftovers\n|upkeep\n|turn|34\n|\n|t:|1700791198\n|switch|p2a: Weezing|Weezing-Galar, M|32\/100\n|-ability|p2a: Weezing|Neutralizing Gas\n|cant|p1a: Zamazenta|slp\n|\n|-heal|p1a: Zamazenta|87\/100 slp|[from] item: Leftovers\n|upkeep\n|turn|35\n|\n|t:|1700791205\n|switch|p1a: Glimmora|Glimmora, F|16\/100 brn\n|-end|p2a: Weezing|ability: Neutralizing Gas\n|switch|p2a: Ceruledge|Ceruledge, M|75\/100\n|\n|-damage|p1a: Glimmora|10\/100 brn|[from] brn\n|upkeep\n|turn|36\n|\n|t:|1700791213\n|move|p2a: Ceruledge|Shadow Sneak|p1a: Glimmora\n|-damage|p1a: Glimmora|0 fnt\n|-activate|p1a: Glimmora|ability: Toxic Debris\n|-sidestart|p2: Jiriqtong|move: Toxic Spikes\n|faint|p1a: Glimmora\n|\n|upkeep\n|\n|t:|1700791218\n|switch|p1a: Kingambit|Kingambit, M|100\/100\n|-activate|p1a: Kingambit|ability: Supreme Overlord\n|-start|p1a: Kingambit|fallen1|[silent]\n|turn|37\n|\n|t:|1700791224\n|switch|p2a: Amoonguss|Amoonguss, F|88\/100\n|-sideend|p2: Jiriqtong|move: Toxic Spikes|[of] p2a: Amoonguss\n|-end|p1a: Kingambit|fallen1|[silent]\n|switch|p1a: Ogerpon|Ogerpon-Wellspring-Tera, F, tera:Water|53\/100 brn\n|-ability|p1a: Ogerpon|Embody Aspect (Wellspring)|boost\n|-boost|p1a: Ogerpon|spd|1\n|\n|-damage|p1a: Ogerpon|47\/100 brn|[from] brn\n|upkeep\n|turn|38\n|\n|t:|1700791234\n|switch|p1a: Zamazenta|Zamazenta|87\/100 slp\n|move|p2a: Amoonguss|Foul Play|p1a: Zamazenta\n|-resisted|p1a: Zamazenta\n|-crit|p1a: Zamazenta\n|-damage|p1a: Zamazenta|67\/100 slp\n|\n|-heal|p1a: Zamazenta|73\/100 slp|[from] item: Leftovers\n|upkeep\n|turn|39\n|\n|t:|1700791242\n|switch|p2a: Clefable|Clefable, F|100\/100\n|cant|p1a: Zamazenta|slp\n|\n|-heal|p1a: Zamazenta|79\/100 slp|[from] item: Leftovers\n|upkeep\n|turn|40\n|\n|t:|1700791249\n|switch|p1a: Iron Moth|Iron Moth|82\/100\n|move|p2a: Clefable|Stealth Rock|p1a: Iron Moth\n|-sidestart|p1: Xenosi|move: Stealth Rock\n|\n|upkeep\n|turn|41\n|\n|t:|1700791255\n|switch|p2a: Ceruledge|Ceruledge, M|75\/100\n|move|p1a: Iron Moth|Sludge Wave|p2a: Ceruledge\n|-resisted|p2a: Ceruledge\n|-damage|p2a: Ceruledge|57\/100\n|\n|upkeep\n|turn|42\n|\n|t:|1700791263\n|move|p1a: Iron Moth|Fiery Dance|p2a: Ceruledge\n|-start|p2a: Ceruledge|ability: Flash Fire\n|move|p2a: Ceruledge|Swords Dance|p2a: Ceruledge\n|-boost|p2a: Ceruledge|atk|2\n|\n|upkeep\n|turn|43\n|\n|t:|1700791270\n|-end|p1a: Iron Moth|Quark Drive|[silent]\n|switch|p1a: Ogerpon|Ogerpon-Wellspring-Tera, F, tera:Water|47\/100 brn\n|-damage|p1a: Ogerpon|35\/100 brn|[from] Stealth Rock\n|-ability|p1a: Ogerpon|Embody Aspect (Wellspring)|boost\n|-boost|p1a: Ogerpon|spd|1\n|move|p2a: Ceruledge|Bitter Blade|p1a: Ogerpon\n|-resisted|p1a: Ogerpon\n|-damage|p1a: Ogerpon|0 fnt\n|-heal|p2a: Ceruledge|72\/100|[from] drain|[of] p1a: Ogerpon\n|faint|p1a: Ogerpon\n|\n|upkeep\n|\n|t:|1700791287\n|switch|p1a: Zamazenta|Zamazenta|79\/100 slp\n|-damage|p1a: Zamazenta|73\/100 slp|[from] Stealth Rock\n|turn|44\n|c|\u2606Jiriqtong|Ceruledge stall is not real\n|c|\u2606Jiriqtong|It can't hurt you\n|c|\u2606Xenosi|skull;\n|\n|t:|1700791308\n|-curestatus|p1a: Zamazenta|slp|[msg]\n|move|p1a: Zamazenta|Iron Defense|p1a: Zamazenta\n|-boost|p1a: Zamazenta|def|2\n|move|p2a: Ceruledge|Bitter Blade|p1a: Zamazenta\n|-damage|p1a: Zamazenta|21\/100\n|-heal|p2a: Ceruledge|96\/100|[from] drain|[of] p1a: Zamazenta\n|\n|-heal|p1a: Zamazenta|28\/100|[from] item: Leftovers\n|upkeep\n|turn|45\n|c|\u2606Xenosi|wp i suppose\n|\n|t:|1700791317\n|-end|p2a: Ceruledge|ability: Flash Fire|[silent]\n|switch|p2a: Amoonguss|Amoonguss, F|100\/100\n|move|p1a: Zamazenta|Crunch|p2a: Amoonguss\n|-damage|p2a: Amoonguss|83\/100\n|-damage|p1a: Zamazenta|11\/100|[from] item: Rocky Helmet|[of] p2a: Amoonguss\n|\n|-heal|p1a: Zamazenta|17\/100|[from] item: Leftovers\n|upkeep\n|turn|46\n|-message|Xenosi forfeited.\n|\n|win|Jiriqtong\n|raw|Xenosi's rating: 1358 &rarr; <strong>1344<\/strong><br \/>(-14 for losing)\n|raw|Jiriqtong's rating: 1463 &rarr; <strong>1477<\/strong><br \/>(+14 for winning)\n|l|\u2606Xenosi\n","uploadtime":1700792100,"views":6,"p1id":"xenosi","p2id":"jiriqtong","formatid":"gen9ou","rating":1344,"private":0,"password":""}