{"id":"gen9ou-1998011723","p1":"maybenotxand","p2":"Jo Seph GD","format":"[Gen 9] OU","log":"|j|\u2606maybenotxand\n|j|\u2606Jo Seph GD\n|t:|1700878767\n|gametype|singles\n|player|p1|maybenotxand|dawn|\n|player|p2|Jo Seph GD|hilbert-wonderlauncher|\n|teamsize|p1|6\n|teamsize|p2|6\n|gen|9\n|tier|[Gen 9] OU\n|rule|Sleep Clause Mod: Limit one foe put to sleep\n|rule|Species Clause: Limit one of each Pok\u00e9mon\n|rule|OHKO Clause: OHKO moves are banned\n|rule|Evasion Items Clause: Evasion items are banned\n|rule|Evasion Moves Clause: Evasion moves are banned\n|rule|Endless Battle Clause: Forcing endless battles is banned\n|rule|HP Percentage Mod: HP is shown in percentages\n|clearpoke\n|poke|p1|Ceruledge, M|\n|poke|p1|Meowscarada, F|\n|poke|p1|Torkoal, F|\n|poke|p1|Samurott-Hisui, M|\n|poke|p1|Scizor, M|\n|poke|p1|Iron Valiant|\n|poke|p2|Rillaboom, M|\n|poke|p2|Slowking-Galar, M|\n|poke|p2|Manaphy|\n|poke|p2|Pelipper, F|\n|poke|p2|Armarouge, F|\n|poke|p2|Landorus-Therian, M|\n|teampreview\n|\n|t:|1700878786\n|start\n|switch|p1a: Hot Turtle|Torkoal, F, shiny|100\/100\n|switch|p2a: Rillaboom|Rillaboom, M|100\/100\n|-fieldstart|move: Grassy Terrain|[from] ability: Grassy Surge|[of] p2a: Rillaboom\n|-weather|SunnyDay|[from] ability: Drought|[of] p1a: Hot Turtle\n|turn|1\n|\n|t:|1700878796\n|switch|p2a: Pelipper|Pelipper, F, shiny|100\/100\n|-weather|RainDance|[from] ability: Drizzle|[of] p2a: Pelipper\n|move|p1a: Hot Turtle|Stealth Rock|p2a: Pelipper\n|-sidestart|p2: Jo Seph GD|move: Stealth Rock\n|\n|-weather|RainDance|[upkeep]\n|upkeep\n|turn|2\n|\n|t:|1700878816\n|switch|p1a: Reaper|Scizor, M|100\/100\n|move|p2a: Pelipper|Surf|p1a: Reaper\n|-damage|p1a: Reaper|36\/100\n|\n|-weather|RainDance|[upkeep]\n|-heal|p1a: Reaper|42\/100|[from] Grassy Terrain\n|upkeep\n|turn|3\n|\n|t:|1700878827\n|move|p2a: Pelipper|Protect|p2a: Pelipper\n|-singleturn|p2a: Pelipper|Protect\n|move|p1a: Reaper|Tailwind|p1a: Reaper\n|-sidestart|p1: maybenotxand|move: Tailwind\n|\n|-weather|RainDance|[upkeep]\n|-heal|p1a: Reaper|48\/100|[from] Grassy Terrain\n|upkeep\n|turn|4\n|\n|t:|1700878839\n|move|p1a: Reaper|Bullet Punch|p2a: Pelipper\n|-resisted|p2a: Pelipper\n|-damage|p2a: Pelipper|82\/100\n|-damage|p1a: Reaper|38\/100|[from] item: Life Orb\n|move|p2a: Pelipper|Hurricane|p1a: Reaper\n|-damage|p1a: Reaper|0 fnt\n|faint|p1a: Reaper\n|\n|-weather|RainDance|[upkeep]\n|upkeep\n|\n|t:|1700878847\n|switch|p1a: L Pokemon|Meowscarada, F|100\/100\n|turn|5\n|\n|t:|1700878851\n|move|p1a: L Pokemon|Flower Trick|p2a: Pelipper\n|-start|p1a: L Pokemon|typechange|Grass|[from] ability: Protean\n|-crit|p2a: Pelipper\n|-damage|p2a: Pelipper|5\/100\n|move|p2a: Pelipper|U-turn|p1a: L Pokemon\n|-supereffective|p1a: L Pokemon\n|-damage|p1a: L Pokemon|75\/100\n|\n|t:|1700878865\n|switch|p2a: Slowking|Slowking-Galar, M, shiny|100\/100|[from] U-turn\n|-damage|p2a: Slowking|88\/100|[from] Stealth Rock\n|\n|-weather|RainDance|[upkeep]\n|-heal|p1a: L Pokemon|81\/100|[from] Grassy Terrain\n|-heal|p2a: Slowking|94\/100|[from] Grassy Terrain\n|-heal|p2a: Slowking|99\/100|[from] item: Black Sludge\n|-fieldend|move: Grassy Terrain\n|upkeep\n|turn|6\n|\n|t:|1700878877\n|switch|p1a: Hot Turtle|Torkoal, F, shiny|100\/100\n|-weather|SunnyDay|[from] ability: Drought|[of] p1a: Hot Turtle\n|move|p2a: Slowking|Toxic Spikes|p1a: Hot Turtle\n|-sidestart|p1: maybenotxand|move: Toxic Spikes\n|\n|-weather|SunnyDay|[upkeep]\n|-heal|p2a: Slowking|100\/100|[from] item: Black Sludge\n|-sideend|p1: maybenotxand|move: Tailwind\n|upkeep\n|turn|7\n|\n|t:|1700878905\n|switch|p2a: Landorus|Landorus-Therian, M, shiny|100\/100\n|-ability|p2a: Landorus|Intimidate|boost\n|-unboost|p1a: Hot Turtle|atk|1\n|move|p1a: Hot Turtle|Eruption|p2a: Landorus\n|-damage|p2a: Landorus|25\/100\n|\n|-weather|SunnyDay|[upkeep]\n|upkeep\n|turn|8\n|\n|t:|1700878928\n|move|p2a: Landorus|Protect|p2a: Landorus\n|-singleturn|p2a: Landorus|Protect\n|move|p1a: Hot Turtle|Eruption|p2a: Landorus\n|-activate|p2a: Landorus|move: Protect\n|\n|-weather|SunnyDay|[upkeep]\n|upkeep\n|turn|9\n|\n|t:|1700878937\n|switch|p2a: Manaphy|Manaphy|100\/100\n|-damage|p2a: Manaphy|88\/100|[from] Stealth Rock\n|move|p1a: Hot Turtle|Eruption|p2a: Manaphy\n|-resisted|p2a: Manaphy\n|-damage|p2a: Manaphy|53\/100\n|\n|-weather|SunnyDay|[upkeep]\n|upkeep\n|turn|10\n|\n|t:|1700878948\n|move|p2a: Manaphy|Scald|p1a: Hot Turtle\n|-supereffective|p1a: Hot Turtle\n|-damage|p1a: Hot Turtle|72\/100\n|move|p1a: Hot Turtle|Eruption|p2a: Manaphy\n|-resisted|p2a: Manaphy\n|-damage|p2a: Manaphy|29\/100\n|\n|-weather|SunnyDay|[upkeep]\n|upkeep\n|turn|11\n|\n|t:|1700878958\n|move|p2a: Manaphy|Protect|p2a: Manaphy\n|-singleturn|p2a: Manaphy|Protect\n|move|p1a: Hot Turtle|Will-O-Wisp|p2a: Manaphy\n|-activate|p2a: Manaphy|move: Protect\n|\n|-weather|SunnyDay|[upkeep]\n|upkeep\n|turn|12\n|\n|t:|1700878971\n|move|p2a: Manaphy|Light Screen|p2a: Manaphy\n|-sidestart|p2: Jo Seph GD|move: Light Screen\n|move|p1a: Hot Turtle|Will-O-Wisp|p2a: Manaphy\n|-status|p2a: Manaphy|brn\n|\n|-weather|SunnyDay|[upkeep]\n|-damage|p2a: Manaphy|22\/100 brn|[from] brn\n|upkeep\n|-enditem|p2a: Manaphy|Wiki Berry|[eat]\n|-heal|p2a: Manaphy|56\/100 brn|[from] item: Wiki Berry\n|turn|13\n|\n|t:|1700878985\n|switch|p1a: Piplott|Samurott-Hisui, M|100\/100\n|-status|p1a: Piplott|psn\n|move|p2a: Manaphy|Scald|p1a: Piplott\n|-resisted|p1a: Piplott\n|-damage|p1a: Piplott|88\/100 psn\n|\n|-weather|none\n|-damage|p1a: Piplott|76\/100 psn|[from] psn\n|-damage|p2a: Manaphy|49\/100 brn|[from] brn\n|upkeep\n|turn|14\n|\n|t:|1700879000\n|move|p2a: Manaphy|Energy Ball|p1a: Piplott\n|-supereffective|p1a: Piplott\n|-crit|p1a: Piplott\n|-damage|p1a: Piplott|0 fnt\n|faint|p1a: Piplott\n|\n|-damage|p2a: Manaphy|43\/100 brn|[from] brn\n|upkeep\n|\n|t:|1700879022\n|switch|p1a: Fryden|Ceruledge, M|100\/100\n|turn|15\n|\n|t:|1700879030\n|move|p1a: Fryden|Shadow Sneak|p2a: Manaphy\n|-damage|p2a: Manaphy|21\/100 brn\n|move|p2a: Manaphy|Scald|p1a: Fryden\n|-supereffective|p1a: Fryden\n|-damage|p1a: Fryden|13\/100\n|\n|-damage|p2a: Manaphy|15\/100 brn|[from] brn\n|upkeep\n|turn|16\n|\n|t:|1700879043\n|move|p2a: Manaphy|Protect|p2a: Manaphy\n|-singleturn|p2a: Manaphy|Protect\n|move|p1a: Fryden|Bitter Blade|p2a: Manaphy\n|-activate|p2a: Manaphy|move: Protect\n|\n|-damage|p2a: Manaphy|9\/100 brn|[from] brn\n|-sideend|p2: Jo Seph GD|move: Light Screen\n|upkeep\n|turn|17\n|\n|t:|1700879050\n|move|p1a: Fryden|Shadow Sneak|p2a: Manaphy\n|-damage|p2a: Manaphy|0 fnt\n|faint|p2a: Manaphy\n|\n|upkeep\n|\n|t:|1700879060\n|switch|p2a: Armarouge|Armarouge, F|100\/100\n|-damage|p2a: Armarouge|75\/100|[from] Stealth Rock\n|turn|18\n|\n|t:|1700879066\n|-terastallize|p2a: Armarouge|Ghost\n|move|p1a: Fryden|Shadow Sneak|p2a: Armarouge\n|-supereffective|p2a: Armarouge\n|-damage|p2a: Armarouge|33\/100\n|-ability|p2a: Armarouge|Weak Armor|boost\n|-unboost|p2a: Armarouge|def|1\n|-boost|p2a: Armarouge|spe|2\n|move|p2a: Armarouge|Tera Blast|p1a: Fryden|[anim] Tera Blast Ghost\n|-supereffective|p1a: Fryden\n|-damage|p1a: Fryden|0 fnt\n|faint|p1a: Fryden\n|\n|upkeep\n|\n|t:|1700879078\n|switch|p1a: L Pokemon|Meowscarada, F|81\/100\n|-status|p1a: L Pokemon|psn\n|turn|19\n|\n|t:|1700879092\n|switch|p2a: Slowking|Slowking-Galar, M, shiny|100\/100\n|-damage|p2a: Slowking|88\/100|[from] Stealth Rock\n|move|p1a: L Pokemon|Sucker Punch||[still]\n|-fail|p1a: L Pokemon\n|\n|-heal|p2a: Slowking|94\/100|[from] item: Black Sludge\n|-damage|p1a: L Pokemon|69\/100 psn|[from] psn\n|upkeep\n|turn|20\n|\n|t:|1700879106\n|move|p1a: L Pokemon|Sucker Punch|p2a: Slowking\n|-start|p1a: L Pokemon|typechange|Dark|[from] ability: Protean\n|-supereffective|p2a: Slowking\n|-damage|p2a: Slowking|0 fnt\n|faint|p2a: Slowking\n|\n|-damage|p1a: L Pokemon|57\/100 psn|[from] psn\n|upkeep\n|\n|t:|1700879117\n|switch|p2a: Rillaboom|Rillaboom, M|100\/100\n|-damage|p2a: Rillaboom|88\/100|[from] Stealth Rock\n|-fieldstart|move: Grassy Terrain|[from] ability: Grassy Surge|[of] p2a: Rillaboom\n|turn|21\n|\n|t:|1700879125\n|move|p1a: L Pokemon|Sucker Punch|p2a: Rillaboom\n|-damage|p2a: Rillaboom|37\/100\n|move|p2a: Rillaboom|Brick Break|p1a: L Pokemon\n|-supereffective|p1a: L Pokemon\n|-damage|p1a: L Pokemon|0 fnt\n|faint|p1a: L Pokemon\n|\n|-heal|p2a: Rillaboom|43\/100|[from] Grassy Terrain\n|-heal|p2a: Rillaboom|49\/100|[from] item: Leftovers\n|upkeep\n|\n|t:|1700879135\n|switch|p1a: Jetlag|Iron Valiant, shiny|100\/100\n|-status|p1a: Jetlag|psn\n|turn|22\n|\n|t:|1700879152\n|move|p1a: Jetlag|Shadow Ball|p2a: Rillaboom\n|-damage|p2a: Rillaboom|0 fnt\n|faint|p2a: Rillaboom\n|\n|-damage|p1a: Jetlag|88\/100 psn|[from] psn\n|upkeep\n|\n|t:|1700879159\n|switch|p2a: Landorus|Landorus-Therian, M, shiny|25\/100\n|-ability|p2a: Landorus|Intimidate|boost\n|-unboost|p1a: Jetlag|atk|1\n|turn|23\n|\n|t:|1700879177\n|move|p1a: Jetlag|Shadow Ball|p2a: Landorus\n|-damage|p2a: Landorus|0 fnt\n|faint|p2a: Landorus\n|\n|-heal|p1a: Jetlag|94\/100 psn|[from] Grassy Terrain\n|-damage|p1a: Jetlag|82\/100 psn|[from] psn\n|upkeep\n|\n|t:|1700879185\n|switch|p2a: Armarouge|Armarouge, F, tera:Ghost|33\/100\n|-damage|p2a: Armarouge|21\/100|[from] Stealth Rock\n|turn|24\n|\n|t:|1700879193\n|move|p1a: Jetlag|Shadow Ball|p2a: Armarouge\n|-supereffective|p2a: Armarouge\n|-damage|p2a: Armarouge|0 fnt\n|faint|p2a: Armarouge\n|\n|-heal|p1a: Jetlag|88\/100 psn|[from] Grassy Terrain\n|-damage|p1a: Jetlag|76\/100 psn|[from] psn\n|upkeep\n|\n|t:|1700879200\n|switch|p2a: Pelipper|Pelipper, F, shiny|5\/100\n|-damage|p2a: Pelipper|0 fnt|[from] Stealth Rock\n|faint|p2a: Pelipper\n|\n|win|maybenotxand\n|l|\u2606Jo Seph GD\n","uploadtime":1700879216,"views":3,"p1id":"maybenotxand","p2id":"josephgd","formatid":"gen9ou","rating":0,"private":0,"password":""}