{"id":"gen9ou-1995143633","p1":"warsame123","p2":"SpasDeUzi","format":"[Gen 9] OU","log":"|j|\u2606warsame123\n|j|\u2606SpasDeUzi\n|t:|1700527436\n|gametype|singles\n|player|p1|warsame123|169|1166\n|player|p2|SpasDeUzi|265|1158\n|teamsize|p1|6\n|teamsize|p2|6\n|gen|9\n|tier|[Gen 9] OU\n|rated|\n|rule|Sleep Clause Mod: Limit one foe put to sleep\n|rule|Species Clause: Limit one of each Pok\u00e9mon\n|rule|OHKO Clause: OHKO moves are banned\n|rule|Evasion Items Clause: Evasion items are banned\n|rule|Evasion Moves Clause: Evasion moves are banned\n|rule|Endless Battle Clause: Forcing endless battles is banned\n|rule|HP Percentage Mod: HP is shown in percentages\n|clearpoke\n|poke|p1|Garchomp, F|\n|poke|p1|Luxray, M|\n|poke|p1|Ribombee, M|\n|poke|p1|Infernape, M|\n|poke|p1|Lucario, M|\n|poke|p1|Hydreigon, F|\n|poke|p2|Meowscarada, M|\n|poke|p2|Maushold-Four|\n|poke|p2|Tyranitar, M|\n|poke|p2|Gyarados, F|\n|poke|p2|Iron Valiant|\n|poke|p2|Grimmsnarl, M|\n|teampreview\n|inactive|Battle timer is ON: inactive players will automatically lose when time's up. (requested by warsame123)\n|\n|t:|1700527441\n|start\n|switch|p1a: Ribombee|Ribombee, M|100\/100\n|switch|p2a: Grimmsnarl|Grimmsnarl, M, shiny|100\/100\n|turn|1\n|\n|t:|1700527444\n|move|p2a: Grimmsnarl|Taunt|p1a: Ribombee\n|-start|p1a: Ribombee|move: Taunt\n|cant|p1a: Ribombee|move: Taunt|Sticky Web\n|\n|upkeep\n|turn|2\n|\n|t:|1700527447\n|move|p2a: Grimmsnarl|Light Screen|p2a: Grimmsnarl\n|-sidestart|p2: SpasDeUzi|move: Light Screen\n|move|p1a: Ribombee|Moonblast|p2a: Grimmsnarl\n|-supereffective|p2a: Grimmsnarl\n|-damage|p2a: Grimmsnarl|69\/100\n|\n|upkeep\n|turn|3\n|\n|t:|1700527454\n|move|p2a: Grimmsnarl|Parting Shot|p1a: Ribombee\n|-unboost|p1a: Ribombee|atk|1\n|-unboost|p1a: Ribombee|spa|1\n|\n|t:|1700527455\n|switch|p2a: Gyarados|Gyarados, F|100\/100|[from] Parting Shot\n|move|p1a: Ribombee|Moonblast|p2a: Gyarados\n|-crit|p2a: Gyarados\n|-damage|p2a: Gyarados|38\/100\n|-unboost|p2a: Gyarados|spa|1\n|\n|-end|p1a: Ribombee|move: Taunt\n|upkeep\n|turn|4\n|\n|t:|1700527476\n|move|p1a: Ribombee|Moonblast|p2a: Gyarados\n|-damage|p2a: Gyarados|23\/100\n|-unboost|p2a: Gyarados|spa|1\n|move|p2a: Gyarados|Dragon Dance|p2a: Gyarados\n|-boost|p2a: Gyarados|atk|1\n|-boost|p2a: Gyarados|spe|1\n|\n|upkeep\n|turn|5\n|\n|t:|1700527483\n|move|p2a: Gyarados|Dragon Dance|p2a: Gyarados\n|-boost|p2a: Gyarados|atk|1\n|-boost|p2a: Gyarados|spe|1\n|move|p1a: Ribombee|Sticky Web|p2a: Gyarados\n|-sidestart|p2: SpasDeUzi|move: Sticky Web\n|\n|upkeep\n|turn|6\n|\n|t:|1700527488\n|move|p2a: Gyarados|Waterfall|p1a: Ribombee\n|-enditem|p1a: Ribombee|Focus Sash\n|-damage|p1a: Ribombee|1\/100\n|move|p1a: Ribombee|U-turn|p2a: Gyarados\n|-resisted|p2a: Gyarados\n|-damage|p2a: Gyarados|17\/100\n|\n|t:|1700527497\n|switch|p1a: Hydreigon|Hydreigon, F|100\/100|[from] U-turn\n|\n|upkeep\n|turn|7\n|\n|t:|1700527503\n|move|p2a: Gyarados|Scale Shot|p1a: Hydreigon\n|-supereffective|p1a: Hydreigon\n|-damage|p1a: Hydreigon|57\/100\n|-supereffective|p1a: Hydreigon\n|-damage|p1a: Hydreigon|15\/100\n|-enditem|p1a: Hydreigon|Sitrus Berry|[eat]\n|-heal|p1a: Hydreigon|39\/100|[from] item: Sitrus Berry\n|-supereffective|p1a: Hydreigon\n|-damage|p1a: Hydreigon|0 fnt\n|faint|p1a: Hydreigon\n|-ability|p2a: Gyarados|Moxie|boost\n|-boost|p2a: Gyarados|atk|1\n|-hitcount|p1: Hydreigon|3\n|-unboost|p2a: Gyarados|def|1\n|-boost|p2a: Gyarados|spe|1\n|\n|upkeep\n|\n|t:|1700527508\n|switch|p1a: Infernape|Infernape, M|100\/100\n|turn|8\n|\n|t:|1700527514\n|-terastallize|p1a: Infernape|Fighting\n|move|p1a: Infernape|Mach Punch|p2a: Gyarados\n|-resisted|p2a: Gyarados\n|-damage|p2a: Gyarados|0 fnt\n|faint|p2a: Gyarados\n|\n|upkeep\n|\n|t:|1700527520\n|switch|p2a: Grimmsnarl|Grimmsnarl, M, shiny|69\/100\n|-activate|p2a: Grimmsnarl|move: Sticky Web\n|-unboost|p2a: Grimmsnarl|spe|1\n|turn|9\n|\n|t:|1700527524\n|move|p2a: Grimmsnarl|Reflect|p2a: Grimmsnarl\n|-sidestart|p2: SpasDeUzi|Reflect\n|move|p1a: Infernape|Swords Dance|p1a: Infernape\n|-boost|p1a: Infernape|atk|2\n|\n|-sideend|p2: SpasDeUzi|move: Light Screen\n|upkeep\n|turn|10\n|\n|t:|1700527528\n|move|p2a: Grimmsnarl|Taunt|p1a: Infernape\n|-start|p1a: Infernape|move: Taunt\n|cant|p1a: Infernape|move: Taunt|Swords Dance\n|\n|upkeep\n|turn|11\n|\n|t:|1700527533\n|move|p2a: Grimmsnarl|Parting Shot|p1a: Infernape\n|-unboost|p1a: Infernape|atk|1\n|-unboost|p1a: Infernape|spa|1\n|\n|t:|1700527542\n|switch|p2a: Maushold|Maushold-Four, shiny|100\/100|[from] Parting Shot\n|-activate|p2a: Maushold|move: Sticky Web\n|-unboost|p2a: Maushold|spe|1\n|move|p1a: Infernape|Drain Punch|p2a: Maushold\n|-supereffective|p2a: Maushold\n|-damage|p2a: Maushold|0 fnt\n|faint|p2a: Maushold\n|\n|upkeep\n|\n|t:|1700527546\n|switch|p2a: Grimmsnarl|Grimmsnarl, M, shiny|69\/100\n|-activate|p2a: Grimmsnarl|move: Sticky Web\n|-unboost|p2a: Grimmsnarl|spe|1\n|turn|12\n|\n|t:|1700527551\n|move|p2a: Grimmsnarl|Parting Shot|p1a: Infernape\n|-unboost|p1a: Infernape|atk|1\n|-unboost|p1a: Infernape|spa|1\n|\n|t:|1700527554\n|switch|p2a: Iron Valiant|Iron Valiant|100\/100|[from] Parting Shot\n|-activate|p2a: Iron Valiant|move: Sticky Web\n|-unboost|p2a: Iron Valiant|spe|1\n|-enditem|p2a: Iron Valiant|Booster Energy\n|-activate|p2a: Iron Valiant|ability: Quark Drive|[fromitem]\n|-start|p2a: Iron Valiant|quarkdrivespa\n|move|p1a: Infernape|Drain Punch|p2a: Iron Valiant\n|-resisted|p2a: Iron Valiant\n|-damage|p2a: Iron Valiant|82\/100\n|\n|-end|p1a: Infernape|move: Taunt\n|upkeep\n|turn|13\n|\n|t:|1700527567\n|move|p1a: Infernape|Flare Blitz|p2a: Iron Valiant\n|-damage|p2a: Iron Valiant|49\/100\n|-status|p2a: Iron Valiant|brn\n|-damage|p1a: Infernape|90\/100|[from] Recoil\n|move|p2a: Iron Valiant|Moonblast|p1a: Infernape\n|-supereffective|p1a: Infernape\n|-damage|p1a: Infernape|0 fnt\n|faint|p1a: Infernape\n|\n|-damage|p2a: Iron Valiant|43\/100 brn|[from] brn\n|upkeep\n|\n|t:|1700527581\n|switch|p1a: Garchomp|Garchomp, F|100\/100\n|turn|14\n|\n|t:|1700527587\n|move|p1a: Garchomp|Poison Jab|p2a: Iron Valiant\n|-supereffective|p2a: Iron Valiant\n|-damage|p2a: Iron Valiant|8\/100 brn\n|move|p2a: Iron Valiant|Moonblast|p1a: Garchomp\n|-supereffective|p1a: Garchomp\n|-damage|p1a: Garchomp|0 fnt\n|faint|p1a: Garchomp\n|\n|-damage|p2a: Iron Valiant|2\/100 brn|[from] brn\n|upkeep\n|\n|t:|1700527595\n|switch|p1a: Luxray|Luxray, M|100\/100\n|-ability|p1a: Luxray|Intimidate|boost\n|-unboost|p2a: Iron Valiant|atk|1\n|turn|15\n|\n|t:|1700527600\n|move|p2a: Iron Valiant|Moonblast|p1a: Luxray\n|-damage|p1a: Luxray|23\/100\n|move|p1a: Luxray|Trailblaze|p2a: Iron Valiant\n|-damage|p2a: Iron Valiant|0 fnt\n|-boost|p1a: Luxray|spe|1\n|faint|p2a: Iron Valiant\n|-end|p2a: Iron Valiant|Quark Drive|[silent]\n|\n|upkeep\n|\n|t:|1700527605\n|switch|p2a: Grimmsnarl|Grimmsnarl, M, shiny|69\/100\n|-activate|p2a: Grimmsnarl|move: Sticky Web\n|-unboost|p2a: Grimmsnarl|spe|1\n|turn|16\n|\n|t:|1700527613\n|move|p2a: Grimmsnarl|Parting Shot|p1a: Luxray\n|-unboost|p1a: Luxray|atk|1\n|-unboost|p1a: Luxray|spa|1\n|\n|t:|1700527618\n|switch|p2a: Meowscarada|Meowscarada, M|100\/100|[from] Parting Shot\n|-activate|p2a: Meowscarada|move: Sticky Web\n|-unboost|p2a: Meowscarada|spe|1\n|move|p1a: Luxray|Wild Charge|p2a: Meowscarada\n|-resisted|p2a: Meowscarada\n|-damage|p2a: Meowscarada|88\/100\n|-damage|p1a: Luxray|20\/100|[from] Recoil\n|\n|-sideend|p2: SpasDeUzi|Reflect\n|upkeep\n|turn|17\n|\n|t:|1700527627\n|move|p1a: Luxray|Play Rough|p2a: Meowscarada\n|-supereffective|p2a: Meowscarada\n|-crit|p2a: Meowscarada\n|-damage|p2a: Meowscarada|0 fnt\n|faint|p2a: Meowscarada\n|\n|upkeep\n|\n|t:|1700527632\n|switch|p2a: Tyranitar|Tyranitar, M, shiny|100\/100\n|-activate|p2a: Tyranitar|move: Sticky Web\n|-unboost|p2a: Tyranitar|spe|1\n|-weather|Sandstorm|[from] ability: Sand Stream|[of] p2a: Tyranitar\n|turn|18\n|\n|t:|1700527635\n|-terastallize|p2a: Tyranitar|Ghost\n|move|p1a: Luxray|Trailblaze|p2a: Tyranitar\n|-damage|p2a: Tyranitar|89\/100\n|-boost|p1a: Luxray|spe|1\n|move|p2a: Tyranitar|Dragon Dance|p2a: Tyranitar\n|-boost|p2a: Tyranitar|atk|1\n|-boost|p2a: Tyranitar|spe|1\n|\n|-weather|Sandstorm|[upkeep]\n|-damage|p1a: Luxray|14\/100|[from] Sandstorm\n|-damage|p2a: Tyranitar|83\/100|[from] Sandstorm\n|upkeep\n|turn|19\n|\n|t:|1700527640\n|move|p1a: Luxray|Crunch|p2a: Tyranitar\n|-supereffective|p2a: Tyranitar\n|-damage|p2a: Tyranitar|48\/100\n|move|p2a: Tyranitar|Earthquake|p1a: Luxray\n|-supereffective|p1a: Luxray\n|-damage|p1a: Luxray|0 fnt\n|faint|p1a: Luxray\n|\n|-weather|Sandstorm|[upkeep]\n|-damage|p2a: Tyranitar|42\/100|[from] Sandstorm\n|upkeep\n|\n|t:|1700527643\n|switch|p1a: Ribombee|Ribombee, M|1\/100\n|turn|20\n|\n|t:|1700527648\n|move|p1a: Ribombee|Draining Kiss|p2a: Tyranitar\n|-damage|p2a: Tyranitar|22\/100\n|-heal|p1a: Ribombee|20\/100|[from] drain|[of] p2a: Tyranitar\n|move|p2a: Tyranitar|Rock Blast|p1a: Ribombee\n|-supereffective|p1a: Ribombee\n|-crit|p1a: Ribombee\n|-damage|p1a: Ribombee|0 fnt\n|faint|p1a: Ribombee\n|-hitcount|p1: Ribombee|1\n|\n|-weather|Sandstorm|[upkeep]\n|-damage|p2a: Tyranitar|16\/100|[from] Sandstorm\n|upkeep\n|\n|t:|1700527653\n|switch|p1a: Lucario|Lucario, M|100\/100\n|turn|21\n|\n|t:|1700527658\n|move|p1a: Lucario|Swords Dance|p1a: Lucario\n|-boost|p1a: Lucario|atk|2\n|move|p2a: Tyranitar|Earthquake|p1a: Lucario\n|-supereffective|p1a: Lucario\n|-enditem|p1a: Lucario|Focus Sash\n|-damage|p1a: Lucario|1\/100\n|\n|-weather|Sandstorm|[upkeep]\n|-damage|p2a: Tyranitar|10\/100|[from] Sandstorm\n|upkeep\n|turn|22\n|\n|t:|1700527675\n|move|p1a: Lucario|Drain Punch|p2a: Tyranitar\n|-immune|p2a: Tyranitar\n|move|p2a: Tyranitar|Rock Blast|p1a: Lucario\n|-resisted|p1a: Lucario\n|-damage|p1a: Lucario|0 fnt\n|faint|p1a: Lucario\n|-hitcount|p1: Lucario|1\n|\n|win|SpasDeUzi\n|raw|warsame123's rating: 1166 &rarr; <strong>1140<\/strong><br \/>(-26 for losing)\n|raw|SpasDeUzi's rating: 1158 &rarr; <strong>1184<\/strong><br \/>(+26 for winning)\n","uploadtime":1700527705,"views":6,"p1id":"warsame123","p2id":"spasdeuzi","formatid":"gen9ou","rating":1140,"private":0,"password":""}