{"id":"gen9ou-1991929774","p1":"Jupiterav","p2":"Viola Pansy","format":"[Gen 9] OU","log":"|j|\u2606Jupiterav\n|j|\u2606Viola Pansy\n|t:|1700139422\n|gametype|singles\n|player|p1|Jupiterav|iris-gen5bw2|1460\n|player|p2|Viola Pansy|169|1520\n|teamsize|p1|6\n|teamsize|p2|6\n|gen|9\n|tier|[Gen 9] OU\n|rated|\n|rule|Sleep Clause Mod: Limit one foe put to sleep\n|rule|Species Clause: Limit one of each Pok\u00e9mon\n|rule|OHKO Clause: OHKO moves are banned\n|rule|Evasion Items Clause: Evasion items are banned\n|rule|Evasion Moves Clause: Evasion moves are banned\n|rule|Endless Battle Clause: Forcing endless battles is banned\n|rule|HP Percentage Mod: HP is shown in percentages\n|clearpoke\n|poke|p1|Toedscruel, M|\n|poke|p1|Zapdos|\n|poke|p1|Slowking-Galar, F|\n|poke|p1|Gholdengo|\n|poke|p1|Ogerpon-Wellspring, F|\n|poke|p1|Haxorus, F|\n|poke|p2|Pelipper, M|\n|poke|p2|Greninja-*, M|\n|poke|p2|Basculegion, M|\n|poke|p2|Zapdos|\n|poke|p2|Sandy Shocks|\n|poke|p2|Scizor, M|\n|teampreview\n|\n|t:|1700139429\n|start\n|switch|p1a: Toedscruel|Toedscruel, M|100\/100\n|switch|p2a: Sandy Shocks|Sandy Shocks|100\/100\n|-enditem|p2a: Sandy Shocks|Booster Energy\n|-activate|p2a: Sandy Shocks|ability: Protosynthesis|[fromitem]\n|-start|p2a: Sandy Shocks|protosynthesisspe\n|turn|1\n|inactive|Battle timer is ON: inactive players will automatically lose when time's up. (requested by Viola Pansy)\n|\n|t:|1700139432\n|-terastallize|p2a: Sandy Shocks|Ice\n|move|p2a: Sandy Shocks|Tera Blast|p1a: Toedscruel|[anim] Tera Blast Ice\n|-supereffective|p1a: Toedscruel\n|-enditem|p1a: Toedscruel|Focus Sash\n|-damage|p1a: Toedscruel|1\/100\n|move|p1a: Toedscruel|Spore|p2a: Sandy Shocks\n|-status|p2a: Sandy Shocks|slp|[from] move: Spore\n|\n|upkeep\n|turn|2\n|\n|t:|1700139441\n|-end|p2a: Sandy Shocks|Protosynthesis|[silent]\n|switch|p2a: Pelipper|Pelipper, M|100\/100\n|-weather|RainDance|[from] ability: Drizzle|[of] p2a: Pelipper\n|move|p1a: Toedscruel|Spikes|p2a: Pelipper\n|-sidestart|p2: Viola Pansy|Spikes\n|\n|-weather|RainDance|[upkeep]\n|upkeep\n|turn|3\n|\n|t:|1700139447\n|move|p1a: Toedscruel|Leaf Storm|p2a: Pelipper\n|-damage|p2a: Pelipper|31\/100\n|-unboost|p1a: Toedscruel|spa|2\n|move|p2a: Pelipper|U-turn|p1a: Toedscruel\n|-supereffective|p1a: Toedscruel\n|-damage|p1a: Toedscruel|0 fnt\n|faint|p1a: Toedscruel\n|\n|t:|1700139453\n|switch|p2a: Basculegion|Basculegion, M|100\/100|[from] U-turn\n|-damage|p2a: Basculegion|88\/100|[from] Spikes\n|\n|-weather|RainDance|[upkeep]\n|upkeep\n|\n|t:|1700139458\n|switch|p1a: Ogerpon|Ogerpon-Wellspring, F|100\/100\n|turn|4\n|\n|t:|1700139463\n|move|p2a: Basculegion|Psychic Fangs|p1a: Ogerpon\n|-damage|p1a: Ogerpon|38\/100\n|move|p1a: Ogerpon|Horn Leech|p2a: Basculegion\n|-supereffective|p2a: Basculegion\n|-damage|p2a: Basculegion|0 fnt\n|-heal|p1a: Ogerpon|94\/100|[from] drain|[of] p2a: Basculegion\n|faint|p2a: Basculegion\n|\n|-weather|RainDance|[upkeep]\n|upkeep\n|\n|t:|1700139468\n|switch|p2a: Zapdos|Zapdos|100\/100\n|turn|5\n|\n|t:|1700139472\n|-terastallize|p1a: Ogerpon|Water\n|detailschange|p1a: Ogerpon|Ogerpon-Wellspring-Tera, F, tera:Water\n|-ability|p1a: Ogerpon|Embody Aspect (Wellspring)|boost\n|-boost|p1a: Ogerpon|spd|1\n|move|p1a: Ogerpon|Ivy Cudgel|p2a: Zapdos|[anim] Ivy Cudgel Water\n|-damage|p2a: Zapdos|0 fnt\n|faint|p2a: Zapdos\n|\n|-weather|RainDance|[upkeep]\n|upkeep\n|-message|Viola Pansy forfeited.\n|\n|win|Jupiterav\n|raw|Jupiterav's rating: 1460 &rarr; <strong>1483<\/strong><br \/>(+23 for winning)\n|raw|Viola Pansy's rating: 1520 &rarr; <strong>1497<\/strong><br \/>(-23 for losing)\n|l|\u2606Viola Pansy\n","uploadtime":1700139491,"views":18,"p1id":"jupiterav","p2id":"violapansy","formatid":"gen9ou","rating":1483,"private":0,"password":""}