{"id":"gen9ou-1988564410","p1":"Gastrozone","p2":"buzzfast95","format":"[Gen 9] OU","log":"|j|\u2606Gastrozone\n|j|\u2606buzzfast95\n|t:|1699736616\n|gametype|singles\n|player|p1|Gastrozone|cyclistf|1178\n|player|p2|buzzfast95|2|1102\n|teamsize|p1|6\n|teamsize|p2|6\n|gen|9\n|tier|[Gen 9] OU\n|rated|\n|rule|Sleep Clause Mod: Limit one foe put to sleep\n|rule|Species Clause: Limit one of each Pok\u00e9mon\n|rule|OHKO Clause: OHKO moves are banned\n|rule|Evasion Items Clause: Evasion items are banned\n|rule|Evasion Moves Clause: Evasion moves are banned\n|rule|Endless Battle Clause: Forcing endless battles is banned\n|rule|HP Percentage Mod: HP is shown in percentages\n|clearpoke\n|poke|p1|Ribombee, M|\n|poke|p1|Gholdengo|\n|poke|p1|Great Tusk|\n|poke|p1|Greninja-*, M|\n|poke|p1|Meloetta|\n|poke|p1|Ceruledge, M|\n|poke|p2|Rillaboom, M|\n|poke|p2|Thundurus, M|\n|poke|p2|Sneasler, F|\n|poke|p2|Great Tusk|\n|poke|p2|Mamoswine, F|\n|poke|p2|Gliscor, M|\n|teampreview\n|inactive|Battle timer is ON: inactive players will automatically lose when time's up. (requested by buzzfast95)\n|\n|t:|1699736622\n|start\n|switch|p1a: Ceruledge|Ceruledge, M|100\/100\n|switch|p2a: Thundurus|Thundurus, M|100\/100\n|turn|1\n|\n|t:|1699736633\n|move|p2a: Thundurus|Thunder Wave|p1a: Ceruledge\n|-status|p1a: Ceruledge|par\n|cant|p1a: Ceruledge|par\n|\n|upkeep\n|turn|2\n|\n|t:|1699736638\n|move|p2a: Thundurus|Taunt|p1a: Ceruledge\n|-start|p1a: Ceruledge|move: Taunt\n|cant|p1a: Ceruledge|par\n|\n|upkeep\n|turn|3\n|\n|t:|1699736646\n|move|p2a: Thundurus|Thunderbolt|p1a: Ceruledge\n|-damage|p1a: Ceruledge|29\/100 par\n|-damage|p2a: Thundurus|91\/100|[from] item: Life Orb\n|move|p1a: Ceruledge|Bitter Blade|p2a: Thundurus\n|-damage|p2a: Thundurus|0 fnt\n|-heal|p1a: Ceruledge|75\/100 par|[from] drain|[of] p2a: Thundurus\n|faint|p2a: Thundurus\n|\n|upkeep\n|\n|t:|1699736654\n|switch|p2a: Rillaboom|Rillaboom, M|100\/100\n|-fieldstart|move: Grassy Terrain|[from] ability: Grassy Surge|[of] p2a: Rillaboom\n|turn|4\n|\n|t:|1699736659\n|move|p2a: Rillaboom|Knock Off|p1a: Ceruledge\n|-supereffective|p1a: Ceruledge\n|-damage|p1a: Ceruledge|0 fnt\n|-enditem|p1a: Ceruledge|Choice Band|[from] move: Knock Off|[of] p2a: Rillaboom\n|faint|p1a: Ceruledge\n|\n|upkeep\n|\n|t:|1699736671\n|switch|p1a: Gholdengo|Gholdengo|100\/100\n|-item|p1a: Gholdengo|Air Balloon\n|turn|5\n|\n|t:|1699736684\n|-terastallize|p1a: Gholdengo|Flying\n|move|p2a: Rillaboom|Knock Off|p1a: Gholdengo\n|-damage|p1a: Gholdengo|47\/100\n|-enditem|p1a: Gholdengo|Air Balloon\n|move|p1a: Gholdengo|Shadow Ball|p2a: Rillaboom\n|-damage|p2a: Rillaboom|46\/100\n|\n|-heal|p2a: Rillaboom|52\/100|[from] Grassy Terrain\n|upkeep\n|turn|6\n|\n|t:|1699736697\n|switch|p2a: Gliscor|Gliscor, M|100\/100\n|move|p1a: Gholdengo|Make It Rain|p2a: Gliscor\n|-damage|p2a: Gliscor|38\/100\n|-unboost|p1a: Gholdengo|spa|1\n|\n|-status|p2a: Gliscor|tox|[from] item: Toxic Orb\n|upkeep\n|turn|7\n|\n|t:|1699736712\n|move|p1a: Gholdengo|Nasty Plot|p1a: Gholdengo\n|-boost|p1a: Gholdengo|spa|2\n|move|p2a: Gliscor|Stealth Rock|p1a: Gholdengo\n|-sidestart|p1: Gastrozone|move: Stealth Rock\n|\n|-heal|p2a: Gliscor|51\/100 tox|[from] ability: Poison Heal\n|upkeep\n|turn|8\n|\n|t:|1699736720\n|move|p1a: Gholdengo|Nasty Plot|p1a: Gholdengo\n|-boost|p1a: Gholdengo|spa|2\n|move|p2a: Gliscor|Dual Wingbeat|p1a: Gholdengo\n|-damage|p1a: Gholdengo|33\/100\n|-crit|p1a: Gholdengo\n|-damage|p1a: Gholdengo|10\/100\n|-hitcount|p1a: Gholdengo|2\n|\n|-heal|p2a: Gliscor|63\/100 tox|[from] ability: Poison Heal\n|-fieldend|move: Grassy Terrain\n|upkeep\n|turn|9\n|\n|t:|1699736734\n|move|p1a: Gholdengo|Make It Rain|p2a: Gliscor\n|-damage|p2a: Gliscor|0 fnt\n|-unboost|p1a: Gholdengo|spa|1\n|faint|p2a: Gliscor\n|\n|upkeep\n|\n|t:|1699736742\n|switch|p2a: Rillaboom|Rillaboom, M|52\/100\n|-fieldstart|move: Grassy Terrain|[from] ability: Grassy Surge|[of] p2a: Rillaboom\n|turn|10\n|\n|t:|1699736749\n|move|p2a: Rillaboom|Grassy Glide|p1a: Gholdengo\n|-resisted|p1a: Gholdengo\n|-damage|p1a: Gholdengo|0 fnt\n|faint|p1a: Gholdengo\n|\n|-heal|p2a: Rillaboom|58\/100|[from] Grassy Terrain\n|upkeep\n|\n|t:|1699736759\n|switch|p1a: Ribombee|Ribombee, M|100\/100\n|-damage|p1a: Ribombee|76\/100|[from] Stealth Rock\n|turn|11\n|\n|t:|1699736774\n|move|p2a: Rillaboom|Grassy Glide|p1a: Ribombee\n|-resisted|p1a: Ribombee\n|-damage|p1a: Ribombee|23\/100\n|-enditem|p1a: Ribombee|Red Card|[of] p2a: Rillaboom\n|drag|p2a: Mamoswine|Mamoswine, F|100\/100\n|move|p1a: Ribombee|Psychic|p2a: Mamoswine\n|-damage|p2a: Mamoswine|62\/100\n|\n|-heal|p1a: Ribombee|29\/100|[from] Grassy Terrain\n|-heal|p2a: Mamoswine|68\/100|[from] Grassy Terrain\n|-heal|p2a: Mamoswine|74\/100|[from] item: Leftovers\n|upkeep\n|turn|12\n|\n|t:|1699736793\n|move|p2a: Mamoswine|Ice Shard|p1a: Ribombee\n|-damage|p1a: Ribombee|0 fnt\n|faint|p1a: Ribombee\n|\n|-heal|p2a: Mamoswine|80\/100|[from] Grassy Terrain\n|-heal|p2a: Mamoswine|86\/100|[from] item: Leftovers\n|upkeep\n|\n|t:|1699736801\n|switch|p1a: Greninja|Greninja, M|100\/100\n|-damage|p1a: Greninja|88\/100|[from] Stealth Rock\n|turn|13\n|\n|t:|1699736805\n|move|p1a: Greninja|Ice Beam|p2a: Mamoswine\n|-damage|p2a: Mamoswine|63\/100\n|-damage|p1a: Greninja|78\/100|[from] item: Life Orb\n|move|p2a: Mamoswine|Trailblaze|p1a: Greninja\n|-supereffective|p1a: Greninja\n|-damage|p1a: Greninja|0 fnt\n|-boost|p2a: Mamoswine|spe|1\n|faint|p1a: Greninja\n|\n|-heal|p2a: Mamoswine|69\/100|[from] Grassy Terrain\n|-heal|p2a: Mamoswine|75\/100|[from] item: Leftovers\n|upkeep\n|\n|t:|1699736823\n|switch|p1a: Meloetta|Meloetta|100\/100\n|-damage|p1a: Meloetta|88\/100|[from] Stealth Rock\n|turn|14\n|\n|t:|1699736829\n|move|p2a: Mamoswine|Knock Off|p1a: Meloetta\n|-supereffective|p1a: Meloetta\n|-damage|p1a: Meloetta|0 fnt\n|-enditem|p1a: Meloetta|Choice Specs|[from] move: Knock Off|[of] p2a: Mamoswine\n|faint|p1a: Meloetta\n|\n|-heal|p2a: Mamoswine|81\/100|[from] Grassy Terrain\n|-heal|p2a: Mamoswine|87\/100|[from] item: Leftovers\n|-fieldend|move: Grassy Terrain\n|upkeep\n|\n|t:|1699736838\n|switch|p1a: Great Tusk|Great Tusk|100\/100\n|-damage|p1a: Great Tusk|97\/100|[from] Stealth Rock\n|-enditem|p1a: Great Tusk|Booster Energy\n|-activate|p1a: Great Tusk|ability: Protosynthesis|[fromitem]\n|-start|p1a: Great Tusk|protosynthesisspe\n|turn|15\n|\n|t:|1699736852\n|move|p2a: Mamoswine|Ice Shard|p1a: Great Tusk\n|-supereffective|p1a: Great Tusk\n|-damage|p1a: Great Tusk|67\/100\n|move|p1a: Great Tusk|Bulk Up|p1a: Great Tusk\n|-boost|p1a: Great Tusk|atk|1\n|-boost|p1a: Great Tusk|def|1\n|\n|-heal|p2a: Mamoswine|93\/100|[from] item: Leftovers\n|upkeep\n|turn|16\n|\n|t:|1699736861\n|switch|p2a: Rillaboom|Rillaboom, M|58\/100\n|-fieldstart|move: Grassy Terrain|[from] ability: Grassy Surge|[of] p2a: Rillaboom\n|move|p1a: Great Tusk|Bulk Up|p1a: Great Tusk\n|-boost|p1a: Great Tusk|atk|1\n|-boost|p1a: Great Tusk|def|1\n|\n|-heal|p1a: Great Tusk|74\/100|[from] Grassy Terrain\n|-heal|p2a: Rillaboom|64\/100|[from] Grassy Terrain\n|upkeep\n|turn|17\n|\n|t:|1699736873\n|move|p1a: Great Tusk|Ice Spinner|p2a: Rillaboom\n|-supereffective|p2a: Rillaboom\n|-crit|p2a: Rillaboom\n|-damage|p2a: Rillaboom|0 fnt\n|-fieldend|move: Grassy Terrain\n|faint|p2a: Rillaboom\n|\n|upkeep\n|\n|t:|1699736903\n|switch|p2a: Mamoswine|Mamoswine, F|93\/100\n|turn|18\n|\n|t:|1699736910\n|move|p1a: Great Tusk|Ice Spinner|p2a: Mamoswine\n|-damage|p2a: Mamoswine|65\/100\n|move|p2a: Mamoswine|High Horsepower|p1a: Great Tusk\n|-damage|p1a: Great Tusk|54\/100\n|\n|-heal|p2a: Mamoswine|71\/100|[from] item: Leftovers\n|upkeep\n|turn|19\n|\n|t:|1699736923\n|move|p2a: Mamoswine|Ice Shard|p1a: Great Tusk\n|-supereffective|p1a: Great Tusk\n|-crit|p1a: Great Tusk\n|-damage|p1a: Great Tusk|10\/100\n|move|p1a: Great Tusk|Bulk Up|p1a: Great Tusk\n|-boost|p1a: Great Tusk|atk|1\n|-boost|p1a: Great Tusk|def|1\n|\n|-heal|p2a: Mamoswine|77\/100|[from] item: Leftovers\n|upkeep\n|turn|20\n|\n|t:|1699736933\n|move|p2a: Mamoswine|Ice Shard|p1a: Great Tusk\n|-supereffective|p1a: Great Tusk\n|-damage|p1a: Great Tusk|0 fnt\n|faint|p1a: Great Tusk\n|-end|p1a: Great Tusk|Protosynthesis|[silent]\n|\n|win|buzzfast95\n|raw|Gastrozone's rating: 1178 &rarr; <strong>1148<\/strong><br \/>(-30 for losing)\n|raw|buzzfast95's rating: 1102 &rarr; <strong>1132<\/strong><br \/>(+30 for winning)\n|l|\u2606buzzfast95\n","uploadtime":1699736942,"views":19,"p1id":"gastrozone","p2id":"buzzfast95","formatid":"gen9ou","rating":1132,"private":0,"password":""}