{"id":"gen9ou-1992364842","p1":"BIued","p2":"superbashe","format":"[Gen 9] OU","log":"|j|\u2606BIued\n|j|\u2606superbashe\n|t:|1700179130\n|gametype|singles\n|player|p1|BIued|cress|1138\n|player|p2|superbashe|1|1040\n|teamsize|p1|6\n|teamsize|p2|6\n|gen|9\n|tier|[Gen 9] OU\n|rated|\n|rule|Sleep Clause Mod: Limit one foe put to sleep\n|rule|Species Clause: Limit one of each Pok\u00e9mon\n|rule|OHKO Clause: OHKO moves are banned\n|rule|Evasion Items Clause: Evasion items are banned\n|rule|Evasion Moves Clause: Evasion moves are banned\n|rule|Endless Battle Clause: Forcing endless battles is banned\n|rule|HP Percentage Mod: HP is shown in percentages\n|clearpoke\n|poke|p1|Ogerpon, F|\n|poke|p1|Moltres|\n|poke|p1|Great Tusk|\n|poke|p1|Kingambit, M|\n|poke|p1|Greninja-*, M|\n|poke|p1|Dragapult, F|\n|poke|p2|Zoroark-Hisui, M|\n|poke|p2|Lucario, F|\n|poke|p2|Muk-Alola, M|\n|poke|p2|Mimikyu, M|\n|poke|p2|Luxray, F|\n|poke|p2|Greninja-*, F|\n|teampreview\n|\n|t:|1700179146\n|start\n|switch|p1a: Great Tusk|Great Tusk|100\/100\n|switch|p2a: Greninja|Greninja, F|100\/100\n|turn|1\n|\n|t:|1700179171\n|-terastallize|p1a: Great Tusk|Steel\n|move|p2a: Greninja|Extrasensory|p1a: Great Tusk\n|-resisted|p1a: Great Tusk\n|-damage|p1a: Great Tusk|86\/100\n|move|p1a: Great Tusk|Rapid Spin|p2a: Greninja\n|-damage|p2a: Greninja|75\/100\n|-boost|p1a: Great Tusk|spe|1\n|\n|-heal|p1a: Great Tusk|92\/100|[from] item: Leftovers\n|upkeep\n|turn|2\n|\n|t:|1700179205\n|switch|p2a: Luxray|Luxray, F|100\/100\n|move|p1a: Great Tusk|Earthquake|p2a: Luxray\n|-damage|p2a: Luxray|6\/100\n|replace|p2a: Zoroark|Zoroark-Hisui, M\n|-end|p2a: Zoroark|Illusion\n|\n|-heal|p1a: Great Tusk|98\/100|[from] item: Leftovers\n|upkeep\n|turn|3\n|inactive|Battle timer is ON: inactive players will automatically lose when time's up. (requested by superbashe)\n|\n|t:|1700179228\n|move|p1a: Great Tusk|Knock Off|p2a: Zoroark\n|-supereffective|p2a: Zoroark\n|-damage|p2a: Zoroark|0 fnt\n|-enditem|p2a: Zoroark|Charcoal|[from] move: Knock Off|[of] p1a: Great Tusk\n|faint|p2a: Zoroark\n|\n|-heal|p1a: Great Tusk|100\/100|[from] item: Leftovers\n|upkeep\n|\n|t:|1700179246\n|switch|p2a: Lucario|Lucario, F|100\/100\n|turn|4\n|\n|t:|1700179255\n|move|p1a: Great Tusk|Earthquake|p2a: Lucario\n|-supereffective|p2a: Lucario\n|-damage|p2a: Lucario|0 fnt\n|faint|p2a: Lucario\n|\n|upkeep\n|\n|t:|1700179268\n|switch|p2a: Muk|Muk-Alola, M|100\/100\n|turn|5\n|\n|t:|1700179274\n|move|p1a: Great Tusk|Earthquake|p2a: Muk\n|-supereffective|p2a: Muk\n|-damage|p2a: Muk|13\/100\n|move|p2a: Muk|Mud Shot|p1a: Great Tusk\n|-supereffective|p1a: Great Tusk\n|-damage|p1a: Great Tusk|76\/100\n|-unboost|p1a: Great Tusk|spe|1\n|\n|-heal|p1a: Great Tusk|82\/100|[from] item: Leftovers\n|upkeep\n|turn|6\n|\n|t:|1700179284\n|move|p1a: Great Tusk|Rapid Spin|p2a: Muk\n|-damage|p2a: Muk|0 fnt\n|-boost|p1a: Great Tusk|spe|1\n|faint|p2a: Muk\n|\n|-heal|p1a: Great Tusk|88\/100|[from] item: Leftovers\n|upkeep\n|\n|t:|1700179296\n|switch|p2a: Mimikyu|Mimikyu, M|100\/100\n|turn|7\n|\n|t:|1700179308\n|move|p1a: Great Tusk|Knock Off|p2a: Mimikyu\n|-activate|p2a: Mimikyu|ability: Disguise\n|-damage|p2a: Mimikyu|100\/100\n|detailschange|p2a: Mimikyu|Mimikyu-Busted, M\n|-damage|p2a: Mimikyu|88\/100|[from] pokemon: Mimikyu-Busted\n|move|p2a: Mimikyu|Play Rough|p1a: Great Tusk\n|-resisted|p1a: Great Tusk\n|-damage|p1a: Great Tusk|76\/100\n|\n|-heal|p1a: Great Tusk|82\/100|[from] item: Leftovers\n|upkeep\n|turn|8\n|\n|t:|1700179320\n|move|p1a: Great Tusk|Earthquake|p2a: Mimikyu\n|-damage|p2a: Mimikyu|4\/100\n|move|p2a: Mimikyu|Wood Hammer|p1a: Great Tusk\n|-resisted|p1a: Great Tusk\n|-damage|p1a: Great Tusk|72\/100\n|-damage|p2a: Mimikyu|0 fnt|[from] Recoil\n|faint|p2a: Mimikyu\n|\n|-heal|p1a: Great Tusk|78\/100|[from] item: Leftovers\n|upkeep\n|\n|t:|1700179331\n|switch|p2a: Greninja|Greninja, F|75\/100\n|turn|9\n|\n|t:|1700179345\n|move|p1a: Great Tusk|Earthquake|p2a: Greninja\n|-damage|p2a: Greninja|1\/100\n|move|p2a: Greninja|Night Slash|p1a: Great Tusk\n|-crit|p1a: Great Tusk\n|-damage|p1a: Great Tusk|58\/100\n|\n|-heal|p1a: Great Tusk|64\/100|[from] item: Leftovers\n|upkeep\n|turn|10\n|\n|t:|1700179353\n|move|p1a: Great Tusk|Earthquake|p2a: Greninja\n|-damage|p2a: Greninja|0 fnt\n|faint|p2a: Greninja\n|\n|-heal|p1a: Great Tusk|71\/100|[from] item: Leftovers\n|upkeep\n|\n|t:|1700179359\n|switch|p2a: Luxray|Luxray, F|100\/100\n|turn|11\n|\n|t:|1700179365\n|move|p1a: Great Tusk|Earthquake|p2a: Luxray\n|-supereffective|p2a: Luxray\n|-crit|p2a: Luxray\n|-damage|p2a: Luxray|0 fnt\n|faint|p2a: Luxray\n|\n|win|BIued\n|raw|BIued's rating: 1138 &rarr; <strong>1156<\/strong><br \/>(+18 for winning)\n|raw|superbashe's rating: 1040 &rarr; <strong>1028<\/strong><br \/>(-12 for losing)\n|l|\u2606superbashe\n","uploadtime":1700179369,"views":7,"p1id":"biued","p2id":"superbashe","formatid":"gen9ou","rating":1028,"private":0,"password":""}