{"id":"gen9ou-1995305127","p1":"boyu05","p2":"Atrix MJ","format":"[Gen 9] OU","log":"|j|\u2606boyu05\n|j|\u2606Atrix MJ\n|t:|1700550438\n|gametype|singles\n|player|p1|boyu05|265|1345\n|player|p2|Atrix MJ|sada-ai|1407\n|teamsize|p1|6\n|teamsize|p2|6\n|gen|9\n|tier|[Gen 9] OU\n|rated|\n|rule|Sleep Clause Mod: Limit one foe put to sleep\n|rule|Species Clause: Limit one of each Pok\u00e9mon\n|rule|OHKO Clause: OHKO moves are banned\n|rule|Evasion Items Clause: Evasion items are banned\n|rule|Evasion Moves Clause: Evasion moves are banned\n|rule|Endless Battle Clause: Forcing endless battles is banned\n|rule|HP Percentage Mod: HP is shown in percentages\n|clearpoke\n|poke|p1|Maushold|\n|poke|p1|Regidrago|\n|poke|p1|Scizor, F|\n|poke|p1|Heatran, F|\n|poke|p1|Salamence, F|\n|poke|p1|Walking Wake|\n|poke|p2|Tinkaton, F|\n|poke|p2|Rillaboom, F|\n|poke|p2|Zapdos|\n|poke|p2|Dragapult, F|\n|poke|p2|Samurott-Hisui, M|\n|poke|p2|Great Tusk|\n|teampreview\n|inactive|Battle timer is ON: inactive players will automatically lose when time's up. (requested by boyu05)\n|\n|t:|1700550456\n|start\n|switch|p1a: Salamence|Salamence, F|100\/100\n|switch|p2a: Dragapult|Dragapult, F|100\/100\n|turn|1\n|\n|t:|1700550478\n|switch|p1a: Heatran|Heatran, F|100\/100\n|move|p2a: Dragapult|Substitute|p2a: Dragapult\n|-start|p2a: Dragapult|Substitute\n|-damage|p2a: Dragapult|76\/100\n|\n|-heal|p2a: Dragapult|82\/100|[from] item: Leftovers\n|upkeep\n|turn|2\n|\n|t:|1700550483\n|move|p2a: Dragapult|Thunder Wave|p1a: Heatran\n|-status|p1a: Heatran|par\n|move|p1a: Heatran|Flash Cannon|p2a: Dragapult\n|-end|p2a: Dragapult|Substitute\n|\n|-heal|p2a: Dragapult|88\/100|[from] item: Leftovers\n|upkeep\n|turn|3\n|\n|t:|1700550490\n|switch|p2a: Samurott|Samurott-Hisui, M|100\/100\n|cant|p1a: Heatran|par\n|\n|upkeep\n|turn|4\n|\n|t:|1700550502\n|switch|p1a: Salamence|Salamence, F|100\/100\n|move|p2a: Samurott|Swords Dance|p2a: Samurott\n|-boost|p2a: Samurott|atk|2\n|\n|upkeep\n|turn|5\n|\n|t:|1700550513\n|move|p2a: Samurott|Sucker Punch|p1a: Salamence\n|-damage|p1a: Salamence|19\/100\n|move|p1a: Salamence|Draco Meteor|p2a: Samurott\n|-damage|p2a: Samurott|27\/100\n|-unboost|p1a: Salamence|spa|2\n|\n|-heal|p2a: Samurott|33\/100|[from] item: Leftovers\n|upkeep\n|turn|6\n|\n|t:|1700550532\n|move|p1a: Salamence|Dual Wingbeat|p2a: Samurott\n|-damage|p2a: Samurott|4\/100\n|-damage|p2a: Samurott|0 fnt\n|faint|p2a: Samurott\n|-ability|p1a: Salamence|Moxie|boost\n|-boost|p1a: Salamence|atk|1\n|-hitcount|p2: Samurott|2\n|\n|upkeep\n|\n|t:|1700550536\n|switch|p2a: Dragapult|Dragapult, F|88\/100\n|turn|7\n|\n|t:|1700550541\n|move|p2a: Dragapult|Hex|p1a: Salamence\n|-damage|p1a: Salamence|0 fnt\n|faint|p1a: Salamence\n|\n|-heal|p2a: Dragapult|94\/100|[from] item: Leftovers\n|upkeep\n|\n|t:|1700550559\n|switch|p1a: Scizor|Scizor, F|100\/100\n|turn|8\n|\n|t:|1700550564\n|switch|p2a: Zapdos|Zapdos|100\/100\n|move|p1a: Scizor|Bullet Punch|p2a: Zapdos\n|-resisted|p2a: Zapdos\n|-damage|p2a: Zapdos|76\/100\n|-status|p1a: Scizor|par|[from] ability: Static|[of] p2a: Zapdos\n|\n|upkeep\n|turn|9\n|\n|t:|1700550571\n|switch|p1a: Heatran|Heatran, F|100\/100 par\n|move|p2a: Zapdos|Volt Switch|p1a: Heatran\n|-damage|p1a: Heatran|71\/100 par\n|inactive|Atrix MJ has 120 seconds left.\n|\n|t:|1700550612\n|switch|p2a: Great Tusk|Great Tusk|100\/100|[from] Volt Switch\n|\n|-heal|p1a: Heatran|77\/100 par|[from] item: Leftovers\n|upkeep\n|turn|10\n|\n|t:|1700550621\n|switch|p1a: Walking Wake|Walking Wake|100\/100\n|move|p2a: Great Tusk|Earthquake|p1a: Walking Wake\n|-damage|p1a: Walking Wake|56\/100\n|\n|upkeep\n|turn|11\n|inactive|Atrix MJ has 120 seconds left.\n|inactive|Atrix MJ has 90 seconds left.\n|\n|t:|1700550687\n|-terastallize|p2a: Great Tusk|Water\n|move|p1a: Walking Wake|Hydro Pump|p2a: Great Tusk|[miss]\n|-miss|p1a: Walking Wake|p2a: Great Tusk\n|move|p2a: Great Tusk|Knock Off|p1a: Walking Wake\n|-damage|p1a: Walking Wake|25\/100\n|-enditem|p1a: Walking Wake|Choice Specs|[from] move: Knock Off|[of] p2a: Great Tusk\n|\n|upkeep\n|turn|12\n|inactive|Atrix MJ has 60 seconds left.\n|inactive|Atrix MJ has 30 seconds left.\n|inactive|Atrix MJ has 20 seconds left.\n|inactive|Atrix MJ has 15 seconds left.\n|inactive|Atrix MJ has 10 seconds left.\n|\n|t:|1700550754\n|-end|p2a: Great Tusk|Protosynthesis|[silent]\n|switch|p2a: Tinkaton|Tinkaton, F|100\/100\n|move|p1a: Walking Wake|Draco Meteor|p2a: Tinkaton\n|-immune|p2a: Tinkaton\n|\n|upkeep\n|turn|13\n|inactive|Atrix MJ has 20 seconds left this turn.\n|inactive|Atrix MJ has 15 seconds left.\n|inactive|Atrix MJ has 10 seconds left.\n|\n|t:|1700550769\n|switch|p2a: Dragapult|Dragapult, F|94\/100\n|move|p1a: Walking Wake|Flamethrower|p2a: Dragapult\n|-resisted|p2a: Dragapult\n|-damage|p2a: Dragapult|72\/100\n|\n|-heal|p2a: Dragapult|78\/100|[from] item: Leftovers\n|upkeep\n|turn|14\n|inactive|Atrix MJ has 20 seconds left this turn.\n|inactive|Atrix MJ has 15 seconds left.\n|inactive|Atrix MJ has 10 seconds left.\n|\n|t:|1700550782\n|move|p2a: Dragapult|Dragon Darts|p1a: Walking Wake\n|-supereffective|p1a: Walking Wake\n|-damage|p1a: Walking Wake|0 fnt\n|faint|p1a: Walking Wake\n|-end|p1a: Walking Wake|Protosynthesis|[silent]\n|\n|-heal|p2a: Dragapult|84\/100|[from] item: Leftovers\n|upkeep\n|inactive|Atrix MJ has 15 seconds left this turn.\n|\n|t:|1700550796\n|switch|p1a: Regidrago|Regidrago|100\/100\n|turn|15\n|inactive|Atrix MJ has 25 seconds left this turn.\n|inactive|Atrix MJ has 20 seconds left.\n|inactive|Atrix MJ has 15 seconds left.\n|inactive|Atrix MJ has 10 seconds left.\n|\n|t:|1700550814\n|-terastallize|p1a: Regidrago|Steel\n|move|p2a: Dragapult|Dragon Darts|p1a: Regidrago\n|-resisted|p1a: Regidrago\n|-damage|p1a: Regidrago|88\/100\n|-anim|p2a: Dragapult|Dragon Darts|p1a: Regidrago\n|-resisted|p1a: Regidrago\n|-damage|p1a: Regidrago|76\/100\n|move|p1a: Regidrago|Dragon Dance|p1a: Regidrago\n|-boost|p1a: Regidrago|atk|1\n|-boost|p1a: Regidrago|spe|1\n|\n|-heal|p2a: Dragapult|90\/100|[from] item: Leftovers\n|upkeep\n|turn|16\n|inactive|Atrix MJ has 20 seconds left this turn.\n|inactive|Atrix MJ has 15 seconds left.\n|inactive|Atrix MJ has 10 seconds left.\n|inactive|Atrix MJ has 5 seconds left.\n|\n|t:|1700550829\n|switch|p2a: Zapdos|Zapdos|76\/100\n|move|p1a: Regidrago|Scale Shot|p2a: Zapdos\n|-damage|p2a: Zapdos|47\/100\n|-damage|p2a: Zapdos|16\/100\n|-damage|p2a: Zapdos|0 fnt\n|faint|p2a: Zapdos\n|-hitcount|p2: Zapdos|3\n|-unboost|p1a: Regidrago|def|1\n|-boost|p1a: Regidrago|spe|1\n|\n|upkeep\n|inactive|Atrix MJ has 10 seconds left this turn.\n|inactive|Atrix MJ has 5 seconds left.\n|\n|t:|1700550836\n|switch|p2a: Rillaboom|Rillaboom, F|100\/100\n|-fieldstart|move: Grassy Terrain|[from] ability: Grassy Surge|[of] p2a: Rillaboom\n|turn|17\n|inactive|Atrix MJ has 15 seconds left this turn.\n|\n|t:|1700550841\n|move|p1a: Regidrago|Scale Shot|p2a: Rillaboom\n|-crit|p2a: Rillaboom\n|-damage|p2a: Rillaboom|63\/100\n|-damage|p2a: Rillaboom|38\/100\n|-damage|p2a: Rillaboom|9\/100\n|-damage|p2a: Rillaboom|0 fnt\n|faint|p2a: Rillaboom\n|-hitcount|p2: Rillaboom|4\n|-unboost|p1a: Regidrago|def|1\n|-boost|p1a: Regidrago|spe|1\n|\n|-heal|p1a: Regidrago|82\/100|[from] Grassy Terrain\n|upkeep\n|inactive|Atrix MJ has 20 seconds left this turn.\n|inactive|Atrix MJ has 15 seconds left.\n|\n|t:|1700550846\n|switch|p2a: Tinkaton|Tinkaton, F|100\/100\n|-enditem|p2a: Tinkaton|Grassy Seed\n|-boost|p2a: Tinkaton|def|1|[from] item: Grassy Seed\n|turn|18\n|inactive|Atrix MJ has 25 seconds left this turn.\n|\n|t:|1700550850\n|move|p1a: Regidrago|Earthquake|p2a: Tinkaton\n|-supereffective|p2a: Tinkaton\n|-damage|p2a: Tinkaton|57\/100\n|move|p2a: Tinkaton|Swords Dance|p2a: Tinkaton\n|-boost|p2a: Tinkaton|atk|2\n|\n|-heal|p1a: Regidrago|88\/100|[from] Grassy Terrain\n|-heal|p2a: Tinkaton|63\/100|[from] Grassy Terrain\n|upkeep\n|turn|19\n|inactive|Atrix MJ has 30 seconds left.\n|\n|t:|1700550878\n|move|p1a: Regidrago|Earthquake|p2a: Tinkaton\n|-supereffective|p2a: Tinkaton\n|-damage|p2a: Tinkaton|25\/100\n|move|p2a: Tinkaton|Knock Off|p1a: Regidrago\n|-damage|p1a: Regidrago|0 fnt\n|-enditem|p1a: Regidrago|Loaded Dice|[from] move: Knock Off|[of] p2a: Tinkaton\n|faint|p1a: Regidrago\n|\n|-heal|p2a: Tinkaton|31\/100|[from] Grassy Terrain\n|upkeep\n|\n|t:|1700550881\n|switch|p1a: Heatran|Heatran, F|77\/100 par\n|turn|20\n|\n|t:|1700550887\n|move|p2a: Tinkaton|Knock Off|p1a: Heatran\n|-damage|p1a: Heatran|40\/100 par\n|-enditem|p1a: Heatran|Leftovers|[from] move: Knock Off|[of] p2a: Tinkaton\n|move|p1a: Heatran|Earth Power|p2a: Tinkaton\n|-supereffective|p2a: Tinkaton\n|-damage|p2a: Tinkaton|0 fnt\n|faint|p2a: Tinkaton\n|\n|-heal|p1a: Heatran|46\/100 par|[from] Grassy Terrain\n|upkeep\n|inactive|Atrix MJ has 30 seconds left.\n|\n|t:|1700550907\n|switch|p2a: Great Tusk|Great Tusk, tera:Water|100\/100\n|turn|21\n|inactive|Atrix MJ has 30 seconds left.\n|\n|t:|1700550916\n|move|p2a: Great Tusk|Earthquake|p1a: Heatran\n|-supereffective|p1a: Heatran\n|-damage|p1a: Heatran|0 fnt\n|faint|p1a: Heatran\n|\n|upkeep\n|\n|t:|1700550922\n|switch|p1a: Maushold|Maushold|100\/100\n|turn|22\n|\n|t:|1700550928\n|move|p1a: Maushold|Population Bomb|p2a: Great Tusk\n|-damage|p2a: Great Tusk|95\/100\n|-damage|p2a: Great Tusk|90\/100\n|-damage|p2a: Great Tusk|85\/100\n|-damage|p2a: Great Tusk|80\/100\n|-damage|p2a: Great Tusk|74\/100\n|-crit|p2a: Great Tusk\n|-damage|p2a: Great Tusk|67\/100\n|-damage|p2a: Great Tusk|62\/100\n|-damage|p2a: Great Tusk|57\/100\n|-damage|p2a: Great Tusk|53\/100\n|-damage|p2a: Great Tusk|48\/100\n|-hitcount|p2a: Great Tusk|10\n|move|p2a: Great Tusk|Knock Off|p1a: Maushold\n|-damage|p1a: Maushold|55\/100\n|-enditem|p1a: Maushold|Wide Lens|[from] move: Knock Off|[of] p2a: Great Tusk\n|\n|-heal|p1a: Maushold|61\/100|[from] Grassy Terrain\n|-heal|p2a: Great Tusk|54\/100|[from] Grassy Terrain\n|-heal|p2a: Great Tusk|60\/100|[from] item: Leftovers\n|upkeep\n|turn|23\n|inactive|Atrix MJ has 30 seconds left.\n|inactive|Atrix MJ has 20 seconds left.\n|inactive|Atrix MJ has 15 seconds left.\n|inactive|Atrix MJ has 10 seconds left.\n|\n|t:|1700550971\n|-end|p2a: Great Tusk|Protosynthesis|[silent]\n|switch|p2a: Dragapult|Dragapult, F|90\/100\n|move|p1a: Maushold|Tidy Up|p1a: Maushold\n|-boost|p1a: Maushold|atk|1\n|-boost|p1a: Maushold|spe|1\n|\n|-heal|p1a: Maushold|67\/100|[from] Grassy Terrain\n|-heal|p2a: Dragapult|96\/100|[from] Grassy Terrain\n|-heal|p2a: Dragapult|100\/100|[from] item: Leftovers\n|upkeep\n|turn|24\n|inactive|Atrix MJ has 20 seconds left this turn.\n|inactive|Atrix MJ has 15 seconds left.\n|inactive|Atrix MJ has 10 seconds left.\n|\n|t:|1700550985\n|switch|p2a: Great Tusk|Great Tusk, tera:Water|60\/100\n|move|p1a: Maushold|Bite|p2a: Great Tusk\n|-damage|p2a: Great Tusk|46\/100\n|\n|-heal|p1a: Maushold|74\/100|[from] Grassy Terrain\n|-heal|p2a: Great Tusk|52\/100|[from] Grassy Terrain\n|-heal|p2a: Great Tusk|58\/100|[from] item: Leftovers\n|-fieldend|move: Grassy Terrain\n|upkeep\n|turn|25\n|inactive|Atrix MJ has 20 seconds left this turn.\n|inactive|Atrix MJ has 15 seconds left.\n|\n|t:|1700550995\n|move|p1a: Maushold|Population Bomb|p2a: Great Tusk\n|-damage|p2a: Great Tusk|50\/100\n|-damage|p2a: Great Tusk|42\/100\n|-damage|p2a: Great Tusk|34\/100\n|-damage|p2a: Great Tusk|27\/100\n|-hitcount|p2a: Great Tusk|4\n|move|p2a: Great Tusk|Earthquake|p1a: Maushold\n|-damage|p1a: Maushold|7\/100\n|\n|-heal|p2a: Great Tusk|33\/100|[from] item: Leftovers\n|upkeep\n|turn|26\n|inactive|Atrix MJ has 25 seconds left this turn.\n|inactive|Atrix MJ has 20 seconds left.\n|inactive|Atrix MJ has 15 seconds left.\n|\n|t:|1700551007\n|move|p1a: Maushold|Population Bomb|p2a: Great Tusk\n|-damage|p2a: Great Tusk|26\/100\n|-damage|p2a: Great Tusk|17\/100\n|-damage|p2a: Great Tusk|9\/100\n|-hitcount|p2a: Great Tusk|3\n|move|p2a: Great Tusk|Earthquake|p1a: Maushold\n|-damage|p1a: Maushold|0 fnt\n|faint|p1a: Maushold\n|\n|-heal|p2a: Great Tusk|15\/100|[from] item: Leftovers\n|upkeep\n|inactive|Atrix MJ has 20 seconds left this turn.\n|\n|t:|1700551014\n|switch|p1a: Scizor|Scizor, F|100\/100 par\n|turn|27\n|inactive|Atrix MJ has 30 seconds left this turn.\n|\n|t:|1700551023\n|move|p2a: Great Tusk|Earthquake|p1a: Scizor\n|-damage|p1a: Scizor|56\/100 par\n|move|p1a: Scizor|Swords Dance|p1a: Scizor\n|-boost|p1a: Scizor|atk|2\n|\n|-heal|p2a: Great Tusk|21\/100|[from] item: Leftovers\n|upkeep\n|turn|28\n|\n|t:|1700551027\n|move|p1a: Scizor|Bullet Punch|p2a: Great Tusk\n|-resisted|p2a: Great Tusk\n|-damage|p2a: Great Tusk|2\/100\n|move|p2a: Great Tusk|Earthquake|p1a: Scizor\n|-damage|p1a: Scizor|7\/100 par\n|\n|-heal|p2a: Great Tusk|8\/100|[from] item: Leftovers\n|upkeep\n|turn|29\n|\n|t:|1700551033\n|cant|p1a: Scizor|par\n|move|p2a: Great Tusk|Earthquake|p1a: Scizor\n|-damage|p1a: Scizor|0 fnt\n|faint|p1a: Scizor\n|\n|win|Atrix MJ\n|raw|boyu05's rating: 1345 &rarr; <strong>1329<\/strong><br \/>(-16 for losing)\n|raw|Atrix MJ's rating: 1407 &rarr; <strong>1423<\/strong><br \/>(+16 for winning)\n|l|\u2606boyu05\n","uploadtime":1700551038,"views":4,"p1id":"boyu05","p2id":"atrixmj","formatid":"gen9ou","rating":1329,"private":0,"password":""}