{"id":"gen9ou-1989379476","p1":"IFDCOACH","p2":"alfonsogutie","format":"[Gen 9] OU","log":"|j|\u2606IFDCOACH\n|j|\u2606alfonsogutie\n|t:|1699842874\n|gametype|singles\n|player|p1|IFDCOACH|worker|1223\n|player|p2|alfonsogutie|1|1112\n|teamsize|p1|6\n|teamsize|p2|6\n|gen|9\n|tier|[Gen 9] OU\n|rated|\n|rule|Sleep Clause Mod: Limit one foe put to sleep\n|rule|Species Clause: Limit one of each Pok\u00e9mon\n|rule|OHKO Clause: OHKO moves are banned\n|rule|Evasion Items Clause: Evasion items are banned\n|rule|Evasion Moves Clause: Evasion moves are banned\n|rule|Endless Battle Clause: Forcing endless battles is banned\n|rule|HP Percentage Mod: HP is shown in percentages\n|clearpoke\n|poke|p1|Meowscarada, F|\n|poke|p1|Thundurus-Therian, M|\n|poke|p1|Milotic, M|\n|poke|p1|Iron Valiant|\n|poke|p1|Slowking-Galar, F|\n|poke|p1|Garganacl, F|\n|poke|p2|Ogerpon-Wellspring, F|\n|poke|p2|Slowking-Galar, F|\n|poke|p2|Zamazenta-*|\n|poke|p2|Great Tusk|\n|poke|p2|Gholdengo|\n|poke|p2|Clefable, F|\n|teampreview\n|inactive|Battle timer is ON: inactive players will automatically lose when time's up. (requested by alfonsogutie)\n|\n|t:|1699842914\n|start\n|switch|p1a: Wheremyhug|Thundurus-Therian, M, shiny|100\/100\n|switch|p2a: Clefable|Clefable, F|100\/100\n|turn|1\n|\n|t:|1699842924\n|move|p1a: Wheremyhug|Volt Switch|p2a: Clefable\n|-damage|p2a: Clefable|61\/100\n|\n|t:|1699842927\n|switch|p1a: Munch|Milotic, M, shiny|100\/100|[from] Volt Switch\n|move|p2a: Clefable|Stealth Rock|p1a: Munch\n|-sidestart|p1: IFDCOACH|move: Stealth Rock\n|\n|upkeep\n|turn|2\n|\n|t:|1699842934\n|switch|p2a: Slowking|Slowking-Galar, F|100\/100\n|move|p1a: Munch|Dragon Tail|p2a: Slowking\n|-damage|p2a: Slowking|91\/100\n|drag|p2a: Clefable|Clefable, F|61\/100\n|\n|upkeep\n|turn|3\n|\n|t:|1699842942\n|switch|p2a: Slowking|Slowking-Galar, F|100\/100\n|move|p1a: Munch|Scald|p2a: Slowking\n|-damage|p2a: Slowking|85\/100\n|\n|upkeep\n|turn|4\n|\n|t:|1699842956\n|switch|p1a: Danny Devito|Slowking-Galar, F, shiny|100\/100\n|-damage|p1a: Danny Devito|88\/100|[from] Stealth Rock\n|move|p2a: Slowking|Future Sight|p1a: Danny Devito\n|-start|p2a: Slowking|move: Future Sight\n|\n|upkeep\n|turn|5\n|\n|t:|1699842968\n|switch|p2a: Gholdengo|Gholdengo|100\/100\n|move|p1a: Danny Devito|Toxic Spikes|p2a: Gholdengo\n|-sidestart|p2: alfonsogutie|move: Toxic Spikes\n|\n|upkeep\n|turn|6\n|\n|t:|1699842977\n|move|p2a: Gholdengo|Shadow Ball|p1a: Danny Devito\n|-supereffective|p1a: Danny Devito\n|-damage|p1a: Danny Devito|0 fnt\n|faint|p1a: Danny Devito\n|\n|-hint|Future Sight did not hit because the target is fainted.\n|upkeep\n|\n|t:|1699842983\n|switch|p1a: Garganacl|Garganacl, F|100\/100\n|-damage|p1a: Garganacl|88\/100|[from] Stealth Rock\n|turn|7\n|\n|t:|1699842987\n|switch|p2a: Great Tusk|Great Tusk|100\/100\n|-status|p2a: Great Tusk|psn\n|-terastallize|p1a: Garganacl|Water\n|move|p1a: Garganacl|Salt Cure|p2a: Great Tusk\n|-resisted|p2a: Great Tusk\n|-damage|p2a: Great Tusk|98\/100 psn\n|-start|p2a: Great Tusk|Salt Cure\n|\n|-heal|p1a: Garganacl|94\/100|[from] item: Leftovers\n|-damage|p2a: Great Tusk|86\/100 psn|[from] psn\n|-damage|p2a: Great Tusk|73\/100 psn|[from] Salt Cure\n|upkeep\n|turn|8\n|\n|t:|1699842999\n|move|p2a: Great Tusk|Rapid Spin|p1a: Garganacl\n|-damage|p1a: Garganacl|82\/100\n|-boost|p2a: Great Tusk|spe|1\n|-sideend|p2: alfonsogutie|Toxic Spikes|[from] move: Rapid Spin|[of] p2a: Great Tusk\n|move|p1a: Garganacl|Stealth Rock|p2a: Great Tusk\n|-sidestart|p2: alfonsogutie|move: Stealth Rock\n|\n|-heal|p1a: Garganacl|88\/100|[from] item: Leftovers\n|-damage|p2a: Great Tusk|61\/100 psn|[from] psn\n|-damage|p2a: Great Tusk|48\/100 psn|[from] Salt Cure\n|upkeep\n|turn|9\n|\n|t:|1699843011\n|move|p2a: Great Tusk|Close Combat|p1a: Garganacl\n|-damage|p1a: Garganacl|44\/100\n|-unboost|p2a: Great Tusk|def|1\n|-unboost|p2a: Great Tusk|spd|1\n|move|p1a: Garganacl|Salt Cure|p2a: Great Tusk\n|-resisted|p2a: Great Tusk\n|-damage|p2a: Great Tusk|45\/100 psn\n|\n|-heal|p1a: Garganacl|50\/100|[from] item: Leftovers\n|-damage|p2a: Great Tusk|32\/100 psn|[from] psn\n|-damage|p2a: Great Tusk|20\/100 psn|[from] Salt Cure\n|upkeep\n|turn|10\n|\n|t:|1699843026\n|move|p2a: Great Tusk|Close Combat|p1a: Garganacl\n|-damage|p1a: Garganacl|6\/100\n|-unboost|p2a: Great Tusk|def|1\n|-unboost|p2a: Great Tusk|spd|1\n|move|p1a: Garganacl|Recover|p1a: Garganacl\n|-heal|p1a: Garganacl|56\/100\n|\n|-heal|p1a: Garganacl|62\/100|[from] item: Leftovers\n|-damage|p2a: Great Tusk|8\/100 psn|[from] psn\n|-damage|p2a: Great Tusk|0 fnt|[from] Salt Cure\n|faint|p2a: Great Tusk\n|-end|p2a: Great Tusk|Protosynthesis|[silent]\n|upkeep\n|\n|t:|1699843038\n|switch|p2a: Ogerpon|Ogerpon-Wellspring, F|100\/100\n|-damage|p2a: Ogerpon|88\/100|[from] Stealth Rock\n|turn|11\n|\n|t:|1699843046\n|-terastallize|p2a: Ogerpon|Water\n|detailschange|p2a: Ogerpon|Ogerpon-Wellspring-Tera, F, tera:Water\n|-ability|p2a: Ogerpon|Embody Aspect (Wellspring)|boost\n|-boost|p2a: Ogerpon|spd|1\n|move|p2a: Ogerpon|Ivy Cudgel|p1a: Garganacl\n|-resisted|p1a: Garganacl\n|-damage|p1a: Garganacl|34\/100\n|move|p1a: Garganacl|Salt Cure|p2a: Ogerpon\n|-damage|p2a: Ogerpon|70\/100\n|-start|p2a: Ogerpon|Salt Cure\n|\n|-heal|p1a: Garganacl|40\/100|[from] item: Leftovers\n|-damage|p2a: Ogerpon|45\/100|[from] Salt Cure\n|upkeep\n|turn|12\n|\n|t:|1699843070\n|move|p2a: Ogerpon|Power Whip|p1a: Garganacl\n|-supereffective|p1a: Garganacl\n|-damage|p1a: Garganacl|0 fnt\n|faint|p1a: Garganacl\n|\n|-damage|p2a: Ogerpon|20\/100|[from] Salt Cure\n|upkeep\n|\n|t:|1699843077\n|switch|p1a: Wheremyhug|Thundurus-Therian, M, shiny|100\/100\n|-damage|p1a: Wheremyhug|75\/100|[from] Stealth Rock\n|turn|13\n|\n|t:|1699843089\n|move|p1a: Wheremyhug|Discharge|p2a: Ogerpon\n|-supereffective|p2a: Ogerpon\n|-damage|p2a: Ogerpon|0 fnt\n|faint|p2a: Ogerpon\n|\n|upkeep\n|\n|t:|1699843095\n|switch|p2a: Clefable|Clefable, F|61\/100\n|-damage|p2a: Clefable|48\/100|[from] Stealth Rock\n|turn|14\n|\n|t:|1699843100\n|move|p1a: Wheremyhug|Discharge|p2a: Clefable\n|-damage|p2a: Clefable|4\/100\n|move|p2a: Clefable|Knock Off|p1a: Wheremyhug\n|-damage|p1a: Wheremyhug|51\/100\n|-enditem|p1a: Wheremyhug|Choice Scarf|[from] move: Knock Off|[of] p2a: Clefable\n|\n|upkeep\n|turn|15\n|\n|t:|1699843107\n|move|p1a: Wheremyhug|Discharge|p2a: Clefable\n|-damage|p2a: Clefable|0 fnt\n|faint|p2a: Clefable\n|\n|upkeep\n|\n|t:|1699843112\n|switch|p2a: Slowking|Slowking-Galar, F|100\/100\n|turn|16\n|\n|t:|1699843117\n|move|p1a: Wheremyhug|Discharge|p2a: Slowking\n|-damage|p2a: Slowking|72\/100\n|-status|p2a: Slowking|par\n|move|p2a: Slowking|Future Sight|p1a: Wheremyhug\n|-start|p2a: Slowking|move: Future Sight\n|\n|upkeep\n|turn|17\n|\n|t:|1699843124\n|move|p1a: Wheremyhug|Discharge|p2a: Slowking\n|-damage|p2a: Slowking|45\/100 par\n|cant|p2a: Slowking|par\n|\n|upkeep\n|turn|18\n|\n|t:|1699843130\n|switch|p2a: Zamazenta|Zamazenta|100\/100\n|-damage|p2a: Zamazenta|94\/100|[from] Stealth Rock\n|-ability|p2a: Zamazenta|Dauntless Shield|boost\n|-boost|p2a: Zamazenta|def|1\n|move|p1a: Wheremyhug|Discharge|p2a: Zamazenta\n|-damage|p2a: Zamazenta|54\/100\n|-status|p2a: Zamazenta|par\n|\n|-end|p1a: Wheremyhug|move: Future Sight\n|-damage|p1a: Wheremyhug|0 fnt\n|faint|p1a: Wheremyhug\n|-heal|p2a: Zamazenta|60\/100 par|[from] item: Leftovers\n|upkeep\n|inactive|IFDCOACH has 120 seconds left.\n|inactive|IFDCOACH has 90 seconds left.\n|\n|t:|1699843208\n|switch|p1a: Himothy|Iron Valiant, shiny|100\/100\n|-damage|p1a: Himothy|94\/100|[from] Stealth Rock\n|-enditem|p1a: Himothy|Booster Energy\n|-activate|p1a: Himothy|ability: Quark Drive|[fromitem]\n|-start|p1a: Himothy|quarkdrivespe\n|turn|19\n|\n|t:|1699843221\n|move|p1a: Himothy|Moonblast|p2a: Zamazenta\n|-supereffective|p2a: Zamazenta\n|-damage|p2a: Zamazenta|0 fnt\n|faint|p2a: Zamazenta\n|\n|upkeep\n|\n|t:|1699843229\n|switch|p2a: Slowking|Slowking-Galar, F|78\/100 par\n|turn|20\n|inactive|IFDCOACH has 90 seconds left.\n|\n|t:|1699843239\n|move|p1a: Himothy|Psyshock|p2a: Slowking\n|-damage|p2a: Slowking|50\/100 par\n|move|p2a: Slowking|Future Sight|p1a: Himothy\n|-start|p2a: Slowking|move: Future Sight\n|\n|upkeep\n|turn|21\n|\n|t:|1699843249\n|move|p1a: Himothy|Shadow Ball|p2a: Slowking\n|-supereffective|p2a: Slowking\n|-damage|p2a: Slowking|18\/100 par\n|move|p2a: Slowking|Sludge Bomb|p1a: Himothy\n|-supereffective|p1a: Himothy\n|-damage|p1a: Himothy|0 fnt\n|faint|p1a: Himothy\n|-end|p1a: Himothy|Quark Drive|[silent]\n|\n|upkeep\n|\n|t:|1699843257\n|switch|p1a: 4slotsyndrome|Meowscarada, F, shiny|100\/100\n|turn|22\n|\n|t:|1699843261\n|move|p1a: 4slotsyndrome|Knock Off|p2a: Slowking\n|-start|p1a: 4slotsyndrome|typechange|Dark|[from] ability: Protean\n|-supereffective|p2a: Slowking\n|-damage|p2a: Slowking|0 fnt\n|-enditem|p2a: Slowking|Heavy-Duty Boots|[from] move: Knock Off|[of] p1a: 4slotsyndrome\n|faint|p2a: Slowking\n|\n|-end|p1a: 4slotsyndrome|move: Future Sight\n|-immune|p1a: 4slotsyndrome\n|upkeep\n|\n|t:|1699843270\n|switch|p2a: Gholdengo|Gholdengo|100\/100\n|-damage|p2a: Gholdengo|94\/100|[from] Stealth Rock\n|turn|23\n|\n|t:|1699843276\n|move|p1a: 4slotsyndrome|Knock Off|p2a: Gholdengo\n|-supereffective|p2a: Gholdengo\n|-damage|p2a: Gholdengo|0 fnt\n|-enditem|p2a: Gholdengo|Choice Specs|[from] move: Knock Off|[of] p1a: 4slotsyndrome\n|faint|p2a: Gholdengo\n|\n|win|IFDCOACH\n|raw|IFDCOACH's rating: 1223 &rarr; <strong>1240<\/strong><br \/>(+17 for winning)\n|raw|alfonsogutie's rating: 1112 &rarr; <strong>1095<\/strong><br \/>(-17 for losing)\n","uploadtime":1699843284,"views":20,"p1id":"ifdcoach","p2id":"alfonsogutie","formatid":"gen9ou","rating":1095,"private":0,"password":""}