{"id":"gen9ou-1988558465","p1":"JustATree777","p2":"Ventus230","format":"[Gen 9] OU","log":"|j|\u2606JustATree777\n|j|\u2606Ventus230\n|t:|1699735967\n|gametype|singles\n|player|p1|JustATree777|2|\n|player|p2|Ventus230|266|\n|teamsize|p1|6\n|teamsize|p2|6\n|gen|9\n|tier|[Gen 9] OU\n|rule|Sleep Clause Mod: Limit one foe put to sleep\n|rule|Species Clause: Limit one of each Pok\u00e9mon\n|rule|OHKO Clause: OHKO moves are banned\n|rule|Evasion Items Clause: Evasion items are banned\n|rule|Evasion Moves Clause: Evasion moves are banned\n|rule|Endless Battle Clause: Forcing endless battles is banned\n|rule|HP Percentage Mod: HP is shown in percentages\n|clearpoke\n|poke|p1|Rillaboom, M|\n|poke|p1|Iron Hands|\n|poke|p1|Dondozo, M|\n|poke|p1|Cresselia, F|\n|poke|p1|Thundurus, M|\n|poke|p1|Walking Wake|\n|poke|p2|Glimmora, F|\n|poke|p2|Iron Moth|\n|poke|p2|Sneasler, M|\n|poke|p2|Kommo-o, F|\n|poke|p2|Amoonguss, F|\n|poke|p2|Iron Valiant|\n|teampreview\n|j| shyguyry\n|j| clam10000\n|j| xhakurai\n|\n|t:|1699736130\n|start\n|switch|p1a: Not Rillaboom|Walking Wake|100\/100\n|switch|p2a: Glimmora|Glimmora, F|100\/100\n|-enditem|p1a: Not Rillaboom|Booster Energy\n|-activate|p1a: Not Rillaboom|ability: Protosynthesis|[fromitem]\n|-start|p1a: Not Rillaboom|protosynthesisspe\n|turn|1\n|\n|t:|1699736146\n|move|p1a: Not Rillaboom|Surf|p2a: Glimmora\n|-supereffective|p2a: Glimmora\n|-enditem|p2a: Glimmora|Focus Sash\n|-damage|p2a: Glimmora|1\/100\n|move|p2a: Glimmora|Toxic Spikes|p1a: Not Rillaboom\n|-sidestart|p1: JustATree777|move: Toxic Spikes\n|\n|upkeep\n|turn|2\n|\n|t:|1699736154\n|move|p1a: Not Rillaboom|Surf|p2a: Glimmora\n|-supereffective|p2a: Glimmora\n|-damage|p2a: Glimmora|0 fnt\n|faint|p2a: Glimmora\n|\n|upkeep\n|\n|t:|1699736218\n|switch|p2a: Iron Moth|Iron Moth|100\/100\n|-enditem|p2a: Iron Moth|Booster Energy\n|-activate|p2a: Iron Moth|ability: Quark Drive|[fromitem]\n|-start|p2a: Iron Moth|quarkdrivespe\n|turn|3\n|\n|t:|1699736267\n|move|p2a: Iron Moth|Substitute|p2a: Iron Moth\n|-start|p2a: Iron Moth|Substitute\n|-damage|p2a: Iron Moth|76\/100\n|move|p1a: Not Rillaboom|Surf|p2a: Iron Moth\n|-supereffective|p2a: Iron Moth\n|-end|p2a: Iron Moth|Substitute\n|\n|upkeep\n|turn|4\n|\n|t:|1699736318\n|-terastallize|p2a: Iron Moth|Grass\n|move|p2a: Iron Moth|Energy Ball|p1a: Not Rillaboom\n|-damage|p1a: Not Rillaboom|50\/100\n|move|p1a: Not Rillaboom|Surf|p2a: Iron Moth\n|-resisted|p2a: Iron Moth\n|-damage|p2a: Iron Moth|54\/100\n|\n|upkeep\n|turn|5\n|\n|t:|1699736390\n|-end|p1a: Not Rillaboom|Protosynthesis|[silent]\n|switch|p1a: Rubber Ducky|Cresselia, F|100\/100\n|move|p2a: Iron Moth|Sludge Wave|p1a: Rubber Ducky\n|-damage|p1a: Rubber Ducky|70\/100\n|\n|-heal|p1a: Rubber Ducky|76\/100|[from] item: Leftovers\n|upkeep\n|turn|6\n|\n|t:|1699736408\n|move|p2a: Iron Moth|Substitute|p2a: Iron Moth\n|-start|p2a: Iron Moth|Substitute\n|-damage|p2a: Iron Moth|29\/100\n|move|p1a: Rubber Ducky|Trick Room|p1a: Rubber Ducky\n|-fieldstart|move: Trick Room|[of] p1a: Rubber Ducky\n|\n|-heal|p1a: Rubber Ducky|82\/100|[from] item: Leftovers\n|upkeep\n|turn|7\n|\n|t:|1699736419\n|switch|p1a: Im Done|Dondozo, M|100\/100\n|-status|p1a: Im Done|psn\n|move|p2a: Iron Moth|Fiery Dance|p1a: Im Done\n|-resisted|p1a: Im Done\n|-damage|p1a: Im Done|89\/100 psn\n|-boost|p2a: Iron Moth|spa|1\n|\n|-damage|p1a: Im Done|77\/100 psn|[from] psn\n|upkeep\n|turn|8\n|\n|t:|1699736439\n|move|p2a: Iron Moth|Energy Ball|p1a: Im Done\n|-supereffective|p1a: Im Done\n|-damage|p1a: Im Done|23\/100 psn\n|move|p1a: Im Done|Avalanche|p2a: Iron Moth\n|-supereffective|p2a: Iron Moth\n|-end|p2a: Iron Moth|Substitute\n|\n|-damage|p1a: Im Done|10\/100 psn|[from] psn\n|upkeep\n|turn|9\n|\n|t:|1699736473\n|move|p1a: Im Done|Body Press|p2a: Iron Moth\n|-damage|p2a: Iron Moth|0 fnt\n|faint|p2a: Iron Moth\n|-end|p2a: Iron Moth|Quark Drive|[silent]\n|\n|-damage|p1a: Im Done|0 fnt|[from] psn\n|faint|p1a: Im Done\n|upkeep\n|\n|t:|1699736500\n|switch|p1a: Deez Hands|Iron Hands|100\/100\n|switch|p2a: Amoonguss|Amoonguss, F|100\/100\n|-status|p1a: Deez Hands|psn\n|turn|10\n|\n|t:|1699736516\n|move|p1a: Deez Hands|Fake Out|p2a: Amoonguss\n|-damage|p2a: Amoonguss|86\/100\n|-damage|p1a: Deez Hands|84\/100 psn|[from] item: Rocky Helmet|[of] p2a: Amoonguss\n|cant|p2a: Amoonguss|flinch\n|\n|-damage|p1a: Deez Hands|71\/100 psn|[from] psn\n|-fieldend|move: Trick Room\n|upkeep\n|turn|11\n|\n|t:|1699736526\n|move|p1a: Deez Hands|Ice Punch|p2a: Amoonguss\n|-supereffective|p2a: Amoonguss\n|-damage|p2a: Amoonguss|35\/100\n|-damage|p1a: Deez Hands|55\/100 psn|[from] item: Rocky Helmet|[of] p2a: Amoonguss\n|move|p2a: Amoonguss|Giga Drain|p1a: Deez Hands\n|-damage|p1a: Deez Hands|42\/100 psn\n|-heal|p2a: Amoonguss|42\/100|[from] drain|[of] p1a: Deez Hands\n|\n|-damage|p1a: Deez Hands|29\/100 psn|[from] psn\n|upkeep\n|turn|12\n|\n|t:|1699736635\n|-end|p1a: Deez Hands|Quark Drive|[silent]\n|switch|p1a: Rillaboom?|Thundurus, M, shiny|100\/100\n|switch|p2a: Sneasler|Sneasler, M|100\/100\n|\n|upkeep\n|turn|13\n|\n|t:|1699736648\n|move|p2a: Sneasler|U-turn|p1a: Rillaboom?\n|-resisted|p1a: Rillaboom?\n|-damage|p1a: Rillaboom?|82\/100\n|\n|t:|1699736672\n|switch|p2a: Amoonguss|Amoonguss, F|76\/100|[from] U-turn\n|move|p1a: Rillaboom?|Psychic|p2a: Amoonguss\n|-supereffective|p2a: Amoonguss\n|-damage|p2a: Amoonguss|22\/100\n|-unboost|p2a: Amoonguss|spd|1\n|\n|upkeep\n|turn|14\n|\n|t:|1699736686\n|move|p1a: Rillaboom?|Psychic|p2a: Amoonguss\n|-supereffective|p2a: Amoonguss\n|-damage|p2a: Amoonguss|0 fnt\n|faint|p2a: Amoonguss\n|\n|upkeep\n|\n|t:|1699736715\n|switch|p2a: Kommo-o|Kommo-o, F|100\/100\n|turn|15\n|\n|t:|1699736731\n|move|p1a: Rillaboom?|Taunt|p2a: Kommo-o\n|-start|p2a: Kommo-o|move: Taunt\n|cant|p2a: Kommo-o|move: Taunt|Clangorous Soul\n|\n|upkeep\n|turn|16\n|\n|t:|1699736770\n|switch|p2a: Sneasler|Sneasler, M|100\/100\n|move|p1a: Rillaboom?|Psychic|p2a: Sneasler\n|-supereffective|p2a: Sneasler\n|-damage|p2a: Sneasler|0 fnt\n|faint|p2a: Sneasler\n|\n|upkeep\n|\n|t:|1699736798\n|switch|p2a: Iron Valiant|Iron Valiant|100\/100\n|-enditem|p2a: Iron Valiant|Booster Energy\n|-activate|p2a: Iron Valiant|ability: Quark Drive|[fromitem]\n|-start|p2a: Iron Valiant|quarkdrivespe\n|turn|17\n|\n|t:|1699736810\n|-terastallize|p1a: Rillaboom?|Steel\n|move|p2a: Iron Valiant|Hypnosis|p1a: Rillaboom?|[miss]\n|-miss|p2a: Iron Valiant|p1a: Rillaboom?\n|move|p1a: Rillaboom?|Psychic|p2a: Iron Valiant\n|-supereffective|p2a: Iron Valiant\n|-damage|p2a: Iron Valiant|0 fnt\n|faint|p2a: Iron Valiant\n|-end|p2a: Iron Valiant|Quark Drive|[silent]\n|\n|upkeep\n|\n|t:|1699736817\n|switch|p2a: Kommo-o|Kommo-o, F|100\/100\n|turn|18\n|\n|t:|1699736831\n|move|p1a: Rillaboom?|Psychic|p2a: Kommo-o\n|-supereffective|p2a: Kommo-o\n|-damage|p2a: Kommo-o|24\/100\n|move|p2a: Kommo-o|Drain Punch|p1a: Rillaboom?\n|-supereffective|p1a: Rillaboom?\n|-damage|p1a: Rillaboom?|3\/100\n|-heal|p2a: Kommo-o|65\/100|[from] drain|[of] p1a: Rillaboom?\n|\n|-heal|p2a: Kommo-o|71\/100|[from] item: Leftovers\n|upkeep\n|turn|19\n|\n|t:|1699736843\n|move|p1a: Rillaboom?|Psychic|p2a: Kommo-o\n|-supereffective|p2a: Kommo-o\n|-damage|p2a: Kommo-o|0 fnt\n|faint|p2a: Kommo-o\n|\n|win|JustATree777\n|l|\u2606Ventus230\n","uploadtime":1699736851,"views":11,"p1id":"justatree777","p2id":"ventus230","formatid":"gen9ou","rating":0,"private":0,"password":""}