{"id":"gen9ou-1998210071","p1":"abegsw","p2":"ShinyLibby","format":"[Gen 9] OU","log":"|j|\u2606abegsw\n|j|\u2606ShinyLibby\n|t:|1700913184\n|gametype|singles\n|player|p1|abegsw|266|1202\n|player|p2|ShinyLibby|brycenman|1168\n|teamsize|p1|6\n|teamsize|p2|6\n|gen|9\n|tier|[Gen 9] OU\n|rated|\n|rule|Sleep Clause Mod: Limit one foe put to sleep\n|rule|Species Clause: Limit one of each Pok\u00e9mon\n|rule|OHKO Clause: OHKO moves are banned\n|rule|Evasion Items Clause: Evasion items are banned\n|rule|Evasion Moves Clause: Evasion moves are banned\n|rule|Endless Battle Clause: Forcing endless battles is banned\n|rule|HP Percentage Mod: HP is shown in percentages\n|clearpoke\n|poke|p1|Talonflame, M|\n|poke|p1|Alomomola, F|\n|poke|p1|Clodsire, M|\n|poke|p1|Dondozo, M|\n|poke|p1|Toxapex, M|\n|poke|p1|Blissey, F|\n|poke|p2|Enamorus, F|\n|poke|p2|Landorus-Therian, M|\n|poke|p2|Gholdengo|\n|poke|p2|Ogerpon-Wellspring, F|\n|poke|p2|Kingambit, M|\n|poke|p2|Iron Moth|\n|teampreview\n|inactive|Battle timer is ON: inactive players will automatically lose when time's up. (requested by abegsw)\n|inactive|ShinyLibby also wants the timer to be on.\n|inactive|ShinyLibby has 120 seconds left.\n|inactive|ShinyLibby has 90 seconds left.\n|inactive|ShinyLibby has 60 seconds left.\n|inactive|ShinyLibby has 30 seconds left.\n|inactive|ShinyLibby has 20 seconds left.\n|\n|t:|1700913315\n|start\n|switch|p1a: Toxapex|Toxapex, M|100\/100\n|switch|p2a: Ogerpon|Ogerpon-Wellspring, F|100\/100\n|turn|1\n|\n|t:|1700913325\n|switch|p2a: Kingambit|Kingambit, M|100\/100\n|move|p1a: Toxapex|Toxic|p2a: Kingambit\n|-immune|p2a: Kingambit\n|\n|upkeep\n|turn|2\n|\n|t:|1700913329\n|switch|p1a: Talonflame|Talonflame, M|100\/100\n|move|p2a: Kingambit|Kowtow Cleave|p1a: Talonflame\n|-damage|p1a: Talonflame|47\/100\n|-status|p2a: Kingambit|brn|[from] ability: Flame Body|[of] p1a: Talonflame\n|\n|-damage|p2a: Kingambit|94\/100 brn|[from] brn\n|upkeep\n|turn|3\n|inactive|abegsw has 120 seconds left.\n|\n|t:|1700913364\n|-end|p2a: Kingambit|fallenundefined|[silent]\n|switch|p2a: Landorus|Landorus-Therian, M|100\/100\n|-ability|p2a: Landorus|Intimidate|boost\n|-unboost|p1a: Talonflame|atk|1\n|move|p1a: Talonflame|Roost|p1a: Talonflame\n|-heal|p1a: Talonflame|97\/100\n|-singleturn|p1a: Talonflame|move: Roost\n|\n|upkeep\n|turn|4\n|\n|t:|1700913372\n|switch|p1a: Alomomola|Alomomola, F|100\/100\n|move|p2a: Landorus|Substitute|p2a: Landorus\n|-start|p2a: Landorus|Substitute\n|-damage|p2a: Landorus|76\/100\n|\n|-heal|p2a: Landorus|82\/100|[from] item: Leftovers\n|upkeep\n|turn|5\n|\n|t:|1700913379\n|move|p2a: Landorus|Grass Knot|p1a: Alomomola\n|-supereffective|p1a: Alomomola\n|-damage|p1a: Alomomola|66\/100\n|move|p1a: Alomomola|Flip Turn|p2a: Landorus\n|-supereffective|p2a: Landorus\n|-end|p2a: Landorus|Substitute\n|\n|t:|1700913383\n|switch|p1a: Talonflame|Talonflame, M|97\/100|[from] Flip Turn\n|\n|-heal|p2a: Landorus|88\/100|[from] item: Leftovers\n|upkeep\n|turn|6\n|\n|t:|1700913387\n|move|p1a: Talonflame|Will-O-Wisp|p2a: Landorus\n|-status|p2a: Landorus|brn\n|move|p2a: Landorus|Substitute|p2a: Landorus\n|-start|p2a: Landorus|Substitute\n|-damage|p2a: Landorus|63\/100 brn\n|\n|-heal|p2a: Landorus|69\/100 brn|[from] item: Leftovers\n|-damage|p2a: Landorus|63\/100 brn|[from] brn\n|upkeep\n|turn|7\n|\n|t:|1700913392\n|switch|p1a: Alomomola|Alomomola, F|99\/100\n|move|p2a: Landorus|Smack Down|p1a: Alomomola\n|-damage|p1a: Alomomola|95\/100\n|\n|-heal|p2a: Landorus|69\/100 brn|[from] item: Leftovers\n|-damage|p2a: Landorus|63\/100 brn|[from] brn\n|upkeep\n|turn|8\n|\n|t:|1700913402\n|move|p2a: Landorus|Grass Knot|p1a: Alomomola\n|-supereffective|p1a: Alomomola\n|-damage|p1a: Alomomola|62\/100\n|move|p1a: Alomomola|Whirlpool|p2a: Landorus\n|-supereffective|p2a: Landorus\n|-activate|p2a: Landorus|move: Substitute|[damage]\n|\n|-heal|p2a: Landorus|69\/100 brn|[from] item: Leftovers\n|-damage|p2a: Landorus|63\/100 brn|[from] brn\n|upkeep\n|turn|9\n|\n|t:|1700913428\n|switch|p2a: Ogerpon|Ogerpon-Wellspring, F|100\/100\n|switch|p1a: Toxapex|Toxapex, M|100\/100\n|\n|upkeep\n|turn|10\n|\n|t:|1700913436\n|switch|p2a: Kingambit|Kingambit, M|94\/100 brn\n|move|p1a: Toxapex|Toxic||[still]\n|-fail|p1a: Toxapex\n|\n|-damage|p2a: Kingambit|88\/100 brn|[from] brn\n|upkeep\n|turn|11\n|\n|t:|1700913444\n|-end|p2a: Kingambit|fallenundefined|[silent]\n|switch|p2a: Ogerpon|Ogerpon-Wellspring, F|100\/100\n|switch|p1a: Dondozo|Dondozo, M|100\/100\n|\n|upkeep\n|turn|12\n|\n|t:|1700913451\n|move|p2a: Ogerpon|Power Whip|p1a: Dondozo\n|-supereffective|p1a: Dondozo\n|-damage|p1a: Dondozo|35\/100\n|move|p1a: Dondozo|Body Press|p2a: Ogerpon\n|-damage|p2a: Ogerpon|64\/100\n|\n|upkeep\n|turn|13\n|\n|t:|1700913458\n|-terastallize|p1a: Dondozo|Grass\n|move|p2a: Ogerpon|Power Whip|p1a: Dondozo\n|-resisted|p1a: Dondozo\n|-damage|p1a: Dondozo|19\/100\n|move|p1a: Dondozo|Rest|p1a: Dondozo\n|-status|p1a: Dondozo|slp|[from] move: Rest\n|-heal|p1a: Dondozo|100\/100 slp|[silent]\n|\n|upkeep\n|turn|14\n|\n|t:|1700913473\n|move|p2a: Ogerpon|Encore|p1a: Dondozo\n|-start|p1a: Dondozo|Encore\n|cant|p1a: Dondozo|slp\n|\n|upkeep\n|turn|15\n|\n|t:|1700913479\n|switch|p1a: Toxapex|Toxapex, M|100\/100\n|move|p2a: Ogerpon|Swords Dance|p2a: Ogerpon\n|-boost|p2a: Ogerpon|atk|2\n|\n|upkeep\n|turn|16\n|\n|t:|1700913484\n|switch|p1a: Dondozo|Dondozo, M, tera:Grass|100\/100 slp\n|move|p2a: Ogerpon|Power Whip|p1a: Dondozo|[miss]\n|-miss|p2a: Ogerpon|p1a: Dondozo\n|\n|upkeep\n|turn|17\n|\n|t:|1700913495\n|move|p2a: Ogerpon|Ivy Cudgel|p1a: Dondozo|[anim] Ivy Cudgel Water\n|-resisted|p1a: Dondozo\n|-damage|p1a: Dondozo|88\/100 slp\n|cant|p1a: Dondozo|slp\n|\n|upkeep\n|turn|18\n|\n|t:|1700913502\n|move|p2a: Ogerpon|Encore||[still]\n|-fail|p2a: Ogerpon\n|-curestatus|p1a: Dondozo|slp|[msg]\n|move|p1a: Dondozo|Body Press|p2a: Ogerpon\n|-damage|p2a: Ogerpon|25\/100\n|\n|upkeep\n|turn|19\n|\n|t:|1700913512\n|switch|p2a: Gholdengo|Gholdengo|100\/100\n|-item|p2a: Gholdengo|Air Balloon\n|move|p1a: Dondozo|Body Press|p2a: Gholdengo\n|-immune|p2a: Gholdengo\n|\n|upkeep\n|turn|20\n|\n|t:|1700913518\n|switch|p2a: Ogerpon|Ogerpon-Wellspring, F|25\/100\n|switch|p1a: Blissey|Blissey, F, shiny|100\/100\n|\n|upkeep\n|turn|21\n|\n|t:|1700913532\n|switch|p2a: Landorus|Landorus-Therian, M|63\/100 brn\n|-ability|p2a: Landorus|Intimidate|boost\n|-unboost|p1a: Blissey|atk|1\n|switch|p1a: Dondozo|Dondozo, M, tera:Grass|88\/100\n|\n|-heal|p2a: Landorus|69\/100 brn|[from] item: Leftovers\n|-damage|p2a: Landorus|63\/100 brn|[from] brn\n|upkeep\n|turn|22\n|\n|t:|1700913538\n|switch|p1a: Alomomola|Alomomola, F|95\/100\n|move|p2a: Landorus|Substitute|p2a: Landorus\n|-start|p2a: Landorus|Substitute\n|-damage|p2a: Landorus|38\/100 brn\n|\n|-heal|p2a: Landorus|44\/100 brn|[from] item: Leftovers\n|-damage|p2a: Landorus|38\/100 brn|[from] brn\n|upkeep\n|turn|23\n|\n|t:|1700913546\n|move|p2a: Landorus|Grass Knot|p1a: Alomomola\n|-supereffective|p1a: Alomomola\n|-damage|p1a: Alomomola|62\/100\n|move|p1a: Alomomola|Flip Turn|p2a: Landorus\n|-supereffective|p2a: Landorus\n|-end|p2a: Landorus|Substitute\n|\n|t:|1700913548\n|switch|p1a: Toxapex|Toxapex, M|100\/100|[from] Flip Turn\n|\n|-heal|p2a: Landorus|44\/100 brn|[from] item: Leftovers\n|-damage|p2a: Landorus|38\/100 brn|[from] brn\n|upkeep\n|turn|24\n|\n|t:|1700913553\n|switch|p1a: Alomomola|Alomomola, F|95\/100\n|move|p2a: Landorus|Substitute|p2a: Landorus\n|-start|p2a: Landorus|Substitute\n|-damage|p2a: Landorus|13\/100 brn\n|\n|-heal|p2a: Landorus|19\/100 brn|[from] item: Leftovers\n|-damage|p2a: Landorus|13\/100 brn|[from] brn\n|upkeep\n|turn|25\n|\n|t:|1700913558\n|switch|p2a: Ogerpon|Ogerpon-Wellspring, F|25\/100\n|move|p1a: Alomomola|Flip Turn|p2a: Ogerpon\n|-heal|p2a: Ogerpon|50\/100|[from] ability: Water Absorb|[of] p1a: Alomomola\n|\n|upkeep\n|turn|26\n|\n|t:|1700913566\n|switch|p1a: Dondozo|Dondozo, M, tera:Grass|88\/100\n|move|p2a: Ogerpon|Power Whip|p1a: Dondozo\n|-resisted|p1a: Dondozo\n|-damage|p1a: Dondozo|72\/100\n|\n|upkeep\n|turn|27\n|\n|t:|1700913592\n|switch|p2a: Gholdengo|Gholdengo|100\/100\n|-item|p2a: Gholdengo|Air Balloon\n|move|p1a: Dondozo|Heavy Slam|p2a: Gholdengo\n|-resisted|p2a: Gholdengo\n|-damage|p2a: Gholdengo|85\/100\n|-enditem|p2a: Gholdengo|Air Balloon\n|\n|upkeep\n|turn|28\n|\n|t:|1700913603\n|switch|p1a: Clodsire|Clodsire, M|100\/100\n|move|p2a: Gholdengo|Nasty Plot|p2a: Gholdengo\n|-boost|p2a: Gholdengo|spa|2\n|\n|upkeep\n|turn|29\n|\n|t:|1700913613\n|switch|p2a: Landorus|Landorus-Therian, M|13\/100 brn\n|-ability|p2a: Landorus|Intimidate|boost\n|-unboost|p1a: Clodsire|atk|1\n|move|p1a: Clodsire|Earthquake|p2a: Landorus\n|-immune|p2a: Landorus\n|\n|-heal|p2a: Landorus|19\/100 brn|[from] item: Leftovers\n|-damage|p2a: Landorus|13\/100 brn|[from] brn\n|upkeep\n|turn|30\n|\n|t:|1700913619\n|switch|p1a: Alomomola|Alomomola, F|100\/100\n|move|p2a: Landorus|Earthquake|p1a: Alomomola\n|-crit|p1a: Alomomola\n|-damage|p1a: Alomomola|77\/100\n|\n|-heal|p2a: Landorus|19\/100 brn|[from] item: Leftovers\n|-damage|p2a: Landorus|13\/100 brn|[from] brn\n|upkeep\n|turn|31\n|\n|t:|1700913625\n|switch|p2a: Ogerpon|Ogerpon-Wellspring, F|50\/100\n|move|p1a: Alomomola|Wish|p1a: Alomomola\n|\n|upkeep\n|turn|32\n|\n|t:|1700913633\n|switch|p1a: Dondozo|Dondozo, M, tera:Grass|72\/100\n|move|p2a: Ogerpon|Encore||[still]\n|-fail|p2a: Ogerpon\n|\n|-heal|p1a: Dondozo|100\/100|[from] move: Wish|[wisher] Alomomola\n|upkeep\n|turn|33\n|\n|t:|1700913640\n|switch|p2a: Iron Moth|Iron Moth|100\/100\n|move|p1a: Dondozo|Body Press|p2a: Iron Moth\n|-resisted|p2a: Iron Moth\n|-damage|p2a: Iron Moth|78\/100\n|\n|upkeep\n|turn|34\n|\n|t:|1700913647\n|switch|p1a: Clodsire|Clodsire, M|100\/100\n|move|p2a: Iron Moth|Energy Ball|p1a: Clodsire\n|-damage|p1a: Clodsire|75\/100\n|\n|upkeep\n|turn|35\n|\n|t:|1700913653\n|-end|p2a: Iron Moth|Quark Drive|[silent]\n|switch|p2a: Kingambit|Kingambit, M|88\/100 brn\n|move|p1a: Clodsire|Earthquake|p2a: Kingambit\n|-supereffective|p2a: Kingambit\n|-damage|p2a: Kingambit|45\/100 brn\n|\n|-damage|p2a: Kingambit|39\/100 brn|[from] brn\n|upkeep\n|turn|36\n|\n|t:|1700913661\n|-end|p2a: Kingambit|fallenundefined|[silent]\n|switch|p2a: Landorus|Landorus-Therian, M|13\/100 brn\n|-ability|p2a: Landorus|Intimidate|boost\n|-unboost|p1a: Clodsire|atk|1\n|switch|p1a: Alomomola|Alomomola, F|100\/100\n|\n|-heal|p2a: Landorus|19\/100 brn|[from] item: Leftovers\n|-damage|p2a: Landorus|13\/100 brn|[from] brn\n|upkeep\n|turn|37\n|\n|t:|1700913669\n|switch|p2a: Ogerpon|Ogerpon-Wellspring, F|50\/100\n|switch|p1a: Toxapex|Toxapex, M|100\/100\n|\n|upkeep\n|turn|38\n|\n|t:|1700913677\n|move|p2a: Ogerpon|Power Whip|p1a: Toxapex\n|-damage|p1a: Toxapex|58\/100\n|move|p1a: Toxapex|Infestation|p2a: Ogerpon\n|-supereffective|p2a: Ogerpon\n|-damage|p2a: Ogerpon|43\/100\n|-activate|p2a: Ogerpon|move: Infestation|[of] p1a: Toxapex\n|\n|-damage|p2a: Ogerpon|31\/100|[from] move: Infestation|[partiallytrapped]\n|upkeep\n|turn|39\n|\n|t:|1700913689\n|move|p2a: Ogerpon|Encore|p1a: Toxapex\n|-start|p1a: Toxapex|Encore\n|move|p1a: Toxapex|Infestation|p2a: Ogerpon\n|-supereffective|p2a: Ogerpon\n|-damage|p2a: Ogerpon|24\/100\n|\n|-damage|p2a: Ogerpon|12\/100|[from] move: Infestation|[partiallytrapped]\n|upkeep\n|turn|40\n|\n|t:|1700913693\n|switch|p1a: Dondozo|Dondozo, M, tera:Grass|100\/100\n|move|p2a: Ogerpon|Power Whip|p1a: Dondozo\n|-resisted|p1a: Dondozo\n|-damage|p1a: Dondozo|84\/100\n|\n|-end|p2a: Ogerpon|Infestation|[partiallytrapped]|[silent]\n|upkeep\n|turn|41\n|\n|t:|1700913699\n|switch|p2a: Iron Moth|Iron Moth|78\/100\n|move|p1a: Dondozo|Heavy Slam|p2a: Iron Moth\n|-resisted|p2a: Iron Moth\n|-damage|p2a: Iron Moth|55\/100\n|\n|upkeep\n|turn|42\n|\n|t:|1700913705\n|switch|p1a: Clodsire|Clodsire, M|75\/100\n|move|p2a: Iron Moth|Overheat|p1a: Clodsire\n|-damage|p1a: Clodsire|14\/100\n|-unboost|p2a: Iron Moth|spa|2\n|\n|upkeep\n|turn|43\n|\n|t:|1700913711\n|switch|p1a: Blissey|Blissey, F, shiny|100\/100\n|move|p2a: Iron Moth|Overheat|p1a: Blissey\n|-damage|p1a: Blissey|86\/100\n|-unboost|p2a: Iron Moth|spa|2\n|\n|upkeep\n|turn|44\n|\n|t:|1700913715\n|-end|p2a: Iron Moth|Quark Drive|[silent]\n|switch|p2a: Gholdengo|Gholdengo|85\/100\n|move|p1a: Blissey|Stealth Rock|p2a: Gholdengo\n|-sidestart|p2: ShinyLibby|move: Stealth Rock\n|\n|upkeep\n|turn|45\n|\n|t:|1700913724\n|move|p2a: Gholdengo|Make It Rain|p1a: Blissey\n|-damage|p1a: Blissey|69\/100\n|-unboost|p2a: Gholdengo|spa|1\n|move|p1a: Blissey|Shadow Ball|p2a: Gholdengo\n|-supereffective|p2a: Gholdengo\n|-damage|p2a: Gholdengo|51\/100\n|\n|upkeep\n|turn|46\n|\n|t:|1700913730\n|switch|p2a: Iron Moth|Iron Moth|55\/100\n|-damage|p2a: Iron Moth|30\/100|[from] Stealth Rock\n|move|p1a: Blissey|Shadow Ball|p2a: Iron Moth\n|-damage|p2a: Iron Moth|15\/100\n|-unboost|p2a: Iron Moth|spd|1\n|\n|upkeep\n|turn|47\n|\n|t:|1700913734\n|move|p2a: Iron Moth|Psychic|p1a: Blissey\n|-damage|p1a: Blissey|55\/100\n|move|p1a: Blissey|Seismic Toss|p2a: Iron Moth\n|-damage|p2a: Iron Moth|0 fnt\n|faint|p2a: Iron Moth\n|-end|p2a: Iron Moth|Quark Drive|[silent]\n|\n|upkeep\n|-message|ShinyLibby forfeited.\n|\n|win|abegsw\n|raw|abegsw's rating: 1223 &rarr; <strong>1244<\/strong><br \/>(+21 for winning)\n|raw|ShinyLibby's rating: 1168 &rarr; <strong>1147<\/strong><br \/>(-21 for losing)\n|l|\u2606ShinyLibby\n","uploadtime":1700913743,"views":1,"p1id":"abegsw","p2id":"shinylibby","formatid":"gen9ou","rating":1147,"private":0,"password":""}