{"id":"gen9ou-1994886576","p1":"Alpinie","p2":"Songfossil","format":"[Gen 9] OU","log":"|j|\u203dAlpinie\n|j|\u2606Songfossil\n|t:|1700501750\n|gametype|singles\n|player|p1|Alpinie|veteran|1127\n|player|p2|Songfossil|1|1037\n|teamsize|p1|6\n|teamsize|p2|6\n|gen|9\n|tier|[Gen 9] OU\n|rated|\n|rule|Sleep Clause Mod: Limit one foe put to sleep\n|rule|Species Clause: Limit one of each Pok\u00e9mon\n|rule|OHKO Clause: OHKO moves are banned\n|rule|Evasion Items Clause: Evasion items are banned\n|rule|Evasion Moves Clause: Evasion moves are banned\n|rule|Endless Battle Clause: Forcing endless battles is banned\n|rule|HP Percentage Mod: HP is shown in percentages\n|clearpoke\n|poke|p1|Arcanine-Hisui, F|\n|poke|p1|Ribombee, F|\n|poke|p1|Great Tusk|\n|poke|p1|Ogerpon-Wellspring, F|\n|poke|p1|Samurott-Hisui, M|\n|poke|p1|Gholdengo|\n|poke|p2|Goodra-Hisui, M|\n|poke|p2|Thundurus-Therian, M|\n|poke|p2|Cinderace, M|\n|poke|p2|Landorus-Therian, M|\n|poke|p2|Kingambit, M|\n|poke|p2|Iron Valiant|\n|teampreview\n|\n|t:|1700501771\n|start\n|switch|p1a: Ribombee|Ribombee, F, shiny|100\/100\n|switch|p2a: Cinderace|Cinderace, M|100\/100\n|turn|1\n|\n|t:|1700501780\n|move|p1a: Ribombee|Moonblast|p2a: Cinderace\n|-resisted|p2a: Cinderace\n|-damage|p2a: Cinderace|78\/100\n|move|p2a: Cinderace|Pyro Ball|p1a: Ribombee\n|-supereffective|p1a: Ribombee\n|-enditem|p1a: Ribombee|Focus Sash\n|-damage|p1a: Ribombee|1\/100\n|\n|upkeep\n|turn|2\n|inactive|Battle timer is ON: inactive players will automatically lose when time's up. (requested by Alpinie)\n|\n|t:|1700501815\n|move|p1a: Ribombee|U-turn|p2a: Cinderace\n|-resisted|p2a: Cinderace\n|-damage|p2a: Cinderace|67\/100\n|n|\u2606Alpinie|alpinie\n|\n|t:|1700501843\n|switch|p1a: Great Tusk|Great Tusk|100\/100|[from] U-turn\n|move|p2a: Cinderace|U-turn|p1a: Great Tusk\n|-start|p2a: Cinderace|typechange|Bug|[from] ability: Libero\n|-resisted|p1a: Great Tusk\n|-damage|p1a: Great Tusk|91\/100\n|inactive|Songfossil has 120 seconds left.\n|\n|t:|1700501879\n|switch|p2a: Landorus|Landorus-Therian, M|100\/100|[from] U-turn\n|-ability|p2a: Landorus|Intimidate|boost\n|-unboost|p1a: Great Tusk|atk|1\n|\n|-heal|p1a: Great Tusk|98\/100|[from] item: Leftovers\n|upkeep\n|turn|3\n|inactive|Songfossil has 120 seconds left.\n|\n|t:|1700501889\n|move|p2a: Landorus|Grass Knot|p1a: Great Tusk\n|-supereffective|p1a: Great Tusk\n|-damage|p1a: Great Tusk|8\/100\n|move|p1a: Great Tusk|Ice Spinner|p2a: Landorus\n|-supereffective|p2a: Landorus\n|-damage|p2a: Landorus|14\/100\n|\n|-heal|p1a: Great Tusk|14\/100|[from] item: Leftovers\n|upkeep\n|turn|4\n|inactive|Songfossil has 120 seconds left.\n|\n|t:|1700501913\n|move|p2a: Landorus|Earthquake|p1a: Great Tusk\n|-damage|p1a: Great Tusk|0 fnt\n|faint|p1a: Great Tusk\n|-end|p1a: Great Tusk|Protosynthesis|[silent]\n|\n|upkeep\n|\n|t:|1700501922\n|switch|p1a: Samurott|Samurott-Hisui, M, shiny|100\/100\n|turn|5\n|inactive|Songfossil has 120 seconds left.\n|\n|t:|1700501929\n|move|p2a: Landorus|Stealth Rock|p1a: Samurott\n|-sidestart|p1: Alpinie|move: Stealth Rock\n|move|p1a: Samurott|Ceaseless Edge|p2a: Landorus\n|-damage|p2a: Landorus|0 fnt\n|-sidestart|p2: Songfossil|Spikes\n|faint|p2a: Landorus\n|\n|upkeep\n|inactive|Songfossil has 120 seconds left.\n|\n|t:|1700501945\n|switch|p2a: Cinderace|Cinderace, M|67\/100\n|turn|6\n|\n|t:|1700501953\n|move|p2a: Cinderace|Will-O-Wisp|p1a: Samurott\n|-status|p1a: Samurott|brn\n|move|p1a: Samurott|Razor Shell|p2a: Cinderace\n|-supereffective|p2a: Cinderace\n|-damage|p2a: Cinderace|0 fnt\n|faint|p2a: Cinderace\n|\n|-damage|p1a: Samurott|94\/100 brn|[from] brn\n|upkeep\n|\n|t:|1700501967\n|switch|p2a: Thundurus|Thundurus-Therian, M|100\/100\n|turn|7\n|\n|t:|1700501979\n|switch|p1a: Gholdengo|Gholdengo|100\/100\n|-damage|p1a: Gholdengo|94\/100|[from] Stealth Rock\n|-item|p1a: Gholdengo|Air Balloon\n|move|p2a: Thundurus|Volt Switch|p1a: Gholdengo\n|-damage|p1a: Gholdengo|19\/100\n|-enditem|p1a: Gholdengo|Air Balloon\n|inactive|Songfossil has 120 seconds left.\n|\n|t:|1700502006\n|switch|p2a: Iron Valiant|Iron Valiant|100\/100|[from] Volt Switch\n|-damage|p2a: Iron Valiant|88\/100|[from] Spikes\n|-enditem|p2a: Iron Valiant|Booster Energy\n|-activate|p2a: Iron Valiant|ability: Quark Drive|[fromitem]\n|-start|p2a: Iron Valiant|quarkdrivespe\n|\n|upkeep\n|turn|8\n|\n|t:|1700502011\n|move|p2a: Iron Valiant|Knock Off|p1a: Gholdengo\n|-supereffective|p1a: Gholdengo\n|-damage|p1a: Gholdengo|0 fnt\n|faint|p1a: Gholdengo\n|\n|upkeep\n|\n|t:|1700502017\n|switch|p1a: Ogerpon|Ogerpon-Wellspring, F|100\/100\n|-damage|p1a: Ogerpon|88\/100|[from] Stealth Rock\n|turn|9\n|inactive|Songfossil has 120 seconds left.\n|\n|t:|1700502037\n|move|p2a: Iron Valiant|Swords Dance|p2a: Iron Valiant\n|-boost|p2a: Iron Valiant|atk|2\n|move|p1a: Ogerpon|Ivy Cudgel|p2a: Iron Valiant|[anim] Ivy Cudgel Water\n|-damage|p2a: Iron Valiant|13\/100\n|\n|upkeep\n|turn|10\n|\n|t:|1700502046\n|move|p2a: Iron Valiant|Knock Off|p1a: Ogerpon\n|-damage|p1a: Ogerpon|24\/100\n|move|p1a: Ogerpon|Ivy Cudgel|p2a: Iron Valiant|[anim] Ivy Cudgel Water\n|-damage|p2a: Iron Valiant|0 fnt\n|faint|p2a: Iron Valiant\n|-end|p2a: Iron Valiant|Quark Drive|[silent]\n|\n|upkeep\n|inactive|Songfossil has 120 seconds left.\n|\n|t:|1700502066\n|switch|p2a: Kingambit|Kingambit, M|100\/100\n|-activate|p2a: Kingambit|ability: Supreme Overlord\n|-start|p2a: Kingambit|fallen3|[silent]\n|-item|p2a: Kingambit|Air Balloon\n|turn|11\n|\n|t:|1700502076\n|move|p2a: Kingambit|Sucker Punch|p1a: Ogerpon\n|-damage|p1a: Ogerpon|0 fnt\n|faint|p1a: Ogerpon\n|\n|upkeep\n|\n|t:|1700502082\n|switch|p1a: Ribombee|Ribombee, F, shiny|1\/100\n|-damage|p1a: Ribombee|0 fnt|[from] Stealth Rock\n|faint|p1a: Ribombee\n|\n|t:|1700502084\n|switch|p1a: Samurott|Samurott-Hisui, M, shiny|94\/100 brn\n|-damage|p1a: Samurott|82\/100 brn|[from] Stealth Rock\n|turn|12\n|inactive|Songfossil has 120 seconds left.\n|\n|t:|1700502101\n|-end|p2a: Kingambit|fallen3|[silent]\n|switch|p2a: Goodra|Goodra-Hisui, M|100\/100\n|-damage|p2a: Goodra|88\/100|[from] Spikes\n|move|p1a: Samurott|Taunt|p2a: Goodra\n|-start|p2a: Goodra|move: Taunt\n|\n|-damage|p1a: Samurott|76\/100 brn|[from] brn\n|upkeep\n|turn|13\n|\n|t:|1700502110\n|move|p1a: Samurott|Knock Off|p2a: Goodra\n|-damage|p2a: Goodra|67\/100\n|-enditem|p2a: Goodra|Assault Vest|[from] move: Knock Off|[of] p1a: Samurott\n|move|p2a: Goodra|Draco Meteor|p1a: Samurott\n|-damage|p1a: Samurott|0 fnt\n|-unboost|p2a: Goodra|spa|2\n|faint|p1a: Samurott\n|\n|upkeep\n|\n|t:|1700502116\n|switch|p1a: Arcanine|Arcanine-Hisui, F, shiny|100\/100\n|-damage|p1a: Arcanine|75\/100|[from] Stealth Rock\n|turn|14\n|\n|t:|1700502120\n|move|p1a: Arcanine|Flare Blitz|p2a: Goodra\n|-damage|p2a: Goodra|0 fnt\n|faint|p2a: Goodra\n|\n|upkeep\n|\n|t:|1700502123\n|switch|p2a: Thundurus|Thundurus-Therian, M|100\/100\n|turn|15\n|\n|t:|1700502127\n|move|p2a: Thundurus|Volt Switch|p1a: Arcanine\n|-damage|p1a: Arcanine|0 fnt\n|faint|p1a: Arcanine\n|\n|win|Songfossil\n|raw|Alpinie's rating: 1127 &rarr; <strong>1096<\/strong><br \/>(-31 for losing)\n|raw|Songfossil's rating: 1037 &rarr; <strong>1080<\/strong><br \/>(+43 for winning)\n","uploadtime":1700502159,"views":7,"p1id":"alpinie","p2id":"songfossil","formatid":"gen9ou","rating":1080,"private":0,"password":""}