{"id":"gen9ou-2000499341","p1":"datboydizznice","p2":"Kriminell","format":"[Gen 9] OU","log":"|j|\u2606datboydizznice\n|j|\u2606Kriminell\n|t:|1701199945\n|gametype|singles\n|player|p1|datboydizznice|palmer|1213\n|player|p2|Kriminell|265|1193\n|teamsize|p1|6\n|teamsize|p2|6\n|gen|9\n|tier|[Gen 9] OU\n|rated|\n|rule|Sleep Clause Mod: Limit one foe put to sleep\n|rule|Species Clause: Limit one of each Pok\u00e9mon\n|rule|OHKO Clause: OHKO moves are banned\n|rule|Evasion Items Clause: Evasion items are banned\n|rule|Evasion Moves Clause: Evasion moves are banned\n|rule|Endless Battle Clause: Forcing endless battles is banned\n|rule|HP Percentage Mod: HP is shown in percentages\n|clearpoke\n|poke|p1|Inteleon, M|\n|poke|p1|Sandy Shocks|\n|poke|p1|Iron Treads|\n|poke|p1|Dragonite, F|\n|poke|p1|Hatterene, F|\n|poke|p1|Ceruledge, M|\n|poke|p2|Kingambit, F|\n|poke|p2|Great Tusk|\n|poke|p2|Dragapult, M|\n|poke|p2|Ogerpon-Wellspring, F|\n|poke|p2|Blissey, F|\n|poke|p2|Zapdos|\n|teampreview\n|l|\u2606datboydizznice\n|player|p1|\n|inactive|Battle timer is ON: inactive players will automatically lose when time's up. (requested by Kriminell)\n|j|\u2606datboydizznice\n|inactive|datboydizznice reconnected and has 145 seconds left.\n|player|p1|datboydizznice|palmer\n|inactive|datboydizznice has 120 seconds left.\n|\n|t:|1701200005\n|start\n|switch|p1a: Iron Treads|Iron Treads|100\/100\n|switch|p2a: Zapdos|Zapdos|100\/100\n|turn|1\n|\n|t:|1701200013\n|move|p1a: Iron Treads|Iron Head|p2a: Zapdos\n|-resisted|p2a: Zapdos\n|-damage|p2a: Zapdos|85\/100\n|cant|p2a: Zapdos|flinch\n|\n|upkeep\n|turn|2\n|inactive|datboydizznice has 120 seconds left.\n|\n|t:|1701200045\n|move|p1a: Iron Treads|Iron Head|p2a: Zapdos\n|-resisted|p2a: Zapdos\n|-damage|p2a: Zapdos|71\/100\n|move|p2a: Zapdos|Heat Wave|p1a: Iron Treads|[miss]\n|-miss|p2a: Zapdos|p1a: Iron Treads\n|\n|upkeep\n|turn|3\n|inactive|datboydizznice has 120 seconds left.\n|\n|t:|1701200061\n|move|p1a: Iron Treads|Ice Spinner|p2a: Zapdos\n|-supereffective|p2a: Zapdos\n|-damage|p2a: Zapdos|32\/100\n|move|p2a: Zapdos|Heat Wave|p1a: Iron Treads|[miss]\n|-miss|p2a: Zapdos|p1a: Iron Treads\n|\n|upkeep\n|turn|4\n|inactive|datboydizznice has 120 seconds left.\n|\n|t:|1701200068\n|move|p1a: Iron Treads|Iron Head|p2a: Zapdos\n|-resisted|p2a: Zapdos\n|-crit|p2a: Zapdos\n|-damage|p2a: Zapdos|8\/100\n|-status|p1a: Iron Treads|par|[from] ability: Static|[of] p2a: Zapdos\n|move|p2a: Zapdos|Roost|p2a: Zapdos\n|-heal|p2a: Zapdos|58\/100\n|-singleturn|p2a: Zapdos|move: Roost\n|\n|upkeep\n|turn|5\n|\n|t:|1701200079\n|move|p2a: Zapdos|Heat Wave|p1a: Iron Treads\n|-supereffective|p1a: Iron Treads\n|-damage|p1a: Iron Treads|23\/100 par\n|move|p1a: Iron Treads|Ice Spinner|p2a: Zapdos\n|-supereffective|p2a: Zapdos\n|-damage|p2a: Zapdos|17\/100\n|\n|-heal|p1a: Iron Treads|30\/100 par|[from] item: Leftovers\n|upkeep\n|turn|6\n|\n|t:|1701200088\n|move|p2a: Zapdos|Roost|p2a: Zapdos\n|-heal|p2a: Zapdos|67\/100\n|-singleturn|p2a: Zapdos|move: Roost\n|move|p1a: Iron Treads|Ice Spinner|p2a: Zapdos\n|-damage|p2a: Zapdos|48\/100\n|\n|-heal|p1a: Iron Treads|36\/100 par|[from] item: Leftovers\n|upkeep\n|turn|7\n|\n|t:|1701200096\n|move|p2a: Zapdos|Roost|p2a: Zapdos\n|-heal|p2a: Zapdos|98\/100\n|-singleturn|p2a: Zapdos|move: Roost\n|cant|p1a: Iron Treads|par\n|\n|-heal|p1a: Iron Treads|42\/100 par|[from] item: Leftovers\n|upkeep\n|turn|8\n|\n|t:|1701200105\n|move|p2a: Zapdos|Heat Wave|p1a: Iron Treads\n|-supereffective|p1a: Iron Treads\n|-damage|p1a: Iron Treads|0 fnt\n|faint|p1a: Iron Treads\n|-end|p1a: Iron Treads|Quark Drive|[silent]\n|\n|upkeep\n|\n|t:|1701200111\n|switch|p1a: Hatterene|Hatterene, F|100\/100\n|turn|9\n|\n|t:|1701200118\n|move|p2a: Zapdos|Hurricane|p1a: Hatterene\n|-damage|p1a: Hatterene|64\/100\n|move|p1a: Hatterene|Calm Mind|p1a: Hatterene\n|-boost|p1a: Hatterene|spa|1\n|-boost|p1a: Hatterene|spd|1\n|\n|-heal|p1a: Hatterene|70\/100|[from] item: Leftovers\n|upkeep\n|turn|10\n|\n|t:|1701200123\n|move|p2a: Zapdos|Volt Switch|p1a: Hatterene\n|-damage|p1a: Hatterene|54\/100\n|\n|t:|1701200133\n|switch|p2a: Ogerpon|Ogerpon-Wellspring, F|100\/100|[from] Volt Switch\n|move|p1a: Hatterene|Calm Mind|p1a: Hatterene\n|-boost|p1a: Hatterene|spa|1\n|-boost|p1a: Hatterene|spd|1\n|\n|-heal|p1a: Hatterene|60\/100|[from] item: Leftovers\n|upkeep\n|turn|11\n|\n|t:|1701200140\n|move|p2a: Ogerpon|Encore|p1a: Hatterene\n|move|p1a: Hatterene|Encore||[from]ability: Magic Bounce|[still]\n|-fail|p1a: Hatterene\n|move|p1a: Hatterene|Draining Kiss|p2a: Ogerpon\n|-damage|p2a: Ogerpon|47\/100\n|-heal|p1a: Hatterene|99\/100|[from] drain|[of] p2a: Ogerpon\n|\n|-heal|p1a: Hatterene|100\/100|[from] item: Leftovers\n|upkeep\n|turn|12\n|\n|t:|1701200151\n|move|p2a: Ogerpon|Ivy Cudgel|p1a: Hatterene|[anim] Ivy Cudgel Water\n|-damage|p1a: Hatterene|34\/100\n|move|p1a: Hatterene|Stored Power|p2a: Ogerpon\n|-damage|p2a: Ogerpon|0 fnt\n|faint|p2a: Ogerpon\n|\n|-heal|p1a: Hatterene|39\/100|[from] item: Leftovers\n|upkeep\n|\n|t:|1701200163\n|switch|p2a: Great Tusk|Great Tusk|100\/100\n|turn|13\n|\n|t:|1701200167\n|-terastallize|p1a: Hatterene|Bug\n|move|p2a: Great Tusk|Knock Off|p1a: Hatterene\n|-damage|p1a: Hatterene|7\/100\n|-enditem|p1a: Hatterene|Leftovers|[from] move: Knock Off|[of] p2a: Great Tusk\n|move|p1a: Hatterene|Draining Kiss|p2a: Great Tusk\n|-supereffective|p2a: Great Tusk\n|-damage|p2a: Great Tusk|0 fnt\n|-heal|p1a: Hatterene|100\/100|[from] drain|[of] p2a: Great Tusk\n|faint|p2a: Great Tusk\n|-end|p2a: Great Tusk|Protosynthesis|[silent]\n|\n|upkeep\n|\n|t:|1701200179\n|switch|p2a: Kingambit|Kingambit, F|100\/100\n|-activate|p2a: Kingambit|ability: Supreme Overlord\n|-start|p2a: Kingambit|fallen2|[silent]\n|turn|14\n|\n|t:|1701200186\n|move|p2a: Kingambit|Swords Dance|p2a: Kingambit\n|-boost|p2a: Kingambit|atk|2\n|move|p1a: Hatterene|Nuzzle|p2a: Kingambit\n|-damage|p2a: Kingambit|97\/100\n|-status|p2a: Kingambit|par\n|\n|upkeep\n|turn|15\n|\n|t:|1701200193\n|move|p1a: Hatterene|Draining Kiss|p2a: Kingambit\n|-damage|p2a: Kingambit|46\/100 par\n|cant|p2a: Kingambit|par\n|\n|upkeep\n|turn|16\n|\n|t:|1701200208\n|move|p2a: Kingambit|Sucker Punch|p1a: Hatterene\n|-damage|p1a: Hatterene|0 fnt\n|faint|p1a: Hatterene\n|\n|upkeep\n|\n|t:|1701200212\n|switch|p1a: Ceruledge|Ceruledge, M, shiny|100\/100\n|turn|17\n|\n|t:|1701200222\n|-end|p2a: Kingambit|fallen2|[silent]\n|switch|p2a: Zapdos|Zapdos|98\/100\n|move|p1a: Ceruledge|Bitter Blade|p2a: Zapdos\n|-damage|p2a: Zapdos|60\/100\n|-status|p1a: Ceruledge|par|[from] ability: Static|[of] p2a: Zapdos\n|\n|upkeep\n|turn|18\n|\n|t:|1701200230\n|move|p2a: Zapdos|Roost|p2a: Zapdos\n|-heal|p2a: Zapdos|100\/100\n|-singleturn|p2a: Zapdos|move: Roost\n|move|p1a: Ceruledge|Swords Dance|p1a: Ceruledge\n|-boost|p1a: Ceruledge|atk|2\n|\n|upkeep\n|turn|19\n|\n|t:|1701200238\n|move|p2a: Zapdos|Hurricane|p1a: Ceruledge\n|-damage|p1a: Ceruledge|48\/100 par\n|move|p1a: Ceruledge|Bitter Blade|p2a: Zapdos\n|-damage|p2a: Zapdos|26\/100\n|-heal|p1a: Ceruledge|97\/100 par|[from] drain|[of] p2a: Zapdos\n|\n|upkeep\n|turn|20\n|\n|t:|1701200247\n|move|p2a: Zapdos|Roost|p2a: Zapdos\n|-heal|p2a: Zapdos|76\/100\n|-singleturn|p2a: Zapdos|move: Roost\n|move|p1a: Ceruledge|Bitter Blade|p2a: Zapdos\n|-damage|p2a: Zapdos|0 fnt\n|-heal|p1a: Ceruledge|100\/100 par|[from] drain|[of] p2a: Zapdos\n|faint|p2a: Zapdos\n|\n|upkeep\n|\n|t:|1701200257\n|switch|p2a: Kingambit|Kingambit, F|46\/100 par\n|-activate|p2a: Kingambit|ability: Supreme Overlord\n|-start|p2a: Kingambit|fallen3|[silent]\n|turn|21\n|\n|t:|1701200264\n|move|p2a: Kingambit|Sucker Punch|p1a: Ceruledge\n|-supereffective|p1a: Ceruledge\n|-enditem|p1a: Ceruledge|Focus Sash\n|-damage|p1a: Ceruledge|1\/100 par\n|-ability|p1a: Ceruledge|Weak Armor|boost\n|-unboost|p1a: Ceruledge|def|1\n|-boost|p1a: Ceruledge|spe|2\n|move|p1a: Ceruledge|Bitter Blade|p2a: Kingambit\n|-supereffective|p2a: Kingambit\n|-damage|p2a: Kingambit|0 fnt\n|-heal|p1a: Ceruledge|30\/100 par|[from] drain|[of] p2a: Kingambit\n|faint|p2a: Kingambit\n|-end|p2a: Kingambit|fallen3|[silent]\n|\n|upkeep\n|\n|t:|1701200274\n|switch|p2a: Dragapult|Dragapult, M|100\/100\n|turn|22\n|\n|t:|1701200279\n|move|p2a: Dragapult|Shadow Ball|p1a: Ceruledge\n|-supereffective|p1a: Ceruledge\n|-damage|p1a: Ceruledge|0 fnt\n|faint|p1a: Ceruledge\n|\n|upkeep\n|\n|t:|1701200284\n|switch|p1a: Sandy Shocks|Sandy Shocks|100\/100\n|-enditem|p1a: Sandy Shocks|Booster Energy\n|-activate|p1a: Sandy Shocks|ability: Protosynthesis|[fromitem]\n|-start|p1a: Sandy Shocks|protosynthesisspe\n|turn|23\n|\n|t:|1701200292\n|switch|p2a: Blissey|Blissey, F|100\/100\n|move|p1a: Sandy Shocks|Earth Power|p2a: Blissey\n|-damage|p2a: Blissey|85\/100\n|\n|upkeep\n|turn|24\n|\n|t:|1701200299\n|move|p1a: Sandy Shocks|Stealth Rock|p2a: Blissey\n|-sidestart|p2: Kriminell|move: Stealth Rock\n|move|p2a: Blissey|Stealth Rock|p1a: Sandy Shocks\n|-sidestart|p1: datboydizznice|move: Stealth Rock\n|\n|upkeep\n|turn|25\n|\n|t:|1701200304\n|move|p1a: Sandy Shocks|Discharge|p2a: Blissey\n|-damage|p2a: Blissey|70\/100\n|-status|p2a: Blissey|par\n|move|p2a: Blissey|Seismic Toss|p1a: Sandy Shocks\n|-damage|p1a: Sandy Shocks|68\/100\n|\n|upkeep\n|turn|26\n|\n|t:|1701200312\n|move|p1a: Sandy Shocks|Earth Power|p2a: Blissey\n|-damage|p2a: Blissey|55\/100 par\n|move|p2a: Blissey|Seismic Toss|p1a: Sandy Shocks\n|-damage|p1a: Sandy Shocks|36\/100\n|\n|upkeep\n|turn|27\n|\n|t:|1701200317\n|move|p1a: Sandy Shocks|Earth Power|p2a: Blissey\n|-damage|p2a: Blissey|41\/100 par\n|move|p2a: Blissey|Soft-Boiled|p2a: Blissey\n|-heal|p2a: Blissey|91\/100 par\n|\n|upkeep\n|turn|28\n|\n|t:|1701200323\n|move|p1a: Sandy Shocks|Earth Power|p2a: Blissey\n|-damage|p2a: Blissey|76\/100 par\n|move|p2a: Blissey|Seismic Toss|p1a: Sandy Shocks\n|-damage|p1a: Sandy Shocks|4\/100\n|\n|upkeep\n|turn|29\n|\n|t:|1701200330\n|move|p1a: Sandy Shocks|Earth Power|p2a: Blissey\n|-damage|p2a: Blissey|59\/100 par\n|cant|p2a: Blissey|par\n|\n|upkeep\n|turn|30\n|\n|t:|1701200337\n|move|p1a: Sandy Shocks|Earth Power|p2a: Blissey\n|-damage|p2a: Blissey|44\/100 par\n|cant|p2a: Blissey|par\n|\n|upkeep\n|turn|31\n|\n|t:|1701200358\n|move|p1a: Sandy Shocks|Earth Power|p2a: Blissey\n|-damage|p2a: Blissey|27\/100 par\n|move|p2a: Blissey|Soft-Boiled|p2a: Blissey\n|-heal|p2a: Blissey|77\/100 par\n|\n|upkeep\n|turn|32\n|\n|t:|1701200367\n|move|p1a: Sandy Shocks|Earth Power|p2a: Blissey\n|-damage|p2a: Blissey|62\/100 par\n|move|p2a: Blissey|Soft-Boiled|p2a: Blissey\n|-heal|p2a: Blissey|100\/100 par\n|\n|upkeep\n|turn|33\n|\n|t:|1701200374\n|move|p1a: Sandy Shocks|Earth Power|p2a: Blissey\n|-damage|p2a: Blissey|84\/100 par\n|move|p2a: Blissey|Seismic Toss|p1a: Sandy Shocks\n|-damage|p1a: Sandy Shocks|0 fnt\n|faint|p1a: Sandy Shocks\n|-end|p1a: Sandy Shocks|Protosynthesis|[silent]\n|\n|upkeep\n|\n|t:|1701200380\n|switch|p1a: Dragonite|Dragonite, F|100\/100\n|turn|34\n|\n|t:|1701200386\n|move|p1a: Dragonite|Dragon Dance|p1a: Dragonite\n|-boost|p1a: Dragonite|atk|1\n|-boost|p1a: Dragonite|spe|1\n|move|p2a: Blissey|Seismic Toss|p1a: Dragonite\n|-damage|p1a: Dragonite|70\/100\n|\n|upkeep\n|turn|35\n|\n|t:|1701200393\n|move|p1a: Dragonite|Extreme Speed|p2a: Blissey\n|-damage|p2a: Blissey|49\/100 par\n|cant|p2a: Blissey|par\n|\n|upkeep\n|turn|36\n|\n|t:|1701200399\n|move|p1a: Dragonite|Dragon Dance|p1a: Dragonite\n|-boost|p1a: Dragonite|atk|1\n|-boost|p1a: Dragonite|spe|1\n|move|p2a: Blissey|Soft-Boiled|p2a: Blissey\n|-heal|p2a: Blissey|99\/100 par\n|\n|upkeep\n|turn|37\n|\n|t:|1701200406\n|move|p1a: Dragonite|Roost|p1a: Dragonite\n|-heal|p1a: Dragonite|100\/100\n|-singleturn|p1a: Dragonite|move: Roost\n|move|p2a: Blissey|Seismic Toss|p1a: Dragonite\n|-damage|p1a: Dragonite|70\/100\n|\n|upkeep\n|turn|38\n|\n|t:|1701200413\n|move|p1a: Dragonite|Extreme Speed|p2a: Blissey\n|-damage|p2a: Blissey|46\/100 par\n|move|p2a: Blissey|Seismic Toss|p1a: Dragonite\n|-damage|p1a: Dragonite|39\/100\n|\n|upkeep\n|turn|39\n|\n|t:|1701200420\n|-terastallize|p2a: Blissey|Ghost\n|move|p1a: Dragonite|Fire Punch|p2a: Blissey\n|-damage|p2a: Blissey|0 fnt\n|faint|p2a: Blissey\n|\n|upkeep\n|\n|t:|1701200426\n|switch|p2a: Dragapult|Dragapult, M|100\/100\n|-damage|p2a: Dragapult|88\/100|[from] Stealth Rock\n|turn|40\n|\n|t:|1701200432\n|move|p1a: Dragonite|Fire Punch|p2a: Dragapult\n|-resisted|p2a: Dragapult\n|-damage|p2a: Dragapult|50\/100\n|move|p2a: Dragapult|Shadow Ball|p1a: Dragonite\n|-damage|p1a: Dragonite|0 fnt\n|faint|p1a: Dragonite\n|\n|upkeep\n|\n|t:|1701200438\n|switch|p1a: James Bond|Inteleon, M, shiny|100\/100\n|-damage|p1a: James Bond|88\/100|[from] Stealth Rock\n|turn|41\n|\n|t:|1701200442\n|move|p2a: Dragapult|Shadow Ball|p1a: James Bond\n|-damage|p1a: James Bond|0 fnt\n|faint|p1a: James Bond\n|\n|win|Kriminell\n|raw|datboydizznice's rating: 1213 &rarr; <strong>1187<\/strong><br \/>(-26 for losing)\n|raw|Kriminell's rating: 1193 &rarr; <strong>1219<\/strong><br \/>(+26 for winning)\n","uploadtime":1701200458,"views":2,"p1id":"datboydizznice","p2id":"kriminell","formatid":"gen9ou","rating":1187,"private":0,"password":""}