{"id":"gen9ou-1991191922","p1":"Skaraptor2.1","p2":"priviteran","format":"[Gen 9] OU","log":"|j|\u2606Skaraptor2.1\n|j|\u2606priviteran\n|t:|1700055541\n|gametype|singles\n|player|p1|Skaraptor2.1|bodybuilderf-gen9|1273\n|player|p2|priviteran|266|1303\n|teamsize|p1|6\n|teamsize|p2|6\n|gen|9\n|tier|[Gen 9] OU\n|rated|\n|rule|Sleep Clause Mod: Limit one foe put to sleep\n|rule|Species Clause: Limit one of each Pok\u00e9mon\n|rule|OHKO Clause: OHKO moves are banned\n|rule|Evasion Items Clause: Evasion items are banned\n|rule|Evasion Moves Clause: Evasion moves are banned\n|rule|Endless Battle Clause: Forcing endless battles is banned\n|rule|HP Percentage Mod: HP is shown in percentages\n|clearpoke\n|poke|p1|Ribombee, M|\n|poke|p1|Ogerpon-Wellspring, F|\n|poke|p1|Cyclizar, F|\n|poke|p1|Zamazenta-*|\n|poke|p1|Iron Valiant|\n|poke|p1|Kingambit, F|\n|poke|p2|Zapdos|\n|poke|p2|Manaphy|\n|poke|p2|Ogerpon, F|\n|poke|p2|Landorus-Therian, M|\n|poke|p2|Cinderace, F|\n|poke|p2|Kingambit, M|\n|teampreview\n|inactive|Battle timer is ON: inactive players will automatically lose when time's up. (requested by Skaraptor2.1)\n|j| dinosaurmeat\n|\n|t:|1700055553\n|start\n|switch|p1a: Wheelie|Cyclizar, F|100\/100\n|switch|p2a: Landorus|Landorus-Therian, M|100\/100\n|-ability|p2a: Landorus|Intimidate|boost\n|-unboost|p1a: Wheelie|atk|1\n|turn|1\n|\n|t:|1700055556\n|move|p1a: Wheelie|Knock Off|p2a: Landorus\n|-damage|p2a: Landorus|87\/100\n|-damage|p1a: Wheelie|84\/100|[from] item: Rocky Helmet|[of] p2a: Landorus\n|-enditem|p2a: Landorus|Rocky Helmet|[from] move: Knock Off|[of] p1a: Wheelie\n|move|p2a: Landorus|Stealth Rock|p1a: Wheelie\n|-sidestart|p1: Skaraptor2.1|move: Stealth Rock\n|\n|upkeep\n|turn|2\n|\n|t:|1700055561\n|move|p1a: Wheelie|Rapid Spin|p2a: Landorus\n|-damage|p2a: Landorus|77\/100\n|-boost|p1a: Wheelie|spe|1\n|-sideend|p1: Skaraptor2.1|Stealth Rock|[from] move: Rapid Spin|[of] p1a: Wheelie\n|move|p2a: Landorus|Earthquake|p1a: Wheelie\n|-damage|p1a: Wheelie|4\/100\n|\n|upkeep\n|turn|3\n|\n|t:|1700055564\n|move|p1a: Wheelie|U-turn|p2a: Landorus\n|-resisted|p2a: Landorus\n|-damage|p2a: Landorus|72\/100\n|\n|t:|1700055567\n|switch|p1a: Transfem|Ogerpon-Wellspring, F|100\/100|[from] U-turn\n|move|p2a: Landorus|Stealth Rock|p1a: Transfem\n|-sidestart|p1: Skaraptor2.1|move: Stealth Rock\n|\n|upkeep\n|turn|4\n|\n|t:|1700055575\n|switch|p2a: Zapdos|Zapdos|100\/100\n|-ability|p2a: Zapdos|Pressure\n|move|p1a: Transfem|Ivy Cudgel|p2a: Zapdos|[anim] Ivy Cudgel Water\n|-crit|p2a: Zapdos\n|-damage|p2a: Zapdos|0 fnt\n|faint|p2a: Zapdos\n|\n|upkeep\n|\n|t:|1700055582\n|switch|p2a: Ogerpon|Ogerpon, F|100\/100\n|turn|5\n|\n|t:|1700055593\n|-terastallize|p2a: Ogerpon|Grass\n|detailschange|p2a: Ogerpon|Ogerpon-Teal-Tera, F, tera:Grass\n|-ability|p2a: Ogerpon|Embody Aspect (Teal)|boost\n|-boost|p2a: Ogerpon|spe|1\n|move|p2a: Ogerpon|Ivy Cudgel|p1a: Transfem\n|-damage|p1a: Transfem|0 fnt\n|faint|p1a: Transfem\n|\n|upkeep\n|\n|t:|1700055598\n|switch|p1a: Defender of Trans|Zamazenta, shiny|100\/100\n|-damage|p1a: Defender of Trans|94\/100|[from] Stealth Rock\n|-ability|p1a: Defender of Trans|Dauntless Shield|boost\n|-boost|p1a: Defender of Trans|def|1\n|turn|6\n|\n|t:|1700055605\n|switch|p2a: Manaphy|Manaphy|100\/100\n|move|p1a: Defender of Trans|Iron Defense|p1a: Defender of Trans\n|-boost|p1a: Defender of Trans|def|2\n|\n|-heal|p1a: Defender of Trans|100\/100|[from] item: Leftovers\n|upkeep\n|turn|7\n|\n|t:|1700055614\n|move|p1a: Defender of Trans|Body Press|p2a: Manaphy\n|-damage|p2a: Manaphy|38\/100\n|move|p2a: Manaphy|Acid Armor|p2a: Manaphy\n|-boost|p2a: Manaphy|def|2\n|\n|-heal|p2a: Manaphy|44\/100|[from] item: Leftovers\n|upkeep\n|turn|8\n|\n|t:|1700055624\n|move|p1a: Defender of Trans|Iron Defense|p1a: Defender of Trans\n|-boost|p1a: Defender of Trans|def|2\n|move|p2a: Manaphy|Acid Armor|p2a: Manaphy\n|-boost|p2a: Manaphy|def|2\n|\n|-heal|p2a: Manaphy|50\/100|[from] item: Leftovers\n|upkeep\n|turn|9\n|\n|t:|1700055630\n|move|p1a: Defender of Trans|Body Press|p2a: Manaphy\n|-crit|p2a: Manaphy\n|-damage|p2a: Manaphy|0 fnt\n|faint|p2a: Manaphy\n|\n|upkeep\n|\n|t:|1700055635\n|switch|p2a: Cinderace|Cinderace, F|100\/100\n|turn|10\n|\n|t:|1700055662\n|-terastallize|p1a: Defender of Trans|Fire\n|move|p2a: Cinderace|Will-O-Wisp|p1a: Defender of Trans\n|-immune|p1a: Defender of Trans\n|move|p1a: Defender of Trans|Body Press|p2a: Cinderace\n|-damage|p2a: Cinderace|0 fnt\n|faint|p2a: Cinderace\n|\n|upkeep\n|\n|t:|1700055667\n|switch|p2a: Landorus|Landorus-Therian, M|72\/100\n|-ability|p2a: Landorus|Intimidate|boost\n|-unboost|p1a: Defender of Trans|atk|1\n|turn|11\n|\n|t:|1700055669\n|move|p1a: Defender of Trans|Body Press|p2a: Landorus\n|-resisted|p2a: Landorus\n|-damage|p2a: Landorus|28\/100\n|move|p2a: Landorus|Earthquake|p1a: Defender of Trans\n|-supereffective|p1a: Defender of Trans\n|-damage|p1a: Defender of Trans|80\/100\n|\n|-heal|p1a: Defender of Trans|87\/100|[from] item: Leftovers\n|upkeep\n|turn|12\n|\n|t:|1700055675\n|move|p1a: Defender of Trans|Body Press|p2a: Landorus\n|-resisted|p2a: Landorus\n|-damage|p2a: Landorus|0 fnt\n|faint|p2a: Landorus\n|\n|-heal|p1a: Defender of Trans|93\/100|[from] item: Leftovers\n|upkeep\n|-message|priviteran forfeited.\n|\n|win|Skaraptor2.1\n|raw|Skaraptor2.1's rating: 1273 &rarr; <strong>1300<\/strong><br \/>(+27 for winning)\n|raw|priviteran's rating: 1303 &rarr; <strong>1281<\/strong><br \/>(-22 for losing)\n|l|\u2606priviteran\n","uploadtime":1700055686,"views":4,"p1id":"skaraptor21","p2id":"priviteran","formatid":"gen9ou","rating":1281,"private":0,"password":""}