{"id":"gen9ou-1989514229","p1":"Pickedman","p2":"Flameorbjolt","format":"[Gen 9] OU","log":"|j|\u2606Pickedman\n|j|\u2606Flameorbjolt\n|t:|1699863740\n|gametype|singles\n|player|p1|Pickedman|zinnia|\n|player|p2|Flameorbjolt|cheren-gen5bw2|\n|teamsize|p1|6\n|teamsize|p2|6\n|gen|9\n|tier|[Gen 9] OU\n|rule|Sleep Clause Mod: Limit one foe put to sleep\n|rule|Species Clause: Limit one of each Pok\u00e9mon\n|rule|OHKO Clause: OHKO moves are banned\n|rule|Evasion Items Clause: Evasion items are banned\n|rule|Evasion Moves Clause: Evasion moves are banned\n|rule|Endless Battle Clause: Forcing endless battles is banned\n|rule|HP Percentage Mod: HP is shown in percentages\n|clearpoke\n|poke|p1|Meowscarada, F|\n|poke|p1|Rotom-Wash|\n|poke|p1|Ogerpon-Wellspring, F|\n|poke|p1|Alomomola, M|\n|poke|p1|Zamazenta-*|\n|poke|p1|Kingambit, F|\n|poke|p2|Goodra, F|\n|poke|p2|Copperajah, M|\n|poke|p2|Altaria, M|\n|poke|p2|Bronzong|\n|poke|p2|Scyther, F|\n|poke|p2|Froslass, F|\n|teampreview\n|c|\u2606Pickedman|pu ass\n|c|\u2606Flameorbjolt|nu actually\n|\n|t:|1699863755\n|start\n|switch|p1a: Meowscarada|Meowscarada, F|100\/100\n|switch|p2a: Froslass|Froslass, F|100\/100\n|turn|1\n|\n|t:|1699863763\n|move|p1a: Meowscarada|Knock Off|p2a: Froslass\n|-start|p1a: Meowscarada|typechange|Dark|[from] ability: Protean\n|-supereffective|p2a: Froslass\n|-enditem|p2a: Froslass|Focus Sash\n|-damage|p2a: Froslass|1\/100\n|move|p2a: Froslass|Will-O-Wisp|p1a: Meowscarada\n|-status|p1a: Meowscarada|brn\n|\n|-damage|p1a: Meowscarada|94\/100 brn|[from] brn\n|upkeep\n|turn|2\n|\n|t:|1699863767\n|move|p1a: Meowscarada|Knock Off|p2a: Froslass\n|-supereffective|p2a: Froslass\n|-damage|p2a: Froslass|0 fnt\n|-start|p1a: Meowscarada|Disable|Knock Off|[from] ability: Cursed Body|[of] p2a: Froslass\n|faint|p2a: Froslass\n|\n|-damage|p1a: Meowscarada|88\/100 brn|[from] brn\n|upkeep\n|\n|t:|1699863770\n|switch|p2a: Scyther|Scyther, F|100\/100\n|turn|3\n|\n|t:|1699863774\n|switch|p1a: Alomomola|Alomomola, M|100\/100\n|move|p2a: Scyther|Swords Dance|p2a: Scyther\n|-boost|p2a: Scyther|atk|2\n|\n|upkeep\n|turn|4\n|c|\u2606Flameorbjolt|okay\n|c|\u2606Flameorbjolt|scald\n|c|\u2606Flameorbjolt|no burn\n|\n|t:|1699863786\n|move|p2a: Scyther|Swords Dance|p2a: Scyther\n|-boost|p2a: Scyther|atk|2\n|move|p1a: Alomomola|Scald|p2a: Scyther\n|-crit|p2a: Scyther\n|-damage|p2a: Scyther|70\/100\n|\n|upkeep\n|turn|5\n|c|\u2606Flameorbjolt|thank you\n|\n|t:|1699863794\n|move|p2a: Scyther|Dual Wingbeat|p1a: Alomomola\n|-damage|p1a: Alomomola|55\/100\n|-damage|p1a: Alomomola|9\/100\n|-hitcount|p1a: Alomomola|2\n|move|p1a: Alomomola|Scald|p2a: Scyther\n|-damage|p2a: Scyther|48\/100\n|\n|upkeep\n|turn|6\n|c|\u2606Flameorbjolt|les go\n|\n|t:|1699863802\n|move|p1a: Alomomola|Protect|p1a: Alomomola\n|-singleturn|p1a: Alomomola|Protect\n|move|p2a: Scyther|Quick Attack|p1a: Alomomola\n|-activate|p1a: Alomomola|move: Protect\n|\n|upkeep\n|turn|7\n|\n|t:|1699863808\n|switch|p1a: Rotom|Rotom-Wash|100\/100\n|move|p2a: Scyther|Quick Attack|p1a: Rotom\n|-damage|p1a: Rotom|46\/100\n|\n|upkeep\n|turn|8\n|c|\u2606Flameorbjolt|ohmy lor\n|c|\u2606Flameorbjolt|d\n|\n|t:|1699863816\n|move|p2a: Scyther|Quick Attack|p1a: Rotom\n|-damage|p1a: Rotom|0 fnt\n|faint|p1a: Rotom\n|\n|upkeep\n|\n|t:|1699863818\n|switch|p1a: Alomomola|Alomomola, M|42\/100\n|turn|9\n|\n|t:|1699863825\n|switch|p1a: Meowscarada|Meowscarada, F|88\/100 brn\n|move|p2a: Scyther|Swords Dance|p2a: Scyther\n|-boost|p2a: Scyther|atk|2\n|\n|-damage|p1a: Meowscarada|82\/100 brn|[from] brn\n|upkeep\n|turn|10\n|\n|t:|1699863830\n|move|p2a: Scyther|Quick Attack|p1a: Meowscarada\n|-damage|p1a: Meowscarada|0 fnt\n|faint|p1a: Meowscarada\n|\n|upkeep\n|c|\u2606Flameorbjolt|omgggg\n|\n|t:|1699863837\n|switch|p1a: Kingambit|Kingambit, F|100\/100\n|-activate|p1a: Kingambit|ability: Supreme Overlord\n|-start|p1a: Kingambit|fallen2|[silent]\n|turn|11\n|c|\u2606Flameorbjolt|syther\n|\n|t:|1699863842\n|move|p2a: Scyther|Close Combat|p1a: Kingambit\n|-supereffective|p1a: Kingambit\n|-damage|p1a: Kingambit|0 fnt\n|-unboost|p2a: Scyther|def|1\n|-unboost|p2a: Scyther|spd|1\n|faint|p1a: Kingambit\n|-end|p1a: Kingambit|fallen2|[silent]\n|\n|upkeep\n|c|\u2606Flameorbjolt|gg lmao\n|\n|t:|1699863848\n|switch|p1a: Zamazenta|Zamazenta|100\/100\n|-ability|p1a: Zamazenta|Dauntless Shield|boost\n|-boost|p1a: Zamazenta|def|1\n|turn|12\n|c|\u2606Flameorbjolt|lost to nu\n|\n|t:|1699863858\n|-terastallize|p1a: Zamazenta|Steel\n|-terastallize|p2a: Scyther|Normal\n|move|p2a: Scyther|Quick Attack|p1a: Zamazenta\n|-resisted|p1a: Zamazenta\n|-damage|p1a: Zamazenta|64\/100\n|move|p1a: Zamazenta|Heavy Slam|p2a: Scyther\n|-damage|p2a: Scyther|0 fnt\n|faint|p2a: Scyther\n|\n|upkeep\n|c|\u2606Flameorbjolt|wyhat the fuck\n|\n|t:|1699863867\n|switch|p2a: Bronzong|Bronzong|100\/100\n|turn|13\n|\n|t:|1699863871\n|switch|p1a: Alomomola|Alomomola, M|76\/100\n|move|p2a: Bronzong|Iron Defense|p2a: Bronzong\n|-boost|p2a: Bronzong|def|2\n|\n|upkeep\n|turn|14\n|\n|t:|1699863876\n|move|p1a: Alomomola|Scald|p2a: Bronzong\n|-damage|p2a: Bronzong|89\/100\n|move|p2a: Bronzong|Body Press|p1a: Alomomola\n|-damage|p1a: Alomomola|54\/100\n|\n|-heal|p2a: Bronzong|95\/100|[from] item: Leftovers\n|upkeep\n|turn|15\n|\n|t:|1699863880\n|move|p1a: Alomomola|Scald|p2a: Bronzong\n|-damage|p2a: Bronzong|82\/100\n|move|p2a: Bronzong|Iron Defense|p2a: Bronzong\n|-boost|p2a: Bronzong|def|2\n|\n|-heal|p2a: Bronzong|89\/100|[from] item: Leftovers\n|upkeep\n|turn|16\n|\n|t:|1699863889\n|move|p1a: Alomomola|Scald|p2a: Bronzong\n|-damage|p2a: Bronzong|76\/100\n|move|p2a: Bronzong|Iron Defense|p2a: Bronzong\n|-boost|p2a: Bronzong|def|2\n|\n|-heal|p2a: Bronzong|82\/100|[from] item: Leftovers\n|upkeep\n|turn|17\n|c|\u2606Flameorbjolt|no burns\n|\n|t:|1699863894\n|move|p1a: Alomomola|Scald|p2a: Bronzong\n|-damage|p2a: Bronzong|70\/100\n|move|p2a: Bronzong|Body Press|p1a: Alomomola\n|-damage|p1a: Alomomola|12\/100\n|\n|-heal|p2a: Bronzong|77\/100|[from] item: Leftovers\n|upkeep\n|turn|18\n|c|\u2606Flameorbjolt|we take thise\n|\n|t:|1699863900\n|move|p1a: Alomomola|Wish|p1a: Alomomola\n|move|p2a: Bronzong|Body Press|p1a: Alomomola\n|-damage|p1a: Alomomola|0 fnt\n|faint|p1a: Alomomola\n|\n|-heal|p2a: Bronzong|83\/100|[from] item: Leftovers\n|upkeep\n|\n|t:|1699863905\n|switch|p1a: Ogerpon|Ogerpon-Wellspring, F|100\/100\n|turn|19\n|\n|t:|1699863909\n|move|p1a: Ogerpon|Knock Off|p2a: Bronzong\n|-supereffective|p2a: Bronzong\n|-damage|p2a: Bronzong|65\/100\n|-enditem|p2a: Bronzong|Leftovers|[from] move: Knock Off|[of] p1a: Ogerpon\n|move|p2a: Bronzong|Body Press|p1a: Ogerpon\n|-damage|p1a: Ogerpon|0 fnt\n|faint|p1a: Ogerpon\n|\n|upkeep\n|\n|t:|1699863913\n|switch|p1a: Zamazenta|Zamazenta, tera:Steel|64\/100\n|turn|20\n|c|\u2606Flameorbjolt|gg\n|c|\u2606Flameorbjolt|I AM HIM\n|c|\u2606Pickedman|what the hell\n|c|\u2606Pickedman|gg\n|\n|t:|1699863922\n|move|p1a: Zamazenta|Wild Charge|p2a: Bronzong\n|-damage|p2a: Bronzong|55\/100\n|-damage|p1a: Zamazenta|62\/100|[from] Recoil\n|move|p2a: Bronzong|Body Press|p1a: Zamazenta\n|-supereffective|p1a: Zamazenta\n|-damage|p1a: Zamazenta|0 fnt\n|faint|p1a: Zamazenta\n|\n|win|Flameorbjolt\n|l|\u2606Pickedman\n","uploadtime":1699863928,"views":9,"p1id":"pickedman","p2id":"flameorbjolt","formatid":"gen9ou","rating":0,"private":0,"password":""}