{"id":"gen9ou-1996859666","p1":"Zarroc1994","p2":"xxxlaniusxxx","format":"[Gen 9] OU","log":"|j|\u2606Zarroc1994\n|j|\u2606xxxlaniusxxx\n|t:|1700736606\n|gametype|singles\n|player|p1|Zarroc1994|2|\n|player|p2|xxxlaniusxxx|cynthia|\n|teamsize|p1|6\n|teamsize|p2|6\n|gen|9\n|tier|[Gen 9] OU\n|rule|Sleep Clause Mod: Limit one foe put to sleep\n|rule|Species Clause: Limit one of each Pok\u00e9mon\n|rule|OHKO Clause: OHKO moves are banned\n|rule|Evasion Items Clause: Evasion items are banned\n|rule|Evasion Moves Clause: Evasion moves are banned\n|rule|Endless Battle Clause: Forcing endless battles is banned\n|rule|HP Percentage Mod: HP is shown in percentages\n|clearpoke\n|poke|p1|Pelipper, F|\n|poke|p1|Floatzel, F|\n|poke|p1|Basculegion, M|\n|poke|p1|Golduck, F|\n|poke|p1|Walking Wake|\n|poke|p1|Pawmot, F|\n|poke|p2|Torkoal, M|\n|poke|p2|Walking Wake|\n|poke|p2|Heatran, M|\n|poke|p2|Great Tusk|\n|poke|p2|Kingambit, M|\n|poke|p2|Enamorus, F|\n|teampreview\n|c|\u2606xxxlaniusxxx|viel spa\u00df\n|c|\u2606Zarroc1994|ebenfalls\n|\n|t:|1700736640\n|start\n|switch|p1a: Walking Wake|Walking Wake|100\/100\n|switch|p2a: Ccarayhua|Torkoal, M|100\/100\n|-weather|SunnyDay|[from] ability: Drought|[of] p2a: Ccarayhua\n|-activate|p1a: Walking Wake|ability: Protosynthesis\n|-start|p1a: Walking Wake|protosynthesisspa\n|turn|1\n|\n|t:|1700736660\n|move|p1a: Walking Wake|Surf|p2a: Ccarayhua\n|-supereffective|p2a: Ccarayhua\n|-damage|p2a: Ccarayhua|0 fnt\n|faint|p2a: Ccarayhua\n|\n|-weather|SunnyDay|[upkeep]\n|upkeep\n|\n|t:|1700736667\n|switch|p2a: Chacu Challhua|Walking Wake|100\/100\n|-activate|p2a: Chacu Challhua|ability: Protosynthesis\n|-start|p2a: Chacu Challhua|protosynthesisspe\n|turn|2\n|\n|t:|1700736712\n|-end|p1a: Walking Wake|Protosynthesis|[silent]\n|switch|p1a: Pelipper|Pelipper, F|100\/100\n|-weather|RainDance|[from] ability: Drizzle|[of] p1a: Pelipper\n|-end|p2a: Chacu Challhua|Protosynthesis\n|move|p2a: Chacu Challhua|Dragon Pulse|p1a: Pelipper\n|-damage|p1a: Pelipper|8\/100\n|\n|-weather|RainDance|[upkeep]\n|upkeep\n|turn|3\n|\n|t:|1700736740\n|move|p2a: Chacu Challhua|Dragon Pulse|p1a: Pelipper\n|-damage|p1a: Pelipper|0 fnt\n|faint|p1a: Pelipper\n|\n|-weather|RainDance|[upkeep]\n|upkeep\n|\n|t:|1700736758\n|switch|p1a: Walking Wake|Walking Wake|100\/100\n|turn|4\n|\n|t:|1700736772\n|-terastallize|p1a: Walking Wake|Fairy\n|-terastallize|p2a: Chacu Challhua|Water\n|move|p1a: Walking Wake|Draco Meteor|p2a: Chacu Challhua\n|-damage|p2a: Chacu Challhua|0 fnt\n|-unboost|p1a: Walking Wake|spa|2\n|faint|p2a: Chacu Challhua\n|-end|p2a: Chacu Challhua|Protosynthesis|[silent]\n|\n|-weather|RainDance|[upkeep]\n|upkeep\n|\n|t:|1700736789\n|switch|p2a: Wiraqocha Rasca|Enamorus, F|100\/100\n|turn|5\n|\n|t:|1700736797\n|-end|p1a: Walking Wake|Protosynthesis|[silent]\n|switch|p1a: Golduck|Golduck, F|100\/100\n|move|p2a: Wiraqocha Rasca|Moonblast|p1a: Golduck\n|-damage|p1a: Golduck|30\/100\n|-unboost|p1a: Golduck|spa|1\n|\n|-weather|RainDance|[upkeep]\n|upkeep\n|turn|6\n|\n|t:|1700736817\n|move|p1a: Golduck|Surf|p2a: Wiraqocha Rasca\n|-damage|p2a: Wiraqocha Rasca|24\/100\n|-damage|p1a: Golduck|21\/100|[from] item: Life Orb\n|move|p2a: Wiraqocha Rasca|Moonblast|p1a: Golduck\n|-damage|p1a: Golduck|0 fnt\n|faint|p1a: Golduck\n|\n|-weather|RainDance|[upkeep]\n|upkeep\n|\n|t:|1700736835\n|switch|p1a: Floatzel|Floatzel, F|100\/100\n|turn|7\n|\n|t:|1700736841\n|switch|p2a: Uru|Heatran, M|100\/100\n|-item|p2a: Uru|Air Balloon\n|move|p1a: Floatzel|Liquidation|p2a: Uru\n|-supereffective|p2a: Uru\n|-crit|p2a: Uru\n|-damage|p2a: Uru|0 fnt\n|-enditem|p2a: Uru|Air Balloon\n|faint|p2a: Uru\n|\n|-weather|RainDance|[upkeep]\n|upkeep\n|\n|t:|1700736852\n|switch|p2a: Ccapac Apu|Kingambit, M|100\/100\n|-activate|p2a: Ccapac Apu|ability: Supreme Overlord\n|-start|p2a: Ccapac Apu|fallen3|[silent]\n|turn|8\n|\n|t:|1700736860\n|switch|p1a: Pawmot|Pawmot, F|100\/100\n|-end|p2a: Ccapac Apu|fallen3|[silent]\n|switch|p2a: Cusillu|Great Tusk|100\/100\n|\n|-weather|RainDance|[upkeep]\n|upkeep\n|turn|9\n|\n|t:|1700736878\n|switch|p1a: Walking Wake|Walking Wake, tera:Fairy|100\/100\n|move|p2a: Cusillu|Bulk Up|p2a: Cusillu\n|-boost|p2a: Cusillu|atk|1\n|-boost|p2a: Cusillu|def|1\n|\n|-weather|none\n|upkeep\n|turn|10\n|\n|t:|1700736888\n|move|p1a: Walking Wake|Surf|p2a: Cusillu\n|-supereffective|p2a: Cusillu\n|-damage|p2a: Cusillu|0 fnt\n|faint|p2a: Cusillu\n|-end|p2a: Cusillu|Protosynthesis|[silent]\n|\n|upkeep\n|\n|t:|1700736893\n|switch|p2a: Wiraqocha Rasca|Enamorus, F|24\/100\n|turn|11\n|\n|t:|1700736897\n|move|p2a: Wiraqocha Rasca|Moonblast|p1a: Walking Wake\n|-damage|p1a: Walking Wake|45\/100\n|move|p1a: Walking Wake|Surf|p2a: Wiraqocha Rasca\n|-damage|p2a: Wiraqocha Rasca|0 fnt\n|faint|p2a: Wiraqocha Rasca\n|\n|upkeep\n|\n|t:|1700736904\n|switch|p2a: Ccapac Apu|Kingambit, M|100\/100\n|-activate|p2a: Ccapac Apu|ability: Supreme Overlord\n|-start|p2a: Ccapac Apu|fallen5|[silent]\n|turn|12\n|\n|t:|1700736911\n|move|p1a: Walking Wake|Surf|p2a: Ccapac Apu\n|-damage|p2a: Ccapac Apu|23\/100\n|move|p2a: Ccapac Apu|Swords Dance|p2a: Ccapac Apu\n|-boost|p2a: Ccapac Apu|atk|2\n|\n|-heal|p2a: Ccapac Apu|29\/100|[from] item: Leftovers\n|upkeep\n|turn|13\n|\n|t:|1700736922\n|move|p2a: Ccapac Apu|Sucker Punch|p1a: Walking Wake\n|-resisted|p1a: Walking Wake\n|-damage|p1a: Walking Wake|0 fnt\n|faint|p1a: Walking Wake\n|-end|p1a: Walking Wake|Protosynthesis|[silent]\n|\n|-heal|p2a: Ccapac Apu|35\/100|[from] item: Leftovers\n|upkeep\n|\n|t:|1700736928\n|switch|p1a: Pawmot|Pawmot, F|100\/100\n|turn|14\n|\n|t:|1700736932\n|move|p2a: Ccapac Apu|Sucker Punch||[still]\n|-fail|p2a: Ccapac Apu\n|move|p1a: Pawmot|Encore|p2a: Ccapac Apu\n|-start|p2a: Ccapac Apu|Encore\n|\n|-heal|p2a: Ccapac Apu|41\/100|[from] item: Leftovers\n|upkeep\n|turn|15\n|\n|t:|1700736944\n|switch|p1a: Basculegion|Basculegion, M|100\/100\n|move|p2a: Ccapac Apu|Sucker Punch||[still]\n|-fail|p2a: Ccapac Apu\n|\n|-heal|p2a: Ccapac Apu|47\/100|[from] item: Leftovers\n|upkeep\n|turn|16\n|\n|t:|1700736951\n|move|p2a: Ccapac Apu|Sucker Punch||[still]\n|-fail|p2a: Ccapac Apu\n|move|p1a: Basculegion|Substitute|p1a: Basculegion\n|-start|p1a: Basculegion|Substitute\n|-damage|p1a: Basculegion|76\/100\n|\n|-heal|p2a: Ccapac Apu|54\/100|[from] item: Leftovers\n|upkeep\n|turn|17\n|c|\u2606xxxlaniusxxx|gg\n|\n|t:|1700736961\n|move|p2a: Ccapac Apu|Sucker Punch|p1a: Basculegion\n|-supereffective|p1a: Basculegion\n|-end|p1a: Basculegion|Substitute\n|move|p1a: Basculegion|Wave Crash|p2a: Ccapac Apu\n|-damage|p2a: Ccapac Apu|0 fnt\n|faint|p2a: Ccapac Apu\n|-end|p2a: Ccapac Apu|fallen5|[silent]\n|-damage|p1a: Basculegion|60\/100|[from] Recoil\n|-damage|p1a: Basculegion|50\/100|[from] item: Life Orb\n|\n|win|Zarroc1994\n|c|\u2606Zarroc1994|gg\n|l|\u2606xxxlaniusxxx\n","uploadtime":1700736972,"views":10,"p1id":"zarroc1994","p2id":"xxxlaniusxxx","formatid":"gen9ou","rating":0,"private":0,"password":""}