{"id":"gen9ou-1989506564","p1":"BlasphemousTrainer","p2":"1dollar10dollars","format":"[Gen 9] OU","log":"|j|\u2606BlasphemousTrainer\n|j|\u26061dollar10dollars\n|t:|1699862376\n|gametype|singles\n|player|p1|BlasphemousTrainer|hexmaniac-gen6|1204\n|player|p2|1dollar10dollars|n-masters2|1234\n|teamsize|p1|6\n|teamsize|p2|6\n|gen|9\n|tier|[Gen 9] OU\n|rated|\n|rule|Sleep Clause Mod: Limit one foe put to sleep\n|rule|Species Clause: Limit one of each Pok\u00e9mon\n|rule|OHKO Clause: OHKO moves are banned\n|rule|Evasion Items Clause: Evasion items are banned\n|rule|Evasion Moves Clause: Evasion moves are banned\n|rule|Endless Battle Clause: Forcing endless battles is banned\n|rule|HP Percentage Mod: HP is shown in percentages\n|clearpoke\n|poke|p1|Great Tusk|\n|poke|p1|Torkoal, F|\n|poke|p1|Alomomola, F|\n|poke|p1|Dragapult, F|\n|poke|p1|Leafeon, M|\n|poke|p1|Clodsire, M|\n|poke|p2|Hatterene, F|\n|poke|p2|Ursaluna, F|\n|poke|p2|Iron Hands|\n|poke|p2|Heatran, F|\n|poke|p2|Rillaboom, M|\n|poke|p2|Spiritomb, M|\n|teampreview\n|inactive|Battle timer is ON: inactive players will automatically lose when time's up. (requested by BlasphemousTrainer)\n|\n|t:|1699862382\n|start\n|switch|p1a: Flannery good simp|Torkoal, F|100\/100\n|switch|p2a: gods drunkest dr|Heatran, F|100\/100\n|-item|p2a: gods drunkest dr|Air Balloon\n|-weather|SunnyDay|[from] ability: Drought|[of] p1a: Flannery good simp\n|turn|1\n|\n|t:|1699862388\n|move|p2a: gods drunkest dr|Earth Power|p1a: Flannery good simp\n|-supereffective|p1a: Flannery good simp\n|-damage|p1a: Flannery good simp|23\/100\n|move|p1a: Flannery good simp|Yawn|p2a: gods drunkest dr\n|-start|p2a: gods drunkest dr|move: Yawn|[of] p1a: Flannery good simp\n|\n|-weather|SunnyDay|[upkeep]\n|upkeep\n|turn|2\n|\n|t:|1699862400\n|switch|p2a: 15 green orbs|Spiritomb, M|100\/100\n|switch|p1a: Alomomola|Alomomola, F|100\/100\n|\n|-weather|SunnyDay|[upkeep]\n|upkeep\n|turn|3\n|\n|t:|1699862411\n|move|p1a: Alomomola|Flip Turn|p2a: 15 green orbs\n|-damage|p2a: 15 green orbs|93\/100\n|\n|t:|1699862417\n|switch|p1a: Sire|Clodsire, M|100\/100|[from] Flip Turn\n|move|p2a: 15 green orbs|Trick Room|p2a: 15 green orbs\n|-fieldstart|move: Trick Room|[of] p2a: 15 green orbs\n|\n|-weather|SunnyDay|[upkeep]\n|upkeep\n|turn|4\n|\n|t:|1699862424\n|switch|p2a: gods drunkest dr|Heatran, F|100\/100\n|-item|p2a: gods drunkest dr|Air Balloon\n|move|p1a: Sire|Toxic|p2a: gods drunkest dr\n|-immune|p2a: gods drunkest dr\n|\n|-weather|SunnyDay|[upkeep]\n|upkeep\n|turn|5\n|\n|t:|1699862432\n|switch|p1a: Alomomola|Alomomola, F|100\/100\n|move|p2a: gods drunkest dr|Taunt|p1a: Alomomola\n|-start|p1a: Alomomola|move: Taunt\n|\n|-weather|SunnyDay|[upkeep]\n|upkeep\n|turn|6\n|\n|t:|1699862435\n|move|p1a: Alomomola|Flip Turn|p2a: gods drunkest dr\n|-supereffective|p2a: gods drunkest dr\n|-damage|p2a: gods drunkest dr|86\/100\n|-status|p1a: Alomomola|brn|[from] ability: Flame Body|[of] p2a: gods drunkest dr\n|-enditem|p2a: gods drunkest dr|Air Balloon\n|\n|t:|1699862438\n|switch|p1a: Sire|Clodsire, M|100\/100|[from] Flip Turn\n|move|p2a: gods drunkest dr|Stealth Rock|p1a: Sire\n|-sidestart|p1: BlasphemousTrainer|move: Stealth Rock\n|\n|-weather|SunnyDay|[upkeep]\n|upkeep\n|turn|7\n|\n|t:|1699862449\n|switch|p2a: 15 green orbs|Spiritomb, M|93\/100\n|move|p1a: Sire|Earthquake|p2a: 15 green orbs\n|-damage|p2a: 15 green orbs|69\/100\n|\n|-weather|SunnyDay|[upkeep]\n|-fieldend|move: Trick Room\n|upkeep\n|turn|8\n|\n|t:|1699862452\n|move|p1a: Sire|Toxic|p2a: 15 green orbs\n|-status|p2a: 15 green orbs|tox\n|move|p2a: 15 green orbs|Trick Room|p2a: 15 green orbs\n|-fieldstart|move: Trick Room|[of] p2a: 15 green orbs\n|\n|-weather|none\n|-damage|p2a: 15 green orbs|62\/100 tox|[from] psn\n|upkeep\n|turn|9\n|\n|t:|1699862455\n|move|p1a: Sire|Earthquake|p2a: 15 green orbs\n|-damage|p2a: 15 green orbs|34\/100 tox\n|move|p2a: 15 green orbs|Pain Split|p1a: Sire\n|-sethp|p1a: Sire|59\/100|[from] move: Pain Split|[silent]\n|-sethp|p2a: 15 green orbs|100\/100 tox|[from] move: Pain Split\n|\n|-heal|p1a: Sire|65\/100|[from] item: Leftovers\n|-damage|p2a: 15 green orbs|88\/100 tox|[from] psn\n|upkeep\n|turn|10\n|\n|t:|1699862465\n|switch|p2a: raised eyebrows|Ursaluna, F|100\/100\n|move|p1a: Sire|Recover|p1a: Sire\n|-heal|p1a: Sire|100\/100\n|\n|-status|p2a: raised eyebrows|brn|[from] item: Flame Orb\n|upkeep\n|turn|11\n|\n|t:|1699862484\n|switch|p1a: Alomomola|Alomomola, F|100\/100 brn\n|move|p2a: raised eyebrows|Swords Dance|p2a: raised eyebrows\n|-boost|p2a: raised eyebrows|atk|2\n|\n|-damage|p2a: raised eyebrows|94\/100 brn|[from] brn\n|-damage|p1a: Alomomola|94\/100 brn|[from] brn\n|upkeep\n|turn|12\n|\n|t:|1699862492\n|move|p2a: raised eyebrows|Facade|p1a: Alomomola\n|-damage|p1a: Alomomola|0 fnt\n|faint|p1a: Alomomola\n|\n|-damage|p2a: raised eyebrows|88\/100 brn|[from] brn\n|-fieldend|move: Trick Room\n|upkeep\n|\n|t:|1699862497\n|switch|p1a: Martial Dusk|Great Tusk|100\/100\n|-damage|p1a: Martial Dusk|98\/100|[from] Stealth Rock\n|turn|13\n|\n|t:|1699862508\n|move|p1a: Martial Dusk|Close Combat|p2a: raised eyebrows\n|-supereffective|p2a: raised eyebrows\n|-damage|p2a: raised eyebrows|0 fnt\n|-unboost|p1a: Martial Dusk|def|1\n|-unboost|p1a: Martial Dusk|spd|1\n|faint|p2a: raised eyebrows\n|\n|upkeep\n|\n|t:|1699862512\n|switch|p2a: 15 green orbs|Spiritomb, M|88\/100 tox\n|turn|14\n|\n|t:|1699862516\n|-end|p1a: Martial Dusk|Protosynthesis|[silent]\n|switch|p1a: Flannery good simp|Torkoal, F|23\/100\n|-damage|p1a: Flannery good simp|0 fnt|[from] Stealth Rock\n|faint|p1a: Flannery good simp\n|move|p2a: 15 green orbs|Trick Room|p2a: 15 green orbs\n|-fieldstart|move: Trick Room|[of] p2a: 15 green orbs\n|\n|-damage|p2a: 15 green orbs|82\/100 tox|[from] psn\n|upkeep\n|\n|t:|1699862525\n|switch|p1a: Sire|Clodsire, M|100\/100\n|-damage|p1a: Sire|94\/100|[from] Stealth Rock\n|turn|15\n|\n|t:|1699862546\n|switch|p2a: gods drunkest dr|Heatran, F|86\/100\n|move|p1a: Sire|Earthquake|p2a: gods drunkest dr\n|-supereffective|p2a: gods drunkest dr\n|-damage|p2a: gods drunkest dr|0 fnt\n|faint|p2a: gods drunkest dr\n|\n|-heal|p1a: Sire|100\/100|[from] item: Leftovers\n|upkeep\n|\n|t:|1699862552\n|switch|p2a: sleep w the fish|Hatterene, F|100\/100\n|turn|16\n|\n|t:|1699862557\n|switch|p1a: Eons of brutality|Leafeon, M, shiny|100\/100\n|-damage|p1a: Eons of brutality|88\/100|[from] Stealth Rock\n|move|p2a: sleep w the fish|Psychic|p1a: Eons of brutality\n|-damage|p1a: Eons of brutality|0 fnt\n|faint|p1a: Eons of brutality\n|\n|upkeep\n|\n|t:|1699862562\n|switch|p1a: Hoe Mama|Dragapult, F, shiny|100\/100\n|-damage|p1a: Hoe Mama|88\/100|[from] Stealth Rock\n|turn|17\n|\n|t:|1699862565\n|move|p2a: sleep w the fish|Misty Explosion|p1a: Hoe Mama\n|-supereffective|p1a: Hoe Mama\n|-damage|p1a: Hoe Mama|0 fnt\n|faint|p2a: sleep w the fish\n|faint|p1a: Hoe Mama\n|\n|upkeep\n|\n|t:|1699862570\n|switch|p2a: wait smths wrong|Rillaboom, M|100\/100\n|switch|p1a: Sire|Clodsire, M|100\/100\n|-damage|p1a: Sire|94\/100|[from] Stealth Rock\n|-fieldstart|move: Grassy Terrain|[from] ability: Grassy Surge|[of] p2a: wait smths wrong\n|turn|18\n|\n|t:|1699862575\n|move|p2a: wait smths wrong|U-turn|p1a: Sire\n|-resisted|p1a: Sire\n|-damage|p1a: Sire|77\/100\n|\n|t:|1699862577\n|switch|p2a: 15 green orbs|Spiritomb, M|82\/100 tox|[from] U-turn\n|move|p1a: Sire|Counter|p2a: 15 green orbs\n|-immune|p2a: 15 green orbs\n|\n|-heal|p1a: Sire|83\/100|[from] Grassy Terrain\n|-heal|p1a: Sire|90\/100|[from] item: Leftovers\n|-heal|p2a: 15 green orbs|88\/100 tox|[from] Grassy Terrain\n|-damage|p2a: 15 green orbs|82\/100 tox|[from] psn\n|-fieldend|move: Trick Room\n|upkeep\n|turn|19\n|\n|t:|1699862584\n|move|p1a: Sire|Earthquake|p2a: 15 green orbs\n|-damage|p2a: 15 green orbs|68\/100 tox\n|move|p2a: 15 green orbs|Trick Room|p2a: 15 green orbs\n|-fieldstart|move: Trick Room|[of] p2a: 15 green orbs\n|\n|-heal|p1a: Sire|96\/100|[from] Grassy Terrain\n|-heal|p1a: Sire|100\/100|[from] item: Leftovers\n|-heal|p2a: 15 green orbs|74\/100 tox|[from] Grassy Terrain\n|-damage|p2a: 15 green orbs|62\/100 tox|[from] psn\n|upkeep\n|turn|20\n|\n|t:|1699862594\n|move|p1a: Sire|Earthquake|p2a: 15 green orbs\n|-damage|p2a: 15 green orbs|49\/100 tox\n|move|p2a: 15 green orbs|Will-O-Wisp|p1a: Sire\n|-status|p1a: Sire|brn\n|\n|-heal|p2a: 15 green orbs|55\/100 tox|[from] Grassy Terrain\n|-damage|p2a: 15 green orbs|36\/100 tox|[from] psn\n|-damage|p1a: Sire|94\/100 brn|[from] brn\n|upkeep\n|turn|21\n|\n|t:|1699862607\n|move|p1a: Sire|Earthquake|p2a: 15 green orbs\n|-damage|p2a: 15 green orbs|30\/100 tox\n|move|p2a: 15 green orbs|Pain Split|p1a: Sire\n|-sethp|p1a: Sire|55\/100 brn|[from] move: Pain Split|[silent]\n|-sethp|p2a: 15 green orbs|100\/100 tox|[from] move: Pain Split\n|\n|-heal|p1a: Sire|61\/100 brn|[from] Grassy Terrain\n|-heal|p1a: Sire|68\/100 brn|[from] item: Leftovers\n|-damage|p2a: 15 green orbs|76\/100 tox|[from] psn\n|-damage|p1a: Sire|61\/100 brn|[from] brn\n|upkeep\n|turn|22\n|\n|t:|1699862624\n|move|p1a: Sire|Recover|p1a: Sire\n|-heal|p1a: Sire|100\/100 brn\n|move|p2a: 15 green orbs|Foul Play|p1a: Sire\n|-damage|p1a: Sire|77\/100 brn\n|\n|-heal|p1a: Sire|83\/100 brn|[from] Grassy Terrain\n|-heal|p1a: Sire|90\/100 brn|[from] item: Leftovers\n|-heal|p2a: 15 green orbs|82\/100 tox|[from] Grassy Terrain\n|-damage|p2a: 15 green orbs|51\/100 tox|[from] psn\n|-damage|p1a: Sire|83\/100 brn|[from] brn\n|-fieldend|move: Grassy Terrain\n|upkeep\n|turn|23\n|\n|t:|1699862635\n|move|p1a: Sire|Earthquake|p2a: 15 green orbs\n|-damage|p2a: 15 green orbs|38\/100 tox\n|move|p2a: 15 green orbs|Pain Split|p1a: Sire\n|-sethp|p1a: Sire|52\/100 brn|[from] move: Pain Split|[silent]\n|-sethp|p2a: 15 green orbs|99\/100 tox|[from] move: Pain Split\n|\n|-heal|p1a: Sire|58\/100 brn|[from] item: Leftovers\n|-damage|p2a: 15 green orbs|62\/100 tox|[from] psn\n|-damage|p1a: Sire|52\/100 brn|[from] brn\n|-fieldend|move: Trick Room\n|upkeep\n|turn|24\n|\n|t:|1699862643\n|move|p1a: Sire|Recover|p1a: Sire\n|-heal|p1a: Sire|100\/100 brn\n|move|p2a: 15 green orbs|Trick Room|p2a: 15 green orbs\n|-fieldstart|move: Trick Room|[of] p2a: 15 green orbs\n|\n|-damage|p2a: 15 green orbs|18\/100 tox|[from] psn\n|-damage|p1a: Sire|94\/100 brn|[from] brn\n|upkeep\n|turn|25\n|\n|t:|1699862650\n|move|p2a: 15 green orbs|Pain Split|p1a: Sire\n|-sethp|p1a: Sire|52\/100 brn|[from] move: Pain Split|[silent]\n|-sethp|p2a: 15 green orbs|99\/100 tox|[from] move: Pain Split\n|move|p1a: Sire|Counter||[still]\n|-fail|p1a: Sire\n|\n|-heal|p1a: Sire|58\/100 brn|[from] item: Leftovers\n|-damage|p2a: 15 green orbs|50\/100 tox|[from] psn\n|-damage|p1a: Sire|52\/100 brn|[from] brn\n|upkeep\n|turn|26\n|\n|t:|1699862656\n|move|p1a: Sire|Recover|p1a: Sire\n|-heal|p1a: Sire|100\/100 brn\n|move|p2a: 15 green orbs|Pain Split|p1a: Sire\n|-sethp|p1a: Sire|63\/100 brn|[from] move: Pain Split|[silent]\n|-sethp|p2a: 15 green orbs|100\/100 tox|[from] move: Pain Split\n|\n|-heal|p1a: Sire|69\/100 brn|[from] item: Leftovers\n|-damage|p2a: 15 green orbs|45\/100 tox|[from] psn\n|-damage|p1a: Sire|63\/100 brn|[from] brn\n|upkeep\n|turn|27\n|\n|t:|1699862664\n|move|p1a: Sire|Recover|p1a: Sire\n|-heal|p1a: Sire|100\/100 brn\n|move|p2a: 15 green orbs|Pain Split|p1a: Sire\n|-sethp|p1a: Sire|62\/100 brn|[from] move: Pain Split|[silent]\n|-sethp|p2a: 15 green orbs|100\/100 tox|[from] move: Pain Split\n|\n|-heal|p1a: Sire|68\/100 brn|[from] item: Leftovers\n|-damage|p2a: 15 green orbs|39\/100 tox|[from] psn\n|-damage|p1a: Sire|62\/100 brn|[from] brn\n|upkeep\n|turn|28\n|\n|t:|1699862667\n|move|p1a: Sire|Recover|p1a: Sire\n|-heal|p1a: Sire|100\/100 brn\n|move|p2a: 15 green orbs|Pain Split|p1a: Sire\n|-sethp|p1a: Sire|60\/100 brn|[from] move: Pain Split|[silent]\n|-sethp|p2a: 15 green orbs|100\/100 tox|[from] move: Pain Split\n|\n|-heal|p1a: Sire|67\/100 brn|[from] item: Leftovers\n|-damage|p2a: 15 green orbs|32\/100 tox|[from] psn\n|-damage|p1a: Sire|60\/100 brn|[from] brn\n|-fieldend|move: Trick Room\n|upkeep\n|turn|29\n|\n|t:|1699862674\n|move|p1a: Sire|Recover|p1a: Sire\n|-heal|p1a: Sire|100\/100 brn\n|move|p2a: 15 green orbs|Trick Room|p2a: 15 green orbs\n|-fieldstart|move: Trick Room|[of] p2a: 15 green orbs\n|\n|-damage|p2a: 15 green orbs|0 fnt|[from] psn\n|faint|p2a: 15 green orbs\n|-damage|p1a: Sire|94\/100 brn|[from] brn\n|upkeep\n|c|\u26061dollar10dollars|i just got to 75% toxic damage\n|\n|t:|1699862701\n|switch|p2a: wait smths wrong|Rillaboom, M|100\/100\n|-fieldstart|move: Grassy Terrain|[from] ability: Grassy Surge|[of] p2a: wait smths wrong\n|turn|30\n|\n|t:|1699862709\n|-terastallize|p2a: wait smths wrong|Grass\n|move|p2a: wait smths wrong|Grassy Glide|p1a: Sire\n|-damage|p1a: Sire|11\/100 brn\n|move|p1a: Sire|Counter|p2a: wait smths wrong\n|-damage|p2a: wait smths wrong|0 fnt\n|faint|p2a: wait smths wrong\n|\n|-heal|p1a: Sire|17\/100 brn|[from] Grassy Terrain\n|-heal|p1a: Sire|24\/100 brn|[from] item: Leftovers\n|-damage|p1a: Sire|17\/100 brn|[from] brn\n|upkeep\n|inactive|1dollar10dollars has 120 seconds left.\n|\n|t:|1699862731\n|switch|p2a: ferrous fists|Iron Hands|100\/100\n|-enditem|p2a: ferrous fists|Booster Energy\n|-activate|p2a: ferrous fists|ability: Quark Drive|[fromitem]\n|-start|p2a: ferrous fists|quarkdriveatk\n|turn|31\n|\n|t:|1699862740\n|move|p1a: Sire|Recover|p1a: Sire\n|-heal|p1a: Sire|67\/100 brn\n|move|p2a: ferrous fists|Swords Dance|p2a: ferrous fists\n|-boost|p2a: ferrous fists|atk|2\n|\n|-heal|p1a: Sire|74\/100 brn|[from] Grassy Terrain\n|-heal|p1a: Sire|80\/100 brn|[from] item: Leftovers\n|-damage|p1a: Sire|74\/100 brn|[from] brn\n|upkeep\n|turn|32\n|\n|t:|1699862748\n|move|p1a: Sire|Earthquake|p2a: ferrous fists\n|-supereffective|p2a: ferrous fists\n|-damage|p2a: ferrous fists|92\/100\n|move|p2a: ferrous fists|Close Combat|p1a: Sire\n|-resisted|p1a: Sire\n|-damage|p1a: Sire|32\/100 brn\n|-unboost|p2a: ferrous fists|def|1\n|-unboost|p2a: ferrous fists|spd|1\n|\n|-heal|p1a: Sire|38\/100 brn|[from] Grassy Terrain\n|-heal|p1a: Sire|45\/100 brn|[from] item: Leftovers\n|-heal|p2a: ferrous fists|98\/100|[from] Grassy Terrain\n|-damage|p1a: Sire|38\/100 brn|[from] brn\n|upkeep\n|turn|33\n|\n|t:|1699862754\n|move|p1a: Sire|Toxic|p2a: ferrous fists\n|-status|p2a: ferrous fists|tox\n|move|p2a: ferrous fists|Close Combat|p1a: Sire\n|-resisted|p1a: Sire\n|-damage|p1a: Sire|0 fnt\n|-unboost|p2a: ferrous fists|def|1\n|-unboost|p2a: ferrous fists|spd|1\n|faint|p1a: Sire\n|\n|-heal|p2a: ferrous fists|100\/100 tox|[from] Grassy Terrain\n|-damage|p2a: ferrous fists|94\/100 tox|[from] psn\n|-fieldend|move: Trick Room\n|upkeep\n|\n|t:|1699862759\n|switch|p1a: Martial Dusk|Great Tusk|98\/100\n|-damage|p1a: Martial Dusk|95\/100|[from] Stealth Rock\n|turn|34\n|c|\u26061dollar10dollars|things are not looking good for ferrous fists\n|\n|t:|1699862768\n|move|p1a: Martial Dusk|Headlong Rush|p2a: ferrous fists\n|-supereffective|p2a: ferrous fists\n|-damage|p2a: ferrous fists|0 fnt\n|-unboost|p1a: Martial Dusk|def|1\n|-unboost|p1a: Martial Dusk|spd|1\n|faint|p2a: ferrous fists\n|-end|p2a: ferrous fists|Quark Drive|[silent]\n|\n|win|BlasphemousTrainer\n|raw|BlasphemousTrainer's rating: 1204 &rarr; <strong>1231<\/strong><br \/>(+27 for winning)\n|raw|1dollar10dollars's rating: 1234 &rarr; <strong>1207<\/strong><br \/>(-27 for losing)\n|c|\u2606BlasphemousTrainer|Gg\n|c|\u26061dollar10dollars|gg\n|l|\u26061dollar10dollars\n|c|\u2606BlasphemousTrainer|Counter clodsire op\n","uploadtime":1699862825,"views":21,"p1id":"blasphemoustrainer","p2id":"1dollar10dollars","formatid":"gen9ou","rating":1207,"private":0,"password":""}