{"id":"gen9ou-1997816103","p1":"Pymoux","p2":"WhenFurfrousFly~_~","format":"[Gen 9] OU","log":"|j|\u2606Pymoux\n|j|\u2606WhenFurfrousFly~_~\n|t:|1700855765\n|gametype|singles\n|player|p1|Pymoux|1|1324\n|player|p2|WhenFurfrousFly~_~|dawn|1249\n|teamsize|p1|6\n|teamsize|p2|6\n|gen|9\n|tier|[Gen 9] OU\n|rated|\n|rule|Sleep Clause Mod: Limit one foe put to sleep\n|rule|Species Clause: Limit one of each Pok\u00e9mon\n|rule|OHKO Clause: OHKO moves are banned\n|rule|Evasion Items Clause: Evasion items are banned\n|rule|Evasion Moves Clause: Evasion moves are banned\n|rule|Endless Battle Clause: Forcing endless battles is banned\n|rule|HP Percentage Mod: HP is shown in percentages\n|clearpoke\n|poke|p1|Ogerpon-Wellspring, F|\n|poke|p1|Gholdengo|\n|poke|p1|Kingambit, F|\n|poke|p1|Zamazenta-*|\n|poke|p1|Enamorus, F|\n|poke|p1|Glimmora, F|\n|poke|p2|Zamazenta-*|\n|poke|p2|Iron Moth|\n|poke|p2|Maushold-Four|\n|poke|p2|Walking Wake|\n|poke|p2|Dragonite, M|\n|poke|p2|Kingambit, M|\n|teampreview\n|inactive|Battle timer is ON: inactive players will automatically lose when time's up. (requested by Pymoux)\n|\n|t:|1700855793\n|start\n|switch|p1a: Glimmora|Glimmora, F|100\/100\n|switch|p2a: Walking Wake|Walking Wake|100\/100\n|-enditem|p2a: Walking Wake|Booster Energy\n|-activate|p2a: Walking Wake|ability: Protosynthesis|[fromitem]\n|-start|p2a: Walking Wake|protosynthesisspa\n|turn|1\n|\n|t:|1700855803\n|move|p2a: Walking Wake|Substitute|p2a: Walking Wake\n|-start|p2a: Walking Wake|Substitute\n|-damage|p2a: Walking Wake|76\/100\n|move|p1a: Glimmora|Mortal Spin|p2a: Walking Wake\n|-activate|p2a: Walking Wake|move: Substitute|[damage]\n|\n|upkeep\n|turn|2\n|\n|t:|1700855810\n|move|p2a: Walking Wake|Agility|p2a: Walking Wake\n|-boost|p2a: Walking Wake|spe|2\n|move|p1a: Glimmora|Energy Ball|p2a: Walking Wake\n|-crit|p2a: Walking Wake\n|-end|p2a: Walking Wake|Substitute\n|\n|upkeep\n|turn|3\n|\n|t:|1700855818\n|move|p2a: Walking Wake|Substitute|p2a: Walking Wake\n|-start|p2a: Walking Wake|Substitute\n|-damage|p2a: Walking Wake|51\/100\n|move|p1a: Glimmora|Mortal Spin|p2a: Walking Wake\n|-activate|p2a: Walking Wake|move: Substitute|[damage]\n|\n|upkeep\n|turn|4\n|\n|t:|1700855823\n|move|p2a: Walking Wake|Hydro Pump|p1a: Glimmora\n|-supereffective|p1a: Glimmora\n|-enditem|p1a: Glimmora|Focus Sash\n|-damage|p1a: Glimmora|1\/100\n|move|p1a: Glimmora|Energy Ball|p2a: Walking Wake\n|-end|p2a: Walking Wake|Substitute\n|\n|upkeep\n|turn|5\n|\n|t:|1700855845\n|switch|p1a: Ogerpon|Ogerpon-Wellspring, F|100\/100\n|move|p2a: Walking Wake|Dragon Pulse|p1a: Ogerpon\n|-damage|p1a: Ogerpon|25\/100\n|\n|upkeep\n|turn|6\n|\n|t:|1700855853\n|switch|p1a: Glimmora|Glimmora, F|1\/100\n|move|p2a: Walking Wake|Substitute|p2a: Walking Wake\n|-start|p2a: Walking Wake|Substitute\n|-damage|p2a: Walking Wake|26\/100\n|\n|upkeep\n|turn|7\n|\n|t:|1700855857\n|move|p2a: Walking Wake|Dragon Pulse|p1a: Glimmora\n|-damage|p1a: Glimmora|0 fnt\n|faint|p1a: Glimmora\n|\n|upkeep\n|\n|t:|1700855876\n|switch|p1a: Enamorus|Enamorus, F|100\/100\n|turn|8\n|\n|t:|1700855887\n|switch|p1a: Ogerpon|Ogerpon-Wellspring, F|25\/100\n|move|p2a: Walking Wake|Dragon Pulse|p1a: Ogerpon\n|-damage|p1a: Ogerpon|0 fnt\n|faint|p1a: Ogerpon\n|\n|upkeep\n|-message|Pymoux forfeited.\n|\n|win|WhenFurfrousFly~_~\n|raw|Pymoux's rating: 1324 &rarr; <strong>1300<\/strong><br \/>(-24 for losing)\n|raw|WhenFurfrousFly~_~'s rating: 1249 &rarr; <strong>1279<\/strong><br \/>(+30 for winning)\n|l|\u2606Pymoux\n","uploadtime":1700855897,"views":3,"p1id":"pymoux","p2id":"whenfurfrousfly","formatid":"gen9ou","rating":1279,"private":0,"password":""}