{"id":"gen9ou-1989920181","p1":"Gunkshotta","p2":"Hi84m","format":"[Gen 9] OU","log":"|j|\u2606Gunkshotta\n|j|\u2606Hi84m\n|t:|1699906813\n|gametype|singles\n|player|p1|Gunkshotta|102|1091\n|player|p2|Hi84m|grimsley|1177\n|teamsize|p1|6\n|teamsize|p2|6\n|gen|9\n|tier|[Gen 9] OU\n|rated|\n|rule|Sleep Clause Mod: Limit one foe put to sleep\n|rule|Species Clause: Limit one of each Pok\u00e9mon\n|rule|OHKO Clause: OHKO moves are banned\n|rule|Evasion Items Clause: Evasion items are banned\n|rule|Evasion Moves Clause: Evasion moves are banned\n|rule|Endless Battle Clause: Forcing endless battles is banned\n|rule|HP Percentage Mod: HP is shown in percentages\n|clearpoke\n|poke|p1|Breloom, F|\n|poke|p1|Empoleon, M|\n|poke|p1|Slowking-Galar, M|\n|poke|p1|Great Tusk|\n|poke|p1|Greninja-*, M|\n|poke|p1|Salazzle, F|\n|poke|p2|Amoonguss, F|\n|poke|p2|Ninetales-Alola, M|\n|poke|p2|Ogerpon-Wellspring, F|\n|poke|p2|Iron Moth|\n|poke|p2|Dragonite, M|\n|poke|p2|Great Tusk|\n|teampreview\n|\n|t:|1699906829\n|start\n|switch|p1a: Greninja|Greninja, M|100\/100\n|switch|p2a: Ninetales|Ninetales-Alola, M|100\/100\n|-weather|Snow|[from] ability: Snow Warning|[of] p2a: Ninetales\n|turn|1\n|\n|t:|1699906839\n|move|p1a: Greninja|Gunk Shot|p2a: Ninetales\n|-start|p1a: Greninja|typechange|Poison|[from] ability: Protean\n|-supereffective|p2a: Ninetales\n|-damage|p2a: Ninetales|9\/100\n|move|p2a: Ninetales|Aurora Veil|p2a: Ninetales\n|-sidestart|p2: Hi84m|move: Aurora Veil\n|\n|-weather|Snow|[upkeep]\n|upkeep\n|turn|2\n|\n|t:|1699906847\n|move|p1a: Greninja|Gunk Shot|p2a: Ninetales|[miss]\n|-miss|p1a: Greninja|p2a: Ninetales\n|move|p2a: Ninetales|Blizzard|p1a: Greninja\n|-damage|p1a: Greninja|43\/100\n|\n|-weather|Snow|[upkeep]\n|upkeep\n|turn|3\n|\n|t:|1699906849\n|move|p1a: Greninja|Gunk Shot|p2a: Ninetales\n|-supereffective|p2a: Ninetales\n|-damage|p2a: Ninetales|0 fnt\n|faint|p2a: Ninetales\n|\n|-weather|Snow|[upkeep]\n|upkeep\n|\n|t:|1699906860\n|switch|p2a: Great Tusk|Great Tusk|100\/100\n|-enditem|p2a: Great Tusk|Booster Energy\n|-activate|p2a: Great Tusk|ability: Protosynthesis|[fromitem]\n|-start|p2a: Great Tusk|protosynthesisatk\n|turn|4\n|\n|t:|1699906866\n|switch|p1a: Great Tusk|Great Tusk|100\/100\n|move|p2a: Great Tusk|Rapid Spin|p1a: Great Tusk\n|-damage|p1a: Great Tusk|89\/100\n|-boost|p2a: Great Tusk|spe|1\n|\n|-weather|Snow|[upkeep]\n|upkeep\n|turn|5\n|\n|t:|1699906871\n|move|p2a: Great Tusk|Bulk Up|p2a: Great Tusk\n|-boost|p2a: Great Tusk|atk|1\n|-boost|p2a: Great Tusk|def|1\n|move|p1a: Great Tusk|Bulk Up|p1a: Great Tusk\n|-boost|p1a: Great Tusk|atk|1\n|-boost|p1a: Great Tusk|def|1\n|\n|-weather|none\n|upkeep\n|turn|6\n|\n|t:|1699906881\n|move|p2a: Great Tusk|Headlong Rush|p1a: Great Tusk\n|-damage|p1a: Great Tusk|54\/100\n|-unboost|p2a: Great Tusk|def|1\n|-unboost|p2a: Great Tusk|spd|1\n|move|p1a: Great Tusk|Bulk Up|p1a: Great Tusk\n|-boost|p1a: Great Tusk|atk|1\n|-boost|p1a: Great Tusk|def|1\n|\n|upkeep\n|turn|7\n|\n|t:|1699906886\n|move|p2a: Great Tusk|Bulk Up|p2a: Great Tusk\n|-boost|p2a: Great Tusk|atk|1\n|-boost|p2a: Great Tusk|def|1\n|move|p1a: Great Tusk|Rapid Spin|p2a: Great Tusk\n|-damage|p2a: Great Tusk|94\/100\n|-boost|p1a: Great Tusk|spe|1\n|\n|upkeep\n|turn|8\n|\n|t:|1699906903\n|move|p2a: Great Tusk|Headlong Rush|p1a: Great Tusk\n|-damage|p1a: Great Tusk|15\/100\n|-unboost|p2a: Great Tusk|def|1\n|-unboost|p2a: Great Tusk|spd|1\n|move|p1a: Great Tusk|Rapid Spin|p2a: Great Tusk\n|-damage|p2a: Great Tusk|83\/100\n|-boost|p1a: Great Tusk|spe|1\n|\n|-sideend|p2: Hi84m|move: Aurora Veil\n|upkeep\n|turn|9\n|\n|t:|1699906908\n|move|p2a: Great Tusk|Close Combat|p1a: Great Tusk\n|-damage|p1a: Great Tusk|0 fnt\n|-unboost|p2a: Great Tusk|def|1\n|-unboost|p2a: Great Tusk|spd|1\n|faint|p1a: Great Tusk\n|-end|p1a: Great Tusk|Protosynthesis|[silent]\n|\n|upkeep\n|\n|t:|1699906914\n|switch|p1a: Greninja|Greninja, M|43\/100\n|turn|10\n|\n|t:|1699906919\n|move|p1a: Greninja|Ice Beam|p2a: Great Tusk\n|-start|p1a: Greninja|typechange|Ice|[from] ability: Protean\n|-supereffective|p2a: Great Tusk\n|-damage|p2a: Great Tusk|0 fnt\n|faint|p2a: Great Tusk\n|-end|p2a: Great Tusk|Protosynthesis|[silent]\n|\n|upkeep\n|\n|t:|1699906936\n|switch|p2a: Ogerpon|Ogerpon-Wellspring, F|100\/100\n|turn|11\n|\n|t:|1699906941\n|switch|p1a: Slowking|Slowking-Galar, M|100\/100\n|move|p2a: Ogerpon|Trailblaze|p1a: Slowking\n|-resisted|p1a: Slowking\n|-damage|p1a: Slowking|90\/100\n|-boost|p2a: Ogerpon|spe|1\n|-damage|p2a: Ogerpon|84\/100|[from] item: Rocky Helmet|[of] p1a: Slowking\n|\n|upkeep\n|turn|12\n|\n|t:|1699906954\n|move|p2a: Ogerpon|Ivy Cudgel|p1a: Slowking\n|-damage|p1a: Slowking|45\/100\n|move|p1a: Slowking|Sludge Bomb|p2a: Ogerpon\n|-supereffective|p2a: Ogerpon\n|-damage|p2a: Ogerpon|11\/100\n|\n|upkeep\n|turn|13\n|\n|t:|1699906959\n|move|p2a: Ogerpon|Ivy Cudgel|p1a: Slowking\n|-damage|p1a: Slowking|2\/100\n|move|p1a: Slowking|Chilly Reception|p1a: Slowking\n|-weather|Snow\n|\n|t:|1699906962\n|switch|p1a: Greninja|Greninja, M|43\/100|[from] Chilly Reception\n|\n|-weather|Snow|[upkeep]\n|upkeep\n|turn|14\n|\n|t:|1699906968\n|move|p1a: Greninja|U-turn|p2a: Ogerpon\n|-start|p1a: Greninja|typechange|Bug|[from] ability: Protean\n|-supereffective|p2a: Ogerpon\n|-damage|p2a: Ogerpon|0 fnt\n|faint|p2a: Ogerpon\n|\n|t:|1699906978\n|switch|p1a: Breloom|Breloom, F|100\/100|[from] U-turn\n|\n|-weather|Snow|[upkeep]\n|-status|p1a: Breloom|tox|[from] item: Toxic Orb\n|upkeep\n|\n|t:|1699906982\n|switch|p2a: Iron Moth|Iron Moth|100\/100\n|-enditem|p2a: Iron Moth|Booster Energy\n|-activate|p2a: Iron Moth|ability: Quark Drive|[fromitem]\n|-start|p2a: Iron Moth|quarkdrivespa\n|turn|15\n|\n|t:|1699906988\n|switch|p1a: Empoleon|Empoleon, M|100\/100\n|move|p2a: Iron Moth|Substitute|p2a: Iron Moth\n|-start|p2a: Iron Moth|Substitute\n|-damage|p2a: Iron Moth|76\/100\n|\n|-weather|Snow|[upkeep]\n|upkeep\n|turn|16\n|\n|t:|1699906992\n|move|p2a: Iron Moth|Fiery Dance|p1a: Empoleon\n|-damage|p1a: Empoleon|64\/100\n|move|p1a: Empoleon|Hydro Pump|p2a: Iron Moth|[miss]\n|-miss|p1a: Empoleon|p2a: Iron Moth\n|\n|-weather|Snow|[upkeep]\n|-heal|p1a: Empoleon|70\/100|[from] item: Leftovers\n|upkeep\n|turn|17\n|\n|t:|1699906996\n|move|p2a: Iron Moth|Fiery Dance|p1a: Empoleon\n|-damage|p1a: Empoleon|35\/100\n|move|p1a: Empoleon|Hydro Pump|p2a: Iron Moth|[miss]\n|-miss|p1a: Empoleon|p2a: Iron Moth\n|\n|-weather|none\n|-heal|p1a: Empoleon|41\/100|[from] item: Leftovers\n|upkeep\n|turn|18\n|\n|t:|1699907005\n|move|p2a: Iron Moth|Fiery Dance|p1a: Empoleon\n|-damage|p1a: Empoleon|6\/100\n|move|p1a: Empoleon|Hydro Pump|p2a: Iron Moth|[miss]\n|-miss|p1a: Empoleon|p2a: Iron Moth\n|\n|-heal|p1a: Empoleon|12\/100|[from] item: Leftovers\n|upkeep\n|turn|19\n|\n|t:|1699907012\n|move|p2a: Iron Moth|Fiery Dance|p1a: Empoleon\n|-damage|p1a: Empoleon|0 fnt\n|-boost|p2a: Iron Moth|spa|1\n|faint|p1a: Empoleon\n|\n|upkeep\n|-message|Gunkshotta forfeited.\n|\n|win|Hi84m\n|raw|Gunkshotta's rating: 1091 &rarr; <strong>1073<\/strong><br \/>(-18 for losing)\n|raw|Hi84m's rating: 1177 &rarr; <strong>1196<\/strong><br \/>(+19 for winning)\n|l|\u2606Gunkshotta\n","uploadtime":1699907022,"views":12,"p1id":"gunkshotta","p2id":"hi84m","formatid":"gen9ou","rating":1073,"private":0,"password":""}