{"id":"gen9ou-1991708852","p1":"mystori_","p2":"iloveyouhavefunplz","format":"[Gen 9] OU","log":"|j|\u2606mystori_\n|j|\u2606iloveyouhavefunplz\n|t:|1700105285\n|gametype|singles\n|player|p1|mystori_|shauntal|1064\n|player|p2|iloveyouhavefunplz|unknown|1173\n|teamsize|p1|6\n|teamsize|p2|6\n|gen|9\n|tier|[Gen 9] OU\n|rated|\n|rule|Sleep Clause Mod: Limit one foe put to sleep\n|rule|Species Clause: Limit one of each Pok\u00e9mon\n|rule|OHKO Clause: OHKO moves are banned\n|rule|Evasion Items Clause: Evasion items are banned\n|rule|Evasion Moves Clause: Evasion moves are banned\n|rule|Endless Battle Clause: Forcing endless battles is banned\n|rule|HP Percentage Mod: HP is shown in percentages\n|clearpoke\n|poke|p1|Sliggoo, M|\n|poke|p1|Ditto|\n|poke|p1|Pawniard, M|\n|poke|p1|Kirlia, F|\n|poke|p1|Ralts, M|\n|poke|p1|Empoleon, M|\n|poke|p2|Torkoal, F|\n|poke|p2|Walking Wake|\n|poke|p2|Ogerpon, F|\n|poke|p2|Skeledirge, F|\n|poke|p2|Cinderace, F|\n|poke|p2|Rillaboom, F|\n|teampreview\n|inactive|Battle timer is ON: inactive players will automatically lose when time's up. (requested by mystori_)\n|\n|t:|1700105297\n|start\n|switch|p1a: Kirby|Ditto|100\/100\n|switch|p2a: Torkoal|Torkoal, F|100\/100\n|-transform|p1a: Kirby|p2a: Torkoal|[from] ability: Imposter\n|-weather|SunnyDay|[from] ability: Drought|[of] p1a: Kirby\n|turn|1\n|\n|t:|1700105308\n|move|p1a: Kirby|Eruption|p2a: Torkoal\n|-resisted|p2a: Torkoal\n|-damage|p2a: Torkoal|69\/100\n|move|p2a: Torkoal|Rapid Spin|p1a: Kirby\n|-damage|p1a: Kirby|93\/100\n|-boost|p2a: Torkoal|spe|1\n|\n|-weather|SunnyDay|[upkeep]\n|upkeep\n|turn|2\n|\n|t:|1700105318\n|move|p2a: Torkoal|Rapid Spin|p1a: Kirby\n|-damage|p1a: Kirby|84\/100\n|-boost|p2a: Torkoal|spe|1\n|move|p1a: Kirby|Eruption|p2a: Torkoal\n|-resisted|p2a: Torkoal\n|-damage|p2a: Torkoal|44\/100\n|\n|-weather|SunnyDay|[upkeep]\n|upkeep\n|turn|3\n|\n|t:|1700105334\n|switch|p2a: Skeledirge|Skeledirge, F|100\/100\n|move|p1a: Kirby|Eruption|p2a: Skeledirge\n|-resisted|p2a: Skeledirge\n|-damage|p2a: Skeledirge|64\/100\n|\n|-weather|SunnyDay|[upkeep]\n|upkeep\n|turn|4\n|\n|t:|1700105349\n|switch|p1a: Escargoon|Sliggoo, M|100\/100\n|move|p2a: Skeledirge|Earth Power|p1a: Escargoon\n|-damage|p1a: Escargoon|87\/100\n|\n|-weather|SunnyDay|[upkeep]\n|upkeep\n|turn|5\n|\n|t:|1700105371\n|switch|p2a: Rillaboom|Rillaboom, F|100\/100\n|-fieldstart|move: Grassy Terrain|[from] ability: Grassy Surge|[of] p2a: Rillaboom\n|move|p1a: Escargoon|Toxic|p2a: Rillaboom\n|-status|p2a: Rillaboom|tox\n|\n|-weather|none\n|-heal|p1a: Escargoon|93\/100|[from] Grassy Terrain\n|-damage|p2a: Rillaboom|94\/100 tox|[from] psn\n|upkeep\n|turn|6\n|\n|t:|1700105382\n|switch|p1a: Kirby|Ditto|84\/100\n|-transform|p1a: Kirby|p2a: Rillaboom|[from] ability: Imposter\n|move|p2a: Rillaboom|Fake Out|p1a: Kirby\n|-damage|p1a: Kirby|65\/100\n|\n|-heal|p1a: Kirby|71\/100|[from] Grassy Terrain\n|-heal|p2a: Rillaboom|100\/100 tox|[from] Grassy Terrain\n|-damage|p2a: Rillaboom|88\/100 tox|[from] psn\n|upkeep\n|turn|7\n|\n|t:|1700105401\n|switch|p2a: Torkoal|Torkoal, F|44\/100\n|-weather|SunnyDay|[from] ability: Drought|[of] p2a: Torkoal\n|move|p1a: Kirby|Drum Beating|p2a: Torkoal\n|-resisted|p2a: Torkoal\n|-damage|p2a: Torkoal|23\/100\n|-unboost|p2a: Torkoal|spe|1\n|\n|-weather|SunnyDay|[upkeep]\n|-heal|p1a: Kirby|77\/100|[from] Grassy Terrain\n|-heal|p2a: Torkoal|30\/100|[from] Grassy Terrain\n|upkeep\n|turn|8\n|\n|t:|1700105416\n|switch|p1a: Escargoon|Sliggoo, M|93\/100\n|switch|p2a: Rillaboom|Rillaboom, F|88\/100 tox\n|\n|-weather|SunnyDay|[upkeep]\n|-heal|p2a: Rillaboom|94\/100 tox|[from] Grassy Terrain\n|-heal|p1a: Escargoon|99\/100|[from] Grassy Terrain\n|-damage|p2a: Rillaboom|88\/100 tox|[from] psn\n|upkeep\n|turn|9\n|\n|t:|1700105426\n|move|p2a: Rillaboom|Fake Out|p1a: Escargoon\n|-damage|p1a: Escargoon|82\/100\n|cant|p1a: Escargoon|flinch\n|\n|-weather|SunnyDay|[upkeep]\n|-heal|p2a: Rillaboom|94\/100 tox|[from] Grassy Terrain\n|-heal|p1a: Escargoon|88\/100|[from] Grassy Terrain\n|-damage|p2a: Rillaboom|82\/100 tox|[from] psn\n|-fieldend|move: Grassy Terrain\n|upkeep\n|turn|10\n|\n|t:|1700105437\n|switch|p2a: Skeledirge|Skeledirge, F|64\/100\n|move|p1a: Escargoon|Acid Armor|p1a: Escargoon\n|-boost|p1a: Escargoon|def|2\n|\n|-weather|SunnyDay|[upkeep]\n|upkeep\n|turn|11\n|\n|t:|1700105444\n|move|p2a: Skeledirge|Overheat|p1a: Escargoon\n|-resisted|p1a: Escargoon\n|-damage|p1a: Escargoon|67\/100\n|-unboost|p2a: Skeledirge|spa|2\n|move|p1a: Escargoon|Toxic|p2a: Skeledirge\n|-status|p2a: Skeledirge|tox\n|\n|-weather|SunnyDay|[upkeep]\n|-damage|p2a: Skeledirge|58\/100 tox|[from] psn\n|upkeep\n|turn|12\n|\n|t:|1700105460\n|switch|p2a: Walking Wake|Walking Wake|100\/100\n|-activate|p2a: Walking Wake|ability: Protosynthesis\n|-start|p2a: Walking Wake|protosynthesisspe\n|move|p1a: Escargoon|Acid Armor|p1a: Escargoon\n|-boost|p1a: Escargoon|def|2\n|\n|-weather|SunnyDay|[upkeep]\n|upkeep\n|turn|13\n|\n|t:|1700105469\n|-terastallize|p1a: Escargoon|Poison\n|move|p2a: Walking Wake|Dragon Pulse|p1a: Escargoon\n|-damage|p1a: Escargoon|38\/100\n|move|p1a: Escargoon|Toxic|p2a: Walking Wake\n|-status|p2a: Walking Wake|tox\n|\n|-weather|SunnyDay|[upkeep]\n|-damage|p2a: Walking Wake|94\/100 tox|[from] psn\n|upkeep\n|turn|14\n|\n|t:|1700105477\n|-end|p2a: Walking Wake|Protosynthesis|[silent]\n|switch|p2a: Cinderace|Cinderace, F|100\/100\n|move|p1a: Escargoon|Rest|p1a: Escargoon\n|-status|p1a: Escargoon|slp|[from] move: Rest\n|-heal|p1a: Escargoon|100\/100 slp|[silent]\n|\n|-weather|none\n|upkeep\n|turn|15\n|\n|t:|1700105485\n|move|p2a: Cinderace|Iron Head|p1a: Escargoon\n|-start|p2a: Cinderace|typechange|Steel|[from] ability: Libero\n|-damage|p1a: Escargoon|83\/100 slp\n|-damage|p2a: Cinderace|91\/100|[from] item: Life Orb\n|cant|p1a: Escargoon|slp\n|\n|upkeep\n|turn|16\n|\n|t:|1700105496\n|move|p2a: Cinderace|Pyro Ball|p1a: Escargoon|[miss]\n|-miss|p2a: Cinderace|p1a: Escargoon\n|cant|p1a: Escargoon|slp\n|\n|upkeep\n|turn|17\n|\n|t:|1700105501\n|move|p2a: Cinderace|Pyro Ball|p1a: Escargoon\n|-damage|p1a: Escargoon|65\/100 slp\n|-damage|p2a: Cinderace|81\/100|[from] item: Life Orb\n|-curestatus|p1a: Escargoon|slp|[msg]\n|move|p1a: Escargoon|Body Slam|p2a: Cinderace\n|-resisted|p2a: Cinderace\n|-damage|p2a: Cinderace|69\/100\n|\n|upkeep\n|turn|18\n|\n|t:|1700105509\n|move|p2a: Cinderace|Pyro Ball|p1a: Escargoon\n|-damage|p1a: Escargoon|46\/100\n|-damage|p2a: Cinderace|59\/100|[from] item: Life Orb\n|move|p1a: Escargoon|Body Slam|p2a: Cinderace\n|-resisted|p2a: Cinderace\n|-damage|p2a: Cinderace|48\/100\n|-status|p2a: Cinderace|par\n|\n|upkeep\n|turn|19\n|\n|t:|1700105518\n|move|p2a: Cinderace|Pyro Ball|p1a: Escargoon\n|-damage|p1a: Escargoon|27\/100\n|-damage|p2a: Cinderace|38\/100 par|[from] item: Life Orb\n|move|p1a: Escargoon|Body Slam|p2a: Cinderace\n|-resisted|p2a: Cinderace\n|-damage|p2a: Cinderace|27\/100 par\n|\n|upkeep\n|turn|20\n|\n|t:|1700105526\n|move|p2a: Cinderace|Pyro Ball|p1a: Escargoon\n|-damage|p1a: Escargoon|7\/100\n|-damage|p2a: Cinderace|17\/100 par|[from] item: Life Orb\n|move|p1a: Escargoon|Body Slam|p2a: Cinderace\n|-resisted|p2a: Cinderace\n|-damage|p2a: Cinderace|6\/100 par\n|\n|upkeep\n|turn|21\n|\n|t:|1700105533\n|move|p2a: Cinderace|Pyro Ball|p1a: Escargoon\n|-damage|p1a: Escargoon|0 fnt\n|faint|p1a: Escargoon\n|-damage|p2a: Cinderace|0 fnt|[from] item: Life Orb\n|faint|p2a: Cinderace\n|\n|upkeep\n|\n|t:|1700105539\n|switch|p2a: Torkoal|Torkoal, F|30\/100\n|switch|p1a: Kirby|Ditto|77\/100\n|-transform|p1a: Kirby|p2a: Torkoal|[from] ability: Imposter\n|-weather|SunnyDay|[from] ability: Drought|[of] p1a: Kirby\n|turn|22\n|\n|t:|1700105549\n|switch|p2a: Skeledirge|Skeledirge, F|58\/100 tox\n|move|p1a: Kirby|Eruption|p2a: Skeledirge\n|-resisted|p2a: Skeledirge\n|-damage|p2a: Skeledirge|24\/100 tox\n|\n|-weather|SunnyDay|[upkeep]\n|-damage|p2a: Skeledirge|18\/100 tox|[from] psn\n|upkeep\n|turn|23\n|\n|t:|1700105558\n|move|p2a: Skeledirge|Overheat|p1a: Kirby\n|-resisted|p1a: Kirby\n|-damage|p1a: Kirby|32\/100\n|-unboost|p2a: Skeledirge|spa|2\n|move|p1a: Kirby|Eruption|p2a: Skeledirge\n|-resisted|p2a: Skeledirge\n|-damage|p2a: Skeledirge|5\/100 tox\n|\n|-weather|SunnyDay|[upkeep]\n|-damage|p2a: Skeledirge|0 fnt|[from] psn\n|faint|p2a: Skeledirge\n|upkeep\n|\n|t:|1700105564\n|switch|p2a: Walking Wake|Walking Wake|94\/100 tox\n|-activate|p2a: Walking Wake|ability: Protosynthesis\n|-start|p2a: Walking Wake|protosynthesisspe\n|turn|24\n|\n|t:|1700105572\n|switch|p1a: King Dedede|Empoleon, M, shiny|100\/100\n|move|p2a: Walking Wake|Hydro Steam|p1a: King Dedede\n|-resisted|p1a: King Dedede\n|-damage|p1a: King Dedede|59\/100\n|\n|-weather|SunnyDay|[upkeep]\n|-heal|p1a: King Dedede|66\/100|[from] item: Leftovers\n|-damage|p2a: Walking Wake|88\/100 tox|[from] psn\n|upkeep\n|turn|25\n|\n|t:|1700105584\n|move|p2a: Walking Wake|Hydro Steam|p1a: King Dedede\n|-resisted|p1a: King Dedede\n|-damage|p1a: King Dedede|23\/100\n|move|p1a: King Dedede|Ice Spinner|p2a: Walking Wake\n|-damage|p2a: Walking Wake|63\/100 tox\n|\n|-weather|SunnyDay|[upkeep]\n|-heal|p1a: King Dedede|29\/100|[from] item: Leftovers\n|-damage|p2a: Walking Wake|51\/100 tox|[from] psn\n|upkeep\n|turn|26\n|\n|t:|1700105594\n|-terastallize|p2a: Walking Wake|Water\n|move|p1a: King Dedede|Aqua Jet|p2a: Walking Wake\n|-resisted|p2a: Walking Wake\n|-damage|p2a: Walking Wake|44\/100 tox\n|move|p2a: Walking Wake|Hydro Steam|p1a: King Dedede\n|-resisted|p1a: King Dedede\n|-damage|p1a: King Dedede|0 fnt\n|faint|p1a: King Dedede\n|\n|-weather|none\n|-end|p2a: Walking Wake|Protosynthesis\n|-damage|p2a: Walking Wake|25\/100 tox|[from] psn\n|upkeep\n|\n|t:|1700105606\n|switch|p1a: Kirby|Ditto|32\/100\n|-transform|p1a: Kirby|p2a: Walking Wake|[from] ability: Imposter\n|-start|p1a: Kirby|typechange|Water\/Dragon|[silent]\n|turn|27\n|\n|t:|1700105614\n|-end|p1a: Kirby|Protosynthesis|[silent]\n|switch|p1a: Tuff|Ralts, M|100\/100\n|-end|p2a: Walking Wake|Protosynthesis|[silent]\n|switch|p2a: Torkoal|Torkoal, F|30\/100\n|-weather|SunnyDay|[from] ability: Drought|[of] p2a: Torkoal\n|\n|-weather|SunnyDay|[upkeep]\n|upkeep\n|turn|28\n|\n|t:|1700105626\n|move|p1a: Tuff|Dazzling Gleam|p2a: Torkoal\n|-resisted|p2a: Torkoal\n|-damage|p2a: Torkoal|19\/100\n|move|p2a: Torkoal|Clear Smog|p1a: Tuff\n|-supereffective|p1a: Tuff\n|-damage|p1a: Tuff|38\/100\n|-clearboost|p1a: Tuff\n|\n|-weather|SunnyDay|[upkeep]\n|upkeep\n|turn|29\n|\n|t:|1700105639\n|switch|p2a: Ogerpon|Ogerpon, F|100\/100\n|move|p1a: Tuff|Encore||[still]\n|-fail|p1a: Tuff\n|\n|-weather|SunnyDay|[upkeep]\n|upkeep\n|turn|30\n|\n|t:|1700105645\n|move|p2a: Ogerpon|Solar Blade||[still]\n|-prepare|p2a: Ogerpon|Solar Blade\n|-anim|p2a: Ogerpon|Solar Blade|p1a: Tuff\n|-damage|p1a: Tuff|0 fnt\n|faint|p1a: Tuff\n|\n|-weather|SunnyDay|[upkeep]\n|upkeep\n|\n|t:|1700105651\n|switch|p1a: Kirby|Ditto|32\/100\n|-transform|p1a: Kirby|p2a: Ogerpon|[from] ability: Imposter\n|turn|31\n|\n|t:|1700105658\n|move|p1a: Kirby|U-turn|p2a: Ogerpon\n|-supereffective|p2a: Ogerpon\n|-damage|p2a: Ogerpon|34\/100\n|\n|t:|1700105662\n|switch|p1a: Tiff|Kirlia, F|100\/100|[from] U-turn\n|-ability|p1a: Tiff|Defiant|[from] ability: Trace|[of] p2a: Ogerpon\n|move|p2a: Ogerpon|Solar Blade||[still]\n|-prepare|p2a: Ogerpon|Solar Blade\n|-anim|p2a: Ogerpon|Solar Blade|p1a: Tiff\n|-damage|p1a: Tiff|0 fnt\n|faint|p1a: Tiff\n|\n|-weather|SunnyDay|[upkeep]\n|upkeep\n|\n|t:|1700105672\n|switch|p1a: Kirby|Ditto|32\/100\n|-transform|p1a: Kirby|p2a: Ogerpon|[from] ability: Imposter\n|turn|32\n|\n|t:|1700105680\n|switch|p2a: Rillaboom|Rillaboom, F|82\/100 tox\n|-fieldstart|move: Grassy Terrain|[from] ability: Grassy Surge|[of] p2a: Rillaboom\n|move|p1a: Kirby|Solar Blade||[still]\n|-prepare|p1a: Kirby|Solar Blade\n|-anim|p1a: Kirby|Solar Blade|p2a: Rillaboom\n|-resisted|p2a: Rillaboom\n|-damage|p2a: Rillaboom|42\/100 tox\n|-enditem|p2a: Rillaboom|Eject Button\n|\n|t:|1700105686\n|switch|p2a: Walking Wake|Walking Wake, tera:Water|25\/100 tox\n|-activate|p2a: Walking Wake|ability: Protosynthesis\n|-start|p2a: Walking Wake|protosynthesisspe\n|\n|-weather|SunnyDay|[upkeep]\n|-heal|p2a: Walking Wake|31\/100 tox|[from] Grassy Terrain\n|-heal|p1a: Kirby|38\/100|[from] Grassy Terrain\n|-damage|p2a: Walking Wake|25\/100 tox|[from] psn\n|upkeep\n|turn|33\n|\n|t:|1700105697\n|move|p2a: Walking Wake|Weather Ball|p1a: Kirby\n|-supereffective|p1a: Kirby\n|-damage|p1a: Kirby|0 fnt\n|faint|p1a: Kirby\n|\n|-weather|SunnyDay|[upkeep]\n|-heal|p2a: Walking Wake|31\/100 tox|[from] Grassy Terrain\n|-damage|p2a: Walking Wake|19\/100 tox|[from] psn\n|upkeep\n|\n|t:|1700105704\n|switch|p1a: Meta Knight|Pawniard, M, shiny|100\/100\n|turn|34\n|\n|t:|1700105708\n|move|p1a: Meta Knight|Sucker Punch|p2a: Walking Wake\n|-damage|p2a: Walking Wake|0 fnt\n|faint|p2a: Walking Wake\n|-end|p2a: Walking Wake|Protosynthesis|[silent]\n|\n|-weather|none\n|upkeep\n|\n|t:|1700105713\n|switch|p2a: Rillaboom|Rillaboom, F|42\/100 tox\n|turn|35\n|\n|t:|1700105720\n|move|p2a: Rillaboom|Drain Punch|p1a: Meta Knight\n|-supereffective|p1a: Meta Knight\n|-enditem|p1a: Meta Knight|Focus Sash\n|-damage|p1a: Meta Knight|1\/100\n|-heal|p2a: Rillaboom|70\/100 tox|[from] drain|[of] p1a: Meta Knight\n|move|p1a: Meta Knight|Swords Dance|p1a: Meta Knight\n|-boost|p1a: Meta Knight|atk|2\n|\n|-heal|p2a: Rillaboom|76\/100 tox|[from] Grassy Terrain\n|-heal|p1a: Meta Knight|7\/100|[from] Grassy Terrain\n|-damage|p2a: Rillaboom|70\/100 tox|[from] psn\n|upkeep\n|turn|36\n|\n|t:|1700105731\n|move|p2a: Rillaboom|Grassy Glide|p1a: Meta Knight\n|-resisted|p1a: Meta Knight\n|-damage|p1a: Meta Knight|0 fnt\n|faint|p1a: Meta Knight\n|\n|win|iloveyouhavefunplz\n|raw|mystori_'s rating: 1064 &rarr; <strong>1050<\/strong><br \/>(-14 for losing)\n|raw|iloveyouhavefunplz's rating: 1173 &rarr; <strong>1190<\/strong><br \/>(+17 for winning)\n|l|\u2606mystori_\n","uploadtime":1700105738,"views":43,"p1id":"mystori","p2id":"iloveyouhavefunplz","formatid":"gen9ou","rating":1050,"private":0,"password":""}