{"id":"gen9ou-1989108799","p1":"Glenn Ford","p2":"BugCatcherN8R1X","format":"[Gen 9] OU","log":"|j|\u2606Glenn Ford\n|j|\u2606BugCatcherN8R1X\n|t:|1699813139\n|gametype|singles\n|player|p1|Glenn Ford|169|1259\n|player|p2|BugCatcherN8R1X|bugcatcher-gen4dp|1191\n|teamsize|p1|6\n|teamsize|p2|6\n|gen|9\n|tier|[Gen 9] OU\n|rated|\n|rule|Sleep Clause Mod: Limit one foe put to sleep\n|rule|Species Clause: Limit one of each Pok\u00e9mon\n|rule|OHKO Clause: OHKO moves are banned\n|rule|Evasion Items Clause: Evasion items are banned\n|rule|Evasion Moves Clause: Evasion moves are banned\n|rule|Endless Battle Clause: Forcing endless battles is banned\n|rule|HP Percentage Mod: HP is shown in percentages\n|clearpoke\n|poke|p1|Mienshao, F|\n|poke|p1|Zapdos|\n|poke|p1|Manaphy|\n|poke|p1|Rillaboom, M|\n|poke|p1|Corviknight, M|\n|poke|p1|Heatran, F|\n|poke|p2|Kleavor, M|\n|poke|p2|Lokix, M|\n|poke|p2|Vikavolt, F|\n|poke|p2|Slither Wing|\n|poke|p2|Scizor, F|\n|poke|p2|Ribombee, M|\n|teampreview\n|\n|t:|1699813148\n|start\n|switch|p1a: Mienshao|Mienshao, F|100\/100\n|switch|p2a: Erebus|Lokix, M|100\/100\n|turn|1\n|\n|t:|1699813154\n|-terastallize|p1a: Mienshao|Fighting\n|move|p1a: Mienshao|High Jump Kick|p2a: Erebus\n|-damage|p2a: Erebus|0 fnt\n|faint|p2a: Erebus\n|\n|upkeep\n|\n|t:|1699813159\n|switch|p2a: Hermes|Ribombee, M|100\/100\n|turn|2\n|\n|t:|1699813167\n|switch|p1a: Heatran|Heatran, F|100\/100\n|move|p2a: Hermes|Quiver Dance|p2a: Hermes\n|-boost|p2a: Hermes|spa|1\n|-boost|p2a: Hermes|spd|1\n|-boost|p2a: Hermes|spe|1\n|\n|upkeep\n|turn|3\n|\n|t:|1699813173\n|-terastallize|p2a: Hermes|Fire\n|move|p2a: Hermes|Quiver Dance|p2a: Hermes\n|-boost|p2a: Hermes|spa|1\n|-boost|p2a: Hermes|spd|1\n|-boost|p2a: Hermes|spe|1\n|move|p1a: Heatran|Magma Storm|p2a: Hermes\n|-resisted|p2a: Hermes\n|-damage|p2a: Hermes|85\/100\n|-activate|p2a: Hermes|move: Magma Storm|[of] p1a: Heatran\n|\n|-damage|p2a: Hermes|73\/100|[from] move: Magma Storm|[partiallytrapped]\n|upkeep\n|turn|4\n|\n|t:|1699813183\n|move|p2a: Hermes|Quiver Dance|p2a: Hermes\n|-boost|p2a: Hermes|spa|1\n|-boost|p2a: Hermes|spd|1\n|-boost|p2a: Hermes|spe|1\n|move|p1a: Heatran|Earth Power|p2a: Hermes\n|-supereffective|p2a: Hermes\n|-damage|p2a: Hermes|45\/100\n|\n|-damage|p2a: Hermes|32\/100|[from] move: Magma Storm|[partiallytrapped]\n|upkeep\n|turn|5\n|\n|t:|1699813190\n|move|p2a: Hermes|Stored Power|p1a: Heatran\n|-resisted|p1a: Heatran\n|-damage|p1a: Heatran|40\/100\n|-damage|p2a: Hermes|23\/100|[from] item: Life Orb\n|move|p1a: Heatran|Earth Power|p2a: Hermes\n|-supereffective|p2a: Hermes\n|-damage|p2a: Hermes|0 fnt\n|faint|p2a: Hermes\n|\n|-heal|p1a: Heatran|46\/100|[from] item: Leftovers\n|upkeep\n|\n|t:|1699813209\n|switch|p2a: Hachiman|Kleavor, M|100\/100\n|turn|6\n|\n|t:|1699813231\n|switch|p1a: Mienshao|Mienshao, F, tera:Fighting|100\/100\n|move|p2a: Hachiman|Stone Axe|p1a: Mienshao\n|-resisted|p1a: Mienshao\n|-damage|p1a: Mienshao|50\/100\n|-sidestart|p1: Glenn Ford|move: Stealth Rock\n|\n|upkeep\n|turn|7\n|\n|t:|1699813237\n|move|p1a: Mienshao|High Jump Kick|p2a: Hachiman\n|-damage|p2a: Hachiman|0 fnt\n|faint|p2a: Hachiman\n|\n|upkeep\n|\n|t:|1699813241\n|switch|p2a: Apollo|Slither Wing|100\/100\n|-enditem|p2a: Apollo|Booster Energy\n|-activate|p2a: Apollo|ability: Protosynthesis|[fromitem]\n|-start|p2a: Apollo|protosynthesisatk\n|turn|8\n|\n|t:|1699813246\n|switch|p1a: Zapdos|Zapdos|100\/100\n|move|p2a: Apollo|Flame Charge|p1a: Zapdos\n|-damage|p1a: Zapdos|79\/100\n|-boost|p2a: Apollo|spe|1\n|\n|upkeep\n|turn|9\n|\n|t:|1699813253\n|move|p2a: Apollo|Acrobatics|p1a: Zapdos\n|-resisted|p1a: Zapdos\n|-damage|p1a: Zapdos|58\/100\n|move|p1a: Zapdos|Hurricane|p2a: Apollo\n|-supereffective|p2a: Apollo\n|-damage|p2a: Apollo|0 fnt\n|faint|p2a: Apollo\n|-end|p2a: Apollo|Protosynthesis|[silent]\n|\n|upkeep\n|\n|t:|1699813257\n|switch|p2a: Thor|Vikavolt, F|100\/100\n|turn|10\n|\n|t:|1699813263\n|move|p1a: Zapdos|U-turn|p2a: Thor\n|-damage|p2a: Thor|84\/100\n|\n|t:|1699813271\n|switch|p1a: Rillaboom|Rillaboom, M|100\/100|[from] U-turn\n|-damage|p1a: Rillaboom|88\/100|[from] Stealth Rock\n|-fieldstart|move: Grassy Terrain|[from] ability: Grassy Surge|[of] p1a: Rillaboom\n|move|p2a: Thor|Agility|p2a: Thor\n|-boost|p2a: Thor|spe|2\n|\n|-heal|p1a: Rillaboom|94\/100|[from] Grassy Terrain\n|upkeep\n|turn|11\n|\n|t:|1699813284\n|switch|p1a: Corviknight|Corviknight, M|100\/100\n|-damage|p1a: Corviknight|88\/100|[from] Stealth Rock\n|-ability|p1a: Corviknight|Pressure\n|move|p2a: Thor|Bug Buzz|p1a: Corviknight\n|-resisted|p1a: Corviknight\n|-crit|p1a: Corviknight\n|-damage|p1a: Corviknight|72\/100\n|-enditem|p2a: Thor|Throat Spray\n|-boost|p2a: Thor|spa|1|[from] item: Throat Spray\n|\n|-heal|p1a: Corviknight|78\/100|[from] item: Leftovers\n|upkeep\n|turn|12\n|\n|t:|1699813297\n|move|p2a: Thor|Thunderbolt|p1a: Corviknight\n|-supereffective|p1a: Corviknight\n|-damage|p1a: Corviknight|0 fnt\n|faint|p1a: Corviknight\n|\n|upkeep\n|\n|t:|1699813301\n|switch|p1a: Heatran|Heatran, F|46\/100\n|-damage|p1a: Heatran|33\/100|[from] Stealth Rock\n|turn|13\n|\n|t:|1699813306\n|move|p2a: Thor|Thunderbolt|p1a: Heatran\n|-damage|p1a: Heatran|0 fnt\n|faint|p1a: Heatran\n|\n|upkeep\n|\n|t:|1699813314\n|switch|p1a: Mienshao|Mienshao, F, tera:Fighting|50\/100\n|-damage|p1a: Mienshao|44\/100|[from] Stealth Rock\n|turn|14\n|\n|t:|1699813320\n|move|p1a: Mienshao|U-turn|p2a: Thor\n|-damage|p2a: Thor|48\/100\n|\n|t:|1699813324\n|switch|p1a: Zapdos|Zapdos|58\/100|[from] U-turn\n|move|p2a: Thor|Thunderbolt|p1a: Zapdos\n|-damage|p1a: Zapdos|0 fnt\n|faint|p1a: Zapdos\n|\n|-fieldend|move: Grassy Terrain\n|upkeep\n|\n|t:|1699813332\n|switch|p1a: Mienshao|Mienshao, F, tera:Fighting|44\/100\n|-damage|p1a: Mienshao|38\/100|[from] Stealth Rock\n|turn|15\n|\n|t:|1699813336\n|move|p1a: Mienshao|Knock Off|p2a: Thor\n|-damage|p2a: Thor|15\/100\n|move|p2a: Thor|Thunderbolt|p1a: Mienshao\n|-damage|p1a: Mienshao|0 fnt\n|faint|p1a: Mienshao\n|\n|upkeep\n|\n|t:|1699813342\n|switch|p1a: Rillaboom|Rillaboom, M|94\/100\n|-damage|p1a: Rillaboom|82\/100|[from] Stealth Rock\n|-fieldstart|move: Grassy Terrain|[from] ability: Grassy Surge|[of] p1a: Rillaboom\n|turn|16\n|\n|t:|1699813347\n|move|p1a: Rillaboom|Grassy Glide|p2a: Thor\n|-resisted|p2a: Thor\n|-damage|p2a: Thor|0 fnt\n|faint|p2a: Thor\n|\n|-heal|p1a: Rillaboom|88\/100|[from] Grassy Terrain\n|upkeep\n|\n|t:|1699813350\n|switch|p2a: Ares|Scizor, F|100\/100\n|turn|17\n|\n|t:|1699813355\n|switch|p1a: Manaphy|Manaphy|100\/100\n|-damage|p1a: Manaphy|88\/100|[from] Stealth Rock\n|move|p2a: Ares|Swords Dance|p2a: Ares\n|-boost|p2a: Ares|atk|2\n|\n|-heal|p1a: Manaphy|94\/100|[from] Grassy Terrain\n|-heal|p1a: Manaphy|100\/100|[from] item: Leftovers\n|upkeep\n|turn|18\n|\n|t:|1699813364\n|move|p1a: Manaphy|Hydro Pump|p2a: Ares\n|-damage|p2a: Ares|41\/100\n|move|p2a: Ares|Trailblaze|p1a: Manaphy\n|-supereffective|p1a: Manaphy\n|-damage|p1a: Manaphy|0 fnt\n|-boost|p2a: Ares|spe|1\n|faint|p1a: Manaphy\n|-heal|p2a: Ares|53\/100|[from] item: Shell Bell|[of] p1: Manaphy\n|\n|-heal|p2a: Ares|59\/100|[from] Grassy Terrain\n|upkeep\n|\n|t:|1699813374\n|switch|p1a: Rillaboom|Rillaboom, M|88\/100\n|-damage|p1a: Rillaboom|76\/100|[from] Stealth Rock\n|turn|19\n|\n|t:|1699813380\n|move|p2a: Ares|Bullet Punch|p1a: Rillaboom\n|-damage|p1a: Rillaboom|0 fnt\n|faint|p1a: Rillaboom\n|-heal|p2a: Ares|69\/100|[from] item: Shell Bell|[of] p1: Rillaboom\n|\n|win|BugCatcherN8R1X\n|raw|Glenn Ford's rating: 1259 &rarr; <strong>1229<\/strong><br \/>(-30 for losing)\n|raw|BugCatcherN8R1X's rating: 1191 &rarr; <strong>1221<\/strong><br \/>(+30 for winning)\n|l|\u2606Glenn Ford\n|c|\u2606BugCatcherN8R1X|Gg\n","uploadtime":1699813392,"views":10,"p1id":"glennford","p2id":"bugcatchern8r1x","formatid":"gen9ou","rating":1221,"private":0,"password":""}