{"id":"gen9ou-1998037961","p1":"HEAVY-DUTY B0OTY","p2":"Ramzi65","format":"[Gen 9] OU","log":"|j|\u2606HEAVY-DUTY B0OTY\n|j|\u2606Ramzi65\n|inactive|Battle timer is ON: inactive players will automatically lose when time's up.\n|t:|1700882140\n|gametype|singles\n|player|p1|HEAVY-DUTY B0OTY|swimmerf-gen6|\n|player|p2|Ramzi65|266|\n|teamsize|p1|3\n|teamsize|p2|3\n|gen|9\n|tier|[Gen 9] OU\n|rated|Tournament battle\n|rule|Sleep Clause Mod: Limit one foe put to sleep\n|rule|Species Clause: Limit one of each Pok\u00e9mon\n|rule|OHKO Clause: OHKO moves are banned\n|rule|Evasion Items Clause: Evasion items are banned\n|rule|Evasion Moves Clause: Evasion moves are banned\n|rule|Endless Battle Clause: Forcing endless battles is banned\n|rule|HP Percentage Mod: HP is shown in percentages\n|clearpoke\n|poke|p1|Lokix, F|\n|poke|p1|Zorua-Hisui, M|\n|poke|p1|Cetitan, M|\n|poke|p2|Haxorus, M|\n|poke|p2|Infernape, M|\n|poke|p2|Zweilous, M|\n|teampreview\n|j|*Lady Monita \u2746\n|j| Im dumb srly\n|\n|t:|1700882153\n|start\n|switch|p1a: Lokix|Lokix, F|100\/100\n|switch|p2a: Infernape|Infernape, M|100\/100\n|turn|1\n|inactive|HEAVY-DUTY B0OTY has 120 seconds left.\n|\n|t:|1700882204\n|move|p2a: Infernape|Flare Blitz|p1a: Lokix\n|-damage|p1a: Lokix|0 fnt\n|replace|p1a: Zorua|Zorua-Hisui, M\n|-end|p1a: Zorua|Illusion\n|faint|p1a: Zorua\n|-damage|p2a: Infernape|81\/100|[from] Recoil\n|\n|upkeep\n|\n|t:|1700882210\n|switch|p1a: Lokix|Lokix, F|100\/100\n|turn|2\n|j| bleahey\n|inactive|HEAVY-DUTY B0OTY has 90 seconds left.\n|\n|t:|1700882234\n|move|p2a: Infernape|Flare Blitz|p1a: Lokix\n|-supereffective|p1a: Lokix\n|-enditem|p1a: Lokix|Focus Sash\n|-damage|p1a: Lokix|1\/100\n|-damage|p2a: Infernape|55\/100|[from] Recoil\n|move|p1a: Lokix|Swords Dance|p1a: Lokix\n|-boost|p1a: Lokix|atk|2\n|\n|upkeep\n|turn|3\n|\n|t:|1700882259\n|switch|p2a: Zweilous|Zweilous, M|100\/100\n|move|p1a: Lokix|Sucker Punch||[still]\n|-fail|p1a: Lokix\n|\n|upkeep\n|turn|4\n|\n|t:|1700882274\n|move|p1a: Lokix|Leech Life|p2a: Zweilous\n|-supereffective|p2a: Zweilous\n|-damage|p2a: Zweilous|0 fnt\n|-heal|p1a: Lokix|51\/100|[from] drain|[of] p2a: Zweilous\n|faint|p2a: Zweilous\n|\n|upkeep\n|\n|t:|1700882277\n|switch|p2a: Infernape|Infernape, M|55\/100\n|turn|5\n|\n|t:|1700882285\n|move|p1a: Lokix|Sucker Punch||[still]\n|-fail|p1a: Lokix\n|move|p2a: Infernape|Switcheroo|p1a: Lokix\n|-activate|p2a: Infernape|move: Trick|[of] p1a: Lokix\n|-item|p1a: Lokix|Choice Scarf|[from] move: Switcheroo\n|-enditem|p2a: Infernape|Choice Scarf|[silent]|[from] move: Switcheroo\n|\n|upkeep\n|turn|6\n|\n|t:|1700882297\n|switch|p2a: Haxorus|Haxorus, M|100\/100\n|-ability|p2a: Haxorus|Mold Breaker\n|move|p1a: Lokix|Leech Life|p2a: Haxorus\n|-damage|p2a: Haxorus|19\/100\n|-heal|p1a: Lokix|94\/100|[from] drain|[of] p2a: Haxorus\n|\n|upkeep\n|turn|7\n|c|\u2606HEAVY-DUTY B0OTY|hm?\n|\n|t:|1700882306\n|move|p1a: Lokix|Leech Life|p2a: Haxorus\n|-damage|p2a: Haxorus|0 fnt\n|-heal|p1a: Lokix|100\/100|[from] drain|[of] p2a: Haxorus\n|faint|p2a: Haxorus\n|\n|upkeep\n|\n|t:|1700882308\n|switch|p2a: Infernape|Infernape, M|55\/100\n|turn|8\n|\n|t:|1700882325\n|move|p1a: Lokix|Leech Life|p2a: Infernape\n|-resisted|p2a: Infernape\n|-damage|p2a: Infernape|9\/100\n|move|p2a: Infernape|Close Combat|p1a: Lokix\n|-damage|p1a: Lokix|34\/100\n|-unboost|p2a: Infernape|def|1\n|-unboost|p2a: Infernape|spd|1\n|\n|upkeep\n|turn|9\n|c|\u2606HEAVY-DUTY B0OTY|gg\n|\n|t:|1700882331\n|move|p1a: Lokix|Leech Life|p2a: Infernape\n|-resisted|p2a: Infernape\n|-damage|p2a: Infernape|0 fnt\n|-heal|p1a: Lokix|39\/100|[from] drain|[of] p2a: Infernape\n|faint|p2a: Infernape\n|\n|win|HEAVY-DUTY B0OTY\n|n|\u2606HEAVY-DUTY B0OTY|heavydutyb0oty\n|n|\u2606Ramzi65|ramzi65\n|n|*Lady Monita \u2746|ladymonita\n|n| Im dumb srly|imdumbsrly\n|n| bleahey|bleahey\n","uploadtime":1700882332,"views":1,"p1id":"heavydutyb0oty","p2id":"ramzi65","formatid":"gen9ou","rating":0,"private":0,"password":""}