{"id":"gen9ou-1989359927","p1":"CRIPPYwitdaGRIPPY","p2":"BeardoftheRed","format":"[Gen 9] OU","log":"|j|\u2606CRIPPYwitdaGRIPPY\n|j|\u2606BeardoftheRed\n|t:|1699840574\n|gametype|singles\n|player|p1|CRIPPYwitdaGRIPPY|caitlin|\n|player|p2|BeardoftheRed|101|\n|teamsize|p1|6\n|teamsize|p2|6\n|gen|9\n|tier|[Gen 9] OU\n|rule|Sleep Clause Mod: Limit one foe put to sleep\n|rule|Species Clause: Limit one of each Pok\u00e9mon\n|rule|OHKO Clause: OHKO moves are banned\n|rule|Evasion Items Clause: Evasion items are banned\n|rule|Evasion Moves Clause: Evasion moves are banned\n|rule|Endless Battle Clause: Forcing endless battles is banned\n|rule|HP Percentage Mod: HP is shown in percentages\n|clearpoke\n|poke|p1|Walking Wake|\n|poke|p1|Landorus-Therian, M|\n|poke|p1|Skeledirge, F|\n|poke|p1|Goodra-Hisui, M|\n|poke|p1|Fezandipiti, M|\n|poke|p1|Torterra, M|\n|poke|p2|Cinderace, M|\n|poke|p2|Mamoswine, F|\n|poke|p2|Grimmsnarl, M|\n|poke|p2|Gligar, F|\n|poke|p2|Barraskewda, M|\n|poke|p2|Muk, F|\n|teampreview\n|inactive|Battle timer is ON: inactive players will automatically lose when time's up. (requested by BeardoftheRed)\n|\n|t:|1699840583\n|start\n|switch|p1a: bipedal boi|Walking Wake|100\/100\n|switch|p2a: Barraskewda|Barraskewda, M|100\/100\n|turn|1\n|j| S3PP1\n|\n|t:|1699840602\n|switch|p2a: Muk|Muk, F|100\/100\n|move|p1a: bipedal boi|Draco Meteor|p2a: Muk\n|-damage|p2a: Muk|40\/100\n|-unboost|p1a: bipedal boi|spa|2\n|\n|upkeep\n|turn|2\n|\n|t:|1699840611\n|move|p1a: bipedal boi|Draco Meteor|p2a: Muk\n|-damage|p2a: Muk|6\/100\n|-unboost|p1a: bipedal boi|spa|2\n|move|p2a: Muk|Gunk Shot|p1a: bipedal boi\n|-damage|p1a: bipedal boi|52\/100\n|\n|upkeep\n|turn|3\n|\n|t:|1699840621\n|move|p1a: bipedal boi|Hydro Pump|p2a: Muk\n|-damage|p2a: Muk|0 fnt\n|faint|p2a: Muk\n|\n|upkeep\n|\n|t:|1699840627\n|switch|p2a: Grimmsnarl|Grimmsnarl, M|100\/100\n|turn|4\n|inactive|CRIPPYwitdaGRIPPY has 270 seconds left.\n|\n|t:|1699840662\n|-end|p1a: bipedal boi|Protosynthesis|[silent]\n|switch|p1a: ohhhhh my|Goodra-Hisui, M, shiny|100\/100\n|move|p2a: Grimmsnarl|Protect||[still]\n|-fail|p2a: Grimmsnarl\n|\n|upkeep\n|turn|5\n|inactive|CRIPPYwitdaGRIPPY has 270 seconds left.\n|\n|t:|1699840673\n|move|p1a: ohhhhh my|Fire Blast|p2a: Grimmsnarl\n|-damage|p2a: Grimmsnarl|74\/100\n|move|p2a: Grimmsnarl|Dazzling Gleam|p1a: ohhhhh my\n|-damage|p1a: ohhhhh my|89\/100\n|\n|-heal|p2a: Grimmsnarl|80\/100|[from] item: Leftovers\n|upkeep\n|turn|6\n|inactive|CRIPPYwitdaGRIPPY has 270 seconds left.\n|\n|t:|1699840684\n|move|p2a: Grimmsnarl|Protect|p2a: Grimmsnarl\n|-singleturn|p2a: Grimmsnarl|Protect\n|move|p1a: ohhhhh my|Flash Cannon|p2a: Grimmsnarl\n|-activate|p2a: Grimmsnarl|move: Protect\n|\n|-heal|p2a: Grimmsnarl|87\/100|[from] item: Leftovers\n|upkeep\n|turn|7\n|\n|t:|1699840691\n|move|p2a: Grimmsnarl|Sucker Punch|p1a: ohhhhh my\n|-damage|p1a: ohhhhh my|62\/100\n|move|p1a: ohhhhh my|Flash Cannon|p2a: Grimmsnarl\n|-supereffective|p2a: Grimmsnarl\n|-crit|p2a: Grimmsnarl\n|-damage|p2a: Grimmsnarl|0 fnt\n|faint|p2a: Grimmsnarl\n|\n|upkeep\n|\n|t:|1699840698\n|switch|p2a: Mamoswine|Mamoswine, F|100\/100\n|turn|8\n|\n|t:|1699840707\n|move|p2a: Mamoswine|Blizzard|p1a: ohhhhh my\n|-damage|p1a: ohhhhh my|50\/100\n|move|p1a: ohhhhh my|Draco Meteor|p2a: Mamoswine\n|-damage|p2a: Mamoswine|0 fnt\n|-unboost|p1a: ohhhhh my|spa|2\n|faint|p2a: Mamoswine\n|\n|upkeep\n|\n|t:|1699840720\n|switch|p2a: Cinderace|Cinderace, M|100\/100\n|turn|9\n|\n|t:|1699840728\n|-terastallize|p2a: Cinderace|Fire\n|move|p2a: Cinderace|Fire Punch|p1a: ohhhhh my\n|-crit|p1a: ohhhhh my\n|-damage|p1a: ohhhhh my|0 fnt\n|faint|p1a: ohhhhh my\n|\n|upkeep\n|\n|t:|1699840736\n|switch|p1a: bipedal boi|Walking Wake|52\/100\n|turn|10\n|\n|t:|1699840740\n|move|p2a: Cinderace|Sunny Day|p2a: Cinderace\n|-weather|SunnyDay\n|-activate|p1a: bipedal boi|ability: Protosynthesis\n|-start|p1a: bipedal boi|protosynthesisspa\n|move|p1a: bipedal boi|Hydro Pump|p2a: Cinderace\n|-supereffective|p2a: Cinderace\n|-damage|p2a: Cinderace|0 fnt\n|faint|p2a: Cinderace\n|\n|-weather|SunnyDay|[upkeep]\n|upkeep\n|\n|t:|1699840756\n|switch|p2a: Gligar|Gligar, F|100\/100\n|turn|11\n|\n|t:|1699840765\n|move|p1a: bipedal boi|Weather Ball|p2a: Gligar\n|-damage|p2a: Gligar|0 fnt\n|faint|p2a: Gligar\n|\n|-weather|SunnyDay|[upkeep]\n|upkeep\n|\n|t:|1699840770\n|switch|p2a: Barraskewda|Barraskewda, M|100\/100\n|turn|12\n|\n|t:|1699840777\n|move|p2a: Barraskewda|Rain Dance|p2a: Barraskewda\n|-weather|RainDance\n|-end|p1a: bipedal boi|Protosynthesis\n|move|p1a: bipedal boi|Draco Meteor|p2a: Barraskewda\n|-crit|p2a: Barraskewda\n|-damage|p2a: Barraskewda|0 fnt\n|-unboost|p1a: bipedal boi|spa|2\n|faint|p2a: Barraskewda\n|\n|win|CRIPPYwitdaGRIPPY\n|l|\u2606BeardoftheRed\n|l| S3PP1\n","uploadtime":1699840786,"views":16,"p1id":"crippywitdagrippy","p2id":"beardofthered","formatid":"gen9ou","rating":0,"private":0,"password":""}