{"id":"gen9ou-1996646070","p1":"KIyi4pc5ltcfi05li8","p2":"ashmax123","format":"[Gen 9] OU","log":"|j|\u2606KIyi4pc5ltcfi05li8\n|j|\u2606ashmax123\n|t:|1700704671\n|gametype|singles\n|player|p1|KIyi4pc5ltcfi05li8|1|1000\n|player|p2|ashmax123|cynthia|1000\n|teamsize|p1|6\n|teamsize|p2|6\n|gen|9\n|tier|[Gen 9] OU\n|rated|\n|rule|Sleep Clause Mod: Limit one foe put to sleep\n|rule|Species Clause: Limit one of each Pok\u00e9mon\n|rule|OHKO Clause: OHKO moves are banned\n|rule|Evasion Items Clause: Evasion items are banned\n|rule|Evasion Moves Clause: Evasion moves are banned\n|rule|Endless Battle Clause: Forcing endless battles is banned\n|rule|HP Percentage Mod: HP is shown in percentages\n|clearpoke\n|poke|p1|Manaphy|\n|poke|p1|Kingambit, M|\n|poke|p1|Ribombee, M|\n|poke|p1|Gholdengo|\n|poke|p1|Iron Moth|\n|poke|p1|Ogerpon-Wellspring, F|\n|poke|p2|Ampharos, M|\n|poke|p2|Blissey, F|\n|poke|p2|Weezing, F|\n|poke|p2|Magnezone|\n|poke|p2|Toxicroak, M|\n|poke|p2|Rillaboom, F|\n|teampreview\n|inactive|Battle timer is ON: inactive players will automatically lose when time's up. (requested by KIyi4pc5ltcfi05li8)\n|\n|t:|1700704696\n|start\n|switch|p1a: Ribombee|Ribombee, M, shiny|100\/100\n|switch|p2a: Toxicroak|Toxicroak, M|100\/100\n|turn|1\n|inactive|ashmax123 has 120 seconds left.\n|\n|t:|1700704749\n|switch|p2a: Rillaboom|Rillaboom, F|100\/100\n|move|p1a: Ribombee|Sticky Web|p2a: Rillaboom\n|-sidestart|p2: ashmax123|move: Sticky Web\n|\n|upkeep\n|turn|2\n|\n|t:|1700704759\n|move|p1a: Ribombee|Moonblast|p2a: Rillaboom\n|-damage|p2a: Rillaboom|56\/100\n|move|p2a: Rillaboom|Sunny Day|p2a: Rillaboom\n|-weather|SunnyDay\n|\n|-weather|SunnyDay|[upkeep]\n|upkeep\n|turn|3\n|\n|t:|1700704766\n|move|p1a: Ribombee|Moonblast|p2a: Rillaboom\n|-damage|p2a: Rillaboom|8\/100\n|move|p2a: Rillaboom|Solar Beam||[still]\n|-prepare|p2a: Rillaboom|Solar Beam\n|-anim|p2a: Rillaboom|Solar Beam|p1a: Ribombee\n|-resisted|p1a: Ribombee\n|-damage|p1a: Ribombee|51\/100\n|\n|-weather|SunnyDay|[upkeep]\n|upkeep\n|turn|4\n|\n|t:|1700704785\n|switch|p2a: Ampharos|Ampharos, M|100\/100\n|-activate|p2a: Ampharos|move: Sticky Web\n|-unboost|p2a: Ampharos|spe|1\n|move|p1a: Ribombee|Moonblast|p2a: Ampharos\n|-damage|p2a: Ampharos|55\/100\n|-unboost|p2a: Ampharos|spa|1\n|\n|-weather|SunnyDay|[upkeep]\n|-heal|p2a: Ampharos|61\/100|[from] item: Leftovers\n|upkeep\n|turn|5\n|\n|t:|1700704799\n|move|p1a: Ribombee|Moonblast|p2a: Ampharos\n|-damage|p2a: Ampharos|13\/100\n|-unboost|p2a: Ampharos|spa|1\n|move|p2a: Ampharos|Discharge|p1a: Ribombee\n|-damage|p1a: Ribombee|18\/100\n|\n|-weather|SunnyDay|[upkeep]\n|-heal|p2a: Ampharos|19\/100|[from] item: Leftovers\n|upkeep\n|turn|6\n|\n|t:|1700704818\n|move|p1a: Ribombee|Moonblast|p2a: Ampharos\n|-damage|p2a: Ampharos|0 fnt\n|faint|p2a: Ampharos\n|\n|-weather|none\n|upkeep\n|\n|t:|1700704824\n|switch|p2a: Blissey|Blissey, F|100\/100\n|-activate|p2a: Blissey|move: Sticky Web\n|-unboost|p2a: Blissey|spe|1\n|turn|7\n|\n|t:|1700704838\n|move|p1a: Ribombee|Moonblast|p2a: Blissey\n|-damage|p2a: Blissey|85\/100\n|move|p2a: Blissey|Dazzling Gleam|p1a: Ribombee\n|-damage|p1a: Ribombee|0 fnt\n|faint|p1a: Ribombee\n|\n|upkeep\n|\n|t:|1700704842\n|switch|p1a: Ogerpon|Ogerpon-Wellspring, F|100\/100\n|turn|8\n|\n|t:|1700704857\n|move|p1a: Ogerpon|Swords Dance|p1a: Ogerpon\n|-boost|p1a: Ogerpon|atk|2\n|move|p2a: Blissey|Calm Mind|p2a: Blissey\n|-boost|p2a: Blissey|spa|1\n|-boost|p2a: Blissey|spd|1\n|\n|upkeep\n|turn|9\n|\n|t:|1700704864\n|move|p1a: Ogerpon|Encore|p2a: Blissey\n|-start|p2a: Blissey|Encore\n|move|p2a: Blissey|Calm Mind|p2a: Blissey\n|-boost|p2a: Blissey|spa|1\n|-boost|p2a: Blissey|spd|1\n|\n|upkeep\n|turn|10\n|inactive|ashmax123 has 120 seconds left.\n|\n|t:|1700704877\n|move|p1a: Ogerpon|Swords Dance|p1a: Ogerpon\n|-boost|p1a: Ogerpon|atk|2\n|move|p2a: Blissey|Calm Mind|p2a: Blissey\n|-boost|p2a: Blissey|spa|1\n|-boost|p2a: Blissey|spd|1\n|\n|upkeep\n|turn|11\n|inactive|ashmax123 has 120 seconds left.\n|\n|t:|1700704888\n|move|p1a: Ogerpon|Swords Dance|p1a: Ogerpon\n|-boost|p1a: Ogerpon|atk|2\n|move|p2a: Blissey|Calm Mind|p2a: Blissey\n|-boost|p2a: Blissey|spa|1\n|-boost|p2a: Blissey|spd|1\n|\n|-end|p2a: Blissey|Encore\n|upkeep\n|turn|12\n|inactive|ashmax123 has 120 seconds left.\n|\n|t:|1700704902\n|move|p1a: Ogerpon|Encore|p2a: Blissey\n|-start|p2a: Blissey|Encore\n|move|p2a: Blissey|Calm Mind|p2a: Blissey\n|-boost|p2a: Blissey|spa|1\n|-boost|p2a: Blissey|spd|1\n|\n|upkeep\n|turn|13\n|\n|t:|1700704910\n|move|p1a: Ogerpon|Ivy Cudgel|p2a: Blissey|[anim] Ivy Cudgel Water\n|-damage|p2a: Blissey|0 fnt\n|faint|p2a: Blissey\n|\n|upkeep\n|inactive|ashmax123 has 120 seconds left.\n|\n|t:|1700704922\n|switch|p2a: Toxicroak|Toxicroak, M|100\/100\n|-activate|p2a: Toxicroak|move: Sticky Web\n|-unboost|p2a: Toxicroak|spe|1\n|turn|14\n|inactive|ashmax123 has 120 seconds left.\n|\n|t:|1700704936\n|-terastallize|p1a: Ogerpon|Water\n|detailschange|p1a: Ogerpon|Ogerpon-Wellspring-Tera, F, tera:Water\n|-ability|p1a: Ogerpon|Embody Aspect (Wellspring)|boost\n|-boost|p1a: Ogerpon|spd|1\n|move|p2a: Toxicroak|Sucker Punch|p1a: Ogerpon\n|-damage|p1a: Ogerpon|66\/100\n|-status|p1a: Ogerpon|psn|[from] ability: Poison Touch|[of] p2a: Toxicroak\n|-damage|p2a: Toxicroak|91\/100|[from] item: Life Orb\n|move|p1a: Ogerpon|Ivy Cudgel|p2a: Toxicroak|[anim] Ivy Cudgel Water\n|-damage|p2a: Toxicroak|0 fnt\n|faint|p2a: Toxicroak\n|\n|-damage|p1a: Ogerpon|54\/100 psn|[from] psn\n|upkeep\n|inactive|ashmax123 has 120 seconds left.\n|\n|t:|1700704951\n|switch|p2a: Magnezone|Magnezone|100\/100\n|-activate|p2a: Magnezone|move: Sticky Web\n|-unboost|p2a: Magnezone|spe|1\n|turn|15\n|\n|t:|1700704956\n|move|p2a: Magnezone|Protect|p2a: Magnezone\n|-singleturn|p2a: Magnezone|Protect\n|move|p1a: Ogerpon|Ivy Cudgel|p2a: Magnezone|[anim] Ivy Cudgel Water\n|-activate|p2a: Magnezone|move: Protect\n|\n|-damage|p1a: Ogerpon|41\/100 psn|[from] psn\n|upkeep\n|turn|16\n|\n|t:|1700704963\n|move|p2a: Magnezone|Protect||[still]\n|-fail|p2a: Magnezone\n|move|p1a: Ogerpon|Ivy Cudgel|p2a: Magnezone|[anim] Ivy Cudgel Water\n|-damage|p2a: Magnezone|0 fnt\n|faint|p2a: Magnezone\n|\n|-damage|p1a: Ogerpon|29\/100 psn|[from] psn\n|upkeep\n|inactive|ashmax123 has 120 seconds left.\n|\n|t:|1700704978\n|switch|p2a: Weezing|Weezing, F|100\/100\n|turn|17\n|inactive|ashmax123 has 120 seconds left.\n|\n|t:|1700704990\n|move|p1a: Ogerpon|Ivy Cudgel|p2a: Weezing|[anim] Ivy Cudgel Water\n|-crit|p2a: Weezing\n|-damage|p2a: Weezing|0 fnt\n|faint|p2a: Weezing\n|\n|-damage|p1a: Ogerpon|17\/100 psn|[from] psn\n|upkeep\n|\n|t:|1700705008\n|switch|p2a: Rillaboom|Rillaboom, F|8\/100\n|-activate|p2a: Rillaboom|move: Sticky Web\n|-unboost|p2a: Rillaboom|spe|1\n|turn|18\n|\n|t:|1700705016\n|move|p1a: Ogerpon|Ivy Cudgel|p2a: Rillaboom|[anim] Ivy Cudgel Water\n|-resisted|p2a: Rillaboom\n|-damage|p2a: Rillaboom|0 fnt\n|faint|p2a: Rillaboom\n|\n|win|KIyi4pc5ltcfi05li8\n|raw|KIyi4pc5ltcfi05li8's rating: 1000 &rarr; <strong>1040<\/strong><br \/>(+40 for winning)\n|raw|ashmax123's rating: 1000 &rarr; <strong>1000<\/strong><br \/>(+0 for losing)\n","uploadtime":1700705020,"views":14,"p1id":"kiyi4pc5ltcfi05li8","p2id":"ashmax123","formatid":"gen9ou","rating":1000,"private":0,"password":""}