{"id":"gen9ou-1994768874","p1":"Skaraptor2.1","p2":"AppleSauceMafia","format":"[Gen 9] OU","log":"|j|\u2606Skaraptor2.1\n|j|\u2606AppleSauceMafia\n|t:|1700490916\n|gametype|singles\n|player|p1|Skaraptor2.1|bodybuilderf-gen9|1329\n|player|p2|AppleSauceMafia|veteran|1288\n|teamsize|p1|6\n|teamsize|p2|6\n|gen|9\n|tier|[Gen 9] OU\n|rated|\n|rule|Sleep Clause Mod: Limit one foe put to sleep\n|rule|Species Clause: Limit one of each Pok\u00e9mon\n|rule|OHKO Clause: OHKO moves are banned\n|rule|Evasion Items Clause: Evasion items are banned\n|rule|Evasion Moves Clause: Evasion moves are banned\n|rule|Endless Battle Clause: Forcing endless battles is banned\n|rule|HP Percentage Mod: HP is shown in percentages\n|clearpoke\n|poke|p1|Ribombee, M|\n|poke|p1|Ogerpon-Wellspring, F|\n|poke|p1|Great Tusk|\n|poke|p1|Zamazenta-*|\n|poke|p1|Iron Valiant|\n|poke|p1|Kingambit, F|\n|poke|p2|Ambipom, M|\n|poke|p2|Iron Valiant|\n|poke|p2|Ogerpon, F|\n|poke|p2|Great Tusk|\n|poke|p2|Zamazenta-*|\n|poke|p2|Arcanine-Hisui, M|\n|teampreview\n|inactive|Battle timer is ON: inactive players will automatically lose when time's up. (requested by Skaraptor2.1)\n|\n|t:|1700490931\n|start\n|switch|p1a: Twink|Ribombee, M|100\/100\n|switch|p2a: Ambipom|Ambipom, M|100\/100\n|turn|1\n|\n|t:|1700490935\n|move|p2a: Ambipom|Fake Out|p1a: Twink\n|-damage|p1a: Twink|48\/100\n|-damage|p2a: Ambipom|91\/100|[from] item: Life Orb\n|move|p1a: Twink|Sticky Web|p2a: Ambipom\n|-sidestart|p2: AppleSauceMafia|move: Sticky Web\n|\n|upkeep\n|turn|2\n|\n|t:|1700490940\n|move|p1a: Twink|Stun Spore|p2a: Ambipom|[miss]\n|-miss|p1a: Twink|p2a: Ambipom\n|move|p2a: Ambipom|Double Hit|p1a: Twink\n|-damage|p1a: Twink|5\/100\n|-damage|p1a: Twink|0 fnt\n|faint|p1a: Twink\n|-hitcount|p1: Twink|2\n|-damage|p2a: Ambipom|81\/100|[from] item: Life Orb\n|\n|upkeep\n|\n|t:|1700490948\n|switch|p1a: Transfem|Ogerpon-Wellspring, F|100\/100\n|turn|3\n|\n|t:|1700490954\n|move|p2a: Ambipom|Double Hit|p1a: Transfem\n|-crit|p1a: Transfem\n|-damage|p1a: Transfem|37\/100\n|-damage|p1a: Transfem|1\/100\n|-hitcount|p1a: Transfem|2\n|-damage|p2a: Ambipom|71\/100|[from] item: Life Orb\n|move|p1a: Transfem|Knock Off|p2a: Ambipom\n|-crit|p2a: Ambipom\n|-damage|p2a: Ambipom|0 fnt\n|-enditem|p2a: Ambipom|Life Orb|[from] move: Knock Off|[of] p1a: Transfem\n|faint|p2a: Ambipom\n|\n|upkeep\n|\n|t:|1700490964\n|switch|p2a: Arcanine|Arcanine-Hisui, M|100\/100\n|-activate|p2a: Arcanine|move: Sticky Web\n|-unboost|p2a: Arcanine|spe|1\n|-ability|p2a: Arcanine|Intimidate|boost\n|-unboost|p1a: Transfem|atk|1\n|turn|4\n|\n|t:|1700490967\n|move|p2a: Arcanine|Extreme Speed|p1a: Transfem\n|-damage|p1a: Transfem|0 fnt\n|faint|p1a: Transfem\n|\n|upkeep\n|\n|t:|1700490969\n|switch|p1a: Raging Queer|Great Tusk|100\/100\n|turn|5\n|\n|t:|1700490973\n|switch|p2a: Great Tusk|Great Tusk|100\/100\n|move|p1a: Raging Queer|Rapid Spin|p2a: Great Tusk\n|-damage|p2a: Great Tusk|91\/100\n|-boost|p1a: Raging Queer|spe|1\n|\n|upkeep\n|turn|6\n|\n|t:|1700490976\n|move|p1a: Raging Queer|Bulk Up|p1a: Raging Queer\n|-boost|p1a: Raging Queer|atk|1\n|-boost|p1a: Raging Queer|def|1\n|move|p2a: Great Tusk|Rapid Spin|p1a: Raging Queer\n|-damage|p1a: Raging Queer|94\/100\n|-boost|p2a: Great Tusk|spe|1\n|-sideend|p2: AppleSauceMafia|Sticky Web|[from] move: Rapid Spin|[of] p2a: Great Tusk\n|\n|upkeep\n|turn|7\n|\n|t:|1700490989\n|-end|p2a: Great Tusk|Protosynthesis|[silent]\n|switch|p2a: Iron Valiant|Iron Valiant|100\/100\n|-enditem|p2a: Iron Valiant|Booster Energy\n|-activate|p2a: Iron Valiant|ability: Quark Drive|[fromitem]\n|-start|p2a: Iron Valiant|quarkdrivespe\n|move|p1a: Raging Queer|Rapid Spin|p2a: Iron Valiant\n|-damage|p2a: Iron Valiant|70\/100\n|-boost|p1a: Raging Queer|spe|1\n|\n|upkeep\n|turn|8\n|\n|t:|1700490995\n|move|p2a: Iron Valiant|Moonblast|p1a: Raging Queer\n|-supereffective|p1a: Raging Queer\n|-crit|p1a: Raging Queer\n|-damage|p1a: Raging Queer|0 fnt\n|faint|p1a: Raging Queer\n|-end|p1a: Raging Queer|Protosynthesis|[silent]\n|\n|upkeep\n|\n|t:|1700490999\n|switch|p1a: Bigender|Iron Valiant|100\/100\n|-enditem|p1a: Bigender|Booster Energy\n|-activate|p1a: Bigender|ability: Quark Drive|[fromitem]\n|-start|p1a: Bigender|quarkdrivespe\n|turn|9\n|\n|t:|1700491014\n|move|p2a: Iron Valiant|Psyshock|p1a: Bigender\n|-supereffective|p1a: Bigender\n|-damage|p1a: Bigender|35\/100\n|move|p1a: Bigender|Moonblast|p2a: Iron Valiant\n|-supereffective|p2a: Iron Valiant\n|-damage|p2a: Iron Valiant|0 fnt\n|faint|p2a: Iron Valiant\n|-end|p2a: Iron Valiant|Quark Drive|[silent]\n|\n|upkeep\n|inactive|AppleSauceMafia has 120 seconds left.\n|\n|t:|1700491036\n|switch|p2a: Arcanine|Arcanine-Hisui, M|100\/100\n|-ability|p2a: Arcanine|Intimidate|boost\n|-unboost|p1a: Bigender|atk|1\n|turn|10\n|\n|t:|1700491040\n|move|p2a: Arcanine|Extreme Speed|p1a: Bigender\n|-damage|p1a: Bigender|0 fnt\n|faint|p1a: Bigender\n|-end|p1a: Bigender|Quark Drive|[silent]\n|\n|upkeep\n|\n|t:|1700491043\n|switch|p1a: Defender of Trans|Zamazenta, shiny|100\/100\n|-ability|p1a: Defender of Trans|Dauntless Shield|boost\n|-boost|p1a: Defender of Trans|def|1\n|turn|11\n|\n|t:|1700491051\n|switch|p2a: Great Tusk|Great Tusk|91\/100\n|-terastallize|p1a: Defender of Trans|Fire\n|move|p1a: Defender of Trans|Iron Defense|p1a: Defender of Trans\n|-boost|p1a: Defender of Trans|def|2\n|\n|upkeep\n|turn|12\n|\n|t:|1700491055\n|move|p1a: Defender of Trans|Iron Defense|p1a: Defender of Trans\n|-boost|p1a: Defender of Trans|def|2\n|move|p2a: Great Tusk|Headlong Rush|p1a: Defender of Trans\n|-supereffective|p1a: Defender of Trans\n|-damage|p1a: Defender of Trans|81\/100\n|-unboost|p2a: Great Tusk|def|1\n|-unboost|p2a: Great Tusk|spd|1\n|\n|-heal|p1a: Defender of Trans|88\/100|[from] item: Leftovers\n|upkeep\n|turn|13\n|\n|t:|1700491061\n|move|p1a: Defender of Trans|Body Press|p2a: Great Tusk\n|-damage|p2a: Great Tusk|0 fnt\n|faint|p2a: Great Tusk\n|-end|p2a: Great Tusk|Protosynthesis|[silent]\n|\n|-heal|p1a: Defender of Trans|94\/100|[from] item: Leftovers\n|upkeep\n|\n|t:|1700491068\n|switch|p2a: Arcanine|Arcanine-Hisui, M|100\/100\n|-ability|p2a: Arcanine|Intimidate|boost\n|-unboost|p1a: Defender of Trans|atk|1\n|turn|14\n|\n|t:|1700491074\n|move|p1a: Defender of Trans|Body Press|p2a: Arcanine\n|-supereffective|p2a: Arcanine\n|-damage|p2a: Arcanine|0 fnt\n|faint|p2a: Arcanine\n|\n|-heal|p1a: Defender of Trans|99\/100|[from] item: Leftovers\n|upkeep\n|\n|t:|1700491078\n|switch|p2a: Zamazenta|Zamazenta|100\/100\n|-ability|p2a: Zamazenta|Dauntless Shield|boost\n|-boost|p2a: Zamazenta|def|1\n|turn|15\n|\n|t:|1700491087\n|-terastallize|p2a: Zamazenta|Steel\n|move|p2a: Zamazenta|Body Press|p1a: Defender of Trans\n|-damage|p1a: Defender of Trans|89\/100\n|move|p1a: Defender of Trans|Body Press|p2a: Zamazenta\n|-supereffective|p2a: Zamazenta\n|-damage|p2a: Zamazenta|0 fnt\n|faint|p2a: Zamazenta\n|\n|-heal|p1a: Defender of Trans|95\/100|[from] item: Leftovers\n|upkeep\n|\n|t:|1700491089\n|switch|p2a: Ogerpon|Ogerpon, F|100\/100\n|turn|16\n|-message|AppleSauceMafia forfeited.\n|\n|win|Skaraptor2.1\n|raw|Skaraptor2.1's rating: 1329 &rarr; <strong>1347<\/strong><br \/>(+18 for winning)\n|raw|AppleSauceMafia's rating: 1288 &rarr; <strong>1266<\/strong><br \/>(-22 for losing)\n|l|\u2606AppleSauceMafia\n","uploadtime":1700491098,"views":4,"p1id":"skaraptor21","p2id":"applesaucemafia","formatid":"gen9ou","rating":1266,"private":0,"password":""}