{"id":"gen9ou-1998079802","p1":"liaoya","p2":"Tealike","format":"[Gen 9] OU","log":"|j|\u2606liaoya\n|j|\u2606Tealike\n|t:|1700888020\n|gametype|singles\n|player|p1|liaoya|petrel|1533\n|player|p2|Tealike|clair|1452\n|teamsize|p1|6\n|teamsize|p2|6\n|gen|9\n|tier|[Gen 9] OU\n|rated|\n|rule|Sleep Clause Mod: Limit one foe put to sleep\n|rule|Species Clause: Limit one of each Pok\u00e9mon\n|rule|OHKO Clause: OHKO moves are banned\n|rule|Evasion Items Clause: Evasion items are banned\n|rule|Evasion Moves Clause: Evasion moves are banned\n|rule|Endless Battle Clause: Forcing endless battles is banned\n|rule|HP Percentage Mod: HP is shown in percentages\n|clearpoke\n|poke|p1|Drifblim, F|\n|poke|p1|Garganacl, M|\n|poke|p1|Umbreon, F|\n|poke|p1|Rotom-Wash|\n|poke|p1|Glimmora, F|\n|poke|p1|Espeon, M|\n|poke|p2|Clodsire, M|\n|poke|p2|Dragapult, F|\n|poke|p2|Manaphy|\n|poke|p2|Corviknight, M|\n|poke|p2|Great Tusk|\n|poke|p2|Amoonguss, F|\n|teampreview\n|inactive|Battle timer is ON: inactive players will automatically lose when time's up. (requested by liaoya)\n|inactive|Tealike also wants the timer to be on.\n|\n|t:|1700888034\n|start\n|switch|p1a: Rotom|Rotom-Wash|100\/100\n|switch|p2a: Clodsire|Clodsire, M|100\/100\n|turn|1\n|\n|t:|1700888040\n|switch|p1a: Espeon|Espeon, M|100\/100\n|move|p2a: Clodsire|Stealth Rock|p1a: Espeon\n|move|p1a: Espeon|Stealth Rock|p2a: Clodsire|[from]ability: Magic Bounce\n|-sidestart|p2: Tealike|move: Stealth Rock\n|\n|upkeep\n|turn|2\n|\n|t:|1700888053\n|move|p1a: Espeon|Trick|p2a: Clodsire\n|-activate|p1a: Espeon|move: Trick|[of] p2a: Clodsire\n|-item|p2a: Clodsire|Choice Scarf|[from] move: Trick\n|-item|p1a: Espeon|Leftovers|[from] move: Trick\n|move|p2a: Clodsire|Earthquake|p1a: Espeon\n|-damage|p1a: Espeon|67\/100\n|\n|-heal|p1a: Espeon|73\/100|[from] item: Leftovers\n|upkeep\n|turn|3\n|\n|t:|1700888062\n|switch|p1a: Rotom|Rotom-Wash|100\/100\n|move|p2a: Clodsire|Earthquake|p1a: Rotom\n|-immune|p1a: Rotom|[from] ability: Levitate\n|\n|upkeep\n|turn|4\n|\n|t:|1700888068\n|switch|p2a: Amoonguss|Amoonguss, F|100\/100\n|-damage|p2a: Amoonguss|88\/100|[from] Stealth Rock\n|move|p1a: Rotom|Trick|p2a: Amoonguss\n|-activate|p1a: Rotom|move: Trick|[of] p2a: Amoonguss\n|-item|p2a: Amoonguss|Choice Scarf|[from] move: Trick\n|-item|p1a: Rotom|Covert Cloak|[from] move: Trick\n|\n|upkeep\n|turn|5\n|\n|t:|1700888078\n|switch|p1a: Espeon|Espeon, M|73\/100\n|move|p2a: Amoonguss|Giga Drain|p1a: Espeon\n|-damage|p1a: Espeon|52\/100\n|-heal|p2a: Amoonguss|96\/100|[from] drain|[of] p1a: Espeon\n|\n|-heal|p1a: Espeon|58\/100|[from] item: Leftovers\n|upkeep\n|turn|6\n|\n|t:|1700888087\n|move|p1a: Espeon|Psyshock|p2a: Amoonguss\n|-supereffective|p2a: Amoonguss\n|-damage|p2a: Amoonguss|43\/100\n|move|p2a: Amoonguss|Giga Drain|p1a: Espeon\n|-damage|p1a: Espeon|38\/100\n|-heal|p2a: Amoonguss|51\/100|[from] drain|[of] p1a: Espeon\n|\n|-heal|p1a: Espeon|44\/100|[from] item: Leftovers\n|upkeep\n|turn|7\n|\n|t:|1700888100\n|switch|p1a: Drifblim|Drifblim, F|100\/100\n|move|p2a: Amoonguss|Giga Drain|p1a: Drifblim\n|-resisted|p1a: Drifblim\n|-damage|p1a: Drifblim|86\/100\n|-heal|p2a: Amoonguss|59\/100|[from] drain|[of] p1a: Drifblim\n|\n|upkeep\n|turn|8\n|\n|t:|1700888115\n|switch|p1a: Garganacl|Garganacl, M, shiny|100\/100\n|switch|p2a: Dragapult|Dragapult, F|100\/100\n|-damage|p2a: Dragapult|88\/100|[from] Stealth Rock\n|\n|upkeep\n|turn|9\n|\n|t:|1700888122\n|move|p2a: Dragapult|Shadow Ball|p1a: Garganacl\n|-damage|p1a: Garganacl|83\/100\n|move|p1a: Garganacl|Salt Cure|p2a: Dragapult\n|-crit|p2a: Dragapult\n|-damage|p2a: Dragapult|59\/100\n|-start|p2a: Dragapult|Salt Cure\n|\n|-heal|p1a: Garganacl|89\/100|[from] item: Leftovers\n|-damage|p2a: Dragapult|47\/100|[from] Salt Cure\n|upkeep\n|turn|10\n|\n|t:|1700888132\n|switch|p2a: Amoonguss|Amoonguss, F|92\/100\n|-damage|p2a: Amoonguss|80\/100|[from] Stealth Rock\n|move|p1a: Garganacl|Iron Defense|p1a: Garganacl\n|-boost|p1a: Garganacl|def|2\n|\n|-heal|p1a: Garganacl|95\/100|[from] item: Leftovers\n|upkeep\n|turn|11\n|\n|t:|1700888141\n|-terastallize|p1a: Garganacl|Ghost\n|move|p2a: Amoonguss|Giga Drain|p1a: Garganacl\n|-damage|p1a: Garganacl|80\/100\n|-heal|p2a: Amoonguss|87\/100|[from] drain|[of] p1a: Garganacl\n|move|p1a: Garganacl|Salt Cure|p2a: Amoonguss\n|-damage|p2a: Amoonguss|75\/100\n|-start|p2a: Amoonguss|Salt Cure\n|\n|-heal|p1a: Garganacl|86\/100|[from] item: Leftovers\n|-damage|p2a: Amoonguss|63\/100|[from] Salt Cure\n|upkeep\n|turn|12\n|\n|t:|1700888152\n|switch|p2a: Manaphy|Manaphy, shiny|100\/100\n|-damage|p2a: Manaphy|88\/100|[from] Stealth Rock\n|move|p1a: Garganacl|Salt Cure|p2a: Manaphy\n|-damage|p2a: Manaphy|79\/100\n|-start|p2a: Manaphy|Salt Cure\n|\n|-heal|p2a: Manaphy|85\/100|[from] item: Leftovers\n|-heal|p1a: Garganacl|93\/100|[from] item: Leftovers\n|-damage|p2a: Manaphy|60\/100|[from] Salt Cure\n|upkeep\n|turn|13\n|\n|t:|1700888164\n|switch|p2a: Amoonguss|Amoonguss, F|96\/100\n|-damage|p2a: Amoonguss|84\/100|[from] Stealth Rock\n|move|p1a: Garganacl|Body Press|p2a: Amoonguss\n|-resisted|p2a: Amoonguss\n|-damage|p2a: Amoonguss|65\/100\n|\n|-heal|p1a: Garganacl|99\/100|[from] item: Leftovers\n|upkeep\n|turn|14\n|\n|t:|1700888179\n|move|p2a: Amoonguss|Giga Drain|p1a: Garganacl\n|-damage|p1a: Garganacl|84\/100\n|-heal|p2a: Amoonguss|72\/100|[from] drain|[of] p1a: Garganacl\n|move|p1a: Garganacl|Salt Cure|p2a: Amoonguss\n|-damage|p2a: Amoonguss|62\/100\n|-start|p2a: Amoonguss|Salt Cure\n|\n|-heal|p1a: Garganacl|90\/100|[from] item: Leftovers\n|-damage|p2a: Amoonguss|49\/100|[from] Salt Cure\n|upkeep\n|turn|15\n|\n|t:|1700888189\n|move|p2a: Amoonguss|Giga Drain|p1a: Garganacl\n|-damage|p1a: Garganacl|76\/100\n|-heal|p2a: Amoonguss|56\/100|[from] drain|[of] p1a: Garganacl\n|move|p1a: Garganacl|Salt Cure|p2a: Amoonguss\n|-damage|p2a: Amoonguss|46\/100\n|\n|-heal|p1a: Garganacl|82\/100|[from] item: Leftovers\n|-damage|p2a: Amoonguss|33\/100|[from] Salt Cure\n|upkeep\n|turn|16\n|\n|t:|1700888198\n|move|p2a: Amoonguss|Giga Drain|p1a: Garganacl\n|-damage|p1a: Garganacl|66\/100\n|-heal|p2a: Amoonguss|41\/100|[from] drain|[of] p1a: Garganacl\n|move|p1a: Garganacl|Salt Cure|p2a: Amoonguss\n|-damage|p2a: Amoonguss|30\/100\n|\n|-heal|p1a: Garganacl|72\/100|[from] item: Leftovers\n|-damage|p2a: Amoonguss|18\/100|[from] Salt Cure\n|upkeep\n|turn|17\n|\n|t:|1700888214\n|move|p2a: Amoonguss|Giga Drain|p1a: Garganacl\n|-damage|p1a: Garganacl|56\/100\n|-heal|p2a: Amoonguss|25\/100|[from] drain|[of] p1a: Garganacl\n|move|p1a: Garganacl|Salt Cure|p2a: Amoonguss\n|-damage|p2a: Amoonguss|14\/100\n|\n|-heal|p1a: Garganacl|62\/100|[from] item: Leftovers\n|-damage|p2a: Amoonguss|2\/100|[from] Salt Cure\n|upkeep\n|turn|18\n|\n|t:|1700888223\n|move|p2a: Amoonguss|Giga Drain|p1a: Garganacl\n|-damage|p1a: Garganacl|48\/100\n|-heal|p2a: Amoonguss|8\/100|[from] drain|[of] p1a: Garganacl\n|move|p1a: Garganacl|Recover|p1a: Garganacl\n|-heal|p1a: Garganacl|98\/100\n|\n|-heal|p1a: Garganacl|100\/100|[from] item: Leftovers\n|-damage|p2a: Amoonguss|0 fnt|[from] Salt Cure\n|faint|p2a: Amoonguss\n|upkeep\n|\n|t:|1700888232\n|switch|p2a: Manaphy|Manaphy, shiny|60\/100\n|-damage|p2a: Manaphy|48\/100|[from] Stealth Rock\n|turn|19\n|\n|t:|1700888238\n|-terastallize|p2a: Manaphy|Poison\n|move|p2a: Manaphy|Acid Armor|p2a: Manaphy\n|-boost|p2a: Manaphy|def|2\n|move|p1a: Garganacl|Salt Cure|p2a: Manaphy\n|-damage|p2a: Manaphy|42\/100\n|-start|p2a: Manaphy|Salt Cure\n|\n|-heal|p2a: Manaphy|49\/100|[from] item: Leftovers\n|-damage|p2a: Manaphy|36\/100|[from] Salt Cure\n|upkeep\n|turn|20\n|\n|t:|1700888251\n|switch|p1a: Drifblim|Drifblim, F|86\/100\n|move|p2a: Manaphy|Acid Armor|p2a: Manaphy\n|-boost|p2a: Manaphy|def|2\n|\n|-heal|p2a: Manaphy|42\/100|[from] item: Leftovers\n|-damage|p2a: Manaphy|30\/100|[from] Salt Cure\n|upkeep\n|turn|21\n|\n|t:|1700888260\n|move|p1a: Drifblim|Trick|p2a: Manaphy\n|-activate|p1a: Drifblim|move: Trick|[of] p2a: Manaphy\n|-item|p2a: Manaphy|Choice Scarf|[from] move: Trick\n|-item|p1a: Drifblim|Leftovers|[from] move: Trick\n|move|p2a: Manaphy|Take Heart|p2a: Manaphy\n|-boost|p2a: Manaphy|spa|1\n|-boost|p2a: Manaphy|spd|1\n|\n|-heal|p1a: Drifblim|92\/100|[from] item: Leftovers\n|-damage|p2a: Manaphy|18\/100|[from] Salt Cure\n|upkeep\n|turn|22\n|-message|Tealike forfeited.\n|\n|win|liaoya\n|raw|liaoya's rating: 1533 &rarr; <strong>1548<\/strong><br \/>(+15 for winning)\n|raw|Tealike's rating: 1452 &rarr; <strong>1437<\/strong><br \/>(-15 for losing)\n|l|\u2606Tealike\n","uploadtime":1700888277,"views":4,"p1id":"liaoya","p2id":"tealike","formatid":"gen9ou","rating":1437,"private":0,"password":""}