{"id":"gen9ou-1990120612","p1":"cam114","p2":"Thefatguinea","format":"[Gen 9] OU","log":"|j|\u2606cam114\n|j|\u2606Thefatguinea\n|t:|1699926745\n|gametype|singles\n|player|p1|cam114|hilda-wonderlauncher|1249\n|player|p2|Thefatguinea|linebacker|1318\n|teamsize|p1|6\n|teamsize|p2|6\n|gen|9\n|tier|[Gen 9] OU\n|rated|\n|rule|Sleep Clause Mod: Limit one foe put to sleep\n|rule|Species Clause: Limit one of each Pok\u00e9mon\n|rule|OHKO Clause: OHKO moves are banned\n|rule|Evasion Items Clause: Evasion items are banned\n|rule|Evasion Moves Clause: Evasion moves are banned\n|rule|Endless Battle Clause: Forcing endless battles is banned\n|rule|HP Percentage Mod: HP is shown in percentages\n|clearpoke\n|poke|p1|Clefable, F|\n|poke|p1|Gholdengo|\n|poke|p1|Clodsire, F|\n|poke|p1|Samurott-Hisui, F|\n|poke|p1|Great Tusk|\n|poke|p1|Thundurus-Therian, M|\n|poke|p2|Zapdos-Galar|\n|poke|p2|Ceruledge, F|\n|poke|p2|Manaphy|\n|poke|p2|Lokix, F|\n|poke|p2|Weezing-Galar, F|\n|poke|p2|Clodsire, F|\n|teampreview\n|inactive|Battle timer is ON: inactive players will automatically lose when time's up. (requested by cam114)\n|\n|t:|1699926761\n|start\n|switch|p1a: Gholdengo|Gholdengo, shiny|100\/100\n|switch|p2a: Zapdos|Zapdos-Galar|100\/100\n|turn|1\n|\n|t:|1699926771\n|move|p1a: Gholdengo|Trick|p2a: Zapdos\n|-activate|p1a: Gholdengo|move: Trick|[of] p2a: Zapdos\n|-item|p2a: Zapdos|Choice Scarf|[from] move: Trick\n|-item|p1a: Gholdengo|Leftovers|[from] move: Trick\n|move|p2a: Zapdos|Bulk Up|p2a: Zapdos\n|-boost|p2a: Zapdos|atk|1\n|-boost|p2a: Zapdos|def|1\n|\n|upkeep\n|turn|2\n|\n|t:|1699926781\n|switch|p2a: Clodsire|Clodsire, F|100\/100\n|move|p1a: Gholdengo|Shadow Ball|p2a: Clodsire\n|-damage|p2a: Clodsire|74\/100\n|\n|-heal|p2a: Clodsire|80\/100|[from] item: Leftovers\n|upkeep\n|turn|3\n|\n|t:|1699926792\n|switch|p1a: Samurott|Samurott-Hisui, F, shiny|100\/100\n|move|p2a: Clodsire|Toxic|p1a: Samurott\n|-status|p1a: Samurott|tox\n|\n|-heal|p2a: Clodsire|86\/100|[from] item: Leftovers\n|-damage|p1a: Samurott|94\/100 tox|[from] psn\n|upkeep\n|turn|4\n|\n|t:|1699926799\n|switch|p2a: Weezing|Weezing-Galar, F|100\/100\n|move|p1a: Samurott|Ceaseless Edge|p2a: Weezing\n|-resisted|p2a: Weezing\n|-damage|p2a: Weezing|83\/100\n|-damage|p1a: Samurott|78\/100 tox|[from] item: Rocky Helmet|[of] p2a: Weezing\n|-sidestart|p2: Thefatguinea|Spikes\n|\n|-damage|p1a: Samurott|65\/100 tox|[from] psn\n|upkeep\n|turn|5\n|\n|t:|1699926805\n|move|p1a: Samurott|Flip Turn|p2a: Weezing\n|-damage|p2a: Weezing|57\/100\n|-damage|p1a: Samurott|48\/100 tox|[from] item: Rocky Helmet|[of] p2a: Weezing\n|\n|t:|1699926809\n|switch|p1a: Gholdengo|Gholdengo, shiny|100\/100|[from] Flip Turn\n|move|p2a: Weezing|Strange Steam|p1a: Gholdengo\n|-resisted|p1a: Gholdengo\n|-damage|p1a: Gholdengo|84\/100\n|\n|-heal|p1a: Gholdengo|90\/100|[from] item: Leftovers\n|upkeep\n|turn|6\n|\n|t:|1699926819\n|switch|p2a: Clodsire|Clodsire, F|86\/100\n|-damage|p2a: Clodsire|74\/100|[from] Spikes\n|move|p1a: Gholdengo|Trick|p2a: Clodsire\n|-activate|p1a: Gholdengo|move: Trick|[of] p2a: Clodsire\n|-item|p2a: Clodsire|Leftovers|[from] move: Trick\n|-item|p1a: Gholdengo|Leftovers|[from] move: Trick\n|\n|-heal|p1a: Gholdengo|96\/100|[from] item: Leftovers\n|-heal|p2a: Clodsire|80\/100|[from] item: Leftovers\n|upkeep\n|turn|7\n|\n|t:|1699926830\n|switch|p1a: Samurott|Samurott-Hisui, F, shiny|48\/100 tox\n|move|p2a: Clodsire|Stealth Rock|p1a: Samurott\n|-sidestart|p1: cam114|move: Stealth Rock\n|\n|-heal|p2a: Clodsire|86\/100|[from] item: Leftovers\n|-damage|p1a: Samurott|42\/100 tox|[from] psn\n|upkeep\n|turn|8\n|\n|t:|1699926838\n|switch|p2a: Weezing|Weezing-Galar, F|57\/100\n|move|p1a: Samurott|Ceaseless Edge|p2a: Weezing\n|-resisted|p2a: Weezing\n|-damage|p2a: Weezing|40\/100\n|-damage|p1a: Samurott|25\/100 tox|[from] item: Rocky Helmet|[of] p2a: Weezing\n|-sidestart|p2: Thefatguinea|Spikes\n|\n|-damage|p1a: Samurott|13\/100 tox|[from] psn\n|upkeep\n|turn|9\n|\n|t:|1699926845\n|switch|p1a: Gholdengo|Gholdengo, shiny|96\/100\n|-damage|p1a: Gholdengo|90\/100|[from] Stealth Rock\n|move|p2a: Weezing|Defog|p1a: Gholdengo\n|-immune|p1a: Gholdengo|[from] ability: Good as Gold\n|\n|-heal|p1a: Gholdengo|96\/100|[from] item: Leftovers\n|upkeep\n|turn|10\n|\n|t:|1699926850\n|switch|p1a: Great Tusk|Great Tusk|100\/100\n|switch|p2a: Clodsire|Clodsire, F|86\/100\n|-damage|p2a: Clodsire|69\/100|[from] Spikes\n|\n|-heal|p2a: Clodsire|75\/100|[from] item: Leftovers\n|upkeep\n|turn|11\n|\n|t:|1699926863\n|switch|p2a: Weezing|Weezing-Galar, F|40\/100\n|move|p1a: Great Tusk|Knock Off|p2a: Weezing\n|-resisted|p2a: Weezing\n|-damage|p2a: Weezing|28\/100\n|-damage|p1a: Great Tusk|84\/100|[from] item: Rocky Helmet|[of] p2a: Weezing\n|-enditem|p2a: Weezing|Rocky Helmet|[from] move: Knock Off|[of] p1a: Great Tusk\n|\n|upkeep\n|turn|12\n|\n|t:|1699926869\n|-end|p1a: Great Tusk|Protosynthesis|[silent]\n|switch|p1a: Gholdengo|Gholdengo, shiny|96\/100\n|-damage|p1a: Gholdengo|90\/100|[from] Stealth Rock\n|move|p2a: Weezing|Will-O-Wisp|p1a: Gholdengo\n|-immune|p1a: Gholdengo|[from] ability: Good as Gold\n|\n|-heal|p1a: Gholdengo|96\/100|[from] item: Leftovers\n|upkeep\n|turn|13\n|\n|t:|1699926885\n|switch|p2a: Ceruledge|Ceruledge, F|100\/100\n|move|p1a: Gholdengo|Shadow Ball|p2a: Ceruledge\n|-supereffective|p2a: Ceruledge\n|-damage|p2a: Ceruledge|36\/100\n|\n|-heal|p1a: Gholdengo|100\/100|[from] item: Leftovers\n|upkeep\n|turn|14\n|\n|t:|1699926897\n|switch|p1a: Clodsire|Clodsire, F|100\/100\n|-damage|p1a: Clodsire|94\/100|[from] Stealth Rock\n|move|p2a: Ceruledge|Bitter Blade|p1a: Clodsire\n|-damage|p1a: Clodsire|51\/100\n|-heal|p2a: Ceruledge|64\/100|[from] drain|[of] p1a: Clodsire\n|\n|-heal|p1a: Clodsire|57\/100|[from] item: Black Sludge\n|upkeep\n|turn|15\n|\n|t:|1699926911\n|move|p2a: Ceruledge|Bitter Blade|p1a: Clodsire\n|-crit|p1a: Clodsire\n|-damage|p1a: Clodsire|0 fnt\n|-heal|p2a: Ceruledge|100\/100|[from] drain|[of] p1a: Clodsire\n|faint|p1a: Clodsire\n|\n|upkeep\n|\n|t:|1699926920\n|switch|p1a: Great Tusk|Great Tusk|84\/100\n|turn|16\n|\n|t:|1699926929\n|switch|p2a: Zapdos|Zapdos-Galar|100\/100\n|move|p1a: Great Tusk|Knock Off|p2a: Zapdos\n|-resisted|p2a: Zapdos\n|-damage|p2a: Zapdos|84\/100\n|-enditem|p2a: Zapdos|Choice Scarf|[from] move: Knock Off|[of] p1a: Great Tusk\n|\n|upkeep\n|turn|17\n|\n|t:|1699926941\n|move|p2a: Zapdos|Bulk Up|p2a: Zapdos\n|-boost|p2a: Zapdos|atk|1\n|-boost|p2a: Zapdos|def|1\n|move|p1a: Great Tusk|Stealth Rock|p2a: Zapdos\n|-sidestart|p2: Thefatguinea|move: Stealth Rock\n|\n|upkeep\n|turn|18\n|\n|t:|1699926944\n|move|p2a: Zapdos|Bulk Up|p2a: Zapdos\n|-boost|p2a: Zapdos|atk|1\n|-boost|p2a: Zapdos|def|1\n|move|p1a: Great Tusk|Rapid Spin|p2a: Zapdos\n|-damage|p2a: Zapdos|76\/100\n|-boost|p1a: Great Tusk|spe|1\n|-sideend|p1: cam114|Stealth Rock|[from] move: Rapid Spin|[of] p1a: Great Tusk\n|\n|upkeep\n|turn|19\n|\n|t:|1699926950\n|-end|p1a: Great Tusk|Protosynthesis|[silent]\n|switch|p1a: Clefable|Clefable, F|100\/100\n|move|p2a: Zapdos|Thunderous Kick|p1a: Clefable\n|-resisted|p1a: Clefable\n|-damage|p1a: Clefable|75\/100\n|-unboost|p1a: Clefable|def|1\n|\n|-heal|p1a: Clefable|81\/100|[from] item: Leftovers\n|upkeep\n|turn|20\n|\n|t:|1699926958\n|move|p2a: Zapdos|Thunderous Kick|p1a: Clefable\n|-resisted|p1a: Clefable\n|-damage|p1a: Clefable|44\/100\n|-unboost|p1a: Clefable|def|1\n|move|p1a: Clefable|Thunder Wave|p2a: Zapdos\n|-status|p2a: Zapdos|par\n|\n|-heal|p1a: Clefable|50\/100|[from] item: Leftovers\n|upkeep\n|turn|21\n|\n|t:|1699926967\n|switch|p1a: Great Tusk|Great Tusk|84\/100\n|move|p2a: Zapdos|Thunderous Kick|p1a: Great Tusk\n|-damage|p1a: Great Tusk|30\/100\n|-unboost|p1a: Great Tusk|def|1\n|\n|upkeep\n|turn|22\n|\n|t:|1699926975\n|-end|p1a: Great Tusk|Protosynthesis|[silent]\n|switch|p1a: Gholdengo|Gholdengo, shiny|100\/100\n|move|p2a: Zapdos|Thunderous Kick|p1a: Gholdengo\n|-immune|p1a: Gholdengo\n|\n|upkeep\n|turn|23\n|\n|t:|1699926984\n|-terastallize|p2a: Zapdos|Electric\n|move|p1a: Gholdengo|Make It Rain|p2a: Zapdos\n|-resisted|p2a: Zapdos\n|-damage|p2a: Zapdos|39\/100 par\n|-unboost|p1a: Gholdengo|spa|1\n|move|p2a: Zapdos|Tera Blast|p1a: Gholdengo|[anim] Tera Blast Electric\n|-damage|p1a: Gholdengo|7\/100\n|\n|-heal|p1a: Gholdengo|13\/100|[from] item: Leftovers\n|upkeep\n|turn|24\n|\n|t:|1699926988\n|move|p1a: Gholdengo|Shadow Ball|p2a: Zapdos\n|-damage|p2a: Zapdos|3\/100 par\n|-unboost|p2a: Zapdos|spd|1\n|-ability|p2a: Zapdos|Defiant|boost\n|-boost|p2a: Zapdos|atk|2\n|cant|p2a: Zapdos|par\n|\n|-heal|p1a: Gholdengo|19\/100|[from] item: Leftovers\n|upkeep\n|turn|25\n|\n|t:|1699926994\n|move|p1a: Gholdengo|Tera Blast|p2a: Zapdos\n|-damage|p2a: Zapdos|0 fnt\n|faint|p2a: Zapdos\n|\n|-heal|p1a: Gholdengo|25\/100|[from] item: Leftovers\n|upkeep\n|\n|t:|1699926999\n|switch|p2a: Lokix|Lokix, F|100\/100\n|turn|26\n|\n|t:|1699927004\n|switch|p1a: Samurott|Samurott-Hisui, F, shiny|13\/100 tox\n|move|p2a: Lokix|Knock Off|p1a: Samurott\n|-resisted|p1a: Samurott\n|-damage|p1a: Samurott|0 fnt\n|-enditem|p1a: Samurott|Assault Vest|[from] move: Knock Off|[of] p2a: Lokix\n|faint|p1a: Samurott\n|\n|upkeep\n|\n|t:|1699927014\n|switch|p1a: Clefable|Clefable, F|50\/100\n|turn|27\n|\n|t:|1699927027\n|switch|p2a: Weezing|Weezing-Galar, F|28\/100\n|-damage|p2a: Weezing|16\/100|[from] Stealth Rock\n|move|p1a: Clefable|Moonlight|p1a: Clefable\n|-heal|p1a: Clefable|100\/100\n|\n|upkeep\n|turn|28\n|\n|t:|1699927034\n|switch|p1a: Gholdengo|Gholdengo, shiny|25\/100\n|move|p2a: Weezing|Pain Split|p1a: Gholdengo\n|-immune|p1a: Gholdengo|[from] ability: Good as Gold\n|\n|-heal|p1a: Gholdengo|31\/100|[from] item: Leftovers\n|upkeep\n|turn|29\n|\n|t:|1699927043\n|move|p1a: Gholdengo|Make It Rain|p2a: Weezing\n|-supereffective|p2a: Weezing\n|-damage|p2a: Weezing|0 fnt\n|-unboost|p1a: Gholdengo|spa|1\n|faint|p2a: Weezing\n|\n|-heal|p1a: Gholdengo|37\/100|[from] item: Leftovers\n|upkeep\n|\n|t:|1699927046\n|switch|p2a: Lokix|Lokix, F|100\/100\n|turn|30\n|\n|t:|1699927049\n|switch|p1a: Clefable|Clefable, F|100\/100\n|move|p2a: Lokix|Swords Dance|p2a: Lokix\n|-boost|p2a: Lokix|atk|2\n|\n|upkeep\n|turn|31\n|\n|t:|1699927056\n|switch|p2a: Ceruledge|Ceruledge, F|100\/100\n|move|p1a: Clefable|Thunder Wave|p2a: Ceruledge\n|-status|p2a: Ceruledge|par\n|\n|upkeep\n|turn|32\n|\n|t:|1699927071\n|switch|p1a: Great Tusk|Great Tusk|30\/100\n|cant|p2a: Ceruledge|par\n|\n|upkeep\n|turn|33\n|\n|t:|1699927077\n|move|p1a: Great Tusk|Headlong Rush|p2a: Ceruledge\n|-supereffective|p2a: Ceruledge\n|-damage|p2a: Ceruledge|0 fnt\n|-unboost|p1a: Great Tusk|def|1\n|-unboost|p1a: Great Tusk|spd|1\n|faint|p2a: Ceruledge\n|\n|upkeep\n|\n|t:|1699927081\n|switch|p2a: Lokix|Lokix, F|100\/100\n|turn|34\n|\n|t:|1699927088\n|-end|p1a: Great Tusk|Protosynthesis|[silent]\n|switch|p1a: Clefable|Clefable, F|100\/100\n|move|p2a: Lokix|Knock Off|p1a: Clefable\n|-resisted|p1a: Clefable\n|-damage|p1a: Clefable|55\/100\n|-enditem|p1a: Clefable|Leftovers|[from] move: Knock Off|[of] p2a: Lokix\n|\n|upkeep\n|turn|35\n|\n|t:|1699927094\n|move|p2a: Lokix|Swords Dance|p2a: Lokix\n|-boost|p2a: Lokix|atk|2\n|move|p1a: Clefable|Thunder Wave|p2a: Lokix\n|-status|p2a: Lokix|par\n|\n|upkeep\n|turn|36\n|\n|t:|1699927098\n|move|p1a: Clefable|Moonlight|p1a: Clefable\n|-heal|p1a: Clefable|100\/100\n|cant|p2a: Lokix|par\n|\n|upkeep\n|turn|37\n|\n|t:|1699927105\n|move|p1a: Clefable|Flamethrower|p2a: Lokix\n|-supereffective|p2a: Lokix\n|-damage|p2a: Lokix|23\/100 par\n|move|p2a: Lokix|Leech Life|p1a: Clefable\n|-resisted|p1a: Clefable\n|-damage|p1a: Clefable|63\/100\n|-heal|p2a: Lokix|49\/100 par|[from] drain|[of] p1a: Clefable\n|\n|upkeep\n|turn|38\n|\n|t:|1699927113\n|move|p1a: Clefable|Flamethrower|p2a: Lokix\n|-supereffective|p2a: Lokix\n|-damage|p2a: Lokix|0 fnt\n|faint|p2a: Lokix\n|\n|upkeep\n|\n|t:|1699927117\n|switch|p2a: Clodsire|Clodsire, F|75\/100\n|-damage|p2a: Clodsire|58\/100|[from] Spikes\n|-damage|p2a: Clodsire|52\/100|[from] Stealth Rock\n|turn|39\n|\n|t:|1699927126\n|move|p1a: Clefable|Moonlight|p1a: Clefable\n|-heal|p1a: Clefable|100\/100\n|move|p2a: Clodsire|Recover|p2a: Clodsire\n|-heal|p2a: Clodsire|100\/100\n|\n|upkeep\n|turn|40\n|\n|t:|1699927136\n|switch|p1a: Thundurus|Thundurus-Therian, M|100\/100\n|move|p2a: Clodsire|Toxic|p1a: Thundurus\n|-status|p1a: Thundurus|tox\n|\n|-damage|p1a: Thundurus|94\/100 tox|[from] psn\n|upkeep\n|turn|41\n|\n|t:|1699927140\n|move|p1a: Thundurus|Knock Off|p2a: Clodsire\n|-damage|p2a: Clodsire|76\/100\n|-enditem|p2a: Clodsire|Leftovers|[from] move: Knock Off|[of] p1a: Thundurus\n|move|p2a: Clodsire|Stealth Rock|p1a: Thundurus\n|-sidestart|p1: cam114|move: Stealth Rock\n|\n|-damage|p1a: Thundurus|82\/100 tox|[from] psn\n|upkeep\n|turn|42\n|\n|t:|1699927148\n|move|p1a: Thundurus|Grass Knot|p2a: Clodsire\n|-damage|p2a: Clodsire|52\/100\n|move|p2a: Clodsire|Recover|p2a: Clodsire\n|-heal|p2a: Clodsire|100\/100\n|\n|-damage|p1a: Thundurus|64\/100 tox|[from] psn\n|upkeep\n|turn|43\n|\n|t:|1699927157\n|switch|p1a: Clefable|Clefable, F|100\/100\n|-damage|p1a: Clefable|88\/100|[from] Stealth Rock\n|move|p2a: Clodsire|Earthquake|p1a: Clefable\n|-damage|p1a: Clefable|60\/100\n|\n|upkeep\n|turn|44\n|\n|t:|1699927167\n|move|p1a: Clefable|Moonlight|p1a: Clefable\n|-heal|p1a: Clefable|100\/100\n|move|p2a: Clodsire|Toxic|p1a: Clefable\n|-status|p1a: Clefable|tox\n|\n|-damage|p1a: Clefable|94\/100 tox|[from] psn\n|upkeep\n|turn|45\n|\n|t:|1699927174\n|move|p1a: Clefable|Flamethrower|p2a: Clodsire\n|-damage|p2a: Clodsire|90\/100\n|move|p2a: Clodsire|Earthquake|p1a: Clefable\n|-crit|p1a: Clefable\n|-damage|p1a: Clefable|46\/100 tox\n|\n|-damage|p1a: Clefable|34\/100 tox|[from] psn\n|upkeep\n|turn|46\n|\n|t:|1699927179\n|move|p1a: Clefable|Moonlight|p1a: Clefable\n|-heal|p1a: Clefable|84\/100 tox\n|move|p2a: Clodsire|Earthquake|p1a: Clefable\n|-damage|p1a: Clefable|55\/100 tox\n|\n|-damage|p1a: Clefable|37\/100 tox|[from] psn\n|upkeep\n|turn|47\n|\n|t:|1699927185\n|switch|p1a: Thundurus|Thundurus-Therian, M|64\/100 tox\n|move|p2a: Clodsire|Earthquake|p1a: Thundurus\n|-immune|p1a: Thundurus\n|\n|-damage|p1a: Thundurus|58\/100 tox|[from] psn\n|upkeep\n|turn|48\n|\n|t:|1699927188\n|switch|p1a: Great Tusk|Great Tusk|30\/100\n|move|p2a: Clodsire|Recover|p2a: Clodsire\n|-heal|p2a: Clodsire|100\/100\n|\n|upkeep\n|turn|49\n|\n|t:|1699927197\n|switch|p2a: Manaphy|Manaphy, shiny|100\/100\n|-damage|p2a: Manaphy|84\/100|[from] Spikes\n|-damage|p2a: Manaphy|72\/100|[from] Stealth Rock\n|move|p1a: Great Tusk|Rapid Spin|p2a: Manaphy\n|-crit|p2a: Manaphy\n|-damage|p2a: Manaphy|51\/100\n|-boost|p1a: Great Tusk|spe|1\n|-sideend|p1: cam114|Stealth Rock|[from] move: Rapid Spin|[of] p1a: Great Tusk\n|\n|-heal|p2a: Manaphy|58\/100|[from] item: Leftovers\n|upkeep\n|turn|50\n|\n|t:|1699927211\n|move|p1a: Great Tusk|Knock Off|p2a: Manaphy\n|-damage|p2a: Manaphy|30\/100\n|-enditem|p2a: Manaphy|Leftovers|[from] move: Knock Off|[of] p1a: Great Tusk\n|move|p2a: Manaphy|Scald|p1a: Great Tusk\n|-supereffective|p1a: Great Tusk\n|-damage|p1a: Great Tusk|0 fnt\n|faint|p1a: Great Tusk\n|-end|p1a: Great Tusk|Protosynthesis|[silent]\n|\n|upkeep\n|\n|t:|1699927217\n|switch|p1a: Thundurus|Thundurus-Therian, M|58\/100 tox\n|turn|51\n|\n|t:|1699927221\n|move|p1a: Thundurus|Grass Knot|p2a: Manaphy\n|-supereffective|p2a: Manaphy\n|-damage|p2a: Manaphy|17\/100\n|move|p2a: Manaphy|Scald|p1a: Thundurus\n|-damage|p1a: Thundurus|6\/100 tox\n|\n|-damage|p1a: Thundurus|0 fnt|[from] psn\n|faint|p1a: Thundurus\n|upkeep\n|\n|t:|1699927228\n|switch|p1a: Gholdengo|Gholdengo, shiny|37\/100\n|turn|52\n|\n|t:|1699927231\n|move|p2a: Manaphy|Scald|p1a: Gholdengo\n|-damage|p1a: Gholdengo|0 fnt\n|faint|p1a: Gholdengo\n|\n|upkeep\n|-message|cam114 forfeited.\n|\n|win|Thefatguinea\n|raw|cam114's rating: 1249 &rarr; <strong>1229<\/strong><br \/>(-20 for losing)\n|raw|Thefatguinea's rating: 1318 &rarr; <strong>1334<\/strong><br \/>(+16 for winning)\n|l|\u2606cam114\n|c|\u2606Thefatguinea|gg\n","uploadtime":1699927242,"views":15,"p1id":"cam114","p2id":"thefatguinea","formatid":"gen9ou","rating":1229,"private":0,"password":""}