{"id":"gen9ou-1997246582","p1":"qazniak","p2":"G.BREND","format":"[Gen 9] OU","log":"|j|\u2606qazniak\n|j|\u2606G.BREND\n|t:|1700779993\n|gametype|singles\n|player|p1|qazniak|169|1034\n|player|p2|G.BREND|ethan|1034\n|teamsize|p1|6\n|teamsize|p2|6\n|gen|9\n|tier|[Gen 9] OU\n|rated|\n|rule|Sleep Clause Mod: Limit one foe put to sleep\n|rule|Species Clause: Limit one of each Pok\u00e9mon\n|rule|OHKO Clause: OHKO moves are banned\n|rule|Evasion Items Clause: Evasion items are banned\n|rule|Evasion Moves Clause: Evasion moves are banned\n|rule|Endless Battle Clause: Forcing endless battles is banned\n|rule|HP Percentage Mod: HP is shown in percentages\n|clearpoke\n|poke|p1|Arcanine-Hisui, F|\n|poke|p1|Chandelure, F|\n|poke|p1|Corviknight, M|\n|poke|p1|Coalossal, M|\n|poke|p1|Clodsire, M|\n|poke|p1|Ceruledge, F|\n|poke|p2|Mimikyu, M|\n|poke|p2|Haxorus, F|\n|poke|p2|Noivern, F|\n|poke|p2|Garchomp, F|\n|poke|p2|Vaporeon, M|\n|poke|p2|Pikachu, M|\n|teampreview\n|inactive|Battle timer is ON: inactive players will automatically lose when time's up. (requested by qazniak)\n|\n|t:|1700780012\n|start\n|switch|p1a: Ceruledge|Ceruledge, F|100\/100\n|switch|p2a: Noivern|Noivern, F|100\/100\n|turn|1\n|\n|t:|1700780029\n|move|p2a: Noivern|Flamethrower|p1a: Ceruledge\n|-start|p1a: Ceruledge|ability: Flash Fire\n|move|p1a: Ceruledge|Bulk Up|p1a: Ceruledge\n|-boost|p1a: Ceruledge|atk|1\n|-boost|p1a: Ceruledge|def|1\n|\n|upkeep\n|turn|2\n|\n|t:|1700780038\n|move|p2a: Noivern|Draco Meteor|p1a: Ceruledge\n|-damage|p1a: Ceruledge|70\/100\n|-unboost|p2a: Noivern|spa|2\n|move|p1a: Ceruledge|Bulk Up|p1a: Ceruledge\n|-boost|p1a: Ceruledge|atk|1\n|-boost|p1a: Ceruledge|def|1\n|\n|upkeep\n|turn|3\n|\n|t:|1700780045\n|move|p2a: Noivern|Draco Meteor|p1a: Ceruledge|[miss]\n|-miss|p2a: Noivern|p1a: Ceruledge\n|move|p1a: Ceruledge|Bulk Up|p1a: Ceruledge\n|-boost|p1a: Ceruledge|atk|1\n|-boost|p1a: Ceruledge|def|1\n|\n|upkeep\n|turn|4\n|\n|t:|1700780057\n|move|p2a: Noivern|Draco Meteor|p1a: Ceruledge\n|-damage|p1a: Ceruledge|55\/100\n|-unboost|p2a: Noivern|spa|2\n|move|p1a: Ceruledge|Bulk Up|p1a: Ceruledge\n|-boost|p1a: Ceruledge|atk|1\n|-boost|p1a: Ceruledge|def|1\n|\n|upkeep\n|turn|5\n|\n|t:|1700780066\n|move|p2a: Noivern|Draco Meteor|p1a: Ceruledge|[miss]\n|-miss|p2a: Noivern|p1a: Ceruledge\n|move|p1a: Ceruledge|Bulk Up|p1a: Ceruledge\n|-boost|p1a: Ceruledge|atk|1\n|-boost|p1a: Ceruledge|def|1\n|\n|upkeep\n|turn|6\n|\n|t:|1700780074\n|move|p2a: Noivern|Draco Meteor|p1a: Ceruledge\n|-damage|p1a: Ceruledge|44\/100\n|-unboost|p2a: Noivern|spa|2\n|move|p1a: Ceruledge|Bulk Up|p1a: Ceruledge\n|-boost|p1a: Ceruledge|atk|1\n|-boost|p1a: Ceruledge|def|1\n|\n|upkeep\n|turn|7\n|\n|t:|1700780082\n|move|p2a: Noivern|Draco Meteor|p1a: Ceruledge|[miss]\n|-miss|p2a: Noivern|p1a: Ceruledge\n|move|p1a: Ceruledge|Bitter Blade|p2a: Noivern\n|-resisted|p2a: Noivern\n|-enditem|p2a: Noivern|Focus Sash\n|-damage|p2a: Noivern|1\/100\n|-heal|p1a: Ceruledge|100\/100|[from] drain|[of] p2a: Noivern\n|\n|upkeep\n|turn|8\n|\n|t:|1700780093\n|move|p1a: Ceruledge|Shadow Sneak|p2a: Noivern\n|-damage|p2a: Noivern|0 fnt\n|faint|p2a: Noivern\n|\n|upkeep\n|\n|t:|1700780107\n|switch|p2a: Pikachu|Pikachu, M|100\/100\n|turn|9\n|\n|t:|1700780113\n|-terastallize|p1a: Ceruledge|Ghost\n|move|p2a: Pikachu|Surf|p1a: Ceruledge\n|-damage|p1a: Ceruledge|82\/100\n|move|p1a: Ceruledge|Bitter Blade|p2a: Pikachu\n|-damage|p2a: Pikachu|0 fnt\n|-heal|p1a: Ceruledge|100\/100|[from] drain|[of] p2a: Pikachu\n|faint|p2a: Pikachu\n|\n|upkeep\n|\n|t:|1700780128\n|switch|p2a: Haxorus|Haxorus, F, shiny|100\/100\n|-ability|p2a: Haxorus|Mold Breaker\n|turn|10\n|\n|t:|1700780135\n|move|p2a: Haxorus|Earthquake|p1a: Ceruledge\n|-damage|p1a: Ceruledge|91\/100\n|move|p1a: Ceruledge|Bitter Blade|p2a: Haxorus\n|-resisted|p2a: Haxorus\n|-enditem|p2a: Haxorus|Focus Sash\n|-damage|p2a: Haxorus|1\/100\n|-heal|p1a: Ceruledge|100\/100|[from] drain|[of] p2a: Haxorus\n|\n|upkeep\n|turn|11\n|\n|t:|1700780143\n|move|p1a: Ceruledge|Shadow Sneak|p2a: Haxorus\n|-crit|p2a: Haxorus\n|-damage|p2a: Haxorus|0 fnt\n|faint|p2a: Haxorus\n|\n|upkeep\n|\n|t:|1700780153\n|switch|p2a: Rex the hooded|Mimikyu, M|100\/100\n|turn|12\n|\n|t:|1700780160\n|move|p1a: Ceruledge|Shadow Sneak|p2a: Rex the hooded\n|-activate|p2a: Rex the hooded|ability: Disguise\n|-damage|p2a: Rex the hooded|100\/100\n|detailschange|p2a: Rex the hooded|Mimikyu-Busted, M\n|-damage|p2a: Rex the hooded|88\/100|[from] pokemon: Mimikyu-Busted\n|move|p2a: Rex the hooded|Phantom Force||[still]\n|-prepare|p2a: Rex the hooded|Phantom Force\n|\n|upkeep\n|turn|13\n|\n|t:|1700780168\n|move|p1a: Ceruledge|Shadow Sneak|p2a: Rex the hooded|[miss]\n|-miss|p1a: Ceruledge|p2a: Rex the hooded\n|move|p2a: Rex the hooded|Phantom Force|p1a: Ceruledge|[from]lockedmove\n|-supereffective|p1a: Ceruledge\n|-damage|p1a: Ceruledge|83\/100\n|\n|upkeep\n|turn|14\n|\n|t:|1700780181\n|move|p2a: Rex the hooded|Shadow Sneak|p1a: Ceruledge\n|-supereffective|p1a: Ceruledge\n|-damage|p1a: Ceruledge|75\/100\n|move|p1a: Ceruledge|Bitter Blade|p2a: Rex the hooded\n|-damage|p2a: Rex the hooded|0 fnt\n|-heal|p1a: Ceruledge|100\/100|[from] drain|[of] p2a: Rex the hooded\n|faint|p2a: Rex the hooded\n|\n|upkeep\n|-message|G.BREND forfeited.\n|\n|win|qazniak\n|raw|qazniak's rating: 1034 &rarr; <strong>1069<\/strong><br \/>(+35 for winning)\n|raw|G.BREND's rating: 1034 &rarr; <strong>1019<\/strong><br \/>(-15 for losing)\n|l|\u2606G.BREND\n","uploadtime":1700780195,"views":18,"p1id":"qazniak","p2id":"gbrend","formatid":"gen9ou","rating":1019,"private":0,"password":""}