{"id":"gen9ou-1990984407","p1":"DJGrooves213","p2":"ouicestmoi","format":"[Gen 9] OU","log":"|j|\u2606DJGrooves213\n|j|\u2606ouicestmoi\n|t:|1700023359\n|gametype|singles\n|player|p1|DJGrooves213|roark|1361\n|player|p2|ouicestmoi|2|1431\n|teamsize|p1|6\n|teamsize|p2|6\n|gen|9\n|tier|[Gen 9] OU\n|rated|\n|rule|Sleep Clause Mod: Limit one foe put to sleep\n|rule|Species Clause: Limit one of each Pok\u00e9mon\n|rule|OHKO Clause: OHKO moves are banned\n|rule|Evasion Items Clause: Evasion items are banned\n|rule|Evasion Moves Clause: Evasion moves are banned\n|rule|Endless Battle Clause: Forcing endless battles is banned\n|rule|HP Percentage Mod: HP is shown in percentages\n|clearpoke\n|poke|p1|Ninetales-Alola, M|\n|poke|p1|Samurott-Hisui, M|\n|poke|p1|Dragonite, M|\n|poke|p1|Slowking-Galar, M|\n|poke|p1|Kommo-o, M|\n|poke|p1|Maushold|\n|poke|p2|Glimmora, M|\n|poke|p2|Gholdengo|\n|poke|p2|Ogerpon-Wellspring, F|\n|poke|p2|Kingambit, F|\n|poke|p2|Iron Moth|\n|poke|p2|Enamorus, F|\n|teampreview\n|inactive|Battle timer is ON: inactive players will automatically lose when time's up. (requested by ouicestmoi)\n|\n|t:|1700023368\n|start\n|switch|p1a: Slowking|Slowking-Galar, M, shiny|100\/100\n|switch|p2a: Gholdengo|Gholdengo|100\/100\n|-item|p2a: Gholdengo|Air Balloon\n|turn|1\n|\n|t:|1700023371\n|move|p2a: Gholdengo|Shadow Ball|p1a: Slowking\n|-supereffective|p1a: Slowking\n|-damage|p1a: Slowking|29\/100\n|move|p1a: Slowking|Flamethrower|p2a: Gholdengo\n|-supereffective|p2a: Gholdengo\n|-damage|p2a: Gholdengo|7\/100\n|-enditem|p2a: Gholdengo|Air Balloon\n|-damage|p1a: Slowking|19\/100|[from] item: Life Orb\n|\n|upkeep\n|turn|2\n|\n|t:|1700023384\n|switch|p1a: Samurott|Samurott-Hisui, M, shiny|100\/100\n|move|p2a: Gholdengo|Recover|p2a: Gholdengo\n|-heal|p2a: Gholdengo|57\/100\n|\n|upkeep\n|turn|3\n|\n|t:|1700023390\n|switch|p2a: Glimmora|Glimmora, M|100\/100\n|move|p1a: Samurott|Ceaseless Edge|p2a: Glimmora\n|-damage|p2a: Glimmora|41\/100\n|-activate|p2a: Glimmora|ability: Toxic Debris\n|-sidestart|p1: DJGrooves213|move: Toxic Spikes\n|-sidestart|p2: ouicestmoi|Spikes\n|\n|upkeep\n|turn|4\n|\n|t:|1700023396\n|move|p1a: Samurott|Ceaseless Edge|p2a: Glimmora\n|-damage|p2a: Glimmora|0 fnt\n|-activate|p2a: Glimmora|ability: Toxic Debris\n|-sidestart|p1: DJGrooves213|move: Toxic Spikes\n|-sidestart|p2: ouicestmoi|Spikes\n|faint|p2a: Glimmora\n|\n|upkeep\n|\n|t:|1700023403\n|switch|p2a: Enamorus|Enamorus, F|100\/100\n|turn|5\n|\n|t:|1700023411\n|switch|p1a: Slowking|Slowking-Galar, M, shiny|52\/100\n|-sideend|p1: DJGrooves213|move: Toxic Spikes|[of] p1a: Slowking\n|move|p2a: Enamorus|Earth Power|p1a: Slowking\n|-supereffective|p1a: Slowking\n|-damage|p1a: Slowking|0 fnt\n|faint|p1a: Slowking\n|\n|upkeep\n|\n|t:|1700023422\n|switch|p1a: Ninetales|Ninetales-Alola, M, shiny|100\/100\n|-weather|Snow|[from] ability: Snow Warning|[of] p1a: Ninetales\n|turn|6\n|\n|t:|1700023425\n|switch|p2a: Gholdengo|Gholdengo|57\/100\n|-damage|p2a: Gholdengo|41\/100|[from] Spikes\n|move|p1a: Ninetales|Aurora Veil|p1a: Ninetales\n|-sidestart|p1: DJGrooves213|move: Aurora Veil\n|\n|-weather|Snow|[upkeep]\n|upkeep\n|turn|7\n|\n|t:|1700023432\n|switch|p1a: Samurott|Samurott-Hisui, M, shiny|100\/100\n|move|p2a: Gholdengo|Recover|p2a: Gholdengo\n|-heal|p2a: Gholdengo|91\/100\n|\n|-weather|Snow|[upkeep]\n|upkeep\n|turn|8\n|\n|t:|1700023440\n|switch|p2a: Enamorus|Enamorus, F|100\/100\n|move|p1a: Samurott|Ceaseless Edge|p2a: Enamorus\n|-resisted|p2a: Enamorus\n|-damage|p2a: Enamorus|62\/100\n|-sidestart|p2: ouicestmoi|Spikes\n|\n|-weather|Snow|[upkeep]\n|upkeep\n|turn|9\n|\n|t:|1700023445\n|switch|p1a: Ninetales|Ninetales-Alola, M, shiny|100\/100\n|move|p2a: Enamorus|Moonblast|p1a: Ninetales\n|-damage|p1a: Ninetales|76\/100\n|-unboost|p1a: Ninetales|spa|1\n|\n|-weather|Snow|[upkeep]\n|upkeep\n|turn|10\n|\n|t:|1700023454\n|switch|p2a: Kingambit|Kingambit, F|100\/100\n|-damage|p2a: Kingambit|76\/100|[from] Spikes\n|-activate|p2a: Kingambit|ability: Supreme Overlord\n|-start|p2a: Kingambit|fallen1|[silent]\n|switch|p1a: Samurott|Samurott-Hisui, M, shiny|100\/100\n|\n|-weather|none\n|upkeep\n|turn|11\n|\n|t:|1700023470\n|-end|p2a: Kingambit|fallen1|[silent]\n|switch|p2a: Enamorus|Enamorus, F|62\/100\n|move|p1a: Samurott|Flip Turn|p2a: Enamorus\n|-damage|p2a: Enamorus|11\/100\n|\n|t:|1700023489\n|switch|p1a: Dragonite|Dragonite, M, shiny|100\/100|[from] Flip Turn\n|\n|upkeep\n|turn|12\n|\n|t:|1700023493\n|move|p1a: Dragonite|Extreme Speed|p2a: Enamorus\n|-crit|p2a: Enamorus\n|-damage|p2a: Enamorus|0 fnt\n|faint|p2a: Enamorus\n|\n|upkeep\n|\n|t:|1700023503\n|switch|p2a: Kingambit|Kingambit, F|76\/100\n|-damage|p2a: Kingambit|51\/100|[from] Spikes\n|-activate|p2a: Kingambit|ability: Supreme Overlord\n|-start|p2a: Kingambit|fallen2|[silent]\n|turn|13\n|\n|t:|1700023509\n|move|p1a: Dragonite|Fire Punch|p2a: Kingambit\n|-supereffective|p2a: Kingambit\n|-damage|p2a: Kingambit|8\/100\n|move|p2a: Kingambit|Kowtow Cleave|p1a: Dragonite\n|-damage|p1a: Dragonite|80\/100\n|\n|-sideend|p1: DJGrooves213|move: Aurora Veil\n|upkeep\n|turn|14\n|\n|t:|1700023516\n|move|p1a: Dragonite|Extreme Speed|p2a: Kingambit\n|-resisted|p2a: Kingambit\n|-damage|p2a: Kingambit|0 fnt\n|faint|p2a: Kingambit\n|-end|p2a: Kingambit|fallen2|[silent]\n|\n|upkeep\n|\n|t:|1700023521\n|switch|p2a: Iron Moth|Iron Moth|100\/100\n|-damage|p2a: Iron Moth|76\/100|[from] Spikes\n|-enditem|p2a: Iron Moth|Booster Energy\n|-activate|p2a: Iron Moth|ability: Quark Drive|[fromitem]\n|-start|p2a: Iron Moth|quarkdrivespe\n|turn|15\n|\n|t:|1700023527\n|move|p1a: Dragonite|Extreme Speed|p2a: Iron Moth\n|-damage|p2a: Iron Moth|31\/100\n|move|p2a: Iron Moth|Fiery Dance|p1a: Dragonite\n|-resisted|p1a: Dragonite\n|-damage|p1a: Dragonite|60\/100\n|-boost|p2a: Iron Moth|spa|1\n|\n|upkeep\n|turn|16\n|\n|t:|1700023530\n|move|p1a: Dragonite|Extreme Speed|p2a: Iron Moth\n|-damage|p2a: Iron Moth|0 fnt\n|faint|p2a: Iron Moth\n|-end|p2a: Iron Moth|Quark Drive|[silent]\n|\n|upkeep\n|\n|t:|1700023533\n|switch|p2a: Gholdengo|Gholdengo|91\/100\n|-damage|p2a: Gholdengo|66\/100|[from] Spikes\n|turn|17\n|\n|t:|1700023542\n|move|p2a: Gholdengo|Nasty Plot|p2a: Gholdengo\n|-boost|p2a: Gholdengo|spa|2\n|move|p1a: Dragonite|Fire Punch|p2a: Gholdengo\n|-supereffective|p2a: Gholdengo\n|-damage|p2a: Gholdengo|8\/100\n|\n|upkeep\n|turn|18\n|\n|t:|1700023550\n|-terastallize|p2a: Gholdengo|Fairy\n|move|p1a: Dragonite|Extreme Speed|p2a: Gholdengo\n|-damage|p2a: Gholdengo|0 fnt\n|faint|p2a: Gholdengo\n|\n|upkeep\n|-message|ouicestmoi forfeited.\n|\n|win|DJGrooves213\n|raw|DJGrooves213's rating: 1361 &rarr; <strong>1385<\/strong><br \/>(+24 for winning)\n|raw|ouicestmoi's rating: 1431 &rarr; <strong>1407<\/strong><br \/>(-24 for losing)\n|l|\u2606ouicestmoi\n","uploadtime":1700023561,"views":7,"p1id":"djgrooves213","p2id":"ouicestmoi","formatid":"gen9ou","rating":1385,"private":0,"password":""}