{"id":"gen9ou-1988544897","p1":"Yuri Downham","p2":"OkJuice100","format":"[Gen 9] OU","log":"|j|\u203dYuri Downham\n|j|\u2606OkJuice100\n|t:|1699734440\n|gametype|singles\n|player|p1|Yuri Downham|flannery|1225\n|player|p2|OkJuice100|266|1259\n|teamsize|p1|6\n|teamsize|p2|6\n|gen|9\n|tier|[Gen 9] OU\n|rated|\n|rule|Sleep Clause Mod: Limit one foe put to sleep\n|rule|Species Clause: Limit one of each Pok\u00e9mon\n|rule|OHKO Clause: OHKO moves are banned\n|rule|Evasion Items Clause: Evasion items are banned\n|rule|Evasion Moves Clause: Evasion moves are banned\n|rule|Endless Battle Clause: Forcing endless battles is banned\n|rule|HP Percentage Mod: HP is shown in percentages\n|clearpoke\n|poke|p1|Gliscor, M|\n|poke|p1|Gholdengo|\n|poke|p1|Rillaboom, F|\n|poke|p1|Sneasler, M|\n|poke|p1|Quaquaval, F|\n|poke|p1|Kingambit, F|\n|poke|p2|Cinderace, F|\n|poke|p2|Greninja-*, M|\n|poke|p2|Slowking-Galar, F|\n|poke|p2|Pelipper, F|\n|poke|p2|Barraskewda, M|\n|poke|p2|Rillaboom, F|\n|teampreview\n|\n|t:|1699734457\n|start\n|switch|p1a: Gholdengo|Gholdengo|100\/100\n|switch|p2a: Cinderace|Cinderace, F|100\/100\n|turn|1\n|\n|t:|1699734462\n|switch|p1a: Gliscor|Gliscor, M|100\/100\n|move|p2a: Cinderace|U-turn|p1a: Gliscor\n|-start|p2a: Cinderace|typechange|Bug|[from] ability: Libero\n|-resisted|p1a: Gliscor\n|-crit|p1a: Gliscor\n|-damage|p1a: Gliscor|88\/100\n|inactive|Battle timer is ON: inactive players will automatically lose when time's up. (requested by Yuri Downham)\n|\n|t:|1699734464\n|switch|p2a: Greninja|Greninja, M|100\/100|[from] U-turn\n|\n|-status|p1a: Gliscor|tox|[from] item: Toxic Orb\n|upkeep\n|turn|2\n|\n|t:|1699734470\n|move|p1a: Gliscor|Protect|p1a: Gliscor\n|-singleturn|p1a: Gliscor|Protect\n|move|p2a: Greninja|Ice Beam|p1a: Gliscor\n|-start|p2a: Greninja|typechange|Ice|[from] ability: Protean\n|-activate|p1a: Gliscor|move: Protect\n|\n|-heal|p1a: Gliscor|99\/100 tox|[from] ability: Poison Heal\n|upkeep\n|turn|3\n|\n|t:|1699734479\n|switch|p2a: Rillaboom|Rillaboom, F|100\/100\n|-fieldstart|move: Grassy Terrain|[from] ability: Grassy Surge|[of] p2a: Rillaboom\n|-terastallize|p1a: Gliscor|Water\n|move|p1a: Gliscor|Toxic|p2a: Rillaboom\n|-status|p2a: Rillaboom|tox\n|\n|-heal|p1a: Gliscor|100\/100 tox|[from] Grassy Terrain\n|-damage|p2a: Rillaboom|94\/100 tox|[from] psn\n|upkeep\n|turn|4\n|\n|t:|1699734487\n|move|p1a: Gliscor|Protect|p1a: Gliscor\n|-singleturn|p1a: Gliscor|Protect\n|move|p2a: Rillaboom|Grassy Glide|p1a: Gliscor\n|-activate|p1a: Gliscor|move: Protect\n|\n|-heal|p2a: Rillaboom|100\/100 tox|[from] Grassy Terrain\n|-damage|p2a: Rillaboom|88\/100 tox|[from] psn\n|upkeep\n|turn|5\n|\n|t:|1699734493\n|switch|p1a: Kingambit|Kingambit, F|100\/100\n|move|p2a: Rillaboom|Grassy Glide|p1a: Kingambit\n|-resisted|p1a: Kingambit\n|-damage|p1a: Kingambit|85\/100\n|\n|-heal|p2a: Rillaboom|94\/100 tox|[from] Grassy Terrain\n|-heal|p2a: Rillaboom|100\/100 tox|[from] item: Leftovers\n|-heal|p1a: Kingambit|91\/100|[from] Grassy Terrain\n|-heal|p1a: Kingambit|97\/100|[from] item: Leftovers\n|-damage|p2a: Rillaboom|82\/100 tox|[from] psn\n|upkeep\n|turn|6\n|\n|t:|1699734499\n|move|p2a: Rillaboom|Drain Punch|p1a: Kingambit\n|-supereffective|p1a: Kingambit\n|-damage|p1a: Kingambit|15\/100\n|-heal|p2a: Rillaboom|100\/100 tox|[from] drain|[of] p1a: Kingambit\n|move|p1a: Kingambit|Kowtow Cleave|p2a: Rillaboom\n|-damage|p2a: Rillaboom|65\/100 tox\n|\n|-heal|p2a: Rillaboom|71\/100 tox|[from] Grassy Terrain\n|-heal|p2a: Rillaboom|77\/100 tox|[from] item: Leftovers\n|-heal|p1a: Kingambit|21\/100|[from] Grassy Terrain\n|-heal|p1a: Kingambit|27\/100|[from] item: Leftovers\n|-damage|p2a: Rillaboom|52\/100 tox|[from] psn\n|upkeep\n|turn|7\n|\n|t:|1699734510\n|switch|p2a: Cinderace|Cinderace, F|100\/100\n|-end|p1a: Kingambit|fallenundefined|[silent]\n|switch|p1a: Gliscor|Gliscor, M, tera:Water|100\/100 tox\n|\n|-fieldend|move: Grassy Terrain\n|upkeep\n|turn|8\n|\n|t:|1699734516\n|move|p2a: Cinderace|Electro Ball|p1a: Gliscor\n|-start|p2a: Cinderace|typechange|Electric|[from] ability: Libero\n|-supereffective|p1a: Gliscor\n|-damage|p1a: Gliscor|28\/100 tox\n|move|p1a: Gliscor|Spikes|p2a: Cinderace\n|-sidestart|p2: OkJuice100|Spikes\n|\n|-heal|p1a: Gliscor|40\/100 tox|[from] ability: Poison Heal\n|upkeep\n|turn|9\n|\n|t:|1699734520\n|move|p1a: Gliscor|Protect|p1a: Gliscor\n|-singleturn|p1a: Gliscor|Protect\n|move|p2a: Cinderace|Electro Ball|p1a: Gliscor\n|-activate|p1a: Gliscor|move: Protect\n|\n|-heal|p1a: Gliscor|52\/100 tox|[from] ability: Poison Heal\n|upkeep\n|turn|10\n|\n|t:|1699734526\n|switch|p1a: Rillaboom|Rillaboom, F|100\/100\n|-fieldstart|move: Grassy Terrain|[from] ability: Grassy Surge|[of] p1a: Rillaboom\n|move|p2a: Cinderace|Electro Ball|p1a: Rillaboom\n|-resisted|p1a: Rillaboom\n|-damage|p1a: Rillaboom|80\/100\n|\n|-heal|p1a: Rillaboom|86\/100|[from] Grassy Terrain\n|upkeep\n|turn|11\n|\n|t:|1699734531\n|switch|p2a: Slowking|Slowking-Galar, F|100\/100\n|-damage|p2a: Slowking|88\/100|[from] Spikes\n|switch|p1a: Quaquaval|Quaquaval, F|100\/100\n|\n|-heal|p2a: Slowking|94\/100|[from] Grassy Terrain\n|upkeep\n|turn|12\n|\n|t:|1699734535\n|move|p1a: Quaquaval|Flip Turn|p2a: Slowking\n|-damage|p2a: Slowking|63\/100\n|\n|t:|1699734538\n|switch|p1a: Gliscor|Gliscor, M, tera:Water|52\/100 tox|[from] Flip Turn\n|move|p2a: Slowking|Future Sight|p1a: Gliscor\n|-start|p2a: Slowking|move: Future Sight\n|\n|-heal|p1a: Gliscor|59\/100 tox|[from] Grassy Terrain\n|-heal|p2a: Slowking|70\/100|[from] Grassy Terrain\n|-heal|p1a: Gliscor|71\/100 tox|[from] ability: Poison Heal\n|upkeep\n|turn|13\n|\n|t:|1699734548\n|switch|p2a: Pelipper|Pelipper, F|100\/100\n|-weather|RainDance|[from] ability: Drizzle|[of] p2a: Pelipper\n|move|p1a: Gliscor|Spikes|p2a: Pelipper\n|-sidestart|p2: OkJuice100|Spikes\n|\n|-weather|RainDance|[upkeep]\n|-heal|p1a: Gliscor|77\/100 tox|[from] Grassy Terrain\n|-heal|p1a: Gliscor|90\/100 tox|[from] ability: Poison Heal\n|upkeep\n|turn|14\n|\n|t:|1699734559\n|move|p1a: Gliscor|Toxic|p2a: Pelipper\n|-status|p2a: Pelipper|tox\n|move|p2a: Pelipper|Hurricane|p1a: Gliscor\n|-damage|p1a: Gliscor|48\/100 tox\n|-start|p1a: Gliscor|confusion\n|\n|-weather|RainDance|[upkeep]\n|-end|p1a: Gliscor|move: Future Sight\n|-damage|p1a: Gliscor|0 fnt\n|faint|p1a: Gliscor\n|-damage|p2a: Pelipper|94\/100 tox|[from] psn\n|upkeep\n|\n|t:|1699734577\n|switch|p1a: Sneasler|Sneasler, M|100\/100\n|-enditem|p1a: Sneasler|Grassy Seed\n|-boost|p1a: Sneasler|def|1|[from] item: Grassy Seed\n|turn|15\n|\n|t:|1699734582\n|move|p1a: Sneasler|Acrobatics|p2a: Pelipper\n|-damage|p2a: Pelipper|60\/100 tox\n|move|p2a: Pelipper|Hurricane|p1a: Sneasler\n|-supereffective|p1a: Sneasler\n|-damage|p1a: Sneasler|1\/100\n|\n|-weather|RainDance|[upkeep]\n|-heal|p1a: Sneasler|7\/100|[from] Grassy Terrain\n|-damage|p2a: Pelipper|47\/100 tox|[from] psn\n|upkeep\n|turn|16\n|\n|t:|1699734599\n|switch|p2a: Rillaboom|Rillaboom, F|52\/100 tox\n|-damage|p2a: Rillaboom|36\/100 tox|[from] Spikes\n|move|p1a: Sneasler|Acrobatics|p2a: Rillaboom\n|-supereffective|p2a: Rillaboom\n|-damage|p2a: Rillaboom|0 fnt\n|faint|p2a: Rillaboom\n|\n|-weather|RainDance|[upkeep]\n|-heal|p1a: Sneasler|13\/100|[from] Grassy Terrain\n|upkeep\n|\n|t:|1699734603\n|switch|p2a: Barraskewda|Barraskewda, M|100\/100\n|-damage|p2a: Barraskewda|84\/100|[from] Spikes\n|turn|17\n|\n|t:|1699734611\n|move|p2a: Barraskewda|Psychic Fangs|p1a: Sneasler\n|-supereffective|p1a: Sneasler\n|-damage|p1a: Sneasler|0 fnt\n|faint|p1a: Sneasler\n|\n|-weather|RainDance|[upkeep]\n|-heal|p2a: Barraskewda|90\/100|[from] Grassy Terrain\n|-fieldend|move: Grassy Terrain\n|upkeep\n|\n|t:|1699734615\n|switch|p1a: Rillaboom|Rillaboom, F|86\/100\n|-fieldstart|move: Grassy Terrain|[from] ability: Grassy Surge|[of] p1a: Rillaboom\n|turn|18\n|\n|t:|1699734623\n|switch|p2a: Cinderace|Cinderace, F|100\/100\n|-damage|p2a: Cinderace|84\/100|[from] Spikes\n|move|p1a: Rillaboom|Knock Off|p2a: Cinderace\n|-damage|p2a: Cinderace|38\/100\n|-enditem|p2a: Cinderace|Choice Specs|[from] move: Knock Off|[of] p1a: Rillaboom\n|\n|-weather|RainDance|[upkeep]\n|-heal|p2a: Cinderace|44\/100|[from] Grassy Terrain\n|-heal|p1a: Rillaboom|93\/100|[from] Grassy Terrain\n|upkeep\n|turn|19\n|\n|t:|1699734631\n|switch|p1a: Quaquaval|Quaquaval, F|100\/100\n|move|p2a: Cinderace|Court Change|p2a: Cinderace\n|-start|p2a: Cinderace|typechange|Normal|[from] ability: Libero\n|-swapsideconditions\n|-activate|p2a: Cinderace|move: Court Change\n|\n|-weather|RainDance|[upkeep]\n|-heal|p2a: Cinderace|50\/100|[from] Grassy Terrain\n|upkeep\n|turn|20\n|\n|t:|1699734639\n|move|p2a: Cinderace|Electro Ball|p1a: Quaquaval\n|-supereffective|p1a: Quaquaval\n|-damage|p1a: Quaquaval|59\/100\n|move|p1a: Quaquaval|Aqua Step|p2a: Cinderace\n|-damage|p2a: Cinderace|0 fnt\n|-boost|p1a: Quaquaval|spe|1\n|faint|p2a: Cinderace\n|-ability|p1a: Quaquaval|Moxie|boost\n|-boost|p1a: Quaquaval|atk|1\n|\n|-weather|none\n|-heal|p1a: Quaquaval|66\/100|[from] Grassy Terrain\n|upkeep\n|\n|t:|1699734643\n|switch|p2a: Pelipper|Pelipper, F|47\/100 tox\n|-weather|RainDance|[from] ability: Drizzle|[of] p2a: Pelipper\n|turn|21\n|\n|t:|1699734645\n|move|p1a: Quaquaval|Rapid Spin|p2a: Pelipper\n|-damage|p2a: Pelipper|27\/100 tox\n|-boost|p1a: Quaquaval|spe|1\n|-sideend|p1: Yuri Downham|Spikes|[from] move: Rapid Spin|[of] p1a: Quaquaval\n|move|p2a: Pelipper|Hurricane|p1a: Quaquaval\n|-supereffective|p1a: Quaquaval\n|-damage|p1a: Quaquaval|0 fnt\n|faint|p1a: Quaquaval\n|\n|-weather|RainDance|[upkeep]\n|-damage|p2a: Pelipper|21\/100 tox|[from] psn\n|upkeep\n|\n|t:|1699734661\n|switch|p1a: Rillaboom|Rillaboom, F|93\/100\n|turn|22\n|\n|t:|1699734664\n|switch|p2a: Slowking|Slowking-Galar, F|100\/100\n|move|p1a: Rillaboom|Grassy Glide|p2a: Slowking\n|-resisted|p2a: Slowking\n|-damage|p2a: Slowking|82\/100\n|\n|-weather|RainDance|[upkeep]\n|-heal|p1a: Rillaboom|99\/100|[from] Grassy Terrain\n|-heal|p2a: Slowking|88\/100|[from] Grassy Terrain\n|upkeep\n|turn|23\n|\n|t:|1699734676\n|move|p1a: Rillaboom|U-turn|p2a: Slowking\n|-damage|p2a: Slowking|64\/100\n|\n|t:|1699734679\n|switch|p1a: Kingambit|Kingambit, F|27\/100|[from] U-turn\n|-activate|p1a: Kingambit|ability: Supreme Overlord\n|-start|p1a: Kingambit|fallen3|[silent]\n|move|p2a: Slowking|Focus Blast|p1a: Kingambit\n|-supereffective|p1a: Kingambit\n|-damage|p1a: Kingambit|0 fnt\n|faint|p1a: Kingambit\n|-end|p1a: Kingambit|fallen3|[silent]\n|\n|-weather|RainDance|[upkeep]\n|-heal|p2a: Slowking|70\/100|[from] Grassy Terrain\n|upkeep\n|\n|t:|1699734688\n|switch|p1a: Gholdengo|Gholdengo|100\/100\n|turn|24\n|\n|t:|1699734706\n|switch|p2a: Pelipper|Pelipper, F|21\/100 tox\n|move|p1a: Gholdengo|Shadow Ball|p2a: Pelipper\n|-damage|p2a: Pelipper|0 fnt\n|faint|p2a: Pelipper\n|\n|-weather|RainDance|[upkeep]\n|upkeep\n|\n|t:|1699734710\n|switch|p2a: Barraskewda|Barraskewda, M|90\/100\n|turn|25\n|\n|t:|1699734718\n|switch|p1a: Rillaboom|Rillaboom, F|99\/100\n|move|p2a: Barraskewda|Liquidation|p1a: Rillaboom\n|-resisted|p1a: Rillaboom\n|-damage|p1a: Rillaboom|42\/100\n|\n|-weather|RainDance|[upkeep]\n|-heal|p2a: Barraskewda|96\/100|[from] Grassy Terrain\n|-heal|p1a: Rillaboom|48\/100|[from] Grassy Terrain\n|-fieldend|move: Grassy Terrain\n|upkeep\n|turn|26\n|\n|t:|1699734727\n|switch|p1a: Gholdengo|Gholdengo|100\/100\n|move|p2a: Barraskewda|Liquidation|p1a: Gholdengo\n|-damage|p1a: Gholdengo|12\/100\n|\n|-weather|RainDance|[upkeep]\n|-heal|p1a: Gholdengo|19\/100|[from] item: Leftovers\n|upkeep\n|turn|27\n|\n|t:|1699734732\n|move|p2a: Barraskewda|Liquidation|p1a: Gholdengo\n|-damage|p1a: Gholdengo|0 fnt\n|faint|p1a: Gholdengo\n|\n|-weather|RainDance|[upkeep]\n|upkeep\n|\n|t:|1699734734\n|switch|p1a: Rillaboom|Rillaboom, F|48\/100\n|-fieldstart|move: Grassy Terrain|[from] ability: Grassy Surge|[of] p1a: Rillaboom\n|turn|28\n|\n|t:|1699734736\n|switch|p2a: Slowking|Slowking-Galar, F|100\/100\n|move|p1a: Rillaboom|Grassy Glide|p2a: Slowking\n|-resisted|p2a: Slowking\n|-damage|p2a: Slowking|82\/100\n|\n|-weather|none\n|-heal|p1a: Rillaboom|54\/100|[from] Grassy Terrain\n|-heal|p2a: Slowking|89\/100|[from] Grassy Terrain\n|upkeep\n|turn|29\n|\n|t:|1699734742\n|move|p1a: Rillaboom|Knock Off|p2a: Slowking\n|-supereffective|p2a: Slowking\n|-damage|p2a: Slowking|20\/100\n|-enditem|p2a: Slowking|Assault Vest|[from] move: Knock Off|[of] p1a: Rillaboom\n|move|p2a: Slowking|Sludge Bomb|p1a: Rillaboom\n|-supereffective|p1a: Rillaboom\n|-damage|p1a: Rillaboom|0 fnt\n|faint|p1a: Rillaboom\n|\n|win|OkJuice100\n|raw|Yuri Downham's rating: 1225 &rarr; <strong>1202<\/strong><br \/>(-23 for losing)\n|raw|OkJuice100's rating: 1259 &rarr; <strong>1282<\/strong><br \/>(+23 for winning)\n|c|\u2606OkJuice100|gg\n|l|\u203dYuri Downham\n","uploadtime":1699734753,"views":38,"p1id":"yuridownham","p2id":"okjuice100","formatid":"gen9ou","rating":1202,"private":0,"password":""}