{"id":"gen9ou-1993755212","p1":"The Lazy Onee","p2":"Gaylarian","format":"[Gen 9] OU","log":"|j|\u2606The Lazy Onee\n|j|\u2606Gaylarian\n|t:|1700353397\n|gametype|singles\n|player|p1|The Lazy Onee|dahlia|1422\n|player|p2|Gaylarian|cyclist-gen4|1396\n|teamsize|p1|6\n|teamsize|p2|6\n|gen|9\n|tier|[Gen 9] OU\n|rated|\n|rule|Sleep Clause Mod: Limit one foe put to sleep\n|rule|Species Clause: Limit one of each Pok\u00e9mon\n|rule|OHKO Clause: OHKO moves are banned\n|rule|Evasion Items Clause: Evasion items are banned\n|rule|Evasion Moves Clause: Evasion moves are banned\n|rule|Endless Battle Clause: Forcing endless battles is banned\n|rule|HP Percentage Mod: HP is shown in percentages\n|clearpoke\n|poke|p1|Alomomola, F|\n|poke|p1|Slowking-Galar, F|\n|poke|p1|Kingambit, F|\n|poke|p1|Great Tusk|\n|poke|p1|Cinderace, F|\n|poke|p1|Thundurus-Therian, M|\n|poke|p2|Cyclizar, M|\n|poke|p2|Alomomola, F|\n|poke|p2|Slowking-Galar, M|\n|poke|p2|Tornadus-Therian, M|\n|poke|p2|Amoonguss, M|\n|poke|p2|Toxapex, F|\n|teampreview\n|\n|t:|1700353421\n|start\n|switch|p1a: Slowking|Slowking-Galar, F|100\/100\n|switch|p2a: Cyclizar|Cyclizar, M|100\/100\n|turn|1\n|\n|t:|1700353427\n|move|p2a: Cyclizar|Knock Off|p1a: Slowking\n|-supereffective|p1a: Slowking\n|-damage|p1a: Slowking|56\/100\n|-enditem|p1a: Slowking|Heavy-Duty Boots|[from] move: Knock Off|[of] p2a: Cyclizar\n|move|p1a: Slowking|Future Sight|p2a: Cyclizar\n|-start|p1a: Slowking|move: Future Sight\n|\n|upkeep\n|turn|2\n|\n|t:|1700353439\n|move|p2a: Cyclizar|Knock Off|p1a: Slowking\n|-supereffective|p1a: Slowking\n|-damage|p1a: Slowking|25\/100\n|move|p1a: Slowking|Chilly Reception|p1a: Slowking\n|-weather|Snow\n|\n|t:|1700353446\n|switch|p1a: Great Tusk|Great Tusk|100\/100|[from] Chilly Reception\n|\n|-weather|Snow|[upkeep]\n|upkeep\n|turn|3\n|\n|t:|1700353452\n|move|p2a: Cyclizar|U-turn|p1a: Great Tusk\n|-resisted|p1a: Great Tusk\n|-damage|p1a: Great Tusk|95\/100\n|-damage|p2a: Cyclizar|84\/100|[from] item: Rocky Helmet|[of] p1a: Great Tusk\n|\n|t:|1700353459\n|switch|p2a: Tornadus|Tornadus-Therian, M, shiny|100\/100|[from] U-turn\n|move|p1a: Great Tusk|Stealth Rock|p2a: Tornadus\n|-sidestart|p2: Gaylarian|move: Stealth Rock\n|\n|-weather|Snow|[upkeep]\n|-end|p2a: Tornadus|move: Future Sight\n|-damage|p2a: Tornadus|52\/100\n|upkeep\n|turn|4\n|\n|t:|1700353476\n|-end|p1a: Great Tusk|Protosynthesis|[silent]\n|switch|p1a: Slowking|Slowking-Galar, F|58\/100\n|move|p2a: Tornadus|Focus Blast|p1a: Slowking\n|-resisted|p1a: Slowking\n|-damage|p1a: Slowking|54\/100\n|-unboost|p1a: Slowking|spd|1\n|\n|-weather|Snow|[upkeep]\n|upkeep\n|turn|5\n|\n|t:|1700353491\n|move|p2a: Tornadus|U-turn|p1a: Slowking\n|-damage|p1a: Slowking|40\/100\n|\n|t:|1700353496\n|switch|p2a: Cyclizar|Cyclizar, M|100\/100|[from] U-turn\n|move|p1a: Slowking|Future Sight|p2a: Cyclizar\n|-start|p1a: Slowking|move: Future Sight\n|\n|-weather|Snow|[upkeep]\n|upkeep\n|turn|6\n|\n|t:|1700353502\n|move|p2a: Cyclizar|Rapid Spin|p1a: Slowking\n|-damage|p1a: Slowking|23\/100\n|-boost|p2a: Cyclizar|spe|1\n|-sideend|p2: Gaylarian|Stealth Rock|[from] move: Rapid Spin|[of] p2a: Cyclizar\n|move|p1a: Slowking|Ice Beam|p2a: Cyclizar\n|-supereffective|p2a: Cyclizar\n|-damage|p2a: Cyclizar|43\/100\n|\n|-weather|none\n|upkeep\n|turn|7\n|\n|t:|1700353511\n|switch|p1a: Great Tusk|Great Tusk|95\/100\n|move|p2a: Cyclizar|U-turn|p1a: Great Tusk\n|-resisted|p1a: Great Tusk\n|-damage|p1a: Great Tusk|89\/100\n|-damage|p2a: Cyclizar|26\/100|[from] item: Rocky Helmet|[of] p1a: Great Tusk\n|\n|t:|1700353516\n|switch|p2a: Tornadus|Tornadus-Therian, M, shiny|85\/100|[from] U-turn\n|\n|-end|p2a: Tornadus|move: Future Sight\n|-damage|p2a: Tornadus|37\/100\n|upkeep\n|turn|8\n|\n|t:|1700353522\n|-end|p1a: Great Tusk|Protosynthesis|[silent]\n|switch|p1a: Slowking|Slowking-Galar, F|56\/100\n|move|p2a: Tornadus|Bleakwind Storm|p1a: Slowking|[miss]\n|-miss|p2a: Tornadus|p1a: Slowking\n|\n|upkeep\n|turn|9\n|\n|t:|1700353527\n|move|p2a: Tornadus|U-turn|p1a: Slowking\n|-damage|p1a: Slowking|42\/100\n|\n|t:|1700353532\n|switch|p2a: Slowking|Slowking-Galar, M|100\/100|[from] U-turn\n|move|p1a: Slowking|Chilly Reception|p1a: Slowking\n|-weather|Snow\n|\n|t:|1700353543\n|switch|p1a: Great Tusk|Great Tusk|89\/100|[from] Chilly Reception\n|\n|-weather|Snow|[upkeep]\n|upkeep\n|turn|10\n|\n|t:|1700353548\n|switch|p2a: Alomomola|Alomomola, F|100\/100\n|move|p1a: Great Tusk|Stealth Rock|p2a: Alomomola\n|-sidestart|p2: Gaylarian|move: Stealth Rock\n|\n|-weather|Snow|[upkeep]\n|upkeep\n|turn|11\n|\n|t:|1700353555\n|-end|p1a: Great Tusk|Protosynthesis|[silent]\n|switch|p1a: Thundurus|Thundurus-Therian, M|100\/100\n|move|p2a: Alomomola|Scald|p1a: Thundurus\n|-damage|p1a: Thundurus|82\/100\n|\n|-weather|Snow|[upkeep]\n|upkeep\n|turn|12\n|\n|t:|1700353565\n|switch|p2a: Slowking|Slowking-Galar, M|100\/100\n|move|p1a: Thundurus|Volt Switch|p2a: Slowking\n|-damage|p2a: Slowking|67\/100\n|\n|t:|1700353574\n|switch|p1a: Great Tusk|Great Tusk|89\/100|[from] Volt Switch\n|\n|-weather|Snow|[upkeep]\n|upkeep\n|turn|13\n|\n|t:|1700353583\n|-end|p1a: Great Tusk|Protosynthesis|[silent]\n|switch|p1a: Thundurus|Thundurus-Therian, M|82\/100\n|switch|p2a: Amoonguss|Amoonguss, M, shiny|100\/100\n|-damage|p2a: Amoonguss|88\/100|[from] Stealth Rock\n|\n|-weather|none\n|upkeep\n|turn|14\n|\n|t:|1700353600\n|switch|p2a: Slowking|Slowking-Galar, M|99\/100\n|-terastallize|p1a: Thundurus|Flying\n|move|p1a: Thundurus|Tera Blast|p2a: Slowking|[anim] Tera Blast Flying\n|-damage|p2a: Slowking|43\/100\n|\n|upkeep\n|turn|15\n|\n|t:|1700353614\n|switch|p2a: Toxapex|Toxapex, F, shiny|100\/100\n|-damage|p2a: Toxapex|88\/100|[from] Stealth Rock\n|move|p1a: Thundurus|Tera Blast|p2a: Toxapex|[anim] Tera Blast Flying\n|-damage|p2a: Toxapex|34\/100\n|\n|upkeep\n|turn|16\n|\n|t:|1700353634\n|move|p1a: Thundurus|Tera Blast|p2a: Toxapex|[anim] Tera Blast Flying\n|-damage|p2a: Toxapex|0 fnt\n|faint|p2a: Toxapex\n|\n|upkeep\n|\n|t:|1700353638\n|switch|p2a: Cyclizar|Cyclizar, M|59\/100\n|turn|17\n|\n|t:|1700353642\n|switch|p1a: Great Tusk|Great Tusk|89\/100\n|move|p2a: Cyclizar|Rapid Spin|p1a: Great Tusk\n|-damage|p1a: Great Tusk|77\/100\n|-boost|p2a: Cyclizar|spe|1\n|-damage|p2a: Cyclizar|43\/100|[from] item: Rocky Helmet|[of] p1a: Great Tusk\n|-sideend|p2: Gaylarian|Stealth Rock|[from] move: Rapid Spin|[of] p2a: Cyclizar\n|\n|upkeep\n|turn|18\n|\n|t:|1700353649\n|move|p2a: Cyclizar|Knock Off|p1a: Great Tusk\n|-resisted|p1a: Great Tusk\n|-damage|p1a: Great Tusk|70\/100\n|-damage|p2a: Cyclizar|26\/100|[from] item: Rocky Helmet|[of] p1a: Great Tusk\n|-enditem|p1a: Great Tusk|Rocky Helmet|[from] move: Knock Off|[of] p2a: Cyclizar\n|move|p1a: Great Tusk|Ice Spinner|p2a: Cyclizar\n|-supereffective|p2a: Cyclizar\n|-damage|p2a: Cyclizar|0 fnt\n|faint|p2a: Cyclizar\n|\n|upkeep\n|\n|t:|1700353655\n|switch|p2a: Tornadus|Tornadus-Therian, M, shiny|70\/100\n|turn|19\n|\n|t:|1700353659\n|-end|p1a: Great Tusk|Protosynthesis|[silent]\n|switch|p1a: Slowking|Slowking-Galar, F|75\/100\n|move|p2a: Tornadus|Nasty Plot|p2a: Tornadus\n|-boost|p2a: Tornadus|spa|2\n|\n|upkeep\n|turn|20\n|\n|t:|1700353675\n|move|p2a: Tornadus|Bleakwind Storm|p1a: Slowking\n|-damage|p1a: Slowking|30\/100\n|move|p1a: Slowking|Sludge Bomb|p2a: Tornadus\n|-damage|p2a: Tornadus|37\/100\n|\n|upkeep\n|turn|21\n|\n|t:|1700353682\n|switch|p1a: Alomomola|Alomomola, F|100\/100\n|move|p2a: Tornadus|Bleakwind Storm|p1a: Alomomola\n|-damage|p1a: Alomomola|35\/100\n|-enditem|p1a: Alomomola|Red Card|[of] p2a: Tornadus\n|drag|p2a: Alomomola|Alomomola, F|100\/100\n|\n|upkeep\n|turn|22\n|\n|t:|1700353695\n|move|p2a: Alomomola|Flip Turn|p1a: Alomomola\n|-resisted|p1a: Alomomola\n|-damage|p1a: Alomomola|31\/100\n|\n|t:|1700353699\n|switch|p2a: Tornadus|Tornadus-Therian, M, shiny|70\/100|[from] Flip Turn\n|move|p1a: Alomomola|Wish|p1a: Alomomola\n|\n|upkeep\n|turn|23\n|\n|t:|1700353708\n|switch|p1a: Thundurus|Thundurus-Therian, M, tera:Flying|82\/100\n|move|p2a: Tornadus|Nasty Plot|p2a: Tornadus\n|-boost|p2a: Tornadus|spa|2\n|\n|-heal|p1a: Thundurus|100\/100|[from] move: Wish|[wisher] Alomomola\n|upkeep\n|turn|24\n|\n|t:|1700353740\n|switch|p1a: Alomomola|Alomomola, F|64\/100\n|move|p2a: Tornadus|Bleakwind Storm|p1a: Alomomola\n|-damage|p1a: Alomomola|0 fnt\n|faint|p1a: Alomomola\n|\n|upkeep\n|\n|t:|1700353757\n|switch|p1a: Slowking|Slowking-Galar, F|63\/100\n|turn|25\n|\n|t:|1700353762\n|move|p2a: Tornadus|Bleakwind Storm|p1a: Slowking|[miss]\n|-miss|p2a: Tornadus|p1a: Slowking\n|move|p1a: Slowking|Future Sight|p2a: Tornadus\n|-start|p1a: Slowking|move: Future Sight\n|\n|upkeep\n|turn|26\n|\n|t:|1700353768\n|move|p2a: Tornadus|Bleakwind Storm|p1a: Slowking\n|-damage|p1a: Slowking|20\/100\n|move|p1a: Slowking|Sludge Bomb|p2a: Tornadus\n|-damage|p2a: Tornadus|33\/100\n|-status|p2a: Tornadus|psn\n|\n|-damage|p2a: Tornadus|21\/100 psn|[from] psn\n|upkeep\n|turn|27\n|\n|t:|1700353783\n|switch|p1a: Kingambit|Kingambit, F|100\/100\n|-activate|p1a: Kingambit|ability: Supreme Overlord\n|-start|p1a: Kingambit|fallen1|[silent]\n|move|p2a: Tornadus|U-turn|p1a: Kingambit\n|-damage|p1a: Kingambit|90\/100\n|\n|t:|1700353791\n|switch|p2a: Alomomola|Alomomola, F|100\/100|[from] U-turn\n|\n|-end|p2a: Alomomola|move: Future Sight\n|-damage|p2a: Alomomola|49\/100\n|-heal|p1a: Kingambit|96\/100|[from] item: Leftovers\n|upkeep\n|turn|28\n|\n|t:|1700353796\n|switch|p2a: Amoonguss|Amoonguss, M, shiny|100\/100\n|move|p1a: Kingambit|Kowtow Cleave|p2a: Amoonguss\n|-damage|p2a: Amoonguss|59\/100\n|-damage|p1a: Kingambit|79\/100|[from] item: Rocky Helmet|[of] p2a: Amoonguss\n|\n|-heal|p1a: Kingambit|85\/100|[from] item: Leftovers\n|upkeep\n|turn|29\n|\n|t:|1700353809\n|-end|p1a: Kingambit|fallen1|[silent]\n|switch|p1a: Cinderace|Cinderace, F|100\/100\n|switch|p2a: Tornadus|Tornadus-Therian, M, shiny|54\/100 psn\n|\n|-damage|p2a: Tornadus|42\/100 psn|[from] psn\n|upkeep\n|turn|30\n|\n|t:|1700353814\n|switch|p2a: Alomomola|Alomomola, F|83\/100\n|move|p1a: Cinderace|Pyro Ball|p2a: Alomomola\n|-resisted|p2a: Alomomola\n|-crit|p2a: Alomomola\n|-damage|p2a: Alomomola|60\/100\n|\n|upkeep\n|turn|31\n|\n|t:|1700353820\n|move|p1a: Cinderace|Will-O-Wisp|p2a: Alomomola\n|-status|p2a: Alomomola|brn\n|move|p2a: Alomomola|Flip Turn|p1a: Cinderace\n|-supereffective|p1a: Cinderace\n|-damage|p1a: Cinderace|80\/100\n|\n|t:|1700353825\n|switch|p2a: Slowking|Slowking-Galar, M|76\/100|[from] Flip Turn\n|\n|upkeep\n|turn|32\n|\n|t:|1700353831\n|move|p1a: Cinderace|Pyro Ball|p2a: Slowking\n|-damage|p2a: Slowking|19\/100\n|move|p2a: Slowking|Chilly Reception|p2a: Slowking\n|-weather|Snow\n|\n|t:|1700353838\n|switch|p2a: Alomomola|Alomomola, F|93\/100 brn|[from] Chilly Reception\n|\n|-weather|Snow|[upkeep]\n|-damage|p2a: Alomomola|87\/100 brn|[from] brn\n|upkeep\n|turn|33\n|\n|t:|1700353844\n|move|p1a: Cinderace|U-turn|p2a: Alomomola\n|-start|p1a: Cinderace|typechange|Bug|[from] ability: Libero\n|-damage|p2a: Alomomola|70\/100 brn\n|\n|t:|1700353852\n|switch|p1a: Slowking|Slowking-Galar, F|53\/100|[from] U-turn\n|move|p2a: Alomomola|Flip Turn|p1a: Slowking\n|-damage|p1a: Slowking|45\/100\n|\n|t:|1700353859\n|switch|p2a: Tornadus|Tornadus-Therian, M, shiny|75\/100 psn|[from] Flip Turn\n|\n|-weather|Snow|[upkeep]\n|-damage|p2a: Tornadus|63\/100 psn|[from] psn\n|upkeep\n|turn|34\n|\n|t:|1700353871\n|move|p2a: Tornadus|Nasty Plot|p2a: Tornadus\n|-boost|p2a: Tornadus|spa|2\n|move|p1a: Slowking|Ice Beam|p2a: Tornadus\n|-supereffective|p2a: Tornadus\n|-damage|p2a: Tornadus|19\/100 psn\n|\n|-weather|Snow|[upkeep]\n|-damage|p2a: Tornadus|7\/100 psn|[from] psn\n|upkeep\n|turn|35\n|\n|t:|1700353887\n|move|p2a: Tornadus|Focus Blast|p1a: Slowking|[miss]\n|-miss|p2a: Tornadus|p1a: Slowking\n|move|p1a: Slowking|Chilly Reception|p1a: Slowking\n|\n|t:|1700353893\n|switch|p1a: Great Tusk|Great Tusk|70\/100|[from] Chilly Reception\n|\n|-weather|Snow|[upkeep]\n|-damage|p2a: Tornadus|0 fnt|[from] psn\n|faint|p2a: Tornadus\n|upkeep\n|-message|Gaylarian forfeited.\n|\n|win|The Lazy Onee\n|raw|The Lazy Onee's rating: 1422 &rarr; <strong>1441<\/strong><br \/>(+19 for winning)\n|raw|Gaylarian's rating: 1396 &rarr; <strong>1377<\/strong><br \/>(-19 for losing)\n|l|\u2606Gaylarian\n","uploadtime":1700353903,"views":15,"p1id":"thelazyonee","p2id":"gaylarian","formatid":"gen9ou","rating":1377,"private":0,"password":""}