{"id":"gen9ou-1993585578","p1":"rtrich01","p2":"Danclarocc","format":"[Gen 9] OU","log":"|j|\u2606rtrich01\n|j|\u2606Danclarocc\n|t:|1700334554\n|gametype|singles\n|player|p1|rtrich01|266|1106\n|player|p2|Danclarocc|veteran|1090\n|teamsize|p1|6\n|teamsize|p2|6\n|gen|9\n|tier|[Gen 9] OU\n|rated|\n|rule|Sleep Clause Mod: Limit one foe put to sleep\n|rule|Species Clause: Limit one of each Pok\u00e9mon\n|rule|OHKO Clause: OHKO moves are banned\n|rule|Evasion Items Clause: Evasion items are banned\n|rule|Evasion Moves Clause: Evasion moves are banned\n|rule|Endless Battle Clause: Forcing endless battles is banned\n|rule|HP Percentage Mod: HP is shown in percentages\n|clearpoke\n|poke|p1|Vivillon, M|\n|poke|p1|Arbok, M|\n|poke|p1|Chandelure, M|\n|poke|p1|Ribombee, F|\n|poke|p1|Mudsdale, M|\n|poke|p1|Rotom-Wash|\n|poke|p2|Skeledirge, M|\n|poke|p2|Ursaluna, M|\n|poke|p2|Cresselia, F|\n|poke|p2|Corviknight, M|\n|poke|p2|Toxapex, F|\n|poke|p2|Kilowattrel, M|\n|teampreview\n|inactive|Battle timer is ON: inactive players will automatically lose when time's up. (requested by rtrich01)\n|\n|t:|1700334560\n|start\n|switch|p1a: Ribombee|Ribombee, F|100\/100\n|switch|p2a: Kilowattrel|Kilowattrel, M|100\/100\n|turn|1\n|\n|t:|1700334566\n|move|p2a: Kilowattrel|Air Slash|p1a: Ribombee\n|-supereffective|p1a: Ribombee\n|-damage|p1a: Ribombee|13\/100\n|move|p1a: Ribombee|Sticky Web|p2a: Kilowattrel\n|-sidestart|p2: Danclarocc|move: Sticky Web\n|\n|upkeep\n|turn|2\n|\n|t:|1700334576\n|move|p2a: Kilowattrel|Volt Switch|p1a: Ribombee\n|-damage|p1a: Ribombee|0 fnt\n|faint|p1a: Ribombee\n|\n|t:|1700334581\n|switch|p2a: Corviknight|Corviknight, M, shiny|100\/100|[from] Volt Switch\n|\n|upkeep\n|\n|t:|1700334595\n|switch|p1a: Rotom|Rotom-Wash|100\/100\n|turn|3\n|\n|t:|1700334599\n|move|p1a: Rotom|Will-O-Wisp|p2a: Corviknight\n|-status|p2a: Corviknight|brn\n|move|p2a: Corviknight|Defog|p1a: Rotom\n|-unboost|p1a: Rotom|evasion|1\n|-sideend|p2: Danclarocc|Sticky Web|[from] move: Defog|[of] p2a: Corviknight\n|\n|-damage|p2a: Corviknight|94\/100 brn|[from] brn\n|upkeep\n|turn|4\n|\n|t:|1700334610\n|switch|p2a: Toxapex|Toxapex, F|100\/100\n|move|p1a: Rotom|Thunderbolt|p2a: Toxapex\n|-supereffective|p2a: Toxapex\n|-damage|p2a: Toxapex|43\/100\n|-damage|p1a: Rotom|91\/100|[from] item: Life Orb\n|\n|-heal|p2a: Toxapex|50\/100|[from] item: Leftovers\n|upkeep\n|turn|5\n|\n|t:|1700334620\n|move|p2a: Toxapex|Baneful Bunker|p2a: Toxapex\n|-singleturn|p2a: Toxapex|move: Protect\n|move|p1a: Rotom|Thunderbolt|p2a: Toxapex\n|-activate|p2a: Toxapex|move: Protect\n|\n|-heal|p2a: Toxapex|56\/100|[from] item: Leftovers\n|upkeep\n|turn|6\n|\n|t:|1700334629\n|switch|p2a: Kilowattrel|Kilowattrel, M|100\/100\n|move|p1a: Rotom|Thunderbolt|p2a: Kilowattrel\n|-immune|p2a: Kilowattrel|[from] ability: Volt Absorb\n|\n|upkeep\n|turn|7\n|\n|t:|1700334641\n|switch|p1a: Mudsdale|Mudsdale, M|100\/100\n|move|p2a: Kilowattrel|Discharge|p1a: Mudsdale\n|-immune|p1a: Mudsdale\n|\n|upkeep\n|turn|8\n|\n|t:|1700334647\n|switch|p2a: Corviknight|Corviknight, M, shiny|94\/100 brn\n|move|p1a: Mudsdale|Stealth Rock|p2a: Corviknight\n|-sidestart|p2: Danclarocc|move: Stealth Rock\n|\n|-damage|p2a: Corviknight|88\/100 brn|[from] brn\n|upkeep\n|turn|9\n|\n|t:|1700334656\n|move|p2a: Corviknight|Defog|p1a: Mudsdale\n|-unboost|p1a: Mudsdale|evasion|1\n|-sideend|p2: Danclarocc|Stealth Rock|[from] move: Defog|[of] p2a: Corviknight\n|move|p1a: Mudsdale|Stone Edge|p2a: Corviknight\n|-damage|p2a: Corviknight|62\/100 brn\n|\n|-damage|p2a: Corviknight|56\/100 brn|[from] brn\n|upkeep\n|turn|10\n|\n|t:|1700334665\n|move|p2a: Corviknight|Roost|p2a: Corviknight\n|-heal|p2a: Corviknight|100\/100 brn\n|-singleturn|p2a: Corviknight|move: Roost\n|move|p1a: Mudsdale|Stone Edge|p2a: Corviknight\n|-resisted|p2a: Corviknight\n|-crit|p2a: Corviknight\n|-damage|p2a: Corviknight|78\/100 brn\n|\n|-damage|p2a: Corviknight|72\/100 brn|[from] brn\n|upkeep\n|turn|11\n|\n|t:|1700334677\n|switch|p2a: Cresselia|Cresselia, F|100\/100\n|move|p1a: Mudsdale|Earthquake|p2a: Cresselia\n|-immune|p2a: Cresselia|[from] ability: Levitate\n|\n|upkeep\n|turn|12\n|\n|t:|1700334684\n|move|p2a: Cresselia|Calm Mind|p2a: Cresselia\n|-boost|p2a: Cresselia|spa|1\n|-boost|p2a: Cresselia|spd|1\n|move|p1a: Mudsdale|Stealth Rock|p2a: Cresselia\n|-sidestart|p2: Danclarocc|move: Stealth Rock\n|\n|upkeep\n|turn|13\n|\n|t:|1700334695\n|switch|p1a: Vivillon|Vivillon, M|100\/100\n|move|p2a: Cresselia|Calm Mind|p2a: Cresselia\n|-boost|p2a: Cresselia|spa|1\n|-boost|p2a: Cresselia|spd|1\n|\n|upkeep\n|turn|14\n|\n|t:|1700334703\n|move|p1a: Vivillon|Sleep Powder|p2a: Cresselia\n|-status|p2a: Cresselia|slp|[from] move: Sleep Powder\n|cant|p2a: Cresselia|slp\n|\n|upkeep\n|turn|15\n|\n|t:|1700334709\n|move|p1a: Vivillon|Quiver Dance|p1a: Vivillon\n|-boost|p1a: Vivillon|spa|1\n|-boost|p1a: Vivillon|spd|1\n|-boost|p1a: Vivillon|spe|1\n|cant|p2a: Cresselia|slp\n|\n|upkeep\n|turn|16\n|\n|t:|1700334715\n|move|p1a: Vivillon|Quiver Dance|p1a: Vivillon\n|-boost|p1a: Vivillon|spa|1\n|-boost|p1a: Vivillon|spd|1\n|-boost|p1a: Vivillon|spe|1\n|cant|p2a: Cresselia|slp\n|\n|upkeep\n|turn|17\n|\n|t:|1700334722\n|move|p1a: Vivillon|Quiver Dance|p1a: Vivillon\n|-boost|p1a: Vivillon|spa|1\n|-boost|p1a: Vivillon|spd|1\n|-boost|p1a: Vivillon|spe|1\n|-curestatus|p2a: Cresselia|slp|[msg]\n|move|p2a: Cresselia|Stored Power|p1a: Vivillon\n|-damage|p1a: Vivillon|60\/100\n|\n|upkeep\n|turn|18\n|c|\u2606Danclarocc|Cortate las manos perra de mierda\n|\n|t:|1700334733\n|move|p1a: Vivillon|Sleep Powder|p2a: Cresselia\n|-status|p2a: Cresselia|slp|[from] move: Sleep Powder\n|cant|p2a: Cresselia|slp\n|\n|upkeep\n|turn|19\n|\n|t:|1700334740\n|move|p1a: Vivillon|Quiver Dance|p1a: Vivillon\n|-boost|p1a: Vivillon|spa|1\n|-boost|p1a: Vivillon|spd|1\n|-boost|p1a: Vivillon|spe|1\n|-curestatus|p2a: Cresselia|slp|[msg]\n|move|p2a: Cresselia|Stored Power|p1a: Vivillon\n|-damage|p1a: Vivillon|23\/100\n|\n|upkeep\n|turn|20\n|\n|t:|1700334750\n|move|p1a: Vivillon|Sleep Powder|p2a: Cresselia\n|-status|p2a: Cresselia|slp|[from] move: Sleep Powder\n|cant|p2a: Cresselia|slp\n|\n|upkeep\n|turn|21\n|\n|t:|1700334756\n|move|p1a: Vivillon|Hurricane|p2a: Cresselia\n|-damage|p2a: Cresselia|53\/100 slp\n|-start|p2a: Cresselia|confusion\n|-curestatus|p2a: Cresselia|slp|[msg]\n|-activate|p2a: Cresselia|confusion\n|-damage|p2a: Cresselia|50\/100|[from] confusion\n|\n|-heal|p2a: Cresselia|56\/100|[from] item: Leftovers\n|upkeep\n|turn|22\n|\n|t:|1700334767\n|move|p1a: Vivillon|Sleep Powder|p2a: Cresselia\n|-status|p2a: Cresselia|slp|[from] move: Sleep Powder\n|cant|p2a: Cresselia|slp\n|\n|-heal|p2a: Cresselia|62\/100 slp|[from] item: Leftovers\n|upkeep\n|turn|23\n|\n|t:|1700334775\n|move|p1a: Vivillon|Hurricane|p2a: Cresselia\n|-crit|p2a: Cresselia\n|-damage|p2a: Cresselia|0 fnt\n|faint|p2a: Cresselia\n|\n|upkeep\n|\n|t:|1700334781\n|switch|p2a: Kilowattrel|Kilowattrel, M|100\/100\n|turn|24\n|\n|t:|1700334784\n|move|p1a: Vivillon|Sleep Powder|p2a: Kilowattrel\n|-status|p2a: Kilowattrel|slp|[from] move: Sleep Powder\n|cant|p2a: Kilowattrel|slp\n|\n|upkeep\n|turn|25\n|\n|t:|1700334790\n|move|p1a: Vivillon|Hurricane|p2a: Kilowattrel\n|-resisted|p2a: Kilowattrel\n|-damage|p2a: Kilowattrel|0 fnt\n|faint|p2a: Kilowattrel\n|\n|upkeep\n|\n|t:|1700334796\n|switch|p2a: Toxapex|Toxapex, F|89\/100\n|-damage|p2a: Toxapex|76\/100|[from] Stealth Rock\n|turn|26\n|\n|t:|1700334801\n|move|p2a: Toxapex|Baneful Bunker|p2a: Toxapex\n|-singleturn|p2a: Toxapex|move: Protect\n|move|p1a: Vivillon|Sleep Powder|p2a: Toxapex\n|-activate|p2a: Toxapex|move: Protect\n|\n|-heal|p2a: Toxapex|83\/100|[from] item: Leftovers\n|upkeep\n|turn|27\n|inactive|Danclarocc has 120 seconds left.\n|c|\u2606Danclarocc|Me voy a demorar todo el tiempo del mundo en jugar cortate las manos pedazo de maraca perra inutil\n|n|\u203dDanclarocc|danclarocc\n|c|&|\/log Danclarocc was locked from talking by Artemis. (\u2606Danclarocc: Me voy a demorar todo el tiempo del mundo en jugar cortate las manos pedazo de maraca perra inutil)\n|c|&|\/raw <small>This action was done automatically. Want to learn more about the AI? <a href=\"https:\/\/www.smogon.com\/forums\/threads\/3570628\/#post-9056769\">Visit the information thread<\/a>.<\/small>\n|\n|t:|1700334857\n|switch|p2a: Corviknight|Corviknight, M, shiny|72\/100 brn\n|-damage|p2a: Corviknight|59\/100 brn|[from] Stealth Rock\n|move|p1a: Vivillon|Sleep Powder||[still]\n|-fail|p1a: Vivillon\n|\n|-damage|p2a: Corviknight|53\/100 brn|[from] brn\n|upkeep\n|turn|28\n|\n|t:|1700334867\n|move|p1a: Vivillon|Hurricane|p2a: Corviknight\n|-resisted|p2a: Corviknight\n|-damage|p2a: Corviknight|9\/100 brn\n|move|p2a: Corviknight|Body Press|p1a: Vivillon\n|-resisted|p1a: Vivillon\n|-damage|p1a: Vivillon|18\/100\n|\n|-damage|p2a: Corviknight|3\/100 brn|[from] brn\n|upkeep\n|turn|29\n|\n|t:|1700334877\n|move|p1a: Vivillon|Hurricane|p2a: Corviknight\n|-resisted|p2a: Corviknight\n|-damage|p2a: Corviknight|0 fnt\n|faint|p2a: Corviknight\n|\n|upkeep\n|\n|t:|1700334883\n|switch|p2a: Skeledirge|Skeledirge, M|100\/100\n|-damage|p2a: Skeledirge|75\/100|[from] Stealth Rock\n|turn|30\n|\n|t:|1700334892\n|move|p1a: Vivillon|Hurricane|p2a: Skeledirge\n|-damage|p2a: Skeledirge|27\/100\n|move|p2a: Skeledirge|Shadow Ball|p1a: Vivillon\n|-damage|p1a: Vivillon|0 fnt\n|faint|p1a: Vivillon\n|\n|-heal|p2a: Skeledirge|33\/100|[from] item: Leftovers\n|upkeep\n|\n|t:|1700334902\n|switch|p1a: Rotom|Rotom-Wash|91\/100\n|turn|31\n|inactive|Danclarocc has 120 seconds left.\n|\n|t:|1700334921\n|switch|p2a: Toxapex|Toxapex, F|100\/100\n|-damage|p2a: Toxapex|88\/100|[from] Stealth Rock\n|move|p1a: Rotom|Hydro Pump|p2a: Toxapex\n|-resisted|p2a: Toxapex\n|-damage|p2a: Toxapex|69\/100\n|-damage|p1a: Rotom|81\/100|[from] item: Life Orb\n|\n|-heal|p2a: Toxapex|75\/100|[from] item: Leftovers\n|upkeep\n|turn|32\n|\n|t:|1700334940\n|move|p1a: Rotom|Thunderbolt|p2a: Toxapex\n|-supereffective|p2a: Toxapex\n|-damage|p2a: Toxapex|8\/100\n|-damage|p1a: Rotom|71\/100|[from] item: Life Orb\n|move|p2a: Toxapex|Toxic|p1a: Rotom\n|-status|p1a: Rotom|tox\n|\n|-heal|p2a: Toxapex|15\/100|[from] item: Leftovers\n|-damage|p1a: Rotom|64\/100 tox|[from] psn\n|upkeep\n|turn|33\n|\n|t:|1700334954\n|switch|p2a: Ursaluna|Ursaluna, M, shiny|100\/100\n|-damage|p2a: Ursaluna|94\/100|[from] Stealth Rock\n|move|p1a: Rotom|Thunderbolt|p2a: Ursaluna\n|-immune|p2a: Ursaluna\n|\n|-damage|p1a: Rotom|52\/100 tox|[from] psn\n|-status|p2a: Ursaluna|brn|[from] item: Flame Orb\n|upkeep\n|turn|34\n|\n|t:|1700334978\n|-terastallize|p2a: Ursaluna|Normal\n|move|p1a: Rotom|Hydro Pump|p2a: Ursaluna\n|-damage|p2a: Ursaluna|47\/100 brn\n|-damage|p1a: Rotom|42\/100 tox|[from] item: Life Orb\n|move|p2a: Ursaluna|Facade|p1a: Rotom\n|-damage|p1a: Rotom|0 fnt\n|faint|p1a: Rotom\n|\n|-damage|p2a: Ursaluna|41\/100 brn|[from] brn\n|upkeep\n|\n|t:|1700334995\n|switch|p1a: Mudsdale|Mudsdale, M|100\/100\n|turn|35\n|inactive|rtrich01 has 120 seconds left.\n|\n|t:|1700335011\n|-terastallize|p1a: Mudsdale|Fighting\n|move|p2a: Ursaluna|Drain Punch|p1a: Mudsdale\n|-damage|p1a: Mudsdale|69\/100\n|-heal|p2a: Ursaluna|53\/100 brn|[from] drain|[of] p1a: Mudsdale\n|-damage|p2a: Ursaluna|36\/100 brn|[from] item: Rocky Helmet|[of] p1a: Mudsdale\n|-ability|p1a: Mudsdale|Stamina|boost\n|-boost|p1a: Mudsdale|def|1\n|move|p1a: Mudsdale|Body Press|p2a: Ursaluna\n|-supereffective|p2a: Ursaluna\n|-damage|p2a: Ursaluna|0 fnt\n|faint|p2a: Ursaluna\n|\n|upkeep\n|\n|t:|1700335031\n|switch|p2a: Skeledirge|Skeledirge, M|33\/100\n|-damage|p2a: Skeledirge|8\/100|[from] Stealth Rock\n|turn|36\n|\n|t:|1700335035\n|move|p2a: Skeledirge|Will-O-Wisp|p1a: Mudsdale\n|-status|p1a: Mudsdale|brn\n|move|p1a: Mudsdale|Earthquake|p2a: Skeledirge\n|-supereffective|p2a: Skeledirge\n|-damage|p2a: Skeledirge|0 fnt\n|faint|p2a: Skeledirge\n|\n|-damage|p1a: Mudsdale|63\/100 brn|[from] brn\n|upkeep\n|\n|t:|1700335055\n|switch|p2a: Toxapex|Toxapex, F|48\/100\n|-damage|p2a: Toxapex|35\/100|[from] Stealth Rock\n|turn|37\n|\n|t:|1700335060\n|move|p2a: Toxapex|Baneful Bunker|p2a: Toxapex\n|-singleturn|p2a: Toxapex|move: Protect\n|move|p1a: Mudsdale|Body Press|p2a: Toxapex\n|-activate|p2a: Toxapex|move: Protect\n|\n|-heal|p2a: Toxapex|42\/100|[from] item: Leftovers\n|-damage|p1a: Mudsdale|57\/100 brn|[from] brn\n|upkeep\n|turn|38\n|\n|t:|1700335077\n|move|p1a: Mudsdale|Body Press|p2a: Toxapex\n|-resisted|p2a: Toxapex\n|-damage|p2a: Toxapex|31\/100\n|move|p2a: Toxapex|Surf|p1a: Mudsdale\n|-damage|p1a: Mudsdale|35\/100 brn\n|-ability|p1a: Mudsdale|Stamina|boost\n|-boost|p1a: Mudsdale|def|1\n|\n|-heal|p2a: Toxapex|37\/100|[from] item: Leftovers\n|-damage|p1a: Mudsdale|29\/100 brn|[from] brn\n|upkeep\n|turn|39\n|\n|t:|1700335089\n|move|p1a: Mudsdale|Body Press|p2a: Toxapex\n|-resisted|p2a: Toxapex\n|-damage|p2a: Toxapex|25\/100\n|move|p2a: Toxapex|Surf|p1a: Mudsdale\n|-crit|p1a: Mudsdale\n|-damage|p1a: Mudsdale|0 fnt\n|faint|p1a: Mudsdale\n|\n|-heal|p2a: Toxapex|31\/100|[from] item: Leftovers\n|upkeep\n|\n|t:|1700335105\n|switch|p1a: Arbok|Arbok, M|100\/100\n|-ability|p1a: Arbok|Intimidate|boost\n|-unboost|p2a: Toxapex|atk|1\n|turn|40\n|\n|t:|1700335111\n|move|p2a: Toxapex|Baneful Bunker|p2a: Toxapex\n|-singleturn|p2a: Toxapex|move: Protect\n|move|p1a: Arbok|Coil|p1a: Arbok\n|-boost|p1a: Arbok|atk|1\n|-boost|p1a: Arbok|def|1\n|-boost|p1a: Arbok|accuracy|1\n|\n|-heal|p2a: Toxapex|37\/100|[from] item: Leftovers\n|upkeep\n|turn|41\n|inactive|Danclarocc has 120 seconds left.\n|-message|Danclarocc forfeited.\n|\n|win|rtrich01\n|raw|rtrich01's rating: 1106 &rarr; <strong>1130<\/strong><br \/>(+24 for winning)\n|raw|Danclarocc's rating: 1090 &rarr; <strong>1068<\/strong><br \/>(-22 for losing)\n","uploadtime":1700334731,"views":7,"p1id":"rtrich01","p2id":"danclarocc","formatid":"gen9ou","rating":1068,"private":0,"password":""}