{"id":"gen9ou-1997569166","p1":"R3x the woat","p2":"StinkyBinky609","format":"[Gen 9] OU","log":"|j|\u2606R3x the woat\n|j|\u2606StinkyBinky609\n|t:|1700826888\n|gametype|singles\n|player|p1|R3x the woat|palmer|1364\n|player|p2|StinkyBinky609|drayden|1347\n|teamsize|p1|6\n|teamsize|p2|6\n|gen|9\n|tier|[Gen 9] OU\n|rated|\n|rule|Sleep Clause Mod: Limit one foe put to sleep\n|rule|Species Clause: Limit one of each Pok\u00e9mon\n|rule|OHKO Clause: OHKO moves are banned\n|rule|Evasion Items Clause: Evasion items are banned\n|rule|Evasion Moves Clause: Evasion moves are banned\n|rule|Endless Battle Clause: Forcing endless battles is banned\n|rule|HP Percentage Mod: HP is shown in percentages\n|clearpoke\n|poke|p1|Avalugg, M|\n|poke|p1|Slowking-Galar, M|\n|poke|p1|Heatran, F|\n|poke|p1|Dragapult, F|\n|poke|p1|Ting-Lu|\n|poke|p1|Enamorus, F|\n|poke|p2|Great Tusk|\n|poke|p2|Chandelure, M|\n|poke|p2|Kilowattrel, M|\n|poke|p2|Iron Valiant|\n|poke|p2|Piloswine, M|\n|poke|p2|Ogerpon, F|\n|teampreview\n|\n|t:|1700826901\n|start\n|switch|p1a: Ting-Lu|Ting-Lu|100\/100\n|switch|p2a: Ogerpon-Shitspring|Ogerpon, F|100\/100\n|-ability|p1a: Ting-Lu|Vessel of Ruin\n|turn|1\n|c|\u2606StinkyBinky609|Bruh wtf is this counterteam bullshit\n|\n|t:|1700826913\n|move|p2a: Ogerpon-Shitspring|Superpower|p1a: Ting-Lu\n|-supereffective|p1a: Ting-Lu\n|-damage|p1a: Ting-Lu|50\/100\n|-unboost|p2a: Ogerpon-Shitspring|atk|1\n|-unboost|p2a: Ogerpon-Shitspring|def|1\n|move|p1a: Ting-Lu|Whirlwind|p2a: Ogerpon-Shitspring\n|drag|p2a: Small Tusk|Piloswine, M|100\/100\n|\n|-heal|p1a: Ting-Lu|57\/100|[from] item: Leftovers\n|upkeep\n|turn|2\n|\n|t:|1700826918\n|move|p2a: Small Tusk|Icicle Crash|p1a: Ting-Lu\n|-supereffective|p1a: Ting-Lu\n|-damage|p1a: Ting-Lu|26\/100\n|move|p1a: Ting-Lu|Spikes|p2a: Small Tusk\n|-sidestart|p2: StinkyBinky609|Spikes\n|\n|-heal|p1a: Ting-Lu|32\/100|[from] item: Leftovers\n|upkeep\n|turn|3\n|\n|t:|1700826927\n|switch|p1a: Avalugg|Avalugg, M|100\/100\n|move|p2a: Small Tusk|Earthquake|p1a: Avalugg\n|-damage|p1a: Avalugg|80\/100\n|\n|upkeep\n|turn|4\n|\n|t:|1700826932\n|switch|p2a: Elon Musk|Great Tusk|100\/100\n|-damage|p2a: Elon Musk|88\/100|[from] Spikes\n|move|p1a: Avalugg|Body Press|p2a: Elon Musk\n|-damage|p2a: Elon Musk|61\/100\n|\n|upkeep\n|turn|5\n|c|\u2606R3x the woat|That is a small tusk\n|\n|t:|1700826938\n|move|p2a: Elon Musk|Close Combat|p1a: Avalugg\n|-supereffective|p1a: Avalugg\n|-damage|p1a: Avalugg|25\/100\n|-unboost|p2a: Elon Musk|def|1\n|-unboost|p2a: Elon Musk|spd|1\n|move|p1a: Avalugg|Ice Spinner|p2a: Elon Musk\n|-supereffective|p2a: Elon Musk\n|-crit|p2a: Elon Musk\n|-damage|p2a: Elon Musk|0 fnt\n|faint|p2a: Elon Musk\n|-end|p2a: Elon Musk|Protosynthesis|[silent]\n|\n|upkeep\n|c|\u2606StinkyBinky609|Fr\n|c|\u2606StinkyBinky609|Hes average\n|\n|t:|1700826947\n|switch|p2a: Trash|Iron Valiant|100\/100\n|-damage|p2a: Trash|88\/100|[from] Spikes\n|turn|6\n|c|\u2606StinkyBinky609|Now i gotta live with this spike up\n|\n|t:|1700826956\n|switch|p1a: Slowking|Slowking-Galar, M|100\/100\n|move|p2a: Trash|Moonblast|p1a: Slowking\n|-resisted|p1a: Slowking\n|-damage|p1a: Slowking|90\/100\n|-unboost|p1a: Slowking|spa|1\n|\n|upkeep\n|turn|7\n|\n|t:|1700826960\n|move|p2a: Trash|Taunt|p1a: Slowking\n|-start|p1a: Slowking|move: Taunt\n|move|p1a: Slowking|Future Sight|p2a: Trash\n|-start|p1a: Slowking|move: Future Sight\n|\n|upkeep\n|turn|8\n|\n|t:|1700826963\n|-end|p2a: Trash|Quark Drive|[silent]\n|switch|p2a: Chandy|Chandelure, M|100\/100\n|-damage|p2a: Chandy|88\/100|[from] Spikes\n|move|p1a: Slowking|Sludge Bomb|p2a: Chandy\n|-resisted|p2a: Chandy\n|-damage|p2a: Chandy|72\/100\n|\n|upkeep\n|turn|9\n|\n|t:|1700826969\n|move|p2a: Chandy|Overheat|p1a: Slowking\n|-damage|p1a: Slowking|19\/100\n|-unboost|p2a: Chandy|spa|2\n|move|p1a: Slowking|Sludge Bomb|p2a: Chandy\n|-resisted|p2a: Chandy\n|-damage|p2a: Chandy|57\/100\n|\n|-end|p2a: Chandy|move: Future Sight\n|-damage|p2a: Chandy|14\/100\n|-end|p1a: Slowking|move: Taunt\n|upkeep\n|turn|10\n|c|\u2606StinkyBinky609|U crazy\n|\n|t:|1700826979\n|switch|p2a: Small Tusk|Piloswine, M|100\/100\n|-damage|p2a: Small Tusk|88\/100|[from] Spikes\n|switch|p1a: Heatran|Heatran, F|100\/100\n|\n|upkeep\n|turn|11\n|\n|t:|1700826982\n|move|p1a: Heatran|Magma Storm|p2a: Small Tusk\n|-supereffective|p2a: Small Tusk\n|-damage|p2a: Small Tusk|48\/100\n|-activate|p2a: Small Tusk|move: Magma Storm|[of] p1a: Heatran\n|move|p2a: Small Tusk|Earthquake|p1a: Heatran\n|-supereffective|p1a: Heatran\n|-damage|p1a: Heatran|0 fnt\n|faint|p1a: Heatran\n|\n|-end|p2a: Small Tusk|Magma Storm|[partiallytrapped]|[silent]\n|upkeep\n|\n|t:|1700826988\n|switch|p1a: Avalugg|Avalugg, M|25\/100\n|turn|12\n|\n|t:|1700826991\n|switch|p2a: Chandy|Chandelure, M|14\/100\n|-damage|p2a: Chandy|2\/100|[from] Spikes\n|move|p1a: Avalugg|Recover|p1a: Avalugg\n|-heal|p1a: Avalugg|75\/100\n|\n|upkeep\n|turn|13\n|\n|t:|1700826996\n|switch|p1a: Slowking|Slowking-Galar, M|52\/100\n|move|p2a: Chandy|Overheat|p1a: Slowking\n|-damage|p1a: Slowking|0 fnt\n|-unboost|p2a: Chandy|spa|2\n|faint|p1a: Slowking\n|\n|upkeep\n|\n|t:|1700827000\n|switch|p1a: Dragapult|Dragapult, F, shiny|100\/100\n|turn|14\n|c|\u2606StinkyBinky609|Fair\n|\n|t:|1700827003\n|move|p1a: Dragapult|Dragon Dance|p1a: Dragapult\n|-boost|p1a: Dragapult|atk|1\n|-boost|p1a: Dragapult|spe|1\n|move|p2a: Chandy|Overheat|p1a: Dragapult\n|-resisted|p1a: Dragapult\n|-damage|p1a: Dragapult|62\/100\n|-unboost|p2a: Chandy|spa|2\n|\n|-heal|p1a: Dragapult|68\/100|[from] item: Leftovers\n|upkeep\n|turn|15\n|\n|t:|1700827006\n|move|p1a: Dragapult|Dragon Dance|p1a: Dragapult\n|-boost|p1a: Dragapult|atk|1\n|-boost|p1a: Dragapult|spe|1\n|move|p2a: Chandy|Overheat|p1a: Dragapult\n|-resisted|p1a: Dragapult\n|-damage|p1a: Dragapult|42\/100\n|-unboost|p2a: Chandy|spa|2\n|\n|-heal|p1a: Dragapult|48\/100|[from] item: Leftovers\n|upkeep\n|turn|16\n|\n|t:|1700827009\n|move|p1a: Dragapult|Dragon Darts|p2a: Chandy\n|-damage|p2a: Chandy|0 fnt\n|faint|p2a: Chandy\n|\n|-heal|p1a: Dragapult|53\/100|[from] item: Leftovers\n|upkeep\n|\n|t:|1700827022\n|switch|p2a: Small Tusk|Piloswine, M|48\/100\n|-damage|p2a: Small Tusk|36\/100|[from] Spikes\n|turn|17\n|\n|t:|1700827026\n|move|p2a: Small Tusk|Ice Shard|p1a: Dragapult\n|-supereffective|p1a: Dragapult\n|-damage|p1a: Dragapult|0 fnt\n|faint|p1a: Dragapult\n|\n|upkeep\n|\n|t:|1700827032\n|switch|p1a: Avalugg|Avalugg, M|75\/100\n|turn|18\n|c|\u2606StinkyBinky609|Small task doin a number on u bro\n|\n|t:|1700827041\n|switch|p2a: Gigachaddrel|Kilowattrel, M|100\/100\n|move|p1a: Avalugg|Heavy Slam|p2a: Gigachaddrel\n|-resisted|p2a: Gigachaddrel\n|-damage|p2a: Gigachaddrel|73\/100\n|\n|upkeep\n|turn|19\n|\n|t:|1700827046\n|move|p2a: Gigachaddrel|Volt Switch|p1a: Avalugg\n|-damage|p1a: Avalugg|21\/100\n|\n|t:|1700827050\n|switch|p2a: Trash|Iron Valiant|88\/100|[from] Volt Switch\n|-damage|p2a: Trash|76\/100|[from] Spikes\n|move|p1a: Avalugg|Ice Spinner|p2a: Trash\n|-damage|p2a: Trash|42\/100\n|\n|upkeep\n|turn|20\n|\n|t:|1700827058\n|move|p2a: Trash|Moonblast|p1a: Avalugg\n|-damage|p1a: Avalugg|0 fnt\n|faint|p1a: Avalugg\n|\n|upkeep\n|\n|t:|1700827060\n|switch|p1a: Enamorus|Enamorus, F|100\/100\n|turn|21\n|\n|t:|1700827064\n|move|p2a: Trash|Moonblast|p1a: Enamorus\n|-damage|p1a: Enamorus|47\/100\n|move|p1a: Enamorus|Moonblast|p2a: Trash\n|-supereffective|p2a: Trash\n|-damage|p2a: Trash|0 fnt\n|faint|p2a: Trash\n|-end|p2a: Trash|Quark Drive|[silent]\n|\n|upkeep\n|\n|t:|1700827068\n|switch|p2a: Small Tusk|Piloswine, M|36\/100\n|-damage|p2a: Small Tusk|23\/100|[from] Spikes\n|turn|22\n|\n|t:|1700827070\n|move|p2a: Small Tusk|Ice Shard|p1a: Enamorus\n|-supereffective|p1a: Enamorus\n|-damage|p1a: Enamorus|0 fnt\n|faint|p1a: Enamorus\n|\n|upkeep\n|\n|t:|1700827072\n|switch|p1a: Ting-Lu|Ting-Lu|32\/100\n|-ability|p1a: Ting-Lu|Vessel of Ruin\n|turn|23\n|-message|R3x the woat forfeited.\n|\n|win|StinkyBinky609\n|raw|R3x the woat's rating: 1364 &rarr; <strong>1343<\/strong><br \/>(-21 for losing)\n|raw|StinkyBinky609's rating: 1347 &rarr; <strong>1368<\/strong><br \/>(+21 for winning)\n|l|\u2606R3x the woat\n","uploadtime":1700827078,"views":11,"p1id":"r3xthewoat","p2id":"stinkybinky609","formatid":"gen9ou","rating":1343,"private":0,"password":""}