{"id":"gen9ou-1995097090","p1":"Ouvt frfr","p2":"Quamnckkk","format":"[Gen 9] OU","log":"|j|\u2606Ouvt frfr\n|j|\u2606Quamnckkk\n|t:|1700522197\n|gametype|singles\n|player|p1|Ouvt frfr|dawn|1719\n|player|p2|Quamnckkk|yellow|1839\n|teamsize|p1|6\n|teamsize|p2|6\n|gen|9\n|tier|[Gen 9] OU\n|rated|\n|rule|Sleep Clause Mod: Limit one foe put to sleep\n|rule|Species Clause: Limit one of each Pok\u00e9mon\n|rule|OHKO Clause: OHKO moves are banned\n|rule|Evasion Items Clause: Evasion items are banned\n|rule|Evasion Moves Clause: Evasion moves are banned\n|rule|Endless Battle Clause: Forcing endless battles is banned\n|rule|HP Percentage Mod: HP is shown in percentages\n|clearpoke\n|poke|p1|Landorus-Therian, M|\n|poke|p1|Clodsire, M|\n|poke|p1|Inteleon, M|\n|poke|p1|Heatran, F|\n|poke|p1|Corviknight, M|\n|poke|p1|Great Tusk|\n|poke|p2|Weavile, M|\n|poke|p2|Weezing-Galar, F|\n|poke|p2|Alomomola, F|\n|poke|p2|Ting-Lu|\n|poke|p2|Corviknight, M|\n|poke|p2|Dondozo, F|\n|teampreview\n|inactive|Battle timer is ON: inactive players will automatically lose when time's up. (requested by Quamnckkk)\n|\n|t:|1700522217\n|start\n|switch|p1a: Inteleon|Inteleon, M|100\/100\n|switch|p2a: Alomomola|Alomomola, F|100\/100\n|turn|1\n|\n|t:|1700522224\n|-terastallize|p1a: Inteleon|Water\n|move|p1a: Inteleon|Snipe Shot|p2a: Alomomola\n|-resisted|p2a: Alomomola\n|-damage|p2a: Alomomola|77\/100\n|move|p2a: Alomomola|Flip Turn|p1a: Inteleon\n|-resisted|p1a: Inteleon\n|-damage|p1a: Inteleon|87\/100\n|j| EchoFlex\n|\n|t:|1700522235\n|switch|p2a: Dondozo|Dondozo, F|100\/100|[from] Flip Turn\n|\n|upkeep\n|turn|2\n|\n|t:|1700522238\n|switch|p2a: Alomomola|Alomomola, F|100\/100\n|move|p1a: Inteleon|U-turn|p2a: Alomomola\n|-damage|p2a: Alomomola|93\/100\n|\n|t:|1700522244\n|switch|p1a: Clodsire|Clodsire, M|100\/100|[from] U-turn\n|\n|-heal|p2a: Alomomola|99\/100|[from] item: Leftovers\n|upkeep\n|turn|3\n|\n|t:|1700522249\n|switch|p2a: Corviknight|Corviknight, M|100\/100\n|-ability|p2a: Corviknight|Pressure\n|move|p1a: Clodsire|Spikes|p2a: Corviknight\n|-sidestart|p2: Quamnckkk|Spikes\n|\n|upkeep\n|turn|4\n|\n|t:|1700522254\n|switch|p1a: Heatran|Heatran, F|100\/100\n|move|p2a: Corviknight|Defog|p1a: Heatran\n|-unboost|p1a: Heatran|evasion|1\n|-sideend|p2: Quamnckkk|Spikes|[from] move: Defog|[of] p2a: Corviknight\n|\n|upkeep\n|turn|5\n|\n|t:|1700522259\n|switch|p2a: Alomomola|Alomomola, F|100\/100\n|move|p1a: Heatran|Will-O-Wisp|p2a: Alomomola\n|-status|p2a: Alomomola|brn\n|\n|-damage|p2a: Alomomola|94\/100 brn|[from] brn\n|upkeep\n|turn|6\n|\n|t:|1700522270\n|switch|p2a: Ting-Lu|Ting-Lu|100\/100\n|-ability|p2a: Ting-Lu|Vessel of Ruin\n|move|p1a: Heatran|Magma Storm|p2a: Ting-Lu\n|-damage|p2a: Ting-Lu|82\/100\n|-activate|p2a: Ting-Lu|move: Magma Storm|[of] p1a: Heatran\n|\n|-heal|p2a: Ting-Lu|88\/100|[from] item: Leftovers\n|-damage|p2a: Ting-Lu|76\/100|[from] move: Magma Storm|[partiallytrapped]\n|upkeep\n|turn|7\n|\n|t:|1700522277\n|move|p1a: Heatran|Will-O-Wisp|p2a: Ting-Lu\n|-status|p2a: Ting-Lu|brn\n|move|p2a: Ting-Lu|Earthquake|p1a: Heatran\n|-supereffective|p1a: Heatran\n|-damage|p1a: Heatran|33\/100\n|\n|-heal|p1a: Heatran|39\/100|[from] item: Leftovers\n|-heal|p2a: Ting-Lu|82\/100 brn|[from] item: Leftovers\n|-damage|p2a: Ting-Lu|76\/100 brn|[from] brn\n|-damage|p2a: Ting-Lu|63\/100 brn|[from] move: Magma Storm|[partiallytrapped]\n|upkeep\n|turn|8\n|\n|t:|1700522284\n|switch|p1a: Landorus|Landorus-Therian, M|100\/100\n|-ability|p1a: Landorus|Intimidate|boost\n|-unboost|p2a: Ting-Lu|atk|1\n|move|p2a: Ting-Lu|Earthquake|p1a: Landorus\n|-immune|p1a: Landorus\n|\n|-heal|p2a: Ting-Lu|69\/100 brn|[from] item: Leftovers\n|-damage|p2a: Ting-Lu|63\/100 brn|[from] brn\n|-end|p2a: Ting-Lu|Magma Storm|[partiallytrapped]|[silent]\n|upkeep\n|turn|9\n|\n|t:|1700522287\n|switch|p2a: Corviknight|Corviknight, M|100\/100\n|-ability|p2a: Corviknight|Pressure\n|move|p1a: Landorus|Stealth Rock|p2a: Corviknight\n|-sidestart|p2: Quamnckkk|move: Stealth Rock\n|\n|upkeep\n|turn|10\n|\n|t:|1700522293\n|switch|p1a: Heatran|Heatran, F|39\/100\n|move|p2a: Corviknight|Defog|p1a: Heatran\n|-unboost|p1a: Heatran|evasion|1\n|-sideend|p2: Quamnckkk|Stealth Rock|[from] move: Defog|[of] p2a: Corviknight\n|\n|-heal|p1a: Heatran|45\/100|[from] item: Leftovers\n|upkeep\n|turn|11\n|\n|t:|1700522298\n|switch|p2a: Dondozo|Dondozo, F|100\/100\n|move|p1a: Heatran|Magma Storm|p2a: Dondozo\n|-resisted|p2a: Dondozo\n|-damage|p2a: Dondozo|88\/100\n|-activate|p2a: Dondozo|move: Magma Storm|[of] p1a: Heatran\n|\n|-heal|p1a: Heatran|51\/100|[from] item: Leftovers\n|-damage|p2a: Dondozo|75\/100|[from] move: Magma Storm|[partiallytrapped]\n|upkeep\n|turn|12\n|\n|t:|1700522305\n|switch|p1a: Clodsire|Clodsire, M|100\/100\n|move|p2a: Dondozo|Earthquake|p1a: Clodsire\n|-supereffective|p1a: Clodsire\n|-damage|p1a: Clodsire|47\/100\n|\n|-heal|p1a: Clodsire|53\/100|[from] item: Leftovers\n|-end|p2a: Dondozo|Magma Storm|[partiallytrapped]|[silent]\n|upkeep\n|turn|13\n|\n|t:|1700522308\n|move|p2a: Dondozo|Earthquake|p1a: Clodsire\n|-supereffective|p1a: Clodsire\n|-damage|p1a: Clodsire|1\/100\n|move|p1a: Clodsire|Recover|p1a: Clodsire\n|-heal|p1a: Clodsire|51\/100\n|\n|-heal|p1a: Clodsire|57\/100|[from] item: Leftovers\n|upkeep\n|turn|14\n|\n|t:|1700522311\n|switch|p1a: Corviknight|Corviknight, M|100\/100\n|-ability|p1a: Corviknight|Pressure\n|move|p2a: Dondozo|Earthquake|p1a: Corviknight\n|-immune|p1a: Corviknight\n|\n|upkeep\n|turn|15\n|\n|t:|1700522319\n|switch|p1a: Clodsire|Clodsire, M|57\/100\n|switch|p2a: Alomomola|Alomomola, F|100\/100 brn\n|\n|-heal|p1a: Clodsire|63\/100|[from] item: Leftovers\n|-damage|p2a: Alomomola|94\/100 brn|[from] brn\n|upkeep\n|turn|16\n|\n|t:|1700522327\n|move|p2a: Alomomola|Wish|p2a: Alomomola\n|move|p1a: Clodsire|Spikes|p2a: Alomomola\n|-sidestart|p2: Quamnckkk|Spikes\n|\n|-heal|p2a: Alomomola|100\/100 brn|[from] item: Leftovers\n|-heal|p1a: Clodsire|69\/100|[from] item: Leftovers\n|-damage|p2a: Alomomola|94\/100 brn|[from] brn\n|upkeep\n|turn|17\n|\n|t:|1700522338\n|switch|p2a: Dondozo|Dondozo, F|75\/100\n|-damage|p2a: Dondozo|63\/100|[from] Spikes\n|move|p1a: Clodsire|Spikes|p2a: Dondozo\n|-sidestart|p2: Quamnckkk|Spikes\n|\n|-heal|p2a: Dondozo|100\/100|[from] move: Wish|[wisher] Alomomola\n|-heal|p1a: Clodsire|75\/100|[from] item: Leftovers\n|upkeep\n|turn|18\n|\n|t:|1700522343\n|move|p2a: Dondozo|Curse|p2a: Dondozo\n|-unboost|p2a: Dondozo|spe|1\n|-boost|p2a: Dondozo|atk|1\n|-boost|p2a: Dondozo|def|1\n|move|p1a: Clodsire|Recover|p1a: Clodsire\n|-heal|p1a: Clodsire|100\/100\n|\n|upkeep\n|turn|19\n|\n|t:|1700522352\n|switch|p1a: Corviknight|Corviknight, M|100\/100\n|-ability|p1a: Corviknight|Pressure\n|move|p2a: Dondozo|Earthquake|p1a: Corviknight\n|-immune|p1a: Corviknight\n|\n|upkeep\n|turn|20\n|\n|t:|1700522364\n|switch|p1a: Clodsire|Clodsire, M|100\/100\n|move|p2a: Dondozo|Earthquake|p1a: Clodsire\n|-supereffective|p1a: Clodsire\n|-damage|p1a: Clodsire|28\/100\n|\n|-heal|p1a: Clodsire|34\/100|[from] item: Leftovers\n|upkeep\n|turn|21\n|\n|t:|1700522370\n|switch|p1a: Corviknight|Corviknight, M|100\/100\n|-ability|p1a: Corviknight|Pressure\n|move|p2a: Dondozo|Curse|p2a: Dondozo\n|-unboost|p2a: Dondozo|spe|1\n|-boost|p2a: Dondozo|atk|1\n|-boost|p2a: Dondozo|def|1\n|\n|upkeep\n|turn|22\n|\n|t:|1700522374\n|move|p1a: Corviknight|Bulk Up|p1a: Corviknight\n|-boost|p1a: Corviknight|atk|1\n|-boost|p1a: Corviknight|def|1\n|move|p2a: Dondozo|Avalanche|p1a: Corviknight\n|-damage|p1a: Corviknight|82\/100\n|-damage|p2a: Dondozo|84\/100|[from] item: Rocky Helmet|[of] p1a: Corviknight\n|\n|upkeep\n|turn|23\n|\n|t:|1700522378\n|move|p1a: Corviknight|Bulk Up|p1a: Corviknight\n|-boost|p1a: Corviknight|atk|1\n|-boost|p1a: Corviknight|def|1\n|move|p2a: Dondozo|Curse|p2a: Dondozo\n|-unboost|p2a: Dondozo|spe|1\n|-boost|p2a: Dondozo|atk|1\n|-boost|p2a: Dondozo|def|1\n|\n|upkeep\n|turn|24\n|\n|t:|1700522381\n|move|p1a: Corviknight|Bulk Up|p1a: Corviknight\n|-boost|p1a: Corviknight|atk|1\n|-boost|p1a: Corviknight|def|1\n|move|p2a: Dondozo|Curse|p2a: Dondozo\n|-unboost|p2a: Dondozo|spe|1\n|-boost|p2a: Dondozo|atk|1\n|-boost|p2a: Dondozo|def|1\n|\n|upkeep\n|turn|25\n|\n|t:|1700522383\n|move|p1a: Corviknight|Bulk Up|p1a: Corviknight\n|-boost|p1a: Corviknight|atk|1\n|-boost|p1a: Corviknight|def|1\n|move|p2a: Dondozo|Curse|p2a: Dondozo\n|-unboost|p2a: Dondozo|spe|1\n|-boost|p2a: Dondozo|atk|1\n|-boost|p2a: Dondozo|def|1\n|\n|upkeep\n|turn|26\n|\n|t:|1700522386\n|move|p1a: Corviknight|Bulk Up|p1a: Corviknight\n|-boost|p1a: Corviknight|atk|1\n|-boost|p1a: Corviknight|def|1\n|move|p2a: Dondozo|Curse|p2a: Dondozo\n|-unboost|p2a: Dondozo|spe|1\n|-boost|p2a: Dondozo|atk|1\n|-boost|p2a: Dondozo|def|1\n|\n|upkeep\n|turn|27\n|\n|t:|1700522388\n|move|p1a: Corviknight|Bulk Up|p1a: Corviknight\n|-boost|p1a: Corviknight|atk|1\n|-boost|p1a: Corviknight|def|1\n|move|p2a: Dondozo|Avalanche|p1a: Corviknight\n|-damage|p1a: Corviknight|47\/100\n|-damage|p2a: Dondozo|67\/100|[from] item: Rocky Helmet|[of] p1a: Corviknight\n|\n|upkeep\n|turn|28\n|\n|t:|1700522391\n|move|p1a: Corviknight|Roost|p1a: Corviknight\n|-heal|p1a: Corviknight|97\/100\n|-singleturn|p1a: Corviknight|move: Roost\n|move|p2a: Dondozo|Earthquake|p1a: Corviknight\n|-supereffective|p1a: Corviknight\n|-damage|p1a: Corviknight|0 fnt\n|faint|p1a: Corviknight\n|\n|upkeep\n|\n|t:|1700522395\n|switch|p1a: Landorus|Landorus-Therian, M|100\/100\n|-ability|p1a: Landorus|Intimidate|boost\n|-unboost|p2a: Dondozo|atk|1\n|turn|29\n|\n|t:|1700522397\n|move|p1a: Landorus|Grass Knot|p2a: Dondozo\n|-supereffective|p2a: Dondozo\n|-damage|p2a: Dondozo|35\/100\n|move|p2a: Dondozo|Avalanche|p1a: Landorus\n|-supereffective|p1a: Landorus\n|-damage|p1a: Landorus|0 fnt\n|faint|p1a: Landorus\n|\n|upkeep\n|\n|t:|1700522403\n|switch|p1a: Inteleon|Inteleon, M, tera:Water|87\/100\n|turn|30\n|\n|t:|1700522406\n|move|p1a: Inteleon|Snipe Shot|p2a: Dondozo\n|-resisted|p2a: Dondozo\n|-damage|p2a: Dondozo|16\/100\n|move|p2a: Dondozo|Rest|p2a: Dondozo\n|-status|p2a: Dondozo|slp|[from] move: Rest\n|-heal|p2a: Dondozo|100\/100 slp|[silent]\n|\n|upkeep\n|turn|31\n|\n|t:|1700522409\n|move|p1a: Inteleon|Snipe Shot|p2a: Dondozo\n|-resisted|p2a: Dondozo\n|-damage|p2a: Dondozo|83\/100 slp\n|cant|p2a: Dondozo|slp\n|\n|upkeep\n|turn|32\n|\n|t:|1700522412\n|move|p1a: Inteleon|Snipe Shot|p2a: Dondozo\n|-resisted|p2a: Dondozo\n|-crit|p2a: Dondozo\n|-damage|p2a: Dondozo|44\/100 slp\n|cant|p2a: Dondozo|slp\n|\n|upkeep\n|turn|33\n|\n|t:|1700522417\n|move|p1a: Inteleon|Snipe Shot|p2a: Dondozo\n|-resisted|p2a: Dondozo\n|-crit|p2a: Dondozo\n|-damage|p2a: Dondozo|3\/100 slp\n|-curestatus|p2a: Dondozo|slp|[msg]\n|move|p2a: Dondozo|Earthquake|p1a: Inteleon\n|-damage|p1a: Inteleon|0 fnt\n|faint|p1a: Inteleon\n|\n|upkeep\n|\n|t:|1700522420\n|switch|p1a: Great Tusk|Great Tusk|100\/100\n|-enditem|p1a: Great Tusk|Booster Energy\n|-activate|p1a: Great Tusk|ability: Protosynthesis|[fromitem]\n|-start|p1a: Great Tusk|protosynthesisspe\n|turn|34\n|\n|t:|1700522425\n|move|p1a: Great Tusk|Headlong Rush|p2a: Dondozo\n|-damage|p2a: Dondozo|0 fnt\n|-unboost|p1a: Great Tusk|def|1\n|-unboost|p1a: Great Tusk|spd|1\n|faint|p2a: Dondozo\n|\n|upkeep\n|\n|t:|1700522437\n|switch|p2a: Corviknight|Corviknight, M|100\/100\n|-ability|p2a: Corviknight|Pressure\n|turn|35\n|\n|t:|1700522441\n|move|p1a: Great Tusk|Bulk Up|p1a: Great Tusk\n|-boost|p1a: Great Tusk|atk|1\n|-boost|p1a: Great Tusk|def|1\n|move|p2a: Corviknight|Iron Defense|p2a: Corviknight\n|-boost|p2a: Corviknight|def|2\n|\n|upkeep\n|turn|36\n|j| ghnrfghnfbhn\n|\n|t:|1700522443\n|move|p1a: Great Tusk|Bulk Up|p1a: Great Tusk\n|-boost|p1a: Great Tusk|atk|1\n|-boost|p1a: Great Tusk|def|1\n|move|p2a: Corviknight|Body Press|p1a: Great Tusk\n|-damage|p1a: Great Tusk|78\/100\n|\n|upkeep\n|turn|37\n|\n|t:|1700522448\n|move|p1a: Great Tusk|Bulk Up|p1a: Great Tusk\n|-boost|p1a: Great Tusk|atk|1\n|-boost|p1a: Great Tusk|def|1\n|move|p2a: Corviknight|Body Press|p1a: Great Tusk\n|-damage|p1a: Great Tusk|63\/100\n|\n|upkeep\n|turn|38\n|\n|t:|1700522451\n|move|p1a: Great Tusk|Bulk Up|p1a: Great Tusk\n|-boost|p1a: Great Tusk|atk|1\n|-boost|p1a: Great Tusk|def|1\n|move|p2a: Corviknight|Iron Defense|p2a: Corviknight\n|-boost|p2a: Corviknight|def|2\n|\n|upkeep\n|turn|39\n|\n|t:|1700522454\n|move|p1a: Great Tusk|Bulk Up|p1a: Great Tusk\n|-boost|p1a: Great Tusk|atk|1\n|-boost|p1a: Great Tusk|def|1\n|move|p2a: Corviknight|Body Press|p1a: Great Tusk\n|-damage|p1a: Great Tusk|45\/100\n|\n|upkeep\n|turn|40\n|\n|t:|1700522459\n|move|p1a: Great Tusk|Bulk Up|p1a: Great Tusk\n|-boost|p1a: Great Tusk|atk|1\n|-boost|p1a: Great Tusk|def|1\n|move|p2a: Corviknight|Body Press|p1a: Great Tusk\n|-damage|p1a: Great Tusk|30\/100\n|\n|upkeep\n|turn|41\n|\n|t:|1700522463\n|move|p1a: Great Tusk|Ice Spinner|p2a: Corviknight\n|-damage|p2a: Corviknight|81\/100\n|-damage|p1a: Great Tusk|13\/100|[from] item: Rocky Helmet|[of] p2a: Corviknight\n|move|p2a: Corviknight|Iron Defense|p2a: Corviknight\n|-boost|p2a: Corviknight|def|2\n|\n|upkeep\n|turn|42\n|\n|t:|1700522467\n|move|p1a: Great Tusk|Ice Spinner|p2a: Corviknight\n|-damage|p2a: Corviknight|65\/100\n|-damage|p1a: Great Tusk|0 fnt|[from] item: Rocky Helmet|[of] p2a: Corviknight\n|faint|p1a: Great Tusk\n|-end|p1a: Great Tusk|Protosynthesis|[silent]\n|move|p2a: Corviknight|Body Press|p1: Great Tusk|[notarget]\n|-fail|p2a: Corviknight\n|\n|upkeep\n|\n|t:|1700522469\n|switch|p1a: Heatran|Heatran, F|51\/100\n|turn|43\n|\n|t:|1700522473\n|-terastallize|p2a: Corviknight|Dragon\n|move|p1a: Heatran|Magma Storm|p2a: Corviknight\n|-resisted|p2a: Corviknight\n|-damage|p2a: Corviknight|42\/100\n|-activate|p2a: Corviknight|move: Magma Storm|[of] p1a: Heatran\n|move|p2a: Corviknight|Body Press|p1a: Heatran\n|-supereffective|p1a: Heatran\n|-damage|p1a: Heatran|0 fnt\n|faint|p1a: Heatran\n|\n|-end|p2a: Corviknight|Magma Storm|[partiallytrapped]|[silent]\n|upkeep\n|-message|Ouvt frfr forfeited.\n|\n|win|Quamnckkk\n|raw|Ouvt frfr's rating: 1719 &rarr; <strong>1706<\/strong><br \/>(-13 for losing)\n|raw|Quamnckkk's rating: 1839 &rarr; <strong>1852<\/strong><br \/>(+13 for winning)\n|l|\u2606Quamnckkk\n|l| ghnrfghnfbhn\n|l|\u2606Ouvt frfr\n","uploadtime":1700522589,"views":8,"p1id":"ouvtfrfr","p2id":"quamnckkk","formatid":"gen9ou","rating":1706,"private":0,"password":""}