{"id":"gen9ou-1988813377","p1":"illbillium","p2":"tonyzs","format":"[Gen 9] OU","log":"|j|\u2606illbillium\n|j|\u2606tonyzs\n|t:|1699766941\n|gametype|singles\n|player|p1|illbillium|cynthia|1125\n|player|p2|tonyzs|caitlin|1086\n|teamsize|p1|6\n|teamsize|p2|6\n|gen|9\n|tier|[Gen 9] OU\n|rated|\n|rule|Sleep Clause Mod: Limit one foe put to sleep\n|rule|Species Clause: Limit one of each Pok\u00e9mon\n|rule|OHKO Clause: OHKO moves are banned\n|rule|Evasion Items Clause: Evasion items are banned\n|rule|Evasion Moves Clause: Evasion moves are banned\n|rule|Endless Battle Clause: Forcing endless battles is banned\n|rule|HP Percentage Mod: HP is shown in percentages\n|clearpoke\n|poke|p1|Rillaboom, M|\n|poke|p1|Ogerpon-Wellspring, F|\n|poke|p1|Sneasler, M|\n|poke|p1|Cinderace, M|\n|poke|p1|Garganacl, F|\n|poke|p1|Gliscor, F|\n|poke|p2|Pelipper, F|\n|poke|p2|Greninja-*, M|\n|poke|p2|Basculegion, M|\n|poke|p2|Zapdos|\n|poke|p2|Sandy Shocks|\n|poke|p2|Scizor, F|\n|teampreview\n|\n|t:|1699766948\n|start\n|switch|p1a: Gliscor|Gliscor, F, shiny|100\/100\n|switch|p2a: Pelipper|Pelipper, F|100\/100\n|-weather|RainDance|[from] ability: Drizzle|[of] p2a: Pelipper\n|turn|1\n|inactive|Battle timer is ON: inactive players will automatically lose when time's up. (requested by tonyzs)\n|\n|t:|1699766962\n|move|p1a: Gliscor|Toxic|p2a: Pelipper\n|-status|p2a: Pelipper|tox\n|move|p2a: Pelipper|Surf|p1a: Gliscor\n|-supereffective|p1a: Gliscor\n|-damage|p1a: Gliscor|0 fnt\n|faint|p1a: Gliscor\n|\n|-weather|RainDance|[upkeep]\n|-damage|p2a: Pelipper|95\/100 tox|[from] psn\n|upkeep\n|\n|t:|1699766974\n|switch|p1a: Ogerpon|Ogerpon-Wellspring, F|100\/100\n|turn|2\n|\n|t:|1699766985\n|move|p1a: Ogerpon|Horn Leech|p2a: Pelipper\n|-damage|p2a: Pelipper|48\/100 tox\n|move|p2a: Pelipper|U-turn|p1a: Ogerpon\n|-supereffective|p1a: Ogerpon\n|-damage|p1a: Ogerpon|77\/100\n|\n|t:|1699766993\n|switch|p2a: Zapdos|Zapdos|100\/100|[from] U-turn\n|\n|-weather|RainDance|[upkeep]\n|upkeep\n|turn|3\n|inactive|illbillium has 120 seconds left.\n|\n|t:|1699767025\n|switch|p1a: Garganacl|Garganacl, F, shiny|100\/100\n|move|p2a: Zapdos|Thunder|p1a: Garganacl\n|-damage|p1a: Garganacl|63\/100\n|\n|-weather|RainDance|[upkeep]\n|-heal|p1a: Garganacl|69\/100|[from] item: Leftovers\n|upkeep\n|turn|4\n|\n|t:|1699767036\n|move|p2a: Zapdos|Hurricane|p1a: Garganacl\n|-resisted|p1a: Garganacl\n|-damage|p1a: Garganacl|50\/100\n|-start|p1a: Garganacl|confusion\n|-activate|p1a: Garganacl|confusion\n|-damage|p1a: Garganacl|45\/100|[from] confusion\n|\n|-weather|RainDance|[upkeep]\n|-heal|p1a: Garganacl|51\/100|[from] item: Leftovers\n|upkeep\n|turn|5\n|\n|t:|1699767053\n|move|p2a: Zapdos|Thunder|p1a: Garganacl\n|-damage|p1a: Garganacl|10\/100\n|-activate|p1a: Garganacl|confusion\n|-damage|p1a: Garganacl|5\/100|[from] confusion\n|\n|-weather|RainDance|[upkeep]\n|-heal|p1a: Garganacl|11\/100|[from] item: Leftovers\n|upkeep\n|turn|6\n|\n|t:|1699767064\n|move|p2a: Zapdos|Thunder|p1a: Garganacl\n|-damage|p1a: Garganacl|0 fnt\n|faint|p1a: Garganacl\n|\n|-weather|RainDance|[upkeep]\n|upkeep\n|inactive|illbillium has 120 seconds left.\n|\n|t:|1699767086\n|switch|p1a: Cinderace|Cinderace, M, shiny|100\/100\n|turn|7\n|inactive|illbillium has 120 seconds left.\n|\n|t:|1699767092\n|move|p1a: Cinderace|Will-O-Wisp|p2a: Zapdos\n|-status|p2a: Zapdos|brn\n|move|p2a: Zapdos|U-turn|p1a: Cinderace\n|-resisted|p1a: Cinderace\n|-damage|p1a: Cinderace|96\/100\n|\n|t:|1699767101\n|switch|p2a: Greninja|Greninja, M|100\/100|[from] U-turn\n|\n|-weather|RainDance|[upkeep]\n|upkeep\n|turn|8\n|\n|t:|1699767109\n|switch|p1a: Ogerpon|Ogerpon-Wellspring, F|77\/100\n|move|p2a: Greninja|Surf|p1a: Ogerpon\n|-heal|p1a: Ogerpon|100\/100|[from] ability: Water Absorb|[of] p2a: Greninja\n|\n|-weather|none\n|upkeep\n|turn|9\n|\n|t:|1699767119\n|-terastallize|p2a: Greninja|Dark\n|move|p2a: Greninja|Dark Pulse|p1a: Ogerpon\n|-damage|p1a: Ogerpon|30\/100\n|-damage|p2a: Greninja|91\/100|[from] item: Life Orb\n|move|p1a: Ogerpon|Horn Leech|p2a: Greninja\n|-damage|p2a: Greninja|12\/100\n|-heal|p1a: Ogerpon|68\/100|[from] drain|[of] p2a: Greninja\n|\n|upkeep\n|turn|10\n|inactive|illbillium has 120 seconds left.\n|\n|t:|1699767147\n|switch|p1a: Sneasler|Sneasler, M, shiny|100\/100\n|move|p2a: Greninja|Dark Pulse|p1a: Sneasler\n|-resisted|p1a: Sneasler\n|-damage|p1a: Sneasler|58\/100\n|-damage|p2a: Greninja|2\/100|[from] item: Life Orb\n|\n|upkeep\n|turn|11\n|inactive|illbillium has 120 seconds left.\n|\n|t:|1699767166\n|move|p2a: Greninja|Surf|p1a: Sneasler\n|-damage|p1a: Sneasler|0 fnt\n|faint|p1a: Sneasler\n|-ability|p2a: Greninja|Battle Bond|boost\n|-boost|p2a: Greninja|atk|1\n|-boost|p2a: Greninja|spa|1\n|-boost|p2a: Greninja|spe|1\n|-activate|p2a: Greninja|ability: Battle Bond\n|-damage|p2a: Greninja|0 fnt|[from] item: Life Orb\n|faint|p2a: Greninja\n|\n|upkeep\n|inactive|illbillium has 120 seconds left.\n|\n|t:|1699767179\n|switch|p2a: Pelipper|Pelipper, F|48\/100 tox\n|switch|p1a: Rillaboom|Rillaboom, M, shiny|100\/100\n|-fieldstart|move: Grassy Terrain|[from] ability: Grassy Surge|[of] p1a: Rillaboom\n|-weather|RainDance|[from] ability: Drizzle|[of] p2a: Pelipper\n|turn|12\n|inactive|illbillium has 120 seconds left.\n|\n|t:|1699767191\n|move|p1a: Rillaboom|Grassy Glide|p2a: Pelipper\n|-damage|p2a: Pelipper|9\/100 tox\n|move|p2a: Pelipper|U-turn|p1a: Rillaboom\n|-supereffective|p1a: Rillaboom\n|-damage|p1a: Rillaboom|82\/100\n|\n|t:|1699767207\n|switch|p2a: Scizor|Scizor, F|100\/100|[from] U-turn\n|\n|-weather|RainDance|[upkeep]\n|-heal|p1a: Rillaboom|88\/100|[from] Grassy Terrain\n|upkeep\n|turn|13\n|inactive|illbillium has 120 seconds left.\n|\n|t:|1699767217\n|-terastallize|p1a: Rillaboom|Fairy\n|move|p1a: Rillaboom|Drain Punch|p2a: Scizor\n|-damage|p2a: Scizor|71\/100\n|-heal|p1a: Rillaboom|100\/100|[from] drain|[of] p2a: Scizor\n|move|p2a: Scizor|U-turn|p1a: Rillaboom\n|-resisted|p1a: Rillaboom\n|-damage|p1a: Rillaboom|78\/100\n|\n|t:|1699767228\n|switch|p2a: Basculegion|Basculegion, M|100\/100|[from] U-turn\n|\n|-weather|RainDance|[upkeep]\n|-heal|p1a: Rillaboom|84\/100|[from] Grassy Terrain\n|upkeep\n|turn|14\n|\n|t:|1699767239\n|move|p2a: Basculegion|Wave Crash|p1a: Rillaboom\n|-damage|p1a: Rillaboom|0 fnt\n|faint|p1a: Rillaboom\n|-damage|p2a: Basculegion|76\/100|[from] Recoil\n|\n|-weather|RainDance|[upkeep]\n|-heal|p2a: Basculegion|82\/100|[from] Grassy Terrain\n|upkeep\n|\n|t:|1699767249\n|switch|p1a: Ogerpon|Ogerpon-Wellspring, F|68\/100\n|turn|15\n|\n|t:|1699767257\n|switch|p2a: Scizor|Scizor, F|71\/100\n|move|p1a: Ogerpon|Horn Leech|p2a: Scizor\n|-resisted|p2a: Scizor\n|-crit|p2a: Scizor\n|-damage|p2a: Scizor|49\/100\n|-heal|p1a: Ogerpon|80\/100|[from] drain|[of] p2a: Scizor\n|\n|-weather|RainDance|[upkeep]\n|-heal|p1a: Ogerpon|86\/100|[from] Grassy Terrain\n|-heal|p2a: Scizor|55\/100|[from] Grassy Terrain\n|upkeep\n|turn|16\n|inactive|illbillium has 120 seconds left.\n|\n|t:|1699767286\n|switch|p1a: Cinderace|Cinderace, M, shiny|96\/100\n|move|p2a: Scizor|Bullet Punch|p1a: Cinderace\n|-resisted|p1a: Cinderace\n|-damage|p1a: Cinderace|77\/100\n|\n|-weather|RainDance|[upkeep]\n|-heal|p1a: Cinderace|83\/100|[from] Grassy Terrain\n|-heal|p2a: Scizor|61\/100|[from] Grassy Terrain\n|upkeep\n|turn|17\n|inactive|illbillium has 120 seconds left.\n|inactive|tonyzs has 120 seconds left.\n|\n|t:|1699767315\n|switch|p2a: Sandy Shocks|Sandy Shocks|100\/100\n|-enditem|p2a: Sandy Shocks|Booster Energy\n|-activate|p2a: Sandy Shocks|ability: Protosynthesis|[fromitem]\n|-start|p2a: Sandy Shocks|protosynthesisspe\n|move|p1a: Cinderace|Pyro Ball|p2a: Sandy Shocks\n|-damage|p2a: Sandy Shocks|74\/100\n|\n|-weather|RainDance|[upkeep]\n|-heal|p2a: Sandy Shocks|80\/100|[from] Grassy Terrain\n|-heal|p1a: Cinderace|89\/100|[from] Grassy Terrain\n|upkeep\n|turn|18\n|inactive|tonyzs has 120 seconds left.\n|inactive|illbillium has 90 seconds left.\n|\n|t:|1699767340\n|switch|p1a: Ogerpon|Ogerpon-Wellspring, F|86\/100\n|move|p2a: Sandy Shocks|Earth Power|p1a: Ogerpon\n|-resisted|p1a: Ogerpon\n|-damage|p1a: Ogerpon|61\/100\n|\n|-weather|RainDance|[upkeep]\n|-heal|p2a: Sandy Shocks|87\/100|[from] Grassy Terrain\n|-heal|p1a: Ogerpon|67\/100|[from] Grassy Terrain\n|upkeep\n|turn|19\n|inactive|illbillium has 90 seconds left.\n|inactive|tonyzs has 120 seconds left.\n|\n|t:|1699767352\n|move|p2a: Sandy Shocks|Thunder|p1a: Ogerpon\n|-crit|p1a: Ogerpon\n|-damage|p1a: Ogerpon|0 fnt\n|faint|p1a: Ogerpon\n|\n|-weather|none\n|-heal|p2a: Sandy Shocks|93\/100|[from] Grassy Terrain\n|-fieldend|move: Grassy Terrain\n|upkeep\n|inactive|illbillium has 90 seconds left.\n|\n|t:|1699767360\n|switch|p1a: Cinderace|Cinderace, M, shiny|89\/100\n|turn|20\n|\n|t:|1699767366\n|-end|p2a: Sandy Shocks|Protosynthesis|[silent]\n|switch|p2a: Pelipper|Pelipper, F|9\/100 tox\n|-weather|RainDance|[from] ability: Drizzle|[of] p2a: Pelipper\n|move|p1a: Cinderace|Will-O-Wisp||[still]\n|-fail|p1a: Cinderace\n|\n|-weather|RainDance|[upkeep]\n|-damage|p2a: Pelipper|3\/100 tox|[from] psn\n|upkeep\n|turn|21\n|\n|t:|1699767378\n|move|p1a: Cinderace|U-turn|p2a: Pelipper\n|-resisted|p2a: Pelipper\n|-damage|p2a: Pelipper|0 fnt\n|faint|p2a: Pelipper\n|\n|-weather|RainDance|[upkeep]\n|upkeep\n|\n|t:|1699767384\n|switch|p2a: Basculegion|Basculegion, M|82\/100\n|turn|22\n|\n|t:|1699767393\n|move|p2a: Basculegion|Wave Crash|p1a: Cinderace\n|-supereffective|p1a: Cinderace\n|-damage|p1a: Cinderace|0 fnt\n|faint|p1a: Cinderace\n|-damage|p2a: Basculegion|54\/100|[from] Recoil\n|\n|win|tonyzs\n|raw|illbillium's rating: 1125 &rarr; <strong>1097<\/strong><br \/>(-28 for losing)\n|raw|tonyzs's rating: 1086 &rarr; <strong>1116<\/strong><br \/>(+30 for winning)\n","uploadtime":1699767410,"views":10,"p1id":"illbillium","p2id":"tonyzs","formatid":"gen9ou","rating":1097,"private":0,"password":""}