{"id":"gen9ou-1997020395","p1":"FNS\u2022Medhaos","p2":"Jay-Zoroark","format":"[Gen 9] OU","log":"|j|\u2606FNS\u2022Medhaos\n|j|\u2606Jay-Zoroark\n|t:|1700756426\n|gametype|singles\n|player|p1|FNS\u2022Medhaos|gambler|1064\n|player|p2|Jay-Zoroark|266|1035\n|teamsize|p1|6\n|teamsize|p2|6\n|gen|9\n|tier|[Gen 9] OU\n|rated|\n|rule|Sleep Clause Mod: Limit one foe put to sleep\n|rule|Species Clause: Limit one of each Pok\u00e9mon\n|rule|OHKO Clause: OHKO moves are banned\n|rule|Evasion Items Clause: Evasion items are banned\n|rule|Evasion Moves Clause: Evasion moves are banned\n|rule|Endless Battle Clause: Forcing endless battles is banned\n|rule|HP Percentage Mod: HP is shown in percentages\n|clearpoke\n|poke|p1|Clefable, M|\n|poke|p1|Ninetales-Alola, M|\n|poke|p1|Slowking-Galar, F|\n|poke|p1|Dondozo, M|\n|poke|p1|Corviknight, M|\n|poke|p1|Amoonguss, M|\n|poke|p2|Garganacl, M|\n|poke|p2|Toxapex, F|\n|poke|p2|Enamorus, F|\n|poke|p2|Iron Treads|\n|poke|p2|Zoroark-Hisui, M|\n|poke|p2|Samurott-Hisui, M|\n|teampreview\n|\n|t:|1700756449\n|start\n|switch|p1a: Ninetales|Ninetales-Alola, M|100\/100\n|switch|p2a: Garganacl|Garganacl, M, shiny|100\/100\n|-weather|Snow|[from] ability: Snow Warning|[of] p1a: Ninetales\n|turn|1\n|\n|t:|1700756459\n|move|p1a: Ninetales|Aurora Veil|p1a: Ninetales\n|-sidestart|p1: FNS\u2022Medhaos|move: Aurora Veil\n|move|p2a: Garganacl|Salt Cure|p1a: Ninetales\n|-supereffective|p1a: Ninetales\n|-damage|p1a: Ninetales|88\/100\n|-start|p1a: Ninetales|Salt Cure\n|\n|-weather|Snow|[upkeep]\n|-damage|p1a: Ninetales|75\/100|[from] Salt Cure\n|upkeep\n|turn|2\n|\n|t:|1700756482\n|move|p1a: Ninetales|Blizzard|p2a: Garganacl\n|-damage|p2a: Garganacl|60\/100\n|move|p2a: Garganacl|Stealth Rock|p1a: Ninetales\n|-sidestart|p1: FNS\u2022Medhaos|move: Stealth Rock\n|\n|-weather|Snow|[upkeep]\n|-damage|p1a: Ninetales|63\/100|[from] Salt Cure\n|upkeep\n|turn|3\n|\n|t:|1700756492\n|move|p1a: Ninetales|Encore|p2a: Garganacl\n|-start|p2a: Garganacl|Encore\n|move|p2a: Garganacl|Stealth Rock||[still]\n|-fail|p2a: Garganacl\n|\n|-weather|Snow|[upkeep]\n|-damage|p1a: Ninetales|51\/100|[from] Salt Cure\n|upkeep\n|turn|4\n|inactive|Battle timer is ON: inactive players will automatically lose when time's up. (requested by FNS\u2022Medhaos)\n|\n|t:|1700756517\n|switch|p1a: Clefable|Clefable, M|100\/100\n|-damage|p1a: Clefable|88\/100|[from] Stealth Rock\n|switch|p2a: Samurott|Samurott-Hisui, M, shiny|100\/100\n|\n|-weather|Snow|[upkeep]\n|-heal|p1a: Clefable|94\/100|[from] item: Leftovers\n|upkeep\n|turn|5\n|\n|t:|1700756526\n|move|p2a: Samurott|Razor Shell|p1a: Clefable\n|-damage|p1a: Clefable|65\/100\n|move|p1a: Clefable|Cosmic Power|p1a: Clefable\n|-boost|p1a: Clefable|def|1\n|-boost|p1a: Clefable|spd|1\n|\n|-weather|none\n|-heal|p1a: Clefable|71\/100|[from] item: Leftovers\n|upkeep\n|turn|6\n|\n|t:|1700756532\n|move|p2a: Samurott|Flip Turn|p1a: Clefable\n|-damage|p1a: Clefable|60\/100\n|\n|t:|1700756538\n|switch|p2a: Toxapex|Toxapex, F, shiny|100\/100|[from] Flip Turn\n|move|p1a: Clefable|Cosmic Power|p1a: Clefable\n|-boost|p1a: Clefable|def|1\n|-boost|p1a: Clefable|spd|1\n|\n|-heal|p1a: Clefable|66\/100|[from] item: Leftovers\n|upkeep\n|turn|7\n|\n|t:|1700756543\n|move|p1a: Clefable|Cosmic Power|p1a: Clefable\n|-boost|p1a: Clefable|def|1\n|-boost|p1a: Clefable|spd|1\n|move|p2a: Toxapex|Toxic|p1a: Clefable\n|-status|p1a: Clefable|tox\n|\n|-heal|p1a: Clefable|72\/100 tox|[from] item: Leftovers\n|-damage|p1a: Clefable|66\/100 tox|[from] psn\n|upkeep\n|turn|8\n|\n|t:|1700756557\n|switch|p2a: Iron Treads|Iron Treads, shiny|100\/100\n|move|p1a: Clefable|Cosmic Power|p1a: Clefable\n|-boost|p1a: Clefable|def|1\n|-boost|p1a: Clefable|spd|1\n|\n|-heal|p1a: Clefable|72\/100 tox|[from] item: Leftovers\n|-damage|p1a: Clefable|60\/100 tox|[from] psn\n|-sideend|p1: FNS\u2022Medhaos|move: Aurora Veil\n|upkeep\n|turn|9\n|\n|t:|1700756564\n|move|p2a: Iron Treads|Knock Off|p1a: Clefable\n|-resisted|p1a: Clefable\n|-damage|p1a: Clefable|56\/100 tox\n|-enditem|p1a: Clefable|Leftovers|[from] move: Knock Off|[of] p2a: Iron Treads\n|move|p1a: Clefable|Cosmic Power|p1a: Clefable\n|-boost|p1a: Clefable|def|1\n|-boost|p1a: Clefable|spd|1\n|\n|-damage|p1a: Clefable|38\/100 tox|[from] psn\n|upkeep\n|turn|10\n|\n|t:|1700756569\n|move|p2a: Iron Treads|Iron Head|p1a: Clefable\n|-supereffective|p1a: Clefable\n|-damage|p1a: Clefable|16\/100 tox\n|move|p1a: Clefable|Wish|p1a: Clefable\n|\n|-damage|p1a: Clefable|0 fnt|[from] psn\n|faint|p1a: Clefable\n|upkeep\n|\n|t:|1700756578\n|switch|p1a: Corviknight|Corviknight, M|100\/100\n|-damage|p1a: Corviknight|88\/100|[from] Stealth Rock\n|-ability|p1a: Corviknight|Pressure\n|turn|11\n|\n|t:|1700756593\n|move|p2a: Iron Treads|Knock Off|p1a: Corviknight\n|-damage|p1a: Corviknight|74\/100\n|-damage|p2a: Iron Treads|84\/100|[from] item: Rocky Helmet|[of] p1a: Corviknight\n|-enditem|p1a: Corviknight|Rocky Helmet|[from] move: Knock Off|[of] p2a: Iron Treads\n|move|p1a: Corviknight|Defog|p2a: Iron Treads\n|-unboost|p2a: Iron Treads|evasion|1\n|-sideend|p1: FNS\u2022Medhaos|Stealth Rock|[from] move: Defog|[of] p1a: Corviknight\n|\n|-heal|p1a: Corviknight|100\/100|[from] move: Wish|[wisher] Clefable\n|upkeep\n|turn|12\n|\n|t:|1700756606\n|-end|p2a: Iron Treads|Quark Drive|[silent]\n|switch|p2a: Toxapex|Toxapex, F, shiny|100\/100\n|move|p1a: Corviknight|U-turn|p2a: Toxapex\n|-resisted|p2a: Toxapex\n|-damage|p2a: Toxapex|97\/100\n|\n|t:|1700756611\n|switch|p1a: Slowking|Slowking-Galar, F|100\/100|[from] U-turn\n|\n|-heal|p2a: Toxapex|100\/100|[from] item: Leftovers\n|upkeep\n|turn|13\n|\n|t:|1700756634\n|switch|p2a: Iron Treads|Iron Treads, shiny|84\/100\n|move|p1a: Slowking|Future Sight|p2a: Iron Treads\n|-start|p1a: Slowking|move: Future Sight\n|\n|upkeep\n|turn|14\n|\n|t:|1700756651\n|switch|p1a: Ninetales|Ninetales-Alola, M|51\/100\n|-weather|Snow|[from] ability: Snow Warning|[of] p1a: Ninetales\n|move|p2a: Iron Treads|Knock Off|p1a: Ninetales\n|-resisted|p1a: Ninetales\n|-damage|p1a: Ninetales|38\/100\n|-enditem|p1a: Ninetales|Light Clay|[from] move: Knock Off|[of] p2a: Iron Treads\n|\n|-weather|Snow|[upkeep]\n|upkeep\n|turn|15\n|\n|t:|1700756665\n|move|p1a: Ninetales|Aurora Veil|p1a: Ninetales\n|-sidestart|p1: FNS\u2022Medhaos|move: Aurora Veil\n|move|p2a: Iron Treads|Earthquake|p1a: Ninetales\n|-damage|p1a: Ninetales|18\/100\n|\n|-weather|Snow|[upkeep]\n|-end|p2a: Iron Treads|move: Future Sight\n|-resisted|p2a: Iron Treads\n|-damage|p2a: Iron Treads|71\/100\n|upkeep\n|turn|16\n|\n|t:|1700756671\n|move|p1a: Ninetales|Blizzard|p2a: Iron Treads\n|-damage|p2a: Iron Treads|48\/100\n|move|p2a: Iron Treads|Iron Head|p1a: Ninetales\n|-supereffective|p1a: Ninetales\n|-damage|p1a: Ninetales|0 fnt\n|faint|p1a: Ninetales\n|\n|-weather|Snow|[upkeep]\n|upkeep\n|\n|t:|1700756678\n|switch|p1a: Dondozo|Dondozo, M|100\/100\n|turn|17\n|\n|t:|1700756685\n|-end|p2a: Iron Treads|Quark Drive|[silent]\n|switch|p2a: Toxapex|Toxapex, F, shiny|100\/100\n|move|p1a: Dondozo|Body Press|p2a: Toxapex\n|-resisted|p2a: Toxapex\n|-damage|p2a: Toxapex|92\/100\n|\n|-weather|Snow|[upkeep]\n|-heal|p2a: Toxapex|98\/100|[from] item: Leftovers\n|upkeep\n|turn|18\n|\n|t:|1700756700\n|move|p2a: Toxapex|Toxic|p1a: Dondozo\n|-status|p1a: Dondozo|tox\n|move|p1a: Dondozo|Liquidation|p2a: Toxapex\n|-resisted|p2a: Toxapex\n|-damage|p2a: Toxapex|89\/100\n|\n|-weather|none\n|-heal|p2a: Toxapex|95\/100|[from] item: Leftovers\n|-damage|p1a: Dondozo|94\/100 tox|[from] psn\n|upkeep\n|turn|19\n|\n|t:|1700756703\n|move|p2a: Toxapex|Chilling Water|p1a: Dondozo\n|-resisted|p1a: Dondozo\n|-damage|p1a: Dondozo|92\/100 tox\n|-unboost|p1a: Dondozo|atk|1\n|move|p1a: Dondozo|Rest|p1a: Dondozo\n|-status|p1a: Dondozo|slp|[from] move: Rest\n|-heal|p1a: Dondozo|100\/100 slp|[silent]\n|\n|-heal|p2a: Toxapex|100\/100|[from] item: Leftovers\n|-sideend|p1: FNS\u2022Medhaos|move: Aurora Veil\n|upkeep\n|turn|20\n|\n|t:|1700756710\n|switch|p1a: Slowking|Slowking-Galar, F|100\/100\n|move|p2a: Toxapex|Chilling Water|p1a: Slowking\n|-damage|p1a: Slowking|92\/100\n|-unboost|p1a: Slowking|atk|1\n|\n|upkeep\n|turn|21\n|\n|t:|1700756723\n|switch|p2a: Samurott|Samurott-Hisui, M, shiny|100\/100\n|move|p1a: Slowking|Future Sight|p2a: Samurott\n|-start|p1a: Slowking|move: Future Sight\n|\n|upkeep\n|turn|22\n|\n|t:|1700756730\n|switch|p1a: Amoonguss|Amoonguss, M|100\/100\n|move|p2a: Samurott|Ceaseless Edge|p1a: Amoonguss\n|-damage|p1a: Amoonguss|61\/100\n|-sidestart|p1: FNS\u2022Medhaos|Spikes\n|-enditem|p1a: Amoonguss|Red Card|[of] p2a: Samurott\n|drag|p2a: Garganacl|Garganacl, M, shiny|60\/100\n|\n|upkeep\n|turn|23\n|\n|t:|1700756741\n|move|p2a: Garganacl|Salt Cure|p1a: Amoonguss\n|-damage|p1a: Amoonguss|49\/100\n|-start|p1a: Amoonguss|Salt Cure\n|move|p1a: Amoonguss|Giga Drain|p2a: Garganacl\n|-supereffective|p2a: Garganacl\n|-damage|p2a: Garganacl|18\/100\n|-heal|p1a: Amoonguss|69\/100|[from] drain|[of] p2a: Garganacl\n|\n|-end|p2a: Garganacl|move: Future Sight\n|-damage|p2a: Garganacl|0 fnt\n|faint|p2a: Garganacl\n|-damage|p1a: Amoonguss|56\/100|[from] Salt Cure\n|upkeep\n|inactive|Jay-Zoroark has 120 seconds left.\n|\n|t:|1700756773\n|switch|p2a: Samurott|Samurott-Hisui, M, shiny|100\/100\n|turn|24\n|inactive|Jay-Zoroark has 120 seconds left.\n|\n|t:|1700756778\n|switch|p1a: Dondozo|Dondozo, M|100\/100 slp\n|move|p2a: Samurott|Substitute|p2a: Samurott\n|-start|p2a: Samurott|Substitute\n|-damage|p2a: Samurott|76\/100\n|\n|-heal|p2a: Samurott|82\/100|[from] item: Leftovers\n|upkeep\n|turn|25\n|\n|t:|1700756784\n|move|p2a: Samurott|Nasty Plot|p2a: Samurott\n|-boost|p2a: Samurott|spa|2\n|cant|p1a: Dondozo|slp\n|move|p1a: Dondozo|Sleep Talk|p1a: Dondozo\n|move|p1a: Dondozo|Liquidation|p2a: Samurott|[from]move: Sleep Talk\n|-end|p2a: Samurott|Substitute\n|\n|-heal|p2a: Samurott|88\/100|[from] item: Leftovers\n|upkeep\n|turn|26\n|inactive|Jay-Zoroark has 120 seconds left.\n|c|\u2606FNS\u2022Medhaos|Hello Zoroark\n|\n|t:|1700756805\n|move|p2a: Samurott|Nasty Plot|p2a: Samurott\n|-boost|p2a: Samurott|spa|2\n|cant|p1a: Dondozo|slp\n|move|p1a: Dondozo|Sleep Talk|p1a: Dondozo\n|move|p1a: Dondozo|Liquidation|p2a: Samurott|[from]move: Sleep Talk\n|-damage|p2a: Samurott|25\/100\n|-unboost|p2a: Samurott|def|1\n|replace|p2a: Zoroark|Zoroark-Hisui, M, shiny\n|-end|p2a: Zoroark|Illusion\n|\n|-heal|p2a: Zoroark|31\/100|[from] item: Leftovers\n|upkeep\n|turn|27\n|inactive|Jay-Zoroark has 120 seconds left.\n|\n|t:|1700756820\n|move|p2a: Zoroark|Hyper Voice|p1a: Dondozo\n|-damage|p1a: Dondozo|54\/100 slp\n|-curestatus|p1a: Dondozo|slp|[msg]\n|move|p1a: Dondozo|Liquidation|p2a: Zoroark\n|-damage|p2a: Zoroark|0 fnt\n|faint|p2a: Zoroark\n|\n|upkeep\n|\n|t:|1700756840\n|switch|p2a: Enamorus|Enamorus, F, shiny|100\/100\n|turn|28\n|\n|t:|1700756846\n|switch|p1a: Slowking|Slowking-Galar, F|100\/100\n|move|p2a: Enamorus|Moonblast|p1a: Slowking\n|-resisted|p1a: Slowking\n|-damage|p1a: Slowking|80\/100\n|-unboost|p1a: Slowking|spa|1\n|\n|upkeep\n|turn|29\n|\n|t:|1700756858\n|switch|p2a: Samurott|Samurott-Hisui, M, shiny|100\/100\n|move|p1a: Slowking|Future Sight|p2a: Samurott\n|-start|p1a: Slowking|move: Future Sight\n|\n|upkeep\n|turn|30\n|\n|t:|1700756870\n|switch|p1a: Amoonguss|Amoonguss, M|89\/100\n|-damage|p1a: Amoonguss|77\/100|[from] Spikes\n|move|p2a: Samurott|Ceaseless Edge|p1a: Amoonguss\n|-damage|p1a: Amoonguss|37\/100\n|-sidestart|p1: FNS\u2022Medhaos|Spikes\n|\n|upkeep\n|turn|31\n|inactive|Jay-Zoroark has 120 seconds left.\n|\n|t:|1700756882\n|switch|p1a: Slowking|Slowking-Galar, F|100\/100\n|move|p2a: Samurott|Ceaseless Edge|p1a: Slowking\n|-supereffective|p1a: Slowking\n|-damage|p1a: Slowking|32\/100\n|-sidestart|p1: FNS\u2022Medhaos|Spikes\n|\n|-end|p2a: Samurott|move: Future Sight\n|-immune|p2a: Samurott\n|upkeep\n|turn|32\n|\n|t:|1700756888\n|switch|p1a: Amoonguss|Amoonguss, M|70\/100\n|-damage|p1a: Amoonguss|45\/100|[from] Spikes\n|move|p2a: Samurott|Ceaseless Edge|p1a: Amoonguss\n|-damage|p1a: Amoonguss|4\/100\n|\n|upkeep\n|turn|33\n|inactive|Jay-Zoroark has 120 seconds left.\n|\n|t:|1700756909\n|move|p2a: Samurott|Flip Turn|p1a: Amoonguss\n|-resisted|p1a: Amoonguss\n|-damage|p1a: Amoonguss|0 fnt\n|faint|p1a: Amoonguss\n|\n|t:|1700756913\n|switch|p2a: Toxapex|Toxapex, F, shiny|100\/100|[from] Flip Turn\n|\n|upkeep\n|\n|t:|1700756919\n|switch|p1a: Slowking|Slowking-Galar, F|65\/100\n|turn|34\n|\n|t:|1700756933\n|switch|p2a: Samurott|Samurott-Hisui, M, shiny|100\/100\n|move|p1a: Slowking|Future Sight|p2a: Samurott\n|-start|p1a: Slowking|move: Future Sight\n|\n|upkeep\n|turn|35\n|\n|t:|1700756941\n|-terastallize|p1a: Slowking|Grass\n|move|p2a: Samurott|Ceaseless Edge|p1a: Slowking\n|-damage|p1a: Slowking|33\/100\n|move|p1a: Slowking|Sludge Bomb|p2a: Samurott\n|-damage|p2a: Samurott|72\/100\n|\n|upkeep\n|turn|36\n|\n|t:|1700756953\n|switch|p1a: Dondozo|Dondozo, M|54\/100\n|move|p2a: Samurott|Ceaseless Edge|p1a: Dondozo\n|-damage|p1a: Dondozo|33\/100\n|\n|-end|p2a: Samurott|move: Future Sight\n|-immune|p2a: Samurott\n|upkeep\n|turn|37\n|\n|t:|1700756969\n|move|p2a: Samurott|Flip Turn|p1a: Dondozo\n|-resisted|p1a: Dondozo\n|-damage|p1a: Dondozo|26\/100\n|\n|t:|1700756973\n|switch|p2a: Enamorus|Enamorus, F, shiny|100\/100|[from] Flip Turn\n|move|p1a: Dondozo|Rest|p1a: Dondozo\n|-status|p1a: Dondozo|slp|[from] move: Rest\n|-heal|p1a: Dondozo|100\/100 slp|[silent]\n|\n|upkeep\n|turn|38\n|inactive|Jay-Zoroark has 120 seconds left.\n|\n|t:|1700757001\n|switch|p1a: Corviknight|Corviknight, M|100\/100\n|-ability|p1a: Corviknight|Pressure\n|move|p2a: Enamorus|Superpower|p1a: Corviknight\n|-damage|p1a: Corviknight|79\/100\n|-boost|p2a: Enamorus|atk|1\n|-boost|p2a: Enamorus|def|1\n|\n|upkeep\n|turn|39\n|inactive|Jay-Zoroark has 120 seconds left.\n|\n|t:|1700757008\n|move|p2a: Enamorus|Superpower|p1a: Corviknight\n|-damage|p1a: Corviknight|52\/100\n|-boost|p2a: Enamorus|atk|1\n|-boost|p2a: Enamorus|def|1\n|move|p1a: Corviknight|Brave Bird|p2a: Enamorus\n|-damage|p2a: Enamorus|70\/100\n|-damage|p1a: Corviknight|44\/100|[from] Recoil\n|\n|upkeep\n|turn|40\n|\n|t:|1700757014\n|move|p2a: Enamorus|Superpower|p1a: Corviknight\n|-crit|p1a: Corviknight\n|-damage|p1a: Corviknight|0 fnt\n|-boost|p2a: Enamorus|atk|1\n|-boost|p2a: Enamorus|def|1\n|faint|p1a: Corviknight\n|\n|upkeep\n|\n|t:|1700757019\n|switch|p1a: Slowking|Slowking-Galar, F, tera:Grass|66\/100\n|turn|41\n|\n|t:|1700757022\n|move|p2a: Enamorus|Superpower|p1a: Slowking\n|-damage|p1a: Slowking|2\/100\n|-boost|p2a: Enamorus|atk|1\n|-boost|p2a: Enamorus|def|1\n|move|p1a: Slowking|Sludge Bomb|p2a: Enamorus\n|-supereffective|p2a: Enamorus\n|-damage|p2a: Enamorus|0 fnt\n|faint|p2a: Enamorus\n|\n|upkeep\n|\n|t:|1700757030\n|switch|p2a: Samurott|Samurott-Hisui, M, shiny|72\/100\n|turn|42\n|\n|t:|1700757035\n|switch|p1a: Dondozo|Dondozo, M|100\/100 slp\n|move|p2a: Samurott|Flip Turn|p1a: Dondozo\n|-resisted|p1a: Dondozo\n|-damage|p1a: Dondozo|94\/100 slp\n|\n|t:|1700757056\n|switch|p2a: Iron Treads|Iron Treads, shiny|48\/100|[from] Flip Turn\n|\n|upkeep\n|turn|43\n|\n|t:|1700757069\n|move|p2a: Iron Treads|Knock Off|p1a: Dondozo\n|-damage|p1a: Dondozo|84\/100 slp\n|-enditem|p1a: Dondozo|Heavy-Duty Boots|[from] move: Knock Off|[of] p2a: Iron Treads\n|cant|p1a: Dondozo|slp\n|move|p1a: Dondozo|Sleep Talk|p1a: Dondozo\n|move|p1a: Dondozo|Liquidation|p2a: Iron Treads|[from]move: Sleep Talk\n|-supereffective|p2a: Iron Treads\n|-damage|p2a: Iron Treads|0 fnt\n|faint|p2a: Iron Treads\n|-end|p2a: Iron Treads|Quark Drive|[silent]\n|\n|upkeep\n|\n|t:|1700757078\n|switch|p2a: Samurott|Samurott-Hisui, M, shiny|72\/100\n|turn|44\n|\n|t:|1700757083\n|move|p2a: Samurott|Razor Shell|p1a: Dondozo\n|-resisted|p1a: Dondozo\n|-damage|p1a: Dondozo|72\/100 slp\n|-unboost|p1a: Dondozo|def|1\n|cant|p1a: Dondozo|slp\n|move|p1a: Dondozo|Sleep Talk|p1a: Dondozo\n|move|p1a: Dondozo|Rest||[from]move: Sleep Talk|[still]\n|-fail|p1a: Dondozo\n|\n|upkeep\n|turn|45\n|\n|t:|1700757088\n|move|p2a: Samurott|Razor Shell|p1a: Dondozo\n|-resisted|p1a: Dondozo\n|-damage|p1a: Dondozo|54\/100 slp\n|-curestatus|p1a: Dondozo|slp|[msg]\n|move|p1a: Dondozo|Body Press|p2a: Samurott\n|-supereffective|p2a: Samurott\n|-damage|p2a: Samurott|36\/100\n|\n|upkeep\n|turn|46\n|\n|t:|1700757097\n|move|p2a: Samurott|Ceaseless Edge|p1a: Dondozo|[miss]\n|-miss|p2a: Samurott|p1a: Dondozo\n|move|p1a: Dondozo|Body Press|p2a: Samurott\n|-supereffective|p2a: Samurott\n|-damage|p2a: Samurott|0 fnt\n|faint|p2a: Samurott\n|\n|upkeep\n|\n|t:|1700757099\n|switch|p2a: Toxapex|Toxapex, F, shiny|100\/100\n|turn|47\n|\n|t:|1700757106\n|switch|p1a: Slowking|Slowking-Galar, F, tera:Grass|35\/100\n|move|p2a: Toxapex|Chilling Water|p1a: Slowking\n|-resisted|p1a: Slowking\n|-damage|p1a: Slowking|30\/100\n|-unboost|p1a: Slowking|atk|1\n|\n|upkeep\n|turn|48\n|\n|t:|1700757115\n|move|p2a: Toxapex|Toxic|p1a: Slowking\n|-status|p1a: Slowking|tox\n|move|p1a: Slowking|Future Sight|p2a: Toxapex\n|-start|p1a: Slowking|move: Future Sight\n|\n|-damage|p1a: Slowking|24\/100 tox|[from] psn\n|upkeep\n|turn|49\n|\n|t:|1700757128\n|move|p2a: Toxapex|Chilling Water|p1a: Slowking\n|-resisted|p1a: Slowking\n|-damage|p1a: Slowking|20\/100 tox\n|-unboost|p1a: Slowking|atk|1\n|move|p1a: Slowking|Thunder Wave|p2a: Toxapex\n|-status|p2a: Toxapex|par\n|\n|-damage|p1a: Slowking|8\/100 tox|[from] psn\n|upkeep\n|turn|50\n|\n|t:|1700757138\n|switch|p1a: Dondozo|Dondozo, M|54\/100\n|-damage|p1a: Dondozo|29\/100|[from] Spikes\n|cant|p2a: Toxapex|par\n|\n|-end|p2a: Toxapex|move: Future Sight\n|-supereffective|p2a: Toxapex\n|-damage|p2a: Toxapex|25\/100 par\n|-heal|p2a: Toxapex|31\/100 par|[from] item: Leftovers\n|upkeep\n|turn|51\n|\n|t:|1700757144\n|move|p1a: Dondozo|Rest|p1a: Dondozo\n|-status|p1a: Dondozo|slp|[from] move: Rest\n|-heal|p1a: Dondozo|100\/100 slp|[silent]\n|move|p2a: Toxapex|Recover|p2a: Toxapex\n|-heal|p2a: Toxapex|81\/100 par\n|\n|-heal|p2a: Toxapex|87\/100 par|[from] item: Leftovers\n|upkeep\n|turn|52\n|\n|t:|1700757150\n|cant|p1a: Dondozo|slp\n|move|p1a: Dondozo|Sleep Talk|p1a: Dondozo\n|move|p1a: Dondozo|Rest||[from]move: Sleep Talk|[still]\n|-fail|p1a: Dondozo\n|move|p2a: Toxapex|Chilling Water|p1a: Dondozo\n|-resisted|p1a: Dondozo\n|-damage|p1a: Dondozo|96\/100 slp\n|-unboost|p1a: Dondozo|atk|1\n|\n|-heal|p2a: Toxapex|93\/100 par|[from] item: Leftovers\n|upkeep\n|turn|53\n|\n|t:|1700757158\n|switch|p1a: Slowking|Slowking-Galar, F, tera:Grass|41\/100 tox\n|move|p2a: Toxapex|Chilling Water|p1a: Slowking\n|-resisted|p1a: Slowking\n|-damage|p1a: Slowking|37\/100 tox\n|-unboost|p1a: Slowking|atk|1\n|\n|-heal|p2a: Toxapex|99\/100 par|[from] item: Leftovers\n|-damage|p1a: Slowking|31\/100 tox|[from] psn\n|upkeep\n|turn|54\n|\n|t:|1700757167\n|move|p1a: Slowking|Future Sight|p2a: Toxapex\n|-start|p1a: Slowking|move: Future Sight\n|cant|p2a: Toxapex|par\n|\n|-heal|p2a: Toxapex|100\/100 par|[from] item: Leftovers\n|-damage|p1a: Slowking|19\/100 tox|[from] psn\n|upkeep\n|turn|55\n|\n|t:|1700757176\n|switch|p1a: Dondozo|Dondozo, M|96\/100 slp\n|-damage|p1a: Dondozo|71\/100 slp|[from] Spikes\n|move|p2a: Toxapex|Toxic||[still]\n|-fail|p2a: Toxapex\n|\n|upkeep\n|turn|56\n|\n|t:|1700757179\n|cant|p1a: Dondozo|slp\n|move|p1a: Dondozo|Sleep Talk|p1a: Dondozo\n|move|p1a: Dondozo|Body Press|p2a: Toxapex|[from]move: Sleep Talk\n|-resisted|p2a: Toxapex\n|-damage|p2a: Toxapex|92\/100 par\n|move|p2a: Toxapex|Chilling Water|p1a: Dondozo\n|-resisted|p1a: Dondozo\n|-damage|p1a: Dondozo|66\/100 slp\n|-unboost|p1a: Dondozo|atk|1\n|\n|-end|p2a: Toxapex|move: Future Sight\n|-supereffective|p2a: Toxapex\n|-damage|p2a: Toxapex|17\/100 par\n|-heal|p2a: Toxapex|23\/100 par|[from] item: Leftovers\n|upkeep\n|turn|57\n|\n|t:|1700757194\n|-curestatus|p1a: Dondozo|slp|[msg]\n|move|p1a: Dondozo|Liquidation|p2a: Toxapex\n|-resisted|p2a: Toxapex\n|-damage|p2a: Toxapex|16\/100 par\n|cant|p2a: Toxapex|par\n|\n|-heal|p2a: Toxapex|22\/100 par|[from] item: Leftovers\n|upkeep\n|turn|58\n|\n|t:|1700757203\n|switch|p1a: Slowking|Slowking-Galar, F, tera:Grass|52\/100 tox\n|move|p2a: Toxapex|Recover|p2a: Toxapex\n|-heal|p2a: Toxapex|72\/100 par\n|\n|-heal|p2a: Toxapex|78\/100 par|[from] item: Leftovers\n|-damage|p1a: Slowking|46\/100 tox|[from] psn\n|upkeep\n|turn|59\n|\n|t:|1700757218\n|move|p1a: Slowking|Future Sight|p2a: Toxapex\n|-start|p1a: Slowking|move: Future Sight\n|move|p2a: Toxapex|Chilling Water|p1a: Slowking\n|-resisted|p1a: Slowking\n|-damage|p1a: Slowking|42\/100 tox\n|-unboost|p1a: Slowking|atk|1\n|\n|-heal|p2a: Toxapex|84\/100 par|[from] item: Leftovers\n|-damage|p1a: Slowking|30\/100 tox|[from] psn\n|upkeep\n|turn|60\n|\n|t:|1700757231\n|switch|p1a: Dondozo|Dondozo, M|66\/100\n|-damage|p1a: Dondozo|41\/100|[from] Spikes\n|move|p2a: Toxapex|Chilling Water|p1a: Dondozo\n|-resisted|p1a: Dondozo\n|-damage|p1a: Dondozo|36\/100\n|-unboost|p1a: Dondozo|atk|1\n|\n|-heal|p2a: Toxapex|90\/100 par|[from] item: Leftovers\n|upkeep\n|turn|61\n|\n|t:|1700757243\n|move|p1a: Dondozo|Rest|p1a: Dondozo\n|-status|p1a: Dondozo|slp|[from] move: Rest\n|-heal|p1a: Dondozo|100\/100 slp|[silent]\n|cant|p2a: Toxapex|par\n|\n|-end|p2a: Toxapex|move: Future Sight\n|-supereffective|p2a: Toxapex\n|-damage|p2a: Toxapex|17\/100 par\n|-heal|p2a: Toxapex|23\/100 par|[from] item: Leftovers\n|upkeep\n|turn|62\n|\n|t:|1700757255\n|switch|p1a: Slowking|Slowking-Galar, F, tera:Grass|63\/100 tox\n|move|p2a: Toxapex|Recover|p2a: Toxapex\n|-heal|p2a: Toxapex|73\/100 par\n|\n|-heal|p2a: Toxapex|79\/100 par|[from] item: Leftovers\n|-damage|p1a: Slowking|57\/100 tox|[from] psn\n|upkeep\n|turn|63\n|\n|t:|1700757267\n|move|p1a: Slowking|Future Sight|p2a: Toxapex\n|-start|p1a: Slowking|move: Future Sight\n|cant|p2a: Toxapex|par\n|\n|-heal|p2a: Toxapex|85\/100 par|[from] item: Leftovers\n|-damage|p1a: Slowking|45\/100 tox|[from] psn\n|upkeep\n|turn|64\n|\n|t:|1700757272\n|switch|p1a: Dondozo|Dondozo, M|100\/100 slp\n|-damage|p1a: Dondozo|75\/100 slp|[from] Spikes\n|cant|p2a: Toxapex|par\n|\n|-heal|p2a: Toxapex|91\/100 par|[from] item: Leftovers\n|upkeep\n|turn|65\n|\n|t:|1700757278\n|move|p2a: Toxapex|Baneful Bunker|p2a: Toxapex\n|-singleturn|p2a: Toxapex|move: Protect\n|cant|p1a: Dondozo|slp\n|move|p1a: Dondozo|Sleep Talk|p1a: Dondozo\n|move|p1a: Dondozo|Liquidation|p2a: Toxapex|[from]move: Sleep Talk\n|-activate|p2a: Toxapex|move: Protect\n|\n|-end|p2a: Toxapex|move: Future Sight\n|-supereffective|p2a: Toxapex\n|-damage|p2a: Toxapex|17\/100 par\n|-heal|p2a: Toxapex|23\/100 par|[from] item: Leftovers\n|upkeep\n|turn|66\n|\n|t:|1700757292\n|cant|p1a: Dondozo|slp\n|move|p1a: Dondozo|Sleep Talk|p1a: Dondozo\n|move|p1a: Dondozo|Rest||[from]move: Sleep Talk|[still]\n|-fail|p1a: Dondozo\n|cant|p2a: Toxapex|par\n|\n|-heal|p2a: Toxapex|29\/100 par|[from] item: Leftovers\n|upkeep\n|turn|67\n|\n|t:|1700757300\n|switch|p1a: Slowking|Slowking-Galar, F, tera:Grass|78\/100 tox\n|move|p2a: Toxapex|Recover|p2a: Toxapex\n|-heal|p2a: Toxapex|79\/100 par\n|\n|-heal|p2a: Toxapex|85\/100 par|[from] item: Leftovers\n|-damage|p1a: Slowking|72\/100 tox|[from] psn\n|upkeep\n|turn|68\n|\n|t:|1700757309\n|move|p1a: Slowking|Future Sight|p2a: Toxapex\n|-start|p1a: Slowking|move: Future Sight\n|move|p2a: Toxapex|Chilling Water|p1a: Slowking\n|-resisted|p1a: Slowking\n|-damage|p1a: Slowking|67\/100 tox\n|-unboost|p1a: Slowking|atk|1\n|\n|-heal|p2a: Toxapex|91\/100 par|[from] item: Leftovers\n|-damage|p1a: Slowking|55\/100 tox|[from] psn\n|upkeep\n|turn|69\n|\n|t:|1700757318\n|switch|p1a: Dondozo|Dondozo, M|75\/100 slp\n|-damage|p1a: Dondozo|50\/100 slp|[from] Spikes\n|cant|p2a: Toxapex|par\n|\n|-heal|p2a: Toxapex|97\/100 par|[from] item: Leftovers\n|upkeep\n|turn|70\n|\n|t:|1700757330\n|-curestatus|p1a: Dondozo|slp|[msg]\n|move|p1a: Dondozo|Rest|p1a: Dondozo\n|-status|p1a: Dondozo|slp|[from] move: Rest\n|-heal|p1a: Dondozo|100\/100 slp|[silent]\n|move|p2a: Toxapex|Chilling Water|p1a: Dondozo\n|-resisted|p1a: Dondozo\n|-damage|p1a: Dondozo|96\/100 slp\n|-unboost|p1a: Dondozo|atk|1\n|\n|-end|p2a: Toxapex|move: Future Sight\n|-supereffective|p2a: Toxapex\n|-damage|p2a: Toxapex|28\/100 par\n|-heal|p2a: Toxapex|34\/100 par|[from] item: Leftovers\n|upkeep\n|turn|71\n|\n|t:|1700757341\n|switch|p1a: Slowking|Slowking-Galar, F, tera:Grass|88\/100 tox\n|cant|p2a: Toxapex|par\n|\n|-heal|p2a: Toxapex|39\/100 par|[from] item: Leftovers\n|-damage|p1a: Slowking|82\/100 tox|[from] psn\n|upkeep\n|turn|72\n|\n|t:|1700757353\n|move|p1a: Slowking|Future Sight|p2a: Toxapex\n|-start|p1a: Slowking|move: Future Sight\n|cant|p2a: Toxapex|par\n|\n|-heal|p2a: Toxapex|45\/100 par|[from] item: Leftovers\n|-damage|p1a: Slowking|70\/100 tox|[from] psn\n|upkeep\n|turn|73\n|\n|t:|1700757357\n|switch|p1a: Dondozo|Dondozo, M|96\/100 slp\n|-damage|p1a: Dondozo|71\/100 slp|[from] Spikes\n|move|p2a: Toxapex|Recover|p2a: Toxapex\n|-heal|p2a: Toxapex|96\/100 par\n|\n|-heal|p2a: Toxapex|100\/100 par|[from] item: Leftovers\n|upkeep\n|turn|74\n|\n|t:|1700757370\n|move|p2a: Toxapex|Baneful Bunker|p2a: Toxapex\n|-singleturn|p2a: Toxapex|move: Protect\n|cant|p1a: Dondozo|slp\n|move|p1a: Dondozo|Sleep Talk|p1a: Dondozo\n|move|p1a: Dondozo|Body Press|p2a: Toxapex|[from]move: Sleep Talk\n|-activate|p2a: Toxapex|move: Protect\n|\n|-end|p2a: Toxapex|move: Future Sight\n|-supereffective|p2a: Toxapex\n|-damage|p2a: Toxapex|27\/100 par\n|-heal|p2a: Toxapex|33\/100 par|[from] item: Leftovers\n|upkeep\n|turn|75\n|\n|t:|1700757382\n|cant|p1a: Dondozo|slp\n|move|p1a: Dondozo|Sleep Talk|p1a: Dondozo\n|move|p1a: Dondozo|Liquidation|p2a: Toxapex|[from]move: Sleep Talk\n|-resisted|p2a: Toxapex\n|-damage|p2a: Toxapex|24\/100 par\n|move|p2a: Toxapex|Recover|p2a: Toxapex\n|-heal|p2a: Toxapex|74\/100 par\n|\n|-heal|p2a: Toxapex|80\/100 par|[from] item: Leftovers\n|upkeep\n|turn|76\n|\n|t:|1700757395\n|-curestatus|p1a: Dondozo|slp|[msg]\n|move|p1a: Dondozo|Rest|p1a: Dondozo\n|-status|p1a: Dondozo|slp|[from] move: Rest\n|-heal|p1a: Dondozo|100\/100 slp|[silent]\n|cant|p2a: Toxapex|par\n|\n|-heal|p2a: Toxapex|86\/100 par|[from] item: Leftovers\n|upkeep\n|turn|77\n|\n|t:|1700757402\n|switch|p1a: Slowking|Slowking-Galar, F, tera:Grass|100\/100 tox\n|move|p2a: Toxapex|Chilling Water|p1a: Slowking\n|-resisted|p1a: Slowking\n|-damage|p1a: Slowking|96\/100 tox\n|-unboost|p1a: Slowking|atk|1\n|\n|-heal|p2a: Toxapex|92\/100 par|[from] item: Leftovers\n|-damage|p1a: Slowking|90\/100 tox|[from] psn\n|upkeep\n|turn|78\n|c|\u2606FNS\u2022Medhaos|How long are we doing this lol\n|inactive|Jay-Zoroark has 120 seconds left.\n|\n|t:|1700757432\n|move|p1a: Slowking|Future Sight|p2a: Toxapex\n|-start|p1a: Slowking|move: Future Sight\n|cant|p2a: Toxapex|par\n|\n|-heal|p2a: Toxapex|98\/100 par|[from] item: Leftovers\n|-damage|p1a: Slowking|78\/100 tox|[from] psn\n|upkeep\n|turn|79\n|inactive|Jay-Zoroark has 120 seconds left.\n|\n|t:|1700757470\n|switch|p1a: Dondozo|Dondozo, M|100\/100 slp\n|-damage|p1a: Dondozo|75\/100 slp|[from] Spikes\n|move|p2a: Toxapex|Chilling Water|p1a: Dondozo\n|-resisted|p1a: Dondozo\n|-damage|p1a: Dondozo|70\/100 slp\n|-unboost|p1a: Dondozo|atk|1\n|\n|-heal|p2a: Toxapex|100\/100 par|[from] item: Leftovers\n|upkeep\n|turn|80\n|inactive|Jay-Zoroark has 90 seconds left.\n|l|\u2606FNS\u2022Medhaos\n|inactive|FNS\u2022Medhaos disconnected and has a minute to reconnect!\n|player|p1|\n|j|\u2606FNS\u2022Medhaos\n|inactive|FNS\u2022Medhaos reconnected and has 115 seconds left.\n|player|p1|FNS\u2022Medhaos|gambler\n|\n|t:|1700757524\n|move|p2a: Toxapex|Baneful Bunker|p2a: Toxapex\n|-singleturn|p2a: Toxapex|move: Protect\n|cant|p1a: Dondozo|slp\n|move|p1a: Dondozo|Sleep Talk|p1a: Dondozo\n|move|p1a: Dondozo|Liquidation|p2a: Toxapex|[from]move: Sleep Talk\n|-activate|p2a: Toxapex|move: Protect\n|\n|-end|p2a: Toxapex|move: Future Sight\n|-supereffective|p2a: Toxapex\n|-crit|p2a: Toxapex\n|-damage|p2a: Toxapex|0 fnt\n|faint|p2a: Toxapex\n|\n|win|FNS\u2022Medhaos\n|upkeep\n|raw|FNS\u2022Medhaos's rating: 1064 &rarr; <strong>1092<\/strong><br \/>(+28 for winning)\n|raw|Jay-Zoroark's rating: 1035 &rarr; <strong>1021<\/strong><br \/>(-14 for losing)\n","uploadtime":1700757554,"views":1,"p1id":"fnsmedhaos","p2id":"jayzoroark","formatid":"gen9ou","rating":1021,"private":0,"password":""}