{"id":"gen9ou-1994406053","p1":"Light Rey","p2":"Hyoop","format":"[Gen 9] OU","log":"|j|\u2606Light Rey\n|j|\u2606Hyoop\n|t:|1700440289\n|gametype|singles\n|player|p1|Light Rey|giovanni|1333\n|player|p2|Hyoop|102|1286\n|teamsize|p1|6\n|teamsize|p2|6\n|gen|9\n|tier|[Gen 9] OU\n|rated|\n|rule|Sleep Clause Mod: Limit one foe put to sleep\n|rule|Species Clause: Limit one of each Pok\u00e9mon\n|rule|OHKO Clause: OHKO moves are banned\n|rule|Evasion Items Clause: Evasion items are banned\n|rule|Evasion Moves Clause: Evasion moves are banned\n|rule|Endless Battle Clause: Forcing endless battles is banned\n|rule|HP Percentage Mod: HP is shown in percentages\n|clearpoke\n|poke|p1|Breloom, M|\n|poke|p1|Iron Treads|\n|poke|p1|Enamorus-Therian, F|\n|poke|p1|Spidops, M|\n|poke|p1|Arcanine-Hisui, M|\n|poke|p1|Gholdengo|\n|poke|p2|Okidogi, M|\n|poke|p2|Ninetales-Alola, F|\n|poke|p2|Haxorus, F|\n|poke|p2|Enamorus, F|\n|poke|p2|Crawdaunt, M|\n|poke|p2|Iron Moth|\n|teampreview\n|inactive|Battle timer is ON: inactive players will automatically lose when time's up. (requested by Light Rey)\n|\n|t:|1700440306\n|start\n|switch|p1a: Spidops|Spidops, M|100\/100\n|switch|p2a: Crawdaunt|Crawdaunt, M|100\/100\n|turn|1\n|\n|t:|1700440314\n|move|p2a: Crawdaunt|Knock Off|p1a: Spidops\n|-damage|p1a: Spidops|22\/100\n|-enditem|p1a: Spidops|Heavy-Duty Boots|[from] move: Knock Off|[of] p2a: Crawdaunt\n|-damage|p2a: Crawdaunt|90\/100|[from] item: Life Orb\n|move|p1a: Spidops|Sticky Web|p2a: Crawdaunt\n|-sidestart|p2: Hyoop|move: Sticky Web\n|\n|upkeep\n|turn|2\n|\n|t:|1700440322\n|move|p2a: Crawdaunt|Knock Off|p1a: Spidops\n|-damage|p1a: Spidops|0 fnt\n|faint|p1a: Spidops\n|-damage|p2a: Crawdaunt|80\/100|[from] item: Life Orb\n|\n|upkeep\n|\n|t:|1700440336\n|switch|p1a: Breloom|Breloom, M, shiny|100\/100\n|turn|3\n|\n|t:|1700440355\n|move|p1a: Breloom|Bullet Seed|p2a: Crawdaunt\n|-supereffective|p2a: Crawdaunt\n|-crit|p2a: Crawdaunt\n|-damage|p2a: Crawdaunt|13\/100\n|-supereffective|p2a: Crawdaunt\n|-damage|p2a: Crawdaunt|0 fnt\n|faint|p2a: Crawdaunt\n|-hitcount|p2: Crawdaunt|2\n|\n|upkeep\n|\n|t:|1700440368\n|switch|p2a: Okidogi|Okidogi, M|100\/100\n|-activate|p2a: Okidogi|move: Sticky Web\n|-unboost|p2a: Okidogi|spe|1\n|turn|4\n|\n|t:|1700440380\n|switch|p1a: Gholdengo|Gholdengo|100\/100\n|move|p2a: Okidogi|Poison Jab|p1a: Gholdengo\n|-immune|p1a: Gholdengo\n|\n|upkeep\n|turn|5\n|\n|t:|1700440393\n|switch|p2a: Enamorus|Enamorus, F|100\/100\n|move|p1a: Gholdengo|Make It Rain|p2a: Enamorus\n|-supereffective|p2a: Enamorus\n|-damage|p2a: Enamorus|0 fnt\n|-unboost|p1a: Gholdengo|spa|1\n|faint|p2a: Enamorus\n|\n|upkeep\n|\n|t:|1700440401\n|switch|p2a: Iron Moth|Iron Moth|100\/100\n|-activate|p2a: Iron Moth|move: Sticky Web\n|-unboost|p2a: Iron Moth|spe|1\n|turn|6\n|\n|t:|1700440408\n|switch|p1a: Arcanine|Arcanine-Hisui, M, shiny|100\/100\n|-terastallize|p2a: Iron Moth|Flying\n|move|p2a: Iron Moth|Fiery Dance|p1a: Arcanine\n|-resisted|p1a: Arcanine\n|-damage|p1a: Arcanine|87\/100\n|-boost|p2a: Iron Moth|spa|1\n|\n|upkeep\n|turn|7\n|\n|t:|1700440421\n|-end|p2a: Iron Moth|Quark Drive|[silent]\n|switch|p2a: Ninetales|Ninetales-Alola, F|100\/100\n|-activate|p2a: Ninetales|move: Sticky Web\n|-unboost|p2a: Ninetales|spe|1\n|-weather|Snow|[from] ability: Snow Warning|[of] p2a: Ninetales\n|move|p1a: Arcanine|Head Smash|p2a: Ninetales\n|-supereffective|p2a: Ninetales\n|-damage|p2a: Ninetales|0 fnt\n|faint|p2a: Ninetales\n|\n|-weather|Snow|[upkeep]\n|upkeep\n|\n|t:|1700440434\n|switch|p2a: Iron Moth|Iron Moth, tera:Flying|100\/100\n|turn|8\n|\n|t:|1700440454\n|move|p2a: Iron Moth|Psychic|p1a: Arcanine\n|-damage|p1a: Arcanine|42\/100\n|move|p1a: Arcanine|Head Smash|p2a: Iron Moth\n|-supereffective|p2a: Iron Moth\n|-damage|p2a: Iron Moth|0 fnt\n|faint|p2a: Iron Moth\n|-end|p2a: Iron Moth|Quark Drive|[silent]\n|\n|-weather|Snow|[upkeep]\n|upkeep\n|\n|t:|1700440462\n|switch|p2a: Haxorus|Haxorus, F|100\/100\n|-activate|p2a: Haxorus|move: Sticky Web\n|-unboost|p2a: Haxorus|spe|1\n|-ability|p2a: Haxorus|Mold Breaker\n|turn|9\n|\n|t:|1700440468\n|move|p1a: Arcanine|Head Smash|p2a: Haxorus\n|-damage|p2a: Haxorus|0 fnt\n|faint|p2a: Haxorus\n|\n|-weather|Snow|[upkeep]\n|upkeep\n|\n|t:|1700440473\n|switch|p2a: Okidogi|Okidogi, M|100\/100\n|-activate|p2a: Okidogi|move: Sticky Web\n|-unboost|p2a: Okidogi|spe|1\n|turn|10\n|\n|t:|1700440478\n|switch|p1a: Gholdengo|Gholdengo|100\/100\n|move|p2a: Okidogi|Drain Punch|p1a: Gholdengo\n|-immune|p1a: Gholdengo\n|\n|-weather|Snow|[upkeep]\n|upkeep\n|turn|11\n|\n|t:|1700440485\n|move|p1a: Gholdengo|Trick|p2a: Okidogi\n|-activate|p1a: Gholdengo|move: Trick|[of] p2a: Okidogi\n|-item|p2a: Okidogi|Choice Scarf|[from] move: Trick\n|-item|p1a: Gholdengo|Leftovers|[from] move: Trick\n|move|p2a: Okidogi|Knock Off|p1a: Gholdengo\n|-supereffective|p1a: Gholdengo\n|-damage|p1a: Gholdengo|18\/100\n|-enditem|p1a: Gholdengo|Leftovers|[from] move: Knock Off|[of] p2a: Okidogi\n|\n|-weather|none\n|upkeep\n|turn|12\n|\n|t:|1700440495\n|move|p1a: Gholdengo|Make It Rain|p2a: Okidogi\n|-damage|p2a: Okidogi|36\/100\n|-unboost|p1a: Gholdengo|spa|1\n|move|p2a: Okidogi|Knock Off|p1a: Gholdengo\n|-supereffective|p1a: Gholdengo\n|-damage|p1a: Gholdengo|0 fnt\n|faint|p1a: Gholdengo\n|\n|upkeep\n|\n|t:|1700440509\n|switch|p1a: Arcanine|Arcanine-Hisui, M, shiny|42\/100\n|turn|13\n|c|\u2606Light Rey|gg\n|\n|t:|1700440528\n|move|p1a: Arcanine|Flare Blitz|p2a: Okidogi\n|-damage|p2a: Okidogi|0 fnt\n|faint|p2a: Okidogi\n|\n|win|Light Rey\n|raw|Light Rey's rating: 1333 &rarr; <strong>1350<\/strong><br \/>(+17 for winning)\n|raw|Hyoop's rating: 1286 &rarr; <strong>1264<\/strong><br \/>(-22 for losing)\n|c|\u2606Hyoop|gg\n|l|\u2606Hyoop\n","uploadtime":1700440533,"views":7,"p1id":"lightrey","p2id":"hyoop","formatid":"gen9ou","rating":1264,"private":0,"password":""}