{"id":"gen9ou-2000224083","p1":"laosai","p2":"Goumsaal","format":"[Gen 9] OU","log":"|j|\u203dlaosai\n|j|\u2606Goumsaal\n|t:|1701174373\n|gametype|singles\n|player|p1|laosai|bellelba|1466\n|player|p2|Goumsaal|265|1527\n|teamsize|p1|6\n|teamsize|p2|6\n|gen|9\n|tier|[Gen 9] OU\n|rated|\n|rule|Sleep Clause Mod: Limit one foe put to sleep\n|rule|Species Clause: Limit one of each Pok\u00e9mon\n|rule|OHKO Clause: OHKO moves are banned\n|rule|Evasion Items Clause: Evasion items are banned\n|rule|Evasion Moves Clause: Evasion moves are banned\n|rule|Endless Battle Clause: Forcing endless battles is banned\n|rule|HP Percentage Mod: HP is shown in percentages\n|clearpoke\n|poke|p1|Shaymin|\n|poke|p1|Corviknight, F|\n|poke|p1|Slowking, M|\n|poke|p1|Great Tusk|\n|poke|p1|Gholdengo|\n|poke|p1|Rillaboom, F|\n|poke|p2|Dragonite, M|\n|poke|p2|Lokix, F|\n|poke|p2|Heatran, F|\n|poke|p2|Rotom-Wash|\n|poke|p2|Great Tusk|\n|poke|p2|Munkidori, M|\n|teampreview\n|\n|t:|1701174383\n|start\n|switch|p1a: Gholdengo|Gholdengo|100\/100\n|switch|p2a: Heatran|Heatran, F|100\/100\n|-item|p2a: Heatran|Air Balloon\n|turn|1\n|\n|t:|1701174390\n|switch|p1a: Slowking|Slowking, M|100\/100\n|move|p2a: Heatran|Magma Storm|p1a: Slowking\n|-resisted|p1a: Slowking\n|-damage|p1a: Slowking|88\/100\n|-activate|p1a: Slowking|move: Magma Storm|[of] p2a: Heatran\n|\n|-damage|p1a: Slowking|75\/100|[from] move: Magma Storm|[partiallytrapped]\n|upkeep\n|turn|2\n|\n|t:|1701174399\n|move|p2a: Heatran|Taunt|p1a: Slowking\n|-start|p1a: Slowking|move: Taunt\n|move|p1a: Slowking|Scald|p2a: Heatran\n|-supereffective|p2a: Heatran\n|-damage|p2a: Heatran|66\/100\n|-enditem|p2a: Heatran|Air Balloon\n|\n|-damage|p1a: Slowking|63\/100|[from] move: Magma Storm|[partiallytrapped]\n|upkeep\n|turn|3\n|\n|t:|1701174409\n|move|p2a: Heatran|Stealth Rock|p1a: Slowking\n|-sidestart|p1: laosai|move: Stealth Rock\n|move|p1a: Slowking|Scald|p2a: Heatran\n|-supereffective|p2a: Heatran\n|-damage|p2a: Heatran|31\/100\n|\n|-damage|p1a: Slowking|50\/100|[from] move: Magma Storm|[partiallytrapped]\n|upkeep\n|turn|4\n|inactive|Battle timer is ON: inactive players will automatically lose when time's up. (requested by laosai)\n|\n|t:|1701174418\n|move|p2a: Heatran|Flash Cannon|p1a: Slowking\n|-resisted|p1a: Slowking\n|-damage|p1a: Slowking|41\/100\n|move|p1a: Slowking|Scald|p2a: Heatran\n|-supereffective|p2a: Heatran\n|-damage|p2a: Heatran|0 fnt\n|faint|p2a: Heatran\n|\n|-end|p1a: Slowking|Magma Storm|[partiallytrapped]|[silent]\n|-end|p1a: Slowking|move: Taunt\n|upkeep\n|\n|t:|1701174429\n|switch|p2a: Lokix|Lokix, F|100\/100\n|turn|5\n|\n|t:|1701174432\n|switch|p1a: Corviknight|Corviknight, F|100\/100\n|-damage|p1a: Corviknight|88\/100|[from] Stealth Rock\n|-ability|p1a: Corviknight|Pressure\n|move|p2a: Lokix|U-turn|p1a: Corviknight\n|-resisted|p1a: Corviknight\n|-damage|p1a: Corviknight|74\/100\n|-damage|p2a: Lokix|91\/100|[from] item: Life Orb\n|\n|t:|1701174441\n|switch|p2a: Great Tusk|Great Tusk|100\/100|[from] U-turn\n|-enditem|p2a: Great Tusk|Booster Energy\n|-activate|p2a: Great Tusk|ability: Protosynthesis|[fromitem]\n|-start|p2a: Great Tusk|protosynthesisatk\n|\n|-heal|p1a: Corviknight|80\/100|[from] item: Leftovers\n|upkeep\n|turn|6\n|\n|t:|1701174450\n|move|p2a: Great Tusk|Rapid Spin|p1a: Corviknight\n|-resisted|p1a: Corviknight\n|-damage|p1a: Corviknight|72\/100\n|-boost|p2a: Great Tusk|spe|1\n|move|p1a: Corviknight|Bulk Up|p1a: Corviknight\n|-boost|p1a: Corviknight|atk|1\n|-boost|p1a: Corviknight|def|1\n|\n|-heal|p1a: Corviknight|78\/100|[from] item: Leftovers\n|upkeep\n|turn|7\n|\n|t:|1701174461\n|-terastallize|p2a: Great Tusk|Fighting\n|move|p2a: Great Tusk|Close Combat|p1a: Corviknight\n|-damage|p1a: Corviknight|28\/100\n|-unboost|p2a: Great Tusk|def|1\n|-unboost|p2a: Great Tusk|spd|1\n|move|p1a: Corviknight|Bulk Up|p1a: Corviknight\n|-boost|p1a: Corviknight|atk|1\n|-boost|p1a: Corviknight|def|1\n|\n|-heal|p1a: Corviknight|34\/100|[from] item: Leftovers\n|upkeep\n|turn|8\n|\n|t:|1701174473\n|move|p2a: Great Tusk|Close Combat|p1a: Corviknight\n|-damage|p1a: Corviknight|0 fnt\n|-unboost|p2a: Great Tusk|def|1\n|-unboost|p2a: Great Tusk|spd|1\n|faint|p1a: Corviknight\n|\n|upkeep\n|\n|t:|1701174478\n|switch|p1a: Rillaboom|Rillaboom, F|100\/100\n|-damage|p1a: Rillaboom|88\/100|[from] Stealth Rock\n|-fieldstart|move: Grassy Terrain|[from] ability: Grassy Surge|[of] p1a: Rillaboom\n|turn|9\n|\n|t:|1701174485\n|-terastallize|p1a: Rillaboom|Grass\n|move|p1a: Rillaboom|Grassy Glide|p2a: Great Tusk\n|-damage|p2a: Great Tusk|0 fnt\n|faint|p2a: Great Tusk\n|-end|p2a: Great Tusk|Protosynthesis|[silent]\n|\n|-heal|p1a: Rillaboom|94\/100|[from] Grassy Terrain\n|upkeep\n|\n|t:|1701174494\n|switch|p2a: Lokix|Lokix, F|91\/100\n|turn|10\n|\n|t:|1701174497\n|switch|p1a: Great Tusk|Great Tusk|100\/100\n|-damage|p1a: Great Tusk|98\/100|[from] Stealth Rock\n|move|p2a: Lokix|U-turn|p1a: Great Tusk\n|-resisted|p1a: Great Tusk\n|-damage|p1a: Great Tusk|65\/100\n|-damage|p2a: Lokix|81\/100|[from] item: Life Orb\n|\n|t:|1701174506\n|switch|p2a: Rotom|Rotom-Wash|100\/100|[from] U-turn\n|\n|-heal|p1a: Great Tusk|71\/100|[from] Grassy Terrain\n|-heal|p1a: Great Tusk|77\/100|[from] item: Leftovers\n|upkeep\n|turn|11\n|\n|t:|1701174513\n|-end|p1a: Great Tusk|Protosynthesis|[silent]\n|switch|p1a: Shaymin|Shaymin|100\/100\n|-damage|p1a: Shaymin|88\/100|[from] Stealth Rock\n|move|p2a: Rotom|Hydro Pump|p1a: Shaymin\n|-resisted|p1a: Shaymin\n|-damage|p1a: Shaymin|70\/100\n|\n|-heal|p1a: Shaymin|76\/100|[from] Grassy Terrain\n|upkeep\n|turn|12\n|\n|t:|1701174523\n|move|p1a: Shaymin|Seed Flare|p2a: Rotom|[miss]\n|-miss|p1a: Shaymin|p2a: Rotom\n|move|p2a: Rotom|Volt Switch|p1a: Shaymin\n|-resisted|p1a: Shaymin\n|-damage|p1a: Shaymin|63\/100\n|\n|t:|1701174529\n|switch|p2a: Lokix|Lokix, F|81\/100|[from] Volt Switch\n|\n|-heal|p1a: Shaymin|69\/100|[from] Grassy Terrain\n|-heal|p2a: Lokix|87\/100|[from] Grassy Terrain\n|upkeep\n|turn|13\n|\n|t:|1701174537\n|move|p1a: Shaymin|Seed Flare|p2a: Lokix\n|-resisted|p2a: Lokix\n|-damage|p2a: Lokix|4\/100\n|-damage|p1a: Shaymin|59\/100|[from] item: Life Orb\n|move|p2a: Lokix|U-turn|p1a: Shaymin\n|-supereffective|p1a: Shaymin\n|-damage|p1a: Shaymin|0 fnt\n|faint|p1a: Shaymin\n|-damage|p2a: Lokix|0 fnt|[from] item: Life Orb\n|faint|p2a: Lokix\n|\n|-fieldend|move: Grassy Terrain\n|upkeep\n|\n|t:|1701174550\n|switch|p1a: Gholdengo|Gholdengo|100\/100\n|switch|p2a: Munkidori|Munkidori, M|100\/100\n|-damage|p1a: Gholdengo|94\/100|[from] Stealth Rock\n|turn|14\n|\n|t:|1701174556\n|move|p2a: Munkidori|U-turn|p1a: Gholdengo\n|-resisted|p1a: Gholdengo\n|-damage|p1a: Gholdengo|91\/100\n|\n|t:|1701174559\n|switch|p2a: Rotom|Rotom-Wash|100\/100|[from] U-turn\n|move|p1a: Gholdengo|Shadow Ball|p2a: Rotom\n|-damage|p2a: Rotom|69\/100\n|\n|-heal|p2a: Rotom|75\/100|[from] item: Leftovers\n|upkeep\n|turn|15\n|\n|t:|1701174569\n|move|p1a: Gholdengo|Shadow Ball|p2a: Rotom\n|-damage|p2a: Rotom|39\/100\n|move|p2a: Rotom|Volt Switch|p1a: Gholdengo\n|-damage|p1a: Gholdengo|60\/100\n|\n|t:|1701174575\n|switch|p2a: Dragonite|Dragonite, M|100\/100|[from] Volt Switch\n|\n|upkeep\n|turn|16\n|\n|t:|1701174581\n|move|p1a: Gholdengo|Shadow Ball|p2a: Dragonite\n|-damage|p2a: Dragonite|79\/100\n|move|p2a: Dragonite|Dragon Dance|p2a: Dragonite\n|-boost|p2a: Dragonite|atk|1\n|-boost|p2a: Dragonite|spe|1\n|\n|upkeep\n|turn|17\n|\n|t:|1701174588\n|move|p1a: Gholdengo|Shadow Ball|p2a: Dragonite\n|-damage|p2a: Dragonite|37\/100\n|-unboost|p2a: Dragonite|spd|1\n|move|p2a: Dragonite|Dragon Dance|p2a: Dragonite\n|-boost|p2a: Dragonite|atk|1\n|-boost|p2a: Dragonite|spe|1\n|\n|upkeep\n|turn|18\n|\n|t:|1701174596\n|move|p2a: Dragonite|Earthquake|p1a: Gholdengo\n|-supereffective|p1a: Gholdengo\n|-damage|p1a: Gholdengo|0 fnt\n|faint|p1a: Gholdengo\n|\n|upkeep\n|\n|t:|1701174598\n|switch|p1a: Great Tusk|Great Tusk|77\/100\n|-damage|p1a: Great Tusk|74\/100|[from] Stealth Rock\n|turn|19\n|\n|t:|1701174605\n|move|p2a: Dragonite|Earthquake|p1a: Great Tusk\n|-damage|p1a: Great Tusk|15\/100\n|move|p1a: Great Tusk|Ice Spinner|p2a: Dragonite\n|-supereffective|p2a: Dragonite\n|-damage|p2a: Dragonite|0 fnt\n|faint|p2a: Dragonite\n|\n|-heal|p1a: Great Tusk|21\/100|[from] item: Leftovers\n|upkeep\n|\n|t:|1701174617\n|switch|p2a: Munkidori|Munkidori, M|100\/100\n|turn|20\n|\n|t:|1701174623\n|move|p2a: Munkidori|Sludge Wave|p1a: Great Tusk\n|-resisted|p1a: Great Tusk\n|-damage|p1a: Great Tusk|0 fnt\n|faint|p1a: Great Tusk\n|-end|p1a: Great Tusk|Protosynthesis|[silent]\n|\n|upkeep\n|\n|t:|1701174625\n|switch|p1a: Slowking|Slowking, M|74\/100\n|turn|21\n|\n|t:|1701174630\n|move|p2a: Munkidori|Sludge Wave|p1a: Slowking\n|-damage|p1a: Slowking|47\/100\n|move|p1a: Slowking|Scald|p2a: Munkidori\n|-damage|p2a: Munkidori|69\/100\n|\n|upkeep\n|turn|22\n|\n|t:|1701174636\n|move|p2a: Munkidori|Sludge Wave|p1a: Slowking\n|-damage|p1a: Slowking|19\/100\n|move|p1a: Slowking|Slack Off|p1a: Slowking\n|-heal|p1a: Slowking|69\/100\n|\n|upkeep\n|turn|23\n|\n|t:|1701174642\n|move|p2a: Munkidori|Sludge Wave|p1a: Slowking\n|-damage|p1a: Slowking|42\/100\n|-status|p1a: Slowking|tox|[from] ability: Toxic Chain|[of] p2a: Munkidori\n|move|p1a: Slowking|Future Sight|p2a: Munkidori\n|-start|p1a: Slowking|move: Future Sight\n|\n|-damage|p1a: Slowking|36\/100 tox|[from] psn\n|upkeep\n|turn|24\n|\n|t:|1701174651\n|move|p2a: Munkidori|Sludge Wave|p1a: Slowking\n|-damage|p1a: Slowking|6\/100 tox\n|move|p1a: Slowking|Slack Off|p1a: Slowking\n|-heal|p1a: Slowking|56\/100 tox\n|\n|-damage|p1a: Slowking|43\/100 tox|[from] psn\n|upkeep\n|turn|25\n|\n|t:|1701174659\n|switch|p2a: Rotom|Rotom-Wash|39\/100\n|move|p1a: Slowking|Chilly Reception|p1a: Slowking\n|-weather|Snow\n|\n|t:|1701174661\n|switch|p1a: Rillaboom|Rillaboom, F, tera:Grass|94\/100|[from] Chilly Reception\n|-damage|p1a: Rillaboom|82\/100|[from] Stealth Rock\n|-fieldstart|move: Grassy Terrain|[from] ability: Grassy Surge|[of] p1a: Rillaboom\n|\n|-weather|Snow|[upkeep]\n|-end|p2a: Rotom|move: Future Sight\n|-damage|p2a: Rotom|8\/100\n|-heal|p1a: Rillaboom|88\/100|[from] Grassy Terrain\n|-heal|p2a: Rotom|15\/100|[from] item: Leftovers\n|upkeep\n|turn|26\n|\n|t:|1701174677\n|move|p1a: Rillaboom|Grassy Glide|p2a: Rotom\n|-supereffective|p2a: Rotom\n|-damage|p2a: Rotom|0 fnt\n|faint|p2a: Rotom\n|\n|-weather|Snow|[upkeep]\n|-heal|p1a: Rillaboom|94\/100|[from] Grassy Terrain\n|upkeep\n|\n|t:|1701174685\n|switch|p2a: Munkidori|Munkidori, M|69\/100\n|turn|27\n|\n|t:|1701174688\n|move|p1a: Rillaboom|Grassy Glide|p2a: Munkidori\n|-resisted|p2a: Munkidori\n|-damage|p2a: Munkidori|17\/100\n|move|p2a: Munkidori|Sludge Wave|p1a: Rillaboom\n|-supereffective|p1a: Rillaboom\n|-damage|p1a: Rillaboom|0 fnt\n|faint|p1a: Rillaboom\n|\n|-weather|Snow|[upkeep]\n|-heal|p2a: Munkidori|23\/100|[from] Grassy Terrain\n|upkeep\n|\n|t:|1701174691\n|switch|p1a: Slowking|Slowking, M|77\/100 tox\n|turn|28\n|\n|t:|1701174701\n|move|p2a: Munkidori|Sludge Wave|p1a: Slowking\n|-damage|p1a: Slowking|47\/100 tox\n|move|p1a: Slowking|Scald|p2a: Munkidori\n|-damage|p2a: Munkidori|0 fnt\n|faint|p2a: Munkidori\n|\n|win|laosai\n|raw|laosai's rating: 1466 &rarr; <strong>1489<\/strong><br \/>(+23 for winning)\n|raw|Goumsaal's rating: 1527 &rarr; <strong>1504<\/strong><br \/>(-23 for losing)\n","uploadtime":1701174705,"views":8,"p1id":"laosai","p2id":"goumsaal","formatid":"gen9ou","rating":1489,"private":0,"password":""}