{"id":"gen9ou-1998235341","p1":"sansbeatings","p2":"shadhbazz","format":"[Gen 9] OU","log":"|j|\u2606sansbeatings\n|j|\u2606shadhbazz\n|t:|1700917483\n|gametype|singles\n|player|p1|sansbeatings|wallace|\n|player|p2|shadhbazz|101|\n|teamsize|p1|6\n|teamsize|p2|6\n|gen|9\n|tier|[Gen 9] OU\n|rule|Sleep Clause Mod: Limit one foe put to sleep\n|rule|Species Clause: Limit one of each Pok\u00e9mon\n|rule|OHKO Clause: OHKO moves are banned\n|rule|Evasion Items Clause: Evasion items are banned\n|rule|Evasion Moves Clause: Evasion moves are banned\n|rule|Endless Battle Clause: Forcing endless battles is banned\n|rule|HP Percentage Mod: HP is shown in percentages\n|clearpoke\n|poke|p1|Basculegion, M|\n|poke|p1|Pelipper, F|\n|poke|p1|Goodra-Hisui, F|\n|poke|p1|Mandibuzz, F|\n|poke|p1|Arcanine-Hisui, F|\n|poke|p1|Rillaboom, M|\n|poke|p2|Crawdaunt, M|\n|poke|p2|Cresselia, F|\n|poke|p2|Hatterene, F|\n|poke|p2|Ursaluna, F|\n|poke|p2|Skeledirge, F|\n|poke|p2|Slowbro-Galar, M|\n|teampreview\n|\n|t:|1700917508\n|start\n|switch|p1a: Arcanine|Arcanine-Hisui, F, shiny|100\/100\n|switch|p2a: Cresselia|Cresselia, F, shiny|100\/100\n|turn|1\n|\n|t:|1700917518\n|-terastallize|p1a: Arcanine|Fire\n|move|p1a: Arcanine|Flare Blitz|p2a: Cresselia\n|-damage|p2a: Cresselia|44\/100\n|move|p2a: Cresselia|Trick Room|p2a: Cresselia\n|-fieldstart|move: Trick Room|[of] p2a: Cresselia\n|\n|-heal|p2a: Cresselia|50\/100|[from] item: Leftovers\n|upkeep\n|turn|2\n|\n|t:|1700917529\n|switch|p2a: Skeledirge|Skeledirge, F, shiny|100\/100\n|move|p1a: Arcanine|Extreme Speed|p2a: Skeledirge\n|-immune|p2a: Skeledirge\n|\n|upkeep\n|turn|3\n|j| Guy Oh\n|\n|t:|1700917543\n|move|p2a: Skeledirge|Torch Song|p1a: Arcanine\n|-resisted|p1a: Arcanine\n|-damage|p1a: Arcanine|75\/100\n|-boost|p2a: Skeledirge|spa|1\n|-enditem|p2a: Skeledirge|Throat Spray\n|-boost|p2a: Skeledirge|spa|1|[from] item: Throat Spray\n|move|p1a: Arcanine|Head Smash|p2a: Skeledirge\n|-supereffective|p2a: Skeledirge\n|-damage|p2a: Skeledirge|0 fnt\n|faint|p2a: Skeledirge\n|\n|upkeep\n|c|\u2606sansbeatings|YIKES\n|\n|t:|1700917555\n|switch|p2a: Ursaluna|Ursaluna, F, shiny|100\/100\n|turn|4\n|c|\u2606sansbeatings|watch this\n|c|\u2606sansbeatings|!weak ursaluna\n|c| sansbeatings|\/raw <div class=\"infobox\">Ursaluna (ignoring abilities):<br \/><span class=\"message-effect-weak\">Weaknesses<\/span>: Fighting, Grass, Ice, Water<br \/><span class=\"message-effect-resist\">Resistances<\/span>: Poison, Rock<br \/><span class=\"message-effect-immune\">Immunities<\/span>: Electric, Ghost, Sandstorm damage<\/div>\n|\n|t:|1700917572\n|move|p2a: Ursaluna|Earthquake|p1a: Arcanine\n|-supereffective|p1a: Arcanine\n|-damage|p1a: Arcanine|0 fnt\n|faint|p1a: Arcanine\n|\n|-status|p2a: Ursaluna|brn|[from] item: Flame Orb\n|upkeep\n|\n|t:|1700917578\n|switch|p1a: Basculegion|Basculegion, M, shiny|100\/100\n|turn|5\n|\n|t:|1700917591\n|move|p2a: Ursaluna|Crunch|p1a: Basculegion\n|-supereffective|p1a: Basculegion\n|-damage|p1a: Basculegion|0 fnt\n|faint|p1a: Basculegion\n|\n|-damage|p2a: Ursaluna|94\/100 brn|[from] brn\n|-fieldend|move: Trick Room\n|upkeep\n|\n|t:|1700917600\n|switch|p1a: Rillaboom|Rillaboom, M, shiny|100\/100\n|-fieldstart|move: Grassy Terrain|[from] ability: Grassy Surge|[of] p1a: Rillaboom\n|turn|6\n|\n|t:|1700917608\n|switch|p2a: Hatterene|Hatterene, F, shiny|100\/100\n|move|p1a: Rillaboom|Drum Beating|p2a: Hatterene\n|-damage|p2a: Hatterene|20\/100\n|-unboost|p2a: Hatterene|spe|1\n|-damage|p1a: Rillaboom|91\/100|[from] item: Life Orb\n|\n|-heal|p1a: Rillaboom|97\/100|[from] Grassy Terrain\n|-heal|p2a: Hatterene|26\/100|[from] Grassy Terrain\n|upkeep\n|turn|7\n|\n|t:|1700917628\n|move|p1a: Rillaboom|Earthquake|p2a: Hatterene\n|-damage|p2a: Hatterene|0 fnt\n|faint|p2a: Hatterene\n|-damage|p1a: Rillaboom|87\/100|[from] item: Life Orb\n|\n|-heal|p1a: Rillaboom|93\/100|[from] Grassy Terrain\n|upkeep\n|\n|t:|1700917638\n|switch|p2a: Cresselia|Cresselia, F, shiny|50\/100\n|turn|8\n|\n|t:|1700917649\n|move|p1a: Rillaboom|Drum Beating|p2a: Cresselia\n|-damage|p2a: Cresselia|0 fnt\n|faint|p2a: Cresselia\n|-damage|p1a: Rillaboom|83\/100|[from] item: Life Orb\n|\n|-heal|p1a: Rillaboom|89\/100|[from] Grassy Terrain\n|upkeep\n|c|\u2606sansbeatings|nuh uh\n|\n|t:|1700917657\n|switch|p2a: Crawdaunt|Crawdaunt, M, shiny|100\/100\n|turn|9\n|c| Guy Oh|oh no\n|c| Guy Oh|crawdaunt\n|c|\u2606sansbeatings|please no\n|c| Guy Oh|its crover\n|\n|t:|1700917684\n|switch|p2a: Slowbro|Slowbro-Galar, M, shiny|100\/100\n|move|p1a: Rillaboom|Drum Beating|p2a: Slowbro\n|-resisted|p2a: Slowbro\n|-damage|p2a: Slowbro|78\/100\n|-unboost|p2a: Slowbro|spe|1\n|-damage|p1a: Rillaboom|79\/100|[from] item: Life Orb\n|\n|-heal|p1a: Rillaboom|85\/100|[from] Grassy Terrain\n|-heal|p2a: Slowbro|84\/100|[from] Grassy Terrain\n|upkeep\n|turn|10\n|\n|t:|1700917712\n|move|p1a: Rillaboom|Earthquake|p2a: Slowbro\n|-supereffective|p2a: Slowbro\n|-enditem|p2a: Slowbro|Shuca Berry|[eat]\n|-enditem|p2a: Slowbro|Shuca Berry|[weaken]\n|-damage|p2a: Slowbro|70\/100\n|-damage|p1a: Rillaboom|75\/100|[from] item: Life Orb\n|move|p2a: Slowbro|Sludge Bomb|p1a: Rillaboom\n|-supereffective|p1a: Rillaboom\n|-damage|p1a: Rillaboom|0 fnt\n|faint|p1a: Rillaboom\n|\n|-heal|p2a: Slowbro|76\/100|[from] Grassy Terrain\n|-fieldend|move: Grassy Terrain\n|upkeep\n|c|\u2606sansbeatings|wtf\n|c| Guy Oh|bro used a shuca berry\n|c|\u2606sansbeatings|shuca berry??\n|c| Guy Oh|that is mad\n|\n|t:|1700917727\n|switch|p1a: Goodra|Goodra-Hisui, F, shiny|100\/100\n|turn|11\n|c|\u2606sansbeatings|never in my life have i seen a shuca berry bruh\n|c| Guy Oh|shuca berry sweep\n|\n|t:|1700917753\n|switch|p2a: Ursaluna|Ursaluna, F, shiny|94\/100 brn\n|move|p1a: Goodra|Draco Meteor|p2a: Ursaluna\n|-damage|p2a: Ursaluna|49\/100 brn\n|-unboost|p1a: Goodra|spa|2\n|\n|-damage|p2a: Ursaluna|43\/100 brn|[from] brn\n|upkeep\n|turn|12\n|\n|t:|1700917763\n|move|p2a: Ursaluna|Earthquake|p1a: Goodra\n|-supereffective|p1a: Goodra\n|-damage|p1a: Goodra|0 fnt\n|faint|p1a: Goodra\n|\n|-damage|p2a: Ursaluna|37\/100 brn|[from] brn\n|upkeep\n|\n|t:|1700917768\n|switch|p1a: Pelipper|Pelipper, F|100\/100\n|-weather|RainDance|[from] ability: Drizzle|[of] p1a: Pelipper\n|turn|13\n|\n|t:|1700917777\n|move|p1a: Pelipper|Chilling Water|p2a: Ursaluna\n|-supereffective|p2a: Ursaluna\n|-damage|p2a: Ursaluna|0 fnt\n|faint|p2a: Ursaluna\n|\n|-weather|RainDance|[upkeep]\n|upkeep\n|c|\u2606sansbeatings|bro got negative speed ursaluna wtf\n|\n|t:|1700917788\n|switch|p2a: Slowbro|Slowbro-Galar, M, shiny|100\/100\n|turn|14\n|c|\u2606sansbeatings|!weak slowbro-galar\n|c| sansbeatings|\/raw <div class=\"infobox\">Slowbro-Galar (ignoring abilities):<br \/><span class=\"message-effect-weak\">Weaknesses<\/span>: Dark, Ghost, Ground<br \/><span class=\"message-effect-resist\">Resistances<\/span>: Fairy, <b>Fighting<\/b>, Grass, Poison<br \/><span class=\"message-effect-immune\">Immunities<\/span>: Toxic<\/div>\n|\n|t:|1700917801\n|move|p1a: Pelipper|Hurricane|p2a: Slowbro\n|-damage|p2a: Slowbro|51\/100\n|move|p2a: Slowbro|Sludge Bomb|p1a: Pelipper\n|-damage|p1a: Pelipper|54\/100\n|\n|-weather|RainDance|[upkeep]\n|-heal|p1a: Pelipper|60\/100|[from] item: Leftovers\n|upkeep\n|turn|15\n|\n|t:|1700917815\n|move|p1a: Pelipper|Hurricane|p2a: Slowbro\n|-damage|p2a: Slowbro|4\/100\n|move|p2a: Slowbro|Slack Off|p2a: Slowbro\n|-heal|p2a: Slowbro|54\/100\n|\n|-weather|RainDance|[upkeep]\n|-heal|p1a: Pelipper|67\/100|[from] item: Leftovers\n|upkeep\n|turn|16\n|\n|t:|1700917823\n|move|p1a: Pelipper|Hurricane|p2a: Slowbro\n|-damage|p2a: Slowbro|8\/100\n|move|p2a: Slowbro|Sludge Bomb|p1a: Pelipper\n|-damage|p1a: Pelipper|21\/100\n|\n|-weather|RainDance|[upkeep]\n|-heal|p1a: Pelipper|27\/100|[from] item: Leftovers\n|upkeep\n|turn|17\n|\n|t:|1700917837\n|move|p1a: Pelipper|Hurricane|p2a: Slowbro\n|-damage|p2a: Slowbro|0 fnt\n|faint|p2a: Slowbro\n|\n|-weather|none\n|-heal|p1a: Pelipper|34\/100|[from] item: Leftovers\n|upkeep\n|c| Guy Oh|end of the road buddy\n|\n|t:|1700917844\n|switch|p2a: Crawdaunt|Crawdaunt, M, shiny|100\/100\n|turn|18\n|c|\u2606sansbeatings|!weak crawdaunt\n|c| sansbeatings|\/raw <div class=\"infobox\">Crawdaunt (ignoring abilities):<br \/><span class=\"message-effect-weak\">Weaknesses<\/span>: Bug, Electric, Fairy, Fighting, Grass<br \/><span class=\"message-effect-resist\">Resistances<\/span>: Dark, Fire, Ghost, Ice, Steel, Water<br \/><span class=\"message-effect-immune\">Immunities<\/span>: Psychic, Prankster<\/div>\n|\n|t:|1700917857\n|move|p1a: Pelipper|Hurricane|p2a: Crawdaunt|[miss]\n|-miss|p1a: Pelipper|p2a: Crawdaunt\n|move|p2a: Crawdaunt|Knock Off|p1a: Pelipper\n|-damage|p1a: Pelipper|0 fnt\n|-enditem|p1a: Pelipper|Leftovers|[from] move: Knock Off|[of] p2a: Crawdaunt\n|faint|p1a: Pelipper\n|-damage|p2a: Crawdaunt|90\/100|[from] item: Life Orb\n|\n|upkeep\n|c| Guy Oh|has no weaknesses\n|c|\u2606sansbeatings|rng\n|c| Guy Oh|dodged\n|c| Guy Oh|too easy\n|\n|t:|1700917865\n|switch|p1a: Mandibuzz|Mandibuzz, F|100\/100\n|turn|19\n|\n|t:|1700917881\n|-terastallize|p2a: Crawdaunt|Water\n|move|p1a: Mandibuzz|Toxic|p2a: Crawdaunt\n|-status|p2a: Crawdaunt|tox\n|move|p2a: Crawdaunt|Crabhammer|p1a: Mandibuzz\n|-damage|p1a: Mandibuzz|43\/100\n|-damage|p2a: Crawdaunt|80\/100 tox|[from] item: Life Orb\n|\n|-heal|p1a: Mandibuzz|49\/100|[from] item: Leftovers\n|-damage|p2a: Crawdaunt|74\/100 tox|[from] psn\n|upkeep\n|turn|20\n|\n|t:|1700917892\n|move|p1a: Mandibuzz|Roost|p1a: Mandibuzz\n|-heal|p1a: Mandibuzz|99\/100\n|-singleturn|p1a: Mandibuzz|move: Roost\n|move|p2a: Crawdaunt|Crabhammer|p1a: Mandibuzz\n|-damage|p1a: Mandibuzz|37\/100\n|-damage|p2a: Crawdaunt|64\/100 tox|[from] item: Life Orb\n|\n|-heal|p1a: Mandibuzz|43\/100|[from] item: Leftovers\n|-damage|p2a: Crawdaunt|52\/100 tox|[from] psn\n|upkeep\n|turn|21\n|\n|t:|1700917903\n|move|p1a: Mandibuzz|Roost|p1a: Mandibuzz\n|-heal|p1a: Mandibuzz|93\/100\n|-singleturn|p1a: Mandibuzz|move: Roost\n|move|p2a: Crawdaunt|Swords Dance|p2a: Crawdaunt\n|-boost|p2a: Crawdaunt|atk|2\n|\n|-heal|p1a: Mandibuzz|99\/100|[from] item: Leftovers\n|-damage|p2a: Crawdaunt|34\/100 tox|[from] psn\n|upkeep\n|turn|22\n|\n|t:|1700917913\n|move|p1a: Mandibuzz|U-turn|p2a: Crawdaunt\n|-damage|p2a: Crawdaunt|22\/100 tox\n|move|p2a: Crawdaunt|Crabhammer|p1a: Mandibuzz\n|-damage|p1a: Mandibuzz|0 fnt\n|faint|p1a: Mandibuzz\n|-damage|p2a: Crawdaunt|12\/100 tox|[from] item: Life Orb\n|\n|win|shadhbazz\n","uploadtime":1700917934,"views":2,"p1id":"sansbeatings","p2id":"shadhbazz","formatid":"gen9ou","rating":0,"private":0,"password":""}