{"id":"gen9ou-1988387653","p1":"Tadc23","p2":"francesca_isnt","format":"[Gen 9] OU","log":"|j|\u2606Tadc23\n|j|\u2606francesca_isnt\n|t:|1699717239\n|gametype|singles\n|player|p1|Tadc23|wallace|1090\n|player|p2|francesca_isnt|acetrainerf|1136\n|teamsize|p1|6\n|teamsize|p2|6\n|gen|9\n|tier|[Gen 9] OU\n|rated|\n|rule|Sleep Clause Mod: Limit one foe put to sleep\n|rule|Species Clause: Limit one of each Pok\u00e9mon\n|rule|OHKO Clause: OHKO moves are banned\n|rule|Evasion Items Clause: Evasion items are banned\n|rule|Evasion Moves Clause: Evasion moves are banned\n|rule|Endless Battle Clause: Forcing endless battles is banned\n|rule|HP Percentage Mod: HP is shown in percentages\n|clearpoke\n|poke|p1|Gliscor, F|\n|poke|p1|Samurott-Hisui, M|\n|poke|p1|Kingambit, M|\n|poke|p1|Dragonite, M|\n|poke|p1|Heatran, M|\n|poke|p1|Ursaluna, F|\n|poke|p2|Rillaboom, F|\n|poke|p2|Sneasler, F|\n|poke|p2|Kommo-o, F|\n|poke|p2|Ninetales-Alola, M|\n|poke|p2|Cinderace, M|\n|poke|p2|Heatran, F|\n|teampreview\n|\n|t:|1699717255\n|start\n|switch|p1a: Gliscor|Gliscor, F, shiny|100\/100\n|switch|p2a: Rillaboom|Rillaboom, F|100\/100\n|-fieldstart|move: Grassy Terrain|[from] ability: Grassy Surge|[of] p2a: Rillaboom\n|turn|1\n|\n|t:|1699717262\n|move|p1a: Gliscor|Toxic|p2a: Rillaboom\n|-status|p2a: Rillaboom|tox\n|move|p2a: Rillaboom|Knock Off|p1a: Gliscor\n|-damage|p1a: Gliscor|79\/100\n|-enditem|p1a: Gliscor|Toxic Orb|[from] move: Knock Off|[of] p2a: Rillaboom\n|\n|-damage|p2a: Rillaboom|94\/100 tox|[from] psn\n|upkeep\n|turn|2\n|\n|t:|1699717273\n|move|p1a: Gliscor|Stealth Rock|p2a: Rillaboom\n|-sidestart|p2: francesca_isnt|move: Stealth Rock\n|move|p2a: Rillaboom|Drum Beating|p1a: Gliscor\n|-damage|p1a: Gliscor|45\/100\n|-unboost|p1a: Gliscor|spe|1\n|\n|-heal|p2a: Rillaboom|100\/100 tox|[from] Grassy Terrain\n|-damage|p2a: Rillaboom|88\/100 tox|[from] psn\n|upkeep\n|turn|3\n|\n|t:|1699717283\n|switch|p2a: Ninetales|Ninetales-Alola, M|100\/100\n|-damage|p2a: Ninetales|76\/100|[from] Stealth Rock\n|-weather|Snow|[from] ability: Snow Warning|[of] p2a: Ninetales\n|move|p1a: Gliscor|Protect||[still]\n|-fail|p1a: Gliscor\n|\n|-weather|Snow|[upkeep]\n|-heal|p2a: Ninetales|82\/100|[from] Grassy Terrain\n|upkeep\n|turn|4\n|\n|t:|1699717297\n|switch|p1a: Heatran|Heatran, M, shiny|100\/100\n|move|p2a: Ninetales|Aurora Veil|p2a: Ninetales\n|-sidestart|p2: francesca_isnt|move: Aurora Veil\n|\n|-weather|Snow|[upkeep]\n|-heal|p2a: Ninetales|88\/100|[from] Grassy Terrain\n|upkeep\n|turn|5\n|\n|t:|1699717305\n|switch|p2a: Heatran|Heatran, F|100\/100\n|-damage|p2a: Heatran|88\/100|[from] Stealth Rock\n|move|p1a: Heatran|Earth Power|p2a: Heatran\n|-supereffective|p2a: Heatran\n|-damage|p2a: Heatran|50\/100\n|\n|-weather|Snow|[upkeep]\n|-heal|p2a: Heatran|56\/100|[from] Grassy Terrain\n|-heal|p2a: Heatran|63\/100|[from] item: Leftovers\n|upkeep\n|turn|6\n|\n|t:|1699717317\n|move|p1a: Heatran|Taunt|p2a: Heatran\n|-start|p2a: Heatran|move: Taunt\n|move|p2a: Heatran|Earth Power|p1a: Heatran\n|-supereffective|p1a: Heatran\n|-damage|p1a: Heatran|0 fnt\n|faint|p1a: Heatran\n|\n|-weather|Snow|[upkeep]\n|-heal|p2a: Heatran|69\/100|[from] Grassy Terrain\n|-heal|p2a: Heatran|75\/100|[from] item: Leftovers\n|upkeep\n|\n|t:|1699717330\n|switch|p1a: Gliscor|Gliscor, F, shiny|45\/100\n|turn|7\n|\n|t:|1699717335\n|move|p1a: Gliscor|Protect|p1a: Gliscor\n|-singleturn|p1a: Gliscor|Protect\n|move|p2a: Heatran|Magma Storm|p1a: Gliscor\n|-activate|p1a: Gliscor|move: Protect\n|\n|-weather|none\n|-heal|p2a: Heatran|81\/100|[from] Grassy Terrain\n|-heal|p2a: Heatran|88\/100|[from] item: Leftovers\n|upkeep\n|turn|8\n|\n|t:|1699717346\n|switch|p1a: Samurott|Samurott-Hisui, M, shiny|100\/100\n|move|p2a: Heatran|Magma Storm|p1a: Samurott\n|-resisted|p1a: Samurott\n|-damage|p1a: Samurott|81\/100\n|-activate|p1a: Samurott|move: Magma Storm|[of] p2a: Heatran\n|\n|-heal|p1a: Samurott|87\/100|[from] Grassy Terrain\n|-heal|p2a: Heatran|94\/100|[from] Grassy Terrain\n|-heal|p2a: Heatran|99\/100|[from] item: Leftovers\n|-damage|p1a: Samurott|74\/100|[from] move: Magma Storm|[partiallytrapped]\n|-end|p2a: Heatran|move: Taunt\n|-fieldend|move: Grassy Terrain\n|upkeep\n|turn|9\n|\n|t:|1699717363\n|switch|p2a: Rillaboom|Rillaboom, F|88\/100 tox\n|-damage|p2a: Rillaboom|76\/100 tox|[from] Stealth Rock\n|-fieldstart|move: Grassy Terrain|[from] ability: Grassy Surge|[of] p2a: Rillaboom\n|move|p1a: Samurott|Knock Off|p2a: Rillaboom\n|-damage|p2a: Rillaboom|55\/100 tox\n|-enditem|p2a: Rillaboom|Terrain Extender|[from] move: Knock Off|[of] p1a: Samurott\n|\n|-heal|p1a: Samurott|81\/100|[from] Grassy Terrain\n|-heal|p2a: Rillaboom|61\/100 tox|[from] Grassy Terrain\n|-damage|p2a: Rillaboom|55\/100 tox|[from] psn\n|-end|p1a: Samurott|Magma Storm|[partiallytrapped]|[silent]\n|upkeep\n|turn|10\n|\n|t:|1699717386\n|switch|p1a: Gliscor|Gliscor, F, shiny|45\/100\n|move|p2a: Rillaboom|Drum Beating|p1a: Gliscor\n|-damage|p1a: Gliscor|12\/100\n|-unboost|p1a: Gliscor|spe|1\n|\n|-heal|p2a: Rillaboom|61\/100 tox|[from] Grassy Terrain\n|-damage|p2a: Rillaboom|49\/100 tox|[from] psn\n|upkeep\n|turn|11\n|\n|t:|1699717396\n|move|p1a: Gliscor|Protect|p1a: Gliscor\n|-singleturn|p1a: Gliscor|Protect\n|move|p2a: Rillaboom|Drum Beating|p1a: Gliscor\n|-activate|p1a: Gliscor|move: Protect\n|\n|-heal|p2a: Rillaboom|55\/100 tox|[from] Grassy Terrain\n|-damage|p2a: Rillaboom|37\/100 tox|[from] psn\n|-sideend|p2: francesca_isnt|move: Aurora Veil\n|upkeep\n|turn|12\n|\n|t:|1699717406\n|move|p2a: Rillaboom|Drum Beating|p1a: Gliscor\n|-damage|p1a: Gliscor|0 fnt\n|faint|p1a: Gliscor\n|\n|-heal|p2a: Rillaboom|43\/100 tox|[from] Grassy Terrain\n|-damage|p2a: Rillaboom|18\/100 tox|[from] psn\n|upkeep\n|\n|t:|1699717415\n|switch|p1a: Dragonite|Dragonite, M, shiny|100\/100\n|turn|13\n|\n|t:|1699717430\n|switch|p2a: Ninetales|Ninetales-Alola, M|88\/100\n|-damage|p2a: Ninetales|63\/100|[from] Stealth Rock\n|-weather|Snow|[from] ability: Snow Warning|[of] p2a: Ninetales\n|move|p1a: Dragonite|Extreme Speed|p2a: Ninetales\n|-damage|p2a: Ninetales|36\/100\n|\n|-weather|Snow|[upkeep]\n|-heal|p2a: Ninetales|42\/100|[from] Grassy Terrain\n|upkeep\n|turn|14\n|\n|t:|1699717443\n|switch|p1a: Samurott|Samurott-Hisui, M, shiny|81\/100\n|move|p2a: Ninetales|Freeze-Dry|p1a: Samurott\n|-supereffective|p1a: Samurott\n|-damage|p1a: Samurott|41\/100\n|\n|-weather|Snow|[upkeep]\n|-heal|p2a: Ninetales|48\/100|[from] Grassy Terrain\n|-heal|p1a: Samurott|47\/100|[from] Grassy Terrain\n|upkeep\n|turn|15\n|\n|t:|1699717453\n|move|p2a: Ninetales|Moonblast|p1a: Samurott\n|-supereffective|p1a: Samurott\n|-damage|p1a: Samurott|0 fnt\n|faint|p1a: Samurott\n|\n|-weather|Snow|[upkeep]\n|-heal|p2a: Ninetales|54\/100|[from] Grassy Terrain\n|upkeep\n|\n|t:|1699717462\n|switch|p1a: Ursaluna|Ursaluna, F, shiny|100\/100\n|turn|16\n|\n|t:|1699717470\n|move|p1a: Ursaluna|Protect|p1a: Ursaluna\n|-singleturn|p1a: Ursaluna|Protect\n|move|p2a: Ninetales|Freeze-Dry|p1a: Ursaluna\n|-activate|p1a: Ursaluna|move: Protect\n|\n|-weather|Snow|[upkeep]\n|-heal|p2a: Ninetales|60\/100|[from] Grassy Terrain\n|-fieldend|move: Grassy Terrain\n|-status|p1a: Ursaluna|brn|[from] item: Flame Orb\n|upkeep\n|turn|17\n|\n|t:|1699717481\n|-terastallize|p1a: Ursaluna|Normal\n|move|p2a: Ninetales|Encore|p1a: Ursaluna\n|-start|p1a: Ursaluna|Encore\n|move|p1a: Ursaluna|Protect||[still]\n|-fail|p1a: Ursaluna\n|\n|-weather|none\n|-damage|p1a: Ursaluna|94\/100 brn|[from] brn\n|upkeep\n|turn|18\n|\n|t:|1699717493\n|switch|p2a: Kommo-o|Kommo-o, F|100\/100\n|-damage|p2a: Kommo-o|94\/100|[from] Stealth Rock\n|switch|p1a: Kingambit|Kingambit, M, shiny|100\/100\n|-activate|p1a: Kingambit|ability: Supreme Overlord\n|-start|p1a: Kingambit|fallen3|[silent]\n|\n|upkeep\n|turn|19\n|\n|t:|1699717506\n|move|p1a: Kingambit|Sucker Punch||[still]\n|-fail|p1a: Kingambit\n|move|p2a: Kommo-o|Clangorous Soul|p2a: Kommo-o\n|-boost|p2a: Kommo-o|atk|1\n|-boost|p2a: Kommo-o|def|1\n|-boost|p2a: Kommo-o|spa|1\n|-boost|p2a: Kommo-o|spd|1\n|-boost|p2a: Kommo-o|spe|1\n|-damage|p2a: Kommo-o|61\/100\n|-enditem|p2a: Kommo-o|Throat Spray\n|-boost|p2a: Kommo-o|spa|1|[from] item: Throat Spray\n|\n|upkeep\n|turn|20\n|\n|t:|1699717519\n|move|p1a: Kingambit|Sucker Punch|p2a: Kommo-o\n|-resisted|p2a: Kommo-o\n|-damage|p2a: Kommo-o|44\/100\n|move|p2a: Kommo-o|Focus Blast|p1a: Kingambit\n|-supereffective|p1a: Kingambit\n|-damage|p1a: Kingambit|0 fnt\n|faint|p1a: Kingambit\n|-end|p1a: Kingambit|fallen3|[silent]\n|\n|upkeep\n|\n|t:|1699717527\n|switch|p1a: Dragonite|Dragonite, M, shiny|100\/100\n|turn|21\n|\n|t:|1699717532\n|-terastallize|p2a: Kommo-o|Steel\n|move|p1a: Dragonite|Extreme Speed|p2a: Kommo-o\n|-resisted|p2a: Kommo-o\n|-damage|p2a: Kommo-o|33\/100\n|move|p2a: Kommo-o|Clanging Scales|p1a: Dragonite\n|-supereffective|p1a: Dragonite\n|-damage|p1a: Dragonite|2\/100\n|-unboost|p2a: Kommo-o|def|1\n|\n|upkeep\n|turn|22\n|\n|t:|1699717543\n|move|p2a: Kommo-o|Flash Cannon|p1a: Dragonite\n|-damage|p1a: Dragonite|0 fnt\n|faint|p1a: Dragonite\n|\n|upkeep\n|\n|t:|1699717548\n|switch|p1a: Ursaluna|Ursaluna, F, shiny, tera:Normal|94\/100 brn\n|turn|23\n|\n|t:|1699717553\n|move|p2a: Kommo-o|Focus Blast|p1a: Ursaluna\n|-supereffective|p1a: Ursaluna\n|-damage|p1a: Ursaluna|0 fnt\n|faint|p1a: Ursaluna\n|\n|win|francesca_isnt\n|raw|Tadc23's rating: 1090 &rarr; <strong>1070<\/strong><br \/>(-20 for losing)\n|raw|francesca_isnt's rating: 1136 &rarr; <strong>1158<\/strong><br \/>(+22 for winning)\n|c|\u2606francesca_isnt|gg\n","uploadtime":1699717560,"views":17,"p1id":"tadc23","p2id":"francescaisnt","formatid":"gen9ou","rating":1070,"private":0,"password":""}