{"id":"gen9ou-1989843604","p1":"CyanConure","p2":"jae3007","format":"[Gen 9] OU","log":"|j|\u2606CyanConure\n|j|\u2606jae3007\n|t:|1699900389\n|gametype|singles\n|player|p1|CyanConure|falkner|1429\n|player|p2|jae3007|266|1411\n|teamsize|p1|6\n|teamsize|p2|6\n|gen|9\n|tier|[Gen 9] OU\n|rated|\n|rule|Sleep Clause Mod: Limit one foe put to sleep\n|rule|Species Clause: Limit one of each Pok\u00e9mon\n|rule|OHKO Clause: OHKO moves are banned\n|rule|Evasion Items Clause: Evasion items are banned\n|rule|Evasion Moves Clause: Evasion moves are banned\n|rule|Endless Battle Clause: Forcing endless battles is banned\n|rule|HP Percentage Mod: HP is shown in percentages\n|clearpoke\n|poke|p1|Iron Valiant|\n|poke|p1|Sneasler, M|\n|poke|p1|Dondozo, M|\n|poke|p1|Gholdengo|\n|poke|p1|Great Tusk|\n|poke|p1|Rillaboom, M|\n|poke|p2|Walking Wake|\n|poke|p2|Maushold-Four|\n|poke|p2|Dragonite, M|\n|poke|p2|Weezing-Galar, M|\n|poke|p2|Great Tusk|\n|poke|p2|Muk-Alola, M|\n|teampreview\n|inactive|Battle timer is ON: inactive players will automatically lose when time's up. (requested by CyanConure)\n|\n|t:|1699900404\n|start\n|switch|p1a: Donkey Kong|Rillaboom, M, shiny|100\/100\n|switch|p2a: Walking Wake|Walking Wake|100\/100\n|-fieldstart|move: Grassy Terrain|[from] ability: Grassy Surge|[of] p1a: Donkey Kong\n|turn|1\n|\n|t:|1699900419\n|move|p1a: Donkey Kong|Grassy Glide|p2a: Walking Wake\n|-damage|p2a: Walking Wake|38\/100\n|move|p2a: Walking Wake|Flamethrower|p1a: Donkey Kong\n|-supereffective|p1a: Donkey Kong\n|-damage|p1a: Donkey Kong|18\/100\n|\n|-heal|p2a: Walking Wake|44\/100|[from] Grassy Terrain\n|-heal|p1a: Donkey Kong|24\/100|[from] Grassy Terrain\n|upkeep\n|turn|2\n|\n|t:|1699900430\n|-end|p2a: Walking Wake|Protosynthesis|[silent]\n|switch|p2a: Weezing|Weezing-Galar, M|100\/100\n|move|p1a: Donkey Kong|Grassy Glide|p2a: Weezing\n|-resisted|p2a: Weezing\n|-damage|p2a: Weezing|69\/100\n|\n|-heal|p1a: Donkey Kong|30\/100|[from] Grassy Terrain\n|upkeep\n|turn|3\n|\n|t:|1699900442\n|switch|p1a: Apple Jacks|Gholdengo|100\/100\n|move|p2a: Weezing|Overheat|p1a: Apple Jacks|[miss]\n|-miss|p2a: Weezing|p1a: Apple Jacks\n|\n|upkeep\n|turn|4\n|\n|t:|1699900449\n|move|p1a: Apple Jacks|Make It Rain|p2a: Weezing\n|-supereffective|p2a: Weezing\n|-damage|p2a: Weezing|0 fnt\n|-unboost|p1a: Apple Jacks|spa|1\n|faint|p2a: Weezing\n|\n|upkeep\n|c|\u2606jae3007|u lucky ass\n|\n|t:|1699900463\n|switch|p2a: Muk|Muk-Alola, M|100\/100\n|turn|5\n|c|\u2606CyanConure|Skill issue\n|\n|t:|1699900481\n|switch|p1a: Fang the Sniper|Sneasler, M|100\/100\n|-item|p1a: Fang the Sniper|Air Balloon\n|move|p2a: Muk|Knock Off|p1a: Fang the Sniper\n|-resisted|p1a: Fang the Sniper\n|-damage|p1a: Fang the Sniper|71\/100\n|-enditem|p1a: Fang the Sniper|Air Balloon\n|\n|-heal|p1a: Fang the Sniper|77\/100|[from] Grassy Terrain\n|-fieldend|move: Grassy Terrain\n|upkeep\n|turn|6\n|\n|t:|1699900494\n|switch|p2a: Great Tusk|Great Tusk|100\/100\n|move|p1a: Fang the Sniper|Swords Dance|p1a: Fang the Sniper\n|-boost|p1a: Fang the Sniper|atk|2\n|\n|upkeep\n|turn|7\n|\n|t:|1699900509\n|-terastallize|p1a: Fang the Sniper|Flying\n|move|p1a: Fang the Sniper|Acrobatics|p2a: Great Tusk\n|-supereffective|p2a: Great Tusk\n|-damage|p2a: Great Tusk|0 fnt\n|-damage|p1a: Fang the Sniper|60\/100|[from] item: Rocky Helmet|[of] p2a: Great Tusk\n|faint|p2a: Great Tusk\n|-end|p2a: Great Tusk|Protosynthesis|[silent]\n|\n|upkeep\n|\n|t:|1699900517\n|switch|p2a: Dragonite|Dragonite, M|100\/100\n|turn|8\n|\n|t:|1699900521\n|switch|p1a: Da Bozo|Dondozo, M|100\/100\n|-terastallize|p2a: Dragonite|Normal\n|move|p2a: Dragonite|Extreme Speed|p1a: Da Bozo\n|-damage|p1a: Da Bozo|71\/100\n|\n|-heal|p1a: Da Bozo|77\/100|[from] item: Leftovers\n|upkeep\n|turn|9\n|\n|t:|1699900531\n|switch|p2a: Muk|Muk-Alola, M|100\/100\n|move|p1a: Da Bozo|Curse|p1a: Da Bozo\n|-unboost|p1a: Da Bozo|spe|1\n|-boost|p1a: Da Bozo|atk|1\n|-boost|p1a: Da Bozo|def|1\n|\n|-heal|p1a: Da Bozo|84\/100|[from] item: Leftovers\n|upkeep\n|turn|10\n|\n|t:|1699900541\n|move|p2a: Muk|Knock Off|p1a: Da Bozo\n|-damage|p1a: Da Bozo|73\/100\n|-enditem|p1a: Da Bozo|Leftovers|[from] move: Knock Off|[of] p2a: Muk\n|move|p1a: Da Bozo|Curse|p1a: Da Bozo\n|-unboost|p1a: Da Bozo|spe|1\n|-boost|p1a: Da Bozo|atk|1\n|-boost|p1a: Da Bozo|def|1\n|\n|upkeep\n|turn|11\n|\n|t:|1699900551\n|move|p2a: Muk|Poison Jab|p1a: Da Bozo\n|-damage|p1a: Da Bozo|66\/100\n|move|p1a: Da Bozo|Curse|p1a: Da Bozo\n|-unboost|p1a: Da Bozo|spe|1\n|-boost|p1a: Da Bozo|atk|1\n|-boost|p1a: Da Bozo|def|1\n|\n|upkeep\n|turn|12\n|\n|t:|1699900559\n|move|p2a: Muk|Poison Jab|p1a: Da Bozo\n|-damage|p1a: Da Bozo|61\/100\n|move|p1a: Da Bozo|Curse|p1a: Da Bozo\n|-unboost|p1a: Da Bozo|spe|1\n|-boost|p1a: Da Bozo|atk|1\n|-boost|p1a: Da Bozo|def|1\n|\n|upkeep\n|turn|13\n|c|\u2606CyanConure|Power of Alchemy moment\n|\n|t:|1699900575\n|move|p2a: Muk|Poison Jab|p1a: Da Bozo\n|-damage|p1a: Da Bozo|56\/100\n|-status|p1a: Da Bozo|psn|[from] ability: Poison Touch|[of] p2a: Muk\n|move|p1a: Da Bozo|Liquidation|p2a: Muk\n|-damage|p2a: Muk|7\/100\n|\n|-heal|p2a: Muk|13\/100|[from] item: Black Sludge\n|-damage|p1a: Da Bozo|43\/100 psn|[from] psn\n|upkeep\n|turn|14\n|\n|t:|1699900587\n|move|p2a: Muk|Protect|p2a: Muk\n|-singleturn|p2a: Muk|Protect\n|move|p1a: Da Bozo|Rest|p1a: Da Bozo\n|-status|p1a: Da Bozo|slp|[from] move: Rest\n|-heal|p1a: Da Bozo|100\/100 slp|[silent]\n|\n|-heal|p2a: Muk|19\/100|[from] item: Black Sludge\n|upkeep\n|turn|15\n|l|\u2606jae3007\n|inactive|jae3007 disconnected and has a minute to reconnect!\n|player|p2|\n|\n|t:|1699900597\n|switch|p2a: Walking Wake|Walking Wake|44\/100\n|cant|p1a: Da Bozo|slp\n|move|p1a: Da Bozo|Sleep Talk|p1a: Da Bozo\n|move|p1a: Da Bozo|Rest||[from]move: Sleep Talk|[still]\n|-fail|p1a: Da Bozo\n|\n|upkeep\n|turn|16\n|c|\u2606CyanConure|See ya \ud83d\udc4b\n|inactive|jae3007 has 30 seconds to reconnect!\n|inactive|jae3007 has 20 seconds to reconnect!\n|inactive|jae3007 has 15 seconds to reconnect!\n|inactive|jae3007 has 10 seconds to reconnect!\n|inactive|jae3007 has 5 seconds to reconnect!\n|-message|jae3007 lost due to inactivity.\n|\n|win|CyanConure\n|raw|CyanConure's rating: 1429 &rarr; <strong>1448<\/strong><br \/>(+19 for winning)\n|raw|jae3007's rating: 1411 &rarr; <strong>1392<\/strong><br \/>(-19 for losing)\n","uploadtime":1699900664,"views":19,"p1id":"cyanconure","p2id":"jae3007","formatid":"gen9ou","rating":1392,"private":0,"password":""}