{"id":"gen9ou-1993928460","p1":"roamflag","p2":"soccersniper","format":"[Gen 9] OU","log":"|j|\u2606roamflag\n|j|\u2606soccersniper\n|t:|1700377066\n|gametype|singles\n|player|p1|roamflag|hilda-wonderlauncher|1577\n|player|p2|soccersniper|wally|1466\n|teamsize|p1|6\n|teamsize|p2|6\n|gen|9\n|tier|[Gen 9] OU\n|rated|\n|rule|Sleep Clause Mod: Limit one foe put to sleep\n|rule|Species Clause: Limit one of each Pok\u00e9mon\n|rule|OHKO Clause: OHKO moves are banned\n|rule|Evasion Items Clause: Evasion items are banned\n|rule|Evasion Moves Clause: Evasion moves are banned\n|rule|Endless Battle Clause: Forcing endless battles is banned\n|rule|HP Percentage Mod: HP is shown in percentages\n|clearpoke\n|poke|p1|Dragapult, F|\n|poke|p1|Glimmora, F|\n|poke|p1|Rillaboom, M|\n|poke|p1|Kingambit, F|\n|poke|p1|Ursaluna, F|\n|poke|p1|Sneasler, M|\n|poke|p2|Zapdos|\n|poke|p2|Kingambit, F|\n|poke|p2|Dragapult, M|\n|poke|p2|Empoleon, F|\n|poke|p2|Zamazenta-*|\n|poke|p2|Great Tusk|\n|teampreview\n|inactive|Battle timer is ON: inactive players will automatically lose when time's up. (requested by roamflag)\n|\n|t:|1700377076\n|start\n|switch|p1a: Ursaluna|Ursaluna, F|100\/100\n|switch|p2a: Zapdos|Zapdos|100\/100\n|turn|1\n|\n|t:|1700377091\n|switch|p2a: Zamazenta|Zamazenta|100\/100\n|-ability|p2a: Zamazenta|Dauntless Shield|boost\n|-boost|p2a: Zamazenta|def|1\n|move|p1a: Ursaluna|Ice Punch|p2a: Zamazenta\n|-crit|p2a: Zamazenta\n|-damage|p2a: Zamazenta|68\/100\n|\n|-heal|p2a: Zamazenta|74\/100|[from] item: Leftovers\n|-status|p1a: Ursaluna|brn|[from] item: Flame Orb\n|upkeep\n|turn|2\n|\n|t:|1700377100\n|switch|p1a: Dragapult|Dragapult, F|100\/100\n|move|p2a: Zamazenta|Iron Defense|p2a: Zamazenta\n|-boost|p2a: Zamazenta|def|2\n|\n|-heal|p2a: Zamazenta|80\/100|[from] item: Leftovers\n|upkeep\n|turn|3\n|\n|t:|1700377113\n|switch|p2a: Empoleon|Empoleon, F|100\/100\n|move|p1a: Dragapult|Will-O-Wisp|p2a: Empoleon\n|-status|p2a: Empoleon|brn\n|\n|-damage|p2a: Empoleon|94\/100 brn|[from] brn\n|upkeep\n|turn|4\n|\n|t:|1700377119\n|move|p1a: Dragapult|Hex|p2a: Empoleon\n|-damage|p2a: Empoleon|54\/100 brn\n|move|p2a: Empoleon|Stealth Rock|p1a: Dragapult\n|-sidestart|p1: roamflag|move: Stealth Rock\n|\n|-heal|p2a: Empoleon|60\/100 brn|[from] item: Leftovers\n|-damage|p2a: Empoleon|54\/100 brn|[from] brn\n|upkeep\n|turn|5\n|\n|t:|1700377138\n|move|p1a: Dragapult|Hex|p2a: Empoleon\n|-damage|p2a: Empoleon|15\/100 brn\n|move|p2a: Empoleon|Roost|p2a: Empoleon\n|-heal|p2a: Empoleon|65\/100 brn\n|-singleturn|p2a: Empoleon|move: Roost\n|\n|-heal|p2a: Empoleon|71\/100 brn|[from] item: Leftovers\n|-damage|p2a: Empoleon|65\/100 brn|[from] brn\n|upkeep\n|turn|6\n|\n|t:|1700377144\n|switch|p1a: Ursaluna|Ursaluna, F|100\/100 brn\n|-damage|p1a: Ursaluna|94\/100 brn|[from] Stealth Rock\n|move|p2a: Empoleon|Roost|p2a: Empoleon\n|-heal|p2a: Empoleon|100\/100 brn\n|-singleturn|p2a: Empoleon|move: Roost\n|\n|-damage|p1a: Ursaluna|88\/100 brn|[from] brn\n|-damage|p2a: Empoleon|94\/100 brn|[from] brn\n|upkeep\n|turn|7\n|\n|t:|1700377151\n|switch|p2a: Zamazenta|Zamazenta|80\/100\n|move|p1a: Ursaluna|Headlong Rush|p2a: Zamazenta\n|-damage|p2a: Zamazenta|6\/100\n|-unboost|p1a: Ursaluna|def|1\n|-unboost|p1a: Ursaluna|spd|1\n|\n|-heal|p2a: Zamazenta|12\/100|[from] item: Leftovers\n|-damage|p1a: Ursaluna|82\/100 brn|[from] brn\n|upkeep\n|turn|8\n|\n|t:|1700377163\n|switch|p1a: Glimmora|Glimmora, F|100\/100\n|-damage|p1a: Glimmora|88\/100|[from] Stealth Rock\n|move|p2a: Zamazenta|Crunch|p1a: Glimmora\n|-damage|p1a: Glimmora|62\/100\n|-activate|p1a: Glimmora|ability: Toxic Debris\n|-sidestart|p2: soccersniper|move: Toxic Spikes\n|\n|-heal|p2a: Zamazenta|18\/100|[from] item: Leftovers\n|upkeep\n|turn|9\n|\n|t:|1700377175\n|move|p2a: Zamazenta|Body Press|p1a: Glimmora\n|-damage|p1a: Glimmora|21\/100\n|-activate|p1a: Glimmora|ability: Toxic Debris\n|-sidestart|p2: soccersniper|move: Toxic Spikes\n|move|p1a: Glimmora|Dazzling Gleam|p2a: Zamazenta\n|-supereffective|p2a: Zamazenta\n|-damage|p2a: Zamazenta|0 fnt\n|faint|p2a: Zamazenta\n|\n|upkeep\n|\n|t:|1700377179\n|switch|p2a: Zapdos|Zapdos|100\/100\n|turn|10\n|\n|t:|1700377185\n|move|p2a: Zapdos|Volt Switch|p1a: Glimmora\n|-damage|p1a: Glimmora|0 fnt\n|faint|p1a: Glimmora\n|\n|t:|1700377192\n|switch|p2a: Empoleon|Empoleon, F|94\/100 brn|[from] Volt Switch\n|\n|-heal|p2a: Empoleon|100\/100 brn|[from] item: Leftovers\n|-damage|p2a: Empoleon|94\/100 brn|[from] brn\n|upkeep\n|\n|t:|1700377209\n|switch|p1a: Ursaluna|Ursaluna, F|82\/100 brn\n|-damage|p1a: Ursaluna|76\/100 brn|[from] Stealth Rock\n|turn|11\n|\n|t:|1700377235\n|move|p1a: Ursaluna|Headlong Rush|p2a: Empoleon\n|-supereffective|p2a: Empoleon\n|-damage|p2a: Empoleon|0 fnt\n|-unboost|p1a: Ursaluna|def|1\n|-unboost|p1a: Ursaluna|spd|1\n|faint|p2a: Empoleon\n|\n|-damage|p1a: Ursaluna|70\/100 brn|[from] brn\n|upkeep\n|inactive|soccersniper has 120 seconds left.\n|\n|t:|1700377251\n|switch|p2a: Zapdos|Zapdos|100\/100\n|turn|12\n|inactive|soccersniper has 120 seconds left.\n|\n|t:|1700377256\n|move|p2a: Zapdos|Hurricane|p1a: Ursaluna\n|-damage|p1a: Ursaluna|4\/100 brn\n|move|p1a: Ursaluna|Facade|p2a: Zapdos\n|-damage|p2a: Zapdos|0 fnt\n|faint|p2a: Zapdos\n|\n|-damage|p1a: Ursaluna|0 fnt|[from] brn\n|faint|p1a: Ursaluna\n|upkeep\n|\n|t:|1700377271\n|switch|p2a: Kingambit|Kingambit, F|100\/100\n|switch|p1a: Rillaboom|Rillaboom, M|100\/100\n|-damage|p1a: Rillaboom|88\/100|[from] Stealth Rock\n|-fieldstart|move: Grassy Terrain|[from] ability: Grassy Surge|[of] p1a: Rillaboom\n|-activate|p2a: Kingambit|ability: Supreme Overlord\n|-start|p2a: Kingambit|fallen3|[silent]\n|turn|13\n|\n|t:|1700377278\n|move|p1a: Rillaboom|Wood Hammer|p2a: Kingambit\n|-resisted|p2a: Kingambit\n|-damage|p2a: Kingambit|45\/100\n|-damage|p1a: Rillaboom|68\/100|[from] Recoil\n|move|p2a: Kingambit|Kowtow Cleave|p1a: Rillaboom\n|-damage|p1a: Rillaboom|0 fnt\n|faint|p1a: Rillaboom\n|\n|-heal|p2a: Kingambit|51\/100|[from] Grassy Terrain\n|upkeep\n|\n|t:|1700377287\n|switch|p1a: Sneasler|Sneasler, M|100\/100\n|-damage|p1a: Sneasler|94\/100|[from] Stealth Rock\n|-enditem|p1a: Sneasler|Grassy Seed\n|-boost|p1a: Sneasler|def|1|[from] item: Grassy Seed\n|turn|14\n|\n|t:|1700377297\n|move|p2a: Kingambit|Sucker Punch||[still]\n|-fail|p2a: Kingambit\n|move|p1a: Sneasler|Swords Dance|p1a: Sneasler\n|-boost|p1a: Sneasler|atk|2\n|\n|-heal|p1a: Sneasler|100\/100|[from] Grassy Terrain\n|-heal|p2a: Kingambit|57\/100|[from] Grassy Terrain\n|upkeep\n|turn|15\n|\n|t:|1700377302\n|move|p1a: Sneasler|Close Combat|p2a: Kingambit\n|-supereffective|p2a: Kingambit\n|-damage|p2a: Kingambit|0 fnt\n|-unboost|p1a: Sneasler|def|1\n|-unboost|p1a: Sneasler|spd|1\n|faint|p2a: Kingambit\n|-end|p2a: Kingambit|fallen3|[silent]\n|\n|upkeep\n|\n|t:|1700377309\n|switch|p2a: Great Tusk|Great Tusk|100\/100\n|-status|p2a: Great Tusk|tox\n|-enditem|p2a: Great Tusk|Booster Energy\n|-activate|p2a: Great Tusk|ability: Protosynthesis|[fromitem]\n|-start|p2a: Great Tusk|protosynthesisspe\n|turn|16\n|\n|t:|1700377322\n|-terastallize|p2a: Great Tusk|Poison\n|move|p1a: Sneasler|Close Combat|p2a: Great Tusk\n|-resisted|p2a: Great Tusk\n|-damage|p2a: Great Tusk|60\/100 tox\n|-unboost|p1a: Sneasler|def|1\n|-unboost|p1a: Sneasler|spd|1\n|move|p2a: Great Tusk|Headlong Rush|p1a: Sneasler\n|-supereffective|p1a: Sneasler\n|-damage|p1a: Sneasler|0 fnt\n|-unboost|p2a: Great Tusk|def|1\n|-unboost|p2a: Great Tusk|spd|1\n|faint|p1a: Sneasler\n|\n|-heal|p2a: Great Tusk|66\/100 tox|[from] Grassy Terrain\n|-damage|p2a: Great Tusk|60\/100 tox|[from] psn\n|upkeep\n|\n|t:|1700377339\n|switch|p1a: Dragapult|Dragapult, F|100\/100\n|turn|17\n|\n|t:|1700377347\n|move|p2a: Great Tusk|Headlong Rush|p1a: Dragapult\n|-damage|p1a: Dragapult|34\/100\n|-unboost|p2a: Great Tusk|def|1\n|-unboost|p2a: Great Tusk|spd|1\n|move|p1a: Dragapult|Hex|p2a: Great Tusk\n|-damage|p2a: Great Tusk|0 fnt\n|faint|p2a: Great Tusk\n|-end|p2a: Great Tusk|Protosynthesis|[silent]\n|\n|-heal|p1a: Dragapult|40\/100|[from] Grassy Terrain\n|-fieldend|move: Grassy Terrain\n|upkeep\n|-message|soccersniper forfeited.\n|\n|win|roamflag\n|raw|roamflag's rating: 1577 &rarr; <strong>1591<\/strong><br \/>(+14 for winning)\n|raw|soccersniper's rating: 1466 &rarr; <strong>1452<\/strong><br \/>(-14 for losing)\n|l|\u2606soccersniper\n","uploadtime":1700377375,"views":24,"p1id":"roamflag","p2id":"soccersniper","formatid":"gen9ou","rating":1452,"private":0,"password":""}