{"id":"gen9ou-2000240237","p1":"testing a funni3","p2":"hawker_mk5","format":"[Gen 9] OU","log":"|j|\u2606testing a funni3\n|j|\u2606hawker_mk5\n|t:|1701176371\n|gametype|singles\n|player|p1|testing a funni3|unknownf|1318\n|player|p2|hawker_mk5|ethan|1340\n|teamsize|p1|6\n|teamsize|p2|6\n|gen|9\n|tier|[Gen 9] OU\n|rated|\n|rule|Sleep Clause Mod: Limit one foe put to sleep\n|rule|Species Clause: Limit one of each Pok\u00e9mon\n|rule|OHKO Clause: OHKO moves are banned\n|rule|Evasion Items Clause: Evasion items are banned\n|rule|Evasion Moves Clause: Evasion moves are banned\n|rule|Endless Battle Clause: Forcing endless battles is banned\n|rule|HP Percentage Mod: HP is shown in percentages\n|clearpoke\n|poke|p1|Walking Wake|\n|poke|p1|Maushold-Four|\n|poke|p1|Dragonite, F|\n|poke|p1|Weezing-Galar, M|\n|poke|p1|Great Tusk|\n|poke|p1|Muk-Alola, F|\n|poke|p2|Pelipper, M|\n|poke|p2|Toxicroak, F|\n|poke|p2|Maushold|\n|poke|p2|Ogerpon-Wellspring, F|\n|poke|p2|Barraskewda, F|\n|poke|p2|Thundurus-Therian, M|\n|teampreview\n|inactive|Battle timer is ON: inactive players will automatically lose when time's up. (requested by hawker_mk5)\n|inactive|hawker_mk5 has 120 seconds left.\n|\n|t:|1701176401\n|start\n|switch|p1a: Muk|Muk-Alola, F|100\/100\n|switch|p2a: Pelipper|Pelipper, M|100\/100\n|-weather|RainDance|[from] ability: Drizzle|[of] p2a: Pelipper\n|turn|1\n|\n|t:|1701176419\n|switch|p2a: Ogerpon|Ogerpon-Wellspring, F|100\/100\n|move|p1a: Muk|Knock Off|p2a: Ogerpon\n|-damage|p2a: Ogerpon|71\/100\n|\n|-weather|RainDance|[upkeep]\n|upkeep\n|turn|2\n|\n|t:|1701176427\n|switch|p1a: Walking Wake|Walking Wake|100\/100\n|move|p2a: Ogerpon|Encore||[still]\n|-fail|p2a: Ogerpon\n|\n|-weather|RainDance|[upkeep]\n|upkeep\n|turn|3\n|\n|t:|1701176432\n|move|p1a: Walking Wake|Draco Meteor|p2a: Ogerpon\n|-damage|p2a: Ogerpon|0 fnt\n|-unboost|p1a: Walking Wake|spa|2\n|faint|p2a: Ogerpon\n|\n|-weather|RainDance|[upkeep]\n|upkeep\n|\n|t:|1701176443\n|switch|p2a: Maushold|Maushold|100\/100\n|turn|4\n|\n|t:|1701176449\n|-end|p1a: Walking Wake|Protosynthesis|[silent]\n|switch|p1a: Great Tusk|Great Tusk|100\/100\n|move|p2a: Maushold|Tidy Up|p2a: Maushold\n|-boost|p2a: Maushold|atk|1\n|-boost|p2a: Maushold|spe|1\n|\n|-weather|RainDance|[upkeep]\n|upkeep\n|turn|5\n|\n|t:|1701176456\n|move|p2a: Maushold|Population Bomb|p1a: Great Tusk\n|-damage|p1a: Great Tusk|93\/100\n|-damage|p2a: Maushold|84\/100|[from] item: Rocky Helmet|[of] p1a: Great Tusk\n|-damage|p1a: Great Tusk|85\/100\n|-damage|p2a: Maushold|67\/100|[from] item: Rocky Helmet|[of] p1a: Great Tusk\n|-damage|p1a: Great Tusk|77\/100\n|-damage|p2a: Maushold|51\/100|[from] item: Rocky Helmet|[of] p1a: Great Tusk\n|-damage|p1a: Great Tusk|70\/100\n|-damage|p2a: Maushold|34\/100|[from] item: Rocky Helmet|[of] p1a: Great Tusk\n|-damage|p1a: Great Tusk|61\/100\n|-damage|p2a: Maushold|17\/100|[from] item: Rocky Helmet|[of] p1a: Great Tusk\n|-damage|p1a: Great Tusk|54\/100\n|-damage|p2a: Maushold|1\/100|[from] item: Rocky Helmet|[of] p1a: Great Tusk\n|-damage|p1a: Great Tusk|45\/100\n|-damage|p2a: Maushold|0 fnt|[from] item: Rocky Helmet|[of] p1a: Great Tusk\n|faint|p2a: Maushold\n|-hitcount|p1a: Great Tusk|7\n|move|p1a: Great Tusk|Stealth Rock|p2: Maushold\n|-sidestart|p2: hawker_mk5|move: Stealth Rock\n|\n|-weather|RainDance|[upkeep]\n|upkeep\n|\n|t:|1701176476\n|switch|p2a: Barraskewda|Barraskewda, F|100\/100\n|-damage|p2a: Barraskewda|88\/100|[from] Stealth Rock\n|turn|6\n|\n|t:|1701176486\n|-end|p1a: Great Tusk|Protosynthesis|[silent]\n|switch|p1a: Walking Wake|Walking Wake|100\/100\n|move|p2a: Barraskewda|Close Combat|p1a: Walking Wake\n|-damage|p1a: Walking Wake|25\/100\n|-unboost|p2a: Barraskewda|def|1\n|-unboost|p2a: Barraskewda|spd|1\n|\n|-weather|RainDance|[upkeep]\n|upkeep\n|turn|7\n|\n|t:|1701176502\n|switch|p2a: Thundurus|Thundurus-Therian, M|100\/100\n|-end|p1a: Walking Wake|Protosynthesis|[silent]\n|switch|p1a: Weezing|Weezing-Galar, M|100\/100\n|\n|-weather|RainDance|[upkeep]\n|upkeep\n|turn|8\n|\n|t:|1701176510\n|move|p2a: Thundurus|Nasty Plot|p2a: Thundurus\n|-boost|p2a: Thundurus|spa|2\n|move|p1a: Weezing|Strange Steam|p2a: Thundurus\n|-damage|p2a: Thundurus|26\/100\n|\n|-weather|none\n|upkeep\n|turn|9\n|\n|t:|1701176518\n|move|p2a: Thundurus|Thunder|p1a: Weezing\n|-damage|p1a: Weezing|0 fnt\n|faint|p1a: Weezing\n|\n|upkeep\n|\n|t:|1701176522\n|switch|p1a: Walking Wake|Walking Wake|25\/100\n|turn|10\n|\n|t:|1701176526\n|switch|p2a: Pelipper|Pelipper, M|100\/100\n|-damage|p2a: Pelipper|76\/100|[from] Stealth Rock\n|-weather|RainDance|[from] ability: Drizzle|[of] p2a: Pelipper\n|move|p1a: Walking Wake|Draco Meteor|p2a: Pelipper\n|-damage|p2a: Pelipper|0 fnt\n|-unboost|p1a: Walking Wake|spa|2\n|faint|p2a: Pelipper\n|\n|-weather|RainDance|[upkeep]\n|upkeep\n|\n|t:|1701176538\n|switch|p2a: Barraskewda|Barraskewda, F|88\/100\n|-damage|p2a: Barraskewda|75\/100|[from] Stealth Rock\n|turn|11\n|\n|t:|1701176547\n|-terastallize|p2a: Barraskewda|Water\n|move|p2a: Barraskewda|Liquidation|p1a: Walking Wake\n|-resisted|p1a: Walking Wake\n|-damage|p1a: Walking Wake|0 fnt\n|faint|p1a: Walking Wake\n|-end|p1a: Walking Wake|Protosynthesis|[silent]\n|\n|-weather|RainDance|[upkeep]\n|upkeep\n|\n|t:|1701176550\n|switch|p1a: Dragonite|Dragonite, F|100\/100\n|turn|12\n|\n|t:|1701176554\n|-terastallize|p1a: Dragonite|Normal\n|move|p1a: Dragonite|Extreme Speed|p2a: Barraskewda\n|-damage|p2a: Barraskewda|0 fnt\n|faint|p2a: Barraskewda\n|\n|-weather|RainDance|[upkeep]\n|upkeep\n|-message|hawker_mk5 forfeited.\n|\n|win|testing a funni3\n|raw|testing a funni3's rating: 1318 &rarr; <strong>1339<\/strong><br \/>(+21 for winning)\n|raw|hawker_mk5's rating: 1340 &rarr; <strong>1319<\/strong><br \/>(-21 for losing)\n|l|\u2606hawker_mk5\n","uploadtime":1701176566,"views":4,"p1id":"testingafunni3","p2id":"hawkermk5","formatid":"gen9ou","rating":1319,"private":0,"password":""}