{"id":"gen9ou-1992509248","p1":"nked'nd'afraid","p2":"Teacher Ba's fan","format":"[Gen 9] OU","log":"|j|\u2606nked'nd'afraid\n|j|\u2606Teacher Ba's fan\n|t:|1700196962\n|gametype|singles\n|player|p1|nked'nd'afraid|hiker-gen4|1156\n|player|p2|Teacher Ba's fan|steven|1204\n|teamsize|p1|6\n|teamsize|p2|6\n|gen|9\n|tier|[Gen 9] OU\n|rated|\n|rule|Sleep Clause Mod: Limit one foe put to sleep\n|rule|Species Clause: Limit one of each Pok\u00e9mon\n|rule|OHKO Clause: OHKO moves are banned\n|rule|Evasion Items Clause: Evasion items are banned\n|rule|Evasion Moves Clause: Evasion moves are banned\n|rule|Endless Battle Clause: Forcing endless battles is banned\n|rule|HP Percentage Mod: HP is shown in percentages\n|clearpoke\n|poke|p1|Rotom-Heat|\n|poke|p1|Slowbro-Galar, F|\n|poke|p1|Eiscue, F|\n|poke|p1|Empoleon, F|\n|poke|p1|Maushold-Four|\n|poke|p1|Kleavor, M|\n|poke|p2|Dragonite, M|\n|poke|p2|Espeon, M|\n|poke|p2|Infernape, F|\n|poke|p2|Milotic, M|\n|poke|p2|Gengar, M|\n|poke|p2|Magnezone|\n|teampreview\n|\n|t:|1700196979\n|start\n|switch|p1a: logan|Kleavor, M|100\/100\n|switch|p2a: Infernape|Infernape, F|100\/100\n|turn|1\n|\n|t:|1700196988\n|move|p1a: logan|U-turn|p2a: Infernape\n|-resisted|p2a: Infernape\n|-damage|p2a: Infernape|85\/100\n|\n|t:|1700197003\n|switch|p1a: over baked|Rotom-Heat|100\/100|[from] U-turn\n|move|p2a: Infernape|Fire Punch|p1a: over baked\n|-resisted|p1a: over baked\n|-damage|p1a: over baked|79\/100\n|\n|upkeep\n|turn|2\n|\n|t:|1700197018\n|move|p2a: Infernape|U-turn|p1a: over baked\n|-resisted|p1a: over baked\n|-damage|p1a: over baked|69\/100\n|\n|t:|1700197021\n|switch|p2a: Milotic|Milotic, M|100\/100|[from] U-turn\n|move|p1a: over baked|Thunderbolt|p2a: Milotic\n|-supereffective|p2a: Milotic\n|-damage|p2a: Milotic|57\/100\n|\n|-heal|p2a: Milotic|63\/100|[from] item: Leftovers\n|upkeep\n|turn|3\n|\n|t:|1700197033\n|move|p1a: over baked|Thunderbolt|p2a: Milotic\n|-supereffective|p2a: Milotic\n|-damage|p2a: Milotic|22\/100\n|move|p2a: Milotic|Surf|p1a: over baked\n|-supereffective|p1a: over baked\n|-damage|p1a: over baked|9\/100\n|\n|-heal|p2a: Milotic|28\/100|[from] item: Leftovers\n|upkeep\n|turn|4\n|\n|t:|1700197043\n|switch|p2a: Magnezone|Magnezone|100\/100\n|move|p1a: over baked|Thunderbolt|p2a: Magnezone\n|-resisted|p2a: Magnezone\n|-damage|p2a: Magnezone|83\/100\n|\n|upkeep\n|turn|5\n|\n|t:|1700197058\n|-terastallize|p2a: Magnezone|Fairy\n|move|p1a: over baked|Overheat|p2a: Magnezone\n|-damage|p2a: Magnezone|31\/100\n|-unboost|p1a: over baked|spa|2\n|move|p2a: Magnezone|Thunderbolt|p1a: over baked\n|-resisted|p1a: over baked\n|-damage|p1a: over baked|0 fnt\n|faint|p1a: over baked\n|\n|upkeep\n|\n|t:|1700197073\n|switch|p1a: FF X|Maushold-Four|100\/100\n|turn|6\n|\n|t:|1700197082\n|move|p1a: FF X|Population Bomb|p2a: Magnezone\n|-damage|p2a: Magnezone|22\/100\n|-damage|p2a: Magnezone|11\/100\n|-damage|p2a: Magnezone|0 fnt\n|faint|p2a: Magnezone\n|-hitcount|p2: Magnezone|3\n|\n|upkeep\n|\n|t:|1700197094\n|switch|p2a: Gengar|Gengar, M|100\/100\n|turn|7\n|\n|t:|1700197098\n|move|p1a: FF X|Crunch|p2a: Gengar\n|-supereffective|p2a: Gengar\n|-damage|p2a: Gengar|20\/100\n|-unboost|p2a: Gengar|def|1\n|move|p2a: Gengar|Sludge Bomb|p1a: FF X\n|-damage|p1a: FF X|35\/100\n|-status|p1a: FF X|psn\n|\n|-damage|p1a: FF X|22\/100 psn|[from] psn\n|upkeep\n|turn|8\n|\n|t:|1700197124\n|switch|p1a: logan|Kleavor, M|100\/100\n|switch|p2a: Infernape|Infernape, F|85\/100\n|\n|upkeep\n|turn|9\n|\n|t:|1700197135\n|-terastallize|p1a: logan|Flying\n|move|p1a: logan|Stone Axe|p2a: Infernape|[miss]\n|-miss|p1a: logan|p2a: Infernape\n|move|p2a: Infernape|Fire Punch|p1a: logan\n|-damage|p1a: logan|49\/100\n|-status|p1a: logan|brn\n|\n|-damage|p1a: logan|43\/100 brn|[from] brn\n|upkeep\n|turn|10\n|\n|t:|1700197145\n|move|p1a: logan|Stone Axe|p2a: Infernape\n|-damage|p2a: Infernape|42\/100\n|-sidestart|p2: Teacher Ba's fan|move: Stealth Rock\n|move|p2a: Infernape|Thunder Punch|p1a: logan\n|-supereffective|p1a: logan\n|-damage|p1a: logan|0 fnt\n|faint|p1a: logan\n|\n|upkeep\n|\n|t:|1700197157\n|switch|p1a: FF X|Maushold-Four|22\/100 psn\n|turn|11\n|\n|t:|1700197160\n|move|p2a: Infernape|Mach Punch|p1a: FF X\n|-supereffective|p1a: FF X\n|-damage|p1a: FF X|0 fnt\n|faint|p1a: FF X\n|\n|upkeep\n|\n|t:|1700197166\n|switch|p1a: mimiku|Eiscue, F|100\/100\n|turn|12\n|\n|t:|1700197172\n|move|p2a: Infernape|Mach Punch|p1a: mimiku\n|-activate|p1a: mimiku|ability: Ice Face\n|-damage|p1a: mimiku|100\/100\n|detailschange|p1a: mimiku|Eiscue-Noice, F\n|move|p1a: mimiku|Liquidation|p2a: Infernape\n|-supereffective|p2a: Infernape\n|-damage|p2a: Infernape|0 fnt\n|faint|p2a: Infernape\n|\n|upkeep\n|\n|t:|1700197184\n|switch|p2a: Gengar|Gengar, M|20\/100\n|-damage|p2a: Gengar|8\/100|[from] Stealth Rock\n|turn|13\n|\n|t:|1700197190\n|move|p2a: Gengar|Destiny Bond|p2a: Gengar\n|-singlemove|p2a: Gengar|Destiny Bond\n|move|p1a: mimiku|Liquidation|p2a: Gengar\n|-damage|p2a: Gengar|0 fnt\n|faint|p2a: Gengar\n|-activate|p2a: Gengar|move: Destiny Bond\n|faint|p1a: mimiku\n|\n|upkeep\n|\n|t:|1700197204\n|switch|p2a: Milotic|Milotic, M|28\/100\n|switch|p1a: fork|Empoleon, F, shiny|100\/100\n|-damage|p2a: Milotic|15\/100|[from] Stealth Rock\n|turn|14\n|\n|t:|1700197213\n|move|p2a: Milotic|Recover|p2a: Milotic\n|-heal|p2a: Milotic|65\/100\n|move|p1a: fork|Flash Cannon|p2a: Milotic\n|-resisted|p2a: Milotic\n|-damage|p2a: Milotic|52\/100\n|-damage|p1a: fork|91\/100|[from] item: Life Orb\n|\n|-heal|p2a: Milotic|58\/100|[from] item: Leftovers\n|upkeep\n|turn|15\n|\n|t:|1700197222\n|switch|p1a: too fast|Slowbro-Galar, F, shiny|100\/100\n|move|p2a: Milotic|Recover|p2a: Milotic\n|-heal|p2a: Milotic|100\/100\n|\n|upkeep\n|turn|16\n|-activate|p1a: too fast|ability: Quick Draw\n|\n|t:|1700197234\n|move|p1a: too fast|Grass Knot|p2a: Milotic\n|-supereffective|p2a: Milotic\n|-damage|p2a: Milotic|66\/100\n|move|p2a: Milotic|Surf|p1a: too fast\n|-damage|p1a: too fast|64\/100\n|\n|-heal|p2a: Milotic|72\/100|[from] item: Leftovers\n|upkeep\n|turn|17\n|\n|t:|1700197244\n|move|p2a: Milotic|Surf|p1a: too fast\n|-damage|p1a: too fast|31\/100\n|move|p1a: too fast|Grass Knot|p2a: Milotic\n|-supereffective|p2a: Milotic\n|-damage|p2a: Milotic|40\/100\n|\n|-heal|p2a: Milotic|46\/100|[from] item: Leftovers\n|upkeep\n|turn|18\n|\n|t:|1700197252\n|move|p2a: Milotic|Surf|p1a: too fast\n|-damage|p1a: too fast|0 fnt\n|faint|p1a: too fast\n|\n|-heal|p2a: Milotic|52\/100|[from] item: Leftovers\n|upkeep\n|-message|nked'nd'afraid forfeited.\n|\n|win|Teacher Ba's fan\n|raw|nked&apos;nd&apos;afraid's rating: 1156 &rarr; <strong>1134<\/strong><br \/>(-22 for losing)\n|raw|Teacher Ba&apos;s fan's rating: 1204 &rarr; <strong>1226<\/strong><br \/>(+22 for winning)\n|l|\u2606nked'nd'afraid\n","uploadtime":1700197271,"views":7,"p1id":"nkedndafraid","p2id":"teacherbasfan","formatid":"gen9ou","rating":1134,"private":0,"password":""}