{"id":"gen9ou-1996445171","p1":"SCHIZODROOLER98","p2":"derl","format":"[Gen 9] OU","log":"|j|\u2606SCHIZODROOLER98\n|j|\u2606derl\n|t:|1700682685\n|gametype|singles\n|player|p1|SCHIZODROOLER98|medium|1578\n|player|p2|derl|102|1627\n|teamsize|p1|6\n|teamsize|p2|6\n|gen|9\n|tier|[Gen 9] OU\n|rated|\n|rule|Sleep Clause Mod: Limit one foe put to sleep\n|rule|Species Clause: Limit one of each Pok\u00e9mon\n|rule|OHKO Clause: OHKO moves are banned\n|rule|Evasion Items Clause: Evasion items are banned\n|rule|Evasion Moves Clause: Evasion moves are banned\n|rule|Endless Battle Clause: Forcing endless battles is banned\n|rule|HP Percentage Mod: HP is shown in percentages\n|clearpoke\n|poke|p1|Ninetales-Alola, F|\n|poke|p1|Slowbro-Galar, M|\n|poke|p1|Enamorus-Therian, F|\n|poke|p1|Iron Hands|\n|poke|p1|Kingambit, M|\n|poke|p1|Hoopa-Unbound|\n|poke|p2|Rillaboom, M|\n|poke|p2|Cinderace, F|\n|poke|p2|Kingambit, M|\n|poke|p2|Slowking-Galar, M|\n|poke|p2|Ceruledge, F|\n|poke|p2|Thundurus-Therian, M|\n|teampreview\n|inactive|Battle timer is ON: inactive players will automatically lose when time's up. (requested by derl)\n|\n|t:|1700682737\n|start\n|switch|p1a: ASTAGHFIRULLAH|Enamorus-Therian, F, shiny|100\/100\n|switch|p2a: Cinderace|Cinderace, F|100\/100\n|turn|1\n|\n|t:|1700682747\n|move|p2a: Cinderace|Pyro Ball|p1a: ASTAGHFIRULLAH|[miss]\n|-miss|p2a: Cinderace|p1a: ASTAGHFIRULLAH\n|move|p1a: ASTAGHFIRULLAH|Calm Mind|p1a: ASTAGHFIRULLAH\n|-boost|p1a: ASTAGHFIRULLAH|spa|1\n|-boost|p1a: ASTAGHFIRULLAH|spd|1\n|\n|upkeep\n|turn|2\n|\n|t:|1700682750\n|move|p2a: Cinderace|Pyro Ball|p1a: ASTAGHFIRULLAH\n|-damage|p1a: ASTAGHFIRULLAH|46\/100\n|move|p1a: ASTAGHFIRULLAH|Calm Mind|p1a: ASTAGHFIRULLAH\n|-boost|p1a: ASTAGHFIRULLAH|spa|1\n|-boost|p1a: ASTAGHFIRULLAH|spd|1\n|\n|upkeep\n|turn|3\n|\n|t:|1700682754\n|-terastallize|p1a: ASTAGHFIRULLAH|Water\n|move|p2a: Cinderace|Pyro Ball|p1a: ASTAGHFIRULLAH\n|-resisted|p1a: ASTAGHFIRULLAH\n|-damage|p1a: ASTAGHFIRULLAH|18\/100\n|move|p1a: ASTAGHFIRULLAH|Earth Power|p2a: Cinderace\n|-supereffective|p2a: Cinderace\n|-damage|p2a: Cinderace|0 fnt\n|faint|p2a: Cinderace\n|\n|upkeep\n|\n|t:|1700682772\n|switch|p2a: Thundurus|Thundurus-Therian, M|100\/100\n|turn|4\n|-activate|p1a: ASTAGHFIRULLAH|item: Quick Claw\n|\n|t:|1700682776\n|move|p1a: ASTAGHFIRULLAH|Moonblast|p2a: Thundurus\n|-damage|p2a: Thundurus|0 fnt\n|faint|p2a: Thundurus\n|\n|upkeep\n|\n|t:|1700682785\n|switch|p2a: Rillaboom|Rillaboom, M|100\/100\n|-fieldstart|move: Grassy Terrain|[from] ability: Grassy Surge|[of] p2a: Rillaboom\n|turn|5\n|-activate|p1a: ASTAGHFIRULLAH|item: Quick Claw\n|\n|t:|1700682789\n|move|p2a: Rillaboom|Grassy Glide|p1a: ASTAGHFIRULLAH\n|-supereffective|p1a: ASTAGHFIRULLAH\n|-damage|p1a: ASTAGHFIRULLAH|0 fnt\n|faint|p1a: ASTAGHFIRULLAH\n|\n|upkeep\n|\n|t:|1700682794\n|switch|p1a: MIDWEST FURFEST|Ninetales-Alola, F, shiny|100\/100\n|-weather|Snow|[from] ability: Snow Warning|[of] p1a: MIDWEST FURFEST\n|turn|6\n|\n|t:|1700682799\n|move|p2a: Rillaboom|Grassy Glide|p1a: MIDWEST FURFEST\n|-damage|p1a: MIDWEST FURFEST|48\/100\n|move|p1a: MIDWEST FURFEST|Aurora Veil|p1a: MIDWEST FURFEST\n|-sidestart|p1: SCHIZODROOLER98|move: Aurora Veil\n|\n|-weather|Snow|[upkeep]\n|-heal|p1a: MIDWEST FURFEST|54\/100|[from] Grassy Terrain\n|upkeep\n|turn|7\n|inactive|SCHIZODROOLER98 has 120 seconds left.\n|\n|t:|1700682836\n|switch|p1a: SKILL ISSUE|Slowbro-Galar, M, shiny|100\/100\n|switch|p2a: Kingambit|Kingambit, M|100\/100\n|-activate|p2a: Kingambit|ability: Supreme Overlord\n|-start|p2a: Kingambit|fallen2|[silent]\n|\n|-weather|Snow|[upkeep]\n|upkeep\n|turn|8\n|inactive|SCHIZODROOLER98 has 120 seconds left.\n|-activate|p1a: SKILL ISSUE|item: Quick Claw\n|\n|t:|1700682870\n|-end|p2a: Kingambit|fallen2|[silent]\n|switch|p2a: Slowking|Slowking-Galar, M|100\/100\n|move|p1a: SKILL ISSUE|Focus Blast|p2a: Slowking\n|-resisted|p2a: Slowking\n|-damage|p2a: Slowking|92\/100\n|\n|-weather|Snow|[upkeep]\n|-heal|p2a: Slowking|98\/100|[from] Grassy Terrain\n|upkeep\n|turn|9\n|\n|t:|1700682886\n|switch|p1a: HE JUST LIKE ME FR|Kingambit, M|100\/100\n|-activate|p1a: HE JUST LIKE ME FR|ability: Supreme Overlord\n|-start|p1a: HE JUST LIKE ME FR|fallen1|[silent]\n|move|p2a: Slowking|Future Sight|p1a: HE JUST LIKE ME FR\n|-start|p2a: Slowking|move: Future Sight\n|\n|-weather|Snow|[upkeep]\n|-heal|p2a: Slowking|100\/100|[from] Grassy Terrain\n|-fieldend|move: Grassy Terrain\n|upkeep\n|turn|10\n|\n|t:|1700682901\n|move|p1a: HE JUST LIKE ME FR|Swords Dance|p1a: HE JUST LIKE ME FR\n|-boost|p1a: HE JUST LIKE ME FR|atk|2\n|move|p2a: Slowking|Chilly Reception|p2a: Slowking\n|\n|t:|1700682908\n|switch|p2a: Ceruledge|Ceruledge, F|100\/100|[from] Chilly Reception\n|\n|-weather|none\n|upkeep\n|turn|11\n|-activate|p1a: HE JUST LIKE ME FR|item: Quick Claw\n|\n|t:|1700682918\n|-terastallize|p2a: Ceruledge|Fighting\n|move|p1a: HE JUST LIKE ME FR|Kowtow Cleave|p2a: Ceruledge\n|-resisted|p2a: Ceruledge\n|-damage|p2a: Ceruledge|27\/100\n|-ability|p2a: Ceruledge|Weak Armor|boost\n|-unboost|p2a: Ceruledge|def|1\n|-boost|p2a: Ceruledge|spe|2\n|move|p2a: Ceruledge|Close Combat|p1a: HE JUST LIKE ME FR\n|-supereffective|p1a: HE JUST LIKE ME FR\n|-damage|p1a: HE JUST LIKE ME FR|11\/100\n|-unboost|p2a: Ceruledge|def|1\n|-unboost|p2a: Ceruledge|spd|1\n|\n|-end|p1a: HE JUST LIKE ME FR|move: Future Sight\n|-immune|p1a: HE JUST LIKE ME FR\n|upkeep\n|turn|12\n|-activate|p1a: HE JUST LIKE ME FR|item: Quick Claw\n|\n|t:|1700682938\n|move|p1a: HE JUST LIKE ME FR|Iron Head|p2a: Ceruledge\n|-damage|p2a: Ceruledge|0 fnt\n|faint|p2a: Ceruledge\n|\n|upkeep\n|\n|t:|1700682947\n|switch|p2a: Kingambit|Kingambit, M|100\/100\n|-activate|p2a: Kingambit|ability: Supreme Overlord\n|-start|p2a: Kingambit|fallen3|[silent]\n|turn|13\n|\n|t:|1700682951\n|move|p2a: Kingambit|Sucker Punch|p1a: HE JUST LIKE ME FR\n|-resisted|p1a: HE JUST LIKE ME FR\n|-damage|p1a: HE JUST LIKE ME FR|2\/100\n|move|p1a: HE JUST LIKE ME FR|Low Kick|p2a: Kingambit\n|-supereffective|p2a: Kingambit\n|-crit|p2a: Kingambit\n|-damage|p2a: Kingambit|0 fnt\n|faint|p2a: Kingambit\n|-end|p2a: Kingambit|fallen3|[silent]\n|\n|-sideend|p1: SCHIZODROOLER98|move: Aurora Veil\n|upkeep\n|\n|t:|1700682959\n|switch|p2a: Rillaboom|Rillaboom, M|100\/100\n|-fieldstart|move: Grassy Terrain|[from] ability: Grassy Surge|[of] p2a: Rillaboom\n|turn|14\n|\n|t:|1700682966\n|move|p2a: Rillaboom|U-turn|p1a: HE JUST LIKE ME FR\n|-damage|p1a: HE JUST LIKE ME FR|0 fnt\n|faint|p1a: HE JUST LIKE ME FR\n|-end|p1a: HE JUST LIKE ME FR|fallen1|[silent]\n|\n|t:|1700682968\n|switch|p2a: Slowking|Slowking-Galar, M|100\/100|[from] U-turn\n|\n|upkeep\n|\n|t:|1700682976\n|switch|p1a: SKILL ISSUE|Slowbro-Galar, M, shiny|100\/100\n|turn|15\n|\n|t:|1700682983\n|move|p1a: SKILL ISSUE|Nasty Plot|p1a: SKILL ISSUE\n|-boost|p1a: SKILL ISSUE|spa|2\n|move|p2a: Slowking|Future Sight|p1a: SKILL ISSUE\n|-start|p2a: Slowking|move: Future Sight\n|\n|upkeep\n|turn|16\n|\n|t:|1700682988\n|move|p1a: SKILL ISSUE|Psyshock|p2a: Slowking\n|-damage|p2a: Slowking|49\/100\n|move|p2a: Slowking|Chilly Reception|p2a: Slowking\n|-weather|Snow\n|\n|t:|1700682991\n|switch|p2a: Rillaboom|Rillaboom, M|100\/100|[from] Chilly Reception\n|\n|-weather|Snow|[upkeep]\n|upkeep\n|turn|17\n|\n|t:|1700682995\n|move|p2a: Rillaboom|High Horsepower|p1a: SKILL ISSUE\n|-supereffective|p1a: SKILL ISSUE\n|-damage|p1a: SKILL ISSUE|0 fnt\n|faint|p1a: SKILL ISSUE\n|\n|-weather|Snow|[upkeep]\n|-hint|Future Sight did not hit because the target is fainted.\n|upkeep\n|\n|t:|1700682999\n|switch|p1a: DEEZ HANDS|Iron Hands|100\/100\n|turn|18\n|-activate|p1a: DEEZ HANDS|item: Quick Claw\n|\n|t:|1700683002\n|switch|p2a: Slowking|Slowking-Galar, M|82\/100\n|move|p1a: DEEZ HANDS|Ice Punch|p2a: Slowking\n|-damage|p2a: Slowking|61\/100\n|\n|-weather|Snow|[upkeep]\n|-heal|p2a: Slowking|67\/100|[from] Grassy Terrain\n|-fieldend|move: Grassy Terrain\n|upkeep\n|turn|19\n|\n|t:|1700683008\n|move|p1a: DEEZ HANDS|Swords Dance|p1a: DEEZ HANDS\n|-boost|p1a: DEEZ HANDS|atk|2\n|move|p2a: Slowking|Future Sight|p1a: DEEZ HANDS\n|-start|p2a: Slowking|move: Future Sight\n|\n|-weather|Snow|[upkeep]\n|upkeep\n|turn|20\n|\n|t:|1700683013\n|move|p1a: DEEZ HANDS|Thunder Punch|p2a: Slowking\n|-damage|p2a: Slowking|0 fnt\n|faint|p2a: Slowking\n|\n|-weather|none\n|upkeep\n|\n|t:|1700683016\n|switch|p2a: Rillaboom|Rillaboom, M|100\/100\n|-fieldstart|move: Grassy Terrain|[from] ability: Grassy Surge|[of] p2a: Rillaboom\n|turn|21\n|-activate|p1a: DEEZ HANDS|item: Quick Claw\n|\n|t:|1700683023\n|move|p2a: Rillaboom|Grassy Glide|p1a: DEEZ HANDS\n|-damage|p1a: DEEZ HANDS|60\/100\n|move|p1a: DEEZ HANDS|Ice Punch|p2a: Rillaboom\n|-supereffective|p2a: Rillaboom\n|-damage|p2a: Rillaboom|0 fnt\n|faint|p2a: Rillaboom\n|\n|win|SCHIZODROOLER98\n|raw|SCHIZODROOLER98's rating: 1578 &rarr; <strong>1601<\/strong><br \/>(+23 for winning)\n|raw|derl's rating: 1627 &rarr; <strong>1604<\/strong><br \/>(-23 for losing)\n|c|\u2606derl|gg\n|l|\u2606derl\n|c|\u2606SCHIZODROOLER98|gg\n","uploadtime":1700683037,"views":0,"p1id":"schizodrooler98","p2id":"derl","formatid":"gen9ou","rating":1601,"private":0,"password":""}