{"id":"gen9ou-1991204299","p1":"metsfan5715","p2":"TheNutmeg33","format":"[Gen 9] OU","log":"|j|\u2606metsfan5715\n|j|\u2606TheNutmeg33\n|t:|1700056861\n|gametype|singles\n|player|p1|metsfan5715|170|1589\n|player|p2|TheNutmeg33|169|1640\n|teamsize|p1|6\n|teamsize|p2|6\n|gen|9\n|tier|[Gen 9] OU\n|rated|\n|rule|Sleep Clause Mod: Limit one foe put to sleep\n|rule|Species Clause: Limit one of each Pok\u00e9mon\n|rule|OHKO Clause: OHKO moves are banned\n|rule|Evasion Items Clause: Evasion items are banned\n|rule|Evasion Moves Clause: Evasion moves are banned\n|rule|Endless Battle Clause: Forcing endless battles is banned\n|rule|HP Percentage Mod: HP is shown in percentages\n|clearpoke\n|poke|p1|Slowking-Galar, M|\n|poke|p1|Kingambit, F|\n|poke|p1|Ursaluna, F|\n|poke|p1|Hatterene, F|\n|poke|p1|Cresselia, F|\n|poke|p1|Samurott-Hisui, M|\n|poke|p2|Iron Moth|\n|poke|p2|Great Tusk|\n|poke|p2|Garganacl, M|\n|poke|p2|Clodsire, F|\n|poke|p2|Corviknight, M|\n|poke|p2|Rillaboom, M|\n|teampreview\n|inactive|Battle timer is ON: inactive players will automatically lose when time's up. (requested by TheNutmeg33)\n|\n|t:|1700056870\n|start\n|switch|p1a: Hatterene|Hatterene, F|100\/100\n|switch|p2a: Corviknight|Corviknight, M, shiny|100\/100\n|-ability|p2a: Corviknight|Pressure\n|turn|1\n|\n|t:|1700056879\n|move|p2a: Corviknight|U-turn|p1a: Hatterene\n|-damage|p1a: Hatterene|83\/100\n|\n|t:|1700056883\n|switch|p2a: Rillaboom|Rillaboom, M, shiny|100\/100|[from] U-turn\n|-fieldstart|move: Grassy Terrain|[from] ability: Grassy Surge|[of] p2a: Rillaboom\n|move|p1a: Hatterene|Trick Room|p1a: Hatterene\n|-fieldstart|move: Trick Room|[of] p1a: Hatterene\n|\n|-heal|p1a: Hatterene|89\/100|[from] Grassy Terrain\n|upkeep\n|turn|2\n|\n|t:|1700056899\n|move|p2a: Rillaboom|Grassy Glide|p1a: Hatterene\n|-damage|p1a: Hatterene|27\/100\n|move|p1a: Hatterene|Misty Explosion|p2a: Rillaboom\n|-damage|p2a: Rillaboom|21\/100\n|faint|p1a: Hatterene\n|\n|-heal|p2a: Rillaboom|27\/100|[from] Grassy Terrain\n|upkeep\n|\n|t:|1700056907\n|switch|p1a: Ursaluna|Ursaluna, F|100\/100\n|turn|3\n|\n|t:|1700056915\n|move|p2a: Rillaboom|Grassy Glide|p1a: Ursaluna\n|-supereffective|p1a: Ursaluna\n|-damage|p1a: Ursaluna|13\/100\n|move|p1a: Ursaluna|Facade|p2a: Rillaboom\n|-damage|p2a: Rillaboom|0 fnt\n|faint|p2a: Rillaboom\n|\n|-heal|p1a: Ursaluna|19\/100|[from] Grassy Terrain\n|-status|p1a: Ursaluna|brn|[from] item: Flame Orb\n|upkeep\n|\n|t:|1700056925\n|switch|p2a: Garganacl|Garganacl, M, shiny|100\/100\n|turn|4\n|inactive|metsfan5715 has 120 seconds left.\n|\n|t:|1700056962\n|switch|p1a: Cresselia|Cresselia, F|100\/100\n|move|p2a: Garganacl|Protect||[still]\n|-fail|p2a: Garganacl\n|\n|upkeep\n|turn|5\n|inactive|metsfan5715 has 120 seconds left.\n|\n|t:|1700056970\n|move|p2a: Garganacl|Salt Cure|p1a: Cresselia\n|-damage|p1a: Cresselia|91\/100\n|-start|p1a: Cresselia|Salt Cure\n|move|p1a: Cresselia|Moonblast|p2a: Garganacl\n|-damage|p2a: Garganacl|86\/100\n|-unboost|p2a: Garganacl|spa|1\n|\n|-heal|p2a: Garganacl|92\/100|[from] Grassy Terrain\n|-heal|p2a: Garganacl|99\/100|[from] item: Leftovers\n|-damage|p1a: Cresselia|79\/100|[from] Salt Cure\n|-fieldend|move: Trick Room\n|-fieldend|move: Grassy Terrain\n|upkeep\n|turn|6\n|inactive|metsfan5715 has 120 seconds left.\n|\n|t:|1700056981\n|switch|p2a: Clodsire|Clodsire, F, shiny|100\/100\n|move|p1a: Cresselia|Trick Room|p1a: Cresselia\n|-fieldstart|move: Trick Room|[of] p1a: Cresselia\n|\n|-damage|p1a: Cresselia|66\/100|[from] Salt Cure\n|upkeep\n|turn|7\n|\n|t:|1700056988\n|move|p2a: Clodsire|Toxic|p1a: Cresselia\n|-status|p1a: Cresselia|tox\n|move|p1a: Cresselia|Lunar Dance|p1a: Cresselia\n|faint|p1a: Cresselia\n|\n|upkeep\n|\n|t:|1700056994\n|switch|p1a: Ursaluna|Ursaluna, F|19\/100 brn\n|-heal|p1a: Ursaluna|100\/100|[from] move: Lunar Dance\n|turn|8\n|\n|t:|1700056998\n|move|p2a: Clodsire|Toxic|p1a: Ursaluna\n|-status|p1a: Ursaluna|tox\n|move|p1a: Ursaluna|Swords Dance|p1a: Ursaluna\n|-boost|p1a: Ursaluna|atk|2\n|\n|-damage|p1a: Ursaluna|94\/100 tox|[from] psn\n|upkeep\n|turn|9\n|\n|t:|1700057009\n|-terastallize|p1a: Ursaluna|Normal\n|move|p2a: Clodsire|Spikes|p1a: Ursaluna\n|-sidestart|p1: metsfan5715|Spikes\n|move|p1a: Ursaluna|Facade|p2a: Clodsire\n|-damage|p2a: Clodsire|0 fnt\n|faint|p2a: Clodsire\n|\n|-damage|p1a: Ursaluna|82\/100 tox|[from] psn\n|upkeep\n|\n|t:|1700057015\n|switch|p2a: Garganacl|Garganacl, M, shiny|99\/100\n|turn|10\n|\n|t:|1700057024\n|-terastallize|p2a: Garganacl|Ghost\n|move|p2a: Garganacl|Salt Cure|p1a: Ursaluna\n|-damage|p1a: Ursaluna|73\/100 tox\n|-start|p1a: Ursaluna|Salt Cure\n|move|p1a: Ursaluna|Swords Dance|p1a: Ursaluna\n|-boost|p1a: Ursaluna|atk|2\n|\n|-heal|p2a: Garganacl|100\/100|[from] item: Leftovers\n|-damage|p1a: Ursaluna|55\/100 tox|[from] psn\n|-damage|p1a: Ursaluna|43\/100 tox|[from] Salt Cure\n|-fieldend|move: Trick Room\n|upkeep\n|turn|11\n|\n|t:|1700057037\n|move|p2a: Garganacl|Protect|p2a: Garganacl\n|-singleturn|p2a: Garganacl|Protect\n|move|p1a: Ursaluna|Facade|p2a: Garganacl\n|-activate|p2a: Garganacl|move: Protect\n|\n|-damage|p1a: Ursaluna|18\/100 tox|[from] psn\n|-damage|p1a: Ursaluna|6\/100 tox|[from] Salt Cure\n|upkeep\n|turn|12\n|\n|t:|1700057049\n|switch|p2a: Corviknight|Corviknight, M, shiny|100\/100\n|-ability|p2a: Corviknight|Pressure\n|move|p1a: Ursaluna|Headlong Rush|p2a: Corviknight\n|-immune|p2a: Corviknight\n|\n|-damage|p1a: Ursaluna|0 fnt|[from] psn\n|faint|p1a: Ursaluna\n|upkeep\n|\n|t:|1700057062\n|switch|p1a: Slowking|Slowking-Galar, M|100\/100\n|-damage|p1a: Slowking|88\/100|[from] Spikes\n|turn|13\n|\n|t:|1700057066\n|move|p2a: Corviknight|U-turn|p1a: Slowking\n|-damage|p1a: Slowking|73\/100\n|\n|t:|1700057069\n|switch|p2a: Great Tusk|Great Tusk, shiny|100\/100|[from] U-turn\n|move|p1a: Slowking|Trick Room|p1a: Slowking\n|-fieldstart|move: Trick Room|[of] p1a: Slowking\n|\n|upkeep\n|turn|14\n|\n|t:|1700057075\n|move|p1a: Slowking|Psyshock|p2a: Great Tusk\n|-supereffective|p2a: Great Tusk\n|-damage|p2a: Great Tusk|39\/100\n|move|p2a: Great Tusk|Headlong Rush|p1a: Slowking\n|-supereffective|p1a: Slowking\n|-damage|p1a: Slowking|0 fnt\n|-unboost|p2a: Great Tusk|def|1\n|-unboost|p2a: Great Tusk|spd|1\n|faint|p1a: Slowking\n|\n|upkeep\n|\n|t:|1700057083\n|switch|p1a: Kingambit|Kingambit, F|100\/100\n|-damage|p1a: Kingambit|88\/100|[from] Spikes\n|-activate|p1a: Kingambit|ability: Supreme Overlord\n|-start|p1a: Kingambit|fallen4|[silent]\n|turn|15\n|\n|t:|1700057089\n|move|p1a: Kingambit|Kowtow Cleave|p2a: Great Tusk\n|-resisted|p2a: Great Tusk\n|-damage|p2a: Great Tusk|0 fnt\n|faint|p2a: Great Tusk\n|-end|p2a: Great Tusk|Protosynthesis|[silent]\n|\n|upkeep\n|\n|t:|1700057098\n|switch|p2a: Garganacl|Garganacl, M, shiny, tera:Ghost|100\/100\n|turn|16\n|\n|t:|1700057102\n|move|p1a: Kingambit|Swords Dance|p1a: Kingambit\n|-boost|p1a: Kingambit|atk|2\n|move|p2a: Garganacl|Salt Cure|p1a: Kingambit\n|-resisted|p1a: Kingambit\n|-damage|p1a: Kingambit|83\/100\n|-start|p1a: Kingambit|Salt Cure\n|\n|-damage|p1a: Kingambit|58\/100|[from] Salt Cure\n|upkeep\n|turn|17\n|\n|t:|1700057109\n|move|p2a: Garganacl|Protect|p2a: Garganacl\n|-singleturn|p2a: Garganacl|Protect\n|move|p1a: Kingambit|Swords Dance|p1a: Kingambit\n|-boost|p1a: Kingambit|atk|2\n|\n|-damage|p1a: Kingambit|33\/100|[from] Salt Cure\n|-fieldend|move: Trick Room\n|upkeep\n|turn|18\n|\n|t:|1700057117\n|switch|p2a: Corviknight|Corviknight, M, shiny|100\/100\n|-ability|p2a: Corviknight|Pressure\n|move|p1a: Kingambit|Kowtow Cleave|p2a: Corviknight\n|-damage|p2a: Corviknight|0 fnt\n|-damage|p1a: Kingambit|16\/100|[from] item: Rocky Helmet|[of] p2a: Corviknight\n|faint|p2a: Corviknight\n|\n|-damage|p1a: Kingambit|0 fnt|[from] Salt Cure\n|faint|p1a: Kingambit\n|-end|p1a: Kingambit|fallen4|[silent]\n|upkeep\n|\n|t:|1700057127\n|switch|p2a: Garganacl|Garganacl, M, shiny, tera:Ghost|100\/100\n|switch|p1a: Samurott|Samurott-Hisui, M|100\/100\n|-damage|p1a: Samurott|88\/100|[from] Spikes\n|turn|19\n|\n|t:|1700057134\n|move|p1a: Samurott|Ceaseless Edge|p2a: Garganacl\n|-supereffective|p2a: Garganacl\n|-damage|p2a: Garganacl|59\/100\n|-sidestart|p2: TheNutmeg33|Spikes\n|move|p2a: Garganacl|Salt Cure|p1a: Samurott\n|-damage|p1a: Samurott|73\/100\n|-start|p1a: Samurott|Salt Cure\n|\n|-heal|p2a: Garganacl|65\/100|[from] item: Leftovers\n|-damage|p1a: Samurott|48\/100|[from] Salt Cure\n|upkeep\n|turn|20\n|-message|metsfan5715 forfeited.\n|\n|win|TheNutmeg33\n|raw|metsfan5715's rating: 1589 &rarr; <strong>1572<\/strong><br \/>(-17 for losing)\n|raw|TheNutmeg33's rating: 1640 &rarr; <strong>1657<\/strong><br \/>(+17 for winning)\n|l|\u2606metsfan5715\n","uploadtime":1700057149,"views":24,"p1id":"metsfan5715","p2id":"thenutmeg33","formatid":"gen9ou","rating":1572,"private":0,"password":""}