{"id":"gen9ou-1988285065","p1":"doodieray","p2":"TheEGirls","format":"[Gen 9] OU","log":"|j|\u2606doodieray\n|j|\u2606TheEGirls\n|t:|1699701649\n|gametype|singles\n|player|p1|doodieray|265|1455\n|player|p2|TheEGirls|n|1445\n|teamsize|p1|6\n|teamsize|p2|6\n|gen|9\n|tier|[Gen 9] OU\n|rated|\n|rule|Sleep Clause Mod: Limit one foe put to sleep\n|rule|Species Clause: Limit one of each Pok\u00e9mon\n|rule|OHKO Clause: OHKO moves are banned\n|rule|Evasion Items Clause: Evasion items are banned\n|rule|Evasion Moves Clause: Evasion moves are banned\n|rule|Endless Battle Clause: Forcing endless battles is banned\n|rule|HP Percentage Mod: HP is shown in percentages\n|clearpoke\n|poke|p1|Torterra, F|\n|poke|p1|Ninetales-Alola, F|\n|poke|p1|Azelf|\n|poke|p1|Haxorus, M|\n|poke|p1|Quaquaval, F|\n|poke|p1|Ceruledge, F|\n|poke|p2|Greninja-*, M|\n|poke|p2|Pelipper, M|\n|poke|p2|Barraskewda, M|\n|poke|p2|Zapdos|\n|poke|p2|Manaphy|\n|poke|p2|Amoonguss, M|\n|teampreview\n|\n|t:|1699701700\n|start\n|switch|p1a: Azelf|Azelf, shiny|100\/100\n|switch|p2a: Barraskewda|Barraskewda, M|100\/100\n|turn|1\n|\n|t:|1699701708\n|move|p2a: Barraskewda|Flip Turn|p1a: Azelf\n|-damage|p1a: Azelf|29\/100\n|\n|t:|1699701712\n|switch|p2a: Greninja|Greninja, M|100\/100|[from] Flip Turn\n|move|p1a: Azelf|Stealth Rock|p2a: Greninja\n|-sidestart|p2: TheEGirls|move: Stealth Rock\n|\n|upkeep\n|turn|2\n|\n|t:|1699701724\n|switch|p1a: Ninetales|Ninetales-Alola, F, shiny|100\/100\n|-weather|Snow|[from] ability: Snow Warning|[of] p1a: Ninetales\n|move|p2a: Greninja|Surf|p1a: Ninetales\n|-damage|p1a: Ninetales|47\/100\n|-damage|p2a: Greninja|91\/100|[from] item: Life Orb\n|\n|-weather|Snow|[upkeep]\n|upkeep\n|turn|3\n|\n|t:|1699701734\n|switch|p1a: Quaquaval|Quaquaval, F|100\/100\n|move|p2a: Greninja|Surf|p1a: Quaquaval\n|-resisted|p1a: Quaquaval\n|-damage|p1a: Quaquaval|83\/100\n|-damage|p2a: Greninja|81\/100|[from] item: Life Orb\n|\n|-weather|Snow|[upkeep]\n|upkeep\n|turn|4\n|\n|t:|1699701740\n|switch|p2a: Amoonguss|Amoonguss, M|100\/100\n|-damage|p2a: Amoonguss|88\/100|[from] Stealth Rock\n|move|p1a: Quaquaval|Aqua Step|p2a: Amoonguss\n|-resisted|p2a: Amoonguss\n|-damage|p2a: Amoonguss|73\/100\n|-boost|p1a: Quaquaval|spe|1\n|-damage|p1a: Quaquaval|67\/100|[from] item: Rocky Helmet|[of] p2a: Amoonguss\n|\n|-weather|Snow|[upkeep]\n|upkeep\n|turn|5\n|\n|t:|1699701754\n|move|p1a: Quaquaval|Knock Off|p2a: Amoonguss\n|-damage|p2a: Amoonguss|48\/100\n|-damage|p1a: Quaquaval|50\/100|[from] item: Rocky Helmet|[of] p2a: Amoonguss\n|-enditem|p2a: Amoonguss|Rocky Helmet|[from] move: Knock Off|[of] p1a: Quaquaval\n|move|p2a: Amoonguss|Sludge Bomb|p1a: Quaquaval\n|-damage|p1a: Quaquaval|31\/100\n|-status|p1a: Quaquaval|psn\n|\n|-weather|Snow|[upkeep]\n|-damage|p1a: Quaquaval|18\/100 psn|[from] psn\n|upkeep\n|turn|6\n|\n|t:|1699701771\n|move|p1a: Quaquaval|Close Combat|p2a: Amoonguss\n|-resisted|p2a: Amoonguss\n|-damage|p2a: Amoonguss|25\/100\n|-unboost|p1a: Quaquaval|def|1\n|-unboost|p1a: Quaquaval|spd|1\n|move|p2a: Amoonguss|Giga Drain|p1a: Quaquaval\n|-supereffective|p1a: Quaquaval\n|-damage|p1a: Quaquaval|0 fnt\n|-heal|p2a: Amoonguss|33\/100|[from] drain|[of] p1a: Quaquaval\n|faint|p1a: Quaquaval\n|\n|-weather|none\n|upkeep\n|\n|t:|1699701779\n|switch|p1a: Ninetales|Ninetales-Alola, F, shiny|47\/100\n|-weather|Snow|[from] ability: Snow Warning|[of] p1a: Ninetales\n|turn|7\n|\n|t:|1699701810\n|move|p1a: Ninetales|Encore|p2a: Amoonguss\n|-start|p2a: Amoonguss|Encore\n|move|p2a: Amoonguss|Giga Drain|p1a: Ninetales\n|-damage|p1a: Ninetales|24\/100\n|-heal|p2a: Amoonguss|42\/100|[from] drain|[of] p1a: Ninetales\n|\n|-weather|Snow|[upkeep]\n|upkeep\n|turn|8\n|\n|t:|1699701838\n|move|p1a: Ninetales|Aurora Veil|p1a: Ninetales\n|-sidestart|p1: doodieray|move: Aurora Veil\n|move|p2a: Amoonguss|Giga Drain|p1a: Ninetales\n|-damage|p1a: Ninetales|14\/100\n|-heal|p2a: Amoonguss|46\/100|[from] drain|[of] p1a: Ninetales\n|\n|-weather|Snow|[upkeep]\n|upkeep\n|turn|9\n|\n|t:|1699701851\n|switch|p2a: Zapdos|Zapdos|100\/100\n|move|p1a: Ninetales|Freeze-Dry|p2a: Zapdos\n|-supereffective|p2a: Zapdos\n|-damage|p2a: Zapdos|53\/100\n|-status|p2a: Zapdos|frz\n|\n|-weather|Snow|[upkeep]\n|upkeep\n|turn|10\n|\n|t:|1699701857\n|move|p1a: Ninetales|Freeze-Dry|p2a: Zapdos\n|-supereffective|p2a: Zapdos\n|-damage|p2a: Zapdos|4\/100 frz\n|cant|p2a: Zapdos|frz\n|\n|-weather|Snow|[upkeep]\n|upkeep\n|turn|11\n|\n|t:|1699701861\n|move|p1a: Ninetales|Freeze-Dry|p2a: Zapdos\n|-supereffective|p2a: Zapdos\n|-damage|p2a: Zapdos|0 fnt\n|faint|p2a: Zapdos\n|\n|-weather|none\n|upkeep\n|\n|t:|1699701863\n|switch|p2a: Greninja|Greninja, M|81\/100\n|-damage|p2a: Greninja|69\/100|[from] Stealth Rock\n|turn|12\n|\n|t:|1699701873\n|switch|p1a: Haxorus|Haxorus, M, shiny|100\/100\n|-ability|p1a: Haxorus|Mold Breaker\n|move|p2a: Greninja|Surf|p1a: Haxorus\n|-resisted|p1a: Haxorus\n|-damage|p1a: Haxorus|82\/100\n|-damage|p2a: Greninja|59\/100|[from] item: Life Orb\n|\n|upkeep\n|turn|13\n|\n|t:|1699701878\n|switch|p2a: Amoonguss|Amoonguss, M|79\/100\n|-damage|p2a: Amoonguss|67\/100|[from] Stealth Rock\n|move|p1a: Haxorus|Scale Shot|p2a: Amoonguss\n|-damage|p2a: Amoonguss|54\/100\n|-damage|p2a: Amoonguss|42\/100\n|-damage|p2a: Amoonguss|30\/100\n|-damage|p2a: Amoonguss|17\/100\n|-hitcount|p2a: Amoonguss|4\n|-unboost|p1a: Haxorus|def|1\n|-boost|p1a: Haxorus|spe|1\n|\n|upkeep\n|turn|14\n|\n|t:|1699701894\n|move|p1a: Haxorus|Scale Shot|p2a: Amoonguss\n|-damage|p2a: Amoonguss|6\/100\n|-damage|p2a: Amoonguss|0 fnt\n|faint|p2a: Amoonguss\n|-hitcount|p2: Amoonguss|2\n|-unboost|p1a: Haxorus|def|1\n|-boost|p1a: Haxorus|spe|1\n|\n|upkeep\n|\n|t:|1699701897\n|switch|p2a: Manaphy|Manaphy|100\/100\n|turn|15\n|\n|t:|1699701908\n|move|p1a: Haxorus|Swords Dance|p1a: Haxorus\n|-boost|p1a: Haxorus|atk|2\n|move|p2a: Manaphy|Ice Beam|p1a: Haxorus\n|-supereffective|p1a: Haxorus\n|-crit|p1a: Haxorus\n|-damage|p1a: Haxorus|0 fnt\n|faint|p1a: Haxorus\n|\n|-sideend|p1: doodieray|move: Aurora Veil\n|upkeep\n|\n|t:|1699701913\n|switch|p1a: Azelf|Azelf, shiny|29\/100\n|turn|16\n|\n|t:|1699701922\n|move|p1a: Azelf|Explosion|p2a: Manaphy\n|-damage|p2a: Manaphy|20\/100\n|faint|p1a: Azelf\n|move|p2a: Manaphy|Tail Glow|p2a: Manaphy\n|-boost|p2a: Manaphy|spa|3\n|\n|upkeep\n|\n|t:|1699701931\n|switch|p1a: Ninetales|Ninetales-Alola, F, shiny|14\/100\n|-weather|Snow|[from] ability: Snow Warning|[of] p1a: Ninetales\n|turn|17\n|\n|t:|1699701933\n|switch|p2a: Pelipper|Pelipper, M|100\/100\n|-damage|p2a: Pelipper|76\/100|[from] Stealth Rock\n|-weather|RainDance|[from] ability: Drizzle|[of] p2a: Pelipper\n|move|p1a: Ninetales|Freeze-Dry|p2a: Pelipper\n|-supereffective|p2a: Pelipper\n|-damage|p2a: Pelipper|0 fnt\n|faint|p2a: Pelipper\n|\n|-weather|RainDance|[upkeep]\n|upkeep\n|\n|t:|1699701956\n|switch|p2a: Barraskewda|Barraskewda, M|100\/100\n|-damage|p2a: Barraskewda|88\/100|[from] Stealth Rock\n|turn|18\n|\n|t:|1699701967\n|switch|p1a: Torterra|Torterra, F|100\/100\n|move|p2a: Barraskewda|Flip Turn|p1a: Torterra\n|-damage|p1a: Torterra|29\/100\n|\n|t:|1699701973\n|switch|p2a: Greninja|Greninja, M|59\/100|[from] Flip Turn\n|-damage|p2a: Greninja|46\/100|[from] Stealth Rock\n|\n|-weather|RainDance|[upkeep]\n|upkeep\n|turn|19\n|\n|t:|1699701979\n|switch|p1a: Ninetales|Ninetales-Alola, F, shiny|14\/100\n|-weather|Snow|[from] ability: Snow Warning|[of] p1a: Ninetales\n|move|p2a: Greninja|Surf|p1a: Ninetales\n|-damage|p1a: Ninetales|0 fnt\n|faint|p1a: Ninetales\n|-ability|p2a: Greninja|Battle Bond|boost\n|-boost|p2a: Greninja|atk|1\n|-boost|p2a: Greninja|spa|1\n|-boost|p2a: Greninja|spe|1\n|-activate|p2a: Greninja|ability: Battle Bond\n|-damage|p2a: Greninja|37\/100|[from] item: Life Orb\n|\n|-weather|Snow|[upkeep]\n|upkeep\n|\n|t:|1699702027\n|switch|p1a: Ceruledge|Ceruledge, F|100\/100\n|turn|20\n|\n|t:|1699702047\n|move|p2a: Greninja|Water Shuriken|p1a: Ceruledge\n|-supereffective|p1a: Ceruledge\n|-damage|p1a: Ceruledge|71\/100\n|-supereffective|p1a: Ceruledge\n|-damage|p1a: Ceruledge|41\/100\n|-hitcount|p1a: Ceruledge|2\n|-damage|p2a: Greninja|27\/100|[from] item: Life Orb\n|move|p1a: Ceruledge|Swords Dance|p1a: Ceruledge\n|-boost|p1a: Ceruledge|atk|2\n|\n|-weather|Snow|[upkeep]\n|upkeep\n|turn|21\n|\n|t:|1699702058\n|-terastallize|p1a: Ceruledge|Ghost\n|move|p2a: Greninja|Water Shuriken|p1a: Ceruledge\n|-damage|p1a: Ceruledge|25\/100\n|-damage|p1a: Ceruledge|10\/100\n|-hitcount|p1a: Ceruledge|2\n|-damage|p2a: Greninja|17\/100|[from] item: Life Orb\n|move|p1a: Ceruledge|Shadow Sneak|p2a: Greninja\n|-resisted|p2a: Greninja\n|-damage|p2a: Greninja|0 fnt\n|faint|p2a: Greninja\n|\n|-weather|Snow|[upkeep]\n|upkeep\n|c|\u2606TheEGirls|gooood game gg\n|\n|t:|1699702076\n|switch|p2a: Barraskewda|Barraskewda, M|88\/100\n|-damage|p2a: Barraskewda|76\/100|[from] Stealth Rock\n|turn|22\n|\n|t:|1699702081\n|move|p1a: Ceruledge|Shadow Sneak|p2a: Barraskewda\n|-damage|p2a: Barraskewda|0 fnt\n|faint|p2a: Barraskewda\n|\n|-weather|Snow|[upkeep]\n|upkeep\n|-message|TheEGirls forfeited.\n|\n|win|doodieray\n|raw|doodieray's rating: 1455 &rarr; <strong>1474<\/strong><br \/>(+19 for winning)\n|raw|TheEGirls's rating: 1445 &rarr; <strong>1426<\/strong><br \/>(-19 for losing)\n|l|\u2606TheEGirls\n|c|\u2606doodieray|Gg mate\n","uploadtime":1699702105,"views":16,"p1id":"doodieray","p2id":"theegirls","formatid":"gen9ou","rating":1426,"private":0,"password":""}