{"id":"gen9ou-1995006779","p1":"tkytkuyufkuy","p2":"The Dipplin Cult","format":"[Gen 9] OU","log":"|j|\u2606tkytkuyufkuy\n|j|\u2606The Dipplin Cult\n|t:|1700512733\n|gametype|singles\n|player|p1|tkytkuyufkuy|265|1053\n|player|p2|The Dipplin Cult|170|1124\n|teamsize|p1|6\n|teamsize|p2|6\n|gen|9\n|tier|[Gen 9] OU\n|rated|\n|rule|Sleep Clause Mod: Limit one foe put to sleep\n|rule|Species Clause: Limit one of each Pok\u00e9mon\n|rule|OHKO Clause: OHKO moves are banned\n|rule|Evasion Items Clause: Evasion items are banned\n|rule|Evasion Moves Clause: Evasion moves are banned\n|rule|Endless Battle Clause: Forcing endless battles is banned\n|rule|HP Percentage Mod: HP is shown in percentages\n|clearpoke\n|poke|p1|Gholdengo|\n|poke|p1|Drifblim, M|\n|poke|p1|Samurott-Hisui, M|\n|poke|p1|Kleavor, F|\n|poke|p1|Iron Moth|\n|poke|p1|Quaquaval, M|\n|poke|p2|Garganacl, M|\n|poke|p2|Gholdengo|\n|poke|p2|Samurott-Hisui, M|\n|poke|p2|Great Tusk|\n|poke|p2|Kingambit, M|\n|poke|p2|Iron Valiant|\n|teampreview\n|inactive|Battle timer is ON: inactive players will automatically lose when time's up. (requested by The Dipplin Cult)\n|\n|t:|1700512740\n|start\n|switch|p1a: Kleavor|Kleavor, F|100\/100\n|switch|p2a: Samurott|Samurott-Hisui, M|100\/100\n|turn|1\n|\n|t:|1700512750\n|move|p1a: Kleavor|Stone Axe|p2a: Samurott\n|-damage|p2a: Samurott|39\/100\n|-sidestart|p2: The Dipplin Cult|move: Stealth Rock\n|move|p2a: Samurott|Ceaseless Edge|p1a: Kleavor\n|-damage|p1a: Kleavor|46\/100\n|-sidestart|p1: tkytkuyufkuy|Spikes\n|\n|upkeep\n|turn|2\n|\n|t:|1700512758\n|move|p1a: Kleavor|Stone Axe|p2a: Samurott\n|-damage|p2a: Samurott|0 fnt\n|faint|p2a: Samurott\n|\n|upkeep\n|\n|t:|1700512769\n|switch|p2a: Gholdengo|Gholdengo|100\/100\n|-damage|p2a: Gholdengo|94\/100|[from] Stealth Rock\n|turn|3\n|\n|t:|1700512773\n|move|p1a: Kleavor|Stone Axe|p2a: Gholdengo\n|-resisted|p2a: Gholdengo\n|-damage|p2a: Gholdengo|63\/100\n|move|p2a: Gholdengo|Shadow Ball|p1a: Kleavor\n|-damage|p1a: Kleavor|0 fnt\n|faint|p1a: Kleavor\n|\n|upkeep\n|\n|t:|1700512776\n|switch|p1a: Samurott|Samurott-Hisui, M|100\/100\n|-damage|p1a: Samurott|88\/100|[from] Spikes\n|turn|4\n|\n|t:|1700512792\n|move|p2a: Gholdengo|Shadow Ball|p1a: Samurott\n|-resisted|p1a: Samurott\n|-crit|p1a: Samurott\n|-damage|p1a: Samurott|38\/100\n|move|p1a: Samurott|Ceaseless Edge|p2a: Gholdengo\n|-supereffective|p2a: Gholdengo\n|-damage|p2a: Gholdengo|0 fnt\n|-sidestart|p2: The Dipplin Cult|Spikes\n|faint|p2a: Gholdengo\n|\n|upkeep\n|\n|t:|1700512810\n|switch|p2a: Great Tusk|Great Tusk|100\/100\n|-damage|p2a: Great Tusk|98\/100|[from] Stealth Rock\n|-damage|p2a: Great Tusk|85\/100|[from] Spikes\n|turn|5\n|\n|t:|1700512814\n|switch|p1a: Drifblim|Drifblim, M|100\/100\n|move|p2a: Great Tusk|Rapid Spin|p1a: Drifblim\n|-immune|p1a: Drifblim\n|\n|-heal|p2a: Great Tusk|91\/100|[from] item: Leftovers\n|upkeep\n|turn|6\n|\n|t:|1700512817\n|move|p2a: Great Tusk|Knock Off|p1a: Drifblim\n|-supereffective|p1a: Drifblim\n|-damage|p1a: Drifblim|45\/100\n|-damage|p2a: Great Tusk|75\/100|[from] item: Rocky Helmet|[of] p1a: Drifblim\n|-enditem|p1a: Drifblim|Rocky Helmet|[from] move: Knock Off|[of] p2a: Great Tusk\n|move|p1a: Drifblim|Will-O-Wisp|p2a: Great Tusk\n|-status|p2a: Great Tusk|brn\n|\n|-heal|p2a: Great Tusk|81\/100 brn|[from] item: Leftovers\n|-damage|p2a: Great Tusk|75\/100 brn|[from] brn\n|upkeep\n|turn|7\n|\n|t:|1700512828\n|move|p2a: Great Tusk|Knock Off|p1a: Drifblim\n|-supereffective|p1a: Drifblim\n|-damage|p1a: Drifblim|27\/100\n|move|p1a: Drifblim|Strength Sap|p2a: Great Tusk\n|-unboost|p2a: Great Tusk|atk|1\n|-heal|p1a: Drifblim|99\/100\n|\n|-heal|p2a: Great Tusk|81\/100 brn|[from] item: Leftovers\n|-damage|p2a: Great Tusk|75\/100 brn|[from] brn\n|upkeep\n|turn|8\n|\n|t:|1700512843\n|-end|p2a: Great Tusk|Protosynthesis|[silent]\n|switch|p2a: Garganacl|Garganacl, M|100\/100\n|-damage|p2a: Garganacl|88\/100|[from] Stealth Rock\n|-damage|p2a: Garganacl|76\/100|[from] Spikes\n|move|p1a: Drifblim|Hex|p2a: Garganacl\n|-damage|p2a: Garganacl|69\/100\n|\n|-heal|p2a: Garganacl|75\/100|[from] item: Leftovers\n|upkeep\n|turn|9\n|\n|t:|1700512860\n|switch|p1a: Samurott|Samurott-Hisui, M|38\/100\n|-damage|p1a: Samurott|25\/100|[from] Spikes\n|-terastallize|p2a: Garganacl|Water\n|move|p2a: Garganacl|Iron Defense|p2a: Garganacl\n|-boost|p2a: Garganacl|def|2\n|\n|-heal|p2a: Garganacl|81\/100|[from] item: Leftovers\n|upkeep\n|turn|10\n|\n|t:|1700512871\n|move|p1a: Samurott|Sacred Sword|p2a: Garganacl\n|-damage|p2a: Garganacl|51\/100\n|move|p2a: Garganacl|Iron Defense|p2a: Garganacl\n|-boost|p2a: Garganacl|def|2\n|\n|-heal|p2a: Garganacl|57\/100|[from] item: Leftovers\n|upkeep\n|turn|11\n|\n|t:|1700512876\n|move|p1a: Samurott|Sacred Sword|p2a: Garganacl\n|-damage|p2a: Garganacl|30\/100\n|move|p2a: Garganacl|Recover|p2a: Garganacl\n|-heal|p2a: Garganacl|80\/100\n|\n|-heal|p2a: Garganacl|87\/100|[from] item: Leftovers\n|upkeep\n|turn|12\n|\n|t:|1700512883\n|move|p1a: Samurott|Sacred Sword|p2a: Garganacl\n|-damage|p2a: Garganacl|58\/100\n|move|p2a: Garganacl|Salt Cure|p1a: Samurott\n|-damage|p1a: Samurott|6\/100\n|-start|p1a: Samurott|Salt Cure\n|\n|-heal|p2a: Garganacl|65\/100|[from] item: Leftovers\n|-damage|p1a: Samurott|0 fnt|[from] Salt Cure\n|faint|p1a: Samurott\n|upkeep\n|n|\u2606tkytkuyufkuy|tkytkuyufkuy\n|\n|t:|1700512893\n|switch|p1a: Iron Moth|Iron Moth|100\/100\n|-damage|p1a: Iron Moth|88\/100|[from] Spikes\n|-enditem|p1a: Iron Moth|Booster Energy\n|-activate|p1a: Iron Moth|ability: Quark Drive|[fromitem]\n|-start|p1a: Iron Moth|quarkdrivespe\n|turn|13\n|\n|t:|1700512898\n|-terastallize|p1a: Iron Moth|Grass\n|move|p1a: Iron Moth|Energy Ball|p2a: Garganacl\n|-supereffective|p2a: Garganacl\n|-damage|p2a: Garganacl|5\/100\n|move|p2a: Garganacl|Salt Cure|p1a: Iron Moth\n|-damage|p1a: Iron Moth|66\/100\n|-start|p1a: Iron Moth|Salt Cure\n|\n|-heal|p2a: Garganacl|11\/100|[from] item: Leftovers\n|-damage|p1a: Iron Moth|54\/100|[from] Salt Cure\n|upkeep\n|turn|14\n|\n|t:|1700512911\n|move|p1a: Iron Moth|Fiery Dance|p2a: Garganacl\n|-resisted|p2a: Garganacl\n|-damage|p2a: Garganacl|0 fnt\n|faint|p2a: Garganacl\n|\n|-damage|p1a: Iron Moth|42\/100|[from] Salt Cure\n|upkeep\n|\n|t:|1700512921\n|switch|p2a: Great Tusk|Great Tusk|75\/100 brn\n|-damage|p2a: Great Tusk|72\/100 brn|[from] Stealth Rock\n|-damage|p2a: Great Tusk|60\/100 brn|[from] Spikes\n|turn|15\n|\n|t:|1700512928\n|move|p1a: Iron Moth|Energy Ball|p2a: Great Tusk\n|-supereffective|p2a: Great Tusk\n|-damage|p2a: Great Tusk|0 fnt\n|faint|p2a: Great Tusk\n|-end|p2a: Great Tusk|Protosynthesis|[silent]\n|\n|-damage|p1a: Iron Moth|29\/100|[from] Salt Cure\n|upkeep\n|\n|t:|1700512930\n|switch|p2a: Iron Valiant|Iron Valiant|100\/100\n|-damage|p2a: Iron Valiant|94\/100|[from] Stealth Rock\n|-damage|p2a: Iron Valiant|82\/100|[from] Spikes\n|-enditem|p2a: Iron Valiant|Booster Energy\n|-activate|p2a: Iron Valiant|ability: Quark Drive|[fromitem]\n|-start|p2a: Iron Valiant|quarkdrivespe\n|turn|16\n|c|\u2606tkytkuyufkuy|pathetic team, pathetic player bye bye loser\n|\n|t:|1700512938\n|move|p2a: Iron Valiant|Moonblast|p1a: Iron Moth\n|-damage|p1a: Iron Moth|0 fnt\n|faint|p1a: Iron Moth\n|-end|p1a: Iron Moth|Quark Drive|[silent]\n|\n|upkeep\n|\n|t:|1700512941\n|switch|p1a: Gholdengo|Gholdengo|100\/100\n|-item|p1a: Gholdengo|Air Balloon\n|turn|17\n|\n|t:|1700512947\n|move|p2a: Iron Valiant|Shadow Ball|p1a: Gholdengo\n|-supereffective|p1a: Gholdengo\n|-damage|p1a: Gholdengo|66\/100\n|-enditem|p1a: Gholdengo|Air Balloon\n|move|p1a: Gholdengo|Psychic|p2a: Iron Valiant\n|-supereffective|p2a: Iron Valiant\n|-damage|p2a: Iron Valiant|0 fnt\n|faint|p2a: Iron Valiant\n|-end|p2a: Iron Valiant|Quark Drive|[silent]\n|\n|upkeep\n|\n|t:|1700512953\n|switch|p2a: Kingambit|Kingambit, M|100\/100\n|-damage|p2a: Kingambit|94\/100|[from] Stealth Rock\n|-damage|p2a: Kingambit|82\/100|[from] Spikes\n|-activate|p2a: Kingambit|ability: Supreme Overlord\n|-start|p2a: Kingambit|fallen5|[silent]\n|turn|18\n|\n|t:|1700512964\n|move|p2a: Kingambit|Sucker Punch||[still]\n|-fail|p2a: Kingambit\n|move|p1a: Gholdengo|Thunder Wave|p2a: Kingambit\n|-status|p2a: Kingambit|par\n|\n|-heal|p2a: Kingambit|88\/100 par|[from] item: Leftovers\n|upkeep\n|turn|19\n|\n|t:|1700512969\n|move|p1a: Gholdengo|Thunderbolt|p2a: Kingambit\n|-damage|p2a: Kingambit|61\/100 par\n|move|p2a: Kingambit|Kowtow Cleave|p1a: Gholdengo\n|-supereffective|p1a: Gholdengo\n|-damage|p1a: Gholdengo|0 fnt\n|faint|p1a: Gholdengo\n|\n|-heal|p2a: Kingambit|67\/100 par|[from] item: Leftovers\n|upkeep\n|\n|t:|1700512974\n|switch|p1a: Quaquaval|Quaquaval, M|100\/100\n|turn|20\n|c|\u2606The Dipplin Cult|Gg, wp.\n|n|!tkytkuyufkuy|tkytkuyufkuy\n|\n|t:|1700512993\n|move|p1a: Quaquaval|Close Combat|p2a: Kingambit\n|-supereffective|p2a: Kingambit\n|-damage|p2a: Kingambit|0 fnt\n|-unboost|p1a: Quaquaval|def|1\n|-unboost|p1a: Quaquaval|spd|1\n|faint|p2a: Kingambit\n|-end|p2a: Kingambit|fallen5|[silent]\n|\n|win|tkytkuyufkuy\n|raw|tkytkuyufkuy's rating: 1053 &rarr; <strong>1092<\/strong><br \/>(+39 for winning)\n|raw|The Dipplin Cult's rating: 1124 &rarr; <strong>1094<\/strong><br \/>(-30 for losing)\n","uploadtime":1700512995,"views":5,"p1id":"tkytkuyufkuy","p2id":"thedipplincult","formatid":"gen9ou","rating":1092,"private":0,"password":""}