{"id":"gen9ou-1998238143","p1":"AHumanoidBeing","p2":"Aceman2798","format":"[Gen 9] OU","log":"|j|\u2606AHumanoidBeing\n|j|\u2606Aceman2798\n|t:|1700917947\n|gametype|singles\n|player|p1|AHumanoidBeing|benga|\n|player|p2|Aceman2798|acetrainer-gen4dp|\n|teamsize|p1|5\n|teamsize|p2|5\n|gen|9\n|tier|[Gen 9] OU\n|rule|Sleep Clause Mod: Limit one foe put to sleep\n|rule|Species Clause: Limit one of each Pok\u00e9mon\n|rule|OHKO Clause: OHKO moves are banned\n|rule|Evasion Items Clause: Evasion items are banned\n|rule|Evasion Moves Clause: Evasion moves are banned\n|rule|Endless Battle Clause: Forcing endless battles is banned\n|rule|HP Percentage Mod: HP is shown in percentages\n|clearpoke\n|poke|p1|Zapdos|\n|poke|p1|Kingambit, F|\n|poke|p1|Iron Hands|\n|poke|p1|Weavile, F|\n|poke|p1|Grimmsnarl, M|\n|poke|p2|Ursaluna, M|\n|poke|p2|Abomasnow, F|\n|poke|p2|Blissey, F|\n|poke|p2|Chesnaught, M|\n|poke|p2|Ogerpon-Cornerstone, F|\n|teampreview\n|\n|t:|1700917963\n|start\n|switch|p1a: Zapdos|Zapdos|100\/100\n|switch|p2a: Abomasnow|Abomasnow, F|100\/100\n|-weather|Snow|[from] ability: Snow Warning|[of] p2a: Abomasnow\n|turn|1\n|\n|t:|1700917970\n|switch|p2a: Blissey|Blissey, F|100\/100\n|move|p1a: Zapdos|Heat Wave|p2a: Blissey|[miss]\n|-miss|p1a: Zapdos|p2a: Blissey\n|\n|-weather|Snow|[upkeep]\n|upkeep\n|turn|2\n|\n|t:|1700917977\n|move|p1a: Zapdos|Thunder Wave|p2a: Blissey\n|-status|p2a: Blissey|par\n|move|p2a: Blissey|Stealth Rock|p1a: Zapdos\n|-sidestart|p1: AHumanoidBeing|move: Stealth Rock\n|\n|-weather|Snow|[upkeep]\n|upkeep\n|turn|3\n|\n|t:|1700917983\n|switch|p1a: Grimmsnarl|Grimmsnarl, M|100\/100\n|-damage|p1a: Grimmsnarl|88\/100|[from] Stealth Rock\n|cant|p2a: Blissey|par\n|\n|-weather|Snow|[upkeep]\n|upkeep\n|turn|4\n|\n|t:|1700918008\n|move|p1a: Grimmsnarl|Reflect|p1a: Grimmsnarl\n|-sidestart|p1: AHumanoidBeing|Reflect\n|move|p2a: Blissey|Trick|p1a: Grimmsnarl\n|-activate|p2a: Blissey|move: Trick|[of] p1a: Grimmsnarl\n|-item|p1a: Grimmsnarl|Lagging Tail|[from] move: Trick\n|-item|p2a: Blissey|Light Clay|[from] move: Trick\n|\n|-weather|Snow|[upkeep]\n|upkeep\n|turn|5\n|\n|t:|1700918016\n|move|p1a: Grimmsnarl|Light Screen|p1a: Grimmsnarl\n|-sidestart|p1: AHumanoidBeing|move: Light Screen\n|cant|p2a: Blissey|par\n|\n|-weather|none\n|upkeep\n|turn|6\n|\n|t:|1700918032\n|-curestatus|p2a: Blissey|par|[from] ability: Natural Cure\n|switch|p2a: Chesnaught|Chesnaught, M|100\/100\n|move|p1a: Grimmsnarl|Parting Shot|p2a: Chesnaught\n|-unboost|p2a: Chesnaught|atk|1\n|-unboost|p2a: Chesnaught|spa|1\n|\n|t:|1700918043\n|switch|p1a: Zapdos|Zapdos|100\/100|[from] Parting Shot\n|-damage|p1a: Zapdos|76\/100|[from] Stealth Rock\n|\n|-heal|p1a: Zapdos|82\/100|[from] item: Leftovers\n|upkeep\n|turn|7\n|\n|t:|1700918049\n|move|p2a: Chesnaught|Spiky Shield|p2a: Chesnaught\n|-singleturn|p2a: Chesnaught|move: Protect\n|move|p1a: Zapdos|Hurricane|p2a: Chesnaught\n|-activate|p2a: Chesnaught|move: Protect\n|\n|-heal|p1a: Zapdos|88\/100|[from] item: Leftovers\n|upkeep\n|turn|8\n|\n|t:|1700918055\n|switch|p2a: Blissey|Blissey, F|100\/100\n|move|p1a: Zapdos|Hurricane|p2a: Blissey|[miss]\n|-miss|p1a: Zapdos|p2a: Blissey\n|\n|-heal|p1a: Zapdos|94\/100|[from] item: Leftovers\n|upkeep\n|turn|9\n|\n|t:|1700918058\n|move|p1a: Zapdos|Thunder|p2a: Blissey\n|-damage|p2a: Blissey|80\/100\n|move|p2a: Blissey|Trick|p1a: Zapdos\n|-activate|p2a: Blissey|move: Trick|[of] p1a: Zapdos\n|-item|p1a: Zapdos|Light Clay|[from] move: Trick\n|-item|p2a: Blissey|Leftovers|[from] move: Trick\n|\n|-heal|p2a: Blissey|86\/100|[from] item: Leftovers\n|-sideend|p1: AHumanoidBeing|move: Light Screen\n|upkeep\n|turn|10\n|\n|t:|1700918070\n|switch|p1a: Kingambit|Kingambit, F|100\/100\n|-damage|p1a: Kingambit|94\/100|[from] Stealth Rock\n|move|p2a: Blissey|Seismic Toss|p1a: Kingambit\n|-damage|p1a: Kingambit|70\/100\n|\n|-heal|p2a: Blissey|93\/100|[from] item: Leftovers\n|upkeep\n|turn|11\n|\n|t:|1700918075\n|switch|p2a: Chesnaught|Chesnaught, M|100\/100\n|move|p1a: Kingambit|Low Kick|p2a: Chesnaught\n|-crit|p2a: Chesnaught\n|-damage|p2a: Chesnaught|65\/100\n|-damage|p1a: Kingambit|53\/100|[from] item: Rocky Helmet|[of] p2a: Chesnaught\n|-damage|p1a: Kingambit|43\/100|[from] item: Life Orb\n|\n|-sideend|p1: AHumanoidBeing|Reflect\n|upkeep\n|turn|12\n|\n|t:|1700918080\n|move|p2a: Chesnaught|Leech Seed|p1a: Kingambit\n|-start|p1a: Kingambit|move: Leech Seed\n|move|p1a: Kingambit|Swords Dance|p1a: Kingambit\n|-boost|p1a: Kingambit|atk|2\n|\n|-damage|p1a: Kingambit|31\/100|[from] Leech Seed|[of] p2a: Chesnaught\n|-heal|p2a: Chesnaught|78\/100|[silent]\n|upkeep\n|turn|13\n|\n|t:|1700918085\n|move|p2a: Chesnaught|Spiky Shield|p2a: Chesnaught\n|-singleturn|p2a: Chesnaught|move: Protect\n|move|p1a: Kingambit|Sucker Punch||[still]\n|-fail|p1a: Kingambit\n|\n|-damage|p1a: Kingambit|18\/100|[from] Leech Seed|[of] p2a: Chesnaught\n|-heal|p2a: Chesnaught|91\/100|[silent]\n|upkeep\n|turn|14\n|\n|t:|1700918094\n|move|p2a: Chesnaught|Body Press|p1a: Kingambit\n|-supereffective|p1a: Kingambit\n|-damage|p1a: Kingambit|0 fnt\n|faint|p1a: Kingambit\n|-end|p1a: Kingambit|fallenundefined|[silent]\n|\n|upkeep\n|\n|t:|1700918102\n|switch|p1a: Zapdos|Zapdos|94\/100\n|-damage|p1a: Zapdos|69\/100|[from] Stealth Rock\n|turn|15\n|\n|t:|1700918110\n|switch|p1a: Iron Hands|Iron Hands|100\/100\n|-damage|p1a: Iron Hands|94\/100|[from] Stealth Rock\n|switch|p2a: Blissey|Blissey, F|93\/100\n|\n|-heal|p2a: Blissey|99\/100|[from] item: Leftovers\n|-heal|p1a: Iron Hands|100\/100|[from] item: Leftovers\n|upkeep\n|turn|16\n|\n|t:|1700918114\n|switch|p2a: Chesnaught|Chesnaught, M|91\/100\n|move|p1a: Iron Hands|Fake Out|p2a: Chesnaught\n|-crit|p2a: Chesnaught\n|-damage|p2a: Chesnaught|77\/100\n|-damage|p1a: Iron Hands|84\/100|[from] item: Rocky Helmet|[of] p2a: Chesnaught\n|\n|-heal|p1a: Iron Hands|90\/100|[from] item: Leftovers\n|upkeep\n|turn|17\n|\n|t:|1700918117\n|move|p2a: Chesnaught|Leech Seed|p1a: Iron Hands\n|-start|p1a: Iron Hands|move: Leech Seed\n|move|p1a: Iron Hands|Fire Punch|p2a: Chesnaught\n|-supereffective|p2a: Chesnaught\n|-damage|p2a: Chesnaught|40\/100\n|-damage|p1a: Iron Hands|73\/100|[from] item: Rocky Helmet|[of] p2a: Chesnaught\n|\n|-heal|p1a: Iron Hands|79\/100|[from] item: Leftovers\n|-damage|p1a: Iron Hands|67\/100|[from] Leech Seed|[of] p2a: Chesnaught\n|-heal|p2a: Chesnaught|56\/100|[silent]\n|upkeep\n|turn|18\n|\n|t:|1700918125\n|-end|p1a: Iron Hands|Quark Drive|[silent]\n|switch|p1a: Zapdos|Zapdos|69\/100\n|-damage|p1a: Zapdos|44\/100|[from] Stealth Rock\n|move|p2a: Chesnaught|Leech Seed|p1a: Zapdos\n|-start|p1a: Zapdos|move: Leech Seed\n|\n|-damage|p1a: Zapdos|32\/100|[from] Leech Seed|[of] p2a: Chesnaught\n|-heal|p2a: Chesnaught|67\/100|[silent]\n|upkeep\n|turn|19\n|\n|t:|1700918129\n|move|p2a: Chesnaught|Spiky Shield|p2a: Chesnaught\n|-singleturn|p2a: Chesnaught|move: Protect\n|move|p1a: Zapdos|Hurricane|p2a: Chesnaught\n|-activate|p2a: Chesnaught|move: Protect\n|\n|-damage|p1a: Zapdos|20\/100|[from] Leech Seed|[of] p2a: Chesnaught\n|-heal|p2a: Chesnaught|77\/100|[silent]\n|upkeep\n|turn|20\n|\n|t:|1700918137\n|switch|p1a: Weavile|Weavile, F|100\/100\n|-damage|p1a: Weavile|76\/100|[from] Stealth Rock\n|-ability|p1a: Weavile|Pressure\n|switch|p2a: Blissey|Blissey, F|99\/100\n|\n|-heal|p2a: Blissey|100\/100|[from] item: Leftovers\n|upkeep\n|turn|21\n|\n|t:|1700918151\n|switch|p2a: Abomasnow|Abomasnow, F|100\/100\n|-weather|Snow|[from] ability: Snow Warning|[of] p2a: Abomasnow\n|move|p1a: Weavile|Icicle Crash|p2a: Abomasnow|[miss]\n|-miss|p1a: Weavile|p2a: Abomasnow\n|\n|-weather|Snow|[upkeep]\n|upkeep\n|turn|22\n|\n|t:|1700918174\n|move|p1a: Weavile|Icicle Crash|p2a: Abomasnow\n|-damage|p2a: Abomasnow|74\/100\n|-damage|p1a: Weavile|66\/100|[from] item: Life Orb\n|move|p2a: Abomasnow|Aurora Veil|p2a: Abomasnow\n|-sidestart|p2: Aceman2798|move: Aurora Veil\n|\n|-weather|Snow|[upkeep]\n|upkeep\n|turn|23\n|\n|t:|1700918182\n|move|p1a: Weavile|Icicle Crash|p2a: Abomasnow\n|-damage|p2a: Abomasnow|60\/100\n|-damage|p1a: Weavile|56\/100|[from] item: Life Orb\n|move|p2a: Abomasnow|Body Press|p1a: Weavile\n|-supereffective|p1a: Weavile\n|-damage|p1a: Weavile|0 fnt\n|faint|p1a: Weavile\n|\n|-weather|Snow|[upkeep]\n|upkeep\n|\n|t:|1700918189\n|switch|p1a: Zapdos|Zapdos|20\/100\n|-damage|p1a: Zapdos|0 fnt|[from] Stealth Rock\n|faint|p1a: Zapdos\n|\n|t:|1700918194\n|switch|p1a: Grimmsnarl|Grimmsnarl, M|88\/100\n|-damage|p1a: Grimmsnarl|76\/100|[from] Stealth Rock\n|turn|24\n|\n|t:|1700918204\n|move|p1a: Grimmsnarl|Light Screen|p1a: Grimmsnarl\n|-sidestart|p1: AHumanoidBeing|move: Light Screen\n|move|p2a: Abomasnow|Leech Seed|p1a: Grimmsnarl\n|-start|p1a: Grimmsnarl|move: Leech Seed\n|\n|-weather|Snow|[upkeep]\n|-damage|p1a: Grimmsnarl|63\/100|[from] Leech Seed|[of] p2a: Abomasnow\n|-heal|p2a: Abomasnow|73\/100|[silent]\n|upkeep\n|turn|25\n|\n|t:|1700918217\n|switch|p2a: Ursaluna|Ursaluna, M|100\/100\n|move|p1a: Grimmsnarl|Thunder Wave|p2a: Ursaluna\n|-immune|p2a: Ursaluna\n|\n|-weather|none\n|-damage|p1a: Grimmsnarl|51\/100|[from] Leech Seed|[of] p2a: Ursaluna\n|-status|p2a: Ursaluna|brn|[from] item: Flame Orb\n|upkeep\n|turn|26\n|\n|t:|1700918221\n|move|p1a: Grimmsnarl|Parting Shot|p2a: Ursaluna\n|-unboost|p2a: Ursaluna|atk|1\n|-unboost|p2a: Ursaluna|spa|1\n|\n|t:|1700918224\n|switch|p1a: Iron Hands|Iron Hands|67\/100|[from] Parting Shot\n|-damage|p1a: Iron Hands|61\/100|[from] Stealth Rock\n|move|p2a: Ursaluna|Swords Dance|p2a: Ursaluna\n|-boost|p2a: Ursaluna|atk|2\n|\n|-heal|p1a: Iron Hands|67\/100|[from] item: Leftovers\n|-damage|p2a: Ursaluna|94\/100 brn|[from] brn\n|upkeep\n|turn|27\n|\n|t:|1700918232\n|-terastallize|p2a: Ursaluna|Normal\n|move|p2a: Ursaluna|Facade|p1a: Iron Hands\n|-damage|p1a: Iron Hands|0 fnt\n|faint|p1a: Iron Hands\n|-end|p1a: Iron Hands|Quark Drive|[silent]\n|\n|-damage|p2a: Ursaluna|88\/100 brn|[from] brn\n|upkeep\n|\n|t:|1700918236\n|switch|p1a: Grimmsnarl|Grimmsnarl, M|51\/100\n|-damage|p1a: Grimmsnarl|38\/100|[from] Stealth Rock\n|turn|28\n|\n|t:|1700918239\n|move|p1a: Grimmsnarl|Parting Shot|p2a: Ursaluna\n|-unboost|p2a: Ursaluna|atk|1\n|-unboost|p2a: Ursaluna|spa|1\n|move|p2a: Ursaluna|Facade|p1a: Grimmsnarl\n|-damage|p1a: Grimmsnarl|0 fnt\n|faint|p1a: Grimmsnarl\n|\n|win|Aceman2798\n","uploadtime":1700918252,"views":14,"p1id":"ahumanoidbeing","p2id":"aceman2798","formatid":"gen9ou","rating":0,"private":0,"password":""}