{"id":"gen9ou-1988567373","p1":"buzzfast95","p2":"UptherewithDavid","format":"[Gen 9] OU","log":"|j|\u2606buzzfast95\n|j|\u2606UptherewithDavid\n|t:|1699736941\n|gametype|singles\n|player|p1|buzzfast95|2|1132\n|player|p2|UptherewithDavid|veteran|1046\n|teamsize|p1|6\n|teamsize|p2|6\n|gen|9\n|tier|[Gen 9] OU\n|rated|\n|rule|Sleep Clause Mod: Limit one foe put to sleep\n|rule|Species Clause: Limit one of each Pok\u00e9mon\n|rule|OHKO Clause: OHKO moves are banned\n|rule|Evasion Items Clause: Evasion items are banned\n|rule|Evasion Moves Clause: Evasion moves are banned\n|rule|Endless Battle Clause: Forcing endless battles is banned\n|rule|HP Percentage Mod: HP is shown in percentages\n|clearpoke\n|poke|p1|Rillaboom, M|\n|poke|p1|Thundurus, M|\n|poke|p1|Sneasler, F|\n|poke|p1|Great Tusk|\n|poke|p1|Mamoswine, M|\n|poke|p1|Gliscor, M|\n|poke|p2|Kingambit, F|\n|poke|p2|Ogerpon-Cornerstone, F|\n|poke|p2|Glimmora, M|\n|poke|p2|Tyranitar, F|\n|poke|p2|Cinderace, F|\n|poke|p2|Rotom-Wash|\n|teampreview\n|inactive|Battle timer is ON: inactive players will automatically lose when time's up. (requested by buzzfast95)\n|\n|t:|1699736969\n|start\n|switch|p1a: Thundurus|Thundurus, M|100\/100\n|switch|p2a: Glimmora|Glimmora, M|100\/100\n|turn|1\n|\n|t:|1699736978\n|move|p1a: Thundurus|Taunt|p2a: Glimmora\n|-start|p2a: Glimmora|move: Taunt\n|move|p2a: Glimmora|Power Gem|p1a: Thundurus\n|-supereffective|p1a: Thundurus\n|-damage|p1a: Thundurus|0 fnt\n|faint|p1a: Thundurus\n|\n|upkeep\n|\n|t:|1699736985\n|switch|p1a: Rillaboom|Rillaboom, M|100\/100\n|-fieldstart|move: Grassy Terrain|[from] ability: Grassy Surge|[of] p1a: Rillaboom\n|turn|2\n|\n|t:|1699736998\n|move|p2a: Glimmora|Power Gem|p1a: Rillaboom\n|-damage|p1a: Rillaboom|42\/100\n|move|p1a: Rillaboom|U-turn|p2a: Glimmora\n|-resisted|p2a: Glimmora\n|-damage|p2a: Glimmora|80\/100\n|-activate|p2a: Glimmora|ability: Toxic Debris\n|-sidestart|p1: buzzfast95|move: Toxic Spikes\n|\n|t:|1699737003\n|switch|p1a: Sneasler|Sneasler, F|100\/100|[from] U-turn\n|-sideend|p1: buzzfast95|move: Toxic Spikes|[of] p1a: Sneasler\n|-enditem|p1a: Sneasler|Grassy Seed\n|-boost|p1a: Sneasler|def|1|[from] item: Grassy Seed\n|\n|-heal|p2a: Glimmora|86\/100|[from] Grassy Terrain\n|upkeep\n|turn|3\n|\n|t:|1699737012\n|move|p1a: Sneasler|Swords Dance|p1a: Sneasler\n|-boost|p1a: Sneasler|atk|2\n|move|p2a: Glimmora|Earth Power|p1a: Sneasler\n|-supereffective|p1a: Sneasler\n|-damage|p1a: Sneasler|17\/100\n|\n|-heal|p1a: Sneasler|23\/100|[from] Grassy Terrain\n|-heal|p2a: Glimmora|92\/100|[from] Grassy Terrain\n|-end|p2a: Glimmora|move: Taunt\n|upkeep\n|turn|4\n|\n|t:|1699737023\n|move|p1a: Sneasler|Close Combat|p2a: Glimmora\n|-damage|p2a: Glimmora|0 fnt\n|-unboost|p1a: Sneasler|def|1\n|-unboost|p1a: Sneasler|spd|1\n|-activate|p2a: Glimmora|ability: Toxic Debris\n|-sidestart|p1: buzzfast95|move: Toxic Spikes\n|faint|p2a: Glimmora\n|\n|-heal|p1a: Sneasler|29\/100|[from] Grassy Terrain\n|upkeep\n|\n|t:|1699737033\n|switch|p2a: Ogerpon|Ogerpon-Cornerstone, F|100\/100\n|turn|5\n|\n|t:|1699737041\n|move|p1a: Sneasler|Dire Claw|p2a: Ogerpon\n|-ability|p2a: Ogerpon|Sturdy\n|-damage|p2a: Ogerpon|1\/100\n|move|p2a: Ogerpon|Ivy Cudgel|p1a: Sneasler\n|-resisted|p1a: Sneasler\n|-damage|p1a: Sneasler|0 fnt\n|faint|p1a: Sneasler\n|\n|-heal|p2a: Ogerpon|7\/100|[from] Grassy Terrain\n|upkeep\n|j| Gastrozone\n|\n|t:|1699737053\n|switch|p1a: Great Tusk|Great Tusk|100\/100\n|-status|p1a: Great Tusk|psn\n|-enditem|p1a: Great Tusk|Booster Energy\n|-activate|p1a: Great Tusk|ability: Protosynthesis|[fromitem]\n|-start|p1a: Great Tusk|protosynthesisatk\n|turn|6\n|\n|t:|1699737061\n|-terastallize|p1a: Great Tusk|Fairy\n|move|p2a: Ogerpon|Horn Leech|p1a: Great Tusk\n|-damage|p1a: Great Tusk|59\/100 psn\n|-heal|p2a: Ogerpon|32\/100|[from] drain|[of] p1a: Great Tusk\n|move|p1a: Great Tusk|Rapid Spin|p2a: Ogerpon\n|-resisted|p2a: Ogerpon\n|-damage|p2a: Ogerpon|14\/100\n|-boost|p1a: Great Tusk|spe|1\n|-sideend|p1: buzzfast95|Toxic Spikes|[from] move: Rapid Spin|[of] p1a: Great Tusk\n|\n|-heal|p1a: Great Tusk|65\/100 psn|[from] Grassy Terrain\n|-heal|p2a: Ogerpon|20\/100|[from] Grassy Terrain\n|-damage|p1a: Great Tusk|53\/100 psn|[from] psn\n|-fieldend|move: Grassy Terrain\n|upkeep\n|turn|7\n|\n|t:|1699737078\n|switch|p2a: Rotom|Rotom-Wash|100\/100\n|move|p1a: Great Tusk|Play Rough|p2a: Rotom\n|-damage|p2a: Rotom|49\/100\n|-unboost|p2a: Rotom|atk|1\n|\n|-heal|p2a: Rotom|55\/100|[from] item: Leftovers\n|-damage|p1a: Great Tusk|40\/100 psn|[from] psn\n|upkeep\n|turn|8\n|\n|t:|1699737090\n|move|p2a: Rotom|Protect|p2a: Rotom\n|-singleturn|p2a: Rotom|Protect\n|move|p1a: Great Tusk|Close Combat|p2a: Rotom\n|-activate|p2a: Rotom|move: Protect\n|\n|-heal|p2a: Rotom|61\/100|[from] item: Leftovers\n|-damage|p1a: Great Tusk|28\/100 psn|[from] psn\n|upkeep\n|turn|9\n|\n|t:|1699737103\n|move|p1a: Great Tusk|Close Combat|p2a: Rotom\n|-damage|p2a: Rotom|0 fnt\n|-unboost|p1a: Great Tusk|def|1\n|-unboost|p1a: Great Tusk|spd|1\n|faint|p2a: Rotom\n|\n|-damage|p1a: Great Tusk|16\/100 psn|[from] psn\n|upkeep\n|\n|t:|1699737113\n|switch|p2a: Ogerpon|Ogerpon-Cornerstone, F|20\/100\n|turn|10\n|\n|t:|1699737117\n|move|p1a: Great Tusk|Close Combat|p2a: Ogerpon\n|-supereffective|p2a: Ogerpon\n|-damage|p2a: Ogerpon|0 fnt\n|-unboost|p1a: Great Tusk|def|1\n|-unboost|p1a: Great Tusk|spd|1\n|faint|p2a: Ogerpon\n|\n|-damage|p1a: Great Tusk|3\/100 psn|[from] psn\n|upkeep\n|\n|t:|1699737127\n|switch|p2a: Kingambit|Kingambit, F|100\/100\n|-activate|p2a: Kingambit|ability: Supreme Overlord\n|-start|p2a: Kingambit|fallen3|[silent]\n|turn|11\n|inactive|buzzfast95 has 120 seconds left.\n|\n|t:|1699737178\n|move|p1a: Great Tusk|Close Combat|p2a: Kingambit\n|-supereffective|p2a: Kingambit\n|-damage|p2a: Kingambit|0 fnt\n|-unboost|p1a: Great Tusk|def|1\n|-unboost|p1a: Great Tusk|spd|1\n|faint|p2a: Kingambit\n|-end|p2a: Kingambit|fallen3|[silent]\n|\n|-damage|p1a: Great Tusk|0 fnt|[from] psn\n|faint|p1a: Great Tusk\n|-end|p1a: Great Tusk|Protosynthesis|[silent]\n|upkeep\n|\n|t:|1699737191\n|switch|p1a: Rillaboom|Rillaboom, M|42\/100\n|switch|p2a: Tyranitar|Tyranitar, F|100\/100\n|-fieldstart|move: Grassy Terrain|[from] ability: Grassy Surge|[of] p1a: Rillaboom\n|-weather|Sandstorm|[from] ability: Sand Stream|[of] p2a: Tyranitar\n|turn|12\n|\n|t:|1699737207\n|-terastallize|p2a: Tyranitar|Ice\n|move|p1a: Rillaboom|Wood Hammer|p2a: Tyranitar\n|-damage|p2a: Tyranitar|0 fnt\n|faint|p2a: Tyranitar\n|-damage|p1a: Rillaboom|9\/100|[from] Recoil\n|\n|-weather|Sandstorm|[upkeep]\n|-damage|p1a: Rillaboom|3\/100|[from] Sandstorm\n|-heal|p1a: Rillaboom|9\/100|[from] Grassy Terrain\n|upkeep\n|\n|t:|1699737218\n|switch|p2a: Cinderace|Cinderace, F|100\/100\n|turn|13\n|inactive|buzzfast95 has 120 seconds left.\n|\n|t:|1699737252\n|move|p2a: Cinderace|Pyro Ball|p1a: Rillaboom\n|-supereffective|p1a: Rillaboom\n|-damage|p1a: Rillaboom|0 fnt\n|faint|p1a: Rillaboom\n|\n|-weather|Sandstorm|[upkeep]\n|-damage|p2a: Cinderace|95\/100|[from] Sandstorm\n|-heal|p2a: Cinderace|100\/100|[from] Grassy Terrain\n|upkeep\n|\n|t:|1699737256\n|switch|p1a: Gliscor|Gliscor, M|100\/100\n|turn|14\n|\n|t:|1699737271\n|move|p2a: Cinderace|Will-O-Wisp|p1a: Gliscor\n|-status|p1a: Gliscor|brn\n|move|p1a: Gliscor|Knock Off|p2a: Cinderace\n|-damage|p2a: Cinderace|85\/100\n|-enditem|p2a: Cinderace|Heavy-Duty Boots|[from] move: Knock Off|[of] p1a: Gliscor\n|\n|-weather|Sandstorm|[upkeep]\n|-damage|p2a: Cinderace|79\/100|[from] Sandstorm\n|-heal|p2a: Cinderace|85\/100|[from] Grassy Terrain\n|-damage|p1a: Gliscor|94\/100 brn|[from] brn\n|upkeep\n|turn|15\n|\n|t:|1699737291\n|move|p2a: Cinderace|U-turn|p1a: Gliscor\n|-start|p2a: Cinderace|typechange|Bug|[from] ability: Libero\n|-resisted|p1a: Gliscor\n|-damage|p1a: Gliscor|82\/100 brn\n|move|p1a: Gliscor|Swords Dance|p1a: Gliscor\n|-boost|p1a: Gliscor|atk|2\n|\n|-weather|Sandstorm|[upkeep]\n|-damage|p2a: Cinderace|79\/100|[from] Sandstorm\n|-heal|p2a: Cinderace|85\/100|[from] Grassy Terrain\n|-damage|p1a: Gliscor|76\/100 brn|[from] brn\n|upkeep\n|turn|16\n|\n|t:|1699737303\n|move|p2a: Cinderace|Pyro Ball|p1a: Gliscor\n|-damage|p1a: Gliscor|46\/100 brn\n|move|p1a: Gliscor|Dual Wingbeat|p2a: Cinderace|[miss]\n|-miss|p1a: Gliscor|p2a: Cinderace\n|\n|-weather|Sandstorm|[upkeep]\n|-damage|p2a: Cinderace|79\/100|[from] Sandstorm\n|-heal|p2a: Cinderace|85\/100|[from] Grassy Terrain\n|-damage|p1a: Gliscor|40\/100 brn|[from] brn\n|-fieldend|move: Grassy Terrain\n|upkeep\n|turn|17\n|\n|t:|1699737315\n|move|p2a: Cinderace|Pyro Ball|p1a: Gliscor\n|-damage|p1a: Gliscor|14\/100 brn\n|move|p1a: Gliscor|Dual Wingbeat|p2a: Cinderace\n|-supereffective|p2a: Cinderace\n|-damage|p2a: Cinderace|48\/100\n|-supereffective|p2a: Cinderace\n|-damage|p2a: Cinderace|9\/100\n|-hitcount|p2a: Cinderace|2\n|\n|-weather|Sandstorm|[upkeep]\n|-damage|p2a: Cinderace|3\/100|[from] Sandstorm\n|-damage|p1a: Gliscor|8\/100 brn|[from] brn\n|upkeep\n|turn|18\n|\n|t:|1699737327\n|move|p2a: Cinderace|Pyro Ball|p1a: Gliscor\n|-damage|p1a: Gliscor|0 fnt\n|faint|p1a: Gliscor\n|\n|-weather|Sandstorm|[upkeep]\n|-damage|p2a: Cinderace|0 fnt|[from] Sandstorm\n|faint|p2a: Cinderace\n|\n|win|buzzfast95\n|upkeep\n|raw|buzzfast95's rating: 1132 &rarr; <strong>1151<\/strong><br \/>(+19 for winning)\n|raw|UptherewithDavid's rating: 1046 &rarr; <strong>1033<\/strong><br \/>(-13 for losing)\n|l|\u2606buzzfast95\n|l|\u2606UptherewithDavid\n","uploadtime":1699737339,"views":16,"p1id":"buzzfast95","p2id":"uptherewithdavid","formatid":"gen9ou","rating":1033,"private":0,"password":""}