{"id":"gen9ou-1989071781","p1":"PhantomGanon01","p2":"mohhs2","format":"[Gen 9] OU","log":"|j|\u2606PhantomGanon01\n|j|\u2606mohhs2\n|t:|1699809074\n|gametype|singles\n|player|p1|PhantomGanon01|ingo|1052\n|player|p2|mohhs2|101|1061\n|teamsize|p1|6\n|teamsize|p2|6\n|gen|9\n|tier|[Gen 9] OU\n|rated|\n|rule|Sleep Clause Mod: Limit one foe put to sleep\n|rule|Species Clause: Limit one of each Pok\u00e9mon\n|rule|OHKO Clause: OHKO moves are banned\n|rule|Evasion Items Clause: Evasion items are banned\n|rule|Evasion Moves Clause: Evasion moves are banned\n|rule|Endless Battle Clause: Forcing endless battles is banned\n|rule|HP Percentage Mod: HP is shown in percentages\n|clearpoke\n|poke|p1|Sneasler, M|\n|poke|p1|Rillaboom, M|\n|poke|p1|Iron Valiant|\n|poke|p1|Toxapex, F|\n|poke|p1|Ninetales-Alola, M|\n|poke|p1|Greninja-*, M|\n|poke|p2|Landorus-Therian, M|\n|poke|p2|Gholdengo|\n|poke|p2|Ogerpon-Wellspring, F|\n|poke|p2|Alomomola, M|\n|poke|p2|Dragapult, M|\n|poke|p2|Iron Moth|\n|teampreview\n|inactive|Battle timer is ON: inactive players will automatically lose when time's up. (requested by PhantomGanon01)\n|c|\u2606PhantomGanon01|GLHF\n|\n|t:|1699809117\n|start\n|switch|p1a: Greninja|Greninja, M|100\/100\n|switch|p2a: Gholdengo|Gholdengo|100\/100\n|-item|p2a: Gholdengo|Air Balloon\n|turn|1\n|\n|t:|1699809124\n|move|p1a: Greninja|Spikes|p2a: Gholdengo\n|-sidestart|p2: mohhs2|Spikes\n|move|p2a: Gholdengo|Dazzling Gleam|p1a: Greninja\n|-supereffective|p1a: Greninja\n|-enditem|p1a: Greninja|Focus Sash\n|-damage|p1a: Greninja|1\/100\n|\n|upkeep\n|turn|2\n|\n|t:|1699809136\n|switch|p2a: Alomomola|Alomomola, M|100\/100\n|-damage|p2a: Alomomola|88\/100|[from] Spikes\n|move|p1a: Greninja|Dark Pulse|p2a: Alomomola\n|-damage|p2a: Alomomola|45\/100\n|\n|-heal|p2a: Alomomola|51\/100|[from] item: Leftovers\n|upkeep\n|turn|3\n|\n|t:|1699809147\n|switch|p1a: Ninetales|Ninetales-Alola, M|100\/100\n|-weather|Snow|[from] ability: Snow Warning|[of] p1a: Ninetales\n|move|p2a: Alomomola|Flip Turn|p1a: Ninetales\n|-damage|p1a: Ninetales|86\/100\n|\n|t:|1699809153\n|switch|p2a: Gholdengo|Gholdengo|100\/100|[from] Flip Turn\n|-item|p2a: Gholdengo|Air Balloon\n|\n|-weather|Snow|[upkeep]\n|upkeep\n|turn|4\n|\n|t:|1699809158\n|move|p1a: Ninetales|Aurora Veil|p1a: Ninetales\n|-sidestart|p1: PhantomGanon01|move: Aurora Veil\n|move|p2a: Gholdengo|Make It Rain|p1a: Ninetales\n|-supereffective|p1a: Ninetales\n|-damage|p1a: Ninetales|0 fnt\n|-unboost|p2a: Gholdengo|spa|1\n|faint|p1a: Ninetales\n|\n|-weather|Snow|[upkeep]\n|upkeep\n|\n|t:|1699809167\n|switch|p1a: Greninja|Greninja, M|1\/100\n|turn|5\n|inactive|mohhs2 has 120 seconds left.\n|inactive|mohhs2 has 90 seconds left.\n|\n|t:|1699809251\n|move|p1a: Greninja|Dark Pulse|p2a: Gholdengo\n|-supereffective|p2a: Gholdengo\n|-damage|p2a: Gholdengo|22\/100\n|-enditem|p2a: Gholdengo|Air Balloon\n|move|p2a: Gholdengo|Dazzling Gleam|p1a: Greninja\n|-supereffective|p1a: Greninja\n|-damage|p1a: Greninja|0 fnt\n|faint|p1a: Greninja\n|\n|-weather|Snow|[upkeep]\n|upkeep\n|\n|t:|1699809264\n|switch|p1a: Rillaboom|Rillaboom, M|100\/100\n|-fieldstart|move: Grassy Terrain|[from] ability: Grassy Surge|[of] p1a: Rillaboom\n|turn|6\n|\n|t:|1699809280\n|move|p1a: Rillaboom|Knock Off|p2a: Gholdengo\n|-supereffective|p2a: Gholdengo\n|-damage|p2a: Gholdengo|0 fnt\n|faint|p2a: Gholdengo\n|\n|-weather|Snow|[upkeep]\n|upkeep\n|inactive|mohhs2 has 60 seconds left.\n|\n|t:|1699809295\n|switch|p2a: Landorus|Landorus-Therian, M|100\/100\n|-ability|p2a: Landorus|Intimidate|boost\n|-unboost|p1a: Rillaboom|atk|1\n|turn|7\n|\n|t:|1699809305\n|move|p2a: Landorus|U-turn|p1a: Rillaboom\n|-supereffective|p1a: Rillaboom\n|-damage|p1a: Rillaboom|79\/100\n|inactive|mohhs2 has 60 seconds left.\n|inactive|mohhs2 has 30 seconds left.\n|inactive|mohhs2 has 20 seconds left.\n|inactive|mohhs2 has 15 seconds left.\n|inactive|mohhs2 has 10 seconds left.\n|\n|t:|1699809375\n|switch|p2a: Iron Moth|Iron Moth|100\/100|[from] U-turn\n|-damage|p2a: Iron Moth|88\/100|[from] Spikes\n|-enditem|p2a: Iron Moth|Booster Energy\n|-activate|p2a: Iron Moth|ability: Quark Drive|[fromitem]\n|-start|p2a: Iron Moth|quarkdrivespe\n|move|p1a: Rillaboom|Wood Hammer|p2a: Iron Moth\n|-resisted|p2a: Iron Moth\n|-damage|p2a: Iron Moth|72\/100\n|-damage|p1a: Rillaboom|75\/100|[from] Recoil\n|\n|-weather|none\n|-heal|p2a: Iron Moth|78\/100|[from] Grassy Terrain\n|-heal|p1a: Rillaboom|81\/100|[from] Grassy Terrain\n|upkeep\n|turn|8\n|inactive|mohhs2 has 20 seconds left this turn.\n|inactive|mohhs2 has 15 seconds left.\n|\n|t:|1699809388\n|switch|p1a: Sneasler|Sneasler, M|100\/100\n|-enditem|p1a: Sneasler|Grassy Seed\n|-boost|p1a: Sneasler|def|1|[from] item: Grassy Seed\n|move|p2a: Iron Moth|Fiery Dance|p1a: Sneasler\n|-damage|p1a: Sneasler|71\/100\n|\n|-heal|p1a: Sneasler|77\/100|[from] Grassy Terrain\n|-heal|p2a: Iron Moth|84\/100|[from] Grassy Terrain\n|upkeep\n|turn|9\n|inactive|mohhs2 has 25 seconds left this turn.\n|inactive|mohhs2 has 20 seconds left.\n|\n|t:|1699809399\n|-terastallize|p1a: Sneasler|Flying\n|move|p1a: Sneasler|Acrobatics|p2a: Iron Moth\n|-damage|p2a: Iron Moth|0 fnt\n|faint|p2a: Iron Moth\n|-end|p2a: Iron Moth|Quark Drive|[silent]\n|\n|upkeep\n|inactive|mohhs2 has 25 seconds left this turn.\n|inactive|mohhs2 has 20 seconds left.\n|\n|t:|1699809404\n|switch|p2a: Landorus|Landorus-Therian, M|100\/100\n|-ability|p2a: Landorus|Intimidate|boost\n|-unboost|p1a: Sneasler|atk|1\n|turn|10\n|inactive|mohhs2 has 30 seconds left this turn.\n|\n|t:|1699809411\n|move|p1a: Sneasler|Acrobatics|p2a: Landorus\n|-damage|p2a: Landorus|55\/100\n|move|p2a: Landorus|U-turn|p1a: Sneasler\n|-resisted|p1a: Sneasler\n|-damage|p1a: Sneasler|70\/100\n|inactive|mohhs2 has 30 seconds left this turn.\n|\n|t:|1699809417\n|switch|p2a: Alomomola|Alomomola, M|84\/100|[from] U-turn\n|-damage|p2a: Alomomola|72\/100|[from] Spikes\n|\n|-heal|p2a: Alomomola|78\/100|[from] Grassy Terrain\n|-heal|p2a: Alomomola|84\/100|[from] item: Leftovers\n|-fieldend|move: Grassy Terrain\n|upkeep\n|turn|11\n|inactive|mohhs2 has 30 seconds left.\n|\n|t:|1699809426\n|move|p1a: Sneasler|Acrobatics|p2a: Alomomola\n|-damage|p2a: Alomomola|61\/100\n|move|p2a: Alomomola|Scald|p1a: Sneasler\n|-crit|p1a: Sneasler\n|-damage|p1a: Sneasler|40\/100\n|\n|-heal|p2a: Alomomola|67\/100|[from] item: Leftovers\n|-sideend|p1: PhantomGanon01|move: Aurora Veil\n|upkeep\n|turn|12\n|\n|t:|1699809437\n|switch|p1a: Toxapex|Toxapex, F|100\/100\n|move|p2a: Alomomola|Scald|p1a: Toxapex\n|-resisted|p1a: Toxapex\n|-damage|p1a: Toxapex|96\/100\n|\n|-heal|p2a: Alomomola|73\/100|[from] item: Leftovers\n|-heal|p1a: Toxapex|100\/100|[from] item: Leftovers\n|upkeep\n|turn|13\n|\n|t:|1699809445\n|move|p2a: Alomomola|Wish|p2a: Alomomola\n|move|p1a: Toxapex|Toxic|p2a: Alomomola\n|-status|p2a: Alomomola|tox\n|\n|-heal|p2a: Alomomola|80\/100 tox|[from] item: Leftovers\n|-damage|p2a: Alomomola|73\/100 tox|[from] psn\n|upkeep\n|turn|14\n|\n|t:|1699809452\n|move|p2a: Alomomola|Flip Turn|p1a: Toxapex\n|-resisted|p1a: Toxapex\n|-damage|p1a: Toxapex|95\/100\n|\n|t:|1699809457\n|switch|p2a: Ogerpon|Ogerpon-Wellspring, F|100\/100|[from] Flip Turn\n|-damage|p2a: Ogerpon|88\/100|[from] Spikes\n|move|p1a: Toxapex|Recover|p1a: Toxapex\n|-heal|p1a: Toxapex|100\/100\n|\n|-heal|p2a: Ogerpon|100\/100|[from] move: Wish|[wisher] Alomomola\n|upkeep\n|turn|15\n|\n|t:|1699809466\n|move|p2a: Ogerpon|Swords Dance|p2a: Ogerpon\n|-boost|p2a: Ogerpon|atk|2\n|move|p1a: Toxapex|Toxic|p2a: Ogerpon\n|-status|p2a: Ogerpon|tox\n|\n|-damage|p2a: Ogerpon|95\/100 tox|[from] psn\n|upkeep\n|turn|16\n|\n|t:|1699809477\n|move|p1a: Toxapex|Baneful Bunker|p1a: Toxapex\n|-singleturn|p1a: Toxapex|move: Protect\n|move|p2a: Ogerpon|Horn Leech|p1a: Toxapex\n|-activate|p1a: Toxapex|move: Protect\n|\n|-damage|p2a: Ogerpon|83\/100 tox|[from] psn\n|upkeep\n|turn|17\n|\n|t:|1699809492\n|move|p2a: Ogerpon|Horn Leech|p1a: Toxapex\n|-damage|p1a: Toxapex|36\/100\n|-heal|p2a: Ogerpon|100\/100 tox|[from] drain|[of] p1a: Toxapex\n|move|p1a: Toxapex|Gunk Shot|p2a: Ogerpon\n|-supereffective|p2a: Ogerpon\n|-damage|p2a: Ogerpon|23\/100 tox\n|\n|-heal|p1a: Toxapex|43\/100|[from] item: Leftovers\n|-damage|p2a: Ogerpon|5\/100 tox|[from] psn\n|upkeep\n|turn|18\n|\n|t:|1699809502\n|move|p2a: Ogerpon|Horn Leech|p1a: Toxapex\n|-damage|p1a: Toxapex|0 fnt\n|-heal|p2a: Ogerpon|26\/100 tox|[from] drain|[of] p1a: Toxapex\n|faint|p1a: Toxapex\n|\n|-damage|p2a: Ogerpon|2\/100 tox|[from] psn\n|upkeep\n|\n|t:|1699809509\n|switch|p1a: Sneasler|Sneasler, M, tera:Flying|40\/100\n|turn|19\n|\n|t:|1699809517\n|move|p2a: Ogerpon|Ivy Cudgel|p1a: Sneasler\n|-damage|p1a: Sneasler|0 fnt\n|faint|p1a: Sneasler\n|\n|-damage|p2a: Ogerpon|0 fnt|[from] psn\n|faint|p2a: Ogerpon\n|upkeep\n|\n|t:|1699809531\n|switch|p2a: Landorus|Landorus-Therian, M|55\/100\n|switch|p1a: Rillaboom|Rillaboom, M|81\/100\n|-ability|p2a: Landorus|Intimidate|boost\n|-unboost|p1a: Rillaboom|atk|1\n|-fieldstart|move: Grassy Terrain|[from] ability: Grassy Surge|[of] p1a: Rillaboom\n|turn|20\n|\n|t:|1699809539\n|move|p2a: Landorus|U-turn|p1a: Rillaboom\n|-supereffective|p1a: Rillaboom\n|-crit|p1a: Rillaboom\n|-damage|p1a: Rillaboom|13\/100\n|\n|t:|1699809544\n|switch|p2a: Dragapult|Dragapult, M|100\/100|[from] U-turn\n|-damage|p2a: Dragapult|88\/100|[from] Spikes\n|move|p1a: Rillaboom|Knock Off|p2a: Dragapult\n|-supereffective|p2a: Dragapult\n|-damage|p2a: Dragapult|40\/100\n|-enditem|p2a: Dragapult|Life Orb|[from] move: Knock Off|[of] p1a: Rillaboom\n|\n|-heal|p2a: Dragapult|46\/100|[from] Grassy Terrain\n|-heal|p1a: Rillaboom|19\/100|[from] Grassy Terrain\n|upkeep\n|turn|21\n|\n|t:|1699809555\n|move|p1a: Rillaboom|Grassy Glide|p2a: Dragapult\n|-resisted|p2a: Dragapult\n|-damage|p2a: Dragapult|33\/100\n|move|p2a: Dragapult|U-turn|p1a: Rillaboom\n|-supereffective|p1a: Rillaboom\n|-damage|p1a: Rillaboom|0 fnt\n|faint|p1a: Rillaboom\n|\n|t:|1699809571\n|switch|p2a: Alomomola|Alomomola, M|100\/100 tox|[from] U-turn\n|-damage|p2a: Alomomola|88\/100 tox|[from] Spikes\n|\n|-heal|p2a: Alomomola|94\/100 tox|[from] Grassy Terrain\n|-heal|p2a: Alomomola|100\/100 tox|[from] item: Leftovers\n|-damage|p2a: Alomomola|94\/100 tox|[from] psn\n|upkeep\n|\n|t:|1699809579\n|switch|p1a: Iron Valiant|Iron Valiant|100\/100\n|-enditem|p1a: Iron Valiant|Booster Energy\n|-activate|p1a: Iron Valiant|ability: Quark Drive|[fromitem]\n|-start|p1a: Iron Valiant|quarkdrivespe\n|turn|22\n|\n|t:|1699809592\n|move|p1a: Iron Valiant|Moonblast|p2a: Alomomola\n|-damage|p2a: Alomomola|41\/100 tox\n|-unboost|p2a: Alomomola|spa|1\n|move|p2a: Alomomola|Scald|p1a: Iron Valiant\n|-damage|p1a: Iron Valiant|85\/100\n|-status|p1a: Iron Valiant|brn\n|\n|-heal|p1a: Iron Valiant|91\/100 brn|[from] Grassy Terrain\n|-heal|p2a: Alomomola|47\/100 tox|[from] Grassy Terrain\n|-heal|p2a: Alomomola|53\/100 tox|[from] item: Leftovers\n|-damage|p2a: Alomomola|41\/100 tox|[from] psn\n|-damage|p1a: Iron Valiant|85\/100 brn|[from] brn\n|upkeep\n|turn|23\n|\n|t:|1699809606\n|move|p1a: Iron Valiant|Moonblast|p2a: Alomomola\n|-damage|p2a: Alomomola|0 fnt\n|faint|p2a: Alomomola\n|\n|-heal|p1a: Iron Valiant|91\/100 brn|[from] Grassy Terrain\n|-damage|p1a: Iron Valiant|85\/100 brn|[from] brn\n|upkeep\n|\n|t:|1699809612\n|switch|p2a: Landorus|Landorus-Therian, M|55\/100\n|-ability|p2a: Landorus|Intimidate|boost\n|-unboost|p1a: Iron Valiant|atk|1\n|turn|24\n|\n|t:|1699809621\n|move|p1a: Iron Valiant|Moonblast|p2a: Landorus\n|-damage|p2a: Landorus|0 fnt\n|faint|p2a: Landorus\n|\n|-heal|p1a: Iron Valiant|91\/100 brn|[from] Grassy Terrain\n|-damage|p1a: Iron Valiant|85\/100 brn|[from] brn\n|-fieldend|move: Grassy Terrain\n|upkeep\n|\n|t:|1699809624\n|switch|p2a: Dragapult|Dragapult, M|33\/100\n|-damage|p2a: Dragapult|21\/100|[from] Spikes\n|turn|25\n|\n|t:|1699809631\n|-terastallize|p2a: Dragapult|Ghost\n|move|p1a: Iron Valiant|Moonblast|p2a: Dragapult\n|-damage|p2a: Dragapult|0 fnt\n|faint|p2a: Dragapult\n|\n|win|PhantomGanon01\n|raw|PhantomGanon01's rating: 1052 &rarr; <strong>1085<\/strong><br \/>(+33 for winning)\n|raw|mohhs2's rating: 1061 &rarr; <strong>1041<\/strong><br \/>(-20 for losing)\n|l|\u2606mohhs2\n|c|\u2606PhantomGanon01|GG\n","uploadtime":1699809651,"views":47,"p1id":"phantomganon01","p2id":"mohhs2","formatid":"gen9ou","rating":1041,"private":0,"password":""}