{"id":"gen9ou-1995137685","p1":"SoulSilverRetFan","p2":"schoolplays","format":"[Gen 9] OU","log":"|j|\u2606SoulSilverRetFan\n|j|\u2606schoolplays\n|inactive|Battle timer is ON: inactive players will automatically lose when time's up.\n|t:|1700526753\n|gametype|singles\n|player|p1|SoulSilverRetFan|clown|\n|player|p2|schoolplays|flannery|\n|teamsize|p1|4\n|teamsize|p2|4\n|gen|9\n|tier|[Gen 9] OU\n|rated|Tournament battle\n|rule|Sleep Clause Mod: Limit one foe put to sleep\n|rule|Species Clause: Limit one of each Pok\u00e9mon\n|rule|OHKO Clause: OHKO moves are banned\n|rule|Evasion Items Clause: Evasion items are banned\n|rule|Evasion Moves Clause: Evasion moves are banned\n|rule|Endless Battle Clause: Forcing endless battles is banned\n|rule|HP Percentage Mod: HP is shown in percentages\n|clearpoke\n|poke|p1|Cinderace, M|\n|poke|p1|Grotle, M|\n|poke|p1|Naclstack, F|\n|poke|p1|Piplup, F|\n|poke|p2|Shinx, M|\n|poke|p2|Mienshao, M|\n|poke|p2|Poochyena, M|\n|poke|p2|Chansey, F|\n|teampreview\n|j|*Lady Monita \u2746\n|\n|t:|1700526759\n|start\n|switch|p1a: Naclstack|Naclstack, F|100\/100\n|switch|p2a: Mienshao|Mienshao, M|100\/100\n|turn|1\n|\n|t:|1700526767\n|-terastallize|p1a: Naclstack|Water\n|move|p2a: Mienshao|Fake Out|p1a: Naclstack\n|-crit|p1a: Naclstack\n|-damage|p1a: Naclstack|84\/100\n|-damage|p2a: Mienshao|91\/100|[from] item: Life Orb\n|cant|p1a: Naclstack|flinch\n|\n|upkeep\n|turn|2\n|\n|t:|1700526774\n|move|p2a: Mienshao|Knock Off|p1a: Naclstack\n|-crit|p1a: Naclstack\n|-damage|p1a: Naclstack|45\/100\n|-enditem|p1a: Naclstack|Eviolite|[from] move: Knock Off|[of] p2a: Mienshao\n|-damage|p2a: Mienshao|81\/100|[from] item: Life Orb\n|move|p1a: Naclstack|Stealth Rock|p2a: Mienshao\n|-sidestart|p2: schoolplays|move: Stealth Rock\n|\n|upkeep\n|turn|3\n|\n|t:|1700526782\n|move|p2a: Mienshao|Close Combat|p1a: Naclstack\n|-damage|p1a: Naclstack|0 fnt\n|-unboost|p2a: Mienshao|def|1\n|-unboost|p2a: Mienshao|spd|1\n|faint|p1a: Naclstack\n|-damage|p2a: Mienshao|71\/100|[from] item: Life Orb\n|\n|upkeep\n|\n|t:|1700526788\n|switch|p1a: Grotle|Grotle, M|100\/100\n|turn|4\n|\n|t:|1700526793\n|switch|p2a: Poochyena|Poochyena, M|100\/100\n|-damage|p2a: Poochyena|88\/100|[from] Stealth Rock\n|move|p1a: Grotle|Zen Headbutt|p2a: Poochyena\n|-immune|p2a: Poochyena\n|\n|upkeep\n|turn|5\n|\n|t:|1700526802\n|move|p2a: Poochyena|Fire Fang|p1a: Grotle\n|-supereffective|p1a: Grotle\n|-damage|p1a: Grotle|81\/100\n|move|p1a: Grotle|Seed Bomb|p2a: Poochyena\n|-damage|p2a: Poochyena|0 fnt\n|faint|p2a: Poochyena\n|\n|upkeep\n|\n|t:|1700526813\n|switch|p2a: Shinx|Shinx, M|100\/100\n|-damage|p2a: Shinx|88\/100|[from] Stealth Rock\n|-ability|p2a: Shinx|Intimidate|boost\n|-unboost|p1a: Grotle|atk|1\n|turn|6\n|\n|t:|1700526820\n|move|p2a: Shinx|Ice Fang|p1a: Grotle\n|-supereffective|p1a: Grotle\n|-damage|p1a: Grotle|55\/100\n|move|p1a: Grotle|Seed Bomb|p2a: Shinx\n|-damage|p2a: Shinx|6\/100\n|\n|upkeep\n|turn|7\n|\n|t:|1700526829\n|move|p2a: Shinx|Thunder Wave|p1a: Grotle|[miss]\n|-miss|p2a: Shinx|p1a: Grotle\n|move|p1a: Grotle|Seed Bomb|p2a: Shinx\n|-damage|p2a: Shinx|0 fnt\n|faint|p2a: Shinx\n|\n|upkeep\n|\n|t:|1700526832\n|switch|p2a: Mienshao|Mienshao, M|100\/100\n|-damage|p2a: Mienshao|95\/100|[from] Stealth Rock\n|turn|8\n|c|\u2606SoulSilverRetFan|damn grotle big\n|c|\u2606SoulSilverRetFan|why he so bulky\n|\n|t:|1700526840\n|move|p2a: Mienshao|Fake Out|p1a: Grotle\n|-damage|p1a: Grotle|39\/100\n|-damage|p2a: Mienshao|85\/100|[from] item: Life Orb\n|cant|p1a: Grotle|flinch\n|\n|upkeep\n|turn|9\n|\n|t:|1700526842\n|move|p2a: Mienshao|Poison Jab|p1a: Grotle\n|-supereffective|p1a: Grotle\n|-damage|p1a: Grotle|0 fnt\n|faint|p1a: Grotle\n|-damage|p2a: Mienshao|75\/100|[from] item: Life Orb\n|\n|upkeep\n|j| ZacianBoi101\n|\n|t:|1700526853\n|switch|p1a: Piplup|Piplup, F|100\/100\n|turn|10\n|\n|t:|1700526857\n|move|p2a: Mienshao|Knock Off|p1a: Piplup\n|-damage|p1a: Piplup|40\/100\n|-enditem|p1a: Piplup|Eviolite|[from] move: Knock Off|[of] p2a: Mienshao\n|-damage|p2a: Mienshao|65\/100|[from] item: Life Orb\n|move|p1a: Piplup|Yawn|p2a: Mienshao\n|-start|p2a: Mienshao|move: Yawn|[of] p1a: Piplup\n|\n|upkeep\n|turn|11\n|\n|t:|1700526860\n|switch|p2a: Chansey|Chansey, F|100\/100\n|-damage|p2a: Chansey|88\/100|[from] Stealth Rock\n|switch|p1a: Cinderace|Cinderace, M|100\/100\n|\n|upkeep\n|turn|12\n|\n|t:|1700526866\n|move|p1a: Cinderace|High Jump Kick|p2a: Chansey\n|-start|p1a: Cinderace|typechange|Fighting|[from] ability: Libero\n|-supereffective|p2a: Chansey\n|-damage|p2a: Chansey|4\/100\n|move|p2a: Chansey|Thunder Wave|p1a: Cinderace\n|-status|p1a: Cinderace|par\n|\n|upkeep\n|turn|13\n|\n|t:|1700526876\n|move|p1a: Cinderace|Pyro Ball|p2a: Chansey\n|-crit|p2a: Chansey\n|-damage|p2a: Chansey|0 fnt\n|faint|p2a: Chansey\n|\n|upkeep\n|\n|t:|1700526878\n|switch|p2a: Mienshao|Mienshao, M|98\/100\n|-damage|p2a: Mienshao|92\/100|[from] Stealth Rock\n|turn|14\n|\n|t:|1700526882\n|move|p2a: Mienshao|Fake Out|p1a: Cinderace\n|-damage|p1a: Cinderace|70\/100 par\n|-damage|p2a: Mienshao|82\/100|[from] item: Life Orb\n|cant|p1a: Cinderace|flinch\n|\n|upkeep\n|turn|15\n|\n|t:|1700526885\n|-terastallize|p2a: Mienshao|Fighting\n|move|p2a: Mienshao|Close Combat|p1a: Cinderace\n|-damage|p1a: Cinderace|0 fnt\n|-unboost|p2a: Mienshao|def|1\n|-unboost|p2a: Mienshao|spd|1\n|faint|p1a: Cinderace\n|-damage|p2a: Mienshao|72\/100|[from] item: Life Orb\n|\n|upkeep\n|\n|t:|1700526888\n|switch|p1a: Piplup|Piplup, F|40\/100\n|turn|16\n|\n|t:|1700526891\n|move|p2a: Mienshao|Close Combat|p1a: Piplup\n|-damage|p1a: Piplup|0 fnt\n|-unboost|p2a: Mienshao|def|1\n|-unboost|p2a: Mienshao|spd|1\n|faint|p1a: Piplup\n|-damage|p2a: Mienshao|62\/100|[from] item: Life Orb\n|\n|win|schoolplays\n|n|\u2606SoulSilverRetFan|soulsilverretfan\n|n|\u2606schoolplays|schoolplays\n|n|*Lady Monita \u2746|ladymonita\n|n| ZacianBoi101|zacianboi101\n","uploadtime":1700526892,"views":5,"p1id":"soulsilverretfan","p2id":"schoolplays","formatid":"gen9ou","rating":0,"private":0,"password":""}