{"id":"gen9ou-1991815025","p1":"sillyyguy","p2":"vwrj6yjv64","format":"[Gen 9] OU","log":"|j|\u2606sillyyguy\n|j|\u2606vwrj6yjv64\n|t:|1700122359\n|gametype|singles\n|player|p1|sillyyguy|steven|1058\n|player|p2|vwrj6yjv64|supernerd|1040\n|teamsize|p1|6\n|teamsize|p2|6\n|gen|9\n|tier|[Gen 9] OU\n|rated|\n|rule|Sleep Clause Mod: Limit one foe put to sleep\n|rule|Species Clause: Limit one of each Pok\u00e9mon\n|rule|OHKO Clause: OHKO moves are banned\n|rule|Evasion Items Clause: Evasion items are banned\n|rule|Evasion Moves Clause: Evasion moves are banned\n|rule|Endless Battle Clause: Forcing endless battles is banned\n|rule|HP Percentage Mod: HP is shown in percentages\n|clearpoke\n|poke|p1|Cinderace, M|\n|poke|p1|Ogerpon-Wellspring, F|\n|poke|p1|Goodra-Hisui, F|\n|poke|p1|Iron Valiant|\n|poke|p1|Grimmsnarl, M|\n|poke|p1|Corviknight, M|\n|poke|p2|Dragapult, M|\n|poke|p2|Gholdengo|\n|poke|p2|Moltres|\n|poke|p2|Ting-Lu|\n|poke|p2|Ogerpon-Wellspring, F|\n|poke|p2|Hatterene, F|\n|teampreview\n|inactive|Battle timer is ON: inactive players will automatically lose when time's up. (requested by vwrj6yjv64)\n|\n|t:|1700122378\n|start\n|switch|p1a: Corviknight|Corviknight, M, shiny|100\/100\n|switch|p2a: Ting-Lu|Ting-Lu|100\/100\n|-ability|p1a: Corviknight|Pressure\n|-ability|p2a: Ting-Lu|Vessel of Ruin\n|turn|1\n|\n|t:|1700122388\n|move|p1a: Corviknight|Bulk Up|p1a: Corviknight\n|-boost|p1a: Corviknight|atk|1\n|-boost|p1a: Corviknight|def|1\n|move|p2a: Ting-Lu|Mean Look|p1a: Corviknight\n|-activate|p1a: Corviknight|trapped\n|\n|upkeep\n|turn|2\n|\n|t:|1700122404\n|switch|p2a: Gholdengo|Gholdengo|100\/100\n|move|p1a: Corviknight|Bulk Up|p1a: Corviknight\n|-boost|p1a: Corviknight|atk|1\n|-boost|p1a: Corviknight|def|1\n|\n|upkeep\n|turn|3\n|\n|t:|1700122411\n|-terastallize|p1a: Corviknight|Ghost\n|move|p2a: Gholdengo|Shadow Ball|p1a: Corviknight\n|-supereffective|p1a: Corviknight\n|-damage|p1a: Corviknight|46\/100\n|move|p1a: Corviknight|Tera Blast|p2a: Gholdengo|[anim] Tera Blast Ghost\n|-supereffective|p2a: Gholdengo\n|-damage|p2a: Gholdengo|0 fnt\n|faint|p2a: Gholdengo\n|\n|upkeep\n|\n|t:|1700122418\n|switch|p2a: Dragapult|Dragapult, M|100\/100\n|turn|4\n|\n|t:|1700122425\n|switch|p1a: Goodra|Goodra-Hisui, F|100\/100\n|move|p2a: Dragapult|Shadow Ball|p1a: Goodra\n|-damage|p1a: Goodra|74\/100\n|-unboost|p1a: Goodra|spd|1\n|\n|-heal|p1a: Goodra|80\/100|[from] item: Leftovers\n|upkeep\n|turn|5\n|\n|t:|1700122437\n|switch|p2a: Ting-Lu|Ting-Lu|100\/100\n|-ability|p2a: Ting-Lu|Vessel of Ruin\n|switch|p1a: Grimmsnarl|Grimmsnarl, M, shiny|100\/100\n|\n|upkeep\n|turn|6\n|\n|t:|1700122448\n|move|p1a: Grimmsnarl|Taunt|p2a: Ting-Lu\n|-hint|Since gen 7, Dark is immune to Prankster moves.\n|-immune|p2a: Ting-Lu\n|move|p2a: Ting-Lu|Mean Look|p1a: Grimmsnarl\n|-activate|p1a: Grimmsnarl|trapped\n|\n|upkeep\n|turn|7\n|\n|t:|1700122456\n|move|p1a: Grimmsnarl|Light Screen|p1a: Grimmsnarl\n|-sidestart|p1: sillyyguy|move: Light Screen\n|move|p2a: Ting-Lu|Earthquake|p1a: Grimmsnarl\n|-damage|p1a: Grimmsnarl|71\/100\n|\n|upkeep\n|turn|8\n|\n|t:|1700122460\n|move|p1a: Grimmsnarl|Reflect|p1a: Grimmsnarl\n|-sidestart|p1: sillyyguy|Reflect\n|move|p2a: Ting-Lu|Earthquake|p1a: Grimmsnarl\n|-damage|p1a: Grimmsnarl|55\/100\n|\n|upkeep\n|turn|9\n|\n|t:|1700122465\n|move|p1a: Grimmsnarl|Draining Kiss|p2a: Ting-Lu\n|-supereffective|p2a: Ting-Lu\n|-damage|p2a: Ting-Lu|86\/100\n|-heal|p1a: Grimmsnarl|69\/100|[from] drain|[of] p2a: Ting-Lu\n|move|p2a: Ting-Lu|Earthquake|p1a: Grimmsnarl\n|-damage|p1a: Grimmsnarl|53\/100\n|\n|-heal|p2a: Ting-Lu|93\/100|[from] item: Leftovers\n|upkeep\n|turn|10\n|\n|t:|1700122474\n|move|p1a: Grimmsnarl|Draining Kiss|p2a: Ting-Lu\n|-supereffective|p2a: Ting-Lu\n|-damage|p2a: Ting-Lu|78\/100\n|-heal|p1a: Grimmsnarl|68\/100|[from] drain|[of] p2a: Ting-Lu\n|move|p2a: Ting-Lu|Spite|p1a: Grimmsnarl\n|-activate|p1a: Grimmsnarl|move: Spite|Draining Kiss|4\n|\n|-heal|p2a: Ting-Lu|85\/100|[from] item: Leftovers\n|upkeep\n|turn|11\n|\n|t:|1700122482\n|move|p1a: Grimmsnarl|Draining Kiss|p2a: Ting-Lu\n|-supereffective|p2a: Ting-Lu\n|-damage|p2a: Ting-Lu|70\/100\n|-heal|p1a: Grimmsnarl|82\/100|[from] drain|[of] p2a: Ting-Lu\n|move|p2a: Ting-Lu|Spite|p1a: Grimmsnarl\n|-activate|p1a: Grimmsnarl|move: Spite|Draining Kiss|4\n|\n|-heal|p2a: Ting-Lu|76\/100|[from] item: Leftovers\n|upkeep\n|turn|12\n|\n|t:|1700122488\n|move|p1a: Grimmsnarl|Taunt|p2a: Ting-Lu\n|-hint|Since gen 7, Dark is immune to Prankster moves.\n|-immune|p2a: Ting-Lu\n|move|p2a: Ting-Lu|Spite|p1a: Grimmsnarl\n|-activate|p1a: Grimmsnarl|move: Spite|Taunt|4\n|\n|-heal|p2a: Ting-Lu|83\/100|[from] item: Leftovers\n|upkeep\n|turn|13\n|\n|t:|1700122496\n|move|p1a: Grimmsnarl|Draining Kiss|p2a: Ting-Lu\n|-supereffective|p2a: Ting-Lu\n|-damage|p2a: Ting-Lu|70\/100\n|-heal|p1a: Grimmsnarl|94\/100|[from] drain|[of] p2a: Ting-Lu\n|move|p2a: Ting-Lu|Earthquake|p1a: Grimmsnarl\n|-damage|p1a: Grimmsnarl|79\/100\n|\n|-heal|p2a: Ting-Lu|76\/100|[from] item: Leftovers\n|upkeep\n|turn|14\n|\n|t:|1700122504\n|move|p1a: Grimmsnarl|Draining Kiss|p2a: Ting-Lu\n|-supereffective|p2a: Ting-Lu\n|-damage|p2a: Ting-Lu|62\/100\n|-heal|p1a: Grimmsnarl|94\/100|[from] drain|[of] p2a: Ting-Lu\n|move|p2a: Ting-Lu|Earthquake|p1a: Grimmsnarl\n|-damage|p1a: Grimmsnarl|79\/100\n|\n|-heal|p2a: Ting-Lu|68\/100|[from] item: Leftovers\n|-sideend|p1: sillyyguy|move: Light Screen\n|upkeep\n|turn|15\n|\n|t:|1700122513\n|move|p1a: Grimmsnarl|Draining Kiss|p2a: Ting-Lu\n|-supereffective|p2a: Ting-Lu\n|-damage|p2a: Ting-Lu|53\/100\n|-heal|p1a: Grimmsnarl|93\/100|[from] drain|[of] p2a: Ting-Lu\n|move|p2a: Ting-Lu|Spite|p1a: Grimmsnarl\n|-activate|p1a: Grimmsnarl|move: Spite|Draining Kiss|2\n|\n|-heal|p2a: Ting-Lu|60\/100|[from] item: Leftovers\n|-sideend|p1: sillyyguy|Reflect\n|upkeep\n|turn|16\n|\n|t:|1700122529\n|move|p1a: Grimmsnarl|Reflect|p1a: Grimmsnarl\n|-sidestart|p1: sillyyguy|Reflect\n|move|p2a: Ting-Lu|Earthquake|p1a: Grimmsnarl\n|-damage|p1a: Grimmsnarl|78\/100\n|\n|-heal|p2a: Ting-Lu|66\/100|[from] item: Leftovers\n|upkeep\n|turn|17\n|\n|t:|1700122538\n|move|p1a: Grimmsnarl|Light Screen|p1a: Grimmsnarl\n|-sidestart|p1: sillyyguy|move: Light Screen\n|move|p2a: Ting-Lu|Earthquake|p1a: Grimmsnarl\n|-damage|p1a: Grimmsnarl|63\/100\n|\n|-heal|p2a: Ting-Lu|72\/100|[from] item: Leftovers\n|upkeep\n|turn|18\n|\n|t:|1700122551\n|move|p1a: Grimmsnarl|Taunt|p2a: Ting-Lu\n|-hint|Since gen 7, Dark is immune to Prankster moves.\n|-immune|p2a: Ting-Lu\n|move|p2a: Ting-Lu|Earthquake|p1a: Grimmsnarl\n|-damage|p1a: Grimmsnarl|48\/100\n|\n|-heal|p2a: Ting-Lu|78\/100|[from] item: Leftovers\n|upkeep\n|turn|19\n|\n|t:|1700122559\n|move|p1a: Grimmsnarl|Taunt|p2a: Ting-Lu\n|-hint|Since gen 7, Dark is immune to Prankster moves.\n|-immune|p2a: Ting-Lu\n|move|p2a: Ting-Lu|Earthquake|p1a: Grimmsnarl\n|-damage|p1a: Grimmsnarl|32\/100\n|\n|-heal|p2a: Ting-Lu|85\/100|[from] item: Leftovers\n|upkeep\n|turn|20\n|\n|t:|1700122572\n|move|p1a: Grimmsnarl|Taunt|p2a: Ting-Lu\n|-hint|Since gen 7, Dark is immune to Prankster moves.\n|-immune|p2a: Ting-Lu\n|move|p2a: Ting-Lu|Earthquake|p1a: Grimmsnarl\n|-damage|p1a: Grimmsnarl|17\/100\n|\n|-heal|p2a: Ting-Lu|91\/100|[from] item: Leftovers\n|upkeep\n|turn|21\n|\n|t:|1700122582\n|move|p1a: Grimmsnarl|Taunt|p2a: Ting-Lu\n|-hint|Since gen 7, Dark is immune to Prankster moves.\n|-immune|p2a: Ting-Lu\n|move|p2a: Ting-Lu|Earthquake|p1a: Grimmsnarl\n|-damage|p1a: Grimmsnarl|3\/100\n|\n|-heal|p2a: Ting-Lu|97\/100|[from] item: Leftovers\n|upkeep\n|turn|22\n|\n|t:|1700122590\n|move|p1a: Grimmsnarl|Reflect||[still]\n|-fail|p1a: Grimmsnarl\n|move|p2a: Ting-Lu|Mean Look||[still]\n|-fail|p2a: Ting-Lu\n|\n|-heal|p2a: Ting-Lu|100\/100|[from] item: Leftovers\n|upkeep\n|turn|23\n|\n|t:|1700122597\n|move|p1a: Grimmsnarl|Reflect||[still]\n|-fail|p1a: Grimmsnarl\n|move|p2a: Ting-Lu|Earthquake|p1a: Grimmsnarl\n|-damage|p1a: Grimmsnarl|0 fnt\n|faint|p1a: Grimmsnarl\n|\n|-sideend|p1: sillyyguy|Reflect\n|upkeep\n|\n|t:|1700122607\n|switch|p1a: Cinderace|Cinderace, M, shiny|100\/100\n|turn|24\n|\n|t:|1700122611\n|switch|p2a: Dragapult|Dragapult, M|100\/100\n|move|p1a: Cinderace|U-turn|p2a: Dragapult\n|-start|p1a: Cinderace|typechange|Bug|[from] ability: Libero\n|-resisted|p2a: Dragapult\n|-crit|p2a: Dragapult\n|-damage|p2a: Dragapult|64\/100\n|\n|t:|1700122623\n|switch|p1a: Goodra|Goodra-Hisui, F|80\/100|[from] U-turn\n|\n|-heal|p1a: Goodra|86\/100|[from] item: Leftovers\n|-sideend|p1: sillyyguy|move: Light Screen\n|upkeep\n|turn|25\n|\n|t:|1700122629\n|switch|p2a: Ting-Lu|Ting-Lu|100\/100\n|-ability|p2a: Ting-Lu|Vessel of Ruin\n|move|p1a: Goodra|Gyro Ball|p2a: Ting-Lu\n|-damage|p2a: Ting-Lu|95\/100\n|\n|-heal|p2a: Ting-Lu|100\/100|[from] item: Leftovers\n|-heal|p1a: Goodra|92\/100|[from] item: Leftovers\n|upkeep\n|turn|26\n|\n|t:|1700122640\n|switch|p1a: Cinderace|Cinderace, M, shiny|100\/100\n|move|p2a: Ting-Lu|Earthquake|p1a: Cinderace\n|-supereffective|p1a: Cinderace\n|-damage|p1a: Cinderace|0 fnt\n|faint|p1a: Cinderace\n|\n|upkeep\n|-message|sillyyguy forfeited.\n|\n|win|vwrj6yjv64\n|raw|sillyyguy's rating: 1058 &rarr; <strong>1038<\/strong><br \/>(-20 for losing)\n|raw|vwrj6yjv64's rating: 1040 &rarr; <strong>1076<\/strong><br \/>(+36 for winning)\n|l|\u2606sillyyguy\n","uploadtime":1700122648,"views":9,"p1id":"sillyyguy","p2id":"vwrj6yjv64","formatid":"gen9ou","rating":1038,"private":0,"password":""}