{"id":"gen9ou-1991979689","p1":"defer","p2":"wookiepizza","format":"[Gen 9] OU","log":"|j|\u2606defer\n|j|\u2606wookiepizza\n|t:|1700144654\n|gametype|singles\n|player|p1|defer|1|1213\n|player|p2|wookiepizza|2|1308\n|teamsize|p1|6\n|teamsize|p2|6\n|gen|9\n|tier|[Gen 9] OU\n|rated|\n|rule|Sleep Clause Mod: Limit one foe put to sleep\n|rule|Species Clause: Limit one of each Pok\u00e9mon\n|rule|OHKO Clause: OHKO moves are banned\n|rule|Evasion Items Clause: Evasion items are banned\n|rule|Evasion Moves Clause: Evasion moves are banned\n|rule|Endless Battle Clause: Forcing endless battles is banned\n|rule|HP Percentage Mod: HP is shown in percentages\n|clearpoke\n|poke|p1|Manaphy|\n|poke|p1|Gholdengo|\n|poke|p1|Ogerpon-Wellspring, F|\n|poke|p1|Rillaboom, M|\n|poke|p1|Ting-Lu|\n|poke|p1|Weezing-Galar, F|\n|poke|p2|Ceruledge, F|\n|poke|p2|Enamorus, F|\n|poke|p2|Great Tusk|\n|poke|p2|Slowking-Galar, M|\n|poke|p2|Grimmsnarl, M|\n|poke|p2|Ogerpon-Cornerstone, F|\n|teampreview\n|inactive|Battle timer is ON: inactive players will automatically lose when time's up. (requested by defer)\n|j| StatykBoy\n|inactive|defer has 120 seconds left.\n|\n|t:|1700144709\n|start\n|switch|p1a: Rillaboom|Rillaboom, M|100\/100\n|switch|p2a: Grimmsnarl|Grimmsnarl, M|100\/100\n|-fieldstart|move: Grassy Terrain|[from] ability: Grassy Surge|[of] p1a: Rillaboom\n|turn|1\n|\n|t:|1700144721\n|move|p2a: Grimmsnarl|Reflect|p2a: Grimmsnarl\n|-sidestart|p2: wookiepizza|Reflect\n|move|p1a: Rillaboom|Leech Seed|p2a: Grimmsnarl\n|-start|p2a: Grimmsnarl|move: Leech Seed\n|\n|-damage|p2a: Grimmsnarl|88\/100|[from] Leech Seed|[of] p1a: Rillaboom\n|upkeep\n|turn|2\n|\n|t:|1700144733\n|move|p2a: Grimmsnarl|Parting Shot|p1a: Rillaboom\n|-unboost|p1a: Rillaboom|atk|1\n|-unboost|p1a: Rillaboom|spa|1\n|\n|t:|1700144738\n|switch|p2a: dark megaman|Ceruledge, F|100\/100|[from] Parting Shot\n|move|p1a: Rillaboom|Knock Off|p2a: dark megaman\n|-supereffective|p2a: dark megaman\n|-damage|p2a: dark megaman|74\/100\n|-ability|p2a: dark megaman|Weak Armor|boost\n|-unboost|p2a: dark megaman|def|1\n|-boost|p2a: dark megaman|spe|2\n|-enditem|p2a: dark megaman|Focus Sash|[from] move: Knock Off|[of] p1a: Rillaboom\n|\n|-heal|p2a: dark megaman|80\/100|[from] Grassy Terrain\n|upkeep\n|turn|3\n|\n|t:|1700144756\n|move|p2a: dark megaman|Swords Dance|p2a: dark megaman\n|-boost|p2a: dark megaman|atk|2\n|move|p1a: Rillaboom|Leech Seed|p2a: dark megaman\n|-start|p2a: dark megaman|move: Leech Seed\n|\n|-heal|p2a: dark megaman|86\/100|[from] Grassy Terrain\n|-damage|p2a: dark megaman|74\/100|[from] Leech Seed|[of] p1a: Rillaboom\n|upkeep\n|turn|4\n|inactive|defer has 120 seconds left.\n|\n|t:|1700144791\n|switch|p1a: Gholdengo|Gholdengo|100\/100\n|move|p2a: dark megaman|Swords Dance|p2a: dark megaman\n|-boost|p2a: dark megaman|atk|2\n|\n|-heal|p2a: dark megaman|80\/100|[from] Grassy Terrain\n|-damage|p2a: dark megaman|68\/100|[from] Leech Seed|[of] p1a: Gholdengo\n|upkeep\n|turn|5\n|\n|t:|1700144802\n|-terastallize|p2a: dark megaman|Ghost\n|move|p2a: dark megaman|Poltergeist|p1a: Gholdengo\n|-activate|p1a: Gholdengo|move: Poltergeist|Choice Scarf\n|-supereffective|p1a: Gholdengo\n|-damage|p1a: Gholdengo|0 fnt\n|faint|p1a: Gholdengo\n|\n|-heal|p2a: dark megaman|74\/100|[from] Grassy Terrain\n|upkeep\n|\n|t:|1700144810\n|switch|p1a: Ting-Lu|Ting-Lu|100\/100\n|-ability|p1a: Ting-Lu|Vessel of Ruin\n|turn|6\n|\n|t:|1700144815\n|move|p2a: dark megaman|Bitter Blade|p1a: Ting-Lu\n|-damage|p1a: Ting-Lu|24\/100\n|-heal|p2a: dark megaman|100\/100|[from] drain|[of] p1a: Ting-Lu\n|move|p1a: Ting-Lu|Whirlwind|p2a: dark megaman\n|drag|p2a: Ogerpon|Ogerpon-Cornerstone, F|100\/100\n|\n|-heal|p1a: Ting-Lu|30\/100|[from] Grassy Terrain\n|-heal|p1a: Ting-Lu|36\/100|[from] item: Leftovers\n|upkeep\n|turn|7\n|inactive|defer has 120 seconds left.\n|\n|t:|1700144838\n|move|p2a: Ogerpon|Trailblaze|p1a: Ting-Lu\n|-supereffective|p1a: Ting-Lu\n|-damage|p1a: Ting-Lu|0 fnt\n|-boost|p2a: Ogerpon|spe|1\n|faint|p1a: Ting-Lu\n|\n|upkeep\n|inactive|defer has 120 seconds left.\n|\n|t:|1700144844\n|switch|p1a: Weezing|Weezing-Galar, F|100\/100\n|-ability|p1a: Weezing|Neutralizing Gas\n|turn|8\n|\n|t:|1700144856\n|switch|p2a: L. Ron Hubbard|Slowking-Galar, M|100\/100\n|move|p1a: Weezing|Will-O-Wisp|p2a: L. Ron Hubbard\n|-status|p2a: L. Ron Hubbard|brn\n|\n|-damage|p2a: L. Ron Hubbard|94\/100 brn|[from] brn\n|-sideend|p2: wookiepizza|Reflect\n|-fieldend|move: Grassy Terrain\n|upkeep\n|turn|9\n|\n|t:|1700144873\n|-end|p1a: Weezing|ability: Neutralizing Gas\n|switch|p1a: Manaphy|Manaphy|100\/100\n|move|p2a: L. Ron Hubbard|Thunder Wave|p1a: Manaphy\n|-status|p1a: Manaphy|par\n|\n|-heal|p2a: L. Ron Hubbard|100\/100 brn|[from] item: Black Sludge\n|-damage|p2a: L. Ron Hubbard|94\/100 brn|[from] brn\n|upkeep\n|turn|10\n|\n|t:|1700144885\n|switch|p2a: Ogerpon|Ogerpon-Cornerstone, F|100\/100\n|move|p1a: Manaphy|Take Heart|p1a: Manaphy\n|-boost|p1a: Manaphy|spa|1\n|-boost|p1a: Manaphy|spd|1\n|-curestatus|p1a: Manaphy|par|[msg]\n|\n|upkeep\n|turn|11\n|\n|t:|1700144894\n|switch|p1a: Weezing|Weezing-Galar, F|100\/100\n|-ability|p1a: Weezing|Neutralizing Gas\n|move|p2a: Ogerpon|Horn Leech|p1a: Weezing\n|-resisted|p1a: Weezing\n|-damage|p1a: Weezing|85\/100\n|\n|-heal|p1a: Weezing|91\/100|[from] item: Leftovers\n|upkeep\n|turn|12\n|\n|t:|1700144905\n|switch|p2a: L. Ron Hubbard|Slowking-Galar, M|100\/100 brn\n|-end|p1a: Weezing|ability: Neutralizing Gas\n|switch|p1a: Rillaboom|Rillaboom, M|100\/100\n|-fieldstart|move: Grassy Terrain|[from] ability: Grassy Surge|[of] p1a: Rillaboom\n|\n|-damage|p2a: L. Ron Hubbard|94\/100 brn|[from] brn\n|upkeep\n|turn|13\n|\n|t:|1700144928\n|switch|p2a: Grimmsnarl|Grimmsnarl, M|88\/100\n|move|p1a: Rillaboom|U-turn|p2a: Grimmsnarl\n|-damage|p2a: Grimmsnarl|53\/100\n|\n|t:|1700144944\n|switch|p1a: Weezing|Weezing-Galar, F|91\/100|[from] U-turn\n|-ability|p1a: Weezing|Neutralizing Gas\n|\n|-heal|p1a: Weezing|97\/100|[from] Grassy Terrain\n|-heal|p2a: Grimmsnarl|59\/100|[from] Grassy Terrain\n|-heal|p1a: Weezing|100\/100|[from] item: Leftovers\n|upkeep\n|turn|14\n|\n|t:|1700144958\n|move|p1a: Weezing|Strange Steam|p2a: Grimmsnarl\n|-supereffective|p2a: Grimmsnarl\n|-damage|p2a: Grimmsnarl|21\/100\n|-start|p2a: Grimmsnarl|confusion\n|-activate|p2a: Grimmsnarl|confusion\n|move|p2a: Grimmsnarl|Light Screen|p2a: Grimmsnarl\n|-sidestart|p2: wookiepizza|move: Light Screen\n|\n|-heal|p2a: Grimmsnarl|27\/100|[from] Grassy Terrain\n|upkeep\n|turn|15\n|\n|t:|1700144978\n|switch|p2a: L. Ron Hubbard|Slowking-Galar, M|100\/100 brn\n|move|p1a: Weezing|Strange Steam|p2a: L. Ron Hubbard\n|-resisted|p2a: L. Ron Hubbard\n|-damage|p2a: L. Ron Hubbard|97\/100 brn\n|\n|-heal|p2a: L. Ron Hubbard|100\/100 brn|[from] Grassy Terrain\n|-damage|p2a: L. Ron Hubbard|94\/100 brn|[from] brn\n|upkeep\n|turn|16\n|\n|t:|1700144993\n|-end|p1a: Weezing|ability: Neutralizing Gas\n|switch|p1a: Manaphy|Manaphy|100\/100\n|move|p2a: L. Ron Hubbard|Thunder Wave|p1a: Manaphy\n|-status|p1a: Manaphy|par\n|\n|-heal|p2a: L. Ron Hubbard|100\/100 brn|[from] Grassy Terrain\n|-damage|p2a: L. Ron Hubbard|94\/100 brn|[from] brn\n|upkeep\n|turn|17\n|\n|t:|1700145006\n|switch|p2a: Ogerpon|Ogerpon-Cornerstone, F|100\/100\n|move|p1a: Manaphy|Acid Armor|p1a: Manaphy\n|-boost|p1a: Manaphy|def|2\n|\n|upkeep\n|turn|18\n|\n|t:|1700145021\n|move|p2a: Ogerpon|Swords Dance|p2a: Ogerpon\n|-boost|p2a: Ogerpon|atk|2\n|move|p1a: Manaphy|Acid Armor|p1a: Manaphy\n|-boost|p1a: Manaphy|def|2\n|\n|upkeep\n|turn|19\n|\n|t:|1700145028\n|move|p2a: Ogerpon|Trailblaze|p1a: Manaphy\n|-supereffective|p1a: Manaphy\n|-damage|p1a: Manaphy|62\/100 par\n|-boost|p2a: Ogerpon|spe|1\n|move|p1a: Manaphy|Take Heart|p1a: Manaphy\n|-boost|p1a: Manaphy|spa|1\n|-boost|p1a: Manaphy|spd|1\n|-curestatus|p1a: Manaphy|par|[msg]\n|\n|-heal|p1a: Manaphy|68\/100|[from] Grassy Terrain\n|-heal|p1a: Manaphy|74\/100|[from] item: Leftovers\n|-fieldend|move: Grassy Terrain\n|upkeep\n|turn|20\n|\n|t:|1700145042\n|move|p2a: Ogerpon|Horn Leech|p1a: Manaphy\n|-supereffective|p1a: Manaphy\n|-damage|p1a: Manaphy|38\/100\n|move|p1a: Manaphy|Surf|p2a: Ogerpon\n|-damage|p2a: Ogerpon|67\/100\n|\n|-heal|p1a: Manaphy|44\/100|[from] item: Leftovers\n|upkeep\n|turn|21\n|\n|t:|1700145050\n|switch|p1a: Weezing|Weezing-Galar, F|100\/100\n|-ability|p1a: Weezing|Neutralizing Gas\n|move|p2a: Ogerpon|Horn Leech|p1a: Weezing\n|-resisted|p1a: Weezing\n|-damage|p1a: Weezing|74\/100\n|-heal|p2a: Ogerpon|82\/100|[from] drain|[of] p1a: Weezing\n|\n|-heal|p1a: Weezing|80\/100|[from] item: Leftovers\n|-sideend|p2: wookiepizza|move: Light Screen\n|upkeep\n|turn|22\n|\n|t:|1700145061\n|move|p2a: Ogerpon|Ivy Cudgel|p1a: Weezing|[anim] Ivy Cudgel Rock\n|-damage|p1a: Weezing|5\/100\n|move|p1a: Weezing|Will-O-Wisp|p2a: Ogerpon\n|-status|p2a: Ogerpon|brn\n|\n|-heal|p1a: Weezing|11\/100|[from] item: Leftovers\n|-damage|p2a: Ogerpon|76\/100 brn|[from] brn\n|upkeep\n|turn|23\n|\n|t:|1700145075\n|move|p2a: Ogerpon|Horn Leech|p1a: Weezing\n|-resisted|p1a: Weezing\n|-damage|p1a: Weezing|0 fnt\n|-heal|p2a: Ogerpon|82\/100 brn|[from] drain|[of] p1a: Weezing\n|faint|p1a: Weezing\n|-end|p1a: Weezing|ability: Neutralizing Gas\n|\n|-damage|p2a: Ogerpon|76\/100 brn|[from] brn\n|upkeep\n|\n|t:|1700145084\n|switch|p1a: Rillaboom|Rillaboom, M|100\/100\n|-fieldstart|move: Grassy Terrain|[from] ability: Grassy Surge|[of] p1a: Rillaboom\n|turn|24\n|\n|t:|1700145090\n|switch|p2a: Grimmsnarl|Grimmsnarl, M|27\/100\n|move|p1a: Rillaboom|Grassy Glide|p2a: Grimmsnarl\n|-damage|p2a: Grimmsnarl|0 fnt\n|faint|p2a: Grimmsnarl\n|\n|upkeep\n|\n|t:|1700145097\n|switch|p2a: dark megaman|Ceruledge, F, tera:Ghost|100\/100\n|turn|25\n|\n|t:|1700145105\n|move|p1a: Rillaboom|Knock Off|p2a: dark megaman\n|-supereffective|p2a: dark megaman\n|-damage|p2a: dark megaman|43\/100\n|-ability|p2a: dark megaman|Weak Armor|boost\n|-unboost|p2a: dark megaman|def|1\n|-boost|p2a: dark megaman|spe|2\n|move|p2a: dark megaman|Swords Dance|p2a: dark megaman\n|-boost|p2a: dark megaman|atk|2\n|\n|-heal|p2a: dark megaman|49\/100|[from] Grassy Terrain\n|upkeep\n|turn|26\n|\n|t:|1700145115\n|move|p1a: Rillaboom|Grassy Glide|p2a: dark megaman\n|-damage|p2a: dark megaman|0 fnt\n|faint|p2a: dark megaman\n|\n|upkeep\n|\n|t:|1700145122\n|switch|p2a: L. Ron Hubbard|Slowking-Galar, M|100\/100 brn\n|turn|27\n|\n|t:|1700145133\n|move|p1a: Rillaboom|Leech Seed|p2a: L. Ron Hubbard\n|-start|p2a: L. Ron Hubbard|move: Leech Seed\n|move|p2a: L. Ron Hubbard|Sludge Bomb|p1a: Rillaboom\n|-supereffective|p1a: Rillaboom\n|-damage|p1a: Rillaboom|9\/100\n|\n|-heal|p1a: Rillaboom|15\/100|[from] Grassy Terrain\n|-damage|p2a: L. Ron Hubbard|88\/100 brn|[from] Leech Seed|[of] p1a: Rillaboom\n|-heal|p1a: Rillaboom|29\/100|[silent]\n|-damage|p2a: L. Ron Hubbard|82\/100 brn|[from] brn\n|upkeep\n|turn|28\n|\n|t:|1700145144\n|move|p1a: Rillaboom|Knock Off|p2a: L. Ron Hubbard\n|-supereffective|p2a: L. Ron Hubbard\n|-damage|p2a: L. Ron Hubbard|13\/100 brn\n|-enditem|p2a: L. Ron Hubbard|Black Sludge|[from] move: Knock Off|[of] p1a: Rillaboom\n|move|p2a: L. Ron Hubbard|Thunder Wave|p1a: Rillaboom\n|-status|p1a: Rillaboom|par\n|\n|-heal|p1a: Rillaboom|35\/100 par|[from] Grassy Terrain\n|-heal|p2a: L. Ron Hubbard|19\/100 brn|[from] Grassy Terrain\n|-damage|p2a: L. Ron Hubbard|7\/100 brn|[from] Leech Seed|[of] p1a: Rillaboom\n|-heal|p1a: Rillaboom|50\/100 par|[silent]\n|-damage|p2a: L. Ron Hubbard|0 fnt|[from] brn\n|faint|p2a: L. Ron Hubbard\n|upkeep\n|\n|t:|1700145160\n|switch|p2a: i3|Enamorus, F|100\/100\n|turn|29\n|\n|t:|1700145177\n|switch|p1a: Manaphy|Manaphy|44\/100\n|move|p2a: i3|Calm Mind|p2a: i3\n|-boost|p2a: i3|spa|1\n|-boost|p2a: i3|spd|1\n|\n|-heal|p1a: Manaphy|50\/100|[from] Grassy Terrain\n|-heal|p1a: Manaphy|56\/100|[from] item: Leftovers\n|upkeep\n|turn|30\n|\n|t:|1700145190\n|move|p2a: i3|Moonblast|p1a: Manaphy\n|-damage|p1a: Manaphy|0 fnt\n|faint|p1a: Manaphy\n|\n|upkeep\n|\n|t:|1700145197\n|switch|p1a: Ogerpon|Ogerpon-Wellspring, F|100\/100\n|turn|31\n|\n|t:|1700145201\n|-terastallize|p1a: Ogerpon|Water\n|detailschange|p1a: Ogerpon|Ogerpon-Wellspring-Tera, F, tera:Water\n|-ability|p1a: Ogerpon|Embody Aspect (Wellspring)|boost\n|-boost|p1a: Ogerpon|spd|1\n|move|p1a: Ogerpon|Ivy Cudgel|p2a: i3|[anim] Ivy Cudgel Water\n|-damage|p2a: i3|0 fnt\n|faint|p2a: i3\n|\n|-fieldend|move: Grassy Terrain\n|upkeep\n|\n|t:|1700145212\n|switch|p2a: Ogerpon|Ogerpon-Cornerstone, F|76\/100 brn\n|turn|32\n|c|\u2606defer|this a gg\n|\n|t:|1700145218\n|move|p2a: Ogerpon|Horn Leech|p1a: Ogerpon\n|-supereffective|p1a: Ogerpon\n|-damage|p1a: Ogerpon|37\/100\n|-heal|p2a: Ogerpon|100\/100 brn|[from] drain|[of] p1a: Ogerpon\n|move|p1a: Ogerpon|Ivy Cudgel|p2a: Ogerpon|[anim] Ivy Cudgel Water\n|-ability|p2a: Ogerpon|Sturdy\n|-damage|p2a: Ogerpon|1\/100 brn\n|\n|-damage|p2a: Ogerpon|0 fnt|[from] brn\n|faint|p2a: Ogerpon\n|upkeep\n|\n|t:|1700145229\n|switch|p2a: Tartiflette|Great Tusk|100\/100\n|turn|33\n|\n|t:|1700145240\n|switch|p1a: Rillaboom|Rillaboom, M|50\/100 par\n|-fieldstart|move: Grassy Terrain|[from] ability: Grassy Surge|[of] p1a: Rillaboom\n|move|p2a: Tartiflette|Body Press|p1a: Rillaboom\n|-damage|p1a: Rillaboom|0 fnt\n|faint|p1a: Rillaboom\n|\n|upkeep\n|\n|t:|1700145247\n|switch|p1a: Ogerpon|Ogerpon-Wellspring-Tera, F, tera:Water|37\/100\n|-ability|p1a: Ogerpon|Embody Aspect (Wellspring)|boost\n|-boost|p1a: Ogerpon|spd|1\n|turn|34\n|\n|t:|1700145252\n|move|p1a: Ogerpon|Horn Leech|p2a: Tartiflette\n|-supereffective|p2a: Tartiflette\n|-damage|p2a: Tartiflette|47\/100\n|-heal|p1a: Ogerpon|76\/100|[from] drain|[of] p2a: Tartiflette\n|-damage|p1a: Ogerpon|60\/100|[from] item: Rocky Helmet|[of] p2a: Tartiflette\n|move|p2a: Tartiflette|Body Press|p1a: Ogerpon\n|-damage|p1a: Ogerpon|0 fnt\n|faint|p1a: Ogerpon\n|\n|win|wookiepizza\n|raw|defer's rating: 1213 &rarr; <strong>1195<\/strong><br \/>(-18 for losing)\n|raw|wookiepizza's rating: 1308 &rarr; <strong>1323<\/strong><br \/>(+15 for winning)\n|c|\u2606defer|gg\n|l|\u2606defer\n","uploadtime":1700145586,"views":7,"p1id":"defer","p2id":"wookiepizza","formatid":"gen9ou","rating":1195,"private":0,"password":""}