{"id":"gen9ou-1988881776","p1":"Dhdksjsjk","p2":"Supraxd","format":"[Gen 9] OU","log":"|j|\u2606Dhdksjsjk\n|j|\u2606Supraxd\n|t:|1699780250\n|gametype|singles\n|player|p1|Dhdksjsjk|policeman|1074\n|player|p2|Supraxd|steven|1126\n|teamsize|p1|6\n|teamsize|p2|6\n|gen|9\n|tier|[Gen 9] OU\n|rated|\n|rule|Sleep Clause Mod: Limit one foe put to sleep\n|rule|Species Clause: Limit one of each Pok\u00e9mon\n|rule|OHKO Clause: OHKO moves are banned\n|rule|Evasion Items Clause: Evasion items are banned\n|rule|Evasion Moves Clause: Evasion moves are banned\n|rule|Endless Battle Clause: Forcing endless battles is banned\n|rule|HP Percentage Mod: HP is shown in percentages\n|clearpoke\n|poke|p1|Kingambit, M|\n|poke|p1|Glimmora, M|\n|poke|p1|Zamazenta-*|\n|poke|p1|Iron Valiant|\n|poke|p1|Iron Moth|\n|poke|p1|Ogerpon-Wellspring, F|\n|poke|p2|Pelipper, M|\n|poke|p2|Great Tusk|\n|poke|p2|Azumarill, F|\n|poke|p2|Walking Wake|\n|poke|p2|Hatterene, F|\n|poke|p2|Amoonguss, F|\n|teampreview\n|\n|t:|1699780266\n|start\n|switch|p1a: Kingambit|Kingambit, M|100\/100\n|switch|p2a: Pelipper|Pelipper, M|100\/100\n|-weather|RainDance|[from] ability: Drizzle|[of] p2a: Pelipper\n|turn|1\n|\n|t:|1699780278\n|move|p1a: Kingambit|Iron Head|p2a: Pelipper\n|-resisted|p2a: Pelipper\n|-damage|p2a: Pelipper|83\/100\n|move|p2a: Pelipper|U-turn|p1a: Kingambit\n|-damage|p1a: Kingambit|93\/100\n|\n|t:|1699780286\n|switch|p2a: Azumarill|Azumarill, F|100\/100|[from] U-turn\n|\n|-weather|RainDance|[upkeep]\n|upkeep\n|turn|2\n|\n|t:|1699780302\n|move|p1a: Kingambit|Iron Head|p2a: Azumarill\n|-damage|p2a: Azumarill|54\/100\n|move|p2a: Azumarill|Superpower|p1a: Kingambit\n|-supereffective|p1a: Kingambit\n|-damage|p1a: Kingambit|0 fnt\n|-unboost|p2a: Azumarill|atk|1\n|-unboost|p2a: Azumarill|def|1\n|faint|p1a: Kingambit\n|-end|p1a: Kingambit|fallenundefined|[silent]\n|\n|-weather|RainDance|[upkeep]\n|upkeep\n|\n|t:|1699780307\n|switch|p1a: Ogerpon|Ogerpon-Wellspring, F|100\/100\n|turn|3\n|\n|t:|1699780310\n|switch|p2a: Amoonguss|Amoonguss, F|100\/100\n|move|p1a: Ogerpon|Swords Dance|p1a: Ogerpon\n|-boost|p1a: Ogerpon|atk|2\n|\n|-weather|RainDance|[upkeep]\n|upkeep\n|turn|4\n|\n|t:|1699780315\n|switch|p1a: Glimmora|Glimmora, M|100\/100\n|move|p2a: Amoonguss|Clear Smog|p1a: Glimmora\n|-resisted|p1a: Glimmora\n|-damage|p1a: Glimmora|95\/100\n|-clearboost|p1a: Glimmora\n|\n|-weather|RainDance|[upkeep]\n|upkeep\n|turn|5\n|\n|t:|1699780325\n|move|p1a: Glimmora|Stealth Rock|p2a: Amoonguss\n|-sidestart|p2: Supraxd|move: Stealth Rock\n|move|p2a: Amoonguss|Spore|p1a: Glimmora\n|-status|p1a: Glimmora|slp|[from] move: Spore\n|\n|-weather|RainDance|[upkeep]\n|upkeep\n|turn|6\n|\n|t:|1699780335\n|switch|p1a: Iron Moth|Iron Moth|100\/100\n|-enditem|p1a: Iron Moth|Booster Energy\n|-activate|p1a: Iron Moth|ability: Quark Drive|[fromitem]\n|-start|p1a: Iron Moth|quarkdrivespe\n|switch|p2a: Great Tusk|Great Tusk|100\/100\n|-damage|p2a: Great Tusk|98\/100|[from] Stealth Rock\n|\n|-weather|RainDance|[upkeep]\n|-heal|p2a: Great Tusk|100\/100|[from] item: Leftovers\n|upkeep\n|turn|7\n|\n|t:|1699780344\n|-terastallize|p2a: Great Tusk|Grass\n|move|p1a: Iron Moth|Dazzling Gleam|p2a: Great Tusk\n|-damage|p2a: Great Tusk|62\/100\n|move|p2a: Great Tusk|Rapid Spin|p1a: Iron Moth\n|-damage|p1a: Iron Moth|80\/100\n|-boost|p2a: Great Tusk|spe|1\n|-sideend|p2: Supraxd|Stealth Rock|[from] move: Rapid Spin|[of] p2a: Great Tusk\n|\n|-weather|RainDance|[upkeep]\n|-heal|p2a: Great Tusk|68\/100|[from] item: Leftovers\n|upkeep\n|turn|8\n|\n|t:|1699780349\n|move|p1a: Iron Moth|Fiery Dance|p2a: Great Tusk\n|-supereffective|p2a: Great Tusk\n|-damage|p2a: Great Tusk|12\/100\n|move|p2a: Great Tusk|Earthquake|p1a: Iron Moth\n|-supereffective|p1a: Iron Moth\n|-damage|p1a: Iron Moth|0 fnt\n|faint|p1a: Iron Moth\n|-end|p1a: Iron Moth|Quark Drive|[silent]\n|\n|-weather|none\n|-heal|p2a: Great Tusk|18\/100|[from] item: Leftovers\n|upkeep\n|\n|t:|1699780356\n|switch|p1a: Zamazenta|Zamazenta, shiny|100\/100\n|-ability|p1a: Zamazenta|Dauntless Shield|boost\n|-boost|p1a: Zamazenta|def|1\n|turn|9\n|\n|t:|1699780367\n|move|p1a: Zamazenta|Iron Defense|p1a: Zamazenta\n|-boost|p1a: Zamazenta|def|2\n|move|p2a: Great Tusk|Stealth Rock|p1a: Zamazenta\n|-sidestart|p1: Dhdksjsjk|move: Stealth Rock\n|\n|-heal|p2a: Great Tusk|24\/100|[from] item: Leftovers\n|upkeep\n|turn|10\n|\n|t:|1699780374\n|move|p1a: Zamazenta|Iron Defense|p1a: Zamazenta\n|-boost|p1a: Zamazenta|def|2\n|move|p2a: Great Tusk|Knock Off|p1a: Zamazenta\n|-resisted|p1a: Zamazenta\n|-damage|p1a: Zamazenta|97\/100\n|-enditem|p1a: Zamazenta|Leftovers|[from] move: Knock Off|[of] p2a: Great Tusk\n|\n|-heal|p2a: Great Tusk|30\/100|[from] item: Leftovers\n|upkeep\n|turn|11\n|\n|t:|1699780380\n|-end|p2a: Great Tusk|Protosynthesis|[silent]\n|switch|p2a: Amoonguss|Amoonguss, F|100\/100\n|move|p1a: Zamazenta|Body Press|p2a: Amoonguss\n|-resisted|p2a: Amoonguss\n|-damage|p2a: Amoonguss|46\/100\n|-enditem|p2a: Amoonguss|Eject Button\n|\n|t:|1699780393\n|switch|p2a: Pelipper|Pelipper, M|83\/100\n|-weather|RainDance|[from] ability: Drizzle|[of] p2a: Pelipper\n|\n|-weather|RainDance|[upkeep]\n|upkeep\n|turn|12\n|\n|t:|1699780397\n|move|p1a: Zamazenta|Body Press|p2a: Pelipper\n|-resisted|p2a: Pelipper\n|-damage|p2a: Pelipper|36\/100\n|move|p2a: Pelipper|Hurricane|p1a: Zamazenta\n|-supereffective|p1a: Zamazenta\n|-damage|p1a: Zamazenta|35\/100\n|\n|-weather|RainDance|[upkeep]\n|upkeep\n|turn|13\n|\n|t:|1699780404\n|switch|p2a: Great Tusk|Great Tusk, tera:Grass|30\/100\n|move|p1a: Zamazenta|Body Press|p2a: Great Tusk\n|-damage|p2a: Great Tusk|0 fnt\n|faint|p2a: Great Tusk\n|-end|p2a: Great Tusk|Protosynthesis|[silent]\n|\n|-weather|RainDance|[upkeep]\n|upkeep\n|\n|t:|1699780407\n|switch|p2a: Walking Wake|Walking Wake|100\/100\n|turn|14\n|\n|t:|1699780413\n|move|p1a: Zamazenta|Body Press|p2a: Walking Wake\n|-crit|p2a: Walking Wake\n|-damage|p2a: Walking Wake|0 fnt\n|faint|p2a: Walking Wake\n|-end|p2a: Walking Wake|Protosynthesis|[silent]\n|\n|-weather|RainDance|[upkeep]\n|upkeep\n|\n|t:|1699780429\n|switch|p2a: Hatterene|Hatterene, F|100\/100\n|turn|15\n|\n|t:|1699780438\n|switch|p1a: Glimmora|Glimmora, M|95\/100 slp\n|-damage|p1a: Glimmora|82\/100 slp|[from] Stealth Rock\n|move|p2a: Hatterene|Draining Kiss|p1a: Glimmora\n|-resisted|p1a: Glimmora\n|-damage|p1a: Glimmora|67\/100 slp\n|\n|-weather|RainDance|[upkeep]\n|upkeep\n|turn|16\n|\n|t:|1699780446\n|cant|p1a: Glimmora|slp\n|move|p2a: Hatterene|Calm Mind|p2a: Hatterene\n|-boost|p2a: Hatterene|spa|1\n|-boost|p2a: Hatterene|spd|1\n|\n|-weather|RainDance|[upkeep]\n|upkeep\n|turn|17\n|\n|t:|1699780458\n|cant|p1a: Glimmora|slp\n|move|p2a: Hatterene|Psyshock|p1a: Glimmora\n|-supereffective|p1a: Glimmora\n|-damage|p1a: Glimmora|0 fnt\n|faint|p1a: Glimmora\n|\n|-weather|RainDance|[upkeep]\n|upkeep\n|\n|t:|1699780464\n|switch|p1a: Ogerpon|Ogerpon-Wellspring, F|100\/100\n|-damage|p1a: Ogerpon|88\/100|[from] Stealth Rock\n|turn|18\n|\n|t:|1699780467\n|move|p1a: Ogerpon|Ivy Cudgel|p2a: Hatterene\n|-damage|p2a: Hatterene|22\/100\n|move|p2a: Hatterene|Draining Kiss|p1a: Ogerpon\n|-damage|p1a: Ogerpon|48\/100\n|-heal|p2a: Hatterene|50\/100|[from] drain|[of] p1a: Ogerpon\n|\n|-weather|none\n|-heal|p2a: Hatterene|56\/100|[from] item: Leftovers\n|upkeep\n|turn|19\n|\n|t:|1699780472\n|move|p1a: Ogerpon|Ivy Cudgel|p2a: Hatterene\n|-damage|p2a: Hatterene|10\/100\n|move|p2a: Hatterene|Draining Kiss|p1a: Ogerpon\n|-damage|p1a: Ogerpon|11\/100\n|-heal|p2a: Hatterene|36\/100|[from] drain|[of] p1a: Ogerpon\n|\n|-heal|p2a: Hatterene|42\/100|[from] item: Leftovers\n|upkeep\n|turn|20\n|\n|t:|1699780484\n|switch|p1a: Zamazenta|Zamazenta, shiny|35\/100\n|-damage|p1a: Zamazenta|29\/100|[from] Stealth Rock\n|move|p2a: Hatterene|Draining Kiss|p1a: Zamazenta\n|-supereffective|p1a: Zamazenta\n|-damage|p1a: Zamazenta|0 fnt\n|-heal|p2a: Hatterene|64\/100|[from] drain|[of] p1a: Zamazenta\n|faint|p1a: Zamazenta\n|\n|-heal|p2a: Hatterene|70\/100|[from] item: Leftovers\n|upkeep\n|\n|t:|1699780490\n|switch|p1a: Iron Valiant|Iron Valiant|100\/100\n|-damage|p1a: Iron Valiant|94\/100|[from] Stealth Rock\n|-enditem|p1a: Iron Valiant|Booster Energy\n|-activate|p1a: Iron Valiant|ability: Quark Drive|[fromitem]\n|-start|p1a: Iron Valiant|quarkdrivespe\n|turn|21\n|\n|t:|1699780495\n|move|p1a: Iron Valiant|Hypnosis|p2a: Hatterene\n|move|p2a: Hatterene|Hypnosis|p1a: Iron Valiant|[from]ability: Magic Bounce\n|-status|p1a: Iron Valiant|slp|[from] move: Hypnosis\n|move|p2a: Hatterene|Draining Kiss|p1a: Iron Valiant\n|-supereffective|p1a: Iron Valiant\n|-damage|p1a: Iron Valiant|0 fnt\n|-heal|p2a: Hatterene|100\/100|[from] drain|[of] p1a: Iron Valiant\n|faint|p1a: Iron Valiant\n|-end|p1a: Iron Valiant|Quark Drive|[silent]\n|\n|upkeep\n|-message|Dhdksjsjk forfeited.\n|\n|win|Supraxd\n|raw|Dhdksjsjk's rating: 1074 &rarr; <strong>1056<\/strong><br \/>(-18 for losing)\n|raw|Supraxd's rating: 1126 &rarr; <strong>1147<\/strong><br \/>(+21 for winning)\n|l|\u2606Dhdksjsjk\n","uploadtime":1699780509,"views":9,"p1id":"dhdksjsjk","p2id":"supraxd","formatid":"gen9ou","rating":1056,"private":0,"password":""}