{"id":"gen9ou-1988525560","p1":"TtredKiller500","p2":"yangtao","format":"[Gen 9] OU","log":"|j|\u2606TtredKiller500\n|j|\u2606yangtao\n|t:|1699732312\n|gametype|singles\n|player|p1|TtredKiller500|steven|1069\n|player|p2|yangtao|101|1096\n|teamsize|p1|6\n|teamsize|p2|6\n|gen|9\n|tier|[Gen 9] OU\n|rated|\n|rule|Sleep Clause Mod: Limit one foe put to sleep\n|rule|Species Clause: Limit one of each Pok\u00e9mon\n|rule|OHKO Clause: OHKO moves are banned\n|rule|Evasion Items Clause: Evasion items are banned\n|rule|Evasion Moves Clause: Evasion moves are banned\n|rule|Endless Battle Clause: Forcing endless battles is banned\n|rule|HP Percentage Mod: HP is shown in percentages\n|clearpoke\n|poke|p1|Ogerpon-Wellspring, F|\n|poke|p1|Dragonite, F|\n|poke|p1|Gholdengo|\n|poke|p1|Weavile, F|\n|poke|p1|Hatterene, F|\n|poke|p1|Zamazenta-*|\n|poke|p2|Heatran, F|\n|poke|p2|Kommo-o, F|\n|poke|p2|Landorus-Therian, M|\n|poke|p2|Hatterene, F|\n|poke|p2|Toxapex, M|\n|poke|p2|Moltres-Galar|\n|teampreview\n|inactive|Battle timer is ON: inactive players will automatically lose when time's up. (requested by yangtao)\n|\n|t:|1699732323\n|start\n|switch|p1a: Weavile|Weavile, F|100\/100\n|switch|p2a: Landorus|Landorus-Therian, M|100\/100\n|-ability|p2a: Landorus|Intimidate|boost\n|-unboost|p1a: Weavile|atk|1\n|turn|1\n|\n|t:|1699732330\n|move|p2a: Landorus|Stone Edge|p1a: Weavile\n|-supereffective|p1a: Weavile\n|-damage|p1a: Weavile|0 fnt\n|faint|p1a: Weavile\n|\n|upkeep\n|\n|t:|1699732344\n|switch|p1a: Ogerpon|Ogerpon-Wellspring, F|100\/100\n|turn|2\n|\n|t:|1699732353\n|switch|p2a: Kommo-o|Kommo-o, F|100\/100\n|move|p1a: Ogerpon|Ivy Cudgel|p2a: Kommo-o\n|-resisted|p2a: Kommo-o\n|-crit|p2a: Kommo-o\n|-damage|p2a: Kommo-o|60\/100\n|\n|upkeep\n|turn|3\n|\n|t:|1699732366\n|move|p1a: Ogerpon|Knock Off|p2a: Kommo-o\n|-resisted|p2a: Kommo-o\n|-damage|p2a: Kommo-o|41\/100\n|-enditem|p2a: Kommo-o|Salac Berry|[from] move: Knock Off|[of] p1a: Ogerpon\n|move|p2a: Kommo-o|Belly Drum||[still]\n|-fail|p2a: Kommo-o\n|\n|upkeep\n|turn|4\n|\n|t:|1699732377\n|move|p1a: Ogerpon|Ivy Cudgel|p2a: Kommo-o\n|-resisted|p2a: Kommo-o\n|-crit|p2a: Kommo-o\n|-damage|p2a: Kommo-o|0 fnt\n|faint|p2a: Kommo-o\n|\n|upkeep\n|\n|t:|1699732382\n|switch|p2a: Moltres|Moltres-Galar|100\/100\n|turn|5\n|\n|t:|1699732388\n|switch|p1a: Hatterene|Hatterene, F|100\/100\n|move|p2a: Moltres|Agility|p2a: Moltres\n|-boost|p2a: Moltres|spe|2\n|\n|upkeep\n|turn|6\n|\n|t:|1699732398\n|move|p2a: Moltres|Nasty Plot|p2a: Moltres\n|-boost|p2a: Moltres|spa|2\n|move|p1a: Hatterene|Calm Mind|p1a: Hatterene\n|-boost|p1a: Hatterene|spa|1\n|-boost|p1a: Hatterene|spd|1\n|\n|upkeep\n|turn|7\n|\n|t:|1699732404\n|move|p2a: Moltres|Air Slash|p1a: Hatterene\n|-damage|p1a: Hatterene|47\/100\n|move|p1a: Hatterene|Draining Kiss|p2a: Moltres\n|-supereffective|p2a: Moltres\n|-damage|p2a: Moltres|42\/100\n|-heal|p1a: Hatterene|94\/100|[from] drain|[of] p2a: Moltres\n|-ability|p2a: Moltres|Berserk|boost\n|-boost|p2a: Moltres|spa|1\n|-enditem|p2a: Moltres|Sitrus Berry|[eat]\n|-heal|p2a: Moltres|67\/100|[from] item: Sitrus Berry\n|\n|-heal|p1a: Hatterene|99\/100|[from] item: Leftovers\n|upkeep\n|turn|8\n|\n|t:|1699732413\n|-terastallize|p2a: Moltres|Dark\n|move|p2a: Moltres|Fiery Wrath|p1a: Hatterene\n|-damage|p1a: Hatterene|8\/100\n|move|p1a: Hatterene|Draining Kiss|p2a: Moltres\n|-supereffective|p2a: Moltres\n|-crit|p2a: Moltres\n|-damage|p2a: Moltres|0 fnt\n|-heal|p1a: Hatterene|61\/100|[from] drain|[of] p2a: Moltres\n|faint|p2a: Moltres\n|\n|-heal|p1a: Hatterene|67\/100|[from] item: Leftovers\n|upkeep\n|\n|t:|1699732431\n|switch|p2a: Heatran|Heatran, F|100\/100\n|-item|p2a: Heatran|Air Balloon\n|turn|9\n|\n|t:|1699732451\n|switch|p1a: Ogerpon|Ogerpon-Wellspring, F|100\/100\n|move|p2a: Heatran|Magma Storm|p1a: Ogerpon\n|-damage|p1a: Ogerpon|35\/100\n|-activate|p1a: Ogerpon|move: Magma Storm|[of] p2a: Heatran\n|\n|-damage|p1a: Ogerpon|22\/100|[from] move: Magma Storm|[partiallytrapped]\n|upkeep\n|turn|10\n|\n|t:|1699732458\n|switch|p2a: Toxapex|Toxapex, M|100\/100\n|move|p1a: Ogerpon|Ivy Cudgel|p2a: Toxapex\n|-resisted|p2a: Toxapex\n|-damage|p2a: Toxapex|76\/100\n|\n|-heal|p2a: Toxapex|82\/100|[from] item: Leftovers\n|-end|p1a: Ogerpon|Magma Storm|[partiallytrapped]|[silent]\n|upkeep\n|turn|11\n|\n|t:|1699732464\n|move|p1a: Ogerpon|Knock Off|p2a: Toxapex\n|-damage|p2a: Toxapex|50\/100\n|-enditem|p2a: Toxapex|Leftovers|[from] move: Knock Off|[of] p1a: Ogerpon\n|move|p2a: Toxapex|Infestation|p1a: Ogerpon\n|-supereffective|p1a: Ogerpon\n|-damage|p1a: Ogerpon|15\/100\n|-activate|p1a: Ogerpon|move: Infestation|[of] p2a: Toxapex\n|\n|-damage|p1a: Ogerpon|3\/100|[from] move: Infestation|[partiallytrapped]\n|upkeep\n|turn|12\n|\n|t:|1699732471\n|move|p2a: Toxapex|Baneful Bunker|p2a: Toxapex\n|-singleturn|p2a: Toxapex|move: Protect\n|move|p1a: Ogerpon|Power Whip|p2a: Toxapex\n|-activate|p2a: Toxapex|move: Protect\n|-status|p1a: Ogerpon|psn\n|\n|-damage|p1a: Ogerpon|0 fnt|[from] psn\n|faint|p1a: Ogerpon\n|upkeep\n|\n|t:|1699732489\n|switch|p1a: Gholdengo|Gholdengo|100\/100\n|turn|13\n|\n|t:|1699732496\n|switch|p2a: Heatran|Heatran, F|100\/100\n|-item|p2a: Heatran|Air Balloon\n|move|p1a: Gholdengo|Shadow Ball|p2a: Heatran\n|-damage|p2a: Heatran|60\/100\n|-enditem|p2a: Heatran|Air Balloon\n|\n|upkeep\n|turn|14\n|\n|t:|1699732523\n|switch|p1a: Dragonite|Dragonite, F|100\/100\n|move|p2a: Heatran|Magma Storm|p1a: Dragonite\n|-resisted|p1a: Dragonite\n|-damage|p1a: Dragonite|84\/100\n|-activate|p1a: Dragonite|move: Magma Storm|[of] p2a: Heatran\n|\n|-damage|p1a: Dragonite|72\/100|[from] move: Magma Storm|[partiallytrapped]\n|upkeep\n|turn|15\n|\n|t:|1699732529\n|move|p1a: Dragonite|Earthquake|p2a: Heatran\n|-supereffective|p2a: Heatran\n|-damage|p2a: Heatran|0 fnt\n|faint|p2a: Heatran\n|\n|-end|p1a: Dragonite|Magma Storm|[partiallytrapped]|[silent]\n|upkeep\n|\n|t:|1699732540\n|switch|p2a: Landorus|Landorus-Therian, M|100\/100\n|-ability|p2a: Landorus|Intimidate|boost\n|-unboost|p1a: Dragonite|atk|1\n|turn|16\n|\n|t:|1699732549\n|move|p1a: Dragonite|Extreme Speed|p2a: Landorus\n|-damage|p2a: Landorus|76\/100\n|move|p2a: Landorus|U-turn|p1a: Dragonite\n|-resisted|p1a: Dragonite\n|-damage|p1a: Dragonite|56\/100\n|\n|t:|1699732553\n|switch|p2a: Toxapex|Toxapex, M|83\/100|[from] U-turn\n|\n|upkeep\n|turn|17\n|\n|t:|1699732558\n|move|p1a: Dragonite|Earthquake|p2a: Toxapex\n|-supereffective|p2a: Toxapex\n|-damage|p2a: Toxapex|41\/100\n|move|p2a: Toxapex|Infestation|p1a: Dragonite\n|-resisted|p1a: Dragonite\n|-damage|p1a: Dragonite|54\/100\n|-activate|p1a: Dragonite|move: Infestation|[of] p2a: Toxapex\n|\n|-damage|p1a: Dragonite|42\/100|[from] move: Infestation|[partiallytrapped]\n|upkeep\n|turn|18\n|\n|t:|1699732565\n|switch|p2a: Landorus|Landorus-Therian, M|76\/100\n|-ability|p2a: Landorus|Intimidate|boost\n|-unboost|p1a: Dragonite|atk|1\n|move|p1a: Dragonite|Dragon Dance|p1a: Dragonite\n|-boost|p1a: Dragonite|atk|1\n|-boost|p1a: Dragonite|spe|1\n|\n|-end|p1a: Dragonite|Infestation|[partiallytrapped]|[silent]\n|upkeep\n|turn|19\n|\n|t:|1699732572\n|move|p1a: Dragonite|Extreme Speed|p2a: Landorus\n|-damage|p2a: Landorus|50\/100\n|move|p2a: Landorus|Stone Edge|p1a: Dragonite\n|-supereffective|p1a: Dragonite\n|-damage|p1a: Dragonite|0 fnt\n|faint|p1a: Dragonite\n|\n|upkeep\n|\n|t:|1699732587\n|switch|p1a: Zamazenta|Zamazenta|100\/100\n|-ability|p1a: Zamazenta|Dauntless Shield|boost\n|-boost|p1a: Zamazenta|def|1\n|turn|20\n|\n|t:|1699732595\n|switch|p2a: Hatterene|Hatterene, F|100\/100\n|move|p1a: Zamazenta|Crunch|p2a: Hatterene\n|-damage|p2a: Hatterene|78\/100\n|-unboost|p2a: Hatterene|def|1\n|-enditem|p2a: Hatterene|Eject Button\n|\n|t:|1699732602\n|switch|p2a: Landorus|Landorus-Therian, M|50\/100\n|-ability|p2a: Landorus|Intimidate|boost\n|-unboost|p1a: Zamazenta|atk|1\n|\n|upkeep\n|turn|21\n|\n|t:|1699732617\n|switch|p2a: Hatterene|Hatterene, F|78\/100\n|-terastallize|p1a: Zamazenta|Steel\n|move|p1a: Zamazenta|Crunch|p2a: Hatterene\n|-damage|p2a: Hatterene|64\/100\n|\n|upkeep\n|turn|22\n|\n|t:|1699732623\n|move|p1a: Zamazenta|Heavy Slam|p2a: Hatterene\n|-supereffective|p2a: Hatterene\n|-damage|p2a: Hatterene|3\/100\n|move|p2a: Hatterene|Nuzzle|p1a: Zamazenta\n|-damage|p1a: Zamazenta|98\/100\n|-status|p1a: Zamazenta|par\n|\n|upkeep\n|turn|23\n|\n|t:|1699732630\n|switch|p2a: Toxapex|Toxapex, M|74\/100\n|cant|p1a: Zamazenta|par\n|\n|upkeep\n|turn|24\n|\n|t:|1699732637\n|move|p1a: Zamazenta|Stone Edge|p2a: Toxapex|[miss]\n|-miss|p1a: Zamazenta|p2a: Toxapex\n|move|p2a: Toxapex|Infestation|p1a: Zamazenta\n|-resisted|p1a: Zamazenta\n|-damage|p1a: Zamazenta|96\/100 par\n|-activate|p1a: Zamazenta|move: Infestation|[of] p2a: Toxapex\n|\n|-damage|p1a: Zamazenta|84\/100 par|[from] move: Infestation|[partiallytrapped]\n|upkeep\n|turn|25\n|\n|t:|1699732642\n|switch|p2a: Hatterene|Hatterene, F|3\/100\n|cant|p1a: Zamazenta|par\n|\n|-end|p1a: Zamazenta|Infestation|[partiallytrapped]|[silent]\n|upkeep\n|turn|26\n|\n|t:|1699732648\n|move|p1a: Zamazenta|Crunch|p2a: Hatterene\n|-damage|p2a: Hatterene|0 fnt\n|faint|p2a: Hatterene\n|\n|upkeep\n|\n|t:|1699732650\n|switch|p2a: Landorus|Landorus-Therian, M|50\/100\n|-ability|p2a: Landorus|Intimidate|boost\n|-unboost|p1a: Zamazenta|atk|1\n|turn|27\n|\n|t:|1699732666\n|move|p2a: Landorus|Earthquake|p1a: Zamazenta\n|-supereffective|p1a: Zamazenta\n|-damage|p1a: Zamazenta|3\/100 par\n|move|p1a: Zamazenta|Crunch|p2a: Landorus\n|-damage|p2a: Landorus|34\/100\n|-unboost|p2a: Landorus|def|1\n|\n|upkeep\n|turn|28\n|\n|t:|1699732673\n|move|p2a: Landorus|Earthquake|p1a: Zamazenta\n|-supereffective|p1a: Zamazenta\n|-damage|p1a: Zamazenta|0 fnt\n|faint|p1a: Zamazenta\n|\n|upkeep\n|\n|t:|1699732681\n|switch|p1a: Gholdengo|Gholdengo|100\/100\n|turn|29\n|\n|t:|1699732683\n|move|p2a: Landorus|Earthquake|p1a: Gholdengo\n|-supereffective|p1a: Gholdengo\n|-damage|p1a: Gholdengo|0 fnt\n|faint|p1a: Gholdengo\n|\n|upkeep\n|\n|t:|1699732686\n|switch|p1a: Hatterene|Hatterene, F|67\/100\n|turn|30\n|\n|t:|1699732690\n|move|p2a: Landorus|Earthquake|p1a: Hatterene\n|-damage|p1a: Hatterene|17\/100\n|move|p1a: Hatterene|Psyshock|p2a: Landorus\n|-damage|p2a: Landorus|0 fnt\n|faint|p2a: Landorus\n|\n|-heal|p1a: Hatterene|23\/100|[from] item: Leftovers\n|upkeep\n|\n|t:|1699732695\n|switch|p2a: Toxapex|Toxapex, M|100\/100\n|turn|31\n|\n|t:|1699732701\n|move|p2a: Toxapex|Infestation|p1a: Hatterene\n|-damage|p1a: Hatterene|20\/100\n|-activate|p1a: Hatterene|move: Infestation|[of] p2a: Toxapex\n|move|p1a: Hatterene|Psyshock|p2a: Toxapex\n|-supereffective|p2a: Toxapex\n|-damage|p2a: Toxapex|47\/100\n|\n|-heal|p1a: Hatterene|26\/100|[from] item: Leftovers\n|-damage|p1a: Hatterene|14\/100|[from] move: Infestation|[partiallytrapped]\n|upkeep\n|turn|32\n|\n|t:|1699732709\n|move|p2a: Toxapex|Baneful Bunker|p2a: Toxapex\n|-singleturn|p2a: Toxapex|move: Protect\n|move|p1a: Hatterene|Psyshock|p2a: Toxapex\n|-activate|p2a: Toxapex|move: Protect\n|\n|-heal|p1a: Hatterene|20\/100|[from] item: Leftovers\n|-damage|p1a: Hatterene|7\/100|[from] move: Infestation|[partiallytrapped]\n|upkeep\n|turn|33\n|\n|t:|1699732736\n|move|p2a: Toxapex|Baneful Bunker|p2a: Toxapex\n|-singleturn|p2a: Toxapex|move: Protect\n|move|p1a: Hatterene|Psyshock|p2a: Toxapex\n|-activate|p2a: Toxapex|move: Protect\n|\n|-heal|p1a: Hatterene|13\/100|[from] item: Leftovers\n|-damage|p1a: Hatterene|1\/100|[from] move: Infestation|[partiallytrapped]\n|upkeep\n|turn|34\n|\n|t:|1699732743\n|move|p2a: Toxapex|Infestation|p1a: Hatterene\n|-damage|p1a: Hatterene|0 fnt\n|faint|p1a: Hatterene\n|\n|win|yangtao\n|raw|TtredKiller500's rating: 1069 &rarr; <strong>1050<\/strong><br \/>(-19 for losing)\n|raw|yangtao's rating: 1096 &rarr; <strong>1120<\/strong><br \/>(+24 for winning)\n|l|\u2606TtredKiller500\n","uploadtime":1699732984,"views":11,"p1id":"ttredkiller500","p2id":"yangtao","formatid":"gen9ou","rating":1050,"private":0,"password":""}