{"id":"gen9ou-1992958412","p1":"Ceo O Wo-Chien","p2":"toTHEtop vgc","format":"[Gen 9] OU","log":"|j|\u2606Ceo O Wo-Chien\n|j|\u2606toTHEtop vgc\n|t:|1700250309\n|gametype|singles\n|player|p1|Ceo O Wo-Chien|colress|1556\n|player|p2|toTHEtop vgc|lance|1689\n|teamsize|p1|6\n|teamsize|p2|6\n|gen|9\n|tier|[Gen 9] OU\n|rated|\n|rule|Sleep Clause Mod: Limit one foe put to sleep\n|rule|Species Clause: Limit one of each Pok\u00e9mon\n|rule|OHKO Clause: OHKO moves are banned\n|rule|Evasion Items Clause: Evasion items are banned\n|rule|Evasion Moves Clause: Evasion moves are banned\n|rule|Endless Battle Clause: Forcing endless battles is banned\n|rule|HP Percentage Mod: HP is shown in percentages\n|clearpoke\n|poke|p1|Bellibolt, M|\n|poke|p1|Alomomola, F|\n|poke|p1|Slither Wing|\n|poke|p1|Slowking-Galar, F|\n|poke|p1|Hydreigon, M|\n|poke|p1|Maushold|\n|poke|p2|Walking Wake|\n|poke|p2|Skeledirge, F|\n|poke|p2|Great Tusk|\n|poke|p2|Kingambit, F|\n|poke|p2|Toxapex, M|\n|poke|p2|Iron Valiant|\n|teampreview\n|inactive|Battle timer is ON: inactive players will automatically lose when time's up. (requested by Ceo O Wo-Chien)\n|\n|t:|1700250327\n|start\n|switch|p1a: Stewart|Bellibolt, M|100\/100\n|switch|p2a: Walking Wake|Walking Wake|100\/100\n|turn|1\n|\n|t:|1700250331\n|move|p2a: Walking Wake|Knock Off|p1a: Stewart\n|-damage|p1a: Stewart|86\/100\n|-start|p1a: Stewart|Charge|Knock Off|[from] ability: Electromorphosis\n|-enditem|p1a: Stewart|Heavy-Duty Boots|[from] move: Knock Off|[of] p2a: Walking Wake\n|move|p1a: Stewart|Slack Off|p1a: Stewart\n|-heal|p1a: Stewart|100\/100\n|\n|upkeep\n|turn|2\n|\n|t:|1700250345\n|move|p2a: Walking Wake|Draco Meteor|p1a: Stewart\n|-damage|p1a: Stewart|38\/100\n|-unboost|p2a: Walking Wake|spa|2\n|-start|p1a: Stewart|Charge|Draco Meteor|[from] ability: Electromorphosis\n|move|p1a: Stewart|Thunderbolt|p2a: Walking Wake\n|-damage|p2a: Walking Wake|6\/100\n|-end|p1a: Stewart|Charge|[silent]\n|\n|upkeep\n|turn|3\n|\n|t:|1700250361\n|-end|p2a: Walking Wake|Protosynthesis|[silent]\n|switch|p2a: Great Tusk|Great Tusk|100\/100\n|move|p1a: Stewart|Slack Off|p1a: Stewart\n|-heal|p1a: Stewart|88\/100\n|\n|upkeep\n|turn|4\n|\n|t:|1700250363\n|move|p2a: Great Tusk|Stealth Rock|p1a: Stewart\n|-sidestart|p1: Ceo O Wo-Chien|move: Stealth Rock\n|move|p1a: Stewart|Muddy Water|p2a: Great Tusk\n|-supereffective|p2a: Great Tusk\n|-damage|p2a: Great Tusk|29\/100\n|-unboost|p2a: Great Tusk|accuracy|1\n|\n|-heal|p2a: Great Tusk|36\/100|[from] item: Leftovers\n|upkeep\n|turn|5\n|\n|t:|1700250368\n|-end|p2a: Great Tusk|Protosynthesis|[silent]\n|switch|p2a: Toxapex|Toxapex, M|100\/100\n|move|p1a: Stewart|Slack Off|p1a: Stewart\n|-heal|p1a: Stewart|100\/100\n|\n|upkeep\n|turn|6\n|\n|t:|1700250370\n|move|p2a: Toxapex|Toxic|p1a: Stewart\n|-status|p1a: Stewart|tox\n|move|p1a: Stewart|Thunder Wave|p2a: Toxapex\n|-status|p2a: Toxapex|par\n|\n|-damage|p1a: Stewart|94\/100 tox|[from] psn\n|upkeep\n|turn|7\n|\n|t:|1700250378\n|switch|p2a: Great Tusk|Great Tusk|36\/100\n|move|p1a: Stewart|Thunderbolt|p2a: Great Tusk\n|-immune|p2a: Great Tusk\n|\n|-heal|p2a: Great Tusk|42\/100|[from] item: Leftovers\n|-damage|p1a: Stewart|82\/100 tox|[from] psn\n|upkeep\n|turn|8\n|\n|t:|1700250395\n|-end|p2a: Great Tusk|Protosynthesis|[silent]\n|switch|p2a: Toxapex|Toxapex, M|100\/100 par\n|switch|p1a: Alomomola|Alomomola, F|100\/100\n|\n|upkeep\n|turn|9\n|\n|t:|1700250401\n|move|p1a: Alomomola|Flip Turn|p2a: Toxapex\n|-resisted|p2a: Toxapex\n|-damage|p2a: Toxapex|95\/100 par\n|\n|t:|1700250402\n|switch|p1a: Slowking|Slowking-Galar, F|100\/100|[from] Flip Turn\n|move|p2a: Toxapex|Toxic|p1a: Slowking\n|-immune|p1a: Slowking\n|\n|upkeep\n|turn|10\n|\n|t:|1700250406\n|switch|p2a: Kingambit|Kingambit, F|100\/100\n|move|p1a: Slowking|Future Sight|p2a: Kingambit\n|-start|p1a: Slowking|move: Future Sight\n|\n|upkeep\n|turn|11\n|\n|t:|1700250416\n|-end|p2a: Kingambit|fallenundefined|[silent]\n|switch|p2a: Walking Wake|Walking Wake|6\/100\n|switch|p1a: Alomomola|Alomomola, F|100\/100\n|\n|upkeep\n|turn|12\n|\n|t:|1700250422\n|-end|p2a: Walking Wake|Protosynthesis|[silent]\n|switch|p2a: Kingambit|Kingambit, F|100\/100\n|move|p1a: Alomomola|Protect||[still]\n|-fail|p1a: Alomomola\n|\n|-end|p2a: Kingambit|move: Future Sight\n|-immune|p2a: Kingambit\n|upkeep\n|turn|13\n|\n|t:|1700250428\n|-end|p2a: Kingambit|fallenundefined|[silent]\n|switch|p2a: Toxapex|Toxapex, M|100\/100 par\n|move|p1a: Alomomola|Scald|p2a: Toxapex\n|-resisted|p2a: Toxapex\n|-damage|p2a: Toxapex|95\/100 par\n|\n|upkeep\n|turn|14\n|\n|t:|1700250442\n|move|p1a: Alomomola|Flip Turn|p2a: Toxapex\n|-resisted|p2a: Toxapex\n|-damage|p2a: Toxapex|90\/100 par\n|\n|t:|1700250444\n|switch|p1a: Slowking|Slowking-Galar, F|100\/100|[from] Flip Turn\n|move|p2a: Toxapex|Surf|p1a: Slowking\n|-damage|p1a: Slowking|89\/100\n|\n|upkeep\n|turn|15\n|\n|t:|1700250449\n|switch|p2a: Great Tusk|Great Tusk|42\/100\n|move|p1a: Slowking|Future Sight|p2a: Great Tusk\n|-start|p1a: Slowking|move: Future Sight\n|\n|-heal|p2a: Great Tusk|48\/100|[from] item: Leftovers\n|upkeep\n|turn|16\n|\n|t:|1700250456\n|-end|p2a: Great Tusk|Protosynthesis|[silent]\n|switch|p2a: Kingambit|Kingambit, F|100\/100\n|switch|p1a: Alomomola|Alomomola, F|100\/100\n|\n|upkeep\n|turn|17\n|j| no more beeroes\n|\n|t:|1700250462\n|move|p2a: Kingambit|Kowtow Cleave|p1a: Alomomola\n|-damage|p1a: Alomomola|76\/100\n|move|p1a: Alomomola|Scald|p2a: Kingambit\n|-damage|p2a: Kingambit|90\/100\n|-status|p2a: Kingambit|brn\n|\n|-end|p2a: Kingambit|move: Future Sight\n|-immune|p2a: Kingambit\n|-heal|p2a: Kingambit|96\/100 brn|[from] item: Leftovers\n|-damage|p2a: Kingambit|90\/100 brn|[from] brn\n|upkeep\n|turn|18\n|\n|t:|1700250470\n|move|p2a: Kingambit|Kowtow Cleave|p1a: Alomomola\n|-damage|p1a: Alomomola|64\/100\n|move|p1a: Alomomola|Flip Turn|p2a: Kingambit\n|-damage|p2a: Kingambit|78\/100 brn\n|\n|t:|1700250480\n|switch|p1a: Slither Wing|Slither Wing|100\/100|[from] Flip Turn\n|-damage|p1a: Slither Wing|88\/100|[from] Stealth Rock\n|\n|-heal|p2a: Kingambit|84\/100 brn|[from] item: Leftovers\n|-damage|p2a: Kingambit|78\/100 brn|[from] brn\n|upkeep\n|turn|19\n|\n|t:|1700250487\n|move|p1a: Slither Wing|Earthquake|p2a: Kingambit\n|-supereffective|p2a: Kingambit\n|-damage|p2a: Kingambit|0 fnt\n|faint|p2a: Kingambit\n|-end|p2a: Kingambit|fallenundefined|[silent]\n|\n|upkeep\n|\n|t:|1700250491\n|switch|p2a: Iron Valiant|Iron Valiant|100\/100\n|turn|20\n|\n|t:|1700250496\n|-end|p1a: Slither Wing|Protosynthesis|[silent]\n|switch|p1a: Slowking|Slowking-Galar, F|100\/100\n|move|p2a: Iron Valiant|Moonblast|p1a: Slowking\n|-resisted|p1a: Slowking\n|-damage|p1a: Slowking|88\/100\n|\n|upkeep\n|turn|21\n|\n|t:|1700250499\n|move|p2a: Iron Valiant|Shadow Ball|p1a: Slowking\n|-supereffective|p1a: Slowking\n|-damage|p1a: Slowking|49\/100\n|move|p1a: Slowking|Future Sight|p2a: Iron Valiant\n|-start|p1a: Slowking|move: Future Sight\n|\n|upkeep\n|turn|22\n|\n|t:|1700250504\n|move|p2a: Iron Valiant|Shadow Ball|p1a: Slowking\n|-supereffective|p1a: Slowking\n|-damage|p1a: Slowking|9\/100\n|move|p1a: Slowking|Chilly Reception|p1a: Slowking\n|-weather|Snow\n|\n|t:|1700250507\n|switch|p1a: Alomomola|Alomomola, F|97\/100|[from] Chilly Reception\n|\n|-weather|Snow|[upkeep]\n|upkeep\n|turn|23\n|\n|t:|1700250512\n|-end|p2a: Iron Valiant|Quark Drive|[silent]\n|switch|p2a: Toxapex|Toxapex, M|100\/100 par\n|move|p1a: Alomomola|Scald|p2a: Toxapex\n|-resisted|p2a: Toxapex\n|-damage|p2a: Toxapex|95\/100 par\n|\n|-weather|Snow|[upkeep]\n|-end|p2a: Toxapex|move: Future Sight\n|-supereffective|p2a: Toxapex\n|-damage|p2a: Toxapex|23\/100 par\n|upkeep\n|turn|24\n|\n|t:|1700250519\n|switch|p2a: Iron Valiant|Iron Valiant|100\/100\n|move|p1a: Alomomola|Flip Turn|p2a: Iron Valiant\n|-damage|p2a: Iron Valiant|80\/100\n|\n|t:|1700250522\n|switch|p1a: Slowking|Slowking-Galar, F|42\/100|[from] Flip Turn\n|\n|-weather|Snow|[upkeep]\n|upkeep\n|turn|25\n|\n|t:|1700250527\n|move|p2a: Iron Valiant|Shadow Ball|p1a: Slowking\n|-supereffective|p1a: Slowking\n|-damage|p1a: Slowking|6\/100\n|-unboost|p1a: Slowking|spd|1\n|move|p1a: Slowking|Thunder Wave|p2a: Iron Valiant\n|-status|p2a: Iron Valiant|par\n|\n|-weather|Snow|[upkeep]\n|upkeep\n|turn|26\n|\n|t:|1700250532\n|switch|p1a: Alomomola|Alomomola, F|100\/100\n|move|p2a: Iron Valiant|Thunderbolt|p1a: Alomomola\n|-supereffective|p1a: Alomomola\n|-damage|p1a: Alomomola|36\/100\n|\n|-weather|none\n|upkeep\n|turn|27\n|\n|t:|1700250535\n|move|p1a: Alomomola|Protect|p1a: Alomomola\n|-singleturn|p1a: Alomomola|Protect\n|cant|p2a: Iron Valiant|par\n|\n|upkeep\n|turn|28\n|\n|t:|1700250537\n|switch|p1a: Stewart|Bellibolt, M|82\/100 tox\n|-damage|p1a: Stewart|70\/100 tox|[from] Stealth Rock\n|move|p2a: Iron Valiant|Thunderbolt|p1a: Stewart\n|-resisted|p1a: Stewart\n|-damage|p1a: Stewart|56\/100 tox\n|-start|p1a: Stewart|Charge|Thunderbolt|[from] ability: Electromorphosis\n|\n|-damage|p1a: Stewart|50\/100 tox|[from] psn\n|upkeep\n|turn|29\n|\n|t:|1700250543\n|-end|p2a: Iron Valiant|Quark Drive|[silent]\n|switch|p2a: Great Tusk|Great Tusk|48\/100\n|move|p1a: Stewart|Slack Off|p1a: Stewart\n|-heal|p1a: Stewart|99\/100 tox\n|\n|-heal|p2a: Great Tusk|54\/100|[from] item: Leftovers\n|-damage|p1a: Stewart|87\/100 tox|[from] psn\n|upkeep\n|turn|30\n|\n|t:|1700250549\n|-end|p2a: Great Tusk|Protosynthesis|[silent]\n|switch|p2a: Toxapex|Toxapex, M|57\/100 par\n|move|p1a: Stewart|Muddy Water|p2a: Toxapex\n|-resisted|p2a: Toxapex\n|-damage|p2a: Toxapex|46\/100 par\n|\n|-damage|p1a: Stewart|69\/100 tox|[from] psn\n|upkeep\n|turn|31\n|\n|t:|1700250554\n|switch|p2a: Walking Wake|Walking Wake|6\/100\n|move|p1a: Stewart|Thunderbolt|p2a: Walking Wake\n|-damage|p2a: Walking Wake|0 fnt\n|faint|p2a: Walking Wake\n|-end|p2a: Walking Wake|Protosynthesis|[silent]\n|-end|p1a: Stewart|Charge|[silent]\n|\n|-damage|p1a: Stewart|44\/100 tox|[from] psn\n|upkeep\n|\n|t:|1700250559\n|switch|p2a: Skeledirge|Skeledirge, F|100\/100\n|turn|32\n|\n|t:|1700250562\n|move|p2a: Skeledirge|Substitute|p2a: Skeledirge\n|-start|p2a: Skeledirge|Substitute\n|-damage|p2a: Skeledirge|76\/100\n|move|p1a: Stewart|Thunder Wave||[still]\n|-fail|p1a: Stewart\n|\n|-heal|p2a: Skeledirge|82\/100|[from] item: Leftovers\n|-damage|p1a: Stewart|14\/100 tox|[from] psn\n|upkeep\n|turn|33\n|\n|t:|1700250568\n|move|p2a: Skeledirge|Torch Song|p1a: Stewart\n|-damage|p1a: Stewart|0 fnt\n|-boost|p2a: Skeledirge|spa|1\n|faint|p1a: Stewart\n|\n|-heal|p2a: Skeledirge|88\/100|[from] item: Leftovers\n|upkeep\n|\n|t:|1700250571\n|switch|p1a: Hydreigon|Hydreigon, M|100\/100\n|-damage|p1a: Hydreigon|88\/100|[from] Stealth Rock\n|turn|34\n|\n|t:|1700250580\n|move|p1a: Hydreigon|Dark Pulse|p2a: Skeledirge\n|-supereffective|p2a: Skeledirge\n|-end|p2a: Skeledirge|Substitute\n|move|p2a: Skeledirge|Torch Song|p1a: Hydreigon\n|-resisted|p1a: Hydreigon\n|-damage|p1a: Hydreigon|62\/100\n|-boost|p2a: Skeledirge|spa|1\n|\n|-heal|p2a: Skeledirge|94\/100|[from] item: Leftovers\n|upkeep\n|turn|35\n|\n|t:|1700250584\n|switch|p2a: Toxapex|Toxapex, M|79\/100 par\n|move|p1a: Hydreigon|Dark Pulse|p2a: Toxapex\n|-damage|p2a: Toxapex|33\/100 par\n|\n|upkeep\n|turn|36\n|\n|t:|1700250588\n|move|p1a: Hydreigon|Dark Pulse|p2a: Toxapex\n|-damage|p2a: Toxapex|0 fnt\n|faint|p2a: Toxapex\n|\n|upkeep\n|\n|t:|1700250589\n|switch|p2a: Iron Valiant|Iron Valiant|80\/100 par\n|turn|37\n|\n|t:|1700250595\n|switch|p1a: Slowking|Slowking-Galar, F|39\/100\n|move|p2a: Iron Valiant|Shadow Ball|p1a: Slowking\n|-supereffective|p1a: Slowking\n|-damage|p1a: Slowking|0 fnt\n|faint|p1a: Slowking\n|\n|upkeep\n|\n|t:|1700250597\n|switch|p1a: Maushold|Maushold|100\/100\n|-damage|p1a: Maushold|88\/100|[from] Stealth Rock\n|turn|38\n|\n|t:|1700250600\n|-end|p2a: Iron Valiant|Quark Drive|[silent]\n|switch|p2a: Skeledirge|Skeledirge, F|94\/100\n|move|p1a: Maushold|Encore||[still]\n|-fail|p1a: Maushold\n|\n|-heal|p2a: Skeledirge|99\/100|[from] item: Leftovers\n|upkeep\n|turn|39\n|\n|t:|1700250613\n|move|p1a: Maushold|Tidy Up|p1a: Maushold\n|-sideend|p1: Ceo O Wo-Chien|Stealth Rock\n|-activate|p1a: Maushold|move: Tidy Up\n|-boost|p1a: Maushold|atk|1\n|-boost|p1a: Maushold|spe|1\n|move|p2a: Skeledirge|Torch Song|p1a: Maushold\n|-damage|p1a: Maushold|47\/100\n|-boost|p2a: Skeledirge|spa|1\n|\n|-heal|p2a: Skeledirge|100\/100|[from] item: Leftovers\n|upkeep\n|turn|40\n|\n|t:|1700250619\n|move|p1a: Maushold|Bite|p2a: Skeledirge\n|-supereffective|p2a: Skeledirge\n|-damage|p2a: Skeledirge|68\/100\n|move|p2a: Skeledirge|Torch Song|p1a: Maushold\n|-damage|p1a: Maushold|0 fnt\n|-boost|p2a: Skeledirge|spa|1\n|faint|p1a: Maushold\n|\n|-heal|p2a: Skeledirge|74\/100|[from] item: Leftovers\n|upkeep\n|\n|t:|1700250628\n|switch|p1a: Hydreigon|Hydreigon, M|62\/100\n|turn|41\n|\n|t:|1700250632\n|switch|p2a: Great Tusk|Great Tusk|54\/100\n|move|p1a: Hydreigon|Draco Meteor|p2a: Great Tusk\n|-damage|p2a: Great Tusk|0 fnt\n|-unboost|p1a: Hydreigon|spa|2\n|faint|p2a: Great Tusk\n|-end|p2a: Great Tusk|Protosynthesis|[silent]\n|\n|upkeep\n|\n|t:|1700250636\n|switch|p2a: Iron Valiant|Iron Valiant|80\/100 par\n|turn|42\n|\n|t:|1700250639\n|switch|p1a: Alomomola|Alomomola, F|69\/100\n|cant|p2a: Iron Valiant|par\n|\n|upkeep\n|turn|43\n|\n|t:|1700250643\n|move|p2a: Iron Valiant|Thunderbolt|p1a: Alomomola\n|-supereffective|p1a: Alomomola\n|-damage|p1a: Alomomola|8\/100\n|move|p1a: Alomomola|Scald|p2a: Iron Valiant\n|-damage|p2a: Iron Valiant|53\/100 par\n|\n|upkeep\n|turn|44\n|\n|t:|1700250649\n|move|p1a: Alomomola|Protect|p1a: Alomomola\n|-singleturn|p1a: Alomomola|Protect\n|move|p2a: Iron Valiant|Thunderbolt|p1a: Alomomola\n|-activate|p1a: Alomomola|move: Protect\n|\n|upkeep\n|turn|45\n|\n|t:|1700250651\n|move|p2a: Iron Valiant|Moonblast|p1a: Alomomola\n|-damage|p1a: Alomomola|0 fnt\n|faint|p1a: Alomomola\n|\n|upkeep\n|\n|t:|1700250652\n|switch|p1a: Slither Wing|Slither Wing|88\/100\n|turn|46\n|\n|t:|1700250657\n|move|p1a: Slither Wing|Earthquake|p2a: Iron Valiant\n|-damage|p2a: Iron Valiant|0 fnt\n|faint|p2a: Iron Valiant\n|-end|p2a: Iron Valiant|Quark Drive|[silent]\n|\n|upkeep\n|\n|t:|1700250659\n|switch|p2a: Skeledirge|Skeledirge, F|74\/100\n|turn|47\n|\n|t:|1700250662\n|-terastallize|p2a: Skeledirge|Water\n|move|p1a: Slither Wing|Earthquake|p2a: Skeledirge\n|-damage|p2a: Skeledirge|33\/100\n|move|p2a: Skeledirge|Torch Song|p1a: Slither Wing\n|-supereffective|p1a: Slither Wing\n|-damage|p1a: Slither Wing|26\/100\n|-boost|p2a: Skeledirge|spa|1\n|\n|-heal|p2a: Skeledirge|39\/100|[from] item: Leftovers\n|upkeep\n|turn|48\n|\n|t:|1700250667\n|move|p1a: Slither Wing|Earthquake|p2a: Skeledirge\n|-damage|p2a: Skeledirge|2\/100\n|move|p2a: Skeledirge|Slack Off|p2a: Skeledirge\n|-heal|p2a: Skeledirge|52\/100\n|\n|-heal|p2a: Skeledirge|58\/100|[from] item: Leftovers\n|upkeep\n|turn|49\n|\n|t:|1700250670\n|move|p1a: Slither Wing|Earthquake|p2a: Skeledirge\n|-damage|p2a: Skeledirge|21\/100\n|move|p2a: Skeledirge|Slack Off|p2a: Skeledirge\n|-heal|p2a: Skeledirge|71\/100\n|\n|-heal|p2a: Skeledirge|77\/100|[from] item: Leftovers\n|upkeep\n|turn|50\n|\n|t:|1700250674\n|move|p1a: Slither Wing|Earthquake|p2a: Skeledirge\n|-damage|p2a: Skeledirge|36\/100\n|move|p2a: Skeledirge|Slack Off|p2a: Skeledirge\n|-heal|p2a: Skeledirge|86\/100\n|\n|-heal|p2a: Skeledirge|92\/100|[from] item: Leftovers\n|upkeep\n|turn|51\n|\n|t:|1700250678\n|-end|p1a: Slither Wing|Protosynthesis|[silent]\n|switch|p1a: Hydreigon|Hydreigon, M|62\/100\n|move|p2a: Skeledirge|Slack Off|p2a: Skeledirge\n|-heal|p2a: Skeledirge|100\/100\n|\n|upkeep\n|turn|52\n|\n|t:|1700250685\n|-terastallize|p1a: Hydreigon|Dragon\n|move|p1a: Hydreigon|Draco Meteor|p2a: Skeledirge\n|-crit|p2a: Skeledirge\n|-damage|p2a: Skeledirge|0 fnt\n|-unboost|p1a: Hydreigon|spa|2\n|faint|p2a: Skeledirge\n|\n|win|Ceo O Wo-Chien\n|raw|Ceo O Wo-Chien's rating: 1556 &rarr; <strong>1583<\/strong><br \/>(+27 for winning)\n|raw|toTHEtop vgc's rating: 1689 &rarr; <strong>1662<\/strong><br \/>(-27 for losing)\n|c|\u2606Ceo O Wo-Chien|gg\n","uploadtime":1700250692,"views":13,"p1id":"ceoowochien","p2id":"tothetopvgc","formatid":"gen9ou","rating":1583,"private":0,"password":""}