{"id":"gen9ou-1993559472","p1":"little man skwovet","p2":"jimola","format":"[Gen 9] OU","log":"|j|\u2606little man skwovet\n|j|\u2606jimola\n|t:|1700331721\n|gametype|singles\n|player|p1|little man skwovet|102|1705\n|player|p2|jimola|102|1649\n|teamsize|p1|6\n|teamsize|p2|6\n|gen|9\n|tier|[Gen 9] OU\n|rated|\n|rule|Sleep Clause Mod: Limit one foe put to sleep\n|rule|Species Clause: Limit one of each Pok\u00e9mon\n|rule|OHKO Clause: OHKO moves are banned\n|rule|Evasion Items Clause: Evasion items are banned\n|rule|Evasion Moves Clause: Evasion moves are banned\n|rule|Endless Battle Clause: Forcing endless battles is banned\n|rule|HP Percentage Mod: HP is shown in percentages\n|clearpoke\n|poke|p1|Sinistcha-Masterpiece|\n|poke|p1|Blissey, F|\n|poke|p1|Clodsire, M|\n|poke|p1|Dondozo, M|\n|poke|p1|Alomomola, F|\n|poke|p1|Clefable, F|\n|poke|p2|Ribombee, M|\n|poke|p2|Gholdengo|\n|poke|p2|Gallade, M|\n|poke|p2|Torterra, M|\n|poke|p2|Glimmora, M|\n|poke|p2|Walking Wake|\n|teampreview\n|inactive|Battle timer is ON: inactive players will automatically lose when time's up. (requested by little man skwovet)\n|\n|t:|1700331770\n|start\n|switch|p1a: Blissey|Blissey, F, shiny|100\/100\n|switch|p2a: Glimmora|Glimmora, M|100\/100\n|turn|1\n|\n|t:|1700331786\n|move|p2a: Glimmora|Sludge Wave|p1a: Blissey\n|-damage|p1a: Blissey|80\/100\n|-damage|p2a: Glimmora|91\/100|[from] item: Life Orb\n|move|p1a: Blissey|Seismic Toss|p2a: Glimmora\n|-damage|p2a: Glimmora|58\/100\n|-activate|p2a: Glimmora|ability: Toxic Debris\n|-sidestart|p1: little man skwovet|move: Toxic Spikes\n|\n|upkeep\n|turn|2\n|\n|t:|1700331802\n|switch|p2a: Gallade|Gallade, M|100\/100\n|move|p1a: Blissey|Seismic Toss|p2a: Gallade\n|-damage|p2a: Gallade|64\/100\n|\n|upkeep\n|turn|3\n|\n|t:|1700331814\n|switch|p1a: Clefable|Clefable, F|100\/100\n|-status|p1a: Clefable|psn\n|move|p2a: Gallade|Knock Off|p1a: Clefable\n|-resisted|p1a: Clefable\n|-damage|p1a: Clefable|83\/100 psn\n|-enditem|p1a: Clefable|Leftovers|[from] move: Knock Off|[of] p2a: Gallade\n|\n|upkeep\n|turn|4\n|\n|t:|1700331827\n|switch|p2a: Gholdengo|Gholdengo|100\/100\n|move|p1a: Clefable|Knock Off|p2a: Gholdengo\n|-supereffective|p2a: Gholdengo\n|-damage|p2a: Gholdengo|65\/100\n|-enditem|p2a: Gholdengo|Kasib Berry|[from] move: Knock Off|[of] p1a: Clefable\n|\n|upkeep\n|turn|5\n|\n|t:|1700331841\n|switch|p2a: Gallade|Gallade, M|64\/100\n|switch|p1a: Clodsire|Clodsire, M|100\/100\n|-sideend|p1: little man skwovet|move: Toxic Spikes|[of] p1a: Clodsire\n|\n|upkeep\n|turn|6\n|\n|t:|1700331847\n|switch|p1a: Alomomola|Alomomola, F, shiny|100\/100\n|move|p2a: Gallade|Psycho Cut|p1a: Alomomola\n|-damage|p1a: Alomomola|51\/100\n|\n|upkeep\n|turn|7\n|\n|t:|1700331873\n|switch|p1a: Clefable|Clefable, F|83\/100 psn\n|move|p2a: Gallade|Psycho Cut|p1a: Clefable\n|-damage|p1a: Clefable|18\/100 psn\n|\n|upkeep\n|turn|8\n|\n|t:|1700331878\n|move|p2a: Gallade|Psycho Cut|p1a: Clefable\n|-damage|p1a: Clefable|0 fnt\n|faint|p1a: Clefable\n|\n|upkeep\n|\n|t:|1700331882\n|switch|p1a: Alomomola|Alomomola, F, shiny|84\/100\n|turn|9\n|\n|t:|1700331890\n|switch|p2a: Ribombee|Ribombee, M|100\/100\n|move|p1a: Alomomola|Scald|p2a: Ribombee\n|-damage|p2a: Ribombee|78\/100\n|\n|upkeep\n|turn|10\n|\n|t:|1700331902\n|switch|p1a: Blissey|Blissey, F, shiny|80\/100\n|move|p2a: Ribombee|Stun Spore|p1a: Blissey\n|-status|p1a: Blissey|par\n|\n|upkeep\n|turn|11\n|\n|t:|1700331910\n|switch|p2a: Glimmora|Glimmora, M|58\/100\n|move|p1a: Blissey|Seismic Toss|p2a: Glimmora\n|-damage|p2a: Glimmora|26\/100\n|-activate|p2a: Glimmora|ability: Toxic Debris\n|-sidestart|p1: little man skwovet|move: Toxic Spikes\n|\n|upkeep\n|turn|12\n|\n|t:|1700331918\n|move|p2a: Glimmora|Earth Power|p1a: Blissey\n|-damage|p1a: Blissey|67\/100 par\n|-damage|p2a: Glimmora|16\/100|[from] item: Life Orb\n|move|p1a: Blissey|Seismic Toss|p2a: Glimmora\n|-damage|p2a: Glimmora|0 fnt\n|-activate|p2a: Glimmora|ability: Toxic Debris\n|-sidestart|p1: little man skwovet|move: Toxic Spikes\n|faint|p2a: Glimmora\n|\n|upkeep\n|\n|t:|1700331924\n|switch|p2a: Gallade|Gallade, M|64\/100\n|turn|13\n|\n|t:|1700331934\n|move|p1a: Blissey|Protect|p1a: Blissey\n|-singleturn|p1a: Blissey|Protect\n|move|p2a: Gallade|Psycho Cut|p1a: Blissey\n|-activate|p1a: Blissey|move: Protect\n|\n|upkeep\n|turn|14\n|\n|t:|1700331943\n|-curestatus|p1a: Blissey|par|[from] ability: Natural Cure\n|switch|p1a: Sinistcha|Sinistcha-Masterpiece|100\/100\n|move|p2a: Gallade|Psycho Cut|p1a: Sinistcha\n|-damage|p1a: Sinistcha|44\/100\n|\n|upkeep\n|turn|15\n|inactive|jimola has 120 seconds left.\n|\n|t:|1700331977\n|switch|p2a: Ribombee|Ribombee, M|78\/100\n|-terastallize|p1a: Sinistcha|Steel\n|move|p1a: Sinistcha|Shadow Ball|p2a: Ribombee\n|-damage|p2a: Ribombee|19\/100\n|\n|upkeep\n|turn|16\n|inactive|jimola has 120 seconds left.\n|\n|t:|1700331995\n|switch|p1a: Alomomola|Alomomola, F, shiny|100\/100\n|move|p2a: Ribombee|Sticky Web|p1a: Alomomola\n|-sidestart|p1: little man skwovet|move: Sticky Web\n|\n|upkeep\n|turn|17\n|\n|t:|1700331998\n|move|p2a: Ribombee|Moonblast|p1a: Alomomola\n|-damage|p1a: Alomomola|65\/100\n|move|p1a: Alomomola|Wish|p1a: Alomomola\n|\n|upkeep\n|turn|18\n|\n|t:|1700332002\n|move|p2a: Ribombee|Moonblast|p1a: Alomomola\n|-damage|p1a: Alomomola|28\/100\n|move|p1a: Alomomola|Flip Turn|p2a: Ribombee\n|-damage|p2a: Ribombee|0 fnt\n|faint|p2a: Ribombee\n|\n|t:|1700332005\n|switch|p1a: Sinistcha|Sinistcha-Masterpiece, tera:Steel|44\/100|[from] Flip Turn\n|\n|-heal|p1a: Sinistcha|100\/100|[from] move: Wish|[wisher] Alomomola\n|upkeep\n|\n|t:|1700332011\n|switch|p2a: Gallade|Gallade, M|64\/100\n|turn|19\n|\n|t:|1700332018\n|switch|p1a: Clodsire|Clodsire, M|100\/100\n|-sideend|p1: little man skwovet|move: Toxic Spikes|[of] p1a: Clodsire\n|-terastallize|p2a: Gallade|Fighting\n|move|p2a: Gallade|Sacred Sword|p1a: Clodsire\n|-resisted|p1a: Clodsire\n|-damage|p1a: Clodsire|29\/100\n|\n|upkeep\n|turn|20\n|\n|t:|1700332027\n|switch|p1a: Blissey|Blissey, F, shiny|67\/100\n|move|p2a: Gallade|Sacred Sword|p1a: Blissey\n|-supereffective|p1a: Blissey\n|-damage|p1a: Blissey|0 fnt\n|faint|p1a: Blissey\n|\n|upkeep\n|\n|t:|1700332030\n|switch|p1a: Dondozo|Dondozo, M|100\/100\n|turn|21\n|\n|t:|1700332044\n|switch|p2a: Torterra|Torterra, M|100\/100\n|move|p1a: Dondozo|Body Press|p2a: Torterra\n|-crit|p2a: Torterra\n|-damage|p2a: Torterra|57\/100\n|\n|upkeep\n|turn|22\n|\n|t:|1700332051\n|move|p2a: Torterra|Wood Hammer|p1a: Dondozo\n|-supereffective|p1a: Dondozo\n|-damage|p1a: Dondozo|48\/100\n|-damage|p2a: Torterra|30\/100|[from] Recoil\n|move|p1a: Dondozo|Avalanche|p2a: Torterra\n|-supereffective|p2a: Torterra\n|-damage|p2a: Torterra|0 fnt\n|faint|p2a: Torterra\n|\n|upkeep\n|\n|t:|1700332057\n|switch|p2a: Gallade|Gallade, M, tera:Fighting|64\/100\n|turn|23\n|\n|t:|1700332059\n|move|p2a: Gallade|Sacred Sword|p1a: Dondozo\n|-damage|p1a: Dondozo|0 fnt\n|faint|p1a: Dondozo\n|\n|upkeep\n|\n|t:|1700332064\n|switch|p1a: Alomomola|Alomomola, F, shiny|61\/100\n|turn|24\n|\n|t:|1700332068\n|switch|p1a: Clodsire|Clodsire, M|29\/100\n|move|p2a: Gallade|Sacred Sword|p1a: Clodsire\n|-resisted|p1a: Clodsire\n|-damage|p1a: Clodsire|0 fnt\n|faint|p1a: Clodsire\n|\n|upkeep\n|\n|t:|1700332070\n|switch|p1a: Alomomola|Alomomola, F, shiny|94\/100\n|turn|25\n|\n|t:|1700332078\n|switch|p2a: Walking Wake|Walking Wake|100\/100\n|move|p1a: Alomomola|Scald|p2a: Walking Wake\n|-resisted|p2a: Walking Wake\n|-damage|p2a: Walking Wake|97\/100\n|\n|upkeep\n|turn|26\n|\n|t:|1700332082\n|move|p2a: Walking Wake|Draco Meteor|p1a: Alomomola\n|-damage|p1a: Alomomola|9\/100\n|-unboost|p2a: Walking Wake|spa|2\n|move|p1a: Alomomola|Flip Turn|p2a: Walking Wake\n|-resisted|p2a: Walking Wake\n|-damage|p2a: Walking Wake|93\/100\n|\n|t:|1700332085\n|switch|p1a: Sinistcha|Sinistcha-Masterpiece, tera:Steel|100\/100|[from] Flip Turn\n|\n|upkeep\n|turn|27\n|\n|t:|1700332089\n|-end|p2a: Walking Wake|Protosynthesis|[silent]\n|switch|p2a: Gholdengo|Gholdengo|65\/100\n|move|p1a: Sinistcha|Matcha Gotcha|p2a: Gholdengo\n|-resisted|p2a: Gholdengo\n|-damage|p2a: Gholdengo|47\/100\n|\n|upkeep\n|turn|28\n|\n|t:|1700332093\n|move|p2a: Gholdengo|Shadow Ball|p1a: Sinistcha\n|-damage|p1a: Sinistcha|45\/100\n|move|p1a: Sinistcha|Shadow Ball|p2a: Gholdengo\n|-supereffective|p2a: Gholdengo\n|-damage|p2a: Gholdengo|0 fnt\n|faint|p2a: Gholdengo\n|\n|upkeep\n|\n|t:|1700332095\n|switch|p2a: Gallade|Gallade, M, tera:Fighting|64\/100\n|turn|29\n|-message|little man skwovet forfeited.\n|\n|win|jimola\n|raw|little man skwovet's rating: 1705 &rarr; <strong>1682<\/strong><br \/>(-23 for losing)\n|raw|jimola's rating: 1649 &rarr; <strong>1672<\/strong><br \/>(+23 for winning)\n|l|\u2606little man skwovet\n","uploadtime":1700332159,"views":47,"p1id":"littlemanskwovet","p2id":"jimola","formatid":"gen9ou","rating":1672,"private":0,"password":""}