{"id":"gen9ou-1993606627","p1":"carlity","p2":"TheOcusP","format":"[Gen 9] OU","log":"|j|\u2606carlity\n|j|\u2606TheOcusP\n|t:|1700336819\n|gametype|singles\n|player|p1|carlity|lady-gen4|1295\n|player|p2|TheOcusP|101|1180\n|teamsize|p1|6\n|teamsize|p2|6\n|gen|9\n|tier|[Gen 9] OU\n|rated|\n|rule|Sleep Clause Mod: Limit one foe put to sleep\n|rule|Species Clause: Limit one of each Pok\u00e9mon\n|rule|OHKO Clause: OHKO moves are banned\n|rule|Evasion Items Clause: Evasion items are banned\n|rule|Evasion Moves Clause: Evasion moves are banned\n|rule|Endless Battle Clause: Forcing endless battles is banned\n|rule|HP Percentage Mod: HP is shown in percentages\n|clearpoke\n|poke|p1|Manaphy|\n|poke|p1|Zamazenta-*|\n|poke|p1|Rillaboom, F|\n|poke|p1|Ogerpon-Wellspring, F|\n|poke|p1|Heatran, M|\n|poke|p1|Sneasler, M|\n|poke|p2|Gholdengo|\n|poke|p2|Kleavor, M|\n|poke|p2|Samurott-Hisui, M|\n|poke|p2|Kingambit, F|\n|poke|p2|Glimmora, F|\n|poke|p2|Sneasler, M|\n|teampreview\n|\n|t:|1700336824\n|start\n|switch|p1a: Rillaboom|Rillaboom, F|100\/100\n|switch|p2a: Sneasler|Sneasler, M|100\/100\n|-fieldstart|move: Grassy Terrain|[from] ability: Grassy Surge|[of] p1a: Rillaboom\n|turn|1\n|\n|t:|1700336837\n|switch|p1a: Manaphy|Manaphy|100\/100\n|move|p2a: Sneasler|Swords Dance|p2a: Sneasler\n|-boost|p2a: Sneasler|atk|2\n|\n|upkeep\n|turn|2\n|\n|t:|1700336842\n|move|p2a: Sneasler|Dire Claw|p1a: Manaphy\n|-damage|p1a: Manaphy|43\/100\n|move|p1a: Manaphy|Acid Armor|p1a: Manaphy\n|-boost|p1a: Manaphy|def|2\n|\n|-heal|p1a: Manaphy|49\/100|[from] Grassy Terrain\n|-heal|p1a: Manaphy|55\/100|[from] item: Leftovers\n|upkeep\n|turn|3\n|\n|t:|1700336851\n|move|p2a: Sneasler|Dire Claw|p1a: Manaphy\n|-damage|p1a: Manaphy|27\/100\n|move|p1a: Manaphy|Stored Power|p2a: Sneasler\n|-supereffective|p2a: Sneasler\n|-damage|p2a: Sneasler|30\/100\n|\n|-heal|p2a: Sneasler|36\/100|[from] Grassy Terrain\n|-heal|p2a: Sneasler|42\/100|[from] item: Leftovers\n|-heal|p1a: Manaphy|33\/100|[from] Grassy Terrain\n|-heal|p1a: Manaphy|40\/100|[from] item: Leftovers\n|upkeep\n|turn|4\n|\n|t:|1700336863\n|move|p2a: Sneasler|Dire Claw|p1a: Manaphy\n|-damage|p1a: Manaphy|14\/100\n|-status|p1a: Manaphy|psn|[from] ability: Poison Touch|[of] p2a: Sneasler\n|move|p1a: Manaphy|Acid Armor|p1a: Manaphy\n|-boost|p1a: Manaphy|def|2\n|\n|-heal|p2a: Sneasler|48\/100|[from] Grassy Terrain\n|-heal|p2a: Sneasler|54\/100|[from] item: Leftovers\n|-heal|p1a: Manaphy|20\/100 psn|[from] Grassy Terrain\n|-heal|p1a: Manaphy|26\/100 psn|[from] item: Leftovers\n|-damage|p1a: Manaphy|14\/100 psn|[from] psn\n|upkeep\n|turn|5\n|\n|t:|1700336873\n|move|p2a: Sneasler|Dire Claw|p1a: Manaphy\n|-damage|p1a: Manaphy|0 fnt\n|faint|p1a: Manaphy\n|\n|-heal|p2a: Sneasler|60\/100|[from] Grassy Terrain\n|-heal|p2a: Sneasler|66\/100|[from] item: Leftovers\n|-fieldend|move: Grassy Terrain\n|upkeep\n|\n|t:|1700336889\n|switch|p1a: Zamazenta|Zamazenta|100\/100\n|-ability|p1a: Zamazenta|Dauntless Shield|boost\n|-boost|p1a: Zamazenta|def|1\n|turn|6\n|\n|t:|1700336915\n|move|p1a: Zamazenta|Iron Defense|p1a: Zamazenta\n|-boost|p1a: Zamazenta|def|2\n|move|p2a: Sneasler|Dire Claw|p1a: Zamazenta\n|-damage|p1a: Zamazenta|74\/100\n|-status|p1a: Zamazenta|psn|[from] ability: Poison Touch|[of] p2a: Sneasler\n|\n|-heal|p1a: Zamazenta|80\/100 psn|[from] item: Leftovers\n|-heal|p2a: Sneasler|72\/100|[from] item: Leftovers\n|-damage|p1a: Zamazenta|68\/100 psn|[from] psn\n|upkeep\n|turn|7\n|\n|t:|1700336928\n|move|p1a: Zamazenta|Body Press|p2a: Sneasler\n|-resisted|p2a: Sneasler\n|-damage|p2a: Sneasler|0 fnt\n|faint|p2a: Sneasler\n|\n|-heal|p1a: Zamazenta|74\/100 psn|[from] item: Leftovers\n|-damage|p1a: Zamazenta|62\/100 psn|[from] psn\n|upkeep\n|\n|t:|1700336936\n|switch|p2a: Glimmora|Glimmora, F|100\/100\n|turn|8\n|\n|t:|1700336944\n|move|p2a: Glimmora|Earth Power|p1a: Zamazenta\n|-damage|p1a: Zamazenta|35\/100 psn\n|move|p1a: Zamazenta|Body Press|p2a: Glimmora\n|-damage|p2a: Glimmora|6\/100\n|-activate|p2a: Glimmora|ability: Toxic Debris\n|-sidestart|p1: carlity|move: Toxic Spikes\n|\n|-heal|p1a: Zamazenta|41\/100 psn|[from] item: Leftovers\n|-damage|p1a: Zamazenta|29\/100 psn|[from] psn\n|upkeep\n|turn|9\n|\n|t:|1700336961\n|move|p2a: Glimmora|Earth Power|p1a: Zamazenta\n|-damage|p1a: Zamazenta|3\/100 psn\n|move|p1a: Zamazenta|Body Press|p2a: Glimmora\n|-damage|p2a: Glimmora|0 fnt\n|-activate|p2a: Glimmora|ability: Toxic Debris\n|-sidestart|p1: carlity|move: Toxic Spikes\n|faint|p2a: Glimmora\n|\n|-heal|p1a: Zamazenta|9\/100 psn|[from] item: Leftovers\n|-damage|p1a: Zamazenta|0 fnt|[from] psn\n|faint|p1a: Zamazenta\n|upkeep\n|\n|t:|1700336976\n|switch|p1a: Rillaboom|Rillaboom, F|100\/100\n|switch|p2a: Kleavor|Kleavor, M|100\/100\n|-status|p1a: Rillaboom|tox\n|-fieldstart|move: Grassy Terrain|[from] ability: Grassy Surge|[of] p1a: Rillaboom\n|turn|10\n|\n|t:|1700336989\n|switch|p1a: Sneasler|Sneasler, M|100\/100\n|-sideend|p1: carlity|move: Toxic Spikes|[of] p1a: Sneasler\n|-enditem|p1a: Sneasler|Grassy Seed\n|-boost|p1a: Sneasler|def|1|[from] item: Grassy Seed\n|move|p2a: Kleavor|X-Scissor|p1a: Sneasler\n|-resisted|p1a: Sneasler\n|-damage|p1a: Sneasler|82\/100\n|\n|-heal|p1a: Sneasler|88\/100|[from] Grassy Terrain\n|upkeep\n|turn|11\n|\n|t:|1700336998\n|move|p1a: Sneasler|Swords Dance|p1a: Sneasler\n|-boost|p1a: Sneasler|atk|2\n|move|p2a: Kleavor|Stone Axe|p1a: Sneasler\n|-resisted|p1a: Sneasler\n|-damage|p1a: Sneasler|57\/100\n|-sidestart|p1: carlity|move: Stealth Rock\n|\n|-heal|p1a: Sneasler|63\/100|[from] Grassy Terrain\n|upkeep\n|turn|12\n|\n|t:|1700337006\n|move|p1a: Sneasler|Close Combat|p2a: Kleavor\n|-enditem|p2a: Kleavor|Focus Sash\n|-damage|p2a: Kleavor|1\/100\n|-unboost|p1a: Sneasler|def|1\n|-unboost|p1a: Sneasler|spd|1\n|move|p2a: Kleavor|Close Combat|p1a: Sneasler\n|-resisted|p1a: Sneasler\n|-damage|p1a: Sneasler|26\/100\n|-unboost|p2a: Kleavor|def|1\n|-unboost|p2a: Kleavor|spd|1\n|\n|-heal|p1a: Sneasler|32\/100|[from] Grassy Terrain\n|-heal|p2a: Kleavor|7\/100|[from] Grassy Terrain\n|upkeep\n|turn|13\n|\n|t:|1700337017\n|move|p2a: Kleavor|Quick Attack|p1a: Sneasler\n|-damage|p1a: Sneasler|7\/100\n|move|p1a: Sneasler|Dire Claw|p2a: Kleavor\n|-resisted|p2a: Kleavor\n|-damage|p2a: Kleavor|0 fnt\n|faint|p2a: Kleavor\n|\n|-heal|p1a: Sneasler|13\/100|[from] Grassy Terrain\n|upkeep\n|\n|t:|1700337024\n|switch|p2a: Gholdengo|Gholdengo|100\/100\n|-item|p2a: Gholdengo|Air Balloon\n|turn|14\n|\n|t:|1700337028\n|move|p1a: Sneasler|Shadow Claw|p2a: Gholdengo\n|-supereffective|p2a: Gholdengo\n|-crit|p2a: Gholdengo\n|-damage|p2a: Gholdengo|0 fnt\n|-enditem|p2a: Gholdengo|Air Balloon\n|faint|p2a: Gholdengo\n|\n|-heal|p1a: Sneasler|19\/100|[from] Grassy Terrain\n|-fieldend|move: Grassy Terrain\n|upkeep\n|\n|t:|1700337031\n|switch|p2a: Samurott|Samurott-Hisui, M|100\/100\n|turn|15\n|\n|t:|1700337034\n|move|p1a: Sneasler|Close Combat|p2a: Samurott\n|-supereffective|p2a: Samurott\n|-damage|p2a: Samurott|0 fnt\n|-unboost|p1a: Sneasler|def|1\n|-unboost|p1a: Sneasler|spd|1\n|faint|p2a: Samurott\n|\n|upkeep\n|\n|t:|1700337037\n|switch|p2a: Kingambit|Kingambit, F|100\/100\n|-activate|p2a: Kingambit|ability: Supreme Overlord\n|-start|p2a: Kingambit|fallen5|[silent]\n|turn|16\n|\n|t:|1700337044\n|-terastallize|p2a: Kingambit|Flying\n|move|p1a: Sneasler|Close Combat|p2a: Kingambit\n|-resisted|p2a: Kingambit\n|-damage|p2a: Kingambit|45\/100\n|-unboost|p1a: Sneasler|def|1\n|-unboost|p1a: Sneasler|spd|1\n|move|p2a: Kingambit|Swords Dance|p2a: Kingambit\n|-boost|p2a: Kingambit|atk|2\n|\n|-heal|p2a: Kingambit|51\/100|[from] item: Leftovers\n|upkeep\n|turn|17\n|\n|t:|1700337052\n|move|p2a: Kingambit|Sucker Punch||[still]\n|-fail|p2a: Kingambit\n|move|p1a: Sneasler|Swords Dance|p1a: Sneasler\n|-boost|p1a: Sneasler|atk|2\n|\n|-heal|p2a: Kingambit|57\/100|[from] item: Leftovers\n|upkeep\n|turn|18\n|\n|t:|1700337055\n|move|p1a: Sneasler|Swords Dance|p1a: Sneasler\n|-boost|p1a: Sneasler|atk|2\n|move|p2a: Kingambit|Kowtow Cleave|p1a: Sneasler\n|-resisted|p1a: Sneasler\n|-damage|p1a: Sneasler|0 fnt\n|faint|p1a: Sneasler\n|\n|-heal|p2a: Kingambit|63\/100|[from] item: Leftovers\n|upkeep\n|\n|t:|1700337073\n|switch|p1a: Rillaboom|Rillaboom, F|100\/100 tox\n|-damage|p1a: Rillaboom|88\/100 tox|[from] Stealth Rock\n|-fieldstart|move: Grassy Terrain|[from] ability: Grassy Surge|[of] p1a: Rillaboom\n|turn|19\n|\n|t:|1700337079\n|move|p1a: Rillaboom|Knock Off|p2a: Kingambit\n|-damage|p2a: Kingambit|22\/100\n|-enditem|p2a: Kingambit|Leftovers|[from] move: Knock Off|[of] p1a: Rillaboom\n|move|p2a: Kingambit|Kowtow Cleave|p1a: Rillaboom\n|-damage|p1a: Rillaboom|0 fnt\n|faint|p1a: Rillaboom\n|\n|upkeep\n|\n|t:|1700337095\n|switch|p1a: Heatran|Heatran, M|100\/100\n|-damage|p1a: Heatran|88\/100|[from] Stealth Rock\n|turn|20\n|\n|t:|1700337099\n|move|p1a: Heatran|Magma Storm|p2a: Kingambit\n|-crit|p2a: Kingambit\n|-damage|p2a: Kingambit|0 fnt\n|faint|p2a: Kingambit\n|-end|p2a: Kingambit|fallen5|[silent]\n|\n|win|carlity\n|raw|carlity's rating: 1295 &rarr; <strong>1312<\/strong><br \/>(+17 for winning)\n|raw|TheOcusP's rating: 1180 &rarr; <strong>1163<\/strong><br \/>(-17 for losing)\n|l|\u2606TheOcusP\n","uploadtime":1700337103,"views":8,"p1id":"carlity","p2id":"theocusp","formatid":"gen9ou","rating":1163,"private":0,"password":""}