{"id":"gen9ou-1997263421","p1":"LordyLordMan","p2":"Jojoash1","format":"[Gen 9] OU","log":"|j|\u2606LordyLordMan\n|j|\u2606Jojoash1\n|t:|1700781987\n|gametype|singles\n|player|p1|LordyLordMan|rocketgrunt|1611\n|player|p2|Jojoash1|2|1647\n|teamsize|p1|6\n|teamsize|p2|6\n|gen|9\n|tier|[Gen 9] OU\n|rated|\n|rule|Sleep Clause Mod: Limit one foe put to sleep\n|rule|Species Clause: Limit one of each Pok\u00e9mon\n|rule|OHKO Clause: OHKO moves are banned\n|rule|Evasion Items Clause: Evasion items are banned\n|rule|Evasion Moves Clause: Evasion moves are banned\n|rule|Endless Battle Clause: Forcing endless battles is banned\n|rule|HP Percentage Mod: HP is shown in percentages\n|clearpoke\n|poke|p1|Ribombee, F|\n|poke|p1|Hydreigon, F|\n|poke|p1|Gholdengo|\n|poke|p1|Thundurus-Therian, M|\n|poke|p1|Samurott-Hisui, F|\n|poke|p1|Great Tusk|\n|poke|p2|Toxapex, M|\n|poke|p2|Skeledirge, F|\n|poke|p2|Clefable, M|\n|poke|p2|Alomomola, F|\n|poke|p2|Blissey, F|\n|poke|p2|Great Tusk|\n|teampreview\n|inactive|Battle timer is ON: inactive players will automatically lose when time's up. (requested by LordyLordMan)\n|c|\u2606Jojoash1|Ew wth\n|inactive|Jojoash1 has 120 seconds left.\n|c|\u2606Jojoash1|If hydreigon was replaced wit like\n|c|\u2606Jojoash1|Glimmora this would\u2019ve been the most goofy team I\u2019ve ever seen\n|c|\u2606LordyLordMan|that's a lot coming from stall\n|\n|t:|1700782047\n|start\n|switch|p1a: Samurott|Samurott-Hisui, F|100\/100\n|switch|p2a: Toxapex|Toxapex, M|100\/100\n|turn|1\n|\n|t:|1700782051\n|move|p1a: Samurott|Ceaseless Edge|p2a: Toxapex\n|-damage|p2a: Toxapex|69\/100\n|-sidestart|p2: Jojoash1|Spikes\n|move|p2a: Toxapex|Toxic|p1a: Samurott\n|-status|p1a: Samurott|tox\n|\n|-damage|p1a: Samurott|94\/100 tox|[from] psn\n|upkeep\n|turn|2\n|c|\u2606Jojoash1|My stall team isn\u2019t that goofy tho\n|\n|t:|1700782060\n|move|p1a: Samurott|Ceaseless Edge|p2a: Toxapex\n|-damage|p2a: Toxapex|42\/100\n|-sidestart|p2: Jojoash1|Spikes\n|move|p2a: Toxapex|Infestation|p1a: Samurott\n|-supereffective|p1a: Samurott\n|-damage|p1a: Samurott|89\/100 tox\n|-activate|p1a: Samurott|move: Infestation|[of] p2a: Toxapex\n|\n|-damage|p1a: Samurott|77\/100 tox|[from] psn\n|-damage|p1a: Samurott|65\/100 tox|[from] move: Infestation|[partiallytrapped]\n|upkeep\n|turn|3\n|\n|t:|1700782062\n|move|p1a: Samurott|Ceaseless Edge|p2a: Toxapex\n|-damage|p2a: Toxapex|10\/100\n|-sidestart|p2: Jojoash1|Spikes\n|move|p2a: Toxapex|Recover|p2a: Toxapex\n|-heal|p2a: Toxapex|60\/100\n|\n|-damage|p1a: Samurott|46\/100 tox|[from] psn\n|-damage|p1a: Samurott|34\/100 tox|[from] move: Infestation|[partiallytrapped]\n|upkeep\n|turn|4\n|\n|t:|1700782067\n|move|p1a: Samurott|Ceaseless Edge|p2a: Toxapex\n|-damage|p2a: Toxapex|33\/100\n|move|p2a: Toxapex|Recover|p2a: Toxapex\n|-heal|p2a: Toxapex|83\/100\n|\n|-damage|p1a: Samurott|9\/100 tox|[from] psn\n|-damage|p1a: Samurott|0 fnt|[from] move: Infestation|[partiallytrapped]\n|faint|p1a: Samurott\n|upkeep\n|\n|t:|1700782070\n|switch|p1a: Thundurus|Thundurus-Therian, M|100\/100\n|turn|5\n|\n|t:|1700782078\n|switch|p2a: Blissey|Blissey, F|100\/100\n|move|p1a: Thundurus|Grass Knot|p2a: Blissey\n|-damage|p2a: Blissey|91\/100\n|\n|upkeep\n|turn|6\n|inactive|Jojoash1 has 120 seconds left.\n|\n|t:|1700782117\n|switch|p1a: Great Tusk|Great Tusk|100\/100\n|move|p2a: Blissey|Stealth Rock|p1a: Great Tusk\n|-sidestart|p1: LordyLordMan|move: Stealth Rock\n|\n|upkeep\n|turn|7\n|inactive|Jojoash1 has 120 seconds left.\n|\n|t:|1700782123\n|switch|p2a: Alomomola|Alomomola, F, shiny|100\/100\n|-damage|p2a: Alomomola|76\/100|[from] Spikes\n|move|p1a: Great Tusk|Earthquake|p2a: Alomomola\n|-crit|p2a: Alomomola\n|-damage|p2a: Alomomola|29\/100\n|\n|upkeep\n|turn|8\n|c|\u2606Jojoash1|Oh right\n|c|\u2606Jojoash1|your the goofy band tusk\n|\n|t:|1700782133\n|move|p2a: Alomomola|Protect|p2a: Alomomola\n|-singleturn|p2a: Alomomola|Protect\n|move|p1a: Great Tusk|Rapid Spin|p2a: Alomomola\n|-activate|p2a: Alomomola|move: Protect\n|\n|upkeep\n|turn|9\n|c|\u2606Jojoash1|Sadness\n|c|\u2606Jojoash1|Wait\n|c|\u2606Jojoash1|no wth is this\n|\n|t:|1700782142\n|switch|p2a: Skeledirge|Skeledirge, F|100\/100\n|move|p1a: Great Tusk|Rapid Spin|p2a: Skeledirge\n|-immune|p2a: Skeledirge\n|\n|upkeep\n|turn|10\n|c|\u2606LordyLordMan|bro forgot about the legos on the floor\n|\n|t:|1700782147\n|move|p1a: Great Tusk|Earthquake|p2a: Skeledirge\n|-supereffective|p2a: Skeledirge\n|-damage|p2a: Skeledirge|35\/100\n|move|p2a: Skeledirge|Will-O-Wisp|p1a: Great Tusk\n|-status|p1a: Great Tusk|brn\n|\n|-damage|p1a: Great Tusk|94\/100 brn|[from] brn\n|upkeep\n|turn|11\n|\n|t:|1700782155\n|switch|p2a: Clefable|Clefable, M|100\/100\n|-damage|p2a: Clefable|76\/100|[from] Spikes\n|move|p1a: Great Tusk|Earthquake|p2a: Clefable\n|-damage|p2a: Clefable|55\/100\n|\n|-heal|p1a: Great Tusk|100\/100 brn|[from] item: Leftovers\n|-heal|p2a: Clefable|61\/100|[from] item: Leftovers\n|-damage|p1a: Great Tusk|94\/100 brn|[from] brn\n|upkeep\n|turn|12\n|\n|t:|1700782165\n|-end|p1a: Great Tusk|Protosynthesis|[silent]\n|switch|p1a: Gholdengo|Gholdengo|100\/100\n|-damage|p1a: Gholdengo|94\/100|[from] Stealth Rock\n|move|p2a: Clefable|Wish|p2a: Clefable\n|\n|-heal|p2a: Clefable|67\/100|[from] item: Leftovers\n|upkeep\n|turn|13\n|\n|t:|1700782180\n|switch|p1a: Ribombee|Ribombee, F|100\/100\n|-damage|p1a: Ribombee|76\/100|[from] Stealth Rock\n|switch|p2a: Toxapex|Toxapex, M|100\/100\n|\n|upkeep\n|turn|14\n|\n|t:|1700782187\n|switch|p1a: Great Tusk|Great Tusk|94\/100 brn\n|-damage|p1a: Great Tusk|91\/100 brn|[from] Stealth Rock\n|move|p2a: Toxapex|Toxic||[still]\n|-fail|p2a: Toxapex\n|\n|-heal|p1a: Great Tusk|98\/100 brn|[from] item: Leftovers\n|-damage|p1a: Great Tusk|91\/100 brn|[from] brn\n|upkeep\n|turn|15\n|\n|t:|1700782196\n|switch|p2a: Alomomola|Alomomola, F, shiny|63\/100\n|-damage|p2a: Alomomola|38\/100|[from] Spikes\n|move|p1a: Great Tusk|Bulk Up|p1a: Great Tusk\n|-boost|p1a: Great Tusk|atk|1\n|-boost|p1a: Great Tusk|def|1\n|\n|-heal|p1a: Great Tusk|98\/100 brn|[from] item: Leftovers\n|-damage|p1a: Great Tusk|91\/100 brn|[from] brn\n|upkeep\n|turn|16\n|\n|t:|1700782201\n|move|p1a: Great Tusk|Bulk Up|p1a: Great Tusk\n|-boost|p1a: Great Tusk|atk|1\n|-boost|p1a: Great Tusk|def|1\n|move|p2a: Alomomola|Wish|p2a: Alomomola\n|\n|-heal|p1a: Great Tusk|98\/100 brn|[from] item: Leftovers\n|-damage|p1a: Great Tusk|91\/100 brn|[from] brn\n|upkeep\n|turn|17\n|\n|t:|1700782206\n|switch|p2a: Skeledirge|Skeledirge, F|35\/100\n|move|p1a: Great Tusk|Earthquake|p2a: Skeledirge\n|-supereffective|p2a: Skeledirge\n|-damage|p2a: Skeledirge|0 fnt\n|faint|p2a: Skeledirge\n|\n|-heal|p1a: Great Tusk|98\/100 brn|[from] item: Leftovers\n|-damage|p1a: Great Tusk|91\/100 brn|[from] brn\n|upkeep\n|\n|t:|1700782211\n|switch|p2a: Clefable|Clefable, M|67\/100\n|-damage|p2a: Clefable|42\/100|[from] Spikes\n|turn|18\n|\n|t:|1700782214\n|move|p1a: Great Tusk|Earthquake|p2a: Clefable\n|-damage|p2a: Clefable|19\/100\n|move|p2a: Clefable|Wish|p2a: Clefable\n|\n|-heal|p1a: Great Tusk|98\/100 brn|[from] item: Leftovers\n|-heal|p2a: Clefable|25\/100|[from] item: Leftovers\n|-damage|p1a: Great Tusk|91\/100 brn|[from] brn\n|upkeep\n|turn|19\n|\n|t:|1700782221\n|move|p1a: Great Tusk|Bulk Up|p1a: Great Tusk\n|-boost|p1a: Great Tusk|atk|1\n|-boost|p1a: Great Tusk|def|1\n|move|p2a: Clefable|Moonblast|p1a: Great Tusk\n|-supereffective|p1a: Great Tusk\n|-damage|p1a: Great Tusk|11\/100 brn\n|\n|-heal|p2a: Clefable|75\/100|[from] move: Wish|[wisher] Clefable\n|-heal|p1a: Great Tusk|17\/100 brn|[from] item: Leftovers\n|-heal|p2a: Clefable|81\/100|[from] item: Leftovers\n|-damage|p1a: Great Tusk|11\/100 brn|[from] brn\n|upkeep\n|turn|20\n|\n|t:|1700782228\n|move|p1a: Great Tusk|Earthquake|p2a: Clefable\n|-damage|p2a: Clefable|61\/100\n|move|p2a: Clefable|Calm Mind|p2a: Clefable\n|-boost|p2a: Clefable|spa|1\n|-boost|p2a: Clefable|spd|1\n|\n|-heal|p1a: Great Tusk|17\/100 brn|[from] item: Leftovers\n|-heal|p2a: Clefable|67\/100|[from] item: Leftovers\n|-damage|p1a: Great Tusk|11\/100 brn|[from] brn\n|upkeep\n|turn|21\n|\n|t:|1700782230\n|move|p1a: Great Tusk|Earthquake|p2a: Clefable\n|-damage|p2a: Clefable|45\/100\n|move|p2a: Clefable|Calm Mind|p2a: Clefable\n|-boost|p2a: Clefable|spa|1\n|-boost|p2a: Clefable|spd|1\n|\n|-heal|p1a: Great Tusk|17\/100 brn|[from] item: Leftovers\n|-heal|p2a: Clefable|51\/100|[from] item: Leftovers\n|-damage|p1a: Great Tusk|11\/100 brn|[from] brn\n|upkeep\n|turn|22\n|\n|t:|1700782233\n|move|p1a: Great Tusk|Earthquake|p2a: Clefable\n|-damage|p2a: Clefable|29\/100\n|move|p2a: Clefable|Wish|p2a: Clefable\n|\n|-heal|p1a: Great Tusk|17\/100 brn|[from] item: Leftovers\n|-heal|p2a: Clefable|35\/100|[from] item: Leftovers\n|-damage|p1a: Great Tusk|11\/100 brn|[from] brn\n|upkeep\n|turn|23\n|\n|t:|1700782235\n|move|p2a: Clefable|Protect|p2a: Clefable\n|-singleturn|p2a: Clefable|Protect\n|move|p1a: Great Tusk|Earthquake|p2a: Clefable\n|-activate|p2a: Clefable|move: Protect\n|\n|-heal|p2a: Clefable|85\/100|[from] move: Wish|[wisher] Clefable\n|-heal|p1a: Great Tusk|17\/100 brn|[from] item: Leftovers\n|-heal|p2a: Clefable|91\/100|[from] item: Leftovers\n|-damage|p1a: Great Tusk|11\/100 brn|[from] brn\n|upkeep\n|turn|24\n|\n|t:|1700782237\n|move|p1a: Great Tusk|Earthquake|p2a: Clefable\n|-damage|p2a: Clefable|69\/100\n|move|p2a: Clefable|Calm Mind|p2a: Clefable\n|-boost|p2a: Clefable|spa|1\n|-boost|p2a: Clefable|spd|1\n|\n|-heal|p1a: Great Tusk|17\/100 brn|[from] item: Leftovers\n|-heal|p2a: Clefable|75\/100|[from] item: Leftovers\n|-damage|p1a: Great Tusk|11\/100 brn|[from] brn\n|upkeep\n|turn|25\n|\n|t:|1700782240\n|-end|p1a: Great Tusk|Protosynthesis|[silent]\n|switch|p1a: Gholdengo|Gholdengo|94\/100\n|-damage|p1a: Gholdengo|88\/100|[from] Stealth Rock\n|move|p2a: Clefable|Calm Mind|p2a: Clefable\n|-boost|p2a: Clefable|spa|1\n|-boost|p2a: Clefable|spd|1\n|\n|-heal|p2a: Clefable|81\/100|[from] item: Leftovers\n|upkeep\n|turn|26\n|\n|t:|1700782243\n|-terastallize|p2a: Clefable|Dragon\n|move|p1a: Gholdengo|Make It Rain|p2a: Clefable\n|-damage|p2a: Clefable|50\/100\n|-unboost|p1a: Gholdengo|spa|1\n|move|p2a: Clefable|Moonblast|p1a: Gholdengo\n|-resisted|p1a: Gholdengo\n|-damage|p1a: Gholdengo|29\/100\n|\n|-heal|p2a: Clefable|56\/100|[from] item: Leftovers\n|upkeep\n|turn|27\n|\n|t:|1700782252\n|switch|p1a: Great Tusk|Great Tusk|11\/100 brn\n|-damage|p1a: Great Tusk|8\/100 brn|[from] Stealth Rock\n|move|p2a: Clefable|Wish|p2a: Clefable\n|\n|-heal|p1a: Great Tusk|14\/100 brn|[from] item: Leftovers\n|-heal|p2a: Clefable|62\/100|[from] item: Leftovers\n|-damage|p1a: Great Tusk|8\/100 brn|[from] brn\n|upkeep\n|turn|28\n|c|\u2606Jojoash1|Screw dengo\n|c|\u2606Jojoash1|I hate dengo\n|c|\u2606LordyLordMan|well I hate stall\n|c|\u2606LordyLordMan|life ain't dair\n|c|\u2606LordyLordMan|fair*\n|c|\u2606Jojoash1|It needs to be banned still\n|inactive|Jojoash1 has 120 seconds left.\n|\n|t:|1700782306\n|move|p2a: Clefable|Protect|p2a: Clefable\n|-singleturn|p2a: Clefable|Protect\n|move|p1a: Great Tusk|Rapid Spin|p2a: Clefable\n|-activate|p2a: Clefable|move: Protect\n|\n|-heal|p2a: Clefable|100\/100|[from] move: Wish|[wisher] Clefable\n|-heal|p1a: Great Tusk|14\/100 brn|[from] item: Leftovers\n|-damage|p1a: Great Tusk|8\/100 brn|[from] brn\n|upkeep\n|turn|29\n|inactive|Jojoash1 has 90 seconds left.\n|inactive|Jojoash1 has 60 seconds left.\n|c|\u2606Jojoash1|look who joined the match\n|c|\u2606Jojoash1|ez pz\n|c|\u2606Jojoash1|Ez pz Get this thing outta ou lemon squeeze\n|inactive|Jojoash1 has 30 seconds left.\n|\n|t:|1700782389\n|move|p1a: Great Tusk|Rapid Spin|p2a: Clefable\n|-damage|p2a: Clefable|94\/100\n|-boost|p1a: Great Tusk|spe|1\n|-sideend|p1: LordyLordMan|Stealth Rock|[from] move: Rapid Spin|[of] p1a: Great Tusk\n|move|p2a: Clefable|Moonblast|p1a: Great Tusk\n|-supereffective|p1a: Great Tusk\n|-damage|p1a: Great Tusk|0 fnt\n|faint|p1a: Great Tusk\n|-end|p1a: Great Tusk|Protosynthesis|[silent]\n|\n|-heal|p2a: Clefable|99\/100|[from] item: Leftovers\n|upkeep\n|c|\u2606Jojoash1|Idk how that accounts locked and this isn\u2019t but that\u2019s alr\n|\n|t:|1700782403\n|switch|p1a: Gholdengo|Gholdengo|29\/100\n|turn|30\n|\n|t:|1700782415\n|-terastallize|p1a: Gholdengo|Fairy\n|move|p1a: Gholdengo|Dazzling Gleam|p2a: Clefable\n|-supereffective|p2a: Clefable\n|-crit|p2a: Clefable\n|-damage|p2a: Clefable|0 fnt\n|faint|p2a: Clefable\n|\n|upkeep\n|c|\u2606Jojoash1|Ofc we let the ghood Crit\n|inactive|Jojoash1 has 30 seconds left.\n|\n|t:|1700782429\n|switch|p2a: Blissey|Blissey, F|91\/100\n|turn|31\n|c|\u2606Jojoash1|But that\u2019s Alr I still wij\n|inactive|Jojoash1 has 30 seconds left.\n|c|\u2606Jojoash1|Bro doesn\u2019t have anything to hit blissey lololol\n|\n|t:|1700782448\n|switch|p1a: Ribombee|Ribombee, F|76\/100\n|move|p2a: Blissey|Seismic Toss|p1a: Ribombee\n|-damage|p1a: Ribombee|45\/100\n|\n|upkeep\n|turn|32\n|\n|t:|1700782477\n|move|p1a: Ribombee|Switcheroo|p2a: Blissey\n|-activate|p1a: Ribombee|move: Trick|[of] p2a: Blissey\n|-item|p2a: Blissey|Focus Sash|[from] move: Switcheroo\n|-item|p1a: Ribombee|Heavy-Duty Boots|[from] move: Switcheroo\n|move|p2a: Blissey|Stealth Rock|p1a: Ribombee\n|-sidestart|p1: LordyLordMan|move: Stealth Rock\n|\n|upkeep\n|turn|33\n|\n|t:|1700782484\n|move|p1a: Ribombee|Moonblast|p2a: Blissey\n|-damage|p2a: Blissey|82\/100\n|-unboost|p2a: Blissey|spa|1\n|move|p2a: Blissey|Seismic Toss|p1a: Ribombee\n|-damage|p1a: Ribombee|14\/100\n|\n|upkeep\n|turn|34\n|\n|t:|1700782487\n|move|p1a: Ribombee|Stun Spore|p2a: Blissey\n|-status|p2a: Blissey|par\n|move|p2a: Blissey|Soft-Boiled|p2a: Blissey\n|-heal|p2a: Blissey|100\/100 par\n|\n|upkeep\n|turn|35\n|\n|t:|1700782490\n|move|p1a: Ribombee|Moonblast|p2a: Blissey\n|-damage|p2a: Blissey|92\/100 par\n|move|p2a: Blissey|Heal Bell|p2a: Blissey\n|-activate|p2a: Blissey|move: Heal Bell\n|-curestatus|p2a: Blissey|par|[msg]\n|\n|upkeep\n|turn|36\n|\n|t:|1700782493\n|move|p1a: Ribombee|Stun Spore|p2a: Blissey|[miss]\n|-miss|p1a: Ribombee|p2a: Blissey\n|move|p2a: Blissey|Seismic Toss|p1a: Ribombee\n|-damage|p1a: Ribombee|0 fnt\n|faint|p1a: Ribombee\n|\n|upkeep\n|c|\u2606Jojoash1|Ez pz\n|c|\u2606Jojoash1|lemon squeezy\n|\n|t:|1700782505\n|switch|p1a: Gholdengo|Gholdengo, tera:Fairy|29\/100\n|-damage|p1a: Gholdengo|17\/100|[from] Stealth Rock\n|turn|37\n|\n|t:|1700782511\n|move|p1a: Gholdengo|Make It Rain|p2a: Blissey\n|-damage|p2a: Blissey|65\/100\n|-unboost|p1a: Gholdengo|spa|1\n|move|p2a: Blissey|Seismic Toss|p1a: Gholdengo\n|-damage|p1a: Gholdengo|0 fnt\n|faint|p1a: Gholdengo\n|\n|upkeep\n|\n|t:|1700782513\n|switch|p1a: Hydreigon|Hydreigon, F|100\/100\n|-damage|p1a: Hydreigon|88\/100|[from] Stealth Rock\n|turn|38\n|c|\u2606Jojoash1|Ez pz\n|c|\u2606Jojoash1|lemon squeezy\n|\n|t:|1700782521\n|move|p1a: Hydreigon|Nasty Plot|p1a: Hydreigon\n|-boost|p1a: Hydreigon|spa|2\n|move|p2a: Blissey|Soft-Boiled|p2a: Blissey\n|-heal|p2a: Blissey|100\/100\n|\n|-heal|p1a: Hydreigon|94\/100|[from] item: Leftovers\n|upkeep\n|turn|39\n|\n|t:|1700782523\n|move|p1a: Hydreigon|Nasty Plot|p1a: Hydreigon\n|-boost|p1a: Hydreigon|spa|2\n|move|p2a: Blissey|Seismic Toss|p1a: Hydreigon\n|-damage|p1a: Hydreigon|64\/100\n|\n|-heal|p1a: Hydreigon|70\/100|[from] item: Leftovers\n|upkeep\n|turn|40\n|\n|t:|1700782525\n|move|p1a: Hydreigon|Dark Pulse|p2a: Blissey\n|-damage|p2a: Blissey|69\/100\n|move|p2a: Blissey|Seismic Toss|p1a: Hydreigon\n|-damage|p1a: Hydreigon|39\/100\n|\n|-heal|p1a: Hydreigon|45\/100|[from] item: Leftovers\n|upkeep\n|turn|41\n|\n|t:|1700782530\n|move|p1a: Hydreigon|Dark Pulse|p2a: Blissey\n|-damage|p2a: Blissey|37\/100\n|move|p2a: Blissey|Seismic Toss|p1a: Hydreigon\n|-damage|p1a: Hydreigon|14\/100\n|\n|-heal|p1a: Hydreigon|20\/100|[from] item: Leftovers\n|upkeep\n|turn|42\n|\n|t:|1700782535\n|move|p1a: Hydreigon|Draco Meteor|p2a: Blissey\n|-damage|p2a: Blissey|0 fnt\n|-unboost|p1a: Hydreigon|spa|2\n|faint|p2a: Blissey\n|\n|-heal|p1a: Hydreigon|27\/100|[from] item: Leftovers\n|upkeep\n|\n|t:|1700782539\n|switch|p2a: Toxapex|Toxapex, M|100\/100\n|turn|43\n|\n|t:|1700782548\n|move|p1a: Hydreigon|Dark Pulse|p2a: Toxapex\n|-damage|p2a: Toxapex|36\/100\n|move|p2a: Toxapex|Toxic|p1a: Hydreigon\n|-status|p1a: Hydreigon|tox\n|\n|-heal|p1a: Hydreigon|33\/100 tox|[from] item: Leftovers\n|-damage|p1a: Hydreigon|27\/100 tox|[from] psn\n|upkeep\n|turn|44\n|\n|t:|1700782558\n|switch|p2a: Alomomola|Alomomola, F, shiny|71\/100\n|-damage|p2a: Alomomola|46\/100|[from] Spikes\n|move|p1a: Hydreigon|Dark Pulse|p2a: Alomomola\n|-damage|p2a: Alomomola|0 fnt\n|faint|p2a: Alomomola\n|\n|-heal|p1a: Hydreigon|33\/100 tox|[from] item: Leftovers\n|-damage|p1a: Hydreigon|20\/100 tox|[from] psn\n|upkeep\n|\n|t:|1700782565\n|switch|p2a: Toxapex|Toxapex, M|69\/100\n|turn|45\n|\n|t:|1700782567\n|move|p1a: Hydreigon|Dark Pulse|p2a: Toxapex\n|-damage|p2a: Toxapex|0 fnt\n|faint|p2a: Toxapex\n|\n|-heal|p1a: Hydreigon|27\/100 tox|[from] item: Leftovers\n|-damage|p1a: Hydreigon|8\/100 tox|[from] psn\n|upkeep\n|\n|t:|1700782570\n|switch|p2a: Great Tusk|Great Tusk|100\/100\n|-damage|p2a: Great Tusk|76\/100|[from] Spikes\n|turn|46\n|\n|t:|1700782571\n|move|p1a: Hydreigon|Flash Cannon|p2a: Great Tusk\n|-damage|p2a: Great Tusk|6\/100\n|move|p2a: Great Tusk|Rapid Spin|p1a: Hydreigon\n|-damage|p1a: Hydreigon|0 fnt\n|-boost|p2a: Great Tusk|spe|1\n|-sideend|p2: Jojoash1|Spikes|[from] move: Rapid Spin|[of] p2a: Great Tusk\n|faint|p1a: Hydreigon\n|\n|-heal|p2a: Great Tusk|13\/100|[from] item: Leftovers\n|upkeep\n|\n|t:|1700782575\n|switch|p1a: Thundurus|Thundurus-Therian, M|100\/100\n|-damage|p1a: Thundurus|76\/100|[from] Stealth Rock\n|turn|47\n|\n|t:|1700782577\n|move|p1a: Thundurus|Grass Knot|p2a: Great Tusk\n|-supereffective|p2a: Great Tusk\n|-damage|p2a: Great Tusk|0 fnt\n|faint|p2a: Great Tusk\n|-end|p2a: Great Tusk|Protosynthesis|[silent]\n|\n|win|LordyLordMan\n|raw|LordyLordMan's rating: 1588 &rarr; <strong>1611<\/strong><br \/>(+23 for winning)\n|raw|Jojoash1's rating: 1647 &rarr; <strong>1624<\/strong><br \/>(-23 for losing)\n|c|\u2606LordyLordMan|what were you saying?\n","uploadtime":1700782586,"views":23,"p1id":"lordylordman","p2id":"jojoash1","formatid":"gen9ou","rating":1611,"private":0,"password":""}