{"id":"gen9ou-1988492809","p1":"AxelFactor_34","p2":"brucewi11s","format":"[Gen 9] OU","log":"|j|\u2606AxelFactor_34\n|j|\u2606brucewi11s\n|t:|1699728799\n|gametype|singles\n|player|p1|AxelFactor_34|petrel|1075\n|player|p2|brucewi11s|1|1104\n|teamsize|p1|6\n|teamsize|p2|6\n|gen|9\n|tier|[Gen 9] OU\n|rated|\n|rule|Sleep Clause Mod: Limit one foe put to sleep\n|rule|Species Clause: Limit one of each Pok\u00e9mon\n|rule|OHKO Clause: OHKO moves are banned\n|rule|Evasion Items Clause: Evasion items are banned\n|rule|Evasion Moves Clause: Evasion moves are banned\n|rule|Endless Battle Clause: Forcing endless battles is banned\n|rule|HP Percentage Mod: HP is shown in percentages\n|clearpoke\n|poke|p1|Sandy Shocks|\n|poke|p1|Gholdengo|\n|poke|p1|Rillaboom, M|\n|poke|p1|Sneasler, F|\n|poke|p1|Greninja-*, F|\n|poke|p1|Talonflame, M|\n|poke|p2|Zapdos|\n|poke|p2|Great Tusk|\n|poke|p2|Lokix, F|\n|poke|p2|Kingambit, F|\n|poke|p2|Dragapult, F|\n|poke|p2|Munkidori, M|\n|teampreview\n|inactive|Battle timer is ON: inactive players will automatically lose when time's up. (requested by brucewi11s)\n|\n|t:|1699728809\n|start\n|switch|p1a: Greninja|Greninja, F|100\/100\n|switch|p2a: Dragapult|Dragapult, F|100\/100\n|turn|1\n|\n|t:|1699728813\n|move|p2a: Dragapult|Draco Meteor|p1a: Greninja\n|-damage|p1a: Greninja|0 fnt\n|-unboost|p2a: Dragapult|spa|2\n|faint|p1a: Greninja\n|\n|upkeep\n|\n|t:|1699728821\n|switch|p1a: Rillaboom|Rillaboom, M|100\/100\n|-fieldstart|move: Grassy Terrain|[from] ability: Grassy Surge|[of] p1a: Rillaboom\n|turn|2\n|\n|t:|1699728827\n|switch|p2a: Zapdos|Zapdos|100\/100\n|-ability|p2a: Zapdos|Pressure\n|move|p1a: Rillaboom|U-turn|p2a: Zapdos\n|-resisted|p2a: Zapdos\n|-damage|p2a: Zapdos|77\/100\n|\n|t:|1699728834\n|switch|p1a: Sandy Shocks|Sandy Shocks, shiny|100\/100|[from] U-turn\n|-enditem|p1a: Sandy Shocks|Booster Energy\n|-activate|p1a: Sandy Shocks|ability: Protosynthesis|[fromitem]\n|-start|p1a: Sandy Shocks|protosynthesisspe\n|\n|upkeep\n|turn|3\n|\n|t:|1699728842\n|switch|p2a: Great Tusk|Great Tusk|100\/100\n|-terastallize|p1a: Sandy Shocks|Ice\n|move|p1a: Sandy Shocks|Tera Blast|p2a: Great Tusk|[anim] Tera Blast Ice\n|-supereffective|p2a: Great Tusk\n|-damage|p2a: Great Tusk|0 fnt\n|faint|p2a: Great Tusk\n|-end|p2a: Great Tusk|Protosynthesis|[silent]\n|\n|upkeep\n|\n|t:|1699728859\n|switch|p2a: Kingambit|Kingambit, F|100\/100\n|-activate|p2a: Kingambit|ability: Supreme Overlord\n|-start|p2a: Kingambit|fallen1|[silent]\n|turn|4\n|\n|t:|1699728863\n|move|p1a: Sandy Shocks|Earth Power|p2a: Kingambit\n|-supereffective|p2a: Kingambit\n|-damage|p2a: Kingambit|0 fnt\n|faint|p2a: Kingambit\n|-end|p2a: Kingambit|fallen1|[silent]\n|\n|upkeep\n|\n|t:|1699728879\n|switch|p2a: Munkidori|Munkidori, M|100\/100\n|turn|5\n|\n|t:|1699728885\n|-terastallize|p2a: Munkidori|Fighting\n|move|p1a: Sandy Shocks|Earth Power|p2a: Munkidori\n|-damage|p2a: Munkidori|51\/100\n|move|p2a: Munkidori|Focus Blast|p1a: Sandy Shocks\n|-supereffective|p1a: Sandy Shocks\n|-damage|p1a: Sandy Shocks|0 fnt\n|faint|p1a: Sandy Shocks\n|-end|p1a: Sandy Shocks|Protosynthesis|[silent]\n|\n|-heal|p2a: Munkidori|57\/100|[from] Grassy Terrain\n|upkeep\n|\n|t:|1699728889\n|switch|p1a: Talonflame|Talonflame, M|100\/100\n|turn|6\n|\n|t:|1699728894\n|switch|p2a: Zapdos|Zapdos|77\/100\n|-ability|p2a: Zapdos|Pressure\n|move|p1a: Talonflame|Dual Wingbeat|p2a: Zapdos\n|-resisted|p2a: Zapdos\n|-damage|p2a: Zapdos|66\/100\n|-resisted|p2a: Zapdos\n|-damage|p2a: Zapdos|56\/100\n|-hitcount|p2a: Zapdos|2\n|\n|-fieldend|move: Grassy Terrain\n|upkeep\n|turn|7\n|\n|t:|1699728900\n|switch|p1a: Rillaboom|Rillaboom, M|100\/100\n|-fieldstart|move: Grassy Terrain|[from] ability: Grassy Surge|[of] p1a: Rillaboom\n|move|p2a: Zapdos|Roost|p2a: Zapdos\n|-heal|p2a: Zapdos|100\/100\n|-singleturn|p2a: Zapdos|move: Roost\n|\n|upkeep\n|turn|8\n|\n|t:|1699728906\n|move|p2a: Zapdos|Heat Wave|p1a: Rillaboom\n|-supereffective|p1a: Rillaboom\n|-damage|p1a: Rillaboom|28\/100\n|move|p1a: Rillaboom|Wood Hammer|p2a: Zapdos\n|-resisted|p2a: Zapdos\n|-damage|p2a: Zapdos|18\/100\n|-damage|p1a: Rillaboom|6\/100|[from] Recoil\n|\n|-heal|p1a: Rillaboom|12\/100|[from] Grassy Terrain\n|upkeep\n|turn|9\n|\n|t:|1699728911\n|switch|p1a: Talonflame|Talonflame, M|100\/100\n|move|p2a: Zapdos|Roost|p2a: Zapdos\n|-heal|p2a: Zapdos|68\/100\n|-singleturn|p2a: Zapdos|move: Roost\n|\n|-heal|p2a: Zapdos|74\/100|[from] Grassy Terrain\n|upkeep\n|turn|10\n|\n|t:|1699728916\n|move|p2a: Zapdos|Volt Switch|p1a: Talonflame\n|-supereffective|p1a: Talonflame\n|-damage|p1a: Talonflame|10\/100\n|\n|t:|1699728921\n|switch|p2a: Dragapult|Dragapult, F|100\/100|[from] Volt Switch\n|move|p1a: Talonflame|Will-O-Wisp|p2a: Dragapult\n|-status|p2a: Dragapult|brn\n|\n|-damage|p2a: Dragapult|95\/100 brn|[from] brn\n|upkeep\n|turn|11\n|\n|t:|1699728926\n|move|p2a: Dragapult|Shadow Ball|p1a: Talonflame\n|-damage|p1a: Talonflame|0 fnt\n|faint|p1a: Talonflame\n|\n|-heal|p2a: Dragapult|100\/100 brn|[from] Grassy Terrain\n|-damage|p2a: Dragapult|95\/100 brn|[from] brn\n|-fieldend|move: Grassy Terrain\n|upkeep\n|\n|t:|1699728929\n|switch|p1a: Rillaboom|Rillaboom, M|12\/100\n|-fieldstart|move: Grassy Terrain|[from] ability: Grassy Surge|[of] p1a: Rillaboom\n|turn|12\n|-message|AxelFactor_34 forfeited.\n|\n|win|brucewi11s\n|raw|AxelFactor_34's rating: 1075 &rarr; <strong>1056<\/strong><br \/>(-19 for losing)\n|raw|brucewi11s's rating: 1104 &rarr; <strong>1127<\/strong><br \/>(+23 for winning)\n|l|\u2606AxelFactor_34\n","uploadtime":1699728939,"views":18,"p1id":"axelfactor34","p2id":"brucewi11s","formatid":"gen9ou","rating":1056,"private":0,"password":""}