{"id":"gen9ou-1991227524","p1":"Skaraptor2.1","p2":"Zyr0xExe","format":"[Gen 9] OU","log":"|j|\u2606Skaraptor2.1\n|j|\u2606Zyr0xExe\n|t:|1700059167\n|gametype|singles\n|player|p1|Skaraptor2.1|bodybuilderf-gen9|1252\n|player|p2|Zyr0xExe|ethan|1326\n|teamsize|p1|6\n|teamsize|p2|6\n|gen|9\n|tier|[Gen 9] OU\n|rated|\n|rule|Sleep Clause Mod: Limit one foe put to sleep\n|rule|Species Clause: Limit one of each Pok\u00e9mon\n|rule|OHKO Clause: OHKO moves are banned\n|rule|Evasion Items Clause: Evasion items are banned\n|rule|Evasion Moves Clause: Evasion moves are banned\n|rule|Endless Battle Clause: Forcing endless battles is banned\n|rule|HP Percentage Mod: HP is shown in percentages\n|clearpoke\n|poke|p1|Ribombee, M|\n|poke|p1|Ogerpon-Wellspring, F|\n|poke|p1|Great Tusk|\n|poke|p1|Zamazenta-*|\n|poke|p1|Iron Valiant|\n|poke|p1|Kingambit, F|\n|poke|p2|Garchomp, M|\n|poke|p2|Samurott-Hisui, M|\n|poke|p2|Sneasler, F|\n|poke|p2|Kingambit, F|\n|poke|p2|Great Tusk|\n|poke|p2|Ogerpon-Wellspring, F|\n|teampreview\n|inactive|Battle timer is ON: inactive players will automatically lose when time's up. (requested by Zyr0xExe)\n|inactive|Skaraptor2.1 also wants the timer to be on.\n|\n|t:|1700059178\n|start\n|switch|p1a: Transfem|Ogerpon-Wellspring, F|100\/100\n|switch|p2a: Samurott|Samurott-Hisui, M|100\/100\n|turn|1\n|\n|t:|1700059189\n|move|p1a: Transfem|Horn Leech|p2a: Samurott\n|-supereffective|p2a: Samurott\n|-enditem|p2a: Samurott|Focus Sash\n|-damage|p2a: Samurott|1\/100\n|move|p2a: Samurott|Ceaseless Edge|p1a: Transfem\n|-damage|p1a: Transfem|43\/100\n|-sidestart|p1: Skaraptor2.1|Spikes\n|\n|upkeep\n|turn|2\n|\n|t:|1700059199\n|move|p1a: Transfem|Horn Leech|p2a: Samurott\n|-supereffective|p2a: Samurott\n|-damage|p2a: Samurott|0 fnt\n|-heal|p1a: Transfem|43\/100|[from] drain|[of] p2a: Samurott\n|faint|p2a: Samurott\n|\n|upkeep\n|\n|t:|1700059208\n|switch|p2a: Sneasler|Sneasler, F|100\/100\n|turn|3\n|\n|t:|1700059219\n|move|p2a: Sneasler|Dire Claw|p1a: Transfem\n|-supereffective|p1a: Transfem\n|-damage|p1a: Transfem|0 fnt\n|faint|p1a: Transfem\n|\n|upkeep\n|\n|t:|1700059222\n|switch|p1a: Raging Queer|Great Tusk|100\/100\n|turn|4\n|\n|t:|1700059234\n|move|p2a: Sneasler|U-turn|p1a: Raging Queer\n|-resisted|p1a: Raging Queer\n|-damage|p1a: Raging Queer|93\/100\n|\n|t:|1700059243\n|switch|p2a: Ogerpon|Ogerpon-Wellspring, F|100\/100|[from] U-turn\n|move|p1a: Raging Queer|Rapid Spin|p2a: Ogerpon\n|-damage|p2a: Ogerpon|76\/100\n|-boost|p1a: Raging Queer|spe|1\n|-sideend|p1: Skaraptor2.1|Spikes|[from] move: Rapid Spin|[of] p1a: Raging Queer\n|\n|upkeep\n|turn|5\n|\n|t:|1700059250\n|move|p2a: Ogerpon|Trailblaze|p1a: Raging Queer\n|-supereffective|p1a: Raging Queer\n|-damage|p1a: Raging Queer|58\/100\n|-boost|p2a: Ogerpon|spe|1\n|move|p1a: Raging Queer|Bulk Up|p1a: Raging Queer\n|-boost|p1a: Raging Queer|atk|1\n|-boost|p1a: Raging Queer|def|1\n|\n|upkeep\n|turn|6\n|\n|t:|1700059258\n|move|p2a: Ogerpon|Ivy Cudgel|p1a: Raging Queer|[anim] Ivy Cudgel Water\n|-supereffective|p1a: Raging Queer\n|-damage|p1a: Raging Queer|4\/100\n|move|p1a: Raging Queer|Knock Off|p2a: Ogerpon\n|-damage|p2a: Ogerpon|27\/100\n|\n|upkeep\n|turn|7\n|\n|t:|1700059264\n|move|p2a: Ogerpon|Trailblaze|p1a: Raging Queer\n|-supereffective|p1a: Raging Queer\n|-damage|p1a: Raging Queer|0 fnt\n|-boost|p2a: Ogerpon|spe|1\n|faint|p1a: Raging Queer\n|-end|p1a: Raging Queer|Protosynthesis|[silent]\n|\n|upkeep\n|\n|t:|1700059267\n|switch|p1a: Twink|Ribombee, M|100\/100\n|turn|8\n|\n|t:|1700059277\n|move|p2a: Ogerpon|Ivy Cudgel|p1a: Twink|[anim] Ivy Cudgel Water\n|-damage|p1a: Twink|7\/100\n|move|p1a: Twink|Moonblast|p2a: Ogerpon\n|-damage|p2a: Ogerpon|0 fnt\n|faint|p2a: Ogerpon\n|\n|upkeep\n|\n|t:|1700059284\n|switch|p2a: Sneasler|Sneasler, F|100\/100\n|turn|9\n|\n|t:|1700059287\n|move|p2a: Sneasler|Fake Out|p1a: Twink\n|-damage|p1a: Twink|0 fnt\n|faint|p1a: Twink\n|\n|upkeep\n|\n|t:|1700059294\n|switch|p1a: Bigender|Iron Valiant|100\/100\n|-enditem|p1a: Bigender|Booster Energy\n|-activate|p1a: Bigender|ability: Quark Drive|[fromitem]\n|-start|p1a: Bigender|quarkdrivespe\n|turn|10\n|\n|t:|1700059308\n|move|p1a: Bigender|Destiny Bond|p1a: Bigender\n|-singlemove|p1a: Bigender|Destiny Bond\n|move|p2a: Sneasler|Dire Claw|p1a: Bigender\n|-supereffective|p1a: Bigender\n|-damage|p1a: Bigender|0 fnt\n|faint|p1a: Bigender\n|-activate|p1a: Bigender|move: Destiny Bond\n|-end|p1a: Bigender|Quark Drive|[silent]\n|faint|p2a: Sneasler\n|\n|upkeep\n|\n|t:|1700059317\n|switch|p2a: Garchomp|Garchomp, M|100\/100\n|switch|p1a: Defender of Trans|Zamazenta, shiny|100\/100\n|-ability|p1a: Defender of Trans|Dauntless Shield|boost\n|-boost|p1a: Defender of Trans|def|1\n|turn|11\n|\n|t:|1700059328\n|move|p1a: Defender of Trans|Iron Defense|p1a: Defender of Trans\n|-boost|p1a: Defender of Trans|def|2\n|move|p2a: Garchomp|Swords Dance|p2a: Garchomp\n|-boost|p2a: Garchomp|atk|2\n|\n|upkeep\n|turn|12\n|l|\u2606Skaraptor2.1\n|inactive|Skaraptor2.1 disconnected and has a minute to reconnect!\n|player|p1|\n|j|\u2606Skaraptor2.1\n|inactive|Skaraptor2.1 reconnected and has 135 seconds left.\n|player|p1|Skaraptor2.1|bodybuilderf-gen9\n|\n|t:|1700059346\n|move|p1a: Defender of Trans|Iron Defense|p1a: Defender of Trans\n|-boost|p1a: Defender of Trans|def|2\n|move|p2a: Garchomp|Earthquake|p1a: Defender of Trans\n|-damage|p1a: Defender of Trans|80\/100\n|\n|-heal|p1a: Defender of Trans|86\/100|[from] item: Leftovers\n|upkeep\n|turn|13\n|\n|t:|1700059357\n|move|p1a: Defender of Trans|Body Press|p2a: Garchomp\n|-damage|p2a: Garchomp|0 fnt\n|-damage|p1a: Defender of Trans|74\/100|[from] ability: Rough Skin|[of] p2a: Garchomp\n|faint|p2a: Garchomp\n|\n|-heal|p1a: Defender of Trans|80\/100|[from] item: Leftovers\n|upkeep\n|\n|t:|1700059360\n|switch|p2a: Great Tusk|Great Tusk|100\/100\n|turn|14\n|\n|t:|1700059367\n|move|p1a: Defender of Trans|Body Press|p2a: Great Tusk\n|-damage|p2a: Great Tusk|3\/100\n|move|p2a: Great Tusk|Headlong Rush|p1a: Defender of Trans\n|-damage|p1a: Defender of Trans|68\/100\n|-unboost|p2a: Great Tusk|def|1\n|-unboost|p2a: Great Tusk|spd|1\n|\n|-heal|p1a: Defender of Trans|74\/100|[from] item: Leftovers\n|upkeep\n|turn|15\n|\n|t:|1700059375\n|move|p1a: Defender of Trans|Crunch|p2a: Great Tusk\n|-resisted|p2a: Great Tusk\n|-damage|p2a: Great Tusk|0 fnt\n|faint|p2a: Great Tusk\n|-end|p2a: Great Tusk|Protosynthesis|[silent]\n|\n|-heal|p1a: Defender of Trans|80\/100|[from] item: Leftovers\n|upkeep\n|\n|t:|1700059377\n|switch|p2a: Kingambit|Kingambit, F|100\/100\n|-activate|p2a: Kingambit|ability: Supreme Overlord\n|-start|p2a: Kingambit|fallen5|[silent]\n|turn|16\n|\n|t:|1700059385\n|-terastallize|p2a: Kingambit|Fairy\n|move|p1a: Defender of Trans|Body Press|p2a: Kingambit\n|-resisted|p2a: Kingambit\n|-damage|p2a: Kingambit|46\/100\n|move|p2a: Kingambit|Low Kick|p1a: Defender of Trans\n|-damage|p1a: Defender of Trans|68\/100\n|\n|-heal|p1a: Defender of Trans|74\/100|[from] item: Leftovers\n|-heal|p2a: Kingambit|52\/100|[from] item: Leftovers\n|upkeep\n|turn|17\n|\n|t:|1700059393\n|move|p2a: Kingambit|Sucker Punch|p1a: Defender of Trans\n|-resisted|p1a: Defender of Trans\n|-damage|p1a: Defender of Trans|69\/100\n|move|p1a: Defender of Trans|Body Press|p2a: Kingambit\n|-resisted|p2a: Kingambit\n|-damage|p2a: Kingambit|0 fnt\n|faint|p2a: Kingambit\n|-end|p2a: Kingambit|fallen5|[silent]\n|\n|win|Skaraptor2.1\n|raw|Skaraptor2.1's rating: 1252 &rarr; <strong>1282<\/strong><br \/>(+30 for winning)\n|raw|Zyr0xExe's rating: 1326 &rarr; <strong>1302<\/strong><br \/>(-24 for losing)\n","uploadtime":1700059396,"views":10,"p1id":"skaraptor21","p2id":"zyr0xexe","formatid":"gen9ou","rating":1282,"private":0,"password":""}