{"id":"gen9ou-1997092433","p1":"AkantorBodyPillow","p2":"Leader Graham","format":"[Gen 9] OU","log":"|j|\u203dAkantorBodyPillow\n|j|\u2606Leader Graham\n|t:|1700763722\n|gametype|singles\n|player|p1|AkantorBodyPillow|clown|1353\n|player|p2|Leader Graham|gentleman|1306\n|teamsize|p1|6\n|teamsize|p2|6\n|gen|9\n|tier|[Gen 9] OU\n|rated|\n|rule|Sleep Clause Mod: Limit one foe put to sleep\n|rule|Species Clause: Limit one of each Pok\u00e9mon\n|rule|OHKO Clause: OHKO moves are banned\n|rule|Evasion Items Clause: Evasion items are banned\n|rule|Evasion Moves Clause: Evasion moves are banned\n|rule|Endless Battle Clause: Forcing endless battles is banned\n|rule|HP Percentage Mod: HP is shown in percentages\n|clearpoke\n|poke|p1|Weavile, F|\n|poke|p1|Heatran, F|\n|poke|p1|Gholdengo|\n|poke|p1|Great Tusk|\n|poke|p1|Ogerpon-Wellspring, F|\n|poke|p1|Enamorus, F|\n|poke|p2|Gyarados, M|\n|poke|p2|Iron Moth|\n|poke|p2|Tauros-Paldea-Blaze, M|\n|poke|p2|Skeledirge, M|\n|poke|p2|Volcanion|\n|poke|p2|Cinderace, M|\n|teampreview\n|inactive|Battle timer is ON: inactive players will automatically lose when time's up. (requested by Leader Graham)\n|\n|t:|1700763731\n|start\n|switch|p1a: Weavile|Weavile, F|100\/100\n|switch|p2a: Twinkchu|Cinderace, M|100\/100\n|-ability|p1a: Weavile|Pressure\n|turn|1\n|\n|t:|1700763738\n|switch|p1a: Heatran|Heatran, F|100\/100\n|move|p2a: Twinkchu|Pyro Ball|p1a: Heatran\n|-start|p1a: Heatran|ability: Flash Fire\n|\n|upkeep\n|turn|2\n|\n|t:|1700763744\n|switch|p2a: Gene|Gyarados, M|100\/100\n|move|p1a: Heatran|Magma Storm|p2a: Gene\n|-resisted|p2a: Gene\n|-damage|p2a: Gene|67\/100\n|-activate|p2a: Gene|move: Magma Storm|[of] p1a: Heatran\n|\n|-damage|p2a: Gene|55\/100|[from] move: Magma Storm|[partiallytrapped]\n|upkeep\n|turn|3\n|\n|t:|1700763753\n|-end|p1a: Heatran|ability: Flash Fire|[silent]\n|switch|p1a: Ogerpon|Ogerpon-Wellspring, F|100\/100\n|move|p2a: Gene|Dragon Dance|p2a: Gene\n|-boost|p2a: Gene|atk|1\n|-boost|p2a: Gene|spe|1\n|\n|-end|p2a: Gene|Magma Storm|[partiallytrapped]|[silent]\n|upkeep\n|turn|4\n|\n|t:|1700763766\n|switch|p2a: Big Shizzy|Tauros-Paldea-Blaze, M, shiny|100\/100\n|-ability|p2a: Big Shizzy|Intimidate|boost\n|-unboost|p1a: Ogerpon|atk|1\n|move|p1a: Ogerpon|Power Whip|p2a: Big Shizzy\n|-resisted|p2a: Big Shizzy\n|-damage|p2a: Big Shizzy|73\/100\n|\n|upkeep\n|turn|5\n|\n|t:|1700763775\n|switch|p1a: Great Tusk|Great Tusk|100\/100\n|switch|p2a: Uggo Duggo|Volcanion|100\/100\n|\n|upkeep\n|turn|6\n|\n|t:|1700763778\n|move|p1a: Great Tusk|Headlong Rush|p2a: Uggo Duggo\n|-supereffective|p2a: Uggo Duggo\n|-enditem|p2a: Uggo Duggo|Shuca Berry|[eat]\n|-enditem|p2a: Uggo Duggo|Shuca Berry|[weaken]\n|-damage|p2a: Uggo Duggo|47\/100\n|-unboost|p1a: Great Tusk|def|1\n|-unboost|p1a: Great Tusk|spd|1\n|move|p2a: Uggo Duggo|Steam Eruption|p1a: Great Tusk\n|-supereffective|p1a: Great Tusk\n|-crit|p1a: Great Tusk\n|-damage|p1a: Great Tusk|0 fnt\n|faint|p1a: Great Tusk\n|-end|p1a: Great Tusk|Protosynthesis|[silent]\n|\n|upkeep\n|\n|t:|1700763786\n|switch|p1a: Enamorus|Enamorus, F|100\/100\n|turn|7\n|\n|t:|1700763792\n|move|p1a: Enamorus|Earth Power|p2a: Uggo Duggo\n|-supereffective|p2a: Uggo Duggo\n|-damage|p2a: Uggo Duggo|0 fnt\n|faint|p2a: Uggo Duggo\n|\n|upkeep\n|\n|t:|1700763799\n|switch|p2a: Gene|Gyarados, M|55\/100\n|turn|8\n|inactive|AkantorBodyPillow has 120 seconds left.\n|\n|t:|1700763831\n|switch|p1a: Ogerpon|Ogerpon-Wellspring, F|100\/100\n|move|p2a: Gene|Dragon Dance|p2a: Gene\n|-boost|p2a: Gene|atk|1\n|-boost|p2a: Gene|spe|1\n|\n|upkeep\n|turn|9\n|\n|t:|1700763851\n|move|p2a: Gene|Dragon Dance|p2a: Gene\n|-boost|p2a: Gene|atk|1\n|-boost|p2a: Gene|spe|1\n|move|p1a: Ogerpon|Power Whip|p2a: Gene|[miss]\n|-miss|p1a: Ogerpon|p2a: Gene\n|\n|upkeep\n|turn|10\n|\n|t:|1700763859\n|-terastallize|p2a: Gene|Fire\n|move|p2a: Gene|Tera Blast|p1a: Ogerpon|[anim] Tera Blast Fire\n|-damage|p1a: Ogerpon|2\/100\n|move|p1a: Ogerpon|Power Whip|p2a: Gene\n|-resisted|p2a: Gene\n|-damage|p2a: Gene|13\/100\n|\n|upkeep\n|turn|11\n|\n|t:|1700763870\n|move|p2a: Gene|Earthquake|p1a: Ogerpon\n|-resisted|p1a: Ogerpon\n|-damage|p1a: Ogerpon|0 fnt\n|faint|p1a: Ogerpon\n|-ability|p2a: Gene|Moxie|boost\n|-boost|p2a: Gene|atk|1\n|\n|upkeep\n|\n|t:|1700763873\n|switch|p1a: Weavile|Weavile, F|100\/100\n|-ability|p1a: Weavile|Pressure\n|turn|12\n|\n|t:|1700763876\n|-terastallize|p1a: Weavile|Ice\n|move|p1a: Weavile|Ice Shard|p2a: Gene\n|-resisted|p2a: Gene\n|-damage|p2a: Gene|0 fnt\n|faint|p2a: Gene\n|\n|upkeep\n|\n|t:|1700763882\n|switch|p2a: Big Shizzy|Tauros-Paldea-Blaze, M, shiny|73\/100\n|-ability|p2a: Big Shizzy|Intimidate|boost\n|-unboost|p1a: Weavile|atk|1\n|turn|13\n|\n|t:|1700763887\n|switch|p1a: Heatran|Heatran, F|100\/100\n|move|p2a: Big Shizzy|Trailblaze|p1a: Heatran\n|-resisted|p1a: Heatran\n|-damage|p1a: Heatran|97\/100\n|-boost|p2a: Big Shizzy|spe|1\n|\n|-heal|p1a: Heatran|100\/100|[from] item: Leftovers\n|upkeep\n|turn|14\n|\n|t:|1700763892\n|move|p2a: Big Shizzy|Body Press|p1a: Heatran\n|-supereffective|p1a: Heatran\n|-damage|p1a: Heatran|52\/100\n|move|p1a: Heatran|Earth Power|p2a: Big Shizzy\n|-supereffective|p2a: Big Shizzy\n|-damage|p2a: Big Shizzy|0 fnt\n|faint|p2a: Big Shizzy\n|\n|-heal|p1a: Heatran|58\/100|[from] item: Leftovers\n|upkeep\n|\n|t:|1700763902\n|switch|p2a: Twinkchu|Cinderace, M|100\/100\n|turn|15\n|\n|t:|1700763907\n|switch|p1a: Enamorus|Enamorus, F|100\/100\n|move|p2a: Twinkchu|High Jump Kick|p1a: Enamorus\n|-start|p2a: Twinkchu|typechange|Fighting|[from] ability: Libero\n|-resisted|p1a: Enamorus\n|-crit|p1a: Enamorus\n|-damage|p1a: Enamorus|61\/100\n|-start|p2a: Twinkchu|Attract|[from] ability: Cute Charm|[of] p1a: Enamorus\n|\n|upkeep\n|turn|16\n|\n|t:|1700763918\n|move|p1a: Enamorus|Earth Power|p2a: Twinkchu\n|-damage|p2a: Twinkchu|58\/100\n|-activate|p2a: Twinkchu|move: Attract|[of] p1a: Enamorus\n|cant|p2a: Twinkchu|Attract\n|\n|upkeep\n|turn|17\n|\n|t:|1700763924\n|switch|p1a: Gholdengo|Gholdengo|100\/100\n|-end|p2a: Twinkchu|Attract|[silent]\n|move|p2a: Twinkchu|Pyro Ball|p1a: Gholdengo\n|-supereffective|p1a: Gholdengo\n|-damage|p1a: Gholdengo|49\/100\n|\n|upkeep\n|turn|18\n|\n|t:|1700763930\n|move|p2a: Twinkchu|Pyro Ball|p1a: Gholdengo\n|-supereffective|p1a: Gholdengo\n|-damage|p1a: Gholdengo|0 fnt\n|faint|p1a: Gholdengo\n|\n|upkeep\n|\n|t:|1700763931\n|switch|p1a: Enamorus|Enamorus, F|61\/100\n|turn|19\n|\n|t:|1700763936\n|move|p1a: Enamorus|Moonblast|p2a: Twinkchu\n|-supereffective|p2a: Twinkchu\n|-damage|p2a: Twinkchu|0 fnt\n|faint|p2a: Twinkchu\n|\n|upkeep\n|\n|t:|1700763940\n|switch|p2a: Limerick|Skeledirge, M|100\/100\n|turn|20\n|\n|t:|1700763943\n|switch|p1a: Heatran|Heatran, F|58\/100\n|move|p2a: Limerick|Substitute|p2a: Limerick\n|-start|p2a: Limerick|Substitute\n|-damage|p2a: Limerick|75\/100\n|\n|-heal|p1a: Heatran|64\/100|[from] item: Leftovers\n|-heal|p2a: Limerick|82\/100|[from] item: Leftovers\n|upkeep\n|turn|21\n|\n|t:|1700763945\n|move|p1a: Heatran|Earth Power|p2a: Limerick\n|-supereffective|p2a: Limerick\n|-end|p2a: Limerick|Substitute\n|move|p2a: Limerick|Shadow Ball|p1a: Heatran\n|-damage|p1a: Heatran|39\/100\n|\n|-heal|p1a: Heatran|45\/100|[from] item: Leftovers\n|-heal|p2a: Limerick|88\/100|[from] item: Leftovers\n|upkeep\n|turn|22\n|\n|t:|1700763948\n|move|p1a: Heatran|Earth Power|p2a: Limerick\n|-supereffective|p2a: Limerick\n|-damage|p2a: Limerick|36\/100\n|move|p2a: Limerick|Shadow Ball|p1a: Heatran\n|-damage|p1a: Heatran|15\/100\n|-unboost|p1a: Heatran|spd|1\n|\n|-heal|p1a: Heatran|21\/100|[from] item: Leftovers\n|-heal|p2a: Limerick|42\/100|[from] item: Leftovers\n|upkeep\n|turn|23\n|\n|t:|1700763951\n|move|p1a: Heatran|Earth Power|p2a: Limerick\n|-supereffective|p2a: Limerick\n|-damage|p2a: Limerick|0 fnt\n|faint|p2a: Limerick\n|\n|-heal|p1a: Heatran|27\/100|[from] item: Leftovers\n|upkeep\n|\n|t:|1700763954\n|switch|p2a: Trial shift|Iron Moth, shiny|100\/100\n|-enditem|p2a: Trial shift|Booster Energy\n|-activate|p2a: Trial shift|ability: Quark Drive|[fromitem]\n|-start|p2a: Trial shift|quarkdrivespe\n|turn|24\n|\n|t:|1700763964\n|move|p2a: Trial shift|Psychic|p1a: Heatran\n|-resisted|p1a: Heatran\n|-damage|p1a: Heatran|12\/100\n|move|p1a: Heatran|Earth Power|p2a: Trial shift\n|-supereffective|p2a: Trial shift\n|-damage|p2a: Trial shift|5\/100\n|\n|-heal|p1a: Heatran|18\/100|[from] item: Leftovers\n|upkeep\n|turn|25\n|\n|t:|1700763969\n|move|p2a: Trial shift|Psychic|p1a: Heatran\n|-resisted|p1a: Heatran\n|-damage|p1a: Heatran|3\/100\n|-unboost|p1a: Heatran|spd|1\n|move|p1a: Heatran|Earth Power|p2a: Trial shift\n|-supereffective|p2a: Trial shift\n|-damage|p2a: Trial shift|0 fnt\n|faint|p2a: Trial shift\n|-end|p2a: Trial shift|Quark Drive|[silent]\n|\n|win|AkantorBodyPillow\n|raw|AkantorBodyPillow's rating: 1353 &rarr; <strong>1370<\/strong><br \/>(+17 for winning)\n|raw|Leader Graham's rating: 1306 &rarr; <strong>1289<\/strong><br \/>(-17 for losing)\n","uploadtime":1700763972,"views":4,"p1id":"akantorbodypillow","p2id":"leadergraham","formatid":"gen9ou","rating":1289,"private":0,"password":""}