{"id":"gen9ou-1999381438","p1":"Chubson is King","p2":"withez","format":"[Gen 9] OU","log":"|j|\u2606Chubson is King\n|j|\u2606withez\n|t:|1701070644\n|gametype|singles\n|player|p1|Chubson is King|lance|1103\n|player|p2|withez|riley|1022\n|teamsize|p1|6\n|teamsize|p2|6\n|gen|9\n|tier|[Gen 9] OU\n|rated|\n|rule|Sleep Clause Mod: Limit one foe put to sleep\n|rule|Species Clause: Limit one of each Pok\u00e9mon\n|rule|OHKO Clause: OHKO moves are banned\n|rule|Evasion Items Clause: Evasion items are banned\n|rule|Evasion Moves Clause: Evasion moves are banned\n|rule|Endless Battle Clause: Forcing endless battles is banned\n|rule|HP Percentage Mod: HP is shown in percentages\n|clearpoke\n|poke|p1|Pelipper, M|\n|poke|p1|Floatzel, M|\n|poke|p1|Inteleon, F|\n|poke|p1|Tauros-Paldea-Aqua, M|\n|poke|p1|Amoonguss, F|\n|poke|p1|Iron Treads|\n|poke|p2|Bronzong|\n|poke|p2|Ceruledge, F|\n|poke|p2|Alomomola, M|\n|poke|p2|Ninetales-Alola, F|\n|poke|p2|Rotom-Wash|\n|poke|p2|Masquerain, M|\n|teampreview\n|\n|t:|1701070653\n|start\n|switch|p1a: Pelipper|Pelipper, M|100\/100\n|switch|p2a: Bronzong|Bronzong|100\/100\n|-weather|RainDance|[from] ability: Drizzle|[of] p1a: Pelipper\n|turn|1\n|\n|t:|1701070662\n|move|p1a: Pelipper|U-turn|p2a: Bronzong\n|-damage|p2a: Bronzong|92\/100\n|\n|t:|1701070667\n|switch|p1a: Floatzel|Floatzel, M|100\/100|[from] U-turn\n|move|p2a: Bronzong|Psychic Terrain|p2a: Bronzong\n|-fieldstart|move: Psychic Terrain\n|\n|-weather|RainDance|[upkeep]\n|upkeep\n|turn|2\n|\n|t:|1701070677\n|move|p1a: Floatzel|Ice Spinner|p2a: Bronzong\n|-resisted|p2a: Bronzong\n|-damage|p2a: Bronzong|73\/100\n|-fieldend|move: Psychic Terrain\n|move|p2a: Bronzong|Calm Mind|p2a: Bronzong\n|-boost|p2a: Bronzong|spa|1\n|-boost|p2a: Bronzong|spd|1\n|\n|-weather|RainDance|[upkeep]\n|upkeep\n|turn|3\n|\n|t:|1701070688\n|switch|p1a: Iron Treads|Iron Treads|100\/100\n|move|p2a: Bronzong|Psychic|p1a: Iron Treads\n|-resisted|p1a: Iron Treads\n|-damage|p1a: Iron Treads|74\/100\n|-unboost|p1a: Iron Treads|spd|1\n|\n|-weather|RainDance|[upkeep]\n|-heal|p1a: Iron Treads|80\/100|[from] item: Leftovers\n|upkeep\n|turn|4\n|\n|t:|1701070700\n|move|p1a: Iron Treads|Earthquake|p2a: Bronzong\n|-immune|p2a: Bronzong|[from] ability: Levitate\n|move|p2a: Bronzong|Iron Defense|p2a: Bronzong\n|-boost|p2a: Bronzong|def|2\n|\n|-weather|RainDance|[upkeep]\n|-heal|p1a: Iron Treads|87\/100|[from] item: Leftovers\n|upkeep\n|turn|5\n|\n|t:|1701070709\n|move|p1a: Iron Treads|Stealth Rock|p2a: Bronzong\n|-sidestart|p2: withez|move: Stealth Rock\n|move|p2a: Bronzong|Calm Mind|p2a: Bronzong\n|-boost|p2a: Bronzong|spa|1\n|-boost|p2a: Bronzong|spd|1\n|\n|-weather|RainDance|[upkeep]\n|-heal|p1a: Iron Treads|93\/100|[from] item: Leftovers\n|upkeep\n|turn|6\n|\n|t:|1701070717\n|move|p1a: Iron Treads|Stealth Rock||[still]\n|-fail|p1a: Iron Treads\n|move|p2a: Bronzong|Iron Defense|p2a: Bronzong\n|-boost|p2a: Bronzong|def|2\n|\n|-weather|RainDance|[upkeep]\n|-heal|p1a: Iron Treads|99\/100|[from] item: Leftovers\n|upkeep\n|turn|7\n|\n|t:|1701070726\n|-end|p1a: Iron Treads|Quark Drive|[silent]\n|switch|p1a: Pelipper|Pelipper, M|100\/100\n|move|p2a: Bronzong|Calm Mind|p2a: Bronzong\n|-boost|p2a: Bronzong|spa|1\n|-boost|p2a: Bronzong|spd|1\n|\n|-weather|RainDance|[upkeep]\n|upkeep\n|turn|8\n|\n|t:|1701070739\n|move|p1a: Pelipper|Surf|p2a: Bronzong\n|-damage|p2a: Bronzong|57\/100\n|move|p2a: Bronzong|Psychic|p1a: Pelipper\n|-damage|p1a: Pelipper|11\/100\n|\n|-weather|none\n|upkeep\n|turn|9\n|\n|t:|1701070748\n|move|p1a: Pelipper|U-turn|p2a: Bronzong\n|-damage|p2a: Bronzong|54\/100\n|\n|t:|1701070755\n|switch|p1a: Amoonguss|Amoonguss, F|100\/100|[from] U-turn\n|move|p2a: Bronzong|Psychic Terrain|p2a: Bronzong\n|-fieldstart|move: Psychic Terrain\n|\n|upkeep\n|turn|10\n|\n|t:|1701070762\n|move|p2a: Bronzong|Psychic|p1a: Amoonguss\n|-supereffective|p1a: Amoonguss\n|-damage|p1a: Amoonguss|0 fnt\n|faint|p1a: Amoonguss\n|\n|upkeep\n|\n|t:|1701070774\n|switch|p1a: Tauros|Tauros-Paldea-Aqua, M|100\/100\n|-ability|p1a: Tauros|Intimidate|boost\n|-unboost|p2a: Bronzong|atk|1\n|turn|11\n|\n|t:|1701070783\n|move|p1a: Tauros|Body Press|p2a: Bronzong\n|-damage|p2a: Bronzong|43\/100\n|move|p2a: Bronzong|Psychic|p1a: Tauros\n|-supereffective|p1a: Tauros\n|-damage|p1a: Tauros|0 fnt\n|faint|p1a: Tauros\n|\n|upkeep\n|\n|t:|1701070792\n|switch|p1a: Inteleon|Inteleon, F|100\/100\n|turn|12\n|\n|t:|1701070797\n|move|p1a: Inteleon|Ice Beam|p2a: Bronzong\n|-resisted|p2a: Bronzong\n|-crit|p2a: Bronzong\n|-damage|p2a: Bronzong|12\/100\n|move|p2a: Bronzong|Psychic|p1a: Inteleon\n|-damage|p1a: Inteleon|0 fnt\n|faint|p1a: Inteleon\n|\n|upkeep\n|\n|t:|1701070805\n|switch|p1a: Floatzel|Floatzel, M|100\/100\n|turn|13\n|\n|t:|1701070809\n|move|p1a: Floatzel|Aqua Jet|p2a: Bronzong\n|-hint|Psychic Terrain doesn't affect Pok\u00e9mon immune to Ground.\n|-damage|p2a: Bronzong|3\/100\n|move|p2a: Bronzong|Psychic|p1a: Floatzel\n|-damage|p1a: Floatzel|0 fnt\n|faint|p1a: Floatzel\n|\n|-fieldend|move: Psychic Terrain\n|upkeep\n|\n|t:|1701070816\n|switch|p1a: Iron Treads|Iron Treads|99\/100\n|turn|14\n|\n|t:|1701070825\n|switch|p2a: Rotom|Rotom-Wash|100\/100\n|-damage|p2a: Rotom|88\/100|[from] Stealth Rock\n|move|p1a: Iron Treads|Rapid Spin|p2a: Rotom\n|-damage|p2a: Rotom|71\/100\n|-boost|p1a: Iron Treads|spe|1\n|\n|-heal|p1a: Iron Treads|100\/100|[from] item: Leftovers\n|upkeep\n|turn|15\n|\n|t:|1701070843\n|move|p1a: Iron Treads|Knock Off|p2a: Rotom\n|-damage|p2a: Rotom|40\/100\n|-enditem|p2a: Rotom|Choice Scarf|[from] move: Knock Off|[of] p1a: Iron Treads\n|move|p2a: Rotom|Trick|p1a: Iron Treads\n|-activate|p2a: Rotom|move: Trick|[of] p1a: Iron Treads\n|-enditem|p1a: Iron Treads|Leftovers|[silent]|[from] move: Trick\n|-item|p2a: Rotom|Leftovers|[from] move: Trick\n|\n|-heal|p2a: Rotom|47\/100|[from] item: Leftovers\n|upkeep\n|turn|16\n|\n|t:|1701070854\n|move|p1a: Iron Treads|Rapid Spin|p2a: Rotom\n|-damage|p2a: Rotom|28\/100\n|-boost|p1a: Iron Treads|spe|1\n|move|p2a: Rotom|Will-O-Wisp|p1a: Iron Treads\n|-status|p1a: Iron Treads|brn\n|\n|-heal|p2a: Rotom|35\/100|[from] item: Leftovers\n|-damage|p1a: Iron Treads|94\/100 brn|[from] brn\n|upkeep\n|turn|17\n|\n|t:|1701070866\n|move|p1a: Iron Treads|Rapid Spin|p2a: Rotom\n|-damage|p2a: Rotom|25\/100\n|-boost|p1a: Iron Treads|spe|1\n|move|p2a: Rotom|Volt Switch|p1a: Iron Treads\n|-immune|p1a: Iron Treads\n|\n|-heal|p2a: Rotom|32\/100|[from] item: Leftovers\n|-damage|p1a: Iron Treads|88\/100 brn|[from] brn\n|upkeep\n|turn|18\n|\n|t:|1701070882\n|switch|p2a: Alomomola|Alomomola, M|100\/100\n|-damage|p2a: Alomomola|88\/100|[from] Stealth Rock\n|move|p1a: Iron Treads|Rapid Spin|p2a: Alomomola\n|-damage|p2a: Alomomola|85\/100\n|-boost|p1a: Iron Treads|spe|1\n|-damage|p1a: Iron Treads|72\/100 brn|[from] item: Rocky Helmet|[of] p2a: Alomomola\n|\n|-damage|p1a: Iron Treads|66\/100 brn|[from] brn\n|upkeep\n|turn|19\n|\n|t:|1701070895\n|move|p1a: Iron Treads|Earthquake|p2a: Alomomola\n|-damage|p2a: Alomomola|74\/100\n|move|p2a: Alomomola|Scald|p1a: Iron Treads\n|-supereffective|p1a: Iron Treads\n|-damage|p1a: Iron Treads|39\/100 brn\n|\n|-damage|p1a: Iron Treads|33\/100 brn|[from] brn\n|upkeep\n|turn|20\n|\n|t:|1701070905\n|move|p1a: Iron Treads|Knock Off|p2a: Alomomola\n|-damage|p2a: Alomomola|68\/100\n|-damage|p1a: Iron Treads|16\/100 brn|[from] item: Rocky Helmet|[of] p2a: Alomomola\n|-enditem|p2a: Alomomola|Rocky Helmet|[from] move: Knock Off|[of] p1a: Iron Treads\n|move|p2a: Alomomola|Scald|p1a: Iron Treads\n|-supereffective|p1a: Iron Treads\n|-damage|p1a: Iron Treads|0 fnt\n|faint|p1a: Iron Treads\n|-end|p1a: Iron Treads|Quark Drive|[silent]\n|\n|upkeep\n|\n|t:|1701070914\n|switch|p1a: Pelipper|Pelipper, M|11\/100\n|-weather|RainDance|[from] ability: Drizzle|[of] p1a: Pelipper\n|turn|21\n|\n|t:|1701070920\n|move|p2a: Alomomola|Wish|p2a: Alomomola\n|move|p1a: Pelipper|Hurricane|p2a: Alomomola\n|-damage|p2a: Alomomola|27\/100\n|\n|-weather|RainDance|[upkeep]\n|upkeep\n|turn|22\n|\n|t:|1701070931\n|switch|p2a: Bronzong|Bronzong|3\/100\n|-damage|p2a: Bronzong|0 fnt|[from] Stealth Rock\n|faint|p2a: Bronzong\n|move|p1a: Pelipper|Surf|p2: Bronzong|[notarget]\n|-fail|p1a: Pelipper\n|\n|-weather|RainDance|[upkeep]\n|upkeep\n|\n|t:|1701070942\n|switch|p2a: Ninetales|Ninetales-Alola, F|100\/100\n|-damage|p2a: Ninetales|76\/100|[from] Stealth Rock\n|-weather|Snow|[from] ability: Snow Warning|[of] p2a: Ninetales\n|turn|23\n|\n|t:|1701070951\n|move|p2a: Ninetales|Blizzard|p1a: Pelipper\n|-damage|p1a: Pelipper|0 fnt\n|faint|p1a: Pelipper\n|\n|win|withez\n|raw|Chubson is King's rating: 1103 &rarr; <strong>1072<\/strong><br \/>(-31 for losing)\n|raw|withez's rating: 1022 &rarr; <strong>1067<\/strong><br \/>(+45 for winning)\n|c|\u2606Chubson is King|gg\n|l|\u2606Chubson is King\n","uploadtime":1701070963,"views":8,"p1id":"chubsonisking","p2id":"withez","formatid":"gen9ou","rating":1067,"private":0,"password":""}