{"id":"gen9ou-1993244931","p1":"rogo2030","p2":"Element 67","format":"[Gen 9] OU","log":"|j|\u2606rogo2030\n|j|\u2606Element 67\n|t:|1700283420\n|gametype|singles\n|player|p1|rogo2030|2|1463\n|player|p2|Element 67|1|1508\n|teamsize|p1|6\n|teamsize|p2|6\n|gen|9\n|tier|[Gen 9] OU\n|rated|\n|rule|Sleep Clause Mod: Limit one foe put to sleep\n|rule|Species Clause: Limit one of each Pok\u00e9mon\n|rule|OHKO Clause: OHKO moves are banned\n|rule|Evasion Items Clause: Evasion items are banned\n|rule|Evasion Moves Clause: Evasion moves are banned\n|rule|Endless Battle Clause: Forcing endless battles is banned\n|rule|HP Percentage Mod: HP is shown in percentages\n|clearpoke\n|poke|p1|Weezing-Galar, F|\n|poke|p1|Garganacl, M|\n|poke|p1|Weavile, F|\n|poke|p1|Milotic, M|\n|poke|p1|Amoonguss, F|\n|poke|p1|Garchomp, F|\n|poke|p2|Ninetales-Alola, M|\n|poke|p2|Dragonite, M|\n|poke|p2|Kingambit, M|\n|poke|p2|Zamazenta-*|\n|poke|p2|Iron Moth|\n|poke|p2|Manaphy|\n|teampreview\n|inactive|Battle timer is ON: inactive players will automatically lose when time's up. (requested by rogo2030)\n|\n|t:|1700283444\n|start\n|switch|p1a: Weezing|Weezing-Galar, F|100\/100\n|switch|p2a: Zamazenta|Zamazenta|100\/100\n|-ability|p1a: Weezing|Neutralizing Gas\n|turn|1\n|\n|t:|1700283455\n|switch|p2a: Ninetales|Ninetales-Alola, M|100\/100\n|move|p1a: Weezing|Will-O-Wisp|p2a: Ninetales\n|-status|p2a: Ninetales|brn\n|\n|-damage|p2a: Ninetales|95\/100 brn|[from] brn\n|upkeep\n|turn|2\n|\n|t:|1700283466\n|move|p2a: Ninetales|Encore|p1a: Weezing\n|-start|p1a: Weezing|Encore\n|move|p1a: Weezing|Will-O-Wisp|p2a: Ninetales\n|-fail|p2a: Ninetales|brn\n|\n|-damage|p2a: Ninetales|89\/100 brn|[from] brn\n|upkeep\n|turn|3\n|\n|t:|1700283480\n|-end|p1a: Weezing|ability: Neutralizing Gas\n|-weather|Snow|[from] ability: Snow Warning|[of] p2a: Ninetales\n|switch|p1a: Milotic|Milotic, M|100\/100\n|move|p2a: Ninetales|Moonblast|p1a: Milotic\n|-damage|p1a: Milotic|76\/100\n|-unboost|p1a: Milotic|spa|1\n|\n|-weather|Snow|[upkeep]\n|-heal|p1a: Milotic|82\/100|[from] item: Leftovers\n|-damage|p2a: Ninetales|83\/100 brn|[from] brn\n|upkeep\n|turn|4\n|\n|t:|1700283485\n|move|p2a: Ninetales|Aurora Veil|p2a: Ninetales\n|-sidestart|p2: Element 67|move: Aurora Veil\n|move|p1a: Milotic|Scald|p2a: Ninetales\n|-damage|p2a: Ninetales|72\/100 brn\n|\n|-weather|Snow|[upkeep]\n|-heal|p1a: Milotic|88\/100|[from] item: Leftovers\n|-damage|p2a: Ninetales|66\/100 brn|[from] brn\n|upkeep\n|turn|5\n|\n|t:|1700283498\n|switch|p1a: Weezing|Weezing-Galar, F|100\/100\n|-ability|p1a: Weezing|Neutralizing Gas\n|move|p2a: Ninetales|Freeze-Dry|p1a: Weezing\n|-damage|p1a: Weezing|74\/100\n|\n|-weather|Snow|[upkeep]\n|-heal|p1a: Weezing|80\/100|[from] item: Leftovers\n|-damage|p2a: Ninetales|60\/100 brn|[from] brn\n|upkeep\n|turn|6\n|\n|t:|1700283513\n|move|p2a: Ninetales|Freeze-Dry|p1a: Weezing\n|-damage|p1a: Weezing|54\/100\n|move|p1a: Weezing|Sludge Bomb|p2a: Ninetales\n|-supereffective|p2a: Ninetales\n|-damage|p2a: Ninetales|26\/100 brn\n|\n|-weather|Snow|[upkeep]\n|-heal|p1a: Weezing|60\/100|[from] item: Leftovers\n|-damage|p2a: Ninetales|20\/100 brn|[from] brn\n|upkeep\n|turn|7\n|\n|t:|1700283525\n|move|p2a: Ninetales|Encore|p1a: Weezing\n|-start|p1a: Weezing|Encore\n|move|p1a: Weezing|Sludge Bomb|p2a: Ninetales\n|-supereffective|p2a: Ninetales\n|-damage|p2a: Ninetales|0 fnt\n|faint|p2a: Ninetales\n|\n|-weather|none\n|-heal|p1a: Weezing|66\/100|[from] item: Leftovers\n|upkeep\n|\n|t:|1700283535\n|switch|p2a: Dragonite|Dragonite, M|100\/100\n|turn|8\n|\n|t:|1700283543\n|move|p2a: Dragonite|Dragon Dance|p2a: Dragonite\n|-boost|p2a: Dragonite|atk|1\n|-boost|p2a: Dragonite|spe|1\n|move|p1a: Weezing|Sludge Bomb|p2a: Dragonite\n|-damage|p2a: Dragonite|87\/100\n|\n|-heal|p1a: Weezing|72\/100|[from] item: Leftovers\n|upkeep\n|turn|9\n|\n|t:|1700283556\n|-end|p1a: Weezing|ability: Neutralizing Gas\n|switch|p1a: Milotic|Milotic, M|88\/100\n|move|p2a: Dragonite|Dragon Dance|p2a: Dragonite\n|-boost|p2a: Dragonite|atk|1\n|-boost|p2a: Dragonite|spe|1\n|\n|-heal|p1a: Milotic|94\/100|[from] item: Leftovers\n|upkeep\n|turn|10\n|\n|t:|1700283566\n|-terastallize|p2a: Dragonite|Flying\n|move|p2a: Dragonite|Tera Blast|p1a: Milotic|[anim] Tera Blast Flying\n|-damage|p1a: Milotic|3\/100\n|move|p1a: Milotic|Haze|p1a: Milotic\n|-clearallboost\n|\n|-heal|p1a: Milotic|9\/100|[from] item: Leftovers\n|upkeep\n|turn|11\n|\n|t:|1700283576\n|move|p2a: Dragonite|Dragon Dance|p2a: Dragonite\n|-boost|p2a: Dragonite|atk|1\n|-boost|p2a: Dragonite|spe|1\n|move|p1a: Milotic|Recover|p1a: Milotic\n|-heal|p1a: Milotic|59\/100\n|\n|-heal|p1a: Milotic|65\/100|[from] item: Leftovers\n|-sideend|p2: Element 67|move: Aurora Veil\n|upkeep\n|turn|12\n|\n|t:|1700283585\n|move|p2a: Dragonite|Tera Blast|p1a: Milotic|[anim] Tera Blast Flying\n|-crit|p1a: Milotic\n|-damage|p1a: Milotic|0 fnt\n|faint|p1a: Milotic\n|\n|upkeep\n|\n|t:|1700283595\n|switch|p1a: Weavile|Weavile, F|100\/100\n|-ability|p1a: Weavile|Pressure\n|turn|13\n|\n|t:|1700283615\n|switch|p2a: Zamazenta|Zamazenta|100\/100\n|-ability|p2a: Zamazenta|Dauntless Shield|boost\n|-boost|p2a: Zamazenta|def|1\n|-terastallize|p1a: Weavile|Ice\n|move|p1a: Weavile|Ice Shard|p2a: Zamazenta\n|-damage|p2a: Zamazenta|76\/100\n|\n|upkeep\n|turn|14\n|\n|t:|1700283629\n|switch|p1a: Weezing|Weezing-Galar, F|72\/100\n|-ability|p1a: Weezing|Neutralizing Gas\n|move|p2a: Zamazenta|Heavy Slam|p1a: Weezing\n|-supereffective|p1a: Weezing\n|-crit|p1a: Weezing\n|-damage|p1a: Weezing|0 fnt\n|faint|p1a: Weezing\n|-end|p1a: Weezing|ability: Neutralizing Gas\n|\n|upkeep\n|\n|t:|1700283632\n|switch|p1a: Garchomp|Garchomp, F|100\/100\n|turn|15\n|\n|t:|1700283647\n|move|p2a: Zamazenta|Close Combat|p1a: Garchomp\n|-damage|p1a: Garchomp|61\/100\n|-unboost|p2a: Zamazenta|def|1\n|-unboost|p2a: Zamazenta|spd|1\n|-damage|p2a: Zamazenta|64\/100|[from] ability: Rough Skin|[of] p1a: Garchomp\n|-damage|p2a: Zamazenta|47\/100|[from] item: Rocky Helmet|[of] p1a: Garchomp\n|move|p1a: Garchomp|Stealth Rock|p2a: Zamazenta\n|-sidestart|p2: Element 67|move: Stealth Rock\n|\n|upkeep\n|turn|16\n|\n|t:|1700283660\n|move|p2a: Zamazenta|Close Combat|p1a: Garchomp\n|-damage|p1a: Garchomp|22\/100\n|-unboost|p2a: Zamazenta|def|1\n|-unboost|p2a: Zamazenta|spd|1\n|-damage|p2a: Zamazenta|35\/100|[from] ability: Rough Skin|[of] p1a: Garchomp\n|-damage|p2a: Zamazenta|18\/100|[from] item: Rocky Helmet|[of] p1a: Garchomp\n|move|p1a: Garchomp|Earthquake|p2a: Zamazenta\n|-damage|p2a: Zamazenta|0 fnt\n|faint|p2a: Zamazenta\n|\n|upkeep\n|\n|t:|1700283672\n|switch|p2a: Iron Moth|Iron Moth|100\/100\n|-damage|p2a: Iron Moth|75\/100|[from] Stealth Rock\n|-enditem|p2a: Iron Moth|Booster Energy\n|-activate|p2a: Iron Moth|ability: Quark Drive|[fromitem]\n|-start|p2a: Iron Moth|quarkdrivespe\n|turn|17\n|\n|t:|1700283682\n|move|p2a: Iron Moth|Dazzling Gleam|p1a: Garchomp\n|-supereffective|p1a: Garchomp\n|-damage|p1a: Garchomp|0 fnt\n|faint|p1a: Garchomp\n|\n|upkeep\n|\n|t:|1700283687\n|switch|p1a: Garganacl|Garganacl, M|100\/100\n|turn|18\n|\n|t:|1700283705\n|-end|p2a: Iron Moth|Quark Drive|[silent]\n|switch|p2a: Kingambit|Kingambit, M|100\/100\n|-damage|p2a: Kingambit|94\/100|[from] Stealth Rock\n|-activate|p2a: Kingambit|ability: Supreme Overlord\n|-start|p2a: Kingambit|fallen2|[silent]\n|move|p1a: Garganacl|Salt Cure|p2a: Kingambit\n|-resisted|p2a: Kingambit\n|-damage|p2a: Kingambit|89\/100\n|\n|upkeep\n|turn|19\n|\n|t:|1700283728\n|move|p2a: Kingambit|Swords Dance|p2a: Kingambit\n|-boost|p2a: Kingambit|atk|2\n|move|p1a: Garganacl|Iron Defense|p1a: Garganacl\n|-boost|p1a: Garganacl|def|2\n|\n|upkeep\n|turn|20\n|\n|t:|1700283737\n|move|p2a: Kingambit|Iron Head|p1a: Garganacl\n|-supereffective|p1a: Garganacl\n|-damage|p1a: Garganacl|17\/100\n|cant|p1a: Garganacl|flinch\n|\n|-heal|p1a: Garganacl|24\/100|[from] item: Leftovers\n|upkeep\n|turn|21\n|\n|t:|1700283746\n|move|p2a: Kingambit|Iron Head|p1a: Garganacl\n|-supereffective|p1a: Garganacl\n|-damage|p1a: Garganacl|0 fnt\n|faint|p1a: Garganacl\n|\n|upkeep\n|\n|t:|1700283748\n|switch|p1a: Weavile|Weavile, F, tera:Ice|100\/100\n|-ability|p1a: Weavile|Pressure\n|turn|22\n|\n|t:|1700283759\n|move|p1a: Weavile|Brick Break|p2a: Kingambit\n|-supereffective|p2a: Kingambit\n|-damage|p2a: Kingambit|0 fnt\n|faint|p2a: Kingambit\n|-end|p2a: Kingambit|fallen2|[silent]\n|\n|upkeep\n|\n|t:|1700283766\n|switch|p2a: Iron Moth|Iron Moth|75\/100\n|-damage|p2a: Iron Moth|50\/100|[from] Stealth Rock\n|turn|23\n|\n|t:|1700283770\n|switch|p1a: Amoonguss|Amoonguss, F|100\/100\n|move|p2a: Iron Moth|Fiery Dance|p1a: Amoonguss\n|-supereffective|p1a: Amoonguss\n|-damage|p1a: Amoonguss|34\/100\n|-boost|p2a: Iron Moth|spa|1\n|\n|upkeep\n|turn|24\n|\n|t:|1700283785\n|move|p2a: Iron Moth|Fiery Dance|p1a: Amoonguss\n|-supereffective|p1a: Amoonguss\n|-damage|p1a: Amoonguss|0 fnt\n|faint|p1a: Amoonguss\n|\n|upkeep\n|\n|t:|1700283788\n|switch|p1a: Weavile|Weavile, F, tera:Ice|100\/100\n|-ability|p1a: Weavile|Pressure\n|turn|25\n|\n|t:|1700283800\n|move|p1a: Weavile|Knock Off|p2a: Iron Moth\n|-damage|p2a: Iron Moth|0 fnt\n|faint|p2a: Iron Moth\n|-end|p2a: Iron Moth|Quark Drive|[silent]\n|\n|upkeep\n|\n|t:|1700283808\n|switch|p2a: Dragonite|Dragonite, M, tera:Flying|87\/100\n|turn|26\n|\n|t:|1700283812\n|move|p1a: Weavile|Knock Off|p2a: Dragonite\n|-damage|p2a: Dragonite|17\/100\n|-enditem|p2a: Dragonite|Heavy-Duty Boots|[from] move: Knock Off|[of] p1a: Weavile\n|move|p2a: Dragonite|Tera Blast|p1a: Weavile|[anim] Tera Blast Flying\n|-damage|p1a: Weavile|0 fnt\n|faint|p1a: Weavile\n|\n|win|Element 67\n|raw|rogo2030's rating: 1463 &rarr; <strong>1446<\/strong><br \/>(-17 for losing)\n|raw|Element 67's rating: 1508 &rarr; <strong>1525<\/strong><br \/>(+17 for winning)\n|l|\u2606rogo2030\n|c|\u2606Element 67|Gg\n","uploadtime":1700283848,"views":10,"p1id":"rogo2030","p2id":"element67","formatid":"gen9ou","rating":1446,"private":0,"password":""}