{"id":"gen9ou-1998181395","p1":"DA Scizor Enjoyer","p2":"RovaRed","format":"[Gen 9] OU","log":"|j|\u2606DA Scizor Enjoyer\n|j|\u2606RovaRed\n|t:|1700907744\n|gametype|singles\n|player|p1|DA Scizor Enjoyer|turo-ai|1322\n|player|p2|RovaRed|wicke|1328\n|teamsize|p1|6\n|teamsize|p2|6\n|gen|9\n|tier|[Gen 9] OU\n|rated|\n|rule|Sleep Clause Mod: Limit one foe put to sleep\n|rule|Species Clause: Limit one of each Pok\u00e9mon\n|rule|OHKO Clause: OHKO moves are banned\n|rule|Evasion Items Clause: Evasion items are banned\n|rule|Evasion Moves Clause: Evasion moves are banned\n|rule|Endless Battle Clause: Forcing endless battles is banned\n|rule|HP Percentage Mod: HP is shown in percentages\n|clearpoke\n|poke|p1|Toxapex, F|\n|poke|p1|Thundurus-Therian, M|\n|poke|p1|Weavile, F|\n|poke|p1|Scizor, M|\n|poke|p1|Ogerpon-Cornerstone, F|\n|poke|p1|Iron Moth|\n|poke|p2|Haxorus, F|\n|poke|p2|Great Tusk|\n|poke|p2|Ribombee, M|\n|poke|p2|Iron Valiant|\n|poke|p2|Gholdengo|\n|poke|p2|Iron Moth|\n|teampreview\n|inactive|Battle timer is ON: inactive players will automatically lose when time's up. (requested by DA Scizor Enjoyer)\n|\n|t:|1700907749\n|start\n|switch|p1a: Not Mega Scizor|Scizor, M|100\/100\n|switch|p2a: Buck Bumble|Ribombee, M, shiny|100\/100\n|turn|1\n|\n|t:|1700907758\n|switch|p1a: Ogerpon|Ogerpon-Cornerstone, F|100\/100\n|move|p2a: Buck Bumble|Sticky Web|p1a: Ogerpon\n|-sidestart|p1: DA Scizor Enjoyer|move: Sticky Web\n|\n|upkeep\n|turn|2\n|\n|t:|1700907782\n|move|p2a: Buck Bumble|Moonblast|p1a: Ogerpon\n|-damage|p1a: Ogerpon|52\/100\n|-unboost|p1a: Ogerpon|spa|1\n|move|p1a: Ogerpon|Trailblaze|p2a: Buck Bumble\n|-resisted|p2a: Buck Bumble\n|-damage|p2a: Buck Bumble|69\/100\n|-boost|p1a: Ogerpon|spe|1\n|\n|upkeep\n|turn|3\n|\n|t:|1700907794\n|move|p1a: Ogerpon|Trailblaze|p2a: Buck Bumble\n|-resisted|p2a: Buck Bumble\n|-damage|p2a: Buck Bumble|43\/100\n|-boost|p1a: Ogerpon|spe|1\n|move|p2a: Buck Bumble|U-turn|p1a: Ogerpon\n|-supereffective|p1a: Ogerpon\n|-damage|p1a: Ogerpon|16\/100\n|inactive|RovaRed has 120 seconds left.\n|\n|t:|1700907819\n|switch|p2a: Ruby Tuesday|Haxorus, F, shiny|100\/100|[from] U-turn\n|-ability|p2a: Ruby Tuesday|Mold Breaker\n|\n|upkeep\n|turn|4\n|\n|t:|1700907847\n|-terastallize|p1a: Ogerpon|Rock\n|detailschange|p1a: Ogerpon|Ogerpon-Cornerstone-Tera, F, tera:Rock\n|-ability|p1a: Ogerpon|Embody Aspect (Cornerstone)|boost\n|-boost|p1a: Ogerpon|def|1\n|move|p2a: Ruby Tuesday|First Impression|p1a: Ogerpon\n|-damage|p1a: Ogerpon|0 fnt\n|faint|p1a: Ogerpon\n|\n|upkeep\n|inactive|DA Scizor Enjoyer has 120 seconds left.\n|c|\u2606DA Scizor Enjoyer|wha\n|\n|t:|1700907860\n|switch|p1a: Sneasler v0.3|Weavile, F|100\/100\n|-ability|p1a: Sneasler v0.3|Pressure\n|turn|5\n|c|\u2606RovaRed|ikr\n|inactive|RovaRed has 120 seconds left.\n|\n|t:|1700907895\n|-terastallize|p2a: Ruby Tuesday|Steel\n|move|p1a: Sneasler v0.3|Icicle Crash|p2a: Ruby Tuesday\n|-resisted|p2a: Ruby Tuesday\n|-damage|p2a: Ruby Tuesday|74\/100\n|move|p2a: Ruby Tuesday|Iron Head|p1a: Sneasler v0.3\n|-supereffective|p1a: Sneasler v0.3\n|-damage|p1a: Sneasler v0.3|0 fnt\n|faint|p1a: Sneasler v0.3\n|\n|upkeep\n|\n|t:|1700907909\n|switch|p1a: Stonks|Thundurus-Therian, M|100\/100\n|turn|6\n|\n|t:|1700907919\n|move|p1a: Stonks|Volt Switch|p2a: Ruby Tuesday\n|-damage|p2a: Ruby Tuesday|8\/100\n|\n|t:|1700907924\n|switch|p1a: Not Mega Scizor|Scizor, M|100\/100|[from] Volt Switch\n|-activate|p1a: Not Mega Scizor|move: Sticky Web\n|-unboost|p1a: Not Mega Scizor|spe|1\n|move|p2a: Ruby Tuesday|Scale Shot|p1a: Not Mega Scizor\n|-resisted|p1a: Not Mega Scizor\n|-damage|p1a: Not Mega Scizor|91\/100\n|-resisted|p1a: Not Mega Scizor\n|-damage|p1a: Not Mega Scizor|83\/100\n|-resisted|p1a: Not Mega Scizor\n|-damage|p1a: Not Mega Scizor|75\/100\n|-resisted|p1a: Not Mega Scizor\n|-damage|p1a: Not Mega Scizor|66\/100\n|-resisted|p1a: Not Mega Scizor\n|-damage|p1a: Not Mega Scizor|57\/100\n|-hitcount|p1a: Not Mega Scizor|5\n|-unboost|p2a: Ruby Tuesday|def|1\n|-boost|p2a: Ruby Tuesday|spe|1\n|\n|-heal|p1a: Not Mega Scizor|63\/100|[from] item: Leftovers\n|upkeep\n|turn|7\n|inactive|RovaRed has 120 seconds left.\n|\n|t:|1700907949\n|move|p1a: Not Mega Scizor|Bullet Punch|p2a: Ruby Tuesday\n|-resisted|p2a: Ruby Tuesday\n|-damage|p2a: Ruby Tuesday|0 fnt\n|faint|p2a: Ruby Tuesday\n|\n|-heal|p1a: Not Mega Scizor|69\/100|[from] item: Leftovers\n|upkeep\n|\n|t:|1700907965\n|switch|p2a: Ron Moth|Iron Moth|100\/100\n|-enditem|p2a: Ron Moth|Booster Energy\n|-activate|p2a: Ron Moth|ability: Quark Drive|[fromitem]\n|-start|p2a: Ron Moth|quarkdrivespa\n|turn|8\n|inactive|DA Scizor Enjoyer has 120 seconds left.\n|\n|t:|1700907996\n|switch|p1a: Smogon Wall|Toxapex, F|100\/100\n|-activate|p1a: Smogon Wall|move: Sticky Web\n|-unboost|p1a: Smogon Wall|spe|1\n|move|p2a: Ron Moth|Fiery Dance|p1a: Smogon Wall\n|-resisted|p1a: Smogon Wall\n|-damage|p1a: Smogon Wall|85\/100\n|\n|upkeep\n|turn|9\n|\n|t:|1700908008\n|move|p2a: Ron Moth|Fiery Dance|p1a: Smogon Wall\n|-resisted|p1a: Smogon Wall\n|-damage|p1a: Smogon Wall|68\/100\n|-boost|p2a: Ron Moth|spa|1\n|move|p1a: Smogon Wall|Surf|p2a: Ron Moth\n|-supereffective|p2a: Ron Moth\n|-damage|p2a: Ron Moth|40\/100\n|\n|upkeep\n|turn|10\n|inactive|DA Scizor Enjoyer has 120 seconds left.\n|\n|t:|1700908050\n|move|p2a: Ron Moth|Psychic|p1a: Smogon Wall\n|-supereffective|p1a: Smogon Wall\n|-damage|p1a: Smogon Wall|0 fnt\n|faint|p1a: Smogon Wall\n|\n|upkeep\n|\n|t:|1700908057\n|switch|p1a: Not Mega Scizor|Scizor, M|69\/100\n|-activate|p1a: Not Mega Scizor|move: Sticky Web\n|-unboost|p1a: Not Mega Scizor|spe|1\n|turn|11\n|inactive|RovaRed has 120 seconds left.\n|\n|t:|1700908065\n|move|p1a: Not Mega Scizor|Bullet Punch|p2a: Ron Moth\n|-resisted|p2a: Ron Moth\n|-damage|p2a: Ron Moth|11\/100\n|move|p2a: Ron Moth|Fiery Dance|p1a: Not Mega Scizor\n|-supereffective|p1a: Not Mega Scizor\n|-damage|p1a: Not Mega Scizor|0 fnt\n|faint|p1a: Not Mega Scizor\n|\n|upkeep\n|-message|DA Scizor Enjoyer forfeited.\n|\n|win|RovaRed\n|raw|DA Scizor Enjoyer's rating: 1322 &rarr; <strong>1302<\/strong><br \/>(-20 for losing)\n|raw|RovaRed's rating: 1328 &rarr; <strong>1348<\/strong><br \/>(+20 for winning)\n|l|\u2606DA Scizor Enjoyer\n","uploadtime":1700908088,"views":1,"p1id":"dascizorenjoyer","p2id":"rovared","formatid":"gen9ou","rating":1302,"private":0,"password":""}