{"id":"gen9ou-2000195895","p1":"Carbolo","p2":"ragavslasheralt","format":"[Gen 9] OU","log":"|j|\u2606Carbolo\n|j|\u2606ragavslasheralt\n|t:|1701170549\n|gametype|singles\n|player|p1|Carbolo|tate|1307\n|player|p2|ragavslasheralt|101|1276\n|teamsize|p1|6\n|teamsize|p2|6\n|gen|9\n|tier|[Gen 9] OU\n|rated|\n|rule|Sleep Clause Mod: Limit one foe put to sleep\n|rule|Species Clause: Limit one of each Pok\u00e9mon\n|rule|OHKO Clause: OHKO moves are banned\n|rule|Evasion Items Clause: Evasion items are banned\n|rule|Evasion Moves Clause: Evasion moves are banned\n|rule|Endless Battle Clause: Forcing endless battles is banned\n|rule|HP Percentage Mod: HP is shown in percentages\n|clearpoke\n|poke|p1|Dragapult, F|\n|poke|p1|Salamence, M|\n|poke|p1|Iron Moth|\n|poke|p1|Clodsire, M|\n|poke|p1|Meowscarada, M|\n|poke|p1|Iron Valiant|\n|poke|p2|Arcanine-Hisui, F|\n|poke|p2|Greninja-*, M|\n|poke|p2|Corviknight, F|\n|poke|p2|Iron Hands|\n|poke|p2|Slowking-Galar, M|\n|poke|p2|Landorus-Therian, M|\n|teampreview\n|inactive|Battle timer is ON: inactive players will automatically lose when time's up. (requested by ragavslasheralt)\n|\n|t:|1701170564\n|start\n|switch|p1a: Dragapult|Dragapult, F|100\/100\n|switch|p2a: Iron Hands|Iron Hands|100\/100\n|turn|1\n|\n|t:|1701170578\n|switch|p1a: Iron Moth|Iron Moth|100\/100\n|move|p2a: Iron Hands|Ice Punch|p1a: Iron Moth\n|-resisted|p1a: Iron Moth\n|-damage|p1a: Iron Moth|75\/100\n|\n|upkeep\n|turn|2\n|\n|t:|1701170589\n|-end|p2a: Iron Hands|Quark Drive|[silent]\n|switch|p2a: Arcanine|Arcanine-Hisui, F|100\/100\n|move|p1a: Iron Moth|Fiery Dance|p2a: Arcanine\n|-resisted|p2a: Arcanine\n|-damage|p2a: Arcanine|86\/100\n|-boost|p1a: Iron Moth|spa|1\n|\n|upkeep\n|turn|3\n|\n|t:|1701170605\n|-end|p1a: Iron Moth|Quark Drive|[silent]\n|switch|p1a: Clodsire|Clodsire, M|100\/100\n|move|p2a: Arcanine|Head Smash|p1a: Clodsire\n|-resisted|p1a: Clodsire\n|-damage|p1a: Clodsire|55\/100\n|\n|-heal|p1a: Clodsire|61\/100|[from] item: Black Sludge\n|upkeep\n|turn|4\n|\n|t:|1701170618\n|switch|p2a: Slowking|Slowking-Galar, M|100\/100\n|move|p1a: Clodsire|Toxic|p2a: Slowking\n|-immune|p2a: Slowking\n|\n|-heal|p1a: Clodsire|68\/100|[from] item: Black Sludge\n|upkeep\n|turn|5\n|\n|t:|1701170626\n|move|p1a: Clodsire|Earthquake|p2a: Slowking\n|-supereffective|p2a: Slowking\n|-damage|p2a: Slowking|40\/100\n|move|p2a: Slowking|Future Sight|p1a: Clodsire\n|-start|p2a: Slowking|move: Future Sight\n|\n|-heal|p1a: Clodsire|74\/100|[from] item: Black Sludge\n|upkeep\n|turn|6\n|\n|t:|1701170635\n|switch|p2a: Landorus|Landorus-Therian, M|100\/100\n|-ability|p2a: Landorus|Intimidate|boost\n|-unboost|p1a: Clodsire|atk|1\n|move|p1a: Clodsire|Earthquake|p2a: Landorus\n|-immune|p2a: Landorus\n|\n|-heal|p1a: Clodsire|80\/100|[from] item: Black Sludge\n|upkeep\n|turn|7\n|\n|t:|1701170653\n|switch|p1a: Meowscarada|Meowscarada, M|100\/100\n|move|p2a: Landorus|U-turn|p1a: Meowscarada\n|-supereffective|p1a: Meowscarada\n|-damage|p1a: Meowscarada|0 fnt\n|faint|p1a: Meowscarada\n|\n|t:|1701170660\n|switch|p2a: Iron Hands|Iron Hands|100\/100|[from] U-turn\n|\n|-hint|Future Sight did not hit because the target is fainted.\n|upkeep\n|\n|t:|1701170681\n|switch|p1a: Iron Valiant|Iron Valiant|100\/100\n|-enditem|p1a: Iron Valiant|Booster Energy\n|-activate|p1a: Iron Valiant|ability: Quark Drive|[fromitem]\n|-start|p1a: Iron Valiant|quarkdrivespe\n|turn|8\n|\n|t:|1701170688\n|move|p2a: Iron Hands|Fake Out|p1a: Iron Valiant\n|-damage|p1a: Iron Valiant|80\/100\n|cant|p1a: Iron Valiant|flinch\n|\n|upkeep\n|turn|9\n|\n|t:|1701170694\n|-end|p2a: Iron Hands|Quark Drive|[silent]\n|switch|p2a: Landorus|Landorus-Therian, M|100\/100\n|-ability|p2a: Landorus|Intimidate|boost\n|-unboost|p1a: Iron Valiant|atk|1\n|move|p1a: Iron Valiant|Moonblast|p2a: Landorus\n|-damage|p2a: Landorus|52\/100\n|-unboost|p2a: Landorus|spa|1\n|\n|-heal|p2a: Landorus|58\/100|[from] item: Leftovers\n|upkeep\n|turn|10\n|\n|t:|1701170705\n|move|p1a: Iron Valiant|Calm Mind|p1a: Iron Valiant\n|-boost|p1a: Iron Valiant|spa|1\n|-boost|p1a: Iron Valiant|spd|1\n|move|p2a: Landorus|Stealth Rock|p1a: Iron Valiant\n|-sidestart|p1: Carbolo|move: Stealth Rock\n|\n|-heal|p2a: Landorus|64\/100|[from] item: Leftovers\n|upkeep\n|turn|11\n|\n|t:|1701170718\n|switch|p2a: Slowking|Slowking-Galar, M|73\/100\n|move|p1a: Iron Valiant|Calm Mind|p1a: Iron Valiant\n|-boost|p1a: Iron Valiant|spa|1\n|-boost|p1a: Iron Valiant|spd|1\n|\n|upkeep\n|turn|12\n|\n|t:|1701170730\n|move|p1a: Iron Valiant|Calm Mind|p1a: Iron Valiant\n|-boost|p1a: Iron Valiant|spa|1\n|-boost|p1a: Iron Valiant|spd|1\n|move|p2a: Slowking|Future Sight|p1a: Iron Valiant\n|-start|p2a: Slowking|move: Future Sight\n|\n|upkeep\n|turn|13\n|\n|t:|1701170738\n|move|p1a: Iron Valiant|Shadow Ball|p2a: Slowking\n|-supereffective|p2a: Slowking\n|-crit|p2a: Slowking\n|-damage|p2a: Slowking|0 fnt\n|faint|p2a: Slowking\n|\n|upkeep\n|\n|t:|1701170743\n|switch|p2a: Greninja|Greninja, M|100\/100\n|turn|14\n|\n|t:|1701170747\n|move|p2a: Greninja|Water Shuriken|p1a: Iron Valiant\n|-damage|p1a: Iron Valiant|72\/100\n|-damage|p1a: Iron Valiant|65\/100\n|-damage|p1a: Iron Valiant|58\/100\n|-crit|p1a: Iron Valiant\n|-damage|p1a: Iron Valiant|32\/100\n|-damage|p1a: Iron Valiant|25\/100\n|-hitcount|p1a: Iron Valiant|5\n|move|p1a: Iron Valiant|Moonblast|p2a: Greninja\n|-supereffective|p2a: Greninja\n|-damage|p2a: Greninja|0 fnt\n|faint|p2a: Greninja\n|\n|-end|p1a: Iron Valiant|move: Future Sight\n|-supereffective|p1a: Iron Valiant\n|-damage|p1a: Iron Valiant|0 fnt\n|faint|p1a: Iron Valiant\n|-end|p1a: Iron Valiant|Quark Drive|[silent]\n|upkeep\n|\n|t:|1701170776\n|switch|p2a: Iron Hands|Iron Hands|100\/100\n|switch|p1a: Dragapult|Dragapult, F|100\/100\n|-damage|p1a: Dragapult|88\/100|[from] Stealth Rock\n|turn|15\n|inactive|Carbolo has 120 seconds left.\n|\n|t:|1701170795\n|switch|p1a: Iron Moth|Iron Moth|75\/100\n|-damage|p1a: Iron Moth|50\/100|[from] Stealth Rock\n|move|p2a: Iron Hands|Ice Punch|p1a: Iron Moth\n|-resisted|p1a: Iron Moth\n|-damage|p1a: Iron Moth|25\/100\n|\n|upkeep\n|turn|16\n|inactive|Carbolo has 120 seconds left.\n|\n|t:|1701170806\n|-end|p2a: Iron Hands|Quark Drive|[silent]\n|switch|p2a: Arcanine|Arcanine-Hisui, F|86\/100\n|move|p1a: Iron Moth|Sludge Wave|p2a: Arcanine\n|-resisted|p2a: Arcanine\n|-damage|p2a: Arcanine|50\/100\n|-status|p2a: Arcanine|psn\n|\n|-damage|p2a: Arcanine|38\/100 psn|[from] psn\n|upkeep\n|turn|17\n|\n|t:|1701170816\n|move|p1a: Iron Moth|Sludge Wave|p2a: Arcanine\n|-resisted|p2a: Arcanine\n|-damage|p2a: Arcanine|0 fnt\n|faint|p2a: Arcanine\n|\n|upkeep\n|\n|t:|1701170820\n|switch|p2a: Corviknight|Corviknight, F|100\/100\n|-ability|p2a: Corviknight|Pressure\n|turn|18\n|inactive|Carbolo has 120 seconds left.\n|\n|t:|1701170840\n|-end|p1a: Iron Moth|Quark Drive|[silent]\n|switch|p1a: Salamence|Salamence, M|100\/100\n|-damage|p1a: Salamence|75\/100|[from] Stealth Rock\n|move|p2a: Corviknight|Body Press|p1a: Salamence\n|-resisted|p1a: Salamence\n|-damage|p1a: Salamence|60\/100\n|\n|upkeep\n|turn|19\n|inactive|Carbolo has 120 seconds left.\n|\n|t:|1701170852\n|move|p1a: Salamence|Outrage|p2a: Corviknight\n|-resisted|p2a: Corviknight\n|-damage|p2a: Corviknight|78\/100\n|-damage|p1a: Salamence|44\/100|[from] item: Rocky Helmet|[of] p2a: Corviknight\n|move|p2a: Corviknight|Roost|p2a: Corviknight\n|-heal|p2a: Corviknight|100\/100\n|-singleturn|p2a: Corviknight|move: Roost\n|\n|upkeep\n|turn|20\n|\n|t:|1701170861\n|move|p1a: Salamence|Outrage|p2a: Corviknight|[from]lockedmove\n|-resisted|p2a: Corviknight\n|-damage|p2a: Corviknight|79\/100\n|-damage|p1a: Salamence|27\/100|[from] item: Rocky Helmet|[of] p2a: Corviknight\n|-start|p1a: Salamence|confusion|[fatigue]\n|move|p2a: Corviknight|U-turn|p1a: Salamence\n|-resisted|p1a: Salamence\n|-damage|p1a: Salamence|18\/100\n|\n|t:|1701170864\n|switch|p2a: Landorus|Landorus-Therian, M|64\/100|[from] U-turn\n|-ability|p2a: Landorus|Intimidate|boost\n|-unboost|p1a: Salamence|atk|1\n|\n|-heal|p2a: Landorus|70\/100|[from] item: Leftovers\n|upkeep\n|turn|21\n|\n|t:|1701170876\n|-activate|p1a: Salamence|confusion\n|move|p1a: Salamence|Outrage|p2a: Landorus\n|-damage|p2a: Landorus|34\/100\n|move|p2a: Landorus|U-turn|p1a: Salamence\n|-resisted|p1a: Salamence\n|-damage|p1a: Salamence|7\/100\n|\n|t:|1701170882\n|switch|p2a: Corviknight|Corviknight, F|79\/100|[from] U-turn\n|-ability|p2a: Corviknight|Pressure\n|\n|upkeep\n|turn|22\n|\n|t:|1701170888\n|-end|p1a: Salamence|confusion\n|move|p1a: Salamence|Outrage|p2a: Corviknight|[from]lockedmove\n|-resisted|p2a: Corviknight\n|-damage|p2a: Corviknight|65\/100\n|-damage|p1a: Salamence|0 fnt|[from] item: Rocky Helmet|[of] p2a: Corviknight\n|faint|p1a: Salamence\n|move|p2a: Corviknight|U-turn|p1: Salamence|[notarget]\n|-fail|p2a: Corviknight\n|\n|upkeep\n|\n|t:|1701170899\n|switch|p1a: Iron Moth|Iron Moth|25\/100\n|-damage|p1a: Iron Moth|0 fnt|[from] Stealth Rock\n|faint|p1a: Iron Moth\n|-end|p1a: Iron Moth|Quark Drive|[silent]\n|\n|t:|1701170904\n|switch|p1a: Dragapult|Dragapult, F|88\/100\n|-damage|p1a: Dragapult|76\/100|[from] Stealth Rock\n|turn|23\n|\n|t:|1701170909\n|move|p1a: Dragapult|Substitute|p1a: Dragapult\n|-start|p1a: Dragapult|Substitute\n|-damage|p1a: Dragapult|51\/100\n|move|p2a: Corviknight|U-turn|p1a: Dragapult\n|-resisted|p1a: Dragapult\n|-activate|p1a: Dragapult|move: Substitute|[damage]\n|\n|t:|1701170916\n|switch|p2a: Landorus|Landorus-Therian, M|34\/100|[from] U-turn\n|-ability|p2a: Landorus|Intimidate|boost\n|-immune|p1a: Dragapult\n|\n|-heal|p1a: Dragapult|57\/100|[from] item: Leftovers\n|-heal|p2a: Landorus|40\/100|[from] item: Leftovers\n|upkeep\n|turn|24\n|\n|t:|1701170925\n|move|p1a: Dragapult|Dragon Dance|p1a: Dragapult\n|-boost|p1a: Dragapult|atk|1\n|-boost|p1a: Dragapult|spe|1\n|move|p2a: Landorus|Earth Power|p1a: Dragapult\n|-end|p1a: Dragapult|Substitute\n|\n|-heal|p1a: Dragapult|63\/100|[from] item: Leftovers\n|-heal|p2a: Landorus|46\/100|[from] item: Leftovers\n|upkeep\n|turn|25\n|\n|t:|1701170936\n|move|p1a: Dragapult|Dragon Dance|p1a: Dragapult\n|-boost|p1a: Dragapult|atk|1\n|-boost|p1a: Dragapult|spe|1\n|move|p2a: Landorus|Earth Power|p1a: Dragapult\n|-damage|p1a: Dragapult|19\/100\n|\n|-heal|p1a: Dragapult|25\/100|[from] item: Leftovers\n|-heal|p2a: Landorus|52\/100|[from] item: Leftovers\n|upkeep\n|turn|26\n|\n|t:|1701170946\n|move|p1a: Dragapult|Dragon Darts|p2a: Landorus\n|-damage|p2a: Landorus|15\/100\n|-anim|p1a: Dragapult|Dragon Darts|p2a: Landorus\n|-damage|p2a: Landorus|0 fnt\n|faint|p2a: Landorus\n|\n|-heal|p1a: Dragapult|31\/100|[from] item: Leftovers\n|upkeep\n|\n|t:|1701170948\n|switch|p2a: Corviknight|Corviknight, F|65\/100\n|-ability|p2a: Corviknight|Pressure\n|turn|27\n|\n|t:|1701170958\n|move|p1a: Dragapult|Phantom Force||[still]\n|-prepare|p1a: Dragapult|Phantom Force\n|move|p2a: Corviknight|U-turn|p1a: Dragapult|[miss]\n|-miss|p2a: Corviknight|p1a: Dragapult\n|\n|-heal|p1a: Dragapult|37\/100|[from] item: Leftovers\n|upkeep\n|turn|28\n|\n|t:|1701170965\n|move|p1a: Dragapult|Phantom Force|p2a: Corviknight|[from]lockedmove\n|-damage|p2a: Corviknight|13\/100\n|-damage|p1a: Dragapult|20\/100|[from] item: Rocky Helmet|[of] p2a: Corviknight\n|move|p2a: Corviknight|Roost|p2a: Corviknight\n|-heal|p2a: Corviknight|63\/100\n|-singleturn|p2a: Corviknight|move: Roost\n|\n|-heal|p1a: Dragapult|26\/100|[from] item: Leftovers\n|upkeep\n|turn|29\n|\n|t:|1701170978\n|move|p1a: Dragapult|Substitute|p1a: Dragapult\n|-start|p1a: Dragapult|Substitute\n|-damage|p1a: Dragapult|1\/100\n|move|p2a: Corviknight|Roost|p2a: Corviknight\n|-heal|p2a: Corviknight|100\/100\n|-singleturn|p2a: Corviknight|move: Roost\n|\n|-heal|p1a: Dragapult|7\/100|[from] item: Leftovers\n|upkeep\n|turn|30\n|\n|t:|1701170987\n|move|p1a: Dragapult|Dragon Dance|p1a: Dragapult\n|-boost|p1a: Dragapult|atk|1\n|-boost|p1a: Dragapult|spe|1\n|move|p2a: Corviknight|U-turn|p1a: Dragapult\n|-resisted|p1a: Dragapult\n|-activate|p1a: Dragapult|move: Substitute|[damage]\n|\n|t:|1701170994\n|switch|p2a: Iron Hands|Iron Hands|100\/100|[from] U-turn\n|\n|-heal|p1a: Dragapult|13\/100|[from] item: Leftovers\n|upkeep\n|turn|31\n|\n|t:|1701171000\n|move|p1a: Dragapult|Dragon Darts|p2a: Iron Hands\n|-damage|p2a: Iron Hands|63\/100\n|-anim|p1a: Dragapult|Dragon Darts|p2a: Iron Hands\n|-damage|p2a: Iron Hands|22\/100\n|move|p2a: Iron Hands|Ice Punch|p1a: Dragapult\n|-supereffective|p1a: Dragapult\n|-end|p1a: Dragapult|Substitute\n|\n|-heal|p1a: Dragapult|19\/100|[from] item: Leftovers\n|upkeep\n|turn|32\n|\n|t:|1701171011\n|-end|p2a: Iron Hands|Quark Drive|[silent]\n|switch|p2a: Corviknight|Corviknight, F|100\/100\n|-ability|p2a: Corviknight|Pressure\n|move|p1a: Dragapult|Dragon Darts|p2a: Corviknight\n|-resisted|p2a: Corviknight\n|-damage|p2a: Corviknight|81\/100\n|-anim|p1a: Dragapult|Dragon Darts|p2a: Corviknight\n|-resisted|p2a: Corviknight\n|-damage|p2a: Corviknight|63\/100\n|\n|-heal|p1a: Dragapult|25\/100|[from] item: Leftovers\n|upkeep\n|turn|33\n|\n|t:|1701171023\n|move|p1a: Dragapult|Phantom Force||[still]\n|-prepare|p1a: Dragapult|Phantom Force\n|move|p2a: Corviknight|U-turn|p1a: Dragapult|[miss]\n|-miss|p2a: Corviknight|p1a: Dragapult\n|\n|-heal|p1a: Dragapult|31\/100|[from] item: Leftovers\n|upkeep\n|turn|34\n|\n|t:|1701171030\n|move|p1a: Dragapult|Phantom Force|p2a: Corviknight|[from]lockedmove\n|-damage|p2a: Corviknight|0 fnt\n|-damage|p1a: Dragapult|14\/100|[from] item: Rocky Helmet|[of] p2a: Corviknight\n|faint|p2a: Corviknight\n|\n|-heal|p1a: Dragapult|20\/100|[from] item: Leftovers\n|upkeep\n|\n|t:|1701171033\n|switch|p2a: Iron Hands|Iron Hands|22\/100\n|turn|35\n|-message|ragavslasheralt forfeited.\n|\n|win|Carbolo\n|raw|Carbolo's rating: 1307 &rarr; <strong>1326<\/strong><br \/>(+19 for winning)\n|raw|ragavslasheralt's rating: 1298 &rarr; <strong>1274<\/strong><br \/>(-24 for losing)\n|l|\u2606ragavslasheralt\n","uploadtime":1701171043,"views":2,"p1id":"carbolo","p2id":"ragavslasheralt","formatid":"gen9ou","rating":1274,"private":0,"password":""}