{"id":"gen9ou-1988402744","p1":"Im dumb srly","p2":"barracuda705","format":"[Gen 9] OU","log":"|j|\u2606Im dumb srly\n|j|\u2606barracuda705\n|inactive|Battle timer is ON: inactive players will automatically lose when time's up.\n|t:|1699719014\n|gametype|singles\n|player|p1|Im dumb srly|cheryl|\n|player|p2|barracuda705|cynthia|\n|teamsize|p1|3\n|teamsize|p2|3\n|gen|9\n|tier|[Gen 9] OU\n|rated|Tournament battle\n|rule|Sleep Clause Mod: Limit one foe put to sleep\n|rule|Species Clause: Limit one of each Pok\u00e9mon\n|rule|OHKO Clause: OHKO moves are banned\n|rule|Evasion Items Clause: Evasion items are banned\n|rule|Evasion Moves Clause: Evasion moves are banned\n|rule|Endless Battle Clause: Forcing endless battles is banned\n|rule|HP Percentage Mod: HP is shown in percentages\n|clearpoke\n|poke|p1|Skeledirge, F|\n|poke|p1|Milotic, M|\n|poke|p1|Hatenna, F|\n|poke|p2|Cloyster, M|\n|poke|p2|Inteleon, F|\n|poke|p2|Sandile, M|\n|teampreview\n|j|*Lady Monita \u263d\n|\n|t:|1699719029\n|start\n|switch|p1a: Hatenna|Hatenna, F|100\/100\n|switch|p2a: Sandile|Sandile, M|100\/100\n|turn|1\n|j| Poketough\n|c|\u2606barracuda705|oh fuck\n|j| Visegrad\n|c|\u2606barracuda705|i fucked up big time\n|\n|t:|1699719048\n|move|p2a: Sandile|Crunch|p1a: Hatenna\n|-supereffective|p1a: Hatenna\n|-enditem|p1a: Hatenna|Focus Sash\n|-damage|p1a: Hatenna|1\/100\n|move|p1a: Hatenna|Reflect|p1a: Hatenna\n|-sidestart|p1: Im dumb srly|Reflect\n|\n|upkeep\n|turn|2\n|c|\u2606Im dumb srly|This isn\u2019t a good match up for my fire type\n|j| BigSilverBilver\n|\n|t:|1699719061\n|switch|p2a: Cloyster|Cloyster, M, shiny|100\/100\n|move|p1a: Hatenna|Nuzzle|p2a: Cloyster\n|-supereffective|p2a: Cloyster\n|-crit|p2a: Cloyster\n|-damage|p2a: Cloyster|95\/100\n|-status|p2a: Cloyster|par\n|\n|upkeep\n|turn|3\n|\n|t:|1699719065\n|move|p1a: Hatenna|Mystical Fire|p2a: Cloyster\n|-damage|p2a: Cloyster|69\/100 par\n|-unboost|p2a: Cloyster|spa|1\n|-enditem|p2a: Cloyster|White Herb\n|-clearnegativeboost|p2a: Cloyster|[silent]\n|move|p2a: Cloyster|Shell Smash|p2a: Cloyster\n|-unboost|p2a: Cloyster|def|1\n|-unboost|p2a: Cloyster|spd|1\n|-boost|p2a: Cloyster|atk|2\n|-boost|p2a: Cloyster|spa|2\n|-boost|p2a: Cloyster|spe|2\n|\n|upkeep\n|turn|4\n|\n|t:|1699719074\n|cant|p2a: Cloyster|par\n|move|p1a: Hatenna|Mystical Fire|p2a: Cloyster\n|-damage|p2a: Cloyster|31\/100 par\n|-unboost|p2a: Cloyster|spa|1\n|\n|upkeep\n|turn|5\n|\n|t:|1699719078\n|move|p2a: Cloyster|Icicle Spear|p1a: Hatenna\n|-damage|p1a: Hatenna|0 fnt\n|faint|p1a: Hatenna\n|-hitcount|p1: Hatenna|1\n|\n|-sideend|p1: Im dumb srly|Reflect\n|upkeep\n|\n|t:|1699719088\n|switch|p1a: Milotic|Milotic, M|100\/100\n|turn|6\n|\n|t:|1699719091\n|cant|p2a: Cloyster|par\n|move|p1a: Milotic|Hydro Pump|p2a: Cloyster\n|-resisted|p2a: Cloyster\n|-damage|p2a: Cloyster|0 fnt\n|faint|p2a: Cloyster\n|\n|upkeep\n|\n|t:|1699719103\n|switch|p2a: Sandile|Sandile, M|100\/100\n|turn|7\n|\n|t:|1699719107\n|-terastallize|p2a: Sandile|Poison\n|move|p2a: Sandile|Crunch|p1a: Milotic\n|-damage|p1a: Milotic|70\/100\n|move|p1a: Milotic|Hydro Pump|p2a: Sandile\n|-damage|p2a: Sandile|0 fnt\n|faint|p2a: Sandile\n|\n|-heal|p1a: Milotic|76\/100|[from] item: Leftovers\n|upkeep\n|\n|t:|1699719113\n|switch|p2a: Inteleon|Inteleon, F, shiny|100\/100\n|turn|8\n|j| Bobem\n|\n|t:|1699719118\n|move|p2a: Inteleon|Dark Pulse|p1a: Milotic\n|-damage|p1a: Milotic|45\/100\n|move|p1a: Milotic|Hydro Pump|p2a: Inteleon\n|-resisted|p2a: Inteleon\n|-damage|p2a: Inteleon|55\/100\n|\n|-heal|p1a: Milotic|51\/100|[from] item: Leftovers\n|upkeep\n|turn|9\n|c|\u2606barracuda705|gg\n|\n|t:|1699719123\n|move|p2a: Inteleon|Dark Pulse|p1a: Milotic\n|-damage|p1a: Milotic|23\/100\n|move|p1a: Milotic|Hydro Pump|p2a: Inteleon\n|-resisted|p2a: Inteleon\n|-damage|p2a: Inteleon|10\/100\n|\n|-heal|p1a: Milotic|29\/100|[from] item: Leftovers\n|upkeep\n|turn|10\n|c|\u2606Im dumb srly|Gg\n|\n|t:|1699719127\n|move|p2a: Inteleon|Dark Pulse|p1a: Milotic\n|-damage|p1a: Milotic|0 fnt\n|faint|p1a: Milotic\n|\n|upkeep\n|\n|t:|1699719131\n|switch|p1a: Skeledirge|Skeledirge, F, shiny|100\/100\n|turn|11\n|l| Bobem\n|c|\u2606barracuda705|wp\n|\n|t:|1699719137\n|-terastallize|p1a: Skeledirge|Water\n|move|p2a: Inteleon|Dark Pulse|p1a: Skeledirge\n|-damage|p1a: Skeledirge|58\/100\n|move|p1a: Skeledirge|Torch Song|p2a: Inteleon\n|-resisted|p2a: Inteleon\n|-damage|p2a: Inteleon|0 fnt\n|-boost|p1a: Skeledirge|spa|1\n|faint|p2a: Inteleon\n|\n|win|Im dumb srly\n|n|\u2606Im dumb srly|imdumbsrly\n|n|\u2606barracuda705|barracuda705\n|n|*Lady Monita \u263d|ladymonita\n|n| Poketough|poketough\n|n| Visegrad|visegrad\n|n| BigSilverBilver|bigsilverbilver\n","uploadtime":1699719138,"views":15,"p1id":"imdumbsrly","p2id":"barracuda705","formatid":"gen9ou","rating":0,"private":0,"password":""}