{"id":"gen9ou-1993598999","p1":"SirBoogerBrain","p2":"shebutgay","format":"[Gen 9] OU","log":"|j|\u2606SirBoogerBrain\n|j|\u2606shebutgay\n|t:|1700336003\n|gametype|singles\n|player|p1|SirBoogerBrain|burglar-gen2|1195\n|player|p2|shebutgay|lass-gen4dp|1197\n|teamsize|p1|6\n|teamsize|p2|6\n|gen|9\n|tier|[Gen 9] OU\n|rated|\n|rule|Sleep Clause Mod: Limit one foe put to sleep\n|rule|Species Clause: Limit one of each Pok\u00e9mon\n|rule|OHKO Clause: OHKO moves are banned\n|rule|Evasion Items Clause: Evasion items are banned\n|rule|Evasion Moves Clause: Evasion moves are banned\n|rule|Endless Battle Clause: Forcing endless battles is banned\n|rule|HP Percentage Mod: HP is shown in percentages\n|clearpoke\n|poke|p1|Iron Valiant|\n|poke|p1|Kingambit, F|\n|poke|p1|Great Tusk|\n|poke|p1|Garchomp, M|\n|poke|p1|Moltres|\n|poke|p1|Amoonguss, F|\n|poke|p2|Ninetales-Alola, M|\n|poke|p2|Dondozo, F|\n|poke|p2|Great Tusk|\n|poke|p2|Heatran, F|\n|poke|p2|Zamazenta-*|\n|poke|p2|Glimmora, F|\n|teampreview\n|inactive|Battle timer is ON: inactive players will automatically lose when time's up. (requested by SirBoogerBrain)\n|inactive|SirBoogerBrain has 120 seconds left.\n|\n|t:|1700336037\n|start\n|switch|p1a: Onyx Razor|Kingambit, F|100\/100\n|switch|p2a: Zamazenta|Zamazenta|100\/100\n|-ability|p2a: Zamazenta|Dauntless Shield|boost\n|-boost|p2a: Zamazenta|def|1\n|turn|1\n|\n|t:|1700336046\n|-end|p1a: Onyx Razor|fallenundefined|[silent]\n|switch|p1a: Pyre Raptor|Moltres|100\/100\n|move|p2a: Zamazenta|Body Press|p1a: Pyre Raptor\n|-resisted|p1a: Pyre Raptor\n|-damage|p1a: Pyre Raptor|81\/100\n|\n|upkeep\n|turn|2\n|\n|t:|1700336056\n|switch|p2a: Heatran|Heatran, F|100\/100\n|switch|p1a: Bloom Warden|Amoonguss, F|100\/100\n|\n|upkeep\n|turn|3\n|\n|t:|1700336070\n|switch|p1a: Abyssal Fin|Garchomp, M|100\/100\n|move|p2a: Heatran|Lava Plume|p1a: Abyssal Fin\n|-resisted|p1a: Abyssal Fin\n|-damage|p1a: Abyssal Fin|81\/100\n|-status|p1a: Abyssal Fin|brn\n|\n|-heal|p1a: Abyssal Fin|87\/100 brn|[from] item: Leftovers\n|-damage|p1a: Abyssal Fin|81\/100 brn|[from] brn\n|upkeep\n|turn|4\n|\n|t:|1700336085\n|switch|p2a: Dondozo|Dondozo, F|100\/100\n|move|p1a: Abyssal Fin|Stealth Rock|p2a: Dondozo\n|-sidestart|p2: shebutgay|move: Stealth Rock\n|\n|-heal|p1a: Abyssal Fin|87\/100 brn|[from] item: Leftovers\n|-damage|p1a: Abyssal Fin|81\/100 brn|[from] brn\n|upkeep\n|turn|5\n|\n|t:|1700336098\n|switch|p1a: Bloom Warden|Amoonguss, F|100\/100\n|move|p2a: Dondozo|Liquidation|p1a: Bloom Warden\n|-resisted|p1a: Bloom Warden\n|-damage|p1a: Bloom Warden|89\/100\n|-damage|p2a: Dondozo|84\/100|[from] item: Rocky Helmet|[of] p1a: Bloom Warden\n|\n|-heal|p2a: Dondozo|90\/100|[from] item: Leftovers\n|upkeep\n|turn|6\n|\n|t:|1700336107\n|switch|p2a: Glimmora|Glimmora, F|100\/100\n|-damage|p2a: Glimmora|88\/100|[from] Stealth Rock\n|move|p1a: Bloom Warden|Spore|p2a: Glimmora\n|-status|p2a: Glimmora|slp|[from] move: Spore\n|\n|upkeep\n|turn|7\n|\n|t:|1700336125\n|switch|p1a: Abyssal Fin|Garchomp, M|81\/100 brn\n|cant|p2a: Glimmora|slp\n|\n|-heal|p1a: Abyssal Fin|87\/100 brn|[from] item: Leftovers\n|-damage|p1a: Abyssal Fin|81\/100 brn|[from] brn\n|upkeep\n|turn|8\n|\n|t:|1700336144\n|switch|p2a: Dondozo|Dondozo, F|90\/100\n|-damage|p2a: Dondozo|77\/100|[from] Stealth Rock\n|move|p1a: Abyssal Fin|Spikes|p2a: Dondozo\n|-sidestart|p2: shebutgay|Spikes\n|\n|-heal|p1a: Abyssal Fin|87\/100 brn|[from] item: Leftovers\n|-heal|p2a: Dondozo|84\/100|[from] item: Leftovers\n|-damage|p1a: Abyssal Fin|81\/100 brn|[from] brn\n|upkeep\n|turn|9\n|\n|t:|1700336155\n|switch|p1a: Bloom Warden|Amoonguss, F|100\/100\n|move|p2a: Dondozo|Liquidation|p1a: Bloom Warden\n|-resisted|p1a: Bloom Warden\n|-damage|p1a: Bloom Warden|89\/100\n|-damage|p2a: Dondozo|67\/100|[from] item: Rocky Helmet|[of] p1a: Bloom Warden\n|\n|-heal|p2a: Dondozo|73\/100|[from] item: Leftovers\n|upkeep\n|turn|10\n|\n|t:|1700336166\n|move|p2a: Dondozo|Body Press|p1a: Bloom Warden\n|-resisted|p1a: Bloom Warden\n|-damage|p1a: Bloom Warden|77\/100\n|-damage|p2a: Dondozo|56\/100|[from] item: Rocky Helmet|[of] p1a: Bloom Warden\n|move|p1a: Bloom Warden|Giga Drain|p2a: Dondozo\n|-supereffective|p2a: Dondozo\n|-damage|p2a: Dondozo|10\/100\n|-heal|p1a: Bloom Warden|100\/100|[from] drain|[of] p2a: Dondozo\n|\n|-heal|p2a: Dondozo|16\/100|[from] item: Leftovers\n|upkeep\n|turn|11\n|\n|t:|1700336180\n|move|p2a: Dondozo|Rest|p2a: Dondozo\n|-status|p2a: Dondozo|slp|[from] move: Rest\n|-heal|p2a: Dondozo|100\/100 slp|[silent]\n|move|p1a: Bloom Warden|Giga Drain|p2a: Dondozo\n|-supereffective|p2a: Dondozo\n|-crit|p2a: Dondozo\n|-damage|p2a: Dondozo|34\/100 slp\n|\n|-heal|p2a: Dondozo|40\/100 slp|[from] item: Leftovers\n|upkeep\n|turn|12\n|\n|t:|1700336191\n|switch|p2a: Glimmora|Glimmora, F|88\/100 slp\n|-damage|p2a: Glimmora|76\/100 slp|[from] Stealth Rock\n|-damage|p2a: Glimmora|63\/100 slp|[from] Spikes\n|move|p1a: Bloom Warden|Giga Drain|p2a: Glimmora\n|-damage|p2a: Glimmora|36\/100 slp\n|\n|upkeep\n|turn|13\n|\n|t:|1700336208\n|cant|p2a: Glimmora|slp\n|move|p1a: Bloom Warden|Giga Drain|p2a: Glimmora\n|-damage|p2a: Glimmora|7\/100 slp\n|\n|upkeep\n|turn|14\n|\n|t:|1700336213\n|-curestatus|p2a: Glimmora|slp|[msg]\n|move|p2a: Glimmora|Mortal Spin|p1a: Bloom Warden\n|-damage|p1a: Bloom Warden|95\/100\n|-damage|p2a: Glimmora|0 fnt|[from] item: Rocky Helmet|[of] p1a: Bloom Warden\n|faint|p2a: Glimmora\n|move|p1a: Bloom Warden|Giga Drain|p2: Glimmora|[notarget]\n|-fail|p1a: Bloom Warden\n|\n|upkeep\n|\n|t:|1700336228\n|switch|p2a: Heatran|Heatran, F|100\/100\n|-damage|p2a: Heatran|88\/100|[from] Stealth Rock\n|-damage|p2a: Heatran|76\/100|[from] Spikes\n|turn|15\n|\n|t:|1700336242\n|switch|p1a: Pyre Raptor|Moltres|81\/100\n|move|p2a: Heatran|Magma Storm|p1a: Pyre Raptor|[miss]\n|-miss|p2a: Heatran|p1a: Pyre Raptor\n|\n|upkeep\n|turn|16\n|\n|t:|1700336249\n|move|p1a: Pyre Raptor|Roost|p1a: Pyre Raptor\n|-heal|p1a: Pyre Raptor|100\/100\n|-singleturn|p1a: Pyre Raptor|move: Roost\n|move|p2a: Heatran|Power Gem|p1a: Pyre Raptor\n|-supereffective|p1a: Pyre Raptor\n|-damage|p1a: Pyre Raptor|39\/100\n|\n|upkeep\n|turn|17\n|\n|t:|1700336270\n|switch|p1a: Abyssal Fin|Garchomp, M|81\/100 brn\n|move|p2a: Heatran|Magma Storm|p1a: Abyssal Fin\n|-resisted|p1a: Abyssal Fin\n|-damage|p1a: Abyssal Fin|58\/100 brn\n|-activate|p1a: Abyssal Fin|move: Magma Storm|[of] p2a: Heatran\n|\n|-heal|p1a: Abyssal Fin|64\/100 brn|[from] item: Leftovers\n|-damage|p1a: Abyssal Fin|58\/100 brn|[from] brn\n|-damage|p1a: Abyssal Fin|45\/100 brn|[from] move: Magma Storm|[partiallytrapped]\n|upkeep\n|turn|18\n|inactive|shebutgay has 120 seconds left.\n|\n|t:|1700336296\n|move|p1a: Abyssal Fin|Earthquake|p2a: Heatran\n|-supereffective|p2a: Heatran\n|-damage|p2a: Heatran|2\/100\n|move|p2a: Heatran|Lava Plume|p1a: Abyssal Fin\n|-resisted|p1a: Abyssal Fin\n|-damage|p1a: Abyssal Fin|28\/100 brn\n|\n|-heal|p1a: Abyssal Fin|34\/100 brn|[from] item: Leftovers\n|-damage|p1a: Abyssal Fin|28\/100 brn|[from] brn\n|-damage|p1a: Abyssal Fin|16\/100 brn|[from] move: Magma Storm|[partiallytrapped]\n|upkeep\n|turn|19\n|inactive|shebutgay has 120 seconds left.\n|\n|t:|1700336309\n|move|p1a: Abyssal Fin|Earthquake|p2a: Heatran\n|-supereffective|p2a: Heatran\n|-damage|p2a: Heatran|0 fnt\n|faint|p2a: Heatran\n|\n|-heal|p1a: Abyssal Fin|22\/100 brn|[from] item: Leftovers\n|-damage|p1a: Abyssal Fin|16\/100 brn|[from] brn\n|-end|p1a: Abyssal Fin|Magma Storm|[partiallytrapped]|[silent]\n|upkeep\n|\n|t:|1700336314\n|switch|p2a: Dondozo|Dondozo, F|40\/100 slp\n|-damage|p2a: Dondozo|27\/100 slp|[from] Stealth Rock\n|-damage|p2a: Dondozo|15\/100 slp|[from] Spikes\n|turn|20\n|\n|t:|1700336318\n|move|p1a: Abyssal Fin|Spikes|p2a: Dondozo\n|-sidestart|p2: shebutgay|Spikes\n|cant|p2a: Dondozo|slp\n|\n|-heal|p1a: Abyssal Fin|22\/100 brn|[from] item: Leftovers\n|-heal|p2a: Dondozo|21\/100 slp|[from] item: Leftovers\n|-damage|p1a: Abyssal Fin|16\/100 brn|[from] brn\n|upkeep\n|turn|21\n|\n|t:|1700336327\n|move|p1a: Abyssal Fin|Spikes|p2a: Dondozo\n|-sidestart|p2: shebutgay|Spikes\n|cant|p2a: Dondozo|slp\n|\n|-heal|p1a: Abyssal Fin|22\/100 brn|[from] item: Leftovers\n|-heal|p2a: Dondozo|27\/100 slp|[from] item: Leftovers\n|-damage|p1a: Abyssal Fin|16\/100 brn|[from] brn\n|upkeep\n|turn|22\n|\n|t:|1700336330\n|switch|p1a: Bloom Warden|Amoonguss, F|100\/100\n|-curestatus|p2a: Dondozo|slp|[msg]\n|move|p2a: Dondozo|Rest|p2a: Dondozo\n|-status|p2a: Dondozo|slp|[from] move: Rest\n|-heal|p2a: Dondozo|100\/100 slp|[silent]\n|\n|upkeep\n|turn|23\n|\n|t:|1700336350\n|switch|p2a: Zamazenta|Zamazenta|100\/100\n|-damage|p2a: Zamazenta|94\/100|[from] Stealth Rock\n|-damage|p2a: Zamazenta|69\/100|[from] Spikes\n|move|p1a: Bloom Warden|Giga Drain|p2a: Zamazenta\n|-damage|p2a: Zamazenta|50\/100\n|\n|upkeep\n|turn|24\n|\n|t:|1700336370\n|move|p2a: Zamazenta|Iron Defense|p2a: Zamazenta\n|-boost|p2a: Zamazenta|def|2\n|move|p1a: Bloom Warden|Sludge Bomb|p2a: Zamazenta\n|-damage|p2a: Zamazenta|26\/100\n|-status|p2a: Zamazenta|psn\n|\n|-damage|p2a: Zamazenta|14\/100 psn|[from] psn\n|upkeep\n|turn|25\n|inactive|shebutgay has 120 seconds left.\n|\n|t:|1700336398\n|move|p2a: Zamazenta|Heavy Slam|p1a: Bloom Warden\n|-damage|p1a: Bloom Warden|73\/100\n|-damage|p2a: Zamazenta|0 fnt|[from] item: Rocky Helmet|[of] p1a: Bloom Warden\n|faint|p2a: Zamazenta\n|move|p1a: Bloom Warden|Sludge Bomb|p2: Zamazenta|[notarget]\n|-fail|p1a: Bloom Warden\n|\n|upkeep\n|\n|t:|1700336404\n|switch|p2a: Ninetales|Ninetales-Alola, M|100\/100\n|-damage|p2a: Ninetales|76\/100|[from] Stealth Rock\n|-damage|p2a: Ninetales|51\/100|[from] Spikes\n|-weather|Snow|[from] ability: Snow Warning|[of] p2a: Ninetales\n|turn|26\n|\n|t:|1700336416\n|move|p2a: Ninetales|Freeze-Dry|p1a: Bloom Warden\n|-supereffective|p1a: Bloom Warden\n|-damage|p1a: Bloom Warden|25\/100\n|move|p1a: Bloom Warden|Sludge Bomb|p2a: Ninetales\n|-supereffective|p2a: Ninetales\n|-damage|p2a: Ninetales|0 fnt\n|faint|p2a: Ninetales\n|\n|-weather|Snow|[upkeep]\n|upkeep\n|-message|shebutgay forfeited.\n|\n|win|SirBoogerBrain\n|raw|SirBoogerBrain's rating: 1195 &rarr; <strong>1220<\/strong><br \/>(+25 for winning)\n|raw|shebutgay's rating: 1197 &rarr; <strong>1172<\/strong><br \/>(-25 for losing)\n|c|\u2606SirBoogerBrain|gg\n","uploadtime":1700336436,"views":9,"p1id":"sirboogerbrain","p2id":"shebutgay","formatid":"gen9ou","rating":1172,"private":0,"password":""}