{"id":"gen9ou-1996831879","p1":"Shashi22","p2":"Paddy","format":"[Gen 9] OU","log":"|j|\u2606Shashi22\n|j|\u2606Paddy\n|t:|1700732422\n|gametype|singles\n|player|p1|Shashi22|ash|1330\n|player|p2|Paddy|101|1323\n|teamsize|p1|6\n|teamsize|p2|6\n|gen|9\n|tier|[Gen 9] OU\n|rated|\n|rule|Sleep Clause Mod: Limit one foe put to sleep\n|rule|Species Clause: Limit one of each Pok\u00e9mon\n|rule|OHKO Clause: OHKO moves are banned\n|rule|Evasion Items Clause: Evasion items are banned\n|rule|Evasion Moves Clause: Evasion moves are banned\n|rule|Endless Battle Clause: Forcing endless battles is banned\n|rule|HP Percentage Mod: HP is shown in percentages\n|clearpoke\n|poke|p1|Zapdos|\n|poke|p1|Great Tusk|\n|poke|p1|Dragapult, M|\n|poke|p1|Iron Moth|\n|poke|p1|Amoonguss, F|\n|poke|p1|Kingambit, M|\n|poke|p2|Quaquaval, M|\n|poke|p2|Garganacl, M|\n|poke|p2|Iron Valiant|\n|poke|p2|Talonflame, F|\n|poke|p2|Iron Moth|\n|poke|p2|Jirachi|\n|teampreview\n|inactive|Battle timer is ON: inactive players will automatically lose when time's up. (requested by Shashi22)\n|c|\u2606Shashi22|glhf\n|\n|t:|1700732436\n|start\n|switch|p1a: Zapdos|Zapdos|100\/100\n|switch|p2a: Jirachi|Jirachi|100\/100\n|turn|1\n|\n|t:|1700732450\n|switch|p2a: Garganacl|Garganacl, M|100\/100\n|move|p1a: Zapdos|Thunderbolt|p2a: Garganacl\n|-damage|p2a: Garganacl|76\/100\n|\n|-heal|p2a: Garganacl|83\/100|[from] item: Leftovers\n|upkeep\n|turn|2\n|\n|t:|1700732455\n|move|p1a: Zapdos|U-turn|p2a: Garganacl\n|-damage|p2a: Garganacl|73\/100\n|\n|t:|1700732460\n|switch|p1a: Amoonguss|Amoonguss, F|100\/100|[from] U-turn\n|move|p2a: Garganacl|Salt Cure|p1a: Amoonguss\n|-damage|p1a: Amoonguss|88\/100\n|-start|p1a: Amoonguss|Salt Cure\n|\n|-heal|p2a: Garganacl|79\/100|[from] item: Leftovers\n|-damage|p1a: Amoonguss|76\/100|[from] Salt Cure\n|upkeep\n|turn|3\n|\n|t:|1700732473\n|switch|p2a: Talonflame|Talonflame, F|100\/100\n|move|p1a: Amoonguss|Giga Drain|p2a: Talonflame\n|-resisted|p2a: Talonflame\n|-damage|p2a: Talonflame|94\/100\n|-heal|p1a: Amoonguss|78\/100|[from] drain|[of] p2a: Talonflame\n|\n|-damage|p1a: Amoonguss|66\/100|[from] Salt Cure\n|upkeep\n|turn|4\n|\n|t:|1700732480\n|switch|p2a: Garganacl|Garganacl, M|79\/100\n|switch|p1a: Great Tusk|Great Tusk|100\/100\n|\n|-heal|p2a: Garganacl|85\/100|[from] item: Leftovers\n|upkeep\n|turn|5\n|\n|t:|1700732493\n|move|p1a: Great Tusk|Knock Off|p2a: Garganacl\n|-damage|p2a: Garganacl|64\/100\n|-enditem|p2a: Garganacl|Leftovers|[from] move: Knock Off|[of] p1a: Great Tusk\n|move|p2a: Garganacl|Iron Defense|p2a: Garganacl\n|-boost|p2a: Garganacl|def|2\n|\n|upkeep\n|turn|6\n|\n|t:|1700732500\n|move|p1a: Great Tusk|Headlong Rush|p2a: Garganacl\n|-supereffective|p2a: Garganacl\n|-damage|p2a: Garganacl|25\/100\n|-unboost|p1a: Great Tusk|def|1\n|-unboost|p1a: Great Tusk|spd|1\n|move|p2a: Garganacl|Salt Cure|p1a: Great Tusk\n|-resisted|p1a: Great Tusk\n|-damage|p1a: Great Tusk|97\/100\n|-start|p1a: Great Tusk|Salt Cure\n|\n|-damage|p1a: Great Tusk|85\/100|[from] Salt Cure\n|upkeep\n|turn|7\n|\n|t:|1700732507\n|-terastallize|p2a: Garganacl|Water\n|move|p1a: Great Tusk|Knock Off|p2a: Garganacl\n|-damage|p2a: Garganacl|17\/100\n|move|p2a: Garganacl|Recover|p2a: Garganacl\n|-heal|p2a: Garganacl|67\/100\n|\n|-damage|p1a: Great Tusk|72\/100|[from] Salt Cure\n|upkeep\n|turn|8\n|\n|t:|1700732517\n|-end|p1a: Great Tusk|Protosynthesis|[silent]\n|switch|p1a: Amoonguss|Amoonguss, F|99\/100\n|move|p2a: Garganacl|Iron Defense|p2a: Garganacl\n|-boost|p2a: Garganacl|def|2\n|\n|upkeep\n|turn|9\n|\n|t:|1700732529\n|move|p2a: Garganacl|Salt Cure|p1a: Amoonguss\n|-damage|p1a: Amoonguss|87\/100\n|-start|p1a: Amoonguss|Salt Cure\n|move|p1a: Amoonguss|Spore|p2a: Garganacl\n|-immune|p2a: Garganacl|[from] ability: Purifying Salt\n|\n|-damage|p1a: Amoonguss|75\/100|[from] Salt Cure\n|upkeep\n|turn|10\n|\n|t:|1700732539\n|move|p2a: Garganacl|Body Press|p1a: Amoonguss\n|-resisted|p1a: Amoonguss\n|-damage|p1a: Amoonguss|43\/100\n|-damage|p2a: Garganacl|51\/100|[from] item: Rocky Helmet|[of] p1a: Amoonguss\n|move|p1a: Amoonguss|Spore|p2a: Garganacl\n|-immune|p2a: Garganacl|[from] ability: Purifying Salt\n|\n|-damage|p1a: Amoonguss|31\/100|[from] Salt Cure\n|upkeep\n|turn|11\n|\n|t:|1700732548\n|switch|p1a: Zapdos|Zapdos|100\/100\n|move|p2a: Garganacl|Recover|p2a: Garganacl\n|-heal|p2a: Garganacl|100\/100\n|\n|upkeep\n|turn|12\n|l|\u2606Paddy\n|inactive|Paddy disconnected and has a minute to reconnect!\n|player|p2|\n|j|\u2606Paddy\n|inactive|Paddy reconnected and has 145 seconds left.\n|player|p2|Paddy|101\n|\n|t:|1700732557\n|move|p1a: Zapdos|Thunderbolt|p2a: Garganacl\n|-supereffective|p2a: Garganacl\n|-damage|p2a: Garganacl|48\/100\n|move|p2a: Garganacl|Salt Cure|p1a: Zapdos\n|-supereffective|p1a: Zapdos\n|-damage|p1a: Zapdos|77\/100\n|-start|p1a: Zapdos|Salt Cure\n|\n|-damage|p1a: Zapdos|65\/100|[from] Salt Cure\n|upkeep\n|turn|13\n|\n|t:|1700732567\n|switch|p2a: Jirachi|Jirachi|100\/100\n|move|p1a: Zapdos|Thunderbolt|p2a: Jirachi\n|-damage|p2a: Jirachi|63\/100\n|\n|-damage|p1a: Zapdos|52\/100|[from] Salt Cure\n|upkeep\n|turn|14\n|\n|t:|1700732576\n|move|p2a: Jirachi|Ice Punch|p1a: Zapdos\n|-supereffective|p1a: Zapdos\n|-crit|p1a: Zapdos\n|-damage|p1a: Zapdos|4\/100\n|-damage|p2a: Jirachi|46\/100|[from] item: Rocky Helmet|[of] p1a: Zapdos\n|move|p1a: Zapdos|U-turn|p2a: Jirachi\n|-damage|p2a: Jirachi|32\/100\n|\n|t:|1700732582\n|switch|p1a: Dragapult|Dragapult, M|100\/100|[from] U-turn\n|\n|upkeep\n|turn|15\n|\n|t:|1700732585\n|move|p2a: Jirachi|Ice Punch|p1a: Dragapult\n|-supereffective|p1a: Dragapult\n|-damage|p1a: Dragapult|38\/100\n|-status|p1a: Dragapult|frz\n|cant|p1a: Dragapult|frz\n|\n|-heal|p1a: Dragapult|44\/100 frz|[from] item: Leftovers\n|upkeep\n|turn|16\n|\n|t:|1700732594\n|-terastallize|p1a: Dragapult|Fire\n|move|p2a: Jirachi|Ice Punch|p1a: Dragapult\n|-resisted|p1a: Dragapult\n|-damage|p1a: Dragapult|30\/100 frz\n|cant|p1a: Dragapult|frz\n|\n|-heal|p1a: Dragapult|36\/100 frz|[from] item: Leftovers\n|upkeep\n|turn|17\n|\n|t:|1700732606\n|switch|p2a: Quaquaval|Quaquaval, M|100\/100\n|cant|p1a: Dragapult|frz\n|\n|-heal|p1a: Dragapult|42\/100 frz|[from] item: Leftovers\n|upkeep\n|turn|18\n|\n|t:|1700732613\n|cant|p1a: Dragapult|frz\n|move|p2a: Quaquaval|Aqua Step|p1a: Dragapult\n|-supereffective|p1a: Dragapult\n|-damage|p1a: Dragapult|0 fnt\n|-boost|p2a: Quaquaval|spe|1\n|faint|p1a: Dragapult\n|-ability|p2a: Quaquaval|Moxie|boost\n|-boost|p2a: Quaquaval|atk|1\n|\n|upkeep\n|\n|t:|1700732619\n|switch|p1a: Iron Moth|Iron Moth|100\/100\n|-enditem|p1a: Iron Moth|Booster Energy\n|-activate|p1a: Iron Moth|ability: Quark Drive|[fromitem]\n|-start|p1a: Iron Moth|quarkdrivespe\n|turn|19\n|\n|t:|1700732631\n|switch|p2a: Garganacl|Garganacl, M, tera:Water|48\/100\n|move|p1a: Iron Moth|Energy Ball|p2a: Garganacl\n|-supereffective|p2a: Garganacl\n|-damage|p2a: Garganacl|6\/100\n|\n|upkeep\n|turn|20\n|\n|t:|1700732641\n|switch|p2a: Talonflame|Talonflame, F|94\/100\n|move|p1a: Iron Moth|Fiery Dance|p2a: Talonflame\n|-resisted|p2a: Talonflame\n|-damage|p2a: Talonflame|68\/100\n|-boost|p1a: Iron Moth|spa|1\n|\n|upkeep\n|turn|21\n|\n|t:|1700732653\n|move|p1a: Iron Moth|Sludge Wave|p2a: Talonflame\n|-damage|p2a: Talonflame|0 fnt\n|faint|p2a: Talonflame\n|\n|upkeep\n|\n|t:|1700732656\n|switch|p2a: Jirachi|Jirachi|32\/100\n|turn|22\n|\n|t:|1700732658\n|move|p1a: Iron Moth|Fiery Dance|p2a: Jirachi\n|-supereffective|p2a: Jirachi\n|-damage|p2a: Jirachi|0 fnt\n|-boost|p1a: Iron Moth|spa|1\n|faint|p2a: Jirachi\n|\n|upkeep\n|\n|t:|1700732660\n|switch|p2a: Iron Valiant|Iron Valiant|100\/100\n|turn|23\n|\n|t:|1700732666\n|move|p1a: Iron Moth|Sludge Wave|p2a: Iron Valiant\n|-supereffective|p2a: Iron Valiant\n|-damage|p2a: Iron Valiant|0 fnt\n|faint|p2a: Iron Valiant\n|-end|p2a: Iron Valiant|Quark Drive|[silent]\n|\n|upkeep\n|\n|t:|1700732669\n|switch|p2a: Iron Moth|Iron Moth|100\/100\n|turn|24\n|\n|t:|1700732675\n|move|p1a: Iron Moth|Sludge Wave|p2a: Iron Moth\n|-resisted|p2a: Iron Moth\n|-damage|p2a: Iron Moth|50\/100\n|move|p2a: Iron Moth|Psychic|p1a: Iron Moth\n|-supereffective|p1a: Iron Moth\n|-damage|p1a: Iron Moth|37\/100\n|\n|upkeep\n|turn|25\n|\n|t:|1700732679\n|move|p1a: Iron Moth|Sludge Wave|p2a: Iron Moth\n|-resisted|p2a: Iron Moth\n|-damage|p2a: Iron Moth|0 fnt\n|faint|p2a: Iron Moth\n|-end|p2a: Iron Moth|Quark Drive|[silent]\n|\n|upkeep\n|\n|t:|1700732682\n|switch|p2a: Quaquaval|Quaquaval, M|100\/100\n|turn|26\n|\n|t:|1700732686\n|move|p1a: Iron Moth|Energy Ball|p2a: Quaquaval\n|-supereffective|p2a: Quaquaval\n|-damage|p2a: Quaquaval|0 fnt\n|faint|p2a: Quaquaval\n|\n|upkeep\n|-message|Paddy forfeited.\n|\n|win|Shashi22\n|raw|Shashi22's rating: 1330 &rarr; <strong>1350<\/strong><br \/>(+20 for winning)\n|raw|Paddy's rating: 1323 &rarr; <strong>1303<\/strong><br \/>(-20 for losing)\n|l|\u2606Paddy\n|c|\u2606Shashi22|gg\n|l|\u2606Shashi22\n|j|\u2606Shashi22\n|player|p1|Shashi22|ash\n","uploadtime":1700732714,"views":3,"p1id":"shashi22","p2id":"paddy","formatid":"gen9ou","rating":1303,"private":0,"password":""}