{"id":"gen9ou-1992256383","p1":"Supercami","p2":"lucaless","format":"[Gen 9] OU","log":"|j|\u2606Supercami\n|j|\u2606lucaless\n|t:|1700168250\n|gametype|singles\n|player|p1|Supercami|170|1384\n|player|p2|lucaless|1|1398\n|teamsize|p1|6\n|teamsize|p2|6\n|gen|9\n|tier|[Gen 9] OU\n|rated|\n|rule|Sleep Clause Mod: Limit one foe put to sleep\n|rule|Species Clause: Limit one of each Pok\u00e9mon\n|rule|OHKO Clause: OHKO moves are banned\n|rule|Evasion Items Clause: Evasion items are banned\n|rule|Evasion Moves Clause: Evasion moves are banned\n|rule|Endless Battle Clause: Forcing endless battles is banned\n|rule|HP Percentage Mod: HP is shown in percentages\n|clearpoke\n|poke|p1|Mamoswine, F|\n|poke|p1|Manaphy|\n|poke|p1|Zamazenta-*|\n|poke|p1|Corviknight, M|\n|poke|p1|Slowking-Galar, F|\n|poke|p1|Toxapex, M|\n|poke|p2|Probopass, F|\n|poke|p2|Moltres-Galar|\n|poke|p2|Glimmora, F|\n|poke|p2|Iron Valiant|\n|poke|p2|Gholdengo|\n|poke|p2|Iron Hands|\n|teampreview\n|inactive|Battle timer is ON: inactive players will automatically lose when time's up. (requested by lucaless)\n|j| guanamino777\n|l| guanamino777\n|\n|t:|1700168276\n|start\n|switch|p1a: Manaphy|Manaphy|100\/100\n|switch|p2a: Probopass|Probopass, F|100\/100\n|turn|1\n|\n|t:|1700168282\n|move|p1a: Manaphy|Acid Armor|p1a: Manaphy\n|-boost|p1a: Manaphy|def|2\n|move|p2a: Probopass|Thunder Wave|p1a: Manaphy\n|-status|p1a: Manaphy|par\n|\n|upkeep\n|turn|2\n|\n|t:|1700168286\n|cant|p1a: Manaphy|par\n|move|p2a: Probopass|Volt Switch|p1a: Manaphy\n|-supereffective|p1a: Manaphy\n|-damage|p1a: Manaphy|80\/100 par\n|\n|t:|1700168291\n|switch|p2a: Gholdengo|Gholdengo|100\/100|[from] Volt Switch\n|\n|-heal|p1a: Manaphy|86\/100 par|[from] item: Leftovers\n|upkeep\n|turn|3\n|\n|t:|1700168295\n|move|p2a: Gholdengo|Hex|p1a: Manaphy\n|-damage|p1a: Manaphy|27\/100 par\n|move|p1a: Manaphy|Take Heart|p1a: Manaphy\n|-boost|p1a: Manaphy|spa|1\n|-boost|p1a: Manaphy|spd|1\n|-curestatus|p1a: Manaphy|par|[msg]\n|\n|-heal|p1a: Manaphy|33\/100|[from] item: Leftovers\n|upkeep\n|turn|4\n|\n|t:|1700168303\n|move|p1a: Manaphy|Scald|p2a: Gholdengo\n|-crit|p2a: Gholdengo\n|-damage|p2a: Gholdengo|34\/100\n|-status|p2a: Gholdengo|brn\n|move|p2a: Gholdengo|Dazzling Gleam|p1a: Manaphy\n|-crit|p1a: Manaphy\n|-damage|p1a: Manaphy|0 fnt\n|faint|p1a: Manaphy\n|\n|-heal|p2a: Gholdengo|41\/100 brn|[from] item: Leftovers\n|-damage|p2a: Gholdengo|34\/100 brn|[from] brn\n|upkeep\n|\n|t:|1700168324\n|switch|p1a: Mamoswine|Mamoswine, F|100\/100\n|turn|5\n|\n|t:|1700168336\n|-terastallize|p2a: Gholdengo|Water\n|move|p1a: Mamoswine|Icicle Spear|p2a: Gholdengo\n|-resisted|p2a: Gholdengo\n|-crit|p2a: Gholdengo\n|-damage|p2a: Gholdengo|24\/100 brn\n|-resisted|p2a: Gholdengo\n|-damage|p2a: Gholdengo|18\/100 brn\n|-resisted|p2a: Gholdengo\n|-damage|p2a: Gholdengo|11\/100 brn\n|-resisted|p2a: Gholdengo\n|-damage|p2a: Gholdengo|5\/100 brn\n|-resisted|p2a: Gholdengo\n|-damage|p2a: Gholdengo|0 fnt\n|faint|p2a: Gholdengo\n|-hitcount|p2: Gholdengo|5\n|\n|upkeep\n|c|\u2606lucaless|oh well\n|\n|t:|1700168355\n|switch|p2a: Glimmora|Glimmora, F|100\/100\n|turn|6\n|\n|t:|1700168369\n|switch|p1a: Toxapex|Toxapex, M|100\/100\n|move|p2a: Glimmora|Power Gem|p1a: Toxapex\n|-damage|p1a: Toxapex|67\/100\n|\n|-heal|p1a: Toxapex|73\/100|[from] item: Leftovers\n|upkeep\n|turn|7\n|\n|t:|1700168376\n|move|p2a: Glimmora|Earth Power|p1a: Toxapex\n|-supereffective|p1a: Toxapex\n|-damage|p1a: Toxapex|22\/100\n|-unboost|p1a: Toxapex|spd|1\n|move|p1a: Toxapex|Surf|p2a: Glimmora\n|-supereffective|p2a: Glimmora\n|-damage|p2a: Glimmora|47\/100\n|\n|-heal|p1a: Toxapex|28\/100|[from] item: Leftovers\n|upkeep\n|turn|8\n|\n|t:|1700168382\n|switch|p1a: Corviknight|Corviknight, M|100\/100\n|-ability|p1a: Corviknight|Pressure\n|move|p2a: Glimmora|Earth Power|p1a: Corviknight\n|-immune|p1a: Corviknight\n|\n|upkeep\n|turn|9\n|\n|t:|1700168388\n|move|p2a: Glimmora|Power Gem|p1a: Corviknight\n|-damage|p1a: Corviknight|58\/100\n|move|p1a: Corviknight|U-turn|p2a: Glimmora\n|-resisted|p2a: Glimmora\n|-damage|p2a: Glimmora|39\/100\n|-activate|p2a: Glimmora|ability: Toxic Debris\n|-sidestart|p1: Supercami|move: Toxic Spikes\n|\n|t:|1700168397\n|switch|p1a: Toxapex|Toxapex, M|62\/100|[from] U-turn\n|-sideend|p1: Supercami|move: Toxic Spikes|[of] p1a: Toxapex\n|\n|-heal|p1a: Toxapex|68\/100|[from] item: Leftovers\n|upkeep\n|turn|10\n|\n|t:|1700168404\n|switch|p2a: Iron Hands|Iron Hands|100\/100\n|move|p1a: Toxapex|Surf|p2a: Iron Hands\n|-damage|p2a: Iron Hands|87\/100\n|\n|-heal|p1a: Toxapex|74\/100|[from] item: Leftovers\n|upkeep\n|turn|11\n|\n|t:|1700168412\n|move|p2a: Iron Hands|Substitute|p2a: Iron Hands\n|-start|p2a: Iron Hands|Substitute\n|-damage|p2a: Iron Hands|62\/100\n|move|p1a: Toxapex|Toxic||[still]\n|-fail|p1a: Toxapex\n|\n|-heal|p1a: Toxapex|80\/100|[from] item: Leftovers\n|upkeep\n|turn|12\n|\n|t:|1700168418\n|switch|p1a: Zamazenta|Zamazenta|100\/100\n|-ability|p1a: Zamazenta|Dauntless Shield|boost\n|-boost|p1a: Zamazenta|def|1\n|move|p2a: Iron Hands|Swords Dance|p2a: Iron Hands\n|-boost|p2a: Iron Hands|atk|2\n|\n|upkeep\n|turn|13\n|\n|t:|1700168425\n|move|p1a: Zamazenta|Close Combat|p2a: Iron Hands\n|-end|p2a: Iron Hands|Substitute\n|-unboost|p1a: Zamazenta|def|1\n|-unboost|p1a: Zamazenta|spd|1\n|move|p2a: Iron Hands|Drain Punch|p1a: Zamazenta\n|-damage|p1a: Zamazenta|23\/100\n|-heal|p2a: Iron Hands|87\/100|[from] drain|[of] p1a: Zamazenta\n|\n|upkeep\n|turn|14\n|\n|t:|1700168433\n|-terastallize|p1a: Zamazenta|Fighting\n|move|p1a: Zamazenta|Close Combat|p2a: Iron Hands\n|-damage|p2a: Iron Hands|9\/100\n|-unboost|p1a: Zamazenta|def|1\n|-unboost|p1a: Zamazenta|spd|1\n|-enditem|p2a: Iron Hands|Aguav Berry|[eat]\n|-heal|p2a: Iron Hands|43\/100|[from] item: Aguav Berry\n|move|p2a: Iron Hands|Drain Punch|p1a: Zamazenta\n|-damage|p1a: Zamazenta|0 fnt\n|-heal|p2a: Iron Hands|50\/100|[from] drain|[of] p1a: Zamazenta\n|faint|p1a: Zamazenta\n|\n|upkeep\n|\n|t:|1700168442\n|switch|p1a: Mamoswine|Mamoswine, F|100\/100\n|turn|15\n|\n|t:|1700168446\n|move|p1a: Mamoswine|Icicle Spear|p2a: Iron Hands\n|-damage|p2a: Iron Hands|42\/100\n|-damage|p2a: Iron Hands|34\/100\n|-damage|p2a: Iron Hands|25\/100\n|-damage|p2a: Iron Hands|18\/100\n|-hitcount|p2a: Iron Hands|4\n|move|p2a: Iron Hands|Drain Punch|p1a: Mamoswine\n|-supereffective|p1a: Mamoswine\n|-damage|p1a: Mamoswine|0 fnt\n|-heal|p2a: Iron Hands|53\/100|[from] drain|[of] p1a: Mamoswine\n|faint|p1a: Mamoswine\n|\n|upkeep\n|-message|Supercami forfeited.\n|\n|win|lucaless\n|raw|Supercami's rating: 1384 &rarr; <strong>1365<\/strong><br \/>(-19 for losing)\n|raw|lucaless's rating: 1398 &rarr; <strong>1417<\/strong><br \/>(+19 for winning)\n|l|\u2606Supercami\n","uploadtime":1700168467,"views":11,"p1id":"supercami","p2id":"lucaless","formatid":"gen9ou","rating":1365,"private":0,"password":""}