{"id":"gen9ou-1988878072","p1":"pepitodu14","p2":"Yungtruth513rd","format":"[Gen 9] OU","log":"|j|\u2606pepitodu14\n|j|\u2606Yungtruth513rd\n|t:|1699779469\n|gametype|singles\n|player|p1|pepitodu14|grimsley|1389\n|player|p2|Yungtruth513rd|veteran|1365\n|teamsize|p1|6\n|teamsize|p2|6\n|gen|9\n|tier|[Gen 9] OU\n|rated|\n|rule|Sleep Clause Mod: Limit one foe put to sleep\n|rule|Species Clause: Limit one of each Pok\u00e9mon\n|rule|OHKO Clause: OHKO moves are banned\n|rule|Evasion Items Clause: Evasion items are banned\n|rule|Evasion Moves Clause: Evasion moves are banned\n|rule|Endless Battle Clause: Forcing endless battles is banned\n|rule|HP Percentage Mod: HP is shown in percentages\n|clearpoke\n|poke|p1|Walking Wake|\n|poke|p1|Zamazenta-*|\n|poke|p1|Iron Moth|\n|poke|p1|Kingambit, M|\n|poke|p1|Dragonite, M|\n|poke|p1|Great Tusk|\n|poke|p2|Moltres-Galar|\n|poke|p2|Brute Bonnet|\n|poke|p2|Slowbro-Galar, F|\n|poke|p2|Iron Moth|\n|poke|p2|Mamoswine, F|\n|poke|p2|Thundurus-Therian, M|\n|teampreview\n|inactive|Battle timer is ON: inactive players will automatically lose when time's up. (requested by pepitodu14)\n|inactive|Yungtruth513rd has 120 seconds left.\n|inactive|Yungtruth513rd has 90 seconds left.\n|inactive|Yungtruth513rd has 60 seconds left.\n|\n|t:|1699779589\n|start\n|switch|p1a: Iron Moth|Iron Moth|100\/100\n|switch|p2a: Volca5000|Iron Moth|100\/100\n|-enditem|p1a: Iron Moth|Booster Energy\n|-activate|p1a: Iron Moth|ability: Quark Drive|[fromitem]\n|-start|p1a: Iron Moth|quarkdrivespe\n|turn|1\n|\n|t:|1699779602\n|-end|p2a: Volca5000|Quark Drive|[silent]\n|switch|p2a: Amaterasu|Moltres-Galar|100\/100\n|move|p1a: Iron Moth|Psychic|p2a: Amaterasu\n|-immune|p2a: Amaterasu\n|\n|upkeep\n|turn|2\n|inactive|Yungtruth513rd has 120 seconds left.\n|\n|t:|1699779614\n|-terastallize|p1a: Iron Moth|Fairy\n|move|p1a: Iron Moth|Dazzling Gleam|p2a: Amaterasu\n|-supereffective|p2a: Amaterasu\n|-damage|p2a: Amaterasu|41\/100\n|-ability|p2a: Amaterasu|Berserk|boost\n|-boost|p2a: Amaterasu|spa|1\n|move|p2a: Amaterasu|Fiery Wrath|p1a: Iron Moth\n|-resisted|p1a: Iron Moth\n|-damage|p1a: Iron Moth|48\/100\n|\n|upkeep\n|turn|3\n|inactive|Yungtruth513rd has 120 seconds left.\n|\n|t:|1699779627\n|-terastallize|p2a: Amaterasu|Poison\n|move|p1a: Iron Moth|Dazzling Gleam|p2a: Amaterasu\n|-resisted|p2a: Amaterasu\n|-damage|p2a: Amaterasu|26\/100\n|move|p2a: Amaterasu|Fiery Wrath|p1a: Iron Moth\n|-resisted|p1a: Iron Moth\n|-damage|p1a: Iron Moth|0 fnt\n|faint|p1a: Iron Moth\n|-end|p1a: Iron Moth|Quark Drive|[silent]\n|\n|upkeep\n|\n|t:|1699779638\n|switch|p1a: Dragonite|Dragonite, M|100\/100\n|turn|4\n|inactive|Yungtruth513rd has 120 seconds left.\n|\n|t:|1699779650\n|move|p1a: Dragonite|Extreme Speed|p2a: Amaterasu\n|-damage|p2a: Amaterasu|0 fnt\n|faint|p2a: Amaterasu\n|\n|upkeep\n|inactive|Yungtruth513rd has 120 seconds left.\n|inactive|Yungtruth513rd has 90 seconds left.\n|\n|t:|1699779704\n|switch|p2a: QuickStinga|Slowbro-Galar, F|100\/100\n|turn|5\n|-activate|p2a: QuickStinga|ability: Quick Draw\n|\n|t:|1699779716\n|switch|p1a: Kingambit|Kingambit, M|100\/100\n|-activate|p1a: Kingambit|ability: Supreme Overlord\n|-start|p1a: Kingambit|fallen1|[silent]\n|move|p2a: QuickStinga|Shell Side Arm|p1a: Kingambit|[anim] Shell Side Arm Special\n|-immune|p1a: Kingambit\n|\n|upkeep\n|turn|6\n|-activate|p2a: QuickStinga|ability: Quick Draw\n|\n|t:|1699779737\n|move|p2a: QuickStinga|Flamethrower|p1a: Kingambit\n|-supereffective|p1a: Kingambit\n|-damage|p1a: Kingambit|30\/100\n|move|p1a: Kingambit|Iron Head|p2a: QuickStinga\n|-damage|p2a: QuickStinga|50\/100\n|\n|upkeep\n|turn|7\n|inactive|Yungtruth513rd has 60 seconds left.\n|-activate|p2a: QuickStinga|ability: Quick Draw\n|\n|t:|1699779777\n|move|p2a: QuickStinga|Flamethrower|p1a: Kingambit\n|-supereffective|p1a: Kingambit\n|-damage|p1a: Kingambit|0 fnt\n|faint|p1a: Kingambit\n|-end|p1a: Kingambit|fallen1|[silent]\n|\n|upkeep\n|c|\u2606Yungtruth513rd|got em\n|\n|t:|1699779786\n|switch|p1a: Great Tusk|Great Tusk|100\/100\n|-enditem|p1a: Great Tusk|Booster Energy\n|-activate|p1a: Great Tusk|ability: Protosynthesis|[fromitem]\n|-start|p1a: Great Tusk|protosynthesisatk\n|turn|8\n|inactive|Yungtruth513rd has 60 seconds left.\n|-activate|p2a: QuickStinga|ability: Quick Draw\n|\n|t:|1699779793\n|move|p2a: QuickStinga|Ice Beam|p1a: Great Tusk\n|-supereffective|p1a: Great Tusk\n|-damage|p1a: Great Tusk|6\/100\n|move|p1a: Great Tusk|Stealth Rock|p2a: QuickStinga\n|-sidestart|p2: Yungtruth513rd|move: Stealth Rock\n|\n|upkeep\n|turn|9\n|c|\u2606Yungtruth513rd|you heated\n|c|\u2606Yungtruth513rd|i know it\n|inactive|Yungtruth513rd has 60 seconds left.\n|-activate|p2a: QuickStinga|ability: Quick Draw\n|\n|t:|1699779813\n|move|p2a: QuickStinga|Ice Beam|p1a: Great Tusk\n|-supereffective|p1a: Great Tusk\n|-damage|p1a: Great Tusk|0 fnt\n|faint|p1a: Great Tusk\n|-end|p1a: Great Tusk|Protosynthesis|[silent]\n|\n|upkeep\n|c|\u2606Yungtruth513rd|AGAIN\n|c|\u2606Yungtruth513rd|POkegods with me tonight\n|c|\u2606pepitodu14|100% quickdraw\n|c|\u2606Yungtruth513rd|:D\n|c|\u2606Yungtruth513rd|On Arceus\n|inactive|pepitodu14 has 120 seconds left.\n|c|\u2606Yungtruth513rd|lolol\n|\n|t:|1699779847\n|switch|p1a: Walking Wake|Walking Wake|100\/100\n|-enditem|p1a: Walking Wake|Booster Energy\n|-activate|p1a: Walking Wake|ability: Protosynthesis|[fromitem]\n|-start|p1a: Walking Wake|protosynthesisspa\n|turn|10\n|inactive|Yungtruth513rd has 60 seconds left.\n|\n|t:|1699779862\n|move|p1a: Walking Wake|Surf|p2a: QuickStinga\n|-damage|p2a: QuickStinga|0 fnt\n|faint|p2a: QuickStinga\n|\n|upkeep\n|\n|t:|1699779883\n|switch|p2a: FlyGuy|Thundurus-Therian, M|100\/100\n|-damage|p2a: FlyGuy|75\/100|[from] Stealth Rock\n|turn|11\n|\n|t:|1699779900\n|move|p2a: FlyGuy|Volt Switch|p1a: Walking Wake\n|-damage|p1a: Walking Wake|53\/100\n|\n|t:|1699779904\n|switch|p2a: Amoonrock|Brute Bonnet|100\/100|[from] Volt Switch\n|-damage|p2a: Amoonrock|88\/100|[from] Stealth Rock\n|move|p1a: Walking Wake|Agility|p1a: Walking Wake\n|-boost|p1a: Walking Wake|spe|2\n|\n|upkeep\n|turn|12\n|inactive|Yungtruth513rd has 30 seconds left.\n|\n|t:|1699779925\n|move|p2a: Amoonrock|Sucker Punch|p1a: Walking Wake\n|-damage|p1a: Walking Wake|15\/100\n|move|p1a: Walking Wake|Flamethrower|p2a: Amoonrock\n|-supereffective|p2a: Amoonrock\n|-damage|p2a: Amoonrock|17\/100\n|-status|p2a: Amoonrock|brn\n|\n|-damage|p2a: Amoonrock|11\/100 brn|[from] brn\n|upkeep\n|turn|13\n|inactive|Yungtruth513rd has 30 seconds left.\n|\n|t:|1699779935\n|move|p2a: Amoonrock|Sucker Punch||[still]\n|-fail|p2a: Amoonrock\n|move|p1a: Walking Wake|Agility|p1a: Walking Wake\n|-boost|p1a: Walking Wake|spe|2\n|\n|-damage|p2a: Amoonrock|4\/100 brn|[from] brn\n|upkeep\n|turn|14\n|\n|t:|1699779943\n|move|p1a: Walking Wake|Flamethrower|p2a: Amoonrock\n|-supereffective|p2a: Amoonrock\n|-damage|p2a: Amoonrock|0 fnt\n|faint|p2a: Amoonrock\n|-end|p2a: Amoonrock|Protosynthesis|[silent]\n|\n|upkeep\n|inactive|Yungtruth513rd has 30 seconds left.\n|\n|t:|1699779956\n|switch|p2a: Pilo B.C|Mamoswine, F|100\/100\n|-damage|p2a: Pilo B.C|88\/100|[from] Stealth Rock\n|turn|15\n|\n|t:|1699779966\n|move|p2a: Pilo B.C|Ice Shard|p1a: Walking Wake\n|-damage|p1a: Walking Wake|0 fnt\n|faint|p1a: Walking Wake\n|-end|p1a: Walking Wake|Protosynthesis|[silent]\n|\n|upkeep\n|\n|t:|1699779968\n|switch|p1a: Zamazenta|Zamazenta|100\/100\n|-ability|p1a: Zamazenta|Dauntless Shield|boost\n|-boost|p1a: Zamazenta|def|1\n|turn|16\n|\n|t:|1699779992\n|switch|p2a: FlyGuy|Thundurus-Therian, M|75\/100\n|-damage|p2a: FlyGuy|50\/100|[from] Stealth Rock\n|move|p1a: Zamazenta|Body Press|p2a: FlyGuy\n|-resisted|p2a: FlyGuy\n|-damage|p2a: FlyGuy|6\/100\n|\n|upkeep\n|turn|17\n|\n|t:|1699780004\n|switch|p1a: Dragonite|Dragonite, M|100\/100\n|move|p2a: FlyGuy|Volt Switch|p1a: Dragonite\n|-damage|p1a: Dragonite|77\/100\n|inactive|Yungtruth513rd has 30 seconds left.\n|\n|t:|1699780015\n|switch|p2a: Pilo B.C|Mamoswine, F|88\/100|[from] Volt Switch\n|-damage|p2a: Pilo B.C|76\/100|[from] Stealth Rock\n|\n|upkeep\n|turn|18\n|inactive|Yungtruth513rd has 30 seconds left.\n|\n|t:|1699780026\n|switch|p1a: Zamazenta|Zamazenta|100\/100\n|move|p2a: Pilo B.C|Avalanche|p1a: Zamazenta\n|-damage|p1a: Zamazenta|78\/100\n|\n|-heal|p1a: Zamazenta|84\/100|[from] item: Leftovers\n|upkeep\n|turn|19\n|inactive|Yungtruth513rd has 30 seconds left.\n|\n|t:|1699780042\n|move|p1a: Zamazenta|Body Press|p2a: Pilo B.C\n|-supereffective|p2a: Pilo B.C\n|-damage|p2a: Pilo B.C|0 fnt\n|faint|p2a: Pilo B.C\n|\n|-heal|p1a: Zamazenta|90\/100|[from] item: Leftovers\n|upkeep\n|inactive|Yungtruth513rd has 30 seconds left.\n|\n|t:|1699780051\n|switch|p2a: Volca5000|Iron Moth|100\/100\n|-damage|p2a: Volca5000|76\/100|[from] Stealth Rock\n|turn|20\n|inactive|Yungtruth513rd has 30 seconds left.\n|\n|t:|1699780065\n|move|p1a: Zamazenta|Crunch|p2a: Volca5000\n|-damage|p2a: Volca5000|40\/100\n|move|p2a: Volca5000|Sludge Wave|p1a: Zamazenta\n|-damage|p1a: Zamazenta|45\/100\n|\n|-heal|p1a: Zamazenta|51\/100|[from] item: Leftovers\n|upkeep\n|turn|21\n|\n|t:|1699780072\n|move|p1a: Zamazenta|Crunch|p2a: Volca5000\n|-damage|p2a: Volca5000|3\/100\n|move|p2a: Volca5000|Fiery Dance|p1a: Zamazenta\n|-damage|p1a: Zamazenta|12\/100\n|\n|-heal|p1a: Zamazenta|18\/100|[from] item: Leftovers\n|upkeep\n|turn|22\n|c|\u2606pepitodu14|Gg\n|c|\u2606Yungtruth513rd|gg\n|-message|Yungtruth513rd forfeited.\n|\n|win|pepitodu14\n|raw|pepitodu14's rating: 1389 &rarr; <strong>1408<\/strong><br \/>(+19 for winning)\n|raw|Yungtruth513rd's rating: 1365 &rarr; <strong>1346<\/strong><br \/>(-19 for losing)\n|l|\u2606Yungtruth513rd\n|c|\u2606pepitodu14|Arceus doesnt matter\n","uploadtime":1699780095,"views":10,"p1id":"pepitodu14","p2id":"yungtruth513rd","formatid":"gen9ou","rating":1346,"private":0,"password":""}