{"id":"gen9ou-1990792045","p1":"Username momento","p2":"SDK04","format":"[Gen 9] OU","log":"|j|\u2606Username momento\n|j|\u2606SDK04\n|inactive|Battle timer is ON: inactive players will automatically lose when time's up.\n|t:|1700001279\n|gametype|singles\n|player|p1|Username momento|ninjaboy|\n|player|p2|SDK04|unknown|\n|teamsize|p1|6\n|teamsize|p2|6\n|gen|9\n|tier|[Gen 9] OU\n|rated|Tournament battle\n|rule|Sleep Clause Mod: Limit one foe put to sleep\n|rule|Species Clause: Limit one of each Pok\u00e9mon\n|rule|OHKO Clause: OHKO moves are banned\n|rule|Evasion Items Clause: Evasion items are banned\n|rule|Evasion Moves Clause: Evasion moves are banned\n|rule|Endless Battle Clause: Forcing endless battles is banned\n|rule|HP Percentage Mod: HP is shown in percentages\n|clearpoke\n|poke|p1|Meowscarada, F|\n|poke|p1|Kingambit, M|\n|poke|p1|Zamazenta-*|\n|poke|p1|Great Tusk|\n|poke|p1|Iron Moth|\n|poke|p1|Calyrex-Shadow|\n|poke|p2|Ninetales-Alola, M|\n|poke|p2|Ogerpon-Wellspring, F|\n|poke|p2|Mew|\n|poke|p2|Kingambit, M|\n|poke|p2|Gholdengo|\n|poke|p2|Calyrex-Ice|\n|teampreview\n|j| JojoOui\n|\n|t:|1700001286\n|start\n|switch|p1a: Meowscarada|Meowscarada, F|100\/100\n|switch|p2a: cool window|Ninetales-Alola, M|100\/100\n|-weather|Snow|[from] ability: Snow Warning|[of] p2a: cool window\n|turn|1\n|\n|t:|1700001289\n|move|p1a: Meowscarada|Knock Off|p2a: cool window\n|-start|p1a: Meowscarada|typechange|Dark|[from] ability: Protean\n|-resisted|p2a: cool window\n|-damage|p2a: cool window|82\/100\n|-enditem|p2a: cool window|Light Clay|[from] move: Knock Off|[of] p1a: Meowscarada\n|move|p2a: cool window|Aurora Veil|p2a: cool window\n|-sidestart|p2: SDK04|move: Aurora Veil\n|\n|-weather|Snow|[upkeep]\n|upkeep\n|turn|2\n|\n|t:|1700001299\n|switch|p1a: Kingambit|Kingambit, M|100\/100\n|move|p2a: cool window|Freeze-Dry|p1a: Kingambit\n|-resisted|p1a: Kingambit\n|-crit|p1a: Kingambit\n|-damage|p1a: Kingambit|86\/100\n|\n|-weather|Snow|[upkeep]\n|-heal|p1a: Kingambit|93\/100|[from] item: Leftovers\n|upkeep\n|turn|3\n|\n|t:|1700001304\n|switch|p2a: \u201cI win\u201d button|Ogerpon-Wellspring, F|100\/100\n|move|p1a: Kingambit|Iron Head|p2a: \u201cI win\u201d button\n|-resisted|p2a: \u201cI win\u201d button\n|-damage|p2a: \u201cI win\u201d button|84\/100\n|\n|-weather|Snow|[upkeep]\n|-heal|p1a: Kingambit|99\/100|[from] item: Leftovers\n|upkeep\n|turn|4\n|j| SandVeil10\n|\n|t:|1700001312\n|-end|p1a: Kingambit|fallenundefined|[silent]\n|switch|p1a: Meowscarada|Meowscarada, F|100\/100\n|move|p2a: \u201cI win\u201d button|Swords Dance|p2a: \u201cI win\u201d button\n|-boost|p2a: \u201cI win\u201d button|atk|2\n|\n|-weather|Snow|[upkeep]\n|upkeep\n|turn|5\n|j| shaomichel2003\n|\n|t:|1700001314\n|move|p1a: Meowscarada|U-turn|p2a: \u201cI win\u201d button\n|-start|p1a: Meowscarada|typechange|Bug|[from] ability: Protean\n|-supereffective|p2a: \u201cI win\u201d button\n|-damage|p2a: \u201cI win\u201d button|42\/100\n|\n|t:|1700001325\n|switch|p1a: Kingambit|Kingambit, M|99\/100|[from] U-turn\n|move|p2a: \u201cI win\u201d button|Ivy Cudgel|p1a: Kingambit|[anim] Ivy Cudgel Water\n|-damage|p1a: Kingambit|7\/100\n|\n|-weather|none\n|-heal|p1a: Kingambit|13\/100|[from] item: Leftovers\n|-sideend|p2: SDK04|move: Aurora Veil\n|upkeep\n|turn|6\n|\n|t:|1700001332\n|move|p2a: \u201cI win\u201d button|Encore||[still]\n|-fail|p2a: \u201cI win\u201d button\n|move|p1a: Kingambit|Kowtow Cleave|p2a: \u201cI win\u201d button\n|-damage|p2a: \u201cI win\u201d button|0 fnt\n|faint|p2a: \u201cI win\u201d button\n|\n|-heal|p1a: Kingambit|19\/100|[from] item: Leftovers\n|upkeep\n|j| spiderkitty410\n|\n|t:|1700001335\n|switch|p2a: cool window|Ninetales-Alola, M|82\/100\n|-weather|Snow|[from] ability: Snow Warning|[of] p2a: cool window\n|turn|7\n|\n|t:|1700001337\n|move|p2a: cool window|Aurora Veil|p2a: cool window\n|-sidestart|p2: SDK04|move: Aurora Veil\n|move|p1a: Kingambit|Iron Head|p2a: cool window\n|-supereffective|p2a: cool window\n|-damage|p2a: cool window|0 fnt\n|faint|p2a: cool window\n|\n|-weather|Snow|[upkeep]\n|-heal|p1a: Kingambit|25\/100|[from] item: Leftovers\n|upkeep\n|\n|t:|1700001339\n|switch|p2a: funny horse|Calyrex-Ice|100\/100\n|-ability|p2a: funny horse|As One\n|-ability|p2a: funny horse|Unnerve\n|turn|8\n|\n|t:|1700001344\n|-end|p1a: Kingambit|fallenundefined|[silent]\n|switch|p1a: Iron Moth|Iron Moth|100\/100\n|-enditem|p1a: Iron Moth|Booster Energy\n|-activate|p1a: Iron Moth|ability: Quark Drive|[fromitem]\n|-start|p1a: Iron Moth|quarkdrivespe\n|move|p2a: funny horse|Agility|p2a: funny horse\n|-boost|p2a: funny horse|spe|2\n|\n|-weather|Snow|[upkeep]\n|upkeep\n|turn|9\n|\n|t:|1700001351\n|move|p1a: Iron Moth|Fiery Dance|p2a: funny horse\n|-supereffective|p2a: funny horse\n|-crit|p2a: funny horse\n|-damage|p2a: funny horse|8\/100\n|-enditem|p2a: funny horse|Weakness Policy\n|-boost|p2a: funny horse|atk|2|[from] item: Weakness Policy\n|-boost|p2a: funny horse|spa|2|[from] item: Weakness Policy\n|move|p2a: funny horse|Agility|p2a: funny horse\n|-boost|p2a: funny horse|spe|2\n|\n|-weather|Snow|[upkeep]\n|upkeep\n|turn|10\n|\n|t:|1700001361\n|move|p2a: funny horse|High Horsepower|p1a: Iron Moth\n|-supereffective|p1a: Iron Moth\n|-damage|p1a: Iron Moth|0 fnt\n|faint|p1a: Iron Moth\n|-end|p1a: Iron Moth|Quark Drive|[silent]\n|-ability|p2a: funny horse|Chilling Neigh|boost\n|-boost|p2a: funny horse|atk|1\n|\n|-weather|Snow|[upkeep]\n|upkeep\n|c| spiderkitty410|lol\n|\n|t:|1700001380\n|switch|p1a: Meowscarada|Meowscarada, F|100\/100\n|turn|11\n|\n|t:|1700001384\n|move|p2a: funny horse|Glacial Lance|p1a: Meowscarada\n|-supereffective|p1a: Meowscarada\n|-damage|p1a: Meowscarada|0 fnt\n|faint|p1a: Meowscarada\n|-ability|p2a: funny horse|Chilling Neigh|boost\n|-boost|p2a: funny horse|atk|1\n|\n|-weather|none\n|-sideend|p2: SDK04|move: Aurora Veil\n|upkeep\n|\n|t:|1700001389\n|switch|p1a: Kingambit|Kingambit, M|25\/100\n|-activate|p1a: Kingambit|ability: Supreme Overlord\n|-start|p1a: Kingambit|fallen2|[silent]\n|turn|12\n|\n|t:|1700001391\n|move|p1a: Kingambit|Sucker Punch||[still]\n|-fail|p1a: Kingambit\n|move|p2a: funny horse|Swords Dance|p2a: funny horse\n|-boost|p2a: funny horse|atk|2\n|\n|-heal|p1a: Kingambit|32\/100|[from] item: Leftovers\n|upkeep\n|turn|13\n|\n|t:|1700001394\n|move|p1a: Kingambit|Sucker Punch||[still]\n|-fail|p1a: Kingambit\n|move|p2a: funny horse|Agility|p2a: funny horse\n|-boost|p2a: funny horse|spe|2\n|\n|-heal|p1a: Kingambit|38\/100|[from] item: Leftovers\n|upkeep\n|turn|14\n|\n|t:|1700001402\n|move|p1a: Kingambit|Sucker Punch||[still]\n|-fail|p1a: Kingambit\n|move|p2a: funny horse|Agility|p2a: funny horse\n|-boost|p2a: funny horse|spe|0\n|\n|-heal|p1a: Kingambit|44\/100|[from] item: Leftovers\n|upkeep\n|turn|15\n|\n|t:|1700001405\n|move|p1a: Kingambit|Sucker Punch|p2a: funny horse\n|-supereffective|p2a: funny horse\n|-damage|p2a: funny horse|0 fnt\n|faint|p2a: funny horse\n|\n|-heal|p1a: Kingambit|50\/100|[from] item: Leftovers\n|upkeep\n|\n|t:|1700001408\n|switch|p2a: Bannable Offense|Kingambit, M|100\/100\n|-activate|p2a: Bannable Offense|ability: Supreme Overlord\n|-start|p2a: Bannable Offense|fallen3|[silent]\n|turn|16\n|c| spiderkitty410|\/\/learn calyrex-ice, encore\\\n|\n|t:|1700001416\n|-end|p1a: Kingambit|fallen2|[silent]\n|switch|p1a: Great Tusk|Great Tusk|100\/100\n|-enditem|p1a: Great Tusk|Booster Energy\n|-activate|p1a: Great Tusk|ability: Protosynthesis|[fromitem]\n|-start|p1a: Great Tusk|protosynthesisatk\n|move|p2a: Bannable Offense|Swords Dance|p2a: Bannable Offense\n|-boost|p2a: Bannable Offense|atk|2\n|\n|upkeep\n|turn|17\n|\n|t:|1700001423\n|-terastallize|p2a: Bannable Offense|Fairy\n|move|p1a: Great Tusk|Knock Off|p2a: Bannable Offense\n|-resisted|p2a: Bannable Offense\n|-damage|p2a: Bannable Offense|81\/100\n|-enditem|p2a: Bannable Offense|Leftovers|[from] move: Knock Off|[of] p1a: Great Tusk\n|move|p2a: Bannable Offense|Tera Blast|p1a: Great Tusk|[anim] Tera Blast Fairy\n|-supereffective|p1a: Great Tusk\n|-damage|p1a: Great Tusk|0 fnt\n|faint|p1a: Great Tusk\n|-end|p1a: Great Tusk|Protosynthesis|[silent]\n|\n|upkeep\n|j| Shucklepilled\n|\n|t:|1700001432\n|switch|p1a: Zamazenta|Zamazenta|100\/100\n|-ability|p1a: Zamazenta|Dauntless Shield|boost\n|-boost|p1a: Zamazenta|def|1\n|turn|18\n|\n|t:|1700001436\n|-terastallize|p1a: Zamazenta|Steel\n|move|p1a: Zamazenta|Iron Defense|p1a: Zamazenta\n|-boost|p1a: Zamazenta|def|2\n|move|p2a: Bannable Offense|Tera Blast|p1a: Zamazenta|[anim] Tera Blast Fairy\n|-resisted|p1a: Zamazenta\n|-damage|p1a: Zamazenta|82\/100\n|\n|-heal|p1a: Zamazenta|88\/100|[from] item: Leftovers\n|upkeep\n|turn|19\n|j| Lord Sodium\n|\n|t:|1700001440\n|move|p1a: Zamazenta|Heavy Slam|p2a: Bannable Offense\n|-supereffective|p2a: Bannable Offense\n|-damage|p2a: Bannable Offense|51\/100\n|move|p2a: Bannable Offense|Kowtow Cleave|p1a: Zamazenta\n|-damage|p1a: Zamazenta|51\/100\n|\n|-heal|p1a: Zamazenta|58\/100|[from] item: Leftovers\n|upkeep\n|turn|20\n|\n|t:|1700001446\n|move|p2a: Bannable Offense|Sucker Punch|p1a: Zamazenta\n|-damage|p1a: Zamazenta|24\/100\n|move|p1a: Zamazenta|Heavy Slam|p2a: Bannable Offense\n|-supereffective|p2a: Bannable Offense\n|-damage|p2a: Bannable Offense|26\/100\n|\n|-heal|p1a: Zamazenta|30\/100|[from] item: Leftovers\n|upkeep\n|turn|21\n|\n|t:|1700001449\n|move|p1a: Zamazenta|Iron Defense|p1a: Zamazenta\n|-boost|p1a: Zamazenta|def|2\n|move|p2a: Bannable Offense|Kowtow Cleave|p1a: Zamazenta\n|-damage|p1a: Zamazenta|1\/100\n|\n|-heal|p1a: Zamazenta|7\/100|[from] item: Leftovers\n|upkeep\n|turn|22\n|\n|t:|1700001454\n|move|p2a: Bannable Offense|Sucker Punch|p1a: Zamazenta\n|-damage|p1a: Zamazenta|0 fnt\n|faint|p1a: Zamazenta\n|\n|upkeep\n|\n|t:|1700001460\n|switch|p1a: Kingambit|Kingambit, M|50\/100\n|-activate|p1a: Kingambit|ability: Supreme Overlord\n|-start|p1a: Kingambit|fallen4|[silent]\n|turn|23\n|\n|t:|1700001465\n|move|p2a: Bannable Offense|Tera Blast|p1a: Kingambit|[anim] Tera Blast Fairy\n|-damage|p1a: Kingambit|0 fnt\n|faint|p1a: Kingambit\n|-end|p1a: Kingambit|fallen4|[silent]\n|\n|upkeep\n|\n|t:|1700001467\n|switch|p1a: Calyrex|Calyrex-Shadow|100\/100\n|-ability|p1a: Calyrex|As One\n|-ability|p1a: Calyrex|Unnerve\n|turn|24\n|c|\u2606SDK04|gg\n|c|\u2606SDK04|wp\n|\n|t:|1700001475\n|move|p2a: Bannable Offense|Sucker Punch||[still]\n|-fail|p2a: Bannable Offense\n|move|p1a: Calyrex|Trick|p2a: Bannable Offense\n|-activate|p1a: Calyrex|move: Trick|[of] p2a: Bannable Offense\n|-item|p2a: Bannable Offense|Choice Specs|[from] move: Trick\n|-enditem|p1a: Calyrex|Choice Specs|[silent]|[from] move: Trick\n|\n|upkeep\n|turn|25\n|\n|t:|1700001478\n|move|p1a: Calyrex|Astral Barrage|p2a: Bannable Offense\n|-damage|p2a: Bannable Offense|0 fnt\n|faint|p2a: Bannable Offense\n|-end|p2a: Bannable Offense|fallen3|[silent]\n|-ability|p1a: Calyrex|Grim Neigh|boost\n|-boost|p1a: Calyrex|spa|1\n|\n|upkeep\n|\n|t:|1700001480\n|switch|p2a: Malicious Charity|Gholdengo|100\/100\n|-item|p2a: Malicious Charity|Air Balloon\n|turn|26\n|c|\u2606Username momento|Is it joever?\n|\n|t:|1700001492\n|move|p1a: Calyrex|Astral Barrage|p2a: Malicious Charity\n|-supereffective|p2a: Malicious Charity\n|-damage|p2a: Malicious Charity|0 fnt\n|-enditem|p2a: Malicious Charity|Air Balloon\n|faint|p2a: Malicious Charity\n|-ability|p1a: Calyrex|Grim Neigh|boost\n|-boost|p1a: Calyrex|spa|1\n|\n|upkeep\n|j|#SetsuStsna\n|c| spiderkitty410|just spam sucker :\/\n|\n|t:|1700001506\n|switch|p2a: Cheese Demon|Mew|100\/100\n|turn|27\n|c|\u2606Username momento|I used trick\n|\n|t:|1700001509\n|move|p1a: Calyrex|Astral Barrage|p2a: Cheese Demon\n|-supereffective|p2a: Cheese Demon\n|-damage|p2a: Cheese Demon|0 fnt\n|faint|p2a: Cheese Demon\n|\n|win|Username momento\n|n|\u2606Username momento|usernamemomento\n|n|\u2606SDK04|sdk04\n|n| JojoOui|jojooui\n|n| SandVeil10|sandveil10\n|n| shaomichel2003|shaomichel2003\n|n| spiderkitty410|spiderkitty410\n|n| Shucklepilled|shucklepilled\n|n| Lord Sodium|lordsodium\n|n|%SetsuStsna|setsustsna\n|l|%SetsuStsna\n|l| Shucklepilled\n|l| Lord Sodium\n|l| JojoOui\n|c| spiderkitty410|so why didnt skd04 click sucker?\n|l| shaomichel2003\n|c|\u2606Username momento|I should've stalled out the 8 suckers\n|c|\u2606SDK04|Thought they would set up on me\n|c|\u2606Username momento|Wait but I couldn't have\n|c|\u2606SDK04|At least that\u2019s what I thought\n|c|\u2606Username momento|Lucky me I guess\n","uploadtime":1700001553,"views":24,"p1id":"usernamemomento","p2id":"sdk04","formatid":"gen9ou","rating":0,"private":0,"password":""}