{"id":"gen9ou-1992903191","p1":"rivuo","p2":"Abner67","format":"[Gen 9] OU","log":"|j|\u2606rivuo\n|j|\u2606Abner67\n|t:|1700245414\n|gametype|singles\n|player|p1|rivuo|169|1259\n|player|p2|Abner67|169|1213\n|teamsize|p1|6\n|teamsize|p2|6\n|gen|9\n|tier|[Gen 9] OU\n|rated|\n|rule|Sleep Clause Mod: Limit one foe put to sleep\n|rule|Species Clause: Limit one of each Pok\u00e9mon\n|rule|OHKO Clause: OHKO moves are banned\n|rule|Evasion Items Clause: Evasion items are banned\n|rule|Evasion Moves Clause: Evasion moves are banned\n|rule|Endless Battle Clause: Forcing endless battles is banned\n|rule|HP Percentage Mod: HP is shown in percentages\n|clearpoke\n|poke|p1|Garganacl, F|\n|poke|p1|Alomomola, F|\n|poke|p1|Ting-Lu|\n|poke|p1|Heatran, F|\n|poke|p1|Dragonite, F|\n|poke|p1|Sneasler, F|\n|poke|p2|Amoonguss, M|\n|poke|p2|Iron Hands|\n|poke|p2|Goodra, M|\n|poke|p2|Azumarill, F|\n|poke|p2|Iron Treads|\n|poke|p2|Mew|\n|teampreview\n|inactive|Battle timer is ON: inactive players will automatically lose when time's up. (requested by rivuo)\n|\n|t:|1700245433\n|start\n|switch|p1a: Garganacl|Garganacl, F|100\/100\n|switch|p2a: Azumarill|Azumarill, F|100\/100\n|turn|1\n|\n|t:|1700245439\n|-terastallize|p1a: Garganacl|Grass\n|move|p2a: Azumarill|Liquidation|p1a: Garganacl\n|-resisted|p1a: Garganacl\n|-damage|p1a: Garganacl|79\/100\n|-unboost|p1a: Garganacl|def|1\n|move|p1a: Garganacl|Salt Cure|p2a: Azumarill\n|-damage|p2a: Azumarill|84\/100\n|-start|p2a: Azumarill|Salt Cure\n|\n|-heal|p1a: Garganacl|86\/100|[from] item: Leftovers\n|-damage|p2a: Azumarill|59\/100|[from] Salt Cure\n|upkeep\n|turn|2\n|\n|t:|1700245448\n|switch|p2a: Amoonguss|Amoonguss, M|100\/100\n|move|p1a: Garganacl|Recover|p1a: Garganacl\n|-heal|p1a: Garganacl|100\/100\n|\n|upkeep\n|turn|3\n|\n|t:|1700245452\n|move|p1a: Garganacl|Salt Cure|p2a: Amoonguss\n|-damage|p2a: Amoonguss|90\/100\n|-start|p2a: Amoonguss|Salt Cure\n|move|p2a: Amoonguss|Sludge Bomb|p1a: Garganacl\n|-supereffective|p1a: Garganacl\n|-damage|p1a: Garganacl|51\/100\n|\n|-heal|p1a: Garganacl|57\/100|[from] item: Leftovers\n|-damage|p2a: Amoonguss|77\/100|[from] Salt Cure\n|upkeep\n|turn|4\n|\n|t:|1700245460\n|move|p1a: Garganacl|Protect|p1a: Garganacl\n|-singleturn|p1a: Garganacl|Protect\n|move|p2a: Amoonguss|Sludge Bomb|p1a: Garganacl\n|-activate|p1a: Garganacl|move: Protect\n|\n|-heal|p1a: Garganacl|63\/100|[from] item: Leftovers\n|-damage|p2a: Amoonguss|65\/100|[from] Salt Cure\n|upkeep\n|turn|5\n|\n|t:|1700245466\n|switch|p2a: Iron Treads|Iron Treads|100\/100\n|move|p1a: Garganacl|Recover|p1a: Garganacl\n|-heal|p1a: Garganacl|100\/100\n|\n|upkeep\n|turn|6\n|\n|t:|1700245468\n|move|p2a: Iron Treads|Stealth Rock|p1a: Garganacl\n|-sidestart|p1: rivuo|move: Stealth Rock\n|move|p1a: Garganacl|Salt Cure|p2a: Iron Treads\n|-resisted|p2a: Iron Treads\n|-damage|p2a: Iron Treads|98\/100\n|-start|p2a: Iron Treads|Salt Cure\n|\n|-heal|p2a: Iron Treads|100\/100|[from] item: Leftovers\n|-damage|p2a: Iron Treads|75\/100|[from] Salt Cure\n|upkeep\n|turn|7\n|\n|t:|1700245475\n|move|p2a: Iron Treads|Volt Switch|p1a: Garganacl\n|-resisted|p1a: Garganacl\n|-damage|p1a: Garganacl|95\/100\n|\n|t:|1700245483\n|-end|p2a: Iron Treads|Quark Drive|[silent]\n|switch|p2a: Goodra|Goodra, M|100\/100|[from] Volt Switch\n|move|p1a: Garganacl|Stealth Rock|p2a: Goodra\n|-sidestart|p2: Abner67|move: Stealth Rock\n|\n|-heal|p1a: Garganacl|100\/100|[from] item: Leftovers\n|upkeep\n|turn|8\n|\n|t:|1700245489\n|move|p2a: Goodra|Ice Beam|p1a: Garganacl\n|-supereffective|p1a: Garganacl\n|-damage|p1a: Garganacl|49\/100\n|move|p1a: Garganacl|Salt Cure|p2a: Goodra\n|-crit|p2a: Goodra\n|-damage|p2a: Goodra|78\/100\n|-start|p2a: Goodra|Salt Cure\n|\n|-heal|p1a: Garganacl|55\/100|[from] item: Leftovers\n|-damage|p2a: Goodra|65\/100|[from] Salt Cure\n|upkeep\n|turn|9\n|\n|t:|1700245496\n|-terastallize|p2a: Goodra|Dragon\n|move|p1a: Garganacl|Protect|p1a: Garganacl\n|-singleturn|p1a: Garganacl|Protect\n|move|p2a: Goodra|Draco Meteor|p1a: Garganacl\n|-activate|p1a: Garganacl|move: Protect\n|\n|-heal|p1a: Garganacl|61\/100|[from] item: Leftovers\n|-damage|p2a: Goodra|53\/100|[from] Salt Cure\n|upkeep\n|turn|10\n|\n|t:|1700245505\n|switch|p1a: Ting-Lu|Ting-Lu|100\/100\n|-damage|p1a: Ting-Lu|94\/100|[from] Stealth Rock\n|-ability|p1a: Ting-Lu|Vessel of Ruin\n|move|p2a: Goodra|Draco Meteor|p1a: Ting-Lu\n|-damage|p1a: Ting-Lu|58\/100\n|-unboost|p2a: Goodra|spa|2\n|-enditem|p1a: Ting-Lu|Red Card|[of] p2a: Goodra\n|drag|p2a: Amoonguss|Amoonguss, M|98\/100\n|-damage|p2a: Amoonguss|86\/100|[from] Stealth Rock\n|\n|upkeep\n|turn|11\n|\n|t:|1700245517\n|switch|p1a: Alomomola|Alomomola, F, shiny|100\/100\n|move|p2a: Amoonguss|Giga Drain|p1a: Alomomola\n|-supereffective|p1a: Alomomola\n|-damage|p1a: Alomomola|46\/100\n|-heal|p2a: Amoonguss|100\/100|[from] drain|[of] p1a: Alomomola\n|\n|upkeep\n|turn|12\n|\n|t:|1700245527\n|move|p1a: Alomomola|Protect|p1a: Alomomola\n|-singleturn|p1a: Alomomola|Protect\n|move|p2a: Amoonguss|Giga Drain|p1a: Alomomola\n|-activate|p1a: Alomomola|move: Protect\n|\n|upkeep\n|turn|13\n|\n|t:|1700245531\n|switch|p1a: Garganacl|Garganacl, F, tera:Grass|61\/100\n|-damage|p1a: Garganacl|49\/100|[from] Stealth Rock\n|move|p2a: Amoonguss|Spore|p1a: Garganacl\n|-immune|p1a: Garganacl\n|\n|-heal|p1a: Garganacl|55\/100|[from] item: Leftovers\n|upkeep\n|turn|14\n|\n|t:|1700245537\n|move|p1a: Garganacl|Recover|p1a: Garganacl\n|-heal|p1a: Garganacl|100\/100\n|move|p2a: Amoonguss|Sludge Bomb|p1a: Garganacl\n|-supereffective|p1a: Garganacl\n|-damage|p1a: Garganacl|54\/100\n|\n|-heal|p1a: Garganacl|60\/100|[from] item: Leftovers\n|upkeep\n|turn|15\n|\n|t:|1700245542\n|move|p1a: Garganacl|Salt Cure|p2a: Amoonguss\n|-damage|p2a: Amoonguss|90\/100\n|-start|p2a: Amoonguss|Salt Cure\n|move|p2a: Amoonguss|Sludge Bomb|p1a: Garganacl\n|-supereffective|p1a: Garganacl\n|-damage|p1a: Garganacl|11\/100\n|\n|-heal|p1a: Garganacl|17\/100|[from] item: Leftovers\n|-damage|p2a: Amoonguss|77\/100|[from] Salt Cure\n|upkeep\n|turn|16\n|\n|t:|1700245545\n|move|p1a: Garganacl|Protect|p1a: Garganacl\n|-singleturn|p1a: Garganacl|Protect\n|move|p2a: Amoonguss|Giga Drain|p1a: Garganacl\n|-activate|p1a: Garganacl|move: Protect\n|\n|-heal|p1a: Garganacl|24\/100|[from] item: Leftovers\n|-damage|p2a: Amoonguss|65\/100|[from] Salt Cure\n|upkeep\n|turn|17\n|\n|t:|1700245549\n|move|p1a: Garganacl|Recover|p1a: Garganacl\n|-heal|p1a: Garganacl|74\/100\n|move|p2a: Amoonguss|Sludge Bomb|p1a: Garganacl\n|-supereffective|p1a: Garganacl\n|-damage|p1a: Garganacl|20\/100\n|\n|-heal|p1a: Garganacl|26\/100|[from] item: Leftovers\n|-damage|p2a: Amoonguss|52\/100|[from] Salt Cure\n|upkeep\n|turn|18\n|\n|t:|1700245558\n|move|p1a: Garganacl|Recover|p1a: Garganacl\n|-heal|p1a: Garganacl|76\/100\n|move|p2a: Amoonguss|Sludge Bomb|p1a: Garganacl\n|-supereffective|p1a: Garganacl\n|-damage|p1a: Garganacl|26\/100\n|\n|-heal|p1a: Garganacl|32\/100|[from] item: Leftovers\n|-damage|p2a: Amoonguss|40\/100|[from] Salt Cure\n|upkeep\n|turn|19\n|\n|t:|1700245570\n|switch|p2a: Mew|Mew|100\/100\n|-damage|p2a: Mew|88\/100|[from] Stealth Rock\n|move|p1a: Garganacl|Protect||[still]\n|-fail|p1a: Garganacl\n|\n|-heal|p2a: Mew|94\/100|[from] item: Leftovers\n|-heal|p1a: Garganacl|39\/100|[from] item: Leftovers\n|upkeep\n|turn|20\n|\n|t:|1700245576\n|move|p2a: Mew|Calm Mind|p2a: Mew\n|-boost|p2a: Mew|spa|1\n|-boost|p2a: Mew|spd|1\n|move|p1a: Garganacl|Recover|p1a: Garganacl\n|-heal|p1a: Garganacl|89\/100\n|\n|-heal|p2a: Mew|100\/100|[from] item: Leftovers\n|-heal|p1a: Garganacl|95\/100|[from] item: Leftovers\n|upkeep\n|turn|21\n|\n|t:|1700245581\n|move|p2a: Mew|Iron Defense|p2a: Mew\n|-boost|p2a: Mew|def|2\n|move|p1a: Garganacl|Salt Cure|p2a: Mew\n|-crit|p2a: Mew\n|-damage|p2a: Mew|84\/100\n|-start|p2a: Mew|Salt Cure\n|\n|-heal|p2a: Mew|90\/100|[from] item: Leftovers\n|-heal|p1a: Garganacl|100\/100|[from] item: Leftovers\n|-damage|p2a: Mew|78\/100|[from] Salt Cure\n|upkeep\n|turn|22\n|\n|t:|1700245588\n|move|p2a: Mew|Calm Mind|p2a: Mew\n|-boost|p2a: Mew|spa|1\n|-boost|p2a: Mew|spd|1\n|move|p1a: Garganacl|Salt Cure|p2a: Mew\n|-damage|p2a: Mew|72\/100\n|\n|-heal|p2a: Mew|78\/100|[from] item: Leftovers\n|-damage|p2a: Mew|66\/100|[from] Salt Cure\n|upkeep\n|turn|23\n|\n|t:|1700245593\n|move|p2a: Mew|Stored Power|p1a: Garganacl\n|-damage|p1a: Garganacl|11\/100\n|move|p1a: Garganacl|Salt Cure|p2a: Mew\n|-damage|p2a: Mew|59\/100\n|\n|-heal|p2a: Mew|66\/100|[from] item: Leftovers\n|-heal|p1a: Garganacl|17\/100|[from] item: Leftovers\n|-damage|p2a: Mew|53\/100|[from] Salt Cure\n|upkeep\n|turn|24\n|\n|t:|1700245597\n|move|p1a: Garganacl|Protect|p1a: Garganacl\n|-singleturn|p1a: Garganacl|Protect\n|move|p2a: Mew|Draining Kiss|p1a: Garganacl\n|-activate|p1a: Garganacl|move: Protect\n|\n|-heal|p2a: Mew|59\/100|[from] item: Leftovers\n|-heal|p1a: Garganacl|23\/100|[from] item: Leftovers\n|-damage|p2a: Mew|47\/100|[from] Salt Cure\n|upkeep\n|turn|25\n|\n|t:|1700245610\n|move|p2a: Mew|Draining Kiss|p1a: Garganacl\n|-damage|p1a: Garganacl|3\/100\n|-heal|p2a: Mew|62\/100|[from] drain|[of] p1a: Garganacl\n|move|p1a: Garganacl|Recover|p1a: Garganacl\n|-heal|p1a: Garganacl|53\/100\n|\n|-heal|p2a: Mew|68\/100|[from] item: Leftovers\n|-heal|p1a: Garganacl|60\/100|[from] item: Leftovers\n|-damage|p2a: Mew|55\/100|[from] Salt Cure\n|upkeep\n|turn|26\n|\n|t:|1700245616\n|move|p1a: Garganacl|Protect|p1a: Garganacl\n|-singleturn|p1a: Garganacl|Protect\n|move|p2a: Mew|Stored Power|p1a: Garganacl\n|-activate|p1a: Garganacl|move: Protect\n|\n|-heal|p2a: Mew|62\/100|[from] item: Leftovers\n|-heal|p1a: Garganacl|66\/100|[from] item: Leftovers\n|-damage|p2a: Mew|49\/100|[from] Salt Cure\n|upkeep\n|turn|27\n|inactive|rivuo has 120 seconds left.\n|\n|t:|1700245655\n|switch|p1a: Heatran|Heatran, F, shiny|100\/100\n|-damage|p1a: Heatran|88\/100|[from] Stealth Rock\n|move|p2a: Mew|Stored Power|p1a: Heatran\n|-resisted|p1a: Heatran\n|-damage|p1a: Heatran|55\/100\n|\n|-heal|p2a: Mew|55\/100|[from] item: Leftovers\n|-heal|p1a: Heatran|61\/100|[from] item: Leftovers\n|-damage|p2a: Mew|43\/100|[from] Salt Cure\n|upkeep\n|turn|28\n|inactive|rivuo has 120 seconds left.\n|\n|t:|1700245664\n|move|p2a: Mew|Stored Power|p1a: Heatran\n|-resisted|p1a: Heatran\n|-damage|p1a: Heatran|27\/100\n|move|p1a: Heatran|Will-O-Wisp|p2a: Mew|[miss]\n|-miss|p1a: Heatran|p2a: Mew\n|\n|-heal|p2a: Mew|49\/100|[from] item: Leftovers\n|-heal|p1a: Heatran|33\/100|[from] item: Leftovers\n|-damage|p2a: Mew|37\/100|[from] Salt Cure\n|upkeep\n|turn|29\n|\n|t:|1700245669\n|move|p2a: Mew|Stored Power|p1a: Heatran\n|-resisted|p1a: Heatran\n|-damage|p1a: Heatran|0 fnt\n|faint|p1a: Heatran\n|\n|-heal|p2a: Mew|43\/100|[from] item: Leftovers\n|-damage|p2a: Mew|31\/100|[from] Salt Cure\n|upkeep\n|\n|t:|1700245674\n|switch|p1a: Dragonite|Dragonite, F, shiny|100\/100\n|turn|30\n|\n|t:|1700245678\n|move|p1a: Dragonite|Extreme Speed|p2a: Mew\n|-damage|p2a: Mew|18\/100\n|move|p2a: Mew|Draining Kiss|p1a: Dragonite\n|-supereffective|p1a: Dragonite\n|-damage|p1a: Dragonite|74\/100\n|-heal|p2a: Mew|34\/100|[from] drain|[of] p1a: Dragonite\n|\n|-heal|p2a: Mew|40\/100|[from] item: Leftovers\n|-damage|p2a: Mew|28\/100|[from] Salt Cure\n|upkeep\n|turn|31\n|\n|t:|1700245687\n|switch|p1a: Sneasler|Sneasler, F|100\/100\n|move|p2a: Mew|Draining Kiss|p1a: Sneasler\n|-damage|p1a: Sneasler|69\/100\n|-heal|p2a: Mew|45\/100|[from] drain|[of] p1a: Sneasler\n|\n|-heal|p2a: Mew|51\/100|[from] item: Leftovers\n|-damage|p2a: Mew|39\/100|[from] Salt Cure\n|upkeep\n|turn|32\n|\n|t:|1700245696\n|move|p1a: Sneasler|U-turn|p2a: Mew\n|-supereffective|p2a: Mew\n|-damage|p2a: Mew|18\/100\n|\n|t:|1700245705\n|switch|p1a: Ting-Lu|Ting-Lu|58\/100|[from] U-turn\n|-damage|p1a: Ting-Lu|52\/100|[from] Stealth Rock\n|-ability|p1a: Ting-Lu|Vessel of Ruin\n|move|p2a: Mew|Stored Power|p1a: Ting-Lu\n|-immune|p1a: Ting-Lu\n|\n|-heal|p2a: Mew|24\/100|[from] item: Leftovers\n|-damage|p2a: Mew|12\/100|[from] Salt Cure\n|upkeep\n|turn|33\n|\n|t:|1700245718\n|switch|p1a: Sneasler|Sneasler, F|69\/100\n|move|p2a: Mew|Draining Kiss|p1a: Sneasler\n|-damage|p1a: Sneasler|40\/100\n|-heal|p2a: Mew|28\/100|[from] drain|[of] p1a: Sneasler\n|\n|-heal|p2a: Mew|34\/100|[from] item: Leftovers\n|-damage|p2a: Mew|22\/100|[from] Salt Cure\n|upkeep\n|turn|34\n|\n|t:|1700245723\n|move|p1a: Sneasler|Dire Claw|p2a: Mew\n|-damage|p2a: Mew|1\/100\n|move|p2a: Mew|Draining Kiss|p1a: Sneasler\n|-crit|p1a: Sneasler\n|-damage|p1a: Sneasler|0 fnt\n|-heal|p2a: Mew|23\/100|[from] drain|[of] p1a: Sneasler\n|faint|p1a: Sneasler\n|\n|-heal|p2a: Mew|29\/100|[from] item: Leftovers\n|-damage|p2a: Mew|17\/100|[from] Salt Cure\n|upkeep\n|c|\u2606rivuo|hahahhahaa\n|c|\u2606rivuo|lottery asap bro\n|\n|t:|1700245748\n|switch|p1a: Dragonite|Dragonite, F, shiny|74\/100\n|turn|35\n|\n|t:|1700245754\n|move|p1a: Dragonite|Extreme Speed|p2a: Mew\n|-damage|p2a: Mew|4\/100\n|move|p2a: Mew|Draining Kiss|p1a: Dragonite\n|-supereffective|p1a: Dragonite\n|-damage|p1a: Dragonite|29\/100\n|-heal|p2a: Mew|32\/100|[from] drain|[of] p1a: Dragonite\n|\n|-heal|p2a: Mew|38\/100|[from] item: Leftovers\n|-damage|p2a: Mew|26\/100|[from] Salt Cure\n|upkeep\n|turn|36\n|\n|t:|1700245760\n|move|p1a: Dragonite|Extreme Speed|p2a: Mew\n|-damage|p2a: Mew|12\/100\n|move|p2a: Mew|Draining Kiss|p1a: Dragonite\n|-supereffective|p1a: Dragonite\n|-damage|p1a: Dragonite|0 fnt\n|-heal|p2a: Mew|29\/100|[from] drain|[of] p1a: Dragonite\n|faint|p1a: Dragonite\n|\n|-heal|p2a: Mew|35\/100|[from] item: Leftovers\n|-damage|p2a: Mew|23\/100|[from] Salt Cure\n|upkeep\n|\n|t:|1700245763\n|switch|p1a: Garganacl|Garganacl, F, tera:Grass|66\/100\n|-damage|p1a: Garganacl|53\/100|[from] Stealth Rock\n|turn|37\n|\n|t:|1700245766\n|move|p1a: Garganacl|Protect|p1a: Garganacl\n|-singleturn|p1a: Garganacl|Protect\n|move|p2a: Mew|Stored Power|p1a: Garganacl\n|-activate|p1a: Garganacl|move: Protect\n|\n|-heal|p2a: Mew|29\/100|[from] item: Leftovers\n|-heal|p1a: Garganacl|60\/100|[from] item: Leftovers\n|-damage|p2a: Mew|17\/100|[from] Salt Cure\n|upkeep\n|turn|38\n|\n|t:|1700245768\n|move|p2a: Mew|Stored Power|p1a: Garganacl\n|-damage|p1a: Garganacl|0 fnt\n|faint|p1a: Garganacl\n|\n|-heal|p2a: Mew|23\/100|[from] item: Leftovers\n|-damage|p2a: Mew|11\/100|[from] Salt Cure\n|upkeep\n|c|\u2606rivuo|fucking disgusting\n|-message|rivuo forfeited.\n|\n|win|Abner67\n|raw|rivuo's rating: 1259 &rarr; <strong>1231<\/strong><br \/>(-28 for losing)\n|raw|Abner67's rating: 1213 &rarr; <strong>1241<\/strong><br \/>(+28 for winning)\n","uploadtime":1700245776,"views":10,"p1id":"rivuo","p2id":"abner67","formatid":"gen9ou","rating":1231,"private":0,"password":""}