{"id":"gen9ou-1996044672","p1":"d3720","p2":"yfleshcatchy","format":"[Gen 9] OU","log":"|j|\u2606d3720\n|j|\u2606yfleshcatchy\n|t:|1700634539\n|gametype|singles\n|player|p1|d3720|crasherwake|1590\n|player|p2|yfleshcatchy|saguaro|1513\n|teamsize|p1|6\n|teamsize|p2|6\n|gen|9\n|tier|[Gen 9] OU\n|rated|\n|rule|Sleep Clause Mod: Limit one foe put to sleep\n|rule|Species Clause: Limit one of each Pok\u00e9mon\n|rule|OHKO Clause: OHKO moves are banned\n|rule|Evasion Items Clause: Evasion items are banned\n|rule|Evasion Moves Clause: Evasion moves are banned\n|rule|Endless Battle Clause: Forcing endless battles is banned\n|rule|HP Percentage Mod: HP is shown in percentages\n|clearpoke\n|poke|p1|Zoroark-Hisui, M|\n|poke|p1|Kingambit, F|\n|poke|p1|Rillaboom, M|\n|poke|p1|Gholdengo|\n|poke|p1|Iron Moth|\n|poke|p1|Landorus-Therian, M|\n|poke|p2|Walking Wake|\n|poke|p2|Maushold-Four|\n|poke|p2|Dragonite, M|\n|poke|p2|Weezing-Galar, M|\n|poke|p2|Great Tusk|\n|poke|p2|Muk-Alola, F|\n|teampreview\n|\n|t:|1700634600\n|start\n|switch|p1a: Rillaboom|Rillaboom, M|100\/100\n|switch|p2a: Walking Wake|Walking Wake|100\/100\n|turn|1\n|c|\u2606yfleshcatchy|LMAO\n|\n|t:|1700634624\n|move|p1a: Rillaboom|Endure|p1a: Rillaboom\n|-singleturn|p1a: Rillaboom|move: Endure\n|move|p2a: Walking Wake|Flip Turn|p1a: Rillaboom\n|-resisted|p1a: Rillaboom\n|-damage|p1a: Rillaboom|93\/100\n|\n|t:|1700634631\n|-end|p2a: Walking Wake|Protosynthesis|[silent]\n|switch|p2a: Muk|Muk-Alola, F|100\/100|[from] Flip Turn\n|\n|upkeep\n|turn|2\n|c|\u2606yfleshcatchy|my brother in christ i respect the hustle but\n|c|\u2606d3720|im cooking\n|\n|t:|1700634670\n|switch|p1a: Landorus|Landorus-Therian, M|100\/100\n|-ability|p1a: Landorus|Intimidate|boost\n|-unboost|p2a: Muk|atk|1\n|move|p2a: Muk|Knock Off|p1a: Landorus\n|-damage|p1a: Landorus|82\/100\n|-damage|p2a: Muk|84\/100|[from] item: Rocky Helmet|[of] p1a: Landorus\n|-enditem|p1a: Landorus|Rocky Helmet|[from] move: Knock Off|[of] p2a: Muk\n|\n|-heal|p2a: Muk|90\/100|[from] item: Black Sludge\n|upkeep\n|turn|3\n|\n|t:|1700634680\n|move|p1a: Landorus|Stealth Rock|p2a: Muk\n|-sidestart|p2: yfleshcatchy|move: Stealth Rock\n|move|p2a: Muk|Poison Jab|p1a: Landorus\n|-resisted|p1a: Landorus\n|-damage|p1a: Landorus|75\/100\n|-status|p1a: Landorus|psn\n|\n|-heal|p2a: Muk|96\/100|[from] item: Black Sludge\n|-damage|p1a: Landorus|63\/100 psn|[from] psn\n|upkeep\n|turn|4\n|\n|t:|1700634685\n|move|p2a: Muk|Protect|p2a: Muk\n|-singleturn|p2a: Muk|Protect\n|move|p1a: Landorus|U-turn|p2a: Muk\n|-activate|p2a: Muk|move: Protect\n|\n|-heal|p2a: Muk|100\/100|[from] item: Black Sludge\n|-damage|p1a: Landorus|51\/100 psn|[from] psn\n|upkeep\n|turn|5\n|\n|t:|1700634731\n|switch|p2a: Great Tusk|Great Tusk|100\/100\n|-damage|p2a: Great Tusk|97\/100|[from] Stealth Rock\n|move|p1a: Landorus|U-turn|p2a: Great Tusk\n|-resisted|p2a: Great Tusk\n|-damage|p2a: Great Tusk|92\/100\n|-damage|p1a: Landorus|34\/100 psn|[from] item: Rocky Helmet|[of] p2a: Great Tusk\n|\n|t:|1700634750\n|switch|p1a: Gholdengo|Gholdengo|100\/100|[from] U-turn\n|\n|upkeep\n|turn|6\n|\n|t:|1700634762\n|-end|p2a: Great Tusk|Protosynthesis|[silent]\n|switch|p2a: Muk|Muk-Alola, F|100\/100\n|-damage|p2a: Muk|88\/100|[from] Stealth Rock\n|move|p1a: Gholdengo|Make It Rain|p2a: Muk\n|-damage|p2a: Muk|49\/100\n|-unboost|p1a: Gholdengo|spa|1\n|-enditem|p1a: Gholdengo|Eject Pack\n|\n|t:|1700634793\n|switch|p1a: Kingambit|Kingambit, F|100\/100\n|-item|p1a: Kingambit|Air Balloon\n|\n|-heal|p2a: Muk|55\/100|[from] item: Black Sludge\n|upkeep\n|turn|7\n|\n|t:|1700634810\n|move|p1a: Kingambit|Swords Dance|p1a: Kingambit\n|-boost|p1a: Kingambit|atk|2\n|move|p2a: Muk|Drain Punch|p1a: Kingambit\n|-immune|p1a: Kingambit\n|\n|-heal|p2a: Muk|61\/100|[from] item: Black Sludge\n|upkeep\n|turn|8\n|c|\u2606yfleshcatchy|oh\n|c|\u2606yfleshcatchy|im braindead\n|c|\u2606yfleshcatchy|got it\n|\n|t:|1700634851\n|move|p2a: Muk|Protect|p2a: Muk\n|-singleturn|p2a: Muk|Protect\n|move|p1a: Kingambit|Poltergeist|p2a: Muk\n|-activate|p2a: Muk|move: Protect\n|\n|-heal|p2a: Muk|67\/100|[from] item: Black Sludge\n|upkeep\n|turn|9\n|\n|t:|1700634881\n|-terastallize|p1a: Kingambit|Fighting\n|move|p1a: Kingambit|Low Kick|p2a: Muk\n|-damage|p2a: Muk|0 fnt\n|faint|p2a: Muk\n|\n|upkeep\n|\n|t:|1700634897\n|switch|p2a: Walking Wake|Walking Wake|100\/100\n|-damage|p2a: Walking Wake|88\/100|[from] Stealth Rock\n|turn|10\n|\n|t:|1700634921\n|move|p2a: Walking Wake|Draco Meteor|p1a: Kingambit\n|-damage|p1a: Kingambit|0 fnt\n|-unboost|p2a: Walking Wake|spa|2\n|replace|p1a: Zoroark|Zoroark-Hisui, M\n|-end|p1a: Zoroark|Illusion\n|-enditem|p1a: Zoroark|Air Balloon\n|faint|p1a: Zoroark\n|\n|upkeep\n|\n|t:|1700634947\n|switch|p1a: Gholdengo|Gholdengo|100\/100\n|turn|11\n|\n|t:|1700634963\n|-end|p2a: Walking Wake|Protosynthesis|[silent]\n|switch|p2a: Great Tusk|Great Tusk|92\/100\n|-damage|p2a: Great Tusk|89\/100|[from] Stealth Rock\n|move|p1a: Gholdengo|Nasty Plot|p1a: Gholdengo\n|-boost|p1a: Gholdengo|spa|2\n|\n|upkeep\n|turn|12\n|\n|t:|1700634977\n|move|p1a: Gholdengo|Shadow Ball|p2a: Great Tusk\n|-damage|p2a: Great Tusk|0 fnt\n|faint|p2a: Great Tusk\n|-end|p2a: Great Tusk|Protosynthesis|[silent]\n|\n|upkeep\n|\n|t:|1700634996\n|switch|p2a: Walking Wake|Walking Wake|88\/100\n|-damage|p2a: Walking Wake|76\/100|[from] Stealth Rock\n|turn|13\n|\n|t:|1700635037\n|switch|p1a: Iron Moth|Iron Moth|100\/100\n|-enditem|p1a: Iron Moth|Booster Energy\n|-activate|p1a: Iron Moth|ability: Quark Drive|[fromitem]\n|-start|p1a: Iron Moth|quarkdrivespe\n|move|p2a: Walking Wake|Flamethrower|p1a: Iron Moth\n|-resisted|p1a: Iron Moth\n|-damage|p1a: Iron Moth|86\/100\n|\n|upkeep\n|turn|14\n|\n|t:|1700635050\n|-end|p2a: Walking Wake|Protosynthesis|[silent]\n|switch|p2a: Weezing|Weezing-Galar, M|100\/100\n|-damage|p2a: Weezing|88\/100|[from] Stealth Rock\n|move|p1a: Iron Moth|Dazzling Gleam|p2a: Weezing\n|-resisted|p2a: Weezing\n|-damage|p2a: Weezing|66\/100\n|\n|upkeep\n|turn|15\n|\n|t:|1700635055\n|switch|p2a: Walking Wake|Walking Wake|76\/100\n|-damage|p2a: Walking Wake|63\/100|[from] Stealth Rock\n|move|p1a: Iron Moth|Fiery Dance|p2a: Walking Wake\n|-resisted|p2a: Walking Wake\n|-damage|p2a: Walking Wake|52\/100\n|-boost|p1a: Iron Moth|spa|1\n|\n|upkeep\n|turn|16\n|\n|t:|1700635060\n|move|p1a: Iron Moth|Dazzling Gleam|p2a: Walking Wake\n|-supereffective|p2a: Walking Wake\n|-damage|p2a: Walking Wake|0 fnt\n|faint|p2a: Walking Wake\n|-end|p2a: Walking Wake|Protosynthesis|[silent]\n|\n|upkeep\n|\n|t:|1700635063\n|switch|p2a: Dragonite|Dragonite, M|100\/100\n|-damage|p2a: Dragonite|76\/100|[from] Stealth Rock\n|turn|17\n|\n|t:|1700635070\n|-terastallize|p2a: Dragonite|Normal\n|move|p2a: Dragonite|Extreme Speed|p1a: Iron Moth\n|-damage|p1a: Iron Moth|0 fnt\n|faint|p1a: Iron Moth\n|-end|p1a: Iron Moth|Quark Drive|[silent]\n|\n|upkeep\n|\n|t:|1700635084\n|switch|p1a: Gholdengo|Gholdengo|100\/100\n|turn|18\n|\n|t:|1700635100\n|switch|p2a: Weezing|Weezing-Galar, M|66\/100\n|-damage|p2a: Weezing|54\/100|[from] Stealth Rock\n|move|p1a: Gholdengo|Nasty Plot|p1a: Gholdengo\n|-boost|p1a: Gholdengo|spa|2\n|\n|upkeep\n|turn|19\n|\n|t:|1700635104\n|move|p1a: Gholdengo|Shadow Ball|p2a: Weezing\n|-damage|p2a: Weezing|0 fnt\n|faint|p2a: Weezing\n|\n|upkeep\n|\n|t:|1700635115\n|switch|p2a: Dragonite|Dragonite, M, tera:Normal|76\/100\n|-damage|p2a: Dragonite|63\/100|[from] Stealth Rock\n|turn|20\n|\n|t:|1700635120\n|move|p1a: Gholdengo|Make It Rain|p2a: Dragonite\n|-damage|p2a: Dragonite|0 fnt\n|-unboost|p1a: Gholdengo|spa|1\n|faint|p2a: Dragonite\n|\n|upkeep\n|\n|t:|1700635123\n|switch|p2a: Maushold|Maushold-Four|100\/100\n|-damage|p2a: Maushold|88\/100|[from] Stealth Rock\n|turn|21\n|\n|t:|1700635127\n|move|p2a: Maushold|Bite|p1a: Gholdengo\n|-supereffective|p1a: Gholdengo\n|-damage|p1a: Gholdengo|54\/100\n|move|p1a: Gholdengo|Make It Rain|p2a: Maushold\n|-damage|p2a: Maushold|0 fnt\n|-unboost|p1a: Gholdengo|spa|1\n|faint|p2a: Maushold\n|\n|win|d3720\n|raw|d3720's rating: 1590 &rarr; <strong>1605<\/strong><br \/>(+15 for winning)\n|raw|yfleshcatchy's rating: 1492 &rarr; <strong>1477<\/strong><br \/>(-15 for losing)\n|c|\u2606d3720|gg\n","uploadtime":1700635146,"views":14,"p1id":"d3720","p2id":"yfleshcatchy","formatid":"gen9ou","rating":1477,"private":0,"password":""}