{"id":"gen9ou-1996688465","p1":"108130958085102a","p2":"Aggron","format":"[Gen 9] OU","log":"|j|\u2606108130958085102a\n|j|\u2606Aggron\n|t:|1700709927\n|gametype|singles\n|player|p1|108130958085102a|rood|1776\n|player|p2|Aggron|pokefan-gen4|1816\n|teamsize|p1|6\n|teamsize|p2|6\n|gen|9\n|tier|[Gen 9] OU\n|rated|\n|rule|Sleep Clause Mod: Limit one foe put to sleep\n|rule|Species Clause: Limit one of each Pok\u00e9mon\n|rule|OHKO Clause: OHKO moves are banned\n|rule|Evasion Items Clause: Evasion items are banned\n|rule|Evasion Moves Clause: Evasion moves are banned\n|rule|Endless Battle Clause: Forcing endless battles is banned\n|rule|HP Percentage Mod: HP is shown in percentages\n|clearpoke\n|poke|p1|Ursaluna, F|\n|poke|p1|Corviknight, F|\n|poke|p1|Kingambit, F|\n|poke|p1|Dondozo, M|\n|poke|p1|Iron Valiant|\n|poke|p1|Dragapult, F|\n|poke|p2|Sinistcha-Masterpiece|\n|poke|p2|Heatran, M|\n|poke|p2|Rillaboom, F|\n|poke|p2|Samurott-Hisui, F|\n|poke|p2|Tyranitar, F|\n|poke|p2|Pawmot, M|\n|teampreview\n|inactive|Battle timer is ON: inactive players will automatically lose when time's up. (requested by Aggron)\n|inactive|Aggron has 120 seconds left.\n|\n|t:|1700709959\n|start\n|switch|p1a: Dragapult|Dragapult, F|100\/100\n|switch|p2a: Tyranitar|Tyranitar, F|100\/100\n|-weather|Sandstorm|[from] ability: Sand Stream|[of] p2a: Tyranitar\n|turn|1\n|\n|t:|1700709964\n|move|p1a: Dragapult|U-turn|p2a: Tyranitar\n|-supereffective|p2a: Tyranitar\n|-damage|p2a: Tyranitar|51\/100\n|\n|t:|1700709968\n|switch|p1a: Iron Valiant|Iron Valiant|100\/100|[from] U-turn\n|move|p2a: Tyranitar|Knock Off|p1a: Iron Valiant\n|-resisted|p1a: Iron Valiant\n|-damage|p1a: Iron Valiant|83\/100\n|-enditem|p1a: Iron Valiant|Choice Specs|[from] move: Knock Off|[of] p2a: Tyranitar\n|\n|-weather|Sandstorm|[upkeep]\n|-damage|p1a: Iron Valiant|77\/100|[from] Sandstorm\n|upkeep\n|turn|2\n|\n|t:|1700709974\n|switch|p2a: Heatran|Heatran, M|100\/100\n|-item|p2a: Heatran|Air Balloon\n|move|p1a: Iron Valiant|Focus Blast|p2a: Heatran\n|-supereffective|p2a: Heatran\n|-damage|p2a: Heatran|0 fnt\n|-enditem|p2a: Heatran|Air Balloon\n|faint|p2a: Heatran\n|\n|-weather|Sandstorm|[upkeep]\n|-damage|p1a: Iron Valiant|71\/100|[from] Sandstorm\n|upkeep\n|\n|t:|1700709996\n|switch|p2a: Pawmot|Pawmot, M|100\/100\n|turn|3\n|\n|t:|1700710003\n|move|p2a: Pawmot|Double Shock|p1a: Iron Valiant\n|-damage|p1a: Iron Valiant|0 fnt\n|-start|p2a: Pawmot|typechange|???\/Fighting|[from] move: Double Shock\n|faint|p1a: Iron Valiant\n|-end|p1a: Iron Valiant|Quark Drive|[silent]\n|\n|-weather|Sandstorm|[upkeep]\n|-damage|p2a: Pawmot|94\/100|[from] Sandstorm\n|upkeep\n|\n|t:|1700710007\n|switch|p1a: Ursaluna|Ursaluna, F|100\/100\n|turn|4\n|\n|t:|1700710013\n|switch|p2a: Sinistcha|Sinistcha-Masterpiece|100\/100\n|move|p1a: Ursaluna|Fire Punch|p2a: Sinistcha\n|-supereffective|p2a: Sinistcha\n|-damage|p2a: Sinistcha|79\/100\n|\n|-weather|Sandstorm|[upkeep]\n|-damage|p2a: Sinistcha|73\/100|[from] Sandstorm\n|-status|p1a: Ursaluna|brn|[from] item: Flame Orb\n|upkeep\n|turn|5\n|\n|t:|1700710020\n|switch|p1a: Corviknight|Corviknight, F|100\/100\n|move|p2a: Sinistcha|Shadow Ball|p1a: Corviknight\n|-damage|p1a: Corviknight|67\/100\n|-ability|p1a: Corviknight|Mirror Armor\n|-unboost|p2a: Sinistcha|spd|1\n|\n|-weather|none\n|upkeep\n|turn|6\n|\n|t:|1700710046\n|move|p2a: Sinistcha|Matcha Gotcha|p1a: Corviknight|[miss]\n|-miss|p2a: Sinistcha|p1a: Corviknight\n|move|p1a: Corviknight|Brave Bird|p2a: Sinistcha\n|-supereffective|p2a: Sinistcha\n|-damage|p2a: Sinistcha|19\/100\n|-damage|p1a: Corviknight|52\/100|[from] Recoil\n|\n|upkeep\n|turn|7\n|j| Fermortor\n|\n|t:|1700710061\n|switch|p2a: Tyranitar|Tyranitar, F|51\/100\n|-weather|Sandstorm|[from] ability: Sand Stream|[of] p2a: Tyranitar\n|move|p1a: Corviknight|Roost|p1a: Corviknight\n|-heal|p1a: Corviknight|100\/100\n|-singleturn|p1a: Corviknight|move: Roost\n|\n|-weather|Sandstorm|[upkeep]\n|upkeep\n|turn|8\n|\n|t:|1700710068\n|switch|p2a: Pawmot|Pawmot, M|94\/100\n|move|p1a: Corviknight|U-turn|p2a: Pawmot\n|-resisted|p2a: Pawmot\n|-damage|p2a: Pawmot|82\/100\n|\n|t:|1700710073\n|switch|p1a: Ursaluna|Ursaluna, F|100\/100 brn|[from] U-turn\n|\n|-weather|Sandstorm|[upkeep]\n|-damage|p2a: Pawmot|76\/100|[from] Sandstorm\n|-damage|p1a: Ursaluna|94\/100 brn|[from] brn\n|upkeep\n|turn|9\n|\n|t:|1700710085\n|move|p1a: Ursaluna|Protect|p1a: Ursaluna\n|-singleturn|p1a: Ursaluna|Protect\n|move|p2a: Pawmot|Revival Blessing|p2a: Pawmot\n|\n|t:|1700710087\n|-heal|p2: Heatran|50\/100|[from] move: Revival Blessing\n|\n|-weather|Sandstorm|[upkeep]\n|-damage|p2a: Pawmot|70\/100|[from] Sandstorm\n|-damage|p1a: Ursaluna|88\/100 brn|[from] brn\n|upkeep\n|turn|10\n|\n|t:|1700710095\n|switch|p2a: Rillaboom|Rillaboom, F, shiny|100\/100\n|-fieldstart|move: Grassy Terrain|[from] ability: Grassy Surge|[of] p2a: Rillaboom\n|move|p1a: Ursaluna|Headlong Rush|p2a: Rillaboom\n|-resisted|p2a: Rillaboom\n|-crit|p2a: Rillaboom\n|-damage|p2a: Rillaboom|23\/100\n|-unboost|p1a: Ursaluna|def|1\n|-unboost|p1a: Ursaluna|spd|1\n|\n|-weather|Sandstorm|[upkeep]\n|-damage|p2a: Rillaboom|17\/100|[from] Sandstorm\n|-heal|p2a: Rillaboom|23\/100|[from] Grassy Terrain\n|-heal|p1a: Ursaluna|94\/100 brn|[from] Grassy Terrain\n|-damage|p1a: Ursaluna|88\/100 brn|[from] brn\n|upkeep\n|turn|11\n|\n|t:|1700710109\n|move|p1a: Ursaluna|Protect|p1a: Ursaluna\n|-singleturn|p1a: Ursaluna|Protect\n|move|p2a: Rillaboom|Wood Hammer|p1a: Ursaluna\n|-activate|p1a: Ursaluna|move: Protect\n|\n|-weather|none\n|-heal|p2a: Rillaboom|30\/100|[from] Grassy Terrain\n|-heal|p1a: Ursaluna|94\/100 brn|[from] Grassy Terrain\n|-damage|p1a: Ursaluna|88\/100 brn|[from] brn\n|upkeep\n|turn|12\n|\n|t:|1700710113\n|switch|p2a: Heatran|Heatran, M|50\/100\n|switch|p1a: Corviknight|Corviknight, F|100\/100\n|\n|-heal|p2a: Heatran|57\/100|[from] Grassy Terrain\n|upkeep\n|turn|13\n|j| dfghhhg\n|\n|t:|1700710127\n|move|p2a: Heatran|Magma Storm|p1a: Corviknight\n|-supereffective|p1a: Corviknight\n|-damage|p1a: Corviknight|0 fnt\n|faint|p1a: Corviknight\n|\n|-heal|p2a: Heatran|63\/100|[from] Grassy Terrain\n|upkeep\n|\n|t:|1700710131\n|switch|p1a: Kingambit|Kingambit, F|100\/100\n|-activate|p1a: Kingambit|ability: Supreme Overlord\n|-start|p1a: Kingambit|fallen2|[silent]\n|turn|14\n|\n|t:|1700710139\n|move|p2a: Heatran|Magma Storm|p1a: Kingambit\n|-supereffective|p1a: Kingambit\n|-damage|p1a: Kingambit|23\/100\n|-activate|p1a: Kingambit|move: Magma Storm|[of] p2a: Heatran\n|move|p1a: Kingambit|Low Kick|p2a: Heatran\n|-supereffective|p2a: Heatran\n|-damage|p2a: Heatran|0 fnt\n|faint|p2a: Heatran\n|\n|-heal|p1a: Kingambit|29\/100|[from] Grassy Terrain\n|-end|p1a: Kingambit|Magma Storm|[partiallytrapped]|[silent]\n|-fieldend|move: Grassy Terrain\n|upkeep\n|\n|t:|1700710149\n|switch|p2a: Pawmot|Pawmot, M|70\/100\n|turn|15\n|j| Jontrendline\n|\n|t:|1700710158\n|-end|p1a: Kingambit|fallen2|[silent]\n|switch|p1a: Dragapult|Dragapult, F|100\/100\n|move|p2a: Pawmot|Close Combat|p1a: Dragapult\n|-immune|p1a: Dragapult\n|\n|upkeep\n|turn|16\n|\n|t:|1700710169\n|switch|p2a: Tyranitar|Tyranitar, F|51\/100\n|-weather|Sandstorm|[from] ability: Sand Stream|[of] p2a: Tyranitar\n|move|p1a: Dragapult|Dragon Darts|p2a: Tyranitar\n|-damage|p2a: Tyranitar|20\/100\n|-anim|p1a: Dragapult|Dragon Darts|p2a: Tyranitar\n|-damage|p2a: Tyranitar|0 fnt\n|faint|p2a: Tyranitar\n|\n|-weather|Sandstorm|[upkeep]\n|-damage|p1a: Dragapult|95\/100|[from] Sandstorm\n|upkeep\n|\n|t:|1700710175\n|switch|p2a: Samurott|Samurott-Hisui, F|100\/100\n|turn|17\n|\n|t:|1700710189\n|switch|p1a: Dondozo|Dondozo, M|100\/100\n|move|p2a: Samurott|Sucker Punch||[still]\n|-fail|p2a: Samurott\n|\n|-weather|Sandstorm|[upkeep]\n|-damage|p2a: Samurott|94\/100|[from] Sandstorm\n|-damage|p1a: Dondozo|94\/100|[from] Sandstorm\n|-heal|p1a: Dondozo|100\/100|[from] item: Leftovers\n|upkeep\n|turn|18\n|\n|t:|1700710198\n|switch|p2a: Rillaboom|Rillaboom, F, shiny|30\/100\n|-fieldstart|move: Grassy Terrain|[from] ability: Grassy Surge|[of] p2a: Rillaboom\n|move|p1a: Dondozo|Curse|p1a: Dondozo\n|-unboost|p1a: Dondozo|spe|1\n|-boost|p1a: Dondozo|atk|1\n|-boost|p1a: Dondozo|def|1\n|\n|-weather|Sandstorm|[upkeep]\n|-damage|p2a: Rillaboom|23\/100|[from] Sandstorm\n|-damage|p1a: Dondozo|94\/100|[from] Sandstorm\n|-heal|p2a: Rillaboom|30\/100|[from] Grassy Terrain\n|-heal|p1a: Dondozo|100\/100|[from] Grassy Terrain\n|upkeep\n|turn|19\n|\n|t:|1700710208\n|-terastallize|p1a: Dondozo|Dark\n|move|p2a: Rillaboom|Wood Hammer|p1a: Dondozo\n|-damage|p1a: Dondozo|63\/100\n|-damage|p2a: Rillaboom|14\/100|[from] Recoil\n|move|p1a: Dondozo|Curse|p1a: Dondozo\n|-unboost|p1a: Dondozo|spe|1\n|-boost|p1a: Dondozo|atk|1\n|-boost|p1a: Dondozo|def|1\n|\n|-weather|Sandstorm|[upkeep]\n|-damage|p2a: Rillaboom|8\/100|[from] Sandstorm\n|-damage|p1a: Dondozo|57\/100|[from] Sandstorm\n|-heal|p2a: Rillaboom|14\/100|[from] Grassy Terrain\n|-heal|p1a: Dondozo|63\/100|[from] Grassy Terrain\n|-heal|p1a: Dondozo|69\/100|[from] item: Leftovers\n|upkeep\n|turn|20\n|\n|t:|1700710213\n|switch|p2a: Samurott|Samurott-Hisui, F|94\/100\n|move|p1a: Dondozo|Curse|p1a: Dondozo\n|-unboost|p1a: Dondozo|spe|1\n|-boost|p1a: Dondozo|atk|1\n|-boost|p1a: Dondozo|def|1\n|\n|-weather|none\n|-heal|p2a: Samurott|100\/100|[from] Grassy Terrain\n|-heal|p1a: Dondozo|76\/100|[from] Grassy Terrain\n|-heal|p1a: Dondozo|82\/100|[from] item: Leftovers\n|upkeep\n|turn|21\n|\n|t:|1700710215\n|move|p2a: Samurott|Encore|p1a: Dondozo\n|-start|p1a: Dondozo|Encore\n|move|p1a: Dondozo|Curse|p1a: Dondozo\n|-unboost|p1a: Dondozo|spe|1\n|-boost|p1a: Dondozo|atk|1\n|-boost|p1a: Dondozo|def|1\n|\n|-heal|p1a: Dondozo|88\/100|[from] Grassy Terrain\n|-heal|p1a: Dondozo|94\/100|[from] item: Leftovers\n|upkeep\n|turn|22\n|j| Revilo6000\n|\n|t:|1700710227\n|switch|p1a: Kingambit|Kingambit, F|29\/100\n|-activate|p1a: Kingambit|ability: Supreme Overlord\n|-start|p1a: Kingambit|fallen2|[silent]\n|move|p2a: Samurott|Ceaseless Edge|p1a: Kingambit\n|-resisted|p1a: Kingambit\n|-damage|p1a: Kingambit|12\/100\n|-sidestart|p1: 108130958085102a|Spikes\n|\n|-heal|p1a: Kingambit|18\/100|[from] Grassy Terrain\n|-fieldend|move: Grassy Terrain\n|upkeep\n|turn|23\n|\n|t:|1700710234\n|move|p1a: Kingambit|Sucker Punch|p2a: Samurott\n|-resisted|p2a: Samurott\n|-damage|p2a: Samurott|72\/100\n|move|p2a: Samurott|Sacred Sword|p1a: Kingambit\n|-supereffective|p1a: Kingambit\n|-damage|p1a: Kingambit|0 fnt\n|faint|p1a: Kingambit\n|-end|p1a: Kingambit|fallen2|[silent]\n|\n|upkeep\n|\n|t:|1700710239\n|switch|p1a: Dragapult|Dragapult, F|95\/100\n|-damage|p1a: Dragapult|82\/100|[from] Spikes\n|turn|24\n|\n|t:|1700710243\n|-terastallize|p2a: Samurott|Dark\n|move|p2a: Samurott|Sucker Punch|p1a: Dragapult\n|-supereffective|p1a: Dragapult\n|-damage|p1a: Dragapult|0 fnt\n|faint|p1a: Dragapult\n|\n|upkeep\n|-message|108130958085102a forfeited.\n|\n|win|Aggron\n|raw|108130958085102a's rating: 1776 &rarr; <strong>1758<\/strong><br \/>(-18 for losing)\n|raw|Aggron's rating: 1816 &rarr; <strong>1834<\/strong><br \/>(+18 for winning)\n|l|\u2606108130958085102a\n","uploadtime":1700710262,"views":2,"p1id":"108130958085102a","p2id":"aggron","formatid":"gen9ou","rating":1758,"private":0,"password":""}