{"id":"gen9ou-1993658662","p1":"TheMoonVanished","p2":"ChillLanturnYT","format":"[Gen 9] OU","log":"|j|\u2606TheMoonVanished\n|j|\u2606ChillLanturnYT\n|t:|1700342482\n|gametype|singles\n|player|p1|TheMoonVanished|caitlin-masters|1148\n|player|p2|ChillLanturnYT|palmer|1173\n|teamsize|p1|6\n|teamsize|p2|6\n|gen|9\n|tier|[Gen 9] OU\n|rated|\n|rule|Sleep Clause Mod: Limit one foe put to sleep\n|rule|Species Clause: Limit one of each Pok\u00e9mon\n|rule|OHKO Clause: OHKO moves are banned\n|rule|Evasion Items Clause: Evasion items are banned\n|rule|Evasion Moves Clause: Evasion moves are banned\n|rule|Endless Battle Clause: Forcing endless battles is banned\n|rule|HP Percentage Mod: HP is shown in percentages\n|clearpoke\n|poke|p1|Landorus-Therian, M|\n|poke|p1|Enamorus, F|\n|poke|p1|Torkoal, F|\n|poke|p1|Shiftry, F|\n|poke|p1|Ninetales, M|\n|poke|p1|Slowking-Galar, M|\n|poke|p2|Toxapex, M|\n|poke|p2|Glimmora, F|\n|poke|p2|Sneasler, M|\n|poke|p2|Clodsire, M|\n|poke|p2|Muk-Alola, M|\n|poke|p2|Haunter, F|\n|teampreview\n|c|\u2606TheMoonVanished|hf\n|\n|t:|1700342510\n|start\n|switch|p1a: Landorus|Landorus-Therian, M|100\/100\n|switch|p2a: Sneasler|Sneasler, M|100\/100\n|-ability|p1a: Landorus|Intimidate|boost\n|-unboost|p2a: Sneasler|atk|1\n|turn|1\n|c|\u2606ChillLanturnYT|U2\n|\n|t:|1700342523\n|switch|p1a: Torkoal|Torkoal, F|100\/100\n|-weather|SunnyDay|[from] ability: Drought|[of] p1a: Torkoal\n|move|p2a: Sneasler|U-turn|p1a: Torkoal\n|-resisted|p1a: Torkoal\n|-damage|p1a: Torkoal|95\/100\n|\n|t:|1700342531\n|switch|p2a: Glimmora|Glimmora, F|100\/100|[from] U-turn\n|\n|-weather|SunnyDay|[upkeep]\n|upkeep\n|turn|2\n|\n|t:|1700342533\n|move|p2a: Glimmora|Sand Tomb|p1a: Torkoal|[miss]\n|-miss|p2a: Glimmora|p1a: Torkoal\n|move|p1a: Torkoal|Earth Power|p2a: Glimmora\n|-supereffective|p2a: Glimmora\n|-damage|p2a: Glimmora|0 fnt\n|faint|p2a: Glimmora\n|\n|-weather|SunnyDay|[upkeep]\n|upkeep\n|c|\u2606TheMoonVanished|wow\n|\n|t:|1700342559\n|switch|p2a: Clodsire|Clodsire, M|100\/100\n|turn|3\n|\n|t:|1700342563\n|move|p2a: Clodsire|Toxic Spikes|p1a: Torkoal\n|-sidestart|p1: TheMoonVanished|move: Toxic Spikes\n|move|p1a: Torkoal|Stealth Rock|p2a: Clodsire\n|-sidestart|p2: ChillLanturnYT|move: Stealth Rock\n|\n|-weather|SunnyDay|[upkeep]\n|upkeep\n|turn|4\n|\n|t:|1700342568\n|switch|p1a: Landorus|Landorus-Therian, M|100\/100\n|-ability|p1a: Landorus|Intimidate|boost\n|-unboost|p2a: Clodsire|atk|1\n|move|p2a: Clodsire|Poison Jab|p1a: Landorus\n|-resisted|p1a: Landorus\n|-damage|p1a: Landorus|92\/100\n|-status|p1a: Landorus|psn\n|\n|-weather|SunnyDay|[upkeep]\n|-damage|p1a: Landorus|80\/100 psn|[from] psn\n|upkeep\n|turn|5\n|\n|t:|1700342579\n|switch|p2a: Haunter|Haunter, F|100\/100\n|-damage|p2a: Haunter|88\/100|[from] Stealth Rock\n|-terastallize|p1a: Landorus|Ground\n|move|p1a: Landorus|Earth Power|p2a: Haunter\n|-immune|p2a: Haunter|[from] ability: Levitate\n|\n|-weather|SunnyDay|[upkeep]\n|-damage|p1a: Landorus|68\/100 psn|[from] psn\n|upkeep\n|turn|6\n|\n|t:|1700342589\n|switch|p1a: Slowking|Slowking-Galar, M|100\/100\n|-sideend|p1: TheMoonVanished|move: Toxic Spikes|[of] p1a: Slowking\n|move|p2a: Haunter|Shadow Ball|p1a: Slowking\n|-supereffective|p1a: Slowking\n|-damage|p1a: Slowking|6\/100\n|-unboost|p1a: Slowking|spd|1\n|\n|-weather|SunnyDay|[upkeep]\n|upkeep\n|turn|7\n|\n|t:|1700342595\n|move|p2a: Haunter|Shadow Ball|p1a: Slowking\n|-supereffective|p1a: Slowking\n|-damage|p1a: Slowking|0 fnt\n|faint|p1a: Slowking\n|\n|-weather|SunnyDay|[upkeep]\n|upkeep\n|\n|t:|1700342600\n|switch|p1a: Shiftry|Shiftry, F|100\/100\n|turn|8\n|\n|t:|1700342608\n|switch|p2a: Sneasler|Sneasler, M|100\/100\n|-damage|p2a: Sneasler|95\/100|[from] Stealth Rock\n|move|p1a: Shiftry|Knock Off|p2a: Sneasler\n|-resisted|p2a: Sneasler\n|-damage|p2a: Sneasler|44\/100\n|-enditem|p2a: Sneasler|Choice Scarf|[from] move: Knock Off|[of] p1a: Shiftry\n|-damage|p1a: Shiftry|91\/100|[from] item: Life Orb\n|\n|-weather|none\n|upkeep\n|turn|9\n|\n|t:|1700342618\n|switch|p1a: Torkoal|Torkoal, F|95\/100\n|-weather|SunnyDay|[from] ability: Drought|[of] p1a: Torkoal\n|move|p2a: Sneasler|Poison Jab|p1a: Torkoal\n|-damage|p1a: Torkoal|63\/100\n|-status|p1a: Torkoal|psn\n|\n|-weather|SunnyDay|[upkeep]\n|-damage|p1a: Torkoal|51\/100 psn|[from] psn\n|upkeep\n|turn|10\n|\n|t:|1700342626\n|move|p2a: Sneasler|U-turn|p1a: Torkoal\n|-resisted|p1a: Torkoal\n|-damage|p1a: Torkoal|42\/100 psn\n|\n|t:|1700342629\n|switch|p2a: Muk|Muk-Alola, M|100\/100|[from] U-turn\n|-damage|p2a: Muk|88\/100|[from] Stealth Rock\n|move|p1a: Torkoal|Lava Plume|p2a: Muk\n|-damage|p2a: Muk|60\/100\n|\n|-weather|SunnyDay|[upkeep]\n|-damage|p1a: Torkoal|30\/100 psn|[from] psn\n|upkeep\n|turn|11\n|\n|t:|1700342639\n|switch|p1a: Enamorus|Enamorus, F|100\/100\n|move|p2a: Muk|Knock Off|p1a: Enamorus\n|-resisted|p1a: Enamorus\n|-damage|p1a: Enamorus|64\/100\n|-enditem|p1a: Enamorus|Leftovers|[from] move: Knock Off|[of] p2a: Muk\n|\n|-weather|SunnyDay|[upkeep]\n|upkeep\n|turn|12\n|\n|t:|1700342646\n|move|p1a: Enamorus|Superpower|p2a: Muk\n|-damage|p2a: Muk|19\/100\n|-boost|p1a: Enamorus|atk|1\n|-boost|p1a: Enamorus|def|1\n|move|p2a: Muk|Poison Jab|p1a: Enamorus\n|-supereffective|p1a: Enamorus\n|-damage|p1a: Enamorus|0 fnt\n|faint|p1a: Enamorus\n|\n|-weather|SunnyDay|[upkeep]\n|upkeep\n|\n|t:|1700342657\n|switch|p1a: Shiftry|Shiftry, F|91\/100\n|turn|13\n|\n|t:|1700342661\n|move|p1a: Shiftry|Knock Off|p2a: Muk\n|-resisted|p2a: Muk\n|-damage|p2a: Muk|0 fnt\n|-enditem|p2a: Muk|Assault Vest|[from] move: Knock Off|[of] p1a: Shiftry\n|faint|p2a: Muk\n|-damage|p1a: Shiftry|81\/100|[from] item: Life Orb\n|\n|-weather|SunnyDay|[upkeep]\n|upkeep\n|\n|t:|1700342674\n|switch|p2a: Toxapex|Toxapex, M|100\/100\n|-damage|p2a: Toxapex|88\/100|[from] Stealth Rock\n|turn|14\n|\n|t:|1700342678\n|move|p2a: Toxapex|Baneful Bunker|p2a: Toxapex\n|-singleturn|p2a: Toxapex|move: Protect\n|move|p1a: Shiftry|Knock Off|p2a: Toxapex\n|-activate|p2a: Toxapex|move: Protect\n|-status|p1a: Shiftry|psn\n|\n|-weather|SunnyDay|[upkeep]\n|-heal|p2a: Toxapex|94\/100|[from] item: Leftovers\n|-damage|p1a: Shiftry|68\/100 psn|[from] psn\n|upkeep\n|turn|15\n|\n|t:|1700342684\n|move|p1a: Shiftry|Knock Off|p2a: Toxapex\n|-damage|p2a: Toxapex|44\/100\n|-enditem|p2a: Toxapex|Leftovers|[from] move: Knock Off|[of] p1a: Shiftry\n|-damage|p1a: Shiftry|58\/100 psn|[from] item: Life Orb\n|move|p2a: Toxapex|Poison Jab|p1a: Shiftry\n|-supereffective|p1a: Shiftry\n|-crit|p1a: Shiftry\n|-damage|p1a: Shiftry|0 fnt\n|faint|p1a: Shiftry\n|\n|-weather|SunnyDay|[upkeep]\n|upkeep\n|\n|t:|1700342699\n|switch|p1a: Torkoal|Torkoal, F|30\/100 psn\n|turn|16\n|\n|t:|1700342715\n|move|p2a: Toxapex|Liquidation|p1a: Torkoal\n|-supereffective|p1a: Torkoal\n|-crit|p1a: Torkoal\n|-damage|p1a: Torkoal|0 fnt\n|faint|p1a: Torkoal\n|\n|-weather|none\n|upkeep\n|\n|t:|1700342719\n|switch|p1a: Ninetales|Ninetales, M|100\/100\n|-weather|SunnyDay|[from] ability: Drought|[of] p1a: Ninetales\n|turn|17\n|\n|t:|1700342732\n|move|p1a: Ninetales|Solar Beam||[still]\n|-prepare|p1a: Ninetales|Solar Beam\n|-anim|p1a: Ninetales|Solar Beam|p2a: Toxapex\n|-damage|p2a: Toxapex|18\/100\n|move|p2a: Toxapex|Liquidation|p1a: Ninetales\n|-supereffective|p1a: Ninetales\n|-crit|p1a: Ninetales\n|-damage|p1a: Ninetales|25\/100\n|-unboost|p1a: Ninetales|def|1\n|\n|-weather|SunnyDay|[upkeep]\n|upkeep\n|turn|18\n|\n|t:|1700342741\n|move|p2a: Toxapex|Baneful Bunker|p2a: Toxapex\n|-singleturn|p2a: Toxapex|move: Protect\n|move|p1a: Ninetales|Solar Beam||[still]\n|-prepare|p1a: Ninetales|Solar Beam\n|-anim|p1a: Ninetales|Solar Beam|p2a: Toxapex\n|-activate|p2a: Toxapex|move: Protect\n|\n|-weather|SunnyDay|[upkeep]\n|upkeep\n|turn|19\n|\n|t:|1700342758\n|-terastallize|p2a: Toxapex|Flying\n|move|p1a: Ninetales|Solar Beam||[still]\n|-prepare|p1a: Ninetales|Solar Beam\n|-anim|p1a: Ninetales|Solar Beam|p2a: Toxapex\n|-resisted|p2a: Toxapex\n|-damage|p2a: Toxapex|4\/100\n|move|p2a: Toxapex|Liquidation|p1a: Ninetales\n|-supereffective|p1a: Ninetales\n|-damage|p1a: Ninetales|0 fnt\n|faint|p1a: Ninetales\n|\n|-weather|SunnyDay|[upkeep]\n|upkeep\n|\n|t:|1700342761\n|switch|p1a: Landorus|Landorus-Therian, M, tera:Ground|68\/100 psn\n|-ability|p1a: Landorus|Intimidate|boost\n|-unboost|p2a: Toxapex|atk|1\n|turn|20\n|\n|t:|1700342768\n|move|p2a: Toxapex|Baneful Bunker|p2a: Toxapex\n|-singleturn|p2a: Toxapex|move: Protect\n|move|p1a: Landorus|Weather Ball|p2a: Toxapex\n|-activate|p2a: Toxapex|move: Protect\n|\n|-weather|SunnyDay|[upkeep]\n|-damage|p1a: Landorus|56\/100 psn|[from] psn\n|upkeep\n|turn|21\n|\n|t:|1700342775\n|move|p1a: Landorus|Weather Ball|p2a: Toxapex\n|-damage|p2a: Toxapex|0 fnt\n|faint|p2a: Toxapex\n|\n|-weather|none\n|-damage|p1a: Landorus|43\/100 psn|[from] psn\n|upkeep\n|c|\u2606TheMoonVanished|ggs\n|\n|t:|1700342780\n|switch|p2a: Haunter|Haunter, F|88\/100\n|-damage|p2a: Haunter|76\/100|[from] Stealth Rock\n|turn|22\n|\n|t:|1700342783\n|move|p2a: Haunter|Shadow Ball|p1a: Landorus\n|-damage|p1a: Landorus|0 fnt\n|faint|p1a: Landorus\n|\n|win|ChillLanturnYT\n|raw|TheMoonVanished's rating: 1148 &rarr; <strong>1125<\/strong><br \/>(-23 for losing)\n|raw|ChillLanturnYT's rating: 1173 &rarr; <strong>1196<\/strong><br \/>(+23 for winning)\n|c|\u2606ChillLanturnYT|gg :)\n","uploadtime":1700342795,"views":9,"p1id":"themoonvanished","p2id":"chilllanturnyt","formatid":"gen9ou","rating":1125,"private":0,"password":""}