{"id":"gen9ou-2000540632","p1":"OUCKreqsis2high","p2":"gengarsslowcousin","format":"[Gen 9] OU","log":"|j|\u2606OUCKreqsis2high\n|j|\u2606gengarsslowcousin\n|t:|1701203610\n|gametype|singles\n|player|p1|OUCKreqsis2high|benga|1546\n|player|p2|gengarsslowcousin|cynthia-gen4|1600\n|teamsize|p1|6\n|teamsize|p2|6\n|gen|9\n|tier|[Gen 9] OU\n|rated|\n|rule|Sleep Clause Mod: Limit one foe put to sleep\n|rule|Species Clause: Limit one of each Pok\u00e9mon\n|rule|OHKO Clause: OHKO moves are banned\n|rule|Evasion Items Clause: Evasion items are banned\n|rule|Evasion Moves Clause: Evasion moves are banned\n|rule|Endless Battle Clause: Forcing endless battles is banned\n|rule|HP Percentage Mod: HP is shown in percentages\n|clearpoke\n|poke|p1|Ribombee, F|\n|poke|p1|Infernape, F|\n|poke|p1|Gholdengo|\n|poke|p1|Manaphy|\n|poke|p1|Kommo-o, F|\n|poke|p1|Landorus-Therian, M|\n|poke|p2|Thundurus-Therian, M|\n|poke|p2|Cinderace, F|\n|poke|p2|Dragapult, M|\n|poke|p2|Garganacl, M|\n|poke|p2|Slowking-Galar, M|\n|poke|p2|Kingambit, M|\n|teampreview\n|inactive|Battle timer is ON: inactive players will automatically lose when time's up. (requested by OUCKreqsis2high)\n|inactive|gengarsslowcousin has 120 seconds left.\n|\n|t:|1701203657\n|start\n|switch|p1a: Ribombee|Ribombee, F|100\/100\n|switch|p2a: tina turner|Dragapult, M|100\/100\n|turn|1\n|\n|t:|1701203660\n|move|p2a: tina turner|U-turn|p1a: Ribombee\n|-resisted|p1a: Ribombee\n|-damage|p1a: Ribombee|65\/100\n|\n|t:|1701203667\n|switch|p2a: AC\/DC|Thundurus-Therian, M|100\/100|[from] U-turn\n|move|p1a: Ribombee|Moonblast|p2a: AC\/DC\n|-damage|p2a: AC\/DC|41\/100\n|-unboost|p2a: AC\/DC|spa|1\n|\n|upkeep\n|turn|2\n|\n|t:|1701203679\n|switch|p2a: noob enabler|Garganacl, M|100\/100\n|move|p1a: Ribombee|Stun Spore|p2a: noob enabler\n|-immune|p2a: noob enabler|[from] ability: Purifying Salt\n|\n|upkeep\n|turn|3\n|c|\u2606OUCKreqsis2high|perfect name lol\n|\n|t:|1701203700\n|switch|p1a: Infernape|Infernape, F|100\/100\n|move|p2a: noob enabler|Salt Cure|p1a: Infernape\n|-damage|p1a: Infernape|79\/100\n|-start|p1a: Infernape|Salt Cure\n|\n|-damage|p1a: Infernape|67\/100|[from] Salt Cure\n|upkeep\n|turn|4\n|\n|t:|1701203708\n|switch|p2a: AC\/DC|Thundurus-Therian, M|41\/100\n|move|p1a: Infernape|Swords Dance|p1a: Infernape\n|-boost|p1a: Infernape|atk|2\n|\n|-damage|p1a: Infernape|54\/100|[from] Salt Cure\n|upkeep\n|turn|5\n|\n|t:|1701203719\n|switch|p2a: phil foden|Cinderace, F|100\/100\n|move|p1a: Infernape|Mach Punch|p2a: phil foden\n|-damage|p2a: phil foden|29\/100\n|-damage|p1a: Infernape|45\/100|[from] item: Life Orb\n|\n|-damage|p1a: Infernape|32\/100|[from] Salt Cure\n|upkeep\n|turn|6\n|\n|t:|1701203749\n|switch|p2a: noob enabler|Garganacl, M|100\/100\n|switch|p1a: Landorus|Landorus-Therian, M|100\/100\n|-ability|p1a: Landorus|Intimidate|boost\n|-unboost|p2a: noob enabler|atk|1\n|\n|upkeep\n|turn|7\n|\n|t:|1701203754\n|switch|p2a: AC\/DC|Thundurus-Therian, M|41\/100\n|move|p1a: Landorus|Substitute|p1a: Landorus\n|-start|p1a: Landorus|Substitute\n|-damage|p1a: Landorus|76\/100\n|\n|-heal|p1a: Landorus|82\/100|[from] item: Leftovers\n|upkeep\n|turn|8\n|\n|t:|1701203760\n|move|p2a: AC\/DC|Taunt|p1a: Landorus\n|-start|p1a: Landorus|move: Taunt\n|move|p1a: Landorus|Smack Down|p2a: AC\/DC\n|-supereffective|p2a: AC\/DC\n|-damage|p2a: AC\/DC|0 fnt\n|faint|p2a: AC\/DC\n|\n|-heal|p1a: Landorus|88\/100|[from] item: Leftovers\n|upkeep\n|\n|t:|1701203766\n|switch|p2a: tina turner|Dragapult, M|100\/100\n|turn|9\n|\n|t:|1701203772\n|move|p2a: tina turner|Dragon Darts|p1a: Landorus\n|-damage|p1a: Landorus|50\/100\n|-anim|p2a: tina turner|Dragon Darts|p1a: Landorus\n|-damage|p1a: Landorus|13\/100\n|move|p1a: Landorus|Earthquake|p2a: tina turner\n|-damage|p2a: tina turner|38\/100\n|\n|-heal|p1a: Landorus|19\/100|[from] item: Leftovers\n|upkeep\n|turn|10\n|\n|t:|1701203781\n|switch|p1a: Ribombee|Ribombee, F|65\/100\n|move|p2a: tina turner|Dragon Darts|p1a: Ribombee\n|-immune|p1a: Ribombee\n|\n|upkeep\n|turn|11\n|\n|t:|1701203787\n|switch|p2a: noob enabler|Garganacl, M|100\/100\n|switch|p1a: Landorus|Landorus-Therian, M|19\/100\n|-ability|p1a: Landorus|Intimidate|boost\n|-unboost|p2a: noob enabler|atk|1\n|\n|-heal|p1a: Landorus|25\/100|[from] item: Leftovers\n|upkeep\n|turn|12\n|\n|t:|1701203792\n|move|p1a: Landorus|Earthquake|p2a: noob enabler\n|-supereffective|p2a: noob enabler\n|-damage|p2a: noob enabler|41\/100\n|move|p2a: noob enabler|Iron Defense|p2a: noob enabler\n|-boost|p2a: noob enabler|def|2\n|\n|-heal|p1a: Landorus|31\/100|[from] item: Leftovers\n|-heal|p2a: noob enabler|47\/100|[from] item: Leftovers\n|upkeep\n|turn|13\n|\n|t:|1701203804\n|switch|p1a: Manaphy|Manaphy|100\/100\n|move|p2a: noob enabler|Recover|p2a: noob enabler\n|-heal|p2a: noob enabler|97\/100\n|\n|-heal|p2a: noob enabler|100\/100|[from] item: Leftovers\n|upkeep\n|turn|14\n|\n|t:|1701203808\n|-terastallize|p2a: noob enabler|Water\n|move|p1a: Manaphy|Tail Glow|p1a: Manaphy\n|-boost|p1a: Manaphy|spa|3\n|move|p2a: noob enabler|Salt Cure|p1a: Manaphy\n|-damage|p1a: Manaphy|90\/100\n|-start|p1a: Manaphy|Salt Cure\n|\n|-heal|p1a: Manaphy|96\/100|[from] item: Leftovers\n|-damage|p1a: Manaphy|71\/100|[from] Salt Cure\n|upkeep\n|turn|15\n|\n|t:|1701203814\n|switch|p2a: justin gatlin|Slowking-Galar, M|100\/100\n|move|p1a: Manaphy|Energy Ball|p2a: justin gatlin\n|-resisted|p2a: justin gatlin\n|-damage|p2a: justin gatlin|73\/100\n|\n|-heal|p1a: Manaphy|77\/100|[from] item: Leftovers\n|-damage|p1a: Manaphy|52\/100|[from] Salt Cure\n|upkeep\n|turn|16\n|c|\u2606OUCKreqsis2high|track fan too?\n|inactive|OUCKreqsis2high has 120 seconds left.\n|c|\u2606gengarsslowcousin|no\n|c|\u2606gengarsslowcousin|its just cause he always lost to usain\n|inactive|gengarsslowcousin has 120 seconds left.\n|c|\u2606gengarsslowcousin|so...king slow\n|c|\u2606OUCKreqsis2high|hahahahahaha\n|c|\u2606OUCKreqsis2high|love it\n|c|\u2606OUCKreqsis2high|gat lin was the worst\n|c|\u2606OUCKreqsis2high|well done\n|inactive|OUCKreqsis2high has 90 seconds left.\n|\n|t:|1701203879\n|switch|p2a: noob enabler|Garganacl, M, tera:Water|100\/100\n|move|p1a: Manaphy|Surf|p2a: noob enabler\n|-resisted|p2a: noob enabler\n|-damage|p2a: noob enabler|64\/100\n|\n|-heal|p1a: Manaphy|59\/100|[from] item: Leftovers\n|-heal|p2a: noob enabler|71\/100|[from] item: Leftovers\n|-damage|p1a: Manaphy|34\/100|[from] Salt Cure\n|upkeep\n|turn|17\n|\n|t:|1701203884\n|switch|p2a: Dick n da Car Door|Kingambit, M|100\/100\n|-activate|p2a: Dick n da Car Door|ability: Supreme Overlord\n|-start|p2a: Dick n da Car Door|fallen1|[silent]\n|move|p1a: Manaphy|Surf|p2a: Dick n da Car Door\n|-damage|p2a: Dick n da Car Door|0 fnt\n|faint|p2a: Dick n da Car Door\n|-end|p2a: Dick n da Car Door|fallen1|[silent]\n|\n|-heal|p1a: Manaphy|40\/100|[from] item: Leftovers\n|-damage|p1a: Manaphy|15\/100|[from] Salt Cure\n|upkeep\n|\n|t:|1701203889\n|switch|p2a: tina turner|Dragapult, M|38\/100\n|turn|18\n|c|\u2606OUCKreqsis2high|bruh these names are hilarious\n|\n|t:|1701203903\n|switch|p1a: Ribombee|Ribombee, F|65\/100\n|move|p2a: tina turner|U-turn|p1a: Ribombee\n|-resisted|p1a: Ribombee\n|-damage|p1a: Ribombee|25\/100\n|c|\u2606gengarsslowcousin|ty\n|\n|t:|1701203908\n|switch|p2a: noob enabler|Garganacl, M, tera:Water|71\/100|[from] U-turn\n|\n|-heal|p2a: noob enabler|77\/100|[from] item: Leftovers\n|upkeep\n|turn|19\n|\n|t:|1701203921\n|move|p1a: Ribombee|Moonblast|p2a: noob enabler\n|-damage|p2a: noob enabler|53\/100\n|-unboost|p2a: noob enabler|spa|1\n|move|p2a: noob enabler|Iron Defense|p2a: noob enabler\n|-boost|p2a: noob enabler|def|2\n|\n|-heal|p2a: noob enabler|59\/100|[from] item: Leftovers\n|upkeep\n|turn|20\n|\n|t:|1701203930\n|switch|p1a: Manaphy|Manaphy|15\/100\n|move|p2a: noob enabler|Recover|p2a: noob enabler\n|-heal|p2a: noob enabler|100\/100\n|\n|-heal|p1a: Manaphy|21\/100|[from] item: Leftovers\n|upkeep\n|turn|21\n|inactive|OUCKreqsis2high has 120 seconds left.\n|\n|t:|1701203936\n|move|p1a: Manaphy|Energy Ball|p2a: noob enabler\n|-supereffective|p2a: noob enabler\n|-damage|p2a: noob enabler|60\/100\n|move|p2a: noob enabler|Body Press|p1a: Manaphy\n|-damage|p1a: Manaphy|0 fnt\n|faint|p1a: Manaphy\n|\n|-heal|p2a: noob enabler|67\/100|[from] item: Leftovers\n|upkeep\n|inactive|OUCKreqsis2high has 120 seconds left.\n|\n|t:|1701203945\n|switch|p1a: Kommo-o|Kommo-o, F|100\/100\n|turn|22\n|\n|t:|1701203954\n|move|p1a: Kommo-o|Clangorous Soul|p1a: Kommo-o\n|-boost|p1a: Kommo-o|atk|1\n|-boost|p1a: Kommo-o|def|1\n|-boost|p1a: Kommo-o|spa|1\n|-boost|p1a: Kommo-o|spd|1\n|-boost|p1a: Kommo-o|spe|1\n|-damage|p1a: Kommo-o|68\/100\n|-enditem|p1a: Kommo-o|Throat Spray\n|-boost|p1a: Kommo-o|spa|1|[from] item: Throat Spray\n|move|p2a: noob enabler|Salt Cure|p1a: Kommo-o\n|-resisted|p1a: Kommo-o\n|-damage|p1a: Kommo-o|63\/100\n|-start|p1a: Kommo-o|Salt Cure\n|\n|-heal|p2a: noob enabler|73\/100|[from] item: Leftovers\n|-damage|p1a: Kommo-o|50\/100|[from] Salt Cure\n|upkeep\n|turn|23\n|\n|t:|1701203960\n|move|p1a: Kommo-o|Clanging Scales|p2a: noob enabler\n|-damage|p2a: noob enabler|2\/100\n|-unboost|p1a: Kommo-o|def|1\n|move|p2a: noob enabler|Recover|p2a: noob enabler\n|-heal|p2a: noob enabler|52\/100\n|\n|-heal|p2a: noob enabler|58\/100|[from] item: Leftovers\n|-damage|p1a: Kommo-o|38\/100|[from] Salt Cure\n|upkeep\n|turn|24\n|\n|t:|1701203972\n|switch|p2a: justin gatlin|Slowking-Galar, M|100\/100\n|move|p1a: Kommo-o|Clanging Scales|p2a: justin gatlin\n|-damage|p2a: justin gatlin|10\/100\n|-unboost|p1a: Kommo-o|def|1\n|\n|-damage|p1a: Kommo-o|26\/100|[from] Salt Cure\n|upkeep\n|turn|25\n|\n|t:|1701203992\n|move|p1a: Kommo-o|Clanging Scales|p2a: justin gatlin\n|-damage|p2a: justin gatlin|0 fnt\n|faint|p2a: justin gatlin\n|-unboost|p1a: Kommo-o|def|1\n|\n|-damage|p1a: Kommo-o|13\/100|[from] Salt Cure\n|upkeep\n|\n|t:|1701204005\n|switch|p2a: phil foden|Cinderace, F|29\/100\n|turn|26\n|\n|t:|1701204016\n|switch|p1a: Landorus|Landorus-Therian, M|31\/100\n|-ability|p1a: Landorus|Intimidate|boost\n|-unboost|p2a: phil foden|atk|1\n|move|p2a: phil foden|U-turn|p1a: Landorus\n|-resisted|p1a: Landorus\n|-damage|p1a: Landorus|24\/100\n|\n|t:|1701204022\n|switch|p2a: tina turner|Dragapult, M|38\/100|[from] U-turn\n|\n|-heal|p1a: Landorus|30\/100|[from] item: Leftovers\n|upkeep\n|turn|27\n|c|\u2606OUCKreqsis2high|gooooooooooobed me\n|\n|t:|1701204046\n|switch|p1a: Ribombee|Ribombee, F|25\/100\n|move|p2a: tina turner|Phantom Force||[still]\n|-prepare|p2a: tina turner|Phantom Force\n|\n|upkeep\n|turn|28\n|\n|t:|1701204058\n|move|p2a: tina turner|Phantom Force|p1a: Ribombee|[from]lockedmove\n|-damage|p1a: Ribombee|0 fnt\n|faint|p1a: Ribombee\n|\n|upkeep\n|\n|t:|1701204062\n|switch|p1a: Landorus|Landorus-Therian, M|30\/100\n|-ability|p1a: Landorus|Intimidate|boost\n|-unboost|p2a: tina turner|atk|1\n|turn|29\n|inactive|OUCKreqsis2high has 120 seconds left.\n|\n|t:|1701204088\n|switch|p2a: noob enabler|Garganacl, M, tera:Water|58\/100\n|move|p1a: Landorus|Bulk Up|p1a: Landorus\n|-boost|p1a: Landorus|atk|1\n|-boost|p1a: Landorus|def|1\n|\n|-heal|p1a: Landorus|36\/100|[from] item: Leftovers\n|-heal|p2a: noob enabler|65\/100|[from] item: Leftovers\n|upkeep\n|turn|30\n|inactive|OUCKreqsis2high has 120 seconds left.\n|\n|t:|1701204104\n|move|p1a: Landorus|Substitute|p1a: Landorus\n|-start|p1a: Landorus|Substitute\n|-damage|p1a: Landorus|12\/100\n|move|p2a: noob enabler|Recover|p2a: noob enabler\n|-heal|p2a: noob enabler|100\/100\n|\n|-heal|p1a: Landorus|18\/100|[from] item: Leftovers\n|upkeep\n|turn|31\n|inactive|OUCKreqsis2high has 120 seconds left.\n|\n|t:|1701204114\n|move|p1a: Landorus|Earthquake|p2a: noob enabler\n|-damage|p2a: noob enabler|49\/100\n|move|p2a: noob enabler|Iron Defense|p2a: noob enabler\n|-boost|p2a: noob enabler|def|2\n|\n|-heal|p1a: Landorus|24\/100|[from] item: Leftovers\n|-heal|p2a: noob enabler|55\/100|[from] item: Leftovers\n|upkeep\n|turn|32\n|\n|t:|1701204124\n|move|p1a: Landorus|Bulk Up|p1a: Landorus\n|-boost|p1a: Landorus|atk|1\n|-boost|p1a: Landorus|def|1\n|move|p2a: noob enabler|Recover|p2a: noob enabler\n|-heal|p2a: noob enabler|100\/100\n|\n|-heal|p1a: Landorus|30\/100|[from] item: Leftovers\n|upkeep\n|turn|33\n|\n|t:|1701204135\n|move|p1a: Landorus|Earthquake|p2a: noob enabler\n|-damage|p2a: noob enabler|68\/100\n|move|p2a: noob enabler|Iron Defense|p2a: noob enabler\n|-boost|p2a: noob enabler|def|2\n|\n|-heal|p1a: Landorus|36\/100|[from] item: Leftovers\n|-heal|p2a: noob enabler|75\/100|[from] item: Leftovers\n|upkeep\n|turn|34\n|\n|t:|1701204143\n|move|p1a: Landorus|Bulk Up|p1a: Landorus\n|-boost|p1a: Landorus|atk|1\n|-boost|p1a: Landorus|def|1\n|move|p2a: noob enabler|Body Press|p1a: Landorus\n|-resisted|p1a: Landorus\n|-activate|p1a: Landorus|move: Substitute|[damage]\n|\n|-heal|p1a: Landorus|42\/100|[from] item: Leftovers\n|-heal|p2a: noob enabler|81\/100|[from] item: Leftovers\n|upkeep\n|turn|35\n|\n|t:|1701204148\n|move|p1a: Landorus|Bulk Up|p1a: Landorus\n|-boost|p1a: Landorus|atk|1\n|-boost|p1a: Landorus|def|1\n|move|p2a: noob enabler|Body Press|p1a: Landorus\n|-resisted|p1a: Landorus\n|-end|p1a: Landorus|Substitute\n|\n|-heal|p1a: Landorus|48\/100|[from] item: Leftovers\n|-heal|p2a: noob enabler|87\/100|[from] item: Leftovers\n|upkeep\n|turn|36\n|\n|t:|1701204159\n|move|p1a: Landorus|Substitute|p1a: Landorus\n|-start|p1a: Landorus|Substitute\n|-damage|p1a: Landorus|23\/100\n|move|p2a: noob enabler|Iron Defense|p2a: noob enabler\n|-boost|p2a: noob enabler|def|2\n|\n|-heal|p1a: Landorus|29\/100|[from] item: Leftovers\n|-heal|p2a: noob enabler|93\/100|[from] item: Leftovers\n|upkeep\n|turn|37\n|\n|t:|1701204172\n|-terastallize|p1a: Landorus|Ghost\n|move|p1a: Landorus|Bulk Up|p1a: Landorus\n|-boost|p1a: Landorus|atk|1\n|-boost|p1a: Landorus|def|1\n|move|p2a: noob enabler|Body Press|p1a: Landorus\n|-immune|p1a: Landorus\n|\n|-heal|p1a: Landorus|35\/100|[from] item: Leftovers\n|-heal|p2a: noob enabler|99\/100|[from] item: Leftovers\n|upkeep\n|turn|38\n|\n|t:|1701204179\n|switch|p2a: tina turner|Dragapult, M|38\/100\n|move|p1a: Landorus|Earthquake|p2a: tina turner\n|-damage|p2a: tina turner|0 fnt\n|faint|p2a: tina turner\n|\n|-heal|p1a: Landorus|41\/100|[from] item: Leftovers\n|upkeep\n|c|\u2606OUCKreqsis2high|gg\n|\n|t:|1701204195\n|switch|p2a: phil foden|Cinderace, F|29\/100\n|turn|39\n|\n|t:|1701204203\n|move|p2a: phil foden|Pyro Ball|p1a: Landorus\n|-activate|p1a: Landorus|move: Substitute|[damage]\n|move|p1a: Landorus|Earthquake|p2a: phil foden\n|-supereffective|p2a: phil foden\n|-damage|p2a: phil foden|0 fnt\n|faint|p2a: phil foden\n|\n|-heal|p1a: Landorus|47\/100|[from] item: Leftovers\n|upkeep\n|\n|t:|1701204205\n|switch|p2a: noob enabler|Garganacl, M, tera:Water|99\/100\n|turn|40\n|c|\u2606gengarsslowcousin|random ass tera lol\n|c|\u2606OUCKreqsis2high|lol right\n|c|\u2606gengarsslowcousin|i guess i shouldve remembered from last game\n|c|\u2606OUCKreqsis2high|it's a back up for tusk usually\n|c|\u2606OUCKreqsis2high|but works great here\n|inactive|gengarsslowcousin has 120 seconds left.\n|c|\u2606OUCKreqsis2high|we played before?\n|c|\u2606OUCKreqsis2high|different team?\n|c|\u2606gengarsslowcousin|i brought 4 UU mons last game\n|c|\u2606gengarsslowcousin|i had the quaquaval clefable tyranitar\n|c|\u2606gengarsslowcousin|like 20 mins ago\n|c|\u2606OUCKreqsis2high|ahhhhh I remember\n|c|\u2606gengarsslowcousin|lycanroc\n|inactive|gengarsslowcousin has 90 seconds left.\n|c|\u2606OUCKreqsis2high|ye\n|c|\u2606OUCKreqsis2high|badass lol\n|c|\u2606gengarsslowcousin|i tried to rapid spin on lando and you tera ghosted and i was like 'aight lol\"\n|-message|gengarsslowcousin forfeited.\n|\n|win|OUCKreqsis2high\n|raw|OUCKreqsis2high's rating: 1546 &rarr; <strong>1569<\/strong><br \/>(+23 for winning)\n|raw|gengarsslowcousin's rating: 1600 &rarr; <strong>1577<\/strong><br \/>(-23 for losing)\n|c|\u2606OUCKreqsis2high|hahaha\n|c|\u2606gengarsslowcousin|gg\n|c|\u2606OUCKreqsis2high|yea I remember\n|c|\u2606OUCKreqsis2high|gg man\n|c|\u2606gengarsslowcousin|phantom force prolly killed at -1\n|c|\u2606gengarsslowcousin|but i didnt want you switching around a bunch\n|c|\u2606OUCKreqsis2high|no worries\n|c|\u2606OUCKreqsis2high|just remember for next time haha\n|c|\u2606gengarsslowcousin|gg\n|l|\u2606gengarsslowcousin\n|c|\u2606OUCKreqsis2high|gg\n","uploadtime":1701204684,"views":5,"p1id":"ouckreqsis2high","p2id":"gengarsslowcousin","formatid":"gen9ou","rating":1569,"private":0,"password":""}