{"id":"gen9ou-1999888261","p1":"ultimatebeagle","p2":"yamiyami17","format":"[Gen 9] OU","log":"|j|\u2606ultimatebeagle\n|j|\u2606yamiyami17\n|t:|1701126594\n|gametype|singles\n|player|p1|ultimatebeagle|juliana-s|1228\n|player|p2|yamiyami17|102|1256\n|teamsize|p1|6\n|teamsize|p2|6\n|gen|9\n|tier|[Gen 9] OU\n|rated|\n|rule|Sleep Clause Mod: Limit one foe put to sleep\n|rule|Species Clause: Limit one of each Pok\u00e9mon\n|rule|OHKO Clause: OHKO moves are banned\n|rule|Evasion Items Clause: Evasion items are banned\n|rule|Evasion Moves Clause: Evasion moves are banned\n|rule|Endless Battle Clause: Forcing endless battles is banned\n|rule|HP Percentage Mod: HP is shown in percentages\n|clearpoke\n|poke|p1|Torkoal, M|\n|poke|p1|Hatterene, F|\n|poke|p1|Brute Bonnet|\n|poke|p1|Great Tusk|\n|poke|p1|Hydreigon, M|\n|poke|p1|Ceruledge, F|\n|poke|p2|Tyranitar, F|\n|poke|p2|Lycanroc, M|\n|poke|p2|Kleavor, M|\n|poke|p2|Rillaboom, M|\n|poke|p2|Greninja-*, M|\n|poke|p2|Zapdos|\n|teampreview\n|\n|t:|1701126600\n|start\n|switch|p1a: Torkoal|Torkoal, M|100\/100\n|switch|p2a: Kleavor|Kleavor, M|100\/100\n|-weather|SunnyDay|[from] ability: Drought|[of] p1a: Torkoal\n|turn|1\n|\n|t:|1701126614\n|switch|p1a: Great Tusk|Great Tusk|100\/100\n|-activate|p1a: Great Tusk|ability: Protosynthesis\n|-start|p1a: Great Tusk|protosynthesisdef\n|move|p2a: Kleavor|Stone Axe|p1a: Great Tusk\n|-resisted|p1a: Great Tusk\n|-damage|p1a: Great Tusk|93\/100\n|-sidestart|p1: ultimatebeagle|move: Stealth Rock\n|-damage|p2a: Kleavor|91\/100|[from] item: Life Orb\n|\n|-weather|SunnyDay|[upkeep]\n|-heal|p1a: Great Tusk|99\/100|[from] item: Leftovers\n|upkeep\n|turn|2\n|\n|t:|1701126627\n|switch|p2a: Zapdos|Zapdos|100\/100\n|move|p1a: Great Tusk|Rapid Spin|p2a: Zapdos\n|-damage|p2a: Zapdos|86\/100\n|-boost|p1a: Great Tusk|spe|1\n|-sideend|p1: ultimatebeagle|Stealth Rock|[from] move: Rapid Spin|[of] p1a: Great Tusk\n|\n|-weather|SunnyDay|[upkeep]\n|-heal|p1a: Great Tusk|100\/100|[from] item: Leftovers\n|-heal|p2a: Zapdos|92\/100|[from] item: Leftovers\n|upkeep\n|turn|3\n|\n|t:|1701126642\n|move|p1a: Great Tusk|Knock Off|p2a: Zapdos\n|-damage|p2a: Zapdos|66\/100\n|-enditem|p2a: Zapdos|Leftovers|[from] move: Knock Off|[of] p1a: Great Tusk\n|move|p2a: Zapdos|Hurricane|p1a: Great Tusk\n|-supereffective|p1a: Great Tusk\n|-damage|p1a: Great Tusk|0 fnt\n|faint|p1a: Great Tusk\n|-end|p1a: Great Tusk|Protosynthesis|[silent]\n|\n|-weather|SunnyDay|[upkeep]\n|upkeep\n|\n|t:|1701126652\n|switch|p1a: Hydreigon|Hydreigon, M|100\/100\n|turn|4\n|\n|t:|1701126662\n|move|p1a: Hydreigon|Earth Power|p2a: Zapdos\n|-immune|p2a: Zapdos\n|move|p2a: Zapdos|Discharge|p1a: Hydreigon\n|-resisted|p1a: Hydreigon\n|-damage|p1a: Hydreigon|76\/100\n|\n|-weather|SunnyDay|[upkeep]\n|upkeep\n|turn|5\n|\n|t:|1701126670\n|switch|p1a: Ceruledge|Ceruledge, F|100\/100\n|move|p2a: Zapdos|Hurricane|p1a: Ceruledge|[miss]\n|-miss|p2a: Zapdos|p1a: Ceruledge\n|\n|-weather|SunnyDay|[upkeep]\n|upkeep\n|turn|6\n|\n|t:|1701126678\n|move|p1a: Ceruledge|Bitter Blade|p2a: Zapdos\n|-damage|p2a: Zapdos|0 fnt\n|faint|p2a: Zapdos\n|\n|-weather|SunnyDay|[upkeep]\n|upkeep\n|\n|t:|1701126691\n|switch|p2a: Greninja|Greninja, M|100\/100\n|turn|7\n|\n|t:|1701126701\n|move|p2a: Greninja|Dark Pulse|p1a: Ceruledge\n|-supereffective|p1a: Ceruledge\n|-enditem|p1a: Ceruledge|Focus Sash\n|-damage|p1a: Ceruledge|1\/100\n|-damage|p2a: Greninja|91\/100|[from] item: Life Orb\n|move|p1a: Ceruledge|Solar Blade||[still]\n|-prepare|p1a: Ceruledge|Solar Blade\n|-anim|p1a: Ceruledge|Solar Blade|p2a: Greninja\n|-supereffective|p2a: Greninja\n|-damage|p2a: Greninja|0 fnt\n|faint|p2a: Greninja\n|\n|-weather|SunnyDay|[upkeep]\n|upkeep\n|\n|t:|1701126711\n|switch|p2a: Lycanroc|Lycanroc, M|100\/100\n|turn|8\n|\n|t:|1701126720\n|move|p2a: Lycanroc|Accelerock|p1a: Ceruledge\n|-supereffective|p1a: Ceruledge\n|-damage|p1a: Ceruledge|0 fnt\n|faint|p1a: Ceruledge\n|\n|-weather|none\n|upkeep\n|\n|t:|1701126725\n|switch|p1a: Brute Bonnet|Brute Bonnet|100\/100\n|turn|9\n|\n|t:|1701126734\n|switch|p2a: Rillaboom|Rillaboom, M|100\/100\n|-fieldstart|move: Grassy Terrain|[from] ability: Grassy Surge|[of] p2a: Rillaboom\n|move|p1a: Brute Bonnet|Bullet Seed|p2a: Rillaboom\n|-resisted|p2a: Rillaboom\n|-damage|p2a: Rillaboom|91\/100\n|-resisted|p2a: Rillaboom\n|-damage|p2a: Rillaboom|81\/100\n|-resisted|p2a: Rillaboom\n|-damage|p2a: Rillaboom|71\/100\n|-resisted|p2a: Rillaboom\n|-damage|p2a: Rillaboom|61\/100\n|-hitcount|p2a: Rillaboom|4\n|\n|-heal|p2a: Rillaboom|67\/100|[from] Grassy Terrain\n|-heal|p2a: Rillaboom|73\/100|[from] item: Leftovers\n|upkeep\n|turn|10\n|\n|t:|1701126745\n|-terastallize|p1a: Brute Bonnet|Fire\n|move|p2a: Rillaboom|U-turn|p1a: Brute Bonnet\n|-resisted|p1a: Brute Bonnet\n|-crit|p1a: Brute Bonnet\n|-damage|p1a: Brute Bonnet|86\/100\n|\n|t:|1701126754\n|switch|p2a: Tyranitar|Tyranitar, F|100\/100|[from] U-turn\n|-weather|Sandstorm|[from] ability: Sand Stream|[of] p2a: Tyranitar\n|move|p1a: Brute Bonnet|Tera Blast|p2a: Tyranitar|[anim] Tera Blast Fire\n|-resisted|p2a: Tyranitar\n|-damage|p2a: Tyranitar|77\/100\n|\n|-weather|Sandstorm|[upkeep]\n|-damage|p1a: Brute Bonnet|80\/100|[from] Sandstorm\n|-heal|p2a: Tyranitar|83\/100|[from] Grassy Terrain\n|-heal|p1a: Brute Bonnet|86\/100|[from] Grassy Terrain\n|upkeep\n|turn|11\n|\n|t:|1701126766\n|-end|p1a: Brute Bonnet|Protosynthesis|[silent]\n|switch|p1a: Torkoal|Torkoal, M|100\/100\n|-weather|SunnyDay|[from] ability: Drought|[of] p1a: Torkoal\n|move|p2a: Tyranitar|Dragon Dance|p2a: Tyranitar\n|-boost|p2a: Tyranitar|atk|1\n|-boost|p2a: Tyranitar|spe|1\n|\n|-weather|SunnyDay|[upkeep]\n|-heal|p2a: Tyranitar|90\/100|[from] Grassy Terrain\n|upkeep\n|turn|12\n|\n|t:|1701126778\n|-terastallize|p2a: Tyranitar|Rock\n|move|p2a: Tyranitar|Rock Blast|p1a: Torkoal\n|-supereffective|p1a: Torkoal\n|-damage|p1a: Torkoal|66\/100\n|-supereffective|p1a: Torkoal\n|-damage|p1a: Torkoal|31\/100\n|-hitcount|p1a: Torkoal|2\n|move|p1a: Torkoal|Yawn|p2a: Tyranitar\n|-start|p2a: Tyranitar|move: Yawn|[of] p1a: Torkoal\n|\n|-weather|SunnyDay|[upkeep]\n|-heal|p2a: Tyranitar|96\/100|[from] Grassy Terrain\n|-heal|p1a: Torkoal|37\/100|[from] Grassy Terrain\n|upkeep\n|turn|13\n|\n|t:|1701126789\n|switch|p2a: Kleavor|Kleavor, M|91\/100\n|move|p1a: Torkoal|Stealth Rock|p2a: Kleavor\n|-sidestart|p2: yamiyami17|move: Stealth Rock\n|\n|-weather|SunnyDay|[upkeep]\n|-heal|p2a: Kleavor|97\/100|[from] Grassy Terrain\n|-heal|p1a: Torkoal|43\/100|[from] Grassy Terrain\n|-fieldend|move: Grassy Terrain\n|upkeep\n|turn|14\n|\n|t:|1701126795\n|move|p2a: Kleavor|Stone Axe|p1a: Torkoal\n|-supereffective|p1a: Torkoal\n|-crit|p1a: Torkoal\n|-damage|p1a: Torkoal|0 fnt\n|-sidestart|p1: ultimatebeagle|move: Stealth Rock\n|faint|p1a: Torkoal\n|-damage|p2a: Kleavor|87\/100|[from] item: Life Orb\n|\n|-weather|SunnyDay|[upkeep]\n|upkeep\n|\n|t:|1701126801\n|switch|p1a: Hydreigon|Hydreigon, M|76\/100\n|-damage|p1a: Hydreigon|64\/100|[from] Stealth Rock\n|turn|15\n|\n|t:|1701126823\n|switch|p2a: Tyranitar|Tyranitar, F, tera:Rock|96\/100\n|-damage|p2a: Tyranitar|83\/100|[from] Stealth Rock\n|-weather|Sandstorm|[from] ability: Sand Stream|[of] p2a: Tyranitar\n|move|p1a: Hydreigon|Fire Blast|p2a: Tyranitar\n|-resisted|p2a: Tyranitar\n|-damage|p2a: Tyranitar|64\/100\n|\n|-weather|Sandstorm|[upkeep]\n|-damage|p1a: Hydreigon|58\/100|[from] Sandstorm\n|upkeep\n|turn|16\n|\n|t:|1701126830\n|move|p1a: Hydreigon|Fire Blast|p2a: Tyranitar|[miss]\n|-miss|p1a: Hydreigon|p2a: Tyranitar\n|move|p2a: Tyranitar|Dragon Dance|p2a: Tyranitar\n|-boost|p2a: Tyranitar|atk|1\n|-boost|p2a: Tyranitar|spe|1\n|\n|-weather|Sandstorm|[upkeep]\n|-damage|p1a: Hydreigon|52\/100|[from] Sandstorm\n|upkeep\n|turn|17\n|\n|t:|1701126834\n|move|p2a: Tyranitar|Rock Blast|p1a: Hydreigon\n|-damage|p1a: Hydreigon|22\/100\n|-damage|p1a: Hydreigon|0 fnt\n|faint|p1a: Hydreigon\n|-hitcount|p1: Hydreigon|2\n|\n|-weather|Sandstorm|[upkeep]\n|upkeep\n|\n|t:|1701126848\n|switch|p1a: Brute Bonnet|Brute Bonnet, tera:Fire|86\/100\n|-damage|p1a: Brute Bonnet|61\/100|[from] Stealth Rock\n|turn|18\n|\n|t:|1701126854\n|move|p1a: Brute Bonnet|Sucker Punch|p2a: Tyranitar\n|-damage|p2a: Tyranitar|21\/100\n|move|p2a: Tyranitar|Rock Blast|p1a: Brute Bonnet\n|-supereffective|p1a: Brute Bonnet\n|-damage|p1a: Brute Bonnet|15\/100\n|-supereffective|p1a: Brute Bonnet\n|-damage|p1a: Brute Bonnet|0 fnt\n|faint|p1a: Brute Bonnet\n|-end|p1a: Brute Bonnet|Protosynthesis|[silent]\n|-hitcount|p1: Brute Bonnet|2\n|\n|-weather|Sandstorm|[upkeep]\n|upkeep\n|-message|ultimatebeagle forfeited.\n|\n|win|yamiyami17\n|raw|ultimatebeagle's rating: 1228 &rarr; <strong>1205<\/strong><br \/>(-23 for losing)\n|raw|yamiyami17's rating: 1256 &rarr; <strong>1279<\/strong><br \/>(+23 for winning)\n|l|\u2606ultimatebeagle\n","uploadtime":1701126861,"views":11,"p1id":"ultimatebeagle","p2id":"yamiyami17","formatid":"gen9ou","rating":1205,"private":0,"password":""}