{"id":"gen9ou-1989467430","p1":"myodeza","p2":"Tory","format":"[Gen 9] OU","log":"|j|\u2606myodeza\n|j|\u203dTory\n|t:|1699855124\n|gametype|singles\n|player|p1|myodeza|170|1294\n|player|p2|Tory|unknown|1218\n|teamsize|p1|6\n|teamsize|p2|6\n|gen|9\n|tier|[Gen 9] OU\n|rated|\n|rule|Sleep Clause Mod: Limit one foe put to sleep\n|rule|Species Clause: Limit one of each Pok\u00e9mon\n|rule|OHKO Clause: OHKO moves are banned\n|rule|Evasion Items Clause: Evasion items are banned\n|rule|Evasion Moves Clause: Evasion moves are banned\n|rule|Endless Battle Clause: Forcing endless battles is banned\n|rule|HP Percentage Mod: HP is shown in percentages\n|clearpoke\n|poke|p1|Landorus-Therian, M|\n|poke|p1|Samurott-Hisui, M|\n|poke|p1|Ogerpon-Cornerstone, F|\n|poke|p1|Rillaboom, F|\n|poke|p1|Sneasler, M|\n|poke|p1|Iron Valiant|\n|poke|p2|Heatran, M|\n|poke|p2|Dondozo, F|\n|poke|p2|Landorus-Therian, M|\n|poke|p2|Clodsire, F|\n|poke|p2|Walking Wake|\n|poke|p2|Kingambit, F|\n|teampreview\n|inactive|Battle timer is ON: inactive players will automatically lose when time's up. (requested by myodeza)\n|\n|t:|1699855131\n|start\n|switch|p1a: Samurott|Samurott-Hisui, M|100\/100\n|switch|p2a: Landorus|Landorus-Therian, M, shiny|100\/100\n|-ability|p2a: Landorus|Intimidate|boost\n|-unboost|p1a: Samurott|atk|1\n|turn|1\n|\n|t:|1699855139\n|move|p1a: Samurott|Razor Shell|p2a: Landorus\n|-supereffective|p2a: Landorus\n|-damage|p2a: Landorus|58\/100\n|-unboost|p2a: Landorus|def|1\n|-damage|p1a: Samurott|84\/100|[from] item: Rocky Helmet|[of] p2a: Landorus\n|move|p2a: Landorus|Stealth Rock|p1a: Samurott\n|-sidestart|p1: myodeza|move: Stealth Rock\n|\n|upkeep\n|turn|2\n|\n|t:|1699855149\n|switch|p2a: Dondozo|Dondozo, F, shiny|100\/100\n|move|p1a: Samurott|Ceaseless Edge|p2a: Dondozo\n|-damage|p2a: Dondozo|79\/100\n|-damage|p1a: Samurott|67\/100|[from] item: Rocky Helmet|[of] p2a: Dondozo\n|-sidestart|p2: Tory|Spikes\n|\n|upkeep\n|turn|3\n|\n|t:|1699855157\n|move|p1a: Samurott|Ceaseless Edge|p2a: Dondozo\n|-damage|p2a: Dondozo|60\/100\n|-damage|p1a: Samurott|51\/100|[from] item: Rocky Helmet|[of] p2a: Dondozo\n|-sidestart|p2: Tory|Spikes\n|move|p2a: Dondozo|Body Press|p1a: Samurott\n|-supereffective|p1a: Samurott\n|-damage|p1a: Samurott|0 fnt\n|faint|p1a: Samurott\n|\n|upkeep\n|\n|t:|1699855173\n|switch|p1a: Rillaboom|Rillaboom, F|100\/100\n|-damage|p1a: Rillaboom|88\/100|[from] Stealth Rock\n|-fieldstart|move: Grassy Terrain|[from] ability: Grassy Surge|[of] p1a: Rillaboom\n|turn|4\n|\n|t:|1699855179\n|switch|p2a: Landorus|Landorus-Therian, M, shiny|58\/100\n|-ability|p2a: Landorus|Intimidate|boost\n|-unboost|p1a: Rillaboom|atk|1\n|move|p1a: Rillaboom|U-turn|p2a: Landorus\n|-resisted|p2a: Landorus\n|-damage|p2a: Landorus|48\/100\n|-damage|p1a: Rillaboom|72\/100|[from] item: Rocky Helmet|[of] p2a: Landorus\n|\n|t:|1699855209\n|switch|p1a: Ogerpon|Ogerpon-Cornerstone, F|100\/100|[from] U-turn\n|-damage|p1a: Ogerpon|88\/100|[from] Stealth Rock\n|\n|-heal|p1a: Ogerpon|94\/100|[from] Grassy Terrain\n|upkeep\n|turn|5\n|\n|t:|1699855220\n|move|p1a: Ogerpon|Horn Leech|p2a: Landorus\n|-damage|p2a: Landorus|8\/100\n|-heal|p1a: Ogerpon|100\/100|[from] drain|[of] p2a: Landorus\n|-damage|p1a: Ogerpon|84\/100|[from] item: Rocky Helmet|[of] p2a: Landorus\n|move|p2a: Landorus|Earthquake|p1a: Ogerpon\n|-damage|p1a: Ogerpon|54\/100\n|\n|-heal|p1a: Ogerpon|60\/100|[from] Grassy Terrain\n|upkeep\n|turn|6\n|\n|t:|1699855233\n|move|p1a: Ogerpon|Horn Leech|p2a: Landorus\n|-damage|p2a: Landorus|0 fnt\n|-heal|p1a: Ogerpon|64\/100|[from] drain|[of] p2a: Landorus\n|-damage|p1a: Ogerpon|48\/100|[from] item: Rocky Helmet|[of] p2a: Landorus\n|faint|p2a: Landorus\n|\n|-heal|p1a: Ogerpon|54\/100|[from] Grassy Terrain\n|upkeep\n|\n|t:|1699855248\n|switch|p2a: Walking Wake|Walking Wake|100\/100\n|-damage|p2a: Walking Wake|84\/100|[from] Spikes\n|-enditem|p2a: Walking Wake|Booster Energy\n|-activate|p2a: Walking Wake|ability: Protosynthesis|[fromitem]\n|-start|p2a: Walking Wake|protosynthesisspa\n|turn|7\n|\n|t:|1699855261\n|move|p1a: Ogerpon|Horn Leech|p2a: Walking Wake\n|-damage|p2a: Walking Wake|19\/100\n|-heal|p1a: Ogerpon|90\/100|[from] drain|[of] p2a: Walking Wake\n|move|p2a: Walking Wake|Hydro Steam|p1a: Ogerpon\n|-damage|p1a: Ogerpon|28\/100\n|\n|-heal|p1a: Ogerpon|34\/100|[from] Grassy Terrain\n|-heal|p2a: Walking Wake|26\/100|[from] Grassy Terrain\n|upkeep\n|turn|8\n|\n|t:|1699855272\n|-end|p2a: Walking Wake|Protosynthesis|[silent]\n|switch|p2a: Heatran|Heatran, M, shiny|100\/100\n|-damage|p2a: Heatran|84\/100|[from] Spikes\n|move|p1a: Ogerpon|Horn Leech|p2a: Heatran\n|-resisted|p2a: Heatran\n|-damage|p2a: Heatran|72\/100\n|-heal|p1a: Ogerpon|42\/100|[from] drain|[of] p2a: Heatran\n|\n|-heal|p1a: Ogerpon|48\/100|[from] Grassy Terrain\n|-heal|p2a: Heatran|78\/100|[from] Grassy Terrain\n|-heal|p2a: Heatran|85\/100|[from] item: Leftovers\n|-fieldend|move: Grassy Terrain\n|upkeep\n|turn|9\n|\n|t:|1699855286\n|move|p1a: Ogerpon|Ivy Cudgel|p2a: Heatran\n|-damage|p2a: Heatran|31\/100\n|move|p2a: Heatran|Will-O-Wisp|p1a: Ogerpon\n|-status|p1a: Ogerpon|brn\n|\n|-heal|p2a: Heatran|37\/100|[from] item: Leftovers\n|-damage|p1a: Ogerpon|42\/100 brn|[from] brn\n|upkeep\n|turn|10\n|\n|t:|1699855296\n|move|p1a: Ogerpon|Ivy Cudgel|p2a: Heatran\n|-crit|p2a: Heatran\n|-damage|p2a: Heatran|0 fnt\n|faint|p2a: Heatran\n|\n|-damage|p1a: Ogerpon|36\/100 brn|[from] brn\n|upkeep\n|\n|t:|1699855302\n|switch|p2a: Kingambit|Kingambit, F|100\/100\n|-damage|p2a: Kingambit|84\/100|[from] Spikes\n|-activate|p2a: Kingambit|ability: Supreme Overlord\n|-start|p2a: Kingambit|fallen2|[silent]\n|turn|11\n|\n|t:|1699855308\n|switch|p1a: Landorus|Landorus-Therian, M|100\/100\n|-damage|p1a: Landorus|88\/100|[from] Stealth Rock\n|-ability|p1a: Landorus|Intimidate|boost\n|-unboost|p2a: Kingambit|atk|1\n|move|p2a: Kingambit|Swords Dance|p2a: Kingambit\n|-boost|p2a: Kingambit|atk|2\n|\n|upkeep\n|turn|12\n|\n|t:|1699855316\n|move|p2a: Kingambit|Sucker Punch|p1a: Landorus\n|-damage|p1a: Landorus|0 fnt\n|faint|p1a: Landorus\n|-damage|p2a: Kingambit|74\/100|[from] item: Life Orb\n|\n|upkeep\n|\n|t:|1699855337\n|switch|p1a: Rillaboom|Rillaboom, F|72\/100\n|-damage|p1a: Rillaboom|59\/100|[from] Stealth Rock\n|-fieldstart|move: Grassy Terrain|[from] ability: Grassy Surge|[of] p1a: Rillaboom\n|turn|13\n|\n|t:|1699855343\n|move|p2a: Kingambit|Sucker Punch|p1a: Rillaboom\n|-damage|p1a: Rillaboom|0 fnt\n|faint|p1a: Rillaboom\n|-damage|p2a: Kingambit|64\/100|[from] item: Life Orb\n|\n|-heal|p2a: Kingambit|70\/100|[from] Grassy Terrain\n|upkeep\n|\n|t:|1699855352\n|switch|p1a: Iron Valiant|Iron Valiant|100\/100\n|-damage|p1a: Iron Valiant|94\/100|[from] Stealth Rock\n|-enditem|p1a: Iron Valiant|Booster Energy\n|-activate|p1a: Iron Valiant|ability: Quark Drive|[fromitem]\n|-start|p1a: Iron Valiant|quarkdrivespe\n|turn|14\n|\n|t:|1699855358\n|move|p1a: Iron Valiant|Moonblast|p2a: Kingambit\n|-damage|p2a: Kingambit|25\/100\n|move|p2a: Kingambit|Iron Head|p1a: Iron Valiant\n|-supereffective|p1a: Iron Valiant\n|-damage|p1a: Iron Valiant|0 fnt\n|faint|p1a: Iron Valiant\n|-end|p1a: Iron Valiant|Quark Drive|[silent]\n|-damage|p2a: Kingambit|16\/100|[from] item: Life Orb\n|\n|-heal|p2a: Kingambit|22\/100|[from] Grassy Terrain\n|upkeep\n|\n|t:|1699855365\n|switch|p1a: Sneasler|Sneasler, M|100\/100\n|-damage|p1a: Sneasler|95\/100|[from] Stealth Rock\n|-enditem|p1a: Sneasler|Grassy Seed\n|-boost|p1a: Sneasler|def|1|[from] item: Grassy Seed\n|turn|15\n|\n|t:|1699855373\n|-terastallize|p1a: Sneasler|Flying\n|move|p2a: Kingambit|Sucker Punch|p1a: Sneasler\n|-damage|p1a: Sneasler|0 fnt\n|faint|p1a: Sneasler\n|-damage|p2a: Kingambit|12\/100|[from] item: Life Orb\n|\n|-heal|p2a: Kingambit|18\/100|[from] Grassy Terrain\n|upkeep\n|-message|myodeza forfeited.\n|\n|win|Tory\n|raw|myodeza's rating: 1294 &rarr; <strong>1264<\/strong><br \/>(-30 for losing)\n|raw|Tory's rating: 1218 &rarr; <strong>1248<\/strong><br \/>(+30 for winning)\n|l|\u2606myodeza\n","uploadtime":1699855383,"views":9,"p1id":"myodeza","p2id":"tory","formatid":"gen9ou","rating":1248,"private":0,"password":""}