{"id":"gen9ou-1991238581","p1":"santoann","p2":"Dr4gondese","format":"[Gen 9] OU","log":"|j|\u2606santoann\n|j|\u2606Dr4gondese\n|t:|1700060196\n|gametype|singles\n|player|p1|santoann|policeman-gen4|1054\n|player|p2|Dr4gondese|pokemonranger|1000\n|teamsize|p1|6\n|teamsize|p2|6\n|gen|9\n|tier|[Gen 9] OU\n|rated|\n|rule|Sleep Clause Mod: Limit one foe put to sleep\n|rule|Species Clause: Limit one of each Pok\u00e9mon\n|rule|OHKO Clause: OHKO moves are banned\n|rule|Evasion Items Clause: Evasion items are banned\n|rule|Evasion Moves Clause: Evasion moves are banned\n|rule|Endless Battle Clause: Forcing endless battles is banned\n|rule|HP Percentage Mod: HP is shown in percentages\n|clearpoke\n|poke|p1|Grimmsnarl, M|\n|poke|p1|Hatterene, F|\n|poke|p1|Azumarill, M|\n|poke|p1|Toxtricity, M|\n|poke|p1|Sneasler, M|\n|poke|p1|Maushold-Four|\n|poke|p2|Toxapex, F|\n|poke|p2|Milotic, M|\n|poke|p2|Mimikyu, F|\n|poke|p2|Corviknight, M|\n|poke|p2|Mudsdale, F|\n|poke|p2|Eelektross, F|\n|teampreview\n|inactive|Battle timer is ON: inactive players will automatically lose when time's up. (requested by Dr4gondese)\n|\n|t:|1700060205\n|start\n|switch|p1a: Grimmsnarl|Grimmsnarl, M|100\/100\n|switch|p2a: Toxapex|Toxapex, F|100\/100\n|turn|1\n|\n|t:|1700060213\n|move|p1a: Grimmsnarl|Taunt|p2a: Toxapex\n|-start|p2a: Toxapex|move: Taunt\n|cant|p2a: Toxapex|move: Taunt|Toxic Spikes\n|\n|upkeep\n|turn|2\n|\n|t:|1700060223\n|switch|p2a: Mimikyu|Mimikyu, F|100\/100\n|move|p1a: Grimmsnarl|Light Screen|p1a: Grimmsnarl\n|-sidestart|p1: santoann|move: Light Screen\n|\n|upkeep\n|turn|3\n|\n|t:|1700060228\n|move|p1a: Grimmsnarl|Reflect|p1a: Grimmsnarl\n|-sidestart|p1: santoann|Reflect\n|move|p2a: Mimikyu|Swords Dance|p2a: Mimikyu\n|-boost|p2a: Mimikyu|atk|2\n|\n|upkeep\n|turn|4\n|\n|t:|1700060232\n|move|p1a: Grimmsnarl|Parting Shot|p2a: Mimikyu\n|-unboost|p2a: Mimikyu|atk|1\n|-unboost|p2a: Mimikyu|spa|1\n|inactive|santoann has 120 seconds left.\n|\n|t:|1700060267\n|switch|p1a: Azumarill|Azumarill, M|100\/100|[from] Parting Shot\n|move|p2a: Mimikyu|Swords Dance|p2a: Mimikyu\n|-boost|p2a: Mimikyu|atk|2\n|\n|upkeep\n|turn|5\n|\n|t:|1700060276\n|move|p2a: Mimikyu|Swords Dance|p2a: Mimikyu\n|-boost|p2a: Mimikyu|atk|2\n|move|p1a: Azumarill|Belly Drum|p1a: Azumarill\n|-damage|p1a: Azumarill|50\/100\n|-setboost|p1a: Azumarill|atk|6|[from] move: Belly Drum\n|-enditem|p1a: Azumarill|Sitrus Berry|[eat]\n|-heal|p1a: Azumarill|75\/100|[from] item: Sitrus Berry\n|\n|upkeep\n|turn|6\n|\n|t:|1700060285\n|move|p1a: Azumarill|Aqua Jet|p2a: Mimikyu\n|-activate|p2a: Mimikyu|ability: Disguise\n|-damage|p2a: Mimikyu|100\/100\n|detailschange|p2a: Mimikyu|Mimikyu-Busted, F\n|-damage|p2a: Mimikyu|88\/100|[from] pokemon: Mimikyu-Busted\n|move|p2a: Mimikyu|Swords Dance|p2a: Mimikyu\n|-boost|p2a: Mimikyu|atk|1\n|\n|upkeep\n|turn|7\n|\n|t:|1700060297\n|switch|p2a: Eelektross|Eelektross, F|100\/100\n|-terastallize|p1a: Azumarill|Water\n|move|p1a: Azumarill|Aqua Jet|p2a: Eelektross\n|-damage|p2a: Eelektross|0 fnt\n|faint|p2a: Eelektross\n|\n|upkeep\n|\n|t:|1700060308\n|switch|p2a: Mimikyu|Mimikyu-Busted, F|88\/100\n|turn|8\n|\n|t:|1700060313\n|move|p1a: Azumarill|Aqua Jet|p2a: Mimikyu\n|-crit|p2a: Mimikyu\n|-damage|p2a: Mimikyu|0 fnt\n|faint|p2a: Mimikyu\n|\n|upkeep\n|\n|t:|1700060320\n|switch|p2a: Toxapex|Toxapex, F|100\/100\n|turn|9\n|\n|t:|1700060342\n|move|p1a: Azumarill|Liquidation|p2a: Toxapex\n|-resisted|p2a: Toxapex\n|-damage|p2a: Toxapex|0 fnt\n|-damage|p1a: Azumarill|59\/100|[from] item: Rocky Helmet|[of] p2a: Toxapex\n|faint|p2a: Toxapex\n|\n|-sideend|p1: santoann|move: Light Screen\n|upkeep\n|\n|t:|1700060349\n|switch|p2a: Corviknight|Corviknight, M|100\/100\n|-ability|p2a: Corviknight|Pressure\n|turn|10\n|\n|t:|1700060366\n|move|p1a: Azumarill|Aqua Jet|p2a: Corviknight\n|-damage|p2a: Corviknight|0 fnt\n|faint|p2a: Corviknight\n|\n|-sideend|p1: santoann|Reflect\n|upkeep\n|\n|t:|1700060371\n|switch|p2a: Milotic|Milotic, M|100\/100\n|turn|11\n|\n|t:|1700060387\n|move|p2a: Milotic|Dragon Dance|p2a: Milotic\n|-boost|p2a: Milotic|atk|1\n|-boost|p2a: Milotic|spe|1\n|move|p1a: Azumarill|Liquidation|p2a: Milotic\n|-resisted|p2a: Milotic\n|-damage|p2a: Milotic|0 fnt\n|faint|p2a: Milotic\n|\n|upkeep\n|\n|t:|1700060394\n|switch|p2a: Mudsdale|Mudsdale, F|100\/100\n|turn|12\n|\n|t:|1700060399\n|move|p1a: Azumarill|Aqua Jet|p2a: Mudsdale\n|-supereffective|p2a: Mudsdale\n|-damage|p2a: Mudsdale|0 fnt\n|faint|p2a: Mudsdale\n|\n|win|santoann\n|raw|santoann's rating: 1054 &rarr; <strong>1081<\/strong><br \/>(+27 for winning)\n|raw|Dr4gondese's rating: 1000 &rarr; <strong>1000<\/strong><br \/>(+0 for losing)\n|l|\u2606Dr4gondese\n","uploadtime":1700060407,"views":4,"p1id":"santoann","p2id":"dr4gondese","formatid":"gen9ou","rating":1000,"private":0,"password":""}