{"id":"gen9ou-1988636623","p1":"oijwef","p2":"gcy9","format":"[Gen 9] OU","log":"|j|\u2606oijwef\n|j|\u2606gcy9\n|t:|1699744670\n|gametype|singles\n|player|p1|oijwef|2|1379\n|player|p2|gcy9|265|1382\n|teamsize|p1|6\n|teamsize|p2|6\n|gen|9\n|tier|[Gen 9] OU\n|rated|\n|rule|Sleep Clause Mod: Limit one foe put to sleep\n|rule|Species Clause: Limit one of each Pok\u00e9mon\n|rule|OHKO Clause: OHKO moves are banned\n|rule|Evasion Items Clause: Evasion items are banned\n|rule|Evasion Moves Clause: Evasion moves are banned\n|rule|Endless Battle Clause: Forcing endless battles is banned\n|rule|HP Percentage Mod: HP is shown in percentages\n|clearpoke\n|poke|p1|Clefable, F|\n|poke|p1|Gliscor, M|\n|poke|p1|Milotic, M|\n|poke|p1|Mandibuzz, F|\n|poke|p1|Skeledirge, F|\n|poke|p1|Dragapult, F|\n|poke|p2|Iron Moth|\n|poke|p2|Kingambit, M|\n|poke|p2|Dragapult, F|\n|poke|p2|Great Tusk|\n|poke|p2|Amoonguss, F|\n|poke|p2|Gliscor, F|\n|teampreview\n|inactive|Battle timer is ON: inactive players will automatically lose when time's up. (requested by oijwef)\n|\n|t:|1699744687\n|start\n|switch|p1a: Mandibuzz|Mandibuzz, F|100\/100\n|switch|p2a: Amoonguss|Amoonguss, F, shiny|100\/100\n|turn|1\n|inactive|gcy9 has 120 seconds left.\n|\n|t:|1699744719\n|move|p1a: Mandibuzz|Knock Off|p2a: Amoonguss\n|-damage|p2a: Amoonguss|82\/100\n|-enditem|p2a: Amoonguss|Red Card|[from] move: Knock Off|[of] p1a: Mandibuzz\n|move|p2a: Amoonguss|Spore|p1a: Mandibuzz\n|-immune|p1a: Mandibuzz|[from] ability: Overcoat\n|\n|upkeep\n|turn|2\n|inactive|gcy9 has 120 seconds left.\n|\n|t:|1699744732\n|move|p1a: Mandibuzz|Iron Defense|p1a: Mandibuzz\n|-boost|p1a: Mandibuzz|def|2\n|move|p2a: Amoonguss|Sludge Bomb|p1a: Mandibuzz\n|-damage|p1a: Mandibuzz|79\/100\n|-status|p1a: Mandibuzz|psn\n|\n|-damage|p1a: Mandibuzz|67\/100 psn|[from] psn\n|upkeep\n|turn|3\n|inactive|gcy9 has 120 seconds left.\n|inactive|gcy9 has 90 seconds left.\n|\n|t:|1699744784\n|switch|p2a: Gliscor|Gliscor, F|100\/100\n|move|p1a: Mandibuzz|Foul Play|p2a: Gliscor\n|-damage|p2a: Gliscor|77\/100\n|\n|-damage|p1a: Mandibuzz|55\/100 psn|[from] psn\n|-status|p2a: Gliscor|tox|[from] item: Toxic Orb\n|upkeep\n|turn|4\n|\n|t:|1699744794\n|switch|p2a: Iron Moth|Iron Moth|100\/100\n|move|p1a: Mandibuzz|Roost|p1a: Mandibuzz\n|-heal|p1a: Mandibuzz|100\/100 psn\n|-singleturn|p1a: Mandibuzz|move: Roost\n|\n|-damage|p1a: Mandibuzz|88\/100 psn|[from] psn\n|upkeep\n|turn|5\n|inactive|gcy9 has 90 seconds left.\n|\n|t:|1699744804\n|switch|p1a: Skeledirge|Skeledirge, F|100\/100\n|move|p2a: Iron Moth|Dazzling Gleam|p1a: Skeledirge\n|-resisted|p1a: Skeledirge\n|-damage|p1a: Skeledirge|88\/100\n|\n|upkeep\n|turn|6\n|inactive|gcy9 has 90 seconds left.\n|\n|t:|1699744820\n|-end|p2a: Iron Moth|Quark Drive|[silent]\n|switch|p2a: Dragapult|Dragapult, F|100\/100\n|move|p1a: Skeledirge|Torch Song|p2a: Dragapult\n|-resisted|p2a: Dragapult\n|-damage|p2a: Dragapult|79\/100\n|-boost|p1a: Skeledirge|spa|1\n|\n|upkeep\n|turn|7\n|inactive|gcy9 has 90 seconds left.\n|\n|t:|1699744835\n|switch|p1a: Mandibuzz|Mandibuzz, F|88\/100 psn\n|-terastallize|p2a: Dragapult|Ghost\n|move|p2a: Dragapult|Shadow Ball|p1a: Mandibuzz\n|-resisted|p1a: Mandibuzz\n|-damage|p1a: Mandibuzz|56\/100 psn\n|\n|-damage|p1a: Mandibuzz|44\/100 psn|[from] psn\n|upkeep\n|turn|8\n|\n|t:|1699744846\n|switch|p2a: Iron Moth|Iron Moth|100\/100\n|move|p1a: Mandibuzz|Roost|p1a: Mandibuzz\n|-heal|p1a: Mandibuzz|94\/100 psn\n|-singleturn|p1a: Mandibuzz|move: Roost\n|\n|-damage|p1a: Mandibuzz|82\/100 psn|[from] psn\n|upkeep\n|turn|9\n|\n|t:|1699744851\n|-end|p2a: Iron Moth|Quark Drive|[silent]\n|switch|p2a: Dragapult|Dragapult, F, tera:Ghost|79\/100\n|switch|p1a: Skeledirge|Skeledirge, F|88\/100\n|\n|upkeep\n|turn|10\n|inactive|gcy9 has 90 seconds left.\n|\n|t:|1699744861\n|-terastallize|p1a: Skeledirge|Water\n|move|p2a: Dragapult|Shadow Ball|p1a: Skeledirge\n|-crit|p1a: Skeledirge\n|-damage|p1a: Skeledirge|1\/100\n|move|p1a: Skeledirge|Hex|p2a: Dragapult\n|-supereffective|p2a: Dragapult\n|-crit|p2a: Dragapult\n|-damage|p2a: Dragapult|0 fnt\n|faint|p2a: Dragapult\n|\n|upkeep\n|inactive|gcy9 has 90 seconds left.\n|\n|t:|1699744872\n|switch|p2a: Great Tusk|Great Tusk|100\/100\n|turn|11\n|inactive|gcy9 has 90 seconds left.\n|\n|t:|1699744879\n|move|p2a: Great Tusk|Ice Spinner|p1a: Skeledirge\n|-resisted|p1a: Skeledirge\n|-crit|p1a: Skeledirge\n|-damage|p1a: Skeledirge|0 fnt\n|faint|p1a: Skeledirge\n|\n|upkeep\n|\n|t:|1699744882\n|switch|p1a: Gliscor|Gliscor, M|100\/100\n|turn|12\n|\n|t:|1699744886\n|move|p1a: Gliscor|Protect|p1a: Gliscor\n|-singleturn|p1a: Gliscor|Protect\n|move|p2a: Great Tusk|Stealth Rock|p1a: Gliscor\n|-sidestart|p1: oijwef|move: Stealth Rock\n|\n|-status|p1a: Gliscor|tox|[from] item: Toxic Orb\n|upkeep\n|turn|13\n|\n|t:|1699744892\n|move|p2a: Great Tusk|Ice Spinner|p1a: Gliscor\n|-supereffective|p1a: Gliscor\n|-damage|p1a: Gliscor|20\/100 tox\n|move|p1a: Gliscor|Toxic|p2a: Great Tusk\n|-status|p2a: Great Tusk|tox\n|\n|-damage|p2a: Great Tusk|94\/100 tox|[from] psn\n|-heal|p1a: Gliscor|32\/100 tox|[from] ability: Poison Heal\n|upkeep\n|turn|14\n|inactive|gcy9 has 120 seconds left.\n|\n|t:|1699744905\n|move|p1a: Gliscor|Protect|p1a: Gliscor\n|-singleturn|p1a: Gliscor|Protect\n|move|p2a: Great Tusk|Ice Spinner|p1a: Gliscor\n|-activate|p1a: Gliscor|move: Protect\n|\n|-heal|p2a: Great Tusk|100\/100 tox|[from] item: Leftovers\n|-damage|p2a: Great Tusk|88\/100 tox|[from] psn\n|-heal|p1a: Gliscor|45\/100 tox|[from] ability: Poison Heal\n|upkeep\n|turn|15\n|inactive|gcy9 has 120 seconds left.\n|\n|t:|1699744926\n|switch|p1a: Clefable|Clefable, F|100\/100\n|move|p2a: Great Tusk|Ice Spinner|p1a: Clefable\n|-damage|p1a: Clefable|77\/100\n|\n|-heal|p2a: Great Tusk|94\/100 tox|[from] item: Leftovers\n|-damage|p2a: Great Tusk|76\/100 tox|[from] psn\n|upkeep\n|turn|16\n|\n|t:|1699744931\n|-end|p2a: Great Tusk|Protosynthesis|[silent]\n|switch|p2a: Amoonguss|Amoonguss, F, shiny|100\/100\n|move|p1a: Clefable|Stealth Rock|p2a: Amoonguss\n|-sidestart|p2: gcy9|move: Stealth Rock\n|\n|upkeep\n|turn|17\n|\n|t:|1699744939\n|switch|p1a: Gliscor|Gliscor, M|45\/100 tox\n|-damage|p1a: Gliscor|32\/100 tox|[from] Stealth Rock\n|switch|p2a: Iron Moth|Iron Moth|100\/100\n|\n|-heal|p1a: Gliscor|45\/100 tox|[from] ability: Poison Heal\n|upkeep\n|turn|18\n|\n|t:|1699744946\n|move|p1a: Gliscor|Protect|p1a: Gliscor\n|-singleturn|p1a: Gliscor|Protect\n|move|p2a: Iron Moth|Fiery Dance|p1a: Gliscor\n|-activate|p1a: Gliscor|move: Protect\n|\n|-heal|p1a: Gliscor|57\/100 tox|[from] ability: Poison Heal\n|upkeep\n|turn|19\n|\n|t:|1699744956\n|switch|p1a: Milotic|Milotic, M|100\/100\n|move|p2a: Iron Moth|Fiery Dance|p1a: Milotic\n|-resisted|p1a: Milotic\n|-damage|p1a: Milotic|87\/100\n|-boost|p2a: Iron Moth|spa|1\n|\n|upkeep\n|turn|20\n|\n|t:|1699744975\n|-end|p2a: Iron Moth|Quark Drive|[silent]\n|switch|p2a: Amoonguss|Amoonguss, F, shiny|100\/100\n|-damage|p2a: Amoonguss|88\/100|[from] Stealth Rock\n|move|p1a: Milotic|Scald|p2a: Amoonguss\n|-resisted|p2a: Amoonguss\n|-damage|p2a: Amoonguss|75\/100\n|\n|upkeep\n|turn|21\n|\n|t:|1699744989\n|switch|p1a: Gliscor|Gliscor, M|57\/100 tox\n|-damage|p1a: Gliscor|45\/100 tox|[from] Stealth Rock\n|move|p2a: Amoonguss|Giga Drain|p1a: Gliscor\n|-damage|p1a: Gliscor|22\/100 tox\n|-heal|p2a: Amoonguss|85\/100|[from] drain|[of] p1a: Gliscor\n|\n|-heal|p1a: Gliscor|34\/100 tox|[from] ability: Poison Heal\n|upkeep\n|turn|22\n|\n|t:|1699745000\n|move|p1a: Gliscor|Earthquake|p2a: Amoonguss\n|-damage|p2a: Amoonguss|60\/100\n|move|p2a: Amoonguss|Giga Drain|p1a: Gliscor\n|-damage|p1a: Gliscor|12\/100 tox\n|-heal|p2a: Amoonguss|69\/100|[from] drain|[of] p1a: Gliscor\n|\n|-heal|p1a: Gliscor|24\/100 tox|[from] ability: Poison Heal\n|upkeep\n|turn|23\n|\n|t:|1699745006\n|move|p1a: Gliscor|Protect|p1a: Gliscor\n|-singleturn|p1a: Gliscor|Protect\n|move|p2a: Amoonguss|Giga Drain|p1a: Gliscor\n|-activate|p1a: Gliscor|move: Protect\n|\n|-heal|p1a: Gliscor|37\/100 tox|[from] ability: Poison Heal\n|upkeep\n|turn|24\n|\n|t:|1699745016\n|switch|p1a: Mandibuzz|Mandibuzz, F|82\/100 psn\n|move|p2a: Amoonguss|Giga Drain|p1a: Mandibuzz\n|-resisted|p1a: Mandibuzz\n|-damage|p1a: Mandibuzz|72\/100 psn\n|-heal|p2a: Amoonguss|74\/100|[from] drain|[of] p1a: Mandibuzz\n|\n|-damage|p1a: Mandibuzz|60\/100 psn|[from] psn\n|upkeep\n|turn|25\n|\n|t:|1699745035\n|switch|p2a: Iron Moth|Iron Moth|100\/100\n|move|p1a: Mandibuzz|Knock Off|p2a: Iron Moth\n|-damage|p2a: Iron Moth|57\/100\n|-enditem|p2a: Iron Moth|Heavy-Duty Boots|[from] move: Knock Off|[of] p1a: Mandibuzz\n|\n|-damage|p1a: Mandibuzz|47\/100 psn|[from] psn\n|upkeep\n|turn|26\n|inactive|gcy9 has 120 seconds left.\n|\n|t:|1699745066\n|switch|p1a: Milotic|Milotic, M|87\/100\n|move|p2a: Iron Moth|Fiery Dance|p1a: Milotic\n|-resisted|p1a: Milotic\n|-damage|p1a: Milotic|75\/100\n|-boost|p2a: Iron Moth|spa|1\n|\n|upkeep\n|turn|27\n|inactive|gcy9 has 120 seconds left.\n|\n|t:|1699745083\n|move|p2a: Iron Moth|Sludge Wave|p1a: Milotic\n|-damage|p1a: Milotic|27\/100\n|move|p1a: Milotic|Scald|p2a: Iron Moth\n|-supereffective|p2a: Iron Moth\n|-damage|p2a: Iron Moth|0 fnt\n|faint|p2a: Iron Moth\n|-end|p2a: Iron Moth|Quark Drive|[silent]\n|\n|upkeep\n|\n|t:|1699745095\n|switch|p2a: Great Tusk|Great Tusk|76\/100 tox\n|-damage|p2a: Great Tusk|73\/100 tox|[from] Stealth Rock\n|turn|28\n|\n|t:|1699745105\n|move|p2a: Great Tusk|Headlong Rush|p1a: Milotic\n|-damage|p1a: Milotic|0 fnt\n|-unboost|p2a: Great Tusk|def|1\n|-unboost|p2a: Great Tusk|spd|1\n|faint|p1a: Milotic\n|\n|-heal|p2a: Great Tusk|79\/100 tox|[from] item: Leftovers\n|-damage|p2a: Great Tusk|73\/100 tox|[from] psn\n|upkeep\n|\n|t:|1699745114\n|switch|p1a: Dragapult|Dragapult, F|100\/100\n|turn|29\n|\n|t:|1699745123\n|-end|p2a: Great Tusk|Protosynthesis|[silent]\n|switch|p2a: Kingambit|Kingambit, M|100\/100\n|-damage|p2a: Kingambit|94\/100|[from] Stealth Rock\n|-activate|p2a: Kingambit|ability: Supreme Overlord\n|-start|p2a: Kingambit|fallen2|[silent]\n|move|p1a: Dragapult|Hex|p2a: Kingambit\n|-resisted|p2a: Kingambit\n|-damage|p2a: Kingambit|78\/100\n|\n|upkeep\n|turn|30\n|inactive|gcy9 has 120 seconds left.\n|\n|t:|1699745131\n|move|p1a: Dragapult|Will-O-Wisp|p2a: Kingambit\n|-status|p2a: Kingambit|brn\n|-enditem|p2a: Kingambit|Lum Berry|[eat]\n|-curestatus|p2a: Kingambit|brn|[msg]\n|move|p2a: Kingambit|Kowtow Cleave|p1a: Dragapult\n|-supereffective|p1a: Dragapult\n|-damage|p1a: Dragapult|0 fnt\n|faint|p1a: Dragapult\n|\n|upkeep\n|\n|t:|1699745145\n|switch|p1a: Mandibuzz|Mandibuzz, F|47\/100 psn\n|turn|31\n|\n|t:|1699745152\n|move|p1a: Mandibuzz|Roost|p1a: Mandibuzz\n|-heal|p1a: Mandibuzz|97\/100 psn\n|-singleturn|p1a: Mandibuzz|move: Roost\n|move|p2a: Kingambit|Iron Head|p1a: Mandibuzz\n|-damage|p1a: Mandibuzz|63\/100 psn\n|\n|-damage|p1a: Mandibuzz|50\/100 psn|[from] psn\n|upkeep\n|turn|32\n|\n|t:|1699745168\n|move|p1a: Mandibuzz|Iron Defense|p1a: Mandibuzz\n|-boost|p1a: Mandibuzz|def|2\n|move|p2a: Kingambit|Iron Head|p1a: Mandibuzz\n|-damage|p1a: Mandibuzz|35\/100 psn\n|\n|-damage|p1a: Mandibuzz|23\/100 psn|[from] psn\n|upkeep\n|turn|33\n|inactive|gcy9 has 120 seconds left.\n|\n|t:|1699745190\n|move|p1a: Mandibuzz|Roost|p1a: Mandibuzz\n|-heal|p1a: Mandibuzz|73\/100 psn\n|-singleturn|p1a: Mandibuzz|move: Roost\n|move|p2a: Kingambit|Iron Head|p1a: Mandibuzz\n|-damage|p1a: Mandibuzz|57\/100 psn\n|\n|-damage|p1a: Mandibuzz|45\/100 psn|[from] psn\n|upkeep\n|turn|34\n|inactive|gcy9 has 120 seconds left.\n|\n|t:|1699745201\n|move|p1a: Mandibuzz|Iron Defense|p1a: Mandibuzz\n|-boost|p1a: Mandibuzz|def|2\n|move|p2a: Kingambit|Iron Head|p1a: Mandibuzz\n|-damage|p1a: Mandibuzz|34\/100 psn\n|\n|-damage|p1a: Mandibuzz|22\/100 psn|[from] psn\n|upkeep\n|turn|35\n|\n|t:|1699745205\n|move|p1a: Mandibuzz|Roost|p1a: Mandibuzz\n|-heal|p1a: Mandibuzz|72\/100 psn\n|-singleturn|p1a: Mandibuzz|move: Roost\n|move|p2a: Kingambit|Iron Head|p1a: Mandibuzz\n|-damage|p1a: Mandibuzz|60\/100 psn\n|\n|-damage|p1a: Mandibuzz|48\/100 psn|[from] psn\n|upkeep\n|turn|36\n|\n|t:|1699745209\n|move|p1a: Mandibuzz|Roost|p1a: Mandibuzz\n|-heal|p1a: Mandibuzz|98\/100 psn\n|-singleturn|p1a: Mandibuzz|move: Roost\n|move|p2a: Kingambit|Iron Head|p1a: Mandibuzz\n|-damage|p1a: Mandibuzz|88\/100 psn\n|\n|-damage|p1a: Mandibuzz|76\/100 psn|[from] psn\n|upkeep\n|turn|37\n|\n|t:|1699745213\n|move|p1a: Mandibuzz|Iron Defense|p1a: Mandibuzz\n|-boost|p1a: Mandibuzz|def|2\n|move|p2a: Kingambit|Iron Head|p1a: Mandibuzz\n|-damage|p1a: Mandibuzz|68\/100 psn\n|\n|-damage|p1a: Mandibuzz|56\/100 psn|[from] psn\n|upkeep\n|turn|38\n|\n|t:|1699745220\n|move|p1a: Mandibuzz|Foul Play|p2a: Kingambit\n|-resisted|p2a: Kingambit\n|-damage|p2a: Kingambit|54\/100\n|move|p2a: Kingambit|Iron Head|p1a: Mandibuzz\n|-damage|p1a: Mandibuzz|48\/100 psn\n|\n|-damage|p1a: Mandibuzz|35\/100 psn|[from] psn\n|upkeep\n|turn|39\n|\n|t:|1699745227\n|move|p1a: Mandibuzz|Roost|p1a: Mandibuzz\n|-heal|p1a: Mandibuzz|85\/100 psn\n|-singleturn|p1a: Mandibuzz|move: Roost\n|move|p2a: Kingambit|Iron Head|p1a: Mandibuzz\n|-damage|p1a: Mandibuzz|77\/100 psn\n|\n|-damage|p1a: Mandibuzz|65\/100 psn|[from] psn\n|upkeep\n|turn|40\n|\n|t:|1699745240\n|-end|p2a: Kingambit|fallen2|[silent]\n|switch|p2a: Amoonguss|Amoonguss, F, shiny|100\/100\n|-damage|p2a: Amoonguss|88\/100|[from] Stealth Rock\n|move|p1a: Mandibuzz|Foul Play|p2a: Amoonguss\n|-damage|p2a: Amoonguss|72\/100\n|\n|-damage|p1a: Mandibuzz|53\/100 psn|[from] psn\n|upkeep\n|turn|41\n|\n|t:|1699745262\n|switch|p1a: Gliscor|Gliscor, M|37\/100 tox\n|-damage|p1a: Gliscor|24\/100 tox|[from] Stealth Rock\n|move|p2a: Amoonguss|Giga Drain|p1a: Gliscor\n|-damage|p1a: Gliscor|2\/100 tox\n|-heal|p2a: Amoonguss|81\/100|[from] drain|[of] p1a: Gliscor\n|\n|-heal|p1a: Gliscor|15\/100 tox|[from] ability: Poison Heal\n|upkeep\n|turn|42\n|\n|t:|1699745276\n|switch|p2a: Gliscor|Gliscor, F|77\/100 tox\n|-damage|p2a: Gliscor|64\/100 tox|[from] Stealth Rock\n|move|p1a: Gliscor|Protect||[still]\n|-fail|p1a: Gliscor\n|\n|-heal|p1a: Gliscor|27\/100 tox|[from] ability: Poison Heal\n|-heal|p2a: Gliscor|77\/100 tox|[from] ability: Poison Heal\n|upkeep\n|turn|43\n|\n|t:|1699745281\n|move|p1a: Gliscor|Protect|p1a: Gliscor\n|-singleturn|p1a: Gliscor|Protect\n|move|p2a: Gliscor|Facade|p1a: Gliscor\n|-activate|p1a: Gliscor|move: Protect\n|\n|-heal|p1a: Gliscor|40\/100 tox|[from] ability: Poison Heal\n|-heal|p2a: Gliscor|89\/100 tox|[from] ability: Poison Heal\n|upkeep\n|turn|44\n|\n|t:|1699745290\n|move|p1a: Gliscor|Spikes|p2a: Gliscor\n|-sidestart|p2: gcy9|Spikes\n|move|p2a: Gliscor|Swords Dance|p2a: Gliscor\n|-boost|p2a: Gliscor|atk|2\n|\n|-heal|p1a: Gliscor|52\/100 tox|[from] ability: Poison Heal\n|-heal|p2a: Gliscor|100\/100 tox|[from] ability: Poison Heal\n|upkeep\n|turn|45\n|\n|t:|1699745296\n|move|p1a: Gliscor|Spikes|p2a: Gliscor\n|-sidestart|p2: gcy9|Spikes\n|move|p2a: Gliscor|Facade|p1a: Gliscor\n|-damage|p1a: Gliscor|8\/100 tox\n|\n|-heal|p1a: Gliscor|20\/100 tox|[from] ability: Poison Heal\n|upkeep\n|turn|46\n|\n|t:|1699745302\n|move|p1a: Gliscor|Protect|p1a: Gliscor\n|-singleturn|p1a: Gliscor|Protect\n|move|p2a: Gliscor|Facade|p1a: Gliscor\n|-activate|p1a: Gliscor|move: Protect\n|\n|-heal|p1a: Gliscor|33\/100 tox|[from] ability: Poison Heal\n|upkeep\n|turn|47\n|\n|t:|1699745310\n|move|p1a: Gliscor|Spikes|p2a: Gliscor\n|-sidestart|p2: gcy9|Spikes\n|move|p2a: Gliscor|Facade|p1a: Gliscor\n|-damage|p1a: Gliscor|0 fnt\n|faint|p1a: Gliscor\n|\n|upkeep\n|\n|t:|1699745321\n|switch|p1a: Mandibuzz|Mandibuzz, F|53\/100 psn\n|turn|48\n|\n|t:|1699745325\n|move|p2a: Gliscor|Facade|p1a: Mandibuzz\n|-damage|p1a: Mandibuzz|18\/100 psn\n|move|p1a: Mandibuzz|Roost|p1a: Mandibuzz\n|-heal|p1a: Mandibuzz|68\/100 psn\n|-singleturn|p1a: Mandibuzz|move: Roost\n|\n|-damage|p1a: Mandibuzz|56\/100 psn|[from] psn\n|upkeep\n|turn|49\n|\n|t:|1699745330\n|move|p2a: Gliscor|Facade|p1a: Mandibuzz\n|-damage|p1a: Mandibuzz|24\/100 psn\n|move|p1a: Mandibuzz|Foul Play|p2a: Gliscor\n|-damage|p2a: Gliscor|52\/100 tox\n|\n|-heal|p2a: Gliscor|64\/100 tox|[from] ability: Poison Heal\n|-damage|p1a: Mandibuzz|12\/100 psn|[from] psn\n|upkeep\n|turn|50\n|\n|t:|1699745336\n|move|p2a: Gliscor|Facade|p1a: Mandibuzz\n|-damage|p1a: Mandibuzz|0 fnt\n|faint|p1a: Mandibuzz\n|\n|-heal|p2a: Gliscor|77\/100 tox|[from] ability: Poison Heal\n|upkeep\n|\n|t:|1699745338\n|switch|p1a: Clefable|Clefable, F|77\/100\n|turn|51\n|\n|t:|1699745345\n|move|p2a: Gliscor|Facade|p1a: Clefable\n|-damage|p1a: Clefable|30\/100\n|move|p1a: Clefable|Moonlight|p1a: Clefable\n|-heal|p1a: Clefable|80\/100\n|\n|-heal|p2a: Gliscor|89\/100 tox|[from] ability: Poison Heal\n|upkeep\n|turn|52\n|\n|t:|1699745350\n|move|p2a: Gliscor|Facade|p1a: Clefable\n|-damage|p1a: Clefable|35\/100\n|move|p1a: Clefable|Moonblast|p2a: Gliscor\n|-damage|p2a: Gliscor|62\/100 tox\n|-unboost|p2a: Gliscor|spa|1\n|\n|-heal|p2a: Gliscor|74\/100 tox|[from] ability: Poison Heal\n|upkeep\n|turn|53\n|\n|t:|1699745355\n|move|p2a: Gliscor|Facade|p1a: Clefable\n|-damage|p1a: Clefable|0 fnt\n|faint|p1a: Clefable\n|\n|win|gcy9\n|raw|oijwef's rating: 1379 &rarr; <strong>1359<\/strong><br \/>(-20 for losing)\n|raw|gcy9's rating: 1382 &rarr; <strong>1402<\/strong><br \/>(+20 for winning)\n|l|\u2606oijwef\n","uploadtime":1699745361,"views":18,"p1id":"oijwef","p2id":"gcy9","formatid":"gen9ou","rating":1359,"private":0,"password":""}