{"id":"gen9ou-1990728719","p1":"TacoSmellsLikePiss","p2":"Jiarias","format":"[Gen 9] OU","log":"|j|\u203dTacoSmellsLikePiss\n|j|\u2606Jiarias\n|t:|1699995379\n|gametype|singles\n|player|p1|TacoSmellsLikePiss|pokemonbreederf-gen4|1224\n|player|p2|Jiarias|acetrainer-gen4dp|1156\n|teamsize|p1|6\n|teamsize|p2|6\n|gen|9\n|tier|[Gen 9] OU\n|rated|\n|rule|Sleep Clause Mod: Limit one foe put to sleep\n|rule|Species Clause: Limit one of each Pok\u00e9mon\n|rule|OHKO Clause: OHKO moves are banned\n|rule|Evasion Items Clause: Evasion items are banned\n|rule|Evasion Moves Clause: Evasion moves are banned\n|rule|Endless Battle Clause: Forcing endless battles is banned\n|rule|HP Percentage Mod: HP is shown in percentages\n|clearpoke\n|poke|p1|Brambleghast, F|\n|poke|p1|Landorus-Therian, M|\n|poke|p1|Samurott-Hisui, F|\n|poke|p1|Heatran, F|\n|poke|p1|Weavile, F|\n|poke|p1|Iron Valiant|\n|poke|p2|Clefable, F|\n|poke|p2|Slowbro-Galar, F|\n|poke|p2|Raichu, F|\n|poke|p2|Articuno|\n|poke|p2|Charizard, M|\n|poke|p2|Hariyama, M|\n|teampreview\n|inactive|Battle timer is ON: inactive players will automatically lose when time's up. (requested by TacoSmellsLikePiss)\n|\n|t:|1699995383\n|start\n|switch|p1a: Landorus|Landorus-Therian, M|100\/100\n|switch|p2a: Clefable|Clefable, F, shiny|100\/100\n|-ability|p1a: Landorus|Intimidate|boost\n|-unboost|p2a: Clefable|atk|1\n|turn|1\n|\n|t:|1699995387\n|move|p1a: Landorus|Taunt|p2a: Clefable\n|-start|p2a: Clefable|move: Taunt\n|cant|p2a: Clefable|move: Taunt|Stealth Rock\n|\n|upkeep\n|turn|2\n|\n|t:|1699995405\n|move|p1a: Landorus|Stealth Rock|p2a: Clefable\n|-sidestart|p2: Jiarias|move: Stealth Rock\n|move|p2a: Clefable|Moonblast|p1a: Landorus\n|-damage|p1a: Landorus|66\/100\n|-unboost|p1a: Landorus|spa|1\n|\n|-heal|p1a: Landorus|72\/100|[from] item: Leftovers\n|upkeep\n|turn|3\n|inactive|TacoSmellsLikePiss has 120 seconds left.\n|inactive|TacoSmellsLikePiss has 90 seconds left.\n|\n|t:|1699995474\n|move|p1a: Landorus|Earthquake|p2a: Clefable\n|-damage|p2a: Clefable|55\/100\n|move|p2a: Clefable|Moonblast|p1a: Landorus\n|-damage|p1a: Landorus|35\/100\n|\n|-heal|p1a: Landorus|41\/100|[from] item: Leftovers\n|-heal|p2a: Clefable|61\/100|[from] item: Leftovers\n|-end|p2a: Clefable|move: Taunt\n|upkeep\n|turn|4\n|\n|t:|1699995480\n|move|p1a: Landorus|Taunt|p2a: Clefable\n|-start|p2a: Clefable|move: Taunt\n|move|p2a: Clefable|Moonblast|p1a: Landorus\n|-damage|p1a: Landorus|9\/100\n|-unboost|p1a: Landorus|spa|1\n|\n|-heal|p1a: Landorus|15\/100|[from] item: Leftovers\n|-heal|p2a: Clefable|67\/100|[from] item: Leftovers\n|upkeep\n|turn|5\n|\n|t:|1699995483\n|move|p1a: Landorus|Earthquake|p2a: Clefable\n|-damage|p2a: Clefable|20\/100\n|move|p2a: Clefable|Moonblast|p1a: Landorus\n|-damage|p1a: Landorus|0 fnt\n|faint|p1a: Landorus\n|\n|-heal|p2a: Clefable|26\/100|[from] item: Leftovers\n|upkeep\n|\n|t:|1699995491\n|switch|p1a: Heatran|Heatran, F|100\/100\n|turn|6\n|\n|t:|1699995495\n|move|p1a: Heatran|Magma Storm|p2a: Clefable|[miss]\n|-miss|p1a: Heatran|p2a: Clefable\n|move|p2a: Clefable|Moonblast|p1a: Heatran\n|-resisted|p1a: Heatran\n|-damage|p1a: Heatran|96\/100\n|-unboost|p1a: Heatran|spa|1\n|\n|-heal|p1a: Heatran|100\/100|[from] item: Leftovers\n|-heal|p2a: Clefable|32\/100|[from] item: Leftovers\n|-end|p2a: Clefable|move: Taunt\n|upkeep\n|turn|7\n|\n|t:|1699995499\n|move|p1a: Heatran|Magma Storm|p2a: Clefable|[miss]\n|-miss|p1a: Heatran|p2a: Clefable\n|move|p2a: Clefable|Thunder Wave|p1a: Heatran\n|-status|p1a: Heatran|par\n|\n|-heal|p2a: Clefable|38\/100|[from] item: Leftovers\n|upkeep\n|turn|8\n|\n|t:|1699995503\n|move|p2a: Clefable|Stealth Rock|p1a: Heatran\n|-sidestart|p1: TacoSmellsLikePiss|move: Stealth Rock\n|move|p1a: Heatran|Magma Storm|p2a: Clefable|[miss]\n|-miss|p1a: Heatran|p2a: Clefable\n|\n|-heal|p2a: Clefable|44\/100|[from] item: Leftovers\n|upkeep\n|turn|9\n|\n|t:|1699995509\n|move|p2a: Clefable|Moonlight|p2a: Clefable\n|-heal|p2a: Clefable|94\/100\n|move|p1a: Heatran|Magma Storm|p2a: Clefable\n|-damage|p2a: Clefable|59\/100\n|-activate|p2a: Clefable|move: Magma Storm|[of] p1a: Heatran\n|\n|-heal|p2a: Clefable|65\/100|[from] item: Leftovers\n|-damage|p2a: Clefable|53\/100|[from] move: Magma Storm|[partiallytrapped]\n|upkeep\n|turn|10\n|\n|t:|1699995513\n|move|p2a: Clefable|Moonblast|p1a: Heatran\n|-resisted|p1a: Heatran\n|-damage|p1a: Heatran|96\/100 par\n|move|p1a: Heatran|Will-O-Wisp|p2a: Clefable|[miss]\n|-miss|p1a: Heatran|p2a: Clefable\n|\n|-heal|p2a: Clefable|59\/100|[from] item: Leftovers\n|-heal|p1a: Heatran|100\/100 par|[from] item: Leftovers\n|-damage|p2a: Clefable|47\/100|[from] move: Magma Storm|[partiallytrapped]\n|upkeep\n|turn|11\n|\n|t:|1699995532\n|move|p2a: Clefable|Moonlight|p2a: Clefable\n|-heal|p2a: Clefable|97\/100\n|move|p1a: Heatran|Magma Storm|p2a: Clefable\n|-damage|p2a: Clefable|64\/100\n|\n|-heal|p2a: Clefable|70\/100|[from] item: Leftovers\n|-damage|p2a: Clefable|57\/100|[from] move: Magma Storm|[partiallytrapped]\n|upkeep\n|turn|12\n|\n|t:|1699995541\n|move|p2a: Clefable|Moonblast|p1a: Heatran\n|-resisted|p1a: Heatran\n|-damage|p1a: Heatran|96\/100 par\n|-unboost|p1a: Heatran|spa|1\n|move|p1a: Heatran|Will-O-Wisp|p2a: Clefable\n|-status|p2a: Clefable|brn\n|\n|-heal|p2a: Clefable|63\/100 brn|[from] item: Leftovers\n|-heal|p1a: Heatran|100\/100 par|[from] item: Leftovers\n|-damage|p2a: Clefable|57\/100 brn|[from] brn\n|-damage|p2a: Clefable|45\/100 brn|[from] move: Magma Storm|[partiallytrapped]\n|upkeep\n|turn|13\n|\n|t:|1699995545\n|switch|p1a: Brambleghast|Brambleghast, F|100\/100\n|-damage|p1a: Brambleghast|88\/100|[from] Stealth Rock\n|move|p2a: Clefable|Moonlight|p2a: Clefable\n|-heal|p2a: Clefable|95\/100 brn\n|\n|-heal|p1a: Brambleghast|94\/100|[from] item: Leftovers\n|-heal|p2a: Clefable|100\/100 brn|[from] item: Leftovers\n|-damage|p2a: Clefable|94\/100 brn|[from] brn\n|-end|p2a: Clefable|Magma Storm|[partiallytrapped]\n|upkeep\n|turn|14\n|\n|t:|1699995549\n|move|p1a: Brambleghast|Rapid Spin|p2a: Clefable\n|-damage|p2a: Clefable|78\/100 brn\n|-boost|p1a: Brambleghast|spe|1\n|-sideend|p1: TacoSmellsLikePiss|Stealth Rock|[from] move: Rapid Spin|[of] p1a: Brambleghast\n|move|p2a: Clefable|Thunder Wave|p1a: Brambleghast|[miss]\n|-miss|p2a: Clefable|p1a: Brambleghast\n|\n|-heal|p1a: Brambleghast|99\/100|[from] item: Leftovers\n|-heal|p2a: Clefable|84\/100 brn|[from] item: Leftovers\n|-damage|p2a: Clefable|78\/100 brn|[from] brn\n|upkeep\n|turn|15\n|\n|t:|1699995555\n|switch|p1a: Heatran|Heatran, F|100\/100 par\n|move|p2a: Clefable|Thunder Wave|p1a: Heatran\n|-fail|p1a: Heatran|par\n|\n|-heal|p2a: Clefable|84\/100 brn|[from] item: Leftovers\n|-damage|p2a: Clefable|78\/100 brn|[from] brn\n|upkeep\n|turn|16\n|\n|t:|1699995561\n|switch|p2a: Charizard|Charizard, M, shiny|100\/100\n|cant|p1a: Heatran|par\n|\n|upkeep\n|turn|17\n|\n|t:|1699995569\n|switch|p1a: Samurott|Samurott-Hisui, F|100\/100\n|-terastallize|p2a: Charizard|Ground\n|move|p2a: Charizard|Tera Blast|p1a: Samurott|[anim] Tera Blast Ground\n|-damage|p1a: Samurott|48\/100\n|\n|upkeep\n|turn|18\n|\n|t:|1699995577\n|switch|p2a: Hariyama|Hariyama, M|100\/100\n|-damage|p2a: Hariyama|94\/100|[from] Stealth Rock\n|move|p1a: Samurott|Razor Shell|p2a: Hariyama\n|-damage|p2a: Hariyama|41\/100\n|-unboost|p2a: Hariyama|def|1\n|\n|upkeep\n|turn|19\n|\n|t:|1699995582\n|move|p1a: Samurott|Razor Shell|p2a: Hariyama\n|-damage|p2a: Hariyama|0 fnt\n|faint|p2a: Hariyama\n|\n|upkeep\n|\n|t:|1699995586\n|switch|p2a: Articuno|Articuno|100\/100\n|-ability|p2a: Articuno|Pressure\n|turn|20\n|\n|t:|1699995590\n|switch|p1a: Heatran|Heatran, F|100\/100 par\n|move|p2a: Articuno|Freeze-Dry|p1a: Heatran\n|-resisted|p1a: Heatran\n|-damage|p1a: Heatran|96\/100 par\n|\n|-heal|p1a: Heatran|100\/100 par|[from] item: Leftovers\n|upkeep\n|turn|21\n|\n|t:|1699995594\n|switch|p2a: Charizard|Charizard, M, shiny, tera:Ground|100\/100\n|move|p1a: Heatran|Magma Storm|p2a: Charizard|[miss]\n|-miss|p1a: Heatran|p2a: Charizard\n|\n|upkeep\n|turn|22\n|\n|t:|1699995602\n|switch|p1a: Brambleghast|Brambleghast, F|99\/100\n|move|p2a: Charizard|Tera Blast|p1a: Brambleghast|[anim] Tera Blast Ground\n|-resisted|p1a: Brambleghast\n|-damage|p1a: Brambleghast|63\/100\n|\n|-heal|p1a: Brambleghast|69\/100|[from] item: Leftovers\n|upkeep\n|turn|23\n|\n|t:|1699995605\n|move|p2a: Charizard|Fire Blast|p1a: Brambleghast|[miss]\n|-miss|p2a: Charizard|p1a: Brambleghast\n|move|p1a: Brambleghast|Leaf Storm|p2a: Charizard\n|-supereffective|p2a: Charizard\n|-damage|p2a: Charizard|2\/100\n|-unboost|p1a: Brambleghast|spa|2\n|\n|-heal|p1a: Brambleghast|75\/100|[from] item: Leftovers\n|upkeep\n|turn|24\n|\n|t:|1699995608\n|move|p2a: Charizard|Fire Blast|p1a: Brambleghast\n|-supereffective|p1a: Brambleghast\n|-damage|p1a: Brambleghast|0 fnt\n|faint|p1a: Brambleghast\n|\n|upkeep\n|\n|t:|1699995611\n|switch|p1a: Samurott|Samurott-Hisui, F|48\/100\n|turn|25\n|\n|t:|1699995616\n|move|p1a: Samurott|Ceaseless Edge|p2a: Charizard\n|-damage|p2a: Charizard|0 fnt\n|-sidestart|p2: Jiarias|Spikes\n|faint|p2a: Charizard\n|\n|upkeep\n|\n|t:|1699995621\n|switch|p2a: Articuno|Articuno|100\/100\n|-ability|p2a: Articuno|Pressure\n|turn|26\n|\n|t:|1699995624\n|switch|p1a: Heatran|Heatran, F|100\/100 par\n|move|p2a: Articuno|Freeze-Dry|p1a: Heatran\n|-resisted|p1a: Heatran\n|-damage|p1a: Heatran|96\/100 par\n|\n|-heal|p1a: Heatran|100\/100 par|[from] item: Leftovers\n|upkeep\n|turn|27\n|\n|t:|1699995629\n|switch|p2a: Raichu|Raichu, F|100\/100\n|-damage|p2a: Raichu|88\/100|[from] Stealth Rock\n|-damage|p2a: Raichu|76\/100|[from] Spikes\n|cant|p1a: Heatran|par\n|\n|upkeep\n|turn|28\n|\n|t:|1699995638\n|move|p2a: Raichu|Focus Blast|p1a: Heatran\n|-supereffective|p1a: Heatran\n|-damage|p1a: Heatran|63\/100 par\n|move|p1a: Heatran|Magma Storm|p2a: Raichu\n|-damage|p2a: Raichu|8\/100\n|-activate|p2a: Raichu|move: Magma Storm|[of] p1a: Heatran\n|\n|-heal|p1a: Heatran|69\/100 par|[from] item: Leftovers\n|-damage|p2a: Raichu|0 fnt|[from] move: Magma Storm|[partiallytrapped]\n|faint|p2a: Raichu\n|upkeep\n|\n|t:|1699995642\n|switch|p2a: Slowbro|Slowbro-Galar, F|100\/100\n|-damage|p2a: Slowbro|88\/100|[from] Stealth Rock\n|-damage|p2a: Slowbro|76\/100|[from] Spikes\n|turn|29\n|-activate|p2a: Slowbro|item: Quick Claw\n|\n|t:|1699995648\n|move|p2a: Slowbro|Nasty Plot|p2a: Slowbro\n|-boost|p2a: Slowbro|spa|2\n|cant|p1a: Heatran|par\n|\n|-heal|p1a: Heatran|75\/100 par|[from] item: Leftovers\n|upkeep\n|turn|30\n|-activate|p2a: Slowbro|ability: Quick Draw\n|\n|t:|1699995653\n|move|p2a: Slowbro|Psychic|p1a: Heatran\n|-resisted|p1a: Heatran\n|-damage|p1a: Heatran|49\/100 par\n|move|p1a: Heatran|Magma Storm|p2a: Slowbro\n|-damage|p2a: Slowbro|22\/100\n|-activate|p2a: Slowbro|move: Magma Storm|[of] p1a: Heatran\n|\n|-heal|p1a: Heatran|55\/100 par|[from] item: Leftovers\n|-damage|p2a: Slowbro|10\/100|[from] move: Magma Storm|[partiallytrapped]\n|upkeep\n|turn|31\n|\n|t:|1699995657\n|cant|p1a: Heatran|par\n|move|p2a: Slowbro|Psychic|p1a: Heatran\n|-resisted|p1a: Heatran\n|-damage|p1a: Heatran|28\/100 par\n|\n|-heal|p1a: Heatran|35\/100 par|[from] item: Leftovers\n|-damage|p2a: Slowbro|0 fnt|[from] move: Magma Storm|[partiallytrapped]\n|faint|p2a: Slowbro\n|upkeep\n|\n|t:|1699995662\n|switch|p2a: Articuno|Articuno|100\/100\n|-ability|p2a: Articuno|Pressure\n|turn|32\n|\n|t:|1699995666\n|move|p2a: Articuno|Hurricane|p1a: Heatran\n|-resisted|p1a: Heatran\n|-damage|p1a: Heatran|20\/100 par\n|move|p1a: Heatran|Will-O-Wisp|p2a: Articuno\n|-status|p2a: Articuno|brn\n|\n|-heal|p1a: Heatran|26\/100 par|[from] item: Leftovers\n|-damage|p2a: Articuno|94\/100 brn|[from] brn\n|upkeep\n|turn|33\n|\n|t:|1699995669\n|move|p1a: Heatran|Protect|p1a: Heatran\n|-singleturn|p1a: Heatran|Protect\n|move|p2a: Articuno|Hurricane|p1a: Heatran\n|-activate|p1a: Heatran|move: Protect\n|\n|-heal|p1a: Heatran|32\/100 par|[from] item: Leftovers\n|-damage|p2a: Articuno|88\/100 brn|[from] brn\n|upkeep\n|turn|34\n|\n|t:|1699995674\n|switch|p1a: Samurott|Samurott-Hisui, F|48\/100\n|move|p2a: Articuno|Hurricane|p1a: Samurott|[miss]\n|-miss|p2a: Articuno|p1a: Samurott\n|\n|-damage|p2a: Articuno|82\/100 brn|[from] brn\n|upkeep\n|turn|35\n|\n|t:|1699995678\n|move|p1a: Samurott|Razor Shell|p2a: Articuno\n|-damage|p2a: Articuno|30\/100 brn\n|move|p2a: Articuno|Hurricane|p1a: Samurott|[miss]\n|-miss|p2a: Articuno|p1a: Samurott\n|\n|-damage|p2a: Articuno|24\/100 brn|[from] brn\n|upkeep\n|turn|36\n|\n|t:|1699995681\n|move|p1a: Samurott|Razor Shell|p2a: Articuno\n|-damage|p2a: Articuno|0 fnt\n|faint|p2a: Articuno\n|\n|upkeep\n|\n|t:|1699995682\n|switch|p2a: Clefable|Clefable, F, shiny|78\/100 brn\n|-damage|p2a: Clefable|66\/100 brn|[from] Stealth Rock\n|-damage|p2a: Clefable|53\/100 brn|[from] Spikes\n|turn|37\n|\n|t:|1699995684\n|move|p1a: Samurott|Razor Shell|p2a: Clefable\n|-damage|p2a: Clefable|0 fnt\n|faint|p2a: Clefable\n|\n|win|TacoSmellsLikePiss\n|raw|TacoSmellsLikePiss's rating: 1224 &rarr; <strong>1244<\/strong><br \/>(+20 for winning)\n|raw|Jiarias's rating: 1156 &rarr; <strong>1136<\/strong><br \/>(-20 for losing)\n","uploadtime":1699995688,"views":9,"p1id":"tacosmellslikepiss","p2id":"jiarias","formatid":"gen9ou","rating":1136,"private":0,"password":""}