{"id":"gen9ou-1994086978","p1":"Garou&Gyats","p2":"sonnymew","format":"[Gen 9] OU","log":"|j|\u2606Garou&Gyats\n|j|\u2606sonnymew\n|t:|1700405169\n|gametype|singles\n|player|p1|Garou&Gyats|lance|\n|player|p2|sonnymew|red|\n|teamsize|p1|6\n|teamsize|p2|6\n|gen|9\n|tier|[Gen 9] OU\n|rule|Sleep Clause Mod: Limit one foe put to sleep\n|rule|Species Clause: Limit one of each Pok\u00e9mon\n|rule|OHKO Clause: OHKO moves are banned\n|rule|Evasion Items Clause: Evasion items are banned\n|rule|Evasion Moves Clause: Evasion moves are banned\n|rule|Endless Battle Clause: Forcing endless battles is banned\n|rule|HP Percentage Mod: HP is shown in percentages\n|clearpoke\n|poke|p1|Arcanine-Hisui, M|\n|poke|p1|Slither Wing|\n|poke|p1|Talonflame, F|\n|poke|p1|Moltres-Galar|\n|poke|p1|Maushold|\n|poke|p1|Wo-Chien|\n|poke|p2|Ribombee, F|\n|poke|p2|Gholdengo|\n|poke|p2|Manaphy|\n|poke|p2|Dragapult, F|\n|poke|p2|Great Tusk|\n|poke|p2|Thundurus-Therian, M|\n|teampreview\n|inactive|Battle timer is ON: inactive players will automatically lose when time's up. (requested by sonnymew)\n|j| Glitched#Chester\n|j| ExLight\n|c| Glitched#Chester|Yo\n|c|\u2606Garou&Gyats|Glhf kid\n|c| ExLight|is this garou dude always this stupid\n|\n|t:|1700405195\n|start\n|switch|p1a: REAL RODAN|Talonflame, F|100\/100\n|switch|p2a: Ribombee|Ribombee, F|100\/100\n|turn|1\n|\n|t:|1700405212\n|move|p1a: REAL RODAN|Dual Wingbeat|p2a: Ribombee\n|-supereffective|p2a: Ribombee\n|-damage|p2a: Ribombee|38\/100\n|-supereffective|p2a: Ribombee\n|-damage|p2a: Ribombee|0 fnt\n|faint|p2a: Ribombee\n|-hitcount|p2: Ribombee|2\n|\n|upkeep\n|c|\u2606Garou&Gyats|Predictable\n|\n|t:|1700405228\n|switch|p2a: Thundurus|Thundurus-Therian, M|100\/100\n|turn|2\n|c|\u2606Garou&Gyats|Also who tf is exlight?\n|c|\u2606Garou&Gyats|He a friend of yours\n|c|\u2606sonnymew|???\n|c|\u2606Garou&Gyats|Don't remember him being part of the battle\n|\n|t:|1700405245\n|switch|p1a: Wo-Chien|Wo-Chien|100\/100\n|-ability|p1a: Wo-Chien|Tablets of Ruin\n|move|p2a: Thundurus|Volt Switch|p1a: Wo-Chien\n|-resisted|p1a: Wo-Chien\n|-damage|p1a: Wo-Chien|84\/100\n|c|\u2606sonnymew|why do you need to have this kind of attitude\n|\n|t:|1700405258\n|switch|p2a: Gholdengo|Gholdengo|100\/100|[from] Volt Switch\n|-item|p2a: Gholdengo|Air Balloon\n|\n|-heal|p1a: Wo-Chien|90\/100|[from] item: Leftovers\n|upkeep\n|turn|3\n|c|\u2606Garou&Gyats|Bc\n|c|\u2606Garou&Gyats|I'm Zacious\n|c|\u2606Garou&Gyats|You may remember me\n|\n|t:|1700405274\n|move|p2a: Gholdengo|Nasty Plot|p2a: Gholdengo\n|-boost|p2a: Gholdengo|spa|2\n|move|p1a: Wo-Chien|Leech Seed|p2a: Gholdengo\n|-immune|p2a: Gholdengo|[from] ability: Good as Gold\n|\n|-heal|p1a: Wo-Chien|96\/100|[from] item: Leftovers\n|upkeep\n|turn|4\n|c|\u2606Garou&Gyats|Shit\n|c| ExLight|lmfao imagine using leech seed on gholdengo\n|\n|t:|1700405285\n|move|p2a: Gholdengo|Make It Rain|p1a: Wo-Chien\n|-damage|p1a: Wo-Chien|29\/100\n|-unboost|p2a: Gholdengo|spa|1\n|move|p1a: Wo-Chien|Ruination|p2a: Gholdengo\n|-damage|p2a: Gholdengo|51\/100\n|-enditem|p2a: Gholdengo|Air Balloon\n|\n|-heal|p1a: Wo-Chien|35\/100|[from] item: Leftovers\n|upkeep\n|turn|5\n|c|\u2606Garou&Gyats|I forgot\n|c|\u2606Garou&Gyats|Stfu kid\n|\n|t:|1700405302\n|switch|p1a: REAL RODAN|Talonflame, F|100\/100\n|move|p2a: Gholdengo|Make It Rain|p1a: REAL RODAN\n|-resisted|p1a: REAL RODAN\n|-damage|p1a: REAL RODAN|32\/100\n|-unboost|p2a: Gholdengo|spa|1\n|\n|upkeep\n|turn|6\n|\n|t:|1700405315\n|switch|p2a: Manaphy|Manaphy|100\/100\n|move|p1a: REAL RODAN|Flare Blitz|p2a: Manaphy\n|-resisted|p2a: Manaphy\n|-damage|p2a: Manaphy|78\/100\n|-damage|p1a: REAL RODAN|23\/100|[from] Recoil\n|\n|-heal|p2a: Manaphy|84\/100|[from] item: Leftovers\n|upkeep\n|turn|7\n|c| ExLight|my man you're over there jerking yourself over losing to people in a kids game\n|c|\u2606sonnymew|playing two battles at once is pain\n|\n|t:|1700405327\n|switch|p1a: Wo-Chien|Wo-Chien|35\/100\n|-ability|p1a: Wo-Chien|Tablets of Ruin\n|move|p2a: Manaphy|Tail Glow|p2a: Manaphy\n|-boost|p2a: Manaphy|spa|3\n|\n|-heal|p2a: Manaphy|90\/100|[from] item: Leftovers\n|-heal|p1a: Wo-Chien|41\/100|[from] item: Leftovers\n|upkeep\n|turn|8\n|c| ExLight|get a life lmao\n|c|\u2606Garou&Gyats|Huh\n|c|\u2606Garou&Gyats|Who are you\n|c|\u2606Garou&Gyats|Are you in the server\n|\n|t:|1700405342\n|move|p2a: Manaphy|Ice Beam|p1a: Wo-Chien\n|-supereffective|p1a: Wo-Chien\n|-damage|p1a: Wo-Chien|0 fnt\n|faint|p1a: Wo-Chien\n|\n|-heal|p2a: Manaphy|96\/100|[from] item: Leftovers\n|upkeep\n|\n|t:|1700405352\n|switch|p1a: Lil Moth|Slither Wing|100\/100\n|-enditem|p1a: Lil Moth|Booster Energy\n|-activate|p1a: Lil Moth|ability: Protosynthesis|[fromitem]\n|-start|p1a: Lil Moth|protosynthesisatk\n|turn|9\n|\n|t:|1700405371\n|move|p2a: Manaphy|Surf|p1a: Lil Moth\n|-damage|p1a: Lil Moth|0 fnt\n|faint|p1a: Lil Moth\n|-end|p1a: Lil Moth|Protosynthesis|[silent]\n|\n|-heal|p2a: Manaphy|100\/100|[from] item: Leftovers\n|upkeep\n|\n|t:|1700405380\n|switch|p1a: burn them furries|Arcanine-Hisui, M|100\/100\n|-ability|p1a: burn them furries|Intimidate|boost\n|-unboost|p2a: Manaphy|atk|1\n|turn|10\n|\n|t:|1700405383\n|-terastallize|p1a: burn them furries|Grass\n|move|p1a: burn them furries|Wild Charge|p2a: Manaphy\n|-supereffective|p2a: Manaphy\n|-damage|p2a: Manaphy|42\/100\n|-damage|p1a: burn them furries|85\/100|[from] Recoil\n|move|p2a: Manaphy|Surf|p1a: burn them furries\n|-resisted|p1a: burn them furries\n|-damage|p1a: burn them furries|29\/100\n|\n|-heal|p2a: Manaphy|49\/100|[from] item: Leftovers\n|upkeep\n|turn|11\n|\n|t:|1700405392\n|-terastallize|p2a: Manaphy|Electric\n|move|p1a: burn them furries|Wild Charge|p2a: Manaphy\n|-resisted|p2a: Manaphy\n|-damage|p2a: Manaphy|33\/100\n|-damage|p1a: burn them furries|25\/100|[from] Recoil\n|move|p2a: Manaphy|Ice Beam|p1a: burn them furries\n|-supereffective|p1a: burn them furries\n|-damage|p1a: burn them furries|0 fnt\n|faint|p1a: burn them furries\n|\n|-heal|p2a: Manaphy|40\/100|[from] item: Leftovers\n|upkeep\n|\n|t:|1700405402\n|switch|p1a: Maushold|Maushold|100\/100\n|turn|12\n|\n|t:|1700405411\n|move|p1a: Maushold|Population Bomb|p2a: Manaphy\n|-damage|p2a: Manaphy|29\/100\n|-damage|p2a: Manaphy|18\/100\n|-damage|p2a: Manaphy|7\/100\n|-damage|p2a: Manaphy|0 fnt\n|faint|p2a: Manaphy\n|-hitcount|p2: Manaphy|4\n|\n|upkeep\n|\n|t:|1700405416\n|switch|p2a: Dragapult|Dragapult, F|100\/100\n|turn|13\n|\n|t:|1700405420\n|switch|p1a: REAL RODAN|Talonflame, F|23\/100\n|move|p2a: Dragapult|Dragon Darts|p1a: REAL RODAN\n|-damage|p1a: REAL RODAN|0 fnt\n|faint|p1a: REAL RODAN\n|\n|upkeep\n|c|\u2606Garou&Gyats|Ok so uh\n|c|\u2606Garou&Gyats|I forgot rock head \ud83d\ude2d\n|c|\u2606Garou&Gyats|On the arc\n|\n|t:|1700405432\n|switch|p1a: Boros|Moltres-Galar|100\/100\n|turn|14\n|\n|t:|1700405438\n|switch|p2a: Gholdengo|Gholdengo|51\/100\n|move|p1a: Boros|Agility|p1a: Boros\n|-boost|p1a: Boros|spe|2\n|\n|upkeep\n|turn|15\n|\n|t:|1700405444\n|move|p1a: Boros|Fiery Wrath|p2a: Gholdengo\n|-supereffective|p2a: Gholdengo\n|-damage|p2a: Gholdengo|0 fnt\n|faint|p2a: Gholdengo\n|\n|upkeep\n|\n|t:|1700405446\n|switch|p2a: Thundurus|Thundurus-Therian, M|100\/100\n|turn|16\n|\n|t:|1700405451\n|switch|p1a: Maushold|Maushold|100\/100\n|move|p2a: Thundurus|Thunderbolt|p1a: Maushold\n|-damage|p1a: Maushold|0 fnt\n|faint|p1a: Maushold\n|\n|upkeep\n|c|\u2606Garou&Gyats|Ok\n|c|\u2606Garou&Gyats|I actually lose\n|\n|t:|1700405459\n|switch|p1a: Boros|Moltres-Galar|100\/100\n|turn|17\n|\n|t:|1700405467\n|move|p2a: Thundurus|Thunderbolt|p1a: Boros\n|-supereffective|p1a: Boros\n|-damage|p1a: Boros|0 fnt\n|faint|p1a: Boros\n|\n|win|sonnymew\n|c|\u2606Garou&Gyats|Fuc\n|c|\u2606Garou&Gyats|Why'd I forget rock head\n|c|\u2606sonnymew|i love thunderus\n|c|\u2606Garou&Gyats|I'm so rusty\n|c|\u2606Garou&Gyats|Ggs I guess\n|c| Glitched#Chester|Bro\n|c| Glitched#Chester|You said you'd win\n|c|\u2606Garou&Gyats|I'm rusty\n|c|\u2606Garou&Gyats|I'm leaving this shit\n|l|\u2606Garou&Gyats\n|l| Glitched#Chester\n","uploadtime":1700405541,"views":24,"p1id":"garougyats","p2id":"sonnymew","formatid":"gen9ou","rating":0,"private":0,"password":""}