{"id":"gen9ou-1995115771","p1":"Iknowup","p2":"A Pimp Named Kata","format":"[Gen 9] OU","log":"|j|\u2606Iknowup\n|j|\u2606A Pimp Named Kata\n|t:|1700524286\n|gametype|singles\n|player|p1|Iknowup|102|\n|player|p2|A Pimp Named Kata|hiker-gen4|\n|teamsize|p1|6\n|teamsize|p2|6\n|gen|9\n|tier|[Gen 9] OU\n|rule|Sleep Clause Mod: Limit one foe put to sleep\n|rule|Species Clause: Limit one of each Pok\u00e9mon\n|rule|OHKO Clause: OHKO moves are banned\n|rule|Evasion Items Clause: Evasion items are banned\n|rule|Evasion Moves Clause: Evasion moves are banned\n|rule|Endless Battle Clause: Forcing endless battles is banned\n|rule|HP Percentage Mod: HP is shown in percentages\n|clearpoke\n|poke|p1|Toxapex, F|\n|poke|p1|Mandibuzz, F|\n|poke|p1|Tinkaton, F|\n|poke|p1|Heracross, M|\n|poke|p1|Electrode|\n|poke|p1|Scovillain, F|\n|poke|p2|Kingambit, M|\n|poke|p2|Ogerpon-Wellspring, F|\n|poke|p2|Gholdengo|\n|poke|p2|Ribombee, F|\n|poke|p2|Great Tusk|\n|poke|p2|Iron Moth|\n|teampreview\n|c|\u2606A Pimp Named Kata|Ive seen this team on random mons\n|c|\u2606Iknowup|Lmao\n|\n|t:|1700524311\n|start\n|switch|p1a: PU|Electrode|100\/100\n|switch|p2a: Iron Moth|Iron Moth|100\/100\n|-enditem|p2a: Iron Moth|Booster Energy\n|-activate|p2a: Iron Moth|ability: Quark Drive|[fromitem]\n|-start|p2a: Iron Moth|quarkdrivespe\n|turn|1\n|\n|t:|1700524338\n|switch|p1a: OU|Toxapex, F, shiny|100\/100\n|move|p2a: Iron Moth|Fiery Dance|p1a: OU\n|-resisted|p1a: OU\n|-damage|p1a: OU|86\/100\n|\n|-heal|p1a: OU|92\/100|[from] item: Black Sludge\n|upkeep\n|turn|2\n|\n|t:|1700524350\n|-terastallize|p2a: Iron Moth|Psychic\n|move|p2a: Iron Moth|Psychic|p1a: OU\n|-supereffective|p1a: OU\n|-damage|p1a: OU|24\/100\n|move|p1a: OU|Toxic|p2a: Iron Moth\n|-status|p2a: Iron Moth|tox\n|\n|-heal|p1a: OU|30\/100|[from] item: Black Sludge\n|-damage|p2a: Iron Moth|95\/100 tox|[from] psn\n|upkeep\n|turn|3\n|\n|t:|1700524363\n|switch|p1a: UU|Mandibuzz, F|100\/100\n|move|p2a: Iron Moth|Psychic|p1a: UU\n|-immune|p1a: UU\n|\n|-damage|p2a: Iron Moth|83\/100 tox|[from] psn\n|upkeep\n|turn|4\n|\n|t:|1700524374\n|move|p2a: Iron Moth|Fiery Dance|p1a: UU\n|-damage|p1a: UU|76\/100\n|-boost|p2a: Iron Moth|spa|1\n|move|p1a: UU|Foul Play|p2a: Iron Moth\n|-supereffective|p2a: Iron Moth\n|-damage|p2a: Iron Moth|30\/100 tox\n|\n|-damage|p2a: Iron Moth|12\/100 tox|[from] psn\n|upkeep\n|turn|5\n|\n|t:|1700524385\n|move|p2a: Iron Moth|Sludge Wave|p1a: UU\n|-damage|p1a: UU|30\/100\n|move|p1a: UU|Roost|p1a: UU\n|-heal|p1a: UU|80\/100\n|-singleturn|p1a: UU|move: Roost\n|\n|-damage|p2a: Iron Moth|0 fnt|[from] psn\n|faint|p2a: Iron Moth\n|-end|p2a: Iron Moth|Quark Drive|[silent]\n|upkeep\n|\n|t:|1700524399\n|switch|p2a: Ribombee|Ribombee, F|100\/100\n|turn|6\n|\n|t:|1700524411\n|switch|p1a: OU|Toxapex, F, shiny|64\/100\n|move|p2a: Ribombee|Moonblast|p1a: OU\n|-resisted|p1a: OU\n|-damage|p1a: OU|47\/100\n|\n|-heal|p1a: OU|53\/100|[from] item: Black Sludge\n|upkeep\n|turn|7\n|\n|t:|1700524431\n|switch|p2a: Gholdengo|Gholdengo|100\/100\n|-item|p2a: Gholdengo|Air Balloon\n|move|p1a: OU|Toxic|p2a: Gholdengo\n|-immune|p2a: Gholdengo|[from] ability: Good as Gold\n|\n|-heal|p1a: OU|59\/100|[from] item: Black Sludge\n|upkeep\n|turn|8\n|\n|t:|1700524464\n|switch|p1a: PU|Electrode|100\/100\n|move|p2a: Gholdengo|Nasty Plot|p2a: Gholdengo\n|-boost|p2a: Gholdengo|spa|2\n|\n|upkeep\n|turn|9\n|\n|t:|1700524489\n|-terastallize|p1a: PU|Electric\n|move|p1a: PU|Volt Switch|p2a: Gholdengo\n|-damage|p2a: Gholdengo|63\/100\n|-enditem|p2a: Gholdengo|Air Balloon\n|\n|t:|1700524495\n|switch|p1a: UU|Mandibuzz, F|80\/100|[from] Volt Switch\n|move|p2a: Gholdengo|Shadow Ball|p1a: UU\n|-resisted|p1a: UU\n|-damage|p1a: UU|53\/100\n|-unboost|p1a: UU|spd|1\n|\n|upkeep\n|turn|10\n|\n|t:|1700524525\n|switch|p1a: OU|Toxapex, F, shiny|93\/100\n|move|p2a: Gholdengo|Make It Rain|p1a: OU\n|-resisted|p1a: OU\n|-damage|p1a: OU|39\/100\n|-unboost|p2a: Gholdengo|spa|1\n|\n|-heal|p1a: OU|45\/100|[from] item: Black Sludge\n|upkeep\n|turn|11\n|\n|t:|1700524538\n|switch|p1a: PU|Electrode, tera:Electric|100\/100\n|move|p2a: Gholdengo|Nasty Plot|p2a: Gholdengo\n|-boost|p2a: Gholdengo|spa|2\n|\n|upkeep\n|turn|12\n|\n|t:|1700524550\n|move|p1a: PU|Volt Switch|p2a: Gholdengo\n|-damage|p2a: Gholdengo|24\/100\n|\n|t:|1700524554\n|switch|p1a: RU|Tinkaton, F|100\/100|[from] Volt Switch\n|move|p2a: Gholdengo|Make It Rain|p1a: RU\n|-damage|p1a: RU|0 fnt\n|-unboost|p2a: Gholdengo|spa|1\n|faint|p1a: RU\n|\n|upkeep\n|\n|t:|1700524565\n|switch|p1a: NU|Heracross, M|100\/100\n|turn|13\n|\n|t:|1700524584\n|move|p1a: NU|Knock Off|p2a: Gholdengo\n|-supereffective|p2a: Gholdengo\n|-damage|p2a: Gholdengo|0 fnt\n|faint|p2a: Gholdengo\n|\n|-status|p1a: NU|brn|[from] item: Flame Orb\n|upkeep\n|\n|t:|1700524596\n|switch|p2a: Ogerpon|Ogerpon-Wellspring, F|100\/100\n|turn|14\n|\n|t:|1700524607\n|move|p2a: Ogerpon|Encore|p1a: NU\n|-start|p1a: NU|Encore\n|move|p1a: NU|Knock Off|p2a: Ogerpon\n|-damage|p2a: Ogerpon|60\/100\n|\n|-damage|p1a: NU|95\/100 brn|[from] brn\n|upkeep\n|turn|15\n|\n|t:|1700524632\n|switch|p1a: OU|Toxapex, F, shiny|78\/100\n|move|p2a: Ogerpon|Swords Dance|p2a: Ogerpon\n|-boost|p2a: Ogerpon|atk|2\n|\n|-heal|p1a: OU|85\/100|[from] item: Black Sludge\n|upkeep\n|turn|16\n|\n|t:|1700524643\n|move|p2a: Ogerpon|Power Whip|p1a: OU\n|-damage|p1a: OU|0 fnt\n|faint|p1a: OU\n|\n|upkeep\n|\n|t:|1700524651\n|switch|p1a: PU|Electrode, tera:Electric|100\/100\n|turn|17\n|c|\u2606A Pimp Named Kata|RAAAAAAAA\n|c|\u2606A Pimp Named Kata|HATE THAT THING\n|\n|t:|1700524661\n|move|p1a: PU|Thunderbolt|p2a: Ogerpon\n|-damage|p2a: Ogerpon|6\/100\n|move|p2a: Ogerpon|Ivy Cudgel|p1a: PU|[anim] Ivy Cudgel Water\n|-damage|p1a: PU|0 fnt\n|faint|p1a: PU\n|\n|upkeep\n|\n|t:|1700524668\n|switch|p1a: UU|Mandibuzz, F|53\/100\n|turn|18\n|c|\u2606Iknowup|Oh gg I think\n|c|\u2606A Pimp Named Kata|I think\n|c|\u2606Iknowup|I didn't know electrode was that ass\n|c|\u2606A Pimp Named Kata|Lmao\n|\n|t:|1700524700\n|move|p2a: Ogerpon|Ivy Cudgel|p1a: UU|[anim] Ivy Cudgel Water\n|-damage|p1a: UU|0 fnt\n|faint|p1a: UU\n|\n|upkeep\n|\n|t:|1700524704\n|switch|p1a: ZU|Scovillain, F|100\/100\n|turn|19\n|\n|t:|1700524711\n|move|p2a: Ogerpon|Ivy Cudgel|p1a: ZU|[anim] Ivy Cudgel Water\n|-damage|p1a: ZU|0 fnt\n|faint|p1a: ZU\n|\n|upkeep\n|\n|t:|1700524715\n|switch|p1a: NU|Heracross, M|95\/100 brn\n|turn|20\n|\n|t:|1700524718\n|move|p2a: Ogerpon|Ivy Cudgel|p1a: NU|[anim] Ivy Cudgel Water\n|-damage|p1a: NU|0 fnt\n|faint|p1a: NU\n|\n|win|A Pimp Named Kata\n","uploadtime":1700524726,"views":5,"p1id":"iknowup","p2id":"apimpnamedkata","formatid":"gen9ou","rating":0,"private":0,"password":""}