{"id":"gen9ou-1996603294","p1":"del water gap","p2":"localdealerr","format":"[Gen 9] OU","log":"|j|\u2606del water gap\n|j|\u2606localdealerr\n|t:|1700699455\n|gametype|singles\n|player|p1|del water gap|acetrainersnowf|1639\n|player|p2|localdealerr|102|1768\n|teamsize|p1|6\n|teamsize|p2|6\n|gen|9\n|tier|[Gen 9] OU\n|rated|\n|rule|Sleep Clause Mod: Limit one foe put to sleep\n|rule|Species Clause: Limit one of each Pok\u00e9mon\n|rule|OHKO Clause: OHKO moves are banned\n|rule|Evasion Items Clause: Evasion items are banned\n|rule|Evasion Moves Clause: Evasion moves are banned\n|rule|Endless Battle Clause: Forcing endless battles is banned\n|rule|HP Percentage Mod: HP is shown in percentages\n|clearpoke\n|poke|p1|Tinkaton, F|\n|poke|p1|Landorus-Therian, M|\n|poke|p1|Slowking-Galar, M|\n|poke|p1|Dragonite, F|\n|poke|p1|Meowscarada, F|\n|poke|p1|Dragapult, M|\n|poke|p2|Glimmora, M|\n|poke|p2|Ogerpon-Wellspring, F|\n|poke|p2|Great Tusk|\n|poke|p2|Gholdengo|\n|poke|p2|Kingambit, F|\n|poke|p2|Zapdos|\n|teampreview\n|j| Queijolol\n|l| Queijolol\n|\n|t:|1700699493\n|start\n|switch|p1a: Tinkaton|Tinkaton, F|100\/100\n|switch|p2a: big bird.|Zapdos|100\/100\n|-ability|p1a: Tinkaton|Mold Breaker\n|-item|p1a: Tinkaton|Air Balloon\n|turn|1\n|\n|t:|1700699497\n|switch|p1a: Slowking|Slowking-Galar, M|100\/100\n|move|p2a: big bird.|Heat Wave|p1a: Slowking\n|-damage|p1a: Slowking|80\/100\n|\n|upkeep\n|turn|2\n|\n|t:|1700699503\n|move|p2a: big bird.|U-turn|p1a: Slowking\n|-damage|p1a: Slowking|70\/100\n|\n|t:|1700699506\n|switch|p2a: freebandgang.|Gholdengo|100\/100|[from] U-turn\n|move|p1a: Slowking|Chilly Reception|p1a: Slowking\n|-weather|Snow\n|\n|t:|1700699515\n|switch|p1a: Landorus|Landorus-Therian, M|100\/100|[from] Chilly Reception\n|-ability|p1a: Landorus|Intimidate|boost\n|-unboost|p2a: freebandgang.|atk|1\n|\n|-weather|Snow|[upkeep]\n|upkeep\n|turn|3\n|\n|t:|1700699521\n|switch|p2a: big bird.|Zapdos|100\/100\n|move|p1a: Landorus|Stealth Rock|p2a: big bird.\n|-sidestart|p2: localdealerr|move: Stealth Rock\n|\n|-weather|Snow|[upkeep]\n|upkeep\n|turn|4\n|\n|t:|1700699528\n|switch|p1a: Slowking|Slowking-Galar, M|100\/100\n|move|p2a: big bird.|Discharge|p1a: Slowking\n|-damage|p1a: Slowking|77\/100\n|-status|p1a: Slowking|par\n|\n|-weather|Snow|[upkeep]\n|upkeep\n|turn|5\n|\n|t:|1700699539\n|move|p2a: big bird.|Discharge|p1a: Slowking\n|-damage|p1a: Slowking|52\/100 par\n|move|p1a: Slowking|Chilly Reception|p1a: Slowking\n|\n|t:|1700699545\n|switch|p1a: Dragapult|Dragapult, M|100\/100|[from] Chilly Reception\n|\n|-weather|Snow|[upkeep]\n|upkeep\n|turn|6\n|\n|t:|1700699559\n|move|p1a: Dragapult|Will-O-Wisp|p2a: big bird.\n|-status|p2a: big bird.|brn\n|move|p2a: big bird.|Discharge|p1a: Dragapult\n|-resisted|p1a: Dragapult\n|-damage|p1a: Dragapult|77\/100\n|\n|-weather|none\n|-damage|p2a: big bird.|94\/100 brn|[from] brn\n|upkeep\n|turn|7\n|\n|t:|1700699575\n|switch|p1a: Slowking|Slowking-Galar, M|85\/100 par\n|switch|p2a: skillgambit.|Kingambit, F|100\/100\n|-damage|p2a: skillgambit.|94\/100|[from] Stealth Rock\n|\n|upkeep\n|turn|8\n|\n|t:|1700699591\n|switch|p1a: Landorus|Landorus-Therian, M|100\/100\n|-ability|p1a: Landorus|Intimidate|boost\n|-unboost|p2a: skillgambit.|atk|1\n|move|p2a: skillgambit.|Swords Dance|p2a: skillgambit.\n|-boost|p2a: skillgambit.|atk|2\n|\n|upkeep\n|turn|9\n|\n|t:|1700699598\n|move|p2a: skillgambit.|Sucker Punch|p1a: Landorus\n|-damage|p1a: Landorus|41\/100\n|move|p1a: Landorus|Earthquake|p2a: skillgambit.\n|-supereffective|p2a: skillgambit.\n|-damage|p2a: skillgambit.|18\/100\n|\n|-heal|p1a: Landorus|47\/100|[from] item: Leftovers\n|upkeep\n|turn|10\n|\n|t:|1700699612\n|move|p1a: Landorus|Earthquake|p2a: skillgambit.\n|-supereffective|p2a: skillgambit.\n|-damage|p2a: skillgambit.|0 fnt\n|faint|p2a: skillgambit.\n|-end|p2a: skillgambit.|fallenundefined|[silent]\n|\n|-heal|p1a: Landorus|53\/100|[from] item: Leftovers\n|upkeep\n|\n|t:|1700699620\n|switch|p2a: 2 twin tusks.|Great Tusk|100\/100\n|-damage|p2a: 2 twin tusks.|98\/100|[from] Stealth Rock\n|-enditem|p2a: 2 twin tusks.|Booster Energy\n|-activate|p2a: 2 twin tusks.|ability: Protosynthesis|[fromitem]\n|-start|p2a: 2 twin tusks.|protosynthesisspe\n|turn|11\n|\n|t:|1700699626\n|move|p2a: 2 twin tusks.|Bulk Up|p2a: 2 twin tusks.\n|-boost|p2a: 2 twin tusks.|atk|1\n|-boost|p2a: 2 twin tusks.|def|1\n|move|p1a: Landorus|Grass Knot|p2a: 2 twin tusks.\n|-supereffective|p2a: 2 twin tusks.\n|-damage|p2a: 2 twin tusks.|27\/100\n|\n|-heal|p1a: Landorus|59\/100|[from] item: Leftovers\n|upkeep\n|turn|12\n|\n|t:|1700699630\n|move|p2a: 2 twin tusks.|Ice Spinner|p1a: Landorus\n|-supereffective|p1a: Landorus\n|-damage|p1a: Landorus|0 fnt\n|faint|p1a: Landorus\n|\n|upkeep\n|\n|t:|1700699673\n|switch|p1a: Dragonite|Dragonite, F|100\/100\n|turn|13\n|\n|t:|1700699678\n|-terastallize|p1a: Dragonite|Normal\n|move|p2a: 2 twin tusks.|Rapid Spin|p1a: Dragonite\n|-damage|p1a: Dragonite|88\/100\n|-boost|p2a: 2 twin tusks.|spe|1\n|-sideend|p2: localdealerr|Stealth Rock|[from] move: Rapid Spin|[of] p2a: 2 twin tusks.\n|move|p1a: Dragonite|Dragon Dance|p1a: Dragonite\n|-boost|p1a: Dragonite|atk|1\n|-boost|p1a: Dragonite|spe|1\n|\n|upkeep\n|turn|14\n|\n|t:|1700699683\n|move|p1a: Dragonite|Extreme Speed|p2a: 2 twin tusks.\n|-damage|p2a: 2 twin tusks.|0 fnt\n|faint|p2a: 2 twin tusks.\n|-end|p2a: 2 twin tusks.|Protosynthesis|[silent]\n|\n|upkeep\n|\n|t:|1700699691\n|switch|p2a: freebandgang.|Gholdengo|100\/100\n|turn|15\n|\n|t:|1700699694\n|move|p1a: Dragonite|Earthquake|p2a: freebandgang.\n|-supereffective|p2a: freebandgang.\n|-damage|p2a: freebandgang.|11\/100\n|move|p2a: freebandgang.|Thunder Wave|p1a: Dragonite\n|-status|p1a: Dragonite|par\n|\n|-heal|p2a: freebandgang.|17\/100|[from] item: Leftovers\n|upkeep\n|turn|16\n|j| dfghhhg\n|\n|t:|1700699701\n|move|p2a: freebandgang.|Make It Rain|p1a: Dragonite\n|-damage|p1a: Dragonite|30\/100 par\n|-unboost|p2a: freebandgang.|spa|1\n|move|p1a: Dragonite|Earthquake|p2a: freebandgang.\n|-supereffective|p2a: freebandgang.\n|-damage|p2a: freebandgang.|0 fnt\n|faint|p2a: freebandgang.\n|\n|upkeep\n|\n|t:|1700699709\n|switch|p2a: ocky rocky.|Glimmora, M|100\/100\n|turn|17\n|\n|t:|1700699719\n|move|p1a: Dragonite|Extreme Speed|p2a: ocky rocky.\n|-resisted|p2a: ocky rocky.\n|-damage|p2a: ocky rocky.|56\/100\n|-activate|p2a: ocky rocky.|ability: Toxic Debris\n|-sidestart|p1: del water gap|move: Toxic Spikes\n|move|p2a: ocky rocky.|Earth Power|p1a: Dragonite\n|-damage|p1a: Dragonite|0 fnt\n|faint|p1a: Dragonite\n|\n|upkeep\n|\n|t:|1700699731\n|switch|p1a: Tinkaton|Tinkaton, F|100\/100\n|-ability|p1a: Tinkaton|Mold Breaker\n|-item|p1a: Tinkaton|Air Balloon\n|turn|18\n|\n|t:|1700699735\n|switch|p2a: big bird.|Zapdos|94\/100 brn\n|move|p1a: Tinkaton|Gigaton Hammer|p2a: big bird.\n|-resisted|p2a: big bird.\n|-damage|p2a: big bird.|67\/100 brn\n|\n|-damage|p2a: big bird.|61\/100 brn|[from] brn\n|upkeep\n|turn|19\n|\n|t:|1700699743\n|move|p1a: Tinkaton|Ice Hammer|p2a: big bird.\n|-supereffective|p2a: big bird.\n|-damage|p2a: big bird.|16\/100 brn\n|-unboost|p1a: Tinkaton|spe|1\n|move|p2a: big bird.|U-turn|p1a: Tinkaton\n|-resisted|p1a: Tinkaton\n|-damage|p1a: Tinkaton|98\/100\n|-enditem|p1a: Tinkaton|Air Balloon\n|inactive|Battle timer is ON: inactive players will automatically lose when time's up. (requested by del water gap)\n|\n|t:|1700699785\n|switch|p2a: ocky rocky.|Glimmora, M|56\/100|[from] U-turn\n|\n|upkeep\n|turn|20\n|\n|t:|1700699802\n|move|p2a: ocky rocky.|Earth Power|p1a: Tinkaton\n|-supereffective|p1a: Tinkaton\n|-damage|p1a: Tinkaton|0 fnt\n|faint|p1a: Tinkaton\n|\n|upkeep\n|\n|t:|1700699806\n|switch|p1a: Meowscarada|Meowscarada, F|100\/100\n|turn|21\n|\n|t:|1700699810\n|switch|p2a: big bird.|Zapdos|16\/100 brn\n|move|p1a: Meowscarada|Flower Trick|p2a: big bird.\n|-resisted|p2a: big bird.\n|-crit|p2a: big bird.\n|-damage|p2a: big bird.|0 fnt\n|faint|p2a: big bird.\n|\n|upkeep\n|\n|t:|1700699813\n|switch|p2a: woogerpon.|Ogerpon-Wellspring, F|100\/100\n|turn|22\n|\n|t:|1700699822\n|move|p1a: Meowscarada|Flower Trick|p2a: woogerpon.\n|-crit|p2a: woogerpon.\n|-damage|p2a: woogerpon.|38\/100\n|move|p2a: woogerpon.|Trailblaze|p1a: Meowscarada\n|-resisted|p1a: Meowscarada\n|-damage|p1a: Meowscarada|76\/100\n|-boost|p2a: woogerpon.|spe|1\n|\n|upkeep\n|turn|23\n|\n|t:|1700699826\n|-terastallize|p2a: woogerpon.|Water\n|detailschange|p2a: woogerpon.|Ogerpon-Wellspring-Tera, F, tera:Water\n|-ability|p2a: woogerpon.|Embody Aspect (Wellspring)|boost\n|-boost|p2a: woogerpon.|spd|1\n|move|p2a: woogerpon.|Ivy Cudgel|p1a: Meowscarada|[anim] Ivy Cudgel Water\n|-resisted|p1a: Meowscarada\n|-damage|p1a: Meowscarada|11\/100\n|move|p1a: Meowscarada|Flower Trick|p2a: woogerpon.\n|-supereffective|p2a: woogerpon.\n|-crit|p2a: woogerpon.\n|-damage|p2a: woogerpon.|0 fnt\n|faint|p2a: woogerpon.\n|\n|upkeep\n|\n|t:|1700699830\n|switch|p2a: ocky rocky.|Glimmora, M|56\/100\n|turn|24\n|\n|t:|1700699834\n|move|p1a: Meowscarada|Flower Trick|p2a: ocky rocky.\n|-crit|p2a: ocky rocky.\n|-damage|p2a: ocky rocky.|0 fnt\n|-activate|p2a: ocky rocky.|ability: Toxic Debris\n|-sidestart|p1: del water gap|move: Toxic Spikes\n|faint|p2a: ocky rocky.\n|\n|win|del water gap\n|raw|del water gap's rating: 1639 &rarr; <strong>1666<\/strong><br \/>(+27 for winning)\n|raw|localdealerr's rating: 1768 &rarr; <strong>1741<\/strong><br \/>(-27 for losing)\n|l|\u2606localdealerr\n","uploadtime":1700699840,"views":3,"p1id":"delwatergap","p2id":"localdealerr","formatid":"gen9ou","rating":1666,"private":0,"password":""}