{"id":"gen9ou-1997823533","p1":"Steez Ibanez","p2":"DiffusedTurtle","format":"[Gen 9] OU","log":"|j|\u2606Steez Ibanez\n|j|\u2606DiffusedTurtle\n|t:|1700856580\n|gametype|singles\n|player|p1|Steez Ibanez|lance-gen2|1788\n|player|p2|DiffusedTurtle|musician|1684\n|teamsize|p1|6\n|teamsize|p2|6\n|gen|9\n|tier|[Gen 9] OU\n|rated|\n|rule|Sleep Clause Mod: Limit one foe put to sleep\n|rule|Species Clause: Limit one of each Pok\u00e9mon\n|rule|OHKO Clause: OHKO moves are banned\n|rule|Evasion Items Clause: Evasion items are banned\n|rule|Evasion Moves Clause: Evasion moves are banned\n|rule|Endless Battle Clause: Forcing endless battles is banned\n|rule|HP Percentage Mod: HP is shown in percentages\n|clearpoke\n|poke|p1|Dragapult, M|\n|poke|p1|Zapdos|\n|poke|p1|Kingambit, M|\n|poke|p1|Iron Moth|\n|poke|p1|Ting-Lu|\n|poke|p1|Samurott-Hisui, M|\n|poke|p2|Ceruledge, M|\n|poke|p2|Cinderace, M|\n|poke|p2|Ninetales-Alola, F|\n|poke|p2|Manaphy|\n|poke|p2|Samurott-Hisui, F|\n|poke|p2|Zamazenta-*|\n|teampreview\n|inactive|Battle timer is ON: inactive players will automatically lose when time's up. (requested by DiffusedTurtle)\n|j| LordJikji\n|\n|t:|1700856587\n|start\n|switch|p1a: Amaterasu|Iron Moth|100\/100\n|switch|p2a: number five|Samurott-Hisui, F|100\/100\n|turn|1\n|\n|t:|1700856594\n|-end|p1a: Amaterasu|Quark Drive|[silent]\n|switch|p1a: Zeus|Zapdos|100\/100\n|move|p2a: number five|Ceaseless Edge|p1a: Zeus\n|-damage|p1a: Zeus|59\/100\n|-sidestart|p1: Steez Ibanez|Spikes\n|\n|upkeep\n|turn|2\n|\n|t:|1700856602\n|move|p1a: Zeus|Roost|p1a: Zeus\n|-heal|p1a: Zeus|100\/100\n|-singleturn|p1a: Zeus|move: Roost\n|move|p2a: number five|Ceaseless Edge|p1a: Zeus\n|-damage|p1a: Zeus|61\/100\n|-sidestart|p1: Steez Ibanez|Spikes\n|\n|upkeep\n|turn|3\n|\n|t:|1700856606\n|move|p1a: Zeus|Volt Switch|p2a: number five\n|-supereffective|p2a: number five\n|-enditem|p2a: number five|Focus Sash\n|-damage|p2a: number five|1\/100\n|\n|t:|1700856608\n|switch|p1a: Darth Tyranus|Samurott-Hisui, M|100\/100|[from] Volt Switch\n|move|p2a: number five|Ceaseless Edge|p1a: Darth Tyranus|[miss]\n|-miss|p2a: number five|p1a: Darth Tyranus\n|\n|upkeep\n|turn|4\n|\n|t:|1700856611\n|move|p2a: number five|Sucker Punch|p1a: Darth Tyranus\n|-resisted|p1a: Darth Tyranus\n|-damage|p1a: Darth Tyranus|81\/100\n|move|p1a: Darth Tyranus|Ceaseless Edge|p2a: number five|[miss]\n|-miss|p1a: Darth Tyranus|p2a: number five\n|\n|upkeep\n|turn|5\n|\n|t:|1700856616\n|move|p2a: number five|Knock Off|p1a: Darth Tyranus\n|-resisted|p1a: Darth Tyranus\n|-damage|p1a: Darth Tyranus|53\/100\n|-enditem|p1a: Darth Tyranus|Heavy-Duty Boots|[from] move: Knock Off|[of] p2a: number five\n|move|p1a: Darth Tyranus|Ceaseless Edge|p2a: number five\n|-resisted|p2a: number five\n|-damage|p2a: number five|0 fnt\n|-sidestart|p2: DiffusedTurtle|Spikes\n|faint|p2a: number five\n|\n|upkeep\n|\n|t:|1700856633\n|switch|p2a: my one desire|Cinderace, M|100\/100\n|turn|6\n|\n|t:|1700856637\n|move|p1a: Darth Tyranus|Sucker Punch|p2a: my one desire\n|-damage|p2a: my one desire|61\/100\n|move|p2a: my one desire|U-turn|p1a: Darth Tyranus\n|-supereffective|p1a: Darth Tyranus\n|-damage|p1a: Darth Tyranus|6\/100\n|\n|t:|1700856642\n|switch|p2a: believe when i say|Ninetales-Alola, F|100\/100|[from] U-turn\n|-damage|p2a: believe when i say|88\/100|[from] Spikes\n|-weather|Snow|[from] ability: Snow Warning|[of] p2a: believe when i say\n|\n|-weather|Snow|[upkeep]\n|upkeep\n|turn|7\n|\n|t:|1700856644\n|move|p2a: believe when i say|Freeze-Dry|p1a: Darth Tyranus\n|-supereffective|p1a: Darth Tyranus\n|-damage|p1a: Darth Tyranus|0 fnt\n|faint|p1a: Darth Tyranus\n|\n|-weather|Snow|[upkeep]\n|upkeep\n|\n|t:|1700856646\n|switch|p1a: Amaterasu|Iron Moth|100\/100\n|turn|8\n|\n|t:|1700856671\n|switch|p2a: my one desire|Cinderace, M|61\/100\n|move|p1a: Amaterasu|Sludge Wave|p2a: my one desire\n|-damage|p2a: my one desire|1\/100\n|-status|p2a: my one desire|psn\n|\n|-weather|Snow|[upkeep]\n|-damage|p2a: my one desire|0 fnt|[from] psn\n|faint|p2a: my one desire\n|upkeep\n|\n|t:|1700856675\n|switch|p2a: you are my fire|Ceruledge, M|100\/100\n|-damage|p2a: you are my fire|88\/100|[from] Spikes\n|turn|9\n|\n|t:|1700856691\n|move|p1a: Amaterasu|Toxic Spikes|p2a: you are my fire\n|-sidestart|p2: DiffusedTurtle|move: Toxic Spikes\n|move|p2a: you are my fire|Bitter Blade|p1a: Amaterasu\n|-resisted|p1a: Amaterasu\n|-damage|p1a: Amaterasu|59\/100\n|-heal|p2a: you are my fire|100\/100|[from] drain|[of] p1a: Amaterasu\n|\n|-weather|Snow|[upkeep]\n|upkeep\n|turn|10\n|inactive|DiffusedTurtle has 120 seconds left.\n|inactive|DiffusedTurtle has 90 seconds left.\n|\n|t:|1700856746\n|-end|p1a: Amaterasu|Quark Drive|[silent]\n|switch|p1a: Clicker|Ting-Lu|100\/100\n|-damage|p1a: Clicker|84\/100|[from] Spikes\n|-ability|p1a: Clicker|Vessel of Ruin\n|move|p2a: you are my fire|Bitter Blade|p1a: Clicker\n|-damage|p1a: Clicker|58\/100\n|\n|-weather|none\n|-heal|p1a: Clicker|64\/100|[from] item: Leftovers\n|upkeep\n|turn|11\n|inactive|DiffusedTurtle has 90 seconds left.\n|\n|t:|1700856753\n|-terastallize|p2a: you are my fire|Flying\n|move|p2a: you are my fire|Bitter Blade|p1a: Clicker\n|-damage|p1a: Clicker|37\/100\n|move|p1a: Clicker|Stealth Rock|p2a: you are my fire\n|-sidestart|p2: DiffusedTurtle|move: Stealth Rock\n|\n|-heal|p1a: Clicker|43\/100|[from] item: Leftovers\n|upkeep\n|turn|12\n|\n|t:|1700856761\n|move|p2a: you are my fire|Bitter Blade|p1a: Clicker\n|-crit|p1a: Clicker\n|-damage|p1a: Clicker|5\/100\n|move|p1a: Clicker|Whirlwind|p2a: you are my fire\n|drag|p2a: believe when i say|Ninetales-Alola, F|88\/100\n|-damage|p2a: believe when i say|76\/100|[from] Spikes\n|-status|p2a: believe when i say|psn\n|-damage|p2a: believe when i say|51\/100 psn|[from] Stealth Rock\n|-weather|Snow|[from] ability: Snow Warning|[of] p2a: believe when i say\n|\n|-weather|Snow|[upkeep]\n|-heal|p1a: Clicker|11\/100|[from] item: Leftovers\n|-damage|p2a: believe when i say|39\/100 psn|[from] psn\n|upkeep\n|turn|13\n|\n|t:|1700856766\n|move|p2a: believe when i say|Aurora Veil|p2a: believe when i say\n|-sidestart|p2: DiffusedTurtle|move: Aurora Veil\n|move|p1a: Clicker|Whirlwind|p2a: believe when i say\n|drag|p2a: you are my fire|Ceruledge, M, tera:Flying|100\/100\n|-damage|p2a: you are my fire|76\/100|[from] Stealth Rock\n|\n|-weather|Snow|[upkeep]\n|-heal|p1a: Clicker|17\/100|[from] item: Leftovers\n|upkeep\n|turn|14\n|\n|t:|1700856775\n|move|p2a: you are my fire|Bitter Blade|p1a: Clicker\n|-damage|p1a: Clicker|0 fnt\n|-heal|p2a: you are my fire|91\/100|[from] drain|[of] p1a: Clicker\n|faint|p1a: Clicker\n|\n|-weather|Snow|[upkeep]\n|upkeep\n|\n|t:|1700856778\n|switch|p1a: Zeus|Zapdos|61\/100\n|turn|15\n|inactive|DiffusedTurtle has 120 seconds left.\n|\n|t:|1700856785\n|move|p1a: Zeus|Roost|p1a: Zeus\n|-heal|p1a: Zeus|100\/100\n|-singleturn|p1a: Zeus|move: Roost\n|move|p2a: you are my fire|Poltergeist|p1a: Zeus\n|-activate|p1a: Zeus|move: Poltergeist|Heavy-Duty Boots\n|-crit|p1a: Zeus\n|-damage|p1a: Zeus|23\/100\n|\n|-weather|Snow|[upkeep]\n|upkeep\n|turn|16\n|\n|t:|1700856795\n|move|p1a: Zeus|Volt Switch|p2a: you are my fire\n|-supereffective|p2a: you are my fire\n|-damage|p2a: you are my fire|58\/100\n|\n|t:|1700856799\n|switch|p1a: Amaterasu|Iron Moth|59\/100|[from] Volt Switch\n|move|p2a: you are my fire|Bitter Blade|p1a: Amaterasu\n|-resisted|p1a: Amaterasu\n|-damage|p1a: Amaterasu|18\/100\n|-heal|p2a: you are my fire|79\/100|[from] drain|[of] p1a: Amaterasu\n|\n|-weather|none\n|upkeep\n|turn|17\n|\n|t:|1700856806\n|-end|p1a: Amaterasu|Quark Drive|[silent]\n|switch|p1a: Zeus|Zapdos|23\/100\n|move|p2a: you are my fire|Bitter Blade|p1a: Zeus\n|-damage|p1a: Zeus|0 fnt\n|-heal|p2a: you are my fire|94\/100|[from] drain|[of] p1a: Zeus\n|-status|p2a: you are my fire|par|[from] ability: Static|[of] p1a: Zeus\n|faint|p1a: Zeus\n|\n|upkeep\n|\n|t:|1700856812\n|switch|p1a: Toothless|Dragapult, M|100\/100\n|turn|18\n|\n|t:|1700856821\n|move|p1a: Toothless|Hex|p2a: you are my fire\n|-damage|p2a: you are my fire|31\/100 par\n|move|p2a: you are my fire|Poltergeist|p1a: Toothless\n|-activate|p1a: Toothless|move: Poltergeist|Heavy-Duty Boots\n|-supereffective|p1a: Toothless\n|-damage|p1a: Toothless|0 fnt\n|faint|p1a: Toothless\n|\n|upkeep\n|\n|t:|1700856825\n|switch|p1a: Amaterasu|Iron Moth|18\/100\n|turn|19\n|\n|t:|1700856828\n|move|p1a: Amaterasu|Morning Sun|p1a: Amaterasu\n|-heal|p1a: Amaterasu|68\/100\n|move|p2a: you are my fire|Bitter Blade|p1a: Amaterasu\n|-resisted|p1a: Amaterasu\n|-damage|p1a: Amaterasu|28\/100\n|-heal|p2a: you are my fire|52\/100 par|[from] drain|[of] p1a: Amaterasu\n|\n|upkeep\n|turn|20\n|\n|t:|1700856832\n|move|p1a: Amaterasu|Morning Sun|p1a: Amaterasu\n|-heal|p1a: Amaterasu|78\/100\n|move|p2a: you are my fire|Poltergeist|p1a: Amaterasu\n|-activate|p1a: Amaterasu|move: Poltergeist|Heavy-Duty Boots\n|-damage|p1a: Amaterasu|0 fnt\n|faint|p1a: Amaterasu\n|-end|p1a: Amaterasu|Quark Drive|[silent]\n|\n|-sideend|p2: DiffusedTurtle|move: Aurora Veil\n|upkeep\n|\n|t:|1700856835\n|switch|p1a: Final Boss|Kingambit, M|100\/100\n|-activate|p1a: Final Boss|ability: Supreme Overlord\n|-start|p1a: Final Boss|fallen5|[silent]\n|turn|21\n|\n|t:|1700856839\n|move|p1a: Final Boss|Kowtow Cleave|p2a: you are my fire\n|-damage|p2a: you are my fire|0 fnt\n|faint|p2a: you are my fire\n|\n|upkeep\n|\n|t:|1700856846\n|switch|p2a: believe when i say|Ninetales-Alola, F|39\/100 psn\n|-damage|p2a: believe when i say|26\/100 psn|[from] Spikes\n|-damage|p2a: believe when i say|1\/100 psn|[from] Stealth Rock\n|-weather|Snow|[from] ability: Snow Warning|[of] p2a: believe when i say\n|turn|22\n|\n|t:|1700856849\n|move|p2a: believe when i say|Encore|p1a: Final Boss\n|-start|p1a: Final Boss|Encore\n|move|p1a: Final Boss|Kowtow Cleave|p2a: believe when i say\n|-resisted|p2a: believe when i say\n|-damage|p2a: believe when i say|0 fnt\n|faint|p2a: believe when i say\n|\n|-weather|Snow|[upkeep]\n|upkeep\n|\n|t:|1700856851\n|switch|p2a: tell me why|Zamazenta|100\/100\n|-damage|p2a: tell me why|88\/100|[from] Spikes\n|-status|p2a: tell me why|psn\n|-damage|p2a: tell me why|82\/100 psn|[from] Stealth Rock\n|-ability|p2a: tell me why|Dauntless Shield|boost\n|-boost|p2a: tell me why|def|1\n|turn|23\n|\n|t:|1700856853\n|-terastallize|p1a: Final Boss|Fairy\n|move|p2a: tell me why|Body Press|p1a: Final Boss\n|-resisted|p1a: Final Boss\n|-damage|p1a: Final Boss|80\/100\n|move|p1a: Final Boss|Kowtow Cleave|p2a: tell me why\n|-resisted|p2a: tell me why\n|-damage|p2a: tell me why|64\/100 psn\n|\n|-weather|Snow|[upkeep]\n|-heal|p2a: tell me why|70\/100 psn|[from] item: Leftovers\n|-damage|p2a: tell me why|57\/100 psn|[from] psn\n|upkeep\n|turn|24\n|\n|t:|1700856855\n|move|p2a: tell me why|Iron Defense|p2a: tell me why\n|-boost|p2a: tell me why|def|2\n|move|p1a: Final Boss|Kowtow Cleave|p2a: tell me why\n|-resisted|p2a: tell me why\n|-damage|p2a: tell me why|47\/100 psn\n|\n|-weather|Snow|[upkeep]\n|-heal|p2a: tell me why|53\/100 psn|[from] item: Leftovers\n|-damage|p2a: tell me why|40\/100 psn|[from] psn\n|-end|p1a: Final Boss|Encore\n|upkeep\n|turn|25\n|\n|t:|1700856859\n|move|p2a: tell me why|Body Press|p1a: Final Boss\n|-resisted|p1a: Final Boss\n|-damage|p1a: Final Boss|47\/100\n|move|p1a: Final Boss|Swords Dance|p1a: Final Boss\n|-boost|p1a: Final Boss|atk|2\n|\n|-weather|Snow|[upkeep]\n|-heal|p2a: tell me why|47\/100 psn|[from] item: Leftovers\n|-damage|p2a: tell me why|34\/100 psn|[from] psn\n|upkeep\n|turn|26\n|\n|t:|1700856866\n|move|p2a: tell me why|Body Press|p1a: Final Boss\n|-resisted|p1a: Final Boss\n|-damage|p1a: Final Boss|14\/100\n|move|p1a: Final Boss|Swords Dance|p1a: Final Boss\n|-boost|p1a: Final Boss|atk|2\n|\n|-weather|none\n|-heal|p2a: tell me why|40\/100 psn|[from] item: Leftovers\n|-damage|p2a: tell me why|28\/100 psn|[from] psn\n|upkeep\n|turn|27\n|\n|t:|1700856875\n|move|p1a: Final Boss|Sucker Punch|p2a: tell me why\n|-resisted|p2a: tell me why\n|-damage|p2a: tell me why|1\/100 psn\n|move|p2a: tell me why|Body Press|p1a: Final Boss\n|-resisted|p1a: Final Boss\n|-damage|p1a: Final Boss|0 fnt\n|faint|p1a: Final Boss\n|-end|p1a: Final Boss|fallen5|[silent]\n|\n|win|DiffusedTurtle\n|raw|Steez Ibanez's rating: 1788 &rarr; <strong>1762<\/strong><br \/>(-26 for losing)\n|raw|DiffusedTurtle's rating: 1684 &rarr; <strong>1710<\/strong><br \/>(+26 for winning)\n|c|\u2606DiffusedTurtle|gg\n|l|\u2606Steez Ibanez\n|l|\u2606DiffusedTurtle\n","uploadtime":1700856885,"views":13,"p1id":"steezibanez","p2id":"diffusedturtle","formatid":"gen9ou","rating":1710,"private":0,"password":""}