{"id":"gen9ou-1994627550","p1":"deliriousdarkwolf","p2":"Defog Conk Enjoyer","format":"[Gen 9] OU","log":"|j|\u2606deliriousdarkwolf\n|j|\u2606Defog Conk Enjoyer\n|t:|1700471822\n|gametype|singles\n|player|p1|deliriousdarkwolf|pokemaniac|1658\n|player|p2|Defog Conk Enjoyer|supernerd|1679\n|teamsize|p1|6\n|teamsize|p2|6\n|gen|9\n|tier|[Gen 9] OU\n|rated|\n|rule|Sleep Clause Mod: Limit one foe put to sleep\n|rule|Species Clause: Limit one of each Pok\u00e9mon\n|rule|OHKO Clause: OHKO moves are banned\n|rule|Evasion Items Clause: Evasion items are banned\n|rule|Evasion Moves Clause: Evasion moves are banned\n|rule|Endless Battle Clause: Forcing endless battles is banned\n|rule|HP Percentage Mod: HP is shown in percentages\n|clearpoke\n|poke|p1|Samurott-Hisui, F|\n|poke|p1|Gholdengo|\n|poke|p1|Enamorus, F|\n|poke|p1|Ogerpon-Cornerstone, F|\n|poke|p1|Dragonite, F|\n|poke|p1|Great Tusk|\n|poke|p2|Hatterene, F|\n|poke|p2|Zapdos|\n|poke|p2|Gholdengo|\n|poke|p2|Kingambit, M|\n|poke|p2|Ceruledge, M|\n|poke|p2|Great Tusk|\n|teampreview\n|inactive|Battle timer is ON: inactive players will automatically lose when time's up. (requested by deliriousdarkwolf)\n|\n|t:|1700471833\n|start\n|switch|p1a: Jerma|Ogerpon-Cornerstone, F|100\/100\n|switch|p2a: Zapdos|Zapdos, shiny|100\/100\n|turn|1\n|\n|t:|1700471841\n|switch|p2a: Great Tusk|Great Tusk|100\/100\n|move|p1a: Jerma|Ivy Cudgel|p2a: Great Tusk|[anim] Ivy Cudgel Rock\n|-resisted|p2a: Great Tusk\n|-damage|p2a: Great Tusk|94\/100\n|\n|-heal|p2a: Great Tusk|99\/100|[from] item: Leftovers\n|upkeep\n|turn|2\n|\n|t:|1700471847\n|move|p1a: Jerma|Spiky Shield|p1a: Jerma\n|-singleturn|p1a: Jerma|move: Protect\n|move|p2a: Great Tusk|Stealth Rock|p1a: Jerma\n|-sidestart|p1: deliriousdarkwolf|move: Stealth Rock\n|\n|-heal|p2a: Great Tusk|100\/100|[from] item: Leftovers\n|upkeep\n|turn|3\n|\n|t:|1700471851\n|move|p1a: Jerma|Encore|p2a: Great Tusk\n|-start|p2a: Great Tusk|Encore\n|move|p2a: Great Tusk|Stealth Rock||[still]\n|-fail|p2a: Great Tusk\n|\n|upkeep\n|turn|4\n|j| AntiDinkus\n|\n|t:|1700471860\n|-end|p2a: Great Tusk|Protosynthesis|[silent]\n|switch|p2a: Kingambit|Kingambit, M|100\/100\n|move|p1a: Jerma|Horn Leech|p2a: Kingambit\n|-resisted|p2a: Kingambit\n|-damage|p2a: Kingambit|85\/100\n|\n|-heal|p2a: Kingambit|91\/100|[from] item: Leftovers\n|upkeep\n|turn|5\n|\n|t:|1700471863\n|move|p1a: Jerma|Spiky Shield|p1a: Jerma\n|-singleturn|p1a: Jerma|move: Protect\n|move|p2a: Kingambit|Iron Head|p1a: Jerma\n|-activate|p1a: Jerma|move: Protect\n|-damage|p2a: Kingambit|78\/100|[from] Spiky Shield|[of] p1a: Jerma\n|\n|-heal|p2a: Kingambit|85\/100|[from] item: Leftovers\n|upkeep\n|turn|6\n|\n|t:|1700471868\n|switch|p1a: BUBLEGUM|Great Tusk|100\/100\n|move|p2a: Kingambit|Iron Head|p1a: BUBLEGUM\n|-damage|p1a: BUBLEGUM|71\/100\n|\n|-heal|p2a: Kingambit|91\/100|[from] item: Leftovers\n|upkeep\n|turn|7\n|\n|t:|1700471876\n|-end|p2a: Kingambit|fallenundefined|[silent]\n|switch|p2a: Zapdos|Zapdos, shiny|100\/100\n|move|p1a: BUBLEGUM|Knock Off|p2a: Zapdos\n|-damage|p2a: Zapdos|74\/100\n|-enditem|p2a: Zapdos|Heavy-Duty Boots|[from] move: Knock Off|[of] p1a: BUBLEGUM\n|\n|upkeep\n|turn|8\n|\n|t:|1700471883\n|-end|p1a: BUBLEGUM|Protosynthesis|[silent]\n|switch|p1a: Gholdengo|Gholdengo|100\/100\n|-damage|p1a: Gholdengo|94\/100|[from] Stealth Rock\n|move|p2a: Zapdos|Hurricane|p1a: Gholdengo\n|-resisted|p1a: Gholdengo\n|-damage|p1a: Gholdengo|66\/100\n|\n|upkeep\n|turn|9\n|\n|t:|1700471885\n|move|p1a: Gholdengo|Shadow Ball|p2a: Zapdos\n|-damage|p2a: Zapdos|29\/100\n|move|p2a: Zapdos|Volt Switch|p1a: Gholdengo\n|-damage|p1a: Gholdengo|28\/100\n|\n|t:|1700471891\n|switch|p2a: Kingambit|Kingambit, M|91\/100|[from] Volt Switch\n|\n|-heal|p2a: Kingambit|97\/100|[from] item: Leftovers\n|upkeep\n|turn|10\n|\n|t:|1700471895\n|switch|p1a: BUBLEGUM|Great Tusk|71\/100\n|move|p2a: Kingambit|Iron Head|p1a: BUBLEGUM\n|-damage|p1a: BUBLEGUM|42\/100\n|\n|-heal|p2a: Kingambit|100\/100|[from] item: Leftovers\n|upkeep\n|turn|11\n|\n|t:|1700471906\n|-end|p2a: Kingambit|fallenundefined|[silent]\n|switch|p2a: Zapdos|Zapdos, shiny|29\/100\n|move|p1a: BUBLEGUM|Rapid Spin|p2a: Zapdos\n|-damage|p2a: Zapdos|15\/100\n|-boost|p1a: BUBLEGUM|spe|1\n|-status|p1a: BUBLEGUM|par|[from] ability: Static|[of] p2a: Zapdos\n|-sideend|p1: deliriousdarkwolf|Stealth Rock|[from] move: Rapid Spin|[of] p1a: BUBLEGUM\n|\n|upkeep\n|turn|12\n|\n|t:|1700471911\n|move|p2a: Zapdos|Roost|p2a: Zapdos\n|-heal|p2a: Zapdos|65\/100\n|-singleturn|p2a: Zapdos|move: Roost\n|move|p1a: BUBLEGUM|Stealth Rock|p2a: Zapdos\n|-sidestart|p2: Defog Conk Enjoyer|move: Stealth Rock\n|\n|upkeep\n|turn|13\n|\n|t:|1700471914\n|move|p2a: Zapdos|Hurricane|p1a: BUBLEGUM\n|-supereffective|p1a: BUBLEGUM\n|-damage|p1a: BUBLEGUM|0 fnt\n|faint|p1a: BUBLEGUM\n|-end|p1a: BUBLEGUM|Protosynthesis|[silent]\n|\n|upkeep\n|\n|t:|1700471917\n|switch|p1a: Jerma|Ogerpon-Cornerstone, F|100\/100\n|turn|14\n|\n|t:|1700471922\n|switch|p2a: Great Tusk|Great Tusk|100\/100\n|-damage|p2a: Great Tusk|98\/100|[from] Stealth Rock\n|move|p1a: Jerma|Ivy Cudgel|p2a: Great Tusk|[anim] Ivy Cudgel Rock\n|-resisted|p2a: Great Tusk\n|-damage|p2a: Great Tusk|91\/100\n|\n|-heal|p2a: Great Tusk|97\/100|[from] item: Leftovers\n|upkeep\n|turn|15\n|\n|t:|1700471926\n|move|p1a: Jerma|Spiky Shield|p1a: Jerma\n|-singleturn|p1a: Jerma|move: Protect\n|move|p2a: Great Tusk|Rapid Spin|p1a: Jerma\n|-activate|p1a: Jerma|move: Protect\n|-damage|p2a: Great Tusk|84\/100|[from] Spiky Shield|[of] p1a: Jerma\n|\n|-heal|p2a: Great Tusk|91\/100|[from] item: Leftovers\n|upkeep\n|turn|16\n|\n|t:|1700471930\n|move|p1a: Jerma|Encore|p2a: Great Tusk\n|-start|p2a: Great Tusk|Encore\n|move|p2a: Great Tusk|Rapid Spin|p1a: Jerma\n|-resisted|p1a: Jerma\n|-damage|p1a: Jerma|91\/100\n|-boost|p2a: Great Tusk|spe|1\n|-sideend|p2: Defog Conk Enjoyer|Stealth Rock|[from] move: Rapid Spin|[of] p2a: Great Tusk\n|\n|-heal|p2a: Great Tusk|97\/100|[from] item: Leftovers\n|upkeep\n|turn|17\n|\n|t:|1700471937\n|switch|p1a: INUYASHA|Samurott-Hisui, F|100\/100\n|-end|p2a: Great Tusk|Protosynthesis|[silent]\n|switch|p2a: Kingambit|Kingambit, M|100\/100\n|\n|upkeep\n|turn|18\n|\n|t:|1700471943\n|-end|p2a: Kingambit|fallenundefined|[silent]\n|switch|p2a: Great Tusk|Great Tusk|97\/100\n|move|p1a: INUYASHA|Sacred Sword|p2a: Great Tusk\n|-damage|p2a: Great Tusk|79\/100\n|\n|-heal|p2a: Great Tusk|85\/100|[from] item: Leftovers\n|upkeep\n|turn|19\n|\n|t:|1700471949\n|move|p1a: INUYASHA|Razor Shell|p2a: Great Tusk\n|-supereffective|p2a: Great Tusk\n|-damage|p2a: Great Tusk|36\/100\n|move|p2a: Great Tusk|Earthquake|p1a: INUYASHA\n|-damage|p1a: INUYASHA|49\/100\n|\n|-heal|p2a: Great Tusk|42\/100|[from] item: Leftovers\n|upkeep\n|turn|20\n|\n|t:|1700471960\n|-end|p2a: Great Tusk|Protosynthesis|[silent]\n|switch|p2a: Zapdos|Zapdos, shiny|65\/100\n|move|p1a: INUYASHA|Razor Shell|p2a: Zapdos\n|-damage|p2a: Zapdos|9\/100\n|-unboost|p2a: Zapdos|def|1\n|\n|upkeep\n|turn|21\n|\n|t:|1700471964\n|move|p2a: Zapdos|Roost|p2a: Zapdos\n|-heal|p2a: Zapdos|59\/100\n|-singleturn|p2a: Zapdos|move: Roost\n|move|p1a: INUYASHA|Ceaseless Edge|p2a: Zapdos\n|-damage|p2a: Zapdos|0 fnt\n|-sidestart|p2: Defog Conk Enjoyer|Spikes\n|faint|p2a: Zapdos\n|\n|upkeep\n|\n|t:|1700471978\n|switch|p2a: Hatterene|Hatterene, F, shiny|100\/100\n|-damage|p2a: Hatterene|88\/100|[from] Spikes\n|turn|22\n|\n|t:|1700471987\n|move|p1a: INUYASHA|Ceaseless Edge|p2a: Hatterene\n|-damage|p2a: Hatterene|36\/100\n|-sidestart|p2: Defog Conk Enjoyer|Spikes\n|move|p2a: Hatterene|Draining Kiss|p1a: INUYASHA\n|-supereffective|p1a: INUYASHA\n|-damage|p1a: INUYASHA|0 fnt\n|-heal|p2a: Hatterene|73\/100|[from] drain|[of] p1a: INUYASHA\n|faint|p1a: INUYASHA\n|\n|-heal|p2a: Hatterene|79\/100|[from] item: Leftovers\n|upkeep\n|\n|t:|1700471992\n|switch|p1a: Jerma|Ogerpon-Cornerstone, F|91\/100\n|turn|23\n|\n|t:|1700472002\n|move|p1a: Jerma|Ivy Cudgel|p2a: Hatterene|[anim] Ivy Cudgel Rock\n|-damage|p2a: Hatterene|9\/100\n|move|p2a: Hatterene|Trick Room|p2a: Hatterene\n|-fieldstart|move: Trick Room|[of] p2a: Hatterene\n|\n|-heal|p2a: Hatterene|15\/100|[from] item: Leftovers\n|upkeep\n|turn|24\n|j| gokunous\\\n|\n|t:|1700472008\n|switch|p2a: Great Tusk|Great Tusk|42\/100\n|-damage|p2a: Great Tusk|26\/100|[from] Spikes\n|move|p1a: Jerma|Spiky Shield||[still]\n|-fail|p1a: Jerma\n|\n|-heal|p2a: Great Tusk|32\/100|[from] item: Leftovers\n|upkeep\n|turn|25\n|\n|t:|1700472012\n|move|p1a: Jerma|Spiky Shield|p1a: Jerma\n|-singleturn|p1a: Jerma|move: Protect\n|move|p2a: Great Tusk|Stealth Rock|p1a: Jerma\n|-sidestart|p1: deliriousdarkwolf|move: Stealth Rock\n|\n|-heal|p2a: Great Tusk|38\/100|[from] item: Leftovers\n|upkeep\n|turn|26\n|\n|t:|1700472017\n|move|p2a: Great Tusk|Rapid Spin|p1a: Jerma\n|-resisted|p1a: Jerma\n|-damage|p1a: Jerma|81\/100\n|-boost|p2a: Great Tusk|spe|1\n|-sideend|p2: Defog Conk Enjoyer|Spikes|[from] move: Rapid Spin|[of] p2a: Great Tusk\n|move|p1a: Jerma|Horn Leech|p2a: Great Tusk\n|-supereffective|p2a: Great Tusk\n|-damage|p2a: Great Tusk|0 fnt\n|-heal|p1a: Jerma|100\/100|[from] drain|[of] p2a: Great Tusk\n|faint|p2a: Great Tusk\n|-end|p2a: Great Tusk|Protosynthesis|[silent]\n|\n|upkeep\n|\n|t:|1700472027\n|switch|p2a: Kingambit|Kingambit, M|100\/100\n|-activate|p2a: Kingambit|ability: Supreme Overlord\n|-start|p2a: Kingambit|fallen2|[silent]\n|turn|27\n|\n|t:|1700472032\n|move|p1a: Jerma|Spiky Shield|p1a: Jerma\n|-singleturn|p1a: Jerma|move: Protect\n|move|p2a: Kingambit|Swords Dance|p2a: Kingambit\n|-boost|p2a: Kingambit|atk|2\n|\n|-fieldend|move: Trick Room\n|upkeep\n|turn|28\n|j| derl\n|\n|t:|1700472035\n|move|p1a: Jerma|Encore|p2a: Kingambit\n|-start|p2a: Kingambit|Encore\n|move|p2a: Kingambit|Swords Dance|p2a: Kingambit\n|-boost|p2a: Kingambit|atk|2\n|\n|upkeep\n|turn|29\n|\n|t:|1700472038\n|move|p1a: Jerma|Ivy Cudgel|p2a: Kingambit|[anim] Ivy Cudgel Rock\n|-resisted|p2a: Kingambit\n|-damage|p2a: Kingambit|78\/100\n|move|p2a: Kingambit|Swords Dance|p2a: Kingambit\n|-boost|p2a: Kingambit|atk|2\n|\n|-heal|p2a: Kingambit|84\/100|[from] item: Leftovers\n|upkeep\n|turn|30\n|\n|t:|1700472040\n|move|p1a: Jerma|Ivy Cudgel|p2a: Kingambit|[anim] Ivy Cudgel Rock\n|-resisted|p2a: Kingambit\n|-damage|p2a: Kingambit|62\/100\n|move|p2a: Kingambit|Swords Dance|p2a: Kingambit\n|-boost|p2a: Kingambit|atk|0\n|\n|-heal|p2a: Kingambit|68\/100|[from] item: Leftovers\n|-end|p2a: Kingambit|Encore\n|upkeep\n|turn|31\n|\n|t:|1700472045\n|move|p1a: Jerma|Encore|p2a: Kingambit\n|-start|p2a: Kingambit|Encore\n|move|p2a: Kingambit|Swords Dance|p2a: Kingambit\n|-boost|p2a: Kingambit|atk|0\n|\n|-heal|p2a: Kingambit|75\/100|[from] item: Leftovers\n|upkeep\n|turn|32\n|\n|t:|1700472061\n|switch|p1a: Gholdengo|Gholdengo|28\/100\n|-damage|p1a: Gholdengo|22\/100|[from] Stealth Rock\n|-end|p2a: Kingambit|fallen2|[silent]\n|switch|p2a: Hatterene|Hatterene, F, shiny|15\/100\n|\n|-heal|p2a: Hatterene|21\/100|[from] item: Leftovers\n|upkeep\n|turn|33\n|\n|t:|1700472067\n|switch|p2a: Kingambit|Kingambit, M|75\/100\n|-activate|p2a: Kingambit|ability: Supreme Overlord\n|-start|p2a: Kingambit|fallen2|[silent]\n|move|p1a: Gholdengo|Shadow Ball|p2a: Kingambit\n|-resisted|p2a: Kingambit\n|-damage|p2a: Kingambit|53\/100\n|\n|-heal|p2a: Kingambit|60\/100|[from] item: Leftovers\n|upkeep\n|turn|34\n|\n|t:|1700472071\n|move|p1a: Gholdengo|Shadow Ball|p2a: Kingambit\n|-resisted|p2a: Kingambit\n|-damage|p2a: Kingambit|40\/100\n|move|p2a: Kingambit|Iron Head|p1a: Gholdengo\n|-resisted|p1a: Gholdengo\n|-damage|p1a: Gholdengo|0 fnt\n|faint|p1a: Gholdengo\n|\n|-heal|p2a: Kingambit|46\/100|[from] item: Leftovers\n|upkeep\n|\n|t:|1700472078\n|switch|p1a: Regina George|Enamorus, F|100\/100\n|-damage|p1a: Regina George|76\/100|[from] Stealth Rock\n|turn|35\n|\n|t:|1700472087\n|-end|p2a: Kingambit|fallen2|[silent]\n|switch|p2a: Hatterene|Hatterene, F, shiny|21\/100\n|move|p1a: Regina George|Earth Power|p2a: Hatterene\n|-damage|p2a: Hatterene|0 fnt\n|faint|p2a: Hatterene\n|\n|upkeep\n|j| Ctannn\n|\n|t:|1700472095\n|switch|p2a: Ceruledge|Ceruledge, M, shiny|100\/100\n|turn|36\n|\n|t:|1700472102\n|move|p1a: Regina George|Earth Power|p2a: Ceruledge\n|-supereffective|p2a: Ceruledge\n|-damage|p2a: Ceruledge|30\/100\n|move|p2a: Ceruledge|Bitter Blade|p1a: Regina George\n|-damage|p1a: Regina George|0 fnt\n|-heal|p2a: Ceruledge|68\/100|[from] drain|[of] p1a: Regina George\n|faint|p1a: Regina George\n|\n|upkeep\n|\n|t:|1700472106\n|switch|p1a: Jerma|Ogerpon-Cornerstone, F|100\/100\n|-damage|p1a: Jerma|88\/100|[from] Stealth Rock\n|turn|37\n|\n|t:|1700472115\n|switch|p2a: Gholdengo|Gholdengo|100\/100\n|-terastallize|p1a: Jerma|Rock\n|detailschange|p1a: Jerma|Ogerpon-Cornerstone-Tera, F, tera:Rock\n|-ability|p1a: Jerma|Embody Aspect (Cornerstone)|boost\n|-boost|p1a: Jerma|def|1\n|move|p1a: Jerma|Ivy Cudgel|p2a: Gholdengo|[anim] Ivy Cudgel Rock\n|-resisted|p2a: Gholdengo\n|-damage|p2a: Gholdengo|64\/100\n|\n|-heal|p2a: Gholdengo|70\/100|[from] item: Leftovers\n|upkeep\n|turn|38\n|\n|t:|1700472122\n|switch|p1a: Kalsarin|Dragonite, F|100\/100\n|-damage|p1a: Kalsarin|76\/100|[from] Stealth Rock\n|move|p2a: Gholdengo|Reflect|p2a: Gholdengo\n|-sidestart|p2: Defog Conk Enjoyer|Reflect\n|\n|-heal|p2a: Gholdengo|76\/100|[from] item: Leftovers\n|upkeep\n|turn|39\n|\n|t:|1700472127\n|move|p2a: Gholdengo|Shadow Ball|p1a: Kalsarin\n|-damage|p1a: Kalsarin|39\/100\n|move|p1a: Kalsarin|Earthquake|p2a: Gholdengo\n|-supereffective|p2a: Gholdengo\n|-damage|p2a: Gholdengo|27\/100\n|\n|-heal|p2a: Gholdengo|33\/100|[from] item: Leftovers\n|upkeep\n|turn|40\n|\n|t:|1700472135\n|move|p2a: Gholdengo|Make It Rain|p1a: Kalsarin\n|-damage|p1a: Kalsarin|0 fnt\n|-unboost|p2a: Gholdengo|spa|1\n|faint|p1a: Kalsarin\n|\n|-heal|p2a: Gholdengo|39\/100|[from] item: Leftovers\n|upkeep\n|\n|t:|1700472137\n|switch|p1a: Jerma|Ogerpon-Cornerstone-Tera, F, tera:Rock|88\/100\n|-damage|p1a: Jerma|76\/100|[from] Stealth Rock\n|-ability|p1a: Jerma|Embody Aspect (Cornerstone)|boost\n|-boost|p1a: Jerma|def|1\n|turn|41\n|\n|t:|1700472140\n|move|p1a: Jerma|Ivy Cudgel|p2a: Gholdengo|[anim] Ivy Cudgel Rock\n|-resisted|p2a: Gholdengo\n|-damage|p2a: Gholdengo|20\/100\n|move|p2a: Gholdengo|Recover|p2a: Gholdengo\n|-heal|p2a: Gholdengo|70\/100\n|\n|-heal|p2a: Gholdengo|76\/100|[from] item: Leftovers\n|upkeep\n|turn|42\n|\n|t:|1700472144\n|move|p1a: Jerma|Ivy Cudgel|p2a: Gholdengo|[anim] Ivy Cudgel Rock\n|-resisted|p2a: Gholdengo\n|-damage|p2a: Gholdengo|60\/100\n|move|p2a: Gholdengo|Make It Rain|p1a: Jerma\n|-supereffective|p1a: Jerma\n|-damage|p1a: Jerma|0 fnt\n|-unboost|p2a: Gholdengo|spa|1\n|faint|p1a: Jerma\n|\n|win|Defog Conk Enjoyer\n|raw|deliriousdarkwolf's rating: 1658 &rarr; <strong>1639<\/strong><br \/>(-19 for losing)\n|raw|Defog Conk Enjoyer's rating: 1679 &rarr; <strong>1698<\/strong><br \/>(+19 for winning)\n|l|\u2606deliriousdarkwolf\n","uploadtime":1700472151,"views":7,"p1id":"deliriousdarkwolf","p2id":"defogconkenjoyer","formatid":"gen9ou","rating":1639,"private":0,"password":""}