{"id":"gen9ou-1997215483","p1":"cangica","p2":"FlameWolf26","format":"[Gen 9] OU","log":"|j|\u2606cangica\n|j|\u2606FlameWolf26\n|t:|1700776490\n|gametype|singles\n|player|p1|cangica|102|\n|player|p2|FlameWolf26|sabrina-lgpe|\n|teamsize|p1|6\n|teamsize|p2|6\n|gen|9\n|tier|[Gen 9] OU\n|rule|Sleep Clause Mod: Limit one foe put to sleep\n|rule|Species Clause: Limit one of each Pok\u00e9mon\n|rule|OHKO Clause: OHKO moves are banned\n|rule|Evasion Items Clause: Evasion items are banned\n|rule|Evasion Moves Clause: Evasion moves are banned\n|rule|Endless Battle Clause: Forcing endless battles is banned\n|rule|HP Percentage Mod: HP is shown in percentages\n|clearpoke\n|poke|p1|Walking Wake|\n|poke|p1|Ninetales, F|\n|poke|p1|Pincurchin, M|\n|poke|p1|Donphan, F|\n|poke|p1|Hawlucha, M|\n|poke|p1|Raichu-Alola, F|\n|poke|p2|Mew|\n|poke|p2|Ceruledge, M|\n|poke|p2|Tatsugiri-Droopy, M|\n|poke|p2|Zoroark, F|\n|poke|p2|Fezandipiti, M|\n|poke|p2|Hippopotas, F|\n|teampreview\n|c|\u2606FlameWolf26|o pincurchin solta terreno dessa vez n\u00e9 kkk\n|c|\u2606cangica|solta\n|c|\u2606cangica|conferi 3x\n|c|\u2606cangica|DASHUDAS\n|\n|t:|1700776555\n|start\n|switch|p1a: Pincurchin|Pincurchin, M|100\/100\n|switch|p2a: Minha Filhas|Tatsugiri-Droopy, M|100\/100\n|-fieldstart|move: Electric Terrain|[from] ability: Electric Surge|[of] p1a: Pincurchin\n|turn|1\n|\n|t:|1700776573\n|move|p2a: Minha Filhas|Substitute|p2a: Minha Filhas\n|-start|p2a: Minha Filhas|Substitute\n|-damage|p2a: Minha Filhas|76\/100\n|move|p1a: Pincurchin|Discharge|p2a: Minha Filhas\n|-end|p2a: Minha Filhas|Substitute\n|\n|upkeep\n|turn|2\n|\n|t:|1700776598\n|move|p2a: Minha Filhas|Substitute|p2a: Minha Filhas\n|-start|p2a: Minha Filhas|Substitute\n|-damage|p2a: Minha Filhas|51\/100\n|move|p1a: Pincurchin|Discharge|p2a: Minha Filhas\n|-end|p2a: Minha Filhas|Substitute\n|\n|upkeep\n|turn|3\n|\n|t:|1700776606\n|switch|p2a: Hippopotas|Hippopotas, F|100\/100\n|-weather|Sandstorm|[from] ability: Sand Stream|[of] p2a: Hippopotas\n|move|p1a: Pincurchin|Discharge|p2a: Hippopotas\n|-immune|p2a: Hippopotas\n|\n|-weather|Sandstorm|[upkeep]\n|-damage|p1a: Pincurchin|94\/100|[from] Sandstorm\n|upkeep\n|turn|4\n|\n|t:|1700776629\n|switch|p1a: Donphan|Donphan, F|100\/100\n|move|p2a: Hippopotas|Stealth Rock|p1a: Donphan\n|-sidestart|p1: cangica|move: Stealth Rock\n|\n|-weather|Sandstorm|[upkeep]\n|upkeep\n|turn|5\n|\n|t:|1700776658\n|switch|p2a: Minha Filhas|Tatsugiri-Droopy, M|100\/100\n|move|p1a: Donphan|Stealth Rock|p2a: Minha Filhas\n|-sidestart|p2: FlameWolf26|move: Stealth Rock\n|\n|-weather|Sandstorm|[upkeep]\n|-damage|p2a: Minha Filhas|94\/100|[from] Sandstorm\n|upkeep\n|turn|6\n|\n|t:|1700776685\n|move|p2a: Minha Filhas|Rapid Spin|p1a: Donphan\n|-damage|p1a: Donphan|97\/100\n|-boost|p2a: Minha Filhas|spe|1\n|-damage|p2a: Minha Filhas|78\/100|[from] item: Rocky Helmet|[of] p1a: Donphan\n|-sideend|p2: FlameWolf26|Stealth Rock|[from] move: Rapid Spin|[of] p2a: Minha Filhas\n|move|p1a: Donphan|Rapid Spin|p2a: Minha Filhas\n|-damage|p2a: Minha Filhas|54\/100\n|-boost|p1a: Donphan|spe|1\n|-sideend|p1: cangica|Stealth Rock|[from] move: Rapid Spin|[of] p1a: Donphan\n|\n|-weather|Sandstorm|[upkeep]\n|-damage|p2a: Minha Filhas|48\/100|[from] Sandstorm\n|upkeep\n|turn|7\n|\n|t:|1700776717\n|switch|p1a: Ninetales|Ninetales, F|100\/100\n|-weather|SunnyDay|[from] ability: Drought|[of] p1a: Ninetales\n|move|p2a: Minha Filhas|Surf|p1a: Ninetales\n|-supereffective|p1a: Ninetales\n|-damage|p1a: Ninetales|50\/100\n|\n|-weather|SunnyDay|[upkeep]\n|upkeep\n|turn|8\n|inactive|Battle timer is ON: inactive players will automatically lose when time's up. (requested by FlameWolf26)\n|\n|t:|1700776790\n|switch|p1a: Raichu|Raichu-Alola, F|100\/100\n|move|p2a: Minha Filhas|Draco Meteor|p1a: Raichu\n|-damage|p1a: Raichu|2\/100\n|-unboost|p2a: Minha Filhas|spa|2\n|\n|-weather|SunnyDay|[upkeep]\n|-fieldend|move: Electric Terrain\n|upkeep\n|turn|9\n|\n|t:|1700776816\n|switch|p2a: Hippopotas|Hippopotas, F|100\/100\n|-weather|Sandstorm|[from] ability: Sand Stream|[of] p2a: Hippopotas\n|switch|p1a: Pincurchin|Pincurchin, M|94\/100\n|-fieldstart|move: Electric Terrain|[from] ability: Electric Surge|[of] p1a: Pincurchin\n|\n|-weather|Sandstorm|[upkeep]\n|-damage|p1a: Pincurchin|88\/100|[from] Sandstorm\n|upkeep\n|turn|10\n|inactive|FlameWolf26 has 270 seconds left.\n|inactive|cangica has 270 seconds left.\n|\n|t:|1700776856\n|switch|p2a: Minha Filhas|Tatsugiri-Droopy, M|48\/100\n|switch|p1a: Donphan|Donphan, F|97\/100\n|\n|-weather|Sandstorm|[upkeep]\n|-damage|p2a: Minha Filhas|42\/100|[from] Sandstorm\n|upkeep\n|turn|11\n|inactive|cangica has 270 seconds left.\n|inactive|FlameWolf26 has 240 seconds left.\n|inactive|cangica has 240 seconds left.\n|\n|t:|1700776907\n|-terastallize|p1a: Donphan|Ghost\n|move|p2a: Minha Filhas|Draco Meteor|p1a: Donphan\n|-damage|p1a: Donphan|5\/100\n|-unboost|p2a: Minha Filhas|spa|2\n|move|p1a: Donphan|Earthquake|p2a: Minha Filhas\n|-damage|p2a: Minha Filhas|0 fnt\n|faint|p2a: Minha Filhas\n|\n|-weather|Sandstorm|[upkeep]\n|-damage|p1a: Donphan|0 fnt|[from] Sandstorm\n|faint|p1a: Donphan\n|upkeep\n|inactive|FlameWolf26 has 210 seconds left.\n|inactive|cangica has 210 seconds left.\n|\n|t:|1700776953\n|switch|p2a: Hippopotas|Hippopotas, F|100\/100\n|switch|p1a: Ninetales|Ninetales, F|50\/100\n|-weather|SunnyDay|[from] ability: Drought|[of] p1a: Ninetales\n|-weather|Sandstorm|[from] ability: Sand Stream|[of] p2a: Hippopotas\n|turn|12\n|\n|t:|1700776978\n|move|p1a: Ninetales|Healing Wish|p1a: Ninetales\n|faint|p1a: Ninetales\n|move|p2a: Hippopotas|Stealth Rock|p1: Ninetales\n|-sidestart|p1: cangica|move: Stealth Rock\n|\n|-weather|Sandstorm|[upkeep]\n|upkeep\n|\n|t:|1700776983\n|switch|p1a: Raichu|Raichu-Alola, F|2\/100\n|-heal|p1a: Raichu|100\/100|[from] move: Healing Wish\n|-damage|p1a: Raichu|88\/100|[from] Stealth Rock\n|turn|13\n|inactive|FlameWolf26 has 210 seconds left.\n|inactive|cangica has 180 seconds left.\n|inactive|FlameWolf26 has 180 seconds left.\n|inactive|cangica has 150 seconds left.\n|\n|t:|1700777038\n|move|p1a: Raichu|Surf|p2a: Hippopotas\n|-supereffective|p2a: Hippopotas\n|-damage|p2a: Hippopotas|40\/100\n|-damage|p1a: Raichu|78\/100|[from] item: Life Orb\n|move|p2a: Hippopotas|Earthquake|p1a: Raichu\n|-supereffective|p1a: Raichu\n|-damage|p1a: Raichu|0 fnt\n|faint|p1a: Raichu\n|\n|-weather|Sandstorm|[upkeep]\n|upkeep\n|\n|t:|1700777061\n|switch|p1a: Walking Wake|Walking Wake|100\/100\n|-damage|p1a: Walking Wake|88\/100|[from] Stealth Rock\n|turn|14\n|\n|t:|1700777077\n|switch|p2a: Mew|Mew, shiny|100\/100\n|move|p1a: Walking Wake|Hydro Steam|p2a: Mew\n|-damage|p2a: Mew|51\/100\n|\n|-weather|Sandstorm|[upkeep]\n|-damage|p1a: Walking Wake|82\/100|[from] Sandstorm\n|-damage|p2a: Mew|44\/100|[from] Sandstorm\n|-heal|p2a: Mew|51\/100|[from] item: Leftovers\n|upkeep\n|turn|15\n|inactive|FlameWolf26 has 180 seconds left.\n|\n|t:|1700777101\n|move|p1a: Walking Wake|Hydro Steam|p2a: Mew\n|-damage|p2a: Mew|0 fnt\n|faint|p2a: Mew\n|\n|-weather|Sandstorm|[upkeep]\n|-damage|p1a: Walking Wake|76\/100|[from] Sandstorm\n|upkeep\n|\n|t:|1700777104\n|switch|p2a: Fezandipiti|Fezandipiti, M|100\/100\n|turn|16\n|inactive|FlameWolf26 has 180 seconds left.\n|\n|t:|1700777134\n|move|p1a: Walking Wake|Hydro Steam|p2a: Fezandipiti\n|-damage|p2a: Fezandipiti|66\/100\n|move|p2a: Fezandipiti|Play Rough|p1a: Walking Wake\n|-supereffective|p1a: Walking Wake\n|-damage|p1a: Walking Wake|18\/100\n|\n|-weather|none\n|-heal|p2a: Fezandipiti|72\/100|[from] item: Leftovers\n|-fieldend|move: Electric Terrain\n|upkeep\n|turn|17\n|\n|t:|1700777155\n|-end|p1a: Walking Wake|Protosynthesis|[silent]\n|switch|p1a: Pincurchin|Pincurchin, M|88\/100\n|-damage|p1a: Pincurchin|76\/100|[from] Stealth Rock\n|-fieldstart|move: Electric Terrain|[from] ability: Electric Surge|[of] p1a: Pincurchin\n|move|p2a: Fezandipiti|Roost|p2a: Fezandipiti\n|-heal|p2a: Fezandipiti|100\/100\n|-singleturn|p2a: Fezandipiti|move: Roost\n|\n|upkeep\n|turn|18\n|inactive|cangica has 120 seconds left.\n|\n|t:|1700777181\n|move|p2a: Fezandipiti|U-turn|p1a: Pincurchin\n|-damage|p1a: Pincurchin|63\/100\n|-status|p1a: Pincurchin|tox|[from] ability: Toxic Chain|[of] p2a: Fezandipiti\n|\n|t:|1700777185\n|switch|p2a: Hippopotas|Hippopotas, F|40\/100|[from] U-turn\n|-weather|Sandstorm|[from] ability: Sand Stream|[of] p2a: Hippopotas\n|move|p1a: Pincurchin|Spikes|p2a: Hippopotas\n|-sidestart|p2: FlameWolf26|Spikes\n|\n|-weather|Sandstorm|[upkeep]\n|-damage|p1a: Pincurchin|57\/100 tox|[from] Sandstorm\n|-damage|p1a: Pincurchin|51\/100 tox|[from] psn\n|upkeep\n|turn|19\n|inactive|cangica has 120 seconds left.\n|\n|t:|1700777210\n|move|p2a: Hippopotas|Slack Off|p2a: Hippopotas\n|-heal|p2a: Hippopotas|90\/100\n|move|p1a: Pincurchin|Spikes|p2a: Hippopotas\n|-sidestart|p2: FlameWolf26|Spikes\n|\n|-weather|Sandstorm|[upkeep]\n|-damage|p1a: Pincurchin|45\/100 tox|[from] Sandstorm\n|-damage|p1a: Pincurchin|33\/100 tox|[from] psn\n|upkeep\n|turn|20\n|\n|t:|1700777224\n|move|p1a: Pincurchin|Sucker Punch||[still]\n|-fail|p1a: Pincurchin\n|move|p2a: Hippopotas|Whirlwind|p1a: Pincurchin\n|drag|p1a: Walking Wake|Walking Wake|18\/100\n|-damage|p1a: Walking Wake|5\/100|[from] Stealth Rock\n|\n|-weather|Sandstorm|[upkeep]\n|-damage|p1a: Walking Wake|0 fnt|[from] Sandstorm\n|faint|p1a: Walking Wake\n|-end|p1a: Walking Wake|Protosynthesis|[silent]\n|upkeep\n|\n|t:|1700777230\n|switch|p1a: Hawlucha|Hawlucha, M|100\/100\n|-damage|p1a: Hawlucha|88\/100|[from] Stealth Rock\n|-enditem|p1a: Hawlucha|Electric Seed\n|-boost|p1a: Hawlucha|def|1|[from] item: Electric Seed\n|turn|21\n|inactive|FlameWolf26 has 180 seconds left.\n|\n|t:|1700777255\n|move|p1a: Hawlucha|Close Combat|p2a: Hippopotas\n|-damage|p2a: Hippopotas|49\/100\n|-unboost|p1a: Hawlucha|def|1\n|-unboost|p1a: Hawlucha|spd|1\n|move|p2a: Hippopotas|Whirlwind|p1a: Hawlucha\n|drag|p1a: Pincurchin|Pincurchin, M|33\/100 tox\n|-damage|p1a: Pincurchin|20\/100 tox|[from] Stealth Rock\n|\n|-weather|Sandstorm|[upkeep]\n|-damage|p1a: Pincurchin|15\/100 tox|[from] Sandstorm\n|-damage|p1a: Pincurchin|8\/100 tox|[from] psn\n|upkeep\n|turn|22\n|inactive|FlameWolf26 has 180 seconds left.\n|\n|t:|1700777268\n|move|p2a: Hippopotas|Slack Off|p2a: Hippopotas\n|-heal|p2a: Hippopotas|99\/100\n|move|p1a: Pincurchin|Spikes|p2a: Hippopotas\n|-sidestart|p2: FlameWolf26|Spikes\n|\n|-weather|none\n|-damage|p1a: Pincurchin|0 fnt|[from] psn\n|faint|p1a: Pincurchin\n|upkeep\n|\n|t:|1700777272\n|switch|p1a: Hawlucha|Hawlucha, M|88\/100\n|-damage|p1a: Hawlucha|76\/100|[from] Stealth Rock\n|turn|23\n|inactive|FlameWolf26 has 180 seconds left.\n|\n|t:|1700777302\n|switch|p2a: Fezandipiti|Fezandipiti, M|100\/100\n|-damage|p2a: Fezandipiti|76\/100|[from] Spikes\n|move|p1a: Hawlucha|Swords Dance|p1a: Hawlucha\n|-boost|p1a: Hawlucha|atk|2\n|\n|-heal|p2a: Fezandipiti|82\/100|[from] item: Leftovers\n|upkeep\n|turn|24\n|\n|t:|1700777314\n|-terastallize|p2a: Fezandipiti|Fairy\n|move|p1a: Hawlucha|Acrobatics|p2a: Fezandipiti\n|-damage|p2a: Fezandipiti|0 fnt\n|faint|p2a: Fezandipiti\n|\n|-fieldend|move: Electric Terrain\n|upkeep\n|\n|t:|1700777320\n|switch|p2a: Hippopotas|Hippopotas, F|99\/100\n|-damage|p2a: Hippopotas|75\/100|[from] Spikes\n|-weather|Sandstorm|[from] ability: Sand Stream|[of] p2a: Hippopotas\n|turn|25\n|inactive|cangica has 120 seconds left.\n|\n|t:|1700777349\n|switch|p2a: Ceruledge|Ceruledge, M|51\/100\n|-damage|p2a: Ceruledge|26\/100|[from] Spikes\n|move|p1a: Hawlucha|Swords Dance|p1a: Hawlucha\n|-boost|p1a: Hawlucha|atk|2\n|\n|-weather|Sandstorm|[upkeep]\n|-damage|p2a: Ceruledge|20\/100|[from] Sandstorm\n|-damage|p1a: Hawlucha|70\/100|[from] Sandstorm\n|-enditem|p2a: Ceruledge|Salac Berry|[eat]\n|-boost|p2a: Ceruledge|spe|1|[from] item: Salac Berry\n|upkeep\n|turn|26\n|inactive|FlameWolf26 has 150 seconds left.\n|\n|t:|1700777376\n|move|p2a: Ceruledge|Flamethrower|p1a: Hawlucha\n|-damage|p1a: Hawlucha|24\/100\n|move|p1a: Hawlucha|Acrobatics|p2a: Ceruledge\n|-damage|p2a: Ceruledge|0 fnt\n|replace|p2a: Zoroark|Zoroark, F, shiny\n|-end|p2a: Zoroark|Illusion\n|faint|p2a: Zoroark\n|\n|-weather|Sandstorm|[upkeep]\n|-damage|p1a: Hawlucha|18\/100|[from] Sandstorm\n|upkeep\n|\n|t:|1700777387\n|switch|p2a: Ceruledge|Ceruledge, M|100\/100\n|-damage|p2a: Ceruledge|76\/100|[from] Spikes\n|turn|27\n|\n|t:|1700777392\n|move|p2a: Ceruledge|Shadow Sneak|p1a: Hawlucha\n|-damage|p1a: Hawlucha|0 fnt\n|faint|p1a: Hawlucha\n|\n|win|FlameWolf26\n|c|\u2606FlameWolf26|gg\n|c|\u2606cangica|gg\n","uploadtime":1700777407,"views":13,"p1id":"cangica","p2id":"flamewolf26","formatid":"gen9ou","rating":0,"private":0,"password":""}