{"id":"gen9ou-1993227116","p1":"CyberH3","p2":"Silviotsa","format":"[Gen 9] OU","log":"|j|\u2606CyberH3\n|j|\u2606Silviotsa\n|t:|1700280785\n|gametype|singles\n|player|p1|CyberH3|mars|1365\n|player|p2|Silviotsa|266|1425\n|teamsize|p1|6\n|teamsize|p2|6\n|gen|9\n|tier|[Gen 9] OU\n|rated|\n|rule|Sleep Clause Mod: Limit one foe put to sleep\n|rule|Species Clause: Limit one of each Pok\u00e9mon\n|rule|OHKO Clause: OHKO moves are banned\n|rule|Evasion Items Clause: Evasion items are banned\n|rule|Evasion Moves Clause: Evasion moves are banned\n|rule|Endless Battle Clause: Forcing endless battles is banned\n|rule|HP Percentage Mod: HP is shown in percentages\n|clearpoke\n|poke|p1|Goodra-Hisui, M|\n|poke|p1|Scizor, F|\n|poke|p1|Mimikyu, F|\n|poke|p1|Iron Valiant|\n|poke|p1|Talonflame, F|\n|poke|p1|Lokix, M|\n|poke|p2|Rillaboom, F|\n|poke|p2|Sneasler, M|\n|poke|p2|Glimmora, M|\n|poke|p2|Iron Valiant|\n|poke|p2|Dragapult, F|\n|poke|p2|Ogerpon-Wellspring, F|\n|teampreview\n|inactive|Battle timer is ON: inactive players will automatically lose when time's up. (requested by Silviotsa)\n|\n|t:|1700280797\n|start\n|switch|p1a: The XO|Talonflame, F|100\/100\n|switch|p2a: Glimmora|Glimmora, M|100\/100\n|turn|1\n|\n|t:|1700280801\n|move|p1a: The XO|Taunt|p2a: Glimmora\n|-start|p2a: Glimmora|move: Taunt\n|move|p2a: Glimmora|Mortal Spin|p1a: The XO\n|-damage|p1a: The XO|91\/100\n|-status|p1a: The XO|psn\n|\n|-heal|p1a: The XO|97\/100 psn|[from] item: Leftovers\n|-damage|p1a: The XO|85\/100 psn|[from] psn\n|upkeep\n|turn|2\n|\n|t:|1700280816\n|switch|p1a: Snailtare|Goodra-Hisui, M|100\/100\n|switch|p2a: Dragapult|Dragapult, F|100\/100\n|\n|upkeep\n|turn|3\n|\n|t:|1700280823\n|move|p2a: Dragapult|Substitute|p2a: Dragapult\n|-start|p2a: Dragapult|Substitute\n|-damage|p2a: Dragapult|76\/100\n|move|p1a: Snailtare|Ice Beam|p2a: Dragapult\n|-supereffective|p2a: Dragapult\n|-end|p2a: Dragapult|Substitute\n|\n|-heal|p2a: Dragapult|82\/100|[from] item: Leftovers\n|upkeep\n|turn|4\n|\n|t:|1700280831\n|move|p2a: Dragapult|Thunder Wave|p1a: Snailtare\n|-status|p1a: Snailtare|par\n|move|p1a: Snailtare|Ice Beam|p2a: Dragapult\n|-supereffective|p2a: Dragapult\n|-damage|p2a: Dragapult|0 fnt\n|faint|p2a: Dragapult\n|\n|upkeep\n|\n|t:|1700280843\n|switch|p2a: Ogerpon|Ogerpon-Wellspring, F|100\/100\n|turn|5\n|\n|t:|1700280849\n|-terastallize|p2a: Ogerpon|Water\n|detailschange|p2a: Ogerpon|Ogerpon-Wellspring-Tera, F, tera:Water\n|-ability|p2a: Ogerpon|Embody Aspect (Wellspring)|boost\n|-boost|p2a: Ogerpon|spd|1\n|move|p2a: Ogerpon|Swords Dance|p2a: Ogerpon\n|-boost|p2a: Ogerpon|atk|2\n|cant|p1a: Snailtare|par\n|\n|upkeep\n|turn|6\n|\n|t:|1700280857\n|move|p2a: Ogerpon|Ivy Cudgel|p1a: Snailtare|[anim] Ivy Cudgel Water\n|-resisted|p1a: Snailtare\n|-damage|p1a: Snailtare|27\/100 par\n|move|p1a: Snailtare|Draco Meteor|p2a: Ogerpon\n|-damage|p2a: Ogerpon|53\/100\n|-unboost|p1a: Snailtare|spa|2\n|\n|-heal|p1a: Snailtare|33\/100 par|[from] item: Leftovers\n|upkeep\n|turn|7\n|\n|t:|1700280863\n|move|p1a: Snailtare|Protect|p1a: Snailtare\n|-singleturn|p1a: Snailtare|Protect\n|move|p2a: Ogerpon|Ivy Cudgel|p1a: Snailtare|[anim] Ivy Cudgel Water\n|-activate|p1a: Snailtare|move: Protect\n|\n|-heal|p1a: Snailtare|39\/100 par|[from] item: Leftovers\n|upkeep\n|turn|8\n|\n|t:|1700280869\n|move|p2a: Ogerpon|Ivy Cudgel|p1a: Snailtare|[anim] Ivy Cudgel Water\n|-resisted|p1a: Snailtare\n|-damage|p1a: Snailtare|0 fnt\n|faint|p1a: Snailtare\n|\n|upkeep\n|\n|t:|1700280880\n|switch|p1a: The XO|Talonflame, F|85\/100 psn\n|turn|9\n|\n|t:|1700280884\n|move|p1a: The XO|Will-O-Wisp|p2a: Ogerpon\n|-status|p2a: Ogerpon|brn\n|move|p2a: Ogerpon|Ivy Cudgel|p1a: The XO|[anim] Ivy Cudgel Water\n|-supereffective|p1a: The XO\n|-damage|p1a: The XO|0 fnt\n|faint|p1a: The XO\n|\n|-damage|p2a: Ogerpon|47\/100 brn|[from] brn\n|upkeep\n|\n|t:|1700280888\n|switch|p1a: Morf LeRosh|Lokix, M|100\/100\n|turn|10\n|\n|t:|1700280892\n|move|p1a: Morf LeRosh|First Impression|p2a: Ogerpon\n|-damage|p2a: Ogerpon|0 fnt\n|faint|p2a: Ogerpon\n|-damage|p1a: Morf LeRosh|91\/100|[from] item: Life Orb\n|\n|upkeep\n|\n|t:|1700280897\n|switch|p2a: Glimmora|Glimmora, M|100\/100\n|turn|11\n|\n|t:|1700280903\n|move|p1a: Morf LeRosh|Axe Kick|p2a: Glimmora\n|-damage|p2a: Glimmora|46\/100\n|-activate|p2a: Glimmora|ability: Toxic Debris\n|-sidestart|p1: CyberH3|move: Toxic Spikes\n|-damage|p1a: Morf LeRosh|81\/100|[from] item: Life Orb\n|move|p2a: Glimmora|Stealth Rock|p1a: Morf LeRosh\n|-sidestart|p1: CyberH3|move: Stealth Rock\n|\n|upkeep\n|turn|12\n|\n|t:|1700280916\n|move|p1a: Morf LeRosh|Knock Off|p2a: Glimmora\n|-damage|p2a: Glimmora|0 fnt\n|-activate|p2a: Glimmora|ability: Toxic Debris\n|-sidestart|p1: CyberH3|move: Toxic Spikes\n|-enditem|p2a: Glimmora|Focus Sash|[from] move: Knock Off|[of] p1a: Morf LeRosh\n|faint|p2a: Glimmora\n|-damage|p1a: Morf LeRosh|71\/100|[from] item: Life Orb\n|\n|upkeep\n|\n|t:|1700280921\n|switch|p2a: Iron Valiant|Iron Valiant|100\/100\n|-enditem|p2a: Iron Valiant|Booster Energy\n|-activate|p2a: Iron Valiant|ability: Quark Drive|[fromitem]\n|-start|p2a: Iron Valiant|quarkdrivespe\n|turn|13\n|\n|t:|1700280928\n|move|p2a: Iron Valiant|Calm Mind|p2a: Iron Valiant\n|-boost|p2a: Iron Valiant|spa|1\n|-boost|p2a: Iron Valiant|spd|1\n|move|p1a: Morf LeRosh|Axe Kick|p2a: Iron Valiant\n|-resisted|p2a: Iron Valiant\n|-damage|p2a: Iron Valiant|45\/100\n|-damage|p1a: Morf LeRosh|61\/100|[from] item: Life Orb\n|\n|upkeep\n|turn|14\n|\n|t:|1700280935\n|switch|p1a: Eat With Scissors|Scizor, F|100\/100\n|-damage|p1a: Eat With Scissors|88\/100|[from] Stealth Rock\n|move|p2a: Iron Valiant|Moonblast|p1a: Eat With Scissors\n|-resisted|p1a: Eat With Scissors\n|-damage|p1a: Eat With Scissors|44\/100\n|\n|upkeep\n|turn|15\n|\n|t:|1700280944\n|move|p1a: Eat With Scissors|Bullet Punch|p2a: Iron Valiant\n|-supereffective|p2a: Iron Valiant\n|-damage|p2a: Iron Valiant|0 fnt\n|faint|p2a: Iron Valiant\n|-end|p2a: Iron Valiant|Quark Drive|[silent]\n|-damage|p1a: Eat With Scissors|34\/100|[from] item: Life Orb\n|\n|upkeep\n|\n|t:|1700280947\n|switch|p2a: Sneasler|Sneasler, M|100\/100\n|turn|16\n|\n|t:|1700280952\n|-terastallize|p1a: Eat With Scissors|Steel\n|move|p1a: Eat With Scissors|Bullet Punch|p2a: Sneasler\n|-damage|p2a: Sneasler|0 fnt\n|faint|p2a: Sneasler\n|-damage|p1a: Eat With Scissors|24\/100|[from] item: Life Orb\n|\n|upkeep\n|-message|Silviotsa forfeited.\n|\n|win|CyberH3\n|raw|CyberH3's rating: 1365 &rarr; <strong>1388<\/strong><br \/>(+23 for winning)\n|raw|Silviotsa's rating: 1425 &rarr; <strong>1402<\/strong><br \/>(-23 for losing)\n|l|\u2606Silviotsa\n","uploadtime":1700280960,"views":12,"p1id":"cyberh3","p2id":"silviotsa","formatid":"gen9ou","rating":1388,"private":0,"password":""}