{"id":"gen9ou-1994562097","p1":"gett guuud","p2":"damn im permaban","format":"[Gen 9] OU","log":"|j|\u2606gett guuud\n|j|\u203ddamn im permaban\n|t:|1700460267\n|gametype|singles\n|player|p1|gett guuud|cyclist|1538\n|player|p2|damn im permaban|morty|1375\n|teamsize|p1|6\n|teamsize|p2|6\n|gen|9\n|tier|[Gen 9] OU\n|rated|\n|rule|Sleep Clause Mod: Limit one foe put to sleep\n|rule|Species Clause: Limit one of each Pok\u00e9mon\n|rule|OHKO Clause: OHKO moves are banned\n|rule|Evasion Items Clause: Evasion items are banned\n|rule|Evasion Moves Clause: Evasion moves are banned\n|rule|Endless Battle Clause: Forcing endless battles is banned\n|rule|HP Percentage Mod: HP is shown in percentages\n|clearpoke\n|poke|p1|Corviknight, F|\n|poke|p1|Dragapult, M|\n|poke|p1|Hatterene, F|\n|poke|p1|Toxapex, M|\n|poke|p1|Chansey, F|\n|poke|p1|Garganacl, M|\n|poke|p2|Landorus-Therian, M|\n|poke|p2|Heatran, M|\n|poke|p2|Clefable, M|\n|poke|p2|Dondozo, M|\n|poke|p2|Corviknight, F|\n|poke|p2|Toxapex, F|\n|teampreview\n|inactive|Battle timer is ON: inactive players will automatically lose when time's up. (requested by gett guuud)\n|\n|t:|1700460291\n|start\n|switch|p1a: Dragapult|Dragapult, M|100\/100\n|switch|p2a: Heatran|Heatran, M|100\/100\n|turn|1\n|c|\u2606gett guuud|kek banned\n|\n|t:|1700460299\n|switch|p2a: Clefable|Clefable, M|100\/100\n|move|p1a: Dragapult|Substitute|p1a: Dragapult\n|-start|p1a: Dragapult|Substitute\n|-damage|p1a: Dragapult|76\/100\n|\n|-heal|p1a: Dragapult|82\/100|[from] item: Leftovers\n|upkeep\n|turn|2\n|\n|t:|1700460312\n|move|p1a: Dragapult|Thunder Wave|p2a: Clefable\n|-status|p2a: Clefable|par\n|move|p2a: Clefable|Moonblast|p1a: Dragapult\n|-supereffective|p1a: Dragapult\n|-end|p1a: Dragapult|Substitute\n|\n|-heal|p1a: Dragapult|88\/100|[from] item: Leftovers\n|upkeep\n|turn|3\n|\n|t:|1700460317\n|switch|p1a: Toxapex|Toxapex, M|100\/100\n|move|p2a: Clefable|Moonblast|p1a: Toxapex\n|-resisted|p1a: Toxapex\n|-damage|p1a: Toxapex|89\/100\n|\n|-heal|p1a: Toxapex|95\/100|[from] item: Black Sludge\n|upkeep\n|turn|4\n|\n|t:|1700460322\n|move|p1a: Toxapex|Toxic Spikes|p2a: Clefable\n|-sidestart|p2: damn im permaban|move: Toxic Spikes\n|cant|p2a: Clefable|par\n|\n|-heal|p1a: Toxapex|100\/100|[from] item: Black Sludge\n|upkeep\n|turn|5\n|\n|t:|1700460326\n|move|p1a: Toxapex|Toxic Spikes|p2a: Clefable\n|-sidestart|p2: damn im permaban|move: Toxic Spikes\n|move|p2a: Clefable|Stealth Rock|p1a: Toxapex\n|-sidestart|p1: gett guuud|move: Stealth Rock\n|\n|upkeep\n|turn|6\n|\n|t:|1700460330\n|switch|p2a: Heatran|Heatran, M|100\/100\n|move|p1a: Toxapex|Chilling Water|p2a: Heatran\n|-supereffective|p2a: Heatran\n|-damage|p2a: Heatran|79\/100\n|-unboost|p2a: Heatran|atk|1\n|\n|-heal|p2a: Heatran|86\/100|[from] item: Leftovers\n|upkeep\n|turn|7\n|\n|t:|1700460345\n|switch|p1a: Chansey|Chansey, F|100\/100\n|-damage|p1a: Chansey|88\/100|[from] Stealth Rock\n|move|p2a: Heatran|Magma Storm|p1a: Chansey|[miss]\n|-miss|p2a: Heatran|p1a: Chansey\n|\n|-heal|p2a: Heatran|92\/100|[from] item: Leftovers\n|upkeep\n|turn|8\n|\n|t:|1700460352\n|move|p2a: Heatran|Protect|p2a: Heatran\n|-singleturn|p2a: Heatran|Protect\n|move|p1a: Chansey|Stealth Rock|p2a: Heatran\n|-sidestart|p2: damn im permaban|move: Stealth Rock\n|\n|-heal|p2a: Heatran|98\/100|[from] item: Leftovers\n|upkeep\n|turn|9\n|\n|t:|1700460355\n|move|p2a: Heatran|Magma Storm|p1a: Chansey\n|-damage|p1a: Chansey|73\/100\n|-activate|p1a: Chansey|move: Magma Storm|[of] p2a: Heatran\n|move|p1a: Chansey|Thunder Wave|p2a: Heatran\n|-status|p2a: Heatran|par\n|\n|-heal|p2a: Heatran|100\/100 par|[from] item: Leftovers\n|-damage|p1a: Chansey|61\/100|[from] move: Magma Storm|[partiallytrapped]\n|upkeep\n|turn|10\n|\n|t:|1700460364\n|move|p2a: Heatran|Taunt|p1a: Chansey\n|-start|p1a: Chansey|move: Taunt\n|cant|p1a: Chansey|move: Taunt|Soft-Boiled\n|\n|-damage|p1a: Chansey|48\/100|[from] move: Magma Storm|[partiallytrapped]\n|upkeep\n|turn|11\n|\n|t:|1700460371\n|move|p2a: Heatran|Protect|p2a: Heatran\n|-singleturn|p2a: Heatran|Protect\n|move|p1a: Chansey|Seismic Toss|p2a: Heatran\n|-activate|p2a: Heatran|move: Protect\n|\n|-damage|p1a: Chansey|36\/100|[from] move: Magma Storm|[partiallytrapped]\n|upkeep\n|turn|12\n|\n|t:|1700460383\n|cant|p2a: Heatran|par\n|move|p1a: Chansey|Seismic Toss|p2a: Heatran\n|-damage|p2a: Heatran|70\/100 par\n|\n|-heal|p2a: Heatran|76\/100 par|[from] item: Leftovers\n|-damage|p1a: Chansey|24\/100|[from] move: Magma Storm|[partiallytrapped]\n|-end|p1a: Chansey|move: Taunt\n|upkeep\n|turn|13\n|\n|t:|1700460388\n|cant|p2a: Heatran|par\n|move|p1a: Chansey|Soft-Boiled|p1a: Chansey\n|-heal|p1a: Chansey|74\/100\n|\n|-heal|p2a: Heatran|82\/100 par|[from] item: Leftovers\n|-damage|p1a: Chansey|61\/100|[from] move: Magma Storm|[partiallytrapped]\n|upkeep\n|turn|14\n|\n|t:|1700460391\n|cant|p2a: Heatran|par\n|move|p1a: Chansey|Soft-Boiled|p1a: Chansey\n|-heal|p1a: Chansey|100\/100\n|\n|-heal|p2a: Heatran|88\/100 par|[from] item: Leftovers\n|-end|p1a: Chansey|Magma Storm|[partiallytrapped]\n|upkeep\n|turn|15\n|\n|t:|1700460398\n|switch|p1a: Dragapult|Dragapult, M|88\/100\n|-damage|p1a: Dragapult|76\/100|[from] Stealth Rock\n|cant|p2a: Heatran|par\n|\n|-heal|p1a: Dragapult|82\/100|[from] item: Leftovers\n|-heal|p2a: Heatran|94\/100 par|[from] item: Leftovers\n|upkeep\n|turn|16\n|\n|t:|1700460406\n|move|p1a: Dragapult|Substitute|p1a: Dragapult\n|-start|p1a: Dragapult|Substitute\n|-damage|p1a: Dragapult|57\/100\n|cant|p2a: Heatran|par\n|\n|-heal|p1a: Dragapult|63\/100|[from] item: Leftovers\n|-heal|p2a: Heatran|100\/100 par|[from] item: Leftovers\n|upkeep\n|turn|17\n|\n|t:|1700460414\n|move|p1a: Dragapult|Hex|p2a: Heatran\n|-damage|p2a: Heatran|51\/100 par\n|move|p2a: Heatran|Earth Power|p1a: Dragapult\n|-end|p1a: Dragapult|Substitute\n|\n|-heal|p1a: Dragapult|70\/100|[from] item: Leftovers\n|-heal|p2a: Heatran|57\/100 par|[from] item: Leftovers\n|upkeep\n|turn|18\n|\n|t:|1700460418\n|move|p1a: Dragapult|Substitute|p1a: Dragapult\n|-start|p1a: Dragapult|Substitute\n|-damage|p1a: Dragapult|45\/100\n|move|p2a: Heatran|Earth Power|p1a: Dragapult\n|-end|p1a: Dragapult|Substitute\n|\n|-heal|p1a: Dragapult|51\/100|[from] item: Leftovers\n|-heal|p2a: Heatran|64\/100 par|[from] item: Leftovers\n|upkeep\n|turn|19\n|\n|t:|1700460425\n|move|p1a: Dragapult|Substitute|p1a: Dragapult\n|-start|p1a: Dragapult|Substitute\n|-damage|p1a: Dragapult|26\/100\n|cant|p2a: Heatran|par\n|\n|-heal|p1a: Dragapult|32\/100|[from] item: Leftovers\n|-heal|p2a: Heatran|70\/100 par|[from] item: Leftovers\n|upkeep\n|turn|20\n|\n|t:|1700460429\n|move|p1a: Dragapult|Hex|p2a: Heatran\n|-damage|p2a: Heatran|26\/100 par\n|move|p2a: Heatran|Earth Power|p1a: Dragapult\n|-end|p1a: Dragapult|Substitute\n|\n|-heal|p1a: Dragapult|39\/100|[from] item: Leftovers\n|-heal|p2a: Heatran|32\/100 par|[from] item: Leftovers\n|upkeep\n|turn|21\n|\n|t:|1700460453\n|switch|p2a: Toxapex|Toxapex, F|100\/100\n|-sideend|p2: damn im permaban|move: Toxic Spikes|[of] p2a: Toxapex\n|-damage|p2a: Toxapex|88\/100|[from] Stealth Rock\n|move|p1a: Dragapult|Hex|p2a: Toxapex\n|-damage|p2a: Toxapex|70\/100\n|\n|-heal|p1a: Dragapult|45\/100|[from] item: Leftovers\n|-heal|p2a: Toxapex|76\/100|[from] item: Leftovers\n|upkeep\n|turn|22\n|\n|t:|1700460474\n|switch|p2a: Dondozo|Dondozo, M|100\/100\n|-damage|p2a: Dondozo|88\/100|[from] Stealth Rock\n|move|p1a: Dragapult|Substitute|p1a: Dragapult\n|-start|p1a: Dragapult|Substitute\n|-damage|p1a: Dragapult|20\/100\n|\n|-heal|p1a: Dragapult|26\/100|[from] item: Leftovers\n|-heal|p2a: Dondozo|94\/100|[from] item: Leftovers\n|upkeep\n|turn|23\n|\n|t:|1700460483\n|move|p1a: Dragapult|Will-O-Wisp|p2a: Dondozo\n|-status|p2a: Dondozo|brn\n|move|p2a: Dondozo|Rest|p2a: Dondozo\n|-status|p2a: Dondozo|slp|[from] move: Rest\n|-heal|p2a: Dondozo|100\/100 slp|[silent]\n|\n|-heal|p1a: Dragapult|32\/100|[from] item: Leftovers\n|upkeep\n|turn|24\n|\n|t:|1700460488\n|move|p1a: Dragapult|Hex|p2a: Dondozo\n|-damage|p2a: Dondozo|70\/100 slp\n|cant|p2a: Dondozo|slp\n|\n|-heal|p1a: Dragapult|39\/100|[from] item: Leftovers\n|-heal|p2a: Dondozo|76\/100 slp|[from] item: Leftovers\n|upkeep\n|turn|25\n|\n|t:|1700460491\n|move|p1a: Dragapult|Hex|p2a: Dondozo\n|-damage|p2a: Dondozo|49\/100 slp\n|cant|p2a: Dondozo|slp\n|move|p2a: Dondozo|Sleep Talk|p2a: Dondozo\n|move|p2a: Dondozo|Curse|p2a: Dondozo|[from]move: Sleep Talk\n|-unboost|p2a: Dondozo|spe|1\n|-boost|p2a: Dondozo|atk|1\n|-boost|p2a: Dondozo|def|1\n|\n|-heal|p1a: Dragapult|45\/100|[from] item: Leftovers\n|-heal|p2a: Dondozo|55\/100 slp|[from] item: Leftovers\n|upkeep\n|turn|26\n|\n|t:|1700460499\n|move|p1a: Dragapult|Hex|p2a: Dondozo\n|-damage|p2a: Dondozo|25\/100 slp\n|-curestatus|p2a: Dondozo|slp|[msg]\n|move|p2a: Dondozo|Rest|p2a: Dondozo\n|-status|p2a: Dondozo|slp|[from] move: Rest\n|-heal|p2a: Dondozo|100\/100 slp|[silent]\n|\n|-heal|p1a: Dragapult|51\/100|[from] item: Leftovers\n|upkeep\n|turn|27\n|\n|t:|1700460507\n|-terastallize|p1a: Dragapult|Ghost\n|move|p1a: Dragapult|Hex|p2a: Dondozo\n|-damage|p2a: Dondozo|59\/100 slp\n|cant|p2a: Dondozo|slp\n|move|p2a: Dondozo|Sleep Talk|p2a: Dondozo\n|move|p2a: Dondozo|Liquidation|p1a: Dragapult|[from]move: Sleep Talk\n|-end|p1a: Dragapult|Substitute\n|\n|-heal|p1a: Dragapult|57\/100|[from] item: Leftovers\n|-heal|p2a: Dondozo|65\/100 slp|[from] item: Leftovers\n|upkeep\n|turn|28\n|\n|t:|1700460517\n|move|p1a: Dragapult|Hex|p2a: Dondozo\n|-damage|p2a: Dondozo|25\/100 slp\n|cant|p2a: Dondozo|slp\n|move|p2a: Dondozo|Sleep Talk|p2a: Dondozo\n|move|p2a: Dondozo|Curse|p2a: Dondozo|[from]move: Sleep Talk\n|-unboost|p2a: Dondozo|spe|1\n|-boost|p2a: Dondozo|atk|1\n|-boost|p2a: Dondozo|def|1\n|\n|-heal|p1a: Dragapult|63\/100|[from] item: Leftovers\n|-heal|p2a: Dondozo|31\/100 slp|[from] item: Leftovers\n|upkeep\n|turn|29\n|c|\u2606gett guuud|ded\n|\n|t:|1700460531\n|switch|p2a: Landorus|Landorus-Therian, M|100\/100\n|-damage|p2a: Landorus|88\/100|[from] Stealth Rock\n|-ability|p2a: Landorus|Intimidate|boost\n|-unboost|p1a: Dragapult|atk|1\n|move|p1a: Dragapult|Substitute|p1a: Dragapult\n|-start|p1a: Dragapult|Substitute\n|-damage|p1a: Dragapult|39\/100\n|\n|-heal|p1a: Dragapult|45\/100|[from] item: Leftovers\n|upkeep\n|turn|30\n|\n|t:|1700460539\n|move|p2a: Landorus|U-turn|p1a: Dragapult\n|-resisted|p1a: Dragapult\n|-activate|p1a: Dragapult|move: Substitute|[damage]\n|c|\u2606gett guuud|o scarf lando\n|\n|t:|1700460550\n|switch|p2a: Heatran|Heatran, M|32\/100 par|[from] U-turn\n|-damage|p2a: Heatran|20\/100 par|[from] Stealth Rock\n|move|p1a: Dragapult|Hex|p2a: Heatran\n|-damage|p2a: Heatran|0 fnt\n|faint|p2a: Heatran\n|\n|-heal|p1a: Dragapult|51\/100|[from] item: Leftovers\n|upkeep\n|\n|t:|1700460565\n|switch|p2a: Corviknight|Corviknight, F|100\/100\n|-damage|p2a: Corviknight|88\/100|[from] Stealth Rock\n|-ability|p2a: Corviknight|Pressure\n|turn|31\n|\n|t:|1700460570\n|move|p1a: Dragapult|Will-O-Wisp|p2a: Corviknight\n|-status|p2a: Corviknight|brn\n|move|p2a: Corviknight|Agility|p2a: Corviknight\n|-boost|p2a: Corviknight|spe|2\n|\n|-heal|p1a: Dragapult|57\/100|[from] item: Leftovers\n|-heal|p2a: Corviknight|94\/100 brn|[from] item: Leftovers\n|-damage|p2a: Corviknight|88\/100 brn|[from] brn\n|upkeep\n|turn|32\n|c|\u2606gett guuud|he try to stall\n|\n|t:|1700460579\n|move|p1a: Dragapult|Hex|p2a: Corviknight\n|-damage|p2a: Corviknight|43\/100 brn\n|move|p2a: Corviknight|Agility|p2a: Corviknight\n|-boost|p2a: Corviknight|spe|2\n|\n|-heal|p2a: Corviknight|49\/100 brn|[from] item: Leftovers\n|-heal|p1a: Dragapult|63\/100|[from] item: Leftovers\n|-damage|p2a: Corviknight|43\/100 brn|[from] brn\n|upkeep\n|turn|33\n|c|\u2606gett guuud|ded\n|\n|t:|1700460588\n|-terastallize|p2a: Corviknight|Dark\n|move|p2a: Corviknight|Roost|p2a: Corviknight\n|-heal|p2a: Corviknight|93\/100 brn\n|move|p1a: Dragapult|Hex|p2a: Corviknight\n|-resisted|p2a: Corviknight\n|-damage|p2a: Corviknight|70\/100 brn\n|\n|-heal|p2a: Corviknight|76\/100 brn|[from] item: Leftovers\n|-heal|p1a: Dragapult|70\/100|[from] item: Leftovers\n|-damage|p2a: Corviknight|70\/100 brn|[from] brn\n|upkeep\n|turn|34\n|c|\u2606gett guuud|ooooh dark\n|c|\u2606gett guuud|powah trip\n|\n|t:|1700460616\n|switch|p1a: Corviknight|Corviknight, F|100\/100\n|-damage|p1a: Corviknight|88\/100|[from] Stealth Rock\n|-ability|p1a: Corviknight|Pressure\n|move|p2a: Corviknight|Bulk Up|p2a: Corviknight\n|-boost|p2a: Corviknight|atk|1\n|-boost|p2a: Corviknight|def|1\n|\n|-heal|p2a: Corviknight|76\/100 brn|[from] item: Leftovers\n|-heal|p1a: Corviknight|94\/100|[from] item: Leftovers\n|-damage|p2a: Corviknight|70\/100 brn|[from] brn\n|upkeep\n|turn|35\n|\n|t:|1700460623\n|move|p2a: Corviknight|Bulk Up|p2a: Corviknight\n|-boost|p2a: Corviknight|atk|1\n|-boost|p2a: Corviknight|def|1\n|move|p1a: Corviknight|Iron Defense|p1a: Corviknight\n|-boost|p1a: Corviknight|def|2\n|\n|-heal|p2a: Corviknight|76\/100 brn|[from] item: Leftovers\n|-heal|p1a: Corviknight|99\/100|[from] item: Leftovers\n|-damage|p2a: Corviknight|70\/100 brn|[from] brn\n|upkeep\n|turn|36\n|\n|t:|1700460632\n|move|p2a: Corviknight|Bulk Up|p2a: Corviknight\n|-boost|p2a: Corviknight|atk|1\n|-boost|p2a: Corviknight|def|1\n|move|p1a: Corviknight|Iron Defense|p1a: Corviknight\n|-boost|p1a: Corviknight|def|2\n|\n|-heal|p2a: Corviknight|76\/100 brn|[from] item: Leftovers\n|-heal|p1a: Corviknight|100\/100|[from] item: Leftovers\n|-damage|p2a: Corviknight|70\/100 brn|[from] brn\n|upkeep\n|turn|37\n|\n|t:|1700460637\n|move|p2a: Corviknight|Bulk Up|p2a: Corviknight\n|-boost|p2a: Corviknight|atk|1\n|-boost|p2a: Corviknight|def|1\n|move|p1a: Corviknight|Body Press|p2a: Corviknight\n|-supereffective|p2a: Corviknight\n|-damage|p2a: Corviknight|23\/100 brn\n|\n|-heal|p2a: Corviknight|29\/100 brn|[from] item: Leftovers\n|-damage|p2a: Corviknight|23\/100 brn|[from] brn\n|upkeep\n|turn|38\n|\n|t:|1700460643\n|move|p2a: Corviknight|Roost|p2a: Corviknight\n|-heal|p2a: Corviknight|73\/100 brn\n|move|p1a: Corviknight|Body Press|p2a: Corviknight\n|-supereffective|p2a: Corviknight\n|-damage|p2a: Corviknight|33\/100 brn\n|\n|-heal|p2a: Corviknight|39\/100 brn|[from] item: Leftovers\n|-damage|p2a: Corviknight|33\/100 brn|[from] brn\n|upkeep\n|turn|39\n|\n|t:|1700460649\n|move|p2a: Corviknight|Roost|p2a: Corviknight\n|-heal|p2a: Corviknight|83\/100 brn\n|move|p1a: Corviknight|Iron Defense|p1a: Corviknight\n|-boost|p1a: Corviknight|def|2\n|\n|-heal|p2a: Corviknight|89\/100 brn|[from] item: Leftovers\n|-damage|p2a: Corviknight|83\/100 brn|[from] brn\n|upkeep\n|turn|40\n|\n|t:|1700460654\n|move|p2a: Corviknight|Bulk Up|p2a: Corviknight\n|-boost|p2a: Corviknight|atk|1\n|-boost|p2a: Corviknight|def|1\n|move|p1a: Corviknight|Body Press|p2a: Corviknight\n|-supereffective|p2a: Corviknight\n|-damage|p2a: Corviknight|35\/100 brn\n|\n|-heal|p2a: Corviknight|41\/100 brn|[from] item: Leftovers\n|-damage|p2a: Corviknight|35\/100 brn|[from] brn\n|upkeep\n|turn|41\n|c|\u2606gett guuud|burned\n|\n|t:|1700460662\n|move|p2a: Corviknight|Roost|p2a: Corviknight\n|-heal|p2a: Corviknight|85\/100 brn\n|move|p1a: Corviknight|Body Press|p2a: Corviknight\n|-supereffective|p2a: Corviknight\n|-damage|p2a: Corviknight|34\/100 brn\n|\n|-heal|p2a: Corviknight|40\/100 brn|[from] item: Leftovers\n|-damage|p2a: Corviknight|34\/100 brn|[from] brn\n|upkeep\n|turn|42\n|\n|t:|1700460667\n|move|p2a: Corviknight|Roost|p2a: Corviknight\n|-heal|p2a: Corviknight|84\/100 brn\n|move|p1a: Corviknight|Body Press|p2a: Corviknight\n|-supereffective|p2a: Corviknight\n|-damage|p2a: Corviknight|37\/100 brn\n|\n|-heal|p2a: Corviknight|43\/100 brn|[from] item: Leftovers\n|-damage|p2a: Corviknight|37\/100 brn|[from] brn\n|upkeep\n|turn|43\n|c|\u2606gett guuud|keep roosting\n|c|\u2606gett guuud|before crit\n|\n|t:|1700460674\n|move|p2a: Corviknight|Roost|p2a: Corviknight\n|-heal|p2a: Corviknight|87\/100 brn\n|move|p1a: Corviknight|Body Press|p2a: Corviknight\n|-supereffective|p2a: Corviknight\n|-damage|p2a: Corviknight|40\/100 brn\n|\n|-heal|p2a: Corviknight|46\/100 brn|[from] item: Leftovers\n|-damage|p2a: Corviknight|40\/100 brn|[from] brn\n|upkeep\n|turn|44\n|\n|t:|1700460683\n|move|p2a: Corviknight|Roost|p2a: Corviknight\n|-heal|p2a: Corviknight|90\/100 brn\n|move|p1a: Corviknight|Body Press|p2a: Corviknight\n|-supereffective|p2a: Corviknight\n|-damage|p2a: Corviknight|39\/100 brn\n|\n|-heal|p2a: Corviknight|45\/100 brn|[from] item: Leftovers\n|-damage|p2a: Corviknight|39\/100 brn|[from] brn\n|upkeep\n|turn|45\n|\n|t:|1700460694\n|move|p2a: Corviknight|Roost|p2a: Corviknight\n|-heal|p2a: Corviknight|89\/100 brn\n|move|p1a: Corviknight|Iron Defense|p1a: Corviknight\n|-boost|p1a: Corviknight|def|0\n|\n|-heal|p2a: Corviknight|95\/100 brn|[from] item: Leftovers\n|-damage|p2a: Corviknight|89\/100 brn|[from] brn\n|upkeep\n|turn|46\n|\n|t:|1700460702\n|move|p2a: Corviknight|Power Trip|p1a: Corviknight\n|-damage|p1a: Corviknight|76\/100\n|move|p1a: Corviknight|Body Press|p2a: Corviknight\n|-supereffective|p2a: Corviknight\n|-crit|p2a: Corviknight\n|-damage|p2a: Corviknight|0 fnt\n|faint|p2a: Corviknight\n|\n|-heal|p1a: Corviknight|82\/100|[from] item: Leftovers\n|upkeep\n|c|\u2606gett guuud|cute\n|\n|t:|1700460715\n|switch|p2a: Toxapex|Toxapex, F|100\/100\n|-damage|p2a: Toxapex|88\/100|[from] Stealth Rock\n|turn|47\n|c|\u2606gett guuud|no PP\n|\n|t:|1700460723\n|move|p1a: Corviknight|Iron Defense|p1a: Corviknight\n|-boost|p1a: Corviknight|def|0\n|move|p2a: Toxapex|Haze|p2a: Toxapex\n|-clearallboost\n|\n|-heal|p1a: Corviknight|88\/100|[from] item: Leftovers\n|-heal|p2a: Toxapex|94\/100|[from] item: Leftovers\n|upkeep\n|turn|48\n|\n|t:|1700460728\n|move|p1a: Corviknight|Iron Defense|p1a: Corviknight\n|-boost|p1a: Corviknight|def|2\n|move|p2a: Toxapex|Toxic Spikes|p1a: Corviknight\n|-sidestart|p1: gett guuud|move: Toxic Spikes\n|\n|-heal|p1a: Corviknight|94\/100|[from] item: Leftovers\n|-heal|p2a: Toxapex|99\/100|[from] item: Leftovers\n|upkeep\n|turn|49\n|\n|t:|1700460732\n|move|p1a: Corviknight|Iron Defense|p1a: Corviknight\n|-boost|p1a: Corviknight|def|2\n|move|p2a: Toxapex|Toxic Spikes|p1a: Corviknight\n|-sidestart|p1: gett guuud|move: Toxic Spikes\n|\n|-heal|p1a: Corviknight|99\/100|[from] item: Leftovers\n|-heal|p2a: Toxapex|100\/100|[from] item: Leftovers\n|upkeep\n|turn|50\n|\n|t:|1700460738\n|move|p1a: Corviknight|Iron Defense|p1a: Corviknight\n|-boost|p1a: Corviknight|def|2\n|move|p2a: Toxapex|Haze|p2a: Toxapex\n|-clearallboost\n|\n|-heal|p1a: Corviknight|100\/100|[from] item: Leftovers\n|upkeep\n|turn|51\n|\n|t:|1700460746\n|switch|p1a: Toxapex|Toxapex, M|100\/100\n|-damage|p1a: Toxapex|88\/100|[from] Stealth Rock\n|-sideend|p1: gett guuud|move: Toxic Spikes|[of] p1a: Toxapex\n|switch|p2a: Clefable|Clefable, M|100\/100 par\n|\n|-heal|p1a: Toxapex|94\/100|[from] item: Black Sludge\n|upkeep\n|turn|52\n|\n|t:|1700460760\n|switch|p1a: Hatterene|Hatterene, F|100\/100\n|-damage|p1a: Hatterene|88\/100|[from] Stealth Rock\n|switch|p2a: Dondozo|Dondozo, M|31\/100 slp\n|-damage|p2a: Dondozo|19\/100 slp|[from] Stealth Rock\n|\n|-heal|p2a: Dondozo|25\/100 slp|[from] item: Leftovers\n|-heal|p1a: Hatterene|94\/100|[from] item: Leftovers\n|upkeep\n|turn|53\n|\n|t:|1700460765\n|switch|p2a: Clefable|Clefable, M|100\/100 par\n|move|p1a: Hatterene|Calm Mind|p1a: Hatterene\n|-boost|p1a: Hatterene|spa|1\n|-boost|p1a: Hatterene|spd|1\n|\n|-heal|p1a: Hatterene|99\/100|[from] item: Leftovers\n|upkeep\n|turn|54\n|-message|damn im permaban forfeited.\n|\n|win|gett guuud\n|raw|gett guuud's rating: 1538 &rarr; <strong>1549<\/strong><br \/>(+11 for winning)\n|raw|damn im permaban's rating: 1375 &rarr; <strong>1364<\/strong><br \/>(-11 for losing)\n|l|\u203ddamn im permaban\n","uploadtime":1700460781,"views":10,"p1id":"gettguuud","p2id":"damnimpermaban","formatid":"gen9ou","rating":1364,"private":0,"password":""}