{"id":"gen9ou-1995158493","p1":"paradox 420","p2":"Ruzu707","format":"[Gen 9] OU","log":"|j|\u2606paradox 420\n|j|\u2606Ruzu707\n|t:|1700529110\n|gametype|singles\n|player|p1|paradox 420|preschooler|1305\n|player|p2|Ruzu707|2|1220\n|teamsize|p1|6\n|teamsize|p2|6\n|gen|9\n|tier|[Gen 9] OU\n|rated|\n|rule|Sleep Clause Mod: Limit one foe put to sleep\n|rule|Species Clause: Limit one of each Pok\u00e9mon\n|rule|OHKO Clause: OHKO moves are banned\n|rule|Evasion Items Clause: Evasion items are banned\n|rule|Evasion Moves Clause: Evasion moves are banned\n|rule|Endless Battle Clause: Forcing endless battles is banned\n|rule|HP Percentage Mod: HP is shown in percentages\n|clearpoke\n|poke|p1|Iron Moth|\n|poke|p1|Iron Valiant|\n|poke|p1|Kingambit, F|\n|poke|p1|Great Tusk|\n|poke|p1|Samurott-Hisui, F|\n|poke|p1|Enamorus, F|\n|poke|p2|Rillaboom, M|\n|poke|p2|Iron Moth|\n|poke|p2|Ribombee, M|\n|poke|p2|Kingambit, F|\n|poke|p2|Walking Wake|\n|poke|p2|Ceruledge, F|\n|teampreview\n|\n|t:|1700529121\n|start\n|switch|p1a: Iron Moth|Iron Moth|100\/100\n|switch|p2a: Ribombee|Ribombee, M|100\/100\n|-enditem|p1a: Iron Moth|Booster Energy\n|-activate|p1a: Iron Moth|ability: Quark Drive|[fromitem]\n|-start|p1a: Iron Moth|quarkdrivespe\n|turn|1\n|\n|t:|1700529133\n|move|p1a: Iron Moth|Substitute|p1a: Iron Moth\n|-start|p1a: Iron Moth|Substitute\n|-damage|p1a: Iron Moth|76\/100\n|move|p2a: Ribombee|Sticky Web|p1a: Iron Moth\n|-sidestart|p1: paradox 420|move: Sticky Web\n|\n|upkeep\n|turn|2\n|\n|t:|1700529167\n|switch|p2a: Iron Moth|Iron Moth|100\/100\n|-enditem|p2a: Iron Moth|Booster Energy\n|-activate|p2a: Iron Moth|ability: Quark Drive|[fromitem]\n|-start|p2a: Iron Moth|quarkdrivespa\n|move|p1a: Iron Moth|Fiery Dance|p2a: Iron Moth\n|-resisted|p2a: Iron Moth\n|-crit|p2a: Iron Moth\n|-damage|p2a: Iron Moth|70\/100\n|-boost|p1a: Iron Moth|spa|1\n|\n|upkeep\n|turn|3\n|\n|t:|1700529181\n|-terastallize|p1a: Iron Moth|Water\n|move|p1a: Iron Moth|Tera Blast|p2a: Iron Moth|[anim] Tera Blast Water\n|-supereffective|p2a: Iron Moth\n|-damage|p2a: Iron Moth|0 fnt\n|faint|p2a: Iron Moth\n|-end|p2a: Iron Moth|Quark Drive|[silent]\n|\n|upkeep\n|\n|t:|1700529190\n|switch|p2a: Rillaboom|Rillaboom, M|100\/100\n|-fieldstart|move: Grassy Terrain|[from] ability: Grassy Surge|[of] p2a: Rillaboom\n|turn|4\n|\n|t:|1700529194\n|move|p2a: Rillaboom|Grassy Glide|p1a: Iron Moth\n|-supereffective|p1a: Iron Moth\n|-end|p1a: Iron Moth|Substitute\n|move|p1a: Iron Moth|Fiery Dance|p2a: Rillaboom\n|-supereffective|p2a: Rillaboom\n|-damage|p2a: Rillaboom|0 fnt\n|faint|p2a: Rillaboom\n|\n|-heal|p1a: Iron Moth|82\/100|[from] Grassy Terrain\n|upkeep\n|\n|t:|1700529207\n|switch|p2a: Ceruledge|Ceruledge, F|100\/100\n|turn|5\n|\n|t:|1700529217\n|-terastallize|p2a: Ceruledge|Grass\n|move|p1a: Iron Moth|Substitute|p1a: Iron Moth\n|-start|p1a: Iron Moth|Substitute\n|-damage|p1a: Iron Moth|57\/100\n|move|p2a: Ceruledge|Poltergeist||[still]\n|-fail|p2a: Ceruledge\n|\n|-heal|p1a: Iron Moth|63\/100|[from] Grassy Terrain\n|upkeep\n|turn|6\n|-message|Ruzu707 forfeited.\n|\n|win|paradox 420\n|raw|paradox 420's rating: 1305 &rarr; <strong>1320<\/strong><br \/>(+15 for winning)\n|raw|Ruzu707's rating: 1220 &rarr; <strong>1201<\/strong><br \/>(-19 for losing)\n|l|\u2606Ruzu707\n","uploadtime":1700529229,"views":18,"p1id":"paradox420","p2id":"ruzu707","formatid":"gen9ou","rating":1201,"private":0,"password":""}