{"id":"gen9ou-1990093568","p1":"SDK04","p2":"spiderkitty410","format":"[Gen 9] OU","log":"|j|\u2606SDK04\n|j|\u2606spiderkitty410\n|inactive|Battle timer is ON: inactive players will automatically lose when time's up.\n|t:|1699923827\n|gametype|singles\n|player|p1|SDK04|unknown|\n|player|p2|spiderkitty410|brendan|\n|teamsize|p1|6\n|teamsize|p2|6\n|gen|9\n|tier|[Gen 9] OU\n|rated|Tournament battle\n|rule|Sleep Clause Mod: Limit one foe put to sleep\n|rule|Species Clause: Limit one of each Pok\u00e9mon\n|rule|OHKO Clause: OHKO moves are banned\n|rule|Evasion Items Clause: Evasion items are banned\n|rule|Evasion Moves Clause: Evasion moves are banned\n|rule|Endless Battle Clause: Forcing endless battles is banned\n|rule|HP Percentage Mod: HP is shown in percentages\n|clearpoke\n|poke|p1|Ninetales-Alola, M|\n|poke|p1|Ogerpon-Wellspring, F|\n|poke|p1|Mew|\n|poke|p1|Kingambit, M|\n|poke|p1|Gholdengo|\n|poke|p1|Maushold|\n|poke|p2|Maushold|\n|poke|p2|Ninetales-Alola, M|\n|poke|p2|Zamazenta-*|\n|poke|p2|Ogerpon-Wellspring, F|\n|poke|p2|Iron Valiant|\n|poke|p2|Dragapult, M|\n|teampreview\n|j| yesyesir14\n|j| VicBossMG\n|j|@Disorient\n|j| lukadeska\n|\n|t:|1699923843\n|start\n|switch|p1a: cool window|Ninetales-Alola, M|100\/100\n|switch|p2a: Dragapult|Dragapult, M|100\/100\n|-weather|Snow|[from] ability: Snow Warning|[of] p1a: cool window\n|turn|1\n|\n|t:|1699923845\n|move|p2a: Dragapult|Thunder Wave|p1a: cool window\n|-status|p1a: cool window|par\n|move|p1a: cool window|Aurora Veil|p1a: cool window\n|-sidestart|p1: SDK04|move: Aurora Veil\n|\n|-weather|Snow|[upkeep]\n|upkeep\n|turn|2\n|\n|t:|1699923850\n|switch|p1a: Malicious Charity|Gholdengo|100\/100\n|-item|p1a: Malicious Charity|Air Balloon\n|move|p2a: Dragapult|Hex|p1a: Malicious Charity\n|-supereffective|p1a: Malicious Charity\n|-damage|p1a: Malicious Charity|30\/100\n|-enditem|p1a: Malicious Charity|Air Balloon\n|\n|-weather|Snow|[upkeep]\n|upkeep\n|turn|3\n|c| yesyesir14|i predict the team with maus will win\n|\n|t:|1699923854\n|move|p2a: Dragapult|Hex|p1a: Malicious Charity\n|-supereffective|p1a: Malicious Charity\n|-damage|p1a: Malicious Charity|0 fnt\n|faint|p1a: Malicious Charity\n|\n|-weather|Snow|[upkeep]\n|upkeep\n|j| ghostvein\n|c| yesyesir14|trust\n|\n|t:|1699923856\n|switch|p1a: Cheese Demon|Mew|100\/100\n|turn|4\n|\n|t:|1699923860\n|move|p2a: Dragapult|Thunder Wave|p1a: Cheese Demon\n|-status|p1a: Cheese Demon|par\n|-activate|p1a: Cheese Demon|ability: Synchronize\n|-status|p2a: Dragapult|par\n|move|p1a: Cheese Demon|Agility|p1a: Cheese Demon\n|-boost|p1a: Cheese Demon|spe|2\n|\n|-weather|Snow|[upkeep]\n|upkeep\n|turn|5\n|j| D3LA\n|\n|t:|1699923869\n|-terastallize|p1a: Cheese Demon|Fairy\n|move|p1a: Cheese Demon|Agility|p1a: Cheese Demon\n|-boost|p1a: Cheese Demon|spe|2\n|move|p2a: Dragapult|Hex|p1a: Cheese Demon\n|-damage|p1a: Cheese Demon|48\/100 par\n|\n|-weather|none\n|-heal|p1a: Cheese Demon|54\/100 par|[from] item: Leftovers\n|upkeep\n|turn|6\n|c|\u2606spiderkitty410|i have better hax trust\n|\n|t:|1699923881\n|move|p1a: Cheese Demon|Calm Mind|p1a: Cheese Demon\n|-boost|p1a: Cheese Demon|spa|1\n|-boost|p1a: Cheese Demon|spd|1\n|move|p2a: Dragapult|Hex|p1a: Cheese Demon\n|-damage|p1a: Cheese Demon|17\/100 par\n|\n|-heal|p1a: Cheese Demon|23\/100 par|[from] item: Leftovers\n|upkeep\n|turn|7\n|\n|t:|1699923886\n|cant|p1a: Cheese Demon|par\n|move|p2a: Dragapult|Hex|p1a: Cheese Demon\n|-damage|p1a: Cheese Demon|0 fnt\n|faint|p1a: Cheese Demon\n|\n|upkeep\n|\n|t:|1699923890\n|switch|p1a: Maushold|Maushold|100\/100\n|turn|8\n|c|\u2606spiderkitty410|see?\n|\n|t:|1699923897\n|switch|p2a: Ninetales|Ninetales-Alola, M|100\/100\n|-weather|Snow|[from] ability: Snow Warning|[of] p2a: Ninetales\n|move|p1a: Maushold|Tidy Up|p1a: Maushold\n|-boost|p1a: Maushold|atk|1\n|-boost|p1a: Maushold|spe|1\n|\n|-weather|Snow|[upkeep]\n|-sideend|p1: SDK04|move: Aurora Veil\n|upkeep\n|turn|9\n|\n|t:|1699923903\n|move|p1a: Maushold|Tidy Up|p1a: Maushold\n|-boost|p1a: Maushold|atk|1\n|-boost|p1a: Maushold|spe|1\n|move|p2a: Ninetales|Aurora Veil|p2a: Ninetales\n|-sidestart|p2: spiderkitty410|move: Aurora Veil\n|\n|-weather|Snow|[upkeep]\n|upkeep\n|turn|10\n|\n|t:|1699923908\n|move|p1a: Maushold|Encore|p2a: Ninetales\n|-start|p2a: Ninetales|Encore\n|move|p2a: Ninetales|Aurora Veil||[still]\n|-fail|p2a: Ninetales\n|\n|-weather|Snow|[upkeep]\n|upkeep\n|turn|11\n|\n|t:|1699923911\n|switch|p2a: Dragapult|Dragapult, M|100\/100 par\n|move|p1a: Maushold|Tidy Up|p1a: Maushold\n|-boost|p1a: Maushold|atk|1\n|-boost|p1a: Maushold|spe|1\n|\n|-weather|Snow|[upkeep]\n|upkeep\n|turn|12\n|\n|t:|1699923914\n|move|p1a: Maushold|Bite|p2a: Dragapult\n|-supereffective|p2a: Dragapult\n|-damage|p2a: Dragapult|17\/100 par\n|cant|p2a: Dragapult|par\n|\n|-weather|none\n|upkeep\n|turn|13\n|c|\u2606spiderkitty410|paraflinch\n|c|\u2606spiderkitty410|:\/\n|\n|t:|1699923926\n|move|p1a: Maushold|Bite|p2a: Dragapult\n|-supereffective|p2a: Dragapult\n|-damage|p2a: Dragapult|0 fnt\n|faint|p2a: Dragapult\n|\n|upkeep\n|\n|t:|1699923931\n|switch|p2a: Zamazenta|Zamazenta|100\/100\n|-ability|p2a: Zamazenta|Dauntless Shield|boost\n|-boost|p2a: Zamazenta|def|1\n|turn|14\n|\n|t:|1699923936\n|move|p1a: Maushold|Population Bomb|p2a: Zamazenta\n|-damage|p2a: Zamazenta|92\/100\n|-damage|p2a: Zamazenta|84\/100\n|-damage|p2a: Zamazenta|76\/100\n|-damage|p2a: Zamazenta|67\/100\n|-damage|p2a: Zamazenta|58\/100\n|-damage|p2a: Zamazenta|50\/100\n|-damage|p2a: Zamazenta|41\/100\n|-damage|p2a: Zamazenta|33\/100\n|-damage|p2a: Zamazenta|25\/100\n|-damage|p2a: Zamazenta|16\/100\n|-hitcount|p2a: Zamazenta|10\n|move|p2a: Zamazenta|Close Combat|p1a: Maushold\n|-supereffective|p1a: Maushold\n|-damage|p1a: Maushold|0 fnt\n|-unboost|p2a: Zamazenta|def|1\n|-unboost|p2a: Zamazenta|spd|1\n|faint|p1a: Maushold\n|\n|upkeep\n|\n|t:|1699923945\n|switch|p1a: cool window|Ninetales-Alola, M|100\/100 par\n|-weather|Snow|[from] ability: Snow Warning|[of] p1a: cool window\n|turn|15\n|j| Strxw To The Top.\n|c| lukadeska|oh lord the damage\n|\n|t:|1699923953\n|move|p2a: Zamazenta|Close Combat|p1a: cool window\n|-damage|p1a: cool window|56\/100 par\n|-unboost|p2a: Zamazenta|def|1\n|-unboost|p2a: Zamazenta|spd|1\n|cant|p1a: cool window|par\n|\n|-weather|Snow|[upkeep]\n|upkeep\n|turn|16\n|\n|t:|1699923961\n|move|p2a: Zamazenta|Close Combat|p1a: cool window\n|-damage|p1a: cool window|6\/100 par\n|-unboost|p2a: Zamazenta|def|1\n|-unboost|p2a: Zamazenta|spd|1\n|cant|p1a: cool window|par\n|\n|-weather|Snow|[upkeep]\n|-sideend|p2: spiderkitty410|move: Aurora Veil\n|upkeep\n|turn|17\n|\n|t:|1699923969\n|move|p2a: Zamazenta|Close Combat|p1a: cool window\n|-damage|p1a: cool window|0 fnt\n|-unboost|p2a: Zamazenta|def|1\n|-unboost|p2a: Zamazenta|spd|1\n|faint|p1a: cool window\n|\n|-weather|Snow|[upkeep]\n|upkeep\n|\n|t:|1699923972\n|switch|p1a: Bannable Offense|Kingambit, M|100\/100\n|-activate|p1a: Bannable Offense|ability: Supreme Overlord\n|-start|p1a: Bannable Offense|fallen4|[silent]\n|turn|18\n|\n|t:|1699923977\n|move|p2a: Zamazenta|Close Combat|p1a: Bannable Offense\n|-supereffective|p1a: Bannable Offense\n|-damage|p1a: Bannable Offense|0 fnt\n|-unboost|p2a: Zamazenta|def|1\n|-unboost|p2a: Zamazenta|spd|1\n|faint|p1a: Bannable Offense\n|-end|p1a: Bannable Offense|fallen4|[silent]\n|\n|-weather|Snow|[upkeep]\n|upkeep\n|\n|t:|1699923978\n|switch|p1a: \u201cI win\u201d button|Ogerpon-Wellspring, F|100\/100\n|turn|19\n|\n|t:|1699923980\n|move|p2a: Zamazenta|Close Combat|p1a: \u201cI win\u201d button\n|-damage|p1a: \u201cI win\u201d button|16\/100\n|-unboost|p2a: Zamazenta|def|1\n|-unboost|p2a: Zamazenta|spd|1\n|move|p1a: \u201cI win\u201d button|Ivy Cudgel|p2a: Zamazenta\n|-damage|p2a: Zamazenta|0 fnt\n|faint|p2a: Zamazenta\n|\n|-weather|none\n|upkeep\n|l| lukadeska\n|c|\u2606spiderkitty410|gg\n|c| Strxw To The Top.|bro got cooked\n|\n|t:|1699923986\n|switch|p2a: Iron Valiant|Iron Valiant|100\/100\n|-enditem|p2a: Iron Valiant|Booster Energy\n|-activate|p2a: Iron Valiant|ability: Quark Drive|[fromitem]\n|-start|p2a: Iron Valiant|quarkdrivespe\n|turn|20\n|l| yesyesir14\n|c|\u2606SDK04|I expected the immediate switch to Maushold when I brought Gambit out\n|\n|t:|1699924002\n|move|p2a: Iron Valiant|Thunderbolt|p1a: \u201cI win\u201d button\n|-damage|p1a: \u201cI win\u201d button|0 fnt\n|faint|p1a: \u201cI win\u201d button\n|\n|win|spiderkitty410\n|n|\u2606SDK04|sdk04\n|n|\u2606spiderkitty410|spiderkitty410\n|n| VicBossMG|vicbossmg\n|n|+Disorient|disorient\n|n| ghostvein|ghostvein\n|n| D3LA|d3la\n|n| Strxw To The Top.|strxwtothetop\n","uploadtime":1699924003,"views":12,"p1id":"sdk04","p2id":"spiderkitty410","formatid":"gen9ou","rating":0,"private":0,"password":""}