{"id":"gen9ou-1988985059","p1":"Madelaine56","p2":"YilanJIN","format":"[Gen 9] OU","log":"|j|\u2606Madelaine56\n|j|\u2606YilanJIN\n|t:|1699798473\n|gametype|singles\n|player|p1|Madelaine56|266|1094\n|player|p2|YilanJIN|benga|1115\n|teamsize|p1|6\n|teamsize|p2|6\n|gen|9\n|tier|[Gen 9] OU\n|rated|\n|rule|Sleep Clause Mod: Limit one foe put to sleep\n|rule|Species Clause: Limit one of each Pok\u00e9mon\n|rule|OHKO Clause: OHKO moves are banned\n|rule|Evasion Items Clause: Evasion items are banned\n|rule|Evasion Moves Clause: Evasion moves are banned\n|rule|Endless Battle Clause: Forcing endless battles is banned\n|rule|HP Percentage Mod: HP is shown in percentages\n|clearpoke\n|poke|p1|Infernape, M|\n|poke|p1|Gallade, M|\n|poke|p1|Ogerpon-Cornerstone, F|\n|poke|p1|Hatterene, F|\n|poke|p1|Milotic, M|\n|poke|p1|Dipplin, M|\n|poke|p2|Dragapult, F|\n|poke|p2|Iron Valiant|\n|poke|p2|Kingambit, F|\n|poke|p2|Iron Treads|\n|poke|p2|Dragonite, F|\n|poke|p2|Ogerpon-Wellspring, F|\n|teampreview\n|inactive|Battle timer is ON: inactive players will automatically lose when time's up. (requested by YilanJIN)\n|\n|t:|1699798482\n|start\n|switch|p1a: Pomdramour|Dipplin, M|100\/100\n|switch|p2a: Ogerpon|Ogerpon-Wellspring, F|100\/100\n|turn|1\n|\n|t:|1699798488\n|move|p2a: Ogerpon|U-turn|p1a: Pomdramour\n|-supereffective|p1a: Pomdramour\n|-damage|p1a: Pomdramour|68\/100\n|\n|t:|1699798491\n|switch|p2a: Iron Treads|Iron Treads|100\/100|[from] U-turn\n|-enditem|p2a: Iron Treads|Booster Energy\n|-activate|p2a: Iron Treads|ability: Quark Drive|[fromitem]\n|-start|p2a: Iron Treads|quarkdrivespe\n|move|p1a: Pomdramour|Infestation|p2a: Iron Treads\n|-resisted|p2a: Iron Treads\n|-damage|p2a: Iron Treads|98\/100\n|-activate|p2a: Iron Treads|move: Infestation|[of] p1a: Pomdramour\n|\n|-damage|p2a: Iron Treads|85\/100|[from] move: Infestation|[partiallytrapped]\n|upkeep\n|turn|2\n|inactive|Madelaine56 has 120 seconds left.\n|\n|t:|1699798530\n|move|p2a: Iron Treads|Stealth Rock|p1a: Pomdramour\n|-sidestart|p1: Madelaine56|move: Stealth Rock\n|move|p1a: Pomdramour|Recover|p1a: Pomdramour\n|-heal|p1a: Pomdramour|100\/100\n|\n|-damage|p2a: Iron Treads|73\/100|[from] move: Infestation|[partiallytrapped]\n|upkeep\n|turn|3\n|inactive|Madelaine56 has 120 seconds left.\n|\n|t:|1699798536\n|move|p2a: Iron Treads|Knock Off|p1a: Pomdramour\n|-damage|p1a: Pomdramour|86\/100\n|-activate|p1a: Pomdramour|ability: Sticky Hold\n|move|p1a: Pomdramour|Giga Drain|p2a: Iron Treads\n|-damage|p2a: Iron Treads|43\/100\n|-heal|p1a: Pomdramour|100\/100|[from] drain|[of] p2a: Iron Treads\n|\n|-damage|p2a: Iron Treads|30\/100|[from] move: Infestation|[partiallytrapped]\n|upkeep\n|turn|4\n|\n|t:|1699798547\n|move|p2a: Iron Treads|Earthquake|p1a: Pomdramour\n|-resisted|p1a: Pomdramour\n|-damage|p1a: Pomdramour|90\/100\n|move|p1a: Pomdramour|Giga Drain|p2a: Iron Treads\n|-damage|p2a: Iron Treads|2\/100\n|-heal|p1a: Pomdramour|100\/100|[from] drain|[of] p2a: Iron Treads\n|\n|-damage|p2a: Iron Treads|0 fnt|[from] move: Infestation|[partiallytrapped]\n|faint|p2a: Iron Treads\n|-end|p2a: Iron Treads|Quark Drive|[silent]\n|upkeep\n|\n|t:|1699798556\n|switch|p2a: Dragapult|Dragapult, F|100\/100\n|turn|5\n|\n|t:|1699798562\n|move|p2a: Dragapult|Dragon Dance|p2a: Dragapult\n|-boost|p2a: Dragapult|atk|1\n|-boost|p2a: Dragapult|spe|1\n|move|p1a: Pomdramour|Dragon Breath|p2a: Dragapult\n|-supereffective|p2a: Dragapult\n|-damage|p2a: Dragapult|47\/100\n|\n|upkeep\n|turn|6\n|\n|t:|1699798571\n|move|p2a: Dragapult|Dragon Darts|p1a: Pomdramour\n|-supereffective|p1a: Pomdramour\n|-damage|p1a: Pomdramour|57\/100\n|-anim|p2a: Dragapult|Dragon Darts|p1a: Pomdramour\n|-supereffective|p1a: Pomdramour\n|-damage|p1a: Pomdramour|10\/100\n|move|p1a: Pomdramour|Dragon Breath|p2a: Dragapult\n|-supereffective|p2a: Dragapult\n|-damage|p2a: Dragapult|0 fnt\n|faint|p2a: Dragapult\n|\n|upkeep\n|\n|t:|1699798577\n|switch|p2a: Kingambit|Kingambit, F|100\/100\n|-activate|p2a: Kingambit|ability: Supreme Overlord\n|-start|p2a: Kingambit|fallen2|[silent]\n|turn|7\n|\n|t:|1699798587\n|move|p2a: Kingambit|Kowtow Cleave|p1a: Pomdramour\n|-damage|p1a: Pomdramour|0 fnt\n|faint|p1a: Pomdramour\n|\n|upkeep\n|inactive|Madelaine56 has 120 seconds left.\n|\n|t:|1699798630\n|switch|p1a: Simiabraz|Infernape, M|100\/100\n|turn|8\n|\n|t:|1699798640\n|-end|p2a: Kingambit|fallen2|[silent]\n|switch|p2a: Ogerpon|Ogerpon-Wellspring, F|100\/100\n|move|p1a: Simiabraz|Aura Sphere|p2a: Ogerpon\n|-damage|p2a: Ogerpon|59\/100\n|\n|upkeep\n|turn|9\n|inactive|Madelaine56 has 120 seconds left.\n|\n|t:|1699798654\n|switch|p1a: Milobellus|Milotic, M|100\/100\n|-damage|p1a: Milobellus|88\/100|[from] Stealth Rock\n|move|p2a: Ogerpon|Ivy Cudgel|p1a: Milobellus\n|-resisted|p1a: Milobellus\n|-damage|p1a: Milobellus|68\/100\n|\n|-status|p1a: Milobellus|brn|[from] item: Flame Orb\n|upkeep\n|turn|10\n|inactive|Madelaine56 has 120 seconds left.\n|\n|t:|1699798669\n|move|p2a: Ogerpon|Horn Leech|p1a: Milobellus\n|-supereffective|p1a: Milobellus\n|-damage|p1a: Milobellus|27\/100 brn\n|-heal|p2a: Ogerpon|86\/100|[from] drain|[of] p1a: Milobellus\n|move|p1a: Milobellus|Draining Kiss|p2a: Ogerpon\n|-damage|p2a: Ogerpon|71\/100\n|-heal|p1a: Milobellus|36\/100 brn|[from] drain|[of] p2a: Ogerpon\n|\n|-damage|p1a: Milobellus|30\/100 brn|[from] brn\n|upkeep\n|turn|11\n|inactive|Madelaine56 has 120 seconds left.\n|\n|t:|1699798685\n|move|p2a: Ogerpon|Horn Leech|p1a: Milobellus\n|-supereffective|p1a: Milobellus\n|-damage|p1a: Milobellus|0 fnt\n|-heal|p2a: Ogerpon|90\/100|[from] drain|[of] p1a: Milobellus\n|faint|p1a: Milobellus\n|\n|upkeep\n|\n|t:|1699798710\n|switch|p1a: Gallame|Gallade, M|100\/100\n|-damage|p1a: Gallame|94\/100|[from] Stealth Rock\n|turn|12\n|\n|t:|1699798724\n|move|p2a: Ogerpon|Swords Dance|p2a: Ogerpon\n|-boost|p2a: Ogerpon|atk|2\n|move|p1a: Gallame|Sacred Sword|p2a: Ogerpon\n|-damage|p2a: Ogerpon|0 fnt\n|faint|p2a: Ogerpon\n|\n|upkeep\n|\n|t:|1699798732\n|switch|p2a: Kingambit|Kingambit, F|100\/100\n|-activate|p2a: Kingambit|ability: Supreme Overlord\n|-start|p2a: Kingambit|fallen3|[silent]\n|turn|13\n|\n|t:|1699798739\n|-terastallize|p1a: Gallame|Fighting\n|move|p1a: Gallame|Sacred Sword|p2a: Kingambit\n|-supereffective|p2a: Kingambit\n|-damage|p2a: Kingambit|0 fnt\n|faint|p2a: Kingambit\n|-end|p2a: Kingambit|fallen3|[silent]\n|\n|upkeep\n|\n|t:|1699798742\n|switch|p2a: Dragonite|Dragonite, F|100\/100\n|turn|14\n|\n|t:|1699798751\n|move|p1a: Gallame|Psycho Cut|p2a: Dragonite\n|-crit|p2a: Dragonite\n|-damage|p2a: Dragonite|53\/100\n|move|p2a: Dragonite|Dragon Dance|p2a: Dragonite\n|-boost|p2a: Dragonite|atk|1\n|-boost|p2a: Dragonite|spe|1\n|\n|upkeep\n|turn|15\n|inactive|Madelaine56 has 120 seconds left.\n|\n|t:|1699798761\n|move|p2a: Dragonite|Earthquake|p1a: Gallame\n|-damage|p1a: Gallame|0 fnt\n|faint|p1a: Gallame\n|\n|upkeep\n|\n|t:|1699798769\n|switch|p1a: Ogerpon|Ogerpon-Cornerstone, F|100\/100\n|-damage|p1a: Ogerpon|88\/100|[from] Stealth Rock\n|turn|16\n|inactive|Madelaine56 has 120 seconds left.\n|\n|t:|1699798775\n|-terastallize|p2a: Dragonite|Normal\n|move|p2a: Dragonite|Extreme Speed|p1a: Ogerpon\n|-resisted|p1a: Ogerpon\n|-damage|p1a: Ogerpon|54\/100\n|move|p1a: Ogerpon|Ivy Cudgel|p2a: Dragonite\n|-damage|p2a: Dragonite|0 fnt\n|faint|p2a: Dragonite\n|\n|upkeep\n|\n|t:|1699798779\n|switch|p2a: Iron Valiant|Iron Valiant|100\/100\n|-enditem|p2a: Iron Valiant|Booster Energy\n|-activate|p2a: Iron Valiant|ability: Quark Drive|[fromitem]\n|-start|p2a: Iron Valiant|quarkdrivespe\n|turn|17\n|inactive|Madelaine56 has 120 seconds left.\n|\n|t:|1699798795\n|move|p2a: Iron Valiant|Calm Mind|p2a: Iron Valiant\n|-boost|p2a: Iron Valiant|spa|1\n|-boost|p2a: Iron Valiant|spd|1\n|move|p1a: Ogerpon|Ivy Cudgel|p2a: Iron Valiant\n|-resisted|p2a: Iron Valiant\n|-damage|p2a: Iron Valiant|66\/100\n|\n|upkeep\n|turn|18\n|\n|t:|1699798804\n|move|p2a: Iron Valiant|Calm Mind|p2a: Iron Valiant\n|-boost|p2a: Iron Valiant|spa|1\n|-boost|p2a: Iron Valiant|spd|1\n|move|p1a: Ogerpon|Encore|p2a: Iron Valiant\n|-start|p2a: Iron Valiant|Encore\n|\n|upkeep\n|turn|19\n|\n|t:|1699798812\n|move|p2a: Iron Valiant|Calm Mind|p2a: Iron Valiant\n|-boost|p2a: Iron Valiant|spa|1\n|-boost|p2a: Iron Valiant|spd|1\n|move|p1a: Ogerpon|Horn Leech|p2a: Iron Valiant\n|-damage|p2a: Iron Valiant|12\/100\n|-heal|p1a: Ogerpon|80\/100|[from] drain|[of] p2a: Iron Valiant\n|\n|upkeep\n|turn|20\n|-message|YilanJIN forfeited.\n|\n|win|Madelaine56\n|raw|Madelaine56's rating: 1094 &rarr; <strong>1121<\/strong><br \/>(+27 for winning)\n|raw|YilanJIN's rating: 1115 &rarr; <strong>1088<\/strong><br \/>(-27 for losing)\n|l|\u2606YilanJIN\n","uploadtime":1699798835,"views":9,"p1id":"madelaine56","p2id":"yilanjin","formatid":"gen9ou","rating":1088,"private":0,"password":""}