{"id":"gen9ou-1997809608","p1":"Ic_mas","p2":"MxMFan","format":"[Gen 9] OU","log":"|j|\u2606Ic_mas\n|j|\u2606MxMFan\n|t:|1700855066\n|gametype|singles\n|player|p1|Ic_mas|marlon|1226\n|player|p2|MxMFan|hilda-masters2|1244\n|teamsize|p1|6\n|teamsize|p2|6\n|gen|9\n|tier|[Gen 9] OU\n|rated|\n|rule|Sleep Clause Mod: Limit one foe put to sleep\n|rule|Species Clause: Limit one of each Pok\u00e9mon\n|rule|OHKO Clause: OHKO moves are banned\n|rule|Evasion Items Clause: Evasion items are banned\n|rule|Evasion Moves Clause: Evasion moves are banned\n|rule|Endless Battle Clause: Forcing endless battles is banned\n|rule|HP Percentage Mod: HP is shown in percentages\n|clearpoke\n|poke|p1|Poliwrath, M|\n|poke|p1|Pelipper, M|\n|poke|p1|Overqwil, F|\n|poke|p1|Rillaboom, M|\n|poke|p1|Iron Treads|\n|poke|p1|Zapdos|\n|poke|p2|Sandy Shocks|\n|poke|p2|Garchomp, F|\n|poke|p2|Cinderace, M|\n|poke|p2|Amoonguss, F|\n|poke|p2|Tornadus-Therian, M|\n|poke|p2|Kingambit, M|\n|teampreview\n|inactive|Battle timer is ON: inactive players will automatically lose when time's up. (requested by MxMFan)\n|inactive|Ic_mas also wants the timer to be on.\n|\n|t:|1700855090\n|start\n|switch|p1a: Pelipper|Pelipper, M, shiny|100\/100\n|switch|p2a: Sandy Shocks|Sandy Shocks|100\/100\n|-weather|RainDance|[from] ability: Drizzle|[of] p1a: Pelipper\n|turn|1\n|inactive|MxMFan has 120 seconds left.\n|\n|t:|1700855124\n|switch|p1a: Rillaboom|Rillaboom, M, shiny|100\/100\n|-fieldstart|move: Grassy Terrain|[from] ability: Grassy Surge|[of] p1a: Rillaboom\n|move|p2a: Sandy Shocks|Earth Power|p1a: Rillaboom\n|-resisted|p1a: Rillaboom\n|-damage|p1a: Rillaboom|69\/100\n|\n|-weather|RainDance|[upkeep]\n|-heal|p1a: Rillaboom|75\/100|[from] Grassy Terrain\n|upkeep\n|turn|2\n|\n|t:|1700855141\n|-end|p2a: Sandy Shocks|Protosynthesis|[silent]\n|switch|p2a: Garchomp|Garchomp, F|100\/100\n|move|p1a: Rillaboom|Knock Off|p2a: Garchomp\n|-damage|p2a: Garchomp|66\/100\n|-damage|p1a: Rillaboom|63\/100|[from] ability: Rough Skin|[of] p2a: Garchomp\n|-damage|p1a: Rillaboom|46\/100|[from] item: Rocky Helmet|[of] p2a: Garchomp\n|-enditem|p2a: Garchomp|Rocky Helmet|[from] move: Knock Off|[of] p1a: Rillaboom\n|\n|-weather|RainDance|[upkeep]\n|-heal|p1a: Rillaboom|52\/100|[from] Grassy Terrain\n|-heal|p2a: Garchomp|73\/100|[from] Grassy Terrain\n|upkeep\n|turn|3\n|inactive|Ic_mas has 120 seconds left.\n|\n|t:|1700855180\n|switch|p1a: Poliwrath|Poliwrath, M|100\/100\n|move|p2a: Garchomp|Spikes|p1a: Poliwrath\n|-sidestart|p1: Ic_mas|Spikes\n|\n|-weather|RainDance|[upkeep]\n|-heal|p2a: Garchomp|79\/100|[from] Grassy Terrain\n|upkeep\n|turn|4\n|\n|t:|1700855185\n|move|p1a: Poliwrath|Liquidation|p2a: Garchomp\n|-crit|p2a: Garchomp\n|-damage|p2a: Garchomp|29\/100\n|-unboost|p2a: Garchomp|def|1\n|-damage|p1a: Poliwrath|88\/100|[from] ability: Rough Skin|[of] p2a: Garchomp\n|move|p2a: Garchomp|Dragon Tail|p1a: Poliwrath\n|-damage|p1a: Poliwrath|59\/100\n|drag|p1a: Rillaboom|Rillaboom, M, shiny|52\/100\n|-damage|p1a: Rillaboom|40\/100|[from] Spikes\n|\n|-weather|RainDance|[upkeep]\n|-heal|p1a: Rillaboom|46\/100|[from] Grassy Terrain\n|-heal|p2a: Garchomp|35\/100|[from] Grassy Terrain\n|upkeep\n|turn|5\n|inactive|Ic_mas has 120 seconds left.\n|\n|t:|1700855197\n|move|p1a: Rillaboom|Grassy Glide|p2a: Garchomp\n|-damage|p2a: Garchomp|0 fnt\n|-damage|p1a: Rillaboom|34\/100|[from] ability: Rough Skin|[of] p2a: Garchomp\n|faint|p2a: Garchomp\n|\n|-weather|RainDance|[upkeep]\n|-heal|p1a: Rillaboom|40\/100|[from] Grassy Terrain\n|-fieldend|move: Grassy Terrain\n|upkeep\n|\n|t:|1700855200\n|switch|p2a: Tornadus|Tornadus-Therian, M|100\/100\n|turn|6\n|inactive|Ic_mas has 120 seconds left.\n|\n|t:|1700855223\n|switch|p1a: Zapdos|Zapdos|100\/100\n|move|p2a: Tornadus|Bleakwind Storm|p1a: Zapdos\n|-resisted|p1a: Zapdos\n|-damage|p1a: Zapdos|74\/100\n|\n|-weather|RainDance|[upkeep]\n|upkeep\n|turn|7\n|\n|t:|1700855252\n|move|p2a: Tornadus|U-turn|p1a: Zapdos\n|-resisted|p1a: Zapdos\n|-damage|p1a: Zapdos|65\/100\n|-status|p2a: Tornadus|par|[from] ability: Static|[of] p1a: Zapdos\n|\n|t:|1700855254\n|switch|p2a: Sandy Shocks|Sandy Shocks|100\/100|[from] U-turn\n|move|p1a: Zapdos|Weather Ball|p2a: Sandy Shocks\n|-supereffective|p2a: Sandy Shocks\n|-damage|p2a: Sandy Shocks|18\/100\n|\n|-weather|RainDance|[upkeep]\n|upkeep\n|turn|8\n|inactive|Ic_mas has 120 seconds left.\n|\n|t:|1700855282\n|move|p2a: Sandy Shocks|Thunderbolt|p1a: Zapdos\n|-damage|p1a: Zapdos|13\/100\n|move|p1a: Zapdos|Hurricane|p2a: Sandy Shocks\n|-resisted|p2a: Sandy Shocks\n|-crit|p2a: Sandy Shocks\n|-damage|p2a: Sandy Shocks|0 fnt\n|faint|p2a: Sandy Shocks\n|-end|p2a: Sandy Shocks|Protosynthesis|[silent]\n|\n|-weather|none\n|upkeep\n|\n|t:|1700855286\n|switch|p2a: Cinderace|Cinderace, M|100\/100\n|turn|9\n|\n|t:|1700855294\n|move|p2a: Cinderace|Pyro Ball|p1a: Zapdos\n|-damage|p1a: Zapdos|0 fnt\n|faint|p1a: Zapdos\n|\n|upkeep\n|\n|t:|1700855296\n|switch|p1a: Pelipper|Pelipper, M, shiny|100\/100\n|-weather|RainDance|[from] ability: Drizzle|[of] p1a: Pelipper\n|turn|10\n|\n|t:|1700855304\n|move|p2a: Cinderace|U-turn|p1a: Pelipper\n|-start|p2a: Cinderace|typechange|Bug|[from] ability: Libero\n|-resisted|p1a: Pelipper\n|-damage|p1a: Pelipper|84\/100\n|\n|t:|1700855305\n|switch|p2a: Tornadus|Tornadus-Therian, M|100\/100 par|[from] U-turn\n|move|p1a: Pelipper|Surf|p2a: Tornadus\n|-damage|p2a: Tornadus|42\/100 par\n|\n|-weather|RainDance|[upkeep]\n|upkeep\n|turn|11\n|\n|t:|1700855316\n|move|p2a: Tornadus|Bleakwind Storm|p1a: Pelipper\n|-damage|p1a: Pelipper|35\/100\n|-unboost|p1a: Pelipper|spe|1\n|move|p1a: Pelipper|Surf|p2a: Tornadus\n|-damage|p2a: Tornadus|0 fnt\n|faint|p2a: Tornadus\n|\n|-weather|RainDance|[upkeep]\n|upkeep\n|\n|t:|1700855323\n|switch|p2a: Amoonguss|Amoonguss, F|100\/100\n|turn|12\n|\n|t:|1700855337\n|switch|p1a: Overqwil|Overqwil, F|100\/100\n|-damage|p1a: Overqwil|88\/100|[from] Spikes\n|move|p2a: Amoonguss|Grass Knot|p1a: Overqwil\n|-resisted|p1a: Overqwil\n|-crit|p1a: Overqwil\n|-damage|p1a: Overqwil|61\/100\n|\n|-weather|RainDance|[upkeep]\n|upkeep\n|turn|13\n|\n|t:|1700855349\n|move|p1a: Overqwil|Swords Dance|p1a: Overqwil\n|-boost|p1a: Overqwil|atk|2\n|move|p2a: Amoonguss|Foul Play|p1a: Overqwil\n|-resisted|p1a: Overqwil\n|-damage|p1a: Overqwil|30\/100\n|\n|-weather|RainDance|[upkeep]\n|upkeep\n|turn|14\n|\n|t:|1700855354\n|move|p1a: Overqwil|Crunch|p2a: Amoonguss\n|-damage|p2a: Amoonguss|25\/100\n|-damage|p1a: Overqwil|20\/100|[from] item: Life Orb\n|move|p2a: Amoonguss|Foul Play|p1a: Overqwil\n|-resisted|p1a: Overqwil\n|-damage|p1a: Overqwil|0 fnt\n|faint|p1a: Overqwil\n|\n|-weather|RainDance|[upkeep]\n|upkeep\n|\n|t:|1700855371\n|switch|p1a: Poliwrath|Poliwrath, M|59\/100\n|-damage|p1a: Poliwrath|47\/100|[from] Spikes\n|-enditem|p1a: Poliwrath|Sitrus Berry|[eat]\n|-heal|p1a: Poliwrath|72\/100|[from] item: Sitrus Berry\n|turn|15\n|\n|t:|1700855377\n|move|p1a: Poliwrath|Drain Punch|p2a: Amoonguss\n|-resisted|p2a: Amoonguss\n|-damage|p2a: Amoonguss|14\/100\n|-heal|p1a: Poliwrath|80\/100|[from] drain|[of] p2a: Amoonguss\n|move|p2a: Amoonguss|Grass Knot|p1a: Poliwrath\n|-supereffective|p1a: Poliwrath\n|-damage|p1a: Poliwrath|21\/100\n|\n|-weather|RainDance|[upkeep]\n|upkeep\n|turn|16\n|\n|t:|1700855386\n|move|p1a: Poliwrath|Liquidation|p2a: Amoonguss\n|-resisted|p2a: Amoonguss\n|-damage|p2a: Amoonguss|0 fnt\n|faint|p2a: Amoonguss\n|\n|-weather|RainDance|[upkeep]\n|upkeep\n|\n|t:|1700855389\n|switch|p2a: Cinderace|Cinderace, M|100\/100\n|turn|17\n|inactive|Ic_mas has 120 seconds left.\n|\n|t:|1700855439\n|move|p2a: Cinderace|Sucker Punch|p1a: Poliwrath\n|-start|p2a: Cinderace|typechange|Dark|[from] ability: Libero\n|-resisted|p1a: Poliwrath\n|-damage|p1a: Poliwrath|4\/100\n|move|p1a: Poliwrath|Liquidation|p2a: Cinderace\n|-damage|p2a: Cinderace|22\/100\n|\n|-weather|none\n|upkeep\n|turn|18\n|\n|t:|1700855450\n|switch|p1a: Rillaboom|Rillaboom, M, shiny|40\/100\n|-damage|p1a: Rillaboom|28\/100|[from] Spikes\n|-fieldstart|move: Grassy Terrain|[from] ability: Grassy Surge|[of] p1a: Rillaboom\n|move|p2a: Cinderace|U-turn|p1a: Rillaboom\n|-supereffective|p1a: Rillaboom\n|-damage|p1a: Rillaboom|0 fnt\n|faint|p1a: Rillaboom\n|\n|t:|1700855457\n|switch|p2a: Kingambit|Kingambit, M|100\/100|[from] U-turn\n|-activate|p2a: Kingambit|ability: Supreme Overlord\n|-start|p2a: Kingambit|fallen4|[silent]\n|\n|upkeep\n|\n|t:|1700855469\n|switch|p1a: Pelipper|Pelipper, M, shiny|35\/100\n|-weather|RainDance|[from] ability: Drizzle|[of] p1a: Pelipper\n|turn|19\n|\n|t:|1700855479\n|move|p1a: Pelipper|U-turn|p2a: Kingambit\n|-damage|p2a: Kingambit|94\/100\n|\n|t:|1700855484\n|switch|p1a: Iron Treads|Iron Treads|100\/100|[from] U-turn\n|-damage|p1a: Iron Treads|88\/100|[from] Spikes\n|move|p2a: Kingambit|Swords Dance|p2a: Kingambit\n|-boost|p2a: Kingambit|atk|2\n|\n|-weather|RainDance|[upkeep]\n|-heal|p1a: Iron Treads|94\/100|[from] Grassy Terrain\n|-heal|p2a: Kingambit|99\/100|[from] Grassy Terrain\n|-heal|p2a: Kingambit|100\/100|[from] item: Leftovers\n|upkeep\n|turn|20\n|\n|t:|1700855493\n|-terastallize|p2a: Kingambit|Flying\n|move|p1a: Iron Treads|Earth Power|p2a: Kingambit\n|-immune|p2a: Kingambit\n|move|p2a: Kingambit|Swords Dance|p2a: Kingambit\n|-boost|p2a: Kingambit|atk|2\n|\n|-weather|RainDance|[upkeep]\n|-heal|p1a: Iron Treads|99\/100|[from] Grassy Terrain\n|upkeep\n|turn|21\n|\n|t:|1700855501\n|move|p2a: Kingambit|Sucker Punch|p1a: Iron Treads\n|-damage|p1a: Iron Treads|0 fnt\n|faint|p1a: Iron Treads\n|-end|p1a: Iron Treads|Quark Drive|[silent]\n|\n|-weather|RainDance|[upkeep]\n|upkeep\n|-message|Ic_mas forfeited.\n|\n|win|MxMFan\n|raw|Ic_mas's rating: 1226 &rarr; <strong>1202<\/strong><br \/>(-24 for losing)\n|raw|MxMFan's rating: 1244 &rarr; <strong>1268<\/strong><br \/>(+24 for winning)\n|l|\u2606Ic_mas\n","uploadtime":1700855514,"views":2,"p1id":"icmas","p2id":"mxmfan","formatid":"gen9ou","rating":1202,"private":0,"password":""}