{"id":"gen9ou-1994462140","p1":"Nnnname","p2":"nekocatnation","format":"[Gen 9] OU","log":"|j|\u2606Nnnname\n|j|\u2606nekocatnation\n|t:|1700446676\n|gametype|singles\n|player|p1|Nnnname|maid|1124\n|player|p2|nekocatnation|ghetsis|1181\n|teamsize|p1|6\n|teamsize|p2|6\n|gen|9\n|tier|[Gen 9] OU\n|rated|\n|rule|Sleep Clause Mod: Limit one foe put to sleep\n|rule|Species Clause: Limit one of each Pok\u00e9mon\n|rule|OHKO Clause: OHKO moves are banned\n|rule|Evasion Items Clause: Evasion items are banned\n|rule|Evasion Moves Clause: Evasion moves are banned\n|rule|Endless Battle Clause: Forcing endless battles is banned\n|rule|HP Percentage Mod: HP is shown in percentages\n|clearpoke\n|poke|p1|Breloom, F|\n|poke|p1|Brambleghast, M|\n|poke|p1|Zamazenta-*|\n|poke|p1|Ribombee, F|\n|poke|p1|Hatterene, F|\n|poke|p1|Samurott-Hisui, M|\n|poke|p2|Glimmora, M|\n|poke|p2|Dragonite, M|\n|poke|p2|Kingambit, F|\n|poke|p2|Infernape, M|\n|poke|p2|Hatterene, F|\n|poke|p2|Quaquaval, M|\n|teampreview\n|\n|t:|1700446703\n|start\n|switch|p1a: Samurott|Samurott-Hisui, M|100\/100\n|switch|p2a: Glimmora|Glimmora, M|100\/100\n|-item|p2a: Glimmora|Air Balloon\n|turn|1\n|\n|t:|1700446713\n|move|p2a: Glimmora|Stealth Rock|p1a: Samurott\n|-sidestart|p1: Nnnname|move: Stealth Rock\n|move|p1a: Samurott|Razor Shell|p2a: Glimmora\n|-supereffective|p2a: Glimmora\n|-damage|p2a: Glimmora|0 fnt\n|-activate|p2a: Glimmora|ability: Toxic Debris\n|-sidestart|p1: Nnnname|move: Toxic Spikes\n|-enditem|p2a: Glimmora|Air Balloon\n|faint|p2a: Glimmora\n|\n|upkeep\n|\n|t:|1700446729\n|switch|p2a: Quaquaval|Quaquaval, M|100\/100\n|turn|2\n|\n|t:|1700446762\n|move|p2a: Quaquaval|Swords Dance|p2a: Quaquaval\n|-boost|p2a: Quaquaval|atk|2\n|move|p1a: Samurott|Taunt|p2a: Quaquaval\n|-start|p2a: Quaquaval|move: Taunt\n|\n|upkeep\n|turn|3\n|\n|t:|1700446780\n|move|p2a: Quaquaval|Close Combat|p1a: Samurott\n|-supereffective|p1a: Samurott\n|-enditem|p1a: Samurott|Focus Sash\n|-damage|p1a: Samurott|1\/100\n|-unboost|p2a: Quaquaval|def|1\n|-unboost|p2a: Quaquaval|spd|1\n|-damage|p2a: Quaquaval|91\/100|[from] item: Life Orb\n|move|p1a: Samurott|Ceaseless Edge|p2a: Quaquaval\n|-resisted|p2a: Quaquaval\n|-crit|p2a: Quaquaval\n|-damage|p2a: Quaquaval|22\/100\n|-sidestart|p2: nekocatnation|Spikes\n|\n|upkeep\n|turn|4\n|\n|t:|1700446799\n|-terastallize|p1a: Samurott|Ghost\n|move|p2a: Quaquaval|Aqua Jet|p1a: Samurott\n|-damage|p1a: Samurott|0 fnt\n|faint|p1a: Samurott\n|-ability|p2a: Quaquaval|Moxie|boost\n|-boost|p2a: Quaquaval|atk|1\n|-damage|p2a: Quaquaval|12\/100|[from] item: Life Orb\n|\n|upkeep\n|\n|t:|1700446810\n|switch|p1a: Brambleghast|Brambleghast, M|100\/100\n|turn|5\n|\n|t:|1700446838\n|move|p2a: Quaquaval|Aqua Jet|p1a: Brambleghast\n|-resisted|p1a: Brambleghast\n|-damage|p1a: Brambleghast|39\/100\n|-damage|p2a: Quaquaval|2\/100|[from] item: Life Orb\n|move|p1a: Brambleghast|Rapid Spin|p2a: Quaquaval\n|-damage|p2a: Quaquaval|0 fnt\n|-boost|p1a: Brambleghast|spe|1\n|-sideend|p1: Nnnname|Toxic Spikes|[from] move: Rapid Spin|[of] p1a: Brambleghast\n|-sideend|p1: Nnnname|Stealth Rock|[from] move: Rapid Spin|[of] p1a: Brambleghast\n|faint|p2a: Quaquaval\n|\n|upkeep\n|inactive|Battle timer is ON: inactive players will automatically lose when time's up. (requested by Nnnname)\n|\n|t:|1700446893\n|switch|p2a: Infernape|Infernape, M|100\/100\n|-damage|p2a: Infernape|88\/100|[from] Spikes\n|turn|6\n|inactive|Nnnname has 120 seconds left.\n|\n|t:|1700446940\n|switch|p1a: Hatterene|Hatterene, F|100\/100\n|move|p2a: Infernape|Knock Off|p1a: Hatterene\n|-damage|p1a: Hatterene|70\/100\n|-enditem|p1a: Hatterene|Leftovers|[from] move: Knock Off|[of] p2a: Infernape\n|\n|upkeep\n|turn|7\n|l|\u2606Nnnname\n|inactive|Nnnname disconnected and has a minute to reconnect!\n|player|p1|\n|j|\u2606Nnnname\n|inactive|Nnnname reconnected and has 95 seconds left.\n|player|p1|Nnnname|maid\n|inactive|Nnnname has 90 seconds left.\n|\n|t:|1700446971\n|switch|p2a: Kingambit|Kingambit, F|100\/100\n|-damage|p2a: Kingambit|88\/100|[from] Spikes\n|-activate|p2a: Kingambit|ability: Supreme Overlord\n|-start|p2a: Kingambit|fallen2|[silent]\n|move|p1a: Hatterene|Psyshock|p2a: Kingambit\n|-immune|p2a: Kingambit\n|\n|upkeep\n|turn|8\n|inactive|Nnnname has 90 seconds left.\n|\n|t:|1700446988\n|switch|p1a: Zamazenta|Zamazenta|100\/100\n|-ability|p1a: Zamazenta|Dauntless Shield|boost\n|-boost|p1a: Zamazenta|def|1\n|move|p2a: Kingambit|Iron Head|p1a: Zamazenta\n|-damage|p1a: Zamazenta|65\/100\n|\n|-heal|p1a: Zamazenta|71\/100|[from] item: Leftovers\n|upkeep\n|turn|9\n|inactive|Nnnname has 90 seconds left.\n|\n|t:|1700447008\n|-end|p2a: Kingambit|fallen2|[silent]\n|switch|p2a: Infernape|Infernape, M|88\/100\n|-damage|p2a: Infernape|76\/100|[from] Spikes\n|move|p1a: Zamazenta|Iron Defense|p1a: Zamazenta\n|-boost|p1a: Zamazenta|def|2\n|\n|-heal|p1a: Zamazenta|77\/100|[from] item: Leftovers\n|upkeep\n|turn|10\n|\n|t:|1700447015\n|move|p2a: Infernape|Knock Off|p1a: Zamazenta\n|-resisted|p1a: Zamazenta\n|-crit|p1a: Zamazenta\n|-damage|p1a: Zamazenta|59\/100\n|-enditem|p1a: Zamazenta|Leftovers|[from] move: Knock Off|[of] p2a: Infernape\n|move|p1a: Zamazenta|Body Press|p2a: Infernape\n|-damage|p2a: Infernape|0 fnt\n|faint|p2a: Infernape\n|\n|upkeep\n|\n|t:|1700447025\n|switch|p2a: Dragonite|Dragonite, M|100\/100\n|turn|11\n|\n|t:|1700447034\n|move|p1a: Zamazenta|Ice Fang|p2a: Dragonite\n|-supereffective|p2a: Dragonite\n|-damage|p2a: Dragonite|50\/100\n|move|p2a: Dragonite|Dragon Dance|p2a: Dragonite\n|-boost|p2a: Dragonite|atk|1\n|-boost|p2a: Dragonite|spe|1\n|\n|upkeep\n|turn|12\n|\n|t:|1700447050\n|-terastallize|p2a: Dragonite|Normal\n|move|p1a: Zamazenta|Ice Fang|p2a: Dragonite\n|-damage|p2a: Dragonite|28\/100\n|cant|p2a: Dragonite|flinch\n|\n|upkeep\n|turn|13\n|\n|t:|1700447059\n|move|p2a: Dragonite|Extreme Speed|p1a: Zamazenta\n|-damage|p1a: Zamazenta|34\/100\n|move|p1a: Zamazenta|Body Press|p2a: Dragonite\n|-supereffective|p2a: Dragonite\n|-damage|p2a: Dragonite|0 fnt\n|faint|p2a: Dragonite\n|\n|upkeep\n|\n|t:|1700447073\n|switch|p2a: Kingambit|Kingambit, F|88\/100\n|-damage|p2a: Kingambit|76\/100|[from] Spikes\n|-activate|p2a: Kingambit|ability: Supreme Overlord\n|-start|p2a: Kingambit|fallen4|[silent]\n|turn|14\n|\n|t:|1700447082\n|move|p2a: Kingambit|Sucker Punch|p1a: Zamazenta\n|-resisted|p1a: Zamazenta\n|-damage|p1a: Zamazenta|24\/100\n|move|p1a: Zamazenta|Body Press|p2a: Kingambit\n|-supereffective|p2a: Kingambit\n|-enditem|p2a: Kingambit|Chople Berry|[eat]\n|-enditem|p2a: Kingambit|Chople Berry|[weaken]\n|-damage|p2a: Kingambit|0 fnt\n|faint|p2a: Kingambit\n|-end|p2a: Kingambit|fallen4|[silent]\n|\n|upkeep\n|-message|nekocatnation forfeited.\n|\n|win|Nnnname\n|raw|Nnnname's rating: 1124 &rarr; <strong>1153<\/strong><br \/>(+29 for winning)\n|raw|nekocatnation's rating: 1181 &rarr; <strong>1152<\/strong><br \/>(-29 for losing)\n|l|\u2606nekocatnation\n|c|\u2606Nnnname|gg\n","uploadtime":1700447096,"views":18,"p1id":"nnnname","p2id":"nekocatnation","formatid":"gen9ou","rating":1152,"private":0,"password":""}