{"id":"gen9ou-1997054696","p1":"pedallo2","p2":"teszting","format":"[Gen 9] OU","log":"|j|\u2606pedallo2\n|j|\u2606teszting\n|t:|1700759941\n|gametype|singles\n|player|p1|pedallo2|grimsley|1576\n|player|p2|teszting|acetrainersnowf|1667\n|teamsize|p1|6\n|teamsize|p2|6\n|gen|9\n|tier|[Gen 9] OU\n|rated|\n|rule|Sleep Clause Mod: Limit one foe put to sleep\n|rule|Species Clause: Limit one of each Pok\u00e9mon\n|rule|OHKO Clause: OHKO moves are banned\n|rule|Evasion Items Clause: Evasion items are banned\n|rule|Evasion Moves Clause: Evasion moves are banned\n|rule|Endless Battle Clause: Forcing endless battles is banned\n|rule|HP Percentage Mod: HP is shown in percentages\n|clearpoke\n|poke|p1|Glimmora, M|\n|poke|p1|Gholdengo|\n|poke|p1|Ogerpon-Wellspring, F|\n|poke|p1|Kingambit, F|\n|poke|p1|Iron Moth|\n|poke|p1|Enamorus, F|\n|poke|p2|Great Tusk|\n|poke|p2|Tornadus-Therian, M|\n|poke|p2|Heatran, M|\n|poke|p2|Iron Valiant|\n|poke|p2|Toxapex, M|\n|poke|p2|Samurott-Hisui, F|\n|teampreview\n|\n|t:|1700759958\n|start\n|switch|p1a: Glimmora|Glimmora, M|100\/100\n|switch|p2a: Great Tusk|Great Tusk|100\/100\n|turn|1\n|\n|t:|1700759962\n|switch|p1a: Gholdengo|Gholdengo|100\/100\n|-item|p1a: Gholdengo|Air Balloon\n|move|p2a: Great Tusk|Rapid Spin|p1a: Gholdengo\n|-immune|p1a: Gholdengo\n|\n|upkeep\n|turn|2\n|\n|t:|1700759967\n|-end|p2a: Great Tusk|Protosynthesis|[silent]\n|switch|p2a: Tornadus|Tornadus-Therian, M|100\/100\n|move|p1a: Gholdengo|Shadow Ball|p2a: Tornadus\n|-damage|p2a: Tornadus|74\/100\n|-unboost|p2a: Tornadus|spd|1\n|\n|upkeep\n|turn|3\n|\n|t:|1700759980\n|move|p2a: Tornadus|Heat Wave|p1a: Gholdengo\n|-supereffective|p1a: Gholdengo\n|-damage|p1a: Gholdengo|40\/100\n|-enditem|p1a: Gholdengo|Air Balloon\n|move|p1a: Gholdengo|Shadow Ball|p2a: Tornadus\n|-crit|p2a: Tornadus\n|-damage|p2a: Tornadus|9\/100\n|\n|upkeep\n|turn|4\n|\n|t:|1700759988\n|move|p2a: Tornadus|U-turn|p1a: Gholdengo\n|-resisted|p1a: Gholdengo\n|-damage|p1a: Gholdengo|36\/100\n|\n|t:|1700759990\n|switch|p2a: Samurott|Samurott-Hisui, F|100\/100|[from] U-turn\n|move|p1a: Gholdengo|Recover|p1a: Gholdengo\n|-heal|p1a: Gholdengo|86\/100\n|\n|upkeep\n|turn|5\n|\n|t:|1700759997\n|switch|p1a: Glimmora|Glimmora, M|100\/100\n|move|p2a: Samurott|Ceaseless Edge|p1a: Glimmora\n|-damage|p1a: Glimmora|47\/100\n|-activate|p1a: Glimmora|ability: Toxic Debris\n|-sidestart|p2: teszting|move: Toxic Spikes\n|-sidestart|p1: pedallo2|Spikes\n|\n|upkeep\n|turn|6\n|\n|t:|1700760002\n|switch|p2a: Great Tusk|Great Tusk|100\/100\n|move|p1a: Glimmora|Mortal Spin|p2a: Great Tusk\n|-resisted|p2a: Great Tusk\n|-damage|p2a: Great Tusk|98\/100\n|-status|p2a: Great Tusk|psn\n|-sideend|p1: pedallo2|Spikes|[from] move: Mortal Spin|[of] p1a: Glimmora\n|\n|-damage|p2a: Great Tusk|86\/100 psn|[from] psn\n|upkeep\n|turn|7\n|\n|t:|1700760010\n|move|p2a: Great Tusk|Stealth Rock|p1a: Glimmora\n|-sidestart|p1: pedallo2|move: Stealth Rock\n|move|p1a: Glimmora|Stealth Rock|p2a: Great Tusk\n|-sidestart|p2: teszting|move: Stealth Rock\n|\n|-damage|p2a: Great Tusk|74\/100 psn|[from] psn\n|upkeep\n|turn|8\n|\n|t:|1700760014\n|move|p2a: Great Tusk|Rapid Spin|p1a: Glimmora\n|-resisted|p1a: Glimmora\n|-damage|p1a: Glimmora|39\/100\n|-boost|p2a: Great Tusk|spe|1\n|-activate|p1a: Glimmora|ability: Toxic Debris\n|-sidestart|p2: teszting|move: Toxic Spikes\n|-sideend|p2: teszting|Toxic Spikes|[from] move: Rapid Spin|[of] p2a: Great Tusk\n|-sideend|p2: teszting|Stealth Rock|[from] move: Rapid Spin|[of] p2a: Great Tusk\n|move|p1a: Glimmora|Mortal Spin|p2a: Great Tusk\n|-resisted|p2a: Great Tusk\n|-damage|p2a: Great Tusk|71\/100 psn\n|-sideend|p1: pedallo2|Stealth Rock|[from] move: Mortal Spin|[of] p1a: Glimmora\n|\n|-damage|p2a: Great Tusk|59\/100 psn|[from] psn\n|upkeep\n|turn|9\n|\n|t:|1700760023\n|move|p2a: Great Tusk|Earthquake|p1a: Glimmora\n|-supereffective|p1a: Glimmora\n|-damage|p1a: Glimmora|0 fnt\n|-activate|p1a: Glimmora|ability: Toxic Debris\n|-sidestart|p2: teszting|move: Toxic Spikes\n|faint|p1a: Glimmora\n|\n|-damage|p2a: Great Tusk|47\/100 psn|[from] psn\n|upkeep\n|\n|t:|1700760029\n|switch|p1a: Enamorus|Enamorus, F|100\/100\n|turn|10\n|\n|t:|1700760031\n|-end|p2a: Great Tusk|Protosynthesis|[silent]\n|switch|p2a: Toxapex|Toxapex, M|100\/100\n|-sideend|p2: teszting|move: Toxic Spikes|[of] p2a: Toxapex\n|move|p1a: Enamorus|Moonblast|p2a: Toxapex\n|-resisted|p2a: Toxapex\n|-damage|p2a: Toxapex|82\/100\n|\n|-heal|p2a: Toxapex|88\/100|[from] item: Leftovers\n|upkeep\n|turn|11\n|\n|t:|1700760037\n|switch|p1a: Gholdengo|Gholdengo|86\/100\n|move|p2a: Toxapex|Toxic Spikes|p1a: Gholdengo\n|-sidestart|p1: pedallo2|move: Toxic Spikes\n|\n|-heal|p2a: Toxapex|94\/100|[from] item: Leftovers\n|upkeep\n|turn|12\n|\n|t:|1700760058\n|switch|p2a: Samurott|Samurott-Hisui, F|100\/100\n|move|p1a: Gholdengo|Make It Rain|p2a: Samurott\n|-resisted|p2a: Samurott\n|-crit|p2a: Samurott\n|-damage|p2a: Samurott|29\/100\n|-unboost|p1a: Gholdengo|spa|1\n|\n|upkeep\n|turn|13\n|\n|t:|1700760067\n|switch|p1a: Enamorus|Enamorus, F|100\/100\n|move|p2a: Samurott|Ceaseless Edge|p1a: Enamorus\n|-resisted|p1a: Enamorus\n|-damage|p1a: Enamorus|66\/100\n|-sidestart|p1: pedallo2|Spikes\n|\n|upkeep\n|turn|14\n|\n|t:|1700760073\n|switch|p2a: Toxapex|Toxapex, M|100\/100\n|move|p1a: Enamorus|Earth Power|p2a: Toxapex\n|-supereffective|p2a: Toxapex\n|-damage|p2a: Toxapex|50\/100\n|\n|-heal|p2a: Toxapex|57\/100|[from] item: Leftovers\n|upkeep\n|turn|15\n|\n|t:|1700760077\n|switch|p2a: Tornadus|Tornadus-Therian, M|42\/100\n|move|p1a: Enamorus|Earth Power|p2a: Tornadus\n|-immune|p2a: Tornadus\n|\n|upkeep\n|turn|16\n|\n|t:|1700760083\n|switch|p1a: Gholdengo|Gholdengo|86\/100\n|-damage|p1a: Gholdengo|74\/100|[from] Spikes\n|move|p2a: Tornadus|U-turn|p1a: Gholdengo\n|-resisted|p1a: Gholdengo\n|-damage|p1a: Gholdengo|70\/100\n|\n|t:|1700760088\n|switch|p2a: Samurott|Samurott-Hisui, F|29\/100|[from] U-turn\n|\n|upkeep\n|turn|17\n|\n|t:|1700760093\n|move|p2a: Samurott|Ceaseless Edge|p1a: Gholdengo\n|-supereffective|p1a: Gholdengo\n|-crit|p1a: Gholdengo\n|-damage|p1a: Gholdengo|0 fnt\n|-sidestart|p1: pedallo2|Spikes\n|faint|p1a: Gholdengo\n|\n|upkeep\n|\n|t:|1700760098\n|switch|p1a: Iron Moth|Iron Moth|100\/100\n|-sideend|p1: pedallo2|move: Toxic Spikes|[of] p1a: Iron Moth\n|-damage|p1a: Iron Moth|84\/100|[from] Spikes\n|-enditem|p1a: Iron Moth|Booster Energy\n|-activate|p1a: Iron Moth|ability: Quark Drive|[fromitem]\n|-start|p1a: Iron Moth|quarkdrivespe\n|turn|18\n|j| All Kill Lily\n|\n|t:|1700760107\n|switch|p2a: Toxapex|Toxapex, M|90\/100\n|move|p1a: Iron Moth|Substitute|p1a: Iron Moth\n|-start|p1a: Iron Moth|Substitute\n|-damage|p1a: Iron Moth|59\/100\n|\n|-heal|p2a: Toxapex|96\/100|[from] item: Leftovers\n|upkeep\n|turn|19\n|\n|t:|1700760111\n|-terastallize|p1a: Iron Moth|Ground\n|move|p1a: Iron Moth|Tera Blast|p2a: Toxapex|[anim] Tera Blast Ground\n|-supereffective|p2a: Toxapex\n|-damage|p2a: Toxapex|38\/100\n|move|p2a: Toxapex|Surf|p1a: Iron Moth\n|-supereffective|p1a: Iron Moth\n|-end|p1a: Iron Moth|Substitute\n|\n|-heal|p2a: Toxapex|45\/100|[from] item: Leftovers\n|upkeep\n|turn|20\n|\n|t:|1700760122\n|switch|p2a: Tornadus|Tornadus-Therian, M|75\/100\n|move|p1a: Iron Moth|Fiery Dance|p2a: Tornadus\n|-damage|p2a: Tornadus|48\/100\n|-boost|p1a: Iron Moth|spa|1\n|\n|upkeep\n|turn|21\n|\n|t:|1700760128\n|move|p1a: Iron Moth|Sludge Wave|p2a: Tornadus\n|-damage|p2a: Tornadus|5\/100\n|move|p2a: Tornadus|Bleakwind Storm|p1a: Iron Moth\n|-damage|p1a: Iron Moth|17\/100\n|\n|upkeep\n|turn|22\n|\n|t:|1700760137\n|switch|p2a: Great Tusk|Great Tusk|47\/100 psn\n|move|p1a: Iron Moth|Fiery Dance|p2a: Great Tusk\n|-damage|p2a: Great Tusk|0 fnt\n|-boost|p1a: Iron Moth|spa|1\n|faint|p2a: Great Tusk\n|-end|p2a: Great Tusk|Protosynthesis|[silent]\n|\n|upkeep\n|\n|t:|1700760146\n|switch|p2a: Samurott|Samurott-Hisui, F|29\/100\n|turn|23\n|\n|t:|1700760150\n|-end|p1a: Iron Moth|Quark Drive|[silent]\n|switch|p1a: Ogerpon|Ogerpon-Wellspring, F|100\/100\n|-damage|p1a: Ogerpon|84\/100|[from] Spikes\n|move|p2a: Samurott|Sucker Punch||[still]\n|-fail|p2a: Samurott\n|\n|upkeep\n|turn|24\n|\n|t:|1700760160\n|switch|p2a: Toxapex|Toxapex, M|78\/100\n|move|p1a: Ogerpon|Swords Dance|p1a: Ogerpon\n|-boost|p1a: Ogerpon|atk|2\n|\n|-heal|p2a: Toxapex|84\/100|[from] item: Leftovers\n|upkeep\n|turn|25\n|\n|t:|1700760165\n|move|p1a: Ogerpon|Horn Leech|p2a: Toxapex\n|-damage|p2a: Toxapex|28\/100\n|-heal|p1a: Ogerpon|100\/100|[from] drain|[of] p2a: Toxapex\n|move|p2a: Toxapex|Toxic Spikes|p1a: Ogerpon\n|-sidestart|p1: pedallo2|move: Toxic Spikes\n|\n|-heal|p2a: Toxapex|34\/100|[from] item: Leftovers\n|upkeep\n|turn|26\n|\n|t:|1700760172\n|move|p1a: Ogerpon|Horn Leech|p2a: Toxapex\n|-damage|p2a: Toxapex|0 fnt\n|faint|p2a: Toxapex\n|\n|upkeep\n|\n|t:|1700760181\n|switch|p2a: Tornadus|Tornadus-Therian, M|38\/100\n|turn|27\n|\n|t:|1700760184\n|move|p2a: Tornadus|Bleakwind Storm|p1a: Ogerpon\n|-supereffective|p1a: Ogerpon\n|-damage|p1a: Ogerpon|15\/100\n|move|p1a: Ogerpon|Ivy Cudgel|p2a: Tornadus|[anim] Ivy Cudgel Water\n|-damage|p2a: Tornadus|0 fnt\n|faint|p2a: Tornadus\n|\n|upkeep\n|\n|t:|1700760189\n|switch|p2a: Iron Valiant|Iron Valiant|100\/100\n|turn|28\n|\n|t:|1700760192\n|move|p2a: Iron Valiant|Moonblast|p1a: Ogerpon\n|-damage|p1a: Ogerpon|0 fnt\n|faint|p1a: Ogerpon\n|\n|upkeep\n|\n|t:|1700760202\n|switch|p1a: Enamorus|Enamorus, F|66\/100\n|turn|29\n|\n|t:|1700760215\n|-end|p2a: Iron Valiant|Quark Drive|[silent]\n|switch|p2a: Samurott|Samurott-Hisui, F|29\/100\n|move|p1a: Enamorus|Moonblast|p2a: Samurott\n|-supereffective|p2a: Samurott\n|-damage|p2a: Samurott|0 fnt\n|faint|p2a: Samurott\n|\n|upkeep\n|\n|t:|1700760217\n|switch|p2a: Heatran|Heatran, M|100\/100\n|turn|30\n|\n|t:|1700760225\n|switch|p1a: Kingambit|Kingambit, F|100\/100\n|-damage|p1a: Kingambit|84\/100|[from] Spikes\n|-activate|p1a: Kingambit|ability: Supreme Overlord\n|-start|p1a: Kingambit|fallen3|[silent]\n|move|p2a: Heatran|Magma Storm|p1a: Kingambit\n|-supereffective|p1a: Kingambit\n|-damage|p1a: Kingambit|0 fnt\n|faint|p1a: Kingambit\n|-end|p1a: Kingambit|fallen3|[silent]\n|\n|upkeep\n|\n|t:|1700760227\n|switch|p1a: Enamorus|Enamorus, F|66\/100\n|turn|31\n|\n|t:|1700760230\n|move|p2a: Heatran|Protect|p2a: Heatran\n|-singleturn|p2a: Heatran|Protect\n|move|p1a: Enamorus|Healing Wish|p1a: Enamorus\n|faint|p1a: Enamorus\n|\n|upkeep\n|\n|t:|1700760234\n|switch|p1a: Iron Moth|Iron Moth, tera:Ground|17\/100\n|-heal|p1a: Iron Moth|100\/100|[from] move: Healing Wish\n|-damage|p1a: Iron Moth|84\/100|[from] Spikes\n|-status|p1a: Iron Moth|psn\n|turn|32\n|\n|t:|1700760242\n|-terastallize|p2a: Heatran|Grass\n|move|p1a: Iron Moth|Tera Blast|p2a: Heatran|[anim] Tera Blast Ground\n|-resisted|p2a: Heatran\n|-damage|p2a: Heatran|87\/100\n|move|p2a: Heatran|Earth Power|p1a: Iron Moth\n|-damage|p1a: Iron Moth|59\/100 psn\n|\n|-heal|p2a: Heatran|94\/100|[from] item: Leftovers\n|-damage|p1a: Iron Moth|47\/100 psn|[from] psn\n|upkeep\n|turn|33\n|\n|t:|1700760246\n|move|p1a: Iron Moth|Fiery Dance|p2a: Heatran\n|-supereffective|p2a: Heatran\n|-damage|p2a: Heatran|44\/100\n|-boost|p1a: Iron Moth|spa|1\n|move|p2a: Heatran|Earth Power|p1a: Iron Moth\n|-damage|p1a: Iron Moth|18\/100 psn\n|\n|-heal|p2a: Heatran|50\/100|[from] item: Leftovers\n|-damage|p1a: Iron Moth|6\/100 psn|[from] psn\n|upkeep\n|turn|34\n|\n|t:|1700760249\n|move|p2a: Heatran|Protect|p2a: Heatran\n|-singleturn|p2a: Heatran|Protect\n|move|p1a: Iron Moth|Fiery Dance|p2a: Heatran\n|-activate|p2a: Heatran|move: Protect\n|\n|-heal|p2a: Heatran|56\/100|[from] item: Leftovers\n|-damage|p1a: Iron Moth|0 fnt|[from] psn\n|faint|p1a: Iron Moth\n|-end|p1a: Iron Moth|Quark Drive|[silent]\n|\n|win|teszting\n|upkeep\n|raw|pedallo2's rating: 1576 &rarr; <strong>1561<\/strong><br \/>(-15 for losing)\n|raw|teszting's rating: 1667 &rarr; <strong>1682<\/strong><br \/>(+15 for winning)\n|l|\u2606pedallo2\n","uploadtime":1700760253,"views":6,"p1id":"pedallo2","p2id":"teszting","formatid":"gen9ou","rating":1561,"private":0,"password":""}