{"id":"gen9ou-1990477890","p1":"Blacki971","p2":"battlefactbaselord","format":"[Gen 9] OU","log":"|j|\u2606Blacki971\n|j|\u2606battlefactbaselord\n|t:|1699974632\n|gametype|singles\n|player|p1|Blacki971|hala|1418\n|player|p2|battlefactbaselord|pokemonranger|1450\n|teamsize|p1|6\n|teamsize|p2|6\n|gen|9\n|tier|[Gen 9] OU\n|rated|\n|rule|Sleep Clause Mod: Limit one foe put to sleep\n|rule|Species Clause: Limit one of each Pok\u00e9mon\n|rule|OHKO Clause: OHKO moves are banned\n|rule|Evasion Items Clause: Evasion items are banned\n|rule|Evasion Moves Clause: Evasion moves are banned\n|rule|Endless Battle Clause: Forcing endless battles is banned\n|rule|HP Percentage Mod: HP is shown in percentages\n|clearpoke\n|poke|p1|Diancie|\n|poke|p1|Glastrier|\n|poke|p1|Hoopa-Unbound|\n|poke|p1|Slowking-Galar, F|\n|poke|p1|Corviknight, M|\n|poke|p1|Ursaluna, F|\n|poke|p2|Hawlucha, M|\n|poke|p2|Rillaboom, M|\n|poke|p2|Walking Wake|\n|poke|p2|Landorus-Therian, M|\n|poke|p2|Clefable, F|\n|poke|p2|Iron Moth|\n|teampreview\n|inactive|Battle timer is ON: inactive players will automatically lose when time's up. (requested by battlefactbaselord)\n|inactive|Blacki971 also wants the timer to be on.\n|\n|t:|1699974642\n|start\n|switch|p1a: Slowking|Slowking-Galar, F|100\/100\n|switch|p2a: Jungle|Rillaboom, M|100\/100\n|-fieldstart|move: Grassy Terrain|[from] ability: Grassy Surge|[of] p2a: Jungle\n|turn|1\n|\n|t:|1699974646\n|move|p2a: Jungle|Knock Off|p1a: Slowking\n|-supereffective|p1a: Slowking\n|-damage|p1a: Slowking|24\/100\n|-enditem|p1a: Slowking|Leftovers|[from] move: Knock Off|[of] p2a: Jungle\n|move|p1a: Slowking|Trick Room|p1a: Slowking\n|-fieldstart|move: Trick Room|[of] p1a: Slowking\n|\n|-heal|p1a: Slowking|30\/100|[from] Grassy Terrain\n|upkeep\n|turn|2\n|\n|t:|1699974653\n|move|p1a: Slowking|Chilly Reception|p1a: Slowking\n|-weather|Snow\n|\n|t:|1699974655\n|switch|p1a: Glastrier|Glastrier|100\/100|[from] Chilly Reception\n|move|p2a: Jungle|Knock Off|p1a: Glastrier\n|-damage|p1a: Glastrier|80\/100\n|-enditem|p1a: Glastrier|Leftovers|[from] move: Knock Off|[of] p2a: Jungle\n|\n|-weather|Snow|[upkeep]\n|-heal|p1a: Glastrier|86\/100|[from] Grassy Terrain\n|upkeep\n|turn|3\n|\n|t:|1699974661\n|switch|p2a: Liquid Funk|Walking Wake|100\/100\n|move|p1a: Glastrier|Icicle Crash|p2a: Liquid Funk\n|-damage|p2a: Liquid Funk|43\/100\n|\n|-weather|Snow|[upkeep]\n|-heal|p1a: Glastrier|92\/100|[from] Grassy Terrain\n|-heal|p2a: Liquid Funk|49\/100|[from] Grassy Terrain\n|upkeep\n|turn|4\n|\n|t:|1699974672\n|-end|p2a: Liquid Funk|Protosynthesis|[silent]\n|switch|p2a: Intelligent|Clefable, F|100\/100\n|move|p1a: Glastrier|Icicle Crash|p2a: Intelligent\n|-damage|p2a: Intelligent|46\/100\n|\n|-weather|Snow|[upkeep]\n|-heal|p1a: Glastrier|98\/100|[from] Grassy Terrain\n|-heal|p2a: Intelligent|52\/100|[from] Grassy Terrain\n|-heal|p2a: Intelligent|58\/100|[from] item: Leftovers\n|upkeep\n|turn|5\n|\n|t:|1699974680\n|switch|p2a: Liquid Funk|Walking Wake|49\/100\n|move|p1a: Glastrier|Heavy Slam|p2a: Liquid Funk\n|-resisted|p2a: Liquid Funk\n|-damage|p2a: Liquid Funk|35\/100\n|\n|-weather|Snow|[upkeep]\n|-heal|p1a: Glastrier|100\/100|[from] Grassy Terrain\n|-heal|p2a: Liquid Funk|41\/100|[from] Grassy Terrain\n|-fieldend|move: Trick Room\n|-fieldend|move: Grassy Terrain\n|upkeep\n|turn|6\n|\n|t:|1699974686\n|move|p2a: Liquid Funk|Draco Meteor|p1a: Glastrier\n|-damage|p1a: Glastrier|19\/100\n|-unboost|p2a: Liquid Funk|spa|2\n|move|p1a: Glastrier|Icicle Crash|p2a: Liquid Funk|[miss]\n|-miss|p1a: Glastrier|p2a: Liquid Funk\n|\n|-weather|none\n|upkeep\n|turn|7\n|\n|t:|1699974693\n|-end|p2a: Liquid Funk|Protosynthesis|[silent]\n|switch|p2a: Jungle|Rillaboom, M|100\/100\n|-fieldstart|move: Grassy Terrain|[from] ability: Grassy Surge|[of] p2a: Jungle\n|move|p1a: Glastrier|Icicle Crash|p2a: Jungle\n|-supereffective|p2a: Jungle\n|-damage|p2a: Jungle|0 fnt\n|faint|p2a: Jungle\n|-ability|p1a: Glastrier|Chilling Neigh|boost\n|-boost|p1a: Glastrier|atk|1\n|\n|-heal|p1a: Glastrier|25\/100|[from] Grassy Terrain\n|upkeep\n|\n|t:|1699974698\n|switch|p2a: Hardcore|Landorus-Therian, M|100\/100\n|-ability|p2a: Hardcore|Intimidate|boost\n|-unboost|p1a: Glastrier|atk|1\n|turn|8\n|\n|t:|1699974701\n|move|p2a: Hardcore|Earth Power|p1a: Glastrier\n|-damage|p1a: Glastrier|0 fnt\n|faint|p1a: Glastrier\n|\n|upkeep\n|\n|t:|1699974714\n|switch|p1a: Slowking|Slowking-Galar, F|63\/100\n|turn|9\n|\n|t:|1699974718\n|move|p2a: Hardcore|Taunt|p1a: Slowking\n|-start|p1a: Slowking|move: Taunt\n|cant|p1a: Slowking|move: Taunt|Trick Room\n|\n|-heal|p1a: Slowking|69\/100|[from] Grassy Terrain\n|upkeep\n|turn|10\n|\n|t:|1699974723\n|move|p2a: Hardcore|Earth Power|p1a: Slowking\n|-supereffective|p1a: Slowking\n|-damage|p1a: Slowking|25\/100\n|move|p1a: Slowking|Future Sight|p2a: Hardcore\n|-start|p1a: Slowking|move: Future Sight\n|\n|-heal|p1a: Slowking|31\/100|[from] Grassy Terrain\n|upkeep\n|turn|11\n|\n|t:|1699974730\n|switch|p1a: Corviknight|Corviknight, M|100\/100\n|-ability|p1a: Corviknight|Pressure\n|move|p2a: Hardcore|Stealth Rock|p1a: Corviknight\n|-sidestart|p1: Blacki971|move: Stealth Rock\n|\n|-fieldend|move: Grassy Terrain\n|upkeep\n|turn|12\n|\n|t:|1699974733\n|move|p2a: Hardcore|Taunt|p1a: Corviknight\n|-start|p1a: Corviknight|move: Taunt\n|cant|p1a: Corviknight|move: Taunt|Defog\n|\n|-end|p2a: Hardcore|move: Future Sight\n|-damage|p2a: Hardcore|50\/100\n|upkeep\n|turn|13\n|\n|t:|1699974736\n|move|p2a: Hardcore|U-turn|p1a: Corviknight\n|-resisted|p1a: Corviknight\n|-damage|p1a: Corviknight|96\/100\n|\n|t:|1699974740\n|switch|p2a: Liquid Funk|Walking Wake|41\/100|[from] U-turn\n|move|p1a: Corviknight|Brave Bird|p2a: Liquid Funk\n|-damage|p2a: Liquid Funk|4\/100\n|-damage|p1a: Corviknight|86\/100|[from] Recoil\n|\n|-heal|p1a: Corviknight|92\/100|[from] item: Leftovers\n|upkeep\n|turn|14\n|c|\u2606Blacki971|Un peut chiant lui\n|\n|t:|1699974754\n|move|p2a: Liquid Funk|Hydro Steam|p1a: Corviknight\n|-damage|p1a: Corviknight|43\/100\n|move|p1a: Corviknight|Brave Bird|p2a: Liquid Funk\n|-damage|p2a: Liquid Funk|0 fnt\n|faint|p2a: Liquid Funk\n|-end|p2a: Liquid Funk|Protosynthesis|[silent]\n|-damage|p1a: Corviknight|42\/100|[from] Recoil\n|\n|-heal|p1a: Corviknight|49\/100|[from] item: Leftovers\n|-end|p1a: Corviknight|move: Taunt\n|upkeep\n|\n|t:|1699974764\n|switch|p2a: Iron Moth|Iron Moth|100\/100\n|-enditem|p2a: Iron Moth|Booster Energy\n|-activate|p2a: Iron Moth|ability: Quark Drive|[fromitem]\n|-start|p2a: Iron Moth|quarkdrivespa\n|turn|15\n|\n|t:|1699974775\n|move|p2a: Iron Moth|Fiery Dance|p1a: Corviknight\n|-supereffective|p1a: Corviknight\n|-damage|p1a: Corviknight|0 fnt\n|-boost|p2a: Iron Moth|spa|1\n|faint|p1a: Corviknight\n|\n|upkeep\n|\n|t:|1699974778\n|switch|p1a: Diancie|Diancie|100\/100\n|-damage|p1a: Diancie|88\/100|[from] Stealth Rock\n|turn|16\n|\n|t:|1699974780\n|-terastallize|p2a: Iron Moth|Ground\n|move|p2a: Iron Moth|Tera Blast|p1a: Diancie|[anim] Tera Blast Ground\n|-supereffective|p1a: Diancie\n|-damage|p1a: Diancie|0 fnt\n|faint|p1a: Diancie\n|\n|upkeep\n|c|\u2606battlefactbaselord|gimmie\n|\n|t:|1699974790\n|switch|p1a: Hoopa|Hoopa-Unbound|100\/100\n|-damage|p1a: Hoopa|88\/100|[from] Stealth Rock\n|turn|17\n|\n|t:|1699974792\n|move|p2a: Iron Moth|Sludge Wave|p1a: Hoopa\n|-crit|p1a: Hoopa\n|-damage|p1a: Hoopa|0 fnt\n|faint|p1a: Hoopa\n|\n|upkeep\n|c|\u2606battlefactbaselord|gg\n|\n|t:|1699974797\n|switch|p1a: Ursaluna|Ursaluna, F|100\/100\n|-damage|p1a: Ursaluna|94\/100|[from] Stealth Rock\n|turn|18\n|\n|t:|1699974799\n|move|p2a: Iron Moth|Fiery Dance|p1a: Ursaluna\n|-damage|p1a: Ursaluna|6\/100\n|-boost|p2a: Iron Moth|spa|1\n|move|p1a: Ursaluna|Earthquake|p2a: Iron Moth\n|-damage|p2a: Iron Moth|0 fnt\n|faint|p2a: Iron Moth\n|-end|p2a: Iron Moth|Quark Drive|[silent]\n|\n|-status|p1a: Ursaluna|brn|[from] item: Flame Orb\n|upkeep\n|\n|t:|1699974805\n|switch|p2a: Hardcore|Landorus-Therian, M|50\/100\n|-ability|p2a: Hardcore|Intimidate|boost\n|-unboost|p1a: Ursaluna|atk|1\n|turn|19\n|\n|t:|1699974808\n|move|p2a: Hardcore|Earth Power|p1a: Ursaluna\n|-damage|p1a: Ursaluna|0 fnt\n|faint|p1a: Ursaluna\n|\n|upkeep\n|\n|t:|1699974809\n|switch|p1a: Slowking|Slowking-Galar, F|64\/100\n|-damage|p1a: Slowking|52\/100|[from] Stealth Rock\n|turn|20\n|\n|t:|1699974812\n|move|p2a: Hardcore|Taunt|p1a: Slowking\n|-start|p1a: Slowking|move: Taunt\n|cant|p1a: Slowking|move: Taunt|Chilly Reception\n|\n|upkeep\n|turn|21\n|c|\u2606Blacki971|Gg\n|\n|t:|1699974822\n|move|p2a: Hardcore|Earth Power|p1a: Slowking\n|-supereffective|p1a: Slowking\n|-damage|p1a: Slowking|5\/100\n|move|p1a: Slowking|Future Sight|p2a: Hardcore\n|-start|p1a: Slowking|move: Future Sight\n|\n|upkeep\n|turn|22\n|\n|t:|1699974825\n|move|p2a: Hardcore|Earth Power|p1a: Slowking\n|-supereffective|p1a: Slowking\n|-damage|p1a: Slowking|0 fnt\n|faint|p1a: Slowking\n|\n|win|battlefactbaselord\n|raw|Blacki971's rating: 1418 &rarr; <strong>1400<\/strong><br \/>(-18 for losing)\n|raw|battlefactbaselord's rating: 1450 &rarr; <strong>1468<\/strong><br \/>(+18 for winning)\n","uploadtime":1699974830,"views":9,"p1id":"blacki971","p2id":"battlefactbaselord","formatid":"gen9ou","rating":1400,"private":0,"password":""}