{"id":"gen9ou-1990290859","p1":"Isaayzin","p2":"TwoTile","format":"[Gen 9] OU","log":"|j|\u2606Isaayzin\n|j|\u2606TwoTile\n|t:|1699951645\n|gametype|singles\n|player|p1|Isaayzin|gambler|1177\n|player|p2|TwoTile|2|1167\n|teamsize|p1|6\n|teamsize|p2|6\n|gen|9\n|tier|[Gen 9] OU\n|rated|\n|rule|Sleep Clause Mod: Limit one foe put to sleep\n|rule|Species Clause: Limit one of each Pok\u00e9mon\n|rule|OHKO Clause: OHKO moves are banned\n|rule|Evasion Items Clause: Evasion items are banned\n|rule|Evasion Moves Clause: Evasion moves are banned\n|rule|Endless Battle Clause: Forcing endless battles is banned\n|rule|HP Percentage Mod: HP is shown in percentages\n|clearpoke\n|poke|p1|Cinderace, M|\n|poke|p1|Iron Moth|\n|poke|p1|Kingambit, F|\n|poke|p1|Great Tusk|\n|poke|p1|Dragonite, M|\n|poke|p1|Mew|\n|poke|p2|Torkoal, M|\n|poke|p2|Gholdengo|\n|poke|p2|Brute Bonnet|\n|poke|p2|Walking Wake|\n|poke|p2|Ribombee, M|\n|poke|p2|Clefable, M|\n|teampreview\n|\n|t:|1699951665\n|start\n|switch|p1a: Cinderace|Cinderace, M|100\/100\n|switch|p2a: Ribombee|Ribombee, M|100\/100\n|turn|1\n|\n|t:|1699951675\n|switch|p2a: Torkoal|Torkoal, M|100\/100\n|-weather|SunnyDay|[from] ability: Drought|[of] p2a: Torkoal\n|move|p1a: Cinderace|Pyro Ball|p2a: Torkoal\n|-resisted|p2a: Torkoal\n|-damage|p2a: Torkoal|76\/100\n|\n|-weather|SunnyDay|[upkeep]\n|upkeep\n|turn|2\n|\n|t:|1699951688\n|move|p1a: Cinderace|U-turn|p2a: Torkoal\n|-start|p1a: Cinderace|typechange|Bug|[from] ability: Libero\n|-resisted|p2a: Torkoal\n|-damage|p2a: Torkoal|68\/100\n|\n|t:|1699951708\n|switch|p1a: Great Tusk|Great Tusk|100\/100|[from] U-turn\n|-activate|p1a: Great Tusk|ability: Protosynthesis\n|-start|p1a: Great Tusk|protosynthesisatk\n|move|p2a: Torkoal|Stealth Rock|p1a: Great Tusk\n|-sidestart|p1: Isaayzin|move: Stealth Rock\n|\n|-weather|SunnyDay|[upkeep]\n|upkeep\n|turn|3\n|\n|t:|1699951717\n|switch|p2a: Brute Bonnet|Brute Bonnet|100\/100\n|-activate|p2a: Brute Bonnet|ability: Protosynthesis\n|-start|p2a: Brute Bonnet|protosynthesisatk\n|move|p1a: Great Tusk|Earthquake|p2a: Brute Bonnet\n|-resisted|p2a: Brute Bonnet\n|-damage|p2a: Brute Bonnet|70\/100\n|\n|-weather|SunnyDay|[upkeep]\n|upkeep\n|turn|4\n|\n|t:|1699951732\n|-terastallize|p1a: Great Tusk|Ice\n|-terastallize|p2a: Brute Bonnet|Water\n|move|p1a: Great Tusk|Ice Spinner|p2a: Brute Bonnet\n|-resisted|p2a: Brute Bonnet\n|-damage|p2a: Brute Bonnet|49\/100\n|move|p2a: Brute Bonnet|Tera Blast|p1a: Great Tusk|[anim] Tera Blast Water\n|-damage|p1a: Great Tusk|79\/100\n|\n|-weather|SunnyDay|[upkeep]\n|upkeep\n|turn|5\n|c|\u2606TwoTile|same braincell\n|\n|t:|1699951747\n|move|p1a: Great Tusk|Rapid Spin|p2a: Brute Bonnet\n|-damage|p2a: Brute Bonnet|32\/100\n|-boost|p1a: Great Tusk|spe|1\n|-sideend|p1: Isaayzin|Stealth Rock|[from] move: Rapid Spin|[of] p1a: Great Tusk\n|move|p2a: Brute Bonnet|Spore|p1a: Great Tusk\n|-status|p1a: Great Tusk|slp|[from] move: Spore\n|\n|-weather|SunnyDay|[upkeep]\n|upkeep\n|turn|6\n|\n|t:|1699951762\n|-end|p1a: Great Tusk|Protosynthesis|[silent]\n|switch|p1a: Mew|Mew|100\/100\n|move|p2a: Brute Bonnet|Bullet Seed|p1a: Mew\n|-damage|p1a: Mew|86\/100\n|-damage|p1a: Mew|70\/100\n|-damage|p1a: Mew|54\/100\n|-damage|p1a: Mew|38\/100\n|-damage|p1a: Mew|22\/100\n|-hitcount|p1a: Mew|5\n|\n|-weather|SunnyDay|[upkeep]\n|upkeep\n|turn|7\n|\n|t:|1699951778\n|move|p2a: Brute Bonnet|Sucker Punch||[still]\n|-fail|p2a: Brute Bonnet\n|move|p1a: Mew|Spikes|p2a: Brute Bonnet\n|-sidestart|p2: TwoTile|Spikes\n|\n|-weather|SunnyDay|[upkeep]\n|upkeep\n|turn|8\n|\n|t:|1699951784\n|move|p1a: Mew|U-turn|p2a: Brute Bonnet\n|-damage|p2a: Brute Bonnet|20\/100\n|\n|t:|1699951792\n|switch|p1a: Great Tusk|Great Tusk, tera:Ice|79\/100 slp|[from] U-turn\n|-activate|p1a: Great Tusk|ability: Protosynthesis\n|-start|p1a: Great Tusk|protosynthesisatk\n|move|p2a: Brute Bonnet|Bullet Seed|p1a: Great Tusk\n|-damage|p1a: Great Tusk|66\/100 slp\n|-damage|p1a: Great Tusk|52\/100 slp\n|-damage|p1a: Great Tusk|39\/100 slp\n|-damage|p1a: Great Tusk|26\/100 slp\n|-hitcount|p1a: Great Tusk|4\n|\n|-weather|none\n|-end|p1a: Great Tusk|Protosynthesis\n|-end|p2a: Brute Bonnet|Protosynthesis\n|upkeep\n|turn|9\n|\n|t:|1699951811\n|-end|p2a: Brute Bonnet|Protosynthesis|[silent]\n|switch|p2a: Clefable|Clefable, M|100\/100\n|-damage|p2a: Clefable|88\/100|[from] Spikes\n|cant|p1a: Great Tusk|slp\n|\n|-heal|p2a: Clefable|94\/100|[from] item: Leftovers\n|upkeep\n|turn|10\n|\n|t:|1699951826\n|-end|p1a: Great Tusk|Protosynthesis|[silent]\n|switch|p1a: Cinderace|Cinderace, M|100\/100\n|move|p2a: Clefable|Wish|p2a: Clefable\n|\n|-heal|p2a: Clefable|99\/100|[from] item: Leftovers\n|upkeep\n|turn|11\n|\n|t:|1699951835\n|move|p2a: Clefable|Protect|p2a: Clefable\n|-singleturn|p2a: Clefable|Protect\n|move|p1a: Cinderace|U-turn|p2a: Clefable\n|-start|p1a: Cinderace|typechange|Bug|[from] ability: Libero\n|-activate|p2a: Clefable|move: Protect\n|\n|-heal|p2a: Clefable|100\/100|[from] move: Wish|[wisher] Clefable\n|upkeep\n|turn|12\n|\n|t:|1699951849\n|switch|p2a: Torkoal|Torkoal, M|68\/100\n|-damage|p2a: Torkoal|55\/100|[from] Spikes\n|-weather|SunnyDay|[from] ability: Drought|[of] p2a: Torkoal\n|move|p1a: Cinderace|Pyro Ball|p2a: Torkoal\n|-resisted|p2a: Torkoal\n|-damage|p2a: Torkoal|38\/100\n|\n|-weather|SunnyDay|[upkeep]\n|upkeep\n|turn|13\n|\n|t:|1699951861\n|move|p1a: Cinderace|U-turn|p2a: Torkoal\n|-resisted|p2a: Torkoal\n|-damage|p2a: Torkoal|28\/100\n|\n|t:|1699951864\n|switch|p1a: Great Tusk|Great Tusk, tera:Ice|26\/100 slp|[from] U-turn\n|-activate|p1a: Great Tusk|ability: Protosynthesis\n|-start|p1a: Great Tusk|protosynthesisatk\n|move|p2a: Torkoal|Stealth Rock|p1a: Great Tusk\n|-sidestart|p1: Isaayzin|move: Stealth Rock\n|\n|-weather|SunnyDay|[upkeep]\n|upkeep\n|turn|14\n|\n|t:|1699951873\n|switch|p2a: Clefable|Clefable, M|100\/100\n|-damage|p2a: Clefable|88\/100|[from] Spikes\n|cant|p1a: Great Tusk|slp\n|\n|-weather|SunnyDay|[upkeep]\n|-heal|p2a: Clefable|94\/100|[from] item: Leftovers\n|upkeep\n|turn|15\n|c|\u2606TwoTile|damn this bitch wont wake up\n|\n|t:|1699951888\n|-curestatus|p1a: Great Tusk|slp|[msg]\n|move|p1a: Great Tusk|Rapid Spin|p2a: Clefable\n|-damage|p2a: Clefable|69\/100\n|-boost|p1a: Great Tusk|spe|1\n|-sideend|p1: Isaayzin|Stealth Rock|[from] move: Rapid Spin|[of] p1a: Great Tusk\n|move|p2a: Clefable|Wish|p2a: Clefable\n|\n|-weather|SunnyDay|[upkeep]\n|-heal|p2a: Clefable|76\/100|[from] item: Leftovers\n|upkeep\n|turn|16\n|c|\u2606TwoTile|jinxed it\n|\n|t:|1699951899\n|switch|p2a: Brute Bonnet|Brute Bonnet, tera:Water|20\/100\n|-damage|p2a: Brute Bonnet|7\/100|[from] Spikes\n|-activate|p2a: Brute Bonnet|ability: Protosynthesis\n|-start|p2a: Brute Bonnet|protosynthesisatk\n|move|p1a: Great Tusk|Earthquake|p2a: Brute Bonnet\n|-damage|p2a: Brute Bonnet|0 fnt\n|faint|p2a: Brute Bonnet\n|-end|p2a: Brute Bonnet|Protosynthesis|[silent]\n|\n|-weather|SunnyDay|[upkeep]\n|upkeep\n|-message|TwoTile forfeited.\n|\n|win|Isaayzin\n|raw|Isaayzin's rating: 1177 &rarr; <strong>1201<\/strong><br \/>(+24 for winning)\n|raw|TwoTile's rating: 1167 &rarr; <strong>1143<\/strong><br \/>(-24 for losing)\n|l|\u2606TwoTile\n","uploadtime":1699951885,"views":20,"p1id":"isaayzin","p2id":"twotile","formatid":"gen9ou","rating":1143,"private":0,"password":""}