{"id":"gen9ou-1995249106","p1":"RepeatUntilTired3","p2":"ToastyCaesar","format":"[Gen 9] OU","log":"|j|\u2606RepeatUntilTired3\n|j|\u2606ToastyCaesar\n|t:|1700540008\n|gametype|singles\n|player|p1|RepeatUntilTired3|marlon|1535\n|player|p2|ToastyCaesar|cynthia|1470\n|teamsize|p1|6\n|teamsize|p2|6\n|gen|9\n|tier|[Gen 9] OU\n|rated|\n|rule|Sleep Clause Mod: Limit one foe put to sleep\n|rule|Species Clause: Limit one of each Pok\u00e9mon\n|rule|OHKO Clause: OHKO moves are banned\n|rule|Evasion Items Clause: Evasion items are banned\n|rule|Evasion Moves Clause: Evasion moves are banned\n|rule|Endless Battle Clause: Forcing endless battles is banned\n|rule|HP Percentage Mod: HP is shown in percentages\n|clearpoke\n|poke|p1|Basculegion-F, F|\n|poke|p1|Iron Treads|\n|poke|p1|Dragonite, M|\n|poke|p1|Pelipper, F|\n|poke|p1|Clodsire, F|\n|poke|p1|Samurott-Hisui, F|\n|poke|p2|Zapdos|\n|poke|p2|Zamazenta-*|\n|poke|p2|Toxapex, F|\n|poke|p2|Zoroark-Hisui, M|\n|poke|p2|Brambleghast, F|\n|poke|p2|Ribombee, M|\n|teampreview\n|inactive|Battle timer is ON: inactive players will automatically lose when time's up. (requested by ToastyCaesar)\n|\n|t:|1700540027\n|start\n|switch|p1a: Pelipper|Pelipper, F|100\/100\n|switch|p2a: Brambleghast|Brambleghast, F, shiny|100\/100\n|-weather|RainDance|[from] ability: Drizzle|[of] p1a: Pelipper\n|turn|1\n|\n|t:|1700540039\n|switch|p1a: Clodsire|Clodsire, F|100\/100\n|move|p2a: Brambleghast|Spikes|p1a: Clodsire\n|-sidestart|p1: RepeatUntilTired3|Spikes\n|\n|-weather|RainDance|[upkeep]\n|upkeep\n|turn|2\n|\n|t:|1700540049\n|move|p2a: Brambleghast|Poltergeist|p1a: Clodsire\n|-activate|p1a: Clodsire|move: Poltergeist|Leftovers\n|-damage|p1a: Clodsire|65\/100\n|move|p1a: Clodsire|Stealth Rock|p2a: Brambleghast\n|-sidestart|p2: ToastyCaesar|move: Stealth Rock\n|\n|-weather|RainDance|[upkeep]\n|-heal|p1a: Clodsire|71\/100|[from] item: Leftovers\n|upkeep\n|turn|3\n|\n|t:|1700540059\n|move|p2a: Brambleghast|Rapid Spin|p1a: Clodsire\n|-damage|p1a: Clodsire|58\/100\n|-boost|p2a: Brambleghast|spe|1\n|-sideend|p2: ToastyCaesar|Stealth Rock|[from] move: Rapid Spin|[of] p2a: Brambleghast\n|move|p1a: Clodsire|Toxic|p2a: Brambleghast\n|-status|p2a: Brambleghast|tox\n|\n|-weather|RainDance|[upkeep]\n|-heal|p1a: Clodsire|65\/100|[from] item: Leftovers\n|-damage|p2a: Brambleghast|95\/100 tox|[from] psn\n|upkeep\n|turn|4\n|\n|t:|1700540068\n|move|p2a: Brambleghast|Power Whip|p1a: Clodsire\n|-damage|p1a: Clodsire|26\/100\n|move|p1a: Clodsire|Stealth Rock|p2a: Brambleghast\n|-sidestart|p2: ToastyCaesar|move: Stealth Rock\n|\n|-weather|RainDance|[upkeep]\n|-heal|p1a: Clodsire|33\/100|[from] item: Leftovers\n|-damage|p2a: Brambleghast|83\/100 tox|[from] psn\n|upkeep\n|turn|5\n|\n|t:|1700540079\n|move|p2a: Brambleghast|Poltergeist|p1a: Clodsire\n|-activate|p1a: Clodsire|move: Poltergeist|Leftovers\n|-damage|p1a: Clodsire|0 fnt\n|faint|p1a: Clodsire\n|\n|-weather|RainDance|[upkeep]\n|-damage|p2a: Brambleghast|65\/100 tox|[from] psn\n|upkeep\n|\n|t:|1700540087\n|switch|p1a: Basculegion|Basculegion-F, F|100\/100\n|-damage|p1a: Basculegion|88\/100|[from] Spikes\n|turn|6\n|\n|t:|1700540095\n|move|p1a: Basculegion|Shadow Ball|p2a: Brambleghast\n|-supereffective|p2a: Brambleghast\n|-damage|p2a: Brambleghast|0 fnt\n|faint|p2a: Brambleghast\n|\n|-weather|RainDance|[upkeep]\n|upkeep\n|\n|t:|1700540103\n|switch|p2a: Ribombee|Ribombee, M|100\/100\n|-damage|p2a: Ribombee|76\/100|[from] Stealth Rock\n|turn|7\n|\n|t:|1700540107\n|move|p1a: Basculegion|Shadow Ball|p2a: Ribombee\n|-damage|p2a: Ribombee|0 fnt\n|faint|p2a: Ribombee\n|\n|-weather|RainDance|[upkeep]\n|upkeep\n|\n|t:|1700540112\n|switch|p2a: Zapdos|Zapdos|100\/100\n|-damage|p2a: Zapdos|88\/100|[from] Stealth Rock\n|turn|8\n|\n|t:|1700540117\n|switch|p1a: Iron Treads|Iron Treads|100\/100\n|-damage|p1a: Iron Treads|88\/100|[from] Spikes\n|move|p2a: Zapdos|Poltergeist|p1a: Iron Treads\n|-activate|p1a: Iron Treads|move: Poltergeist|Leftovers\n|-damage|p1a: Iron Treads|43\/100\n|-damage|p2a: Zapdos|78\/100|[from] item: Life Orb\n|\n|-weather|none\n|-heal|p1a: Iron Treads|49\/100|[from] item: Leftovers\n|upkeep\n|turn|9\n|\n|t:|1700540130\n|move|p2a: Zapdos|Swords Dance|p2a: Zapdos\n|-boost|p2a: Zapdos|atk|2\n|move|p1a: Iron Treads|Knock Off|p2a: Zapdos\n|-supereffective|p2a: Zapdos\n|-damage|p2a: Zapdos|0 fnt\n|replace|p2a: Zoroark|Zoroark-Hisui, M\n|-end|p2a: Zoroark|Illusion\n|-enditem|p2a: Zoroark|Life Orb|[from] move: Knock Off|[of] p1a: Iron Treads\n|faint|p2a: Zoroark\n|\n|-heal|p1a: Iron Treads|56\/100|[from] item: Leftovers\n|upkeep\n|\n|t:|1700540137\n|switch|p2a: Zamazenta|Zamazenta|100\/100\n|-damage|p2a: Zamazenta|94\/100|[from] Stealth Rock\n|-ability|p2a: Zamazenta|Dauntless Shield|boost\n|-boost|p2a: Zamazenta|def|1\n|turn|10\n|\n|t:|1700540144\n|-end|p1a: Iron Treads|Quark Drive|[silent]\n|switch|p1a: Pelipper|Pelipper, F|100\/100\n|-weather|RainDance|[from] ability: Drizzle|[of] p1a: Pelipper\n|move|p2a: Zamazenta|Substitute|p2a: Zamazenta\n|-start|p2a: Zamazenta|Substitute\n|-damage|p2a: Zamazenta|69\/100\n|\n|-weather|RainDance|[upkeep]\n|-heal|p2a: Zamazenta|76\/100|[from] item: Leftovers\n|upkeep\n|turn|11\n|\n|t:|1700540152\n|move|p2a: Zamazenta|Crunch|p1a: Pelipper\n|-damage|p1a: Pelipper|78\/100\n|move|p1a: Pelipper|Surf|p2a: Zamazenta\n|-crit|p2a: Zamazenta\n|-end|p2a: Zamazenta|Substitute\n|\n|-weather|RainDance|[upkeep]\n|-heal|p2a: Zamazenta|82\/100|[from] item: Leftovers\n|upkeep\n|turn|12\n|\n|t:|1700540159\n|switch|p2a: Toxapex|Toxapex, F|100\/100\n|-damage|p2a: Toxapex|88\/100|[from] Stealth Rock\n|move|p1a: Pelipper|Surf|p2a: Toxapex\n|-resisted|p2a: Toxapex\n|-damage|p2a: Toxapex|75\/100\n|\n|-weather|RainDance|[upkeep]\n|upkeep\n|turn|13\n|\n|t:|1700540170\n|move|p1a: Pelipper|Knock Off|p2a: Toxapex\n|-damage|p2a: Toxapex|65\/100\n|-enditem|p2a: Toxapex|Assault Vest|[from] move: Knock Off|[of] p1a: Pelipper\n|move|p2a: Toxapex|Surf|p1a: Pelipper\n|-resisted|p1a: Pelipper\n|-damage|p1a: Pelipper|57\/100\n|\n|-weather|RainDance|[upkeep]\n|upkeep\n|turn|14\n|\n|t:|1700540181\n|move|p1a: Pelipper|U-turn|p2a: Toxapex\n|-resisted|p2a: Toxapex\n|-damage|p2a: Toxapex|61\/100\n|\n|t:|1700540187\n|switch|p1a: Iron Treads|Iron Treads|56\/100|[from] U-turn\n|-damage|p1a: Iron Treads|43\/100|[from] Spikes\n|move|p2a: Toxapex|Infestation|p1a: Iron Treads\n|-resisted|p1a: Iron Treads\n|-damage|p1a: Iron Treads|41\/100\n|-activate|p1a: Iron Treads|move: Infestation|[of] p2a: Toxapex\n|\n|-weather|RainDance|[upkeep]\n|-heal|p1a: Iron Treads|48\/100|[from] item: Leftovers\n|-damage|p1a: Iron Treads|35\/100|[from] move: Infestation|[partiallytrapped]\n|upkeep\n|turn|15\n|\n|t:|1700540197\n|move|p1a: Iron Treads|Rapid Spin|p2a: Toxapex\n|-damage|p2a: Toxapex|51\/100\n|-boost|p1a: Iron Treads|spe|1\n|-sideend|p1: RepeatUntilTired3|Spikes|[from] move: Rapid Spin|[of] p1a: Iron Treads\n|-end|p1a: Iron Treads|Infestation|[partiallytrapped]\n|move|p2a: Toxapex|Surf|p1a: Iron Treads\n|-supereffective|p1a: Iron Treads\n|-damage|p1a: Iron Treads|0 fnt\n|faint|p1a: Iron Treads\n|-end|p1a: Iron Treads|Quark Drive|[silent]\n|\n|-weather|RainDance|[upkeep]\n|upkeep\n|\n|t:|1700540218\n|switch|p1a: Dragonite|Dragonite, M|100\/100\n|turn|16\n|\n|t:|1700540222\n|move|p1a: Dragonite|Dragon Dance|p1a: Dragonite\n|-boost|p1a: Dragonite|atk|1\n|-boost|p1a: Dragonite|spe|1\n|move|p2a: Toxapex|Ice Beam|p1a: Dragonite\n|-supereffective|p1a: Dragonite\n|-damage|p1a: Dragonite|58\/100\n|\n|-weather|RainDance|[upkeep]\n|upkeep\n|turn|17\n|\n|t:|1700540230\n|move|p1a: Dragonite|Earthquake|p2a: Toxapex\n|-supereffective|p2a: Toxapex\n|-damage|p2a: Toxapex|0 fnt\n|faint|p2a: Toxapex\n|\n|-weather|none\n|upkeep\n|\n|t:|1700540237\n|switch|p2a: Zamazenta|Zamazenta|82\/100\n|-damage|p2a: Zamazenta|76\/100|[from] Stealth Rock\n|turn|18\n|\n|t:|1700540243\n|-terastallize|p1a: Dragonite|Fairy\n|move|p1a: Dragonite|Dragon Dance|p1a: Dragonite\n|-boost|p1a: Dragonite|atk|1\n|-boost|p1a: Dragonite|spe|1\n|move|p2a: Zamazenta|Crunch|p1a: Dragonite\n|-resisted|p1a: Dragonite\n|-damage|p1a: Dragonite|46\/100\n|\n|-heal|p2a: Zamazenta|82\/100|[from] item: Leftovers\n|upkeep\n|turn|19\n|\n|t:|1700540252\n|move|p1a: Dragonite|Earthquake|p2a: Zamazenta\n|-damage|p2a: Zamazenta|27\/100\n|move|p2a: Zamazenta|Iron Defense|p2a: Zamazenta\n|-boost|p2a: Zamazenta|def|2\n|\n|-heal|p2a: Zamazenta|33\/100|[from] item: Leftovers\n|upkeep\n|turn|20\n|\n|t:|1700540263\n|move|p1a: Dragonite|Earthquake|p2a: Zamazenta\n|-damage|p2a: Zamazenta|6\/100\n|move|p2a: Zamazenta|Iron Defense|p2a: Zamazenta\n|-boost|p2a: Zamazenta|def|2\n|\n|-heal|p2a: Zamazenta|12\/100|[from] item: Leftovers\n|upkeep\n|turn|21\n|\n|t:|1700540270\n|move|p1a: Dragonite|Earthquake|p2a: Zamazenta\n|-damage|p2a: Zamazenta|0 fnt\n|faint|p2a: Zamazenta\n|\n|upkeep\n|\n|t:|1700540272\n|switch|p2a: Zapdos|Zapdos|100\/100\n|-ability|p2a: Zapdos|Pressure\n|turn|22\n|\n|t:|1700540277\n|move|p1a: Dragonite|Ice Spinner|p2a: Zapdos\n|-supereffective|p2a: Zapdos\n|-damage|p2a: Zapdos|0 fnt\n|faint|p2a: Zapdos\n|\n|win|RepeatUntilTired3\n|raw|RepeatUntilTired3's rating: 1535 &rarr; <strong>1551<\/strong><br \/>(+16 for winning)\n|raw|ToastyCaesar's rating: 1470 &rarr; <strong>1454<\/strong><br \/>(-16 for losing)\n|l|\u2606ToastyCaesar\n","uploadtime":1700540283,"views":14,"p1id":"repeatuntiltired3","p2id":"toastycaesar","formatid":"gen9ou","rating":1454,"private":0,"password":""}