{"id":"gen9ou-2000125951","p1":"Vierze","p2":"Timetavelgoat","format":"[Gen 9] OU","log":"|j|\u2606Vierze\n|j|\u2606Timetavelgoat\n|t:|1701159490\n|gametype|singles\n|player|p1|Vierze|bugcatcher-gen4dp|1201\n|player|p2|Timetavelgoat|zinzolin|1200\n|teamsize|p1|6\n|teamsize|p2|6\n|gen|9\n|tier|[Gen 9] OU\n|rated|\n|rule|Sleep Clause Mod: Limit one foe put to sleep\n|rule|Species Clause: Limit one of each Pok\u00e9mon\n|rule|OHKO Clause: OHKO moves are banned\n|rule|Evasion Items Clause: Evasion items are banned\n|rule|Evasion Moves Clause: Evasion moves are banned\n|rule|Endless Battle Clause: Forcing endless battles is banned\n|rule|HP Percentage Mod: HP is shown in percentages\n|clearpoke\n|poke|p1|Scyther, M|\n|poke|p1|Milotic, F|\n|poke|p1|Corviknight, F|\n|poke|p1|Zapdos|\n|poke|p1|Breloom, F|\n|poke|p1|Iron Moth|\n|poke|p2|Gholdengo|\n|poke|p2|Cinderace, F|\n|poke|p2|Ogerpon-Wellspring, F|\n|poke|p2|Landorus-Therian, M|\n|poke|p2|Slowking-Galar, F|\n|poke|p2|Corviknight, F|\n|teampreview\n|inactive|Battle timer is ON: inactive players will automatically lose when time's up. (requested by Vierze)\n|\n|t:|1701159502\n|start\n|switch|p1a: Milotic|Milotic, F|100\/100\n|switch|p2a: Landorus|Landorus-Therian, M|100\/100\n|-ability|p2a: Landorus|Intimidate|boost\n|-unboost|p1a: Milotic|atk|1\n|turn|1\n|\n|t:|1701159517\n|move|p2a: Landorus|U-turn|p1a: Milotic\n|-damage|p1a: Milotic|73\/100\n|\n|t:|1701159519\n|switch|p2a: Slowking|Slowking-Galar, F|100\/100|[from] U-turn\n|move|p1a: Milotic|Scald|p2a: Slowking\n|-damage|p2a: Slowking|89\/100\n|-status|p2a: Slowking|brn\n|\n|-heal|p1a: Milotic|79\/100|[from] item: Leftovers\n|-damage|p2a: Slowking|83\/100 brn|[from] brn\n|upkeep\n|turn|2\n|\n|t:|1701159537\n|move|p2a: Slowking|Psychic|p1a: Milotic\n|-crit|p1a: Milotic\n|-damage|p1a: Milotic|48\/100\n|-unboost|p1a: Milotic|spd|1\n|move|p1a: Milotic|Mirror Coat|p2a: Slowking\n|-damage|p2a: Slowking|21\/100 brn\n|\n|-heal|p1a: Milotic|54\/100|[from] item: Leftovers\n|-damage|p2a: Slowking|15\/100 brn|[from] brn\n|upkeep\n|turn|3\n|\n|t:|1701159547\n|switch|p2a: Ogerpon|Ogerpon-Wellspring, F|100\/100\n|move|p1a: Milotic|Recover|p1a: Milotic\n|-heal|p1a: Milotic|100\/100\n|\n|upkeep\n|turn|4\n|\n|t:|1701159570\n|switch|p2a: Gholdengo|Gholdengo|100\/100\n|switch|p1a: Corviknight|Corviknight, F|100\/100\n|-ability|p1a: Corviknight|Pressure\n|\n|upkeep\n|turn|5\n|\n|t:|1701159578\n|switch|p1a: Milotic|Milotic, F|100\/100\n|move|p2a: Gholdengo|Thunder Wave|p1a: Milotic\n|-status|p1a: Milotic|par\n|\n|upkeep\n|turn|6\n|\n|t:|1701159588\n|switch|p2a: Slowking|Slowking-Galar, F|48\/100 brn\n|move|p1a: Milotic|Scald|p2a: Slowking\n|-damage|p2a: Slowking|36\/100 brn\n|\n|-damage|p2a: Slowking|30\/100 brn|[from] brn\n|upkeep\n|turn|7\n|\n|t:|1701159599\n|switch|p2a: Gholdengo|Gholdengo|100\/100\n|move|p1a: Milotic|Flip Turn|p2a: Gholdengo\n|-damage|p2a: Gholdengo|88\/100\n|\n|t:|1701159611\n|switch|p1a: Iron Moth|Iron Moth|100\/100|[from] Flip Turn\n|-enditem|p1a: Iron Moth|Booster Energy\n|-activate|p1a: Iron Moth|ability: Quark Drive|[fromitem]\n|-start|p1a: Iron Moth|quarkdrivespe\n|\n|-heal|p2a: Gholdengo|94\/100|[from] item: Leftovers\n|upkeep\n|turn|8\n|\n|t:|1701159625\n|-terastallize|p2a: Gholdengo|Dragon\n|move|p1a: Iron Moth|Fiery Dance|p2a: Gholdengo\n|-resisted|p2a: Gholdengo\n|-damage|p2a: Gholdengo|73\/100\n|move|p2a: Gholdengo|Thunder Wave|p1a: Iron Moth\n|-status|p1a: Iron Moth|par\n|\n|-heal|p2a: Gholdengo|79\/100|[from] item: Leftovers\n|upkeep\n|turn|9\n|\n|t:|1701159637\n|move|p1a: Iron Moth|Sludge Wave|p2a: Gholdengo\n|-crit|p2a: Gholdengo\n|-damage|p2a: Gholdengo|13\/100\n|move|p2a: Gholdengo|Recover|p2a: Gholdengo\n|-heal|p2a: Gholdengo|63\/100\n|\n|-heal|p2a: Gholdengo|69\/100|[from] item: Leftovers\n|upkeep\n|turn|10\n|\n|t:|1701159646\n|switch|p2a: Slowking|Slowking-Galar, F|63\/100 brn\n|move|p1a: Iron Moth|Sludge Wave|p2a: Slowking\n|-resisted|p2a: Slowking\n|-damage|p2a: Slowking|54\/100 brn\n|\n|-damage|p2a: Slowking|47\/100 brn|[from] brn\n|upkeep\n|turn|11\n|\n|t:|1701159654\n|move|p1a: Iron Moth|Fiery Dance|p2a: Slowking\n|-damage|p2a: Slowking|30\/100 brn\n|move|p2a: Slowking|Psychic|p1a: Iron Moth\n|-supereffective|p1a: Iron Moth\n|-damage|p1a: Iron Moth|33\/100 par\n|\n|-damage|p2a: Slowking|24\/100 brn|[from] brn\n|upkeep\n|turn|12\n|\n|t:|1701159665\n|cant|p1a: Iron Moth|par\n|move|p2a: Slowking|Psychic|p1a: Iron Moth\n|-supereffective|p1a: Iron Moth\n|-damage|p1a: Iron Moth|0 fnt\n|faint|p1a: Iron Moth\n|-end|p1a: Iron Moth|Quark Drive|[silent]\n|\n|-damage|p2a: Slowking|18\/100 brn|[from] brn\n|upkeep\n|\n|t:|1701159674\n|switch|p1a: Scyther|Scyther, M|100\/100\n|turn|13\n|\n|t:|1701159679\n|switch|p2a: Corviknight|Corviknight, F|100\/100\n|-ability|p2a: Corviknight|Pressure\n|move|p1a: Scyther|Swords Dance|p1a: Scyther\n|-boost|p1a: Scyther|atk|2\n|\n|upkeep\n|turn|14\n|\n|t:|1701159688\n|-terastallize|p1a: Scyther|Normal\n|move|p1a: Scyther|Swords Dance|p1a: Scyther\n|-boost|p1a: Scyther|atk|2\n|move|p2a: Corviknight|Brave Bird|p1a: Scyther\n|-damage|p1a: Scyther|62\/100\n|-damage|p2a: Corviknight|91\/100|[from] Recoil\n|\n|-heal|p2a: Corviknight|98\/100|[from] item: Leftovers\n|upkeep\n|turn|15\n|\n|t:|1701159699\n|move|p1a: Scyther|Close Combat|p2a: Corviknight\n|-damage|p2a: Corviknight|31\/100\n|-unboost|p1a: Scyther|def|1\n|-unboost|p1a: Scyther|spd|1\n|move|p2a: Corviknight|Brave Bird|p1a: Scyther\n|-damage|p1a: Scyther|5\/100\n|-damage|p2a: Corviknight|18\/100|[from] Recoil\n|\n|-heal|p2a: Corviknight|25\/100|[from] item: Leftovers\n|upkeep\n|turn|16\n|\n|t:|1701159717\n|move|p1a: Scyther|Close Combat|p2a: Corviknight\n|-damage|p2a: Corviknight|0 fnt\n|-unboost|p1a: Scyther|def|1\n|-unboost|p1a: Scyther|spd|1\n|faint|p2a: Corviknight\n|\n|upkeep\n|\n|t:|1701159723\n|switch|p2a: Landorus|Landorus-Therian, M|100\/100\n|-ability|p2a: Landorus|Intimidate|boost\n|-unboost|p1a: Scyther|atk|1\n|turn|17\n|\n|t:|1701159727\n|move|p1a: Scyther|Dual Wingbeat|p2a: Landorus\n|-damage|p2a: Landorus|22\/100\n|-damage|p2a: Landorus|0 fnt\n|faint|p2a: Landorus\n|-hitcount|p2: Landorus|2\n|\n|upkeep\n|\n|t:|1701159732\n|switch|p2a: Cinderace|Cinderace, F|100\/100\n|turn|18\n|\n|t:|1701159736\n|move|p1a: Scyther|Quick Attack|p2a: Cinderace\n|-damage|p2a: Cinderace|0 fnt\n|faint|p2a: Cinderace\n|\n|upkeep\n|\n|t:|1701159740\n|switch|p2a: Ogerpon|Ogerpon-Wellspring, F|100\/100\n|turn|19\n|\n|t:|1701159743\n|move|p1a: Scyther|Quick Attack|p2a: Ogerpon\n|-crit|p2a: Ogerpon\n|-damage|p2a: Ogerpon|0 fnt\n|faint|p2a: Ogerpon\n|\n|upkeep\n|\n|t:|1701159747\n|switch|p2a: Slowking|Slowking-Galar, F|51\/100 brn\n|turn|20\n|\n|t:|1701159751\n|move|p1a: Scyther|Dual Wingbeat|p2a: Slowking\n|-damage|p2a: Slowking|0 fnt\n|faint|p2a: Slowking\n|-hitcount|p2: Slowking|1\n|\n|upkeep\n|-message|Timetavelgoat forfeited.\n|\n|win|Vierze\n|raw|Vierze's rating: 1201 &rarr; <strong>1226<\/strong><br \/>(+25 for winning)\n|raw|Timetavelgoat's rating: 1200 &rarr; <strong>1175<\/strong><br \/>(-25 for losing)\n|l|\u2606Timetavelgoat\n|c|\u2606Vierze|gg\n","uploadtime":1701159767,"views":12,"p1id":"vierze","p2id":"timetavelgoat","formatid":"gen9ou","rating":1175,"private":0,"password":""}