{"id":"gen9ou-1989674671","p1":"Bruscke","p2":"luisjesset","format":"[Gen 9] OU","log":"|j|\u2606Bruscke\n|j|\u2606luisjesset\n|t:|1699885700\n|gametype|singles\n|player|p1|Bruscke|2|1178\n|player|p2|luisjesset|ghetsis-gen5bw|1097\n|teamsize|p1|6\n|teamsize|p2|6\n|gen|9\n|tier|[Gen 9] OU\n|rated|\n|rule|Sleep Clause Mod: Limit one foe put to sleep\n|rule|Species Clause: Limit one of each Pok\u00e9mon\n|rule|OHKO Clause: OHKO moves are banned\n|rule|Evasion Items Clause: Evasion items are banned\n|rule|Evasion Moves Clause: Evasion moves are banned\n|rule|Endless Battle Clause: Forcing endless battles is banned\n|rule|HP Percentage Mod: HP is shown in percentages\n|clearpoke\n|poke|p1|Iron Moth|\n|poke|p1|Hoopa-Unbound|\n|poke|p1|Great Tusk|\n|poke|p1|Kingambit, M|\n|poke|p1|Dragonite, M|\n|poke|p1|Iron Valiant|\n|poke|p2|Dondozo, M|\n|poke|p2|Quaquaval, F|\n|poke|p2|Iron Moth|\n|poke|p2|Ceruledge, F|\n|poke|p2|Dragapult, M|\n|poke|p2|Hatterene, F|\n|teampreview\n|j| americandragon79\n|inactive|Battle timer is ON: inactive players will automatically lose when time's up. (requested by Bruscke)\n|\n|t:|1699885711\n|start\n|switch|p1a: Great Tusk|Great Tusk|100\/100\n|switch|p2a: Quaquaval|Quaquaval, F|100\/100\n|turn|1\n|\n|t:|1699885720\n|move|p1a: Great Tusk|Knock Off|p2a: Quaquaval\n|-resisted|p2a: Quaquaval\n|-damage|p2a: Quaquaval|85\/100\n|-enditem|p2a: Quaquaval|Leftovers|[from] move: Knock Off|[of] p1a: Great Tusk\n|move|p2a: Quaquaval|Aqua Step|p1a: Great Tusk\n|-supereffective|p1a: Great Tusk\n|-damage|p1a: Great Tusk|48\/100\n|-boost|p2a: Quaquaval|spe|1\n|\n|upkeep\n|turn|2\n|\n|t:|1699885738\n|-end|p1a: Great Tusk|Protosynthesis|[silent]\n|switch|p1a: Iron Valiant|Iron Valiant|100\/100\n|-enditem|p1a: Iron Valiant|Booster Energy\n|-activate|p1a: Iron Valiant|ability: Quark Drive|[fromitem]\n|-start|p1a: Iron Valiant|quarkdrivespe\n|move|p2a: Quaquaval|Bulk Up|p2a: Quaquaval\n|-boost|p2a: Quaquaval|atk|1\n|-boost|p2a: Quaquaval|def|1\n|\n|upkeep\n|turn|3\n|\n|t:|1699885745\n|-terastallize|p2a: Quaquaval|Water\n|move|p1a: Iron Valiant|Moonblast|p2a: Quaquaval\n|-damage|p2a: Quaquaval|28\/100\n|-unboost|p2a: Quaquaval|spa|1\n|move|p2a: Quaquaval|Aqua Step|p1a: Iron Valiant\n|-damage|p1a: Iron Valiant|0 fnt\n|-boost|p2a: Quaquaval|spe|1\n|faint|p1a: Iron Valiant\n|-end|p1a: Iron Valiant|Quark Drive|[silent]\n|-ability|p2a: Quaquaval|Moxie|boost\n|-boost|p2a: Quaquaval|atk|1\n|\n|upkeep\n|\n|t:|1699885750\n|switch|p1a: Dragonite|Dragonite, M|100\/100\n|turn|4\n|\n|t:|1699885757\n|-terastallize|p1a: Dragonite|Normal\n|move|p2a: Quaquaval|Roost|p2a: Quaquaval\n|-heal|p2a: Quaquaval|78\/100\n|move|p1a: Dragonite|Dragon Dance|p1a: Dragonite\n|-boost|p1a: Dragonite|atk|1\n|-boost|p1a: Dragonite|spe|1\n|\n|upkeep\n|turn|5\n|\n|t:|1699885766\n|move|p1a: Dragonite|Extreme Speed|p2a: Quaquaval\n|-crit|p2a: Quaquaval\n|-damage|p2a: Quaquaval|0 fnt\n|faint|p2a: Quaquaval\n|\n|upkeep\n|c| americandragon79|Quaquaval is op\n|\n|t:|1699885775\n|switch|p2a: Hatterene|Hatterene, F|100\/100\n|turn|6\n|\n|t:|1699885785\n|move|p1a: Dragonite|Extreme Speed|p2a: Hatterene\n|-damage|p2a: Hatterene|39\/100\n|-enditem|p2a: Hatterene|Eject Button\n|\n|t:|1699885798\n|switch|p2a: Dragapult|Dragapult, M|100\/100\n|\n|upkeep\n|turn|7\n|\n|t:|1699885815\n|move|p2a: Dragapult|Dragon Darts|p1a: Dragonite\n|-damage|p1a: Dragonite|87\/100\n|-anim|p2a: Dragapult|Dragon Darts|p1a: Dragonite\n|-damage|p1a: Dragonite|62\/100\n|move|p1a: Dragonite|Earthquake|p2a: Dragapult\n|-damage|p2a: Dragapult|20\/100\n|\n|upkeep\n|turn|8\n|\n|t:|1699885823\n|move|p2a: Dragapult|Dragon Darts|p1a: Dragonite\n|-damage|p1a: Dragonite|35\/100\n|-anim|p2a: Dragapult|Dragon Darts|p1a: Dragonite\n|-damage|p1a: Dragonite|9\/100\n|move|p1a: Dragonite|Dragon Dance|p1a: Dragonite\n|-boost|p1a: Dragonite|atk|1\n|-boost|p1a: Dragonite|spe|1\n|\n|upkeep\n|turn|9\n|\n|t:|1699885829\n|move|p2a: Dragapult|Dragon Darts|p1a: Dragonite\n|-damage|p1a: Dragonite|0 fnt\n|faint|p1a: Dragonite\n|\n|upkeep\n|\n|t:|1699885838\n|switch|p1a: Kingambit|Kingambit, M|100\/100\n|-activate|p1a: Kingambit|ability: Supreme Overlord\n|-start|p1a: Kingambit|fallen2|[silent]\n|-item|p1a: Kingambit|Air Balloon\n|turn|10\n|\n|t:|1699885842\n|move|p1a: Kingambit|Sucker Punch|p2a: Dragapult\n|-supereffective|p2a: Dragapult\n|-damage|p2a: Dragapult|0 fnt\n|faint|p2a: Dragapult\n|\n|upkeep\n|c| americandragon79|Dragapult is fast\n|\n|t:|1699885847\n|switch|p2a: Hatterene|Hatterene, F|39\/100\n|turn|11\n|\n|t:|1699885853\n|move|p1a: Kingambit|Kowtow Cleave|p2a: Hatterene\n|-damage|p2a: Hatterene|0 fnt\n|faint|p2a: Hatterene\n|\n|upkeep\n|\n|t:|1699885857\n|switch|p2a: Ceruledge|Ceruledge, F|100\/100\n|turn|12\n|\n|t:|1699885862\n|move|p2a: Ceruledge|Close Combat|p1a: Kingambit\n|-supereffective|p1a: Kingambit\n|-damage|p1a: Kingambit|0 fnt\n|-unboost|p2a: Ceruledge|def|1\n|-unboost|p2a: Ceruledge|spd|1\n|-enditem|p1a: Kingambit|Air Balloon\n|faint|p1a: Kingambit\n|-end|p1a: Kingambit|fallen2|[silent]\n|\n|upkeep\n|\n|t:|1699885865\n|switch|p1a: Iron Moth|Iron Moth|100\/100\n|-enditem|p1a: Iron Moth|Booster Energy\n|-activate|p1a: Iron Moth|ability: Quark Drive|[fromitem]\n|-start|p1a: Iron Moth|quarkdrivespe\n|turn|13\n|c|\u2606luisjesset|it is i put the scarf\n|\n|t:|1699885882\n|move|p2a: Ceruledge|Shadow Sneak|p1a: Iron Moth\n|-damage|p1a: Iron Moth|69\/100\n|move|p1a: Iron Moth|Sludge Wave|p2a: Ceruledge\n|-resisted|p2a: Ceruledge\n|-damage|p2a: Ceruledge|56\/100\n|\n|upkeep\n|turn|14\n|\n|t:|1699885892\n|move|p1a: Iron Moth|Sludge Wave|p2a: Ceruledge\n|-resisted|p2a: Ceruledge\n|-damage|p2a: Ceruledge|15\/100\n|move|p2a: Ceruledge|Swords Dance|p2a: Ceruledge\n|-boost|p2a: Ceruledge|atk|2\n|\n|upkeep\n|turn|15\n|\n|t:|1699885897\n|move|p2a: Ceruledge|Shadow Sneak|p1a: Iron Moth\n|-damage|p1a: Iron Moth|8\/100\n|move|p1a: Iron Moth|Sludge Wave|p2a: Ceruledge\n|-resisted|p2a: Ceruledge\n|-damage|p2a: Ceruledge|0 fnt\n|faint|p2a: Ceruledge\n|\n|upkeep\n|\n|t:|1699885904\n|switch|p2a: Iron Moth|Iron Moth|100\/100\n|turn|16\n|c| americandragon79|Scarf draga interesting\n|\n|t:|1699885912\n|move|p1a: Iron Moth|Toxic Spikes|p2a: Iron Moth\n|-sidestart|p2: luisjesset|move: Toxic Spikes\n|move|p2a: Iron Moth|Fiery Dance|p1a: Iron Moth\n|-resisted|p1a: Iron Moth\n|-damage|p1a: Iron Moth|0 fnt\n|faint|p1a: Iron Moth\n|-end|p1a: Iron Moth|Quark Drive|[silent]\n|\n|upkeep\n|\n|t:|1699885918\n|switch|p1a: Hoopa|Hoopa-Unbound|100\/100\n|turn|17\n|\n|t:|1699885927\n|move|p2a: Iron Moth|Fiery Dance|p1a: Hoopa\n|-damage|p1a: Hoopa|47\/100\n|move|p1a: Hoopa|Hyperspace Fury|p2a: Iron Moth\n|-damage|p2a: Iron Moth|0 fnt\n|-unboost|p1a: Hoopa|def|1\n|faint|p2a: Iron Moth\n|-end|p2a: Iron Moth|Quark Drive|[silent]\n|\n|upkeep\n|\n|t:|1699885933\n|switch|p2a: Dondozo|Dondozo, M|100\/100\n|-status|p2a: Dondozo|psn\n|turn|18\n|\n|t:|1699885938\n|move|p1a: Hoopa|Hyperspace Fury|p2a: Dondozo\n|-damage|p2a: Dondozo|35\/100 psn\n|-unboost|p1a: Hoopa|def|1\n|move|p2a: Dondozo|Curse|p2a: Dondozo\n|-unboost|p2a: Dondozo|spe|1\n|-boost|p2a: Dondozo|atk|1\n|-boost|p2a: Dondozo|def|1\n|\n|-heal|p2a: Dondozo|42\/100 psn|[from] item: Leftovers\n|-damage|p2a: Dondozo|29\/100 psn|[from] psn\n|upkeep\n|turn|19\n|\n|t:|1699885940\n|move|p1a: Hoopa|Hyperspace Fury|p2a: Dondozo\n|-damage|p2a: Dondozo|0 fnt\n|-unboost|p1a: Hoopa|def|1\n|faint|p2a: Dondozo\n|\n|win|Bruscke\n|raw|Bruscke's rating: 1178 &rarr; <strong>1197<\/strong><br \/>(+19 for winning)\n|raw|luisjesset's rating: 1097 &rarr; <strong>1078<\/strong><br \/>(-19 for losing)\n|l|\u2606Bruscke\n|c|\u2606luisjesset|well\n|c|\u2606luisjesset|gg\n","uploadtime":1699885966,"views":11,"p1id":"bruscke","p2id":"luisjesset","formatid":"gen9ou","rating":1078,"private":0,"password":""}