{"id":"gen9ou-1995833498","p1":"Icefanngs","p2":"heilsms","format":"[Gen 9] OU","log":"|j|\u2606Icefanngs\n|j|\u2606heilsms\n|t:|1700607721\n|gametype|singles\n|player|p1|Icefanngs|101|1050\n|player|p2|heilsms|red|1000\n|teamsize|p1|6\n|teamsize|p2|6\n|gen|9\n|tier|[Gen 9] OU\n|rated|\n|rule|Sleep Clause Mod: Limit one foe put to sleep\n|rule|Species Clause: Limit one of each Pok\u00e9mon\n|rule|OHKO Clause: OHKO moves are banned\n|rule|Evasion Items Clause: Evasion items are banned\n|rule|Evasion Moves Clause: Evasion moves are banned\n|rule|Endless Battle Clause: Forcing endless battles is banned\n|rule|HP Percentage Mod: HP is shown in percentages\n|clearpoke\n|poke|p1|Delphox, F|\n|poke|p1|Lilligant-Hisui, F|\n|poke|p1|Froslass, F|\n|poke|p1|Milotic, F|\n|poke|p1|Mandibuzz, F|\n|poke|p1|Tinkaton, F|\n|poke|p2|Hatterene, F|\n|poke|p2|Samurott-Hisui, F|\n|poke|p2|Ting-Lu|\n|poke|p2|Garganacl, M|\n|poke|p2|Lucario, M|\n|poke|p2|Dragalge, F|\n|teampreview\n|\n|t:|1700607727\n|start\n|switch|p1a: Lucy|Lilligant-Hisui, F|100\/100\n|switch|p2a: Samurott|Samurott-Hisui, F|100\/100\n|turn|1\n|inactive|Battle timer is ON: inactive players will automatically lose when time's up. (requested by Icefanngs)\n|\n|t:|1700607736\n|move|p1a: Lucy|Leaf Blade|p2a: Samurott\n|-supereffective|p2a: Samurott\n|-damage|p2a: Samurott|0 fnt\n|faint|p2a: Samurott\n|\n|upkeep\n|\n|t:|1700607742\n|switch|p2a: Dragalge|Dragalge, F|100\/100\n|turn|2\n|\n|t:|1700607748\n|switch|p1a: Amy|Tinkaton, F|100\/100\n|-ability|p1a: Amy|Mold Breaker\n|move|p2a: Dragalge|Acid Spray|p1a: Amy\n|-immune|p1a: Amy\n|\n|upkeep\n|turn|3\n|\n|t:|1700607757\n|move|p1a: Amy|Gigaton Hammer|p2a: Dragalge\n|-damage|p2a: Dragalge|29\/100\n|move|p2a: Dragalge|Acid Armor|p2a: Dragalge\n|-boost|p2a: Dragalge|def|2\n|\n|-heal|p2a: Dragalge|35\/100|[from] item: Leftovers\n|upkeep\n|turn|4\n|\n|t:|1700607766\n|move|p1a: Amy|Knock Off|p2a: Dragalge\n|-damage|p2a: Dragalge|22\/100\n|-enditem|p2a: Dragalge|Leftovers|[from] move: Knock Off|[of] p1a: Amy\n|move|p2a: Dragalge|Scald|p1a: Amy\n|-damage|p1a: Amy|87\/100\n|-status|p1a: Amy|brn\n|\n|-damage|p1a: Amy|81\/100 brn|[from] brn\n|upkeep\n|turn|5\n|\n|t:|1700607777\n|move|p1a: Amy|Gigaton Hammer|p2a: Dragalge\n|-damage|p2a: Dragalge|3\/100\n|move|p2a: Dragalge|Thunderbolt|p1a: Amy\n|-damage|p1a: Amy|66\/100 brn\n|\n|-damage|p1a: Amy|60\/100 brn|[from] brn\n|upkeep\n|turn|6\n|\n|t:|1700607787\n|move|p1a: Amy|Knock Off|p2a: Dragalge\n|-damage|p2a: Dragalge|0 fnt\n|faint|p2a: Dragalge\n|\n|-damage|p1a: Amy|53\/100 brn|[from] brn\n|upkeep\n|\n|t:|1700607794\n|switch|p2a: Ting-Lu|Ting-Lu|100\/100\n|-ability|p2a: Ting-Lu|Vessel of Ruin\n|turn|7\n|\n|t:|1700607799\n|move|p1a: Amy|Knock Off|p2a: Ting-Lu\n|-resisted|p2a: Ting-Lu\n|-damage|p2a: Ting-Lu|97\/100\n|-enditem|p2a: Ting-Lu|Leftovers|[from] move: Knock Off|[of] p1a: Amy\n|move|p2a: Ting-Lu|Stealth Rock|p1a: Amy\n|-sidestart|p1: Icefanngs|move: Stealth Rock\n|\n|-damage|p1a: Amy|47\/100 brn|[from] brn\n|upkeep\n|turn|8\n|\n|t:|1700607809\n|move|p1a: Amy|Play Rough|p2a: Ting-Lu\n|-supereffective|p2a: Ting-Lu\n|-crit|p2a: Ting-Lu\n|-damage|p2a: Ting-Lu|66\/100\n|move|p2a: Ting-Lu|Heavy Slam|p1a: Amy\n|-damage|p1a: Amy|8\/100 brn\n|\n|-damage|p1a: Amy|2\/100 brn|[from] brn\n|upkeep\n|turn|9\n|\n|t:|1700607823\n|move|p1a: Amy|Play Rough|p2a: Ting-Lu\n|-supereffective|p2a: Ting-Lu\n|-damage|p2a: Ting-Lu|45\/100\n|move|p2a: Ting-Lu|Rock Tomb|p1a: Amy\n|-resisted|p1a: Amy\n|-damage|p1a: Amy|0 fnt\n|faint|p1a: Amy\n|\n|upkeep\n|\n|t:|1700607838\n|switch|p1a: Lucy|Lilligant-Hisui, F|100\/100\n|-damage|p1a: Lucy|94\/100|[from] Stealth Rock\n|turn|10\n|\n|t:|1700607844\n|-terastallize|p2a: Ting-Lu|Dark\n|move|p1a: Lucy|Leaf Blade|p2a: Ting-Lu\n|-damage|p2a: Ting-Lu|12\/100\n|move|p2a: Ting-Lu|Heavy Slam|p1a: Lucy\n|-damage|p1a: Lucy|42\/100\n|\n|upkeep\n|turn|11\n|\n|t:|1700607853\n|move|p1a: Lucy|Leaf Blade|p2a: Ting-Lu\n|-damage|p2a: Ting-Lu|0 fnt\n|faint|p2a: Ting-Lu\n|\n|upkeep\n|\n|t:|1700607858\n|switch|p2a: Hatterene|Hatterene, F|100\/100\n|turn|12\n|\n|t:|1700607862\n|move|p1a: Lucy|Leaf Blade|p2a: Hatterene\n|-crit|p2a: Hatterene\n|-damage|p2a: Hatterene|0 fnt\n|faint|p2a: Hatterene\n|\n|upkeep\n|\n|t:|1700607868\n|switch|p2a: Garganacl|Garganacl, M, shiny|100\/100\n|turn|13\n|\n|t:|1700607873\n|move|p1a: Lucy|Leaf Blade|p2a: Garganacl|[miss]\n|-miss|p1a: Lucy|p2a: Garganacl\n|move|p2a: Garganacl|Salt Cure|p1a: Lucy\n|-resisted|p1a: Lucy\n|-damage|p1a: Lucy|29\/100\n|-start|p1a: Lucy|Salt Cure\n|\n|-damage|p1a: Lucy|17\/100|[from] Salt Cure\n|upkeep\n|turn|14\n|\n|t:|1700607883\n|switch|p1a: Aquarius|Milotic, F|100\/100\n|-damage|p1a: Aquarius|88\/100|[from] Stealth Rock\n|switch|p2a: Lucario|Lucario, M|100\/100\n|\n|-heal|p1a: Aquarius|94\/100|[from] item: Leftovers\n|upkeep\n|turn|15\n|\n|t:|1700607893\n|move|p2a: Lucario|Nasty Plot|p2a: Lucario\n|-boost|p2a: Lucario|spa|2\n|move|p1a: Aquarius|Scald|p2a: Lucario\n|-damage|p2a: Lucario|46\/100\n|\n|-heal|p2a: Lucario|52\/100|[from] item: Leftovers\n|-heal|p1a: Aquarius|99\/100|[from] item: Leftovers\n|upkeep\n|turn|16\n|\n|t:|1700607905\n|move|p2a: Lucario|Aura Sphere|p1a: Aquarius\n|-damage|p1a: Aquarius|43\/100\n|move|p1a: Aquarius|Mirror Coat|p2a: Lucario\n|-damage|p2a: Lucario|0 fnt\n|faint|p2a: Lucario\n|\n|-heal|p1a: Aquarius|49\/100|[from] item: Leftovers\n|upkeep\n|-message|heilsms forfeited.\n|\n|win|Icefanngs\n|raw|Icefanngs's rating: 1050 &rarr; <strong>1078<\/strong><br \/>(+28 for winning)\n|raw|heilsms's rating: 1000 &rarr; <strong>1000<\/strong><br \/>(+0 for losing)\n|l|\u2606heilsms\n","uploadtime":1700607921,"views":8,"p1id":"icefanngs","p2id":"heilsms","formatid":"gen9ou","rating":1000,"private":0,"password":""}