{"id":"gen9ou-1998008173","p1":"RealPokeVictor","p2":"callmeincarcerated","format":"[Gen 9] OU","log":"|j|\u2606RealPokeVictor\n|j|\u2606callmeincarcerated\n|t:|1700878328\n|gametype|singles\n|player|p1|RealPokeVictor|red|1000\n|player|p2|callmeincarcerated|caitlin|1000\n|teamsize|p1|6\n|teamsize|p2|6\n|gen|9\n|tier|[Gen 9] OU\n|rated|\n|rule|Sleep Clause Mod: Limit one foe put to sleep\n|rule|Species Clause: Limit one of each Pok\u00e9mon\n|rule|OHKO Clause: OHKO moves are banned\n|rule|Evasion Items Clause: Evasion items are banned\n|rule|Evasion Moves Clause: Evasion moves are banned\n|rule|Endless Battle Clause: Forcing endless battles is banned\n|rule|HP Percentage Mod: HP is shown in percentages\n|clearpoke\n|poke|p1|Ogerpon-Wellspring, F|\n|poke|p1|Zamazenta-*|\n|poke|p1|Ting-Lu|\n|poke|p1|Iron Moth|\n|poke|p1|Zapdos|\n|poke|p1|Ursaluna, F|\n|poke|p2|Kingambit, M|\n|poke|p2|Mienshao, M|\n|poke|p2|Arcanine-Hisui, F|\n|poke|p2|Rotom-Wash|\n|poke|p2|Amoonguss, F|\n|poke|p2|Enamorus, F|\n|teampreview\n|inactive|Battle timer is ON: inactive players will automatically lose when time's up. (requested by callmeincarcerated)\n|\n|t:|1700878338\n|start\n|switch|p1a: Ting-Lu|Ting-Lu|100\/100\n|switch|p2a: Mienshao|Mienshao, M, shiny|100\/100\n|-ability|p1a: Ting-Lu|Vessel of Ruin\n|turn|1\n|\n|t:|1700878355\n|switch|p1a: Zapdos|Zapdos|100\/100\n|move|p2a: Mienshao|Fake Out|p1a: Zapdos\n|-damage|p1a: Zapdos|85\/100\n|-status|p2a: Mienshao|par|[from] ability: Static|[of] p1a: Zapdos\n|-damage|p2a: Mienshao|91\/100 par|[from] item: Life Orb\n|\n|upkeep\n|turn|2\n|\n|t:|1700878364\n|move|p1a: Zapdos|Hurricane|p2a: Mienshao\n|-supereffective|p2a: Mienshao\n|-damage|p2a: Mienshao|0 fnt\n|faint|p2a: Mienshao\n|\n|upkeep\n|\n|t:|1700878371\n|switch|p2a: Arcanine|Arcanine-Hisui, F, shiny|100\/100\n|turn|3\n|\n|t:|1700878378\n|switch|p1a: Ting-Lu|Ting-Lu|100\/100\n|-ability|p1a: Ting-Lu|Vessel of Ruin\n|move|p2a: Arcanine|Head Smash|p1a: Ting-Lu\n|-resisted|p1a: Ting-Lu\n|-damage|p1a: Ting-Lu|80\/100\n|\n|-heal|p1a: Ting-Lu|86\/100|[from] item: Leftovers\n|upkeep\n|turn|4\n|j| 5EternalNoob5\n|\n|t:|1700878387\n|switch|p2a: Enamorus|Enamorus, F|100\/100\n|move|p1a: Ting-Lu|Stealth Rock|p2a: Enamorus\n|-sidestart|p2: callmeincarcerated|move: Stealth Rock\n|\n|-heal|p1a: Ting-Lu|93\/100|[from] item: Leftovers\n|upkeep\n|turn|5\n|\n|t:|1700878399\n|switch|p1a: Zapdos|Zapdos|85\/100\n|move|p2a: Enamorus|Moonblast|p1a: Zapdos\n|-damage|p1a: Zapdos|5\/100\n|\n|upkeep\n|turn|6\n|\n|t:|1700878405\n|move|p2a: Enamorus|Moonblast|p1a: Zapdos\n|-damage|p1a: Zapdos|0 fnt\n|faint|p1a: Zapdos\n|\n|upkeep\n|\n|t:|1700878413\n|switch|p1a: Iron Moth|Iron Moth|100\/100\n|-enditem|p1a: Iron Moth|Booster Energy\n|-activate|p1a: Iron Moth|ability: Quark Drive|[fromitem]\n|-start|p1a: Iron Moth|quarkdrivespe\n|turn|7\n|\n|t:|1700878422\n|switch|p2a: Rotom|Rotom-Wash, shiny|100\/100\n|-damage|p2a: Rotom|88\/100|[from] Stealth Rock\n|move|p1a: Iron Moth|Sludge Wave|p2a: Rotom\n|-damage|p2a: Rotom|36\/100\n|\n|-heal|p2a: Rotom|43\/100|[from] item: Leftovers\n|upkeep\n|turn|8\n|\n|t:|1700878430\n|move|p2a: Rotom|Protect|p2a: Rotom\n|-singleturn|p2a: Rotom|Protect\n|move|p1a: Iron Moth|Sludge Wave|p2a: Rotom\n|-activate|p2a: Rotom|move: Protect\n|\n|-heal|p2a: Rotom|49\/100|[from] item: Leftovers\n|upkeep\n|turn|9\n|\n|t:|1700878437\n|-terastallize|p2a: Rotom|Steel\n|move|p1a: Iron Moth|Sludge Wave|p2a: Rotom\n|-immune|p2a: Rotom\n|move|p2a: Rotom|Hydro Pump|p1a: Iron Moth\n|-supereffective|p1a: Iron Moth\n|-damage|p1a: Iron Moth|17\/100\n|\n|-heal|p2a: Rotom|55\/100|[from] item: Leftovers\n|upkeep\n|turn|10\n|\n|t:|1700878447\n|move|p1a: Iron Moth|Fiery Dance|p2a: Rotom\n|-supereffective|p2a: Rotom\n|-damage|p2a: Rotom|0 fnt\n|faint|p2a: Rotom\n|\n|upkeep\n|\n|t:|1700878452\n|switch|p2a: Arcanine|Arcanine-Hisui, F, shiny|100\/100\n|turn|11\n|\n|t:|1700878457\n|move|p2a: Arcanine|Extreme Speed|p1a: Iron Moth\n|-damage|p1a: Iron Moth|0 fnt\n|faint|p1a: Iron Moth\n|-end|p1a: Iron Moth|Quark Drive|[silent]\n|\n|upkeep\n|l| 5EternalNoob5\n|\n|t:|1700878461\n|switch|p1a: Ting-Lu|Ting-Lu|93\/100\n|-ability|p1a: Ting-Lu|Vessel of Ruin\n|turn|12\n|\n|t:|1700878466\n|switch|p2a: Enamorus|Enamorus, F|100\/100\n|-damage|p2a: Enamorus|76\/100|[from] Stealth Rock\n|move|p1a: Ting-Lu|Earthquake|p2a: Enamorus\n|-immune|p2a: Enamorus\n|\n|-heal|p1a: Ting-Lu|99\/100|[from] item: Leftovers\n|upkeep\n|turn|13\n|\n|t:|1700878477\n|switch|p1a: Ursaluna|Ursaluna, F|100\/100\n|move|p2a: Enamorus|Moonblast|p1a: Ursaluna\n|-damage|p1a: Ursaluna|29\/100\n|\n|-status|p1a: Ursaluna|brn|[from] item: Flame Orb\n|upkeep\n|turn|14\n|\n|t:|1700878486\n|move|p2a: Enamorus|Moonblast|p1a: Ursaluna\n|-damage|p1a: Ursaluna|0 fnt\n|faint|p1a: Ursaluna\n|\n|upkeep\n|\n|t:|1700878491\n|switch|p1a: Zamazenta|Zamazenta|100\/100\n|-ability|p1a: Zamazenta|Dauntless Shield|boost\n|-boost|p1a: Zamazenta|def|1\n|turn|15\n|\n|t:|1700878499\n|switch|p2a: Amoonguss|Amoonguss, F, shiny|100\/100\n|-damage|p2a: Amoonguss|88\/100|[from] Stealth Rock\n|move|p1a: Zamazenta|Heavy Slam|p2a: Amoonguss\n|-damage|p2a: Amoonguss|58\/100\n|-damage|p1a: Zamazenta|84\/100|[from] item: Rocky Helmet|[of] p2a: Amoonguss\n|\n|upkeep\n|turn|16\n|\n|t:|1700878513\n|-terastallize|p1a: Zamazenta|Ice\n|move|p1a: Zamazenta|Tera Blast|p2a: Amoonguss|[anim] Tera Blast Ice\n|-supereffective|p2a: Amoonguss\n|-damage|p2a: Amoonguss|0 fnt\n|faint|p2a: Amoonguss\n|\n|upkeep\n|\n|t:|1700878520\n|switch|p2a: Arcanine|Arcanine-Hisui, F, shiny|100\/100\n|turn|17\n|\n|t:|1700878524\n|switch|p1a: Ting-Lu|Ting-Lu|99\/100\n|-ability|p1a: Ting-Lu|Vessel of Ruin\n|move|p2a: Arcanine|Head Smash|p1a: Ting-Lu\n|-resisted|p1a: Ting-Lu\n|-damage|p1a: Ting-Lu|78\/100\n|\n|-heal|p1a: Ting-Lu|84\/100|[from] item: Leftovers\n|upkeep\n|turn|18\n|\n|t:|1700878534\n|switch|p2a: Enamorus|Enamorus, F|76\/100\n|-damage|p2a: Enamorus|51\/100|[from] Stealth Rock\n|move|p1a: Ting-Lu|Whirlwind|p2a: Enamorus\n|drag|p2a: Arcanine|Arcanine-Hisui, F, shiny|100\/100\n|\n|-heal|p1a: Ting-Lu|90\/100|[from] item: Leftovers\n|upkeep\n|turn|19\n|\n|t:|1700878542\n|move|p2a: Arcanine|Flare Blitz|p1a: Ting-Lu\n|-damage|p1a: Ting-Lu|57\/100\n|move|p1a: Ting-Lu|Whirlwind|p2a: Arcanine\n|drag|p2a: Kingambit|Kingambit, M, shiny|100\/100\n|-damage|p2a: Kingambit|94\/100|[from] Stealth Rock\n|-activate|p2a: Kingambit|ability: Supreme Overlord\n|-start|p2a: Kingambit|fallen3|[silent]\n|\n|-heal|p1a: Ting-Lu|64\/100|[from] item: Leftovers\n|upkeep\n|turn|20\n|\n|t:|1700878554\n|move|p2a: Kingambit|Iron Head|p1a: Ting-Lu\n|-damage|p1a: Ting-Lu|32\/100\n|move|p1a: Ting-Lu|Earthquake|p2a: Kingambit\n|-supereffective|p2a: Kingambit\n|-damage|p2a: Kingambit|35\/100\n|\n|-heal|p1a: Ting-Lu|38\/100|[from] item: Leftovers\n|upkeep\n|turn|21\n|\n|t:|1700878566\n|-end|p2a: Kingambit|fallen3|[silent]\n|switch|p2a: Enamorus|Enamorus, F|51\/100\n|-damage|p2a: Enamorus|26\/100|[from] Stealth Rock\n|move|p1a: Ting-Lu|Whirlwind|p2a: Enamorus\n|drag|p2a: Kingambit|Kingambit, M, shiny|35\/100\n|-damage|p2a: Kingambit|29\/100|[from] Stealth Rock\n|-activate|p2a: Kingambit|ability: Supreme Overlord\n|-start|p2a: Kingambit|fallen3|[silent]\n|\n|-heal|p1a: Ting-Lu|44\/100|[from] item: Leftovers\n|upkeep\n|turn|22\n|\n|t:|1700878578\n|move|p2a: Kingambit|Iron Head|p1a: Ting-Lu\n|-damage|p1a: Ting-Lu|13\/100\n|move|p1a: Ting-Lu|Earthquake|p2a: Kingambit\n|-supereffective|p2a: Kingambit\n|-damage|p2a: Kingambit|0 fnt\n|faint|p2a: Kingambit\n|-end|p2a: Kingambit|fallen3|[silent]\n|\n|-heal|p1a: Ting-Lu|19\/100|[from] item: Leftovers\n|upkeep\n|\n|t:|1700878583\n|switch|p2a: Enamorus|Enamorus, F|26\/100\n|-damage|p2a: Enamorus|1\/100|[from] Stealth Rock\n|turn|23\n|\n|t:|1700878589\n|move|p2a: Enamorus|Moonblast|p1a: Ting-Lu\n|-supereffective|p1a: Ting-Lu\n|-damage|p1a: Ting-Lu|0 fnt\n|faint|p1a: Ting-Lu\n|\n|upkeep\n|\n|t:|1700878596\n|switch|p1a: Ogerpon|Ogerpon-Wellspring, F|100\/100\n|turn|24\n|\n|t:|1700878600\n|move|p1a: Ogerpon|Ivy Cudgel|p2a: Enamorus|[anim] Ivy Cudgel Water\n|-damage|p2a: Enamorus|0 fnt\n|faint|p2a: Enamorus\n|\n|upkeep\n|\n|t:|1700878603\n|switch|p2a: Arcanine|Arcanine-Hisui, F, shiny|100\/100\n|turn|25\n|\n|t:|1700878606\n|move|p1a: Ogerpon|Ivy Cudgel|p2a: Arcanine|[anim] Ivy Cudgel Water\n|-supereffective|p2a: Arcanine\n|-damage|p2a: Arcanine|0 fnt\n|faint|p2a: Arcanine\n|\n|win|RealPokeVictor\n|raw|RealPokeVictor's rating: 1000 &rarr; <strong>1040<\/strong><br \/>(+40 for winning)\n|raw|callmeincarcerated's rating: 1000 &rarr; <strong>1000<\/strong><br \/>(+0 for losing)\n|l|\u2606callmeincarcerated\n","uploadtime":1700878613,"views":1,"p1id":"realpokevictor","p2id":"callmeincarcerated","formatid":"gen9ou","rating":1000,"private":0,"password":""}