{"id":"gen9ou-1999613961","p1":"afrocashier","p2":"Ellionoid","format":"[Gen 9] OU","log":"|j|\u2606afrocashier\n|j|\u2606Ellionoid\n|t:|1701101298\n|gametype|singles\n|player|p1|afrocashier|burglar|1452\n|player|p2|Ellionoid|2|1547\n|teamsize|p1|6\n|teamsize|p2|6\n|gen|9\n|tier|[Gen 9] OU\n|rated|\n|rule|Sleep Clause Mod: Limit one foe put to sleep\n|rule|Species Clause: Limit one of each Pok\u00e9mon\n|rule|OHKO Clause: OHKO moves are banned\n|rule|Evasion Items Clause: Evasion items are banned\n|rule|Evasion Moves Clause: Evasion moves are banned\n|rule|Endless Battle Clause: Forcing endless battles is banned\n|rule|HP Percentage Mod: HP is shown in percentages\n|clearpoke\n|poke|p1|Alomomola, F|\n|poke|p1|Slowking-Galar, F|\n|poke|p1|Kingambit, F|\n|poke|p1|Great Tusk|\n|poke|p1|Cinderace, F|\n|poke|p1|Thundurus-Therian, M|\n|poke|p2|Kingambit, M|\n|poke|p2|Great Tusk|\n|poke|p2|Dondozo, M|\n|poke|p2|Ninetales-Alola, F|\n|poke|p2|Meowscarada, F|\n|poke|p2|Ribombee, F|\n|teampreview\n|inactive|Battle timer is ON: inactive players will automatically lose when time's up. (requested by Ellionoid)\n|\n|t:|1701101307\n|start\n|switch|p1a: Thundurus|Thundurus-Therian, M|100\/100\n|switch|p2a: Ribombee|Ribombee, F, shiny|100\/100\n|turn|1\n|\n|t:|1701101311\n|move|p2a: Ribombee|Trick|p1a: Thundurus\n|-activate|p2a: Ribombee|move: Trick|[of] p1a: Thundurus\n|-item|p1a: Thundurus|Toxic Orb|[from] move: Trick\n|-item|p2a: Ribombee|Choice Specs|[from] move: Trick\n|move|p1a: Thundurus|Volt Switch|p2a: Ribombee\n|-damage|p2a: Ribombee|48\/100\n|\n|t:|1701101321\n|switch|p1a: Cinderace|Cinderace, F|100\/100|[from] Volt Switch\n|\n|upkeep\n|turn|2\n|\n|t:|1701101326\n|move|p2a: Ribombee|U-turn|p1a: Cinderace\n|-resisted|p1a: Cinderace\n|-damage|p1a: Cinderace|89\/100\n|\n|t:|1701101329\n|switch|p2a: Dondozo|Dondozo, M, shiny|100\/100|[from] U-turn\n|move|p1a: Cinderace|Pyro Ball|p2a: Dondozo|[miss]\n|-miss|p1a: Cinderace|p2a: Dondozo\n|\n|upkeep\n|turn|3\n|\n|t:|1701101334\n|move|p1a: Cinderace|Will-O-Wisp|p2a: Dondozo\n|-status|p2a: Dondozo|brn\n|move|p2a: Dondozo|Yawn|p1a: Cinderace\n|-start|p1a: Cinderace|move: Yawn|[of] p2a: Dondozo\n|\n|-damage|p2a: Dondozo|94\/100 brn|[from] brn\n|upkeep\n|turn|4\n|\n|t:|1701101341\n|move|p1a: Cinderace|U-turn|p2a: Dondozo\n|-start|p1a: Cinderace|typechange|Bug|[from] ability: Libero\n|-damage|p2a: Dondozo|79\/100 brn\n|-damage|p1a: Cinderace|72\/100|[from] item: Rocky Helmet|[of] p2a: Dondozo\n|\n|t:|1701101347\n|switch|p1a: Thundurus|Thundurus-Therian, M|100\/100|[from] U-turn\n|move|p2a: Dondozo|Liquidation|p1a: Thundurus\n|-damage|p1a: Thundurus|76\/100\n|\n|-damage|p2a: Dondozo|73\/100 brn|[from] brn\n|-status|p1a: Thundurus|tox|[from] item: Toxic Orb\n|upkeep\n|turn|5\n|\n|t:|1701101363\n|switch|p2a: Great Tusk|Great Tusk, shiny|100\/100\n|-terastallize|p1a: Thundurus|Flying\n|move|p1a: Thundurus|Tera Blast|p2a: Great Tusk|[anim] Tera Blast Flying\n|-supereffective|p2a: Great Tusk\n|-damage|p2a: Great Tusk|0 fnt\n|faint|p2a: Great Tusk\n|-end|p2a: Great Tusk|Protosynthesis|[silent]\n|\n|-damage|p1a: Thundurus|70\/100 tox|[from] psn\n|upkeep\n|\n|t:|1701101372\n|switch|p2a: Ribombee|Ribombee, F, shiny|48\/100\n|turn|6\n|\n|t:|1701101379\n|switch|p1a: Slowking|Slowking-Galar, F|100\/100\n|move|p2a: Ribombee|Moonblast|p1a: Slowking\n|-resisted|p1a: Slowking\n|-damage|p1a: Slowking|87\/100\n|\n|upkeep\n|turn|7\n|\n|t:|1701101385\n|switch|p2a: Kingambit|Kingambit, M, shiny|100\/100\n|-activate|p2a: Kingambit|ability: Supreme Overlord\n|-start|p2a: Kingambit|fallen1|[silent]\n|move|p1a: Slowking|Chilly Reception|p1a: Slowking\n|-weather|Snow\n|\n|t:|1701101393\n|switch|p1a: Cinderace|Cinderace, F|72\/100|[from] Chilly Reception\n|\n|-weather|Snow|[upkeep]\n|upkeep\n|turn|8\n|\n|t:|1701101398\n|-end|p2a: Kingambit|fallen1|[silent]\n|switch|p2a: Dondozo|Dondozo, M, shiny|73\/100 brn\n|move|p1a: Cinderace|Will-O-Wisp|p2a: Dondozo\n|-fail|p2a: Dondozo|brn\n|\n|-weather|Snow|[upkeep]\n|-damage|p2a: Dondozo|67\/100 brn|[from] brn\n|upkeep\n|turn|9\n|\n|t:|1701101410\n|switch|p1a: Thundurus|Thundurus-Therian, M, tera:Flying|70\/100 tox\n|move|p2a: Dondozo|Liquidation|p1a: Thundurus\n|-damage|p1a: Thundurus|47\/100 tox\n|\n|-weather|Snow|[upkeep]\n|-damage|p1a: Thundurus|41\/100 tox|[from] psn\n|-damage|p2a: Dondozo|60\/100 brn|[from] brn\n|upkeep\n|turn|10\n|\n|t:|1701101417\n|switch|p2a: Ribombee|Ribombee, F, shiny|48\/100\n|move|p1a: Thundurus|Volt Switch|p2a: Ribombee\n|-damage|p2a: Ribombee|0 fnt\n|faint|p2a: Ribombee\n|\n|t:|1701101420\n|switch|p1a: Alomomola|Alomomola, F|100\/100|[from] Volt Switch\n|\n|-weather|Snow|[upkeep]\n|upkeep\n|\n|t:|1701101426\n|switch|p2a: Meowscarada|Meowscarada, F, shiny|100\/100\n|turn|11\n|\n|t:|1701101436\n|switch|p1a: Kingambit|Kingambit, F|100\/100\n|move|p2a: Meowscarada|Knock Off|p1a: Kingambit\n|-resisted|p1a: Kingambit\n|-damage|p1a: Kingambit|77\/100\n|-enditem|p1a: Kingambit|Leftovers|[from] move: Knock Off|[of] p2a: Meowscarada\n|-damage|p2a: Meowscarada|91\/100|[from] item: Life Orb\n|\n|-weather|none\n|upkeep\n|turn|12\n|\n|t:|1701101457\n|move|p2a: Meowscarada|U-turn|p1a: Kingambit\n|-damage|p1a: Kingambit|54\/100\n|-damage|p2a: Meowscarada|81\/100|[from] item: Life Orb\n|\n|t:|1701101461\n|switch|p2a: Dondozo|Dondozo, M, shiny|60\/100 brn|[from] U-turn\n|move|p1a: Kingambit|Swords Dance|p1a: Kingambit\n|-boost|p1a: Kingambit|atk|2\n|\n|-damage|p2a: Dondozo|54\/100 brn|[from] brn\n|upkeep\n|turn|13\n|\n|t:|1701101469\n|-end|p1a: Kingambit|fallenundefined|[silent]\n|switch|p1a: Alomomola|Alomomola, F|100\/100\n|move|p2a: Dondozo|Rest|p2a: Dondozo\n|-status|p2a: Dondozo|slp|[from] move: Rest\n|-heal|p2a: Dondozo|100\/100 slp|[silent]\n|\n|upkeep\n|turn|14\n|\n|t:|1701101473\n|move|p1a: Alomomola|Wish|p1a: Alomomola\n|cant|p2a: Dondozo|slp\n|\n|upkeep\n|turn|15\n|\n|t:|1701101478\n|switch|p2a: Ninetales|Ninetales-Alola, F, shiny|100\/100\n|-weather|Snow|[from] ability: Snow Warning|[of] p2a: Ninetales\n|move|p1a: Alomomola|Flip Turn|p2a: Ninetales\n|-damage|p2a: Ninetales|84\/100\n|\n|t:|1701101485\n|switch|p1a: Thundurus|Thundurus-Therian, M, tera:Flying|41\/100 tox|[from] Flip Turn\n|\n|-weather|Snow|[upkeep]\n|-heal|p1a: Thundurus|100\/100 tox|[from] move: Wish|[wisher] Alomomola\n|-damage|p1a: Thundurus|94\/100 tox|[from] psn\n|upkeep\n|turn|16\n|\n|t:|1701101490\n|switch|p1a: Slowking|Slowking-Galar, F|100\/100\n|move|p2a: Ninetales|Blizzard|p1a: Slowking\n|-damage|p1a: Slowking|77\/100\n|\n|-weather|Snow|[upkeep]\n|upkeep\n|turn|17\n|\n|t:|1701101496\n|switch|p2a: Dondozo|Dondozo, M, shiny|100\/100 slp\n|move|p1a: Slowking|Future Sight|p2a: Dondozo\n|-start|p1a: Slowking|move: Future Sight\n|\n|-weather|Snow|[upkeep]\n|upkeep\n|turn|18\n|\n|t:|1701101501\n|cant|p2a: Dondozo|slp\n|move|p1a: Slowking|Chilly Reception|p1a: Slowking\n|\n|t:|1701101505\n|switch|p1a: Thundurus|Thundurus-Therian, M, tera:Flying|94\/100 tox|[from] Chilly Reception\n|\n|-weather|Snow|[upkeep]\n|-damage|p1a: Thundurus|88\/100 tox|[from] psn\n|upkeep\n|turn|19\n|\n|t:|1701101514\n|move|p1a: Thundurus|Volt Switch|p2a: Dondozo\n|-supereffective|p2a: Dondozo\n|-damage|p2a: Dondozo|18\/100 slp\n|\n|t:|1701101531\n|switch|p1a: Slowking|Slowking-Galar, F|100\/100|[from] Volt Switch\n|-curestatus|p2a: Dondozo|slp|[msg]\n|move|p2a: Dondozo|Liquidation|p1a: Slowking\n|-damage|p1a: Slowking|70\/100\n|-unboost|p1a: Slowking|def|1\n|\n|-weather|none\n|-end|p2a: Dondozo|move: Future Sight\n|-damage|p2a: Dondozo|0 fnt\n|faint|p2a: Dondozo\n|upkeep\n|\n|t:|1701101537\n|switch|p2a: Meowscarada|Meowscarada, F, shiny|81\/100\n|turn|20\n|\n|t:|1701101556\n|switch|p1a: Kingambit|Kingambit, F|54\/100\n|move|p2a: Meowscarada|Knock Off|p1a: Kingambit\n|-resisted|p1a: Kingambit\n|-damage|p1a: Kingambit|40\/100\n|-damage|p2a: Meowscarada|71\/100|[from] item: Life Orb\n|\n|upkeep\n|turn|21\n|\n|t:|1701101565\n|move|p2a: Meowscarada|U-turn|p1a: Kingambit\n|-damage|p1a: Kingambit|18\/100\n|-damage|p2a: Meowscarada|61\/100|[from] item: Life Orb\n|\n|t:|1701101569\n|switch|p2a: Ninetales|Ninetales-Alola, F, shiny|84\/100|[from] U-turn\n|-weather|Snow|[from] ability: Snow Warning|[of] p2a: Ninetales\n|move|p1a: Kingambit|Swords Dance|p1a: Kingambit\n|-boost|p1a: Kingambit|atk|2\n|\n|-weather|Snow|[upkeep]\n|upkeep\n|turn|22\n|\n|t:|1701101575\n|move|p1a: Kingambit|Sucker Punch|p2a: Ninetales\n|-resisted|p2a: Ninetales\n|-damage|p2a: Ninetales|44\/100\n|move|p2a: Ninetales|Moonblast|p1a: Kingambit\n|-damage|p1a: Kingambit|0 fnt\n|faint|p1a: Kingambit\n|-end|p1a: Kingambit|fallenundefined|[silent]\n|\n|-weather|Snow|[upkeep]\n|upkeep\n|\n|t:|1701101584\n|switch|p1a: Cinderace|Cinderace, F|72\/100\n|turn|23\n|\n|t:|1701101591\n|move|p1a: Cinderace|Pyro Ball|p2a: Ninetales\n|-supereffective|p2a: Ninetales\n|-damage|p2a: Ninetales|0 fnt\n|faint|p2a: Ninetales\n|\n|-weather|Snow|[upkeep]\n|upkeep\n|\n|t:|1701101594\n|switch|p2a: Meowscarada|Meowscarada, F, shiny|61\/100\n|turn|24\n|\n|t:|1701101600\n|switch|p1a: Great Tusk|Great Tusk|100\/100\n|move|p2a: Meowscarada|Knock Off|p1a: Great Tusk\n|-resisted|p1a: Great Tusk\n|-damage|p1a: Great Tusk|78\/100\n|-damage|p2a: Meowscarada|45\/100|[from] item: Rocky Helmet|[of] p1a: Great Tusk\n|-enditem|p1a: Great Tusk|Rocky Helmet|[from] move: Knock Off|[of] p2a: Meowscarada\n|-damage|p2a: Meowscarada|35\/100|[from] item: Life Orb\n|\n|-weather|Snow|[upkeep]\n|upkeep\n|turn|25\n|\n|t:|1701101618\n|-end|p1a: Great Tusk|Protosynthesis|[silent]\n|switch|p1a: Alomomola|Alomomola, F|100\/100\n|move|p2a: Meowscarada|Flower Trick|p1a: Alomomola\n|-supereffective|p1a: Alomomola\n|-crit|p1a: Alomomola\n|-damage|p1a: Alomomola|16\/100\n|-enditem|p1a: Alomomola|Red Card|[of] p2a: Meowscarada\n|drag|p2a: Kingambit|Kingambit, M, shiny|100\/100\n|-activate|p2a: Kingambit|ability: Supreme Overlord\n|-start|p2a: Kingambit|fallen4|[silent]\n|\n|-weather|none\n|upkeep\n|turn|26\n|\n|t:|1701101632\n|move|p2a: Kingambit|Swords Dance|p2a: Kingambit\n|-boost|p2a: Kingambit|atk|2\n|move|p1a: Alomomola|Scald|p2a: Kingambit\n|-damage|p2a: Kingambit|88\/100\n|\n|-heal|p2a: Kingambit|94\/100|[from] item: Leftovers\n|upkeep\n|turn|27\n|\n|t:|1701101640\n|move|p2a: Kingambit|Iron Head|p1a: Alomomola\n|-resisted|p1a: Alomomola\n|-damage|p1a: Alomomola|0 fnt\n|faint|p1a: Alomomola\n|\n|-heal|p2a: Kingambit|99\/100|[from] item: Leftovers\n|upkeep\n|\n|t:|1701101642\n|switch|p1a: Great Tusk|Great Tusk|78\/100\n|turn|28\n|\n|t:|1701101647\n|-terastallize|p2a: Kingambit|Dark\n|move|p1a: Great Tusk|Headlong Rush|p2a: Kingambit\n|-damage|p2a: Kingambit|56\/100\n|-unboost|p1a: Great Tusk|def|1\n|-unboost|p1a: Great Tusk|spd|1\n|move|p2a: Kingambit|Iron Head|p1a: Great Tusk\n|-damage|p1a: Great Tusk|0 fnt\n|faint|p1a: Great Tusk\n|-end|p1a: Great Tusk|Protosynthesis|[silent]\n|\n|-heal|p2a: Kingambit|62\/100|[from] item: Leftovers\n|upkeep\n|\n|t:|1701101656\n|switch|p1a: Cinderace|Cinderace, F|72\/100\n|turn|29\n|\n|t:|1701101658\n|move|p1a: Cinderace|Will-O-Wisp|p2a: Kingambit\n|-status|p2a: Kingambit|brn\n|move|p2a: Kingambit|Kowtow Cleave|p1a: Cinderace\n|-damage|p1a: Cinderace|0 fnt\n|faint|p1a: Cinderace\n|\n|-heal|p2a: Kingambit|69\/100 brn|[from] item: Leftovers\n|-damage|p2a: Kingambit|62\/100 brn|[from] brn\n|upkeep\n|\n|t:|1701101665\n|switch|p1a: Thundurus|Thundurus-Therian, M, tera:Flying|88\/100 tox\n|turn|30\n|\n|t:|1701101672\n|move|p2a: Kingambit|Sucker Punch|p1a: Thundurus\n|-damage|p1a: Thundurus|0 fnt\n|faint|p1a: Thundurus\n|\n|-heal|p2a: Kingambit|69\/100 brn|[from] item: Leftovers\n|-damage|p2a: Kingambit|62\/100 brn|[from] brn\n|upkeep\n|\n|t:|1701101675\n|switch|p1a: Slowking|Slowking-Galar, F|100\/100\n|turn|31\n|\n|t:|1701101678\n|move|p2a: Kingambit|Kowtow Cleave|p1a: Slowking\n|-supereffective|p1a: Slowking\n|-damage|p1a: Slowking|0 fnt\n|faint|p1a: Slowking\n|\n|win|Ellionoid\n|raw|afrocashier's rating: 1452 &rarr; <strong>1437<\/strong><br \/>(-15 for losing)\n|raw|Ellionoid's rating: 1547 &rarr; <strong>1562<\/strong><br \/>(+15 for winning)\n","uploadtime":1701101685,"views":2,"p1id":"afrocashier","p2id":"ellionoid","formatid":"gen9ou","rating":1437,"private":0,"password":""}