{"id":"gen9ou-1995091399","p1":"PLAYB0I R0BBIE B","p2":"coacoaswirls","format":"[Gen 9] OU","log":"|j|\u2606PLAYB0I R0BBIE B\n|j|\u2606coacoaswirls\n|t:|1700521575\n|gametype|singles\n|player|p1|PLAYB0I R0BBIE B|eusine|1314\n|player|p2|coacoaswirls|pokekid|1435\n|teamsize|p1|6\n|teamsize|p2|6\n|gen|9\n|tier|[Gen 9] OU\n|rated|\n|rule|Sleep Clause Mod: Limit one foe put to sleep\n|rule|Species Clause: Limit one of each Pok\u00e9mon\n|rule|OHKO Clause: OHKO moves are banned\n|rule|Evasion Items Clause: Evasion items are banned\n|rule|Evasion Moves Clause: Evasion moves are banned\n|rule|Endless Battle Clause: Forcing endless battles is banned\n|rule|HP Percentage Mod: HP is shown in percentages\n|clearpoke\n|poke|p1|Meowscarada, F|\n|poke|p1|Heatran, F|\n|poke|p1|Thundurus-Therian, M|\n|poke|p1|Dragapult, F|\n|poke|p1|Great Tusk|\n|poke|p1|Azumarill, F|\n|poke|p2|Ribombee, M|\n|poke|p2|Heatran, M|\n|poke|p2|Iron Valiant|\n|poke|p2|Tornadus-Therian, M|\n|poke|p2|Enamorus, F|\n|poke|p2|Ogerpon-Wellspring, F|\n|teampreview\n|\n|t:|1700521596\n|start\n|switch|p1a: 5% TINT|Heatran, F|100\/100\n|switch|p2a: Ribombee|Ribombee, M|100\/100\n|-item|p1a: 5% TINT|Air Balloon\n|turn|1\n|\n|t:|1700521598\n|move|p2a: Ribombee|U-turn|p1a: 5% TINT\n|-resisted|p1a: 5% TINT\n|-damage|p1a: 5% TINT|97\/100\n|-enditem|p1a: 5% TINT|Air Balloon\n|\n|t:|1700521603\n|switch|p2a: Heatran|Heatran, M|100\/100|[from] U-turn\n|-item|p2a: Heatran|Air Balloon\n|move|p1a: 5% TINT|Magma Storm|p2a: Heatran\n|-start|p2a: Heatran|ability: Flash Fire\n|\n|upkeep\n|turn|2\n|inactive|Battle timer is ON: inactive players will automatically lose when time's up. (requested by PLAYB0I R0BBIE B)\n|\n|t:|1700521613\n|switch|p1a: CAN'T SAY|Azumarill, F|100\/100\n|move|p2a: Heatran|Earth Power|p1a: CAN'T SAY\n|-damage|p1a: CAN'T SAY|78\/100\n|\n|upkeep\n|turn|3\n|\n|t:|1700521620\n|-end|p2a: Heatran|ability: Flash Fire|[silent]\n|switch|p2a: Ogerpon|Ogerpon-Wellspring, F|100\/100\n|switch|p1a: SICKO MODE|Meowscarada, F|100\/100\n|\n|upkeep\n|turn|4\n|\n|t:|1700521625\n|move|p1a: SICKO MODE|U-turn|p2a: Ogerpon\n|-start|p1a: SICKO MODE|typechange|Bug|[from] ability: Protean\n|-supereffective|p2a: Ogerpon\n|-damage|p2a: Ogerpon|0 fnt\n|faint|p2a: Ogerpon\n|\n|t:|1700521640\n|switch|p1a: ASTROTHUNDER|Thundurus-Therian, M|100\/100|[from] U-turn\n|\n|upkeep\n|\n|t:|1700521652\n|switch|p2a: Heatran|Heatran, M|100\/100\n|-item|p2a: Heatran|Air Balloon\n|turn|5\n|\n|t:|1700521662\n|move|p1a: ASTROTHUNDER|Volt Switch|p2a: Heatran\n|-damage|p2a: Heatran|49\/100\n|-enditem|p2a: Heatran|Air Balloon\n|\n|t:|1700521665\n|switch|p1a: CAN'T SAY|Azumarill, F|78\/100|[from] Volt Switch\n|move|p2a: Heatran|Magma Storm|p1a: CAN'T SAY|[miss]\n|-miss|p2a: Heatran|p1a: CAN'T SAY\n|\n|upkeep\n|turn|6\n|\n|t:|1700521676\n|move|p2a: Heatran|Stealth Rock|p1a: CAN'T SAY\n|-sidestart|p1: PLAYB0I R0BBIE B|move: Stealth Rock\n|move|p1a: CAN'T SAY|Liquidation|p2a: Heatran\n|-supereffective|p2a: Heatran\n|-damage|p2a: Heatran|0 fnt\n|faint|p2a: Heatran\n|\n|upkeep\n|\n|t:|1700521681\n|switch|p2a: Ribombee|Ribombee, M|100\/100\n|turn|7\n|\n|t:|1700521701\n|move|p2a: Ribombee|Sticky Web|p1a: CAN'T SAY\n|-sidestart|p1: PLAYB0I R0BBIE B|move: Sticky Web\n|move|p1a: CAN'T SAY|Liquidation|p2a: Ribombee\n|-enditem|p2a: Ribombee|Focus Sash\n|-damage|p2a: Ribombee|1\/100\n|\n|upkeep\n|turn|8\n|\n|t:|1700521708\n|move|p1a: CAN'T SAY|Aqua Jet|p2a: Ribombee\n|-damage|p2a: Ribombee|0 fnt\n|faint|p2a: Ribombee\n|\n|upkeep\n|\n|t:|1700521718\n|switch|p2a: Enamorus|Enamorus, F|100\/100\n|turn|9\n|\n|t:|1700521727\n|move|p2a: Enamorus|Moonblast|p1a: CAN'T SAY\n|-damage|p1a: CAN'T SAY|27\/100\n|-unboost|p1a: CAN'T SAY|spa|1\n|move|p1a: CAN'T SAY|Ice Spinner|p2a: Enamorus\n|-supereffective|p2a: Enamorus\n|-damage|p2a: Enamorus|0 fnt\n|faint|p2a: Enamorus\n|\n|upkeep\n|\n|t:|1700521737\n|switch|p2a: Tornadus|Tornadus-Therian, M|100\/100\n|turn|10\n|\n|t:|1700521750\n|move|p2a: Tornadus|Bleakwind Storm|p1a: CAN'T SAY\n|-damage|p1a: CAN'T SAY|0 fnt\n|faint|p1a: CAN'T SAY\n|\n|upkeep\n|\n|t:|1700521756\n|switch|p1a: YOSEMITE|Great Tusk|100\/100\n|turn|11\n|\n|t:|1700521761\n|-terastallize|p1a: YOSEMITE|Poison\n|move|p2a: Tornadus|Bleakwind Storm|p1a: YOSEMITE\n|-damage|p1a: YOSEMITE|34\/100\n|move|p1a: YOSEMITE|Rapid Spin|p2a: Tornadus\n|-damage|p2a: Tornadus|76\/100\n|-boost|p1a: YOSEMITE|spe|1\n|-sideend|p1: PLAYB0I R0BBIE B|Stealth Rock|[from] move: Rapid Spin|[of] p1a: YOSEMITE\n|-sideend|p1: PLAYB0I R0BBIE B|Sticky Web|[from] move: Rapid Spin|[of] p1a: YOSEMITE\n|\n|upkeep\n|turn|12\n|\n|t:|1700521770\n|move|p1a: YOSEMITE|Ice Spinner|p2a: Tornadus\n|-supereffective|p2a: Tornadus\n|-damage|p2a: Tornadus|1\/100\n|move|p2a: Tornadus|Bleakwind Storm|p1a: YOSEMITE|[miss]\n|-miss|p2a: Tornadus|p1a: YOSEMITE\n|\n|upkeep\n|turn|13\n|\n|t:|1700521774\n|move|p1a: YOSEMITE|Rapid Spin|p2a: Tornadus\n|-damage|p2a: Tornadus|0 fnt\n|-boost|p1a: YOSEMITE|spe|1\n|faint|p2a: Tornadus\n|\n|upkeep\n|\n|t:|1700521776\n|switch|p2a: Iron Valiant|Iron Valiant|100\/100\n|-enditem|p2a: Iron Valiant|Booster Energy\n|-activate|p2a: Iron Valiant|ability: Quark Drive|[fromitem]\n|-start|p2a: Iron Valiant|quarkdrivespe\n|turn|14\n|\n|t:|1700521781\n|move|p1a: YOSEMITE|Headlong Rush|p2a: Iron Valiant\n|-damage|p2a: Iron Valiant|20\/100\n|-unboost|p1a: YOSEMITE|def|1\n|-unboost|p1a: YOSEMITE|spd|1\n|move|p2a: Iron Valiant|Knock Off|p1a: YOSEMITE\n|-damage|p1a: YOSEMITE|0 fnt\n|-enditem|p1a: YOSEMITE|Heavy-Duty Boots|[from] move: Knock Off|[of] p2a: Iron Valiant\n|faint|p1a: YOSEMITE\n|-end|p1a: YOSEMITE|Protosynthesis|[silent]\n|\n|upkeep\n|\n|t:|1700521789\n|switch|p1a: ASTROTHUNDER|Thundurus-Therian, M|100\/100\n|turn|15\n|\n|t:|1700521793\n|move|p2a: Iron Valiant|Spirit Break|p1a: ASTROTHUNDER\n|-damage|p1a: ASTROTHUNDER|43\/100\n|-unboost|p1a: ASTROTHUNDER|spa|1\n|move|p1a: ASTROTHUNDER|Volt Switch|p2a: Iron Valiant\n|-damage|p2a: Iron Valiant|0 fnt\n|faint|p2a: Iron Valiant\n|-end|p2a: Iron Valiant|Quark Drive|[silent]\n|\n|win|PLAYB0I R0BBIE B\n|raw|PLAYB0I R0BBIE B's rating: 1314 &rarr; <strong>1341<\/strong><br \/>(+27 for winning)\n|raw|coacoaswirls's rating: 1435 &rarr; <strong>1408<\/strong><br \/>(-27 for losing)\n","uploadtime":1700521800,"views":5,"p1id":"playb0ir0bbieb","p2id":"coacoaswirls","formatid":"gen9ou","rating":1341,"private":0,"password":""}