{"id":"gen9ou-1990291278","p1":"Void Stranger","p2":"CyberH3","format":"[Gen 9] OU","log":"|j|\u2606Void Stranger\n|j|\u2606CyberH3\n|t:|1699951720\n|gametype|singles\n|player|p1|Void Stranger|zinnia|1342\n|player|p2|CyberH3|mars|1251\n|teamsize|p1|6\n|teamsize|p2|6\n|gen|9\n|tier|[Gen 9] OU\n|rated|\n|rule|Sleep Clause Mod: Limit one foe put to sleep\n|rule|Species Clause: Limit one of each Pok\u00e9mon\n|rule|OHKO Clause: OHKO moves are banned\n|rule|Evasion Items Clause: Evasion items are banned\n|rule|Evasion Moves Clause: Evasion moves are banned\n|rule|Endless Battle Clause: Forcing endless battles is banned\n|rule|HP Percentage Mod: HP is shown in percentages\n|clearpoke\n|poke|p1|Alomomola, F|\n|poke|p1|Slowking-Galar, F|\n|poke|p1|Kingambit, F|\n|poke|p1|Great Tusk|\n|poke|p1|Cinderace, F|\n|poke|p1|Thundurus-Therian, M|\n|poke|p2|Goodra-Hisui, F|\n|poke|p2|Scizor, M|\n|poke|p2|Mimikyu, F|\n|poke|p2|Grafaiai, M|\n|poke|p2|Azelf|\n|poke|p2|Dragapult, F|\n|teampreview\n|inactive|Battle timer is ON: inactive players will automatically lose when time's up. (requested by Void Stranger)\n|\n|t:|1699951734\n|start\n|switch|p1a: Cinderace|Cinderace, F|100\/100\n|switch|p2a: bettel explodes|Azelf|100\/100\n|turn|1\n|\n|t:|1699951737\n|move|p1a: Cinderace|Will-O-Wisp|p2a: bettel explodes\n|-status|p2a: bettel explodes|brn\n|move|p2a: bettel explodes|Trick|p1a: Cinderace\n|-activate|p2a: bettel explodes|move: Trick|[of] p1a: Cinderace\n|-item|p1a: Cinderace|Choice Specs|[from] move: Trick\n|-item|p2a: bettel explodes|Heavy-Duty Boots|[from] move: Trick\n|\n|-damage|p2a: bettel explodes|94\/100 brn|[from] brn\n|upkeep\n|turn|2\n|\n|t:|1699951758\n|move|p1a: Cinderace|U-turn|p2a: bettel explodes\n|-start|p1a: Cinderace|typechange|Bug|[from] ability: Libero\n|-supereffective|p2a: bettel explodes\n|-damage|p2a: bettel explodes|0 fnt\n|faint|p2a: bettel explodes\n|\n|t:|1699951771\n|switch|p1a: Slowking|Slowking-Galar, F|100\/100|[from] U-turn\n|\n|upkeep\n|\n|t:|1699951777\n|switch|p2a: Eat With Scissors|Scizor, M|100\/100\n|turn|3\n|\n|t:|1699951786\n|switch|p1a: Great Tusk|Great Tusk|100\/100\n|move|p2a: Eat With Scissors|Knock Off|p1a: Great Tusk\n|-resisted|p1a: Great Tusk\n|-damage|p1a: Great Tusk|84\/100\n|-damage|p2a: Eat With Scissors|84\/100|[from] item: Rocky Helmet|[of] p1a: Great Tusk\n|-enditem|p1a: Great Tusk|Rocky Helmet|[from] move: Knock Off|[of] p2a: Eat With Scissors\n|-damage|p2a: Eat With Scissors|74\/100|[from] item: Life Orb\n|\n|upkeep\n|turn|4\n|\n|t:|1699951794\n|switch|p2a: ina artist|Grafaiai, M|100\/100\n|move|p1a: Great Tusk|Stealth Rock|p2a: ina artist\n|-sidestart|p2: CyberH3|move: Stealth Rock\n|\n|upkeep\n|turn|5\n|\n|t:|1699951800\n|-end|p1a: Great Tusk|Protosynthesis|[silent]\n|switch|p1a: Slowking|Slowking-Galar, F|100\/100\n|move|p2a: ina artist|Encore||[still]\n|-fail|p2a: ina artist\n|\n|upkeep\n|turn|6\n|\n|t:|1699951805\n|move|p2a: ina artist|Taunt|p1a: Slowking\n|-start|p1a: Slowking|move: Taunt\n|move|p1a: Slowking|Future Sight|p2a: ina artist\n|-start|p1a: Slowking|move: Future Sight\n|\n|upkeep\n|turn|7\n|\n|t:|1699951814\n|switch|p1a: Kingambit|Kingambit, F|100\/100\n|move|p2a: ina artist|Parting Shot|p1a: Kingambit\n|-hint|Since gen 7, Dark is immune to Prankster moves.\n|-immune|p1a: Kingambit\n|\n|upkeep\n|turn|8\n|\n|t:|1699951824\n|move|p2a: ina artist|Foul Play|p1a: Kingambit\n|-resisted|p1a: Kingambit\n|-damage|p1a: Kingambit|86\/100\n|move|p1a: Kingambit|Kowtow Cleave|p2a: ina artist\n|-damage|p2a: ina artist|27\/100\n|\n|-end|p2a: ina artist|move: Future Sight\n|-supereffective|p2a: ina artist\n|-damage|p2a: ina artist|0 fnt\n|faint|p2a: ina artist\n|upkeep\n|\n|t:|1699951836\n|switch|p2a: OHAYOLLIE|Mimikyu, F|100\/100\n|-damage|p2a: OHAYOLLIE|88\/100|[from] Stealth Rock\n|turn|9\n|\n|t:|1699951844\n|move|p2a: OHAYOLLIE|Swords Dance|p2a: OHAYOLLIE\n|-boost|p2a: OHAYOLLIE|atk|2\n|move|p1a: Kingambit|Iron Head|p2a: OHAYOLLIE\n|-activate|p2a: OHAYOLLIE|ability: Disguise\n|-damage|p2a: OHAYOLLIE|88\/100\n|detailschange|p2a: OHAYOLLIE|Mimikyu-Busted, F\n|-damage|p2a: OHAYOLLIE|76\/100|[from] pokemon: Mimikyu-Busted\n|\n|upkeep\n|turn|10\n|\n|t:|1699951849\n|move|p2a: OHAYOLLIE|Drain Punch|p1a: Kingambit\n|-supereffective|p1a: Kingambit\n|-damage|p1a: Kingambit|0 fnt\n|-heal|p2a: OHAYOLLIE|100\/100|[from] drain|[of] p1a: Kingambit\n|faint|p1a: Kingambit\n|-end|p1a: Kingambit|fallenundefined|[silent]\n|-damage|p2a: OHAYOLLIE|91\/100|[from] item: Life Orb\n|\n|upkeep\n|\n|t:|1699951859\n|switch|p1a: Thundurus|Thundurus-Therian, M|100\/100\n|turn|11\n|\n|t:|1699951865\n|-terastallize|p1a: Thundurus|Flying\n|-terastallize|p2a: OHAYOLLIE|Ghost\n|move|p1a: Thundurus|Tera Blast|p2a: OHAYOLLIE|[anim] Tera Blast Flying\n|-damage|p2a: OHAYOLLIE|0 fnt\n|faint|p2a: OHAYOLLIE\n|\n|upkeep\n|\n|t:|1699951873\n|switch|p2a: Snailtare|Goodra-Hisui, F|100\/100\n|-damage|p2a: Snailtare|94\/100|[from] Stealth Rock\n|turn|12\n|\n|t:|1699951878\n|switch|p1a: Slowking|Slowking-Galar, F|100\/100\n|move|p2a: Snailtare|Ice Beam|p1a: Slowking\n|-damage|p1a: Slowking|83\/100\n|\n|-heal|p2a: Snailtare|100\/100|[from] item: Leftovers\n|upkeep\n|turn|13\n|\n|t:|1699951884\n|switch|p2a: KIRYU|Dragapult, F|100\/100\n|-damage|p2a: KIRYU|88\/100|[from] Stealth Rock\n|move|p1a: Slowking|Future Sight|p2a: KIRYU\n|-start|p1a: Slowking|move: Future Sight\n|\n|upkeep\n|turn|14\n|\n|t:|1699951892\n|move|p2a: KIRYU|U-turn|p1a: Slowking\n|-damage|p1a: Slowking|46\/100\n|\n|t:|1699951894\n|switch|p2a: Eat With Scissors|Scizor, M|74\/100|[from] U-turn\n|-damage|p2a: Eat With Scissors|62\/100|[from] Stealth Rock\n|move|p1a: Slowking|Chilly Reception|p1a: Slowking\n|-weather|Snow\n|\n|t:|1699951898\n|switch|p1a: Thundurus|Thundurus-Therian, M, tera:Flying|100\/100|[from] Chilly Reception\n|\n|-weather|Snow|[upkeep]\n|upkeep\n|turn|15\n|\n|t:|1699951909\n|move|p2a: Eat With Scissors|Bullet Punch|p1a: Thundurus\n|-damage|p1a: Thundurus|29\/100\n|-damage|p2a: Eat With Scissors|52\/100|[from] item: Life Orb\n|move|p1a: Thundurus|Volt Switch|p2a: Eat With Scissors\n|-damage|p2a: Eat With Scissors|0 fnt\n|faint|p2a: Eat With Scissors\n|\n|t:|1699951919\n|switch|p1a: Slowking|Slowking-Galar, F|79\/100|[from] Volt Switch\n|\n|-weather|Snow|[upkeep]\n|-hint|Future Sight did not hit because the target is fainted.\n|upkeep\n|\n|t:|1699951922\n|switch|p2a: KIRYU|Dragapult, F|88\/100\n|-damage|p2a: KIRYU|76\/100|[from] Stealth Rock\n|turn|16\n|\n|t:|1699951933\n|move|p2a: KIRYU|Phantom Force||[still]\n|-prepare|p2a: KIRYU|Phantom Force\n|move|p1a: Slowking|Future Sight|p2a: KIRYU\n|-start|p1a: Slowking|move: Future Sight\n|\n|-weather|Snow|[upkeep]\n|upkeep\n|turn|17\n|\n|t:|1699951938\n|switch|p1a: Great Tusk|Great Tusk|84\/100\n|move|p2a: KIRYU|Phantom Force|p1a: Great Tusk|[from]lockedmove\n|-damage|p1a: Great Tusk|36\/100\n|\n|-weather|Snow|[upkeep]\n|upkeep\n|turn|18\n|\n|t:|1699951947\n|-end|p1a: Great Tusk|Protosynthesis|[silent]\n|switch|p1a: Alomomola|Alomomola, F|100\/100\n|move|p2a: KIRYU|Phantom Force||[still]|[miss]\n|-prepare|p2a: KIRYU|Phantom Force\n|\n|-weather|none\n|-end|p2a: KIRYU|move: Future Sight\n|-miss|p1: Slowking|p2a: KIRYU\n|upkeep\n|turn|19\n|\n|t:|1699951954\n|move|p2a: KIRYU|Phantom Force|p1a: Alomomola|[from]lockedmove\n|-damage|p1a: Alomomola|63\/100\n|-enditem|p1a: Alomomola|Red Card|[of] p2a: KIRYU\n|drag|p2a: Snailtare|Goodra-Hisui, F|100\/100\n|-damage|p2a: Snailtare|94\/100|[from] Stealth Rock\n|move|p1a: Alomomola|Wish|p1a: Alomomola\n|\n|-heal|p2a: Snailtare|100\/100|[from] item: Leftovers\n|upkeep\n|turn|20\n|\n|t:|1699951961\n|move|p2a: Snailtare|Draco Meteor|p1a: Alomomola\n|-damage|p1a: Alomomola|8\/100\n|-unboost|p2a: Snailtare|spa|2\n|move|p1a: Alomomola|Flip Turn|p2a: Snailtare\n|-resisted|p2a: Snailtare\n|-damage|p2a: Snailtare|92\/100\n|\n|t:|1699951966\n|switch|p1a: Thundurus|Thundurus-Therian, M, tera:Flying|29\/100|[from] Flip Turn\n|\n|-heal|p1a: Thundurus|100\/100|[from] move: Wish|[wisher] Alomomola\n|-heal|p2a: Snailtare|98\/100|[from] item: Leftovers\n|upkeep\n|turn|21\n|\n|t:|1699951971\n|move|p1a: Thundurus|Tera Blast|p2a: Snailtare|[anim] Tera Blast Flying\n|-resisted|p2a: Snailtare\n|-damage|p2a: Snailtare|69\/100\n|move|p2a: Snailtare|Ice Beam|p1a: Thundurus\n|-supereffective|p1a: Thundurus\n|-damage|p1a: Thundurus|60\/100\n|\n|-heal|p2a: Snailtare|75\/100|[from] item: Leftovers\n|upkeep\n|turn|22\n|\n|t:|1699951980\n|move|p1a: Thundurus|Tera Blast|p2a: Snailtare|[anim] Tera Blast Flying\n|-resisted|p2a: Snailtare\n|-damage|p2a: Snailtare|44\/100\n|move|p2a: Snailtare|Draco Meteor|p1a: Thundurus\n|-damage|p1a: Thundurus|18\/100\n|-unboost|p2a: Snailtare|spa|2\n|\n|-heal|p2a: Snailtare|50\/100|[from] item: Leftovers\n|upkeep\n|turn|23\n|\n|t:|1699951987\n|switch|p1a: Alomomola|Alomomola, F|41\/100\n|move|p2a: Snailtare|Ice Beam|p1a: Alomomola\n|-resisted|p1a: Alomomola\n|-damage|p1a: Alomomola|36\/100\n|\n|-heal|p2a: Snailtare|56\/100|[from] item: Leftovers\n|upkeep\n|turn|24\n|\n|t:|1699951990\n|move|p2a: Snailtare|Draco Meteor|p1a: Alomomola|[miss]\n|-miss|p2a: Snailtare|p1a: Alomomola\n|move|p1a: Alomomola|Wish|p1a: Alomomola\n|\n|-heal|p2a: Snailtare|62\/100|[from] item: Leftovers\n|upkeep\n|turn|25\n|\n|t:|1699951994\n|move|p2a: Snailtare|Ice Beam|p1a: Alomomola\n|-resisted|p1a: Alomomola\n|-damage|p1a: Alomomola|32\/100\n|move|p1a: Alomomola|Flip Turn|p2a: Snailtare\n|-resisted|p2a: Snailtare\n|-damage|p2a: Snailtare|55\/100\n|\n|t:|1699951996\n|switch|p1a: Thundurus|Thundurus-Therian, M, tera:Flying|18\/100|[from] Flip Turn\n|\n|-heal|p1a: Thundurus|96\/100|[from] move: Wish|[wisher] Alomomola\n|-heal|p2a: Snailtare|61\/100|[from] item: Leftovers\n|upkeep\n|turn|26\n|\n|t:|1699952000\n|move|p1a: Thundurus|Tera Blast|p2a: Snailtare|[anim] Tera Blast Flying\n|-resisted|p2a: Snailtare\n|-damage|p2a: Snailtare|31\/100\n|move|p2a: Snailtare|Ice Beam|p1a: Thundurus\n|-supereffective|p1a: Thundurus\n|-damage|p1a: Thundurus|66\/100\n|\n|-heal|p2a: Snailtare|37\/100|[from] item: Leftovers\n|upkeep\n|turn|27\n|\n|t:|1699952002\n|move|p2a: Snailtare|Protect|p2a: Snailtare\n|-singleturn|p2a: Snailtare|Protect\n|move|p1a: Thundurus|Tera Blast|p2a: Snailtare|[anim] Tera Blast Flying\n|-activate|p2a: Snailtare|move: Protect\n|\n|-heal|p2a: Snailtare|43\/100|[from] item: Leftovers\n|upkeep\n|turn|28\n|\n|t:|1699952005\n|move|p1a: Thundurus|Tera Blast|p2a: Snailtare|[anim] Tera Blast Flying\n|-resisted|p2a: Snailtare\n|-damage|p2a: Snailtare|11\/100\n|move|p2a: Snailtare|Ice Beam|p1a: Thundurus\n|-supereffective|p1a: Thundurus\n|-damage|p1a: Thundurus|39\/100\n|\n|-heal|p2a: Snailtare|18\/100|[from] item: Leftovers\n|upkeep\n|turn|29\n|\n|t:|1699952011\n|move|p1a: Thundurus|Tera Blast|p2a: Snailtare|[anim] Tera Blast Flying\n|-resisted|p2a: Snailtare\n|-damage|p2a: Snailtare|0 fnt\n|faint|p2a: Snailtare\n|\n|upkeep\n|\n|t:|1699952012\n|switch|p2a: KIRYU|Dragapult, F|76\/100\n|-damage|p2a: KIRYU|64\/100|[from] Stealth Rock\n|turn|30\n|\n|t:|1699952017\n|move|p2a: KIRYU|Dragon Darts|p1a: Thundurus\n|-damage|p1a: Thundurus|0 fnt\n|faint|p1a: Thundurus\n|\n|upkeep\n|\n|t:|1699952021\n|switch|p1a: Alomomola|Alomomola, F|65\/100\n|turn|31\n|\n|t:|1699952024\n|move|p2a: KIRYU|Dragon Darts|p1a: Alomomola\n|-damage|p1a: Alomomola|43\/100\n|-anim|p2a: KIRYU|Dragon Darts|p1a: Alomomola\n|-damage|p1a: Alomomola|18\/100\n|move|p1a: Alomomola|Wish|p1a: Alomomola\n|\n|upkeep\n|turn|32\n|\n|t:|1699952028\n|switch|p1a: Great Tusk|Great Tusk|36\/100\n|move|p2a: KIRYU|Dragon Darts|p1a: Great Tusk\n|-damage|p1a: Great Tusk|10\/100\n|-anim|p2a: KIRYU|Dragon Darts|p1a: Great Tusk\n|-damage|p1a: Great Tusk|0 fnt\n|faint|p1a: Great Tusk\n|-end|p1a: Great Tusk|Protosynthesis|[silent]\n|\n|upkeep\n|\n|t:|1699952033\n|switch|p1a: Cinderace|Cinderace, F|100\/100\n|turn|33\n|\n|t:|1699952036\n|move|p2a: KIRYU|Dragon Darts|p1a: Cinderace\n|-damage|p1a: Cinderace|43\/100\n|-anim|p2a: KIRYU|Dragon Darts|p1a: Cinderace\n|-damage|p1a: Cinderace|0 fnt\n|faint|p1a: Cinderace\n|\n|upkeep\n|\n|t:|1699952040\n|switch|p1a: Alomomola|Alomomola, F|52\/100\n|turn|34\n|\n|t:|1699952045\n|switch|p1a: Slowking|Slowking-Galar, F|100\/100\n|move|p2a: KIRYU|Dragon Darts|p1a: Slowking\n|-damage|p1a: Slowking|62\/100\n|-anim|p2a: KIRYU|Dragon Darts|p1a: Slowking\n|-damage|p1a: Slowking|23\/100\n|\n|upkeep\n|turn|35\n|\n|t:|1699952050\n|move|p2a: KIRYU|Dragon Darts|p1a: Slowking\n|-damage|p1a: Slowking|0 fnt\n|faint|p1a: Slowking\n|\n|upkeep\n|\n|t:|1699952052\n|switch|p1a: Alomomola|Alomomola, F|85\/100\n|turn|36\n|\n|t:|1699952068\n|move|p2a: KIRYU|Dragon Darts|p1a: Alomomola\n|-damage|p1a: Alomomola|62\/100\n|-anim|p2a: KIRYU|Dragon Darts|p1a: Alomomola\n|-damage|p1a: Alomomola|41\/100\n|move|p1a: Alomomola|Scald|p2a: KIRYU\n|-resisted|p2a: KIRYU\n|-damage|p2a: KIRYU|54\/100\n|-status|p2a: KIRYU|brn\n|\n|-damage|p2a: KIRYU|48\/100 brn|[from] brn\n|upkeep\n|turn|37\n|\n|t:|1699952082\n|move|p2a: KIRYU|Dragon Darts|p1a: Alomomola\n|-crit|p1a: Alomomola\n|-damage|p1a: Alomomola|25\/100\n|-anim|p2a: KIRYU|Dragon Darts|p1a: Alomomola\n|-damage|p1a: Alomomola|14\/100\n|move|p1a: Alomomola|Acrobatics|p2a: KIRYU\n|-damage|p2a: KIRYU|20\/100 brn\n|\n|-damage|p2a: KIRYU|14\/100 brn|[from] brn\n|upkeep\n|turn|38\n|\n|t:|1699952088\n|move|p2a: KIRYU|Dragon Darts|p1a: Alomomola\n|-damage|p1a: Alomomola|2\/100\n|-anim|p2a: KIRYU|Dragon Darts|p1a: Alomomola\n|-damage|p1a: Alomomola|0 fnt\n|faint|p1a: Alomomola\n|\n|win|CyberH3\n|raw|Void Stranger's rating: 1342 &rarr; <strong>1317<\/strong><br \/>(-25 for losing)\n|raw|CyberH3's rating: 1251 &rarr; <strong>1282<\/strong><br \/>(+31 for winning)\n|c|\u2606CyberH3|??\n|c|\u2606CyberH3|why not wish protect\n|c|\u2606Void Stranger|don't have protect\n","uploadtime":1699952102,"views":22,"p1id":"voidstranger","p2id":"cyberh3","formatid":"gen9ou","rating":1282,"private":0,"password":""}