{"id":"gen9ou-1989422353","p1":"CRIPPYwitdaGRIPPY","p2":"BeardoftheRed","format":"[Gen 9] OU","log":"|j|\u2606CRIPPYwitdaGRIPPY\n|j|\u2606BeardoftheRed\n|t:|1699848245\n|gametype|singles\n|player|p1|CRIPPYwitdaGRIPPY|caitlin|\n|player|p2|BeardoftheRed|101|\n|teamsize|p1|6\n|teamsize|p2|6\n|gen|9\n|tier|[Gen 9] OU\n|rule|Sleep Clause Mod: Limit one foe put to sleep\n|rule|Species Clause: Limit one of each Pok\u00e9mon\n|rule|OHKO Clause: OHKO moves are banned\n|rule|Evasion Items Clause: Evasion items are banned\n|rule|Evasion Moves Clause: Evasion moves are banned\n|rule|Endless Battle Clause: Forcing endless battles is banned\n|rule|HP Percentage Mod: HP is shown in percentages\n|clearpoke\n|poke|p1|Slowking-Galar, M|\n|poke|p1|Corviknight, M|\n|poke|p1|Empoleon, F|\n|poke|p1|Mew|\n|poke|p1|Talonflame, M|\n|poke|p1|Tsareena, F|\n|poke|p2|Garchomp, M|\n|poke|p2|Magnezone|\n|poke|p2|Chansey, F|\n|poke|p2|Rotom-Wash|\n|poke|p2|Slowking, M|\n|poke|p2|Zoroark-Hisui, M|\n|teampreview\n|inactive|Battle timer is ON: inactive players will automatically lose when time's up. (requested by BeardoftheRed)\n|j| S3PP1\n|inactive|BeardoftheRed has 270 seconds left.\n|\n|t:|1699848298\n|start\n|switch|p1a: god|Slowking-Galar, M, shiny|100\/100\n|switch|p2a: Electro Boogie|Magnezone|100\/100\n|turn|1\n|inactive|CRIPPYwitdaGRIPPY has 270 seconds left.\n|\n|t:|1699848353\n|move|p2a: Electro Boogie|Hyper Voice|p1a: god\n|-damage|p1a: god|72\/100\n|move|p1a: god|Future Sight|p2a: Electro Boogie\n|-start|p1a: god|move: Future Sight\n|\n|upkeep\n|turn|2\n|\n|t:|1699848371\n|-terastallize|p2a: Electro Boogie|Normal\n|move|p2a: Electro Boogie|Hyper Voice|p1a: god\n|-damage|p1a: god|36\/100\n|move|p1a: god|Sludge Bomb|p2a: Electro Boogie\n|-damage|p2a: Electro Boogie|27\/100\n|replace|p2a: Bing Bong|Zoroark-Hisui, M\n|-end|p2a: Bing Bong|Illusion\n|\n|upkeep\n|turn|3\n|\n|t:|1699848383\n|move|p2a: Bing Bong|Hyper Voice|p1a: god\n|-damage|p1a: god|0 fnt\n|faint|p1a: god\n|\n|-end|p2a: Bing Bong|move: Future Sight\n|-damage|p2a: Bing Bong|0 fnt\n|faint|p2a: Bing Bong\n|upkeep\n|inactive|BeardoftheRed has 270 seconds left.\n|\n|t:|1699848410\n|switch|p2a: Help Step Bro|Rotom-Wash|100\/100\n|switch|p1a: shiny birb|Corviknight, M, shiny|100\/100\n|-ability|p1a: shiny birb|Pressure\n|turn|4\n|\n|t:|1699848423\n|move|p2a: Help Step Bro|Nasty Plot|p2a: Help Step Bro\n|-boost|p2a: Help Step Bro|spa|2\n|move|p1a: shiny birb|Body Press|p2a: Help Step Bro\n|-damage|p2a: Help Step Bro|66\/100\n|\n|-heal|p2a: Help Step Bro|73\/100|[from] item: Leftovers\n|upkeep\n|turn|5\n|\n|t:|1699848433\n|move|p2a: Help Step Bro|Dark Pulse|p1a: shiny birb\n|-damage|p1a: shiny birb|54\/100\n|move|p1a: shiny birb|Brave Bird|p2a: Help Step Bro\n|-resisted|p2a: Help Step Bro\n|-damage|p2a: Help Step Bro|48\/100\n|-damage|p1a: shiny birb|49\/100|[from] Recoil\n|\n|-heal|p2a: Help Step Bro|54\/100|[from] item: Leftovers\n|-heal|p1a: shiny birb|55\/100|[from] item: Leftovers\n|upkeep\n|turn|6\n|\n|t:|1699848443\n|move|p2a: Help Step Bro|Thunderbolt|p1a: shiny birb\n|-supereffective|p1a: shiny birb\n|-damage|p1a: shiny birb|0 fnt\n|faint|p1a: shiny birb\n|\n|-heal|p2a: Help Step Bro|60\/100|[from] item: Leftovers\n|upkeep\n|\n|t:|1699848450\n|switch|p1a: pengu king|Empoleon, F, shiny|100\/100\n|turn|7\n|\n|t:|1699848460\n|move|p2a: Help Step Bro|Thunderbolt|p1a: pengu king\n|-supereffective|p1a: pengu king\n|-damage|p1a: pengu king|0 fnt\n|faint|p1a: pengu king\n|\n|-heal|p2a: Help Step Bro|66\/100|[from] item: Leftovers\n|upkeep\n|\n|t:|1699848466\n|switch|p1a: fetus|Mew, shiny|100\/100\n|turn|8\n|\n|t:|1699848472\n|move|p1a: fetus|Draining Kiss|p2a: Help Step Bro\n|-damage|p2a: Help Step Bro|49\/100\n|move|p2a: Help Step Bro|Dark Pulse|p1a: fetus\n|-supereffective|p1a: fetus\n|-crit|p1a: fetus\n|-damage|p1a: fetus|0 fnt\n|faint|p1a: fetus\n|\n|-heal|p2a: Help Step Bro|56\/100|[from] item: Leftovers\n|upkeep\n|\n|t:|1699848482\n|switch|p1a: 6\/10|Tsareena, F|100\/100\n|turn|9\n|\n|t:|1699848499\n|move|p2a: Help Step Bro|Thunderbolt|p1a: 6\/10\n|-resisted|p1a: 6\/10\n|-damage|p1a: 6\/10|55\/100\n|-status|p1a: 6\/10|par\n|move|p1a: 6\/10|Power Whip|p2a: Help Step Bro\n|-supereffective|p2a: Help Step Bro\n|-damage|p2a: Help Step Bro|0 fnt\n|faint|p2a: Help Step Bro\n|\n|upkeep\n|\n|t:|1699848513\n|switch|p2a: Electro Boogie|Magnezone|100\/100\n|turn|10\n|\n|t:|1699848530\n|move|p2a: Electro Boogie|Electro Ball|p1a: 6\/10\n|-resisted|p1a: 6\/10\n|-damage|p1a: 6\/10|29\/100 par\n|move|p1a: 6\/10|Power Whip|p2a: Electro Boogie\n|-resisted|p2a: Electro Boogie\n|-damage|p2a: Electro Boogie|68\/100\n|\n|upkeep\n|turn|11\n|\n|t:|1699848543\n|move|p2a: Electro Boogie|Electro Ball|p1a: 6\/10\n|-resisted|p1a: 6\/10\n|-damage|p1a: 6\/10|3\/100 par\n|cant|p1a: 6\/10|par\n|\n|upkeep\n|turn|12\n|\n|t:|1699848562\n|switch|p2a: Stepbro|Slowking, M|100\/100\n|move|p1a: 6\/10|Knock Off|p2a: Stepbro\n|-supereffective|p2a: Stepbro\n|-damage|p2a: Stepbro|33\/100\n|-enditem|p2a: Stepbro|Heavy-Duty Boots|[from] move: Knock Off|[of] p1a: 6\/10\n|\n|upkeep\n|turn|13\n|\n|t:|1699848574\n|move|p1a: 6\/10|Power Whip|p2a: Stepbro\n|-supereffective|p2a: Stepbro\n|-damage|p2a: Stepbro|0 fnt\n|faint|p2a: Stepbro\n|\n|upkeep\n|\n|t:|1699848581\n|switch|p2a: Electro Boogie|Magnezone|68\/100\n|turn|14\n|\n|t:|1699848588\n|move|p2a: Electro Boogie|Electro Ball|p1a: 6\/10\n|-resisted|p1a: 6\/10\n|-damage|p1a: 6\/10|0 fnt\n|faint|p1a: 6\/10\n|\n|upkeep\n|\n|t:|1699848597\n|switch|p1a: wishMoltres|Talonflame, M|100\/100\n|turn|15\n|\n|t:|1699848606\n|move|p2a: Electro Boogie|Electro Ball|p1a: wishMoltres\n|-supereffective|p1a: wishMoltres\n|-damage|p1a: wishMoltres|25\/100\n|move|p1a: wishMoltres|Flamethrower|p2a: Electro Boogie\n|-supereffective|p2a: Electro Boogie\n|-damage|p2a: Electro Boogie|1\/100\n|\n|upkeep\n|turn|16\n|\n|t:|1699848617\n|move|p2a: Electro Boogie|Electro Ball|p1a: wishMoltres\n|-supereffective|p1a: wishMoltres\n|-damage|p1a: wishMoltres|0 fnt\n|faint|p1a: wishMoltres\n|\n|win|BeardoftheRed\n","uploadtime":1699848624,"views":22,"p1id":"crippywitdagrippy","p2id":"beardofthered","formatid":"gen9ou","rating":0,"private":0,"password":""}