{"id":"gen9ou-1994825168","p1":"the bron jame12","p2":"Slo Overdose","format":"[Gen 9] OU","log":"|j|\u2606the bron jame12\n|j|\u2606Slo Overdose\n|t:|1700496271\n|gametype|singles\n|player|p1|the bron jame12|hiker-gen4|1450\n|player|p2|Slo Overdose|anabel|1393\n|teamsize|p1|6\n|teamsize|p2|6\n|gen|9\n|tier|[Gen 9] OU\n|rated|\n|rule|Sleep Clause Mod: Limit one foe put to sleep\n|rule|Species Clause: Limit one of each Pok\u00e9mon\n|rule|OHKO Clause: OHKO moves are banned\n|rule|Evasion Items Clause: Evasion items are banned\n|rule|Evasion Moves Clause: Evasion moves are banned\n|rule|Endless Battle Clause: Forcing endless battles is banned\n|rule|HP Percentage Mod: HP is shown in percentages\n|clearpoke\n|poke|p1|Blissey, F|\n|poke|p1|Dondozo, F|\n|poke|p1|Toxapex, F|\n|poke|p1|Alomomola, F|\n|poke|p1|Ting-Lu|\n|poke|p1|Corviknight, F|\n|poke|p2|Iron Treads|\n|poke|p2|Iron Jugulis|\n|poke|p2|Iron Leaves|\n|poke|p2|Iron Hands|\n|poke|p2|Iron Valiant|\n|poke|p2|Dragapult, F|\n|teampreview\n|inactive|Battle timer is ON: inactive players will automatically lose when time's up. (requested by Slo Overdose)\n|\n|t:|1700496298\n|start\n|switch|p1a: Toxapex|Toxapex, F|100\/100\n|switch|p2a: Iron Treads|Iron Treads|100\/100\n|-enditem|p2a: Iron Treads|Booster Energy\n|-activate|p2a: Iron Treads|ability: Quark Drive|[fromitem]\n|-start|p2a: Iron Treads|quarkdrivespe\n|turn|1\n|\n|t:|1700496312\n|switch|p1a: Alomomola|Alomomola, F|100\/100\n|move|p2a: Iron Treads|Earthquake|p1a: Alomomola\n|-damage|p1a: Alomomola|75\/100\n|\n|upkeep\n|turn|2\n|\n|t:|1700496315\n|move|p2a: Iron Treads|Stealth Rock|p1a: Alomomola\n|-sidestart|p1: the bron jame12|move: Stealth Rock\n|move|p1a: Alomomola|Scald|p2a: Iron Treads\n|-supereffective|p2a: Iron Treads\n|-damage|p2a: Iron Treads|55\/100\n|\n|upkeep\n|turn|3\n|\n|t:|1700496343\n|-end|p2a: Iron Treads|Quark Drive|[silent]\n|switch|p2a: Iron Jugulis|Iron Jugulis|100\/100\n|-enditem|p2a: Iron Jugulis|Booster Energy\n|-activate|p2a: Iron Jugulis|ability: Quark Drive|[fromitem]\n|-start|p2a: Iron Jugulis|quarkdrivespe\n|move|p1a: Alomomola|Scald|p2a: Iron Jugulis\n|-damage|p2a: Iron Jugulis|83\/100\n|\n|upkeep\n|turn|4\n|\n|t:|1700496350\n|switch|p1a: Toxapex|Toxapex, F|100\/100\n|move|p2a: Iron Jugulis|Dark Pulse|p1a: Toxapex\n|-crit|p1a: Toxapex\n|-damage|p1a: Toxapex|63\/100\n|\n|upkeep\n|turn|5\n|\n|t:|1700496358\n|switch|p1a: Ting-Lu|Ting-Lu|100\/100\n|-ability|p1a: Ting-Lu|Vessel of Ruin\n|move|p2a: Iron Jugulis|Earth Power|p1a: Ting-Lu\n|-damage|p1a: Ting-Lu|88\/100\n|\n|upkeep\n|turn|6\n|\n|t:|1700496373\n|-end|p2a: Iron Jugulis|Quark Drive|[silent]\n|switch|p2a: Iron Leaves|Iron Leaves|100\/100\n|-enditem|p2a: Iron Leaves|Booster Energy\n|-activate|p2a: Iron Leaves|ability: Quark Drive|[fromitem]\n|-start|p2a: Iron Leaves|quarkdriveatk\n|move|p1a: Ting-Lu|Spikes|p2a: Iron Leaves\n|-sidestart|p2: Slo Overdose|Spikes\n|\n|upkeep\n|turn|7\n|\n|t:|1700496378\n|switch|p1a: Corviknight|Corviknight, F|100\/100\n|-ability|p1a: Corviknight|Pressure\n|move|p2a: Iron Leaves|Swords Dance|p2a: Iron Leaves\n|-boost|p2a: Iron Leaves|atk|2\n|\n|upkeep\n|turn|8\n|\n|t:|1700496382\n|move|p2a: Iron Leaves|Close Combat|p1a: Corviknight\n|-damage|p1a: Corviknight|38\/100\n|-unboost|p2a: Iron Leaves|def|1\n|-unboost|p2a: Iron Leaves|spd|1\n|move|p1a: Corviknight|Iron Defense|p1a: Corviknight\n|-boost|p1a: Corviknight|def|2\n|\n|upkeep\n|turn|9\n|inactive|Slo Overdose has 120 seconds left.\n|\n|t:|1700496424\n|move|p2a: Iron Leaves|Close Combat|p1a: Corviknight\n|-damage|p1a: Corviknight|6\/100\n|-unboost|p2a: Iron Leaves|def|1\n|-unboost|p2a: Iron Leaves|spd|1\n|move|p1a: Corviknight|Roost|p1a: Corviknight\n|-heal|p1a: Corviknight|56\/100\n|-singleturn|p1a: Corviknight|move: Roost\n|\n|upkeep\n|turn|10\n|\n|t:|1700496436\n|-end|p2a: Iron Leaves|Quark Drive|[silent]\n|switch|p2a: Dragapult|Dragapult, F|100\/100\n|-damage|p2a: Dragapult|88\/100|[from] Spikes\n|move|p1a: Corviknight|Roost|p1a: Corviknight\n|-heal|p1a: Corviknight|100\/100\n|-singleturn|p1a: Corviknight|move: Roost\n|\n|upkeep\n|turn|11\n|\n|t:|1700496443\n|switch|p1a: Toxapex|Toxapex, F|96\/100\n|move|p2a: Dragapult|Flamethrower|p1a: Toxapex\n|-resisted|p1a: Toxapex\n|-damage|p1a: Toxapex|84\/100\n|\n|upkeep\n|turn|12\n|\n|t:|1700496448\n|switch|p2a: Iron Treads|Iron Treads|55\/100\n|-damage|p2a: Iron Treads|43\/100|[from] Spikes\n|move|p1a: Toxapex|Infestation|p2a: Iron Treads\n|-resisted|p2a: Iron Treads\n|-damage|p2a: Iron Treads|40\/100\n|-activate|p2a: Iron Treads|move: Infestation|[of] p1a: Toxapex\n|\n|-damage|p2a: Iron Treads|28\/100|[from] move: Infestation|[partiallytrapped]\n|upkeep\n|turn|13\n|\n|t:|1700496458\n|switch|p1a: Alomomola|Alomomola, F|100\/100\n|move|p2a: Iron Treads|Rapid Spin|p1a: Alomomola\n|-damage|p1a: Alomomola|92\/100\n|-boost|p2a: Iron Treads|spe|1\n|-sideend|p2: Slo Overdose|Spikes|[from] move: Rapid Spin|[of] p2a: Iron Treads\n|-end|p2a: Iron Treads|Infestation|[partiallytrapped]\n|\n|upkeep\n|turn|14\n|\n|t:|1700496466\n|-end|p2a: Iron Treads|Quark Drive|[silent]\n|switch|p2a: Dragapult|Dragapult, F|88\/100\n|move|p1a: Alomomola|Scald|p2a: Dragapult\n|-resisted|p2a: Dragapult\n|-damage|p2a: Dragapult|78\/100\n|\n|upkeep\n|turn|15\n|\n|t:|1700496472\n|switch|p1a: Ting-Lu|Ting-Lu|88\/100\n|-ability|p1a: Ting-Lu|Vessel of Ruin\n|move|p2a: Dragapult|Shadow Ball|p1a: Ting-Lu\n|-resisted|p1a: Ting-Lu\n|-damage|p1a: Ting-Lu|78\/100\n|\n|upkeep\n|turn|16\n|\n|t:|1700496481\n|switch|p2a: Iron Hands|Iron Hands|100\/100\n|-enditem|p2a: Iron Hands|Booster Energy\n|-activate|p2a: Iron Hands|ability: Quark Drive|[fromitem]\n|-start|p2a: Iron Hands|quarkdriveatk\n|move|p1a: Ting-Lu|Spikes|p2a: Iron Hands\n|-sidestart|p2: Slo Overdose|Spikes\n|\n|upkeep\n|turn|17\n|\n|t:|1700496491\n|switch|p1a: Alomomola|Alomomola, F|100\/100\n|move|p2a: Iron Hands|Swords Dance|p2a: Iron Hands\n|-boost|p2a: Iron Hands|atk|2\n|\n|upkeep\n|turn|18\n|\n|t:|1700496499\n|switch|p1a: Dondozo|Dondozo, F|100\/100\n|move|p2a: Iron Hands|Thunder Punch|p1a: Dondozo\n|-supereffective|p1a: Dondozo\n|-damage|p1a: Dondozo|48\/100\n|\n|upkeep\n|turn|19\n|\n|t:|1700496504\n|-terastallize|p1a: Dondozo|Fighting\n|move|p2a: Iron Hands|Thunder Punch|p1a: Dondozo\n|-damage|p1a: Dondozo|21\/100\n|-status|p1a: Dondozo|par\n|move|p1a: Dondozo|Rest|p1a: Dondozo\n|-status|p1a: Dondozo|slp|[from] move: Rest\n|-heal|p1a: Dondozo|100\/100 slp|[silent]\n|\n|upkeep\n|turn|20\n|inactive|Slo Overdose has 120 seconds left.\n|\n|t:|1700496553\n|-end|p2a: Iron Hands|Quark Drive|[silent]\n|switch|p2a: Iron Valiant|Iron Valiant|100\/100\n|-damage|p2a: Iron Valiant|88\/100|[from] Spikes\n|-enditem|p2a: Iron Valiant|Booster Energy\n|-activate|p2a: Iron Valiant|ability: Quark Drive|[fromitem]\n|-start|p2a: Iron Valiant|quarkdrivespe\n|cant|p1a: Dondozo|slp\n|move|p1a: Dondozo|Sleep Talk|p1a: Dondozo\n|move|p1a: Dondozo|Rest||[from]move: Sleep Talk|[still]\n|-fail|p1a: Dondozo\n|\n|upkeep\n|turn|21\n|\n|t:|1700496560\n|switch|p1a: Toxapex|Toxapex, F|100\/100\n|move|p2a: Iron Valiant|Calm Mind|p2a: Iron Valiant\n|-boost|p2a: Iron Valiant|spa|1\n|-boost|p2a: Iron Valiant|spd|1\n|\n|upkeep\n|turn|22\n|inactive|Slo Overdose has 120 seconds left.\n|\n|t:|1700496567\n|move|p2a: Iron Valiant|Taunt|p1a: Toxapex\n|-start|p1a: Toxapex|move: Taunt\n|cant|p1a: Toxapex|move: Taunt|Haze\n|\n|upkeep\n|turn|23\n|\n|t:|1700496572\n|switch|p1a: Blissey|Blissey, F|100\/100\n|move|p2a: Iron Valiant|Calm Mind|p2a: Iron Valiant\n|-boost|p2a: Iron Valiant|spa|1\n|-boost|p2a: Iron Valiant|spd|1\n|\n|upkeep\n|turn|24\n|\n|t:|1700496580\n|-terastallize|p2a: Iron Valiant|Ghost\n|move|p2a: Iron Valiant|Taunt|p1a: Blissey\n|-start|p1a: Blissey|move: Taunt\n|move|p1a: Blissey|Seismic Toss|p2a: Iron Valiant\n|-immune|p2a: Iron Valiant\n|\n|upkeep\n|turn|25\n|\n|t:|1700496586\n|switch|p1a: Ting-Lu|Ting-Lu|78\/100\n|-ability|p1a: Ting-Lu|Vessel of Ruin\n|move|p2a: Iron Valiant|Calm Mind|p2a: Iron Valiant\n|-boost|p2a: Iron Valiant|spa|1\n|-boost|p2a: Iron Valiant|spd|1\n|\n|upkeep\n|turn|26\n|\n|t:|1700496590\n|move|p2a: Iron Valiant|Moonblast|p1a: Ting-Lu\n|-supereffective|p1a: Ting-Lu\n|-damage|p1a: Ting-Lu|0 fnt\n|faint|p1a: Ting-Lu\n|\n|upkeep\n|\n|t:|1700496596\n|switch|p1a: Toxapex|Toxapex, F|100\/100\n|turn|27\n|\n|t:|1700496599\n|move|p2a: Iron Valiant|Taunt|p1a: Toxapex\n|-start|p1a: Toxapex|move: Taunt\n|move|p1a: Toxapex|Infestation|p2a: Iron Valiant\n|-resisted|p2a: Iron Valiant\n|-damage|p2a: Iron Valiant|87\/100\n|-activate|p2a: Iron Valiant|move: Infestation|[of] p1a: Toxapex\n|\n|-damage|p2a: Iron Valiant|75\/100|[from] move: Infestation|[partiallytrapped]\n|upkeep\n|turn|28\n|\n|t:|1700496603\n|move|p2a: Iron Valiant|Shadow Ball|p1a: Toxapex\n|-damage|p1a: Toxapex|34\/100\n|move|p1a: Toxapex|Infestation|p2a: Iron Valiant\n|-resisted|p2a: Iron Valiant\n|-damage|p2a: Iron Valiant|74\/100\n|\n|-damage|p2a: Iron Valiant|61\/100|[from] move: Infestation|[partiallytrapped]\n|upkeep\n|turn|29\n|\n|t:|1700496612\n|switch|p1a: Blissey|Blissey, F|100\/100\n|move|p2a: Iron Valiant|Shadow Ball|p1a: Blissey\n|-immune|p1a: Blissey\n|\n|-end|p2a: Iron Valiant|Infestation|[partiallytrapped]|[silent]\n|upkeep\n|turn|30\n|\n|t:|1700496621\n|move|p2a: Iron Valiant|Taunt|p1a: Blissey\n|-start|p1a: Blissey|move: Taunt\n|cant|p1a: Blissey|move: Taunt|Calm Mind\n|\n|upkeep\n|turn|31\n|\n|t:|1700496624\n|move|p2a: Iron Valiant|Moonblast|p1a: Blissey\n|-damage|p1a: Blissey|65\/100\n|move|p1a: Blissey|Seismic Toss|p2a: Iron Valiant\n|-immune|p2a: Iron Valiant\n|\n|upkeep\n|turn|32\n|\n|t:|1700496628\n|switch|p1a: Toxapex|Toxapex, F|67\/100\n|move|p2a: Iron Valiant|Moonblast|p1a: Toxapex\n|-resisted|p1a: Toxapex\n|-damage|p1a: Toxapex|29\/100\n|-unboost|p1a: Toxapex|spa|1\n|\n|upkeep\n|turn|33\n|\n|t:|1700496636\n|switch|p1a: Blissey|Blissey, F|65\/100\n|move|p2a: Iron Valiant|Moonblast|p1a: Blissey\n|-damage|p1a: Blissey|28\/100\n|\n|upkeep\n|turn|34\n|\n|t:|1700496641\n|move|p2a: Iron Valiant|Moonblast|p1a: Blissey\n|-damage|p1a: Blissey|0 fnt\n|faint|p1a: Blissey\n|\n|upkeep\n|-message|the bron jame12 forfeited.\n|\n|win|Slo Overdose\n|raw|the bron jame12's rating: 1450 &rarr; <strong>1428<\/strong><br \/>(-22 for losing)\n|raw|Slo Overdose's rating: 1408 &rarr; <strong>1430<\/strong><br \/>(+22 for winning)\n|l|\u2606the bron jame12\n","uploadtime":1700496649,"views":4,"p1id":"thebronjame12","p2id":"slooverdose","formatid":"gen9ou","rating":1428,"private":0,"password":""}