{"id":"gen9ou-1997472749","p1":"Noobula","p2":"Dogwearingdurag","format":"[Gen 9] OU","log":"|j|\u2606Noobula\n|j|\u2606Dogwearingdurag\n|t:|1700811441\n|gametype|singles\n|player|p1|Noobula|cyclist-gen4|1572\n|player|p2|Dogwearingdurag|266|1539\n|teamsize|p1|6\n|teamsize|p2|6\n|gen|9\n|tier|[Gen 9] OU\n|rated|\n|rule|Sleep Clause Mod: Limit one foe put to sleep\n|rule|Species Clause: Limit one of each Pok\u00e9mon\n|rule|OHKO Clause: OHKO moves are banned\n|rule|Evasion Items Clause: Evasion items are banned\n|rule|Evasion Moves Clause: Evasion moves are banned\n|rule|Endless Battle Clause: Forcing endless battles is banned\n|rule|HP Percentage Mod: HP is shown in percentages\n|clearpoke\n|poke|p1|Heatran, M|\n|poke|p1|Amoonguss, M|\n|poke|p1|Dragapult, M|\n|poke|p1|Cinderace, M|\n|poke|p1|Alomomola, F|\n|poke|p1|Slowking-Galar, M|\n|poke|p2|Zapdos|\n|poke|p2|Gholdengo|\n|poke|p2|Milotic, M|\n|poke|p2|Great Tusk|\n|poke|p2|Dragapult, F|\n|poke|p2|Iron Valiant|\n|teampreview\n|inactive|Battle timer is ON: inactive players will automatically lose when time's up. (requested by Dogwearingdurag)\n|\n|t:|1700811455\n|start\n|switch|p1a: Heatran|Heatran, M|100\/100\n|switch|p2a: Dragapult|Dragapult, F|100\/100\n|turn|1\n|\n|t:|1700811461\n|switch|p2a: Milotic|Milotic, M|100\/100\n|move|p1a: Heatran|Magma Storm|p2a: Milotic\n|-resisted|p2a: Milotic\n|-damage|p2a: Milotic|89\/100\n|-activate|p2a: Milotic|move: Magma Storm|[of] p1a: Heatran\n|\n|-heal|p2a: Milotic|95\/100|[from] item: Leftovers\n|-damage|p2a: Milotic|83\/100|[from] move: Magma Storm|[partiallytrapped]\n|upkeep\n|turn|2\n|\n|t:|1700811475\n|move|p1a: Heatran|Taunt|p2a: Milotic\n|-start|p2a: Milotic|move: Taunt\n|move|p2a: Milotic|Scald|p1a: Heatran\n|-supereffective|p1a: Heatran\n|-damage|p1a: Heatran|64\/100\n|\n|-heal|p1a: Heatran|70\/100|[from] item: Leftovers\n|-heal|p2a: Milotic|89\/100|[from] item: Leftovers\n|-damage|p2a: Milotic|76\/100|[from] move: Magma Storm|[partiallytrapped]\n|upkeep\n|turn|3\n|\n|t:|1700811481\n|move|p1a: Heatran|Protect|p1a: Heatran\n|-singleturn|p1a: Heatran|Protect\n|move|p2a: Milotic|Scald|p1a: Heatran\n|-activate|p1a: Heatran|move: Protect\n|\n|-heal|p1a: Heatran|77\/100|[from] item: Leftovers\n|-heal|p2a: Milotic|82\/100|[from] item: Leftovers\n|-damage|p2a: Milotic|70\/100|[from] move: Magma Storm|[partiallytrapped]\n|upkeep\n|turn|4\n|\n|t:|1700811484\n|move|p1a: Heatran|Earth Power|p2a: Milotic\n|-damage|p2a: Milotic|57\/100\n|move|p2a: Milotic|Scald|p1a: Heatran\n|-supereffective|p1a: Heatran\n|-damage|p1a: Heatran|40\/100\n|\n|-heal|p1a: Heatran|47\/100|[from] item: Leftovers\n|-heal|p2a: Milotic|63\/100|[from] item: Leftovers\n|-damage|p2a: Milotic|50\/100|[from] move: Magma Storm|[partiallytrapped]\n|-end|p2a: Milotic|move: Taunt\n|upkeep\n|turn|5\n|\n|t:|1700811491\n|move|p1a: Heatran|Taunt|p2a: Milotic\n|-start|p2a: Milotic|move: Taunt\n|cant|p2a: Milotic|move: Taunt|Recover\n|\n|-heal|p1a: Heatran|53\/100|[from] item: Leftovers\n|-heal|p2a: Milotic|56\/100|[from] item: Leftovers\n|-end|p2a: Milotic|Magma Storm|[partiallytrapped]\n|upkeep\n|turn|6\n|\n|t:|1700811502\n|switch|p1a: Slowking|Slowking-Galar, M|100\/100\n|switch|p2a: Zapdos|Zapdos|100\/100\n|\n|upkeep\n|turn|7\n|\n|t:|1700811506\n|move|p2a: Zapdos|Thunder Wave|p1a: Slowking\n|-status|p1a: Slowking|par\n|move|p1a: Slowking|Future Sight|p2a: Zapdos\n|-start|p1a: Slowking|move: Future Sight\n|\n|upkeep\n|turn|8\n|\n|t:|1700811510\n|move|p2a: Zapdos|Volt Switch|p1a: Slowking\n|-damage|p1a: Slowking|83\/100 par\n|\n|t:|1700811512\n|switch|p2a: Milotic|Milotic, M|56\/100|[from] Volt Switch\n|cant|p1a: Slowking|par\n|\n|-heal|p2a: Milotic|63\/100|[from] item: Leftovers\n|upkeep\n|turn|9\n|\n|t:|1700811516\n|move|p2a: Milotic|Recover|p2a: Milotic\n|-heal|p2a: Milotic|100\/100\n|cant|p1a: Slowking|par\n|\n|-end|p2a: Milotic|move: Future Sight\n|-damage|p2a: Milotic|76\/100\n|-heal|p2a: Milotic|82\/100|[from] item: Leftovers\n|upkeep\n|turn|10\n|\n|t:|1700811521\n|switch|p2a: Zapdos|Zapdos|100\/100\n|move|p1a: Slowking|Future Sight|p2a: Zapdos\n|-start|p1a: Slowking|move: Future Sight\n|\n|upkeep\n|turn|11\n|\n|t:|1700811525\n|move|p2a: Zapdos|Volt Switch|p1a: Slowking\n|-damage|p1a: Slowking|64\/100 par\n|\n|t:|1700811527\n|switch|p2a: Milotic|Milotic, M|82\/100|[from] Volt Switch\n|move|p1a: Slowking|Chilly Reception|p1a: Slowking\n|-weather|Snow\n|\n|t:|1700811533\n|switch|p1a: Dragapult|Dragapult, M|100\/100|[from] Chilly Reception\n|\n|-weather|Snow|[upkeep]\n|-heal|p2a: Milotic|88\/100|[from] item: Leftovers\n|upkeep\n|turn|12\n|\n|t:|1700811541\n|-terastallize|p1a: Dragapult|Ghost\n|move|p1a: Dragapult|Tera Blast|p2a: Milotic|[anim] Tera Blast Ghost\n|-damage|p2a: Milotic|3\/100\n|move|p2a: Milotic|Recover|p2a: Milotic\n|-heal|p2a: Milotic|53\/100\n|\n|-weather|Snow|[upkeep]\n|-end|p2a: Milotic|move: Future Sight\n|-damage|p2a: Milotic|31\/100\n|-heal|p2a: Milotic|37\/100|[from] item: Leftovers\n|upkeep\n|turn|13\n|\n|t:|1700811550\n|switch|p2a: Zapdos|Zapdos|100\/100\n|move|p1a: Dragapult|Tera Blast|p2a: Zapdos|[anim] Tera Blast Ghost\n|-damage|p2a: Zapdos|36\/100\n|\n|-weather|Snow|[upkeep]\n|upkeep\n|turn|14\n|c|\u2606Dogwearingdurag|damn fuck\n|c|\u2606Dogwearingdurag|gg\n|\n|t:|1700811562\n|move|p1a: Dragapult|Tera Blast|p2a: Zapdos|[anim] Tera Blast Ghost\n|-damage|p2a: Zapdos|0 fnt\n|faint|p2a: Zapdos\n|\n|-weather|Snow|[upkeep]\n|upkeep\n|\n|t:|1700811571\n|switch|p2a: Dragapult|Dragapult, F|100\/100\n|turn|15\n|c|\u2606Dogwearingdurag|heres to hoping\n|\n|t:|1700811584\n|switch|p1a: Alomomola|Alomomola, F|100\/100\n|move|p2a: Dragapult|Sucker Punch||[still]\n|-fail|p2a: Dragapult\n|\n|-weather|none\n|upkeep\n|turn|16\n|\n|t:|1700811590\n|switch|p2a: Gholdengo|Gholdengo|100\/100\n|-item|p2a: Gholdengo|Air Balloon\n|move|p1a: Alomomola|Wish|p1a: Alomomola\n|\n|upkeep\n|turn|17\n|\n|t:|1700811593\n|move|p2a: Gholdengo|Shadow Ball|p1a: Alomomola\n|-damage|p1a: Alomomola|46\/100\n|move|p1a: Alomomola|Flip Turn|p2a: Gholdengo\n|-damage|p2a: Gholdengo|86\/100\n|-enditem|p2a: Gholdengo|Air Balloon\n|\n|t:|1700811596\n|switch|p1a: Heatran|Heatran, M|53\/100|[from] Flip Turn\n|\n|-heal|p1a: Heatran|100\/100|[from] move: Wish|[wisher] Alomomola\n|upkeep\n|turn|18\n|\n|t:|1700811599\n|switch|p2a: Milotic|Milotic, M|37\/100\n|move|p1a: Heatran|Magma Storm|p2a: Milotic\n|-resisted|p2a: Milotic\n|-damage|p2a: Milotic|25\/100\n|-activate|p2a: Milotic|move: Magma Storm|[of] p1a: Heatran\n|\n|-heal|p2a: Milotic|31\/100|[from] item: Leftovers\n|-damage|p2a: Milotic|19\/100|[from] move: Magma Storm|[partiallytrapped]\n|upkeep\n|turn|19\n|\n|t:|1700811604\n|move|p1a: Heatran|Taunt|p2a: Milotic\n|-start|p2a: Milotic|move: Taunt\n|move|p2a: Milotic|Scald|p1a: Heatran\n|-supereffective|p1a: Heatran\n|-damage|p1a: Heatran|66\/100\n|\n|-heal|p1a: Heatran|73\/100|[from] item: Leftovers\n|-heal|p2a: Milotic|25\/100|[from] item: Leftovers\n|-damage|p2a: Milotic|12\/100|[from] move: Magma Storm|[partiallytrapped]\n|upkeep\n|turn|20\n|\n|t:|1700811608\n|move|p1a: Heatran|Protect|p1a: Heatran\n|-singleturn|p1a: Heatran|Protect\n|move|p2a: Milotic|Scald|p1a: Heatran\n|-activate|p1a: Heatran|move: Protect\n|\n|-heal|p1a: Heatran|79\/100|[from] item: Leftovers\n|-heal|p2a: Milotic|19\/100|[from] item: Leftovers\n|-damage|p2a: Milotic|6\/100|[from] move: Magma Storm|[partiallytrapped]\n|upkeep\n|turn|21\n|\n|t:|1700811610\n|move|p1a: Heatran|Earth Power|p2a: Milotic\n|-damage|p2a: Milotic|0 fnt\n|faint|p2a: Milotic\n|\n|-heal|p1a: Heatran|85\/100|[from] item: Leftovers\n|upkeep\n|\n|t:|1700811612\n|switch|p2a: Great Tusk|Great Tusk|100\/100\n|turn|22\n|\n|t:|1700811615\n|switch|p1a: Alomomola|Alomomola, F|79\/100\n|move|p2a: Great Tusk|Headlong Rush|p1a: Alomomola\n|-damage|p1a: Alomomola|51\/100\n|-unboost|p2a: Great Tusk|def|1\n|-unboost|p2a: Great Tusk|spd|1\n|\n|upkeep\n|turn|23\n|\n|t:|1700811622\n|-end|p2a: Great Tusk|Protosynthesis|[silent]\n|switch|p2a: Dragapult|Dragapult, F|100\/100\n|move|p1a: Alomomola|Flip Turn|p2a: Dragapult\n|-resisted|p2a: Dragapult\n|-damage|p2a: Dragapult|91\/100\n|\n|t:|1700811632\n|switch|p1a: Heatran|Heatran, M|85\/100|[from] Flip Turn\n|\n|-heal|p1a: Heatran|91\/100|[from] item: Leftovers\n|upkeep\n|turn|24\n|\n|t:|1700811636\n|-terastallize|p2a: Dragapult|Ghost\n|move|p2a: Dragapult|Tera Blast|p1a: Heatran|[anim] Tera Blast Ghost\n|-damage|p1a: Heatran|16\/100\n|move|p1a: Heatran|Magma Storm|p2a: Dragapult\n|-damage|p2a: Dragapult|35\/100\n|-activate|p2a: Dragapult|move: Magma Storm|[of] p1a: Heatran\n|\n|-heal|p1a: Heatran|22\/100|[from] item: Leftovers\n|-damage|p2a: Dragapult|23\/100|[from] move: Magma Storm|[partiallytrapped]\n|upkeep\n|turn|25\n|\n|t:|1700811646\n|move|p1a: Heatran|Protect|p1a: Heatran\n|-singleturn|p1a: Heatran|Protect\n|move|p2a: Dragapult|Tera Blast|p1a: Heatran|[anim] Tera Blast Ghost\n|-activate|p1a: Heatran|move: Protect\n|\n|-heal|p1a: Heatran|28\/100|[from] item: Leftovers\n|-damage|p2a: Dragapult|11\/100|[from] move: Magma Storm|[partiallytrapped]\n|upkeep\n|turn|26\n|\n|t:|1700811662\n|switch|p1a: Alomomola|Alomomola, F|84\/100\n|move|p2a: Dragapult|Tera Blast|p1a: Alomomola|[anim] Tera Blast Ghost\n|-damage|p1a: Alomomola|39\/100\n|\n|-end|p2a: Dragapult|Magma Storm|[partiallytrapped]|[silent]\n|upkeep\n|turn|27\n|\n|t:|1700811668\n|move|p1a: Alomomola|Protect|p1a: Alomomola\n|-singleturn|p1a: Alomomola|Protect\n|move|p2a: Dragapult|Tera Blast|p1a: Alomomola|[anim] Tera Blast Ghost\n|-activate|p1a: Alomomola|move: Protect\n|\n|upkeep\n|turn|28\n|\n|t:|1700811675\n|switch|p1a: Amoonguss|Amoonguss, M, shiny|100\/100\n|move|p2a: Dragapult|Tera Blast|p1a: Amoonguss|[anim] Tera Blast Ghost\n|-damage|p1a: Amoonguss|32\/100\n|\n|upkeep\n|turn|29\n|\n|t:|1700811686\n|switch|p1a: Cinderace|Cinderace, M, shiny|100\/100\n|move|p2a: Dragapult|Tera Blast|p1a: Cinderace|[anim] Tera Blast Ghost\n|-damage|p1a: Cinderace|2\/100\n|\n|upkeep\n|turn|30\n|\n|t:|1700811691\n|switch|p2a: Great Tusk|Great Tusk|100\/100\n|move|p1a: Cinderace|Court Change||[still]\n|-start|p1a: Cinderace|typechange|Normal|[from] ability: Libero\n|-swapsideconditions\n|-fail|p1a: Cinderace\n|\n|upkeep\n|turn|31\n|\n|t:|1700811699\n|move|p1a: Cinderace|Will-O-Wisp|p2a: Great Tusk|[miss]\n|-miss|p1a: Cinderace|p2a: Great Tusk\n|move|p2a: Great Tusk|Stealth Rock|p1a: Cinderace\n|-sidestart|p1: Noobula|move: Stealth Rock\n|\n|upkeep\n|turn|32\n|\n|t:|1700811712\n|move|p1a: Cinderace|Court Change|p1a: Cinderace\n|-swapsideconditions\n|-activate|p1a: Cinderace|move: Court Change\n|move|p2a: Great Tusk|Rapid Spin|p1a: Cinderace\n|-damage|p1a: Cinderace|0 fnt\n|-boost|p2a: Great Tusk|spe|1\n|-sideend|p2: Dogwearingdurag|Stealth Rock|[from] move: Rapid Spin|[of] p2a: Great Tusk\n|faint|p1a: Cinderace\n|\n|upkeep\n|\n|t:|1700811719\n|switch|p1a: Alomomola|Alomomola, F|73\/100\n|turn|33\n|\n|t:|1700811723\n|move|p2a: Great Tusk|Stealth Rock|p1a: Alomomola\n|-sidestart|p1: Noobula|move: Stealth Rock\n|move|p1a: Alomomola|Wish|p1a: Alomomola\n|\n|upkeep\n|turn|34\n|\n|t:|1700811728\n|-end|p2a: Great Tusk|Protosynthesis|[silent]\n|switch|p2a: Gholdengo|Gholdengo|86\/100\n|move|p1a: Alomomola|Flip Turn|p2a: Gholdengo\n|-damage|p2a: Gholdengo|72\/100\n|\n|t:|1700811730\n|switch|p1a: Heatran|Heatran, M|28\/100|[from] Flip Turn\n|-damage|p1a: Heatran|16\/100|[from] Stealth Rock\n|\n|-heal|p1a: Heatran|85\/100|[from] move: Wish|[wisher] Alomomola\n|-heal|p1a: Heatran|91\/100|[from] item: Leftovers\n|upkeep\n|turn|35\n|\n|t:|1700811737\n|move|p1a: Heatran|Magma Storm|p2a: Gholdengo|[miss]\n|-miss|p1a: Heatran|p2a: Gholdengo\n|move|p2a: Gholdengo|Shadow Ball|p1a: Heatran\n|-damage|p1a: Heatran|61\/100\n|\n|-heal|p1a: Heatran|67\/100|[from] item: Leftovers\n|upkeep\n|turn|36\n|c|\u2606Noobula|JESUS\n|c|\u2606Noobula|']\n|\n|t:|1700811745\n|move|p1a: Heatran|Magma Storm|p2a: Gholdengo|[miss]\n|-miss|p1a: Heatran|p2a: Gholdengo\n|move|p2a: Gholdengo|Shadow Ball|p1a: Heatran\n|-damage|p1a: Heatran|37\/100\n|\n|-heal|p1a: Heatran|43\/100|[from] item: Leftovers\n|upkeep\n|turn|37\n|c|\u2606Dogwearingdurag|divine retribution!\n|\n|t:|1700811752\n|move|p1a: Heatran|Magma Storm|p2a: Gholdengo|[miss]\n|-miss|p1a: Heatran|p2a: Gholdengo\n|move|p2a: Gholdengo|Shadow Ball|p1a: Heatran\n|-crit|p1a: Heatran\n|-damage|p1a: Heatran|0 fnt\n|faint|p1a: Heatran\n|\n|upkeep\n|c|\u2606Dogwearingdurag|NO WAY\n|c|\u2606Dogwearingdurag|i am so sorry\n|c|\u2606Noobula|bull fucking shit\n|\n|t:|1700811761\n|switch|p1a: Dragapult|Dragapult, M, tera:Ghost|100\/100\n|-damage|p1a: Dragapult|88\/100|[from] Stealth Rock\n|turn|38\n|\n|t:|1700811766\n|move|p1a: Dragapult|Tera Blast|p2a: Gholdengo|[anim] Tera Blast Ghost\n|-supereffective|p2a: Gholdengo\n|-crit|p2a: Gholdengo\n|-damage|p2a: Gholdengo|0 fnt\n|faint|p2a: Gholdengo\n|\n|upkeep\n|\n|t:|1700811775\n|switch|p2a: Great Tusk|Great Tusk|100\/100\n|turn|39\n|\n|t:|1700811791\n|switch|p1a: Alomomola|Alomomola, F|100\/100\n|move|p2a: Great Tusk|Headlong Rush|p1a: Alomomola\n|-damage|p1a: Alomomola|72\/100\n|-unboost|p2a: Great Tusk|def|1\n|-unboost|p2a: Great Tusk|spd|1\n|\n|upkeep\n|turn|40\n|\n|t:|1700811798\n|-end|p2a: Great Tusk|Protosynthesis|[silent]\n|switch|p2a: Iron Valiant|Iron Valiant|100\/100\n|move|p1a: Alomomola|Wish|p1a: Alomomola\n|\n|upkeep\n|turn|41\n|\n|t:|1700811800\n|switch|p1a: Amoonguss|Amoonguss, M, shiny|65\/100\n|-damage|p1a: Amoonguss|53\/100|[from] Stealth Rock\n|move|p2a: Iron Valiant|Moonblast|p1a: Amoonguss\n|-resisted|p1a: Amoonguss\n|-damage|p1a: Amoonguss|36\/100\n|-unboost|p1a: Amoonguss|spa|1\n|\n|-heal|p1a: Amoonguss|98\/100|[from] move: Wish|[wisher] Alomomola\n|upkeep\n|turn|42\n|\n|t:|1700811808\n|-end|p2a: Iron Valiant|Quark Drive|[silent]\n|switch|p2a: Great Tusk|Great Tusk|100\/100\n|move|p1a: Amoonguss|Spore|p2a: Great Tusk\n|-status|p2a: Great Tusk|slp|[from] move: Spore\n|\n|upkeep\n|turn|43\n|\n|t:|1700811810\n|cant|p2a: Great Tusk|slp\n|move|p1a: Amoonguss|Grass Knot|p2a: Great Tusk\n|-supereffective|p2a: Great Tusk\n|-damage|p2a: Great Tusk|38\/100 slp\n|\n|-heal|p2a: Great Tusk|44\/100 slp|[from] item: Leftovers\n|upkeep\n|turn|44\n|\n|t:|1700811815\n|cant|p2a: Great Tusk|slp\n|move|p1a: Amoonguss|Grass Knot|p2a: Great Tusk\n|-supereffective|p2a: Great Tusk\n|-damage|p2a: Great Tusk|0 fnt\n|faint|p2a: Great Tusk\n|-end|p2a: Great Tusk|Protosynthesis|[silent]\n|\n|upkeep\n|j| dfghhhg\n|\n|t:|1700811826\n|switch|p2a: Iron Valiant|Iron Valiant|100\/100\n|turn|45\n|\n|t:|1700811841\n|move|p2a: Iron Valiant|Close Combat|p1a: Amoonguss\n|-resisted|p1a: Amoonguss\n|-damage|p1a: Amoonguss|74\/100\n|-unboost|p2a: Iron Valiant|def|1\n|-unboost|p2a: Iron Valiant|spd|1\n|-damage|p2a: Iron Valiant|84\/100|[from] item: Rocky Helmet|[of] p1a: Amoonguss\n|move|p1a: Amoonguss|Clear Smog|p2a: Iron Valiant\n|-supereffective|p2a: Iron Valiant\n|-damage|p2a: Iron Valiant|25\/100\n|-clearboost|p2a: Iron Valiant\n|\n|upkeep\n|turn|46\n|\n|t:|1700811852\n|move|p2a: Iron Valiant|Close Combat|p1a: Amoonguss\n|-resisted|p1a: Amoonguss\n|-damage|p1a: Amoonguss|53\/100\n|-unboost|p2a: Iron Valiant|def|1\n|-unboost|p2a: Iron Valiant|spd|1\n|-damage|p2a: Iron Valiant|9\/100|[from] item: Rocky Helmet|[of] p1a: Amoonguss\n|move|p1a: Amoonguss|Clear Smog|p2a: Iron Valiant\n|-supereffective|p2a: Iron Valiant\n|-damage|p2a: Iron Valiant|0 fnt\n|-clearboost|p2a: Iron Valiant\n|faint|p2a: Iron Valiant\n|-end|p2a: Iron Valiant|Quark Drive|[silent]\n|\n|upkeep\n|\n|t:|1700811855\n|switch|p2a: Dragapult|Dragapult, F, tera:Ghost|11\/100\n|turn|47\n|\n|t:|1700811858\n|switch|p1a: Slowking|Slowking-Galar, M|98\/100 par\n|move|p2a: Dragapult|Dragon Darts|p1a: Slowking\n|-damage|p1a: Slowking|56\/100 par\n|-anim|p2a: Dragapult|Dragon Darts|p1a: Slowking\n|-damage|p1a: Slowking|17\/100 par\n|\n|upkeep\n|turn|48\n|\n|t:|1700811864\n|move|p2a: Dragapult|Dragon Darts|p1a: Slowking\n|-damage|p1a: Slowking|0 fnt\n|faint|p1a: Slowking\n|\n|upkeep\n|c|\u2606Dogwearingdurag|wrong button fuck\n|\n|t:|1700811870\n|switch|p1a: Alomomola|Alomomola, F|100\/100\n|turn|49\n|\n|t:|1700811873\n|move|p2a: Dragapult|Dragon Darts|p1a: Alomomola\n|-damage|p1a: Alomomola|78\/100\n|-anim|p2a: Dragapult|Dragon Darts|p1a: Alomomola\n|-damage|p1a: Alomomola|57\/100\n|move|p1a: Alomomola|Flip Turn|p2a: Dragapult\n|-damage|p2a: Dragapult|0 fnt\n|faint|p2a: Dragapult\n|\n|win|Noobula\n|raw|Noobula's rating: 1572 &rarr; <strong>1590<\/strong><br \/>(+18 for winning)\n|raw|Dogwearingdurag's rating: 1539 &rarr; <strong>1521<\/strong><br \/>(-18 for losing)\n","uploadtime":1700811760,"views":2,"p1id":"noobula","p2id":"dogwearingdurag","formatid":"gen9ou","rating":1521,"private":0,"password":""}