{"id":"gen9ou-1995586235","p1":"MasterfulGoob","p2":"Toasteduck","format":"[Gen 9] OU","log":"|j|\u2606MasterfulGoob\n|j|\u2606Toasteduck\n|t:|1700585164\n|gametype|singles\n|player|p1|MasterfulGoob|101|1742\n|player|p2|Toasteduck|1|1814\n|teamsize|p1|6\n|teamsize|p2|6\n|gen|9\n|tier|[Gen 9] OU\n|rated|\n|rule|Sleep Clause Mod: Limit one foe put to sleep\n|rule|Species Clause: Limit one of each Pok\u00e9mon\n|rule|OHKO Clause: OHKO moves are banned\n|rule|Evasion Items Clause: Evasion items are banned\n|rule|Evasion Moves Clause: Evasion moves are banned\n|rule|Endless Battle Clause: Forcing endless battles is banned\n|rule|HP Percentage Mod: HP is shown in percentages\n|clearpoke\n|poke|p1|Landorus-Therian, M|\n|poke|p1|Dragapult, F|\n|poke|p1|Empoleon, M|\n|poke|p1|Corviknight, M|\n|poke|p1|Great Tusk|\n|poke|p1|Skeledirge, F|\n|poke|p2|Garganacl, F|\n|poke|p2|Great Tusk|\n|poke|p2|Hatterene, F|\n|poke|p2|Rillaboom, F|\n|poke|p2|Zapdos|\n|poke|p2|Goodra-Hisui, M|\n|teampreview\n|j| FULKU\n|\n|t:|1700585180\n|start\n|switch|p1a: Landorus|Landorus-Therian, M, shiny|100\/100\n|switch|p2a: Zapdos|Zapdos|100\/100\n|-ability|p1a: Landorus|Intimidate|boost\n|-unboost|p2a: Zapdos|atk|1\n|turn|1\n|\n|t:|1700585182\n|move|p1a: Landorus|Stone Edge|p2a: Zapdos\n|-supereffective|p2a: Zapdos\n|-damage|p2a: Zapdos|0 fnt\n|faint|p2a: Zapdos\n|\n|upkeep\n|\n|t:|1700585202\n|switch|p2a: Garganacl|Garganacl, F|100\/100\n|turn|2\n|\n|t:|1700585215\n|switch|p1a: Empoleon|Empoleon, M|100\/100\n|move|p2a: Garganacl|Salt Cure|p1a: Empoleon\n|-resisted|p1a: Empoleon\n|-damage|p1a: Empoleon|94\/100\n|-start|p1a: Empoleon|Salt Cure\n|\n|-heal|p1a: Empoleon|99\/100|[from] item: Leftovers\n|-damage|p1a: Empoleon|75\/100|[from] Salt Cure\n|upkeep\n|turn|3\n|\n|t:|1700585218\n|switch|p2a: Rillaboom|Rillaboom, F|100\/100\n|-fieldstart|move: Grassy Terrain|[from] ability: Grassy Surge|[of] p2a: Rillaboom\n|move|p1a: Empoleon|Flip Turn|p2a: Rillaboom\n|-resisted|p2a: Rillaboom\n|-damage|p2a: Rillaboom|93\/100\n|\n|t:|1700585222\n|switch|p1a: Dragapult|Dragapult, F|100\/100|[from] Flip Turn\n|\n|-heal|p2a: Rillaboom|99\/100|[from] Grassy Terrain\n|upkeep\n|turn|4\n|\n|t:|1700585226\n|move|p1a: Dragapult|Draco Meteor|p2a: Rillaboom\n|-damage|p2a: Rillaboom|31\/100\n|-unboost|p1a: Dragapult|spa|2\n|move|p2a: Rillaboom|Knock Off|p1a: Dragapult\n|-supereffective|p1a: Dragapult\n|-damage|p1a: Dragapult|11\/100\n|-enditem|p1a: Dragapult|Choice Specs|[from] move: Knock Off|[of] p2a: Rillaboom\n|\n|-heal|p1a: Dragapult|17\/100|[from] Grassy Terrain\n|-heal|p2a: Rillaboom|37\/100|[from] Grassy Terrain\n|upkeep\n|turn|5\n|\n|t:|1700585232\n|move|p2a: Rillaboom|Grassy Glide|p1a: Dragapult\n|-resisted|p1a: Dragapult\n|-damage|p1a: Dragapult|0 fnt\n|faint|p1a: Dragapult\n|\n|-heal|p2a: Rillaboom|43\/100|[from] Grassy Terrain\n|upkeep\n|\n|t:|1700585234\n|switch|p1a: Corviknight|Corviknight, M|100\/100\n|-ability|p1a: Corviknight|Pressure\n|turn|6\n|\n|t:|1700585240\n|switch|p2a: Goodra|Goodra-Hisui, M|100\/100\n|move|p1a: Corviknight|U-turn|p2a: Goodra\n|-resisted|p2a: Goodra\n|-damage|p2a: Goodra|95\/100\n|-ability|p2a: Goodra|Gooey\n|-unboost|p1a: Corviknight|spe|1\n|\n|t:|1700585247\n|switch|p1a: Great Tusk|Great Tusk|100\/100|[from] U-turn\n|\n|-heal|p2a: Goodra|100\/100|[from] Grassy Terrain\n|upkeep\n|turn|7\n|c| FULKU|imagine if salt cure did 50 to empoleon\n|\n|t:|1700585253\n|move|p1a: Great Tusk|Headlong Rush|p2a: Goodra\n|-supereffective|p2a: Goodra\n|-damage|p2a: Goodra|0 fnt\n|-unboost|p1a: Great Tusk|def|1\n|-unboost|p1a: Great Tusk|spd|1\n|-ability|p2a: Goodra|Gooey\n|-unboost|p1a: Great Tusk|spe|1\n|faint|p2a: Goodra\n|\n|-fieldend|move: Grassy Terrain\n|upkeep\n|j| lukadeska\n|c| FULKU|wow\n|c| FULKU|is that banded?\u00bf\n|c|\u2606MasterfulGoob|Nah\n|\n|t:|1700585285\n|switch|p2a: Hatterene|Hatterene, F|100\/100\n|turn|8\n|c| FULKU|how did u kill a goodra from full\n|c| FULKU|firs time i have seen it\n|\n|t:|1700585308\n|-end|p1a: Great Tusk|Protosynthesis|[silent]\n|switch|p1a: Empoleon|Empoleon, M|75\/100\n|move|p2a: Hatterene|Giga Drain|p1a: Empoleon\n|-damage|p1a: Empoleon|44\/100\n|\n|-heal|p1a: Empoleon|50\/100|[from] item: Leftovers\n|upkeep\n|turn|9\n|c|\u2606MasterfulGoob|offsensive goodra maybe\n|c| FULKU|since banded low kick\n|\n|t:|1700585320\n|move|p1a: Empoleon|Roost|p1a: Empoleon\n|-heal|p1a: Empoleon|99\/100\n|-singleturn|p1a: Empoleon|move: Roost\n|move|p2a: Hatterene|Giga Drain|p1a: Empoleon\n|-damage|p1a: Empoleon|70\/100\n|\n|-heal|p1a: Empoleon|76\/100|[from] item: Leftovers\n|upkeep\n|turn|10\n|c|\u2606Toasteduck|mine's mostly spdef\n|c| FULKU|oh\n|\n|t:|1700585339\n|move|p1a: Empoleon|Flip Turn|p2a: Hatterene\n|-damage|p2a: Hatterene|80\/100\n|\n|t:|1700585347\n|switch|p1a: Skeledirge|Skeledirge, F|100\/100|[from] Flip Turn\n|move|p2a: Hatterene|Giga Drain|p1a: Skeledirge\n|-resisted|p1a: Skeledirge\n|-damage|p1a: Skeledirge|82\/100\n|-heal|p2a: Hatterene|93\/100|[from] drain|[of] p1a: Skeledirge\n|\n|upkeep\n|turn|11\n|c| FULKU|i used to run av goodra max hp max def\n|l| lukadeska\n|j| dfghhhg\n|c| FULKU|but u also need a wish mon\n|c|\u2606Toasteduck|ye i suck at wish passing lmao\n|\n|t:|1700585378\n|switch|p1a: Landorus|Landorus-Therian, M, shiny|100\/100\n|-ability|p1a: Landorus|Intimidate|boost\n|-unboost|p2a: Hatterene|atk|1\n|switch|p2a: Garganacl|Garganacl, F|100\/100\n|\n|upkeep\n|turn|12\n|\n|t:|1700585386\n|switch|p2a: Rillaboom|Rillaboom, F|43\/100\n|-fieldstart|move: Grassy Terrain|[from] ability: Grassy Surge|[of] p2a: Rillaboom\n|move|p1a: Landorus|U-turn|p2a: Rillaboom\n|-supereffective|p2a: Rillaboom\n|-damage|p2a: Rillaboom|0 fnt\n|faint|p2a: Rillaboom\n|\n|t:|1700585399\n|switch|p1a: Great Tusk|Great Tusk|100\/100|[from] U-turn\n|\n|upkeep\n|c| FULKU|np\n|\n|t:|1700585425\n|switch|p2a: Garganacl|Garganacl, F|100\/100\n|turn|13\n|c| FULKU|if u like gooda h\n|\n|t:|1700585432\n|-terastallize|p2a: Garganacl|Fairy\n|move|p1a: Great Tusk|Headlong Rush|p2a: Garganacl\n|-damage|p2a: Garganacl|68\/100\n|-unboost|p1a: Great Tusk|def|1\n|-unboost|p1a: Great Tusk|spd|1\n|move|p2a: Garganacl|Iron Defense|p2a: Garganacl\n|-boost|p2a: Garganacl|def|2\n|\n|-heal|p2a: Garganacl|74\/100|[from] Grassy Terrain\n|-heal|p2a: Garganacl|80\/100|[from] item: Leftovers\n|upkeep\n|turn|14\n|c| FULKU|there is the set with curse gyroball\n|c| FULKU|op af\n|\n|t:|1700585451\n|move|p1a: Great Tusk|Knock Off|p2a: Garganacl\n|-resisted|p2a: Garganacl\n|-damage|p2a: Garganacl|75\/100\n|-enditem|p2a: Garganacl|Leftovers|[from] move: Knock Off|[of] p1a: Great Tusk\n|move|p2a: Garganacl|Salt Cure|p1a: Great Tusk\n|-resisted|p1a: Great Tusk\n|-damage|p1a: Great Tusk|97\/100\n|-start|p1a: Great Tusk|Salt Cure\n|\n|-heal|p1a: Great Tusk|100\/100|[from] Grassy Terrain\n|-heal|p2a: Garganacl|81\/100|[from] Grassy Terrain\n|-damage|p1a: Great Tusk|88\/100|[from] Salt Cure\n|upkeep\n|turn|15\n|\n|t:|1700585460\n|-end|p1a: Great Tusk|Protosynthesis|[silent]\n|switch|p1a: Skeledirge|Skeledirge, F|82\/100\n|move|p2a: Garganacl|Iron Defense|p2a: Garganacl\n|-boost|p2a: Garganacl|def|2\n|\n|-heal|p1a: Skeledirge|88\/100|[from] Grassy Terrain\n|-heal|p2a: Garganacl|87\/100|[from] Grassy Terrain\n|upkeep\n|turn|16\n|\n|t:|1700585468\n|-terastallize|p1a: Skeledirge|Dragon\n|move|p1a: Skeledirge|Torch Song|p2a: Garganacl\n|-damage|p2a: Garganacl|62\/100\n|-boost|p1a: Skeledirge|spa|1\n|move|p2a: Garganacl|Salt Cure|p1a: Skeledirge\n|-damage|p1a: Skeledirge|77\/100\n|-start|p1a: Skeledirge|Salt Cure\n|\n|-heal|p1a: Skeledirge|83\/100|[from] Grassy Terrain\n|-heal|p2a: Garganacl|68\/100|[from] Grassy Terrain\n|-damage|p1a: Skeledirge|71\/100|[from] Salt Cure\n|-fieldend|move: Grassy Terrain\n|upkeep\n|turn|17\n|c|\u2606Toasteduck|ill try it out soon\n|\n|t:|1700585488\n|move|p1a: Skeledirge|Torch Song|p2a: Garganacl\n|-damage|p2a: Garganacl|27\/100\n|-boost|p1a: Skeledirge|spa|1\n|move|p2a: Garganacl|Recover|p2a: Garganacl\n|-heal|p2a: Garganacl|77\/100\n|\n|-damage|p1a: Skeledirge|58\/100|[from] Salt Cure\n|upkeep\n|turn|18\n|j| fropop\n|\n|t:|1700585496\n|switch|p2a: Hatterene|Hatterene, F|93\/100\n|move|p1a: Skeledirge|Torch Song|p2a: Hatterene\n|-damage|p2a: Hatterene|35\/100\n|-boost|p1a: Skeledirge|spa|1\n|\n|-damage|p1a: Skeledirge|46\/100|[from] Salt Cure\n|upkeep\n|turn|19\n|\n|t:|1700585503\n|move|p1a: Skeledirge|Torch Song|p2a: Hatterene\n|-damage|p2a: Hatterene|0 fnt\n|-boost|p1a: Skeledirge|spa|1\n|faint|p2a: Hatterene\n|\n|-damage|p1a: Skeledirge|34\/100|[from] Salt Cure\n|upkeep\n|\n|t:|1700585505\n|switch|p2a: Great Tusk|Great Tusk|100\/100\n|-enditem|p2a: Great Tusk|Booster Energy\n|-activate|p2a: Great Tusk|ability: Protosynthesis|[fromitem]\n|-start|p2a: Great Tusk|protosynthesisatk\n|turn|20\n|j| jeelllyy\n|j| AnimeZZZZ5\n|\n|t:|1700585531\n|move|p2a: Great Tusk|Ice Spinner|p1a: Skeledirge\n|-supereffective|p1a: Skeledirge\n|-damage|p1a: Skeledirge|0 fnt\n|faint|p1a: Skeledirge\n|\n|upkeep\n|l| AnimeZZZZ5\n|\n|t:|1700585539\n|switch|p1a: Landorus|Landorus-Therian, M, shiny|100\/100\n|-ability|p1a: Landorus|Intimidate|boost\n|-unboost|p2a: Great Tusk|atk|1\n|turn|21\n|\n|t:|1700585550\n|move|p1a: Landorus|Earthquake|p2a: Great Tusk\n|-damage|p2a: Great Tusk|41\/100\n|move|p2a: Great Tusk|Bulk Up|p2a: Great Tusk\n|-boost|p2a: Great Tusk|atk|1\n|-boost|p2a: Great Tusk|def|1\n|\n|upkeep\n|turn|22\n|j| Unearth Myself\n|\n|t:|1700585590\n|switch|p1a: Great Tusk|Great Tusk|88\/100\n|move|p2a: Great Tusk|Ice Spinner|p1a: Great Tusk\n|-supereffective|p1a: Great Tusk\n|-damage|p1a: Great Tusk|40\/100\n|\n|-heal|p1a: Great Tusk|46\/100|[from] item: Leftovers\n|upkeep\n|turn|23\n|\n|t:|1700585594\n|move|p2a: Great Tusk|Ice Spinner|p1a: Great Tusk\n|-supereffective|p1a: Great Tusk\n|-damage|p1a: Great Tusk|0 fnt\n|faint|p1a: Great Tusk\n|-end|p1a: Great Tusk|Protosynthesis|[silent]\n|\n|upkeep\n|\n|t:|1700585603\n|switch|p1a: Empoleon|Empoleon, M|76\/100\n|turn|24\n|\n|t:|1700585607\n|move|p2a: Great Tusk|Headlong Rush|p1a: Empoleon\n|-supereffective|p1a: Empoleon\n|-damage|p1a: Empoleon|0 fnt\n|-unboost|p2a: Great Tusk|def|1\n|-unboost|p2a: Great Tusk|spd|1\n|faint|p1a: Empoleon\n|\n|upkeep\n|\n|t:|1700585609\n|switch|p1a: Landorus|Landorus-Therian, M, shiny|100\/100\n|-ability|p1a: Landorus|Intimidate|boost\n|-unboost|p2a: Great Tusk|atk|1\n|turn|25\n|\n|t:|1700585612\n|move|p1a: Landorus|Earthquake|p2a: Great Tusk\n|-damage|p2a: Great Tusk|0 fnt\n|faint|p2a: Great Tusk\n|-end|p2a: Great Tusk|Protosynthesis|[silent]\n|\n|upkeep\n|\n|t:|1700585614\n|switch|p2a: Garganacl|Garganacl, F, tera:Fairy|77\/100\n|turn|26\n|\n|t:|1700585617\n|move|p1a: Landorus|Earthquake|p2a: Garganacl\n|-damage|p2a: Garganacl|29\/100\n|move|p2a: Garganacl|Iron Defense|p2a: Garganacl\n|-boost|p2a: Garganacl|def|2\n|\n|upkeep\n|turn|27\n|\n|t:|1700585619\n|move|p1a: Landorus|Earthquake|p2a: Garganacl\n|-damage|p2a: Garganacl|6\/100\n|move|p2a: Garganacl|Recover|p2a: Garganacl\n|-heal|p2a: Garganacl|56\/100\n|\n|upkeep\n|turn|28\n|\n|t:|1700585624\n|move|p1a: Landorus|Earthquake|p2a: Garganacl\n|-damage|p2a: Garganacl|33\/100\n|move|p2a: Garganacl|Recover|p2a: Garganacl\n|-heal|p2a: Garganacl|83\/100\n|\n|upkeep\n|turn|29\n|\n|t:|1700585628\n|move|p1a: Landorus|Earthquake|p2a: Garganacl\n|-damage|p2a: Garganacl|62\/100\n|move|p2a: Garganacl|Iron Defense|p2a: Garganacl\n|-boost|p2a: Garganacl|def|2\n|\n|upkeep\n|turn|30\n|\n|t:|1700585633\n|move|p1a: Landorus|Earthquake|p2a: Garganacl\n|-damage|p2a: Garganacl|46\/100\n|move|p2a: Garganacl|Recover|p2a: Garganacl\n|-heal|p2a: Garganacl|96\/100\n|\n|upkeep\n|turn|31\n|c|\u2606MasterfulGoob|gg\n|-message|MasterfulGoob forfeited.\n|\n|win|Toasteduck\n|raw|MasterfulGoob's rating: 1742 &rarr; <strong>1726<\/strong><br \/>(-16 for losing)\n|raw|Toasteduck's rating: 1814 &rarr; <strong>1830<\/strong><br \/>(+16 for winning)\n|l|\u2606MasterfulGoob\n|c|\u2606Toasteduck|gg\n|l| Unearth Myself\n","uploadtime":1700585666,"views":2,"p1id":"masterfulgoob","p2id":"toasteduck","formatid":"gen9ou","rating":1726,"private":0,"password":""}