{"id":"gen9ou-1989329455","p1":"cheapwills","p2":"AkiDes","format":"[Gen 9] OU","log":"|j|\u2606cheapwills\n|j|\u2606AkiDes\n|t:|1699837035\n|gametype|singles\n|player|p1|cheapwills|palmer|1079\n|player|p2|AkiDes|volkner|1160\n|teamsize|p1|6\n|teamsize|p2|6\n|gen|9\n|tier|[Gen 9] OU\n|rated|\n|rule|Sleep Clause Mod: Limit one foe put to sleep\n|rule|Species Clause: Limit one of each Pok\u00e9mon\n|rule|OHKO Clause: OHKO moves are banned\n|rule|Evasion Items Clause: Evasion items are banned\n|rule|Evasion Moves Clause: Evasion moves are banned\n|rule|Endless Battle Clause: Forcing endless battles is banned\n|rule|HP Percentage Mod: HP is shown in percentages\n|clearpoke\n|poke|p1|Iron Treads|\n|poke|p1|Skeledirge, M|\n|poke|p1|Azumarill, M|\n|poke|p1|Meowscarada, M|\n|poke|p1|Slowking, F|\n|poke|p1|Toxapex, F|\n|poke|p2|Greninja-*, M|\n|poke|p2|Dragonite, M|\n|poke|p2|Cinderace, F|\n|poke|p2|Mandibuzz, F|\n|poke|p2|Jolteon, F|\n|poke|p2|Gengar, M|\n|teampreview\n|inactive|Battle timer is ON: inactive players will automatically lose when time's up. (requested by cheapwills)\n|\n|t:|1699837043\n|start\n|switch|p1a: Zoro|Meowscarada, M|100\/100\n|switch|p2a: Greninja|Greninja, M, shiny|100\/100\n|turn|1\n|\n|t:|1699837046\n|move|p1a: Zoro|U-turn|p2a: Greninja\n|-start|p1a: Zoro|typechange|Bug|[from] ability: Protean\n|-supereffective|p2a: Greninja\n|-damage|p2a: Greninja|0 fnt\n|faint|p2a: Greninja\n|\n|t:|1699837051\n|switch|p1a: Sparky Boom Man|Iron Treads|100\/100|[from] U-turn\n|-item|p1a: Sparky Boom Man|Air Balloon\n|\n|upkeep\n|c|\u2606AkiDes|damn XD\n|\n|t:|1699837060\n|switch|p2a: Jolteon|Jolteon, F|100\/100\n|turn|2\n|\n|t:|1699837066\n|-terastallize|p2a: Jolteon|Ice\n|move|p2a: Jolteon|Tera Blast|p1a: Sparky Boom Man|[anim] Tera Blast Ice\n|-damage|p1a: Sparky Boom Man|29\/100\n|-enditem|p1a: Sparky Boom Man|Air Balloon\n|move|p1a: Sparky Boom Man|Earthquake|p2a: Jolteon\n|-damage|p2a: Jolteon|25\/100\n|\n|upkeep\n|turn|3\n|\n|t:|1699837074\n|-end|p1a: Sparky Boom Man|Quark Drive|[silent]\n|switch|p1a: Toxapex|Toxapex, F|100\/100\n|move|p2a: Jolteon|Tera Blast|p1a: Toxapex|[anim] Tera Blast Ice\n|-resisted|p1a: Toxapex\n|-damage|p1a: Toxapex|78\/100\n|\n|upkeep\n|turn|4\n|\n|t:|1699837086\n|switch|p2a: Gengar|Gengar, M|100\/100\n|switch|p1a: Louie|Skeledirge, M, shiny|100\/100\n|\n|upkeep\n|turn|5\n|\n|t:|1699837094\n|switch|p1a: Sparky Boom Man|Iron Treads|29\/100\n|move|p2a: Gengar|Substitute|p2a: Gengar\n|-start|p2a: Gengar|Substitute\n|-damage|p2a: Gengar|76\/100\n|\n|-heal|p2a: Gengar|82\/100|[from] item: Leftovers\n|upkeep\n|turn|6\n|\n|t:|1699837096\n|move|p2a: Gengar|Shadow Ball|p1a: Sparky Boom Man\n|-damage|p1a: Sparky Boom Man|0 fnt\n|faint|p1a: Sparky Boom Man\n|-end|p1a: Sparky Boom Man|Quark Drive|[silent]\n|\n|-heal|p2a: Gengar|88\/100|[from] item: Leftovers\n|upkeep\n|\n|t:|1699837099\n|switch|p1a: Zoro|Meowscarada, M|100\/100\n|turn|7\n|\n|t:|1699837109\n|move|p1a: Zoro|Knock Off|p2a: Gengar\n|-start|p1a: Zoro|typechange|Dark|[from] ability: Protean\n|-supereffective|p2a: Gengar\n|-end|p2a: Gengar|Substitute\n|move|p2a: Gengar|Sludge Bomb|p1a: Zoro\n|-damage|p1a: Zoro|28\/100\n|-status|p1a: Zoro|psn\n|\n|-heal|p2a: Gengar|94\/100|[from] item: Leftovers\n|-damage|p1a: Zoro|16\/100 psn|[from] psn\n|upkeep\n|turn|8\n|\n|t:|1699837121\n|switch|p2a: Mandibuzz|Mandibuzz, F|100\/100\n|move|p1a: Zoro|Knock Off|p2a: Mandibuzz\n|-resisted|p2a: Mandibuzz\n|-crit|p2a: Mandibuzz\n|-damage|p2a: Mandibuzz|81\/100\n|-enditem|p2a: Mandibuzz|Heavy-Duty Boots|[from] move: Knock Off|[of] p1a: Zoro\n|\n|-damage|p1a: Zoro|4\/100 psn|[from] psn\n|upkeep\n|turn|9\n|-message|cheapwills forfeited.\n|\n|win|AkiDes\n|raw|cheapwills's rating: 1079 &rarr; <strong>1062<\/strong><br \/>(-17 for losing)\n|raw|AkiDes's rating: 1160 &rarr; <strong>1179<\/strong><br \/>(+19 for winning)\n|l|\u2606cheapwills\n","uploadtime":1699837132,"views":17,"p1id":"cheapwills","p2id":"akides","formatid":"gen9ou","rating":1062,"private":0,"password":""}