{"id":"gen9ou-1990898810","p1":"thraxxedout","p2":"MrWashin","format":"[Gen 9] OU","log":"|j|\u2606thraxxedout\n|j|\u2606MrWashin\n|t:|1700012823\n|gametype|singles\n|player|p1|thraxxedout|cynthia|1246\n|player|p2|MrWashin|brawly|1329\n|teamsize|p1|6\n|teamsize|p2|6\n|gen|9\n|tier|[Gen 9] OU\n|rated|\n|rule|Sleep Clause Mod: Limit one foe put to sleep\n|rule|Species Clause: Limit one of each Pok\u00e9mon\n|rule|OHKO Clause: OHKO moves are banned\n|rule|Evasion Items Clause: Evasion items are banned\n|rule|Evasion Moves Clause: Evasion moves are banned\n|rule|Endless Battle Clause: Forcing endless battles is banned\n|rule|HP Percentage Mod: HP is shown in percentages\n|clearpoke\n|poke|p1|Kommo-o, F|\n|poke|p1|Zamazenta-*|\n|poke|p1|Tornadus-Therian, M|\n|poke|p1|Gholdengo|\n|poke|p1|Hatterene, F|\n|poke|p1|Ting-Lu|\n|poke|p2|Manaphy|\n|poke|p2|Gholdengo|\n|poke|p2|Great Tusk|\n|poke|p2|Ribombee, M|\n|poke|p2|Ogerpon-Cornerstone, F|\n|poke|p2|Dragonite, F|\n|teampreview\n|\n|t:|1700012831\n|start\n|switch|p1a: Hatterene|Hatterene, F|100\/100\n|switch|p2a: Gholdengo|Gholdengo|100\/100\n|turn|1\n|\n|t:|1700012843\n|switch|p1a: Ting-Lu|Ting-Lu|100\/100\n|-ability|p1a: Ting-Lu|Vessel of Ruin\n|move|p2a: Gholdengo|Make It Rain|p1a: Ting-Lu\n|-damage|p1a: Ting-Lu|64\/100\n|-unboost|p2a: Gholdengo|spa|1\n|\n|-heal|p1a: Ting-Lu|71\/100|[from] item: Leftovers\n|upkeep\n|turn|2\n|\n|t:|1700012872\n|switch|p2a: Great Tusk|Great Tusk|100\/100\n|move|p1a: Ting-Lu|Stealth Rock|p2a: Great Tusk\n|-sidestart|p2: MrWashin|move: Stealth Rock\n|\n|-heal|p1a: Ting-Lu|77\/100|[from] item: Leftovers\n|upkeep\n|turn|3\n|\n|t:|1700012877\n|move|p2a: Great Tusk|Earthquake|p1a: Ting-Lu\n|-damage|p1a: Ting-Lu|56\/100\n|move|p1a: Ting-Lu|Whirlwind|p2a: Great Tusk\n|-end|p2a: Great Tusk|Protosynthesis|[silent]\n|drag|p2a: Dragonite|Dragonite, F|100\/100\n|\n|-heal|p1a: Ting-Lu|62\/100|[from] item: Leftovers\n|upkeep\n|turn|4\n|\n|t:|1700012884\n|move|p2a: Dragonite|Encore|p1a: Ting-Lu\n|-start|p1a: Ting-Lu|Encore\n|move|p1a: Ting-Lu|Whirlwind|p2a: Dragonite\n|drag|p2a: Ogerpon|Ogerpon-Cornerstone, F|100\/100\n|-damage|p2a: Ogerpon|88\/100|[from] Stealth Rock\n|\n|-heal|p1a: Ting-Lu|68\/100|[from] item: Leftovers\n|upkeep\n|turn|5\n|\n|t:|1700012896\n|switch|p1a: Shakira \ud83d\udc3a|Zamazenta, shiny|100\/100\n|-ability|p1a: Shakira \ud83d\udc3a|Dauntless Shield|boost\n|-boost|p1a: Shakira \ud83d\udc3a|def|1\n|move|p2a: Ogerpon|Horn Leech|p1a: Shakira \ud83d\udc3a\n|-damage|p1a: Shakira \ud83d\udc3a|72\/100\n|-heal|p2a: Ogerpon|100\/100|[from] drain|[of] p1a: Shakira \ud83d\udc3a\n|\n|-heal|p1a: Shakira \ud83d\udc3a|79\/100|[from] item: Leftovers\n|upkeep\n|turn|6\n|\n|t:|1700012908\n|move|p1a: Shakira \ud83d\udc3a|Iron Head|p2a: Ogerpon\n|-supereffective|p2a: Ogerpon\n|-damage|p2a: Ogerpon|18\/100\n|move|p2a: Ogerpon|Knock Off|p1a: Shakira \ud83d\udc3a\n|-resisted|p1a: Shakira \ud83d\udc3a\n|-damage|p1a: Shakira \ud83d\udc3a|67\/100\n|-enditem|p1a: Shakira \ud83d\udc3a|Leftovers|[from] move: Knock Off|[of] p2a: Ogerpon\n|\n|upkeep\n|turn|7\n|\n|t:|1700012919\n|switch|p2a: Gholdengo|Gholdengo|100\/100\n|-damage|p2a: Gholdengo|94\/100|[from] Stealth Rock\n|move|p1a: Shakira \ud83d\udc3a|Iron Defense|p1a: Shakira \ud83d\udc3a\n|-boost|p1a: Shakira \ud83d\udc3a|def|2\n|\n|upkeep\n|turn|8\n|\n|t:|1700012925\n|move|p2a: Gholdengo|Dazzling Gleam|p1a: Shakira \ud83d\udc3a\n|-supereffective|p1a: Shakira \ud83d\udc3a\n|-damage|p1a: Shakira \ud83d\udc3a|13\/100\n|move|p1a: Shakira \ud83d\udc3a|Crunch|p2a: Gholdengo\n|-supereffective|p2a: Gholdengo\n|-damage|p2a: Gholdengo|25\/100\n|\n|upkeep\n|turn|9\n|\n|t:|1700012938\n|switch|p1a: Valeria \u2747\ufe0f|Tornadus-Therian, M, shiny|100\/100\n|move|p2a: Gholdengo|Dazzling Gleam|p1a: Valeria \u2747\ufe0f\n|-damage|p1a: Valeria \u2747\ufe0f|81\/100\n|\n|upkeep\n|turn|10\n|\n|t:|1700012943\n|move|p2a: Gholdengo|Dazzling Gleam|p1a: Valeria \u2747\ufe0f\n|-damage|p1a: Valeria \u2747\ufe0f|61\/100\n|move|p1a: Valeria \u2747\ufe0f|Heat Wave|p2a: Gholdengo|[miss]\n|-miss|p1a: Valeria \u2747\ufe0f|p2a: Gholdengo\n|\n|upkeep\n|turn|11\n|\n|t:|1700012948\n|switch|p2a: Manaphy|Manaphy|100\/100\n|-damage|p2a: Manaphy|88\/100|[from] Stealth Rock\n|move|p1a: Valeria \u2747\ufe0f|Heat Wave|p2a: Manaphy\n|-resisted|p2a: Manaphy\n|-crit|p2a: Manaphy\n|-damage|p2a: Manaphy|70\/100\n|\n|-heal|p2a: Manaphy|76\/100|[from] item: Leftovers\n|upkeep\n|turn|12\n|\n|t:|1700012954\n|switch|p1a: Iris \ud83d\udd31|Gholdengo, shiny|100\/100\n|move|p2a: Manaphy|Take Heart|p2a: Manaphy\n|-boost|p2a: Manaphy|spa|1\n|-boost|p2a: Manaphy|spd|1\n|\n|-heal|p2a: Manaphy|83\/100|[from] item: Leftovers\n|upkeep\n|turn|13\n|\n|t:|1700012958\n|move|p1a: Iris \ud83d\udd31|Trick|p2a: Manaphy\n|-activate|p1a: Iris \ud83d\udd31|move: Trick|[of] p2a: Manaphy\n|-item|p2a: Manaphy|Choice Scarf|[from] move: Trick\n|-item|p1a: Iris \ud83d\udd31|Leftovers|[from] move: Trick\n|move|p2a: Manaphy|Scald|p1a: Iris \ud83d\udd31\n|-damage|p1a: Iris \ud83d\udd31|39\/100\n|-status|p1a: Iris \ud83d\udd31|brn\n|\n|-heal|p1a: Iris \ud83d\udd31|45\/100 brn|[from] item: Leftovers\n|-damage|p1a: Iris \ud83d\udd31|39\/100 brn|[from] brn\n|upkeep\n|turn|14\n|\n|t:|1700012978\n|move|p2a: Manaphy|Scald|p1a: Iris \ud83d\udd31\n|-damage|p1a: Iris \ud83d\udd31|0 fnt\n|faint|p1a: Iris \ud83d\udd31\n|\n|upkeep\n|\n|t:|1700012981\n|switch|p1a: Hatterene|Hatterene, F|100\/100\n|turn|15\n|\n|t:|1700012987\n|move|p2a: Manaphy|Scald|p1a: Hatterene\n|-damage|p1a: Hatterene|48\/100\n|-enditem|p1a: Hatterene|Red Card|[of] p2a: Manaphy\n|drag|p2a: Ogerpon|Ogerpon-Cornerstone, F|18\/100\n|-damage|p2a: Ogerpon|6\/100|[from] Stealth Rock\n|move|p1a: Hatterene|Nuzzle|p2a: Ogerpon\n|-resisted|p2a: Ogerpon\n|-damage|p2a: Ogerpon|3\/100\n|-status|p2a: Ogerpon|par\n|\n|upkeep\n|turn|16\n|\n|t:|1700013002\n|move|p2a: Ogerpon|Horn Leech|p1a: Hatterene\n|-damage|p1a: Hatterene|0 fnt\n|-heal|p2a: Ogerpon|25\/100 par|[from] drain|[of] p1a: Hatterene\n|faint|p1a: Hatterene\n|\n|upkeep\n|\n|t:|1700013006\n|switch|p1a: Shakira \ud83d\udc3a|Zamazenta, shiny|13\/100\n|turn|17\n|\n|t:|1700013012\n|move|p1a: Shakira \ud83d\udc3a|Body Press|p2a: Ogerpon\n|-supereffective|p2a: Ogerpon\n|-damage|p2a: Ogerpon|0 fnt\n|faint|p2a: Ogerpon\n|\n|upkeep\n|\n|t:|1700013022\n|switch|p2a: Dragonite|Dragonite, F|100\/100\n|turn|18\n|\n|t:|1700013031\n|switch|p1a: Ting-Lu|Ting-Lu|68\/100\n|-ability|p1a: Ting-Lu|Vessel of Ruin\n|move|p2a: Dragonite|Extreme Speed|p1a: Ting-Lu\n|-damage|p1a: Ting-Lu|55\/100\n|\n|-heal|p1a: Ting-Lu|61\/100|[from] item: Leftovers\n|upkeep\n|turn|19\n|\n|t:|1700013041\n|move|p2a: Dragonite|Dragon Dance|p2a: Dragonite\n|-boost|p2a: Dragonite|atk|1\n|-boost|p2a: Dragonite|spe|1\n|move|p1a: Ting-Lu|Ruination|p2a: Dragonite\n|-damage|p2a: Dragonite|51\/100\n|\n|-heal|p1a: Ting-Lu|67\/100|[from] item: Leftovers\n|upkeep\n|turn|20\n|\n|t:|1700013044\n|move|p2a: Dragonite|Encore|p1a: Ting-Lu\n|-start|p1a: Ting-Lu|Encore\n|move|p1a: Ting-Lu|Ruination|p2a: Dragonite\n|-damage|p2a: Dragonite|26\/100\n|\n|-heal|p1a: Ting-Lu|73\/100|[from] item: Leftovers\n|upkeep\n|turn|21\n|\n|t:|1700013070\n|move|p2a: Dragonite|Dragon Dance|p2a: Dragonite\n|-boost|p2a: Dragonite|atk|1\n|-boost|p2a: Dragonite|spe|1\n|move|p1a: Ting-Lu|Ruination|p2a: Dragonite\n|-damage|p2a: Dragonite|13\/100\n|\n|-heal|p1a: Ting-Lu|79\/100|[from] item: Leftovers\n|upkeep\n|turn|22\n|\n|t:|1700013087\n|move|p2a: Dragonite|Dragon Dance|p2a: Dragonite\n|-boost|p2a: Dragonite|atk|1\n|-boost|p2a: Dragonite|spe|1\n|move|p1a: Ting-Lu|Ruination|p2a: Dragonite\n|-damage|p2a: Dragonite|7\/100\n|\n|-heal|p1a: Ting-Lu|86\/100|[from] item: Leftovers\n|-end|p1a: Ting-Lu|Encore\n|upkeep\n|turn|23\n|\n|t:|1700013097\n|-terastallize|p2a: Dragonite|Normal\n|-terastallize|p1a: Ting-Lu|Ghost\n|move|p2a: Dragonite|Extreme Speed|p1a: Ting-Lu\n|-immune|p1a: Ting-Lu\n|move|p1a: Ting-Lu|Whirlwind|p2a: Dragonite\n|drag|p2a: Ribombee|Ribombee, M|100\/100\n|-damage|p2a: Ribombee|76\/100|[from] Stealth Rock\n|\n|-heal|p1a: Ting-Lu|92\/100|[from] item: Leftovers\n|upkeep\n|turn|24\n|c|\u2606MrWashin|ok that\u2019s a gag\n|\n|t:|1700013121\n|move|p2a: Ribombee|Sticky Web|p1a: Ting-Lu\n|-sidestart|p1: thraxxedout|move: Sticky Web\n|move|p1a: Ting-Lu|Earthquake|p2a: Ribombee\n|-resisted|p2a: Ribombee\n|-damage|p2a: Ribombee|37\/100\n|\n|-heal|p1a: Ting-Lu|98\/100|[from] item: Leftovers\n|upkeep\n|turn|25\n|\n|t:|1700013124\n|move|p2a: Ribombee|Stun Spore|p1a: Ting-Lu\n|-status|p1a: Ting-Lu|par\n|move|p1a: Ting-Lu|Earthquake|p2a: Ribombee\n|-resisted|p2a: Ribombee\n|-damage|p2a: Ribombee|0 fnt\n|faint|p2a: Ribombee\n|\n|-heal|p1a: Ting-Lu|100\/100 par|[from] item: Leftovers\n|upkeep\n|\n|t:|1700013133\n|switch|p2a: Dragonite|Dragonite, F, tera:Normal|7\/100\n|turn|26\n|\n|t:|1700013137\n|move|p2a: Dragonite|Encore|p1a: Ting-Lu\n|-start|p1a: Ting-Lu|Encore\n|move|p1a: Ting-Lu|Earthquake|p2a: Dragonite\n|-damage|p2a: Dragonite|0 fnt\n|faint|p2a: Dragonite\n|\n|upkeep\n|\n|t:|1700013143\n|switch|p2a: Great Tusk|Great Tusk|100\/100\n|turn|27\n|\n|t:|1700013168\n|switch|p1a: Valeria \u2747\ufe0f|Tornadus-Therian, M, shiny|94\/100\n|move|p2a: Great Tusk|Earthquake|p1a: Valeria \u2747\ufe0f\n|-immune|p1a: Valeria \u2747\ufe0f\n|\n|upkeep\n|turn|28\n|\n|t:|1700013173\n|move|p1a: Valeria \u2747\ufe0f|Bleakwind Storm|p2a: Great Tusk\n|-supereffective|p2a: Great Tusk\n|-damage|p2a: Great Tusk|0 fnt\n|faint|p2a: Great Tusk\n|-end|p2a: Great Tusk|Protosynthesis|[silent]\n|\n|upkeep\n|\n|t:|1700013175\n|switch|p2a: Manaphy|Manaphy|83\/100\n|-damage|p2a: Manaphy|70\/100|[from] Stealth Rock\n|turn|29\n|\n|t:|1700013200\n|move|p2a: Manaphy|Take Heart|p2a: Manaphy\n|-boost|p2a: Manaphy|spa|1\n|-boost|p2a: Manaphy|spd|1\n|move|p1a: Valeria \u2747\ufe0f|Bleakwind Storm|p2a: Manaphy\n|-damage|p2a: Manaphy|46\/100\n|\n|upkeep\n|turn|30\n|-message|MrWashin forfeited.\n|\n|win|thraxxedout\n|raw|thraxxedout's rating: 1269 &rarr; <strong>1298<\/strong><br \/>(+29 for winning)\n|raw|MrWashin's rating: 1329 &rarr; <strong>1306<\/strong><br \/>(-23 for losing)\n|l|\u2606MrWashin\n","uploadtime":1700013234,"views":30,"p1id":"thraxxedout","p2id":"mrwashin","formatid":"gen9ou","rating":1298,"private":0,"password":""}