{"id":"gen9ou-1995318035","p1":"SycoBeastOP","p2":"kitty_Venom","format":"[Gen 9] OU","log":"|j|\u2606SycoBeastOP\n|j|\u2606kitty_Venom\n|t:|1700552743\n|gametype|singles\n|player|p1|SycoBeastOP|102|1338\n|player|p2|kitty_Venom|clair|1313\n|teamsize|p1|6\n|teamsize|p2|6\n|gen|9\n|tier|[Gen 9] OU\n|rated|\n|rule|Sleep Clause Mod: Limit one foe put to sleep\n|rule|Species Clause: Limit one of each Pok\u00e9mon\n|rule|OHKO Clause: OHKO moves are banned\n|rule|Evasion Items Clause: Evasion items are banned\n|rule|Evasion Moves Clause: Evasion moves are banned\n|rule|Endless Battle Clause: Forcing endless battles is banned\n|rule|HP Percentage Mod: HP is shown in percentages\n|clearpoke\n|poke|p1|Zarude-Dada|\n|poke|p1|Empoleon, F|\n|poke|p1|Great Tusk|\n|poke|p1|Ceruledge, F|\n|poke|p1|Zapdos|\n|poke|p1|Scizor, M|\n|poke|p2|Dragonite, M|\n|poke|p2|Thundurus-Therian, M|\n|poke|p2|Ogerpon-Wellspring, F|\n|poke|p2|Gholdengo|\n|poke|p2|Slowking-Galar, M|\n|poke|p2|Great Tusk|\n|teampreview\n|inactive|Battle timer is ON: inactive players will automatically lose when time's up. (requested by kitty_Venom)\n|\n|t:|1700552769\n|start\n|switch|p1a: Empoleon|Empoleon, F, shiny|100\/100\n|switch|p2a: Magi|Thundurus-Therian, M|100\/100\n|turn|1\n|\n|t:|1700552777\n|switch|p1a: Great Tusk|Great Tusk, shiny|100\/100\n|move|p2a: Magi|U-turn|p1a: Great Tusk\n|-resisted|p1a: Great Tusk\n|-damage|p1a: Great Tusk|95\/100\n|\n|t:|1700552791\n|switch|p2a: RhinoPill|Great Tusk|100\/100|[from] U-turn\n|\n|upkeep\n|turn|2\n|\n|t:|1700552803\n|-end|p1a: Great Tusk|Protosynthesis|[silent]\n|switch|p1a: Zapdos|Zapdos|100\/100\n|move|p2a: RhinoPill|Stealth Rock|p1a: Zapdos\n|-sidestart|p1: SycoBeastOP|move: Stealth Rock\n|\n|upkeep\n|turn|3\n|\n|t:|1700552811\n|-end|p2a: RhinoPill|Protosynthesis|[silent]\n|switch|p2a: STI|Slowking-Galar, M, shiny|100\/100\n|move|p1a: Zapdos|U-turn|p2a: STI\n|-damage|p2a: STI|87\/100\n|\n|t:|1700552817\n|switch|p1a: Great Tusk|Great Tusk, shiny|95\/100|[from] U-turn\n|-damage|p1a: Great Tusk|92\/100|[from] Stealth Rock\n|\n|upkeep\n|turn|4\n|\n|t:|1700552822\n|switch|p2a: Cheese Touch|Gholdengo|100\/100\n|-item|p2a: Cheese Touch|Air Balloon\n|move|p1a: Great Tusk|Headlong Rush|p2a: Cheese Touch\n|-immune|p2a: Cheese Touch\n|\n|upkeep\n|turn|5\n|\n|t:|1700552831\n|move|p1a: Great Tusk|Ice Spinner|p2a: Cheese Touch\n|-resisted|p2a: Cheese Touch\n|-damage|p2a: Cheese Touch|90\/100\n|-enditem|p2a: Cheese Touch|Air Balloon\n|move|p2a: Cheese Touch|Shadow Ball|p1a: Great Tusk\n|-damage|p1a: Great Tusk|64\/100\n|-unboost|p1a: Great Tusk|spd|1\n|\n|upkeep\n|turn|6\n|\n|t:|1700552845\n|-end|p1a: Great Tusk|Protosynthesis|[silent]\n|switch|p1a: Empoleon|Empoleon, F, shiny|100\/100\n|-damage|p1a: Empoleon|94\/100|[from] Stealth Rock\n|switch|p2a: RhinoPill|Great Tusk|100\/100\n|\n|-heal|p1a: Empoleon|100\/100|[from] item: Leftovers\n|upkeep\n|turn|7\n|\n|t:|1700552852\n|move|p2a: RhinoPill|Close Combat|p1a: Empoleon\n|-supereffective|p1a: Empoleon\n|-damage|p1a: Empoleon|8\/100\n|-unboost|p2a: RhinoPill|def|1\n|-unboost|p2a: RhinoPill|spd|1\n|move|p1a: Empoleon|Stealth Rock|p2a: RhinoPill\n|-sidestart|p2: kitty_Venom|move: Stealth Rock\n|\n|-heal|p1a: Empoleon|14\/100|[from] item: Leftovers\n|upkeep\n|turn|8\n|\n|t:|1700552859\n|switch|p1a: Zapdos|Zapdos|100\/100\n|move|p2a: RhinoPill|Rapid Spin|p1a: Zapdos\n|-damage|p1a: Zapdos|87\/100\n|-boost|p2a: RhinoPill|spe|1\n|-sideend|p2: kitty_Venom|Stealth Rock|[from] move: Rapid Spin|[of] p2a: RhinoPill\n|\n|upkeep\n|turn|9\n|\n|t:|1700552867\n|-end|p2a: RhinoPill|Protosynthesis|[silent]\n|switch|p2a: STI|Slowking-Galar, M, shiny|100\/100\n|move|p1a: Zapdos|Hurricane|p2a: STI\n|-damage|p2a: STI|82\/100\n|-start|p2a: STI|confusion\n|\n|upkeep\n|turn|10\n|\n|t:|1700552882\n|move|p1a: Zapdos|Thunderbolt|p2a: STI\n|-damage|p2a: STI|67\/100\n|-activate|p2a: STI|confusion\n|move|p2a: STI|Ice Beam|p1a: Zapdos\n|-supereffective|p1a: Zapdos\n|-damage|p1a: Zapdos|46\/100\n|\n|upkeep\n|turn|11\n|\n|t:|1700552887\n|move|p1a: Zapdos|U-turn|p2a: STI\n|-damage|p2a: STI|54\/100\n|\n|t:|1700552891\n|switch|p1a: Great Tusk|Great Tusk, shiny|64\/100|[from] U-turn\n|-damage|p1a: Great Tusk|61\/100|[from] Stealth Rock\n|-activate|p2a: STI|confusion\n|move|p2a: STI|Future Sight|p1a: Great Tusk\n|-start|p2a: STI|move: Future Sight\n|\n|upkeep\n|turn|12\n|\n|t:|1700552902\n|switch|p2a: RhinoPill|Great Tusk|100\/100\n|move|p1a: Great Tusk|Headlong Rush|p2a: RhinoPill\n|-damage|p2a: RhinoPill|66\/100\n|-unboost|p1a: Great Tusk|def|1\n|-unboost|p1a: Great Tusk|spd|1\n|\n|-heal|p2a: RhinoPill|72\/100|[from] item: Leftovers\n|upkeep\n|turn|13\n|\n|t:|1700552910\n|move|p2a: RhinoPill|Close Combat|p1a: Great Tusk\n|-damage|p1a: Great Tusk|6\/100\n|-unboost|p2a: RhinoPill|def|1\n|-unboost|p2a: RhinoPill|spd|1\n|move|p1a: Great Tusk|Rapid Spin|p2a: RhinoPill\n|-damage|p2a: RhinoPill|58\/100\n|-boost|p1a: Great Tusk|spe|1\n|-sideend|p1: SycoBeastOP|Stealth Rock|[from] move: Rapid Spin|[of] p1a: Great Tusk\n|\n|-end|p1a: Great Tusk|move: Future Sight\n|-supereffective|p1a: Great Tusk\n|-damage|p1a: Great Tusk|0 fnt\n|faint|p1a: Great Tusk\n|-end|p1a: Great Tusk|Protosynthesis|[silent]\n|-heal|p2a: RhinoPill|64\/100|[from] item: Leftovers\n|upkeep\n|\n|t:|1700552931\n|switch|p1a: Zarude|Zarude-Dada|100\/100\n|turn|14\n|\n|t:|1700552940\n|-end|p2a: RhinoPill|Protosynthesis|[silent]\n|switch|p2a: Cheese Touch|Gholdengo|90\/100\n|move|p1a: Zarude|Power Whip|p2a: Cheese Touch\n|-resisted|p2a: Cheese Touch\n|-damage|p2a: Cheese Touch|69\/100\n|\n|upkeep\n|turn|15\n|\n|t:|1700552951\n|move|p1a: Zarude|Bulk Up|p1a: Zarude\n|-boost|p1a: Zarude|atk|1\n|-boost|p1a: Zarude|def|1\n|move|p2a: Cheese Touch|Nasty Plot|p2a: Cheese Touch\n|-boost|p2a: Cheese Touch|spa|2\n|\n|upkeep\n|turn|16\n|\n|t:|1700552960\n|-terastallize|p2a: Cheese Touch|Fairy\n|move|p1a: Zarude|Power Whip|p2a: Cheese Touch\n|-damage|p2a: Cheese Touch|0 fnt\n|faint|p2a: Cheese Touch\n|\n|upkeep\n|\n|t:|1700552977\n|switch|p2a: Chubbs|Dragonite, M|100\/100\n|turn|17\n|\n|t:|1700552986\n|switch|p1a: Zapdos|Zapdos|46\/100\n|move|p2a: Chubbs|Ice Spinner|p1a: Zapdos\n|-supereffective|p1a: Zapdos\n|-damage|p1a: Zapdos|0 fnt\n|faint|p1a: Zapdos\n|\n|upkeep\n|\n|t:|1700552998\n|switch|p1a: Scizor|Scizor, M|100\/100\n|turn|18\n|\n|t:|1700553002\n|move|p2a: Chubbs|Earthquake|p1a: Scizor\n|-damage|p1a: Scizor|63\/100\n|move|p1a: Scizor|Swords Dance|p1a: Scizor\n|-boost|p1a: Scizor|atk|2\n|\n|upkeep\n|turn|19\n|\n|t:|1700553009\n|switch|p2a: RhinoPill|Great Tusk|64\/100\n|move|p1a: Scizor|Bullet Punch|p2a: RhinoPill\n|-damage|p2a: RhinoPill|14\/100\n|-damage|p1a: Scizor|54\/100|[from] item: Life Orb\n|\n|-heal|p2a: RhinoPill|20\/100|[from] item: Leftovers\n|upkeep\n|turn|20\n|\n|t:|1700553016\n|move|p1a: Scizor|Bullet Punch|p2a: RhinoPill\n|-damage|p2a: RhinoPill|0 fnt\n|faint|p2a: RhinoPill\n|-end|p2a: RhinoPill|Protosynthesis|[silent]\n|-damage|p1a: Scizor|44\/100|[from] item: Life Orb\n|\n|upkeep\n|\n|t:|1700553024\n|switch|p2a: Dream|Ogerpon-Wellspring, F|100\/100\n|turn|21\n|\n|t:|1700553028\n|move|p1a: Scizor|Bullet Punch|p2a: Dream\n|-resisted|p2a: Dream\n|-damage|p2a: Dream|47\/100\n|-damage|p1a: Scizor|34\/100|[from] item: Life Orb\n|move|p2a: Dream|Ivy Cudgel|p1a: Scizor|[anim] Ivy Cudgel Water\n|-damage|p1a: Scizor|0 fnt\n|faint|p1a: Scizor\n|\n|upkeep\n|\n|t:|1700553055\n|switch|p1a: Ceruledge|Ceruledge, F|100\/100\n|turn|22\n|\n|t:|1700553061\n|move|p2a: Dream|Ivy Cudgel|p1a: Ceruledge|[anim] Ivy Cudgel Water\n|-supereffective|p1a: Ceruledge\n|-enditem|p1a: Ceruledge|Focus Sash\n|-damage|p1a: Ceruledge|1\/100\n|-ability|p1a: Ceruledge|Weak Armor|boost\n|-unboost|p1a: Ceruledge|def|1\n|-boost|p1a: Ceruledge|spe|2\n|move|p1a: Ceruledge|Swords Dance|p1a: Ceruledge\n|-boost|p1a: Ceruledge|atk|2\n|\n|upkeep\n|turn|23\n|\n|t:|1700553070\n|move|p1a: Ceruledge|Bitter Blade|p2a: Dream\n|-damage|p2a: Dream|0 fnt\n|-heal|p1a: Ceruledge|25\/100|[from] drain|[of] p2a: Dream\n|faint|p2a: Dream\n|\n|upkeep\n|\n|t:|1700553078\n|switch|p2a: Chubbs|Dragonite, M|100\/100\n|turn|24\n|\n|t:|1700553083\n|move|p1a: Ceruledge|Bitter Blade|p2a: Chubbs\n|-resisted|p2a: Chubbs\n|-damage|p2a: Chubbs|77\/100\n|-heal|p1a: Ceruledge|38\/100|[from] drain|[of] p2a: Chubbs\n|move|p2a: Chubbs|Earthquake|p1a: Ceruledge\n|-supereffective|p1a: Ceruledge\n|-damage|p1a: Ceruledge|0 fnt\n|faint|p1a: Ceruledge\n|\n|upkeep\n|\n|t:|1700553089\n|switch|p1a: Empoleon|Empoleon, F, shiny|14\/100\n|turn|25\n|\n|t:|1700553092\n|move|p2a: Chubbs|Earthquake|p1a: Empoleon\n|-supereffective|p1a: Empoleon\n|-damage|p1a: Empoleon|0 fnt\n|faint|p1a: Empoleon\n|\n|upkeep\n|\n|t:|1700553095\n|switch|p1a: Zarude|Zarude-Dada|100\/100\n|turn|26\n|\n|t:|1700553102\n|move|p1a: Zarude|Close Combat|p2a: Chubbs\n|-resisted|p2a: Chubbs\n|-damage|p2a: Chubbs|57\/100\n|-unboost|p1a: Zarude|def|1\n|-unboost|p1a: Zarude|spd|1\n|move|p2a: Chubbs|Ice Spinner|p1a: Zarude\n|-supereffective|p1a: Zarude\n|-damage|p1a: Zarude|8\/100\n|\n|upkeep\n|turn|27\n|\n|t:|1700553106\n|move|p2a: Chubbs|Extreme Speed|p1a: Zarude\n|-damage|p1a: Zarude|0 fnt\n|faint|p1a: Zarude\n|\n|win|kitty_Venom\n|raw|SycoBeastOP's rating: 1338 &rarr; <strong>1317<\/strong><br \/>(-21 for losing)\n|raw|kitty_Venom's rating: 1313 &rarr; <strong>1334<\/strong><br \/>(+21 for winning)\n|l|\u2606SycoBeastOP\n","uploadtime":1700553139,"views":10,"p1id":"sycobeastop","p2id":"kittyvenom","formatid":"gen9ou","rating":1317,"private":0,"password":""}