{"id":"gen9ou-1996711363","p1":"sneasler user","p2":"roamflag","format":"[Gen 9] OU","log":"|j|\u2606sneasler user\n|j|\u2606roamflag\n|t:|1700712991\n|gametype|singles\n|player|p1|sneasler user|266|1549\n|player|p2|roamflag|hilda-wonderlauncher|1589\n|teamsize|p1|6\n|teamsize|p2|6\n|gen|9\n|tier|[Gen 9] OU\n|rated|\n|rule|Sleep Clause Mod: Limit one foe put to sleep\n|rule|Species Clause: Limit one of each Pok\u00e9mon\n|rule|OHKO Clause: OHKO moves are banned\n|rule|Evasion Items Clause: Evasion items are banned\n|rule|Evasion Moves Clause: Evasion moves are banned\n|rule|Endless Battle Clause: Forcing endless battles is banned\n|rule|HP Percentage Mod: HP is shown in percentages\n|clearpoke\n|poke|p1|Slowking-Galar, F|\n|poke|p1|Alomomola, M|\n|poke|p1|Dragonite, M|\n|poke|p1|Great Tusk|\n|poke|p1|Ogerpon-Cornerstone, F|\n|poke|p1|Ninetales-Alola, M|\n|poke|p2|Pelipper, F|\n|poke|p2|Greninja-*, M|\n|poke|p2|Basculegion, M|\n|poke|p2|Sandy Shocks|\n|poke|p2|Scizor, F|\n|poke|p2|Zapdos|\n|teampreview\n|inactive|Battle timer is ON: inactive players will automatically lose when time's up. (requested by roamflag)\n|\n|t:|1700713001\n|start\n|switch|p1a: Slowking|Slowking-Galar, F|100\/100\n|switch|p2a: \u7ba1\u98ce\u7434|Scizor, F|100\/100\n|turn|1\n|\n|t:|1700713004\n|switch|p1a: Alomomola|Alomomola, M|100\/100\n|move|p2a: \u7ba1\u98ce\u7434|Thief|p1a: Alomomola\n|-damage|p1a: Alomomola|81\/100\n|-enditem|p1a: Alomomola|Red Card|[of] p2a: \u7ba1\u98ce\u7434\n|drag|p2a: \u5929\u9876|Pelipper, F|100\/100\n|-weather|RainDance|[from] ability: Drizzle|[of] p2a: \u5929\u9876\n|\n|-weather|RainDance|[upkeep]\n|upkeep\n|turn|2\n|j| rugrattt\n|\n|t:|1700713012\n|move|p2a: \u5929\u9876|U-turn|p1a: Alomomola\n|-damage|p1a: Alomomola|76\/100\n|\n|t:|1700713017\n|switch|p2a: \u66b4\u98ce|Zapdos|100\/100|[from] U-turn\n|-ability|p2a: \u66b4\u98ce|Pressure\n|move|p1a: Alomomola|Flip Turn|p2a: \u66b4\u98ce\n|-damage|p2a: \u66b4\u98ce|78\/100\n|\n|t:|1700713027\n|switch|p1a: Ninetales|Ninetales-Alola, M|100\/100|[from] Flip Turn\n|-weather|Snow|[from] ability: Snow Warning|[of] p1a: Ninetales\n|\n|-weather|Snow|[upkeep]\n|upkeep\n|turn|3\n|\n|t:|1700713044\n|move|p1a: Ninetales|Blizzard|p2a: \u66b4\u98ce\n|-supereffective|p2a: \u66b4\u98ce\n|-damage|p2a: \u66b4\u98ce|0 fnt\n|faint|p2a: \u66b4\u98ce\n|\n|-weather|Snow|[upkeep]\n|upkeep\n|\n|t:|1700713050\n|switch|p2a: \u7ba1\u98ce\u7434|Scizor, F|100\/100\n|turn|4\n|\n|t:|1700713055\n|switch|p1a: Alomomola|Alomomola, M|100\/100\n|move|p2a: \u7ba1\u98ce\u7434|U-turn|p1a: Alomomola\n|-damage|p1a: Alomomola|76\/100\n|\n|t:|1700713059\n|switch|p2a: \u730e\u6237\u5ea7|Sandy Shocks|100\/100|[from] U-turn\n|-enditem|p2a: \u730e\u6237\u5ea7|Booster Energy\n|-activate|p2a: \u730e\u6237\u5ea7|ability: Protosynthesis|[fromitem]\n|-start|p2a: \u730e\u6237\u5ea7|protosynthesisspe\n|\n|-weather|Snow|[upkeep]\n|upkeep\n|turn|5\n|\n|t:|1700713070\n|switch|p1a: Dragonite|Dragonite, M|100\/100\n|move|p2a: \u730e\u6237\u5ea7|Stealth Rock|p1a: Dragonite\n|-sidestart|p1: sneasler user|move: Stealth Rock\n|\n|-weather|Snow|[upkeep]\n|upkeep\n|turn|6\n|\n|t:|1700713077\n|move|p2a: \u730e\u6237\u5ea7|Thunderbolt|p1a: Dragonite\n|-damage|p1a: Dragonite|79\/100\n|move|p1a: Dragonite|Outrage|p2a: \u730e\u6237\u5ea7\n|-damage|p2a: \u730e\u6237\u5ea7|0 fnt\n|faint|p2a: \u730e\u6237\u5ea7\n|-end|p2a: \u730e\u6237\u5ea7|Protosynthesis|[silent]\n|\n|-weather|none\n|upkeep\n|\n|t:|1700713085\n|switch|p2a: \u7ba1\u98ce\u7434|Scizor, F|100\/100\n|turn|7\n|\n|t:|1700713092\n|move|p1a: Dragonite|Outrage|p2a: \u7ba1\u98ce\u7434|[from]lockedmove\n|-resisted|p2a: \u7ba1\u98ce\u7434\n|-damage|p2a: \u7ba1\u98ce\u7434|46\/100\n|move|p2a: \u7ba1\u98ce\u7434|Thief|p1a: Dragonite\n|-damage|p1a: Dragonite|44\/100\n|\n|upkeep\n|turn|8\n|\n|t:|1700713098\n|move|p2a: \u7ba1\u98ce\u7434|Bullet Punch|p1a: Dragonite\n|-damage|p1a: Dragonite|3\/100\n|move|p1a: Dragonite|Outrage|p2a: \u7ba1\u98ce\u7434|[from]lockedmove\n|-resisted|p2a: \u7ba1\u98ce\u7434\n|-damage|p2a: \u7ba1\u98ce\u7434|0 fnt\n|faint|p2a: \u7ba1\u98ce\u7434\n|-start|p1a: Dragonite|confusion|[fatigue]\n|\n|upkeep\n|\n|t:|1700713103\n|switch|p2a: \u51b7\u96e8|Greninja, M|100\/100\n|turn|9\n|l| rugrattt\n|\n|t:|1700713120\n|switch|p1a: Slowking|Slowking-Galar, F|100\/100\n|-damage|p1a: Slowking|88\/100|[from] Stealth Rock\n|move|p2a: \u51b7\u96e8|Dark Pulse|p1a: Slowking\n|-supereffective|p1a: Slowking\n|-damage|p1a: Slowking|42\/100\n|\n|-heal|p1a: Slowking|48\/100|[from] item: Black Sludge\n|upkeep\n|turn|10\n|\n|t:|1700713130\n|switch|p1a: Great Tusk|Great Tusk|100\/100\n|-damage|p1a: Great Tusk|98\/100|[from] Stealth Rock\n|-enditem|p1a: Great Tusk|Booster Energy\n|-activate|p1a: Great Tusk|ability: Protosynthesis|[fromitem]\n|-start|p1a: Great Tusk|protosynthesisatk\n|-terastallize|p2a: \u51b7\u96e8|Water\n|move|p2a: \u51b7\u96e8|Surf|p1a: Great Tusk\n|-supereffective|p1a: Great Tusk\n|-damage|p1a: Great Tusk|0 fnt\n|faint|p1a: Great Tusk\n|-end|p1a: Great Tusk|Protosynthesis|[silent]\n|-ability|p2a: \u51b7\u96e8|Battle Bond|boost\n|-boost|p2a: \u51b7\u96e8|atk|1\n|-boost|p2a: \u51b7\u96e8|spa|1\n|-boost|p2a: \u51b7\u96e8|spe|1\n|-activate|p2a: \u51b7\u96e8|ability: Battle Bond\n|\n|upkeep\n|j| HorizonEagle553\n|l| HorizonEagle553\n|\n|t:|1700713151\n|switch|p1a: Slowking|Slowking-Galar, F|81\/100\n|-damage|p1a: Slowking|69\/100|[from] Stealth Rock\n|turn|11\n|\n|t:|1700713161\n|-terastallize|p1a: Slowking|Fairy\n|move|p2a: \u51b7\u96e8|Surf|p1a: Slowking\n|-damage|p1a: Slowking|8\/100\n|move|p1a: Slowking|Sludge Bomb|p2a: \u51b7\u96e8\n|-damage|p2a: \u51b7\u96e8|43\/100\n|\n|-damage|p1a: Slowking|0 fnt|[from] item: Black Sludge\n|faint|p1a: Slowking\n|upkeep\n|\n|t:|1700713171\n|switch|p1a: Alomomola|Alomomola, M|100\/100\n|-damage|p1a: Alomomola|88\/100|[from] Stealth Rock\n|turn|12\n|\n|t:|1700713176\n|move|p2a: \u51b7\u96e8|Surf|p1a: Alomomola\n|-resisted|p1a: Alomomola\n|-damage|p1a: Alomomola|42\/100\n|move|p1a: Alomomola|Acrobatics|p2a: \u51b7\u96e8\n|-damage|p2a: \u51b7\u96e8|6\/100\n|\n|upkeep\n|turn|13\n|\n|t:|1700713184\n|switch|p1a: Dragonite|Dragonite, M|3\/100\n|-damage|p1a: Dragonite|0 fnt|[from] Stealth Rock\n|faint|p1a: Dragonite\n|move|p2a: \u51b7\u96e8|Surf|p1: Dragonite|[notarget]\n|-fail|p2a: \u51b7\u96e8\n|\n|upkeep\n|\n|t:|1700713191\n|switch|p1a: Alomomola|Alomomola, M|75\/100\n|-damage|p1a: Alomomola|63\/100|[from] Stealth Rock\n|turn|14\n|\n|t:|1700713195\n|move|p2a: \u51b7\u96e8|Dark Pulse|p1a: Alomomola\n|-damage|p1a: Alomomola|19\/100\n|cant|p1a: Alomomola|flinch\n|\n|upkeep\n|turn|15\n|\n|t:|1700713203\n|move|p2a: \u51b7\u96e8|Surf|p1a: Alomomola\n|-resisted|p1a: Alomomola\n|-damage|p1a: Alomomola|0 fnt\n|faint|p1a: Alomomola\n|\n|upkeep\n|\n|t:|1700713205\n|switch|p1a: Ogerpon|Ogerpon-Cornerstone, F|100\/100\n|-damage|p1a: Ogerpon|88\/100|[from] Stealth Rock\n|turn|16\n|\n|t:|1700713208\n|move|p2a: \u51b7\u96e8|Ice Beam|p1a: Ogerpon\n|-supereffective|p1a: Ogerpon\n|-damage|p1a: Ogerpon|0 fnt\n|faint|p1a: Ogerpon\n|\n|upkeep\n|\n|t:|1700713210\n|switch|p1a: Ninetales|Ninetales-Alola, M|100\/100\n|-damage|p1a: Ninetales|76\/100|[from] Stealth Rock\n|-weather|Snow|[from] ability: Snow Warning|[of] p1a: Ninetales\n|turn|17\n|\n|t:|1700713212\n|move|p2a: \u51b7\u96e8|Surf|p1a: Ninetales\n|-damage|p1a: Ninetales|0 fnt\n|faint|p1a: Ninetales\n|\n|win|roamflag\n|raw|sneasler user's rating: 1549 &rarr; <strong>1531<\/strong><br \/>(-18 for losing)\n|raw|roamflag's rating: 1589 &rarr; <strong>1607<\/strong><br \/>(+18 for winning)\n|l|\u2606sneasler user\n","uploadtime":1700713222,"views":3,"p1id":"sneasleruser","p2id":"roamflag","formatid":"gen9ou","rating":1531,"private":0,"password":""}