{"id":"gen9ou-1992572097","p1":"ChillLanturnYT","p2":"longjello","format":"[Gen 9] OU","log":"|j|\u2606ChillLanturnYT\n|j|\u2606longjello\n|t:|1700208000\n|gametype|singles\n|player|p1|ChillLanturnYT|palmer|1173\n|player|p2|longjello|2|1092\n|teamsize|p1|6\n|teamsize|p2|6\n|gen|9\n|tier|[Gen 9] OU\n|rated|\n|rule|Sleep Clause Mod: Limit one foe put to sleep\n|rule|Species Clause: Limit one of each Pok\u00e9mon\n|rule|OHKO Clause: OHKO moves are banned\n|rule|Evasion Items Clause: Evasion items are banned\n|rule|Evasion Moves Clause: Evasion moves are banned\n|rule|Endless Battle Clause: Forcing endless battles is banned\n|rule|HP Percentage Mod: HP is shown in percentages\n|clearpoke\n|poke|p1|Regidrago|\n|poke|p1|Jirachi|\n|poke|p1|Lokix, F|\n|poke|p1|Ribombee, F|\n|poke|p1|Toxapex, F|\n|poke|p1|Cinderace, M|\n|poke|p2|Rillaboom, M|\n|poke|p2|Cinderace, M|\n|poke|p2|Ogerpon-Cornerstone, F|\n|poke|p2|Kingambit, M|\n|poke|p2|Great Tusk|\n|poke|p2|Iron Valiant|\n|teampreview\n|\n|t:|1700208036\n|start\n|switch|p1a: Regidrago|Regidrago|100\/100\n|switch|p2a: Great Tusk|Great Tusk|100\/100\n|turn|1\n|\n|t:|1700208042\n|move|p1a: Regidrago|Dragon Energy|p2a: Great Tusk\n|-damage|p2a: Great Tusk|0 fnt\n|faint|p2a: Great Tusk\n|-end|p2a: Great Tusk|Protosynthesis|[silent]\n|\n|upkeep\n|\n|t:|1700208051\n|switch|p2a: Iron Valiant|Iron Valiant|100\/100\n|-enditem|p2a: Iron Valiant|Booster Energy\n|-activate|p2a: Iron Valiant|ability: Quark Drive|[fromitem]\n|-start|p2a: Iron Valiant|quarkdrivespe\n|turn|2\n|\n|t:|1700208058\n|switch|p1a: Toxapex|Toxapex, F|100\/100\n|move|p2a: Iron Valiant|Calm Mind|p2a: Iron Valiant\n|-boost|p2a: Iron Valiant|spa|1\n|-boost|p2a: Iron Valiant|spd|1\n|\n|upkeep\n|turn|3\n|\n|t:|1700208064\n|move|p2a: Iron Valiant|Thunderbolt|p1a: Toxapex\n|-supereffective|p1a: Toxapex\n|-damage|p1a: Toxapex|23\/100\n|move|p1a: Toxapex|Poison Jab|p2a: Iron Valiant\n|-supereffective|p2a: Iron Valiant\n|-damage|p2a: Iron Valiant|23\/100\n|\n|-heal|p1a: Toxapex|29\/100|[from] item: Leftovers\n|upkeep\n|turn|4\n|\n|t:|1700208073\n|move|p2a: Iron Valiant|Thunderbolt|p1a: Toxapex\n|-supereffective|p1a: Toxapex\n|-damage|p1a: Toxapex|0 fnt\n|faint|p1a: Toxapex\n|\n|upkeep\n|\n|t:|1700208075\n|switch|p1a: Lokix|Lokix, F|100\/100\n|turn|5\n|\n|t:|1700208082\n|move|p1a: Lokix|First Impression|p2a: Iron Valiant\n|-resisted|p2a: Iron Valiant\n|-damage|p2a: Iron Valiant|0 fnt\n|faint|p2a: Iron Valiant\n|-end|p2a: Iron Valiant|Quark Drive|[silent]\n|-damage|p1a: Lokix|91\/100|[from] item: Life Orb\n|\n|upkeep\n|\n|t:|1700208089\n|switch|p2a: Ogerpon|Ogerpon-Cornerstone, F|100\/100\n|turn|6\n|\n|t:|1700208100\n|switch|p2a: Cinderace|Cinderace, M|100\/100\n|switch|p1a: Jirachi|Jirachi|100\/100\n|\n|upkeep\n|turn|7\n|\n|t:|1700208107\n|switch|p1a: Cinderace|Cinderace, M|100\/100\n|move|p2a: Cinderace|Will-O-Wisp|p1a: Cinderace\n|-immune|p1a: Cinderace\n|\n|upkeep\n|turn|8\n|\n|t:|1700208114\n|move|p1a: Cinderace|Pyro Ball|p2a: Cinderace\n|-resisted|p2a: Cinderace\n|-damage|p2a: Cinderace|65\/100\n|move|p2a: Cinderace|U-turn|p1a: Cinderace\n|-resisted|p1a: Cinderace\n|-damage|p1a: Cinderace|88\/100\n|\n|t:|1700208119\n|switch|p2a: Ogerpon|Ogerpon-Cornerstone, F|100\/100|[from] U-turn\n|\n|upkeep\n|turn|9\n|\n|t:|1700208124\n|switch|p2a: Cinderace|Cinderace, M|65\/100\n|move|p1a: Cinderace|U-turn|p2a: Cinderace\n|-start|p1a: Cinderace|typechange|Bug|[from] ability: Libero\n|-resisted|p2a: Cinderace\n|-damage|p2a: Cinderace|44\/100\n|\n|t:|1700208132\n|switch|p1a: Regidrago|Regidrago|100\/100|[from] U-turn\n|\n|upkeep\n|turn|10\n|\n|t:|1700208137\n|move|p1a: Regidrago|Earth Power|p2a: Cinderace\n|-supereffective|p2a: Cinderace\n|-damage|p2a: Cinderace|0 fnt\n|faint|p2a: Cinderace\n|\n|upkeep\n|\n|t:|1700208142\n|switch|p2a: Kingambit|Kingambit, M|100\/100\n|-activate|p2a: Kingambit|ability: Supreme Overlord\n|-start|p2a: Kingambit|fallen3|[silent]\n|-item|p2a: Kingambit|Air Balloon\n|turn|11\n|\n|t:|1700208151\n|switch|p1a: Cinderace|Cinderace, M|88\/100\n|move|p2a: Kingambit|Low Kick|p1a: Cinderace\n|-damage|p1a: Cinderace|47\/100\n|\n|upkeep\n|turn|12\n|\n|t:|1700208158\n|-end|p2a: Kingambit|fallen3|[silent]\n|switch|p2a: Ogerpon|Ogerpon-Cornerstone, F|100\/100\n|move|p1a: Cinderace|Pyro Ball|p2a: Ogerpon\n|-damage|p2a: Ogerpon|20\/100\n|\n|upkeep\n|turn|13\n|\n|t:|1700208165\n|move|p1a: Cinderace|U-turn|p2a: Ogerpon\n|-start|p1a: Cinderace|typechange|Bug|[from] ability: Libero\n|-supereffective|p2a: Ogerpon\n|-damage|p2a: Ogerpon|0 fnt\n|faint|p2a: Ogerpon\n|-message|longjello forfeited.\n|\n|win|ChillLanturnYT\n|raw|ChillLanturnYT's rating: 1173 &rarr; <strong>1192<\/strong><br \/>(+19 for winning)\n|raw|longjello's rating: 1092 &rarr; <strong>1074<\/strong><br \/>(-18 for losing)\n|l|\u2606longjello\n","uploadtime":1700208197,"views":8,"p1id":"chilllanturnyt","p2id":"longjello","formatid":"gen9ou","rating":1074,"private":0,"password":""}