{"id":"gen9ou-1989826507","p1":"Happytugger","p2":"EllieTheAlt","format":"[Gen 9] OU","log":"|j|\u2606Happytugger\n|j|\u2606EllieTheAlt\n|t:|1699898993\n|gametype|singles\n|player|p1|Happytugger|265|1514\n|player|p2|EllieTheAlt|leaf-masters|1619\n|teamsize|p1|6\n|teamsize|p2|6\n|gen|9\n|tier|[Gen 9] OU\n|rated|\n|rule|Sleep Clause Mod: Limit one foe put to sleep\n|rule|Species Clause: Limit one of each Pok\u00e9mon\n|rule|OHKO Clause: OHKO moves are banned\n|rule|Evasion Items Clause: Evasion items are banned\n|rule|Evasion Moves Clause: Evasion moves are banned\n|rule|Endless Battle Clause: Forcing endless battles is banned\n|rule|HP Percentage Mod: HP is shown in percentages\n|clearpoke\n|poke|p1|Slowking, F|\n|poke|p1|Dondozo, F|\n|poke|p1|Amoonguss, M|\n|poke|p1|Moltres|\n|poke|p1|Dragapult, M|\n|poke|p1|Tinkaton, F|\n|poke|p2|Great Tusk|\n|poke|p2|Rillaboom, M|\n|poke|p2|Ogerpon-Cornerstone, F|\n|poke|p2|Empoleon, M|\n|poke|p2|Moltres|\n|poke|p2|Sylveon, F|\n|teampreview\n|inactive|Battle timer is ON: inactive players will automatically lose when time's up. (requested by Happytugger)\n|\n|t:|1699898999\n|start\n|switch|p1a: Dragapult|Dragapult, M|100\/100\n|switch|p2a: Empoleon|Empoleon, M|100\/100\n|turn|1\n|\n|t:|1699899005\n|-terastallize|p1a: Dragapult|Dragon\n|move|p1a: Dragapult|Dragon Darts|p2a: Empoleon\n|-resisted|p2a: Empoleon\n|-damage|p2a: Empoleon|72\/100\n|-anim|p1a: Dragapult|Dragon Darts|p2a: Empoleon\n|-resisted|p2a: Empoleon\n|-damage|p2a: Empoleon|45\/100\n|move|p2a: Empoleon|Knock Off|p1a: Dragapult\n|-damage|p1a: Dragapult|76\/100\n|-enditem|p1a: Dragapult|Choice Band|[from] move: Knock Off|[of] p2a: Empoleon\n|\n|-heal|p2a: Empoleon|52\/100|[from] item: Leftovers\n|upkeep\n|turn|2\n|\n|t:|1699899010\n|move|p1a: Dragapult|Dragon Darts|p2a: Empoleon\n|-resisted|p2a: Empoleon\n|-damage|p2a: Empoleon|32\/100\n|-anim|p1a: Dragapult|Dragon Darts|p2a: Empoleon\n|-resisted|p2a: Empoleon\n|-damage|p2a: Empoleon|13\/100\n|move|p2a: Empoleon|Roost|p2a: Empoleon\n|-heal|p2a: Empoleon|63\/100\n|-singleturn|p2a: Empoleon|move: Roost\n|\n|-heal|p2a: Empoleon|69\/100|[from] item: Leftovers\n|upkeep\n|turn|3\n|\n|t:|1699899015\n|move|p1a: Dragapult|Dragon Darts|p2a: Empoleon\n|-resisted|p2a: Empoleon\n|-damage|p2a: Empoleon|50\/100\n|-anim|p1a: Dragapult|Dragon Darts|p2a: Empoleon\n|-resisted|p2a: Empoleon\n|-damage|p2a: Empoleon|32\/100\n|move|p2a: Empoleon|Roost|p2a: Empoleon\n|-heal|p2a: Empoleon|82\/100\n|-singleturn|p2a: Empoleon|move: Roost\n|\n|-heal|p2a: Empoleon|88\/100|[from] item: Leftovers\n|upkeep\n|turn|4\n|\n|t:|1699899020\n|switch|p2a: Sylveon|Sylveon, F|100\/100\n|move|p1a: Dragapult|Dragon Darts|p2a: Sylveon\n|-immune|p2a: Sylveon\n|\n|upkeep\n|turn|5\n|\n|t:|1699899026\n|move|p1a: Dragapult|Double-Edge|p2a: Sylveon\n|-damage|p2a: Sylveon|34\/100\n|-damage|p1a: Dragapult|53\/100|[from] Recoil\n|move|p2a: Sylveon|Psyshock|p1a: Dragapult\n|-damage|p1a: Dragapult|0 fnt\n|faint|p1a: Dragapult\n|\n|upkeep\n|\n|t:|1699899030\n|switch|p1a: Tinkaton|Tinkaton, F|100\/100\n|-ability|p1a: Tinkaton|Mold Breaker\n|turn|6\n|\n|t:|1699899047\n|switch|p2a: Great Tusk|Great Tusk|100\/100\n|move|p1a: Tinkaton|Swords Dance|p1a: Tinkaton\n|-boost|p1a: Tinkaton|atk|2\n|\n|upkeep\n|turn|7\n|\n|t:|1699899058\n|move|p2a: Great Tusk|Rapid Spin|p1a: Tinkaton\n|-resisted|p1a: Tinkaton\n|-damage|p1a: Tinkaton|91\/100\n|-boost|p2a: Great Tusk|spe|1\n|move|p1a: Tinkaton|Play Rough|p2a: Great Tusk\n|-supereffective|p2a: Great Tusk\n|-damage|p2a: Great Tusk|0 fnt\n|faint|p2a: Great Tusk\n|-end|p2a: Great Tusk|Protosynthesis|[silent]\n|-damage|p1a: Tinkaton|81\/100|[from] item: Life Orb\n|\n|upkeep\n|\n|t:|1699899064\n|switch|p2a: Moltres|Moltres|100\/100\n|turn|8\n|\n|t:|1699899076\n|switch|p1a: Slowking|Slowking, F|100\/100\n|move|p2a: Moltres|Flamethrower|p1a: Slowking\n|-resisted|p1a: Slowking\n|-damage|p1a: Slowking|90\/100\n|\n|upkeep\n|turn|9\n|\n|t:|1699899084\n|move|p2a: Moltres|U-turn|p1a: Slowking\n|-supereffective|p1a: Slowking\n|-damage|p1a: Slowking|60\/100\n|\n|t:|1699899089\n|switch|p2a: Sylveon|Sylveon, F|34\/100|[from] U-turn\n|move|p1a: Slowking|Future Sight|p2a: Sylveon\n|-start|p1a: Slowking|move: Future Sight\n|\n|upkeep\n|turn|10\n|\n|t:|1699899093\n|move|p2a: Sylveon|Hyper Voice|p1a: Slowking\n|-damage|p1a: Slowking|13\/100\n|move|p1a: Slowking|Scald|p2a: Sylveon\n|-damage|p2a: Sylveon|4\/100\n|\n|upkeep\n|turn|11\n|\n|t:|1699899096\n|switch|p1a: Amoonguss|Amoonguss, M|100\/100\n|move|p2a: Sylveon|Hyper Voice|p1a: Amoonguss\n|-resisted|p1a: Amoonguss\n|-damage|p1a: Amoonguss|75\/100\n|\n|-end|p2a: Sylveon|move: Future Sight\n|-damage|p2a: Sylveon|0 fnt\n|faint|p2a: Sylveon\n|-heal|p1a: Amoonguss|82\/100|[from] item: Leftovers\n|upkeep\n|\n|t:|1699899105\n|switch|p2a: Moltres|Moltres|100\/100\n|turn|12\n|\n|t:|1699899109\n|move|p2a: Moltres|Will-O-Wisp|p1a: Amoonguss|[miss]\n|-miss|p2a: Moltres|p1a: Amoonguss\n|move|p1a: Amoonguss|Spore|p2a: Moltres\n|-status|p2a: Moltres|slp|[from] move: Spore\n|\n|-heal|p1a: Amoonguss|88\/100|[from] item: Leftovers\n|upkeep\n|turn|13\n|\n|t:|1699899115\n|switch|p2a: Rillaboom|Rillaboom, M|100\/100\n|-fieldstart|move: Grassy Terrain|[from] ability: Grassy Surge|[of] p2a: Rillaboom\n|switch|p1a: Slowking|Slowking, F|46\/100\n|\n|-heal|p1a: Slowking|53\/100|[from] Grassy Terrain\n|upkeep\n|turn|14\n|\n|t:|1699899120\n|switch|p1a: Moltres|Moltres|100\/100\n|move|p2a: Rillaboom|Knock Off|p1a: Moltres\n|-damage|p1a: Moltres|66\/100\n|-enditem|p1a: Moltres|Heavy-Duty Boots|[from] move: Knock Off|[of] p2a: Rillaboom\n|\n|upkeep\n|turn|15\n|\n|t:|1699899125\n|switch|p2a: Empoleon|Empoleon, M|88\/100\n|move|p1a: Moltres|Roost|p1a: Moltres\n|-heal|p1a: Moltres|100\/100\n|-singleturn|p1a: Moltres|move: Roost\n|\n|-heal|p2a: Empoleon|94\/100|[from] Grassy Terrain\n|-heal|p2a: Empoleon|100\/100|[from] item: Leftovers\n|upkeep\n|turn|16\n|\n|t:|1699899132\n|switch|p1a: Amoonguss|Amoonguss, M|100\/100\n|move|p2a: Empoleon|Flip Turn|p1a: Amoonguss\n|-resisted|p1a: Amoonguss\n|-crit|p1a: Amoonguss\n|-damage|p1a: Amoonguss|86\/100\n|\n|t:|1699899135\n|switch|p2a: Ogerpon|Ogerpon-Cornerstone, F|100\/100|[from] Flip Turn\n|\n|-heal|p1a: Amoonguss|92\/100|[from] Grassy Terrain\n|-heal|p1a: Amoonguss|98\/100|[from] item: Leftovers\n|upkeep\n|turn|17\n|\n|t:|1699899137\n|move|p2a: Ogerpon|Swords Dance|p2a: Ogerpon\n|-boost|p2a: Ogerpon|atk|2\n|move|p1a: Amoonguss|Sludge Bomb|p2a: Ogerpon\n|-damage|p2a: Ogerpon|69\/100\n|-status|p2a: Ogerpon|psn\n|\n|-heal|p2a: Ogerpon|75\/100 psn|[from] Grassy Terrain\n|-heal|p1a: Amoonguss|100\/100|[from] Grassy Terrain\n|-damage|p2a: Ogerpon|63\/100 psn|[from] psn\n|-fieldend|move: Grassy Terrain\n|upkeep\n|turn|18\n|\n|t:|1699899159\n|switch|p1a: Dondozo|Dondozo, F|100\/100\n|move|p2a: Ogerpon|Ivy Cudgel|p1a: Dondozo\n|-damage|p1a: Dondozo|62\/100\n|\n|-heal|p1a: Dondozo|69\/100|[from] item: Leftovers\n|-damage|p2a: Ogerpon|51\/100 psn|[from] psn\n|upkeep\n|turn|19\n|\n|t:|1699899165\n|move|p2a: Ogerpon|Power Whip|p1a: Dondozo\n|-supereffective|p1a: Dondozo\n|-damage|p1a: Dondozo|0 fnt\n|faint|p1a: Dondozo\n|\n|-damage|p2a: Ogerpon|38\/100 psn|[from] psn\n|upkeep\n|\n|t:|1699899170\n|switch|p1a: Tinkaton|Tinkaton, F|81\/100\n|-ability|p1a: Tinkaton|Mold Breaker\n|turn|20\n|\n|t:|1699899178\n|move|p2a: Ogerpon|Low Kick|p1a: Tinkaton\n|-damage|p1a: Tinkaton|0 fnt\n|faint|p1a: Tinkaton\n|\n|-damage|p2a: Ogerpon|26\/100 psn|[from] psn\n|upkeep\n|\n|t:|1699899202\n|switch|p1a: Slowking|Slowking, F|86\/100\n|turn|21\n|inactive|EllieTheAlt has 120 seconds left.\n|\n|t:|1699899240\n|switch|p1a: Moltres|Moltres|100\/100\n|move|p2a: Ogerpon|Ivy Cudgel|p1a: Moltres\n|-supereffective|p1a: Moltres\n|-damage|p1a: Moltres|0 fnt\n|faint|p1a: Moltres\n|\n|-damage|p2a: Ogerpon|14\/100 psn|[from] psn\n|upkeep\n|\n|t:|1699899250\n|switch|p1a: Slowking|Slowking, F|100\/100\n|turn|22\n|\n|t:|1699899254\n|move|p2a: Ogerpon|Ivy Cudgel|p1a: Slowking\n|-damage|p1a: Slowking|0 fnt\n|faint|p1a: Slowking\n|\n|-damage|p2a: Ogerpon|1\/100 psn|[from] psn\n|upkeep\n|c|\u2606EllieTheAlt|gg\n|-message|Happytugger forfeited.\n|\n|win|EllieTheAlt\n|raw|Happytugger's rating: 1514 &rarr; <strong>1500<\/strong><br \/>(-14 for losing)\n|raw|EllieTheAlt's rating: 1619 &rarr; <strong>1633<\/strong><br \/>(+14 for winning)\n|l|\u2606Happytugger\n","uploadtime":1699899268,"views":15,"p1id":"happytugger","p2id":"elliethealt","formatid":"gen9ou","rating":1500,"private":0,"password":""}