{"id":"gen9ou-1989137909","p1":"vraztap","p2":"dragonmaster441","format":"[Gen 9] OU","log":"|j|\u2606vraztap\n|j|\u2606dragonmaster441\n|t:|1699816284\n|gametype|singles\n|player|p1|vraztap|pokemonranger|1084\n|player|p2|dragonmaster441|bianca|1183\n|teamsize|p1|6\n|teamsize|p2|6\n|gen|9\n|tier|[Gen 9] OU\n|rated|\n|rule|Sleep Clause Mod: Limit one foe put to sleep\n|rule|Species Clause: Limit one of each Pok\u00e9mon\n|rule|OHKO Clause: OHKO moves are banned\n|rule|Evasion Items Clause: Evasion items are banned\n|rule|Evasion Moves Clause: Evasion moves are banned\n|rule|Endless Battle Clause: Forcing endless battles is banned\n|rule|HP Percentage Mod: HP is shown in percentages\n|clearpoke\n|poke|p1|Kingambit, M|\n|poke|p1|Iron Moth|\n|poke|p1|Iron Valiant|\n|poke|p1|Gholdengo|\n|poke|p1|Great Tusk|\n|poke|p1|Dragapult, F|\n|poke|p2|Gholdengo|\n|poke|p2|Ogerpon-Cornerstone, F|\n|poke|p2|Walking Wake|\n|poke|p2|Garchomp, F|\n|poke|p2|Magnezone|\n|poke|p2|Iron Valiant|\n|teampreview\n|inactive|Battle timer is ON: inactive players will automatically lose when time's up. (requested by dragonmaster441)\n|c|\u2606dragonmaster441|hf\n|\n|t:|1699816294\n|start\n|switch|p1a: Kingambit|Kingambit, M, shiny|100\/100\n|switch|p2a: Walking Wake|Walking Wake|100\/100\n|turn|1\n|\n|t:|1699816300\n|move|p2a: Walking Wake|Hydro Pump|p1a: Kingambit\n|-damage|p1a: Kingambit|35\/100\n|move|p1a: Kingambit|Swords Dance|p1a: Kingambit\n|-boost|p1a: Kingambit|atk|2\n|\n|-heal|p1a: Kingambit|41\/100|[from] item: Leftovers\n|upkeep\n|turn|2\n|\n|t:|1699816305\n|move|p1a: Kingambit|Sucker Punch|p2a: Walking Wake\n|-damage|p2a: Walking Wake|13\/100\n|move|p2a: Walking Wake|Hydro Pump|p1a: Kingambit\n|-damage|p1a: Kingambit|0 fnt\n|faint|p1a: Kingambit\n|-end|p1a: Kingambit|fallenundefined|[silent]\n|\n|upkeep\n|\n|t:|1699816316\n|switch|p1a: Great Tusk|Great Tusk|100\/100\n|-enditem|p1a: Great Tusk|Booster Energy\n|-activate|p1a: Great Tusk|ability: Protosynthesis|[fromitem]\n|-start|p1a: Great Tusk|protosynthesisspe\n|turn|3\n|\n|t:|1699816321\n|move|p2a: Walking Wake|Hydro Pump|p1a: Great Tusk\n|-supereffective|p1a: Great Tusk\n|-damage|p1a: Great Tusk|0 fnt\n|faint|p1a: Great Tusk\n|-end|p1a: Great Tusk|Protosynthesis|[silent]\n|\n|upkeep\n|\n|t:|1699816331\n|switch|p1a: Dragapult|Dragapult, F|100\/100\n|turn|4\n|\n|t:|1699816336\n|-end|p2a: Walking Wake|Protosynthesis|[silent]\n|switch|p2a: Iron Valiant|Iron Valiant|100\/100\n|move|p1a: Dragapult|Dragon Darts|p2a: Iron Valiant\n|-immune|p2a: Iron Valiant\n|\n|upkeep\n|turn|5\n|\n|t:|1699816350\n|switch|p1a: Gholdengo|Gholdengo|100\/100\n|move|p2a: Iron Valiant|Moonblast|p1a: Gholdengo\n|-resisted|p1a: Gholdengo\n|-crit|p1a: Gholdengo\n|-damage|p1a: Gholdengo|64\/100\n|\n|upkeep\n|turn|6\n|\n|t:|1699816357\n|-end|p2a: Iron Valiant|Quark Drive|[silent]\n|switch|p2a: Magnezone|Magnezone|100\/100\n|move|p1a: Gholdengo|Make It Rain|p2a: Magnezone\n|-resisted|p2a: Magnezone\n|-damage|p2a: Magnezone|83\/100\n|-unboost|p1a: Gholdengo|spa|1\n|\n|upkeep\n|turn|7\n|\n|t:|1699816369\n|switch|p1a: Dragapult|Dragapult, F|100\/100\n|-terastallize|p2a: Magnezone|Ground\n|move|p2a: Magnezone|Tera Blast|p1a: Dragapult|[anim] Tera Blast Ground\n|-damage|p1a: Dragapult|12\/100\n|\n|upkeep\n|turn|8\n|\n|t:|1699816379\n|move|p1a: Dragapult|Phantom Force||[still]\n|-prepare|p1a: Dragapult|Phantom Force\n|move|p2a: Magnezone|Tera Blast|p1a: Dragapult|[anim] Tera Blast Ground|[miss]\n|-miss|p2a: Magnezone|p1a: Dragapult\n|\n|upkeep\n|turn|9\n|\n|t:|1699816386\n|move|p1a: Dragapult|Phantom Force|p2a: Magnezone|[from]lockedmove\n|-damage|p2a: Magnezone|22\/100\n|move|p2a: Magnezone|Tera Blast|p1a: Dragapult|[anim] Tera Blast Ground\n|-damage|p1a: Dragapult|0 fnt\n|faint|p1a: Dragapult\n|\n|upkeep\n|\n|t:|1699816393\n|switch|p1a: Gholdengo|Gholdengo|64\/100\n|turn|10\n|\n|t:|1699816399\n|move|p1a: Gholdengo|Shadow Ball|p2a: Magnezone\n|-damage|p2a: Magnezone|0 fnt\n|faint|p2a: Magnezone\n|\n|upkeep\n|\n|t:|1699816403\n|switch|p2a: Ogerpon|Ogerpon-Cornerstone, F|100\/100\n|turn|11\n|\n|t:|1699816407\n|move|p1a: Gholdengo|Shadow Ball|p2a: Ogerpon\n|-damage|p2a: Ogerpon|50\/100\n|move|p2a: Ogerpon|Knock Off|p1a: Gholdengo\n|-supereffective|p1a: Gholdengo\n|-damage|p1a: Gholdengo|0 fnt\n|-enditem|p1a: Gholdengo|Choice Scarf|[from] move: Knock Off|[of] p2a: Ogerpon\n|faint|p1a: Gholdengo\n|\n|upkeep\n|\n|t:|1699816411\n|switch|p1a: Iron Moth|Iron Moth|100\/100\n|-enditem|p1a: Iron Moth|Booster Energy\n|-activate|p1a: Iron Moth|ability: Quark Drive|[fromitem]\n|-start|p1a: Iron Moth|quarkdrivespa\n|turn|12\n|\n|t:|1699816416\n|move|p1a: Iron Moth|Fiery Dance|p2a: Ogerpon\n|-damage|p2a: Ogerpon|0 fnt\n|-boost|p1a: Iron Moth|spa|1\n|faint|p2a: Ogerpon\n|\n|upkeep\n|\n|t:|1699816422\n|switch|p2a: Walking Wake|Walking Wake|13\/100\n|turn|13\n|\n|t:|1699816437\n|move|p2a: Walking Wake|Hydro Pump|p1a: Iron Moth\n|-supereffective|p1a: Iron Moth\n|-damage|p1a: Iron Moth|0 fnt\n|faint|p1a: Iron Moth\n|-end|p1a: Iron Moth|Quark Drive|[silent]\n|\n|upkeep\n|\n|t:|1699816439\n|switch|p1a: Iron Valiant|Iron Valiant|100\/100\n|-enditem|p1a: Iron Valiant|Booster Energy\n|-activate|p1a: Iron Valiant|ability: Quark Drive|[fromitem]\n|-start|p1a: Iron Valiant|quarkdrivespe\n|turn|14\n|\n|t:|1699816451\n|move|p1a: Iron Valiant|Swords Dance|p1a: Iron Valiant\n|-boost|p1a: Iron Valiant|atk|2\n|move|p2a: Walking Wake|Hydro Pump|p1a: Iron Valiant\n|-damage|p1a: Iron Valiant|0 fnt\n|faint|p1a: Iron Valiant\n|-end|p1a: Iron Valiant|Quark Drive|[silent]\n|\n|win|dragonmaster441\n|raw|vraztap's rating: 1084 &rarr; <strong>1068<\/strong><br \/>(-16 for losing)\n|raw|dragonmaster441's rating: 1183 &rarr; <strong>1201<\/strong><br \/>(+18 for winning)\n|l|\u2606vraztap\n|c|\u2606dragonmaster441|gg\n","uploadtime":1699816467,"views":10,"p1id":"vraztap","p2id":"dragonmaster441","formatid":"gen9ou","rating":1068,"private":0,"password":""}