{"id":"gen9ou-1994460480","p1":"Hduxnwhc","p2":"precautionary","format":"[Gen 9] OU","log":"|j|\u2606Hduxnwhc\n|j|\u2606precautionary\n|t:|1700446472\n|gametype|singles\n|player|p1|Hduxnwhc|1|1120\n|player|p2|precautionary|pokekid|1189\n|teamsize|p1|6\n|teamsize|p2|6\n|gen|9\n|tier|[Gen 9] OU\n|rated|\n|rule|Sleep Clause Mod: Limit one foe put to sleep\n|rule|Species Clause: Limit one of each Pok\u00e9mon\n|rule|OHKO Clause: OHKO moves are banned\n|rule|Evasion Items Clause: Evasion items are banned\n|rule|Evasion Moves Clause: Evasion moves are banned\n|rule|Endless Battle Clause: Forcing endless battles is banned\n|rule|HP Percentage Mod: HP is shown in percentages\n|clearpoke\n|poke|p1|Ceruledge, M|\n|poke|p1|Alomomola, F|\n|poke|p1|Gholdengo|\n|poke|p1|Hydreigon, M|\n|poke|p1|Ribombee, M|\n|poke|p1|Glimmora, M|\n|poke|p2|Greninja-*, M|\n|poke|p2|Heatran, F|\n|poke|p2|Great Tusk|\n|poke|p2|Hatterene, F|\n|poke|p2|Volcanion|\n|poke|p2|Iron Valiant|\n|teampreview\n|inactive|Battle timer is ON: inactive players will automatically lose when time's up. (requested by precautionary)\n|\n|t:|1700446493\n|start\n|switch|p1a: Ceruledge|Ceruledge, M|100\/100\n|switch|p2a: Hatterene|Hatterene, F|100\/100\n|turn|1\n|\n|t:|1700446501\n|switch|p2a: Heatran|Heatran, F|100\/100\n|move|p1a: Ceruledge|Poltergeist|p2a: Heatran\n|-activate|p2a: Heatran|move: Poltergeist|Assault Vest\n|-damage|p2a: Heatran|47\/100\n|\n|upkeep\n|turn|2\n|\n|t:|1700446521\n|move|p1a: Ceruledge|Close Combat|p2a: Heatran\n|-supereffective|p2a: Heatran\n|-damage|p2a: Heatran|0 fnt\n|-unboost|p1a: Ceruledge|def|1\n|-unboost|p1a: Ceruledge|spd|1\n|faint|p2a: Heatran\n|\n|upkeep\n|\n|t:|1700446524\n|switch|p2a: Greninja|Greninja, M|100\/100\n|turn|3\n|\n|t:|1700446540\n|switch|p1a: Alomomola|Alomomola, F|100\/100\n|move|p2a: Greninja|Substitute|p2a: Greninja\n|-start|p2a: Greninja|Substitute\n|-damage|p2a: Greninja|76\/100\n|\n|upkeep\n|turn|4\n|\n|t:|1700446546\n|move|p2a: Greninja|Gunk Shot|p1a: Alomomola\n|-damage|p1a: Alomomola|87\/100\n|-status|p1a: Alomomola|psn\n|move|p1a: Alomomola|Aqua Ring|p1a: Alomomola\n|-start|p1a: Alomomola|Aqua Ring\n|\n|-heal|p1a: Alomomola|93\/100 psn|[from] item: Leftovers\n|-heal|p1a: Alomomola|99\/100 psn|[from] Aqua Ring\n|-damage|p1a: Alomomola|87\/100 psn|[from] psn\n|upkeep\n|turn|5\n|\n|t:|1700446561\n|move|p2a: Greninja|Extrasensory|p1a: Alomomola\n|-damage|p1a: Alomomola|57\/100 psn\n|move|p1a: Alomomola|Scald|p2a: Greninja\n|-resisted|p2a: Greninja\n|-activate|p2a: Greninja|move: Substitute|[damage]\n|\n|-heal|p1a: Alomomola|63\/100 psn|[from] item: Leftovers\n|-heal|p1a: Alomomola|70\/100 psn|[from] Aqua Ring\n|-damage|p1a: Alomomola|57\/100 psn|[from] psn\n|upkeep\n|turn|6\n|\n|t:|1700446572\n|move|p2a: Greninja|Extrasensory|p1a: Alomomola\n|-damage|p1a: Alomomola|28\/100 psn\n|cant|p1a: Alomomola|flinch\n|\n|-heal|p1a: Alomomola|34\/100 psn|[from] item: Leftovers\n|-heal|p1a: Alomomola|40\/100 psn|[from] Aqua Ring\n|-damage|p1a: Alomomola|28\/100 psn|[from] psn\n|upkeep\n|turn|7\n|\n|t:|1700446583\n|move|p1a: Alomomola|Protect|p1a: Alomomola\n|-singleturn|p1a: Alomomola|Protect\n|move|p2a: Greninja|Extrasensory|p1a: Alomomola\n|-activate|p1a: Alomomola|move: Protect\n|\n|-heal|p1a: Alomomola|34\/100 psn|[from] item: Leftovers\n|-heal|p1a: Alomomola|40\/100 psn|[from] Aqua Ring\n|-damage|p1a: Alomomola|28\/100 psn|[from] psn\n|upkeep\n|turn|8\n|\n|t:|1700446595\n|switch|p1a: Hydreigon|Hydreigon, M|100\/100\n|move|p2a: Greninja|Extrasensory|p1a: Hydreigon\n|-immune|p1a: Hydreigon\n|\n|upkeep\n|turn|9\n|\n|t:|1700446603\n|switch|p1a: Alomomola|Alomomola, F|61\/100 psn\n|move|p2a: Greninja|Gunk Shot|p1a: Alomomola\n|-damage|p1a: Alomomola|47\/100 psn\n|\n|-heal|p1a: Alomomola|53\/100 psn|[from] item: Leftovers\n|-damage|p1a: Alomomola|41\/100 psn|[from] psn\n|upkeep\n|turn|10\n|\n|t:|1700446613\n|move|p1a: Alomomola|Protect|p1a: Alomomola\n|-singleturn|p1a: Alomomola|Protect\n|move|p2a: Greninja|Water Shuriken|p1a: Alomomola\n|-activate|p1a: Alomomola|move: Protect\n|\n|-heal|p1a: Alomomola|47\/100 psn|[from] item: Leftovers\n|-damage|p1a: Alomomola|35\/100 psn|[from] psn\n|upkeep\n|turn|11\n|\n|t:|1700446623\n|move|p2a: Greninja|Gunk Shot|p1a: Alomomola\n|-damage|p1a: Alomomola|22\/100 psn\n|move|p1a: Alomomola|Scald|p2a: Greninja\n|-resisted|p2a: Greninja\n|-activate|p2a: Greninja|move: Substitute|[damage]\n|\n|-heal|p1a: Alomomola|28\/100 psn|[from] item: Leftovers\n|-damage|p1a: Alomomola|15\/100 psn|[from] psn\n|upkeep\n|turn|12\n|\n|t:|1700446634\n|move|p1a: Alomomola|Protect|p1a: Alomomola\n|-singleturn|p1a: Alomomola|Protect\n|move|p2a: Greninja|Water Shuriken|p1a: Alomomola\n|-activate|p1a: Alomomola|move: Protect\n|\n|-heal|p1a: Alomomola|22\/100 psn|[from] item: Leftovers\n|-damage|p1a: Alomomola|9\/100 psn|[from] psn\n|upkeep\n|turn|13\n|\n|t:|1700446647\n|switch|p1a: Gholdengo|Gholdengo|100\/100\n|move|p2a: Greninja|Gunk Shot|p1a: Gholdengo\n|-immune|p1a: Gholdengo\n|\n|upkeep\n|turn|14\n|\n|t:|1700446656\n|switch|p1a: Alomomola|Alomomola, F|43\/100 psn\n|move|p2a: Greninja|Water Shuriken|p1a: Alomomola\n|-resisted|p1a: Alomomola\n|-damage|p1a: Alomomola|39\/100 psn\n|-resisted|p1a: Alomomola\n|-damage|p1a: Alomomola|34\/100 psn\n|-resisted|p1a: Alomomola\n|-damage|p1a: Alomomola|30\/100 psn\n|-resisted|p1a: Alomomola\n|-damage|p1a: Alomomola|26\/100 psn\n|-resisted|p1a: Alomomola\n|-damage|p1a: Alomomola|22\/100 psn\n|-hitcount|p1a: Alomomola|5\n|\n|-heal|p1a: Alomomola|28\/100 psn|[from] item: Leftovers\n|-damage|p1a: Alomomola|16\/100 psn|[from] psn\n|upkeep\n|turn|15\n|\n|t:|1700446673\n|move|p2a: Greninja|Water Shuriken|p1a: Alomomola\n|-resisted|p1a: Alomomola\n|-damage|p1a: Alomomola|12\/100 psn\n|-resisted|p1a: Alomomola\n|-damage|p1a: Alomomola|8\/100 psn\n|-resisted|p1a: Alomomola\n|-damage|p1a: Alomomola|4\/100 psn\n|-resisted|p1a: Alomomola\n|-damage|p1a: Alomomola|0 fnt\n|faint|p1a: Alomomola\n|-ability|p2a: Greninja|Battle Bond|boost\n|-boost|p2a: Greninja|atk|1\n|-boost|p2a: Greninja|spa|1\n|-boost|p2a: Greninja|spe|1\n|-activate|p2a: Greninja|ability: Battle Bond\n|-hitcount|p1: Alomomola|4\n|\n|upkeep\n|inactive|Hduxnwhc has 120 seconds left.\n|\n|t:|1700446702\n|switch|p1a: Hydreigon|Hydreigon, M|100\/100\n|turn|16\n|\n|t:|1700446714\n|-terastallize|p2a: Greninja|Water\n|move|p2a: Greninja|Water Shuriken|p1a: Hydreigon\n|-resisted|p1a: Hydreigon\n|-damage|p1a: Hydreigon|93\/100\n|-resisted|p1a: Hydreigon\n|-damage|p1a: Hydreigon|84\/100\n|-resisted|p1a: Hydreigon\n|-damage|p1a: Hydreigon|77\/100\n|-resisted|p1a: Hydreigon\n|-damage|p1a: Hydreigon|69\/100\n|-hitcount|p1a: Hydreigon|4\n|move|p1a: Hydreigon|U-turn|p2a: Greninja\n|-end|p2a: Greninja|Substitute\n|inactive|Hduxnwhc has 120 seconds left.\n|\n|t:|1700446745\n|switch|p1a: Ribombee|Ribombee, M|100\/100|[from] U-turn\n|\n|upkeep\n|turn|17\n|\n|t:|1700446752\n|move|p2a: Greninja|Substitute|p2a: Greninja\n|-start|p2a: Greninja|Substitute\n|-damage|p2a: Greninja|51\/100\n|move|p1a: Ribombee|Struggle Bug|p2a: Greninja\n|-end|p2a: Greninja|Substitute\n|\n|upkeep\n|turn|18\n|\n|t:|1700446759\n|move|p2a: Greninja|Water Shuriken|p1a: Ribombee\n|-damage|p1a: Ribombee|84\/100\n|-damage|p1a: Ribombee|67\/100\n|-damage|p1a: Ribombee|48\/100\n|-damage|p1a: Ribombee|28\/100\n|-hitcount|p1a: Ribombee|4\n|move|p1a: Ribombee|Struggle Bug|p2a: Greninja\n|-damage|p2a: Greninja|28\/100\n|-unboost|p2a: Greninja|spa|1\n|\n|upkeep\n|turn|19\n|\n|t:|1700446776\n|switch|p1a: Hydreigon|Hydreigon, M|69\/100\n|move|p2a: Greninja|Gunk Shot|p1a: Hydreigon\n|-damage|p1a: Hydreigon|24\/100\n|\n|upkeep\n|turn|20\n|\n|t:|1700446798\n|-terastallize|p1a: Hydreigon|Steel\n|move|p2a: Greninja|Water Shuriken|p1a: Hydreigon\n|-damage|p1a: Hydreigon|14\/100\n|-damage|p1a: Hydreigon|4\/100\n|-damage|p1a: Hydreigon|0 fnt\n|faint|p1a: Hydreigon\n|-hitcount|p1: Hydreigon|3\n|\n|upkeep\n|inactive|Hduxnwhc has 90 seconds left.\n|\n|t:|1700446816\n|switch|p1a: Glimmora|Glimmora, M|100\/100\n|turn|21\n|inactive|Hduxnwhc has 90 seconds left.\n|\n|t:|1700446836\n|move|p1a: Glimmora|Spiky Shield|p1a: Glimmora\n|-singleturn|p1a: Glimmora|move: Protect\n|move|p2a: Greninja|Extrasensory|p1a: Glimmora\n|-activate|p1a: Glimmora|move: Protect\n|\n|upkeep\n|turn|22\n|inactive|Hduxnwhc has 90 seconds left.\n|\n|t:|1700446846\n|move|p2a: Greninja|Extrasensory|p1a: Glimmora\n|-supereffective|p1a: Glimmora\n|-damage|p1a: Glimmora|35\/100\n|move|p1a: Glimmora|Mortal Spin|p2a: Greninja\n|-damage|p2a: Greninja|11\/100\n|-status|p2a: Greninja|psn\n|\n|-damage|p2a: Greninja|0 fnt|[from] psn\n|faint|p2a: Greninja\n|upkeep\n|\n|t:|1700446853\n|switch|p2a: Hatterene|Hatterene, F|100\/100\n|turn|23\n|inactive|Hduxnwhc has 90 seconds left.\n|\n|t:|1700446873\n|move|p1a: Glimmora|Mortal Spin|p2a: Hatterene\n|-supereffective|p2a: Hatterene\n|-damage|p2a: Hatterene|78\/100\n|-status|p2a: Hatterene|psn\n|-enditem|p2a: Hatterene|Eject Button\n|\n|t:|1700446878\n|switch|p2a: Iron Valiant|Iron Valiant|100\/100\n|-enditem|p2a: Iron Valiant|Booster Energy\n|-activate|p2a: Iron Valiant|ability: Quark Drive|[fromitem]\n|-start|p2a: Iron Valiant|quarkdrivespe\n|\n|upkeep\n|turn|24\n|\n|t:|1700446887\n|move|p1a: Glimmora|Spiky Shield|p1a: Glimmora\n|-singleturn|p1a: Glimmora|move: Protect\n|move|p2a: Iron Valiant|Calm Mind|p2a: Iron Valiant\n|-boost|p2a: Iron Valiant|spa|1\n|-boost|p2a: Iron Valiant|spd|1\n|\n|upkeep\n|turn|25\n|\n|t:|1700446893\n|move|p2a: Iron Valiant|Psychic|p1a: Glimmora\n|-supereffective|p1a: Glimmora\n|-damage|p1a: Glimmora|0 fnt\n|faint|p1a: Glimmora\n|\n|upkeep\n|\n|t:|1700446902\n|switch|p1a: Gholdengo|Gholdengo|100\/100\n|turn|26\n|\n|t:|1700446926\n|move|p2a: Iron Valiant|Dazzling Gleam|p1a: Gholdengo\n|-resisted|p1a: Gholdengo\n|-damage|p1a: Gholdengo|69\/100\n|move|p1a: Gholdengo|Make It Rain|p2a: Iron Valiant\n|-supereffective|p2a: Iron Valiant\n|-damage|p2a: Iron Valiant|0 fnt\n|-unboost|p1a: Gholdengo|spa|1\n|faint|p2a: Iron Valiant\n|-end|p2a: Iron Valiant|Quark Drive|[silent]\n|\n|upkeep\n|\n|t:|1700446931\n|switch|p2a: Great Tusk|Great Tusk|100\/100\n|turn|27\n|inactive|Hduxnwhc has 120 seconds left.\n|\n|t:|1700446946\n|switch|p1a: Ribombee|Ribombee, M|28\/100\n|move|p2a: Great Tusk|Bulk Up|p2a: Great Tusk\n|-boost|p2a: Great Tusk|atk|1\n|-boost|p2a: Great Tusk|def|1\n|\n|upkeep\n|turn|28\n|inactive|Hduxnwhc has 120 seconds left.\n|\n|t:|1700446959\n|-end|p2a: Great Tusk|Protosynthesis|[silent]\n|switch|p2a: Hatterene|Hatterene, F|78\/100 psn\n|move|p1a: Ribombee|Sticky Web|p2a: Hatterene\n|move|p2a: Hatterene|Sticky Web|p1a: Ribombee|[from]ability: Magic Bounce\n|-sidestart|p1: Hduxnwhc|move: Sticky Web\n|\n|-damage|p2a: Hatterene|66\/100 psn|[from] psn\n|upkeep\n|turn|29\n|inactive|Hduxnwhc has 120 seconds left.\n|-message|Hduxnwhc forfeited.\n|\n|win|precautionary\n|raw|Hduxnwhc's rating: 1120 &rarr; <strong>1100<\/strong><br \/>(-20 for losing)\n|raw|precautionary's rating: 1189 &rarr; <strong>1209<\/strong><br \/>(+20 for winning)\n|l|\u2606Hduxnwhc\n","uploadtime":1700446987,"views":18,"p1id":"hduxnwhc","p2id":"precautionary","formatid":"gen9ou","rating":1100,"private":0,"password":""}