{"id":"gen9ou-2000142881","p1":"Velfren","p2":"K hamza","format":"[Gen 9] OU","log":"|j|\u2606Velfren\n|j|\u2606K hamza\n|t:|1701162325\n|gametype|singles\n|player|p1|Velfren|nate|1392\n|player|p2|K hamza|dragontamer|1419\n|teamsize|p1|6\n|teamsize|p2|6\n|gen|9\n|tier|[Gen 9] OU\n|rated|\n|rule|Sleep Clause Mod: Limit one foe put to sleep\n|rule|Species Clause: Limit one of each Pok\u00e9mon\n|rule|OHKO Clause: OHKO moves are banned\n|rule|Evasion Items Clause: Evasion items are banned\n|rule|Evasion Moves Clause: Evasion moves are banned\n|rule|Endless Battle Clause: Forcing endless battles is banned\n|rule|HP Percentage Mod: HP is shown in percentages\n|clearpoke\n|poke|p1|Torkoal, M|\n|poke|p1|Walking Wake|\n|poke|p1|Great Tusk|\n|poke|p1|Leavanny, M|\n|poke|p1|Gholdengo|\n|poke|p1|Heatran, F|\n|poke|p2|Ogerpon-Wellspring, F|\n|poke|p2|Rillaboom, M|\n|poke|p2|Iron Moth|\n|poke|p2|Gholdengo|\n|poke|p2|Great Tusk|\n|poke|p2|Hatterene, F|\n|teampreview\n|inactive|Battle timer is ON: inactive players will automatically lose when time's up. (requested by Velfren)\n|inactive|K hamza has 120 seconds left.\n|\n|t:|1701162359\n|start\n|switch|p1a: Torkoal|Torkoal, M|100\/100\n|switch|p2a: Hatterene|Hatterene, F|100\/100\n|-weather|SunnyDay|[from] ability: Drought|[of] p1a: Torkoal\n|turn|1\n|\n|t:|1701162380\n|switch|p1a: Gholdengo|Gholdengo|100\/100\n|-item|p1a: Gholdengo|Air Balloon\n|move|p2a: Hatterene|Mystical Fire|p1a: Gholdengo\n|-supereffective|p1a: Gholdengo\n|-crit|p1a: Gholdengo\n|-damage|p1a: Gholdengo|0 fnt\n|-enditem|p1a: Gholdengo|Air Balloon\n|faint|p1a: Gholdengo\n|\n|-weather|SunnyDay|[upkeep]\n|upkeep\n|\n|t:|1701162388\n|switch|p1a: Heatran|Heatran, F|100\/100\n|turn|2\n|c|\u2606K hamza|Ouchies\n|\n|t:|1701162395\n|move|p1a: Heatran|Will-O-Wisp|p2a: Hatterene\n|move|p2a: Hatterene|Will-O-Wisp|p1a: Heatran|[from]ability: Magic Bounce\n|-start|p1a: Heatran|ability: Flash Fire\n|move|p2a: Hatterene|Nuzzle|p1a: Heatran\n|-damage|p1a: Heatran|97\/100\n|-status|p1a: Heatran|par\n|\n|-weather|SunnyDay|[upkeep]\n|-heal|p1a: Heatran|100\/100 par|[from] item: Leftovers\n|upkeep\n|turn|3\n|c|\u2606K hamza|Nice move\n|\n|t:|1701162421\n|cant|p1a: Heatran|par\n|move|p2a: Hatterene|Psyshock|p1a: Heatran\n|-resisted|p1a: Heatran\n|-damage|p1a: Heatran|81\/100 par\n|\n|-weather|SunnyDay|[upkeep]\n|-heal|p1a: Heatran|87\/100 par|[from] item: Leftovers\n|upkeep\n|turn|4\n|\n|t:|1701162431\n|switch|p2a: Great Tusk|Great Tusk|100\/100\n|-activate|p2a: Great Tusk|ability: Protosynthesis\n|-start|p2a: Great Tusk|protosynthesisatk\n|move|p1a: Heatran|Magma Storm|p2a: Great Tusk\n|-damage|p2a: Great Tusk|19\/100\n|-activate|p2a: Great Tusk|move: Magma Storm|[of] p1a: Heatran\n|\n|-weather|SunnyDay|[upkeep]\n|-heal|p1a: Heatran|94\/100 par|[from] item: Leftovers\n|-damage|p2a: Great Tusk|6\/100|[from] move: Magma Storm|[partiallytrapped]\n|upkeep\n|turn|5\n|\n|t:|1701162443\n|move|p1a: Heatran|Protect|p1a: Heatran\n|-singleturn|p1a: Heatran|Protect\n|move|p2a: Great Tusk|Close Combat|p1a: Heatran\n|-activate|p1a: Heatran|move: Protect\n|\n|-weather|SunnyDay|[upkeep]\n|-heal|p1a: Heatran|99\/100 par|[from] item: Leftovers\n|-damage|p2a: Great Tusk|0 fnt|[from] move: Magma Storm|[partiallytrapped]\n|faint|p2a: Great Tusk\n|-end|p2a: Great Tusk|Protosynthesis|[silent]\n|upkeep\n|\n|t:|1701162454\n|switch|p2a: Rillaboom|Rillaboom, M|100\/100\n|-fieldstart|move: Grassy Terrain|[from] ability: Grassy Surge|[of] p2a: Rillaboom\n|turn|6\n|\n|t:|1701162470\n|-end|p1a: Heatran|ability: Flash Fire|[silent]\n|switch|p1a: Leavanny|Leavanny, M|100\/100\n|move|p2a: Rillaboom|Knock Off|p1a: Leavanny\n|-damage|p1a: Leavanny|25\/100\n|-enditem|p1a: Leavanny|Focus Sash|[from] move: Knock Off|[of] p2a: Rillaboom\n|\n|-weather|SunnyDay|[upkeep]\n|-heal|p1a: Leavanny|31\/100|[from] Grassy Terrain\n|upkeep\n|turn|7\n|\n|t:|1701162480\n|switch|p2a: Iron Moth|Iron Moth|100\/100\n|-enditem|p2a: Iron Moth|Booster Energy\n|-activate|p2a: Iron Moth|ability: Quark Drive|[fromitem]\n|-start|p2a: Iron Moth|quarkdrivespe\n|move|p1a: Leavanny|Sticky Web|p2a: Iron Moth\n|-sidestart|p2: K hamza|move: Sticky Web\n|\n|-weather|SunnyDay|[upkeep]\n|-heal|p1a: Leavanny|37\/100|[from] Grassy Terrain\n|upkeep\n|turn|8\n|\n|t:|1701162489\n|move|p1a: Leavanny|Light Screen|p1a: Leavanny\n|-sidestart|p1: Velfren|move: Light Screen\n|move|p2a: Iron Moth|Energy Ball|p1a: Leavanny\n|-resisted|p1a: Leavanny\n|-damage|p1a: Leavanny|30\/100\n|\n|-weather|none\n|-heal|p1a: Leavanny|37\/100|[from] Grassy Terrain\n|upkeep\n|turn|9\n|c|\u2606K hamza|Fuck\n|\n|t:|1701162507\n|switch|p1a: Heatran|Heatran, F|99\/100 par\n|move|p2a: Iron Moth|Fiery Dance|p1a: Heatran\n|-start|p1a: Heatran|ability: Flash Fire\n|\n|-heal|p1a: Heatran|100\/100 par|[from] Grassy Terrain\n|upkeep\n|turn|10\n|\n|t:|1701162522\n|-end|p2a: Iron Moth|Quark Drive|[silent]\n|switch|p2a: Ogerpon|Ogerpon-Wellspring, F|100\/100\n|-activate|p2a: Ogerpon|move: Sticky Web\n|-unboost|p2a: Ogerpon|spe|1\n|move|p1a: Heatran|Earth Power|p2a: Ogerpon\n|-resisted|p2a: Ogerpon\n|-damage|p2a: Ogerpon|86\/100\n|\n|-heal|p2a: Ogerpon|92\/100|[from] Grassy Terrain\n|-fieldend|move: Grassy Terrain\n|upkeep\n|turn|11\n|\n|t:|1701162534\n|-end|p1a: Heatran|ability: Flash Fire|[silent]\n|switch|p1a: Torkoal|Torkoal, M|100\/100\n|-weather|SunnyDay|[from] ability: Drought|[of] p1a: Torkoal\n|move|p2a: Ogerpon|Trailblaze|p1a: Torkoal\n|-resisted|p1a: Torkoal\n|-damage|p1a: Torkoal|90\/100\n|-boost|p2a: Ogerpon|spe|1\n|\n|-weather|SunnyDay|[upkeep]\n|upkeep\n|turn|12\n|\n|t:|1701162548\n|-terastallize|p2a: Ogerpon|Water\n|detailschange|p2a: Ogerpon|Ogerpon-Wellspring-Tera, F, tera:Water\n|-ability|p2a: Ogerpon|Embody Aspect (Wellspring)|boost\n|-boost|p2a: Ogerpon|spd|1\n|move|p2a: Ogerpon|Ivy Cudgel|p1a: Torkoal|[anim] Ivy Cudgel Water\n|-supereffective|p1a: Torkoal\n|-damage|p1a: Torkoal|31\/100\n|move|p1a: Torkoal|Stealth Rock|p2a: Ogerpon\n|-sidestart|p2: K hamza|move: Stealth Rock\n|\n|-weather|SunnyDay|[upkeep]\n|-sideend|p1: Velfren|move: Light Screen\n|upkeep\n|turn|13\n|\n|t:|1701162559\n|switch|p1a: Leavanny|Leavanny, M|37\/100\n|move|p2a: Ogerpon|Ivy Cudgel|p1a: Leavanny|[anim] Ivy Cudgel Water\n|-resisted|p1a: Leavanny\n|-damage|p1a: Leavanny|10\/100\n|\n|-weather|SunnyDay|[upkeep]\n|upkeep\n|turn|14\n|\n|t:|1701162567\n|move|p1a: Leavanny|Leaf Blade|p2a: Ogerpon\n|-supereffective|p2a: Ogerpon\n|-damage|p2a: Ogerpon|0 fnt\n|faint|p2a: Ogerpon\n|\n|-weather|SunnyDay|[upkeep]\n|upkeep\n|-message|K hamza forfeited.\n|\n|win|Velfren\n|raw|Velfren's rating: 1392 &rarr; <strong>1414<\/strong><br \/>(+22 for winning)\n|raw|K hamza's rating: 1419 &rarr; <strong>1397<\/strong><br \/>(-22 for losing)\n|l|\u2606K hamza\n","uploadtime":1701162582,"views":2,"p1id":"velfren","p2id":"khamza","formatid":"gen9ou","rating":1397,"private":0,"password":""}