{"id":"gen9ou-1995434633","p1":"jzhuc1841","p2":"jusemato","format":"[Gen 9] OU","log":"|j|\u2606jzhuc1841\n|j|\u2606jusemato\n|t:|1700570349\n|gametype|singles\n|player|p1|jzhuc1841|hilbert-wonderlauncher|1619\n|player|p2|jusemato|worker|1719\n|teamsize|p1|6\n|teamsize|p2|6\n|gen|9\n|tier|[Gen 9] OU\n|rated|\n|rule|Sleep Clause Mod: Limit one foe put to sleep\n|rule|Species Clause: Limit one of each Pok\u00e9mon\n|rule|OHKO Clause: OHKO moves are banned\n|rule|Evasion Items Clause: Evasion items are banned\n|rule|Evasion Moves Clause: Evasion moves are banned\n|rule|Endless Battle Clause: Forcing endless battles is banned\n|rule|HP Percentage Mod: HP is shown in percentages\n|clearpoke\n|poke|p1|Ogerpon-Wellspring, F|\n|poke|p1|Kingambit, M|\n|poke|p1|Iron Moth|\n|poke|p1|Iron Valiant|\n|poke|p1|Zamazenta-*|\n|poke|p1|Glimmora, M|\n|poke|p2|Grafaiai, M|\n|poke|p2|Rillaboom, M|\n|poke|p2|Armarouge, F|\n|poke|p2|Ogerpon-Cornerstone, F|\n|poke|p2|Iron Moth|\n|poke|p2|Iron Treads|\n|teampreview\n|c|\u2606jusemato|Glhf\n|c|\u2606jzhuc1841|hi\n|inactive|Battle timer is ON: inactive players will automatically lose when time's up. (requested by jusemato)\n|j| potatobodyslam\n|\n|t:|1700570396\n|start\n|switch|p1a: Glimmora|Glimmora, M|100\/100\n|switch|p2a: Iron Treads|Iron Treads, shiny|100\/100\n|-item|p1a: Glimmora|Air Balloon\n|-enditem|p2a: Iron Treads|Booster Energy\n|-activate|p2a: Iron Treads|ability: Quark Drive|[fromitem]\n|-start|p2a: Iron Treads|quarkdrivespe\n|turn|1\n|inactive|jusemato has 120 seconds left.\n|\n|t:|1700570448\n|move|p2a: Iron Treads|Steel Beam|p1a: Glimmora\n|-supereffective|p1a: Glimmora\n|-damage|p1a: Glimmora|0 fnt\n|-enditem|p1a: Glimmora|Air Balloon\n|-damage|p2a: Iron Treads|50\/100|[from] steelbeam\n|faint|p1a: Glimmora\n|\n|upkeep\n|\n|t:|1700570463\n|switch|p1a: Iron Moth|Iron Moth|100\/100\n|-enditem|p1a: Iron Moth|Booster Energy\n|-activate|p1a: Iron Moth|ability: Quark Drive|[fromitem]\n|-start|p1a: Iron Moth|quarkdrivespe\n|turn|2\n|inactive|jusemato has 90 seconds left.\n|j| Animekingreal\n|\n|t:|1700570507\n|move|p1a: Iron Moth|Fiery Dance|p2a: Iron Treads\n|-supereffective|p2a: Iron Treads\n|-damage|p2a: Iron Treads|0 fnt\n|-boost|p1a: Iron Moth|spa|1\n|faint|p2a: Iron Treads\n|-end|p2a: Iron Treads|Quark Drive|[silent]\n|\n|upkeep\n|\n|t:|1700570510\n|switch|p2a: Ogerpon|Ogerpon-Cornerstone, F|100\/100\n|turn|3\n|\n|t:|1700570517\n|move|p1a: Iron Moth|Fiery Dance|p2a: Ogerpon\n|-damage|p2a: Ogerpon|29\/100\n|move|p2a: Ogerpon|Ivy Cudgel|p1a: Iron Moth|[anim] Ivy Cudgel Rock\n|-supereffective|p1a: Iron Moth\n|-damage|p1a: Iron Moth|0 fnt\n|faint|p1a: Iron Moth\n|-end|p1a: Iron Moth|Quark Drive|[silent]\n|\n|upkeep\n|\n|t:|1700570525\n|switch|p1a: Zamazenta|Zamazenta|100\/100\n|-ability|p1a: Zamazenta|Dauntless Shield|boost\n|-boost|p1a: Zamazenta|def|1\n|turn|4\n|\n|t:|1700570537\n|switch|p2a: Rillaboom|Rillaboom, M|100\/100\n|-fieldstart|move: Grassy Terrain|[from] ability: Grassy Surge|[of] p2a: Rillaboom\n|move|p1a: Zamazenta|Body Press|p2a: Rillaboom\n|-damage|p2a: Rillaboom|35\/100\n|\n|-heal|p2a: Rillaboom|42\/100|[from] Grassy Terrain\n|upkeep\n|turn|5\n|\n|t:|1700570546\n|switch|p2a: Armarouge|Armarouge, F, shiny|100\/100\n|-enditem|p2a: Armarouge|Grassy Seed\n|-boost|p2a: Armarouge|def|1|[from] item: Grassy Seed\n|move|p1a: Zamazenta|Iron Defense|p1a: Zamazenta\n|-boost|p1a: Zamazenta|def|2\n|\n|upkeep\n|turn|6\n|\n|t:|1700570554\n|move|p1a: Zamazenta|Crunch|p2a: Armarouge\n|-supereffective|p2a: Armarouge\n|-damage|p2a: Armarouge|76\/100\n|-ability|p2a: Armarouge|Weak Armor|boost\n|-unboost|p2a: Armarouge|def|1\n|-boost|p2a: Armarouge|spe|2\n|move|p2a: Armarouge|Iron Defense|p2a: Armarouge\n|-boost|p2a: Armarouge|def|2\n|\n|-heal|p2a: Armarouge|82\/100|[from] Grassy Terrain\n|upkeep\n|turn|7\n|inactive|jusemato has 120 seconds left.\n|\n|t:|1700570582\n|move|p2a: Armarouge|Calm Mind|p2a: Armarouge\n|-boost|p2a: Armarouge|spa|1\n|-boost|p2a: Armarouge|spd|1\n|move|p1a: Zamazenta|Crunch|p2a: Armarouge\n|-supereffective|p2a: Armarouge\n|-damage|p2a: Armarouge|62\/100\n|-ability|p2a: Armarouge|Weak Armor|boost\n|-unboost|p2a: Armarouge|def|1\n|-boost|p2a: Armarouge|spe|2\n|\n|-heal|p2a: Armarouge|68\/100|[from] Grassy Terrain\n|upkeep\n|turn|8\n|\n|t:|1700570602\n|move|p2a: Armarouge|Stored Power|p1a: Zamazenta\n|-supereffective|p1a: Zamazenta\n|-damage|p1a: Zamazenta|0 fnt\n|faint|p1a: Zamazenta\n|\n|-heal|p2a: Armarouge|74\/100|[from] Grassy Terrain\n|-fieldend|move: Grassy Terrain\n|upkeep\n|\n|t:|1700570610\n|switch|p1a: Kingambit|Kingambit, M|100\/100\n|-activate|p1a: Kingambit|ability: Supreme Overlord\n|-start|p1a: Kingambit|fallen3|[silent]\n|turn|9\n|\n|t:|1700570618\n|-terastallize|p2a: Armarouge|Poison\n|-terastallize|p1a: Kingambit|Flying\n|move|p2a: Armarouge|Aura Sphere|p1a: Kingambit\n|-resisted|p1a: Kingambit\n|-damage|p1a: Kingambit|84\/100\n|move|p1a: Kingambit|Kowtow Cleave|p2a: Armarouge\n|-damage|p2a: Armarouge|28\/100\n|-ability|p2a: Armarouge|Weak Armor|boost\n|-unboost|p2a: Armarouge|def|1\n|-boost|p2a: Armarouge|spe|2\n|\n|upkeep\n|turn|10\n|\n|t:|1700570629\n|move|p1a: Kingambit|Sucker Punch||[still]\n|-fail|p1a: Kingambit\n|move|p2a: Armarouge|Iron Defense|p2a: Armarouge\n|-boost|p2a: Armarouge|def|2\n|\n|upkeep\n|turn|11\n|\n|t:|1700570638\n|move|p2a: Armarouge|Stored Power|p1a: Kingambit\n|-damage|p1a: Kingambit|0 fnt\n|faint|p1a: Kingambit\n|-end|p1a: Kingambit|fallen3|[silent]\n|\n|upkeep\n|\n|t:|1700570643\n|switch|p1a: Ogerpon|Ogerpon-Wellspring, F|100\/100\n|turn|12\n|j| FULKU\n|\n|t:|1700570647\n|move|p2a: Armarouge|Stored Power|p1a: Ogerpon\n|-damage|p1a: Ogerpon|0 fnt\n|faint|p1a: Ogerpon\n|\n|upkeep\n|c|\u2606jzhuc1841|gg\n|\n|t:|1700570652\n|switch|p1a: Iron Valiant|Iron Valiant|100\/100\n|-enditem|p1a: Iron Valiant|Booster Energy\n|-activate|p1a: Iron Valiant|ability: Quark Drive|[fromitem]\n|-start|p1a: Iron Valiant|quarkdrivespe\n|turn|13\n|\n|t:|1700570657\n|move|p2a: Armarouge|Stored Power|p1a: Iron Valiant\n|-supereffective|p1a: Iron Valiant\n|-damage|p1a: Iron Valiant|0 fnt\n|faint|p1a: Iron Valiant\n|-end|p1a: Iron Valiant|Quark Drive|[silent]\n|\n|win|jusemato\n|raw|jzhuc1841's rating: 1619 &rarr; <strong>1605<\/strong><br \/>(-14 for losing)\n|raw|jusemato's rating: 1719 &rarr; <strong>1733<\/strong><br \/>(+14 for winning)\n|c|\u2606jusemato|Gg\n|l|\u2606jzhuc1841\n|l|\u2606jusemato\n","uploadtime":1700570712,"views":5,"p1id":"jzhuc1841","p2id":"jusemato","formatid":"gen9ou","rating":1605,"private":0,"password":""}