{"id":"gen9ou-1991720338","p1":"juloan","p2":"moope","format":"[Gen 9] OU","log":"|j|\u2606juloan\n|j|\u2606moope\n|t:|1700106742\n|gametype|singles\n|player|p1|juloan|2|1459\n|player|p2|moope|iono|1454\n|teamsize|p1|6\n|teamsize|p2|6\n|gen|9\n|tier|[Gen 9] OU\n|rated|\n|rule|Sleep Clause Mod: Limit one foe put to sleep\n|rule|Species Clause: Limit one of each Pok\u00e9mon\n|rule|OHKO Clause: OHKO moves are banned\n|rule|Evasion Items Clause: Evasion items are banned\n|rule|Evasion Moves Clause: Evasion moves are banned\n|rule|Endless Battle Clause: Forcing endless battles is banned\n|rule|HP Percentage Mod: HP is shown in percentages\n|clearpoke\n|poke|p1|Dragonite, M|\n|poke|p1|Polteageist|\n|poke|p1|Slowking-Galar, F|\n|poke|p1|Great Tusk|\n|poke|p1|Hatterene, F|\n|poke|p1|Walking Wake|\n|poke|p2|Polteageist|\n|poke|p2|Sneasler, M|\n|poke|p2|Maushold|\n|poke|p2|Indeedee-F, F|\n|poke|p2|Moltres-Galar|\n|poke|p2|Armarouge, M|\n|teampreview\n|inactive|Battle timer is ON: inactive players will automatically lose when time's up. (requested by juloan)\n|\n|t:|1700106764\n|start\n|switch|p1a: Slowking|Slowking-Galar, F|100\/100\n|switch|p2a: Moltres|Moltres-Galar, shiny|100\/100\n|turn|1\n|\n|t:|1700106772\n|move|p2a: Moltres|Agility|p2a: Moltres\n|-boost|p2a: Moltres|spe|2\n|move|p1a: Slowking|Toxic Spikes|p2a: Moltres\n|-sidestart|p2: moope|move: Toxic Spikes\n|\n|upkeep\n|turn|2\n|\n|t:|1700106783\n|move|p2a: Moltres|Fiery Wrath|p1a: Slowking\n|-supereffective|p1a: Slowking\n|-damage|p1a: Slowking|35\/100\n|move|p1a: Slowking|Yawn|p2a: Moltres\n|-start|p2a: Moltres|move: Yawn|[of] p1a: Slowking\n|\n|-heal|p1a: Slowking|41\/100|[from] item: Leftovers\n|upkeep\n|turn|3\n|\n|t:|1700106794\n|switch|p2a: Sneasler|Sneasler, M|100\/100\n|-sideend|p2: moope|move: Toxic Spikes|[of] p2a: Sneasler\n|move|p1a: Slowking|Future Sight|p2a: Sneasler\n|-start|p1a: Slowking|move: Future Sight\n|\n|-heal|p1a: Slowking|47\/100|[from] item: Leftovers\n|upkeep\n|turn|4\n|\n|t:|1700106805\n|switch|p2a: Indeedee|Indeedee-F, F|100\/100\n|-fieldstart|move: Psychic Terrain|[from] ability: Psychic Surge|[of] p2a: Indeedee\n|move|p1a: Slowking|Toxic Spikes|p2a: Indeedee\n|-sidestart|p2: moope|move: Toxic Spikes\n|\n|-heal|p1a: Slowking|53\/100|[from] item: Leftovers\n|upkeep\n|turn|5\n|\n|t:|1700106817\n|switch|p2a: Sneasler|Sneasler, M|100\/100\n|-sideend|p2: moope|move: Toxic Spikes|[of] p2a: Sneasler\n|-enditem|p2a: Sneasler|Psychic Seed\n|-boost|p2a: Sneasler|spd|1|[from] item: Psychic Seed\n|switch|p1a: Hatterene|Hatterene, F|100\/100\n|\n|-end|p2a: Sneasler|move: Future Sight\n|-supereffective|p2a: Sneasler\n|-damage|p2a: Sneasler|0 fnt\n|faint|p2a: Sneasler\n|upkeep\n|c|\u2606juloan|Lol\n|\n|t:|1700106831\n|switch|p2a: Polteageist|Polteageist|100\/100\n|turn|6\n|\n|t:|1700106839\n|move|p2a: Polteageist|Shell Smash|p2a: Polteageist\n|-unboost|p2a: Polteageist|def|1\n|-unboost|p2a: Polteageist|spd|1\n|-boost|p2a: Polteageist|atk|2\n|-boost|p2a: Polteageist|spa|2\n|-boost|p2a: Polteageist|spe|2\n|move|p1a: Hatterene|Nuzzle|p2a: Polteageist\n|-damage|p2a: Polteageist|91\/100\n|-status|p2a: Polteageist|par\n|-ability|p2a: Polteageist|Weak Armor|boost\n|-unboost|p2a: Polteageist|def|1\n|-boost|p2a: Polteageist|spe|2\n|\n|upkeep\n|turn|7\n|inactive|juloan has 120 seconds left.\n|\n|t:|1700106886\n|cant|p2a: Polteageist|par\n|move|p1a: Hatterene|Psyshock|p2a: Polteageist\n|-damage|p2a: Polteageist|0 fnt\n|faint|p2a: Polteageist\n|\n|upkeep\n|\n|t:|1700106900\n|switch|p2a: Maushold|Maushold|100\/100\n|turn|8\n|c|\u2606juloan|U think u have easy time  think again\n|inactive|juloan has 90 seconds left.\n|\n|t:|1700106933\n|move|p2a: Maushold|Population Bomb|p1a: Hatterene\n|-damage|p1a: Hatterene|89\/100\n|-damage|p1a: Hatterene|77\/100\n|-damage|p1a: Hatterene|66\/100\n|-damage|p1a: Hatterene|53\/100\n|-damage|p1a: Hatterene|42\/100\n|-damage|p1a: Hatterene|28\/100\n|-crit|p1a: Hatterene\n|-damage|p1a: Hatterene|10\/100\n|-damage|p1a: Hatterene|0 fnt\n|faint|p1a: Hatterene\n|-hitcount|p1: Hatterene|8\n|\n|upkeep\n|inactive|juloan has 90 seconds left.\n|\n|t:|1700106947\n|switch|p1a: Polteageist|Polteageist|100\/100\n|turn|9\n|\n|t:|1700106951\n|move|p2a: Maushold|Tidy Up|p2a: Maushold\n|-boost|p2a: Maushold|atk|1\n|-boost|p2a: Maushold|spe|1\n|move|p1a: Polteageist|Shell Smash|p1a: Polteageist\n|-unboost|p1a: Polteageist|def|1\n|-unboost|p1a: Polteageist|spd|1\n|-boost|p1a: Polteageist|atk|2\n|-boost|p1a: Polteageist|spa|2\n|-boost|p1a: Polteageist|spe|2\n|\n|upkeep\n|turn|10\n|\n|t:|1700106961\n|move|p2a: Maushold|Encore|p1a: Polteageist\n|-start|p1a: Polteageist|Encore\n|move|p1a: Polteageist|Shell Smash|p1a: Polteageist\n|-unboost|p1a: Polteageist|def|1\n|-unboost|p1a: Polteageist|spd|1\n|-boost|p1a: Polteageist|atk|2\n|-boost|p1a: Polteageist|spa|2\n|-boost|p1a: Polteageist|spe|2\n|\n|upkeep\n|turn|11\n|inactive|juloan has 90 seconds left.\n|\n|t:|1700106983\n|switch|p1a: Dragonite|Dragonite, M|100\/100\n|move|p2a: Maushold|Tidy Up|p2a: Maushold\n|-boost|p2a: Maushold|atk|1\n|-boost|p2a: Maushold|spe|1\n|\n|-fieldend|move: Psychic Terrain\n|upkeep\n|turn|12\n|inactive|juloan has 90 seconds left.\n|\n|t:|1700107005\n|move|p2a: Maushold|Population Bomb|p1a: Dragonite\n|-damage|p1a: Dragonite|88\/100\n|-damage|p1a: Dragonite|63\/100\n|-damage|p1a: Dragonite|39\/100\n|-damage|p1a: Dragonite|16\/100\n|-damage|p1a: Dragonite|0 fnt\n|faint|p1a: Dragonite\n|-hitcount|p1: Dragonite|5\n|\n|upkeep\n|inactive|juloan has 90 seconds left.\n|\n|t:|1700107015\n|switch|p1a: Polteageist|Polteageist|100\/100\n|turn|13\n|inactive|juloan has 90 seconds left.\n|\n|t:|1700107022\n|-terastallize|p2a: Maushold|Dark\n|-terastallize|p1a: Polteageist|Fighting\n|move|p2a: Maushold|Bite|p1a: Polteageist\n|-resisted|p1a: Polteageist\n|-damage|p1a: Polteageist|44\/100\n|-ability|p1a: Polteageist|Weak Armor|boost\n|-unboost|p1a: Polteageist|def|1\n|-boost|p1a: Polteageist|spe|2\n|cant|p1a: Polteageist|flinch\n|\n|upkeep\n|turn|14\n|c|\u2606moope|lol\n|inactive|juloan has 90 seconds left.\n|\n|t:|1700107045\n|move|p2a: Maushold|Population Bomb|p1a: Polteageist\n|-damage|p1a: Polteageist|0 fnt\n|faint|p1a: Polteageist\n|-hitcount|p1: Polteageist|1\n|\n|upkeep\n|c|\u2606juloan|Lucky\n|-message|juloan forfeited.\n|\n|win|moope\n|raw|juloan's rating: 1459 &rarr; <strong>1440<\/strong><br \/>(-19 for losing)\n|raw|moope's rating: 1476 &rarr; <strong>1495<\/strong><br \/>(+19 for winning)\n|l|\u2606juloan\n","uploadtime":1700107068,"views":9,"p1id":"juloan","p2id":"moope","formatid":"gen9ou","rating":1440,"private":0,"password":""}