{"id":"gen9ou-1998023904","p1":"Cardo Pixelado","p2":"Imanjoneser","format":"[Gen 9] OU","log":"|j|\u2606Cardo Pixelado\n|j|\u2606Imanjoneser\n|t:|1700880315\n|gametype|singles\n|player|p1|Cardo Pixelado|veteran|\n|player|p2|Imanjoneser|bugcatcher-gen4dp|\n|teamsize|p1|6\n|teamsize|p2|6\n|gen|9\n|tier|[Gen 9] OU\n|rule|Sleep Clause Mod: Limit one foe put to sleep\n|rule|Species Clause: Limit one of each Pok\u00e9mon\n|rule|OHKO Clause: OHKO moves are banned\n|rule|Evasion Items Clause: Evasion items are banned\n|rule|Evasion Moves Clause: Evasion moves are banned\n|rule|Endless Battle Clause: Forcing endless battles is banned\n|rule|HP Percentage Mod: HP is shown in percentages\n|clearpoke\n|poke|p1|Iron Treads|\n|poke|p1|Empoleon, M|\n|poke|p1|Corviknight, M|\n|poke|p1|Gholdengo|\n|poke|p1|Heatran, F|\n|poke|p1|Kingambit, M|\n|poke|p2|Shaymin|\n|poke|p2|Meowscarada, F|\n|poke|p2|Iron Leaves|\n|poke|p2|Chesnaught, F|\n|poke|p2|Amoonguss, F|\n|poke|p2|Torterra, F|\n|teampreview\n|c|\u2606Imanjoneser|Grass this time haha\n|c|\u2606Cardo Pixelado|:O\n|c|\u2606Cardo Pixelado|nice sus team XD\n|c|\u2606Imanjoneser|sus!?!!? Xd\n|c|\u2606Imanjoneser|lol\n|\n|t:|1700880375\n|start\n|switch|p1a: Iron Treads|Iron Treads|100\/100\n|switch|p2a: Meowscarada|Meowscarada, F, shiny|100\/100\n|-enditem|p1a: Iron Treads|Booster Energy\n|-activate|p1a: Iron Treads|ability: Quark Drive|[fromitem]\n|-start|p1a: Iron Treads|quarkdrivespe\n|turn|1\n|\n|t:|1700880383\n|move|p1a: Iron Treads|Stealth Rock|p2a: Meowscarada\n|-sidestart|p2: Imanjoneser|move: Stealth Rock\n|move|p2a: Meowscarada|Taunt|p1a: Iron Treads\n|-start|p2a: Meowscarada|typechange|Dark|[from] ability: Protean\n|-start|p1a: Iron Treads|move: Taunt\n|\n|upkeep\n|turn|2\n|\n|t:|1700880401\n|move|p1a: Iron Treads|Steel Beam|p2a: Meowscarada\n|-damage|p2a: Meowscarada|23\/100\n|-damage|p1a: Iron Treads|50\/100|[from] steelbeam\n|move|p2a: Meowscarada|Flower Trick|p1a: Iron Treads\n|-crit|p1a: Iron Treads\n|-damage|p1a: Iron Treads|22\/100\n|\n|upkeep\n|turn|3\n|\n|t:|1700880410\n|switch|p2a: Chesnaught|Chesnaught, F, shiny|100\/100\n|-damage|p2a: Chesnaught|95\/100|[from] Stealth Rock\n|move|p1a: Iron Treads|Steel Beam|p2a: Chesnaught\n|-damage|p2a: Chesnaught|22\/100\n|-damage|p1a: Iron Treads|0 fnt|[from] steelbeam\n|faint|p1a: Iron Treads\n|-end|p1a: Iron Treads|Quark Drive|[silent]\n|\n|upkeep\n|c|\u2606Cardo Pixelado|Q_Q\n|\n|t:|1700880432\n|switch|p1a: Gholdengo|Gholdengo, shiny|100\/100\n|turn|4\n|\n|t:|1700880437\n|move|p1a: Gholdengo|Make It Rain|p2a: Chesnaught\n|-damage|p2a: Chesnaught|0 fnt\n|-unboost|p1a: Gholdengo|spa|1\n|faint|p2a: Chesnaught\n|\n|upkeep\n|\n|t:|1700880448\n|switch|p2a: Meowscarada|Meowscarada, F, shiny|23\/100\n|-damage|p2a: Meowscarada|10\/100|[from] Stealth Rock\n|turn|5\n|\n|t:|1700880455\n|move|p2a: Meowscarada|Toxic Spikes|p1a: Gholdengo\n|-start|p2a: Meowscarada|typechange|Poison|[from] ability: Protean\n|-sidestart|p1: Cardo Pixelado|move: Toxic Spikes\n|move|p1a: Gholdengo|Make It Rain|p2a: Meowscarada\n|-damage|p2a: Meowscarada|0 fnt\n|-unboost|p1a: Gholdengo|spa|1\n|faint|p2a: Meowscarada\n|\n|upkeep\n|\n|t:|1700880467\n|switch|p2a: Torterra|Torterra, F, shiny|100\/100\n|-damage|p2a: Torterra|94\/100|[from] Stealth Rock\n|turn|6\n|c|\u2606Imanjoneser|Putting a little something down lol\n|\n|t:|1700880480\n|-terastallize|p2a: Torterra|Ground\n|move|p2a: Torterra|Shell Smash|p2a: Torterra\n|-unboost|p2a: Torterra|def|1\n|-unboost|p2a: Torterra|spd|1\n|-boost|p2a: Torterra|atk|2\n|-boost|p2a: Torterra|spa|2\n|-boost|p2a: Torterra|spe|2\n|-enditem|p2a: Torterra|White Herb\n|-clearnegativeboost|p2a: Torterra|[silent]\n|move|p1a: Gholdengo|Nasty Plot|p1a: Gholdengo\n|-boost|p1a: Gholdengo|spa|2\n|\n|upkeep\n|turn|7\n|\n|t:|1700880492\n|move|p2a: Torterra|Earthquake|p1a: Gholdengo\n|-supereffective|p1a: Gholdengo\n|-damage|p1a: Gholdengo|0 fnt\n|faint|p1a: Gholdengo\n|\n|upkeep\n|c|\u2606Cardo Pixelado|alv...\n|\n|t:|1700880502\n|switch|p1a: Heatran|Heatran, F, shiny|100\/100\n|turn|8\n|\n|t:|1700880508\n|move|p2a: Torterra|Earthquake|p1a: Heatran\n|-supereffective|p1a: Heatran\n|-damage|p1a: Heatran|0 fnt\n|faint|p1a: Heatran\n|\n|upkeep\n|\n|t:|1700880515\n|switch|p1a: Corviknight|Corviknight, M, shiny|100\/100\n|-ability|p1a: Corviknight|Pressure\n|turn|9\n|\n|t:|1700880526\n|move|p2a: Torterra|Grassy Terrain|p2a: Torterra\n|-fieldstart|move: Grassy Terrain\n|move|p1a: Corviknight|Brave Bird|p2a: Torterra\n|-damage|p2a: Torterra|60\/100\n|-damage|p1a: Corviknight|91\/100|[from] Recoil\n|\n|-heal|p2a: Torterra|66\/100|[from] Grassy Terrain\n|upkeep\n|turn|10\n|\n|t:|1700880535\n|move|p2a: Torterra|Seed Bomb|p1a: Corviknight\n|-resisted|p1a: Corviknight\n|-damage|p1a: Corviknight|76\/100\n|move|p1a: Corviknight|Brave Bird|p2a: Torterra\n|-damage|p2a: Torterra|29\/100\n|-damage|p1a: Corviknight|66\/100|[from] Recoil\n|\n|-heal|p2a: Torterra|35\/100|[from] Grassy Terrain\n|upkeep\n|turn|11\n|\n|t:|1700880561\n|move|p2a: Torterra|Seed Bomb|p1a: Corviknight\n|-resisted|p1a: Corviknight\n|-damage|p1a: Corviknight|51\/100\n|move|p1a: Corviknight|Brave Bird|p2a: Torterra\n|-damage|p2a: Torterra|0 fnt\n|faint|p2a: Torterra\n|-damage|p1a: Corviknight|42\/100|[from] Recoil\n|\n|upkeep\n|\n|t:|1700880583\n|switch|p2a: Amoonguss|Amoonguss, F, shiny|100\/100\n|-damage|p2a: Amoonguss|88\/100|[from] Stealth Rock\n|turn|12\n|c|\u2606Cardo Pixelado|Hang in there mah knight!\n|\n|t:|1700880593\n|move|p1a: Corviknight|Roost|p1a: Corviknight\n|-heal|p1a: Corviknight|92\/100\n|-singleturn|p1a: Corviknight|move: Roost\n|move|p2a: Amoonguss|Spore|p1a: Corviknight\n|-status|p1a: Corviknight|slp|[from] move: Spore\n|\n|-heal|p1a: Corviknight|98\/100 slp|[from] Grassy Terrain\n|-heal|p2a: Amoonguss|94\/100|[from] Grassy Terrain\n|-heal|p2a: Amoonguss|100\/100|[from] item: Leftovers\n|upkeep\n|turn|13\n|\n|t:|1700880607\n|switch|p1a: Kingambit|Kingambit, M|100\/100\n|-activate|p1a: Kingambit|ability: Supreme Overlord\n|-start|p1a: Kingambit|fallen3|[silent]\n|-item|p1a: Kingambit|Air Balloon\n|switch|p2a: Shaymin|Shaymin, shiny|100\/100\n|-damage|p2a: Shaymin|88\/100|[from] Stealth Rock\n|\n|-heal|p2a: Shaymin|94\/100|[from] Grassy Terrain\n|-heal|p2a: Shaymin|100\/100|[from] item: Leftovers\n|-fieldend|move: Grassy Terrain\n|upkeep\n|turn|14\n|\n|t:|1700880624\n|move|p2a: Shaymin|Worry Seed|p1a: Kingambit\n|-end|p1a: Kingambit|fallen3|[silent]\n|-endability|p1a: Kingambit|Supreme Overlord|[from] move: Worry Seed\n|-ability|p1a: Kingambit|Insomnia|[from] move: Worry Seed\n|move|p1a: Kingambit|Swords Dance|p1a: Kingambit\n|-boost|p1a: Kingambit|atk|2\n|\n|upkeep\n|turn|15\n|\n|t:|1700880631\n|move|p2a: Shaymin|Seed Flare|p1a: Kingambit\n|-resisted|p1a: Kingambit\n|-damage|p1a: Kingambit|75\/100\n|-enditem|p1a: Kingambit|Air Balloon\n|move|p1a: Kingambit|Kowtow Cleave|p2a: Shaymin\n|-damage|p2a: Shaymin|5\/100\n|\n|-heal|p2a: Shaymin|11\/100|[from] item: Leftovers\n|upkeep\n|turn|16\n|\n|t:|1700880640\n|move|p2a: Shaymin|Seed Flare|p1a: Kingambit\n|-resisted|p1a: Kingambit\n|-damage|p1a: Kingambit|48\/100\n|-unboost|p1a: Kingambit|spd|2\n|move|p1a: Kingambit|Kowtow Cleave|p2a: Shaymin\n|-damage|p2a: Shaymin|0 fnt\n|faint|p2a: Shaymin\n|\n|upkeep\n|\n|t:|1700880651\n|switch|p2a: Iron Leaves|Iron Leaves|100\/100\n|-damage|p2a: Iron Leaves|88\/100|[from] Stealth Rock\n|-enditem|p2a: Iron Leaves|Booster Energy\n|-activate|p2a: Iron Leaves|ability: Quark Drive|[fromitem]\n|-start|p2a: Iron Leaves|quarkdrivespe\n|turn|17\n|\n|t:|1700880666\n|move|p2a: Iron Leaves|Sacred Sword|p1a: Kingambit\n|-supereffective|p1a: Kingambit\n|-damage|p1a: Kingambit|0 fnt\n|faint|p1a: Kingambit\n|\n|upkeep\n|\n|t:|1700880675\n|switch|p1a: Corviknight|Corviknight, M, shiny|98\/100 slp\n|-ability|p1a: Corviknight|Pressure\n|turn|18\n|\n|t:|1700880681\n|move|p2a: Iron Leaves|Swords Dance|p2a: Iron Leaves\n|-boost|p2a: Iron Leaves|atk|2\n|cant|p1a: Corviknight|slp\n|\n|upkeep\n|turn|19\n|\n|t:|1700880689\n|move|p2a: Iron Leaves|Sacred Sword|p1a: Corviknight\n|-damage|p1a: Corviknight|64\/100 slp\n|-damage|p2a: Iron Leaves|71\/100|[from] item: Rocky Helmet|[of] p1a: Corviknight\n|cant|p1a: Corviknight|slp\n|\n|upkeep\n|turn|20\n|c|\u2606Cardo Pixelado|how many turns sleep last in this?\n|\n|t:|1700880712\n|move|p2a: Iron Leaves|Sacred Sword|p1a: Corviknight\n|-damage|p1a: Corviknight|32\/100 slp\n|-damage|p2a: Iron Leaves|55\/100|[from] item: Rocky Helmet|[of] p1a: Corviknight\n|-curestatus|p1a: Corviknight|slp|[msg]\n|move|p1a: Corviknight|Roost|p1a: Corviknight\n|-heal|p1a: Corviknight|82\/100\n|-singleturn|p1a: Corviknight|move: Roost\n|\n|upkeep\n|turn|21\n|c|\u2606Cardo Pixelado|nevermind\n|c|\u2606Imanjoneser|You're up haha\n|\n|t:|1700880733\n|move|p2a: Iron Leaves|Sacred Sword|p1a: Corviknight\n|-damage|p1a: Corviknight|49\/100\n|-damage|p2a: Iron Leaves|38\/100|[from] item: Rocky Helmet|[of] p1a: Corviknight\n|move|p1a: Corviknight|Brave Bird|p2a: Iron Leaves\n|-supereffective|p2a: Iron Leaves\n|-damage|p2a: Iron Leaves|0 fnt\n|faint|p2a: Iron Leaves\n|-end|p2a: Iron Leaves|Quark Drive|[silent]\n|-damage|p1a: Corviknight|39\/100|[from] Recoil\n|\n|upkeep\n|\n|t:|1700880742\n|switch|p2a: Amoonguss|Amoonguss, F, shiny|100\/100\n|-damage|p2a: Amoonguss|88\/100|[from] Stealth Rock\n|turn|22\n|c|\u2606Imanjoneser|gg you win this one\n|c|\u2606Imanjoneser|:)\n|\n|t:|1700880754\n|move|p1a: Corviknight|Roost|p1a: Corviknight\n|-heal|p1a: Corviknight|89\/100\n|-singleturn|p1a: Corviknight|move: Roost\n|move|p2a: Amoonguss|Spore|p1a: Corviknight\n|-status|p1a: Corviknight|slp|[from] move: Spore\n|\n|-heal|p2a: Amoonguss|94\/100|[from] item: Leftovers\n|upkeep\n|turn|23\n|c|\u2606Cardo Pixelado|:D\n|\n|t:|1700880766\n|cant|p1a: Corviknight|slp\n|move|p2a: Amoonguss|Clear Smog|p1a: Corviknight\n|-immune|p1a: Corviknight\n|\n|-heal|p2a: Amoonguss|100\/100|[from] item: Leftovers\n|upkeep\n|turn|24\n|c|\u2606Imanjoneser|See I can't hit you\n|\n|t:|1700880773\n|-curestatus|p1a: Corviknight|slp|[msg]\n|move|p1a: Corviknight|Brave Bird|p2a: Amoonguss\n|-supereffective|p2a: Amoonguss\n|-damage|p2a: Amoonguss|39\/100\n|-damage|p1a: Corviknight|67\/100|[from] Recoil\n|move|p2a: Amoonguss|Clear Smog|p1a: Corviknight\n|-immune|p1a: Corviknight\n|\n|-heal|p2a: Amoonguss|46\/100|[from] item: Leftovers\n|upkeep\n|turn|25\n|\n|t:|1700880785\n|move|p1a: Corviknight|Brave Bird|p2a: Amoonguss\n|-supereffective|p2a: Amoonguss\n|-damage|p2a: Amoonguss|0 fnt\n|faint|p2a: Amoonguss\n|-damage|p1a: Corviknight|51\/100|[from] Recoil\n|\n|win|Cardo Pixelado\n|c|\u2606Imanjoneser|ANother?\n|c|\u2606Imanjoneser|*Another\n|c|\u2606Imanjoneser|?\n|c|\u2606Cardo Pixelado|let me make other team\n|c|\u2606Imanjoneser|Ok sounds good\n|c|\u2606Cardo Pixelado|or I can use a random one, cuz why not XD\n|l|\u2606Cardo Pixelado\n|c|\u2606Imanjoneser|Lol watcha mean a random one? XD\n","uploadtime":1700881488,"views":1,"p1id":"cardopixelado","p2id":"imanjoneser","formatid":"gen9ou","rating":0,"private":0,"password":""}