{"id":"gen9ou-1993092475","p1":"Slime2225","p2":"ochuruls","format":"[Gen 9] OU","log":"|j|\u2606Slime2225\n|j|\u2606ochuruls\n|t:|1700263852\n|gametype|singles\n|player|p1|Slime2225|2|\n|player|p2|ochuruls|n|\n|teamsize|p1|6\n|teamsize|p2|6\n|gen|9\n|tier|[Gen 9] OU\n|rule|Sleep Clause Mod: Limit one foe put to sleep\n|rule|Species Clause: Limit one of each Pok\u00e9mon\n|rule|OHKO Clause: OHKO moves are banned\n|rule|Evasion Items Clause: Evasion items are banned\n|rule|Evasion Moves Clause: Evasion moves are banned\n|rule|Endless Battle Clause: Forcing endless battles is banned\n|rule|HP Percentage Mod: HP is shown in percentages\n|clearpoke\n|poke|p1|Iron Moth|\n|poke|p1|Thundurus-Therian, M|\n|poke|p1|Zamazenta-*|\n|poke|p1|Toedscruel, M|\n|poke|p1|Sneasler, M|\n|poke|p1|Toxicroak, M|\n|poke|p2|Corviknight, F|\n|poke|p2|Kingambit, M|\n|poke|p2|Diancie|\n|poke|p2|Gengar, M|\n|poke|p2|Rotom-Wash|\n|poke|p2|Heracross, M|\n|teampreview\n|l|\u2606ochuruls\n|player|p2|\n|j|\u2606ochuruls\n|player|p2|ochuruls|n\n|\n|t:|1700263958\n|start\n|switch|p1a: Thundurus|Thundurus-Therian, M|100\/100\n|switch|p2a: Heracross|Heracross, M|100\/100\n|turn|1\n|\n|t:|1700263991\n|switch|p2a: Diancie|Diancie|100\/100\n|move|p1a: Thundurus|Bulk Up|p1a: Thundurus\n|-boost|p1a: Thundurus|atk|1\n|-boost|p1a: Thundurus|def|1\n|\n|upkeep\n|turn|2\n|\n|t:|1700264018\n|-terastallize|p1a: Thundurus|Rock\n|move|p1a: Thundurus|Thunder Wave|p2a: Diancie|[miss]\n|-miss|p1a: Thundurus|p2a: Diancie\n|move|p2a: Diancie|Diamond Storm|p1a: Thundurus\n|-damage|p1a: Thundurus|62\/100\n|\n|upkeep\n|turn|3\n|\n|t:|1700264039\n|move|p1a: Thundurus|Thunder Wave|p2a: Diancie\n|-status|p2a: Diancie|par\n|move|p2a: Diancie|Diamond Storm|p1a: Thundurus\n|-damage|p1a: Thundurus|29\/100\n|-boost|p2a: Diancie|def|2\n|\n|upkeep\n|turn|4\n|\n|t:|1700264048\n|move|p1a: Thundurus|Discharge|p2a: Diancie\n|-damage|p2a: Diancie|75\/100 par\n|cant|p2a: Diancie|par\n|\n|-heal|p2a: Diancie|82\/100 par|[from] item: Leftovers\n|upkeep\n|turn|5\n|\n|t:|1700264058\n|move|p1a: Thundurus|Discharge|p2a: Diancie\n|-damage|p2a: Diancie|54\/100 par\n|cant|p2a: Diancie|par\n|\n|-heal|p2a: Diancie|60\/100 par|[from] item: Leftovers\n|upkeep\n|turn|6\n|\n|t:|1700264076\n|move|p1a: Thundurus|Discharge|p2a: Diancie\n|-damage|p2a: Diancie|34\/100 par\n|cant|p2a: Diancie|par\n|\n|-heal|p2a: Diancie|41\/100 par|[from] item: Leftovers\n|upkeep\n|turn|7\n|\n|t:|1700264085\n|move|p1a: Thundurus|Discharge|p2a: Diancie\n|-damage|p2a: Diancie|11\/100 par\n|cant|p2a: Diancie|par\n|\n|-heal|p2a: Diancie|17\/100 par|[from] item: Leftovers\n|upkeep\n|turn|8\n|c|\u2606ochuruls|A bueno pues no me muevo\n|c|\u2606Slime2225|XD\n|\n|t:|1700264106\n|move|p1a: Thundurus|Discharge|p2a: Diancie\n|-crit|p2a: Diancie\n|-damage|p2a: Diancie|0 fnt\n|faint|p2a: Diancie\n|\n|upkeep\n|\n|t:|1700264119\n|switch|p2a: Rotom|Rotom-Wash|100\/100\n|turn|9\n|\n|t:|1700264126\n|move|p1a: Thundurus|Thunder Wave|p2a: Rotom\n|-immune|p2a: Rotom\n|move|p2a: Rotom|Hydro Pump|p1a: Thundurus\n|-supereffective|p1a: Thundurus\n|-damage|p1a: Thundurus|0 fnt\n|faint|p1a: Thundurus\n|\n|upkeep\n|\n|t:|1700264141\n|switch|p1a: Toedscruel|Toedscruel, M|100\/100\n|turn|10\n|\n|t:|1700264158\n|move|p2a: Rotom|Volt Switch|p1a: Toedscruel\n|-immune|p1a: Toedscruel\n|move|p1a: Toedscruel|Toxic Spikes|p2a: Rotom\n|-sidestart|p2: ochuruls|move: Toxic Spikes\n|\n|upkeep\n|turn|11\n|c|\u2606ochuruls|Xd\n|\n|t:|1700264174\n|switch|p2a: Corviknight|Corviknight, F|100\/100\n|-ability|p2a: Corviknight|Pressure\n|move|p1a: Toedscruel|Toxic Spikes|p2a: Corviknight\n|-sidestart|p2: ochuruls|move: Toxic Spikes\n|\n|upkeep\n|turn|12\n|\n|t:|1700264192\n|move|p1a: Toedscruel|Giga Drain|p2a: Corviknight\n|-resisted|p2a: Corviknight\n|-damage|p2a: Corviknight|94\/100\n|move|p2a: Corviknight|Defog|p1a: Toedscruel\n|-unboost|p1a: Toedscruel|evasion|1\n|-sideend|p2: ochuruls|Toxic Spikes|[from] move: Defog|[of] p2a: Corviknight\n|\n|upkeep\n|turn|13\n|\n|t:|1700264222\n|switch|p1a: Sneasler|Sneasler, M|100\/100\n|move|p2a: Corviknight|Brave Bird|p1a: Sneasler\n|-supereffective|p1a: Sneasler\n|-damage|p1a: Sneasler|0 fnt\n|faint|p1a: Sneasler\n|-damage|p2a: Corviknight|69\/100|[from] Recoil\n|\n|upkeep\n|\n|t:|1700264235\n|switch|p1a: Iron Moth|Iron Moth|100\/100\n|turn|14\n|\n|t:|1700264260\n|switch|p2a: Rotom|Rotom-Wash|100\/100\n|move|p1a: Iron Moth|Flamethrower|p2a: Rotom\n|-resisted|p2a: Rotom\n|-damage|p2a: Rotom|73\/100\n|\n|-heal|p2a: Rotom|79\/100|[from] item: Leftovers\n|upkeep\n|turn|15\n|\n|t:|1700264271\n|move|p1a: Iron Moth|Energy Ball|p2a: Rotom\n|-supereffective|p2a: Rotom\n|-damage|p2a: Rotom|4\/100\n|move|p2a: Rotom|Hydro Pump|p1a: Iron Moth\n|-supereffective|p1a: Iron Moth\n|-damage|p1a: Iron Moth|50\/100\n|\n|-heal|p2a: Rotom|10\/100|[from] item: Leftovers\n|upkeep\n|turn|16\n|\n|t:|1700264303\n|move|p1a: Iron Moth|Flamethrower|p2a: Rotom\n|-resisted|p2a: Rotom\n|-damage|p2a: Rotom|0 fnt\n|faint|p2a: Rotom\n|\n|upkeep\n|\n|t:|1700264315\n|switch|p2a: Gengar|Gengar, M|100\/100\n|turn|17\n|\n|t:|1700264333\n|-end|p1a: Iron Moth|Quark Drive|[silent]\n|switch|p1a: Toedscruel|Toedscruel, M|100\/100\n|move|p2a: Gengar|Shadow Ball|p1a: Toedscruel\n|-damage|p1a: Toedscruel|35\/100\n|\n|upkeep\n|turn|18\n|\n|t:|1700264343\n|move|p2a: Gengar|Shadow Ball|p1a: Toedscruel\n|-damage|p1a: Toedscruel|0 fnt\n|faint|p1a: Toedscruel\n|\n|upkeep\n|\n|t:|1700264349\n|switch|p1a: Toxicroak|Toxicroak, M|100\/100\n|turn|19\n|\n|t:|1700264354\n|move|p2a: Gengar|Shadow Ball|p1a: Toxicroak\n|-damage|p1a: Toxicroak|0 fnt\n|faint|p1a: Toxicroak\n|\n|upkeep\n|\n|t:|1700264364\n|switch|p1a: Iron Moth|Iron Moth|50\/100\n|turn|20\n|\n|t:|1700264369\n|move|p1a: Iron Moth|Energy Ball|p2a: Gengar\n|-resisted|p2a: Gengar\n|-damage|p2a: Gengar|74\/100\n|move|p2a: Gengar|Shadow Ball|p1a: Iron Moth\n|-damage|p1a: Iron Moth|3\/100\n|-unboost|p1a: Iron Moth|spd|1\n|\n|upkeep\n|turn|21\n|\n|t:|1700264379\n|move|p1a: Iron Moth|Bug Buzz|p2a: Gengar\n|-resisted|p2a: Gengar\n|-damage|p2a: Gengar|61\/100\n|move|p2a: Gengar|Shadow Ball|p1a: Iron Moth\n|-damage|p1a: Iron Moth|0 fnt\n|faint|p1a: Iron Moth\n|-end|p1a: Iron Moth|Quark Drive|[silent]\n|\n|upkeep\n|\n|t:|1700264388\n|switch|p1a: Zamazenta|Zamazenta|100\/100\n|-ability|p1a: Zamazenta|Dauntless Shield|boost\n|-boost|p1a: Zamazenta|def|1\n|turn|22\n|c|\u2606Slime2225|No pos, chidos los inta K-O xD\n|\n|t:|1700264416\n|move|p2a: Gengar|Shadow Ball|p1a: Zamazenta\n|-damage|p1a: Zamazenta|65\/100\n|-unboost|p1a: Zamazenta|spd|1\n|move|p1a: Zamazenta|Iron Head|p2a: Gengar\n|-damage|p2a: Gengar|2\/100\n|\n|upkeep\n|turn|23\n|\n|t:|1700264426\n|move|p2a: Gengar|Shadow Ball|p1a: Zamazenta\n|-damage|p1a: Zamazenta|20\/100\n|move|p1a: Zamazenta|Iron Head|p2a: Gengar\n|-damage|p2a: Gengar|0 fnt\n|faint|p2a: Gengar\n|\n|upkeep\n|\n|t:|1700264432\n|switch|p2a: Corviknight|Corviknight, F|69\/100\n|-ability|p2a: Corviknight|Pressure\n|turn|24\n|\n|t:|1700264440\n|move|p1a: Zamazenta|Close Combat|p2a: Corviknight\n|-damage|p2a: Corviknight|28\/100\n|-unboost|p1a: Zamazenta|def|1\n|-unboost|p1a: Zamazenta|spd|1\n|move|p2a: Corviknight|Brave Bird|p1a: Zamazenta\n|-supereffective|p1a: Zamazenta\n|-damage|p1a: Zamazenta|0 fnt\n|faint|p1a: Zamazenta\n|-damage|p2a: Corviknight|22\/100|[from] Recoil\n|\n|win|ochuruls\n","uploadtime":1700264445,"views":48,"p1id":"slime2225","p2id":"ochuruls","formatid":"gen9ou","rating":0,"private":0,"password":""}