{"id":"gen9ou-1995361731","p1":"yeziqie","p2":"Garbagery","format":"[Gen 9] OU","log":"|j|\u2606yeziqie\n|j|\u203dGarbagery\n|t:|1700559966\n|gametype|singles\n|player|p1|yeziqie|266|1440\n|player|p2|Garbagery|102|1475\n|teamsize|p1|6\n|teamsize|p2|6\n|gen|9\n|tier|[Gen 9] OU\n|rated|\n|rule|Sleep Clause Mod: Limit one foe put to sleep\n|rule|Species Clause: Limit one of each Pok\u00e9mon\n|rule|OHKO Clause: OHKO moves are banned\n|rule|Evasion Items Clause: Evasion items are banned\n|rule|Evasion Moves Clause: Evasion moves are banned\n|rule|Endless Battle Clause: Forcing endless battles is banned\n|rule|HP Percentage Mod: HP is shown in percentages\n|clearpoke\n|poke|p1|Ribombee, F|\n|poke|p1|Kleavor, M|\n|poke|p1|Scizor, F|\n|poke|p1|Lokix, F|\n|poke|p1|Yanmega, M|\n|poke|p1|Iron Thorns|\n|poke|p2|Garchomp, M|\n|poke|p2|Gholdengo|\n|poke|p2|Great Tusk|\n|poke|p2|Dragapult, F|\n|poke|p2|Kingambit, M|\n|poke|p2|Slowking-Galar, M|\n|teampreview\n|\n|t:|1700559990\n|start\n|switch|p1a: Ribombee|Ribombee, F|100\/100\n|switch|p2a: Great Tusk|Great Tusk|100\/100\n|-enditem|p2a: Great Tusk|Booster Energy\n|-activate|p2a: Great Tusk|ability: Protosynthesis|[fromitem]\n|-start|p2a: Great Tusk|protosynthesisatk\n|turn|1\n|\n|t:|1700560010\n|-terastallize|p2a: Great Tusk|Ground\n|move|p1a: Ribombee|Stun Spore|p2a: Great Tusk\n|-status|p2a: Great Tusk|par\n|cant|p2a: Great Tusk|par\n|\n|upkeep\n|turn|2\n|\n|t:|1700560022\n|move|p1a: Ribombee|Moonblast|p2a: Great Tusk\n|-damage|p2a: Great Tusk|43\/100 par\n|move|p2a: Great Tusk|Rapid Spin|p1a: Ribombee\n|-damage|p1a: Ribombee|53\/100\n|-boost|p2a: Great Tusk|spe|1\n|\n|upkeep\n|turn|3\n|\n|t:|1700560043\n|move|p1a: Ribombee|Moonblast|p2a: Great Tusk\n|-damage|p2a: Great Tusk|0 fnt\n|faint|p2a: Great Tusk\n|-end|p2a: Great Tusk|Protosynthesis|[silent]\n|\n|upkeep\n|\n|t:|1700560046\n|switch|p2a: Dragapult|Dragapult, F|100\/100\n|turn|4\n|\n|t:|1700560062\n|switch|p1a: Lokix|Lokix, F|100\/100\n|move|p2a: Dragapult|Shadow Ball|p1a: Lokix\n|-resisted|p1a: Lokix\n|-damage|p1a: Lokix|49\/100\n|\n|upkeep\n|turn|5\n|\n|t:|1700560090\n|switch|p2a: Garchomp|Garchomp, M|100\/100\n|-terastallize|p1a: Lokix|Bug\n|move|p1a: Lokix|First Impression|p2a: Garchomp\n|-damage|p2a: Garchomp|27\/100\n|-damage|p1a: Lokix|37\/100|[from] ability: Rough Skin|[of] p2a: Garchomp\n|-damage|p1a: Lokix|20\/100|[from] item: Rocky Helmet|[of] p2a: Garchomp\n|\n|upkeep\n|turn|6\n|\n|t:|1700560099\n|switch|p1a: Ribombee|Ribombee, F|53\/100\n|move|p2a: Garchomp|Stealth Rock|p1a: Ribombee\n|-sidestart|p1: yeziqie|move: Stealth Rock\n|\n|upkeep\n|turn|7\n|\n|t:|1700560113\n|move|p1a: Ribombee|Sticky Web|p2a: Garchomp\n|-sidestart|p2: Garbagery|move: Sticky Web\n|move|p2a: Garchomp|Spikes|p1a: Ribombee\n|-sidestart|p1: yeziqie|Spikes\n|\n|upkeep\n|turn|8\n|\n|t:|1700560130\n|switch|p2a: Slowking|Slowking-Galar, M|100\/100\n|move|p1a: Ribombee|Moonblast|p2a: Slowking\n|-resisted|p2a: Slowking\n|-damage|p2a: Slowking|90\/100\n|\n|upkeep\n|turn|9\n|\n|t:|1700560140\n|move|p1a: Ribombee|Stun Spore|p2a: Slowking\n|-status|p2a: Slowking|par\n|move|p2a: Slowking|Sludge Bomb|p1a: Ribombee\n|-supereffective|p1a: Ribombee\n|-damage|p1a: Ribombee|0 fnt\n|faint|p1a: Ribombee\n|\n|upkeep\n|\n|t:|1700560154\n|switch|p1a: Kleavor|Kleavor, M|100\/100\n|-damage|p1a: Kleavor|76\/100|[from] Stealth Rock\n|-damage|p1a: Kleavor|63\/100|[from] Spikes\n|turn|10\n|\n|t:|1700560162\n|switch|p2a: Garchomp|Garchomp, M|27\/100\n|-activate|p2a: Garchomp|move: Sticky Web\n|-unboost|p2a: Garchomp|spe|1\n|move|p1a: Kleavor|Stone Axe|p2a: Garchomp\n|-resisted|p2a: Garchomp\n|-damage|p2a: Garchomp|5\/100\n|-damage|p1a: Kleavor|51\/100|[from] ability: Rough Skin|[of] p2a: Garchomp\n|-damage|p1a: Kleavor|34\/100|[from] item: Rocky Helmet|[of] p2a: Garchomp\n|-sidestart|p2: Garbagery|move: Stealth Rock\n|\n|upkeep\n|turn|11\n|\n|t:|1700560180\n|move|p1a: Kleavor|Stone Axe|p2a: Garchomp\n|-resisted|p2a: Garchomp\n|-damage|p2a: Garchomp|0 fnt\n|-damage|p1a: Kleavor|22\/100|[from] ability: Rough Skin|[of] p2a: Garchomp\n|-damage|p1a: Kleavor|5\/100|[from] item: Rocky Helmet|[of] p2a: Garchomp\n|faint|p2a: Garchomp\n|\n|upkeep\n|\n|t:|1700560219\n|switch|p2a: Slowking|Slowking-Galar, M|100\/100 par\n|turn|12\n|\n|t:|1700560244\n|move|p1a: Kleavor|Stone Axe|p2a: Slowking\n|-damage|p2a: Slowking|45\/100 par\n|move|p2a: Slowking|Psyshock|p1a: Kleavor\n|-damage|p1a: Kleavor|0 fnt\n|faint|p1a: Kleavor\n|\n|upkeep\n|\n|t:|1700560260\n|switch|p1a: Scizor|Scizor, F|100\/100\n|-damage|p1a: Scizor|88\/100|[from] Stealth Rock\n|-damage|p1a: Scizor|76\/100|[from] Spikes\n|turn|13\n|\n|t:|1700560264\n|move|p1a: Scizor|U-turn|p2a: Slowking\n|-damage|p2a: Slowking|0 fnt\n|faint|p2a: Slowking\n|\n|t:|1700560280\n|switch|p1a: Iron Thorns|Iron Thorns|100\/100|[from] U-turn\n|-damage|p1a: Iron Thorns|88\/100|[from] Stealth Rock\n|-damage|p1a: Iron Thorns|76\/100|[from] Spikes\n|\n|upkeep\n|\n|t:|1700560313\n|switch|p2a: Kingambit|Kingambit, M|100\/100\n|-activate|p2a: Kingambit|move: Sticky Web\n|-unboost|p2a: Kingambit|spe|1\n|-damage|p2a: Kingambit|94\/100|[from] Stealth Rock\n|-activate|p2a: Kingambit|ability: Supreme Overlord\n|-start|p2a: Kingambit|fallen3|[silent]\n|turn|14\n|\n|t:|1700560321\n|move|p1a: Iron Thorns|Earthquake|p2a: Kingambit\n|-supereffective|p2a: Kingambit\n|-crit|p2a: Kingambit\n|-damage|p2a: Kingambit|8\/100\n|move|p2a: Kingambit|Low Kick|p1a: Iron Thorns\n|-supereffective|p1a: Iron Thorns\n|-damage|p1a: Iron Thorns|0 fnt\n|faint|p1a: Iron Thorns\n|-end|p1a: Iron Thorns|Quark Drive|[silent]\n|\n|-heal|p2a: Kingambit|14\/100|[from] item: Leftovers\n|upkeep\n|\n|t:|1700560325\n|switch|p1a: Scizor|Scizor, F|76\/100\n|-damage|p1a: Scizor|63\/100|[from] Stealth Rock\n|-damage|p1a: Scizor|51\/100|[from] Spikes\n|turn|15\n|\n|t:|1700560336\n|-end|p2a: Kingambit|fallen3|[silent]\n|switch|p2a: Gholdengo|Gholdengo|100\/100\n|-activate|p2a: Gholdengo|move: Sticky Web\n|-unboost|p2a: Gholdengo|spe|1\n|-damage|p2a: Gholdengo|94\/100|[from] Stealth Rock\n|move|p1a: Scizor|Thief|p2a: Gholdengo\n|-supereffective|p2a: Gholdengo\n|-damage|p2a: Gholdengo|0 fnt\n|faint|p2a: Gholdengo\n|\n|upkeep\n|\n|t:|1700560339\n|switch|p2a: Dragapult|Dragapult, F|100\/100\n|-activate|p2a: Dragapult|move: Sticky Web\n|-fail|p2a: Dragapult|unboost|[from] ability: Clear Body|[of] p2a: Dragapult\n|-damage|p2a: Dragapult|88\/100|[from] Stealth Rock\n|turn|16\n|\n|t:|1700560353\n|switch|p1a: Lokix|Lokix, F, tera:Bug|20\/100\n|-damage|p1a: Lokix|0 fnt|[from] Stealth Rock\n|faint|p1a: Lokix\n|move|p2a: Dragapult|Shadow Ball|p1: Lokix|[notarget]\n|-fail|p2a: Dragapult\n|\n|upkeep\n|\n|t:|1700560356\n|switch|p1a: Yanmega|Yanmega, M|100\/100\n|-damage|p1a: Yanmega|51\/100|[from] Stealth Rock\n|turn|17\n|\n|t:|1700560372\n|move|p2a: Dragapult|Shadow Ball|p1a: Yanmega\n|-damage|p1a: Yanmega|0 fnt\n|faint|p1a: Yanmega\n|\n|upkeep\n|\n|t:|1700560375\n|switch|p1a: Scizor|Scizor, F|51\/100\n|-damage|p1a: Scizor|39\/100|[from] Stealth Rock\n|-damage|p1a: Scizor|26\/100|[from] Spikes\n|turn|18\n|\n|t:|1700560378\n|move|p1a: Scizor|Bullet Punch|p2a: Dragapult\n|-crit|p2a: Dragapult\n|-damage|p2a: Dragapult|0 fnt\n|faint|p2a: Dragapult\n|\n|upkeep\n|\n|t:|1700560380\n|switch|p2a: Kingambit|Kingambit, M|14\/100\n|-activate|p2a: Kingambit|move: Sticky Web\n|-unboost|p2a: Kingambit|spe|1\n|-damage|p2a: Kingambit|8\/100|[from] Stealth Rock\n|-activate|p2a: Kingambit|ability: Supreme Overlord\n|-start|p2a: Kingambit|fallen5|[silent]\n|turn|19\n|\n|t:|1700560384\n|move|p1a: Scizor|Bullet Punch|p2a: Kingambit\n|-resisted|p2a: Kingambit\n|-damage|p2a: Kingambit|0 fnt\n|faint|p2a: Kingambit\n|-end|p2a: Kingambit|fallen5|[silent]\n|\n|win|yeziqie\n|raw|yeziqie's rating: 1426 &rarr; <strong>1449<\/strong><br \/>(+23 for winning)\n|raw|Garbagery's rating: 1475 &rarr; <strong>1452<\/strong><br \/>(-23 for losing)\n","uploadtime":1700560390,"views":1,"p1id":"yeziqie","p2id":"garbagery","formatid":"gen9ou","rating":1449,"private":0,"password":""}