{"id":"gen9ou-1996849653","p1":"bakchodi","p2":"dgzdr","format":"[Gen 9] OU","log":"|j|\u2606bakchodi\n|j|\u2606dgzdr\n|inactive|Battle timer is ON: inactive players will automatically lose when time's up.\n|t:|1700735142\n|gametype|singles\n|player|p1|bakchodi|ash|\n|player|p2|dgzdr|169|\n|teamsize|p1|4\n|teamsize|p2|4\n|gen|9\n|tier|[Gen 9] OU\n|rated|Tournament battle\n|rule|Sleep Clause Mod: Limit one foe put to sleep\n|rule|Species Clause: Limit one of each Pok\u00e9mon\n|rule|OHKO Clause: OHKO moves are banned\n|rule|Evasion Items Clause: Evasion items are banned\n|rule|Evasion Moves Clause: Evasion moves are banned\n|rule|Endless Battle Clause: Forcing endless battles is banned\n|rule|HP Percentage Mod: HP is shown in percentages\n|clearpoke\n|poke|p1|Haxorus, M|\n|poke|p1|Stunky, F|\n|poke|p1|Litwick, F|\n|poke|p1|Shroodle, F|\n|poke|p2|Swinub, M|\n|poke|p2|Maushold-Four|\n|poke|p2|Sawsbuck, F|\n|poke|p2|Slugma, F|\n|teampreview\n|j|*Lady Monita \u2746\n|\n|t:|1700735154\n|start\n|switch|p1a: Litwick|Litwick, F|100\/100\n|switch|p2a: Babosa|Slugma, F|100\/100\n|turn|1\n|j| JAnimateDied\n|l| JAnimateDied\n|inactive|dgzdr has 120 seconds left.\n|\n|t:|1700735188\n|move|p2a: Babosa|Lava Plume|p1a: Litwick\n|-resisted|p1a: Litwick\n|-damage|p1a: Litwick|87\/100\n|move|p1a: Litwick|Calm Mind|p1a: Litwick\n|-boost|p1a: Litwick|spa|1\n|-boost|p1a: Litwick|spd|1\n|\n|upkeep\n|turn|2\n|inactive|dgzdr has 120 seconds left.\n|\n|t:|1700735199\n|switch|p2a: serdo|Swinub, M|100\/100\n|move|p1a: Litwick|Calm Mind|p1a: Litwick\n|-boost|p1a: Litwick|spa|1\n|-boost|p1a: Litwick|spd|1\n|\n|upkeep\n|turn|3\n|\n|t:|1700735222\n|-terastallize|p1a: Litwick|Ghost\n|move|p2a: serdo|Earthquake|p1a: Litwick\n|-damage|p1a: Litwick|64\/100\n|move|p1a: Litwick|Energy Ball|p2a: serdo\n|-supereffective|p2a: serdo\n|-damage|p2a: serdo|0 fnt\n|faint|p2a: serdo\n|\n|upkeep\n|\n|t:|1700735232\n|switch|p2a: Babosa|Slugma, F|100\/100\n|turn|4\n|\n|t:|1700735235\n|move|p2a: Babosa|Clear Smog|p1a: Litwick\n|-resisted|p1a: Litwick\n|-damage|p1a: Litwick|61\/100\n|-clearboost|p1a: Litwick\n|move|p1a: Litwick|Shadow Ball|p2a: Babosa\n|-damage|p2a: Babosa|57\/100\n|\n|upkeep\n|turn|5\n|\n|t:|1700735240\n|move|p2a: Babosa|Will-O-Wisp|p1a: Litwick|[miss]\n|-miss|p2a: Babosa|p1a: Litwick\n|move|p1a: Litwick|Shadow Ball|p2a: Babosa\n|-damage|p2a: Babosa|14\/100\n|\n|upkeep\n|turn|6\n|\n|t:|1700735263\n|move|p2a: Babosa|Will-O-Wisp|p1a: Litwick\n|-status|p1a: Litwick|brn\n|move|p1a: Litwick|Flamethrower|p2a: Babosa\n|-resisted|p2a: Babosa\n|-damage|p2a: Babosa|0 fnt\n|faint|p2a: Babosa\n|\n|-damage|p1a: Litwick|55\/100 brn|[from] brn\n|upkeep\n|\n|t:|1700735268\n|switch|p2a: Bambi|Sawsbuck, F|100\/100\n|turn|7\n|l|\u2606bakchodi\n|inactive|bakchodi disconnected and has a minute to reconnect!\n|player|p1|\n|j|\u2606bakchodi\n|inactive|bakchodi reconnected and has 135 seconds left.\n|player|p1|bakchodi|ash\n|\n|t:|1700735288\n|move|p2a: Bambi|Swords Dance|p2a: Bambi\n|-boost|p2a: Bambi|atk|2\n|move|p1a: Litwick|Flamethrower|p2a: Bambi\n|-supereffective|p2a: Bambi\n|-damage|p2a: Bambi|30\/100\n|\n|-damage|p1a: Litwick|49\/100 brn|[from] brn\n|upkeep\n|turn|8\n|\n|t:|1700735294\n|move|p2a: Bambi|Horn Leech|p1a: Litwick\n|-crit|p1a: Litwick\n|-damage|p1a: Litwick|0 fnt\n|-heal|p2a: Bambi|55\/100|[from] drain|[of] p1a: Litwick\n|faint|p1a: Litwick\n|\n|upkeep\n|\n|t:|1700735298\n|switch|p1a: Haxorus|Haxorus, M, shiny|100\/100\n|-ability|p1a: Haxorus|Mold Breaker\n|turn|9\n|\n|t:|1700735307\n|move|p2a: Bambi|Headbutt|p1a: Haxorus\n|-damage|p1a: Haxorus|22\/100\n|cant|p1a: Haxorus|flinch\n|\n|upkeep\n|turn|10\n|inactive|bakchodi has 120 seconds left.\n|\n|t:|1700735340\n|switch|p1a: Shroodle|Shroodle, F, shiny|100\/100\n|move|p2a: Bambi|Headbutt|p1a: Shroodle\n|-enditem|p1a: Shroodle|Focus Sash\n|-damage|p1a: Shroodle|1\/100\n|\n|upkeep\n|turn|11\n|inactive|bakchodi has 120 seconds left.\n|l|\u2606bakchodi\n|inactive|bakchodi disconnected and has a minute to reconnect!\n|player|p1|\n|j|\u2606bakchodi\n|inactive|bakchodi reconnected and has 120 seconds left.\n|player|p1|bakchodi|ash\n|j| nigel\n|l| nigel\n|\n|t:|1700735365\n|move|p1a: Shroodle|Encore|p2a: Bambi\n|-start|p2a: Bambi|Encore\n|move|p2a: Bambi|Headbutt|p1a: Shroodle\n|-damage|p1a: Shroodle|0 fnt\n|faint|p1a: Shroodle\n|\n|upkeep\n|\n|t:|1700735367\n|switch|p1a: Haxorus|Haxorus, M, shiny|22\/100\n|-ability|p1a: Haxorus|Mold Breaker\n|turn|12\n|\n|t:|1700735375\n|move|p1a: Haxorus|First Impression|p2a: Bambi\n|-supereffective|p2a: Bambi\n|-damage|p2a: Bambi|0 fnt\n|faint|p2a: Bambi\n|\n|upkeep\n|\n|t:|1700735377\n|switch|p2a: RATA|Maushold-Four|100\/100\n|turn|13\n|inactive|bakchodi has 120 seconds left.\n|\n|t:|1700735413\n|move|p2a: RATA|Tidy Up|p2a: RATA\n|-boost|p2a: RATA|atk|1\n|-boost|p2a: RATA|spe|1\n|move|p1a: Haxorus|Outrage|p2a: RATA\n|-damage|p2a: RATA|0 fnt\n|faint|p2a: RATA\n|\n|win|bakchodi\n|n|\u2606dgzdr|dgzdr\n|n|*Lady Monita \u2746|ladymonita\n|n|\u2606bakchodi|bakchodi\n","uploadtime":1700735415,"views":2,"p1id":"bakchodi","p2id":"dgzdr","formatid":"gen9ou","rating":0,"private":0,"password":""}