{"id":"gen9ou-1997991511","p1":"Parrot David","p2":"soy bebe","format":"[Gen 9] OU","log":"|j|\u2606Parrot David\n|j|\u2606soy bebe\n|t:|1700876248\n|gametype|singles\n|player|p1|Parrot David|rosa|1405\n|player|p2|soy bebe|winona-gen3|1543\n|teamsize|p1|6\n|teamsize|p2|6\n|gen|9\n|tier|[Gen 9] OU\n|rated|\n|rule|Sleep Clause Mod: Limit one foe put to sleep\n|rule|Species Clause: Limit one of each Pok\u00e9mon\n|rule|OHKO Clause: OHKO moves are banned\n|rule|Evasion Items Clause: Evasion items are banned\n|rule|Evasion Moves Clause: Evasion moves are banned\n|rule|Endless Battle Clause: Forcing endless battles is banned\n|rule|HP Percentage Mod: HP is shown in percentages\n|clearpoke\n|poke|p1|Kilowattrel, M|\n|poke|p1|Cinderace, M|\n|poke|p1|Zoroark-Hisui, F|\n|poke|p1|Corviknight, F|\n|poke|p1|Gastrodon, M|\n|poke|p1|Great Tusk|\n|poke|p2|Politoed, M|\n|poke|p2|Zapdos|\n|poke|p2|Iron Treads|\n|poke|p2|Basculegion-F, F|\n|poke|p2|Quaquaval, M|\n|poke|p2|Meowscarada, F|\n|teampreview\n|inactive|Battle timer is ON: inactive players will automatically lose when time's up. (requested by Parrot David)\n|\n|t:|1700876317\n|start\n|switch|p1a: Kilowattrel|Kilowattrel, M, shiny|100\/100\n|switch|p2a: PoliSwirl~|Politoed, M, shiny|100\/100\n|-weather|RainDance|[from] ability: Drizzle|[of] p2a: PoliSwirl~\n|turn|1\n|\n|t:|1700876335\n|-terastallize|p2a: PoliSwirl~|Dragon\n|move|p1a: Kilowattrel|Hurricane|p2a: PoliSwirl~\n|-damage|p2a: PoliSwirl~|45\/100\n|-damage|p1a: Kilowattrel|91\/100|[from] item: Life Orb\n|move|p2a: PoliSwirl~|Ice Beam|p1a: Kilowattrel\n|-supereffective|p1a: Kilowattrel\n|-damage|p1a: Kilowattrel|0 fnt\n|faint|p1a: Kilowattrel\n|\n|-weather|RainDance|[upkeep]\n|upkeep\n|\n|t:|1700876349\n|switch|p1a: Cinderace|Cinderace, M|100\/100\n|turn|2\n|\n|t:|1700876366\n|switch|p2a: Tempo|Zapdos, shiny|100\/100\n|move|p1a: Cinderace|U-turn|p2a: Tempo\n|-start|p1a: Cinderace|typechange|Bug|[from] ability: Libero\n|-resisted|p2a: Tempo\n|-crit|p2a: Tempo\n|-damage|p2a: Tempo|78\/100\n|\n|t:|1700876374\n|switch|p1a: Gastrodon|Gastrodon, M|100\/100|[from] U-turn\n|\n|-weather|RainDance|[upkeep]\n|upkeep\n|turn|3\n|\n|t:|1700876379\n|move|p2a: Tempo|Hurricane|p1a: Gastrodon\n|-damage|p1a: Gastrodon|72\/100\n|-start|p1a: Gastrodon|confusion\n|-activate|p1a: Gastrodon|confusion\n|move|p1a: Gastrodon|Chilling Water|p2a: Tempo\n|-damage|p2a: Tempo|56\/100\n|-unboost|p2a: Tempo|atk|1\n|\n|-weather|RainDance|[upkeep]\n|-heal|p1a: Gastrodon|78\/100|[from] item: Leftovers\n|upkeep\n|turn|4\n|\n|t:|1700876388\n|move|p2a: Tempo|Roost|p2a: Tempo\n|-heal|p2a: Tempo|100\/100\n|-singleturn|p2a: Tempo|move: Roost\n|-activate|p1a: Gastrodon|confusion\n|move|p1a: Gastrodon|Chilling Water|p2a: Tempo\n|-damage|p2a: Tempo|75\/100\n|-unboost|p2a: Tempo|atk|1\n|\n|-weather|RainDance|[upkeep]\n|-heal|p1a: Gastrodon|84\/100|[from] item: Leftovers\n|upkeep\n|turn|5\n|\n|t:|1700876397\n|switch|p2a: Silly Cayt|Meowscarada, F, shiny|100\/100\n|-activate|p1a: Gastrodon|confusion\n|-damage|p1a: Gastrodon|78\/100|[from] confusion\n|\n|-weather|RainDance|[upkeep]\n|-heal|p1a: Gastrodon|84\/100|[from] item: Leftovers\n|upkeep\n|turn|6\n|\n|t:|1700876410\n|switch|p1a: Corviknight|Corviknight, F, shiny|100\/100\n|-ability|p1a: Corviknight|Pressure\n|move|p2a: Silly Cayt|Knock Off|p1a: Corviknight\n|-start|p2a: Silly Cayt|typechange|Dark|[from] ability: Protean\n|-damage|p1a: Corviknight|75\/100\n|-damage|p2a: Silly Cayt|84\/100|[from] item: Rocky Helmet|[of] p1a: Corviknight\n|-enditem|p1a: Corviknight|Rocky Helmet|[from] move: Knock Off|[of] p2a: Silly Cayt\n|\n|-weather|RainDance|[upkeep]\n|upkeep\n|turn|7\n|\n|t:|1700876424\n|switch|p2a: Tempo|Zapdos, shiny|75\/100\n|move|p1a: Corviknight|U-turn|p2a: Tempo\n|-resisted|p2a: Tempo\n|-damage|p2a: Tempo|69\/100\n|\n|t:|1700876432\n|switch|p1a: Gastrodon|Gastrodon, M|84\/100|[from] U-turn\n|\n|-weather|RainDance|[upkeep]\n|-heal|p1a: Gastrodon|90\/100|[from] item: Leftovers\n|upkeep\n|turn|8\n|\n|t:|1700876438\n|move|p2a: Tempo|Hurricane|p1a: Gastrodon\n|-damage|p1a: Gastrodon|60\/100\n|-start|p1a: Gastrodon|confusion\n|-activate|p1a: Gastrodon|confusion\n|move|p1a: Gastrodon|Stealth Rock|p2a: Tempo\n|-sidestart|p2: soy bebe|move: Stealth Rock\n|\n|-weather|none\n|-heal|p1a: Gastrodon|66\/100|[from] item: Leftovers\n|upkeep\n|turn|9\n|\n|t:|1700876448\n|switch|p2a: Treadtianna|Iron Treads, shiny|100\/100\n|-damage|p2a: Treadtianna|97\/100|[from] Stealth Rock\n|-enditem|p2a: Treadtianna|Booster Energy\n|-activate|p2a: Treadtianna|ability: Quark Drive|[fromitem]\n|-start|p2a: Treadtianna|quarkdrivespe\n|-activate|p1a: Gastrodon|confusion\n|move|p1a: Gastrodon|Chilling Water|p2a: Treadtianna\n|-supereffective|p2a: Treadtianna\n|-damage|p2a: Treadtianna|48\/100\n|-unboost|p2a: Treadtianna|atk|1\n|\n|-heal|p1a: Gastrodon|72\/100|[from] item: Leftovers\n|upkeep\n|turn|10\n|\n|t:|1700876465\n|move|p2a: Treadtianna|Stealth Rock|p1a: Gastrodon\n|-sidestart|p1: Parrot David|move: Stealth Rock\n|-activate|p1a: Gastrodon|confusion\n|move|p1a: Gastrodon|Chilling Water|p2a: Treadtianna\n|-supereffective|p2a: Treadtianna\n|-damage|p2a: Treadtianna|1\/100\n|-unboost|p2a: Treadtianna|atk|1\n|\n|-heal|p1a: Gastrodon|78\/100|[from] item: Leftovers\n|upkeep\n|turn|11\n|\n|t:|1700876476\n|move|p2a: Treadtianna|Rapid Spin|p1a: Gastrodon\n|-damage|p1a: Gastrodon|70\/100\n|-boost|p2a: Treadtianna|spe|1\n|-sideend|p2: soy bebe|Stealth Rock|[from] move: Rapid Spin|[of] p2a: Treadtianna\n|-end|p1a: Gastrodon|confusion\n|move|p1a: Gastrodon|Earth Power|p2a: Treadtianna\n|-supereffective|p2a: Treadtianna\n|-damage|p2a: Treadtianna|0 fnt\n|faint|p2a: Treadtianna\n|-end|p2a: Treadtianna|Quark Drive|[silent]\n|\n|-heal|p1a: Gastrodon|76\/100|[from] item: Leftovers\n|upkeep\n|\n|t:|1700876484\n|switch|p2a: Silly Cayt|Meowscarada, F, shiny|84\/100\n|turn|12\n|\n|t:|1700876492\n|switch|p1a: Corviknight|Corviknight, F, shiny|75\/100\n|-damage|p1a: Corviknight|62\/100|[from] Stealth Rock\n|-ability|p1a: Corviknight|Pressure\n|move|p2a: Silly Cayt|Flower Trick|p1a: Corviknight\n|-start|p2a: Silly Cayt|typechange|Grass|[from] ability: Protean\n|-resisted|p1a: Corviknight\n|-crit|p1a: Corviknight\n|-damage|p1a: Corviknight|55\/100\n|\n|upkeep\n|turn|13\n|\n|t:|1700876499\n|switch|p2a: PoliSwirl~|Politoed, M, shiny, tera:Dragon|45\/100\n|-weather|RainDance|[from] ability: Drizzle|[of] p2a: PoliSwirl~\n|move|p1a: Corviknight|Roost|p1a: Corviknight\n|-heal|p1a: Corviknight|100\/100\n|-singleturn|p1a: Corviknight|move: Roost\n|\n|-weather|RainDance|[upkeep]\n|upkeep\n|turn|14\n|\n|t:|1700876517\n|move|p2a: PoliSwirl~|Rest|p2a: PoliSwirl~\n|-status|p2a: PoliSwirl~|slp|[from] move: Rest\n|-heal|p2a: PoliSwirl~|100\/100 slp|[silent]\n|move|p1a: Corviknight|Brave Bird|p2a: PoliSwirl~\n|-damage|p2a: PoliSwirl~|56\/100 slp\n|-damage|p1a: Corviknight|86\/100|[from] Recoil\n|\n|-weather|RainDance|[upkeep]\n|upkeep\n|turn|15\n|\n|t:|1700876525\n|switch|p2a: Golden Girl|Basculegion-F, F, shiny|100\/100\n|move|p1a: Corviknight|U-turn|p2a: Golden Girl\n|-resisted|p2a: Golden Girl\n|-damage|p2a: Golden Girl|92\/100\n|\n|t:|1700876534\n|switch|p1a: Gastrodon|Gastrodon, M|76\/100|[from] U-turn\n|-damage|p1a: Gastrodon|70\/100|[from] Stealth Rock\n|\n|-weather|RainDance|[upkeep]\n|-heal|p1a: Gastrodon|76\/100|[from] item: Leftovers\n|upkeep\n|turn|16\n|\n|t:|1700876539\n|move|p2a: Golden Girl|Shadow Ball|p1a: Gastrodon\n|-damage|p1a: Gastrodon|37\/100\n|move|p1a: Gastrodon|Recover|p1a: Gastrodon\n|-heal|p1a: Gastrodon|87\/100\n|\n|-weather|RainDance|[upkeep]\n|-heal|p1a: Gastrodon|93\/100|[from] item: Leftovers\n|upkeep\n|turn|17\n|\n|t:|1700876548\n|move|p2a: Golden Girl|Shadow Ball|p1a: Gastrodon\n|-damage|p1a: Gastrodon|56\/100\n|move|p1a: Gastrodon|Earth Power|p2a: Golden Girl\n|-damage|p2a: Golden Girl|57\/100\n|\n|-weather|RainDance|[upkeep]\n|-heal|p1a: Gastrodon|62\/100|[from] item: Leftovers\n|upkeep\n|turn|18\n|\n|t:|1700876554\n|move|p2a: Golden Girl|Shadow Ball|p1a: Gastrodon\n|-damage|p1a: Gastrodon|21\/100\n|move|p1a: Gastrodon|Recover|p1a: Gastrodon\n|-heal|p1a: Gastrodon|71\/100\n|\n|-weather|RainDance|[upkeep]\n|-heal|p1a: Gastrodon|77\/100|[from] item: Leftovers\n|upkeep\n|turn|19\n|\n|t:|1700876563\n|switch|p2a: Silly Cayt|Meowscarada, F, shiny|84\/100\n|move|p1a: Gastrodon|Earth Power|p2a: Silly Cayt\n|-resisted|p2a: Silly Cayt\n|-damage|p2a: Silly Cayt|61\/100\n|\n|-weather|RainDance|[upkeep]\n|-heal|p1a: Gastrodon|84\/100|[from] item: Leftovers\n|upkeep\n|turn|20\n|\n|t:|1700876571\n|switch|p1a: Corviknight|Corviknight, F, shiny|86\/100\n|-damage|p1a: Corviknight|74\/100|[from] Stealth Rock\n|-ability|p1a: Corviknight|Pressure\n|move|p2a: Silly Cayt|U-turn|p1a: Corviknight\n|-start|p2a: Silly Cayt|typechange|Bug|[from] ability: Protean\n|-resisted|p1a: Corviknight\n|-damage|p1a: Corviknight|69\/100\n|\n|t:|1700876581\n|switch|p2a: Tempo|Zapdos, shiny|69\/100|[from] U-turn\n|\n|-weather|none\n|upkeep\n|turn|21\n|\n|t:|1700876591\n|switch|p1a: Gastrodon|Gastrodon, M|84\/100\n|-damage|p1a: Gastrodon|77\/100|[from] Stealth Rock\n|move|p2a: Tempo|Volt Switch|p1a: Gastrodon\n|-immune|p1a: Gastrodon\n|\n|-heal|p1a: Gastrodon|84\/100|[from] item: Leftovers\n|upkeep\n|turn|22\n|\n|t:|1700876600\n|switch|p2a: PoliSwirl~|Politoed, M, shiny, tera:Dragon|56\/100 slp\n|-weather|RainDance|[from] ability: Drizzle|[of] p2a: PoliSwirl~\n|move|p1a: Gastrodon|Chilling Water|p2a: PoliSwirl~\n|-resisted|p2a: PoliSwirl~\n|-damage|p2a: PoliSwirl~|46\/100 slp\n|-unboost|p2a: PoliSwirl~|atk|1\n|\n|-weather|RainDance|[upkeep]\n|-heal|p1a: Gastrodon|90\/100|[from] item: Leftovers\n|upkeep\n|turn|23\n|\n|t:|1700876608\n|cant|p2a: PoliSwirl~|slp\n|move|p1a: Gastrodon|Earth Power|p2a: PoliSwirl~\n|-damage|p2a: PoliSwirl~|18\/100 slp\n|-unboost|p2a: PoliSwirl~|spd|1\n|\n|-weather|RainDance|[upkeep]\n|-heal|p1a: Gastrodon|96\/100|[from] item: Leftovers\n|upkeep\n|turn|24\n|\n|t:|1700876630\n|switch|p2a: Tempo|Zapdos, shiny|69\/100\n|move|p1a: Gastrodon|Earth Power|p2a: Tempo\n|-immune|p2a: Tempo\n|\n|-weather|RainDance|[upkeep]\n|-heal|p1a: Gastrodon|100\/100|[from] item: Leftovers\n|upkeep\n|turn|25\n|\n|t:|1700876636\n|move|p2a: Tempo|Hurricane|p1a: Gastrodon\n|-damage|p1a: Gastrodon|70\/100\n|move|p1a: Gastrodon|Chilling Water|p2a: Tempo\n|-damage|p2a: Tempo|47\/100\n|-unboost|p2a: Tempo|atk|1\n|\n|-weather|RainDance|[upkeep]\n|-heal|p1a: Gastrodon|76\/100|[from] item: Leftovers\n|upkeep\n|turn|26\n|\n|t:|1700876643\n|move|p2a: Tempo|Hurricane|p1a: Gastrodon\n|-damage|p1a: Gastrodon|44\/100\n|-start|p1a: Gastrodon|confusion\n|-activate|p1a: Gastrodon|confusion\n|move|p1a: Gastrodon|Earth Power|p2a: Tempo\n|-immune|p2a: Tempo\n|\n|-weather|RainDance|[upkeep]\n|-heal|p1a: Gastrodon|50\/100|[from] item: Leftovers\n|upkeep\n|turn|27\n|\n|t:|1700876649\n|switch|p2a: Silly Cayt|Meowscarada, F, shiny|61\/100\n|-activate|p1a: Gastrodon|confusion\n|move|p1a: Gastrodon|Recover|p1a: Gastrodon\n|-heal|p1a: Gastrodon|99\/100\n|\n|-weather|RainDance|[upkeep]\n|-heal|p1a: Gastrodon|100\/100|[from] item: Leftovers\n|upkeep\n|turn|28\n|\n|t:|1700876666\n|switch|p1a: Corviknight|Corviknight, F, shiny|69\/100\n|-damage|p1a: Corviknight|57\/100|[from] Stealth Rock\n|-ability|p1a: Corviknight|Pressure\n|move|p2a: Silly Cayt|Flower Trick|p1a: Corviknight\n|-start|p2a: Silly Cayt|typechange|Grass|[from] ability: Protean\n|-resisted|p1a: Corviknight\n|-crit|p1a: Corviknight\n|-damage|p1a: Corviknight|50\/100\n|\n|-weather|RainDance|[upkeep]\n|upkeep\n|turn|29\n|\n|t:|1700876679\n|switch|p2a: Tempo|Zapdos, shiny|47\/100\n|move|p1a: Corviknight|U-turn|p2a: Tempo\n|-resisted|p2a: Tempo\n|-damage|p2a: Tempo|40\/100\n|\n|t:|1700876695\n|switch|p1a: Great Tusk|Great Tusk, shiny|100\/100|[from] U-turn\n|-damage|p1a: Great Tusk|97\/100|[from] Stealth Rock\n|-enditem|p1a: Great Tusk|Booster Energy\n|-activate|p1a: Great Tusk|ability: Protosynthesis|[fromitem]\n|-start|p1a: Great Tusk|protosynthesisspe\n|\n|-weather|none\n|upkeep\n|turn|30\n|\n|t:|1700876723\n|switch|p2a: PoliSwirl~|Politoed, M, shiny, tera:Dragon|18\/100 slp\n|-weather|RainDance|[from] ability: Drizzle|[of] p2a: PoliSwirl~\n|move|p1a: Great Tusk|Ice Spinner|p2a: PoliSwirl~\n|-supereffective|p2a: PoliSwirl~\n|-damage|p2a: PoliSwirl~|0 fnt\n|faint|p2a: PoliSwirl~\n|\n|-weather|RainDance|[upkeep]\n|upkeep\n|inactive|soy bebe has 120 seconds left.\n|\n|t:|1700876734\n|switch|p2a: Tempo|Zapdos, shiny|40\/100\n|turn|31\n|\n|t:|1700876740\n|move|p1a: Great Tusk|Ice Spinner|p2a: Tempo\n|-supereffective|p2a: Tempo\n|-damage|p2a: Tempo|0 fnt\n|faint|p2a: Tempo\n|\n|-weather|RainDance|[upkeep]\n|upkeep\n|\n|t:|1700876746\n|switch|p2a: Quavo|Quaquaval, M, shiny|100\/100\n|turn|32\n|\n|t:|1700876763\n|-terastallize|p1a: Great Tusk|Ice\n|move|p1a: Great Tusk|Bulk Up|p1a: Great Tusk\n|-boost|p1a: Great Tusk|atk|1\n|-boost|p1a: Great Tusk|def|1\n|move|p2a: Quavo|Aqua Step|p1a: Great Tusk\n|-damage|p1a: Great Tusk|68\/100\n|-boost|p2a: Quavo|spe|1\n|\n|-weather|RainDance|[upkeep]\n|upkeep\n|turn|33\n|\n|t:|1700876782\n|move|p1a: Great Tusk|Earthquake|p2a: Quavo\n|-damage|p2a: Quavo|21\/100\n|move|p2a: Quavo|Close Combat|p1a: Great Tusk\n|-supereffective|p1a: Great Tusk\n|-damage|p1a: Great Tusk|20\/100\n|-unboost|p2a: Quavo|def|1\n|-unboost|p2a: Quavo|spd|1\n|\n|-weather|RainDance|[upkeep]\n|upkeep\n|turn|34\n|\n|t:|1700876790\n|move|p2a: Quavo|Aqua Jet|p1a: Great Tusk\n|-damage|p1a: Great Tusk|3\/100\n|move|p1a: Great Tusk|Earthquake|p2a: Quavo\n|-damage|p2a: Quavo|0 fnt\n|faint|p2a: Quavo\n|\n|-weather|RainDance|[upkeep]\n|upkeep\n|\n|t:|1700876795\n|switch|p2a: Silly Cayt|Meowscarada, F, shiny|61\/100\n|turn|35\n|\n|t:|1700876797\n|move|p2a: Silly Cayt|U-turn|p1a: Great Tusk\n|-start|p2a: Silly Cayt|typechange|Bug|[from] ability: Protean\n|-crit|p1a: Great Tusk\n|-damage|p1a: Great Tusk|0 fnt\n|faint|p1a: Great Tusk\n|-end|p1a: Great Tusk|Protosynthesis|[silent]\n|\n|t:|1700876799\n|switch|p2a: Golden Girl|Basculegion-F, F, shiny|57\/100|[from] U-turn\n|\n|-weather|RainDance|[upkeep]\n|upkeep\n|\n|t:|1700876805\n|switch|p1a: Gastrodon|Gastrodon, M|100\/100\n|-damage|p1a: Gastrodon|94\/100|[from] Stealth Rock\n|turn|36\n|\n|t:|1700876811\n|move|p2a: Golden Girl|Shadow Ball|p1a: Gastrodon\n|-damage|p1a: Gastrodon|54\/100\n|move|p1a: Gastrodon|Chilling Water|p2a: Golden Girl\n|-resisted|p2a: Golden Girl\n|-damage|p2a: Golden Girl|43\/100\n|-unboost|p2a: Golden Girl|atk|1\n|\n|-weather|RainDance|[upkeep]\n|-heal|p1a: Gastrodon|60\/100|[from] item: Leftovers\n|upkeep\n|turn|37\n|\n|t:|1700876816\n|move|p2a: Golden Girl|Shadow Ball|p1a: Gastrodon\n|-damage|p1a: Gastrodon|20\/100\n|-unboost|p1a: Gastrodon|spd|1\n|move|p1a: Gastrodon|Recover|p1a: Gastrodon\n|-heal|p1a: Gastrodon|70\/100\n|\n|-weather|none\n|-heal|p1a: Gastrodon|76\/100|[from] item: Leftovers\n|upkeep\n|turn|38\n|\n|t:|1700876830\n|switch|p1a: Corviknight|Corviknight, F, shiny|100\/100\n|-damage|p1a: Corviknight|88\/100|[from] Stealth Rock\n|move|p2a: Golden Girl|Shadow Ball|p1a: Corviknight\n|-immune|p1a: Corviknight\n|\n|upkeep\n|turn|39\n|\n|t:|1700876843\n|switch|p2a: Silly Cayt|Meowscarada, F, shiny|61\/100\n|move|p1a: Corviknight|Flamethrower|p2a: Silly Cayt\n|-supereffective|p2a: Silly Cayt\n|-damage|p2a: Silly Cayt|0 fnt\n|faint|p2a: Silly Cayt\n|\n|upkeep\n|-message|soy bebe forfeited.\n|\n|win|Parrot David\n|raw|Parrot David's rating: 1405 &rarr; <strong>1433<\/strong><br \/>(+28 for winning)\n|raw|soy bebe's rating: 1543 &rarr; <strong>1515<\/strong><br \/>(-28 for losing)\n|l|\u2606soy bebe\n|j|\u2606soy bebe\n|player|p2|soy bebe|winona-gen3\n|c|\u2606soy bebe|gg\n|c|\u2606soy bebe|wp\n","uploadtime":1700876881,"views":1,"p1id":"parrotdavid","p2id":"soybebe","formatid":"gen9ou","rating":1433,"private":0,"password":""}