{"id":"gen9ou-1988528033","p1":"Astra3354","p2":"Guy Maneth","format":"[Gen 9] OU","log":"|j|\u2606Astra3354\n|j|\u2606Guy Maneth\n|t:|1699732581\n|gametype|singles\n|player|p1|Astra3354|hilbert|1428\n|player|p2|Guy Maneth|266|1432\n|teamsize|p1|6\n|teamsize|p2|6\n|gen|9\n|tier|[Gen 9] OU\n|rated|\n|rule|Sleep Clause Mod: Limit one foe put to sleep\n|rule|Species Clause: Limit one of each Pok\u00e9mon\n|rule|OHKO Clause: OHKO moves are banned\n|rule|Evasion Items Clause: Evasion items are banned\n|rule|Evasion Moves Clause: Evasion moves are banned\n|rule|Endless Battle Clause: Forcing endless battles is banned\n|rule|HP Percentage Mod: HP is shown in percentages\n|clearpoke\n|poke|p1|Hatterene, F|\n|poke|p1|Glimmora, M|\n|poke|p1|Gholdengo|\n|poke|p1|Iron Valiant|\n|poke|p1|Kingambit, F|\n|poke|p1|Iron Moth|\n|poke|p2|Moltres|\n|poke|p2|Torkoal, F|\n|poke|p2|Walking Wake|\n|poke|p2|Lilligant-Hisui, F|\n|poke|p2|Heatran, F|\n|poke|p2|Cinderace, F|\n|teampreview\n|\n|t:|1699732592\n|start\n|switch|p1a: Glimmora|Glimmora, M|100\/100\n|switch|p2a: Torkoal|Torkoal, F|100\/100\n|-weather|SunnyDay|[from] ability: Drought|[of] p2a: Torkoal\n|turn|1\n|\n|t:|1699732600\n|switch|p2a: Lilligant|Lilligant-Hisui, F|100\/100\n|move|p1a: Glimmora|Earth Power|p2a: Lilligant\n|-resisted|p2a: Lilligant\n|-damage|p2a: Lilligant|77\/100\n|\n|-weather|SunnyDay|[upkeep]\n|upkeep\n|turn|2\n|\n|t:|1699732608\n|move|p2a: Lilligant|Solar Blade||[still]\n|-prepare|p2a: Lilligant|Solar Blade\n|-anim|p2a: Lilligant|Solar Blade|p1a: Glimmora\n|-enditem|p1a: Glimmora|Focus Sash\n|-damage|p1a: Glimmora|1\/100\n|-activate|p1a: Glimmora|ability: Toxic Debris\n|-sidestart|p2: Guy Maneth|move: Toxic Spikes\n|move|p1a: Glimmora|Mortal Spin|p2a: Lilligant\n|-supereffective|p2a: Lilligant\n|-damage|p2a: Lilligant|58\/100\n|-status|p2a: Lilligant|psn\n|\n|-weather|SunnyDay|[upkeep]\n|-damage|p2a: Lilligant|45\/100 psn|[from] psn\n|upkeep\n|turn|3\n|\n|t:|1699732613\n|move|p2a: Lilligant|Solar Blade||[still]\n|-prepare|p2a: Lilligant|Solar Blade\n|-anim|p2a: Lilligant|Solar Blade|p1a: Glimmora\n|-damage|p1a: Glimmora|0 fnt\n|-activate|p1a: Glimmora|ability: Toxic Debris\n|-sidestart|p2: Guy Maneth|move: Toxic Spikes\n|faint|p1a: Glimmora\n|\n|-weather|SunnyDay|[upkeep]\n|-damage|p2a: Lilligant|33\/100 psn|[from] psn\n|upkeep\n|\n|t:|1699732623\n|switch|p1a: Iron Moth|Iron Moth|100\/100\n|-enditem|p1a: Iron Moth|Booster Energy\n|-activate|p1a: Iron Moth|ability: Quark Drive|[fromitem]\n|-start|p1a: Iron Moth|quarkdrivespa\n|turn|4\n|\n|t:|1699732631\n|switch|p2a: Heatran|Heatran, F|100\/100\n|move|p1a: Iron Moth|Agility|p1a: Iron Moth\n|-boost|p1a: Iron Moth|spe|2\n|\n|-weather|SunnyDay|[upkeep]\n|upkeep\n|turn|5\n|\n|t:|1699732643\n|-end|p1a: Iron Moth|Quark Drive|[silent]\n|switch|p1a: Hatterene|Hatterene, F|100\/100\n|move|p2a: Heatran|Earth Power|p1a: Hatterene\n|-damage|p1a: Hatterene|74\/100\n|\n|-weather|SunnyDay|[upkeep]\n|upkeep\n|turn|6\n|\n|t:|1699732646\n|move|p2a: Heatran|Magma Storm|p1a: Hatterene\n|-damage|p1a: Hatterene|4\/100\n|-activate|p1a: Hatterene|move: Magma Storm|[of] p2a: Heatran\n|move|p1a: Hatterene|Nuzzle|p2a: Heatran\n|-damage|p2a: Heatran|97\/100\n|-status|p2a: Heatran|par\n|\n|-weather|SunnyDay|[upkeep]\n|-heal|p2a: Heatran|100\/100 par|[from] item: Leftovers\n|-damage|p1a: Hatterene|0 fnt|[from] move: Magma Storm|[partiallytrapped]\n|faint|p1a: Hatterene\n|upkeep\n|\n|t:|1699732652\n|switch|p1a: Iron Valiant|Iron Valiant|100\/100\n|-enditem|p1a: Iron Valiant|Booster Energy\n|-activate|p1a: Iron Valiant|ability: Quark Drive|[fromitem]\n|-start|p1a: Iron Valiant|quarkdrivespe\n|turn|7\n|\n|t:|1699732659\n|move|p1a: Iron Valiant|Close Combat|p2a: Heatran\n|-supereffective|p2a: Heatran\n|-damage|p2a: Heatran|0 fnt\n|-unboost|p1a: Iron Valiant|def|1\n|-unboost|p1a: Iron Valiant|spd|1\n|faint|p2a: Heatran\n|\n|-weather|SunnyDay|[upkeep]\n|upkeep\n|\n|t:|1699732663\n|switch|p2a: Lilligant|Lilligant-Hisui, F|33\/100 psn\n|turn|8\n|\n|t:|1699732671\n|-end|p1a: Iron Valiant|Quark Drive|[silent]\n|switch|p1a: Iron Moth|Iron Moth|100\/100\n|move|p2a: Lilligant|Close Combat|p1a: Iron Moth\n|-resisted|p1a: Iron Moth\n|-damage|p1a: Iron Moth|19\/100\n|-unboost|p2a: Lilligant|def|1\n|-unboost|p2a: Lilligant|spd|1\n|\n|-weather|none\n|-damage|p2a: Lilligant|20\/100 psn|[from] psn\n|upkeep\n|turn|9\n|\n|t:|1699732691\n|move|p1a: Iron Moth|Fiery Dance|p2a: Lilligant\n|-supereffective|p2a: Lilligant\n|-damage|p2a: Lilligant|0 fnt\n|-boost|p1a: Iron Moth|spa|1\n|faint|p2a: Lilligant\n|\n|upkeep\n|\n|t:|1699732697\n|switch|p2a: Cinderace|Cinderace, F|100\/100\n|turn|10\n|\n|t:|1699732702\n|move|p2a: Cinderace|Court Change|p2a: Cinderace\n|-swapsideconditions\n|-activate|p2a: Cinderace|move: Court Change\n|move|p1a: Iron Moth|Sludge Wave|p2a: Cinderace\n|-damage|p2a: Cinderace|7\/100\n|-status|p2a: Cinderace|psn\n|\n|-damage|p2a: Cinderace|0 fnt|[from] psn\n|faint|p2a: Cinderace\n|upkeep\n|\n|t:|1699732708\n|switch|p2a: Torkoal|Torkoal, F|100\/100\n|-weather|SunnyDay|[from] ability: Drought|[of] p2a: Torkoal\n|turn|11\n|\n|t:|1699732722\n|move|p1a: Iron Moth|Agility|p1a: Iron Moth\n|-boost|p1a: Iron Moth|spe|2\n|move|p2a: Torkoal|Earthquake|p1a: Iron Moth\n|-supereffective|p1a: Iron Moth\n|-damage|p1a: Iron Moth|0 fnt\n|faint|p1a: Iron Moth\n|-end|p1a: Iron Moth|Quark Drive|[silent]\n|\n|-weather|SunnyDay|[upkeep]\n|upkeep\n|\n|t:|1699732732\n|switch|p1a: Gholdengo|Gholdengo|100\/100\n|-item|p1a: Gholdengo|Air Balloon\n|turn|12\n|\n|t:|1699732736\n|move|p1a: Gholdengo|Shadow Ball|p2a: Torkoal\n|-damage|p2a: Torkoal|43\/100\n|move|p2a: Torkoal|Overheat|p1a: Gholdengo\n|-supereffective|p1a: Gholdengo\n|-damage|p1a: Gholdengo|0 fnt\n|-unboost|p2a: Torkoal|spa|2\n|-enditem|p1a: Gholdengo|Air Balloon\n|faint|p1a: Gholdengo\n|\n|-weather|SunnyDay|[upkeep]\n|upkeep\n|\n|t:|1699732745\n|switch|p1a: Kingambit|Kingambit, F|100\/100\n|-activate|p1a: Kingambit|ability: Supreme Overlord\n|-start|p1a: Kingambit|fallen4|[silent]\n|turn|13\n|\n|t:|1699732758\n|switch|p2a: Moltres|Moltres|100\/100\n|-terastallize|p1a: Kingambit|Dark\n|move|p1a: Kingambit|Kowtow Cleave|p2a: Moltres\n|-damage|p2a: Moltres|19\/100\n|\n|-weather|SunnyDay|[upkeep]\n|upkeep\n|turn|14\n|\n|t:|1699732764\n|move|p2a: Moltres|Will-O-Wisp|p1a: Kingambit\n|-status|p1a: Kingambit|brn\n|move|p1a: Kingambit|Kowtow Cleave|p2a: Moltres\n|-damage|p2a: Moltres|0 fnt\n|faint|p2a: Moltres\n|\n|-weather|SunnyDay|[upkeep]\n|-damage|p1a: Kingambit|94\/100 brn|[from] brn\n|upkeep\n|\n|t:|1699732769\n|switch|p2a: Walking Wake|Walking Wake|100\/100\n|-activate|p2a: Walking Wake|ability: Protosynthesis\n|-start|p2a: Walking Wake|protosynthesisspe\n|turn|15\n|\n|t:|1699732774\n|move|p2a: Walking Wake|Hydro Steam|p1a: Kingambit\n|-damage|p1a: Kingambit|0 fnt\n|faint|p1a: Kingambit\n|-end|p1a: Kingambit|fallen4|[silent]\n|\n|-weather|SunnyDay|[upkeep]\n|upkeep\n|-message|Astra3354 forfeited.\n|\n|win|Guy Maneth\n|raw|Astra3354's rating: 1428 &rarr; <strong>1408<\/strong><br \/>(-20 for losing)\n|raw|Guy Maneth's rating: 1432 &rarr; <strong>1452<\/strong><br \/>(+20 for winning)\n|l|\u2606Astra3354\n","uploadtime":1699732784,"views":11,"p1id":"astra3354","p2id":"guymaneth","formatid":"gen9ou","rating":1408,"private":0,"password":""}