{"id":"gen9ou-1996739266","p1":"ZModZ","p2":"TheZalmancer","format":"[Gen 9] OU","log":"|j|\u2606ZModZ\n|j|\u2606TheZalmancer\n|t:|1700717105\n|gametype|singles\n|player|p1|ZModZ|elesa|1336\n|player|p2|TheZalmancer|skyla|1383\n|teamsize|p1|6\n|teamsize|p2|6\n|gen|9\n|tier|[Gen 9] OU\n|rated|\n|rule|Sleep Clause Mod: Limit one foe put to sleep\n|rule|Species Clause: Limit one of each Pok\u00e9mon\n|rule|OHKO Clause: OHKO moves are banned\n|rule|Evasion Items Clause: Evasion items are banned\n|rule|Evasion Moves Clause: Evasion moves are banned\n|rule|Endless Battle Clause: Forcing endless battles is banned\n|rule|HP Percentage Mod: HP is shown in percentages\n|clearpoke\n|poke|p1|Slowking-Galar, M|\n|poke|p1|Landorus-Therian, M|\n|poke|p1|Toxapex, F|\n|poke|p1|Dragapult, F|\n|poke|p1|Great Tusk|\n|poke|p1|Iron Valiant|\n|poke|p2|Ogerpon-Wellspring, F|\n|poke|p2|Ninetales-Alola, F|\n|poke|p2|Corviknight, M|\n|poke|p2|Slowking-Galar, F|\n|poke|p2|Tornadus-Therian, M|\n|poke|p2|Zamazenta-*|\n|teampreview\n|j| Vekko\n|inactive|Battle timer is ON: inactive players will automatically lose when time's up. (requested by ZModZ)\n|\n|t:|1700717117\n|start\n|switch|p1a: Slowking|Slowking-Galar, M|100\/100\n|switch|p2a: Tornadus|Tornadus-Therian, M, shiny|100\/100\n|turn|1\n|\n|t:|1700717122\n|move|p2a: Tornadus|Knock Off|p1a: Slowking\n|-supereffective|p1a: Slowking\n|-damage|p1a: Slowking|62\/100\n|-enditem|p1a: Slowking|Assault Vest|[from] move: Knock Off|[of] p2a: Tornadus\n|move|p1a: Slowking|Future Sight|p2a: Tornadus\n|-start|p1a: Slowking|move: Future Sight\n|\n|upkeep\n|turn|2\n|\n|t:|1700717128\n|move|p2a: Tornadus|U-turn|p1a: Slowking\n|-damage|p1a: Slowking|48\/100\n|\n|t:|1700717133\n|switch|p2a: Ninetales|Ninetales-Alola, F, shiny|100\/100|[from] U-turn\n|-weather|Snow|[from] ability: Snow Warning|[of] p2a: Ninetales\n|move|p1a: Slowking|Ice Beam|p2a: Ninetales\n|-resisted|p2a: Ninetales\n|-damage|p2a: Ninetales|90\/100\n|\n|-weather|Snow|[upkeep]\n|upkeep\n|turn|3\n|\n|t:|1700717136\n|move|p2a: Ninetales|Aurora Veil|p2a: Ninetales\n|-sidestart|p2: TheZalmancer|move: Aurora Veil\n|move|p1a: Slowking|Sludge Bomb|p2a: Ninetales\n|-supereffective|p2a: Ninetales\n|-damage|p2a: Ninetales|56\/100\n|\n|-weather|Snow|[upkeep]\n|-end|p2a: Ninetales|move: Future Sight\n|-damage|p2a: Ninetales|32\/100\n|upkeep\n|turn|4\n|\n|t:|1700717153\n|switch|p2a: Slowking|Slowking-Galar, F|100\/100\n|move|p1a: Slowking|Sludge Bomb|p2a: Slowking\n|-resisted|p2a: Slowking\n|-damage|p2a: Slowking|94\/100\n|\n|-weather|Snow|[upkeep]\n|-heal|p2a: Slowking|99\/100|[from] item: Leftovers\n|upkeep\n|turn|5\n|\n|t:|1700717159\n|move|p1a: Slowking|Future Sight|p2a: Slowking\n|-start|p1a: Slowking|move: Future Sight\n|move|p2a: Slowking|Nasty Plot|p2a: Slowking\n|-boost|p2a: Slowking|spa|2\n|\n|-weather|Snow|[upkeep]\n|-heal|p2a: Slowking|100\/100|[from] item: Leftovers\n|upkeep\n|turn|6\n|\n|t:|1700717164\n|switch|p1a: Great Tusk|Great Tusk|100\/100\n|move|p2a: Slowking|Trick Room|p2a: Slowking\n|-fieldstart|move: Trick Room|[of] p2a: Slowking\n|\n|-weather|none\n|upkeep\n|turn|7\n|\n|t:|1700717170\n|-terastallize|p2a: Slowking|Ground\n|move|p2a: Slowking|Shadow Ball|p1a: Great Tusk\n|-crit|p1a: Great Tusk\n|-damage|p1a: Great Tusk|0 fnt\n|faint|p1a: Great Tusk\n|-end|p1a: Great Tusk|Protosynthesis|[silent]\n|\n|-end|p2a: Slowking|move: Future Sight\n|-damage|p2a: Slowking|82\/100\n|-heal|p2a: Slowking|88\/100|[from] item: Leftovers\n|upkeep\n|\n|t:|1700717180\n|switch|p1a: Toxapex|Toxapex, F|100\/100\n|turn|8\n|\n|t:|1700717195\n|move|p2a: Slowking|Tera Blast|p1a: Toxapex|[anim] Tera Blast Ground\n|-supereffective|p1a: Toxapex\n|-damage|p1a: Toxapex|0 fnt\n|faint|p1a: Toxapex\n|\n|-heal|p2a: Slowking|94\/100|[from] item: Leftovers\n|upkeep\n|-message|ZModZ forfeited.\n|\n|win|TheZalmancer\n|raw|ZModZ's rating: 1336 &rarr; <strong>1319<\/strong><br \/>(-17 for losing)\n|raw|TheZalmancer's rating: 1383 &rarr; <strong>1400<\/strong><br \/>(+17 for winning)\n|l|\u2606ZModZ\n|c|\u2606TheZalmancer|ggs\n|c|\u2606TheZalmancer|id also leave\n|l| Vekko\n|c|\u2606TheZalmancer|future sight on slowking are you trolling\n","uploadtime":1700717232,"views":4,"p1id":"zmodz","p2id":"thezalmancer","formatid":"gen9ou","rating":1319,"private":0,"password":""}