{"id":"gen9ou-1989990142","p1":"Peratest","p2":"izaya tiji soldier","format":"[Gen 9] OU","log":"|j|\u2606Peratest\n|j|\u2606izaya tiji soldier\n|t:|1699913116\n|gametype|singles\n|player|p1|Peratest|linebacker|1616\n|player|p2|izaya tiji soldier|psychic-gen1rb|1689\n|teamsize|p1|6\n|teamsize|p2|6\n|gen|9\n|tier|[Gen 9] OU\n|rated|\n|rule|Sleep Clause Mod: Limit one foe put to sleep\n|rule|Species Clause: Limit one of each Pok\u00e9mon\n|rule|OHKO Clause: OHKO moves are banned\n|rule|Evasion Items Clause: Evasion items are banned\n|rule|Evasion Moves Clause: Evasion moves are banned\n|rule|Endless Battle Clause: Forcing endless battles is banned\n|rule|HP Percentage Mod: HP is shown in percentages\n|clearpoke\n|poke|p1|Heatran, M|\n|poke|p1|Dragonite, M|\n|poke|p1|Iron Valiant|\n|poke|p1|Ursaluna, M|\n|poke|p1|Corviknight, M|\n|poke|p1|Zamazenta-*|\n|poke|p2|Dragapult, F|\n|poke|p2|Iron Valiant|\n|poke|p2|Rillaboom, F|\n|poke|p2|Sneasler, M|\n|poke|p2|Great Tusk|\n|poke|p2|Walking Wake|\n|teampreview\n|inactive|Battle timer is ON: inactive players will automatically lose when time's up. (requested by izaya tiji soldier)\n|j| roarcat\n|inactive|Peratest has 120 seconds left.\n|inactive|Peratest has 90 seconds left.\n|\n|t:|1699913185\n|start\n|switch|p1a: Heatran|Heatran, M, shiny|100\/100\n|switch|p2a: Dragapult|Dragapult, F|100\/100\n|turn|1\n|\n|t:|1699913201\n|move|p2a: Dragapult|Thunder Wave|p1a: Heatran\n|-status|p1a: Heatran|par\n|move|p1a: Heatran|Magma Storm|p2a: Dragapult\n|-resisted|p2a: Dragapult\n|-damage|p2a: Dragapult|73\/100\n|-activate|p2a: Dragapult|move: Magma Storm|[of] p1a: Heatran\n|\n|-damage|p2a: Dragapult|61\/100|[from] move: Magma Storm|[partiallytrapped]\n|upkeep\n|turn|2\n|\n|t:|1699913216\n|switch|p2a: Walking Wake|Walking Wake|100\/100\n|-enditem|p2a: Walking Wake|Booster Energy\n|-activate|p2a: Walking Wake|ability: Protosynthesis|[fromitem]\n|-start|p2a: Walking Wake|protosynthesisspa\n|switch|p1a: Ursaluna|Ursaluna, M, shiny|100\/100\n|\n|upkeep\n|turn|3\n|\n|t:|1699913233\n|move|p2a: Walking Wake|Surf|p1a: Ursaluna\n|-supereffective|p1a: Ursaluna\n|-damage|p1a: Ursaluna|32\/100\n|move|p1a: Ursaluna|Body Slam|p2a: Walking Wake\n|-damage|p2a: Walking Wake|42\/100\n|\n|upkeep\n|turn|4\n|\n|t:|1699913244\n|move|p2a: Walking Wake|Surf|p1a: Ursaluna\n|-supereffective|p1a: Ursaluna\n|-crit|p1a: Ursaluna\n|-damage|p1a: Ursaluna|0 fnt\n|faint|p1a: Ursaluna\n|\n|upkeep\n|\n|t:|1699913256\n|switch|p1a: Iron Valiant|Iron Valiant, shiny|100\/100\n|-enditem|p1a: Iron Valiant|Booster Energy\n|-activate|p1a: Iron Valiant|ability: Quark Drive|[fromitem]\n|-start|p1a: Iron Valiant|quarkdrivespe\n|turn|5\n|\n|t:|1699913265\n|move|p1a: Iron Valiant|Moonblast|p2a: Walking Wake\n|-supereffective|p2a: Walking Wake\n|-damage|p2a: Walking Wake|0 fnt\n|faint|p2a: Walking Wake\n|-end|p2a: Walking Wake|Protosynthesis|[silent]\n|\n|upkeep\n|\n|t:|1699913284\n|switch|p2a: Rillaboom|Rillaboom, F|100\/100\n|-fieldstart|move: Grassy Terrain|[from] ability: Grassy Surge|[of] p2a: Rillaboom\n|turn|6\n|\n|t:|1699913290\n|-end|p1a: Iron Valiant|Quark Drive|[silent]\n|switch|p1a: Corviknight|Corviknight, M, shiny|100\/100\n|-ability|p1a: Corviknight|Pressure\n|move|p2a: Rillaboom|U-turn|p1a: Corviknight\n|-resisted|p1a: Corviknight\n|-damage|p1a: Corviknight|95\/100\n|-damage|p2a: Rillaboom|84\/100|[from] item: Rocky Helmet|[of] p1a: Corviknight\n|\n|t:|1699913293\n|switch|p2a: Dragapult|Dragapult, F|61\/100|[from] U-turn\n|\n|-heal|p2a: Dragapult|67\/100|[from] Grassy Terrain\n|upkeep\n|turn|7\n|\n|t:|1699913307\n|switch|p1a: Heatran|Heatran, M, shiny|100\/100 par\n|move|p2a: Dragapult|Thunder Wave|p1a: Heatran\n|-fail|p1a: Heatran|par\n|\n|-heal|p2a: Dragapult|73\/100|[from] Grassy Terrain\n|upkeep\n|turn|8\n|\n|t:|1699913317\n|move|p2a: Dragapult|Hex|p1a: Heatran\n|-damage|p1a: Heatran|63\/100 par\n|move|p1a: Heatran|Magma Storm|p2a: Dragapult\n|-resisted|p2a: Dragapult\n|-damage|p2a: Dragapult|44\/100\n|-activate|p2a: Dragapult|move: Magma Storm|[of] p1a: Heatran\n|\n|-heal|p2a: Dragapult|50\/100|[from] Grassy Terrain\n|-heal|p1a: Heatran|69\/100 par|[from] Grassy Terrain\n|-heal|p1a: Heatran|75\/100 par|[from] item: Leftovers\n|-damage|p2a: Dragapult|37\/100|[from] move: Magma Storm|[partiallytrapped]\n|upkeep\n|turn|9\n|\n|t:|1699913329\n|move|p2a: Dragapult|Hex|p1a: Heatran\n|-damage|p1a: Heatran|36\/100 par\n|cant|p1a: Heatran|par\n|\n|-heal|p2a: Dragapult|43\/100|[from] Grassy Terrain\n|-heal|p1a: Heatran|42\/100 par|[from] Grassy Terrain\n|-heal|p1a: Heatran|48\/100 par|[from] item: Leftovers\n|-damage|p2a: Dragapult|31\/100|[from] move: Magma Storm|[partiallytrapped]\n|upkeep\n|turn|10\n|\n|t:|1699913340\n|move|p2a: Dragapult|Hex|p1a: Heatran\n|-damage|p1a: Heatran|9\/100 par\n|move|p1a: Heatran|Flash Cannon|p2a: Dragapult\n|-damage|p2a: Dragapult|0 fnt\n|faint|p2a: Dragapult\n|\n|-heal|p1a: Heatran|15\/100 par|[from] Grassy Terrain\n|-heal|p1a: Heatran|22\/100 par|[from] item: Leftovers\n|-fieldend|move: Grassy Terrain\n|upkeep\n|\n|t:|1699913354\n|switch|p2a: Great Tusk|Great Tusk|100\/100\n|-enditem|p2a: Great Tusk|Booster Energy\n|-activate|p2a: Great Tusk|ability: Protosynthesis|[fromitem]\n|-start|p2a: Great Tusk|protosynthesisatk\n|turn|11\n|\n|t:|1699913362\n|move|p2a: Great Tusk|Bulk Up|p2a: Great Tusk\n|-boost|p2a: Great Tusk|atk|1\n|-boost|p2a: Great Tusk|def|1\n|move|p1a: Heatran|Flash Cannon|p2a: Great Tusk\n|-damage|p2a: Great Tusk|49\/100\n|-unboost|p2a: Great Tusk|spd|1\n|\n|-heal|p1a: Heatran|28\/100 par|[from] item: Leftovers\n|upkeep\n|turn|12\n|\n|t:|1699913376\n|move|p2a: Great Tusk|Knock Off|p1a: Heatran\n|-damage|p1a: Heatran|0 fnt\n|-enditem|p1a: Heatran|Leftovers|[from] move: Knock Off|[of] p2a: Great Tusk\n|faint|p1a: Heatran\n|\n|upkeep\n|\n|t:|1699913383\n|switch|p1a: Zamazenta|Zamazenta, shiny|100\/100\n|-ability|p1a: Zamazenta|Dauntless Shield|boost\n|-boost|p1a: Zamazenta|def|1\n|turn|13\n|\n|t:|1699913395\n|move|p1a: Zamazenta|Close Combat|p2a: Great Tusk\n|-damage|p2a: Great Tusk|7\/100\n|-unboost|p1a: Zamazenta|def|1\n|-unboost|p1a: Zamazenta|spd|1\n|move|p2a: Great Tusk|Headlong Rush|p1a: Zamazenta\n|-crit|p1a: Zamazenta\n|-damage|p1a: Zamazenta|0 fnt\n|-unboost|p2a: Great Tusk|def|1\n|-unboost|p2a: Great Tusk|spd|1\n|faint|p1a: Zamazenta\n|\n|upkeep\n|\n|t:|1699913407\n|switch|p1a: Iron Valiant|Iron Valiant, shiny|100\/100\n|turn|14\n|\n|t:|1699913412\n|move|p1a: Iron Valiant|Moonblast|p2a: Great Tusk\n|-supereffective|p2a: Great Tusk\n|-damage|p2a: Great Tusk|0 fnt\n|faint|p2a: Great Tusk\n|-end|p2a: Great Tusk|Protosynthesis|[silent]\n|\n|upkeep\n|\n|t:|1699913415\n|switch|p2a: Rillaboom|Rillaboom, F|84\/100\n|-fieldstart|move: Grassy Terrain|[from] ability: Grassy Surge|[of] p2a: Rillaboom\n|turn|15\n|\n|t:|1699913421\n|move|p1a: Iron Valiant|Moonblast|p2a: Rillaboom\n|-damage|p2a: Rillaboom|16\/100\n|move|p2a: Rillaboom|Knock Off|p1a: Iron Valiant\n|-resisted|p1a: Iron Valiant\n|-damage|p1a: Iron Valiant|89\/100\n|\n|-heal|p1a: Iron Valiant|95\/100|[from] Grassy Terrain\n|-heal|p2a: Rillaboom|22\/100|[from] Grassy Terrain\n|upkeep\n|turn|16\n|\n|t:|1699913431\n|move|p1a: Iron Valiant|Moonblast|p2a: Rillaboom\n|-damage|p2a: Rillaboom|0 fnt\n|faint|p2a: Rillaboom\n|\n|-heal|p1a: Iron Valiant|100\/100|[from] Grassy Terrain\n|upkeep\n|\n|t:|1699913433\n|switch|p2a: Iron Valiant|Iron Valiant|100\/100\n|-enditem|p2a: Iron Valiant|Booster Energy\n|-activate|p2a: Iron Valiant|ability: Quark Drive|[fromitem]\n|-start|p2a: Iron Valiant|quarkdrivespe\n|turn|17\n|\n|t:|1699913443\n|-terastallize|p1a: Iron Valiant|Electric\n|move|p2a: Iron Valiant|Moonblast|p1a: Iron Valiant\n|-damage|p1a: Iron Valiant|18\/100\n|-unboost|p1a: Iron Valiant|spa|1\n|move|p1a: Iron Valiant|Moonblast|p2a: Iron Valiant\n|-supereffective|p2a: Iron Valiant\n|-damage|p2a: Iron Valiant|0 fnt\n|faint|p2a: Iron Valiant\n|-end|p2a: Iron Valiant|Quark Drive|[silent]\n|\n|-heal|p1a: Iron Valiant|25\/100|[from] Grassy Terrain\n|upkeep\n|j| Shedtailhater\n|\n|t:|1699913447\n|switch|p2a: Sneasler|Sneasler, M|100\/100\n|-enditem|p2a: Sneasler|Grassy Seed\n|-boost|p2a: Sneasler|def|1|[from] item: Grassy Seed\n|turn|18\n|\n|t:|1699913459\n|move|p2a: Sneasler|Low Kick|p1a: Iron Valiant\n|-damage|p1a: Iron Valiant|0 fnt\n|faint|p1a: Iron Valiant\n|-end|p1a: Iron Valiant|Quark Drive|[silent]\n|\n|upkeep\n|\n|t:|1699913464\n|switch|p1a: Corviknight|Corviknight, M, shiny|95\/100\n|-ability|p1a: Corviknight|Pressure\n|turn|19\n|\n|t:|1699913469\n|-terastallize|p2a: Sneasler|Dark\n|move|p2a: Sneasler|Swords Dance|p2a: Sneasler\n|-boost|p2a: Sneasler|atk|2\n|move|p1a: Corviknight|Brave Bird|p2a: Sneasler\n|-damage|p2a: Sneasler|64\/100\n|-damage|p1a: Corviknight|84\/100|[from] Recoil\n|\n|-heal|p2a: Sneasler|70\/100|[from] Grassy Terrain\n|-fieldend|move: Grassy Terrain\n|upkeep\n|turn|20\n|\n|t:|1699913487\n|move|p2a: Sneasler|Swords Dance|p2a: Sneasler\n|-boost|p2a: Sneasler|atk|2\n|move|p1a: Corviknight|Brave Bird|p2a: Sneasler\n|-damage|p2a: Sneasler|35\/100\n|-damage|p1a: Corviknight|74\/100|[from] Recoil\n|\n|upkeep\n|turn|21\n|\n|t:|1699913504\n|move|p2a: Sneasler|Low Kick|p1a: Corviknight\n|-damage|p1a: Corviknight|0 fnt\n|-damage|p2a: Sneasler|18\/100|[from] item: Rocky Helmet|[of] p1a: Corviknight\n|faint|p1a: Corviknight\n|\n|upkeep\n|\n|t:|1699913510\n|switch|p1a: Dragonite|Dragonite, M, shiny|100\/100\n|turn|22\n|\n|t:|1699913514\n|move|p1a: Dragonite|Extreme Speed|p2a: Sneasler\n|-damage|p2a: Sneasler|0 fnt\n|faint|p2a: Sneasler\n|\n|win|Peratest\n|raw|Peratest's rating: 1616 &rarr; <strong>1640<\/strong><br \/>(+24 for winning)\n|raw|izaya tiji soldier's rating: 1689 &rarr; <strong>1665<\/strong><br \/>(-24 for losing)\n|l|\u2606izaya tiji soldier\n|c|\u2606Peratest|Yum\n","uploadtime":1699913531,"views":8,"p1id":"peratest","p2id":"izayatijisoldier","formatid":"gen9ou","rating":1640,"private":0,"password":""}