{"id":"gen9ou-1993213289","p1":"dandarth","p2":"jexiar\u30c3","format":"[Gen 9] OU","log":"|j|\u2606dandarth\n|j|\u2606jexiar\u30c3\n|t:|1700278884\n|gametype|singles\n|player|p1|dandarth|102|1028\n|player|p2|jexiar\u30c3|lucas|1051\n|teamsize|p1|6\n|teamsize|p2|6\n|gen|9\n|tier|[Gen 9] OU\n|rated|\n|rule|Sleep Clause Mod: Limit one foe put to sleep\n|rule|Species Clause: Limit one of each Pok\u00e9mon\n|rule|OHKO Clause: OHKO moves are banned\n|rule|Evasion Items Clause: Evasion items are banned\n|rule|Evasion Moves Clause: Evasion moves are banned\n|rule|Endless Battle Clause: Forcing endless battles is banned\n|rule|HP Percentage Mod: HP is shown in percentages\n|clearpoke\n|poke|p1|Landorus-Therian, M|\n|poke|p1|Azelf|\n|poke|p1|Hoopa-Unbound|\n|poke|p1|Manaphy|\n|poke|p1|Garchomp, M|\n|poke|p1|Zapdos|\n|poke|p2|Heatran, M|\n|poke|p2|Hoopa-Unbound|\n|poke|p2|Great Tusk|\n|poke|p2|Ninetales-Alola, F|\n|poke|p2|Talonflame, M|\n|poke|p2|Ogerpon-Wellspring, F|\n|teampreview\n|inactive|Battle timer is ON: inactive players will automatically lose when time's up. (requested by jexiar\u30c3)\n|\n|t:|1700278899\n|start\n|switch|p1a: Landorus|Landorus-Therian, M|100\/100\n|switch|p2a: Heatran|Heatran, M|100\/100\n|-ability|p1a: Landorus|Intimidate|boost\n|-unboost|p2a: Heatran|atk|1\n|turn|1\n|\n|t:|1700278906\n|move|p1a: Landorus|Stealth Rock|p2a: Heatran\n|-sidestart|p2: jexiar\u30c3|move: Stealth Rock\n|move|p2a: Heatran|Stealth Rock|p1a: Landorus\n|-sidestart|p1: dandarth|move: Stealth Rock\n|\n|upkeep\n|turn|2\n|\n|t:|1700278912\n|move|p1a: Landorus|Swords Dance|p1a: Landorus\n|-boost|p1a: Landorus|atk|2\n|move|p2a: Heatran|Magma Storm|p1a: Landorus\n|-damage|p1a: Landorus|51\/100\n|-activate|p1a: Landorus|move: Magma Storm|[of] p2a: Heatran\n|\n|-damage|p1a: Landorus|38\/100|[from] move: Magma Storm|[partiallytrapped]\n|upkeep\n|turn|3\n|\n|t:|1700278923\n|move|p1a: Landorus|Earthquake|p2a: Heatran\n|-supereffective|p2a: Heatran\n|-damage|p2a: Heatran|0 fnt\n|faint|p2a: Heatran\n|\n|-end|p1a: Landorus|Magma Storm|[partiallytrapped]|[silent]\n|upkeep\n|\n|t:|1700278926\n|switch|p2a: Ninetales|Ninetales-Alola, F, shiny|100\/100\n|-damage|p2a: Ninetales|76\/100|[from] Stealth Rock\n|-weather|Snow|[from] ability: Snow Warning|[of] p2a: Ninetales\n|turn|4\n|\n|t:|1700278932\n|move|p2a: Ninetales|Blizzard|p1a: Landorus\n|-supereffective|p1a: Landorus\n|-damage|p1a: Landorus|0 fnt\n|faint|p1a: Landorus\n|-damage|p2a: Ninetales|66\/100|[from] item: Life Orb\n|\n|-weather|Snow|[upkeep]\n|upkeep\n|\n|t:|1700278939\n|switch|p1a: Azelf|Azelf|100\/100\n|-damage|p1a: Azelf|88\/100|[from] Stealth Rock\n|turn|5\n|\n|t:|1700278943\n|-terastallize|p2a: Ninetales|Ice\n|move|p1a: Azelf|Light Screen|p1a: Azelf\n|-sidestart|p1: dandarth|move: Light Screen\n|move|p2a: Ninetales|Nasty Plot|p2a: Ninetales\n|-boost|p2a: Ninetales|spa|2\n|\n|-weather|Snow|[upkeep]\n|upkeep\n|turn|6\n|\n|t:|1700278960\n|move|p1a: Azelf|Taunt|p2a: Ninetales\n|-start|p2a: Ninetales|move: Taunt\n|move|p2a: Ninetales|Blizzard|p1a: Azelf\n|-damage|p1a: Azelf|0 fnt\n|faint|p1a: Azelf\n|-damage|p2a: Ninetales|56\/100|[from] item: Life Orb\n|\n|-weather|Snow|[upkeep]\n|upkeep\n|inactive|dandarth has 120 seconds left.\n|\n|t:|1700279000\n|switch|p1a: Hoopa|Hoopa-Unbound|100\/100\n|-damage|p1a: Hoopa|88\/100|[from] Stealth Rock\n|turn|7\n|\n|t:|1700279009\n|move|p2a: Ninetales|Moonblast|p1a: Hoopa\n|-supereffective|p1a: Hoopa\n|-damage|p1a: Hoopa|5\/100\n|-damage|p2a: Ninetales|46\/100|[from] item: Life Orb\n|move|p1a: Hoopa|Psychic|p2a: Ninetales\n|-damage|p2a: Ninetales|0 fnt\n|faint|p2a: Ninetales\n|-damage|p1a: Hoopa|0 fnt|[from] item: Life Orb\n|faint|p1a: Hoopa\n|\n|-weather|Snow|[upkeep]\n|upkeep\n|\n|t:|1700279025\n|switch|p2a: Talonflame|Talonflame, M|100\/100\n|switch|p1a: Manaphy|Manaphy|100\/100\n|-damage|p1a: Manaphy|88\/100|[from] Stealth Rock\n|turn|8\n|\n|t:|1700279033\n|move|p2a: Talonflame|Will-O-Wisp|p1a: Manaphy\n|-status|p1a: Manaphy|brn\n|move|p1a: Manaphy|Tail Glow|p1a: Manaphy\n|-boost|p1a: Manaphy|spa|3\n|\n|-weather|none\n|-heal|p1a: Manaphy|94\/100 brn|[from] item: Leftovers\n|-damage|p1a: Manaphy|88\/100 brn|[from] brn\n|upkeep\n|turn|9\n|inactive|dandarth has 120 seconds left.\n|\n|t:|1700279042\n|move|p2a: Talonflame|Dual Wingbeat|p1a: Manaphy\n|-damage|p1a: Manaphy|75\/100 brn\n|-damage|p1a: Manaphy|64\/100 brn\n|-hitcount|p1a: Manaphy|2\n|move|p1a: Manaphy|Surf|p2a: Talonflame\n|-supereffective|p2a: Talonflame\n|-damage|p2a: Talonflame|0 fnt\n|faint|p2a: Talonflame\n|\n|-heal|p1a: Manaphy|70\/100 brn|[from] item: Leftovers\n|-damage|p1a: Manaphy|64\/100 brn|[from] brn\n|upkeep\n|inactive|jexiar\u30c3 has 120 seconds left.\n|\n|t:|1700279077\n|switch|p2a: Hoopa|Hoopa-Unbound|100\/100\n|-damage|p2a: Hoopa|88\/100|[from] Stealth Rock\n|turn|10\n|inactive|jexiar\u30c3 has 120 seconds left.\n|\n|t:|1700279089\n|move|p2a: Hoopa|Zen Headbutt|p1a: Manaphy\n|-crit|p1a: Manaphy\n|-damage|p1a: Manaphy|0 fnt\n|faint|p1a: Manaphy\n|\n|upkeep\n|inactive|dandarth has 120 seconds left.\n|\n|t:|1700279105\n|switch|p1a: Garchomp|Garchomp, M|100\/100\n|-damage|p1a: Garchomp|94\/100|[from] Stealth Rock\n|turn|11\n|\n|t:|1700279109\n|switch|p2a: Great Tusk|Great Tusk|100\/100\n|-damage|p2a: Great Tusk|98\/100|[from] Stealth Rock\n|move|p1a: Garchomp|Swords Dance|p1a: Garchomp\n|-boost|p1a: Garchomp|atk|2\n|\n|-heal|p2a: Great Tusk|100\/100|[from] item: Leftovers\n|upkeep\n|turn|12\n|\n|t:|1700279122\n|move|p1a: Garchomp|Shadow Claw|p2a: Great Tusk\n|-damage|p2a: Great Tusk|75\/100\n|move|p2a: Great Tusk|Knock Off|p1a: Garchomp\n|-damage|p1a: Garchomp|66\/100\n|-damage|p2a: Great Tusk|63\/100|[from] ability: Rough Skin|[of] p1a: Garchomp\n|-damage|p2a: Great Tusk|46\/100|[from] item: Rocky Helmet|[of] p1a: Garchomp\n|-enditem|p1a: Garchomp|Rocky Helmet|[from] move: Knock Off|[of] p2a: Great Tusk\n|\n|-heal|p2a: Great Tusk|53\/100|[from] item: Leftovers\n|-sideend|p1: dandarth|move: Light Screen\n|upkeep\n|turn|13\n|\n|t:|1700279132\n|move|p1a: Garchomp|Stone Edge|p2a: Great Tusk\n|-resisted|p2a: Great Tusk\n|-damage|p2a: Great Tusk|44\/100\n|move|p2a: Great Tusk|Earthquake|p1a: Garchomp\n|-damage|p1a: Garchomp|23\/100\n|\n|-heal|p2a: Great Tusk|50\/100|[from] item: Leftovers\n|upkeep\n|turn|14\n|\n|t:|1700279140\n|move|p1a: Garchomp|Earthquake|p2a: Great Tusk\n|-damage|p2a: Great Tusk|0 fnt\n|faint|p2a: Great Tusk\n|-end|p2a: Great Tusk|Protosynthesis|[silent]\n|\n|upkeep\n|\n|t:|1700279146\n|switch|p2a: Hoopa|Hoopa-Unbound|88\/100\n|-damage|p2a: Hoopa|76\/100|[from] Stealth Rock\n|turn|15\n|\n|t:|1700279155\n|move|p2a: Hoopa|Hyperspace Fury|p1a: Garchomp\n|-damage|p1a: Garchomp|0 fnt\n|-unboost|p2a: Hoopa|def|1\n|faint|p1a: Garchomp\n|\n|upkeep\n|\n|t:|1700279160\n|switch|p1a: Zapdos|Zapdos|100\/100\n|-damage|p1a: Zapdos|76\/100|[from] Stealth Rock\n|turn|16\n|\n|t:|1700279165\n|move|p1a: Zapdos|Protect|p1a: Zapdos\n|-singleturn|p1a: Zapdos|Protect\n|move|p2a: Hoopa|Hyperspace Fury|p1a: Zapdos\n|-activate|p1a: Zapdos|move: Hyperspace Fury|[broken]\n|-damage|p1a: Zapdos|10\/100\n|-unboost|p2a: Hoopa|def|1\n|\n|upkeep\n|turn|17\n|\n|t:|1700279173\n|move|p2a: Hoopa|Hyperspace Fury|p1a: Zapdos\n|-damage|p1a: Zapdos|0 fnt\n|-unboost|p2a: Hoopa|def|1\n|faint|p1a: Zapdos\n|\n|win|jexiar\u30c3\n|raw|dandarth's rating: 1028 &rarr; <strong>1015<\/strong><br \/>(-13 for losing)\n|raw|jexiar\u30c3's rating: 1051 &rarr; <strong>1081<\/strong><br \/>(+30 for winning)\n|c|\u2606jexiar\u30c3|gg\n","uploadtime":1700279181,"views":15,"p1id":"dandarth","p2id":"jexiar","formatid":"gen9ou","rating":1015,"private":0,"password":""}