{"id":"gen9ou-1990968969","p1":"aurorauraurora","p2":"bxkwx","format":"[Gen 9] OU","log":"|j|\u2606aurorauraurora\n|j|\u2606bxkwx\n|t:|1700021210\n|gametype|singles\n|player|p1|aurorauraurora|clair|1327\n|player|p2|bxkwx|marley|1332\n|teamsize|p1|6\n|teamsize|p2|6\n|gen|9\n|tier|[Gen 9] OU\n|rated|\n|rule|Sleep Clause Mod: Limit one foe put to sleep\n|rule|Species Clause: Limit one of each Pok\u00e9mon\n|rule|OHKO Clause: OHKO moves are banned\n|rule|Evasion Items Clause: Evasion items are banned\n|rule|Evasion Moves Clause: Evasion moves are banned\n|rule|Endless Battle Clause: Forcing endless battles is banned\n|rule|HP Percentage Mod: HP is shown in percentages\n|clearpoke\n|poke|p1|Alomomola, F|\n|poke|p1|Clefable, M|\n|poke|p1|Rillaboom, M|\n|poke|p1|Ting-Lu|\n|poke|p1|Dragapult, M|\n|poke|p1|Corviknight, F|\n|poke|p2|Shaymin|\n|poke|p2|Rillaboom, F|\n|poke|p2|Sneasler, M|\n|poke|p2|Gholdengo|\n|poke|p2|Great Tusk|\n|poke|p2|Cinderace, F|\n|teampreview\n|inactive|Battle timer is ON: inactive players will automatically lose when time's up. (requested by aurorauraurora)\n|\n|t:|1700021226\n|start\n|switch|p1a: Corviknight|Corviknight, F|100\/100\n|switch|p2a: Gholdengo|Gholdengo|100\/100\n|-ability|p1a: Corviknight|Pressure\n|turn|1\n|inactive|bxkwx has 120 seconds left.\n|\n|t:|1700021256\n|move|p2a: Gholdengo|Shadow Ball|p1a: Corviknight\n|-damage|p1a: Corviknight|60\/100\n|move|p1a: Corviknight|U-turn|p2a: Gholdengo\n|-resisted|p2a: Gholdengo\n|-damage|p2a: Gholdengo|96\/100\n|\n|t:|1700021263\n|switch|p1a: Ting-Lu|Ting-Lu|100\/100|[from] U-turn\n|-ability|p1a: Ting-Lu|Vessel of Ruin\n|\n|upkeep\n|turn|2\n|\n|t:|1700021273\n|switch|p2a: Great Tusk|Great Tusk|100\/100\n|move|p1a: Ting-Lu|Ruination|p2a: Great Tusk\n|-damage|p2a: Great Tusk|51\/100\n|\n|upkeep\n|turn|3\n|inactive|bxkwx has 120 seconds left.\n|\n|t:|1700021294\n|-end|p2a: Great Tusk|Protosynthesis|[silent]\n|switch|p2a: Gholdengo|Gholdengo|96\/100\n|switch|p1a: Alomomola|Alomomola, F|100\/100\n|\n|upkeep\n|turn|4\n|inactive|bxkwx has 120 seconds left.\n|\n|t:|1700021324\n|switch|p2a: Rillaboom|Rillaboom, F|100\/100\n|-fieldstart|move: Grassy Terrain|[from] ability: Grassy Surge|[of] p2a: Rillaboom\n|move|p1a: Alomomola|Flip Turn|p2a: Rillaboom\n|-resisted|p2a: Rillaboom\n|-damage|p2a: Rillaboom|92\/100\n|\n|t:|1700021329\n|switch|p1a: Corviknight|Corviknight, F|60\/100|[from] Flip Turn\n|-ability|p1a: Corviknight|Pressure\n|\n|-heal|p2a: Rillaboom|98\/100|[from] Grassy Terrain\n|upkeep\n|turn|5\n|\n|t:|1700021346\n|switch|p2a: Gholdengo|Gholdengo|96\/100\n|move|p1a: Corviknight|Roost|p1a: Corviknight\n|-heal|p1a: Corviknight|100\/100\n|-singleturn|p1a: Corviknight|move: Roost\n|\n|-heal|p2a: Gholdengo|100\/100|[from] Grassy Terrain\n|upkeep\n|turn|6\n|inactive|bxkwx has 90 seconds left.\n|\n|t:|1700021375\n|switch|p2a: Great Tusk|Great Tusk|51\/100\n|switch|p1a: Ting-Lu|Ting-Lu|100\/100\n|-ability|p1a: Ting-Lu|Vessel of Ruin\n|\n|-heal|p2a: Great Tusk|57\/100|[from] Grassy Terrain\n|upkeep\n|turn|7\n|inactive|bxkwx has 90 seconds left.\n|\n|t:|1700021413\n|switch|p1a: Alomomola|Alomomola, F|100\/100\n|move|p2a: Great Tusk|Stealth Rock|p1a: Alomomola\n|-sidestart|p1: aurorauraurora|move: Stealth Rock\n|\n|-heal|p2a: Great Tusk|63\/100|[from] Grassy Terrain\n|upkeep\n|turn|8\n|\n|t:|1700021421\n|-end|p2a: Great Tusk|Protosynthesis|[silent]\n|switch|p2a: Rillaboom|Rillaboom, F|98\/100\n|move|p1a: Alomomola|Scald|p2a: Rillaboom\n|-resisted|p2a: Rillaboom\n|-damage|p2a: Rillaboom|89\/100\n|-status|p2a: Rillaboom|brn\n|\n|-heal|p2a: Rillaboom|95\/100 brn|[from] Grassy Terrain\n|-damage|p2a: Rillaboom|89\/100 brn|[from] brn\n|-fieldend|move: Grassy Terrain\n|upkeep\n|turn|9\n|\n|t:|1700021428\n|switch|p1a: Corviknight|Corviknight, F|100\/100\n|-damage|p1a: Corviknight|88\/100|[from] Stealth Rock\n|-ability|p1a: Corviknight|Pressure\n|move|p2a: Rillaboom|U-turn|p1a: Corviknight\n|-resisted|p1a: Corviknight\n|-damage|p1a: Corviknight|85\/100\n|-damage|p2a: Rillaboom|73\/100 brn|[from] item: Rocky Helmet|[of] p1a: Corviknight\n|\n|t:|1700021432\n|switch|p2a: Cinderace|Cinderace, F|100\/100|[from] U-turn\n|\n|upkeep\n|turn|10\n|\n|t:|1700021439\n|switch|p1a: Alomomola|Alomomola, F|100\/100\n|move|p2a: Cinderace|Pyro Ball|p1a: Alomomola\n|-resisted|p1a: Alomomola\n|-damage|p1a: Alomomola|85\/100\n|\n|upkeep\n|turn|11\n|inactive|bxkwx has 90 seconds left.\n|\n|t:|1700021446\n|move|p2a: Cinderace|U-turn|p1a: Alomomola\n|-start|p2a: Cinderace|typechange|Bug|[from] ability: Libero\n|-damage|p1a: Alomomola|68\/100\n|inactive|bxkwx has 90 seconds left.\n|\n|t:|1700021454\n|switch|p2a: Rillaboom|Rillaboom, F|73\/100 brn|[from] U-turn\n|-fieldstart|move: Grassy Terrain|[from] ability: Grassy Surge|[of] p2a: Rillaboom\n|move|p1a: Alomomola|Flip Turn|p2a: Rillaboom\n|-resisted|p2a: Rillaboom\n|-damage|p2a: Rillaboom|63\/100 brn\n|\n|t:|1700021459\n|switch|p1a: Corviknight|Corviknight, F|85\/100|[from] Flip Turn\n|-damage|p1a: Corviknight|73\/100|[from] Stealth Rock\n|-ability|p1a: Corviknight|Pressure\n|\n|-heal|p2a: Rillaboom|69\/100 brn|[from] Grassy Terrain\n|-damage|p2a: Rillaboom|63\/100 brn|[from] brn\n|upkeep\n|turn|12\n|inactive|bxkwx has 90 seconds left.\n|\n|t:|1700021477\n|move|p2a: Rillaboom|Knock Off|p1a: Corviknight\n|-damage|p1a: Corviknight|57\/100\n|-damage|p2a: Rillaboom|47\/100 brn|[from] item: Rocky Helmet|[of] p1a: Corviknight\n|-enditem|p1a: Corviknight|Rocky Helmet|[from] move: Knock Off|[of] p2a: Rillaboom\n|move|p1a: Corviknight|Defog|p2a: Rillaboom\n|-unboost|p2a: Rillaboom|evasion|1\n|-sideend|p1: aurorauraurora|Stealth Rock|[from] move: Defog|[of] p1a: Corviknight\n|-fieldend|move: Grassy Terrain\n|\n|-damage|p2a: Rillaboom|40\/100 brn|[from] brn\n|upkeep\n|turn|13\n|inactive|bxkwx has 90 seconds left.\n|\n|t:|1700021488\n|switch|p2a: Gholdengo|Gholdengo|100\/100\n|move|p1a: Corviknight|Roost|p1a: Corviknight\n|-heal|p1a: Corviknight|100\/100\n|-singleturn|p1a: Corviknight|move: Roost\n|\n|upkeep\n|turn|14\n|inactive|bxkwx has 90 seconds left.\n|\n|t:|1700021501\n|switch|p2a: Great Tusk|Great Tusk|63\/100\n|switch|p1a: Ting-Lu|Ting-Lu|100\/100\n|-ability|p1a: Ting-Lu|Vessel of Ruin\n|\n|upkeep\n|turn|15\n|inactive|bxkwx has 90 seconds left.\n|\n|t:|1700021511\n|move|p2a: Great Tusk|Stealth Rock|p1a: Ting-Lu\n|-sidestart|p1: aurorauraurora|move: Stealth Rock\n|move|p1a: Ting-Lu|Spikes|p2a: Great Tusk\n|-sidestart|p2: bxkwx|Spikes\n|\n|upkeep\n|turn|16\n|\n|t:|1700021518\n|switch|p1a: Alomomola|Alomomola, F|100\/100\n|move|p2a: Great Tusk|Ice Spinner|p1a: Alomomola\n|-resisted|p1a: Alomomola\n|-damage|p1a: Alomomola|92\/100\n|\n|upkeep\n|turn|17\n|\n|t:|1700021532\n|move|p2a: Great Tusk|Rapid Spin|p1a: Alomomola\n|-damage|p1a: Alomomola|82\/100\n|-boost|p2a: Great Tusk|spe|1\n|-sideend|p2: bxkwx|Spikes|[from] move: Rapid Spin|[of] p2a: Great Tusk\n|move|p1a: Alomomola|Flip Turn|p2a: Great Tusk\n|-supereffective|p2a: Great Tusk\n|-damage|p2a: Great Tusk|37\/100\n|\n|t:|1700021541\n|switch|p1a: Rillaboom|Rillaboom, M|100\/100|[from] Flip Turn\n|-damage|p1a: Rillaboom|88\/100|[from] Stealth Rock\n|-fieldstart|move: Grassy Terrain|[from] ability: Grassy Surge|[of] p1a: Rillaboom\n|\n|-heal|p2a: Great Tusk|43\/100|[from] Grassy Terrain\n|-heal|p1a: Rillaboom|94\/100|[from] Grassy Terrain\n|upkeep\n|turn|18\n|\n|t:|1700021548\n|-end|p2a: Great Tusk|Protosynthesis|[silent]\n|switch|p2a: Cinderace|Cinderace, F|100\/100\n|move|p1a: Rillaboom|Grassy Glide|p2a: Cinderace\n|-resisted|p2a: Cinderace\n|-damage|p2a: Cinderace|55\/100\n|\n|-heal|p2a: Cinderace|61\/100|[from] Grassy Terrain\n|-heal|p1a: Rillaboom|100\/100|[from] Grassy Terrain\n|upkeep\n|turn|19\n|\n|t:|1700021555\n|switch|p1a: Alomomola|Alomomola, F|100\/100\n|move|p2a: Cinderace|U-turn|p1a: Alomomola\n|-start|p2a: Cinderace|typechange|Bug|[from] ability: Libero\n|-damage|p1a: Alomomola|81\/100\n|\n|t:|1700021559\n|switch|p2a: Shaymin|Shaymin|100\/100|[from] U-turn\n|\n|-heal|p1a: Alomomola|87\/100|[from] Grassy Terrain\n|upkeep\n|turn|20\n|inactive|bxkwx has 120 seconds left.\n|\n|t:|1700021568\n|switch|p1a: Corviknight|Corviknight, F|100\/100\n|-damage|p1a: Corviknight|88\/100|[from] Stealth Rock\n|-ability|p1a: Corviknight|Pressure\n|move|p2a: Shaymin|Seed Flare|p1a: Corviknight\n|-resisted|p1a: Corviknight\n|-damage|p1a: Corviknight|66\/100\n|-damage|p2a: Shaymin|91\/100|[from] item: Life Orb\n|\n|-heal|p2a: Shaymin|97\/100|[from] Grassy Terrain\n|upkeep\n|turn|21\n|inactive|bxkwx has 120 seconds left.\n|\n|t:|1700021581\n|-terastallize|p2a: Shaymin|Fire\n|move|p2a: Shaymin|Tera Blast|p1a: Corviknight|[anim] Tera Blast Fire\n|-supereffective|p1a: Corviknight\n|-crit|p1a: Corviknight\n|-damage|p1a: Corviknight|0 fnt\n|faint|p1a: Corviknight\n|-damage|p2a: Shaymin|87\/100|[from] item: Life Orb\n|\n|-heal|p2a: Shaymin|93\/100|[from] Grassy Terrain\n|-fieldend|move: Grassy Terrain\n|upkeep\n|\n|t:|1700021610\n|switch|p1a: Ting-Lu|Ting-Lu|100\/100\n|-damage|p1a: Ting-Lu|94\/100|[from] Stealth Rock\n|-ability|p1a: Ting-Lu|Vessel of Ruin\n|turn|22\n|\n|t:|1700021620\n|switch|p2a: Rillaboom|Rillaboom, F|40\/100 brn\n|-fieldstart|move: Grassy Terrain|[from] ability: Grassy Surge|[of] p2a: Rillaboom\n|-terastallize|p1a: Ting-Lu|Poison\n|move|p1a: Ting-Lu|Earthquake|p2a: Rillaboom\n|-resisted|p2a: Rillaboom\n|-damage|p2a: Rillaboom|31\/100 brn\n|\n|-heal|p2a: Rillaboom|37\/100 brn|[from] Grassy Terrain\n|-heal|p1a: Ting-Lu|100\/100|[from] Grassy Terrain\n|-damage|p2a: Rillaboom|31\/100 brn|[from] brn\n|upkeep\n|turn|23\n|\n|t:|1700021630\n|move|p2a: Rillaboom|Knock Off|p1a: Ting-Lu\n|-damage|p1a: Ting-Lu|86\/100\n|-enditem|p1a: Ting-Lu|Leftovers|[from] move: Knock Off|[of] p2a: Rillaboom\n|move|p1a: Ting-Lu|Spikes|p2a: Rillaboom\n|-sidestart|p2: bxkwx|Spikes\n|\n|-heal|p2a: Rillaboom|37\/100 brn|[from] Grassy Terrain\n|-heal|p1a: Ting-Lu|92\/100|[from] Grassy Terrain\n|-damage|p2a: Rillaboom|31\/100 brn|[from] brn\n|upkeep\n|turn|24\n|\n|t:|1700021645\n|switch|p2a: Cinderace|Cinderace, F|61\/100\n|move|p1a: Ting-Lu|Whirlwind|p2a: Cinderace\n|drag|p2a: Rillaboom|Rillaboom, F|31\/100 brn\n|-damage|p2a: Rillaboom|19\/100 brn|[from] Spikes\n|\n|-heal|p2a: Rillaboom|25\/100 brn|[from] Grassy Terrain\n|-heal|p1a: Ting-Lu|98\/100|[from] Grassy Terrain\n|-damage|p2a: Rillaboom|19\/100 brn|[from] brn\n|upkeep\n|turn|25\n|inactive|bxkwx has 120 seconds left.\n|\n|t:|1700021671\n|move|p2a: Rillaboom|Wood Hammer|p1a: Ting-Lu\n|-resisted|p1a: Ting-Lu\n|-damage|p1a: Ting-Lu|79\/100\n|-damage|p2a: Rillaboom|9\/100 brn|[from] Recoil\n|move|p1a: Ting-Lu|Earthquake|p2a: Rillaboom\n|-resisted|p2a: Rillaboom\n|-damage|p2a: Rillaboom|0 fnt\n|faint|p2a: Rillaboom\n|\n|-heal|p1a: Ting-Lu|86\/100|[from] Grassy Terrain\n|upkeep\n|\n|t:|1700021677\n|switch|p2a: Great Tusk|Great Tusk|43\/100\n|turn|26\n|inactive|bxkwx has 120 seconds left.\n|\n|t:|1700021686\n|switch|p1a: Alomomola|Alomomola, F|100\/100\n|move|p2a: Great Tusk|Headlong Rush|p1a: Alomomola\n|-damage|p1a: Alomomola|66\/100\n|-unboost|p2a: Great Tusk|def|1\n|-unboost|p2a: Great Tusk|spd|1\n|\n|-heal|p2a: Great Tusk|50\/100|[from] Grassy Terrain\n|-heal|p1a: Alomomola|72\/100|[from] Grassy Terrain\n|-fieldend|move: Grassy Terrain\n|upkeep\n|turn|27\n|inactive|bxkwx has 120 seconds left.\n|\n|t:|1700021698\n|-end|p2a: Great Tusk|Protosynthesis|[silent]\n|switch|p2a: Gholdengo|Gholdengo|100\/100\n|-damage|p2a: Gholdengo|88\/100|[from] Spikes\n|move|p1a: Alomomola|Flip Turn|p2a: Gholdengo\n|-damage|p2a: Gholdengo|71\/100\n|\n|t:|1700021705\n|switch|p1a: Ting-Lu|Ting-Lu, tera:Poison|86\/100|[from] Flip Turn\n|-damage|p1a: Ting-Lu|73\/100|[from] Stealth Rock\n|-ability|p1a: Ting-Lu|Vessel of Ruin\n|\n|upkeep\n|turn|28\n|inactive|bxkwx has 120 seconds left.\n|\n|t:|1700021740\n|switch|p2a: Cinderace|Cinderace, F|61\/100\n|move|p1a: Ting-Lu|Earthquake|p2a: Cinderace\n|-supereffective|p2a: Cinderace\n|-damage|p2a: Cinderace|0 fnt\n|faint|p2a: Cinderace\n|\n|upkeep\n|\n|t:|1700021745\n|switch|p2a: Great Tusk|Great Tusk|50\/100\n|turn|29\n|\n|t:|1700021752\n|switch|p1a: Alomomola|Alomomola, F|100\/100\n|move|p2a: Great Tusk|Rapid Spin|p1a: Alomomola\n|-damage|p1a: Alomomola|92\/100\n|-boost|p2a: Great Tusk|spe|1\n|-sideend|p2: bxkwx|Spikes|[from] move: Rapid Spin|[of] p2a: Great Tusk\n|\n|upkeep\n|turn|30\n|\n|t:|1700021775\n|-end|p2a: Great Tusk|Protosynthesis|[silent]\n|switch|p2a: Shaymin|Shaymin, tera:Fire|93\/100\n|move|p1a: Alomomola|Scald|p2a: Shaymin\n|-supereffective|p2a: Shaymin\n|-damage|p2a: Shaymin|63\/100\n|\n|upkeep\n|turn|31\n|\n|t:|1700021786\n|switch|p1a: Ting-Lu|Ting-Lu, tera:Poison|73\/100\n|-damage|p1a: Ting-Lu|61\/100|[from] Stealth Rock\n|-ability|p1a: Ting-Lu|Vessel of Ruin\n|move|p2a: Shaymin|Synthesis|p2a: Shaymin\n|-heal|p2a: Shaymin|100\/100\n|\n|upkeep\n|turn|32\n|\n|t:|1700021795\n|move|p2a: Shaymin|Earth Power|p1a: Ting-Lu\n|-supereffective|p1a: Ting-Lu\n|-damage|p1a: Ting-Lu|31\/100\n|-damage|p2a: Shaymin|91\/100|[from] item: Life Orb\n|move|p1a: Ting-Lu|Earthquake|p2a: Shaymin\n|-supereffective|p2a: Shaymin\n|-damage|p2a: Shaymin|18\/100\n|\n|upkeep\n|turn|33\n|\n|t:|1700021820\n|move|p2a: Shaymin|Earth Power|p1a: Ting-Lu\n|-supereffective|p1a: Ting-Lu\n|-damage|p1a: Ting-Lu|5\/100\n|-damage|p2a: Shaymin|8\/100|[from] item: Life Orb\n|move|p1a: Ting-Lu|Earthquake|p2a: Shaymin\n|-supereffective|p2a: Shaymin\n|-damage|p2a: Shaymin|0 fnt\n|faint|p2a: Shaymin\n|\n|upkeep\n|inactive|bxkwx has 90 seconds left.\n|\n|t:|1700021833\n|switch|p2a: Gholdengo|Gholdengo|71\/100\n|turn|34\n|inactive|bxkwx has 90 seconds left.\n|\n|t:|1700021843\n|move|p2a: Gholdengo|Shadow Ball|p1a: Ting-Lu\n|-damage|p1a: Ting-Lu|0 fnt\n|faint|p1a: Ting-Lu\n|\n|upkeep\n|\n|t:|1700021848\n|switch|p1a: Dragapult|Dragapult, M|100\/100\n|-damage|p1a: Dragapult|88\/100|[from] Stealth Rock\n|turn|35\n|\n|t:|1700021852\n|move|p2a: Gholdengo|Shadow Ball|p1a: Dragapult\n|-supereffective|p1a: Dragapult\n|-damage|p1a: Dragapult|0 fnt\n|faint|p1a: Dragapult\n|\n|upkeep\n|\n|t:|1700021861\n|switch|p1a: Rillaboom|Rillaboom, M|100\/100\n|-damage|p1a: Rillaboom|88\/100|[from] Stealth Rock\n|-fieldstart|move: Grassy Terrain|[from] ability: Grassy Surge|[of] p1a: Rillaboom\n|turn|36\n|\n|t:|1700021873\n|switch|p2a: Sneasler|Sneasler, M|100\/100\n|-enditem|p2a: Sneasler|Grassy Seed\n|-boost|p2a: Sneasler|def|1|[from] item: Grassy Seed\n|move|p1a: Rillaboom|Knock Off|p2a: Sneasler\n|-resisted|p2a: Sneasler\n|-damage|p2a: Sneasler|81\/100\n|\n|-heal|p2a: Sneasler|87\/100|[from] Grassy Terrain\n|-heal|p1a: Rillaboom|94\/100|[from] Grassy Terrain\n|upkeep\n|turn|37\n|\n|t:|1700021880\n|switch|p1a: Clefable|Clefable, M|100\/100\n|move|p2a: Sneasler|Swords Dance|p2a: Sneasler\n|-boost|p2a: Sneasler|atk|2\n|\n|-heal|p2a: Sneasler|94\/100|[from] Grassy Terrain\n|upkeep\n|turn|38\n|\n|t:|1700021886\n|move|p2a: Sneasler|Dire Claw|p1a: Clefable\n|-supereffective|p1a: Clefable\n|-damage|p1a: Clefable|0 fnt\n|faint|p1a: Clefable\n|\n|-heal|p2a: Sneasler|99\/100|[from] Grassy Terrain\n|upkeep\n|\n|t:|1700021889\n|switch|p1a: Alomomola|Alomomola, F|100\/100\n|turn|39\n|-message|aurorauraurora forfeited.\n|\n|win|bxkwx\n|raw|aurorauraurora's rating: 1327 &rarr; <strong>1307<\/strong><br \/>(-20 for losing)\n|raw|bxkwx's rating: 1332 &rarr; <strong>1352<\/strong><br \/>(+20 for winning)\n|l|\u2606aurorauraurora\n","uploadtime":1700021993,"views":9,"p1id":"aurorauraurora","p2id":"bxkwx","formatid":"gen9ou","rating":1307,"private":0,"password":""}