{"id":"gen9ou-1996015248","p1":"Artimus245","p2":"mr.pickup","format":"[Gen 9] OU","log":"|j|\u2606Artimus245\n|j|\u2606mr.pickup\n|inactive|Battle timer is ON: inactive players will automatically lose when time's up.\n|t:|1700629656\n|gametype|singles\n|player|p1|Artimus245|steven|\n|player|p2|mr.pickup|skierf|\n|teamsize|p1|4\n|teamsize|p2|4\n|gen|9\n|tier|[Gen 9] OU\n|rated|Tournament battle\n|rule|Sleep Clause Mod: Limit one foe put to sleep\n|rule|Species Clause: Limit one of each Pok\u00e9mon\n|rule|OHKO Clause: OHKO moves are banned\n|rule|Evasion Items Clause: Evasion items are banned\n|rule|Evasion Moves Clause: Evasion moves are banned\n|rule|Endless Battle Clause: Forcing endless battles is banned\n|rule|HP Percentage Mod: HP is shown in percentages\n|clearpoke\n|poke|p1|Mienshao, F|\n|poke|p1|Fennekin, M|\n|poke|p1|Dragapult, M|\n|poke|p1|Nymble, F|\n|poke|p2|Inteleon, F|\n|poke|p2|Wooper-Paldea, F|\n|poke|p2|Bisharp, F|\n|poke|p2|Cubchoo, F|\n|teampreview\n|j|*Lady Monita \u2746\n|inactive|mr.pickup also wants the timer to be on.\n|c|\u2606mr.pickup|gl hf\n|j| seven_wik\n|\n|t:|1700629672\n|start\n|switch|p1a: Mienshao|Mienshao, F|100\/100\n|switch|p2a: Cubchoo|Cubchoo, F|100\/100\n|turn|1\n|\n|t:|1700629676\n|move|p2a: Cubchoo|Protect|p2a: Cubchoo\n|-singleturn|p2a: Cubchoo|Protect\n|move|p1a: Mienshao|Close Combat|p2a: Cubchoo\n|-activate|p2a: Cubchoo|move: Protect\n|\n|upkeep\n|turn|2\n|\n|t:|1700629679\n|move|p1a: Mienshao|Close Combat|p2a: Cubchoo\n|-supereffective|p2a: Cubchoo\n|-damage|p2a: Cubchoo|0 fnt\n|-unboost|p1a: Mienshao|def|1\n|-unboost|p1a: Mienshao|spd|1\n|faint|p2a: Cubchoo\n|\n|upkeep\n|\n|t:|1700629681\n|switch|p2a: Wooper|Wooper-Paldea, F|100\/100\n|turn|3\n|\n|t:|1700629684\n|switch|p1a: Fennekin|Fennekin, M|100\/100\n|move|p2a: Wooper|Toxic Spikes|p1a: Fennekin\n|-sidestart|p1: Artimus245|move: Toxic Spikes\n|\n|upkeep\n|turn|4\n|\n|t:|1700629692\n|move|p1a: Fennekin|Psyshock|p2a: Wooper\n|-supereffective|p2a: Wooper\n|-damage|p2a: Wooper|66\/100\n|move|p2a: Wooper|Rock Tomb|p1a: Fennekin\n|-supereffective|p1a: Fennekin\n|-damage|p1a: Fennekin|86\/100\n|-unboost|p1a: Fennekin|spe|1\n|\n|upkeep\n|turn|5\n|\n|t:|1700629699\n|move|p1a: Fennekin|Psyshock|p2a: Wooper\n|-supereffective|p2a: Wooper\n|-damage|p2a: Wooper|32\/100\n|move|p2a: Wooper|Spikes|p1a: Fennekin\n|-sidestart|p1: Artimus245|Spikes\n|\n|upkeep\n|turn|6\n|\n|t:|1700629703\n|move|p1a: Fennekin|Psyshock|p2a: Wooper\n|-supereffective|p2a: Wooper\n|-damage|p2a: Wooper|0 fnt\n|faint|p2a: Wooper\n|\n|upkeep\n|\n|t:|1700629704\n|switch|p2a: Bisharp|Bisharp, F|100\/100\n|turn|7\n|\n|t:|1700629708\n|move|p2a: Bisharp|Night Slash|p1a: Fennekin\n|-damage|p1a: Fennekin|46\/100\n|move|p1a: Fennekin|Will-O-Wisp|p2a: Bisharp\n|-status|p2a: Bisharp|brn\n|\n|-damage|p2a: Bisharp|95\/100 brn|[from] brn\n|upkeep\n|turn|8\n|\n|t:|1700629715\n|move|p2a: Bisharp|Night Slash|p1a: Fennekin\n|-damage|p1a: Fennekin|25\/100\n|move|p1a: Fennekin|Flamethrower|p2a: Bisharp\n|-supereffective|p2a: Bisharp\n|-damage|p2a: Bisharp|35\/100 brn\n|\n|-damage|p2a: Bisharp|29\/100 brn|[from] brn\n|upkeep\n|turn|9\n|\n|t:|1700629718\n|move|p2a: Bisharp|Night Slash|p1a: Fennekin\n|-damage|p1a: Fennekin|4\/100\n|move|p1a: Fennekin|Flamethrower|p2a: Bisharp\n|-supereffective|p2a: Bisharp\n|-damage|p2a: Bisharp|0 fnt\n|faint|p2a: Bisharp\n|\n|upkeep\n|\n|t:|1700629720\n|switch|p2a: Inteleon|Inteleon, F|100\/100\n|turn|10\n|\n|t:|1700629722\n|move|p2a: Inteleon|Vacuum Wave|p1a: Fennekin\n|-damage|p1a: Fennekin|0 fnt\n|faint|p1a: Fennekin\n|\n|upkeep\n|\n|t:|1700629726\n|switch|p1a: Nymble|Nymble, F|100\/100\n|-status|p1a: Nymble|psn\n|-damage|p1a: Nymble|88\/100 psn|[from] Spikes\n|turn|11\n|\n|t:|1700629729\n|-terastallize|p2a: Inteleon|Water\n|move|p1a: Nymble|First Impression|p2a: Inteleon\n|-damage|p2a: Inteleon|49\/100\n|move|p2a: Inteleon|Hydro Pump|p1a: Nymble|[miss]\n|-miss|p2a: Inteleon|p1a: Nymble\n|\n|-damage|p1a: Nymble|76\/100 psn|[from] psn\n|upkeep\n|turn|12\n|c|\u2606mr.pickup|gg\n|\n|t:|1700629740\n|switch|p1a: Mienshao|Mienshao, F|100\/100\n|-status|p1a: Mienshao|psn\n|-damage|p1a: Mienshao|88\/100 psn|[from] Spikes\n|move|p2a: Inteleon|Hydro Pump|p1a: Mienshao\n|-damage|p1a: Mienshao|0 fnt\n|faint|p1a: Mienshao\n|\n|upkeep\n|\n|t:|1700629743\n|switch|p1a: Nymble|Nymble, F|76\/100 psn\n|-damage|p1a: Nymble|64\/100 psn|[from] Spikes\n|turn|13\n|\n|t:|1700629745\n|move|p1a: Nymble|First Impression|p2a: Inteleon\n|-damage|p2a: Inteleon|1\/100\n|move|p2a: Inteleon|Hydro Pump|p1a: Nymble\n|-crit|p1a: Nymble\n|-damage|p1a: Nymble|0 fnt\n|faint|p1a: Nymble\n|\n|upkeep\n|c| seven_wik|steel against fenekkin\n|c| seven_wik|what\n|\n|t:|1700629752\n|switch|p1a: Dragapult|Dragapult, M|100\/100\n|-status|p1a: Dragapult|psn\n|-damage|p1a: Dragapult|88\/100 psn|[from] Spikes\n|turn|14\n|c|\u2606mr.pickup|Oh i thought it was psychic\n|\n|t:|1700629775\n|move|p1a: Dragapult|Shadow Ball|p2a: Inteleon\n|-damage|p2a: Inteleon|0 fnt\n|faint|p2a: Inteleon\n|\n|win|Artimus245\n|n|\u2606Artimus245|artimus245\n|n|\u2606mr.pickup|mrpickup\n|n|*Lady Monita \u2746|ladymonita\n|n| seven_wik|sevenwik\n","uploadtime":1700629776,"views":0,"p1id":"artimus245","p2id":"mrpickup","formatid":"gen9ou","rating":0,"private":0,"password":""}