{"id":"gen9ou-1995376542","p1":"Mr.Blue1","p2":"Onte bad","format":"[Gen 9] OU","log":"|j|\u2606Mr.Blue1\n|j|\u2606Onte bad\n|t:|1700562275\n|gametype|singles\n|player|p1|Mr.Blue1|2|1226\n|player|p2|Onte bad|101|1198\n|teamsize|p1|6\n|teamsize|p2|6\n|gen|9\n|tier|[Gen 9] OU\n|rated|\n|rule|Sleep Clause Mod: Limit one foe put to sleep\n|rule|Species Clause: Limit one of each Pok\u00e9mon\n|rule|OHKO Clause: OHKO moves are banned\n|rule|Evasion Items Clause: Evasion items are banned\n|rule|Evasion Moves Clause: Evasion moves are banned\n|rule|Endless Battle Clause: Forcing endless battles is banned\n|rule|HP Percentage Mod: HP is shown in percentages\n|clearpoke\n|poke|p1|Ribombee, M|\n|poke|p1|Great Tusk|\n|poke|p1|Gholdengo|\n|poke|p1|Ogerpon-Wellspring, F|\n|poke|p1|Thundurus-Therian, M|\n|poke|p1|Iron Valiant|\n|poke|p2|Regidrago|\n|poke|p2|Ribombee, M|\n|poke|p2|Scizor, M|\n|poke|p2|Slowking-Galar, F|\n|poke|p2|Breloom, F|\n|poke|p2|Quaquaval, M|\n|teampreview\n|inactive|Battle timer is ON: inactive players will automatically lose when time's up. (requested by Mr.Blue1)\n|\n|t:|1700562287\n|start\n|switch|p1a: Ribombee|Ribombee, M|100\/100\n|switch|p2a: Scizor|Scizor, M|100\/100\n|turn|1\n|\n|t:|1700562306\n|switch|p1a: Thundurus|Thundurus-Therian, M|100\/100\n|move|p2a: Scizor|Dual Wingbeat|p1a: Thundurus\n|-resisted|p1a: Thundurus\n|-damage|p1a: Thundurus|73\/100\n|-resisted|p1a: Thundurus\n|-damage|p1a: Thundurus|48\/100\n|-hitcount|p1a: Thundurus|2\n|\n|upkeep\n|turn|2\n|\n|t:|1700562323\n|switch|p2a: Slowking|Slowking-Galar, F|100\/100\n|move|p1a: Thundurus|Volt Switch|p2a: Slowking\n|-damage|p2a: Slowking|71\/100\n|\n|t:|1700562330\n|switch|p1a: Ribombee|Ribombee, M|100\/100|[from] Volt Switch\n|\n|upkeep\n|turn|3\n|\n|t:|1700562339\n|move|p1a: Ribombee|Sticky Web|p2a: Slowking\n|-sidestart|p2: Onte bad|move: Sticky Web\n|move|p2a: Slowking|Sludge Bomb|p1a: Ribombee\n|-supereffective|p1a: Ribombee\n|-enditem|p1a: Ribombee|Focus Sash\n|-damage|p1a: Ribombee|1\/100\n|\n|upkeep\n|turn|4\n|\n|t:|1700562350\n|switch|p2a: Scizor|Scizor, M|100\/100\n|-activate|p2a: Scizor|move: Sticky Web\n|-unboost|p2a: Scizor|spe|1\n|move|p1a: Ribombee|U-turn|p2a: Scizor\n|-resisted|p2a: Scizor\n|-damage|p2a: Scizor|94\/100\n|\n|t:|1700562358\n|switch|p1a: Thundurus|Thundurus-Therian, M|48\/100|[from] U-turn\n|\n|upkeep\n|turn|5\n|\n|t:|1700562370\n|switch|p2a: Slowking|Slowking-Galar, F|100\/100\n|-activate|p2a: Slowking|move: Sticky Web\n|-unboost|p2a: Slowking|spe|1\n|move|p1a: Thundurus|Thunderbolt|p2a: Slowking\n|-damage|p2a: Slowking|61\/100\n|\n|upkeep\n|turn|6\n|\n|t:|1700562392\n|switch|p1a: Ribombee|Ribombee, M|1\/100\n|switch|p2a: Breloom|Breloom, F|100\/100\n|-activate|p2a: Breloom|move: Sticky Web\n|-unboost|p2a: Breloom|spe|1\n|\n|upkeep\n|turn|7\n|\n|t:|1700562409\n|switch|p1a: Gholdengo|Gholdengo|100\/100\n|-item|p1a: Gholdengo|Air Balloon\n|move|p2a: Breloom|Mach Punch|p1a: Gholdengo\n|-immune|p1a: Gholdengo\n|\n|upkeep\n|turn|8\n|\n|t:|1700562435\n|switch|p2a: Slowking|Slowking-Galar, F|94\/100\n|-activate|p2a: Slowking|move: Sticky Web\n|-unboost|p2a: Slowking|spe|1\n|move|p1a: Gholdengo|Shadow Ball|p2a: Slowking\n|-supereffective|p2a: Slowking\n|-damage|p2a: Slowking|46\/100\n|\n|upkeep\n|turn|9\n|inactive|Onte bad has 120 seconds left.\n|\n|t:|1700562453\n|-terastallize|p2a: Slowking|Steel\n|move|p1a: Gholdengo|Shadow Ball|p2a: Slowking\n|-damage|p2a: Slowking|24\/100\n|move|p2a: Slowking|Flamethrower|p1a: Gholdengo\n|-supereffective|p1a: Gholdengo\n|-damage|p1a: Gholdengo|32\/100\n|-enditem|p1a: Gholdengo|Air Balloon\n|\n|upkeep\n|turn|10\n|inactive|Onte bad has 120 seconds left.\n|inactive|Mr.Blue1 has 120 seconds left.\n|inactive|Mr.Blue1 has 90 seconds left.\n|n|\u2606Mr.Blue1|mrblue1\n|inactive|Mr.Blue1 has 60 seconds left.\n|inactive|Mr.Blue1 has 30 seconds left.\n|inactive|Mr.Blue1 has 20 seconds left.\n|inactive|Mr.Blue1 has 15 seconds left.\n|inactive|Mr.Blue1 has 10 seconds left.\n|inactive|Mr.Blue1 has 5 seconds left.\n|-message|Mr.Blue1 lost due to inactivity.\n|\n|win|Onte bad\n|raw|Mr.Blue1's rating: 1226 &rarr; <strong>1199<\/strong><br \/>(-27 for losing)\n|raw|Onte bad's rating: 1198 &rarr; <strong>1225<\/strong><br \/>(+27 for winning)\n","uploadtime":1700562592,"views":3,"p1id":"mrblue1","p2id":"ontebad","formatid":"gen9ou","rating":1199,"private":0,"password":""}