{"id":"gen9ou-1989397612","p1":"soccersniper","p2":"flowerpower22","format":"[Gen 9] OU","log":"|j|\u2606soccersniper\n|j|\u2606flowerpower22\n|t:|1699845095\n|gametype|singles\n|player|p1|soccersniper|1|1492\n|player|p2|flowerpower22|gentleman|1638\n|teamsize|p1|6\n|teamsize|p2|6\n|gen|9\n|tier|[Gen 9] OU\n|rated|\n|rule|Sleep Clause Mod: Limit one foe put to sleep\n|rule|Species Clause: Limit one of each Pok\u00e9mon\n|rule|OHKO Clause: OHKO moves are banned\n|rule|Evasion Items Clause: Evasion items are banned\n|rule|Evasion Moves Clause: Evasion moves are banned\n|rule|Endless Battle Clause: Forcing endless battles is banned\n|rule|HP Percentage Mod: HP is shown in percentages\n|clearpoke\n|poke|p1|Garganacl, F|\n|poke|p1|Rillaboom, F|\n|poke|p1|Sneasler, M|\n|poke|p1|Ogerpon-Wellspring, F|\n|poke|p1|Greninja-*, M|\n|poke|p1|Landorus-Therian, M|\n|poke|p2|Corviknight, M|\n|poke|p2|Skeledirge, M|\n|poke|p2|Clodsire, F|\n|poke|p2|Kingambit, M|\n|poke|p2|Iron Valiant|\n|poke|p2|Garchomp, F|\n|teampreview\n|inactive|Battle timer is ON: inactive players will automatically lose when time's up. (requested by flowerpower22)\n|\n|t:|1699845123\n|start\n|switch|p1a: Greninja|Greninja, M|100\/100\n|switch|p2a: Garchomp|Garchomp, F|100\/100\n|turn|1\n|\n|t:|1699845133\n|switch|p2a: Clodsire|Clodsire, F|100\/100\n|move|p1a: Greninja|Dark Pulse|p2a: Clodsire\n|-damage|p2a: Clodsire|77\/100\n|-damage|p1a: Greninja|91\/100|[from] item: Life Orb\n|\n|-heal|p2a: Clodsire|83\/100|[from] item: Leftovers\n|upkeep\n|turn|2\n|\n|t:|1699845140\n|move|p1a: Greninja|Ice Beam|p2a: Clodsire\n|-supereffective|p2a: Clodsire\n|-damage|p2a: Clodsire|45\/100\n|-damage|p1a: Greninja|81\/100|[from] item: Life Orb\n|move|p2a: Clodsire|Earthquake|p1a: Greninja\n|-damage|p1a: Greninja|27\/100\n|\n|-heal|p2a: Clodsire|51\/100|[from] item: Leftovers\n|upkeep\n|turn|3\n|\n|t:|1699845148\n|switch|p1a: Landorus|Landorus-Therian, M|100\/100\n|-ability|p1a: Landorus|Intimidate|boost\n|-unboost|p2a: Clodsire|atk|1\n|move|p2a: Clodsire|Earthquake|p1a: Landorus\n|-immune|p1a: Landorus\n|\n|-heal|p2a: Clodsire|57\/100|[from] item: Leftovers\n|upkeep\n|turn|4\n|\n|t:|1699845159\n|switch|p2a: Corviknight|Corviknight, M|100\/100\n|-ability|p2a: Corviknight|Pressure\n|move|p1a: Landorus|Stealth Rock|p2a: Corviknight\n|-sidestart|p2: flowerpower22|move: Stealth Rock\n|\n|upkeep\n|turn|5\n|\n|t:|1699845166\n|move|p1a: Landorus|U-turn|p2a: Corviknight\n|-resisted|p2a: Corviknight\n|-damage|p2a: Corviknight|97\/100\n|-damage|p1a: Landorus|84\/100|[from] item: Rocky Helmet|[of] p2a: Corviknight\n|\n|t:|1699845176\n|switch|p1a: Garganacl|Garganacl, F|100\/100|[from] U-turn\n|move|p2a: Corviknight|Defog|p1a: Garganacl\n|-unboost|p1a: Garganacl|evasion|1\n|-sideend|p2: flowerpower22|Stealth Rock|[from] move: Defog|[of] p2a: Corviknight\n|\n|upkeep\n|turn|6\n|\n|t:|1699845191\n|move|p2a: Corviknight|U-turn|p1a: Garganacl\n|-damage|p1a: Garganacl|90\/100\n|\n|t:|1699845193\n|switch|p2a: Garchomp|Garchomp, F|100\/100|[from] U-turn\n|move|p1a: Garganacl|Salt Cure|p2a: Garchomp\n|-resisted|p2a: Garchomp\n|-damage|p2a: Garchomp|93\/100\n|-start|p2a: Garchomp|Salt Cure\n|\n|-heal|p1a: Garganacl|96\/100|[from] item: Leftovers\n|-damage|p2a: Garchomp|81\/100|[from] Salt Cure\n|upkeep\n|turn|7\n|c|\u2606flowerpower22|!dt purifying salt\n|raw|<ul class=\"utilichart\"><li class=\"result\"><span class=\"col namecol\"><a href=\"https:\/\/dex.pokemonshowdown.com\/abilities\/purifyingsalt\">Purifying Salt<\/a><\/span> <span class=\"col abilitydesccol\">Ghost damage to this Pokemon dealt with a halved offensive stat; can't be statused.<\/span> <\/li><li style=\"clear:both\"><\/li><\/ul>\n|raw|<font size=\"1\"><font color=\"#686868\">Gen:<\/font> 9&nbsp;|&ThickSpace;&#10003; Ignored by Mold Breaker<\/font>\n\n|\n|t:|1699845224\n|switch|p2a: Clodsire|Clodsire, F|57\/100\n|switch|p1a: Greninja|Greninja, M|27\/100\n|\n|-heal|p2a: Clodsire|63\/100|[from] item: Leftovers\n|upkeep\n|turn|8\n|\n|t:|1699845230\n|switch|p1a: Landorus|Landorus-Therian, M|84\/100\n|-ability|p1a: Landorus|Intimidate|boost\n|-unboost|p2a: Clodsire|atk|1\n|move|p2a: Clodsire|Toxic|p1a: Landorus\n|-status|p1a: Landorus|tox\n|\n|-heal|p2a: Clodsire|69\/100|[from] item: Leftovers\n|-damage|p1a: Landorus|78\/100 tox|[from] psn\n|upkeep\n|turn|9\n|\n|t:|1699845237\n|switch|p2a: Corviknight|Corviknight, M|97\/100\n|-ability|p2a: Corviknight|Pressure\n|move|p1a: Landorus|U-turn|p2a: Corviknight\n|-resisted|p2a: Corviknight\n|-damage|p2a: Corviknight|94\/100\n|-damage|p1a: Landorus|61\/100 tox|[from] item: Rocky Helmet|[of] p2a: Corviknight\n|\n|t:|1699845241\n|switch|p1a: Garganacl|Garganacl, F|96\/100|[from] U-turn\n|\n|-heal|p1a: Garganacl|100\/100|[from] item: Leftovers\n|upkeep\n|turn|10\n|\n|t:|1699845248\n|move|p2a: Corviknight|U-turn|p1a: Garganacl\n|-damage|p1a: Garganacl|90\/100\n|\n|t:|1699845250\n|switch|p2a: Clodsire|Clodsire, F|69\/100|[from] U-turn\n|move|p1a: Garganacl|Salt Cure|p2a: Clodsire\n|-resisted|p2a: Clodsire\n|-damage|p2a: Clodsire|61\/100\n|-start|p2a: Clodsire|Salt Cure\n|\n|-heal|p1a: Garganacl|96\/100|[from] item: Leftovers\n|-heal|p2a: Clodsire|67\/100|[from] item: Leftovers\n|-damage|p2a: Clodsire|55\/100|[from] Salt Cure\n|upkeep\n|turn|11\n|\n|t:|1699845255\n|switch|p1a: Landorus|Landorus-Therian, M|61\/100 tox\n|-ability|p1a: Landorus|Intimidate|boost\n|-unboost|p2a: Clodsire|atk|1\n|move|p2a: Clodsire|Stealth Rock|p1a: Landorus\n|-sidestart|p1: soccersniper|move: Stealth Rock\n|\n|-heal|p2a: Clodsire|61\/100|[from] item: Leftovers\n|-damage|p1a: Landorus|55\/100 tox|[from] psn\n|-damage|p2a: Clodsire|48\/100|[from] Salt Cure\n|upkeep\n|turn|12\n|\n|t:|1699845259\n|switch|p2a: Corviknight|Corviknight, M|94\/100\n|-ability|p2a: Corviknight|Pressure\n|move|p1a: Landorus|Stealth Rock|p2a: Corviknight\n|-sidestart|p2: flowerpower22|move: Stealth Rock\n|\n|-damage|p1a: Landorus|43\/100 tox|[from] psn\n|upkeep\n|turn|13\n|\n|t:|1699845263\n|move|p1a: Landorus|U-turn|p2a: Corviknight\n|-resisted|p2a: Corviknight\n|-damage|p2a: Corviknight|91\/100\n|-damage|p1a: Landorus|27\/100 tox|[from] item: Rocky Helmet|[of] p2a: Corviknight\n|\n|t:|1699845267\n|switch|p1a: Garganacl|Garganacl, F|96\/100|[from] U-turn\n|-damage|p1a: Garganacl|84\/100|[from] Stealth Rock\n|move|p2a: Corviknight|Defog|p1a: Garganacl\n|-unboost|p1a: Garganacl|evasion|1\n|-sideend|p1: soccersniper|Stealth Rock|[from] move: Defog|[of] p2a: Corviknight\n|-sideend|p2: flowerpower22|Stealth Rock|[from] move: Defog|[of] p2a: Corviknight\n|\n|-heal|p1a: Garganacl|90\/100|[from] item: Leftovers\n|upkeep\n|turn|14\n|\n|t:|1699845270\n|move|p2a: Corviknight|U-turn|p1a: Garganacl\n|-damage|p1a: Garganacl|80\/100\n|\n|t:|1699845271\n|switch|p2a: Clodsire|Clodsire, F|48\/100|[from] U-turn\n|move|p1a: Garganacl|Salt Cure|p2a: Clodsire\n|-resisted|p2a: Clodsire\n|-damage|p2a: Clodsire|41\/100\n|-start|p2a: Clodsire|Salt Cure\n|\n|-heal|p1a: Garganacl|86\/100|[from] item: Leftovers\n|-heal|p2a: Clodsire|47\/100|[from] item: Leftovers\n|-damage|p2a: Clodsire|35\/100|[from] Salt Cure\n|upkeep\n|turn|15\n|\n|t:|1699845285\n|switch|p1a: Rillaboom|Rillaboom, F|100\/100\n|-fieldstart|move: Grassy Terrain|[from] ability: Grassy Surge|[of] p1a: Rillaboom\n|move|p2a: Clodsire|Recover|p2a: Clodsire\n|-heal|p2a: Clodsire|85\/100\n|\n|-heal|p2a: Clodsire|91\/100|[from] Grassy Terrain\n|-heal|p2a: Clodsire|97\/100|[from] item: Leftovers\n|-damage|p2a: Clodsire|85\/100|[from] Salt Cure\n|upkeep\n|turn|16\n|\n|t:|1699845293\n|switch|p2a: Corviknight|Corviknight, M|91\/100\n|-ability|p2a: Corviknight|Pressure\n|move|p1a: Rillaboom|Knock Off|p2a: Corviknight\n|-damage|p2a: Corviknight|59\/100\n|-damage|p1a: Rillaboom|84\/100|[from] item: Rocky Helmet|[of] p2a: Corviknight\n|-enditem|p2a: Corviknight|Rocky Helmet|[from] move: Knock Off|[of] p1a: Rillaboom\n|\n|-heal|p1a: Rillaboom|90\/100|[from] Grassy Terrain\n|upkeep\n|turn|17\n|\n|t:|1699845302\n|switch|p1a: Landorus|Landorus-Therian, M|27\/100 tox\n|-ability|p1a: Landorus|Intimidate|boost\n|-unboost|p2a: Corviknight|atk|1\n|move|p2a: Corviknight|U-turn|p1a: Landorus\n|-resisted|p1a: Landorus\n|-damage|p1a: Landorus|24\/100 tox\n|-damage|p2a: Corviknight|42\/100|[from] item: Rocky Helmet|[of] p1a: Landorus\n|\n|t:|1699845307\n|switch|p2a: Garchomp|Garchomp, F|81\/100|[from] U-turn\n|\n|-heal|p2a: Garchomp|87\/100|[from] Grassy Terrain\n|-damage|p1a: Landorus|18\/100 tox|[from] psn\n|upkeep\n|turn|18\n|\n|t:|1699845319\n|move|p2a: Garchomp|Scale Shot|p1a: Landorus\n|-damage|p1a: Landorus|9\/100 tox\n|-damage|p1a: Landorus|0 fnt\n|faint|p1a: Landorus\n|-hitcount|p1: Landorus|2\n|-unboost|p2a: Garchomp|def|1\n|-boost|p2a: Garchomp|spe|1\n|\n|-heal|p2a: Garchomp|93\/100|[from] Grassy Terrain\n|upkeep\n|\n|t:|1699845332\n|switch|p1a: Rillaboom|Rillaboom, F|90\/100\n|turn|19\n|\n|t:|1699845336\n|switch|p2a: Corviknight|Corviknight, M|42\/100\n|-ability|p2a: Corviknight|Pressure\n|move|p1a: Rillaboom|Wood Hammer|p2a: Corviknight\n|-resisted|p2a: Corviknight\n|-damage|p2a: Corviknight|22\/100\n|-damage|p1a: Rillaboom|82\/100|[from] Recoil\n|\n|-heal|p1a: Rillaboom|88\/100|[from] Grassy Terrain\n|-fieldend|move: Grassy Terrain\n|upkeep\n|turn|20\n|\n|t:|1699845344\n|move|p1a: Rillaboom|Wood Hammer|p2a: Corviknight\n|-resisted|p2a: Corviknight\n|-damage|p2a: Corviknight|6\/100\n|-damage|p1a: Rillaboom|82\/100|[from] Recoil\n|move|p2a: Corviknight|Roost|p2a: Corviknight\n|-heal|p2a: Corviknight|56\/100\n|-singleturn|p2a: Corviknight|move: Roost\n|\n|upkeep\n|turn|21\n|\n|t:|1699845347\n|switch|p1a: Greninja|Greninja, M|27\/100\n|move|p2a: Corviknight|Roost|p2a: Corviknight\n|-heal|p2a: Corviknight|100\/100\n|-singleturn|p2a: Corviknight|move: Roost\n|\n|upkeep\n|turn|22\n|\n|t:|1699845354\n|switch|p1a: Garganacl|Garganacl, F|86\/100\n|switch|p2a: Clodsire|Clodsire, F|85\/100\n|\n|-heal|p1a: Garganacl|92\/100|[from] item: Leftovers\n|-heal|p2a: Clodsire|91\/100|[from] item: Leftovers\n|upkeep\n|turn|23\n|\n|t:|1699845362\n|switch|p1a: Greninja|Greninja, M|27\/100\n|move|p2a: Clodsire|Earthquake|p1a: Greninja\n|-damage|p1a: Greninja|0 fnt\n|faint|p1a: Greninja\n|\n|-heal|p2a: Clodsire|97\/100|[from] item: Leftovers\n|upkeep\n|\n|t:|1699845370\n|switch|p1a: Rillaboom|Rillaboom, F|82\/100\n|-fieldstart|move: Grassy Terrain|[from] ability: Grassy Surge|[of] p1a: Rillaboom\n|turn|24\n|\n|t:|1699845373\n|switch|p2a: Corviknight|Corviknight, M|100\/100\n|-ability|p2a: Corviknight|Pressure\n|move|p1a: Rillaboom|U-turn|p2a: Corviknight\n|-resisted|p2a: Corviknight\n|-damage|p2a: Corviknight|95\/100\n|\n|t:|1699845382\n|switch|p1a: Ogerpon|Ogerpon-Wellspring, F|100\/100|[from] U-turn\n|\n|upkeep\n|turn|25\n|\n|t:|1699845389\n|switch|p1a: Garganacl|Garganacl, F|92\/100\n|move|p2a: Corviknight|U-turn|p1a: Garganacl\n|-damage|p1a: Garganacl|82\/100\n|\n|t:|1699845394\n|switch|p2a: Garchomp|Garchomp, F|93\/100|[from] U-turn\n|\n|-heal|p2a: Garchomp|99\/100|[from] Grassy Terrain\n|-heal|p1a: Garganacl|88\/100|[from] Grassy Terrain\n|-heal|p1a: Garganacl|94\/100|[from] item: Leftovers\n|upkeep\n|turn|26\n|\n|t:|1699845410\n|move|p2a: Garchomp|Swords Dance|p2a: Garchomp\n|-boost|p2a: Garchomp|atk|2\n|move|p1a: Garganacl|Iron Defense|p1a: Garganacl\n|-boost|p1a: Garganacl|def|2\n|\n|-heal|p2a: Garchomp|100\/100|[from] Grassy Terrain\n|-heal|p1a: Garganacl|99\/100|[from] Grassy Terrain\n|-heal|p1a: Garganacl|100\/100|[from] item: Leftovers\n|upkeep\n|turn|27\n|\n|t:|1699845415\n|-terastallize|p1a: Garganacl|Ghost\n|move|p2a: Garchomp|Iron Head|p1a: Garganacl\n|-damage|p1a: Garganacl|80\/100\n|move|p1a: Garganacl|Iron Defense|p1a: Garganacl\n|-boost|p1a: Garganacl|def|2\n|\n|-heal|p1a: Garganacl|87\/100|[from] Grassy Terrain\n|-heal|p1a: Garganacl|93\/100|[from] item: Leftovers\n|upkeep\n|turn|28\n|\n|t:|1699845421\n|move|p2a: Garchomp|Swords Dance|p2a: Garchomp\n|-boost|p2a: Garchomp|atk|2\n|move|p1a: Garganacl|Salt Cure|p2a: Garchomp\n|-resisted|p2a: Garchomp\n|-damage|p2a: Garchomp|93\/100\n|-start|p2a: Garchomp|Salt Cure\n|\n|-heal|p2a: Garchomp|99\/100|[from] Grassy Terrain\n|-heal|p1a: Garganacl|99\/100|[from] Grassy Terrain\n|-heal|p1a: Garganacl|100\/100|[from] item: Leftovers\n|-damage|p2a: Garchomp|87\/100|[from] Salt Cure\n|-fieldend|move: Grassy Terrain\n|upkeep\n|turn|29\n|\n|t:|1699845425\n|move|p2a: Garchomp|Swords Dance|p2a: Garchomp\n|-boost|p2a: Garchomp|atk|2\n|move|p1a: Garganacl|Iron Defense|p1a: Garganacl\n|-boost|p1a: Garganacl|def|2\n|\n|-damage|p2a: Garchomp|74\/100|[from] Salt Cure\n|upkeep\n|turn|30\n|\n|t:|1699845432\n|move|p2a: Garchomp|Earthquake|p1a: Garganacl\n|-damage|p1a: Garganacl|64\/100\n|move|p1a: Garganacl|Body Press|p2a: Garchomp\n|-damage|p2a: Garchomp|0 fnt\n|-damage|p1a: Garganacl|52\/100|[from] ability: Rough Skin|[of] p2a: Garchomp\n|faint|p2a: Garchomp\n|\n|-heal|p1a: Garganacl|58\/100|[from] item: Leftovers\n|upkeep\n|\n|t:|1699845439\n|switch|p2a: Skeledirge|Skeledirge, M|100\/100\n|turn|31\n|\n|t:|1699845447\n|-terastallize|p2a: Skeledirge|Fairy\n|move|p2a: Skeledirge|Torch Song|p1a: Garganacl\n|-crit|p1a: Garganacl\n|-damage|p1a: Garganacl|27\/100\n|-boost|p2a: Skeledirge|spa|1\n|move|p1a: Garganacl|Recover|p1a: Garganacl\n|-heal|p1a: Garganacl|77\/100\n|\n|-heal|p1a: Garganacl|83\/100|[from] item: Leftovers\n|upkeep\n|turn|32\n|\n|t:|1699845451\n|move|p2a: Skeledirge|Torch Song|p1a: Garganacl\n|-damage|p1a: Garganacl|52\/100\n|-boost|p2a: Skeledirge|spa|1\n|move|p1a: Garganacl|Salt Cure|p2a: Skeledirge\n|-damage|p2a: Skeledirge|88\/100\n|-start|p2a: Skeledirge|Salt Cure\n|\n|-heal|p1a: Garganacl|58\/100|[from] item: Leftovers\n|-damage|p2a: Skeledirge|76\/100|[from] Salt Cure\n|upkeep\n|turn|33\n|\n|t:|1699845457\n|switch|p1a: Rillaboom|Rillaboom, F|82\/100\n|-fieldstart|move: Grassy Terrain|[from] ability: Grassy Surge|[of] p1a: Rillaboom\n|move|p2a: Skeledirge|Torch Song|p1a: Rillaboom\n|-supereffective|p1a: Rillaboom\n|-damage|p1a: Rillaboom|0 fnt\n|-boost|p2a: Skeledirge|spa|1\n|faint|p1a: Rillaboom\n|\n|-heal|p2a: Skeledirge|82\/100|[from] Grassy Terrain\n|-damage|p2a: Skeledirge|69\/100|[from] Salt Cure\n|upkeep\n|\n|t:|1699845462\n|switch|p1a: Sneasler|Sneasler, M|100\/100\n|-enditem|p1a: Sneasler|Grassy Seed\n|-boost|p1a: Sneasler|def|1|[from] item: Grassy Seed\n|turn|34\n|\n|t:|1699845466\n|move|p1a: Sneasler|Dire Claw|p2a: Skeledirge\n|-supereffective|p2a: Skeledirge\n|-damage|p2a: Skeledirge|0 fnt\n|faint|p2a: Skeledirge\n|\n|upkeep\n|\n|t:|1699845471\n|switch|p2a: Clodsire|Clodsire, F|97\/100\n|turn|35\n|\n|t:|1699845484\n|switch|p1a: Garganacl|Garganacl, F, tera:Ghost|58\/100\n|move|p2a: Clodsire|Earthquake|p1a: Garganacl\n|-damage|p1a: Garganacl|49\/100\n|\n|-heal|p1a: Garganacl|55\/100|[from] Grassy Terrain\n|-heal|p1a: Garganacl|61\/100|[from] item: Leftovers\n|-heal|p2a: Clodsire|100\/100|[from] Grassy Terrain\n|upkeep\n|turn|36\n|\n|t:|1699845490\n|switch|p2a: Kingambit|Kingambit, M|100\/100\n|-activate|p2a: Kingambit|ability: Supreme Overlord\n|-start|p2a: Kingambit|fallen2|[silent]\n|move|p1a: Garganacl|Recover|p1a: Garganacl\n|-heal|p1a: Garganacl|100\/100\n|\n|upkeep\n|turn|37\n|\n|t:|1699845503\n|-end|p2a: Kingambit|fallen2|[silent]\n|switch|p2a: Iron Valiant|Iron Valiant|100\/100\n|-enditem|p2a: Iron Valiant|Booster Energy\n|-activate|p2a: Iron Valiant|ability: Quark Drive|[fromitem]\n|-start|p2a: Iron Valiant|quarkdrivespe\n|move|p1a: Garganacl|Body Press|p2a: Iron Valiant\n|-resisted|p2a: Iron Valiant\n|-damage|p2a: Iron Valiant|86\/100\n|\n|-heal|p2a: Iron Valiant|92\/100|[from] Grassy Terrain\n|-fieldend|move: Grassy Terrain\n|upkeep\n|turn|38\n|\n|t:|1699845506\n|move|p2a: Iron Valiant|Encore|p1a: Garganacl\n|-start|p1a: Garganacl|Encore\n|move|p1a: Garganacl|Body Press|p2a: Iron Valiant\n|-resisted|p2a: Iron Valiant\n|-damage|p2a: Iron Valiant|77\/100\n|\n|upkeep\n|turn|39\n|\n|t:|1699845512\n|switch|p1a: Ogerpon|Ogerpon-Wellspring, F|100\/100\n|move|p2a: Iron Valiant|Shadow Ball|p1a: Ogerpon\n|-damage|p1a: Ogerpon|70\/100\n|\n|upkeep\n|turn|40\n|\n|t:|1699845520\n|-end|p2a: Iron Valiant|Quark Drive|[silent]\n|switch|p2a: Corviknight|Corviknight, M|95\/100\n|-ability|p2a: Corviknight|Pressure\n|switch|p1a: Sneasler|Sneasler, M|100\/100\n|\n|upkeep\n|turn|41\n|\n|t:|1699845524\n|switch|p1a: Garganacl|Garganacl, F, tera:Ghost|100\/100\n|move|p2a: Corviknight|Brave Bird|p1a: Garganacl\n|-damage|p1a: Garganacl|75\/100\n|-damage|p2a: Corviknight|87\/100|[from] Recoil\n|\n|-heal|p1a: Garganacl|81\/100|[from] item: Leftovers\n|upkeep\n|turn|42\n|\n|t:|1699845529\n|move|p2a: Corviknight|U-turn|p1a: Garganacl\n|-resisted|p1a: Garganacl\n|-damage|p1a: Garganacl|76\/100\n|\n|t:|1699845532\n|switch|p2a: Clodsire|Clodsire, F|100\/100|[from] U-turn\n|move|p1a: Garganacl|Iron Defense|p1a: Garganacl\n|-boost|p1a: Garganacl|def|2\n|\n|-heal|p1a: Garganacl|82\/100|[from] item: Leftovers\n|upkeep\n|turn|43\n|\n|t:|1699845542\n|switch|p2a: Corviknight|Corviknight, M|87\/100\n|-ability|p2a: Corviknight|Pressure\n|move|p1a: Garganacl|Iron Defense|p1a: Garganacl\n|-boost|p1a: Garganacl|def|2\n|\n|-heal|p1a: Garganacl|89\/100|[from] item: Leftovers\n|upkeep\n|turn|44\n|\n|t:|1699845550\n|move|p2a: Corviknight|Brave Bird|p1a: Garganacl\n|-damage|p1a: Garganacl|79\/100\n|-damage|p2a: Corviknight|84\/100|[from] Recoil\n|move|p1a: Garganacl|Salt Cure|p2a: Corviknight\n|-damage|p2a: Corviknight|76\/100\n|-start|p2a: Corviknight|Salt Cure\n|\n|-heal|p1a: Garganacl|86\/100|[from] item: Leftovers\n|-damage|p2a: Corviknight|51\/100|[from] Salt Cure\n|upkeep\n|turn|45\n|\n|t:|1699845558\n|move|p2a: Corviknight|Roost|p2a: Corviknight\n|-heal|p2a: Corviknight|100\/100\n|-singleturn|p2a: Corviknight|move: Roost\n|move|p1a: Garganacl|Salt Cure|p2a: Corviknight\n|-resisted|p2a: Corviknight\n|-damage|p2a: Corviknight|96\/100\n|\n|-heal|p1a: Garganacl|92\/100|[from] item: Leftovers\n|-damage|p2a: Corviknight|71\/100|[from] Salt Cure\n|upkeep\n|turn|46\n|\n|t:|1699845562\n|move|p2a: Corviknight|Brave Bird|p1a: Garganacl\n|-damage|p1a: Garganacl|84\/100\n|-damage|p2a: Corviknight|69\/100|[from] Recoil\n|move|p1a: Garganacl|Salt Cure|p2a: Corviknight\n|-damage|p2a: Corviknight|60\/100\n|\n|-heal|p1a: Garganacl|90\/100|[from] item: Leftovers\n|-damage|p2a: Corviknight|36\/100|[from] Salt Cure\n|upkeep\n|turn|47\n|\n|t:|1699845566\n|move|p2a: Corviknight|Roost|p2a: Corviknight\n|-heal|p2a: Corviknight|86\/100\n|-singleturn|p2a: Corviknight|move: Roost\n|move|p1a: Garganacl|Body Press|p2a: Corviknight\n|-supereffective|p2a: Corviknight\n|-crit|p2a: Corviknight\n|-damage|p2a: Corviknight|0 fnt\n|faint|p2a: Corviknight\n|\n|-heal|p1a: Garganacl|96\/100|[from] item: Leftovers\n|upkeep\n|\n|t:|1699845570\n|switch|p2a: Iron Valiant|Iron Valiant|77\/100\n|turn|48\n|\n|t:|1699845573\n|move|p2a: Iron Valiant|Shadow Ball|p1a: Garganacl\n|-supereffective|p1a: Garganacl\n|-damage|p1a: Garganacl|79\/100\n|move|p1a: Garganacl|Salt Cure|p2a: Iron Valiant\n|-resisted|p2a: Iron Valiant\n|-damage|p2a: Iron Valiant|68\/100\n|-start|p2a: Iron Valiant|Salt Cure\n|\n|-heal|p1a: Garganacl|85\/100|[from] item: Leftovers\n|-damage|p2a: Iron Valiant|56\/100|[from] Salt Cure\n|upkeep\n|turn|49\n|\n|t:|1699845583\n|move|p2a: Iron Valiant|Moonblast|p1a: Garganacl\n|-damage|p1a: Garganacl|54\/100\n|move|p1a: Garganacl|Recover|p1a: Garganacl\n|-heal|p1a: Garganacl|100\/100\n|\n|-damage|p2a: Iron Valiant|43\/100|[from] Salt Cure\n|upkeep\n|turn|50\n|\n|t:|1699845592\n|move|p2a: Iron Valiant|Encore|p1a: Garganacl\n|-start|p1a: Garganacl|Encore\n|move|p1a: Garganacl|Recover||[still]\n|-fail|p1a: Garganacl|heal\n|\n|-damage|p2a: Iron Valiant|31\/100|[from] Salt Cure\n|upkeep\n|turn|51\n|\n|t:|1699845602\n|-end|p2a: Iron Valiant|Quark Drive|[silent]\n|switch|p2a: Kingambit|Kingambit, M|100\/100\n|-activate|p2a: Kingambit|ability: Supreme Overlord\n|-start|p2a: Kingambit|fallen3|[silent]\n|move|p1a: Garganacl|Recover||[still]\n|-fail|p1a: Garganacl|heal\n|\n|upkeep\n|turn|52\n|\n|t:|1699845608\n|switch|p1a: Sneasler|Sneasler, M|100\/100\n|move|p2a: Kingambit|Swords Dance|p2a: Kingambit\n|-boost|p2a: Kingambit|atk|2\n|\n|upkeep\n|turn|53\n|\n|t:|1699845614\n|-end|p2a: Kingambit|fallen3|[silent]\n|switch|p2a: Clodsire|Clodsire, F|100\/100\n|move|p1a: Sneasler|Close Combat|p2a: Clodsire\n|-resisted|p2a: Clodsire\n|-damage|p2a: Clodsire|62\/100\n|-unboost|p1a: Sneasler|def|1\n|-unboost|p1a: Sneasler|spd|1\n|\n|-heal|p2a: Clodsire|69\/100|[from] item: Leftovers\n|upkeep\n|turn|54\n|\n|t:|1699845619\n|switch|p1a: Garganacl|Garganacl, F, tera:Ghost|100\/100\n|switch|p2a: Kingambit|Kingambit, M|100\/100\n|-activate|p2a: Kingambit|ability: Supreme Overlord\n|-start|p2a: Kingambit|fallen3|[silent]\n|\n|upkeep\n|turn|55\n|\n|t:|1699845621\n|switch|p1a: Sneasler|Sneasler, M|100\/100\n|move|p2a: Kingambit|Kowtow Cleave|p1a: Sneasler\n|-resisted|p1a: Sneasler\n|-damage|p1a: Sneasler|50\/100\n|\n|upkeep\n|turn|56\n|\n|t:|1699845626\n|-end|p2a: Kingambit|fallen3|[silent]\n|switch|p2a: Clodsire|Clodsire, F|69\/100\n|move|p1a: Sneasler|Shadow Claw|p2a: Clodsire\n|-damage|p2a: Clodsire|36\/100\n|\n|-heal|p2a: Clodsire|42\/100|[from] item: Leftovers\n|upkeep\n|turn|57\n|\n|t:|1699845635\n|move|p1a: Sneasler|Shadow Claw|p2a: Clodsire\n|-damage|p2a: Clodsire|11\/100\n|move|p2a: Clodsire|Stealth Rock|p1a: Sneasler\n|-sidestart|p1: soccersniper|move: Stealth Rock\n|\n|-heal|p2a: Clodsire|17\/100|[from] item: Leftovers\n|upkeep\n|turn|58\n|\n|t:|1699845643\n|move|p1a: Sneasler|Close Combat|p2a: Clodsire\n|-resisted|p2a: Clodsire\n|-damage|p2a: Clodsire|0 fnt\n|-unboost|p1a: Sneasler|def|1\n|-unboost|p1a: Sneasler|spd|1\n|faint|p2a: Clodsire\n|\n|upkeep\n|\n|t:|1699845648\n|switch|p2a: Kingambit|Kingambit, M|100\/100\n|-activate|p2a: Kingambit|ability: Supreme Overlord\n|-start|p2a: Kingambit|fallen4|[silent]\n|turn|59\n|\n|t:|1699845650\n|move|p2a: Kingambit|Sucker Punch|p1a: Sneasler\n|-resisted|p1a: Sneasler\n|-damage|p1a: Sneasler|0 fnt\n|faint|p1a: Sneasler\n|\n|upkeep\n|\n|t:|1699845654\n|switch|p1a: Ogerpon|Ogerpon-Wellspring, F|70\/100\n|-damage|p1a: Ogerpon|57\/100|[from] Stealth Rock\n|turn|60\n|\n|t:|1699845660\n|move|p1a: Ogerpon|Superpower|p2a: Kingambit\n|-supereffective|p2a: Kingambit\n|-damage|p2a: Kingambit|0 fnt\n|-unboost|p1a: Ogerpon|atk|1\n|-unboost|p1a: Ogerpon|def|1\n|faint|p2a: Kingambit\n|-end|p2a: Kingambit|fallen4|[silent]\n|\n|upkeep\n|\n|t:|1699845663\n|switch|p2a: Iron Valiant|Iron Valiant|31\/100\n|turn|61\n|\n|t:|1699845667\n|move|p2a: Iron Valiant|Thunderbolt|p1a: Ogerpon\n|-damage|p1a: Ogerpon|20\/100\n|move|p1a: Ogerpon|Ivy Cudgel|p2a: Iron Valiant\n|-damage|p2a: Iron Valiant|0 fnt\n|faint|p2a: Iron Valiant\n|-end|p2a: Iron Valiant|Quark Drive|[silent]\n|\n|win|soccersniper\n|raw|soccersniper's rating: 1492 &rarr; <strong>1520<\/strong><br \/>(+28 for winning)\n|raw|flowerpower22's rating: 1638 &rarr; <strong>1610<\/strong><br \/>(-28 for losing)\n|l|\u2606flowerpower22\n|c|\u2606soccersniper|gg\n","uploadtime":1699845683,"views":25,"p1id":"soccersniper","p2id":"flowerpower22","formatid":"gen9ou","rating":1520,"private":0,"password":""}