{"id":"gen9ou-1989353942","p1":"NewGodOfThisWorld","p2":"quantumradical","format":"[Gen 9] OU","log":"|j|\u2606NewGodOfThisWorld\n|j|\u2606quantumradical\n|t:|1699839870\n|gametype|singles\n|player|p1|NewGodOfThisWorld|ghetsis|1218\n|player|p2|quantumradical|giovanni|1205\n|teamsize|p1|6\n|teamsize|p2|6\n|gen|9\n|tier|[Gen 9] OU\n|rated|\n|rule|Sleep Clause Mod: Limit one foe put to sleep\n|rule|Species Clause: Limit one of each Pok\u00e9mon\n|rule|OHKO Clause: OHKO moves are banned\n|rule|Evasion Items Clause: Evasion items are banned\n|rule|Evasion Moves Clause: Evasion moves are banned\n|rule|Endless Battle Clause: Forcing endless battles is banned\n|rule|HP Percentage Mod: HP is shown in percentages\n|clearpoke\n|poke|p1|Ribombee, M|\n|poke|p1|Gholdengo|\n|poke|p1|Samurott-Hisui, M|\n|poke|p1|Great Tusk|\n|poke|p1|Zapdos|\n|poke|p1|Dragonite, F|\n|poke|p2|Gholdengo|\n|poke|p2|Skeledirge, F|\n|poke|p2|Great Tusk|\n|poke|p2|Kingambit, M|\n|poke|p2|Corviknight, M|\n|poke|p2|Sneasler, M|\n|teampreview\n|inactive|Battle timer is ON: inactive players will automatically lose when time's up. (requested by quantumradical)\n|\n|t:|1699839898\n|start\n|switch|p1a: Beeholder|Ribombee, M|100\/100\n|switch|p2a: Corviknight|Corviknight, M|100\/100\n|-ability|p2a: Corviknight|Pressure\n|turn|1\n|\n|t:|1699839906\n|move|p1a: Beeholder|Sticky Web|p2a: Corviknight\n|-sidestart|p2: quantumradical|move: Sticky Web\n|move|p2a: Corviknight|Hurricane|p1a: Beeholder|[miss]\n|-miss|p2a: Corviknight|p1a: Beeholder\n|\n|upkeep\n|turn|2\n|\n|t:|1699839910\n|move|p1a: Beeholder|Stun Spore|p2a: Corviknight\n|-status|p2a: Corviknight|par\n|move|p2a: Corviknight|Hurricane|p1a: Beeholder|[miss]\n|-miss|p2a: Corviknight|p1a: Beeholder\n|\n|upkeep\n|turn|3\n|\n|t:|1699839921\n|switch|p1a: Blunderbird Neo|Zapdos|100\/100\n|move|p2a: Corviknight|Hurricane|p1a: Blunderbird Neo|[miss]\n|-miss|p2a: Corviknight|p1a: Blunderbird Neo\n|\n|upkeep\n|turn|4\n|c|\u2606NewGodOfThisWorld|omfg\n|\n|t:|1699839929\n|move|p1a: Blunderbird Neo|Discharge|p2a: Corviknight\n|-supereffective|p2a: Corviknight\n|-crit|p2a: Corviknight\n|-damage|p2a: Corviknight|0 fnt\n|faint|p2a: Corviknight\n|\n|upkeep\n|\n|t:|1699839934\n|switch|p2a: Great Tusk|Great Tusk|100\/100\n|-activate|p2a: Great Tusk|move: Sticky Web\n|-unboost|p2a: Great Tusk|spe|1\n|turn|5\n|\n|t:|1699839941\n|move|p1a: Blunderbird Neo|Hurricane|p2a: Great Tusk\n|-supereffective|p2a: Great Tusk\n|-damage|p2a: Great Tusk|0 fnt\n|faint|p2a: Great Tusk\n|-end|p2a: Great Tusk|Protosynthesis|[silent]\n|\n|upkeep\n|c|\u2606quantumradical|lol\n|\n|t:|1699839953\n|switch|p2a: Sneasler|Sneasler, M|100\/100\n|-activate|p2a: Sneasler|move: Sticky Web\n|-unboost|p2a: Sneasler|spe|1\n|-enditem|p2a: Sneasler|White Herb\n|-clearnegativeboost|p2a: Sneasler|[silent]\n|turn|6\n|\n|t:|1699839961\n|move|p2a: Sneasler|Dire Claw|p1a: Blunderbird Neo\n|-damage|p1a: Blunderbird Neo|46\/100\n|-status|p2a: Sneasler|par|[from] ability: Static|[of] p1a: Blunderbird Neo\n|move|p1a: Blunderbird Neo|Hurricane|p2a: Sneasler|[miss]\n|-miss|p1a: Blunderbird Neo|p2a: Sneasler\n|\n|upkeep\n|turn|7\n|c|\u2606quantumradical|lol\n|\n|t:|1699839973\n|move|p2a: Sneasler|Dire Claw|p1a: Blunderbird Neo\n|-damage|p1a: Blunderbird Neo|0 fnt\n|faint|p1a: Blunderbird Neo\n|\n|upkeep\n|\n|t:|1699839983\n|switch|p1a: The Roommate|Great Tusk|100\/100\n|turn|8\n|\n|t:|1699839992\n|-terastallize|p2a: Sneasler|Flying\n|move|p2a: Sneasler|Acrobatics|p1a: The Roommate\n|-supereffective|p1a: The Roommate\n|-damage|p1a: The Roommate|8\/100\n|move|p1a: The Roommate|Headlong Rush|p2a: Sneasler\n|-immune|p2a: Sneasler\n|\n|upkeep\n|turn|9\n|inactive|NewGodOfThisWorld has 120 seconds left.\n|\n|t:|1699840027\n|move|p2a: Sneasler|Acrobatics|p1a: The Roommate\n|-supereffective|p1a: The Roommate\n|-damage|p1a: The Roommate|0 fnt\n|faint|p1a: The Roommate\n|-end|p1a: The Roommate|Protosynthesis|[silent]\n|\n|upkeep\n|\n|t:|1699840036\n|switch|p1a: Shellout|Samurott-Hisui, M|100\/100\n|turn|10\n|\n|t:|1699840041\n|move|p1a: Shellout|Ceaseless Edge|p2a: Sneasler\n|-damage|p2a: Sneasler|27\/100 par\n|-sidestart|p2: quantumradical|Spikes\n|move|p2a: Sneasler|Close Combat|p1a: Shellout\n|-supereffective|p1a: Shellout\n|-damage|p1a: Shellout|0 fnt\n|-unboost|p2a: Sneasler|def|1\n|-unboost|p2a: Sneasler|spd|1\n|faint|p1a: Shellout\n|\n|upkeep\n|inactive|NewGodOfThisWorld has 120 seconds left.\n|\n|t:|1699840052\n|switch|p1a: Bling Cheese|Gholdengo|100\/100\n|turn|11\n|\n|t:|1699840056\n|move|p2a: Sneasler|Acrobatics|p1a: Bling Cheese\n|-resisted|p1a: Bling Cheese\n|-damage|p1a: Bling Cheese|68\/100\n|move|p1a: Bling Cheese|Shadow Ball|p2a: Sneasler\n|-damage|p2a: Sneasler|0 fnt\n|faint|p2a: Sneasler\n|\n|upkeep\n|\n|t:|1699840064\n|switch|p2a: Kingambit|Kingambit, M|100\/100\n|-activate|p2a: Kingambit|move: Sticky Web\n|-unboost|p2a: Kingambit|spe|1\n|-damage|p2a: Kingambit|88\/100|[from] Spikes\n|-activate|p2a: Kingambit|ability: Supreme Overlord\n|-start|p2a: Kingambit|fallen3|[silent]\n|turn|12\n|\n|t:|1699840072\n|switch|p1a: Beeholder|Ribombee, M|100\/100\n|move|p2a: Kingambit|Kowtow Cleave|p1a: Beeholder\n|-resisted|p1a: Beeholder\n|-damage|p1a: Beeholder|48\/100\n|\n|upkeep\n|turn|13\n|\n|t:|1699840083\n|move|p1a: Beeholder|Skill Swap|p2a: Kingambit\n|-activate|p1a: Beeholder|move: Skill Swap|Supreme Overlord|Shield Dust|[of] p2a: Kingambit\n|-end|p2a: Kingambit|fallen3|[silent]\n|-activate|p1a: Beeholder|ability: Supreme Overlord\n|-start|p1a: Beeholder|fallen3|[silent]\n|move|p2a: Kingambit|Kowtow Cleave|p1a: Beeholder\n|-resisted|p1a: Beeholder\n|-damage|p1a: Beeholder|10\/100\n|\n|upkeep\n|turn|14\n|inactive|quantumradical has 120 seconds left.\n|\n|t:|1699840127\n|move|p1a: Beeholder|Stun Spore|p2a: Kingambit|[miss]\n|-miss|p1a: Beeholder|p2a: Kingambit\n|move|p2a: Kingambit|Kowtow Cleave|p1a: Beeholder\n|-resisted|p1a: Beeholder\n|-damage|p1a: Beeholder|0 fnt\n|faint|p1a: Beeholder\n|-end|p1a: Beeholder|fallen3|[silent]\n|\n|upkeep\n|\n|t:|1699840135\n|switch|p1a: Drag Queen Neo|Dragonite, F|100\/100\n|turn|15\n|inactive|quantumradical has 120 seconds left.\n|\n|t:|1699840142\n|move|p1a: Drag Queen Neo|Dragon Dance|p1a: Drag Queen Neo\n|-boost|p1a: Drag Queen Neo|atk|1\n|-boost|p1a: Drag Queen Neo|spe|1\n|move|p2a: Kingambit|Kowtow Cleave|p1a: Drag Queen Neo\n|-damage|p1a: Drag Queen Neo|73\/100\n|\n|upkeep\n|turn|16\n|\n|t:|1699840151\n|move|p2a: Kingambit|Sucker Punch|p1a: Drag Queen Neo\n|-damage|p1a: Drag Queen Neo|23\/100\n|move|p1a: Drag Queen Neo|Earthquake|p2a: Kingambit\n|-supereffective|p2a: Kingambit\n|-damage|p2a: Kingambit|0 fnt\n|faint|p2a: Kingambit\n|\n|upkeep\n|\n|t:|1699840159\n|switch|p2a: Skeledirge|Skeledirge, F|100\/100\n|turn|17\n|\n|t:|1699840166\n|-terastallize|p1a: Drag Queen Neo|Normal\n|move|p1a: Drag Queen Neo|Earthquake|p2a: Skeledirge\n|-supereffective|p2a: Skeledirge\n|-damage|p2a: Skeledirge|34\/100\n|move|p2a: Skeledirge|Hex|p1a: Drag Queen Neo\n|-immune|p1a: Drag Queen Neo\n|\n|upkeep\n|turn|18\n|\n|t:|1699840175\n|move|p1a: Drag Queen Neo|Earthquake|p2a: Skeledirge\n|-supereffective|p2a: Skeledirge\n|-damage|p2a: Skeledirge|0 fnt\n|faint|p2a: Skeledirge\n|\n|upkeep\n|c|\u2606quantumradical|wp\n|\n|t:|1699840182\n|switch|p2a: Gholdengo|Gholdengo|100\/100\n|-activate|p2a: Gholdengo|move: Sticky Web\n|-unboost|p2a: Gholdengo|spe|1\n|-damage|p2a: Gholdengo|88\/100|[from] Spikes\n|turn|19\n|\n|t:|1699840189\n|move|p1a: Drag Queen Neo|Earthquake|p2a: Gholdengo\n|-supereffective|p2a: Gholdengo\n|-damage|p2a: Gholdengo|0 fnt\n|faint|p2a: Gholdengo\n|\n|win|NewGodOfThisWorld\n|raw|NewGodOfThisWorld's rating: 1218 &rarr; <strong>1242<\/strong><br \/>(+24 for winning)\n|raw|quantumradical's rating: 1205 &rarr; <strong>1181<\/strong><br \/>(-24 for losing)\n|l|\u2606quantumradical\n|c|\u2606NewGodOfThisWorld|gg\n","uploadtime":1699840200,"views":16,"p1id":"newgodofthisworld","p2id":"quantumradical","formatid":"gen9ou","rating":1181,"private":0,"password":""}