{"id":"gen9ou-1997725481","p1":"hzyy","p2":"Backside gch","format":"[Gen 9] OU","log":"|j|\u2606hzyy\n|j|\u2606Backside gch\n|t:|1700846041\n|gametype|singles\n|player|p1|hzyy|cynthia-gen4|1044\n|player|p2|Backside gch|102|1012\n|teamsize|p1|6\n|teamsize|p2|6\n|gen|9\n|tier|[Gen 9] OU\n|rated|\n|rule|Sleep Clause Mod: Limit one foe put to sleep\n|rule|Species Clause: Limit one of each Pok\u00e9mon\n|rule|OHKO Clause: OHKO moves are banned\n|rule|Evasion Items Clause: Evasion items are banned\n|rule|Evasion Moves Clause: Evasion moves are banned\n|rule|Endless Battle Clause: Forcing endless battles is banned\n|rule|HP Percentage Mod: HP is shown in percentages\n|clearpoke\n|poke|p1|Zoroark-Hisui, F|\n|poke|p1|Corviknight, F|\n|poke|p1|Dragapult, F|\n|poke|p1|Great Tusk|\n|poke|p1|Iron Moth|\n|poke|p1|Hatterene, F|\n|poke|p2|Blissey, F|\n|poke|p2|Dragapult, M|\n|poke|p2|Dondozo, M|\n|poke|p2|Ribombee, F|\n|poke|p2|Gholdengo|\n|poke|p2|Slowking-Galar, F|\n|teampreview\n|\n|t:|1700846046\n|start\n|switch|p1a: Hatterene|Hatterene, F|100\/100\n|switch|p2a: Slowking|Slowking-Galar, F, shiny|100\/100\n|turn|1\n|\n|t:|1700846053\n|move|p1a: Hatterene|Shadow Ball|p2a: Slowking\n|-supereffective|p2a: Slowking\n|-damage|p2a: Slowking|11\/100\n|move|p2a: Slowking|Toxic Spikes|p1a: Hatterene\n|-sidestart|p1: hzyy|move: Toxic Spikes\n|\n|upkeep\n|turn|2\n|\n|t:|1700846062\n|switch|p2a: Blissey|Blissey, F, shiny|100\/100\n|move|p1a: Hatterene|Shadow Ball|p2a: Blissey\n|-immune|p2a: Blissey\n|\n|upkeep\n|turn|3\n|inactive|Battle timer is ON: inactive players will automatically lose when time's up. (requested by hzyy)\n|\n|t:|1700846076\n|switch|p1a: Corviknight|Corviknight, F|100\/100\n|move|p2a: Blissey|Protect||[still]\n|-fail|p2a: Blissey\n|\n|upkeep\n|turn|4\n|\n|t:|1700846088\n|switch|p2a: Dragapult|Dragapult, M, shiny|100\/100\n|move|p1a: Corviknight|U-turn|p2a: Dragapult\n|-resisted|p2a: Dragapult\n|-damage|p2a: Dragapult|91\/100\n|-damage|p1a: Corviknight|84\/100|[from] item: Rocky Helmet|[of] p2a: Dragapult\n|\n|t:|1700846109\n|switch|p1a: Great Tusk|Great Tusk|100\/100|[from] U-turn\n|-status|p1a: Great Tusk|psn\n|\n|-damage|p1a: Great Tusk|88\/100 psn|[from] psn\n|upkeep\n|turn|5\n|\n|t:|1700846120\n|move|p1a: Great Tusk|Ice Spinner|p2a: Dragapult\n|-supereffective|p2a: Dragapult\n|-damage|p2a: Dragapult|23\/100\n|-damage|p1a: Great Tusk|72\/100 psn|[from] item: Rocky Helmet|[of] p2a: Dragapult\n|move|p2a: Dragapult|Shadow Ball|p1a: Great Tusk\n|-damage|p1a: Great Tusk|32\/100 psn\n|\n|-damage|p1a: Great Tusk|20\/100 psn|[from] psn\n|upkeep\n|turn|6\n|\n|t:|1700846135\n|switch|p2a: Gholdengo|Gholdengo, shiny|100\/100\n|move|p1a: Great Tusk|Ice Spinner|p2a: Gholdengo\n|-resisted|p2a: Gholdengo\n|-damage|p2a: Gholdengo|86\/100\n|\n|-damage|p1a: Great Tusk|7\/100 psn|[from] psn\n|upkeep\n|turn|7\n|\n|t:|1700846153\n|move|p1a: Great Tusk|Ice Spinner|p2a: Gholdengo\n|-resisted|p2a: Gholdengo\n|-damage|p2a: Gholdengo|70\/100\n|move|p2a: Gholdengo|Shadow Ball|p1a: Great Tusk\n|-damage|p1a: Great Tusk|0 fnt\n|faint|p1a: Great Tusk\n|-end|p1a: Great Tusk|Protosynthesis|[silent]\n|\n|upkeep\n|\n|t:|1700846165\n|switch|p1a: Iron Moth|Iron Moth|100\/100\n|-sideend|p1: hzyy|move: Toxic Spikes|[of] p1a: Iron Moth\n|-enditem|p1a: Iron Moth|Booster Energy\n|-activate|p1a: Iron Moth|ability: Quark Drive|[fromitem]\n|-start|p1a: Iron Moth|quarkdrivespe\n|turn|8\n|\n|t:|1700846187\n|switch|p2a: Dondozo|Dondozo, M, shiny|100\/100\n|move|p1a: Iron Moth|Fiery Dance|p2a: Dondozo\n|-resisted|p2a: Dondozo\n|-damage|p2a: Dondozo|79\/100\n|-boost|p1a: Iron Moth|spa|1\n|\n|-heal|p2a: Dondozo|86\/100|[from] item: Leftovers\n|upkeep\n|turn|9\n|\n|t:|1700846197\n|move|p1a: Iron Moth|Energy Ball|p2a: Dondozo\n|-supereffective|p2a: Dondozo\n|-damage|p2a: Dondozo|16\/100\n|move|p2a: Dondozo|Rain Dance|p2a: Dondozo\n|-weather|RainDance\n|\n|-weather|RainDance|[upkeep]\n|-heal|p2a: Dondozo|22\/100|[from] item: Leftovers\n|upkeep\n|turn|10\n|\n|t:|1700846209\n|switch|p2a: Blissey|Blissey, F, shiny|100\/100\n|move|p1a: Iron Moth|Hurricane|p2a: Blissey\n|-damage|p2a: Blissey|78\/100\n|-start|p2a: Blissey|confusion\n|\n|-weather|RainDance|[upkeep]\n|-heal|p2a: Blissey|84\/100|[from] item: Leftovers\n|upkeep\n|turn|11\n|\n|t:|1700846221\n|-end|p1a: Iron Moth|Quark Drive|[silent]\n|switch|p1a: Corviknight|Corviknight, F|84\/100\n|-activate|p2a: Blissey|confusion\n|move|p2a: Blissey|Double-Edge|p1a: Corviknight\n|-resisted|p1a: Corviknight\n|-damage|p1a: Corviknight|81\/100\n|-damage|p2a: Blissey|67\/100|[from] item: Rocky Helmet|[of] p1a: Corviknight\n|-damage|p2a: Blissey|67\/100|[from] Recoil\n|\n|-weather|RainDance|[upkeep]\n|-heal|p2a: Blissey|73\/100|[from] item: Leftovers\n|upkeep\n|turn|12\n|\n|t:|1700846238\n|switch|p2a: Ribombee|Ribombee, F, shiny|100\/100\n|move|p1a: Corviknight|Body Press|p2a: Ribombee\n|-resisted|p2a: Ribombee\n|-damage|p2a: Ribombee|87\/100\n|\n|-weather|RainDance|[upkeep]\n|upkeep\n|turn|13\n|\n|t:|1700846248\n|switch|p2a: Gholdengo|Gholdengo, shiny|70\/100\n|move|p1a: Corviknight|U-turn|p2a: Gholdengo\n|-resisted|p2a: Gholdengo\n|-damage|p2a: Gholdengo|67\/100\n|\n|t:|1700846257\n|switch|p1a: Hatterene|Hatterene, F|100\/100|[from] U-turn\n|\n|-weather|none\n|upkeep\n|turn|14\n|\n|t:|1700846263\n|switch|p2a: Slowking|Slowking-Galar, F, shiny|11\/100\n|move|p1a: Hatterene|Shadow Ball|p2a: Slowking\n|-supereffective|p2a: Slowking\n|-damage|p2a: Slowking|0 fnt\n|faint|p2a: Slowking\n|\n|upkeep\n|\n|t:|1700846271\n|switch|p2a: Gholdengo|Gholdengo, shiny|67\/100\n|turn|15\n|\n|t:|1700846276\n|move|p1a: Hatterene|Shadow Ball|p2a: Gholdengo\n|-supereffective|p2a: Gholdengo\n|-damage|p2a: Gholdengo|0 fnt\n|faint|p2a: Gholdengo\n|\n|upkeep\n|\n|t:|1700846285\n|switch|p2a: Dragapult|Dragapult, M, shiny|23\/100\n|turn|16\n|\n|t:|1700846294\n|move|p2a: Dragapult|Shadow Ball|p1a: Hatterene\n|-immune|p1a: Hatterene\n|move|p1a: Hatterene|Shadow Ball|p2a: Dragapult\n|-supereffective|p2a: Dragapult\n|-damage|p2a: Dragapult|0 fnt\n|faint|p2a: Dragapult\n|\n|upkeep\n|\n|t:|1700846307\n|switch|p2a: Dondozo|Dondozo, M, shiny|22\/100\n|turn|17\n|\n|t:|1700846314\n|move|p1a: Hatterene|Shadow Ball|p2a: Dondozo\n|-damage|p2a: Dondozo|0 fnt\n|faint|p2a: Dondozo\n|\n|upkeep\n|\n|t:|1700846320\n|switch|p2a: Ribombee|Ribombee, F, shiny|87\/100\n|turn|18\n|\n|t:|1700846327\n|-terastallize|p2a: Ribombee|Normal\n|move|p1a: Hatterene|Shadow Ball|p2a: Ribombee\n|-immune|p2a: Ribombee\n|move|p2a: Ribombee|Energy Ball|p1a: Hatterene\n|-damage|p1a: Hatterene|56\/100\n|replace|p1a: Zoroark|Zoroark-Hisui, F\n|-end|p1a: Zoroark|Illusion\n|\n|upkeep\n|turn|19\n|\n|t:|1700846340\n|move|p1a: Zoroark|Focus Blast|p2a: Ribombee\n|-supereffective|p2a: Ribombee\n|-damage|p2a: Ribombee|0 fnt\n|faint|p2a: Ribombee\n|\n|upkeep\n|\n|t:|1700846346\n|switch|p2a: Blissey|Blissey, F, shiny|73\/100\n|turn|20\n|\n|t:|1700846356\n|move|p1a: Zoroark|Memento|p2a: Blissey\n|-unboost|p2a: Blissey|atk|2\n|-unboost|p2a: Blissey|spa|2\n|faint|p1a: Zoroark\n|move|p2a: Blissey|Dazzling Gleam|p1: Zoroark|[notarget]\n|-fail|p2a: Blissey\n|\n|-heal|p2a: Blissey|79\/100|[from] item: Leftovers\n|upkeep\n|\n|t:|1700846367\n|switch|p1a: Corviknight|Corviknight, F|81\/100\n|turn|21\n|\n|t:|1700846374\n|move|p2a: Blissey|Protect|p2a: Blissey\n|-singleturn|p2a: Blissey|Protect\n|move|p1a: Corviknight|Body Press|p2a: Blissey\n|-activate|p2a: Blissey|move: Protect\n|\n|-heal|p2a: Blissey|85\/100|[from] item: Leftovers\n|upkeep\n|turn|22\n|\n|t:|1700846383\n|move|p1a: Corviknight|Body Press|p2a: Blissey\n|-supereffective|p2a: Blissey\n|-damage|p2a: Blissey|0 fnt\n|faint|p2a: Blissey\n|\n|win|hzyy\n|raw|hzyy's rating: 1044 &rarr; <strong>1074<\/strong><br \/>(+30 for winning)\n|raw|Backside gch's rating: 1012 &rarr; <strong>1001<\/strong><br \/>(-11 for losing)\n","uploadtime":1700846389,"views":1,"p1id":"hzyy","p2id":"backsidegch","formatid":"gen9ou","rating":1001,"private":0,"password":""}