{"id":"gen9ou-1991022836","p1":"ziyi1117","p2":"Aldrick C","format":"[Gen 9] OU","log":"|j|\u2606ziyi1117\n|j|\u2606Aldrick C\n|t:|1700029658\n|gametype|singles\n|player|p1|ziyi1117|linebacker|1174\n|player|p2|Aldrick C|lucas|1203\n|teamsize|p1|6\n|teamsize|p2|6\n|gen|9\n|tier|[Gen 9] OU\n|rated|\n|rule|Sleep Clause Mod: Limit one foe put to sleep\n|rule|Species Clause: Limit one of each Pok\u00e9mon\n|rule|OHKO Clause: OHKO moves are banned\n|rule|Evasion Items Clause: Evasion items are banned\n|rule|Evasion Moves Clause: Evasion moves are banned\n|rule|Endless Battle Clause: Forcing endless battles is banned\n|rule|HP Percentage Mod: HP is shown in percentages\n|clearpoke\n|poke|p1|Great Tusk|\n|poke|p1|Mandibuzz, F|\n|poke|p1|Heatran, M|\n|poke|p1|Iron Valiant|\n|poke|p1|Gholdengo|\n|poke|p1|Greninja-*, M|\n|poke|p2|Kingambit, M|\n|poke|p2|Great Tusk|\n|poke|p2|Dragapult, F|\n|poke|p2|Ogerpon-Wellspring, F|\n|poke|p2|Blissey, F|\n|poke|p2|Zapdos|\n|teampreview\n|inactive|Battle timer is ON: inactive players will automatically lose when time's up. (requested by Aldrick C)\n|\n|t:|1700029670\n|start\n|switch|p1a: Mandibuzz|Mandibuzz, F|100\/100\n|switch|p2a: Zapdos|Zapdos|100\/100\n|turn|1\n|\n|t:|1700029682\n|switch|p1a: Great Tusk|Great Tusk|100\/100\n|move|p2a: Zapdos|Volt Switch|p1a: Great Tusk\n|-immune|p1a: Great Tusk\n|\n|upkeep\n|turn|2\n|\n|t:|1700029697\n|-end|p1a: Great Tusk|Protosynthesis|[silent]\n|switch|p1a: Heatran|Heatran, M|100\/100\n|move|p2a: Zapdos|Hurricane|p1a: Heatran\n|-resisted|p1a: Heatran\n|-damage|p1a: Heatran|85\/100\n|\n|upkeep\n|turn|3\n|\n|t:|1700029713\n|move|p1a: Heatran|Flash Cannon|p2a: Zapdos\n|-resisted|p2a: Zapdos\n|-damage|p2a: Zapdos|82\/100\n|move|p2a: Zapdos|Volt Switch|p1a: Heatran\n|-damage|p1a: Heatran|63\/100\n|\n|t:|1700029720\n|switch|p2a: Ogerpon|Ogerpon-Wellspring, F|100\/100|[from] Volt Switch\n|\n|upkeep\n|turn|4\n|\n|t:|1700029726\n|-terastallize|p1a: Heatran|Grass\n|move|p2a: Ogerpon|Ivy Cudgel|p1a: Heatran|[anim] Ivy Cudgel Water\n|-resisted|p1a: Heatran\n|-damage|p1a: Heatran|33\/100\n|move|p1a: Heatran|Tera Blast|p2a: Ogerpon|[anim] Tera Blast Grass\n|-damage|p2a: Ogerpon|52\/100\n|\n|upkeep\n|turn|5\n|\n|t:|1700029747\n|switch|p1a: Mandibuzz|Mandibuzz, F|100\/100\n|move|p2a: Ogerpon|U-turn|p1a: Mandibuzz\n|-damage|p1a: Mandibuzz|86\/100\n|-damage|p2a: Ogerpon|35\/100|[from] item: Rocky Helmet|[of] p1a: Mandibuzz\n|inactive|Aldrick C has 120 seconds left.\n|\n|t:|1700029782\n|switch|p2a: Zapdos|Zapdos|82\/100|[from] U-turn\n|\n|upkeep\n|turn|6\n|\n|t:|1700029796\n|switch|p1a: Heatran|Heatran, M, tera:Grass|33\/100\n|move|p2a: Zapdos|Volt Switch|p1a: Heatran\n|-resisted|p1a: Heatran\n|-damage|p1a: Heatran|24\/100\n|\n|t:|1700029811\n|switch|p2a: Great Tusk|Great Tusk|100\/100|[from] Volt Switch\n|\n|upkeep\n|turn|7\n|\n|t:|1700029817\n|switch|p1a: Mandibuzz|Mandibuzz, F|86\/100\n|move|p2a: Great Tusk|Bulk Up|p2a: Great Tusk\n|-boost|p2a: Great Tusk|atk|1\n|-boost|p2a: Great Tusk|def|1\n|\n|upkeep\n|turn|8\n|\n|t:|1700029828\n|-end|p2a: Great Tusk|Protosynthesis|[silent]\n|switch|p2a: Blissey|Blissey, F|100\/100\n|move|p1a: Mandibuzz|Foul Play|p2a: Blissey\n|-damage|p2a: Blissey|94\/100\n|\n|upkeep\n|turn|9\n|\n|t:|1700029837\n|move|p1a: Mandibuzz|Toxic|p2a: Blissey\n|-status|p2a: Blissey|tox\n|move|p2a: Blissey|Stealth Rock|p1a: Mandibuzz\n|-sidestart|p1: ziyi1117|move: Stealth Rock\n|\n|-damage|p2a: Blissey|88\/100 tox|[from] psn\n|upkeep\n|turn|10\n|\n|t:|1700029844\n|-curestatus|p2a: Blissey|tox|[from] ability: Natural Cure\n|switch|p2a: Zapdos|Zapdos|82\/100\n|move|p1a: Mandibuzz|Roost|p1a: Mandibuzz\n|-heal|p1a: Mandibuzz|100\/100\n|-singleturn|p1a: Mandibuzz|move: Roost\n|\n|upkeep\n|turn|11\n|\n|t:|1700029856\n|switch|p1a: Great Tusk|Great Tusk|100\/100\n|-damage|p1a: Great Tusk|97\/100|[from] Stealth Rock\n|move|p2a: Zapdos|Hurricane|p1a: Great Tusk\n|-supereffective|p1a: Great Tusk\n|-damage|p1a: Great Tusk|29\/100\n|\n|upkeep\n|turn|12\n|\n|t:|1700029877\n|-end|p1a: Great Tusk|Protosynthesis|[silent]\n|switch|p1a: Gholdengo|Gholdengo|100\/100\n|-damage|p1a: Gholdengo|94\/100|[from] Stealth Rock\n|move|p2a: Zapdos|Heat Wave|p1a: Gholdengo\n|-supereffective|p1a: Gholdengo\n|-damage|p1a: Gholdengo|36\/100\n|\n|upkeep\n|turn|13\n|\n|t:|1700029888\n|move|p1a: Gholdengo|Make It Rain|p2a: Zapdos\n|-resisted|p2a: Zapdos\n|-damage|p2a: Zapdos|49\/100\n|-unboost|p1a: Gholdengo|spa|1\n|move|p2a: Zapdos|Heat Wave|p1a: Gholdengo\n|-supereffective|p1a: Gholdengo\n|-damage|p1a: Gholdengo|0 fnt\n|faint|p1a: Gholdengo\n|\n|upkeep\n|\n|t:|1700029900\n|switch|p1a: Heatran|Heatran, M, tera:Grass|24\/100\n|-damage|p1a: Heatran|12\/100|[from] Stealth Rock\n|turn|14\n|\n|t:|1700029910\n|move|p1a: Heatran|Flamethrower|p2a: Zapdos\n|-crit|p2a: Zapdos\n|-damage|p2a: Zapdos|0 fnt\n|faint|p2a: Zapdos\n|\n|upkeep\n|\n|t:|1700029915\n|switch|p2a: Dragapult|Dragapult, F|100\/100\n|turn|15\n|\n|t:|1700029922\n|switch|p1a: Mandibuzz|Mandibuzz, F|100\/100\n|-damage|p1a: Mandibuzz|76\/100|[from] Stealth Rock\n|move|p2a: Dragapult|Shadow Ball|p1a: Mandibuzz\n|-resisted|p1a: Mandibuzz\n|-damage|p1a: Mandibuzz|54\/100\n|\n|upkeep\n|turn|16\n|\n|t:|1700029933\n|switch|p2a: Blissey|Blissey, F|88\/100\n|move|p1a: Mandibuzz|Roost|p1a: Mandibuzz\n|-heal|p1a: Mandibuzz|100\/100\n|-singleturn|p1a: Mandibuzz|move: Roost\n|\n|upkeep\n|turn|17\n|\n|t:|1700029941\n|move|p1a: Mandibuzz|Defog|p2a: Blissey\n|-unboost|p2a: Blissey|evasion|1\n|-sideend|p1: ziyi1117|Stealth Rock|[from] move: Defog|[of] p1a: Mandibuzz\n|move|p2a: Blissey|Shadow Ball|p1a: Mandibuzz\n|-resisted|p1a: Mandibuzz\n|-damage|p1a: Mandibuzz|94\/100\n|\n|upkeep\n|turn|18\n|\n|t:|1700029958\n|move|p1a: Mandibuzz|Toxic|p2a: Blissey\n|-status|p2a: Blissey|tox\n|move|p2a: Blissey|Seismic Toss|p1a: Mandibuzz\n|-damage|p1a: Mandibuzz|71\/100\n|-damage|p2a: Blissey|72\/100 tox|[from] item: Rocky Helmet|[of] p1a: Mandibuzz\n|\n|-damage|p2a: Blissey|65\/100 tox|[from] psn\n|upkeep\n|turn|19\n|\n|t:|1700029968\n|move|p1a: Mandibuzz|Roost|p1a: Mandibuzz\n|-heal|p1a: Mandibuzz|100\/100\n|-singleturn|p1a: Mandibuzz|move: Roost\n|move|p2a: Blissey|Seismic Toss|p1a: Mandibuzz\n|-damage|p1a: Mandibuzz|77\/100\n|-damage|p2a: Blissey|49\/100 tox|[from] item: Rocky Helmet|[of] p1a: Mandibuzz\n|\n|-damage|p2a: Blissey|36\/100 tox|[from] psn\n|upkeep\n|turn|20\n|\n|t:|1700029978\n|-curestatus|p2a: Blissey|tox|[from] ability: Natural Cure\n|switch|p2a: Ogerpon|Ogerpon-Wellspring, F|35\/100\n|move|p1a: Mandibuzz|Foul Play|p2a: Ogerpon\n|-damage|p2a: Ogerpon|0 fnt\n|faint|p2a: Ogerpon\n|\n|upkeep\n|\n|t:|1700029983\n|switch|p2a: Dragapult|Dragapult, F|100\/100\n|turn|21\n|\n|t:|1700029990\n|move|p2a: Dragapult|Draco Meteor|p1a: Mandibuzz\n|-damage|p1a: Mandibuzz|1\/100\n|-unboost|p2a: Dragapult|spa|2\n|move|p1a: Mandibuzz|Foul Play|p2a: Dragapult\n|-supereffective|p2a: Dragapult\n|-damage|p2a: Dragapult|6\/100\n|\n|upkeep\n|turn|22\n|\n|t:|1700030005\n|switch|p1a: Greninja|Greninja, M|100\/100\n|move|p2a: Dragapult|Draco Meteor|p1a: Greninja\n|-damage|p1a: Greninja|36\/100\n|-unboost|p2a: Dragapult|spa|2\n|\n|upkeep\n|turn|23\n|\n|t:|1700030015\n|switch|p2a: Blissey|Blissey, F|36\/100\n|move|p1a: Greninja|Water Shuriken|p2a: Blissey\n|-damage|p2a: Blissey|33\/100\n|-damage|p2a: Blissey|30\/100\n|-damage|p2a: Blissey|26\/100\n|-hitcount|p2a: Blissey|3\n|-damage|p1a: Greninja|26\/100|[from] item: Life Orb\n|\n|upkeep\n|turn|24\n|\n|t:|1700030034\n|switch|p1a: Iron Valiant|Iron Valiant|100\/100\n|move|p2a: Blissey|Soft-Boiled|p2a: Blissey\n|-heal|p2a: Blissey|76\/100\n|\n|upkeep\n|turn|25\n|\n|t:|1700030042\n|move|p1a: Iron Valiant|Knock Off|p2a: Blissey\n|-damage|p2a: Blissey|52\/100\n|-enditem|p2a: Blissey|Heavy-Duty Boots|[from] move: Knock Off|[of] p1a: Iron Valiant\n|move|p2a: Blissey|Stealth Rock|p1a: Iron Valiant\n|-sidestart|p1: ziyi1117|move: Stealth Rock\n|\n|upkeep\n|turn|26\n|\n|t:|1700030048\n|move|p1a: Iron Valiant|Close Combat|p2a: Blissey\n|-supereffective|p2a: Blissey\n|-damage|p2a: Blissey|0 fnt\n|-unboost|p1a: Iron Valiant|def|1\n|-unboost|p1a: Iron Valiant|spd|1\n|faint|p2a: Blissey\n|\n|upkeep\n|\n|t:|1700030058\n|switch|p2a: Great Tusk|Great Tusk|100\/100\n|turn|27\n|\n|t:|1700030064\n|move|p1a: Iron Valiant|Moonblast|p2a: Great Tusk\n|-supereffective|p2a: Great Tusk\n|-damage|p2a: Great Tusk|0 fnt\n|faint|p2a: Great Tusk\n|-end|p2a: Great Tusk|Protosynthesis|[silent]\n|\n|upkeep\n|\n|t:|1700030070\n|switch|p2a: Kingambit|Kingambit, M|100\/100\n|-activate|p2a: Kingambit|ability: Supreme Overlord\n|-start|p2a: Kingambit|fallen4|[silent]\n|turn|28\n|\n|t:|1700030075\n|move|p1a: Iron Valiant|Close Combat|p2a: Kingambit\n|-supereffective|p2a: Kingambit\n|-damage|p2a: Kingambit|0 fnt\n|-unboost|p1a: Iron Valiant|def|1\n|-unboost|p1a: Iron Valiant|spd|1\n|faint|p2a: Kingambit\n|-end|p2a: Kingambit|fallen4|[silent]\n|\n|upkeep\n|\n|t:|1700030079\n|switch|p2a: Dragapult|Dragapult, F|6\/100\n|turn|29\n|\n|t:|1700030087\n|-end|p1a: Iron Valiant|Quark Drive|[silent]\n|switch|p1a: Mandibuzz|Mandibuzz, F|1\/100\n|-damage|p1a: Mandibuzz|0 fnt|[from] Stealth Rock\n|faint|p1a: Mandibuzz\n|move|p2a: Dragapult|Flamethrower|p1: Mandibuzz|[notarget]\n|-fail|p2a: Dragapult\n|\n|upkeep\n|\n|t:|1700030094\n|switch|p1a: Greninja|Greninja, M|26\/100\n|-damage|p1a: Greninja|14\/100|[from] Stealth Rock\n|turn|30\n|\n|t:|1700030098\n|move|p1a: Greninja|Water Shuriken|p2a: Dragapult\n|-resisted|p2a: Dragapult\n|-damage|p2a: Dragapult|0 fnt\n|faint|p2a: Dragapult\n|-hitcount|p2: Dragapult|1\n|-damage|p1a: Greninja|4\/100|[from] item: Life Orb\n|\n|win|ziyi1117\n|raw|ziyi1117's rating: 1174 &rarr; <strong>1201<\/strong><br \/>(+27 for winning)\n|raw|Aldrick C's rating: 1203 &rarr; <strong>1176<\/strong><br \/>(-27 for losing)\n|l|\u2606Aldrick C\n","uploadtime":1700030106,"views":7,"p1id":"ziyi1117","p2id":"aldrickc","formatid":"gen9ou","rating":1176,"private":0,"password":""}