{"id":"gen9ou-1991977456","p1":"danz12","p2":"Necrozminator","format":"[Gen 9] OU","log":"|j|\u2606danz12\n|j|\u2606Necrozminator\n|t:|1700144441\n|gametype|singles\n|player|p1|danz12|nate|1191\n|player|p2|Necrozminator|will|1260\n|teamsize|p1|6\n|teamsize|p2|6\n|gen|9\n|tier|[Gen 9] OU\n|rated|\n|rule|Sleep Clause Mod: Limit one foe put to sleep\n|rule|Species Clause: Limit one of each Pok\u00e9mon\n|rule|OHKO Clause: OHKO moves are banned\n|rule|Evasion Items Clause: Evasion items are banned\n|rule|Evasion Moves Clause: Evasion moves are banned\n|rule|Endless Battle Clause: Forcing endless battles is banned\n|rule|HP Percentage Mod: HP is shown in percentages\n|clearpoke\n|poke|p1|Garganacl, F|\n|poke|p1|Clodsire, M|\n|poke|p1|Moltres-Galar|\n|poke|p1|Ceruledge, M|\n|poke|p1|Meowscarada, F|\n|poke|p1|Dragapult, M|\n|poke|p2|Salamence, M|\n|poke|p2|Ribombee, F|\n|poke|p2|Iron Moth|\n|poke|p2|Landorus-Therian, M|\n|poke|p2|Gholdengo|\n|poke|p2|Ogerpon-Wellspring, F|\n|teampreview\n|inactive|Battle timer is ON: inactive players will automatically lose when time's up. (requested by Necrozminator)\n|\n|t:|1700144448\n|start\n|switch|p1a: Meowscarada|Meowscarada, F|100\/100\n|switch|p2a: Ogerpon|Ogerpon-Wellspring, F|100\/100\n|turn|1\n|\n|t:|1700144460\n|move|p1a: Meowscarada|U-turn|p2a: Ogerpon\n|-start|p1a: Meowscarada|typechange|Bug|[from] ability: Protean\n|-supereffective|p2a: Ogerpon\n|-damage|p2a: Ogerpon|22\/100\n|\n|t:|1700144483\n|switch|p1a: Ceruledge|Ceruledge, M|100\/100|[from] U-turn\n|move|p2a: Ogerpon|U-turn|p1a: Ceruledge\n|-resisted|p1a: Ceruledge\n|-damage|p1a: Ceruledge|91\/100\n|-ability|p1a: Ceruledge|Weak Armor|boost\n|-unboost|p1a: Ceruledge|def|1\n|-boost|p1a: Ceruledge|spe|2\n|\n|t:|1700144493\n|switch|p2a: Ribombee|Ribombee, F|100\/100|[from] U-turn\n|\n|upkeep\n|turn|2\n|\n|t:|1700144499\n|move|p1a: Ceruledge|Iron Head|p2a: Ribombee\n|-supereffective|p2a: Ribombee\n|-crit|p2a: Ribombee\n|-enditem|p2a: Ribombee|Focus Sash\n|-damage|p2a: Ribombee|1\/100\n|-damage|p1a: Ceruledge|81\/100|[from] item: Life Orb\n|move|p2a: Ribombee|Sticky Web|p1a: Ceruledge\n|-sidestart|p1: danz12|move: Sticky Web\n|\n|upkeep\n|turn|3\n|\n|t:|1700144508\n|move|p1a: Ceruledge|Swords Dance|p1a: Ceruledge\n|-boost|p1a: Ceruledge|atk|2\n|move|p2a: Ribombee|Skill Swap|p1a: Ceruledge\n|-activate|p2a: Ribombee|move: Skill Swap|Weak Armor|Shield Dust|[of] p1a: Ceruledge\n|\n|upkeep\n|turn|4\n|\n|t:|1700144527\n|move|p1a: Ceruledge|Iron Head|p2a: Ribombee\n|-supereffective|p2a: Ribombee\n|-damage|p2a: Ribombee|0 fnt\n|faint|p2a: Ribombee\n|-damage|p1a: Ceruledge|71\/100|[from] item: Life Orb\n|\n|upkeep\n|\n|t:|1700144541\n|switch|p2a: Salamence|Salamence, M|100\/100\n|turn|5\n|\n|t:|1700144561\n|move|p1a: Ceruledge|Iron Head|p2a: Salamence\n|-damage|p2a: Salamence|12\/100\n|-damage|p1a: Ceruledge|61\/100|[from] item: Life Orb\n|move|p2a: Salamence|Rock Slide|p1a: Ceruledge|[miss]\n|-miss|p2a: Salamence|p1a: Ceruledge\n|\n|upkeep\n|turn|6\n|\n|t:|1700144567\n|move|p1a: Ceruledge|Bitter Blade|p2a: Salamence\n|-resisted|p2a: Salamence\n|-damage|p2a: Salamence|0 fnt\n|-heal|p1a: Ceruledge|68\/100|[from] drain|[of] p2a: Salamence\n|faint|p2a: Salamence\n|-damage|p1a: Ceruledge|58\/100|[from] item: Life Orb\n|\n|upkeep\n|\n|t:|1700144575\n|switch|p2a: Landorus|Landorus-Therian, M|100\/100\n|-ability|p2a: Landorus|Intimidate|boost\n|-unboost|p1a: Ceruledge|atk|1\n|turn|7\n|\n|t:|1700144593\n|move|p1a: Ceruledge|Bitter Blade|p2a: Landorus\n|-damage|p2a: Landorus|5\/100\n|-heal|p1a: Ceruledge|100\/100|[from] drain|[of] p2a: Landorus\n|-damage|p1a: Ceruledge|91\/100|[from] item: Life Orb\n|move|p2a: Landorus|Earthquake|p1a: Ceruledge\n|-supereffective|p1a: Ceruledge\n|-damage|p1a: Ceruledge|0 fnt\n|faint|p1a: Ceruledge\n|\n|-heal|p2a: Landorus|11\/100|[from] item: Leftovers\n|upkeep\n|\n|t:|1700144603\n|switch|p1a: Meowscarada|Meowscarada, F|100\/100\n|-activate|p1a: Meowscarada|move: Sticky Web\n|-unboost|p1a: Meowscarada|spe|1\n|turn|8\n|\n|t:|1700144608\n|move|p1a: Meowscarada|Knock Off|p2a: Landorus\n|-start|p1a: Meowscarada|typechange|Dark|[from] ability: Protean\n|-damage|p2a: Landorus|0 fnt\n|-enditem|p2a: Landorus|Leftovers|[from] move: Knock Off|[of] p1a: Meowscarada\n|faint|p2a: Landorus\n|\n|upkeep\n|inactive|Necrozminator has 120 seconds left.\n|inactive|Necrozminator has 90 seconds left.\n|\n|t:|1700144690\n|switch|p2a: Ogerpon|Ogerpon-Wellspring, F|22\/100\n|turn|9\n|\n|t:|1700144710\n|move|p1a: Meowscarada|Knock Off|p2a: Ogerpon\n|-damage|p2a: Ogerpon|0 fnt\n|faint|p2a: Ogerpon\n|\n|upkeep\n|\n|t:|1700144716\n|switch|p2a: Iron Moth|Iron Moth|100\/100\n|-enditem|p2a: Iron Moth|Booster Energy\n|-activate|p2a: Iron Moth|ability: Quark Drive|[fromitem]\n|-start|p2a: Iron Moth|quarkdrivespe\n|turn|10\n|\n|t:|1700144727\n|switch|p1a: Clodsire|Clodsire, M|100\/100\n|-activate|p1a: Clodsire|move: Sticky Web\n|-unboost|p1a: Clodsire|spe|1\n|move|p2a: Iron Moth|Dazzling Gleam|p1a: Clodsire\n|-resisted|p1a: Clodsire\n|-damage|p1a: Clodsire|93\/100\n|\n|-heal|p1a: Clodsire|99\/100|[from] item: Black Sludge\n|upkeep\n|turn|11\n|\n|t:|1700144733\n|-end|p2a: Iron Moth|Quark Drive|[silent]\n|switch|p2a: Gholdengo|Gholdengo|100\/100\n|move|p1a: Clodsire|Earthquake|p2a: Gholdengo\n|-supereffective|p2a: Gholdengo\n|-damage|p2a: Gholdengo|41\/100\n|\n|-heal|p2a: Gholdengo|47\/100|[from] item: Leftovers\n|-heal|p1a: Clodsire|100\/100|[from] item: Black Sludge\n|upkeep\n|turn|12\n|\n|t:|1700144744\n|move|p2a: Gholdengo|Shadow Ball|p1a: Clodsire\n|-damage|p1a: Clodsire|78\/100\n|move|p1a: Clodsire|Earthquake|p2a: Gholdengo\n|-supereffective|p2a: Gholdengo\n|-damage|p2a: Gholdengo|0 fnt\n|faint|p2a: Gholdengo\n|\n|-heal|p1a: Clodsire|85\/100|[from] item: Black Sludge\n|upkeep\n|\n|t:|1700144750\n|switch|p2a: Iron Moth|Iron Moth|100\/100\n|turn|13\n|\n|t:|1700144754\n|move|p2a: Iron Moth|Fiery Dance|p1a: Clodsire\n|-damage|p1a: Clodsire|63\/100\n|move|p1a: Clodsire|Earthquake|p2a: Iron Moth\n|-supereffective|p2a: Iron Moth\n|-damage|p2a: Iron Moth|0 fnt\n|faint|p2a: Iron Moth\n|-end|p2a: Iron Moth|Quark Drive|[silent]\n|\n|win|danz12\n|raw|danz12's rating: 1191 &rarr; <strong>1221<\/strong><br \/>(+30 for winning)\n|raw|Necrozminator's rating: 1260 &rarr; <strong>1230<\/strong><br \/>(-30 for losing)\n|c|\u2606danz12|gg\n","uploadtime":1700144763,"views":7,"p1id":"danz12","p2id":"necrozminator","formatid":"gen9ou","rating":1221,"private":0,"password":""}