{"id":"gen9ou-1993688571","p1":"timetimesforever","p2":"CyberH3","format":"[Gen 9] OU","log":"|j|\u2606timetimesforever\n|j|\u2606CyberH3\n|t:|1700345751\n|gametype|singles\n|player|p1|timetimesforever|pokefan-gen4|1392\n|player|p2|CyberH3|mars|1454\n|teamsize|p1|6\n|teamsize|p2|6\n|gen|9\n|tier|[Gen 9] OU\n|rated|\n|rule|Sleep Clause Mod: Limit one foe put to sleep\n|rule|Species Clause: Limit one of each Pok\u00e9mon\n|rule|OHKO Clause: OHKO moves are banned\n|rule|Evasion Items Clause: Evasion items are banned\n|rule|Evasion Moves Clause: Evasion moves are banned\n|rule|Endless Battle Clause: Forcing endless battles is banned\n|rule|HP Percentage Mod: HP is shown in percentages\n|clearpoke\n|poke|p1|Ursaluna, F|\n|poke|p1|Walking Wake|\n|poke|p1|Glastrier|\n|poke|p1|Slowking-Galar, M|\n|poke|p1|Torkoal, M|\n|poke|p1|Scream Tail|\n|poke|p2|Goodra-Hisui, M|\n|poke|p2|Scizor, F|\n|poke|p2|Mimikyu, F|\n|poke|p2|Iron Valiant|\n|poke|p2|Talonflame, F|\n|poke|p2|Lokix, M|\n|teampreview\n|\n|t:|1700345764\n|start\n|switch|p1a: Sunny Elvis|Scream Tail|100\/100\n|switch|p2a: Morf LeRosh|Lokix, M|100\/100\n|turn|1\n|\n|t:|1700345815\n|move|p2a: Morf LeRosh|First Impression|p1a: Sunny Elvis\n|-damage|p1a: Sunny Elvis|59\/100\n|-damage|p2a: Morf LeRosh|91\/100|[from] item: Life Orb\n|move|p1a: Sunny Elvis|Trick Room|p1a: Sunny Elvis\n|-fieldstart|move: Trick Room|[of] p1a: Sunny Elvis\n|\n|upkeep\n|turn|2\n|\n|t:|1700345826\n|-end|p1a: Sunny Elvis|Protosynthesis|[silent]\n|switch|p1a: Weed Volcano|Torkoal, M|100\/100\n|-weather|SunnyDay|[from] ability: Drought|[of] p1a: Weed Volcano\n|-item|p1a: Weed Volcano|Air Balloon\n|move|p2a: Morf LeRosh|Knock Off|p1a: Weed Volcano\n|-damage|p1a: Weed Volcano|56\/100\n|-enditem|p1a: Weed Volcano|Air Balloon\n|-damage|p2a: Morf LeRosh|81\/100|[from] item: Life Orb\n|\n|-weather|SunnyDay|[upkeep]\n|upkeep\n|turn|3\n|\n|t:|1700345834\n|switch|p2a: The XO|Talonflame, F|100\/100\n|move|p1a: Weed Volcano|Eruption|p2a: The XO\n|-resisted|p2a: The XO\n|-damage|p2a: The XO|61\/100\n|\n|-weather|SunnyDay|[upkeep]\n|-heal|p2a: The XO|67\/100|[from] item: Leftovers\n|upkeep\n|turn|4\n|\n|t:|1700345846\n|switch|p1a: Sunny Steameteor|Walking Wake|100\/100\n|-activate|p1a: Sunny Steameteor|ability: Protosynthesis\n|-start|p1a: Sunny Steameteor|protosynthesisspe\n|move|p2a: The XO|Brave Bird|p1a: Sunny Steameteor\n|-damage|p1a: Sunny Steameteor|54\/100\n|-damage|p2a: The XO|50\/100|[from] Recoil\n|\n|-weather|SunnyDay|[upkeep]\n|-heal|p2a: The XO|56\/100|[from] item: Leftovers\n|upkeep\n|turn|5\n|\n|t:|1700345852\n|move|p2a: The XO|Brave Bird|p1a: Sunny Steameteor\n|-damage|p1a: Sunny Steameteor|7\/100\n|-damage|p2a: The XO|38\/100|[from] Recoil\n|move|p1a: Sunny Steameteor|Hydro Steam|p2a: The XO\n|-supereffective|p2a: The XO\n|-damage|p2a: The XO|0 fnt\n|faint|p2a: The XO\n|-damage|p1a: Sunny Steameteor|0 fnt|[from] item: Life Orb\n|faint|p1a: Sunny Steameteor\n|-end|p1a: Sunny Steameteor|Protosynthesis|[silent]\n|\n|-weather|SunnyDay|[upkeep]\n|-fieldend|move: Trick Room\n|upkeep\n|\n|t:|1700345866\n|switch|p2a: Morf LeRosh|Lokix, M|81\/100\n|switch|p1a: Sunny Elvis|Scream Tail|59\/100\n|-activate|p1a: Sunny Elvis|ability: Protosynthesis\n|-start|p1a: Sunny Elvis|protosynthesisspe\n|turn|6\n|\n|t:|1700345875\n|move|p1a: Sunny Elvis|Encore||[still]\n|-fail|p1a: Sunny Elvis\n|move|p2a: Morf LeRosh|Knock Off|p1a: Sunny Elvis\n|-crit|p1a: Sunny Elvis\n|-damage|p1a: Sunny Elvis|0 fnt\n|-enditem|p1a: Sunny Elvis|Choice Scarf|[from] move: Knock Off|[of] p2a: Morf LeRosh\n|faint|p1a: Sunny Elvis\n|-end|p1a: Sunny Elvis|Protosynthesis|[silent]\n|-damage|p2a: Morf LeRosh|71\/100|[from] item: Life Orb\n|\n|-weather|none\n|upkeep\n|\n|t:|1700345885\n|switch|p1a: Troom King Shroom|Slowking-Galar, M, shiny|100\/100\n|turn|7\n|\n|t:|1700345888\n|-terastallize|p1a: Troom King Shroom|Dark\n|move|p2a: Morf LeRosh|Knock Off|p1a: Troom King Shroom\n|-resisted|p1a: Troom King Shroom\n|-damage|p1a: Troom King Shroom|48\/100\n|-enditem|p1a: Troom King Shroom|Leftovers|[from] move: Knock Off|[of] p2a: Morf LeRosh\n|-damage|p2a: Morf LeRosh|61\/100|[from] item: Life Orb\n|move|p1a: Troom King Shroom|Trick Room|p1a: Troom King Shroom\n|-fieldstart|move: Trick Room|[of] p1a: Troom King Shroom\n|\n|upkeep\n|turn|8\n|\n|t:|1700345898\n|switch|p1a: Troom Facerusher|Ursaluna, F|100\/100\n|switch|p2a: Snailtare|Goodra-Hisui, M|100\/100\n|\n|-status|p1a: Troom Facerusher|brn|[from] item: Flame Orb\n|upkeep\n|turn|9\n|\n|t:|1700345907\n|move|p1a: Troom Facerusher|Headlong Rush|p2a: Snailtare\n|-supereffective|p2a: Snailtare\n|-damage|p2a: Snailtare|0 fnt\n|-unboost|p1a: Troom Facerusher|def|1\n|-unboost|p1a: Troom Facerusher|spd|1\n|faint|p2a: Snailtare\n|\n|-damage|p1a: Troom Facerusher|94\/100 brn|[from] brn\n|upkeep\n|\n|t:|1700345917\n|switch|p2a: Morf LeRosh|Lokix, M|61\/100\n|turn|10\n|\n|t:|1700345923\n|-terastallize|p2a: Morf LeRosh|Bug\n|move|p2a: Morf LeRosh|First Impression|p1a: Troom Facerusher\n|-damage|p1a: Troom Facerusher|25\/100 brn\n|-damage|p2a: Morf LeRosh|51\/100|[from] item: Life Orb\n|move|p1a: Troom Facerusher|Facade|p2a: Morf LeRosh\n|-damage|p2a: Morf LeRosh|0 fnt\n|faint|p2a: Morf LeRosh\n|\n|-damage|p1a: Troom Facerusher|19\/100 brn|[from] brn\n|upkeep\n|\n|t:|1700345930\n|switch|p2a: Eat With Scissors|Scizor, F|100\/100\n|turn|11\n|\n|t:|1700345940\n|switch|p1a: Weed Volcano|Torkoal, M|56\/100\n|-weather|SunnyDay|[from] ability: Drought|[of] p1a: Weed Volcano\n|move|p2a: Eat With Scissors|Bullet Punch|p1a: Weed Volcano\n|-resisted|p1a: Weed Volcano\n|-damage|p1a: Weed Volcano|40\/100\n|-damage|p2a: Eat With Scissors|91\/100|[from] item: Life Orb\n|\n|-weather|SunnyDay|[upkeep]\n|-fieldend|move: Trick Room\n|upkeep\n|turn|12\n|\n|t:|1700345947\n|switch|p1a: Troom King Shroom|Slowking-Galar, M, shiny, tera:Dark|81\/100\n|move|p2a: Eat With Scissors|Close Combat|p1a: Troom King Shroom\n|-supereffective|p1a: Troom King Shroom\n|-damage|p1a: Troom King Shroom|0 fnt\n|-unboost|p2a: Eat With Scissors|def|1\n|-unboost|p2a: Eat With Scissors|spd|1\n|faint|p1a: Troom King Shroom\n|-damage|p2a: Eat With Scissors|81\/100|[from] item: Life Orb\n|\n|-weather|SunnyDay|[upkeep]\n|upkeep\n|\n|t:|1700345957\n|switch|p1a: Glastrier|Glastrier|100\/100\n|turn|13\n|\n|t:|1700345962\n|move|p2a: Eat With Scissors|Bullet Punch|p1a: Glastrier\n|-supereffective|p1a: Glastrier\n|-damage|p1a: Glastrier|38\/100\n|-enditem|p1a: Glastrier|Weakness Policy\n|-boost|p1a: Glastrier|atk|2|[from] item: Weakness Policy\n|-boost|p1a: Glastrier|spa|2|[from] item: Weakness Policy\n|-damage|p2a: Eat With Scissors|71\/100|[from] item: Life Orb\n|move|p1a: Glastrier|Close Combat|p2a: Eat With Scissors\n|-damage|p2a: Eat With Scissors|0 fnt\n|-unboost|p1a: Glastrier|def|1\n|-unboost|p1a: Glastrier|spd|1\n|faint|p2a: Eat With Scissors\n|-ability|p1a: Glastrier|Chilling Neigh|boost\n|-boost|p1a: Glastrier|atk|1\n|\n|-weather|SunnyDay|[upkeep]\n|upkeep\n|\n|t:|1700345972\n|switch|p2a: R-TRUS|Iron Valiant|100\/100\n|-enditem|p2a: R-TRUS|Booster Energy\n|-activate|p2a: R-TRUS|ability: Quark Drive|[fromitem]\n|-start|p2a: R-TRUS|quarkdrivespe\n|turn|14\n|\n|t:|1700345991\n|switch|p1a: Troom Facerusher|Ursaluna, F|19\/100 brn\n|move|p2a: R-TRUS|Aura Sphere|p1a: Troom Facerusher\n|-supereffective|p1a: Troom Facerusher\n|-damage|p1a: Troom Facerusher|0 fnt\n|faint|p1a: Troom Facerusher\n|\n|-weather|SunnyDay|[upkeep]\n|upkeep\n|\n|t:|1700345998\n|switch|p1a: Weed Volcano|Torkoal, M|40\/100\n|turn|15\n|\n|t:|1700346001\n|move|p2a: R-TRUS|Aura Sphere|p1a: Weed Volcano\n|-damage|p1a: Weed Volcano|0 fnt\n|faint|p1a: Weed Volcano\n|\n|-weather|none\n|upkeep\n|-message|timetimesforever forfeited.\n|\n|win|CyberH3\n|raw|timetimesforever's rating: 1392 &rarr; <strong>1376<\/strong><br \/>(-16 for losing)\n|raw|CyberH3's rating: 1454 &rarr; <strong>1470<\/strong><br \/>(+16 for winning)\n|l|\u2606timetimesforever\n","uploadtime":1700346017,"views":8,"p1id":"timetimesforever","p2id":"cyberh3","formatid":"gen9ou","rating":1376,"private":0,"password":""}