{"id":"gen9ou-1992736643","p1":"danz12","p2":"jacint","format":"[Gen 9] OU","log":"|j|\u2606danz12\n|j|\u2606jacint\n|t:|1700230644\n|gametype|singles\n|player|p1|danz12|nate|1196\n|player|p2|jacint|caitlin|1181\n|teamsize|p1|6\n|teamsize|p2|6\n|gen|9\n|tier|[Gen 9] OU\n|rated|\n|rule|Sleep Clause Mod: Limit one foe put to sleep\n|rule|Species Clause: Limit one of each Pok\u00e9mon\n|rule|OHKO Clause: OHKO moves are banned\n|rule|Evasion Items Clause: Evasion items are banned\n|rule|Evasion Moves Clause: Evasion moves are banned\n|rule|Endless Battle Clause: Forcing endless battles is banned\n|rule|HP Percentage Mod: HP is shown in percentages\n|clearpoke\n|poke|p1|Garganacl, M|\n|poke|p1|Clodsire, M|\n|poke|p1|Moltres-Galar|\n|poke|p1|Ceruledge, F|\n|poke|p1|Meowscarada, M|\n|poke|p1|Dragapult, M|\n|poke|p2|Kingambit, M|\n|poke|p2|Landorus-Therian, M|\n|poke|p2|Iron Valiant|\n|poke|p2|Glimmora, F|\n|poke|p2|Sneasler, M|\n|poke|p2|Heatran, F|\n|teampreview\n|inactive|Battle timer is ON: inactive players will automatically lose when time's up. (requested by danz12)\n|\n|t:|1700230660\n|start\n|switch|p1a: Meowscarada|Meowscarada, M|100\/100\n|switch|p2a: Glimmora|Glimmora, F|100\/100\n|turn|1\n|\n|t:|1700230665\n|move|p1a: Meowscarada|U-turn|p2a: Glimmora\n|-start|p1a: Meowscarada|typechange|Bug|[from] ability: Protean\n|-resisted|p2a: Glimmora\n|-damage|p2a: Glimmora|80\/100\n|-activate|p2a: Glimmora|ability: Toxic Debris\n|-sidestart|p1: danz12|move: Toxic Spikes\n|\n|t:|1700230671\n|switch|p1a: Clodsire|Clodsire, M|100\/100|[from] U-turn\n|-sideend|p1: danz12|move: Toxic Spikes|[of] p1a: Clodsire\n|move|p2a: Glimmora|Stealth Rock|p1a: Clodsire\n|-sidestart|p1: danz12|move: Stealth Rock\n|\n|upkeep\n|turn|2\n|\n|t:|1700230678\n|move|p2a: Glimmora|Mortal Spin|p1a: Clodsire\n|-resisted|p1a: Clodsire\n|-damage|p1a: Clodsire|99\/100\n|move|p1a: Clodsire|Earthquake|p2a: Glimmora\n|-supereffective|p2a: Glimmora\n|-damage|p2a: Glimmora|0 fnt\n|-activate|p2a: Glimmora|ability: Toxic Debris\n|-sidestart|p1: danz12|move: Toxic Spikes\n|faint|p2a: Glimmora\n|\n|-heal|p1a: Clodsire|100\/100|[from] item: Black Sludge\n|upkeep\n|\n|t:|1700230688\n|switch|p2a: Iron Valiant|Iron Valiant, shiny|100\/100\n|-enditem|p2a: Iron Valiant|Booster Energy\n|-activate|p2a: Iron Valiant|ability: Quark Drive|[fromitem]\n|-start|p2a: Iron Valiant|quarkdrivespa\n|turn|3\n|\n|t:|1700230693\n|move|p2a: Iron Valiant|Calm Mind|p2a: Iron Valiant\n|-boost|p2a: Iron Valiant|spa|1\n|-boost|p2a: Iron Valiant|spd|1\n|move|p1a: Clodsire|Toxic|p2a: Iron Valiant\n|-status|p2a: Iron Valiant|tox\n|\n|-damage|p2a: Iron Valiant|94\/100 tox|[from] psn\n|upkeep\n|turn|4\n|\n|t:|1700230702\n|move|p2a: Iron Valiant|Psyshock|p1a: Clodsire\n|-supereffective|p1a: Clodsire\n|-damage|p1a: Clodsire|0 fnt\n|faint|p1a: Clodsire\n|\n|-damage|p2a: Iron Valiant|82\/100 tox|[from] psn\n|upkeep\n|\n|t:|1700230709\n|switch|p1a: Dragapult|Dragapult, M|100\/100\n|-damage|p1a: Dragapult|88\/100|[from] Stealth Rock\n|-status|p1a: Dragapult|psn\n|turn|5\n|\n|t:|1700230716\n|move|p1a: Dragapult|Shadow Ball|p2a: Iron Valiant\n|-damage|p2a: Iron Valiant|15\/100 tox\n|-unboost|p2a: Iron Valiant|spd|1\n|move|p2a: Iron Valiant|Moonblast|p1a: Dragapult\n|-supereffective|p1a: Dragapult\n|-damage|p1a: Dragapult|0 fnt\n|faint|p1a: Dragapult\n|\n|-damage|p2a: Iron Valiant|0 fnt|[from] psn\n|faint|p2a: Iron Valiant\n|-end|p2a: Iron Valiant|Quark Drive|[silent]\n|upkeep\n|\n|t:|1700230731\n|switch|p1a: Meowscarada|Meowscarada, M|100\/100\n|switch|p2a: Sneasler|Sneasler, M|100\/100\n|-damage|p1a: Meowscarada|88\/100|[from] Stealth Rock\n|-status|p1a: Meowscarada|psn\n|turn|6\n|\n|t:|1700230736\n|move|p1a: Meowscarada|Play Rough|p2a: Sneasler\n|-start|p1a: Meowscarada|typechange|Fairy|[from] ability: Protean\n|-damage|p2a: Sneasler|34\/100\n|move|p2a: Sneasler|Dire Claw|p1a: Meowscarada\n|-supereffective|p1a: Meowscarada\n|-damage|p1a: Meowscarada|0 fnt\n|faint|p1a: Meowscarada\n|\n|upkeep\n|\n|t:|1700230743\n|switch|p1a: Ceruledge|Ceruledge, F|100\/100\n|-damage|p1a: Ceruledge|76\/100|[from] Stealth Rock\n|-status|p1a: Ceruledge|psn\n|turn|7\n|\n|t:|1700230751\n|move|p2a: Sneasler|Dire Claw|p1a: Ceruledge\n|-resisted|p1a: Ceruledge\n|-damage|p1a: Ceruledge|29\/100 psn\n|-ability|p1a: Ceruledge|Weak Armor|boost\n|-unboost|p1a: Ceruledge|def|1\n|-boost|p1a: Ceruledge|spe|2\n|move|p1a: Ceruledge|Swords Dance|p1a: Ceruledge\n|-boost|p1a: Ceruledge|atk|2\n|\n|-damage|p1a: Ceruledge|17\/100 psn|[from] psn\n|upkeep\n|turn|8\n|\n|t:|1700230760\n|move|p1a: Ceruledge|Bitter Blade|p2a: Sneasler\n|-damage|p2a: Sneasler|0 fnt\n|-heal|p1a: Ceruledge|34\/100 psn|[from] drain|[of] p2a: Sneasler\n|faint|p2a: Sneasler\n|-damage|p1a: Ceruledge|24\/100 psn|[from] item: Life Orb\n|\n|-damage|p1a: Ceruledge|11\/100 psn|[from] psn\n|upkeep\n|\n|t:|1700230766\n|switch|p2a: Kingambit|Kingambit, M|100\/100\n|-activate|p2a: Kingambit|ability: Supreme Overlord\n|-start|p2a: Kingambit|fallen3|[silent]\n|turn|9\n|\n|t:|1700230768\n|move|p2a: Kingambit|Sucker Punch||[still]\n|-fail|p2a: Kingambit\n|move|p1a: Ceruledge|Swords Dance|p1a: Ceruledge\n|-boost|p1a: Ceruledge|atk|2\n|\n|-damage|p1a: Ceruledge|0 fnt|[from] psn\n|faint|p1a: Ceruledge\n|upkeep\n|\n|t:|1700230774\n|switch|p1a: Moltres|Moltres-Galar, shiny|100\/100\n|-damage|p1a: Moltres|76\/100|[from] Stealth Rock\n|turn|10\n|\n|t:|1700230785\n|-end|p2a: Kingambit|fallen3|[silent]\n|switch|p2a: Heatran|Heatran, F|100\/100\n|move|p1a: Moltres|Nasty Plot|p1a: Moltres\n|-boost|p1a: Moltres|spa|2\n|\n|upkeep\n|turn|11\n|\n|t:|1700230800\n|move|p1a: Moltres|Fiery Wrath|p2a: Heatran\n|-damage|p2a: Heatran|20\/100\n|cant|p2a: Heatran|flinch\n|\n|-heal|p2a: Heatran|26\/100|[from] item: Leftovers\n|upkeep\n|turn|12\n|\n|t:|1700230804\n|move|p1a: Moltres|Fiery Wrath|p2a: Heatran\n|-damage|p2a: Heatran|0 fnt\n|faint|p2a: Heatran\n|\n|upkeep\n|\n|t:|1700230823\n|switch|p2a: Landorus|Landorus-Therian, M|100\/100\n|-ability|p2a: Landorus|Intimidate|boost\n|-unboost|p1a: Moltres|atk|1\n|turn|13\n|\n|t:|1700230840\n|move|p2a: Landorus|Stone Edge|p1a: Moltres\n|-supereffective|p1a: Moltres\n|-damage|p1a: Moltres|0 fnt\n|faint|p1a: Moltres\n|\n|upkeep\n|\n|t:|1700230844\n|switch|p1a: Garganacl|Garganacl, M|100\/100\n|-damage|p1a: Garganacl|88\/100|[from] Stealth Rock\n|turn|14\n|\n|t:|1700230846\n|switch|p2a: Kingambit|Kingambit, M|100\/100\n|-activate|p2a: Kingambit|ability: Supreme Overlord\n|-start|p2a: Kingambit|fallen4|[silent]\n|move|p1a: Garganacl|Iron Defense|p1a: Garganacl\n|-boost|p1a: Garganacl|def|2\n|\n|-heal|p1a: Garganacl|94\/100|[from] item: Leftovers\n|upkeep\n|turn|15\n|\n|t:|1700230862\n|-terastallize|p1a: Garganacl|Ghost\n|move|p2a: Kingambit|Iron Head|p1a: Garganacl\n|-damage|p1a: Garganacl|78\/100\n|cant|p1a: Garganacl|flinch\n|\n|-heal|p1a: Garganacl|84\/100|[from] item: Leftovers\n|upkeep\n|turn|16\n|\n|t:|1700230871\n|-end|p2a: Kingambit|fallen4|[silent]\n|switch|p2a: Landorus|Landorus-Therian, M|100\/100\n|-ability|p2a: Landorus|Intimidate|boost\n|-unboost|p1a: Garganacl|atk|1\n|move|p1a: Garganacl|Iron Defense|p1a: Garganacl\n|-boost|p1a: Garganacl|def|2\n|\n|-heal|p1a: Garganacl|90\/100|[from] item: Leftovers\n|upkeep\n|turn|17\n|\n|t:|1700230876\n|move|p2a: Landorus|Grass Knot|p1a: Garganacl\n|-damage|p1a: Garganacl|62\/100\n|move|p1a: Garganacl|Salt Cure|p2a: Landorus\n|-damage|p2a: Landorus|90\/100\n|-start|p2a: Landorus|Salt Cure\n|\n|-heal|p1a: Garganacl|68\/100|[from] item: Leftovers\n|-damage|p2a: Landorus|78\/100|[from] Salt Cure\n|upkeep\n|turn|18\n|\n|t:|1700230887\n|move|p2a: Landorus|Grass Knot|p1a: Garganacl\n|-damage|p1a: Garganacl|42\/100\n|move|p1a: Garganacl|Body Press|p2a: Landorus\n|-resisted|p2a: Landorus\n|-damage|p2a: Landorus|20\/100\n|\n|-heal|p1a: Garganacl|48\/100|[from] item: Leftovers\n|-damage|p2a: Landorus|8\/100|[from] Salt Cure\n|upkeep\n|turn|19\n|c|\u2606jacint|bro\n|\n|t:|1700230895\n|move|p2a: Landorus|Grass Knot|p1a: Garganacl\n|-damage|p1a: Garganacl|20\/100\n|move|p1a: Garganacl|Recover|p1a: Garganacl\n|-heal|p1a: Garganacl|70\/100\n|\n|-heal|p1a: Garganacl|76\/100|[from] item: Leftovers\n|-damage|p2a: Landorus|0 fnt|[from] Salt Cure\n|faint|p2a: Landorus\n|upkeep\n|\n|t:|1700230899\n|switch|p2a: Kingambit|Kingambit, M|100\/100\n|-activate|p2a: Kingambit|ability: Supreme Overlord\n|-start|p2a: Kingambit|fallen5|[silent]\n|turn|20\n|\n|t:|1700230901\n|move|p2a: Kingambit|Swords Dance|p2a: Kingambit\n|-boost|p2a: Kingambit|atk|2\n|move|p1a: Garganacl|Body Press|p2a: Kingambit\n|-supereffective|p2a: Kingambit\n|-damage|p2a: Kingambit|0 fnt\n|faint|p2a: Kingambit\n|-end|p2a: Kingambit|fallen5|[silent]\n|\n|win|danz12\n|raw|danz12's rating: 1196 &rarr; <strong>1220<\/strong><br \/>(+24 for winning)\n|raw|jacint's rating: 1181 &rarr; <strong>1157<\/strong><br \/>(-24 for losing)\n|c|\u2606danz12|gg\n|l|\u2606jacint\n","uploadtime":1700230908,"views":12,"p1id":"danz12","p2id":"jacint","formatid":"gen9ou","rating":1157,"private":0,"password":""}