{"id":"gen9ou-1988853059","p1":"RSDPM","p2":"Battlebot998","format":"[Gen 9] OU","log":"|j|\u2606RSDPM\n|j|\u2606Battlebot998\n|t:|1699774154\n|gametype|singles\n|player|p1|RSDPM|riley|1358\n|player|p2|Battlebot998|kabu|1351\n|teamsize|p1|6\n|teamsize|p2|6\n|gen|9\n|tier|[Gen 9] OU\n|rated|\n|rule|Sleep Clause Mod: Limit one foe put to sleep\n|rule|Species Clause: Limit one of each Pok\u00e9mon\n|rule|OHKO Clause: OHKO moves are banned\n|rule|Evasion Items Clause: Evasion items are banned\n|rule|Evasion Moves Clause: Evasion moves are banned\n|rule|Endless Battle Clause: Forcing endless battles is banned\n|rule|HP Percentage Mod: HP is shown in percentages\n|clearpoke\n|poke|p1|Wyrdeer, F|\n|poke|p1|Kleavor, M|\n|poke|p1|Ursaluna, F|\n|poke|p1|Basculegion-F, F|\n|poke|p1|Sneasler, F|\n|poke|p1|Overqwil, F|\n|poke|p2|Landorus-Therian, M|\n|poke|p2|Cinderace, M|\n|poke|p2|Dondozo, M|\n|poke|p2|Eelektross, M|\n|poke|p2|Meowscarada, F|\n|poke|p2|Slowking-Galar, M|\n|teampreview\n|\n|t:|1699774174\n|start\n|switch|p1a: Overqwil|Overqwil, F|100\/100\n|switch|p2a: Landorus|Landorus-Therian, M, shiny|100\/100\n|-ability|p2a: Landorus|Intimidate|boost\n|-unboost|p1a: Overqwil|atk|1\n|-ability|p1a: Overqwil|Intimidate|boost\n|-unboost|p2a: Landorus|atk|1\n|turn|1\n|\n|t:|1699774184\n|move|p2a: Landorus|Taunt|p1a: Overqwil\n|-start|p1a: Overqwil|move: Taunt\n|cant|p1a: Overqwil|move: Taunt|Toxic\n|\n|upkeep\n|turn|2\n|\n|t:|1699774190\n|move|p2a: Landorus|Stealth Rock|p1a: Overqwil\n|-sidestart|p1: RSDPM|move: Stealth Rock\n|move|p1a: Overqwil|Barb Barrage|p2a: Landorus\n|-resisted|p2a: Landorus\n|-damage|p2a: Landorus|91\/100\n|\n|upkeep\n|turn|3\n|\n|t:|1699774197\n|move|p2a: Landorus|Earthquake|p1a: Overqwil\n|-supereffective|p1a: Overqwil\n|-damage|p1a: Overqwil|46\/100\n|move|p1a: Overqwil|Barb Barrage|p2a: Landorus\n|-resisted|p2a: Landorus\n|-damage|p2a: Landorus|82\/100\n|-status|p2a: Landorus|psn\n|\n|-heal|p1a: Overqwil|52\/100|[from] item: Black Sludge\n|-damage|p2a: Landorus|70\/100 psn|[from] psn\n|-end|p1a: Overqwil|move: Taunt\n|upkeep\n|turn|4\n|\n|t:|1699774210\n|move|p1a: Overqwil|Protect|p1a: Overqwil\n|-singleturn|p1a: Overqwil|Protect\n|move|p2a: Landorus|Earthquake|p1a: Overqwil\n|-activate|p1a: Overqwil|move: Protect\n|\n|-heal|p1a: Overqwil|58\/100|[from] item: Black Sludge\n|-damage|p2a: Landorus|58\/100 psn|[from] psn\n|upkeep\n|turn|5\n|\n|t:|1699774219\n|move|p2a: Landorus|Taunt|p1a: Overqwil\n|-start|p1a: Overqwil|move: Taunt\n|move|p1a: Overqwil|Barb Barrage|p2a: Landorus\n|-resisted|p2a: Landorus\n|-damage|p2a: Landorus|40\/100 psn\n|\n|-heal|p1a: Overqwil|64\/100|[from] item: Black Sludge\n|-damage|p2a: Landorus|28\/100 psn|[from] psn\n|upkeep\n|turn|6\n|\n|t:|1699774230\n|move|p2a: Landorus|Earthquake|p1a: Overqwil\n|-supereffective|p1a: Overqwil\n|-damage|p1a: Overqwil|13\/100\n|move|p1a: Overqwil|Barb Barrage|p2a: Landorus\n|-resisted|p2a: Landorus\n|-damage|p2a: Landorus|8\/100 psn\n|\n|-heal|p1a: Overqwil|19\/100|[from] item: Black Sludge\n|-damage|p2a: Landorus|0 fnt|[from] psn\n|faint|p2a: Landorus\n|upkeep\n|\n|t:|1699774237\n|switch|p2a: Meowscarada|Meowscarada, F, shiny|100\/100\n|turn|7\n|\n|t:|1699774245\n|move|p2a: Meowscarada|U-turn|p1a: Overqwil\n|-start|p2a: Meowscarada|typechange|Bug|[from] ability: Protean\n|-damage|p1a: Overqwil|0 fnt\n|faint|p1a: Overqwil\n|\n|t:|1699774251\n|switch|p2a: Eelektross|Eelektross, M|100\/100|[from] U-turn\n|\n|upkeep\n|\n|t:|1699774283\n|switch|p1a: Kleavor|Kleavor, M|100\/100\n|-damage|p1a: Kleavor|76\/100|[from] Stealth Rock\n|turn|8\n|\n|t:|1699774298\n|move|p1a: Kleavor|Stone Axe|p2a: Eelektross\n|-damage|p2a: Eelektross|47\/100\n|-sidestart|p2: Battlebot998|move: Stealth Rock\n|move|p2a: Eelektross|Drain Punch|p1a: Kleavor\n|-damage|p1a: Kleavor|42\/100\n|-heal|p2a: Eelektross|59\/100|[from] drain|[of] p1a: Kleavor\n|\n|upkeep\n|turn|9\n|\n|t:|1699774306\n|move|p1a: Kleavor|Stone Axe|p2a: Eelektross\n|-damage|p2a: Eelektross|0 fnt\n|faint|p2a: Eelektross\n|\n|upkeep\n|\n|t:|1699774312\n|switch|p2a: Meowscarada|Meowscarada, F, shiny|100\/100\n|-damage|p2a: Meowscarada|88\/100|[from] Stealth Rock\n|turn|10\n|\n|t:|1699774319\n|move|p2a: Meowscarada|Knock Off|p1a: Kleavor\n|-start|p2a: Meowscarada|typechange|Dark|[from] ability: Protean\n|-damage|p1a: Kleavor|0 fnt\n|-enditem|p1a: Kleavor|Choice Scarf|[from] move: Knock Off|[of] p2a: Meowscarada\n|faint|p1a: Kleavor\n|\n|upkeep\n|\n|t:|1699774333\n|switch|p1a: Sneasler|Sneasler, F|100\/100\n|-damage|p1a: Sneasler|95\/100|[from] Stealth Rock\n|turn|11\n|\n|t:|1699774339\n|switch|p2a: Slowking|Slowking-Galar, M, shiny|100\/100\n|-damage|p2a: Slowking|88\/100|[from] Stealth Rock\n|move|p1a: Sneasler|Bulk Up|p1a: Sneasler\n|-boost|p1a: Sneasler|atk|1\n|-boost|p1a: Sneasler|def|1\n|\n|-heal|p2a: Slowking|94\/100|[from] item: Leftovers\n|upkeep\n|turn|12\n|\n|t:|1699774352\n|move|p1a: Sneasler|Bulk Up|p1a: Sneasler\n|-boost|p1a: Sneasler|atk|1\n|-boost|p1a: Sneasler|def|1\n|move|p2a: Slowking|Future Sight|p1a: Sneasler\n|-start|p2a: Slowking|move: Future Sight\n|\n|-heal|p2a: Slowking|99\/100|[from] item: Leftovers\n|upkeep\n|turn|13\n|\n|t:|1699774362\n|-terastallize|p1a: Sneasler|Flying\n|move|p1a: Sneasler|Acrobatics|p2a: Slowking\n|-damage|p2a: Slowking|32\/100\n|move|p2a: Slowking|Chilly Reception|p2a: Slowking\n|-weather|Snow\n|\n|t:|1699774369\n|switch|p2a: Meowscarada|Meowscarada, F, shiny|88\/100|[from] Chilly Reception\n|-damage|p2a: Meowscarada|76\/100|[from] Stealth Rock\n|\n|-weather|Snow|[upkeep]\n|upkeep\n|turn|14\n|\n|t:|1699774383\n|switch|p1a: Wyrdeer|Wyrdeer, F|100\/100\n|-damage|p1a: Wyrdeer|88\/100|[from] Stealth Rock\n|move|p2a: Meowscarada|Knock Off|p1a: Wyrdeer\n|-start|p2a: Meowscarada|typechange|Dark|[from] ability: Protean\n|-supereffective|p1a: Wyrdeer\n|-damage|p1a: Wyrdeer|0 fnt\n|-enditem|p1a: Wyrdeer|Weakness Policy|[from] move: Knock Off|[of] p2a: Meowscarada\n|faint|p1a: Wyrdeer\n|\n|-weather|Snow|[upkeep]\n|-hint|Future Sight did not hit because the target is fainted.\n|upkeep\n|\n|t:|1699774398\n|switch|p1a: Sneasler|Sneasler, F, tera:Flying|95\/100\n|-damage|p1a: Sneasler|70\/100|[from] Stealth Rock\n|turn|15\n|\n|t:|1699774411\n|move|p2a: Meowscarada|Knock Off|p1a: Sneasler\n|-damage|p1a: Sneasler|0 fnt\n|-enditem|p1a: Sneasler|Red Card|[from] move: Knock Off|[of] p2a: Meowscarada\n|faint|p1a: Sneasler\n|\n|-weather|Snow|[upkeep]\n|upkeep\n|\n|t:|1699774419\n|switch|p1a: Ursaluna|Ursaluna, F|100\/100\n|-damage|p1a: Ursaluna|94\/100|[from] Stealth Rock\n|turn|16\n|\n|t:|1699774423\n|move|p2a: Meowscarada|Knock Off|p1a: Ursaluna\n|-damage|p1a: Ursaluna|62\/100\n|-enditem|p1a: Ursaluna|Flame Orb|[from] move: Knock Off|[of] p2a: Meowscarada\n|move|p1a: Ursaluna|Drain Punch|p2a: Meowscarada\n|-supereffective|p2a: Meowscarada\n|-damage|p2a: Meowscarada|0 fnt\n|-heal|p1a: Ursaluna|86\/100|[from] drain|[of] p2a: Meowscarada\n|faint|p2a: Meowscarada\n|\n|-weather|Snow|[upkeep]\n|upkeep\n|\n|t:|1699774430\n|switch|p2a: Dondozo|Dondozo, M|100\/100\n|-damage|p2a: Dondozo|88\/100|[from] Stealth Rock\n|turn|17\n|\n|t:|1699774437\n|move|p1a: Ursaluna|Earthquake|p2a: Dondozo\n|-damage|p2a: Dondozo|49\/100\n|move|p2a: Dondozo|Curse|p2a: Dondozo\n|-unboost|p2a: Dondozo|spe|1\n|-boost|p2a: Dondozo|atk|1\n|-boost|p2a: Dondozo|def|1\n|\n|-weather|none\n|-heal|p2a: Dondozo|55\/100|[from] item: Leftovers\n|upkeep\n|turn|18\n|\n|t:|1699774442\n|switch|p1a: Basculegion|Basculegion-F, F|100\/100\n|-damage|p1a: Basculegion|88\/100|[from] Stealth Rock\n|move|p2a: Dondozo|Curse|p2a: Dondozo\n|-unboost|p2a: Dondozo|spe|1\n|-boost|p2a: Dondozo|atk|1\n|-boost|p2a: Dondozo|def|1\n|\n|-heal|p2a: Dondozo|61\/100|[from] item: Leftovers\n|upkeep\n|turn|19\n|\n|t:|1699774448\n|move|p1a: Basculegion|Shadow Ball|p2a: Dondozo\n|-damage|p2a: Dondozo|19\/100\n|-damage|p1a: Basculegion|78\/100|[from] item: Life Orb\n|move|p2a: Dondozo|Earthquake|p1a: Basculegion\n|-damage|p1a: Basculegion|8\/100\n|\n|-heal|p2a: Dondozo|25\/100|[from] item: Leftovers\n|upkeep\n|turn|20\n|\n|t:|1699774454\n|move|p1a: Basculegion|Shadow Ball|p2a: Dondozo\n|-damage|p2a: Dondozo|0 fnt\n|faint|p2a: Dondozo\n|-damage|p1a: Basculegion|0 fnt|[from] item: Life Orb\n|faint|p1a: Basculegion\n|\n|upkeep\n|\n|t:|1699774462\n|switch|p1a: Ursaluna|Ursaluna, F|86\/100\n|switch|p2a: Cinderace|Cinderace, M|100\/100\n|-damage|p1a: Ursaluna|80\/100|[from] Stealth Rock\n|turn|21\n|\n|t:|1699774470\n|-terastallize|p2a: Cinderace|Flying\n|move|p2a: Cinderace|Pyro Ball|p1a: Ursaluna\n|-damage|p1a: Ursaluna|39\/100\n|move|p1a: Ursaluna|Earthquake|p2a: Cinderace\n|-immune|p2a: Cinderace\n|\n|upkeep\n|turn|22\n|\n|t:|1699774476\n|move|p2a: Cinderace|Pyro Ball|p1a: Ursaluna\n|-damage|p1a: Ursaluna|0 fnt\n|faint|p1a: Ursaluna\n|\n|win|Battlebot998\n|raw|RSDPM's rating: 1358 &rarr; <strong>1338<\/strong><br \/>(-20 for losing)\n|raw|Battlebot998's rating: 1351 &rarr; <strong>1371<\/strong><br \/>(+20 for winning)\n|l|\u2606Battlebot998\n","uploadtime":1699774485,"views":11,"p1id":"rsdpm","p2id":"battlebot998","formatid":"gen9ou","rating":1338,"private":0,"password":""}