{"id":"gen9ou-1991155764","p1":"Robeltico69","p2":"Coffee vs. Sleep","format":"[Gen 9] OU","log":"|j|\u203dRobeltico69\n|j|\u203dCoffee vs. Sleep\n|t:|1700051213\n|gametype|singles\n|player|p1|Robeltico69|265|1240\n|player|p2|Coffee vs. Sleep|teamrocket|1267\n|teamsize|p1|6\n|teamsize|p2|6\n|gen|9\n|tier|[Gen 9] OU\n|rated|\n|rule|Sleep Clause Mod: Limit one foe put to sleep\n|rule|Species Clause: Limit one of each Pok\u00e9mon\n|rule|OHKO Clause: OHKO moves are banned\n|rule|Evasion Items Clause: Evasion items are banned\n|rule|Evasion Moves Clause: Evasion moves are banned\n|rule|Endless Battle Clause: Forcing endless battles is banned\n|rule|HP Percentage Mod: HP is shown in percentages\n|clearpoke\n|poke|p1|Hippowdon, M|\n|poke|p1|Garganacl, F|\n|poke|p1|Kingambit, M|\n|poke|p1|Amoonguss, F|\n|poke|p1|Corviknight, F|\n|poke|p1|Dondozo, M|\n|poke|p2|Dragonite, M|\n|poke|p2|Gholdengo|\n|poke|p2|Kingambit, M|\n|poke|p2|Iron Valiant|\n|poke|p2|Ogerpon-Wellspring, F|\n|poke|p2|Iron Moth|\n|teampreview\n|\n|t:|1700051219\n|start\n|switch|p1a: Hippowdon|Hippowdon, M|100\/100\n|switch|p2a: Ogerpon|Ogerpon-Wellspring, F|100\/100\n|-weather|Sandstorm|[from] ability: Sand Stream|[of] p1a: Hippowdon\n|turn|1\n|inactive|Battle timer is ON: inactive players will automatically lose when time's up. (requested by Coffee vs. Sleep)\n|\n|t:|1700051225\n|switch|p1a: Amoonguss|Amoonguss, F|100\/100\n|move|p2a: Ogerpon|Swords Dance|p2a: Ogerpon\n|-boost|p2a: Ogerpon|atk|2\n|\n|-weather|Sandstorm|[upkeep]\n|-damage|p2a: Ogerpon|95\/100|[from] Sandstorm\n|-damage|p1a: Amoonguss|94\/100|[from] Sandstorm\n|upkeep\n|turn|2\n|\n|t:|1700051231\n|move|p2a: Ogerpon|Knock Off|p1a: Amoonguss\n|-damage|p1a: Amoonguss|39\/100\n|-enditem|p1a: Amoonguss|Heavy-Duty Boots|[from] move: Knock Off|[of] p2a: Ogerpon\n|move|p1a: Amoonguss|Clear Smog|p2a: Ogerpon\n|-supereffective|p2a: Ogerpon\n|-damage|p2a: Ogerpon|58\/100\n|-clearboost|p2a: Ogerpon\n|\n|-weather|Sandstorm|[upkeep]\n|-damage|p2a: Ogerpon|52\/100|[from] Sandstorm\n|-damage|p1a: Amoonguss|33\/100|[from] Sandstorm\n|upkeep\n|turn|3\n|\n|t:|1700051241\n|switch|p2a: Iron Valiant|Iron Valiant|100\/100\n|switch|p1a: Corviknight|Corviknight, F|100\/100\n|-ability|p1a: Corviknight|Pressure\n|\n|-weather|Sandstorm|[upkeep]\n|-damage|p2a: Iron Valiant|94\/100|[from] Sandstorm\n|upkeep\n|turn|4\n|\n|t:|1700051248\n|move|p2a: Iron Valiant|Thunderbolt|p1a: Corviknight\n|-supereffective|p1a: Corviknight\n|-damage|p1a: Corviknight|40\/100\n|move|p1a: Corviknight|Iron Head|p2a: Iron Valiant\n|-supereffective|p2a: Iron Valiant\n|-damage|p2a: Iron Valiant|28\/100\n|\n|-weather|Sandstorm|[upkeep]\n|-damage|p2a: Iron Valiant|22\/100|[from] Sandstorm\n|-heal|p1a: Corviknight|47\/100|[from] item: Leftovers\n|upkeep\n|turn|5\n|\n|t:|1700051258\n|-end|p2a: Iron Valiant|Quark Drive|[silent]\n|switch|p2a: Ogerpon|Ogerpon-Wellspring, F|52\/100\n|switch|p1a: Hippowdon|Hippowdon, M|100\/100\n|\n|-weather|none\n|upkeep\n|turn|6\n|\n|t:|1700051276\n|switch|p1a: Amoonguss|Amoonguss, F|66\/100\n|move|p2a: Ogerpon|Swords Dance|p2a: Ogerpon\n|-boost|p2a: Ogerpon|atk|2\n|\n|upkeep\n|turn|7\n|\n|t:|1700051287\n|move|p2a: Ogerpon|Knock Off|p1a: Amoonguss\n|-damage|p1a: Amoonguss|30\/100\n|move|p1a: Amoonguss|Clear Smog|p2a: Ogerpon\n|-supereffective|p2a: Ogerpon\n|-damage|p2a: Ogerpon|15\/100\n|-clearboost|p2a: Ogerpon\n|\n|upkeep\n|turn|8\n|\n|t:|1700051300\n|switch|p1a: Hippowdon|Hippowdon, M|100\/100\n|-weather|Sandstorm|[from] ability: Sand Stream|[of] p1a: Hippowdon\n|move|p2a: Ogerpon|Knock Off|p1a: Hippowdon\n|-damage|p1a: Hippowdon|81\/100\n|-enditem|p1a: Hippowdon|Heavy-Duty Boots|[from] move: Knock Off|[of] p2a: Ogerpon\n|\n|-weather|Sandstorm|[upkeep]\n|-damage|p2a: Ogerpon|9\/100|[from] Sandstorm\n|upkeep\n|turn|9\n|\n|t:|1700051309\n|switch|p1a: Amoonguss|Amoonguss, F|63\/100\n|move|p2a: Ogerpon|Ivy Cudgel|p1a: Amoonguss|[anim] Ivy Cudgel Water\n|-resisted|p1a: Amoonguss\n|-damage|p1a: Amoonguss|43\/100\n|\n|-weather|Sandstorm|[upkeep]\n|-damage|p2a: Ogerpon|3\/100|[from] Sandstorm\n|-damage|p1a: Amoonguss|37\/100|[from] Sandstorm\n|upkeep\n|turn|10\n|\n|t:|1700051316\n|move|p2a: Ogerpon|Knock Off|p1a: Amoonguss\n|-damage|p1a: Amoonguss|20\/100\n|move|p1a: Amoonguss|Clear Smog|p2a: Ogerpon\n|-supereffective|p2a: Ogerpon\n|-damage|p2a: Ogerpon|0 fnt\n|-clearboost|p2a: Ogerpon\n|faint|p2a: Ogerpon\n|\n|-weather|Sandstorm|[upkeep]\n|-damage|p1a: Amoonguss|14\/100|[from] Sandstorm\n|upkeep\n|\n|t:|1700051321\n|switch|p2a: Dragonite|Dragonite, M, shiny|100\/100\n|turn|11\n|\n|t:|1700051331\n|switch|p1a: Garganacl|Garganacl, F|100\/100\n|move|p2a: Dragonite|Dragon Dance|p2a: Dragonite\n|-boost|p2a: Dragonite|atk|1\n|-boost|p2a: Dragonite|spe|1\n|\n|-weather|Sandstorm|[upkeep]\n|-damage|p2a: Dragonite|94\/100|[from] Sandstorm\n|upkeep\n|turn|12\n|\n|t:|1700051336\n|move|p2a: Dragonite|Earthquake|p1a: Garganacl\n|-supereffective|p1a: Garganacl\n|-damage|p1a: Garganacl|17\/100\n|move|p1a: Garganacl|Salt Cure|p2a: Dragonite\n|-supereffective|p2a: Dragonite\n|-crit|p2a: Dragonite\n|-damage|p2a: Dragonite|44\/100\n|-start|p2a: Dragonite|Salt Cure\n|\n|-weather|none\n|-damage|p2a: Dragonite|31\/100|[from] Salt Cure\n|upkeep\n|turn|13\n|\n|t:|1700051347\n|switch|p1a: Hippowdon|Hippowdon, M|81\/100\n|-weather|Sandstorm|[from] ability: Sand Stream|[of] p1a: Hippowdon\n|move|p2a: Dragonite|Dragon Dance|p2a: Dragonite\n|-boost|p2a: Dragonite|atk|1\n|-boost|p2a: Dragonite|spe|1\n|\n|-weather|Sandstorm|[upkeep]\n|-damage|p2a: Dragonite|25\/100|[from] Sandstorm\n|-damage|p2a: Dragonite|13\/100|[from] Salt Cure\n|upkeep\n|turn|14\n|\n|t:|1700051353\n|-terastallize|p2a: Dragonite|Normal\n|move|p2a: Dragonite|Extreme Speed|p1a: Hippowdon\n|-damage|p1a: Hippowdon|33\/100\n|move|p1a: Hippowdon|Stealth Rock|p2a: Dragonite\n|-sidestart|p2: Coffee vs. Sleep|move: Stealth Rock\n|\n|-weather|Sandstorm|[upkeep]\n|-damage|p2a: Dragonite|6\/100|[from] Sandstorm\n|-damage|p2a: Dragonite|0 fnt|[from] Salt Cure\n|faint|p2a: Dragonite\n|upkeep\n|\n|t:|1700051363\n|switch|p2a: Iron Valiant|Iron Valiant|22\/100\n|-damage|p2a: Iron Valiant|15\/100|[from] Stealth Rock\n|turn|15\n|\n|t:|1700051369\n|switch|p1a: Dondozo|Dondozo, M|100\/100\n|move|p2a: Iron Valiant|Moonblast|p1a: Dondozo\n|-damage|p1a: Dondozo|54\/100\n|\n|-weather|Sandstorm|[upkeep]\n|-damage|p2a: Iron Valiant|9\/100|[from] Sandstorm\n|-damage|p1a: Dondozo|48\/100|[from] Sandstorm\n|upkeep\n|turn|16\n|\n|t:|1700051377\n|move|p2a: Iron Valiant|Moonblast|p1a: Dondozo\n|-damage|p1a: Dondozo|0 fnt\n|faint|p1a: Dondozo\n|\n|-weather|Sandstorm|[upkeep]\n|-damage|p2a: Iron Valiant|3\/100|[from] Sandstorm\n|upkeep\n|\n|t:|1700051390\n|switch|p1a: Kingambit|Kingambit, M|100\/100\n|-activate|p1a: Kingambit|ability: Supreme Overlord\n|-start|p1a: Kingambit|fallen1|[silent]\n|turn|17\n|\n|t:|1700051395\n|move|p1a: Kingambit|Sucker Punch|p2a: Iron Valiant\n|-resisted|p2a: Iron Valiant\n|-damage|p2a: Iron Valiant|0 fnt\n|faint|p2a: Iron Valiant\n|-end|p2a: Iron Valiant|Quark Drive|[silent]\n|-damage|p1a: Kingambit|91\/100|[from] item: Life Orb\n|\n|-weather|none\n|upkeep\n|\n|t:|1700051399\n|switch|p2a: Iron Moth|Iron Moth|100\/100\n|-damage|p2a: Iron Moth|76\/100|[from] Stealth Rock\n|-enditem|p2a: Iron Moth|Booster Energy\n|-activate|p2a: Iron Moth|ability: Quark Drive|[fromitem]\n|-start|p2a: Iron Moth|quarkdrivespe\n|turn|18\n|\n|t:|1700051407\n|move|p2a: Iron Moth|Substitute|p2a: Iron Moth\n|-start|p2a: Iron Moth|Substitute\n|-damage|p2a: Iron Moth|51\/100\n|move|p1a: Kingambit|Kowtow Cleave|p2a: Iron Moth\n|-end|p2a: Iron Moth|Substitute\n|-damage|p1a: Kingambit|81\/100|[from] item: Life Orb\n|\n|upkeep\n|turn|19\n|\n|t:|1700051414\n|move|p2a: Iron Moth|Fiery Dance|p1a: Kingambit\n|-supereffective|p1a: Kingambit\n|-damage|p1a: Kingambit|0 fnt\n|-boost|p2a: Iron Moth|spa|1\n|faint|p1a: Kingambit\n|-end|p1a: Kingambit|fallen1|[silent]\n|\n|upkeep\n|\n|t:|1700051421\n|switch|p1a: Hippowdon|Hippowdon, M|33\/100\n|-weather|Sandstorm|[from] ability: Sand Stream|[of] p1a: Hippowdon\n|turn|20\n|\n|t:|1700051425\n|move|p2a: Iron Moth|Fiery Dance|p1a: Hippowdon\n|-damage|p1a: Hippowdon|0 fnt\n|-boost|p2a: Iron Moth|spa|1\n|faint|p1a: Hippowdon\n|\n|-weather|Sandstorm|[upkeep]\n|-damage|p2a: Iron Moth|45\/100|[from] Sandstorm\n|upkeep\n|\n|t:|1700051431\n|switch|p1a: Garganacl|Garganacl, F|17\/100\n|turn|21\n|\n|t:|1700051435\n|-terastallize|p1a: Garganacl|Fairy\n|move|p2a: Iron Moth|Fiery Dance|p1a: Garganacl\n|-damage|p1a: Garganacl|0 fnt\n|-boost|p2a: Iron Moth|spa|1\n|faint|p1a: Garganacl\n|\n|-weather|Sandstorm|[upkeep]\n|-damage|p2a: Iron Moth|39\/100|[from] Sandstorm\n|upkeep\n|-message|Robeltico69 forfeited.\n|\n|win|Coffee vs. Sleep\n|raw|Robeltico69's rating: 1240 &rarr; <strong>1217<\/strong><br \/>(-23 for losing)\n|raw|Coffee vs. Sleep's rating: 1267 &rarr; <strong>1290<\/strong><br \/>(+23 for winning)\n|l|\u203dRobeltico69\n","uploadtime":1700051449,"views":13,"p1id":"robeltico69","p2id":"coffeevssleep","formatid":"gen9ou","rating":1217,"private":0,"password":""}