{"id":"gen9ou-1994483112","p1":"helpidkwhatimdoin","p2":"Demandread","format":"[Gen 9] OU","log":"|j|\u2606helpidkwhatimdoin\n|j|\u2606Demandread\n|t:|1700449156\n|gametype|singles\n|player|p1|helpidkwhatimdoin|101|\n|player|p2|Demandread|266|\n|teamsize|p1|3\n|teamsize|p2|3\n|gen|9\n|tier|[Gen 9] OU\n|rule|Sleep Clause Mod: Limit one foe put to sleep\n|rule|Species Clause: Limit one of each Pok\u00e9mon\n|rule|OHKO Clause: OHKO moves are banned\n|rule|Evasion Items Clause: Evasion items are banned\n|rule|Evasion Moves Clause: Evasion moves are banned\n|rule|Endless Battle Clause: Forcing endless battles is banned\n|rule|HP Percentage Mod: HP is shown in percentages\n|clearpoke\n|poke|p1|Dondozo, F|\n|poke|p1|Gholdengo|\n|poke|p1|Wooper-Paldea, F|\n|poke|p2|Cinderace, F|\n|poke|p2|Torkoal, F|\n|poke|p2|Ditto|\n|teampreview\n|j| mambroeru\n|j| bentherebefore\n|j| DingusDipplesPRIME\n|j| GreatKingJack\n|\n|t:|1700449192\n|start\n|switch|p1a: 210|Wooper-Paldea, F|100\/100\n|switch|p2a: Torkoal|Torkoal, F|100\/100\n|-weather|SunnyDay|[from] ability: Drought|[of] p2a: Torkoal\n|turn|1\n|\n|t:|1700449203\n|move|p2a: Torkoal|Overheat|p1a: 210|[miss]\n|-miss|p2a: Torkoal|p1a: 210\n|move|p1a: 210|Toxic|p2a: Torkoal\n|-status|p2a: Torkoal|tox\n|\n|-weather|SunnyDay|[upkeep]\n|-damage|p2a: Torkoal|94\/100 tox|[from] psn\n|upkeep\n|turn|2\n|\n|t:|1700449217\n|move|p2a: Torkoal|Yawn|p1a: 210\n|-start|p1a: 210|move: Yawn|[of] p2a: Torkoal\n|move|p1a: 210|Yawn||[still]\n|-fail|p1a: 210\n|\n|-weather|SunnyDay|[upkeep]\n|-heal|p2a: Torkoal|100\/100 tox|[from] item: Leftovers\n|-damage|p2a: Torkoal|88\/100 tox|[from] psn\n|upkeep\n|turn|3\n|\n|t:|1700449235\n|switch|p1a: 530|Dondozo, F|100\/100\n|move|p2a: Torkoal|Overheat|p1a: 530\n|-resisted|p1a: 530\n|-damage|p1a: 530|76\/100\n|-unboost|p2a: Torkoal|spa|2\n|\n|-weather|SunnyDay|[upkeep]\n|-heal|p2a: Torkoal|94\/100 tox|[from] item: Leftovers\n|-damage|p2a: Torkoal|76\/100 tox|[from] psn\n|upkeep\n|turn|4\n|\n|t:|1700449256\n|switch|p2a: Ditto|Ditto|100\/100\n|-transform|p2a: Ditto|p1a: 530|[from] ability: Imposter\n|move|p1a: 530|Curse|p1a: 530\n|-unboost|p1a: 530|spe|1\n|-boost|p1a: 530|atk|1\n|-boost|p1a: 530|def|1\n|\n|-weather|SunnyDay|[upkeep]\n|upkeep\n|turn|5\n|\n|t:|1700449267\n|move|p2a: Ditto|Curse|p2a: Ditto\n|-unboost|p2a: Ditto|spe|1\n|-boost|p2a: Ditto|atk|1\n|-boost|p2a: Ditto|def|1\n|move|p1a: 530|Curse|p1a: 530\n|-unboost|p1a: 530|spe|1\n|-boost|p1a: 530|atk|1\n|-boost|p1a: 530|def|1\n|\n|-weather|none\n|upkeep\n|turn|6\n|c|\u2606helpidkwhatimdoin|its gonna be one of these\n|c|\u2606Demandread|ah\n|c|\u2606Demandread|i may have made amistake\n|\n|t:|1700449293\n|switch|p2a: Torkoal|Torkoal, F|76\/100 tox\n|-weather|SunnyDay|[from] ability: Drought|[of] p2a: Torkoal\n|move|p1a: 530|Curse|p1a: 530\n|-unboost|p1a: 530|spe|1\n|-boost|p1a: 530|atk|1\n|-boost|p1a: 530|def|1\n|\n|-weather|SunnyDay|[upkeep]\n|-heal|p2a: Torkoal|82\/100 tox|[from] item: Leftovers\n|-damage|p2a: Torkoal|76\/100 tox|[from] psn\n|upkeep\n|turn|7\n|\n|t:|1700449304\n|move|p2a: Torkoal|Yawn|p1a: 530\n|-start|p1a: 530|move: Yawn|[of] p2a: Torkoal\n|move|p1a: 530|Liquidation|p2a: Torkoal\n|-supereffective|p2a: Torkoal\n|-damage|p2a: Torkoal|22\/100 tox\n|\n|-weather|SunnyDay|[upkeep]\n|-heal|p2a: Torkoal|29\/100 tox|[from] item: Leftovers\n|-damage|p2a: Torkoal|16\/100 tox|[from] psn\n|upkeep\n|turn|8\n|\n|t:|1700449318\n|move|p2a: Torkoal|Overheat|p1a: 530\n|-resisted|p1a: 530\n|-damage|p1a: 530|47\/100\n|-unboost|p2a: Torkoal|spa|2\n|move|p1a: 530|Rest|p1a: 530\n|-status|p1a: 530|slp|[from] move: Rest\n|-heal|p1a: 530|100\/100 slp|[silent]\n|\n|-weather|SunnyDay|[upkeep]\n|-heal|p2a: Torkoal|22\/100 tox|[from] item: Leftovers\n|-damage|p2a: Torkoal|4\/100 tox|[from] psn\n|-end|p1a: 530|move: Yawn|[silent]\n|upkeep\n|turn|9\n|\n|t:|1700449332\n|move|p2a: Torkoal|Overheat|p1a: 530\n|-resisted|p1a: 530\n|-damage|p1a: 530|75\/100 slp\n|-unboost|p2a: Torkoal|spa|2\n|cant|p1a: 530|slp\n|move|p1a: 530|Sleep Talk|p1a: 530\n|move|p1a: 530|Rest||[from]move: Sleep Talk|[still]\n|-fail|p1a: 530\n|\n|-weather|SunnyDay|[upkeep]\n|-heal|p2a: Torkoal|10\/100 tox|[from] item: Leftovers\n|-damage|p2a: Torkoal|0 fnt|[from] psn\n|faint|p2a: Torkoal\n|upkeep\n|\n|t:|1700449344\n|switch|p2a: Cinderace|Cinderace, F|100\/100\n|turn|10\n|\n|t:|1700449353\n|move|p2a: Cinderace|High Jump Kick|p1a: 530\n|-start|p2a: Cinderace|typechange|Fighting|[from] ability: Libero\n|-damage|p1a: 530|50\/100 slp\n|cant|p1a: 530|slp\n|move|p1a: 530|Sleep Talk|p1a: 530\n|move|p1a: 530|Rest||[from]move: Sleep Talk|[still]\n|-fail|p1a: 530\n|\n|-weather|none\n|upkeep\n|turn|11\n|\n|t:|1700449362\n|move|p2a: Cinderace|High Jump Kick|p1a: 530\n|-damage|p1a: 530|27\/100 slp\n|-curestatus|p1a: 530|slp|[msg]\n|move|p1a: 530|Rest|p1a: 530\n|-status|p1a: 530|slp|[from] move: Rest\n|-heal|p1a: 530|100\/100 slp|[silent]\n|\n|upkeep\n|turn|12\n|\n|t:|1700449370\n|move|p2a: Cinderace|High Jump Kick|p1a: 530\n|-crit|p1a: 530\n|-damage|p1a: 530|7\/100 slp\n|cant|p1a: 530|slp\n|move|p1a: 530|Sleep Talk|p1a: 530\n|move|p1a: 530|Liquidation|p2a: Cinderace|[from]move: Sleep Talk\n|-damage|p2a: Cinderace|0 fnt\n|faint|p2a: Cinderace\n|\n|upkeep\n|\n|t:|1700449378\n|switch|p2a: Ditto|Ditto|100\/100\n|-transform|p2a: Ditto|p1a: 530|[from] ability: Imposter\n|turn|13\n|\n|t:|1700449409\n|move|p2a: Ditto|Liquidation|p1a: 530\n|-resisted|p1a: 530\n|-damage|p1a: 530|0 fnt\n|faint|p1a: 530\n|\n|upkeep\n|\n|t:|1700449414\n|switch|p1a: 210|Wooper-Paldea, F|100\/100\n|turn|14\n|\n|t:|1700449422\n|move|p1a: 210|Yawn|p2a: Ditto\n|-start|p2a: Ditto|move: Yawn|[of] p1a: 210\n|move|p2a: Ditto|Liquidation|p1a: 210\n|-supereffective|p1a: 210\n|-damage|p1a: 210|30\/100\n|\n|upkeep\n|turn|15\n|\n|t:|1700449432\n|move|p1a: 210|Stealth Rock|p2a: Ditto\n|-sidestart|p2: Demandread|move: Stealth Rock\n|move|p2a: Ditto|Liquidation|p1a: 210\n|-supereffective|p1a: 210\n|-damage|p1a: 210|0 fnt\n|faint|p1a: 210\n|\n|-end|p2a: Ditto|move: Yawn|[silent]\n|-status|p2a: Ditto|slp\n|upkeep\n|c|\u2606helpidkwhatimdoin|i thought i was water absorb\n|\n|t:|1700449443\n|switch|p1a: 550|Gholdengo|100\/100\n|turn|16\n|c|\u2606Demandread|i was terrified you weer\n|\n|t:|1700449455\n|move|p1a: 550|Shadow Ball|p2a: Ditto\n|-damage|p2a: Ditto|46\/100 slp\n|cant|p2a: Ditto|slp\n|\n|upkeep\n|turn|17\n|\n|t:|1700449460\n|move|p1a: 550|Shadow Ball|p2a: Ditto\n|-damage|p2a: Ditto|0 fnt\n|faint|p2a: Ditto\n|\n|win|helpidkwhatimdoin\n|c|\u2606Demandread|gg\n|l| DingusDipplesPRIME\n|l| mambroeru\n|l|\u2606Demandread\n|l| GreatKingJack\n","uploadtime":1700450420,"views":10,"p1id":"helpidkwhatimdoin","p2id":"demandread","formatid":"gen9ou","rating":0,"private":0,"password":""}