{"id":"gen9ou-2000179828","p1":"iamstupiditstrue","p2":"darthdecidui","format":"[Gen 9] OU","log":"|j|\u2606iamstupiditstrue\n|j|\u2606darthdecidui\n|inactive|Battle timer is ON: inactive players will automatically lose when time's up.\n|t:|1701168189\n|gametype|singles\n|player|p1|iamstupiditstrue|may-masters|\n|player|p2|darthdecidui|giovanni|\n|teamsize|p1|6\n|teamsize|p2|6\n|gen|9\n|tier|[Gen 9] OU\n|rated|Tournament battle\n|rule|Sleep Clause Mod: Limit one foe put to sleep\n|rule|Species Clause: Limit one of each Pok\u00e9mon\n|rule|OHKO Clause: OHKO moves are banned\n|rule|Evasion Items Clause: Evasion items are banned\n|rule|Evasion Moves Clause: Evasion moves are banned\n|rule|Endless Battle Clause: Forcing endless battles is banned\n|rule|HP Percentage Mod: HP is shown in percentages\n|clearpoke\n|poke|p1|Bruxish, F|\n|poke|p1|Veluza, M|\n|poke|p1|Hoopa-Unbound|\n|poke|p1|Banette, F|\n|poke|p1|Yanmega, F|\n|poke|p1|Whiscash, F|\n|poke|p2|Veluza, M|\n|poke|p2|Hoopa-Unbound|\n|poke|p2|Banette, M|\n|poke|p2|Yanmega, F|\n|poke|p2|Bruxish, F|\n|poke|p2|Whiscash, F|\n|teampreview\n|j|*Lady Monita \u2746\n|inactive|iamstupiditstrue also wants the timer to be on.\n|c|\u2606darthdecidui|Good luck\n|c|\u2606iamstupiditstrue|glhf\n|\n|t:|1701168198\n|start\n|switch|p1a: Whiscash|Whiscash, F|100\/100\n|switch|p2a: Whiscash|Whiscash, F|100\/100\n|turn|1\n|\n|t:|1701168206\n|move|p2a: Whiscash|Stealth Rock|p1a: Whiscash\n|-sidestart|p1: iamstupiditstrue|move: Stealth Rock\n|move|p1a: Whiscash|Stealth Rock|p2a: Whiscash\n|-sidestart|p2: darthdecidui|move: Stealth Rock\n|\n|upkeep\n|turn|2\n|\n|t:|1701168211\n|move|p2a: Whiscash|Spikes|p1a: Whiscash\n|-sidestart|p1: iamstupiditstrue|Spikes\n|move|p1a: Whiscash|Spikes|p2a: Whiscash\n|-sidestart|p2: darthdecidui|Spikes\n|\n|upkeep\n|turn|3\n|\n|t:|1701168215\n|move|p1a: Whiscash|Spikes|p2a: Whiscash\n|-sidestart|p2: darthdecidui|Spikes\n|move|p2a: Whiscash|Spikes|p1a: Whiscash\n|-sidestart|p1: iamstupiditstrue|Spikes\n|\n|upkeep\n|turn|4\n|j| RomeoNJuliet\n|\n|t:|1701168221\n|move|p2a: Whiscash|Spikes|p1a: Whiscash\n|-sidestart|p1: iamstupiditstrue|Spikes\n|move|p1a: Whiscash|Spikes|p2a: Whiscash\n|-sidestart|p2: darthdecidui|Spikes\n|\n|upkeep\n|turn|5\n|\n|t:|1701168225\n|move|p1a: Whiscash|Earthquake|p2a: Whiscash\n|-damage|p2a: Whiscash|81\/100\n|move|p2a: Whiscash|Dragon Dance|p2a: Whiscash\n|-boost|p2a: Whiscash|atk|1\n|-boost|p2a: Whiscash|spe|1\n|\n|-heal|p2a: Whiscash|87\/100|[from] item: Leftovers\n|upkeep\n|turn|6\n|c| RomeoNJuliet|Lol\n|\n|t:|1701168240\n|switch|p1a: Yanmega|Yanmega, F|100\/100\n|move|p2a: Whiscash|Dragon Dance|p2a: Whiscash\n|-boost|p2a: Whiscash|atk|1\n|-boost|p2a: Whiscash|spe|1\n|\n|-heal|p2a: Whiscash|93\/100|[from] item: Leftovers\n|upkeep\n|turn|7\n|\n|t:|1701168259\n|move|p1a: Yanmega|Protect|p1a: Yanmega\n|-singleturn|p1a: Yanmega|Protect\n|move|p2a: Whiscash|Earthquake|p1a: Yanmega\n|-activate|p1a: Yanmega|move: Protect\n|\n|-heal|p2a: Whiscash|99\/100|[from] item: Leftovers\n|-ability|p1a: Yanmega|Speed Boost|boost\n|-boost|p1a: Yanmega|spe|1\n|upkeep\n|turn|8\n|c|\u2606darthdecidui|I'm apparently the stupid one here, not running a water move XD\n|inactive|darthdecidui has 120 seconds left.\n|\n|t:|1701168286\n|switch|p2a: Banette|Banette, M|100\/100\n|-damage|p2a: Banette|88\/100|[from] Stealth Rock\n|-damage|p2a: Banette|63\/100|[from] Spikes\n|move|p1a: Yanmega|Bug Buzz|p2a: Banette\n|-resisted|p2a: Banette\n|-damage|p2a: Banette|22\/100\n|\n|-ability|p1a: Yanmega|Speed Boost|boost\n|-boost|p1a: Yanmega|spe|1\n|upkeep\n|turn|9\n|inactive|darthdecidui has 120 seconds left.\n|\n|t:|1701168297\n|move|p1a: Yanmega|Giga Drain|p2a: Banette\n|-damage|p2a: Banette|0 fnt\n|faint|p2a: Banette\n|\n|-ability|p1a: Yanmega|Speed Boost|boost\n|-boost|p1a: Yanmega|spe|1\n|upkeep\n|inactive|darthdecidui has 120 seconds left.\n|\n|t:|1701168303\n|switch|p2a: Yanmega|Yanmega, F|100\/100\n|-damage|p2a: Yanmega|51\/100|[from] Stealth Rock\n|turn|10\n|\n|t:|1701168311\n|-terastallize|p1a: Yanmega|Ghost\n|move|p1a: Yanmega|Shadow Ball|p2a: Yanmega\n|-crit|p2a: Yanmega\n|-damage|p2a: Yanmega|0 fnt\n|faint|p2a: Yanmega\n|\n|-ability|p1a: Yanmega|Speed Boost|boost\n|-boost|p1a: Yanmega|spe|1\n|upkeep\n|j| larssie262\n|inactive|darthdecidui has 120 seconds left.\n|\n|t:|1701168321\n|switch|p2a: Bruxish|Bruxish, F|100\/100\n|-damage|p2a: Bruxish|88\/100|[from] Stealth Rock\n|-damage|p2a: Bruxish|63\/100|[from] Spikes\n|turn|11\n|j| serverance\n|c| RomeoNJuliet|Is this it?\n|l| serverance\n|inactive|darthdecidui has 120 seconds left.\n|j| hpl12345\n|c|\u2606darthdecidui|Yeah, I've got no priority and I doubt anything can survive a hit\n|\n|t:|1701168342\n|move|p1a: Yanmega|Protect|p1a: Yanmega\n|-singleturn|p1a: Yanmega|Protect\n|move|p2a: Bruxish|Flip Turn|p1a: Yanmega\n|-activate|p1a: Yanmega|move: Protect\n|\n|-ability|p1a: Yanmega|Speed Boost|boost\n|-boost|p1a: Yanmega|spe|1\n|upkeep\n|turn|12\n|\n|t:|1701168350\n|move|p1a: Yanmega|Bug Buzz|p2a: Bruxish\n|-supereffective|p2a: Bruxish\n|-damage|p2a: Bruxish|0 fnt\n|faint|p2a: Bruxish\n|\n|-ability|p1a: Yanmega|Speed Boost|boost\n|-boost|p1a: Yanmega|spe|1\n|upkeep\n|c|\u2606iamstupiditstrue|Yeah i ran calcs\n|\n|t:|1701168356\n|switch|p2a: Whiscash|Whiscash, F|99\/100\n|-damage|p2a: Whiscash|93\/100|[from] Stealth Rock\n|-damage|p2a: Whiscash|68\/100|[from] Spikes\n|-ability|p2a: Whiscash|Anticipation\n|turn|13\n|inactive|darthdecidui has 120 seconds left.\n|c|\u2606iamstupiditstrue|Only like max hp max spdef can live a hit\n|\n|t:|1701168368\n|move|p1a: Yanmega|Giga Drain|p2a: Whiscash\n|-supereffective|p2a: Whiscash\n|-damage|p2a: Whiscash|0 fnt\n|faint|p2a: Whiscash\n|\n|upkeep\n|inactive|darthdecidui has 120 seconds left.\n|c| RomeoNJuliet|And those rocks and spikes\n|c|\u2606iamstupiditstrue|True\n|c|\u2606darthdecidui|Well, outside of my Yanmega, you have a Super Effective move against all of my pokemon\n|\n|t:|1701168393\n|switch|p2a: Veluza|Veluza, M|100\/100\n|-damage|p2a: Veluza|88\/100|[from] Stealth Rock\n|-damage|p2a: Veluza|63\/100|[from] Spikes\n|turn|14\n|\n|t:|1701168399\n|move|p1a: Yanmega|Protect|p1a: Yanmega\n|-singleturn|p1a: Yanmega|Protect\n|move|p2a: Veluza|Aqua Cutter|p1a: Yanmega\n|-activate|p1a: Yanmega|move: Protect\n|\n|upkeep\n|turn|15\n|\n|t:|1701168405\n|move|p1a: Yanmega|Bug Buzz|p2a: Veluza\n|-supereffective|p2a: Veluza\n|-damage|p2a: Veluza|0 fnt\n|faint|p2a: Veluza\n|\n|upkeep\n|\n|t:|1701168408\n|switch|p2a: Hoopa|Hoopa-Unbound|100\/100\n|-damage|p2a: Hoopa|88\/100|[from] Stealth Rock\n|-damage|p2a: Hoopa|63\/100|[from] Spikes\n|turn|16\n|\n|t:|1701168410\n|move|p1a: Yanmega|Bug Buzz|p2a: Hoopa\n|-supereffective|p2a: Hoopa\n|-damage|p2a: Hoopa|0 fnt\n|faint|p2a: Hoopa\n|\n|win|iamstupiditstrue\n|n|\u2606iamstupiditstrue|iamstupiditstrue\n|n|\u2606darthdecidui|darthdecidui\n|n|*Lady Monita \u2746|ladymonita\n|n| RomeoNJuliet|romeonjuliet\n|n| larssie262|larssie262\n|n| hpl12345|hpl12345\n","uploadtime":1701168411,"views":2,"p1id":"iamstupiditstrue","p2id":"darthdecidui","formatid":"gen9ou","rating":0,"private":0,"password":""}