{"id":"gen9ou-2000149327","p1":"guillau","p2":"Skaraptor2.1","format":"[Gen 9] OU","log":"|j|\u2606guillau\n|j|\u2606Skaraptor2.1\n|t:|1701163384\n|gametype|singles\n|player|p1|guillau|1|1320\n|player|p2|Skaraptor2.1|bodybuilderf-gen9|1367\n|teamsize|p1|6\n|teamsize|p2|6\n|gen|9\n|tier|[Gen 9] OU\n|rated|\n|rule|Sleep Clause Mod: Limit one foe put to sleep\n|rule|Species Clause: Limit one of each Pok\u00e9mon\n|rule|OHKO Clause: OHKO moves are banned\n|rule|Evasion Items Clause: Evasion items are banned\n|rule|Evasion Moves Clause: Evasion moves are banned\n|rule|Endless Battle Clause: Forcing endless battles is banned\n|rule|HP Percentage Mod: HP is shown in percentages\n|clearpoke\n|poke|p1|Iron Valiant|\n|poke|p1|Slowking-Galar, M|\n|poke|p1|Great Tusk|\n|poke|p1|Zapdos|\n|poke|p1|Greninja-*, M|\n|poke|p1|Dragonite, F|\n|poke|p2|Ribombee, M|\n|poke|p2|Ogerpon-Wellspring, F|\n|poke|p2|Gholdengo|\n|poke|p2|Zamazenta-*|\n|poke|p2|Iron Valiant|\n|poke|p2|Kingambit, F|\n|teampreview\n|inactive|Battle timer is ON: inactive players will automatically lose when time's up. (requested by guillau)\n|inactive|Skaraptor2.1 also wants the timer to be on.\n|\n|t:|1701163407\n|start\n|switch|p1a: head|Slowking-Galar, M, shiny|100\/100\n|switch|p2a: Transfem|Ogerpon-Wellspring, F|100\/100\n|turn|1\n|\n|t:|1701163415\n|move|p2a: Transfem|Knock Off|p1a: head\n|-supereffective|p1a: head\n|-damage|p1a: head|25\/100\n|-enditem|p1a: head|Assault Vest|[from] move: Knock Off|[of] p2a: Transfem\n|move|p1a: head|Flamethrower|p2a: Transfem\n|-damage|p2a: Transfem|69\/100\n|\n|upkeep\n|turn|2\n|\n|t:|1701163429\n|switch|p1a: socks|Dragonite, F|100\/100\n|move|p2a: Transfem|Ivy Cudgel|p1a: socks|[anim] Ivy Cudgel Water\n|-resisted|p1a: socks\n|-damage|p1a: socks|85\/100\n|\n|upkeep\n|turn|3\n|\n|t:|1701163435\n|move|p2a: Transfem|Knock Off|p1a: socks\n|-damage|p1a: socks|43\/100\n|-enditem|p1a: socks|Heavy-Duty Boots|[from] move: Knock Off|[of] p2a: Transfem\n|move|p1a: socks|Dragon Dance|p1a: socks\n|-boost|p1a: socks|atk|1\n|-boost|p1a: socks|spe|1\n|\n|upkeep\n|turn|4\n|\n|t:|1701163449\n|move|p1a: socks|Extreme Speed|p2a: Transfem\n|-damage|p2a: Transfem|15\/100\n|move|p2a: Transfem|Ivy Cudgel|p1a: socks|[anim] Ivy Cudgel Water\n|-resisted|p1a: socks\n|-crit|p1a: socks\n|-damage|p1a: socks|0 fnt\n|faint|p1a: socks\n|\n|upkeep\n|\n|t:|1701163464\n|switch|p1a: ugly frog|Greninja, M|100\/100\n|turn|5\n|\n|t:|1701163470\n|move|p1a: ugly frog|Dark Pulse|p2a: Transfem\n|-crit|p2a: Transfem\n|-damage|p2a: Transfem|0 fnt\n|faint|p2a: Transfem\n|-ability|p1a: ugly frog|Battle Bond|boost\n|-boost|p1a: ugly frog|atk|1\n|-boost|p1a: ugly frog|spa|1\n|-boost|p1a: ugly frog|spe|1\n|-activate|p1a: ugly frog|ability: Battle Bond\n|-damage|p1a: ugly frog|91\/100|[from] item: Life Orb\n|\n|upkeep\n|\n|t:|1701163473\n|switch|p2a: Bigender|Iron Valiant|100\/100\n|-enditem|p2a: Bigender|Booster Energy\n|-activate|p2a: Bigender|ability: Quark Drive|[fromitem]\n|-start|p2a: Bigender|quarkdrivespe\n|turn|6\n|\n|t:|1701163483\n|-terastallize|p1a: ugly frog|Water\n|move|p1a: ugly frog|Surf|p2a: Bigender\n|-damage|p2a: Bigender|0 fnt\n|faint|p2a: Bigender\n|-end|p2a: Bigender|Quark Drive|[silent]\n|-damage|p1a: ugly frog|81\/100|[from] item: Life Orb\n|\n|upkeep\n|\n|t:|1701163490\n|switch|p2a: Twink|Ribombee, M|100\/100\n|turn|7\n|\n|t:|1701163495\n|move|p1a: ugly frog|Surf|p2a: Twink\n|-enditem|p2a: Twink|Focus Sash\n|-damage|p2a: Twink|1\/100\n|-damage|p1a: ugly frog|71\/100|[from] item: Life Orb\n|move|p2a: Twink|Stun Spore|p1a: ugly frog\n|-status|p1a: ugly frog|par\n|\n|upkeep\n|turn|8\n|l|\u2606Skaraptor2.1\n|inactive|Skaraptor2.1 disconnected and has a minute to reconnect!\n|player|p2|\n|inactive|Skaraptor2.1 has 30 seconds to reconnect!\n|inactive|Skaraptor2.1 has 20 seconds to reconnect!\n|inactive|Skaraptor2.1 has 15 seconds to reconnect!\n|inactive|Skaraptor2.1 has 10 seconds to reconnect!\n|inactive|Skaraptor2.1 has 5 seconds to reconnect!\n|j|\u2606Skaraptor2.1\n|inactive|Skaraptor2.1 reconnected and has 75 seconds left.\n|player|p2|Skaraptor2.1|bodybuilderf-gen9\n|\n|t:|1701163578\n|move|p2a: Twink|Sticky Web|p1a: ugly frog\n|-sidestart|p1: guillau|move: Sticky Web\n|move|p1a: ugly frog|Surf|p2a: Twink\n|-damage|p2a: Twink|0 fnt\n|faint|p2a: Twink\n|-damage|p1a: ugly frog|61\/100 par|[from] item: Life Orb\n|\n|upkeep\n|\n|t:|1701163586\n|switch|p2a: Queengambit|Kingambit, F|100\/100\n|-activate|p2a: Queengambit|ability: Supreme Overlord\n|-start|p2a: Queengambit|fallen3|[silent]\n|turn|9\n|\n|t:|1701163596\n|move|p1a: ugly frog|Surf|p2a: Queengambit\n|-damage|p2a: Queengambit|0 fnt\n|faint|p2a: Queengambit\n|-end|p2a: Queengambit|fallen3|[silent]\n|-damage|p1a: ugly frog|51\/100 par|[from] item: Life Orb\n|\n|upkeep\n|\n|t:|1701163600\n|switch|p2a: Defender of Trans|Zamazenta, shiny|100\/100\n|-ability|p2a: Defender of Trans|Dauntless Shield|boost\n|-boost|p2a: Defender of Trans|def|1\n|turn|10\n|\n|t:|1701163605\n|move|p2a: Defender of Trans|Body Press|p1a: ugly frog\n|-damage|p1a: ugly frog|0 fnt\n|faint|p1a: ugly frog\n|\n|upkeep\n|\n|t:|1701163611\n|switch|p1a: big trump|Great Tusk, shiny|100\/100\n|-activate|p1a: big trump|move: Sticky Web\n|-unboost|p1a: big trump|spe|1\n|turn|11\n|\n|t:|1701163616\n|move|p2a: Defender of Trans|Iron Defense|p2a: Defender of Trans\n|-boost|p2a: Defender of Trans|def|2\n|move|p1a: big trump|Rapid Spin|p2a: Defender of Trans\n|-damage|p2a: Defender of Trans|95\/100\n|-boost|p1a: big trump|spe|1\n|-sideend|p1: guillau|Sticky Web|[from] move: Rapid Spin|[of] p1a: big trump\n|\n|-heal|p2a: Defender of Trans|100\/100|[from] item: Leftovers\n|upkeep\n|turn|12\n|\n|t:|1701163621\n|move|p2a: Defender of Trans|Iron Defense|p2a: Defender of Trans\n|-boost|p2a: Defender of Trans|def|2\n|move|p1a: big trump|Knock Off|p2a: Defender of Trans\n|-resisted|p2a: Defender of Trans\n|-damage|p2a: Defender of Trans|97\/100\n|-enditem|p2a: Defender of Trans|Leftovers|[from] move: Knock Off|[of] p1a: big trump\n|\n|upkeep\n|turn|13\n|\n|t:|1701163633\n|move|p2a: Defender of Trans|Body Press|p1a: big trump\n|-damage|p1a: big trump|11\/100\n|move|p1a: big trump|Headlong Rush|p2a: Defender of Trans\n|-crit|p2a: Defender of Trans\n|-damage|p2a: Defender of Trans|34\/100\n|-unboost|p1a: big trump|def|1\n|-unboost|p1a: big trump|spd|1\n|\n|-heal|p1a: big trump|17\/100|[from] item: Leftovers\n|upkeep\n|turn|14\n|\n|t:|1701163638\n|move|p2a: Defender of Trans|Body Press|p1a: big trump\n|-damage|p1a: big trump|0 fnt\n|faint|p1a: big trump\n|-end|p1a: big trump|Protosynthesis|[silent]\n|\n|upkeep\n|\n|t:|1701163641\n|switch|p1a: funny bird|Zapdos, shiny|100\/100\n|turn|15\n|\n|t:|1701163646\n|move|p2a: Defender of Trans|Body Press|p1a: funny bird\n|-resisted|p1a: funny bird\n|-damage|p1a: funny bird|21\/100\n|move|p1a: funny bird|Thunderbolt|p2a: Defender of Trans\n|-damage|p2a: Defender of Trans|0 fnt\n|faint|p2a: Defender of Trans\n|\n|upkeep\n|\n|t:|1701163649\n|switch|p2a: HRT Prices|Gholdengo|100\/100\n|-item|p2a: HRT Prices|Air Balloon\n|turn|16\n|\n|t:|1701163658\n|move|p1a: funny bird|Heat Wave|p2a: HRT Prices\n|-supereffective|p2a: HRT Prices\n|-damage|p2a: HRT Prices|27\/100\n|-enditem|p2a: HRT Prices|Air Balloon\n|move|p2a: HRT Prices|Shadow Ball|p1a: funny bird\n|-damage|p1a: funny bird|0 fnt\n|faint|p1a: funny bird\n|\n|upkeep\n|\n|t:|1701163664\n|switch|p1a: dolagon bolu|Iron Valiant, shiny|100\/100\n|-enditem|p1a: dolagon bolu|Booster Energy\n|-activate|p1a: dolagon bolu|ability: Quark Drive|[fromitem]\n|-start|p1a: dolagon bolu|quarkdrivespe\n|turn|17\n|\n|t:|1701163669\n|move|p1a: dolagon bolu|Knock Off|p2a: HRT Prices\n|-supereffective|p2a: HRT Prices\n|-damage|p2a: HRT Prices|0 fnt\n|faint|p2a: HRT Prices\n|\n|win|guillau\n|raw|guillau's rating: 1320 &rarr; <strong>1343<\/strong><br \/>(+23 for winning)\n|raw|Skaraptor2.1's rating: 1367 &rarr; <strong>1344<\/strong><br \/>(-23 for losing)\n|c|\u2606guillau|gg\n","uploadtime":1701163672,"views":2,"p1id":"guillau","p2id":"skaraptor21","formatid":"gen9ou","rating":1343,"private":0,"password":""}