{"id":"gen9ou-2000332185","p1":"Salamandave","p2":"dddddddddddwwwq","format":"[Gen 9] OU","log":"|j|\u2606Salamandave\n|j|\u2606dddddddddddwwwq\n|t:|1701185724\n|gametype|singles\n|player|p1|Salamandave|barry|1102\n|player|p2|dddddddddddwwwq|gentleman|1045\n|teamsize|p1|6\n|teamsize|p2|6\n|gen|9\n|tier|[Gen 9] OU\n|rated|\n|rule|Sleep Clause Mod: Limit one foe put to sleep\n|rule|Species Clause: Limit one of each Pok\u00e9mon\n|rule|OHKO Clause: OHKO moves are banned\n|rule|Evasion Items Clause: Evasion items are banned\n|rule|Evasion Moves Clause: Evasion moves are banned\n|rule|Endless Battle Clause: Forcing endless battles is banned\n|rule|HP Percentage Mod: HP is shown in percentages\n|clearpoke\n|poke|p1|Palossand, M|\n|poke|p1|Mimikyu, F|\n|poke|p1|Hydreigon, M|\n|poke|p1|Avalugg, M|\n|poke|p1|Iron Hands|\n|poke|p1|Indeedee, M|\n|poke|p2|Sandy Shocks|\n|poke|p2|Dragapult, M|\n|poke|p2|Zamazenta-*|\n|poke|p2|Iron Moth|\n|poke|p2|Ogerpon-Wellspring, F|\n|poke|p2|Kingambit, F|\n|teampreview\n|\n|t:|1701185738\n|start\n|switch|p1a: Indeedee|Indeedee, M|100\/100\n|switch|p2a: Dragapult|Dragapult, M|100\/100\n|-fieldstart|move: Psychic Terrain|[from] ability: Psychic Surge|[of] p1a: Indeedee\n|turn|1\n|\n|t:|1701185746\n|switch|p2a: Kingambit|Kingambit, F|100\/100\n|move|p1a: Indeedee|Trick|p2a: Kingambit\n|-activate|p1a: Indeedee|move: Trick|[of] p2a: Kingambit\n|-item|p2a: Kingambit|Choice Scarf|[from] move: Trick\n|-item|p1a: Indeedee|Leftovers|[from] move: Trick\n|\n|upkeep\n|turn|2\n|\n|t:|1701185756\n|-end|p2a: Kingambit|fallenundefined|[silent]\n|switch|p2a: Dragapult|Dragapult, M|100\/100\n|move|p1a: Indeedee|Skill Swap|p2a: Dragapult\n|-activate|p1a: Indeedee|move: Skill Swap|Infiltrator|Psychic Surge|[of] p2a: Dragapult\n|\n|upkeep\n|turn|3\n|\n|t:|1701185787\n|switch|p2a: Kingambit|Kingambit, F|100\/100\n|switch|p1a: Iron Hands|Iron Hands|100\/100\n|\n|upkeep\n|turn|4\n|\n|t:|1701185802\n|-end|p2a: Kingambit|fallenundefined|[silent]\n|switch|p2a: Dragapult|Dragapult, M|100\/100\n|move|p1a: Iron Hands|Drain Punch|p2a: Dragapult\n|-immune|p2a: Dragapult\n|\n|upkeep\n|turn|5\n|\n|t:|1701185814\n|move|p2a: Dragapult|Will-O-Wisp|p1a: Iron Hands\n|-status|p1a: Iron Hands|brn\n|move|p1a: Iron Hands|Belly Drum|p1a: Iron Hands\n|-damage|p1a: Iron Hands|50\/100 brn\n|-setboost|p1a: Iron Hands|atk|6|[from] move: Belly Drum\n|-enditem|p1a: Iron Hands|Sitrus Berry|[eat]\n|-heal|p1a: Iron Hands|75\/100 brn|[from] item: Sitrus Berry\n|\n|-damage|p1a: Iron Hands|69\/100 brn|[from] brn\n|-fieldend|move: Psychic Terrain\n|upkeep\n|turn|6\n|\n|t:|1701185829\n|move|p2a: Dragapult|Hex|p1a: Iron Hands\n|-crit|p1a: Iron Hands\n|-damage|p1a: Iron Hands|0 fnt\n|faint|p1a: Iron Hands\n|-end|p1a: Iron Hands|Quark Drive|[silent]\n|\n|upkeep\n|\n|t:|1701185836\n|switch|p1a: Mimikyu|Mimikyu, F|100\/100\n|turn|7\n|\n|t:|1701185841\n|move|p2a: Dragapult|Will-O-Wisp|p1a: Mimikyu\n|-status|p1a: Mimikyu|brn\n|move|p1a: Mimikyu|Swords Dance|p1a: Mimikyu\n|-boost|p1a: Mimikyu|atk|2\n|\n|-damage|p1a: Mimikyu|95\/100 brn|[from] brn\n|upkeep\n|turn|8\n|\n|t:|1701185855\n|switch|p2a: Zamazenta|Zamazenta|100\/100\n|-ability|p2a: Zamazenta|Dauntless Shield|boost\n|-boost|p2a: Zamazenta|def|1\n|move|p1a: Mimikyu|Swords Dance|p1a: Mimikyu\n|-boost|p1a: Mimikyu|atk|2\n|\n|-damage|p1a: Mimikyu|89\/100 brn|[from] brn\n|upkeep\n|turn|9\n|\n|t:|1701185867\n|-terastallize|p2a: Zamazenta|Fire\n|move|p2a: Zamazenta|Heavy Slam|p1a: Mimikyu\n|-activate|p1a: Mimikyu|ability: Disguise\n|-damage|p1a: Mimikyu|89\/100 brn\n|-damage|p2a: Zamazenta|84\/100|[from] item: Rocky Helmet|[of] p1a: Mimikyu\n|detailschange|p1a: Mimikyu|Mimikyu-Busted, F\n|-damage|p1a: Mimikyu|76\/100 brn|[from] pokemon: Mimikyu-Busted\n|move|p1a: Mimikyu|Drain Punch|p2a: Zamazenta\n|-damage|p2a: Zamazenta|64\/100\n|-heal|p1a: Mimikyu|91\/100 brn|[from] drain|[of] p2a: Zamazenta\n|\n|-heal|p2a: Zamazenta|70\/100|[from] item: Leftovers\n|-damage|p1a: Mimikyu|85\/100 brn|[from] brn\n|upkeep\n|turn|10\n|\n|t:|1701185885\n|move|p1a: Mimikyu|Shadow Sneak|p2a: Zamazenta\n|-damage|p2a: Zamazenta|54\/100\n|move|p2a: Zamazenta|Heavy Slam|p1a: Mimikyu\n|-supereffective|p1a: Mimikyu\n|-damage|p1a: Mimikyu|0 fnt\n|-damage|p2a: Zamazenta|37\/100|[from] item: Rocky Helmet|[of] p1a: Mimikyu\n|faint|p1a: Mimikyu\n|\n|-heal|p2a: Zamazenta|44\/100|[from] item: Leftovers\n|upkeep\n|\n|t:|1701185899\n|switch|p1a: Palossand|Palossand, M|100\/100\n|turn|11\n|\n|t:|1701185906\n|switch|p2a: Ogerpon|Ogerpon-Wellspring, F|100\/100\n|move|p1a: Palossand|Stealth Rock|p2a: Ogerpon\n|-sidestart|p2: dddddddddddwwwq|move: Stealth Rock\n|\n|upkeep\n|turn|12\n|\n|t:|1701185916\n|move|p2a: Ogerpon|Power Whip|p1a: Palossand\n|-supereffective|p1a: Palossand\n|-damage|p1a: Palossand|0 fnt\n|faint|p1a: Palossand\n|\n|upkeep\n|\n|t:|1701185924\n|switch|p1a: Avalugg|Avalugg, M|100\/100\n|turn|13\n|\n|t:|1701185933\n|move|p2a: Ogerpon|Swords Dance|p2a: Ogerpon\n|-boost|p2a: Ogerpon|atk|2\n|move|p1a: Avalugg|Body Press|p2a: Ogerpon\n|-damage|p2a: Ogerpon|51\/100\n|\n|upkeep\n|turn|14\n|\n|t:|1701185944\n|move|p2a: Ogerpon|Ivy Cudgel|p1a: Avalugg|[anim] Ivy Cudgel Water\n|-crit|p1a: Avalugg\n|-damage|p1a: Avalugg|27\/100\n|move|p1a: Avalugg|Body Press|p2a: Ogerpon\n|-crit|p2a: Ogerpon\n|-damage|p2a: Ogerpon|0 fnt\n|faint|p2a: Ogerpon\n|\n|upkeep\n|\n|t:|1701185956\n|switch|p2a: Iron Moth|Iron Moth|100\/100\n|-damage|p2a: Iron Moth|76\/100|[from] Stealth Rock\n|-enditem|p2a: Iron Moth|Booster Energy\n|-activate|p2a: Iron Moth|ability: Quark Drive|[fromitem]\n|-start|p2a: Iron Moth|quarkdrivespe\n|turn|15\n|inactive|Battle timer is ON: inactive players will automatically lose when time's up. (requested by dddddddddddwwwq)\n|\n|t:|1701185983\n|switch|p1a: Indeedee|Indeedee, M|100\/100\n|-fieldstart|move: Psychic Terrain|[from] ability: Psychic Surge|[of] p1a: Indeedee\n|move|p2a: Iron Moth|Fiery Dance|p1a: Indeedee\n|-damage|p1a: Indeedee|56\/100\n|-boost|p2a: Iron Moth|spa|1\n|\n|-heal|p1a: Indeedee|62\/100|[from] item: Leftovers\n|upkeep\n|turn|16\n|\n|t:|1701186002\n|move|p2a: Iron Moth|Sludge Wave|p1a: Indeedee\n|-damage|p1a: Indeedee|0 fnt\n|faint|p1a: Indeedee\n|\n|upkeep\n|\n|t:|1701186006\n|switch|p1a: Hydreigon|Hydreigon, M|100\/100\n|turn|17\n|\n|t:|1701186012\n|move|p2a: Iron Moth|Sludge Wave|p1a: Hydreigon\n|-damage|p1a: Hydreigon|49\/100\n|-status|p1a: Hydreigon|psn\n|move|p1a: Hydreigon|Earth Power|p2a: Iron Moth\n|-supereffective|p2a: Iron Moth\n|-damage|p2a: Iron Moth|0 fnt\n|faint|p2a: Iron Moth\n|-end|p2a: Iron Moth|Quark Drive|[silent]\n|\n|-damage|p1a: Hydreigon|36\/100 psn|[from] psn\n|upkeep\n|\n|t:|1701186021\n|switch|p2a: Dragapult|Dragapult, M|100\/100\n|turn|18\n|\n|t:|1701186027\n|move|p2a: Dragapult|Hex|p1a: Hydreigon\n|-resisted|p1a: Hydreigon\n|-damage|p1a: Hydreigon|16\/100 psn\n|move|p1a: Hydreigon|Dark Pulse|p2a: Dragapult\n|-supereffective|p2a: Dragapult\n|-damage|p2a: Dragapult|0 fnt\n|faint|p2a: Dragapult\n|\n|-damage|p1a: Hydreigon|3\/100 psn|[from] psn\n|upkeep\n|\n|t:|1701186035\n|switch|p2a: Zamazenta|Zamazenta, tera:Fire|44\/100\n|-damage|p2a: Zamazenta|19\/100|[from] Stealth Rock\n|turn|19\n|\n|t:|1701186044\n|move|p2a: Zamazenta|Body Press|p1a: Hydreigon\n|-supereffective|p1a: Hydreigon\n|-damage|p1a: Hydreigon|0 fnt\n|faint|p1a: Hydreigon\n|\n|-heal|p2a: Zamazenta|25\/100|[from] item: Leftovers\n|-fieldend|move: Psychic Terrain\n|upkeep\n|\n|t:|1701186051\n|switch|p1a: Avalugg|Avalugg, M|27\/100\n|turn|20\n|\n|t:|1701186063\n|move|p2a: Zamazenta|Body Press|p1a: Avalugg\n|-supereffective|p1a: Avalugg\n|-damage|p1a: Avalugg|4\/100\n|-enditem|p1a: Avalugg|Weakness Policy\n|-boost|p1a: Avalugg|atk|2|[from] item: Weakness Policy\n|-boost|p1a: Avalugg|spa|2|[from] item: Weakness Policy\n|move|p1a: Avalugg|Body Press|p2a: Zamazenta\n|-damage|p2a: Zamazenta|0 fnt\n|faint|p2a: Zamazenta\n|\n|upkeep\n|\n|t:|1701186070\n|switch|p2a: Sandy Shocks|Sandy Shocks|100\/100\n|-damage|p2a: Sandy Shocks|94\/100|[from] Stealth Rock\n|-enditem|p2a: Sandy Shocks|Booster Energy\n|-activate|p2a: Sandy Shocks|ability: Protosynthesis|[fromitem]\n|-start|p2a: Sandy Shocks|protosynthesisspe\n|turn|21\n|\n|t:|1701186084\n|move|p2a: Sandy Shocks|Thunderbolt|p1a: Avalugg\n|-damage|p1a: Avalugg|0 fnt\n|faint|p1a: Avalugg\n|\n|win|dddddddddddwwwq\n|raw|Salamandave's rating: 1102 &rarr; <strong>1073<\/strong><br \/>(-29 for losing)\n|raw|dddddddddddwwwq's rating: 1045 &rarr; <strong>1084<\/strong><br \/>(+39 for winning)\n","uploadtime":1701186087,"views":2,"p1id":"salamandave","p2id":"dddddddddddwwwq","formatid":"gen9ou","rating":1073,"private":0,"password":""}