{"id":"gen9ou-1992300353","p1":"rickzzz","p2":"jeeezyjay","format":"[Gen 9] OU","log":"|j|\u2606rickzzz\n|j|\u2606jeeezyjay\n|t:|1700172376\n|gametype|singles\n|player|p1|rickzzz|ash-kalos|\n|player|p2|jeeezyjay|riley|\n|teamsize|p1|6\n|teamsize|p2|6\n|gen|9\n|tier|[Gen 9] OU\n|rule|Sleep Clause Mod: Limit one foe put to sleep\n|rule|Species Clause: Limit one of each Pok\u00e9mon\n|rule|OHKO Clause: OHKO moves are banned\n|rule|Evasion Items Clause: Evasion items are banned\n|rule|Evasion Moves Clause: Evasion moves are banned\n|rule|Endless Battle Clause: Forcing endless battles is banned\n|rule|HP Percentage Mod: HP is shown in percentages\n|clearpoke\n|poke|p1|Umbreon, M|\n|poke|p1|Great Tusk|\n|poke|p1|Iron Moth|\n|poke|p1|Zoroark-Hisui, M|\n|poke|p1|Meowscarada, M|\n|poke|p1|Zapdos|\n|poke|p2|Typhlosion-Hisui, M|\n|poke|p2|Luxray, M|\n|poke|p2|Milotic, F|\n|poke|p2|Dragapult, M|\n|poke|p2|Zoroark-Hisui, F|\n|poke|p2|Sneasler, F|\n|teampreview\n|inactive|Battle timer is ON: inactive players will automatically lose when time's up. (requested by jeeezyjay)\n|\n|t:|1700172395\n|start\n|switch|p1a: Zapdos|Zapdos|100\/100\n|switch|p2a: Luxray|Luxray, M, shiny|100\/100\n|turn|1\n|\n|t:|1700172402\n|move|p2a: Luxray|Hyper Voice|p1a: Zapdos\n|-damage|p1a: Zapdos|51\/100\n|-enditem|p2a: Luxray|Throat Spray\n|-boost|p2a: Luxray|spa|1|[from] item: Throat Spray\n|move|p1a: Zapdos|Heat Wave|p2a: Luxray\n|-damage|p2a: Luxray|31\/100\n|replace|p2a: Zoroark|Zoroark-Hisui, F, shiny\n|-end|p2a: Zoroark|Illusion\n|\n|upkeep\n|turn|2\n|\n|t:|1700172423\n|switch|p1a: Umbreon|Umbreon, M, shiny|100\/100\n|move|p2a: Zoroark|Hyper Voice|p1a: Umbreon\n|-immune|p1a: Umbreon\n|\n|upkeep\n|turn|3\n|\n|t:|1700172428\n|move|p1a: Umbreon|Dark Pulse|p2a: Zoroark\n|-supereffective|p2a: Zoroark\n|-damage|p2a: Zoroark|0 fnt\n|faint|p2a: Zoroark\n|\n|upkeep\n|\n|t:|1700172439\n|switch|p2a: Dragapult|Dragapult, M, shiny|100\/100\n|turn|4\n|\n|t:|1700172450\n|switch|p1a: Zapdos|Zapdos|51\/100\n|move|p2a: Dragapult|Dragon Darts|p1a: Zapdos\n|-damage|p1a: Zapdos|19\/100\n|-anim|p2a: Dragapult|Dragon Darts|p1a: Zapdos\n|-damage|p1a: Zapdos|0 fnt\n|faint|p1a: Zapdos\n|\n|upkeep\n|\n|t:|1700172460\n|switch|p1a: Umbreon|Umbreon, M, shiny|100\/100\n|turn|5\n|\n|t:|1700172469\n|-terastallize|p2a: Dragapult|Fairy\n|move|p2a: Dragapult|Dragon Dance|p2a: Dragapult\n|-boost|p2a: Dragapult|atk|1\n|-boost|p2a: Dragapult|spe|1\n|move|p1a: Umbreon|Foul Play|p2a: Dragapult\n|-resisted|p2a: Dragapult\n|-damage|p2a: Dragapult|46\/100\n|\n|upkeep\n|turn|6\n|\n|t:|1700172476\n|move|p2a: Dragapult|Tera Blast|p1a: Umbreon|[anim] Tera Blast Fairy\n|-supereffective|p1a: Umbreon\n|-damage|p1a: Umbreon|0 fnt\n|faint|p1a: Umbreon\n|\n|upkeep\n|\n|t:|1700172482\n|switch|p1a: Iron Moth|Iron Moth|100\/100\n|-enditem|p1a: Iron Moth|Booster Energy\n|-activate|p1a: Iron Moth|ability: Quark Drive|[fromitem]\n|-start|p1a: Iron Moth|quarkdrivespe\n|turn|7\n|\n|t:|1700172489\n|move|p2a: Dragapult|Phantom Force||[still]\n|-prepare|p2a: Dragapult|Phantom Force\n|-enditem|p2a: Dragapult|Power Herb\n|-anim|p2a: Dragapult|Phantom Force|p1a: Iron Moth\n|-damage|p1a: Iron Moth|2\/100\n|move|p1a: Iron Moth|Fiery Dance|p2a: Dragapult\n|-damage|p2a: Dragapult|0 fnt\n|faint|p2a: Dragapult\n|\n|upkeep\n|\n|t:|1700172501\n|switch|p2a: Luxray|Luxray, M, shiny|100\/100\n|turn|8\n|\n|t:|1700172515\n|move|p1a: Iron Moth|Fiery Dance|p2a: Luxray\n|-damage|p2a: Luxray|49\/100\n|move|p2a: Luxray|Trailblaze|p1a: Iron Moth\n|-resisted|p1a: Iron Moth\n|-damage|p1a: Iron Moth|0 fnt\n|-boost|p2a: Luxray|spe|1\n|faint|p1a: Iron Moth\n|-end|p1a: Iron Moth|Quark Drive|[silent]\n|\n|-status|p2a: Luxray|brn|[from] item: Flame Orb\n|upkeep\n|\n|t:|1700172536\n|switch|p1a: Great Tusk|Great Tusk|100\/100\n|turn|9\n|\n|t:|1700172542\n|move|p2a: Luxray|Facade|p1a: Great Tusk\n|-damage|p1a: Great Tusk|47\/100\n|move|p1a: Great Tusk|Earthquake|p2a: Luxray\n|-supereffective|p2a: Luxray\n|-damage|p2a: Luxray|0 fnt\n|faint|p2a: Luxray\n|\n|upkeep\n|\n|t:|1700172567\n|switch|p2a: Milotic|Milotic, F, shiny|100\/100\n|turn|10\n|\n|t:|1700172581\n|move|p1a: Great Tusk|Earthquake|p2a: Milotic\n|-damage|p2a: Milotic|59\/100\n|move|p2a: Milotic|Scald|p1a: Great Tusk\n|-supereffective|p1a: Great Tusk\n|-damage|p1a: Great Tusk|0 fnt\n|faint|p1a: Great Tusk\n|-end|p1a: Great Tusk|Protosynthesis|[silent]\n|\n|-heal|p2a: Milotic|65\/100|[from] item: Leftovers\n|upkeep\n|inactive|rickzzz has 270 seconds left.\n|\n|t:|1700172604\n|switch|p1a: Meowscarada|Meowscarada, M|100\/100\n|turn|11\n|\n|t:|1700172614\n|move|p1a: Meowscarada|Knock Off|p2a: Milotic\n|-start|p1a: Meowscarada|typechange|Dark|[from] ability: Protean\n|-damage|p2a: Milotic|35\/100\n|-enditem|p2a: Milotic|Leftovers|[from] move: Knock Off|[of] p1a: Meowscarada\n|move|p2a: Milotic|Draining Kiss|p1a: Meowscarada\n|-supereffective|p1a: Meowscarada\n|-damage|p1a: Meowscarada|64\/100\n|-heal|p2a: Milotic|56\/100|[from] drain|[of] p1a: Meowscarada\n|\n|-heal|p1a: Meowscarada|70\/100|[from] item: Leftovers\n|upkeep\n|turn|12\n|\n|t:|1700172632\n|move|p1a: Meowscarada|Knock Off|p2a: Milotic\n|-damage|p2a: Milotic|34\/100\n|move|p2a: Milotic|Draining Kiss|p1a: Meowscarada\n|-supereffective|p1a: Meowscarada\n|-crit|p1a: Meowscarada\n|-damage|p1a: Meowscarada|19\/100\n|-heal|p2a: Milotic|63\/100|[from] drain|[of] p1a: Meowscarada\n|\n|-heal|p1a: Meowscarada|25\/100|[from] item: Leftovers\n|upkeep\n|turn|13\n|\n|t:|1700172640\n|move|p1a: Meowscarada|Flower Trick|p2a: Milotic\n|-supereffective|p2a: Milotic\n|-crit|p2a: Milotic\n|-damage|p2a: Milotic|11\/100\n|move|p2a: Milotic|Recover|p2a: Milotic\n|-heal|p2a: Milotic|61\/100\n|\n|-heal|p1a: Meowscarada|31\/100|[from] item: Leftovers\n|upkeep\n|turn|14\n|\n|t:|1700172645\n|move|p1a: Meowscarada|Flower Trick|p2a: Milotic\n|-supereffective|p2a: Milotic\n|-crit|p2a: Milotic\n|-damage|p2a: Milotic|12\/100\n|move|p2a: Milotic|Draining Kiss|p1a: Meowscarada\n|-supereffective|p1a: Meowscarada\n|-damage|p1a: Meowscarada|0 fnt\n|-heal|p2a: Milotic|29\/100|[from] drain|[of] p1a: Meowscarada\n|faint|p1a: Meowscarada\n|\n|upkeep\n|\n|t:|1700172649\n|switch|p1a: Zoroark|Zoroark-Hisui, M|100\/100\n|turn|15\n|\n|t:|1700172652\n|move|p1a: Zoroark|Hyper Voice|p2a: Milotic\n|-damage|p2a: Milotic|0 fnt\n|faint|p2a: Milotic\n|\n|upkeep\n|\n|t:|1700172660\n|switch|p2a: Sneasler|Sneasler, F|100\/100\n|turn|16\n|\n|t:|1700172668\n|move|p1a: Zoroark|Hyper Voice|p2a: Sneasler\n|-damage|p2a: Sneasler|35\/100\n|move|p2a: Sneasler|Lash Out|p1a: Zoroark\n|-supereffective|p1a: Zoroark\n|-enditem|p1a: Zoroark|Focus Sash\n|-damage|p1a: Zoroark|1\/100\n|\n|upkeep\n|turn|17\n|\n|t:|1700172679\n|move|p1a: Zoroark|Hyper Voice|p2a: Sneasler\n|-damage|p2a: Sneasler|0 fnt\n|faint|p2a: Sneasler\n|\n|upkeep\n|\n|t:|1700172682\n|switch|p2a: Typhlosion|Typhlosion-Hisui, M|100\/100\n|turn|18\n|\n|t:|1700172690\n|move|p1a: Zoroark|Bitter Malice|p2a: Typhlosion\n|-supereffective|p2a: Typhlosion\n|-damage|p2a: Typhlosion|0 fnt\n|faint|p2a: Typhlosion\n|\n|win|rickzzz\n|c|\u2606jeeezyjay|gg\n|c|\u2606rickzzz|gg\n","uploadtime":1700172698,"views":12,"p1id":"rickzzz","p2id":"jeeezyjay","formatid":"gen9ou","rating":0,"private":0,"password":""}