{"id":"gen9ou-1991238624","p1":"jayklod","p2":"picklesaurusdswe","format":"[Gen 9] OU","log":"|j|\u2606jayklod\n|j|\u2606picklesaurusdswe\n|t:|1700060201\n|gametype|singles\n|player|p1|jayklod|ghetsis-gen5bw|1105\n|player|p2|picklesaurusdswe|twins-gen4dp|1000\n|teamsize|p1|6\n|teamsize|p2|6\n|gen|9\n|tier|[Gen 9] OU\n|rated|\n|rule|Sleep Clause Mod: Limit one foe put to sleep\n|rule|Species Clause: Limit one of each Pok\u00e9mon\n|rule|OHKO Clause: OHKO moves are banned\n|rule|Evasion Items Clause: Evasion items are banned\n|rule|Evasion Moves Clause: Evasion moves are banned\n|rule|Endless Battle Clause: Forcing endless battles is banned\n|rule|HP Percentage Mod: HP is shown in percentages\n|clearpoke\n|poke|p1|Iron Moth|\n|poke|p1|Samurott-Hisui, M|\n|poke|p1|Glimmora, M|\n|poke|p1|Dragapult, M|\n|poke|p1|Gholdengo|\n|poke|p1|Kingambit, M|\n|poke|p2|Ogerpon-Wellspring, F|\n|poke|p2|Samurott-Hisui, M|\n|poke|p2|Ursaluna, M|\n|poke|p2|Oricorio-Pom-Pom, M|\n|poke|p2|Lilligant-Hisui, F|\n|poke|p2|Ribombee, F|\n|teampreview\n|\n|t:|1700060207\n|start\n|switch|p1a: sun god|Iron Moth|100\/100\n|switch|p2a: Ribombee|Ribombee, F|100\/100\n|-enditem|p1a: sun god|Booster Energy\n|-activate|p1a: sun god|ability: Quark Drive|[fromitem]\n|-start|p1a: sun god|quarkdrivespe\n|turn|1\n|\n|t:|1700060214\n|move|p1a: sun god|Fiery Dance|p2a: Ribombee\n|-supereffective|p2a: Ribombee\n|-damage|p2a: Ribombee|0 fnt\n|-boost|p1a: sun god|spa|1\n|faint|p2a: Ribombee\n|\n|upkeep\n|\n|t:|1700060221\n|switch|p2a: Ogerpon|Ogerpon-Wellspring, F|100\/100\n|turn|2\n|\n|t:|1700060225\n|move|p1a: sun god|Sludge Wave|p2a: Ogerpon\n|-supereffective|p2a: Ogerpon\n|-damage|p2a: Ogerpon|0 fnt\n|faint|p2a: Ogerpon\n|\n|upkeep\n|\n|t:|1700060232\n|switch|p2a: Samurott|Samurott-Hisui, M|100\/100\n|turn|3\n|\n|t:|1700060239\n|move|p1a: sun god|Dazzling Gleam|p2a: Samurott\n|-supereffective|p2a: Samurott\n|-damage|p2a: Samurott|0 fnt\n|faint|p2a: Samurott\n|\n|upkeep\n|\n|t:|1700060244\n|switch|p2a: Lilligant|Lilligant-Hisui, F|100\/100\n|turn|4\n|\n|t:|1700060252\n|move|p1a: sun god|Psychic|p2a: Lilligant\n|-supereffective|p2a: Lilligant\n|-damage|p2a: Lilligant|0 fnt\n|faint|p2a: Lilligant\n|\n|upkeep\n|\n|t:|1700060257\n|switch|p2a: Oricorio|Oricorio-Pom-Pom, M|100\/100\n|turn|5\n|\n|t:|1700060264\n|move|p1a: sun god|Sludge Wave|p2a: Oricorio\n|-damage|p2a: Oricorio|0 fnt\n|faint|p2a: Oricorio\n|\n|upkeep\n|\n|t:|1700060268\n|switch|p2a: Ursaluna|Ursaluna, M|100\/100\n|turn|6\n|\n|t:|1700060273\n|move|p1a: sun god|Sludge Wave|p2a: Ursaluna\n|-resisted|p2a: Ursaluna\n|-damage|p2a: Ursaluna|71\/100\n|-status|p2a: Ursaluna|psn\n|move|p2a: Ursaluna|Trailblaze|p1a: sun god\n|-resisted|p1a: sun god\n|-damage|p1a: sun god|93\/100\n|-boost|p2a: Ursaluna|spe|1\n|\n|-damage|p2a: Ursaluna|59\/100 psn|[from] psn\n|upkeep\n|turn|7\n|\n|t:|1700060284\n|move|p1a: sun god|Psychic|p2a: Ursaluna\n|-damage|p2a: Ursaluna|16\/100 psn\n|-enditem|p2a: Ursaluna|Aguav Berry|[eat]\n|-heal|p2a: Ursaluna|49\/100 psn|[from] item: Aguav Berry\n|move|p2a: Ursaluna|Fire Punch|p1a: sun god\n|-resisted|p1a: sun god\n|-damage|p1a: sun god|71\/100\n|\n|-damage|p2a: Ursaluna|37\/100 psn|[from] psn\n|upkeep\n|turn|8\n|\n|t:|1700060294\n|move|p1a: sun god|Psychic|p2a: Ursaluna\n|-damage|p2a: Ursaluna|0 fnt\n|faint|p2a: Ursaluna\n|\n|win|jayklod\n|raw|jayklod's rating: 1105 &rarr; <strong>1123<\/strong><br \/>(+18 for winning)\n|raw|picklesaurusdswe's rating: 1000 &rarr; <strong>1000<\/strong><br \/>(+0 for losing)\n|l|\u2606picklesaurusdswe\n","uploadtime":1700060303,"views":6,"p1id":"jayklod","p2id":"picklesaurusdswe","formatid":"gen9ou","rating":1000,"private":0,"password":""}