{"id":"gen9ou-1997281748","p1":"I am Useless Meta","p2":"SwabbyYabby","format":"[Gen 9] OU","log":"|j|\u2606I am Useless Meta\n|j|\u2606SwabbyYabby\n|t:|1700784206\n|gametype|singles\n|player|p1|I am Useless Meta|kieran-festival|1364\n|player|p2|SwabbyYabby|102|1330\n|teamsize|p1|6\n|teamsize|p2|6\n|gen|9\n|tier|[Gen 9] OU\n|rated|\n|rule|Sleep Clause Mod: Limit one foe put to sleep\n|rule|Species Clause: Limit one of each Pok\u00e9mon\n|rule|OHKO Clause: OHKO moves are banned\n|rule|Evasion Items Clause: Evasion items are banned\n|rule|Evasion Moves Clause: Evasion moves are banned\n|rule|Endless Battle Clause: Forcing endless battles is banned\n|rule|HP Percentage Mod: HP is shown in percentages\n|clearpoke\n|poke|p1|Ting-Lu|\n|poke|p1|Alomomola, F|\n|poke|p1|Glastrier|\n|poke|p1|Corviknight, M|\n|poke|p1|Indeedee, M|\n|poke|p1|Gholdengo|\n|poke|p2|Cinderace, M|\n|poke|p2|Samurott-Hisui, M|\n|poke|p2|Gholdengo|\n|poke|p2|Rillaboom, F|\n|poke|p2|Slowking-Galar, F|\n|poke|p2|Zapdos|\n|teampreview\n|inactive|Battle timer is ON: inactive players will automatically lose when time's up. (requested by I am Useless Meta)\n|\n|t:|1700784227\n|start\n|switch|p1a: Corviknight|Corviknight, M|100\/100\n|switch|p2a: Samurott|Samurott-Hisui, M|100\/100\n|-ability|p1a: Corviknight|Pressure\n|turn|1\n|\n|t:|1700784236\n|move|p2a: Samurott|Ceaseless Edge|p1a: Corviknight|[miss]\n|-miss|p2a: Samurott|p1a: Corviknight\n|move|p1a: Corviknight|U-turn|p2a: Samurott\n|-supereffective|p2a: Samurott\n|-damage|p2a: Samurott|65\/100\n|inactive|I am Useless Meta has 120 seconds left.\n|\n|t:|1700784279\n|switch|p1a: Ting-Lu|Ting-Lu|100\/100|[from] U-turn\n|-ability|p1a: Ting-Lu|Vessel of Ruin\n|\n|upkeep\n|turn|2\n|\n|t:|1700784285\n|move|p2a: Samurott|Razor Shell|p1a: Ting-Lu\n|-supereffective|p1a: Ting-Lu\n|-damage|p1a: Ting-Lu|42\/100\n|-enditem|p1a: Ting-Lu|Weakness Policy\n|-boost|p1a: Ting-Lu|atk|2|[from] item: Weakness Policy\n|-boost|p1a: Ting-Lu|spa|2|[from] item: Weakness Policy\n|move|p1a: Ting-Lu|Earthquake|p2a: Samurott\n|-damage|p2a: Samurott|0 fnt\n|faint|p2a: Samurott\n|\n|upkeep\n|\n|t:|1700784296\n|switch|p2a: Rillaboom|Rillaboom, F|100\/100\n|-fieldstart|move: Grassy Terrain|[from] ability: Grassy Surge|[of] p2a: Rillaboom\n|turn|3\n|\n|t:|1700784299\n|switch|p2a: Zapdos|Zapdos|100\/100\n|-terastallize|p1a: Ting-Lu|Dark\n|move|p1a: Ting-Lu|Throat Chop|p2a: Zapdos\n|-damage|p2a: Zapdos|29\/100\n|-start|p2a: Zapdos|Throat Chop|[silent]\n|\n|-heal|p1a: Ting-Lu|48\/100|[from] Grassy Terrain\n|upkeep\n|turn|4\n|inactive|SwabbyYabby has 120 seconds left.\n|\n|t:|1700784346\n|move|p2a: Zapdos|Hurricane|p1a: Ting-Lu\n|-damage|p1a: Ting-Lu|19\/100\n|move|p1a: Ting-Lu|Throat Chop|p2a: Zapdos\n|-damage|p2a: Zapdos|0 fnt\n|-status|p1a: Ting-Lu|par|[from] ability: Static|[of] p2a: Zapdos\n|faint|p2a: Zapdos\n|\n|-heal|p1a: Ting-Lu|25\/100 par|[from] Grassy Terrain\n|upkeep\n|inactive|SwabbyYabby has 90 seconds left.\n|\n|t:|1700784370\n|switch|p2a: Rillaboom|Rillaboom, F|100\/100\n|turn|5\n|\n|t:|1700784378\n|move|p2a: Rillaboom|Hammer Arm|p1a: Ting-Lu\n|-supereffective|p1a: Ting-Lu\n|-damage|p1a: Ting-Lu|0 fnt\n|-unboost|p2a: Rillaboom|spe|1\n|faint|p1a: Ting-Lu\n|\n|upkeep\n|\n|t:|1700784398\n|switch|p1a: Corviknight|Corviknight, M|100\/100\n|-ability|p1a: Corviknight|Pressure\n|turn|6\n|\n|t:|1700784404\n|switch|p2a: Gholdengo|Gholdengo|100\/100\n|move|p1a: Corviknight|U-turn|p2a: Gholdengo\n|-resisted|p2a: Gholdengo\n|-damage|p2a: Gholdengo|96\/100\n|\n|t:|1700784415\n|switch|p1a: Indeedee|Indeedee, M|100\/100|[from] U-turn\n|-fieldstart|move: Psychic Terrain|[from] ability: Psychic Surge|[of] p1a: Indeedee\n|\n|upkeep\n|turn|7\n|inactive|SwabbyYabby has 120 seconds left.\n|\n|t:|1700784427\n|switch|p2a: Slowking|Slowking-Galar, F|100\/100\n|move|p1a: Indeedee|Trick Room|p1a: Indeedee\n|-fieldstart|move: Trick Room|[of] p1a: Indeedee\n|\n|upkeep\n|turn|8\n|inactive|SwabbyYabby has 120 seconds left.\n|\n|t:|1700784438\n|switch|p1a: Glastrier|Glastrier|100\/100\n|-enditem|p1a: Glastrier|Psychic Seed\n|-boost|p1a: Glastrier|spd|1|[from] item: Psychic Seed\n|move|p2a: Slowking|Future Sight|p1a: Glastrier\n|-start|p2a: Slowking|move: Future Sight\n|\n|upkeep\n|turn|9\n|inactive|SwabbyYabby has 120 seconds left.\n|\n|t:|1700784447\n|move|p2a: Slowking|Chilly Reception|p2a: Slowking\n|-weather|Snow\n|inactive|SwabbyYabby has 120 seconds left.\n|c|\u2606SwabbyYabby|Oops\n|\n|t:|1700784471\n|switch|p2a: Cinderace|Cinderace, M|100\/100|[from] Chilly Reception\n|move|p1a: Glastrier|Swords Dance|p1a: Glastrier\n|-boost|p1a: Glastrier|atk|2\n|\n|-weather|Snow|[upkeep]\n|upkeep\n|turn|10\n|\n|t:|1700784479\n|switch|p2a: Rillaboom|Rillaboom, F|100\/100\n|-fieldstart|move: Grassy Terrain|[from] ability: Grassy Surge|[of] p2a: Rillaboom\n|move|p1a: Glastrier|High Horsepower|p2a: Rillaboom\n|-resisted|p2a: Rillaboom\n|-damage|p2a: Rillaboom|57\/100\n|\n|-weather|Snow|[upkeep]\n|-end|p1a: Glastrier|move: Future Sight\n|-damage|p1a: Glastrier|76\/100\n|-heal|p1a: Glastrier|82\/100|[from] Grassy Terrain\n|-heal|p2a: Rillaboom|64\/100|[from] Grassy Terrain\n|upkeep\n|turn|11\n|\n|t:|1700784496\n|switch|p2a: Gholdengo|Gholdengo|96\/100\n|move|p1a: Glastrier|High Horsepower|p2a: Gholdengo\n|-supereffective|p2a: Gholdengo\n|-damage|p2a: Gholdengo|0 fnt\n|faint|p2a: Gholdengo\n|-ability|p1a: Glastrier|Chilling Neigh|boost\n|-boost|p1a: Glastrier|atk|1\n|\n|-weather|Snow|[upkeep]\n|-heal|p1a: Glastrier|89\/100|[from] Grassy Terrain\n|-fieldend|move: Trick Room\n|upkeep\n|\n|t:|1700784505\n|switch|p2a: Cinderace|Cinderace, M|100\/100\n|turn|12\n|\n|t:|1700784510\n|move|p2a: Cinderace|Pyro Ball|p1a: Glastrier|[miss]\n|-miss|p2a: Cinderace|p1a: Glastrier\n|move|p1a: Glastrier|Icicle Crash|p2a: Cinderace\n|-resisted|p2a: Cinderace\n|-damage|p2a: Cinderace|10\/100\n|\n|-weather|Snow|[upkeep]\n|-heal|p2a: Cinderace|16\/100|[from] Grassy Terrain\n|-heal|p1a: Glastrier|95\/100|[from] Grassy Terrain\n|upkeep\n|turn|13\n|\n|t:|1700784519\n|move|p2a: Cinderace|Pyro Ball|p1a: Glastrier\n|-supereffective|p1a: Glastrier\n|-damage|p1a: Glastrier|43\/100\n|move|p1a: Glastrier|High Horsepower|p2a: Cinderace\n|-supereffective|p2a: Cinderace\n|-damage|p2a: Cinderace|0 fnt\n|faint|p2a: Cinderace\n|-ability|p1a: Glastrier|Chilling Neigh|boost\n|-boost|p1a: Glastrier|atk|1\n|\n|-weather|none\n|-heal|p1a: Glastrier|49\/100|[from] Grassy Terrain\n|upkeep\n|\n|t:|1700784524\n|switch|p2a: Rillaboom|Rillaboom, F|64\/100\n|turn|14\n|\n|t:|1700784526\n|move|p2a: Rillaboom|Wood Hammer|p1a: Glastrier\n|-damage|p1a: Glastrier|0 fnt\n|faint|p1a: Glastrier\n|-damage|p2a: Rillaboom|46\/100|[from] Recoil\n|\n|-heal|p2a: Rillaboom|52\/100|[from] Grassy Terrain\n|-fieldend|move: Grassy Terrain\n|upkeep\n|\n|t:|1700784533\n|switch|p1a: Corviknight|Corviknight, M|100\/100\n|-ability|p1a: Corviknight|Pressure\n|turn|15\n|\n|t:|1700784535\n|switch|p2a: Slowking|Slowking-Galar, F|100\/100\n|move|p1a: Corviknight|Brave Bird|p2a: Slowking\n|-damage|p2a: Slowking|63\/100\n|-damage|p1a: Corviknight|88\/100|[from] Recoil\n|\n|upkeep\n|turn|16\n|\n|t:|1700784544\n|move|p1a: Corviknight|Brave Bird|p2a: Slowking\n|-damage|p2a: Slowking|26\/100\n|-damage|p1a: Corviknight|76\/100|[from] Recoil\n|move|p2a: Slowking|Chilly Reception|p2a: Slowking\n|-weather|Snow\n|\n|t:|1700784546\n|switch|p2a: Rillaboom|Rillaboom, F|52\/100|[from] Chilly Reception\n|-fieldstart|move: Grassy Terrain|[from] ability: Grassy Surge|[of] p2a: Rillaboom\n|\n|-weather|Snow|[upkeep]\n|-heal|p2a: Rillaboom|59\/100|[from] Grassy Terrain\n|upkeep\n|turn|17\n|\n|t:|1700784551\n|move|p2a: Rillaboom|Knock Off|p1a: Corviknight\n|-damage|p1a: Corviknight|49\/100\n|-damage|p2a: Rillaboom|42\/100|[from] item: Rocky Helmet|[of] p1a: Corviknight\n|-enditem|p1a: Corviknight|Rocky Helmet|[from] move: Knock Off|[of] p2a: Rillaboom\n|move|p1a: Corviknight|Brave Bird|p2a: Rillaboom\n|-supereffective|p2a: Rillaboom\n|-damage|p2a: Rillaboom|0 fnt\n|faint|p2a: Rillaboom\n|-damage|p1a: Corviknight|37\/100|[from] Recoil\n|\n|-weather|Snow|[upkeep]\n|upkeep\n|-message|SwabbyYabby forfeited.\n|\n|win|I am Useless Meta\n|raw|I am Useless Meta's rating: 1364 &rarr; <strong>1382<\/strong><br \/>(+18 for winning)\n|raw|SwabbyYabby's rating: 1330 &rarr; <strong>1312<\/strong><br \/>(-18 for losing)\n|l|\u2606SwabbyYabby\n","uploadtime":1700784564,"views":24,"p1id":"iamuselessmeta","p2id":"swabbyyabby","formatid":"gen9ou","rating":1312,"private":0,"password":""}