{"id":"gen9ou-1997103433","p1":"TheRayVGC","p2":"sir galigus","format":"[Gen 9] OU","log":"|j|\u2606TheRayVGC\n|j|\u2606sir galigus\n|t:|1700764837\n|gametype|singles\n|player|p1|TheRayVGC|elesa|1551\n|player|p2|sir galigus|steven|1608\n|teamsize|p1|6\n|teamsize|p2|6\n|gen|9\n|tier|[Gen 9] OU\n|rated|\n|rule|Sleep Clause Mod: Limit one foe put to sleep\n|rule|Species Clause: Limit one of each Pok\u00e9mon\n|rule|OHKO Clause: OHKO moves are banned\n|rule|Evasion Items Clause: Evasion items are banned\n|rule|Evasion Moves Clause: Evasion moves are banned\n|rule|Endless Battle Clause: Forcing endless battles is banned\n|rule|HP Percentage Mod: HP is shown in percentages\n|clearpoke\n|poke|p1|Great Tusk|\n|poke|p1|Torkoal, M|\n|poke|p1|Walking Wake|\n|poke|p1|Slowking-Galar, M|\n|poke|p1|Ceruledge, F|\n|poke|p1|Iron Moth|\n|poke|p2|Meloetta|\n|poke|p2|Meowscarada, M|\n|poke|p2|Alomomola, F|\n|poke|p2|Muk-Alola, F|\n|poke|p2|Weezing-Galar, M|\n|poke|p2|Dragapult, F|\n|teampreview\n|inactive|Battle timer is ON: inactive players will automatically lose when time's up. (requested by sir galigus)\n|\n|t:|1700764847\n|start\n|switch|p1a: One Button Wonder|Walking Wake|100\/100\n|switch|p2a: Meloetta|Meloetta|100\/100\n|turn|1\n|\n|t:|1700764851\n|move|p1a: One Button Wonder|Flip Turn|p2a: Meloetta\n|-damage|p2a: Meloetta|80\/100\n|\n|t:|1700764855\n|-end|p1a: One Button Wonder|Protosynthesis|[silent]\n|switch|p1a: I 1v1 this|Slowking-Galar, M|100\/100|[from] Flip Turn\n|move|p2a: Meloetta|Psychic|p1a: I 1v1 this\n|-damage|p1a: I 1v1 this|81\/100\n|\n|upkeep\n|turn|2\n|\n|t:|1700764860\n|move|p2a: Meloetta|Knock Off|p1a: I 1v1 this\n|-supereffective|p1a: I 1v1 this\n|-damage|p1a: I 1v1 this|35\/100\n|-enditem|p1a: I 1v1 this|Assault Vest|[from] move: Knock Off|[of] p2a: Meloetta\n|move|p1a: I 1v1 this|Sludge Bomb|p2a: Meloetta\n|-damage|p2a: Meloetta|56\/100\n|\n|upkeep\n|turn|3\n|\n|t:|1700764873\n|switch|p2a: Weezing|Weezing-Galar, M, shiny|100\/100\n|-ability|p2a: Weezing|Neutralizing Gas\n|move|p1a: I 1v1 this|Sludge Bomb|p2a: Weezing\n|-damage|p2a: Weezing|54\/100\n|\n|upkeep\n|turn|4\n|\n|t:|1700764878\n|move|p2a: Weezing|Will-O-Wisp|p1a: I 1v1 this|[miss]\n|-miss|p2a: Weezing|p1a: I 1v1 this\n|move|p1a: I 1v1 this|Psyshock|p2a: Weezing\n|-supereffective|p2a: Weezing\n|-damage|p2a: Weezing|7\/100\n|\n|upkeep\n|turn|5\n|\n|t:|1700764882\n|-end|p2a: Weezing|ability: Neutralizing Gas\n|switch|p2a: Meowscarada|Meowscarada, M|100\/100\n|move|p1a: I 1v1 this|Sludge Bomb|p2a: Meowscarada\n|-supereffective|p2a: Meowscarada\n|-damage|p2a: Meowscarada|0 fnt\n|faint|p2a: Meowscarada\n|\n|upkeep\n|\n|t:|1700764887\n|switch|p2a: Dragapult|Dragapult, F|100\/100\n|turn|6\n|\n|t:|1700764894\n|switch|p1a: T=r*F*sin(theta)|Torkoal, M|100\/100\n|-weather|SunnyDay|[from] ability: Drought|[of] p1a: T=r*F*sin(theta)\n|-terastallize|p2a: Dragapult|Ghost\n|move|p2a: Dragapult|Shadow Ball|p1a: T=r*F*sin(theta)\n|-damage|p1a: T=r*F*sin(theta)|53\/100\n|\n|-weather|SunnyDay|[upkeep]\n|upkeep\n|turn|7\n|\n|t:|1700764901\n|switch|p1a: I 1v1 this|Slowking-Galar, M|68\/100\n|move|p2a: Dragapult|Shadow Ball|p1a: I 1v1 this\n|-supereffective|p1a: I 1v1 this\n|-damage|p1a: I 1v1 this|5\/100\n|\n|-weather|SunnyDay|[upkeep]\n|upkeep\n|turn|8\n|\n|t:|1700764904\n|move|p2a: Dragapult|Shadow Ball|p1a: I 1v1 this\n|-supereffective|p1a: I 1v1 this\n|-damage|p1a: I 1v1 this|0 fnt\n|faint|p1a: I 1v1 this\n|\n|-weather|SunnyDay|[upkeep]\n|upkeep\n|\n|t:|1700764906\n|switch|p1a: One Button Wonder|Walking Wake|100\/100\n|-activate|p1a: One Button Wonder|ability: Protosynthesis\n|-start|p1a: One Button Wonder|protosynthesisspe\n|turn|9\n|\n|t:|1700764910\n|switch|p2a: Muk|Muk-Alola, F|100\/100\n|-terastallize|p1a: One Button Wonder|Water\n|move|p1a: One Button Wonder|Hydro Steam|p2a: Muk\n|-crit|p2a: Muk\n|-damage|p2a: Muk|23\/100\n|\n|-weather|SunnyDay|[upkeep]\n|upkeep\n|turn|10\n|\n|t:|1700764915\n|switch|p2a: Weezing|Weezing-Galar, M, shiny|7\/100\n|-ability|p2a: Weezing|Neutralizing Gas\n|move|p1a: One Button Wonder|Hydro Steam|p2a: Weezing\n|-damage|p2a: Weezing|0 fnt\n|faint|p2a: Weezing\n|-end|p2a: Weezing|ability: Neutralizing Gas\n|\n|-weather|SunnyDay|[upkeep]\n|upkeep\n|\n|t:|1700764918\n|switch|p2a: Alomomola|Alomomola, F|100\/100\n|turn|11\n|\n|t:|1700764922\n|move|p2a: Alomomola|Protect|p2a: Alomomola\n|-singleturn|p2a: Alomomola|Protect\n|move|p1a: One Button Wonder|Hydro Steam|p2a: Alomomola\n|-activate|p2a: Alomomola|move: Protect\n|\n|-weather|SunnyDay|[upkeep]\n|upkeep\n|turn|12\n|\n|t:|1700764925\n|move|p1a: One Button Wonder|Hydro Steam|p2a: Alomomola\n|-resisted|p2a: Alomomola\n|-damage|p2a: Alomomola|39\/100\n|move|p2a: Alomomola|Mirror Coat|p1a: One Button Wonder\n|-damage|p1a: One Button Wonder|0 fnt\n|faint|p1a: One Button Wonder\n|-end|p1a: One Button Wonder|Protosynthesis|[silent]\n|\n|-weather|SunnyDay|[upkeep]\n|upkeep\n|\n|t:|1700764936\n|switch|p1a: Iron Moth|Iron Moth|100\/100\n|-enditem|p1a: Iron Moth|Booster Energy\n|-activate|p1a: Iron Moth|ability: Quark Drive|[fromitem]\n|-start|p1a: Iron Moth|quarkdrivespe\n|turn|13\n|\n|t:|1700764943\n|move|p1a: Iron Moth|Sludge Wave|p2a: Alomomola\n|-damage|p2a: Alomomola|0 fnt\n|faint|p2a: Alomomola\n|\n|-weather|none\n|upkeep\n|\n|t:|1700764948\n|switch|p2a: Meloetta|Meloetta|56\/100\n|turn|14\n|\n|t:|1700764957\n|-end|p1a: Iron Moth|Quark Drive|[silent]\n|switch|p1a: T=r*F*sin(theta)|Torkoal, M|53\/100\n|-weather|SunnyDay|[from] ability: Drought|[of] p1a: T=r*F*sin(theta)\n|move|p2a: Meloetta|Psychic|p1a: T=r*F*sin(theta)\n|-damage|p1a: T=r*F*sin(theta)|15\/100\n|\n|-weather|SunnyDay|[upkeep]\n|upkeep\n|turn|15\n|\n|t:|1700764967\n|move|p2a: Meloetta|Psychic|p1a: T=r*F*sin(theta)\n|-damage|p1a: T=r*F*sin(theta)|0 fnt\n|faint|p1a: T=r*F*sin(theta)\n|\n|-weather|SunnyDay|[upkeep]\n|upkeep\n|\n|t:|1700764971\n|switch|p1a: Poltersheist|Ceruledge, F|100\/100\n|turn|16\n|\n|t:|1700764979\n|move|p2a: Meloetta|Psychic|p1a: Poltersheist\n|-damage|p1a: Poltersheist|51\/100\n|move|p1a: Poltersheist|Swords Dance|p1a: Poltersheist\n|-boost|p1a: Poltersheist|atk|2\n|\n|-weather|SunnyDay|[upkeep]\n|upkeep\n|turn|17\n|\n|t:|1700764985\n|move|p2a: Meloetta|Knock Off|p1a: Poltersheist\n|-supereffective|p1a: Poltersheist\n|-damage|p1a: Poltersheist|0 fnt\n|-enditem|p1a: Poltersheist|Focus Sash|[from] move: Knock Off|[of] p2a: Meloetta\n|faint|p1a: Poltersheist\n|\n|-weather|SunnyDay|[upkeep]\n|upkeep\n|\n|t:|1700764988\n|switch|p1a: Iron Moth|Iron Moth|100\/100\n|turn|18\n|\n|t:|1700764993\n|move|p1a: Iron Moth|Fiery Dance|p2a: Meloetta\n|-damage|p2a: Meloetta|21\/100\n|-boost|p1a: Iron Moth|spa|1\n|move|p2a: Meloetta|Psychic|p1a: Iron Moth\n|-supereffective|p1a: Iron Moth\n|-damage|p1a: Iron Moth|12\/100\n|\n|-weather|SunnyDay|[upkeep]\n|upkeep\n|turn|19\n|\n|t:|1700765005\n|switch|p2a: Muk|Muk-Alola, F|23\/100\n|move|p1a: Iron Moth|Fiery Dance|p2a: Muk\n|-damage|p2a: Muk|0 fnt\n|faint|p2a: Muk\n|\n|-weather|SunnyDay|[upkeep]\n|upkeep\n|\n|t:|1700765007\n|switch|p2a: Dragapult|Dragapult, F, tera:Ghost|100\/100\n|turn|20\n|c|\u2606TheRayVGC|well damn she's weak as shit\n|c|\u2606TheRayVGC|should have just stayed in\n|\n|t:|1700765019\n|move|p2a: Dragapult|Shadow Ball|p1a: Iron Moth\n|-damage|p1a: Iron Moth|0 fnt\n|faint|p1a: Iron Moth\n|-end|p1a: Iron Moth|Quark Drive|[silent]\n|\n|-weather|SunnyDay|[upkeep]\n|upkeep\n|\n|t:|1700765022\n|switch|p1a: Necessary Evil|Great Tusk|100\/100\n|-activate|p1a: Necessary Evil|ability: Protosynthesis\n|-start|p1a: Necessary Evil|protosynthesisdef\n|turn|21\n|j| ScrubMan686\n|\n|t:|1700765027\n|move|p2a: Dragapult|Shadow Ball|p1a: Necessary Evil\n|-damage|p1a: Necessary Evil|58\/100\n|move|p1a: Necessary Evil|Knock Off|p2a: Dragapult\n|-supereffective|p2a: Dragapult\n|-damage|p2a: Dragapult|24\/100\n|-enditem|p2a: Dragapult|Choice Scarf|[from] move: Knock Off|[of] p1a: Necessary Evil\n|\n|-weather|none\n|-end|p1a: Necessary Evil|Protosynthesis\n|upkeep\n|turn|22\n|\n|t:|1700765033\n|move|p2a: Dragapult|Shadow Ball|p1a: Necessary Evil\n|-damage|p1a: Necessary Evil|21\/100\n|move|p1a: Necessary Evil|Knock Off|p2a: Dragapult\n|-supereffective|p2a: Dragapult\n|-damage|p2a: Dragapult|0 fnt\n|faint|p2a: Dragapult\n|\n|upkeep\n|\n|t:|1700765036\n|switch|p2a: Meloetta|Meloetta|21\/100\n|turn|23\n|\n|t:|1700765044\n|move|p2a: Meloetta|Relic Song|p1a: Necessary Evil\n|-damage|p1a: Necessary Evil|0 fnt\n|faint|p1a: Necessary Evil\n|-end|p1a: Necessary Evil|Protosynthesis|[silent]\n|-formechange|p2a: Meloetta|Meloetta-Pirouette|[msg]\n|\n|win|sir galigus\n|raw|TheRayVGC's rating: 1551 &rarr; <strong>1534<\/strong><br \/>(-17 for losing)\n|raw|sir galigus's rating: 1608 &rarr; <strong>1625<\/strong><br \/>(+17 for winning)\n","uploadtime":1700765010,"views":4,"p1id":"therayvgc","p2id":"sirgaligus","formatid":"gen9ou","rating":1534,"private":0,"password":""}