{"id":"gen9ou-1996340252","p1":"Winterchillz","p2":"Gible808","format":"[Gen 9] OU","log":"|j|\u2606Winterchillz\n|j|\u2606Gible808\n|t:|1700672750\n|gametype|singles\n|player|p1|Winterchillz|teacher|1501\n|player|p2|Gible808|cyclistf-gen4|1590\n|teamsize|p1|6\n|teamsize|p2|6\n|gen|9\n|tier|[Gen 9] OU\n|rated|\n|rule|Sleep Clause Mod: Limit one foe put to sleep\n|rule|Species Clause: Limit one of each Pok\u00e9mon\n|rule|OHKO Clause: OHKO moves are banned\n|rule|Evasion Items Clause: Evasion items are banned\n|rule|Evasion Moves Clause: Evasion moves are banned\n|rule|Endless Battle Clause: Forcing endless battles is banned\n|rule|HP Percentage Mod: HP is shown in percentages\n|clearpoke\n|poke|p1|Garganacl, F|\n|poke|p1|Great Tusk|\n|poke|p1|Gholdengo|\n|poke|p1|Iron Valiant|\n|poke|p1|Dragonite, F|\n|poke|p1|Zapdos|\n|poke|p2|Corviknight, F|\n|poke|p2|Clodsire, F|\n|poke|p2|Dragapult, M|\n|poke|p2|Kingambit, F|\n|poke|p2|Iron Valiant|\n|poke|p2|Azumarill, M|\n|teampreview\n|\n|t:|1700672771\n|start\n|switch|p1a: Great Tusk|Great Tusk|100\/100\n|switch|p2a: Azumarill|Azumarill, M|100\/100\n|turn|1\n|inactive|Battle timer is ON: inactive players will automatically lose when time's up. (requested by Winterchillz)\n|\n|t:|1700672779\n|-end|p1a: Great Tusk|Protosynthesis|[silent]\n|switch|p1a: Zapdos|Zapdos|100\/100\n|move|p2a: Azumarill|Ice Spinner|p1a: Zapdos\n|-supereffective|p1a: Zapdos\n|-damage|p1a: Zapdos|35\/100\n|\n|upkeep\n|turn|2\n|\n|t:|1700672783\n|move|p1a: Zapdos|Roost|p1a: Zapdos\n|-heal|p1a: Zapdos|85\/100\n|-singleturn|p1a: Zapdos|move: Roost\n|move|p2a: Azumarill|Ice Spinner|p1a: Zapdos\n|-damage|p1a: Zapdos|54\/100\n|-status|p2a: Azumarill|par|[from] ability: Static|[of] p1a: Zapdos\n|\n|upkeep\n|turn|3\n|\n|t:|1700672789\n|switch|p2a: Clodsire|Clodsire, F|100\/100\n|move|p1a: Zapdos|Roost|p1a: Zapdos\n|-heal|p1a: Zapdos|100\/100\n|-singleturn|p1a: Zapdos|move: Roost\n|\n|upkeep\n|turn|4\n|\n|t:|1700672795\n|switch|p1a: Garganacl|Garganacl, F|100\/100\n|move|p2a: Clodsire|Stealth Rock|p1a: Garganacl\n|-sidestart|p1: Winterchillz|move: Stealth Rock\n|\n|upkeep\n|turn|5\n|\n|t:|1700672803\n|move|p1a: Garganacl|Curse|p1a: Garganacl\n|-unboost|p1a: Garganacl|spe|1\n|-boost|p1a: Garganacl|atk|1\n|-boost|p1a: Garganacl|def|1\n|move|p2a: Clodsire|Earthquake|p1a: Garganacl\n|-supereffective|p1a: Garganacl\n|-damage|p1a: Garganacl|72\/100\n|\n|-heal|p1a: Garganacl|78\/100|[from] item: Leftovers\n|upkeep\n|turn|6\n|j| Modachi\n|\n|t:|1700672811\n|move|p2a: Clodsire|Earthquake|p1a: Garganacl\n|-supereffective|p1a: Garganacl\n|-damage|p1a: Garganacl|49\/100\n|move|p1a: Garganacl|Curse|p1a: Garganacl\n|-unboost|p1a: Garganacl|spe|1\n|-boost|p1a: Garganacl|atk|1\n|-boost|p1a: Garganacl|def|1\n|\n|-heal|p1a: Garganacl|55\/100|[from] item: Leftovers\n|upkeep\n|turn|7\n|\n|t:|1700672822\n|switch|p2a: Iron Valiant|Iron Valiant|100\/100\n|move|p1a: Garganacl|Recover|p1a: Garganacl\n|-heal|p1a: Garganacl|100\/100\n|\n|upkeep\n|turn|8\n|\n|t:|1700672827\n|move|p2a: Iron Valiant|Trick|p1a: Garganacl\n|-activate|p2a: Iron Valiant|move: Trick|[of] p1a: Garganacl\n|-item|p1a: Garganacl|Choice Specs|[from] move: Trick\n|-item|p2a: Iron Valiant|Leftovers|[from] move: Trick\n|move|p1a: Garganacl|Earthquake|p2a: Iron Valiant\n|-damage|p2a: Iron Valiant|38\/100\n|\n|-heal|p2a: Iron Valiant|44\/100|[from] item: Leftovers\n|upkeep\n|turn|9\n|\n|t:|1700672833\n|-end|p2a: Iron Valiant|Quark Drive|[silent]\n|switch|p2a: Corviknight|Corviknight, F|100\/100\n|-ability|p2a: Corviknight|Pressure\n|move|p1a: Garganacl|Earthquake|p2a: Corviknight\n|-immune|p2a: Corviknight\n|\n|upkeep\n|turn|10\n|\n|t:|1700672840\n|switch|p2a: Clodsire|Clodsire, F|100\/100\n|switch|p1a: Zapdos|Zapdos|100\/100\n|\n|upkeep\n|turn|11\n|\n|t:|1700672844\n|switch|p1a: Garganacl|Garganacl, F|100\/100\n|-damage|p1a: Garganacl|88\/100|[from] Stealth Rock\n|move|p2a: Clodsire|Toxic|p1a: Garganacl\n|-immune|p1a: Garganacl|[from] ability: Purifying Salt\n|\n|upkeep\n|turn|12\n|l| Modachi\n|\n|t:|1700672847\n|move|p1a: Garganacl|Salt Cure|p2a: Clodsire\n|-resisted|p2a: Clodsire\n|-damage|p2a: Clodsire|93\/100\n|-start|p2a: Clodsire|Salt Cure\n|move|p2a: Clodsire|Earthquake|p1a: Garganacl\n|-supereffective|p1a: Garganacl\n|-damage|p1a: Garganacl|58\/100\n|\n|-heal|p2a: Clodsire|99\/100|[from] item: Leftovers\n|-damage|p2a: Clodsire|87\/100|[from] Salt Cure\n|upkeep\n|turn|13\n|\n|t:|1700672854\n|switch|p1a: Gholdengo|Gholdengo|100\/100\n|-damage|p1a: Gholdengo|94\/100|[from] Stealth Rock\n|-item|p1a: Gholdengo|Air Balloon\n|move|p2a: Clodsire|Earthquake|p1a: Gholdengo\n|-immune|p1a: Gholdengo\n|\n|-heal|p2a: Clodsire|93\/100|[from] item: Leftovers\n|-damage|p2a: Clodsire|81\/100|[from] Salt Cure\n|upkeep\n|turn|14\n|\n|t:|1700672868\n|switch|p1a: Great Tusk|Great Tusk|100\/100\n|switch|p2a: Azumarill|Azumarill, M|100\/100 par\n|\n|upkeep\n|turn|15\n|\n|t:|1700672873\n|-end|p1a: Great Tusk|Protosynthesis|[silent]\n|switch|p1a: Zapdos|Zapdos|100\/100\n|cant|p2a: Azumarill|par\n|\n|upkeep\n|turn|16\n|\n|t:|1700672878\n|switch|p2a: Clodsire|Clodsire, F|81\/100\n|move|p1a: Zapdos|Hurricane|p2a: Clodsire\n|-damage|p2a: Clodsire|57\/100\n|\n|-heal|p2a: Clodsire|63\/100|[from] item: Leftovers\n|upkeep\n|turn|17\n|\n|t:|1700672880\n|switch|p1a: Gholdengo|Gholdengo|94\/100\n|-damage|p1a: Gholdengo|88\/100|[from] Stealth Rock\n|-item|p1a: Gholdengo|Air Balloon\n|move|p2a: Clodsire|Recover|p2a: Clodsire\n|-heal|p2a: Clodsire|100\/100\n|\n|upkeep\n|turn|18\n|\n|t:|1700672888\n|switch|p2a: Kingambit|Kingambit, F|100\/100\n|move|p1a: Gholdengo|Shadow Ball|p2a: Kingambit\n|-resisted|p2a: Kingambit\n|-damage|p2a: Kingambit|80\/100\n|\n|-heal|p2a: Kingambit|86\/100|[from] item: Leftovers\n|upkeep\n|turn|19\n|\n|t:|1700672897\n|switch|p1a: Great Tusk|Great Tusk|100\/100\n|move|p2a: Kingambit|Iron Head|p1a: Great Tusk\n|-damage|p1a: Great Tusk|64\/100\n|\n|-heal|p2a: Kingambit|92\/100|[from] item: Leftovers\n|upkeep\n|turn|20\n|\n|t:|1700672925\n|-end|p2a: Kingambit|fallenundefined|[silent]\n|switch|p2a: Corviknight|Corviknight, F|100\/100\n|-ability|p2a: Corviknight|Pressure\n|move|p1a: Great Tusk|Headlong Rush|p2a: Corviknight\n|-immune|p2a: Corviknight\n|\n|upkeep\n|turn|21\n|inactive|Gible808 has 120 seconds left.\n|\n|t:|1700672945\n|switch|p2a: Iron Valiant|Iron Valiant|44\/100\n|move|p1a: Great Tusk|Stealth Rock|p2a: Iron Valiant\n|-sidestart|p2: Gible808|move: Stealth Rock\n|\n|-heal|p2a: Iron Valiant|50\/100|[from] item: Leftovers\n|upkeep\n|turn|22\n|\n|t:|1700672955\n|-end|p1a: Great Tusk|Protosynthesis|[silent]\n|switch|p1a: Zapdos|Zapdos|100\/100\n|move|p2a: Iron Valiant|Moonblast|p1a: Zapdos\n|-damage|p1a: Zapdos|69\/100\n|\n|-heal|p2a: Iron Valiant|57\/100|[from] item: Leftovers\n|upkeep\n|turn|23\n|inactive|Gible808 has 120 seconds left.\n|\n|t:|1700672988\n|-terastallize|p2a: Iron Valiant|Steel\n|move|p2a: Iron Valiant|Moonblast|p1a: Zapdos\n|-damage|p1a: Zapdos|35\/100\n|-unboost|p1a: Zapdos|spa|1\n|move|p1a: Zapdos|Hurricane|p2a: Iron Valiant|[miss]\n|-miss|p1a: Zapdos|p2a: Iron Valiant\n|\n|-heal|p2a: Iron Valiant|63\/100|[from] item: Leftovers\n|upkeep\n|turn|24\n|\n|t:|1700672997\n|move|p2a: Iron Valiant|Shadow Ball|p1a: Zapdos\n|-damage|p1a: Zapdos|17\/100\n|-unboost|p1a: Zapdos|spd|1\n|move|p1a: Zapdos|Roost|p1a: Zapdos\n|-heal|p1a: Zapdos|67\/100\n|-singleturn|p1a: Zapdos|move: Roost\n|\n|-heal|p2a: Iron Valiant|69\/100|[from] item: Leftovers\n|upkeep\n|turn|25\n|\n|t:|1700673009\n|switch|p1a: Garganacl|Garganacl, F|58\/100\n|-damage|p1a: Garganacl|46\/100|[from] Stealth Rock\n|move|p2a: Iron Valiant|Moonblast|p1a: Garganacl\n|-damage|p1a: Garganacl|9\/100\n|\n|-heal|p2a: Iron Valiant|75\/100|[from] item: Leftovers\n|upkeep\n|turn|26\n|\n|t:|1700673013\n|move|p2a: Iron Valiant|Moonblast|p1a: Garganacl\n|-damage|p1a: Garganacl|0 fnt\n|faint|p1a: Garganacl\n|\n|-heal|p2a: Iron Valiant|82\/100|[from] item: Leftovers\n|upkeep\n|\n|t:|1700673015\n|switch|p1a: Iron Valiant|Iron Valiant|100\/100\n|turn|27\n|\n|t:|1700673020\n|-end|p2a: Iron Valiant|Quark Drive|[silent]\n|switch|p2a: Corviknight|Corviknight, F|100\/100\n|-damage|p2a: Corviknight|88\/100|[from] Stealth Rock\n|-ability|p2a: Corviknight|Pressure\n|move|p1a: Iron Valiant|Close Combat|p2a: Corviknight\n|-damage|p2a: Corviknight|56\/100\n|-unboost|p1a: Iron Valiant|def|1\n|-unboost|p1a: Iron Valiant|spd|1\n|-damage|p1a: Iron Valiant|84\/100|[from] item: Rocky Helmet|[of] p2a: Corviknight\n|\n|upkeep\n|turn|28\n|\n|t:|1700673025\n|move|p1a: Iron Valiant|Thunderbolt|p2a: Corviknight\n|-supereffective|p2a: Corviknight\n|-damage|p2a: Corviknight|0 fnt\n|faint|p2a: Corviknight\n|\n|upkeep\n|\n|t:|1700673035\n|switch|p2a: Dragapult|Dragapult, M|100\/100\n|-damage|p2a: Dragapult|88\/100|[from] Stealth Rock\n|turn|29\n|\n|t:|1700673053\n|-end|p1a: Iron Valiant|Quark Drive|[silent]\n|switch|p1a: Zapdos|Zapdos|67\/100\n|move|p2a: Dragapult|Shadow Ball|p1a: Zapdos\n|-damage|p1a: Zapdos|39\/100\n|\n|upkeep\n|turn|30\n|\n|t:|1700673056\n|move|p2a: Dragapult|Shadow Ball|p1a: Zapdos\n|-damage|p1a: Zapdos|10\/100\n|move|p1a: Zapdos|Roost|p1a: Zapdos\n|-heal|p1a: Zapdos|60\/100\n|-singleturn|p1a: Zapdos|move: Roost\n|\n|upkeep\n|turn|31\n|\n|t:|1700673066\n|move|p2a: Dragapult|Shadow Ball|p1a: Zapdos\n|-crit|p1a: Zapdos\n|-damage|p1a: Zapdos|19\/100\n|move|p1a: Zapdos|Hurricane|p2a: Dragapult|[miss]\n|-miss|p1a: Zapdos|p2a: Dragapult\n|\n|upkeep\n|turn|32\n|\n|t:|1700673071\n|move|p2a: Dragapult|Shadow Ball|p1a: Zapdos\n|-damage|p1a: Zapdos|0 fnt\n|faint|p1a: Zapdos\n|\n|upkeep\n|\n|t:|1700673075\n|switch|p1a: Dragonite|Dragonite, F|100\/100\n|turn|33\n|\n|t:|1700673083\n|switch|p2a: Azumarill|Azumarill, M|100\/100 par\n|-damage|p2a: Azumarill|88\/100 par|[from] Stealth Rock\n|-terastallize|p1a: Dragonite|Normal\n|move|p1a: Dragonite|Dragon Dance|p1a: Dragonite\n|-boost|p1a: Dragonite|atk|1\n|-boost|p1a: Dragonite|spe|1\n|\n|upkeep\n|turn|34\n|\n|t:|1700673092\n|move|p1a: Dragonite|Dragon Dance|p1a: Dragonite\n|-boost|p1a: Dragonite|atk|1\n|-boost|p1a: Dragonite|spe|1\n|move|p2a: Azumarill|Liquidation|p1a: Dragonite\n|-damage|p1a: Dragonite|73\/100\n|\n|upkeep\n|turn|35\n|\n|t:|1700673100\n|move|p1a: Dragonite|Extreme Speed|p2a: Azumarill\n|-damage|p2a: Azumarill|0 fnt\n|faint|p2a: Azumarill\n|\n|upkeep\n|\n|t:|1700673104\n|switch|p2a: Dragapult|Dragapult, M|88\/100\n|-damage|p2a: Dragapult|76\/100|[from] Stealth Rock\n|turn|36\n|\n|t:|1700673111\n|move|p2a: Dragapult|Draco Meteor|p1a: Dragonite\n|-damage|p1a: Dragonite|9\/100\n|-unboost|p2a: Dragapult|spa|2\n|move|p1a: Dragonite|Ice Spinner|p2a: Dragapult\n|-supereffective|p2a: Dragapult\n|-damage|p2a: Dragapult|0 fnt\n|faint|p2a: Dragapult\n|\n|upkeep\n|\n|t:|1700673117\n|switch|p2a: Kingambit|Kingambit, F|92\/100\n|-damage|p2a: Kingambit|86\/100|[from] Stealth Rock\n|-activate|p2a: Kingambit|ability: Supreme Overlord\n|-start|p2a: Kingambit|fallen3|[silent]\n|turn|37\n|c|\u2606Winterchillz|bro\n|\n|t:|1700673122\n|move|p1a: Dragonite|Extreme Speed|p2a: Kingambit\n|-resisted|p2a: Kingambit\n|-damage|p2a: Kingambit|49\/100\n|move|p2a: Kingambit|Low Kick|p1a: Dragonite\n|-supereffective|p1a: Dragonite\n|-damage|p1a: Dragonite|0 fnt\n|faint|p1a: Dragonite\n|\n|-heal|p2a: Kingambit|55\/100|[from] item: Leftovers\n|upkeep\n|\n|t:|1700673128\n|switch|p1a: Great Tusk|Great Tusk|64\/100\n|turn|38\n|\n|t:|1700673142\n|-end|p2a: Kingambit|fallen3|[silent]\n|switch|p2a: Clodsire|Clodsire, F|100\/100\n|-damage|p2a: Clodsire|94\/100|[from] Stealth Rock\n|move|p1a: Great Tusk|Headlong Rush|p2a: Clodsire\n|-supereffective|p2a: Clodsire\n|-damage|p2a: Clodsire|0 fnt\n|-unboost|p1a: Great Tusk|def|1\n|-unboost|p1a: Great Tusk|spd|1\n|faint|p2a: Clodsire\n|\n|upkeep\n|\n|t:|1700673143\n|switch|p2a: Iron Valiant|Iron Valiant, tera:Steel|82\/100\n|-damage|p2a: Iron Valiant|75\/100|[from] Stealth Rock\n|turn|39\n|\n|t:|1700673156\n|move|p2a: Iron Valiant|Moonblast|p1a: Great Tusk\n|-supereffective|p1a: Great Tusk\n|-damage|p1a: Great Tusk|0 fnt\n|faint|p1a: Great Tusk\n|-end|p1a: Great Tusk|Protosynthesis|[silent]\n|\n|-heal|p2a: Iron Valiant|82\/100|[from] item: Leftovers\n|upkeep\n|\n|t:|1700673158\n|switch|p1a: Iron Valiant|Iron Valiant|84\/100\n|turn|40\n|\n|t:|1700673161\n|move|p1a: Iron Valiant|Close Combat|p2a: Iron Valiant\n|-supereffective|p2a: Iron Valiant\n|-damage|p2a: Iron Valiant|0 fnt\n|-unboost|p1a: Iron Valiant|def|1\n|-unboost|p1a: Iron Valiant|spd|1\n|faint|p2a: Iron Valiant\n|-end|p2a: Iron Valiant|Quark Drive|[silent]\n|\n|upkeep\n|\n|t:|1700673163\n|switch|p2a: Kingambit|Kingambit, F|55\/100\n|-damage|p2a: Kingambit|49\/100|[from] Stealth Rock\n|-activate|p2a: Kingambit|ability: Supreme Overlord\n|-start|p2a: Kingambit|fallen5|[silent]\n|turn|41\n|\n|t:|1700673173\n|move|p2a: Kingambit|Sucker Punch|p1a: Iron Valiant\n|-resisted|p1a: Iron Valiant\n|-damage|p1a: Iron Valiant|54\/100\n|move|p1a: Iron Valiant|Close Combat|p2a: Kingambit\n|-supereffective|p2a: Kingambit\n|-damage|p2a: Kingambit|0 fnt\n|-unboost|p1a: Iron Valiant|def|1\n|-unboost|p1a: Iron Valiant|spd|1\n|faint|p2a: Kingambit\n|-end|p2a: Kingambit|fallen5|[silent]\n|\n|win|Winterchillz\n|raw|Winterchillz's rating: 1501 &rarr; <strong>1526<\/strong><br \/>(+25 for winning)\n|raw|Gible808's rating: 1590 &rarr; <strong>1565<\/strong><br \/>(-25 for losing)\n|l|\u2606Gible808\n","uploadtime":1700673179,"views":0,"p1id":"winterchillz","p2id":"gible808","formatid":"gen9ou","rating":1526,"private":0,"password":""}