{"id":"gen9ou-1996507139","p1":"Markuso100","p2":"PrincessPeacock","format":"[Gen 9] OU","log":"|j|\u2606Markuso100\n|j|\u2606PrincessPeacock\n|t:|1700688762\n|gametype|singles\n|player|p1|Markuso100|101|\n|player|p2|PrincessPeacock|clair|\n|teamsize|p1|6\n|teamsize|p2|6\n|gen|9\n|tier|[Gen 9] OU\n|rule|Sleep Clause Mod: Limit one foe put to sleep\n|rule|Species Clause: Limit one of each Pok\u00e9mon\n|rule|OHKO Clause: OHKO moves are banned\n|rule|Evasion Items Clause: Evasion items are banned\n|rule|Evasion Moves Clause: Evasion moves are banned\n|rule|Endless Battle Clause: Forcing endless battles is banned\n|rule|HP Percentage Mod: HP is shown in percentages\n|clearpoke\n|poke|p1|Kingambit, M|\n|poke|p1|Dragonite, F|\n|poke|p1|Zapdos-Galar|\n|poke|p1|Slowking-Galar, F|\n|poke|p1|Abomasnow, F|\n|poke|p1|Sandaconda, F|\n|poke|p2|Hoopa-Unbound|\n|poke|p2|Ting-Lu|\n|poke|p2|Pelipper, M|\n|poke|p2|Barraskewda, M|\n|poke|p2|Persian-Alola, M|\n|poke|p2|Rotom-Heat|\n|teampreview\n|\n|t:|1700688776\n|start\n|switch|p1a: Zapdos|Zapdos-Galar|100\/100\n|switch|p2a: Persian|Persian-Alola, M|100\/100\n|turn|1\n|\n|t:|1700688801\n|move|p2a: Persian|Fake Out|p1a: Zapdos\n|-damage|p1a: Zapdos|93\/100\n|cant|p1a: Zapdos|flinch\n|\n|upkeep\n|turn|2\n|inactive|Battle timer is ON: inactive players will automatically lose when time's up. (requested by PrincessPeacock)\n|\n|t:|1700688809\n|switch|p2a: Pelipper|Pelipper, M|100\/100\n|-weather|RainDance|[from] ability: Drizzle|[of] p2a: Pelipper\n|move|p1a: Zapdos|Brave Bird|p2a: Pelipper\n|-damage|p2a: Pelipper|56\/100\n|-damage|p1a: Zapdos|78\/100|[from] Recoil\n|\n|-weather|RainDance|[upkeep]\n|upkeep\n|turn|3\n|\n|t:|1700688832\n|switch|p1a: Slowking|Slowking-Galar, F|100\/100\n|move|p2a: Pelipper|Knock Off|p1a: Slowking\n|-supereffective|p1a: Slowking\n|-damage|p1a: Slowking|75\/100\n|-enditem|p1a: Slowking|Assault Vest|[from] move: Knock Off|[of] p2a: Pelipper\n|\n|-weather|RainDance|[upkeep]\n|upkeep\n|turn|4\n|\n|t:|1700688850\n|move|p2a: Pelipper|U-turn|p1a: Slowking\n|-damage|p1a: Slowking|64\/100\n|\n|t:|1700688857\n|switch|p2a: Hoopa|Hoopa-Unbound|100\/100|[from] U-turn\n|move|p1a: Slowking|Sludge Bomb|p2a: Hoopa\n|-damage|p2a: Hoopa|65\/100\n|\n|-weather|RainDance|[upkeep]\n|upkeep\n|turn|5\n|\n|t:|1700688868\n|switch|p1a: Sandaconda|Sandaconda, F|100\/100\n|move|p2a: Hoopa|Psychic|p1a: Sandaconda\n|-damage|p1a: Sandaconda|33\/100\n|\n|-weather|RainDance|[upkeep]\n|-heal|p1a: Sandaconda|39\/100|[from] item: Leftovers\n|upkeep\n|turn|6\n|inactive|Markuso100 has 270 seconds left.\n|\n|t:|1700688891\n|move|p2a: Hoopa|Psychic|p1a: Sandaconda\n|-damage|p1a: Sandaconda|0 fnt\n|faint|p1a: Sandaconda\n|\n|-weather|RainDance|[upkeep]\n|upkeep\n|inactive|Markuso100 has 270 seconds left.\n|\n|t:|1700688907\n|switch|p1a: Dragonite|Dragonite, F|100\/100\n|turn|7\n|\n|t:|1700688924\n|switch|p2a: Persian|Persian-Alola, M|100\/100\n|move|p1a: Dragonite|Earthquake|p2a: Persian\n|-damage|p2a: Persian|81\/100\n|\n|-weather|RainDance|[upkeep]\n|upkeep\n|turn|8\n|inactive|Markuso100 has 240 seconds left.\n|\n|t:|1700688963\n|switch|p1a: Zapdos|Zapdos-Galar|78\/100\n|move|p2a: Persian|Fake Out|p1a: Zapdos\n|-damage|p1a: Zapdos|71\/100\n|\n|-weather|RainDance|[upkeep]\n|upkeep\n|turn|9\n|\n|t:|1700688971\n|move|p1a: Zapdos|U-turn|p2a: Persian\n|-supereffective|p2a: Persian\n|-damage|p2a: Persian|44\/100\n|-damage|p1a: Zapdos|55\/100|[from] item: Rocky Helmet|[of] p2a: Persian\n|\n|t:|1700688996\n|switch|p1a: Slowking|Slowking-Galar, F|97\/100|[from] U-turn\n|move|p2a: Persian|Foul Play|p1a: Slowking\n|-supereffective|p1a: Slowking\n|-damage|p1a: Slowking|64\/100\n|\n|-weather|none\n|upkeep\n|turn|10\n|inactive|Markuso100 has 210 seconds left.\n|\n|t:|1700689020\n|move|p2a: Persian|Parting Shot|p1a: Slowking\n|-unboost|p1a: Slowking|atk|1\n|-unboost|p1a: Slowking|spa|1\n|\n|t:|1700689026\n|switch|p2a: Hoopa|Hoopa-Unbound|65\/100|[from] Parting Shot\n|move|p1a: Slowking|Sludge Bomb|p2a: Hoopa\n|-damage|p2a: Hoopa|41\/100\n|\n|upkeep\n|turn|11\n|inactive|Markuso100 has 210 seconds left.\n|\n|t:|1700689068\n|switch|p1a: Dragonite|Dragonite, F|100\/100\n|move|p2a: Hoopa|Hyperspace Fury|p1a: Dragonite\n|-damage|p1a: Dragonite|68\/100\n|-unboost|p2a: Hoopa|def|1\n|\n|upkeep\n|turn|12\n|\n|t:|1700689079\n|switch|p2a: Persian|Persian-Alola, M|44\/100\n|move|p1a: Dragonite|Extreme Speed|p2a: Persian\n|-damage|p2a: Persian|27\/100\n|-damage|p1a: Dragonite|51\/100|[from] item: Rocky Helmet|[of] p2a: Persian\n|\n|upkeep\n|turn|13\n|inactive|Markuso100 has 180 seconds left.\n|\n|t:|1700689101\n|move|p1a: Dragonite|Extreme Speed|p2a: Persian\n|-damage|p2a: Persian|12\/100\n|-damage|p1a: Dragonite|35\/100|[from] item: Rocky Helmet|[of] p2a: Persian\n|move|p2a: Persian|Foul Play|p1a: Dragonite\n|-damage|p1a: Dragonite|0 fnt\n|faint|p1a: Dragonite\n|\n|upkeep\n|\n|t:|1700689129\n|switch|p1a: Kingambit|Kingambit, M|100\/100\n|-activate|p1a: Kingambit|ability: Supreme Overlord\n|-start|p1a: Kingambit|fallen2|[silent]\n|turn|14\n|\n|t:|1700689134\n|move|p2a: Persian|Parting Shot|p1a: Kingambit\n|-unboost|p1a: Kingambit|atk|1\n|-unboost|p1a: Kingambit|spa|1\n|\n|t:|1700689139\n|switch|p2a: Ting-Lu|Ting-Lu|100\/100|[from] Parting Shot\n|-ability|p2a: Ting-Lu|Vessel of Ruin\n|move|p1a: Kingambit|Kowtow Cleave|p2a: Ting-Lu\n|-resisted|p2a: Ting-Lu\n|-damage|p2a: Ting-Lu|93\/100\n|\n|-heal|p2a: Ting-Lu|99\/100|[from] item: Leftovers\n|upkeep\n|turn|15\n|\n|t:|1700689159\n|-end|p1a: Kingambit|fallen2|[silent]\n|switch|p1a: Zapdos|Zapdos-Galar|55\/100\n|move|p2a: Ting-Lu|Body Press|p1a: Zapdos\n|-resisted|p1a: Zapdos\n|-damage|p1a: Zapdos|37\/100\n|\n|-heal|p2a: Ting-Lu|100\/100|[from] item: Leftovers\n|upkeep\n|turn|16\n|inactive|Markuso100 has 150 seconds left.\n|\n|t:|1700689176\n|switch|p2a: Persian|Persian-Alola, M|12\/100\n|move|p1a: Zapdos|Close Combat|p2a: Persian\n|-supereffective|p2a: Persian\n|-damage|p2a: Persian|0 fnt\n|-unboost|p1a: Zapdos|def|1\n|-unboost|p1a: Zapdos|spd|1\n|-damage|p1a: Zapdos|21\/100|[from] item: Rocky Helmet|[of] p2a: Persian\n|faint|p2a: Persian\n|\n|upkeep\n|\n|t:|1700689185\n|switch|p2a: Pelipper|Pelipper, M|56\/100\n|-weather|RainDance|[from] ability: Drizzle|[of] p2a: Pelipper\n|turn|17\n|inactive|Markuso100 has 150 seconds left.\n|\n|t:|1700689213\n|switch|p1a: Slowking|Slowking-Galar, F|97\/100\n|move|p2a: Pelipper|Roost|p2a: Pelipper\n|-heal|p2a: Pelipper|100\/100\n|-singleturn|p2a: Pelipper|move: Roost\n|\n|-weather|RainDance|[upkeep]\n|upkeep\n|turn|18\n|\n|t:|1700689228\n|move|p2a: Pelipper|Hurricane|p1a: Slowking\n|-damage|p1a: Slowking|73\/100\n|move|p1a: Slowking|Sludge Bomb|p2a: Pelipper\n|-damage|p2a: Pelipper|49\/100\n|\n|-weather|RainDance|[upkeep]\n|upkeep\n|turn|19\n|\n|t:|1700689235\n|move|p2a: Pelipper|U-turn|p1a: Slowking\n|-damage|p1a: Slowking|62\/100\n|\n|t:|1700689237\n|switch|p2a: Rotom|Rotom-Heat|100\/100|[from] U-turn\n|move|p1a: Slowking|Sludge Bomb|p2a: Rotom\n|-damage|p2a: Rotom|53\/100\n|-status|p2a: Rotom|psn\n|\n|-weather|RainDance|[upkeep]\n|-damage|p2a: Rotom|40\/100 psn|[from] psn\n|upkeep\n|turn|20\n|inactive|Markuso100 has 150 seconds left.\n|\n|t:|1700689276\n|switch|p1a: Abomasnow|Abomasnow, F|100\/100\n|-weather|Snow|[from] ability: Snow Warning|[of] p1a: Abomasnow\n|move|p2a: Rotom|Thunder|p1a: Abomasnow\n|-resisted|p1a: Abomasnow\n|-damage|p1a: Abomasnow|72\/100\n|\n|-weather|Snow|[upkeep]\n|-damage|p2a: Rotom|28\/100 psn|[from] psn\n|upkeep\n|turn|21\n|inactive|Markuso100 has 120 seconds left.\n|\n|t:|1700689296\n|switch|p2a: Pelipper|Pelipper, M|49\/100\n|-weather|RainDance|[from] ability: Drizzle|[of] p2a: Pelipper\n|switch|p1a: Slowking|Slowking-Galar, F|95\/100\n|\n|-weather|RainDance|[upkeep]\n|upkeep\n|turn|22\n|\n|t:|1700689310\n|switch|p2a: Rotom|Rotom-Heat|28\/100 psn\n|move|p1a: Slowking|Sludge Bomb|p2a: Rotom\n|-damage|p2a: Rotom|0 fnt\n|faint|p2a: Rotom\n|\n|-weather|RainDance|[upkeep]\n|upkeep\n|\n|t:|1700689312\n|switch|p2a: Barraskewda|Barraskewda, M|100\/100\n|turn|23\n|inactive|Markuso100 has 120 seconds left.\n|\n|t:|1700689334\n|switch|p1a: Abomasnow|Abomasnow, F|72\/100\n|-weather|Snow|[from] ability: Snow Warning|[of] p1a: Abomasnow\n|move|p2a: Barraskewda|Flip Turn|p1a: Abomasnow\n|-resisted|p1a: Abomasnow\n|-damage|p1a: Abomasnow|50\/100\n|\n|t:|1700689338\n|switch|p2a: Pelipper|Pelipper, M|49\/100|[from] Flip Turn\n|-weather|RainDance|[from] ability: Drizzle|[of] p2a: Pelipper\n|\n|-weather|RainDance|[upkeep]\n|upkeep\n|turn|24\n|\n|t:|1700689351\n|move|p1a: Abomasnow|Ice Shard|p2a: Pelipper\n|-damage|p2a: Pelipper|35\/100\n|move|p2a: Pelipper|Hurricane|p1a: Abomasnow\n|-supereffective|p1a: Abomasnow\n|-damage|p1a: Abomasnow|0 fnt\n|faint|p1a: Abomasnow\n|\n|-weather|RainDance|[upkeep]\n|upkeep\n|inactive|Markuso100 has 120 seconds left.\n|\n|t:|1700689368\n|switch|p1a: Slowking|Slowking-Galar, F|100\/100\n|turn|25\n|\n|t:|1700689373\n|move|p2a: Pelipper|U-turn|p1a: Slowking\n|-damage|p1a: Slowking|91\/100\n|\n|t:|1700689375\n|switch|p2a: Hoopa|Hoopa-Unbound|41\/100|[from] U-turn\n|move|p1a: Slowking|Sludge Bomb|p2a: Hoopa\n|-damage|p2a: Hoopa|7\/100\n|\n|-weather|RainDance|[upkeep]\n|upkeep\n|turn|26\n|\n|t:|1700689389\n|switch|p1a: Zapdos|Zapdos-Galar|21\/100\n|move|p2a: Hoopa|Hyperspace Fury|p1a: Zapdos\n|-resisted|p1a: Zapdos\n|-damage|p1a: Zapdos|0 fnt\n|-unboost|p2a: Hoopa|def|1\n|faint|p1a: Zapdos\n|\n|-weather|RainDance|[upkeep]\n|upkeep\n|\n|t:|1700689404\n|switch|p1a: Slowking|Slowking-Galar, F|100\/100\n|turn|27\n|\n|t:|1700689412\n|move|p2a: Hoopa|Hyperspace Fury|p1a: Slowking\n|-supereffective|p1a: Slowking\n|-damage|p1a: Slowking|0 fnt\n|-unboost|p2a: Hoopa|def|1\n|faint|p1a: Slowking\n|\n|-weather|RainDance|[upkeep]\n|upkeep\n|\n|t:|1700689416\n|switch|p1a: Kingambit|Kingambit, M|100\/100\n|-activate|p1a: Kingambit|ability: Supreme Overlord\n|-start|p1a: Kingambit|fallen5|[silent]\n|turn|28\n|c|\u2606PrincessPeacock|:)\n|c|\u2606Markuso100|This is a balanced team\n|c|\u2606PrincessPeacock|ill still prolly lose dw\n|inactive|Markuso100 has 120 seconds left.\n|\n|t:|1700689446\n|move|p1a: Kingambit|Sucker Punch|p2a: Hoopa\n|-damage|p2a: Hoopa|0 fnt\n|faint|p2a: Hoopa\n|\n|-weather|RainDance|[upkeep]\n|upkeep\n|c|\u2606Markuso100|Wat how\n|\n|t:|1700689453\n|switch|p2a: Ting-Lu|Ting-Lu|100\/100\n|-ability|p2a: Ting-Lu|Vessel of Ruin\n|turn|29\n|c|\u2606Markuso100|why Couldn\u2019t you destiny bond any earlier\n|inactive|Markuso100 has 120 seconds left.\n|c|\u2606PrincessPeacock|im scarfed\n|c|\u2606PrincessPeacock|wym\n|\n|t:|1700689472\n|-terastallize|p1a: Kingambit|Flying\n|move|p1a: Kingambit|Tera Blast|p2a: Ting-Lu|[anim] Tera Blast Flying\n|-damage|p2a: Ting-Lu|70\/100\n|move|p2a: Ting-Lu|Body Press|p1a: Kingambit\n|-resisted|p1a: Kingambit\n|-damage|p1a: Kingambit|90\/100\n|\n|-weather|RainDance|[upkeep]\n|-heal|p2a: Ting-Lu|76\/100|[from] item: Leftovers\n|upkeep\n|turn|30\n|inactive|Markuso100 has 120 seconds left.\n|\n|t:|1700689497\n|-terastallize|p2a: Ting-Lu|Steel\n|move|p1a: Kingambit|Tera Blast|p2a: Ting-Lu|[anim] Tera Blast Flying\n|-resisted|p2a: Ting-Lu\n|-damage|p2a: Ting-Lu|60\/100\n|move|p2a: Ting-Lu|Body Press|p1a: Kingambit\n|-resisted|p1a: Kingambit\n|-damage|p1a: Kingambit|79\/100\n|\n|-weather|none\n|-heal|p2a: Ting-Lu|67\/100|[from] item: Leftovers\n|upkeep\n|turn|31\n|\n|t:|1700689512\n|move|p1a: Kingambit|Tera Blast|p2a: Ting-Lu|[anim] Tera Blast Flying\n|-resisted|p2a: Ting-Lu\n|-damage|p2a: Ting-Lu|51\/100\n|move|p2a: Ting-Lu|Memento|p1a: Kingambit\n|-unboost|p1a: Kingambit|atk|2\n|-unboost|p1a: Kingambit|spa|2\n|faint|p2a: Ting-Lu\n|\n|upkeep\n|\n|t:|1700689516\n|switch|p2a: Pelipper|Pelipper, M|35\/100\n|-weather|RainDance|[from] ability: Drizzle|[of] p2a: Pelipper\n|turn|32\n|c|\u2606PrincessPeacock|:)\n|\n|t:|1700689535\n|move|p1a: Kingambit|Sucker Punch|p2a: Pelipper\n|-damage|p2a: Pelipper|13\/100\n|move|p2a: Pelipper|Knock Off|p1a: Kingambit\n|-damage|p1a: Kingambit|70\/100\n|-enditem|p1a: Kingambit|Assault Vest|[from] move: Knock Off|[of] p2a: Pelipper\n|\n|-weather|RainDance|[upkeep]\n|upkeep\n|turn|33\n|\n|t:|1700689545\n|move|p2a: Pelipper|Roost|p2a: Pelipper\n|-heal|p2a: Pelipper|63\/100\n|-singleturn|p2a: Pelipper|move: Roost\n|move|p1a: Kingambit|Kowtow Cleave|p2a: Pelipper\n|-damage|p2a: Pelipper|34\/100\n|\n|-weather|RainDance|[upkeep]\n|upkeep\n|turn|34\n|\n|t:|1700689556\n|move|p2a: Pelipper|Hurricane|p1a: Kingambit\n|-damage|p1a: Kingambit|35\/100\n|move|p1a: Kingambit|Kowtow Cleave|p2a: Pelipper\n|-damage|p2a: Pelipper|3\/100\n|\n|-weather|RainDance|[upkeep]\n|upkeep\n|turn|35\n|\n|t:|1700689564\n|move|p1a: Kingambit|Sucker Punch||[still]\n|-fail|p1a: Kingambit\n|move|p2a: Pelipper|Roost|p2a: Pelipper\n|-heal|p2a: Pelipper|53\/100\n|-singleturn|p2a: Pelipper|move: Roost\n|\n|-weather|RainDance|[upkeep]\n|upkeep\n|turn|36\n|c|\u2606PrincessPeacock|:)\n|c|\u2606Markuso100|This is so cancer\n|c|\u2606PrincessPeacock|LMAOOOO\n|\n|t:|1700689578\n|move|p1a: Kingambit|Sucker Punch|p2a: Pelipper\n|-damage|p2a: Pelipper|27\/100\n|move|p2a: Pelipper|Hurricane|p1a: Kingambit\n|-damage|p1a: Kingambit|2\/100\n|\n|-weather|RainDance|[upkeep]\n|upkeep\n|turn|37\n|\n|t:|1700689584\n|move|p2a: Pelipper|Roost|p2a: Pelipper\n|-heal|p2a: Pelipper|77\/100\n|-singleturn|p2a: Pelipper|move: Roost\n|move|p1a: Kingambit|Kowtow Cleave|p2a: Pelipper\n|-damage|p2a: Pelipper|48\/100\n|\n|-weather|RainDance|[upkeep]\n|upkeep\n|turn|38\n|inactive|Markuso100 has 120 seconds left.\n|\n|t:|1700689591\n|move|p2a: Pelipper|Hurricane|p1a: Kingambit\n|-damage|p1a: Kingambit|0 fnt\n|faint|p1a: Kingambit\n|-end|p1a: Kingambit|fallen5|[silent]\n|\n|win|PrincessPeacock\n","uploadtime":1700689600,"views":26,"p1id":"markuso100","p2id":"princesspeacock","formatid":"gen9ou","rating":0,"private":0,"password":""}