{"id":"gen9ou-1994481331","p1":"Kakarot Ketchum","p2":"bruc3wi11is","format":"[Gen 9] OU","log":"|j|\u2606Kakarot Ketchum\n|j|\u2606bruc3wi11is\n|t:|1700448945\n|gametype|singles\n|player|p1|Kakarot Ketchum|harlequin|1315\n|player|p2|bruc3wi11is|102|1277\n|teamsize|p1|6\n|teamsize|p2|6\n|gen|9\n|tier|[Gen 9] OU\n|rated|\n|rule|Sleep Clause Mod: Limit one foe put to sleep\n|rule|Species Clause: Limit one of each Pok\u00e9mon\n|rule|OHKO Clause: OHKO moves are banned\n|rule|Evasion Items Clause: Evasion items are banned\n|rule|Evasion Moves Clause: Evasion moves are banned\n|rule|Endless Battle Clause: Forcing endless battles is banned\n|rule|HP Percentage Mod: HP is shown in percentages\n|clearpoke\n|poke|p1|Kleavor, F|\n|poke|p1|Skeledirge, M|\n|poke|p1|Iron Valiant|\n|poke|p1|Iron Treads|\n|poke|p1|Greninja-*, M|\n|poke|p1|Toxapex, M|\n|poke|p2|Kingambit, M|\n|poke|p2|Iron Valiant|\n|poke|p2|Thundurus-Therian, M|\n|poke|p2|Sneasler, F|\n|poke|p2|Goodra-Hisui, M|\n|poke|p2|Great Tusk|\n|teampreview\n|inactive|Battle timer is ON: inactive players will automatically lose when time's up. (requested by bruc3wi11is)\n|\n|t:|1700448952\n|start\n|switch|p1a: choppa|Kleavor, F|100\/100\n|switch|p2a: Great Tusk|Great Tusk|100\/100\n|turn|1\n|\n|t:|1700448974\n|switch|p1a: ah hell naw|Toxapex, M|100\/100\n|move|p2a: Great Tusk|Earthquake|p1a: ah hell naw\n|-supereffective|p1a: ah hell naw\n|-damage|p1a: ah hell naw|49\/100\n|\n|-heal|p1a: ah hell naw|55\/100|[from] item: Leftovers\n|upkeep\n|turn|2\n|\n|t:|1700448989\n|-end|p2a: Great Tusk|Protosynthesis|[silent]\n|switch|p2a: Thundurus|Thundurus-Therian, M|100\/100\n|move|p1a: ah hell naw|Toxic|p2a: Thundurus\n|-status|p2a: Thundurus|tox\n|\n|-heal|p1a: ah hell naw|62\/100|[from] item: Leftovers\n|-damage|p2a: Thundurus|94\/100 tox|[from] psn\n|upkeep\n|turn|3\n|\n|t:|1700449017\n|switch|p1a: croc|Skeledirge, M|100\/100\n|move|p2a: Thundurus|Thunderbolt|p1a: croc\n|-damage|p1a: croc|43\/100\n|\n|-damage|p2a: Thundurus|82\/100 tox|[from] psn\n|upkeep\n|turn|4\n|inactive|Kakarot Ketchum has 120 seconds left.\n|\n|t:|1700449032\n|switch|p1a: ballin|Iron Treads|100\/100\n|-enditem|p1a: ballin|Booster Energy\n|-activate|p1a: ballin|ability: Quark Drive|[fromitem]\n|-start|p1a: ballin|quarkdrivespe\n|move|p2a: Thundurus|Nasty Plot|p2a: Thundurus\n|-boost|p2a: Thundurus|spa|2\n|\n|-damage|p2a: Thundurus|64\/100 tox|[from] psn\n|upkeep\n|turn|5\n|inactive|Kakarot Ketchum has 120 seconds left.\n|\n|t:|1700449048\n|move|p1a: ballin|Knock Off|p2a: Thundurus\n|-damage|p2a: Thundurus|19\/100 tox\n|-enditem|p2a: Thundurus|Heavy-Duty Boots|[from] move: Knock Off|[of] p1a: ballin\n|move|p2a: Thundurus|Focus Blast|p1a: ballin\n|-supereffective|p1a: ballin\n|-damage|p1a: ballin|0 fnt\n|faint|p1a: ballin\n|-end|p1a: ballin|Quark Drive|[silent]\n|\n|-damage|p2a: Thundurus|0 fnt|[from] psn\n|faint|p2a: Thundurus\n|upkeep\n|inactive|Kakarot Ketchum has 120 seconds left.\n|\n|t:|1700449060\n|switch|p1a: choppa|Kleavor, F|100\/100\n|switch|p2a: Great Tusk|Great Tusk|100\/100\n|turn|6\n|inactive|Kakarot Ketchum has 120 seconds left.\n|\n|t:|1700449078\n|move|p1a: choppa|Stone Axe|p2a: Great Tusk\n|-resisted|p2a: Great Tusk\n|-damage|p2a: Great Tusk|94\/100\n|-damage|p1a: choppa|84\/100|[from] item: Rocky Helmet|[of] p2a: Great Tusk\n|-sidestart|p2: bruc3wi11is|move: Stealth Rock\n|move|p2a: Great Tusk|Earthquake|p1a: choppa\n|-damage|p1a: choppa|26\/100\n|\n|upkeep\n|turn|7\n|inactive|Kakarot Ketchum has 120 seconds left.\n|\n|t:|1700449087\n|move|p1a: choppa|X-Scissor|p2a: Great Tusk\n|-resisted|p2a: Great Tusk\n|-damage|p2a: Great Tusk|78\/100\n|-damage|p1a: choppa|10\/100|[from] item: Rocky Helmet|[of] p2a: Great Tusk\n|move|p2a: Great Tusk|Rapid Spin|p1a: choppa\n|-resisted|p1a: choppa\n|-damage|p1a: choppa|0 fnt\n|-boost|p2a: Great Tusk|spe|1\n|-sideend|p2: bruc3wi11is|Stealth Rock|[from] move: Rapid Spin|[of] p2a: Great Tusk\n|faint|p1a: choppa\n|\n|upkeep\n|inactive|Kakarot Ketchum has 120 seconds left.\n|\n|t:|1700449096\n|switch|p1a: da fwog|Greninja, M|100\/100\n|turn|8\n|\n|t:|1700449105\n|-end|p2a: Great Tusk|Protosynthesis|[silent]\n|switch|p2a: Goodra|Goodra-Hisui, M|100\/100\n|-terastallize|p1a: da fwog|Water\n|move|p1a: da fwog|Hydro Pump|p2a: Goodra\n|-resisted|p2a: Goodra\n|-damage|p2a: Goodra|77\/100\n|-damage|p1a: da fwog|91\/100|[from] item: Life Orb\n|\n|-heal|p2a: Goodra|83\/100|[from] item: Leftovers\n|upkeep\n|turn|9\n|inactive|Kakarot Ketchum has 120 seconds left.\n|\n|t:|1700449125\n|switch|p1a: croc|Skeledirge, M|43\/100\n|move|p2a: Goodra|Acid Spray|p1a: croc\n|-resisted|p1a: croc\n|-damage|p1a: croc|39\/100\n|-unboost|p1a: croc|spd|2\n|\n|-heal|p2a: Goodra|89\/100|[from] item: Leftovers\n|upkeep\n|turn|10\n|\n|t:|1700449130\n|move|p1a: croc|Slack Off|p1a: croc\n|-heal|p1a: croc|89\/100\n|move|p2a: Goodra|Draco Meteor|p1a: croc\n|-damage|p1a: croc|0 fnt\n|-unboost|p2a: Goodra|spa|2\n|faint|p1a: croc\n|\n|-heal|p2a: Goodra|95\/100|[from] item: Leftovers\n|upkeep\n|inactive|Kakarot Ketchum has 120 seconds left.\n|\n|t:|1700449144\n|switch|p1a: them|Iron Valiant|100\/100\n|-enditem|p1a: them|Booster Energy\n|-activate|p1a: them|ability: Quark Drive|[fromitem]\n|-start|p1a: them|quarkdrivespe\n|turn|11\n|inactive|Kakarot Ketchum has 120 seconds left.\n|\n|t:|1700449159\n|switch|p2a: Sneasler|Sneasler, F|100\/100\n|-item|p2a: Sneasler|Air Balloon\n|move|p1a: them|Shadow Ball|p2a: Sneasler\n|-damage|p2a: Sneasler|62\/100\n|-enditem|p2a: Sneasler|Air Balloon\n|\n|upkeep\n|turn|12\n|inactive|Kakarot Ketchum has 120 seconds left.\n|\n|t:|1700449171\n|-end|p1a: them|Quark Drive|[silent]\n|switch|p1a: ah hell naw|Toxapex, M|95\/100\n|-terastallize|p2a: Sneasler|Flying\n|move|p2a: Sneasler|Acrobatics|p1a: ah hell naw\n|-damage|p1a: ah hell naw|60\/100\n|\n|-heal|p1a: ah hell naw|66\/100|[from] item: Leftovers\n|upkeep\n|turn|13\n|inactive|Kakarot Ketchum has 120 seconds left.\n|\n|t:|1700449179\n|switch|p2a: Goodra|Goodra-Hisui, M|95\/100\n|move|p1a: ah hell naw|Toxic|p2a: Goodra\n|-immune|p2a: Goodra\n|\n|-heal|p2a: Goodra|100\/100|[from] item: Leftovers\n|-heal|p1a: ah hell naw|73\/100|[from] item: Leftovers\n|upkeep\n|turn|14\n|\n|t:|1700449184\n|switch|p1a: them|Iron Valiant|100\/100\n|move|p2a: Goodra|Acid Spray|p1a: them\n|-supereffective|p1a: them\n|-damage|p1a: them|65\/100\n|-unboost|p1a: them|spd|2\n|\n|upkeep\n|turn|15\n|\n|t:|1700449191\n|switch|p2a: Great Tusk|Great Tusk|78\/100\n|move|p1a: them|Close Combat|p2a: Great Tusk\n|-damage|p2a: Great Tusk|54\/100\n|-unboost|p1a: them|def|1\n|-unboost|p1a: them|spd|1\n|-damage|p1a: them|48\/100|[from] item: Rocky Helmet|[of] p2a: Great Tusk\n|\n|upkeep\n|turn|16\n|\n|t:|1700449204\n|move|p1a: them|Energy Ball|p2a: Great Tusk\n|-supereffective|p2a: Great Tusk\n|-damage|p2a: Great Tusk|0 fnt\n|faint|p2a: Great Tusk\n|-end|p2a: Great Tusk|Protosynthesis|[silent]\n|\n|upkeep\n|\n|t:|1700449210\n|switch|p2a: Sneasler|Sneasler, F, tera:Flying|62\/100\n|turn|17\n|\n|t:|1700449215\n|-end|p1a: them|Quark Drive|[silent]\n|switch|p1a: ah hell naw|Toxapex, M|100\/100\n|move|p2a: Sneasler|Acrobatics|p1a: ah hell naw\n|-damage|p1a: ah hell naw|66\/100\n|\n|-heal|p1a: ah hell naw|72\/100|[from] item: Leftovers\n|upkeep\n|turn|18\n|\n|t:|1700449222\n|switch|p2a: Goodra|Goodra-Hisui, M|100\/100\n|move|p1a: ah hell naw|Surf|p2a: Goodra\n|-resisted|p2a: Goodra\n|-damage|p2a: Goodra|95\/100\n|\n|-heal|p2a: Goodra|100\/100|[from] item: Leftovers\n|-heal|p1a: ah hell naw|78\/100|[from] item: Leftovers\n|upkeep\n|turn|19\n|\n|t:|1700449233\n|move|p2a: Goodra|Acid Spray|p1a: ah hell naw\n|-resisted|p1a: ah hell naw\n|-damage|p1a: ah hell naw|75\/100\n|-unboost|p1a: ah hell naw|spd|2\n|move|p1a: ah hell naw|Toxic|p2a: Goodra\n|-immune|p2a: Goodra\n|\n|-heal|p1a: ah hell naw|81\/100|[from] item: Leftovers\n|upkeep\n|turn|20\n|\n|t:|1700449241\n|move|p2a: Goodra|Acid Spray|p1a: ah hell naw\n|-resisted|p1a: ah hell naw\n|-damage|p1a: ah hell naw|73\/100\n|-unboost|p1a: ah hell naw|spd|2\n|move|p1a: ah hell naw|Toxic|p2a: Goodra\n|-immune|p2a: Goodra\n|\n|-heal|p1a: ah hell naw|79\/100|[from] item: Leftovers\n|upkeep\n|turn|21\n|\n|t:|1700449247\n|switch|p1a: da fwog|Greninja, M, tera:Water|91\/100\n|move|p2a: Goodra|Flash Cannon|p1a: da fwog\n|-resisted|p1a: da fwog\n|-damage|p1a: da fwog|69\/100\n|-unboost|p1a: da fwog|spd|1\n|\n|upkeep\n|turn|22\n|\n|t:|1700449259\n|move|p1a: da fwog|Dark Pulse|p2a: Goodra\n|-crit|p2a: Goodra\n|-damage|p2a: Goodra|64\/100\n|-damage|p1a: da fwog|59\/100|[from] item: Life Orb\n|move|p2a: Goodra|Flash Cannon|p1a: da fwog\n|-resisted|p1a: da fwog\n|-damage|p1a: da fwog|24\/100\n|\n|-heal|p2a: Goodra|70\/100|[from] item: Leftovers\n|upkeep\n|turn|23\n|-message|Kakarot Ketchum forfeited.\n|\n|win|bruc3wi11is\n|raw|Kakarot Ketchum's rating: 1315 &rarr; <strong>1293<\/strong><br \/>(-22 for losing)\n|raw|bruc3wi11is's rating: 1277 &rarr; <strong>1305<\/strong><br \/>(+28 for winning)\n|l|\u2606Kakarot Ketchum\n","uploadtime":1700449278,"views":13,"p1id":"kakarotketchum","p2id":"bruc3wi11is","formatid":"gen9ou","rating":1293,"private":0,"password":""}