{"id":"gen9ou-1989632579","p1":"Macaxandre1st","p2":"COALLA123456789","format":"[Gen 9] OU","log":"|j|\u2606Macaxandre1st\n|j|\u2606COALLA123456789\n|t:|1699881227\n|gametype|singles\n|player|p1|Macaxandre1st|cynthia-gen4|1668\n|player|p2|COALLA123456789|benga|1678\n|teamsize|p1|6\n|teamsize|p2|6\n|gen|9\n|tier|[Gen 9] OU\n|rated|\n|rule|Sleep Clause Mod: Limit one foe put to sleep\n|rule|Species Clause: Limit one of each Pok\u00e9mon\n|rule|OHKO Clause: OHKO moves are banned\n|rule|Evasion Items Clause: Evasion items are banned\n|rule|Evasion Moves Clause: Evasion moves are banned\n|rule|Endless Battle Clause: Forcing endless battles is banned\n|rule|HP Percentage Mod: HP is shown in percentages\n|clearpoke\n|poke|p1|Greninja-*, M|\n|poke|p1|Iron Moth|\n|poke|p1|Ogerpon-Cornerstone, F|\n|poke|p1|Kingambit, F|\n|poke|p1|Gholdengo|\n|poke|p1|Toedscruel, M|\n|poke|p2|Muk-Alola, F|\n|poke|p2|Maushold|\n|poke|p2|Walking Wake|\n|poke|p2|Great Tusk|\n|poke|p2|Dragonite, F|\n|poke|p2|Weezing-Galar, F|\n|teampreview\n|inactive|Battle timer is ON: inactive players will automatically lose when time's up. (requested by COALLA123456789)\n|j| cheese miestro\n|j| ApostleMC\n|inactive|COALLA123456789 has 120 seconds left.\n|\n|t:|1699881274\n|start\n|switch|p1a: Toedscruel|Toedscruel, M|100\/100\n|switch|p2a: Muk|Muk-Alola, F|100\/100\n|turn|1\n|\n|t:|1699881283\n|move|p2a: Muk|Knock Off|p1a: Toedscruel\n|-damage|p1a: Toedscruel|44\/100\n|-enditem|p1a: Toedscruel|Focus Sash|[from] move: Knock Off|[of] p2a: Muk\n|move|p1a: Toedscruel|Spore|p2a: Muk\n|-status|p2a: Muk|slp|[from] move: Spore\n|\n|upkeep\n|turn|2\n|\n|t:|1699881306\n|switch|p2a: Weezing|Weezing-Galar, F|100\/100\n|move|p1a: Toedscruel|Spikes|p2a: Weezing\n|-sidestart|p2: COALLA123456789|Spikes\n|\n|upkeep\n|turn|3\n|\n|t:|1699881317\n|move|p2a: Weezing|Sludge Bomb|p1a: Toedscruel\n|-damage|p1a: Toedscruel|0 fnt\n|faint|p1a: Toedscruel\n|\n|upkeep\n|\n|t:|1699881330\n|switch|p1a: Gholdengo|Gholdengo|100\/100\n|-item|p1a: Gholdengo|Air Balloon\n|turn|4\n|\n|t:|1699881340\n|switch|p2a: Walking Wake|Walking Wake|100\/100\n|-damage|p2a: Walking Wake|88\/100|[from] Spikes\n|move|p1a: Gholdengo|Make It Rain|p2a: Walking Wake\n|-resisted|p2a: Walking Wake\n|-damage|p2a: Walking Wake|60\/100\n|-unboost|p1a: Gholdengo|spa|1\n|\n|upkeep\n|turn|5\n|j| Ctannn\n|\n|t:|1699881371\n|switch|p1a: Iron Moth|Iron Moth|100\/100\n|-enditem|p1a: Iron Moth|Booster Energy\n|-activate|p1a: Iron Moth|ability: Quark Drive|[fromitem]\n|-start|p1a: Iron Moth|quarkdrivespe\n|move|p2a: Walking Wake|Flip Turn|p1a: Iron Moth\n|-supereffective|p1a: Iron Moth\n|-damage|p1a: Iron Moth|52\/100\n|inactive|COALLA123456789 has 120 seconds left.\n|\n|t:|1699881390\n|-end|p2a: Walking Wake|Protosynthesis|[silent]\n|switch|p2a: Muk|Muk-Alola, F|100\/100 slp|[from] Flip Turn\n|-damage|p2a: Muk|88\/100 slp|[from] Spikes\n|\n|-heal|p2a: Muk|94\/100 slp|[from] item: Black Sludge\n|upkeep\n|turn|6\n|\n|t:|1699881409\n|-end|p1a: Iron Moth|Quark Drive|[silent]\n|switch|p1a: Ogerpon|Ogerpon-Cornerstone, F|100\/100\n|cant|p2a: Muk|slp\n|\n|-heal|p2a: Muk|99\/100 slp|[from] item: Black Sludge\n|upkeep\n|turn|7\n|inactive|COALLA123456789 has 120 seconds left.\n|\n|t:|1699881426\n|switch|p2a: Weezing|Weezing-Galar, F|100\/100\n|move|p1a: Ogerpon|Swords Dance|p1a: Ogerpon\n|-boost|p1a: Ogerpon|atk|2\n|\n|upkeep\n|turn|8\n|\n|t:|1699881445\n|-terastallize|p1a: Ogerpon|Rock\n|detailschange|p1a: Ogerpon|Ogerpon-Cornerstone-Tera, F, tera:Rock\n|-ability|p1a: Ogerpon|Embody Aspect (Cornerstone)|boost\n|-boost|p1a: Ogerpon|def|1\n|move|p1a: Ogerpon|Ivy Cudgel|p2a: Weezing\n|-damage|p2a: Weezing|0 fnt\n|faint|p2a: Weezing\n|\n|upkeep\n|inactive|COALLA123456789 has 120 seconds left.\n|\n|t:|1699881473\n|switch|p2a: Maushold|Maushold|100\/100\n|-damage|p2a: Maushold|88\/100|[from] Spikes\n|turn|9\n|\n|t:|1699881488\n|move|p2a: Maushold|Bite|p1a: Ogerpon\n|-damage|p1a: Ogerpon|81\/100\n|move|p1a: Ogerpon|Trailblaze|p2a: Maushold\n|-damage|p2a: Maushold|0 fnt\n|-boost|p1a: Ogerpon|spe|1\n|faint|p2a: Maushold\n|\n|upkeep\n|l| Ctannn\n|\n|t:|1699881500\n|switch|p2a: Great Tusk|Great Tusk|100\/100\n|-damage|p2a: Great Tusk|88\/100|[from] Spikes\n|turn|10\n|j| Ctannn\n|inactive|COALLA123456789 has 90 seconds left.\n|\n|t:|1699881517\n|-terastallize|p2a: Great Tusk|Poison\n|move|p1a: Ogerpon|Trailblaze|p2a: Great Tusk\n|-resisted|p2a: Great Tusk\n|-damage|p2a: Great Tusk|74\/100\n|-boost|p1a: Ogerpon|spe|1\n|-damage|p1a: Ogerpon|65\/100|[from] item: Rocky Helmet|[of] p2a: Great Tusk\n|move|p2a: Great Tusk|Earthquake|p1a: Ogerpon\n|-supereffective|p1a: Ogerpon\n|-crit|p1a: Ogerpon\n|-damage|p1a: Ogerpon|0 fnt\n|faint|p1a: Ogerpon\n|\n|upkeep\n|inactive|Macaxandre1st has 120 seconds left.\n|inactive|Macaxandre1st has 90 seconds left.\n|\n|t:|1699881589\n|switch|p1a: Greninja|Greninja, M|100\/100\n|turn|11\n|inactive|COALLA123456789 has 90 seconds left.\n|\n|t:|1699881616\n|-end|p2a: Great Tusk|Protosynthesis|[silent]\n|switch|p2a: Muk|Muk-Alola, F|99\/100 slp\n|-damage|p2a: Muk|88\/100 slp|[from] Spikes\n|move|p1a: Greninja|Surf|p2a: Muk\n|-damage|p2a: Muk|59\/100 slp\n|-damage|p1a: Greninja|91\/100|[from] item: Life Orb\n|\n|-heal|p2a: Muk|65\/100 slp|[from] item: Black Sludge\n|upkeep\n|turn|12\n|\n|t:|1699881626\n|switch|p1a: Kingambit|Kingambit, F|100\/100\n|-activate|p1a: Kingambit|ability: Supreme Overlord\n|-start|p1a: Kingambit|fallen2|[silent]\n|cant|p2a: Muk|slp\n|\n|-heal|p2a: Muk|71\/100 slp|[from] item: Black Sludge\n|upkeep\n|turn|13\n|j| OUFC Mu Xuanyin\n|inactive|COALLA123456789 has 90 seconds left.\n|inactive|Macaxandre1st has 90 seconds left.\n|\n|t:|1699881648\n|-end|p1a: Kingambit|fallen2|[silent]\n|switch|p1a: Gholdengo|Gholdengo|100\/100\n|-item|p1a: Gholdengo|Air Balloon\n|cant|p2a: Muk|slp\n|\n|-heal|p2a: Muk|77\/100 slp|[from] item: Black Sludge\n|upkeep\n|turn|14\n|l| ApostleMC\n|inactive|Macaxandre1st has 90 seconds left.\n|\n|t:|1699881659\n|move|p1a: Gholdengo|Nasty Plot|p1a: Gholdengo\n|-boost|p1a: Gholdengo|spa|2\n|-curestatus|p2a: Muk|slp|[msg]\n|move|p2a: Muk|Knock Off|p1a: Gholdengo\n|-supereffective|p1a: Gholdengo\n|-damage|p1a: Gholdengo|52\/100\n|-enditem|p1a: Gholdengo|Air Balloon\n|\n|-heal|p2a: Muk|84\/100|[from] item: Black Sludge\n|upkeep\n|turn|15\n|inactive|COALLA123456789 has 90 seconds left.\n|\n|t:|1699881679\n|move|p1a: Gholdengo|Recover|p1a: Gholdengo\n|-heal|p1a: Gholdengo|100\/100\n|move|p2a: Muk|Knock Off|p1a: Gholdengo\n|-supereffective|p1a: Gholdengo\n|-damage|p1a: Gholdengo|68\/100\n|\n|-heal|p2a: Muk|90\/100|[from] item: Black Sludge\n|upkeep\n|turn|16\n|\n|t:|1699881690\n|move|p1a: Gholdengo|Nasty Plot|p1a: Gholdengo\n|-boost|p1a: Gholdengo|spa|2\n|move|p2a: Muk|Knock Off|p1a: Gholdengo\n|-supereffective|p1a: Gholdengo\n|-damage|p1a: Gholdengo|33\/100\n|\n|-heal|p2a: Muk|96\/100|[from] item: Black Sludge\n|upkeep\n|turn|17\n|\n|t:|1699881693\n|switch|p2a: Walking Wake|Walking Wake|60\/100\n|-damage|p2a: Walking Wake|47\/100|[from] Spikes\n|move|p1a: Gholdengo|Recover|p1a: Gholdengo\n|-heal|p1a: Gholdengo|83\/100\n|\n|upkeep\n|turn|18\n|\n|t:|1699881719\n|move|p2a: Walking Wake|Flamethrower|p1a: Gholdengo\n|-supereffective|p1a: Gholdengo\n|-damage|p1a: Gholdengo|17\/100\n|move|p1a: Gholdengo|Shadow Ball|p2a: Walking Wake\n|-damage|p2a: Walking Wake|0 fnt\n|faint|p2a: Walking Wake\n|-end|p2a: Walking Wake|Protosynthesis|[silent]\n|\n|upkeep\n|\n|t:|1699881733\n|switch|p2a: Dragonite|Dragonite, F|100\/100\n|turn|19\n|\n|t:|1699881748\n|switch|p1a: Iron Moth|Iron Moth|52\/100\n|move|p2a: Dragonite|Earthquake|p1a: Iron Moth\n|-supereffective|p1a: Iron Moth\n|-damage|p1a: Iron Moth|0 fnt\n|faint|p1a: Iron Moth\n|-end|p1a: Iron Moth|Quark Drive|[silent]\n|\n|upkeep\n|\n|t:|1699881757\n|switch|p1a: Greninja|Greninja, M|91\/100\n|turn|20\n|\n|t:|1699881768\n|switch|p2a: Muk|Muk-Alola, F|96\/100\n|-damage|p2a: Muk|83\/100|[from] Spikes\n|move|p1a: Greninja|Ice Beam|p2a: Muk\n|-damage|p2a: Muk|63\/100\n|-status|p2a: Muk|frz\n|-damage|p1a: Greninja|81\/100|[from] item: Life Orb\n|\n|-heal|p2a: Muk|69\/100 frz|[from] item: Black Sludge\n|upkeep\n|turn|21\n|c|\u2606COALLA123456789|oh boy...\n|c|\u2606Macaxandre1st|you crit my ogerpon\n|c|\u2606COALLA123456789|not complaining lol\n|inactive|COALLA123456789 has 90 seconds left.\n|c|\u2606COALLA123456789|but it's tough\n|c|\u2606Macaxandre1st|so what oh boy mean\n|c|\u2606COALLA123456789|oh boy\n|c|\u2606COALLA123456789|what do I do here\n|c|\u2606COALLA123456789|that's all lol\n|inactive|COALLA123456789 has 60 seconds left.\n|c|\u2606Macaxandre1st|pray to defreeze\n|c|\u2606COALLA123456789|lol pretty much\n|\n|t:|1699881853\n|switch|p1a: Gholdengo|Gholdengo|17\/100\n|cant|p2a: Muk|frz\n|\n|-heal|p2a: Muk|75\/100 frz|[from] item: Black Sludge\n|upkeep\n|turn|22\n|\n|t:|1699881858\n|switch|p2a: Dragonite|Dragonite, F|100\/100\n|move|p1a: Gholdengo|Recover|p1a: Gholdengo\n|-heal|p1a: Gholdengo|67\/100\n|\n|upkeep\n|turn|23\n|inactive|Macaxandre1st has 90 seconds left.\n|\n|t:|1699881902\n|move|p2a: Dragonite|Earthquake|p1a: Gholdengo\n|-supereffective|p1a: Gholdengo\n|-damage|p1a: Gholdengo|0 fnt\n|faint|p1a: Gholdengo\n|\n|upkeep\n|\n|t:|1699881906\n|switch|p1a: Greninja|Greninja, M|81\/100\n|turn|24\n|\n|t:|1699881923\n|switch|p2a: Muk|Muk-Alola, F|75\/100 frz\n|-damage|p2a: Muk|63\/100 frz|[from] Spikes\n|move|p1a: Greninja|Surf|p2a: Muk\n|-damage|p2a: Muk|29\/100 frz\n|-damage|p1a: Greninja|71\/100|[from] item: Life Orb\n|\n|-heal|p2a: Muk|35\/100 frz|[from] item: Black Sludge\n|upkeep\n|turn|25\n|inactive|COALLA123456789 has 60 seconds left.\n|\n|t:|1699881941\n|cant|p2a: Muk|frz\n|move|p1a: Greninja|Surf|p2a: Muk\n|-damage|p2a: Muk|7\/100 frz\n|-damage|p1a: Greninja|61\/100|[from] item: Life Orb\n|\n|-heal|p2a: Muk|13\/100 frz|[from] item: Black Sludge\n|upkeep\n|turn|26\n|\n|t:|1699881946\n|cant|p2a: Muk|frz\n|move|p1a: Greninja|Surf|p2a: Muk\n|-damage|p2a: Muk|0 fnt\n|faint|p2a: Muk\n|-ability|p1a: Greninja|Battle Bond|boost\n|-boost|p1a: Greninja|atk|1\n|-boost|p1a: Greninja|spa|1\n|-boost|p1a: Greninja|spe|1\n|-activate|p1a: Greninja|ability: Battle Bond\n|-damage|p1a: Greninja|51\/100|[from] item: Life Orb\n|\n|upkeep\n|\n|t:|1699881951\n|switch|p2a: Dragonite|Dragonite, F|100\/100\n|turn|27\n|inactive|Macaxandre1st has 90 seconds left.\n|\n|t:|1699881968\n|move|p2a: Dragonite|Extreme Speed|p1a: Greninja\n|-damage|p1a: Greninja|0 fnt\n|faint|p1a: Greninja\n|\n|upkeep\n|\n|t:|1699881973\n|switch|p1a: Kingambit|Kingambit, F|100\/100\n|-activate|p1a: Kingambit|ability: Supreme Overlord\n|-start|p1a: Kingambit|fallen5|[silent]\n|turn|28\n|\n|t:|1699881981\n|switch|p2a: Great Tusk|Great Tusk, tera:Poison|74\/100\n|-damage|p2a: Great Tusk|62\/100|[from] Spikes\n|move|p1a: Kingambit|Kowtow Cleave|p2a: Great Tusk\n|-damage|p2a: Great Tusk|21\/100\n|-damage|p1a: Kingambit|84\/100|[from] item: Rocky Helmet|[of] p2a: Great Tusk\n|\n|-heal|p1a: Kingambit|90\/100|[from] item: Leftovers\n|upkeep\n|turn|29\n|\n|t:|1699881992\n|move|p1a: Kingambit|Sucker Punch|p2a: Great Tusk\n|-damage|p2a: Great Tusk|0 fnt\n|-damage|p1a: Kingambit|74\/100|[from] item: Rocky Helmet|[of] p2a: Great Tusk\n|faint|p2a: Great Tusk\n|-end|p2a: Great Tusk|Protosynthesis|[silent]\n|\n|-heal|p1a: Kingambit|80\/100|[from] item: Leftovers\n|upkeep\n|\n|t:|1699881996\n|switch|p2a: Dragonite|Dragonite, F|100\/100\n|turn|30\n|\n|t:|1699882004\n|move|p2a: Dragonite|Earthquake|p1a: Kingambit\n|-supereffective|p1a: Kingambit\n|-damage|p1a: Kingambit|0 fnt\n|faint|p1a: Kingambit\n|-end|p1a: Kingambit|fallen5|[silent]\n|\n|win|COALLA123456789\n|raw|Macaxandre1st's rating: 1668 &rarr; <strong>1649<\/strong><br \/>(-19 for losing)\n|raw|COALLA123456789's rating: 1678 &rarr; <strong>1697<\/strong><br \/>(+19 for winning)\n|c|\u2606COALLA123456789|gg\n|c|\u2606Macaxandre1st|gg\n|l|\u2606Macaxandre1st\n|l|\u2606COALLA123456789\n|l| Ctannn\n","uploadtime":1699882077,"views":7,"p1id":"macaxandre1st","p2id":"coalla123456789","formatid":"gen9ou","rating":1649,"private":0,"password":""}