{"id":"gen9ou-1992343462","p1":"ss_wobblewok","p2":"Mythic's Shadow","format":"[Gen 9] OU","log":"|j|\u2606ss_wobblewok\n|j|\u2606Mythic's Shadow\n|t:|1700176775\n|gametype|singles\n|player|p1|ss_wobblewok|parasollady|1290\n|player|p2|Mythic's Shadow|tate|1286\n|teamsize|p1|6\n|teamsize|p2|6\n|gen|9\n|tier|[Gen 9] OU\n|rated|\n|rule|Sleep Clause Mod: Limit one foe put to sleep\n|rule|Species Clause: Limit one of each Pok\u00e9mon\n|rule|OHKO Clause: OHKO moves are banned\n|rule|Evasion Items Clause: Evasion items are banned\n|rule|Evasion Moves Clause: Evasion moves are banned\n|rule|Endless Battle Clause: Forcing endless battles is banned\n|rule|HP Percentage Mod: HP is shown in percentages\n|clearpoke\n|poke|p1|Iron Moth|\n|poke|p1|Rillaboom, M|\n|poke|p1|Zamazenta-*|\n|poke|p1|Manaphy|\n|poke|p1|Heatran, F|\n|poke|p1|Great Tusk|\n|poke|p2|Polteageist|\n|poke|p2|Ogerpon-Wellspring, F|\n|poke|p2|Ribombee, F|\n|poke|p2|Quaquaval, M|\n|poke|p2|Hatterene, F|\n|poke|p2|Kingambit, M|\n|teampreview\n|inactive|Battle timer is ON: inactive players will automatically lose when time's up. (requested by Mythic's Shadow)\n|\n|t:|1700176782\n|start\n|switch|p1a: Heatran|Heatran, F|100\/100\n|switch|p2a: Polteageist|Polteageist, shiny|100\/100\n|-item|p1a: Heatran|Air Balloon\n|turn|1\n|c|\u2606Mythic's Shadow|glhf\n|\n|t:|1700176789\n|move|p2a: Polteageist|Shell Smash|p2a: Polteageist\n|-unboost|p2a: Polteageist|def|1\n|-unboost|p2a: Polteageist|spd|1\n|-boost|p2a: Polteageist|atk|2\n|-boost|p2a: Polteageist|spa|2\n|-boost|p2a: Polteageist|spe|2\n|move|p1a: Heatran|Magma Storm|p2a: Polteageist\n|-enditem|p2a: Polteageist|Focus Sash\n|-damage|p2a: Polteageist|1\/100\n|-activate|p2a: Polteageist|move: Magma Storm|[of] p1a: Heatran\n|\n|-damage|p2a: Polteageist|0 fnt|[from] move: Magma Storm|[partiallytrapped]\n|faint|p2a: Polteageist\n|upkeep\n|\n|t:|1700176797\n|switch|p2a: Quaquaval|Quaquaval, M|100\/100\n|turn|2\n|\n|t:|1700176804\n|switch|p1a: Rillaboom|Rillaboom, M|100\/100\n|-fieldstart|move: Grassy Terrain|[from] ability: Grassy Surge|[of] p1a: Rillaboom\n|move|p2a: Quaquaval|Aqua Step|p1a: Rillaboom\n|-resisted|p1a: Rillaboom\n|-damage|p1a: Rillaboom|72\/100\n|-boost|p2a: Quaquaval|spe|1\n|\n|-heal|p1a: Rillaboom|79\/100|[from] Grassy Terrain\n|upkeep\n|turn|3\n|\n|t:|1700176809\n|move|p2a: Quaquaval|Ice Spinner|p1a: Rillaboom\n|-supereffective|p1a: Rillaboom\n|-damage|p1a: Rillaboom|18\/100\n|-fieldend|move: Grassy Terrain\n|move|p1a: Rillaboom|U-turn|p2a: Quaquaval\n|-resisted|p2a: Quaquaval\n|-damage|p2a: Quaquaval|79\/100\n|\n|t:|1700176822\n|switch|p1a: Zamazenta|Zamazenta|100\/100|[from] U-turn\n|-ability|p1a: Zamazenta|Dauntless Shield|boost\n|-boost|p1a: Zamazenta|def|1\n|\n|upkeep\n|turn|4\n|\n|t:|1700176833\n|move|p2a: Quaquaval|Aqua Step|p1a: Zamazenta\n|-damage|p1a: Zamazenta|71\/100\n|-boost|p2a: Quaquaval|spe|1\n|move|p1a: Zamazenta|Iron Defense|p1a: Zamazenta\n|-boost|p1a: Zamazenta|def|2\n|\n|-heal|p1a: Zamazenta|77\/100|[from] item: Leftovers\n|upkeep\n|turn|5\n|\n|t:|1700176845\n|switch|p2a: Ribombee|Ribombee, F|100\/100\n|move|p1a: Zamazenta|Iron Defense|p1a: Zamazenta\n|-boost|p1a: Zamazenta|def|2\n|\n|-heal|p1a: Zamazenta|83\/100|[from] item: Leftovers\n|upkeep\n|turn|6\n|\n|t:|1700176851\n|switch|p1a: Heatran|Heatran, F|100\/100\n|-item|p1a: Heatran|Air Balloon\n|move|p2a: Ribombee|Moonblast|p1a: Heatran\n|-resisted|p1a: Heatran\n|-damage|p1a: Heatran|92\/100\n|-enditem|p1a: Heatran|Air Balloon\n|\n|upkeep\n|turn|7\n|\n|t:|1700176858\n|move|p2a: Ribombee|Sticky Web|p1a: Heatran\n|-sidestart|p1: ss_wobblewok|move: Sticky Web\n|move|p1a: Heatran|Magma Storm|p2a: Ribombee|[miss]\n|-miss|p1a: Heatran|p2a: Ribombee\n|\n|upkeep\n|turn|8\n|\n|t:|1700176867\n|switch|p2a: Quaquaval|Quaquaval, M|79\/100\n|move|p1a: Heatran|Magma Storm|p2a: Quaquaval\n|-resisted|p2a: Quaquaval\n|-damage|p2a: Quaquaval|38\/100\n|-activate|p2a: Quaquaval|move: Magma Storm|[of] p1a: Heatran\n|\n|-damage|p2a: Quaquaval|26\/100|[from] move: Magma Storm|[partiallytrapped]\n|upkeep\n|turn|9\n|c|\u2606ss_wobblewok|Thats so awesome\n|\n|t:|1700176885\n|-terastallize|p1a: Heatran|Grass\n|move|p2a: Quaquaval|Aqua Step|p1a: Heatran\n|-resisted|p1a: Heatran\n|-damage|p1a: Heatran|72\/100\n|-boost|p2a: Quaquaval|spe|1\n|move|p1a: Heatran|Magma Storm|p2a: Quaquaval\n|-resisted|p2a: Quaquaval\n|-damage|p2a: Quaquaval|0 fnt\n|faint|p2a: Quaquaval\n|\n|upkeep\n|c|\u2606Mythic's Shadow|thanks\n|\n|t:|1700176894\n|switch|p2a: Ogerpon|Ogerpon-Wellspring, F|100\/100\n|turn|10\n|\n|t:|1700176907\n|move|p2a: Ogerpon|Swords Dance|p2a: Ogerpon\n|-boost|p2a: Ogerpon|atk|2\n|move|p1a: Heatran|Magma Storm|p2a: Ogerpon\n|-damage|p2a: Ogerpon|29\/100\n|-activate|p2a: Ogerpon|move: Magma Storm|[of] p1a: Heatran\n|\n|-damage|p2a: Ogerpon|16\/100|[from] move: Magma Storm|[partiallytrapped]\n|upkeep\n|turn|11\n|inactive|Mythic's Shadow has 120 seconds left.\n|\n|t:|1700176939\n|-terastallize|p2a: Ogerpon|Water\n|detailschange|p2a: Ogerpon|Ogerpon-Wellspring-Tera, F, tera:Water\n|-ability|p2a: Ogerpon|Embody Aspect (Wellspring)|boost\n|-boost|p2a: Ogerpon|spd|1\n|move|p2a: Ogerpon|Ivy Cudgel|p1a: Heatran|[anim] Ivy Cudgel Water\n|-resisted|p1a: Heatran\n|-damage|p1a: Heatran|9\/100\n|move|p1a: Heatran|Stealth Rock|p2a: Ogerpon\n|-sidestart|p2: Mythic's Shadow|move: Stealth Rock\n|\n|-damage|p2a: Ogerpon|4\/100|[from] move: Magma Storm|[partiallytrapped]\n|upkeep\n|turn|12\n|\n|t:|1700176951\n|move|p2a: Ogerpon|Ivy Cudgel|p1a: Heatran|[anim] Ivy Cudgel Water\n|-resisted|p1a: Heatran\n|-damage|p1a: Heatran|0 fnt\n|faint|p1a: Heatran\n|\n|-end|p2a: Ogerpon|Magma Storm|[partiallytrapped]|[silent]\n|upkeep\n|\n|t:|1700176953\n|switch|p1a: Rillaboom|Rillaboom, M|18\/100\n|-activate|p1a: Rillaboom|move: Sticky Web\n|-unboost|p1a: Rillaboom|spe|1\n|-fieldstart|move: Grassy Terrain|[from] ability: Grassy Surge|[of] p1a: Rillaboom\n|turn|13\n|\n|t:|1700176958\n|move|p1a: Rillaboom|Grassy Glide|p2a: Ogerpon\n|-supereffective|p2a: Ogerpon\n|-damage|p2a: Ogerpon|0 fnt\n|faint|p2a: Ogerpon\n|\n|-heal|p1a: Rillaboom|24\/100|[from] Grassy Terrain\n|upkeep\n|\n|t:|1700176961\n|switch|p2a: Hatterene|Hatterene, F|100\/100\n|-damage|p2a: Hatterene|88\/100|[from] Stealth Rock\n|turn|14\n|\n|t:|1700176967\n|move|p1a: Rillaboom|Grassy Glide|p2a: Hatterene\n|-damage|p2a: Hatterene|22\/100\n|move|p2a: Hatterene|Calm Mind|p2a: Hatterene\n|-boost|p2a: Hatterene|spa|1\n|-boost|p2a: Hatterene|spd|1\n|\n|-heal|p1a: Rillaboom|30\/100|[from] Grassy Terrain\n|-heal|p2a: Hatterene|28\/100|[from] Grassy Terrain\n|-heal|p2a: Hatterene|34\/100|[from] item: Leftovers\n|upkeep\n|turn|15\n|\n|t:|1700176972\n|move|p1a: Rillaboom|Grassy Glide|p2a: Hatterene\n|-damage|p2a: Hatterene|0 fnt\n|faint|p2a: Hatterene\n|\n|-heal|p1a: Rillaboom|37\/100|[from] Grassy Terrain\n|upkeep\n|\n|t:|1700176973\n|switch|p2a: Ribombee|Ribombee, F|100\/100\n|-damage|p2a: Ribombee|76\/100|[from] Stealth Rock\n|turn|16\n|\n|t:|1700176977\n|move|p1a: Rillaboom|Grassy Glide|p2a: Ribombee\n|-resisted|p2a: Ribombee\n|-damage|p2a: Ribombee|17\/100\n|move|p2a: Ribombee|Quiver Dance|p2a: Ribombee\n|-boost|p2a: Ribombee|spa|1\n|-boost|p2a: Ribombee|spd|1\n|-boost|p2a: Ribombee|spe|1\n|\n|-heal|p2a: Ribombee|23\/100|[from] Grassy Terrain\n|-heal|p1a: Rillaboom|43\/100|[from] Grassy Terrain\n|upkeep\n|turn|17\n|\n|t:|1700176983\n|move|p1a: Rillaboom|Grassy Glide|p2a: Ribombee\n|-resisted|p2a: Ribombee\n|-damage|p2a: Ribombee|0 fnt\n|faint|p2a: Ribombee\n|\n|-heal|p1a: Rillaboom|49\/100|[from] Grassy Terrain\n|-fieldend|move: Grassy Terrain\n|upkeep\n|\n|t:|1700176986\n|switch|p2a: Kingambit|Kingambit, M|100\/100\n|-damage|p2a: Kingambit|94\/100|[from] Stealth Rock\n|turn|18\n|\n|t:|1700177000\n|switch|p1a: Zamazenta|Zamazenta|83\/100\n|-activate|p1a: Zamazenta|move: Sticky Web\n|-unboost|p1a: Zamazenta|spe|1\n|move|p2a: Kingambit|Swords Dance|p2a: Kingambit\n|-boost|p2a: Kingambit|atk|2\n|\n|-heal|p1a: Zamazenta|89\/100|[from] item: Leftovers\n|upkeep\n|turn|19\n|\n|t:|1700177023\n|move|p2a: Kingambit|Sucker Punch||[still]\n|-fail|p2a: Kingambit\n|move|p1a: Zamazenta|Iron Defense|p1a: Zamazenta\n|-boost|p1a: Zamazenta|def|2\n|\n|-heal|p1a: Zamazenta|96\/100|[from] item: Leftovers\n|upkeep\n|turn|20\n|-message|Mythic's Shadow forfeited.\n|\n|win|ss_wobblewok\n|raw|ss_wobblewok's rating: 1290 &rarr; <strong>1315<\/strong><br \/>(+25 for winning)\n|raw|Mythic&apos;s Shadow's rating: 1286 &rarr; <strong>1261<\/strong><br \/>(-25 for losing)\n|l|\u2606Mythic's Shadow\n","uploadtime":1700177036,"views":10,"p1id":"sswobblewok","p2id":"mythicsshadow","formatid":"gen9ou","rating":1261,"private":0,"password":""}