{"id":"gen9ou-1991180756","p1":"Dabmast3r","p2":"BlueMidgetJMC","format":"[Gen 9] OU","log":"|j|\u2606Dabmast3r\n|j|\u2606BlueMidgetJMC\n|t:|1700054278\n|gametype|singles\n|player|p1|Dabmast3r|101|1118\n|player|p2|BlueMidgetJMC|brycen|1029\n|teamsize|p1|6\n|teamsize|p2|6\n|gen|9\n|tier|[Gen 9] OU\n|rated|\n|rule|Sleep Clause Mod: Limit one foe put to sleep\n|rule|Species Clause: Limit one of each Pok\u00e9mon\n|rule|OHKO Clause: OHKO moves are banned\n|rule|Evasion Items Clause: Evasion items are banned\n|rule|Evasion Moves Clause: Evasion moves are banned\n|rule|Endless Battle Clause: Forcing endless battles is banned\n|rule|HP Percentage Mod: HP is shown in percentages\n|clearpoke\n|poke|p1|Ariados, F|\n|poke|p1|Arbok, F|\n|poke|p1|Iron Moth|\n|poke|p1|Toxapex, M|\n|poke|p1|Clodsire, M|\n|poke|p1|Overqwil, M|\n|poke|p2|Garchomp, M|\n|poke|p2|Azumarill, M|\n|poke|p2|Corviknight, M|\n|poke|p2|Ceruledge, M|\n|poke|p2|Gallade, M|\n|poke|p2|Kingambit, M|\n|teampreview\n|inactive|Battle timer is ON: inactive players will automatically lose when time's up. (requested by Dabmast3r)\n|\n|t:|1700054300\n|start\n|switch|p1a: Ariados|Ariados, F|100\/100\n|switch|p2a: Lancelot|Garchomp, M|100\/100\n|turn|1\n|\n|t:|1700054309\n|move|p2a: Lancelot|Stealth Rock|p1a: Ariados\n|-sidestart|p1: Dabmast3r|move: Stealth Rock\n|move|p1a: Ariados|Toxic Thread|p2a: Lancelot\n|-unboost|p2a: Lancelot|spe|1\n|-status|p2a: Lancelot|psn\n|\n|-damage|p2a: Lancelot|88\/100 psn|[from] psn\n|upkeep\n|turn|2\n|\n|t:|1700054319\n|move|p2a: Lancelot|Earthquake|p1a: Ariados\n|-damage|p1a: Ariados|29\/100\n|move|p1a: Ariados|Sticky Web|p2a: Lancelot\n|-sidestart|p2: BlueMidgetJMC|move: Sticky Web\n|\n|-damage|p2a: Lancelot|76\/100 psn|[from] psn\n|upkeep\n|turn|3\n|\n|t:|1700054327\n|move|p2a: Lancelot|Dragon Claw|p1a: Ariados\n|-damage|p1a: Ariados|0 fnt\n|faint|p1a: Ariados\n|\n|-damage|p2a: Lancelot|64\/100 psn|[from] psn\n|upkeep\n|\n|t:|1700054346\n|switch|p1a: Arbok|Arbok, F|100\/100\n|-damage|p1a: Arbok|88\/100|[from] Stealth Rock\n|-ability|p1a: Arbok|Intimidate|boost\n|-unboost|p2a: Lancelot|atk|1\n|turn|4\n|\n|t:|1700054356\n|move|p2a: Lancelot|Earthquake|p1a: Arbok\n|-supereffective|p1a: Arbok\n|-damage|p1a: Arbok|23\/100\n|move|p1a: Arbok|Coil|p1a: Arbok\n|-boost|p1a: Arbok|atk|1\n|-boost|p1a: Arbok|def|1\n|-boost|p1a: Arbok|accuracy|1\n|\n|-damage|p2a: Lancelot|51\/100 psn|[from] psn\n|upkeep\n|turn|5\n|\n|t:|1700054367\n|-terastallize|p1a: Arbok|Dragon\n|move|p2a: Lancelot|Earthquake|p1a: Arbok\n|-damage|p1a: Arbok|2\/100\n|move|p1a: Arbok|Scale Shot|p2a: Lancelot\n|-supereffective|p2a: Lancelot\n|-damage|p2a: Lancelot|28\/100 psn\n|-supereffective|p2a: Lancelot\n|-damage|p2a: Lancelot|4\/100 psn\n|-supereffective|p2a: Lancelot\n|-damage|p2a: Lancelot|0 fnt\n|faint|p2a: Lancelot\n|-hitcount|p2: Lancelot|3\n|-unboost|p1a: Arbok|def|1\n|-boost|p1a: Arbok|spe|1\n|\n|upkeep\n|\n|t:|1700054380\n|switch|p2a: Galahad|Azumarill, M, shiny|100\/100\n|-activate|p2a: Galahad|move: Sticky Web\n|-unboost|p2a: Galahad|spe|1\n|turn|6\n|\n|t:|1700054390\n|switch|p1a: Toxapex|Toxapex, M|100\/100\n|-damage|p1a: Toxapex|88\/100|[from] Stealth Rock\n|-item|p1a: Toxapex|Air Balloon\n|move|p2a: Galahad|Play Rough|p1a: Toxapex\n|-resisted|p1a: Toxapex\n|-damage|p1a: Toxapex|70\/100\n|-unboost|p1a: Toxapex|atk|1\n|-enditem|p1a: Toxapex|Air Balloon\n|\n|upkeep\n|turn|7\n|\n|t:|1700054403\n|move|p1a: Toxapex|Infestation|p2a: Galahad\n|-resisted|p2a: Galahad\n|-damage|p2a: Galahad|99\/100\n|-activate|p2a: Galahad|move: Infestation|[of] p1a: Toxapex\n|move|p2a: Galahad|Trailblaze|p1a: Toxapex\n|-damage|p1a: Toxapex|57\/100\n|-boost|p2a: Galahad|spe|1\n|\n|-heal|p2a: Galahad|100\/100|[from] item: Leftovers\n|-damage|p2a: Galahad|88\/100|[from] move: Infestation|[partiallytrapped]\n|upkeep\n|turn|8\n|\n|t:|1700054416\n|move|p2a: Galahad|Belly Drum|p2a: Galahad\n|-damage|p2a: Galahad|38\/100\n|-setboost|p2a: Galahad|atk|6|[from] move: Belly Drum\n|move|p1a: Toxapex|Iron Defense|p1a: Toxapex\n|-boost|p1a: Toxapex|def|2\n|\n|-heal|p2a: Galahad|44\/100|[from] item: Leftovers\n|-damage|p2a: Galahad|32\/100|[from] move: Infestation|[partiallytrapped]\n|upkeep\n|turn|9\n|\n|t:|1700054426\n|move|p1a: Toxapex|Baneful Bunker|p1a: Toxapex\n|-singleturn|p1a: Toxapex|move: Protect\n|move|p2a: Galahad|Trailblaze|p1a: Toxapex\n|-activate|p1a: Toxapex|move: Protect\n|-status|p2a: Galahad|psn\n|\n|-heal|p2a: Galahad|38\/100 psn|[from] item: Leftovers\n|-damage|p2a: Galahad|26\/100 psn|[from] psn\n|-damage|p2a: Galahad|13\/100 psn|[from] move: Infestation|[partiallytrapped]\n|upkeep\n|turn|10\n|\n|t:|1700054438\n|switch|p1a: Arbok|Arbok, F, tera:Dragon|2\/100\n|-damage|p1a: Arbok|0 fnt|[from] Stealth Rock\n|faint|p1a: Arbok\n|move|p2a: Galahad|Trailblaze|p1: Arbok|[notarget]\n|-fail|p2a: Galahad\n|\n|-heal|p2a: Galahad|20\/100 psn|[from] item: Leftovers\n|-damage|p2a: Galahad|7\/100 psn|[from] psn\n|-end|p2a: Galahad|Infestation|[partiallytrapped]|[silent]\n|upkeep\n|\n|t:|1700054458\n|switch|p1a: Toxapex|Toxapex, M|90\/100\n|-damage|p1a: Toxapex|77\/100|[from] Stealth Rock\n|turn|11\n|\n|t:|1700054462\n|move|p1a: Toxapex|Baneful Bunker|p1a: Toxapex\n|-singleturn|p1a: Toxapex|move: Protect\n|move|p2a: Galahad|Trailblaze|p1a: Toxapex\n|-activate|p1a: Toxapex|move: Protect\n|\n|-heal|p2a: Galahad|13\/100 psn|[from] item: Leftovers\n|-damage|p2a: Galahad|1\/100 psn|[from] psn\n|upkeep\n|turn|12\n|\n|t:|1700054474\n|switch|p1a: Clodsire|Clodsire, M|100\/100\n|-damage|p1a: Clodsire|94\/100|[from] Stealth Rock\n|move|p2a: Galahad|Trailblaze|p1a: Clodsire\n|-damage|p1a: Clodsire|77\/100\n|-boost|p2a: Galahad|spe|1\n|\n|-heal|p2a: Galahad|7\/100 psn|[from] item: Leftovers\n|-heal|p1a: Clodsire|84\/100|[from] item: Leftovers\n|-damage|p2a: Galahad|0 fnt|[from] psn\n|faint|p2a: Galahad\n|upkeep\n|\n|t:|1700054490\n|switch|p2a: Bedivere|Gallade, M|100\/100\n|-activate|p2a: Bedivere|move: Sticky Web\n|-unboost|p2a: Bedivere|spe|1\n|turn|13\n|\n|t:|1700054496\n|switch|p1a: Overqwil|Overqwil, M|100\/100\n|-damage|p1a: Overqwil|88\/100|[from] Stealth Rock\n|move|p2a: Bedivere|Psycho Cut|p1a: Overqwil\n|-immune|p1a: Overqwil\n|\n|upkeep\n|turn|14\n|\n|t:|1700054508\n|move|p1a: Overqwil|Crunch|p2a: Bedivere\n|-damage|p2a: Bedivere|30\/100\n|move|p2a: Bedivere|Sacred Sword|p1a: Overqwil\n|-damage|p1a: Overqwil|8\/100\n|\n|upkeep\n|turn|15\n|\n|t:|1700054518\n|move|p1a: Overqwil|Crunch|p2a: Bedivere\n|-damage|p2a: Bedivere|0 fnt\n|faint|p2a: Bedivere\n|\n|upkeep\n|\n|t:|1700054522\n|switch|p2a: Tristan|Corviknight, M|100\/100\n|-ability|p2a: Tristan|Pressure\n|turn|16\n|\n|t:|1700054540\n|switch|p1a: Toxapex|Toxapex, M|100\/100\n|-damage|p1a: Toxapex|88\/100|[from] Stealth Rock\n|move|p2a: Tristan|Body Press|p1a: Toxapex\n|-resisted|p1a: Toxapex\n|-damage|p1a: Toxapex|82\/100\n|\n|upkeep\n|turn|17\n|\n|t:|1700054550\n|move|p2a: Tristan|Hone Claws|p2a: Tristan\n|-boost|p2a: Tristan|atk|1\n|-boost|p2a: Tristan|accuracy|1\n|move|p1a: Toxapex|Iron Defense|p1a: Toxapex\n|-boost|p1a: Toxapex|def|2\n|\n|upkeep\n|turn|18\n|\n|t:|1700054557\n|move|p2a: Tristan|Hone Claws|p2a: Tristan\n|-boost|p2a: Tristan|atk|1\n|-boost|p2a: Tristan|accuracy|1\n|move|p1a: Toxapex|Iron Defense|p1a: Toxapex\n|-boost|p1a: Toxapex|def|2\n|\n|upkeep\n|turn|19\n|\n|t:|1700054563\n|move|p2a: Tristan|Iron Head|p1a: Toxapex\n|-resisted|p1a: Toxapex\n|-damage|p1a: Toxapex|75\/100\n|move|p1a: Toxapex|Iron Defense|p1a: Toxapex\n|-boost|p1a: Toxapex|def|2\n|\n|upkeep\n|turn|20\n|\n|t:|1700054574\n|move|p2a: Tristan|Brave Bird|p1a: Toxapex\n|-damage|p1a: Toxapex|60\/100\n|-damage|p2a: Tristan|97\/100|[from] Recoil\n|move|p1a: Toxapex|Infestation|p2a: Tristan\n|-resisted|p2a: Tristan\n|-damage|p2a: Tristan|96\/100\n|-activate|p2a: Tristan|move: Infestation|[of] p1a: Toxapex\n|\n|-heal|p2a: Tristan|100\/100|[from] item: Leftovers\n|-damage|p2a: Tristan|88\/100|[from] move: Infestation|[partiallytrapped]\n|upkeep\n|turn|21\n|\n|t:|1700054586\n|move|p1a: Toxapex|Baneful Bunker|p1a: Toxapex\n|-singleturn|p1a: Toxapex|move: Protect\n|move|p2a: Tristan|Brave Bird|p1a: Toxapex\n|-activate|p1a: Toxapex|move: Protect\n|\n|-heal|p2a: Tristan|94\/100|[from] item: Leftovers\n|-damage|p2a: Tristan|82\/100|[from] move: Infestation|[partiallytrapped]\n|upkeep\n|turn|22\n|\n|t:|1700054602\n|move|p2a: Tristan|Hone Claws|p2a: Tristan\n|-boost|p2a: Tristan|atk|1\n|-boost|p2a: Tristan|accuracy|1\n|move|p1a: Toxapex|Infestation|p2a: Tristan\n|-resisted|p2a: Tristan\n|-damage|p2a: Tristan|81\/100\n|\n|-heal|p2a: Tristan|87\/100|[from] item: Leftovers\n|-damage|p2a: Tristan|75\/100|[from] move: Infestation|[partiallytrapped]\n|upkeep\n|turn|23\n|\n|t:|1700054618\n|move|p2a: Tristan|Hone Claws|p2a: Tristan\n|-boost|p2a: Tristan|atk|1\n|-boost|p2a: Tristan|accuracy|1\n|move|p1a: Toxapex|Infestation|p2a: Tristan\n|-resisted|p2a: Tristan\n|-damage|p2a: Tristan|74\/100\n|\n|-heal|p2a: Tristan|80\/100|[from] item: Leftovers\n|-damage|p2a: Tristan|68\/100|[from] move: Infestation|[partiallytrapped]\n|upkeep\n|turn|24\n|\n|t:|1700054629\n|move|p1a: Toxapex|Baneful Bunker|p1a: Toxapex\n|-singleturn|p1a: Toxapex|move: Protect\n|move|p2a: Tristan|Brave Bird|p1a: Toxapex\n|-activate|p1a: Toxapex|move: Protect\n|\n|-heal|p2a: Tristan|74\/100|[from] item: Leftovers\n|-damage|p2a: Tristan|62\/100|[from] move: Infestation|[partiallytrapped]\n|upkeep\n|turn|25\n|\n|t:|1700054639\n|move|p2a: Tristan|Brave Bird|p1a: Toxapex\n|-damage|p1a: Toxapex|36\/100\n|-damage|p2a: Tristan|56\/100|[from] Recoil\n|move|p1a: Toxapex|Iron Defense|p1a: Toxapex\n|-boost|p1a: Toxapex|def|0\n|\n|-heal|p2a: Tristan|62\/100|[from] item: Leftovers\n|-end|p2a: Tristan|Infestation|[partiallytrapped]\n|upkeep\n|turn|26\n|\n|t:|1700054648\n|move|p2a: Tristan|Brave Bird|p1a: Toxapex\n|-damage|p1a: Toxapex|14\/100\n|-damage|p2a: Tristan|56\/100|[from] Recoil\n|move|p1a: Toxapex|Recover|p1a: Toxapex\n|-heal|p1a: Toxapex|64\/100\n|\n|-heal|p2a: Tristan|62\/100|[from] item: Leftovers\n|upkeep\n|turn|27\n|\n|t:|1700054658\n|move|p2a: Tristan|Hone Claws|p2a: Tristan\n|-boost|p2a: Tristan|atk|1\n|-boost|p2a: Tristan|accuracy|1\n|move|p1a: Toxapex|Infestation|p2a: Tristan\n|-resisted|p2a: Tristan\n|-damage|p2a: Tristan|62\/100\n|-activate|p2a: Tristan|move: Infestation|[of] p1a: Toxapex\n|\n|-heal|p2a: Tristan|68\/100|[from] item: Leftovers\n|-damage|p2a: Tristan|55\/100|[from] move: Infestation|[partiallytrapped]\n|upkeep\n|turn|28\n|\n|t:|1700054668\n|move|p1a: Toxapex|Baneful Bunker|p1a: Toxapex\n|-singleturn|p1a: Toxapex|move: Protect\n|move|p2a: Tristan|Hone Claws|p2a: Tristan\n|-boost|p2a: Tristan|atk|1\n|-boost|p2a: Tristan|accuracy|1\n|\n|-heal|p2a: Tristan|61\/100|[from] item: Leftovers\n|-damage|p2a: Tristan|49\/100|[from] move: Infestation|[partiallytrapped]\n|upkeep\n|turn|29\n|\n|t:|1700054678\n|move|p2a: Tristan|Brave Bird|p1a: Toxapex\n|-damage|p1a: Toxapex|35\/100\n|-damage|p2a: Tristan|42\/100|[from] Recoil\n|move|p1a: Toxapex|Recover|p1a: Toxapex\n|-heal|p1a: Toxapex|85\/100\n|\n|-heal|p2a: Tristan|48\/100|[from] item: Leftovers\n|-damage|p2a: Tristan|35\/100|[from] move: Infestation|[partiallytrapped]\n|upkeep\n|turn|30\n|\n|t:|1700054692\n|move|p1a: Toxapex|Baneful Bunker|p1a: Toxapex\n|-singleturn|p1a: Toxapex|move: Protect\n|move|p2a: Tristan|Brave Bird|p1a: Toxapex\n|-activate|p1a: Toxapex|move: Protect\n|\n|-heal|p2a: Tristan|41\/100|[from] item: Leftovers\n|-damage|p2a: Tristan|29\/100|[from] move: Infestation|[partiallytrapped]\n|upkeep\n|turn|31\n|\n|t:|1700054702\n|move|p2a: Tristan|Brave Bird|p1a: Toxapex\n|-damage|p1a: Toxapex|52\/100\n|-damage|p2a: Tristan|21\/100|[from] Recoil\n|move|p1a: Toxapex|Iron Defense|p1a: Toxapex\n|-boost|p1a: Toxapex|def|0\n|\n|-heal|p2a: Tristan|27\/100|[from] item: Leftovers\n|-damage|p2a: Tristan|15\/100|[from] move: Infestation|[partiallytrapped]\n|upkeep\n|turn|32\n|\n|t:|1700054716\n|move|p2a: Tristan|Hone Claws|p2a: Tristan\n|-boost|p2a: Tristan|atk|0\n|-boost|p2a: Tristan|accuracy|0\n|move|p1a: Toxapex|Recover|p1a: Toxapex\n|-heal|p1a: Toxapex|100\/100\n|\n|-heal|p2a: Tristan|21\/100|[from] item: Leftovers\n|-end|p2a: Tristan|Infestation|[partiallytrapped]\n|upkeep\n|turn|33\n|\n|t:|1700054725\n|move|p2a: Tristan|Brave Bird|p1a: Toxapex\n|-damage|p1a: Toxapex|70\/100\n|-damage|p2a: Tristan|13\/100|[from] Recoil\n|move|p1a: Toxapex|Infestation|p2a: Tristan\n|-resisted|p2a: Tristan\n|-damage|p2a: Tristan|12\/100\n|-activate|p2a: Tristan|move: Infestation|[of] p1a: Toxapex\n|\n|-heal|p2a: Tristan|18\/100|[from] item: Leftovers\n|-damage|p2a: Tristan|6\/100|[from] move: Infestation|[partiallytrapped]\n|upkeep\n|turn|34\n|\n|t:|1700054741\n|move|p1a: Toxapex|Baneful Bunker|p1a: Toxapex\n|-singleturn|p1a: Toxapex|move: Protect\n|move|p2a: Tristan|Brave Bird|p1a: Toxapex\n|-activate|p1a: Toxapex|move: Protect\n|\n|-heal|p2a: Tristan|12\/100|[from] item: Leftovers\n|-damage|p2a: Tristan|0 fnt|[from] move: Infestation|[partiallytrapped]\n|faint|p2a: Tristan\n|upkeep\n|\n|t:|1700054749\n|switch|p2a: Arthur|Kingambit, M|100\/100\n|-activate|p2a: Arthur|move: Sticky Web\n|-unboost|p2a: Arthur|spe|1\n|-activate|p2a: Arthur|ability: Supreme Overlord\n|-start|p2a: Arthur|fallen4|[silent]\n|turn|35\n|\n|t:|1700054761\n|switch|p1a: Clodsire|Clodsire, M|84\/100\n|-damage|p1a: Clodsire|77\/100|[from] Stealth Rock\n|move|p2a: Arthur|Kowtow Cleave|p1a: Clodsire\n|-damage|p1a: Clodsire|27\/100\n|\n|-heal|p1a: Clodsire|33\/100|[from] item: Leftovers\n|upkeep\n|turn|36\n|\n|t:|1700054770\n|move|p2a: Arthur|Kowtow Cleave|p1a: Clodsire\n|-damage|p1a: Clodsire|0 fnt\n|faint|p1a: Clodsire\n|\n|upkeep\n|\n|t:|1700054775\n|switch|p1a: Iron Moth|Iron Moth|100\/100\n|-damage|p1a: Iron Moth|76\/100|[from] Stealth Rock\n|turn|37\n|\n|t:|1700054780\n|-terastallize|p2a: Arthur|Dark\n|move|p1a: Iron Moth|Overheat|p2a: Arthur\n|-crit|p2a: Arthur\n|-damage|p2a: Arthur|0 fnt\n|-unboost|p1a: Iron Moth|spa|2\n|faint|p2a: Arthur\n|-end|p2a: Arthur|fallen4|[silent]\n|\n|upkeep\n|\n|t:|1700054787\n|switch|p2a: Mordred|Ceruledge, M|100\/100\n|-activate|p2a: Mordred|move: Sticky Web\n|-unboost|p2a: Mordred|spe|1\n|turn|38\n|\n|t:|1700054794\n|-end|p1a: Iron Moth|Quark Drive|[silent]\n|switch|p1a: Overqwil|Overqwil, M|8\/100\n|-damage|p1a: Overqwil|0 fnt|[from] Stealth Rock\n|faint|p1a: Overqwil\n|move|p2a: Mordred|Shadow Sneak|p1: Overqwil|[notarget]\n|-fail|p2a: Mordred\n|\n|upkeep\n|\n|t:|1700054801\n|switch|p1a: Toxapex|Toxapex, M|100\/100\n|-damage|p1a: Toxapex|88\/100|[from] Stealth Rock\n|turn|39\n|\n|t:|1700054806\n|move|p2a: Mordred|Shadow Sneak|p1a: Toxapex\n|-damage|p1a: Toxapex|75\/100\n|move|p1a: Toxapex|Infestation|p2a: Mordred\n|-resisted|p2a: Mordred\n|-damage|p2a: Mordred|99\/100\n|-activate|p2a: Mordred|move: Infestation|[of] p1a: Toxapex\n|\n|-damage|p2a: Mordred|88\/100|[from] move: Infestation|[partiallytrapped]\n|upkeep\n|turn|40\n|\n|t:|1700054814\n|move|p2a: Mordred|Night Slash|p1a: Toxapex\n|-damage|p1a: Toxapex|60\/100\n|move|p1a: Toxapex|Iron Defense|p1a: Toxapex\n|-boost|p1a: Toxapex|def|2\n|\n|-damage|p2a: Mordred|75\/100|[from] move: Infestation|[partiallytrapped]\n|upkeep\n|turn|41\n|\n|t:|1700054823\n|move|p2a: Mordred|Dragon Claw|p1a: Toxapex\n|-damage|p1a: Toxapex|51\/100\n|move|p1a: Toxapex|Recover|p1a: Toxapex\n|-heal|p1a: Toxapex|100\/100\n|\n|-damage|p2a: Mordred|63\/100|[from] move: Infestation|[partiallytrapped]\n|upkeep\n|turn|42\n|\n|t:|1700054832\n|move|p1a: Toxapex|Baneful Bunker|p1a: Toxapex\n|-singleturn|p1a: Toxapex|move: Protect\n|move|p2a: Mordred|Shadow Sneak|p1a: Toxapex\n|-activate|p1a: Toxapex|move: Protect\n|-status|p2a: Mordred|psn\n|\n|-damage|p2a: Mordred|51\/100 psn|[from] psn\n|-damage|p2a: Mordred|38\/100 psn|[from] move: Infestation|[partiallytrapped]\n|upkeep\n|turn|43\n|\n|t:|1700054842\n|move|p2a: Mordred|Shadow Sneak|p1a: Toxapex\n|-damage|p1a: Toxapex|94\/100\n|move|p1a: Toxapex|Infestation|p2a: Mordred\n|-resisted|p2a: Mordred\n|-damage|p2a: Mordred|38\/100 psn\n|\n|-damage|p2a: Mordred|26\/100 psn|[from] psn\n|-end|p2a: Mordred|Infestation|[partiallytrapped]\n|upkeep\n|turn|44\n|\n|t:|1700054851\n|move|p2a: Mordred|Shadow Sneak|p1a: Toxapex\n|-damage|p1a: Toxapex|88\/100\n|move|p1a: Toxapex|Infestation|p2a: Mordred\n|-resisted|p2a: Mordred\n|-damage|p2a: Mordred|25\/100 psn\n|-activate|p2a: Mordred|move: Infestation|[of] p1a: Toxapex\n|\n|-damage|p2a: Mordred|13\/100 psn|[from] psn\n|-damage|p2a: Mordred|0 fnt|[from] move: Infestation|[partiallytrapped]\n|faint|p2a: Mordred\n|\n|win|Dabmast3r\n|upkeep\n|raw|Dabmast3r's rating: 1118 &rarr; <strong>1137<\/strong><br \/>(+19 for winning)\n|raw|BlueMidgetJMC's rating: 1029 &rarr; <strong>1018<\/strong><br \/>(-11 for losing)\n|l|\u2606BlueMidgetJMC\n|l|\u2606Dabmast3r\n|j|\u2606Dabmast3r\n|player|p1|Dabmast3r|101\n","uploadtime":1700054880,"views":18,"p1id":"dabmast3r","p2id":"bluemidgetjmc","formatid":"gen9ou","rating":1018,"private":0,"password":""}