{"id":"gen9ou-1990897150","p1":"ATFALSE","p2":"spiderblack27","format":"[Gen 9] OU","log":"|j|\u2606ATFALSE\n|j|\u2606spiderblack27\n|t:|1700012641\n|gametype|singles\n|player|p1|ATFALSE|cynthia-gen4|1629\n|player|p2|spiderblack27|1|1738\n|teamsize|p1|6\n|teamsize|p2|6\n|gen|9\n|tier|[Gen 9] OU\n|rated|\n|rule|Sleep Clause Mod: Limit one foe put to sleep\n|rule|Species Clause: Limit one of each Pok\u00e9mon\n|rule|OHKO Clause: OHKO moves are banned\n|rule|Evasion Items Clause: Evasion items are banned\n|rule|Evasion Moves Clause: Evasion moves are banned\n|rule|Endless Battle Clause: Forcing endless battles is banned\n|rule|HP Percentage Mod: HP is shown in percentages\n|clearpoke\n|poke|p1|Manaphy|\n|poke|p1|Kingambit, F|\n|poke|p1|Ribombee, F|\n|poke|p1|Gholdengo|\n|poke|p1|Iron Moth|\n|poke|p1|Ogerpon-Wellspring, F|\n|poke|p2|Rillaboom, F|\n|poke|p2|Sneasler, F|\n|poke|p2|Zamazenta-*|\n|poke|p2|Manaphy|\n|poke|p2|Ribombee, F|\n|poke|p2|Toxapex, F|\n|teampreview\n|inactive|Battle timer is ON: inactive players will automatically lose when time's up. (requested by spiderblack27)\n|\n|t:|1700012654\n|start\n|switch|p1a: wildfiree|Ribombee, F, shiny|100\/100\n|switch|p2a: Ribombee|Ribombee, F|100\/100\n|turn|1\n|\n|t:|1700012657\n|move|p1a: wildfiree|Sticky Web|p2a: Ribombee\n|-sidestart|p2: spiderblack27|move: Sticky Web\n|move|p2a: Ribombee|Sticky Web|p1a: wildfiree\n|-sidestart|p1: ATFALSE|move: Sticky Web\n|\n|upkeep\n|turn|2\n|\n|t:|1700012664\n|move|p1a: wildfiree|Psychic|p2a: Ribombee\n|-damage|p2a: Ribombee|58\/100\n|move|p2a: Ribombee|Stun Spore|p1a: wildfiree\n|-status|p1a: wildfiree|par\n|\n|upkeep\n|turn|3\n|\n|t:|1700012671\n|move|p2a: Ribombee|Moonblast|p1a: wildfiree\n|-damage|p1a: wildfiree|36\/100 par\n|move|p1a: wildfiree|Moonblast|p2a: Ribombee\n|-damage|p2a: Ribombee|0 fnt\n|faint|p2a: Ribombee\n|\n|upkeep\n|\n|t:|1700012691\n|switch|p2a: Rillaboom|Rillaboom, F|100\/100\n|-activate|p2a: Rillaboom|move: Sticky Web\n|-unboost|p2a: Rillaboom|spe|1\n|-fieldstart|move: Grassy Terrain|[from] ability: Grassy Surge|[of] p2a: Rillaboom\n|turn|4\n|\n|t:|1700012699\n|move|p2a: Rillaboom|Grassy Glide|p1a: wildfiree\n|-resisted|p1a: wildfiree\n|-damage|p1a: wildfiree|0 fnt\n|faint|p1a: wildfiree\n|\n|upkeep\n|\n|t:|1700012708\n|switch|p1a: scarlet|Iron Moth|100\/100\n|-activate|p1a: scarlet|move: Sticky Web\n|-unboost|p1a: scarlet|spe|1\n|-enditem|p1a: scarlet|Booster Energy\n|-activate|p1a: scarlet|ability: Quark Drive|[fromitem]\n|-start|p1a: scarlet|quarkdrivespa\n|turn|5\n|\n|t:|1700012714\n|switch|p2a: Toxapex|Toxapex, F|100\/100\n|-activate|p2a: Toxapex|move: Sticky Web\n|-unboost|p2a: Toxapex|spe|1\n|move|p1a: scarlet|Substitute|p1a: scarlet\n|-start|p1a: scarlet|Substitute\n|-damage|p1a: scarlet|76\/100\n|\n|-heal|p1a: scarlet|82\/100|[from] Grassy Terrain\n|upkeep\n|turn|6\n|\n|t:|1700012720\n|move|p1a: scarlet|Psychic|p2a: Toxapex\n|-supereffective|p2a: Toxapex\n|-damage|p2a: Toxapex|36\/100\n|move|p2a: Toxapex|Haze|p2a: Toxapex\n|-clearallboost\n|\n|-heal|p1a: scarlet|88\/100|[from] Grassy Terrain\n|-heal|p2a: Toxapex|42\/100|[from] Grassy Terrain\n|upkeep\n|turn|7\n|\n|t:|1700012735\n|switch|p2a: Manaphy|Manaphy|100\/100\n|-activate|p2a: Manaphy|move: Sticky Web\n|-unboost|p2a: Manaphy|spe|1\n|move|p1a: scarlet|Psychic|p2a: Manaphy\n|-damage|p2a: Manaphy|68\/100\n|\n|-heal|p1a: scarlet|94\/100|[from] Grassy Terrain\n|-heal|p2a: Manaphy|74\/100|[from] Grassy Terrain\n|-heal|p2a: Manaphy|80\/100|[from] item: Leftovers\n|upkeep\n|turn|8\n|\n|t:|1700012741\n|move|p1a: scarlet|Psychic|p2a: Manaphy\n|-crit|p2a: Manaphy\n|-damage|p2a: Manaphy|34\/100\n|move|p2a: Manaphy|Surf|p1a: scarlet\n|-supereffective|p1a: scarlet\n|-end|p1a: scarlet|Substitute\n|\n|-heal|p1a: scarlet|99\/100|[from] Grassy Terrain\n|-heal|p2a: Manaphy|40\/100|[from] Grassy Terrain\n|-heal|p2a: Manaphy|46\/100|[from] item: Leftovers\n|-fieldend|move: Grassy Terrain\n|upkeep\n|turn|9\n|\n|t:|1700012748\n|-end|p1a: scarlet|Quark Drive|[silent]\n|switch|p1a: faya|Ogerpon-Wellspring, F|100\/100\n|-activate|p1a: faya|move: Sticky Web\n|-unboost|p1a: faya|spe|1\n|move|p2a: Manaphy|Surf|p1a: faya\n|-immune|p1a: faya|[from] ability: Water Absorb\n|\n|-heal|p2a: Manaphy|52\/100|[from] item: Leftovers\n|upkeep\n|turn|10\n|\n|t:|1700012755\n|switch|p2a: Rillaboom|Rillaboom, F|100\/100\n|-activate|p2a: Rillaboom|move: Sticky Web\n|-unboost|p2a: Rillaboom|spe|1\n|-fieldstart|move: Grassy Terrain|[from] ability: Grassy Surge|[of] p2a: Rillaboom\n|move|p1a: faya|Power Whip|p2a: Rillaboom\n|-resisted|p2a: Rillaboom\n|-damage|p2a: Rillaboom|52\/100\n|\n|-heal|p2a: Rillaboom|58\/100|[from] Grassy Terrain\n|upkeep\n|turn|11\n|inactive|ATFALSE has 120 seconds left.\n|j| SandGetsEverywhere\n|inactive|ATFALSE has 90 seconds left.\n|\n|t:|1700012819\n|switch|p1a: wessin|Gholdengo|100\/100\n|-item|p1a: wessin|Air Balloon\n|move|p2a: Rillaboom|U-turn|p1a: wessin\n|-resisted|p1a: wessin\n|-damage|p1a: wessin|90\/100\n|-enditem|p1a: wessin|Air Balloon\n|\n|t:|1700012838\n|switch|p2a: Manaphy|Manaphy|52\/100|[from] U-turn\n|-activate|p2a: Manaphy|move: Sticky Web\n|-unboost|p2a: Manaphy|spe|1\n|\n|-heal|p1a: wessin|96\/100|[from] Grassy Terrain\n|-heal|p2a: Manaphy|58\/100|[from] Grassy Terrain\n|-heal|p2a: Manaphy|65\/100|[from] item: Leftovers\n|upkeep\n|turn|12\n|inactive|ATFALSE has 90 seconds left.\n|\n|t:|1700012865\n|move|p1a: wessin|Nasty Plot|p1a: wessin\n|-boost|p1a: wessin|spa|2\n|move|p2a: Manaphy|Tail Glow|p2a: Manaphy\n|-boost|p2a: Manaphy|spa|3\n|\n|-heal|p1a: wessin|100\/100|[from] Grassy Terrain\n|-heal|p2a: Manaphy|71\/100|[from] Grassy Terrain\n|-heal|p2a: Manaphy|77\/100|[from] item: Leftovers\n|upkeep\n|turn|13\n|\n|t:|1700012869\n|move|p1a: wessin|Shadow Ball|p2a: Manaphy\n|-damage|p2a: Manaphy|8\/100\n|move|p2a: Manaphy|Surf|p1a: wessin\n|-damage|p1a: wessin|0 fnt\n|faint|p1a: wessin\n|\n|-heal|p2a: Manaphy|14\/100|[from] Grassy Terrain\n|-heal|p2a: Manaphy|20\/100|[from] item: Leftovers\n|upkeep\n|inactive|ATFALSE has 90 seconds left.\n|\n|t:|1700012874\n|switch|p1a: faya|Ogerpon-Wellspring, F|100\/100\n|-activate|p1a: faya|move: Sticky Web\n|-unboost|p1a: faya|spe|1\n|turn|14\n|\n|t:|1700012882\n|move|p1a: faya|Encore|p2a: Manaphy\n|-start|p2a: Manaphy|Encore\n|move|p2a: Manaphy|Surf|p1a: faya\n|-immune|p1a: faya|[from] ability: Water Absorb\n|\n|-heal|p2a: Manaphy|26\/100|[from] Grassy Terrain\n|-heal|p2a: Manaphy|33\/100|[from] item: Leftovers\n|-fieldend|move: Grassy Terrain\n|upkeep\n|turn|15\n|\n|t:|1700012889\n|switch|p2a: Toxapex|Toxapex, F|76\/100\n|-activate|p2a: Toxapex|move: Sticky Web\n|-unboost|p2a: Toxapex|spe|1\n|move|p1a: faya|Ivy Cudgel|p2a: Toxapex|[anim] Ivy Cudgel Water\n|-resisted|p2a: Toxapex\n|-damage|p2a: Toxapex|59\/100\n|\n|upkeep\n|turn|16\n|\n|t:|1700012895\n|switch|p2a: Rillaboom|Rillaboom, F|58\/100\n|-activate|p2a: Rillaboom|move: Sticky Web\n|-unboost|p2a: Rillaboom|spe|1\n|-fieldstart|move: Grassy Terrain|[from] ability: Grassy Surge|[of] p2a: Rillaboom\n|move|p1a: faya|Power Whip|p2a: Rillaboom\n|-resisted|p2a: Rillaboom\n|-damage|p2a: Rillaboom|14\/100\n|\n|-heal|p2a: Rillaboom|20\/100|[from] Grassy Terrain\n|upkeep\n|turn|17\n|inactive|ATFALSE has 120 seconds left.\n|\n|t:|1700012913\n|switch|p1a: awyp|Kingambit, F|100\/100\n|-activate|p1a: awyp|move: Sticky Web\n|-unboost|p1a: awyp|spe|1\n|-activate|p1a: awyp|ability: Supreme Overlord\n|-start|p1a: awyp|fallen2|[silent]\n|move|p2a: Rillaboom|Grassy Glide|p1a: awyp\n|-resisted|p1a: awyp\n|-damage|p1a: awyp|76\/100\n|\n|-heal|p2a: Rillaboom|26\/100|[from] Grassy Terrain\n|-heal|p1a: awyp|82\/100|[from] Grassy Terrain\n|upkeep\n|turn|18\n|\n|t:|1700012926\n|switch|p2a: Zamazenta|Zamazenta|100\/100\n|-activate|p2a: Zamazenta|move: Sticky Web\n|-unboost|p2a: Zamazenta|spe|1\n|-ability|p2a: Zamazenta|Dauntless Shield|boost\n|-boost|p2a: Zamazenta|def|1\n|move|p1a: awyp|Kowtow Cleave|p2a: Zamazenta\n|-resisted|p2a: Zamazenta\n|-damage|p2a: Zamazenta|83\/100\n|\n|-heal|p2a: Zamazenta|89\/100|[from] Grassy Terrain\n|-heal|p2a: Zamazenta|95\/100|[from] item: Leftovers\n|-heal|p1a: awyp|88\/100|[from] Grassy Terrain\n|upkeep\n|turn|19\n|\n|t:|1700012932\n|-end|p1a: awyp|fallen2|[silent]\n|switch|p1a: scarlet|Iron Moth|99\/100\n|-activate|p1a: scarlet|move: Sticky Web\n|-unboost|p1a: scarlet|spe|1\n|move|p2a: Zamazenta|Substitute|p2a: Zamazenta\n|-start|p2a: Zamazenta|Substitute\n|-damage|p2a: Zamazenta|70\/100\n|\n|-heal|p2a: Zamazenta|76\/100|[from] Grassy Terrain\n|-heal|p2a: Zamazenta|83\/100|[from] item: Leftovers\n|-heal|p1a: scarlet|100\/100|[from] Grassy Terrain\n|upkeep\n|turn|20\n|inactive|ATFALSE has 120 seconds left.\n|\n|t:|1700012944\n|-terastallize|p1a: scarlet|Fairy\n|move|p2a: Zamazenta|Iron Defense|p2a: Zamazenta\n|-boost|p2a: Zamazenta|def|2\n|move|p1a: scarlet|Dazzling Gleam|p2a: Zamazenta\n|-supereffective|p2a: Zamazenta\n|-end|p2a: Zamazenta|Substitute\n|\n|-heal|p2a: Zamazenta|89\/100|[from] Grassy Terrain\n|-heal|p2a: Zamazenta|95\/100|[from] item: Leftovers\n|-fieldend|move: Grassy Terrain\n|upkeep\n|turn|21\n|\n|t:|1700012953\n|switch|p2a: Toxapex|Toxapex, F|93\/100\n|-activate|p2a: Toxapex|move: Sticky Web\n|-unboost|p2a: Toxapex|spe|1\n|move|p1a: scarlet|Dazzling Gleam|p2a: Toxapex\n|-resisted|p2a: Toxapex\n|-damage|p2a: Toxapex|76\/100\n|\n|upkeep\n|turn|22\n|\n|t:|1700012959\n|move|p1a: scarlet|Psychic|p2a: Toxapex\n|-supereffective|p2a: Toxapex\n|-damage|p2a: Toxapex|21\/100\n|move|p2a: Toxapex|Toxic|p1a: scarlet\n|-status|p1a: scarlet|tox\n|\n|-damage|p1a: scarlet|95\/100 tox|[from] psn\n|upkeep\n|turn|23\n|\n|t:|1700012972\n|switch|p2a: Rillaboom|Rillaboom, F|26\/100\n|-activate|p2a: Rillaboom|move: Sticky Web\n|-unboost|p2a: Rillaboom|spe|1\n|-fieldstart|move: Grassy Terrain|[from] ability: Grassy Surge|[of] p2a: Rillaboom\n|move|p1a: scarlet|Psychic|p2a: Rillaboom\n|-damage|p2a: Rillaboom|0 fnt\n|faint|p2a: Rillaboom\n|\n|-heal|p1a: scarlet|100\/100 tox|[from] Grassy Terrain\n|-damage|p1a: scarlet|89\/100 tox|[from] psn\n|upkeep\n|\n|t:|1700012973\n|switch|p2a: Sneasler|Sneasler, F|100\/100\n|-activate|p2a: Sneasler|move: Sticky Web\n|-unboost|p2a: Sneasler|spe|1\n|-enditem|p2a: Sneasler|Grassy Seed\n|-boost|p2a: Sneasler|def|1|[from] item: Grassy Seed\n|turn|24\n|\n|t:|1700012981\n|-end|p1a: scarlet|Quark Drive|[silent]\n|switch|p1a: awyp|Kingambit, F|88\/100\n|-activate|p1a: awyp|move: Sticky Web\n|-unboost|p1a: awyp|spe|1\n|-activate|p1a: awyp|ability: Supreme Overlord\n|-start|p1a: awyp|fallen2|[silent]\n|move|p2a: Sneasler|Dire Claw|p1a: awyp\n|-immune|p1a: awyp\n|\n|-heal|p1a: awyp|95\/100|[from] Grassy Terrain\n|upkeep\n|turn|25\n|\n|t:|1700012987\n|move|p2a: Sneasler|Close Combat|p1a: awyp\n|-supereffective|p1a: awyp\n|-damage|p1a: awyp|0 fnt\n|-unboost|p2a: Sneasler|def|1\n|-unboost|p2a: Sneasler|spd|1\n|faint|p1a: awyp\n|-end|p1a: awyp|fallen2|[silent]\n|\n|upkeep\n|\n|t:|1700012988\n|switch|p1a: HPDARKEAGLE|Manaphy|100\/100\n|-activate|p1a: HPDARKEAGLE|move: Sticky Web\n|-unboost|p1a: HPDARKEAGLE|spe|1\n|turn|26\n|\n|t:|1700012994\n|move|p2a: Sneasler|Dire Claw|p1a: HPDARKEAGLE\n|-damage|p1a: HPDARKEAGLE|56\/100\n|-status|p1a: HPDARKEAGLE|par\n|cant|p1a: HPDARKEAGLE|par\n|\n|-heal|p1a: HPDARKEAGLE|62\/100 par|[from] Grassy Terrain\n|-heal|p1a: HPDARKEAGLE|68\/100 par|[from] item: Leftovers\n|upkeep\n|turn|27\n|\n|t:|1700013000\n|move|p2a: Sneasler|Acrobatics|p1a: HPDARKEAGLE\n|-damage|p1a: HPDARKEAGLE|29\/100 par\n|cant|p1a: HPDARKEAGLE|par\n|\n|-heal|p1a: HPDARKEAGLE|35\/100 par|[from] Grassy Terrain\n|-heal|p1a: HPDARKEAGLE|41\/100 par|[from] item: Leftovers\n|-fieldend|move: Grassy Terrain\n|upkeep\n|turn|28\n|\n|t:|1700013002\n|move|p2a: Sneasler|Acrobatics|p1a: HPDARKEAGLE\n|-damage|p1a: HPDARKEAGLE|0 fnt\n|faint|p1a: HPDARKEAGLE\n|\n|upkeep\n|l|\u2606ATFALSE\n|inactive|ATFALSE disconnected and has a minute to reconnect!\n|player|p1|\n|inactive|ATFALSE has 30 seconds to reconnect!\n|inactive|ATFALSE has 20 seconds to reconnect!\n|inactive|ATFALSE has 15 seconds to reconnect!\n|inactive|ATFALSE has 10 seconds to reconnect!\n|inactive|ATFALSE has 5 seconds to reconnect!\n|-message|ATFALSE lost due to inactivity.\n|\n|win|spiderblack27\n|raw|ATFALSE's rating: 1629 &rarr; <strong>1615<\/strong><br \/>(-14 for losing)\n|raw|spiderblack27's rating: 1738 &rarr; <strong>1752<\/strong><br \/>(+14 for winning)\n|l|\u2606spiderblack27\n|l| SandGetsEverywhere\n","uploadtime":1700013391,"views":13,"p1id":"atfalse","p2id":"spiderblack27","formatid":"gen9ou","rating":1615,"private":0,"password":""}