{"id":"gen9ou-1995240107","p1":"FGS_Showdown","p2":"DearGrease","format":"[Gen 9] OU","log":"|j|\u2606FGS_Showdown\n|j|\u2606DearGrease\n|t:|1700538738\n|gametype|singles\n|player|p1|FGS_Showdown|1|1057\n|player|p2|DearGrease|twins-gen4dp|1114\n|teamsize|p1|6\n|teamsize|p2|6\n|gen|9\n|tier|[Gen 9] OU\n|rated|\n|rule|Sleep Clause Mod: Limit one foe put to sleep\n|rule|Species Clause: Limit one of each Pok\u00e9mon\n|rule|OHKO Clause: OHKO moves are banned\n|rule|Evasion Items Clause: Evasion items are banned\n|rule|Evasion Moves Clause: Evasion moves are banned\n|rule|Endless Battle Clause: Forcing endless battles is banned\n|rule|HP Percentage Mod: HP is shown in percentages\n|clearpoke\n|poke|p1|Garchomp, F|\n|poke|p1|Ribombee, F|\n|poke|p1|Kingambit, F|\n|poke|p1|Ninetales-Alola, F|\n|poke|p1|Glimmora, F|\n|poke|p1|Samurott-Hisui, M|\n|poke|p2|Munkidori, M|\n|poke|p2|Samurott-Hisui, M|\n|poke|p2|Zapdos|\n|poke|p2|Gholdengo|\n|poke|p2|Great Tusk|\n|poke|p2|Dragapult, F|\n|teampreview\n|inactive|Battle timer is ON: inactive players will automatically lose when time's up. (requested by FGS_Showdown)\n|\n|t:|1700538756\n|start\n|switch|p1a: Samurott|Samurott-Hisui, M|100\/100\n|switch|p2a: Great Tusk|Great Tusk|100\/100\n|turn|1\n|\n|t:|1700538769\n|-end|p2a: Great Tusk|Protosynthesis|[silent]\n|switch|p2a: Zapdos|Zapdos|100\/100\n|move|p1a: Samurott|Ceaseless Edge|p2a: Zapdos\n|-damage|p2a: Zapdos|42\/100\n|-sidestart|p2: DearGrease|Spikes\n|\n|upkeep\n|turn|2\n|\n|t:|1700538789\n|switch|p1a: Garchomp|Garchomp, F|100\/100\n|move|p2a: Zapdos|Volt Switch|p1a: Garchomp\n|-immune|p1a: Garchomp\n|\n|upkeep\n|turn|3\n|\n|t:|1700538799\n|switch|p2a: Dragapult|Dragapult, F|100\/100\n|-damage|p2a: Dragapult|88\/100|[from] Spikes\n|move|p1a: Garchomp|Swords Dance|p1a: Garchomp\n|-boost|p1a: Garchomp|atk|2\n|\n|upkeep\n|turn|4\n|\n|t:|1700538808\n|switch|p1a: Ribombee|Ribombee, F, shiny|100\/100\n|move|p2a: Dragapult|Dragon Darts|p1a: Ribombee\n|-immune|p1a: Ribombee\n|\n|upkeep\n|turn|5\n|\n|t:|1700538818\n|switch|p2a: Great Tusk|Great Tusk|100\/100\n|-damage|p2a: Great Tusk|88\/100|[from] Spikes\n|move|p1a: Ribombee|Sticky Web|p2a: Great Tusk\n|-sidestart|p2: DearGrease|move: Sticky Web\n|\n|-heal|p2a: Great Tusk|94\/100|[from] item: Leftovers\n|upkeep\n|turn|6\n|\n|t:|1700538827\n|move|p1a: Ribombee|Stun Spore|p2a: Great Tusk\n|-status|p2a: Great Tusk|par\n|move|p2a: Great Tusk|Rapid Spin|p1a: Ribombee\n|-damage|p1a: Ribombee|71\/100\n|-boost|p2a: Great Tusk|spe|1\n|-sideend|p2: DearGrease|Spikes|[from] move: Rapid Spin|[of] p2a: Great Tusk\n|-sideend|p2: DearGrease|Sticky Web|[from] move: Rapid Spin|[of] p2a: Great Tusk\n|\n|-heal|p2a: Great Tusk|100\/100 par|[from] item: Leftovers\n|upkeep\n|turn|7\n|\n|t:|1700538837\n|move|p1a: Ribombee|Moonblast|p2a: Great Tusk\n|-supereffective|p2a: Great Tusk\n|-damage|p2a: Great Tusk|0 fnt\n|faint|p2a: Great Tusk\n|-end|p2a: Great Tusk|Protosynthesis|[silent]\n|\n|upkeep\n|\n|t:|1700538850\n|switch|p2a: Zapdos|Zapdos|42\/100\n|turn|8\n|\n|t:|1700538865\n|move|p1a: Ribombee|Moonblast|p2a: Zapdos\n|-damage|p2a: Zapdos|0 fnt\n|faint|p2a: Zapdos\n|\n|upkeep\n|\n|t:|1700538872\n|switch|p2a: Gholdengo|Gholdengo|100\/100\n|-item|p2a: Gholdengo|Air Balloon\n|turn|9\n|\n|t:|1700538891\n|move|p1a: Ribombee|Moonblast|p2a: Gholdengo\n|-resisted|p2a: Gholdengo\n|-damage|p2a: Gholdengo|79\/100\n|-enditem|p2a: Gholdengo|Air Balloon\n|move|p2a: Gholdengo|Shadow Ball|p1a: Ribombee\n|-damage|p1a: Ribombee|0 fnt\n|faint|p1a: Ribombee\n|\n|upkeep\n|\n|t:|1700538904\n|switch|p1a: Samurott|Samurott-Hisui, M|100\/100\n|turn|10\n|\n|t:|1700538912\n|switch|p2a: Dragapult|Dragapult, F|88\/100\n|move|p1a: Samurott|Knock Off|p2a: Dragapult\n|-supereffective|p2a: Dragapult\n|-damage|p2a: Dragapult|0 fnt\n|-enditem|p2a: Dragapult|Choice Band|[from] move: Knock Off|[of] p1a: Samurott\n|faint|p2a: Dragapult\n|\n|upkeep\n|\n|t:|1700538926\n|switch|p2a: Munkidori|Munkidori, M|100\/100\n|turn|11\n|\n|t:|1700538948\n|move|p2a: Munkidori|Focus Blast|p1a: Samurott\n|-supereffective|p1a: Samurott\n|-damage|p1a: Samurott|10\/100\n|move|p1a: Samurott|Knock Off|p2a: Munkidori\n|-supereffective|p2a: Munkidori\n|-damage|p2a: Munkidori|0 fnt\n|-enditem|p2a: Munkidori|Heavy-Duty Boots|[from] move: Knock Off|[of] p1a: Samurott\n|faint|p2a: Munkidori\n|\n|upkeep\n|\n|t:|1700538958\n|switch|p2a: Samurott|Samurott-Hisui, M|100\/100\n|turn|12\n|\n|t:|1700538967\n|move|p1a: Samurott|Sacred Sword|p2a: Samurott\n|-supereffective|p2a: Samurott\n|-crit|p2a: Samurott\n|-damage|p2a: Samurott|0 fnt\n|faint|p2a: Samurott\n|\n|upkeep\n|\n|t:|1700538974\n|switch|p2a: Gholdengo|Gholdengo|79\/100\n|turn|13\n|\n|t:|1700538976\n|move|p1a: Samurott|Aqua Jet|p2a: Gholdengo\n|-damage|p2a: Gholdengo|64\/100\n|move|p2a: Gholdengo|Shadow Ball|p1a: Samurott\n|-resisted|p1a: Samurott\n|-damage|p1a: Samurott|0 fnt\n|faint|p1a: Samurott\n|\n|upkeep\n|\n|t:|1700538984\n|switch|p1a: Kingambit|Kingambit, F|100\/100\n|-activate|p1a: Kingambit|ability: Supreme Overlord\n|-start|p1a: Kingambit|fallen2|[silent]\n|turn|14\n|\n|t:|1700538993\n|-terastallize|p2a: Gholdengo|Steel\n|move|p1a: Kingambit|Sucker Punch||[still]\n|-fail|p1a: Kingambit\n|move|p2a: Gholdengo|Recover|p2a: Gholdengo\n|-heal|p2a: Gholdengo|100\/100\n|\n|upkeep\n|turn|15\n|\n|t:|1700539001\n|move|p2a: Gholdengo|Nasty Plot|p2a: Gholdengo\n|-boost|p2a: Gholdengo|spa|2\n|move|p1a: Kingambit|Swords Dance|p1a: Kingambit\n|-boost|p1a: Kingambit|atk|2\n|\n|upkeep\n|turn|16\n|\n|t:|1700539015\n|move|p2a: Gholdengo|Make It Rain|p1a: Kingambit\n|-resisted|p1a: Kingambit\n|-damage|p1a: Kingambit|20\/100\n|-unboost|p2a: Gholdengo|spa|1\n|move|p1a: Kingambit|Iron Head|p2a: Gholdengo\n|-resisted|p2a: Gholdengo\n|-damage|p2a: Gholdengo|55\/100\n|\n|-heal|p1a: Kingambit|26\/100|[from] item: Leftovers\n|upkeep\n|turn|17\n|\n|t:|1700539027\n|move|p2a: Gholdengo|Recover|p2a: Gholdengo\n|-heal|p2a: Gholdengo|100\/100\n|move|p1a: Kingambit|Iron Head|p2a: Gholdengo\n|-resisted|p2a: Gholdengo\n|-damage|p2a: Gholdengo|57\/100\n|\n|-heal|p1a: Kingambit|33\/100|[from] item: Leftovers\n|upkeep\n|turn|18\n|\n|t:|1700539038\n|move|p1a: Kingambit|Sucker Punch|p2a: Gholdengo\n|-damage|p2a: Gholdengo|0 fnt\n|faint|p2a: Gholdengo\n|\n|win|FGS_Showdown\n|raw|FGS_Showdown's rating: 1057 &rarr; <strong>1094<\/strong><br \/>(+37 for winning)\n|raw|DearGrease's rating: 1114 &rarr; <strong>1085<\/strong><br \/>(-29 for losing)\n|l|\u2606DearGrease\n","uploadtime":1700539209,"views":15,"p1id":"fgsshowdown","p2id":"deargrease","formatid":"gen9ou","rating":1085,"private":0,"password":""}