{"id":"gen9ou-1994590075","p1":"PlacatedPlatypus","p2":"bingus revolution","format":"[Gen 9] OU","log":"|j|\u2606PlacatedPlatypus\n|j|\u2606bingus revolution\n|t:|1700465365\n|gametype|singles\n|player|p1|PlacatedPlatypus|2|1397\n|player|p2|bingus revolution|guitarist|1330\n|teamsize|p1|6\n|teamsize|p2|6\n|gen|9\n|tier|[Gen 9] OU\n|rated|\n|rule|Sleep Clause Mod: Limit one foe put to sleep\n|rule|Species Clause: Limit one of each Pok\u00e9mon\n|rule|OHKO Clause: OHKO moves are banned\n|rule|Evasion Items Clause: Evasion items are banned\n|rule|Evasion Moves Clause: Evasion moves are banned\n|rule|Endless Battle Clause: Forcing endless battles is banned\n|rule|HP Percentage Mod: HP is shown in percentages\n|clearpoke\n|poke|p1|Alomomola, F|\n|poke|p1|Slowking-Galar, F|\n|poke|p1|Kingambit, F|\n|poke|p1|Great Tusk|\n|poke|p1|Cinderace, F|\n|poke|p1|Thundurus-Therian, M|\n|poke|p2|Glimmora, F|\n|poke|p2|Kingambit, F|\n|poke|p2|Zamazenta-*|\n|poke|p2|Iron Valiant|\n|poke|p2|Iron Moth|\n|poke|p2|Ogerpon-Wellspring, F|\n|teampreview\n|inactive|Battle timer is ON: inactive players will automatically lose when time's up. (requested by bingus revolution)\n|\n|t:|1700465395\n|start\n|switch|p1a: Great Tusk|Great Tusk|100\/100\n|switch|p2a: Glimmora|Glimmora, F|100\/100\n|turn|1\n|\n|t:|1700465399\n|move|p1a: Great Tusk|Headlong Rush|p2a: Glimmora\n|-supereffective|p2a: Glimmora\n|-enditem|p2a: Glimmora|Focus Sash\n|-damage|p2a: Glimmora|1\/100\n|-unboost|p1a: Great Tusk|def|1\n|-unboost|p1a: Great Tusk|spd|1\n|-activate|p2a: Glimmora|ability: Toxic Debris\n|-sidestart|p1: PlacatedPlatypus|move: Toxic Spikes\n|move|p2a: Glimmora|Mortal Spin|p1a: Great Tusk\n|-resisted|p1a: Great Tusk\n|-damage|p1a: Great Tusk|97\/100\n|-status|p1a: Great Tusk|psn\n|-damage|p2a: Glimmora|0 fnt|[from] item: Rocky Helmet|[of] p1a: Great Tusk\n|faint|p2a: Glimmora\n|\n|-damage|p1a: Great Tusk|85\/100 psn|[from] psn\n|upkeep\n|\n|t:|1700465411\n|switch|p2a: Iron Valiant|Iron Valiant|100\/100\n|-enditem|p2a: Iron Valiant|Booster Energy\n|-activate|p2a: Iron Valiant|ability: Quark Drive|[fromitem]\n|-start|p2a: Iron Valiant|quarkdrivespe\n|turn|2\n|\n|t:|1700465415\n|-end|p1a: Great Tusk|Protosynthesis|[silent]\n|switch|p1a: Slowking|Slowking-Galar, F|100\/100\n|-sideend|p1: PlacatedPlatypus|move: Toxic Spikes|[of] p1a: Slowking\n|move|p2a: Iron Valiant|Calm Mind|p2a: Iron Valiant\n|-boost|p2a: Iron Valiant|spa|1\n|-boost|p2a: Iron Valiant|spd|1\n|\n|upkeep\n|turn|3\n|\n|t:|1700465423\n|move|p2a: Iron Valiant|Hypnosis|p1a: Slowking|[miss]\n|-miss|p2a: Iron Valiant|p1a: Slowking\n|move|p1a: Slowking|Sludge Bomb|p2a: Iron Valiant\n|-supereffective|p2a: Iron Valiant\n|-damage|p2a: Iron Valiant|15\/100\n|\n|upkeep\n|turn|4\n|inactive|PlacatedPlatypus has 120 seconds left.\n|inactive|bingus revolution has 120 seconds left.\n|\n|t:|1700465499\n|switch|p1a: Alomomola|Alomomola, F|100\/100\n|move|p2a: Iron Valiant|Hypnosis|p1a: Alomomola\n|-status|p1a: Alomomola|slp|[from] move: Hypnosis\n|\n|upkeep\n|turn|5\n|\n|t:|1700465509\n|switch|p1a: Slowking|Slowking-Galar, F|100\/100\n|move|p2a: Iron Valiant|Calm Mind|p2a: Iron Valiant\n|-boost|p2a: Iron Valiant|spa|1\n|-boost|p2a: Iron Valiant|spd|1\n|\n|upkeep\n|turn|6\n|inactive|bingus revolution has 120 seconds left.\n|inactive|bingus revolution has 90 seconds left.\n|\n|t:|1700465557\n|move|p2a: Iron Valiant|Psyshock|p1a: Slowking\n|-damage|p1a: Slowking|50\/100\n|move|p1a: Slowking|Sludge Bomb|p2a: Iron Valiant\n|-supereffective|p2a: Iron Valiant\n|-damage|p2a: Iron Valiant|0 fnt\n|faint|p2a: Iron Valiant\n|-end|p2a: Iron Valiant|Quark Drive|[silent]\n|\n|upkeep\n|c|\u2606PlacatedPlatypus|hypnosis valiant\n|inactive|bingus revolution has 90 seconds left.\n|c|\u2606PlacatedPlatypus|low ladder kids seriously have no shame\n|c|\u2606bingus revolution|pretty good for when valiant has no chance actually\n|c|\u2606bingus revolution|won me a good amount of games\n|inactive|bingus revolution has 60 seconds left.\n|\n|t:|1700465601\n|switch|p2a: Ogerpon|Ogerpon-Wellspring, F|100\/100\n|turn|7\n|c|\u2606PlacatedPlatypus|yeah i mean i guess if i wasnt good enough to actually get wins I'd try to coinflip cheese sleeps too\n|inactive|bingus revolution has 60 seconds left.\n|c|\u2606bingus revolution|k dude\n|inactive|PlacatedPlatypus has 90 seconds left.\n|\n|t:|1700465633\n|move|p2a: Ogerpon|Swords Dance|p2a: Ogerpon\n|-boost|p2a: Ogerpon|atk|2\n|move|p1a: Slowking|Sludge Bomb|p2a: Ogerpon\n|-supereffective|p2a: Ogerpon\n|-damage|p2a: Ogerpon|25\/100\n|\n|upkeep\n|turn|8\n|\n|t:|1700465641\n|switch|p1a: Kingambit|Kingambit, F|100\/100\n|move|p2a: Ogerpon|Knock Off|p1a: Kingambit\n|-resisted|p1a: Kingambit\n|-damage|p1a: Kingambit|72\/100\n|-enditem|p1a: Kingambit|Leftovers|[from] move: Knock Off|[of] p2a: Ogerpon\n|\n|upkeep\n|turn|9\n|inactive|PlacatedPlatypus has 90 seconds left.\n|\n|t:|1700465652\n|move|p1a: Kingambit|Sucker Punch||[still]\n|-fail|p1a: Kingambit\n|move|p2a: Ogerpon|Swords Dance|p2a: Ogerpon\n|-boost|p2a: Ogerpon|atk|2\n|\n|upkeep\n|turn|10\n|\n|t:|1700465656\n|move|p1a: Kingambit|Sucker Punch|p2a: Ogerpon\n|-damage|p2a: Ogerpon|0 fnt\n|faint|p2a: Ogerpon\n|\n|upkeep\n|\n|t:|1700465661\n|switch|p2a: Iron Moth|Iron Moth|100\/100\n|-enditem|p2a: Iron Moth|Booster Energy\n|-activate|p2a: Iron Moth|ability: Quark Drive|[fromitem]\n|-start|p2a: Iron Moth|quarkdrivespe\n|turn|11\n|\n|t:|1700465677\n|move|p2a: Iron Moth|Substitute|p2a: Iron Moth\n|-start|p2a: Iron Moth|Substitute\n|-damage|p2a: Iron Moth|76\/100\n|move|p1a: Kingambit|Kowtow Cleave|p2a: Iron Moth\n|-end|p2a: Iron Moth|Substitute\n|\n|upkeep\n|turn|12\n|\n|t:|1700465685\n|move|p2a: Iron Moth|Fiery Dance|p1a: Kingambit\n|-supereffective|p1a: Kingambit\n|-damage|p1a: Kingambit|0 fnt\n|-boost|p2a: Iron Moth|spa|1\n|faint|p1a: Kingambit\n|-end|p1a: Kingambit|fallenundefined|[silent]\n|\n|upkeep\n|\n|t:|1700465690\n|switch|p1a: Slowking|Slowking-Galar, F|83\/100\n|turn|13\n|\n|t:|1700465695\n|move|p2a: Iron Moth|Fiery Dance|p1a: Slowking\n|-damage|p1a: Slowking|47\/100\n|-boost|p2a: Iron Moth|spa|1\n|move|p1a: Slowking|Future Sight|p2a: Iron Moth\n|-start|p1a: Slowking|move: Future Sight\n|\n|upkeep\n|turn|14\n|\n|t:|1700465703\n|move|p2a: Iron Moth|Fiery Dance|p1a: Slowking\n|-damage|p1a: Slowking|0 fnt\n|-boost|p2a: Iron Moth|spa|1\n|faint|p1a: Slowking\n|\n|upkeep\n|\n|t:|1700465718\n|switch|p1a: Great Tusk|Great Tusk|85\/100 psn\n|turn|15\n|\n|t:|1700465722\n|-terastallize|p2a: Iron Moth|Fairy\n|move|p2a: Iron Moth|Substitute|p2a: Iron Moth\n|-start|p2a: Iron Moth|Substitute\n|-damage|p2a: Iron Moth|51\/100\n|move|p1a: Great Tusk|Headlong Rush|p2a: Iron Moth\n|-end|p2a: Iron Moth|Substitute\n|-unboost|p1a: Great Tusk|def|1\n|-unboost|p1a: Great Tusk|spd|1\n|\n|-end|p2a: Iron Moth|move: Future Sight\n|-damage|p2a: Iron Moth|0 fnt\n|faint|p2a: Iron Moth\n|-end|p2a: Iron Moth|Quark Drive|[silent]\n|-damage|p1a: Great Tusk|72\/100 psn|[from] psn\n|upkeep\n|\n|t:|1700465730\n|switch|p2a: Zamazenta|Zamazenta|100\/100\n|-ability|p2a: Zamazenta|Dauntless Shield|boost\n|-boost|p2a: Zamazenta|def|1\n|turn|16\n|\n|t:|1700465739\n|-end|p1a: Great Tusk|Protosynthesis|[silent]\n|switch|p1a: Thundurus|Thundurus-Therian, M|100\/100\n|move|p2a: Zamazenta|Iron Defense|p2a: Zamazenta\n|-boost|p2a: Zamazenta|def|2\n|\n|upkeep\n|turn|17\n|\n|t:|1700465743\n|-terastallize|p1a: Thundurus|Flying\n|move|p2a: Zamazenta|Stone Edge|p1a: Thundurus\n|-supereffective|p1a: Thundurus\n|-damage|p1a: Thundurus|8\/100\n|move|p1a: Thundurus|Tera Blast|p2a: Zamazenta|[anim] Tera Blast Flying\n|-supereffective|p2a: Zamazenta\n|-damage|p2a: Zamazenta|0 fnt\n|faint|p2a: Zamazenta\n|\n|upkeep\n|c|\u2606PlacatedPlatypus|damn u really got all\n|\n|t:|1700465752\n|switch|p2a: Kingambit|Kingambit, F|100\/100\n|-activate|p2a: Kingambit|ability: Supreme Overlord\n|-start|p2a: Kingambit|fallen5|[silent]\n|turn|18\n|c|\u2606PlacatedPlatypus|the cheese crutch sets huh\n|\n|t:|1700465758\n|switch|p1a: Great Tusk|Great Tusk|72\/100 psn\n|move|p2a: Kingambit|Swords Dance|p2a: Kingambit\n|-boost|p2a: Kingambit|atk|2\n|\n|-damage|p1a: Great Tusk|60\/100 psn|[from] psn\n|upkeep\n|turn|19\n|c|\u2606PlacatedPlatypus|u played this like shit, delete ur acct.\n|c|\u2606bingus revolution|k dude\n|\n|t:|1700465776\n|move|p2a: Kingambit|Sucker Punch|p1a: Great Tusk\n|-resisted|p1a: Great Tusk\n|-crit|p1a: Great Tusk\n|-damage|p1a: Great Tusk|0 fnt\n|-damage|p2a: Kingambit|84\/100|[from] item: Rocky Helmet|[of] p1a: Great Tusk\n|faint|p1a: Great Tusk\n|-end|p1a: Great Tusk|Protosynthesis|[silent]\n|\n|upkeep\n|\n|t:|1700465778\n|switch|p1a: Cinderace|Cinderace, F|100\/100\n|turn|20\n|\n|t:|1700465782\n|move|p1a: Cinderace|Will-O-Wisp|p2a: Kingambit\n|-status|p2a: Kingambit|brn\n|move|p2a: Kingambit|Kowtow Cleave|p1a: Cinderace\n|-crit|p1a: Cinderace\n|-damage|p1a: Cinderace|0 fnt\n|faint|p1a: Cinderace\n|\n|-damage|p2a: Kingambit|78\/100 brn|[from] brn\n|upkeep\n|\n|t:|1700465787\n|switch|p1a: Thundurus|Thundurus-Therian, M, tera:Flying|8\/100\n|turn|21\n|\n|t:|1700465790\n|switch|p1a: Alomomola|Alomomola, F|100\/100 slp\n|move|p2a: Kingambit|Sucker Punch||[still]\n|-fail|p2a: Kingambit\n|\n|-damage|p2a: Kingambit|72\/100 brn|[from] brn\n|upkeep\n|turn|22\n|\n|t:|1700465796\n|move|p2a: Kingambit|Swords Dance|p2a: Kingambit\n|-boost|p2a: Kingambit|atk|2\n|cant|p1a: Alomomola|slp\n|\n|-damage|p2a: Kingambit|66\/100 brn|[from] brn\n|upkeep\n|turn|23\n|\n|t:|1700465800\n|move|p2a: Kingambit|Swords Dance|p2a: Kingambit\n|-boost|p2a: Kingambit|atk|2\n|cant|p1a: Alomomola|slp\n|\n|-damage|p2a: Kingambit|59\/100 brn|[from] brn\n|upkeep\n|turn|24\n|\n|t:|1700465802\n|move|p2a: Kingambit|Kowtow Cleave|p1a: Alomomola\n|-damage|p1a: Alomomola|0 fnt\n|faint|p1a: Alomomola\n|\n|-damage|p2a: Kingambit|53\/100 brn|[from] brn\n|upkeep\n|c|\u2606PlacatedPlatypus|just incredible\n|\n|t:|1700465809\n|switch|p1a: Thundurus|Thundurus-Therian, M, tera:Flying|8\/100\n|turn|25\n|c|\u2606bingus revolution|you played this like shit delete your acct.\n|c|\u2606PlacatedPlatypus|crit the sucker lmfao\n|\n|t:|1700465823\n|move|p2a: Kingambit|Sucker Punch|p1a: Thundurus\n|-damage|p1a: Thundurus|0 fnt\n|faint|p1a: Thundurus\n|\n|win|bingus revolution\n|raw|PlacatedPlatypus's rating: 1397 &rarr; <strong>1373<\/strong><br \/>(-24 for losing)\n|raw|bingus revolution's rating: 1330 &rarr; <strong>1354<\/strong><br \/>(+24 for winning)\n","uploadtime":1700465822,"views":10,"p1id":"placatedplatypus","p2id":"bingusrevolution","formatid":"gen9ou","rating":1354,"private":0,"password":""}