{"id":"gen9ou-1988483454","p1":"Kaiserdestroyer","p2":"Fredy2297","format":"[Gen 9] OU","log":"|j|\u2606Kaiserdestroyer\n|j|\u2606Fredy2297\n|t:|1699727803\n|gametype|singles\n|player|p1|Kaiserdestroyer|steven|\n|player|p2|Fredy2297|265|\n|teamsize|p1|6\n|teamsize|p2|6\n|gen|9\n|tier|[Gen 9] OU\n|rule|Sleep Clause Mod: Limit one foe put to sleep\n|rule|Species Clause: Limit one of each Pok\u00e9mon\n|rule|OHKO Clause: OHKO moves are banned\n|rule|Evasion Items Clause: Evasion items are banned\n|rule|Evasion Moves Clause: Evasion moves are banned\n|rule|Endless Battle Clause: Forcing endless battles is banned\n|rule|HP Percentage Mod: HP is shown in percentages\n|clearpoke\n|poke|p1|Great Tusk|\n|poke|p1|Glimmora, F|\n|poke|p1|Iron Moth|\n|poke|p1|Garganacl, F|\n|poke|p1|Vaporeon, F|\n|poke|p1|Iron Thorns|\n|poke|p2|Basculegion-F, F|\n|poke|p2|Pelipper, F|\n|poke|p2|Kilowattrel, M|\n|poke|p2|Overqwil, F|\n|poke|p2|Rillaboom, F|\n|poke|p2|Quaquaval, M|\n|teampreview\n|\n|t:|1699727810\n|start\n|switch|p1a: Glimmora|Glimmora, F|100\/100\n|switch|p2a: Overqwil|Overqwil, F|100\/100\n|turn|1\n|\n|t:|1699727817\n|move|p1a: Glimmora|Earth Power|p2a: Overqwil\n|-supereffective|p2a: Overqwil\n|-damage|p2a: Overqwil|0 fnt\n|faint|p2a: Overqwil\n|\n|upkeep\n|\n|t:|1699727824\n|switch|p2a: Basculegion|Basculegion-F, F|100\/100\n|turn|2\n|\n|t:|1699727831\n|move|p1a: Glimmora|Energy Ball|p2a: Basculegion\n|-supereffective|p2a: Basculegion\n|-damage|p2a: Basculegion|30\/100\n|move|p2a: Basculegion|Hydro Pump|p1a: Glimmora\n|-supereffective|p1a: Glimmora\n|-enditem|p1a: Glimmora|Focus Sash\n|-damage|p1a: Glimmora|1\/100\n|\n|upkeep\n|turn|3\n|\n|t:|1699727840\n|switch|p2a: Rillaboom|Rillaboom, F|100\/100\n|-fieldstart|move: Grassy Terrain|[from] ability: Grassy Surge|[of] p2a: Rillaboom\n|move|p1a: Glimmora|Energy Ball|p2a: Rillaboom\n|-resisted|p2a: Rillaboom\n|-damage|p2a: Rillaboom|86\/100\n|\n|-heal|p1a: Glimmora|7\/100|[from] Grassy Terrain\n|-heal|p2a: Rillaboom|93\/100|[from] Grassy Terrain\n|upkeep\n|turn|4\n|\n|t:|1699727852\n|move|p1a: Glimmora|Stealth Rock|p2a: Rillaboom\n|-sidestart|p2: Fredy2297|move: Stealth Rock\n|move|p2a: Rillaboom|High Horsepower|p1a: Glimmora|[miss]\n|-miss|p2a: Rillaboom|p1a: Glimmora\n|\n|-heal|p1a: Glimmora|13\/100|[from] Grassy Terrain\n|-heal|p2a: Rillaboom|99\/100|[from] Grassy Terrain\n|upkeep\n|turn|5\n|\n|t:|1699727861\n|move|p2a: Rillaboom|Grassy Glide|p1a: Glimmora\n|-damage|p1a: Glimmora|0 fnt\n|-activate|p1a: Glimmora|ability: Toxic Debris\n|-sidestart|p2: Fredy2297|move: Toxic Spikes\n|faint|p1a: Glimmora\n|\n|-heal|p2a: Rillaboom|100\/100|[from] Grassy Terrain\n|upkeep\n|\n|t:|1699727872\n|switch|p1a: Iron Thorns|Iron Thorns|100\/100\n|-enditem|p1a: Iron Thorns|Booster Energy\n|-activate|p1a: Iron Thorns|ability: Quark Drive|[fromitem]\n|-start|p1a: Iron Thorns|quarkdriveatk\n|turn|6\n|\n|t:|1699727881\n|-terastallize|p1a: Iron Thorns|Flying\n|move|p1a: Iron Thorns|Dragon Dance|p1a: Iron Thorns\n|-boost|p1a: Iron Thorns|atk|1\n|-boost|p1a: Iron Thorns|spe|1\n|move|p2a: Rillaboom|High Horsepower|p1a: Iron Thorns\n|-immune|p1a: Iron Thorns\n|\n|upkeep\n|turn|7\n|\n|t:|1699727890\n|switch|p2a: Pelipper|Pelipper, F|100\/100\n|-damage|p2a: Pelipper|76\/100|[from] Stealth Rock\n|-weather|RainDance|[from] ability: Drizzle|[of] p2a: Pelipper\n|move|p1a: Iron Thorns|Dragon Dance|p1a: Iron Thorns\n|-boost|p1a: Iron Thorns|atk|1\n|-boost|p1a: Iron Thorns|spe|1\n|\n|-weather|RainDance|[upkeep]\n|-fieldend|move: Grassy Terrain\n|upkeep\n|turn|8\n|\n|t:|1699727902\n|-terastallize|p2a: Pelipper|Ground\n|move|p1a: Iron Thorns|Rock Blast|p2a: Pelipper\n|-resisted|p2a: Pelipper\n|-damage|p2a: Pelipper|61\/100\n|-resisted|p2a: Pelipper\n|-damage|p2a: Pelipper|48\/100\n|-resisted|p2a: Pelipper\n|-damage|p2a: Pelipper|36\/100\n|-resisted|p2a: Pelipper\n|-damage|p2a: Pelipper|23\/100\n|-hitcount|p2a: Pelipper|4\n|move|p2a: Pelipper|Hurricane|p1a: Iron Thorns\n|-damage|p1a: Iron Thorns|60\/100\n|\n|-weather|RainDance|[upkeep]\n|upkeep\n|turn|9\n|\n|t:|1699727916\n|move|p1a: Iron Thorns|Ice Punch|p2a: Pelipper\n|-supereffective|p2a: Pelipper\n|-damage|p2a: Pelipper|0 fnt\n|faint|p2a: Pelipper\n|\n|-weather|RainDance|[upkeep]\n|upkeep\n|\n|t:|1699727923\n|switch|p2a: Kilowattrel|Kilowattrel, M|100\/100\n|turn|10\n|\n|t:|1699727929\n|move|p1a: Iron Thorns|Rock Blast|p2a: Kilowattrel\n|-supereffective|p2a: Kilowattrel\n|-damage|p2a: Kilowattrel|0 fnt\n|faint|p2a: Kilowattrel\n|-hitcount|p2: Kilowattrel|1\n|\n|-weather|RainDance|[upkeep]\n|upkeep\n|\n|t:|1699727936\n|switch|p2a: Basculegion|Basculegion-F, F|30\/100\n|-damage|p2a: Basculegion|17\/100|[from] Stealth Rock\n|-status|p2a: Basculegion|psn\n|turn|11\n|\n|t:|1699727943\n|move|p1a: Iron Thorns|Wild Charge|p2a: Basculegion\n|-supereffective|p2a: Basculegion\n|-damage|p2a: Basculegion|0 fnt\n|faint|p2a: Basculegion\n|-damage|p1a: Iron Thorns|55\/100|[from] Recoil\n|\n|-weather|RainDance|[upkeep]\n|upkeep\n|\n|t:|1699727951\n|switch|p2a: Quaquaval|Quaquaval, M|100\/100\n|turn|12\n|\n|t:|1699727958\n|move|p1a: Iron Thorns|Wild Charge|p2a: Quaquaval\n|-supereffective|p2a: Quaquaval\n|-damage|p2a: Quaquaval|0 fnt\n|faint|p2a: Quaquaval\n|-damage|p1a: Iron Thorns|28\/100|[from] Recoil\n|\n|-weather|RainDance|[upkeep]\n|upkeep\n|\n|t:|1699727966\n|switch|p2a: Rillaboom|Rillaboom, F|100\/100\n|-damage|p2a: Rillaboom|88\/100|[from] Stealth Rock\n|-status|p2a: Rillaboom|psn\n|-fieldstart|move: Grassy Terrain|[from] ability: Grassy Surge|[of] p2a: Rillaboom\n|turn|13\n|\n|t:|1699727973\n|move|p2a: Rillaboom|Grassy Glide|p1a: Iron Thorns\n|-resisted|p1a: Iron Thorns\n|-damage|p1a: Iron Thorns|10\/100\n|move|p1a: Iron Thorns|Ice Punch|p2a: Rillaboom\n|-supereffective|p2a: Rillaboom\n|-damage|p2a: Rillaboom|0 fnt\n|faint|p2a: Rillaboom\n|\n|win|Kaiserdestroyer\n","uploadtime":1699727985,"views":28,"p1id":"kaiserdestroyer","p2id":"fredy2297","formatid":"gen9ou","rating":0,"private":0,"password":""}