{"id":"gen9ou-1997556270","p1":"StinkyBinky609","p2":"SemperMamba","format":"[Gen 9] OU","log":"|j|\u2606StinkyBinky609\n|j|\u2606SemperMamba\n|t:|1700824955\n|gametype|singles\n|player|p1|StinkyBinky609|drayden|1232\n|player|p2|SemperMamba|lucas-gen4pt|1155\n|teamsize|p1|6\n|teamsize|p2|6\n|gen|9\n|tier|[Gen 9] OU\n|rated|\n|rule|Sleep Clause Mod: Limit one foe put to sleep\n|rule|Species Clause: Limit one of each Pok\u00e9mon\n|rule|OHKO Clause: OHKO moves are banned\n|rule|Evasion Items Clause: Evasion items are banned\n|rule|Evasion Moves Clause: Evasion moves are banned\n|rule|Endless Battle Clause: Forcing endless battles is banned\n|rule|HP Percentage Mod: HP is shown in percentages\n|clearpoke\n|poke|p1|Great Tusk|\n|poke|p1|Chandelure, M|\n|poke|p1|Kilowattrel, M|\n|poke|p1|Iron Valiant|\n|poke|p1|Piloswine, F|\n|poke|p1|Ogerpon, F|\n|poke|p2|Dragapult, M|\n|poke|p2|Ribombee, M|\n|poke|p2|Scream Tail|\n|poke|p2|Lilligant-Hisui, F|\n|poke|p2|Torkoal, F|\n|poke|p2|Ninetales, F|\n|teampreview\n|\n|t:|1700824965\n|start\n|switch|p1a: Gigachaddrel|Kilowattrel, M|100\/100\n|switch|p2a: Torkoal|Torkoal, F|100\/100\n|-weather|SunnyDay|[from] ability: Drought|[of] p2a: Torkoal\n|turn|1\n|\n|t:|1700824976\n|move|p1a: Gigachaddrel|Thunderbolt|p2a: Torkoal\n|-damage|p2a: Torkoal|49\/100\n|move|p2a: Torkoal|Stealth Rock|p1a: Gigachaddrel\n|-sidestart|p1: StinkyBinky609|move: Stealth Rock\n|\n|-weather|SunnyDay|[upkeep]\n|upkeep\n|turn|2\n|\n|t:|1700824988\n|switch|p2a: Ninetales|Ninetales, F|100\/100\n|move|p1a: Gigachaddrel|Thunderbolt|p2a: Ninetales\n|-damage|p2a: Ninetales|74\/100\n|\n|-weather|SunnyDay|[upkeep]\n|upkeep\n|turn|3\n|\n|t:|1700825001\n|move|p1a: Gigachaddrel|Volt Switch|p2a: Ninetales\n|-damage|p2a: Ninetales|53\/100\n|\n|t:|1700825003\n|switch|p1a: Chandy|Chandelure, M|100\/100|[from] Volt Switch\n|-damage|p1a: Chandy|76\/100|[from] Stealth Rock\n|move|p2a: Ninetales|Snarl|p1a: Chandy\n|-supereffective|p1a: Chandy\n|-damage|p1a: Chandy|43\/100\n|-unboost|p1a: Chandy|spa|1\n|\n|-weather|SunnyDay|[upkeep]\n|upkeep\n|turn|4\n|\n|t:|1700825023\n|move|p2a: Ninetales|Extrasensory|p1a: Chandy\n|-damage|p1a: Chandy|19\/100\n|move|p1a: Chandy|Shadow Ball|p2a: Ninetales\n|-crit|p2a: Ninetales\n|-damage|p2a: Ninetales|0 fnt\n|faint|p2a: Ninetales\n|\n|-weather|SunnyDay|[upkeep]\n|upkeep\n|\n|t:|1700825035\n|switch|p2a: Dragapult|Dragapult, M|100\/100\n|turn|5\n|\n|t:|1700825048\n|switch|p1a: Trash|Iron Valiant|100\/100\n|-damage|p1a: Trash|95\/100|[from] Stealth Rock\n|move|p2a: Dragapult|Light Screen|p2a: Dragapult\n|-sidestart|p2: SemperMamba|move: Light Screen\n|\n|-weather|none\n|upkeep\n|turn|6\n|\n|t:|1700825056\n|move|p2a: Dragapult|Reflect|p2a: Dragapult\n|-sidestart|p2: SemperMamba|Reflect\n|move|p1a: Trash|Light Screen|p1a: Trash\n|-sidestart|p1: StinkyBinky609|move: Light Screen\n|\n|upkeep\n|turn|7\n|\n|t:|1700825067\n|move|p2a: Dragapult|U-turn|p1a: Trash\n|-resisted|p1a: Trash\n|-damage|p1a: Trash|89\/100\n|\n|t:|1700825101\n|switch|p2a: Ribombee|Ribombee, M, shiny|100\/100|[from] U-turn\n|move|p1a: Trash|Reflect|p1a: Trash\n|-sidestart|p1: StinkyBinky609|Reflect\n|\n|upkeep\n|turn|8\n|\n|t:|1700825116\n|-end|p1a: Trash|Quark Drive|[silent]\n|switch|p1a: Elon Musk|Great Tusk|100\/100\n|-damage|p1a: Elon Musk|98\/100|[from] Stealth Rock\n|move|p2a: Ribombee|Quiver Dance|p2a: Ribombee\n|-boost|p2a: Ribombee|spa|1\n|-boost|p2a: Ribombee|spd|1\n|-boost|p2a: Ribombee|spe|1\n|\n|upkeep\n|turn|9\n|\n|t:|1700825126\n|move|p2a: Ribombee|Quiver Dance|p2a: Ribombee\n|-boost|p2a: Ribombee|spa|1\n|-boost|p2a: Ribombee|spd|1\n|-boost|p2a: Ribombee|spe|1\n|move|p1a: Elon Musk|Rapid Spin|p2a: Ribombee\n|-damage|p2a: Ribombee|85\/100\n|-boost|p1a: Elon Musk|spe|1\n|-sideend|p1: StinkyBinky609|Stealth Rock|[from] move: Rapid Spin|[of] p1a: Elon Musk\n|-enditem|p2a: Ribombee|Kee Berry|[eat]\n|-boost|p2a: Ribombee|def|1|[from] item: Kee Berry\n|\n|upkeep\n|turn|10\n|\n|t:|1700825151\n|-end|p1a: Elon Musk|Protosynthesis|[silent]\n|switch|p1a: Chandy|Chandelure, M|19\/100\n|move|p2a: Ribombee|Quiver Dance|p2a: Ribombee\n|-boost|p2a: Ribombee|spa|1\n|-boost|p2a: Ribombee|spd|1\n|-boost|p2a: Ribombee|spe|1\n|\n|upkeep\n|turn|11\n|\n|t:|1700825161\n|move|p2a: Ribombee|Draining Kiss|p1a: Chandy\n|-resisted|p1a: Chandy\n|-damage|p1a: Chandy|2\/100\n|-heal|p2a: Ribombee|97\/100|[from] drain|[of] p1a: Chandy\n|move|p1a: Chandy|Overheat|p2a: Ribombee\n|-supereffective|p2a: Ribombee\n|-damage|p2a: Ribombee|20\/100\n|-unboost|p1a: Chandy|spa|2\n|\n|upkeep\n|turn|12\n|\n|t:|1700825170\n|move|p2a: Ribombee|Draining Kiss|p1a: Chandy\n|-resisted|p1a: Chandy\n|-crit|p1a: Chandy\n|-damage|p1a: Chandy|0 fnt\n|-heal|p2a: Ribombee|22\/100|[from] drain|[of] p1a: Chandy\n|faint|p1a: Chandy\n|\n|-sideend|p2: SemperMamba|move: Light Screen\n|upkeep\n|\n|t:|1700825180\n|switch|p1a: Small Tusk|Piloswine, F|100\/100\n|turn|13\n|\n|t:|1700825191\n|move|p2a: Ribombee|Draining Kiss|p1a: Small Tusk\n|-damage|p1a: Small Tusk|79\/100\n|-heal|p2a: Ribombee|46\/100|[from] drain|[of] p1a: Small Tusk\n|move|p1a: Small Tusk|Icicle Crash|p2a: Ribombee\n|-damage|p2a: Ribombee|19\/100\n|\n|-sideend|p2: SemperMamba|Reflect\n|-sideend|p1: StinkyBinky609|move: Light Screen\n|upkeep\n|turn|14\n|\n|t:|1700825206\n|move|p1a: Small Tusk|Ice Shard|p2a: Ribombee\n|-damage|p2a: Ribombee|0 fnt\n|faint|p2a: Ribombee\n|\n|-sideend|p1: StinkyBinky609|Reflect\n|upkeep\n|c|\u2606StinkyBinky609|That was kinda cringe\n|c|\u2606SemperMamba|damn lol\n|\n|t:|1700825222\n|switch|p2a: Torkoal|Torkoal, F|49\/100\n|-weather|SunnyDay|[from] ability: Drought|[of] p2a: Torkoal\n|turn|15\n|\n|t:|1700825247\n|move|p1a: Small Tusk|Earthquake|p2a: Torkoal\n|-supereffective|p2a: Torkoal\n|-damage|p2a: Torkoal|0 fnt\n|faint|p2a: Torkoal\n|\n|-weather|SunnyDay|[upkeep]\n|upkeep\n|\n|t:|1700825254\n|switch|p2a: Lilligant|Lilligant-Hisui, F|100\/100\n|turn|16\n|\n|t:|1700825264\n|move|p1a: Small Tusk|Ice Shard|p2a: Lilligant\n|-supereffective|p2a: Lilligant\n|-damage|p2a: Lilligant|53\/100\n|move|p2a: Lilligant|Victory Dance|p2a: Lilligant\n|-boost|p2a: Lilligant|atk|1\n|-boost|p2a: Lilligant|def|1\n|-boost|p2a: Lilligant|spe|1\n|\n|-weather|SunnyDay|[upkeep]\n|-heal|p2a: Lilligant|59\/100|[from] item: Leftovers\n|upkeep\n|turn|17\n|\n|t:|1700825276\n|-terastallize|p2a: Lilligant|Rock\n|-terastallize|p1a: Small Tusk|Ghost\n|move|p2a: Lilligant|Victory Dance|p2a: Lilligant\n|-boost|p2a: Lilligant|atk|1\n|-boost|p2a: Lilligant|def|1\n|-boost|p2a: Lilligant|spe|1\n|move|p1a: Small Tusk|Icicle Crash|p2a: Lilligant\n|-damage|p2a: Lilligant|35\/100\n|\n|-weather|SunnyDay|[upkeep]\n|-heal|p2a: Lilligant|41\/100|[from] item: Leftovers\n|upkeep\n|turn|18\n|\n|t:|1700825291\n|move|p2a: Lilligant|Solar Blade||[still]\n|-prepare|p2a: Lilligant|Solar Blade\n|-anim|p2a: Lilligant|Solar Blade|p1a: Small Tusk\n|-damage|p1a: Small Tusk|22\/100\n|move|p1a: Small Tusk|Earthquake|p2a: Lilligant\n|-supereffective|p2a: Lilligant\n|-damage|p2a: Lilligant|0 fnt\n|faint|p2a: Lilligant\n|\n|-weather|SunnyDay|[upkeep]\n|upkeep\n|\n|t:|1700825301\n|switch|p2a: Dragapult|Dragapult, M|100\/100\n|turn|19\n|\n|t:|1700825306\n|move|p1a: Small Tusk|Ice Shard|p2a: Dragapult\n|-supereffective|p2a: Dragapult\n|-damage|p2a: Dragapult|58\/100\n|move|p2a: Dragapult|Dragon Darts|p1a: Small Tusk\n|-damage|p1a: Small Tusk|7\/100\n|-anim|p2a: Dragapult|Dragon Darts|p1a: Small Tusk\n|-damage|p1a: Small Tusk|0 fnt\n|faint|p1a: Small Tusk\n|\n|-weather|none\n|upkeep\n|\n|t:|1700825314\n|switch|p1a: Trash|Iron Valiant|89\/100\n|turn|20\n|-message|SemperMamba forfeited.\n|\n|win|StinkyBinky609\n|raw|StinkyBinky609's rating: 1232 &rarr; <strong>1252<\/strong><br \/>(+20 for winning)\n|raw|SemperMamba's rating: 1155 &rarr; <strong>1135<\/strong><br \/>(-20 for losing)\n","uploadtime":1700825328,"views":3,"p1id":"stinkybinky609","p2id":"sempermamba","formatid":"gen9ou","rating":1135,"private":0,"password":""}