{"id":"gen9ou-1993501668","p1":"fyrefyre","p2":"mizdrev","format":"[Gen 9] OU","log":"|j|\u2606fyrefyre\n|j|\u2606mizdrev\n|t:|1700325402\n|gametype|singles\n|player|p1|fyrefyre|cynthia-masters3|1135\n|player|p2|mizdrev|bellelba|1143\n|teamsize|p1|6\n|teamsize|p2|6\n|gen|9\n|tier|[Gen 9] OU\n|rated|\n|rule|Sleep Clause Mod: Limit one foe put to sleep\n|rule|Species Clause: Limit one of each Pok\u00e9mon\n|rule|OHKO Clause: OHKO moves are banned\n|rule|Evasion Items Clause: Evasion items are banned\n|rule|Evasion Moves Clause: Evasion moves are banned\n|rule|Endless Battle Clause: Forcing endless battles is banned\n|rule|HP Percentage Mod: HP is shown in percentages\n|clearpoke\n|poke|p1|Weezing-Galar, M|\n|poke|p1|Sneasler, F|\n|poke|p1|Cinderace, M|\n|poke|p1|Landorus-Therian, M|\n|poke|p1|Blissey, F|\n|poke|p1|Samurott-Hisui, F|\n|poke|p2|Dragapult, F|\n|poke|p2|Kingambit, F|\n|poke|p2|Landorus-Therian, M|\n|poke|p2|Toxapex, F|\n|poke|p2|Corviknight, F|\n|poke|p2|Ribombee, F|\n|teampreview\n|\n|t:|1700325410\n|start\n|switch|p1a: Weezing|Weezing-Galar, M|100\/100\n|switch|p2a: Dragapult|Dragapult, F, shiny|100\/100\n|-fieldstart|move: Misty Terrain|[from] ability: Misty Surge|[of] p1a: Weezing\n|turn|1\n|\n|t:|1700325416\n|move|p2a: Dragapult|U-turn|p1a: Weezing\n|-resisted|p1a: Weezing\n|-damage|p1a: Weezing|93\/100\n|\n|t:|1700325422\n|switch|p2a: Landorus|Landorus-Therian, M, shiny|100\/100|[from] U-turn\n|-ability|p2a: Landorus|Intimidate|boost\n|-unboost|p1a: Weezing|atk|1\n|move|p1a: Weezing|Strange Steam|p2a: Landorus\n|-damage|p2a: Landorus|65\/100\n|-start|p2a: Landorus|confusion\n|\n|upkeep\n|turn|2\n|\n|t:|1700325430\n|-activate|p2a: Landorus|confusion\n|move|p2a: Landorus|Smack Down|p1a: Weezing\n|-damage|p1a: Weezing|79\/100\n|move|p1a: Weezing|Taunt|p2a: Landorus\n|-start|p2a: Landorus|move: Taunt\n|\n|upkeep\n|turn|3\n|\n|t:|1700325439\n|-end|p2a: Landorus|confusion\n|move|p2a: Landorus|Earthquake|p1a: Weezing\n|-supereffective|p1a: Weezing\n|-damage|p1a: Weezing|0 fnt\n|faint|p1a: Weezing\n|\n|upkeep\n|\n|t:|1700325445\n|switch|p1a: Sneasler|Sneasler, F|100\/100\n|-enditem|p1a: Sneasler|Misty Seed\n|-boost|p1a: Sneasler|spd|1|[from] item: Misty Seed\n|turn|4\n|\n|t:|1700325450\n|-terastallize|p1a: Sneasler|Flying\n|move|p1a: Sneasler|Swords Dance|p1a: Sneasler\n|-boost|p1a: Sneasler|atk|2\n|move|p2a: Landorus|Earthquake|p1a: Sneasler\n|-immune|p1a: Sneasler\n|\n|upkeep\n|turn|5\n|\n|t:|1700325458\n|move|p1a: Sneasler|Acrobatics|p2a: Landorus\n|-damage|p2a: Landorus|0 fnt\n|-damage|p1a: Sneasler|84\/100|[from] item: Rocky Helmet|[of] p2a: Landorus\n|faint|p2a: Landorus\n|\n|upkeep\n|\n|t:|1700325467\n|switch|p2a: Toxapex|Toxapex, F, shiny|100\/100\n|turn|6\n|\n|t:|1700325475\n|move|p1a: Sneasler|Dire Claw|p2a: Toxapex\n|-resisted|p2a: Toxapex\n|-damage|p2a: Toxapex|75\/100\n|move|p2a: Toxapex|Haze|p2a: Toxapex\n|-clearallboost\n|\n|-heal|p2a: Toxapex|81\/100|[from] item: Leftovers\n|upkeep\n|turn|7\n|\n|t:|1700325485\n|move|p2a: Toxapex|Baneful Bunker|p2a: Toxapex\n|-singleturn|p2a: Toxapex|move: Protect\n|move|p1a: Sneasler|Dire Claw|p2a: Toxapex\n|-activate|p2a: Toxapex|move: Protect\n|-status|p1a: Sneasler|psn\n|\n|-heal|p2a: Toxapex|87\/100|[from] item: Leftovers\n|-damage|p1a: Sneasler|72\/100 psn|[from] psn\n|upkeep\n|turn|8\n|inactive|Battle timer is ON: inactive players will automatically lose when time's up. (requested by fyrefyre)\n|\n|t:|1700325494\n|move|p1a: Sneasler|Swords Dance|p1a: Sneasler\n|-boost|p1a: Sneasler|atk|2\n|move|p2a: Toxapex|Surf|p1a: Sneasler\n|-damage|p1a: Sneasler|44\/100 psn\n|\n|-heal|p2a: Toxapex|94\/100|[from] item: Leftovers\n|-damage|p1a: Sneasler|32\/100 psn|[from] psn\n|-fieldend|Misty Terrain\n|upkeep\n|turn|9\n|\n|t:|1700325504\n|move|p1a: Sneasler|Dire Claw|p2a: Toxapex\n|-resisted|p2a: Toxapex\n|-damage|p2a: Toxapex|67\/100\n|-status|p2a: Toxapex|par\n|move|p2a: Toxapex|Surf|p1a: Sneasler\n|-damage|p1a: Sneasler|6\/100 psn\n|\n|-heal|p2a: Toxapex|73\/100 par|[from] item: Leftovers\n|-damage|p1a: Sneasler|0 fnt|[from] psn\n|faint|p1a: Sneasler\n|upkeep\n|\n|t:|1700325512\n|switch|p1a: Blissey|Blissey, F|100\/100\n|turn|10\n|\n|t:|1700325517\n|switch|p2a: Corviknight|Corviknight, F, shiny|100\/100\n|move|p1a: Blissey|Stealth Rock|p2a: Corviknight\n|-sidestart|p2: mizdrev|move: Stealth Rock\n|\n|upkeep\n|turn|11\n|\n|t:|1700325525\n|move|p2a: Corviknight|Body Press|p1a: Blissey\n|-supereffective|p1a: Blissey\n|-damage|p1a: Blissey|69\/100\n|move|p1a: Blissey|Ice Beam|p2a: Corviknight\n|-damage|p2a: Corviknight|85\/100\n|-status|p2a: Corviknight|frz\n|\n|-heal|p2a: Corviknight|92\/100 frz|[from] item: Leftovers\n|upkeep\n|turn|12\n|\n|t:|1700325534\n|switch|p1a: Cinderace|Cinderace, M|100\/100\n|-curestatus|p2a: Corviknight|frz|[msg]\n|move|p2a: Corviknight|Body Press|p1a: Cinderace\n|-damage|p1a: Cinderace|76\/100\n|\n|-heal|p2a: Corviknight|98\/100|[from] item: Leftovers\n|upkeep\n|turn|13\n|\n|t:|1700325544\n|switch|p2a: Toxapex|Toxapex, F, shiny|100\/100 par\n|-damage|p2a: Toxapex|88\/100 par|[from] Stealth Rock\n|move|p1a: Cinderace|Will-O-Wisp||[still]\n|-fail|p1a: Cinderace\n|\n|-heal|p2a: Toxapex|94\/100 par|[from] item: Leftovers\n|upkeep\n|turn|14\n|\n|t:|1700325555\n|switch|p1a: Landorus|Landorus-Therian, M|100\/100\n|-ability|p1a: Landorus|Intimidate|boost\n|-unboost|p2a: Toxapex|atk|1\n|move|p2a: Toxapex|Surf|p1a: Landorus\n|-supereffective|p1a: Landorus\n|-damage|p1a: Landorus|50\/100\n|\n|-heal|p2a: Toxapex|100\/100 par|[from] item: Leftovers\n|upkeep\n|turn|15\n|\n|t:|1700325565\n|move|p1a: Landorus|Earth Power|p2a: Toxapex\n|-supereffective|p2a: Toxapex\n|-damage|p2a: Toxapex|0 fnt\n|faint|p2a: Toxapex\n|\n|upkeep\n|\n|t:|1700325574\n|switch|p2a: Dragapult|Dragapult, F, shiny|100\/100\n|-damage|p2a: Dragapult|88\/100|[from] Stealth Rock\n|turn|16\n|\n|t:|1700325579\n|switch|p1a: Blissey|Blissey, F|69\/100\n|move|p2a: Dragapult|Dragon Darts|p1a: Blissey\n|-damage|p1a: Blissey|31\/100\n|-anim|p2a: Dragapult|Dragon Darts|p1a: Blissey\n|-damage|p1a: Blissey|0 fnt\n|faint|p1a: Blissey\n|\n|upkeep\n|\n|t:|1700325582\n|switch|p1a: Samurott|Samurott-Hisui, F|100\/100\n|turn|17\n|\n|t:|1700325590\n|switch|p2a: Corviknight|Corviknight, F, shiny|98\/100\n|-damage|p2a: Corviknight|85\/100|[from] Stealth Rock\n|move|p1a: Samurott|Ceaseless Edge|p2a: Corviknight\n|-damage|p2a: Corviknight|33\/100\n|-sidestart|p2: mizdrev|Spikes\n|\n|-heal|p2a: Corviknight|39\/100|[from] item: Leftovers\n|upkeep\n|turn|18\n|\n|t:|1700325601\n|move|p1a: Samurott|Ceaseless Edge|p2a: Corviknight\n|-damage|p2a: Corviknight|0 fnt\n|-sidestart|p2: mizdrev|Spikes\n|faint|p2a: Corviknight\n|\n|upkeep\n|\n|t:|1700325607\n|switch|p2a: Ribombee|Ribombee, F, shiny|100\/100\n|turn|19\n|\n|t:|1700325610\n|switch|p1a: Cinderace|Cinderace, M|76\/100\n|move|p2a: Ribombee|Quiver Dance|p2a: Ribombee\n|-boost|p2a: Ribombee|spa|1\n|-boost|p2a: Ribombee|spd|1\n|-boost|p2a: Ribombee|spe|1\n|\n|upkeep\n|turn|20\n|\n|t:|1700325617\n|-terastallize|p2a: Ribombee|Fire\n|move|p2a: Ribombee|Sticky Web|p1a: Cinderace\n|-sidestart|p1: fyrefyre|move: Sticky Web\n|move|p1a: Cinderace|Pyro Ball|p2a: Ribombee\n|-resisted|p2a: Ribombee\n|-damage|p2a: Ribombee|50\/100\n|\n|upkeep\n|turn|21\n|\n|t:|1700325623\n|move|p2a: Ribombee|Draining Kiss|p1a: Cinderace\n|-resisted|p1a: Cinderace\n|-damage|p1a: Cinderace|53\/100\n|-heal|p2a: Ribombee|73\/100|[from] drain|[of] p1a: Cinderace\n|move|p1a: Cinderace|Pyro Ball|p2a: Ribombee\n|-resisted|p2a: Ribombee\n|-damage|p2a: Ribombee|23\/100\n|\n|upkeep\n|turn|22\n|\n|t:|1700325633\n|move|p2a: Ribombee|Draining Kiss|p1a: Cinderace\n|-resisted|p1a: Cinderace\n|-damage|p1a: Cinderace|32\/100\n|-heal|p2a: Ribombee|45\/100|[from] drain|[of] p1a: Cinderace\n|move|p1a: Cinderace|Pyro Ball|p2a: Ribombee\n|-resisted|p2a: Ribombee\n|-damage|p2a: Ribombee|0 fnt\n|faint|p2a: Ribombee\n|\n|upkeep\n|\n|t:|1700325642\n|switch|p2a: Dragapult|Dragapult, F, shiny|88\/100\n|-damage|p2a: Dragapult|76\/100|[from] Stealth Rock\n|-damage|p2a: Dragapult|59\/100|[from] Spikes\n|turn|23\n|\n|t:|1700325646\n|move|p2a: Dragapult|Dragon Darts|p1a: Cinderace\n|-damage|p1a: Cinderace|0 fnt\n|faint|p1a: Cinderace\n|\n|upkeep\n|\n|t:|1700325649\n|switch|p1a: Landorus|Landorus-Therian, M|50\/100\n|-ability|p1a: Landorus|Intimidate|boost\n|-unboost|p2a: Dragapult|atk|1\n|turn|24\n|\n|t:|1700325652\n|move|p2a: Dragapult|Dragon Darts|p1a: Landorus\n|-damage|p1a: Landorus|16\/100\n|-anim|p2a: Dragapult|Dragon Darts|p1a: Landorus\n|-damage|p1a: Landorus|0 fnt\n|faint|p1a: Landorus\n|\n|upkeep\n|\n|t:|1700325654\n|switch|p1a: Samurott|Samurott-Hisui, F|100\/100\n|-activate|p1a: Samurott|move: Sticky Web\n|-unboost|p1a: Samurott|spe|1\n|turn|25\n|-message|fyrefyre forfeited.\n|\n|win|mizdrev\n|raw|fyrefyre's rating: 1135 &rarr; <strong>1111<\/strong><br \/>(-24 for losing)\n|raw|mizdrev's rating: 1143 &rarr; <strong>1167<\/strong><br \/>(+24 for winning)\n|l|\u2606fyrefyre\n|c|\u2606mizdrev|gg\n","uploadtime":1700325676,"views":9,"p1id":"fyrefyre","p2id":"mizdrev","formatid":"gen9ou","rating":1111,"private":0,"password":""}