{"id":"gen9ou-2000460221","p1":"SAAtheYoshiboy","p2":"CDAtheDinoboy","format":"[Gen 9] OU","log":"|j|\u2606SAAtheYoshiboy\n|j|\u2606CDAtheDinoboy\n|t:|1701196673\n|gametype|singles\n|player|p1|SAAtheYoshiboy|youngster-gen4dp|\n|player|p2|CDAtheDinoboy|jogger|\n|teamsize|p1|6\n|teamsize|p2|2\n|gen|9\n|tier|[Gen 9] OU\n|rule|Sleep Clause Mod: Limit one foe put to sleep\n|rule|Species Clause: Limit one of each Pok\u00e9mon\n|rule|OHKO Clause: OHKO moves are banned\n|rule|Evasion Items Clause: Evasion items are banned\n|rule|Evasion Moves Clause: Evasion moves are banned\n|rule|Endless Battle Clause: Forcing endless battles is banned\n|rule|HP Percentage Mod: HP is shown in percentages\n|clearpoke\n|poke|p1|Kommo-o, M|\n|poke|p1|Okidogi, M|\n|poke|p1|Rillaboom, M|\n|poke|p1|Kingambit, F|\n|poke|p1|Azumarill, M|\n|poke|p1|Basculegion, M|\n|poke|p2|Gallade, M|\n|poke|p2|Thundurus, M|\n|teampreview\n|\n|t:|1701196686\n|start\n|switch|p1a: Scaleo Ultima|Kommo-o, M, shiny|100\/100\n|switch|p2a: Thundurus|Thundurus, M|100\/100\n|turn|1\n|\n|t:|1701196696\n|move|p2a: Thundurus|Sunny Day|p2a: Thundurus\n|-weather|SunnyDay\n|move|p1a: Scaleo Ultima|Boomburst|p2a: Thundurus\n|-damage|p2a: Thundurus|44\/100\n|-enditem|p2a: Thundurus|Eject Button\n|-enditem|p1a: Scaleo Ultima|Throat Spray\n|-boost|p1a: Scaleo Ultima|spa|1|[from] item: Throat Spray\n|\n|t:|1701196702\n|switch|p2a: Dagger Ultima|Gallade, M|100\/100\n|\n|-weather|SunnyDay|[upkeep]\n|upkeep\n|turn|2\n|\n|t:|1701196714\n|-terastallize|p2a: Dagger Ultima|Grass\n|move|p2a: Dagger Ultima|Solar Blade||[still]\n|-prepare|p2a: Dagger Ultima|Solar Blade\n|-anim|p2a: Dagger Ultima|Solar Blade|p1a: Scaleo Ultima\n|-resisted|p1a: Scaleo Ultima\n|-damage|p1a: Scaleo Ultima|43\/100\n|-damage|p2a: Dagger Ultima|91\/100|[from] item: Life Orb\n|move|p1a: Scaleo Ultima|Clangorous Soul|p1a: Scaleo Ultima\n|-boost|p1a: Scaleo Ultima|atk|1\n|-boost|p1a: Scaleo Ultima|def|1\n|-boost|p1a: Scaleo Ultima|spa|1\n|-boost|p1a: Scaleo Ultima|spd|1\n|-boost|p1a: Scaleo Ultima|spe|1\n|-damage|p1a: Scaleo Ultima|10\/100\n|\n|-weather|SunnyDay|[upkeep]\n|upkeep\n|turn|3\n|\n|t:|1701196731\n|move|p1a: Scaleo Ultima|Clangorous Soul||[still]\n|-fail|p1a: Scaleo Ultima\n|move|p2a: Dagger Ultima|Solar Blade||[still]\n|-prepare|p2a: Dagger Ultima|Solar Blade\n|-anim|p2a: Dagger Ultima|Solar Blade|p1a: Scaleo Ultima\n|-resisted|p1a: Scaleo Ultima\n|-damage|p1a: Scaleo Ultima|0 fnt\n|faint|p1a: Scaleo Ultima\n|-damage|p2a: Dagger Ultima|81\/100|[from] item: Life Orb\n|\n|-weather|SunnyDay|[upkeep]\n|upkeep\n|\n|t:|1701196738\n|switch|p1a: Okidogi|Okidogi, M|100\/100\n|turn|4\n|\n|t:|1701196743\n|move|p1a: Okidogi|Thunder Fang|p2a: Dagger Ultima\n|-resisted|p2a: Dagger Ultima\n|-damage|p2a: Dagger Ultima|62\/100\n|move|p2a: Dagger Ultima|Solar Blade||[still]\n|-prepare|p2a: Dagger Ultima|Solar Blade\n|-anim|p2a: Dagger Ultima|Solar Blade|p1a: Okidogi\n|-resisted|p1a: Okidogi\n|-damage|p1a: Okidogi|43\/100\n|-damage|p2a: Dagger Ultima|52\/100|[from] item: Life Orb\n|\n|-weather|SunnyDay|[upkeep]\n|upkeep\n|turn|5\n|\n|t:|1701196756\n|move|p2a: Dagger Ultima|Solar Blade||[still]\n|-prepare|p2a: Dagger Ultima|Solar Blade\n|-anim|p2a: Dagger Ultima|Solar Blade|p1a: Okidogi\n|-resisted|p1a: Okidogi\n|-damage|p1a: Okidogi|0 fnt\n|faint|p1a: Okidogi\n|-damage|p2a: Dagger Ultima|43\/100|[from] item: Life Orb\n|\n|-weather|none\n|upkeep\n|\n|t:|1701196759\n|switch|p1a: Rillaboom|Rillaboom, M|100\/100\n|-fieldstart|move: Grassy Terrain|[from] ability: Grassy Surge|[of] p1a: Rillaboom\n|turn|6\n|\n|t:|1701196765\n|move|p2a: Dagger Ultima|Solar Blade||[still]\n|-prepare|p2a: Dagger Ultima|Solar Blade\n|move|p1a: Rillaboom|High Horsepower|p2a: Dagger Ultima|[miss]\n|-miss|p1a: Rillaboom|p2a: Dagger Ultima\n|\n|-heal|p2a: Dagger Ultima|49\/100|[from] Grassy Terrain\n|-damage|p1a: Rillaboom|88\/100|[from] item: Sticky Barb\n|upkeep\n|turn|7\n|\n|t:|1701196780\n|move|p2a: Dagger Ultima|Solar Blade|p1a: Rillaboom|[from]lockedmove\n|-resisted|p1a: Rillaboom\n|-damage|p1a: Rillaboom|6\/100\n|-damage|p2a: Dagger Ultima|39\/100|[from] item: Life Orb\n|move|p1a: Rillaboom|High Horsepower|p2a: Dagger Ultima\n|-resisted|p2a: Dagger Ultima\n|-damage|p2a: Dagger Ultima|11\/100\n|\n|-heal|p2a: Dagger Ultima|17\/100|[from] Grassy Terrain\n|-heal|p1a: Rillaboom|12\/100|[from] Grassy Terrain\n|-damage|p1a: Rillaboom|0 fnt|[from] item: Sticky Barb\n|faint|p1a: Rillaboom\n|upkeep\n|\n|t:|1701196789\n|switch|p1a: Azumarill|Azumarill, M, shiny|100\/100\n|turn|8\n|\n|t:|1701196793\n|switch|p2a: Thundurus|Thundurus, M|44\/100\n|move|p1a: Azumarill|Belly Drum|p1a: Azumarill\n|-damage|p1a: Azumarill|51\/100\n|-setboost|p1a: Azumarill|atk|6|[from] move: Belly Drum\n|\n|-heal|p1a: Azumarill|57\/100|[from] Grassy Terrain\n|upkeep\n|turn|9\n|\n|t:|1701196798\n|-singleturn|p1a: Azumarill|move: Focus Punch\n|move|p2a: Thundurus|Sunny Day|p2a: Thundurus\n|-weather|SunnyDay\n|move|p1a: Azumarill|Focus Punch|p2a: Thundurus\n|-resisted|p2a: Thundurus\n|-damage|p2a: Thundurus|0 fnt\n|faint|p2a: Thundurus\n|-damage|p1a: Azumarill|47\/100|[from] item: Life Orb\n|\n|-weather|SunnyDay|[upkeep]\n|-heal|p1a: Azumarill|53\/100|[from] Grassy Terrain\n|upkeep\n|\n|t:|1701196803\n|switch|p2a: Dagger Ultima|Gallade, M, tera:Grass|17\/100\n|turn|10\n|\n|t:|1701196808\n|move|p2a: Dagger Ultima|Solar Blade||[still]\n|-prepare|p2a: Dagger Ultima|Solar Blade\n|-anim|p2a: Dagger Ultima|Solar Blade|p1a: Azumarill\n|-supereffective|p1a: Azumarill\n|-damage|p1a: Azumarill|0 fnt\n|faint|p1a: Azumarill\n|-damage|p2a: Dagger Ultima|7\/100|[from] item: Life Orb\n|\n|-weather|SunnyDay|[upkeep]\n|-heal|p2a: Dagger Ultima|13\/100|[from] Grassy Terrain\n|-fieldend|move: Grassy Terrain\n|upkeep\n|\n|t:|1701196813\n|switch|p1a: Basculegion|Basculegion, M|100\/100\n|turn|11\n|\n|t:|1701196821\n|move|p2a: Dagger Ultima|Solar Blade||[still]\n|-prepare|p2a: Dagger Ultima|Solar Blade\n|-anim|p2a: Dagger Ultima|Solar Blade|p1a: Basculegion\n|-supereffective|p1a: Basculegion\n|-damage|p1a: Basculegion|0 fnt\n|faint|p1a: Basculegion\n|-damage|p2a: Dagger Ultima|3\/100|[from] item: Life Orb\n|\n|-weather|SunnyDay|[upkeep]\n|upkeep\n|\n|t:|1701196827\n|switch|p1a: Kingambit|Kingambit, F|100\/100\n|-activate|p1a: Kingambit|ability: Supreme Overlord\n|-start|p1a: Kingambit|fallen5|[silent]\n|turn|12\n|\n|t:|1701196834\n|move|p2a: Dagger Ultima|Sacred Sword|p1a: Kingambit\n|-supereffective|p1a: Kingambit\n|-damage|p1a: Kingambit|0 fnt\n|faint|p1a: Kingambit\n|-end|p1a: Kingambit|fallen5|[silent]\n|-damage|p2a: Dagger Ultima|0 fnt|[from] item: Life Orb\n|faint|p2a: Dagger Ultima\n|\n|win|CDAtheDinoboy\n","uploadtime":1701196847,"views":1,"p1id":"saatheyoshiboy","p2id":"cdathedinoboy","formatid":"gen9ou","rating":0,"private":0,"password":""}