{"id":"gen9ou-2000124674","p1":"Ordmas","p2":"ReaperUnit","format":"[Gen 9] OU","log":"|j|\u2606Ordmas\n|j|\u2606ReaperUnit\n|t:|1701159267\n|gametype|singles\n|player|p1|Ordmas|rocketgruntf|1080\n|player|p2|ReaperUnit|266|1000\n|teamsize|p1|6\n|teamsize|p2|6\n|gen|9\n|tier|[Gen 9] OU\n|rated|\n|rule|Sleep Clause Mod: Limit one foe put to sleep\n|rule|Species Clause: Limit one of each Pok\u00e9mon\n|rule|OHKO Clause: OHKO moves are banned\n|rule|Evasion Items Clause: Evasion items are banned\n|rule|Evasion Moves Clause: Evasion moves are banned\n|rule|Endless Battle Clause: Forcing endless battles is banned\n|rule|HP Percentage Mod: HP is shown in percentages\n|clearpoke\n|poke|p1|Ribombee, F|\n|poke|p1|Garchomp, F|\n|poke|p1|Greninja-*, M|\n|poke|p1|Zapdos|\n|poke|p1|Jirachi|\n|poke|p1|Gengar, M|\n|poke|p2|Dragonite, M|\n|poke|p2|Dragapult, M|\n|poke|p2|Gengar, F|\n|poke|p2|Chandelure, M|\n|poke|p2|Raichu-Alola, M|\n|poke|p2|Mimikyu, F|\n|teampreview\n|\n|t:|1701159280\n|start\n|switch|p1a: Feechka|Ribombee, F|100\/100\n|switch|p2a: Gengar|Gengar, F|100\/100\n|turn|1\n|\n|t:|1701159292\n|move|p1a: Feechka|Sticky Web|p2a: Gengar\n|-sidestart|p2: ReaperUnit|move: Sticky Web\n|move|p2a: Gengar|Destiny Bond|p2a: Gengar\n|-singlemove|p2a: Gengar|Destiny Bond\n|\n|upkeep\n|turn|2\n|\n|t:|1701159307\n|move|p1a: Feechka|U-turn|p2a: Gengar\n|-resisted|p2a: Gengar\n|-damage|p2a: Gengar|94\/100\n|\n|t:|1701159315\n|switch|p1a: Ten'|Greninja, M|100\/100|[from] U-turn\n|move|p2a: Gengar|Toxic|p1a: Ten'\n|-status|p1a: Ten'|tox\n|\n|-damage|p1a: Ten'|95\/100 tox|[from] psn\n|upkeep\n|turn|3\n|inactive|Battle timer is ON: inactive players will automatically lose when time's up. (requested by Ordmas)\n|\n|t:|1701159345\n|switch|p2a: Raichu|Raichu-Alola, M|100\/100\n|-activate|p2a: Raichu|move: Sticky Web\n|-unboost|p2a: Raichu|spe|1\n|move|p1a: Ten'|Dark Pulse|p2a: Raichu\n|-supereffective|p2a: Raichu\n|-damage|p2a: Raichu|0 fnt\n|faint|p2a: Raichu\n|-ability|p1a: Ten'|Battle Bond|boost\n|-boost|p1a: Ten'|atk|1\n|-boost|p1a: Ten'|spa|1\n|-boost|p1a: Ten'|spe|1\n|-activate|p1a: Ten'|ability: Battle Bond\n|-damage|p1a: Ten'|85\/100 tox|[from] item: Life Orb\n|\n|-damage|p1a: Ten'|73\/100 tox|[from] psn\n|upkeep\n|\n|t:|1701159362\n|switch|p2a: Dragapult|Dragapult, M|100\/100\n|-activate|p2a: Dragapult|move: Sticky Web\n|-unboost|p2a: Dragapult|spe|1\n|turn|4\n|\n|t:|1701159371\n|move|p1a: Ten'|Dark Pulse|p2a: Dragapult\n|-supereffective|p2a: Dragapult\n|-damage|p2a: Dragapult|0 fnt\n|faint|p2a: Dragapult\n|-damage|p1a: Ten'|63\/100 tox|[from] item: Life Orb\n|\n|-damage|p1a: Ten'|45\/100 tox|[from] psn\n|upkeep\n|\n|t:|1701159379\n|switch|p2a: Dragonite|Dragonite, M|100\/100\n|turn|5\n|\n|t:|1701159383\n|move|p1a: Ten'|Ice Beam|p2a: Dragonite\n|-supereffective|p2a: Dragonite\n|-crit|p2a: Dragonite\n|-damage|p2a: Dragonite|0 fnt\n|faint|p2a: Dragonite\n|-damage|p1a: Ten'|35\/100 tox|[from] item: Life Orb\n|\n|-damage|p1a: Ten'|11\/100 tox|[from] psn\n|upkeep\n|\n|t:|1701159392\n|switch|p2a: Gengar|Gengar, F|94\/100\n|-activate|p2a: Gengar|move: Sticky Web\n|-unboost|p2a: Gengar|spe|1\n|turn|6\n|\n|t:|1701159397\n|move|p1a: Ten'|Dark Pulse|p2a: Gengar\n|-supereffective|p2a: Gengar\n|-damage|p2a: Gengar|0 fnt\n|faint|p2a: Gengar\n|-damage|p1a: Ten'|2\/100 tox|[from] item: Life Orb\n|\n|-damage|p1a: Ten'|0 fnt|[from] psn\n|faint|p1a: Ten'\n|upkeep\n|\n|t:|1701159409\n|switch|p1a: General F|Gengar, M|100\/100\n|switch|p2a: Mimikyu|Mimikyu, F|100\/100\n|-activate|p2a: Mimikyu|move: Sticky Web\n|-unboost|p2a: Mimikyu|spe|1\n|turn|7\n|\n|t:|1701159427\n|move|p2a: Mimikyu|Shadow Sneak|p1a: General F\n|-supereffective|p1a: General F\n|-damage|p1a: General F|19\/100\n|-start|p2a: Mimikyu|Disable|Shadow Sneak|[from] ability: Cursed Body|[of] p1a: General F\n|-damage|p2a: Mimikyu|91\/100|[from] item: Life Orb\n|move|p1a: General F|Shadow Ball|p2a: Mimikyu\n|-activate|p2a: Mimikyu|ability: Disguise\n|-damage|p2a: Mimikyu|91\/100\n|detailschange|p2a: Mimikyu|Mimikyu-Busted, F\n|-damage|p2a: Mimikyu|78\/100|[from] pokemon: Mimikyu-Busted\n|\n|upkeep\n|turn|8\n|\n|t:|1701159448\n|move|p1a: General F|Sludge Bomb|p2a: Mimikyu\n|-damage|p2a: Mimikyu|17\/100\n|-status|p2a: Mimikyu|psn\n|move|p2a: Mimikyu|Play Rough|p1a: General F|[miss]\n|-miss|p2a: Mimikyu|p1a: General F\n|\n|-damage|p2a: Mimikyu|4\/100 psn|[from] psn\n|upkeep\n|turn|9\n|\n|t:|1701159460\n|move|p1a: General F|Shadow Ball|p2a: Mimikyu\n|-supereffective|p2a: Mimikyu\n|-damage|p2a: Mimikyu|0 fnt\n|faint|p2a: Mimikyu\n|\n|upkeep\n|\n|t:|1701159468\n|switch|p2a: Chandelure|Chandelure, M|100\/100\n|-activate|p2a: Chandelure|move: Sticky Web\n|-unboost|p2a: Chandelure|spe|1\n|turn|10\n|\n|t:|1701159475\n|move|p1a: General F|Shadow Ball|p2a: Chandelure\n|-supereffective|p2a: Chandelure\n|-damage|p2a: Chandelure|0 fnt\n|faint|p2a: Chandelure\n|\n|win|Ordmas\n|raw|Ordmas's rating: 1080 &rarr; <strong>1102<\/strong><br \/>(+22 for winning)\n|raw|ReaperUnit's rating: 1000 &rarr; <strong>1000<\/strong><br \/>(+0 for losing)\n","uploadtime":1701159483,"views":8,"p1id":"ordmas","p2id":"reaperunit","formatid":"gen9ou","rating":1000,"private":0,"password":""}