{"id":"gen9ou-1990032199","p1":"Redboy128","p2":"Username momento","format":"[Gen 9] OU","log":"|j|\u2606Redboy128\n|j|\u2606Username momento\n|t:|1699917289\n|gametype|singles\n|player|p1|Redboy128|red|1451\n|player|p2|Username momento|ninjaboy|1471\n|teamsize|p1|6\n|teamsize|p2|6\n|gen|9\n|tier|[Gen 9] OU\n|rated|\n|rule|Sleep Clause Mod: Limit one foe put to sleep\n|rule|Species Clause: Limit one of each Pok\u00e9mon\n|rule|OHKO Clause: OHKO moves are banned\n|rule|Evasion Items Clause: Evasion items are banned\n|rule|Evasion Moves Clause: Evasion moves are banned\n|rule|Endless Battle Clause: Forcing endless battles is banned\n|rule|HP Percentage Mod: HP is shown in percentages\n|clearpoke\n|poke|p1|Donphan, M|\n|poke|p1|Azelf|\n|poke|p1|Chesnaught, F|\n|poke|p1|Delphox, M|\n|poke|p1|Kommo-o, F|\n|poke|p1|Vivillon-Pokeball, M|\n|poke|p2|Meowscarada, M|\n|poke|p2|Kingambit, F|\n|poke|p2|Dragonite, F|\n|poke|p2|Zamazenta-*|\n|poke|p2|Great Tusk|\n|poke|p2|Iron Moth|\n|teampreview\n|inactive|Battle timer is ON: inactive players will automatically lose when time's up. (requested by Redboy128)\n|\n|t:|1699917295\n|start\n|switch|p1a: Azelf|Azelf|100\/100\n|switch|p2a: Meowscarada|Meowscarada, M|100\/100\n|turn|1\n|\n|t:|1699917299\n|move|p2a: Meowscarada|U-turn|p1a: Azelf\n|-start|p2a: Meowscarada|typechange|Bug|[from] ability: Protean\n|-supereffective|p1a: Azelf\n|-enditem|p1a: Azelf|Focus Sash\n|-damage|p1a: Azelf|1\/100\n|\n|t:|1699917305\n|switch|p2a: Iron Moth|Iron Moth|100\/100|[from] U-turn\n|-enditem|p2a: Iron Moth|Booster Energy\n|-activate|p2a: Iron Moth|ability: Quark Drive|[fromitem]\n|-start|p2a: Iron Moth|quarkdrivespe\n|move|p1a: Azelf|Thunder Wave|p2a: Iron Moth\n|-status|p2a: Iron Moth|par\n|\n|upkeep\n|turn|2\n|\n|t:|1699917308\n|move|p1a: Azelf|Stealth Rock|p2a: Iron Moth\n|-sidestart|p2: Username momento|move: Stealth Rock\n|move|p2a: Iron Moth|Fiery Dance|p1a: Azelf\n|-damage|p1a: Azelf|0 fnt\n|-boost|p2a: Iron Moth|spa|1\n|faint|p1a: Azelf\n|\n|upkeep\n|\n|t:|1699917315\n|switch|p1a: Regular Tusk|Donphan, M, shiny|100\/100\n|turn|3\n|\n|t:|1699917319\n|cant|p2a: Iron Moth|par\n|move|p1a: Regular Tusk|Earthquake|p2a: Iron Moth\n|-supereffective|p2a: Iron Moth\n|-damage|p2a: Iron Moth|0 fnt\n|faint|p2a: Iron Moth\n|-end|p2a: Iron Moth|Quark Drive|[silent]\n|\n|upkeep\n|\n|t:|1699917327\n|switch|p2a: Great Tusk|Great Tusk|100\/100\n|-damage|p2a: Great Tusk|98\/100|[from] Stealth Rock\n|-enditem|p2a: Great Tusk|Booster Energy\n|-activate|p2a: Great Tusk|ability: Protosynthesis|[fromitem]\n|-start|p2a: Great Tusk|protosynthesisatk\n|turn|4\n|\n|t:|1699917329\n|move|p2a: Great Tusk|Rapid Spin|p1a: Regular Tusk\n|-damage|p1a: Regular Tusk|85\/100\n|-boost|p2a: Great Tusk|spe|1\n|-sideend|p2: Username momento|Stealth Rock|[from] move: Rapid Spin|[of] p2a: Great Tusk\n|move|p1a: Regular Tusk|Earthquake|p2a: Great Tusk\n|-damage|p2a: Great Tusk|63\/100\n|\n|upkeep\n|turn|5\n|\n|t:|1699917334\n|move|p2a: Great Tusk|Ice Spinner|p1a: Regular Tusk\n|-supereffective|p1a: Regular Tusk\n|-damage|p1a: Regular Tusk|36\/100\n|move|p1a: Regular Tusk|Earthquake|p2a: Great Tusk\n|-damage|p2a: Great Tusk|23\/100\n|\n|upkeep\n|turn|6\n|\n|t:|1699917337\n|switch|p1a: Chesnuts|Chesnaught, F, shiny|100\/100\n|move|p2a: Great Tusk|Ice Spinner|p1a: Chesnuts\n|-supereffective|p1a: Chesnuts\n|-damage|p1a: Chesnuts|64\/100\n|\n|-heal|p1a: Chesnuts|70\/100|[from] item: Leftovers\n|upkeep\n|turn|7\n|\n|t:|1699917341\n|move|p2a: Great Tusk|Knock Off|p1a: Chesnuts\n|-resisted|p1a: Chesnuts\n|-damage|p1a: Chesnuts|58\/100\n|-enditem|p1a: Chesnuts|Leftovers|[from] move: Knock Off|[of] p2a: Great Tusk\n|move|p1a: Chesnuts|Substitute|p1a: Chesnuts\n|-start|p1a: Chesnuts|Substitute\n|-damage|p1a: Chesnuts|33\/100\n|\n|upkeep\n|turn|8\n|\n|t:|1699917344\n|move|p2a: Great Tusk|Ice Spinner|p1a: Chesnuts\n|-supereffective|p1a: Chesnuts\n|-crit|p1a: Chesnuts\n|-end|p1a: Chesnuts|Substitute\n|move|p1a: Chesnuts|Leech Seed|p2a: Great Tusk\n|-start|p2a: Great Tusk|move: Leech Seed\n|\n|-damage|p2a: Great Tusk|11\/100|[from] Leech Seed|[of] p1a: Chesnuts\n|-heal|p1a: Chesnuts|46\/100|[silent]\n|upkeep\n|turn|9\n|\n|t:|1699917348\n|move|p1a: Chesnuts|Spiky Shield|p1a: Chesnuts\n|-singleturn|p1a: Chesnuts|move: Protect\n|move|p2a: Great Tusk|Ice Spinner|p1a: Chesnuts\n|-activate|p1a: Chesnuts|move: Protect\n|-damage|p2a: Great Tusk|0 fnt|[from] Spiky Shield|[of] p1a: Chesnuts\n|faint|p2a: Great Tusk\n|-end|p2a: Great Tusk|Protosynthesis|[silent]\n|\n|upkeep\n|\n|t:|1699917357\n|switch|p2a: Dragonite|Dragonite, F|100\/100\n|turn|10\n|\n|t:|1699917362\n|move|p2a: Dragonite|Dragon Dance|p2a: Dragonite\n|-boost|p2a: Dragonite|atk|1\n|-boost|p2a: Dragonite|spe|1\n|move|p1a: Chesnuts|Leech Seed|p2a: Dragonite|[miss]\n|-miss|p1a: Chesnuts|p2a: Dragonite\n|\n|upkeep\n|turn|11\n|\n|t:|1699917365\n|move|p2a: Dragonite|Fire Punch|p1a: Chesnuts\n|-supereffective|p1a: Chesnuts\n|-damage|p1a: Chesnuts|0 fnt\n|faint|p1a: Chesnuts\n|\n|upkeep\n|\n|t:|1699917368\n|switch|p1a: Regular Tusk|Donphan, M, shiny|36\/100\n|turn|12\n|\n|t:|1699917373\n|move|p2a: Dragonite|Extreme Speed|p1a: Regular Tusk\n|-damage|p1a: Regular Tusk|3\/100\n|move|p1a: Regular Tusk|Ice Shard|p2a: Dragonite\n|-supereffective|p2a: Dragonite\n|-damage|p2a: Dragonite|72\/100\n|\n|upkeep\n|turn|13\n|\n|t:|1699917379\n|-terastallize|p2a: Dragonite|Normal\n|move|p2a: Dragonite|Roost|p2a: Dragonite\n|-heal|p2a: Dragonite|100\/100\n|move|p1a: Regular Tusk|Endeavor|p2a: Dragonite\n|-damage|p2a: Dragonite|3\/100\n|\n|upkeep\n|turn|14\n|\n|t:|1699917384\n|move|p1a: Regular Tusk|Ice Shard|p2a: Dragonite\n|-damage|p2a: Dragonite|0 fnt\n|faint|p2a: Dragonite\n|\n|upkeep\n|\n|t:|1699917397\n|switch|p2a: Meowscarada|Meowscarada, M|100\/100\n|turn|15\n|\n|t:|1699917398\n|move|p1a: Regular Tusk|Ice Shard|p2a: Meowscarada\n|-supereffective|p2a: Meowscarada\n|-damage|p2a: Meowscarada|51\/100\n|move|p2a: Meowscarada|U-turn|p1a: Regular Tusk\n|-start|p2a: Meowscarada|typechange|Bug|[from] ability: Protean\n|-damage|p1a: Regular Tusk|0 fnt\n|faint|p1a: Regular Tusk\n|\n|t:|1699917403\n|switch|p2a: Kingambit|Kingambit, F|100\/100|[from] U-turn\n|-activate|p2a: Kingambit|ability: Supreme Overlord\n|-start|p2a: Kingambit|fallen3|[silent]\n|\n|upkeep\n|\n|t:|1699917406\n|switch|p1a: Delphox|Delphox, M, shiny|100\/100\n|turn|16\n|\n|t:|1699917408\n|move|p1a: Delphox|Will-O-Wisp|p2a: Kingambit\n|-status|p2a: Kingambit|brn\n|move|p2a: Kingambit|Kowtow Cleave|p1a: Delphox\n|-supereffective|p1a: Delphox\n|-damage|p1a: Delphox|3\/100\n|\n|-damage|p2a: Kingambit|94\/100 brn|[from] brn\n|upkeep\n|turn|17\n|\n|t:|1699917411\n|move|p1a: Delphox|Future Sight|p2a: Kingambit\n|-start|p1a: Delphox|move: Future Sight\n|move|p2a: Kingambit|Swords Dance|p2a: Kingambit\n|-boost|p2a: Kingambit|atk|2\n|\n|-heal|p2a: Kingambit|100\/100 brn|[from] item: Leftovers\n|-damage|p2a: Kingambit|94\/100 brn|[from] brn\n|upkeep\n|turn|18\n|\n|t:|1699917417\n|move|p1a: Delphox|Overheat|p2a: Kingambit|[miss]\n|-miss|p1a: Delphox|p2a: Kingambit\n|move|p2a: Kingambit|Iron Head|p1a: Delphox\n|-resisted|p1a: Delphox\n|-damage|p1a: Delphox|0 fnt\n|faint|p1a: Delphox\n|\n|-heal|p2a: Kingambit|100\/100 brn|[from] item: Leftovers\n|-damage|p2a: Kingambit|94\/100 brn|[from] brn\n|upkeep\n|\n|t:|1699917421\n|switch|p1a: Kommo-o|Kommo-o, F|100\/100\n|turn|19\n|\n|t:|1699917429\n|move|p1a: Kommo-o|Substitute|p1a: Kommo-o\n|-start|p1a: Kommo-o|Substitute\n|-damage|p1a: Kommo-o|76\/100\n|move|p2a: Kingambit|Iron Head|p1a: Kommo-o\n|-end|p1a: Kommo-o|Substitute\n|\n|-end|p2a: Kingambit|move: Future Sight\n|-immune|p2a: Kingambit\n|-heal|p1a: Kommo-o|82\/100|[from] item: Leftovers\n|-heal|p2a: Kingambit|100\/100 brn|[from] item: Leftovers\n|-damage|p2a: Kingambit|94\/100 brn|[from] brn\n|upkeep\n|turn|20\n|\n|t:|1699917431\n|move|p1a: Kommo-o|Clangorous Soul|p1a: Kommo-o\n|-boost|p1a: Kommo-o|atk|1\n|-boost|p1a: Kommo-o|def|1\n|-boost|p1a: Kommo-o|spa|1\n|-boost|p1a: Kommo-o|spd|1\n|-boost|p1a: Kommo-o|spe|1\n|-damage|p1a: Kommo-o|49\/100\n|move|p2a: Kingambit|Iron Head|p1a: Kommo-o\n|-damage|p1a: Kommo-o|7\/100\n|\n|-heal|p1a: Kommo-o|14\/100|[from] item: Leftovers\n|-heal|p2a: Kingambit|100\/100 brn|[from] item: Leftovers\n|-damage|p2a: Kingambit|94\/100 brn|[from] brn\n|upkeep\n|turn|21\n|\n|t:|1699917433\n|move|p2a: Kingambit|Sucker Punch|p1a: Kommo-o\n|-resisted|p1a: Kommo-o\n|-crit|p1a: Kommo-o\n|-damage|p1a: Kommo-o|0 fnt\n|faint|p1a: Kommo-o\n|\n|-heal|p2a: Kingambit|100\/100 brn|[from] item: Leftovers\n|-damage|p2a: Kingambit|94\/100 brn|[from] brn\n|upkeep\n|\n|t:|1699917435\n|switch|p1a: Vivillon|Vivillon-Pokeball, M|100\/100\n|turn|22\n|-message|Redboy128 forfeited.\n|\n|win|Username momento\n|raw|Redboy128's rating: 1451 &rarr; <strong>1432<\/strong><br \/>(-19 for losing)\n|raw|Username momento's rating: 1471 &rarr; <strong>1490<\/strong><br \/>(+19 for winning)\n|l|\u2606Redboy128\n","uploadtime":1699917441,"views":7,"p1id":"redboy128","p2id":"usernamemomento","formatid":"gen9ou","rating":1432,"private":0,"password":""}