{"id":"gen9ou-1992723337","p1":"NightmarixKritone","p2":"hjibuybih","format":"[Gen 9] OU","log":"|j|\u2606NightmarixKritone\n|j|\u2606hjibuybih\n|t:|1700229275\n|gametype|singles\n|player|p1|NightmarixKritone|volo|1138\n|player|p2|hjibuybih|102|1069\n|teamsize|p1|6\n|teamsize|p2|6\n|gen|9\n|tier|[Gen 9] OU\n|rated|\n|rule|Sleep Clause Mod: Limit one foe put to sleep\n|rule|Species Clause: Limit one of each Pok\u00e9mon\n|rule|OHKO Clause: OHKO moves are banned\n|rule|Evasion Items Clause: Evasion items are banned\n|rule|Evasion Moves Clause: Evasion moves are banned\n|rule|Endless Battle Clause: Forcing endless battles is banned\n|rule|HP Percentage Mod: HP is shown in percentages\n|clearpoke\n|poke|p1|Hoopa-Unbound|\n|poke|p1|Meowscarada, M|\n|poke|p1|Lycanroc-Dusk, F|\n|poke|p1|Zapdos|\n|poke|p1|Ninetales-Alola, F|\n|poke|p1|Ribombee, M|\n|poke|p2|Garganacl, F|\n|poke|p2|Great Tusk|\n|poke|p2|Gholdengo|\n|poke|p2|Iron Valiant|\n|poke|p2|Dragonite, M|\n|poke|p2|Zapdos|\n|teampreview\n|inactive|Battle timer is ON: inactive players will automatically lose when time's up. (requested by NightmarixKritone)\n|inactive|hjibuybih has 120 seconds left.\n|\n|t:|1700229324\n|start\n|switch|p1a: Lycanroc|Lycanroc-Dusk, F|100\/100\n|switch|p2a: Gholdengo|Gholdengo|100\/100\n|-item|p2a: Gholdengo|Air Balloon\n|turn|1\n|\n|t:|1700229341\n|move|p1a: Lycanroc|Stealth Rock|p2a: Gholdengo\n|-sidestart|p2: hjibuybih|move: Stealth Rock\n|move|p2a: Gholdengo|Make It Rain|p1a: Lycanroc\n|-supereffective|p1a: Lycanroc\n|-enditem|p1a: Lycanroc|Focus Sash\n|-damage|p1a: Lycanroc|1\/100\n|-unboost|p2a: Gholdengo|spa|1\n|\n|upkeep\n|turn|2\n|\n|t:|1700229355\n|switch|p1a: Zapdos|Zapdos|100\/100\n|move|p2a: Gholdengo|Nasty Plot|p2a: Gholdengo\n|-boost|p2a: Gholdengo|spa|2\n|\n|upkeep\n|turn|3\n|inactive|hjibuybih has 120 seconds left.\n|\n|t:|1700229402\n|switch|p2a: Garganacl|Garganacl, F|100\/100\n|-damage|p2a: Garganacl|88\/100|[from] Stealth Rock\n|move|p1a: Zapdos|Thunderbolt|p2a: Garganacl\n|-damage|p2a: Garganacl|45\/100\n|\n|-heal|p2a: Garganacl|51\/100|[from] item: Leftovers\n|upkeep\n|turn|4\n|\n|t:|1700229420\n|move|p1a: Zapdos|Thunderbolt|p2a: Garganacl\n|-damage|p2a: Garganacl|7\/100\n|move|p2a: Garganacl|Salt Cure|p1a: Zapdos\n|-supereffective|p1a: Zapdos\n|-damage|p1a: Zapdos|72\/100\n|-start|p1a: Zapdos|Salt Cure\n|\n|-heal|p1a: Zapdos|78\/100|[from] item: Leftovers\n|-heal|p2a: Garganacl|13\/100|[from] item: Leftovers\n|-damage|p1a: Zapdos|66\/100|[from] Salt Cure\n|upkeep\n|turn|5\n|\n|t:|1700229426\n|move|p1a: Zapdos|Hurricane|p2a: Garganacl\n|-resisted|p2a: Garganacl\n|-damage|p2a: Garganacl|0 fnt\n|faint|p2a: Garganacl\n|\n|-heal|p1a: Zapdos|72\/100|[from] item: Leftovers\n|-damage|p1a: Zapdos|60\/100|[from] Salt Cure\n|upkeep\n|inactive|hjibuybih has 90 seconds left.\n|inactive|hjibuybih has 60 seconds left.\n|\n|t:|1700229484\n|switch|p2a: Zapdos|Zapdos|100\/100\n|turn|6\n|\n|t:|1700229489\n|switch|p1a: Lycanroc|Lycanroc-Dusk, F|1\/100\n|move|p2a: Zapdos|Discharge|p1a: Lycanroc\n|-damage|p1a: Lycanroc|0 fnt\n|faint|p1a: Lycanroc\n|\n|upkeep\n|\n|t:|1700229491\n|switch|p1a: Ninetales|Ninetales-Alola, F|100\/100\n|-weather|Snow|[from] ability: Snow Warning|[of] p1a: Ninetales\n|turn|7\n|inactive|hjibuybih has 60 seconds left.\n|\n|t:|1700229509\n|switch|p2a: Gholdengo|Gholdengo|100\/100\n|-damage|p2a: Gholdengo|94\/100|[from] Stealth Rock\n|-item|p2a: Gholdengo|Air Balloon\n|move|p1a: Ninetales|Blizzard|p2a: Gholdengo\n|-resisted|p2a: Gholdengo\n|-damage|p2a: Gholdengo|73\/100\n|-status|p2a: Gholdengo|frz\n|-enditem|p2a: Gholdengo|Air Balloon\n|\n|-weather|Snow|[upkeep]\n|upkeep\n|turn|8\n|\n|t:|1700229513\n|move|p1a: Ninetales|Nasty Plot|p1a: Ninetales\n|-boost|p1a: Ninetales|spa|2\n|cant|p2a: Gholdengo|frz\n|\n|-weather|Snow|[upkeep]\n|upkeep\n|turn|9\n|\n|t:|1700229518\n|move|p1a: Ninetales|Blizzard|p2a: Gholdengo\n|-resisted|p2a: Gholdengo\n|-damage|p2a: Gholdengo|28\/100 frz\n|cant|p2a: Gholdengo|frz\n|\n|-weather|Snow|[upkeep]\n|upkeep\n|turn|10\n|\n|t:|1700229524\n|move|p1a: Ninetales|Blizzard|p2a: Gholdengo\n|-resisted|p2a: Gholdengo\n|-damage|p2a: Gholdengo|0 fnt\n|faint|p2a: Gholdengo\n|\n|-weather|Snow|[upkeep]\n|upkeep\n|\n|t:|1700229526\n|switch|p2a: Iron Valiant|Iron Valiant|100\/100\n|turn|11\n|\n|t:|1700229530\n|move|p2a: Iron Valiant|Knock Off|p1a: Ninetales\n|-resisted|p1a: Ninetales\n|-damage|p1a: Ninetales|87\/100\n|-enditem|p1a: Ninetales|Icy Rock|[from] move: Knock Off|[of] p2a: Iron Valiant\n|move|p1a: Ninetales|Draining Kiss|p2a: Iron Valiant\n|-supereffective|p2a: Iron Valiant\n|-damage|p2a: Iron Valiant|0 fnt\n|-heal|p1a: Ninetales|100\/100|[from] drain|[of] p2a: Iron Valiant\n|faint|p2a: Iron Valiant\n|-end|p2a: Iron Valiant|Quark Drive|[silent]\n|\n|-weather|Snow|[upkeep]\n|upkeep\n|-message|hjibuybih forfeited.\n|\n|win|NightmarixKritone\n|raw|NightmarixKritone's rating: 1138 &rarr; <strong>1158<\/strong><br \/>(+20 for winning)\n|raw|hjibuybih's rating: 1069 &rarr; <strong>1053<\/strong><br \/>(-16 for losing)\n|l|\u2606hjibuybih\n|l|\u2606NightmarixKritone\n|j|\u2606NightmarixKritone\n|player|p1|NightmarixKritone|volo\n","uploadtime":1700229542,"views":19,"p1id":"nightmarixkritone","p2id":"hjibuybih","formatid":"gen9ou","rating":1053,"private":0,"password":""}