{"id":"gen9ou-1997702220","p1":"AquaWasHere","p2":"Pokex265","format":"[Gen 9] OU","log":"|j|\u2606AquaWasHere\n|j|\u2606Pokex265\n|t:|1700843484\n|gametype|singles\n|player|p1|AquaWasHere|falkner-gen2|1153\n|player|p2|Pokex265|ethan|1154\n|teamsize|p1|6\n|teamsize|p2|6\n|gen|9\n|tier|[Gen 9] OU\n|rated|\n|rule|Sleep Clause Mod: Limit one foe put to sleep\n|rule|Species Clause: Limit one of each Pok\u00e9mon\n|rule|OHKO Clause: OHKO moves are banned\n|rule|Evasion Items Clause: Evasion items are banned\n|rule|Evasion Moves Clause: Evasion moves are banned\n|rule|Endless Battle Clause: Forcing endless battles is banned\n|rule|HP Percentage Mod: HP is shown in percentages\n|clearpoke\n|poke|p1|Blissey, F|\n|poke|p1|Alomomola, F|\n|poke|p1|Corviknight, F|\n|poke|p1|Clodsire, M|\n|poke|p1|Milotic, M|\n|poke|p1|Moltres|\n|poke|p2|Hatterene, F|\n|poke|p2|Kommo-o, M|\n|poke|p2|Zoroark-Hisui, M|\n|poke|p2|Kingambit, M|\n|poke|p2|Corviknight, M|\n|poke|p2|Gastrodon-East, F|\n|teampreview\n|inactive|Battle timer is ON: inactive players will automatically lose when time's up. (requested by AquaWasHere)\n|\n|t:|1700843522\n|start\n|switch|p1a: Clodsire|Clodsire, M, shiny|100\/100\n|switch|p2a: Katsuyu|Gastrodon-East, F|100\/100\n|turn|1\n|\n|t:|1700843530\n|switch|p2a: HugeMilkers|Hatterene, F|100\/100\n|move|p1a: Clodsire|Stealth Rock|p2a: HugeMilkers\n|move|p2a: HugeMilkers|Stealth Rock|p1a: Clodsire|[from]ability: Magic Bounce\n|-sidestart|p1: AquaWasHere|move: Stealth Rock\n|\n|upkeep\n|turn|2\n|inactive|AquaWasHere has 120 seconds left.\n|\n|t:|1700843562\n|switch|p1a: Alomomola|Alomomola, F, shiny|100\/100\n|move|p2a: HugeMilkers|Calm Mind|p2a: HugeMilkers\n|-boost|p2a: HugeMilkers|spa|1\n|-boost|p2a: HugeMilkers|spd|1\n|\n|upkeep\n|turn|3\n|\n|t:|1700843574\n|move|p1a: Alomomola|Whirlpool|p2a: HugeMilkers\n|-damage|p2a: HugeMilkers|96\/100\n|-activate|p2a: HugeMilkers|move: Whirlpool|[of] p1a: Alomomola\n|move|p2a: HugeMilkers|Draining Kiss|p1a: Alomomola\n|-damage|p1a: Alomomola|60\/100\n|-heal|p2a: HugeMilkers|100\/100|[from] drain|[of] p1a: Alomomola\n|\n|-damage|p2a: HugeMilkers|88\/100|[from] move: Whirlpool|[partiallytrapped]\n|upkeep\n|turn|4\n|\n|t:|1700843583\n|move|p1a: Alomomola|Wish|p1a: Alomomola\n|move|p2a: HugeMilkers|Calm Mind|p2a: HugeMilkers\n|-boost|p2a: HugeMilkers|spa|1\n|-boost|p2a: HugeMilkers|spd|1\n|\n|-heal|p2a: HugeMilkers|94\/100|[from] item: Leftovers\n|-damage|p2a: HugeMilkers|82\/100|[from] move: Whirlpool|[partiallytrapped]\n|upkeep\n|turn|5\n|\n|t:|1700843592\n|move|p1a: Alomomola|Protect|p1a: Alomomola\n|-singleturn|p1a: Alomomola|Protect\n|move|p2a: HugeMilkers|Calm Mind|p2a: HugeMilkers\n|-boost|p2a: HugeMilkers|spa|1\n|-boost|p2a: HugeMilkers|spd|1\n|\n|-heal|p1a: Alomomola|100\/100|[from] move: Wish|[wisher] Alomomola\n|-heal|p2a: HugeMilkers|88\/100|[from] item: Leftovers\n|-damage|p2a: HugeMilkers|76\/100|[from] move: Whirlpool|[partiallytrapped]\n|upkeep\n|turn|6\n|\n|t:|1700843603\n|switch|p1a: Corviknight|Corviknight, F|100\/100\n|-damage|p1a: Corviknight|88\/100|[from] Stealth Rock\n|-ability|p1a: Corviknight|Pressure\n|move|p2a: HugeMilkers|Draining Kiss|p1a: Corviknight\n|-resisted|p1a: Corviknight\n|-damage|p1a: Corviknight|60\/100\n|-heal|p2a: HugeMilkers|100\/100|[from] drain|[of] p1a: Corviknight\n|-damage|p2a: HugeMilkers|84\/100|[from] item: Rocky Helmet|[of] p1a: Corviknight\n|\n|-heal|p2a: HugeMilkers|90\/100|[from] item: Leftovers\n|-end|p2a: HugeMilkers|Whirlpool|[partiallytrapped]|[silent]\n|upkeep\n|turn|7\n|\n|t:|1700843618\n|move|p1a: Corviknight|Roost|p1a: Corviknight\n|-heal|p1a: Corviknight|100\/100\n|-singleturn|p1a: Corviknight|move: Roost\n|move|p2a: HugeMilkers|Mystical Fire|p1a: Corviknight\n|-supereffective|p1a: Corviknight\n|-damage|p1a: Corviknight|0 fnt\n|faint|p1a: Corviknight\n|\n|-heal|p2a: HugeMilkers|96\/100|[from] item: Leftovers\n|upkeep\n|\n|t:|1700843636\n|switch|p1a: Alomomola|Alomomola, F, shiny|100\/100\n|turn|8\n|\n|t:|1700843639\n|move|p1a: Alomomola|Whirlpool|p2a: HugeMilkers\n|-damage|p2a: HugeMilkers|93\/100\n|-activate|p2a: HugeMilkers|move: Whirlpool|[of] p1a: Alomomola\n|move|p2a: HugeMilkers|Calm Mind|p2a: HugeMilkers\n|-boost|p2a: HugeMilkers|spa|1\n|-boost|p2a: HugeMilkers|spd|1\n|\n|-heal|p2a: HugeMilkers|99\/100|[from] item: Leftovers\n|-damage|p2a: HugeMilkers|87\/100|[from] move: Whirlpool|[partiallytrapped]\n|upkeep\n|turn|9\n|\n|t:|1700843661\n|switch|p1a: Milotic|Milotic, M|100\/100\n|move|p2a: HugeMilkers|Calm Mind|p2a: HugeMilkers\n|-boost|p2a: HugeMilkers|spa|1\n|-boost|p2a: HugeMilkers|spd|1\n|\n|-heal|p2a: HugeMilkers|93\/100|[from] item: Leftovers\n|-end|p2a: HugeMilkers|Whirlpool|[partiallytrapped]|[silent]\n|upkeep\n|turn|10\n|\n|t:|1700843671\n|move|p1a: Milotic|Haze|p1a: Milotic\n|-clearallboost\n|move|p2a: HugeMilkers|Calm Mind|p2a: HugeMilkers\n|-boost|p2a: HugeMilkers|spa|1\n|-boost|p2a: HugeMilkers|spd|1\n|\n|-heal|p2a: HugeMilkers|99\/100|[from] item: Leftovers\n|upkeep\n|turn|11\n|\n|t:|1700843678\n|move|p1a: Milotic|Scald|p2a: HugeMilkers\n|-damage|p2a: HugeMilkers|81\/100\n|move|p2a: HugeMilkers|Psyshock|p1a: Milotic\n|-damage|p1a: Milotic|58\/100\n|\n|-heal|p2a: HugeMilkers|87\/100|[from] item: Leftovers\n|upkeep\n|turn|12\n|\n|t:|1700843687\n|switch|p2a: Katsuyu|Gastrodon-East, F|100\/100\n|move|p1a: Milotic|Recover|p1a: Milotic\n|-heal|p1a: Milotic|100\/100\n|\n|upkeep\n|turn|13\n|\n|t:|1700843700\n|move|p1a: Milotic|Scald|p2a: Katsuyu\n|-ability|p2a: Katsuyu|Storm Drain|boost\n|-boost|p2a: Katsuyu|spa|1\n|move|p2a: Katsuyu|Earth Power|p1a: Milotic\n|-damage|p1a: Milotic|70\/100\n|-unboost|p1a: Milotic|spd|1\n|\n|upkeep\n|turn|14\n|\n|t:|1700843712\n|switch|p2a: Ywach|Kingambit, M|100\/100\n|move|p1a: Milotic|Recover|p1a: Milotic\n|-heal|p1a: Milotic|100\/100\n|\n|upkeep\n|turn|15\n|\n|t:|1700843719\n|switch|p1a: Moltres|Moltres, shiny|100\/100\n|move|p2a: Ywach|Grass Knot|p1a: Moltres\n|-resisted|p1a: Moltres\n|-damage|p1a: Moltres|91\/100\n|-status|p2a: Ywach|brn|[from] ability: Flame Body|[of] p1a: Moltres\n|\n|-damage|p2a: Ywach|95\/100 brn|[from] brn\n|upkeep\n|turn|16\n|\n|t:|1700843736\n|switch|p2a: Katsuyu|Gastrodon-East, F|100\/100\n|move|p1a: Moltres|Will-O-Wisp|p2a: Katsuyu|[miss]\n|-miss|p1a: Moltres|p2a: Katsuyu\n|\n|upkeep\n|turn|17\n|\n|t:|1700843747\n|switch|p1a: Blissey|Blissey, F|100\/100\n|-damage|p1a: Blissey|88\/100|[from] Stealth Rock\n|move|p2a: Katsuyu|Ice Beam|p1a: Blissey\n|-damage|p1a: Blissey|83\/100\n|\n|-heal|p1a: Blissey|89\/100|[from] item: Leftovers\n|upkeep\n|turn|18\n|\n|t:|1700843756\n|switch|p2a: HugeMilkers|Hatterene, F|87\/100\n|move|p1a: Blissey|Stealth Rock|p2a: HugeMilkers\n|move|p2a: HugeMilkers|Stealth Rock||[from]ability: Magic Bounce|[still]\n|-fail|p2a: HugeMilkers\n|\n|-heal|p1a: Blissey|95\/100|[from] item: Leftovers\n|-heal|p2a: HugeMilkers|93\/100|[from] item: Leftovers\n|upkeep\n|turn|19\n|\n|t:|1700843768\n|switch|p1a: Milotic|Milotic, M|100\/100\n|move|p2a: HugeMilkers|Calm Mind|p2a: HugeMilkers\n|-boost|p2a: HugeMilkers|spa|1\n|-boost|p2a: HugeMilkers|spd|1\n|\n|-heal|p2a: HugeMilkers|99\/100|[from] item: Leftovers\n|upkeep\n|turn|20\n|\n|t:|1700843775\n|move|p1a: Milotic|Haze|p1a: Milotic\n|-clearallboost\n|move|p2a: HugeMilkers|Psyshock|p1a: Milotic\n|-damage|p1a: Milotic|74\/100\n|\n|-heal|p2a: HugeMilkers|100\/100|[from] item: Leftovers\n|upkeep\n|turn|21\n|\n|t:|1700843782\n|switch|p2a: Katsuyu|Gastrodon-East, F|100\/100\n|move|p1a: Milotic|Recover|p1a: Milotic\n|-heal|p1a: Milotic|100\/100\n|\n|upkeep\n|turn|22\n|\n|t:|1700843791\n|move|p2a: Katsuyu|Earth Power|p1a: Milotic\n|-damage|p1a: Milotic|78\/100\n|move|p1a: Milotic|Mirror Coat|p2a: Katsuyu\n|-damage|p2a: Katsuyu|60\/100\n|\n|-heal|p2a: Katsuyu|66\/100|[from] item: Leftovers\n|upkeep\n|turn|23\n|\n|t:|1700843820\n|move|p2a: Katsuyu|Recover|p2a: Katsuyu\n|-heal|p2a: Katsuyu|100\/100\n|move|p1a: Milotic|Mirror Coat||[still]\n|-fail|p1a: Milotic\n|\n|upkeep\n|turn|24\n|\n|t:|1700843830\n|move|p1a: Milotic|Recover|p1a: Milotic\n|-heal|p1a: Milotic|100\/100\n|move|p2a: Katsuyu|Stealth Rock||[still]\n|-fail|p2a: Katsuyu\n|\n|upkeep\n|turn|25\n|\n|t:|1700843845\n|switch|p1a: Clodsire|Clodsire, M, shiny|100\/100\n|-damage|p1a: Clodsire|94\/100|[from] Stealth Rock\n|move|p2a: Katsuyu|Stealth Rock||[still]\n|-fail|p2a: Katsuyu\n|\n|-heal|p1a: Clodsire|100\/100|[from] item: Leftovers\n|upkeep\n|turn|26\n|\n|t:|1700843856\n|switch|p2a: HugeMilkers|Hatterene, F|100\/100\n|move|p1a: Clodsire|Stealth Rock|p2a: HugeMilkers\n|move|p2a: HugeMilkers|Stealth Rock||[from]ability: Magic Bounce|[still]\n|-fail|p2a: HugeMilkers\n|\n|upkeep\n|turn|27\n|\n|t:|1700843876\n|switch|p1a: Milotic|Milotic, M|100\/100\n|move|p2a: HugeMilkers|Psyshock|p1a: Milotic\n|-damage|p1a: Milotic|77\/100\n|\n|upkeep\n|turn|28\n|\n|t:|1700843885\n|switch|p2a: Katsuyu|Gastrodon-East, F|100\/100\n|move|p1a: Milotic|Scald|p2a: Katsuyu\n|-ability|p2a: Katsuyu|Storm Drain|boost\n|-boost|p2a: Katsuyu|spa|1\n|\n|upkeep\n|turn|29\n|\n|t:|1700843892\n|move|p2a: Katsuyu|Earth Power|p1a: Milotic\n|-damage|p1a: Milotic|46\/100\n|move|p1a: Milotic|Mirror Coat|p2a: Katsuyu\n|-damage|p2a: Katsuyu|44\/100\n|\n|-heal|p2a: Katsuyu|50\/100|[from] item: Leftovers\n|upkeep\n|turn|30\n|\n|t:|1700843902\n|move|p1a: Milotic|Recover|p1a: Milotic\n|-heal|p1a: Milotic|96\/100\n|move|p2a: Katsuyu|Recover|p2a: Katsuyu\n|-heal|p2a: Katsuyu|99\/100\n|\n|-heal|p2a: Katsuyu|100\/100|[from] item: Leftovers\n|upkeep\n|turn|31\n|\n|t:|1700843910\n|move|p2a: Katsuyu|Stealth Rock||[still]\n|-fail|p2a: Katsuyu\n|move|p1a: Milotic|Mirror Coat||[still]\n|-fail|p1a: Milotic\n|\n|upkeep\n|turn|32\n|\n|t:|1700843916\n|move|p1a: Milotic|Haze|p1a: Milotic\n|-clearallboost\n|move|p2a: Katsuyu|Stealth Rock||[still]\n|-fail|p2a: Katsuyu\n|\n|upkeep\n|turn|33\n|\n|t:|1700843926\n|switch|p1a: Blissey|Blissey, F|95\/100\n|-damage|p1a: Blissey|82\/100|[from] Stealth Rock\n|move|p2a: Katsuyu|Earth Power|p1a: Blissey\n|-crit|p1a: Blissey\n|-damage|p1a: Blissey|69\/100\n|\n|-heal|p1a: Blissey|76\/100|[from] item: Leftovers\n|upkeep\n|turn|34\n|\n|t:|1700843936\n|switch|p2a: HugeMilkers|Hatterene, F|100\/100\n|move|p1a: Blissey|Stealth Rock|p2a: HugeMilkers\n|move|p2a: HugeMilkers|Stealth Rock||[from]ability: Magic Bounce|[still]\n|-fail|p2a: HugeMilkers\n|\n|-heal|p1a: Blissey|82\/100|[from] item: Leftovers\n|upkeep\n|turn|35\n|\n|t:|1700843959\n|switch|p1a: Milotic|Milotic, M|96\/100\n|move|p2a: HugeMilkers|Calm Mind|p2a: HugeMilkers\n|-boost|p2a: HugeMilkers|spa|1\n|-boost|p2a: HugeMilkers|spd|1\n|\n|upkeep\n|turn|36\n|\n|t:|1700843967\n|move|p1a: Milotic|Haze|p1a: Milotic\n|-clearallboost\n|move|p2a: HugeMilkers|Psyshock|p1a: Milotic\n|-damage|p1a: Milotic|69\/100\n|\n|upkeep\n|turn|37\n|\n|t:|1700843975\n|switch|p2a: Bankai|Kommo-o, M|100\/100\n|move|p1a: Milotic|Mirror Coat||[still]\n|-fail|p1a: Milotic\n|\n|upkeep\n|turn|38\n|\n|t:|1700843982\n|move|p2a: Bankai|Clangorous Soul|p2a: Bankai\n|-boost|p2a: Bankai|atk|1\n|-boost|p2a: Bankai|def|1\n|-boost|p2a: Bankai|spa|1\n|-boost|p2a: Bankai|spd|1\n|-boost|p2a: Bankai|spe|1\n|-damage|p2a: Bankai|68\/100\n|move|p1a: Milotic|Haze|p1a: Milotic\n|-clearallboost\n|\n|-heal|p2a: Bankai|74\/100|[from] item: Leftovers\n|upkeep\n|turn|39\n|\n|t:|1700844000\n|switch|p2a: Katsuyu|Gastrodon-East, F|100\/100\n|move|p1a: Milotic|Recover|p1a: Milotic\n|-heal|p1a: Milotic|100\/100\n|\n|upkeep\n|turn|40\n|\n|t:|1700844017\n|switch|p2a: Bankai|Kommo-o, M|74\/100\n|move|p1a: Milotic|Mirror Coat||[still]\n|-fail|p1a: Milotic\n|\n|-heal|p2a: Bankai|80\/100|[from] item: Leftovers\n|upkeep\n|turn|41\n|inactive|AquaWasHere has 120 seconds left.\n|\n|t:|1700844059\n|switch|p2a: Katsuyu|Gastrodon-East, F|100\/100\n|move|p1a: Milotic|Scald|p2a: Katsuyu\n|-ability|p2a: Katsuyu|Storm Drain|boost\n|-boost|p2a: Katsuyu|spa|1\n|\n|upkeep\n|turn|42\n|\n|t:|1700844066\n|switch|p2a: Bankai|Kommo-o, M|80\/100\n|move|p1a: Milotic|Mirror Coat||[still]\n|-fail|p1a: Milotic\n|\n|-heal|p2a: Bankai|86\/100|[from] item: Leftovers\n|upkeep\n|turn|43\n|\n|t:|1700844073\n|switch|p2a: Katsuyu|Gastrodon-East, F|100\/100\n|switch|p1a: Moltres|Moltres, shiny|91\/100\n|\n|upkeep\n|turn|44\n|inactive|AquaWasHere has 120 seconds left.\n|\n|t:|1700844095\n|move|p1a: Moltres|Flamethrower|p2a: Katsuyu\n|-resisted|p2a: Katsuyu\n|-damage|p2a: Katsuyu|89\/100\n|move|p2a: Katsuyu|Ice Beam|p1a: Moltres\n|-damage|p1a: Moltres|72\/100\n|\n|-heal|p2a: Katsuyu|95\/100|[from] item: Leftovers\n|upkeep\n|turn|45\n|\n|t:|1700844103\n|move|p1a: Moltres|Will-O-Wisp|p2a: Katsuyu\n|-status|p2a: Katsuyu|brn\n|move|p2a: Katsuyu|Ice Beam|p1a: Moltres\n|-damage|p1a: Moltres|51\/100\n|\n|-heal|p2a: Katsuyu|100\/100 brn|[from] item: Leftovers\n|-damage|p2a: Katsuyu|94\/100 brn|[from] brn\n|upkeep\n|turn|46\n|\n|t:|1700844112\n|move|p1a: Moltres|Roost|p1a: Moltres\n|-heal|p1a: Moltres|100\/100\n|-singleturn|p1a: Moltres|move: Roost\n|move|p2a: Katsuyu|Ice Beam|p1a: Moltres\n|-resisted|p1a: Moltres\n|-damage|p1a: Moltres|91\/100\n|\n|-heal|p2a: Katsuyu|100\/100 brn|[from] item: Leftovers\n|-damage|p2a: Katsuyu|94\/100 brn|[from] brn\n|upkeep\n|turn|47\n|inactive|AquaWasHere has 120 seconds left.\n|\n|t:|1700844129\n|switch|p2a: HugeMilkers|Hatterene, F|100\/100\n|move|p1a: Moltres|U-turn|p2a: HugeMilkers\n|-damage|p2a: HugeMilkers|88\/100\n|\n|t:|1700844138\n|switch|p1a: Alomomola|Alomomola, F, shiny|100\/100|[from] U-turn\n|\n|-heal|p2a: HugeMilkers|94\/100|[from] item: Leftovers\n|upkeep\n|turn|48\n|\n|t:|1700844145\n|move|p1a: Alomomola|Whirlpool|p2a: HugeMilkers\n|-damage|p2a: HugeMilkers|88\/100\n|-activate|p2a: HugeMilkers|move: Whirlpool|[of] p1a: Alomomola\n|move|p2a: HugeMilkers|Calm Mind|p2a: HugeMilkers\n|-boost|p2a: HugeMilkers|spa|1\n|-boost|p2a: HugeMilkers|spd|1\n|\n|-heal|p2a: HugeMilkers|94\/100|[from] item: Leftovers\n|-damage|p2a: HugeMilkers|82\/100|[from] move: Whirlpool|[partiallytrapped]\n|upkeep\n|turn|49\n|inactive|AquaWasHere has 120 seconds left.\n|\n|t:|1700844161\n|move|p1a: Alomomola|Wish|p1a: Alomomola\n|move|p2a: HugeMilkers|Calm Mind|p2a: HugeMilkers\n|-boost|p2a: HugeMilkers|spa|1\n|-boost|p2a: HugeMilkers|spd|1\n|\n|-heal|p2a: HugeMilkers|88\/100|[from] item: Leftovers\n|-damage|p2a: HugeMilkers|75\/100|[from] move: Whirlpool|[partiallytrapped]\n|upkeep\n|turn|50\n|\n|t:|1700844168\n|move|p1a: Alomomola|Chilling Water|p2a: HugeMilkers\n|-damage|p2a: HugeMilkers|71\/100\n|-unboost|p2a: HugeMilkers|atk|1\n|move|p2a: HugeMilkers|Psyshock|p1a: Alomomola\n|-damage|p1a: Alomomola|62\/100\n|\n|-heal|p1a: Alomomola|100\/100|[from] move: Wish|[wisher] Alomomola\n|-heal|p2a: HugeMilkers|77\/100|[from] item: Leftovers\n|-damage|p2a: HugeMilkers|65\/100|[from] move: Whirlpool|[partiallytrapped]\n|upkeep\n|turn|51\n|inactive|AquaWasHere has 120 seconds left.\n|\n|t:|1700844179\n|move|p1a: Alomomola|Wish|p1a: Alomomola\n|move|p2a: HugeMilkers|Draining Kiss|p1a: Alomomola\n|-damage|p1a: Alomomola|45\/100\n|-heal|p2a: HugeMilkers|100\/100|[from] drain|[of] p1a: Alomomola\n|\n|-damage|p2a: HugeMilkers|88\/100|[from] move: Whirlpool|[partiallytrapped]\n|upkeep\n|turn|52\n|inactive|AquaWasHere has 120 seconds left.\n|\n|t:|1700844187\n|move|p1a: Alomomola|Protect|p1a: Alomomola\n|-singleturn|p1a: Alomomola|Protect\n|move|p2a: HugeMilkers|Psyshock|p1a: Alomomola\n|-activate|p1a: Alomomola|move: Protect\n|\n|-heal|p1a: Alomomola|95\/100|[from] move: Wish|[wisher] Alomomola\n|-heal|p2a: HugeMilkers|94\/100|[from] item: Leftovers\n|-damage|p2a: HugeMilkers|82\/100|[from] move: Whirlpool|[partiallytrapped]\n|upkeep\n|turn|53\n|inactive|AquaWasHere has 120 seconds left.\n|\n|t:|1700844222\n|switch|p1a: Milotic|Milotic, M|100\/100\n|move|p2a: HugeMilkers|Psyshock|p1a: Milotic\n|-damage|p1a: Milotic|46\/100\n|\n|-heal|p2a: HugeMilkers|88\/100|[from] item: Leftovers\n|-end|p2a: HugeMilkers|Whirlpool|[partiallytrapped]\n|upkeep\n|turn|54\n|\n|t:|1700844236\n|move|p1a: Milotic|Recover|p1a: Milotic\n|-heal|p1a: Milotic|96\/100\n|move|p2a: HugeMilkers|Psyshock|p1a: Milotic\n|-damage|p1a: Milotic|47\/100\n|\n|-heal|p2a: HugeMilkers|94\/100|[from] item: Leftovers\n|upkeep\n|turn|55\n|\n|t:|1700844243\n|move|p1a: Milotic|Recover|p1a: Milotic\n|-heal|p1a: Milotic|97\/100\n|move|p2a: HugeMilkers|Psyshock|p1a: Milotic\n|-damage|p1a: Milotic|48\/100\n|\n|-heal|p2a: HugeMilkers|99\/100|[from] item: Leftovers\n|upkeep\n|turn|56\n|\n|t:|1700844251\n|move|p1a: Milotic|Haze|p1a: Milotic\n|-clearallboost\n|move|p2a: HugeMilkers|Psyshock|p1a: Milotic\n|-damage|p1a: Milotic|24\/100\n|\n|-heal|p2a: HugeMilkers|100\/100|[from] item: Leftovers\n|upkeep\n|turn|57\n|\n|t:|1700844260\n|switch|p1a: Moltres|Moltres, shiny|91\/100\n|move|p2a: HugeMilkers|Psyshock|p1a: Moltres\n|-damage|p1a: Moltres|67\/100\n|\n|upkeep\n|turn|58\n|inactive|AquaWasHere has 120 seconds left.\n|\n|t:|1700844269\n|move|p1a: Moltres|Flamethrower|p2a: HugeMilkers\n|-damage|p2a: HugeMilkers|62\/100\n|move|p2a: HugeMilkers|Calm Mind|p2a: HugeMilkers\n|-boost|p2a: HugeMilkers|spa|1\n|-boost|p2a: HugeMilkers|spd|1\n|\n|-heal|p2a: HugeMilkers|68\/100|[from] item: Leftovers\n|upkeep\n|turn|59\n|\n|t:|1700844278\n|move|p1a: Moltres|Flamethrower|p2a: HugeMilkers\n|-damage|p2a: HugeMilkers|43\/100\n|move|p2a: HugeMilkers|Calm Mind|p2a: HugeMilkers\n|-boost|p2a: HugeMilkers|spa|1\n|-boost|p2a: HugeMilkers|spd|1\n|\n|-heal|p2a: HugeMilkers|49\/100|[from] item: Leftovers\n|upkeep\n|turn|60\n|\n|t:|1700844290\n|-terastallize|p2a: HugeMilkers|Water\n|move|p1a: Moltres|Flamethrower|p2a: HugeMilkers\n|-resisted|p2a: HugeMilkers\n|-damage|p2a: HugeMilkers|41\/100\n|move|p2a: HugeMilkers|Draining Kiss|p1a: Moltres\n|-resisted|p1a: Moltres\n|-damage|p1a: Moltres|45\/100\n|-heal|p2a: HugeMilkers|61\/100|[from] drain|[of] p1a: Moltres\n|-status|p2a: HugeMilkers|brn|[from] ability: Flame Body|[of] p1a: Moltres\n|\n|-heal|p2a: HugeMilkers|67\/100 brn|[from] item: Leftovers\n|-damage|p2a: HugeMilkers|61\/100 brn|[from] brn\n|upkeep\n|turn|61\n|\n|t:|1700844305\n|move|p1a: Moltres|Roost|p1a: Moltres\n|-heal|p1a: Moltres|95\/100\n|-singleturn|p1a: Moltres|move: Roost\n|move|p2a: HugeMilkers|Draining Kiss|p1a: Moltres\n|-resisted|p1a: Moltres\n|-damage|p1a: Moltres|72\/100\n|-heal|p2a: HugeMilkers|82\/100 brn|[from] drain|[of] p1a: Moltres\n|\n|-heal|p2a: HugeMilkers|88\/100 brn|[from] item: Leftovers\n|-damage|p2a: HugeMilkers|82\/100 brn|[from] brn\n|upkeep\n|turn|62\n|inactive|AquaWasHere has 120 seconds left.\n|\n|t:|1700844325\n|switch|p1a: Blissey|Blissey, F|82\/100\n|-damage|p1a: Blissey|69\/100|[from] Stealth Rock\n|move|p2a: HugeMilkers|Calm Mind|p2a: HugeMilkers\n|-boost|p2a: HugeMilkers|spa|1\n|-boost|p2a: HugeMilkers|spd|1\n|\n|-heal|p1a: Blissey|75\/100|[from] item: Leftovers\n|-heal|p2a: HugeMilkers|88\/100 brn|[from] item: Leftovers\n|-damage|p2a: HugeMilkers|82\/100 brn|[from] brn\n|upkeep\n|turn|63\n|inactive|AquaWasHere has 120 seconds left.\n|inactive|AquaWasHere has 90 seconds left.\n|\n|t:|1700844365\n|move|p1a: Blissey|Soft-Boiled|p1a: Blissey\n|-heal|p1a: Blissey|100\/100\n|move|p2a: HugeMilkers|Psyshock|p1a: Blissey\n|-damage|p1a: Blissey|0 fnt\n|faint|p1a: Blissey\n|\n|-heal|p2a: HugeMilkers|88\/100 brn|[from] item: Leftovers\n|-damage|p2a: HugeMilkers|82\/100 brn|[from] brn\n|upkeep\n|\n|t:|1700844385\n|switch|p1a: Alomomola|Alomomola, F, shiny|100\/100\n|turn|64\n|\n|t:|1700844395\n|move|p1a: Alomomola|Whirlpool|p2a: HugeMilkers\n|-resisted|p2a: HugeMilkers\n|-damage|p2a: HugeMilkers|80\/100 brn\n|-activate|p2a: HugeMilkers|move: Whirlpool|[of] p1a: Alomomola\n|move|p2a: HugeMilkers|Draining Kiss|p1a: Alomomola\n|-damage|p1a: Alomomola|38\/100\n|-heal|p2a: HugeMilkers|100\/100 brn|[from] drain|[of] p1a: Alomomola\n|\n|-damage|p2a: HugeMilkers|95\/100 brn|[from] brn\n|-damage|p2a: HugeMilkers|82\/100 brn|[from] move: Whirlpool|[partiallytrapped]\n|upkeep\n|turn|65\n|\n|t:|1700844405\n|move|p1a: Alomomola|Protect|p1a: Alomomola\n|-singleturn|p1a: Alomomola|Protect\n|move|p2a: HugeMilkers|Psyshock|p1a: Alomomola\n|-activate|p1a: Alomomola|move: Protect\n|\n|-heal|p2a: HugeMilkers|88\/100 brn|[from] item: Leftovers\n|-damage|p2a: HugeMilkers|82\/100 brn|[from] brn\n|-damage|p2a: HugeMilkers|70\/100 brn|[from] move: Whirlpool|[partiallytrapped]\n|upkeep\n|turn|66\n|\n|t:|1700844418\n|switch|p1a: Moltres|Moltres, shiny|72\/100\n|move|p2a: HugeMilkers|Draining Kiss|p1a: Moltres\n|-resisted|p1a: Moltres\n|-damage|p1a: Moltres|43\/100\n|-heal|p2a: HugeMilkers|96\/100 brn|[from] drain|[of] p1a: Moltres\n|\n|-heal|p2a: HugeMilkers|100\/100 brn|[from] item: Leftovers\n|-damage|p2a: HugeMilkers|95\/100 brn|[from] brn\n|-end|p2a: HugeMilkers|Whirlpool|[partiallytrapped]|[silent]\n|upkeep\n|turn|67\n|\n|t:|1700844432\n|move|p1a: Moltres|U-turn|p2a: HugeMilkers\n|-damage|p2a: HugeMilkers|83\/100 brn\n|\n|t:|1700844436\n|switch|p1a: Milotic|Milotic, M|24\/100|[from] U-turn\n|move|p2a: HugeMilkers|Calm Mind|p2a: HugeMilkers\n|-boost|p2a: HugeMilkers|spa|1\n|-boost|p2a: HugeMilkers|spd|1\n|\n|-heal|p2a: HugeMilkers|89\/100 brn|[from] item: Leftovers\n|-damage|p2a: HugeMilkers|83\/100 brn|[from] brn\n|upkeep\n|turn|68\n|\n|t:|1700844452\n|move|p2a: HugeMilkers|Psyshock|p1a: Milotic\n|-damage|p1a: Milotic|0 fnt\n|faint|p1a: Milotic\n|\n|-heal|p2a: HugeMilkers|89\/100 brn|[from] item: Leftovers\n|-damage|p2a: HugeMilkers|83\/100 brn|[from] brn\n|upkeep\n|\n|t:|1700844456\n|switch|p1a: Clodsire|Clodsire, M, shiny|100\/100\n|-damage|p1a: Clodsire|94\/100|[from] Stealth Rock\n|turn|69\n|-message|AquaWasHere forfeited.\n|\n|win|Pokex265\n|raw|AquaWasHere's rating: 1153 &rarr; <strong>1128<\/strong><br \/>(-25 for losing)\n|raw|Pokex265's rating: 1154 &rarr; <strong>1179<\/strong><br \/>(+25 for winning)\n|l|\u2606AquaWasHere\n","uploadtime":1700844467,"views":2,"p1id":"aquawashere","p2id":"pokex265","formatid":"gen9ou","rating":1128,"private":0,"password":""}