{"id":"gen9ou-1991224758","p1":"VerduOsane","p2":"Rakkon","format":"[Gen 9] OU","log":"|j|\u2606VerduOsane\n|j|\u2606Rakkon\n|t:|1700058903\n|gametype|singles\n|player|p1|VerduOsane|dawn-masters2|1111\n|player|p2|Rakkon|roxie|1115\n|teamsize|p1|6\n|teamsize|p2|6\n|gen|9\n|tier|[Gen 9] OU\n|rated|\n|rule|Sleep Clause Mod: Limit one foe put to sleep\n|rule|Species Clause: Limit one of each Pok\u00e9mon\n|rule|OHKO Clause: OHKO moves are banned\n|rule|Evasion Items Clause: Evasion items are banned\n|rule|Evasion Moves Clause: Evasion moves are banned\n|rule|Endless Battle Clause: Forcing endless battles is banned\n|rule|HP Percentage Mod: HP is shown in percentages\n|clearpoke\n|poke|p1|Ceruledge, F|\n|poke|p1|Sneasler, F|\n|poke|p1|Haxorus, F|\n|poke|p1|Hatterene, F|\n|poke|p1|Goodra-Hisui, F|\n|poke|p1|Weavile, F|\n|poke|p2|Ribombee, M|\n|poke|p2|Gholdengo|\n|poke|p2|Ceruledge, F|\n|poke|p2|Rillaboom, M|\n|poke|p2|Sneasler, F|\n|poke|p2|Ditto|\n|teampreview\n|\n|t:|1700058911\n|start\n|switch|p1a: Weavile|Weavile, F, shiny|100\/100\n|switch|p2a: Ribombee|Ribombee, M|100\/100\n|-ability|p1a: Weavile|Pressure\n|turn|1\n|\n|t:|1700058915\n|move|p1a: Weavile|Fake Out|p2a: Ribombee\n|-damage|p2a: Ribombee|75\/100\n|move|p2a: Ribombee|Sticky Web|p1a: Weavile\n|-sidestart|p1: VerduOsane|move: Sticky Web\n|\n|upkeep\n|turn|2\n|c|\u2606VerduOsane|I forget it\u2019s ability does that, I\u2019m fucking stupid..\n|\n|t:|1700058939\n|move|p1a: Weavile|Icicle Spear|p2a: Ribombee\n|-damage|p2a: Ribombee|51\/100\n|-damage|p2a: Ribombee|25\/100\n|-damage|p2a: Ribombee|1\/100\n|-damage|p2a: Ribombee|0 fnt\n|faint|p2a: Ribombee\n|-hitcount|p2: Ribombee|4\n|\n|upkeep\n|\n|t:|1700058963\n|switch|p2a: Ceruledge|Ceruledge, F|100\/100\n|turn|3\n|\n|t:|1700058969\n|move|p1a: Weavile|Swords Dance|p1a: Weavile\n|-boost|p1a: Weavile|atk|2\n|move|p2a: Ceruledge|Close Combat|p1a: Weavile\n|-supereffective|p1a: Weavile\n|-damage|p1a: Weavile|0 fnt\n|-unboost|p2a: Ceruledge|def|1\n|-unboost|p2a: Ceruledge|spd|1\n|faint|p1a: Weavile\n|-damage|p2a: Ceruledge|91\/100|[from] item: Life Orb\n|\n|upkeep\n|\n|t:|1700058984\n|switch|p1a: Baxorus|Haxorus, F, shiny|100\/100\n|-activate|p1a: Baxorus|move: Sticky Web\n|-unboost|p1a: Baxorus|spe|1\n|-ability|p1a: Baxorus|Mold Breaker\n|turn|4\n|\n|t:|1700058998\n|move|p2a: Ceruledge|Poltergeist|p1a: Baxorus|[miss]\n|-miss|p2a: Ceruledge|p1a: Baxorus\n|move|p1a: Baxorus|Swords Dance|p1a: Baxorus\n|-boost|p1a: Baxorus|atk|2\n|\n|upkeep\n|turn|5\n|\n|t:|1700059007\n|move|p2a: Ceruledge|Poltergeist|p1a: Baxorus\n|-activate|p1a: Baxorus|move: Poltergeist|Loaded Dice\n|-damage|p1a: Baxorus|4\/100\n|-damage|p2a: Ceruledge|81\/100|[from] item: Life Orb\n|move|p1a: Baxorus|Scale Shot|p2a: Ceruledge\n|-damage|p2a: Ceruledge|17\/100\n|-ability|p2a: Ceruledge|Weak Armor|boost\n|-unboost|p2a: Ceruledge|def|1\n|-boost|p2a: Ceruledge|spe|2\n|-crit|p2a: Ceruledge\n|-damage|p2a: Ceruledge|0 fnt\n|faint|p2a: Ceruledge\n|-hitcount|p2: Ceruledge|2\n|-unboost|p1a: Baxorus|def|1\n|-boost|p1a: Baxorus|spe|1\n|\n|upkeep\n|\n|t:|1700059022\n|switch|p2a: Ditto|Ditto|100\/100\n|-transform|p2a: Ditto|p1a: Baxorus|[from] ability: Imposter\n|-ability|p2a: Ditto|Mold Breaker\n|turn|6\n|\n|t:|1700059031\n|move|p2a: Ditto|Earthquake|p1a: Baxorus\n|-damage|p1a: Baxorus|0 fnt\n|faint|p1a: Baxorus\n|\n|upkeep\n|\n|t:|1700059039\n|switch|p1a: Sneasler|Sneasler, F, shiny|100\/100\n|-activate|p1a: Sneasler|move: Sticky Web\n|-unboost|p1a: Sneasler|spe|1\n|turn|7\n|\n|t:|1700059044\n|move|p1a: Sneasler|Fake Out|p2a: Ditto\n|-enditem|p1a: Sneasler|Normal Gem|[from] gem\n|-damage|p2a: Ditto|62\/100\n|cant|p2a: Ditto|flinch\n|\n|upkeep\n|turn|8\n|\n|t:|1700059053\n|-terastallize|p1a: Sneasler|Flying\n|move|p2a: Ditto|Earthquake|p1a: Sneasler\n|-immune|p1a: Sneasler\n|move|p1a: Sneasler|Swords Dance|p1a: Sneasler\n|-boost|p1a: Sneasler|atk|2\n|\n|upkeep\n|turn|9\n|\n|t:|1700059064\n|switch|p2a: Rillaboom|Rillaboom, M|100\/100\n|-fieldstart|move: Grassy Terrain|[from] ability: Grassy Surge|[of] p2a: Rillaboom\n|move|p1a: Sneasler|Acrobatics|p2a: Rillaboom\n|-supereffective|p2a: Rillaboom\n|-damage|p2a: Rillaboom|0 fnt\n|faint|p2a: Rillaboom\n|\n|upkeep\n|\n|t:|1700059072\n|switch|p2a: Sneasler|Sneasler, F|100\/100\n|-enditem|p2a: Sneasler|Grassy Seed\n|-boost|p2a: Sneasler|def|1|[from] item: Grassy Seed\n|turn|10\n|\n|t:|1700059078\n|move|p2a: Sneasler|Fake Out|p1a: Sneasler\n|-damage|p1a: Sneasler|76\/100\n|cant|p1a: Sneasler|flinch\n|\n|upkeep\n|turn|11\n|\n|t:|1700059083\n|move|p2a: Sneasler|Dire Claw|p1a: Sneasler\n|-damage|p1a: Sneasler|0 fnt\n|faint|p1a: Sneasler\n|\n|upkeep\n|\n|t:|1700059088\n|switch|p1a: Goodra|Goodra-Hisui, F, shiny|100\/100\n|-activate|p1a: Goodra|move: Sticky Web\n|-unboost|p1a: Goodra|spe|1\n|turn|12\n|\n|t:|1700059098\n|move|p2a: Sneasler|Acrobatics|p1a: Goodra\n|-resisted|p1a: Goodra\n|-damage|p1a: Goodra|80\/100\n|-damage|p2a: Sneasler|84\/100|[from] item: Rocky Helmet|[of] p1a: Goodra\n|-ability|p1a: Goodra|Gooey\n|-unboost|p2a: Sneasler|spe|1\n|move|p1a: Goodra|Acid Armor|p1a: Goodra\n|-boost|p1a: Goodra|def|2\n|\n|-heal|p2a: Sneasler|90\/100|[from] Grassy Terrain\n|-heal|p1a: Goodra|86\/100|[from] Grassy Terrain\n|upkeep\n|turn|13\n|\n|t:|1700059113\n|move|p2a: Sneasler|Swords Dance|p2a: Sneasler\n|-boost|p2a: Sneasler|atk|2\n|move|p1a: Goodra|Dragon Tail|p2a: Sneasler\n|-damage|p2a: Sneasler|64\/100\n|drag|p2a: Ditto|Ditto|62\/100\n|-transform|p2a: Ditto|p1a: Goodra|[from] ability: Imposter\n|\n|-heal|p2a: Ditto|68\/100|[from] Grassy Terrain\n|-heal|p1a: Goodra|92\/100|[from] Grassy Terrain\n|-fieldend|move: Grassy Terrain\n|upkeep\n|turn|14\n|\n|t:|1700059126\n|move|p2a: Ditto|Body Press|p1a: Goodra\n|-supereffective|p1a: Goodra\n|-damage|p1a: Goodra|58\/100\n|-damage|p2a: Ditto|52\/100|[from] item: Rocky Helmet|[of] p1a: Goodra\n|-ability|p1a: Goodra|Gooey\n|-unboost|p2a: Ditto|spe|1\n|move|p1a: Goodra|Acid Armor|p1a: Goodra\n|-boost|p1a: Goodra|def|2\n|\n|upkeep\n|turn|15\n|\n|t:|1700059136\n|move|p2a: Ditto|Body Press|p1a: Goodra\n|-supereffective|p1a: Goodra\n|-damage|p1a: Goodra|33\/100\n|-damage|p2a: Ditto|35\/100|[from] item: Rocky Helmet|[of] p1a: Goodra\n|-ability|p1a: Goodra|Gooey\n|-unboost|p2a: Ditto|spe|1\n|move|p1a: Goodra|Body Press|p2a: Ditto\n|-supereffective|p2a: Ditto\n|-damage|p2a: Ditto|0 fnt\n|-ability|p2a: Ditto|Gooey\n|-unboost|p1a: Goodra|spe|1\n|faint|p2a: Ditto\n|\n|upkeep\n|\n|t:|1700059140\n|switch|p2a: Sneasler|Sneasler, F|64\/100\n|turn|16\n|\n|t:|1700059143\n|move|p2a: Sneasler|Fake Out|p1a: Goodra\n|-resisted|p1a: Goodra\n|-damage|p1a: Goodra|30\/100\n|-damage|p2a: Sneasler|47\/100|[from] item: Rocky Helmet|[of] p1a: Goodra\n|-ability|p1a: Goodra|Gooey\n|-unboost|p2a: Sneasler|spe|1\n|cant|p1a: Goodra|flinch\n|\n|upkeep\n|turn|17\n|\n|t:|1700059147\n|move|p2a: Sneasler|Swords Dance|p2a: Sneasler\n|-boost|p2a: Sneasler|atk|2\n|move|p1a: Goodra|Body Press|p2a: Sneasler\n|-resisted|p2a: Sneasler\n|-damage|p2a: Sneasler|0 fnt\n|faint|p2a: Sneasler\n|\n|upkeep\n|\n|t:|1700059149\n|switch|p2a: Gholdengo|Gholdengo|100\/100\n|-item|p2a: Gholdengo|Air Balloon\n|turn|18\n|\n|t:|1700059151\n|move|p2a: Gholdengo|Psyshock|p1a: Goodra\n|-resisted|p1a: Goodra\n|-damage|p1a: Goodra|25\/100\n|move|p1a: Goodra|Knock Off|p2a: Gholdengo\n|-supereffective|p2a: Gholdengo\n|-damage|p2a: Gholdengo|58\/100\n|-enditem|p2a: Gholdengo|Air Balloon\n|\n|upkeep\n|turn|19\n|\n|t:|1700059160\n|move|p2a: Gholdengo|Shadow Ball|p1a: Goodra\n|-damage|p1a: Goodra|3\/100\n|move|p1a: Goodra|Knock Off|p2a: Gholdengo\n|-supereffective|p2a: Gholdengo\n|-damage|p2a: Gholdengo|29\/100\n|\n|upkeep\n|turn|20\n|\n|t:|1700059165\n|move|p2a: Gholdengo|Recover|p2a: Gholdengo\n|-heal|p2a: Gholdengo|79\/100\n|move|p1a: Goodra|Knock Off|p2a: Gholdengo\n|-supereffective|p2a: Gholdengo\n|-crit|p2a: Gholdengo\n|-damage|p2a: Gholdengo|40\/100\n|\n|upkeep\n|turn|21\n|\n|t:|1700059168\n|move|p2a: Gholdengo|Shadow Ball|p1a: Goodra\n|-damage|p1a: Goodra|0 fnt\n|faint|p1a: Goodra\n|\n|upkeep\n|-message|Rakkon forfeited.\n|\n|win|VerduOsane\n|raw|VerduOsane's rating: 1111 &rarr; <strong>1136<\/strong><br \/>(+25 for winning)\n|raw|Rakkon's rating: 1115 &rarr; <strong>1090<\/strong><br \/>(-25 for losing)\n|l|\u2606Rakkon\n|l|\u2606VerduOsane\n|j|\u2606VerduOsane\n|player|p1|VerduOsane|dawn-masters2\n","uploadtime":1700059181,"views":34,"p1id":"verduosane","p2id":"rakkon","formatid":"gen9ou","rating":1090,"private":0,"password":""}