{"id":"gen9ou-1990992945","p1":"Cyphobit","p2":"berlitz_platinum","format":"[Gen 9] OU","log":"|j|\u2606Cyphobit\n|j|\u2606berlitz_platinum\n|t:|1700024638\n|gametype|singles\n|player|p1|Cyphobit|jupiter|1076\n|player|p2|berlitz_platinum|dahlia|1004\n|teamsize|p1|6\n|teamsize|p2|6\n|gen|9\n|tier|[Gen 9] OU\n|rated|\n|rule|Sleep Clause Mod: Limit one foe put to sleep\n|rule|Species Clause: Limit one of each Pok\u00e9mon\n|rule|OHKO Clause: OHKO moves are banned\n|rule|Evasion Items Clause: Evasion items are banned\n|rule|Evasion Moves Clause: Evasion moves are banned\n|rule|Endless Battle Clause: Forcing endless battles is banned\n|rule|HP Percentage Mod: HP is shown in percentages\n|clearpoke\n|poke|p1|Greninja-*, F|\n|poke|p1|Kingambit, M|\n|poke|p1|Iron Valiant|\n|poke|p1|Glimmora, M|\n|poke|p1|Ceruledge, M|\n|poke|p1|Ting-Lu|\n|poke|p2|Medicham, M|\n|poke|p2|Camerupt, M|\n|poke|p2|Hariyama, M|\n|poke|p2|Ariados, F|\n|poke|p2|Lurantis, M|\n|poke|p2|Zangoose, M|\n|teampreview\n|inactive|Battle timer is ON: inactive players will automatically lose when time's up. (requested by berlitz_platinum)\n|\n|t:|1700024646\n|start\n|switch|p1a: Glimmora|Glimmora, M|100\/100\n|switch|p2a: Ariados|Ariados, F|100\/100\n|turn|1\n|\n|t:|1700024656\n|move|p1a: Glimmora|Stealth Rock|p2a: Ariados\n|-sidestart|p2: berlitz_platinum|move: Stealth Rock\n|move|p2a: Ariados|Scary Face|p1a: Glimmora\n|-unboost|p1a: Glimmora|spe|2\n|\n|upkeep\n|turn|2\n|\n|t:|1700024663\n|move|p2a: Ariados|Sticky Web|p1a: Glimmora\n|-sidestart|p1: Cyphobit|move: Sticky Web\n|move|p1a: Glimmora|Mortal Spin|p2a: Ariados\n|-resisted|p2a: Ariados\n|-damage|p2a: Ariados|96\/100\n|-sideend|p1: Cyphobit|Sticky Web|[from] move: Mortal Spin|[of] p1a: Glimmora\n|\n|upkeep\n|turn|3\n|\n|t:|1700024680\n|move|p2a: Ariados|Sticky Web|p1a: Glimmora\n|-sidestart|p1: Cyphobit|move: Sticky Web\n|move|p1a: Glimmora|Mortal Spin|p2a: Ariados\n|-resisted|p2a: Ariados\n|-damage|p2a: Ariados|92\/100\n|-sideend|p1: Cyphobit|Sticky Web|[from] move: Mortal Spin|[of] p1a: Glimmora\n|\n|upkeep\n|turn|4\n|\n|t:|1700024699\n|switch|p2a: Zangoose|Zangoose, M|100\/100\n|-damage|p2a: Zangoose|88\/100|[from] Stealth Rock\n|move|p1a: Glimmora|Mortal Spin|p2a: Zangoose\n|-damage|p2a: Zangoose|78\/100\n|-status|p2a: Zangoose|psn\n|\n|-damage|p2a: Zangoose|65\/100 psn|[from] psn\n|upkeep\n|turn|5\n|inactive|Cyphobit has 120 seconds left.\n|inactive|berlitz_platinum has 120 seconds left.\n|\n|t:|1700024735\n|move|p2a: Zangoose|Swords Dance|p2a: Zangoose\n|-boost|p2a: Zangoose|atk|2\n|move|p1a: Glimmora|Mortal Spin|p2a: Zangoose\n|-damage|p2a: Zangoose|54\/100 psn\n|\n|-damage|p2a: Zangoose|41\/100 psn|[from] psn\n|upkeep\n|turn|6\n|\n|t:|1700024744\n|move|p2a: Zangoose|Brick Break|p1a: Glimmora\n|-enditem|p1a: Glimmora|Focus Sash\n|-damage|p1a: Glimmora|1\/100\n|-activate|p1a: Glimmora|ability: Toxic Debris\n|-sidestart|p2: berlitz_platinum|move: Toxic Spikes\n|move|p1a: Glimmora|Mortal Spin|p2a: Zangoose\n|-damage|p2a: Zangoose|30\/100 psn\n|\n|-damage|p2a: Zangoose|17\/100 psn|[from] psn\n|upkeep\n|turn|7\n|-message|berlitz_platinum forfeited.\n|\n|win|Cyphobit\n|raw|Cyphobit's rating: 1076 &rarr; <strong>1099<\/strong><br \/>(+23 for winning)\n|raw|berlitz_platinum's rating: 1004 &rarr; <strong>1000<\/strong><br \/>(-4 for losing)\n|l|\u2606berlitz_platinum\n","uploadtime":1700024775,"views":12,"p1id":"cyphobit","p2id":"berlitzplatinum","formatid":"gen9ou","rating":1000,"private":0,"password":""}