{"id":"gen9ou-1991155213","p1":"D Gym Teacher","p2":"gaypride13","format":"[Gen 9] OU","log":"|j|\u2606D Gym Teacher\n|j|\u2606gaypride13\n|t:|1700051137\n|gametype|singles\n|player|p1|D Gym Teacher|veteran|1868\n|player|p2|gaypride13|swimmer-gen4dp|1867\n|teamsize|p1|6\n|teamsize|p2|6\n|gen|9\n|tier|[Gen 9] OU\n|rated|\n|rule|Sleep Clause Mod: Limit one foe put to sleep\n|rule|Species Clause: Limit one of each Pok\u00e9mon\n|rule|OHKO Clause: OHKO moves are banned\n|rule|Evasion Items Clause: Evasion items are banned\n|rule|Evasion Moves Clause: Evasion moves are banned\n|rule|Endless Battle Clause: Forcing endless battles is banned\n|rule|HP Percentage Mod: HP is shown in percentages\n|clearpoke\n|poke|p1|Great Tusk|\n|poke|p1|Gholdengo|\n|poke|p1|Slowking-Galar, M|\n|poke|p1|Arcanine-Hisui, M|\n|poke|p1|Samurott-Hisui, M|\n|poke|p1|Zapdos|\n|poke|p2|Garganacl, M|\n|poke|p2|Cinderace, M|\n|poke|p2|Great Tusk|\n|poke|p2|Slowking-Galar, M|\n|poke|p2|Rillaboom, M|\n|poke|p2|Samurott-Hisui, F|\n|teampreview\n|inactive|Battle timer is ON: inactive players will automatically lose when time's up. (requested by gaypride13)\n|\n|t:|1700051181\n|start\n|switch|p1a: Zapdos|Zapdos|100\/100\n|switch|p2a: Cinderace|Cinderace, M|100\/100\n|turn|1\n|\n|t:|1700051186\n|move|p2a: Cinderace|Pyro Ball|p1a: Zapdos\n|-damage|p1a: Zapdos|56\/100\n|move|p1a: Zapdos|Discharge|p2a: Cinderace\n|-damage|p2a: Cinderace|54\/100\n|\n|upkeep\n|turn|2\n|\n|t:|1700051199\n|switch|p2a: Slowking|Slowking-Galar, M|100\/100\n|move|p1a: Zapdos|Roost|p1a: Zapdos\n|-heal|p1a: Zapdos|100\/100\n|-singleturn|p1a: Zapdos|move: Roost\n|\n|upkeep\n|turn|3\n|\n|t:|1700051209\n|move|p1a: Zapdos|U-turn|p2a: Slowking\n|-damage|p2a: Slowking|85\/100\n|\n|t:|1700051212\n|switch|p1a: Slowking|Slowking-Galar, M|100\/100|[from] U-turn\n|move|p2a: Slowking|Future Sight|p1a: Slowking\n|-start|p2a: Slowking|move: Future Sight\n|\n|-heal|p2a: Slowking|91\/100|[from] item: Black Sludge\n|upkeep\n|turn|4\n|\n|t:|1700051220\n|move|p2a: Slowking|Chilly Reception|p2a: Slowking\n|-weather|Snow\n|\n|t:|1700051226\n|switch|p2a: Samurott|Samurott-Hisui, F|100\/100|[from] Chilly Reception\n|move|p1a: Slowking|Chilly Reception|p1a: Slowking\n|\n|t:|1700051237\n|switch|p1a: Zapdos|Zapdos|100\/100|[from] Chilly Reception\n|\n|-weather|Snow|[upkeep]\n|upkeep\n|turn|5\n|\n|t:|1700051243\n|move|p2a: Samurott|Ceaseless Edge|p1a: Zapdos\n|-damage|p1a: Zapdos|66\/100\n|-sidestart|p1: D Gym Teacher|Spikes\n|move|p1a: Zapdos|Discharge|p2a: Samurott\n|-supereffective|p2a: Samurott\n|-damage|p2a: Samurott|7\/100\n|-status|p2a: Samurott|par\n|\n|-weather|Snow|[upkeep]\n|-end|p1a: Zapdos|move: Future Sight\n|-damage|p1a: Zapdos|8\/100\n|upkeep\n|turn|6\n|\n|t:|1700051259\n|switch|p1a: Great Tusk|Great Tusk|100\/100\n|-damage|p1a: Great Tusk|88\/100|[from] Spikes\n|move|p2a: Samurott|Aqua Jet|p1a: Great Tusk\n|-supereffective|p1a: Great Tusk\n|-damage|p1a: Great Tusk|70\/100\n|\n|-weather|Snow|[upkeep]\n|-heal|p1a: Great Tusk|76\/100|[from] item: Leftovers\n|upkeep\n|turn|7\n|\n|t:|1700051269\n|move|p2a: Samurott|Aqua Jet|p1a: Great Tusk\n|-supereffective|p1a: Great Tusk\n|-damage|p1a: Great Tusk|57\/100\n|move|p1a: Great Tusk|Rapid Spin|p2a: Samurott\n|-damage|p2a: Samurott|0 fnt\n|-boost|p1a: Great Tusk|spe|1\n|-sideend|p1: D Gym Teacher|Spikes|[from] move: Rapid Spin|[of] p1a: Great Tusk\n|faint|p2a: Samurott\n|\n|-weather|Snow|[upkeep]\n|-heal|p1a: Great Tusk|64\/100|[from] item: Leftovers\n|upkeep\n|\n|t:|1700051274\n|switch|p2a: Great Nose|Great Tusk|100\/100\n|turn|8\n|\n|t:|1700051281\n|move|p1a: Great Tusk|Knock Off|p2a: Great Nose\n|-resisted|p2a: Great Nose\n|-damage|p2a: Great Nose|90\/100\n|-enditem|p2a: Great Nose|Leftovers|[from] move: Knock Off|[of] p1a: Great Tusk\n|move|p2a: Great Nose|Rapid Spin|p1a: Great Tusk\n|-crit|p1a: Great Tusk\n|-damage|p1a: Great Tusk|48\/100\n|-boost|p2a: Great Nose|spe|1\n|\n|-weather|none\n|-heal|p1a: Great Tusk|55\/100|[from] item: Leftovers\n|upkeep\n|turn|9\n|j| Ultramanball1\n|\n|t:|1700051303\n|move|p2a: Great Nose|Bulk Up|p2a: Great Nose\n|-boost|p2a: Great Nose|atk|1\n|-boost|p2a: Great Nose|def|1\n|move|p1a: Great Tusk|Earthquake|p2a: Great Nose\n|-damage|p2a: Great Nose|67\/100\n|\n|-heal|p1a: Great Tusk|61\/100|[from] item: Leftovers\n|upkeep\n|turn|10\n|\n|t:|1700051318\n|-end|p1a: Great Tusk|Protosynthesis|[silent]\n|switch|p1a: Zapdos|Zapdos|8\/100\n|move|p2a: Great Nose|Bulk Up|p2a: Great Nose\n|-boost|p2a: Great Nose|atk|1\n|-boost|p2a: Great Nose|def|1\n|\n|upkeep\n|turn|11\n|l| Ultramanball1\n|\n|t:|1700051322\n|move|p2a: Great Nose|Rapid Spin|p1a: Zapdos\n|-damage|p1a: Zapdos|0 fnt\n|-boost|p2a: Great Nose|spe|1\n|-status|p2a: Great Nose|par|[from] ability: Static|[of] p1a: Zapdos\n|faint|p1a: Zapdos\n|\n|upkeep\n|\n|t:|1700051330\n|switch|p1a: Gholdengo|Gholdengo|100\/100\n|turn|12\n|\n|t:|1700051333\n|move|p1a: Gholdengo|Make It Rain|p2a: Great Nose\n|-damage|p2a: Great Nose|0 fnt\n|-unboost|p1a: Gholdengo|spa|1\n|faint|p2a: Great Nose\n|-end|p2a: Great Nose|Protosynthesis|[silent]\n|\n|upkeep\n|\n|t:|1700051338\n|switch|p2a: Cinderace|Cinderace, M|54\/100\n|turn|13\n|\n|t:|1700051345\n|switch|p1a: Arcanine|Arcanine-Hisui, M|100\/100\n|move|p2a: Cinderace|U-turn|p1a: Arcanine\n|-start|p2a: Cinderace|typechange|Bug|[from] ability: Libero\n|-resisted|p1a: Arcanine\n|-damage|p1a: Arcanine|79\/100\n|\n|t:|1700051351\n|switch|p2a: GOAT|Garganacl, M|100\/100|[from] U-turn\n|\n|upkeep\n|turn|14\n|\n|t:|1700051355\n|switch|p1a: Slowking|Slowking-Galar, M|100\/100\n|move|p2a: GOAT|Iron Defense|p2a: GOAT\n|-boost|p2a: GOAT|def|2\n|\n|upkeep\n|turn|15\n|\n|t:|1700051360\n|move|p2a: GOAT|Iron Defense|p2a: GOAT\n|-boost|p2a: GOAT|def|2\n|move|p1a: Slowking|Future Sight|p2a: GOAT\n|-start|p1a: Slowking|move: Future Sight\n|\n|upkeep\n|turn|16\n|\n|t:|1700051366\n|move|p2a: GOAT|Iron Defense|p2a: GOAT\n|-boost|p2a: GOAT|def|2\n|move|p1a: Slowking|Chilly Reception|p1a: Slowking\n|-weather|Snow\n|\n|t:|1700051372\n|switch|p1a: Gholdengo|Gholdengo|100\/100|[from] Chilly Reception\n|\n|-weather|Snow|[upkeep]\n|upkeep\n|turn|17\n|\n|t:|1700051380\n|switch|p2a: Slowking|Slowking-Galar, M|100\/100\n|move|p1a: Gholdengo|Trick|p2a: Slowking\n|-activate|p1a: Gholdengo|move: Trick|[of] p2a: Slowking\n|-item|p2a: Slowking|Choice Scarf|[from] move: Trick\n|-item|p1a: Gholdengo|Black Sludge|[from] move: Trick\n|\n|-weather|Snow|[upkeep]\n|-end|p2a: Slowking|move: Future Sight\n|-damage|p2a: Slowking|69\/100\n|-damage|p1a: Gholdengo|88\/100|[from] item: Black Sludge\n|upkeep\n|turn|18\n|\n|t:|1700051390\n|move|p1a: Gholdengo|Trick|p2a: Slowking\n|-activate|p1a: Gholdengo|move: Trick|[of] p2a: Slowking\n|-item|p2a: Slowking|Black Sludge|[from] move: Trick\n|-item|p1a: Gholdengo|Choice Scarf|[from] move: Trick\n|move|p2a: Slowking|Chilly Reception|p2a: Slowking\n|\n|t:|1700051396\n|switch|p2a: Cinderace|Cinderace, M|54\/100|[from] Chilly Reception\n|\n|-weather|Snow|[upkeep]\n|upkeep\n|turn|19\n|\n|t:|1700051402\n|switch|p1a: Great Tusk|Great Tusk|61\/100\n|move|p2a: Cinderace|U-turn|p1a: Great Tusk\n|-start|p2a: Cinderace|typechange|Bug|[from] ability: Libero\n|-resisted|p1a: Great Tusk\n|-damage|p1a: Great Tusk|53\/100\n|\n|t:|1700051406\n|switch|p2a: Rillaboom|Rillaboom, M|100\/100|[from] U-turn\n|-fieldstart|move: Grassy Terrain|[from] ability: Grassy Surge|[of] p2a: Rillaboom\n|\n|-weather|Snow|[upkeep]\n|-heal|p1a: Great Tusk|59\/100|[from] Grassy Terrain\n|-heal|p1a: Great Tusk|65\/100|[from] item: Leftovers\n|upkeep\n|turn|20\n|\n|t:|1700051412\n|-end|p1a: Great Tusk|Protosynthesis|[silent]\n|switch|p1a: Slowking|Slowking-Galar, M|100\/100\n|move|p2a: Rillaboom|U-turn|p1a: Slowking\n|-damage|p1a: Slowking|65\/100\n|\n|t:|1700051416\n|switch|p2a: Cinderace|Cinderace, M|54\/100|[from] U-turn\n|\n|-weather|none\n|-heal|p2a: Cinderace|60\/100|[from] Grassy Terrain\n|-heal|p1a: Slowking|71\/100|[from] Grassy Terrain\n|upkeep\n|turn|21\n|\n|t:|1700051430\n|move|p2a: Cinderace|U-turn|p1a: Slowking\n|-start|p2a: Cinderace|typechange|Bug|[from] ability: Libero\n|-damage|p1a: Slowking|39\/100\n|j| Domin0999\n|l| Domin0999\n|\n|t:|1700051439\n|switch|p2a: Slowking|Slowking-Galar, M|100\/100|[from] U-turn\n|move|p1a: Slowking|Chilly Reception|p1a: Slowking\n|-weather|Snow\n|\n|t:|1700051446\n|switch|p1a: Samurott|Samurott-Hisui, M|100\/100|[from] Chilly Reception\n|\n|-weather|Snow|[upkeep]\n|upkeep\n|turn|22\n|\n|t:|1700051457\n|switch|p2a: Rillaboom|Rillaboom, M|100\/100\n|move|p1a: Samurott|Ceaseless Edge|p2a: Rillaboom\n|-damage|p2a: Rillaboom|50\/100\n|-sidestart|p2: gaypride13|Spikes\n|\n|-weather|Snow|[upkeep]\n|-heal|p2a: Rillaboom|57\/100|[from] Grassy Terrain\n|upkeep\n|turn|23\n|\n|t:|1700051470\n|switch|p1a: Slowking|Slowking-Galar, M|72\/100\n|move|p2a: Rillaboom|U-turn|p1a: Slowking\n|-damage|p1a: Slowking|35\/100\n|\n|t:|1700051482\n|switch|p2a: Cinderace|Cinderace, M|60\/100|[from] U-turn\n|\n|-weather|Snow|[upkeep]\n|-heal|p2a: Cinderace|66\/100|[from] Grassy Terrain\n|-heal|p1a: Slowking|41\/100|[from] Grassy Terrain\n|-fieldend|move: Grassy Terrain\n|upkeep\n|turn|24\n|\n|t:|1700051493\n|switch|p1a: Great Tusk|Great Tusk|65\/100\n|move|p2a: Cinderace|Pyro Ball|p1a: Great Tusk\n|-damage|p1a: Great Tusk|36\/100\n|\n|-weather|Snow|[upkeep]\n|-heal|p1a: Great Tusk|42\/100|[from] item: Leftovers\n|upkeep\n|turn|25\n|\n|t:|1700051509\n|move|p2a: Cinderace|U-turn|p1a: Great Tusk\n|-start|p2a: Cinderace|typechange|Bug|[from] ability: Libero\n|-resisted|p1a: Great Tusk\n|-damage|p1a: Great Tusk|34\/100\n|\n|t:|1700051514\n|switch|p2a: Rillaboom|Rillaboom, M|57\/100|[from] U-turn\n|-damage|p2a: Rillaboom|44\/100|[from] Spikes\n|-fieldstart|move: Grassy Terrain|[from] ability: Grassy Surge|[of] p2a: Rillaboom\n|move|p1a: Great Tusk|Rapid Spin|p2a: Rillaboom\n|-damage|p2a: Rillaboom|29\/100\n|-boost|p1a: Great Tusk|spe|1\n|\n|-weather|none\n|-heal|p1a: Great Tusk|40\/100|[from] Grassy Terrain\n|-heal|p1a: Great Tusk|47\/100|[from] item: Leftovers\n|-heal|p2a: Rillaboom|35\/100|[from] Grassy Terrain\n|upkeep\n|turn|26\n|inactive|D Gym Teacher has 120 seconds left.\n|\n|t:|1700051548\n|move|p2a: Rillaboom|Grassy Glide|p1a: Great Tusk\n|-supereffective|p1a: Great Tusk\n|-damage|p1a: Great Tusk|0 fnt\n|faint|p1a: Great Tusk\n|-end|p1a: Great Tusk|Protosynthesis|[silent]\n|\n|-heal|p2a: Rillaboom|41\/100|[from] Grassy Terrain\n|upkeep\n|inactive|D Gym Teacher has 120 seconds left.\n|\n|t:|1700051556\n|switch|p1a: Slowking|Slowking-Galar, M|74\/100\n|turn|27\n|\n|t:|1700051562\n|switch|p2a: Slowking|Slowking-Galar, M|100\/100\n|-damage|p2a: Slowking|88\/100|[from] Spikes\n|move|p1a: Slowking|Chilly Reception|p1a: Slowking\n|-weather|Snow\n|\n|t:|1700051564\n|switch|p1a: Samurott|Samurott-Hisui, M|100\/100|[from] Chilly Reception\n|\n|-weather|Snow|[upkeep]\n|-heal|p2a: Slowking|94\/100|[from] Grassy Terrain\n|-heal|p2a: Slowking|99\/100|[from] item: Black Sludge\n|upkeep\n|turn|28\n|\n|t:|1700051572\n|move|p1a: Samurott|Swords Dance|p1a: Samurott\n|-boost|p1a: Samurott|atk|2\n|move|p2a: Slowking|Sludge Bomb|p1a: Samurott\n|-damage|p1a: Samurott|28\/100\n|\n|-weather|Snow|[upkeep]\n|-heal|p1a: Samurott|34\/100|[from] Grassy Terrain\n|-heal|p2a: Slowking|100\/100|[from] Grassy Terrain\n|upkeep\n|turn|29\n|\n|t:|1700051579\n|move|p1a: Samurott|Ceaseless Edge|p2a: Slowking\n|-supereffective|p2a: Slowking\n|-damage|p2a: Slowking|0 fnt\n|-sidestart|p2: gaypride13|Spikes\n|faint|p2a: Slowking\n|\n|-weather|Snow|[upkeep]\n|-heal|p1a: Samurott|40\/100|[from] Grassy Terrain\n|-fieldend|move: Grassy Terrain\n|upkeep\n|\n|t:|1700051582\n|switch|p2a: Rillaboom|Rillaboom, M|41\/100\n|-damage|p2a: Rillaboom|25\/100|[from] Spikes\n|-fieldstart|move: Grassy Terrain|[from] ability: Grassy Surge|[of] p2a: Rillaboom\n|turn|30\n|\n|t:|1700051595\n|-terastallize|p1a: Samurott|Water\n|move|p1a: Samurott|Aqua Jet|p2a: Rillaboom\n|-resisted|p2a: Rillaboom\n|-damage|p2a: Rillaboom|0 fnt\n|faint|p2a: Rillaboom\n|\n|-weather|Snow|[upkeep]\n|-heal|p1a: Samurott|46\/100|[from] Grassy Terrain\n|upkeep\n|\n|t:|1700051612\n|switch|p2a: GOAT|Garganacl, M|100\/100\n|-damage|p2a: GOAT|84\/100|[from] Spikes\n|turn|31\n|\n|t:|1700051618\n|-terastallize|p2a: GOAT|Ghost\n|move|p1a: Samurott|Aqua Cutter|p2a: GOAT\n|-damage|p2a: GOAT|0 fnt\n|faint|p2a: GOAT\n|\n|-weather|none\n|-heal|p1a: Samurott|53\/100|[from] Grassy Terrain\n|upkeep\n|-message|gaypride13 forfeited.\n|\n|win|D Gym Teacher\n|raw|D Gym Teacher's rating: 1868 &rarr; <strong>1888<\/strong><br \/>(+20 for winning)\n|raw|gaypride13's rating: 1867 &rarr; <strong>1847<\/strong><br \/>(-20 for losing)\n|l|\u2606gaypride13\n|l|\u2606D Gym Teacher\n","uploadtime":1700051630,"views":10,"p1id":"dgymteacher","p2id":"gaypride13","formatid":"gen9ou","rating":1847,"private":0,"password":""}