{"id":"gen9ou-1988535579","p1":"Mahendra501","p2":"Abner67","format":"[Gen 9] OU","log":"|j|\u2606Mahendra501\n|j|\u2606Abner67\n|t:|1699733408\n|gametype|singles\n|player|p1|Mahendra501|101|1030\n|player|p2|Abner67|cheren-gen5bw2|1117\n|teamsize|p1|6\n|teamsize|p2|6\n|gen|9\n|tier|[Gen 9] OU\n|rated|\n|rule|Sleep Clause Mod: Limit one foe put to sleep\n|rule|Species Clause: Limit one of each Pok\u00e9mon\n|rule|OHKO Clause: OHKO moves are banned\n|rule|Evasion Items Clause: Evasion items are banned\n|rule|Evasion Moves Clause: Evasion moves are banned\n|rule|Endless Battle Clause: Forcing endless battles is banned\n|rule|HP Percentage Mod: HP is shown in percentages\n|clearpoke\n|poke|p1|Infernape, F|\n|poke|p1|Ursaluna, F|\n|poke|p1|Cacturne, F|\n|poke|p1|Azelf|\n|poke|p1|Goodra-Hisui, F|\n|poke|p1|Banette, M|\n|poke|p2|Iron Hands|\n|poke|p2|Slowking-Galar, F|\n|poke|p2|Iron Valiant|\n|poke|p2|Iron Treads|\n|poke|p2|Ogerpon-Wellspring, F|\n|poke|p2|Orthworm, F|\n|teampreview\n|inactive|Battle timer is ON: inactive players will automatically lose when time's up. (requested by Mahendra501)\n|\n|t:|1699733418\n|start\n|switch|p1a: Banette|Banette, M|100\/100\n|switch|p2a: Ogerpon|Ogerpon-Wellspring, F|100\/100\n|-item|p2a: Ogerpon|Wellspring Mask|[from] ability: Frisk|[of] p1a: Banette|[identify]\n|turn|1\n|\n|t:|1699733434\n|move|p2a: Ogerpon|Ivy Cudgel|p1a: Banette\n|-damage|p1a: Banette|16\/100\n|move|p1a: Banette|Will-O-Wisp|p2a: Ogerpon\n|-status|p2a: Ogerpon|brn\n|\n|-damage|p2a: Ogerpon|95\/100 brn|[from] brn\n|upkeep\n|turn|2\n|\n|t:|1699733453\n|switch|p1a: Goodra|Goodra-Hisui, F|100\/100\n|move|p2a: Ogerpon|U-turn|p1a: Goodra\n|-resisted|p1a: Goodra\n|-damage|p1a: Goodra|95\/100\n|\n|t:|1699733462\n|switch|p2a: Iron Treads|Iron Treads|100\/100|[from] U-turn\n|\n|upkeep\n|turn|3\n|\n|t:|1699733469\n|move|p2a: Iron Treads|Stealth Rock|p1a: Goodra\n|-sidestart|p1: Mahendra501|move: Stealth Rock\n|move|p1a: Goodra|Earthquake|p2a: Iron Treads\n|-supereffective|p2a: Iron Treads\n|-damage|p2a: Iron Treads|54\/100\n|\n|-heal|p2a: Iron Treads|60\/100|[from] item: Leftovers\n|upkeep\n|turn|4\n|\n|t:|1699733497\n|move|p2a: Iron Treads|Volt Switch|p1a: Goodra\n|-resisted|p1a: Goodra\n|-damage|p1a: Goodra|92\/100\n|\n|t:|1699733503\n|-end|p2a: Iron Treads|Quark Drive|[silent]\n|switch|p2a: Orthworm|Orthworm, F|100\/100|[from] Volt Switch\n|move|p1a: Goodra|Body Press|p2a: Orthworm\n|-supereffective|p2a: Orthworm\n|-damage|p2a: Orthworm|73\/100\n|-enditem|p2a: Orthworm|Red Card|[of] p1a: Goodra\n|drag|p1a: Azelf|Azelf|100\/100\n|-damage|p1a: Azelf|88\/100|[from] Stealth Rock\n|\n|upkeep\n|turn|5\n|\n|t:|1699733516\n|move|p1a: Azelf|Reflect|p1a: Azelf\n|-sidestart|p1: Mahendra501|Reflect\n|move|p2a: Orthworm|Coil|p2a: Orthworm\n|-boost|p2a: Orthworm|atk|1\n|-boost|p2a: Orthworm|def|1\n|-boost|p2a: Orthworm|accuracy|1\n|\n|upkeep\n|turn|6\n|\n|t:|1699733522\n|move|p1a: Azelf|Mystical Power|p2a: Orthworm\n|-resisted|p2a: Orthworm\n|-damage|p2a: Orthworm|43\/100\n|-boost|p1a: Azelf|spa|1\n|move|p2a: Orthworm|Heavy Slam|p1a: Azelf\n|-damage|p1a: Azelf|26\/100\n|\n|upkeep\n|turn|7\n|\n|t:|1699733537\n|move|p1a: Azelf|Mystical Power|p2a: Orthworm\n|-resisted|p2a: Orthworm\n|-damage|p2a: Orthworm|2\/100\n|-boost|p1a: Azelf|spa|1\n|move|p2a: Orthworm|Metal Burst|p1a: Azelf\n|-damage|p1a: Azelf|0 fnt\n|faint|p1a: Azelf\n|\n|upkeep\n|\n|t:|1699733556\n|switch|p1a: Cacturne|Cacturne, F|100\/100\n|-damage|p1a: Cacturne|88\/100|[from] Stealth Rock\n|turn|8\n|\n|t:|1699733561\n|switch|p2a: Iron Treads|Iron Treads|60\/100\n|move|p1a: Cacturne|Sucker Punch||[still]\n|-fail|p1a: Cacturne\n|\n|-heal|p2a: Iron Treads|66\/100|[from] item: Leftovers\n|upkeep\n|turn|9\n|\n|t:|1699733570\n|move|p2a: Iron Treads|Volt Switch|p1a: Cacturne\n|-resisted|p1a: Cacturne\n|-damage|p1a: Cacturne|83\/100\n|\n|t:|1699733573\n|-end|p2a: Iron Treads|Quark Drive|[silent]\n|switch|p2a: Iron Hands|Iron Hands|100\/100|[from] Volt Switch\n|move|p1a: Cacturne|Toxic Spikes|p2a: Iron Hands\n|-sidestart|p2: Abner67|move: Toxic Spikes\n|\n|upkeep\n|turn|10\n|\n|t:|1699733579\n|move|p1a: Cacturne|Leech Seed|p2a: Iron Hands\n|-start|p2a: Iron Hands|move: Leech Seed\n|move|p2a: Iron Hands|Drain Punch|p1a: Cacturne\n|-supereffective|p1a: Cacturne\n|-damage|p1a: Cacturne|12\/100\n|\n|-damage|p2a: Iron Hands|88\/100|[from] Leech Seed|[of] p1a: Cacturne\n|-heal|p1a: Cacturne|31\/100|[silent]\n|upkeep\n|turn|11\n|\n|t:|1699733600\n|-end|p2a: Iron Hands|Quark Drive|[silent]\n|switch|p2a: Slowking|Slowking-Galar, F|100\/100\n|-sideend|p2: Abner67|move: Toxic Spikes|[of] p2a: Slowking\n|move|p1a: Cacturne|Toxic Spikes|p2a: Slowking\n|-sidestart|p2: Abner67|move: Toxic Spikes\n|\n|upkeep\n|turn|12\n|\n|t:|1699733611\n|switch|p2a: Iron Treads|Iron Treads|66\/100\n|move|p1a: Cacturne|Leech Seed|p2a: Iron Treads\n|-start|p2a: Iron Treads|move: Leech Seed\n|\n|-heal|p2a: Iron Treads|72\/100|[from] item: Leftovers\n|-damage|p2a: Iron Treads|60\/100|[from] Leech Seed|[of] p1a: Cacturne\n|-heal|p1a: Cacturne|45\/100|[silent]\n|-sideend|p1: Mahendra501|Reflect\n|upkeep\n|turn|13\n|\n|t:|1699733621\n|move|p2a: Iron Treads|Rapid Spin|p1a: Cacturne\n|-damage|p1a: Cacturne|25\/100\n|-boost|p2a: Iron Treads|spe|1\n|-end|p2a: Iron Treads|Leech Seed|[from] move: Rapid Spin|[of] p2a: Iron Treads\n|-sideend|p2: Abner67|Toxic Spikes|[from] move: Rapid Spin|[of] p2a: Iron Treads\n|move|p1a: Cacturne|Toxic Spikes|p2a: Iron Treads\n|-sidestart|p2: Abner67|move: Toxic Spikes\n|\n|-heal|p2a: Iron Treads|66\/100|[from] item: Leftovers\n|upkeep\n|turn|14\n|\n|t:|1699733635\n|switch|p1a: Banette|Banette, M|16\/100\n|-damage|p1a: Banette|4\/100|[from] Stealth Rock\n|-item|p2a: Iron Treads|Leftovers|[from] ability: Frisk|[of] p1a: Banette|[identify]\n|move|p2a: Iron Treads|Earthquake|p1a: Banette\n|-damage|p1a: Banette|0 fnt\n|faint|p1a: Banette\n|\n|-heal|p2a: Iron Treads|72\/100|[from] item: Leftovers\n|upkeep\n|\n|t:|1699733648\n|switch|p1a: Infernape|Infernape, F|100\/100\n|-damage|p1a: Infernape|88\/100|[from] Stealth Rock\n|turn|15\n|\n|t:|1699733656\n|-terastallize|p1a: Infernape|Fire\n|move|p2a: Iron Treads|Volt Switch|p1a: Infernape\n|-damage|p1a: Infernape|70\/100\n|\n|t:|1699733660\n|-end|p2a: Iron Treads|Quark Drive|[silent]\n|switch|p2a: Slowking|Slowking-Galar, F|100\/100|[from] Volt Switch\n|-sideend|p2: Abner67|move: Toxic Spikes|[of] p2a: Slowking\n|move|p1a: Infernape|Fire Punch|p2a: Slowking\n|-damage|p2a: Slowking|58\/100\n|\n|upkeep\n|turn|16\n|\n|t:|1699733674\n|move|p1a: Infernape|Fire Punch|p2a: Slowking\n|-damage|p2a: Slowking|14\/100\n|move|p2a: Slowking|Chilly Reception|p2a: Slowking\n|-weather|Snow\n|\n|t:|1699733682\n|switch|p2a: Ogerpon|Ogerpon-Wellspring, F|95\/100 brn|[from] Chilly Reception\n|\n|-weather|Snow|[upkeep]\n|-damage|p2a: Ogerpon|89\/100 brn|[from] brn\n|upkeep\n|turn|17\n|\n|t:|1699733692\n|move|p2a: Ogerpon|Ivy Cudgel|p1a: Infernape\n|-supereffective|p1a: Infernape\n|-damage|p1a: Infernape|0 fnt\n|faint|p1a: Infernape\n|\n|-weather|Snow|[upkeep]\n|-damage|p2a: Ogerpon|83\/100 brn|[from] brn\n|upkeep\n|\n|t:|1699733701\n|switch|p1a: Cacturne|Cacturne, F|25\/100\n|-damage|p1a: Cacturne|12\/100|[from] Stealth Rock\n|turn|18\n|\n|t:|1699733705\n|move|p1a: Cacturne|Sucker Punch|p2a: Ogerpon\n|-damage|p2a: Ogerpon|46\/100 brn\n|move|p2a: Ogerpon|U-turn|p1a: Cacturne\n|-supereffective|p1a: Cacturne\n|-damage|p1a: Cacturne|0 fnt\n|faint|p1a: Cacturne\n|\n|t:|1699733716\n|switch|p2a: Slowking|Slowking-Galar, F|47\/100|[from] U-turn\n|\n|-weather|Snow|[upkeep]\n|upkeep\n|\n|t:|1699733722\n|switch|p1a: Goodra|Goodra-Hisui, F|92\/100\n|-damage|p1a: Goodra|86\/100|[from] Stealth Rock\n|turn|19\n|\n|t:|1699733727\n|move|p1a: Goodra|Gyro Ball|p2a: Slowking\n|-damage|p2a: Slowking|42\/100\n|move|p2a: Slowking|Thunder Wave|p1a: Goodra\n|-status|p1a: Goodra|par\n|\n|-weather|Snow|[upkeep]\n|upkeep\n|turn|20\n|\n|t:|1699733738\n|switch|p2a: Orthworm|Orthworm, F|2\/100\n|move|p1a: Goodra|Earthquake|p2a: Orthworm\n|-heal|p2a: Orthworm|27\/100|[from] ability: Earth Eater|[of] p1a: Goodra\n|\n|-weather|none\n|upkeep\n|turn|21\n|\n|t:|1699733746\n|move|p2a: Orthworm|Coil|p2a: Orthworm\n|-boost|p2a: Orthworm|atk|1\n|-boost|p2a: Orthworm|def|1\n|-boost|p2a: Orthworm|accuracy|1\n|cant|p1a: Goodra|par\n|\n|upkeep\n|turn|22\n|\n|t:|1699733752\n|move|p2a: Orthworm|Body Press|p1a: Goodra\n|-supereffective|p1a: Goodra\n|-crit|p1a: Goodra\n|-damage|p1a: Goodra|0 fnt\n|faint|p1a: Goodra\n|\n|upkeep\n|\n|t:|1699733758\n|switch|p1a: Ursaluna|Ursaluna, F|100\/100\n|-damage|p1a: Ursaluna|94\/100|[from] Stealth Rock\n|turn|23\n|\n|t:|1699733762\n|move|p2a: Orthworm|Body Press|p1a: Ursaluna\n|-supereffective|p1a: Ursaluna\n|-damage|p1a: Ursaluna|41\/100\n|move|p1a: Ursaluna|Earthquake|p2a: Orthworm\n|-heal|p2a: Orthworm|52\/100|[from] ability: Earth Eater|[of] p1a: Ursaluna\n|\n|-status|p1a: Ursaluna|brn|[from] item: Flame Orb\n|upkeep\n|turn|24\n|\n|t:|1699733771\n|move|p2a: Orthworm|Body Press|p1a: Ursaluna\n|-supereffective|p1a: Ursaluna\n|-damage|p1a: Ursaluna|0 fnt\n|faint|p1a: Ursaluna\n|\n|win|Abner67\n|raw|Mahendra501's rating: 1030 &rarr; <strong>1019<\/strong><br \/>(-11 for losing)\n|raw|Abner67's rating: 1117 &rarr; <strong>1136<\/strong><br \/>(+19 for winning)\n|l|\u2606Mahendra501\n","uploadtime":1699733780,"views":15,"p1id":"mahendra501","p2id":"abner67","formatid":"gen9ou","rating":1019,"private":0,"password":""}