{"id":"gen9ou-1999789604","p1":"Skoomabangbang","p2":"Toinou2112","format":"[Gen 9] OU","log":"|j|\u2606Skoomabangbang\n|j|\u2606Toinou2112\n|t:|1701116875\n|gametype|singles\n|player|p1|Skoomabangbang|shadowtriad|\n|player|p2|Toinou2112|grimsley|\n|teamsize|p1|6\n|teamsize|p2|6\n|gen|9\n|tier|[Gen 9] OU\n|rule|Sleep Clause Mod: Limit one foe put to sleep\n|rule|Species Clause: Limit one of each Pok\u00e9mon\n|rule|OHKO Clause: OHKO moves are banned\n|rule|Evasion Items Clause: Evasion items are banned\n|rule|Evasion Moves Clause: Evasion moves are banned\n|rule|Endless Battle Clause: Forcing endless battles is banned\n|rule|HP Percentage Mod: HP is shown in percentages\n|clearpoke\n|poke|p1|Dragapult, M|\n|poke|p1|Dragonite, M|\n|poke|p1|Walking Wake|\n|poke|p1|Garchomp, M|\n|poke|p1|Goodra-Hisui, M|\n|poke|p1|Regidrago|\n|poke|p2|Garchomp, M|\n|poke|p2|Kommo-o, F|\n|poke|p2|Dragapult, F|\n|poke|p2|Goodra-Hisui, M|\n|poke|p2|Hydreigon, M|\n|poke|p2|Walking Wake|\n|teampreview\n|\n|t:|1701116896\n|start\n|switch|p1a: Regidrago|Regidrago|100\/100\n|switch|p2a: Garchomp|Garchomp, M|100\/100\n|turn|1\n|\n|t:|1701116911\n|move|p1a: Regidrago|Dragon Energy|p2a: Garchomp\n|-supereffective|p2a: Garchomp\n|-damage|p2a: Garchomp|0 fnt\n|faint|p2a: Garchomp\n|\n|upkeep\n|\n|t:|1701116916\n|switch|p2a: Dragapult|Dragapult, F|100\/100\n|turn|2\n|\n|t:|1701116929\n|-terastallize|p2a: Dragapult|Fairy\n|move|p1a: Regidrago|Dragon Energy|p2a: Dragapult\n|-immune|p2a: Dragapult\n|move|p2a: Dragapult|Draco Meteor|p1a: Regidrago\n|-supereffective|p1a: Regidrago\n|-damage|p1a: Regidrago|0 fnt\n|-unboost|p2a: Dragapult|spa|2\n|faint|p1a: Regidrago\n|\n|upkeep\n|\n|t:|1701116946\n|switch|p1a: Goodra|Goodra-Hisui, M|100\/100\n|turn|3\n|\n|t:|1701116959\n|switch|p2a: Walking Wake|Walking Wake|100\/100\n|move|p1a: Goodra|Mud Shot|p2a: Walking Wake\n|-damage|p2a: Walking Wake|80\/100\n|-unboost|p2a: Walking Wake|spe|1\n|\n|upkeep\n|turn|4\n|\n|t:|1701116972\n|-end|p2a: Walking Wake|Protosynthesis|[silent]\n|switch|p2a: Goodra|Goodra-Hisui, M|100\/100\n|move|p1a: Goodra|Dragon Pulse|p2a: Goodra\n|-damage|p2a: Goodra|79\/100\n|\n|upkeep\n|turn|5\n|\n|t:|1701116983\n|move|p2a: Goodra|Acid Armor|p2a: Goodra\n|-boost|p2a: Goodra|def|2\n|move|p1a: Goodra|Dragon Pulse|p2a: Goodra\n|-damage|p2a: Goodra|56\/100\n|\n|upkeep\n|turn|6\n|\n|t:|1701116995\n|move|p2a: Goodra|Body Press|p1a: Goodra\n|-supereffective|p1a: Goodra\n|-damage|p1a: Goodra|34\/100\n|move|p1a: Goodra|Dragon Pulse|p2a: Goodra\n|-damage|p2a: Goodra|36\/100\n|\n|upkeep\n|turn|7\n|\n|t:|1701117015\n|switch|p1a: Garchomp|Garchomp, M, shiny|100\/100\n|move|p2a: Goodra|Body Press|p1a: Garchomp\n|-damage|p1a: Garchomp|77\/100\n|-damage|p2a: Goodra|23\/100|[from] ability: Rough Skin|[of] p1a: Garchomp\n|-damage|p2a: Goodra|7\/100|[from] item: Rocky Helmet|[of] p1a: Garchomp\n|\n|upkeep\n|turn|8\n|\n|t:|1701117029\n|switch|p2a: Dragapult|Dragapult, F, tera:Fairy|100\/100\n|move|p1a: Garchomp|Stealth Rock|p2a: Dragapult\n|-sidestart|p2: Toinou2112|move: Stealth Rock\n|\n|upkeep\n|turn|9\n|\n|t:|1701117039\n|-terastallize|p1a: Garchomp|Steel\n|move|p2a: Dragapult|Draco Meteor|p1a: Garchomp\n|-resisted|p1a: Garchomp\n|-damage|p1a: Garchomp|39\/100\n|-unboost|p2a: Dragapult|spa|2\n|move|p1a: Garchomp|Iron Head|p2a: Dragapult\n|-supereffective|p2a: Dragapult\n|-damage|p2a: Dragapult|6\/100\n|\n|upkeep\n|turn|10\n|\n|t:|1701117057\n|move|p2a: Dragapult|Draco Meteor|p1a: Garchomp\n|-resisted|p1a: Garchomp\n|-damage|p1a: Garchomp|19\/100\n|-unboost|p2a: Dragapult|spa|2\n|move|p1a: Garchomp|Iron Head|p2a: Dragapult\n|-supereffective|p2a: Dragapult\n|-damage|p2a: Dragapult|0 fnt\n|faint|p2a: Dragapult\n|\n|upkeep\n|\n|t:|1701117068\n|switch|p2a: Kommo-o|Kommo-o, F|100\/100\n|-damage|p2a: Kommo-o|94\/100|[from] Stealth Rock\n|turn|11\n|\n|t:|1701117074\n|move|p2a: Kommo-o|Clangorous Soul|p2a: Kommo-o\n|-boost|p2a: Kommo-o|atk|1\n|-boost|p2a: Kommo-o|def|1\n|-boost|p2a: Kommo-o|spa|1\n|-boost|p2a: Kommo-o|spd|1\n|-boost|p2a: Kommo-o|spe|1\n|-damage|p2a: Kommo-o|61\/100\n|-enditem|p2a: Kommo-o|Throat Spray\n|-boost|p2a: Kommo-o|spa|1|[from] item: Throat Spray\n|move|p1a: Garchomp|Dragon Claw|p2a: Kommo-o\n|-supereffective|p2a: Kommo-o\n|-damage|p2a: Kommo-o|13\/100\n|\n|upkeep\n|turn|12\n|\n|t:|1701117089\n|move|p2a: Kommo-o|Vacuum Wave|p1a: Garchomp\n|-supereffective|p1a: Garchomp\n|-damage|p1a: Garchomp|0 fnt\n|faint|p1a: Garchomp\n|\n|upkeep\n|\n|t:|1701117098\n|switch|p1a: Dragonite|Dragonite, M, shiny|100\/100\n|turn|13\n|\n|t:|1701117102\n|move|p1a: Dragonite|Extreme Speed|p2a: Kommo-o\n|-damage|p2a: Kommo-o|0 fnt\n|faint|p2a: Kommo-o\n|\n|upkeep\n|\n|t:|1701117109\n|switch|p2a: Walking Wake|Walking Wake|80\/100\n|-damage|p2a: Walking Wake|68\/100|[from] Stealth Rock\n|turn|14\n|\n|t:|1701117114\n|move|p1a: Dragonite|Extreme Speed|p2a: Walking Wake\n|-damage|p2a: Walking Wake|15\/100\n|move|p2a: Walking Wake|Draco Meteor|p1a: Dragonite\n|-supereffective|p1a: Dragonite\n|-damage|p1a: Dragonite|44\/100\n|-unboost|p2a: Walking Wake|spa|2\n|\n|upkeep\n|turn|15\n|\n|t:|1701117124\n|move|p1a: Dragonite|Extreme Speed|p2a: Walking Wake\n|-damage|p2a: Walking Wake|0 fnt\n|faint|p2a: Walking Wake\n|-end|p2a: Walking Wake|Protosynthesis|[silent]\n|\n|upkeep\n|\n|t:|1701117129\n|switch|p2a: Hydreigon|Hydreigon, M|100\/100\n|-damage|p2a: Hydreigon|88\/100|[from] Stealth Rock\n|turn|16\n|\n|t:|1701117141\n|move|p1a: Dragonite|Extreme Speed|p2a: Hydreigon\n|-damage|p2a: Hydreigon|30\/100\n|move|p2a: Hydreigon|Substitute|p2a: Hydreigon\n|-start|p2a: Hydreigon|Substitute\n|-damage|p2a: Hydreigon|5\/100\n|\n|-heal|p2a: Hydreigon|11\/100|[from] item: Leftovers\n|upkeep\n|turn|17\n|\n|t:|1701117153\n|move|p1a: Dragonite|Extreme Speed|p2a: Hydreigon\n|-end|p2a: Hydreigon|Substitute\n|move|p2a: Hydreigon|Nasty Plot|p2a: Hydreigon\n|-boost|p2a: Hydreigon|spa|2\n|\n|-heal|p2a: Hydreigon|17\/100|[from] item: Leftovers\n|upkeep\n|turn|18\n|\n|t:|1701117162\n|move|p1a: Dragonite|Extreme Speed|p2a: Hydreigon\n|-damage|p2a: Hydreigon|0 fnt\n|faint|p2a: Hydreigon\n|\n|upkeep\n|\n|t:|1701117167\n|switch|p2a: Goodra|Goodra-Hisui, M|7\/100\n|-damage|p2a: Goodra|1\/100|[from] Stealth Rock\n|turn|19\n|\n|t:|1701117172\n|move|p1a: Dragonite|Extreme Speed|p2a: Goodra\n|-resisted|p2a: Goodra\n|-damage|p2a: Goodra|0 fnt\n|faint|p2a: Goodra\n|\n|win|Skoomabangbang\n","uploadtime":1701117182,"views":12,"p1id":"skoomabangbang","p2id":"toinou2112","formatid":"gen9ou","rating":0,"private":0,"password":""}