{"id":"gen9ou-1988936415","p1":"jacothaptrllr","p2":"Pokemonpadify","format":"[Gen 9] OU","log":"|j|\u2606jacothaptrllr\n|j|\u2606Pokemonpadify\n|t:|1699790916\n|gametype|singles\n|player|p1|jacothaptrllr|shadowtriad|1087\n|player|p2|Pokemonpadify|benga|1113\n|teamsize|p1|6\n|teamsize|p2|6\n|gen|9\n|tier|[Gen 9] OU\n|rated|\n|rule|Sleep Clause Mod: Limit one foe put to sleep\n|rule|Species Clause: Limit one of each Pok\u00e9mon\n|rule|OHKO Clause: OHKO moves are banned\n|rule|Evasion Items Clause: Evasion items are banned\n|rule|Evasion Moves Clause: Evasion moves are banned\n|rule|Endless Battle Clause: Forcing endless battles is banned\n|rule|HP Percentage Mod: HP is shown in percentages\n|clearpoke\n|poke|p1|Crawdaunt, F|\n|poke|p1|Cinderace, F|\n|poke|p1|Hawlucha, M|\n|poke|p1|Goodra-Hisui, M|\n|poke|p1|Corviknight, M|\n|poke|p1|Clefable, F|\n|poke|p2|Alomomola, F|\n|poke|p2|Slowking-Galar, F|\n|poke|p2|Kingambit, F|\n|poke|p2|Great Tusk|\n|poke|p2|Cinderace, F|\n|poke|p2|Thundurus-Therian, M|\n|teampreview\n|inactive|Battle timer is ON: inactive players will automatically lose when time's up. (requested by jacothaptrllr)\n|\n|t:|1699790923\n|start\n|switch|p1a: Crawdaunt|Crawdaunt, F|100\/100\n|switch|p2a: Rizz|Thundurus-Therian, M|100\/100\n|turn|1\n|\n|t:|1699790929\n|switch|p1a: Corviknight|Corviknight, M|100\/100\n|move|p2a: Rizz|Volt Switch|p1a: Corviknight\n|-supereffective|p1a: Corviknight\n|-damage|p1a: Corviknight|16\/100\n|\n|t:|1699790938\n|switch|p2a: W|Cinderace, F|100\/100|[from] Volt Switch\n|\n|upkeep\n|turn|2\n|\n|t:|1699790946\n|move|p2a: W|Pyro Ball|p1a: Corviknight\n|-supereffective|p1a: Corviknight\n|-damage|p1a: Corviknight|0 fnt\n|faint|p1a: Corviknight\n|\n|upkeep\n|\n|t:|1699790952\n|switch|p1a: Crawdaunt|Crawdaunt, F|100\/100\n|turn|3\n|\n|t:|1699790958\n|switch|p2a: Finna|Alomomola, F|100\/100\n|move|p1a: Crawdaunt|Knock Off|p2a: Finna\n|-damage|p2a: Finna|40\/100\n|-enditem|p2a: Finna|Red Card|[from] move: Knock Off|[of] p1a: Crawdaunt\n|\n|upkeep\n|turn|4\n|\n|t:|1699790979\n|move|p1a: Crawdaunt|Knock Off|p2a: Finna\n|-damage|p2a: Finna|0 fnt\n|faint|p2a: Finna\n|\n|upkeep\n|\n|t:|1699790987\n|switch|p2a: Rizz|Thundurus-Therian, M|100\/100\n|turn|5\n|\n|t:|1699790992\n|switch|p1a: Goodra|Goodra-Hisui, M|100\/100\n|-item|p1a: Goodra|Air Balloon\n|move|p2a: Rizz|Volt Switch|p1a: Goodra\n|-resisted|p1a: Goodra\n|-damage|p1a: Goodra|81\/100\n|-enditem|p1a: Goodra|Air Balloon\n|\n|t:|1699791000\n|switch|p2a: Bussin|Great Tusk|100\/100|[from] Volt Switch\n|\n|upkeep\n|turn|6\n|\n|t:|1699791006\n|-terastallize|p1a: Goodra|Flying\n|move|p2a: Bussin|Headlong Rush|p1a: Goodra\n|-immune|p1a: Goodra\n|move|p1a: Goodra|Ice Beam|p2a: Bussin\n|-supereffective|p2a: Bussin\n|-damage|p2a: Bussin|12\/100\n|\n|upkeep\n|turn|7\n|\n|t:|1699791018\n|move|p2a: Bussin|Ice Spinner|p1a: Goodra\n|-supereffective|p1a: Goodra\n|-damage|p1a: Goodra|26\/100\n|-ability|p1a: Goodra|Gooey\n|-unboost|p2a: Bussin|spe|1\n|move|p1a: Goodra|Ice Beam|p2a: Bussin\n|-supereffective|p2a: Bussin\n|-damage|p2a: Bussin|0 fnt\n|faint|p2a: Bussin\n|-end|p2a: Bussin|Protosynthesis|[silent]\n|\n|upkeep\n|\n|t:|1699791029\n|switch|p2a: Rizz|Thundurus-Therian, M|100\/100\n|turn|8\n|\n|t:|1699791036\n|move|p2a: Rizz|Volt Switch|p1a: Goodra\n|-supereffective|p1a: Goodra\n|-damage|p1a: Goodra|0 fnt\n|faint|p1a: Goodra\n|\n|t:|1699791042\n|switch|p2a: Slay|Kingambit, F|100\/100|[from] Volt Switch\n|-activate|p2a: Slay|ability: Supreme Overlord\n|-start|p2a: Slay|fallen2|[silent]\n|\n|upkeep\n|\n|t:|1699791047\n|switch|p1a: Hawlucha|Hawlucha, M|100\/100\n|turn|9\n|\n|t:|1699791052\n|-end|p2a: Slay|fallen2|[silent]\n|switch|p2a: Yas Queen|Slowking-Galar, F|100\/100\n|move|p1a: Hawlucha|Swords Dance|p1a: Hawlucha\n|-boost|p1a: Hawlucha|atk|2\n|\n|upkeep\n|turn|10\n|\n|t:|1699791065\n|switch|p1a: Crawdaunt|Crawdaunt, F|100\/100\n|move|p2a: Yas Queen|Future Sight|p1a: Crawdaunt\n|-start|p2a: Yas Queen|move: Future Sight\n|\n|upkeep\n|turn|11\n|\n|t:|1699791072\n|move|p1a: Crawdaunt|Knock Off|p2a: Yas Queen\n|-supereffective|p2a: Yas Queen\n|-damage|p2a: Yas Queen|0 fnt\n|-enditem|p2a: Yas Queen|Heavy-Duty Boots|[from] move: Knock Off|[of] p1a: Crawdaunt\n|faint|p2a: Yas Queen\n|\n|upkeep\n|\n|t:|1699791079\n|switch|p2a: Rizz|Thundurus-Therian, M|100\/100\n|turn|12\n|\n|t:|1699791091\n|switch|p1a: Clefable|Clefable, F|100\/100\n|move|p2a: Rizz|Volt Switch|p1a: Clefable\n|-damage|p1a: Clefable|45\/100\n|\n|t:|1699791099\n|switch|p2a: Slay|Kingambit, F|100\/100|[from] Volt Switch\n|-activate|p2a: Slay|ability: Supreme Overlord\n|-start|p2a: Slay|fallen3|[silent]\n|\n|-end|p1a: Clefable|move: Future Sight\n|-damage|p1a: Clefable|3\/100\n|upkeep\n|turn|13\n|\n|t:|1699791112\n|switch|p1a: Hawlucha|Hawlucha, M|100\/100\n|move|p2a: Slay|Swords Dance|p2a: Slay\n|-boost|p2a: Slay|atk|2\n|-enditem|p1a: Hawlucha|Mirror Herb\n|-boost|p1a: Hawlucha|atk|2|[from] item: Mirror Herb\n|\n|upkeep\n|turn|14\n|\n|t:|1699791134\n|-terastallize|p2a: Slay|Flying\n|move|p1a: Hawlucha|Encore|p2a: Slay\n|-start|p2a: Slay|Encore\n|move|p2a: Slay|Swords Dance|p2a: Slay\n|-boost|p2a: Slay|atk|2\n|\n|upkeep\n|turn|15\n|\n|t:|1699791145\n|-end|p2a: Slay|fallen3|[silent]\n|switch|p2a: Rizz|Thundurus-Therian, M|100\/100\n|move|p1a: Hawlucha|Acrobatics|p2a: Rizz\n|-resisted|p2a: Rizz\n|-damage|p2a: Rizz|42\/100\n|\n|upkeep\n|turn|16\n|\n|t:|1699791154\n|move|p1a: Hawlucha|Acrobatics|p2a: Rizz\n|-resisted|p2a: Rizz\n|-damage|p2a: Rizz|0 fnt\n|faint|p2a: Rizz\n|\n|upkeep\n|\n|t:|1699791165\n|switch|p2a: W|Cinderace, F|100\/100\n|turn|17\n|\n|t:|1699791169\n|move|p1a: Hawlucha|Close Combat|p2a: W\n|-damage|p2a: W|0 fnt\n|-unboost|p1a: Hawlucha|def|1\n|-unboost|p1a: Hawlucha|spd|1\n|faint|p2a: W\n|\n|upkeep\n|\n|t:|1699791186\n|switch|p2a: Slay|Kingambit, F, tera:Flying|100\/100\n|-activate|p2a: Slay|ability: Supreme Overlord\n|-start|p2a: Slay|fallen5|[silent]\n|turn|18\n|\n|t:|1699791193\n|move|p1a: Hawlucha|Acrobatics|p2a: Slay\n|-damage|p2a: Slay|44\/100\n|move|p2a: Slay|Kowtow Cleave|p1a: Hawlucha\n|-resisted|p1a: Hawlucha\n|-damage|p1a: Hawlucha|25\/100\n|\n|-heal|p2a: Slay|50\/100|[from] item: Leftovers\n|upkeep\n|turn|19\n|\n|t:|1699791204\n|move|p2a: Slay|Sucker Punch||[still]\n|-fail|p2a: Slay\n|move|p1a: Hawlucha|Swords Dance|p1a: Hawlucha\n|-boost|p1a: Hawlucha|atk|2\n|\n|-heal|p2a: Slay|56\/100|[from] item: Leftovers\n|upkeep\n|turn|20\n|\n|t:|1699791212\n|move|p2a: Slay|Sucker Punch||[still]\n|-fail|p2a: Slay\n|move|p1a: Hawlucha|Encore|p2a: Slay\n|-start|p2a: Slay|Encore\n|\n|-heal|p2a: Slay|62\/100|[from] item: Leftovers\n|upkeep\n|turn|21\n|\n|t:|1699791220\n|move|p2a: Slay|Sucker Punch||[still]\n|-fail|p2a: Slay\n|move|p1a: Hawlucha|Swords Dance|p1a: Hawlucha\n|-boost|p1a: Hawlucha|atk|2\n|\n|-heal|p2a: Slay|69\/100|[from] item: Leftovers\n|upkeep\n|turn|22\n|\n|t:|1699791228\n|move|p2a: Slay|Sucker Punch||[still]\n|-fail|p2a: Slay\n|move|p1a: Hawlucha|Swords Dance|p1a: Hawlucha\n|-boost|p1a: Hawlucha|atk|0\n|\n|-heal|p2a: Slay|75\/100|[from] item: Leftovers\n|upkeep\n|turn|23\n|\n|t:|1699791237\n|move|p2a: Slay|Sucker Punch||[still]\n|-fail|p2a: Slay\n|move|p1a: Hawlucha|Swords Dance|p1a: Hawlucha\n|-boost|p1a: Hawlucha|atk|0\n|\n|-heal|p2a: Slay|81\/100|[from] item: Leftovers\n|-end|p2a: Slay|Encore\n|upkeep\n|turn|24\n|\n|t:|1699791247\n|move|p1a: Hawlucha|Encore|p2a: Slay\n|-start|p2a: Slay|Encore\n|move|p2a: Slay|Sucker Punch||[still]\n|-fail|p2a: Slay\n|\n|-heal|p2a: Slay|87\/100|[from] item: Leftovers\n|upkeep\n|turn|25\n|\n|t:|1699791255\n|move|p2a: Slay|Sucker Punch||[still]\n|-fail|p2a: Slay\n|move|p1a: Hawlucha|Swords Dance|p1a: Hawlucha\n|-boost|p1a: Hawlucha|atk|0\n|\n|-heal|p2a: Slay|94\/100|[from] item: Leftovers\n|upkeep\n|turn|26\n|c|\u2606Pokemonpadify|Saty noob\n|\n|t:|1699791267\n|move|p2a: Slay|Sucker Punch||[still]\n|-fail|p2a: Slay\n|move|p1a: Hawlucha|Swords Dance|p1a: Hawlucha\n|-boost|p1a: Hawlucha|atk|0\n|\n|-heal|p2a: Slay|99\/100|[from] item: Leftovers\n|-end|p2a: Slay|Encore\n|upkeep\n|turn|27\n|c|\u2606Pokemonpadify|Have ever played a good game\n|\n|t:|1699791283\n|move|p1a: Hawlucha|Acrobatics|p2a: Slay\n|-damage|p2a: Slay|0 fnt\n|faint|p2a: Slay\n|-end|p2a: Slay|fallen5|[silent]\n|\n|win|jacothaptrllr\n|raw|jacothaptrllr's rating: 1087 &rarr; <strong>1116<\/strong><br \/>(+29 for winning)\n|raw|Pokemonpadify's rating: 1113 &rarr; <strong>1086<\/strong><br \/>(-27 for losing)\n|l|\u2606Pokemonpadify\n|c|\u2606jacothaptrllr|ggwp\n","uploadtime":1699791295,"views":8,"p1id":"jacothaptrllr","p2id":"pokemonpadify","formatid":"gen9ou","rating":1086,"private":0,"password":""}