{"id":"gen9ou-2000577866","p1":"xcxcxxcxc","p2":"Kevinbassonon","format":"[Gen 9] OU","log":"|j|\u2606xcxcxxcxc\n|j|\u2606Kevinbassonon\n|t:|1701207027\n|gametype|singles\n|player|p1|xcxcxxcxc|lucas|1483\n|player|p2|Kevinbassonon|1|1560\n|teamsize|p1|6\n|teamsize|p2|6\n|gen|9\n|tier|[Gen 9] OU\n|rated|\n|rule|Sleep Clause Mod: Limit one foe put to sleep\n|rule|Species Clause: Limit one of each Pok\u00e9mon\n|rule|OHKO Clause: OHKO moves are banned\n|rule|Evasion Items Clause: Evasion items are banned\n|rule|Evasion Moves Clause: Evasion moves are banned\n|rule|Endless Battle Clause: Forcing endless battles is banned\n|rule|HP Percentage Mod: HP is shown in percentages\n|clearpoke\n|poke|p1|Kommo-o, M|\n|poke|p1|Bellibolt, M|\n|poke|p1|Azumarill, F|\n|poke|p1|Weezing-Galar, F|\n|poke|p1|Kingambit, M|\n|poke|p1|Corviknight, F|\n|poke|p2|Iron Valiant|\n|poke|p2|Zamazenta-*|\n|poke|p2|Zapdos|\n|poke|p2|Cinderace, F|\n|poke|p2|Landorus-Therian, M|\n|poke|p2|Azumarill, F|\n|teampreview\n|\n|t:|1701207033\n|start\n|switch|p1a: Azumarill|Azumarill, F|100\/100\n|switch|p2a: Alfred|Zapdos|100\/100\n|turn|1\n|\n|t:|1701207036\n|switch|p1a: Bellibolt|Bellibolt, M|100\/100\n|move|p2a: Alfred|Thunderbolt|p1a: Bellibolt\n|-resisted|p1a: Bellibolt\n|-damage|p1a: Bellibolt|79\/100\n|-start|p1a: Bellibolt|Charge|Thunderbolt|[from] ability: Electromorphosis\n|\n|-heal|p1a: Bellibolt|85\/100|[from] item: Leftovers\n|upkeep\n|turn|2\n|\n|t:|1701207040\n|move|p2a: Alfred|Hurricane|p1a: Bellibolt|[miss]\n|-miss|p2a: Alfred|p1a: Bellibolt\n|move|p1a: Bellibolt|Toxic|p2a: Alfred\n|-status|p2a: Alfred|tox\n|\n|-heal|p1a: Bellibolt|91\/100|[from] item: Leftovers\n|-damage|p2a: Alfred|94\/100 tox|[from] psn\n|upkeep\n|turn|3\n|\n|t:|1701207042\n|move|p2a: Alfred|Roost|p2a: Alfred\n|-heal|p2a: Alfred|100\/100 tox\n|-singleturn|p2a: Alfred|move: Roost\n|move|p1a: Bellibolt|Toxic|p2a: Alfred\n|-fail|p2a: Alfred|tox\n|\n|-heal|p1a: Bellibolt|98\/100|[from] item: Leftovers\n|-damage|p2a: Alfred|88\/100 tox|[from] psn\n|upkeep\n|turn|4\n|\n|t:|1701207044\n|move|p2a: Alfred|Volt Switch|p1a: Bellibolt\n|-resisted|p1a: Bellibolt\n|-damage|p1a: Bellibolt|81\/100\n|-start|p1a: Bellibolt|Charge|Volt Switch|[from] ability: Electromorphosis\n|\n|t:|1701207047\n|switch|p2a: Aslan|Landorus-Therian, M|100\/100|[from] Volt Switch\n|-ability|p2a: Aslan|Intimidate|boost\n|-unboost|p1a: Bellibolt|atk|1\n|move|p1a: Bellibolt|Toxic|p2a: Aslan\n|-status|p2a: Aslan|tox\n|\n|-heal|p1a: Bellibolt|87\/100|[from] item: Leftovers\n|-damage|p2a: Aslan|94\/100 tox|[from] psn\n|upkeep\n|turn|5\n|\n|t:|1701207050\n|switch|p1a: Corviknight|Corviknight, F|100\/100\n|-ability|p1a: Corviknight|Pressure\n|move|p2a: Aslan|U-turn|p1a: Corviknight\n|-resisted|p1a: Corviknight\n|-damage|p1a: Corviknight|96\/100\n|\n|t:|1701207052\n|switch|p2a: Rekkit|Cinderace, F|100\/100|[from] U-turn\n|\n|upkeep\n|turn|6\n|\n|t:|1701207055\n|switch|p1a: Kommo-o|Kommo-o, M|100\/100\n|move|p2a: Rekkit|U-turn|p1a: Kommo-o\n|-resisted|p1a: Kommo-o\n|-damage|p1a: Kommo-o|91\/100\n|\n|t:|1701207057\n|switch|p2a: Iron Valiant|Iron Valiant|100\/100|[from] U-turn\n|-enditem|p2a: Iron Valiant|Booster Energy\n|-activate|p2a: Iron Valiant|ability: Quark Drive|[fromitem]\n|-start|p2a: Iron Valiant|quarkdrivespe\n|\n|-heal|p1a: Kommo-o|97\/100|[from] item: Leftovers\n|upkeep\n|turn|7\n|\n|t:|1701207060\n|switch|p1a: Weezing|Weezing-Galar, F|100\/100\n|-fieldstart|move: Misty Terrain|[from] ability: Misty Surge|[of] p1a: Weezing\n|move|p2a: Iron Valiant|Moonblast|p1a: Weezing\n|-resisted|p1a: Weezing\n|-damage|p1a: Weezing|74\/100\n|-unboost|p1a: Weezing|spa|1\n|\n|-heal|p1a: Weezing|80\/100|[from] item: Leftovers\n|upkeep\n|turn|8\n|\n|t:|1701207066\n|switch|p1a: Bellibolt|Bellibolt, M|87\/100\n|move|p2a: Iron Valiant|Psyshock|p1a: Bellibolt\n|-damage|p1a: Bellibolt|71\/100\n|-start|p1a: Bellibolt|Charge|Psyshock|[from] ability: Electromorphosis\n|\n|-heal|p1a: Bellibolt|77\/100|[from] item: Leftovers\n|upkeep\n|turn|9\n|\n|t:|1701207071\n|move|p2a: Iron Valiant|Moonblast|p1a: Bellibolt\n|-damage|p1a: Bellibolt|32\/100\n|-start|p1a: Bellibolt|Charge|Moonblast|[from] ability: Electromorphosis\n|move|p1a: Bellibolt|Slack Off|p1a: Bellibolt\n|-heal|p1a: Bellibolt|82\/100\n|\n|-heal|p1a: Bellibolt|88\/100|[from] item: Leftovers\n|upkeep\n|turn|10\n|\n|t:|1701207076\n|-end|p2a: Iron Valiant|Quark Drive|[silent]\n|switch|p2a: Bob|Azumarill, F|100\/100\n|move|p1a: Bellibolt|Light Screen|p1a: Bellibolt\n|-sidestart|p1: xcxcxxcxc|move: Light Screen\n|\n|-heal|p1a: Bellibolt|94\/100|[from] item: Leftovers\n|upkeep\n|turn|11\n|\n|t:|1701207079\n|move|p2a: Bob|Ice Spinner|p1a: Bellibolt\n|-damage|p1a: Bellibolt|74\/100\n|-start|p1a: Bellibolt|Charge|Ice Spinner|[from] ability: Electromorphosis\n|-fieldend|Misty Terrain\n|move|p1a: Bellibolt|Parabolic Charge|p2a: Bob\n|-supereffective|p2a: Bob\n|-damage|p2a: Bob|35\/100\n|-heal|p1a: Bellibolt|100\/100|[from] drain|[of] p2a: Bob\n|-end|p1a: Bellibolt|Charge|[silent]\n|\n|upkeep\n|turn|12\n|\n|t:|1701207084\n|switch|p2a: Rekkit|Cinderace, F|100\/100\n|switch|p1a: Azumarill|Azumarill, F|100\/100\n|\n|upkeep\n|turn|13\n|\n|t:|1701207087\n|move|p2a: Rekkit|Court Change|p2a: Rekkit\n|-swapsideconditions\n|-activate|p2a: Rekkit|move: Court Change\n|move|p1a: Azumarill|Liquidation|p2a: Rekkit\n|-supereffective|p2a: Rekkit\n|-damage|p2a: Rekkit|0 fnt\n|faint|p2a: Rekkit\n|\n|upkeep\n|\n|t:|1701207095\n|switch|p2a: Iron Valiant|Iron Valiant|100\/100\n|turn|14\n|\n|t:|1701207097\n|move|p2a: Iron Valiant|Thunderbolt|p1a: Azumarill\n|-supereffective|p1a: Azumarill\n|-damage|p1a: Azumarill|26\/100\n|move|p1a: Azumarill|Liquidation|p2a: Iron Valiant\n|-damage|p2a: Iron Valiant|2\/100\n|\n|-sideend|p2: Kevinbassonon|move: Light Screen\n|upkeep\n|turn|15\n|\n|t:|1701207101\n|switch|p1a: Weezing|Weezing-Galar, F|80\/100\n|-fieldstart|move: Misty Terrain|[from] ability: Misty Surge|[of] p1a: Weezing\n|move|p2a: Iron Valiant|Thunderbolt|p1a: Weezing\n|-damage|p1a: Weezing|43\/100\n|\n|-heal|p1a: Weezing|49\/100|[from] item: Leftovers\n|upkeep\n|turn|16\n|\n|t:|1701207104\n|move|p1a: Weezing|Protect|p1a: Weezing\n|-singleturn|p1a: Weezing|Protect\n|move|p2a: Iron Valiant|Psyshock|p1a: Weezing\n|-activate|p1a: Weezing|move: Protect\n|\n|-heal|p1a: Weezing|55\/100|[from] item: Leftovers\n|upkeep\n|turn|17\n|\n|t:|1701207109\n|switch|p1a: Bellibolt|Bellibolt, M|100\/100\n|move|p2a: Iron Valiant|Psyshock|p1a: Bellibolt\n|-damage|p1a: Bellibolt|86\/100\n|-start|p1a: Bellibolt|Charge|Psyshock|[from] ability: Electromorphosis\n|\n|-heal|p1a: Bellibolt|92\/100|[from] item: Leftovers\n|upkeep\n|turn|18\n|\n|t:|1701207112\n|move|p2a: Iron Valiant|Moonblast|p1a: Bellibolt\n|-damage|p1a: Bellibolt|44\/100\n|-unboost|p1a: Bellibolt|spa|1\n|-start|p1a: Bellibolt|Charge|Moonblast|[from] ability: Electromorphosis\n|move|p1a: Bellibolt|Light Screen|p1a: Bellibolt\n|-sidestart|p1: xcxcxxcxc|move: Light Screen\n|\n|-heal|p1a: Bellibolt|50\/100|[from] item: Leftovers\n|upkeep\n|turn|19\n|\n|t:|1701207115\n|move|p2a: Iron Valiant|Moonblast|p1a: Bellibolt\n|-damage|p1a: Bellibolt|27\/100\n|-start|p1a: Bellibolt|Charge|Moonblast|[from] ability: Electromorphosis\n|move|p1a: Bellibolt|Slack Off|p1a: Bellibolt\n|-heal|p1a: Bellibolt|77\/100\n|\n|-heal|p1a: Bellibolt|83\/100|[from] item: Leftovers\n|-fieldend|Misty Terrain\n|upkeep\n|turn|20\n|\n|t:|1701207118\n|move|p2a: Iron Valiant|Moonblast|p1a: Bellibolt\n|-damage|p1a: Bellibolt|59\/100\n|-start|p1a: Bellibolt|Charge|Moonblast|[from] ability: Electromorphosis\n|move|p1a: Bellibolt|Parabolic Charge|p2a: Iron Valiant\n|-damage|p2a: Iron Valiant|0 fnt\n|-heal|p1a: Bellibolt|60\/100|[from] drain|[of] p2a: Iron Valiant\n|faint|p2a: Iron Valiant\n|-end|p2a: Iron Valiant|Quark Drive|[silent]\n|-end|p1a: Bellibolt|Charge|[silent]\n|\n|-heal|p1a: Bellibolt|66\/100|[from] item: Leftovers\n|upkeep\n|\n|t:|1701207120\n|switch|p2a: Aslan|Landorus-Therian, M|94\/100 tox\n|-ability|p2a: Aslan|Intimidate|boost\n|-unboost|p1a: Bellibolt|atk|1\n|turn|21\n|\n|t:|1701207123\n|switch|p1a: Corviknight|Corviknight, F|96\/100\n|-ability|p1a: Corviknight|Pressure\n|move|p2a: Aslan|U-turn|p1a: Corviknight\n|-resisted|p1a: Corviknight\n|-damage|p1a: Corviknight|92\/100\n|\n|t:|1701207125\n|switch|p2a: Alfred|Zapdos|88\/100 tox|[from] U-turn\n|\n|-damage|p2a: Alfred|82\/100 tox|[from] psn\n|upkeep\n|turn|22\n|\n|t:|1701207130\n|switch|p1a: Bellibolt|Bellibolt, M|66\/100\n|move|p2a: Alfred|Volt Switch|p1a: Bellibolt\n|-resisted|p1a: Bellibolt\n|-damage|p1a: Bellibolt|58\/100\n|-start|p1a: Bellibolt|Charge|Volt Switch|[from] ability: Electromorphosis\n|\n|t:|1701207131\n|switch|p2a: Aslan|Landorus-Therian, M|94\/100 tox|[from] Volt Switch\n|-ability|p2a: Aslan|Intimidate|boost\n|-unboost|p1a: Bellibolt|atk|1\n|\n|-heal|p1a: Bellibolt|64\/100|[from] item: Leftovers\n|-damage|p2a: Aslan|88\/100 tox|[from] psn\n|-sideend|p1: xcxcxxcxc|move: Light Screen\n|upkeep\n|turn|23\n|\n|t:|1701207134\n|switch|p1a: Corviknight|Corviknight, F|92\/100\n|-ability|p1a: Corviknight|Pressure\n|move|p2a: Aslan|Earthquake|p1a: Corviknight\n|-immune|p1a: Corviknight\n|\n|-damage|p2a: Aslan|76\/100 tox|[from] psn\n|upkeep\n|turn|24\n|\n|t:|1701207138\n|switch|p1a: Weezing|Weezing-Galar, F|55\/100\n|-fieldstart|move: Misty Terrain|[from] ability: Misty Surge|[of] p1a: Weezing\n|move|p2a: Aslan|Stealth Rock|p1a: Weezing\n|-sidestart|p1: xcxcxxcxc|move: Stealth Rock\n|\n|-heal|p1a: Weezing|61\/100|[from] item: Leftovers\n|-damage|p2a: Aslan|58\/100 tox|[from] psn\n|upkeep\n|turn|25\n|\n|t:|1701207144\n|move|p1a: Weezing|Protect|p1a: Weezing\n|-singleturn|p1a: Weezing|Protect\n|move|p2a: Aslan|U-turn|p1a: Weezing\n|-activate|p1a: Weezing|move: Protect\n|\n|-heal|p1a: Weezing|67\/100|[from] item: Leftovers\n|-damage|p2a: Aslan|34\/100 tox|[from] psn\n|upkeep\n|turn|26\n|\n|t:|1701207148\n|move|p2a: Aslan|Earthquake|p1a: Weezing\n|-supereffective|p1a: Weezing\n|-damage|p1a: Weezing|4\/100\n|move|p1a: Weezing|Defog|p2a: Aslan\n|-unboost|p2a: Aslan|evasion|1\n|-sideend|p1: xcxcxxcxc|Stealth Rock|[from] move: Defog|[of] p1a: Weezing\n|-fieldend|Misty Terrain\n|\n|-heal|p1a: Weezing|10\/100|[from] item: Leftovers\n|-damage|p2a: Aslan|4\/100 tox|[from] psn\n|upkeep\n|turn|27\n|\n|t:|1701207152\n|move|p1a: Weezing|Protect|p1a: Weezing\n|-singleturn|p1a: Weezing|Protect\n|move|p2a: Aslan|Stealth Rock|p1a: Weezing\n|-sidestart|p1: xcxcxxcxc|move: Stealth Rock\n|\n|-heal|p1a: Weezing|16\/100|[from] item: Leftovers\n|-damage|p2a: Aslan|0 fnt|[from] psn\n|faint|p2a: Aslan\n|upkeep\n|\n|t:|1701207170\n|switch|p2a: Bob|Azumarill, F|35\/100\n|turn|28\n|\n|t:|1701207174\n|switch|p1a: Azumarill|Azumarill, F|26\/100\n|-damage|p1a: Azumarill|13\/100|[from] Stealth Rock\n|move|p2a: Bob|Aqua Jet|p1a: Azumarill\n|-resisted|p1a: Azumarill\n|-damage|p1a: Azumarill|0 fnt\n|faint|p1a: Azumarill\n|\n|upkeep\n|\n|t:|1701207177\n|switch|p1a: Kommo-o|Kommo-o, M|97\/100\n|-damage|p1a: Kommo-o|91\/100|[from] Stealth Rock\n|turn|29\n|\n|t:|1701207179\n|-terastallize|p1a: Kommo-o|Steel\n|move|p1a: Kommo-o|Clangorous Soul|p1a: Kommo-o\n|-boost|p1a: Kommo-o|atk|1\n|-boost|p1a: Kommo-o|def|1\n|-boost|p1a: Kommo-o|spa|1\n|-boost|p1a: Kommo-o|spd|1\n|-boost|p1a: Kommo-o|spe|1\n|-damage|p1a: Kommo-o|58\/100\n|move|p2a: Bob|Play Rough|p1a: Kommo-o\n|-resisted|p1a: Kommo-o\n|-damage|p1a: Kommo-o|42\/100\n|\n|-heal|p1a: Kommo-o|48\/100|[from] item: Leftovers\n|upkeep\n|turn|30\n|\n|t:|1701207183\n|move|p2a: Bob|Aqua Jet|p1a: Kommo-o\n|-damage|p1a: Kommo-o|34\/100\n|move|p1a: Kommo-o|Boomburst|p2a: Bob\n|-damage|p2a: Bob|4\/100\n|\n|-heal|p1a: Kommo-o|40\/100|[from] item: Leftovers\n|upkeep\n|turn|31\n|\n|t:|1701207186\n|move|p2a: Bob|Aqua Jet|p1a: Kommo-o\n|-damage|p1a: Kommo-o|25\/100\n|move|p1a: Kommo-o|Drain Punch|p2a: Bob\n|-resisted|p2a: Bob\n|-damage|p2a: Bob|0 fnt\n|-heal|p1a: Kommo-o|27\/100|[from] drain|[of] p2a: Bob\n|faint|p2a: Bob\n|\n|-heal|p1a: Kommo-o|33\/100|[from] item: Leftovers\n|upkeep\n|\n|t:|1701207191\n|switch|p2a: Toto|Zamazenta|100\/100\n|-ability|p2a: Toto|Dauntless Shield|boost\n|-boost|p2a: Toto|def|1\n|turn|32\n|\n|t:|1701207194\n|move|p1a: Kommo-o|Boomburst|p2a: Toto\n|-damage|p2a: Toto|56\/100\n|move|p2a: Toto|Close Combat|p1a: Kommo-o\n|-supereffective|p1a: Kommo-o\n|-damage|p1a: Kommo-o|0 fnt\n|-unboost|p2a: Toto|def|1\n|-unboost|p2a: Toto|spd|1\n|faint|p1a: Kommo-o\n|\n|upkeep\n|\n|t:|1701207200\n|switch|p1a: Weezing|Weezing-Galar, F|16\/100\n|-damage|p1a: Weezing|4\/100|[from] Stealth Rock\n|-fieldstart|move: Misty Terrain|[from] ability: Misty Surge|[of] p1a: Weezing\n|turn|33\n|\n|t:|1701207210\n|move|p2a: Toto|Close Combat|p1a: Weezing\n|-resisted|p1a: Weezing\n|-damage|p1a: Weezing|0 fnt\n|-unboost|p2a: Toto|def|1\n|-unboost|p2a: Toto|spd|1\n|faint|p1a: Weezing\n|\n|upkeep\n|\n|t:|1701207213\n|switch|p1a: Corviknight|Corviknight, F|92\/100\n|-damage|p1a: Corviknight|80\/100|[from] Stealth Rock\n|-ability|p1a: Corviknight|Pressure\n|-enditem|p1a: Corviknight|Misty Seed\n|-boost|p1a: Corviknight|spd|1|[from] item: Misty Seed\n|turn|34\n|\n|t:|1701207217\n|switch|p2a: Alfred|Zapdos|82\/100 tox\n|move|p1a: Corviknight|Bulk Up|p1a: Corviknight\n|-boost|p1a: Corviknight|atk|1\n|-boost|p1a: Corviknight|def|1\n|\n|-damage|p2a: Alfred|76\/100 tox|[from] psn\n|upkeep\n|turn|35\n|\n|t:|1701207219\n|switch|p1a: Bellibolt|Bellibolt, M|64\/100\n|-damage|p1a: Bellibolt|52\/100|[from] Stealth Rock\n|move|p2a: Alfred|Thunderbolt|p1a: Bellibolt\n|-resisted|p1a: Bellibolt\n|-damage|p1a: Bellibolt|29\/100\n|-start|p1a: Bellibolt|Charge|Thunderbolt|[from] ability: Electromorphosis\n|\n|-heal|p1a: Bellibolt|35\/100|[from] item: Leftovers\n|-damage|p2a: Alfred|63\/100 tox|[from] psn\n|upkeep\n|turn|36\n|\n|t:|1701207234\n|switch|p2a: Toto|Zamazenta|56\/100\n|move|p1a: Bellibolt|Slack Off|p1a: Bellibolt\n|-heal|p1a: Bellibolt|85\/100\n|\n|-heal|p1a: Bellibolt|91\/100|[from] item: Leftovers\n|upkeep\n|turn|37\n|\n|t:|1701207237\n|-terastallize|p2a: Toto|Fighting\n|move|p2a: Toto|Close Combat|p1a: Bellibolt\n|-damage|p1a: Bellibolt|16\/100\n|-unboost|p2a: Toto|def|1\n|-unboost|p2a: Toto|spd|1\n|-start|p1a: Bellibolt|Charge|Close Combat|[from] ability: Electromorphosis\n|move|p1a: Bellibolt|Parabolic Charge|p2a: Toto\n|-damage|p2a: Toto|0 fnt\n|-heal|p1a: Bellibolt|37\/100|[from] drain|[of] p2a: Toto\n|faint|p2a: Toto\n|-end|p1a: Bellibolt|Charge|[silent]\n|\n|-heal|p1a: Bellibolt|43\/100|[from] item: Leftovers\n|-fieldend|Misty Terrain\n|upkeep\n|-message|Kevinbassonon forfeited.\n|\n|win|xcxcxxcxc\n|raw|xcxcxxcxc's rating: 1483 &rarr; <strong>1507<\/strong><br \/>(+24 for winning)\n|raw|Kevinbassonon's rating: 1560 &rarr; <strong>1536<\/strong><br \/>(-24 for losing)\n|l|\u2606Kevinbassonon\n|c|\u2606xcxcxxcxc|Belli.\n","uploadtime":1701207265,"views":5,"p1id":"xcxcxxcxc","p2id":"kevinbassonon","formatid":"gen9ou","rating":1507,"private":0,"password":""}