{"id":"gen9ou-1995105589","p1":"natvv","p2":"candy moment","format":"[Gen 9] OU","log":"|j|\u2606natvv\n|j|\u2606candy moment\n|t:|1700523154\n|gametype|singles\n|player|p1|natvv|169|1224\n|player|p2|candy moment|lusamine-nihilego|1195\n|teamsize|p1|6\n|teamsize|p2|6\n|gen|9\n|tier|[Gen 9] OU\n|rated|\n|rule|Sleep Clause Mod: Limit one foe put to sleep\n|rule|Species Clause: Limit one of each Pok\u00e9mon\n|rule|OHKO Clause: OHKO moves are banned\n|rule|Evasion Items Clause: Evasion items are banned\n|rule|Evasion Moves Clause: Evasion moves are banned\n|rule|Endless Battle Clause: Forcing endless battles is banned\n|rule|HP Percentage Mod: HP is shown in percentages\n|clearpoke\n|poke|p1|Ogerpon-Wellspring, F|\n|poke|p1|Iron Moth|\n|poke|p1|Great Tusk|\n|poke|p1|Dragapult, M|\n|poke|p1|Ninetales-Alola, M|\n|poke|p1|Thundurus-Therian, M|\n|poke|p2|Rillaboom, F|\n|poke|p2|Great Tusk|\n|poke|p2|Kingambit, M|\n|poke|p2|Zapdos|\n|poke|p2|Slowking-Galar, M|\n|poke|p2|Cinderace, M|\n|teampreview\n|j| cryaboutitE\n|j| AbrarS\n|j| SDK04\n|j| smartest ditto.\n|c|\u2606candy moment|oh shit\n|c|\u2606candy moment|ogerpon\n|c| cryaboutitE|Ruh roh raggy\n|c| smartest ditto.|opergon\n|\n|t:|1700523177\n|start\n|switch|p1a: Thundurus|Thundurus-Therian, M|100\/100\n|switch|p2a: Slowking|Slowking-Galar, M|100\/100\n|turn|1\n|c| AbrarS|bang bang gorilla\n|j| dropingadraco2\n|\n|t:|1700523185\n|move|p1a: Thundurus|Volt Switch|p2a: Slowking\n|-damage|p2a: Slowking|84\/100\n|\n|t:|1700523196\n|switch|p1a: Dragapult|Dragapult, M|100\/100|[from] Volt Switch\n|move|p2a: Slowking|Ice Beam|p1a: Dragapult\n|-supereffective|p1a: Dragapult\n|-damage|p1a: Dragapult|30\/100\n|\n|upkeep\n|turn|2\n|c| smartest ditto.|CMON T-THERIAN\n|c|\u2606candy moment|PEW\n|\n|t:|1700523211\n|move|p1a: Dragapult|U-turn|p2a: Slowking\n|-damage|p2a: Slowking|66\/100\n|c| smartest ditto.|what was that switch\n|\n|t:|1700523216\n|switch|p1a: Ninetales|Ninetales-Alola, M|100\/100|[from] U-turn\n|-weather|Snow|[from] ability: Snow Warning|[of] p1a: Ninetales\n|move|p2a: Slowking|Ice Beam|p1a: Ninetales\n|-resisted|p1a: Ninetales\n|-damage|p1a: Ninetales|87\/100\n|\n|-weather|Snow|[upkeep]\n|upkeep\n|turn|3\n|l| dropingadraco2\n|\n|t:|1700523222\n|move|p1a: Ninetales|Aurora Veil|p1a: Ninetales\n|-sidestart|p1: natvv|move: Aurora Veil\n|move|p2a: Slowking|Sludge Bomb|p1a: Ninetales\n|-supereffective|p1a: Ninetales\n|-damage|p1a: Ninetales|46\/100\n|\n|-weather|Snow|[upkeep]\n|upkeep\n|turn|4\n|c| cryaboutitE|Damn\n|c| smartest ditto.|nahhh dont tell me its turn spam\n|\n|t:|1700523231\n|switch|p1a: Great Tusk|Great Tusk|100\/100\n|-enditem|p1a: Great Tusk|Booster Energy\n|-activate|p1a: Great Tusk|ability: Protosynthesis|[fromitem]\n|-start|p1a: Great Tusk|protosynthesisspe\n|move|p2a: Slowking|Sludge Bomb|p1a: Great Tusk\n|-resisted|p1a: Great Tusk\n|-damage|p1a: Great Tusk|88\/100\n|-status|p1a: Great Tusk|psn\n|\n|-weather|Snow|[upkeep]\n|-damage|p1a: Great Tusk|75\/100 psn|[from] psn\n|upkeep\n|turn|5\n|\n|t:|1700523240\n|switch|p2a: Zapdos|Zapdos|100\/100\n|move|p1a: Great Tusk|Bulk Up|p1a: Great Tusk\n|-boost|p1a: Great Tusk|atk|1\n|-boost|p1a: Great Tusk|def|1\n|\n|-weather|Snow|[upkeep]\n|-damage|p1a: Great Tusk|63\/100 psn|[from] psn\n|upkeep\n|turn|6\n|\n|t:|1700523249\n|-end|p1a: Great Tusk|Protosynthesis|[silent]\n|switch|p1a: Ninetales|Ninetales-Alola, M|46\/100\n|move|p2a: Zapdos|Hurricane|p1a: Ninetales|[miss]\n|-miss|p2a: Zapdos|p1a: Ninetales\n|\n|-weather|none\n|upkeep\n|turn|7\n|\n|t:|1700523255\n|switch|p2a: Slowking|Slowking-Galar, M|99\/100\n|move|p1a: Ninetales|Freeze-Dry|p2a: Slowking\n|-damage|p2a: Slowking|91\/100\n|\n|upkeep\n|turn|8\n|\n|t:|1700523279\n|switch|p1a: Iron Moth|Iron Moth|100\/100\n|-enditem|p1a: Iron Moth|Booster Energy\n|-activate|p1a: Iron Moth|ability: Quark Drive|[fromitem]\n|-start|p1a: Iron Moth|quarkdrivespe\n|move|p2a: Slowking|Ice Beam|p1a: Iron Moth\n|-resisted|p1a: Iron Moth\n|-damage|p1a: Iron Moth|94\/100\n|\n|upkeep\n|turn|9\n|\n|t:|1700523298\n|switch|p2a: Great Tusk|Great Tusk|100\/100\n|move|p1a: Iron Moth|Fiery Dance|p2a: Great Tusk\n|-damage|p2a: Great Tusk|47\/100\n|-boost|p1a: Iron Moth|spa|1\n|\n|-heal|p2a: Great Tusk|54\/100|[from] item: Leftovers\n|upkeep\n|turn|10\n|\n|t:|1700523307\n|move|p1a: Iron Moth|Dazzling Gleam|p2a: Great Tusk\n|-supereffective|p2a: Great Tusk\n|-damage|p2a: Great Tusk|0 fnt\n|faint|p2a: Great Tusk\n|-end|p2a: Great Tusk|Protosynthesis|[silent]\n|\n|-sideend|p1: natvv|move: Aurora Veil\n|upkeep\n|c|\u2606candy moment|can I even\n|c| SDK04|Should have used Fiery again\n|c|\u2606candy moment|beat this iron moth\n|c| smartest ditto.|moth is tryharding\n|\n|t:|1700523334\n|switch|p2a: Slowking|Slowking-Galar, M|100\/100\n|turn|11\n|c|\u2606candy moment|oh yeah i can\n|c|\u2606candy moment|i'm just dumb\n|c| AbrarS|Hide replay or council will ban moth\n|c| smartest ditto.|no dont you dare\n|c| cryaboutitE|Nah don\u2019t hide trust\n|c|\u2606candy moment|real\n|\n|t:|1700523374\n|move|p1a: Iron Moth|Fiery Dance|p2a: Slowking\n|-damage|p2a: Slowking|72\/100\n|-boost|p1a: Iron Moth|spa|1\n|move|p2a: Slowking|Psyshock|p1a: Iron Moth\n|-supereffective|p1a: Iron Moth\n|-damage|p1a: Iron Moth|0 fnt\n|faint|p1a: Iron Moth\n|-end|p1a: Iron Moth|Quark Drive|[silent]\n|\n|upkeep\n|\n|t:|1700523378\n|switch|p1a: Thundurus|Thundurus-Therian, M|100\/100\n|turn|12\n|c| cryaboutitE|See?\n|c| cryaboutitE|Not ban worthy smh\n|c|\u2606candy moment|BONK\n|\n|t:|1700523396\n|move|p1a: Thundurus|Volt Switch|p2a: Slowking\n|-damage|p2a: Slowking|53\/100\n|\n|t:|1700523401\n|switch|p1a: Ninetales|Ninetales-Alola, M|46\/100|[from] Volt Switch\n|-weather|Snow|[from] ability: Snow Warning|[of] p1a: Ninetales\n|move|p2a: Slowking|Ice Beam|p1a: Ninetales\n|-resisted|p1a: Ninetales\n|-damage|p1a: Ninetales|33\/100\n|\n|-weather|Snow|[upkeep]\n|upkeep\n|turn|13\n|\n|t:|1700523411\n|move|p1a: Ninetales|Aurora Veil|p1a: Ninetales\n|-sidestart|p1: natvv|move: Aurora Veil\n|move|p2a: Slowking|Sludge Bomb|p1a: Ninetales\n|-supereffective|p1a: Ninetales\n|-damage|p1a: Ninetales|0 fnt\n|faint|p1a: Ninetales\n|\n|-weather|Snow|[upkeep]\n|upkeep\n|\n|t:|1700523416\n|switch|p1a: Ogerpon|Ogerpon-Wellspring, F|100\/100\n|turn|14\n|c| cryaboutitE|Man down \ud83d\ude14\n|\n|t:|1700523441\n|move|p1a: Ogerpon|Spikes|p2a: Slowking\n|-sidestart|p2: candy moment|Spikes\n|move|p2a: Slowking|Sludge Bomb|p1a: Ogerpon\n|-supereffective|p1a: Ogerpon\n|-damage|p1a: Ogerpon|56\/100\n|\n|-weather|Snow|[upkeep]\n|upkeep\n|turn|15\n|\n|t:|1700523446\n|move|p1a: Ogerpon|Ivy Cudgel|p2a: Slowking|[anim] Ivy Cudgel Water\n|-damage|p2a: Slowking|0 fnt\n|faint|p2a: Slowking\n|\n|-weather|Snow|[upkeep]\n|upkeep\n|c|\u2606candy moment|spikes?\n|c|\u2606candy moment|owe\n|j| ShubhS98\n|\n|t:|1700523456\n|switch|p2a: Zapdos|Zapdos|100\/100\n|turn|16\n|\n|t:|1700523464\n|move|p1a: Ogerpon|U-turn|p2a: Zapdos\n|-resisted|p2a: Zapdos\n|-damage|p2a: Zapdos|89\/100\n|-status|p1a: Ogerpon|par|[from] ability: Static|[of] p2a: Zapdos\n|c| cryaboutitE|Spikes pon is\u2026 new. At least to me\n|c| AbrarS|Baited\n|c|\u2606candy moment|that is 100% new\n|\n|t:|1700523474\n|switch|p1a: Thundurus|Thundurus-Therian, M|100\/100|[from] U-turn\n|move|p2a: Zapdos|Hurricane|p1a: Thundurus|[miss]\n|-miss|p2a: Zapdos|p1a: Thundurus\n|\n|-weather|none\n|upkeep\n|turn|17\n|c| AbrarS|Ive seen the rock one run spikes\n|\n|t:|1700523492\n|switch|p2a: Rillaboom|Rillaboom, F|100\/100\n|-damage|p2a: Rillaboom|88\/100|[from] Spikes\n|-fieldstart|move: Grassy Terrain|[from] ability: Grassy Surge|[of] p2a: Rillaboom\n|move|p1a: Thundurus|Thunderbolt|p2a: Rillaboom\n|-resisted|p2a: Rillaboom\n|-damage|p2a: Rillaboom|57\/100\n|\n|-heal|p2a: Rillaboom|63\/100|[from] Grassy Terrain\n|upkeep\n|turn|18\n|c| cryaboutitE|Yeah that, but wellspring spikes??\n|c|\u2606candy moment|fuck it we ball\n|\n|t:|1700523517\n|-terastallize|p1a: Thundurus|Flying\n|-terastallize|p2a: Rillaboom|Grass\n|move|p1a: Thundurus|Tera Blast|p2a: Rillaboom|[anim] Tera Blast Flying\n|-supereffective|p2a: Rillaboom\n|-damage|p2a: Rillaboom|0 fnt\n|faint|p2a: Rillaboom\n|\n|upkeep\n|inactive|Battle timer is ON: inactive players will automatically lose when time's up. (requested by natvv)\n|c|\u2606candy moment|nevermind\n|c|\u2606candy moment|we don't ball\n|\n|t:|1700523531\n|switch|p2a: Kingambit|Kingambit, M|100\/100\n|-damage|p2a: Kingambit|88\/100|[from] Spikes\n|-activate|p2a: Kingambit|ability: Supreme Overlord\n|-start|p2a: Kingambit|fallen3|[silent]\n|turn|19\n|c| smartest ditto.|what was that broski\n|c| cryaboutitE|Fr\n|\n|t:|1700523540\n|move|p1a: Thundurus|Focus Blast|p2a: Kingambit\n|-supereffective|p2a: Kingambit\n|-damage|p2a: Kingambit|0 fnt\n|faint|p2a: Kingambit\n|-end|p2a: Kingambit|fallen3|[silent]\n|\n|upkeep\n|c| cryaboutitE|Bro accomplished nothing\n|c| cryaboutitE|DAMN\n|c| smartest ditto.|what is bro cooking\n|c|\u2606candy moment|OW\n|c| AbrarS|Ayo 4 attack thun\n|\n|t:|1700523556\n|switch|p2a: Cinderace|Cinderace, M|100\/100\n|turn|20\n|c|\u2606candy moment|i am\n|c|\u2606candy moment|so bad\n|c|\u2606candy moment|at OU\n|c| cryaboutitE|Get him out the kitchen \ud83d\udde3\ufe0f\n|c|\u2606candy moment|bitch i'm a woman\n|c|\u2606candy moment|i'm supposed to be here\n|inactive|candy moment has 120 seconds left.\n|c| smartest ditto.|<<view-team-145561>> candy moment you will always cook\n|\n|t:|1700523584\n|move|p2a: Cinderace|Pyro Ball|p1a: Thundurus|[miss]\n|-miss|p2a: Cinderace|p1a: Thundurus\n|move|p1a: Thundurus|Tera Blast|p2a: Cinderace|[anim] Tera Blast Flying\n|-damage|p2a: Cinderace|23\/100\n|\n|-heal|p2a: Cinderace|29\/100|[from] Grassy Terrain\n|-sideend|p1: natvv|move: Aurora Veil\n|upkeep\n|turn|21\n|c| cryaboutitE|Oh right\n|inactive|candy moment has 120 seconds left.\n|c| smartest ditto.|burn it down\n|c| cryaboutitE|Yeah continue on that sandwich\n|\n|t:|1700523603\n|move|p2a: Cinderace|Pyro Ball|p1a: Thundurus\n|-damage|p1a: Thundurus|0 fnt\n|faint|p1a: Thundurus\n|\n|-heal|p2a: Cinderace|35\/100|[from] Grassy Terrain\n|-fieldend|move: Grassy Terrain\n|upkeep\n|c|\u2606candy moment|wuh\n|c|\u2606candy moment|huh\n|\n|t:|1700523612\n|switch|p1a: Dragapult|Dragapult, M|30\/100\n|turn|22\n|c|\u2606candy moment|that kills?\n|c| AbrarS|Coulda just done this from the start\n|c| cryaboutitE|Fr\n|inactive|candy moment has 120 seconds left.\n|c|\u2606candy moment|i didn't know pyro ball killed, okay\n|c| smartest ditto.|skill issue\n|\n|t:|1700523642\n|move|p1a: Dragapult|Draco Meteor|p2a: Cinderace\n|-damage|p2a: Cinderace|0 fnt\n|-unboost|p1a: Dragapult|spa|2\n|faint|p2a: Cinderace\n|\n|upkeep\n|\n|t:|1700523643\n|switch|p2a: Zapdos|Zapdos|89\/100\n|turn|23\n|c| cryaboutitE|Just open damage calcs \ud83d\udc80\n|c| cryaboutitE|smh\n|c|\u2606candy moment|real\n|c| smartest ditto.|you have calcs bro\n|\n|t:|1700523654\n|switch|p1a: Ogerpon|Ogerpon-Wellspring, F|56\/100 par\n|move|p2a: Zapdos|Hurricane|p1a: Ogerpon|[miss]\n|-miss|p2a: Zapdos|p1a: Ogerpon\n|\n|upkeep\n|turn|24\n|c|\u2606candy moment|zapdos\n|c| cryaboutitE|Not all the time\n|c| AbrarS|Math is math\n|\n|t:|1700523659\n|move|p2a: Zapdos|Hurricane|p1a: Ogerpon\n|-supereffective|p1a: Ogerpon\n|-damage|p1a: Ogerpon|0 fnt\n|faint|p1a: Ogerpon\n|\n|upkeep\n|c|\u2606candy moment|fucking hit her\n|c|\u2606candy moment|good bird\n|c| cryaboutitE|But if you clearly have a skill issue, use calcs\n|\n|t:|1700523670\n|switch|p1a: Great Tusk|Great Tusk|63\/100 psn\n|turn|25\n|c| smartest ditto.|ah yes\n|\n|t:|1700523678\n|move|p2a: Zapdos|Hurricane|p1a: Great Tusk|[miss]\n|-miss|p2a: Zapdos|p1a: Great Tusk\n|move|p1a: Great Tusk|Close Combat|p2a: Zapdos\n|-resisted|p2a: Zapdos\n|-damage|p2a: Zapdos|64\/100\n|-unboost|p1a: Great Tusk|def|1\n|-unboost|p1a: Great Tusk|spd|1\n|\n|-damage|p1a: Great Tusk|50\/100 psn|[from] psn\n|upkeep\n|turn|26\n|\n|t:|1700523687\n|move|p2a: Zapdos|Hurricane|p1a: Great Tusk|[miss]\n|-miss|p2a: Zapdos|p1a: Great Tusk\n|move|p1a: Great Tusk|Close Combat|p2a: Zapdos\n|-resisted|p2a: Zapdos\n|-damage|p2a: Zapdos|38\/100\n|-unboost|p1a: Great Tusk|def|1\n|-unboost|p1a: Great Tusk|spd|1\n|\n|-damage|p1a: Great Tusk|38\/100 psn|[from] psn\n|upkeep\n|turn|27\n|c| smartest ditto.|the zapdos switchin\n|c|\u2606candy moment|BIRD\n|c|\u2606candy moment|HIT\n|\n|t:|1700523692\n|move|p2a: Zapdos|Hurricane|p1a: Great Tusk\n|-supereffective|p1a: Great Tusk\n|-damage|p1a: Great Tusk|0 fnt\n|faint|p1a: Great Tusk\n|-end|p1a: Great Tusk|Protosynthesis|[silent]\n|\n|upkeep\n|c|\u2606candy moment|THE THING\n|\n|t:|1700523697\n|switch|p1a: Dragapult|Dragapult, M|30\/100\n|turn|28\n|c| smartest ditto.|skill issue\n|c| AbrarS|Keep health up\n|\n|t:|1700523702\n|move|p1a: Dragapult|Draco Meteor|p2a: Zapdos|[miss]\n|-miss|p1a: Dragapult|p2a: Zapdos\n|move|p2a: Zapdos|Hurricane|p1a: Dragapult|[miss]\n|-miss|p2a: Zapdos|p1a: Dragapult\n|\n|upkeep\n|turn|29\n|\n|t:|1700523706\n|move|p1a: Dragapult|Draco Meteor|p2a: Zapdos\n|-damage|p2a: Zapdos|0 fnt\n|-unboost|p1a: Dragapult|spa|2\n|faint|p2a: Zapdos\n|\n|win|natvv\n|raw|natvv's rating: 1224 &rarr; <strong>1247<\/strong><br \/>(+23 for winning)\n|raw|candy moment's rating: 1195 &rarr; <strong>1172<\/strong><br \/>(-23 for losing)\n|c| smartest ditto.|bruh\n|c|\u2606candy moment|gg\n","uploadtime":1700523663,"views":14,"p1id":"natvv","p2id":"candymoment","formatid":"gen9ou","rating":1172,"private":0,"password":""}