{"id":"gen9ou-1991679146","p1":"gaypride13","p2":"Joltinjoe18","format":"[Gen 9] OU","log":"|j|\u2606gaypride13\n|j|\u2606Joltinjoe18\n|t:|1700101763\n|gametype|singles\n|player|p1|gaypride13|swimmer-gen4dp|1831\n|player|p2|Joltinjoe18|2|1996\n|teamsize|p1|6\n|teamsize|p2|6\n|gen|9\n|tier|[Gen 9] OU\n|rated|\n|rule|Sleep Clause Mod: Limit one foe put to sleep\n|rule|Species Clause: Limit one of each Pok\u00e9mon\n|rule|OHKO Clause: OHKO moves are banned\n|rule|Evasion Items Clause: Evasion items are banned\n|rule|Evasion Moves Clause: Evasion moves are banned\n|rule|Endless Battle Clause: Forcing endless battles is banned\n|rule|HP Percentage Mod: HP is shown in percentages\n|clearpoke\n|poke|p1|Garganacl, M|\n|poke|p1|Cinderace, M|\n|poke|p1|Great Tusk|\n|poke|p1|Slowking-Galar, M|\n|poke|p1|Rillaboom, M|\n|poke|p1|Samurott-Hisui, F|\n|poke|p2|Garganacl, F|\n|poke|p2|Great Tusk|\n|poke|p2|Gholdengo|\n|poke|p2|Iron Valiant|\n|poke|p2|Dragonite, M|\n|poke|p2|Zapdos|\n|teampreview\n|inactive|Battle timer is ON: inactive players will automatically lose when time's up. (requested by gaypride13)\n|\n|t:|1700101781\n|start\n|switch|p1a: Samurott|Samurott-Hisui, F|100\/100\n|switch|p2a: Great Tusk|Great Tusk|100\/100\n|turn|1\n|\n|t:|1700101784\n|move|p2a: Great Tusk|Headlong Rush|p1a: Samurott\n|-damage|p1a: Samurott|25\/100\n|-unboost|p2a: Great Tusk|def|1\n|-unboost|p2a: Great Tusk|spd|1\n|move|p1a: Samurott|Razor Shell|p2a: Great Tusk\n|-supereffective|p2a: Great Tusk\n|-damage|p2a: Great Tusk|0 fnt\n|faint|p2a: Great Tusk\n|-end|p2a: Great Tusk|Protosynthesis|[silent]\n|\n|upkeep\n|\n|t:|1700101786\n|switch|p2a: Iron Valiant|Iron Valiant|100\/100\n|turn|2\n|\n|t:|1700101799\n|switch|p1a: Slowking|Slowking-Galar, M|100\/100\n|move|p2a: Iron Valiant|Knock Off|p1a: Slowking\n|-supereffective|p1a: Slowking\n|-damage|p1a: Slowking|27\/100\n|-enditem|p1a: Slowking|Black Sludge|[from] move: Knock Off|[of] p2a: Iron Valiant\n|\n|upkeep\n|turn|3\n|\n|t:|1700101804\n|switch|p1a: Samurott|Samurott-Hisui, F|25\/100\n|move|p2a: Iron Valiant|Knock Off|p1a: Samurott\n|-resisted|p1a: Samurott\n|-damage|p1a: Samurott|8\/100\n|-enditem|p1a: Samurott|Focus Sash|[from] move: Knock Off|[of] p2a: Iron Valiant\n|\n|upkeep\n|turn|4\n|\n|t:|1700101808\n|move|p1a: Samurott|Aqua Jet|p2a: Iron Valiant\n|-damage|p2a: Iron Valiant|75\/100\n|move|p2a: Iron Valiant|Knock Off|p1a: Samurott\n|-resisted|p1a: Samurott\n|-damage|p1a: Samurott|0 fnt\n|faint|p1a: Samurott\n|\n|upkeep\n|\n|t:|1700101815\n|switch|p1a: Rillaboom|Rillaboom, M|100\/100\n|-fieldstart|move: Grassy Terrain|[from] ability: Grassy Surge|[of] p1a: Rillaboom\n|turn|5\n|\n|t:|1700101821\n|-end|p2a: Iron Valiant|Quark Drive|[silent]\n|switch|p2a: Zapdos|Zapdos|100\/100\n|move|p1a: Rillaboom|U-turn|p2a: Zapdos\n|-resisted|p2a: Zapdos\n|-damage|p2a: Zapdos|82\/100\n|\n|t:|1700101828\n|switch|p1a: Slowking|Slowking-Galar, M|61\/100|[from] U-turn\n|\n|-heal|p1a: Slowking|67\/100|[from] Grassy Terrain\n|upkeep\n|turn|6\n|\n|t:|1700101832\n|move|p2a: Zapdos|Discharge|p1a: Slowking\n|-damage|p1a: Slowking|39\/100\n|-status|p1a: Slowking|par\n|move|p1a: Slowking|Future Sight|p2a: Zapdos\n|-start|p1a: Slowking|move: Future Sight\n|\n|-heal|p1a: Slowking|46\/100 par|[from] Grassy Terrain\n|upkeep\n|turn|7\n|\n|t:|1700101840\n|move|p2a: Zapdos|Roost|p2a: Zapdos\n|-heal|p2a: Zapdos|100\/100\n|-singleturn|p2a: Zapdos|move: Roost\n|move|p1a: Slowking|Chilly Reception|p1a: Slowking\n|-weather|Snow\n|\n|t:|1700101860\n|switch|p1a: GOAT|Garganacl, M|100\/100|[from] Chilly Reception\n|\n|-weather|Snow|[upkeep]\n|upkeep\n|turn|8\n|\n|t:|1700101864\n|move|p2a: Zapdos|Discharge|p1a: GOAT\n|-damage|p1a: GOAT|74\/100\n|move|p1a: GOAT|Salt Cure|p2a: Zapdos\n|-supereffective|p2a: Zapdos\n|-damage|p2a: Zapdos|70\/100\n|-start|p2a: Zapdos|Salt Cure\n|\n|-weather|Snow|[upkeep]\n|-end|p2a: Zapdos|move: Future Sight\n|-damage|p2a: Zapdos|25\/100\n|-heal|p1a: GOAT|80\/100|[from] Grassy Terrain\n|-heal|p1a: GOAT|86\/100|[from] item: Leftovers\n|-damage|p2a: Zapdos|12\/100|[from] Salt Cure\n|upkeep\n|turn|9\n|\n|t:|1700101874\n|switch|p1a: Slowking|Slowking-Galar, M|79\/100 par\n|move|p2a: Zapdos|Roost|p2a: Zapdos\n|-heal|p2a: Zapdos|62\/100\n|-singleturn|p2a: Zapdos|move: Roost\n|\n|-weather|Snow|[upkeep]\n|-heal|p2a: Zapdos|68\/100|[from] Grassy Terrain\n|-heal|p1a: Slowking|85\/100 par|[from] Grassy Terrain\n|-damage|p2a: Zapdos|56\/100|[from] Salt Cure\n|-fieldend|move: Grassy Terrain\n|upkeep\n|turn|10\n|j| t-modesty\n|\n|t:|1700101881\n|switch|p2a: Gholdengo|Gholdengo|100\/100\n|-item|p2a: Gholdengo|Air Balloon\n|move|p1a: Slowking|Future Sight|p2a: Gholdengo\n|-start|p1a: Slowking|move: Future Sight\n|\n|-weather|Snow|[upkeep]\n|upkeep\n|turn|11\n|\n|t:|1700101891\n|move|p2a: Gholdengo|Make It Rain|p1a: Slowking\n|-damage|p1a: Slowking|41\/100 par\n|-unboost|p2a: Gholdengo|spa|1\n|move|p1a: Slowking|Flamethrower|p2a: Gholdengo\n|-supereffective|p2a: Gholdengo\n|-damage|p2a: Gholdengo|37\/100\n|-enditem|p2a: Gholdengo|Air Balloon\n|\n|-weather|none\n|upkeep\n|turn|12\n|\n|t:|1700101900\n|switch|p1a: Cinderace|Cinderace, M|100\/100\n|move|p2a: Gholdengo|Recover|p2a: Gholdengo\n|-heal|p2a: Gholdengo|87\/100\n|\n|-end|p2a: Gholdengo|move: Future Sight\n|-resisted|p2a: Gholdengo\n|-damage|p2a: Gholdengo|59\/100\n|upkeep\n|turn|13\n|j| Bad Players\n|\n|t:|1700101907\n|switch|p2a: Garganacl|Garganacl, F|100\/100\n|move|p1a: Cinderace|U-turn|p2a: Garganacl\n|-start|p1a: Cinderace|typechange|Bug|[from] ability: Libero\n|-damage|p2a: Garganacl|83\/100\n|\n|t:|1700101913\n|switch|p1a: Slowking|Slowking-Galar, M|74\/100 par|[from] U-turn\n|\n|-heal|p2a: Garganacl|89\/100|[from] item: Leftovers\n|upkeep\n|turn|14\n|\n|t:|1700101915\n|move|p2a: Garganacl|Earthquake|p1a: Slowking\n|-supereffective|p1a: Slowking\n|-damage|p1a: Slowking|21\/100 par\n|cant|p1a: Slowking|par\n|\n|-heal|p2a: Garganacl|95\/100|[from] item: Leftovers\n|upkeep\n|turn|15\n|\n|t:|1700101920\n|switch|p1a: Rillaboom|Rillaboom, M|100\/100\n|-fieldstart|move: Grassy Terrain|[from] ability: Grassy Surge|[of] p1a: Rillaboom\n|move|p2a: Garganacl|Salt Cure|p1a: Rillaboom\n|-damage|p1a: Rillaboom|85\/100\n|-start|p1a: Rillaboom|Salt Cure\n|\n|-heal|p1a: Rillaboom|91\/100|[from] Grassy Terrain\n|-heal|p2a: Garganacl|100\/100|[from] Grassy Terrain\n|-damage|p1a: Rillaboom|79\/100|[from] Salt Cure\n|upkeep\n|turn|16\n|\n|t:|1700101929\n|switch|p2a: Iron Valiant|Iron Valiant|75\/100\n|move|p1a: Rillaboom|Wood Hammer|p2a: Iron Valiant\n|-damage|p2a: Iron Valiant|0 fnt\n|faint|p2a: Iron Valiant\n|-end|p2a: Iron Valiant|Quark Drive|[silent]\n|-damage|p1a: Rillaboom|58\/100|[from] Recoil\n|\n|-heal|p1a: Rillaboom|64\/100|[from] Grassy Terrain\n|-damage|p1a: Rillaboom|52\/100|[from] Salt Cure\n|upkeep\n|\n|t:|1700101934\n|switch|p2a: Gholdengo|Gholdengo|59\/100\n|turn|17\n|\n|t:|1700101938\n|switch|p1a: Cinderace|Cinderace, M|100\/100\n|move|p2a: Gholdengo|Nasty Plot|p2a: Gholdengo\n|-boost|p2a: Gholdengo|spa|2\n|\n|-heal|p2a: Gholdengo|65\/100|[from] Grassy Terrain\n|upkeep\n|turn|18\n|\n|t:|1700101946\n|switch|p2a: Garganacl|Garganacl, F|100\/100\n|move|p1a: Cinderace|Pyro Ball|p2a: Garganacl\n|-resisted|p2a: Garganacl\n|-crit|p2a: Garganacl\n|-damage|p2a: Garganacl|77\/100\n|\n|-heal|p2a: Garganacl|84\/100|[from] Grassy Terrain\n|-heal|p2a: Garganacl|90\/100|[from] item: Leftovers\n|upkeep\n|turn|19\n|\n|t:|1700101950\n|move|p1a: Cinderace|High Jump Kick|p2a: Garganacl\n|-start|p1a: Cinderace|typechange|Fighting|[from] ability: Libero\n|-supereffective|p2a: Garganacl\n|-damage|p2a: Garganacl|25\/100\n|move|p2a: Garganacl|Salt Cure|p1a: Cinderace\n|-resisted|p1a: Cinderace\n|-damage|p1a: Cinderace|91\/100\n|-start|p1a: Cinderace|Salt Cure\n|\n|-heal|p1a: Cinderace|97\/100|[from] Grassy Terrain\n|-heal|p2a: Garganacl|32\/100|[from] Grassy Terrain\n|-heal|p2a: Garganacl|38\/100|[from] item: Leftovers\n|-damage|p1a: Cinderace|85\/100|[from] Salt Cure\n|-fieldend|move: Grassy Terrain\n|upkeep\n|turn|20\n|\n|t:|1700101959\n|move|p1a: Cinderace|U-turn|p2a: Garganacl\n|-damage|p2a: Garganacl|25\/100\n|\n|t:|1700101962\n|switch|p1a: Slowking|Slowking-Galar, M|54\/100 par|[from] U-turn\n|move|p2a: Garganacl|Recover|p2a: Garganacl\n|-heal|p2a: Garganacl|75\/100\n|\n|-heal|p2a: Garganacl|81\/100|[from] item: Leftovers\n|upkeep\n|turn|21\n|\n|t:|1700101967\n|switch|p1a: Rillaboom|Rillaboom, M|52\/100\n|-fieldstart|move: Grassy Terrain|[from] ability: Grassy Surge|[of] p1a: Rillaboom\n|move|p2a: Garganacl|Curse|p2a: Garganacl\n|-unboost|p2a: Garganacl|spe|1\n|-boost|p2a: Garganacl|atk|1\n|-boost|p2a: Garganacl|def|1\n|\n|-heal|p1a: Rillaboom|58\/100|[from] Grassy Terrain\n|-heal|p2a: Garganacl|87\/100|[from] Grassy Terrain\n|-heal|p2a: Garganacl|93\/100|[from] item: Leftovers\n|upkeep\n|turn|22\n|j| im eating good\n|\n|t:|1700101978\n|switch|p2a: Dragonite|Dragonite, M|100\/100\n|move|p1a: Rillaboom|Wood Hammer|p2a: Dragonite\n|-resisted|p2a: Dragonite\n|-damage|p2a: Dragonite|84\/100\n|-damage|p1a: Rillaboom|53\/100|[from] Recoil\n|\n|-heal|p1a: Rillaboom|59\/100|[from] Grassy Terrain\n|upkeep\n|turn|23\n|\n|t:|1700101984\n|switch|p1a: GOAT|Garganacl, M|86\/100\n|switch|p2a: Garganacl|Garganacl, F|93\/100\n|\n|-heal|p1a: GOAT|92\/100|[from] Grassy Terrain\n|-heal|p2a: Garganacl|99\/100|[from] Grassy Terrain\n|-heal|p1a: GOAT|98\/100|[from] item: Leftovers\n|-heal|p2a: Garganacl|100\/100|[from] item: Leftovers\n|upkeep\n|turn|24\n|\n|t:|1700102008\n|move|p1a: GOAT|Salt Cure|p2a: Garganacl\n|-damage|p2a: Garganacl|92\/100\n|-start|p2a: Garganacl|Salt Cure\n|move|p2a: Garganacl|Curse|p2a: Garganacl\n|-unboost|p2a: Garganacl|spe|1\n|-boost|p2a: Garganacl|atk|1\n|-boost|p2a: Garganacl|def|1\n|\n|-heal|p1a: GOAT|100\/100|[from] Grassy Terrain\n|-heal|p2a: Garganacl|99\/100|[from] Grassy Terrain\n|-heal|p2a: Garganacl|100\/100|[from] item: Leftovers\n|-damage|p2a: Garganacl|88\/100|[from] Salt Cure\n|upkeep\n|turn|25\n|\n|t:|1700102018\n|-terastallize|p1a: GOAT|Ghost\n|move|p1a: GOAT|Iron Defense|p1a: GOAT\n|-boost|p1a: GOAT|def|2\n|move|p2a: Garganacl|Salt Cure|p1a: GOAT\n|-damage|p1a: GOAT|94\/100\n|-start|p1a: GOAT|Salt Cure\n|\n|-heal|p1a: GOAT|100\/100|[from] Grassy Terrain\n|-heal|p2a: Garganacl|94\/100|[from] Grassy Terrain\n|-heal|p2a: Garganacl|100\/100|[from] item: Leftovers\n|-damage|p1a: GOAT|88\/100|[from] Salt Cure\n|-damage|p2a: Garganacl|88\/100|[from] Salt Cure\n|-fieldend|move: Grassy Terrain\n|upkeep\n|turn|26\n|\n|t:|1700102023\n|move|p1a: GOAT|Body Press|p2a: Garganacl\n|-supereffective|p2a: Garganacl\n|-damage|p2a: Garganacl|48\/100\n|move|p2a: Garganacl|Earthquake|p1a: GOAT\n|-damage|p1a: GOAT|78\/100\n|\n|-heal|p1a: GOAT|84\/100|[from] item: Leftovers\n|-heal|p2a: Garganacl|54\/100|[from] item: Leftovers\n|-damage|p1a: GOAT|71\/100|[from] Salt Cure\n|-damage|p2a: Garganacl|41\/100|[from] Salt Cure\n|upkeep\n|turn|27\n|\n|t:|1700102029\n|switch|p2a: Gholdengo|Gholdengo|65\/100\n|move|p1a: GOAT|Salt Cure|p2a: Gholdengo\n|-resisted|p2a: Gholdengo\n|-damage|p2a: Gholdengo|61\/100\n|-start|p2a: Gholdengo|Salt Cure\n|\n|-heal|p1a: GOAT|78\/100|[from] item: Leftovers\n|-damage|p2a: Gholdengo|36\/100|[from] Salt Cure\n|-damage|p1a: GOAT|65\/100|[from] Salt Cure\n|upkeep\n|turn|28\n|\n|t:|1700102034\n|switch|p1a: Slowking|Slowking-Galar, M|88\/100 par\n|move|p2a: Gholdengo|Recover|p2a: Gholdengo\n|-heal|p2a: Gholdengo|86\/100\n|\n|-damage|p2a: Gholdengo|61\/100|[from] Salt Cure\n|upkeep\n|turn|29\n|\n|t:|1700102041\n|switch|p2a: Garganacl|Garganacl, F|41\/100\n|move|p1a: Slowking|Future Sight|p2a: Garganacl\n|-start|p1a: Slowking|move: Future Sight\n|\n|-heal|p2a: Garganacl|48\/100|[from] item: Leftovers\n|upkeep\n|turn|30\n|\n|t:|1700102048\n|switch|p2a: Dragonite|Dragonite, M|84\/100\n|switch|p1a: GOAT|Garganacl, M, tera:Ghost|65\/100\n|\n|-heal|p1a: GOAT|71\/100|[from] item: Leftovers\n|upkeep\n|turn|31\n|\n|t:|1700102053\n|move|p2a: Dragonite|Earthquake|p1a: GOAT\n|-damage|p1a: GOAT|48\/100\n|move|p1a: GOAT|Salt Cure|p2a: Dragonite\n|-supereffective|p2a: Dragonite\n|-damage|p2a: Dragonite|53\/100\n|-start|p2a: Dragonite|Salt Cure\n|\n|-end|p2a: Dragonite|move: Future Sight\n|-damage|p2a: Dragonite|0 fnt\n|faint|p2a: Dragonite\n|-heal|p1a: GOAT|54\/100|[from] item: Leftovers\n|upkeep\n|\n|t:|1700102055\n|switch|p2a: Gholdengo|Gholdengo|61\/100\n|turn|32\n|\n|t:|1700102058\n|switch|p1a: Slowking|Slowking-Galar, M|100\/100 par\n|move|p2a: Gholdengo|Shadow Ball|p1a: Slowking\n|-supereffective|p1a: Slowking\n|-damage|p1a: Slowking|49\/100 par\n|\n|upkeep\n|turn|33\n|\n|t:|1700102067\n|switch|p1a: Cinderace|Cinderace, M|85\/100\n|move|p2a: Gholdengo|Shadow Ball|p1a: Cinderace\n|-crit|p1a: Cinderace\n|-damage|p1a: Cinderace|9\/100\n|\n|upkeep\n|turn|34\n|\n|t:|1700102079\n|switch|p2a: Garganacl|Garganacl, F|48\/100\n|move|p1a: Cinderace|Pyro Ball|p2a: Garganacl\n|-resisted|p2a: Garganacl\n|-damage|p2a: Garganacl|32\/100\n|\n|-heal|p2a: Garganacl|38\/100|[from] item: Leftovers\n|upkeep\n|turn|35\n|\n|t:|1700102087\n|move|p1a: Cinderace|U-turn|p2a: Garganacl\n|-start|p1a: Cinderace|typechange|Bug|[from] ability: Libero\n|-damage|p2a: Garganacl|18\/100\n|\n|t:|1700102096\n|switch|p1a: Rillaboom|Rillaboom, M|59\/100|[from] U-turn\n|-fieldstart|move: Grassy Terrain|[from] ability: Grassy Surge|[of] p1a: Rillaboom\n|move|p2a: Garganacl|Salt Cure|p1a: Rillaboom\n|-damage|p1a: Rillaboom|44\/100\n|-start|p1a: Rillaboom|Salt Cure\n|\n|-heal|p1a: Rillaboom|51\/100|[from] Grassy Terrain\n|-heal|p2a: Garganacl|25\/100|[from] Grassy Terrain\n|-heal|p2a: Garganacl|31\/100|[from] item: Leftovers\n|-damage|p1a: Rillaboom|38\/100|[from] Salt Cure\n|upkeep\n|turn|36\n|\n|t:|1700102102\n|switch|p2a: Zapdos|Zapdos|56\/100\n|move|p1a: Rillaboom|Knock Off|p2a: Zapdos\n|-damage|p2a: Zapdos|0 fnt\n|-enditem|p2a: Zapdos|Heavy-Duty Boots|[from] move: Knock Off|[of] p1a: Rillaboom\n|faint|p2a: Zapdos\n|\n|-heal|p1a: Rillaboom|44\/100|[from] Grassy Terrain\n|-damage|p1a: Rillaboom|32\/100|[from] Salt Cure\n|upkeep\n|\n|t:|1700102108\n|switch|p2a: Gholdengo|Gholdengo|61\/100\n|turn|37\n|\n|t:|1700102115\n|switch|p1a: Great Nose|Great Tusk|100\/100\n|-terastallize|p2a: Gholdengo|Fairy\n|move|p2a: Gholdengo|Nasty Plot|p2a: Gholdengo\n|-boost|p2a: Gholdengo|spa|2\n|\n|-heal|p2a: Gholdengo|67\/100|[from] Grassy Terrain\n|upkeep\n|turn|38\n|\n|t:|1700102119\n|move|p1a: Great Nose|Knock Off|p2a: Gholdengo\n|-resisted|p2a: Gholdengo\n|-damage|p2a: Gholdengo|59\/100\n|move|p2a: Gholdengo|Recover|p2a: Gholdengo\n|-heal|p2a: Gholdengo|100\/100\n|\n|upkeep\n|turn|39\n|\n|t:|1700102127\n|move|p1a: Great Nose|Earthquake|p2a: Gholdengo\n|-damage|p2a: Gholdengo|79\/100\n|move|p2a: Gholdengo|Nasty Plot|p2a: Gholdengo\n|-boost|p2a: Gholdengo|spa|2\n|\n|-heal|p2a: Gholdengo|86\/100|[from] Grassy Terrain\n|-fieldend|move: Grassy Terrain\n|upkeep\n|turn|40\n|\n|t:|1700102131\n|move|p1a: Great Nose|Earthquake|p2a: Gholdengo\n|-damage|p2a: Gholdengo|44\/100\n|move|p2a: Gholdengo|Recover|p2a: Gholdengo\n|-heal|p2a: Gholdengo|94\/100\n|\n|upkeep\n|turn|41\n|\n|t:|1700102134\n|move|p1a: Great Nose|Earthquake|p2a: Gholdengo\n|-damage|p2a: Gholdengo|57\/100\n|move|p2a: Gholdengo|Recover|p2a: Gholdengo\n|-heal|p2a: Gholdengo|100\/100\n|\n|upkeep\n|turn|42\n|\n|t:|1700102139\n|move|p1a: Great Nose|Earthquake|p2a: Gholdengo\n|-damage|p2a: Gholdengo|58\/100\n|move|p2a: Gholdengo|Make It Rain|p1a: Great Nose\n|-damage|p1a: Great Nose|0 fnt\n|-unboost|p2a: Gholdengo|spa|1\n|faint|p1a: Great Nose\n|-end|p1a: Great Nose|Protosynthesis|[silent]\n|\n|upkeep\n|j|+cromagnet\n|\n|t:|1700102155\n|switch|p1a: Cinderace|Cinderace, M|9\/100\n|turn|43\n|\n|t:|1700102157\n|move|p1a: Cinderace|Pyro Ball|p2a: Gholdengo\n|-damage|p2a: Gholdengo|19\/100\n|move|p2a: Gholdengo|Recover|p2a: Gholdengo\n|-heal|p2a: Gholdengo|69\/100\n|\n|upkeep\n|turn|44\n|\n|t:|1700102163\n|move|p1a: Cinderace|Pyro Ball|p2a: Gholdengo\n|-damage|p2a: Gholdengo|27\/100\n|move|p2a: Gholdengo|Recover|p2a: Gholdengo\n|-heal|p2a: Gholdengo|77\/100\n|\n|upkeep\n|turn|45\n|\n|t:|1700102167\n|move|p1a: Cinderace|Pyro Ball|p2a: Gholdengo\n|-damage|p2a: Gholdengo|36\/100\n|move|p2a: Gholdengo|Recover|p2a: Gholdengo\n|-heal|p2a: Gholdengo|86\/100\n|\n|upkeep\n|turn|46\n|\n|t:|1700102172\n|move|p1a: Cinderace|Pyro Ball|p2a: Gholdengo\n|-damage|p2a: Gholdengo|49\/100\n|move|p2a: Gholdengo|Shadow Ball|p1a: Cinderace\n|-damage|p1a: Cinderace|0 fnt\n|faint|p1a: Cinderace\n|\n|upkeep\n|\n|t:|1700102178\n|switch|p1a: Rillaboom|Rillaboom, M|32\/100\n|-fieldstart|move: Grassy Terrain|[from] ability: Grassy Surge|[of] p1a: Rillaboom\n|turn|47\n|\n|t:|1700102181\n|move|p1a: Rillaboom|Grassy Glide|p2a: Gholdengo\n|-damage|p2a: Gholdengo|6\/100\n|move|p2a: Gholdengo|Shadow Ball|p1a: Rillaboom\n|-damage|p1a: Rillaboom|0 fnt\n|faint|p1a: Rillaboom\n|\n|-heal|p2a: Gholdengo|12\/100|[from] Grassy Terrain\n|upkeep\n|-message|gaypride13 forfeited.\n|\n|win|Joltinjoe18\n|raw|gaypride13's rating: 1831 &rarr; <strong>1820<\/strong><br \/>(-11 for losing)\n|raw|Joltinjoe18's rating: 1996 &rarr; <strong>2007<\/strong><br \/>(+11 for winning)\n|l|\u2606gaypride13\n|l|+cromagnet\n","uploadtime":1700102202,"views":102,"p1id":"gaypride13","p2id":"joltinjoe18","formatid":"gen9ou","rating":1820,"private":0,"password":""}