{"id":"gen9ou-1997356057","p1":"giills","p2":"The Lazy Onee","format":"[Gen 9] OU","log":"|j|\u2606giills\n|j|\u2606The Lazy Onee\n|t:|1700793507\n|gametype|singles\n|player|p1|giills|pokemonranger|1460\n|player|p2|The Lazy Onee|dahlia|1423\n|teamsize|p1|6\n|teamsize|p2|6\n|gen|9\n|tier|[Gen 9] OU\n|rated|\n|rule|Sleep Clause Mod: Limit one foe put to sleep\n|rule|Species Clause: Limit one of each Pok\u00e9mon\n|rule|OHKO Clause: OHKO moves are banned\n|rule|Evasion Items Clause: Evasion items are banned\n|rule|Evasion Moves Clause: Evasion moves are banned\n|rule|Endless Battle Clause: Forcing endless battles is banned\n|rule|HP Percentage Mod: HP is shown in percentages\n|clearpoke\n|poke|p1|Weezing-Galar, F|\n|poke|p1|Corviknight, F|\n|poke|p1|Enamorus, F|\n|poke|p1|Ting-Lu|\n|poke|p1|Skeledirge, F|\n|poke|p1|Zapdos|\n|poke|p2|Alomomola, F|\n|poke|p2|Slowking-Galar, F|\n|poke|p2|Kingambit, F|\n|poke|p2|Great Tusk|\n|poke|p2|Cinderace, F|\n|poke|p2|Thundurus-Therian, M|\n|teampreview\n|inactive|Battle timer is ON: inactive players will automatically lose when time's up. (requested by giills)\n|j| Zuxie\n|inactive|giills has 120 seconds left.\n|inactive|The Lazy Onee has 120 seconds left.\n|\n|t:|1700793544\n|start\n|switch|p1a: Weezing|Weezing-Galar, F|100\/100\n|switch|p2a: Thundurus|Thundurus-Therian, M|100\/100\n|-ability|p1a: Weezing|Neutralizing Gas\n|turn|1\n|\n|t:|1700793573\n|-end|p1a: Weezing|ability: Neutralizing Gas\n|switch|p1a: Ting-Lu|Ting-Lu|100\/100\n|-ability|p1a: Ting-Lu|Vessel of Ruin\n|move|p2a: Thundurus|Volt Switch|p1a: Ting-Lu\n|-immune|p1a: Ting-Lu\n|\n|upkeep\n|turn|2\n|\n|t:|1700793579\n|switch|p2a: Great Tusk|Great Tusk|100\/100\n|move|p1a: Ting-Lu|Stone Edge|p2a: Great Tusk\n|-resisted|p2a: Great Tusk\n|-damage|p2a: Great Tusk|95\/100\n|\n|upkeep\n|turn|3\n|inactive|giills has 120 seconds left.\n|\n|t:|1700793622\n|switch|p1a: Corviknight|Corviknight, F|100\/100\n|-ability|p1a: Corviknight|Pressure\n|move|p2a: Great Tusk|Stealth Rock|p1a: Corviknight\n|-sidestart|p1: giills|move: Stealth Rock\n|\n|upkeep\n|turn|4\n|\n|t:|1700793634\n|-end|p2a: Great Tusk|Protosynthesis|[silent]\n|switch|p2a: Cinderace|Cinderace, F|100\/100\n|move|p1a: Corviknight|Brave Bird|p2a: Cinderace\n|-damage|p2a: Cinderace|51\/100\n|-damage|p1a: Corviknight|88\/100|[from] Recoil\n|\n|upkeep\n|turn|5\n|inactive|giills has 120 seconds left.\n|\n|t:|1700793647\n|switch|p1a: Ting-Lu|Ting-Lu|100\/100\n|-damage|p1a: Ting-Lu|94\/100|[from] Stealth Rock\n|-ability|p1a: Ting-Lu|Vessel of Ruin\n|move|p2a: Cinderace|Pyro Ball|p1a: Ting-Lu\n|-damage|p1a: Ting-Lu|60\/100\n|\n|-heal|p1a: Ting-Lu|67\/100|[from] item: Leftovers\n|upkeep\n|turn|6\n|inactive|giills has 120 seconds left.\n|\n|t:|1700793655\n|move|p2a: Cinderace|U-turn|p1a: Ting-Lu\n|-start|p2a: Cinderace|typechange|Bug|[from] ability: Libero\n|-supereffective|p1a: Ting-Lu\n|-crit|p1a: Ting-Lu\n|-damage|p1a: Ting-Lu|13\/100\n|\n|t:|1700793659\n|switch|p2a: Great Tusk|Great Tusk|95\/100|[from] U-turn\n|move|p1a: Ting-Lu|Stone Edge|p2a: Great Tusk\n|-resisted|p2a: Great Tusk\n|-crit|p2a: Great Tusk\n|-damage|p2a: Great Tusk|85\/100\n|\n|-heal|p1a: Ting-Lu|19\/100|[from] item: Leftovers\n|upkeep\n|turn|7\n|\n|t:|1700793671\n|switch|p1a: Corviknight|Corviknight, F|88\/100\n|-damage|p1a: Corviknight|76\/100|[from] Stealth Rock\n|-ability|p1a: Corviknight|Pressure\n|move|p2a: Great Tusk|Ice Spinner|p1a: Corviknight\n|-damage|p1a: Corviknight|52\/100\n|-damage|p2a: Great Tusk|69\/100|[from] item: Rocky Helmet|[of] p1a: Corviknight\n|\n|upkeep\n|turn|8\n|\n|t:|1700793677\n|-end|p2a: Great Tusk|Protosynthesis|[silent]\n|switch|p2a: Slowking|Slowking-Galar, F|100\/100\n|move|p1a: Corviknight|Roost|p1a: Corviknight\n|-heal|p1a: Corviknight|100\/100\n|-singleturn|p1a: Corviknight|move: Roost\n|\n|upkeep\n|turn|9\n|\n|t:|1700793682\n|move|p1a: Corviknight|Brave Bird|p2a: Slowking\n|-crit|p2a: Slowking\n|-damage|p2a: Slowking|48\/100\n|-damage|p1a: Corviknight|83\/100|[from] Recoil\n|move|p2a: Slowking|Chilly Reception|p2a: Slowking\n|-weather|Snow\n|\n|t:|1700793691\n|switch|p2a: Cinderace|Cinderace, F|51\/100|[from] Chilly Reception\n|\n|-weather|Snow|[upkeep]\n|upkeep\n|turn|10\n|\n|t:|1700793703\n|switch|p1a: Skeledirge|Skeledirge, F|100\/100\n|move|p2a: Cinderace|Pyro Ball|p1a: Skeledirge|[miss]\n|-miss|p2a: Cinderace|p1a: Skeledirge\n|\n|-weather|Snow|[upkeep]\n|upkeep\n|turn|11\n|\n|t:|1700793708\n|move|p2a: Cinderace|U-turn|p1a: Skeledirge\n|-start|p2a: Cinderace|typechange|Bug|[from] ability: Libero\n|-resisted|p1a: Skeledirge\n|-damage|p1a: Skeledirge|93\/100\n|\n|t:|1700793715\n|switch|p2a: Slowking|Slowking-Galar, F|81\/100|[from] U-turn\n|move|p1a: Skeledirge|Shadow Ball|p2a: Slowking\n|-supereffective|p2a: Slowking\n|-damage|p2a: Slowking|46\/100\n|\n|-weather|Snow|[upkeep]\n|upkeep\n|turn|12\n|\n|t:|1700793732\n|move|p1a: Skeledirge|Shadow Ball|p2a: Slowking\n|-supereffective|p2a: Slowking\n|-damage|p2a: Slowking|12\/100\n|move|p2a: Slowking|Chilly Reception|p2a: Slowking\n|\n|t:|1700793751\n|switch|p2a: Great Tusk|Great Tusk|69\/100|[from] Chilly Reception\n|\n|-weather|Snow|[upkeep]\n|upkeep\n|turn|13\n|\n|t:|1700793771\n|-end|p2a: Great Tusk|Protosynthesis|[silent]\n|switch|p2a: Slowking|Slowking-Galar, F|45\/100\n|move|p1a: Skeledirge|Will-O-Wisp|p2a: Slowking\n|-status|p2a: Slowking|brn\n|\n|-weather|none\n|-damage|p2a: Slowking|39\/100 brn|[from] brn\n|upkeep\n|turn|14\n|\n|t:|1700793791\n|switch|p2a: Thundurus|Thundurus-Therian, M|100\/100\n|move|p1a: Skeledirge|Torch Song|p2a: Thundurus\n|-damage|p2a: Thundurus|58\/100\n|-boost|p1a: Skeledirge|spa|1\n|\n|upkeep\n|turn|15\n|\n|t:|1700793804\n|move|p2a: Thundurus|Volt Switch|p1a: Skeledirge\n|-damage|p1a: Skeledirge|49\/100\n|inactive|The Lazy Onee has 120 seconds left.\n|\n|t:|1700793816\n|switch|p2a: Alomomola|Alomomola, F|100\/100|[from] Volt Switch\n|move|p1a: Skeledirge|Torch Song|p2a: Alomomola\n|-resisted|p2a: Alomomola\n|-damage|p2a: Alomomola|82\/100\n|-boost|p1a: Skeledirge|spa|1\n|-enditem|p2a: Alomomola|Red Card|[of] p1a: Skeledirge\n|drag|p1a: Corviknight|Corviknight, F|83\/100\n|-damage|p1a: Corviknight|71\/100|[from] Stealth Rock\n|-ability|p1a: Corviknight|Pressure\n|\n|upkeep\n|turn|16\n|\n|t:|1700793827\n|switch|p1a: Weezing|Weezing-Galar, F|100\/100\n|-ability|p1a: Weezing|Neutralizing Gas\n|-damage|p1a: Weezing|88\/100|[from] Stealth Rock\n|move|p2a: Alomomola|Flip Turn|p1a: Weezing\n|-damage|p1a: Weezing|78\/100\n|inactive|The Lazy Onee has 120 seconds left.\n|\n|t:|1700793839\n|switch|p2a: Slowking|Slowking-Galar, F|73\/100 brn|[from] Flip Turn\n|\n|-heal|p1a: Weezing|84\/100|[from] item: Leftovers\n|-damage|p2a: Slowking|66\/100 brn|[from] brn\n|upkeep\n|turn|17\n|\n|t:|1700793849\n|move|p1a: Weezing|Defog|p2a: Slowking\n|-unboost|p2a: Slowking|evasion|1\n|-sideend|p1: giills|Stealth Rock|[from] move: Defog|[of] p1a: Weezing\n|move|p2a: Slowking|Chilly Reception|p2a: Slowking\n|-weather|Snow\n|\n|t:|1700793855\n|switch|p2a: Thundurus|Thundurus-Therian, M|58\/100|[from] Chilly Reception\n|\n|-weather|Snow|[upkeep]\n|-heal|p1a: Weezing|90\/100|[from] item: Leftovers\n|upkeep\n|turn|18\n|inactive|The Lazy Onee has 120 seconds left.\n|\n|t:|1700793874\n|-end|p1a: Weezing|ability: Neutralizing Gas\n|switch|p1a: Ting-Lu|Ting-Lu|19\/100\n|-ability|p1a: Ting-Lu|Vessel of Ruin\n|-terastallize|p2a: Thundurus|Flying\n|move|p2a: Thundurus|Tera Blast|p1a: Ting-Lu|[anim] Tera Blast Flying\n|-crit|p1a: Ting-Lu\n|-damage|p1a: Ting-Lu|0 fnt\n|faint|p1a: Ting-Lu\n|\n|-weather|Snow|[upkeep]\n|upkeep\n|\n|t:|1700793884\n|switch|p1a: Enamorus|Enamorus, F|100\/100\n|turn|19\n|\n|t:|1700793892\n|switch|p2a: Slowking|Slowking-Galar, F|66\/100 brn\n|move|p1a: Enamorus|Moonblast|p2a: Slowking\n|-resisted|p2a: Slowking\n|-damage|p2a: Slowking|52\/100 brn\n|-unboost|p2a: Slowking|spa|1\n|\n|-weather|Snow|[upkeep]\n|-damage|p2a: Slowking|46\/100 brn|[from] brn\n|upkeep\n|turn|20\n|\n|t:|1700793908\n|switch|p1a: Corviknight|Corviknight, F|71\/100\n|-ability|p1a: Corviknight|Pressure\n|switch|p2a: Alomomola|Alomomola, F|82\/100\n|\n|-weather|Snow|[upkeep]\n|upkeep\n|turn|21\n|\n|t:|1700793930\n|move|p1a: Corviknight|Iron Defense|p1a: Corviknight\n|-boost|p1a: Corviknight|def|2\n|move|p2a: Alomomola|Wish|p2a: Alomomola\n|\n|-weather|none\n|upkeep\n|turn|22\n|\n|t:|1700793940\n|move|p1a: Corviknight|Brave Bird|p2a: Alomomola\n|-damage|p2a: Alomomola|58\/100\n|-damage|p1a: Corviknight|62\/100|[from] Recoil\n|move|p2a: Alomomola|Scald|p1a: Corviknight\n|-damage|p1a: Corviknight|53\/100\n|-status|p1a: Corviknight|brn\n|\n|-heal|p2a: Alomomola|100\/100|[from] move: Wish|[wisher] Alomomola\n|-damage|p1a: Corviknight|47\/100 brn|[from] brn\n|upkeep\n|turn|23\n|l| Zuxie\n|\n|t:|1700793944\n|move|p1a: Corviknight|Roost|p1a: Corviknight\n|-heal|p1a: Corviknight|97\/100 brn\n|-singleturn|p1a: Corviknight|move: Roost\n|move|p2a: Alomomola|Wish|p2a: Alomomola\n|\n|-damage|p1a: Corviknight|91\/100 brn|[from] brn\n|upkeep\n|turn|24\n|inactive|giills has 120 seconds left.\n|\n|t:|1700793975\n|switch|p1a: Weezing|Weezing-Galar, F|90\/100\n|-ability|p1a: Weezing|Neutralizing Gas\n|move|p2a: Alomomola|Flip Turn|p1a: Weezing\n|-damage|p1a: Weezing|79\/100\n|\n|t:|1700793984\n|switch|p2a: Thundurus|Thundurus-Therian, M, tera:Flying|58\/100|[from] Flip Turn\n|\n|-heal|p2a: Thundurus|100\/100|[from] move: Wish|[wisher] Alomomola\n|-heal|p1a: Weezing|85\/100|[from] item: Leftovers\n|upkeep\n|turn|25\n|inactive|giills has 120 seconds left.\n|\n|t:|1700794012\n|-end|p1a: Weezing|ability: Neutralizing Gas\n|switch|p1a: Corviknight|Corviknight, F|91\/100 brn\n|-ability|p1a: Corviknight|Pressure\n|move|p2a: Thundurus|Volt Switch|p1a: Corviknight\n|-supereffective|p1a: Corviknight\n|-damage|p1a: Corviknight|11\/100 brn\n|\n|t:|1700794019\n|switch|p2a: Cinderace|Cinderace, F|51\/100|[from] Volt Switch\n|\n|-damage|p1a: Corviknight|5\/100 brn|[from] brn\n|upkeep\n|turn|26\n|inactive|giills has 120 seconds left.\n|\n|t:|1700794025\n|move|p2a: Cinderace|U-turn|p1a: Corviknight\n|-start|p2a: Cinderace|typechange|Bug|[from] ability: Libero\n|-resisted|p1a: Corviknight\n|-damage|p1a: Corviknight|0 fnt\n|-damage|p2a: Cinderace|35\/100|[from] item: Rocky Helmet|[of] p1a: Corviknight\n|faint|p1a: Corviknight\n|\n|t:|1700794033\n|switch|p2a: Thundurus|Thundurus-Therian, M, tera:Flying|100\/100|[from] U-turn\n|\n|upkeep\n|inactive|giills has 120 seconds left.\n|\n|t:|1700794060\n|switch|p1a: Enamorus|Enamorus, F|100\/100\n|turn|27\n|\n|t:|1700794064\n|switch|p2a: Slowking|Slowking-Galar, F|79\/100 brn\n|-terastallize|p1a: Enamorus|Fairy\n|move|p1a: Enamorus|Moonblast|p2a: Slowking\n|-resisted|p2a: Slowking\n|-damage|p2a: Slowking|57\/100 brn\n|\n|-damage|p2a: Slowking|51\/100 brn|[from] brn\n|upkeep\n|turn|28\n|inactive|giills has 120 seconds left.\n|\n|t:|1700794081\n|move|p1a: Enamorus|Moonblast|p2a: Slowking\n|-resisted|p2a: Slowking\n|-damage|p2a: Slowking|32\/100 brn\n|move|p2a: Slowking|Chilly Reception|p2a: Slowking\n|-weather|Snow\n|\n|t:|1700794106\n|switch|p2a: Alomomola|Alomomola, F|100\/100|[from] Chilly Reception\n|\n|-weather|Snow|[upkeep]\n|upkeep\n|turn|29\n|inactive|giills has 120 seconds left.\n|\n|t:|1700794111\n|move|p1a: Enamorus|Moonblast|p2a: Alomomola\n|-damage|p2a: Alomomola|34\/100\n|move|p2a: Alomomola|Flip Turn|p1a: Enamorus\n|-damage|p1a: Enamorus|75\/100\n|\n|t:|1700794117\n|switch|p2a: Slowking|Slowking-Galar, F|65\/100 brn|[from] Flip Turn\n|\n|-weather|Snow|[upkeep]\n|-damage|p2a: Slowking|59\/100 brn|[from] brn\n|upkeep\n|turn|30\n|\n|t:|1700794131\n|switch|p1a: Skeledirge|Skeledirge, F|49\/100\n|move|p2a: Slowking|Sludge Bomb|p1a: Skeledirge\n|-resisted|p1a: Skeledirge\n|-damage|p1a: Skeledirge|36\/100\n|-status|p1a: Skeledirge|psn\n|\n|-weather|Snow|[upkeep]\n|-damage|p1a: Skeledirge|24\/100 psn|[from] psn\n|-damage|p2a: Slowking|53\/100 brn|[from] brn\n|upkeep\n|turn|31\n|\n|t:|1700794137\n|move|p1a: Skeledirge|Slack Off|p1a: Skeledirge\n|-heal|p1a: Skeledirge|74\/100 psn\n|move|p2a: Slowking|Future Sight|p1a: Skeledirge\n|-start|p2a: Slowking|move: Future Sight\n|\n|-weather|Snow|[upkeep]\n|-damage|p1a: Skeledirge|62\/100 psn|[from] psn\n|-damage|p2a: Slowking|47\/100 brn|[from] brn\n|upkeep\n|turn|32\n|\n|t:|1700794151\n|move|p1a: Skeledirge|Slack Off|p1a: Skeledirge\n|-heal|p1a: Skeledirge|100\/100 psn\n|move|p2a: Slowking|Chilly Reception|p2a: Slowking\n|\n|t:|1700794156\n|switch|p2a: Thundurus|Thundurus-Therian, M, tera:Flying|100\/100|[from] Chilly Reception\n|\n|-weather|none\n|-damage|p1a: Skeledirge|88\/100 psn|[from] psn\n|upkeep\n|turn|33\n|\n|t:|1700794177\n|move|p2a: Thundurus|Tera Blast|p1a: Skeledirge|[anim] Tera Blast Flying\n|-damage|p1a: Skeledirge|23\/100 psn\n|move|p1a: Skeledirge|Shadow Ball|p2a: Thundurus\n|-damage|p2a: Thundurus|57\/100\n|\n|-end|p1a: Skeledirge|move: Future Sight\n|-damage|p1a: Skeledirge|0 fnt\n|faint|p1a: Skeledirge\n|upkeep\n|\n|t:|1700794183\n|switch|p1a: Enamorus|Enamorus, F, tera:Fairy|75\/100\n|turn|34\n|\n|t:|1700794190\n|switch|p2a: Alomomola|Alomomola, F|67\/100\n|move|p1a: Enamorus|Moonblast|p2a: Alomomola\n|-damage|p2a: Alomomola|5\/100\n|\n|upkeep\n|turn|35\n|\n|t:|1700794196\n|switch|p2a: Slowking|Slowking-Galar, F|80\/100 brn\n|move|p1a: Enamorus|Moonblast|p2a: Slowking\n|-resisted|p2a: Slowking\n|-damage|p2a: Slowking|59\/100 brn\n|\n|-damage|p2a: Slowking|53\/100 brn|[from] brn\n|upkeep\n|turn|36\n|\n|t:|1700794206\n|switch|p1a: Zapdos|Zapdos|100\/100\n|move|p2a: Slowking|Chilly Reception|p2a: Slowking\n|-weather|Snow\n|\n|t:|1700794218\n|switch|p2a: Thundurus|Thundurus-Therian, M, tera:Flying|57\/100|[from] Chilly Reception\n|\n|-weather|Snow|[upkeep]\n|upkeep\n|turn|37\n|\n|t:|1700794239\n|move|p2a: Thundurus|Volt Switch|p1a: Zapdos\n|-damage|p1a: Zapdos|45\/100\n|\n|t:|1700794249\n|switch|p2a: Great Tusk|Great Tusk|69\/100|[from] Volt Switch\n|move|p1a: Zapdos|U-turn|p2a: Great Tusk\n|-resisted|p2a: Great Tusk\n|-damage|p2a: Great Tusk|64\/100\n|-damage|p1a: Zapdos|28\/100|[from] item: Rocky Helmet|[of] p2a: Great Tusk\n|\n|t:|1700794253\n|switch|p1a: Enamorus|Enamorus, F, tera:Fairy|75\/100|[from] U-turn\n|\n|-weather|Snow|[upkeep]\n|upkeep\n|turn|38\n|\n|t:|1700794263\n|-end|p2a: Great Tusk|Protosynthesis|[silent]\n|switch|p2a: Slowking|Slowking-Galar, F|86\/100 brn\n|move|p1a: Enamorus|Moonblast|p2a: Slowking\n|-resisted|p2a: Slowking\n|-damage|p2a: Slowking|65\/100 brn\n|-unboost|p2a: Slowking|spa|1\n|\n|-weather|Snow|[upkeep]\n|-damage|p2a: Slowking|59\/100 brn|[from] brn\n|upkeep\n|turn|39\n|\n|t:|1700794273\n|switch|p1a: Weezing|Weezing-Galar, F|85\/100\n|-ability|p1a: Weezing|Neutralizing Gas\n|move|p2a: Slowking|Sludge Bomb|p1a: Weezing\n|-crit|p1a: Weezing\n|-damage|p1a: Weezing|20\/100\n|\n|-weather|Snow|[upkeep]\n|-heal|p1a: Weezing|26\/100|[from] item: Leftovers\n|-damage|p2a: Slowking|53\/100 brn|[from] brn\n|upkeep\n|turn|40\n|-message|giills forfeited.\n|\n|win|The Lazy Onee\n|raw|giills's rating: 1460 &rarr; <strong>1438<\/strong><br \/>(-22 for losing)\n|raw|The Lazy Onee's rating: 1423 &rarr; <strong>1445<\/strong><br \/>(+22 for winning)\n|l|\u2606giills\n","uploadtime":1700794282,"views":5,"p1id":"giills","p2id":"thelazyonee","formatid":"gen9ou","rating":1438,"private":0,"password":""}