{"id":"gen9ou-1992464751","p1":"Hi fren hf","p2":"ratatta17","format":"[Gen 9] OU","log":"|j|\u2606Hi fren hf\n|j|\u2606ratatta17\n|t:|1700190824\n|gametype|singles\n|player|p1|Hi fren hf|265|1410\n|player|p2|ratatta17|101|1485\n|teamsize|p1|6\n|teamsize|p2|6\n|gen|9\n|tier|[Gen 9] OU\n|rated|\n|rule|Sleep Clause Mod: Limit one foe put to sleep\n|rule|Species Clause: Limit one of each Pok\u00e9mon\n|rule|OHKO Clause: OHKO moves are banned\n|rule|Evasion Items Clause: Evasion items are banned\n|rule|Evasion Moves Clause: Evasion moves are banned\n|rule|Endless Battle Clause: Forcing endless battles is banned\n|rule|HP Percentage Mod: HP is shown in percentages\n|clearpoke\n|poke|p1|Gholdengo|\n|poke|p1|Great Tusk|\n|poke|p1|Kingambit, F|\n|poke|p1|Ribombee, F|\n|poke|p1|Iron Moth|\n|poke|p1|Greninja-*, M|\n|poke|p2|Azumarill, F|\n|poke|p2|Staraptor, M|\n|poke|p2|Toedscruel, M|\n|poke|p2|Skeledirge, M|\n|poke|p2|Ninetales-Alola, F|\n|poke|p2|Iron Valiant|\n|teampreview\n|inactive|Battle timer is ON: inactive players will automatically lose when time's up. (requested by ratatta17)\n|\n|t:|1700190867\n|start\n|switch|p1a: Gholdengo|Gholdengo|100\/100\n|switch|p2a: Toedscruel|Toedscruel, M|100\/100\n|-item|p1a: Gholdengo|Air Balloon\n|turn|1\n|\n|t:|1700190880\n|switch|p1a: Ribombee|Ribombee, F|100\/100\n|move|p2a: Toedscruel|Spore|p1a: Ribombee\n|-status|p1a: Ribombee|slp|[from] move: Spore\n|\n|upkeep\n|turn|2\n|\n|t:|1700190887\n|switch|p2a: Ninetales|Ninetales-Alola, F|100\/100\n|-weather|Snow|[from] ability: Snow Warning|[of] p2a: Ninetales\n|cant|p1a: Ribombee|slp\n|\n|-weather|Snow|[upkeep]\n|upkeep\n|turn|3\n|\n|t:|1700190892\n|cant|p1a: Ribombee|slp\n|move|p2a: Ninetales|Aurora Veil|p2a: Ninetales\n|-sidestart|p2: ratatta17|move: Aurora Veil\n|\n|-weather|Snow|[upkeep]\n|upkeep\n|turn|4\n|\n|t:|1700190896\n|switch|p2a: Skeledirge|Skeledirge, M|100\/100\n|-curestatus|p1a: Ribombee|slp|[msg]\n|move|p1a: Ribombee|Stun Spore|p2a: Skeledirge\n|-status|p2a: Skeledirge|par\n|\n|-weather|Snow|[upkeep]\n|upkeep\n|turn|5\n|\n|t:|1700190902\n|move|p1a: Ribombee|Sticky Web|p2a: Skeledirge\n|-sidestart|p2: ratatta17|move: Sticky Web\n|cant|p2a: Skeledirge|par\n|\n|-weather|Snow|[upkeep]\n|upkeep\n|turn|6\n|\n|t:|1700190905\n|move|p1a: Ribombee|U-turn|p2a: Skeledirge\n|-resisted|p2a: Skeledirge\n|-damage|p2a: Skeledirge|99\/100 par\n|\n|t:|1700190916\n|switch|p1a: Iron Moth|Iron Moth|100\/100|[from] U-turn\n|-enditem|p1a: Iron Moth|Booster Energy\n|-activate|p1a: Iron Moth|ability: Quark Drive|[fromitem]\n|-start|p1a: Iron Moth|quarkdrivespa\n|move|p2a: Skeledirge|Torch Song|p1a: Iron Moth\n|-resisted|p1a: Iron Moth\n|-damage|p1a: Iron Moth|86\/100\n|-boost|p2a: Skeledirge|spa|1\n|\n|-weather|none\n|-heal|p2a: Skeledirge|100\/100 par|[from] item: Leftovers\n|upkeep\n|turn|7\n|\n|t:|1700190921\n|-terastallize|p1a: Iron Moth|Ground\n|move|p1a: Iron Moth|Tera Blast|p2a: Skeledirge|[anim] Tera Blast Ground\n|-supereffective|p2a: Skeledirge\n|-damage|p2a: Skeledirge|57\/100 par\n|move|p2a: Skeledirge|Torch Song|p1a: Iron Moth\n|-damage|p1a: Iron Moth|43\/100\n|-boost|p2a: Skeledirge|spa|1\n|\n|-heal|p2a: Skeledirge|63\/100 par|[from] item: Leftovers\n|upkeep\n|turn|8\n|\n|t:|1700190932\n|move|p1a: Iron Moth|Fiery Dance|p2a: Skeledirge\n|-resisted|p2a: Skeledirge\n|-damage|p2a: Skeledirge|51\/100 par\n|move|p2a: Skeledirge|Torch Song|p1a: Iron Moth\n|-damage|p1a: Iron Moth|0 fnt\n|-boost|p2a: Skeledirge|spa|1\n|faint|p1a: Iron Moth\n|-end|p1a: Iron Moth|Quark Drive|[silent]\n|\n|-heal|p2a: Skeledirge|57\/100 par|[from] item: Leftovers\n|upkeep\n|\n|t:|1700190939\n|switch|p1a: Greninja|Greninja, M|100\/100\n|turn|9\n|\n|t:|1700190947\n|switch|p2a: Ninetales|Ninetales-Alola, F|100\/100\n|-activate|p2a: Ninetales|move: Sticky Web\n|-unboost|p2a: Ninetales|spe|1\n|-weather|Snow|[from] ability: Snow Warning|[of] p2a: Ninetales\n|move|p1a: Greninja|Gunk Shot|p2a: Ninetales\n|-supereffective|p2a: Ninetales\n|-damage|p2a: Ninetales|76\/100\n|-damage|p1a: Greninja|91\/100|[from] item: Life Orb\n|\n|-weather|Snow|[upkeep]\n|upkeep\n|turn|10\n|\n|t:|1700190957\n|switch|p1a: Ribombee|Ribombee, F|100\/100\n|switch|p2a: Toedscruel|Toedscruel, M|100\/100\n|-activate|p2a: Toedscruel|move: Sticky Web\n|-unboost|p2a: Toedscruel|spe|1\n|\n|-weather|Snow|[upkeep]\n|-sideend|p2: ratatta17|move: Aurora Veil\n|upkeep\n|turn|11\n|\n|t:|1700190962\n|move|p1a: Ribombee|Moonblast|p2a: Toedscruel\n|-damage|p2a: Toedscruel|67\/100\n|-unboost|p2a: Toedscruel|spa|1\n|move|p2a: Toedscruel|Spore|p1a: Ribombee\n|-status|p1a: Ribombee|slp|[from] move: Spore\n|\n|-weather|Snow|[upkeep]\n|-heal|p2a: Toedscruel|73\/100|[from] item: Leftovers\n|upkeep\n|turn|12\n|\n|t:|1700190970\n|cant|p1a: Ribombee|slp\n|move|p2a: Toedscruel|Rapid Spin|p1a: Ribombee\n|-damage|p1a: Ribombee|83\/100 slp\n|-boost|p2a: Toedscruel|spe|1\n|-sideend|p2: ratatta17|Sticky Web|[from] move: Rapid Spin|[of] p2a: Toedscruel\n|\n|-weather|Snow|[upkeep]\n|-heal|p2a: Toedscruel|79\/100|[from] item: Leftovers\n|upkeep\n|turn|13\n|\n|t:|1700190973\n|-curestatus|p1a: Ribombee|slp|[msg]\n|move|p1a: Ribombee|Moonblast|p2a: Toedscruel\n|-damage|p2a: Toedscruel|46\/100\n|move|p2a: Toedscruel|Leech Seed|p1a: Ribombee\n|-start|p1a: Ribombee|move: Leech Seed\n|\n|-weather|none\n|-heal|p2a: Toedscruel|52\/100|[from] item: Leftovers\n|-damage|p1a: Ribombee|71\/100|[from] Leech Seed|[of] p2a: Toedscruel\n|-heal|p2a: Toedscruel|60\/100|[silent]\n|upkeep\n|turn|14\n|\n|t:|1700190977\n|move|p1a: Ribombee|Sticky Web|p2a: Toedscruel\n|-sidestart|p2: ratatta17|move: Sticky Web\n|move|p2a: Toedscruel|Spore|p1a: Ribombee\n|-status|p1a: Ribombee|slp|[from] move: Spore\n|\n|-heal|p2a: Toedscruel|66\/100|[from] item: Leftovers\n|-damage|p1a: Ribombee|59\/100 slp|[from] Leech Seed|[of] p2a: Toedscruel\n|-heal|p2a: Toedscruel|75\/100|[silent]\n|upkeep\n|turn|15\n|\n|t:|1700190981\n|switch|p1a: Greninja|Greninja, M|91\/100\n|move|p2a: Toedscruel|Knock Off|p1a: Greninja\n|-resisted|p1a: Greninja\n|-damage|p1a: Greninja|77\/100\n|-enditem|p1a: Greninja|Life Orb|[from] move: Knock Off|[of] p2a: Toedscruel\n|\n|-heal|p2a: Toedscruel|81\/100|[from] item: Leftovers\n|upkeep\n|turn|16\n|\n|t:|1700190985\n|switch|p2a: Ninetales|Ninetales-Alola, F|76\/100\n|-activate|p2a: Ninetales|move: Sticky Web\n|-unboost|p2a: Ninetales|spe|1\n|-weather|Snow|[from] ability: Snow Warning|[of] p2a: Ninetales\n|move|p1a: Greninja|Dark Pulse|p2a: Ninetales\n|-resisted|p2a: Ninetales\n|-damage|p2a: Ninetales|64\/100\n|\n|-weather|Snow|[upkeep]\n|upkeep\n|turn|17\n|\n|t:|1700190989\n|move|p1a: Greninja|Gunk Shot|p2a: Ninetales\n|-supereffective|p2a: Ninetales\n|-damage|p2a: Ninetales|22\/100\n|move|p2a: Ninetales|Aurora Veil|p2a: Ninetales\n|-sidestart|p2: ratatta17|move: Aurora Veil\n|\n|-weather|Snow|[upkeep]\n|upkeep\n|turn|18\n|inactive|ratatta17 has 120 seconds left.\n|\n|t:|1700191023\n|switch|p2a: Staraptor|Staraptor, M|100\/100\n|-ability|p2a: Staraptor|Intimidate|boost\n|-unboost|p1a: Greninja|atk|1\n|move|p1a: Greninja|Gunk Shot|p2a: Staraptor|[miss]\n|-miss|p1a: Greninja|p2a: Staraptor\n|\n|-weather|Snow|[upkeep]\n|upkeep\n|turn|19\n|\n|t:|1700191035\n|switch|p1a: Ribombee|Ribombee, F|59\/100 slp\n|move|p2a: Staraptor|U-turn|p1a: Ribombee\n|-resisted|p1a: Ribombee\n|-damage|p1a: Ribombee|41\/100 slp\n|\n|t:|1700191038\n|switch|p2a: Toedscruel|Toedscruel, M|81\/100|[from] U-turn\n|-activate|p2a: Toedscruel|move: Sticky Web\n|-unboost|p2a: Toedscruel|spe|1\n|\n|-weather|Snow|[upkeep]\n|-heal|p2a: Toedscruel|87\/100|[from] item: Leftovers\n|upkeep\n|turn|20\n|\n|t:|1700191043\n|cant|p1a: Ribombee|slp\n|move|p2a: Toedscruel|Leech Seed|p1a: Ribombee\n|-start|p1a: Ribombee|move: Leech Seed\n|\n|-weather|none\n|-heal|p2a: Toedscruel|93\/100|[from] item: Leftovers\n|-damage|p1a: Ribombee|29\/100 slp|[from] Leech Seed|[of] p2a: Toedscruel\n|-heal|p2a: Toedscruel|100\/100|[silent]\n|upkeep\n|turn|21\n|\n|t:|1700191050\n|switch|p1a: Gholdengo|Gholdengo|100\/100\n|-item|p1a: Gholdengo|Air Balloon\n|move|p2a: Toedscruel|Rapid Spin|p1a: Gholdengo\n|-immune|p1a: Gholdengo\n|\n|upkeep\n|turn|22\n|\n|t:|1700191054\n|move|p1a: Gholdengo|Nasty Plot|p1a: Gholdengo\n|-boost|p1a: Gholdengo|spa|2\n|move|p2a: Toedscruel|Knock Off|p1a: Gholdengo\n|-supereffective|p1a: Gholdengo\n|-damage|p1a: Gholdengo|59\/100\n|-enditem|p1a: Gholdengo|Air Balloon\n|\n|upkeep\n|turn|23\n|\n|t:|1700191062\n|move|p1a: Gholdengo|Make It Rain|p2a: Toedscruel\n|-damage|p2a: Toedscruel|46\/100\n|-unboost|p1a: Gholdengo|spa|1\n|move|p2a: Toedscruel|Leech Seed|p1a: Gholdengo\n|-start|p1a: Gholdengo|move: Leech Seed\n|\n|-heal|p2a: Toedscruel|52\/100|[from] item: Leftovers\n|-damage|p1a: Gholdengo|47\/100|[from] Leech Seed|[of] p2a: Toedscruel\n|-heal|p2a: Toedscruel|62\/100|[silent]\n|upkeep\n|turn|24\n|\n|t:|1700191069\n|move|p1a: Gholdengo|Make It Rain|p2a: Toedscruel\n|-damage|p2a: Toedscruel|23\/100\n|-unboost|p1a: Gholdengo|spa|1\n|move|p2a: Toedscruel|Knock Off|p1a: Gholdengo\n|-supereffective|p1a: Gholdengo\n|-damage|p1a: Gholdengo|22\/100\n|\n|-heal|p2a: Toedscruel|29\/100|[from] item: Leftovers\n|-damage|p1a: Gholdengo|9\/100|[from] Leech Seed|[of] p2a: Toedscruel\n|-heal|p2a: Toedscruel|40\/100|[silent]\n|-sideend|p2: ratatta17|move: Aurora Veil\n|upkeep\n|turn|25\n|\n|t:|1700191079\n|move|p1a: Gholdengo|Recover|p1a: Gholdengo\n|-heal|p1a: Gholdengo|59\/100\n|move|p2a: Toedscruel|Knock Off|p1a: Gholdengo\n|-supereffective|p1a: Gholdengo\n|-damage|p1a: Gholdengo|33\/100\n|\n|-heal|p2a: Toedscruel|46\/100|[from] item: Leftovers\n|-damage|p1a: Gholdengo|21\/100|[from] Leech Seed|[of] p2a: Toedscruel\n|-heal|p2a: Toedscruel|56\/100|[silent]\n|upkeep\n|turn|26\n|\n|t:|1700191083\n|move|p1a: Gholdengo|Recover|p1a: Gholdengo\n|-heal|p1a: Gholdengo|71\/100\n|move|p2a: Toedscruel|Knock Off|p1a: Gholdengo\n|-supereffective|p1a: Gholdengo\n|-damage|p1a: Gholdengo|47\/100\n|\n|-heal|p2a: Toedscruel|62\/100|[from] item: Leftovers\n|-damage|p1a: Gholdengo|35\/100|[from] Leech Seed|[of] p2a: Toedscruel\n|-heal|p2a: Toedscruel|73\/100|[silent]\n|upkeep\n|turn|27\n|\n|t:|1700191087\n|switch|p1a: Greninja|Greninja, M|77\/100\n|move|p2a: Toedscruel|Knock Off|p1a: Greninja\n|-resisted|p1a: Greninja\n|-damage|p1a: Greninja|67\/100\n|\n|-heal|p2a: Toedscruel|79\/100|[from] item: Leftovers\n|upkeep\n|turn|28\n|\n|t:|1700191103\n|switch|p1a: Ribombee|Ribombee, F|29\/100 slp\n|switch|p2a: Staraptor|Staraptor, M|100\/100\n|-ability|p2a: Staraptor|Intimidate|boost\n|-unboost|p1a: Ribombee|atk|1\n|\n|upkeep\n|turn|29\n|\n|t:|1700191106\n|move|p2a: Staraptor|U-turn|p1a: Ribombee\n|-resisted|p1a: Ribombee\n|-damage|p1a: Ribombee|12\/100 slp\n|\n|t:|1700191118\n|switch|p2a: Ninetales|Ninetales-Alola, F|22\/100|[from] U-turn\n|-activate|p2a: Ninetales|move: Sticky Web\n|-unboost|p2a: Ninetales|spe|1\n|-weather|Snow|[from] ability: Snow Warning|[of] p2a: Ninetales\n|cant|p1a: Ribombee|slp\n|\n|-weather|Snow|[upkeep]\n|upkeep\n|turn|30\n|\n|t:|1700191127\n|cant|p1a: Ribombee|slp\n|move|p2a: Ninetales|Aurora Veil|p2a: Ninetales\n|-sidestart|p2: ratatta17|move: Aurora Veil\n|\n|-weather|Snow|[upkeep]\n|upkeep\n|turn|31\n|\n|t:|1700191131\n|move|p2a: Ninetales|Ice Shard|p1a: Ribombee\n|-damage|p1a: Ribombee|0 fnt\n|faint|p1a: Ribombee\n|\n|-weather|Snow|[upkeep]\n|upkeep\n|\n|t:|1700191140\n|switch|p1a: Greninja|Greninja, M|67\/100\n|turn|32\n|\n|t:|1700191144\n|switch|p2a: Staraptor|Staraptor, M|100\/100\n|-ability|p2a: Staraptor|Intimidate|boost\n|-unboost|p1a: Greninja|atk|1\n|move|p1a: Greninja|Surf|p2a: Staraptor\n|-damage|p2a: Staraptor|74\/100\n|\n|-weather|Snow|[upkeep]\n|upkeep\n|turn|33\n|\n|t:|1700191172\n|move|p1a: Greninja|Water Shuriken|p2a: Staraptor\n|-damage|p2a: Staraptor|69\/100\n|-crit|p2a: Staraptor\n|-damage|p2a: Staraptor|56\/100\n|-damage|p2a: Staraptor|51\/100\n|-damage|p2a: Staraptor|47\/100\n|-hitcount|p2a: Staraptor|4\n|move|p2a: Staraptor|U-turn|p1a: Greninja\n|-supereffective|p1a: Greninja\n|-damage|p1a: Greninja|1\/100\n|\n|t:|1700191175\n|switch|p2a: Azumarill|Azumarill, F|100\/100|[from] U-turn\n|-activate|p2a: Azumarill|move: Sticky Web\n|-unboost|p2a: Azumarill|spe|1\n|\n|-weather|none\n|upkeep\n|turn|34\n|\n|t:|1700191187\n|move|p1a: Greninja|Gunk Shot|p2a: Azumarill\n|-supereffective|p2a: Azumarill\n|-damage|p2a: Azumarill|84\/100\n|move|p2a: Azumarill|Belly Drum|p2a: Azumarill\n|-damage|p2a: Azumarill|34\/100\n|-setboost|p2a: Azumarill|atk|6|[from] move: Belly Drum\n|-enditem|p2a: Azumarill|Sitrus Berry|[eat]\n|-heal|p2a: Azumarill|59\/100|[from] item: Sitrus Berry\n|\n|upkeep\n|turn|35\n|\n|t:|1700191193\n|move|p2a: Azumarill|Aqua Jet|p1a: Greninja\n|-resisted|p1a: Greninja\n|-damage|p1a: Greninja|0 fnt\n|faint|p1a: Greninja\n|\n|upkeep\n|\n|t:|1700191196\n|switch|p1a: Kingambit|Kingambit, F|100\/100\n|-activate|p1a: Kingambit|ability: Supreme Overlord\n|-start|p1a: Kingambit|fallen3|[silent]\n|turn|36\n|\n|t:|1700191199\n|move|p1a: Kingambit|Iron Head|p2a: Azumarill\n|-damage|p2a: Azumarill|26\/100\n|move|p2a: Azumarill|Play Rough|p1a: Kingambit\n|-damage|p1a: Kingambit|0 fnt\n|faint|p1a: Kingambit\n|-end|p1a: Kingambit|fallen3|[silent]\n|\n|upkeep\n|\n|t:|1700191203\n|switch|p1a: Great Tusk|Great Tusk|100\/100\n|turn|37\n|\n|t:|1700191206\n|move|p2a: Azumarill|Aqua Jet|p1a: Great Tusk\n|-supereffective|p1a: Great Tusk\n|-damage|p1a: Great Tusk|0 fnt\n|faint|p1a: Great Tusk\n|-end|p1a: Great Tusk|Protosynthesis|[silent]\n|\n|-sideend|p2: ratatta17|move: Aurora Veil\n|upkeep\n|-message|Hi fren hf forfeited.\n|\n|win|ratatta17\n|raw|Hi fren hf's rating: 1410 &rarr; <strong>1394<\/strong><br \/>(-16 for losing)\n|raw|ratatta17's rating: 1485 &rarr; <strong>1501<\/strong><br \/>(+16 for winning)\n|l|\u2606Hi fren hf\n","uploadtime":1700191213,"views":9,"p1id":"hifrenhf","p2id":"ratatta17","formatid":"gen9ou","rating":1394,"private":0,"password":""}