{"id":"gen9ou-1999722224","p1":"malkobaran","p2":"Large Goat Man","format":"[Gen 9] OU","log":"|j|\u2606malkobaran\n|j|\u2606Large Goat Man\n|t:|1701110917\n|gametype|singles\n|player|p1|malkobaran|firebreather|1490\n|player|p2|Large Goat Man|101|1543\n|teamsize|p1|6\n|teamsize|p2|6\n|gen|9\n|tier|[Gen 9] OU\n|rated|\n|rule|Sleep Clause Mod: Limit one foe put to sleep\n|rule|Species Clause: Limit one of each Pok\u00e9mon\n|rule|OHKO Clause: OHKO moves are banned\n|rule|Evasion Items Clause: Evasion items are banned\n|rule|Evasion Moves Clause: Evasion moves are banned\n|rule|Endless Battle Clause: Forcing endless battles is banned\n|rule|HP Percentage Mod: HP is shown in percentages\n|clearpoke\n|poke|p1|Dragapult, F|\n|poke|p1|Great Tusk|\n|poke|p1|Greninja-*, M|\n|poke|p1|Moltres|\n|poke|p1|Clodsire, F|\n|poke|p1|Cresselia, F|\n|poke|p2|Dragonite, M|\n|poke|p2|Enamorus, F|\n|poke|p2|Kingambit, F|\n|poke|p2|Basculegion-F, F|\n|poke|p2|Great Tusk|\n|poke|p2|Iron Moth|\n|teampreview\n|inactive|Battle timer is ON: inactive players will automatically lose when time's up. (requested by malkobaran)\n|\n|t:|1701110953\n|start\n|switch|p1a: flagelle|Dragapult, F|100\/100\n|switch|p2a: TrashDondozoPlayer|Basculegion-F, F|100\/100\n|turn|1\n|\n|t:|1701110961\n|switch|p1a: la gueule du truc|Clodsire, F|100\/100\n|switch|p2a: Zero skill garbage|Kingambit, F|100\/100\n|\n|upkeep\n|turn|2\n|\n|t:|1701110966\n|switch|p1a: poulet brais\u00e9|Moltres|100\/100\n|move|p2a: Zero skill garbage|Stealth Rock|p1a: poulet brais\u00e9\n|-sidestart|p1: malkobaran|move: Stealth Rock\n|\n|upkeep\n|turn|3\n|\n|t:|1701110970\n|-end|p2a: Zero skill garbage|fallenundefined|[silent]\n|switch|p2a: TrashDondozoPlayer|Basculegion-F, F|100\/100\n|move|p1a: poulet brais\u00e9|Will-O-Wisp|p2a: TrashDondozoPlayer\n|-status|p2a: TrashDondozoPlayer|brn\n|\n|-damage|p2a: TrashDondozoPlayer|94\/100 brn|[from] brn\n|upkeep\n|turn|4\n|\n|t:|1701110974\n|switch|p1a: la gueule du truc|Clodsire, F|100\/100\n|-damage|p1a: la gueule du truc|94\/100|[from] Stealth Rock\n|move|p2a: TrashDondozoPlayer|Shadow Ball|p1a: la gueule du truc\n|-damage|p1a: la gueule du truc|61\/100\n|\n|-heal|p1a: la gueule du truc|67\/100|[from] item: Leftovers\n|-damage|p2a: TrashDondozoPlayer|88\/100 brn|[from] brn\n|upkeep\n|turn|5\n|\n|t:|1701110978\n|move|p2a: TrashDondozoPlayer|Shadow Ball|p1a: la gueule du truc\n|-damage|p1a: la gueule du truc|34\/100\n|-unboost|p1a: la gueule du truc|spd|1\n|move|p1a: la gueule du truc|Recover|p1a: la gueule du truc\n|-heal|p1a: la gueule du truc|84\/100\n|\n|-heal|p1a: la gueule du truc|90\/100|[from] item: Leftovers\n|-damage|p2a: TrashDondozoPlayer|82\/100 brn|[from] brn\n|upkeep\n|turn|6\n|\n|t:|1701110982\n|switch|p1a: xxxxdarksasukexxxx|Greninja, M|100\/100\n|-damage|p1a: xxxxdarksasukexxxx|88\/100|[from] Stealth Rock\n|move|p2a: TrashDondozoPlayer|Shadow Ball|p1a: xxxxdarksasukexxxx\n|-resisted|p1a: xxxxdarksasukexxxx\n|-damage|p1a: xxxxdarksasukexxxx|38\/100\n|\n|-damage|p2a: TrashDondozoPlayer|76\/100 brn|[from] brn\n|upkeep\n|turn|7\n|\n|t:|1701110988\n|switch|p2a: Zero skill garbage|Kingambit, F|100\/100\n|move|p1a: xxxxdarksasukexxxx|Dark Pulse|p2a: Zero skill garbage\n|-resisted|p2a: Zero skill garbage\n|-damage|p2a: Zero skill garbage|83\/100\n|\n|upkeep\n|turn|8\n|\n|t:|1701110993\n|switch|p1a: elmer|Great Tusk|100\/100\n|-damage|p1a: elmer|98\/100|[from] Stealth Rock\n|move|p2a: Zero skill garbage|Low Kick|p1a: elmer\n|-damage|p1a: elmer|75\/100\n|\n|-heal|p1a: elmer|81\/100|[from] item: Leftovers\n|upkeep\n|turn|9\n|\n|t:|1701111000\n|-end|p2a: Zero skill garbage|fallenundefined|[silent]\n|switch|p2a: MOONBLASTER|Enamorus, F|100\/100\n|move|p1a: elmer|Stealth Rock|p2a: MOONBLASTER\n|-sidestart|p2: Large Goat Man|move: Stealth Rock\n|\n|-heal|p1a: elmer|87\/100|[from] item: Leftovers\n|upkeep\n|turn|10\n|\n|t:|1701111004\n|-end|p1a: elmer|Protosynthesis|[silent]\n|switch|p1a: la gueule du truc|Clodsire, F|90\/100\n|-damage|p1a: la gueule du truc|84\/100|[from] Stealth Rock\n|move|p2a: MOONBLASTER|Moonblast|p1a: la gueule du truc\n|-resisted|p1a: la gueule du truc\n|-damage|p1a: la gueule du truc|71\/100\n|\n|-heal|p1a: la gueule du truc|77\/100|[from] item: Leftovers\n|upkeep\n|turn|11\n|\n|t:|1701111008\n|switch|p2a: TrashDondozoPlayer|Basculegion-F, F|76\/100 brn\n|-damage|p2a: TrashDondozoPlayer|64\/100 brn|[from] Stealth Rock\n|move|p1a: la gueule du truc|Spikes|p2a: TrashDondozoPlayer\n|-sidestart|p2: Large Goat Man|Spikes\n|\n|-heal|p1a: la gueule du truc|83\/100|[from] item: Leftovers\n|-damage|p2a: TrashDondozoPlayer|58\/100 brn|[from] brn\n|upkeep\n|turn|12\n|\n|t:|1701111012\n|move|p2a: TrashDondozoPlayer|Shadow Ball|p1a: la gueule du truc\n|-damage|p1a: la gueule du truc|52\/100\n|move|p1a: la gueule du truc|Earthquake|p2a: TrashDondozoPlayer\n|-crit|p2a: TrashDondozoPlayer\n|-damage|p2a: TrashDondozoPlayer|1\/100 brn\n|\n|-heal|p1a: la gueule du truc|58\/100|[from] item: Leftovers\n|-damage|p2a: TrashDondozoPlayer|0 fnt|[from] brn\n|faint|p2a: TrashDondozoPlayer\n|upkeep\n|\n|t:|1701111020\n|switch|p2a: CHIG BUNGUS|Great Tusk|100\/100\n|-damage|p2a: CHIG BUNGUS|98\/100|[from] Stealth Rock\n|-damage|p2a: CHIG BUNGUS|85\/100|[from] Spikes\n|turn|13\n|\n|t:|1701111023\n|switch|p1a: poulet brais\u00e9|Moltres|100\/100\n|move|p2a: CHIG BUNGUS|Rapid Spin|p1a: poulet brais\u00e9\n|-damage|p1a: poulet brais\u00e9|88\/100\n|-boost|p2a: CHIG BUNGUS|spe|1\n|-status|p2a: CHIG BUNGUS|brn|[from] ability: Flame Body|[of] p1a: poulet brais\u00e9\n|-sideend|p2: Large Goat Man|Spikes|[from] move: Rapid Spin|[of] p2a: CHIG BUNGUS\n|-sideend|p2: Large Goat Man|Stealth Rock|[from] move: Rapid Spin|[of] p2a: CHIG BUNGUS\n|\n|-damage|p2a: CHIG BUNGUS|79\/100 brn|[from] brn\n|upkeep\n|turn|14\n|\n|t:|1701111030\n|-end|p2a: CHIG BUNGUS|Protosynthesis|[silent]\n|switch|p2a: SPICY HOT HOT HOT|Iron Moth|100\/100\n|-enditem|p2a: SPICY HOT HOT HOT|Booster Energy\n|-activate|p2a: SPICY HOT HOT HOT|ability: Quark Drive|[fromitem]\n|-start|p2a: SPICY HOT HOT HOT|quarkdrivespa\n|move|p1a: poulet brais\u00e9|U-turn|p2a: SPICY HOT HOT HOT\n|-resisted|p2a: SPICY HOT HOT HOT\n|-damage|p2a: SPICY HOT HOT HOT|94\/100\n|\n|t:|1701111034\n|switch|p1a: la gueule du truc|Clodsire, F|58\/100|[from] U-turn\n|-damage|p1a: la gueule du truc|52\/100|[from] Stealth Rock\n|\n|-heal|p1a: la gueule du truc|58\/100|[from] item: Leftovers\n|upkeep\n|turn|15\n|\n|t:|1701111038\n|-terastallize|p2a: SPICY HOT HOT HOT|Flying\n|move|p2a: SPICY HOT HOT HOT|Hurricane|p1a: la gueule du truc\n|-crit|p1a: la gueule du truc\n|-damage|p1a: la gueule du truc|0 fnt\n|faint|p1a: la gueule du truc\n|\n|upkeep\n|\n|t:|1701111047\n|switch|p1a: flagelle|Dragapult, F|100\/100\n|-damage|p1a: flagelle|88\/100|[from] Stealth Rock\n|turn|16\n|\n|t:|1701111052\n|-terastallize|p1a: flagelle|Ghost\n|move|p1a: flagelle|Tera Blast|p2a: SPICY HOT HOT HOT|[anim] Tera Blast Ghost\n|-damage|p2a: SPICY HOT HOT HOT|0 fnt\n|faint|p2a: SPICY HOT HOT HOT\n|-end|p2a: SPICY HOT HOT HOT|Quark Drive|[silent]\n|\n|upkeep\n|\n|t:|1701111059\n|switch|p2a: MOONBLASTER|Enamorus, F|100\/100\n|turn|17\n|\n|t:|1701111065\n|switch|p2a: Zero skill garbage|Kingambit, F|83\/100\n|-activate|p2a: Zero skill garbage|ability: Supreme Overlord\n|-start|p2a: Zero skill garbage|fallen2|[silent]\n|move|p1a: flagelle|Tera Blast|p2a: Zero skill garbage|[anim] Tera Blast Ghost\n|-resisted|p2a: Zero skill garbage\n|-damage|p2a: Zero skill garbage|51\/100\n|\n|upkeep\n|turn|18\n|\n|t:|1701111076\n|switch|p1a: poulet brais\u00e9|Moltres|88\/100\n|-end|p2a: Zero skill garbage|fallen2|[silent]\n|switch|p2a: MOONBLASTER|Enamorus, F|100\/100\n|\n|upkeep\n|turn|19\n|\n|t:|1701111080\n|move|p2a: MOONBLASTER|Moonblast|p1a: poulet brais\u00e9\n|-resisted|p1a: poulet brais\u00e9\n|-damage|p1a: poulet brais\u00e9|63\/100\n|-unboost|p1a: poulet brais\u00e9|spa|1\n|move|p1a: poulet brais\u00e9|Roost|p1a: poulet brais\u00e9\n|-heal|p1a: poulet brais\u00e9|100\/100\n|-singleturn|p1a: poulet brais\u00e9|move: Roost\n|\n|upkeep\n|turn|20\n|\n|t:|1701111083\n|move|p2a: MOONBLASTER|Moonblast|p1a: poulet brais\u00e9\n|-resisted|p1a: poulet brais\u00e9\n|-damage|p1a: poulet brais\u00e9|71\/100\n|move|p1a: poulet brais\u00e9|U-turn|p2a: MOONBLASTER\n|-resisted|p2a: MOONBLASTER\n|-damage|p2a: MOONBLASTER|95\/100\n|\n|t:|1701111086\n|switch|p1a: le goat ultime|Cresselia, F|100\/100|[from] U-turn\n|-damage|p1a: le goat ultime|88\/100|[from] Stealth Rock\n|\n|-heal|p1a: le goat ultime|94\/100|[from] item: Leftovers\n|upkeep\n|turn|21\n|\n|t:|1701111089\n|move|p2a: MOONBLASTER|Moonblast|p1a: le goat ultime\n|-damage|p1a: le goat ultime|45\/100\n|move|p1a: le goat ultime|Calm Mind|p1a: le goat ultime\n|-boost|p1a: le goat ultime|spa|1\n|-boost|p1a: le goat ultime|spd|1\n|\n|-heal|p1a: le goat ultime|51\/100|[from] item: Leftovers\n|upkeep\n|turn|22\n|\n|t:|1701111093\n|move|p2a: MOONBLASTER|Moonblast|p1a: le goat ultime\n|-damage|p1a: le goat ultime|14\/100\n|move|p1a: le goat ultime|Moonblast|p2a: MOONBLASTER\n|-damage|p2a: MOONBLASTER|58\/100\n|\n|-heal|p1a: le goat ultime|20\/100|[from] item: Leftovers\n|upkeep\n|turn|23\n|\n|t:|1701111097\n|move|p2a: MOONBLASTER|Moonblast|p1a: le goat ultime\n|-damage|p1a: le goat ultime|0 fnt\n|faint|p1a: le goat ultime\n|\n|upkeep\n|\n|t:|1701111101\n|switch|p1a: flagelle|Dragapult, F, tera:Ghost|88\/100\n|-damage|p1a: flagelle|76\/100|[from] Stealth Rock\n|turn|24\n|\n|t:|1701111105\n|switch|p2a: CHIG BUNGUS|Great Tusk|79\/100 brn\n|move|p1a: flagelle|Tera Blast|p2a: CHIG BUNGUS|[anim] Tera Blast Ghost\n|-damage|p2a: CHIG BUNGUS|15\/100 brn\n|\n|-damage|p2a: CHIG BUNGUS|9\/100 brn|[from] brn\n|upkeep\n|turn|25\n|\n|t:|1701111108\n|move|p1a: flagelle|Tera Blast|p2a: CHIG BUNGUS|[anim] Tera Blast Ghost\n|-damage|p2a: CHIG BUNGUS|0 fnt\n|faint|p2a: CHIG BUNGUS\n|-end|p2a: CHIG BUNGUS|Protosynthesis|[silent]\n|\n|upkeep\n|\n|t:|1701111116\n|switch|p2a: Zero skill garbage|Kingambit, F|51\/100\n|-activate|p2a: Zero skill garbage|ability: Supreme Overlord\n|-start|p2a: Zero skill garbage|fallen3|[silent]\n|turn|26\n|\n|t:|1701111122\n|switch|p1a: elmer|Great Tusk|87\/100\n|-damage|p1a: elmer|84\/100|[from] Stealth Rock\n|-end|p2a: Zero skill garbage|fallen3|[silent]\n|switch|p2a: MOONBLASTER|Enamorus, F|58\/100\n|\n|-heal|p1a: elmer|90\/100|[from] item: Leftovers\n|upkeep\n|turn|27\n|\n|t:|1701111126\n|-end|p1a: elmer|Protosynthesis|[silent]\n|switch|p1a: poulet brais\u00e9|Moltres|71\/100\n|move|p2a: MOONBLASTER|Moonblast|p1a: poulet brais\u00e9\n|-resisted|p1a: poulet brais\u00e9\n|-damage|p1a: poulet brais\u00e9|44\/100\n|-unboost|p1a: poulet brais\u00e9|spa|1\n|\n|upkeep\n|turn|28\n|\n|t:|1701111128\n|move|p2a: MOONBLASTER|Moonblast|p1a: poulet brais\u00e9\n|-resisted|p1a: poulet brais\u00e9\n|-damage|p1a: poulet brais\u00e9|15\/100\n|move|p1a: poulet brais\u00e9|Roost|p1a: poulet brais\u00e9\n|-heal|p1a: poulet brais\u00e9|65\/100\n|-singleturn|p1a: poulet brais\u00e9|move: Roost\n|\n|upkeep\n|turn|29\n|\n|t:|1701111131\n|move|p2a: MOONBLASTER|Moonblast|p1a: poulet brais\u00e9\n|-resisted|p1a: poulet brais\u00e9\n|-damage|p1a: poulet brais\u00e9|28\/100\n|move|p1a: poulet brais\u00e9|Roost|p1a: poulet brais\u00e9\n|-heal|p1a: poulet brais\u00e9|78\/100\n|-singleturn|p1a: poulet brais\u00e9|move: Roost\n|\n|upkeep\n|turn|30\n|\n|t:|1701111134\n|move|p2a: MOONBLASTER|Moonblast|p1a: poulet brais\u00e9\n|-resisted|p1a: poulet brais\u00e9\n|-damage|p1a: poulet brais\u00e9|40\/100\n|-unboost|p1a: poulet brais\u00e9|spa|1\n|move|p1a: poulet brais\u00e9|Flamethrower|p2a: MOONBLASTER\n|-crit|p2a: MOONBLASTER\n|-damage|p2a: MOONBLASTER|0 fnt\n|faint|p2a: MOONBLASTER\n|\n|upkeep\n|\n|t:|1701111138\n|switch|p2a: Ultra Speed|Dragonite, M|100\/100\n|turn|31\n|\n|t:|1701111140\n|move|p2a: Ultra Speed|Dragon Dance|p2a: Ultra Speed\n|-boost|p2a: Ultra Speed|atk|1\n|-boost|p2a: Ultra Speed|spe|1\n|move|p1a: poulet brais\u00e9|Will-O-Wisp|p2a: Ultra Speed\n|-status|p2a: Ultra Speed|brn\n|\n|-damage|p2a: Ultra Speed|94\/100 brn|[from] brn\n|upkeep\n|turn|32\n|\n|t:|1701111143\n|move|p2a: Ultra Speed|Dragon Dance|p2a: Ultra Speed\n|-boost|p2a: Ultra Speed|atk|1\n|-boost|p2a: Ultra Speed|spe|1\n|move|p1a: poulet brais\u00e9|U-turn|p2a: Ultra Speed\n|-resisted|p2a: Ultra Speed\n|-damage|p2a: Ultra Speed|88\/100 brn\n|\n|t:|1701111145\n|switch|p1a: elmer|Great Tusk|90\/100|[from] U-turn\n|-damage|p1a: elmer|87\/100|[from] Stealth Rock\n|\n|-heal|p1a: elmer|94\/100|[from] item: Leftovers\n|-damage|p2a: Ultra Speed|82\/100 brn|[from] brn\n|upkeep\n|turn|33\n|\n|t:|1701111148\n|move|p2a: Ultra Speed|Facade|p1a: elmer\n|-damage|p1a: elmer|40\/100\n|move|p1a: elmer|Rapid Spin|p2a: Ultra Speed\n|-damage|p2a: Ultra Speed|68\/100 brn\n|-boost|p1a: elmer|spe|1\n|-sideend|p1: malkobaran|Stealth Rock|[from] move: Rapid Spin|[of] p1a: elmer\n|\n|-heal|p1a: elmer|47\/100|[from] item: Leftovers\n|-damage|p2a: Ultra Speed|62\/100 brn|[from] brn\n|upkeep\n|turn|34\n|\n|t:|1701111154\n|move|p2a: Ultra Speed|Facade|p1a: elmer\n|-damage|p1a: elmer|0 fnt\n|faint|p1a: elmer\n|-end|p1a: elmer|Protosynthesis|[silent]\n|\n|-damage|p2a: Ultra Speed|56\/100 brn|[from] brn\n|upkeep\n|\n|t:|1701111161\n|switch|p1a: flagelle|Dragapult, F, tera:Ghost|76\/100\n|turn|35\n|\n|t:|1701111165\n|switch|p1a: xxxxdarksasukexxxx|Greninja, M|38\/100\n|move|p2a: Ultra Speed|Earthquake|p1a: xxxxdarksasukexxxx\n|-damage|p1a: xxxxdarksasukexxxx|0 fnt\n|faint|p1a: xxxxdarksasukexxxx\n|\n|-damage|p2a: Ultra Speed|50\/100 brn|[from] brn\n|upkeep\n|\n|t:|1701111168\n|switch|p1a: poulet brais\u00e9|Moltres|40\/100\n|turn|36\n|\n|t:|1701111173\n|move|p2a: Ultra Speed|Dragon Dance|p2a: Ultra Speed\n|-boost|p2a: Ultra Speed|atk|1\n|-boost|p2a: Ultra Speed|spe|1\n|move|p1a: poulet brais\u00e9|Roost|p1a: poulet brais\u00e9\n|-heal|p1a: poulet brais\u00e9|90\/100\n|-singleturn|p1a: poulet brais\u00e9|move: Roost\n|\n|-damage|p2a: Ultra Speed|44\/100 brn|[from] brn\n|upkeep\n|turn|37\n|\n|t:|1701111176\n|move|p2a: Ultra Speed|Facade|p1a: poulet brais\u00e9\n|-damage|p1a: poulet brais\u00e9|0 fnt\n|faint|p1a: poulet brais\u00e9\n|\n|-damage|p2a: Ultra Speed|38\/100 brn|[from] brn\n|upkeep\n|-message|malkobaran forfeited.\n|\n|win|Large Goat Man\n|raw|malkobaran's rating: 1490 &rarr; <strong>1473<\/strong><br \/>(-17 for losing)\n|raw|Large Goat Man's rating: 1543 &rarr; <strong>1560<\/strong><br \/>(+17 for winning)\n|l|\u2606malkobaran\n","uploadtime":1701111184,"views":3,"p1id":"malkobaran","p2id":"largegoatman","formatid":"gen9ou","rating":1473,"private":0,"password":""}