{"id":"gen9ou-1989661901","p1":"americandragon79","p2":"brokenfreak","format":"[Gen 9] OU","log":"|j|\u2606americandragon79\n|j|\u2606brokenfreak\n|t:|1699884433\n|gametype|singles\n|player|p1|americandragon79|acetrainerf-gen7|1107\n|player|p2|brokenfreak|silver|1000\n|teamsize|p1|6\n|teamsize|p2|6\n|gen|9\n|tier|[Gen 9] OU\n|rated|\n|rule|Sleep Clause Mod: Limit one foe put to sleep\n|rule|Species Clause: Limit one of each Pok\u00e9mon\n|rule|OHKO Clause: OHKO moves are banned\n|rule|Evasion Items Clause: Evasion items are banned\n|rule|Evasion Moves Clause: Evasion moves are banned\n|rule|Endless Battle Clause: Forcing endless battles is banned\n|rule|HP Percentage Mod: HP is shown in percentages\n|clearpoke\n|poke|p1|Dragonite, M|\n|poke|p1|Clefable, F|\n|poke|p1|Heatran, F|\n|poke|p1|Landorus-Therian, M|\n|poke|p1|Greninja-*, M|\n|poke|p1|Sneasler, M|\n|poke|p2|Gholdengo|\n|poke|p2|Tinkaton, F|\n|poke|p2|Clodsire, M|\n|poke|p2|Samurott-Hisui, F|\n|poke|p2|Meowscarada, F|\n|poke|p2|Ceruledge, F|\n|teampreview\n|c|\u2606americandragon79|Gl hf\n|\n|t:|1699884458\n|start\n|switch|p1a: Dragonite|Dragonite, M, shiny|100\/100\n|switch|p2a: Clodsire|Clodsire, M|100\/100\n|turn|1\n|\n|t:|1699884472\n|move|p1a: Dragonite|Dragon Dance|p1a: Dragonite\n|-boost|p1a: Dragonite|atk|1\n|-boost|p1a: Dragonite|spe|1\n|move|p2a: Clodsire|Yawn|p1a: Dragonite\n|-start|p1a: Dragonite|move: Yawn|[of] p2a: Clodsire\n|\n|upkeep\n|turn|2\n|\n|t:|1699884481\n|move|p1a: Dragonite|Earthquake|p2a: Clodsire\n|-supereffective|p2a: Clodsire\n|-damage|p2a: Clodsire|0 fnt\n|faint|p2a: Clodsire\n|\n|-end|p1a: Dragonite|move: Yawn|[silent]\n|-status|p1a: Dragonite|slp\n|upkeep\n|\n|t:|1699884490\n|switch|p2a: Tinkaton|Tinkaton, F, shiny|100\/100\n|-ability|p2a: Tinkaton|Mold Breaker\n|turn|3\n|\n|t:|1699884501\n|cant|p1a: Dragonite|slp\n|move|p2a: Tinkaton|Swords Dance|p2a: Tinkaton\n|-boost|p2a: Tinkaton|atk|2\n|\n|upkeep\n|turn|4\n|\n|t:|1699884508\n|cant|p1a: Dragonite|slp\n|move|p2a: Tinkaton|Play Rough|p1a: Dragonite\n|-supereffective|p1a: Dragonite\n|-damage|p1a: Dragonite|0 fnt\n|faint|p1a: Dragonite\n|-damage|p2a: Tinkaton|91\/100|[from] item: Life Orb\n|\n|upkeep\n|\n|t:|1699884516\n|switch|p1a: Landorus|Landorus-Therian, M, shiny|100\/100\n|-ability|p1a: Landorus|Intimidate|boost\n|-unboost|p2a: Tinkaton|atk|1\n|turn|5\n|\n|t:|1699884527\n|move|p1a: Landorus|Earthquake|p2a: Tinkaton\n|-supereffective|p2a: Tinkaton\n|-damage|p2a: Tinkaton|0 fnt\n|faint|p2a: Tinkaton\n|\n|upkeep\n|\n|t:|1699884535\n|switch|p2a: Samurott|Samurott-Hisui, F|100\/100\n|turn|6\n|\n|t:|1699884546\n|move|p2a: Samurott|Aqua Jet|p1a: Landorus\n|-supereffective|p1a: Landorus\n|-damage|p1a: Landorus|41\/100\n|-damage|p2a: Samurott|91\/100|[from] item: Life Orb\n|move|p1a: Landorus|Earthquake|p2a: Samurott\n|-damage|p2a: Samurott|18\/100\n|\n|upkeep\n|turn|7\n|\n|t:|1699884554\n|move|p2a: Samurott|Aqua Jet|p1a: Landorus\n|-supereffective|p1a: Landorus\n|-crit|p1a: Landorus\n|-damage|p1a: Landorus|0 fnt\n|faint|p1a: Landorus\n|-damage|p2a: Samurott|8\/100|[from] item: Life Orb\n|\n|upkeep\n|\n|t:|1699884561\n|switch|p1a: Greninja|Greninja, M, shiny|100\/100\n|turn|8\n|\n|t:|1699884572\n|move|p1a: Greninja|U-turn|p2a: Samurott\n|-start|p1a: Greninja|typechange|Bug|[from] ability: Protean\n|-supereffective|p2a: Samurott\n|-damage|p2a: Samurott|0 fnt\n|faint|p2a: Samurott\n|\n|t:|1699884580\n|switch|p1a: Clefable|Clefable, F, shiny|100\/100|[from] U-turn\n|\n|upkeep\n|\n|t:|1699884589\n|switch|p2a: Gholdengo|Gholdengo, shiny|100\/100\n|turn|9\n|\n|t:|1699884595\n|-terastallize|p1a: Clefable|Fire\n|move|p2a: Gholdengo|Thunder Wave|p1a: Clefable\n|-status|p1a: Clefable|par\n|move|p1a: Clefable|Fire Blast|p2a: Gholdengo\n|-supereffective|p2a: Gholdengo\n|-damage|p2a: Gholdengo|0 fnt\n|faint|p2a: Gholdengo\n|\n|upkeep\n|\n|t:|1699884607\n|switch|p2a: Meowscarada|Meowscarada, F, shiny|100\/100\n|turn|10\n|\n|t:|1699884613\n|move|p2a: Meowscarada|Chilling Water|p1a: Clefable\n|-start|p2a: Meowscarada|typechange|Water|[from] ability: Protean\n|-supereffective|p1a: Clefable\n|-damage|p1a: Clefable|66\/100 par\n|-unboost|p1a: Clefable|atk|1\n|move|p1a: Clefable|Moonblast|p2a: Meowscarada\n|-damage|p2a: Meowscarada|31\/100\n|\n|-heal|p1a: Clefable|73\/100 par|[from] item: Leftovers\n|upkeep\n|turn|11\n|\n|t:|1699884627\n|move|p2a: Meowscarada|Aura Sphere|p1a: Clefable\n|-damage|p1a: Clefable|55\/100 par\n|move|p1a: Clefable|Moonlight|p1a: Clefable\n|-heal|p1a: Clefable|100\/100 par\n|\n|upkeep\n|turn|12\n|\n|t:|1699884645\n|move|p2a: Meowscarada|Chilling Water|p1a: Clefable\n|-supereffective|p1a: Clefable\n|-damage|p1a: Clefable|65\/100 par\n|-unboost|p1a: Clefable|atk|1\n|move|p1a: Clefable|Thunderbolt|p2a: Meowscarada\n|-supereffective|p2a: Meowscarada\n|-damage|p2a: Meowscarada|0 fnt\n|faint|p2a: Meowscarada\n|\n|-heal|p1a: Clefable|72\/100 par|[from] item: Leftovers\n|upkeep\n|\n|t:|1699884657\n|switch|p2a: Ceruledge|Ceruledge, F, shiny|100\/100\n|turn|13\n|\n|t:|1699884665\n|-terastallize|p2a: Ceruledge|Fire\n|move|p2a: Ceruledge|Night Slash|p1a: Clefable\n|-damage|p1a: Clefable|47\/100 par\n|move|p1a: Clefable|Thunderbolt|p2a: Ceruledge\n|-damage|p2a: Ceruledge|70\/100\n|\n|-heal|p1a: Clefable|53\/100 par|[from] item: Leftovers\n|upkeep\n|turn|14\n|\n|t:|1699884676\n|move|p2a: Ceruledge|Dragon Claw|p1a: Clefable\n|-damage|p1a: Clefable|23\/100 par\n|move|p1a: Clefable|Moonlight|p1a: Clefable\n|-heal|p1a: Clefable|73\/100 par\n|\n|-heal|p1a: Clefable|79\/100 par|[from] item: Leftovers\n|upkeep\n|turn|15\n|\n|t:|1699884687\n|move|p2a: Ceruledge|Shadow Sneak|p1a: Clefable\n|-damage|p1a: Clefable|57\/100 par\n|move|p1a: Clefable|Thunderbolt|p2a: Ceruledge\n|-damage|p2a: Ceruledge|40\/100\n|\n|-heal|p1a: Clefable|63\/100 par|[from] item: Leftovers\n|upkeep\n|turn|16\n|\n|t:|1699884696\n|move|p2a: Ceruledge|Dragon Claw|p1a: Clefable\n|-damage|p1a: Clefable|33\/100 par\n|move|p1a: Clefable|Moonlight|p1a: Clefable\n|-heal|p1a: Clefable|83\/100 par\n|\n|-heal|p1a: Clefable|90\/100 par|[from] item: Leftovers\n|upkeep\n|turn|17\n|l|\u2606brokenfreak\n|player|p2|\n|inactive|Battle timer is ON: inactive players will automatically lose when time's up. (requested by americandragon79)\n|c|\u2606americandragon79|gg\n|inactive|brokenfreak has 30 seconds to reconnect!\n|inactive|brokenfreak has 20 seconds to reconnect!\n|inactive|brokenfreak has 15 seconds to reconnect!\n|inactive|brokenfreak has 10 seconds to reconnect!\n|inactive|brokenfreak has 5 seconds to reconnect!\n|-message|brokenfreak lost due to inactivity.\n|\n|win|americandragon79\n|raw|americandragon79's rating: 1107 &rarr; <strong>1125<\/strong><br \/>(+18 for winning)\n|raw|brokenfreak's rating: 1000 &rarr; <strong>1000<\/strong><br \/>(+0 for losing)\n","uploadtime":1699884785,"views":13,"p1id":"americandragon79","p2id":"brokenfreak","formatid":"gen9ou","rating":1000,"private":0,"password":""}