{"id":"gen9ou-1994140858","p1":"Logabrick","p2":"ElectricalMaster","format":"[Gen 9] OU","log":"|j|\u2606Logabrick\n|j|\u2606ElectricalMaster\n|t:|1700411679\n|gametype|singles\n|player|p1|Logabrick|102|\n|player|p2|ElectricalMaster|169|\n|teamsize|p1|6\n|teamsize|p2|6\n|gen|9\n|tier|[Gen 9] OU\n|rule|Sleep Clause Mod: Limit one foe put to sleep\n|rule|Species Clause: Limit one of each Pok\u00e9mon\n|rule|OHKO Clause: OHKO moves are banned\n|rule|Evasion Items Clause: Evasion items are banned\n|rule|Evasion Moves Clause: Evasion moves are banned\n|rule|Endless Battle Clause: Forcing endless battles is banned\n|rule|HP Percentage Mod: HP is shown in percentages\n|clearpoke\n|poke|p1|Landorus-Therian, M|\n|poke|p1|Greninja-*, M|\n|poke|p1|Blissey, F|\n|poke|p1|Heatran, F|\n|poke|p1|Kingambit, F|\n|poke|p1|Glimmora, F|\n|poke|p2|Infernape, F|\n|poke|p2|Glimmora, F|\n|poke|p2|Walking Wake|\n|poke|p2|Ribombee, F|\n|poke|p2|Ninetales-Alola, F|\n|poke|p2|Dragonite, F|\n|teampreview\n|l|\u2606ElectricalMaster\n|player|p2|\n|j|\u2606ElectricalMaster\n|player|p2|ElectricalMaster|169\n|\n|t:|1700411801\n|start\n|switch|p1a: Glimmoron|Glimmora, F, shiny|100\/100\n|switch|p2a: Beedom|Ribombee, F, shiny|100\/100\n|turn|1\n|\n|t:|1700411841\n|switch|p2a: Nite|Dragonite, F, shiny|100\/100\n|move|p1a: Glimmoron|Substitute|p1a: Glimmoron\n|-start|p1a: Glimmoron|Substitute\n|-damage|p1a: Glimmoron|76\/100\n|\n|upkeep\n|turn|2\n|l|\u2606ElectricalMaster\n|player|p2|\n|j|\u2606ElectricalMaster\n|player|p2|ElectricalMaster|169\n|\n|t:|1700411867\n|move|p2a: Nite|Earthquake|p1a: Glimmoron\n|-supereffective|p1a: Glimmoron\n|-end|p1a: Glimmoron|Substitute\n|move|p1a: Glimmoron|Toxic|p2a: Nite\n|-status|p2a: Nite|tox\n|\n|-damage|p2a: Nite|94\/100 tox|[from] psn\n|upkeep\n|turn|3\n|\n|t:|1700411880\n|switch|p1a: Defensive Lando?|Landorus-Therian, M|100\/100\n|-ability|p1a: Defensive Lando?|Intimidate|boost\n|-unboost|p2a: Nite|atk|1\n|move|p2a: Nite|Earthquake|p1a: Defensive Lando?\n|-immune|p1a: Defensive Lando?\n|\n|-damage|p2a: Nite|82\/100 tox|[from] psn\n|upkeep\n|turn|4\n|\n|t:|1700411909\n|switch|p2a: Walking Wake|Walking Wake|100\/100\n|move|p1a: Defensive Lando?|Outrage|p2a: Walking Wake\n|-supereffective|p2a: Walking Wake\n|-damage|p2a: Walking Wake|4\/100\n|\n|upkeep\n|turn|5\n|\n|t:|1700411934\n|move|p2a: Walking Wake|Hydro Steam|p1a: Defensive Lando?\n|-supereffective|p1a: Defensive Lando?\n|-damage|p1a: Defensive Lando?|31\/100\n|move|p1a: Defensive Lando?|Outrage|p2a: Walking Wake|[from]lockedmove\n|-supereffective|p2a: Walking Wake\n|-damage|p2a: Walking Wake|0 fnt\n|faint|p2a: Walking Wake\n|-end|p2a: Walking Wake|Protosynthesis|[silent]\n|\n|upkeep\n|\n|t:|1700411947\n|switch|p2a: Beedom|Ribombee, F, shiny|100\/100\n|turn|6\n|\n|t:|1700411953\n|move|p2a: Beedom|Quiver Dance|p2a: Beedom\n|-boost|p2a: Beedom|spa|1\n|-boost|p2a: Beedom|spd|1\n|-boost|p2a: Beedom|spe|1\n|move|p1a: Defensive Lando?|Outrage|p2a: Beedom|[from]lockedmove\n|-immune|p2a: Beedom\n|-start|p1a: Defensive Lando?|confusion|[fatigue]\n|\n|upkeep\n|turn|7\n|\n|t:|1700411969\n|move|p2a: Beedom|Dazzling Gleam|p1a: Defensive Lando?\n|-damage|p1a: Defensive Lando?|0 fnt\n|faint|p1a: Defensive Lando?\n|\n|upkeep\n|\n|t:|1700411977\n|switch|p1a: Eg|Blissey, F, shiny|100\/100\n|turn|8\n|\n|t:|1700411990\n|-terastallize|p2a: Beedom|Bug\n|move|p2a: Beedom|Bug Buzz|p1a: Eg\n|-damage|p1a: Eg|63\/100\n|move|p1a: Eg|Body Slam|p2a: Beedom\n|-damage|p2a: Beedom|88\/100\n|\n|-heal|p1a: Eg|69\/100|[from] item: Leftovers\n|upkeep\n|turn|9\n|\n|t:|1700412000\n|move|p2a: Beedom|Bug Buzz|p1a: Eg\n|-damage|p1a: Eg|35\/100\n|move|p1a: Eg|Body Slam|p2a: Beedom\n|-damage|p2a: Beedom|74\/100\n|\n|-heal|p1a: Eg|41\/100|[from] item: Leftovers\n|upkeep\n|turn|10\n|\n|t:|1700412010\n|move|p2a: Beedom|Bug Buzz|p1a: Eg\n|-damage|p1a: Eg|6\/100\n|move|p1a: Eg|Body Slam|p2a: Beedom\n|-damage|p2a: Beedom|60\/100\n|\n|-heal|p1a: Eg|12\/100|[from] item: Leftovers\n|upkeep\n|turn|11\n|\n|t:|1700412027\n|move|p2a: Beedom|Bug Buzz|p1a: Eg\n|-damage|p1a: Eg|0 fnt\n|faint|p1a: Eg\n|\n|upkeep\n|\n|t:|1700412043\n|switch|p1a: Frog?|Heatran, F|100\/100\n|-item|p1a: Frog?|Air Balloon\n|turn|12\n|\n|t:|1700412050\n|move|p2a: Beedom|Bug Buzz|p1a: Frog?\n|-resisted|p1a: Frog?\n|-damage|p1a: Frog?|77\/100\n|-enditem|p1a: Frog?|Air Balloon\n|move|p1a: Frog?|Flamethrower|p2a: Beedom\n|-supereffective|p2a: Beedom\n|-damage|p2a: Beedom|0 fnt\n|faint|p2a: Beedom\n|\n|upkeep\n|\n|t:|1700412063\n|switch|p2a: Nite|Dragonite, F, shiny|82\/100 tox\n|turn|13\n|\n|t:|1700412072\n|move|p1a: Frog?|Dragon Pulse|p2a: Nite\n|-supereffective|p2a: Nite\n|-damage|p2a: Nite|19\/100 tox\n|move|p2a: Nite|Earthquake|p1a: Frog?\n|-supereffective|p1a: Frog?\n|-damage|p1a: Frog?|0 fnt\n|faint|p1a: Frog?\n|\n|-damage|p2a: Nite|13\/100 tox|[from] psn\n|upkeep\n|\n|t:|1700412091\n|switch|p1a: Glimmoron|Glimmora, F, shiny|76\/100\n|turn|14\n|\n|t:|1700412103\n|move|p1a: Glimmoron|Spiky Shield|p1a: Glimmoron\n|-singleturn|p1a: Glimmoron|move: Protect\n|move|p2a: Nite|Earthquake|p1a: Glimmoron\n|-activate|p1a: Glimmoron|move: Protect\n|\n|-damage|p2a: Nite|1\/100 tox|[from] psn\n|upkeep\n|turn|15\n|\n|t:|1700412115\n|move|p1a: Glimmoron|Spiky Shield||[still]\n|-fail|p1a: Glimmoron\n|move|p2a: Nite|Earthquake|p1a: Glimmoron\n|-supereffective|p1a: Glimmoron\n|-crit|p1a: Glimmoron\n|-damage|p1a: Glimmoron|0 fnt\n|-activate|p1a: Glimmoron|ability: Toxic Debris\n|-sidestart|p2: ElectricalMaster|move: Toxic Spikes\n|faint|p1a: Glimmoron\n|\n|-damage|p2a: Nite|0 fnt|[from] psn\n|faint|p2a: Nite\n|upkeep\n|\n|t:|1700412129\n|switch|p2a: RedZick99|Infernape, F, shiny|100\/100\n|switch|p1a: Greningga|Greninja, M|100\/100\n|-status|p2a: RedZick99|psn\n|turn|16\n|\n|t:|1700412146\n|switch|p2a: Primera|Glimmora, F, shiny|100\/100\n|-sideend|p2: ElectricalMaster|move: Toxic Spikes|[of] p2a: Primera\n|move|p1a: Greningga|Water Shuriken|p2a: Primera\n|-supereffective|p2a: Primera\n|-damage|p2a: Primera|84\/100\n|-supereffective|p2a: Primera\n|-damage|p2a: Primera|65\/100\n|-supereffective|p2a: Primera\n|-damage|p2a: Primera|49\/100\n|-supereffective|p2a: Primera\n|-damage|p2a: Primera|32\/100\n|-hitcount|p2a: Primera|4\n|\n|upkeep\n|turn|17\n|\n|t:|1700412160\n|move|p1a: Greningga|Water Shuriken|p2a: Primera\n|-supereffective|p2a: Primera\n|-damage|p2a: Primera|14\/100\n|-supereffective|p2a: Primera\n|-damage|p2a: Primera|0 fnt\n|faint|p2a: Primera\n|-ability|p1a: Greningga|Battle Bond|boost\n|-boost|p1a: Greningga|atk|1\n|-boost|p1a: Greningga|spa|1\n|-boost|p1a: Greningga|spe|1\n|-activate|p1a: Greningga|ability: Battle Bond\n|-hitcount|p2: Primera|2\n|\n|upkeep\n|\n|t:|1700412170\n|switch|p2a: Daisy|Ninetales-Alola, F, shiny|100\/100\n|-weather|Snow|[from] ability: Snow Warning|[of] p2a: Daisy\n|turn|18\n|\n|t:|1700412178\n|move|p1a: Greningga|Water Shuriken|p2a: Daisy\n|-damage|p2a: Daisy|85\/100\n|-damage|p2a: Daisy|70\/100\n|-damage|p2a: Daisy|55\/100\n|-hitcount|p2a: Daisy|3\n|move|p2a: Daisy|Freeze-Dry|p1a: Greningga\n|-supereffective|p1a: Greningga\n|-damage|p1a: Greningga|13\/100\n|-status|p1a: Greningga|frz\n|\n|-weather|Snow|[upkeep]\n|upkeep\n|turn|19\n|\n|t:|1700412195\n|cant|p1a: Greningga|frz\n|move|p2a: Daisy|Freeze-Dry|p1a: Greningga\n|-supereffective|p1a: Greningga\n|-damage|p1a: Greningga|0 fnt\n|faint|p1a: Greningga\n|\n|-weather|Snow|[upkeep]\n|upkeep\n|\n|t:|1700412201\n|switch|p1a: Sucker|Kingambit, F, shiny|100\/100\n|-activate|p1a: Sucker|ability: Supreme Overlord\n|-start|p1a: Sucker|fallen5|[silent]\n|turn|20\n|\n|t:|1700412214\n|-terastallize|p1a: Sucker|Dark\n|move|p1a: Sucker|Sucker Punch|p2a: Daisy\n|-resisted|p2a: Daisy\n|-damage|p2a: Daisy|4\/100\n|move|p2a: Daisy|Dazzling Gleam|p1a: Sucker\n|-supereffective|p1a: Sucker\n|-damage|p1a: Sucker|30\/100\n|\n|-weather|Snow|[upkeep]\n|upkeep\n|turn|21\n|\n|t:|1700412230\n|move|p1a: Sucker|Sucker Punch|p2a: Daisy\n|-resisted|p2a: Daisy\n|-damage|p2a: Daisy|0 fnt\n|faint|p2a: Daisy\n|\n|-weather|Snow|[upkeep]\n|upkeep\n|\n|t:|1700412237\n|switch|p2a: RedZick99|Infernape, F, shiny|100\/100 psn\n|turn|22\n|\n|t:|1700412241\n|move|p2a: RedZick99|Mach Punch|p1a: Sucker\n|-supereffective|p1a: Sucker\n|-damage|p1a: Sucker|0 fnt\n|faint|p1a: Sucker\n|-end|p1a: Sucker|fallen5|[silent]\n|\n|win|ElectricalMaster\n","uploadtime":1700412252,"views":29,"p1id":"logabrick","p2id":"electricalmaster","formatid":"gen9ou","rating":0,"private":0,"password":""}