{"id":"gen9ou-1992862528","p1":"Quasardilla","p2":"ECarp","format":"[Gen 9] OU","log":"|j|\u2606Quasardilla\n|j|\u2606ECarp\n|t:|1700241911\n|gametype|singles\n|player|p1|Quasardilla|hilbert-wonderlauncher|\n|player|p2|ECarp|fisherman-gen4|\n|teamsize|p1|6\n|teamsize|p2|6\n|gen|9\n|tier|[Gen 9] OU\n|rule|Sleep Clause Mod: Limit one foe put to sleep\n|rule|Species Clause: Limit one of each Pok\u00e9mon\n|rule|OHKO Clause: OHKO moves are banned\n|rule|Evasion Items Clause: Evasion items are banned\n|rule|Evasion Moves Clause: Evasion moves are banned\n|rule|Endless Battle Clause: Forcing endless battles is banned\n|rule|HP Percentage Mod: HP is shown in percentages\n|clearpoke\n|poke|p1|Sableye, M|\n|poke|p1|Empoleon, F|\n|poke|p1|Sinistcha|\n|poke|p1|Yanmega, M|\n|poke|p1|Toxtricity, F|\n|poke|p1|Great Tusk|\n|poke|p2|Maushold-Four|\n|poke|p2|Greninja-*, M|\n|poke|p2|Iron Jugulis|\n|poke|p2|Iron Hands|\n|poke|p2|Ditto|\n|poke|p2|Iron Moth|\n|teampreview\n|j| jojobunny101\n|\n|t:|1700241919\n|start\n|switch|p1a: Sableye|Sableye, M|100\/100\n|switch|p2a: Iron Hands|Iron Hands|100\/100\n|turn|1\n|\n|t:|1700241950\n|move|p1a: Sableye|Reflect|p1a: Sableye\n|-sidestart|p1: Quasardilla|Reflect\n|move|p2a: Iron Hands|Substitute|p2a: Iron Hands\n|-start|p2a: Iron Hands|Substitute\n|-damage|p2a: Iron Hands|75\/100\n|\n|-heal|p2a: Iron Hands|82\/100|[from] item: Leftovers\n|upkeep\n|turn|2\n|\n|t:|1700241970\n|move|p1a: Sableye|Light Screen|p1a: Sableye\n|-sidestart|p1: Quasardilla|move: Light Screen\n|move|p2a: Iron Hands|Swords Dance|p2a: Iron Hands\n|-boost|p2a: Iron Hands|atk|2\n|\n|-heal|p2a: Iron Hands|88\/100|[from] item: Leftovers\n|upkeep\n|turn|3\n|\n|t:|1700241995\n|switch|p1a: Great Tusk|Great Tusk|100\/100\n|-enditem|p1a: Great Tusk|Booster Energy\n|-activate|p1a: Great Tusk|ability: Protosynthesis|[fromitem]\n|-start|p1a: Great Tusk|protosynthesisspe\n|move|p2a: Iron Hands|Swords Dance|p2a: Iron Hands\n|-boost|p2a: Iron Hands|atk|2\n|\n|-heal|p2a: Iron Hands|94\/100|[from] item: Leftovers\n|upkeep\n|turn|4\n|\n|t:|1700242023\n|move|p1a: Great Tusk|Play Rough|p2a: Iron Hands\n|-supereffective|p2a: Iron Hands\n|-end|p2a: Iron Hands|Substitute\n|move|p2a: Iron Hands|Swords Dance|p2a: Iron Hands\n|-boost|p2a: Iron Hands|atk|2\n|\n|-heal|p2a: Iron Hands|100\/100|[from] item: Leftovers\n|upkeep\n|turn|5\n|\n|t:|1700242031\n|move|p1a: Great Tusk|Headlong Rush|p2a: Iron Hands\n|-supereffective|p2a: Iron Hands\n|-damage|p2a: Iron Hands|38\/100\n|-unboost|p1a: Great Tusk|def|1\n|-unboost|p1a: Great Tusk|spd|1\n|move|p2a: Iron Hands|Drain Punch|p1a: Great Tusk\n|-damage|p1a: Great Tusk|23\/100\n|-heal|p2a: Iron Hands|71\/100|[from] drain|[of] p1a: Great Tusk\n|\n|-heal|p2a: Iron Hands|77\/100|[from] item: Leftovers\n|upkeep\n|turn|6\n|\n|t:|1700242043\n|move|p1a: Great Tusk|Headlong Rush|p2a: Iron Hands\n|-supereffective|p2a: Iron Hands\n|-damage|p2a: Iron Hands|9\/100\n|-unboost|p1a: Great Tusk|def|1\n|-unboost|p1a: Great Tusk|spd|1\n|move|p2a: Iron Hands|Substitute|p2a: Iron Hands\n|-fail|p2a: Iron Hands|move: Substitute|[weak]\n|\n|-heal|p2a: Iron Hands|16\/100|[from] item: Leftovers\n|upkeep\n|turn|7\n|\n|t:|1700242084\n|-end|p2a: Iron Hands|Quark Drive|[silent]\n|switch|p2a: Iron Jugulis|Iron Jugulis|100\/100\n|move|p1a: Great Tusk|Play Rough|p2a: Iron Jugulis\n|-supereffective|p2a: Iron Jugulis\n|-damage|p2a: Iron Jugulis|43\/100\n|\n|-heal|p2a: Iron Jugulis|49\/100|[from] item: Leftovers\n|upkeep\n|turn|8\n|\n|t:|1700242112\n|move|p1a: Great Tusk|Play Rough|p2a: Iron Jugulis\n|-supereffective|p2a: Iron Jugulis\n|-damage|p2a: Iron Jugulis|0 fnt\n|faint|p2a: Iron Jugulis\n|-end|p2a: Iron Jugulis|Quark Drive|[silent]\n|\n|-sideend|p1: Quasardilla|Reflect\n|upkeep\n|\n|t:|1700242130\n|switch|p2a: Greninja|Greninja, M|100\/100\n|turn|9\n|\n|t:|1700242139\n|move|p2a: Greninja|Hydro Pump|p1a: Great Tusk\n|-start|p2a: Greninja|typechange|Water|[from] ability: Protean\n|-supereffective|p1a: Great Tusk\n|-damage|p1a: Great Tusk|0 fnt\n|faint|p1a: Great Tusk\n|-end|p1a: Great Tusk|Protosynthesis|[silent]\n|\n|-sideend|p1: Quasardilla|move: Light Screen\n|upkeep\n|\n|t:|1700242147\n|switch|p1a: Yanmega|Yanmega, M|100\/100\n|turn|10\n|\n|t:|1700242151\n|move|p1a: Yanmega|Protect|p1a: Yanmega\n|-singleturn|p1a: Yanmega|Protect\n|move|p2a: Greninja|Hydro Pump|p1a: Yanmega\n|-activate|p1a: Yanmega|move: Protect\n|\n|-ability|p1a: Yanmega|Speed Boost|boost\n|-boost|p1a: Yanmega|spe|1\n|upkeep\n|turn|11\n|\n|t:|1700242160\n|move|p2a: Greninja|Hydro Pump|p1a: Yanmega\n|-damage|p1a: Yanmega|20\/100\n|move|p1a: Yanmega|Giga Drain|p2a: Greninja\n|-supereffective|p2a: Greninja\n|-damage|p2a: Greninja|0 fnt\n|-heal|p1a: Yanmega|66\/100|[from] drain|[of] p2a: Greninja\n|faint|p2a: Greninja\n|-damage|p1a: Yanmega|56\/100|[from] item: Life Orb\n|\n|-ability|p1a: Yanmega|Speed Boost|boost\n|-boost|p1a: Yanmega|spe|1\n|upkeep\n|\n|t:|1700242172\n|switch|p2a: Iron Moth|Iron Moth|100\/100\n|-enditem|p2a: Iron Moth|Booster Energy\n|-activate|p2a: Iron Moth|ability: Quark Drive|[fromitem]\n|-start|p2a: Iron Moth|quarkdrivespe\n|turn|12\n|\n|t:|1700242178\n|move|p1a: Yanmega|Protect|p1a: Yanmega\n|-singleturn|p1a: Yanmega|Protect\n|move|p2a: Iron Moth|Flamethrower|p1a: Yanmega\n|-activate|p1a: Yanmega|move: Protect\n|\n|-ability|p1a: Yanmega|Speed Boost|boost\n|-boost|p1a: Yanmega|spe|1\n|upkeep\n|turn|13\n|\n|t:|1700242188\n|move|p1a: Yanmega|Shadow Ball|p2a: Iron Moth\n|-damage|p2a: Iron Moth|63\/100\n|-damage|p1a: Yanmega|46\/100|[from] item: Life Orb\n|move|p2a: Iron Moth|Flamethrower|p1a: Yanmega\n|-supereffective|p1a: Yanmega\n|-damage|p1a: Yanmega|0 fnt\n|faint|p1a: Yanmega\n|\n|upkeep\n|\n|t:|1700242201\n|switch|p1a: Sinistcha|Sinistcha|100\/100\n|turn|14\n|\n|t:|1700242206\n|move|p2a: Iron Moth|Flamethrower|p1a: Sinistcha\n|-supereffective|p1a: Sinistcha\n|-damage|p1a: Sinistcha|46\/100\n|move|p1a: Sinistcha|Calm Mind|p1a: Sinistcha\n|-boost|p1a: Sinistcha|spa|1\n|-boost|p1a: Sinistcha|spd|1\n|\n|-heal|p1a: Sinistcha|52\/100|[from] item: Leftovers\n|upkeep\n|turn|15\n|\n|t:|1700242214\n|move|p2a: Iron Moth|Flamethrower|p1a: Sinistcha\n|-supereffective|p1a: Sinistcha\n|-damage|p1a: Sinistcha|18\/100\n|move|p1a: Sinistcha|Strength Sap|p2a: Iron Moth\n|-unboost|p2a: Iron Moth|atk|1\n|-heal|p1a: Sinistcha|55\/100\n|\n|-heal|p1a: Sinistcha|61\/100|[from] item: Leftovers\n|upkeep\n|turn|16\n|\n|t:|1700242263\n|switch|p1a: Empoleon|Empoleon, F|100\/100\n|move|p2a: Iron Moth|Sludge Wave|p1a: Empoleon\n|-immune|p1a: Empoleon\n|\n|upkeep\n|turn|17\n|\n|t:|1700242285\n|move|p2a: Iron Moth|Discharge|p1a: Empoleon\n|-supereffective|p1a: Empoleon\n|-damage|p1a: Empoleon|62\/100\n|move|p1a: Empoleon|Surf|p2a: Iron Moth\n|-supereffective|p2a: Iron Moth\n|-crit|p2a: Iron Moth\n|-damage|p2a: Iron Moth|0 fnt\n|faint|p2a: Iron Moth\n|-end|p2a: Iron Moth|Quark Drive|[silent]\n|\n|-heal|p1a: Empoleon|68\/100|[from] item: Leftovers\n|upkeep\n|\n|t:|1700242296\n|switch|p2a: Ditto|Ditto|100\/100\n|-transform|p2a: Ditto|p1a: Empoleon|[from] ability: Imposter\n|turn|18\n|\n|t:|1700242320\n|switch|p1a: Sinistcha|Sinistcha|61\/100\n|move|p2a: Ditto|Flip Turn|p1a: Sinistcha\n|-resisted|p1a: Sinistcha\n|-damage|p1a: Sinistcha|54\/100\n|\n|t:|1700242334\n|switch|p2a: Iron Hands|Iron Hands|16\/100|[from] Flip Turn\n|\n|-heal|p1a: Sinistcha|60\/100|[from] item: Leftovers\n|-heal|p2a: Iron Hands|22\/100|[from] item: Leftovers\n|upkeep\n|turn|19\n|\n|t:|1700242367\n|-end|p2a: Iron Hands|Quark Drive|[silent]\n|switch|p2a: Maushold|Maushold-Four|100\/100\n|move|p1a: Sinistcha|Strength Sap|p2a: Maushold\n|-unboost|p2a: Maushold|atk|1\n|-heal|p1a: Sinistcha|100\/100\n|\n|upkeep\n|turn|20\n|\n|t:|1700242381\n|switch|p1a: Sableye|Sableye, M|100\/100\n|move|p2a: Maushold|Bite|p1a: Sableye\n|-damage|p1a: Sableye|81\/100\n|\n|upkeep\n|turn|21\n|\n|t:|1700242403\n|move|p1a: Sableye|Will-O-Wisp|p2a: Maushold|[miss]\n|-miss|p1a: Sableye|p2a: Maushold\n|move|p2a: Maushold|Trailblaze|p1a: Sableye\n|-damage|p1a: Sableye|64\/100\n|-boost|p2a: Maushold|spe|1\n|\n|upkeep\n|turn|22\n|\n|t:|1700242414\n|move|p1a: Sableye|Will-O-Wisp|p2a: Maushold\n|-status|p2a: Maushold|brn\n|move|p2a: Maushold|Trailblaze|p1a: Sableye\n|-damage|p1a: Sableye|55\/100\n|-boost|p2a: Maushold|spe|1\n|\n|-damage|p2a: Maushold|94\/100 brn|[from] brn\n|upkeep\n|turn|23\n|\n|t:|1700242424\n|switch|p2a: Iron Hands|Iron Hands|22\/100\n|switch|p1a: Sinistcha|Sinistcha|100\/100\n|\n|-heal|p2a: Iron Hands|28\/100|[from] item: Leftovers\n|upkeep\n|turn|24\n|\n|t:|1700242444\n|-end|p2a: Iron Hands|Quark Drive|[silent]\n|switch|p2a: Ditto|Ditto|100\/100\n|-transform|p2a: Ditto|p1a: Sinistcha|[from] ability: Imposter\n|move|p1a: Sinistcha|Calm Mind|p1a: Sinistcha\n|-boost|p1a: Sinistcha|spa|1\n|-boost|p1a: Sinistcha|spd|1\n|\n|upkeep\n|turn|25\n|\n|t:|1700242465\n|move|p2a: Ditto|Shadow Ball|p1a: Sinistcha\n|-supereffective|p1a: Sinistcha\n|-damage|p1a: Sinistcha|35\/100\n|-unboost|p1a: Sinistcha|spd|1\n|move|p1a: Sinistcha|Shadow Ball|p2a: Ditto\n|-supereffective|p2a: Ditto\n|-damage|p2a: Ditto|0 fnt\n|faint|p2a: Ditto\n|\n|-heal|p1a: Sinistcha|41\/100|[from] item: Leftovers\n|upkeep\n|\n|t:|1700242484\n|switch|p2a: Maushold|Maushold-Four|94\/100 brn\n|turn|26\n|\n|t:|1700242487\n|move|p2a: Maushold|Bite|p1a: Sinistcha\n|-supereffective|p1a: Sinistcha\n|-damage|p1a: Sinistcha|19\/100\n|move|p1a: Sinistcha|Strength Sap|p2a: Maushold\n|-unboost|p2a: Maushold|atk|1\n|-heal|p1a: Sinistcha|91\/100\n|\n|-heal|p1a: Sinistcha|97\/100|[from] item: Leftovers\n|-damage|p2a: Maushold|88\/100 brn|[from] brn\n|upkeep\n|turn|27\n|\n|t:|1700242513\n|switch|p2a: Iron Hands|Iron Hands|28\/100\n|move|p1a: Sinistcha|Calm Mind|p1a: Sinistcha\n|-boost|p1a: Sinistcha|spa|1\n|-boost|p1a: Sinistcha|spd|1\n|\n|-heal|p1a: Sinistcha|100\/100|[from] item: Leftovers\n|-heal|p2a: Iron Hands|34\/100|[from] item: Leftovers\n|upkeep\n|turn|28\n|\n|t:|1700242548\n|move|p1a: Sinistcha|Shadow Ball|p2a: Iron Hands\n|-damage|p2a: Iron Hands|0 fnt\n|faint|p2a: Iron Hands\n|-end|p2a: Iron Hands|Quark Drive|[silent]\n|\n|upkeep\n|\n|t:|1700242552\n|switch|p2a: Maushold|Maushold-Four|88\/100 brn\n|turn|29\n|\n|t:|1700242569\n|move|p2a: Maushold|Tidy Up|p2a: Maushold\n|-boost|p2a: Maushold|atk|1\n|-boost|p2a: Maushold|spe|1\n|move|p1a: Sinistcha|Calm Mind|p1a: Sinistcha\n|-boost|p1a: Sinistcha|spa|1\n|-boost|p1a: Sinistcha|spd|1\n|\n|-damage|p2a: Maushold|82\/100 brn|[from] brn\n|upkeep\n|turn|30\n|\n|t:|1700242580\n|move|p2a: Maushold|Bite|p1a: Sinistcha\n|-supereffective|p1a: Sinistcha\n|-damage|p1a: Sinistcha|69\/100\n|move|p1a: Sinistcha|Matcha Gotcha|p2a: Maushold\n|-crit|p2a: Maushold\n|-damage|p2a: Maushold|0 fnt\n|-heal|p1a: Sinistcha|100\/100|[from] drain|[of] p2a: Maushold\n|faint|p2a: Maushold\n|\n|win|Quasardilla\n|l|\u2606Quasardilla\n","uploadtime":1700242609,"views":12,"p1id":"quasardilla","p2id":"ecarp","formatid":"gen9ou","rating":0,"private":0,"password":""}