{"id":"gen9ou-1994004908","p1":"hundredswords","p2":"black the builder","format":"[Gen 9] OU","log":"|j|\u2606hundredswords\n|j|\u2606black the builder\n|t:|1700392000\n|gametype|singles\n|player|p1|hundredswords|2|1189\n|player|p2|black the builder|102|1166\n|teamsize|p1|6\n|teamsize|p2|6\n|gen|9\n|tier|[Gen 9] OU\n|rated|\n|rule|Sleep Clause Mod: Limit one foe put to sleep\n|rule|Species Clause: Limit one of each Pok\u00e9mon\n|rule|OHKO Clause: OHKO moves are banned\n|rule|Evasion Items Clause: Evasion items are banned\n|rule|Evasion Moves Clause: Evasion moves are banned\n|rule|Endless Battle Clause: Forcing endless battles is banned\n|rule|HP Percentage Mod: HP is shown in percentages\n|clearpoke\n|poke|p1|Kingambit, F|\n|poke|p1|Iron Valiant|\n|poke|p1|Cresselia, F|\n|poke|p1|Samurott-Hisui, F|\n|poke|p1|Great Tusk|\n|poke|p1|Sneasler, M|\n|poke|p2|Mandibuzz, F|\n|poke|p2|Jirachi|\n|poke|p2|Garchomp, F|\n|poke|p2|Slowking-Galar, F|\n|poke|p2|Ogerpon, F|\n|poke|p2|Tauros-Paldea-Aqua, M|\n|teampreview\n|\n|t:|1700392026\n|start\n|switch|p1a: Great Tusk|Great Tusk|100\/100\n|switch|p2a: Happy|Jirachi|100\/100\n|-enditem|p1a: Great Tusk|Booster Energy\n|-activate|p1a: Great Tusk|ability: Protosynthesis|[fromitem]\n|-start|p1a: Great Tusk|protosynthesisspe\n|turn|1\n|\n|t:|1700392033\n|switch|p2a: Tauros|Tauros-Paldea-Aqua, M|100\/100\n|-ability|p2a: Tauros|Intimidate|boost\n|-unboost|p1a: Great Tusk|atk|1\n|move|p1a: Great Tusk|Headlong Rush|p2a: Tauros\n|-damage|p2a: Tauros|75\/100\n|-unboost|p1a: Great Tusk|def|1\n|-unboost|p1a: Great Tusk|spd|1\n|\n|-heal|p2a: Tauros|81\/100|[from] item: Leftovers\n|upkeep\n|turn|2\n|\n|t:|1700392052\n|-end|p1a: Great Tusk|Protosynthesis|[silent]\n|switch|p1a: Cresselia|Cresselia, F|100\/100\n|move|p2a: Tauros|Raging Bull|p1a: Cresselia\n|-damage|p1a: Cresselia|83\/100\n|\n|-heal|p2a: Tauros|87\/100|[from] item: Leftovers\n|-heal|p1a: Cresselia|89\/100|[from] item: Leftovers\n|upkeep\n|turn|3\n|\n|t:|1700392066\n|switch|p2a: Slowking|Slowking-Galar, F|100\/100\n|move|p1a: Cresselia|Calm Mind|p1a: Cresselia\n|-boost|p1a: Cresselia|spa|1\n|-boost|p1a: Cresselia|spd|1\n|\n|-heal|p1a: Cresselia|96\/100|[from] item: Leftovers\n|upkeep\n|turn|4\n|\n|t:|1700392074\n|move|p1a: Cresselia|Calm Mind|p1a: Cresselia\n|-boost|p1a: Cresselia|spa|1\n|-boost|p1a: Cresselia|spd|1\n|move|p2a: Slowking|Trick|p1a: Cresselia\n|-activate|p2a: Slowking|move: Trick|[of] p1a: Cresselia\n|-item|p1a: Cresselia|Black Sludge|[from] move: Trick\n|-item|p2a: Slowking|Leftovers|[from] move: Trick\n|\n|-damage|p1a: Cresselia|83\/100|[from] item: Black Sludge\n|upkeep\n|turn|5\n|\n|t:|1700392085\n|-terastallize|p1a: Cresselia|Poison\n|move|p1a: Cresselia|Calm Mind|p1a: Cresselia\n|-boost|p1a: Cresselia|spa|1\n|-boost|p1a: Cresselia|spd|1\n|move|p2a: Slowking|Chilly Reception|p2a: Slowking\n|-weather|Snow\n|c|\u2606hundredswords|thank you\n|\n|t:|1700392121\n|switch|p2a: Mandibuzz|Mandibuzz, F|100\/100|[from] Chilly Reception\n|\n|-weather|Snow|[upkeep]\n|-heal|p1a: Cresselia|89\/100|[from] item: Black Sludge\n|upkeep\n|turn|6\n|\n|t:|1700392127\n|move|p1a: Cresselia|Moonblast|p2a: Mandibuzz\n|-supereffective|p2a: Mandibuzz\n|-damage|p2a: Mandibuzz|27\/100\n|move|p2a: Mandibuzz|Whirlwind|p1a: Cresselia\n|drag|p1a: Great Tusk|Great Tusk|100\/100\n|\n|-weather|Snow|[upkeep]\n|upkeep\n|turn|7\n|\n|t:|1700392134\n|switch|p2a: Tauros|Tauros-Paldea-Aqua, M|87\/100\n|-ability|p2a: Tauros|Intimidate|boost\n|-unboost|p1a: Great Tusk|atk|1\n|move|p1a: Great Tusk|Ice Spinner|p2a: Tauros\n|-resisted|p2a: Tauros\n|-damage|p2a: Tauros|82\/100\n|\n|-weather|Snow|[upkeep]\n|-heal|p2a: Tauros|88\/100|[from] item: Leftovers\n|upkeep\n|turn|8\n|\n|t:|1700392144\n|-end|p1a: Great Tusk|Protosynthesis|[silent]\n|switch|p1a: Cresselia|Cresselia, F, tera:Poison|89\/100\n|switch|p2a: Happy|Jirachi|100\/100\n|\n|-weather|Snow|[upkeep]\n|-heal|p1a: Cresselia|95\/100|[from] item: Black Sludge\n|upkeep\n|turn|9\n|\n|t:|1700392152\n|switch|p1a: Samurott|Samurott-Hisui, F|100\/100\n|move|p2a: Happy|Psyshock|p1a: Samurott\n|-immune|p1a: Samurott\n|\n|-weather|none\n|upkeep\n|turn|10\n|\n|t:|1700392159\n|move|p2a: Happy|U-turn|p1a: Samurott\n|-supereffective|p1a: Samurott\n|-damage|p1a: Samurott|64\/100\n|\n|t:|1700392165\n|switch|p2a: Tauros|Tauros-Paldea-Aqua, M|88\/100|[from] U-turn\n|-ability|p2a: Tauros|Intimidate|boost\n|-unboost|p1a: Samurott|atk|1\n|move|p1a: Samurott|Ceaseless Edge|p2a: Tauros\n|-resisted|p2a: Tauros\n|-damage|p2a: Tauros|79\/100\n|-sidestart|p2: black the builder|Spikes\n|\n|-heal|p2a: Tauros|85\/100|[from] item: Leftovers\n|upkeep\n|turn|11\n|\n|t:|1700392187\n|switch|p1a: Iron Valiant|Iron Valiant|100\/100\n|-enditem|p1a: Iron Valiant|Booster Energy\n|-activate|p1a: Iron Valiant|ability: Quark Drive|[fromitem]\n|-start|p1a: Iron Valiant|quarkdrivespe\n|switch|p2a: Slowking|Slowking-Galar, F|100\/100\n|-damage|p2a: Slowking|88\/100|[from] Spikes\n|\n|-heal|p2a: Slowking|94\/100|[from] item: Leftovers\n|upkeep\n|turn|12\n|\n|t:|1700392214\n|move|p1a: Iron Valiant|Encore||[still]\n|-fail|p1a: Iron Valiant\n|move|p2a: Slowking|Future Sight|p1a: Iron Valiant\n|-start|p2a: Slowking|move: Future Sight\n|\n|-heal|p2a: Slowking|99\/100|[from] item: Leftovers\n|upkeep\n|turn|13\n|\n|t:|1700392227\n|move|p1a: Iron Valiant|Encore|p2a: Slowking\n|-start|p2a: Slowking|Encore\n|move|p2a: Slowking|Future Sight||[still]\n|-fail|p2a: Slowking\n|\n|-heal|p2a: Slowking|100\/100|[from] item: Leftovers\n|upkeep\n|turn|14\n|\n|t:|1700392238\n|-end|p1a: Iron Valiant|Quark Drive|[silent]\n|switch|p1a: Kingambit|Kingambit, F|100\/100\n|switch|p2a: Tauros|Tauros-Paldea-Aqua, M|85\/100\n|-damage|p2a: Tauros|73\/100|[from] Spikes\n|-ability|p2a: Tauros|Intimidate|boost\n|-unboost|p1a: Kingambit|atk|1\n|\n|-end|p1a: Kingambit|move: Future Sight\n|-immune|p1a: Kingambit\n|-heal|p2a: Tauros|79\/100|[from] item: Leftovers\n|upkeep\n|turn|15\n|\n|t:|1700392253\n|-end|p1a: Kingambit|fallenundefined|[silent]\n|switch|p1a: Cresselia|Cresselia, F, tera:Poison|95\/100\n|move|p2a: Tauros|Body Press|p1a: Cresselia\n|-resisted|p1a: Cresselia\n|-damage|p1a: Cresselia|85\/100\n|\n|-heal|p2a: Tauros|85\/100|[from] item: Leftovers\n|-heal|p1a: Cresselia|91\/100|[from] item: Black Sludge\n|upkeep\n|turn|16\n|\n|t:|1700392265\n|switch|p2a: Slowking|Slowking-Galar, F|100\/100\n|-damage|p2a: Slowking|88\/100|[from] Spikes\n|move|p1a: Cresselia|Moonlight|p1a: Cresselia\n|-heal|p1a: Cresselia|100\/100\n|\n|-heal|p2a: Slowking|94\/100|[from] item: Leftovers\n|upkeep\n|turn|17\n|\n|t:|1700392281\n|move|p1a: Cresselia|Calm Mind|p1a: Cresselia\n|-boost|p1a: Cresselia|spa|1\n|-boost|p1a: Cresselia|spd|1\n|move|p2a: Slowking|Future Sight|p1a: Cresselia\n|-start|p2a: Slowking|move: Future Sight\n|\n|-heal|p2a: Slowking|99\/100|[from] item: Leftovers\n|upkeep\n|turn|18\n|\n|t:|1700392296\n|move|p1a: Cresselia|Stored Power|p2a: Slowking\n|-damage|p2a: Slowking|83\/100\n|move|p2a: Slowking|Chilly Reception|p2a: Slowking\n|-weather|Snow\n|\n|t:|1700392302\n|switch|p2a: Happy|Jirachi|100\/100|[from] Chilly Reception\n|-damage|p2a: Happy|88\/100|[from] Spikes\n|\n|-weather|Snow|[upkeep]\n|-heal|p2a: Happy|94\/100|[from] item: Leftovers\n|upkeep\n|turn|19\n|\n|t:|1700392314\n|switch|p1a: Samurott|Samurott-Hisui, F|64\/100\n|move|p2a: Happy|Aura Sphere|p1a: Samurott\n|-supereffective|p1a: Samurott\n|-damage|p1a: Samurott|0 fnt\n|faint|p1a: Samurott\n|\n|-weather|Snow|[upkeep]\n|-hint|Future Sight did not hit because the target is fainted.\n|-heal|p2a: Happy|100\/100|[from] item: Leftovers\n|upkeep\n|\n|t:|1700392329\n|switch|p1a: Great Tusk|Great Tusk|100\/100\n|turn|20\n|\n|t:|1700392337\n|move|p2a: Happy|U-turn|p1a: Great Tusk\n|-resisted|p1a: Great Tusk\n|-damage|p1a: Great Tusk|96\/100\n|\n|t:|1700392344\n|switch|p2a: Tauros|Tauros-Paldea-Aqua, M|85\/100|[from] U-turn\n|-damage|p2a: Tauros|73\/100|[from] Spikes\n|-ability|p2a: Tauros|Intimidate|boost\n|-unboost|p1a: Great Tusk|atk|1\n|move|p1a: Great Tusk|Bulk Up|p1a: Great Tusk\n|-boost|p1a: Great Tusk|atk|1\n|-boost|p1a: Great Tusk|def|1\n|\n|-weather|Snow|[upkeep]\n|-heal|p2a: Tauros|79\/100|[from] item: Leftovers\n|upkeep\n|turn|21\n|\n|t:|1700392355\n|move|p1a: Great Tusk|Bulk Up|p1a: Great Tusk\n|-boost|p1a: Great Tusk|atk|1\n|-boost|p1a: Great Tusk|def|1\n|move|p2a: Tauros|Bulk Up|p2a: Tauros\n|-boost|p2a: Tauros|atk|1\n|-boost|p2a: Tauros|def|1\n|\n|-weather|Snow|[upkeep]\n|-heal|p2a: Tauros|85\/100|[from] item: Leftovers\n|upkeep\n|turn|22\n|\n|t:|1700392363\n|move|p1a: Great Tusk|Bulk Up|p1a: Great Tusk\n|-boost|p1a: Great Tusk|atk|1\n|-boost|p1a: Great Tusk|def|1\n|move|p2a: Tauros|Bulk Up|p2a: Tauros\n|-boost|p2a: Tauros|atk|1\n|-boost|p2a: Tauros|def|1\n|\n|-weather|none\n|-heal|p2a: Tauros|91\/100|[from] item: Leftovers\n|upkeep\n|turn|23\n|\n|t:|1700392383\n|move|p1a: Great Tusk|Bulk Up|p1a: Great Tusk\n|-boost|p1a: Great Tusk|atk|1\n|-boost|p1a: Great Tusk|def|1\n|move|p2a: Tauros|Bulk Up|p2a: Tauros\n|-boost|p2a: Tauros|atk|1\n|-boost|p2a: Tauros|def|1\n|\n|-heal|p2a: Tauros|97\/100|[from] item: Leftovers\n|upkeep\n|turn|24\n|\n|t:|1700392391\n|move|p1a: Great Tusk|Headlong Rush|p2a: Tauros\n|-damage|p2a: Tauros|62\/100\n|-unboost|p1a: Great Tusk|def|1\n|-unboost|p1a: Great Tusk|spd|1\n|move|p2a: Tauros|Bulk Up|p2a: Tauros\n|-boost|p2a: Tauros|atk|1\n|-boost|p2a: Tauros|def|1\n|\n|-heal|p2a: Tauros|68\/100|[from] item: Leftovers\n|upkeep\n|turn|25\n|\n|t:|1700392402\n|move|p2a: Tauros|Protect|p2a: Tauros\n|-singleturn|p2a: Tauros|Protect\n|move|p1a: Great Tusk|Headlong Rush|p2a: Tauros\n|-activate|p2a: Tauros|move: Protect\n|\n|-heal|p2a: Tauros|74\/100|[from] item: Leftovers\n|upkeep\n|turn|26\n|\n|t:|1700392408\n|move|p1a: Great Tusk|Headlong Rush|p2a: Tauros\n|-damage|p2a: Tauros|45\/100\n|-unboost|p1a: Great Tusk|def|1\n|-unboost|p1a: Great Tusk|spd|1\n|move|p2a: Tauros|Bulk Up|p2a: Tauros\n|-boost|p2a: Tauros|atk|1\n|-boost|p2a: Tauros|def|1\n|\n|-heal|p2a: Tauros|51\/100|[from] item: Leftovers\n|upkeep\n|turn|27\n|\n|t:|1700392423\n|-end|p1a: Great Tusk|Protosynthesis|[silent]\n|switch|p1a: Iron Valiant|Iron Valiant|100\/100\n|move|p2a: Tauros|Raging Bull|p1a: Iron Valiant\n|-damage|p1a: Iron Valiant|0 fnt\n|faint|p1a: Iron Valiant\n|-end|p1a: Iron Valiant|Quark Drive|[silent]\n|\n|-heal|p2a: Tauros|57\/100|[from] item: Leftovers\n|upkeep\n|\n|t:|1700392431\n|switch|p1a: Sneasler|Sneasler, M|100\/100\n|-item|p1a: Sneasler|Air Balloon\n|turn|28\n|\n|t:|1700392439\n|move|p2a: Tauros|Protect|p2a: Tauros\n|-singleturn|p2a: Tauros|Protect\n|move|p1a: Sneasler|Acrobatics|p2a: Tauros\n|-activate|p2a: Tauros|move: Protect\n|\n|-heal|p2a: Tauros|63\/100|[from] item: Leftovers\n|upkeep\n|turn|29\n|\n|t:|1700392447\n|move|p1a: Sneasler|Acrobatics|p2a: Tauros\n|-supereffective|p2a: Tauros\n|-damage|p2a: Tauros|55\/100\n|move|p2a: Tauros|Raging Bull|p1a: Sneasler\n|-damage|p1a: Sneasler|0 fnt\n|-enditem|p1a: Sneasler|Air Balloon\n|faint|p1a: Sneasler\n|\n|-heal|p2a: Tauros|62\/100|[from] item: Leftovers\n|upkeep\n|-message|hundredswords forfeited.\n|\n|win|black the builder\n|raw|hundredswords's rating: 1189 &rarr; <strong>1162<\/strong><br \/>(-27 for losing)\n|raw|black the builder's rating: 1166 &rarr; <strong>1193<\/strong><br \/>(+27 for winning)\n|l|\u2606hundredswords\n","uploadtime":1700392456,"views":13,"p1id":"hundredswords","p2id":"blackthebuilder","formatid":"gen9ou","rating":1162,"private":0,"password":""}