{"id":"gen9ou-1991309640","p1":"Angel_Oceanpart","p2":"I'm an actual noob","format":"[Gen 9] OU","log":"|j|\u2606Angel_Oceanpart\n|j|\u2606I'm an actual noob\n|t:|1700066375\n|gametype|singles\n|player|p1|Angel_Oceanpart|preschoolerf|1192\n|player|p2|I'm an actual noob|1|1146\n|teamsize|p1|6\n|teamsize|p2|6\n|gen|9\n|tier|[Gen 9] OU\n|rated|\n|rule|Sleep Clause Mod: Limit one foe put to sleep\n|rule|Species Clause: Limit one of each Pok\u00e9mon\n|rule|OHKO Clause: OHKO moves are banned\n|rule|Evasion Items Clause: Evasion items are banned\n|rule|Evasion Moves Clause: Evasion moves are banned\n|rule|Endless Battle Clause: Forcing endless battles is banned\n|rule|HP Percentage Mod: HP is shown in percentages\n|clearpoke\n|poke|p1|Ditto|\n|poke|p1|Alomomola, M|\n|poke|p1|Corviknight, M|\n|poke|p1|Heatran, F|\n|poke|p1|Pawmot, F|\n|poke|p1|Zoroark, F|\n|poke|p2|Ribombee, F|\n|poke|p2|Alomomola, M|\n|poke|p2|Hoopa-Unbound|\n|poke|p2|Clodsire, F|\n|poke|p2|Kingambit, F|\n|poke|p2|Great Tusk|\n|teampreview\n|inactive|Battle timer is ON: inactive players will automatically lose when time's up. (requested by Angel_Oceanpart)\n|c|\u2606I'm an actual noob|It's been long since I saw ditto\n|c|\u2606Angel_Oceanpart|oh really?\n|c|\u2606I'm an actual noob|Yea\n|inactive|Angel_Oceanpart has 120 seconds left.\n|inactive|I'm an actual noob has 120 seconds left.\n|c|\u2606I'm an actual noob|Gonna see it wreck my team because it counters itself ig\n|c|\u2606I'm an actual noob|Nvm I don't have ice spinner\n|c|\u2606Angel_Oceanpart|lol\n|\n|t:|1700066434\n|start\n|switch|p1a: Betrayal|Heatran, F|100\/100\n|switch|p2a: Alomomola|Alomomola, M|100\/100\n|turn|1\n|c|\u2606Angel_Oceanpart|Lets have some fun then sir ^^\n|\n|t:|1700066443\n|switch|p1a: Forgive|Corviknight, M|100\/100\n|-ability|p1a: Forgive|Pressure\n|move|p2a: Alomomola|Scald|p1a: Forgive\n|-damage|p1a: Forgive|87\/100\n|-status|p1a: Forgive|brn\n|\n|-damage|p1a: Forgive|81\/100 brn|[from] brn\n|upkeep\n|turn|2\n|c|\u2606I'm an actual noob|Yeah let's do this\n|c|\u2606I'm an actual noob|And before you ask I prayed to the rnjesus today\n|inactive|I'm an actual noob has 120 seconds left.\n|\n|t:|1700066476\n|move|p1a: Forgive|U-turn|p2a: Alomomola\n|-damage|p2a: Alomomola|97\/100\n|\n|t:|1700066486\n|switch|p1a: Tora|Alomomola, M|100\/100|[from] U-turn\n|move|p2a: Alomomola|Wish|p2a: Alomomola\n|\n|upkeep\n|turn|3\n|\n|t:|1700066494\n|move|p1a: Tora|Scald|p2a: Alomomola\n|-resisted|p2a: Alomomola\n|-damage|p2a: Alomomola|89\/100\n|-status|p2a: Alomomola|brn\n|move|p2a: Alomomola|Flip Turn|p1a: Tora\n|-resisted|p1a: Tora\n|-damage|p1a: Tora|98\/100\n|-enditem|p1a: Tora|Red Card|[of] p2a: Alomomola\n|drag|p2a: Hoopa|Hoopa-Unbound|100\/100\n|\n|upkeep\n|turn|4\n|inactive|I'm an actual noob has 120 seconds left.\n|\n|t:|1700066514\n|move|p2a: Hoopa|Focus Blast|p1a: Tora\n|-damage|p1a: Tora|57\/100\n|move|p1a: Tora|Mirror Coat|p2a: Hoopa\n|-immune|p2a: Hoopa\n|\n|upkeep\n|turn|5\n|c|\u2606I'm an actual noob|Please miss\n|c|\u2606Angel_Oceanpart|:aww\n|\n|t:|1700066528\n|move|p2a: Hoopa|Focus Blast|p1a: Tora\n|-damage|p1a: Tora|20\/100\n|move|p1a: Tora|Flip Turn|p2a: Hoopa\n|-damage|p2a: Hoopa|75\/100\n|c|\u2606I'm an actual noob|MISS\n|c|\u2606I'm an actual noob|ALREADY\n|\n|t:|1700066544\n|switch|p1a: Betrayal|Heatran, F|100\/100|[from] Flip Turn\n|\n|upkeep\n|turn|6\n|c|\u2606I'm an actual noob|Damn when I need it to miss\n|c|\u2606I'm an actual noob|Oh wait you got ditto\n|c|\u2606I'm an actual noob|Nvm don't miss\n|\n|t:|1700066563\n|move|p1a: Betrayal|U-turn|p2a: Hoopa\n|-supereffective|p2a: Hoopa\n|-damage|p2a: Hoopa|0 fnt\n|faint|p2a: Hoopa\n|\n|t:|1700066569\n|switch|p1a: Tora|Alomomola, M|54\/100|[from] U-turn\n|\n|upkeep\n|c|\u2606I'm an actual noob|Wait it has that\n|c|\u2606Angel_Oceanpart|mhm\n|\n|t:|1700066583\n|switch|p2a: Clodsire|Clodsire, F|100\/100\n|turn|7\n|c|\u2606I'm an actual noob|Woah\n|c|\u2606Angel_Oceanpart|Quite the betrayal\n|inactive|I'm an actual noob has 120 seconds left.\n|c|\u2606I'm an actual noob|My dumbo never saw an heatran before\n|\n|t:|1700066612\n|move|p1a: Tora|Wish|p1a: Tora\n|move|p2a: Clodsire|Toxic|p1a: Tora\n|-status|p1a: Tora|tox\n|\n|-damage|p1a: Tora|47\/100 tox|[from] psn\n|upkeep\n|turn|8\n|inactive|I'm an actual noob has 120 seconds left.\n|\n|t:|1700066622\n|switch|p1a: Forgive|Corviknight, M|81\/100 brn\n|-ability|p1a: Forgive|Pressure\n|move|p2a: Clodsire|Stealth Rock|p1a: Forgive\n|-sidestart|p1: Angel_Oceanpart|move: Stealth Rock\n|\n|-heal|p1a: Forgive|100\/100 brn|[from] move: Wish|[wisher] Tora\n|-damage|p1a: Forgive|94\/100 brn|[from] brn\n|upkeep\n|turn|9\n|inactive|I'm an actual noob has 120 seconds left.\n|\n|t:|1700066632\n|move|p1a: Forgive|Defog|p2a: Clodsire\n|-unboost|p2a: Clodsire|evasion|1\n|-sideend|p1: Angel_Oceanpart|Stealth Rock|[from] move: Defog|[of] p1a: Forgive\n|move|p2a: Clodsire|Recover||[still]\n|-fail|p2a: Clodsire|heal\n|\n|-damage|p1a: Forgive|88\/100 brn|[from] brn\n|upkeep\n|turn|10\n|inactive|I'm an actual noob has 120 seconds left.\n|c|\u2606I'm an actual noob|I was already scared of your shenanigans\n|\n|t:|1700066653\n|switch|p2a: Alomomola|Alomomola, M|100\/100 brn\n|move|p1a: Forgive|U-turn|p2a: Alomomola\n|-damage|p2a: Alomomola|97\/100 brn\n|\n|t:|1700066666\n|switch|p1a: Retry|Pawmot, F|100\/100|[from] U-turn\n|\n|-damage|p2a: Alomomola|90\/100 brn|[from] brn\n|upkeep\n|turn|11\n|inactive|I'm an actual noob has 120 seconds left.\n|\n|t:|1700066674\n|switch|p2a: Clodsire|Clodsire, F|100\/100\n|move|p1a: Retry|Knock Off|p2a: Clodsire\n|-damage|p2a: Clodsire|60\/100\n|-enditem|p2a: Clodsire|Leftovers|[from] move: Knock Off|[of] p1a: Retry\n|\n|upkeep\n|turn|12\n|c|\u2606Angel_Oceanpart|XD\n|c|\u2606Angel_Oceanpart|I'm just using whatever looked nice\n|\n|t:|1700066692\n|switch|p1a: Forgive|Corviknight, M|88\/100 brn\n|-ability|p1a: Forgive|Pressure\n|move|p2a: Clodsire|Recover|p2a: Clodsire\n|-heal|p2a: Clodsire|100\/100\n|\n|-damage|p1a: Forgive|82\/100 brn|[from] brn\n|upkeep\n|turn|13\n|c|\u2606I'm an actual noob|What is the ditto nickname\n|\n|t:|1700066711\n|switch|p2a: Alomomola|Alomomola, M|100\/100 brn\n|move|p1a: Forgive|Brave Bird|p2a: Alomomola\n|-damage|p2a: Alomomola|91\/100 brn\n|-damage|p1a: Forgive|78\/100 brn|[from] Recoil\n|\n|-damage|p1a: Forgive|72\/100 brn|[from] brn\n|-damage|p2a: Alomomola|85\/100 brn|[from] brn\n|upkeep\n|turn|14\n|c|\u2606Angel_Oceanpart|You will see\n|\n|t:|1700066720\n|move|p1a: Forgive|U-turn|p2a: Alomomola\n|-damage|p2a: Alomomola|81\/100 brn\n|c|\u2606I'm an actual noob|If I live\n|\n|t:|1700066724\n|switch|p1a: Tora|Alomomola, M|80\/100 tox|[from] U-turn\n|move|p2a: Alomomola|Flip Turn|p1a: Tora\n|-resisted|p1a: Tora\n|-damage|p1a: Tora|78\/100 tox\n|\n|t:|1700066735\n|switch|p2a: Ribombee|Ribombee, F|100\/100|[from] Flip Turn\n|\n|-damage|p1a: Tora|72\/100 tox|[from] psn\n|upkeep\n|turn|15\n|\n|t:|1700066751\n|move|p2a: Ribombee|Bug Buzz|p1a: Tora\n|-damage|p1a: Tora|38\/100 tox\n|move|p1a: Tora|Flip Turn|p2a: Ribombee\n|-damage|p2a: Ribombee|71\/100\n|\n|t:|1700066757\n|switch|p1a: Betrayal|Heatran, F|100\/100|[from] Flip Turn\n|\n|upkeep\n|turn|16\n|c|\u2606I'm an actual noob|No damage?\n|\n|t:|1700066765\n|switch|p2a: Alomomola|Alomomola, M|100\/100 brn\n|move|p1a: Betrayal|Overheat|p2a: Alomomola\n|-resisted|p2a: Alomomola\n|-damage|p2a: Alomomola|30\/100 brn\n|-unboost|p1a: Betrayal|spa|2\n|\n|-damage|p2a: Alomomola|24\/100 brn|[from] brn\n|upkeep\n|turn|17\n|c|\u2606Angel_Oceanpart|aw\n|\n|t:|1700066775\n|switch|p1a: Forgive|Corviknight, M|72\/100 brn\n|-ability|p1a: Forgive|Pressure\n|switch|p2a: Clodsire|Clodsire, F|100\/100\n|\n|-damage|p1a: Forgive|66\/100 brn|[from] brn\n|upkeep\n|turn|18\n|\n|t:|1700066786\n|move|p1a: Forgive|Roost|p1a: Forgive\n|-heal|p1a: Forgive|100\/100 brn\n|-singleturn|p1a: Forgive|move: Roost\n|move|p2a: Clodsire|Stealth Rock|p1a: Forgive\n|-sidestart|p1: Angel_Oceanpart|move: Stealth Rock\n|\n|-damage|p1a: Forgive|94\/100 brn|[from] brn\n|upkeep\n|turn|19\n|\n|t:|1700066795\n|switch|p2a: Alomomola|Alomomola, M|57\/100 brn\n|move|p1a: Forgive|Defog|p2a: Alomomola\n|-unboost|p2a: Alomomola|evasion|1\n|-sideend|p1: Angel_Oceanpart|Stealth Rock|[from] move: Defog|[of] p1a: Forgive\n|\n|-damage|p1a: Forgive|88\/100 brn|[from] brn\n|-damage|p2a: Alomomola|51\/100 brn|[from] brn\n|upkeep\n|turn|20\n|\n|t:|1700066799\n|move|p1a: Forgive|U-turn|p2a: Alomomola\n|-damage|p2a: Alomomola|47\/100 brn\n|\n|t:|1700066801\n|switch|p1a: Tora|Alomomola, M|71\/100 tox|[from] U-turn\n|move|p2a: Alomomola|Flip Turn|p1a: Tora\n|-resisted|p1a: Tora\n|-damage|p1a: Tora|68\/100 tox\n|\n|t:|1700066807\n|switch|p2a: Kingambit|Kingambit, F|100\/100|[from] Flip Turn\n|-activate|p2a: Kingambit|ability: Supreme Overlord\n|-start|p2a: Kingambit|fallen1|[silent]\n|\n|-damage|p1a: Tora|61\/100 tox|[from] psn\n|upkeep\n|turn|21\n|\n|t:|1700066812\n|switch|p1a: Forgive|Corviknight, M|88\/100 brn\n|-ability|p1a: Forgive|Pressure\n|move|p2a: Kingambit|Swords Dance|p2a: Kingambit\n|-boost|p2a: Kingambit|atk|2\n|\n|-damage|p1a: Forgive|82\/100 brn|[from] brn\n|upkeep\n|turn|22\n|c|\u2606I'm an actual noob|I'm not scared of body press anymore\n|c|\u2606Angel_Oceanpart|uh oh\n|\n|t:|1700066833\n|move|p1a: Forgive|U-turn|p2a: Kingambit\n|-damage|p2a: Kingambit|95\/100\n|c|\u2606Angel_Oceanpart|that kingambit looks scary\n|\n|t:|1700066842\n|switch|p1a: Tora|Alomomola, M|95\/100 tox|[from] U-turn\n|move|p2a: Kingambit|Kowtow Cleave|p1a: Tora\n|-damage|p1a: Tora|23\/100 tox\n|\n|-damage|p1a: Tora|17\/100 tox|[from] psn\n|upkeep\n|turn|23\n|c|\u2606I'm an actual noob|Time to ditto it\n|c|\u2606I'm an actual noob|No?\n|c|\u2606Angel_Oceanpart|you wish XD\n|\n|t:|1700066857\n|move|p2a: Kingambit|Sucker Punch|p1a: Tora\n|-damage|p1a: Tora|0 fnt\n|faint|p1a: Tora\n|\n|upkeep\n|c|\u2606I'm an actual noob|Lmao\n|\n|t:|1700066872\n|switch|p1a: Betrayal|Heatran, F|100\/100\n|turn|24\n|c|\u2606I'm an actual noob|Literally thought I did a bad play\n|c|\u2606I'm an actual noob|Because you said \"wish\"\n|\n|t:|1700066896\n|-end|p2a: Kingambit|fallen1|[silent]\n|switch|p2a: Clodsire|Clodsire, F|100\/100\n|move|p1a: Betrayal|Overheat|p2a: Clodsire\n|-damage|p2a: Clodsire|43\/100\n|-unboost|p1a: Betrayal|spa|2\n|\n|upkeep\n|turn|25\n|c|\u2606Angel_Oceanpart|lol\n|\n|t:|1700066902\n|switch|p1a: Forgive|Corviknight, M|82\/100 brn\n|-ability|p1a: Forgive|Pressure\n|move|p2a: Clodsire|Recover|p2a: Clodsire\n|-heal|p2a: Clodsire|93\/100\n|\n|-damage|p1a: Forgive|76\/100 brn|[from] brn\n|upkeep\n|turn|26\n|c|\u2606I'm an actual noob|Bro that heatran is nuking me\n|c|\u2606Angel_Oceanpart|yep\n|c|\u2606I'm an actual noob|I can imagine it being chi yu\n|\n|t:|1700066927\n|move|p1a: Forgive|U-turn|p2a: Clodsire\n|-resisted|p2a: Clodsire\n|-damage|p2a: Clodsire|89\/100\n|\n|t:|1700066934\n|switch|p1a: Tori|Ditto|100\/100|[from] U-turn\n|-transform|p1a: Tori|p2a: Clodsire|[from] ability: Imposter\n|move|p2a: Clodsire|Toxic|p1a: Tori\n|-immune|p1a: Tori\n|\n|upkeep\n|turn|27\n|c|\u2606I'm an actual noob|Tori too?\n|\n|t:|1700066949\n|switch|p2a: Neither this|Great Tusk|100\/100\n|move|p1a: Tori|Spikes|p2a: Neither this\n|-sidestart|p2: I'm an actual noob|Spikes\n|\n|upkeep\n|turn|28\n|\n|t:|1700066960\n|switch|p1a: Forgive|Corviknight, M|76\/100 brn\n|-ability|p1a: Forgive|Pressure\n|move|p2a: Neither this|Headlong Rush|p1a: Forgive\n|-immune|p1a: Forgive\n|\n|-damage|p1a: Forgive|70\/100 brn|[from] brn\n|upkeep\n|turn|29\n|\n|t:|1700066968\n|-end|p2a: Neither this|Protosynthesis|[silent]\n|switch|p2a: Alomomola|Alomomola, M|80\/100 brn\n|move|p1a: Forgive|Brave Bird|p2a: Alomomola\n|-damage|p2a: Alomomola|70\/100 brn\n|-damage|p1a: Forgive|66\/100 brn|[from] Recoil\n|\n|-damage|p1a: Forgive|60\/100 brn|[from] brn\n|-damage|p2a: Alomomola|64\/100 brn|[from] brn\n|upkeep\n|turn|30\n|c|\u2606I'm an actual noob|Almost stayed in\n|c|\u2606I'm an actual noob|I legit dodged a nuke\n|c|\u2606Angel_Oceanpart|XD\n|inactive|I'm an actual noob has 120 seconds left.\n|\n|t:|1700067012\n|move|p1a: Forgive|Roost|p1a: Forgive\n|-heal|p1a: Forgive|100\/100 brn\n|-singleturn|p1a: Forgive|move: Roost\n|move|p2a: Alomomola|Flip Turn|p1a: Forgive\n|-crit|p1a: Forgive\n|-damage|p1a: Forgive|93\/100 brn\n|-damage|p2a: Alomomola|47\/100 brn|[from] item: Rocky Helmet|[of] p1a: Forgive\n|\n|t:|1700067018\n|switch|p2a: Kingambit|Kingambit, F|95\/100|[from] Flip Turn\n|-damage|p2a: Kingambit|83\/100|[from] Spikes\n|-activate|p2a: Kingambit|ability: Supreme Overlord\n|-start|p2a: Kingambit|fallen1|[silent]\n|\n|-damage|p1a: Forgive|87\/100 brn|[from] brn\n|upkeep\n|turn|31\n|\n|t:|1700067044\n|switch|p1a: Betrayal|Heatran, F|100\/100\n|move|p2a: Kingambit|Kowtow Cleave|p1a: Betrayal\n|-resisted|p1a: Betrayal\n|-damage|p1a: Betrayal|45\/100\n|replace|p1a: Forget|Zoroark, F\n|-end|p1a: Forget|Illusion\n|\n|upkeep\n|turn|32\n|c|\u2606I'm an actual noob|Why did I think bocchi would be the ditto nickname\n|inactive|I'm an actual noob has 120 seconds left.\n|\n|t:|1700067055\n|-end|p2a: Kingambit|fallen1|[silent]\n|switch|p2a: Alomomola|Alomomola, M|81\/100 brn\n|-terastallize|p1a: Forget|Ground\n|move|p1a: Forget|Tera Blast|p2a: Alomomola|[anim] Tera Blast Ground\n|-damage|p2a: Alomomola|61\/100 brn\n|\n|-damage|p2a: Alomomola|55\/100 brn|[from] brn\n|upkeep\n|turn|33\n|c|\u2606Angel_Oceanpart|dunno\n|\n|t:|1700067070\n|switch|p1a: Retry|Pawmot, F|100\/100\n|move|p2a: Alomomola|Wish|p2a: Alomomola\n|\n|-damage|p2a: Alomomola|49\/100 brn|[from] brn\n|upkeep\n|turn|34\n|c|\u2606I'm an actual noob|Like, I've took revenge on my friend spamming that girl on me\n|c|\u2606I'm an actual noob|It even became my pfp as revenge\n|inactive|I'm an actual noob has 120 seconds left.\n|c|\u2606I'm an actual noob|I'm getting bombarded back by recommendations\n|\n|t:|1700067104\n|move|p2a: Alomomola|Protect|p2a: Alomomola\n|-singleturn|p2a: Alomomola|Protect\n|move|p1a: Retry|Revival Blessing|p1a: Retry\n|-enditem|p1a: Retry|Leppa Berry|[eat]\n|-activate|p1a: Retry|item: Leppa Berry|Revival Blessing|[consumed]\n|\n|t:|1700067110\n|-heal|p1: Tora|50\/100|[from] move: Revival Blessing\n|\n|-heal|p2a: Alomomola|99\/100 brn|[from] move: Wish|[wisher] Alomomola\n|-damage|p2a: Alomomola|93\/100 brn|[from] brn\n|upkeep\n|turn|35\n|c|\u2606Angel_Oceanpart|XD\n|c|\u2606I'm an actual noob|AHHHHHHH\n|inactive|I'm an actual noob has 120 seconds left.\n|\n|t:|1700067131\n|switch|p2a: Kingambit|Kingambit, F|83\/100\n|-damage|p2a: Kingambit|71\/100|[from] Spikes\n|-activate|p2a: Kingambit|ability: Supreme Overlord\n|-start|p2a: Kingambit|fallen1|[silent]\n|move|p1a: Retry|Close Combat|p2a: Kingambit\n|-supereffective|p2a: Kingambit\n|-damage|p2a: Kingambit|0 fnt\n|-unboost|p1a: Retry|def|1\n|-unboost|p1a: Retry|spd|1\n|faint|p2a: Kingambit\n|-end|p2a: Kingambit|fallen1|[silent]\n|\n|upkeep\n|c|\u2606I'm an actual noob|And now I lose\n|c|\u2606Angel_Oceanpart|Unlucky\n|\n|t:|1700067145\n|switch|p2a: Clodsire|Clodsire, F|89\/100\n|-damage|p2a: Clodsire|76\/100|[from] Spikes\n|turn|36\n|\n|t:|1700067157\n|switch|p1a: Betrayal|Heatran, F|100\/100\n|move|p2a: Clodsire|Toxic|p1a: Betrayal\n|-immune|p1a: Betrayal\n|\n|upkeep\n|turn|37\n|\n|t:|1700067166\n|move|p1a: Betrayal|Earth Power|p2a: Clodsire\n|-supereffective|p2a: Clodsire\n|-crit|p2a: Clodsire\n|-damage|p2a: Clodsire|0 fnt\n|faint|p2a: Clodsire\n|\n|upkeep\n|c|\u2606I'm an actual noob|Nah I lost too much focus on this one\n|\n|t:|1700067189\n|switch|p2a: Alomomola|Alomomola, M|100\/100 brn\n|turn|38\n|c|\u2606Angel_Oceanpart|yeah\n|c|\u2606I'm an actual noob|Should have sired first\n|inactive|I'm an actual noob has 90 seconds left.\n|c|\u2606I'm an actual noob|Alomo later\n|\n|t:|1700067209\n|switch|p1a: Tora|Alomomola, M|50\/100\n|move|p2a: Alomomola|Scald|p1a: Tora\n|-resisted|p1a: Tora\n|-damage|p1a: Tora|46\/100\n|\n|-damage|p2a: Alomomola|94\/100 brn|[from] brn\n|upkeep\n|turn|39\n|\n|t:|1700067213\n|move|p1a: Tora|Wish|p1a: Tora\n|move|p2a: Alomomola|Scald|p1a: Tora\n|-resisted|p1a: Tora\n|-damage|p1a: Tora|40\/100\n|-status|p1a: Tora|brn\n|\n|-damage|p1a: Tora|34\/100 brn|[from] brn\n|-damage|p2a: Alomomola|88\/100 brn|[from] brn\n|upkeep\n|turn|40\n|\n|t:|1700067215\n|move|p1a: Tora|Flip Turn|p2a: Alomomola\n|-resisted|p2a: Alomomola\n|-crit|p2a: Alomomola\n|-damage|p2a: Alomomola|85\/100 brn\n|\n|t:|1700067220\n|switch|p1a: Retry|Pawmot, F, tera:Ground|45\/100|[from] Flip Turn\n|move|p2a: Alomomola|Scald|p1a: Retry\n|-supereffective|p1a: Retry\n|-damage|p1a: Retry|0 fnt\n|replace|p1a: Forget|Zoroark, F\n|-end|p1a: Forget|Illusion\n|faint|p1a: Forget\n|\n|-damage|p2a: Alomomola|78\/100 brn|[from] brn\n|upkeep\n|c|\u2606Angel_Oceanpart|whoops\n|\n|t:|1700067233\n|switch|p1a: Retry|Pawmot, F|100\/100\n|turn|41\n|inactive|I'm an actual noob has 120 seconds left.\n|inactive|I'm an actual noob has 90 seconds left.\n|\n|t:|1700067271\n|switch|p2a: Neither this|Great Tusk|100\/100\n|-damage|p2a: Neither this|88\/100|[from] Spikes\n|move|p1a: Retry|Double Shock|p2a: Neither this\n|-immune|p2a: Neither this\n|\n|-heal|p2a: Neither this|94\/100|[from] item: Leftovers\n|upkeep\n|turn|42\n|\n|t:|1700067279\n|switch|p1a: Forgive|Corviknight, M|87\/100 brn\n|-ability|p1a: Forgive|Pressure\n|move|p2a: Neither this|Knock Off|p1a: Forgive\n|-damage|p1a: Forgive|66\/100 brn\n|-damage|p2a: Neither this|78\/100|[from] item: Rocky Helmet|[of] p1a: Forgive\n|-enditem|p1a: Forgive|Rocky Helmet|[from] move: Knock Off|[of] p2a: Neither this\n|\n|-heal|p2a: Neither this|84\/100|[from] item: Leftovers\n|-damage|p1a: Forgive|60\/100 brn|[from] brn\n|upkeep\n|turn|43\n|\n|t:|1700067286\n|move|p2a: Neither this|Rapid Spin|p1a: Forgive\n|-resisted|p1a: Forgive\n|-damage|p1a: Forgive|55\/100 brn\n|-boost|p2a: Neither this|spe|1\n|-sideend|p2: I'm an actual noob|Spikes|[from] move: Rapid Spin|[of] p2a: Neither this\n|move|p1a: Forgive|U-turn|p2a: Neither this\n|-resisted|p2a: Neither this\n|-damage|p2a: Neither this|82\/100\n|\n|t:|1700067296\n|switch|p1a: Tori|Ditto|100\/100|[from] U-turn\n|-transform|p1a: Tori|p2a: Neither this|[from] ability: Imposter\n|\n|-heal|p2a: Neither this|88\/100|[from] item: Leftovers\n|upkeep\n|turn|44\n|c|\u2606I'm an actual noob|Finally got another predi\n|c|\u2606I'm an actual noob|SHIT\n|c|\u2606Angel_Oceanpart|oh wait I havent...\n|inactive|I'm an actual noob has 90 seconds left.\n|\n|t:|1700067328\n|-end|p2a: Neither this|Protosynthesis|[silent]\n|switch|p2a: Alomomola|Alomomola, M|100\/100 brn\n|move|p1a: Tori|Close Combat|p2a: Alomomola\n|-damage|p2a: Alomomola|66\/100 brn\n|-unboost|p1a: Tori|def|1\n|-unboost|p1a: Tori|spd|1\n|\n|-damage|p2a: Alomomola|59\/100 brn|[from] brn\n|upkeep\n|turn|45\n|\n|t:|1700067336\n|-end|p1a: Tori|Protosynthesis|[silent]\n|switch|p1a: Tora|Alomomola, M|67\/100 brn\n|move|p2a: Alomomola|Wish|p2a: Alomomola\n|\n|-damage|p1a: Tora|61\/100 brn|[from] brn\n|-damage|p2a: Alomomola|53\/100 brn|[from] brn\n|upkeep\n|turn|46\n|inactive|I'm an actual noob has 90 seconds left.\n|\n|t:|1700067366\n|move|p1a: Tora|Flip Turn|p2a: Alomomola\n|-resisted|p2a: Alomomola\n|-damage|p2a: Alomomola|51\/100 brn\n|\n|t:|1700067379\n|switch|p1a: Forgive|Corviknight, M|55\/100 brn|[from] Flip Turn\n|-ability|p1a: Forgive|Pressure\n|move|p2a: Alomomola|Scald|p1a: Forgive\n|-damage|p1a: Forgive|42\/100 brn\n|\n|-heal|p2a: Alomomola|100\/100 brn|[from] move: Wish|[wisher] Alomomola\n|-damage|p1a: Forgive|36\/100 brn|[from] brn\n|-damage|p2a: Alomomola|94\/100 brn|[from] brn\n|upkeep\n|turn|47\n|inactive|I'm an actual noob has 90 seconds left.\n|\n|t:|1700067396\n|move|p1a: Forgive|Roost|p1a: Forgive\n|-heal|p1a: Forgive|86\/100 brn\n|-singleturn|p1a: Forgive|move: Roost\n|move|p2a: Alomomola|Scald|p1a: Forgive\n|-damage|p1a: Forgive|72\/100 brn\n|\n|-damage|p1a: Forgive|66\/100 brn|[from] brn\n|-damage|p2a: Alomomola|88\/100 brn|[from] brn\n|upkeep\n|turn|48\n|\n|t:|1700067401\n|move|p1a: Forgive|U-turn|p2a: Alomomola\n|-damage|p2a: Alomomola|85\/100 brn\n|\n|t:|1700067404\n|switch|p1a: Tora|Alomomola, M|94\/100 brn|[from] U-turn\n|move|p2a: Alomomola|Wish|p2a: Alomomola\n|\n|-damage|p1a: Tora|88\/100 brn|[from] brn\n|-damage|p2a: Alomomola|78\/100 brn|[from] brn\n|upkeep\n|turn|49\n|inactive|I'm an actual noob has 90 seconds left.\n|\n|t:|1700067431\n|move|p1a: Tora|Wish|p1a: Tora\n|move|p2a: Alomomola|Flip Turn|p1a: Tora\n|-resisted|p1a: Tora\n|-damage|p1a: Tora|85\/100 brn\n|\n|t:|1700067435\n|switch|p2a: Ribombee|Ribombee, F|71\/100|[from] Flip Turn\n|\n|-heal|p2a: Ribombee|100\/100|[from] move: Wish|[wisher] Alomomola\n|-damage|p1a: Tora|79\/100 brn|[from] brn\n|upkeep\n|turn|50\n|inactive|I'm an actual noob has 90 seconds left.\n|\n|t:|1700067444\n|move|p2a: Ribombee|Sticky Web|p1a: Tora\n|-sidestart|p1: Angel_Oceanpart|move: Sticky Web\n|move|p1a: Tora|Mirror Coat||[still]\n|-fail|p1a: Tora\n|\n|-heal|p1a: Tora|100\/100 brn|[from] move: Wish|[wisher] Tora\n|-damage|p1a: Tora|94\/100 brn|[from] brn\n|upkeep\n|turn|51\n|inactive|I'm an actual noob has 90 seconds left.\n|\n|t:|1700067463\n|move|p2a: Ribombee|Quiver Dance|p2a: Ribombee\n|-boost|p2a: Ribombee|spa|1\n|-boost|p2a: Ribombee|spd|1\n|-boost|p2a: Ribombee|spe|1\n|move|p1a: Tora|Flip Turn|p2a: Ribombee\n|-damage|p2a: Ribombee|83\/100\n|\n|t:|1700067465\n|switch|p1a: Betrayal|Heatran, F|100\/100|[from] Flip Turn\n|-activate|p1a: Betrayal|move: Sticky Web\n|-unboost|p1a: Betrayal|spe|1\n|\n|upkeep\n|turn|52\n|\n|t:|1700067470\n|switch|p2a: Alomomola|Alomomola, M|100\/100 brn\n|move|p1a: Betrayal|Overheat|p2a: Alomomola\n|-resisted|p2a: Alomomola\n|-damage|p2a: Alomomola|33\/100 brn\n|-unboost|p1a: Betrayal|spa|2\n|\n|-damage|p2a: Alomomola|26\/100 brn|[from] brn\n|upkeep\n|turn|53\n|\n|t:|1700067479\n|move|p1a: Betrayal|Overheat|p2a: Alomomola\n|-resisted|p2a: Alomomola\n|-damage|p2a: Alomomola|0 fnt\n|-unboost|p1a: Betrayal|spa|2\n|faint|p2a: Alomomola\n|\n|upkeep\n|c|\u2606I'm an actual noob|Why is he pressuring me so much\n|c|\u2606I'm an actual noob|Oh wait it's dead\n|c|\u2606Angel_Oceanpart|lol\n|c|\u2606I'm an actual noob|Gg\n|c|\u2606Angel_Oceanpart|gg\n|\n|t:|1700067504\n|switch|p2a: Neither this|Great Tusk|88\/100\n|turn|54\n|\n|t:|1700067509\n|switch|p1a: Forgive|Corviknight, M|66\/100 brn\n|-ability|p1a: Forgive|Pressure\n|move|p2a: Neither this|Knock Off|p1a: Forgive\n|-damage|p1a: Forgive|53\/100 brn\n|\n|-heal|p2a: Neither this|94\/100|[from] item: Leftovers\n|-damage|p1a: Forgive|47\/100 brn|[from] brn\n|upkeep\n|turn|55\n|c|\u2606Angel_Oceanpart|u played well\n|\n|t:|1700067517\n|move|p2a: Neither this|Rapid Spin|p1a: Forgive\n|-resisted|p1a: Forgive\n|-damage|p1a: Forgive|41\/100 brn\n|-boost|p2a: Neither this|spe|1\n|move|p1a: Forgive|Roost|p1a: Forgive\n|-heal|p1a: Forgive|91\/100 brn\n|-singleturn|p1a: Forgive|move: Roost\n|\n|-heal|p2a: Neither this|99\/100|[from] item: Leftovers\n|-damage|p1a: Forgive|85\/100 brn|[from] brn\n|upkeep\n|turn|56\n|\n|t:|1700067522\n|move|p2a: Neither this|Close Combat|p1a: Forgive\n|-damage|p1a: Forgive|49\/100 brn\n|-unboost|p2a: Neither this|def|1\n|-unboost|p2a: Neither this|spd|1\n|move|p1a: Forgive|Defog|p2a: Neither this\n|-unboost|p2a: Neither this|evasion|1\n|-sideend|p1: Angel_Oceanpart|Sticky Web|[from] move: Defog|[of] p1a: Forgive\n|\n|-heal|p2a: Neither this|100\/100|[from] item: Leftovers\n|-damage|p1a: Forgive|43\/100 brn|[from] brn\n|upkeep\n|turn|57\n|\n|t:|1700067526\n|move|p2a: Neither this|Close Combat|p1a: Forgive\n|-damage|p1a: Forgive|3\/100 brn\n|-unboost|p2a: Neither this|def|1\n|-unboost|p2a: Neither this|spd|1\n|move|p1a: Forgive|U-turn|p2a: Neither this\n|-resisted|p2a: Neither this\n|-damage|p2a: Neither this|95\/100\n|\n|t:|1700067536\n|switch|p1a: Tori|Ditto|100\/100|[from] U-turn\n|-transform|p1a: Tori|p2a: Neither this|[from] ability: Imposter\n|\n|-heal|p2a: Neither this|100\/100|[from] item: Leftovers\n|upkeep\n|turn|58\n|\n|t:|1700067560\n|move|p2a: Neither this|Headlong Rush|p1a: Tori\n|-damage|p1a: Tori|0 fnt\n|-unboost|p2a: Neither this|def|1\n|-unboost|p2a: Neither this|spd|1\n|faint|p1a: Tori\n|-end|p1a: Tori|Protosynthesis|[silent]\n|\n|upkeep\n|c|\u2606Angel_Oceanpart|uh oh\n|\n|t:|1700067566\n|switch|p1a: Tora|Alomomola, M|100\/100 brn\n|turn|59\n|c|\u2606I'm an actual noob|I win?\n|c|\u2606I'm an actual noob|No I don't\n|c|\u2606Angel_Oceanpart|surely\n|\n|t:|1700067585\n|-end|p2a: Neither this|Protosynthesis|[silent]\n|switch|p2a: Ribombee|Ribombee, F|83\/100\n|move|p1a: Tora|Scald|p2a: Ribombee\n|-damage|p2a: Ribombee|63\/100\n|\n|-damage|p1a: Tora|94\/100 brn|[from] brn\n|upkeep\n|turn|60\n|\n|t:|1700067594\n|move|p2a: Ribombee|Quiver Dance|p2a: Ribombee\n|-boost|p2a: Ribombee|spa|1\n|-boost|p2a: Ribombee|spd|1\n|-boost|p2a: Ribombee|spe|1\n|move|p1a: Tora|Wish|p1a: Tora\n|\n|-damage|p1a: Tora|88\/100 brn|[from] brn\n|upkeep\n|turn|61\n|\n|t:|1700067598\n|move|p2a: Ribombee|Quiver Dance|p2a: Ribombee\n|-boost|p2a: Ribombee|spa|1\n|-boost|p2a: Ribombee|spd|1\n|-boost|p2a: Ribombee|spe|1\n|move|p1a: Tora|Flip Turn|p2a: Ribombee\n|-damage|p2a: Ribombee|45\/100\n|\n|t:|1700067606\n|switch|p1a: Betrayal|Heatran, F|100\/100|[from] Flip Turn\n|\n|upkeep\n|turn|62\n|\n|t:|1700067615\n|switch|p2a: Neither this|Great Tusk|100\/100\n|move|p1a: Betrayal|Overheat|p2a: Neither this\n|-damage|p2a: Neither this|0 fnt\n|-unboost|p1a: Betrayal|spa|2\n|faint|p2a: Neither this\n|-end|p2a: Neither this|Protosynthesis|[silent]\n|\n|upkeep\n|c|\u2606I'm an actual noob|That one shots?!\n|c|\u2606Angel_Oceanpart|mhm\n|c|\u2606I'm an actual noob|What item is it my friend\n|c|\u2606Angel_Oceanpart|Specs\n|inactive|I'm an actual noob has 120 seconds left.\n|c|\u2606I'm an actual noob|Specs u turn was an betrayal\n|\n|t:|1700067657\n|switch|p2a: Ribombee|Ribombee, F|45\/100\n|turn|63\n|c|\u2606Angel_Oceanpart|yes\n|\n|t:|1700067663\n|switch|p1a: Forgive|Corviknight, M|3\/100 brn\n|-ability|p1a: Forgive|Pressure\n|-terastallize|p2a: Ribombee|Bug\n|move|p2a: Ribombee|Quiver Dance|p2a: Ribombee\n|-boost|p2a: Ribombee|spa|1\n|-boost|p2a: Ribombee|spd|1\n|-boost|p2a: Ribombee|spe|1\n|\n|-damage|p1a: Forgive|0 fnt|[from] brn\n|faint|p1a: Forgive\n|upkeep\n|c|\u2606Angel_Oceanpart|it was never uturn\n|c|\u2606Angel_Oceanpart|that was zoroark\n|\n|t:|1700067674\n|switch|p1a: Betrayal|Heatran, F|100\/100\n|turn|64\n|c|\u2606I'm an actual noob|Oh\n|inactive|I'm an actual noob has 120 seconds left.\n|c|\u2606I'm an actual noob|I wonder how should someone use zoroark properly\n|\n|t:|1700067704\n|move|p2a: Ribombee|Bug Buzz|p1a: Betrayal\n|-resisted|p1a: Betrayal\n|-damage|p1a: Betrayal|85\/100\n|-unboost|p1a: Betrayal|spd|1\n|move|p1a: Betrayal|Overheat|p2a: Ribombee\n|-supereffective|p2a: Ribombee\n|-damage|p2a: Ribombee|0 fnt\n|-unboost|p1a: Betrayal|spa|2\n|faint|p2a: Ribombee\n|\n|win|Angel_Oceanpart\n|raw|Angel_Oceanpart's rating: 1192 &rarr; <strong>1214<\/strong><br \/>(+22 for winning)\n|raw|I&apos;m an actual noob's rating: 1146 &rarr; <strong>1124<\/strong><br \/>(-22 for losing)\n|c|\u2606I'm an actual noob|How to predict what your own zoroark is becoming\n|c|\u2606I'm an actual noob|It's the last party member yeah\n|c|\u2606Angel_Oceanpart|yeah\n|c|\u2606Angel_Oceanpart|gg ^^\n|c|\u2606I'm an actual noob|Gg\n","uploadtime":1700067740,"views":9,"p1id":"angeloceanpart","p2id":"imanactualnoob","formatid":"gen9ou","rating":1124,"private":0,"password":""}