{"id":"gen9ou-1988615656","p1":"CringeyHag69","p2":"Ysward","format":"[Gen 9] OU","log":"|j|\u203dCringeyHag69\n|j|\u2606Ysward\n|t:|1699742278\n|gametype|singles\n|player|p1|CringeyHag69|2|1284\n|player|p2|Ysward|265|1337\n|teamsize|p1|6\n|teamsize|p2|6\n|gen|9\n|tier|[Gen 9] OU\n|rated|\n|rule|Sleep Clause Mod: Limit one foe put to sleep\n|rule|Species Clause: Limit one of each Pok\u00e9mon\n|rule|OHKO Clause: OHKO moves are banned\n|rule|Evasion Items Clause: Evasion items are banned\n|rule|Evasion Moves Clause: Evasion moves are banned\n|rule|Endless Battle Clause: Forcing endless battles is banned\n|rule|HP Percentage Mod: HP is shown in percentages\n|clearpoke\n|poke|p1|Breloom, M|\n|poke|p1|Scizor, M|\n|poke|p1|Chandelure, F|\n|poke|p1|Cyclizar, F|\n|poke|p1|Infernape, F|\n|poke|p1|Kilowattrel, M|\n|poke|p2|Rillaboom, F|\n|poke|p2|Cinderace, F|\n|poke|p2|Ogerpon-Cornerstone, F|\n|poke|p2|Kingambit, M|\n|poke|p2|Great Tusk|\n|poke|p2|Iron Valiant|\n|teampreview\n|\n|t:|1699742289\n|start\n|switch|p1a: Scizor|Scizor, M|100\/100\n|switch|p2a: Great Tusk|Great Tusk|100\/100\n|turn|1\n|\n|t:|1699742296\n|move|p2a: Great Tusk|Stealth Rock|p1a: Scizor\n|-sidestart|p1: CringeyHag69|move: Stealth Rock\n|move|p1a: Scizor|U-turn|p2a: Great Tusk\n|-resisted|p2a: Great Tusk\n|-damage|p2a: Great Tusk|88\/100\n|-damage|p1a: Scizor|84\/100|[from] item: Rocky Helmet|[of] p2a: Great Tusk\n|\n|t:|1699742299\n|switch|p1a: Cyclizar|Cyclizar, F|100\/100|[from] U-turn\n|-damage|p1a: Cyclizar|88\/100|[from] Stealth Rock\n|\n|upkeep\n|turn|2\n|\n|t:|1699742310\n|-terastallize|p1a: Cyclizar|Dragon\n|move|p1a: Cyclizar|Draco Meteor|p2a: Great Tusk\n|-damage|p2a: Great Tusk|0 fnt\n|-unboost|p1a: Cyclizar|spa|2\n|faint|p2a: Great Tusk\n|-end|p2a: Great Tusk|Protosynthesis|[silent]\n|\n|upkeep\n|\n|t:|1699742323\n|switch|p2a: Iron Valiant|Iron Valiant|100\/100\n|-enditem|p2a: Iron Valiant|Booster Energy\n|-activate|p2a: Iron Valiant|ability: Quark Drive|[fromitem]\n|-start|p2a: Iron Valiant|quarkdrivespe\n|turn|3\n|\n|t:|1699742328\n|switch|p1a: Scizor|Scizor, M|84\/100\n|-damage|p1a: Scizor|72\/100|[from] Stealth Rock\n|move|p2a: Iron Valiant|Calm Mind|p2a: Iron Valiant\n|-boost|p2a: Iron Valiant|spa|1\n|-boost|p2a: Iron Valiant|spd|1\n|\n|upkeep\n|turn|4\n|\n|t:|1699742337\n|-terastallize|p2a: Iron Valiant|Electric\n|move|p2a: Iron Valiant|Thunderbolt|p1a: Scizor\n|-damage|p1a: Scizor|10\/100\n|move|p1a: Scizor|Close Combat|p2a: Iron Valiant\n|-damage|p2a: Iron Valiant|39\/100\n|-unboost|p1a: Scizor|def|1\n|-unboost|p1a: Scizor|spd|1\n|\n|upkeep\n|turn|5\n|\n|t:|1699742346\n|move|p1a: Scizor|Bullet Punch|p2a: Iron Valiant\n|-resisted|p2a: Iron Valiant\n|-damage|p2a: Iron Valiant|18\/100\n|move|p2a: Iron Valiant|Thunderbolt|p1a: Scizor\n|-damage|p1a: Scizor|0 fnt\n|faint|p1a: Scizor\n|\n|upkeep\n|\n|t:|1699742352\n|switch|p1a: Breloom|Breloom, M|100\/100\n|-damage|p1a: Breloom|94\/100|[from] Stealth Rock\n|turn|6\n|\n|t:|1699742358\n|-end|p2a: Iron Valiant|Quark Drive|[silent]\n|switch|p2a: Rillaboom|Rillaboom, F|100\/100\n|-fieldstart|move: Grassy Terrain|[from] ability: Grassy Surge|[of] p2a: Rillaboom\n|move|p1a: Breloom|Mach Punch|p2a: Rillaboom\n|-damage|p2a: Rillaboom|42\/100\n|\n|-heal|p2a: Rillaboom|48\/100|[from] Grassy Terrain\n|-heal|p1a: Breloom|100\/100|[from] Grassy Terrain\n|upkeep\n|turn|7\n|\n|t:|1699742364\n|move|p1a: Breloom|Mach Punch|p2a: Rillaboom\n|-damage|p2a: Rillaboom|0 fnt\n|faint|p2a: Rillaboom\n|\n|upkeep\n|\n|t:|1699742368\n|switch|p2a: Cinderace|Cinderace, F|100\/100\n|turn|8\n|\n|t:|1699742371\n|switch|p1a: Chandelure|Chandelure, F|100\/100\n|-damage|p1a: Chandelure|76\/100|[from] Stealth Rock\n|move|p2a: Cinderace|Pyro Ball|p1a: Chandelure\n|-start|p1a: Chandelure|ability: Flash Fire\n|\n|-heal|p1a: Chandelure|82\/100|[from] Grassy Terrain\n|upkeep\n|turn|9\n|\n|t:|1699742378\n|switch|p2a: Ogerpon|Ogerpon-Cornerstone, F|100\/100\n|move|p1a: Chandelure|Overheat|p2a: Ogerpon|[miss]\n|-miss|p1a: Chandelure|p2a: Ogerpon\n|\n|-heal|p1a: Chandelure|88\/100|[from] Grassy Terrain\n|upkeep\n|turn|10\n|\n|t:|1699742384\n|move|p1a: Chandelure|Overheat|p2a: Ogerpon|[miss]\n|-miss|p1a: Chandelure|p2a: Ogerpon\n|move|p2a: Ogerpon|Swords Dance|p2a: Ogerpon\n|-boost|p2a: Ogerpon|atk|2\n|\n|-heal|p1a: Chandelure|94\/100|[from] Grassy Terrain\n|-fieldend|move: Grassy Terrain\n|upkeep\n|turn|11\n|\n|t:|1699742388\n|move|p1a: Chandelure|Overheat|p2a: Ogerpon\n|-ability|p2a: Ogerpon|Sturdy\n|-damage|p2a: Ogerpon|1\/100\n|-unboost|p1a: Chandelure|spa|2\n|move|p2a: Ogerpon|Ivy Cudgel|p1a: Chandelure\n|-supereffective|p1a: Chandelure\n|-damage|p1a: Chandelure|0 fnt\n|faint|p1a: Chandelure\n|\n|upkeep\n|\n|t:|1699742394\n|switch|p1a: Cyclizar|Cyclizar, F, tera:Dragon|100\/100\n|-damage|p1a: Cyclizar|88\/100|[from] Stealth Rock\n|turn|12\n|\n|t:|1699742400\n|move|p1a: Cyclizar|Rapid Spin|p2a: Ogerpon\n|-resisted|p2a: Ogerpon\n|-damage|p2a: Ogerpon|0 fnt\n|-boost|p1a: Cyclizar|spe|1\n|-sideend|p1: CringeyHag69|Stealth Rock|[from] move: Rapid Spin|[of] p1a: Cyclizar\n|faint|p2a: Ogerpon\n|\n|upkeep\n|\n|t:|1699742404\n|switch|p2a: Kingambit|Kingambit, M|100\/100\n|-activate|p2a: Kingambit|ability: Supreme Overlord\n|-start|p2a: Kingambit|fallen3|[silent]\n|-item|p2a: Kingambit|Air Balloon\n|turn|13\n|\n|t:|1699742409\n|move|p1a: Cyclizar|Overheat|p2a: Kingambit\n|-supereffective|p2a: Kingambit\n|-damage|p2a: Kingambit|34\/100\n|-unboost|p1a: Cyclizar|spa|2\n|-enditem|p2a: Kingambit|Air Balloon\n|move|p2a: Kingambit|Swords Dance|p2a: Kingambit\n|-boost|p2a: Kingambit|atk|2\n|\n|upkeep\n|turn|14\n|\n|t:|1699742415\n|switch|p1a: Infernape|Infernape, F|100\/100\n|move|p2a: Kingambit|Sucker Punch||[still]\n|-fail|p2a: Kingambit\n|\n|upkeep\n|turn|15\n|\n|t:|1699742419\n|move|p2a: Kingambit|Sucker Punch||[still]\n|-fail|p2a: Kingambit\n|move|p1a: Infernape|Stealth Rock|p2a: Kingambit\n|-sidestart|p2: Ysward|move: Stealth Rock\n|\n|upkeep\n|turn|16\n|\n|t:|1699742425\n|move|p2a: Kingambit|Sucker Punch|p1a: Infernape\n|-resisted|p1a: Infernape\n|-damage|p1a: Infernape|11\/100\n|move|p1a: Infernape|Close Combat|p2a: Kingambit\n|-supereffective|p2a: Kingambit\n|-damage|p2a: Kingambit|0 fnt\n|-unboost|p1a: Infernape|def|1\n|-unboost|p1a: Infernape|spd|1\n|faint|p2a: Kingambit\n|-end|p2a: Kingambit|fallen3|[silent]\n|\n|upkeep\n|\n|t:|1699742430\n|switch|p2a: Iron Valiant|Iron Valiant, tera:Electric|18\/100\n|-damage|p2a: Iron Valiant|6\/100|[from] Stealth Rock\n|turn|17\n|\n|t:|1699742437\n|move|p2a: Iron Valiant|Moonblast|p1a: Infernape\n|-damage|p1a: Infernape|0 fnt\n|faint|p1a: Infernape\n|\n|upkeep\n|\n|t:|1699742441\n|switch|p1a: Cyclizar|Cyclizar, F, tera:Dragon|100\/100\n|turn|18\n|\n|t:|1699742444\n|move|p1a: Cyclizar|Rapid Spin|p2a: Iron Valiant\n|-damage|p2a: Iron Valiant|0 fnt\n|-boost|p1a: Cyclizar|spe|1\n|faint|p2a: Iron Valiant\n|-end|p2a: Iron Valiant|Quark Drive|[silent]\n|\n|upkeep\n|\n|t:|1699742447\n|switch|p2a: Cinderace|Cinderace, F|100\/100\n|turn|19\n|\n|t:|1699742450\n|move|p1a: Cyclizar|Draco Meteor|p2a: Cinderace\n|-damage|p2a: Cinderace|13\/100\n|-unboost|p1a: Cyclizar|spa|2\n|move|p2a: Cinderace|Will-O-Wisp|p1a: Cyclizar|[miss]\n|-miss|p2a: Cinderace|p1a: Cyclizar\n|\n|upkeep\n|turn|20\n|\n|t:|1699742454\n|move|p1a: Cyclizar|Hyper Beam|p2a: Cinderace\n|-damage|p2a: Cinderace|0 fnt\n|-mustrecharge|p1a: Cyclizar\n|faint|p2a: Cinderace\n|\n|win|CringeyHag69\n|raw|CringeyHag69's rating: 1284 &rarr; <strong>1313<\/strong><br \/>(+29 for winning)\n|raw|Ysward's rating: 1337 &rarr; <strong>1314<\/strong><br \/>(-23 for losing)\n|l|\u2606Ysward\n|l|\u203dCringeyHag69\n|j|\u203dCringeyHag69\n|player|p1|CringeyHag69|2\n|n|\u203dCringeyHag69|cringeyhag69\n|n|\u203dCringeyHag69|cringeyhag69\n|n|\u203dCringeyHag69|cringeyhag69\n|n|\u203dCringeyHag69|cringeyhag69\n|n|\u203dCringeyHag69|cringeyhag69\n|n|\u203dCringeyHag69|cringeyhag69\n|n|\u203dCringeyHag69|cringeyhag69\n|n|\u203dCringeyHag69|cringeyhag69\n|n|\u203dCringeyHag69|cringeyhag69\n","uploadtime":1699742458,"views":40,"p1id":"cringeyhag69","p2id":"ysward","formatid":"gen9ou","rating":1313,"private":0,"password":""}