{"id":"gen9ou-1996933653","p1":"kthhh","p2":"lemoslemoslemos","format":"[Gen 9] OU","log":"|j|\u2606kthhh\n|j|\u2606lemoslemoslemos\n|inactive|Battle timer is ON: inactive players will automatically lose when time's up.\n|t:|1700746634\n|gametype|singles\n|player|p1|kthhh|170|\n|player|p2|lemoslemoslemos|266|\n|teamsize|p1|6\n|teamsize|p2|6\n|gen|9\n|tier|[Gen 9] OU\n|rated|Tournament battle\n|rule|Sleep Clause Mod: Limit one foe put to sleep\n|rule|Species Clause: Limit one of each Pok\u00e9mon\n|rule|OHKO Clause: OHKO moves are banned\n|rule|Evasion Items Clause: Evasion items are banned\n|rule|Evasion Moves Clause: Evasion moves are banned\n|rule|Endless Battle Clause: Forcing endless battles is banned\n|rule|HP Percentage Mod: HP is shown in percentages\n|clearpoke\n|poke|p1|Clefable, F|\n|poke|p1|Alomomola, F|\n|poke|p1|Blissey, F|\n|poke|p1|Clodsire, M|\n|poke|p1|Dondozo, M|\n|poke|p1|Amoonguss, M|\n|poke|p2|Salamence, M|\n|poke|p2|Iron Valiant|\n|poke|p2|Ting-Lu|\n|poke|p2|Zapdos|\n|poke|p2|Gholdengo|\n|poke|p2|Zamazenta-*|\n|teampreview\n|inactive|kthhh also wants the timer to be on.\n|c|\u2606kthhh|hf\n|j| Antarcthyx\n|j| Light Tbuild\n|c|\u2606lemoslemoslemos|glhf\n|inactive|lemoslemoslemos has 120 seconds left.\n|\n|t:|1700746666\n|start\n|switch|p1a: Dondozo|Dondozo, M|100\/100\n|switch|p2a: Gholdengo|Gholdengo|100\/100\n|turn|1\n|\n|t:|1700746674\n|move|p2a: Gholdengo|Trick|p1a: Dondozo\n|-activate|p2a: Gholdengo|move: Trick|[of] p1a: Dondozo\n|-item|p1a: Dondozo|Choice Scarf|[from] move: Trick\n|-item|p2a: Gholdengo|Choice Band|[from] move: Trick\n|move|p1a: Dondozo|Wave Crash|p2a: Gholdengo\n|-damage|p2a: Gholdengo|32\/100\n|-damage|p1a: Dondozo|86\/100|[from] Recoil\n|\n|upkeep\n|turn|2\n|\n|t:|1700746681\n|switch|p2a: Zapdos|Zapdos|100\/100\n|move|p1a: Dondozo|Wave Crash|p2a: Zapdos\n|-damage|p2a: Zapdos|61\/100\n|-damage|p1a: Dondozo|76\/100|[from] Recoil\n|\n|upkeep\n|turn|3\n|j| Oj99981\n|\n|t:|1700746691\n|switch|p2a: Zamazenta|Zamazenta|100\/100\n|-ability|p2a: Zamazenta|Dauntless Shield|boost\n|-boost|p2a: Zamazenta|def|1\n|switch|p1a: Clodsire|Clodsire, M|100\/100\n|\n|upkeep\n|turn|4\n|l| Oj99981\n|\n|t:|1700746708\n|switch|p2a: Gholdengo|Gholdengo|32\/100\n|switch|p1a: Amoonguss|Amoonguss, M|100\/100\n|\n|upkeep\n|turn|5\n|\n|t:|1700746721\n|switch|p1a: Dondozo|Dondozo, M|76\/100\n|move|p2a: Gholdengo|Shadow Ball|p1a: Dondozo\n|-damage|p1a: Dondozo|37\/100\n|\n|upkeep\n|turn|6\n|\n|t:|1700746729\n|move|p2a: Gholdengo|Shadow Ball|p1a: Dondozo\n|-damage|p1a: Dondozo|0 fnt\n|faint|p1a: Dondozo\n|\n|upkeep\n|\n|t:|1700746733\n|switch|p1a: Blissey|Blissey, F|100\/100\n|turn|7\n|\n|t:|1700746745\n|switch|p2a: Ting-Lu|Ting-Lu|100\/100\n|-ability|p2a: Ting-Lu|Vessel of Ruin\n|move|p1a: Blissey|Stealth Rock|p2a: Ting-Lu\n|-sidestart|p2: lemoslemoslemos|move: Stealth Rock\n|\n|upkeep\n|turn|8\n|\n|t:|1700746754\n|switch|p1a: Alomomola|Alomomola, F|100\/100\n|move|p2a: Ting-Lu|Spikes|p1a: Alomomola\n|-sidestart|p1: kthhh|Spikes\n|\n|upkeep\n|turn|9\n|j| Lacksatives\n|\n|t:|1700746763\n|switch|p2a: Zapdos|Zapdos|61\/100\n|move|p1a: Alomomola|Flip Turn|p2a: Zapdos\n|-damage|p2a: Zapdos|50\/100\n|\n|t:|1700746768\n|switch|p1a: Clodsire|Clodsire, M|100\/100|[from] Flip Turn\n|\n|upkeep\n|turn|10\n|\n|t:|1700746774\n|switch|p2a: Gholdengo|Gholdengo|32\/100\n|-damage|p2a: Gholdengo|26\/100|[from] Stealth Rock\n|move|p1a: Clodsire|Spikes|p2a: Gholdengo\n|-sidestart|p2: lemoslemoslemos|Spikes\n|\n|upkeep\n|turn|11\n|\n|t:|1700746790\n|switch|p1a: Amoonguss|Amoonguss, M|100\/100\n|-damage|p1a: Amoonguss|88\/100|[from] Spikes\n|move|p2a: Gholdengo|Trick|p1a: Amoonguss\n|-activate|p2a: Gholdengo|move: Trick|[of] p1a: Amoonguss\n|-item|p1a: Amoonguss|Choice Band|[from] move: Trick\n|-item|p2a: Gholdengo|Choice Specs|[from] move: Trick\n|\n|upkeep\n|turn|12\n|\n|t:|1700746806\n|move|p2a: Gholdengo|Recover|p2a: Gholdengo\n|-heal|p2a: Gholdengo|76\/100\n|move|p1a: Amoonguss|Leaf Storm|p2a: Gholdengo\n|-resisted|p2a: Gholdengo\n|-damage|p2a: Gholdengo|42\/100\n|-unboost|p1a: Amoonguss|spa|2\n|\n|upkeep\n|turn|13\n|\n|t:|1700746826\n|switch|p2a: Ting-Lu|Ting-Lu|100\/100\n|-damage|p2a: Ting-Lu|94\/100|[from] Stealth Rock\n|-damage|p2a: Ting-Lu|82\/100|[from] Spikes\n|-ability|p2a: Ting-Lu|Vessel of Ruin\n|switch|p1a: Clodsire|Clodsire, M|100\/100\n|\n|-heal|p2a: Ting-Lu|88\/100|[from] item: Leftovers\n|upkeep\n|turn|14\n|\n|t:|1700746838\n|switch|p1a: Alomomola|Alomomola, F|100\/100\n|move|p2a: Ting-Lu|Spikes|p1a: Alomomola\n|-sidestart|p1: kthhh|Spikes\n|\n|-heal|p2a: Ting-Lu|94\/100|[from] item: Leftovers\n|upkeep\n|turn|15\n|j| andy1510\n|\n|t:|1700746848\n|move|p1a: Alomomola|Flip Turn|p2a: Ting-Lu\n|-supereffective|p2a: Ting-Lu\n|-damage|p2a: Ting-Lu|77\/100\n|\n|t:|1700746850\n|switch|p1a: Amoonguss|Amoonguss, M|100\/100|[from] Flip Turn\n|-damage|p1a: Amoonguss|84\/100|[from] Spikes\n|move|p2a: Ting-Lu|Whirlwind|p1a: Amoonguss\n|drag|p1a: Clefable|Clefable, F|100\/100\n|\n|-heal|p2a: Ting-Lu|83\/100|[from] item: Leftovers\n|upkeep\n|turn|16\n|\n|t:|1700746866\n|move|p1a: Clefable|Moonblast|p2a: Ting-Lu\n|-supereffective|p2a: Ting-Lu\n|-damage|p2a: Ting-Lu|57\/100\n|move|p2a: Ting-Lu|Ruination|p1a: Clefable\n|-damage|p1a: Clefable|50\/100\n|\n|-heal|p1a: Clefable|57\/100|[from] item: Leftovers\n|-heal|p2a: Ting-Lu|63\/100|[from] item: Leftovers\n|upkeep\n|turn|17\n|\n|t:|1700746879\n|switch|p2a: Gholdengo|Gholdengo|42\/100\n|-damage|p2a: Gholdengo|36\/100|[from] Stealth Rock\n|-damage|p2a: Gholdengo|23\/100|[from] Spikes\n|move|p1a: Clefable|Moonlight|p1a: Clefable\n|-heal|p1a: Clefable|100\/100\n|\n|upkeep\n|turn|18\n|l| Lacksatives\n|\n|t:|1700746900\n|switch|p1a: Blissey|Blissey, F|100\/100\n|-damage|p1a: Blissey|84\/100|[from] Spikes\n|move|p2a: Gholdengo|Trick|p1a: Blissey\n|-activate|p2a: Gholdengo|move: Trick|[of] p1a: Blissey\n|-item|p1a: Blissey|Choice Specs|[from] move: Trick\n|-enditem|p2a: Gholdengo|Choice Specs|[silent]|[from] move: Trick\n|\n|upkeep\n|turn|19\n|\n|t:|1700746912\n|switch|p2a: Ting-Lu|Ting-Lu|63\/100\n|-damage|p2a: Ting-Lu|57\/100|[from] Stealth Rock\n|-damage|p2a: Ting-Lu|44\/100|[from] Spikes\n|-ability|p2a: Ting-Lu|Vessel of Ruin\n|switch|p1a: Amoonguss|Amoonguss, M|100\/100\n|-damage|p1a: Amoonguss|84\/100|[from] Spikes\n|\n|-heal|p2a: Ting-Lu|51\/100|[from] item: Leftovers\n|upkeep\n|turn|20\n|\n|t:|1700746924\n|switch|p2a: Salamence|Salamence, M|100\/100\n|-ability|p2a: Salamence|Intimidate|boost\n|-unboost|p1a: Amoonguss|atk|1\n|move|p1a: Amoonguss|Leaf Storm|p2a: Salamence\n|-resisted|p2a: Salamence\n|-damage|p2a: Salamence|83\/100\n|-unboost|p1a: Amoonguss|spa|2\n|\n|upkeep\n|turn|21\n|\n|t:|1700746939\n|switch|p1a: Clefable|Clefable, F|100\/100\n|move|p2a: Salamence|Dragon Dance|p2a: Salamence\n|-boost|p2a: Salamence|atk|1\n|-boost|p2a: Salamence|spe|1\n|\n|upkeep\n|turn|22\n|\n|t:|1700746955\n|-terastallize|p2a: Salamence|Electric\n|move|p2a: Salamence|Dragon Dance|p2a: Salamence\n|-boost|p2a: Salamence|atk|1\n|-boost|p2a: Salamence|spe|1\n|move|p1a: Clefable|Moonblast|p2a: Salamence\n|-damage|p2a: Salamence|48\/100\n|\n|upkeep\n|turn|23\n|\n|t:|1700746969\n|move|p2a: Salamence|Dual Wingbeat|p1a: Clefable\n|-damage|p1a: Clefable|62\/100\n|-damage|p1a: Clefable|27\/100\n|-hitcount|p1a: Clefable|2\n|move|p1a: Clefable|Moonblast|p2a: Salamence\n|-damage|p2a: Salamence|11\/100\n|\n|-heal|p1a: Clefable|33\/100|[from] item: Leftovers\n|upkeep\n|turn|24\n|l| Antarcthyx\n|\n|t:|1700746982\n|switch|p1a: Blissey|Blissey, F|84\/100\n|-damage|p1a: Blissey|67\/100|[from] Spikes\n|move|p2a: Salamence|Earthquake|p1a: Blissey\n|-damage|p1a: Blissey|0 fnt\n|faint|p1a: Blissey\n|\n|upkeep\n|\n|t:|1700746984\n|switch|p1a: Alomomola|Alomomola, F|100\/100\n|turn|25\n|\n|t:|1700746988\n|move|p2a: Salamence|Roost|p2a: Salamence\n|-heal|p2a: Salamence|61\/100\n|move|p1a: Alomomola|Flip Turn|p2a: Salamence\n|-crit|p2a: Salamence\n|-damage|p2a: Salamence|29\/100\n|\n|t:|1700747001\n|switch|p1a: Clodsire|Clodsire, M|100\/100|[from] Flip Turn\n|\n|upkeep\n|turn|26\n|inactive|lemoslemoslemos has 120 seconds left.\n|\n|t:|1700747041\n|switch|p2a: Iron Valiant|Iron Valiant|100\/100\n|move|p1a: Clodsire|Poison Jab|p2a: Iron Valiant\n|-supereffective|p2a: Iron Valiant\n|-damage|p2a: Iron Valiant|48\/100\n|\n|upkeep\n|turn|27\n|\n|t:|1700747050\n|move|p2a: Iron Valiant|Knock Off|p1a: Clodsire\n|-damage|p1a: Clodsire|72\/100\n|-enditem|p1a: Clodsire|Heavy-Duty Boots|[from] move: Knock Off|[of] p2a: Iron Valiant\n|move|p1a: Clodsire|Poison Jab|p2a: Iron Valiant\n|-supereffective|p2a: Iron Valiant\n|-damage|p2a: Iron Valiant|0 fnt\n|faint|p2a: Iron Valiant\n|-end|p2a: Iron Valiant|Quark Drive|[silent]\n|\n|upkeep\n|inactive|lemoslemoslemos has 90 seconds left.\n|\n|t:|1700747090\n|switch|p2a: Salamence|Salamence, M, tera:Electric|29\/100\n|-ability|p2a: Salamence|Intimidate|boost\n|-unboost|p1a: Clodsire|atk|1\n|turn|28\n|inactive|kthhh has 120 seconds left.\n|\n|t:|1700747125\n|move|p2a: Salamence|Earthquake|p1a: Clodsire\n|-supereffective|p1a: Clodsire\n|-damage|p1a: Clodsire|0 fnt\n|faint|p1a: Clodsire\n|\n|upkeep\n|\n|t:|1700747130\n|switch|p1a: Amoonguss|Amoonguss, M|100\/100\n|-damage|p1a: Amoonguss|84\/100|[from] Spikes\n|turn|29\n|\n|t:|1700747142\n|switch|p2a: Zapdos|Zapdos|50\/100\n|move|p1a: Amoonguss|Sludge Bomb|p2a: Zapdos\n|-damage|p2a: Zapdos|11\/100\n|-status|p2a: Zapdos|psn\n|\n|-damage|p2a: Zapdos|0 fnt|[from] psn\n|faint|p2a: Zapdos\n|upkeep\n|\n|t:|1700747150\n|switch|p2a: Gholdengo|Gholdengo|23\/100\n|-damage|p2a: Gholdengo|17\/100|[from] Stealth Rock\n|-damage|p2a: Gholdengo|5\/100|[from] Spikes\n|turn|30\n|\n|t:|1700747158\n|switch|p1a: Alomomola|Alomomola, F|100\/100\n|move|p2a: Gholdengo|Recover|p2a: Gholdengo\n|-heal|p2a: Gholdengo|55\/100\n|\n|upkeep\n|turn|31\n|\n|t:|1700747165\n|move|p2a: Gholdengo|Trick|p1a: Alomomola\n|-activate|p2a: Gholdengo|move: Trick|[of] p1a: Alomomola\n|-enditem|p1a: Alomomola|Heavy-Duty Boots|[silent]|[from] move: Trick\n|-item|p2a: Gholdengo|Heavy-Duty Boots|[from] move: Trick\n|move|p1a: Alomomola|Flip Turn|p2a: Gholdengo\n|-damage|p2a: Gholdengo|35\/100\n|\n|t:|1700747174\n|switch|p1a: Amoonguss|Amoonguss, M|100\/100|[from] Flip Turn\n|-damage|p1a: Amoonguss|84\/100|[from] Spikes\n|\n|upkeep\n|turn|32\n|l| andy1510\n|\n|t:|1700747181\n|-terastallize|p1a: Amoonguss|Fire\n|move|p2a: Gholdengo|Recover|p2a: Gholdengo\n|-heal|p2a: Gholdengo|85\/100\n|move|p1a: Amoonguss|Tera Blast|p2a: Gholdengo|[anim] Tera Blast Fire\n|-supereffective|p2a: Gholdengo\n|-damage|p2a: Gholdengo|3\/100\n|\n|upkeep\n|turn|33\n|\n|t:|1700747196\n|switch|p2a: Ting-Lu|Ting-Lu|51\/100\n|-damage|p2a: Ting-Lu|44\/100|[from] Stealth Rock\n|-damage|p2a: Ting-Lu|32\/100|[from] Spikes\n|-ability|p2a: Ting-Lu|Vessel of Ruin\n|move|p1a: Amoonguss|Tera Blast|p2a: Ting-Lu|[anim] Tera Blast Fire\n|-damage|p2a: Ting-Lu|19\/100\n|\n|-heal|p2a: Ting-Lu|25\/100|[from] item: Leftovers\n|upkeep\n|turn|34\n|inactive|lemoslemoslemos has 120 seconds left.\n|\n|t:|1700747217\n|switch|p1a: Alomomola|Alomomola, F|100\/100\n|-damage|p1a: Alomomola|84\/100|[from] Spikes\n|move|p2a: Ting-Lu|Ruination|p1a: Alomomola\n|-damage|p1a: Alomomola|42\/100\n|\n|-heal|p2a: Ting-Lu|31\/100|[from] item: Leftovers\n|upkeep\n|turn|35\n|inactive|lemoslemoslemos has 120 seconds left.\n|inactive|lemoslemoslemos has 90 seconds left.\n|\n|t:|1700747274\n|move|p2a: Ting-Lu|Ruination|p1a: Alomomola\n|-damage|p1a: Alomomola|22\/100\n|move|p1a: Alomomola|Flip Turn|p2a: Ting-Lu\n|-supereffective|p2a: Ting-Lu\n|-damage|p2a: Ting-Lu|13\/100\n|\n|t:|1700747283\n|switch|p1a: Clefable|Clefable, F|33\/100|[from] Flip Turn\n|\n|-heal|p1a: Clefable|39\/100|[from] item: Leftovers\n|-heal|p2a: Ting-Lu|19\/100|[from] item: Leftovers\n|upkeep\n|turn|36\n|\n|t:|1700747304\n|move|p1a: Clefable|Moonlight|p1a: Clefable\n|-heal|p1a: Clefable|89\/100\n|move|p2a: Ting-Lu|Spikes|p1a: Clefable\n|-sidestart|p1: kthhh|Spikes\n|\n|-heal|p1a: Clefable|95\/100|[from] item: Leftovers\n|-heal|p2a: Ting-Lu|26\/100|[from] item: Leftovers\n|upkeep\n|turn|37\n|\n|t:|1700747316\n|move|p1a: Clefable|Calm Mind|p1a: Clefable\n|-boost|p1a: Clefable|spa|1\n|-boost|p1a: Clefable|spd|1\n|move|p2a: Ting-Lu|Ruination|p1a: Clefable\n|-damage|p1a: Clefable|48\/100\n|\n|-heal|p1a: Clefable|54\/100|[from] item: Leftovers\n|-heal|p2a: Ting-Lu|32\/100|[from] item: Leftovers\n|upkeep\n|turn|38\n|inactive|kthhh has 120 seconds left.\n|\n|t:|1700747352\n|move|p1a: Clefable|Moonlight|p1a: Clefable\n|-heal|p1a: Clefable|100\/100\n|move|p2a: Ting-Lu|Whirlwind|p1a: Clefable\n|drag|p1a: Amoonguss|Amoonguss, M, tera:Fire|100\/100\n|-damage|p1a: Amoonguss|76\/100|[from] Spikes\n|\n|-heal|p2a: Ting-Lu|38\/100|[from] item: Leftovers\n|upkeep\n|turn|39\n|inactive|lemoslemoslemos has 60 seconds left.\n|\n|t:|1700747385\n|switch|p1a: Clefable|Clefable, F|100\/100\n|move|p2a: Ting-Lu|Earthquake|p1a: Clefable\n|-damage|p1a: Clefable|72\/100\n|\n|-heal|p1a: Clefable|78\/100|[from] item: Leftovers\n|-heal|p2a: Ting-Lu|44\/100|[from] item: Leftovers\n|upkeep\n|turn|40\n|inactive|lemoslemoslemos has 60 seconds left.\n|\n|t:|1700747394\n|move|p1a: Clefable|Calm Mind|p1a: Clefable\n|-boost|p1a: Clefable|spa|1\n|-boost|p1a: Clefable|spd|1\n|move|p2a: Ting-Lu|Ruination|p1a: Clefable\n|-damage|p1a: Clefable|40\/100\n|\n|-heal|p1a: Clefable|46\/100|[from] item: Leftovers\n|-heal|p2a: Ting-Lu|50\/100|[from] item: Leftovers\n|upkeep\n|turn|41\n|\n|t:|1700747407\n|move|p1a: Clefable|Moonlight|p1a: Clefable\n|-heal|p1a: Clefable|96\/100\n|move|p2a: Ting-Lu|Whirlwind|p1a: Clefable\n|drag|p1a: Alomomola|Alomomola, F|55\/100\n|-damage|p1a: Alomomola|30\/100|[from] Spikes\n|\n|-heal|p2a: Ting-Lu|57\/100|[from] item: Leftovers\n|upkeep\n|turn|42\n|\n|t:|1700747417\n|move|p2a: Ting-Lu|Earthquake|p1a: Alomomola\n|-damage|p1a: Alomomola|12\/100\n|move|p1a: Alomomola|Wish|p1a: Alomomola\n|\n|-heal|p2a: Ting-Lu|63\/100|[from] item: Leftovers\n|upkeep\n|turn|43\n|\n|t:|1700747427\n|move|p1a: Alomomola|Protect|p1a: Alomomola\n|-singleturn|p1a: Alomomola|Protect\n|move|p2a: Ting-Lu|Earthquake|p1a: Alomomola\n|-activate|p1a: Alomomola|move: Protect\n|\n|-heal|p1a: Alomomola|61\/100|[from] move: Wish|[wisher] Alomomola\n|-heal|p2a: Ting-Lu|69\/100|[from] item: Leftovers\n|upkeep\n|turn|44\n|\n|t:|1700747439\n|move|p2a: Ting-Lu|Ruination|p1a: Alomomola\n|-damage|p1a: Alomomola|31\/100\n|move|p1a: Alomomola|Flip Turn|p2a: Ting-Lu\n|-supereffective|p2a: Ting-Lu\n|-damage|p2a: Ting-Lu|52\/100\n|\n|t:|1700747442\n|switch|p1a: Clefable|Clefable, F|96\/100|[from] Flip Turn\n|\n|-heal|p1a: Clefable|100\/100|[from] item: Leftovers\n|-heal|p2a: Ting-Lu|59\/100|[from] item: Leftovers\n|upkeep\n|turn|45\n|\n|t:|1700747445\n|move|p1a: Clefable|Moonblast|p2a: Ting-Lu\n|-supereffective|p2a: Ting-Lu\n|-damage|p2a: Ting-Lu|33\/100\n|move|p2a: Ting-Lu|Ruination|p1a: Clefable\n|-damage|p1a: Clefable|50\/100\n|\n|-heal|p1a: Clefable|57\/100|[from] item: Leftovers\n|-heal|p2a: Ting-Lu|39\/100|[from] item: Leftovers\n|upkeep\n|turn|46\n|\n|t:|1700747453\n|move|p1a: Clefable|Moonblast|p2a: Ting-Lu\n|-supereffective|p2a: Ting-Lu\n|-damage|p2a: Ting-Lu|14\/100\n|move|p2a: Ting-Lu|Ruination|p1a: Clefable\n|-damage|p1a: Clefable|29\/100\n|\n|-heal|p1a: Clefable|35\/100|[from] item: Leftovers\n|-heal|p2a: Ting-Lu|21\/100|[from] item: Leftovers\n|upkeep\n|turn|47\n|\n|t:|1700747459\n|move|p1a: Clefable|Moonlight|p1a: Clefable\n|-heal|p1a: Clefable|85\/100\n|move|p2a: Ting-Lu|Ruination|p1a: Clefable\n|-damage|p1a: Clefable|43\/100\n|\n|-heal|p1a: Clefable|49\/100|[from] item: Leftovers\n|-heal|p2a: Ting-Lu|27\/100|[from] item: Leftovers\n|upkeep\n|turn|48\n|\n|t:|1700747475\n|move|p1a: Clefable|Moonblast|p2a: Ting-Lu\n|-supereffective|p2a: Ting-Lu\n|-damage|p2a: Ting-Lu|0 fnt\n|faint|p2a: Ting-Lu\n|\n|-heal|p1a: Clefable|55\/100|[from] item: Leftovers\n|upkeep\n|inactive|lemoslemoslemos has 90 seconds left.\n|\n|t:|1700747512\n|switch|p2a: Zamazenta|Zamazenta|100\/100\n|turn|49\n|j| jzhuc1841\n|l| jzhuc1841\n|\n|t:|1700747539\n|switch|p1a: Alomomola|Alomomola, F|64\/100\n|-damage|p1a: Alomomola|39\/100|[from] Spikes\n|move|p2a: Zamazenta|Heavy Slam|p1a: Alomomola\n|-resisted|p1a: Alomomola\n|-damage|p1a: Alomomola|29\/100\n|\n|upkeep\n|turn|50\n|\n|t:|1700747547\n|move|p2a: Zamazenta|Close Combat|p1a: Alomomola\n|-damage|p1a: Alomomola|0 fnt\n|-unboost|p2a: Zamazenta|def|1\n|-unboost|p2a: Zamazenta|spd|1\n|faint|p1a: Alomomola\n|\n|upkeep\n|\n|t:|1700747552\n|switch|p1a: Amoonguss|Amoonguss, M, tera:Fire|100\/100\n|-damage|p1a: Amoonguss|76\/100|[from] Spikes\n|turn|51\n|inactive|lemoslemoslemos has 90 seconds left.\n|\n|t:|1700747598\n|switch|p2a: Gholdengo|Gholdengo|3\/100\n|move|p1a: Amoonguss|Leaf Storm|p2a: Gholdengo\n|-resisted|p2a: Gholdengo\n|-damage|p2a: Gholdengo|0 fnt\n|-unboost|p1a: Amoonguss|spa|2\n|faint|p2a: Gholdengo\n|\n|upkeep\n|\n|t:|1700747605\n|switch|p2a: Salamence|Salamence, M, tera:Electric|29\/100\n|-ability|p2a: Salamence|Intimidate|boost\n|-unboost|p1a: Amoonguss|atk|1\n|turn|52\n|inactive|lemoslemoslemos has 60 seconds left.\n|\n|t:|1700747622\n|move|p2a: Salamence|Earthquake|p1a: Amoonguss\n|-supereffective|p1a: Amoonguss\n|-damage|p1a: Amoonguss|0 fnt\n|faint|p1a: Amoonguss\n|\n|upkeep\n|\n|t:|1700747624\n|switch|p1a: Clefable|Clefable, F|55\/100\n|turn|53\n|inactive|lemoslemoslemos has 60 seconds left.\n|\n|t:|1700747655\n|move|p2a: Salamence|Roost|p2a: Salamence\n|-heal|p2a: Salamence|79\/100\n|move|p1a: Clefable|Calm Mind|p1a: Clefable\n|-boost|p1a: Clefable|spa|1\n|-boost|p1a: Clefable|spd|1\n|\n|-heal|p1a: Clefable|61\/100|[from] item: Leftovers\n|upkeep\n|turn|54\n|j| NDSNEZTee\n|\n|t:|1700747662\n|move|p2a: Salamence|Dragon Dance|p2a: Salamence\n|-boost|p2a: Salamence|atk|1\n|-boost|p2a: Salamence|spe|1\n|move|p1a: Clefable|Calm Mind|p1a: Clefable\n|-boost|p1a: Clefable|spa|1\n|-boost|p1a: Clefable|spd|1\n|\n|-heal|p1a: Clefable|67\/100|[from] item: Leftovers\n|upkeep\n|turn|55\n|l| NDSNEZTee\n|j| NDSNEZTee\n|l| NDSNEZTee\n|\n|t:|1700747681\n|move|p2a: Salamence|Dual Wingbeat|p1a: Clefable\n|-damage|p1a: Clefable|38\/100\n|-damage|p1a: Clefable|10\/100\n|-hitcount|p1a: Clefable|2\n|move|p1a: Clefable|Moonblast|p2a: Salamence\n|-damage|p2a: Salamence|7\/100\n|\n|-heal|p1a: Clefable|16\/100|[from] item: Leftovers\n|upkeep\n|turn|56\n|c|\u2606kthhh|gg\n|c|\u2606lemoslemoslemos|gg\n|\n|t:|1700747691\n|move|p2a: Salamence|Earthquake|p1a: Clefable\n|-damage|p1a: Clefable|0 fnt\n|faint|p1a: Clefable\n|\n|win|lemoslemoslemos\n|n|\u2606kthhh|kthhh\n|n|\u2606lemoslemoslemos|lemoslemoslemos\n|n| Light Tbuild|lighttbuild\n","uploadtime":1700747692,"views":2,"p1id":"kthhh","p2id":"lemoslemoslemos","formatid":"gen9ou","rating":0,"private":0,"password":""}