{"id":"gen9ou-1989025951","p1":"CzarnianKing","p2":"mummyNSFW","format":"[Gen 9] OU","log":"|j|\u2606CzarnianKing\n|j|\u2606mummyNSFW\n|t:|1699803736\n|gametype|singles\n|player|p1|CzarnianKing|drayden|1168\n|player|p2|mummyNSFW|cynthia-masters3|1092\n|teamsize|p1|6\n|teamsize|p2|6\n|gen|9\n|tier|[Gen 9] OU\n|rated|\n|rule|Sleep Clause Mod: Limit one foe put to sleep\n|rule|Species Clause: Limit one of each Pok\u00e9mon\n|rule|OHKO Clause: OHKO moves are banned\n|rule|Evasion Items Clause: Evasion items are banned\n|rule|Evasion Moves Clause: Evasion moves are banned\n|rule|Endless Battle Clause: Forcing endless battles is banned\n|rule|HP Percentage Mod: HP is shown in percentages\n|clearpoke\n|poke|p1|Salazzle, F|\n|poke|p1|Gardevoir, M|\n|poke|p1|Weavile, F|\n|poke|p1|Blissey, F|\n|poke|p1|Ceruledge, M|\n|poke|p1|Milotic, F|\n|poke|p2|Landorus-Therian, M|\n|poke|p2|Rillaboom, M|\n|poke|p2|Iron Moth|\n|poke|p2|Staraptor, M|\n|poke|p2|Hydreigon, F|\n|poke|p2|Rotom-Wash|\n|teampreview\n|c|\u2606mummyNSFW|ooh weavile\n|\n|t:|1699803755\n|start\n|switch|p1a: Normal Waifu|Blissey, F|100\/100\n|switch|p2a: jack-o-lantern|Rotom-Wash|100\/100\n|turn|1\n|\n|t:|1699803764\n|move|p2a: jack-o-lantern|Will-O-Wisp|p1a: Normal Waifu\n|-status|p1a: Normal Waifu|brn\n|move|p1a: Normal Waifu|Stealth Rock|p2a: jack-o-lantern\n|-sidestart|p2: mummyNSFW|move: Stealth Rock\n|\n|-damage|p1a: Normal Waifu|94\/100 brn|[from] brn\n|upkeep\n|turn|2\n|c|\u2606mummyNSFW|is it waifu theme or some stuff??\n|\n|t:|1699803782\n|move|p2a: jack-o-lantern|Volt Switch|p1a: Normal Waifu\n|-damage|p1a: Normal Waifu|87\/100 brn\n|\n|t:|1699803787\n|switch|p2a: UUbl|Staraptor, M|100\/100|[from] Volt Switch\n|-damage|p2a: UUbl|76\/100|[from] Stealth Rock\n|move|p1a: Normal Waifu|Seismic Toss|p2a: UUbl\n|-damage|p2a: UUbl|44\/100\n|\n|-damage|p1a: Normal Waifu|80\/100 brn|[from] brn\n|upkeep\n|turn|3\n|\n|t:|1699803806\n|-curestatus|p1a: Normal Waifu|brn|[from] ability: Natural Cure\n|switch|p1a: Spooky Waifu|Ceruledge, M|100\/100\n|move|p2a: UUbl|Brave Bird|p1a: Spooky Waifu\n|-damage|p1a: Spooky Waifu|19\/100\n|-damage|p2a: UUbl|13\/100|[from] Recoil\n|\n|upkeep\n|turn|4\n|c|\u2606CzarnianKing|Yeah just silly stuff lol\n|c|\u2606mummyNSFW|i see\n|\n|t:|1699803830\n|switch|p1a: Normal Waifu|Blissey, F|80\/100\n|move|p2a: UUbl|Brave Bird|p1a: Normal Waifu\n|-damage|p1a: Normal Waifu|7\/100\n|-damage|p2a: UUbl|0 fnt|[from] Recoil\n|faint|p2a: UUbl\n|\n|upkeep\n|c|\u2606mummyNSFW|thats impressive\n|\n|t:|1699803844\n|switch|p2a: discount rona|Iron Moth|100\/100\n|-damage|p2a: discount rona|76\/100|[from] Stealth Rock\n|-enditem|p2a: discount rona|Booster Energy\n|-activate|p2a: discount rona|ability: Quark Drive|[fromitem]\n|-start|p2a: discount rona|quarkdrivespe\n|turn|5\n|\n|t:|1699803851\n|move|p2a: discount rona|Fiery Dance|p1a: Normal Waifu\n|-damage|p1a: Normal Waifu|0 fnt\n|-boost|p2a: discount rona|spa|1\n|faint|p1a: Normal Waifu\n|\n|upkeep\n|\n|t:|1699803859\n|switch|p1a: Toxic Waifu|Salazzle, F|100\/100\n|turn|6\n|\n|t:|1699803864\n|move|p2a: discount rona|Discharge|p1a: Toxic Waifu\n|-damage|p1a: Toxic Waifu|20\/100\n|move|p1a: Toxic Waifu|Toxic|p2a: discount rona\n|-status|p2a: discount rona|tox\n|\n|-damage|p2a: discount rona|70\/100 tox|[from] psn\n|upkeep\n|turn|7\n|\n|t:|1699803875\n|move|p1a: Toxic Waifu|Protect|p1a: Toxic Waifu\n|-singleturn|p1a: Toxic Waifu|Protect\n|move|p2a: discount rona|Fiery Dance|p1a: Toxic Waifu\n|-activate|p1a: Toxic Waifu|move: Protect\n|\n|-damage|p2a: discount rona|58\/100 tox|[from] psn\n|upkeep\n|turn|8\n|\n|t:|1699803888\n|switch|p1a: Spooky Waifu|Ceruledge, M|19\/100\n|move|p2a: discount rona|Discharge|p1a: Spooky Waifu\n|-damage|p1a: Spooky Waifu|0 fnt\n|faint|p1a: Spooky Waifu\n|\n|-damage|p2a: discount rona|40\/100 tox|[from] psn\n|upkeep\n|\n|t:|1699803893\n|switch|p1a: Toxic Waifu|Salazzle, F|20\/100\n|turn|9\n|\n|t:|1699803899\n|move|p1a: Toxic Waifu|Protect|p1a: Toxic Waifu\n|-singleturn|p1a: Toxic Waifu|Protect\n|move|p2a: discount rona|Discharge|p1a: Toxic Waifu\n|-activate|p1a: Toxic Waifu|move: Protect\n|\n|-damage|p2a: discount rona|16\/100 tox|[from] psn\n|upkeep\n|turn|10\n|\n|t:|1699803910\n|move|p1a: Toxic Waifu|Protect|p1a: Toxic Waifu\n|-singleturn|p1a: Toxic Waifu|Protect\n|move|p2a: discount rona|Sludge Wave|p1a: Toxic Waifu\n|-activate|p1a: Toxic Waifu|move: Protect\n|\n|-damage|p2a: discount rona|0 fnt|[from] psn\n|faint|p2a: discount rona\n|-end|p2a: discount rona|Quark Drive|[silent]\n|upkeep\n|c|\u2606mummyNSFW|doube is sad for me\n|\n|t:|1699803931\n|switch|p2a: its not lanover|Landorus-Therian, M|100\/100\n|-damage|p2a: its not lanover|88\/100|[from] Stealth Rock\n|-ability|p2a: its not lanover|Intimidate|boost\n|-unboost|p1a: Toxic Waifu|atk|1\n|turn|11\n|c|\u2606CzarnianKing|My only double ever\n|\n|t:|1699803941\n|move|p2a: its not lanover|Earthquake|p1a: Toxic Waifu\n|-supereffective|p1a: Toxic Waifu\n|-damage|p1a: Toxic Waifu|0 fnt\n|faint|p1a: Toxic Waifu\n|\n|upkeep\n|\n|t:|1699803956\n|switch|p1a: Psycho Waifu|Gardevoir, M|100\/100\n|-ability|p1a: Psycho Waifu|Intimidate|boost\n|-unboost|p2a: its not lanover|atk|1\n|-ability|p1a: Psycho Waifu|Intimidate|[from] ability: Trace|[of] p2a: its not lanover\n|turn|12\n|c|\u2606mummyNSFW|if that weavile is banded it can win the entire match\n|\n|t:|1699803972\n|move|p2a: its not lanover|Earthquake|p1a: Psycho Waifu\n|-damage|p1a: Psycho Waifu|38\/100\n|move|p1a: Psycho Waifu|Trick|p2a: its not lanover\n|-activate|p1a: Psycho Waifu|move: Trick|[of] p2a: its not lanover\n|-item|p2a: its not lanover|Choice Scarf|[from] move: Trick\n|-item|p1a: Psycho Waifu|Choice Scarf|[from] move: Trick\n|\n|upkeep\n|turn|13\n|\n|t:|1699803988\n|move|p2a: its not lanover|U-turn|p1a: Psycho Waifu\n|-damage|p1a: Psycho Waifu|10\/100\n|\n|t:|1699803992\n|switch|p2a: wiped u|Hydreigon, F|100\/100|[from] U-turn\n|-damage|p2a: wiped u|88\/100|[from] Stealth Rock\n|move|p1a: Psycho Waifu|Moonblast|p2a: wiped u\n|-supereffective|p2a: wiped u\n|-crit|p2a: wiped u\n|-damage|p2a: wiped u|0 fnt\n|faint|p2a: wiped u\n|\n|upkeep\n|c|\u2606CzarnianKing|Its not sadly\n|c|\u2606mummyNSFW|oof\n|\n|t:|1699804005\n|switch|p2a: its not lanover|Landorus-Therian, M|88\/100\n|-damage|p2a: its not lanover|76\/100|[from] Stealth Rock\n|-ability|p2a: its not lanover|Intimidate|boost\n|-unboost|p1a: Psycho Waifu|atk|1\n|turn|14\n|c|\u2606CzarnianKing|Heavy duty booties\n|\n|t:|1699804018\n|-terastallize|p2a: its not lanover|Water\n|move|p2a: its not lanover|Earthquake|p1a: Psycho Waifu\n|-damage|p1a: Psycho Waifu|0 fnt\n|faint|p1a: Psycho Waifu\n|\n|upkeep\n|\n|t:|1699804024\n|switch|p1a: Wet Waifu|Milotic, F|100\/100\n|turn|15\n|\n|t:|1699804029\n|move|p2a: its not lanover|Earthquake|p1a: Wet Waifu\n|-damage|p1a: Wet Waifu|37\/100\n|move|p1a: Wet Waifu|Scald|p2a: its not lanover\n|-resisted|p2a: its not lanover\n|-damage|p2a: its not lanover|57\/100\n|\n|upkeep\n|turn|16\n|c|\u2606mummyNSFW|why are you not running the set i made in 2020 for nat dex ag\n|c|\u2606mummyNSFW|it made it really popular when i reached top 500 on my old account in nat dex ag gen 8\n|\n|t:|1699804090\n|move|p2a: its not lanover|Earthquake|p1a: Wet Waifu\n|-damage|p1a: Wet Waifu|0 fnt\n|faint|p1a: Wet Waifu\n|\n|upkeep\n|c|\u2606CzarnianKing|I'm sorry for disappointing you\n|c|\u2606CzarnianKing|I require the knowledge\n|\n|t:|1699804104\n|switch|p1a: Dark Waifu|Weavile, F|100\/100\n|-ability|p1a: Dark Waifu|Pressure\n|turn|17\n|c|\u2606mummyNSFW|its flame orb marvel scale\n|c|\u2606mummyNSFW|scald\n|c|\u2606mummyNSFW|icy wind\n|c|\u2606mummyNSFW|recover\n|c|\u2606mummyNSFW|and dragon tail\n|c|\u2606mummyNSFW|really walled zacian\n|\n|t:|1699804138\n|-terastallize|p1a: Dark Waifu|Ice\n|move|p2a: its not lanover|Earthquake|p1a: Dark Waifu\n|-damage|p1a: Dark Waifu|9\/100\n|move|p1a: Dark Waifu|Icicle Crash|p2a: its not lanover\n|-resisted|p2a: its not lanover\n|-damage|p2a: its not lanover|25\/100\n|\n|upkeep\n|turn|18\n|c|\u2606CzarnianKing|Gonna have to try it\n|\n|t:|1699804167\n|move|p2a: its not lanover|Earthquake|p1a: Dark Waifu\n|-damage|p1a: Dark Waifu|0 fnt\n|faint|p1a: Dark Waifu\n|\n|win|mummyNSFW\n|raw|CzarnianKing's rating: 1168 &rarr; <strong>1138<\/strong><br \/>(-30 for losing)\n|raw|mummyNSFW's rating: 1092 &rarr; <strong>1124<\/strong><br \/>(+32 for winning)\n|c|\u2606CzarnianKing|Gg\n|c|\u2606mummyNSFW|maybe ice beam for potential lando\/ garchomp for gurantee ko\n|c|\u2606mummyNSFW|gg\n|c|\u2606CzarnianKing|True\n","uploadtime":1699804233,"views":16,"p1id":"czarnianking","p2id":"mummynsfw","formatid":"gen9ou","rating":1124,"private":0,"password":""}