{"id":"gen9ou-1988866592","p1":"tacodog 123412","p2":"DragMagReBorn2","format":"[Gen 9] OU","log":"|j|\u2606tacodog 123412\n|j|\u2606DragMagReBorn2\n|t:|1699776983\n|gametype|singles\n|player|p1|tacodog 123412|kieran-festival|1419\n|player|p2|DragMagReBorn2|2|1483\n|teamsize|p1|6\n|teamsize|p2|6\n|gen|9\n|tier|[Gen 9] OU\n|rated|\n|rule|Sleep Clause Mod: Limit one foe put to sleep\n|rule|Species Clause: Limit one of each Pok\u00e9mon\n|rule|OHKO Clause: OHKO moves are banned\n|rule|Evasion Items Clause: Evasion items are banned\n|rule|Evasion Moves Clause: Evasion moves are banned\n|rule|Endless Battle Clause: Forcing endless battles is banned\n|rule|HP Percentage Mod: HP is shown in percentages\n|clearpoke\n|poke|p1|Weavile, F|\n|poke|p1|Amoonguss, M|\n|poke|p1|Garganacl, M|\n|poke|p1|Maushold|\n|poke|p1|Kingambit, M|\n|poke|p1|Samurott-Hisui, M|\n|poke|p2|Dragapult, M|\n|poke|p2|Garchomp, F|\n|poke|p2|Haxorus, M|\n|poke|p2|Dragonite, F|\n|poke|p2|Walking Wake|\n|poke|p2|Kingambit, F|\n|teampreview\n|inactive|Battle timer is ON: inactive players will automatically lose when time's up. (requested by DragMagReBorn2)\n|\n|t:|1699776995\n|start\n|switch|p1a: Garganacl|Garganacl, M|100\/100\n|switch|p2a: Garchomp|Garchomp, F|100\/100\n|turn|1\n|\n|t:|1699776999\n|-terastallize|p1a: Garganacl|Fairy\n|move|p2a: Garchomp|Earthquake|p1a: Garganacl\n|-damage|p1a: Garganacl|65\/100\n|-damage|p2a: Garchomp|91\/100|[from] item: Life Orb\n|move|p1a: Garganacl|Iron Defense|p1a: Garganacl\n|-boost|p1a: Garganacl|def|2\n|\n|-heal|p1a: Garganacl|72\/100|[from] item: Leftovers\n|upkeep\n|turn|2\n|\n|t:|1699777004\n|move|p2a: Garchomp|Fire Blast|p1a: Garganacl\n|-damage|p1a: Garganacl|45\/100\n|-damage|p2a: Garchomp|81\/100|[from] item: Life Orb\n|move|p1a: Garganacl|Iron Defense|p1a: Garganacl\n|-boost|p1a: Garganacl|def|2\n|\n|-heal|p1a: Garganacl|51\/100|[from] item: Leftovers\n|upkeep\n|turn|3\n|\n|t:|1699777010\n|switch|p2a: Walking Wake|Walking Wake|100\/100\n|-enditem|p2a: Walking Wake|Booster Energy\n|-activate|p2a: Walking Wake|ability: Protosynthesis|[fromitem]\n|-start|p2a: Walking Wake|protosynthesisspa\n|move|p1a: Garganacl|Recover|p1a: Garganacl\n|-heal|p1a: Garganacl|100\/100\n|\n|upkeep\n|turn|4\n|\n|t:|1699777014\n|move|p2a: Walking Wake|Hydro Pump|p1a: Garganacl\n|-damage|p1a: Garganacl|45\/100\n|move|p1a: Garganacl|Salt Cure|p2a: Walking Wake\n|-damage|p2a: Walking Wake|88\/100\n|-start|p2a: Walking Wake|Salt Cure\n|\n|-heal|p1a: Garganacl|51\/100|[from] item: Leftovers\n|-damage|p2a: Walking Wake|63\/100|[from] Salt Cure\n|upkeep\n|turn|5\n|\n|t:|1699777019\n|switch|p1a: Amoonguss|Amoonguss, M, shiny|100\/100\n|move|p2a: Walking Wake|Hydro Pump|p1a: Amoonguss\n|-resisted|p1a: Amoonguss\n|-damage|p1a: Amoonguss|65\/100\n|-enditem|p1a: Amoonguss|Red Card|[of] p2a: Walking Wake\n|-end|p2a: Walking Wake|Protosynthesis|[silent]\n|drag|p2a: Kingambit|Kingambit, F|100\/100\n|\n|upkeep\n|turn|6\n|\n|t:|1699777025\n|move|p2a: Kingambit|Iron Head|p1a: Amoonguss\n|-damage|p1a: Amoonguss|34\/100\n|move|p1a: Amoonguss|Spore|p2a: Kingambit\n|-status|p2a: Kingambit|slp|[from] move: Spore\n|\n|upkeep\n|turn|7\n|\n|t:|1699777029\n|switch|p1a: Garganacl|Garganacl, M, tera:Fairy|51\/100\n|cant|p2a: Kingambit|slp\n|\n|-heal|p1a: Garganacl|57\/100|[from] item: Leftovers\n|upkeep\n|turn|8\n|\n|t:|1699777032\n|-curestatus|p2a: Kingambit|slp|[msg]\n|move|p2a: Kingambit|Swords Dance|p2a: Kingambit\n|-boost|p2a: Kingambit|atk|2\n|move|p1a: Garganacl|Recover|p1a: Garganacl\n|-heal|p1a: Garganacl|100\/100\n|\n|upkeep\n|turn|9\n|\n|t:|1699777036\n|switch|p1a: Amoonguss|Amoonguss, M, shiny|67\/100\n|move|p2a: Kingambit|Iron Head|p1a: Amoonguss\n|-damage|p1a: Amoonguss|5\/100\n|\n|upkeep\n|turn|10\n|\n|t:|1699777045\n|move|p2a: Kingambit|Iron Head|p1a: Amoonguss\n|-damage|p1a: Amoonguss|0 fnt\n|faint|p1a: Amoonguss\n|\n|upkeep\n|\n|t:|1699777048\n|switch|p1a: Maushold|Maushold|100\/100\n|turn|11\n|\n|t:|1699777051\n|move|p1a: Maushold|Encore|p2a: Kingambit\n|-start|p2a: Kingambit|Encore\n|move|p2a: Kingambit|Iron Head|p1a: Maushold\n|-damage|p1a: Maushold|0 fnt\n|faint|p1a: Maushold\n|\n|upkeep\n|\n|t:|1699777053\n|switch|p1a: Samurott|Samurott-Hisui, M, shiny|100\/100\n|turn|12\n|\n|t:|1699777056\n|-end|p2a: Kingambit|fallenundefined|[silent]\n|switch|p2a: Garchomp|Garchomp, F|81\/100\n|move|p1a: Samurott|Swords Dance|p1a: Samurott\n|-boost|p1a: Samurott|atk|2\n|\n|upkeep\n|turn|13\n|\n|t:|1699777062\n|move|p2a: Garchomp|Earthquake|p1a: Samurott\n|-damage|p1a: Samurott|35\/100\n|-damage|p2a: Garchomp|71\/100|[from] item: Life Orb\n|move|p1a: Samurott|Ceaseless Edge|p2a: Garchomp\n|-damage|p2a: Garchomp|0 fnt\n|-damage|p1a: Samurott|23\/100|[from] ability: Rough Skin|[of] p2a: Garchomp\n|-sidestart|p2: DragMagReBorn2|Spikes\n|faint|p2a: Garchomp\n|\n|upkeep\n|\n|t:|1699777069\n|switch|p2a: Dragonite|Dragonite, F|100\/100\n|turn|14\n|\n|t:|1699777073\n|move|p2a: Dragonite|Extreme Speed|p1a: Samurott\n|-damage|p1a: Samurott|0 fnt\n|faint|p1a: Samurott\n|\n|upkeep\n|\n|t:|1699777076\n|switch|p1a: Garganacl|Garganacl, M, tera:Fairy|100\/100\n|turn|15\n|\n|t:|1699777081\n|switch|p2a: Kingambit|Kingambit, F|100\/100\n|-damage|p2a: Kingambit|88\/100|[from] Spikes\n|-activate|p2a: Kingambit|ability: Supreme Overlord\n|-start|p2a: Kingambit|fallen1|[silent]\n|move|p1a: Garganacl|Iron Defense|p1a: Garganacl\n|-boost|p1a: Garganacl|def|2\n|\n|-heal|p2a: Kingambit|94\/100|[from] item: Leftovers\n|upkeep\n|turn|16\n|\n|t:|1699777085\n|move|p2a: Kingambit|Swords Dance|p2a: Kingambit\n|-boost|p2a: Kingambit|atk|2\n|move|p1a: Garganacl|Body Press|p2a: Kingambit\n|-supereffective|p2a: Kingambit\n|-damage|p2a: Kingambit|0 fnt\n|faint|p2a: Kingambit\n|-end|p2a: Kingambit|fallen1|[silent]\n|\n|upkeep\n|\n|t:|1699777088\n|switch|p2a: Walking Wake|Walking Wake|63\/100\n|-damage|p2a: Walking Wake|51\/100|[from] Spikes\n|turn|17\n|\n|t:|1699777093\n|-terastallize|p2a: Walking Wake|Water\n|move|p2a: Walking Wake|Hydro Pump|p1a: Garganacl\n|-damage|p1a: Garganacl|49\/100\n|move|p1a: Garganacl|Salt Cure|p2a: Walking Wake\n|-damage|p2a: Walking Wake|38\/100\n|-start|p2a: Walking Wake|Salt Cure\n|\n|-heal|p1a: Garganacl|55\/100|[from] item: Leftovers\n|-damage|p2a: Walking Wake|13\/100|[from] Salt Cure\n|upkeep\n|turn|18\n|\n|t:|1699777100\n|move|p2a: Walking Wake|Hydro Pump|p1a: Garganacl\n|-damage|p1a: Garganacl|6\/100\n|move|p1a: Garganacl|Recover|p1a: Garganacl\n|-heal|p1a: Garganacl|56\/100\n|\n|-heal|p1a: Garganacl|62\/100|[from] item: Leftovers\n|-damage|p2a: Walking Wake|0 fnt|[from] Salt Cure\n|faint|p2a: Walking Wake\n|-end|p2a: Walking Wake|Protosynthesis|[silent]\n|upkeep\n|\n|t:|1699777103\n|switch|p2a: Haxorus|Haxorus, M|100\/100\n|-damage|p2a: Haxorus|88\/100|[from] Spikes\n|-ability|p2a: Haxorus|Mold Breaker\n|turn|19\n|\n|t:|1699777107\n|move|p2a: Haxorus|Swords Dance|p2a: Haxorus\n|-boost|p2a: Haxorus|atk|2\n|move|p1a: Garganacl|Recover|p1a: Garganacl\n|-heal|p1a: Garganacl|100\/100\n|\n|upkeep\n|turn|20\n|\n|t:|1699777109\n|move|p2a: Haxorus|Iron Head|p1a: Garganacl\n|-supereffective|p1a: Garganacl\n|-damage|p1a: Garganacl|62\/100\n|move|p1a: Garganacl|Body Press|p2a: Haxorus\n|-damage|p2a: Haxorus|33\/100\n|\n|-heal|p1a: Garganacl|68\/100|[from] item: Leftovers\n|upkeep\n|turn|21\n|\n|t:|1699777116\n|move|p2a: Haxorus|Iron Head|p1a: Garganacl\n|-supereffective|p1a: Garganacl\n|-damage|p1a: Garganacl|26\/100\n|move|p1a: Garganacl|Iron Defense|p1a: Garganacl\n|-boost|p1a: Garganacl|def|2\n|\n|-heal|p1a: Garganacl|33\/100|[from] item: Leftovers\n|upkeep\n|turn|22\n|\n|t:|1699777121\n|move|p2a: Haxorus|Iron Head|p1a: Garganacl\n|-supereffective|p1a: Garganacl\n|-damage|p1a: Garganacl|7\/100\n|move|p1a: Garganacl|Recover|p1a: Garganacl\n|-heal|p1a: Garganacl|57\/100\n|\n|-heal|p1a: Garganacl|63\/100|[from] item: Leftovers\n|upkeep\n|turn|23\n|\n|t:|1699777124\n|move|p2a: Haxorus|Iron Head|p1a: Garganacl\n|-supereffective|p1a: Garganacl\n|-damage|p1a: Garganacl|36\/100\n|cant|p1a: Garganacl|flinch\n|\n|-heal|p1a: Garganacl|43\/100|[from] item: Leftovers\n|upkeep\n|turn|24\n|\n|t:|1699777130\n|move|p2a: Haxorus|Iron Head|p1a: Garganacl\n|-supereffective|p1a: Garganacl\n|-damage|p1a: Garganacl|15\/100\n|move|p1a: Garganacl|Recover|p1a: Garganacl\n|-heal|p1a: Garganacl|65\/100\n|\n|-heal|p1a: Garganacl|71\/100|[from] item: Leftovers\n|upkeep\n|turn|25\n|\n|t:|1699777134\n|move|p2a: Haxorus|Iron Head|p1a: Garganacl\n|-supereffective|p1a: Garganacl\n|-damage|p1a: Garganacl|44\/100\n|move|p1a: Garganacl|Salt Cure|p2a: Haxorus\n|-damage|p2a: Haxorus|15\/100\n|-start|p2a: Haxorus|Salt Cure\n|\n|-heal|p1a: Garganacl|50\/100|[from] item: Leftovers\n|-damage|p2a: Haxorus|3\/100|[from] Salt Cure\n|upkeep\n|turn|26\n|\n|t:|1699777139\n|move|p2a: Haxorus|Iron Head|p1a: Garganacl\n|-supereffective|p1a: Garganacl\n|-damage|p1a: Garganacl|22\/100\n|move|p1a: Garganacl|Recover|p1a: Garganacl\n|-heal|p1a: Garganacl|72\/100\n|\n|-heal|p1a: Garganacl|78\/100|[from] item: Leftovers\n|-damage|p2a: Haxorus|0 fnt|[from] Salt Cure\n|faint|p2a: Haxorus\n|upkeep\n|\n|t:|1699777142\n|switch|p2a: Dragonite|Dragonite, F|100\/100\n|turn|27\n|\n|t:|1699777145\n|move|p2a: Dragonite|Earthquake|p1a: Garganacl\n|-damage|p1a: Garganacl|69\/100\n|move|p1a: Garganacl|Salt Cure|p2a: Dragonite\n|-supereffective|p2a: Dragonite\n|-damage|p2a: Dragonite|86\/100\n|-start|p2a: Dragonite|Salt Cure\n|\n|-heal|p1a: Garganacl|75\/100|[from] item: Leftovers\n|-damage|p2a: Dragonite|73\/100|[from] Salt Cure\n|upkeep\n|turn|28\n|-message|DragMagReBorn2 forfeited.\n|\n|win|tacodog 123412\n|raw|tacodog 123412's rating: 1419 &rarr; <strong>1443<\/strong><br \/>(+24 for winning)\n|raw|DragMagReBorn2's rating: 1483 &rarr; <strong>1459<\/strong><br \/>(-24 for losing)\n|l|\u2606DragMagReBorn2\n","uploadtime":1699777154,"views":35,"p1id":"tacodog123412","p2id":"dragmagreborn2","formatid":"gen9ou","rating":1443,"private":0,"password":""}