{"id":"gen9ou-1990505644","p1":"757 7S7 757","p2":"DivineGabriel","format":"[Gen 9] OU","log":"|j|\u2606757 7S7 757\n|j|\u2606DivineGabriel\n|t:|1699976992\n|gametype|singles\n|player|p1|757 7S7 757|lady-gen4|1735\n|player|p2|DivineGabriel|rye|1803\n|teamsize|p1|6\n|teamsize|p2|6\n|gen|9\n|tier|[Gen 9] OU\n|rated|\n|rule|Sleep Clause Mod: Limit one foe put to sleep\n|rule|Species Clause: Limit one of each Pok\u00e9mon\n|rule|OHKO Clause: OHKO moves are banned\n|rule|Evasion Items Clause: Evasion items are banned\n|rule|Evasion Moves Clause: Evasion moves are banned\n|rule|Endless Battle Clause: Forcing endless battles is banned\n|rule|HP Percentage Mod: HP is shown in percentages\n|clearpoke\n|poke|p1|Ninetales-Alola, F|\n|poke|p1|Rillaboom, M|\n|poke|p1|Sneasler, M|\n|poke|p1|Skeledirge, M|\n|poke|p1|Kingambit, M|\n|poke|p1|Dragonite, F|\n|poke|p2|Typhlosion-Hisui, M|\n|poke|p2|Ting-Lu|\n|poke|p2|Torkoal, M|\n|poke|p2|Walking Wake|\n|poke|p2|Hatterene, F|\n|poke|p2|Meowscarada, F|\n|teampreview\n|\n|t:|1699977012\n|start\n|switch|p1a: Ninetales|Ninetales-Alola, F|100\/100\n|switch|p2a: Torkoal|Torkoal, M|100\/100\n|-weather|Snow|[from] ability: Snow Warning|[of] p1a: Ninetales\n|-weather|SunnyDay|[from] ability: Drought|[of] p2a: Torkoal\n|turn|1\n|\n|t:|1699977019\n|move|p1a: Ninetales|Snowscape|p1a: Ninetales\n|-weather|Snow\n|move|p2a: Torkoal|Stealth Rock|p1a: Ninetales\n|-sidestart|p1: 757 7S7 757|move: Stealth Rock\n|\n|-weather|Snow|[upkeep]\n|upkeep\n|turn|2\n|\n|t:|1699977025\n|move|p1a: Ninetales|Aurora Veil|p1a: Ninetales\n|-sidestart|p1: 757 7S7 757|move: Aurora Veil\n|move|p2a: Torkoal|Lava Plume|p1a: Ninetales\n|-supereffective|p1a: Ninetales\n|-damage|p1a: Ninetales|74\/100\n|-status|p1a: Ninetales|brn\n|\n|-weather|Snow|[upkeep]\n|-damage|p1a: Ninetales|68\/100 brn|[from] brn\n|upkeep\n|turn|3\n|\n|t:|1699977040\n|switch|p1a: Skeledirge|Skeledirge, M|100\/100\n|switch|p2a: Ting-Lu|Ting-Lu|100\/100\n|-ability|p2a: Ting-Lu|Vessel of Ruin\n|\n|-weather|Snow|[upkeep]\n|upkeep\n|turn|4\n|j| lgang007\n|\n|t:|1699977079\n|switch|p1a: Rillaboom|Rillaboom, M|100\/100\n|-damage|p1a: Rillaboom|88\/100|[from] Stealth Rock\n|-fieldstart|move: Grassy Terrain|[from] ability: Grassy Surge|[of] p1a: Rillaboom\n|move|p2a: Ting-Lu|Spikes|p1a: Rillaboom\n|-sidestart|p1: 757 7S7 757|Spikes\n|\n|-weather|Snow|[upkeep]\n|-heal|p1a: Rillaboom|94\/100|[from] Grassy Terrain\n|upkeep\n|turn|5\n|\n|t:|1699977090\n|switch|p2a: Torkoal|Torkoal, M|100\/100\n|-weather|SunnyDay|[from] ability: Drought|[of] p2a: Torkoal\n|move|p1a: Rillaboom|Swords Dance|p1a: Rillaboom\n|-boost|p1a: Rillaboom|atk|2\n|\n|-weather|SunnyDay|[upkeep]\n|-heal|p1a: Rillaboom|100\/100|[from] Grassy Terrain\n|upkeep\n|turn|6\n|j| mew852\n|\n|t:|1699977111\n|move|p1a: Rillaboom|Knock Off|p2a: Torkoal\n|-damage|p2a: Torkoal|56\/100\n|-enditem|p2a: Torkoal|Heat Rock|[from] move: Knock Off|[of] p1a: Rillaboom\n|move|p2a: Torkoal|Yawn|p1a: Rillaboom\n|-start|p1a: Rillaboom|move: Yawn|[of] p2a: Torkoal\n|\n|-weather|SunnyDay|[upkeep]\n|-heal|p2a: Torkoal|62\/100|[from] Grassy Terrain\n|upkeep\n|turn|7\n|\n|t:|1699977119\n|switch|p2a: Typhlosion|Typhlosion-Hisui, M|100\/100\n|move|p1a: Rillaboom|Low Kick|p2a: Typhlosion\n|-immune|p2a: Typhlosion\n|\n|-weather|SunnyDay|[upkeep]\n|-end|p1a: Rillaboom|move: Yawn|[silent]\n|-status|p1a: Rillaboom|slp\n|upkeep\n|turn|8\n|\n|t:|1699977129\n|switch|p1a: Ninetales|Ninetales-Alola, F|68\/100 brn\n|-damage|p1a: Ninetales|43\/100 brn|[from] Stealth Rock\n|-damage|p1a: Ninetales|31\/100 brn|[from] Spikes\n|-weather|Snow|[from] ability: Snow Warning|[of] p1a: Ninetales\n|move|p2a: Typhlosion|Eruption|p1a: Ninetales\n|-supereffective|p1a: Ninetales\n|-damage|p1a: Ninetales|0 fnt\n|faint|p1a: Ninetales\n|\n|-weather|Snow|[upkeep]\n|upkeep\n|\n|t:|1699977136\n|switch|p1a: Kingambit|Kingambit, M|100\/100\n|-damage|p1a: Kingambit|94\/100|[from] Stealth Rock\n|-damage|p1a: Kingambit|82\/100|[from] Spikes\n|-activate|p1a: Kingambit|ability: Supreme Overlord\n|-start|p1a: Kingambit|fallen1|[silent]\n|turn|9\n|\n|t:|1699977144\n|switch|p2a: Torkoal|Torkoal, M|62\/100\n|-weather|SunnyDay|[from] ability: Drought|[of] p2a: Torkoal\n|-terastallize|p1a: Kingambit|Fire\n|move|p1a: Kingambit|Swords Dance|p1a: Kingambit\n|-boost|p1a: Kingambit|atk|2\n|\n|-weather|SunnyDay|[upkeep]\n|-heal|p1a: Kingambit|88\/100|[from] Grassy Terrain\n|-heal|p2a: Torkoal|68\/100|[from] Grassy Terrain\n|-sideend|p1: 757 7S7 757|move: Aurora Veil\n|upkeep\n|turn|10\n|j| J\u2019ose Moule\n|\n|t:|1699977152\n|switch|p2a: Hatterene|Hatterene, F|100\/100\n|move|p1a: Kingambit|Night Slash|p2a: Hatterene\n|-damage|p2a: Hatterene|18\/100\n|-enditem|p2a: Hatterene|Eject Button\n|\n|t:|1699977155\n|switch|p2a: Meowscarada|Meowscarada, F|100\/100\n|\n|-weather|SunnyDay|[upkeep]\n|-heal|p1a: Kingambit|94\/100|[from] Grassy Terrain\n|upkeep\n|turn|11\n|\n|t:|1699977165\n|move|p2a: Meowscarada|Trick|p1a: Kingambit\n|-start|p2a: Meowscarada|typechange|Psychic|[from] ability: Protean\n|-activate|p2a: Meowscarada|move: Trick|[of] p1a: Kingambit\n|-item|p1a: Kingambit|Choice Scarf|[from] move: Trick\n|-item|p2a: Meowscarada|Scope Lens|[from] move: Trick\n|move|p1a: Kingambit|Night Slash|p2a: Meowscarada\n|-supereffective|p2a: Meowscarada\n|-crit|p2a: Meowscarada\n|-damage|p2a: Meowscarada|0 fnt\n|faint|p2a: Meowscarada\n|\n|-weather|SunnyDay|[upkeep]\n|-heal|p1a: Kingambit|100\/100|[from] Grassy Terrain\n|-fieldend|move: Grassy Terrain\n|upkeep\n|\n|t:|1699977174\n|switch|p2a: Walking Wake|Walking Wake|100\/100\n|-activate|p2a: Walking Wake|ability: Protosynthesis\n|-start|p2a: Walking Wake|protosynthesisspe\n|turn|12\n|inactive|Battle timer is ON: inactive players will automatically lose when time's up. (requested by DivineGabriel)\n|\n|t:|1699977206\n|-end|p1a: Kingambit|fallen1|[silent]\n|switch|p1a: Skeledirge|Skeledirge, M|100\/100\n|move|p2a: Walking Wake|Hydro Steam|p1a: Skeledirge\n|-supereffective|p1a: Skeledirge\n|-crit|p1a: Skeledirge\n|-damage|p1a: Skeledirge|0 fnt\n|faint|p1a: Skeledirge\n|\n|-weather|SunnyDay|[upkeep]\n|upkeep\n|\n|t:|1699977208\n|switch|p1a: Dragonite|Dragonite, F|100\/100\n|turn|13\n|\n|t:|1699977215\n|move|p2a: Walking Wake|Hydro Steam|p1a: Dragonite\n|-resisted|p1a: Dragonite\n|-damage|p1a: Dragonite|78\/100\n|move|p1a: Dragonite|Dragon Dance|p1a: Dragonite\n|-boost|p1a: Dragonite|atk|1\n|-boost|p1a: Dragonite|spe|1\n|\n|-weather|none\n|-end|p2a: Walking Wake|Protosynthesis\n|upkeep\n|turn|14\n|\n|t:|1699977220\n|-end|p2a: Walking Wake|Protosynthesis|[silent]\n|switch|p2a: Ting-Lu|Ting-Lu|100\/100\n|-ability|p2a: Ting-Lu|Vessel of Ruin\n|move|p1a: Dragonite|Dragon Dance|p1a: Dragonite\n|-boost|p1a: Dragonite|atk|1\n|-boost|p1a: Dragonite|spe|1\n|\n|upkeep\n|turn|15\n|\n|t:|1699977227\n|move|p1a: Dragonite|Dragon Claw|p2a: Ting-Lu\n|-damage|p2a: Ting-Lu|52\/100\n|move|p2a: Ting-Lu|Whirlwind|p1a: Dragonite\n|drag|p1a: Sneasler|Sneasler, M|100\/100\n|-damage|p1a: Sneasler|95\/100|[from] Stealth Rock\n|-damage|p1a: Sneasler|82\/100|[from] Spikes\n|\n|-heal|p2a: Ting-Lu|59\/100|[from] item: Leftovers\n|upkeep\n|turn|16\n|\n|t:|1699977243\n|switch|p1a: Rillaboom|Rillaboom, M|100\/100 slp\n|-damage|p1a: Rillaboom|88\/100 slp|[from] Stealth Rock\n|-damage|p1a: Rillaboom|76\/100 slp|[from] Spikes\n|-fieldstart|move: Grassy Terrain|[from] ability: Grassy Surge|[of] p1a: Rillaboom\n|-terastallize|p2a: Ting-Lu|Water\n|move|p2a: Ting-Lu|Earthquake|p1a: Rillaboom\n|-resisted|p1a: Rillaboom\n|-damage|p1a: Rillaboom|66\/100 slp\n|\n|-heal|p1a: Rillaboom|73\/100 slp|[from] Grassy Terrain\n|-heal|p2a: Ting-Lu|65\/100|[from] Grassy Terrain\n|-heal|p2a: Ting-Lu|71\/100|[from] item: Leftovers\n|upkeep\n|turn|17\n|\n|t:|1699977258\n|switch|p2a: Torkoal|Torkoal, M|68\/100\n|-weather|SunnyDay|[from] ability: Drought|[of] p2a: Torkoal\n|cant|p1a: Rillaboom|slp\n|\n|-weather|SunnyDay|[upkeep]\n|-heal|p1a: Rillaboom|79\/100 slp|[from] Grassy Terrain\n|-heal|p2a: Torkoal|75\/100|[from] Grassy Terrain\n|upkeep\n|turn|18\n|\n|t:|1699977266\n|switch|p1a: Kingambit|Kingambit, M, tera:Fire|100\/100\n|-damage|p1a: Kingambit|76\/100|[from] Stealth Rock\n|-damage|p1a: Kingambit|63\/100|[from] Spikes\n|-activate|p1a: Kingambit|ability: Supreme Overlord\n|-start|p1a: Kingambit|fallen2|[silent]\n|move|p2a: Torkoal|Lava Plume|p1a: Kingambit\n|-resisted|p1a: Kingambit\n|-crit|p1a: Kingambit\n|-damage|p1a: Kingambit|34\/100\n|\n|-weather|SunnyDay|[upkeep]\n|-heal|p1a: Kingambit|40\/100|[from] Grassy Terrain\n|-heal|p2a: Torkoal|81\/100|[from] Grassy Terrain\n|upkeep\n|turn|19\n|\n|t:|1699977276\n|switch|p2a: Ting-Lu|Ting-Lu, tera:Water|71\/100\n|-ability|p2a: Ting-Lu|Vessel of Ruin\n|move|p1a: Kingambit|Night Slash|p2a: Ting-Lu\n|-damage|p2a: Ting-Lu|44\/100\n|\n|-weather|SunnyDay|[upkeep]\n|-heal|p1a: Kingambit|46\/100|[from] Grassy Terrain\n|-heal|p2a: Ting-Lu|50\/100|[from] Grassy Terrain\n|-heal|p2a: Ting-Lu|56\/100|[from] item: Leftovers\n|upkeep\n|turn|20\n|\n|t:|1699977281\n|move|p1a: Kingambit|Night Slash|p2a: Ting-Lu\n|-damage|p2a: Ting-Lu|29\/100\n|move|p2a: Ting-Lu|Spikes|p1a: Kingambit\n|-sidestart|p1: 757 7S7 757|Spikes\n|\n|-weather|SunnyDay|[upkeep]\n|-heal|p1a: Kingambit|52\/100|[from] Grassy Terrain\n|-heal|p2a: Ting-Lu|35\/100|[from] Grassy Terrain\n|-heal|p2a: Ting-Lu|41\/100|[from] item: Leftovers\n|upkeep\n|turn|21\n|\n|t:|1699977287\n|move|p1a: Kingambit|Night Slash|p2a: Ting-Lu\n|-damage|p2a: Ting-Lu|15\/100\n|move|p2a: Ting-Lu|Whirlwind|p1a: Kingambit\n|-end|p1a: Kingambit|fallen2|[silent]\n|drag|p1a: Sneasler|Sneasler, M|82\/100\n|-damage|p1a: Sneasler|76\/100|[from] Stealth Rock\n|-damage|p1a: Sneasler|60\/100|[from] Spikes\n|-enditem|p1a: Sneasler|Grassy Seed\n|-boost|p1a: Sneasler|def|1|[from] item: Grassy Seed\n|\n|-weather|none\n|-heal|p1a: Sneasler|66\/100|[from] Grassy Terrain\n|-heal|p2a: Ting-Lu|21\/100|[from] Grassy Terrain\n|-heal|p2a: Ting-Lu|27\/100|[from] item: Leftovers\n|upkeep\n|turn|22\n|\n|t:|1699977295\n|move|p1a: Sneasler|Close Combat|p2a: Ting-Lu\n|-damage|p2a: Ting-Lu|0 fnt\n|-unboost|p1a: Sneasler|def|1\n|-unboost|p1a: Sneasler|spd|1\n|faint|p2a: Ting-Lu\n|\n|-heal|p1a: Sneasler|72\/100|[from] Grassy Terrain\n|upkeep\n|\n|t:|1699977300\n|switch|p2a: Torkoal|Torkoal, M|81\/100\n|-weather|SunnyDay|[from] ability: Drought|[of] p2a: Torkoal\n|turn|23\n|\n|t:|1699977310\n|move|p1a: Sneasler|Dire Claw|p2a: Torkoal\n|-damage|p2a: Torkoal|54\/100\n|move|p2a: Torkoal|Lava Plume|p1a: Sneasler\n|-damage|p1a: Sneasler|2\/100\n|\n|-weather|SunnyDay|[upkeep]\n|-heal|p1a: Sneasler|8\/100|[from] Grassy Terrain\n|-heal|p2a: Torkoal|61\/100|[from] Grassy Terrain\n|-fieldend|move: Grassy Terrain\n|upkeep\n|turn|24\n|\n|t:|1699977316\n|move|p1a: Sneasler|Dire Claw|p2a: Torkoal\n|-damage|p2a: Torkoal|36\/100\n|move|p2a: Torkoal|Rapid Spin|p1a: Sneasler\n|-damage|p1a: Sneasler|0 fnt\n|-boost|p2a: Torkoal|spe|1\n|faint|p1a: Sneasler\n|\n|-weather|SunnyDay|[upkeep]\n|upkeep\n|\n|t:|1699977330\n|switch|p1a: Dragonite|Dragonite, F|78\/100\n|turn|25\n|j| ThatJebshuckle\n|\n|t:|1699977336\n|move|p1a: Dragonite|Encore|p2a: Torkoal\n|-start|p2a: Torkoal|Encore\n|move|p2a: Torkoal|Rapid Spin|p1a: Dragonite\n|-crit|p1a: Dragonite\n|-damage|p1a: Dragonite|61\/100\n|-boost|p2a: Torkoal|spe|1\n|\n|-weather|SunnyDay|[upkeep]\n|upkeep\n|turn|26\n|\n|t:|1699977346\n|switch|p2a: Walking Wake|Walking Wake|100\/100\n|-activate|p2a: Walking Wake|ability: Protosynthesis\n|-start|p2a: Walking Wake|protosynthesisspe\n|move|p1a: Dragonite|Dragon Dance|p1a: Dragonite\n|-boost|p1a: Dragonite|atk|1\n|-boost|p1a: Dragonite|spe|1\n|\n|-weather|SunnyDay|[upkeep]\n|upkeep\n|turn|27\n|\n|t:|1699977354\n|move|p2a: Walking Wake|Dragon Pulse|p1a: Dragonite\n|-supereffective|p1a: Dragonite\n|-damage|p1a: Dragonite|0 fnt\n|faint|p1a: Dragonite\n|\n|-weather|none\n|-end|p2a: Walking Wake|Protosynthesis\n|upkeep\n|-message|757 7S7 757 forfeited.\n|\n|win|DivineGabriel\n|raw|757 7S7 757's rating: 1735 &rarr; <strong>1717<\/strong><br \/>(-18 for losing)\n|raw|DivineGabriel's rating: 1777 &rarr; <strong>1795<\/strong><br \/>(+18 for winning)\n|l|\u2606757 7S7 757\n|l|\u2606DivineGabriel\n|l| ThatJebshuckle\n|l| lgang007\n|l| J\u2019ose Moule\n","uploadtime":1699977399,"views":23,"p1id":"7577s7757","p2id":"divinegabriel","formatid":"gen9ou","rating":1717,"private":0,"password":""}