{"id":"gen9ou-1996423127","p1":"Weavile212","p2":"Docter_Peng99","format":"[Gen 9] OU","log":"|j|\u2606Weavile212\n|j|\u2606Docter_Peng99\n|t:|1700680582\n|gametype|singles\n|player|p1|Weavile212|volkner|1297\n|player|p2|Docter_Peng99|larry|1324\n|teamsize|p1|6\n|teamsize|p2|6\n|gen|9\n|tier|[Gen 9] OU\n|rated|\n|rule|Sleep Clause Mod: Limit one foe put to sleep\n|rule|Species Clause: Limit one of each Pok\u00e9mon\n|rule|OHKO Clause: OHKO moves are banned\n|rule|Evasion Items Clause: Evasion items are banned\n|rule|Evasion Moves Clause: Evasion moves are banned\n|rule|Endless Battle Clause: Forcing endless battles is banned\n|rule|HP Percentage Mod: HP is shown in percentages\n|clearpoke\n|poke|p1|Great Tusk|\n|poke|p1|Torkoal, M|\n|poke|p1|Walking Wake|\n|poke|p1|Gholdengo|\n|poke|p1|Pawmot, M|\n|poke|p1|Corviknight, M|\n|poke|p2|Clefable, F|\n|poke|p2|Great Tusk|\n|poke|p2|Iron Moth|\n|poke|p2|Iron Valiant|\n|poke|p2|Dragapult, M|\n|poke|p2|Kingambit, M|\n|teampreview\n|\n|t:|1700680585\n|start\n|switch|p1a: Torkoal|Torkoal, M|100\/100\n|switch|p2a: Wall|Clefable, F|100\/100\n|-weather|SunnyDay|[from] ability: Drought|[of] p1a: Torkoal\n|turn|1\n|\n|t:|1700680587\n|move|p2a: Wall|Stealth Rock|p1a: Torkoal\n|-sidestart|p1: Weavile212|move: Stealth Rock\n|move|p1a: Torkoal|Stealth Rock|p2a: Wall\n|-sidestart|p2: Docter_Peng99|move: Stealth Rock\n|\n|-weather|SunnyDay|[upkeep]\n|upkeep\n|turn|2\n|\n|t:|1700680590\n|move|p2a: Wall|Thunder Wave|p1a: Torkoal\n|-status|p1a: Torkoal|par\n|cant|p1a: Torkoal|par\n|\n|-weather|SunnyDay|[upkeep]\n|upkeep\n|turn|3\n|\n|t:|1700680593\n|move|p2a: Wall|Moonblast|p1a: Torkoal\n|-resisted|p1a: Torkoal\n|-damage|p1a: Torkoal|80\/100 par\n|-unboost|p1a: Torkoal|spa|1\n|move|p1a: Torkoal|Rapid Spin|p2a: Wall\n|-damage|p2a: Wall|91\/100\n|-boost|p1a: Torkoal|spe|1\n|-sideend|p1: Weavile212|Stealth Rock|[from] move: Rapid Spin|[of] p1a: Torkoal\n|\n|-weather|SunnyDay|[upkeep]\n|upkeep\n|turn|4\n|\n|t:|1700680600\n|switch|p1a: Gholdengo|Gholdengo|100\/100\n|move|p2a: Wall|Moonblast|p1a: Gholdengo\n|-resisted|p1a: Gholdengo\n|-damage|p1a: Gholdengo|82\/100\n|-unboost|p1a: Gholdengo|spa|1\n|\n|-weather|SunnyDay|[upkeep]\n|upkeep\n|turn|5\n|\n|t:|1700680606\n|switch|p2a: Solarflare|Iron Moth|100\/100\n|-damage|p2a: Solarflare|76\/100|[from] Stealth Rock\n|-enditem|p2a: Solarflare|Booster Energy\n|-activate|p2a: Solarflare|ability: Quark Drive|[fromitem]\n|-start|p2a: Solarflare|quarkdrivespe\n|move|p1a: Gholdengo|Make It Rain|p2a: Solarflare\n|-resisted|p2a: Solarflare\n|-damage|p2a: Solarflare|44\/100\n|-unboost|p1a: Gholdengo|spa|1\n|-damage|p1a: Gholdengo|73\/100|[from] item: Life Orb\n|\n|-weather|SunnyDay|[upkeep]\n|upkeep\n|turn|6\n|\n|t:|1700680622\n|switch|p1a: Walking Wake|Walking Wake|100\/100\n|-activate|p1a: Walking Wake|ability: Protosynthesis\n|-start|p1a: Walking Wake|protosynthesisspa\n|move|p2a: Solarflare|Fiery Dance|p1a: Walking Wake\n|-resisted|p1a: Walking Wake\n|-damage|p1a: Walking Wake|83\/100\n|-boost|p2a: Solarflare|spa|1\n|\n|-weather|SunnyDay|[upkeep]\n|upkeep\n|turn|7\n|\n|t:|1700680631\n|move|p2a: Solarflare|Sludge Wave|p1a: Walking Wake\n|-damage|p1a: Walking Wake|0 fnt\n|faint|p1a: Walking Wake\n|-end|p1a: Walking Wake|Protosynthesis|[silent]\n|\n|-weather|SunnyDay|[upkeep]\n|upkeep\n|\n|t:|1700680644\n|switch|p1a: Pawmot|Pawmot, M|100\/100\n|turn|8\n|\n|t:|1700680647\n|move|p2a: Solarflare|Fiery Dance|p1a: Pawmot\n|-enditem|p1a: Pawmot|Focus Sash\n|-damage|p1a: Pawmot|1\/100\n|-boost|p2a: Solarflare|spa|1\n|move|p1a: Pawmot|Thunder Punch|p2a: Solarflare\n|-damage|p2a: Solarflare|0 fnt\n|faint|p2a: Solarflare\n|-end|p2a: Solarflare|Quark Drive|[silent]\n|\n|-weather|none\n|upkeep\n|\n|t:|1700680651\n|switch|p2a: Ancient Elephant|Great Tusk|100\/100\n|-damage|p2a: Ancient Elephant|98\/100|[from] Stealth Rock\n|turn|9\n|\n|t:|1700680659\n|move|p1a: Pawmot|Revival Blessing|p1a: Pawmot\n|\n|t:|1700680661\n|-heal|p1: Walking Wake|50\/100|[from] move: Revival Blessing\n|move|p2a: Ancient Elephant|Rapid Spin|p1a: Pawmot\n|-damage|p1a: Pawmot|0 fnt\n|-boost|p2a: Ancient Elephant|spe|1\n|-sideend|p2: Docter_Peng99|Stealth Rock|[from] move: Rapid Spin|[of] p2a: Ancient Elephant\n|faint|p1a: Pawmot\n|\n|upkeep\n|\n|t:|1700680674\n|switch|p1a: Corviknight|Corviknight, M, shiny|100\/100\n|-ability|p1a: Corviknight|Pressure\n|turn|10\n|\n|t:|1700680676\n|move|p2a: Ancient Elephant|Knock Off|p1a: Corviknight\n|-damage|p1a: Corviknight|78\/100\n|-enditem|p1a: Corviknight|Leftovers|[from] move: Knock Off|[of] p2a: Ancient Elephant\n|move|p1a: Corviknight|Iron Defense|p1a: Corviknight\n|-boost|p1a: Corviknight|def|2\n|\n|upkeep\n|turn|11\n|\n|t:|1700680682\n|-end|p2a: Ancient Elephant|Protosynthesis|[silent]\n|switch|p2a: Wall|Clefable, F|91\/100\n|move|p1a: Corviknight|Iron Defense|p1a: Corviknight\n|-boost|p1a: Corviknight|def|2\n|\n|upkeep\n|turn|12\n|\n|t:|1700680688\n|switch|p1a: Gholdengo|Gholdengo|73\/100\n|move|p2a: Wall|Stealth Rock|p1a: Gholdengo\n|-sidestart|p1: Weavile212|move: Stealth Rock\n|\n|upkeep\n|turn|13\n|\n|t:|1700680693\n|switch|p2a: Ancient Elephant|Great Tusk|98\/100\n|move|p1a: Gholdengo|Make It Rain|p2a: Ancient Elephant\n|-damage|p2a: Ancient Elephant|20\/100\n|-unboost|p1a: Gholdengo|spa|1\n|-damage|p1a: Gholdengo|63\/100|[from] item: Life Orb\n|\n|upkeep\n|turn|14\n|\n|t:|1700680708\n|switch|p1a: Corviknight|Corviknight, M, shiny|78\/100\n|-damage|p1a: Corviknight|66\/100|[from] Stealth Rock\n|-ability|p1a: Corviknight|Pressure\n|move|p2a: Ancient Elephant|Earthquake|p1a: Corviknight\n|-immune|p1a: Corviknight\n|\n|upkeep\n|turn|15\n|\n|t:|1700680715\n|-end|p2a: Ancient Elephant|Protosynthesis|[silent]\n|switch|p2a: Wall|Clefable, F|91\/100\n|move|p1a: Corviknight|Defog|p2a: Wall\n|-unboost|p2a: Wall|evasion|1\n|-sideend|p1: Weavile212|Stealth Rock|[from] move: Defog|[of] p1a: Corviknight\n|\n|upkeep\n|turn|16\n|\n|t:|1700680718\n|move|p1a: Corviknight|Iron Defense|p1a: Corviknight\n|-boost|p1a: Corviknight|def|2\n|move|p2a: Wall|Thunder Wave|p1a: Corviknight\n|-status|p1a: Corviknight|par\n|\n|upkeep\n|turn|17\n|\n|t:|1700680723\n|move|p2a: Wall|Stealth Rock|p1a: Corviknight\n|-sidestart|p1: Weavile212|move: Stealth Rock\n|move|p1a: Corviknight|Iron Defense|p1a: Corviknight\n|-boost|p1a: Corviknight|def|2\n|\n|upkeep\n|turn|18\n|\n|t:|1700680728\n|move|p2a: Wall|Moonlight|p2a: Wall\n|-heal|p2a: Wall|100\/100\n|cant|p1a: Corviknight|par\n|\n|upkeep\n|turn|19\n|\n|t:|1700680731\n|move|p2a: Wall|Moonblast|p1a: Corviknight\n|-resisted|p1a: Corviknight\n|-damage|p1a: Corviknight|50\/100 par\n|-unboost|p1a: Corviknight|spa|1\n|move|p1a: Corviknight|Iron Defense|p1a: Corviknight\n|-boost|p1a: Corviknight|def|2\n|\n|upkeep\n|turn|20\n|\n|t:|1700680736\n|move|p2a: Wall|Moonblast|p1a: Corviknight\n|-resisted|p1a: Corviknight\n|-damage|p1a: Corviknight|35\/100 par\n|move|p1a: Corviknight|Roost|p1a: Corviknight\n|-heal|p1a: Corviknight|85\/100 par\n|-singleturn|p1a: Corviknight|move: Roost\n|\n|upkeep\n|turn|21\n|\n|t:|1700680738\n|move|p2a: Wall|Moonblast|p1a: Corviknight\n|-resisted|p1a: Corviknight\n|-damage|p1a: Corviknight|70\/100 par\n|move|p1a: Corviknight|Defog|p2a: Wall\n|-unboost|p2a: Wall|evasion|1\n|-sideend|p1: Weavile212|Stealth Rock|[from] move: Defog|[of] p1a: Corviknight\n|\n|upkeep\n|turn|22\n|\n|t:|1700680743\n|move|p2a: Wall|Moonblast|p1a: Corviknight\n|-resisted|p1a: Corviknight\n|-damage|p1a: Corviknight|54\/100 par\n|move|p1a: Corviknight|Body Press|p2a: Wall\n|-resisted|p2a: Wall\n|-damage|p2a: Wall|40\/100\n|\n|-damage|p1a: Corviknight|42\/100 par|[from] item: Sticky Barb\n|upkeep\n|turn|23\n|\n|t:|1700680755\n|move|p2a: Wall|Stealth Rock|p1a: Corviknight\n|-sidestart|p1: Weavile212|move: Stealth Rock\n|move|p1a: Corviknight|Body Press|p2a: Wall\n|-resisted|p2a: Wall\n|-damage|p2a: Wall|0 fnt\n|faint|p2a: Wall\n|\n|-damage|p1a: Corviknight|30\/100 par|[from] item: Sticky Barb\n|upkeep\n|\n|t:|1700680758\n|switch|p2a: Gotta Sweep|Dragapult, M, shiny|100\/100\n|turn|24\n|\n|t:|1700680762\n|move|p2a: Gotta Sweep|Flamethrower|p1a: Corviknight\n|-supereffective|p1a: Corviknight\n|-damage|p1a: Corviknight|0 fnt\n|faint|p1a: Corviknight\n|\n|upkeep\n|\n|t:|1700680775\n|switch|p1a: Great Tusk|Great Tusk|100\/100\n|-damage|p1a: Great Tusk|97\/100|[from] Stealth Rock\n|turn|25\n|\n|t:|1700680778\n|switch|p2a: Ancient Elephant|Great Tusk|20\/100\n|move|p1a: Great Tusk|Knock Off|p2a: Ancient Elephant\n|-resisted|p2a: Ancient Elephant\n|-damage|p2a: Ancient Elephant|9\/100\n|-enditem|p2a: Ancient Elephant|Assault Vest|[from] move: Knock Off|[of] p1a: Great Tusk\n|\n|upkeep\n|turn|26\n|\n|t:|1700680787\n|move|p2a: Ancient Elephant|Ice Spinner|p1a: Great Tusk\n|-supereffective|p1a: Great Tusk\n|-crit|p1a: Great Tusk\n|-damage|p1a: Great Tusk|44\/100\n|move|p1a: Great Tusk|Ice Spinner|p2a: Ancient Elephant\n|-supereffective|p2a: Ancient Elephant\n|-damage|p2a: Ancient Elephant|0 fnt\n|faint|p2a: Ancient Elephant\n|-end|p2a: Ancient Elephant|Protosynthesis|[silent]\n|\n|upkeep\n|\n|t:|1700680789\n|switch|p2a: Metaslayer|Iron Valiant|100\/100\n|-enditem|p2a: Metaslayer|Booster Energy\n|-activate|p2a: Metaslayer|ability: Quark Drive|[fromitem]\n|-start|p2a: Metaslayer|quarkdrivespe\n|turn|27\n|\n|t:|1700680800\n|-end|p1a: Great Tusk|Protosynthesis|[silent]\n|switch|p1a: Torkoal|Torkoal, M|80\/100 par\n|-damage|p1a: Torkoal|55\/100 par|[from] Stealth Rock\n|-weather|SunnyDay|[from] ability: Drought|[of] p1a: Torkoal\n|move|p2a: Metaslayer|Moonblast|p1a: Torkoal\n|-resisted|p1a: Torkoal\n|-damage|p1a: Torkoal|25\/100 par\n|\n|-weather|SunnyDay|[upkeep]\n|upkeep\n|turn|28\n|\n|t:|1700680803\n|move|p2a: Metaslayer|Moonblast|p1a: Torkoal\n|-resisted|p1a: Torkoal\n|-damage|p1a: Torkoal|0 fnt\n|faint|p1a: Torkoal\n|\n|-weather|SunnyDay|[upkeep]\n|upkeep\n|\n|t:|1700680808\n|switch|p1a: Gholdengo|Gholdengo|63\/100\n|-damage|p1a: Gholdengo|57\/100|[from] Stealth Rock\n|turn|29\n|\n|t:|1700680815\n|move|p2a: Metaslayer|Destiny Bond|p2a: Metaslayer\n|-singlemove|p2a: Metaslayer|Destiny Bond\n|move|p1a: Gholdengo|Make It Rain|p2a: Metaslayer\n|-supereffective|p2a: Metaslayer\n|-damage|p2a: Metaslayer|0 fnt\n|-unboost|p1a: Gholdengo|spa|1\n|faint|p2a: Metaslayer\n|-activate|p2a: Metaslayer|move: Destiny Bond\n|-end|p2a: Metaslayer|Quark Drive|[silent]\n|faint|p1a: Gholdengo\n|\n|-weather|SunnyDay|[upkeep]\n|upkeep\n|\n|t:|1700680826\n|switch|p2a: Gotta Sweep|Dragapult, M, shiny|100\/100\n|switch|p1a: Great Tusk|Great Tusk|44\/100\n|-damage|p1a: Great Tusk|41\/100|[from] Stealth Rock\n|-activate|p1a: Great Tusk|ability: Protosynthesis\n|-start|p1a: Great Tusk|protosynthesisatk\n|turn|30\n|\n|t:|1700680830\n|move|p2a: Gotta Sweep|Shadow Ball|p1a: Great Tusk\n|-damage|p1a: Great Tusk|0 fnt\n|faint|p1a: Great Tusk\n|-end|p1a: Great Tusk|Protosynthesis|[silent]\n|\n|-weather|SunnyDay|[upkeep]\n|upkeep\n|\n|t:|1700680833\n|switch|p1a: Walking Wake|Walking Wake|50\/100\n|-damage|p1a: Walking Wake|38\/100|[from] Stealth Rock\n|-activate|p1a: Walking Wake|ability: Protosynthesis\n|-start|p1a: Walking Wake|protosynthesisspa\n|turn|31\n|\n|t:|1700680836\n|-terastallize|p2a: Gotta Sweep|Ghost\n|move|p2a: Gotta Sweep|Shadow Ball|p1a: Walking Wake\n|-damage|p1a: Walking Wake|0 fnt\n|faint|p1a: Walking Wake\n|-end|p1a: Walking Wake|Protosynthesis|[silent]\n|\n|win|Docter_Peng99\n|raw|Weavile212's rating: 1297 &rarr; <strong>1274<\/strong><br \/>(-23 for losing)\n|raw|Docter_Peng99's rating: 1324 &rarr; <strong>1342<\/strong><br \/>(+18 for winning)\n|l|\u2606Weavile212\n|c|\u2606Docter_Peng99|gg\n","uploadtime":1700680848,"views":6,"p1id":"weavile212","p2id":"docterpeng99","formatid":"gen9ou","rating":1274,"private":0,"password":""}