{"id":"gen9ou-1991777110","p1":"Yabyinda","p2":"ucica","format":"[Gen 9] OU","log":"|j|\u2606Yabyinda\n|j|\u2606ucica\n|t:|1700115390\n|gametype|singles\n|player|p1|Yabyinda|preschooler|1201\n|player|p2|ucica|pryce|1251\n|teamsize|p1|6\n|teamsize|p2|6\n|gen|9\n|tier|[Gen 9] OU\n|rated|\n|rule|Sleep Clause Mod: Limit one foe put to sleep\n|rule|Species Clause: Limit one of each Pok\u00e9mon\n|rule|OHKO Clause: OHKO moves are banned\n|rule|Evasion Items Clause: Evasion items are banned\n|rule|Evasion Moves Clause: Evasion moves are banned\n|rule|Endless Battle Clause: Forcing endless battles is banned\n|rule|HP Percentage Mod: HP is shown in percentages\n|clearpoke\n|poke|p1|Kleavor, F|\n|poke|p1|Moltres|\n|poke|p1|Weavile, F|\n|poke|p1|Hoopa-Unbound|\n|poke|p1|Sneasler, F|\n|poke|p1|Clodsire, F|\n|poke|p2|Garganacl, F|\n|poke|p2|Kingambit, F|\n|poke|p2|Ogerpon-Wellspring, F|\n|poke|p2|Toxapex, M|\n|poke|p2|Dragonite, F|\n|poke|p2|Ninetales-Alola, M|\n|teampreview\n|inactive|Battle timer is ON: inactive players will automatically lose when time's up. (requested by Yabyinda)\n|\n|t:|1700115408\n|start\n|switch|p1a: Kleavor|Kleavor, F|100\/100\n|switch|p2a: Ninetales|Ninetales-Alola, M|100\/100\n|-weather|Snow|[from] ability: Snow Warning|[of] p2a: Ninetales\n|turn|1\n|\n|t:|1700115423\n|move|p1a: Kleavor|Stone Axe|p2a: Ninetales\n|-supereffective|p2a: Ninetales\n|-damage|p2a: Ninetales|23\/100\n|-sidestart|p2: ucica|move: Stealth Rock\n|move|p2a: Ninetales|Aurora Veil|p2a: Ninetales\n|-sidestart|p2: ucica|move: Aurora Veil\n|\n|-weather|Snow|[upkeep]\n|upkeep\n|turn|2\n|\n|t:|1700115433\n|move|p1a: Kleavor|Stone Axe|p2a: Ninetales\n|-supereffective|p2a: Ninetales\n|-damage|p2a: Ninetales|0 fnt\n|faint|p2a: Ninetales\n|\n|-weather|Snow|[upkeep]\n|upkeep\n|\n|t:|1700115443\n|switch|p2a: Garganacl|Garganacl, F|100\/100\n|-damage|p2a: Garganacl|88\/100|[from] Stealth Rock\n|turn|3\n|\n|t:|1700115453\n|move|p1a: Kleavor|U-turn|p2a: Garganacl\n|-damage|p2a: Garganacl|78\/100\n|-damage|p1a: Kleavor|84\/100|[from] item: Rocky Helmet|[of] p2a: Garganacl\n|\n|t:|1700115462\n|switch|p1a: Weavile|Weavile, F|100\/100|[from] U-turn\n|move|p2a: Garganacl|Salt Cure|p1a: Weavile\n|-supereffective|p1a: Weavile\n|-damage|p1a: Weavile|64\/100\n|-start|p1a: Weavile|Salt Cure\n|\n|-weather|Snow|[upkeep]\n|-damage|p1a: Weavile|52\/100|[from] Salt Cure\n|upkeep\n|turn|4\n|\n|t:|1700115470\n|move|p1a: Weavile|Low Kick|p2a: Garganacl\n|-supereffective|p2a: Garganacl\n|-damage|p2a: Garganacl|56\/100\n|-damage|p1a: Weavile|35\/100|[from] item: Rocky Helmet|[of] p2a: Garganacl\n|move|p2a: Garganacl|Iron Defense|p2a: Garganacl\n|-boost|p2a: Garganacl|def|2\n|\n|-weather|Snow|[upkeep]\n|-damage|p1a: Weavile|23\/100|[from] Salt Cure\n|upkeep\n|turn|5\n|\n|t:|1700115477\n|move|p1a: Weavile|Low Kick|p2a: Garganacl\n|-supereffective|p2a: Garganacl\n|-damage|p2a: Garganacl|44\/100\n|-damage|p1a: Weavile|7\/100|[from] item: Rocky Helmet|[of] p2a: Garganacl\n|move|p2a: Garganacl|Recover|p2a: Garganacl\n|-heal|p2a: Garganacl|94\/100\n|\n|-weather|none\n|-damage|p1a: Weavile|0 fnt|[from] Salt Cure\n|faint|p1a: Weavile\n|upkeep\n|\n|t:|1700115491\n|switch|p1a: Kleavor|Kleavor, F|84\/100\n|turn|6\n|\n|t:|1700115495\n|move|p1a: Kleavor|Stone Axe|p2a: Garganacl\n|-damage|p2a: Garganacl|87\/100\n|-damage|p1a: Kleavor|68\/100|[from] item: Rocky Helmet|[of] p2a: Garganacl\n|move|p2a: Garganacl|Iron Defense|p2a: Garganacl\n|-boost|p2a: Garganacl|def|2\n|\n|upkeep\n|turn|7\n|\n|t:|1700115501\n|move|p1a: Kleavor|Stone Axe|p2a: Garganacl\n|-damage|p2a: Garganacl|83\/100\n|-damage|p1a: Kleavor|51\/100|[from] item: Rocky Helmet|[of] p2a: Garganacl\n|move|p2a: Garganacl|Salt Cure|p1a: Kleavor\n|-supereffective|p1a: Kleavor\n|-damage|p1a: Kleavor|12\/100\n|-start|p1a: Kleavor|Salt Cure\n|\n|-damage|p1a: Kleavor|0 fnt|[from] Salt Cure\n|faint|p1a: Kleavor\n|upkeep\n|\n|t:|1700115513\n|switch|p1a: good boi|Clodsire, F, shiny|100\/100\n|turn|8\n|\n|t:|1700115522\n|move|p2a: Garganacl|Salt Cure|p1a: good boi\n|-resisted|p1a: good boi\n|-damage|p1a: good boi|93\/100\n|-start|p1a: good boi|Salt Cure\n|move|p1a: good boi|Curse|p1a: good boi\n|-unboost|p1a: good boi|spe|1\n|-boost|p1a: good boi|atk|1\n|-boost|p1a: good boi|def|1\n|\n|-heal|p1a: good boi|99\/100|[from] item: Leftovers\n|-damage|p1a: good boi|86\/100|[from] Salt Cure\n|-sideend|p2: ucica|move: Aurora Veil\n|upkeep\n|turn|9\n|\n|t:|1700115534\n|move|p2a: Garganacl|Iron Defense|p2a: Garganacl\n|-boost|p2a: Garganacl|def|2\n|move|p1a: good boi|Curse|p1a: good boi\n|-unboost|p1a: good boi|spe|1\n|-boost|p1a: good boi|atk|1\n|-boost|p1a: good boi|def|1\n|\n|-heal|p1a: good boi|93\/100|[from] item: Leftovers\n|-damage|p1a: good boi|80\/100|[from] Salt Cure\n|upkeep\n|turn|10\n|\n|t:|1700115540\n|move|p2a: Garganacl|Body Press|p1a: good boi\n|-resisted|p1a: good boi\n|-damage|p1a: good boi|71\/100\n|move|p1a: good boi|Curse|p1a: good boi\n|-unboost|p1a: good boi|spe|1\n|-boost|p1a: good boi|atk|1\n|-boost|p1a: good boi|def|1\n|\n|-heal|p1a: good boi|78\/100|[from] item: Leftovers\n|-damage|p1a: good boi|65\/100|[from] Salt Cure\n|upkeep\n|turn|11\n|\n|t:|1700115551\n|move|p2a: Garganacl|Body Press|p1a: good boi\n|-resisted|p1a: good boi\n|-damage|p1a: good boi|59\/100\n|move|p1a: good boi|Curse|p1a: good boi\n|-unboost|p1a: good boi|spe|1\n|-boost|p1a: good boi|atk|1\n|-boost|p1a: good boi|def|1\n|\n|-heal|p1a: good boi|65\/100|[from] item: Leftovers\n|-damage|p1a: good boi|52\/100|[from] Salt Cure\n|upkeep\n|turn|12\n|\n|t:|1700115563\n|move|p2a: Garganacl|Body Press|p1a: good boi\n|-resisted|p1a: good boi\n|-damage|p1a: good boi|46\/100\n|move|p1a: good boi|Recover|p1a: good boi\n|-heal|p1a: good boi|96\/100\n|\n|-heal|p1a: good boi|100\/100|[from] item: Leftovers\n|-damage|p1a: good boi|88\/100|[from] Salt Cure\n|upkeep\n|turn|13\n|\n|t:|1700115574\n|move|p2a: Garganacl|Body Press|p1a: good boi\n|-resisted|p1a: good boi\n|-damage|p1a: good boi|83\/100\n|move|p1a: good boi|Curse|p1a: good boi\n|-unboost|p1a: good boi|spe|1\n|-boost|p1a: good boi|atk|1\n|-boost|p1a: good boi|def|1\n|\n|-heal|p1a: good boi|89\/100|[from] item: Leftovers\n|-damage|p1a: good boi|77\/100|[from] Salt Cure\n|upkeep\n|turn|14\n|\n|t:|1700115580\n|move|p2a: Garganacl|Body Press|p1a: good boi\n|-resisted|p1a: good boi\n|-damage|p1a: good boi|72\/100\n|move|p1a: good boi|Curse|p1a: good boi\n|-unboost|p1a: good boi|spe|1\n|-boost|p1a: good boi|atk|1\n|-boost|p1a: good boi|def|1\n|\n|-heal|p1a: good boi|78\/100|[from] item: Leftovers\n|-damage|p1a: good boi|65\/100|[from] Salt Cure\n|upkeep\n|turn|15\n|\n|t:|1700115594\n|move|p2a: Garganacl|Salt Cure|p1a: good boi\n|-resisted|p1a: good boi\n|-damage|p1a: good boi|63\/100\n|move|p1a: good boi|Recover|p1a: good boi\n|-heal|p1a: good boi|100\/100\n|\n|-damage|p1a: good boi|88\/100|[from] Salt Cure\n|upkeep\n|turn|16\n|\n|t:|1700115606\n|move|p2a: Garganacl|Body Press|p1a: good boi\n|-resisted|p1a: good boi\n|-damage|p1a: good boi|84\/100\n|move|p1a: good boi|Earthquake|p2a: Garganacl\n|-supereffective|p2a: Garganacl\n|-damage|p2a: Garganacl|0 fnt\n|faint|p2a: Garganacl\n|\n|-heal|p1a: good boi|90\/100|[from] item: Leftovers\n|-damage|p1a: good boi|78\/100|[from] Salt Cure\n|upkeep\n|\n|t:|1700115627\n|switch|p2a: Toxapex|Toxapex, M|100\/100\n|-damage|p2a: Toxapex|88\/100|[from] Stealth Rock\n|turn|17\n|\n|t:|1700115631\n|move|p2a: Toxapex|Gunk Shot|p1a: good boi\n|-resisted|p1a: good boi\n|-damage|p1a: good boi|76\/100\n|move|p1a: good boi|Earthquake|p2a: Toxapex\n|-supereffective|p2a: Toxapex\n|-damage|p2a: Toxapex|0 fnt\n|faint|p2a: Toxapex\n|\n|-heal|p1a: good boi|82\/100|[from] item: Leftovers\n|-damage|p1a: good boi|70\/100|[from] Salt Cure\n|upkeep\n|\n|t:|1700115638\n|switch|p2a: Dragonite|Dragonite, F|100\/100\n|-damage|p2a: Dragonite|75\/100|[from] Stealth Rock\n|turn|18\n|\n|t:|1700115641\n|move|p2a: Dragonite|Dragon Dance|p2a: Dragonite\n|-boost|p2a: Dragonite|atk|1\n|-boost|p2a: Dragonite|spe|1\n|move|p1a: good boi|Stone Edge|p2a: Dragonite|[miss]\n|-miss|p1a: good boi|p2a: Dragonite\n|\n|-heal|p2a: Dragonite|82\/100|[from] item: Leftovers\n|-heal|p1a: good boi|76\/100|[from] item: Leftovers\n|-damage|p1a: good boi|63\/100|[from] Salt Cure\n|upkeep\n|turn|19\n|\n|t:|1700115660\n|move|p2a: Dragonite|Earthquake|p1a: good boi\n|-supereffective|p1a: good boi\n|-damage|p1a: good boi|44\/100\n|move|p1a: good boi|Recover|p1a: good boi\n|-heal|p1a: good boi|94\/100\n|\n|-heal|p2a: Dragonite|88\/100|[from] item: Leftovers\n|-heal|p1a: good boi|99\/100|[from] item: Leftovers\n|-damage|p1a: good boi|88\/100|[from] Salt Cure\n|upkeep\n|turn|20\n|\n|t:|1700115666\n|move|p2a: Dragonite|Earthquake|p1a: good boi\n|-supereffective|p1a: good boi\n|-damage|p1a: good boi|68\/100\n|move|p1a: good boi|Stone Edge|p2a: Dragonite\n|-supereffective|p2a: Dragonite\n|-damage|p2a: Dragonite|0 fnt\n|faint|p2a: Dragonite\n|\n|-heal|p1a: good boi|74\/100|[from] item: Leftovers\n|-damage|p1a: good boi|62\/100|[from] Salt Cure\n|upkeep\n|\n|t:|1700115676\n|switch|p2a: Ogerpon|Ogerpon-Wellspring, F|100\/100\n|-damage|p2a: Ogerpon|88\/100|[from] Stealth Rock\n|turn|21\n|\n|t:|1700115685\n|-terastallize|p2a: Ogerpon|Water\n|detailschange|p2a: Ogerpon|Ogerpon-Wellspring-Tera, F, tera:Water\n|-ability|p2a: Ogerpon|Embody Aspect (Wellspring)|boost\n|-boost|p2a: Ogerpon|spd|1\n|move|p2a: Ogerpon|Ivy Cudgel|p1a: good boi|[anim] Ivy Cudgel Water\n|-supereffective|p1a: good boi\n|-crit|p1a: good boi\n|-damage|p1a: good boi|0 fnt\n|faint|p1a: good boi\n|\n|upkeep\n|\n|t:|1700115698\n|switch|p1a: Hoopa|Hoopa-Unbound|100\/100\n|turn|22\n|\n|t:|1700115719\n|move|p1a: Hoopa|Hyperspace Fury|p2a: Ogerpon\n|-damage|p2a: Ogerpon|17\/100\n|-unboost|p1a: Hoopa|def|1\n|move|p2a: Ogerpon|Ivy Cudgel|p1a: Hoopa|[anim] Ivy Cudgel Water\n|-damage|p1a: Hoopa|0 fnt\n|faint|p1a: Hoopa\n|\n|upkeep\n|\n|t:|1700115730\n|switch|p1a: Sneasler|Sneasler, F|100\/100\n|turn|23\n|\n|t:|1700115753\n|move|p1a: Sneasler|U-turn|p2a: Ogerpon\n|-damage|p2a: Ogerpon|0 fnt\n|faint|p2a: Ogerpon\n|\n|t:|1700115756\n|switch|p1a: Moltres|Moltres|100\/100|[from] U-turn\n|\n|upkeep\n|\n|t:|1700115761\n|switch|p2a: Kingambit|Kingambit, F|100\/100\n|-damage|p2a: Kingambit|94\/100|[from] Stealth Rock\n|-activate|p2a: Kingambit|ability: Supreme Overlord\n|-start|p2a: Kingambit|fallen5|[silent]\n|turn|24\n|\n|t:|1700115764\n|move|p2a: Kingambit|Sucker Punch|p1a: Moltres\n|-damage|p1a: Moltres|0 fnt\n|faint|p1a: Moltres\n|-damage|p2a: Kingambit|84\/100|[from] item: Life Orb\n|\n|upkeep\n|\n|t:|1700115767\n|switch|p1a: Sneasler|Sneasler, F|100\/100\n|turn|25\n|\n|t:|1700115776\n|-terastallize|p1a: Sneasler|Fighting\n|move|p2a: Kingambit|Sucker Punch|p1a: Sneasler\n|-resisted|p1a: Sneasler\n|-damage|p1a: Sneasler|26\/100\n|-damage|p2a: Kingambit|75\/100|[from] item: Life Orb\n|move|p1a: Sneasler|Close Combat|p2a: Kingambit\n|-supereffective|p2a: Kingambit\n|-damage|p2a: Kingambit|0 fnt\n|-unboost|p1a: Sneasler|def|1\n|-unboost|p1a: Sneasler|spd|1\n|faint|p2a: Kingambit\n|-end|p2a: Kingambit|fallen5|[silent]\n|\n|win|Yabyinda\n|raw|Yabyinda's rating: 1201 &rarr; <strong>1230<\/strong><br \/>(+29 for winning)\n|raw|ucica's rating: 1251 &rarr; <strong>1222<\/strong><br \/>(-29 for losing)\n","uploadtime":1700115789,"views":8,"p1id":"yabyinda","p2id":"ucica","formatid":"gen9ou","rating":1222,"private":0,"password":""}