{"id":"gen9ou-1990027152","p1":"KiddyK","p2":"Aggs123","format":"[Gen 9] OU","log":"|j|\u2606KiddyK\n|j|\u203dAggs123\n|t:|1699916783\n|gametype|singles\n|player|p1|KiddyK|266|1522\n|player|p2|Aggs123|doctor-gen8|1656\n|teamsize|p1|6\n|teamsize|p2|6\n|gen|9\n|tier|[Gen 9] OU\n|rated|\n|rule|Sleep Clause Mod: Limit one foe put to sleep\n|rule|Species Clause: Limit one of each Pok\u00e9mon\n|rule|OHKO Clause: OHKO moves are banned\n|rule|Evasion Items Clause: Evasion items are banned\n|rule|Evasion Moves Clause: Evasion moves are banned\n|rule|Endless Battle Clause: Forcing endless battles is banned\n|rule|HP Percentage Mod: HP is shown in percentages\n|clearpoke\n|poke|p1|Manaphy|\n|poke|p1|Kingambit, F|\n|poke|p1|Ribombee, M|\n|poke|p1|Gholdengo|\n|poke|p1|Iron Moth|\n|poke|p1|Ogerpon-Wellspring, F|\n|poke|p2|Torkoal, F|\n|poke|p2|Walking Wake|\n|poke|p2|Great Tusk|\n|poke|p2|Scream Tail|\n|poke|p2|Kingambit, F|\n|poke|p2|Iron Moth|\n|teampreview\n|inactive|Battle timer is ON: inactive players will automatically lose when time's up. (requested by Aggs123)\n|inactive|Aggs123 has 120 seconds left.\n|\n|t:|1699916841\n|start\n|switch|p1a: Red|Iron Moth|100\/100\n|switch|p2a: Torkoal|Torkoal, F|100\/100\n|-weather|SunnyDay|[from] ability: Drought|[of] p2a: Torkoal\n|-enditem|p1a: Red|Booster Energy\n|-activate|p1a: Red|ability: Quark Drive|[fromitem]\n|-start|p1a: Red|quarkdrivespe\n|turn|1\n|\n|t:|1699916853\n|move|p1a: Red|Substitute|p1a: Red\n|-start|p1a: Red|Substitute\n|-damage|p1a: Red|76\/100\n|move|p2a: Torkoal|Stealth Rock|p1a: Red\n|-sidestart|p1: KiddyK|move: Stealth Rock\n|\n|-weather|SunnyDay|[upkeep]\n|upkeep\n|turn|2\n|inactive|Aggs123 has 120 seconds left.\n|\n|t:|1699916889\n|switch|p2a: Great Tusk|Great Tusk|100\/100\n|-activate|p2a: Great Tusk|ability: Protosynthesis\n|-start|p2a: Great Tusk|protosynthesisatk\n|move|p1a: Red|Fiery Dance|p2a: Great Tusk\n|-damage|p2a: Great Tusk|64\/100\n|\n|-weather|SunnyDay|[upkeep]\n|upkeep\n|turn|3\n|inactive|Aggs123 has 120 seconds left.\n|\n|t:|1699916915\n|move|p1a: Red|Psychic|p2a: Great Tusk\n|-supereffective|p2a: Great Tusk\n|-damage|p2a: Great Tusk|29\/100\n|move|p2a: Great Tusk|Rapid Spin|p1a: Red\n|-end|p1a: Red|Substitute\n|-boost|p2a: Great Tusk|spe|1\n|\n|-weather|SunnyDay|[upkeep]\n|upkeep\n|turn|4\n|\n|t:|1699916929\n|move|p1a: Red|Psychic|p2a: Great Tusk\n|-supereffective|p2a: Great Tusk\n|-damage|p2a: Great Tusk|0 fnt\n|faint|p2a: Great Tusk\n|-end|p2a: Great Tusk|Protosynthesis|[silent]\n|\n|-weather|SunnyDay|[upkeep]\n|upkeep\n|\n|t:|1699916938\n|switch|p2a: Walking Wake|Walking Wake|100\/100\n|-activate|p2a: Walking Wake|ability: Protosynthesis\n|-start|p2a: Walking Wake|protosynthesisspe\n|turn|5\n|\n|t:|1699916954\n|-terastallize|p1a: Red|Fairy\n|move|p1a: Red|Dazzling Gleam|p2a: Walking Wake\n|-supereffective|p2a: Walking Wake\n|-damage|p2a: Walking Wake|0 fnt\n|faint|p2a: Walking Wake\n|-end|p2a: Walking Wake|Protosynthesis|[silent]\n|\n|-weather|SunnyDay|[upkeep]\n|upkeep\n|\n|t:|1699916965\n|switch|p2a: Kingambit|Kingambit, F|100\/100\n|-activate|p2a: Kingambit|ability: Supreme Overlord\n|-start|p2a: Kingambit|fallen2|[silent]\n|turn|6\n|\n|t:|1699916972\n|-terastallize|p2a: Kingambit|Flying\n|move|p1a: Red|Fiery Dance|p2a: Kingambit\n|-damage|p2a: Kingambit|43\/100\n|move|p2a: Kingambit|Iron Head|p1a: Red\n|-supereffective|p1a: Red\n|-damage|p1a: Red|0 fnt\n|faint|p1a: Red\n|-end|p1a: Red|Quark Drive|[silent]\n|\n|-weather|SunnyDay|[upkeep]\n|-heal|p2a: Kingambit|49\/100|[from] item: Leftovers\n|upkeep\n|\n|t:|1699916983\n|switch|p1a: Pink|Ribombee, M, shiny|100\/100\n|-damage|p1a: Pink|76\/100|[from] Stealth Rock\n|turn|7\n|inactive|Aggs123 has 120 seconds left.\n|\n|t:|1699916989\n|-end|p2a: Kingambit|fallen2|[silent]\n|switch|p2a: Iron Moth|Iron Moth|100\/100\n|-enditem|p2a: Iron Moth|Booster Energy\n|-activate|p2a: Iron Moth|ability: Quark Drive|[fromitem]\n|-start|p2a: Iron Moth|quarkdrivespe\n|move|p1a: Pink|Sticky Web|p2a: Iron Moth\n|-sidestart|p2: Aggs123|move: Sticky Web\n|\n|-weather|SunnyDay|[upkeep]\n|upkeep\n|turn|8\n|\n|t:|1699916992\n|move|p2a: Iron Moth|Fiery Dance|p1a: Pink\n|-supereffective|p1a: Pink\n|-damage|p1a: Pink|0 fnt\n|-boost|p2a: Iron Moth|spa|1\n|faint|p1a: Pink\n|\n|-weather|none\n|upkeep\n|\n|t:|1699916995\n|switch|p1a: Green|Manaphy, shiny|100\/100\n|-damage|p1a: Green|88\/100|[from] Stealth Rock\n|turn|9\n|\n|t:|1699916998\n|move|p2a: Iron Moth|Energy Ball|p1a: Green\n|-supereffective|p1a: Green\n|-damage|p1a: Green|7\/100\n|move|p1a: Green|Take Heart|p1a: Green\n|-boost|p1a: Green|spa|1\n|-boost|p1a: Green|spd|1\n|\n|-heal|p1a: Green|13\/100|[from] item: Leftovers\n|upkeep\n|turn|10\n|\n|t:|1699917002\n|move|p2a: Iron Moth|Fiery Dance|p1a: Green\n|-resisted|p1a: Green\n|-damage|p1a: Green|0 fnt\n|-boost|p2a: Iron Moth|spa|1\n|faint|p1a: Green\n|\n|upkeep\n|\n|t:|1699917008\n|switch|p1a: Blue|Ogerpon-Wellspring, F|100\/100\n|-damage|p1a: Blue|88\/100|[from] Stealth Rock\n|turn|11\n|\n|t:|1699917018\n|move|p2a: Iron Moth|Sludge Wave|p1a: Blue\n|-supereffective|p1a: Blue\n|-damage|p1a: Blue|0 fnt\n|faint|p1a: Blue\n|\n|upkeep\n|\n|t:|1699917024\n|switch|p1a: Black|Kingambit, F|100\/100\n|-damage|p1a: Black|94\/100|[from] Stealth Rock\n|-activate|p1a: Black|ability: Supreme Overlord\n|-start|p1a: Black|fallen4|[silent]\n|turn|12\n|\n|t:|1699917028\n|move|p1a: Black|Sucker Punch||[still]\n|-fail|p1a: Black\n|move|p2a: Iron Moth|Substitute|p2a: Iron Moth\n|-start|p2a: Iron Moth|Substitute\n|-damage|p2a: Iron Moth|76\/100\n|\n|upkeep\n|turn|13\n|\n|t:|1699917030\n|move|p2a: Iron Moth|Fiery Dance|p1a: Black\n|-supereffective|p1a: Black\n|-damage|p1a: Black|0 fnt\n|-boost|p2a: Iron Moth|spa|1\n|faint|p1a: Black\n|-end|p1a: Black|fallen4|[silent]\n|\n|upkeep\n|\n|t:|1699917031\n|switch|p1a: Yellow|Gholdengo|100\/100\n|-damage|p1a: Yellow|94\/100|[from] Stealth Rock\n|-item|p1a: Yellow|Air Balloon\n|turn|14\n|\n|t:|1699917033\n|move|p2a: Iron Moth|Fiery Dance|p1a: Yellow\n|-supereffective|p1a: Yellow\n|-damage|p1a: Yellow|0 fnt\n|-boost|p2a: Iron Moth|spa|1\n|-enditem|p1a: Yellow|Air Balloon\n|faint|p1a: Yellow\n|\n|win|Aggs123\n|raw|KiddyK's rating: 1522 &rarr; <strong>1509<\/strong><br \/>(-13 for losing)\n|raw|Aggs123's rating: 1656 &rarr; <strong>1669<\/strong><br \/>(+13 for winning)\n|l|\u2606KiddyK\n","uploadtime":1699917039,"views":9,"p1id":"kiddyk","p2id":"aggs123","formatid":"gen9ou","rating":1509,"private":0,"password":""}