{"id":"gen9ou-1991226937","p1":"ZxBLADe","p2":"Penter","format":"[Gen 9] OU","log":"|j|\u2606ZxBLADe\n|j|\u2606Penter\n|inactive|Battle timer is ON: inactive players will automatically lose when time's up.\n|t:|1700059111\n|gametype|singles\n|player|p1|ZxBLADe|volkner|\n|player|p2|Penter|n|\n|teamsize|p1|6\n|teamsize|p2|6\n|gen|9\n|tier|[Gen 9] OU\n|rated|Tournament battle\n|rule|Sleep Clause Mod: Limit one foe put to sleep\n|rule|Species Clause: Limit one of each Pok\u00e9mon\n|rule|OHKO Clause: OHKO moves are banned\n|rule|Evasion Items Clause: Evasion items are banned\n|rule|Evasion Moves Clause: Evasion moves are banned\n|rule|Endless Battle Clause: Forcing endless battles is banned\n|rule|HP Percentage Mod: HP is shown in percentages\n|clearpoke\n|poke|p1|Ribombee, F|\n|poke|p1|Grimmsnarl, M|\n|poke|p1|Great Tusk|\n|poke|p1|Dragonite, M|\n|poke|p1|Gholdengo|\n|poke|p1|Rillaboom, M|\n|poke|p2|Rillaboom, M|\n|poke|p2|Sneasler, F|\n|poke|p2|Iron Moth|\n|poke|p2|Manaphy|\n|poke|p2|Hatterene, F|\n|poke|p2|Kingambit, F|\n|teampreview\n|j|*Lady Monita \u2746\n|inactive|ZxBLADe also wants the timer to be on.\n|inactive|ZxBLADe has 120 seconds left.\n|inactive|Penter has 120 seconds left.\n|\n|t:|1700059162\n|start\n|switch|p1a: Gholdengo|Gholdengo|100\/100\n|switch|p2a: Rillaboom|Rillaboom, M|100\/100\n|-fieldstart|move: Grassy Terrain|[from] ability: Grassy Surge|[of] p2a: Rillaboom\n|turn|1\n|\n|t:|1700059182\n|switch|p1a: Dragonite|Dragonite, M|100\/100\n|move|p2a: Rillaboom|High Horsepower|p1a: Dragonite\n|-immune|p1a: Dragonite\n|\n|upkeep\n|turn|2\n|\n|t:|1700059191\n|switch|p2a: Manaphy|Manaphy|100\/100\n|move|p1a: Dragonite|Dragon Dance|p1a: Dragonite\n|-boost|p1a: Dragonite|atk|1\n|-boost|p1a: Dragonite|spe|1\n|\n|upkeep\n|turn|3\n|\n|t:|1700059206\n|move|p1a: Dragonite|Hurricane|p2a: Manaphy\n|-damage|p2a: Manaphy|65\/100\n|-start|p2a: Manaphy|confusion\n|-activate|p2a: Manaphy|confusion\n|move|p2a: Manaphy|Scald|p1a: Dragonite\n|-resisted|p1a: Dragonite\n|-damage|p1a: Dragonite|91\/100\n|\n|-heal|p2a: Manaphy|71\/100|[from] Grassy Terrain\n|-heal|p2a: Manaphy|77\/100|[from] item: Leftovers\n|upkeep\n|turn|4\n|inactive|Penter has 120 seconds left.\n|inactive|Penter has 90 seconds left.\n|\n|t:|1700059272\n|switch|p2a: Kingambit|Kingambit, F|100\/100\n|move|p1a: Dragonite|Extreme Speed|p2a: Kingambit\n|-resisted|p2a: Kingambit\n|-damage|p2a: Kingambit|83\/100\n|\n|-heal|p2a: Kingambit|89\/100|[from] Grassy Terrain\n|upkeep\n|turn|5\n|\n|t:|1700059289\n|switch|p1a: Great Tusk|Great Tusk|100\/100\n|-enditem|p1a: Great Tusk|Booster Energy\n|-activate|p1a: Great Tusk|ability: Protosynthesis|[fromitem]\n|-start|p1a: Great Tusk|protosynthesisspe\n|move|p2a: Kingambit|Kowtow Cleave|p1a: Great Tusk\n|-resisted|p1a: Great Tusk\n|-damage|p1a: Great Tusk|82\/100\n|\n|-heal|p1a: Great Tusk|89\/100|[from] Grassy Terrain\n|-heal|p2a: Kingambit|95\/100|[from] Grassy Terrain\n|-fieldend|move: Grassy Terrain\n|upkeep\n|turn|6\n|inactive|Penter has 90 seconds left.\n|j| This'llbeyourwin\n|\n|t:|1700059321\n|-end|p2a: Kingambit|fallenundefined|[silent]\n|switch|p2a: Rillaboom|Rillaboom, M|100\/100\n|-fieldstart|move: Grassy Terrain|[from] ability: Grassy Surge|[of] p2a: Rillaboom\n|move|p1a: Great Tusk|Knock Off|p2a: Rillaboom\n|-crit|p2a: Rillaboom\n|-damage|p2a: Rillaboom|58\/100\n|-enditem|p2a: Rillaboom|Choice Band|[from] move: Knock Off|[of] p1a: Great Tusk\n|\n|-heal|p1a: Great Tusk|95\/100|[from] Grassy Terrain\n|-heal|p2a: Rillaboom|64\/100|[from] Grassy Terrain\n|upkeep\n|turn|7\n|\n|t:|1700059336\n|-end|p1a: Great Tusk|Protosynthesis|[silent]\n|switch|p1a: Dragonite|Dragonite, M|91\/100\n|move|p2a: Rillaboom|Wood Hammer|p1a: Dragonite\n|-resisted|p1a: Dragonite\n|-crit|p1a: Dragonite\n|-damage|p1a: Dragonite|56\/100\n|-damage|p2a: Rillaboom|54\/100|[from] Recoil\n|\n|-heal|p2a: Rillaboom|60\/100|[from] Grassy Terrain\n|upkeep\n|turn|8\n|\n|t:|1700059355\n|move|p1a: Dragonite|Hurricane|p2a: Rillaboom\n|-supereffective|p2a: Rillaboom\n|-damage|p2a: Rillaboom|0 fnt\n|faint|p2a: Rillaboom\n|\n|upkeep\n|\n|t:|1700059363\n|switch|p2a: Sneasler|Sneasler, F|100\/100\n|-enditem|p2a: Sneasler|Grassy Seed\n|-boost|p2a: Sneasler|def|1|[from] item: Grassy Seed\n|turn|9\n|\n|t:|1700059371\n|move|p2a: Sneasler|Swords Dance|p2a: Sneasler\n|-boost|p2a: Sneasler|atk|2\n|move|p1a: Dragonite|Hurricane|p2a: Sneasler|[miss]\n|-miss|p1a: Dragonite|p2a: Sneasler\n|\n|upkeep\n|turn|10\n|\n|t:|1700059387\n|move|p1a: Dragonite|Extreme Speed|p2a: Sneasler\n|-damage|p2a: Sneasler|68\/100\n|move|p2a: Sneasler|Lash Out|p1a: Dragonite\n|-damage|p1a: Dragonite|0 fnt\n|faint|p1a: Dragonite\n|\n|-heal|p2a: Sneasler|74\/100|[from] Grassy Terrain\n|-fieldend|move: Grassy Terrain\n|upkeep\n|\n|t:|1700059392\n|switch|p1a: Grimmsnarl|Grimmsnarl, M, shiny|100\/100\n|turn|11\n|inactive|Penter has 60 seconds left.\n|\n|t:|1700059425\n|move|p1a: Grimmsnarl|Reflect|p1a: Grimmsnarl\n|-sidestart|p1: ZxBLADe|Reflect\n|move|p2a: Sneasler|Dire Claw|p1a: Grimmsnarl\n|-supereffective|p1a: Grimmsnarl\n|-damage|p1a: Grimmsnarl|10\/100\n|\n|upkeep\n|turn|12\n|\n|t:|1700059434\n|move|p2a: Sneasler|Dire Claw|p1a: Grimmsnarl\n|-supereffective|p1a: Grimmsnarl\n|-crit|p1a: Grimmsnarl\n|-damage|p1a: Grimmsnarl|0 fnt\n|faint|p1a: Grimmsnarl\n|\n|upkeep\n|\n|t:|1700059444\n|switch|p1a: Great Tusk|Great Tusk|95\/100\n|turn|13\n|\n|t:|1700059464\n|move|p2a: Sneasler|Dire Claw|p1a: Great Tusk\n|-resisted|p1a: Great Tusk\n|-damage|p1a: Great Tusk|81\/100\n|move|p1a: Great Tusk|Headlong Rush|p2a: Sneasler\n|-supereffective|p2a: Sneasler\n|-damage|p2a: Sneasler|0 fnt\n|-unboost|p1a: Great Tusk|def|1\n|-unboost|p1a: Great Tusk|spd|1\n|faint|p2a: Sneasler\n|\n|upkeep\n|\n|t:|1700059471\n|switch|p2a: Iron Moth|Iron Moth|100\/100\n|-enditem|p2a: Iron Moth|Booster Energy\n|-activate|p2a: Iron Moth|ability: Quark Drive|[fromitem]\n|-start|p2a: Iron Moth|quarkdrivespe\n|turn|14\n|\n|t:|1700059482\n|move|p2a: Iron Moth|Energy Ball|p1a: Great Tusk\n|-supereffective|p1a: Great Tusk\n|-damage|p1a: Great Tusk|0 fnt\n|faint|p1a: Great Tusk\n|-end|p1a: Great Tusk|Protosynthesis|[silent]\n|\n|upkeep\n|inactive|ZxBLADe has 120 seconds left.\n|\n|t:|1700059507\n|switch|p1a: Ribombee|Ribombee, F|100\/100\n|turn|15\n|\n|t:|1700059524\n|-terastallize|p1a: Ribombee|Fire\n|move|p2a: Iron Moth|Fiery Dance|p1a: Ribombee\n|-resisted|p1a: Ribombee\n|-damage|p1a: Ribombee|70\/100\n|move|p1a: Ribombee|Quiver Dance|p1a: Ribombee\n|-boost|p1a: Ribombee|spa|1\n|-boost|p1a: Ribombee|spd|1\n|-boost|p1a: Ribombee|spe|1\n|\n|upkeep\n|turn|16\n|\n|t:|1700059535\n|move|p2a: Iron Moth|Psychic|p1a: Ribombee\n|-damage|p1a: Ribombee|40\/100\n|move|p1a: Ribombee|Stored Power|p2a: Iron Moth\n|-supereffective|p2a: Iron Moth\n|-damage|p2a: Iron Moth|24\/100\n|-damage|p1a: Ribombee|30\/100|[from] item: Life Orb\n|\n|upkeep\n|turn|17\n|\n|t:|1700059544\n|move|p2a: Iron Moth|Psychic|p1a: Ribombee\n|-damage|p1a: Ribombee|2\/100\n|move|p1a: Ribombee|Stored Power|p2a: Iron Moth\n|-supereffective|p2a: Iron Moth\n|-damage|p2a: Iron Moth|0 fnt\n|faint|p2a: Iron Moth\n|-end|p2a: Iron Moth|Quark Drive|[silent]\n|-damage|p1a: Ribombee|0 fnt|[from] item: Life Orb\n|faint|p1a: Ribombee\n|\n|upkeep\n|inactive|Penter has 60 seconds left.\n|\n|t:|1700059570\n|switch|p2a: Kingambit|Kingambit, F|95\/100\n|switch|p1a: Rillaboom|Rillaboom, M|100\/100\n|-fieldstart|move: Grassy Terrain|[from] ability: Grassy Surge|[of] p1a: Rillaboom\n|-activate|p2a: Kingambit|ability: Supreme Overlord\n|-start|p2a: Kingambit|fallen3|[silent]\n|turn|18\n|inactive|Penter has 60 seconds left.\n|\n|t:|1700059581\n|-end|p2a: Kingambit|fallen3|[silent]\n|switch|p2a: Hatterene|Hatterene, F|100\/100\n|-enditem|p2a: Hatterene|Grassy Seed\n|-boost|p2a: Hatterene|def|1|[from] item: Grassy Seed\n|move|p1a: Rillaboom|Swords Dance|p1a: Rillaboom\n|-boost|p1a: Rillaboom|atk|2\n|\n|-sideend|p1: ZxBLADe|Reflect\n|upkeep\n|turn|19\n|\n|t:|1700059587\n|move|p1a: Rillaboom|Wood Hammer|p2a: Hatterene\n|-damage|p2a: Hatterene|0 fnt\n|faint|p2a: Hatterene\n|-damage|p1a: Rillaboom|70\/100|[from] Recoil\n|-damage|p1a: Rillaboom|60\/100|[from] item: Life Orb\n|\n|-heal|p1a: Rillaboom|66\/100|[from] Grassy Terrain\n|upkeep\n|\n|t:|1700059594\n|switch|p2a: Kingambit|Kingambit, F|95\/100\n|-activate|p2a: Kingambit|ability: Supreme Overlord\n|-start|p2a: Kingambit|fallen4|[silent]\n|turn|20\n|\n|t:|1700059603\n|move|p1a: Rillaboom|Grassy Glide|p2a: Kingambit\n|-resisted|p2a: Kingambit\n|-damage|p2a: Kingambit|57\/100\n|-damage|p1a: Rillaboom|56\/100|[from] item: Life Orb\n|move|p2a: Kingambit|Kowtow Cleave|p1a: Rillaboom\n|-damage|p1a: Rillaboom|0 fnt\n|faint|p1a: Rillaboom\n|\n|-heal|p2a: Kingambit|63\/100|[from] Grassy Terrain\n|upkeep\n|\n|t:|1700059607\n|switch|p1a: Gholdengo|Gholdengo|100\/100\n|turn|21\n|\n|t:|1700059621\n|move|p2a: Kingambit|Sucker Punch||[still]\n|-fail|p2a: Kingambit\n|move|p1a: Gholdengo|Substitute|p1a: Gholdengo\n|-start|p1a: Gholdengo|Substitute\n|-damage|p1a: Gholdengo|75\/100\n|\n|-heal|p1a: Gholdengo|82\/100|[from] Grassy Terrain\n|-heal|p2a: Kingambit|69\/100|[from] Grassy Terrain\n|upkeep\n|turn|22\n|\n|t:|1700059631\n|move|p1a: Gholdengo|Focus Blast|p2a: Kingambit\n|-supereffective|p2a: Kingambit\n|-damage|p2a: Kingambit|0 fnt\n|faint|p2a: Kingambit\n|-end|p2a: Kingambit|fallen4|[silent]\n|\n|-heal|p1a: Gholdengo|88\/100|[from] Grassy Terrain\n|-fieldend|move: Grassy Terrain\n|upkeep\n|\n|t:|1700059633\n|switch|p2a: Manaphy|Manaphy|77\/100\n|turn|23\n|\n|t:|1700059640\n|move|p2a: Manaphy|Scald|p1a: Gholdengo\n|-crit|p1a: Gholdengo\n|-end|p1a: Gholdengo|Substitute\n|move|p1a: Gholdengo|Shadow Ball|p2a: Manaphy\n|-damage|p2a: Manaphy|38\/100\n|\n|-heal|p2a: Manaphy|44\/100|[from] item: Leftovers\n|upkeep\n|turn|24\n|\n|t:|1700059650\n|move|p2a: Manaphy|Scald|p1a: Gholdengo\n|-damage|p1a: Gholdengo|49\/100\n|-status|p1a: Gholdengo|brn\n|move|p1a: Gholdengo|Shadow Ball|p2a: Manaphy\n|-damage|p2a: Manaphy|7\/100\n|\n|-heal|p2a: Manaphy|13\/100|[from] item: Leftovers\n|-damage|p1a: Gholdengo|43\/100 brn|[from] brn\n|upkeep\n|turn|25\n|\n|t:|1700059657\n|move|p2a: Manaphy|Tera Blast|p1a: Gholdengo\n|-immune|p1a: Gholdengo\n|move|p1a: Gholdengo|Shadow Ball|p2a: Manaphy\n|-damage|p2a: Manaphy|0 fnt\n|faint|p2a: Manaphy\n|\n|win|ZxBLADe\n|n|\u2606ZxBLADe|zxblade\n|n|\u2606Penter|penter\n|n|*Lady Monita \u2746|ladymonita\n|n| This'llbeyourwin|thisllbeyourwin\n|l|*Lady Monita \u2746\n","uploadtime":1700059664,"views":4,"p1id":"zxblade","p2id":"penter","formatid":"gen9ou","rating":0,"private":0,"password":""}