{"id":"gen9ou-2000164632","p1":"JJJsepht","p2":"Guy Oh","format":"[Gen 9] OU","log":"|j|\u203dJJJsepht\n|j|\u203dGuy Oh\n|t:|1701165834\n|gametype|singles\n|player|p1|JJJsepht|marshal|\n|player|p2|Guy Oh|boarder|\n|teamsize|p1|6\n|teamsize|p2|6\n|gen|9\n|tier|[Gen 9] OU\n|rule|Sleep Clause Mod: Limit one foe put to sleep\n|rule|Species Clause: Limit one of each Pok\u00e9mon\n|rule|OHKO Clause: OHKO moves are banned\n|rule|Evasion Items Clause: Evasion items are banned\n|rule|Evasion Moves Clause: Evasion moves are banned\n|rule|Endless Battle Clause: Forcing endless battles is banned\n|rule|HP Percentage Mod: HP is shown in percentages\n|clearpoke\n|poke|p1|Pelipper, M|\n|poke|p1|Barraskewda, M|\n|poke|p1|Great Tusk|\n|poke|p1|Amoonguss, M|\n|poke|p1|Kingambit, F|\n|poke|p1|Rotom-Frost|\n|poke|p2|Slowking-Galar, F|\n|poke|p2|Kingambit, F|\n|poke|p2|Great Tusk|\n|poke|p2|Amoonguss, M|\n|poke|p2|Enamorus, F|\n|poke|p2|Gholdengo|\n|teampreview\n|\n|t:|1701165881\n|start\n|switch|p1a: Pelipper|Pelipper, M, shiny|100\/100\n|switch|p2a: Great Tusk|Great Tusk|100\/100\n|-weather|RainDance|[from] ability: Drizzle|[of] p1a: Pelipper\n|-enditem|p2a: Great Tusk|Booster Energy\n|-activate|p2a: Great Tusk|ability: Protosynthesis|[fromitem]\n|-start|p2a: Great Tusk|protosynthesisatk\n|turn|1\n|\n|t:|1701165896\n|-end|p2a: Great Tusk|Protosynthesis|[silent]\n|switch|p2a: Gholdengo|Gholdengo|100\/100\n|move|p1a: Pelipper|Surf|p2a: Gholdengo\n|-damage|p2a: Gholdengo|58\/100\n|\n|-weather|RainDance|[upkeep]\n|upkeep\n|turn|2\n|\n|t:|1701165915\n|move|p2a: Gholdengo|Shadow Ball|p1a: Pelipper\n|-damage|p1a: Pelipper|36\/100\n|move|p1a: Pelipper|U-turn|p2a: Gholdengo\n|-resisted|p2a: Gholdengo\n|-damage|p2a: Gholdengo|56\/100\n|\n|t:|1701165923\n|switch|p1a: Kingambit|Kingambit, F, shiny|100\/100|[from] U-turn\n|\n|-weather|RainDance|[upkeep]\n|upkeep\n|turn|3\n|\n|t:|1701165932\n|switch|p2a: Great Tusk|Great Tusk|100\/100\n|move|p1a: Kingambit|Sucker Punch||[still]\n|-fail|p1a: Kingambit\n|\n|-weather|RainDance|[upkeep]\n|upkeep\n|turn|4\n|\n|t:|1701165961\n|switch|p1a: Amoonguss|Amoonguss, M, shiny|100\/100\n|move|p2a: Great Tusk|Headlong Rush|p1a: Amoonguss\n|-damage|p1a: Amoonguss|37\/100\n|-unboost|p2a: Great Tusk|def|1\n|-unboost|p2a: Great Tusk|spd|1\n|-status|p2a: Great Tusk|slp|[from] ability: Effect Spore|[of] p1a: Amoonguss\n|\n|-weather|RainDance|[upkeep]\n|-heal|p1a: Amoonguss|43\/100|[from] item: Black Sludge\n|upkeep\n|turn|5\n|\n|t:|1701165971\n|cant|p2a: Great Tusk|slp\n|move|p1a: Amoonguss|Giga Drain|p2a: Great Tusk\n|-supereffective|p2a: Great Tusk\n|-damage|p2a: Great Tusk|0 fnt\n|-heal|p1a: Amoonguss|86\/100|[from] drain|[of] p2a: Great Tusk\n|faint|p2a: Great Tusk\n|-end|p2a: Great Tusk|Protosynthesis|[silent]\n|\n|-weather|RainDance|[upkeep]\n|-heal|p1a: Amoonguss|93\/100|[from] item: Black Sludge\n|upkeep\n|\n|t:|1701165993\n|switch|p2a: Enamorus|Enamorus, F|100\/100\n|turn|6\n|\n|t:|1701166015\n|switch|p1a: Rotom|Rotom-Frost, shiny|100\/100\n|move|p2a: Enamorus|Psychic|p1a: Rotom\n|-damage|p1a: Rotom|57\/100\n|\n|-weather|RainDance|[upkeep]\n|upkeep\n|turn|7\n|\n|t:|1701166040\n|-terastallize|p2a: Enamorus|Ground\n|move|p2a: Enamorus|Psychic|p1a: Rotom\n|-damage|p1a: Rotom|12\/100\n|move|p1a: Rotom|Thunder|p2a: Enamorus\n|-immune|p2a: Enamorus\n|\n|-weather|RainDance|[upkeep]\n|upkeep\n|turn|8\n|\n|t:|1701166059\n|move|p2a: Enamorus|Psychic|p1a: Rotom\n|-damage|p1a: Rotom|0 fnt\n|faint|p1a: Rotom\n|\n|-weather|none\n|upkeep\n|\n|t:|1701166077\n|switch|p1a: Kingambit|Kingambit, F, shiny|100\/100\n|turn|9\n|\n|t:|1701166095\n|switch|p2a: Amoonguss|Amoonguss, M|100\/100\n|move|p1a: Kingambit|Iron Head|p2a: Amoonguss\n|-damage|p2a: Amoonguss|63\/100\n|\n|-heal|p2a: Amoonguss|69\/100|[from] item: Leftovers\n|upkeep\n|turn|10\n|\n|t:|1701166113\n|switch|p1a: Great Tusk|Great Tusk, shiny|100\/100\n|move|p2a: Amoonguss|Spore|p1a: Great Tusk\n|-status|p1a: Great Tusk|slp|[from] move: Spore\n|\n|-heal|p2a: Amoonguss|75\/100|[from] item: Leftovers\n|upkeep\n|turn|11\n|\n|t:|1701166124\n|-end|p1a: Great Tusk|Protosynthesis|[silent]\n|switch|p1a: Barraskewda|Barraskewda, M, shiny|100\/100\n|move|p2a: Amoonguss|Giga Drain|p1a: Barraskewda\n|-supereffective|p1a: Barraskewda\n|-damage|p1a: Barraskewda|0 fnt\n|-heal|p2a: Amoonguss|100\/100|[from] drain|[of] p1a: Barraskewda\n|faint|p1a: Barraskewda\n|\n|upkeep\n|\n|t:|1701166134\n|switch|p1a: Kingambit|Kingambit, F, shiny|100\/100\n|turn|12\n|\n|t:|1701166140\n|move|p1a: Kingambit|Swords Dance|p1a: Kingambit\n|-boost|p1a: Kingambit|atk|2\n|move|p2a: Amoonguss|Spore|p1a: Kingambit\n|-message|Sleep Clause Mod activated.\n|-hint|Sleep Clause Mod prevents players from putting more than one of their opponent's Pok\u00e9mon to sleep at a time\n|\n|upkeep\n|turn|13\n|\n|t:|1701166158\n|switch|p2a: Enamorus|Enamorus, F, tera:Ground|100\/100\n|move|p1a: Kingambit|Sucker Punch||[still]\n|-fail|p1a: Kingambit\n|\n|upkeep\n|turn|14\n|\n|t:|1701166178\n|move|p2a: Enamorus|Earth Power|p1a: Kingambit\n|-supereffective|p1a: Kingambit\n|-damage|p1a: Kingambit|0 fnt\n|faint|p1a: Kingambit\n|\n|upkeep\n|\n|t:|1701166201\n|switch|p1a: Pelipper|Pelipper, M, shiny|36\/100\n|-weather|RainDance|[from] ability: Drizzle|[of] p1a: Pelipper\n|turn|15\n|\n|t:|1701166211\n|switch|p2a: Gholdengo|Gholdengo|56\/100\n|move|p1a: Pelipper|Surf|p2a: Gholdengo\n|-damage|p2a: Gholdengo|15\/100\n|-enditem|p2a: Gholdengo|Aguav Berry|[eat]\n|-heal|p2a: Gholdengo|48\/100|[from] item: Aguav Berry\n|\n|-weather|RainDance|[upkeep]\n|upkeep\n|turn|16\n|\n|t:|1701166220\n|move|p2a: Gholdengo|Recover|p2a: Gholdengo\n|-heal|p2a: Gholdengo|98\/100\n|move|p1a: Pelipper|Roost|p1a: Pelipper\n|-heal|p1a: Pelipper|86\/100\n|-singleturn|p1a: Pelipper|move: Roost\n|\n|-weather|RainDance|[upkeep]\n|upkeep\n|turn|17\n|\n|t:|1701166228\n|move|p2a: Gholdengo|Nasty Plot|p2a: Gholdengo\n|-boost|p2a: Gholdengo|spa|2\n|move|p1a: Pelipper|Surf|p2a: Gholdengo\n|-damage|p2a: Gholdengo|53\/100\n|\n|-weather|RainDance|[upkeep]\n|upkeep\n|turn|18\n|\n|t:|1701166236\n|move|p2a: Gholdengo|Recover|p2a: Gholdengo\n|-heal|p2a: Gholdengo|100\/100\n|move|p1a: Pelipper|Surf|p2a: Gholdengo\n|-damage|p2a: Gholdengo|59\/100\n|\n|-weather|RainDance|[upkeep]\n|upkeep\n|turn|19\n|\n|t:|1701166244\n|move|p2a: Gholdengo|Recover|p2a: Gholdengo\n|-heal|p2a: Gholdengo|100\/100\n|move|p1a: Pelipper|Hurricane|p2a: Gholdengo\n|-resisted|p2a: Gholdengo\n|-damage|p2a: Gholdengo|83\/100\n|-start|p2a: Gholdengo|confusion\n|\n|-weather|RainDance|[upkeep]\n|upkeep\n|turn|20\n|\n|t:|1701166257\n|-activate|p2a: Gholdengo|confusion\n|move|p2a: Gholdengo|Shadow Ball|p1a: Pelipper\n|-damage|p1a: Pelipper|0 fnt\n|faint|p1a: Pelipper\n|\n|-weather|RainDance|[upkeep]\n|upkeep\n|\n|t:|1701166265\n|switch|p1a: Amoonguss|Amoonguss, M, shiny|93\/100\n|turn|21\n|\n|t:|1701166280\n|-activate|p2a: Gholdengo|confusion\n|move|p2a: Gholdengo|Make It Rain|p1a: Amoonguss\n|-damage|p1a: Amoonguss|0 fnt\n|-unboost|p2a: Gholdengo|spa|1\n|faint|p1a: Amoonguss\n|\n|-weather|RainDance|[upkeep]\n|upkeep\n|\n|t:|1701166288\n|switch|p1a: Great Tusk|Great Tusk, shiny|100\/100 slp\n|turn|22\n|\n|t:|1701166301\n|switch|p2a: Amoonguss|Amoonguss, M|100\/100\n|cant|p1a: Great Tusk|slp\n|\n|-weather|none\n|upkeep\n|turn|23\n|-message|JJJsepht forfeited.\n|\n|win|Guy Oh\n|l|\u203dJJJsepht\n","uploadtime":1701166310,"views":12,"p1id":"jjjsepht","p2id":"guyoh","formatid":"gen9ou","rating":0,"private":0,"password":""}