{"id":"gen9ou-1996364415","p1":"nephilimuscat","p2":"Pokefous","format":"[Gen 9] OU","log":"|j|\u2606nephilimuscat\n|j|\u2606Pokefous\n|t:|1700675006\n|gametype|singles\n|player|p1|nephilimuscat|policeman-gen4|\n|player|p2|Pokefous|cynthia|\n|teamsize|p1|6\n|teamsize|p2|6\n|gen|9\n|tier|[Gen 9] OU\n|rule|Sleep Clause Mod: Limit one foe put to sleep\n|rule|Species Clause: Limit one of each Pok\u00e9mon\n|rule|OHKO Clause: OHKO moves are banned\n|rule|Evasion Items Clause: Evasion items are banned\n|rule|Evasion Moves Clause: Evasion moves are banned\n|rule|Endless Battle Clause: Forcing endless battles is banned\n|rule|HP Percentage Mod: HP is shown in percentages\n|clearpoke\n|poke|p1|Ribombee, F|\n|poke|p1|Dragonite, M|\n|poke|p1|Great Tusk|\n|poke|p1|Iron Moth|\n|poke|p1|Kingambit, M|\n|poke|p1|Gholdengo|\n|poke|p2|Politoed, F|\n|poke|p2|Greninja-*, M|\n|poke|p2|Landorus-Therian, M|\n|poke|p2|Rillaboom, M|\n|poke|p2|Basculegion, M|\n|poke|p2|Iron Jugulis|\n|teampreview\n|inactive|Battle timer is ON: inactive players will automatically lose when time's up. (requested by Pokefous)\n|c|\u2606nephilimuscat|joue plut\u00f4t peliper!\n|inactive|nephilimuscat has 270 seconds left.\n|c|\u2606Pokefous|C sur coup critique\n|c|\u2606nephilimuscat|je suis le king des faute d'orthographe!\n|c|\u2606Pokefous|Ui\n|c|\u2606nephilimuscat|ok\n|inactive|nephilimuscat has 240 seconds left.\n|\n|t:|1700675068\n|start\n|switch|p1a: Abaille ou ...|Ribombee, F, shiny|100\/100\n|switch|p2a: Landorus|Landorus-Therian, M|100\/100\n|-ability|p2a: Landorus|Intimidate|boost\n|-unboost|p1a: Abaille ou ...|atk|1\n|turn|1\n|c|\u2606nephilimuscat|t'es bizare!\n|\n|t:|1700675078\n|move|p1a: Abaille ou ...|Sticky Web|p2a: Landorus\n|-sidestart|p2: Pokefous|move: Sticky Web\n|move|p2a: Landorus|Stealth Rock|p1a: Abaille ou ...\n|-sidestart|p1: nephilimuscat|move: Stealth Rock\n|\n|upkeep\n|turn|2\n|c|\u2606nephilimuscat|le lando est pas scarf!*\n|\n|t:|1700675095\n|move|p1a: Abaille ou ...|Stun Spore|p2a: Landorus\n|-status|p2a: Landorus|par\n|cant|p2a: Landorus|par\n|\n|upkeep\n|turn|3\n|\n|t:|1700675119\n|switch|p1a: Phampy|Great Tusk, shiny|100\/100\n|move|p2a: Landorus|Smack Down|p1a: Phampy\n|-resisted|p1a: Phampy\n|-damage|p1a: Phampy|98\/100\n|\n|upkeep\n|turn|4\n|\n|t:|1700675143\n|switch|p2a: Politoed|Politoed, F|100\/100\n|-activate|p2a: Politoed|move: Sticky Web\n|-unboost|p2a: Politoed|spe|1\n|-weather|RainDance|[from] ability: Drizzle|[of] p2a: Politoed\n|move|p1a: Phampy|Ice Spinner|p2a: Politoed\n|-resisted|p2a: Politoed\n|-damage|p2a: Politoed|84\/100\n|\n|-weather|RainDance|[upkeep]\n|upkeep\n|turn|5\n|\n|t:|1700675155\n|move|p1a: Phampy|Rapid Spin|p2a: Politoed\n|-damage|p2a: Politoed|65\/100\n|-boost|p1a: Phampy|spe|1\n|-sideend|p1: nephilimuscat|Stealth Rock|[from] move: Rapid Spin|[of] p1a: Phampy\n|move|p2a: Politoed|Hypnosis|p1a: Phampy|[miss]\n|-miss|p2a: Politoed|p1a: Phampy\n|\n|-weather|RainDance|[upkeep]\n|upkeep\n|turn|6\n|c|\u2606Pokefous|Le Haxx!!!!\n|\n|t:|1700675176\n|move|p1a: Phampy|Knock Off|p2a: Politoed\n|-damage|p2a: Politoed|28\/100\n|-enditem|p2a: Politoed|Damp Rock|[from] move: Knock Off|[of] p1a: Phampy\n|move|p2a: Politoed|Hypnosis|p1a: Phampy\n|-status|p1a: Phampy|slp|[from] move: Hypnosis\n|\n|-weather|RainDance|[upkeep]\n|upkeep\n|turn|7\n|c|\u2606nephilimuscat|he he\n|\n|t:|1700675187\n|cant|p1a: Phampy|slp\n|move|p2a: Politoed|Surf|p1a: Phampy\n|-supereffective|p1a: Phampy\n|-damage|p1a: Phampy|0 fnt\n|faint|p1a: Phampy\n|-end|p1a: Phampy|Protosynthesis|[silent]\n|\n|-weather|RainDance|[upkeep]\n|upkeep\n|inactive|nephilimuscat has 270 seconds left.\n|c|\u2606nephilimuscat|c'est maintenant que tu me kill!\n|\n|t:|1700675214\n|switch|p1a: Nyoonnnn|Dragonite, M, shiny|100\/100\n|turn|8\n|\n|t:|1700675222\n|move|p1a: Nyoonnnn|Dragon Dance|p1a: Nyoonnnn\n|-boost|p1a: Nyoonnnn|atk|1\n|-boost|p1a: Nyoonnnn|spe|1\n|move|p2a: Politoed|Hypnosis|p1a: Nyoonnnn\n|-status|p1a: Nyoonnnn|slp|[from] move: Hypnosis\n|\n|-weather|RainDance|[upkeep]\n|upkeep\n|turn|9\n|inactive|nephilimuscat has 270 seconds left.\n|\n|t:|1700675234\n|switch|p2a: Greninja|Greninja, M|100\/100\n|-activate|p2a: Greninja|move: Sticky Web\n|-unboost|p2a: Greninja|spe|1\n|cant|p1a: Nyoonnnn|slp\n|\n|-weather|RainDance|[upkeep]\n|upkeep\n|turn|10\n|inactive|nephilimuscat has 270 seconds left.\n|\n|t:|1700675243\n|-curestatus|p1a: Nyoonnnn|slp|[msg]\n|move|p1a: Nyoonnnn|Dragon Dance|p1a: Nyoonnnn\n|-boost|p1a: Nyoonnnn|atk|1\n|-boost|p1a: Nyoonnnn|spe|1\n|move|p2a: Greninja|Ice Beam|p1a: Nyoonnnn\n|-supereffective|p1a: Nyoonnnn\n|-damage|p1a: Nyoonnnn|30\/100\n|-damage|p2a: Greninja|91\/100|[from] item: Life Orb\n|\n|-weather|RainDance|[upkeep]\n|-heal|p1a: Nyoonnnn|36\/100|[from] item: Leftovers\n|upkeep\n|turn|11\n|c|\u2606nephilimuscat|he he!\n|inactive|nephilimuscat has 270 seconds left.\n|c|\u2606Pokefous|Je d\u00e9teste ma vie\n|\n|t:|1700675272\n|move|p1a: Nyoonnnn|Extreme Speed|p2a: Greninja\n|-damage|p2a: Greninja|0 fnt\n|faint|p2a: Greninja\n|\n|-weather|none\n|-heal|p1a: Nyoonnnn|43\/100|[from] item: Leftovers\n|upkeep\n|\n|t:|1700675280\n|switch|p2a: Iron Jugulis|Iron Jugulis|100\/100\n|-enditem|p2a: Iron Jugulis|Booster Energy\n|-activate|p2a: Iron Jugulis|ability: Quark Drive|[fromitem]\n|-start|p2a: Iron Jugulis|quarkdrivespe\n|turn|12\n|c|\u2606nephilimuscat|nyoonnnn\n|inactive|nephilimuscat has 270 seconds left.\n|\n|t:|1700675293\n|move|p2a: Iron Jugulis|Knock Off|p1a: Nyoonnnn\n|-damage|p1a: Nyoonnnn|13\/100\n|-enditem|p1a: Nyoonnnn|Leftovers|[from] move: Knock Off|[of] p2a: Iron Jugulis\n|move|p1a: Nyoonnnn|Ice Spinner|p2a: Iron Jugulis\n|-supereffective|p2a: Iron Jugulis\n|-damage|p2a: Iron Jugulis|0 fnt\n|faint|p2a: Iron Jugulis\n|-end|p2a: Iron Jugulis|Quark Drive|[silent]\n|\n|upkeep\n|\n|t:|1700675306\n|switch|p2a: Rillaboom|Rillaboom, M|100\/100\n|-activate|p2a: Rillaboom|move: Sticky Web\n|-unboost|p2a: Rillaboom|spe|1\n|-fieldstart|move: Grassy Terrain|[from] ability: Grassy Surge|[of] p2a: Rillaboom\n|turn|13\n|c|\u2606nephilimuscat|sweep!!!\n|\n|t:|1700675315\n|-terastallize|p2a: Rillaboom|Grass\n|move|p2a: Rillaboom|Grassy Glide|p1a: Nyoonnnn\n|-resisted|p1a: Nyoonnnn\n|-damage|p1a: Nyoonnnn|0 fnt\n|faint|p1a: Nyoonnnn\n|\n|upkeep\n|inactive|nephilimuscat has 270 seconds left.\n|c|\u2606Pokefous|Enfiiiiin\n|c|\u2606nephilimuscat|t'avais pas besoin de terra!\n|\n|t:|1700675337\n|switch|p1a: Iron Moth|Iron Moth, shiny|100\/100\n|-enditem|p1a: Iron Moth|Booster Energy\n|-activate|p1a: Iron Moth|ability: Quark Drive|[fromitem]\n|-start|p1a: Iron Moth|quarkdrivespe\n|turn|14\n|c|\u2606Pokefous|Si double r\u00e9sistance\n|\n|t:|1700675359\n|switch|p2a: Basculegion|Basculegion, M|100\/100\n|-activate|p2a: Basculegion|move: Sticky Web\n|-unboost|p2a: Basculegion|spe|1\n|move|p1a: Iron Moth|Fiery Dance|p2a: Basculegion\n|-resisted|p2a: Basculegion\n|-damage|p2a: Basculegion|79\/100\n|\n|-heal|p2a: Basculegion|85\/100|[from] Grassy Terrain\n|upkeep\n|turn|15\n|inactive|nephilimuscat has 270 seconds left.\n|c|\u2606nephilimuscat|et\n|c|\u2606nephilimuscat|???\n|inactive|nephilimuscat has 240 seconds left.\n|\n|t:|1700675397\n|-terastallize|p1a: Iron Moth|Fairy\n|move|p1a: Iron Moth|Fiery Dance|p2a: Basculegion\n|-resisted|p2a: Basculegion\n|-damage|p2a: Basculegion|62\/100\n|-boost|p1a: Iron Moth|spa|1\n|move|p2a: Basculegion|Wave Crash|p1a: Iron Moth\n|-damage|p1a: Iron Moth|0 fnt\n|faint|p1a: Iron Moth\n|-end|p1a: Iron Moth|Quark Drive|[silent]\n|-damage|p2a: Basculegion|33\/100|[from] Recoil\n|\n|-heal|p2a: Basculegion|39\/100|[from] Grassy Terrain\n|upkeep\n|inactive|nephilimuscat has 240 seconds left.\n|c|\u2606nephilimuscat|AH\n|c|\u2606Pokefous|T\u00e9ra pour rien\n|\n|t:|1700675419\n|switch|p1a: Gros mago|Gholdengo, shiny|100\/100\n|turn|16\n|\n|t:|1700675428\n|switch|p2a: Politoed|Politoed, F|28\/100\n|-activate|p2a: Politoed|move: Sticky Web\n|-unboost|p2a: Politoed|spe|1\n|-weather|RainDance|[from] ability: Drizzle|[of] p2a: Politoed\n|move|p1a: Gros mago|Shadow Ball|p2a: Politoed\n|-damage|p2a: Politoed|0 fnt\n|faint|p2a: Politoed\n|\n|-weather|RainDance|[upkeep]\n|upkeep\n|c|\u2606nephilimuscat|kill\n|\n|t:|1700675442\n|switch|p2a: Landorus|Landorus-Therian, M|100\/100 par\n|-ability|p2a: Landorus|Intimidate|boost\n|-unboost|p1a: Gros mago|atk|1\n|turn|17\n|\n|t:|1700675448\n|move|p1a: Gros mago|Shadow Ball|p2a: Landorus\n|-damage|p2a: Landorus|53\/100 par\n|-enditem|p2a: Landorus|Eject Button\n|\n|t:|1700675454\n|switch|p2a: Basculegion|Basculegion, M|39\/100\n|-activate|p2a: Basculegion|move: Sticky Web\n|-unboost|p2a: Basculegion|spe|1\n|\n|-weather|RainDance|[upkeep]\n|-heal|p2a: Basculegion|45\/100|[from] Grassy Terrain\n|-fieldend|move: Grassy Terrain\n|upkeep\n|turn|18\n|inactive|nephilimuscat has 240 seconds left.\n|\n|t:|1700675474\n|move|p1a: Gros mago|Shadow Ball|p2a: Basculegion\n|-supereffective|p2a: Basculegion\n|-damage|p2a: Basculegion|0 fnt\n|faint|p2a: Basculegion\n|\n|-weather|RainDance|[upkeep]\n|upkeep\n|c|\u2606nephilimuscat|scarf\n|\n|t:|1700675481\n|switch|p2a: Landorus|Landorus-Therian, M|53\/100 par\n|-ability|p2a: Landorus|Intimidate|boost\n|-unboost|p1a: Gros mago|atk|1\n|turn|19\n|c|\u2606nephilimuscat|je tape sur le spe\n|\n|t:|1700675494\n|move|p1a: Gros mago|Shadow Ball|p2a: Landorus\n|-damage|p2a: Landorus|0 fnt\n|faint|p2a: Landorus\n|\n|-weather|RainDance|[upkeep]\n|upkeep\n|\n|t:|1700675502\n|switch|p2a: Rillaboom|Rillaboom, M, tera:Grass|100\/100\n|-activate|p2a: Rillaboom|move: Sticky Web\n|-unboost|p2a: Rillaboom|spe|1\n|-fieldstart|move: Grassy Terrain|[from] ability: Grassy Surge|[of] p2a: Rillaboom\n|turn|20\n|c|\u2606nephilimuscat|swep de scarf!\n|c|\u2606nephilimuscat|resistance grassy\n|\n|t:|1700675519\n|move|p1a: Gros mago|Shadow Ball|p2a: Rillaboom\n|-damage|p2a: Rillaboom|50\/100\n|move|p2a: Rillaboom|Knock Off|p1a: Gros mago\n|-supereffective|p1a: Gros mago\n|-damage|p1a: Gros mago|0 fnt\n|-enditem|p1a: Gros mago|Choice Scarf|[from] move: Knock Off|[of] p2a: Rillaboom\n|faint|p1a: Gros mago\n|\n|-weather|none\n|-heal|p2a: Rillaboom|57\/100|[from] Grassy Terrain\n|upkeep\n|inactive|nephilimuscat has 240 seconds left.\n|c|\u2606nephilimuscat|how un kill\n|\n|t:|1700675532\n|switch|p1a: Abaille ou ...|Ribombee, F, shiny|100\/100\n|turn|21\n|\n|t:|1700675537\n|move|p1a: Abaille ou ...|Moonblast|p2a: Rillaboom\n|-damage|p2a: Rillaboom|10\/100\n|move|p2a: Rillaboom|Knock Off|p1a: Abaille ou ...\n|-resisted|p1a: Abaille ou ...\n|-damage|p1a: Abaille ou ...|47\/100\n|-enditem|p1a: Abaille ou ...|Focus Sash|[from] move: Knock Off|[of] p2a: Rillaboom\n|\n|-heal|p1a: Abaille ou ...|54\/100|[from] Grassy Terrain\n|-heal|p2a: Rillaboom|16\/100|[from] Grassy Terrain\n|upkeep\n|turn|22\n|c|\u2606nephilimuscat|bandeau choix?\n|\n|t:|1700675556\n|move|p1a: Abaille ou ...|Moonblast|p2a: Rillaboom\n|-damage|p2a: Rillaboom|0 fnt\n|faint|p2a: Rillaboom\n|\n|win|nephilimuscat\n","uploadtime":1700675563,"views":2,"p1id":"nephilimuscat","p2id":"pokefous","formatid":"gen9ou","rating":0,"private":0,"password":""}