{"id":"gen9ou-1999534852","p1":"Hamish221","p2":"BrooklynSavage","format":"[Gen 9] OU","log":"|j|\u2606Hamish221\n|j|\u2606BrooklynSavage\n|t:|1701093548\n|gametype|singles\n|player|p1|Hamish221|n-masters|1246\n|player|p2|BrooklynSavage|101|1190\n|teamsize|p1|6\n|teamsize|p2|6\n|gen|9\n|tier|[Gen 9] OU\n|rated|\n|rule|Sleep Clause Mod: Limit one foe put to sleep\n|rule|Species Clause: Limit one of each Pok\u00e9mon\n|rule|OHKO Clause: OHKO moves are banned\n|rule|Evasion Items Clause: Evasion items are banned\n|rule|Evasion Moves Clause: Evasion moves are banned\n|rule|Endless Battle Clause: Forcing endless battles is banned\n|rule|HP Percentage Mod: HP is shown in percentages\n|clearpoke\n|poke|p1|Kingambit, M|\n|poke|p1|Glimmora, F|\n|poke|p1|Iron Valiant|\n|poke|p1|Gholdengo|\n|poke|p1|Great Tusk|\n|poke|p1|Garchomp, M|\n|poke|p2|Pikachu-Hoenn, M|\n|poke|p2|Alomomola, F|\n|poke|p2|Lucario, F|\n|poke|p2|Arboliva, M|\n|poke|p2|Arcanine-Hisui, F|\n|poke|p2|Altaria, F|\n|teampreview\n|inactive|Battle timer is ON: inactive players will automatically lose when time's up. (requested by Hamish221)\n|c|\u2606BrooklynSavage|Glhf friend\n|inactive|BrooklynSavage has 120 seconds left.\n|\n|t:|1701093610\n|start\n|switch|p1a: Glimmora|Glimmora, F|100\/100\n|switch|p2a: Alomomola|Alomomola, F|100\/100\n|turn|1\n|\n|t:|1701093616\n|-terastallize|p2a: Alomomola|Poison\n|move|p1a: Glimmora|Stealth Rock|p2a: Alomomola\n|-sidestart|p2: BrooklynSavage|move: Stealth Rock\n|move|p2a: Alomomola|Tickle|p1a: Glimmora\n|-unboost|p1a: Glimmora|atk|1\n|-unboost|p1a: Glimmora|def|1\n|\n|upkeep\n|turn|2\n|\n|t:|1701093623\n|move|p1a: Glimmora|Power Gem|p2a: Alomomola\n|-damage|p2a: Alomomola|53\/100\n|move|p2a: Alomomola|Flip Turn|p1a: Glimmora\n|-supereffective|p1a: Glimmora\n|-damage|p1a: Glimmora|45\/100\n|-activate|p1a: Glimmora|ability: Toxic Debris\n|-sidestart|p2: BrooklynSavage|move: Toxic Spikes\n|\n|t:|1701093638\n|switch|p2a: Lucario|Lucario, F|100\/100|[from] Flip Turn\n|-damage|p2a: Lucario|98\/100|[from] Stealth Rock\n|\n|upkeep\n|turn|3\n|\n|t:|1701093652\n|move|p2a: Lucario|Swords Dance|p2a: Lucario\n|-boost|p2a: Lucario|atk|2\n|move|p1a: Glimmora|Power Gem|p2a: Lucario\n|-resisted|p2a: Lucario\n|-damage|p2a: Lucario|81\/100\n|\n|upkeep\n|turn|4\n|\n|t:|1701093661\n|move|p2a: Lucario|Swords Dance|p2a: Lucario\n|-boost|p2a: Lucario|atk|2\n|move|p1a: Glimmora|Power Gem|p2a: Lucario\n|-resisted|p2a: Lucario\n|-damage|p2a: Lucario|63\/100\n|\n|upkeep\n|turn|5\n|\n|t:|1701093675\n|move|p2a: Lucario|Swords Dance|p2a: Lucario\n|-boost|p2a: Lucario|atk|2\n|move|p1a: Glimmora|Power Gem|p2a: Lucario\n|-resisted|p2a: Lucario\n|-damage|p2a: Lucario|46\/100\n|\n|upkeep\n|turn|6\n|\n|t:|1701093681\n|move|p2a: Lucario|Close Combat|p1a: Glimmora\n|-damage|p1a: Glimmora|0 fnt\n|-unboost|p2a: Lucario|def|1\n|-unboost|p2a: Lucario|spd|1\n|-activate|p1a: Glimmora|ability: Toxic Debris\n|-sidestart|p2: BrooklynSavage|move: Toxic Spikes\n|faint|p1a: Glimmora\n|\n|upkeep\n|\n|t:|1701093692\n|switch|p1a: Iron Valiant|Iron Valiant|100\/100\n|-enditem|p1a: Iron Valiant|Booster Energy\n|-activate|p1a: Iron Valiant|ability: Quark Drive|[fromitem]\n|-start|p1a: Iron Valiant|quarkdrivespe\n|turn|7\n|\n|t:|1701093698\n|move|p2a: Lucario|Extreme Speed|p1a: Iron Valiant\n|-damage|p1a: Iron Valiant|0 fnt\n|faint|p1a: Iron Valiant\n|-end|p1a: Iron Valiant|Quark Drive|[silent]\n|\n|upkeep\n|\n|t:|1701093709\n|switch|p1a: Gholdengo|Gholdengo|100\/100\n|turn|8\n|\n|t:|1701093715\n|move|p2a: Lucario|Crunch|p1a: Gholdengo\n|-supereffective|p1a: Gholdengo\n|-damage|p1a: Gholdengo|0 fnt\n|faint|p1a: Gholdengo\n|\n|upkeep\n|\n|t:|1701093724\n|switch|p1a: Great Tusk|Great Tusk|100\/100\n|-enditem|p1a: Great Tusk|Booster Energy\n|-activate|p1a: Great Tusk|ability: Protosynthesis|[fromitem]\n|-start|p1a: Great Tusk|protosynthesisatk\n|turn|9\n|\n|t:|1701093737\n|move|p2a: Lucario|Close Combat|p1a: Great Tusk\n|-damage|p1a: Great Tusk|0 fnt\n|-unboost|p2a: Lucario|def|1\n|-unboost|p2a: Lucario|spd|1\n|faint|p1a: Great Tusk\n|-end|p1a: Great Tusk|Protosynthesis|[silent]\n|\n|upkeep\n|\n|t:|1701093743\n|switch|p1a: Kingambit|Kingambit, M|100\/100\n|-activate|p1a: Kingambit|ability: Supreme Overlord\n|-start|p1a: Kingambit|fallen4|[silent]\n|turn|10\n|\n|t:|1701093751\n|switch|p2a: Alomomola|Alomomola, F, tera:Poison|86\/100\n|-damage|p2a: Alomomola|74\/100|[from] Stealth Rock\n|-sideend|p2: BrooklynSavage|move: Toxic Spikes|[of] p2a: Alomomola\n|move|p1a: Kingambit|Sucker Punch||[still]\n|-fail|p1a: Kingambit\n|\n|upkeep\n|turn|11\n|\n|t:|1701093759\n|move|p1a: Kingambit|Kowtow Cleave|p2a: Alomomola\n|-damage|p2a: Alomomola|34\/100\n|-damage|p1a: Kingambit|84\/100|[from] item: Rocky Helmet|[of] p2a: Alomomola\n|move|p2a: Alomomola|Wish|p2a: Alomomola\n|\n|upkeep\n|turn|12\n|\n|t:|1701093766\n|-end|p1a: Kingambit|fallen4|[silent]\n|switch|p1a: Garchomp|Garchomp, M|100\/100\n|move|p2a: Alomomola|Protect||[still]\n|-fail|p2a: Alomomola\n|\n|-heal|p2a: Alomomola|84\/100|[from] move: Wish|[wisher] Alomomola\n|upkeep\n|turn|13\n|\n|t:|1701093775\n|move|p1a: Garchomp|Earthquake|p2a: Alomomola\n|-supereffective|p2a: Alomomola\n|-damage|p2a: Alomomola|40\/100\n|move|p2a: Alomomola|Tickle|p1a: Garchomp\n|-unboost|p1a: Garchomp|atk|1\n|-unboost|p1a: Garchomp|def|1\n|\n|upkeep\n|turn|14\n|\n|t:|1701093782\n|move|p1a: Garchomp|Earthquake|p2a: Alomomola\n|-supereffective|p2a: Alomomola\n|-damage|p2a: Alomomola|11\/100\n|move|p2a: Alomomola|Wish|p2a: Alomomola\n|\n|upkeep\n|turn|15\n|\n|t:|1701093787\n|switch|p1a: Kingambit|Kingambit, M|84\/100\n|-activate|p1a: Kingambit|ability: Supreme Overlord\n|-start|p1a: Kingambit|fallen4|[silent]\n|move|p2a: Alomomola|Protect||[still]\n|-fail|p2a: Alomomola\n|\n|-heal|p2a: Alomomola|61\/100|[from] move: Wish|[wisher] Alomomola\n|upkeep\n|turn|16\n|-message|Hamish221 forfeited.\n|\n|win|BrooklynSavage\n|raw|Hamish221's rating: 1246 &rarr; <strong>1217<\/strong><br \/>(-29 for losing)\n|raw|BrooklynSavage's rating: 1190 &rarr; <strong>1219<\/strong><br \/>(+29 for winning)\n|l|\u2606Hamish221\n","uploadtime":1701093799,"views":2,"p1id":"hamish221","p2id":"brooklynsavage","formatid":"gen9ou","rating":1217,"private":0,"password":""}