{"id":"gen9ou-1994105052","p1":"har0tt","p2":"Z-pokemaster2000","format":"[Gen 9] OU","log":"|j|\u2606har0tt\n|j|\u2606Z-pokemaster2000\n|t:|1700407430\n|gametype|singles\n|player|p1|har0tt|ghetsis-gen5bw|1802\n|player|p2|Z-pokemaster2000|veteran|1671\n|teamsize|p1|6\n|teamsize|p2|6\n|gen|9\n|tier|[Gen 9] OU\n|rated|\n|rule|Sleep Clause Mod: Limit one foe put to sleep\n|rule|Species Clause: Limit one of each Pok\u00e9mon\n|rule|OHKO Clause: OHKO moves are banned\n|rule|Evasion Items Clause: Evasion items are banned\n|rule|Evasion Moves Clause: Evasion moves are banned\n|rule|Endless Battle Clause: Forcing endless battles is banned\n|rule|HP Percentage Mod: HP is shown in percentages\n|clearpoke\n|poke|p1|Pelipper, M|\n|poke|p1|Volcanion|\n|poke|p1|Barraskewda, M|\n|poke|p1|Zapdos|\n|poke|p1|Corviknight, F|\n|poke|p1|Tornadus-Therian, M|\n|poke|p2|Okidogi, M|\n|poke|p2|Clefable, F|\n|poke|p2|Great Tusk|\n|poke|p2|Grimmsnarl, M|\n|poke|p2|Sinistcha-Masterpiece|\n|poke|p2|Ceruledge, M|\n|teampreview\n|inactive|Battle timer is ON: inactive players will automatically lose when time's up. (requested by Z-pokemaster2000)\n|inactive|har0tt also wants the timer to be on.\n|\n|t:|1700407445\n|start\n|switch|p1a: my besto friendo|Tornadus-Therian, M|100\/100\n|switch|p2a: Grimmsnarl|Grimmsnarl, M, shiny|100\/100\n|turn|1\n|\n|t:|1700407452\n|move|p2a: Grimmsnarl|Light Screen|p2a: Grimmsnarl\n|-sidestart|p2: Z-pokemaster2000|move: Light Screen\n|move|p1a: my besto friendo|Knock Off|p2a: Grimmsnarl\n|-resisted|p2a: Grimmsnarl\n|-damage|p2a: Grimmsnarl|96\/100\n|-enditem|p2a: Grimmsnarl|Light Clay|[from] move: Knock Off|[of] p1a: my besto friendo\n|\n|upkeep\n|turn|2\n|\n|t:|1700407459\n|move|p2a: Grimmsnarl|Reflect|p2a: Grimmsnarl\n|-sidestart|p2: Z-pokemaster2000|Reflect\n|move|p1a: my besto friendo|U-turn|p2a: Grimmsnarl\n|-damage|p2a: Grimmsnarl|89\/100\n|\n|t:|1700407461\n|switch|p1a: rodrigo de paul|Corviknight, F|100\/100|[from] U-turn\n|-ability|p1a: rodrigo de paul|Pressure\n|\n|upkeep\n|turn|3\n|\n|t:|1700407466\n|move|p2a: Grimmsnarl|Parting Shot|p1a: rodrigo de paul\n|-unboost|p1a: rodrigo de paul|atk|1\n|-unboost|p1a: rodrigo de paul|spa|1\n|\n|t:|1700407478\n|switch|p2a: Sinistcha|Sinistcha-Masterpiece|100\/100|[from] Parting Shot\n|move|p1a: rodrigo de paul|U-turn|p2a: Sinistcha\n|-damage|p2a: Sinistcha|97\/100\n|-enditem|p2a: Sinistcha|Kee Berry|[eat]\n|-boost|p2a: Sinistcha|def|1|[from] item: Kee Berry\n|\n|t:|1700407486\n|switch|p1a: bi-curious|Pelipper, M, shiny|100\/100|[from] U-turn\n|-weather|RainDance|[from] ability: Drizzle|[of] p1a: bi-curious\n|\n|-weather|RainDance|[upkeep]\n|upkeep\n|turn|4\n|\n|t:|1700407505\n|switch|p1a: my besto friendo|Tornadus-Therian, M|100\/100\n|-terastallize|p2a: Sinistcha|Steel\n|move|p2a: Sinistcha|Calm Mind|p2a: Sinistcha\n|-boost|p2a: Sinistcha|spa|1\n|-boost|p2a: Sinistcha|spd|1\n|\n|-weather|RainDance|[upkeep]\n|upkeep\n|turn|5\n|\n|t:|1700407511\n|move|p1a: my besto friendo|U-turn|p2a: Sinistcha\n|-resisted|p2a: Sinistcha\n|-damage|p2a: Sinistcha|96\/100\n|\n|t:|1700407513\n|switch|p1a: rodrigo de paul|Corviknight, F|100\/100|[from] U-turn\n|-ability|p1a: rodrigo de paul|Pressure\n|move|p2a: Sinistcha|Calm Mind|p2a: Sinistcha\n|-boost|p2a: Sinistcha|spa|1\n|-boost|p2a: Sinistcha|spd|1\n|\n|-weather|RainDance|[upkeep]\n|upkeep\n|turn|6\n|\n|t:|1700407519\n|move|p2a: Sinistcha|Calm Mind|p2a: Sinistcha\n|-boost|p2a: Sinistcha|spa|1\n|-boost|p2a: Sinistcha|spd|1\n|move|p1a: rodrigo de paul|Defog|p2a: Sinistcha\n|-unboost|p2a: Sinistcha|evasion|1\n|-sideend|p2: Z-pokemaster2000|Reflect\n|-sideend|p2: Z-pokemaster2000|move: Light Screen\n|\n|-weather|RainDance|[upkeep]\n|upkeep\n|turn|7\n|\n|t:|1700407525\n|move|p2a: Sinistcha|Matcha Gotcha|p1a: rodrigo de paul\n|-resisted|p1a: rodrigo de paul\n|-damage|p1a: rodrigo de paul|79\/100\n|-heal|p2a: Sinistcha|100\/100|[from] drain|[of] p1a: rodrigo de paul\n|move|p1a: rodrigo de paul|Body Press|p2a: Sinistcha\n|-supereffective|p2a: Sinistcha\n|-damage|p2a: Sinistcha|77\/100\n|\n|-weather|RainDance|[upkeep]\n|upkeep\n|turn|8\n|\n|t:|1700407531\n|move|p2a: Sinistcha|Strength Sap|p1a: rodrigo de paul\n|-unboost|p1a: rodrigo de paul|atk|1\n|-heal|p2a: Sinistcha|100\/100\n|move|p1a: rodrigo de paul|U-turn|p2a: Sinistcha\n|-resisted|p2a: Sinistcha\n|-damage|p2a: Sinistcha|98\/100\n|\n|t:|1700407535\n|switch|p1a: dont mute me mods|Barraskewda, M, shiny|100\/100|[from] U-turn\n|\n|-weather|RainDance|[upkeep]\n|upkeep\n|turn|9\n|\n|t:|1700407538\n|move|p1a: dont mute me mods|Flip Turn|p2a: Sinistcha\n|-damage|p2a: Sinistcha|66\/100\n|\n|t:|1700407551\n|switch|p1a: UBLAHAHGJAAH|Volcanion|100\/100|[from] Flip Turn\n|move|p2a: Sinistcha|Strength Sap|p1a: UBLAHAHGJAAH\n|-unboost|p1a: UBLAHAHGJAAH|atk|1\n|-heal|p2a: Sinistcha|100\/100\n|\n|-weather|RainDance|[upkeep]\n|upkeep\n|turn|10\n|\n|t:|1700407556\n|-terastallize|p1a: UBLAHAHGJAAH|Water\n|move|p1a: UBLAHAHGJAAH|Steam Eruption|p2a: Sinistcha\n|-damage|p2a: Sinistcha|9\/100\n|-status|p2a: Sinistcha|brn\n|move|p2a: Sinistcha|Matcha Gotcha|p1a: UBLAHAHGJAAH\n|-supereffective|p1a: UBLAHAHGJAAH\n|-damage|p1a: UBLAHAHGJAAH|0 fnt\n|-heal|p2a: Sinistcha|53\/100 brn|[from] drain|[of] p1a: UBLAHAHGJAAH\n|faint|p1a: UBLAHAHGJAAH\n|\n|-weather|none\n|-damage|p2a: Sinistcha|50\/100 brn|[from] brn\n|upkeep\n|\n|t:|1700407562\n|switch|p1a: dont mute me mods|Barraskewda, M, shiny|100\/100\n|turn|11\n|\n|t:|1700407565\n|move|p1a: dont mute me mods|Close Combat|p2a: Sinistcha\n|-supereffective|p2a: Sinistcha\n|-damage|p2a: Sinistcha|0 fnt\n|-unboost|p1a: dont mute me mods|def|1\n|-unboost|p1a: dont mute me mods|spd|1\n|faint|p2a: Sinistcha\n|\n|upkeep\n|\n|t:|1700407576\n|switch|p2a: Okidogi|Okidogi, M|100\/100\n|turn|12\n|\n|t:|1700407579\n|switch|p1a: rodrigo de paul|Corviknight, F|79\/100\n|-ability|p1a: rodrigo de paul|Pressure\n|move|p2a: Okidogi|Poison Fang|p1a: rodrigo de paul\n|-immune|p1a: rodrigo de paul\n|\n|upkeep\n|turn|13\n|\n|t:|1700407581\n|move|p2a: Okidogi|Drain Punch|p1a: rodrigo de paul\n|-damage|p1a: rodrigo de paul|52\/100\n|-damage|p2a: Okidogi|84\/100|[from] item: Rocky Helmet|[of] p1a: rodrigo de paul\n|move|p1a: rodrigo de paul|U-turn|p2a: Okidogi\n|-resisted|p2a: Okidogi\n|-damage|p2a: Okidogi|81\/100\n|\n|t:|1700407588\n|switch|p1a: dont mute me mods|Barraskewda, M, shiny|100\/100|[from] U-turn\n|\n|upkeep\n|turn|14\n|\n|t:|1700407592\n|move|p1a: dont mute me mods|Flip Turn|p2a: Okidogi\n|-damage|p2a: Okidogi|45\/100\n|\n|t:|1700407594\n|switch|p1a: bi-curious|Pelipper, M, shiny|100\/100|[from] Flip Turn\n|-weather|RainDance|[from] ability: Drizzle|[of] p1a: bi-curious\n|move|p2a: Okidogi|Drain Punch|p1a: bi-curious\n|-resisted|p1a: bi-curious\n|-damage|p1a: bi-curious|81\/100\n|-heal|p2a: Okidogi|52\/100|[from] drain|[of] p1a: bi-curious\n|-status|p1a: bi-curious|tox|[from] ability: Toxic Chain|[of] p2a: Okidogi\n|\n|-weather|RainDance|[upkeep]\n|-damage|p1a: bi-curious|75\/100 tox|[from] psn\n|upkeep\n|turn|15\n|j| I love Neco Arc\n|\n|t:|1700407610\n|move|p1a: bi-curious|U-turn|p2a: Okidogi\n|-resisted|p2a: Okidogi\n|-damage|p2a: Okidogi|51\/100\n|\n|t:|1700407613\n|switch|p1a: rodrigo de paul|Corviknight, F|52\/100|[from] U-turn\n|-ability|p1a: rodrigo de paul|Pressure\n|move|p2a: Okidogi|Drain Punch|p1a: rodrigo de paul\n|-damage|p1a: rodrigo de paul|24\/100\n|-heal|p2a: Okidogi|66\/100|[from] drain|[of] p1a: rodrigo de paul\n|-damage|p2a: Okidogi|49\/100|[from] item: Rocky Helmet|[of] p1a: rodrigo de paul\n|\n|-weather|RainDance|[upkeep]\n|upkeep\n|turn|16\n|\n|t:|1700407618\n|switch|p1a: taser|Zapdos|100\/100\n|move|p2a: Okidogi|Drain Punch|p1a: taser\n|-resisted|p1a: taser\n|-damage|p1a: taser|74\/100\n|-heal|p2a: Okidogi|60\/100|[from] drain|[of] p1a: taser\n|-status|p1a: taser|tox|[from] ability: Toxic Chain|[of] p2a: Okidogi\n|\n|-weather|RainDance|[upkeep]\n|-damage|p1a: taser|68\/100 tox|[from] psn\n|upkeep\n|turn|17\n|\n|t:|1700407631\n|switch|p2a: Great Tusk|Great Tusk|100\/100\n|move|p1a: taser|Hurricane|p2a: Great Tusk\n|-supereffective|p2a: Great Tusk\n|-damage|p2a: Great Tusk|0 fnt\n|faint|p2a: Great Tusk\n|-end|p2a: Great Tusk|Protosynthesis|[silent]\n|\n|-weather|RainDance|[upkeep]\n|-damage|p1a: taser|56\/100 tox|[from] psn\n|upkeep\n|\n|t:|1700407634\n|switch|p2a: Grimmsnarl|Grimmsnarl, M, shiny|89\/100\n|turn|18\n|\n|t:|1700407657\n|switch|p1a: my besto friendo|Tornadus-Therian, M|100\/100\n|move|p2a: Grimmsnarl|Light Screen|p2a: Grimmsnarl\n|-sidestart|p2: Z-pokemaster2000|move: Light Screen\n|\n|-weather|RainDance|[upkeep]\n|upkeep\n|turn|19\n|\n|t:|1700407663\n|move|p2a: Grimmsnarl|Reflect|p2a: Grimmsnarl\n|-sidestart|p2: Z-pokemaster2000|Reflect\n|move|p1a: my besto friendo|Hurricane|p2a: Grimmsnarl\n|-damage|p2a: Grimmsnarl|70\/100\n|\n|-weather|RainDance|[upkeep]\n|upkeep\n|turn|20\n|\n|t:|1700407667\n|move|p2a: Grimmsnarl|Parting Shot|p1a: my besto friendo\n|-unboost|p1a: my besto friendo|atk|1\n|-unboost|p1a: my besto friendo|spa|1\n|\n|t:|1700407672\n|switch|p2a: Ceruledge|Ceruledge, M|100\/100|[from] Parting Shot\n|move|p1a: my besto friendo|U-turn|p2a: Ceruledge\n|-resisted|p2a: Ceruledge\n|-damage|p2a: Ceruledge|99\/100\n|\n|t:|1700407674\n|switch|p1a: taser|Zapdos|56\/100 tox|[from] U-turn\n|\n|-weather|RainDance|[upkeep]\n|-heal|p2a: Ceruledge|100\/100|[from] item: Leftovers\n|-damage|p1a: taser|49\/100 tox|[from] psn\n|upkeep\n|turn|21\n|\n|t:|1700407680\n|move|p1a: taser|Volt Switch|p2a: Ceruledge\n|-damage|p2a: Ceruledge|83\/100\n|\n|t:|1700407687\n|switch|p1a: rodrigo de paul|Corviknight, F|24\/100|[from] Volt Switch\n|-ability|p1a: rodrigo de paul|Pressure\n|move|p2a: Ceruledge|Poltergeist|p1a: rodrigo de paul\n|-activate|p1a: rodrigo de paul|move: Poltergeist|Rocky Helmet\n|-damage|p1a: rodrigo de paul|0 fnt\n|faint|p1a: rodrigo de paul\n|\n|-weather|none\n|-heal|p2a: Ceruledge|89\/100|[from] item: Leftovers\n|upkeep\n|\n|t:|1700407689\n|switch|p1a: bi-curious|Pelipper, M, shiny|75\/100 tox\n|-weather|RainDance|[from] ability: Drizzle|[of] p1a: bi-curious\n|turn|22\n|\n|t:|1700407698\n|move|p1a: bi-curious|U-turn|p2a: Ceruledge\n|-resisted|p2a: Ceruledge\n|-damage|p2a: Ceruledge|88\/100\n|\n|t:|1700407704\n|switch|p1a: taser|Zapdos|49\/100 tox|[from] U-turn\n|move|p2a: Ceruledge|Poltergeist|p1a: taser\n|-activate|p1a: taser|move: Poltergeist|Choice Scarf\n|-damage|p1a: taser|0 fnt\n|faint|p1a: taser\n|\n|-weather|RainDance|[upkeep]\n|-heal|p2a: Ceruledge|94\/100|[from] item: Leftovers\n|-sideend|p2: Z-pokemaster2000|move: Light Screen\n|upkeep\n|\n|t:|1700407706\n|switch|p1a: dont mute me mods|Barraskewda, M, shiny|100\/100\n|turn|23\n|\n|t:|1700407712\n|move|p2a: Ceruledge|Shadow Sneak|p1a: dont mute me mods\n|-damage|p1a: dont mute me mods|66\/100\n|move|p1a: dont mute me mods|Liquidation|p2a: Ceruledge\n|-supereffective|p2a: Ceruledge\n|-damage|p2a: Ceruledge|0 fnt\n|faint|p2a: Ceruledge\n|\n|-weather|RainDance|[upkeep]\n|-sideend|p2: Z-pokemaster2000|Reflect\n|upkeep\n|\n|t:|1700407715\n|switch|p2a: Grimmsnarl|Grimmsnarl, M, shiny|70\/100\n|turn|24\n|\n|t:|1700407717\n|move|p2a: Grimmsnarl|Reflect|p2a: Grimmsnarl\n|-sidestart|p2: Z-pokemaster2000|Reflect\n|move|p1a: dont mute me mods|Liquidation|p2a: Grimmsnarl\n|-damage|p2a: Grimmsnarl|18\/100\n|\n|-weather|RainDance|[upkeep]\n|upkeep\n|turn|25\n|\n|t:|1700407722\n|move|p2a: Grimmsnarl|Light Screen|p2a: Grimmsnarl\n|-sidestart|p2: Z-pokemaster2000|move: Light Screen\n|move|p1a: dont mute me mods|Liquidation|p2a: Grimmsnarl\n|-damage|p2a: Grimmsnarl|0 fnt\n|faint|p2a: Grimmsnarl\n|\n|-weather|RainDance|[upkeep]\n|upkeep\n|\n|t:|1700407724\n|switch|p2a: Okidogi|Okidogi, M|60\/100\n|turn|26\n|\n|t:|1700407727\n|switch|p1a: bi-curious|Pelipper, M, shiny|75\/100 tox\n|move|p2a: Okidogi|Drain Punch|p1a: bi-curious\n|-resisted|p1a: bi-curious\n|-damage|p1a: bi-curious|55\/100 tox\n|-heal|p2a: Okidogi|68\/100|[from] drain|[of] p1a: bi-curious\n|\n|-weather|RainDance|[upkeep]\n|-damage|p1a: bi-curious|49\/100 tox|[from] psn\n|upkeep\n|turn|27\n|\n|t:|1700407734\n|move|p1a: bi-curious|Roost|p1a: bi-curious\n|-heal|p1a: bi-curious|99\/100 tox\n|-singleturn|p1a: bi-curious|move: Roost\n|move|p2a: Okidogi|Knock Off|p1a: bi-curious\n|-damage|p1a: bi-curious|67\/100 tox\n|-enditem|p1a: bi-curious|Damp Rock|[from] move: Knock Off|[of] p2a: Okidogi\n|\n|-weather|RainDance|[upkeep]\n|-damage|p1a: bi-curious|55\/100 tox|[from] psn\n|upkeep\n|turn|28\n|\n|t:|1700407743\n|move|p1a: bi-curious|U-turn|p2a: Okidogi\n|-resisted|p2a: Okidogi\n|-damage|p2a: Okidogi|67\/100\n|\n|t:|1700407744\n|switch|p1a: my besto friendo|Tornadus-Therian, M|100\/100|[from] U-turn\n|move|p2a: Okidogi|Drain Punch|p1a: my besto friendo\n|-resisted|p1a: my besto friendo\n|-damage|p1a: my besto friendo|77\/100\n|-heal|p2a: Okidogi|78\/100|[from] drain|[of] p1a: my besto friendo\n|\n|-weather|RainDance|[upkeep]\n|-sideend|p2: Z-pokemaster2000|Reflect\n|upkeep\n|turn|29\n|\n|t:|1700407752\n|move|p1a: my besto friendo|Hurricane|p2a: Okidogi\n|-supereffective|p2a: Okidogi\n|-damage|p2a: Okidogi|52\/100\n|move|p2a: Okidogi|Drain Punch|p1a: my besto friendo\n|-resisted|p1a: my besto friendo\n|-damage|p1a: my besto friendo|51\/100\n|-heal|p2a: Okidogi|64\/100|[from] drain|[of] p1a: my besto friendo\n|\n|-weather|none\n|-sideend|p2: Z-pokemaster2000|move: Light Screen\n|upkeep\n|turn|30\n|\n|t:|1700407760\n|switch|p1a: bi-curious|Pelipper, M, shiny|55\/100 tox\n|-weather|RainDance|[from] ability: Drizzle|[of] p1a: bi-curious\n|move|p2a: Okidogi|Drain Punch|p1a: bi-curious\n|-resisted|p1a: bi-curious\n|-damage|p1a: bi-curious|34\/100 tox\n|-heal|p2a: Okidogi|72\/100|[from] drain|[of] p1a: bi-curious\n|\n|-weather|RainDance|[upkeep]\n|-damage|p1a: bi-curious|28\/100 tox|[from] psn\n|upkeep\n|turn|31\n|\n|t:|1700407766\n|move|p1a: bi-curious|Weather Ball|p2a: Okidogi\n|-damage|p2a: Okidogi|38\/100\n|move|p2a: Okidogi|Drain Punch|p1a: bi-curious\n|-resisted|p1a: bi-curious\n|-damage|p1a: bi-curious|7\/100 tox\n|-heal|p2a: Okidogi|46\/100|[from] drain|[of] p1a: bi-curious\n|\n|-weather|RainDance|[upkeep]\n|-damage|p1a: bi-curious|0 fnt|[from] psn\n|faint|p1a: bi-curious\n|upkeep\n|\n|t:|1700407769\n|switch|p1a: dont mute me mods|Barraskewda, M, shiny|66\/100\n|turn|32\n|\n|t:|1700407772\n|move|p1a: dont mute me mods|Psychic Fangs|p2a: Okidogi\n|-supereffective|p2a: Okidogi\n|-damage|p2a: Okidogi|0 fnt\n|faint|p2a: Okidogi\n|\n|-weather|RainDance|[upkeep]\n|upkeep\n|\n|t:|1700407774\n|switch|p2a: Luna|Clefable, F, shiny|100\/100\n|turn|33\n|\n|t:|1700407776\n|move|p1a: dont mute me mods|Psychic Fangs|p2a: Luna\n|-damage|p2a: Luna|62\/100\n|move|p2a: Luna|Cosmic Power|p2a: Luna\n|-boost|p2a: Luna|def|1\n|-boost|p2a: Luna|spd|1\n|\n|-weather|RainDance|[upkeep]\n|-heal|p2a: Luna|68\/100|[from] item: Leftovers\n|upkeep\n|turn|34\n|\n|t:|1700407793\n|move|p1a: dont mute me mods|Psychic Fangs|p2a: Luna\n|-damage|p2a: Luna|39\/100\n|move|p2a: Luna|Cosmic Power|p2a: Luna\n|-boost|p2a: Luna|def|1\n|-boost|p2a: Luna|spd|1\n|\n|-weather|none\n|-heal|p2a: Luna|45\/100|[from] item: Leftovers\n|upkeep\n|turn|35\n|\n|t:|1700407796\n|move|p1a: dont mute me mods|Psychic Fangs|p2a: Luna\n|-damage|p2a: Luna|26\/100\n|move|p2a: Luna|Moonlight|p2a: Luna\n|-heal|p2a: Luna|76\/100\n|\n|-heal|p2a: Luna|82\/100|[from] item: Leftovers\n|upkeep\n|turn|36\n|\n|t:|1700407800\n|switch|p1a: my besto friendo|Tornadus-Therian, M|84\/100\n|move|p2a: Luna|Cosmic Power|p2a: Luna\n|-boost|p2a: Luna|def|1\n|-boost|p2a: Luna|spd|1\n|\n|-heal|p2a: Luna|88\/100|[from] item: Leftovers\n|upkeep\n|turn|37\n|\n|t:|1700407803\n|move|p1a: my besto friendo|Hurricane|p2a: Luna\n|-damage|p2a: Luna|75\/100\n|move|p2a: Luna|Cosmic Power|p2a: Luna\n|-boost|p2a: Luna|def|1\n|-boost|p2a: Luna|spd|1\n|\n|-heal|p2a: Luna|82\/100|[from] item: Leftovers\n|upkeep\n|turn|38\n|\n|t:|1700407808\n|move|p1a: my besto friendo|Hurricane|p2a: Luna\n|-damage|p2a: Luna|70\/100\n|move|p2a: Luna|Charge Beam|p1a: my besto friendo\n|-supereffective|p1a: my besto friendo\n|-damage|p1a: my besto friendo|73\/100\n|-boost|p2a: Luna|spa|1\n|\n|-heal|p2a: Luna|76\/100|[from] item: Leftovers\n|upkeep\n|turn|39\n|\n|t:|1700407812\n|move|p1a: my besto friendo|Hurricane|p2a: Luna|[miss]\n|-miss|p1a: my besto friendo|p2a: Luna\n|move|p2a: Luna|Moonlight|p2a: Luna\n|-heal|p2a: Luna|100\/100\n|\n|upkeep\n|turn|40\n|\n|t:|1700407816\n|move|p1a: my besto friendo|Hurricane|p2a: Luna\n|-damage|p2a: Luna|89\/100\n|move|p2a: Luna|Cosmic Power|p2a: Luna\n|-boost|p2a: Luna|def|1\n|-boost|p2a: Luna|spd|1\n|\n|-heal|p2a: Luna|95\/100|[from] item: Leftovers\n|upkeep\n|turn|41\n|\n|t:|1700407819\n|move|p1a: my besto friendo|Hurricane|p2a: Luna|[miss]\n|-miss|p1a: my besto friendo|p2a: Luna\n|move|p2a: Luna|Cosmic Power|p2a: Luna\n|-boost|p2a: Luna|def|1\n|-boost|p2a: Luna|spd|1\n|\n|-heal|p2a: Luna|100\/100|[from] item: Leftovers\n|upkeep\n|turn|42\n|\n|t:|1700407821\n|move|p1a: my besto friendo|Hurricane|p2a: Luna\n|-damage|p2a: Luna|91\/100\n|move|p2a: Luna|Charge Beam|p1a: my besto friendo\n|-supereffective|p1a: my besto friendo\n|-damage|p1a: my besto friendo|55\/100\n|-boost|p2a: Luna|spa|1\n|\n|-heal|p2a: Luna|97\/100|[from] item: Leftovers\n|upkeep\n|turn|43\n|\n|t:|1700407824\n|move|p1a: my besto friendo|Hurricane|p2a: Luna\n|-damage|p2a: Luna|88\/100\n|move|p2a: Luna|Stored Power|p1a: my besto friendo\n|-damage|p1a: my besto friendo|0 fnt\n|faint|p1a: my besto friendo\n|\n|-heal|p2a: Luna|94\/100|[from] item: Leftovers\n|upkeep\n|\n|t:|1700407827\n|switch|p1a: dont mute me mods|Barraskewda, M, shiny|66\/100\n|turn|44\n|c|\u2606Z-pokemaster2000|gg\n|\n|t:|1700407833\n|move|p1a: dont mute me mods|Liquidation|p2a: Luna\n|-crit|p2a: Luna\n|-damage|p2a: Luna|8\/100\n|move|p2a: Luna|Stored Power|p1a: dont mute me mods\n|-damage|p1a: dont mute me mods|0 fnt\n|faint|p1a: dont mute me mods\n|\n|win|Z-pokemaster2000\n|raw|har0tt's rating: 1802 &rarr; <strong>1775<\/strong><br \/>(-27 for losing)\n|raw|Z-pokemaster2000's rating: 1671 &rarr; <strong>1698<\/strong><br \/>(+27 for winning)\n|l|\u2606har0tt\n","uploadtime":1700407848,"views":21,"p1id":"har0tt","p2id":"zpokemaster2000","formatid":"gen9ou","rating":1698,"private":0,"password":""}