{"id":"gen9ou-1998254672","p1":"arielk","p2":"cash999","format":"[Gen 9] OU","log":"|j|\u2606arielk\n|j|\u2606cash999\n|t:|1700920485\n|gametype|singles\n|player|p1|arielk|rika|\n|player|p2|cash999|cynthia-masters|\n|teamsize|p1|6\n|teamsize|p2|6\n|gen|9\n|tier|[Gen 9] OU\n|rule|Sleep Clause Mod: Limit one foe put to sleep\n|rule|Species Clause: Limit one of each Pok\u00e9mon\n|rule|OHKO Clause: OHKO moves are banned\n|rule|Evasion Items Clause: Evasion items are banned\n|rule|Evasion Moves Clause: Evasion moves are banned\n|rule|Endless Battle Clause: Forcing endless battles is banned\n|rule|HP Percentage Mod: HP is shown in percentages\n|clearpoke\n|poke|p1|Rillaboom, F|\n|poke|p1|Sneasler, M|\n|poke|p1|Zamazenta-*|\n|poke|p1|Manaphy|\n|poke|p1|Heatran, M|\n|poke|p1|Hatterene, F|\n|poke|p2|Ogerpon-Cornerstone, F|\n|poke|p2|Hatterene, F|\n|poke|p2|Heatran, M|\n|poke|p2|Rillaboom, M|\n|poke|p2|Sneasler, M|\n|poke|p2|Clodsire, F|\n|teampreview\n|c|\u2606cash999|rematch :o\n|c|\u2606cash999|glhf\n|c|\u2606arielk|u2\n|\n|t:|1700920555\n|start\n|switch|p1a: Hatterene|Hatterene, F|100\/100\n|switch|p2a: Heatran|Heatran, M|100\/100\n|turn|1\n|\n|t:|1700920580\n|switch|p1a: Heatran|Heatran, M|100\/100\n|-item|p1a: Heatran|Air Balloon\n|move|p2a: Heatran|Magma Storm|p1a: Heatran\n|-start|p1a: Heatran|ability: Flash Fire\n|\n|upkeep\n|turn|2\n|\n|t:|1700920655\n|-terastallize|p2a: Heatran|Bug\n|move|p2a: Heatran|Stealth Rock|p1a: Heatran\n|-sidestart|p1: arielk|move: Stealth Rock\n|move|p1a: Heatran|Magma Storm|p2a: Heatran\n|-start|p2a: Heatran|ability: Flash Fire\n|\n|upkeep\n|turn|3\n|\n|t:|1700920683\n|move|p2a: Heatran|Earth Power|p1a: Heatran\n|-immune|p1a: Heatran\n|move|p1a: Heatran|Magma Storm|p2a: Heatran\n|-immune|p2a: Heatran|[from] ability: Flash Fire\n|\n|upkeep\n|turn|4\n|\n|t:|1700920687\n|move|p2a: Heatran|Earth Power|p1a: Heatran\n|-immune|p1a: Heatran\n|move|p1a: Heatran|Taunt|p2a: Heatran\n|-start|p2a: Heatran|move: Taunt\n|\n|upkeep\n|turn|5\n|c|\u2606cash999|im sorry i genuinely do not have a better play than this lol\n|c|\u2606arielk|ik lol dw\n|\n|t:|1700920718\n|move|p2a: Heatran|Earth Power|p1a: Heatran\n|-immune|p1a: Heatran\n|move|p1a: Heatran|Taunt||[still]\n|-fail|p1a: Heatran\n|\n|upkeep\n|turn|6\n|\n|t:|1700920722\n|move|p2a: Heatran|Earth Power|p1a: Heatran\n|-immune|p1a: Heatran\n|move|p1a: Heatran|Will-O-Wisp|p2a: Heatran\n|-immune|p2a: Heatran|[from] ability: Flash Fire\n|\n|upkeep\n|turn|7\n|\n|t:|1700920725\n|move|p2a: Heatran|Earth Power|p1a: Heatran\n|-immune|p1a: Heatran\n|move|p1a: Heatran|Will-O-Wisp|p2a: Heatran\n|-immune|p2a: Heatran|[from] ability: Flash Fire\n|\n|-end|p2a: Heatran|move: Taunt\n|upkeep\n|turn|8\n|\n|t:|1700920731\n|move|p2a: Heatran|Protect|p2a: Heatran\n|-singleturn|p2a: Heatran|Protect\n|move|p1a: Heatran|Taunt|p2a: Heatran\n|-activate|p2a: Heatran|move: Protect\n|\n|upkeep\n|turn|9\n|\n|t:|1700920736\n|move|p2a: Heatran|Earth Power|p1a: Heatran\n|-immune|p1a: Heatran\n|move|p1a: Heatran|Taunt|p2a: Heatran\n|-start|p2a: Heatran|move: Taunt\n|\n|upkeep\n|turn|10\n|\n|t:|1700920739\n|move|p2a: Heatran|Earth Power|p1a: Heatran\n|-immune|p1a: Heatran\n|move|p1a: Heatran|Will-O-Wisp|p2a: Heatran\n|-immune|p2a: Heatran|[from] ability: Flash Fire\n|\n|upkeep\n|turn|11\n|\n|t:|1700920766\n|move|p2a: Heatran|Magma Storm|p1a: Heatran\n|-immune|p1a: Heatran|[from] ability: Flash Fire\n|move|p1a: Heatran|Will-O-Wisp|p2a: Heatran\n|-immune|p2a: Heatran|[from] ability: Flash Fire\n|\n|upkeep\n|turn|12\n|\n|t:|1700920770\n|move|p2a: Heatran|Earth Power|p1a: Heatran\n|-immune|p1a: Heatran\n|move|p1a: Heatran|Will-O-Wisp|p2a: Heatran\n|-immune|p2a: Heatran|[from] ability: Flash Fire\n|\n|-end|p2a: Heatran|move: Taunt\n|upkeep\n|turn|13\n|\n|t:|1700920774\n|-end|p2a: Heatran|ability: Flash Fire|[silent]\n|switch|p2a: touch grass|Rillaboom, M|100\/100\n|-fieldstart|move: Grassy Terrain|[from] ability: Grassy Surge|[of] p2a: touch grass\n|move|p1a: Heatran|Taunt|p2a: touch grass\n|-start|p2a: touch grass|move: Taunt\n|\n|upkeep\n|turn|14\n|\n|t:|1700920802\n|-end|p1a: Heatran|ability: Flash Fire|[silent]\n|switch|p1a: Hatterene|Hatterene, F|100\/100\n|-damage|p1a: Hatterene|88\/100|[from] Stealth Rock\n|-enditem|p1a: Hatterene|Grassy Seed\n|-boost|p1a: Hatterene|def|1|[from] item: Grassy Seed\n|move|p2a: touch grass|U-turn|p1a: Hatterene\n|-damage|p1a: Hatterene|73\/100\n|\n|t:|1700920833\n|switch|p2a: Hatterene|Hatterene, F|100\/100|[from] U-turn\n|-enditem|p2a: Hatterene|Grassy Seed\n|-boost|p2a: Hatterene|def|1|[from] item: Grassy Seed\n|\n|-heal|p1a: Hatterene|79\/100|[from] Grassy Terrain\n|upkeep\n|turn|15\n|\n|t:|1700920841\n|move|p1a: Hatterene|Nuzzle|p2a: Hatterene\n|-damage|p2a: Hatterene|98\/100\n|-status|p2a: Hatterene|par\n|move|p2a: Hatterene|Calm Mind|p2a: Hatterene\n|-boost|p2a: Hatterene|spa|1\n|-boost|p2a: Hatterene|spd|1\n|\n|-heal|p1a: Hatterene|85\/100|[from] Grassy Terrain\n|-heal|p2a: Hatterene|100\/100 par|[from] Grassy Terrain\n|upkeep\n|turn|16\n|\n|t:|1700920871\n|move|p1a: Hatterene|Calm Mind|p1a: Hatterene\n|-boost|p1a: Hatterene|spa|1\n|-boost|p1a: Hatterene|spd|1\n|cant|p2a: Hatterene|par\n|\n|-heal|p1a: Hatterene|91\/100|[from] Grassy Terrain\n|upkeep\n|turn|17\n|\n|t:|1700920874\n|move|p1a: Hatterene|Calm Mind|p1a: Hatterene\n|-boost|p1a: Hatterene|spa|1\n|-boost|p1a: Hatterene|spd|1\n|move|p2a: Hatterene|Calm Mind|p2a: Hatterene\n|-boost|p2a: Hatterene|spa|1\n|-boost|p2a: Hatterene|spd|1\n|\n|-heal|p1a: Hatterene|97\/100|[from] Grassy Terrain\n|upkeep\n|turn|18\n|\n|t:|1700920880\n|move|p1a: Hatterene|Calm Mind|p1a: Hatterene\n|-boost|p1a: Hatterene|spa|1\n|-boost|p1a: Hatterene|spd|1\n|move|p2a: Hatterene|Calm Mind|p2a: Hatterene\n|-boost|p2a: Hatterene|spa|1\n|-boost|p2a: Hatterene|spd|1\n|\n|-heal|p1a: Hatterene|100\/100|[from] Grassy Terrain\n|upkeep\n|turn|19\n|\n|t:|1700920886\n|move|p1a: Hatterene|Calm Mind|p1a: Hatterene\n|-boost|p1a: Hatterene|spa|1\n|-boost|p1a: Hatterene|spd|1\n|move|p2a: Hatterene|Calm Mind|p2a: Hatterene\n|-boost|p2a: Hatterene|spa|1\n|-boost|p2a: Hatterene|spd|1\n|\n|upkeep\n|turn|20\n|\n|t:|1700920908\n|move|p1a: Hatterene|Calm Mind|p1a: Hatterene\n|-boost|p1a: Hatterene|spa|1\n|-boost|p1a: Hatterene|spd|1\n|move|p2a: Hatterene|Calm Mind|p2a: Hatterene\n|-boost|p2a: Hatterene|spa|1\n|-boost|p2a: Hatterene|spd|1\n|\n|-fieldend|move: Grassy Terrain\n|upkeep\n|turn|21\n|\n|t:|1700920918\n|move|p1a: Hatterene|Calm Mind|p1a: Hatterene\n|-boost|p1a: Hatterene|spa|1\n|-boost|p1a: Hatterene|spd|1\n|move|p2a: Hatterene|Psyshock|p1a: Hatterene\n|-resisted|p1a: Hatterene\n|-damage|p1a: Hatterene|63\/100\n|\n|upkeep\n|turn|22\n|\n|t:|1700920935\n|move|p1a: Hatterene|Draining Kiss|p2a: Hatterene\n|-damage|p2a: Hatterene|74\/100 par\n|-heal|p1a: Hatterene|83\/100|[from] drain|[of] p2a: Hatterene\n|move|p2a: Hatterene|Psyshock|p1a: Hatterene\n|-resisted|p1a: Hatterene\n|-damage|p1a: Hatterene|47\/100\n|\n|upkeep\n|turn|23\n|\n|t:|1700920948\n|move|p1a: Hatterene|Psyshock|p2a: Hatterene\n|-resisted|p2a: Hatterene\n|-damage|p2a: Hatterene|32\/100 par\n|move|p2a: Hatterene|Psyshock|p1a: Hatterene\n|-resisted|p1a: Hatterene\n|-crit|p1a: Hatterene\n|-damage|p1a: Hatterene|0 fnt\n|faint|p1a: Hatterene\n|\n|upkeep\n|c|\u2606cash999|oof sorry\n|c|\u2606cash999|no paras at all is also insane\n|c|\u2606arielk|lol this match has been so messy\n|c|\u2606cash999|ikr\n|\n|t:|1700920977\n|switch|p1a: Sneasler|Sneasler, M|100\/100\n|-damage|p1a: Sneasler|94\/100|[from] Stealth Rock\n|turn|24\n|\n|t:|1700920999\n|move|p1a: Sneasler|Dire Claw|p2a: Hatterene\n|-supereffective|p2a: Hatterene\n|-damage|p2a: Hatterene|0 fnt\n|faint|p2a: Hatterene\n|\n|upkeep\n|\n|t:|1700921019\n|switch|p2a: Clodsire|Clodsire, F|100\/100\n|turn|25\n|\n|t:|1700921041\n|switch|p1a: Heatran|Heatran, M|100\/100\n|-damage|p1a: Heatran|88\/100|[from] Stealth Rock\n|-item|p1a: Heatran|Air Balloon\n|switch|p2a: Ogerpon|Ogerpon-Cornerstone, F|100\/100\n|\n|upkeep\n|turn|26\n|j| Hallowed_Hazel\n|\n|t:|1700921063\n|move|p2a: Ogerpon|Ivy Cudgel|p1a: Heatran|[anim] Ivy Cudgel Rock\n|-damage|p1a: Heatran|34\/100\n|-enditem|p1a: Heatran|Air Balloon\n|move|p1a: Heatran|Will-O-Wisp|p2a: Ogerpon\n|-status|p2a: Ogerpon|brn\n|\n|-damage|p2a: Ogerpon|95\/100 brn|[from] brn\n|upkeep\n|turn|27\n|\n|t:|1700921091\n|move|p2a: Ogerpon|Swords Dance|p2a: Ogerpon\n|-boost|p2a: Ogerpon|atk|2\n|move|p1a: Heatran|Magma Storm|p2a: Ogerpon\n|-damage|p2a: Ogerpon|45\/100 brn\n|-activate|p2a: Ogerpon|move: Magma Storm|[of] p1a: Heatran\n|\n|-damage|p2a: Ogerpon|39\/100 brn|[from] brn\n|-damage|p2a: Ogerpon|26\/100 brn|[from] move: Magma Storm|[partiallytrapped]\n|upkeep\n|turn|28\n|\n|t:|1700921101\n|move|p2a: Ogerpon|Ivy Cudgel|p1a: Heatran|[anim] Ivy Cudgel Rock\n|-damage|p1a: Heatran|0 fnt\n|faint|p1a: Heatran\n|\n|-damage|p2a: Ogerpon|20\/100 brn|[from] brn\n|-end|p2a: Ogerpon|Magma Storm|[partiallytrapped]|[silent]\n|upkeep\n|\n|t:|1700921106\n|switch|p1a: Sneasler|Sneasler, M|94\/100\n|-damage|p1a: Sneasler|88\/100|[from] Stealth Rock\n|turn|29\n|\n|t:|1700921110\n|move|p2a: Ogerpon|Ivy Cudgel|p1a: Sneasler|[anim] Ivy Cudgel Rock\n|-resisted|p1a: Sneasler\n|-damage|p1a: Sneasler|42\/100\n|move|p1a: Sneasler|Dire Claw|p2a: Ogerpon\n|-damage|p2a: Ogerpon|0 fnt\n|faint|p2a: Ogerpon\n|\n|upkeep\n|c|\u2606arielk|forgot i was slower lol\n|\n|t:|1700921129\n|switch|p2a: Clodsire|Clodsire, F|100\/100\n|turn|30\n|\n|t:|1700921178\n|move|p1a: Sneasler|Dire Claw|p2a: Clodsire\n|-resisted|p2a: Clodsire\n|-damage|p2a: Clodsire|88\/100\n|move|p2a: Clodsire|Toxic|p1a: Sneasler\n|-immune|p1a: Sneasler\n|\n|upkeep\n|turn|31\n|\n|t:|1700921185\n|switch|p1a: Rillaboom|Rillaboom, F|100\/100\n|-damage|p1a: Rillaboom|88\/100|[from] Stealth Rock\n|-fieldstart|move: Grassy Terrain|[from] ability: Grassy Surge|[of] p1a: Rillaboom\n|move|p2a: Clodsire|High Horsepower|p1a: Rillaboom\n|-resisted|p1a: Rillaboom\n|-damage|p1a: Rillaboom|76\/100\n|\n|-heal|p1a: Rillaboom|82\/100|[from] Grassy Terrain\n|-heal|p2a: Clodsire|94\/100|[from] Grassy Terrain\n|upkeep\n|turn|32\n|\n|t:|1700921228\n|switch|p2a: touch grass|Rillaboom, M|100\/100\n|move|p1a: Rillaboom|Wood Hammer|p2a: touch grass\n|-resisted|p2a: touch grass\n|-damage|p2a: touch grass|40\/100\n|-damage|p1a: Rillaboom|61\/100|[from] Recoil\n|\n|-heal|p1a: Rillaboom|67\/100|[from] Grassy Terrain\n|-heal|p2a: touch grass|46\/100|[from] Grassy Terrain\n|upkeep\n|turn|33\n|\n|t:|1700921246\n|switch|p1a: Sneasler|Sneasler, M|42\/100\n|-damage|p1a: Sneasler|36\/100|[from] Stealth Rock\n|-enditem|p1a: Sneasler|Grassy Seed\n|-boost|p1a: Sneasler|def|1|[from] item: Grassy Seed\n|move|p2a: touch grass|Grassy Glide|p1a: Sneasler\n|-resisted|p1a: Sneasler\n|-damage|p1a: Sneasler|16\/100\n|\n|-heal|p1a: Sneasler|22\/100|[from] Grassy Terrain\n|-heal|p2a: touch grass|52\/100|[from] Grassy Terrain\n|upkeep\n|turn|34\n|\n|t:|1700921260\n|switch|p2a: Clodsire|Clodsire, F|94\/100\n|move|p1a: Sneasler|Dire Claw|p2a: Clodsire\n|-resisted|p2a: Clodsire\n|-damage|p2a: Clodsire|82\/100\n|-status|p2a: Clodsire|par\n|\n|-heal|p1a: Sneasler|28\/100|[from] Grassy Terrain\n|-heal|p2a: Clodsire|88\/100 par|[from] Grassy Terrain\n|upkeep\n|turn|35\n|\n|t:|1700921269\n|move|p1a: Sneasler|Swords Dance|p1a: Sneasler\n|-boost|p1a: Sneasler|atk|2\n|move|p2a: Clodsire|High Horsepower|p1a: Sneasler\n|-supereffective|p1a: Sneasler\n|-damage|p1a: Sneasler|0 fnt\n|faint|p1a: Sneasler\n|\n|-heal|p2a: Clodsire|94\/100 par|[from] Grassy Terrain\n|-fieldend|move: Grassy Terrain\n|upkeep\n|\n|t:|1700921284\n|switch|p1a: Rillaboom|Rillaboom, F|67\/100\n|-damage|p1a: Rillaboom|54\/100|[from] Stealth Rock\n|-fieldstart|move: Grassy Terrain|[from] ability: Grassy Surge|[of] p1a: Rillaboom\n|turn|36\n|\n|t:|1700921298\n|move|p1a: Rillaboom|Wood Hammer|p2a: Clodsire\n|-damage|p2a: Clodsire|0 fnt\n|faint|p2a: Clodsire\n|-damage|p1a: Rillaboom|16\/100|[from] Recoil\n|\n|-heal|p1a: Rillaboom|22\/100|[from] Grassy Terrain\n|upkeep\n|\n|t:|1700921314\n|switch|p2a: Sneasler|Sneasler, M|100\/100\n|-enditem|p2a: Sneasler|Grassy Seed\n|-boost|p2a: Sneasler|def|1|[from] item: Grassy Seed\n|turn|37\n|\n|t:|1700921323\n|move|p2a: Sneasler|Swords Dance|p2a: Sneasler\n|-boost|p2a: Sneasler|atk|2\n|move|p1a: Rillaboom|Wood Hammer|p2a: Sneasler\n|-resisted|p2a: Sneasler\n|-damage|p2a: Sneasler|23\/100\n|-damage|p1a: Rillaboom|2\/100|[from] Recoil\n|\n|-heal|p2a: Sneasler|29\/100|[from] Grassy Terrain\n|-heal|p1a: Rillaboom|8\/100|[from] Grassy Terrain\n|upkeep\n|turn|38\n|\n|t:|1700921328\n|move|p2a: Sneasler|Shadow Claw|p1a: Rillaboom\n|-damage|p1a: Rillaboom|0 fnt\n|faint|p1a: Rillaboom\n|\n|-heal|p2a: Sneasler|35\/100|[from] Grassy Terrain\n|upkeep\n|\n|t:|1700921331\n|switch|p1a: Zamazenta|Zamazenta|100\/100\n|-damage|p1a: Zamazenta|94\/100|[from] Stealth Rock\n|-ability|p1a: Zamazenta|Dauntless Shield|boost\n|-boost|p1a: Zamazenta|def|1\n|turn|39\n|\n|t:|1700921352\n|move|p2a: Sneasler|Close Combat|p1a: Zamazenta\n|-damage|p1a: Zamazenta|25\/100\n|-unboost|p2a: Sneasler|def|1\n|-unboost|p2a: Sneasler|spd|1\n|move|p1a: Zamazenta|Body Press|p2a: Sneasler\n|-resisted|p2a: Sneasler\n|-damage|p2a: Sneasler|0 fnt\n|faint|p2a: Sneasler\n|\n|-heal|p1a: Zamazenta|31\/100|[from] Grassy Terrain\n|-heal|p1a: Zamazenta|37\/100|[from] item: Leftovers\n|upkeep\n|\n|t:|1700921360\n|switch|p2a: Heatran|Heatran, M, tera:Bug|100\/100\n|turn|40\n|\n|t:|1700921379\n|move|p1a: Zamazenta|Body Press|p2a: Heatran\n|-resisted|p2a: Heatran\n|-damage|p2a: Heatran|75\/100\n|move|p2a: Heatran|Magma Storm|p1a: Zamazenta\n|-crit|p1a: Zamazenta\n|-damage|p1a: Zamazenta|0 fnt\n|faint|p1a: Zamazenta\n|\n|-heal|p2a: Heatran|82\/100|[from] Grassy Terrain\n|-heal|p2a: Heatran|88\/100|[from] item: Leftovers\n|-fieldend|move: Grassy Terrain\n|upkeep\n|\n|t:|1700921383\n|switch|p1a: Manaphy|Manaphy|100\/100\n|-damage|p1a: Manaphy|88\/100|[from] Stealth Rock\n|turn|41\n|\n|t:|1700921387\n|move|p1a: Manaphy|Tail Glow|p1a: Manaphy\n|-boost|p1a: Manaphy|spa|3\n|move|p2a: Heatran|Earth Power|p1a: Manaphy\n|-damage|p1a: Manaphy|62\/100\n|\n|-heal|p2a: Heatran|94\/100|[from] item: Leftovers\n|upkeep\n|turn|42\n|\n|t:|1700921403\n|-terastallize|p1a: Manaphy|Grass\n|move|p2a: Heatran|Protect|p2a: Heatran\n|-singleturn|p2a: Heatran|Protect\n|move|p1a: Manaphy|Surf|p2a: Heatran\n|-activate|p2a: Heatran|move: Protect\n|\n|-heal|p2a: Heatran|99\/100|[from] item: Leftovers\n|upkeep\n|turn|43\n|\n|t:|1700921409\n|move|p1a: Manaphy|Surf|p2a: Heatran\n|-damage|p2a: Heatran|32\/100\n|move|p2a: Heatran|Magma Storm|p1a: Manaphy\n|-supereffective|p1a: Manaphy\n|-damage|p1a: Manaphy|0 fnt\n|faint|p1a: Manaphy\n|\n|win|cash999\n|c|\u2606cash999|ggs\n|c|\u2606arielk|i cant belive i terad ther\n|c|\u2606cash999|honestly if my hatt didnt crit you mightve just won there\n|c|\u2606arielk|i forgot about protect\n|c|\u2606arielk|i won if i delayed tera right lol\n|c|\u2606cash999|oh lol\n|c|\u2606cash999|yeah your tera was scary at the end\n|c|\u2606arielk|shouldve been tera dragon smh\n|c|\u2606cash999|wp!\n|c|\u2606arielk|anyway ggs yea :)\n|c|\u2606cash999|bug tran was nice in this game tho\n|c|\u2606cash999|makes me weaker to hatt but thats why i clicked it early\n|c|\u2606arielk|mm yea did allow me to press dire claw easily but the grass resist was nice\n|c|\u2606cash999|yeah\n|c|\u2606cash999|lets me sit on rilla incase you were stomping and 1v1 zamazenta\n|l|\u2606arielk\n","uploadtime":1700921451,"views":8,"p1id":"arielk","p2id":"cash999","formatid":"gen9ou","rating":0,"private":0,"password":""}