{"id":"gen9ou-1994390541","p1":"quarters_ou","p2":"KhianAndrews","format":"[Gen 9] OU","log":"|j|\u2606quarters_ou\n|j|\u2606KhianAndrews\n|t:|1700438471\n|gametype|singles\n|player|p1|quarters_ou|1|1283\n|player|p2|KhianAndrews|gambler|1331\n|teamsize|p1|6\n|teamsize|p2|6\n|gen|9\n|tier|[Gen 9] OU\n|rated|\n|rule|Sleep Clause Mod: Limit one foe put to sleep\n|rule|Species Clause: Limit one of each Pok\u00e9mon\n|rule|OHKO Clause: OHKO moves are banned\n|rule|Evasion Items Clause: Evasion items are banned\n|rule|Evasion Moves Clause: Evasion moves are banned\n|rule|Endless Battle Clause: Forcing endless battles is banned\n|rule|HP Percentage Mod: HP is shown in percentages\n|clearpoke\n|poke|p1|Amoonguss, M|\n|poke|p1|Azumarill, M|\n|poke|p1|Gholdengo|\n|poke|p1|Dragapult, M|\n|poke|p1|Zapdos|\n|poke|p1|Great Tusk|\n|poke|p2|Ribombee, M|\n|poke|p2|Gholdengo|\n|poke|p2|Great Tusk|\n|poke|p2|Iron Valiant|\n|poke|p2|Garchomp, F|\n|poke|p2|Kingambit, M|\n|teampreview\n|inactive|Battle timer is ON: inactive players will automatically lose when time's up. (requested by KhianAndrews)\n|\n|t:|1700438479\n|start\n|switch|p1a: Gholdengo|Gholdengo|100\/100\n|switch|p2a: Ribombee|Ribombee, M|100\/100\n|turn|1\n|\n|t:|1700438486\n|move|p1a: Gholdengo|Make It Rain|p2a: Ribombee\n|-supereffective|p2a: Ribombee\n|-enditem|p2a: Ribombee|Focus Sash\n|-damage|p2a: Ribombee|1\/100\n|-unboost|p1a: Gholdengo|spa|1\n|move|p2a: Ribombee|Skill Swap|p1a: Gholdengo\n|-immune|p1a: Gholdengo|[from] ability: Good as Gold\n|\n|upkeep\n|turn|2\n|\n|t:|1700438502\n|move|p1a: Gholdengo|Make It Rain|p2a: Ribombee\n|-supereffective|p2a: Ribombee\n|-damage|p2a: Ribombee|0 fnt\n|-unboost|p1a: Gholdengo|spa|1\n|faint|p2a: Ribombee\n|\n|upkeep\n|\n|t:|1700438509\n|switch|p2a: Garchomp|Garchomp, F|100\/100\n|turn|3\n|\n|t:|1700438514\n|switch|p1a: Zapdos|Zapdos|100\/100\n|move|p2a: Garchomp|Swords Dance|p2a: Garchomp\n|-boost|p2a: Garchomp|atk|2\n|\n|upkeep\n|turn|4\n|\n|t:|1700438524\n|move|p2a: Garchomp|Scale Shot|p1a: Zapdos\n|-damage|p1a: Zapdos|80\/100\n|-damage|p1a: Zapdos|60\/100\n|-damage|p1a: Zapdos|42\/100\n|-damage|p1a: Zapdos|22\/100\n|-damage|p1a: Zapdos|3\/100\n|-hitcount|p1a: Zapdos|5\n|-unboost|p2a: Garchomp|def|1\n|-boost|p2a: Garchomp|spe|1\n|move|p1a: Zapdos|Heat Wave|p2a: Garchomp|[miss]\n|-miss|p1a: Zapdos|p2a: Garchomp\n|\n|upkeep\n|turn|5\n|\n|t:|1700438534\n|switch|p1a: Azumarill|Azumarill, M|100\/100\n|move|p2a: Garchomp|Scale Shot|p1a: Azumarill\n|-immune|p1a: Azumarill\n|\n|upkeep\n|turn|6\n|\n|t:|1700438561\n|-terastallize|p2a: Garchomp|Steel\n|-terastallize|p1a: Azumarill|Water\n|move|p2a: Garchomp|Earthquake|p1a: Azumarill\n|-damage|p1a: Azumarill|0 fnt\n|faint|p1a: Azumarill\n|\n|upkeep\n|\n|t:|1700438578\n|switch|p1a: Great Tusk|Great Tusk|100\/100\n|turn|7\n|\n|t:|1700438588\n|move|p2a: Garchomp|Earthquake|p1a: Great Tusk\n|-damage|p1a: Great Tusk|42\/100\n|move|p1a: Great Tusk|Earthquake|p2a: Garchomp\n|-supereffective|p2a: Garchomp\n|-damage|p2a: Garchomp|0 fnt\n|faint|p2a: Garchomp\n|\n|-heal|p1a: Great Tusk|49\/100|[from] item: Leftovers\n|upkeep\n|\n|t:|1700438593\n|switch|p2a: Great Tusk|Great Tusk|100\/100\n|-enditem|p2a: Great Tusk|Booster Energy\n|-activate|p2a: Great Tusk|ability: Protosynthesis|[fromitem]\n|-start|p2a: Great Tusk|protosynthesisatk\n|turn|8\n|\n|t:|1700438607\n|-end|p1a: Great Tusk|Protosynthesis|[silent]\n|switch|p1a: Amoonguss|Amoonguss, M|100\/100\n|move|p2a: Great Tusk|Rapid Spin|p1a: Amoonguss\n|-damage|p1a: Amoonguss|77\/100\n|-boost|p2a: Great Tusk|spe|1\n|-damage|p2a: Great Tusk|84\/100|[from] item: Rocky Helmet|[of] p1a: Amoonguss\n|\n|upkeep\n|turn|9\n|\n|t:|1700438612\n|switch|p1a: Zapdos|Zapdos|3\/100\n|move|p2a: Great Tusk|Earthquake|p1a: Zapdos\n|-immune|p1a: Zapdos\n|\n|upkeep\n|turn|10\n|\n|t:|1700438627\n|move|p2a: Great Tusk|Rapid Spin|p1a: Zapdos\n|-damage|p1a: Zapdos|0 fnt\n|-boost|p2a: Great Tusk|spe|1\n|-status|p2a: Great Tusk|par|[from] ability: Static|[of] p1a: Zapdos\n|faint|p1a: Zapdos\n|\n|upkeep\n|\n|t:|1700438638\n|switch|p1a: Great Tusk|Great Tusk|49\/100\n|turn|11\n|\n|t:|1700438645\n|move|p2a: Great Tusk|Earthquake|p1a: Great Tusk\n|-damage|p1a: Great Tusk|8\/100\n|move|p1a: Great Tusk|Earthquake|p2a: Great Tusk\n|-damage|p2a: Great Tusk|51\/100 par\n|\n|-heal|p1a: Great Tusk|14\/100|[from] item: Leftovers\n|upkeep\n|turn|12\n|\n|t:|1700438651\n|move|p2a: Great Tusk|Rapid Spin|p1a: Great Tusk\n|-damage|p1a: Great Tusk|1\/100\n|-boost|p2a: Great Tusk|spe|1\n|move|p1a: Great Tusk|Earthquake|p2a: Great Tusk\n|-damage|p2a: Great Tusk|17\/100 par\n|\n|-heal|p1a: Great Tusk|8\/100|[from] item: Leftovers\n|upkeep\n|turn|13\n|\n|t:|1700438660\n|move|p2a: Great Tusk|Rapid Spin|p1a: Great Tusk\n|-damage|p1a: Great Tusk|0 fnt\n|-boost|p2a: Great Tusk|spe|1\n|faint|p1a: Great Tusk\n|-end|p1a: Great Tusk|Protosynthesis|[silent]\n|\n|upkeep\n|\n|t:|1700438666\n|switch|p1a: Gholdengo|Gholdengo|100\/100\n|turn|14\n|\n|t:|1700438669\n|move|p2a: Great Tusk|Earthquake|p1a: Gholdengo\n|-supereffective|p1a: Gholdengo\n|-damage|p1a: Gholdengo|0 fnt\n|faint|p1a: Gholdengo\n|\n|upkeep\n|\n|t:|1700438672\n|switch|p1a: Dragapult|Dragapult, M|100\/100\n|turn|15\n|\n|t:|1700438674\n|move|p1a: Dragapult|Sucker Punch|p2a: Great Tusk\n|-resisted|p2a: Great Tusk\n|-damage|p2a: Great Tusk|4\/100 par\n|move|p2a: Great Tusk|Ice Spinner|p1a: Dragapult\n|-supereffective|p1a: Dragapult\n|-damage|p1a: Dragapult|0 fnt\n|faint|p1a: Dragapult\n|\n|upkeep\n|\n|t:|1700438677\n|switch|p1a: Amoonguss|Amoonguss, M|100\/100\n|turn|16\n|\n|t:|1700438682\n|move|p2a: Great Tusk|Earthquake|p1a: Amoonguss\n|-damage|p1a: Amoonguss|31\/100\n|move|p1a: Amoonguss|Giga Drain|p2a: Great Tusk\n|-supereffective|p2a: Great Tusk\n|-damage|p2a: Great Tusk|0 fnt\n|-heal|p1a: Amoonguss|32\/100|[from] drain|[of] p2a: Great Tusk\n|faint|p2a: Great Tusk\n|-end|p2a: Great Tusk|Protosynthesis|[silent]\n|\n|upkeep\n|\n|t:|1700438687\n|switch|p2a: Kingambit|Kingambit, M|100\/100\n|-activate|p2a: Kingambit|ability: Supreme Overlord\n|-start|p2a: Kingambit|fallen3|[silent]\n|turn|17\n|\n|t:|1700438690\n|move|p2a: Kingambit|Kowtow Cleave|p1a: Amoonguss\n|-damage|p1a: Amoonguss|0 fnt\n|-damage|p2a: Kingambit|84\/100|[from] item: Rocky Helmet|[of] p1a: Amoonguss\n|faint|p1a: Amoonguss\n|\n|win|KhianAndrews\n|raw|quarters_ou's rating: 1283 &rarr; <strong>1261<\/strong><br \/>(-22 for losing)\n|raw|KhianAndrews's rating: 1331 &rarr; <strong>1348<\/strong><br \/>(+17 for winning)\n|c|\u2606KhianAndrews|gg\n|l|\u2606quarters_ou\n","uploadtime":1700438699,"views":16,"p1id":"quartersou","p2id":"khianandrews","formatid":"gen9ou","rating":1261,"private":0,"password":""}