{"id":"gen9ou-1992392139","p1":"Gengargeng92","p2":"Poison Ivy Thorns","format":"[Gen 9] OU","log":"|j|\u2606Gengargeng92\n|j|\u2606Poison Ivy Thorns\n|t:|1700182239\n|gametype|singles\n|player|p1|Gengargeng92|266|1222\n|player|p2|Poison Ivy Thorns|barry|1301\n|teamsize|p1|6\n|teamsize|p2|6\n|gen|9\n|tier|[Gen 9] OU\n|rated|\n|rule|Sleep Clause Mod: Limit one foe put to sleep\n|rule|Species Clause: Limit one of each Pok\u00e9mon\n|rule|OHKO Clause: OHKO moves are banned\n|rule|Evasion Items Clause: Evasion items are banned\n|rule|Evasion Moves Clause: Evasion moves are banned\n|rule|Endless Battle Clause: Forcing endless battles is banned\n|rule|HP Percentage Mod: HP is shown in percentages\n|clearpoke\n|poke|p1|Dondozo, M|\n|poke|p1|Goodra-Hisui, F|\n|poke|p1|Kingambit, F|\n|poke|p1|Iron Moth|\n|poke|p1|Dragonite, F|\n|poke|p1|Forretress, F|\n|poke|p2|Glimmora, M|\n|poke|p2|Ogerpon-Wellspring, F|\n|poke|p2|Zapdos|\n|poke|p2|Arcanine, M|\n|poke|p2|Gholdengo|\n|poke|p2|Great Tusk|\n|teampreview\n|inactive|Battle timer is ON: inactive players will automatically lose when time's up. (requested by Poison Ivy Thorns)\n|\n|t:|1700182276\n|start\n|switch|p1a: Iron Moth|Iron Moth|100\/100\n|switch|p2a: Zapdos|Zapdos|100\/100\n|turn|1\n|\n|t:|1700182282\n|move|p1a: Iron Moth|Fiery Dance|p2a: Zapdos\n|-damage|p2a: Zapdos|57\/100\n|-boost|p1a: Iron Moth|spa|1\n|move|p2a: Zapdos|Volt Switch|p1a: Iron Moth\n|-damage|p1a: Iron Moth|62\/100\n|\n|t:|1700182291\n|switch|p2a: Arcanine|Arcanine, M|100\/100|[from] Volt Switch\n|\n|upkeep\n|turn|2\n|\n|t:|1700182296\n|move|p2a: Arcanine|Wild Charge|p1a: Iron Moth\n|-damage|p1a: Iron Moth|14\/100\n|-damage|p2a: Arcanine|89\/100|[from] Recoil\n|move|p1a: Iron Moth|Sludge Wave|p2a: Arcanine\n|-damage|p2a: Arcanine|0 fnt\n|faint|p2a: Arcanine\n|\n|upkeep\n|\n|t:|1700182304\n|switch|p2a: Gholdengo|Gholdengo|100\/100\n|turn|3\n|\n|t:|1700182307\n|move|p2a: Gholdengo|Shadow Ball|p1a: Iron Moth\n|-damage|p1a: Iron Moth|0 fnt\n|faint|p1a: Iron Moth\n|-end|p1a: Iron Moth|Quark Drive|[silent]\n|\n|upkeep\n|\n|t:|1700182315\n|switch|p1a: Kingambit|Kingambit, F|100\/100\n|-activate|p1a: Kingambit|ability: Supreme Overlord\n|-start|p1a: Kingambit|fallen1|[silent]\n|turn|4\n|\n|t:|1700182319\n|switch|p2a: Great Tusk|Great Tusk|100\/100\n|move|p1a: Kingambit|Swords Dance|p1a: Kingambit\n|-boost|p1a: Kingambit|atk|2\n|\n|upkeep\n|turn|5\n|\n|t:|1700182326\n|move|p2a: Great Tusk|Close Combat|p1a: Kingambit\n|-supereffective|p1a: Kingambit\n|-damage|p1a: Kingambit|0 fnt\n|-unboost|p2a: Great Tusk|def|1\n|-unboost|p2a: Great Tusk|spd|1\n|faint|p1a: Kingambit\n|-end|p1a: Kingambit|fallen1|[silent]\n|\n|upkeep\n|\n|t:|1700182336\n|switch|p1a: Dragonite|Dragonite, F|100\/100\n|turn|6\n|\n|t:|1700182339\n|move|p2a: Great Tusk|Rapid Spin|p1a: Dragonite\n|-crit|p1a: Dragonite\n|-damage|p1a: Dragonite|85\/100\n|-boost|p2a: Great Tusk|spe|1\n|move|p1a: Dragonite|Dragon Dance|p1a: Dragonite\n|-boost|p1a: Dragonite|atk|1\n|-boost|p1a: Dragonite|spe|1\n|\n|upkeep\n|turn|7\n|\n|t:|1700182347\n|move|p2a: Great Tusk|Ice Spinner|p1a: Dragonite\n|-supereffective|p1a: Dragonite\n|-damage|p1a: Dragonite|0 fnt\n|faint|p1a: Dragonite\n|\n|upkeep\n|\n|t:|1700182354\n|switch|p1a: Dondozo|Dondozo, M|100\/100\n|turn|8\n|\n|t:|1700182357\n|-end|p2a: Great Tusk|Protosynthesis|[silent]\n|switch|p2a: Zapdos|Zapdos|57\/100\n|move|p1a: Dondozo|Liquidation|p2a: Zapdos\n|-damage|p2a: Zapdos|24\/100\n|\n|upkeep\n|turn|9\n|\n|t:|1700182365\n|move|p2a: Zapdos|Roost|p2a: Zapdos\n|-heal|p2a: Zapdos|74\/100\n|-singleturn|p2a: Zapdos|move: Roost\n|move|p1a: Dondozo|Liquidation|p2a: Zapdos\n|-damage|p2a: Zapdos|44\/100\n|\n|upkeep\n|turn|10\n|\n|t:|1700182374\n|switch|p1a: Forretress|Forretress, F|100\/100\n|move|p2a: Zapdos|Roost|p2a: Zapdos\n|-heal|p2a: Zapdos|94\/100\n|-singleturn|p2a: Zapdos|move: Roost\n|\n|upkeep\n|turn|11\n|\n|t:|1700182381\n|move|p2a: Zapdos|Heat Wave|p1a: Forretress\n|-supereffective|p1a: Forretress\n|-ability|p1a: Forretress|Sturdy\n|-damage|p1a: Forretress|1\/100\n|move|p1a: Forretress|Spikes|p2a: Zapdos\n|-sidestart|p2: Poison Ivy Thorns|Spikes\n|\n|upkeep\n|turn|12\n|\n|t:|1700182389\n|switch|p2a: Gholdengo|Gholdengo|100\/100\n|-damage|p2a: Gholdengo|88\/100|[from] Spikes\n|move|p1a: Forretress|Spikes|p2a: Gholdengo\n|-sidestart|p2: Poison Ivy Thorns|Spikes\n|\n|upkeep\n|turn|13\n|\n|t:|1700182396\n|move|p2a: Gholdengo|Shadow Ball|p1a: Forretress\n|-damage|p1a: Forretress|0 fnt\n|faint|p1a: Forretress\n|\n|upkeep\n|\n|t:|1700182401\n|switch|p1a: Goodra|Goodra-Hisui, F|100\/100\n|turn|14\n|\n|t:|1700182406\n|switch|p2a: Glimmora|Glimmora, M|100\/100\n|-damage|p2a: Glimmora|84\/100|[from] Spikes\n|move|p1a: Goodra|Flamethrower|p2a: Glimmora\n|-resisted|p2a: Glimmora\n|-crit|p2a: Glimmora\n|-damage|p2a: Glimmora|52\/100\n|-status|p2a: Glimmora|brn\n|\n|-damage|p2a: Glimmora|45\/100 brn|[from] brn\n|upkeep\n|turn|15\n|\n|t:|1700182417\n|move|p2a: Glimmora|Stealth Rock|p1a: Goodra\n|-sidestart|p1: Gengargeng92|move: Stealth Rock\n|move|p1a: Goodra|Flash Cannon|p2a: Glimmora\n|-supereffective|p2a: Glimmora\n|-damage|p2a: Glimmora|0 fnt\n|faint|p2a: Glimmora\n|\n|upkeep\n|\n|t:|1700182423\n|switch|p2a: Great Tusk|Great Tusk|100\/100\n|turn|16\n|\n|t:|1700182428\n|move|p2a: Great Tusk|Close Combat|p1a: Goodra\n|-supereffective|p1a: Goodra\n|-damage|p1a: Goodra|0 fnt\n|-unboost|p2a: Great Tusk|def|1\n|-unboost|p2a: Great Tusk|spd|1\n|-ability|p1a: Goodra|Gooey\n|-unboost|p2a: Great Tusk|spe|1\n|faint|p1a: Goodra\n|\n|upkeep\n|\n|t:|1700182437\n|switch|p1a: Dondozo|Dondozo, M|100\/100\n|-damage|p1a: Dondozo|88\/100|[from] Stealth Rock\n|turn|17\n|\n|t:|1700182441\n|move|p2a: Great Tusk|Close Combat|p1a: Dondozo\n|-damage|p1a: Dondozo|50\/100\n|-unboost|p2a: Great Tusk|def|1\n|-unboost|p2a: Great Tusk|spd|1\n|move|p1a: Dondozo|Curse|p1a: Dondozo\n|-unboost|p1a: Dondozo|spe|1\n|-boost|p1a: Dondozo|atk|1\n|-boost|p1a: Dondozo|def|1\n|\n|-heal|p1a: Dondozo|56\/100|[from] item: Leftovers\n|upkeep\n|turn|18\n|\n|t:|1700182453\n|move|p2a: Great Tusk|Rapid Spin|p1a: Dondozo\n|-damage|p1a: Dondozo|49\/100\n|-boost|p2a: Great Tusk|spe|1\n|-sideend|p2: Poison Ivy Thorns|Spikes|[from] move: Rapid Spin|[of] p2a: Great Tusk\n|move|p1a: Dondozo|Liquidation|p2a: Great Tusk\n|-supereffective|p2a: Great Tusk\n|-damage|p2a: Great Tusk|42\/100\n|\n|-heal|p1a: Dondozo|55\/100|[from] item: Leftovers\n|upkeep\n|turn|19\n|\n|t:|1700182462\n|move|p2a: Great Tusk|Close Combat|p1a: Dondozo\n|-damage|p1a: Dondozo|32\/100\n|-unboost|p2a: Great Tusk|def|1\n|-unboost|p2a: Great Tusk|spd|1\n|move|p1a: Dondozo|Curse|p1a: Dondozo\n|-unboost|p1a: Dondozo|spe|1\n|-boost|p1a: Dondozo|atk|1\n|-boost|p1a: Dondozo|def|1\n|\n|-heal|p1a: Dondozo|38\/100|[from] item: Leftovers\n|upkeep\n|turn|20\n|\n|t:|1700182473\n|move|p2a: Great Tusk|Close Combat|p1a: Dondozo\n|-damage|p1a: Dondozo|18\/100\n|-unboost|p2a: Great Tusk|def|1\n|-unboost|p2a: Great Tusk|spd|1\n|move|p1a: Dondozo|Rest|p1a: Dondozo\n|-status|p1a: Dondozo|slp|[from] move: Rest\n|-heal|p1a: Dondozo|100\/100 slp|[silent]\n|\n|upkeep\n|turn|21\n|\n|t:|1700182483\n|move|p2a: Great Tusk|Close Combat|p1a: Dondozo\n|-damage|p1a: Dondozo|81\/100 slp\n|-unboost|p2a: Great Tusk|def|1\n|-unboost|p2a: Great Tusk|spd|1\n|cant|p1a: Dondozo|slp\n|\n|-heal|p1a: Dondozo|88\/100 slp|[from] item: Leftovers\n|upkeep\n|turn|22\n|\n|t:|1700182492\n|move|p2a: Great Tusk|Close Combat|p1a: Dondozo\n|-crit|p1a: Dondozo\n|-damage|p1a: Dondozo|31\/100 slp\n|-unboost|p2a: Great Tusk|def|1\n|-unboost|p2a: Great Tusk|spd|1\n|cant|p1a: Dondozo|slp\n|\n|-heal|p1a: Dondozo|37\/100 slp|[from] item: Leftovers\n|upkeep\n|turn|23\n|\n|t:|1700182501\n|move|p2a: Great Tusk|Close Combat|p1a: Dondozo\n|-damage|p1a: Dondozo|19\/100 slp\n|-curestatus|p1a: Dondozo|slp|[msg]\n|move|p1a: Dondozo|Rest|p1a: Dondozo\n|-status|p1a: Dondozo|slp|[from] move: Rest\n|-heal|p1a: Dondozo|100\/100 slp|[silent]\n|\n|upkeep\n|turn|24\n|\n|t:|1700182510\n|-end|p2a: Great Tusk|Protosynthesis|[silent]\n|switch|p2a: Zapdos|Zapdos|94\/100\n|cant|p1a: Dondozo|slp\n|\n|upkeep\n|turn|25\n|\n|t:|1700182516\n|-terastallize|p1a: Dondozo|Dragon\n|move|p2a: Zapdos|Volt Switch|p1a: Dondozo\n|-resisted|p1a: Dondozo\n|-damage|p1a: Dondozo|88\/100 slp\n|\n|t:|1700182520\n|switch|p2a: Gholdengo|Gholdengo|88\/100|[from] Volt Switch\n|cant|p1a: Dondozo|slp\n|\n|-heal|p1a: Dondozo|94\/100 slp|[from] item: Leftovers\n|upkeep\n|turn|26\n|\n|t:|1700182528\n|move|p2a: Gholdengo|Trick|p1a: Dondozo\n|-activate|p2a: Gholdengo|move: Trick|[of] p1a: Dondozo\n|-item|p1a: Dondozo|Choice Scarf|[from] move: Trick\n|-item|p2a: Gholdengo|Leftovers|[from] move: Trick\n|-curestatus|p1a: Dondozo|slp|[msg]\n|move|p1a: Dondozo|Liquidation|p2a: Gholdengo\n|-damage|p2a: Gholdengo|24\/100\n|\n|-heal|p2a: Gholdengo|30\/100|[from] item: Leftovers\n|upkeep\n|turn|27\n|-message|Gengargeng92 forfeited.\n|\n|win|Poison Ivy Thorns\n|raw|Gengargeng92's rating: 1222 &rarr; <strong>1203<\/strong><br \/>(-19 for losing)\n|raw|Poison Ivy Thorns's rating: 1301 &rarr; <strong>1317<\/strong><br \/>(+16 for winning)\n|l|\u2606Gengargeng92\n","uploadtime":1700182541,"views":7,"p1id":"gengargeng92","p2id":"poisonivythorns","formatid":"gen9ou","rating":1203,"private":0,"password":""}