{"id":"gen9ou-1988478614","p1":"clelioushka","p2":"hmsa2012","format":"[Gen 9] OU","log":"|j|\u2606clelioushka\n|j|\u2606hmsa2012\n|t:|1699727280\n|gametype|singles\n|player|p1|clelioushka|medium|1560\n|player|p2|hmsa2012|steven|1628\n|teamsize|p1|6\n|teamsize|p2|6\n|gen|9\n|tier|[Gen 9] OU\n|rated|\n|rule|Sleep Clause Mod: Limit one foe put to sleep\n|rule|Species Clause: Limit one of each Pok\u00e9mon\n|rule|OHKO Clause: OHKO moves are banned\n|rule|Evasion Items Clause: Evasion items are banned\n|rule|Evasion Moves Clause: Evasion moves are banned\n|rule|Endless Battle Clause: Forcing endless battles is banned\n|rule|HP Percentage Mod: HP is shown in percentages\n|clearpoke\n|poke|p1|Empoleon, F|\n|poke|p1|Dragonite, M|\n|poke|p1|Cinderace, F|\n|poke|p1|Toxapex, M|\n|poke|p1|Gliscor, M|\n|poke|p1|Great Tusk|\n|poke|p2|Manaphy|\n|poke|p2|Kingambit, F|\n|poke|p2|Ribombee, M|\n|poke|p2|Gholdengo|\n|poke|p2|Iron Moth|\n|poke|p2|Ogerpon-Wellspring, F|\n|teampreview\n|inactive|Battle timer is ON: inactive players will automatically lose when time's up. (requested by clelioushka)\n|\n|t:|1699727301\n|start\n|switch|p1a: Gliscor|Gliscor, M|100\/100\n|switch|p2a: Ribombee|Ribombee, M, shiny|100\/100\n|turn|1\n|\n|t:|1699727307\n|move|p1a: Gliscor|Protect|p1a: Gliscor\n|-singleturn|p1a: Gliscor|Protect\n|move|p2a: Ribombee|Stun Spore|p1a: Gliscor\n|-activate|p1a: Gliscor|move: Protect\n|\n|-status|p1a: Gliscor|tox|[from] item: Toxic Orb\n|upkeep\n|turn|2\n|\n|t:|1699727309\n|move|p2a: Ribombee|Sticky Web|p1a: Gliscor\n|-sidestart|p1: clelioushka|move: Sticky Web\n|move|p1a: Gliscor|Knock Off|p2a: Ribombee\n|-resisted|p2a: Ribombee\n|-damage|p2a: Ribombee|79\/100\n|-enditem|p2a: Ribombee|Focus Sash|[from] move: Knock Off|[of] p1a: Gliscor\n|\n|upkeep\n|turn|3\n|\n|t:|1699727326\n|switch|p1a: Empoleon|Empoleon, F|100\/100\n|-activate|p1a: Empoleon|move: Sticky Web\n|-unboost|p1a: Empoleon|spe|1\n|-ability|p1a: Empoleon|Competitive|boost\n|-boost|p1a: Empoleon|spa|2\n|move|p2a: Ribombee|Moonblast|p1a: Empoleon\n|-resisted|p1a: Empoleon\n|-damage|p1a: Empoleon|88\/100\n|-unboost|p1a: Empoleon|spa|1\n|-ability|p1a: Empoleon|Competitive|boost\n|-boost|p1a: Empoleon|spa|2\n|\n|-heal|p1a: Empoleon|95\/100|[from] item: Leftovers\n|upkeep\n|turn|4\n|\n|t:|1699727349\n|move|p2a: Ribombee|Stun Spore|p1a: Empoleon|[miss]\n|-miss|p2a: Ribombee|p1a: Empoleon\n|move|p1a: Empoleon|Stealth Rock|p2a: Ribombee\n|-sidestart|p2: hmsa2012|move: Stealth Rock\n|\n|-heal|p1a: Empoleon|100\/100|[from] item: Leftovers\n|upkeep\n|turn|5\n|\n|t:|1699727355\n|move|p2a: Ribombee|Stun Spore|p1a: Empoleon\n|-status|p1a: Empoleon|par\n|cant|p1a: Empoleon|par\n|\n|upkeep\n|turn|6\n|\n|t:|1699727359\n|move|p2a: Ribombee|Moonblast|p1a: Empoleon\n|-resisted|p1a: Empoleon\n|-damage|p1a: Empoleon|87\/100 par\n|-unboost|p1a: Empoleon|spa|1\n|-ability|p1a: Empoleon|Competitive|boost\n|-boost|p1a: Empoleon|spa|2\n|move|p1a: Empoleon|Ice Beam|p2a: Ribombee\n|-damage|p2a: Ribombee|0 fnt\n|faint|p2a: Ribombee\n|\n|-heal|p1a: Empoleon|93\/100 par|[from] item: Leftovers\n|upkeep\n|\n|t:|1699727377\n|switch|p2a: Ogerpon|Ogerpon-Wellspring, F|100\/100\n|-damage|p2a: Ogerpon|88\/100|[from] Stealth Rock\n|turn|7\n|\n|t:|1699727393\n|switch|p1a: Dragonite|Dragonite, M|100\/100\n|move|p2a: Ogerpon|Power Whip|p1a: Dragonite\n|-resisted|p1a: Dragonite\n|-damage|p1a: Dragonite|95\/100\n|-damage|p2a: Ogerpon|72\/100|[from] item: Rocky Helmet|[of] p1a: Dragonite\n|\n|upkeep\n|turn|8\n|\n|t:|1699727405\n|move|p2a: Ogerpon|Swords Dance|p2a: Ogerpon\n|-boost|p2a: Ogerpon|atk|2\n|move|p1a: Dragonite|Hurricane|p2a: Ogerpon\n|-supereffective|p2a: Ogerpon\n|-damage|p2a: Ogerpon|0 fnt\n|faint|p2a: Ogerpon\n|\n|upkeep\n|\n|t:|1699727412\n|switch|p2a: Iron Moth|Iron Moth|100\/100\n|-damage|p2a: Iron Moth|76\/100|[from] Stealth Rock\n|-enditem|p2a: Iron Moth|Booster Energy\n|-activate|p2a: Iron Moth|ability: Quark Drive|[fromitem]\n|-start|p2a: Iron Moth|quarkdrivespe\n|turn|9\n|inactive|clelioushka has 120 seconds left.\n|\n|t:|1699727463\n|move|p2a: Iron Moth|Dazzling Gleam|p1a: Dragonite\n|-supereffective|p1a: Dragonite\n|-damage|p1a: Dragonite|49\/100\n|move|p1a: Dragonite|Hurricane|p2a: Iron Moth|[miss]\n|-miss|p1a: Dragonite|p2a: Iron Moth\n|\n|upkeep\n|turn|10\n|\n|t:|1699727471\n|move|p2a: Iron Moth|Dazzling Gleam|p1a: Dragonite\n|-supereffective|p1a: Dragonite\n|-damage|p1a: Dragonite|3\/100\n|move|p1a: Dragonite|Hurricane|p2a: Iron Moth\n|-damage|p2a: Iron Moth|36\/100\n|\n|upkeep\n|turn|11\n|\n|t:|1699727477\n|switch|p1a: Empoleon|Empoleon, F|93\/100 par\n|-activate|p1a: Empoleon|move: Sticky Web\n|-unboost|p1a: Empoleon|spe|1\n|-ability|p1a: Empoleon|Competitive|boost\n|-boost|p1a: Empoleon|spa|2\n|move|p2a: Iron Moth|Fiery Dance|p1a: Empoleon\n|-damage|p1a: Empoleon|68\/100 par\n|\n|-heal|p1a: Empoleon|74\/100 par|[from] item: Leftovers\n|upkeep\n|turn|12\n|\n|t:|1699727482\n|move|p2a: Iron Moth|Fiery Dance|p1a: Empoleon\n|-damage|p1a: Empoleon|46\/100 par\n|-boost|p2a: Iron Moth|spa|1\n|move|p1a: Empoleon|Surf|p2a: Iron Moth\n|-supereffective|p2a: Iron Moth\n|-damage|p2a: Iron Moth|0 fnt\n|faint|p2a: Iron Moth\n|-end|p2a: Iron Moth|Quark Drive|[silent]\n|\n|-heal|p1a: Empoleon|52\/100 par|[from] item: Leftovers\n|upkeep\n|\n|t:|1699727488\n|switch|p2a: Manaphy|Manaphy|100\/100\n|-damage|p2a: Manaphy|88\/100|[from] Stealth Rock\n|turn|13\n|\n|t:|1699727494\n|switch|p1a: Toxapex|Toxapex, M|100\/100\n|-activate|p1a: Toxapex|move: Sticky Web\n|-unboost|p1a: Toxapex|spe|1\n|move|p2a: Manaphy|Acid Armor|p2a: Manaphy\n|-boost|p2a: Manaphy|def|2\n|\n|-heal|p2a: Manaphy|94\/100|[from] item: Leftovers\n|upkeep\n|turn|14\n|\n|t:|1699727500\n|move|p2a: Manaphy|Take Heart|p2a: Manaphy\n|-boost|p2a: Manaphy|spa|1\n|-boost|p2a: Manaphy|spd|1\n|move|p1a: Toxapex|Haze|p1a: Toxapex\n|-clearallboost\n|\n|-heal|p2a: Manaphy|99\/100|[from] item: Leftovers\n|upkeep\n|turn|15\n|\n|t:|1699727504\n|move|p2a: Manaphy|Take Heart|p2a: Manaphy\n|-boost|p2a: Manaphy|spa|1\n|-boost|p2a: Manaphy|spd|1\n|move|p1a: Toxapex|Toxic|p2a: Manaphy\n|-status|p2a: Manaphy|tox\n|\n|-heal|p2a: Manaphy|100\/100 tox|[from] item: Leftovers\n|-damage|p2a: Manaphy|94\/100 tox|[from] psn\n|upkeep\n|turn|16\n|\n|t:|1699727508\n|move|p2a: Manaphy|Take Heart|p2a: Manaphy\n|-boost|p2a: Manaphy|spa|1\n|-boost|p2a: Manaphy|spd|1\n|-curestatus|p2a: Manaphy|tox|[msg]\n|move|p1a: Toxapex|Haze|p1a: Toxapex\n|-clearallboost\n|\n|-heal|p2a: Manaphy|100\/100|[from] item: Leftovers\n|upkeep\n|turn|17\n|\n|t:|1699727512\n|move|p2a: Manaphy|Take Heart|p2a: Manaphy\n|-boost|p2a: Manaphy|spa|1\n|-boost|p2a: Manaphy|spd|1\n|move|p1a: Toxapex|Infestation|p2a: Manaphy\n|-damage|p2a: Manaphy|99\/100\n|-activate|p2a: Manaphy|move: Infestation|[of] p1a: Toxapex\n|\n|-heal|p2a: Manaphy|100\/100|[from] item: Leftovers\n|-damage|p2a: Manaphy|88\/100|[from] move: Infestation|[partiallytrapped]\n|upkeep\n|turn|18\n|\n|t:|1699727519\n|move|p2a: Manaphy|Take Heart|p2a: Manaphy\n|-boost|p2a: Manaphy|spa|1\n|-boost|p2a: Manaphy|spd|1\n|move|p1a: Toxapex|Haze|p1a: Toxapex\n|-clearallboost\n|\n|-heal|p2a: Manaphy|94\/100|[from] item: Leftovers\n|-damage|p2a: Manaphy|82\/100|[from] move: Infestation|[partiallytrapped]\n|upkeep\n|turn|19\n|\n|t:|1699727524\n|move|p2a: Manaphy|Take Heart|p2a: Manaphy\n|-boost|p2a: Manaphy|spa|1\n|-boost|p2a: Manaphy|spd|1\n|move|p1a: Toxapex|Toxic|p2a: Manaphy\n|-status|p2a: Manaphy|tox\n|\n|-heal|p2a: Manaphy|88\/100 tox|[from] item: Leftovers\n|-damage|p2a: Manaphy|82\/100 tox|[from] psn\n|-damage|p2a: Manaphy|69\/100 tox|[from] move: Infestation|[partiallytrapped]\n|upkeep\n|turn|20\n|\n|t:|1699727527\n|move|p2a: Manaphy|Take Heart|p2a: Manaphy\n|-boost|p2a: Manaphy|spa|1\n|-boost|p2a: Manaphy|spd|1\n|-curestatus|p2a: Manaphy|tox|[msg]\n|move|p1a: Toxapex|Haze|p1a: Toxapex\n|-clearallboost\n|\n|-heal|p2a: Manaphy|75\/100|[from] item: Leftovers\n|-damage|p2a: Manaphy|63\/100|[from] move: Infestation|[partiallytrapped]\n|upkeep\n|turn|21\n|\n|t:|1699727535\n|move|p2a: Manaphy|Take Heart|p2a: Manaphy\n|-boost|p2a: Manaphy|spa|1\n|-boost|p2a: Manaphy|spd|1\n|move|p1a: Toxapex|Toxic|p2a: Manaphy\n|-status|p2a: Manaphy|tox\n|\n|-heal|p2a: Manaphy|69\/100 tox|[from] item: Leftovers\n|-damage|p2a: Manaphy|63\/100 tox|[from] psn\n|-end|p2a: Manaphy|Infestation|[partiallytrapped]\n|upkeep\n|turn|22\n|\n|t:|1699727540\n|move|p2a: Manaphy|Take Heart|p2a: Manaphy\n|-boost|p2a: Manaphy|spa|1\n|-boost|p2a: Manaphy|spd|1\n|-curestatus|p2a: Manaphy|tox|[msg]\n|move|p1a: Toxapex|Haze|p1a: Toxapex\n|-clearallboost\n|\n|-heal|p2a: Manaphy|69\/100|[from] item: Leftovers\n|upkeep\n|turn|23\n|\n|t:|1699727542\n|switch|p2a: Gholdengo|Gholdengo|100\/100\n|-damage|p2a: Gholdengo|94\/100|[from] Stealth Rock\n|-item|p2a: Gholdengo|Air Balloon\n|move|p1a: Toxapex|Infestation|p2a: Gholdengo\n|-resisted|p2a: Gholdengo\n|-crit|p2a: Gholdengo\n|-damage|p2a: Gholdengo|93\/100\n|-activate|p2a: Gholdengo|move: Infestation|[of] p1a: Toxapex\n|-enditem|p2a: Gholdengo|Air Balloon\n|\n|-damage|p2a: Gholdengo|81\/100|[from] move: Infestation|[partiallytrapped]\n|upkeep\n|turn|24\n|\n|t:|1699727549\n|switch|p1a: Cinderace|Cinderace, F|100\/100\n|move|p2a: Gholdengo|Nasty Plot|p2a: Gholdengo\n|-boost|p2a: Gholdengo|spa|2\n|\n|-end|p2a: Gholdengo|Infestation|[partiallytrapped]|[silent]\n|upkeep\n|turn|25\n|\n|t:|1699727557\n|-terastallize|p2a: Gholdengo|Dark\n|move|p1a: Cinderace|Pyro Ball|p2a: Gholdengo\n|-damage|p2a: Gholdengo|29\/100\n|move|p2a: Gholdengo|Shadow Ball|p1a: Cinderace\n|-damage|p1a: Cinderace|0 fnt\n|faint|p1a: Cinderace\n|\n|upkeep\n|\n|t:|1699727567\n|switch|p1a: Gliscor|Gliscor, M|100\/100 tox\n|turn|26\n|\n|t:|1699727573\n|move|p2a: Gholdengo|Make It Rain|p1a: Gliscor\n|-damage|p1a: Gliscor|0 fnt\n|-unboost|p2a: Gholdengo|spa|1\n|faint|p1a: Gliscor\n|\n|upkeep\n|\n|t:|1699727575\n|switch|p1a: Great Tusk|Great Tusk|100\/100\n|-activate|p1a: Great Tusk|move: Sticky Web\n|-unboost|p1a: Great Tusk|spe|1\n|turn|27\n|\n|t:|1699727581\n|move|p2a: Gholdengo|Make It Rain|p1a: Great Tusk\n|-damage|p1a: Great Tusk|0 fnt\n|-unboost|p2a: Gholdengo|spa|1\n|faint|p1a: Great Tusk\n|-end|p1a: Great Tusk|Protosynthesis|[silent]\n|\n|upkeep\n|\n|t:|1699727588\n|switch|p1a: Empoleon|Empoleon, F|52\/100 par\n|-activate|p1a: Empoleon|move: Sticky Web\n|-unboost|p1a: Empoleon|spe|1\n|-ability|p1a: Empoleon|Competitive|boost\n|-boost|p1a: Empoleon|spa|2\n|turn|28\n|\n|t:|1699727599\n|move|p2a: Gholdengo|Shadow Ball|p1a: Empoleon\n|-damage|p1a: Empoleon|24\/100 par\n|-unboost|p1a: Empoleon|spd|1\n|-ability|p1a: Empoleon|Competitive|boost\n|-boost|p1a: Empoleon|spa|2\n|cant|p1a: Empoleon|par\n|\n|-heal|p1a: Empoleon|31\/100 par|[from] item: Leftovers\n|upkeep\n|turn|29\n|\n|t:|1699727610\n|move|p2a: Gholdengo|Shadow Ball|p1a: Empoleon\n|-damage|p1a: Empoleon|0 fnt\n|faint|p1a: Empoleon\n|\n|upkeep\n|\n|t:|1699727612\n|switch|p1a: Toxapex|Toxapex, M|100\/100\n|-activate|p1a: Toxapex|move: Sticky Web\n|-unboost|p1a: Toxapex|spe|1\n|turn|30\n|\n|t:|1699727618\n|move|p2a: Gholdengo|Nasty Plot|p2a: Gholdengo\n|-boost|p2a: Gholdengo|spa|2\n|move|p1a: Toxapex|Infestation|p2a: Gholdengo\n|-supereffective|p2a: Gholdengo\n|-damage|p2a: Gholdengo|23\/100\n|-activate|p2a: Gholdengo|move: Infestation|[of] p1a: Toxapex\n|\n|-damage|p2a: Gholdengo|11\/100|[from] move: Infestation|[partiallytrapped]\n|upkeep\n|turn|31\n|\n|t:|1699727623\n|move|p2a: Gholdengo|Shadow Ball|p1a: Toxapex\n|-damage|p1a: Toxapex|35\/100\n|-unboost|p1a: Toxapex|spd|1\n|move|p1a: Toxapex|Recover|p1a: Toxapex\n|-heal|p1a: Toxapex|85\/100\n|\n|-heal|p1a: Toxapex|91\/100|[from] item: Leftovers\n|-damage|p2a: Gholdengo|0 fnt|[from] move: Infestation|[partiallytrapped]\n|faint|p2a: Gholdengo\n|upkeep\n|\n|t:|1699727629\n|switch|p2a: Kingambit|Kingambit, F|100\/100\n|-damage|p2a: Kingambit|94\/100|[from] Stealth Rock\n|-activate|p2a: Kingambit|ability: Supreme Overlord\n|-start|p2a: Kingambit|fallen4|[silent]\n|turn|32\n|\n|t:|1699727635\n|switch|p1a: Dragonite|Dragonite, M|3\/100\n|move|p2a: Kingambit|Swords Dance|p2a: Kingambit\n|-boost|p2a: Kingambit|atk|2\n|\n|upkeep\n|turn|33\n|\n|t:|1699727638\n|move|p1a: Dragonite|Encore|p2a: Kingambit\n|-start|p2a: Kingambit|Encore\n|move|p2a: Kingambit|Swords Dance|p2a: Kingambit\n|-boost|p2a: Kingambit|atk|2\n|\n|upkeep\n|turn|34\n|\n|t:|1699727646\n|-end|p2a: Kingambit|fallen4|[silent]\n|switch|p2a: Manaphy|Manaphy|69\/100\n|-damage|p2a: Manaphy|57\/100|[from] Stealth Rock\n|move|p1a: Dragonite|Roost|p1a: Dragonite\n|-heal|p1a: Dragonite|53\/100\n|-singleturn|p1a: Dragonite|move: Roost\n|\n|-heal|p2a: Manaphy|63\/100|[from] item: Leftovers\n|upkeep\n|turn|35\n|\n|t:|1699727653\n|switch|p1a: Toxapex|Toxapex, M|100\/100\n|-activate|p1a: Toxapex|move: Sticky Web\n|-unboost|p1a: Toxapex|spe|1\n|move|p2a: Manaphy|Scald|p1a: Toxapex\n|-resisted|p1a: Toxapex\n|-damage|p1a: Toxapex|87\/100\n|-status|p1a: Toxapex|brn\n|\n|-heal|p2a: Manaphy|69\/100|[from] item: Leftovers\n|-heal|p1a: Toxapex|93\/100 brn|[from] item: Leftovers\n|-damage|p1a: Toxapex|87\/100 brn|[from] brn\n|upkeep\n|turn|36\n|\n|t:|1699727667\n|move|p2a: Manaphy|Take Heart|p2a: Manaphy\n|-boost|p2a: Manaphy|spa|1\n|-boost|p2a: Manaphy|spd|1\n|move|p1a: Toxapex|Infestation|p2a: Manaphy\n|-damage|p2a: Manaphy|67\/100\n|-activate|p2a: Manaphy|move: Infestation|[of] p1a: Toxapex\n|\n|-heal|p2a: Manaphy|73\/100|[from] item: Leftovers\n|-heal|p1a: Toxapex|93\/100 brn|[from] item: Leftovers\n|-damage|p1a: Toxapex|87\/100 brn|[from] brn\n|-damage|p2a: Manaphy|61\/100|[from] move: Infestation|[partiallytrapped]\n|upkeep\n|turn|37\n|\n|t:|1699727670\n|move|p2a: Manaphy|Stored Power|p1a: Toxapex\n|-supereffective|p1a: Toxapex\n|-damage|p1a: Toxapex|49\/100 brn\n|move|p1a: Toxapex|Haze|p1a: Toxapex\n|-clearallboost\n|\n|-heal|p2a: Manaphy|67\/100|[from] item: Leftovers\n|-heal|p1a: Toxapex|55\/100 brn|[from] item: Leftovers\n|-damage|p1a: Toxapex|49\/100 brn|[from] brn\n|-damage|p2a: Manaphy|54\/100|[from] move: Infestation|[partiallytrapped]\n|upkeep\n|turn|38\n|\n|t:|1699727677\n|move|p2a: Manaphy|Take Heart|p2a: Manaphy\n|-boost|p2a: Manaphy|spa|1\n|-boost|p2a: Manaphy|spd|1\n|move|p1a: Toxapex|Recover|p1a: Toxapex\n|-heal|p1a: Toxapex|99\/100 brn\n|\n|-heal|p2a: Manaphy|60\/100|[from] item: Leftovers\n|-heal|p1a: Toxapex|100\/100 brn|[from] item: Leftovers\n|-damage|p1a: Toxapex|94\/100 brn|[from] brn\n|-damage|p2a: Manaphy|48\/100|[from] move: Infestation|[partiallytrapped]\n|upkeep\n|turn|39\n|\n|t:|1699727682\n|move|p2a: Manaphy|Stored Power|p1a: Toxapex\n|-supereffective|p1a: Toxapex\n|-damage|p1a: Toxapex|54\/100 brn\n|move|p1a: Toxapex|Haze|p1a: Toxapex\n|-clearallboost\n|\n|-heal|p2a: Manaphy|54\/100|[from] item: Leftovers\n|-heal|p1a: Toxapex|60\/100 brn|[from] item: Leftovers\n|-damage|p1a: Toxapex|54\/100 brn|[from] brn\n|-damage|p2a: Manaphy|42\/100|[from] move: Infestation|[partiallytrapped]\n|upkeep\n|turn|40\n|\n|t:|1699727688\n|move|p2a: Manaphy|Take Heart|p2a: Manaphy\n|-boost|p2a: Manaphy|spa|1\n|-boost|p2a: Manaphy|spd|1\n|move|p1a: Toxapex|Recover|p1a: Toxapex\n|-heal|p1a: Toxapex|100\/100 brn\n|\n|-heal|p2a: Manaphy|48\/100|[from] item: Leftovers\n|-damage|p1a: Toxapex|94\/100 brn|[from] brn\n|-damage|p2a: Manaphy|35\/100|[from] move: Infestation|[partiallytrapped]\n|upkeep\n|turn|41\n|\n|t:|1699727690\n|move|p2a: Manaphy|Stored Power|p1a: Toxapex\n|-supereffective|p1a: Toxapex\n|-damage|p1a: Toxapex|57\/100 brn\n|move|p1a: Toxapex|Haze|p1a: Toxapex\n|-clearallboost\n|\n|-heal|p2a: Manaphy|41\/100|[from] item: Leftovers\n|-heal|p1a: Toxapex|63\/100 brn|[from] item: Leftovers\n|-damage|p1a: Toxapex|57\/100 brn|[from] brn\n|-end|p2a: Manaphy|Infestation|[partiallytrapped]\n|upkeep\n|turn|42\n|\n|t:|1699727698\n|switch|p2a: Kingambit|Kingambit, F|94\/100\n|-damage|p2a: Kingambit|88\/100|[from] Stealth Rock\n|-activate|p2a: Kingambit|ability: Supreme Overlord\n|-start|p2a: Kingambit|fallen4|[silent]\n|move|p1a: Toxapex|Infestation|p2a: Kingambit\n|-damage|p2a: Kingambit|85\/100\n|-activate|p2a: Kingambit|move: Infestation|[of] p1a: Toxapex\n|\n|-heal|p1a: Toxapex|63\/100 brn|[from] item: Leftovers\n|-damage|p1a: Toxapex|57\/100 brn|[from] brn\n|-damage|p2a: Kingambit|73\/100|[from] move: Infestation|[partiallytrapped]\n|upkeep\n|turn|43\n|\n|t:|1699727703\n|switch|p1a: Dragonite|Dragonite, M|53\/100\n|move|p2a: Kingambit|Kowtow Cleave|p1a: Dragonite\n|-damage|p1a: Dragonite|0 fnt\n|-damage|p2a: Kingambit|56\/100|[from] item: Rocky Helmet|[of] p1a: Dragonite\n|faint|p1a: Dragonite\n|\n|-end|p2a: Kingambit|Infestation|[partiallytrapped]|[silent]\n|upkeep\n|-message|clelioushka forfeited.\n|\n|win|hmsa2012\n|raw|clelioushka's rating: 1560 &rarr; <strong>1544<\/strong><br \/>(-16 for losing)\n|raw|hmsa2012's rating: 1628 &rarr; <strong>1644<\/strong><br \/>(+16 for winning)\n|l|\u2606clelioushka\n","uploadtime":1699727819,"views":17,"p1id":"clelioushka","p2id":"hmsa2012","formatid":"gen9ou","rating":1544,"private":0,"password":""}