{"id":"gen9ou-1989524581","p1":"BizarreSlime","p2":"Becksellll","format":"[Gen 9] OU","log":"|j|\u2606BizarreSlime\n|j|\u2606Becksellll\n|t:|1699865531\n|gametype|singles\n|player|p1|BizarreSlime|archer|1285\n|player|p2|Becksellll|volkner|1280\n|teamsize|p1|6\n|teamsize|p2|6\n|gen|9\n|tier|[Gen 9] OU\n|rated|\n|rule|Sleep Clause Mod: Limit one foe put to sleep\n|rule|Species Clause: Limit one of each Pok\u00e9mon\n|rule|OHKO Clause: OHKO moves are banned\n|rule|Evasion Items Clause: Evasion items are banned\n|rule|Evasion Moves Clause: Evasion moves are banned\n|rule|Endless Battle Clause: Forcing endless battles is banned\n|rule|HP Percentage Mod: HP is shown in percentages\n|clearpoke\n|poke|p1|Amoonguss, M|\n|poke|p1|Heatran, M|\n|poke|p1|Dragapult, M|\n|poke|p1|Weavile, M|\n|poke|p1|Enamorus, F|\n|poke|p1|Great Tusk|\n|poke|p2|Ogerpon-Wellspring, F|\n|poke|p2|Gholdengo|\n|poke|p2|Kingambit, F|\n|poke|p2|Enamorus, F|\n|poke|p2|Glimmora, F|\n|poke|p2|Iron Moth|\n|teampreview\n|inactive|Battle timer is ON: inactive players will automatically lose when time's up. (requested by Becksellll)\n|inactive|BizarreSlime has 120 seconds left.\n|\n|t:|1699865579\n|start\n|switch|p1a: Great Tusk|Great Tusk, shiny|100\/100\n|switch|p2a: Glimmora|Glimmora, F|100\/100\n|turn|1\n|\n|t:|1699865588\n|move|p2a: Glimmora|Energy Ball|p1a: Great Tusk\n|-supereffective|p1a: Great Tusk\n|-damage|p1a: Great Tusk|17\/100\n|move|p1a: Great Tusk|Earthquake|p2a: Glimmora\n|-supereffective|p2a: Glimmora\n|-enditem|p2a: Glimmora|Focus Sash\n|-damage|p2a: Glimmora|1\/100\n|-activate|p2a: Glimmora|ability: Toxic Debris\n|-sidestart|p1: BizarreSlime|move: Toxic Spikes\n|\n|-heal|p1a: Great Tusk|23\/100|[from] item: Leftovers\n|upkeep\n|turn|2\n|\n|t:|1699865599\n|-end|p1a: Great Tusk|Protosynthesis|[silent]\n|switch|p1a: Amoonguss|Amoonguss, M, shiny|100\/100\n|-sideend|p1: BizarreSlime|move: Toxic Spikes|[of] p1a: Amoonguss\n|move|p2a: Glimmora|Energy Ball|p1a: Amoonguss\n|-resisted|p1a: Amoonguss\n|-damage|p1a: Amoonguss|95\/100\n|-enditem|p1a: Amoonguss|Red Card|[of] p2a: Glimmora\n|drag|p2a: Gholdengo|Gholdengo|100\/100\n|-item|p2a: Gholdengo|Air Balloon\n|\n|upkeep\n|turn|3\n|\n|t:|1699865611\n|move|p2a: Gholdengo|Shadow Ball|p1a: Amoonguss\n|-damage|p1a: Amoonguss|64\/100\n|move|p1a: Amoonguss|Giga Drain|p2a: Gholdengo\n|-resisted|p2a: Gholdengo\n|-damage|p2a: Gholdengo|88\/100\n|-heal|p1a: Amoonguss|69\/100|[from] drain|[of] p2a: Gholdengo\n|-enditem|p2a: Gholdengo|Air Balloon\n|\n|upkeep\n|turn|4\n|\n|t:|1699865618\n|move|p2a: Gholdengo|Nasty Plot|p2a: Gholdengo\n|-boost|p2a: Gholdengo|spa|2\n|move|p1a: Amoonguss|Spore|p2a: Gholdengo\n|-immune|p2a: Gholdengo|[from] ability: Good as Gold\n|\n|upkeep\n|turn|5\n|\n|t:|1699865626\n|move|p2a: Gholdengo|Shadow Ball|p1a: Amoonguss\n|-damage|p1a: Amoonguss|9\/100\n|move|p1a: Amoonguss|Stomping Tantrum|p2a: Gholdengo\n|-supereffective|p2a: Gholdengo\n|-damage|p2a: Gholdengo|20\/100\n|\n|upkeep\n|turn|6\n|\n|t:|1699865635\n|-terastallize|p1a: Amoonguss|Normal\n|move|p2a: Gholdengo|Shadow Ball|p1a: Amoonguss\n|-immune|p1a: Amoonguss\n|move|p1a: Amoonguss|Stomping Tantrum|p2a: Gholdengo\n|-supereffective|p2a: Gholdengo\n|-damage|p2a: Gholdengo|0 fnt\n|faint|p2a: Gholdengo\n|\n|upkeep\n|\n|t:|1699865648\n|switch|p2a: Glimmora|Glimmora, F|1\/100\n|turn|7\n|\n|t:|1699865656\n|switch|p1a: Enamorus|Enamorus, F, shiny|100\/100\n|move|p2a: Glimmora|Stealth Rock|p1a: Enamorus\n|-sidestart|p1: BizarreSlime|move: Stealth Rock\n|\n|upkeep\n|turn|8\n|\n|t:|1699865665\n|move|p1a: Enamorus|Moonblast|p2a: Glimmora\n|-resisted|p2a: Glimmora\n|-damage|p2a: Glimmora|0 fnt\n|faint|p2a: Glimmora\n|\n|upkeep\n|\n|t:|1699865673\n|switch|p2a: Iron Moth|Iron Moth|100\/100\n|-enditem|p2a: Iron Moth|Booster Energy\n|-activate|p2a: Iron Moth|ability: Quark Drive|[fromitem]\n|-start|p2a: Iron Moth|quarkdrivespe\n|turn|9\n|\n|t:|1699865683\n|move|p2a: Iron Moth|Fiery Dance|p1a: Enamorus\n|-damage|p1a: Enamorus|46\/100\n|move|p1a: Enamorus|Healing Wish|p1a: Enamorus\n|faint|p1a: Enamorus\n|\n|upkeep\n|\n|t:|1699865694\n|switch|p1a: Amoonguss|Amoonguss, M, shiny, tera:Normal|42\/100\n|-heal|p1a: Amoonguss|100\/100|[from] move: Healing Wish\n|-damage|p1a: Amoonguss|88\/100|[from] Stealth Rock\n|turn|10\n|\n|t:|1699865703\n|move|p2a: Iron Moth|Substitute|p2a: Iron Moth\n|-start|p2a: Iron Moth|Substitute\n|-damage|p2a: Iron Moth|76\/100\n|move|p1a: Amoonguss|Stomping Tantrum|p2a: Iron Moth\n|-supereffective|p2a: Iron Moth\n|-end|p2a: Iron Moth|Substitute\n|\n|upkeep\n|turn|11\n|\n|t:|1699865730\n|-terastallize|p2a: Iron Moth|Ground\n|move|p2a: Iron Moth|Fiery Dance|p1a: Amoonguss\n|-damage|p1a: Amoonguss|61\/100\n|-boost|p2a: Iron Moth|spa|1\n|move|p1a: Amoonguss|Stomping Tantrum|p2a: Iron Moth\n|-damage|p2a: Iron Moth|53\/100\n|\n|upkeep\n|turn|12\n|\n|t:|1699865740\n|move|p2a: Iron Moth|Substitute|p2a: Iron Moth\n|-start|p2a: Iron Moth|Substitute\n|-damage|p2a: Iron Moth|28\/100\n|move|p1a: Amoonguss|Giga Drain|p2a: Iron Moth\n|-supereffective|p2a: Iron Moth\n|-end|p2a: Iron Moth|Substitute\n|-heal|p1a: Amoonguss|69\/100|[from] drain|[of] p2a: Iron Moth\n|\n|upkeep\n|turn|13\n|\n|t:|1699865748\n|move|p2a: Iron Moth|Sludge Wave|p1a: Amoonguss\n|-damage|p1a: Amoonguss|20\/100\n|move|p1a: Amoonguss|Giga Drain|p2a: Iron Moth\n|-supereffective|p2a: Iron Moth\n|-damage|p2a: Iron Moth|0 fnt\n|-heal|p1a: Amoonguss|29\/100|[from] drain|[of] p2a: Iron Moth\n|faint|p2a: Iron Moth\n|-end|p2a: Iron Moth|Quark Drive|[silent]\n|\n|upkeep\n|\n|t:|1699865760\n|switch|p2a: Kingambit|Kingambit, F|100\/100\n|-activate|p2a: Kingambit|ability: Supreme Overlord\n|-start|p2a: Kingambit|fallen3|[silent]\n|turn|14\n|\n|t:|1699865764\n|move|p2a: Kingambit|Kowtow Cleave|p1a: Amoonguss\n|-damage|p1a: Amoonguss|0 fnt\n|faint|p1a: Amoonguss\n|\n|upkeep\n|\n|t:|1699865766\n|switch|p1a: Great Tusk|Great Tusk, shiny|23\/100\n|-damage|p1a: Great Tusk|20\/100|[from] Stealth Rock\n|turn|15\n|\n|t:|1699865775\n|move|p2a: Kingambit|Sucker Punch|p1a: Great Tusk\n|-resisted|p1a: Great Tusk\n|-damage|p1a: Great Tusk|1\/100\n|move|p1a: Great Tusk|Close Combat|p2a: Kingambit\n|-supereffective|p2a: Kingambit\n|-damage|p2a: Kingambit|0 fnt\n|-unboost|p1a: Great Tusk|def|1\n|-unboost|p1a: Great Tusk|spd|1\n|faint|p2a: Kingambit\n|-end|p2a: Kingambit|fallen3|[silent]\n|\n|-heal|p1a: Great Tusk|7\/100|[from] item: Leftovers\n|upkeep\n|\n|t:|1699865789\n|switch|p2a: Enamorus|Enamorus, F|100\/100\n|turn|16\n|\n|t:|1699865792\n|move|p2a: Enamorus|Earth Power|p1a: Great Tusk\n|-damage|p1a: Great Tusk|0 fnt\n|faint|p1a: Great Tusk\n|-end|p1a: Great Tusk|Protosynthesis|[silent]\n|\n|upkeep\n|\n|t:|1699865802\n|switch|p1a: Heatran|Heatran, M, shiny|100\/100\n|-damage|p1a: Heatran|88\/100|[from] Stealth Rock\n|-item|p1a: Heatran|Air Balloon\n|turn|17\n|\n|t:|1699865807\n|move|p2a: Enamorus|Earth Power|p1a: Heatran\n|-immune|p1a: Heatran\n|move|p1a: Heatran|Magma Storm|p2a: Enamorus\n|-crit|p2a: Enamorus\n|-damage|p2a: Enamorus|0 fnt\n|faint|p2a: Enamorus\n|\n|upkeep\n|\n|t:|1699865809\n|switch|p2a: Ogerpon|Ogerpon-Wellspring, F|100\/100\n|turn|18\n|\n|t:|1699865817\n|move|p2a: Ogerpon|Ivy Cudgel|p1a: Heatran\n|-supereffective|p1a: Heatran\n|-damage|p1a: Heatran|0 fnt\n|-enditem|p1a: Heatran|Air Balloon\n|faint|p1a: Heatran\n|\n|upkeep\n|\n|t:|1699865819\n|switch|p1a: Dragapult|Dragapult, M, shiny|100\/100\n|turn|19\n|\n|t:|1699865826\n|move|p1a: Dragapult|Dragon Darts|p2a: Ogerpon\n|-damage|p2a: Ogerpon|72\/100\n|-anim|p1a: Dragapult|Dragon Darts|p2a: Ogerpon\n|-damage|p2a: Ogerpon|46\/100\n|move|p2a: Ogerpon|Ivy Cudgel|p1a: Dragapult\n|-resisted|p1a: Dragapult\n|-damage|p1a: Dragapult|59\/100\n|\n|upkeep\n|turn|20\n|\n|t:|1699865830\n|move|p1a: Dragapult|Dragon Darts|p2a: Ogerpon\n|-damage|p2a: Ogerpon|19\/100\n|-anim|p1a: Dragapult|Dragon Darts|p2a: Ogerpon\n|-damage|p2a: Ogerpon|0 fnt\n|faint|p2a: Ogerpon\n|\n|win|BizarreSlime\n|raw|BizarreSlime's rating: 1285 &rarr; <strong>1310<\/strong><br \/>(+25 for winning)\n|raw|Becksellll's rating: 1280 &rarr; <strong>1255<\/strong><br \/>(-25 for losing)\n|l|\u2606Becksellll\n","uploadtime":1699865836,"views":8,"p1id":"bizarreslime","p2id":"becksellll","formatid":"gen9ou","rating":1255,"private":0,"password":""}