{"id":"gen9ou-1995347051","p1":"Chatform","p2":"OU noooob 1","format":"[Gen 9] OU","log":"|j|\u2606Chatform\n|j|\u2606OU noooob 1\n|t:|1700557600\n|gametype|singles\n|player|p1|Chatform|harlequin|1246\n|player|p2|OU noooob 1|preschooler|1222\n|teamsize|p1|6\n|teamsize|p2|6\n|gen|9\n|tier|[Gen 9] OU\n|rated|\n|rule|Sleep Clause Mod: Limit one foe put to sleep\n|rule|Species Clause: Limit one of each Pok\u00e9mon\n|rule|OHKO Clause: OHKO moves are banned\n|rule|Evasion Items Clause: Evasion items are banned\n|rule|Evasion Moves Clause: Evasion moves are banned\n|rule|Endless Battle Clause: Forcing endless battles is banned\n|rule|HP Percentage Mod: HP is shown in percentages\n|clearpoke\n|poke|p1|Weavile, F|\n|poke|p1|Ogerpon-Wellspring, F|\n|poke|p1|Corviknight, M|\n|poke|p1|Clefable, F|\n|poke|p1|Dragonite, M|\n|poke|p1|Alomomola, F|\n|poke|p2|Iron Moth|\n|poke|p2|Iron Valiant|\n|poke|p2|Kingambit, F|\n|poke|p2|Great Tusk|\n|poke|p2|Samurott-Hisui, F|\n|poke|p2|Enamorus, F|\n|teampreview\n|\n|t:|1700557621\n|start\n|switch|p1a: Weavile|Weavile, F|100\/100\n|switch|p2a: Samurott|Samurott-Hisui, F|100\/100\n|-ability|p1a: Weavile|Pressure\n|turn|1\n|inactive|Battle timer is ON: inactive players will automatically lose when time's up. (requested by Chatform)\n|\n|t:|1700557672\n|move|p1a: Weavile|Low Kick|p2a: Samurott\n|-supereffective|p2a: Samurott\n|-damage|p2a: Samurott|38\/100\n|move|p2a: Samurott|Razor Shell|p1a: Weavile\n|-damage|p1a: Weavile|19\/100\n|\n|upkeep\n|turn|2\n|\n|t:|1700557679\n|switch|p1a: Alomomola|Alomomola, F|100\/100\n|move|p2a: Samurott|Sucker Punch||[still]\n|-fail|p2a: Samurott\n|\n|upkeep\n|turn|3\n|\n|t:|1700557686\n|move|p2a: Samurott|Ceaseless Edge|p1a: Alomomola\n|-damage|p1a: Alomomola|78\/100\n|-sidestart|p1: Chatform|Spikes\n|move|p1a: Alomomola|Whirlpool|p2a: Samurott\n|-resisted|p2a: Samurott\n|-damage|p2a: Samurott|34\/100\n|-activate|p2a: Samurott|move: Whirlpool|[of] p1a: Alomomola\n|\n|-damage|p2a: Samurott|21\/100|[from] move: Whirlpool|[partiallytrapped]\n|upkeep\n|turn|4\n|\n|t:|1700557693\n|move|p2a: Samurott|Ceaseless Edge|p1a: Alomomola\n|-damage|p1a: Alomomola|56\/100\n|-sidestart|p1: Chatform|Spikes\n|move|p1a: Alomomola|Wish|p1a: Alomomola\n|\n|-damage|p2a: Samurott|9\/100|[from] move: Whirlpool|[partiallytrapped]\n|upkeep\n|turn|5\n|\n|t:|1700557701\n|move|p2a: Samurott|Ceaseless Edge|p1a: Alomomola\n|-damage|p1a: Alomomola|33\/100\n|-sidestart|p1: Chatform|Spikes\n|move|p1a: Alomomola|Flip Turn|p2a: Samurott\n|-resisted|p2a: Samurott\n|-damage|p2a: Samurott|0 fnt\n|faint|p2a: Samurott\n|\n|t:|1700557710\n|switch|p1a: Corviknight|Corviknight, M|100\/100|[from] Flip Turn\n|-ability|p1a: Corviknight|Pressure\n|\n|upkeep\n|\n|t:|1700557718\n|switch|p2a: Iron Valiant|Iron Valiant|100\/100\n|-enditem|p2a: Iron Valiant|Booster Energy\n|-activate|p2a: Iron Valiant|ability: Quark Drive|[fromitem]\n|-start|p2a: Iron Valiant|quarkdrivespe\n|turn|6\n|\n|t:|1700557723\n|move|p2a: Iron Valiant|Swords Dance|p2a: Iron Valiant\n|-boost|p2a: Iron Valiant|atk|2\n|move|p1a: Corviknight|Tailwind|p1a: Corviknight\n|-sidestart|p1: Chatform|move: Tailwind\n|\n|upkeep\n|turn|7\n|\n|t:|1700557728\n|move|p2a: Iron Valiant|Encore|p1a: Corviknight\n|-start|p1a: Corviknight|Encore\n|move|p1a: Corviknight|Tailwind||[still]\n|-fail|p1a: Corviknight\n|\n|upkeep\n|turn|8\n|\n|t:|1700557737\n|switch|p1a: Alomomola|Alomomola, F|66\/100\n|move|p2a: Iron Valiant|Knock Off|p1a: Alomomola\n|-damage|p1a: Alomomola|31\/100\n|-enditem|p1a: Alomomola|Heavy-Duty Boots|[from] move: Knock Off|[of] p2a: Iron Valiant\n|\n|upkeep\n|turn|9\n|\n|t:|1700557745\n|switch|p1a: Weavile|Weavile, F|19\/100\n|-damage|p1a: Weavile|0 fnt|[from] Spikes\n|faint|p1a: Weavile\n|move|p2a: Iron Valiant|Close Combat|p1: Weavile|[notarget]\n|-fail|p2a: Iron Valiant\n|\n|-sideend|p1: Chatform|move: Tailwind\n|upkeep\n|\n|t:|1700557752\n|switch|p1a: Clefable|Clefable, F|100\/100\n|-damage|p1a: Clefable|76\/100|[from] Spikes\n|turn|10\n|inactive|OU noooob 1 has 120 seconds left.\n|\n|t:|1700557802\n|-end|p2a: Iron Valiant|Quark Drive|[silent]\n|switch|p2a: Iron Moth|Iron Moth|100\/100\n|-enditem|p2a: Iron Moth|Booster Energy\n|-activate|p2a: Iron Moth|ability: Quark Drive|[fromitem]\n|-start|p2a: Iron Moth|quarkdrivespe\n|move|p1a: Clefable|Dazzling Gleam|p2a: Iron Moth\n|-resisted|p2a: Iron Moth\n|-damage|p2a: Iron Moth|91\/100\n|\n|-heal|p1a: Clefable|82\/100|[from] item: Leftovers\n|upkeep\n|turn|11\n|\n|t:|1700557810\n|switch|p1a: Alomomola|Alomomola, F|64\/100\n|-damage|p1a: Alomomola|39\/100|[from] Spikes\n|move|p2a: Iron Moth|Substitute|p2a: Iron Moth\n|-start|p2a: Iron Moth|Substitute\n|-damage|p2a: Iron Moth|66\/100\n|\n|upkeep\n|turn|12\n|\n|t:|1700557818\n|move|p2a: Iron Moth|Sludge Wave|p1a: Alomomola\n|-damage|p1a: Alomomola|0 fnt\n|faint|p1a: Alomomola\n|\n|upkeep\n|\n|t:|1700557824\n|switch|p1a: Corviknight|Corviknight, M|100\/100\n|-ability|p1a: Corviknight|Pressure\n|turn|13\n|\n|t:|1700557831\n|move|p2a: Iron Moth|Fiery Dance|p1a: Corviknight\n|-supereffective|p1a: Corviknight\n|-damage|p1a: Corviknight|27\/100\n|-boost|p2a: Iron Moth|spa|1\n|move|p1a: Corviknight|Defog|p2a: Iron Moth\n|-sideend|p1: Chatform|Spikes|[from] move: Defog|[of] p1a: Corviknight\n|\n|-heal|p1a: Corviknight|33\/100|[from] item: Leftovers\n|upkeep\n|turn|14\n|\n|t:|1700557841\n|move|p2a: Iron Moth|Fiery Dance|p1a: Corviknight\n|-supereffective|p1a: Corviknight\n|-damage|p1a: Corviknight|0 fnt\n|-boost|p2a: Iron Moth|spa|1\n|faint|p1a: Corviknight\n|\n|upkeep\n|\n|t:|1700557846\n|switch|p1a: Clefable|Clefable, F|82\/100\n|turn|15\n|j| Coffee&whiskey\n|\n|t:|1700557865\n|move|p2a: Iron Moth|Sludge Wave|p1a: Clefable\n|-supereffective|p1a: Clefable\n|-damage|p1a: Clefable|0 fnt\n|faint|p1a: Clefable\n|\n|upkeep\n|-message|Chatform forfeited.\n|\n|win|OU noooob 1\n|raw|Chatform's rating: 1246 &rarr; <strong>1219<\/strong><br \/>(-27 for losing)\n|raw|OU noooob 1's rating: 1222 &rarr; <strong>1249<\/strong><br \/>(+27 for winning)\n|l|\u2606Chatform\n","uploadtime":1700557876,"views":3,"p1id":"chatform","p2id":"ounoooob1","formatid":"gen9ou","rating":1219,"private":0,"password":""}