{"id":"gen9ou-1994399740","p1":"puterrier","p2":"Drampa\u5927Raivoso","format":"[Gen 9] OU","log":"|j|\u2606puterrier\n|j|\u2606Drampa\u5927Raivoso\n|inactive|Battle timer is ON: inactive players will automatically lose when time's up.\n|t:|1700439546\n|gametype|singles\n|player|p1|puterrier|blackbelt|\n|player|p2|Drampa\u5927Raivoso|n-masters|\n|teamsize|p1|6\n|teamsize|p2|6\n|gen|9\n|tier|[Gen 9] OU\n|rated|Tournament battle\n|rule|Sleep Clause Mod: Limit one foe put to sleep\n|rule|Species Clause: Limit one of each Pok\u00e9mon\n|rule|OHKO Clause: OHKO moves are banned\n|rule|Evasion Items Clause: Evasion items are banned\n|rule|Evasion Moves Clause: Evasion moves are banned\n|rule|Endless Battle Clause: Forcing endless battles is banned\n|rule|HP Percentage Mod: HP is shown in percentages\n|clearpoke\n|poke|p1|Rillaboom, F|\n|poke|p1|Cinderace, M|\n|poke|p1|Ogerpon-Cornerstone, F|\n|poke|p1|Kingambit, M|\n|poke|p1|Great Tusk|\n|poke|p1|Iron Valiant|\n|poke|p2|Kingambit, M|\n|poke|p2|Glimmora, F|\n|poke|p2|Zamazenta-*|\n|poke|p2|Iron Valiant|\n|poke|p2|Iron Moth|\n|poke|p2|Ogerpon-Wellspring, F|\n|teampreview\n|j|@Irly\n|inactive|Drampa\u5927Raivoso also wants the timer to be on.\n|j|+ghiteoff\n|inactive|Drampa\u5927Raivoso has 120 seconds left.\n|\n|t:|1700439580\n|start\n|switch|p1a: Iron Valiant|Iron Valiant|100\/100\n|switch|p2a: Fr\u00f4|Glimmora, F|100\/100\n|-enditem|p1a: Iron Valiant|Booster Energy\n|-activate|p1a: Iron Valiant|ability: Quark Drive|[fromitem]\n|-start|p1a: Iron Valiant|quarkdrivespe\n|turn|1\n|\n|t:|1700439583\n|move|p1a: Iron Valiant|Calm Mind|p1a: Iron Valiant\n|-boost|p1a: Iron Valiant|spa|1\n|-boost|p1a: Iron Valiant|spd|1\n|move|p2a: Fr\u00f4|Stealth Rock|p1a: Iron Valiant\n|-sidestart|p1: puterrier|move: Stealth Rock\n|\n|upkeep\n|turn|2\n|\n|t:|1700439585\n|move|p1a: Iron Valiant|Encore|p2a: Fr\u00f4\n|-start|p2a: Fr\u00f4|Encore\n|move|p2a: Fr\u00f4|Stealth Rock||[still]\n|-fail|p2a: Fr\u00f4\n|\n|upkeep\n|turn|3\n|\n|t:|1700439602\n|switch|p2a: Maskara|Ogerpon-Wellspring, F|100\/100\n|move|p1a: Iron Valiant|Thunderbolt|p2a: Maskara\n|-damage|p2a: Maskara|48\/100\n|\n|upkeep\n|turn|4\n|\n|t:|1700439607\n|move|p1a: Iron Valiant|Thunderbolt|p2a: Maskara\n|-damage|p2a: Maskara|0 fnt\n|faint|p2a: Maskara\n|\n|upkeep\n|\n|t:|1700439612\n|switch|p2a: 2B|Iron Valiant|100\/100\n|-enditem|p2a: 2B|Booster Energy\n|-activate|p2a: 2B|ability: Quark Drive|[fromitem]\n|-start|p2a: 2B|quarkdrivespe\n|turn|5\n|\n|t:|1700439622\n|-terastallize|p1a: Iron Valiant|Electric\n|move|p1a: Iron Valiant|Thunderbolt|p2a: 2B\n|-damage|p2a: 2B|0 fnt\n|faint|p2a: 2B\n|-end|p2a: 2B|Quark Drive|[silent]\n|\n|upkeep\n|c|\u2606Drampa\u5927Raivoso|pai ta ruim de tie hoje\n|\n|t:|1700439640\n|switch|p2a: Fr\u00f4|Glimmora, F|100\/100\n|turn|6\n|\n|t:|1700439644\n|move|p1a: Iron Valiant|Thunderbolt|p2a: Fr\u00f4\n|-damage|p2a: Fr\u00f4|8\/100\n|-status|p2a: Fr\u00f4|par\n|cant|p2a: Fr\u00f4|par\n|\n|upkeep\n|turn|7\n|c|\u2606Drampa\u5927Raivoso|ok\n|\n|t:|1700439652\n|move|p1a: Iron Valiant|Thunderbolt|p2a: Fr\u00f4\n|-damage|p2a: Fr\u00f4|0 fnt\n|faint|p2a: Fr\u00f4\n|\n|upkeep\n|\n|t:|1700439658\n|switch|p2a: Mothra 2099|Iron Moth|100\/100\n|-enditem|p2a: Mothra 2099|Booster Energy\n|-activate|p2a: Mothra 2099|ability: Quark Drive|[fromitem]\n|-start|p2a: Mothra 2099|quarkdrivespe\n|turn|8\n|\n|t:|1700439662\n|move|p1a: Iron Valiant|Thunderbolt|p2a: Mothra 2099\n|-damage|p2a: Mothra 2099|33\/100\n|move|p2a: Mothra 2099|Fiery Dance|p1a: Iron Valiant\n|-damage|p1a: Iron Valiant|49\/100\n|\n|upkeep\n|turn|9\n|\n|t:|1700439665\n|move|p1a: Iron Valiant|Thunderbolt|p2a: Mothra 2099\n|-damage|p2a: Mothra 2099|0 fnt\n|faint|p2a: Mothra 2099\n|-end|p2a: Mothra 2099|Quark Drive|[silent]\n|\n|upkeep\n|\n|t:|1700439667\n|switch|p2a: Musashi|Kingambit, M|100\/100\n|-activate|p2a: Musashi|ability: Supreme Overlord\n|-start|p2a: Musashi|fallen4|[silent]\n|turn|10\n|\n|t:|1700439670\n|move|p1a: Iron Valiant|Calm Mind|p1a: Iron Valiant\n|-boost|p1a: Iron Valiant|spa|1\n|-boost|p1a: Iron Valiant|spd|1\n|move|p2a: Musashi|Kowtow Cleave|p1a: Iron Valiant\n|-damage|p1a: Iron Valiant|0 fnt\n|faint|p1a: Iron Valiant\n|-end|p1a: Iron Valiant|Quark Drive|[silent]\n|\n|upkeep\n|c|\u2606puterrier|ladrao\n|\n|t:|1700439677\n|switch|p1a: Great Tusk|Great Tusk|100\/100\n|-damage|p1a: Great Tusk|98\/100|[from] Stealth Rock\n|turn|11\n|\n|t:|1700439681\n|-end|p2a: Musashi|fallen4|[silent]\n|switch|p2a: Kaiser|Zamazenta|100\/100\n|-ability|p2a: Kaiser|Dauntless Shield|boost\n|-boost|p2a: Kaiser|def|1\n|move|p1a: Great Tusk|Rapid Spin|p2a: Kaiser\n|-damage|p2a: Kaiser|92\/100\n|-boost|p1a: Great Tusk|spe|1\n|-sideend|p1: puterrier|Stealth Rock|[from] move: Rapid Spin|[of] p1a: Great Tusk\n|\n|-heal|p2a: Kaiser|98\/100|[from] item: Leftovers\n|upkeep\n|turn|12\n|\n|t:|1700439688\n|move|p1a: Great Tusk|Earthquake|p2a: Kaiser\n|-damage|p2a: Kaiser|72\/100\n|move|p2a: Kaiser|Iron Defense|p2a: Kaiser\n|-boost|p2a: Kaiser|def|2\n|\n|-heal|p2a: Kaiser|79\/100|[from] item: Leftovers\n|upkeep\n|turn|13\n|\n|t:|1700439691\n|move|p1a: Great Tusk|Earthquake|p2a: Kaiser\n|-damage|p2a: Kaiser|64\/100\n|move|p2a: Kaiser|Iron Defense|p2a: Kaiser\n|-boost|p2a: Kaiser|def|2\n|\n|-heal|p2a: Kaiser|71\/100|[from] item: Leftovers\n|upkeep\n|turn|14\n|\n|t:|1700439702\n|move|p1a: Great Tusk|Earthquake|p2a: Kaiser\n|-damage|p2a: Kaiser|60\/100\n|move|p2a: Kaiser|Iron Defense|p2a: Kaiser\n|-boost|p2a: Kaiser|def|1\n|\n|-heal|p2a: Kaiser|66\/100|[from] item: Leftovers\n|upkeep\n|turn|15\n|\n|t:|1700439705\n|move|p1a: Great Tusk|Earthquake|p2a: Kaiser\n|-damage|p2a: Kaiser|57\/100\n|move|p2a: Kaiser|Body Press|p1a: Great Tusk\n|-damage|p1a: Great Tusk|16\/100\n|-damage|p2a: Kaiser|40\/100|[from] item: Rocky Helmet|[of] p1a: Great Tusk\n|\n|-heal|p2a: Kaiser|47\/100|[from] item: Leftovers\n|upkeep\n|turn|16\n|\n|t:|1700439708\n|move|p1a: Great Tusk|Earthquake|p2a: Kaiser\n|-damage|p2a: Kaiser|37\/100\n|move|p2a: Kaiser|Body Press|p1a: Great Tusk\n|-damage|p1a: Great Tusk|0 fnt\n|-damage|p2a: Kaiser|21\/100|[from] item: Rocky Helmet|[of] p1a: Great Tusk\n|faint|p1a: Great Tusk\n|-end|p1a: Great Tusk|Protosynthesis|[silent]\n|\n|-heal|p2a: Kaiser|27\/100|[from] item: Leftovers\n|upkeep\n|\n|t:|1700439714\n|switch|p1a: Kingambit|Kingambit, M|100\/100\n|-activate|p1a: Kingambit|ability: Supreme Overlord\n|-start|p1a: Kingambit|fallen2|[silent]\n|-item|p1a: Kingambit|Air Balloon\n|turn|17\n|\n|t:|1700439717\n|move|p1a: Kingambit|Sucker Punch|p2a: Kaiser\n|-resisted|p2a: Kaiser\n|-damage|p2a: Kaiser|21\/100\n|move|p2a: Kaiser|Body Press|p1a: Kingambit\n|-supereffective|p1a: Kingambit\n|-damage|p1a: Kingambit|0 fnt\n|-enditem|p1a: Kingambit|Air Balloon\n|faint|p1a: Kingambit\n|-end|p1a: Kingambit|fallen2|[silent]\n|\n|-heal|p2a: Kaiser|28\/100|[from] item: Leftovers\n|upkeep\n|\n|t:|1700439720\n|switch|p1a: Rillaboom|Rillaboom, F|100\/100\n|-fieldstart|move: Grassy Terrain|[from] ability: Grassy Surge|[of] p1a: Rillaboom\n|turn|18\n|\n|t:|1700439723\n|move|p1a: Rillaboom|Grassy Glide|p2a: Kaiser\n|-damage|p2a: Kaiser|14\/100\n|move|p2a: Kaiser|Body Press|p1a: Rillaboom\n|-damage|p1a: Rillaboom|0 fnt\n|faint|p1a: Rillaboom\n|\n|-heal|p2a: Kaiser|20\/100|[from] Grassy Terrain\n|-heal|p2a: Kaiser|27\/100|[from] item: Leftovers\n|upkeep\n|\n|t:|1700439726\n|switch|p1a: Ogerpon|Ogerpon-Cornerstone, F|100\/100\n|turn|19\n|\n|t:|1700439729\n|move|p2a: Kaiser|Body Press|p1a: Ogerpon\n|-supereffective|p1a: Ogerpon\n|-ability|p1a: Ogerpon|Sturdy\n|-damage|p1a: Ogerpon|1\/100\n|move|p1a: Ogerpon|Power Whip|p2a: Kaiser\n|-damage|p2a: Kaiser|6\/100\n|\n|-heal|p2a: Kaiser|12\/100|[from] Grassy Terrain\n|-heal|p2a: Kaiser|18\/100|[from] item: Leftovers\n|-heal|p1a: Ogerpon|7\/100|[from] Grassy Terrain\n|upkeep\n|turn|20\n|c|\u2606puterrier|perdi facil\n|c|\u2606puterrier|nao sabia q isso tinha sturdy\n|c|\u2606puterrier|'-'\n|\n|t:|1700439744\n|move|p2a: Kaiser|Body Press|p1a: Ogerpon\n|-supereffective|p1a: Ogerpon\n|-damage|p1a: Ogerpon|0 fnt\n|faint|p1a: Ogerpon\n|\n|-heal|p2a: Kaiser|24\/100|[from] Grassy Terrain\n|-heal|p2a: Kaiser|31\/100|[from] item: Leftovers\n|upkeep\n|\n|t:|1700439749\n|switch|p1a: Cinderace|Cinderace, M|100\/100\n|turn|21\n|c|\u2606Drampa\u5927Raivoso|gg\n|c|\u2606puterrier|gg\n|-message|puterrier forfeited.\n|\n|win|Drampa\u5927Raivoso\n|n|\u2606puterrier|puterrier\n|n|\u2606Drampa\u5927Raivoso|dramparaivoso\n|n|+Irly|irly\n|n| ghiteoff|ghiteoff\n|l|\u2606puterrier\n","uploadtime":1700439766,"views":7,"p1id":"puterrier","p2id":"dramparaivoso","formatid":"gen9ou","rating":0,"private":0,"password":""}