{"id":"gen9ou-1991338779","p1":"hermagurbur","p2":"BirbGuyMan","format":"[Gen 9] OU","log":"|j|\u2606hermagurbur\n|j|\u2606BirbGuyMan\n|t:|1700068875\n|gametype|singles\n|player|p1|hermagurbur|crasherwake|1099\n|player|p2|BirbGuyMan|170|1085\n|teamsize|p1|6\n|teamsize|p2|6\n|gen|9\n|tier|[Gen 9] OU\n|rated|\n|rule|Sleep Clause Mod: Limit one foe put to sleep\n|rule|Species Clause: Limit one of each Pok\u00e9mon\n|rule|OHKO Clause: OHKO moves are banned\n|rule|Evasion Items Clause: Evasion items are banned\n|rule|Evasion Moves Clause: Evasion moves are banned\n|rule|Endless Battle Clause: Forcing endless battles is banned\n|rule|HP Percentage Mod: HP is shown in percentages\n|clearpoke\n|poke|p1|Gholdengo|\n|poke|p1|Golduck, M|\n|poke|p1|Sawsbuck-Summer, M|\n|poke|p1|Ariados, M|\n|poke|p1|Rotom-Fan|\n|poke|p1|Ditto|\n|poke|p2|Sneasler, M|\n|poke|p2|Heatran, F|\n|poke|p2|Walking Wake|\n|poke|p2|Zapdos|\n|poke|p2|Great Tusk|\n|poke|p2|Ninetales-Alola, M|\n|teampreview\n|inactive|Battle timer is ON: inactive players will automatically lose when time's up. (requested by hermagurbur)\n|inactive|hermagurbur has 120 seconds left.\n|\n|t:|1700068909\n|start\n|switch|p1a: Arana Grande|Ariados, M|100\/100\n|switch|p2a: Hummingbird|Zapdos, shiny|100\/100\n|turn|1\n|\n|t:|1700068918\n|move|p2a: Hummingbird|Volt Switch|p1a: Arana Grande\n|-damage|p1a: Arana Grande|70\/100\n|\n|t:|1700068921\n|switch|p2a: Gliscor-T|Great Tusk|100\/100|[from] Volt Switch\n|move|p1a: Arana Grande|Sticky Web|p2a: Gliscor-T\n|-sidestart|p2: BirbGuyMan|move: Sticky Web\n|\n|upkeep\n|turn|2\n|\n|t:|1700068942\n|move|p2a: Gliscor-T|Rapid Spin|p1a: Arana Grande\n|-damage|p1a: Arana Grande|53\/100\n|-boost|p2a: Gliscor-T|spe|1\n|-sideend|p2: BirbGuyMan|Sticky Web|[from] move: Rapid Spin|[of] p2a: Gliscor-T\n|move|p1a: Arana Grande|Infestation|p2a: Gliscor-T\n|-resisted|p2a: Gliscor-T\n|-damage|p2a: Gliscor-T|98\/100\n|-activate|p2a: Gliscor-T|move: Infestation|[of] p1a: Arana Grande\n|\n|-heal|p2a: Gliscor-T|100\/100|[from] item: Leftovers\n|-damage|p2a: Gliscor-T|88\/100|[from] move: Infestation|[partiallytrapped]\n|upkeep\n|turn|3\n|\n|t:|1700068952\n|move|p1a: Arana Grande|Protect|p1a: Arana Grande\n|-singleturn|p1a: Arana Grande|Protect\n|move|p2a: Gliscor-T|Knock Off|p1a: Arana Grande\n|-activate|p1a: Arana Grande|move: Protect\n|\n|-heal|p2a: Gliscor-T|94\/100|[from] item: Leftovers\n|-damage|p2a: Gliscor-T|82\/100|[from] move: Infestation|[partiallytrapped]\n|upkeep\n|turn|4\n|\n|t:|1700068962\n|move|p2a: Gliscor-T|Earthquake|p1a: Arana Grande\n|-damage|p1a: Arana Grande|0 fnt\n|faint|p1a: Arana Grande\n|\n|-heal|p2a: Gliscor-T|88\/100|[from] item: Leftovers\n|-end|p2a: Gliscor-T|Infestation|[partiallytrapped]|[silent]\n|upkeep\n|\n|t:|1700068968\n|switch|p1a: RayQuay Killer|Golduck, M|100\/100\n|-ability|p1a: RayQuay Killer|Cloud Nine\n|turn|5\n|\n|t:|1700068980\n|-end|p2a: Gliscor-T|Protosynthesis|[silent]\n|switch|p2a: Hummingbird|Zapdos, shiny|100\/100\n|move|p1a: RayQuay Killer|Hydro Pump|p2a: Hummingbird|[miss]\n|-miss|p1a: RayQuay Killer|p2a: Hummingbird\n|\n|upkeep\n|turn|6\n|\n|t:|1700068992\n|move|p1a: RayQuay Killer|Hydro Pump|p2a: Hummingbird\n|-damage|p2a: Hummingbird|30\/100\n|move|p2a: Hummingbird|Volt Switch|p1a: RayQuay Killer\n|-supereffective|p1a: RayQuay Killer\n|-damage|p1a: RayQuay Killer|21\/100\n|\n|t:|1700069006\n|switch|p2a: Walter|Walking Wake|100\/100|[from] Volt Switch\n|-enditem|p2a: Walter|Booster Energy\n|-activate|p2a: Walter|ability: Protosynthesis|[fromitem]\n|-start|p2a: Walter|protosynthesisspa\n|\n|upkeep\n|turn|7\n|\n|t:|1700069018\n|switch|p1a: Spiderman|Ditto|100\/100\n|-transform|p1a: Spiderman|p2a: Walter|[from] ability: Imposter\n|move|p2a: Walter|Agility|p2a: Walter\n|-boost|p2a: Walter|spe|2\n|\n|upkeep\n|turn|8\n|\n|t:|1700069045\n|-terastallize|p1a: Spiderman|Fairy\n|move|p2a: Walter|Dragon Pulse|p1a: Spiderman\n|-immune|p1a: Spiderman\n|move|p1a: Spiderman|Dragon Pulse|p2a: Walter\n|-supereffective|p2a: Walter\n|-damage|p2a: Walter|0 fnt\n|faint|p2a: Walter\n|-end|p2a: Walter|Protosynthesis|[silent]\n|\n|upkeep\n|\n|t:|1700069049\n|switch|p2a: Roach|Heatran, F|100\/100\n|turn|9\n|\n|t:|1700069055\n|-end|p1a: Spiderman|Protosynthesis|[silent]\n|switch|p1a: RayQuay Killer|Golduck, M|21\/100\n|-ability|p1a: RayQuay Killer|Cloud Nine\n|-terastallize|p2a: Roach|Flying\n|move|p2a: Roach|Magma Storm|p1a: RayQuay Killer|[miss]\n|-miss|p2a: Roach|p1a: RayQuay Killer\n|\n|upkeep\n|turn|10\n|\n|t:|1700069063\n|move|p1a: RayQuay Killer|Blizzard|p2a: Roach|[miss]\n|-miss|p1a: RayQuay Killer|p2a: Roach\n|move|p2a: Roach|Earth Power|p1a: RayQuay Killer\n|-damage|p1a: RayQuay Killer|0 fnt\n|faint|p1a: RayQuay Killer\n|\n|upkeep\n|\n|t:|1700069074\n|switch|p1a: Spiderman|Ditto, tera:Fairy|100\/100\n|-transform|p1a: Spiderman|p2a: Roach|[from] ability: Imposter\n|turn|11\n|\n|t:|1700069087\n|move|p1a: Spiderman|Magma Storm|p2a: Roach\n|-start|p2a: Roach|ability: Flash Fire\n|move|p2a: Roach|Earth Power|p1a: Spiderman\n|-damage|p1a: Spiderman|80\/100\n|\n|upkeep\n|turn|12\n|\n|t:|1700069095\n|switch|p1a: Re-Done Dance|Rotom-Fan|100\/100\n|move|p2a: Roach|Earth Power|p1a: Re-Done Dance\n|-immune|p1a: Re-Done Dance\n|\n|upkeep\n|turn|13\n|\n|t:|1700069107\n|move|p1a: Re-Done Dance|Volt Switch|p2a: Roach\n|-supereffective|p2a: Roach\n|-damage|p2a: Roach|55\/100\n|\n|t:|1700069112\n|switch|p1a: Galactus' Sidekick|Gholdengo|100\/100|[from] Volt Switch\n|move|p2a: Roach|Magma Storm|p1a: Galactus' Sidekick\n|-supereffective|p1a: Galactus' Sidekick\n|-damage|p1a: Galactus' Sidekick|0 fnt\n|faint|p1a: Galactus' Sidekick\n|\n|-heal|p2a: Roach|61\/100|[from] item: Leftovers\n|upkeep\n|\n|t:|1700069122\n|switch|p1a: Spiderman|Ditto, tera:Fairy|80\/100\n|-transform|p1a: Spiderman|p2a: Roach|[from] ability: Imposter\n|turn|14\n|\n|t:|1700069127\n|move|p1a: Spiderman|Magma Storm|p2a: Roach\n|-immune|p2a: Roach|[from] ability: Flash Fire\n|move|p2a: Roach|Earth Power|p1a: Spiderman\n|-damage|p1a: Spiderman|57\/100\n|\n|-heal|p2a: Roach|67\/100|[from] item: Leftovers\n|upkeep\n|turn|15\n|c|\u2606hermagurbur|oops\n|\n|t:|1700069136\n|switch|p1a: Re-Done Dance|Rotom-Fan|100\/100\n|move|p2a: Roach|Protect||[still]\n|-fail|p2a: Roach\n|\n|-heal|p2a: Roach|74\/100|[from] item: Leftovers\n|upkeep\n|turn|16\n|\n|t:|1700069142\n|move|p2a: Roach|Protect|p2a: Roach\n|-singleturn|p2a: Roach|Protect\n|move|p1a: Re-Done Dance|Volt Switch|p2a: Roach\n|-activate|p2a: Roach|move: Protect\n|\n|-heal|p2a: Roach|80\/100|[from] item: Leftovers\n|upkeep\n|turn|17\n|\n|t:|1700069150\n|move|p1a: Re-Done Dance|Volt Switch|p2a: Roach\n|-supereffective|p2a: Roach\n|-damage|p2a: Roach|36\/100\n|inactive|hermagurbur has 120 seconds left.\n|\n|t:|1700069190\n|switch|p1a: Spiderman|Ditto, tera:Fairy|57\/100|[from] Volt Switch\n|-transform|p1a: Spiderman|p2a: Roach|[from] ability: Imposter\n|move|p2a: Roach|Earth Power|p1a: Spiderman\n|-damage|p1a: Spiderman|34\/100\n|\n|-heal|p2a: Roach|42\/100|[from] item: Leftovers\n|upkeep\n|turn|18\n|\n|t:|1700069202\n|move|p1a: Spiderman|Protect|p1a: Spiderman\n|-singleturn|p1a: Spiderman|Protect\n|move|p2a: Roach|Protect||[still]\n|-fail|p2a: Roach\n|\n|-heal|p2a: Roach|48\/100|[from] item: Leftovers\n|upkeep\n|turn|19\n|\n|t:|1700069212\n|switch|p1a: Saucebuck|Sawsbuck-Summer, M|100\/100\n|move|p2a: Roach|Protect||[still]\n|-fail|p2a: Roach\n|\n|-heal|p2a: Roach|54\/100|[from] item: Leftovers\n|upkeep\n|turn|20\n|inactive|hermagurbur has 120 seconds left.\n|\n|t:|1700069222\n|move|p1a: Saucebuck|Body Slam|p2a: Roach\n|-damage|p2a: Roach|23\/100\n|move|p2a: Roach|Magma Storm|p1a: Saucebuck\n|-supereffective|p1a: Saucebuck\n|-damage|p1a: Saucebuck|0 fnt\n|faint|p1a: Saucebuck\n|\n|-heal|p2a: Roach|30\/100|[from] item: Leftovers\n|upkeep\n|\n|t:|1700069248\n|switch|p1a: Re-Done Dance|Rotom-Fan|100\/100\n|turn|21\n|l|\u2606hermagurbur\n|inactive|hermagurbur disconnected and has a minute to reconnect!\n|player|p1|\n|inactive|hermagurbur has 30 seconds to reconnect!\n|inactive|hermagurbur has 20 seconds to reconnect!\n|j|\u2606hermagurbur\n|inactive|hermagurbur reconnected and has 55 seconds left.\n|player|p1|hermagurbur|crasherwake\n|\n|t:|1700069300\n|-end|p2a: Roach|ability: Flash Fire|[silent]\n|switch|p2a: Gliscor-T|Great Tusk|88\/100\n|move|p1a: Re-Done Dance|Volt Switch|p2a: Gliscor-T\n|-immune|p2a: Gliscor-T\n|\n|-heal|p2a: Gliscor-T|94\/100|[from] item: Leftovers\n|upkeep\n|turn|22\n|inactive|hermagurbur has 60 seconds left.\n|\n|t:|1700069307\n|move|p2a: Gliscor-T|Knock Off|p1a: Re-Done Dance\n|-damage|p1a: Re-Done Dance|67\/100\n|-enditem|p1a: Re-Done Dance|Leftovers|[from] move: Knock Off|[of] p2a: Gliscor-T\n|move|p1a: Re-Done Dance|Air Slash|p2a: Gliscor-T\n|-supereffective|p2a: Gliscor-T\n|-damage|p2a: Gliscor-T|4\/100\n|\n|-heal|p2a: Gliscor-T|11\/100|[from] item: Leftovers\n|upkeep\n|turn|23\n|inactive|hermagurbur has 60 seconds left.\n|\n|t:|1700069317\n|move|p2a: Gliscor-T|Stealth Rock|p1a: Re-Done Dance\n|-sidestart|p1: hermagurbur|move: Stealth Rock\n|move|p1a: Re-Done Dance|Hex|p2a: Gliscor-T\n|-damage|p2a: Gliscor-T|0 fnt\n|faint|p2a: Gliscor-T\n|-end|p2a: Gliscor-T|Protosynthesis|[silent]\n|\n|upkeep\n|\n|t:|1700069322\n|switch|p2a: Ninetales|Ninetales-Alola, M|100\/100\n|-weather|Snow|[from] ability: Snow Warning|[of] p2a: Ninetales\n|turn|24\n|\n|t:|1700069331\n|move|p2a: Ninetales|Aurora Veil|p2a: Ninetales\n|-sidestart|p2: BirbGuyMan|move: Aurora Veil\n|move|p1a: Re-Done Dance|Volt Switch|p2a: Ninetales\n|-damage|p2a: Ninetales|82\/100\n|\n|t:|1700069336\n|switch|p1a: Spiderman|Ditto, tera:Fairy|34\/100|[from] Volt Switch\n|-damage|p1a: Spiderman|22\/100|[from] Stealth Rock\n|-transform|p1a: Spiderman|p2a: Ninetales|[from] ability: Imposter\n|\n|-weather|Snow|[upkeep]\n|upkeep\n|turn|25\n|\n|t:|1700069359\n|move|p1a: Spiderman|Encore|p2a: Ninetales\n|-start|p2a: Ninetales|Encore\n|move|p2a: Ninetales|Aurora Veil||[still]\n|-fail|p2a: Ninetales\n|\n|-weather|Snow|[upkeep]\n|upkeep\n|turn|26\n|\n|t:|1700069364\n|switch|p1a: Re-Done Dance|Rotom-Fan|67\/100\n|-damage|p1a: Re-Done Dance|42\/100|[from] Stealth Rock\n|switch|p2a: Hummingbird|Zapdos, shiny|30\/100\n|\n|-weather|Snow|[upkeep]\n|upkeep\n|turn|27\n|inactive|hermagurbur has 90 seconds left.\n|\n|t:|1700069374\n|move|p2a: Hummingbird|Discharge|p1a: Re-Done Dance\n|-damage|p1a: Re-Done Dance|3\/100\n|move|p1a: Re-Done Dance|Volt Switch|p2a: Hummingbird\n|-damage|p2a: Hummingbird|14\/100\n|\n|t:|1700069380\n|switch|p1a: Spiderman|Ditto, tera:Fairy|22\/100|[from] Volt Switch\n|-damage|p1a: Spiderman|10\/100|[from] Stealth Rock\n|-transform|p1a: Spiderman|p2a: Hummingbird|[from] ability: Imposter\n|\n|-weather|Snow|[upkeep]\n|upkeep\n|turn|28\n|inactive|hermagurbur has 90 seconds left.\n|\n|t:|1700069389\n|move|p1a: Spiderman|Discharge|p2a: Hummingbird\n|-damage|p2a: Hummingbird|0 fnt\n|faint|p2a: Hummingbird\n|\n|-weather|none\n|upkeep\n|\n|t:|1700069392\n|switch|p2a: Onceler|Sneasler, M|100\/100\n|turn|29\n|\n|t:|1700069395\n|move|p1a: Spiderman|Discharge|p2a: Onceler\n|-crit|p2a: Onceler\n|-damage|p2a: Onceler|30\/100\n|move|p2a: Onceler|Dire Claw|p1a: Spiderman\n|-supereffective|p1a: Spiderman\n|-damage|p1a: Spiderman|0 fnt\n|faint|p1a: Spiderman\n|\n|upkeep\n|\n|t:|1700069402\n|switch|p1a: Re-Done Dance|Rotom-Fan|3\/100\n|-damage|p1a: Re-Done Dance|0 fnt|[from] Stealth Rock\n|faint|p1a: Re-Done Dance\n|\n|win|BirbGuyMan\n|raw|hermagurbur's rating: 1099 &rarr; <strong>1073<\/strong><br \/>(-26 for losing)\n|raw|BirbGuyMan's rating: 1085 &rarr; <strong>1113<\/strong><br \/>(+28 for winning)\n|c|\u2606hermagurbur|gg\n|l|\u2606hermagurbur\n","uploadtime":1700069421,"views":43,"p1id":"hermagurbur","p2id":"birbguyman","formatid":"gen9ou","rating":1073,"private":0,"password":""}