{"id":"gen9ou-1996545490","p1":"Antkiller0909","p2":"Horse95","format":"[Gen 9] OU","log":"|j|\u2606Antkiller0909\n|j|\u2606Horse95\n|t:|1700692728\n|gametype|singles\n|player|p1|Antkiller0909|blackbelt|\n|player|p2|Horse95|colress|\n|teamsize|p1|5\n|teamsize|p2|5\n|gen|9\n|tier|[Gen 9] OU\n|rule|Sleep Clause Mod: Limit one foe put to sleep\n|rule|Species Clause: Limit one of each Pok\u00e9mon\n|rule|OHKO Clause: OHKO moves are banned\n|rule|Evasion Items Clause: Evasion items are banned\n|rule|Evasion Moves Clause: Evasion moves are banned\n|rule|Endless Battle Clause: Forcing endless battles is banned\n|rule|HP Percentage Mod: HP is shown in percentages\n|clearpoke\n|poke|p1|Gholdengo|\n|poke|p1|Arcanine-Hisui, M|\n|poke|p1|Corviknight, F|\n|poke|p1|Diancie|\n|poke|p1|Glimmora, M|\n|poke|p2|Kommo-o, M|\n|poke|p2|Iron Hands|\n|poke|p2|Heatran, F|\n|poke|p2|Tauros-Paldea-Aqua, M|\n|poke|p2|Rotom-Heat|\n|teampreview\n|inactive|Battle timer is ON: inactive players will automatically lose when time's up. (requested by Antkiller0909)\n|inactiveoff|Battle timer is now OFF.\n|c|\u2606Horse95|hello!\n|c|\u2606Horse95|glhf\n|c|\u2606Antkiller0909|hello\n|c|\u2606Antkiller0909|you 2\n|c|\u2606Horse95|I sent the link\n|j| Sencopion\n|c|\u2606Horse95|thanks!\n|c|\u2606Antkiller0909|good sorry i'm thinking for opponer\n|c|\u2606Horse95|all good\n|\n|t:|1700692839\n|start\n|switch|p1a: Glimmora|Glimmora, M|100\/100\n|switch|p2a: Heatran|Heatran, F|100\/100\n|-item|p2a: Heatran|Air Balloon\n|turn|1\n|\n|t:|1700692847\n|move|p1a: Glimmora|Dazzling Gleam|p2a: Heatran\n|-resisted|p2a: Heatran\n|-damage|p2a: Heatran|95\/100\n|-enditem|p2a: Heatran|Air Balloon\n|move|p2a: Heatran|Earth Power|p1a: Glimmora\n|-supereffective|p1a: Glimmora\n|-enditem|p1a: Glimmora|Focus Sash\n|-damage|p1a: Glimmora|1\/100\n|-unboost|p1a: Glimmora|spd|1\n|\n|upkeep\n|turn|2\n|\n|t:|1700692868\n|move|p1a: Glimmora|Earth Power|p2a: Heatran\n|-supereffective|p2a: Heatran\n|-damage|p2a: Heatran|0 fnt\n|faint|p2a: Heatran\n|\n|upkeep\n|\n|t:|1700692873\n|switch|p2a: Rotom|Rotom-Heat|100\/100\n|turn|3\n|\n|t:|1700692881\n|move|p1a: Glimmora|Stealth Rock|p2a: Rotom\n|-sidestart|p2: Horse95|move: Stealth Rock\n|move|p2a: Rotom|Volt Switch|p1a: Glimmora\n|-damage|p1a: Glimmora|0 fnt\n|faint|p1a: Glimmora\n|\n|t:|1700692893\n|switch|p2a: Kommo-o|Kommo-o, M|100\/100|[from] Volt Switch\n|-damage|p2a: Kommo-o|94\/100|[from] Stealth Rock\n|\n|-heal|p2a: Kommo-o|100\/100|[from] item: Leftovers\n|upkeep\n|\n|t:|1700692901\n|switch|p1a: Gholdengo|Gholdengo|100\/100\n|turn|4\n|\n|t:|1700692912\n|-terastallize|p2a: Kommo-o|Fire\n|move|p2a: Kommo-o|Clangorous Soul|p2a: Kommo-o\n|-boost|p2a: Kommo-o|atk|1\n|-boost|p2a: Kommo-o|def|1\n|-boost|p2a: Kommo-o|spa|1\n|-boost|p2a: Kommo-o|spd|1\n|-boost|p2a: Kommo-o|spe|1\n|-damage|p2a: Kommo-o|68\/100\n|move|p1a: Gholdengo|Thunder Wave|p2a: Kommo-o\n|-status|p2a: Kommo-o|par\n|\n|-heal|p2a: Kommo-o|74\/100 par|[from] item: Leftovers\n|upkeep\n|turn|5\n|\n|t:|1700692933\n|move|p1a: Gholdengo|Hex|p2a: Kommo-o\n|-damage|p2a: Kommo-o|19\/100 par\n|move|p2a: Kommo-o|Flamethrower|p1a: Gholdengo\n|-supereffective|p1a: Gholdengo\n|-damage|p1a: Gholdengo|0 fnt\n|faint|p1a: Gholdengo\n|\n|-heal|p2a: Kommo-o|25\/100 par|[from] item: Leftovers\n|upkeep\n|\n|t:|1700692942\n|switch|p1a: Arcanine|Arcanine-Hisui, M|100\/100\n|turn|6\n|\n|t:|1700692955\n|switch|p2a: Tauros|Tauros-Paldea-Aqua, M|100\/100\n|-damage|p2a: Tauros|94\/100|[from] Stealth Rock\n|-ability|p2a: Tauros|Intimidate|boost\n|-unboost|p1a: Arcanine|atk|1\n|move|p1a: Arcanine|Head Smash|p2a: Tauros\n|-resisted|p2a: Tauros\n|-damage|p2a: Tauros|68\/100\n|\n|-heal|p2a: Tauros|74\/100|[from] item: Leftovers\n|upkeep\n|turn|7\n|\n|t:|1700692966\n|switch|p1a: Corviknight|Corviknight, F|100\/100\n|move|p2a: Tauros|Bulk Up|p2a: Tauros\n|-boost|p2a: Tauros|atk|1\n|-boost|p2a: Tauros|def|1\n|\n|-heal|p2a: Tauros|81\/100|[from] item: Leftovers\n|upkeep\n|turn|8\n|\n|t:|1700692974\n|move|p2a: Tauros|Wave Crash|p1a: Corviknight\n|-damage|p1a: Corviknight|51\/100\n|-damage|p2a: Tauros|58\/100|[from] Recoil\n|move|p1a: Corviknight|Iron Defense|p1a: Corviknight\n|-boost|p1a: Corviknight|def|2\n|\n|-heal|p2a: Tauros|64\/100|[from] item: Leftovers\n|-heal|p1a: Corviknight|57\/100|[from] item: Leftovers\n|upkeep\n|turn|9\n|\n|t:|1700692983\n|switch|p2a: Rotom|Rotom-Heat|100\/100\n|-damage|p2a: Rotom|76\/100|[from] Stealth Rock\n|move|p1a: Corviknight|Iron Defense|p1a: Corviknight\n|-boost|p1a: Corviknight|def|2\n|\n|-heal|p1a: Corviknight|63\/100|[from] item: Leftovers\n|upkeep\n|turn|10\n|\n|t:|1700692992\n|switch|p1a: Diancie|Diancie|100\/100\n|move|p2a: Rotom|Overheat|p1a: Diancie\n|-resisted|p1a: Diancie\n|-damage|p1a: Diancie|77\/100\n|-unboost|p2a: Rotom|spa|2\n|\n|-heal|p1a: Diancie|84\/100|[from] item: Leftovers\n|upkeep\n|turn|11\n|\n|t:|1700693001\n|switch|p2a: Iron Hands|Iron Hands|100\/100\n|-damage|p2a: Iron Hands|94\/100|[from] Stealth Rock\n|move|p1a: Diancie|Diamond Storm|p2a: Iron Hands\n|-resisted|p2a: Iron Hands\n|-damage|p2a: Iron Hands|83\/100\n|-boost|p1a: Diancie|def|2\n|\n|-heal|p1a: Diancie|90\/100|[from] item: Leftovers\n|upkeep\n|turn|12\n|\n|t:|1700693011\n|move|p2a: Iron Hands|Heavy Slam|p1a: Diancie\n|-supereffective|p1a: Diancie\n|-damage|p1a: Diancie|7\/100\n|move|p1a: Diancie|Moonblast|p2a: Iron Hands\n|-supereffective|p2a: Iron Hands\n|-damage|p2a: Iron Hands|46\/100\n|\n|-heal|p1a: Diancie|13\/100|[from] item: Leftovers\n|upkeep\n|turn|13\n|\n|t:|1700693026\n|move|p2a: Iron Hands|Heavy Slam|p1a: Diancie\n|-supereffective|p1a: Diancie\n|-damage|p1a: Diancie|0 fnt\n|faint|p1a: Diancie\n|\n|upkeep\n|\n|t:|1700693030\n|switch|p1a: Arcanine|Arcanine-Hisui, M|100\/100\n|turn|14\n|\n|t:|1700693041\n|-end|p2a: Iron Hands|Quark Drive|[silent]\n|switch|p2a: Tauros|Tauros-Paldea-Aqua, M|64\/100\n|-damage|p2a: Tauros|58\/100|[from] Stealth Rock\n|-ability|p2a: Tauros|Intimidate|boost\n|-unboost|p1a: Arcanine|atk|1\n|move|p1a: Arcanine|Close Combat|p2a: Tauros\n|-damage|p2a: Tauros|30\/100\n|-unboost|p1a: Arcanine|def|1\n|-unboost|p1a: Arcanine|spd|1\n|\n|-heal|p2a: Tauros|36\/100|[from] item: Leftovers\n|upkeep\n|turn|15\n|\n|t:|1700693057\n|move|p1a: Arcanine|Close Combat|p2a: Tauros\n|-damage|p2a: Tauros|9\/100\n|-unboost|p1a: Arcanine|def|1\n|-unboost|p1a: Arcanine|spd|1\n|move|p2a: Tauros|Wave Crash|p1a: Arcanine\n|-supereffective|p1a: Arcanine\n|-damage|p1a: Arcanine|0 fnt\n|faint|p1a: Arcanine\n|-damage|p2a: Tauros|0 fnt|[from] Recoil\n|faint|p2a: Tauros\n|\n|upkeep\n|\n|t:|1700693072\n|switch|p2a: Rotom|Rotom-Heat|76\/100\n|switch|p1a: Corviknight|Corviknight, F|63\/100\n|-damage|p2a: Rotom|51\/100|[from] Stealth Rock\n|turn|16\n|\n|t:|1700693091\n|move|p2a: Rotom|Overheat|p1a: Corviknight\n|-supereffective|p1a: Corviknight\n|-damage|p1a: Corviknight|0 fnt\n|-unboost|p2a: Rotom|spa|2\n|faint|p1a: Corviknight\n|\n|win|Horse95\n|c|\u2606Horse95|gg\n|l| Sencopion\n|c|\u2606Antkiller0909|i'v put wrong tera\n|c|\u2606Antkiller0909|gg\n|c|\u2606Horse95|all good\n","uploadtime":1700693111,"views":27,"p1id":"antkiller0909","p2id":"horse95","formatid":"gen9ou","rating":0,"private":0,"password":""}