{"id":"gen9ou-1993273411","p1":"qingche","p2":"Sick Fiesta","format":"[Gen 9] OU","log":"|j|\u2606qingche\n|j|\u2606Sick Fiesta\n|t:|1700288143\n|gametype|singles\n|player|p1|qingche|hilbert|1418\n|player|p2|Sick Fiesta|266|1464\n|teamsize|p1|6\n|teamsize|p2|6\n|gen|9\n|tier|[Gen 9] OU\n|rated|\n|rule|Sleep Clause Mod: Limit one foe put to sleep\n|rule|Species Clause: Limit one of each Pok\u00e9mon\n|rule|OHKO Clause: OHKO moves are banned\n|rule|Evasion Items Clause: Evasion items are banned\n|rule|Evasion Moves Clause: Evasion moves are banned\n|rule|Endless Battle Clause: Forcing endless battles is banned\n|rule|HP Percentage Mod: HP is shown in percentages\n|clearpoke\n|poke|p1|Rillaboom, M|\n|poke|p1|Sneasler, F|\n|poke|p1|Zamazenta-*|\n|poke|p1|Ogerpon-Wellspring, F|\n|poke|p1|Heatran, F|\n|poke|p1|Hatterene, F|\n|poke|p2|Meowscarada, F|\n|poke|p2|Iron Treads|\n|poke|p2|Zapdos|\n|poke|p2|Dragapult, M|\n|poke|p2|Garganacl, M|\n|poke|p2|Iron Valiant|\n|teampreview\n|\n|t:|1700288161\n|start\n|switch|p1a: Heatran|Heatran, F|100\/100\n|switch|p2a: Meowscarada|Meowscarada, F|100\/100\n|-item|p1a: Heatran|Air Balloon\n|turn|1\n|inactive|Battle timer is ON: inactive players will automatically lose when time's up. (requested by Sick Fiesta)\n|\n|t:|1700288183\n|move|p2a: Meowscarada|U-turn|p1a: Heatran\n|-start|p2a: Meowscarada|typechange|Bug|[from] ability: Protean\n|-resisted|p1a: Heatran\n|-damage|p1a: Heatran|93\/100\n|-enditem|p1a: Heatran|Air Balloon\n|\n|t:|1700288202\n|switch|p2a: Garganacl|Garganacl, M|100\/100|[from] U-turn\n|move|p1a: Heatran|Magma Storm|p2a: Garganacl\n|-resisted|p2a: Garganacl\n|-damage|p2a: Garganacl|87\/100\n|-activate|p2a: Garganacl|move: Magma Storm|[of] p1a: Heatran\n|\n|-heal|p2a: Garganacl|93\/100|[from] item: Leftovers\n|-damage|p2a: Garganacl|81\/100|[from] move: Magma Storm|[partiallytrapped]\n|upkeep\n|turn|2\n|\n|t:|1700288209\n|move|p1a: Heatran|Taunt|p2a: Garganacl\n|-start|p2a: Garganacl|move: Taunt\n|cant|p2a: Garganacl|move: Taunt|Iron Defense\n|\n|-heal|p2a: Garganacl|87\/100|[from] item: Leftovers\n|-damage|p2a: Garganacl|75\/100|[from] move: Magma Storm|[partiallytrapped]\n|upkeep\n|turn|3\n|\n|t:|1700288215\n|move|p1a: Heatran|Earth Power|p2a: Garganacl\n|-supereffective|p2a: Garganacl\n|-damage|p2a: Garganacl|44\/100\n|move|p2a: Garganacl|Salt Cure|p1a: Heatran\n|-damage|p1a: Heatran|80\/100\n|-start|p1a: Heatran|Salt Cure\n|\n|-heal|p2a: Garganacl|50\/100|[from] item: Leftovers\n|-damage|p1a: Heatran|55\/100|[from] Salt Cure\n|-damage|p2a: Garganacl|37\/100|[from] move: Magma Storm|[partiallytrapped]\n|upkeep\n|turn|4\n|\n|t:|1700288221\n|switch|p1a: Rillaboom|Rillaboom, M|100\/100\n|-fieldstart|move: Grassy Terrain|[from] ability: Grassy Surge|[of] p1a: Rillaboom\n|move|p2a: Garganacl|Body Press|p1a: Rillaboom\n|-damage|p1a: Rillaboom|78\/100\n|\n|-heal|p1a: Rillaboom|84\/100|[from] Grassy Terrain\n|-heal|p2a: Garganacl|44\/100|[from] Grassy Terrain\n|-heal|p2a: Garganacl|50\/100|[from] item: Leftovers\n|-end|p2a: Garganacl|Magma Storm|[partiallytrapped]|[silent]\n|-end|p2a: Garganacl|move: Taunt\n|upkeep\n|turn|5\n|\n|t:|1700288236\n|move|p1a: Rillaboom|Knock Off|p2a: Garganacl\n|-damage|p2a: Garganacl|15\/100\n|-enditem|p2a: Garganacl|Leftovers|[from] move: Knock Off|[of] p1a: Rillaboom\n|move|p2a: Garganacl|Recover|p2a: Garganacl\n|-heal|p2a: Garganacl|65\/100\n|\n|-heal|p1a: Rillaboom|91\/100|[from] Grassy Terrain\n|-heal|p2a: Garganacl|72\/100|[from] Grassy Terrain\n|upkeep\n|turn|6\n|\n|t:|1700288249\n|switch|p1a: Hatterene|Hatterene, F|100\/100\n|-enditem|p1a: Hatterene|Grassy Seed\n|-boost|p1a: Hatterene|def|1|[from] item: Grassy Seed\n|-terastallize|p2a: Garganacl|Poison\n|move|p2a: Garganacl|Iron Defense|p2a: Garganacl\n|-boost|p2a: Garganacl|def|2\n|\n|-heal|p2a: Garganacl|78\/100|[from] Grassy Terrain\n|upkeep\n|turn|7\n|\n|t:|1700288257\n|move|p1a: Hatterene|Calm Mind|p1a: Hatterene\n|-boost|p1a: Hatterene|spa|1\n|-boost|p1a: Hatterene|spd|1\n|move|p2a: Garganacl|Salt Cure|p1a: Hatterene\n|-damage|p1a: Hatterene|93\/100\n|-start|p1a: Hatterene|Salt Cure\n|\n|-heal|p1a: Hatterene|99\/100|[from] Grassy Terrain\n|-heal|p2a: Garganacl|84\/100|[from] Grassy Terrain\n|-damage|p1a: Hatterene|87\/100|[from] Salt Cure\n|upkeep\n|turn|8\n|\n|t:|1700288270\n|switch|p2a: Iron Treads|Iron Treads|100\/100\n|-enditem|p2a: Iron Treads|Booster Energy\n|-activate|p2a: Iron Treads|ability: Quark Drive|[fromitem]\n|-start|p2a: Iron Treads|quarkdrivespe\n|move|p1a: Hatterene|Calm Mind|p1a: Hatterene\n|-boost|p1a: Hatterene|spa|1\n|-boost|p1a: Hatterene|spd|1\n|\n|-heal|p1a: Hatterene|93\/100|[from] Grassy Terrain\n|-damage|p1a: Hatterene|80\/100|[from] Salt Cure\n|-fieldend|move: Grassy Terrain\n|upkeep\n|turn|9\n|\n|t:|1700288284\n|-terastallize|p1a: Hatterene|Water\n|move|p2a: Iron Treads|Steel Beam|p1a: Hatterene\n|-resisted|p1a: Hatterene\n|-damage|p1a: Hatterene|68\/100\n|-damage|p2a: Iron Treads|50\/100|[from] steelbeam\n|move|p1a: Hatterene|Psychic|p2a: Iron Treads\n|-resisted|p2a: Iron Treads\n|-damage|p2a: Iron Treads|0 fnt\n|faint|p2a: Iron Treads\n|-end|p2a: Iron Treads|Quark Drive|[silent]\n|\n|-damage|p1a: Hatterene|43\/100|[from] Salt Cure\n|upkeep\n|\n|t:|1700288305\n|switch|p2a: Meowscarada|Meowscarada, F|100\/100\n|turn|10\n|\n|t:|1700288317\n|switch|p1a: Rillaboom|Rillaboom, M|91\/100\n|-fieldstart|move: Grassy Terrain|[from] ability: Grassy Surge|[of] p1a: Rillaboom\n|move|p2a: Meowscarada|Flower Trick|p1a: Rillaboom\n|-start|p2a: Meowscarada|typechange|Grass|[from] ability: Protean\n|-resisted|p1a: Rillaboom\n|-crit|p1a: Rillaboom\n|-damage|p1a: Rillaboom|58\/100\n|\n|-heal|p1a: Rillaboom|64\/100|[from] Grassy Terrain\n|upkeep\n|turn|11\n|\n|t:|1700288327\n|switch|p2a: Garganacl|Garganacl, M, tera:Poison|84\/100\n|move|p1a: Rillaboom|U-turn|p2a: Garganacl\n|-resisted|p2a: Garganacl\n|-damage|p2a: Garganacl|70\/100\n|\n|t:|1700288334\n|switch|p1a: Hatterene|Hatterene, F, tera:Water|43\/100|[from] U-turn\n|\n|-heal|p1a: Hatterene|49\/100|[from] Grassy Terrain\n|-heal|p2a: Garganacl|76\/100|[from] Grassy Terrain\n|upkeep\n|turn|12\n|\n|t:|1700288339\n|switch|p2a: Meowscarada|Meowscarada, F|100\/100\n|move|p1a: Hatterene|Psychic|p2a: Meowscarada\n|-immune|p2a: Meowscarada\n|\n|-heal|p1a: Hatterene|55\/100|[from] Grassy Terrain\n|upkeep\n|turn|13\n|\n|t:|1700288344\n|move|p2a: Meowscarada|U-turn|p1a: Hatterene\n|-start|p2a: Meowscarada|typechange|Bug|[from] ability: Protean\n|-damage|p1a: Hatterene|27\/100\n|\n|t:|1700288350\n|switch|p2a: Garganacl|Garganacl, M, tera:Poison|76\/100|[from] U-turn\n|move|p1a: Hatterene|Draining Kiss|p2a: Garganacl\n|-resisted|p2a: Garganacl\n|-damage|p2a: Garganacl|68\/100\n|-heal|p1a: Hatterene|34\/100|[from] drain|[of] p2a: Garganacl\n|\n|-heal|p1a: Hatterene|40\/100|[from] Grassy Terrain\n|-heal|p2a: Garganacl|75\/100|[from] Grassy Terrain\n|upkeep\n|turn|14\n|\n|t:|1700288358\n|move|p1a: Hatterene|Psychic|p2a: Garganacl\n|-supereffective|p2a: Garganacl\n|-damage|p2a: Garganacl|25\/100\n|move|p2a: Garganacl|Salt Cure|p1a: Hatterene\n|-crit|p1a: Hatterene\n|-damage|p1a: Hatterene|22\/100\n|-start|p1a: Hatterene|Salt Cure\n|\n|-heal|p1a: Hatterene|28\/100|[from] Grassy Terrain\n|-heal|p2a: Garganacl|32\/100|[from] Grassy Terrain\n|-damage|p1a: Hatterene|3\/100|[from] Salt Cure\n|-fieldend|move: Grassy Terrain\n|upkeep\n|turn|15\n|\n|t:|1700288366\n|move|p1a: Hatterene|Draining Kiss|p2a: Garganacl\n|-resisted|p2a: Garganacl\n|-damage|p2a: Garganacl|24\/100\n|-heal|p1a: Hatterene|10\/100|[from] drain|[of] p2a: Garganacl\n|move|p2a: Garganacl|Recover|p2a: Garganacl\n|-heal|p2a: Garganacl|74\/100\n|\n|-damage|p1a: Hatterene|0 fnt|[from] Salt Cure\n|faint|p1a: Hatterene\n|upkeep\n|\n|t:|1700288373\n|switch|p1a: Heatran|Heatran, F|55\/100\n|turn|16\n|\n|t:|1700288387\n|move|p1a: Heatran|Earth Power|p2a: Garganacl\n|-supereffective|p2a: Garganacl\n|-damage|p2a: Garganacl|40\/100\n|move|p2a: Garganacl|Recover|p2a: Garganacl\n|-heal|p2a: Garganacl|90\/100\n|\n|upkeep\n|turn|17\n|\n|t:|1700288393\n|move|p1a: Heatran|Taunt|p2a: Garganacl\n|-start|p2a: Garganacl|move: Taunt\n|move|p2a: Garganacl|Body Press|p1a: Heatran\n|-supereffective|p1a: Heatran\n|-damage|p1a: Heatran|17\/100\n|\n|upkeep\n|turn|18\n|\n|t:|1700288400\n|move|p1a: Heatran|Earth Power|p2a: Garganacl\n|-supereffective|p2a: Garganacl\n|-damage|p2a: Garganacl|58\/100\n|move|p2a: Garganacl|Body Press|p1a: Heatran\n|-supereffective|p1a: Heatran\n|-damage|p1a: Heatran|0 fnt\n|faint|p1a: Heatran\n|\n|upkeep\n|inactive|qingche has 120 seconds left.\n|\n|t:|1700288439\n|switch|p1a: Ogerpon|Ogerpon-Wellspring, F|100\/100\n|turn|19\n|inactive|qingche has 120 seconds left.\n|\n|t:|1700288449\n|switch|p2a: Dragapult|Dragapult, M|100\/100\n|move|p1a: Ogerpon|Swords Dance|p1a: Ogerpon\n|-boost|p1a: Ogerpon|atk|2\n|\n|upkeep\n|turn|20\n|\n|t:|1700288456\n|move|p2a: Dragapult|Will-O-Wisp|p1a: Ogerpon\n|-status|p1a: Ogerpon|brn\n|move|p1a: Ogerpon|Ivy Cudgel|p2a: Dragapult|[anim] Ivy Cudgel Water\n|-resisted|p2a: Dragapult\n|-damage|p2a: Dragapult|65\/100\n|\n|-heal|p2a: Dragapult|71\/100|[from] item: Leftovers\n|-damage|p1a: Ogerpon|95\/100 brn|[from] brn\n|upkeep\n|turn|21\n|\n|t:|1700288465\n|move|p2a: Dragapult|Hex|p1a: Ogerpon\n|-damage|p1a: Ogerpon|44\/100 brn\n|move|p1a: Ogerpon|Encore|p2a: Dragapult\n|-start|p2a: Dragapult|Encore\n|\n|-heal|p2a: Dragapult|77\/100|[from] item: Leftovers\n|-damage|p1a: Ogerpon|38\/100 brn|[from] brn\n|upkeep\n|turn|22\n|\n|t:|1700288477\n|move|p2a: Dragapult|Hex|p1a: Ogerpon\n|-damage|p1a: Ogerpon|0 fnt\n|faint|p1a: Ogerpon\n|\n|-heal|p2a: Dragapult|83\/100|[from] item: Leftovers\n|upkeep\n|\n|t:|1700288482\n|switch|p1a: Rillaboom|Rillaboom, M|64\/100\n|-fieldstart|move: Grassy Terrain|[from] ability: Grassy Surge|[of] p1a: Rillaboom\n|turn|23\n|\n|t:|1700288488\n|switch|p2a: Garganacl|Garganacl, M, tera:Poison|58\/100\n|move|p1a: Rillaboom|Knock Off|p2a: Garganacl\n|-damage|p2a: Garganacl|34\/100\n|\n|-heal|p1a: Rillaboom|70\/100|[from] Grassy Terrain\n|-heal|p2a: Garganacl|40\/100|[from] Grassy Terrain\n|upkeep\n|turn|24\n|\n|t:|1700288509\n|switch|p1a: Sneasler|Sneasler, F|100\/100\n|-enditem|p1a: Sneasler|Grassy Seed\n|-boost|p1a: Sneasler|def|1|[from] item: Grassy Seed\n|move|p2a: Garganacl|Recover|p2a: Garganacl\n|-heal|p2a: Garganacl|90\/100\n|\n|-heal|p2a: Garganacl|97\/100|[from] Grassy Terrain\n|upkeep\n|turn|25\n|\n|t:|1700288513\n|move|p1a: Sneasler|Swords Dance|p1a: Sneasler\n|-boost|p1a: Sneasler|atk|2\n|move|p2a: Garganacl|Salt Cure|p1a: Sneasler\n|-resisted|p1a: Sneasler\n|-damage|p1a: Sneasler|94\/100\n|-start|p1a: Sneasler|Salt Cure\n|\n|-heal|p1a: Sneasler|99\/100|[from] Grassy Terrain\n|-heal|p2a: Garganacl|100\/100|[from] Grassy Terrain\n|-damage|p1a: Sneasler|88\/100|[from] Salt Cure\n|upkeep\n|turn|26\n|\n|t:|1700288516\n|move|p1a: Sneasler|Swords Dance|p1a: Sneasler\n|-boost|p1a: Sneasler|atk|2\n|move|p2a: Garganacl|Iron Defense|p2a: Garganacl\n|-boost|p2a: Garganacl|def|2\n|\n|-heal|p1a: Sneasler|94\/100|[from] Grassy Terrain\n|-damage|p1a: Sneasler|82\/100|[from] Salt Cure\n|upkeep\n|turn|27\n|\n|t:|1700288518\n|move|p1a: Sneasler|Acrobatics|p2a: Garganacl\n|-damage|p2a: Garganacl|61\/100\n|move|p2a: Garganacl|Iron Defense|p2a: Garganacl\n|-boost|p2a: Garganacl|def|2\n|\n|-heal|p1a: Sneasler|88\/100|[from] Grassy Terrain\n|-heal|p2a: Garganacl|67\/100|[from] Grassy Terrain\n|-damage|p1a: Sneasler|75\/100|[from] Salt Cure\n|-fieldend|move: Grassy Terrain\n|upkeep\n|turn|28\n|\n|t:|1700288524\n|move|p1a: Sneasler|Acrobatics|p2a: Garganacl\n|-damage|p2a: Garganacl|40\/100\n|move|p2a: Garganacl|Recover|p2a: Garganacl\n|-heal|p2a: Garganacl|90\/100\n|\n|-damage|p1a: Sneasler|63\/100|[from] Salt Cure\n|upkeep\n|turn|29\n|\n|t:|1700288533\n|move|p1a: Sneasler|Close Combat|p2a: Garganacl\n|-resisted|p2a: Garganacl\n|-damage|p2a: Garganacl|68\/100\n|-unboost|p1a: Sneasler|def|1\n|-unboost|p1a: Sneasler|spd|1\n|move|p2a: Garganacl|Iron Defense|p2a: Garganacl\n|-boost|p2a: Garganacl|def|2\n|\n|-damage|p1a: Sneasler|51\/100|[from] Salt Cure\n|upkeep\n|turn|30\n|-message|qingche forfeited.\n|\n|win|Sick Fiesta\n|raw|qingche's rating: 1418 &rarr; <strong>1401<\/strong><br \/>(-17 for losing)\n|raw|Sick Fiesta's rating: 1464 &rarr; <strong>1481<\/strong><br \/>(+17 for winning)\n|l|\u2606qingche\n","uploadtime":1700288543,"views":11,"p1id":"qingche","p2id":"sickfiesta","formatid":"gen9ou","rating":1401,"private":0,"password":""}