{"id":"gen9ou-1997900796","p1":"Morgan&Sableye","p2":"Aggron","format":"[Gen 9] OU","log":"|j|\u2606Morgan&Sableye\n|j|\u2606Aggron\n|t:|1700865342\n|gametype|singles\n|player|p1|Morgan&Sableye|blaine|1864\n|player|p2|Aggron|pokefan-gen4|1850\n|teamsize|p1|6\n|teamsize|p2|6\n|gen|9\n|tier|[Gen 9] OU\n|rated|\n|rule|Sleep Clause Mod: Limit one foe put to sleep\n|rule|Species Clause: Limit one of each Pok\u00e9mon\n|rule|OHKO Clause: OHKO moves are banned\n|rule|Evasion Items Clause: Evasion items are banned\n|rule|Evasion Moves Clause: Evasion moves are banned\n|rule|Endless Battle Clause: Forcing endless battles is banned\n|rule|HP Percentage Mod: HP is shown in percentages\n|clearpoke\n|poke|p1|Hoopa-Unbound|\n|poke|p1|Ursaluna, F|\n|poke|p1|Hatterene, F|\n|poke|p1|Cresselia, F|\n|poke|p1|Iron Hands|\n|poke|p1|Kingambit, M|\n|poke|p2|Sinistcha-Masterpiece|\n|poke|p2|Heatran, M|\n|poke|p2|Rillaboom, F|\n|poke|p2|Samurott-Hisui, F|\n|poke|p2|Tyranitar, M|\n|poke|p2|Ogerpon-Cornerstone, F|\n|teampreview\n|inactive|Battle timer is ON: inactive players will automatically lose when time's up. (requested by Aggron)\n|\n|t:|1700865359\n|start\n|switch|p1a: Hands|Iron Hands|100\/100\n|switch|p2a: Rillaboom|Rillaboom, F, shiny|100\/100\n|-fieldstart|move: Grassy Terrain|[from] ability: Grassy Surge|[of] p2a: Rillaboom\n|-enditem|p1a: Hands|Booster Energy\n|-activate|p1a: Hands|ability: Quark Drive|[fromitem]\n|-start|p1a: Hands|quarkdriveatk\n|turn|1\n|j| OMG WEMBANYAMA\n|\n|t:|1700865369\n|-terastallize|p2a: Rillaboom|Grass\n|-terastallize|p1a: Hands|Flying\n|move|p2a: Rillaboom|Wood Hammer|p1a: Hands\n|-resisted|p1a: Hands\n|-damage|p1a: Hands|50\/100\n|-damage|p2a: Rillaboom|79\/100|[from] Recoil\n|move|p1a: Hands|Ice Punch|p2a: Rillaboom\n|-supereffective|p2a: Rillaboom\n|-damage|p2a: Rillaboom|3\/100\n|\n|-heal|p2a: Rillaboom|9\/100|[from] Grassy Terrain\n|upkeep\n|turn|2\n|j| Surgo\n|\n|t:|1700865383\n|move|p2a: Rillaboom|Wood Hammer|p1a: Hands\n|-resisted|p1a: Hands\n|-damage|p1a: Hands|0 fnt\n|faint|p1a: Hands\n|-end|p1a: Hands|Quark Drive|[silent]\n|-damage|p2a: Rillaboom|0 fnt|[from] Recoil\n|faint|p2a: Rillaboom\n|\n|upkeep\n|\n|t:|1700865393\n|switch|p2a: Samurott|Samurott-Hisui, F|100\/100\n|switch|p1a: Hat|Hatterene, F|100\/100\n|turn|3\n|\n|t:|1700865398\n|move|p2a: Samurott|Ceaseless Edge|p1a: Hat\n|-damage|p1a: Hat|50\/100\n|-sidestart|p1: Morgan&Sableye|Spikes\n|move|p1a: Hat|Trick Room|p1a: Hat\n|-fieldstart|move: Trick Room|[of] p1a: Hat\n|\n|-heal|p1a: Hat|56\/100|[from] Grassy Terrain\n|upkeep\n|turn|4\n|\n|t:|1700865404\n|switch|p2a: Heatran|Heatran, M|100\/100\n|-item|p2a: Heatran|Air Balloon\n|move|p1a: Hat|Misty Explosion|p2a: Heatran\n|-resisted|p2a: Heatran\n|-damage|p2a: Heatran|86\/100\n|-enditem|p2a: Heatran|Air Balloon\n|faint|p1a: Hat\n|\n|-heal|p2a: Heatran|92\/100|[from] Grassy Terrain\n|upkeep\n|j| Jontrendline\n|\n|t:|1700865418\n|switch|p1a: Bear|Ursaluna, F|100\/100\n|-damage|p1a: Bear|88\/100|[from] Spikes\n|turn|5\n|\n|t:|1700865420\n|switch|p2a: Sinistcha|Sinistcha-Masterpiece|100\/100\n|move|p1a: Bear|Headlong Rush|p2a: Sinistcha\n|-resisted|p2a: Sinistcha\n|-damage|p2a: Sinistcha|74\/100\n|-unboost|p1a: Bear|def|1\n|-unboost|p1a: Bear|spd|1\n|\n|-heal|p1a: Bear|94\/100|[from] Grassy Terrain\n|-heal|p2a: Sinistcha|80\/100|[from] Grassy Terrain\n|-fieldend|move: Grassy Terrain\n|-status|p1a: Bear|brn|[from] item: Flame Orb\n|upkeep\n|turn|6\n|\n|t:|1700865424\n|switch|p1a: Uuummmm...|Hoopa-Unbound|100\/100\n|-damage|p1a: Uuummmm...|88\/100|[from] Spikes\n|move|p2a: Sinistcha|Matcha Gotcha|p1a: Uuummmm...\n|-damage|p1a: Uuummmm...|61\/100\n|-heal|p2a: Sinistcha|94\/100|[from] drain|[of] p1a: Uuummmm...\n|\n|upkeep\n|turn|7\n|\n|t:|1700865432\n|switch|p2a: Tyranitar|Tyranitar, M|100\/100\n|-weather|Sandstorm|[from] ability: Sand Stream|[of] p2a: Tyranitar\n|move|p1a: Uuummmm...|Brick Break|p2a: Tyranitar\n|-supereffective|p2a: Tyranitar\n|-damage|p2a: Tyranitar|0 fnt\n|faint|p2a: Tyranitar\n|\n|-weather|Sandstorm|[upkeep]\n|-damage|p1a: Uuummmm...|55\/100|[from] Sandstorm\n|-fieldend|move: Trick Room\n|upkeep\n|\n|t:|1700865439\n|switch|p2a: Ogerpon|Ogerpon-Cornerstone, F|100\/100\n|turn|8\n|\n|t:|1700865447\n|switch|p1a: Crescent|Cresselia, F, shiny|100\/100\n|move|p2a: Ogerpon|Ivy Cudgel|p1a: Crescent|[anim] Ivy Cudgel Rock\n|-damage|p1a: Crescent|66\/100\n|\n|-weather|Sandstorm|[upkeep]\n|-damage|p1a: Crescent|60\/100|[from] Sandstorm\n|-heal|p1a: Crescent|66\/100|[from] item: Leftovers\n|upkeep\n|turn|9\n|\n|t:|1700865451\n|move|p2a: Ogerpon|Ivy Cudgel|p1a: Crescent|[anim] Ivy Cudgel Rock\n|-damage|p1a: Crescent|31\/100\n|move|p1a: Crescent|Trick Room|p1a: Crescent\n|-fieldstart|move: Trick Room|[of] p1a: Crescent\n|\n|-weather|Sandstorm|[upkeep]\n|-damage|p1a: Crescent|25\/100|[from] Sandstorm\n|-heal|p1a: Crescent|31\/100|[from] item: Leftovers\n|upkeep\n|turn|10\n|\n|t:|1700865456\n|switch|p1a: Uuummmm...|Hoopa-Unbound|55\/100\n|-damage|p1a: Uuummmm...|43\/100|[from] Spikes\n|switch|p2a: Heatran|Heatran, M|92\/100\n|\n|-weather|Sandstorm|[upkeep]\n|-damage|p1a: Uuummmm...|37\/100|[from] Sandstorm\n|upkeep\n|turn|11\n|\n|t:|1700865464\n|move|p1a: Uuummmm...|Hyperspace Fury|p2a: Heatran\n|-damage|p2a: Heatran|27\/100\n|-unboost|p1a: Uuummmm...|def|1\n|-enditem|p1a: Uuummmm...|Eject Pack\n|\n|t:|1700865467\n|switch|p1a: Bear|Ursaluna, F|94\/100 brn\n|-damage|p1a: Bear|82\/100 brn|[from] Spikes\n|move|p2a: Heatran|Stealth Rock|p1a: Bear\n|-sidestart|p1: Morgan&Sableye|move: Stealth Rock\n|\n|-weather|none\n|-damage|p1a: Bear|75\/100 brn|[from] brn\n|upkeep\n|turn|12\n|\n|t:|1700865473\n|switch|p2a: Sinistcha|Sinistcha-Masterpiece|94\/100\n|move|p1a: Bear|Headlong Rush|p2a: Sinistcha\n|-resisted|p2a: Sinistcha\n|-damage|p2a: Sinistcha|59\/100\n|-unboost|p1a: Bear|def|1\n|-unboost|p1a: Bear|spd|1\n|\n|-damage|p1a: Bear|69\/100 brn|[from] brn\n|upkeep\n|turn|13\n|\n|t:|1700865475\n|move|p1a: Bear|Fire Punch|p2a: Sinistcha\n|-supereffective|p2a: Sinistcha\n|-damage|p2a: Sinistcha|29\/100\n|move|p2a: Sinistcha|Matcha Gotcha|p1a: Bear\n|-supereffective|p1a: Bear\n|-crit|p1a: Bear\n|-damage|p1a: Bear|0 fnt\n|-heal|p2a: Sinistcha|75\/100|[from] drain|[of] p1a: Bear\n|faint|p1a: Bear\n|\n|-fieldend|move: Trick Room\n|upkeep\n|\n|t:|1700865479\n|switch|p1a: King|Kingambit, M, shiny|100\/100\n|-damage|p1a: King|88\/100|[from] Spikes\n|-damage|p1a: King|82\/100|[from] Stealth Rock\n|-activate|p1a: King|ability: Supreme Overlord\n|-start|p1a: King|fallen3|[silent]\n|turn|14\n|\n|t:|1700865486\n|switch|p2a: Heatran|Heatran, M|27\/100\n|move|p1a: King|Kowtow Cleave|p2a: Heatran\n|-damage|p2a: Heatran|0 fnt\n|faint|p2a: Heatran\n|\n|-heal|p1a: King|88\/100|[from] item: Leftovers\n|upkeep\n|\n|t:|1700865492\n|switch|p2a: Samurott|Samurott-Hisui, F|100\/100\n|turn|15\n|\n|t:|1700865498\n|move|p2a: Samurott|Sacred Sword|p1a: King\n|-supereffective|p1a: King\n|-damage|p1a: King|0 fnt\n|faint|p1a: King\n|-end|p1a: King|fallen3|[silent]\n|\n|upkeep\n|\n|t:|1700865500\n|switch|p1a: Uuummmm...|Hoopa-Unbound|37\/100\n|-damage|p1a: Uuummmm...|24\/100|[from] Spikes\n|-damage|p1a: Uuummmm...|12\/100|[from] Stealth Rock\n|turn|16\n|\n|t:|1700865503\n|move|p2a: Samurott|Sacred Sword|p1a: Uuummmm...\n|-damage|p1a: Uuummmm...|0 fnt\n|faint|p1a: Uuummmm...\n|\n|upkeep\n|\n|t:|1700865505\n|switch|p1a: Crescent|Cresselia, F, shiny|31\/100\n|-damage|p1a: Crescent|18\/100|[from] Stealth Rock\n|turn|17\n|\n|t:|1700865507\n|move|p2a: Samurott|Ceaseless Edge|p1a: Crescent\n|-supereffective|p1a: Crescent\n|-damage|p1a: Crescent|0 fnt\n|-sidestart|p1: Morgan&Sableye|Spikes\n|faint|p1a: Crescent\n|\n|win|Aggron\n|raw|Morgan&amp;Sableye's rating: 1864 &rarr; <strong>1843<\/strong><br \/>(-21 for losing)\n|raw|Aggron's rating: 1850 &rarr; <strong>1871<\/strong><br \/>(+21 for winning)\n","uploadtime":1700865514,"views":28,"p1id":"morgansableye","p2id":"aggron","formatid":"gen9ou","rating":1843,"private":0,"password":""}