{"id":"gen9ou-1994937816","p1":"UncleMeta","p2":"It's classified","format":"[Gen 9] OU","log":"|j|\u2606UncleMeta\n|j|\u2606It's classified\n|t:|1700506309\n|gametype|singles\n|player|p1|UncleMeta|265|1435\n|player|p2|It's classified|pokemonranger-gen4|1507\n|teamsize|p1|6\n|teamsize|p2|6\n|gen|9\n|tier|[Gen 9] OU\n|rated|\n|rule|Sleep Clause Mod: Limit one foe put to sleep\n|rule|Species Clause: Limit one of each Pok\u00e9mon\n|rule|OHKO Clause: OHKO moves are banned\n|rule|Evasion Items Clause: Evasion items are banned\n|rule|Evasion Moves Clause: Evasion moves are banned\n|rule|Endless Battle Clause: Forcing endless battles is banned\n|rule|HP Percentage Mod: HP is shown in percentages\n|clearpoke\n|poke|p1|Alomomola, F|\n|poke|p1|Kingambit, F|\n|poke|p1|Great Tusk|\n|poke|p1|Cinderace, F|\n|poke|p1|Tsareena, F|\n|poke|p1|Gholdengo|\n|poke|p2|Ceruledge, M|\n|poke|p2|Ninetales-Alola, F|\n|poke|p2|Iron Valiant|\n|poke|p2|Great Tusk|\n|poke|p2|Manaphy|\n|poke|p2|Kingambit, M|\n|teampreview\n|inactive|Battle timer is ON: inactive players will automatically lose when time's up. (requested by It's classified)\n|\n|t:|1700506320\n|start\n|switch|p1a: Alright Tusk|Great Tusk|100\/100\n|switch|p2a: Ninetales|Ninetales-Alola, F|100\/100\n|-weather|Snow|[from] ability: Snow Warning|[of] p2a: Ninetales\n|turn|1\n|\n|t:|1700506325\n|move|p2a: Ninetales|Aurora Veil|p2a: Ninetales\n|-sidestart|p2: It's classified|move: Aurora Veil\n|move|p1a: Alright Tusk|Stealth Rock|p2a: Ninetales\n|-sidestart|p2: It's classified|move: Stealth Rock\n|\n|-weather|Snow|[upkeep]\n|upkeep\n|turn|2\n|\n|t:|1700506343\n|switch|p2a: Ceruledge|Ceruledge, M|100\/100\n|-damage|p2a: Ceruledge|76\/100|[from] Stealth Rock\n|-item|p2a: Ceruledge|Air Balloon\n|-end|p1a: Alright Tusk|Protosynthesis|[silent]\n|switch|p1a: Soccer|Cinderace, F|100\/100\n|\n|-weather|Snow|[upkeep]\n|upkeep\n|turn|3\n|\n|t:|1700506347\n|move|p1a: Soccer|Court Change|p1a: Soccer\n|-start|p1a: Soccer|typechange|Normal|[from] ability: Libero\n|-swapsideconditions\n|-activate|p1a: Soccer|move: Court Change\n|move|p2a: Ceruledge|Swords Dance|p2a: Ceruledge\n|-boost|p2a: Ceruledge|atk|2\n|\n|-weather|Snow|[upkeep]\n|upkeep\n|turn|4\n|\n|t:|1700506354\n|move|p1a: Soccer|Court Change|p1a: Soccer\n|-swapsideconditions\n|-activate|p1a: Soccer|move: Court Change\n|move|p2a: Ceruledge|Swords Dance|p2a: Ceruledge\n|-boost|p2a: Ceruledge|atk|2\n|\n|-weather|Snow|[upkeep]\n|upkeep\n|turn|5\n|c|\u2606UncleMeta|Lol forgot about my rockks\n|c|\u2606UncleMeta|haave them backk\n|\n|t:|1700506371\n|move|p1a: Soccer|U-turn|p2a: Ceruledge\n|-resisted|p2a: Ceruledge\n|-damage|p2a: Ceruledge|72\/100\n|-ability|p2a: Ceruledge|Weak Armor|boost\n|-unboost|p2a: Ceruledge|def|1\n|-boost|p2a: Ceruledge|spe|2\n|-enditem|p2a: Ceruledge|Air Balloon\n|\n|t:|1700506376\n|switch|p1a: LiveLaughLuvdisc|Alomomola, F, shiny|100\/100|[from] U-turn\n|move|p2a: Ceruledge|Bitter Blade|p1a: LiveLaughLuvdisc\n|-resisted|p1a: LiveLaughLuvdisc\n|-damage|p1a: LiveLaughLuvdisc|63\/100\n|-heal|p2a: Ceruledge|100\/100|[from] drain|[of] p1a: LiveLaughLuvdisc\n|-enditem|p1a: LiveLaughLuvdisc|Red Card|[of] p2a: Ceruledge\n|drag|p2a: Kingambit|Kingambit, M|100\/100\n|-damage|p2a: Kingambit|94\/100|[from] Stealth Rock\n|\n|-weather|none\n|upkeep\n|turn|6\n|c|\u2606It's classified|Lol\n|c|\u2606It's classified|Thanks for giving them back, btw\n|\n|t:|1700506398\n|move|p2a: Kingambit|Swords Dance|p2a: Kingambit\n|-boost|p2a: Kingambit|atk|2\n|move|p1a: LiveLaughLuvdisc|Scald|p2a: Kingambit\n|-damage|p2a: Kingambit|87\/100\n|-status|p2a: Kingambit|brn\n|-enditem|p2a: Kingambit|Lum Berry|[eat]\n|-curestatus|p2a: Kingambit|brn|[msg]\n|\n|upkeep\n|turn|7\n|\n|t:|1700506406\n|move|p2a: Kingambit|Kowtow Cleave|p1a: LiveLaughLuvdisc\n|-damage|p1a: LiveLaughLuvdisc|2\/100\n|move|p1a: LiveLaughLuvdisc|Scald|p2a: Kingambit\n|-damage|p2a: Kingambit|80\/100\n|\n|upkeep\n|turn|8\n|\n|t:|1700506426\n|switch|p1a: Magnus|Kingambit, F, shiny|100\/100\n|move|p2a: Kingambit|Kowtow Cleave|p1a: Magnus\n|-resisted|p1a: Magnus\n|-damage|p1a: Magnus|64\/100\n|\n|-heal|p1a: Magnus|70\/100|[from] item: Leftovers\n|-sideend|p2: It's classified|move: Aurora Veil\n|upkeep\n|turn|9\n|\n|t:|1700506440\n|move|p2a: Kingambit|Kowtow Cleave|p1a: Magnus\n|-resisted|p1a: Magnus\n|-damage|p1a: Magnus|31\/100\n|move|p1a: Magnus|Iron Head|p2a: Kingambit\n|-resisted|p2a: Kingambit\n|-damage|p2a: Kingambit|62\/100\n|\n|-heal|p1a: Magnus|38\/100|[from] item: Leftovers\n|upkeep\n|turn|10\n|\n|t:|1700506463\n|move|p2a: Kingambit|Kowtow Cleave|p1a: Magnus\n|-resisted|p1a: Magnus\n|-damage|p1a: Magnus|4\/100\n|move|p1a: Magnus|Iron Head|p2a: Kingambit\n|-resisted|p2a: Kingambit\n|-damage|p2a: Kingambit|43\/100\n|\n|-heal|p1a: Magnus|10\/100|[from] item: Leftovers\n|upkeep\n|turn|11\n|\n|t:|1700506475\n|-end|p1a: Magnus|fallenundefined|[silent]\n|switch|p1a: Alright Tusk|Great Tusk|100\/100\n|move|p2a: Kingambit|Iron Head|p1a: Alright Tusk\n|-damage|p1a: Alright Tusk|26\/100\n|-damage|p2a: Kingambit|27\/100|[from] item: Rocky Helmet|[of] p1a: Alright Tusk\n|\n|upkeep\n|turn|12\n|\n|t:|1700506484\n|-end|p1a: Alright Tusk|Protosynthesis|[silent]\n|switch|p1a: YasQueen|Tsareena, F|100\/100\n|move|p2a: Kingambit|Sucker Punch||[still]\n|cant|p1a: YasQueen|ability: Queenly Majesty|Sucker Punch|[of] p2a: Kingambit\n|\n|upkeep\n|turn|13\n|\n|t:|1700506492\n|move|p2a: Kingambit|Sucker Punch||[still]\n|cant|p1a: YasQueen|ability: Queenly Majesty|Sucker Punch|[of] p2a: Kingambit\n|move|p1a: YasQueen|Low Kick|p2a: Kingambit\n|-supereffective|p2a: Kingambit\n|-damage|p2a: Kingambit|0 fnt\n|faint|p2a: Kingambit\n|-end|p2a: Kingambit|fallenundefined|[silent]\n|\n|upkeep\n|\n|t:|1700506512\n|switch|p2a: Ceruledge|Ceruledge, M|100\/100\n|-damage|p2a: Ceruledge|76\/100|[from] Stealth Rock\n|turn|14\n|\n|t:|1700506525\n|switch|p1a: Soccer|Cinderace, F|100\/100\n|move|p2a: Ceruledge|Swords Dance|p2a: Ceruledge\n|-boost|p2a: Ceruledge|atk|2\n|\n|upkeep\n|turn|15\n|\n|t:|1700506529\n|move|p1a: Soccer|U-turn|p2a: Ceruledge\n|-start|p1a: Soccer|typechange|Bug|[from] ability: Libero\n|-resisted|p2a: Ceruledge\n|-damage|p2a: Ceruledge|65\/100\n|-ability|p2a: Ceruledge|Weak Armor|boost\n|-unboost|p2a: Ceruledge|def|1\n|-boost|p2a: Ceruledge|spe|2\n|\n|t:|1700506533\n|switch|p1a: LiveLaughLuvdisc|Alomomola, F, shiny|36\/100|[from] U-turn\n|move|p2a: Ceruledge|Poltergeist||[still]\n|-fail|p2a: Ceruledge\n|\n|upkeep\n|turn|16\n|\n|t:|1700506544\n|switch|p1a: Soccer|Cinderace, F|100\/100\n|move|p2a: Ceruledge|Close Combat|p1a: Soccer\n|-damage|p1a: Soccer|0 fnt\n|-unboost|p2a: Ceruledge|def|1\n|-unboost|p2a: Ceruledge|spd|1\n|faint|p1a: Soccer\n|\n|upkeep\n|\n|t:|1700506554\n|switch|p1a: LiveLaughLuvdisc|Alomomola, F, shiny|69\/100\n|turn|17\n|\n|t:|1700506561\n|move|p2a: Ceruledge|Close Combat|p1a: LiveLaughLuvdisc\n|-damage|p1a: LiveLaughLuvdisc|23\/100\n|-unboost|p2a: Ceruledge|def|1\n|-unboost|p2a: Ceruledge|spd|1\n|move|p1a: LiveLaughLuvdisc|Flip Turn|p2a: Ceruledge\n|-supereffective|p2a: Ceruledge\n|-damage|p2a: Ceruledge|0 fnt\n|faint|p2a: Ceruledge\n|\n|t:|1700506568\n|switch|p1a: Alright Tusk|Great Tusk|26\/100|[from] Flip Turn\n|\n|upkeep\n|\n|t:|1700506584\n|switch|p2a: Ninetales|Ninetales-Alola, F|100\/100\n|-damage|p2a: Ninetales|76\/100|[from] Stealth Rock\n|-weather|Snow|[from] ability: Snow Warning|[of] p2a: Ninetales\n|turn|18\n|\n|t:|1700506597\n|-end|p1a: Alright Tusk|Protosynthesis|[silent]\n|switch|p1a: CheeseString|Gholdengo|100\/100\n|move|p2a: Ninetales|Aurora Veil|p2a: Ninetales\n|-sidestart|p2: It's classified|move: Aurora Veil\n|\n|-weather|Snow|[upkeep]\n|upkeep\n|turn|19\n|\n|t:|1700506609\n|switch|p2a: Manaphy|Manaphy|100\/100\n|-damage|p2a: Manaphy|88\/100|[from] Stealth Rock\n|move|p1a: CheeseString|Make It Rain|p2a: Manaphy\n|-resisted|p2a: Manaphy\n|-damage|p2a: Manaphy|67\/100\n|-unboost|p1a: CheeseString|spa|1\n|\n|-weather|Snow|[upkeep]\n|-heal|p2a: Manaphy|73\/100|[from] item: Leftovers\n|upkeep\n|turn|20\n|\n|t:|1700506619\n|switch|p1a: LiveLaughLuvdisc|Alomomola, F, shiny|56\/100\n|move|p2a: Manaphy|Acid Armor|p2a: Manaphy\n|-boost|p2a: Manaphy|def|2\n|\n|-weather|Snow|[upkeep]\n|-heal|p2a: Manaphy|79\/100|[from] item: Leftovers\n|upkeep\n|turn|21\n|\n|t:|1700506625\n|move|p2a: Manaphy|Take Heart|p2a: Manaphy\n|-boost|p2a: Manaphy|spa|1\n|-boost|p2a: Manaphy|spd|1\n|move|p1a: LiveLaughLuvdisc|Wish|p1a: LiveLaughLuvdisc\n|\n|-weather|Snow|[upkeep]\n|-heal|p2a: Manaphy|85\/100|[from] item: Leftovers\n|upkeep\n|turn|22\n|\n|t:|1700506629\n|switch|p1a: YasQueen|Tsareena, F|100\/100\n|move|p2a: Manaphy|Take Heart|p2a: Manaphy\n|-boost|p2a: Manaphy|spa|1\n|-boost|p2a: Manaphy|spd|1\n|\n|-weather|none\n|-heal|p2a: Manaphy|92\/100|[from] item: Leftovers\n|upkeep\n|turn|23\n|\n|t:|1700506637\n|-terastallize|p2a: Manaphy|Poison\n|move|p2a: Manaphy|Acid Armor|p2a: Manaphy\n|-boost|p2a: Manaphy|def|2\n|move|p1a: YasQueen|Power Whip|p2a: Manaphy\n|-resisted|p2a: Manaphy\n|-damage|p2a: Manaphy|86\/100\n|\n|-heal|p2a: Manaphy|92\/100|[from] item: Leftovers\n|upkeep\n|turn|24\n|\n|t:|1700506650\n|switch|p1a: Alright Tusk|Great Tusk|26\/100\n|move|p2a: Manaphy|Scald|p1a: Alright Tusk\n|-supereffective|p1a: Alright Tusk\n|-damage|p1a: Alright Tusk|0 fnt\n|faint|p1a: Alright Tusk\n|-end|p1a: Alright Tusk|Protosynthesis|[silent]\n|\n|-heal|p2a: Manaphy|99\/100|[from] item: Leftovers\n|upkeep\n|c|\u2606UncleMeta|Gg\n|\n|t:|1700506658\n|switch|p1a: CheeseString|Gholdengo|100\/100\n|turn|25\n|\n|t:|1700506661\n|move|p1a: CheeseString|Thunderbolt|p2a: Manaphy\n|-damage|p2a: Manaphy|89\/100\n|move|p2a: Manaphy|Scald|p1a: CheeseString\n|-damage|p1a: CheeseString|41\/100\n|\n|-heal|p2a: Manaphy|95\/100|[from] item: Leftovers\n|-sideend|p2: It's classified|move: Aurora Veil\n|upkeep\n|turn|26\n|\n|t:|1700506671\n|switch|p1a: LiveLaughLuvdisc|Alomomola, F, shiny|90\/100\n|move|p2a: Manaphy|Scald|p1a: LiveLaughLuvdisc\n|-resisted|p1a: LiveLaughLuvdisc\n|-damage|p1a: LiveLaughLuvdisc|64\/100\n|\n|-heal|p2a: Manaphy|100\/100|[from] item: Leftovers\n|upkeep\n|turn|27\n|\n|t:|1700506674\n|move|p2a: Manaphy|Stored Power|p1a: LiveLaughLuvdisc\n|-damage|p1a: LiveLaughLuvdisc|0 fnt\n|faint|p1a: LiveLaughLuvdisc\n|\n|upkeep\n|\n|t:|1700506677\n|switch|p1a: CheeseString|Gholdengo|41\/100\n|turn|28\n|\n|t:|1700506680\n|move|p1a: CheeseString|Make It Rain|p2a: Manaphy\n|-damage|p2a: Manaphy|58\/100\n|-unboost|p1a: CheeseString|spa|1\n|move|p2a: Manaphy|Scald|p1a: CheeseString\n|-damage|p1a: CheeseString|0 fnt\n|faint|p1a: CheeseString\n|\n|-heal|p2a: Manaphy|64\/100|[from] item: Leftovers\n|upkeep\n|\n|t:|1700506689\n|switch|p1a: Magnus|Kingambit, F, shiny|10\/100\n|-activate|p1a: Magnus|ability: Supreme Overlord\n|-start|p1a: Magnus|fallen4|[silent]\n|turn|29\n|\n|t:|1700506695\n|move|p1a: Magnus|Sucker Punch||[still]\n|-fail|p1a: Magnus\n|move|p2a: Manaphy|Acid Armor|p2a: Manaphy\n|-boost|p2a: Manaphy|def|2\n|\n|-heal|p2a: Manaphy|70\/100|[from] item: Leftovers\n|-heal|p1a: Magnus|16\/100|[from] item: Leftovers\n|upkeep\n|turn|30\n|\n|t:|1700506700\n|move|p2a: Manaphy|Scald|p1a: Magnus\n|-damage|p1a: Magnus|0 fnt\n|faint|p1a: Magnus\n|-end|p1a: Magnus|fallen4|[silent]\n|\n|-heal|p2a: Manaphy|76\/100|[from] item: Leftovers\n|upkeep\n|\n|t:|1700506702\n|switch|p1a: YasQueen|Tsareena, F|100\/100\n|turn|31\n|\n|t:|1700506707\n|move|p2a: Manaphy|Stored Power|p1a: YasQueen\n|-damage|p1a: YasQueen|7\/100\n|move|p1a: YasQueen|Knock Off|p2a: Manaphy\n|-damage|p2a: Manaphy|67\/100\n|-enditem|p2a: Manaphy|Leftovers|[from] move: Knock Off|[of] p1a: YasQueen\n|\n|upkeep\n|turn|32\n|\n|t:|1700506712\n|move|p2a: Manaphy|Stored Power|p1a: YasQueen\n|-damage|p1a: YasQueen|0 fnt\n|faint|p1a: YasQueen\n|\n|win|It's classified\n|raw|UncleMeta's rating: 1435 &rarr; <strong>1419<\/strong><br \/>(-16 for losing)\n|raw|It&apos;s classified's rating: 1507 &rarr; <strong>1523<\/strong><br \/>(+16 for winning)\n|l|\u2606UncleMeta\n","uploadtime":1700506732,"views":23,"p1id":"unclemeta","p2id":"itsclassified","formatid":"gen9ou","rating":1419,"private":0,"password":""}