{"id":"gen9ou-1994937660","p1":"TheGamerBoss","p2":"yhgtf","format":"[Gen 9] OU","log":"|j|\u2606TheGamerBoss\n|j|\u2606yhgtf\n|inactive|Battle timer is ON: inactive players will automatically lose when time's up.\n|t:|1700506296\n|gametype|singles\n|player|p1|TheGamerBoss|backpacker|\n|player|p2|yhgtf|iris|\n|teamsize|p1|6\n|teamsize|p2|6\n|gen|9\n|tier|[Gen 9] OU\n|rated|Tournament battle\n|rule|Sleep Clause Mod: Limit one foe put to sleep\n|rule|Species Clause: Limit one of each Pok\u00e9mon\n|rule|OHKO Clause: OHKO moves are banned\n|rule|Evasion Items Clause: Evasion items are banned\n|rule|Evasion Moves Clause: Evasion moves are banned\n|rule|Endless Battle Clause: Forcing endless battles is banned\n|rule|HP Percentage Mod: HP is shown in percentages\n|clearpoke\n|poke|p1|Breloom, M|\n|poke|p1|Enamorus-Therian, F|\n|poke|p1|Samurott-Hisui, M|\n|poke|p1|Manaphy|\n|poke|p1|Overqwil, F|\n|poke|p1|Electrode-Hisui|\n|poke|p2|Slaking, M|\n|poke|p2|Iron Moth|\n|poke|p2|Dragonite, F|\n|poke|p2|Gholdengo|\n|poke|p2|Iron Valiant|\n|poke|p2|Ribombee, M|\n|teampreview\n|j|*Lady Monita \u2746\n|inactive|TheGamerBoss also wants the timer to be on.\n|inactive|yhgtf also wants the timer to be on.\n|\n|t:|1700506304\n|start\n|switch|p1a: Manaphy|Manaphy|100\/100\n|switch|p2a: Ribombee|Ribombee, M|100\/100\n|turn|1\n|\n|t:|1700506310\n|move|p2a: Ribombee|Sticky Web|p1a: Manaphy\n|-sidestart|p1: TheGamerBoss|move: Sticky Web\n|move|p1a: Manaphy|Tail Glow|p1a: Manaphy\n|-boost|p1a: Manaphy|spa|3\n|\n|-status|p1a: Manaphy|tox|[from] item: Toxic Orb\n|upkeep\n|turn|2\n|\n|t:|1700506319\n|move|p2a: Ribombee|Moonblast|p1a: Manaphy\n|-damage|p1a: Manaphy|61\/100 tox\n|move|p1a: Manaphy|Surf|p2a: Ribombee\n|-enditem|p2a: Ribombee|Focus Sash\n|-damage|p2a: Ribombee|1\/100\n|\n|-heal|p1a: Manaphy|73\/100 tox|[from] ability: Poison Heal\n|upkeep\n|turn|3\n|\n|t:|1700506331\n|move|p2a: Ribombee|Moonblast|p1a: Manaphy\n|-damage|p1a: Manaphy|32\/100 tox\n|move|p1a: Manaphy|Surf|p2a: Ribombee\n|-damage|p2a: Ribombee|0 fnt\n|faint|p2a: Ribombee\n|\n|-heal|p1a: Manaphy|44\/100 tox|[from] ability: Poison Heal\n|upkeep\n|inactive|yhgtf has 120 seconds left.\n|\n|t:|1700506374\n|switch|p2a: Iron Valiant|Iron Valiant|100\/100\n|turn|4\n|\n|t:|1700506385\n|-terastallize|p1a: Manaphy|Fairy\n|move|p2a: Iron Valiant|Close Combat|p1a: Manaphy\n|-resisted|p1a: Manaphy\n|-damage|p1a: Manaphy|20\/100 tox\n|-unboost|p2a: Iron Valiant|def|1\n|-unboost|p2a: Iron Valiant|spd|1\n|move|p1a: Manaphy|Surf|p2a: Iron Valiant\n|-damage|p2a: Iron Valiant|0 fnt\n|faint|p2a: Iron Valiant\n|\n|-heal|p1a: Manaphy|32\/100 tox|[from] ability: Poison Heal\n|upkeep\n|inactive|yhgtf has 120 seconds left.\n|\n|t:|1700506391\n|switch|p2a: Iron Moth|Iron Moth|100\/100\n|turn|5\n|\n|t:|1700506402\n|move|p2a: Iron Moth|Sludge Wave|p1a: Manaphy\n|-supereffective|p1a: Manaphy\n|-damage|p1a: Manaphy|0 fnt\n|faint|p1a: Manaphy\n|\n|upkeep\n|\n|t:|1700506415\n|switch|p1a: Samurott|Samurott-Hisui, M|100\/100\n|-activate|p1a: Samurott|move: Sticky Web\n|-unboost|p1a: Samurott|spe|1\n|turn|6\n|\n|t:|1700506430\n|move|p2a: Iron Moth|Sludge Wave|p1a: Samurott\n|-damage|p1a: Samurott|0 fnt\n|faint|p1a: Samurott\n|\n|upkeep\n|\n|t:|1700506442\n|switch|p1a: Overqwil|Overqwil, F|100\/100\n|-activate|p1a: Overqwil|move: Sticky Web\n|-unboost|p1a: Overqwil|spe|1\n|turn|7\n|\n|t:|1700506447\n|switch|p2a: Gholdengo|Gholdengo|100\/100\n|move|p1a: Overqwil|Agility|p1a: Overqwil\n|-boost|p1a: Overqwil|spe|2\n|\n|upkeep\n|turn|8\n|\n|t:|1700506454\n|move|p1a: Overqwil|Crunch|p2a: Gholdengo\n|-supereffective|p2a: Gholdengo\n|-damage|p2a: Gholdengo|42\/100\n|-activate|p2a: Gholdengo|ability: Wandering Spirit|Wandering Spirit|Wandering Spirit|[of] p1a: Overqwil\n|move|p2a: Gholdengo|Thunder Wave|p1a: Overqwil\n|-status|p1a: Overqwil|par\n|\n|-heal|p2a: Gholdengo|48\/100|[from] item: Leftovers\n|upkeep\n|turn|9\n|\n|t:|1700506467\n|move|p2a: Gholdengo|Make It Rain|p1a: Overqwil\n|-damage|p1a: Overqwil|13\/100 par\n|-unboost|p2a: Gholdengo|spa|1\n|move|p1a: Overqwil|Agility|p1a: Overqwil\n|-boost|p1a: Overqwil|spe|2\n|\n|-heal|p1a: Overqwil|19\/100 par|[from] item: Black Sludge\n|-heal|p2a: Gholdengo|54\/100|[from] item: Leftovers\n|upkeep\n|turn|10\n|\n|t:|1700506476\n|move|p1a: Overqwil|Crunch|p2a: Gholdengo\n|-supereffective|p2a: Gholdengo\n|-damage|p2a: Gholdengo|1\/100\n|-unboost|p2a: Gholdengo|def|1\n|-activate|p2a: Gholdengo|ability: Wandering Spirit|Wandering Spirit|Wandering Spirit|[of] p1a: Overqwil\n|move|p2a: Gholdengo|Hex|p1a: Overqwil\n|-resisted|p1a: Overqwil\n|-damage|p1a: Overqwil|0 fnt\n|faint|p1a: Overqwil\n|\n|-heal|p2a: Gholdengo|7\/100|[from] item: Leftovers\n|upkeep\n|\n|t:|1700506485\n|switch|p1a: Electrode|Electrode-Hisui|100\/100\n|-activate|p1a: Electrode|move: Sticky Web\n|-unboost|p1a: Electrode|spe|1\n|turn|11\n|\n|t:|1700506494\n|move|p1a: Electrode|Volt Switch|p2a: Gholdengo\n|-damage|p2a: Gholdengo|0 fnt\n|faint|p2a: Gholdengo\n|\n|t:|1700506498\n|switch|p1a: Enamorus|Enamorus-Therian, F|100\/100|[from] Volt Switch\n|\n|-status|p1a: Enamorus|tox|[from] item: Toxic Orb\n|upkeep\n|\n|t:|1700506515\n|switch|p2a: Iron Moth|Iron Moth|100\/100\n|turn|12\n|\n|t:|1700506520\n|move|p2a: Iron Moth|Sludge Wave|p1a: Enamorus\n|-supereffective|p1a: Enamorus\n|-damage|p1a: Enamorus|0 fnt\n|faint|p1a: Enamorus\n|\n|upkeep\n|\n|t:|1700506524\n|switch|p1a: Breloom|Breloom, M, shiny|100\/100\n|-activate|p1a: Breloom|move: Sticky Web\n|-unboost|p1a: Breloom|spe|1\n|turn|13\n|j| Skwovetboi\n|l| Skwovetboi\n|\n|t:|1700506534\n|switch|p2a: Slaking|Slaking, M|100\/100\n|move|p1a: Breloom|Spore|p2a: Slaking\n|-status|p2a: Slaking|slp|[from] move: Spore\n|\n|upkeep\n|turn|14\n|\n|t:|1700506538\n|switch|p2a: Dragonite|Dragonite, F|100\/100\n|move|p1a: Breloom|Swords Dance|p1a: Breloom\n|-boost|p1a: Breloom|atk|2\n|\n|-status|p2a: Dragonite|tox|[from] item: Toxic Orb\n|upkeep\n|turn|15\n|\n|t:|1700506546\n|move|p2a: Dragonite|Fire Punch|p1a: Breloom\n|-supereffective|p1a: Breloom\n|-damage|p1a: Breloom|9\/100\n|-activate|p1a: Breloom|ability: Wandering Spirit|Poison Heal|Wandering Spirit|[of] p2a: Dragonite\n|move|p1a: Breloom|Bullet Seed|p2a: Dragonite\n|-resisted|p2a: Dragonite\n|-damage|p2a: Dragonite|91\/100 tox\n|-resisted|p2a: Dragonite\n|-damage|p2a: Dragonite|81\/100 tox\n|-hitcount|p2a: Dragonite|2\n|-damage|p1a: Breloom|0 fnt|[from] item: Life Orb\n|faint|p1a: Breloom\n|\n|-damage|p2a: Dragonite|74\/100 tox|[from] psn\n|upkeep\n|\n|t:|1700506549\n|switch|p1a: Electrode|Electrode-Hisui|100\/100\n|-activate|p1a: Electrode|move: Sticky Web\n|-unboost|p1a: Electrode|spe|1\n|turn|16\n|c|\u2606TheGamerBoss|gg\n|\n|t:|1700506555\n|move|p1a: Electrode|Thunder Wave||[still]\n|-fail|p1a: Electrode\n|move|p2a: Dragonite|Fire Punch|p1a: Electrode\n|-supereffective|p1a: Electrode\n|-damage|p1a: Electrode|2\/100\n|-activate|p1a: Electrode|ability: Wandering Spirit|Wandering Spirit|Wandering Spirit|[of] p2a: Dragonite\n|\n|-damage|p2a: Dragonite|62\/100 tox|[from] psn\n|upkeep\n|turn|17\n|c|\u2606yhgtf|gg\n|\n|t:|1700506561\n|move|p2a: Dragonite|Extreme Speed|p1a: Electrode\n|-damage|p1a: Electrode|0 fnt\n|-activate|p1a: Electrode|ability: Wandering Spirit|Wandering Spirit|Wandering Spirit|[of] p2a: Dragonite\n|faint|p1a: Electrode\n|\n|win|yhgtf\n|n|\u2606TheGamerBoss|thegamerboss\n|n|\u2606yhgtf|yhgtf\n|n|*Lady Monita \u2746|ladymonita\n","uploadtime":1700506562,"views":4,"p1id":"thegamerboss","p2id":"yhgtf","formatid":"gen9ou","rating":0,"private":0,"password":""}