{"id":"gen9ou-1988727695","p1":"Stinko Man","p2":"daakshclimbsou","format":"[Gen 9] OU","log":"|j|\u2606Stinko Man\n|j|\u2606daakshclimbsou\n|t:|1699755556\n|gametype|singles\n|player|p1|Stinko Man|nate|1269\n|player|p2|daakshclimbsou|2|1216\n|teamsize|p1|6\n|teamsize|p2|6\n|gen|9\n|tier|[Gen 9] OU\n|rated|\n|rule|Sleep Clause Mod: Limit one foe put to sleep\n|rule|Species Clause: Limit one of each Pok\u00e9mon\n|rule|OHKO Clause: OHKO moves are banned\n|rule|Evasion Items Clause: Evasion items are banned\n|rule|Evasion Moves Clause: Evasion moves are banned\n|rule|Endless Battle Clause: Forcing endless battles is banned\n|rule|HP Percentage Mod: HP is shown in percentages\n|clearpoke\n|poke|p1|Sinistcha-Masterpiece|\n|poke|p1|Heatran, F|\n|poke|p1|Gliscor, M|\n|poke|p1|Hatterene, F|\n|poke|p1|Kingambit, M|\n|poke|p1|Ogerpon-Wellspring, F|\n|poke|p2|Gholdengo|\n|poke|p2|Great Tusk|\n|poke|p2|Kingambit, F|\n|poke|p2|Dragapult, M|\n|poke|p2|Garganacl, M|\n|poke|p2|Clefable, F|\n|teampreview\n|inactive|Battle timer is ON: inactive players will automatically lose when time's up. (requested by daakshclimbsou)\n|\n|t:|1699755567\n|start\n|switch|p1a: Volmpin|Ogerpon-Wellspring, F|100\/100\n|switch|p2a: Garganacl|Garganacl, M|100\/100\n|turn|1\n|\n|t:|1699755572\n|move|p1a: Volmpin|Ivy Cudgel|p2a: Garganacl\n|-supereffective|p2a: Garganacl\n|-damage|p2a: Garganacl|36\/100\n|move|p2a: Garganacl|Salt Cure|p1a: Volmpin\n|-damage|p1a: Volmpin|81\/100\n|-start|p1a: Volmpin|Salt Cure\n|\n|-heal|p2a: Garganacl|42\/100|[from] item: Leftovers\n|-damage|p1a: Volmpin|56\/100|[from] Salt Cure\n|upkeep\n|turn|2\n|\n|t:|1699755582\n|move|p2a: Garganacl|Protect|p2a: Garganacl\n|-singleturn|p2a: Garganacl|Protect\n|move|p1a: Volmpin|Ivy Cudgel|p2a: Garganacl\n|-activate|p2a: Garganacl|move: Protect\n|\n|-heal|p2a: Garganacl|49\/100|[from] item: Leftovers\n|-damage|p1a: Volmpin|31\/100|[from] Salt Cure\n|upkeep\n|turn|3\n|\n|t:|1699755592\n|switch|p2a: Clefable|Clefable, F|100\/100\n|move|p1a: Volmpin|Horn Leech|p2a: Clefable\n|-damage|p2a: Clefable|69\/100\n|-heal|p1a: Volmpin|52\/100|[from] drain|[of] p2a: Clefable\n|\n|-heal|p2a: Clefable|75\/100|[from] item: Leftovers\n|-damage|p1a: Volmpin|27\/100|[from] Salt Cure\n|upkeep\n|turn|4\n|\n|t:|1699755600\n|switch|p1a: Kleg|Heatran, F|100\/100\n|move|p2a: Clefable|Cosmic Power|p2a: Clefable\n|-boost|p2a: Clefable|def|1\n|-boost|p2a: Clefable|spd|1\n|\n|-heal|p2a: Clefable|81\/100|[from] item: Leftovers\n|upkeep\n|turn|5\n|\n|t:|1699755606\n|switch|p2a: Garganacl|Garganacl, M|49\/100\n|move|p1a: Kleg|Taunt|p2a: Garganacl\n|-start|p2a: Garganacl|move: Taunt\n|\n|-heal|p2a: Garganacl|55\/100|[from] item: Leftovers\n|upkeep\n|turn|6\n|\n|t:|1699755611\n|move|p1a: Kleg|Earth Power|p2a: Garganacl\n|-supereffective|p2a: Garganacl\n|-damage|p2a: Garganacl|3\/100\n|move|p2a: Garganacl|Salt Cure|p1a: Kleg\n|-damage|p1a: Kleg|87\/100\n|-start|p1a: Kleg|Salt Cure\n|\n|-heal|p1a: Kleg|93\/100|[from] item: Leftovers\n|-heal|p2a: Garganacl|9\/100|[from] item: Leftovers\n|-damage|p1a: Kleg|69\/100|[from] Salt Cure\n|upkeep\n|turn|7\n|\n|t:|1699755619\n|switch|p1a: Lobin|Gliscor, M|100\/100\n|move|p2a: Garganacl|Salt Cure|p1a: Lobin\n|-damage|p1a: Lobin|93\/100\n|-start|p1a: Lobin|Salt Cure\n|\n|-heal|p2a: Garganacl|15\/100|[from] item: Leftovers\n|-damage|p1a: Lobin|80\/100|[from] Salt Cure\n|-end|p2a: Garganacl|move: Taunt\n|-status|p1a: Lobin|tox|[from] item: Toxic Orb\n|upkeep\n|turn|8\n|\n|t:|1699755623\n|move|p2a: Garganacl|Protect|p2a: Garganacl\n|-singleturn|p2a: Garganacl|Protect\n|move|p1a: Lobin|Earthquake|p2a: Garganacl\n|-activate|p2a: Garganacl|move: Protect\n|\n|-heal|p2a: Garganacl|21\/100|[from] item: Leftovers\n|-heal|p1a: Lobin|93\/100 tox|[from] ability: Poison Heal\n|-damage|p1a: Lobin|80\/100 tox|[from] Salt Cure\n|upkeep\n|turn|9\n|\n|t:|1699755629\n|switch|p2a: Clefable|Clefable, F|81\/100\n|move|p1a: Lobin|Earthquake|p2a: Clefable\n|-damage|p2a: Clefable|54\/100\n|\n|-heal|p2a: Clefable|60\/100|[from] item: Leftovers\n|-heal|p1a: Lobin|93\/100 tox|[from] ability: Poison Heal\n|-damage|p1a: Lobin|80\/100 tox|[from] Salt Cure\n|upkeep\n|turn|10\n|\n|t:|1699755632\n|switch|p1a: Kleg|Heatran, F|69\/100\n|move|p2a: Clefable|Moonlight|p2a: Clefable\n|-heal|p2a: Clefable|100\/100\n|\n|-heal|p1a: Kleg|75\/100|[from] item: Leftovers\n|upkeep\n|turn|11\n|\n|t:|1699755636\n|switch|p2a: Great Tusk|Great Tusk|100\/100\n|-enditem|p2a: Great Tusk|Booster Energy\n|-activate|p2a: Great Tusk|ability: Protosynthesis|[fromitem]\n|-start|p2a: Great Tusk|protosynthesisdef\n|move|p1a: Kleg|Earth Power|p2a: Great Tusk\n|-damage|p2a: Great Tusk|64\/100\n|\n|-heal|p1a: Kleg|81\/100|[from] item: Leftovers\n|upkeep\n|turn|12\n|\n|t:|1699755645\n|switch|p1a: Giblin|Sinistcha-Masterpiece|100\/100\n|move|p2a: Great Tusk|Stealth Rock|p1a: Giblin\n|-sidestart|p1: Stinko Man|move: Stealth Rock\n|\n|upkeep\n|turn|13\n|\n|t:|1699755652\n|-end|p2a: Great Tusk|Protosynthesis|[silent]\n|switch|p2a: Kingambit|Kingambit, F|100\/100\n|move|p1a: Giblin|Matcha Gotcha|p2a: Kingambit\n|-resisted|p2a: Kingambit\n|-damage|p2a: Kingambit|80\/100\n|-status|p2a: Kingambit|brn\n|\n|-damage|p2a: Kingambit|74\/100 brn|[from] brn\n|upkeep\n|turn|14\n|\n|t:|1699755666\n|move|p1a: Giblin|Strength Sap|p2a: Kingambit\n|-unboost|p2a: Kingambit|atk|1\n|move|p2a: Kingambit|Swords Dance|p2a: Kingambit\n|-boost|p2a: Kingambit|atk|2\n|\n|-damage|p2a: Kingambit|68\/100 brn|[from] brn\n|upkeep\n|turn|15\n|\n|t:|1699755673\n|move|p1a: Giblin|Matcha Gotcha|p2a: Kingambit\n|-resisted|p2a: Kingambit\n|-damage|p2a: Kingambit|50\/100 brn\n|move|p2a: Kingambit|Kowtow Cleave|p1a: Giblin\n|-supereffective|p1a: Giblin\n|-damage|p1a: Giblin|37\/100\n|\n|-damage|p2a: Kingambit|44\/100 brn|[from] brn\n|upkeep\n|turn|16\n|\n|t:|1699755683\n|move|p1a: Giblin|Strength Sap|p2a: Kingambit\n|-unboost|p2a: Kingambit|atk|1\n|-heal|p1a: Giblin|100\/100\n|move|p2a: Kingambit|Kowtow Cleave|p1a: Giblin\n|-supereffective|p1a: Giblin\n|-damage|p1a: Giblin|59\/100\n|\n|-damage|p2a: Kingambit|37\/100 brn|[from] brn\n|upkeep\n|turn|17\n|\n|t:|1699755691\n|move|p2a: Kingambit|Sucker Punch||[still]\n|-fail|p2a: Kingambit\n|move|p1a: Giblin|Strength Sap|p2a: Kingambit\n|-unboost|p2a: Kingambit|atk|1\n|-heal|p1a: Giblin|100\/100\n|\n|-damage|p2a: Kingambit|31\/100 brn|[from] brn\n|upkeep\n|turn|18\n|\n|t:|1699755702\n|move|p1a: Giblin|Calm Mind|p1a: Giblin\n|-boost|p1a: Giblin|spa|1\n|-boost|p1a: Giblin|spd|1\n|move|p2a: Kingambit|Swords Dance|p2a: Kingambit\n|-boost|p2a: Kingambit|atk|2\n|\n|-damage|p2a: Kingambit|25\/100 brn|[from] brn\n|upkeep\n|turn|19\n|\n|t:|1699755708\n|move|p1a: Giblin|Matcha Gotcha|p2a: Kingambit\n|-resisted|p2a: Kingambit\n|-damage|p2a: Kingambit|0 fnt\n|faint|p2a: Kingambit\n|-end|p2a: Kingambit|fallenundefined|[silent]\n|\n|upkeep\n|\n|t:|1699755714\n|switch|p2a: Gholdengo|Gholdengo|100\/100\n|turn|20\n|\n|t:|1699755720\n|switch|p1a: Lobin|Gliscor, M|80\/100 tox\n|-damage|p1a: Lobin|68\/100 tox|[from] Stealth Rock\n|move|p2a: Gholdengo|Shadow Ball|p1a: Lobin\n|-damage|p1a: Lobin|0 fnt\n|faint|p1a: Lobin\n|\n|upkeep\n|\n|t:|1699755729\n|switch|p1a: Kleg|Heatran, F|81\/100\n|-damage|p1a: Kleg|69\/100|[from] Stealth Rock\n|turn|21\n|\n|t:|1699755739\n|move|p2a: Gholdengo|Shadow Ball|p1a: Kleg\n|-damage|p1a: Kleg|25\/100\n|move|p1a: Kleg|Earth Power|p2a: Gholdengo\n|-supereffective|p2a: Gholdengo\n|-crit|p2a: Gholdengo\n|-damage|p2a: Gholdengo|22\/100\n|\n|-heal|p1a: Kleg|32\/100|[from] item: Leftovers\n|upkeep\n|turn|22\n|\n|t:|1699755755\n|switch|p1a: Xerbis|Kingambit, M|100\/100\n|-damage|p1a: Xerbis|94\/100|[from] Stealth Rock\n|-activate|p1a: Xerbis|ability: Supreme Overlord\n|-start|p1a: Xerbis|fallen1|[silent]\n|move|p2a: Gholdengo|Shadow Ball|p1a: Xerbis\n|-resisted|p1a: Xerbis\n|-damage|p1a: Xerbis|53\/100\n|\n|upkeep\n|turn|23\n|\n|t:|1699755763\n|move|p1a: Xerbis|Sucker Punch|p2a: Gholdengo\n|-supereffective|p2a: Gholdengo\n|-damage|p2a: Gholdengo|0 fnt\n|faint|p2a: Gholdengo\n|\n|upkeep\n|\n|t:|1699755766\n|switch|p2a: Great Tusk|Great Tusk|64\/100\n|turn|24\n|\n|t:|1699755772\n|-end|p1a: Xerbis|fallen1|[silent]\n|switch|p1a: Giblin|Sinistcha-Masterpiece|100\/100\n|move|p2a: Great Tusk|Ice Spinner|p1a: Giblin\n|-supereffective|p1a: Giblin\n|-damage|p1a: Giblin|69\/100\n|\n|upkeep\n|turn|25\n|\n|t:|1699755782\n|-end|p2a: Great Tusk|Protosynthesis|[silent]\n|switch|p2a: Dragapult|Dragapult, M|100\/100\n|move|p1a: Giblin|Matcha Gotcha|p2a: Dragapult\n|-resisted|p2a: Dragapult\n|-damage|p2a: Dragapult|78\/100\n|-heal|p1a: Giblin|79\/100|[from] drain|[of] p2a: Dragapult\n|\n|-heal|p2a: Dragapult|84\/100|[from] item: Leftovers\n|upkeep\n|turn|26\n|\n|t:|1699755797\n|switch|p1a: Kleg|Heatran, F|32\/100\n|-damage|p1a: Kleg|19\/100|[from] Stealth Rock\n|move|p2a: Dragapult|Shadow Ball|p1a: Kleg\n|-damage|p1a: Kleg|0 fnt\n|faint|p1a: Kleg\n|\n|-heal|p2a: Dragapult|90\/100|[from] item: Leftovers\n|upkeep\n|\n|t:|1699755804\n|switch|p1a: Hooleb|Hatterene, F|100\/100\n|-damage|p1a: Hooleb|88\/100|[from] Stealth Rock\n|turn|27\n|\n|t:|1699755810\n|move|p2a: Dragapult|U-turn|p1a: Hooleb\n|-damage|p1a: Hooleb|74\/100\n|\n|t:|1699755814\n|switch|p2a: Clefable|Clefable, F|100\/100|[from] U-turn\n|move|p1a: Hooleb|Draining Kiss|p2a: Clefable\n|-damage|p2a: Clefable|78\/100\n|-heal|p1a: Hooleb|96\/100|[from] drain|[of] p2a: Clefable\n|\n|-heal|p2a: Clefable|84\/100|[from] item: Leftovers\n|-heal|p1a: Hooleb|100\/100|[from] item: Leftovers\n|upkeep\n|turn|28\n|\n|t:|1699755823\n|move|p2a: Clefable|Cosmic Power|p2a: Clefable\n|-boost|p2a: Clefable|def|1\n|-boost|p2a: Clefable|spd|1\n|move|p1a: Hooleb|Nuzzle|p2a: Clefable\n|-damage|p2a: Clefable|82\/100\n|-status|p2a: Clefable|par\n|\n|-heal|p2a: Clefable|88\/100 par|[from] item: Leftovers\n|upkeep\n|turn|29\n|\n|t:|1699755836\n|switch|p1a: Giblin|Sinistcha-Masterpiece|79\/100\n|move|p2a: Clefable|Cosmic Power|p2a: Clefable\n|-boost|p2a: Clefable|def|1\n|-boost|p2a: Clefable|spd|1\n|\n|-heal|p2a: Clefable|94\/100 par|[from] item: Leftovers\n|upkeep\n|turn|30\n|\n|t:|1699755841\n|move|p1a: Giblin|Calm Mind|p1a: Giblin\n|-boost|p1a: Giblin|spa|1\n|-boost|p1a: Giblin|spd|1\n|cant|p2a: Clefable|par\n|\n|-heal|p2a: Clefable|99\/100 par|[from] item: Leftovers\n|upkeep\n|turn|31\n|\n|t:|1699755845\n|move|p1a: Giblin|Matcha Gotcha|p2a: Clefable\n|-damage|p2a: Clefable|75\/100 par\n|-heal|p1a: Giblin|94\/100|[from] drain|[of] p2a: Clefable\n|move|p2a: Clefable|Flamethrower|p1a: Giblin\n|-supereffective|p1a: Giblin\n|-damage|p1a: Giblin|78\/100\n|-status|p1a: Giblin|brn\n|\n|-heal|p2a: Clefable|81\/100 par|[from] item: Leftovers\n|-damage|p1a: Giblin|75\/100 brn|[from] brn\n|upkeep\n|turn|32\n|\n|t:|1699755853\n|move|p1a: Giblin|Calm Mind|p1a: Giblin\n|-boost|p1a: Giblin|spa|1\n|-boost|p1a: Giblin|spd|1\n|move|p2a: Clefable|Cosmic Power|p2a: Clefable\n|-boost|p2a: Clefable|def|1\n|-boost|p2a: Clefable|spd|1\n|\n|-heal|p2a: Clefable|87\/100 par|[from] item: Leftovers\n|-damage|p1a: Giblin|72\/100 brn|[from] brn\n|upkeep\n|turn|33\n|\n|t:|1699755855\n|move|p1a: Giblin|Calm Mind|p1a: Giblin\n|-boost|p1a: Giblin|spa|1\n|-boost|p1a: Giblin|spd|1\n|move|p2a: Clefable|Cosmic Power|p2a: Clefable\n|-boost|p2a: Clefable|def|1\n|-boost|p2a: Clefable|spd|1\n|\n|-heal|p2a: Clefable|93\/100 par|[from] item: Leftovers\n|-damage|p1a: Giblin|69\/100 brn|[from] brn\n|upkeep\n|turn|34\n|\n|t:|1699755858\n|move|p1a: Giblin|Strength Sap|p2a: Clefable\n|-unboost|p2a: Clefable|atk|1\n|-heal|p1a: Giblin|100\/100 brn\n|move|p2a: Clefable|Cosmic Power|p2a: Clefable\n|-boost|p2a: Clefable|def|1\n|-boost|p2a: Clefable|spd|1\n|\n|-heal|p2a: Clefable|99\/100 par|[from] item: Leftovers\n|-damage|p1a: Giblin|98\/100 brn|[from] brn\n|upkeep\n|turn|35\n|\n|t:|1699755862\n|move|p1a: Giblin|Calm Mind|p1a: Giblin\n|-boost|p1a: Giblin|spa|1\n|-boost|p1a: Giblin|spd|1\n|cant|p2a: Clefable|par\n|\n|-heal|p2a: Clefable|100\/100 par|[from] item: Leftovers\n|-damage|p1a: Giblin|95\/100 brn|[from] brn\n|upkeep\n|turn|36\n|\n|t:|1699755866\n|move|p1a: Giblin|Calm Mind|p1a: Giblin\n|-boost|p1a: Giblin|spa|1\n|-boost|p1a: Giblin|spd|1\n|move|p2a: Clefable|Cosmic Power|p2a: Clefable\n|-boost|p2a: Clefable|def|1\n|-boost|p2a: Clefable|spd|1\n|\n|-damage|p1a: Giblin|92\/100 brn|[from] brn\n|upkeep\n|turn|37\n|\n|t:|1699755870\n|move|p1a: Giblin|Calm Mind|p1a: Giblin\n|-boost|p1a: Giblin|spa|1\n|-boost|p1a: Giblin|spd|1\n|cant|p2a: Clefable|par\n|\n|-damage|p1a: Giblin|89\/100 brn|[from] brn\n|upkeep\n|turn|38\n|\n|t:|1699755873\n|move|p1a: Giblin|Shadow Ball|p2a: Clefable\n|-damage|p2a: Clefable|69\/100 par\n|cant|p2a: Clefable|par\n|\n|-heal|p2a: Clefable|75\/100 par|[from] item: Leftovers\n|-damage|p1a: Giblin|86\/100 brn|[from] brn\n|upkeep\n|turn|39\n|\n|t:|1699755880\n|move|p1a: Giblin|Shadow Ball|p2a: Clefable\n|-damage|p2a: Clefable|45\/100 par\n|move|p2a: Clefable|Flamethrower|p1a: Giblin\n|-supereffective|p1a: Giblin\n|-damage|p1a: Giblin|80\/100 brn\n|\n|-heal|p2a: Clefable|52\/100 par|[from] item: Leftovers\n|-damage|p1a: Giblin|77\/100 brn|[from] brn\n|upkeep\n|turn|40\n|\n|t:|1699755884\n|move|p1a: Giblin|Matcha Gotcha|p2a: Clefable\n|-damage|p2a: Clefable|21\/100 par\n|-heal|p1a: Giblin|95\/100 brn|[from] drain|[of] p2a: Clefable\n|move|p2a: Clefable|Moonlight|p2a: Clefable\n|-heal|p2a: Clefable|71\/100 par\n|\n|-heal|p2a: Clefable|77\/100 par|[from] item: Leftovers\n|-damage|p1a: Giblin|92\/100 brn|[from] brn\n|upkeep\n|turn|41\n|\n|t:|1699755890\n|move|p1a: Giblin|Shadow Ball|p2a: Clefable\n|-damage|p2a: Clefable|49\/100 par\n|move|p2a: Clefable|Moonblast|p1a: Giblin\n|-crit|p1a: Giblin\n|-damage|p1a: Giblin|40\/100 brn\n|\n|-heal|p2a: Clefable|55\/100 par|[from] item: Leftovers\n|-damage|p1a: Giblin|37\/100 brn|[from] brn\n|upkeep\n|turn|42\n|\n|t:|1699755894\n|move|p1a: Giblin|Strength Sap|p2a: Clefable\n|-unboost|p2a: Clefable|atk|1\n|-heal|p1a: Giblin|61\/100 brn\n|cant|p2a: Clefable|par\n|\n|-heal|p2a: Clefable|61\/100 par|[from] item: Leftovers\n|-damage|p1a: Giblin|59\/100 brn|[from] brn\n|upkeep\n|turn|43\n|\n|t:|1699755899\n|move|p1a: Giblin|Matcha Gotcha|p2a: Clefable\n|-damage|p2a: Clefable|30\/100 par\n|-heal|p1a: Giblin|76\/100 brn|[from] drain|[of] p2a: Clefable\n|move|p2a: Clefable|Moonlight|p2a: Clefable\n|-heal|p2a: Clefable|80\/100 par\n|\n|-heal|p2a: Clefable|87\/100 par|[from] item: Leftovers\n|-damage|p1a: Giblin|73\/100 brn|[from] brn\n|upkeep\n|turn|44\n|\n|t:|1699755908\n|move|p1a: Giblin|Matcha Gotcha|p2a: Clefable\n|-damage|p2a: Clefable|55\/100 par\n|-heal|p1a: Giblin|91\/100 brn|[from] drain|[of] p2a: Clefable\n|move|p2a: Clefable|Moonblast|p1a: Giblin\n|-damage|p1a: Giblin|81\/100 brn\n|\n|-heal|p2a: Clefable|61\/100 par|[from] item: Leftovers\n|-damage|p1a: Giblin|79\/100 brn|[from] brn\n|upkeep\n|turn|45\n|\n|t:|1699755918\n|switch|p2a: Garganacl|Garganacl, M|21\/100\n|move|p1a: Giblin|Shadow Ball|p2a: Garganacl\n|-damage|p2a: Garganacl|0 fnt\n|faint|p2a: Garganacl\n|\n|-damage|p1a: Giblin|76\/100 brn|[from] brn\n|upkeep\n|-message|daakshclimbsou forfeited.\n|\n|win|Stinko Man\n|raw|Stinko Man's rating: 1269 &rarr; <strong>1290<\/strong><br \/>(+21 for winning)\n|raw|daakshclimbsou's rating: 1216 &rarr; <strong>1195<\/strong><br \/>(-21 for losing)\n|l|\u2606daakshclimbsou\n|c|\u2606Stinko Man|gg\n","uploadtime":1699755935,"views":31,"p1id":"stinkoman","p2id":"daakshclimbsou","formatid":"gen9ou","rating":1195,"private":0,"password":""}