{"id":"gen9ou-1997022426","p1":"LegacyShowden","p2":"coolaidt","format":"[Gen 9] OU","log":"|j|\u2606LegacyShowden\n|j|\u2606coolaidt\n|t:|1700756641\n|gametype|singles\n|player|p1|LegacyShowden|rosa|1560\n|player|p2|coolaidt|266|1658\n|teamsize|p1|6\n|teamsize|p2|6\n|gen|9\n|tier|[Gen 9] OU\n|rated|\n|rule|Sleep Clause Mod: Limit one foe put to sleep\n|rule|Species Clause: Limit one of each Pok\u00e9mon\n|rule|OHKO Clause: OHKO moves are banned\n|rule|Evasion Items Clause: Evasion items are banned\n|rule|Evasion Moves Clause: Evasion moves are banned\n|rule|Endless Battle Clause: Forcing endless battles is banned\n|rule|HP Percentage Mod: HP is shown in percentages\n|clearpoke\n|poke|p1|Great Tusk|\n|poke|p1|Samurott-Hisui, M|\n|poke|p1|Dragapult, M|\n|poke|p1|Enamorus, F|\n|poke|p1|Heatran, M|\n|poke|p1|Gholdengo|\n|poke|p2|Gholdengo|\n|poke|p2|Garganacl, M|\n|poke|p2|Landorus-Therian, M|\n|poke|p2|Hatterene, F|\n|poke|p2|Cinderace, M|\n|poke|p2|Okidogi, M|\n|teampreview\n|inactive|Battle timer is ON: inactive players will automatically lose when time's up. (requested by LegacyShowden)\n|\n|t:|1700756651\n|start\n|switch|p1a: Dragapult|Dragapult, M, shiny|100\/100\n|switch|p2a: Cinderace|Cinderace, M|100\/100\n|turn|1\n|\n|t:|1700756657\n|move|p1a: Dragapult|Draco Meteor|p2a: Cinderace\n|-damage|p2a: Cinderace|0 fnt\n|-unboost|p1a: Dragapult|spa|2\n|faint|p2a: Cinderace\n|\n|upkeep\n|\n|t:|1700756670\n|switch|p2a: Okidogi|Okidogi, M|100\/100\n|turn|2\n|\n|t:|1700756679\n|switch|p1a: Gholdengo|Gholdengo|100\/100\n|-item|p1a: Gholdengo|Air Balloon\n|move|p2a: Okidogi|Bulk Up|p2a: Okidogi\n|-boost|p2a: Okidogi|atk|1\n|-boost|p2a: Okidogi|def|1\n|\n|upkeep\n|turn|3\n|\n|t:|1700756687\n|move|p1a: Gholdengo|Thunder Wave|p2a: Okidogi\n|-status|p2a: Okidogi|par\n|move|p2a: Okidogi|Crunch|p1a: Gholdengo\n|-supereffective|p1a: Gholdengo\n|-damage|p1a: Gholdengo|53\/100\n|-enditem|p1a: Gholdengo|Air Balloon\n|\n|upkeep\n|turn|4\n|\n|t:|1700756694\n|move|p1a: Gholdengo|Hex|p2a: Okidogi\n|-damage|p2a: Okidogi|61\/100 par\n|move|p2a: Okidogi|Bulk Up|p2a: Okidogi\n|-boost|p2a: Okidogi|atk|1\n|-boost|p2a: Okidogi|def|1\n|\n|-heal|p2a: Okidogi|67\/100 par|[from] item: Leftovers\n|upkeep\n|turn|5\n|\n|t:|1700756699\n|move|p1a: Gholdengo|Hex|p2a: Okidogi\n|-damage|p2a: Okidogi|25\/100 par\n|cant|p2a: Okidogi|par\n|\n|-heal|p2a: Okidogi|32\/100 par|[from] item: Leftovers\n|upkeep\n|turn|6\n|\n|t:|1700756702\n|move|p1a: Gholdengo|Hex|p2a: Okidogi\n|-damage|p2a: Okidogi|0 fnt\n|faint|p2a: Okidogi\n|\n|upkeep\n|\n|t:|1700756710\n|switch|p2a: Landorus|Landorus-Therian, M|100\/100\n|-ability|p2a: Landorus|Intimidate|boost\n|-unboost|p1a: Gholdengo|atk|1\n|turn|7\n|\n|t:|1700756716\n|switch|p1a: Enamorus|Enamorus, F|100\/100\n|move|p2a: Landorus|Earthquake|p1a: Enamorus\n|-immune|p1a: Enamorus\n|\n|upkeep\n|turn|8\n|\n|t:|1700756722\n|move|p1a: Enamorus|Substitute|p1a: Enamorus\n|-start|p1a: Enamorus|Substitute\n|-damage|p1a: Enamorus|76\/100\n|move|p2a: Landorus|Stone Edge|p1a: Enamorus|[miss]\n|-miss|p2a: Landorus|p1a: Enamorus\n|\n|-heal|p1a: Enamorus|82\/100|[from] item: Leftovers\n|upkeep\n|turn|9\n|c|\u2606coolaidt|yep gg\n|c|\u2606coolaidt|wp lmao\n|\n|t:|1700756733\n|move|p1a: Enamorus|Calm Mind|p1a: Enamorus\n|-boost|p1a: Enamorus|spa|1\n|-boost|p1a: Enamorus|spd|1\n|move|p2a: Landorus|Stone Edge|p1a: Enamorus\n|-supereffective|p1a: Enamorus\n|-end|p1a: Enamorus|Substitute\n|\n|-heal|p1a: Enamorus|88\/100|[from] item: Leftovers\n|upkeep\n|turn|10\n|\n|t:|1700756739\n|move|p1a: Enamorus|Substitute|p1a: Enamorus\n|-start|p1a: Enamorus|Substitute\n|-damage|p1a: Enamorus|63\/100\n|move|p2a: Landorus|Stone Edge|p1a: Enamorus\n|-supereffective|p1a: Enamorus\n|-end|p1a: Enamorus|Substitute\n|\n|-heal|p1a: Enamorus|69\/100|[from] item: Leftovers\n|upkeep\n|turn|11\n|\n|t:|1700756747\n|move|p1a: Enamorus|Substitute|p1a: Enamorus\n|-start|p1a: Enamorus|Substitute\n|-damage|p1a: Enamorus|44\/100\n|move|p2a: Landorus|Stone Edge|p1a: Enamorus\n|-supereffective|p1a: Enamorus\n|-crit|p1a: Enamorus\n|-end|p1a: Enamorus|Substitute\n|\n|-heal|p1a: Enamorus|51\/100|[from] item: Leftovers\n|upkeep\n|turn|12\n|\n|t:|1700756754\n|move|p1a: Enamorus|Substitute|p1a: Enamorus\n|-start|p1a: Enamorus|Substitute\n|-damage|p1a: Enamorus|26\/100\n|move|p2a: Landorus|Stone Edge|p1a: Enamorus\n|-supereffective|p1a: Enamorus\n|-end|p1a: Enamorus|Substitute\n|\n|-heal|p1a: Enamorus|32\/100|[from] item: Leftovers\n|upkeep\n|turn|13\n|\n|t:|1700756765\n|move|p1a: Enamorus|Draining Kiss|p2a: Landorus\n|-damage|p2a: Landorus|53\/100\n|-heal|p1a: Enamorus|72\/100|[from] drain|[of] p2a: Landorus\n|move|p2a: Landorus|Stone Edge|p1a: Enamorus|[miss]\n|-miss|p2a: Landorus|p1a: Enamorus\n|\n|-heal|p1a: Enamorus|78\/100|[from] item: Leftovers\n|-heal|p2a: Landorus|58\/100|[from] item: Leftovers\n|upkeep\n|turn|14\n|\n|t:|1700756771\n|move|p1a: Enamorus|Substitute|p1a: Enamorus\n|-start|p1a: Enamorus|Substitute\n|-damage|p1a: Enamorus|53\/100\n|move|p2a: Landorus|Stone Edge|p1a: Enamorus\n|-supereffective|p1a: Enamorus\n|-end|p1a: Enamorus|Substitute\n|\n|-heal|p1a: Enamorus|59\/100|[from] item: Leftovers\n|-heal|p2a: Landorus|64\/100|[from] item: Leftovers\n|upkeep\n|turn|15\n|l|\u2606coolaidt\n|inactive|coolaidt disconnected and has a minute to reconnect!\n|player|p2|\n|inactive|coolaidt has 30 seconds to reconnect!\n|inactive|coolaidt has 20 seconds to reconnect!\n|inactive|coolaidt has 15 seconds to reconnect!\n|inactive|coolaidt has 10 seconds to reconnect!\n|inactive|coolaidt has 5 seconds to reconnect!\n|-message|coolaidt lost due to inactivity.\n|\n|win|LegacyShowden\n|raw|LegacyShowden's rating: 1560 &rarr; <strong>1585<\/strong><br \/>(+25 for winning)\n|raw|coolaidt's rating: 1658 &rarr; <strong>1633<\/strong><br \/>(-25 for losing)\n","uploadtime":1700756838,"views":6,"p1id":"legacyshowden","p2id":"coolaidt","formatid":"gen9ou","rating":1585,"private":0,"password":""}