{"id":"gen9ou-1997707287","p1":"ACExDiscostu93","p2":"RamonKiller6614","format":"[Gen 9] OU","log":"|j|\u2606ACExDiscostu93\n|j|\u2606RamonKiller6614\n|t:|1700844040\n|gametype|singles\n|player|p1|ACExDiscostu93|volkner|1274\n|player|p2|RamonKiller6614|steven|1261\n|teamsize|p1|6\n|teamsize|p2|6\n|gen|9\n|tier|[Gen 9] OU\n|rated|\n|rule|Sleep Clause Mod: Limit one foe put to sleep\n|rule|Species Clause: Limit one of each Pok\u00e9mon\n|rule|OHKO Clause: OHKO moves are banned\n|rule|Evasion Items Clause: Evasion items are banned\n|rule|Evasion Moves Clause: Evasion moves are banned\n|rule|Endless Battle Clause: Forcing endless battles is banned\n|rule|HP Percentage Mod: HP is shown in percentages\n|clearpoke\n|poke|p1|Dragonite, F|\n|poke|p1|Garchomp, M|\n|poke|p1|Manaphy|\n|poke|p1|Tyranitar, M|\n|poke|p1|Great Tusk|\n|poke|p1|Ogerpon-Wellspring, F|\n|poke|p2|Gholdengo|\n|poke|p2|Ribombee, F|\n|poke|p2|Dondozo, M|\n|poke|p2|Corviknight, F|\n|poke|p2|Infernape, M|\n|poke|p2|Garchomp, M|\n|teampreview\n|\n|t:|1700844056\n|start\n|switch|p1a: Tyranitar|Tyranitar, M|100\/100\n|switch|p2a: Ribombee|Ribombee, F|100\/100\n|-weather|Sandstorm|[from] ability: Sand Stream|[of] p1a: Tyranitar\n|turn|1\n|\n|t:|1700844062\n|move|p2a: Ribombee|Stun Spore|p1a: Tyranitar\n|-status|p1a: Tyranitar|par\n|move|p1a: Tyranitar|Stone Edge|p2a: Ribombee\n|-supereffective|p2a: Ribombee\n|-enditem|p2a: Ribombee|Focus Sash\n|-damage|p2a: Ribombee|1\/100\n|\n|-weather|Sandstorm|[upkeep]\n|-damage|p2a: Ribombee|0 fnt|[from] Sandstorm\n|faint|p2a: Ribombee\n|upkeep\n|\n|t:|1700844069\n|switch|p2a: Garchomp|Garchomp, M, shiny|100\/100\n|turn|2\n|\n|t:|1700844075\n|switch|p1a: Dragonite|Dragonite, F|100\/100\n|move|p2a: Garchomp|Scale Shot|p1a: Dragonite\n|-supereffective|p1a: Dragonite\n|-damage|p1a: Dragonite|84\/100\n|-supereffective|p1a: Dragonite\n|-damage|p1a: Dragonite|52\/100\n|-supereffective|p1a: Dragonite\n|-crit|p1a: Dragonite\n|-damage|p1a: Dragonite|8\/100\n|-supereffective|p1a: Dragonite\n|-damage|p1a: Dragonite|0 fnt\n|faint|p1a: Dragonite\n|-hitcount|p1: Dragonite|4\n|-unboost|p2a: Garchomp|def|1\n|-boost|p2a: Garchomp|spe|1\n|\n|-weather|Sandstorm|[upkeep]\n|upkeep\n|\n|t:|1700844080\n|switch|p1a: Garchomp|Garchomp, M|100\/100\n|turn|3\n|\n|t:|1700844094\n|-terastallize|p2a: Garchomp|Steel\n|-terastallize|p1a: Garchomp|Steel\n|move|p2a: Garchomp|Earthquake|p1a: Garchomp\n|-supereffective|p1a: Garchomp\n|-damage|p1a: Garchomp|17\/100\n|move|p1a: Garchomp|Scale Shot|p2a: Garchomp\n|-resisted|p2a: Garchomp\n|-damage|p2a: Garchomp|92\/100\n|-resisted|p2a: Garchomp\n|-damage|p2a: Garchomp|84\/100\n|-resisted|p2a: Garchomp\n|-damage|p2a: Garchomp|76\/100\n|-resisted|p2a: Garchomp\n|-damage|p2a: Garchomp|67\/100\n|-resisted|p2a: Garchomp\n|-damage|p2a: Garchomp|59\/100\n|-hitcount|p2a: Garchomp|5\n|-unboost|p1a: Garchomp|def|1\n|-boost|p1a: Garchomp|spe|1\n|\n|-weather|Sandstorm|[upkeep]\n|upkeep\n|turn|4\n|\n|t:|1700844107\n|move|p2a: Garchomp|Scale Shot|p1a: Garchomp\n|-resisted|p1a: Garchomp\n|-damage|p1a: Garchomp|9\/100\n|-resisted|p1a: Garchomp\n|-damage|p1a: Garchomp|0 fnt\n|faint|p1a: Garchomp\n|-hitcount|p1: Garchomp|2\n|-unboost|p2a: Garchomp|def|1\n|-boost|p2a: Garchomp|spe|1\n|\n|-weather|Sandstorm|[upkeep]\n|upkeep\n|c|\u2606ACExDiscostu93|Dang, i needed to win that tie\n|\n|t:|1700844123\n|switch|p1a: Great Tusk|Great Tusk|100\/100\n|turn|5\n|\n|t:|1700844130\n|switch|p2a: Dondozo|Dondozo, M|100\/100\n|move|p1a: Great Tusk|Headlong Rush|p2a: Dondozo\n|-damage|p2a: Dondozo|79\/100\n|-unboost|p1a: Great Tusk|def|1\n|-unboost|p1a: Great Tusk|spd|1\n|\n|-weather|none\n|-heal|p2a: Dondozo|85\/100|[from] item: Leftovers\n|upkeep\n|turn|6\n|\n|t:|1700844135\n|-end|p1a: Great Tusk|Protosynthesis|[silent]\n|switch|p1a: Tyranitar|Tyranitar, M|100\/100 par\n|-weather|Sandstorm|[from] ability: Sand Stream|[of] p1a: Tyranitar\n|move|p2a: Dondozo|Yawn||[still]\n|-fail|p2a: Dondozo\n|\n|-weather|Sandstorm|[upkeep]\n|-damage|p2a: Dondozo|79\/100|[from] Sandstorm\n|-heal|p2a: Dondozo|85\/100|[from] item: Leftovers\n|upkeep\n|turn|7\n|\n|t:|1700844139\n|move|p1a: Tyranitar|Knock Off|p2a: Dondozo\n|-damage|p2a: Dondozo|46\/100\n|-enditem|p2a: Dondozo|Leftovers|[from] move: Knock Off|[of] p1a: Tyranitar\n|move|p2a: Dondozo|Wave Crash|p1a: Tyranitar\n|-supereffective|p1a: Tyranitar\n|-damage|p1a: Tyranitar|25\/100 par\n|-damage|p2a: Dondozo|29\/100|[from] Recoil\n|\n|-weather|Sandstorm|[upkeep]\n|-damage|p2a: Dondozo|23\/100|[from] Sandstorm\n|upkeep\n|turn|8\n|\n|t:|1700844149\n|switch|p1a: Manaphy|Manaphy|100\/100\n|move|p2a: Dondozo|Rest|p2a: Dondozo\n|-status|p2a: Dondozo|slp|[from] move: Rest\n|-heal|p2a: Dondozo|100\/100 slp|[silent]\n|\n|-weather|Sandstorm|[upkeep]\n|-damage|p1a: Manaphy|94\/100|[from] Sandstorm\n|-damage|p2a: Dondozo|94\/100 slp|[from] Sandstorm\n|-heal|p1a: Manaphy|100\/100|[from] item: Leftovers\n|upkeep\n|turn|9\n|\n|t:|1700844153\n|switch|p2a: Gholdengo|Gholdengo|100\/100\n|move|p1a: Manaphy|Take Heart|p1a: Manaphy\n|-boost|p1a: Manaphy|spa|1\n|-boost|p1a: Manaphy|spd|1\n|\n|-weather|Sandstorm|[upkeep]\n|-damage|p1a: Manaphy|94\/100|[from] Sandstorm\n|-heal|p1a: Manaphy|100\/100|[from] item: Leftovers\n|upkeep\n|turn|10\n|\n|t:|1700844157\n|move|p2a: Gholdengo|Trick|p1a: Manaphy\n|-activate|p2a: Gholdengo|move: Trick|[of] p1a: Manaphy\n|-item|p1a: Manaphy|Choice Scarf|[from] move: Trick\n|-item|p2a: Gholdengo|Leftovers|[from] move: Trick\n|move|p1a: Manaphy|Take Heart|p1a: Manaphy\n|-boost|p1a: Manaphy|spa|1\n|-boost|p1a: Manaphy|spd|1\n|\n|-weather|none\n|upkeep\n|turn|11\n|\n|t:|1700844164\n|switch|p1a: Tyranitar|Tyranitar, M|25\/100 par\n|-weather|Sandstorm|[from] ability: Sand Stream|[of] p1a: Tyranitar\n|move|p2a: Gholdengo|Nasty Plot|p2a: Gholdengo\n|-boost|p2a: Gholdengo|spa|2\n|\n|-weather|Sandstorm|[upkeep]\n|upkeep\n|turn|12\n|\n|t:|1700844168\n|move|p2a: Gholdengo|Make It Rain|p1a: Tyranitar\n|-supereffective|p1a: Tyranitar\n|-damage|p1a: Tyranitar|0 fnt\n|-unboost|p2a: Gholdengo|spa|1\n|faint|p1a: Tyranitar\n|\n|-weather|Sandstorm|[upkeep]\n|upkeep\n|\n|t:|1700844182\n|switch|p1a: Ogerpon|Ogerpon-Wellspring, F|100\/100\n|turn|13\n|\n|t:|1700844186\n|move|p1a: Ogerpon|Ivy Cudgel|p2a: Gholdengo|[anim] Ivy Cudgel Water\n|-damage|p2a: Gholdengo|27\/100\n|move|p2a: Gholdengo|Shadow Ball|p1a: Ogerpon\n|-damage|p1a: Ogerpon|25\/100\n|\n|-weather|Sandstorm|[upkeep]\n|-damage|p1a: Ogerpon|19\/100|[from] Sandstorm\n|-heal|p2a: Gholdengo|33\/100|[from] item: Leftovers\n|upkeep\n|turn|14\n|\n|t:|1700844198\n|move|p1a: Ogerpon|Ivy Cudgel|p2a: Gholdengo|[anim] Ivy Cudgel Water\n|-crit|p2a: Gholdengo\n|-damage|p2a: Gholdengo|0 fnt\n|faint|p2a: Gholdengo\n|\n|-weather|Sandstorm|[upkeep]\n|-damage|p1a: Ogerpon|13\/100|[from] Sandstorm\n|upkeep\n|\n|t:|1700844202\n|switch|p2a: Corviknight|Corviknight, F|100\/100\n|-ability|p2a: Corviknight|Pressure\n|turn|15\n|\n|t:|1700844213\n|switch|p1a: Manaphy|Manaphy|100\/100\n|move|p2a: Corviknight|U-turn|p1a: Manaphy\n|-damage|p1a: Manaphy|91\/100\n|\n|t:|1700844221\n|switch|p2a: Garchomp|Garchomp, M, shiny, tera:Steel|59\/100|[from] U-turn\n|\n|-weather|none\n|upkeep\n|turn|16\n|\n|t:|1700844227\n|switch|p2a: Dondozo|Dondozo, M|94\/100 slp\n|move|p1a: Manaphy|Scald|p2a: Dondozo\n|-resisted|p2a: Dondozo\n|-crit|p2a: Dondozo\n|-damage|p2a: Dondozo|73\/100 slp\n|\n|upkeep\n|turn|17\n|\n|t:|1700844232\n|switch|p1a: Ogerpon|Ogerpon-Wellspring, F|13\/100\n|cant|p2a: Dondozo|slp\n|\n|upkeep\n|turn|18\n|\n|t:|1700844238\n|switch|p2a: Corviknight|Corviknight, F|100\/100\n|-ability|p2a: Corviknight|Pressure\n|move|p1a: Ogerpon|Horn Leech|p2a: Corviknight\n|-resisted|p2a: Corviknight\n|-damage|p2a: Corviknight|91\/100\n|-heal|p1a: Ogerpon|19\/100|[from] drain|[of] p2a: Corviknight\n|\n|-heal|p2a: Corviknight|97\/100|[from] item: Leftovers\n|upkeep\n|turn|19\n|\n|t:|1700844243\n|switch|p1a: Great Tusk|Great Tusk|100\/100\n|move|p2a: Corviknight|Brave Bird|p1a: Great Tusk\n|-supereffective|p1a: Great Tusk\n|-damage|p1a: Great Tusk|58\/100\n|-damage|p2a: Corviknight|82\/100|[from] Recoil\n|\n|-heal|p2a: Corviknight|88\/100|[from] item: Leftovers\n|upkeep\n|turn|20\n|\n|t:|1700844254\n|move|p1a: Great Tusk|Knock Off|p2a: Corviknight\n|-damage|p2a: Corviknight|65\/100\n|-enditem|p2a: Corviknight|Leftovers|[from] move: Knock Off|[of] p1a: Great Tusk\n|move|p2a: Corviknight|Brave Bird|p1a: Great Tusk\n|-supereffective|p1a: Great Tusk\n|-damage|p1a: Great Tusk|12\/100\n|-damage|p2a: Corviknight|49\/100|[from] Recoil\n|\n|upkeep\n|turn|21\n|\n|t:|1700844261\n|move|p1a: Great Tusk|Close Combat|p2a: Corviknight\n|-damage|p2a: Corviknight|4\/100\n|-unboost|p1a: Great Tusk|def|1\n|-unboost|p1a: Great Tusk|spd|1\n|move|p2a: Corviknight|Roost|p2a: Corviknight\n|-heal|p2a: Corviknight|54\/100\n|-singleturn|p2a: Corviknight|move: Roost\n|\n|upkeep\n|turn|22\n|\n|t:|1700844269\n|move|p1a: Great Tusk|Close Combat|p2a: Corviknight\n|-damage|p2a: Corviknight|9\/100\n|-unboost|p1a: Great Tusk|def|1\n|-unboost|p1a: Great Tusk|spd|1\n|move|p2a: Corviknight|Roost|p2a: Corviknight\n|-heal|p2a: Corviknight|59\/100\n|-singleturn|p2a: Corviknight|move: Roost\n|\n|upkeep\n|turn|23\n|\n|t:|1700844280\n|move|p1a: Great Tusk|Close Combat|p2a: Corviknight\n|-damage|p2a: Corviknight|16\/100\n|-unboost|p1a: Great Tusk|def|1\n|-unboost|p1a: Great Tusk|spd|1\n|move|p2a: Corviknight|Roost|p2a: Corviknight\n|-heal|p2a: Corviknight|66\/100\n|-singleturn|p2a: Corviknight|move: Roost\n|\n|upkeep\n|turn|24\n|\n|t:|1700844284\n|-end|p1a: Great Tusk|Protosynthesis|[silent]\n|switch|p1a: Manaphy|Manaphy|91\/100\n|move|p2a: Corviknight|Roost|p2a: Corviknight\n|-heal|p2a: Corviknight|100\/100\n|-singleturn|p2a: Corviknight|move: Roost\n|\n|upkeep\n|turn|25\n|\n|t:|1700844287\n|move|p1a: Manaphy|Scald|p2a: Corviknight\n|-damage|p2a: Corviknight|81\/100\n|move|p2a: Corviknight|Brave Bird|p1a: Manaphy\n|-damage|p1a: Manaphy|66\/100\n|-damage|p2a: Corviknight|72\/100|[from] Recoil\n|\n|upkeep\n|turn|26\n|\n|t:|1700844296\n|switch|p2a: Garchomp|Garchomp, M, shiny, tera:Steel|59\/100\n|move|p1a: Manaphy|Scald|p2a: Garchomp\n|-damage|p2a: Garchomp|27\/100\n|\n|upkeep\n|turn|27\n|\n|t:|1700844301\n|move|p1a: Manaphy|Scald|p2a: Garchomp\n|-damage|p2a: Garchomp|0 fnt\n|faint|p2a: Garchomp\n|\n|upkeep\n|\n|t:|1700844303\n|switch|p2a: Corviknight|Corviknight, F|72\/100\n|-ability|p2a: Corviknight|Pressure\n|turn|28\n|\n|t:|1700844306\n|move|p1a: Manaphy|Scald|p2a: Corviknight\n|-damage|p2a: Corviknight|53\/100\n|move|p2a: Corviknight|Brave Bird|p1a: Manaphy\n|-damage|p1a: Manaphy|39\/100\n|-damage|p2a: Corviknight|44\/100|[from] Recoil\n|\n|upkeep\n|turn|29\n|\n|t:|1700844314\n|move|p1a: Manaphy|Scald|p2a: Corviknight\n|-damage|p2a: Corviknight|24\/100\n|move|p2a: Corviknight|Roost|p2a: Corviknight\n|-heal|p2a: Corviknight|74\/100\n|-singleturn|p2a: Corviknight|move: Roost\n|\n|upkeep\n|turn|30\n|\n|t:|1700844321\n|move|p1a: Manaphy|Scald|p2a: Corviknight\n|-damage|p2a: Corviknight|55\/100\n|move|p2a: Corviknight|Brave Bird|p1a: Manaphy\n|-damage|p1a: Manaphy|14\/100\n|-damage|p2a: Corviknight|46\/100|[from] Recoil\n|\n|upkeep\n|turn|31\n|\n|t:|1700844327\n|move|p1a: Manaphy|Scald|p2a: Corviknight\n|-damage|p2a: Corviknight|26\/100\n|move|p2a: Corviknight|Brave Bird|p1a: Manaphy\n|-damage|p1a: Manaphy|0 fnt\n|faint|p1a: Manaphy\n|-damage|p2a: Corviknight|22\/100|[from] Recoil\n|\n|upkeep\n|\n|t:|1700844339\n|switch|p1a: Ogerpon|Ogerpon-Wellspring, F|19\/100\n|turn|32\n|\n|t:|1700844344\n|move|p1a: Ogerpon|Ivy Cudgel|p2a: Corviknight|[anim] Ivy Cudgel Water\n|-damage|p2a: Corviknight|0 fnt\n|faint|p2a: Corviknight\n|\n|upkeep\n|\n|t:|1700844353\n|switch|p2a: Dondozo|Dondozo, M|73\/100 slp\n|turn|33\n|\n|t:|1700844358\n|move|p1a: Ogerpon|Trailblaze|p2a: Dondozo\n|-supereffective|p2a: Dondozo\n|-damage|p2a: Dondozo|47\/100 slp\n|-boost|p1a: Ogerpon|spe|1\n|cant|p2a: Dondozo|slp\n|\n|upkeep\n|turn|34\n|\n|t:|1700844365\n|move|p1a: Ogerpon|Horn Leech|p2a: Dondozo\n|-supereffective|p2a: Dondozo\n|-damage|p2a: Dondozo|7\/100 slp\n|-heal|p1a: Ogerpon|52\/100|[from] drain|[of] p2a: Dondozo\n|-curestatus|p2a: Dondozo|slp|[msg]\n|move|p2a: Dondozo|Yawn|p1a: Ogerpon\n|-start|p1a: Ogerpon|move: Yawn|[of] p2a: Dondozo\n|\n|upkeep\n|turn|35\n|\n|t:|1700844378\n|switch|p1a: Great Tusk|Great Tusk|12\/100\n|move|p2a: Dondozo|Rest|p2a: Dondozo\n|-status|p2a: Dondozo|slp|[from] move: Rest\n|-heal|p2a: Dondozo|100\/100 slp|[silent]\n|\n|upkeep\n|turn|36\n|\n|t:|1700844385\n|-end|p1a: Great Tusk|Protosynthesis|[silent]\n|switch|p1a: Ogerpon|Ogerpon-Wellspring, F|52\/100\n|cant|p2a: Dondozo|slp\n|\n|upkeep\n|turn|37\n|\n|t:|1700844388\n|move|p1a: Ogerpon|Horn Leech|p2a: Dondozo\n|-supereffective|p2a: Dondozo\n|-damage|p2a: Dondozo|55\/100 slp\n|-heal|p1a: Ogerpon|90\/100|[from] drain|[of] p2a: Dondozo\n|cant|p2a: Dondozo|slp\n|\n|upkeep\n|turn|38\n|\n|t:|1700844396\n|switch|p1a: Great Tusk|Great Tusk|12\/100\n|-curestatus|p2a: Dondozo|slp|[msg]\n|move|p2a: Dondozo|Yawn|p1a: Great Tusk\n|-start|p1a: Great Tusk|move: Yawn|[of] p2a: Dondozo\n|\n|upkeep\n|turn|39\n|\n|t:|1700844404\n|move|p1a: Great Tusk|Close Combat|p2a: Dondozo\n|-damage|p2a: Dondozo|34\/100\n|-unboost|p1a: Great Tusk|def|1\n|-unboost|p1a: Great Tusk|spd|1\n|move|p2a: Dondozo|Yawn||[still]\n|-fail|p2a: Dondozo\n|\n|-end|p1a: Great Tusk|move: Yawn|[silent]\n|-status|p1a: Great Tusk|slp\n|upkeep\n|turn|40\n|\n|t:|1700844413\n|-end|p1a: Great Tusk|Protosynthesis|[silent]\n|switch|p1a: Ogerpon|Ogerpon-Wellspring, F|90\/100\n|move|p2a: Dondozo|Wave Crash|p1a: Ogerpon\n|-heal|p1a: Ogerpon|100\/100|[from] ability: Water Absorb|[of] p2a: Dondozo\n|\n|upkeep\n|turn|41\n|\n|t:|1700844417\n|move|p1a: Ogerpon|Trailblaze|p2a: Dondozo\n|-supereffective|p2a: Dondozo\n|-damage|p2a: Dondozo|7\/100\n|-boost|p1a: Ogerpon|spe|1\n|move|p2a: Dondozo|Yawn|p1a: Ogerpon\n|-start|p1a: Ogerpon|move: Yawn|[of] p2a: Dondozo\n|\n|upkeep\n|turn|42\n|\n|t:|1700844427\n|move|p1a: Ogerpon|Swords Dance|p1a: Ogerpon\n|-boost|p1a: Ogerpon|atk|2\n|move|p2a: Dondozo|Rest|p2a: Dondozo\n|-status|p2a: Dondozo|slp|[from] move: Rest\n|-heal|p2a: Dondozo|100\/100 slp|[silent]\n|\n|-end|p1a: Ogerpon|move: Yawn|[silent]\n|-message|Sleep Clause Mod activated.\n|-hint|Sleep Clause Mod prevents players from putting more than one of their opponent's Pok\u00e9mon to sleep at a time\n|upkeep\n|turn|43\n|\n|t:|1700844431\n|move|p1a: Ogerpon|Horn Leech|p2a: Dondozo\n|-supereffective|p2a: Dondozo\n|-damage|p2a: Dondozo|58\/100 slp\n|cant|p2a: Dondozo|slp\n|\n|upkeep\n|turn|44\n|\n|t:|1700844435\n|move|p1a: Ogerpon|Horn Leech|p2a: Dondozo\n|-supereffective|p2a: Dondozo\n|-damage|p2a: Dondozo|17\/100 slp\n|cant|p2a: Dondozo|slp\n|\n|upkeep\n|turn|45\n|\n|t:|1700844440\n|move|p1a: Ogerpon|Trailblaze|p2a: Dondozo\n|-supereffective|p2a: Dondozo\n|-damage|p2a: Dondozo|0 fnt\n|-boost|p1a: Ogerpon|spe|1\n|faint|p2a: Dondozo\n|\n|upkeep\n|\n|t:|1700844442\n|switch|p2a: Infernape|Infernape, M|100\/100\n|turn|46\n|\n|t:|1700844444\n|move|p1a: Ogerpon|Ivy Cudgel|p2a: Infernape|[anim] Ivy Cudgel Water\n|-supereffective|p2a: Infernape\n|-damage|p2a: Infernape|0 fnt\n|faint|p2a: Infernape\n|\n|win|ACExDiscostu93\n|raw|ACExDiscostu93's rating: 1274 &rarr; <strong>1298<\/strong><br \/>(+24 for winning)\n|raw|RamonKiller6614's rating: 1261 &rarr; <strong>1237<\/strong><br \/>(-24 for losing)\n|c|\u2606RamonKiller6614|gg\n|l|\u2606RamonKiller6614\n|c|\u2606ACExDiscostu93|gg\n","uploadtime":1700844457,"views":13,"p1id":"acexdiscostu93","p2id":"ramonkiller6614","formatid":"gen9ou","rating":1237,"private":0,"password":""}