{"id":"gen9ou-1988236605","p1":"ARIbro31","p2":"Jeremy55763","format":"[Gen 9] OU","log":"|j|\u2606ARIbro31\n|j|\u2606Jeremy55763\n|t:|1699691428\n|gametype|singles\n|player|p1|ARIbro31|palmer|1106\n|player|p2|Jeremy55763|266|1051\n|teamsize|p1|6\n|teamsize|p2|6\n|gen|9\n|tier|[Gen 9] OU\n|rated|\n|rule|Sleep Clause Mod: Limit one foe put to sleep\n|rule|Species Clause: Limit one of each Pok\u00e9mon\n|rule|OHKO Clause: OHKO moves are banned\n|rule|Evasion Items Clause: Evasion items are banned\n|rule|Evasion Moves Clause: Evasion moves are banned\n|rule|Endless Battle Clause: Forcing endless battles is banned\n|rule|HP Percentage Mod: HP is shown in percentages\n|clearpoke\n|poke|p1|Tinkaton, F|\n|poke|p1|Samurott-Hisui, M|\n|poke|p1|Garchomp, M|\n|poke|p1|Toxapex, F|\n|poke|p1|Infernape, M|\n|poke|p1|Sandy Shocks|\n|poke|p2|Grimmsnarl, M|\n|poke|p2|Pawmot, M|\n|poke|p2|Kingambit, F|\n|poke|p2|Weezing-Galar, M|\n|poke|p2|Ogerpon-Wellspring, F|\n|poke|p2|Gholdengo|\n|teampreview\n|\n|t:|1699691448\n|start\n|switch|p1a: Tinkaton|Tinkaton, F, shiny|100\/100\n|switch|p2a: Grimmsnarl|Grimmsnarl, M|100\/100\n|-ability|p1a: Tinkaton|Mold Breaker\n|turn|1\n|\n|t:|1699691460\n|move|p2a: Grimmsnarl|Light Screen|p2a: Grimmsnarl\n|-sidestart|p2: Jeremy55763|move: Light Screen\n|move|p1a: Tinkaton|Gigaton Hammer|p2a: Grimmsnarl\n|-supereffective|p2a: Grimmsnarl\n|-damage|p2a: Grimmsnarl|0 fnt\n|faint|p2a: Grimmsnarl\n|\n|upkeep\n|\n|t:|1699691468\n|switch|p2a: Weezing|Weezing-Galar, M|100\/100\n|-ability|p2a: Weezing|Neutralizing Gas\n|turn|2\n|\n|t:|1699691481\n|move|p1a: Tinkaton|Play Rough|p2a: Weezing\n|-resisted|p2a: Weezing\n|-damage|p2a: Weezing|85\/100\n|move|p2a: Weezing|Strange Steam|p1a: Tinkaton\n|-resisted|p1a: Tinkaton\n|-damage|p1a: Tinkaton|85\/100\n|-start|p1a: Tinkaton|confusion\n|\n|-heal|p2a: Weezing|91\/100|[from] item: Black Sludge\n|upkeep\n|turn|3\n|\n|t:|1699691498\n|-activate|p1a: Tinkaton|confusion\n|-damage|p1a: Tinkaton|72\/100|[from] confusion\n|move|p2a: Weezing|Will-O-Wisp|p1a: Tinkaton\n|-status|p1a: Tinkaton|brn\n|\n|-heal|p2a: Weezing|97\/100|[from] item: Black Sludge\n|-damage|p1a: Tinkaton|66\/100 brn|[from] brn\n|upkeep\n|turn|4\n|inactive|Battle timer is ON: inactive players will automatically lose when time's up. (requested by ARIbro31)\n|\n|t:|1699691508\n|-end|p1a: Tinkaton|confusion\n|move|p1a: Tinkaton|Gigaton Hammer|p2a: Weezing\n|-supereffective|p2a: Weezing\n|-damage|p2a: Weezing|32\/100\n|move|p2a: Weezing|Strange Steam|p1a: Tinkaton\n|-resisted|p1a: Tinkaton\n|-damage|p1a: Tinkaton|50\/100 brn\n|-start|p1a: Tinkaton|confusion\n|\n|-heal|p2a: Weezing|38\/100|[from] item: Black Sludge\n|-damage|p1a: Tinkaton|44\/100 brn|[from] brn\n|upkeep\n|turn|5\n|\n|t:|1699691523\n|-activate|p1a: Tinkaton|confusion\n|-damage|p1a: Tinkaton|32\/100 brn|[from] confusion\n|move|p2a: Weezing|Strange Steam|p1a: Tinkaton\n|-resisted|p1a: Tinkaton\n|-damage|p1a: Tinkaton|17\/100 brn\n|\n|-heal|p2a: Weezing|44\/100|[from] item: Black Sludge\n|-damage|p1a: Tinkaton|11\/100 brn|[from] brn\n|upkeep\n|turn|6\n|\n|t:|1699691533\n|-activate|p1a: Tinkaton|confusion\n|-damage|p1a: Tinkaton|0 fnt|[from] confusion\n|faint|p1a: Tinkaton\n|move|p2a: Weezing|Strange Steam|p1: Tinkaton|[notarget]\n|-fail|p2a: Weezing\n|\n|-heal|p2a: Weezing|50\/100|[from] item: Black Sludge\n|upkeep\n|\n|t:|1699691556\n|switch|p1a: Garchomp|Garchomp, M|100\/100\n|turn|7\n|\n|t:|1699691566\n|move|p1a: Garchomp|Earthquake|p2a: Weezing\n|-supereffective|p2a: Weezing\n|-crit|p2a: Weezing\n|-damage|p2a: Weezing|0 fnt\n|faint|p2a: Weezing\n|-end|p2a: Weezing|ability: Neutralizing Gas\n|\n|upkeep\n|\n|t:|1699691574\n|switch|p2a: Ogerpon|Ogerpon-Wellspring, F|100\/100\n|turn|8\n|\n|t:|1699691581\n|switch|p1a: Toxapex|Toxapex, F|100\/100\n|move|p2a: Ogerpon|Ivy Cudgel|p1a: Toxapex\n|-resisted|p1a: Toxapex\n|-crit|p1a: Toxapex\n|-damage|p1a: Toxapex|61\/100\n|\n|-heal|p1a: Toxapex|68\/100|[from] item: Leftovers\n|-sideend|p2: Jeremy55763|move: Light Screen\n|upkeep\n|turn|9\n|\n|t:|1699691592\n|-terastallize|p2a: Ogerpon|Water\n|detailschange|p2a: Ogerpon|Ogerpon-Wellspring-Tera, F, tera:Water\n|-ability|p2a: Ogerpon|Embody Aspect (Wellspring)|boost\n|-boost|p2a: Ogerpon|spd|1\n|move|p2a: Ogerpon|Ivy Cudgel|p1a: Toxapex\n|-resisted|p1a: Toxapex\n|-damage|p1a: Toxapex|32\/100\n|move|p1a: Toxapex|Toxic|p2a: Ogerpon\n|-status|p2a: Ogerpon|tox\n|\n|-heal|p1a: Toxapex|38\/100|[from] item: Leftovers\n|-damage|p2a: Ogerpon|95\/100 tox|[from] psn\n|upkeep\n|turn|10\n|\n|t:|1699691611\n|move|p2a: Ogerpon|Ivy Cudgel|p1a: Toxapex\n|-resisted|p1a: Toxapex\n|-damage|p1a: Toxapex|4\/100\n|move|p1a: Toxapex|Recover|p1a: Toxapex\n|-heal|p1a: Toxapex|54\/100\n|\n|-heal|p1a: Toxapex|60\/100|[from] item: Leftovers\n|-damage|p2a: Ogerpon|83\/100 tox|[from] psn\n|upkeep\n|turn|11\n|\n|t:|1699691621\n|move|p2a: Ogerpon|Ivy Cudgel|p1a: Toxapex\n|-resisted|p1a: Toxapex\n|-crit|p1a: Toxapex\n|-damage|p1a: Toxapex|15\/100\n|move|p1a: Toxapex|Recover|p1a: Toxapex\n|-heal|p1a: Toxapex|65\/100\n|\n|-heal|p1a: Toxapex|71\/100|[from] item: Leftovers\n|-damage|p2a: Ogerpon|65\/100 tox|[from] psn\n|upkeep\n|turn|12\n|\n|t:|1699691631\n|move|p2a: Ogerpon|Wood Hammer|p1a: Toxapex\n|-damage|p1a: Toxapex|15\/100\n|-damage|p2a: Ogerpon|50\/100 tox|[from] Recoil\n|move|p1a: Toxapex|Recover|p1a: Toxapex\n|-heal|p1a: Toxapex|66\/100\n|\n|-heal|p1a: Toxapex|72\/100|[from] item: Leftovers\n|-damage|p2a: Ogerpon|26\/100 tox|[from] psn\n|upkeep\n|turn|13\n|\n|t:|1699691646\n|move|p2a: Ogerpon|Swords Dance|p2a: Ogerpon\n|-boost|p2a: Ogerpon|atk|2\n|move|p1a: Toxapex|Recover|p1a: Toxapex\n|-heal|p1a: Toxapex|100\/100\n|\n|-damage|p2a: Ogerpon|0 fnt|[from] psn\n|faint|p2a: Ogerpon\n|upkeep\n|\n|t:|1699691658\n|switch|p2a: Pawmot|Pawmot, M, shiny|100\/100\n|turn|14\n|\n|t:|1699691669\n|move|p2a: Pawmot|Revival Blessing|p2a: Pawmot\n|-enditem|p2a: Pawmot|Leppa Berry|[eat]\n|-activate|p2a: Pawmot|item: Leppa Berry|Revival Blessing|[consumed]\n|\n|t:|1699691673\n|-heal|p2: Ogerpon|50\/100|[from] move: Revival Blessing\n|move|p1a: Toxapex|Toxic|p2a: Pawmot\n|-status|p2a: Pawmot|tox\n|\n|-damage|p2a: Pawmot|94\/100 tox|[from] psn\n|upkeep\n|turn|15\n|\n|t:|1699691684\n|switch|p1a: Garchomp|Garchomp, M|100\/100\n|move|p2a: Pawmot|Revival Blessing|p2a: Pawmot\n|\n|t:|1699691690\n|-heal|p2: Weezing|50\/100|[from] move: Revival Blessing\n|\n|-damage|p2a: Pawmot|82\/100 tox|[from] psn\n|upkeep\n|turn|16\n|c|\u2606ARIbro31|WOW\n|c|\u2606ARIbro31|WOW\n|c|\u2606ARIbro31|fk u\n|\n|t:|1699691699\n|switch|p2a: Gholdengo|Gholdengo|100\/100\n|move|p1a: Garchomp|Earthquake|p2a: Gholdengo\n|-supereffective|p2a: Gholdengo\n|-damage|p2a: Gholdengo|0 fnt\n|faint|p2a: Gholdengo\n|\n|upkeep\n|c|\u2606ARIbro31|i hope u die\n|c|\u2606ARIbro31|irl\n|\n|t:|1699691709\n|switch|p2a: Kingambit|Kingambit, F, shiny|100\/100\n|-activate|p2a: Kingambit|ability: Supreme Overlord\n|-start|p2a: Kingambit|fallen4|[silent]\n|turn|17\n|\n|t:|1699691715\n|move|p2a: Kingambit|Sucker Punch|p1a: Garchomp\n|-damage|p1a: Garchomp|25\/100\n|-damage|p2a: Kingambit|88\/100|[from] ability: Rough Skin|[of] p1a: Garchomp\n|-damage|p2a: Kingambit|78\/100|[from] item: Life Orb\n|move|p1a: Garchomp|Earthquake|p2a: Kingambit\n|-supereffective|p2a: Kingambit\n|-crit|p2a: Kingambit\n|-damage|p2a: Kingambit|0 fnt\n|faint|p2a: Kingambit\n|-end|p2a: Kingambit|fallen4|[silent]\n|\n|upkeep\n|\n|t:|1699691726\n|switch|p2a: Weezing|Weezing-Galar, M|50\/100\n|-ability|p2a: Weezing|Neutralizing Gas\n|turn|18\n|\n|t:|1699691733\n|move|p1a: Garchomp|Earthquake|p2a: Weezing\n|-supereffective|p2a: Weezing\n|-damage|p2a: Weezing|0 fnt\n|faint|p2a: Weezing\n|-end|p2a: Weezing|ability: Neutralizing Gas\n|\n|upkeep\n|\n|t:|1699691741\n|switch|p2a: Ogerpon|Ogerpon-Wellspring-Tera, F|50\/100\n|-ability|p2a: Ogerpon|Embody Aspect (Wellspring)|boost\n|-boost|p2a: Ogerpon|spd|1\n|turn|19\n|\n|t:|1699691752\n|move|p2a: Ogerpon|Ivy Cudgel|p1a: Garchomp\n|-damage|p1a: Garchomp|0 fnt\n|faint|p1a: Garchomp\n|\n|upkeep\n|\n|t:|1699691755\n|switch|p1a: Toxapex|Toxapex, F|100\/100\n|turn|20\n|\n|t:|1699691767\n|move|p2a: Ogerpon|Horn Leech|p1a: Toxapex\n|-damage|p1a: Toxapex|66\/100\n|-heal|p2a: Ogerpon|64\/100|[from] drain|[of] p1a: Toxapex\n|move|p1a: Toxapex|Toxic|p2a: Ogerpon\n|-status|p2a: Ogerpon|tox\n|\n|-heal|p1a: Toxapex|73\/100|[from] item: Leftovers\n|-damage|p2a: Ogerpon|58\/100 tox|[from] psn\n|upkeep\n|turn|21\n|\n|t:|1699691778\n|move|p2a: Ogerpon|Horn Leech|p1a: Toxapex\n|-damage|p1a: Toxapex|38\/100\n|-heal|p2a: Ogerpon|72\/100 tox|[from] drain|[of] p1a: Toxapex\n|move|p1a: Toxapex|Haze|p1a: Toxapex\n|-clearallboost\n|\n|-heal|p1a: Toxapex|44\/100|[from] item: Leftovers\n|-damage|p2a: Ogerpon|60\/100 tox|[from] psn\n|upkeep\n|turn|22\n|l|\u2606ARIbro31\n|inactive|ARIbro31 disconnected and has a minute to reconnect!\n|player|p1|\n|j|\u2606ARIbro31\n|inactive|ARIbro31 reconnected and has 120 seconds left.\n|player|p1|ARIbro31|palmer\n|\n|t:|1699691818\n|move|p2a: Ogerpon|Wood Hammer|p1a: Toxapex\n|-damage|p1a: Toxapex|0 fnt\n|faint|p1a: Toxapex\n|-damage|p2a: Ogerpon|48\/100 tox|[from] Recoil\n|\n|-damage|p2a: Ogerpon|30\/100 tox|[from] psn\n|upkeep\n|\n|t:|1699691824\n|switch|p1a: Samurott|Samurott-Hisui, M|100\/100\n|turn|23\n|\n|t:|1699691831\n|move|p2a: Ogerpon|Horn Leech|p1a: Samurott\n|-supereffective|p1a: Samurott\n|-damage|p1a: Samurott|0 fnt\n|-heal|p2a: Ogerpon|84\/100 tox|[from] drain|[of] p1a: Samurott\n|faint|p1a: Samurott\n|\n|-damage|p2a: Ogerpon|60\/100 tox|[from] psn\n|upkeep\n|\n|t:|1699691836\n|switch|p1a: Sandy Shocks|Sandy Shocks, shiny|100\/100\n|turn|24\n|\n|t:|1699691856\n|move|p2a: Ogerpon|Ivy Cudgel|p1a: Sandy Shocks\n|-supereffective|p1a: Sandy Shocks\n|-damage|p1a: Sandy Shocks|0 fnt\n|faint|p1a: Sandy Shocks\n|-end|p1a: Sandy Shocks|Protosynthesis|[silent]\n|\n|-damage|p2a: Ogerpon|30\/100 tox|[from] psn\n|upkeep\n|\n|t:|1699691860\n|switch|p1a: Infernape|Infernape, M, shiny|100\/100\n|turn|25\n|\n|t:|1699691869\n|-terastallize|p1a: Infernape|Water\n|move|p2a: Ogerpon|Ivy Cudgel|p1a: Infernape\n|-resisted|p1a: Infernape\n|-crit|p1a: Infernape\n|-damage|p1a: Infernape|34\/100\n|move|p1a: Infernape|Fire Punch|p2a: Ogerpon\n|-damage|p2a: Ogerpon|0 fnt\n|faint|p2a: Ogerpon\n|\n|upkeep\n|\n|t:|1699691879\n|switch|p2a: Pawmot|Pawmot, M, shiny|82\/100 tox\n|turn|26\n|\n|t:|1699691886\n|move|p2a: Pawmot|Nuzzle|p1a: Infernape\n|-supereffective|p1a: Infernape\n|-damage|p1a: Infernape|9\/100\n|-status|p1a: Infernape|par\n|move|p1a: Infernape|Fire Punch|p2a: Pawmot\n|-damage|p2a: Pawmot|7\/100 tox\n|\n|-damage|p2a: Pawmot|0 fnt|[from] psn\n|faint|p2a: Pawmot\n|\n|win|ARIbro31\n|upkeep\n|raw|ARIbro31's rating: 1106 &rarr; <strong>1127<\/strong><br \/>(+21 for winning)\n|raw|Jeremy55763's rating: 1051 &rarr; <strong>1036<\/strong><br \/>(-15 for losing)\n","uploadtime":1699691704,"views":17,"p1id":"aribro31","p2id":"jeremy55763","formatid":"gen9ou","rating":1036,"private":0,"password":""}