{"id":"gen9ou-1998175975","p1":"bruhmemoej","p2":"pocketdog","format":"[Gen 9] OU","log":"|j|\u2606bruhmemoej\n|j|\u2606pocketdog\n|t:|1700906622\n|gametype|singles\n|player|p1|bruhmemoej|clair|1450\n|player|p2|pocketdog|ethan|1468\n|teamsize|p1|6\n|teamsize|p2|6\n|gen|9\n|tier|[Gen 9] OU\n|rated|\n|rule|Sleep Clause Mod: Limit one foe put to sleep\n|rule|Species Clause: Limit one of each Pok\u00e9mon\n|rule|OHKO Clause: OHKO moves are banned\n|rule|Evasion Items Clause: Evasion items are banned\n|rule|Evasion Moves Clause: Evasion moves are banned\n|rule|Endless Battle Clause: Forcing endless battles is banned\n|rule|HP Percentage Mod: HP is shown in percentages\n|clearpoke\n|poke|p1|Alomomola, F|\n|poke|p1|Slowking-Galar, F|\n|poke|p1|Kingambit, F|\n|poke|p1|Great Tusk|\n|poke|p1|Cinderace, F|\n|poke|p1|Thundurus-Therian, M|\n|poke|p2|Ninetales-Alola, M|\n|poke|p2|Hoopa-Unbound|\n|poke|p2|Scizor, F|\n|poke|p2|Weezing-Galar, M|\n|poke|p2|Ursaluna, M|\n|poke|p2|Volcanion|\n|teampreview\n|inactive|Battle timer is ON: inactive players will automatically lose when time's up. (requested by pocketdog)\n|\n|t:|1700906629\n|start\n|switch|p1a: Cinderace|Cinderace, F|100\/100\n|switch|p2a: Ninetales|Ninetales-Alola, M|100\/100\n|-weather|Snow|[from] ability: Snow Warning|[of] p2a: Ninetales\n|turn|1\n|\n|t:|1700906632\n|switch|p2a: Weezing|Weezing-Galar, M|100\/100\n|move|p1a: Cinderace|Pyro Ball|p2a: Weezing\n|-damage|p2a: Weezing|66\/100\n|\n|-weather|Snow|[upkeep]\n|upkeep\n|turn|2\n|\n|t:|1700906641\n|move|p1a: Cinderace|U-turn|p2a: Weezing\n|-start|p1a: Cinderace|typechange|Bug|[from] ability: Libero\n|-resisted|p2a: Weezing\n|-damage|p2a: Weezing|61\/100\n|-damage|p1a: Cinderace|84\/100|[from] item: Rocky Helmet|[of] p2a: Weezing\n|\n|t:|1700906658\n|switch|p1a: Thundurus|Thundurus-Therian, M|100\/100|[from] U-turn\n|move|p2a: Weezing|Strange Steam|p1a: Thundurus\n|-damage|p1a: Thundurus|61\/100\n|-start|p1a: Thundurus|confusion\n|\n|-weather|Snow|[upkeep]\n|upkeep\n|turn|3\n|\n|t:|1700906665\n|switch|p2a: Ursaluna|Ursaluna, M|100\/100\n|-activate|p1a: Thundurus|confusion\n|-damage|p1a: Thundurus|48\/100|[from] confusion\n|\n|-weather|Snow|[upkeep]\n|-status|p2a: Ursaluna|brn|[from] item: Flame Orb\n|upkeep\n|turn|4\n|\n|t:|1700906671\n|switch|p1a: Alomomola|Alomomola, F|100\/100\n|move|p2a: Ursaluna|Facade|p1a: Alomomola\n|-damage|p1a: Alomomola|25\/100\n|-enditem|p1a: Alomomola|Red Card|[of] p2a: Ursaluna\n|drag|p2a: Ninetales|Ninetales-Alola, M|100\/100\n|\n|-weather|Snow|[upkeep]\n|upkeep\n|turn|5\n|\n|t:|1700906677\n|switch|p1a: Cinderace|Cinderace, F|84\/100\n|move|p2a: Ninetales|Aurora Veil|p2a: Ninetales\n|-sidestart|p2: pocketdog|move: Aurora Veil\n|\n|-weather|none\n|upkeep\n|turn|6\n|\n|t:|1700906682\n|switch|p2a: Weezing|Weezing-Galar, M|61\/100\n|move|p1a: Cinderace|Court Change|p1a: Cinderace\n|-start|p1a: Cinderace|typechange|Normal|[from] ability: Libero\n|-swapsideconditions\n|-activate|p1a: Cinderace|move: Court Change\n|\n|upkeep\n|turn|7\n|\n|t:|1700906687\n|move|p1a: Cinderace|Pyro Ball|p2a: Weezing\n|-damage|p2a: Weezing|37\/100\n|move|p2a: Weezing|Defog|p1a: Cinderace\n|-unboost|p1a: Cinderace|evasion|1\n|-sideend|p1: bruhmemoej|move: Aurora Veil\n|\n|upkeep\n|turn|8\n|\n|t:|1700906700\n|switch|p2a: Volcanion|Volcanion|100\/100\n|move|p1a: Cinderace|U-turn|p2a: Volcanion\n|-resisted|p2a: Volcanion\n|-damage|p2a: Volcanion|92\/100\n|\n|t:|1700906704\n|switch|p1a: Thundurus|Thundurus-Therian, M|48\/100|[from] U-turn\n|\n|upkeep\n|turn|9\n|\n|t:|1700906712\n|-terastallize|p2a: Volcanion|Ground\n|move|p1a: Thundurus|Grass Knot|p2a: Volcanion\n|-supereffective|p2a: Volcanion\n|-damage|p2a: Volcanion|0 fnt\n|faint|p2a: Volcanion\n|\n|upkeep\n|\n|t:|1700906719\n|switch|p2a: Ursaluna|Ursaluna, M|100\/100 brn\n|turn|10\n|\n|t:|1700906722\n|move|p1a: Thundurus|Grass Knot|p2a: Ursaluna\n|-supereffective|p2a: Ursaluna\n|-damage|p2a: Ursaluna|0 fnt\n|faint|p2a: Ursaluna\n|\n|upkeep\n|-message|pocketdog forfeited.\n|\n|win|bruhmemoej\n|raw|bruhmemoej's rating: 1450 &rarr; <strong>1471<\/strong><br \/>(+21 for winning)\n|raw|pocketdog's rating: 1468 &rarr; <strong>1447<\/strong><br \/>(-21 for losing)\n|l|\u2606pocketdog\n","uploadtime":1700906736,"views":11,"p1id":"bruhmemoej","p2id":"pocketdog","formatid":"gen9ou","rating":1447,"private":0,"password":""}