{"id":"gen9ou-1995777619","p1":"Bakitaladelbarrio","p2":"euleremperor","format":"[Gen 9] OU","log":"|j|\u2606Bakitaladelbarrio\n|j|\u2606euleremperor\n|t:|1700602211\n|gametype|singles\n|player|p1|Bakitaladelbarrio|colress|1516\n|player|p2|euleremperor|1|1503\n|teamsize|p1|6\n|teamsize|p2|6\n|gen|9\n|tier|[Gen 9] OU\n|rated|\n|rule|Sleep Clause Mod: Limit one foe put to sleep\n|rule|Species Clause: Limit one of each Pok\u00e9mon\n|rule|OHKO Clause: OHKO moves are banned\n|rule|Evasion Items Clause: Evasion items are banned\n|rule|Evasion Moves Clause: Evasion moves are banned\n|rule|Endless Battle Clause: Forcing endless battles is banned\n|rule|HP Percentage Mod: HP is shown in percentages\n|clearpoke\n|poke|p1|Landorus-Therian, M|\n|poke|p1|Dragapult, F|\n|poke|p1|Corviknight, M|\n|poke|p1|Heatran, M|\n|poke|p1|Greninja-*, M|\n|poke|p1|Iron Valiant|\n|poke|p2|Enamorus, F|\n|poke|p2|Landorus-Therian, M|\n|poke|p2|Zapdos|\n|poke|p2|Corviknight, F|\n|poke|p2|Iron Valiant|\n|poke|p2|Ogerpon-Wellspring, F|\n|teampreview\n|inactive|Battle timer is ON: inactive players will automatically lose when time's up. (requested by Bakitaladelbarrio)\n|\n|t:|1700602240\n|start\n|switch|p1a: Landorus|Landorus-Therian, M|100\/100\n|switch|p2a: Zapdos|Zapdos|100\/100\n|-ability|p1a: Landorus|Intimidate|boost\n|-unboost|p2a: Zapdos|atk|1\n|turn|1\n|\n|t:|1700602248\n|-terastallize|p1a: Landorus|Ice\n|move|p1a: Landorus|Tera Blast|p2a: Zapdos|[anim] Tera Blast Ice\n|-supereffective|p2a: Zapdos\n|-damage|p2a: Zapdos|15\/100\n|move|p2a: Zapdos|Hurricane|p1a: Landorus\n|-damage|p1a: Landorus|42\/100\n|\n|upkeep\n|turn|2\n|\n|t:|1700602258\n|switch|p2a: Iron Valiant|Iron Valiant|100\/100\n|-enditem|p2a: Iron Valiant|Booster Energy\n|-activate|p2a: Iron Valiant|ability: Quark Drive|[fromitem]\n|-start|p2a: Iron Valiant|quarkdrivespe\n|move|p1a: Landorus|Tera Blast|p2a: Iron Valiant|[anim] Tera Blast Ice\n|-damage|p2a: Iron Valiant|37\/100\n|\n|upkeep\n|turn|3\n|\n|t:|1700602270\n|switch|p1a: Corviknight|Corviknight, M|100\/100\n|-ability|p1a: Corviknight|Pressure\n|move|p2a: Iron Valiant|Close Combat|p1a: Corviknight\n|-damage|p1a: Corviknight|63\/100\n|-unboost|p2a: Iron Valiant|def|1\n|-unboost|p2a: Iron Valiant|spd|1\n|-damage|p2a: Iron Valiant|20\/100|[from] item: Rocky Helmet|[of] p1a: Corviknight\n|\n|upkeep\n|turn|4\n|\n|t:|1700602282\n|move|p2a: Iron Valiant|Knock Off|p1a: Corviknight\n|-damage|p1a: Corviknight|44\/100\n|-damage|p2a: Iron Valiant|4\/100|[from] item: Rocky Helmet|[of] p1a: Corviknight\n|-enditem|p1a: Corviknight|Rocky Helmet|[from] move: Knock Off|[of] p2a: Iron Valiant\n|move|p1a: Corviknight|Roost|p1a: Corviknight\n|-heal|p1a: Corviknight|94\/100\n|-singleturn|p1a: Corviknight|move: Roost\n|\n|upkeep\n|turn|5\n|\n|t:|1700602291\n|move|p2a: Iron Valiant|Encore|p1a: Corviknight\n|-start|p1a: Corviknight|Encore\n|move|p1a: Corviknight|Roost|p1a: Corviknight\n|-heal|p1a: Corviknight|100\/100\n|-singleturn|p1a: Corviknight|move: Roost\n|\n|upkeep\n|turn|6\n|\n|t:|1700602299\n|switch|p1a: Greninja|Greninja, M|100\/100\n|move|p2a: Iron Valiant|Close Combat|p1a: Greninja\n|-supereffective|p1a: Greninja\n|-damage|p1a: Greninja|0 fnt\n|-unboost|p2a: Iron Valiant|def|1\n|-unboost|p2a: Iron Valiant|spd|1\n|faint|p1a: Greninja\n|\n|upkeep\n|\n|t:|1700602309\n|switch|p1a: Corviknight|Corviknight, M|100\/100\n|-ability|p1a: Corviknight|Pressure\n|turn|7\n|\n|t:|1700602315\n|move|p2a: Iron Valiant|Close Combat|p1a: Corviknight\n|-damage|p1a: Corviknight|65\/100\n|-unboost|p2a: Iron Valiant|def|1\n|-unboost|p2a: Iron Valiant|spd|1\n|move|p1a: Corviknight|U-turn|p2a: Iron Valiant\n|-resisted|p2a: Iron Valiant\n|-damage|p2a: Iron Valiant|0 fnt\n|faint|p2a: Iron Valiant\n|-end|p2a: Iron Valiant|Quark Drive|[silent]\n|\n|t:|1700602324\n|switch|p1a: Landorus|Landorus-Therian, M, tera:Ice|42\/100|[from] U-turn\n|\n|upkeep\n|\n|t:|1700602333\n|switch|p2a: Corviknight|Corviknight, F|100\/100\n|-ability|p2a: Corviknight|Pressure\n|turn|8\n|\n|t:|1700602338\n|switch|p1a: Heatran|Heatran, M|100\/100\n|move|p2a: Corviknight|Brave Bird|p1a: Heatran\n|-resisted|p1a: Heatran\n|-damage|p1a: Heatran|85\/100\n|-damage|p2a: Corviknight|95\/100|[from] Recoil\n|\n|-heal|p1a: Heatran|91\/100|[from] item: Leftovers\n|upkeep\n|turn|9\n|\n|t:|1700602347\n|switch|p2a: Zapdos|Zapdos|15\/100\n|move|p1a: Heatran|Stealth Rock|p2a: Zapdos\n|-sidestart|p2: euleremperor|move: Stealth Rock\n|\n|-heal|p1a: Heatran|97\/100|[from] item: Leftovers\n|upkeep\n|turn|10\n|\n|t:|1700602356\n|move|p2a: Zapdos|Roost|p2a: Zapdos\n|-heal|p2a: Zapdos|65\/100\n|-singleturn|p2a: Zapdos|move: Roost\n|move|p1a: Heatran|Lava Plume|p2a: Zapdos\n|-damage|p2a: Zapdos|25\/100\n|\n|-heal|p1a: Heatran|100\/100|[from] item: Leftovers\n|upkeep\n|turn|11\n|\n|t:|1700602366\n|move|p2a: Zapdos|Roost|p2a: Zapdos\n|-heal|p2a: Zapdos|75\/100\n|-singleturn|p2a: Zapdos|move: Roost\n|move|p1a: Heatran|Lava Plume|p2a: Zapdos\n|-damage|p2a: Zapdos|38\/100\n|\n|upkeep\n|turn|12\n|\n|t:|1700602374\n|move|p2a: Zapdos|Roost|p2a: Zapdos\n|-heal|p2a: Zapdos|88\/100\n|-singleturn|p2a: Zapdos|move: Roost\n|move|p1a: Heatran|Lava Plume|p2a: Zapdos\n|-damage|p2a: Zapdos|51\/100\n|-status|p2a: Zapdos|brn\n|\n|-damage|p2a: Zapdos|45\/100 brn|[from] brn\n|upkeep\n|turn|13\n|\n|t:|1700602387\n|move|p2a: Zapdos|Hurricane|p1a: Heatran|[miss]\n|-miss|p2a: Zapdos|p1a: Heatran\n|move|p1a: Heatran|Earth Power|p2a: Zapdos\n|-immune|p2a: Zapdos\n|\n|-damage|p2a: Zapdos|39\/100 brn|[from] brn\n|upkeep\n|turn|14\n|\n|t:|1700602396\n|switch|p2a: Ogerpon|Ogerpon-Wellspring, F|100\/100\n|-damage|p2a: Ogerpon|88\/100|[from] Stealth Rock\n|move|p1a: Heatran|Earth Power|p2a: Ogerpon\n|-resisted|p2a: Ogerpon\n|-damage|p2a: Ogerpon|73\/100\n|\n|upkeep\n|turn|15\n|\n|t:|1700602410\n|move|p2a: Ogerpon|U-turn|p1a: Heatran\n|-resisted|p1a: Heatran\n|-damage|p1a: Heatran|95\/100\n|l|\u2606Bakitaladelbarrio\n|inactive|Bakitaladelbarrio disconnected and has a minute to reconnect!\n|player|p1|\n|\n|t:|1700602413\n|switch|p2a: Zapdos|Zapdos|39\/100 brn|[from] U-turn\n|move|p1a: Heatran|Lava Plume|p2a: Zapdos\n|-damage|p2a: Zapdos|0 fnt\n|faint|p2a: Zapdos\n|\n|-heal|p1a: Heatran|100\/100|[from] item: Leftovers\n|upkeep\n|\n|t:|1700602416\n|switch|p2a: Ogerpon|Ogerpon-Wellspring, F|73\/100\n|-damage|p2a: Ogerpon|60\/100|[from] Stealth Rock\n|turn|16\n|j|\u2606Bakitaladelbarrio\n|inactive|Bakitaladelbarrio reconnected and has 145 seconds left.\n|player|p1|Bakitaladelbarrio|colress\n|\n|t:|1700602432\n|move|p2a: Ogerpon|Ivy Cudgel|p1a: Heatran|[anim] Ivy Cudgel Water\n|-supereffective|p1a: Heatran\n|-crit|p1a: Heatran\n|-damage|p1a: Heatran|0 fnt\n|faint|p1a: Heatran\n|\n|upkeep\n|\n|t:|1700602438\n|switch|p1a: Dragapult|Dragapult, F|100\/100\n|turn|17\n|l|\u2606Bakitaladelbarrio\n|inactive|Bakitaladelbarrio disconnected and has a minute to reconnect!\n|player|p1|\n|\n|t:|1700602454\n|move|p1a: Dragapult|Shadow Ball|p2a: Ogerpon\n|-crit|p2a: Ogerpon\n|-damage|p2a: Ogerpon|0 fnt\n|faint|p2a: Ogerpon\n|\n|upkeep\n|j|\u2606Bakitaladelbarrio\n|inactive|Bakitaladelbarrio reconnected.\n|player|p1|Bakitaladelbarrio|colress\n|\n|t:|1700602461\n|switch|p2a: Enamorus|Enamorus, F|100\/100\n|-damage|p2a: Enamorus|76\/100|[from] Stealth Rock\n|turn|18\n|\n|t:|1700602476\n|switch|p1a: Corviknight|Corviknight, M|65\/100\n|-ability|p1a: Corviknight|Pressure\n|-terastallize|p2a: Enamorus|Fairy\n|move|p2a: Enamorus|Moonblast|p1a: Corviknight\n|-resisted|p1a: Corviknight\n|-damage|p1a: Corviknight|16\/100\n|\n|upkeep\n|turn|19\n|\n|t:|1700602488\n|move|p2a: Enamorus|Moonblast|p1a: Corviknight\n|-resisted|p1a: Corviknight\n|-damage|p1a: Corviknight|0 fnt\n|faint|p1a: Corviknight\n|\n|upkeep\n|\n|t:|1700602499\n|switch|p1a: Landorus|Landorus-Therian, M, tera:Ice|42\/100\n|-ability|p1a: Landorus|Intimidate|boost\n|-boost|p2a: Enamorus|atk|1\n|turn|20\n|\n|t:|1700602507\n|switch|p2a: Landorus|Landorus-Therian, M|100\/100\n|-damage|p2a: Landorus|88\/100|[from] Stealth Rock\n|-ability|p2a: Landorus|Intimidate|boost\n|-unboost|p1a: Landorus|atk|1\n|move|p1a: Landorus|Tera Blast|p2a: Landorus|[anim] Tera Blast Ice\n|-supereffective|p2a: Landorus\n|-damage|p2a: Landorus|0 fnt\n|faint|p2a: Landorus\n|\n|upkeep\n|\n|t:|1700602509\n|switch|p2a: Corviknight|Corviknight, F|95\/100\n|-damage|p2a: Corviknight|83\/100|[from] Stealth Rock\n|-ability|p2a: Corviknight|Pressure\n|turn|21\n|\n|t:|1700602521\n|switch|p1a: Dragapult|Dragapult, F|100\/100\n|move|p2a: Corviknight|Brave Bird|p1a: Dragapult\n|-damage|p1a: Dragapult|53\/100\n|-damage|p2a: Corviknight|70\/100|[from] Recoil\n|\n|upkeep\n|turn|22\n|inactive|euleremperor has 120 seconds left.\n|\n|t:|1700602561\n|move|p1a: Dragapult|Fire Blast|p2a: Corviknight\n|-supereffective|p2a: Corviknight\n|-damage|p2a: Corviknight|0 fnt\n|faint|p2a: Corviknight\n|\n|upkeep\n|\n|t:|1700602565\n|switch|p2a: Enamorus|Enamorus, F, tera:Fairy|76\/100\n|-damage|p2a: Enamorus|63\/100|[from] Stealth Rock\n|turn|23\n|\n|t:|1700602571\n|switch|p1a: Landorus|Landorus-Therian, M, tera:Ice|42\/100\n|-ability|p1a: Landorus|Intimidate|boost\n|-boost|p2a: Enamorus|atk|1\n|move|p2a: Enamorus|Moonblast|p1a: Landorus\n|-damage|p1a: Landorus|0 fnt\n|faint|p1a: Landorus\n|\n|upkeep\n|\n|t:|1700602580\n|switch|p1a: Iron Valiant|Iron Valiant|100\/100\n|-enditem|p1a: Iron Valiant|Booster Energy\n|-activate|p1a: Iron Valiant|ability: Quark Drive|[fromitem]\n|-start|p1a: Iron Valiant|quarkdrivespe\n|turn|24\n|\n|t:|1700602585\n|move|p1a: Iron Valiant|Destiny Bond|p1a: Iron Valiant\n|-singlemove|p1a: Iron Valiant|Destiny Bond\n|move|p2a: Enamorus|Moonblast|p1a: Iron Valiant\n|-supereffective|p1a: Iron Valiant\n|-damage|p1a: Iron Valiant|0 fnt\n|faint|p1a: Iron Valiant\n|-activate|p1a: Iron Valiant|move: Destiny Bond\n|-end|p1a: Iron Valiant|Quark Drive|[silent]\n|faint|p2a: Enamorus\n|\n|win|Bakitaladelbarrio\n|raw|Bakitaladelbarrio's rating: 1516 &rarr; <strong>1535<\/strong><br \/>(+19 for winning)\n|raw|euleremperor's rating: 1503 &rarr; <strong>1484<\/strong><br \/>(-19 for losing)\n|c|\u2606euleremperor|gg!!\n|c|\u2606euleremperor|wp\n","uploadtime":1700602596,"views":11,"p1id":"bakitaladelbarrio","p2id":"euleremperor","formatid":"gen9ou","rating":1484,"private":0,"password":""}