{"id":"gen9ou-1994260635","p1":"PLLV51Oreotrague\u2605\u273f","p2":"wdytyaia","format":"[Gen 9] OU","log":"|j|\u2606PLLV51Oreotrague\u2605\u273f\n|j|\u2606wdytyaia\n|t:|1700424536\n|gametype|singles\n|player|p1|PLLV51Oreotrague\u2605\u273f|liza|1043\n|player|p2|wdytyaia|irida|1097\n|teamsize|p1|6\n|teamsize|p2|6\n|gen|9\n|tier|[Gen 9] OU\n|rated|\n|rule|Sleep Clause Mod: Limit one foe put to sleep\n|rule|Species Clause: Limit one of each Pok\u00e9mon\n|rule|OHKO Clause: OHKO moves are banned\n|rule|Evasion Items Clause: Evasion items are banned\n|rule|Evasion Moves Clause: Evasion moves are banned\n|rule|Endless Battle Clause: Forcing endless battles is banned\n|rule|HP Percentage Mod: HP is shown in percentages\n|clearpoke\n|poke|p1|Ceruledge, M|\n|poke|p1|Enamorus, F|\n|poke|p1|Samurott-Hisui, M|\n|poke|p1|Landorus-Therian, M|\n|poke|p1|Gholdengo|\n|poke|p1|Cinderace, M|\n|poke|p2|Pelipper, M|\n|poke|p2|Crawdaunt, F|\n|poke|p2|Barraskewda, M|\n|poke|p2|Rillaboom, F|\n|poke|p2|Corviknight, M|\n|poke|p2|Gholdengo|\n|teampreview\n|\n|t:|1700424554\n|start\n|switch|p1a: Landorus|Landorus-Therian, M|100\/100\n|switch|p2a: Pelipper|Pelipper, M|100\/100\n|-ability|p1a: Landorus|Intimidate|boost\n|-unboost|p2a: Pelipper|atk|1\n|-weather|RainDance|[from] ability: Drizzle|[of] p2a: Pelipper\n|turn|1\n|\n|t:|1700424560\n|move|p1a: Landorus|Stealth Rock|p2a: Pelipper\n|-sidestart|p2: wdytyaia|move: Stealth Rock\n|move|p2a: Pelipper|Hydro Pump|p1a: Landorus\n|-supereffective|p1a: Landorus\n|-damage|p1a: Landorus|0 fnt\n|faint|p1a: Landorus\n|\n|-weather|RainDance|[upkeep]\n|upkeep\n|\n|t:|1700424572\n|switch|p1a: Enamorus|Enamorus, F|100\/100\n|turn|2\n|\n|t:|1700424579\n|switch|p1a: Samurott|Samurott-Hisui, M|100\/100\n|move|p2a: Pelipper|Knock Off|p1a: Samurott\n|-resisted|p1a: Samurott\n|-damage|p1a: Samurott|96\/100\n|-enditem|p1a: Samurott|Choice Scarf|[from] move: Knock Off|[of] p2a: Pelipper\n|\n|-weather|RainDance|[upkeep]\n|upkeep\n|turn|3\n|\n|t:|1700424589\n|move|p1a: Samurott|Ceaseless Edge|p2a: Pelipper\n|-damage|p2a: Pelipper|51\/100\n|-sidestart|p2: wdytyaia|Spikes\n|move|p2a: Pelipper|U-turn|p1a: Samurott\n|-supereffective|p1a: Samurott\n|-damage|p1a: Samurott|80\/100\n|\n|t:|1700424593\n|switch|p2a: Corviknight|Corviknight, M|100\/100|[from] U-turn\n|-damage|p2a: Corviknight|88\/100|[from] Stealth Rock\n|-ability|p2a: Corviknight|Pressure\n|\n|-weather|RainDance|[upkeep]\n|-heal|p2a: Corviknight|94\/100|[from] item: Leftovers\n|upkeep\n|turn|4\n|\n|t:|1700424602\n|move|p1a: Samurott|Knock Off|p2a: Corviknight\n|-damage|p2a: Corviknight|59\/100\n|-enditem|p2a: Corviknight|Leftovers|[from] move: Knock Off|[of] p1a: Samurott\n|move|p2a: Corviknight|Defog|p1a: Samurott\n|-unboost|p1a: Samurott|evasion|1\n|-sideend|p2: wdytyaia|Spikes|[from] move: Defog|[of] p2a: Corviknight\n|-sideend|p2: wdytyaia|Stealth Rock|[from] move: Defog|[of] p2a: Corviknight\n|\n|-weather|RainDance|[upkeep]\n|upkeep\n|turn|5\n|\n|t:|1700424621\n|switch|p2a: Rillaboom|Rillaboom, F|100\/100\n|-fieldstart|move: Grassy Terrain|[from] ability: Grassy Surge|[of] p2a: Rillaboom\n|move|p1a: Samurott|Ceaseless Edge|p2a: Rillaboom\n|-damage|p2a: Rillaboom|56\/100\n|-sidestart|p2: wdytyaia|Spikes\n|\n|-weather|RainDance|[upkeep]\n|-heal|p1a: Samurott|86\/100|[from] Grassy Terrain\n|-heal|p2a: Rillaboom|63\/100|[from] Grassy Terrain\n|upkeep\n|turn|6\n|\n|t:|1700424633\n|move|p1a: Samurott|Ceaseless Edge|p2a: Rillaboom\n|-damage|p2a: Rillaboom|19\/100\n|-sidestart|p2: wdytyaia|Spikes\n|move|p2a: Rillaboom|U-turn|p1a: Samurott\n|-supereffective|p1a: Samurott\n|-damage|p1a: Samurott|0 fnt\n|faint|p1a: Samurott\n|\n|t:|1700424646\n|switch|p2a: Barraskewda|Barraskewda, M|100\/100|[from] U-turn\n|-damage|p2a: Barraskewda|84\/100|[from] Spikes\n|\n|-weather|RainDance|[upkeep]\n|-heal|p2a: Barraskewda|90\/100|[from] Grassy Terrain\n|upkeep\n|\n|t:|1700424657\n|switch|p1a: Ceruledge|Ceruledge, M|100\/100\n|turn|7\n|\n|t:|1700424662\n|move|p2a: Barraskewda|Flip Turn|p1a: Ceruledge\n|-supereffective|p1a: Ceruledge\n|-enditem|p1a: Ceruledge|Focus Sash\n|-damage|p1a: Ceruledge|1\/100\n|-ability|p1a: Ceruledge|Weak Armor|boost\n|-unboost|p1a: Ceruledge|def|1\n|-boost|p1a: Ceruledge|spe|2\n|\n|t:|1700424671\n|switch|p2a: Rillaboom|Rillaboom, F|19\/100|[from] Flip Turn\n|-damage|p2a: Rillaboom|3\/100|[from] Spikes\n|move|p1a: Ceruledge|Poltergeist|p2a: Rillaboom|[miss]\n|-miss|p1a: Ceruledge|p2a: Rillaboom\n|\n|-weather|RainDance|[upkeep]\n|-heal|p1a: Ceruledge|7\/100|[from] Grassy Terrain\n|-heal|p2a: Rillaboom|9\/100|[from] Grassy Terrain\n|upkeep\n|turn|8\n|\n|t:|1700424682\n|move|p1a: Ceruledge|Shadow Sneak|p2a: Rillaboom\n|-damage|p2a: Rillaboom|0 fnt\n|faint|p2a: Rillaboom\n|\n|-weather|none\n|-heal|p1a: Ceruledge|13\/100|[from] Grassy Terrain\n|upkeep\n|\n|t:|1700424696\n|switch|p2a: Pelipper|Pelipper, M|51\/100\n|-weather|RainDance|[from] ability: Drizzle|[of] p2a: Pelipper\n|turn|9\n|\n|t:|1700424709\n|move|p1a: Ceruledge|Bitter Blade|p2a: Pelipper\n|-resisted|p2a: Pelipper\n|-damage|p2a: Pelipper|38\/100\n|-heal|p1a: Ceruledge|20\/100|[from] drain|[of] p2a: Pelipper\n|move|p2a: Pelipper|Knock Off|p1a: Ceruledge\n|-supereffective|p1a: Ceruledge\n|-damage|p1a: Ceruledge|0 fnt\n|faint|p1a: Ceruledge\n|\n|-weather|RainDance|[upkeep]\n|-fieldend|move: Grassy Terrain\n|upkeep\n|\n|t:|1700424716\n|switch|p1a: Enamorus|Enamorus, F|100\/100\n|turn|10\n|\n|t:|1700424730\n|switch|p2a: Corviknight|Corviknight, M|59\/100\n|-ability|p2a: Corviknight|Pressure\n|move|p1a: Enamorus|Substitute|p1a: Enamorus\n|-start|p1a: Enamorus|Substitute\n|-damage|p1a: Enamorus|76\/100\n|\n|-weather|RainDance|[upkeep]\n|-heal|p1a: Enamorus|82\/100|[from] item: Leftovers\n|upkeep\n|turn|11\n|\n|t:|1700424736\n|move|p1a: Enamorus|Calm Mind|p1a: Enamorus\n|-boost|p1a: Enamorus|spa|1\n|-boost|p1a: Enamorus|spd|1\n|move|p2a: Corviknight|Defog|p1a: Enamorus\n|-sideend|p2: wdytyaia|Spikes|[from] move: Defog|[of] p2a: Corviknight\n|\n|-weather|RainDance|[upkeep]\n|-heal|p1a: Enamorus|88\/100|[from] item: Leftovers\n|upkeep\n|turn|12\n|\n|t:|1700424757\n|switch|p2a: Gholdengo|Gholdengo|100\/100\n|move|p1a: Enamorus|Calm Mind|p1a: Enamorus\n|-boost|p1a: Enamorus|spa|1\n|-boost|p1a: Enamorus|spd|1\n|\n|-weather|RainDance|[upkeep]\n|-heal|p1a: Enamorus|94\/100|[from] item: Leftovers\n|upkeep\n|turn|13\n|\n|t:|1700424762\n|move|p1a: Enamorus|Earth Power|p2a: Gholdengo\n|-supereffective|p2a: Gholdengo\n|-damage|p2a: Gholdengo|0 fnt\n|faint|p2a: Gholdengo\n|\n|-weather|RainDance|[upkeep]\n|-heal|p1a: Enamorus|100\/100|[from] item: Leftovers\n|upkeep\n|\n|t:|1700424774\n|switch|p2a: Barraskewda|Barraskewda, M|90\/100\n|turn|14\n|\n|t:|1700424779\n|move|p2a: Barraskewda|Flip Turn|p1a: Enamorus\n|-end|p1a: Enamorus|Substitute\n|\n|t:|1700424782\n|switch|p2a: Corviknight|Corviknight, M|59\/100|[from] Flip Turn\n|-ability|p2a: Corviknight|Pressure\n|move|p1a: Enamorus|Moonblast|p2a: Corviknight\n|-resisted|p2a: Corviknight\n|-damage|p2a: Corviknight|22\/100\n|\n|-weather|RainDance|[upkeep]\n|upkeep\n|turn|15\n|\n|t:|1700424791\n|move|p1a: Enamorus|Substitute|p1a: Enamorus\n|-start|p1a: Enamorus|Substitute\n|-damage|p1a: Enamorus|76\/100\n|move|p2a: Corviknight|Roost|p2a: Corviknight\n|-heal|p2a: Corviknight|72\/100\n|-singleturn|p2a: Corviknight|move: Roost\n|\n|-weather|RainDance|[upkeep]\n|-heal|p1a: Enamorus|82\/100|[from] item: Leftovers\n|upkeep\n|turn|16\n|\n|t:|1700424795\n|move|p1a: Enamorus|Moonblast|p2a: Corviknight\n|-resisted|p2a: Corviknight\n|-damage|p2a: Corviknight|37\/100\n|-unboost|p2a: Corviknight|spa|1\n|move|p2a: Corviknight|Body Press|p1a: Enamorus\n|-resisted|p1a: Enamorus\n|-activate|p1a: Enamorus|move: Substitute|[damage]\n|\n|-weather|none\n|-heal|p1a: Enamorus|88\/100|[from] item: Leftovers\n|upkeep\n|turn|17\n|\n|t:|1700424808\n|move|p1a: Enamorus|Moonblast|p2a: Corviknight\n|-resisted|p2a: Corviknight\n|-crit|p2a: Corviknight\n|-damage|p2a: Corviknight|0 fnt\n|faint|p2a: Corviknight\n|\n|-heal|p1a: Enamorus|94\/100|[from] item: Leftovers\n|upkeep\n|\n|t:|1700424817\n|switch|p2a: Barraskewda|Barraskewda, M|90\/100\n|turn|18\n|\n|t:|1700424823\n|move|p2a: Barraskewda|Flip Turn|p1a: Enamorus\n|-end|p1a: Enamorus|Substitute\n|\n|t:|1700424826\n|switch|p2a: Pelipper|Pelipper, M|38\/100|[from] Flip Turn\n|-weather|RainDance|[from] ability: Drizzle|[of] p2a: Pelipper\n|move|p1a: Enamorus|Moonblast|p2a: Pelipper\n|-damage|p2a: Pelipper|0 fnt\n|faint|p2a: Pelipper\n|\n|-weather|RainDance|[upkeep]\n|-heal|p1a: Enamorus|100\/100|[from] item: Leftovers\n|upkeep\n|\n|t:|1700424834\n|switch|p2a: Barraskewda|Barraskewda, M|90\/100\n|turn|19\n|\n|t:|1700424839\n|move|p2a: Barraskewda|Liquidation|p1a: Enamorus\n|-damage|p1a: Enamorus|0 fnt\n|-start|p2a: Barraskewda|Attract|[from] ability: Cute Charm|[of] p1a: Enamorus\n|faint|p1a: Enamorus\n|-end|p2a: Barraskewda|Attract|[silent]\n|\n|-weather|RainDance|[upkeep]\n|upkeep\n|\n|t:|1700424846\n|switch|p1a: Cinderace|Cinderace, M|100\/100\n|turn|20\n|\n|t:|1700424853\n|move|p1a: Cinderace|Sucker Punch|p2a: Barraskewda\n|-damage|p2a: Barraskewda|52\/100\n|move|p2a: Barraskewda|Liquidation|p1a: Cinderace\n|-supereffective|p1a: Cinderace\n|-damage|p1a: Cinderace|0 fnt\n|faint|p1a: Cinderace\n|\n|-weather|RainDance|[upkeep]\n|upkeep\n|\n|t:|1700424858\n|switch|p1a: Gholdengo|Gholdengo|100\/100\n|turn|21\n|\n|t:|1700424863\n|-terastallize|p1a: Gholdengo|Steel\n|move|p2a: Barraskewda|Liquidation|p1a: Gholdengo\n|-damage|p1a: Gholdengo|0 fnt\n|faint|p1a: Gholdengo\n|\n|win|wdytyaia\n|raw|PLLV51Oreotrague\u2605\u273f's rating: 1043 &rarr; <strong>1029<\/strong><br \/>(-14 for losing)\n|raw|wdytyaia's rating: 1097 &rarr; <strong>1119<\/strong><br \/>(+22 for winning)\n|l|\u2606PLLV51Oreotrague\u2605\u273f\n","uploadtime":1700424871,"views":7,"p1id":"pllv51oreotrague","p2id":"wdytyaia","formatid":"gen9ou","rating":1029,"private":0,"password":""}