{"id":"gen9ou-1991084204","p1":"Bidonkolous","p2":"Joy840","format":"[Gen 9] OU","log":"|j|\u203dBidonkolous\n|j|\u2606Joy840\n|t:|1700040344\n|gametype|singles\n|player|p1|Bidonkolous|265|1109\n|player|p2|Joy840|hilbert|1183\n|teamsize|p1|6\n|teamsize|p2|6\n|gen|9\n|tier|[Gen 9] OU\n|rated|\n|rule|Sleep Clause Mod: Limit one foe put to sleep\n|rule|Species Clause: Limit one of each Pok\u00e9mon\n|rule|OHKO Clause: OHKO moves are banned\n|rule|Evasion Items Clause: Evasion items are banned\n|rule|Evasion Moves Clause: Evasion moves are banned\n|rule|Endless Battle Clause: Forcing endless battles is banned\n|rule|HP Percentage Mod: HP is shown in percentages\n|clearpoke\n|poke|p1|Alomomola, F|\n|poke|p1|Rillaboom, M|\n|poke|p1|Ribombee, F|\n|poke|p1|Ceruledge, F|\n|poke|p1|Glimmora, M|\n|poke|p1|Kingambit, M|\n|poke|p2|Hatterene, F|\n|poke|p2|Alomomola, M|\n|poke|p2|Ribombee, M|\n|poke|p2|Sneasler, M|\n|poke|p2|Heatran, M|\n|poke|p2|Ogerpon-Wellspring, F|\n|teampreview\n|inactive|Battle timer is ON: inactive players will automatically lose when time's up. (requested by Joy840)\n|\n|t:|1700040355\n|start\n|switch|p1a: Glimmora|Glimmora, M|100\/100\n|switch|p2a: Hatterene|Hatterene, F|100\/100\n|turn|1\n|\n|t:|1700040367\n|move|p1a: Glimmora|Mortal Spin|p2a: Hatterene\n|-supereffective|p2a: Hatterene\n|-damage|p2a: Hatterene|84\/100\n|-status|p2a: Hatterene|psn\n|move|p2a: Hatterene|Trick|p1a: Glimmora\n|-activate|p2a: Hatterene|move: Trick|[of] p1a: Glimmora\n|-item|p1a: Glimmora|Choice Specs|[from] move: Trick\n|-item|p2a: Hatterene|Expert Belt|[from] move: Trick\n|\n|-damage|p2a: Hatterene|72\/100 psn|[from] psn\n|upkeep\n|turn|2\n|\n|t:|1700040381\n|switch|p2a: Heatran|Heatran, M|100\/100\n|-item|p2a: Heatran|Air Balloon\n|move|p1a: Glimmora|Sludge Bomb|p2a: Heatran\n|-immune|p2a: Heatran\n|\n|upkeep\n|turn|3\n|\n|t:|1700040389\n|switch|p1a: Rillaboom|Rillaboom, M|100\/100\n|-fieldstart|move: Grassy Terrain|[from] ability: Grassy Surge|[of] p1a: Rillaboom\n|move|p2a: Heatran|Stealth Rock|p1a: Rillaboom\n|-sidestart|p1: Bidonkolous|move: Stealth Rock\n|\n|upkeep\n|turn|4\n|\n|t:|1700040402\n|move|p1a: Rillaboom|U-turn|p2a: Heatran\n|-resisted|p2a: Heatran\n|-damage|p2a: Heatran|92\/100\n|-enditem|p2a: Heatran|Air Balloon\n|\n|t:|1700040405\n|switch|p1a: Alomomola|Alomomola, F, shiny|100\/100|[from] U-turn\n|move|p2a: Heatran|Will-O-Wisp|p1a: Alomomola\n|-status|p1a: Alomomola|brn\n|\n|-heal|p2a: Heatran|98\/100|[from] Grassy Terrain\n|-damage|p1a: Alomomola|94\/100 brn|[from] brn\n|upkeep\n|turn|5\n|\n|t:|1700040420\n|switch|p2a: Hatterene|Hatterene, F|72\/100 psn\n|move|p1a: Alomomola|Flip Turn|p2a: Hatterene\n|-damage|p2a: Hatterene|63\/100 psn\n|\n|t:|1700040436\n|switch|p1a: Glimmora|Glimmora, M|100\/100|[from] Flip Turn\n|-damage|p1a: Glimmora|88\/100|[from] Stealth Rock\n|\n|-heal|p1a: Glimmora|94\/100|[from] Grassy Terrain\n|-heal|p2a: Hatterene|69\/100 psn|[from] Grassy Terrain\n|-damage|p2a: Hatterene|56\/100 psn|[from] psn\n|upkeep\n|turn|6\n|\n|t:|1700040446\n|move|p1a: Glimmora|Stealth Rock|p2a: Hatterene\n|move|p2a: Hatterene|Stealth Rock||[from]ability: Magic Bounce|[still]\n|-fail|p2a: Hatterene\n|move|p2a: Hatterene|Calm Mind|p2a: Hatterene\n|-boost|p2a: Hatterene|spa|1\n|-boost|p2a: Hatterene|spd|1\n|\n|-heal|p1a: Glimmora|99\/100|[from] Grassy Terrain\n|-heal|p2a: Hatterene|62\/100 psn|[from] Grassy Terrain\n|-damage|p2a: Hatterene|50\/100 psn|[from] psn\n|upkeep\n|turn|7\n|\n|t:|1700040462\n|switch|p1a: Ceruledge|Ceruledge, F|100\/100\n|-damage|p1a: Ceruledge|76\/100|[from] Stealth Rock\n|move|p2a: Hatterene|Calm Mind|p2a: Hatterene\n|-boost|p2a: Hatterene|spa|1\n|-boost|p2a: Hatterene|spd|1\n|\n|-heal|p1a: Ceruledge|82\/100|[from] Grassy Terrain\n|-heal|p2a: Hatterene|56\/100 psn|[from] Grassy Terrain\n|-damage|p2a: Hatterene|44\/100 psn|[from] psn\n|-fieldend|move: Grassy Terrain\n|upkeep\n|turn|8\n|\n|t:|1700040476\n|move|p1a: Ceruledge|Bitter Blade|p2a: Hatterene\n|-damage|p2a: Hatterene|3\/100 psn\n|-heal|p1a: Ceruledge|100\/100|[from] drain|[of] p2a: Hatterene\n|move|p2a: Hatterene|Stored Power|p1a: Ceruledge\n|-damage|p1a: Ceruledge|0 fnt\n|faint|p1a: Ceruledge\n|\n|-damage|p2a: Hatterene|0 fnt|[from] psn\n|faint|p2a: Hatterene\n|upkeep\n|\n|t:|1700040487\n|switch|p1a: Glimmora|Glimmora, M|99\/100\n|switch|p2a: Ribombee|Ribombee, M|100\/100\n|-damage|p1a: Glimmora|88\/100|[from] Stealth Rock\n|turn|9\n|\n|t:|1700040496\n|move|p2a: Ribombee|Sticky Web|p1a: Glimmora\n|-sidestart|p1: Bidonkolous|move: Sticky Web\n|move|p1a: Glimmora|Stealth Rock|p2a: Ribombee\n|-sidestart|p2: Joy840|move: Stealth Rock\n|\n|upkeep\n|turn|10\n|\n|t:|1700040504\n|switch|p1a: Alomomola|Alomomola, F, shiny|100\/100 brn\n|move|p2a: Ribombee|Quiver Dance|p2a: Ribombee\n|-boost|p2a: Ribombee|spa|1\n|-boost|p2a: Ribombee|spd|1\n|-boost|p2a: Ribombee|spe|1\n|\n|-damage|p1a: Alomomola|94\/100 brn|[from] brn\n|upkeep\n|turn|11\n|\n|t:|1700040510\n|move|p2a: Ribombee|Quiver Dance|p2a: Ribombee\n|-boost|p2a: Ribombee|spa|1\n|-boost|p2a: Ribombee|spd|1\n|-boost|p2a: Ribombee|spe|1\n|move|p1a: Alomomola|Flip Turn|p2a: Ribombee\n|-damage|p2a: Ribombee|86\/100\n|\n|t:|1700040515\n|switch|p1a: Glimmora|Glimmora, M|88\/100|[from] Flip Turn\n|-damage|p1a: Glimmora|75\/100|[from] Stealth Rock\n|-activate|p1a: Glimmora|move: Sticky Web\n|-unboost|p1a: Glimmora|spe|1\n|\n|upkeep\n|turn|12\n|\n|t:|1700040525\n|-terastallize|p2a: Ribombee|Steel\n|move|p2a: Ribombee|Quiver Dance|p2a: Ribombee\n|-boost|p2a: Ribombee|spa|1\n|-boost|p2a: Ribombee|spd|1\n|-boost|p2a: Ribombee|spe|1\n|move|p1a: Glimmora|Mortal Spin|p2a: Ribombee\n|-immune|p2a: Ribombee\n|\n|upkeep\n|turn|13\n|\n|t:|1700040535\n|switch|p1a: Rillaboom|Rillaboom, M|100\/100\n|-damage|p1a: Rillaboom|88\/100|[from] Stealth Rock\n|-activate|p1a: Rillaboom|move: Sticky Web\n|-unboost|p1a: Rillaboom|spe|1\n|-fieldstart|move: Grassy Terrain|[from] ability: Grassy Surge|[of] p1a: Rillaboom\n|move|p2a: Ribombee|Quiver Dance|p2a: Ribombee\n|-boost|p2a: Ribombee|spa|1\n|-boost|p2a: Ribombee|spd|1\n|-boost|p2a: Ribombee|spe|1\n|\n|-heal|p2a: Ribombee|92\/100|[from] Grassy Terrain\n|-heal|p1a: Rillaboom|94\/100|[from] Grassy Terrain\n|upkeep\n|turn|14\n|\n|t:|1700040541\n|move|p2a: Ribombee|Bug Buzz|p1a: Rillaboom\n|-supereffective|p1a: Rillaboom\n|-damage|p1a: Rillaboom|0 fnt\n|faint|p1a: Rillaboom\n|\n|-heal|p2a: Ribombee|98\/100|[from] Grassy Terrain\n|upkeep\n|\n|t:|1700040557\n|switch|p1a: Ribombee|Ribombee, F|100\/100\n|-damage|p1a: Ribombee|76\/100|[from] Stealth Rock\n|-activate|p1a: Ribombee|move: Sticky Web\n|-unboost|p1a: Ribombee|spe|1\n|turn|15\n|\n|t:|1700040562\n|move|p2a: Ribombee|Moonblast|p1a: Ribombee\n|-damage|p1a: Ribombee|0 fnt\n|faint|p1a: Ribombee\n|\n|-heal|p2a: Ribombee|100\/100|[from] Grassy Terrain\n|upkeep\n|-message|Bidonkolous forfeited.\n|\n|win|Joy840\n|raw|Bidonkolous's rating: 1109 &rarr; <strong>1089<\/strong><br \/>(-20 for losing)\n|raw|Joy840's rating: 1183 &rarr; <strong>1203<\/strong><br \/>(+20 for winning)\n|l|\u203dBidonkolous\n","uploadtime":1700040581,"views":7,"p1id":"bidonkolous","p2id":"joy840","formatid":"gen9ou","rating":1089,"private":0,"password":""}