{"id":"gen9ou-1995531888","p1":"Hawaia11254","p2":"CalaMarie","format":"[Gen 9] OU","log":"|j|\u2606Hawaia11254\n|j|\u2606CalaMarie\n|t:|1700580411\n|gametype|singles\n|player|p1|Hawaia11254|265|1113\n|player|p2|CalaMarie|dawn|1119\n|teamsize|p1|6\n|teamsize|p2|6\n|gen|9\n|tier|[Gen 9] OU\n|rated|\n|rule|Sleep Clause Mod: Limit one foe put to sleep\n|rule|Species Clause: Limit one of each Pok\u00e9mon\n|rule|OHKO Clause: OHKO moves are banned\n|rule|Evasion Items Clause: Evasion items are banned\n|rule|Evasion Moves Clause: Evasion moves are banned\n|rule|Endless Battle Clause: Forcing endless battles is banned\n|rule|HP Percentage Mod: HP is shown in percentages\n|clearpoke\n|poke|p1|Dragonite, F|\n|poke|p1|Gholdengo|\n|poke|p1|Great Tusk|\n|poke|p1|Dondozo, M|\n|poke|p1|Grafaiai, F|\n|poke|p1|Ninetales-Alola, M|\n|poke|p2|Walking Wake|\n|poke|p2|Great Tusk|\n|poke|p2|Lilligant-Hisui, F|\n|poke|p2|Scream Tail|\n|poke|p2|Torkoal, M|\n|poke|p2|Moltres|\n|teampreview\n|inactive|Battle timer is ON: inactive players will automatically lose when time's up. (requested by CalaMarie)\n|\n|t:|1700580424\n|start\n|switch|p1a: Grafaiai|Grafaiai, F|100\/100\n|switch|p2a: Torkoal|Torkoal, M|100\/100\n|-weather|SunnyDay|[from] ability: Drought|[of] p2a: Torkoal\n|turn|1\n|\n|t:|1700580433\n|move|p1a: Grafaiai|Taunt|p2a: Torkoal\n|-start|p2a: Torkoal|move: Taunt\n|cant|p2a: Torkoal|move: Taunt|Stealth Rock\n|\n|-weather|SunnyDay|[upkeep]\n|upkeep\n|turn|2\n|\n|t:|1700580438\n|move|p1a: Grafaiai|Parting Shot|p2a: Torkoal\n|-unboost|p2a: Torkoal|atk|1\n|-unboost|p2a: Torkoal|spa|1\n|\n|t:|1700580446\n|switch|p1a: Dragonite|Dragonite, F|100\/100|[from] Parting Shot\n|move|p2a: Torkoal|Lava Plume|p1a: Dragonite\n|-resisted|p1a: Dragonite\n|-damage|p1a: Dragonite|95\/100\n|\n|-weather|SunnyDay|[upkeep]\n|-heal|p1a: Dragonite|100\/100|[from] item: Leftovers\n|upkeep\n|turn|3\n|\n|t:|1700580458\n|move|p1a: Dragonite|Dragon Dance|p1a: Dragonite\n|-boost|p1a: Dragonite|atk|1\n|-boost|p1a: Dragonite|spe|1\n|move|p2a: Torkoal|Lava Plume|p1a: Dragonite\n|-resisted|p1a: Dragonite\n|-damage|p1a: Dragonite|95\/100\n|\n|-weather|SunnyDay|[upkeep]\n|-heal|p1a: Dragonite|100\/100|[from] item: Leftovers\n|-end|p2a: Torkoal|move: Taunt\n|upkeep\n|turn|4\n|\n|t:|1700580474\n|move|p1a: Dragonite|Earthquake|p2a: Torkoal\n|-supereffective|p2a: Torkoal\n|-damage|p2a: Torkoal|47\/100\n|move|p2a: Torkoal|Yawn|p1a: Dragonite\n|-start|p1a: Dragonite|move: Yawn|[of] p2a: Torkoal\n|\n|-weather|SunnyDay|[upkeep]\n|upkeep\n|turn|5\n|\n|t:|1700580484\n|switch|p1a: Grafaiai|Grafaiai, F|100\/100\n|switch|p2a: Moltres|Moltres|100\/100\n|\n|-weather|SunnyDay|[upkeep]\n|upkeep\n|turn|6\n|\n|t:|1700580494\n|move|p1a: Grafaiai|Parting Shot|p2a: Moltres\n|-unboost|p2a: Moltres|atk|1\n|-unboost|p2a: Moltres|spa|1\n|\n|t:|1700580501\n|switch|p1a: Dondozo|Dondozo, M|100\/100|[from] Parting Shot\n|move|p2a: Moltres|Will-O-Wisp|p1a: Dondozo\n|-status|p1a: Dondozo|brn\n|\n|-weather|SunnyDay|[upkeep]\n|-damage|p1a: Dondozo|94\/100 brn|[from] brn\n|upkeep\n|turn|7\n|\n|t:|1700580508\n|move|p2a: Moltres|U-turn|p1a: Dondozo\n|-damage|p1a: Dondozo|87\/100 brn\n|\n|t:|1700580517\n|switch|p2a: Walking Wake|Walking Wake|100\/100|[from] U-turn\n|-activate|p2a: Walking Wake|ability: Protosynthesis\n|-start|p2a: Walking Wake|protosynthesisspa\n|move|p1a: Dondozo|Yawn|p2a: Walking Wake\n|-start|p2a: Walking Wake|move: Yawn|[of] p1a: Dondozo\n|\n|-weather|SunnyDay|[upkeep]\n|-heal|p1a: Dondozo|94\/100 brn|[from] item: Leftovers\n|-damage|p1a: Dondozo|87\/100 brn|[from] brn\n|upkeep\n|turn|8\n|\n|t:|1700580528\n|-end|p2a: Walking Wake|Protosynthesis|[silent]\n|switch|p2a: Scream Tail|Scream Tail|100\/100\n|-activate|p2a: Scream Tail|ability: Protosynthesis\n|-start|p2a: Scream Tail|protosynthesisspe\n|switch|p1a: Grafaiai|Grafaiai, F|100\/100\n|\n|-weather|none\n|-end|p2a: Scream Tail|Protosynthesis\n|upkeep\n|turn|9\n|\n|t:|1700580549\n|-end|p2a: Scream Tail|Protosynthesis|[silent]\n|switch|p2a: Great Tusk|Great Tusk|100\/100\n|move|p1a: Grafaiai|Taunt|p2a: Great Tusk\n|-start|p2a: Great Tusk|move: Taunt\n|\n|upkeep\n|turn|10\n|\n|t:|1700580558\n|move|p1a: Grafaiai|Parting Shot|p2a: Great Tusk\n|-unboost|p2a: Great Tusk|atk|1\n|-unboost|p2a: Great Tusk|spa|1\n|inactive|Hawaia11254 has 120 seconds left.\n|\n|t:|1700580582\n|switch|p1a: Ninetales|Ninetales-Alola, M|100\/100|[from] Parting Shot\n|-weather|Snow|[from] ability: Snow Warning|[of] p1a: Ninetales\n|move|p2a: Great Tusk|Ice Spinner|p1a: Ninetales\n|-resisted|p1a: Ninetales\n|-damage|p1a: Ninetales|89\/100\n|\n|-weather|Snow|[upkeep]\n|upkeep\n|turn|11\n|\n|t:|1700580611\n|-end|p2a: Great Tusk|Protosynthesis|[silent]\n|switch|p2a: Scream Tail|Scream Tail|100\/100\n|move|p1a: Ninetales|Aurora Veil|p1a: Ninetales\n|-sidestart|p1: Hawaia11254|move: Aurora Veil\n|\n|-weather|Snow|[upkeep]\n|upkeep\n|turn|12\n|\n|t:|1700580625\n|switch|p1a: Grafaiai|Grafaiai, F|100\/100\n|move|p2a: Scream Tail|Trick|p1a: Grafaiai\n|-activate|p2a: Scream Tail|move: Trick|[of] p1a: Grafaiai\n|-item|p1a: Grafaiai|Choice Scarf|[from] move: Trick\n|-item|p2a: Scream Tail|Leftovers|[from] move: Trick\n|\n|-weather|Snow|[upkeep]\n|upkeep\n|turn|13\n|\n|t:|1700580636\n|move|p2a: Scream Tail|Protect|p2a: Scream Tail\n|-singleturn|p2a: Scream Tail|Protect\n|move|p1a: Grafaiai|Parting Shot|p2a: Scream Tail\n|-activate|p2a: Scream Tail|move: Protect\n|\n|-weather|Snow|[upkeep]\n|upkeep\n|turn|14\n|\n|t:|1700580647\n|move|p1a: Grafaiai|Parting Shot|p2a: Scream Tail\n|-unboost|p2a: Scream Tail|atk|1\n|-unboost|p2a: Scream Tail|spa|1\n|\n|t:|1700580655\n|switch|p1a: Gholdengo|Gholdengo, shiny|100\/100|[from] Parting Shot\n|move|p2a: Scream Tail|Wish|p2a: Scream Tail\n|\n|-weather|none\n|upkeep\n|turn|15\n|\n|t:|1700580672\n|-end|p2a: Scream Tail|Protosynthesis|[silent]\n|switch|p2a: Torkoal|Torkoal, M|47\/100\n|-weather|SunnyDay|[from] ability: Drought|[of] p2a: Torkoal\n|move|p1a: Gholdengo|Trick|p2a: Torkoal\n|-activate|p1a: Gholdengo|move: Trick|[of] p2a: Torkoal\n|-item|p2a: Torkoal|Choice Scarf|[from] move: Trick\n|-item|p1a: Gholdengo|Heat Rock|[from] move: Trick\n|\n|-weather|SunnyDay|[upkeep]\n|-heal|p2a: Torkoal|100\/100|[from] move: Wish|[wisher] Scream Tail\n|upkeep\n|turn|16\n|\n|t:|1700580689\n|switch|p1a: Dondozo|Dondozo, M|87\/100 brn\n|move|p2a: Torkoal|Stealth Rock|p1a: Dondozo\n|-sidestart|p1: Hawaia11254|move: Stealth Rock\n|\n|-weather|SunnyDay|[upkeep]\n|-heal|p1a: Dondozo|94\/100 brn|[from] item: Leftovers\n|-damage|p1a: Dondozo|87\/100 brn|[from] brn\n|upkeep\n|turn|17\n|\n|t:|1700580697\n|switch|p2a: Lilligant|Lilligant-Hisui, F|100\/100\n|move|p1a: Dondozo|Yawn|p2a: Lilligant\n|-start|p2a: Lilligant|move: Yawn|[of] p1a: Dondozo\n|\n|-weather|SunnyDay|[upkeep]\n|-heal|p1a: Dondozo|94\/100 brn|[from] item: Leftovers\n|-damage|p1a: Dondozo|87\/100 brn|[from] brn\n|upkeep\n|turn|18\n|\n|t:|1700580711\n|switch|p2a: Walking Wake|Walking Wake|100\/100\n|-activate|p2a: Walking Wake|ability: Protosynthesis\n|-start|p2a: Walking Wake|protosynthesisspa\n|move|p1a: Dondozo|Yawn|p2a: Walking Wake\n|-start|p2a: Walking Wake|move: Yawn|[of] p1a: Dondozo\n|\n|-weather|SunnyDay|[upkeep]\n|-heal|p1a: Dondozo|94\/100 brn|[from] item: Leftovers\n|-damage|p1a: Dondozo|87\/100 brn|[from] brn\n|-sideend|p1: Hawaia11254|move: Aurora Veil\n|upkeep\n|turn|19\n|\n|t:|1700580725\n|-end|p2a: Walking Wake|Protosynthesis|[silent]\n|switch|p2a: Moltres|Moltres|100\/100\n|move|p1a: Dondozo|Yawn|p2a: Moltres\n|-start|p2a: Moltres|move: Yawn|[of] p1a: Dondozo\n|\n|-weather|SunnyDay|[upkeep]\n|-heal|p1a: Dondozo|94\/100 brn|[from] item: Leftovers\n|-damage|p1a: Dondozo|87\/100 brn|[from] brn\n|upkeep\n|turn|20\n|\n|t:|1700580751\n|switch|p1a: Ninetales|Ninetales-Alola, M|89\/100\n|-damage|p1a: Ninetales|65\/100|[from] Stealth Rock\n|-weather|Snow|[from] ability: Snow Warning|[of] p1a: Ninetales\n|move|p2a: Moltres|U-turn|p1a: Ninetales\n|-resisted|p1a: Ninetales\n|-damage|p1a: Ninetales|58\/100\n|\n|t:|1700580761\n|switch|p2a: Torkoal|Torkoal, M|100\/100|[from] U-turn\n|-weather|SunnyDay|[from] ability: Drought|[of] p2a: Torkoal\n|\n|-weather|SunnyDay|[upkeep]\n|upkeep\n|turn|21\n|\n|t:|1700580773\n|switch|p1a: Great Tusk|Great Tusk|100\/100\n|-damage|p1a: Great Tusk|98\/100|[from] Stealth Rock\n|-activate|p1a: Great Tusk|ability: Protosynthesis\n|-start|p1a: Great Tusk|protosynthesisatk\n|move|p2a: Torkoal|Lava Plume|p1a: Great Tusk\n|-damage|p1a: Great Tusk|47\/100\n|\n|-weather|SunnyDay|[upkeep]\n|upkeep\n|turn|22\n|\n|t:|1700580787\n|move|p1a: Great Tusk|Rapid Spin|p2a: Torkoal\n|-damage|p2a: Torkoal|87\/100\n|-boost|p1a: Great Tusk|spe|1\n|-sideend|p1: Hawaia11254|Stealth Rock|[from] move: Rapid Spin|[of] p1a: Great Tusk\n|move|p2a: Torkoal|Lava Plume|p1a: Great Tusk\n|-damage|p1a: Great Tusk|0 fnt\n|faint|p1a: Great Tusk\n|-end|p1a: Great Tusk|Protosynthesis|[silent]\n|\n|-weather|SunnyDay|[upkeep]\n|upkeep\n|inactive|Hawaia11254 has 120 seconds left.\n|\n|t:|1700580804\n|switch|p1a: Grafaiai|Grafaiai, F|100\/100\n|turn|23\n|\n|t:|1700580809\n|move|p1a: Grafaiai|Taunt|p2a: Torkoal\n|-start|p2a: Torkoal|move: Taunt\n|move|p2a: Torkoal|Lava Plume|p1a: Grafaiai\n|-damage|p1a: Grafaiai|70\/100\n|\n|-weather|SunnyDay|[upkeep]\n|upkeep\n|turn|24\n|\n|t:|1700580828\n|switch|p1a: Dondozo|Dondozo, M|87\/100 brn\n|move|p2a: Torkoal|Lava Plume|p1a: Dondozo\n|-resisted|p1a: Dondozo\n|-damage|p1a: Dondozo|71\/100 brn\n|\n|-weather|none\n|-heal|p1a: Dondozo|77\/100 brn|[from] item: Leftovers\n|-damage|p1a: Dondozo|71\/100 brn|[from] brn\n|upkeep\n|turn|25\n|\n|t:|1700580838\n|switch|p2a: Lilligant|Lilligant-Hisui, F|100\/100\n|move|p1a: Dondozo|Yawn|p2a: Lilligant\n|-start|p2a: Lilligant|move: Yawn|[of] p1a: Dondozo\n|\n|-heal|p1a: Dondozo|77\/100 brn|[from] item: Leftovers\n|-damage|p1a: Dondozo|71\/100 brn|[from] brn\n|upkeep\n|turn|26\n|inactive|Hawaia11254 has 120 seconds left.\n|\n|t:|1700580862\n|switch|p2a: Walking Wake|Walking Wake|100\/100\n|switch|p1a: Dragonite|Dragonite, F|100\/100\n|\n|upkeep\n|turn|27\n|\n|t:|1700580874\n|-terastallize|p2a: Walking Wake|Fairy\n|-terastallize|p1a: Dragonite|Normal\n|move|p2a: Walking Wake|Draco Meteor|p1a: Dragonite|[miss]\n|-miss|p2a: Walking Wake|p1a: Dragonite\n|move|p1a: Dragonite|Dragon Dance|p1a: Dragonite\n|-boost|p1a: Dragonite|atk|1\n|-boost|p1a: Dragonite|spe|1\n|\n|upkeep\n|turn|28\n|inactive|Hawaia11254 has 120 seconds left.\n|\n|t:|1700580895\n|-end|p2a: Walking Wake|Protosynthesis|[silent]\n|switch|p2a: Torkoal|Torkoal, M|87\/100\n|-weather|SunnyDay|[from] ability: Drought|[of] p2a: Torkoal\n|move|p1a: Dragonite|Dragon Dance|p1a: Dragonite\n|-boost|p1a: Dragonite|atk|1\n|-boost|p1a: Dragonite|spe|1\n|\n|-weather|SunnyDay|[upkeep]\n|upkeep\n|turn|29\n|inactive|Hawaia11254 has 120 seconds left.\n|\n|t:|1700580914\n|move|p1a: Dragonite|Earthquake|p2a: Torkoal\n|-supereffective|p2a: Torkoal\n|-damage|p2a: Torkoal|24\/100\n|move|p2a: Torkoal|Yawn|p1a: Dragonite\n|-start|p1a: Dragonite|move: Yawn|[of] p2a: Torkoal\n|\n|-weather|SunnyDay|[upkeep]\n|upkeep\n|turn|30\n|\n|t:|1700580930\n|switch|p1a: Dondozo|Dondozo, M|71\/100 brn\n|switch|p2a: Great Tusk|Great Tusk|100\/100\n|-activate|p2a: Great Tusk|ability: Protosynthesis\n|-start|p2a: Great Tusk|protosynthesisatk\n|\n|-weather|SunnyDay|[upkeep]\n|-heal|p1a: Dondozo|77\/100 brn|[from] item: Leftovers\n|-damage|p1a: Dondozo|71\/100 brn|[from] brn\n|upkeep\n|turn|31\n|inactive|Hawaia11254 has 120 seconds left.\n|\n|t:|1700580945\n|-end|p2a: Great Tusk|Protosynthesis|[silent]\n|switch|p2a: Scream Tail|Scream Tail|100\/100\n|-activate|p2a: Scream Tail|ability: Protosynthesis\n|-start|p2a: Scream Tail|protosynthesisspe\n|move|p1a: Dondozo|Yawn|p2a: Scream Tail\n|-start|p2a: Scream Tail|move: Yawn|[of] p1a: Dondozo\n|\n|-weather|SunnyDay|[upkeep]\n|-heal|p1a: Dondozo|77\/100 brn|[from] item: Leftovers\n|-damage|p1a: Dondozo|71\/100 brn|[from] brn\n|upkeep\n|turn|32\n|\n|t:|1700580957\n|-end|p2a: Scream Tail|Protosynthesis|[silent]\n|switch|p2a: Lilligant|Lilligant-Hisui, F|100\/100\n|switch|p1a: Dragonite|Dragonite, F, tera:Normal|100\/100\n|\n|-weather|none\n|upkeep\n|turn|33\n|\n|t:|1700580965\n|move|p2a: Lilligant|Close Combat|p1a: Dragonite\n|-supereffective|p1a: Dragonite\n|-damage|p1a: Dragonite|29\/100\n|-unboost|p2a: Lilligant|def|1\n|-unboost|p2a: Lilligant|spd|1\n|-damage|p2a: Lilligant|91\/100|[from] item: Life Orb\n|move|p1a: Dragonite|Dragon Dance|p1a: Dragonite\n|-boost|p1a: Dragonite|atk|1\n|-boost|p1a: Dragonite|spe|1\n|\n|-heal|p1a: Dragonite|35\/100|[from] item: Leftovers\n|upkeep\n|turn|34\n|inactive|Hawaia11254 has 120 seconds left.\n|\n|t:|1700580980\n|switch|p2a: Moltres|Moltres|100\/100\n|move|p1a: Dragonite|Earthquake|p2a: Moltres\n|-immune|p2a: Moltres\n|\n|-heal|p1a: Dragonite|41\/100|[from] item: Leftovers\n|upkeep\n|turn|35\n|inactive|Hawaia11254 has 120 seconds left.\n|\n|t:|1700580993\n|move|p1a: Dragonite|Extreme Speed|p2a: Moltres\n|-damage|p2a: Moltres|43\/100\n|move|p2a: Moltres|Will-O-Wisp|p1a: Dragonite\n|-status|p1a: Dragonite|brn\n|\n|-heal|p1a: Dragonite|47\/100 brn|[from] item: Leftovers\n|-damage|p1a: Dragonite|41\/100 brn|[from] brn\n|upkeep\n|turn|36\n|inactive|Hawaia11254 has 120 seconds left.\n|\n|t:|1700581009\n|move|p1a: Dragonite|Extreme Speed|p2a: Moltres\n|-damage|p2a: Moltres|19\/100\n|move|p2a: Moltres|Roost|p2a: Moltres\n|-heal|p2a: Moltres|69\/100\n|-singleturn|p2a: Moltres|move: Roost\n|\n|-heal|p1a: Dragonite|47\/100 brn|[from] item: Leftovers\n|-damage|p1a: Dragonite|41\/100 brn|[from] brn\n|upkeep\n|turn|37\n|-message|Hawaia11254 forfeited.\n|\n|win|CalaMarie\n|raw|Hawaia11254's rating: 1113 &rarr; <strong>1088<\/strong><br \/>(-25 for losing)\n|raw|CalaMarie's rating: 1119 &rarr; <strong>1144<\/strong><br \/>(+25 for winning)\n|l|\u2606Hawaia11254\n","uploadtime":1700581044,"views":17,"p1id":"hawaia11254","p2id":"calamarie","formatid":"gen9ou","rating":1088,"private":0,"password":""}