{"id":"gen9ou-1991755768","p1":"Songfossil","p2":"Nateredbeard","format":"[Gen 9] OU","log":"|j|\u2606Songfossil\n|j|\u2606Nateredbeard\n|t:|1700111743\n|gametype|singles\n|player|p1|Songfossil|102|1133\n|player|p2|Nateredbeard|unknown|1075\n|teamsize|p1|6\n|teamsize|p2|6\n|gen|9\n|tier|[Gen 9] OU\n|rated|\n|rule|Sleep Clause Mod: Limit one foe put to sleep\n|rule|Species Clause: Limit one of each Pok\u00e9mon\n|rule|OHKO Clause: OHKO moves are banned\n|rule|Evasion Items Clause: Evasion items are banned\n|rule|Evasion Moves Clause: Evasion moves are banned\n|rule|Endless Battle Clause: Forcing endless battles is banned\n|rule|HP Percentage Mod: HP is shown in percentages\n|clearpoke\n|poke|p1|Sneasler, M|\n|poke|p1|Landorus-Therian, M|\n|poke|p1|Samurott-Hisui, F|\n|poke|p1|Zapdos|\n|poke|p1|Iron Valiant|\n|poke|p1|Salazzle, F|\n|poke|p2|Amoonguss, F|\n|poke|p2|Dragonite, M|\n|poke|p2|Cinderace, F|\n|poke|p2|Corviknight, M|\n|poke|p2|Kingambit, F|\n|poke|p2|Gyarados, M|\n|teampreview\n|inactive|Battle timer is ON: inactive players will automatically lose when time's up. (requested by Songfossil)\n|\n|t:|1700111763\n|start\n|switch|p1a: Salazzle|Salazzle, F|100\/100\n|switch|p2a: Corviknight|Corviknight, M|100\/100\n|turn|1\n|\n|t:|1700111786\n|move|p1a: Salazzle|Toxic|p2a: Corviknight\n|-status|p2a: Corviknight|tox\n|move|p2a: Corviknight|Reflect|p2a: Corviknight\n|-sidestart|p2: Nateredbeard|Reflect\n|\n|-damage|p2a: Corviknight|94\/100 tox|[from] psn\n|upkeep\n|turn|2\n|\n|t:|1700111797\n|move|p1a: Salazzle|Nasty Plot|p1a: Salazzle\n|-boost|p1a: Salazzle|spa|2\n|move|p2a: Corviknight|Light Screen|p2a: Corviknight\n|-sidestart|p2: Nateredbeard|move: Light Screen\n|\n|-damage|p2a: Corviknight|82\/100 tox|[from] psn\n|upkeep\n|turn|3\n|\n|t:|1700111805\n|move|p1a: Salazzle|Nasty Plot|p1a: Salazzle\n|-boost|p1a: Salazzle|spa|2\n|move|p2a: Corviknight|Body Press|p1a: Salazzle\n|-resisted|p1a: Salazzle\n|-damage|p1a: Salazzle|77\/100\n|\n|-damage|p2a: Corviknight|63\/100 tox|[from] psn\n|upkeep\n|turn|4\n|\n|t:|1700111821\n|switch|p2a: Amoonguss|Amoonguss, F|100\/100\n|move|p1a: Salazzle|Overheat|p2a: Amoonguss\n|-supereffective|p2a: Amoonguss\n|-damage|p2a: Amoonguss|0 fnt\n|-unboost|p1a: Salazzle|spa|2\n|faint|p2a: Amoonguss\n|\n|upkeep\n|\n|t:|1700111831\n|switch|p2a: Gyarados|Gyarados, M|100\/100\n|turn|5\n|\n|t:|1700111838\n|move|p1a: Salazzle|Sludge Bomb|p2a: Gyarados\n|-damage|p2a: Gyarados|58\/100\n|move|p2a: Gyarados|Earthquake|p1a: Salazzle\n|-supereffective|p1a: Salazzle\n|-damage|p1a: Salazzle|0 fnt\n|faint|p1a: Salazzle\n|-ability|p2a: Gyarados|Moxie|boost\n|-boost|p2a: Gyarados|atk|1\n|\n|-heal|p2a: Gyarados|64\/100|[from] item: Leftovers\n|-sideend|p2: Nateredbeard|Reflect\n|upkeep\n|\n|t:|1700111843\n|switch|p1a: Landorus|Landorus-Therian, M|100\/100\n|-ability|p1a: Landorus|Intimidate|boost\n|-unboost|p2a: Gyarados|atk|1\n|turn|6\n|\n|t:|1700111859\n|move|p1a: Landorus|U-turn|p2a: Gyarados\n|-resisted|p2a: Gyarados\n|-damage|p2a: Gyarados|45\/100\n|\n|t:|1700111861\n|switch|p1a: Samurott|Samurott-Hisui, F|100\/100|[from] U-turn\n|move|p2a: Gyarados|Scald|p1a: Samurott\n|-resisted|p1a: Samurott\n|-damage|p1a: Samurott|90\/100\n|\n|-heal|p2a: Gyarados|51\/100|[from] item: Leftovers\n|-sideend|p2: Nateredbeard|move: Light Screen\n|upkeep\n|turn|7\n|\n|t:|1700111875\n|move|p2a: Gyarados|Thunderbolt|p1a: Samurott\n|-supereffective|p1a: Samurott\n|-damage|p1a: Samurott|58\/100\n|move|p1a: Samurott|Ceaseless Edge|p2a: Gyarados\n|-damage|p2a: Gyarados|0 fnt\n|-sidestart|p2: Nateredbeard|Spikes\n|faint|p2a: Gyarados\n|\n|upkeep\n|\n|t:|1700111884\n|switch|p2a: Corviknight|Corviknight, M|63\/100 tox\n|turn|8\n|\n|t:|1700111900\n|move|p1a: Samurott|Ceaseless Edge|p2a: Corviknight\n|-damage|p2a: Corviknight|35\/100 tox\n|-sidestart|p2: Nateredbeard|Spikes\n|move|p2a: Corviknight|Body Press|p1a: Samurott\n|-supereffective|p1a: Samurott\n|-damage|p1a: Samurott|0 fnt\n|faint|p1a: Samurott\n|\n|-damage|p2a: Corviknight|29\/100 tox|[from] psn\n|upkeep\n|\n|t:|1700111910\n|switch|p1a: Zapdos|Zapdos|100\/100\n|turn|9\n|\n|t:|1700111917\n|move|p1a: Zapdos|Volt Switch|p2a: Corviknight\n|-supereffective|p2a: Corviknight\n|-damage|p2a: Corviknight|0 fnt\n|faint|p2a: Corviknight\n|\n|t:|1700111924\n|switch|p1a: Sneasler|Sneasler, M|100\/100|[from] Volt Switch\n|\n|upkeep\n|\n|t:|1700111933\n|switch|p2a: Cinderace|Cinderace, F|100\/100\n|turn|10\n|\n|t:|1700111940\n|move|p2a: Cinderace|High Jump Kick|p1a: Sneasler|[miss]\n|-start|p2a: Cinderace|typechange|Fighting|[from] ability: Libero\n|-miss|p2a: Cinderace|p1a: Sneasler\n|-damage|p2a: Cinderace|50\/100|[from] highjumpkick\n|move|p1a: Sneasler|Substitute|p1a: Sneasler\n|-start|p1a: Sneasler|Substitute\n|-damage|p1a: Sneasler|76\/100\n|\n|upkeep\n|turn|11\n|\n|t:|1700111951\n|-singleturn|p1a: Sneasler|move: Focus Punch\n|move|p2a: Cinderace|U-turn|p1a: Sneasler\n|-resisted|p1a: Sneasler\n|-activate|p1a: Sneasler|move: Substitute|[damage]\n|\n|t:|1700111956\n|switch|p2a: Dragonite|Dragonite, M|100\/100|[from] U-turn\n|move|p1a: Sneasler|Focus Punch|p2a: Dragonite\n|-resisted|p2a: Dragonite\n|-damage|p2a: Dragonite|78\/100\n|\n|upkeep\n|turn|12\n|\n|t:|1700111973\n|move|p1a: Sneasler|Dire Claw|p2a: Dragonite\n|-damage|p2a: Dragonite|25\/100\n|move|p2a: Dragonite|Dragon Tail|p1a: Sneasler\n|-end|p1a: Sneasler|Substitute\n|\n|upkeep\n|turn|13\n|\n|t:|1700111981\n|move|p1a: Sneasler|Dire Claw|p2a: Dragonite\n|-damage|p2a: Dragonite|0 fnt\n|faint|p2a: Dragonite\n|\n|upkeep\n|\n|t:|1700111986\n|switch|p2a: Cinderace|Cinderace, F|50\/100\n|turn|14\n|\n|t:|1700111990\n|move|p2a: Cinderace|High Jump Kick|p1a: Sneasler\n|-start|p2a: Cinderace|typechange|Fighting|[from] ability: Libero\n|-resisted|p1a: Sneasler\n|-crit|p1a: Sneasler\n|-damage|p1a: Sneasler|2\/100\n|-enditem|p1a: Sneasler|Sitrus Berry|[eat]\n|-heal|p1a: Sneasler|27\/100|[from] item: Sitrus Berry\n|move|p1a: Sneasler|Dire Claw|p2a: Cinderace\n|-damage|p2a: Cinderace|0 fnt\n|faint|p2a: Cinderace\n|\n|upkeep\n|\n|t:|1700112001\n|switch|p2a: Kingambit|Kingambit, F|100\/100\n|-damage|p2a: Kingambit|84\/100|[from] Spikes\n|-activate|p2a: Kingambit|ability: Supreme Overlord\n|-start|p2a: Kingambit|fallen5|[silent]\n|turn|15\n|\n|t:|1700112012\n|move|p1a: Sneasler|Substitute|p1a: Sneasler\n|-start|p1a: Sneasler|Substitute\n|-damage|p1a: Sneasler|2\/100\n|move|p2a: Kingambit|Iron Head|p1a: Sneasler\n|-end|p1a: Sneasler|Substitute\n|\n|upkeep\n|turn|16\n|\n|t:|1700112020\n|move|p2a: Kingambit|Protect|p2a: Kingambit\n|-singleturn|p2a: Kingambit|Protect\n|move|p1a: Sneasler|Shadow Claw|p2a: Kingambit\n|-activate|p2a: Kingambit|move: Protect\n|\n|upkeep\n|turn|17\n|\n|t:|1700112028\n|move|p1a: Sneasler|Shadow Claw|p2a: Kingambit\n|-resisted|p2a: Kingambit\n|-damage|p2a: Kingambit|74\/100\n|-damage|p1a: Sneasler|0 fnt|[from] item: Rocky Helmet|[of] p2a: Kingambit\n|faint|p1a: Sneasler\n|move|p2a: Kingambit|Iron Head|p1: Sneasler|[notarget]\n|-fail|p2a: Kingambit\n|\n|upkeep\n|\n|t:|1700112031\n|switch|p1a: Landorus|Landorus-Therian, M|100\/100\n|-ability|p1a: Landorus|Intimidate|boost\n|-unboost|p2a: Kingambit|atk|1\n|turn|18\n|\n|t:|1700112048\n|-terastallize|p2a: Kingambit|Fairy\n|move|p1a: Landorus|U-turn|p2a: Kingambit\n|-resisted|p2a: Kingambit\n|-damage|p2a: Kingambit|65\/100\n|-damage|p1a: Landorus|84\/100|[from] item: Rocky Helmet|[of] p2a: Kingambit\n|\n|t:|1700112053\n|switch|p1a: Zapdos|Zapdos|100\/100|[from] U-turn\n|move|p2a: Kingambit|Iron Head|p1a: Zapdos\n|-resisted|p1a: Zapdos\n|-damage|p1a: Zapdos|79\/100\n|-damage|p2a: Kingambit|48\/100|[from] item: Rocky Helmet|[of] p1a: Zapdos\n|\n|upkeep\n|turn|19\n|\n|t:|1700112066\n|-terastallize|p1a: Zapdos|Electric\n|move|p1a: Zapdos|Volt Switch|p2a: Kingambit\n|-damage|p2a: Kingambit|0 fnt\n|faint|p2a: Kingambit\n|-end|p2a: Kingambit|fallen5|[silent]\n|\n|win|Songfossil\n|raw|Songfossil's rating: 1133 &rarr; <strong>1154<\/strong><br \/>(+21 for winning)\n|raw|Nateredbeard's rating: 1075 &rarr; <strong>1057<\/strong><br \/>(-18 for losing)\n|l|\u2606Nateredbeard\n","uploadtime":1700112139,"views":7,"p1id":"songfossil","p2id":"nateredbeard","formatid":"gen9ou","rating":1057,"private":0,"password":""}