{"id":"gen9ou-1995694821","p1":"Hoiiiiiiiiiiiii","p2":"Comett7778","format":"[Gen 9] OU","log":"|j|\u2606Hoiiiiiiiiiiiii\n|j|\u2606Comett7778\n|t:|1700594647\n|gametype|singles\n|player|p1|Hoiiiiiiiiiiiii|caitlin|1169\n|player|p2|Comett7778|hero2-conquest|1174\n|teamsize|p1|6\n|teamsize|p2|6\n|gen|9\n|tier|[Gen 9] OU\n|rated|\n|rule|Sleep Clause Mod: Limit one foe put to sleep\n|rule|Species Clause: Limit one of each Pok\u00e9mon\n|rule|OHKO Clause: OHKO moves are banned\n|rule|Evasion Items Clause: Evasion items are banned\n|rule|Evasion Moves Clause: Evasion moves are banned\n|rule|Endless Battle Clause: Forcing endless battles is banned\n|rule|HP Percentage Mod: HP is shown in percentages\n|clearpoke\n|poke|p1|Mienshao, F|\n|poke|p1|Ogerpon-Wellspring, F|\n|poke|p1|Great Tusk|\n|poke|p1|Ninetales-Alola, M|\n|poke|p1|Sinistcha-Masterpiece|\n|poke|p1|Dragapult, M|\n|poke|p2|Great Tusk|\n|poke|p2|Mandibuzz, F|\n|poke|p2|Milotic, F|\n|poke|p2|Kingambit, F|\n|poke|p2|Iron Moth|\n|poke|p2|Rillaboom, F|\n|teampreview\n|inactive|Battle timer is ON: inactive players will automatically lose when time's up. (requested by Comett7778)\n|\n|t:|1700594664\n|start\n|switch|p1a: Dragapult|Dragapult, M|100\/100\n|switch|p2a: explode?|Iron Moth, shiny|100\/100\n|turn|1\n|\n|t:|1700594669\n|-end|p2a: explode?|Quark Drive|[silent]\n|switch|p2a: Gyarados 2.0|Milotic, F, shiny|100\/100\n|move|p1a: Dragapult|U-turn|p2a: Gyarados 2.0\n|-damage|p2a: Gyarados 2.0|85\/100\n|\n|t:|1700594675\n|switch|p1a: Ogerpon|Ogerpon-Wellspring, F|100\/100|[from] U-turn\n|\n|-status|p2a: Gyarados 2.0|brn|[from] item: Flame Orb\n|upkeep\n|turn|2\n|\n|t:|1700594678\n|move|p1a: Ogerpon|Swords Dance|p1a: Ogerpon\n|-boost|p1a: Ogerpon|atk|2\n|move|p2a: Gyarados 2.0|Ice Beam|p1a: Ogerpon\n|-damage|p1a: Ogerpon|75\/100\n|\n|-damage|p2a: Gyarados 2.0|79\/100 brn|[from] brn\n|upkeep\n|turn|3\n|\n|t:|1700594686\n|switch|p2a: monke.exe.com.gov|Rillaboom, F, shiny|100\/100\n|-fieldstart|move: Grassy Terrain|[from] ability: Grassy Surge|[of] p2a: monke.exe.com.gov\n|move|p1a: Ogerpon|Swords Dance|p1a: Ogerpon\n|-boost|p1a: Ogerpon|atk|2\n|\n|-heal|p1a: Ogerpon|81\/100|[from] Grassy Terrain\n|upkeep\n|turn|4\n|\n|t:|1700594691\n|-terastallize|p2a: monke.exe.com.gov|Grass\n|move|p2a: monke.exe.com.gov|Grassy Glide|p1a: Ogerpon\n|-damage|p1a: Ogerpon|0 fnt\n|faint|p1a: Ogerpon\n|\n|upkeep\n|\n|t:|1700594696\n|switch|p1a: Sinistcha|Sinistcha-Masterpiece|100\/100\n|turn|5\n|\n|t:|1700594700\n|switch|p2a: explode?|Iron Moth, shiny|100\/100\n|move|p1a: Sinistcha|Iron Defense|p1a: Sinistcha\n|-boost|p1a: Sinistcha|def|2\n|\n|upkeep\n|turn|6\n|\n|t:|1700594706\n|move|p2a: explode?|Overheat|p1a: Sinistcha\n|-supereffective|p1a: Sinistcha\n|-damage|p1a: Sinistcha|7\/100\n|-unboost|p2a: explode?|spa|2\n|move|p1a: Sinistcha|Calm Mind|p1a: Sinistcha\n|-boost|p1a: Sinistcha|spa|1\n|-boost|p1a: Sinistcha|spd|1\n|\n|-heal|p1a: Sinistcha|13\/100|[from] Grassy Terrain\n|-heal|p1a: Sinistcha|19\/100|[from] item: Leftovers\n|upkeep\n|turn|7\n|\n|t:|1700594710\n|move|p2a: explode?|Overheat|p1a: Sinistcha\n|-supereffective|p1a: Sinistcha\n|-damage|p1a: Sinistcha|0 fnt\n|-unboost|p2a: explode?|spa|2\n|faint|p1a: Sinistcha\n|\n|-fieldend|move: Grassy Terrain\n|upkeep\n|\n|t:|1700594717\n|switch|p1a: Great Tusk|Great Tusk|100\/100\n|-enditem|p1a: Great Tusk|Booster Energy\n|-activate|p1a: Great Tusk|ability: Protosynthesis|[fromitem]\n|-start|p1a: Great Tusk|protosynthesisatk\n|turn|8\n|\n|t:|1700594720\n|-end|p2a: explode?|Quark Drive|[silent]\n|switch|p2a: Gyarados 2.0|Milotic, F, shiny|79\/100 brn\n|move|p1a: Great Tusk|Rapid Spin|p2a: Gyarados 2.0\n|-damage|p2a: Gyarados 2.0|64\/100 brn\n|-boost|p1a: Great Tusk|spe|1\n|\n|-damage|p2a: Gyarados 2.0|58\/100 brn|[from] brn\n|upkeep\n|turn|9\n|\n|t:|1700594724\n|move|p1a: Great Tusk|Headlong Rush|p2a: Gyarados 2.0\n|-damage|p2a: Gyarados 2.0|5\/100 brn\n|-unboost|p1a: Great Tusk|def|1\n|-unboost|p1a: Great Tusk|spd|1\n|move|p2a: Gyarados 2.0|Scald|p1a: Great Tusk\n|-supereffective|p1a: Great Tusk\n|-damage|p1a: Great Tusk|0 fnt\n|faint|p1a: Great Tusk\n|-end|p1a: Great Tusk|Protosynthesis|[silent]\n|\n|-damage|p2a: Gyarados 2.0|0 fnt|[from] brn\n|faint|p2a: Gyarados 2.0\n|upkeep\n|\n|t:|1700594730\n|switch|p1a: Ninetales|Ninetales-Alola, M, shiny|100\/100\n|switch|p2a: explode?|Iron Moth, shiny|100\/100\n|-weather|Snow|[from] ability: Snow Warning|[of] p1a: Ninetales\n|turn|10\n|\n|t:|1700594734\n|move|p2a: explode?|Overheat|p1a: Ninetales\n|-supereffective|p1a: Ninetales\n|-damage|p1a: Ninetales|0 fnt\n|-unboost|p2a: explode?|spa|2\n|faint|p1a: Ninetales\n|\n|-weather|Snow|[upkeep]\n|upkeep\n|\n|t:|1700594738\n|switch|p1a: Mienshao|Mienshao, F, shiny|100\/100\n|turn|11\n|\n|t:|1700594741\n|move|p2a: explode?|Overheat|p1a: Mienshao\n|-damage|p1a: Mienshao|0 fnt\n|-unboost|p2a: explode?|spa|2\n|faint|p1a: Mienshao\n|\n|-weather|Snow|[upkeep]\n|upkeep\n|\n|t:|1700594743\n|switch|p1a: Dragapult|Dragapult, M|100\/100\n|turn|12\n|\n|t:|1700594746\n|-end|p2a: explode?|Quark Drive|[silent]\n|switch|p2a: Beatrice|Mandibuzz, F|100\/100\n|move|p1a: Dragapult|Shadow Ball|p2a: Beatrice\n|-resisted|p2a: Beatrice\n|-damage|p2a: Beatrice|81\/100\n|\n|-weather|Snow|[upkeep]\n|upkeep\n|turn|13\n|-message|Hoiiiiiiiiiiiii forfeited.\n|\n|win|Comett7778\n|raw|Hoiiiiiiiiiiiii's rating: 1169 &rarr; <strong>1144<\/strong><br \/>(-25 for losing)\n|raw|Comett7778's rating: 1174 &rarr; <strong>1199<\/strong><br \/>(+25 for winning)\n|l|\u2606Hoiiiiiiiiiiiii\n","uploadtime":1700594753,"views":2,"p1id":"hoiiiiiiiiiiiii","p2id":"comett7778","formatid":"gen9ou","rating":1144,"private":0,"password":""}