{"id":"gen9ou-1991777222","p1":"SDK04","p2":"icy tower","format":"[Gen 9] OU","log":"|j|\u2606SDK04\n|j|\u2606icy tower\n|inactive|Battle timer is ON: inactive players will automatically lose when time's up.\n|t:|1700115411\n|gametype|singles\n|player|p1|SDK04|unknown|\n|player|p2|icy tower|swimmer-gen1|\n|teamsize|p1|6\n|teamsize|p2|6\n|gen|9\n|tier|[Gen 9] OU\n|rated|Tournament battle\n|rule|Sleep Clause Mod: Limit one foe put to sleep\n|rule|Species Clause: Limit one of each Pok\u00e9mon\n|rule|OHKO Clause: OHKO moves are banned\n|rule|Evasion Items Clause: Evasion items are banned\n|rule|Evasion Moves Clause: Evasion moves are banned\n|rule|Endless Battle Clause: Forcing endless battles is banned\n|rule|HP Percentage Mod: HP is shown in percentages\n|clearpoke\n|poke|p1|Munkidori, M|\n|poke|p1|Rillaboom, F|\n|poke|p1|Dragonite, M|\n|poke|p1|Wo-Chien|\n|poke|p1|Great Tusk|\n|poke|p1|Muk-Alola, M|\n|poke|p2|Glimmora, F|\n|poke|p2|Samurott-Hisui, M|\n|poke|p2|Rillaboom, F|\n|poke|p2|Dragonite, F|\n|poke|p2|Iron Treads|\n|poke|p2|Hawlucha, F|\n|teampreview\n|j| xendra\n|j| defnotapenguin\n|j| LucyLikePizza\n|j| sheluvsiman\n|\n|t:|1700115423\n|start\n|switch|p1a: Mojo Jojo|Munkidori, M|100\/100\n|switch|p2a: Rillaboom|Rillaboom, F|100\/100\n|-fieldstart|move: Grassy Terrain|[from] ability: Grassy Surge|[of] p2a: Rillaboom\n|turn|1\n|j| iron tusk 69\n|c| iron tusk 69|WO\n|c| iron tusk 69|CHIEN\n|\n|t:|1700115434\n|switch|p2a: Iron Treads|Iron Treads|100\/100\n|-enditem|p2a: Iron Treads|Booster Energy\n|-activate|p2a: Iron Treads|ability: Quark Drive|[fromitem]\n|-start|p2a: Iron Treads|quarkdrivespe\n|move|p1a: Mojo Jojo|U-turn|p2a: Iron Treads\n|-resisted|p2a: Iron Treads\n|-damage|p2a: Iron Treads|95\/100\n|c| defnotapenguin|this team really cool ngl\n|c| xendra|Live wochien reaction\n|\n|t:|1700115440\n|switch|p1a: Autumn|Wo-Chien|100\/100|[from] U-turn\n|-ability|p1a: Autumn|Tablets of Ruin\n|\n|-heal|p2a: Iron Treads|100\/100|[from] Grassy Terrain\n|upkeep\n|turn|2\n|\n|t:|1700115444\n|move|p2a: Iron Treads|Megahorn|p1a: Autumn\n|-supereffective|p1a: Autumn\n|-damage|p1a: Autumn|23\/100\n|move|p1a: Autumn|Leaf Storm|p2a: Iron Treads\n|-damage|p2a: Iron Treads|0 fnt\n|-unboost|p1a: Autumn|spa|2\n|faint|p2a: Iron Treads\n|-end|p2a: Iron Treads|Quark Drive|[silent]\n|\n|-heal|p1a: Autumn|29\/100|[from] Grassy Terrain\n|upkeep\n|\n|t:|1700115450\n|switch|p2a: Rillaboom|Rillaboom, F|100\/100\n|turn|3\n|c|\u2606icy tower|weird\n|\n|t:|1700115453\n|move|p2a: Rillaboom|U-turn|p1a: Autumn\n|-supereffective|p1a: Autumn\n|-damage|p1a: Autumn|0 fnt\n|faint|p1a: Autumn\n|c| iron tusk 69|holy\n|\n|t:|1700115456\n|switch|p2a: Samurott|Samurott-Hisui, M|100\/100|[from] U-turn\n|\n|upkeep\n|\n|t:|1700115460\n|switch|p1a: Nature\u2019s Nuke|Rillaboom, F, shiny|100\/100\n|turn|4\n|\n|t:|1700115463\n|switch|p2a: Dragonite|Dragonite, F|100\/100\n|move|p1a: Nature\u2019s Nuke|Knock Off|p2a: Dragonite\n|-damage|p2a: Dragonite|87\/100\n|-enditem|p2a: Dragonite|Leftovers|[from] move: Knock Off|[of] p1a: Nature\u2019s Nuke\n|\n|upkeep\n|turn|5\n|c| iron tusk 69|holy 4x bug weakness lmao\n|c| xendra|What are they cooking\n|\n|t:|1700115469\n|switch|p1a: Donphan-Therian|Great Tusk|100\/100\n|move|p2a: Dragonite|Fire Punch|p1a: Donphan-Therian\n|-damage|p1a: Donphan-Therian|88\/100\n|-damage|p2a: Dragonite|70\/100|[from] item: Rocky Helmet|[of] p1a: Donphan-Therian\n|\n|-heal|p1a: Donphan-Therian|94\/100|[from] Grassy Terrain\n|-fieldend|move: Grassy Terrain\n|upkeep\n|turn|6\n|c| LucyLikePizza|I shouldn\u2019t have changed teams against you you have no flying resist I just realized lmao\n|\n|t:|1700115473\n|switch|p2a: Rillaboom|Rillaboom, F|100\/100\n|-fieldstart|move: Grassy Terrain|[from] ability: Grassy Surge|[of] p2a: Rillaboom\n|move|p1a: Donphan-Therian|Ice Spinner|p2a: Rillaboom\n|-supereffective|p2a: Rillaboom\n|-damage|p2a: Rillaboom|58\/100\n|-fieldend|move: Grassy Terrain\n|\n|upkeep\n|turn|7\n|\n|t:|1700115483\n|move|p2a: Rillaboom|Wood Hammer|p1a: Donphan-Therian\n|-supereffective|p1a: Donphan-Therian\n|-damage|p1a: Donphan-Therian|0 fnt\n|-damage|p2a: Rillaboom|41\/100|[from] item: Rocky Helmet|[of] p1a: Donphan-Therian\n|faint|p1a: Donphan-Therian\n|-end|p1a: Donphan-Therian|Protosynthesis|[silent]\n|-damage|p2a: Rillaboom|7\/100|[from] Recoil\n|\n|upkeep\n|\n|t:|1700115487\n|switch|p1a: Mojo Jojo|Munkidori, M|100\/100\n|turn|8\n|\n|t:|1700115493\n|switch|p2a: Samurott|Samurott-Hisui, M|100\/100\n|move|p1a: Mojo Jojo|U-turn|p2a: Samurott\n|-supereffective|p2a: Samurott\n|-damage|p2a: Samurott|71\/100\n|\n|t:|1700115497\n|switch|p1a: Nature\u2019s Nuke|Rillaboom, F, shiny|100\/100|[from] U-turn\n|-fieldstart|move: Grassy Terrain|[from] ability: Grassy Surge|[of] p1a: Nature\u2019s Nuke\n|\n|-heal|p2a: Samurott|77\/100|[from] Grassy Terrain\n|upkeep\n|turn|9\n|\n|t:|1700115504\n|switch|p2a: Rillaboom|Rillaboom, F|7\/100\n|move|p1a: Nature\u2019s Nuke|Grassy Glide|p2a: Rillaboom\n|-resisted|p2a: Rillaboom\n|-damage|p2a: Rillaboom|0 fnt\n|faint|p2a: Rillaboom\n|\n|upkeep\n|\n|t:|1700115507\n|switch|p2a: Hawlucha|Hawlucha, F|100\/100\n|-enditem|p2a: Hawlucha|Grassy Seed\n|-boost|p2a: Hawlucha|def|1|[from] item: Grassy Seed\n|turn|10\n|\n|t:|1700115510\n|switch|p1a: Mojo Jojo|Munkidori, M|100\/100\n|move|p2a: Hawlucha|Acrobatics|p1a: Mojo Jojo\n|-damage|p1a: Mojo Jojo|28\/100\n|\n|-heal|p1a: Mojo Jojo|34\/100|[from] Grassy Terrain\n|upkeep\n|turn|11\n|\n|t:|1700115518\n|switch|p1a: Certified Eater|Muk-Alola, M|100\/100\n|move|p2a: Hawlucha|Acrobatics|p1a: Certified Eater\n|-damage|p1a: Certified Eater|49\/100\n|\n|-heal|p1a: Certified Eater|55\/100|[from] Grassy Terrain\n|-heal|p1a: Certified Eater|62\/100|[from] item: Black Sludge\n|upkeep\n|turn|12\n|j| s.njs\n|\n|t:|1700115522\n|move|p1a: Certified Eater|Protect|p1a: Certified Eater\n|-singleturn|p1a: Certified Eater|Protect\n|move|p2a: Hawlucha|Swords Dance|p2a: Hawlucha\n|-boost|p2a: Hawlucha|atk|2\n|\n|-heal|p1a: Certified Eater|68\/100|[from] Grassy Terrain\n|-heal|p1a: Certified Eater|74\/100|[from] item: Black Sludge\n|-fieldend|move: Grassy Terrain\n|upkeep\n|turn|13\n|\n|t:|1700115525\n|move|p2a: Hawlucha|Acrobatics|p1a: Certified Eater\n|-damage|p1a: Certified Eater|0 fnt\n|faint|p1a: Certified Eater\n|\n|upkeep\n|\n|t:|1700115527\n|switch|p1a: Navigator|Dragonite, M|100\/100\n|turn|14\n|\n|t:|1700115530\n|-terastallize|p1a: Navigator|Normal\n|move|p1a: Navigator|Extreme Speed|p2a: Hawlucha\n|-damage|p2a: Hawlucha|35\/100\n|move|p2a: Hawlucha|Acrobatics|p1a: Navigator\n|-damage|p1a: Navigator|51\/100\n|\n|upkeep\n|turn|15\n|c| defnotapenguin|why munkidori tho\n|c| LucyLikePizza|Uh oh\n|\n|t:|1700115536\n|move|p1a: Navigator|Extreme Speed|p2a: Hawlucha\n|-damage|p2a: Hawlucha|0 fnt\n|faint|p2a: Hawlucha\n|\n|upkeep\n|\n|t:|1700115539\n|switch|p2a: Glimmora|Glimmora, F|100\/100\n|turn|16\n|\n|t:|1700115544\n|switch|p1a: Mojo Jojo|Munkidori, M|34\/100\n|move|p2a: Glimmora|Sludge Bomb|p1a: Mojo Jojo\n|-resisted|p1a: Mojo Jojo\n|-damage|p1a: Mojo Jojo|8\/100\n|\n|upkeep\n|turn|17\n|\n|t:|1700115549\n|switch|p2a: Samurott|Samurott-Hisui, M|77\/100\n|move|p1a: Mojo Jojo|Focus Blast|p2a: Samurott|[miss]\n|-miss|p1a: Mojo Jojo|p2a: Samurott\n|\n|upkeep\n|turn|18\n|\n|t:|1700115555\n|move|p1a: Mojo Jojo|Focus Blast|p2a: Samurott|[miss]\n|-miss|p1a: Mojo Jojo|p2a: Samurott\n|move|p2a: Samurott|Ceaseless Edge|p1a: Mojo Jojo\n|-supereffective|p1a: Mojo Jojo\n|-crit|p1a: Mojo Jojo\n|-damage|p1a: Mojo Jojo|0 fnt\n|-sidestart|p1: SDK04|Spikes\n|faint|p1a: Mojo Jojo\n|\n|upkeep\n|\n|t:|1700115557\n|switch|p1a: Nature\u2019s Nuke|Rillaboom, F, shiny|100\/100\n|-fieldstart|move: Grassy Terrain|[from] ability: Grassy Surge|[of] p1a: Nature\u2019s Nuke\n|turn|19\n|\n|t:|1700115559\n|move|p2a: Samurott|Ceaseless Edge|p1a: Nature\u2019s Nuke|[miss]\n|-miss|p2a: Samurott|p1a: Nature\u2019s Nuke\n|move|p1a: Nature\u2019s Nuke|Swords Dance|p1a: Nature\u2019s Nuke\n|-boost|p1a: Nature\u2019s Nuke|atk|2\n|\n|-heal|p2a: Samurott|83\/100|[from] Grassy Terrain\n|upkeep\n|turn|20\n|c| LucyLikePizza|Lmao\n|c| defnotapenguin|damn\n|\n|t:|1700115562\n|move|p1a: Nature\u2019s Nuke|Grassy Glide|p2a: Samurott\n|-supereffective|p2a: Samurott\n|-damage|p2a: Samurott|0 fnt\n|faint|p2a: Samurott\n|\n|upkeep\n|\n|t:|1700115563\n|switch|p2a: Dragonite|Dragonite, F|70\/100\n|turn|21\n|\n|t:|1700115568\n|move|p1a: Nature\u2019s Nuke|Knock Off|p2a: Dragonite\n|-damage|p2a: Dragonite|32\/100\n|move|p2a: Dragonite|Encore|p1a: Nature\u2019s Nuke\n|-start|p1a: Nature\u2019s Nuke|Encore\n|\n|upkeep\n|turn|22\n|c| defnotapenguin|oh that would be annoying\n|\n|t:|1700115574\n|move|p1a: Nature\u2019s Nuke|Knock Off|p2a: Dragonite\n|-damage|p2a: Dragonite|0 fnt\n|faint|p2a: Dragonite\n|\n|upkeep\n|\n|t:|1700115575\n|switch|p2a: Glimmora|Glimmora, F|100\/100\n|turn|23\n|c| defnotapenguin|oh that would be annoying too\n|\n|t:|1700115578\n|move|p2a: Glimmora|Sludge Bomb|p1a: Nature\u2019s Nuke\n|-supereffective|p1a: Nature\u2019s Nuke\n|-damage|p1a: Nature\u2019s Nuke|0 fnt\n|faint|p1a: Nature\u2019s Nuke\n|\n|-fieldend|move: Grassy Terrain\n|upkeep\n|\n|t:|1700115580\n|switch|p1a: Navigator|Dragonite, M, tera:Normal|51\/100\n|-damage|p1a: Navigator|38\/100|[from] Spikes\n|turn|24\n|\n|t:|1700115583\n|move|p2a: Glimmora|Sludge Bomb|p1a: Navigator\n|-damage|p1a: Navigator|0 fnt\n|faint|p1a: Navigator\n|\n|win|icy tower\n|n|\u2606SDK04|sdk04\n|n|\u2606icy tower|icytower\n|n| xendra|xendra\n|n| defnotapenguin|defnotapenguin\n|n| LucyLikePizza|lucylikepizza\n|n| sheluvsiman|sheluvsiman\n|n| iron tusk 69|irontusk69\n|n| s.njs|snjs\n|c|\u2606icy tower|gg\n|c|\u2606SDK04|gg\n|c|\u2606SDK04|wp\n","uploadtime":1700115584,"views":8,"p1id":"sdk04","p2id":"icytower","formatid":"gen9ou","rating":0,"private":0,"password":""}