{"id":"gen9ou-1998217733","p1":"endersOverlord","p2":"gigaiDX","format":"[Gen 9] OU","log":"|j|\u2606endersOverlord\n|j|\u2606gigaiDX\n|t:|1700914557\n|gametype|singles\n|player|p1|endersOverlord|colress|\n|player|p2|gigaiDX|clerk|\n|teamsize|p1|6\n|teamsize|p2|6\n|gen|9\n|tier|[Gen 9] OU\n|rule|Sleep Clause Mod: Limit one foe put to sleep\n|rule|Species Clause: Limit one of each Pok\u00e9mon\n|rule|OHKO Clause: OHKO moves are banned\n|rule|Evasion Items Clause: Evasion items are banned\n|rule|Evasion Moves Clause: Evasion moves are banned\n|rule|Endless Battle Clause: Forcing endless battles is banned\n|rule|HP Percentage Mod: HP is shown in percentages\n|clearpoke\n|poke|p1|Rotom-Wash|\n|poke|p1|Tinkaton, F|\n|poke|p1|Iron Hands|\n|poke|p1|Hydreigon, F|\n|poke|p1|Iron Moth|\n|poke|p1|Ogerpon, F|\n|poke|p2|Blissey, F|\n|poke|p2|Maushold-Four|\n|poke|p2|Cyclizar, F|\n|poke|p2|Ditto|\n|poke|p2|Zoroark-Hisui, F|\n|poke|p2|Ursaluna, M|\n|teampreview\n|\n|t:|1700914572\n|start\n|switch|p1a: Cal-Gone|Rotom-Wash, shiny|100\/100\n|switch|p2a: Blissey|Blissey, F|100\/100\n|turn|1\n|\n|t:|1700914581\n|move|p2a: Blissey|Stealth Rock|p1a: Cal-Gone\n|-sidestart|p1: endersOverlord|move: Stealth Rock\n|move|p1a: Cal-Gone|Electric Terrain|p1a: Cal-Gone\n|-fieldstart|move: Electric Terrain\n|\n|upkeep\n|turn|2\n|\n|t:|1700914591\n|switch|p2a: Ursaluna|Ursaluna, M|100\/100\n|move|p1a: Cal-Gone|Volt Switch|p2a: Ursaluna\n|-immune|p2a: Ursaluna\n|\n|-status|p2a: Ursaluna|brn|[from] item: Flame Orb\n|upkeep\n|turn|3\n|\n|t:|1700914600\n|move|p1a: Cal-Gone|Hydro Pump|p2a: Ursaluna\n|-supereffective|p2a: Ursaluna\n|-damage|p2a: Ursaluna|28\/100 brn\n|move|p2a: Ursaluna|Facade|p1a: Cal-Gone\n|-damage|p1a: Cal-Gone|4\/100\n|\n|-damage|p2a: Ursaluna|22\/100 brn|[from] brn\n|upkeep\n|turn|4\n|\n|t:|1700914619\n|switch|p2a: Blissey|Blissey, F|100\/100\n|move|p1a: Cal-Gone|Hydro Pump|p2a: Blissey\n|-damage|p2a: Blissey|88\/100\n|\n|upkeep\n|turn|5\n|\n|t:|1700914627\n|switch|p1a: Mr. Electric|Iron Hands, shiny|100\/100\n|-damage|p1a: Mr. Electric|94\/100|[from] Stealth Rock\n|-activate|p1a: Mr. Electric|ability: Quark Drive\n|-start|p1a: Mr. Electric|quarkdrivedef\n|move|p2a: Blissey|Seismic Toss|p1a: Mr. Electric\n|-damage|p1a: Mr. Electric|75\/100\n|\n|-heal|p1a: Mr. Electric|81\/100|[from] item: Leftovers\n|upkeep\n|turn|6\n|\n|t:|1700914648\n|move|p2a: Blissey|Seismic Toss|p1a: Mr. Electric\n|-damage|p1a: Mr. Electric|61\/100\n|move|p1a: Mr. Electric|Drain Punch|p2a: Blissey\n|-supereffective|p2a: Blissey\n|-damage|p2a: Blissey|16\/100\n|-heal|p1a: Mr. Electric|100\/100|[from] drain|[of] p2a: Blissey\n|\n|upkeep\n|turn|7\n|\n|t:|1700914660\n|move|p2a: Blissey|Seismic Toss|p1a: Mr. Electric\n|-damage|p1a: Mr. Electric|81\/100\n|move|p1a: Mr. Electric|Ice Punch|p2a: Blissey\n|-damage|p2a: Blissey|0 fnt\n|faint|p2a: Blissey\n|\n|-heal|p1a: Mr. Electric|87\/100|[from] item: Leftovers\n|upkeep\n|\n|t:|1700914685\n|switch|p2a: Maushold|Maushold-Four, shiny|100\/100\n|turn|8\n|\n|t:|1700914706\n|move|p2a: Maushold|Grass Knot|p1a: Mr. Electric\n|-damage|p1a: Mr. Electric|29\/100\n|move|p1a: Mr. Electric|Drain Punch|p2a: Maushold\n|-immune|p2a: Maushold\n|\n|-heal|p1a: Mr. Electric|35\/100|[from] item: Leftovers\n|-fieldend|move: Electric Terrain\n|-end|p1a: Mr. Electric|Quark Drive\n|upkeep\n|turn|9\n|\n|t:|1700914729\n|-end|p1a: Mr. Electric|Quark Drive|[silent]\n|switch|p1a: Harmonia|Hydreigon, F|100\/100\n|-damage|p1a: Harmonia|88\/100|[from] Stealth Rock\n|move|p2a: Maushold|Grass Knot|p1a: Harmonia\n|-resisted|p1a: Harmonia\n|-damage|p1a: Harmonia|61\/100\n|\n|upkeep\n|turn|10\n|\n|t:|1700914740\n|switch|p2a: Cyclizar|Cyclizar, F|100\/100\n|move|p1a: Harmonia|Dark Pulse|p2a: Cyclizar\n|-damage|p2a: Cyclizar|29\/100\n|-damage|p1a: Harmonia|51\/100|[from] item: Life Orb\n|\n|upkeep\n|turn|11\n|\n|t:|1700914755\n|move|p2a: Cyclizar|Knock Off|p1a: Harmonia\n|-resisted|p1a: Harmonia\n|-damage|p1a: Harmonia|40\/100\n|-enditem|p1a: Harmonia|Life Orb|[from] move: Knock Off|[of] p2a: Cyclizar\n|move|p1a: Harmonia|Nasty Plot|p1a: Harmonia\n|-boost|p1a: Harmonia|spa|2\n|\n|upkeep\n|turn|12\n|\n|t:|1700914769\n|move|p2a: Cyclizar|Rapid Spin|p1a: Harmonia\n|-damage|p1a: Harmonia|22\/100\n|-boost|p2a: Cyclizar|spe|1\n|move|p1a: Harmonia|Dark Pulse|p2a: Cyclizar\n|-damage|p2a: Cyclizar|0 fnt\n|faint|p2a: Cyclizar\n|\n|upkeep\n|\n|t:|1700914783\n|switch|p2a: Ursaluna|Ursaluna, M|22\/100 brn\n|turn|13\n|\n|t:|1700914790\n|move|p1a: Harmonia|Draco Meteor|p2a: Ursaluna\n|-damage|p2a: Ursaluna|0 fnt\n|-unboost|p1a: Harmonia|spa|2\n|faint|p2a: Ursaluna\n|\n|upkeep\n|\n|t:|1700914797\n|switch|p2a: Ditto|Ditto|100\/100\n|-transform|p2a: Ditto|p1a: Harmonia|[from] ability: Imposter\n|turn|14\n|\n|t:|1700914802\n|move|p2a: Ditto|Draco Meteor|p1a: Harmonia\n|-supereffective|p1a: Harmonia\n|-damage|p1a: Harmonia|0 fnt\n|-unboost|p2a: Ditto|spa|2\n|faint|p1a: Harmonia\n|\n|upkeep\n|\n|t:|1700914810\n|switch|p1a: Doubletap|Tinkaton, F|100\/100\n|-damage|p1a: Doubletap|94\/100|[from] Stealth Rock\n|-ability|p1a: Doubletap|Mold Breaker\n|turn|15\n|\n|t:|1700914829\n|-terastallize|p2a: Ditto|Fairy\n|move|p2a: Ditto|Draco Meteor|p1a: Doubletap\n|-immune|p1a: Doubletap\n|move|p1a: Doubletap|Thunder Wave|p2a: Ditto\n|-status|p2a: Ditto|par\n|\n|-heal|p1a: Doubletap|100\/100|[from] item: Leftovers\n|upkeep\n|turn|16\n|\n|t:|1700914840\n|switch|p2a: Maushold|Maushold-Four, shiny|100\/100\n|move|p1a: Doubletap|Gigaton Hammer|p2a: Maushold\n|-damage|p2a: Maushold|14\/100\n|replace|p2a: Zoroark|Zoroark-Hisui, F\n|-end|p2a: Zoroark|Illusion\n|\n|upkeep\n|turn|17\n|\n|t:|1700914851\n|move|p2a: Zoroark|Flamethrower|p1a: Doubletap\n|-supereffective|p1a: Doubletap\n|-damage|p1a: Doubletap|43\/100\n|move|p1a: Doubletap|Knock Off|p2a: Zoroark\n|-supereffective|p2a: Zoroark\n|-damage|p2a: Zoroark|0 fnt\n|-enditem|p2a: Zoroark|Choice Specs|[from] move: Knock Off|[of] p1a: Doubletap\n|faint|p2a: Zoroark\n|\n|-heal|p1a: Doubletap|49\/100|[from] item: Leftovers\n|upkeep\n|\n|t:|1700914862\n|switch|p2a: Ditto|Ditto, tera:Fairy|100\/100 par\n|-transform|p2a: Ditto|p1a: Doubletap|[from] ability: Imposter\n|-ability|p2a: Ditto|Mold Breaker\n|turn|18\n|\n|t:|1700914873\n|move|p1a: Doubletap|Gigaton Hammer|p2a: Ditto\n|-supereffective|p2a: Ditto\n|-damage|p2a: Ditto|0 fnt\n|faint|p2a: Ditto\n|\n|-heal|p1a: Doubletap|55\/100|[from] item: Leftovers\n|upkeep\n|\n|t:|1700914878\n|switch|p2a: Maushold|Maushold-Four, shiny|100\/100\n|turn|19\n|\n|t:|1700914885\n|-terastallize|p1a: Doubletap|Ghost\n|move|p2a: Maushold|Population Bomb|p1a: Doubletap\n|-immune|p1a: Doubletap\n|move|p1a: Doubletap|Thunder Wave|p2a: Maushold\n|-status|p2a: Maushold|par\n|\n|-heal|p1a: Doubletap|61\/100|[from] item: Leftovers\n|upkeep\n|turn|20\n|\n|t:|1700914896\n|move|p1a: Doubletap|Knock Off|p2a: Maushold\n|-crit|p2a: Maushold\n|-damage|p2a: Maushold|60\/100 par\n|-enditem|p2a: Maushold|Wide Lens|[from] move: Knock Off|[of] p1a: Doubletap\n|move|p2a: Maushold|Crunch|p1a: Doubletap\n|-supereffective|p1a: Doubletap\n|-damage|p1a: Doubletap|18\/100\n|\n|-heal|p1a: Doubletap|24\/100|[from] item: Leftovers\n|upkeep\n|turn|21\n|\n|t:|1700914905\n|move|p1a: Doubletap|Play Rough|p2a: Maushold\n|-damage|p2a: Maushold|20\/100 par\n|move|p2a: Maushold|Crunch|p1a: Doubletap\n|-supereffective|p1a: Doubletap\n|-damage|p1a: Doubletap|0 fnt\n|faint|p1a: Doubletap\n|\n|upkeep\n|\n|t:|1700914913\n|switch|p1a: Smashy|Ogerpon, F|100\/100\n|-damage|p1a: Smashy|88\/100|[from] Stealth Rock\n|turn|22\n|\n|t:|1700914919\n|move|p1a: Smashy|Low Kick|p2a: Maushold\n|-supereffective|p2a: Maushold\n|-damage|p2a: Maushold|0 fnt\n|faint|p2a: Maushold\n|\n|win|endersOverlord\n","uploadtime":1700914936,"views":2,"p1id":"endersoverlord","p2id":"gigaidx","formatid":"gen9ou","rating":0,"private":0,"password":""}