{"id":"gen9ou-1991610002","p1":"vyuiowe","p2":"02xygen_","format":"[Gen 9] OU","log":"|j|\u2606vyuiowe\n|j|\u260602xygen_\n|t:|1700093898\n|gametype|singles\n|player|p1|vyuiowe|pokemonranger-gen4|1615\n|player|p2|02xygen_|265|1715\n|teamsize|p1|6\n|teamsize|p2|6\n|gen|9\n|tier|[Gen 9] OU\n|rated|\n|rule|Sleep Clause Mod: Limit one foe put to sleep\n|rule|Species Clause: Limit one of each Pok\u00e9mon\n|rule|OHKO Clause: OHKO moves are banned\n|rule|Evasion Items Clause: Evasion items are banned\n|rule|Evasion Moves Clause: Evasion moves are banned\n|rule|Endless Battle Clause: Forcing endless battles is banned\n|rule|HP Percentage Mod: HP is shown in percentages\n|clearpoke\n|poke|p1|Dondozo, F|\n|poke|p1|Clefable, M|\n|poke|p1|Dragapult, F|\n|poke|p1|Skeledirge, M|\n|poke|p1|Meowscarada, F|\n|poke|p1|Zapdos|\n|poke|p2|Ting-Lu|\n|poke|p2|Slowking-Galar, F|\n|poke|p2|Mandibuzz, F|\n|poke|p2|Dragapult, F|\n|poke|p2|Dondozo, F|\n|poke|p2|Kingambit, M|\n|teampreview\n|\n|t:|1700093911\n|start\n|switch|p1a: Clefable|Clefable, M|100\/100\n|switch|p2a: Ting-Lu|Ting-Lu|100\/100\n|-ability|p2a: Ting-Lu|Vessel of Ruin\n|turn|1\n|\n|t:|1700093916\n|switch|p2a: Slowking|Slowking-Galar, F|100\/100\n|move|p1a: Clefable|Knock Off|p2a: Slowking\n|-supereffective|p2a: Slowking\n|-damage|p2a: Slowking|78\/100\n|-enditem|p2a: Slowking|Heavy-Duty Boots|[from] move: Knock Off|[of] p1a: Clefable\n|\n|upkeep\n|turn|2\n|\n|t:|1700093922\n|move|p1a: Clefable|Stealth Rock|p2a: Slowking\n|-sidestart|p2: 02xygen_|move: Stealth Rock\n|move|p2a: Slowking|Sludge Bomb|p1a: Clefable\n|-supereffective|p1a: Clefable\n|-damage|p1a: Clefable|40\/100\n|\n|-heal|p1a: Clefable|46\/100|[from] item: Leftovers\n|upkeep\n|turn|3\n|\n|t:|1700093931\n|switch|p1a: Dondozo|Dondozo, F|100\/100\n|move|p2a: Slowking|Sludge Bomb|p1a: Dondozo\n|-damage|p1a: Dondozo|78\/100\n|\n|upkeep\n|turn|4\n|\n|t:|1700093940\n|switch|p1a: Zapdos|Zapdos|100\/100\n|move|p2a: Slowking|Future Sight|p1a: Zapdos\n|-start|p2a: Slowking|move: Future Sight\n|\n|upkeep\n|turn|5\n|\n|t:|1700093943\n|move|p1a: Zapdos|Thunder Wave|p2a: Slowking\n|-status|p2a: Slowking|par\n|move|p2a: Slowking|Sludge Bomb|p1a: Zapdos\n|-damage|p1a: Zapdos|67\/100\n|\n|upkeep\n|turn|6\n|\n|t:|1700093950\n|move|p1a: Zapdos|Volt Switch|p2a: Slowking\n|-damage|p2a: Slowking|56\/100 par\n|\n|t:|1700093956\n|switch|p1a: Dondozo|Dondozo, F|78\/100|[from] Volt Switch\n|move|p2a: Slowking|Sludge Bomb|p1a: Dondozo\n|-damage|p1a: Dondozo|55\/100\n|\n|-end|p1a: Dondozo|move: Future Sight\n|-damage|p1a: Dondozo|25\/100\n|upkeep\n|turn|7\n|\n|t:|1700093962\n|move|p1a: Dondozo|Rest|p1a: Dondozo\n|-status|p1a: Dondozo|slp|[from] move: Rest\n|-heal|p1a: Dondozo|100\/100 slp|[silent]\n|move|p2a: Slowking|Future Sight|p1a: Dondozo\n|-start|p2a: Slowking|move: Future Sight\n|\n|upkeep\n|turn|8\n|\n|t:|1700093970\n|switch|p1a: Meowscarada|Meowscarada, F|100\/100\n|move|p2a: Slowking|Sludge Bomb|p1a: Meowscarada\n|-supereffective|p1a: Meowscarada\n|-damage|p1a: Meowscarada|0 fnt\n|faint|p1a: Meowscarada\n|\n|upkeep\n|\n|t:|1700093973\n|switch|p1a: Dragapult|Dragapult, F|100\/100\n|turn|9\n|\n|t:|1700093976\n|switch|p2a: Ting-Lu|Ting-Lu|100\/100\n|-damage|p2a: Ting-Lu|94\/100|[from] Stealth Rock\n|-ability|p2a: Ting-Lu|Vessel of Ruin\n|move|p1a: Dragapult|Will-O-Wisp|p2a: Ting-Lu\n|-status|p2a: Ting-Lu|brn\n|\n|-end|p1a: Dragapult|move: Future Sight\n|-damage|p1a: Dragapult|52\/100\n|-heal|p2a: Ting-Lu|100\/100 brn|[from] item: Leftovers\n|-damage|p2a: Ting-Lu|94\/100 brn|[from] brn\n|upkeep\n|turn|10\n|\n|t:|1700093982\n|move|p1a: Dragapult|U-turn|p2a: Ting-Lu\n|-supereffective|p2a: Ting-Lu\n|-damage|p2a: Ting-Lu|73\/100 brn\n|\n|t:|1700093985\n|switch|p1a: Clefable|Clefable, M|46\/100|[from] U-turn\n|move|p2a: Ting-Lu|Stealth Rock|p1a: Clefable\n|-sidestart|p1: vyuiowe|move: Stealth Rock\n|\n|-heal|p1a: Clefable|52\/100|[from] item: Leftovers\n|-heal|p2a: Ting-Lu|79\/100 brn|[from] item: Leftovers\n|-damage|p2a: Ting-Lu|73\/100 brn|[from] brn\n|upkeep\n|turn|11\n|\n|t:|1700093992\n|switch|p2a: Slowking|Slowking-Galar, F|89\/100 par\n|-damage|p2a: Slowking|77\/100 par|[from] Stealth Rock\n|move|p1a: Clefable|Moonlight|p1a: Clefable\n|-heal|p1a: Clefable|100\/100\n|\n|upkeep\n|turn|12\n|\n|t:|1700093997\n|switch|p1a: Dragapult|Dragapult, F|52\/100\n|move|p2a: Slowking|Future Sight|p1a: Dragapult\n|-start|p2a: Slowking|move: Future Sight\n|\n|upkeep\n|turn|13\n|\n|t:|1700094001\n|switch|p2a: Ting-Lu|Ting-Lu|73\/100 brn\n|-damage|p2a: Ting-Lu|67\/100 brn|[from] Stealth Rock\n|-ability|p2a: Ting-Lu|Vessel of Ruin\n|move|p1a: Dragapult|Hex|p2a: Ting-Lu\n|-resisted|p2a: Ting-Lu\n|-damage|p2a: Ting-Lu|55\/100 brn\n|\n|-heal|p2a: Ting-Lu|61\/100 brn|[from] item: Leftovers\n|-damage|p2a: Ting-Lu|55\/100 brn|[from] brn\n|upkeep\n|turn|14\n|\n|t:|1700094009\n|move|p1a: Dragapult|U-turn|p2a: Ting-Lu\n|-supereffective|p2a: Ting-Lu\n|-damage|p2a: Ting-Lu|29\/100 brn\n|\n|t:|1700094010\n|switch|p1a: Clefable|Clefable, M|100\/100|[from] U-turn\n|move|p2a: Ting-Lu|Ruination|p1a: Clefable\n|-damage|p1a: Clefable|50\/100\n|\n|-end|p1a: Clefable|move: Future Sight\n|-damage|p1a: Clefable|20\/100\n|-heal|p1a: Clefable|26\/100|[from] item: Leftovers\n|-heal|p2a: Ting-Lu|35\/100 brn|[from] item: Leftovers\n|-damage|p2a: Ting-Lu|29\/100 brn|[from] brn\n|upkeep\n|turn|15\n|\n|t:|1700094024\n|switch|p2a: Slowking|Slowking-Galar, F|100\/100 par\n|-damage|p2a: Slowking|88\/100 par|[from] Stealth Rock\n|move|p1a: Clefable|Moonlight|p1a: Clefable\n|-heal|p1a: Clefable|76\/100\n|\n|-heal|p1a: Clefable|82\/100|[from] item: Leftovers\n|upkeep\n|turn|16\n|\n|t:|1700094032\n|switch|p1a: Dragapult|Dragapult, F|52\/100\n|cant|p2a: Slowking|par\n|\n|upkeep\n|turn|17\n|\n|t:|1700094046\n|switch|p2a: Mandibuzz|Mandibuzz, F|100\/100\n|move|p1a: Dragapult|Will-O-Wisp|p2a: Mandibuzz|[miss]\n|-miss|p1a: Dragapult|p2a: Mandibuzz\n|\n|upkeep\n|turn|18\n|\n|t:|1700094058\n|move|p1a: Dragapult|U-turn|p2a: Mandibuzz\n|-damage|p2a: Mandibuzz|89\/100\n|\n|t:|1700094059\n|switch|p1a: Zapdos|Zapdos|67\/100|[from] U-turn\n|move|p2a: Mandibuzz|Foul Play|p1a: Zapdos\n|-damage|p1a: Zapdos|48\/100\n|\n|upkeep\n|turn|19\n|\n|t:|1700094063\n|switch|p2a: Slowking|Slowking-Galar, F|100\/100 par\n|-damage|p2a: Slowking|88\/100 par|[from] Stealth Rock\n|move|p1a: Zapdos|Roost|p1a: Zapdos\n|-heal|p1a: Zapdos|98\/100\n|-singleturn|p1a: Zapdos|move: Roost\n|\n|upkeep\n|turn|20\n|\n|t:|1700094069\n|move|p1a: Zapdos|Volt Switch|p2a: Slowking\n|-damage|p2a: Slowking|65\/100 par\n|\n|t:|1700094073\n|switch|p1a: Dragapult|Dragapult, F|52\/100|[from] Volt Switch\n|move|p2a: Slowking|Sludge Bomb|p1a: Dragapult\n|-resisted|p1a: Dragapult\n|-damage|p1a: Dragapult|28\/100\n|\n|upkeep\n|turn|21\n|j| isoptera\n|\n|t:|1700094094\n|switch|p2a: Ting-Lu|Ting-Lu|29\/100 brn\n|-damage|p2a: Ting-Lu|23\/100 brn|[from] Stealth Rock\n|-ability|p2a: Ting-Lu|Vessel of Ruin\n|move|p1a: Dragapult|Hex|p2a: Ting-Lu\n|-resisted|p2a: Ting-Lu\n|-damage|p2a: Ting-Lu|12\/100 brn\n|\n|-heal|p2a: Ting-Lu|18\/100 brn|[from] item: Leftovers\n|-damage|p2a: Ting-Lu|12\/100 brn|[from] brn\n|upkeep\n|turn|22\n|\n|t:|1700094108\n|move|p1a: Dragapult|Dragon Darts|p2a: Ting-Lu\n|-damage|p2a: Ting-Lu|0 fnt\n|faint|p2a: Ting-Lu\n|\n|upkeep\n|\n|t:|1700094135\n|switch|p2a: Slowking|Slowking-Galar, F|98\/100 par\n|-damage|p2a: Slowking|86\/100 par|[from] Stealth Rock\n|turn|23\n|\n|t:|1700094145\n|-terastallize|p2a: Slowking|Normal\n|move|p1a: Dragapult|Hex|p2a: Slowking\n|-immune|p2a: Slowking\n|move|p2a: Slowking|Future Sight|p1a: Dragapult\n|-start|p2a: Slowking|move: Future Sight\n|\n|upkeep\n|turn|24\n|j| cal\n|\n|t:|1700094162\n|move|p1a: Dragapult|U-turn|p2a: Slowking\n|-damage|p2a: Slowking|71\/100 par\n|\n|t:|1700094167\n|switch|p1a: Zapdos|Zapdos|98\/100|[from] U-turn\n|move|p2a: Slowking|Sludge Bomb|p1a: Zapdos\n|-damage|p1a: Zapdos|63\/100\n|\n|upkeep\n|turn|25\n|\n|t:|1700094186\n|move|p1a: Zapdos|Roost|p1a: Zapdos\n|-heal|p1a: Zapdos|100\/100\n|-singleturn|p1a: Zapdos|move: Roost\n|cant|p2a: Slowking|par\n|\n|-end|p1a: Zapdos|move: Future Sight\n|-damage|p1a: Zapdos|59\/100\n|upkeep\n|turn|26\n|\n|t:|1700094189\n|move|p1a: Zapdos|Hurricane|p2a: Slowking\n|-damage|p2a: Slowking|37\/100 par\n|-start|p2a: Slowking|confusion\n|-activate|p2a: Slowking|confusion\n|-damage|p2a: Slowking|33\/100 par|[from] confusion\n|\n|upkeep\n|turn|27\n|\n|t:|1700094194\n|switch|p2a: Kingambit|Kingambit, M|100\/100\n|-damage|p2a: Kingambit|94\/100|[from] Stealth Rock\n|-activate|p2a: Kingambit|ability: Supreme Overlord\n|-start|p2a: Kingambit|fallen1|[silent]\n|move|p1a: Zapdos|Hurricane|p2a: Kingambit\n|-resisted|p2a: Kingambit\n|-damage|p2a: Kingambit|71\/100\n|\n|-heal|p2a: Kingambit|77\/100|[from] item: Leftovers\n|upkeep\n|turn|28\n|\n|t:|1700094204\n|-end|p2a: Kingambit|fallen1|[silent]\n|switch|p2a: Slowking|Slowking-Galar, F, tera:Normal|66\/100 par\n|-damage|p2a: Slowking|54\/100 par|[from] Stealth Rock\n|move|p1a: Zapdos|Volt Switch|p2a: Slowking\n|-damage|p2a: Slowking|30\/100 par\n|\n|t:|1700094210\n|switch|p1a: Dragapult|Dragapult, F|28\/100|[from] Volt Switch\n|\n|upkeep\n|turn|29\n|\n|t:|1700094216\n|switch|p2a: Dondozo|Dondozo, F, shiny|100\/100\n|-damage|p2a: Dondozo|88\/100|[from] Stealth Rock\n|move|p1a: Dragapult|Will-O-Wisp|p2a: Dondozo\n|-status|p2a: Dondozo|brn\n|\n|-heal|p2a: Dondozo|94\/100 brn|[from] item: Leftovers\n|-damage|p2a: Dondozo|88\/100 brn|[from] brn\n|upkeep\n|turn|30\n|\n|t:|1700094221\n|move|p1a: Dragapult|Hex|p2a: Dondozo\n|-damage|p2a: Dondozo|52\/100 brn\n|move|p2a: Dondozo|Rest|p2a: Dondozo\n|-status|p2a: Dondozo|slp|[from] move: Rest\n|-heal|p2a: Dondozo|100\/100 slp|[silent]\n|\n|upkeep\n|turn|31\n|\n|t:|1700094230\n|move|p1a: Dragapult|U-turn|p2a: Dondozo\n|-damage|p2a: Dondozo|87\/100 slp\n|\n|t:|1700094232\n|switch|p1a: Zapdos|Zapdos|59\/100|[from] U-turn\n|cant|p2a: Dondozo|slp\n|move|p2a: Dondozo|Sleep Talk|p2a: Dondozo\n|move|p2a: Dondozo|Rest||[from]move: Sleep Talk|[still]\n|-fail|p2a: Dondozo\n|\n|-heal|p2a: Dondozo|94\/100 slp|[from] item: Leftovers\n|upkeep\n|turn|32\n|\n|t:|1700094243\n|switch|p2a: Slowking|Slowking-Galar, F, tera:Normal|63\/100 par\n|-damage|p2a: Slowking|51\/100 par|[from] Stealth Rock\n|move|p1a: Zapdos|Hurricane|p2a: Slowking\n|-damage|p2a: Slowking|12\/100 par\n|\n|upkeep\n|turn|33\n|\n|t:|1700094249\n|switch|p2a: Kingambit|Kingambit, M|77\/100\n|-damage|p2a: Kingambit|71\/100|[from] Stealth Rock\n|-activate|p2a: Kingambit|ability: Supreme Overlord\n|-start|p2a: Kingambit|fallen1|[silent]\n|move|p1a: Zapdos|Volt Switch|p2a: Kingambit\n|-damage|p2a: Kingambit|38\/100\n|\n|t:|1700094257\n|switch|p1a: Dondozo|Dondozo, F|100\/100 slp|[from] Volt Switch\n|\n|-heal|p2a: Kingambit|44\/100|[from] item: Leftovers\n|upkeep\n|turn|34\n|\n|t:|1700094266\n|-end|p2a: Kingambit|fallen1|[silent]\n|switch|p2a: Dragapult|Dragapult, F|100\/100\n|-damage|p2a: Dragapult|88\/100|[from] Stealth Rock\n|switch|p1a: Zapdos|Zapdos|59\/100\n|\n|upkeep\n|turn|35\n|\n|t:|1700094284\n|move|p2a: Dragapult|Shadow Ball|p1a: Zapdos\n|-damage|p1a: Zapdos|3\/100\n|-unboost|p1a: Zapdos|spd|1\n|move|p1a: Zapdos|Thunder Wave|p2a: Dragapult\n|-status|p2a: Dragapult|par\n|\n|upkeep\n|turn|36\n|\n|t:|1700094321\n|move|p1a: Zapdos|Volt Switch|p2a: Dragapult\n|-resisted|p2a: Dragapult\n|-damage|p2a: Dragapult|67\/100 par\n|\n|t:|1700094335\n|switch|p1a: Clefable|Clefable, M|82\/100|[from] Volt Switch\n|move|p2a: Dragapult|Shadow Ball|p1a: Clefable\n|-damage|p1a: Clefable|34\/100\n|\n|-heal|p1a: Clefable|40\/100|[from] item: Leftovers\n|upkeep\n|turn|37\n|\n|t:|1700094346\n|switch|p2a: Kingambit|Kingambit, M|44\/100\n|-damage|p2a: Kingambit|38\/100|[from] Stealth Rock\n|-activate|p2a: Kingambit|ability: Supreme Overlord\n|-start|p2a: Kingambit|fallen1|[silent]\n|move|p1a: Clefable|Moonlight|p1a: Clefable\n|-heal|p1a: Clefable|90\/100\n|\n|-heal|p2a: Kingambit|44\/100|[from] item: Leftovers\n|-heal|p1a: Clefable|96\/100|[from] item: Leftovers\n|upkeep\n|turn|38\n|\n|t:|1700094357\n|-end|p2a: Kingambit|fallen1|[silent]\n|switch|p2a: Slowking|Slowking-Galar, F, tera:Normal|46\/100 par\n|-damage|p2a: Slowking|33\/100 par|[from] Stealth Rock\n|switch|p1a: Dondozo|Dondozo, F|100\/100 slp\n|\n|upkeep\n|turn|39\n|\n|t:|1700094362\n|cant|p1a: Dondozo|slp\n|move|p2a: Slowking|Future Sight|p1a: Dondozo\n|-start|p2a: Slowking|move: Future Sight\n|\n|upkeep\n|turn|40\n|\n|t:|1700094368\n|switch|p2a: Dragapult|Dragapult, F|67\/100 par\n|-damage|p2a: Dragapult|55\/100 par|[from] Stealth Rock\n|cant|p1a: Dondozo|slp\n|\n|upkeep\n|turn|41\n|\n|t:|1700094402\n|switch|p1a: Clefable|Clefable, M|96\/100\n|move|p2a: Dragapult|Shadow Ball|p1a: Clefable\n|-crit|p1a: Clefable\n|-damage|p1a: Clefable|20\/100\n|\n|-end|p1a: Clefable|move: Future Sight\n|-damage|p1a: Clefable|0 fnt\n|faint|p1a: Clefable\n|upkeep\n|\n|t:|1700094404\n|switch|p1a: Dragapult|Dragapult, F|28\/100\n|turn|42\n|\n|t:|1700094413\n|switch|p2a: Dondozo|Dondozo, F, shiny|94\/100 slp\n|-damage|p2a: Dondozo|81\/100 slp|[from] Stealth Rock\n|move|p1a: Dragapult|Dragon Darts|p2a: Dondozo\n|-damage|p2a: Dondozo|68\/100 slp\n|-anim|p1a: Dragapult|Dragon Darts|p2a: Dondozo\n|-damage|p2a: Dondozo|56\/100 slp\n|\n|-heal|p2a: Dondozo|62\/100 slp|[from] item: Leftovers\n|upkeep\n|turn|43\n|\n|t:|1700094419\n|switch|p2a: Slowking|Slowking-Galar, F, tera:Normal|66\/100 par\n|-damage|p2a: Slowking|54\/100 par|[from] Stealth Rock\n|move|p1a: Dragapult|Hex|p2a: Slowking\n|-immune|p2a: Slowking\n|\n|upkeep\n|turn|44\n|\n|t:|1700094450\n|move|p1a: Dragapult|Dragon Darts|p2a: Slowking\n|-damage|p2a: Slowking|38\/100 par\n|-anim|p1a: Dragapult|Dragon Darts|p2a: Slowking\n|-damage|p2a: Slowking|21\/100 par\n|cant|p2a: Slowking|par\n|\n|upkeep\n|turn|45\n|\n|t:|1700094460\n|switch|p2a: Mandibuzz|Mandibuzz, F|89\/100\n|move|p1a: Dragapult|Dragon Darts|p2a: Mandibuzz\n|-damage|p2a: Mandibuzz|76\/100\n|-anim|p1a: Dragapult|Dragon Darts|p2a: Mandibuzz\n|-damage|p2a: Mandibuzz|65\/100\n|\n|upkeep\n|turn|46\n|\n|t:|1700094472\n|move|p1a: Dragapult|U-turn|p2a: Mandibuzz\n|-damage|p2a: Mandibuzz|53\/100\n|\n|t:|1700094475\n|switch|p1a: Skeledirge|Skeledirge, M|100\/100|[from] U-turn\n|move|p2a: Mandibuzz|Foul Play|p1a: Skeledirge\n|-supereffective|p1a: Skeledirge\n|-damage|p1a: Skeledirge|67\/100\n|\n|upkeep\n|turn|47\n|\n|t:|1700094521\n|move|p1a: Skeledirge|Torch Song|p2a: Mandibuzz\n|-damage|p2a: Mandibuzz|29\/100\n|-boost|p1a: Skeledirge|spa|1\n|move|p2a: Mandibuzz|Defog|p1a: Skeledirge\n|-unboost|p1a: Skeledirge|evasion|1\n|-sideend|p1: vyuiowe|Stealth Rock|[from] move: Defog|[of] p2a: Mandibuzz\n|-sideend|p2: 02xygen_|Stealth Rock|[from] move: Defog|[of] p2a: Mandibuzz\n|\n|upkeep\n|turn|48\n|\n|t:|1700094526\n|switch|p2a: Dondozo|Dondozo, F, shiny|62\/100 slp\n|move|p1a: Skeledirge|Torch Song|p2a: Dondozo\n|-resisted|p2a: Dondozo\n|-damage|p2a: Dondozo|52\/100 slp\n|-boost|p1a: Skeledirge|spa|1\n|\n|-heal|p2a: Dondozo|58\/100 slp|[from] item: Leftovers\n|upkeep\n|turn|49\n|\n|t:|1700094556\n|move|p1a: Skeledirge|Hex|p2a: Dondozo\n|-damage|p2a: Dondozo|29\/100 slp\n|cant|p2a: Dondozo|slp\n|move|p2a: Dondozo|Sleep Talk|p2a: Dondozo\n|move|p2a: Dondozo|Rest||[from]move: Sleep Talk|[still]\n|-fail|p2a: Dondozo\n|\n|-heal|p2a: Dondozo|35\/100 slp|[from] item: Leftovers\n|upkeep\n|turn|50\n|\n|t:|1700094565\n|move|p1a: Skeledirge|Hex|p2a: Dondozo\n|-damage|p2a: Dondozo|6\/100 slp\n|-curestatus|p2a: Dondozo|slp|[msg]\n|move|p2a: Dondozo|Rest|p2a: Dondozo\n|-status|p2a: Dondozo|slp|[from] move: Rest\n|-heal|p2a: Dondozo|100\/100 slp|[silent]\n|\n|upkeep\n|turn|51\n|\n|t:|1700094585\n|switch|p1a: Dondozo|Dondozo, F|100\/100 slp\n|cant|p2a: Dondozo|slp\n|move|p2a: Dondozo|Sleep Talk|p2a: Dondozo\n|move|p2a: Dondozo|Curse|p2a: Dondozo|[from]move: Sleep Talk\n|-unboost|p2a: Dondozo|spe|1\n|-boost|p2a: Dondozo|atk|1\n|-boost|p2a: Dondozo|def|1\n|\n|upkeep\n|turn|52\n|l| cal\n|\n|t:|1700094622\n|switch|p2a: Slowking|Slowking-Galar, F, tera:Normal|54\/100 par\n|-curestatus|p1a: Dondozo|slp|[msg]\n|move|p1a: Dondozo|Curse|p1a: Dondozo\n|-unboost|p1a: Dondozo|spe|1\n|-boost|p1a: Dondozo|atk|1\n|-boost|p1a: Dondozo|def|1\n|\n|upkeep\n|turn|53\n|l| isoptera\n|\n|t:|1700094657\n|switch|p1a: Zapdos|Zapdos|3\/100\n|move|p2a: Slowking|Future Sight|p1a: Zapdos\n|-start|p2a: Slowking|move: Future Sight\n|\n|upkeep\n|turn|54\n|\n|t:|1700094662\n|move|p1a: Zapdos|Roost|p1a: Zapdos\n|-heal|p1a: Zapdos|53\/100\n|-singleturn|p1a: Zapdos|move: Roost\n|move|p2a: Slowking|Sludge Bomb|p1a: Zapdos\n|-damage|p1a: Zapdos|18\/100\n|\n|upkeep\n|turn|55\n|\n|t:|1700094667\n|move|p1a: Zapdos|Volt Switch|p2a: Slowking\n|-damage|p2a: Slowking|32\/100 par\n|\n|t:|1700094669\n|switch|p1a: Dondozo|Dondozo, F|100\/100|[from] Volt Switch\n|move|p2a: Slowking|Sludge Bomb|p1a: Dondozo\n|-damage|p1a: Dondozo|81\/100\n|\n|-end|p1a: Dondozo|move: Future Sight\n|-damage|p1a: Dondozo|52\/100\n|upkeep\n|turn|56\n|\n|t:|1700094689\n|switch|p1a: Skeledirge|Skeledirge, M|67\/100\n|switch|p2a: Dragapult|Dragapult, F|55\/100 par\n|\n|upkeep\n|turn|57\n|\n|t:|1700094710\n|switch|p2a: Slowking|Slowking-Galar, F, tera:Normal|66\/100 par\n|-terastallize|p1a: Skeledirge|Water\n|move|p1a: Skeledirge|Hex|p2a: Slowking\n|-immune|p2a: Slowking\n|\n|upkeep\n|turn|58\n|\n|t:|1700094720\n|move|p1a: Skeledirge|Torch Song|p2a: Slowking\n|-damage|p2a: Slowking|42\/100 par\n|-boost|p1a: Skeledirge|spa|1\n|move|p2a: Slowking|Sludge Bomb|p1a: Skeledirge\n|-damage|p1a: Skeledirge|39\/100\n|-status|p1a: Skeledirge|psn\n|\n|-damage|p1a: Skeledirge|27\/100 psn|[from] psn\n|upkeep\n|turn|59\n|\n|t:|1700094724\n|switch|p2a: Dondozo|Dondozo, F, shiny|100\/100 slp\n|move|p1a: Skeledirge|Slack Off|p1a: Skeledirge\n|-heal|p1a: Skeledirge|77\/100 psn\n|\n|-damage|p1a: Skeledirge|65\/100 psn|[from] psn\n|upkeep\n|turn|60\n|\n|t:|1700094729\n|move|p1a: Skeledirge|Hex|p2a: Dondozo\n|-damage|p2a: Dondozo|72\/100 slp\n|cant|p2a: Dondozo|slp\n|move|p2a: Dondozo|Sleep Talk|p2a: Dondozo\n|move|p2a: Dondozo|Liquidation|p1a: Skeledirge|[from]move: Sleep Talk\n|-resisted|p1a: Skeledirge\n|-crit|p1a: Skeledirge\n|-damage|p1a: Skeledirge|46\/100 psn\n|\n|-heal|p2a: Dondozo|78\/100 slp|[from] item: Leftovers\n|-damage|p1a: Skeledirge|34\/100 psn|[from] psn\n|upkeep\n|turn|61\n|\n|t:|1700094736\n|switch|p1a: Zapdos|Zapdos|18\/100\n|-curestatus|p2a: Dondozo|slp|[msg]\n|move|p2a: Dondozo|Curse|p2a: Dondozo\n|-unboost|p2a: Dondozo|spe|1\n|-boost|p2a: Dondozo|atk|1\n|-boost|p2a: Dondozo|def|1\n|\n|-heal|p2a: Dondozo|84\/100|[from] item: Leftovers\n|upkeep\n|turn|62\n|\n|t:|1700094742\n|move|p1a: Zapdos|Roost|p1a: Zapdos\n|-heal|p1a: Zapdos|68\/100\n|-singleturn|p1a: Zapdos|move: Roost\n|move|p2a: Dondozo|Liquidation|p1a: Zapdos\n|-damage|p1a: Zapdos|34\/100\n|\n|-heal|p2a: Dondozo|90\/100|[from] item: Leftovers\n|upkeep\n|turn|63\n|\n|t:|1700094745\n|move|p1a: Zapdos|Roost|p1a: Zapdos\n|-heal|p1a: Zapdos|84\/100\n|-singleturn|p1a: Zapdos|move: Roost\n|move|p2a: Dondozo|Liquidation|p1a: Zapdos\n|-damage|p1a: Zapdos|51\/100\n|-status|p2a: Dondozo|par|[from] ability: Static|[of] p1a: Zapdos\n|\n|-heal|p2a: Dondozo|97\/100 par|[from] item: Leftovers\n|upkeep\n|turn|64\n|\n|t:|1700094748\n|move|p1a: Zapdos|Hurricane|p2a: Dondozo|[miss]\n|-miss|p1a: Zapdos|p2a: Dondozo\n|move|p2a: Dondozo|Liquidation|p1a: Zapdos\n|-damage|p1a: Zapdos|19\/100\n|\n|-heal|p2a: Dondozo|100\/100 par|[from] item: Leftovers\n|upkeep\n|turn|65\n|\n|t:|1700094758\n|move|p1a: Zapdos|Roost|p1a: Zapdos\n|-heal|p1a: Zapdos|69\/100\n|-singleturn|p1a: Zapdos|move: Roost\n|move|p2a: Dondozo|Curse|p2a: Dondozo\n|-unboost|p2a: Dondozo|spe|1\n|-boost|p2a: Dondozo|atk|1\n|-boost|p2a: Dondozo|def|1\n|\n|upkeep\n|turn|66\n|\n|t:|1700094762\n|move|p1a: Zapdos|Volt Switch|p2a: Dondozo\n|-supereffective|p2a: Dondozo\n|-damage|p2a: Dondozo|65\/100 par\n|\n|t:|1700094763\n|switch|p1a: Skeledirge|Skeledirge, M, tera:Water|34\/100 psn|[from] Volt Switch\n|move|p2a: Dondozo|Liquidation|p1a: Skeledirge\n|-resisted|p1a: Skeledirge\n|-damage|p1a: Skeledirge|23\/100 psn\n|\n|-heal|p2a: Dondozo|71\/100 par|[from] item: Leftovers\n|-damage|p1a: Skeledirge|10\/100 psn|[from] psn\n|upkeep\n|turn|67\n|\n|t:|1700094775\n|move|p1a: Skeledirge|Slack Off|p1a: Skeledirge\n|-heal|p1a: Skeledirge|60\/100 psn\n|move|p2a: Dondozo|Rest|p2a: Dondozo\n|-status|p2a: Dondozo|slp|[from] move: Rest\n|-heal|p2a: Dondozo|100\/100 slp|[silent]\n|\n|-damage|p1a: Skeledirge|48\/100 psn|[from] psn\n|upkeep\n|turn|68\n|\n|t:|1700094781\n|move|p1a: Skeledirge|Slack Off|p1a: Skeledirge\n|-heal|p1a: Skeledirge|98\/100 psn\n|cant|p2a: Dondozo|slp\n|\n|-damage|p1a: Skeledirge|86\/100 psn|[from] psn\n|upkeep\n|turn|69\n|\n|t:|1700094787\n|move|p1a: Skeledirge|Hex|p2a: Dondozo\n|-damage|p2a: Dondozo|68\/100 slp\n|cant|p2a: Dondozo|slp\n|\n|-heal|p2a: Dondozo|74\/100 slp|[from] item: Leftovers\n|-damage|p1a: Skeledirge|73\/100 psn|[from] psn\n|upkeep\n|turn|70\n|\n|t:|1700094791\n|switch|p2a: Slowking|Slowking-Galar, F, tera:Normal|75\/100 par\n|move|p1a: Skeledirge|Hex|p2a: Slowking\n|-immune|p2a: Slowking\n|\n|-damage|p1a: Skeledirge|61\/100 psn|[from] psn\n|upkeep\n|turn|71\n|\n|t:|1700094796\n|move|p1a: Skeledirge|Torch Song|p2a: Slowking\n|-damage|p2a: Slowking|52\/100 par\n|-boost|p1a: Skeledirge|spa|1\n|cant|p2a: Slowking|par\n|\n|-damage|p1a: Skeledirge|48\/100 psn|[from] psn\n|upkeep\n|turn|72\n|\n|t:|1700094806\n|move|p1a: Skeledirge|Slack Off|p1a: Skeledirge\n|-heal|p1a: Skeledirge|98\/100 psn\n|cant|p2a: Slowking|par\n|\n|-damage|p1a: Skeledirge|86\/100 psn|[from] psn\n|upkeep\n|turn|73\n|\n|t:|1700094816\n|switch|p2a: Kingambit|Kingambit, M|44\/100\n|-activate|p2a: Kingambit|ability: Supreme Overlord\n|-start|p2a: Kingambit|fallen1|[silent]\n|move|p1a: Skeledirge|Torch Song|p2a: Kingambit\n|-supereffective|p2a: Kingambit\n|-damage|p2a: Kingambit|0 fnt\n|-boost|p1a: Skeledirge|spa|1\n|faint|p2a: Kingambit\n|-end|p2a: Kingambit|fallen1|[silent]\n|\n|-damage|p1a: Skeledirge|73\/100 psn|[from] psn\n|upkeep\n|c|\u260602xygen_|Bro ngl\n|c|\u260602xygen_|I thought the chilly went through\n|c|\u260602xygen_|but it got para'd and didnt see\n|c|\u2606vyuiowe|lol tough\n|c|\u260602xygen_|and clicked gambit LOL\n|\n|t:|1700094860\n|switch|p2a: Slowking|Slowking-Galar, F, tera:Normal|85\/100 par\n|turn|74\n|c|\u2606vyuiowe|1 less sack :(\n|\n|t:|1700094872\n|move|p1a: Skeledirge|Torch Song|p2a: Slowking\n|-damage|p2a: Slowking|35\/100 par\n|-boost|p1a: Skeledirge|spa|1\n|move|p2a: Slowking|Future Sight|p1a: Skeledirge\n|-start|p2a: Slowking|move: Future Sight\n|\n|-damage|p1a: Skeledirge|61\/100 psn|[from] psn\n|upkeep\n|turn|75\n|\n|t:|1700094878\n|switch|p2a: Dondozo|Dondozo, F, shiny|74\/100 slp\n|move|p1a: Skeledirge|Hex|p2a: Dondozo\n|-damage|p2a: Dondozo|46\/100 slp\n|\n|-heal|p2a: Dondozo|52\/100 slp|[from] item: Leftovers\n|-damage|p1a: Skeledirge|48\/100 psn|[from] psn\n|upkeep\n|turn|76\n|\n|t:|1700094888\n|move|p1a: Skeledirge|Slack Off|p1a: Skeledirge\n|-heal|p1a: Skeledirge|99\/100 psn\n|-curestatus|p2a: Dondozo|slp|[msg]\n|move|p2a: Dondozo|Curse|p2a: Dondozo\n|-unboost|p2a: Dondozo|spe|1\n|-boost|p2a: Dondozo|atk|1\n|-boost|p2a: Dondozo|def|1\n|\n|-end|p1a: Skeledirge|move: Future Sight\n|-damage|p1a: Skeledirge|64\/100 psn\n|-heal|p2a: Dondozo|58\/100|[from] item: Leftovers\n|-damage|p1a: Skeledirge|51\/100 psn|[from] psn\n|upkeep\n|turn|77\n|\n|t:|1700094894\n|move|p1a: Skeledirge|Hex|p2a: Dondozo\n|-damage|p2a: Dondozo|42\/100\n|move|p2a: Dondozo|Liquidation|p1a: Skeledirge\n|-resisted|p1a: Skeledirge\n|-damage|p1a: Skeledirge|39\/100 psn\n|\n|-heal|p2a: Dondozo|48\/100|[from] item: Leftovers\n|-damage|p1a: Skeledirge|27\/100 psn|[from] psn\n|upkeep\n|turn|78\n|\n|t:|1700094899\n|move|p1a: Skeledirge|Slack Off|p1a: Skeledirge\n|-heal|p1a: Skeledirge|77\/100 psn\n|move|p2a: Dondozo|Liquidation|p1a: Skeledirge\n|-resisted|p1a: Skeledirge\n|-damage|p1a: Skeledirge|65\/100 psn\n|\n|-heal|p2a: Dondozo|54\/100|[from] item: Leftovers\n|-damage|p1a: Skeledirge|52\/100 psn|[from] psn\n|upkeep\n|turn|79\n|\n|t:|1700094913\n|move|p1a: Skeledirge|Will-O-Wisp|p2a: Dondozo\n|-status|p2a: Dondozo|brn\n|move|p2a: Dondozo|Liquidation|p1a: Skeledirge\n|-resisted|p1a: Skeledirge\n|-damage|p1a: Skeledirge|46\/100 psn\n|\n|-heal|p2a: Dondozo|60\/100 brn|[from] item: Leftovers\n|-damage|p1a: Skeledirge|33\/100 psn|[from] psn\n|-damage|p2a: Dondozo|54\/100 brn|[from] brn\n|upkeep\n|turn|80\n|c|\u2606vyuiowe|sacking meow early was such a bonehead play\n|c|\u2606vyuiowe|I'm really missing that knock rn\n|\n|t:|1700094931\n|move|p1a: Skeledirge|Slack Off|p1a: Skeledirge\n|-heal|p1a: Skeledirge|83\/100 psn\n|move|p2a: Dondozo|Rest|p2a: Dondozo\n|-status|p2a: Dondozo|slp|[from] move: Rest\n|-heal|p2a: Dondozo|100\/100 slp|[silent]\n|\n|-damage|p1a: Skeledirge|71\/100 psn|[from] psn\n|upkeep\n|turn|81\n|c|\u260602xygen_|I mean i think you win now with gambit gone\n|c|\u2606vyuiowe|what did gambit even do\n|c|\u260602xygen_|if i come game in safely on dirge i could force a switch or something to die\n|c|\u260602xygen_|since ur dozo isnt taking 2\n|\n|t:|1700094995\n|switch|p1a: Zapdos|Zapdos|69\/100\n|switch|p2a: Slowking|Slowking-Galar, F, tera:Normal|68\/100 par\n|\n|upkeep\n|turn|82\n|c|\u2606vyuiowe|I would not have switched off dirge on gambit i wont lie. Is there a calc I'm missing\n|\n|t:|1700095008\n|move|p1a: Zapdos|Hurricane|p2a: Slowking\n|-damage|p2a: Slowking|32\/100 par\n|move|p2a: Slowking|Future Sight|p1a: Zapdos\n|-start|p2a: Slowking|move: Future Sight\n|\n|upkeep\n|turn|83\n|\n|t:|1700095015\n|switch|p2a: Dondozo|Dondozo, F, shiny|100\/100 slp\n|move|p1a: Zapdos|Hurricane|p2a: Dondozo\n|-crit|p2a: Dondozo\n|-damage|p2a: Dondozo|57\/100 slp\n|\n|-heal|p2a: Dondozo|64\/100 slp|[from] item: Leftovers\n|upkeep\n|turn|84\n|\n|t:|1700095020\n|switch|p2a: Slowking|Slowking-Galar, F, tera:Normal|65\/100 par\n|move|p1a: Zapdos|Volt Switch|p2a: Slowking\n|-damage|p2a: Slowking|43\/100 par\n|\n|t:|1700095023\n|switch|p1a: Dondozo|Dondozo, F|52\/100|[from] Volt Switch\n|\n|-end|p1a: Dondozo|move: Future Sight\n|-damage|p1a: Dondozo|25\/100\n|upkeep\n|turn|85\n|\n|t:|1700095030\n|switch|p2a: Dragapult|Dragapult, F|55\/100 par\n|move|p1a: Dondozo|Rest|p1a: Dondozo\n|-status|p1a: Dondozo|slp|[from] move: Rest\n|-heal|p1a: Dondozo|100\/100 slp|[silent]\n|\n|upkeep\n|turn|86\n|\n|t:|1700095051\n|switch|p1a: Skeledirge|Skeledirge, M, tera:Water|71\/100 psn\n|move|p2a: Dragapult|Draco Meteor|p1a: Skeledirge\n|-damage|p1a: Skeledirge|0 fnt\n|-unboost|p2a: Dragapult|spa|2\n|faint|p1a: Skeledirge\n|\n|upkeep\n|\n|t:|1700095055\n|switch|p1a: Dragapult|Dragapult, F|28\/100\n|turn|87\n|\n|t:|1700095062\n|switch|p2a: Slowking|Slowking-Galar, F, tera:Normal|76\/100 par\n|move|p1a: Dragapult|Dragon Darts|p2a: Slowking\n|-damage|p2a: Slowking|60\/100 par\n|-anim|p1a: Dragapult|Dragon Darts|p2a: Slowking\n|-damage|p2a: Slowking|44\/100 par\n|\n|upkeep\n|turn|88\n|c|\u2606vyuiowe|this fella so weak\n|\n|t:|1700095091\n|switch|p2a: Mandibuzz|Mandibuzz, F|29\/100\n|move|p1a: Dragapult|Dragon Darts|p2a: Mandibuzz\n|-damage|p2a: Mandibuzz|17\/100\n|-anim|p1a: Dragapult|Dragon Darts|p2a: Mandibuzz\n|-damage|p2a: Mandibuzz|4\/100\n|\n|upkeep\n|turn|89\n|\n|t:|1700095098\n|move|p1a: Dragapult|Dragon Darts|p2a: Mandibuzz\n|-damage|p2a: Mandibuzz|0 fnt\n|faint|p2a: Mandibuzz\n|\n|upkeep\n|\n|t:|1700095100\n|switch|p2a: Slowking|Slowking-Galar, F, tera:Normal|77\/100 par\n|turn|90\n|\n|t:|1700095105\n|move|p1a: Dragapult|U-turn|p2a: Slowking\n|-damage|p2a: Slowking|63\/100 par\n|\n|t:|1700095110\n|switch|p1a: Dondozo|Dondozo, F|100\/100 slp|[from] U-turn\n|cant|p2a: Slowking|par\n|\n|upkeep\n|turn|91\n|\n|t:|1700095115\n|cant|p1a: Dondozo|slp\n|move|p2a: Slowking|Future Sight|p1a: Dondozo\n|-start|p2a: Slowking|move: Future Sight\n|\n|upkeep\n|turn|92\n|\n|t:|1700095123\n|switch|p1a: Dragapult|Dragapult, F|28\/100\n|switch|p2a: Dragapult|Dragapult, F|55\/100 par\n|\n|upkeep\n|turn|93\n|\n|t:|1700095127\n|switch|p2a: Slowking|Slowking-Galar, F, tera:Normal|97\/100 par\n|move|p1a: Dragapult|U-turn|p2a: Slowking\n|-damage|p2a: Slowking|82\/100 par\n|\n|t:|1700095129\n|switch|p1a: Dondozo|Dondozo, F|100\/100 slp|[from] U-turn\n|\n|-end|p1a: Dondozo|move: Future Sight\n|-damage|p1a: Dondozo|74\/100 slp\n|upkeep\n|turn|94\n|\n|t:|1700095133\n|cant|p1a: Dondozo|slp\n|move|p2a: Slowking|Future Sight|p1a: Dondozo\n|-start|p2a: Slowking|move: Future Sight\n|\n|upkeep\n|turn|95\n|\n|t:|1700095136\n|switch|p2a: Dragapult|Dragapult, F|55\/100 par\n|-curestatus|p1a: Dondozo|slp|[msg]\n|move|p1a: Dondozo|Curse|p1a: Dondozo\n|-unboost|p1a: Dondozo|spe|1\n|-boost|p1a: Dondozo|atk|1\n|-boost|p1a: Dondozo|def|1\n|\n|upkeep\n|turn|96\n|\n|t:|1700095170\n|move|p2a: Dragapult|Draco Meteor|p1a: Dondozo\n|-damage|p1a: Dondozo|20\/100\n|-unboost|p2a: Dragapult|spa|2\n|move|p1a: Dondozo|Avalanche|p2a: Dragapult\n|-supereffective|p2a: Dragapult\n|-damage|p2a: Dragapult|0 fnt\n|faint|p2a: Dragapult\n|\n|-end|p1a: Dondozo|move: Future Sight\n|-damage|p1a: Dondozo|0 fnt\n|faint|p1a: Dondozo\n|upkeep\n|\n|t:|1700095180\n|switch|p2a: Slowking|Slowking-Galar, F, tera:Normal|100\/100 par\n|switch|p1a: Zapdos|Zapdos|69\/100\n|turn|97\n|\n|t:|1700095187\n|move|p1a: Zapdos|Hurricane|p2a: Slowking\n|-damage|p2a: Slowking|64\/100 par\n|cant|p2a: Slowking|par\n|\n|upkeep\n|turn|98\n|\n|t:|1700095191\n|move|p1a: Zapdos|Hurricane|p2a: Slowking\n|-damage|p2a: Slowking|27\/100 par\n|move|p2a: Slowking|Future Sight|p1a: Zapdos\n|-start|p2a: Slowking|move: Future Sight\n|\n|upkeep\n|turn|99\n|\n|t:|1700095198\n|switch|p2a: Dondozo|Dondozo, F, shiny|64\/100 slp\n|move|p1a: Zapdos|Hurricane|p2a: Dondozo\n|-damage|p2a: Dondozo|34\/100 slp\n|\n|-heal|p2a: Dondozo|40\/100 slp|[from] item: Leftovers\n|upkeep\n|turn|100\n|\n|t:|1700095203\n|switch|p2a: Slowking|Slowking-Galar, F, tera:Normal|60\/100 par\n|move|p1a: Zapdos|Volt Switch|p2a: Slowking\n|-damage|p2a: Slowking|38\/100 par\n|\n|t:|1700095205\n|switch|p1a: Dragapult|Dragapult, F|28\/100|[from] Volt Switch\n|\n|-end|p1a: Dragapult|move: Future Sight\n|-damage|p1a: Dragapult|0 fnt\n|faint|p1a: Dragapult\n|upkeep\n|\n|t:|1700095206\n|switch|p1a: Zapdos|Zapdos|69\/100\n|turn|101\n|\n|t:|1700095215\n|move|p1a: Zapdos|Volt Switch|p2a: Slowking\n|-damage|p2a: Slowking|15\/100 par\n|cant|p2a: Slowking|par\n|\n|upkeep\n|turn|102\n|\n|t:|1700095219\n|switch|p2a: Dondozo|Dondozo, F, shiny|40\/100 slp\n|move|p1a: Zapdos|Volt Switch|p2a: Dondozo\n|-supereffective|p2a: Dondozo\n|-damage|p2a: Dondozo|6\/100 slp\n|\n|-heal|p2a: Dondozo|12\/100 slp|[from] item: Leftovers\n|upkeep\n|turn|103\n|\n|t:|1700095221\n|move|p1a: Zapdos|Volt Switch|p2a: Dondozo\n|-supereffective|p2a: Dondozo\n|-damage|p2a: Dondozo|0 fnt\n|faint|p2a: Dondozo\n|\n|upkeep\n|\n|t:|1700095223\n|switch|p2a: Slowking|Slowking-Galar, F, tera:Normal|48\/100 par\n|turn|104\n|\n|t:|1700095230\n|move|p1a: Zapdos|Volt Switch|p2a: Slowking\n|-damage|p2a: Slowking|26\/100 par\n|move|p2a: Slowking|Sludge Bomb|p1a: Zapdos\n|-damage|p1a: Zapdos|37\/100\n|\n|upkeep\n|turn|105\n|\n|t:|1700095237\n|move|p1a: Zapdos|Roost|p1a: Zapdos\n|-heal|p1a: Zapdos|87\/100\n|-singleturn|p1a: Zapdos|move: Roost\n|cant|p2a: Slowking|par\n|\n|upkeep\n|turn|106\n|c|\u260602xygen_|twave mvp'd\n|\n|t:|1700095245\n|move|p1a: Zapdos|Volt Switch|p2a: Slowking\n|-damage|p2a: Slowking|3\/100 par\n|move|p2a: Slowking|Sludge Bomb|p1a: Zapdos\n|-damage|p1a: Zapdos|53\/100\n|\n|upkeep\n|turn|107\n|c|\u2606vyuiowe|yeah\n|\n|t:|1700095251\n|move|p1a: Zapdos|Volt Switch|p2a: Slowking\n|-damage|p2a: Slowking|0 fnt\n|faint|p2a: Slowking\n|\n|win|vyuiowe\n|raw|vyuiowe's rating: 1615 &rarr; <strong>1641<\/strong><br \/>(+26 for winning)\n|raw|02xygen_'s rating: 1715 &rarr; <strong>1689<\/strong><br \/>(-26 for losing)\n|c|\u2606vyuiowe|gg?\n|c|\u260602xygen_|guess so\n|l|\u260602xygen_\n|l|\u2606vyuiowe\n|j|\u2606vyuiowe\n|player|p1|vyuiowe|pokemonranger-gen4\n","uploadtime":1700095414,"views":11,"p1id":"vyuiowe","p2id":"02xygen","formatid":"gen9ou","rating":1641,"private":0,"password":""}