{"id":"gen9ou-2000224104","p1":"absiiwhoha","p2":"DragonEggies","format":"[Gen 9] OU","log":"|j|\u2606absiiwhoha\n|j|\u2606DragonEggies\n|t:|1701174377\n|gametype|singles\n|player|p1|absiiwhoha|101|1073\n|player|p2|DragonEggies|pokemonranger|1022\n|teamsize|p1|6\n|teamsize|p2|6\n|gen|9\n|tier|[Gen 9] OU\n|rated|\n|rule|Sleep Clause Mod: Limit one foe put to sleep\n|rule|Species Clause: Limit one of each Pok\u00e9mon\n|rule|OHKO Clause: OHKO moves are banned\n|rule|Evasion Items Clause: Evasion items are banned\n|rule|Evasion Moves Clause: Evasion moves are banned\n|rule|Endless Battle Clause: Forcing endless battles is banned\n|rule|HP Percentage Mod: HP is shown in percentages\n|clearpoke\n|poke|p1|Garganacl, M|\n|poke|p1|Toxapex, F|\n|poke|p1|Quagsire, M|\n|poke|p1|Alomomola, M|\n|poke|p1|Glimmora, F|\n|poke|p1|Corviknight, M|\n|poke|p2|Torkoal, M|\n|poke|p2|Breloom, M|\n|poke|p2|Leavanny, M|\n|poke|p2|Inteleon, M|\n|poke|p2|Lycanroc-Dusk, F|\n|poke|p2|Talonflame, F|\n|teampreview\n|\n|t:|1701174381\n|start\n|switch|p1a: Glimmora|Glimmora, F|100\/100\n|switch|p2a: Torkoal|Torkoal, M|100\/100\n|-weather|SunnyDay|[from] ability: Drought|[of] p2a: Torkoal\n|-item|p2a: Torkoal|Air Balloon\n|turn|1\n|\n|t:|1701174392\n|move|p1a: Glimmora|Stealth Rock|p2a: Torkoal\n|-sidestart|p2: DragonEggies|move: Stealth Rock\n|move|p2a: Torkoal|Stealth Rock|p1a: Glimmora\n|-sidestart|p1: absiiwhoha|move: Stealth Rock\n|\n|-weather|SunnyDay|[upkeep]\n|upkeep\n|turn|2\n|\n|t:|1701174399\n|move|p1a: Glimmora|Toxic|p2a: Torkoal\n|-status|p2a: Torkoal|tox\n|move|p2a: Torkoal|Rapid Spin|p1a: Glimmora\n|-resisted|p1a: Glimmora\n|-damage|p1a: Glimmora|95\/100\n|-boost|p2a: Torkoal|spe|1\n|-activate|p1a: Glimmora|ability: Toxic Debris\n|-sidestart|p2: DragonEggies|move: Toxic Spikes\n|-sideend|p2: DragonEggies|Toxic Spikes|[from] move: Rapid Spin|[of] p2a: Torkoal\n|-sideend|p2: DragonEggies|Stealth Rock|[from] move: Rapid Spin|[of] p2a: Torkoal\n|\n|-weather|SunnyDay|[upkeep]\n|-damage|p2a: Torkoal|94\/100 tox|[from] psn\n|upkeep\n|turn|3\n|\n|t:|1701174418\n|move|p1a: Glimmora|Toxic Spikes|p2a: Torkoal\n|-sidestart|p2: DragonEggies|move: Toxic Spikes\n|move|p2a: Torkoal|Will-O-Wisp|p1a: Glimmora\n|-status|p1a: Glimmora|brn\n|\n|-weather|SunnyDay|[upkeep]\n|-damage|p2a: Torkoal|82\/100 tox|[from] psn\n|-damage|p1a: Glimmora|89\/100 brn|[from] brn\n|upkeep\n|turn|4\n|\n|t:|1701174428\n|move|p1a: Glimmora|Toxic Spikes|p2a: Torkoal\n|-sidestart|p2: DragonEggies|move: Toxic Spikes\n|move|p2a: Torkoal|Rapid Spin|p1a: Glimmora\n|-resisted|p1a: Glimmora\n|-damage|p1a: Glimmora|84\/100 brn\n|-boost|p2a: Torkoal|spe|1\n|-sideend|p2: DragonEggies|Toxic Spikes|[from] move: Rapid Spin|[of] p2a: Torkoal\n|\n|-weather|SunnyDay|[upkeep]\n|-damage|p2a: Torkoal|64\/100 tox|[from] psn\n|-damage|p1a: Glimmora|78\/100 brn|[from] brn\n|upkeep\n|turn|5\n|\n|t:|1701174439\n|move|p2a: Torkoal|Body Press|p1a: Glimmora\n|-damage|p1a: Glimmora|48\/100 brn\n|-activate|p1a: Glimmora|ability: Toxic Debris\n|-sidestart|p2: DragonEggies|move: Toxic Spikes\n|move|p1a: Glimmora|Toxic Spikes|p2a: Torkoal\n|-sidestart|p2: DragonEggies|move: Toxic Spikes\n|\n|-weather|none\n|-damage|p2a: Torkoal|40\/100 tox|[from] psn\n|-damage|p1a: Glimmora|42\/100 brn|[from] brn\n|upkeep\n|turn|6\n|\n|t:|1701174452\n|move|p2a: Torkoal|Rapid Spin|p1a: Glimmora\n|-resisted|p1a: Glimmora\n|-damage|p1a: Glimmora|36\/100 brn\n|-boost|p2a: Torkoal|spe|1\n|-sideend|p2: DragonEggies|Toxic Spikes|[from] move: Rapid Spin|[of] p2a: Torkoal\n|move|p1a: Glimmora|Toxic Spikes|p2a: Torkoal\n|-sidestart|p2: DragonEggies|move: Toxic Spikes\n|\n|-damage|p2a: Torkoal|10\/100 tox|[from] psn\n|-damage|p1a: Glimmora|30\/100 brn|[from] brn\n|upkeep\n|turn|7\n|\n|t:|1701174462\n|move|p2a: Torkoal|Body Press|p1a: Glimmora\n|-damage|p1a: Glimmora|1\/100 brn\n|-activate|p1a: Glimmora|ability: Toxic Debris\n|-sidestart|p2: DragonEggies|move: Toxic Spikes\n|move|p1a: Glimmora|Toxic Spikes||[still]\n|-fail|p1a: Glimmora\n|\n|-damage|p2a: Torkoal|0 fnt|[from] psn\n|faint|p2a: Torkoal\n|-damage|p1a: Glimmora|0 fnt|[from] brn\n|faint|p1a: Glimmora\n|upkeep\n|c|\u2606DragonEggies|too slow\n|-message|DragonEggies forfeited.\n|\n|win|absiiwhoha\n|raw|absiiwhoha's rating: 1073 &rarr; <strong>1098<\/strong><br \/>(+25 for winning)\n|raw|DragonEggies's rating: 1022 &rarr; <strong>1011<\/strong><br \/>(-11 for losing)\n|l|\u2606DragonEggies\n|c|\u2606absiiwhoha|gg\n","uploadtime":1701174502,"views":4,"p1id":"absiiwhoha","p2id":"dragoneggies","formatid":"gen9ou","rating":1011,"private":0,"password":""}