{"id":"gen9ou-1993171255","p1":"KINGTONY6","p2":"hjmuzzlord","format":"[Gen 9] OU","log":"|j|\u2606KINGTONY6\n|j|\u2606hjmuzzlord\n|t:|1700273467\n|gametype|singles\n|player|p1|KINGTONY6|giovanni-masters|\n|player|p2|hjmuzzlord|supernerd-gen1|\n|teamsize|p1|6\n|teamsize|p2|6\n|gen|9\n|tier|[Gen 9] OU\n|rule|Sleep Clause Mod: Limit one foe put to sleep\n|rule|Species Clause: Limit one of each Pok\u00e9mon\n|rule|OHKO Clause: OHKO moves are banned\n|rule|Evasion Items Clause: Evasion items are banned\n|rule|Evasion Moves Clause: Evasion moves are banned\n|rule|Endless Battle Clause: Forcing endless battles is banned\n|rule|HP Percentage Mod: HP is shown in percentages\n|clearpoke\n|poke|p1|Milotic, F|\n|poke|p1|Ninetales-Alola, F|\n|poke|p1|Espeon, F|\n|poke|p1|Okidogi, M|\n|poke|p1|Mudsdale, M|\n|poke|p1|Ceruledge, M|\n|poke|p2|Ursaluna, M|\n|poke|p2|Empoleon, M|\n|poke|p2|Armarouge, M|\n|poke|p2|Amoonguss, M|\n|poke|p2|Mamoswine, M|\n|poke|p2|Sudowoodo, M|\n|teampreview\n|j| poggerwog\n|c|\u2606KINGTONY6|GL\n|j| edicts\n|c|\u2606KINGTONY6|HF\n|j| napg0d\n|c|\u2606hjmuzzlord|GL\n|c|\u2606hjmuzzlord|HF\n|c|\u2606KINGTONY6|spectators ready ?\n|c| edicts|GUH?\n|c| poggerwog|spectators ready :100:\n|c|\u2606KINGTONY6|leaving VC\n|c|\u2606KINGTONY6|discord call ruins my spotify audio\n|c|\u2606KINGTONY6|for some reason\n|c|\u2606KINGTONY6|lmao\n|\n|t:|1700273515\n|start\n|switch|p1a: Live Laugh Love|Ninetales-Alola, F, shiny|100\/100\n|switch|p2a: Jessie|Mamoswine, M|100\/100\n|-weather|Snow|[from] ability: Snow Warning|[of] p1a: Live Laugh Love\n|turn|1\n|\n|t:|1700273556\n|switch|p2a: Dan Gheesling|Armarouge, M|100\/100\n|move|p1a: Live Laugh Love|Aurora Veil|p1a: Live Laugh Love\n|-sidestart|p1: KINGTONY6|move: Aurora Veil\n|\n|-weather|Snow|[upkeep]\n|upkeep\n|turn|2\n|\n|t:|1700273566\n|switch|p1a: True Night's Edge|Ceruledge, M|100\/100\n|move|p2a: Dan Gheesling|Armor Cannon|p1a: True Night's Edge\n|-resisted|p1a: True Night's Edge\n|-damage|p1a: True Night's Edge|83\/100\n|-unboost|p2a: Dan Gheesling|def|1\n|-unboost|p2a: Dan Gheesling|spd|1\n|\n|-weather|Snow|[upkeep]\n|-heal|p1a: True Night's Edge|89\/100|[from] item: Leftovers\n|upkeep\n|turn|3\n|\n|t:|1700273589\n|switch|p2a: Jerry|Ursaluna, M|100\/100\n|move|p1a: True Night's Edge|Swords Dance|p1a: True Night's Edge\n|-boost|p1a: True Night's Edge|atk|2\n|\n|-weather|Snow|[upkeep]\n|-heal|p1a: True Night's Edge|95\/100|[from] item: Leftovers\n|-status|p2a: Jerry|brn|[from] item: Flame Orb\n|upkeep\n|turn|4\n|\n|t:|1700273599\n|move|p1a: True Night's Edge|Close Combat|p2a: Jerry\n|-supereffective|p2a: Jerry\n|-damage|p2a: Jerry|0 fnt\n|-unboost|p1a: True Night's Edge|def|1\n|-unboost|p1a: True Night's Edge|spd|1\n|faint|p2a: Jerry\n|\n|-weather|Snow|[upkeep]\n|-heal|p1a: True Night's Edge|100\/100|[from] item: Leftovers\n|upkeep\n|\n|t:|1700273622\n|switch|p2a: Renny|Amoonguss, M|100\/100\n|turn|5\n|\n|t:|1700273628\n|move|p1a: True Night's Edge|Bitter Blade|p2a: Renny\n|-supereffective|p2a: Renny\n|-damage|p2a: Renny|0 fnt\n|faint|p2a: Renny\n|\n|-weather|none\n|upkeep\n|\n|t:|1700273638\n|switch|p2a: Memphis|Empoleon, M|100\/100\n|turn|6\n|\n|t:|1700273643\n|move|p1a: True Night's Edge|Close Combat|p2a: Memphis\n|-supereffective|p2a: Memphis\n|-damage|p2a: Memphis|0 fnt\n|-unboost|p1a: True Night's Edge|def|1\n|-unboost|p1a: True Night's Edge|spd|1\n|faint|p2a: Memphis\n|\n|upkeep\n|\n|t:|1700273650\n|switch|p2a: Jessie|Mamoswine, M|100\/100\n|turn|7\n|c| napg0d|pain\n|\n|t:|1700273657\n|-terastallize|p2a: Jessie|Grass\n|move|p1a: True Night's Edge|Bitter Blade|p2a: Jessie\n|-supereffective|p2a: Jessie\n|-damage|p2a: Jessie|0 fnt\n|faint|p2a: Jessie\n|\n|upkeep\n|\n|t:|1700273663\n|switch|p2a: Steven|Sudowoodo, M|100\/100\n|turn|8\n|c|\u2606KINGTONY6|what a silly littel guy\n|\n|t:|1700273675\n|move|p2a: Steven|Protect|p2a: Steven\n|-singleturn|p2a: Steven|Protect\n|move|p1a: True Night's Edge|Close Combat|p2a: Steven\n|-activate|p2a: Steven|move: Protect\n|\n|-sideend|p1: KINGTONY6|move: Aurora Veil\n|upkeep\n|turn|9\n|\n|t:|1700273681\n|move|p1a: True Night's Edge|Bitter Blade|p2a: Steven\n|-resisted|p2a: Steven\n|-damage|p2a: Steven|70\/100\n|move|p2a: Steven|Substitute|p2a: Steven\n|-start|p2a: Steven|Substitute\n|-damage|p2a: Steven|45\/100\n|\n|-heal|p2a: Steven|51\/100|[from] item: Leftovers\n|upkeep\n|turn|10\n|\n|t:|1700273689\n|move|p2a: Steven|Protect|p2a: Steven\n|-singleturn|p2a: Steven|Protect\n|move|p1a: True Night's Edge|Close Combat|p2a: Steven\n|-activate|p2a: Steven|move: Protect\n|\n|-heal|p2a: Steven|57\/100|[from] item: Leftovers\n|upkeep\n|turn|11\n|\n|t:|1700273696\n|move|p1a: True Night's Edge|Close Combat|p2a: Steven\n|-supereffective|p2a: Steven\n|-end|p2a: Steven|Substitute\n|-unboost|p1a: True Night's Edge|def|1\n|-unboost|p1a: True Night's Edge|spd|1\n|move|p2a: Steven|Wood Hammer|p1a: True Night's Edge\n|-resisted|p1a: True Night's Edge\n|-crit|p1a: True Night's Edge\n|-damage|p1a: True Night's Edge|28\/100\n|-ability|p1a: True Night's Edge|Weak Armor|boost\n|-unboost|p1a: True Night's Edge|def|1\n|-boost|p1a: True Night's Edge|spe|2\n|\n|-heal|p1a: True Night's Edge|34\/100|[from] item: Leftovers\n|-heal|p2a: Steven|64\/100|[from] item: Leftovers\n|upkeep\n|turn|12\n|c|\u2606KINGTONY6|world's strongest sudowoodo\n|\n|t:|1700273709\n|move|p2a: Steven|Protect|p2a: Steven\n|-singleturn|p2a: Steven|Protect\n|move|p1a: True Night's Edge|Close Combat|p2a: Steven\n|-activate|p2a: Steven|move: Protect\n|\n|-heal|p1a: True Night's Edge|40\/100|[from] item: Leftovers\n|-heal|p2a: Steven|70\/100|[from] item: Leftovers\n|upkeep\n|turn|13\n|\n|t:|1700273717\n|move|p1a: True Night's Edge|Close Combat|p2a: Steven\n|-supereffective|p2a: Steven\n|-damage|p2a: Steven|0 fnt\n|-unboost|p1a: True Night's Edge|def|1\n|-unboost|p1a: True Night's Edge|spd|1\n|faint|p2a: Steven\n|\n|-heal|p1a: True Night's Edge|46\/100|[from] item: Leftovers\n|upkeep\n|\n|t:|1700273724\n|switch|p2a: Dan Gheesling|Armarouge, M|100\/100\n|turn|14\n|\n|t:|1700273730\n|move|p1a: True Night's Edge|Shadow Sneak|p2a: Dan Gheesling\n|-supereffective|p2a: Dan Gheesling\n|-damage|p2a: Dan Gheesling|6\/100\n|-ability|p2a: Dan Gheesling|Weak Armor|boost\n|-unboost|p2a: Dan Gheesling|def|1\n|-boost|p2a: Dan Gheesling|spe|2\n|move|p2a: Dan Gheesling|Armor Cannon|p1a: True Night's Edge\n|-resisted|p1a: True Night's Edge\n|-damage|p1a: True Night's Edge|0 fnt\n|-unboost|p2a: Dan Gheesling|def|1\n|-unboost|p2a: Dan Gheesling|spd|1\n|faint|p1a: True Night's Edge\n|\n|upkeep\n|\n|t:|1700273743\n|switch|p1a: Slow Dancer|Mudsdale, M|100\/100\n|turn|15\n|c|\u2606hjmuzzlord|no 6-0\n|\n|t:|1700273751\n|move|p2a: Dan Gheesling|Armor Cannon|p1a: Slow Dancer\n|-damage|p1a: Slow Dancer|46\/100\n|-unboost|p2a: Dan Gheesling|def|1\n|-unboost|p2a: Dan Gheesling|spd|1\n|-ability|p1a: Slow Dancer|Stamina|boost\n|-boost|p1a: Slow Dancer|def|1\n|move|p1a: Slow Dancer|Earthquake|p2a: Dan Gheesling\n|-supereffective|p2a: Dan Gheesling\n|-damage|p2a: Dan Gheesling|0 fnt\n|faint|p2a: Dan Gheesling\n|\n|win|KINGTONY6\n","uploadtime":1700273761,"views":17,"p1id":"kingtony6","p2id":"hjmuzzlord","formatid":"gen9ou","rating":0,"private":0,"password":""}