{"id":"gen9ou-1991664853","p1":"Overripe","p2":"OfTheStars","format":"[Gen 9] OU","log":"|j|\u2606Overripe\n|j|\u2606OfTheStars\n|t:|1700100112\n|gametype|singles\n|player|p1|Overripe|iris-gen5bw2|1296\n|player|p2|OfTheStars|parasollady|1347\n|teamsize|p1|6\n|teamsize|p2|6\n|gen|9\n|tier|[Gen 9] OU\n|rated|\n|rule|Sleep Clause Mod: Limit one foe put to sleep\n|rule|Species Clause: Limit one of each Pok\u00e9mon\n|rule|OHKO Clause: OHKO moves are banned\n|rule|Evasion Items Clause: Evasion items are banned\n|rule|Evasion Moves Clause: Evasion moves are banned\n|rule|Endless Battle Clause: Forcing endless battles is banned\n|rule|HP Percentage Mod: HP is shown in percentages\n|clearpoke\n|poke|p1|Rillaboom, M|\n|poke|p1|Sneasler, F|\n|poke|p1|Iron Valiant|\n|poke|p1|Sandy Shocks|\n|poke|p1|Cinderace, M|\n|poke|p1|Walking Wake|\n|poke|p2|Rillaboom, M|\n|poke|p2|Sneasler, M|\n|poke|p2|Zamazenta-*|\n|poke|p2|Manaphy|\n|poke|p2|Heatran, M|\n|poke|p2|Hatterene, F|\n|teampreview\n|inactive|Battle timer is ON: inactive players will automatically lose when time's up. (requested by Overripe)\n|\n|t:|1700100129\n|start\n|switch|p1a: \u9b3c\u59eb|Walking Wake|100\/100\n|switch|p2a: Manaphy|Manaphy|100\/100\n|turn|1\n|\n|t:|1700100145\n|switch|p2a: Hatterene|Hatterene, F|100\/100\n|move|p1a: \u9b3c\u59eb|Draco Meteor|p2a: Hatterene\n|-immune|p2a: Hatterene\n|\n|upkeep\n|turn|2\n|\n|t:|1700100153\n|-end|p1a: \u9b3c\u59eb|Protosynthesis|[silent]\n|switch|p1a: \u7dd1\u725b|Rillaboom, M, shiny|100\/100\n|-fieldstart|move: Grassy Terrain|[from] ability: Grassy Surge|[of] p1a: \u7dd1\u725b\n|-enditem|p2a: Hatterene|Grassy Seed\n|-boost|p2a: Hatterene|def|1|[from] item: Grassy Seed\n|move|p2a: Hatterene|Nuzzle|p1a: \u7dd1\u725b\n|-resisted|p1a: \u7dd1\u725b\n|-damage|p1a: \u7dd1\u725b|99\/100\n|-status|p1a: \u7dd1\u725b|par\n|\n|-heal|p1a: \u7dd1\u725b|100\/100 par|[from] Grassy Terrain\n|upkeep\n|turn|3\n|\n|t:|1700100161\n|move|p2a: Hatterene|Calm Mind|p2a: Hatterene\n|-boost|p2a: Hatterene|spa|1\n|-boost|p2a: Hatterene|spd|1\n|move|p1a: \u7dd1\u725b|Knock Off|p2a: Hatterene\n|-damage|p2a: Hatterene|86\/100\n|\n|-heal|p2a: Hatterene|92\/100|[from] Grassy Terrain\n|upkeep\n|turn|4\n|\n|t:|1700100171\n|move|p1a: \u7dd1\u725b|Grassy Glide|p2a: Hatterene\n|-damage|p2a: Hatterene|69\/100\n|move|p2a: Hatterene|Calm Mind|p2a: Hatterene\n|-boost|p2a: Hatterene|spa|1\n|-boost|p2a: Hatterene|spd|1\n|\n|-heal|p2a: Hatterene|75\/100|[from] Grassy Terrain\n|upkeep\n|turn|5\n|\n|t:|1700100177\n|move|p2a: Hatterene|Draining Kiss|p1a: \u7dd1\u725b\n|-damage|p1a: \u7dd1\u725b|69\/100 par\n|-heal|p2a: Hatterene|100\/100|[from] drain|[of] p1a: \u7dd1\u725b\n|move|p1a: \u7dd1\u725b|U-turn|p2a: Hatterene\n|-damage|p2a: Hatterene|86\/100\n|\n|t:|1700100181\n|switch|p1a: Messi|Cinderace, M, shiny|100\/100|[from] U-turn\n|\n|-heal|p2a: Hatterene|92\/100|[from] Grassy Terrain\n|upkeep\n|turn|6\n|\n|t:|1700100187\n|move|p1a: Messi|Gunk Shot|p2a: Hatterene\n|-start|p1a: Messi|typechange|Poison|[from] ability: Libero\n|-supereffective|p2a: Hatterene\n|-damage|p2a: Hatterene|24\/100\n|move|p2a: Hatterene|Nuzzle|p1a: Messi\n|-damage|p1a: Messi|95\/100\n|-status|p1a: Messi|par\n|\n|-heal|p1a: Messi|100\/100 par|[from] Grassy Terrain\n|-heal|p2a: Hatterene|30\/100|[from] Grassy Terrain\n|-fieldend|move: Grassy Terrain\n|upkeep\n|turn|7\n|\n|t:|1700100197\n|move|p1a: Messi|Pyro Ball|p2a: Hatterene\n|-damage|p2a: Hatterene|9\/100\n|move|p2a: Hatterene|Draining Kiss|p1a: Messi\n|-resisted|p1a: Messi\n|-damage|p1a: Messi|66\/100 par\n|-heal|p2a: Hatterene|33\/100|[from] drain|[of] p1a: Messi\n|\n|upkeep\n|turn|8\n|\n|t:|1700100204\n|cant|p1a: Messi|par\n|move|p2a: Hatterene|Draining Kiss|p1a: Messi\n|-resisted|p1a: Messi\n|-crit|p1a: Messi\n|-damage|p1a: Messi|18\/100 par\n|-heal|p2a: Hatterene|67\/100|[from] drain|[of] p1a: Messi\n|\n|upkeep\n|turn|9\n|\n|t:|1700100215\n|move|p1a: Messi|Gunk Shot|p2a: Hatterene\n|-supereffective|p2a: Hatterene\n|-damage|p2a: Hatterene|6\/100\n|move|p2a: Hatterene|Draining Kiss|p1a: Messi\n|-resisted|p1a: Messi\n|-damage|p1a: Messi|0 fnt\n|-heal|p2a: Hatterene|19\/100|[from] drain|[of] p1a: Messi\n|faint|p1a: Messi\n|\n|upkeep\n|\n|t:|1700100220\n|switch|p1a: \u7dd1\u725b|Rillaboom, M, shiny|69\/100 par\n|-fieldstart|move: Grassy Terrain|[from] ability: Grassy Surge|[of] p1a: \u7dd1\u725b\n|turn|10\n|\n|t:|1700100228\n|move|p1a: \u7dd1\u725b|Grassy Glide|p2a: Hatterene\n|-damage|p2a: Hatterene|0 fnt\n|faint|p2a: Hatterene\n|\n|-heal|p1a: \u7dd1\u725b|75\/100 par|[from] Grassy Terrain\n|upkeep\n|\n|t:|1700100240\n|switch|p2a: Rillaboom|Rillaboom, M|100\/100\n|turn|11\n|\n|t:|1700100251\n|move|p2a: Rillaboom|U-turn|p1a: \u7dd1\u725b\n|-supereffective|p1a: \u7dd1\u725b\n|-damage|p1a: \u7dd1\u725b|0 fnt\n|faint|p1a: \u7dd1\u725b\n|\n|t:|1700100260\n|switch|p2a: Sneasler|Sneasler, M|100\/100|[from] U-turn\n|-enditem|p2a: Sneasler|Grassy Seed\n|-boost|p2a: Sneasler|def|1|[from] item: Grassy Seed\n|\n|upkeep\n|\n|t:|1700100276\n|switch|p1a: \u5bae\u672c \u6b66\u8535|Sandy Shocks, shiny|100\/100\n|turn|12\n|\n|t:|1700100281\n|move|p2a: Sneasler|Dire Claw|p1a: \u5bae\u672c \u6b66\u8535\n|-resisted|p1a: \u5bae\u672c \u6b66\u8535\n|-damage|p1a: \u5bae\u672c \u6b66\u8535|73\/100\n|move|p1a: \u5bae\u672c \u6b66\u8535|Volt Switch|p2a: Sneasler\n|-damage|p2a: Sneasler|54\/100\n|\n|t:|1700100287\n|-end|p1a: \u5bae\u672c \u6b66\u8535|Protosynthesis|[silent]\n|switch|p1a: \u7adc\u9a0e\u58eb|Iron Valiant, shiny|100\/100|[from] Volt Switch\n|\n|-heal|p2a: Sneasler|61\/100|[from] Grassy Terrain\n|upkeep\n|turn|13\n|\n|t:|1700100291\n|-terastallize|p1a: \u7adc\u9a0e\u58eb|Steel\n|move|p2a: Sneasler|Dire Claw|p1a: \u7adc\u9a0e\u58eb\n|-immune|p1a: \u7adc\u9a0e\u58eb\n|move|p1a: \u7adc\u9a0e\u58eb|Moonblast|p2a: Sneasler\n|-damage|p2a: Sneasler|0 fnt\n|faint|p2a: Sneasler\n|\n|upkeep\n|\n|t:|1700100301\n|switch|p2a: Heatran|Heatran, M|100\/100\n|-item|p2a: Heatran|Air Balloon\n|turn|14\n|\n|t:|1700100307\n|move|p1a: \u7adc\u9a0e\u58eb|Close Combat|p2a: Heatran\n|-supereffective|p2a: Heatran\n|-damage|p2a: Heatran|12\/100\n|-unboost|p1a: \u7adc\u9a0e\u58eb|def|1\n|-unboost|p1a: \u7adc\u9a0e\u58eb|spd|1\n|-enditem|p2a: Heatran|Air Balloon\n|move|p2a: Heatran|Magma Storm|p1a: \u7adc\u9a0e\u58eb\n|-supereffective|p1a: \u7adc\u9a0e\u58eb\n|-damage|p1a: \u7adc\u9a0e\u58eb|0 fnt\n|faint|p1a: \u7adc\u9a0e\u58eb\n|-end|p1a: \u7adc\u9a0e\u58eb|Quark Drive|[silent]\n|\n|-heal|p2a: Heatran|18\/100|[from] Grassy Terrain\n|-fieldend|move: Grassy Terrain\n|upkeep\n|\n|t:|1700100316\n|switch|p1a: \u5bae\u672c \u6b66\u8535|Sandy Shocks, shiny|73\/100\n|turn|15\n|\n|t:|1700100320\n|move|p1a: \u5bae\u672c \u6b66\u8535|Volt Switch|p2a: Heatran\n|-damage|p2a: Heatran|0 fnt\n|faint|p2a: Heatran\n|\n|t:|1700100323\n|-end|p1a: \u5bae\u672c \u6b66\u8535|Protosynthesis|[silent]\n|switch|p1a: \u9b3c\u59eb|Walking Wake|100\/100|[from] Volt Switch\n|\n|upkeep\n|\n|t:|1700100332\n|switch|p2a: Rillaboom|Rillaboom, M|100\/100\n|-fieldstart|move: Grassy Terrain|[from] ability: Grassy Surge|[of] p2a: Rillaboom\n|turn|16\n|\n|t:|1700100352\n|move|p2a: Rillaboom|Grassy Glide|p1a: \u9b3c\u59eb\n|-damage|p1a: \u9b3c\u59eb|38\/100\n|move|p1a: \u9b3c\u59eb|Draco Meteor|p2a: Rillaboom\n|-damage|p2a: Rillaboom|0 fnt\n|-unboost|p1a: \u9b3c\u59eb|spa|2\n|faint|p2a: Rillaboom\n|\n|-heal|p1a: \u9b3c\u59eb|44\/100|[from] Grassy Terrain\n|upkeep\n|\n|t:|1700100360\n|switch|p2a: Manaphy|Manaphy|100\/100\n|turn|17\n|\n|t:|1700100366\n|-end|p1a: \u9b3c\u59eb|Protosynthesis|[silent]\n|switch|p1a: \u5bae\u672c \u6b66\u8535|Sandy Shocks, shiny|73\/100\n|move|p2a: Manaphy|Tail Glow|p2a: Manaphy\n|-boost|p2a: Manaphy|spa|3\n|\n|-heal|p1a: \u5bae\u672c \u6b66\u8535|79\/100|[from] Grassy Terrain\n|upkeep\n|turn|18\n|\n|t:|1700100371\n|-terastallize|p2a: Manaphy|Grass\n|move|p1a: \u5bae\u672c \u6b66\u8535|Volt Switch|p2a: Manaphy\n|-resisted|p2a: Manaphy\n|-damage|p2a: Manaphy|86\/100\n|\n|t:|1700100374\n|-end|p1a: \u5bae\u672c \u6b66\u8535|Protosynthesis|[silent]\n|switch|p1a: \u9b3c\u59eb|Walking Wake|44\/100|[from] Volt Switch\n|move|p2a: Manaphy|Surf|p1a: \u9b3c\u59eb\n|-resisted|p1a: \u9b3c\u59eb\n|-damage|p1a: \u9b3c\u59eb|20\/100\n|\n|-heal|p1a: \u9b3c\u59eb|26\/100|[from] Grassy Terrain\n|-heal|p2a: Manaphy|92\/100|[from] Grassy Terrain\n|upkeep\n|turn|19\n|\n|t:|1700100383\n|move|p1a: \u9b3c\u59eb|Draco Meteor|p2a: Manaphy\n|-damage|p2a: Manaphy|11\/100\n|-unboost|p1a: \u9b3c\u59eb|spa|2\n|-enditem|p2a: Manaphy|Sitrus Berry|[eat]\n|-heal|p2a: Manaphy|36\/100|[from] item: Sitrus Berry\n|move|p2a: Manaphy|Energy Ball|p1a: \u9b3c\u59eb\n|-damage|p1a: \u9b3c\u59eb|0 fnt\n|faint|p1a: \u9b3c\u59eb\n|-end|p1a: \u9b3c\u59eb|Protosynthesis|[silent]\n|\n|-heal|p2a: Manaphy|42\/100|[from] Grassy Terrain\n|upkeep\n|\n|t:|1700100390\n|switch|p1a: \u938c\u9f2c|Sneasler, F, shiny|100\/100\n|-enditem|p1a: \u938c\u9f2c|Grassy Seed\n|-boost|p1a: \u938c\u9f2c|def|1|[from] item: Grassy Seed\n|turn|20\n|\n|t:|1700100395\n|move|p1a: \u938c\u9f2c|Acrobatics|p2a: Manaphy\n|-supereffective|p2a: Manaphy\n|-damage|p2a: Manaphy|0 fnt\n|faint|p2a: Manaphy\n|\n|-fieldend|move: Grassy Terrain\n|upkeep\n|\n|t:|1700100398\n|switch|p2a: Zamazenta|Zamazenta|100\/100\n|-ability|p2a: Zamazenta|Dauntless Shield|boost\n|-boost|p2a: Zamazenta|def|1\n|turn|21\n|\n|t:|1700100401\n|move|p1a: \u938c\u9f2c|Swords Dance|p1a: \u938c\u9f2c\n|-boost|p1a: \u938c\u9f2c|atk|2\n|move|p2a: Zamazenta|Iron Defense|p2a: Zamazenta\n|-boost|p2a: Zamazenta|def|2\n|\n|upkeep\n|turn|22\n|\n|t:|1700100407\n|move|p1a: \u938c\u9f2c|Swords Dance|p1a: \u938c\u9f2c\n|-boost|p1a: \u938c\u9f2c|atk|2\n|move|p2a: Zamazenta|Iron Defense|p2a: Zamazenta\n|-boost|p2a: Zamazenta|def|2\n|\n|upkeep\n|turn|23\n|\n|t:|1700100410\n|move|p1a: \u938c\u9f2c|Acrobatics|p2a: Zamazenta\n|-supereffective|p2a: Zamazenta\n|-damage|p2a: Zamazenta|43\/100\n|move|p2a: Zamazenta|Body Press|p1a: \u938c\u9f2c\n|-resisted|p1a: \u938c\u9f2c\n|-damage|p1a: \u938c\u9f2c|28\/100\n|\n|-heal|p2a: Zamazenta|50\/100|[from] item: Leftovers\n|upkeep\n|turn|24\n|\n|t:|1700100417\n|move|p1a: \u938c\u9f2c|Acrobatics|p2a: Zamazenta\n|-supereffective|p2a: Zamazenta\n|-damage|p2a: Zamazenta|0 fnt\n|faint|p2a: Zamazenta\n|\n|win|Overripe\n|raw|Overripe's rating: 1296 &rarr; <strong>1325<\/strong><br \/>(+29 for winning)\n|raw|OfTheStars's rating: 1347 &rarr; <strong>1324<\/strong><br \/>(-23 for losing)\n|c|\u2606Overripe|Gg\n|l|\u2606OfTheStars\n","uploadtime":1700100428,"views":10,"p1id":"overripe","p2id":"ofthestars","formatid":"gen9ou","rating":1324,"private":0,"password":""}