{"id":"gen9ou-1996504588","p1":"Seath511","p2":"Apezilla","format":"[Gen 9] OU","log":"|j|\u2606Seath511\n|j|\u2606Apezilla\n|t:|1700688499\n|gametype|singles\n|player|p1|Seath511|1|\n|player|p2|Apezilla|170|\n|teamsize|p1|6\n|teamsize|p2|6\n|gen|9\n|tier|[Gen 9] OU\n|rule|Sleep Clause Mod: Limit one foe put to sleep\n|rule|Species Clause: Limit one of each Pok\u00e9mon\n|rule|OHKO Clause: OHKO moves are banned\n|rule|Evasion Items Clause: Evasion items are banned\n|rule|Evasion Moves Clause: Evasion moves are banned\n|rule|Endless Battle Clause: Forcing endless battles is banned\n|rule|HP Percentage Mod: HP is shown in percentages\n|clearpoke\n|poke|p1|Gholdengo|\n|poke|p1|Tyranitar, F|\n|poke|p1|Lycanroc, F|\n|poke|p1|Iron Treads|\n|poke|p1|Quaquaval, M|\n|poke|p1|Amoonguss, M|\n|poke|p2|Dusknoir, M|\n|poke|p2|Jirachi|\n|poke|p2|Snorlax, M|\n|poke|p2|Great Tusk|\n|poke|p2|Iron Moth|\n|poke|p2|Noivern, M|\n|teampreview\n|j| kadomatsu\n|j| best game of time\n|l| best game of time\n|\n|t:|1700688546\n|start\n|switch|p1a: Tyranitar|Tyranitar, F|100\/100\n|switch|p2a: V. Sace|Jirachi|100\/100\n|-weather|Sandstorm|[from] ability: Sand Stream|[of] p1a: Tyranitar\n|turn|1\n|\n|t:|1700688570\n|switch|p1a: Gholdengo|Gholdengo|100\/100\n|move|p2a: V. Sace|Aura Sphere|p1a: Gholdengo\n|-immune|p1a: Gholdengo\n|\n|-weather|Sandstorm|[upkeep]\n|upkeep\n|turn|2\n|\n|t:|1700688581\n|move|p2a: V. Sace|Stealth Rock|p1a: Gholdengo\n|-sidestart|p1: Seath511|move: Stealth Rock\n|move|p1a: Gholdengo|Nasty Plot|p1a: Gholdengo\n|-boost|p1a: Gholdengo|spa|2\n|\n|-weather|Sandstorm|[upkeep]\n|upkeep\n|turn|3\n|\n|t:|1700688599\n|switch|p2a: S. Walker|Snorlax, M|100\/100\n|move|p1a: Gholdengo|Nasty Plot|p1a: Gholdengo\n|-boost|p1a: Gholdengo|spa|2\n|\n|-weather|Sandstorm|[upkeep]\n|-damage|p2a: S. Walker|94\/100|[from] Sandstorm\n|upkeep\n|turn|4\n|\n|t:|1700688616\n|-terastallize|p2a: S. Walker|Normal\n|move|p1a: Gholdengo|Make It Rain|p2a: S. Walker\n|-damage|p2a: S. Walker|0 fnt\n|-unboost|p1a: Gholdengo|spa|1\n|faint|p2a: S. Walker\n|\n|-weather|Sandstorm|[upkeep]\n|upkeep\n|\n|t:|1700688624\n|switch|p2a: D. Bugger|Iron Moth|100\/100\n|turn|5\n|\n|t:|1700688666\n|move|p2a: D. Bugger|Fiery Dance|p1a: Gholdengo\n|-supereffective|p1a: Gholdengo\n|-damage|p1a: Gholdengo|23\/100\n|-boost|p2a: D. Bugger|spa|1\n|move|p1a: Gholdengo|Shadow Ball|p2a: D. Bugger\n|-enditem|p2a: D. Bugger|Focus Sash\n|-damage|p2a: D. Bugger|1\/100\n|-unboost|p2a: D. Bugger|spd|1\n|\n|-weather|none\n|upkeep\n|turn|6\n|inactive|Battle timer is ON: inactive players will automatically lose when time's up. (requested by Seath511)\n|\n|t:|1700688687\n|switch|p1a: Tyranitar|Tyranitar, F|100\/100\n|-damage|p1a: Tyranitar|88\/100|[from] Stealth Rock\n|-weather|Sandstorm|[from] ability: Sand Stream|[of] p1a: Tyranitar\n|move|p2a: D. Bugger|Fiery Dance|p1a: Tyranitar\n|-resisted|p1a: Tyranitar\n|-damage|p1a: Tyranitar|75\/100\n|-boost|p2a: D. Bugger|spa|1\n|\n|-weather|Sandstorm|[upkeep]\n|-damage|p2a: D. Bugger|0 fnt|[from] Sandstorm\n|faint|p2a: D. Bugger\n|-end|p2a: D. Bugger|Quark Drive|[silent]\n|-heal|p1a: Tyranitar|81\/100|[from] item: Leftovers\n|upkeep\n|\n|t:|1700688712\n|switch|p2a: C. Claup RN|Dusknoir, M|100\/100\n|-item|p1a: Tyranitar|Leftovers|[from] ability: Frisk|[of] p2a: C. Claup RN|[identify]\n|turn|7\n|\n|t:|1700688729\n|move|p1a: Tyranitar|Stealth Rock|p2a: C. Claup RN\n|-sidestart|p2: Apezilla|move: Stealth Rock\n|move|p2a: C. Claup RN|Brick Break|p1a: Tyranitar\n|-supereffective|p1a: Tyranitar\n|-damage|p1a: Tyranitar|30\/100\n|\n|-weather|Sandstorm|[upkeep]\n|-damage|p2a: C. Claup RN|94\/100|[from] Sandstorm\n|-heal|p1a: Tyranitar|36\/100|[from] item: Leftovers\n|upkeep\n|turn|8\n|\n|t:|1700688757\n|switch|p1a: Gholdengo|Gholdengo|23\/100\n|-damage|p1a: Gholdengo|17\/100|[from] Stealth Rock\n|move|p2a: C. Claup RN|Brick Break|p1a: Gholdengo\n|-immune|p1a: Gholdengo\n|\n|-weather|Sandstorm|[upkeep]\n|-damage|p2a: C. Claup RN|88\/100|[from] Sandstorm\n|upkeep\n|turn|9\n|\n|t:|1700688770\n|move|p2a: C. Claup RN|Shadow Sneak|p1a: Gholdengo\n|-supereffective|p1a: Gholdengo\n|-damage|p1a: Gholdengo|0 fnt\n|faint|p1a: Gholdengo\n|\n|-weather|Sandstorm|[upkeep]\n|-damage|p2a: C. Claup RN|82\/100|[from] Sandstorm\n|upkeep\n|inactive|Seath511 has 270 seconds left.\n|\n|t:|1700688796\n|switch|p1a: Quaquaval|Quaquaval, M|100\/100\n|-damage|p1a: Quaquaval|94\/100|[from] Stealth Rock\n|turn|10\n|\n|t:|1700688818\n|move|p1a: Quaquaval|Aqua Step|p2a: C. Claup RN\n|-damage|p2a: C. Claup RN|55\/100\n|-boost|p1a: Quaquaval|spe|1\n|move|p2a: C. Claup RN|Poltergeist|p1a: Quaquaval\n|-activate|p1a: Quaquaval|move: Poltergeist|Leftovers\n|-damage|p1a: Quaquaval|40\/100\n|\n|-weather|none\n|-heal|p1a: Quaquaval|46\/100|[from] item: Leftovers\n|upkeep\n|turn|11\n|inactive|Seath511 has 270 seconds left.\n|inactive|Seath511 has 240 seconds left.\n|\n|t:|1700688865\n|switch|p1a: Amoonguss|Amoonguss, M|100\/100\n|-damage|p1a: Amoonguss|88\/100|[from] Stealth Rock\n|move|p2a: C. Claup RN|Poltergeist|p1a: Amoonguss\n|-activate|p1a: Amoonguss|move: Poltergeist|Red Card\n|-damage|p1a: Amoonguss|57\/100\n|-enditem|p1a: Amoonguss|Red Card|[of] p2a: C. Claup RN\n|drag|p2a: D. Pachyr|Great Tusk|100\/100\n|-damage|p2a: D. Pachyr|98\/100|[from] Stealth Rock\n|\n|upkeep\n|turn|12\n|inactive|Apezilla has 270 seconds left.\n|\n|t:|1700688896\n|move|p2a: D. Pachyr|Ice Spinner|p1a: Amoonguss\n|-supereffective|p1a: Amoonguss\n|-damage|p1a: Amoonguss|11\/100\n|move|p1a: Amoonguss|Spore|p2a: D. Pachyr\n|-status|p2a: D. Pachyr|slp|[from] move: Spore\n|\n|upkeep\n|turn|13\n|inactive|Apezilla has 240 seconds left.\n|\n|t:|1700688929\n|-end|p2a: D. Pachyr|Protosynthesis|[silent]\n|switch|p2a: C. Claup RN|Dusknoir, M|55\/100\n|-damage|p2a: C. Claup RN|43\/100|[from] Stealth Rock\n|move|p1a: Amoonguss|Giga Drain|p2a: C. Claup RN\n|-damage|p2a: C. Claup RN|23\/100\n|-heal|p1a: Amoonguss|18\/100|[from] drain|[of] p2a: C. Claup RN\n|\n|upkeep\n|turn|14\n|inactive|Seath511 has 240 seconds left.\n|inactive|Apezilla has 240 seconds left.\n|inactive|Seath511 has 210 seconds left.\n|\n|t:|1700688972\n|switch|p1a: Iron Treads|Iron Treads|100\/100\n|-damage|p1a: Iron Treads|97\/100|[from] Stealth Rock\n|-enditem|p1a: Iron Treads|Booster Energy\n|-activate|p1a: Iron Treads|ability: Quark Drive|[fromitem]\n|-start|p1a: Iron Treads|quarkdrivespe\n|move|p2a: C. Claup RN|Brick Break|p1a: Iron Treads\n|-supereffective|p1a: Iron Treads\n|-damage|p1a: Iron Treads|73\/100\n|\n|upkeep\n|turn|15\n|inactive|Seath511 has 210 seconds left.\n|\n|t:|1700688988\n|move|p1a: Iron Treads|Earthquake|p2a: C. Claup RN\n|-damage|p2a: C. Claup RN|0 fnt\n|faint|p2a: C. Claup RN\n|\n|upkeep\n|inactive|Apezilla has 210 seconds left.\n|\n|t:|1700689018\n|switch|p2a: V. Sace|Jirachi|100\/100\n|-damage|p2a: V. Sace|94\/100|[from] Stealth Rock\n|turn|16\n|inactive|Seath511 has 210 seconds left.\n|\n|t:|1700689034\n|move|p1a: Iron Treads|Earthquake|p2a: V. Sace\n|-supereffective|p2a: V. Sace\n|-enditem|p2a: V. Sace|Shuca Berry|[eat]\n|-enditem|p2a: V. Sace|Shuca Berry|[weaken]\n|-damage|p2a: V. Sace|63\/100\n|move|p2a: V. Sace|Aura Sphere|p1a: Iron Treads\n|-supereffective|p1a: Iron Treads\n|-damage|p1a: Iron Treads|31\/100\n|\n|upkeep\n|turn|17\n|inactive|Apezilla has 210 seconds left.\n|\n|t:|1700689049\n|switch|p2a: D. Pachyr|Great Tusk|98\/100 slp\n|-damage|p2a: D. Pachyr|95\/100 slp|[from] Stealth Rock\n|move|p1a: Iron Treads|Earthquake|p2a: D. Pachyr\n|-damage|p2a: D. Pachyr|72\/100 slp\n|\n|upkeep\n|turn|18\n|inactive|Seath511 has 210 seconds left.\n|\n|t:|1700689067\n|-end|p1a: Iron Treads|Quark Drive|[silent]\n|switch|p1a: Amoonguss|Amoonguss, M|51\/100\n|-damage|p1a: Amoonguss|38\/100|[from] Stealth Rock\n|cant|p2a: D. Pachyr|slp\n|\n|upkeep\n|turn|19\n|\n|t:|1700689073\n|-curestatus|p2a: D. Pachyr|slp|[msg]\n|move|p2a: D. Pachyr|Ice Spinner|p1a: Amoonguss\n|-supereffective|p1a: Amoonguss\n|-damage|p1a: Amoonguss|0 fnt\n|faint|p1a: Amoonguss\n|\n|upkeep\n|c|\u2606Seath511|pls dont wake up\n|c|\u2606Seath511|fuck\n|inactive|Seath511 has 210 seconds left.\n|c|\u2606Seath511|Literally asked you\n|inactive|Seath511 has 180 seconds left.\n|inactive|Seath511 has 150 seconds left.\n|\n|t:|1700689146\n|switch|p1a: Iron Treads|Iron Treads|31\/100\n|-damage|p1a: Iron Treads|28\/100|[from] Stealth Rock\n|turn|20\n|inactive|Seath511 has 150 seconds left.\n|\n|t:|1700689162\n|move|p1a: Iron Treads|Earthquake|p2a: D. Pachyr\n|-damage|p2a: D. Pachyr|46\/100\n|move|p2a: D. Pachyr|Earthquake|p1a: Iron Treads\n|-supereffective|p1a: Iron Treads\n|-damage|p1a: Iron Treads|0 fnt\n|faint|p1a: Iron Treads\n|-end|p1a: Iron Treads|Quark Drive|[silent]\n|\n|upkeep\n|inactive|Seath511 has 150 seconds left.\n|inactive|Seath511 has 120 seconds left.\n|\n|t:|1700689215\n|switch|p1a: Quaquaval|Quaquaval, M|46\/100\n|-damage|p1a: Quaquaval|40\/100|[from] Stealth Rock\n|turn|21\n|inactive|Apezilla has 210 seconds left.\n|\n|t:|1700689259\n|-end|p2a: D. Pachyr|Protosynthesis|[silent]\n|switch|p2a: E. Dovah|Noivern, M|100\/100\n|-damage|p2a: E. Dovah|76\/100|[from] Stealth Rock\n|-item|p1a: Quaquaval|Leftovers|[from] ability: Frisk|[of] p2a: E. Dovah|[identify]\n|move|p1a: Quaquaval|Aqua Jet|p2a: E. Dovah\n|-resisted|p2a: E. Dovah\n|-damage|p2a: E. Dovah|63\/100\n|\n|-heal|p1a: Quaquaval|46\/100|[from] item: Leftovers\n|upkeep\n|turn|22\n|inactive|Seath511 has 120 seconds left.\n|inactive|Seath511 has 90 seconds left.\n|\n|t:|1700689311\n|switch|p1a: Tyranitar|Tyranitar, F|36\/100\n|-damage|p1a: Tyranitar|24\/100|[from] Stealth Rock\n|-weather|Sandstorm|[from] ability: Sand Stream|[of] p1a: Tyranitar\n|move|p2a: E. Dovah|Dragon Pulse|p1a: Tyranitar\n|-damage|p1a: Tyranitar|3\/100\n|-damage|p2a: E. Dovah|53\/100|[from] item: Life Orb\n|\n|-weather|Sandstorm|[upkeep]\n|-damage|p2a: E. Dovah|46\/100|[from] Sandstorm\n|-heal|p1a: Tyranitar|9\/100|[from] item: Leftovers\n|upkeep\n|turn|23\n|inactive|Seath511 has 60 seconds left.\n|\n|t:|1700689336\n|move|p2a: E. Dovah|Dragon Pulse|p1a: Tyranitar\n|-damage|p1a: Tyranitar|0 fnt\n|faint|p1a: Tyranitar\n|-damage|p2a: E. Dovah|37\/100|[from] item: Life Orb\n|\n|-weather|Sandstorm|[upkeep]\n|-damage|p2a: E. Dovah|30\/100|[from] Sandstorm\n|upkeep\n|inactive|Seath511 has 60 seconds left.\n|\n|t:|1700689350\n|switch|p1a: Lycanroc|Lycanroc, F|100\/100\n|-damage|p1a: Lycanroc|88\/100|[from] Stealth Rock\n|turn|24\n|inactive|Seath511 has 60 seconds left.\n|inactive|Apezilla has 180 seconds left.\n|inactive|Apezilla has 150 seconds left.\n|\n|t:|1700689407\n|move|p1a: Lycanroc|Swords Dance|p1a: Lycanroc\n|-boost|p1a: Lycanroc|atk|2\n|move|p2a: E. Dovah|Dragon Pulse|p1a: Lycanroc\n|-damage|p1a: Lycanroc|36\/100\n|-damage|p2a: E. Dovah|20\/100|[from] item: Life Orb\n|\n|-weather|Sandstorm|[upkeep]\n|-damage|p2a: E. Dovah|14\/100|[from] Sandstorm\n|upkeep\n|turn|25\n|inactive|Seath511 has 60 seconds left.\n|\n|t:|1700689421\n|move|p1a: Lycanroc|Accelerock|p2a: E. Dovah\n|-supereffective|p2a: E. Dovah\n|-damage|p2a: E. Dovah|0 fnt\n|faint|p2a: E. Dovah\n|-damage|p1a: Lycanroc|26\/100|[from] item: Life Orb\n|\n|-weather|Sandstorm|[upkeep]\n|upkeep\n|inactive|Apezilla has 150 seconds left.\n|\n|t:|1700689441\n|switch|p2a: D. Pachyr|Great Tusk|46\/100\n|-damage|p2a: D. Pachyr|43\/100|[from] Stealth Rock\n|turn|26\n|\n|t:|1700689451\n|-terastallize|p1a: Lycanroc|Fighting\n|move|p1a: Lycanroc|Close Combat|p2a: D. Pachyr\n|-damage|p2a: D. Pachyr|0 fnt\n|-unboost|p1a: Lycanroc|def|1\n|-unboost|p1a: Lycanroc|spd|1\n|faint|p2a: D. Pachyr\n|-end|p2a: D. Pachyr|Protosynthesis|[silent]\n|-damage|p1a: Lycanroc|16\/100|[from] item: Life Orb\n|\n|-weather|none\n|upkeep\n|\n|t:|1700689459\n|switch|p2a: V. Sace|Jirachi|63\/100\n|-damage|p2a: V. Sace|57\/100|[from] Stealth Rock\n|turn|27\n|inactive|Apezilla has 150 seconds left.\n|inactive|Seath511 has 60 seconds left.\n|\n|t:|1700689500\n|move|p1a: Lycanroc|Accelerock|p2a: V. Sace\n|-resisted|p2a: V. Sace\n|-damage|p2a: V. Sace|34\/100\n|-damage|p1a: Lycanroc|6\/100|[from] item: Life Orb\n|move|p2a: V. Sace|Flash Cannon|p1a: Lycanroc\n|-damage|p1a: Lycanroc|0 fnt\n|faint|p1a: Lycanroc\n|\n|upkeep\n|\n|t:|1700689508\n|switch|p1a: Quaquaval|Quaquaval, M|46\/100\n|-damage|p1a: Quaquaval|40\/100|[from] Stealth Rock\n|turn|28\n|inactive|Apezilla has 150 seconds left.\n|inactive|Seath511 has 30 seconds left.\n|inactive|Seath511 has 20 seconds left.\n|\n|t:|1700689544\n|move|p2a: V. Sace|Aura Sphere|p1a: Quaquaval\n|-damage|p1a: Quaquaval|13\/100\n|move|p1a: Quaquaval|Aqua Step|p2a: V. Sace\n|-damage|p2a: V. Sace|0 fnt\n|-boost|p1a: Quaquaval|spe|1\n|faint|p2a: V. Sace\n|\n|win|Seath511\n|inactive|Seath511 has 25 seconds left this turn.\n|c|\u2606Apezilla|ggs\n|c|\u2606Seath511|Gg man\n|l|\u2606Seath511\n","uploadtime":1700689622,"views":5,"p1id":"seath511","p2id":"apezilla","formatid":"gen9ou","rating":0,"private":0,"password":""}