{"id":"gen9ou-2000486274","p1":"Argon657","p2":"Jack0lantern89","format":"[Gen 9] OU","log":"|j|\u2606Argon657\n|j|\u203dJack0lantern89\n|t:|1701198848\n|gametype|singles\n|player|p1|Argon657|steven|1359\n|player|p2|Jack0lantern89|steven|1424\n|teamsize|p1|6\n|teamsize|p2|6\n|gen|9\n|tier|[Gen 9] OU\n|rated|\n|rule|Sleep Clause Mod: Limit one foe put to sleep\n|rule|Species Clause: Limit one of each Pok\u00e9mon\n|rule|OHKO Clause: OHKO moves are banned\n|rule|Evasion Items Clause: Evasion items are banned\n|rule|Evasion Moves Clause: Evasion moves are banned\n|rule|Endless Battle Clause: Forcing endless battles is banned\n|rule|HP Percentage Mod: HP is shown in percentages\n|clearpoke\n|poke|p1|Bellibolt, M|\n|poke|p1|Clefable, F|\n|poke|p1|Corviknight, M|\n|poke|p1|Dragapult, M|\n|poke|p1|Great Tusk|\n|poke|p1|Manaphy|\n|poke|p2|Ceruledge, M|\n|poke|p2|Heatran, M|\n|poke|p2|Alomomola, M|\n|poke|p2|Rillaboom, F|\n|poke|p2|Clefable, F|\n|poke|p2|Great Tusk|\n|teampreview\n|inactive|Battle timer is ON: inactive players will automatically lose when time's up. (requested by Jack0lantern89)\n|\n|t:|1701198862\n|start\n|switch|p1a: Clefable|Clefable, F|100\/100\n|switch|p2a: Rillaboom|Rillaboom, F|100\/100\n|-fieldstart|move: Grassy Terrain|[from] ability: Grassy Surge|[of] p2a: Rillaboom\n|turn|1\n|\n|t:|1701198866\n|switch|p1a: Corviknight|Corviknight, M, shiny|100\/100\n|-ability|p1a: Corviknight|Pressure\n|move|p2a: Rillaboom|U-turn|p1a: Corviknight\n|-resisted|p1a: Corviknight\n|-damage|p1a: Corviknight|95\/100\n|\n|t:|1701198869\n|switch|p2a: Heatran|Heatran, M|100\/100|[from] U-turn\n|\n|-heal|p1a: Corviknight|100\/100|[from] item: Leftovers\n|upkeep\n|turn|2\n|\n|t:|1701198881\n|switch|p1a: Manaphy|Manaphy|100\/100\n|move|p2a: Heatran|Magma Storm|p1a: Manaphy\n|-resisted|p1a: Manaphy\n|-damage|p1a: Manaphy|82\/100\n|-activate|p1a: Manaphy|move: Magma Storm|[of] p2a: Heatran\n|\n|-heal|p1a: Manaphy|88\/100|[from] Grassy Terrain\n|-heal|p1a: Manaphy|94\/100|[from] item: Leftovers\n|-damage|p1a: Manaphy|82\/100|[from] move: Magma Storm|[partiallytrapped]\n|upkeep\n|turn|3\n|\n|t:|1701198897\n|move|p1a: Manaphy|Take Heart|p1a: Manaphy\n|-boost|p1a: Manaphy|spa|1\n|-boost|p1a: Manaphy|spd|1\n|move|p2a: Heatran|Earth Power|p1a: Manaphy\n|-damage|p1a: Manaphy|68\/100\n|\n|-heal|p1a: Manaphy|74\/100|[from] Grassy Terrain\n|-heal|p1a: Manaphy|80\/100|[from] item: Leftovers\n|-damage|p1a: Manaphy|68\/100|[from] move: Magma Storm|[partiallytrapped]\n|upkeep\n|turn|4\n|\n|t:|1701198903\n|move|p1a: Manaphy|Acid Armor|p1a: Manaphy\n|-boost|p1a: Manaphy|def|2\n|move|p2a: Heatran|Taunt|p1a: Manaphy\n|-start|p1a: Manaphy|move: Taunt\n|\n|-heal|p1a: Manaphy|74\/100|[from] Grassy Terrain\n|-heal|p1a: Manaphy|80\/100|[from] item: Leftovers\n|-damage|p1a: Manaphy|68\/100|[from] move: Magma Storm|[partiallytrapped]\n|upkeep\n|turn|5\n|\n|t:|1701198911\n|switch|p2a: Rillaboom|Rillaboom, F|100\/100\n|move|p1a: Manaphy|Scald|p2a: Rillaboom\n|-resisted|p2a: Rillaboom\n|-damage|p2a: Rillaboom|73\/100\n|\n|-heal|p2a: Rillaboom|79\/100|[from] Grassy Terrain\n|-heal|p1a: Manaphy|74\/100|[from] Grassy Terrain\n|-heal|p1a: Manaphy|80\/100|[from] item: Leftovers\n|-end|p1a: Manaphy|Magma Storm|[partiallytrapped]|[silent]\n|-fieldend|move: Grassy Terrain\n|upkeep\n|turn|6\n|\n|t:|1701198920\n|switch|p1a: Corviknight|Corviknight, M, shiny|100\/100\n|-ability|p1a: Corviknight|Pressure\n|move|p2a: Rillaboom|Wood Hammer|p1a: Corviknight\n|-resisted|p1a: Corviknight\n|-damage|p1a: Corviknight|86\/100\n|-damage|p2a: Rillaboom|74\/100|[from] Recoil\n|\n|-heal|p1a: Corviknight|92\/100|[from] item: Leftovers\n|upkeep\n|turn|7\n|\n|t:|1701198927\n|switch|p2a: Great Tusk|Great Tusk|100\/100\n|move|p1a: Corviknight|U-turn|p2a: Great Tusk\n|-resisted|p2a: Great Tusk\n|-damage|p2a: Great Tusk|97\/100\n|\n|t:|1701198932\n|switch|p1a: Dragapult|Dragapult, M, shiny|100\/100|[from] U-turn\n|\n|-heal|p2a: Great Tusk|100\/100|[from] item: Leftovers\n|upkeep\n|turn|8\n|\n|t:|1701198937\n|-end|p2a: Great Tusk|Protosynthesis|[silent]\n|switch|p2a: Clefable|Clefable, F|100\/100\n|move|p1a: Dragapult|Will-O-Wisp|p2a: Clefable|[miss]\n|-miss|p1a: Dragapult|p2a: Clefable\n|\n|upkeep\n|turn|9\n|\n|t:|1701198942\n|switch|p2a: Heatran|Heatran, M|100\/100\n|move|p1a: Dragapult|U-turn|p2a: Heatran\n|-resisted|p2a: Heatran\n|-damage|p2a: Heatran|97\/100\n|\n|t:|1701198945\n|switch|p1a: Manaphy|Manaphy|80\/100|[from] U-turn\n|\n|-heal|p1a: Manaphy|87\/100|[from] item: Leftovers\n|-heal|p2a: Heatran|100\/100|[from] item: Leftovers\n|upkeep\n|turn|10\n|\n|t:|1701198949\n|move|p1a: Manaphy|Scald|p2a: Heatran\n|-supereffective|p2a: Heatran\n|-damage|p2a: Heatran|68\/100\n|move|p2a: Heatran|Taunt|p1a: Manaphy\n|-start|p1a: Manaphy|move: Taunt\n|\n|-heal|p1a: Manaphy|93\/100|[from] item: Leftovers\n|-heal|p2a: Heatran|74\/100|[from] item: Leftovers\n|upkeep\n|turn|11\n|\n|t:|1701198954\n|move|p1a: Manaphy|Scald|p2a: Heatran\n|-supereffective|p2a: Heatran\n|-damage|p2a: Heatran|37\/100\n|move|p2a: Heatran|Magma Storm|p1a: Manaphy\n|-resisted|p1a: Manaphy\n|-damage|p1a: Manaphy|75\/100\n|-activate|p1a: Manaphy|move: Magma Storm|[of] p2a: Heatran\n|\n|-heal|p1a: Manaphy|82\/100|[from] item: Leftovers\n|-heal|p2a: Heatran|43\/100|[from] item: Leftovers\n|-damage|p1a: Manaphy|69\/100|[from] move: Magma Storm|[partiallytrapped]\n|upkeep\n|turn|12\n|\n|t:|1701198960\n|switch|p2a: Clefable|Clefable, F|100\/100\n|move|p1a: Manaphy|Scald|p2a: Clefable\n|-damage|p2a: Clefable|75\/100\n|\n|-heal|p1a: Manaphy|75\/100|[from] item: Leftovers\n|-heal|p2a: Clefable|81\/100|[from] item: Leftovers\n|-end|p1a: Manaphy|Magma Storm|[partiallytrapped]|[silent]\n|upkeep\n|turn|13\n|\n|t:|1701198965\n|switch|p1a: Clefable|Clefable, F|100\/100\n|move|p2a: Clefable|Calm Mind|p2a: Clefable\n|-boost|p2a: Clefable|spa|1\n|-boost|p2a: Clefable|spd|1\n|\n|-heal|p2a: Clefable|87\/100|[from] item: Leftovers\n|upkeep\n|turn|14\n|\n|t:|1701198968\n|move|p1a: Clefable|Thunder Wave|p2a: Clefable\n|-status|p2a: Clefable|par\n|move|p2a: Clefable|Calm Mind|p2a: Clefable\n|-boost|p2a: Clefable|spa|1\n|-boost|p2a: Clefable|spd|1\n|\n|-heal|p2a: Clefable|93\/100 par|[from] item: Leftovers\n|upkeep\n|turn|15\n|\n|t:|1701198982\n|move|p1a: Clefable|Stealth Rock|p2a: Clefable\n|-sidestart|p2: Jack0lantern89|move: Stealth Rock\n|move|p2a: Clefable|Calm Mind|p2a: Clefable\n|-boost|p2a: Clefable|spa|1\n|-boost|p2a: Clefable|spd|1\n|\n|-heal|p2a: Clefable|99\/100 par|[from] item: Leftovers\n|upkeep\n|turn|16\n|\n|t:|1701198985\n|move|p1a: Clefable|Moonblast|p2a: Clefable\n|-crit|p2a: Clefable\n|-damage|p2a: Clefable|51\/100 par\n|-unboost|p2a: Clefable|spa|1\n|move|p2a: Clefable|Calm Mind|p2a: Clefable\n|-boost|p2a: Clefable|spa|1\n|-boost|p2a: Clefable|spd|1\n|\n|-heal|p2a: Clefable|57\/100 par|[from] item: Leftovers\n|upkeep\n|turn|17\n|\n|t:|1701198989\n|move|p1a: Clefable|Moonblast|p2a: Clefable\n|-damage|p2a: Clefable|47\/100 par\n|move|p2a: Clefable|Moonlight|p2a: Clefable\n|-heal|p2a: Clefable|97\/100 par\n|\n|-heal|p2a: Clefable|100\/100 par|[from] item: Leftovers\n|upkeep\n|turn|18\n|\n|t:|1701199001\n|move|p1a: Clefable|Moonblast|p2a: Clefable\n|-damage|p2a: Clefable|90\/100 par\n|cant|p2a: Clefable|par\n|\n|-heal|p2a: Clefable|96\/100 par|[from] item: Leftovers\n|upkeep\n|turn|19\n|\n|t:|1701199009\n|move|p1a: Clefable|Moonblast|p2a: Clefable\n|-damage|p2a: Clefable|87\/100 par\n|cant|p2a: Clefable|par\n|\n|-heal|p2a: Clefable|93\/100 par|[from] item: Leftovers\n|upkeep\n|turn|20\n|\n|t:|1701199013\n|switch|p1a: Great Tusk|Great Tusk|100\/100\n|move|p2a: Clefable|Calm Mind|p2a: Clefable\n|-boost|p2a: Clefable|spa|1\n|-boost|p2a: Clefable|spd|1\n|\n|-heal|p2a: Clefable|99\/100 par|[from] item: Leftovers\n|upkeep\n|turn|21\n|\n|t:|1701199018\n|move|p1a: Great Tusk|Headlong Rush|p2a: Clefable\n|-damage|p2a: Clefable|52\/100 par\n|-unboost|p1a: Great Tusk|def|1\n|-unboost|p1a: Great Tusk|spd|1\n|move|p2a: Clefable|Moonblast|p1a: Great Tusk\n|-supereffective|p1a: Great Tusk\n|-damage|p1a: Great Tusk|0 fnt\n|faint|p1a: Great Tusk\n|-end|p1a: Great Tusk|Protosynthesis|[silent]\n|\n|-heal|p2a: Clefable|58\/100 par|[from] item: Leftovers\n|upkeep\n|\n|t:|1701199031\n|switch|p1a: Manaphy|Manaphy|75\/100\n|turn|22\n|\n|t:|1701199033\n|move|p1a: Manaphy|Take Heart|p1a: Manaphy\n|-boost|p1a: Manaphy|spa|1\n|-boost|p1a: Manaphy|spd|1\n|move|p2a: Clefable|Moonblast|p1a: Manaphy\n|-damage|p1a: Manaphy|26\/100\n|-unboost|p1a: Manaphy|spa|1\n|\n|-heal|p1a: Manaphy|33\/100|[from] item: Leftovers\n|-heal|p2a: Clefable|64\/100 par|[from] item: Leftovers\n|upkeep\n|turn|23\n|\n|t:|1701199040\n|move|p1a: Manaphy|Take Heart|p1a: Manaphy\n|-boost|p1a: Manaphy|spa|1\n|-boost|p1a: Manaphy|spd|1\n|move|p2a: Clefable|Moonblast|p1a: Manaphy\n|-damage|p1a: Manaphy|0 fnt\n|faint|p1a: Manaphy\n|\n|-heal|p2a: Clefable|70\/100 par|[from] item: Leftovers\n|upkeep\n|\n|t:|1701199048\n|switch|p1a: Corviknight|Corviknight, M, shiny|92\/100\n|-ability|p1a: Corviknight|Pressure\n|turn|24\n|\n|t:|1701199051\n|move|p1a: Corviknight|Iron Defense|p1a: Corviknight\n|-boost|p1a: Corviknight|def|2\n|move|p2a: Clefable|Flamethrower|p1a: Corviknight\n|-supereffective|p1a: Corviknight\n|-damage|p1a: Corviknight|0 fnt\n|faint|p1a: Corviknight\n|\n|-heal|p2a: Clefable|76\/100 par|[from] item: Leftovers\n|upkeep\n|-message|Argon657 forfeited.\n|\n|win|Jack0lantern89\n|raw|Argon657's rating: 1359 &rarr; <strong>1343<\/strong><br \/>(-16 for losing)\n|raw|Jack0lantern89's rating: 1424 &rarr; <strong>1440<\/strong><br \/>(+16 for winning)\n|l|\u2606Argon657\n","uploadtime":1701199064,"views":15,"p1id":"argon657","p2id":"jack0lantern89","formatid":"gen9ou","rating":1343,"private":0,"password":""}