{"id":"gen9ou-1992204917","p1":"pok3monjake","p2":"lapppox","format":"[Gen 9] OU","log":"|j|\u2606pok3monjake\n|j|\u2606lapppox\n|t:|1700163708\n|gametype|singles\n|player|p1|pok3monjake|unknown|1469\n|player|p2|lapppox|170|1533\n|teamsize|p1|6\n|teamsize|p2|6\n|gen|9\n|tier|[Gen 9] OU\n|rated|\n|rule|Sleep Clause Mod: Limit one foe put to sleep\n|rule|Species Clause: Limit one of each Pok\u00e9mon\n|rule|OHKO Clause: OHKO moves are banned\n|rule|Evasion Items Clause: Evasion items are banned\n|rule|Evasion Moves Clause: Evasion moves are banned\n|rule|Endless Battle Clause: Forcing endless battles is banned\n|rule|HP Percentage Mod: HP is shown in percentages\n|clearpoke\n|poke|p1|Sandslash-Alola, M|\n|poke|p1|Slowking-Galar, M|\n|poke|p1|Gholdengo|\n|poke|p1|Cinderace, F|\n|poke|p1|Kingambit, M|\n|poke|p1|Great Tusk|\n|poke|p2|Iron Treads|\n|poke|p2|Landorus-Therian, M|\n|poke|p2|Iron Valiant|\n|poke|p2|Kingambit, M|\n|poke|p2|Sneasler, M|\n|poke|p2|Enamorus, F|\n|teampreview\n|inactive|Battle timer is ON: inactive players will automatically lose when time's up. (requested by pok3monjake)\n|inactive|lapppox also wants the timer to be on.\n|\n|t:|1700163719\n|start\n|switch|p1a: Cinderace|Cinderace, F|100\/100\n|switch|p2a: Iron Treads|Iron Treads|100\/100\n|turn|1\n|\n|t:|1700163726\n|move|p1a: Cinderace|Will-O-Wisp|p2a: Iron Treads\n|-status|p2a: Iron Treads|brn\n|move|p2a: Iron Treads|Volt Switch|p1a: Cinderace\n|-damage|p1a: Cinderace|86\/100\n|\n|t:|1700163741\n|-end|p2a: Iron Treads|Quark Drive|[silent]\n|switch|p2a: Sneasler|Sneasler, M|100\/100|[from] Volt Switch\n|\n|upkeep\n|turn|2\n|\n|t:|1700163746\n|switch|p1a: Gholdengo|Gholdengo|100\/100\n|move|p2a: Sneasler|Fake Out|p1a: Gholdengo\n|-immune|p1a: Gholdengo\n|\n|upkeep\n|turn|3\n|\n|t:|1700163752\n|move|p2a: Sneasler|U-turn|p1a: Gholdengo\n|-resisted|p1a: Gholdengo\n|-damage|p1a: Gholdengo|96\/100\n|\n|t:|1700163758\n|switch|p2a: Iron Treads|Iron Treads|100\/100 brn|[from] U-turn\n|move|p1a: Gholdengo|Make It Rain|p2a: Iron Treads\n|-resisted|p2a: Iron Treads\n|-damage|p2a: Iron Treads|69\/100 brn\n|-unboost|p1a: Gholdengo|spa|1\n|\n|-heal|p2a: Iron Treads|75\/100 brn|[from] item: Leftovers\n|-heal|p1a: Gholdengo|100\/100|[from] item: Leftovers\n|-damage|p2a: Iron Treads|69\/100 brn|[from] brn\n|upkeep\n|turn|4\n|\n|t:|1700163770\n|switch|p1a: Great Tusk|Great Tusk|100\/100\n|move|p2a: Iron Treads|Stealth Rock|p1a: Great Tusk\n|-sidestart|p1: pok3monjake|move: Stealth Rock\n|\n|-heal|p2a: Iron Treads|75\/100 brn|[from] item: Leftovers\n|-damage|p2a: Iron Treads|69\/100 brn|[from] brn\n|upkeep\n|turn|5\n|\n|t:|1700163779\n|-end|p2a: Iron Treads|Quark Drive|[silent]\n|switch|p2a: Landorus|Landorus-Therian, M|100\/100\n|-ability|p2a: Landorus|Intimidate|boost\n|-unboost|p1a: Great Tusk|atk|1\n|move|p1a: Great Tusk|Rapid Spin|p2a: Landorus\n|-damage|p2a: Landorus|93\/100\n|-boost|p1a: Great Tusk|spe|1\n|-damage|p1a: Great Tusk|84\/100|[from] item: Rocky Helmet|[of] p2a: Landorus\n|-sideend|p1: pok3monjake|Stealth Rock|[from] move: Rapid Spin|[of] p1a: Great Tusk\n|\n|-heal|p1a: Great Tusk|90\/100|[from] item: Leftovers\n|upkeep\n|turn|6\n|\n|t:|1700163804\n|-end|p1a: Great Tusk|Protosynthesis|[silent]\n|switch|p1a: Gholdengo|Gholdengo|100\/100\n|move|p2a: Landorus|U-turn|p1a: Gholdengo\n|-resisted|p1a: Gholdengo\n|-damage|p1a: Gholdengo|97\/100\n|\n|t:|1700163813\n|switch|p2a: Kingambit|Kingambit, M|100\/100|[from] U-turn\n|\n|-heal|p1a: Gholdengo|100\/100|[from] item: Leftovers\n|upkeep\n|turn|7\n|\n|t:|1700163818\n|switch|p1a: Great Tusk|Great Tusk|90\/100\n|move|p2a: Kingambit|Sucker Punch||[still]\n|-fail|p2a: Kingambit\n|\n|-heal|p1a: Great Tusk|96\/100|[from] item: Leftovers\n|upkeep\n|turn|8\n|\n|t:|1700163838\n|-end|p2a: Kingambit|fallenundefined|[silent]\n|switch|p2a: Enamorus|Enamorus, F|100\/100\n|move|p1a: Great Tusk|Bulk Up|p1a: Great Tusk\n|-boost|p1a: Great Tusk|atk|1\n|-boost|p1a: Great Tusk|def|1\n|\n|-heal|p1a: Great Tusk|100\/100|[from] item: Leftovers\n|upkeep\n|turn|9\n|\n|t:|1700163846\n|-end|p1a: Great Tusk|Protosynthesis|[silent]\n|switch|p1a: Slowking|Slowking-Galar, M|100\/100\n|move|p2a: Enamorus|Moonblast|p1a: Slowking\n|-resisted|p1a: Slowking\n|-damage|p1a: Slowking|85\/100\n|-unboost|p1a: Slowking|spa|1\n|\n|upkeep\n|turn|10\n|\n|t:|1700163854\n|move|p2a: Enamorus|Earth Power|p1a: Slowking\n|-supereffective|p1a: Slowking\n|-damage|p1a: Slowking|49\/100\n|move|p1a: Slowking|Chilly Reception|p1a: Slowking\n|-weather|Snow\n|\n|t:|1700163857\n|switch|p1a: Sandslash|Sandslash-Alola, M|100\/100|[from] Chilly Reception\n|\n|-weather|Snow|[upkeep]\n|upkeep\n|turn|11\n|\n|t:|1700163866\n|switch|p2a: Kingambit|Kingambit, M|100\/100\n|move|p1a: Sandslash|Icicle Spear|p2a: Kingambit\n|-resisted|p2a: Kingambit\n|-damage|p2a: Kingambit|96\/100\n|-resisted|p2a: Kingambit\n|-damage|p2a: Kingambit|92\/100\n|-resisted|p2a: Kingambit\n|-damage|p2a: Kingambit|87\/100\n|-resisted|p2a: Kingambit\n|-damage|p2a: Kingambit|83\/100\n|-resisted|p2a: Kingambit\n|-damage|p2a: Kingambit|78\/100\n|-hitcount|p2a: Kingambit|5\n|\n|-weather|Snow|[upkeep]\n|-heal|p2a: Kingambit|85\/100|[from] item: Leftovers\n|upkeep\n|turn|12\n|\n|t:|1700163882\n|switch|p1a: Great Tusk|Great Tusk|100\/100\n|move|p2a: Kingambit|Kowtow Cleave|p1a: Great Tusk\n|-resisted|p1a: Great Tusk\n|-damage|p1a: Great Tusk|86\/100\n|\n|-weather|Snow|[upkeep]\n|-heal|p1a: Great Tusk|92\/100|[from] item: Leftovers\n|-heal|p2a: Kingambit|91\/100|[from] item: Leftovers\n|upkeep\n|turn|13\n|\n|t:|1700163893\n|-end|p2a: Kingambit|fallenundefined|[silent]\n|switch|p2a: Landorus|Landorus-Therian, M|93\/100\n|-ability|p2a: Landorus|Intimidate|boost\n|-unboost|p1a: Great Tusk|atk|1\n|move|p1a: Great Tusk|Ice Spinner|p2a: Landorus\n|-supereffective|p2a: Landorus\n|-damage|p2a: Landorus|50\/100\n|-damage|p1a: Great Tusk|76\/100|[from] item: Rocky Helmet|[of] p2a: Landorus\n|\n|-weather|Snow|[upkeep]\n|-heal|p1a: Great Tusk|82\/100|[from] item: Leftovers\n|upkeep\n|turn|14\n|\n|t:|1700163902\n|move|p1a: Great Tusk|Ice Spinner|p2a: Landorus\n|-supereffective|p2a: Landorus\n|-damage|p2a: Landorus|4\/100\n|-damage|p1a: Great Tusk|65\/100|[from] item: Rocky Helmet|[of] p2a: Landorus\n|move|p2a: Landorus|Stealth Rock|p1a: Great Tusk\n|-sidestart|p1: pok3monjake|move: Stealth Rock\n|\n|-weather|none\n|-heal|p1a: Great Tusk|71\/100|[from] item: Leftovers\n|upkeep\n|turn|15\n|\n|t:|1700163910\n|move|p1a: Great Tusk|Rapid Spin|p2a: Landorus\n|-damage|p2a: Landorus|0 fnt\n|-boost|p1a: Great Tusk|spe|1\n|-damage|p1a: Great Tusk|55\/100|[from] item: Rocky Helmet|[of] p2a: Landorus\n|-sideend|p1: pok3monjake|Stealth Rock|[from] move: Rapid Spin|[of] p1a: Great Tusk\n|faint|p2a: Landorus\n|\n|-heal|p1a: Great Tusk|61\/100|[from] item: Leftovers\n|upkeep\n|\n|t:|1700163921\n|switch|p2a: Enamorus|Enamorus, F|100\/100\n|turn|16\n|\n|t:|1700163924\n|-end|p1a: Great Tusk|Protosynthesis|[silent]\n|switch|p1a: Slowking|Slowking-Galar, M|83\/100\n|move|p2a: Enamorus|Calm Mind|p2a: Enamorus\n|-boost|p2a: Enamorus|spa|1\n|-boost|p2a: Enamorus|spd|1\n|\n|upkeep\n|turn|17\n|\n|t:|1700163930\n|move|p2a: Enamorus|Mystical Fire|p1a: Slowking\n|-damage|p1a: Slowking|57\/100\n|-unboost|p1a: Slowking|spa|1\n|move|p1a: Slowking|Chilly Reception|p1a: Slowking\n|-weather|Snow\n|\n|t:|1700163940\n|switch|p1a: Cinderace|Cinderace, F|86\/100|[from] Chilly Reception\n|\n|-weather|Snow|[upkeep]\n|upkeep\n|turn|18\n|\n|t:|1700163946\n|move|p1a: Cinderace|Pyro Ball|p2a: Enamorus\n|-damage|p2a: Enamorus|4\/100\n|move|p2a: Enamorus|Moonblast|p1a: Cinderace\n|-resisted|p1a: Cinderace\n|-damage|p1a: Cinderace|31\/100\n|-unboost|p1a: Cinderace|spa|1\n|\n|-weather|Snow|[upkeep]\n|upkeep\n|turn|19\n|\n|t:|1700163955\n|move|p1a: Cinderace|U-turn|p2a: Enamorus\n|-start|p1a: Cinderace|typechange|Bug|[from] ability: Libero\n|-resisted|p2a: Enamorus\n|-damage|p2a: Enamorus|0 fnt\n|faint|p2a: Enamorus\n|\n|t:|1700163959\n|switch|p1a: Sandslash|Sandslash-Alola, M|100\/100|[from] U-turn\n|\n|-weather|Snow|[upkeep]\n|upkeep\n|\n|t:|1700163966\n|switch|p2a: Kingambit|Kingambit, M|91\/100\n|-activate|p2a: Kingambit|ability: Supreme Overlord\n|-start|p2a: Kingambit|fallen2|[silent]\n|turn|20\n|\n|t:|1700163975\n|switch|p1a: Great Tusk|Great Tusk|61\/100\n|move|p2a: Kingambit|Iron Head|p1a: Great Tusk\n|-damage|p1a: Great Tusk|24\/100\n|\n|-weather|Snow|[upkeep]\n|-heal|p1a: Great Tusk|30\/100|[from] item: Leftovers\n|-heal|p2a: Kingambit|97\/100|[from] item: Leftovers\n|upkeep\n|turn|21\n|\n|t:|1700163985\n|-end|p2a: Kingambit|fallen2|[silent]\n|switch|p2a: Iron Treads|Iron Treads|69\/100 brn\n|move|p1a: Great Tusk|Bulk Up|p1a: Great Tusk\n|-boost|p1a: Great Tusk|atk|1\n|-boost|p1a: Great Tusk|def|1\n|\n|-weather|none\n|-heal|p2a: Iron Treads|75\/100 brn|[from] item: Leftovers\n|-heal|p1a: Great Tusk|37\/100|[from] item: Leftovers\n|-damage|p2a: Iron Treads|69\/100 brn|[from] brn\n|upkeep\n|turn|22\n|\n|t:|1700163999\n|move|p2a: Iron Treads|Stealth Rock|p1a: Great Tusk\n|-sidestart|p1: pok3monjake|move: Stealth Rock\n|move|p1a: Great Tusk|Rapid Spin|p2a: Iron Treads\n|-resisted|p2a: Iron Treads\n|-damage|p2a: Iron Treads|62\/100 brn\n|-boost|p1a: Great Tusk|spe|1\n|-sideend|p1: pok3monjake|Stealth Rock|[from] move: Rapid Spin|[of] p1a: Great Tusk\n|\n|-heal|p1a: Great Tusk|43\/100|[from] item: Leftovers\n|-heal|p2a: Iron Treads|68\/100 brn|[from] item: Leftovers\n|-damage|p2a: Iron Treads|62\/100 brn|[from] brn\n|upkeep\n|turn|23\n|\n|t:|1700164013\n|-end|p2a: Iron Treads|Quark Drive|[silent]\n|switch|p2a: Sneasler|Sneasler, M|100\/100\n|move|p1a: Great Tusk|Earthquake|p2a: Sneasler\n|-supereffective|p2a: Sneasler\n|-damage|p2a: Sneasler|0 fnt\n|faint|p2a: Sneasler\n|\n|-heal|p1a: Great Tusk|49\/100|[from] item: Leftovers\n|upkeep\n|\n|t:|1700164022\n|switch|p2a: Kingambit|Kingambit, M|97\/100\n|-activate|p2a: Kingambit|ability: Supreme Overlord\n|-start|p2a: Kingambit|fallen3|[silent]\n|turn|24\n|\n|t:|1700164027\n|move|p1a: Great Tusk|Bulk Up|p1a: Great Tusk\n|-boost|p1a: Great Tusk|atk|1\n|-boost|p1a: Great Tusk|def|1\n|move|p2a: Kingambit|Iron Head|p1a: Great Tusk\n|-damage|p1a: Great Tusk|29\/100\n|\n|-heal|p1a: Great Tusk|36\/100|[from] item: Leftovers\n|-heal|p2a: Kingambit|100\/100|[from] item: Leftovers\n|upkeep\n|turn|25\n|\n|t:|1700164036\n|-terastallize|p2a: Kingambit|Fairy\n|move|p1a: Great Tusk|Earthquake|p2a: Kingambit\n|-damage|p2a: Kingambit|39\/100\n|move|p2a: Kingambit|Swords Dance|p2a: Kingambit\n|-boost|p2a: Kingambit|atk|2\n|\n|-heal|p1a: Great Tusk|42\/100|[from] item: Leftovers\n|-heal|p2a: Kingambit|45\/100|[from] item: Leftovers\n|upkeep\n|turn|26\n|\n|t:|1700164045\n|move|p2a: Kingambit|Sucker Punch|p1a: Great Tusk\n|-resisted|p1a: Great Tusk\n|-damage|p1a: Great Tusk|25\/100\n|move|p1a: Great Tusk|Earthquake|p2a: Kingambit\n|-damage|p2a: Kingambit|0 fnt\n|faint|p2a: Kingambit\n|-end|p2a: Kingambit|fallen3|[silent]\n|\n|-heal|p1a: Great Tusk|31\/100|[from] item: Leftovers\n|upkeep\n|\n|t:|1700164054\n|switch|p2a: Iron Valiant|Iron Valiant|100\/100\n|-enditem|p2a: Iron Valiant|Booster Energy\n|-activate|p2a: Iron Valiant|ability: Quark Drive|[fromitem]\n|-start|p2a: Iron Valiant|quarkdrivespe\n|turn|27\n|\n|t:|1700164059\n|-end|p1a: Great Tusk|Protosynthesis|[silent]\n|switch|p1a: Slowking|Slowking-Galar, M|91\/100\n|move|p2a: Iron Valiant|Moonblast|p1a: Slowking\n|-resisted|p1a: Slowking\n|-damage|p1a: Slowking|78\/100\n|\n|upkeep\n|turn|28\n|\n|t:|1700164065\n|move|p2a: Iron Valiant|Psyshock|p1a: Slowking\n|-damage|p1a: Slowking|49\/100\n|move|p1a: Slowking|Sludge Bomb|p2a: Iron Valiant\n|-supereffective|p2a: Iron Valiant\n|-damage|p2a: Iron Valiant|0 fnt\n|faint|p2a: Iron Valiant\n|-end|p2a: Iron Valiant|Quark Drive|[silent]\n|\n|upkeep\n|-message|lapppox forfeited.\n|\n|win|pok3monjake\n|raw|pok3monjake's rating: 1469 &rarr; <strong>1493<\/strong><br \/>(+24 for winning)\n|raw|lapppox's rating: 1533 &rarr; <strong>1509<\/strong><br \/>(-24 for losing)\n|l|\u2606lapppox\n|l|\u2606pok3monjake\n|j|\u2606pok3monjake\n|player|p1|pok3monjake|unknown\n","uploadtime":1700164087,"views":9,"p1id":"pok3monjake","p2id":"lapppox","formatid":"gen9ou","rating":1493,"private":0,"password":""}