{"id":"gen9ou-1993817081","p1":"Prav33n","p2":"soy bebe","format":"[Gen 9] OU","log":"|j|\u2606Prav33n\n|j|\u2606soy bebe\n|t:|1700360918\n|gametype|singles\n|player|p1|Prav33n|swimmer-gen4|1557\n|player|p2|soy bebe|winona-gen3|1478\n|teamsize|p1|6\n|teamsize|p2|6\n|gen|9\n|tier|[Gen 9] OU\n|rated|\n|rule|Sleep Clause Mod: Limit one foe put to sleep\n|rule|Species Clause: Limit one of each Pok\u00e9mon\n|rule|OHKO Clause: OHKO moves are banned\n|rule|Evasion Items Clause: Evasion items are banned\n|rule|Evasion Moves Clause: Evasion moves are banned\n|rule|Endless Battle Clause: Forcing endless battles is banned\n|rule|HP Percentage Mod: HP is shown in percentages\n|clearpoke\n|poke|p1|Dragonite, M|\n|poke|p1|Iron Moth|\n|poke|p1|Glimmora, F|\n|poke|p1|Kingambit, M|\n|poke|p1|Ogerpon-Wellspring, F|\n|poke|p1|Great Tusk|\n|poke|p2|Politoed, M|\n|poke|p2|Zapdos|\n|poke|p2|Iron Treads|\n|poke|p2|Basculegion-F, F|\n|poke|p2|Quaquaval, M|\n|poke|p2|Meowscarada, F|\n|teampreview\n|inactive|Battle timer is ON: inactive players will automatically lose when time's up. (requested by Prav33n)\n|inactive|Prav33n has 120 seconds left.\n|\n|t:|1700360976\n|start\n|switch|p1a: Glimmora|Glimmora, F|100\/100\n|switch|p2a: Treadtianna|Iron Treads, shiny|100\/100\n|-enditem|p2a: Treadtianna|Booster Energy\n|-activate|p2a: Treadtianna|ability: Quark Drive|[fromitem]\n|-start|p2a: Treadtianna|quarkdrivespe\n|turn|1\n|\n|t:|1700360988\n|move|p2a: Treadtianna|Rapid Spin|p1a: Glimmora\n|-resisted|p1a: Glimmora\n|-damage|p1a: Glimmora|92\/100\n|-boost|p2a: Treadtianna|spe|1\n|-activate|p1a: Glimmora|ability: Toxic Debris\n|-sidestart|p2: soy bebe|move: Toxic Spikes\n|-sideend|p2: soy bebe|Toxic Spikes|[from] move: Rapid Spin|[of] p2a: Treadtianna\n|move|p1a: Glimmora|Stealth Rock|p2a: Treadtianna\n|-sidestart|p2: soy bebe|move: Stealth Rock\n|\n|upkeep\n|turn|2\n|\n|t:|1700360996\n|-terastallize|p1a: Glimmora|Ghost\n|move|p2a: Treadtianna|Earthquake|p1a: Glimmora\n|-damage|p1a: Glimmora|38\/100\n|-activate|p1a: Glimmora|ability: Toxic Debris\n|-sidestart|p2: soy bebe|move: Toxic Spikes\n|move|p1a: Glimmora|Earth Power|p2a: Treadtianna\n|-supereffective|p2a: Treadtianna\n|-damage|p2a: Treadtianna|19\/100\n|\n|upkeep\n|turn|3\n|\n|t:|1700361005\n|move|p2a: Treadtianna|Earthquake|p1a: Glimmora\n|-damage|p1a: Glimmora|0 fnt\n|-activate|p1a: Glimmora|ability: Toxic Debris\n|-sidestart|p2: soy bebe|move: Toxic Spikes\n|faint|p1a: Glimmora\n|\n|upkeep\n|\n|t:|1700361010\n|switch|p1a: Kingambit|Kingambit, M|100\/100\n|-activate|p1a: Kingambit|ability: Supreme Overlord\n|-start|p1a: Kingambit|fallen1|[silent]\n|turn|4\n|\n|t:|1700361014\n|move|p1a: Kingambit|Sucker Punch||[still]\n|-fail|p1a: Kingambit\n|move|p2a: Treadtianna|Stealth Rock|p1a: Kingambit\n|-sidestart|p1: Prav33n|move: Stealth Rock\n|\n|upkeep\n|turn|5\n|\n|t:|1700361016\n|move|p1a: Kingambit|Sucker Punch|p2a: Treadtianna\n|-damage|p2a: Treadtianna|0 fnt\n|faint|p2a: Treadtianna\n|-end|p2a: Treadtianna|Quark Drive|[silent]\n|\n|upkeep\n|\n|t:|1700361023\n|switch|p2a: PoliSwirl~|Politoed, M, shiny|100\/100\n|-damage|p2a: PoliSwirl~|88\/100|[from] Stealth Rock\n|-status|p2a: PoliSwirl~|tox\n|-weather|RainDance|[from] ability: Drizzle|[of] p2a: PoliSwirl~\n|turn|6\n|\n|t:|1700361040\n|switch|p2a: Tempo|Zapdos, shiny|100\/100\n|move|p1a: Kingambit|Kowtow Cleave|p2a: Tempo\n|-damage|p2a: Tempo|50\/100\n|-status|p1a: Kingambit|par|[from] ability: Static|[of] p2a: Tempo\n|\n|-weather|RainDance|[upkeep]\n|upkeep\n|turn|7\n|\n|t:|1700361046\n|move|p2a: Tempo|Roost|p2a: Tempo\n|-heal|p2a: Tempo|99\/100\n|-singleturn|p2a: Tempo|move: Roost\n|move|p1a: Kingambit|Kowtow Cleave|p2a: Tempo\n|-damage|p2a: Tempo|50\/100\n|\n|-weather|RainDance|[upkeep]\n|upkeep\n|turn|8\n|\n|t:|1700361052\n|move|p2a: Tempo|Roost|p2a: Tempo\n|-heal|p2a: Tempo|100\/100\n|-singleturn|p2a: Tempo|move: Roost\n|cant|p1a: Kingambit|par\n|\n|-weather|RainDance|[upkeep]\n|upkeep\n|turn|9\n|\n|t:|1700361058\n|move|p2a: Tempo|Weather Ball|p1a: Kingambit\n|-damage|p1a: Kingambit|54\/100 par\n|move|p1a: Kingambit|Swords Dance|p1a: Kingambit\n|-boost|p1a: Kingambit|atk|2\n|\n|-weather|RainDance|[upkeep]\n|-heal|p1a: Kingambit|60\/100 par|[from] item: Leftovers\n|upkeep\n|turn|10\n|\n|t:|1700361065\n|move|p1a: Kingambit|Sucker Punch|p2a: Tempo\n|-damage|p2a: Tempo|15\/100\n|move|p2a: Tempo|Weather Ball|p1a: Kingambit\n|-damage|p1a: Kingambit|14\/100 par\n|\n|-weather|RainDance|[upkeep]\n|-heal|p1a: Kingambit|21\/100 par|[from] item: Leftovers\n|upkeep\n|turn|11\n|\n|t:|1700361072\n|move|p2a: Tempo|Roost|p2a: Tempo\n|-heal|p2a: Tempo|65\/100\n|-singleturn|p2a: Tempo|move: Roost\n|move|p1a: Kingambit|Kowtow Cleave|p2a: Tempo\n|-damage|p2a: Tempo|0 fnt\n|faint|p2a: Tempo\n|\n|-weather|RainDance|[upkeep]\n|-heal|p1a: Kingambit|27\/100 par|[from] item: Leftovers\n|upkeep\n|\n|t:|1700361081\n|switch|p2a: Quavo|Quaquaval, M, shiny|100\/100\n|-damage|p2a: Quavo|94\/100|[from] Stealth Rock\n|-status|p2a: Quavo|tox\n|turn|12\n|\n|t:|1700361092\n|-end|p1a: Kingambit|fallen1|[silent]\n|switch|p1a: Mask on|Ogerpon-Wellspring, F|100\/100\n|-damage|p1a: Mask on|88\/100|[from] Stealth Rock\n|move|p2a: Quavo|Aqua Step|p1a: Mask on\n|-heal|p1a: Mask on|100\/100|[from] ability: Water Absorb|[of] p2a: Quavo\n|\n|-weather|RainDance|[upkeep]\n|-damage|p2a: Quavo|88\/100 tox|[from] psn\n|upkeep\n|turn|13\n|-message|soy bebe forfeited.\n|\n|win|Prav33n\n|raw|Prav33n's rating: 1557 &rarr; <strong>1573<\/strong><br \/>(+16 for winning)\n|raw|soy bebe's rating: 1478 &rarr; <strong>1462<\/strong><br \/>(-16 for losing)\n|l|\u2606soy bebe\n","uploadtime":1700361197,"views":8,"p1id":"prav33n","p2id":"soybebe","formatid":"gen9ou","rating":1462,"private":0,"password":""}