{"id":"gen9ou-1991802811","p1":"MadamCaso","p2":"Syph0n_78","format":"[Gen 9] OU","log":"|j|\u2606MadamCaso\n|j|\u2606Syph0n_78\n|t:|1700120191\n|gametype|singles\n|player|p1|MadamCaso|lady|1097\n|player|p2|Syph0n_78|iris-gen5bw2|1190\n|teamsize|p1|6\n|teamsize|p2|6\n|gen|9\n|tier|[Gen 9] OU\n|rated|\n|rule|Sleep Clause Mod: Limit one foe put to sleep\n|rule|Species Clause: Limit one of each Pok\u00e9mon\n|rule|OHKO Clause: OHKO moves are banned\n|rule|Evasion Items Clause: Evasion items are banned\n|rule|Evasion Moves Clause: Evasion moves are banned\n|rule|Endless Battle Clause: Forcing endless battles is banned\n|rule|HP Percentage Mod: HP is shown in percentages\n|clearpoke\n|poke|p1|Crawdaunt, F|\n|poke|p1|Hatterene, F|\n|poke|p1|Farigiraf, M|\n|poke|p1|Breloom, F|\n|poke|p1|Skeledirge, M|\n|poke|p1|Kingambit, M|\n|poke|p2|Gligar, F|\n|poke|p2|Cinderace, M|\n|poke|p2|Dragapult, F|\n|poke|p2|Ogerpon-Wellspring, F|\n|poke|p2|Weezing-Galar, F|\n|poke|p2|Kingambit, F|\n|teampreview\n|c|\u2606Syph0n_78|shit\n|c|\u2606MadamCaso|wha\n|\n|t:|1700120207\n|start\n|switch|p1a: Breloom|Breloom, F|100\/100\n|switch|p2a: Kingambit|Kingambit, F|100\/100\n|turn|1\n|c|\u2606MadamCaso|don't worry man, I have no idea what I am doing lmao\n|c|\u2606MadamCaso|I just threw this junk together\n|\n|t:|1700120218\n|-end|p2a: Kingambit|fallenundefined|[silent]\n|switch|p2a: Dragapult|Dragapult, F|100\/100\n|move|p1a: Breloom|Substitute|p1a: Breloom\n|-start|p1a: Breloom|Substitute\n|-damage|p1a: Breloom|75\/100\n|\n|-status|p1a: Breloom|tox|[from] item: Toxic Orb\n|upkeep\n|turn|2\n|c|\u2606Syph0n_78|bro look at MY team\n|c|\u2606Syph0n_78|fuc alldat\n|\n|t:|1700120233\n|switch|p1a: Crawdaunt|Crawdaunt, F|100\/100\n|move|p2a: Dragapult|Shadow Ball|p1a: Crawdaunt\n|-resisted|p1a: Crawdaunt\n|-damage|p1a: Crawdaunt|74\/100\n|\n|upkeep\n|turn|3\n|c|\u2606MadamCaso|I don't even know what that little blue thing is lmao\n|c|\u2606Syph0n_78|ogerpon\n|c|\u2606Syph0n_78|kind of a demon, wanna see?\n|\n|t:|1700120249\n|move|p2a: Dragapult|U-turn|p1a: Crawdaunt\n|-supereffective|p1a: Crawdaunt\n|-damage|p1a: Crawdaunt|26\/100\n|c|\u2606MadamCaso|Yeah, I've heard of em but have no clue what it does\n|\n|t:|1700120252\n|switch|p2a: Ogerpon|Ogerpon-Wellspring, F|100\/100|[from] U-turn\n|move|p1a: Crawdaunt|Dark Pulse|p2a: Ogerpon\n|-damage|p2a: Ogerpon|24\/100\n|\n|upkeep\n|turn|4\n|c|\u2606MadamCaso|Doesn't it have like\n|c|\u2606MadamCaso|Water absorb?\n|c|\u2606Syph0n_78|ye\n|c|\u2606MadamCaso|wack\n|\n|t:|1700120266\n|switch|p1a: Breloom|Breloom, F|75\/100 tox\n|move|p2a: Ogerpon|Horn Leech|p1a: Breloom\n|-resisted|p1a: Breloom\n|-damage|p1a: Breloom|44\/100 tox\n|-heal|p2a: Ogerpon|39\/100|[from] drain|[of] p1a: Breloom\n|\n|-heal|p1a: Breloom|57\/100 tox|[from] ability: Poison Heal\n|upkeep\n|turn|5\n|\n|t:|1700120276\n|switch|p2a: Dragapult|Dragapult, F|100\/100\n|move|p1a: Breloom|Substitute|p1a: Breloom\n|-start|p1a: Breloom|Substitute\n|-damage|p1a: Breloom|32\/100 tox\n|\n|-heal|p1a: Breloom|44\/100 tox|[from] ability: Poison Heal\n|upkeep\n|turn|6\n|n|!Syph0n_78|syph0n78\n|\n|t:|1700120301\n|switch|p1a: Kingambit|Kingambit, M|100\/100\n|move|p2a: Dragapult|Shadow Ball|p1a: Kingambit\n|-resisted|p1a: Kingambit\n|-damage|p1a: Kingambit|82\/100\n|\n|upkeep\n|turn|7\n|\n|t:|1700120314\n|switch|p2a: Cinderace|Cinderace, M|100\/100\n|move|p1a: Kingambit|Kowtow Cleave|p2a: Cinderace\n|-damage|p2a: Cinderace|17\/100\n|\n|upkeep\n|turn|8\n|\n|t:|1700120335\n|move|p1a: Kingambit|Sucker Punch|p2a: Cinderace\n|-damage|p2a: Cinderace|0 fnt\n|faint|p2a: Cinderace\n|\n|upkeep\n|\n|t:|1700120345\n|switch|p2a: Dragapult|Dragapult, F|100\/100\n|turn|9\n|\n|t:|1700120359\n|-end|p1a: Kingambit|fallenundefined|[silent]\n|switch|p1a: Breloom|Breloom, F|44\/100 tox\n|-terastallize|p2a: Dragapult|Fairy\n|move|p2a: Dragapult|Draco Meteor|p1a: Breloom\n|-damage|p1a: Breloom|0 fnt\n|-unboost|p2a: Dragapult|spa|2\n|-enditem|p2a: Dragapult|Eject Pack\n|faint|p1a: Breloom\n|\n|t:|1700120368\n|switch|p2a: Gligoat|Gligar, F|100\/100\n|\n|upkeep\n|c|\u2606MadamCaso|wait\n|c|\u2606MadamCaso|holy shit that's gligar\n|c|\u2606MadamCaso|I am terrified\n|\n|t:|1700120383\n|switch|p1a: Hatterene|Hatterene, F|100\/100\n|turn|10\n|\n|t:|1700120388\n|move|p2a: Gligoat|Stealth Rock|p1a: Hatterene\n|move|p1a: Hatterene|Stealth Rock|p2a: Gligoat|[from]ability: Magic Bounce\n|-sidestart|p2: Syph0n_78|move: Stealth Rock\n|move|p1a: Hatterene|Trick Room|p1a: Hatterene\n|-fieldstart|move: Trick Room|[of] p1a: Hatterene\n|\n|upkeep\n|turn|11\n|\n|t:|1700120395\n|move|p1a: Hatterene|Calm Mind|p1a: Hatterene\n|-boost|p1a: Hatterene|spa|1\n|-boost|p1a: Hatterene|spd|1\n|move|p2a: Gligoat|Knock Off|p1a: Hatterene\n|-damage|p1a: Hatterene|83\/100\n|-damage|p2a: Gligoat|84\/100|[from] item: Rocky Helmet|[of] p1a: Hatterene\n|-enditem|p1a: Hatterene|Rocky Helmet|[from] move: Knock Off|[of] p2a: Gligoat\n|\n|upkeep\n|turn|12\n|\n|t:|1700120402\n|move|p1a: Hatterene|Calm Mind|p1a: Hatterene\n|-boost|p1a: Hatterene|spa|1\n|-boost|p1a: Hatterene|spd|1\n|move|p2a: Gligoat|U-turn|p1a: Hatterene\n|-damage|p1a: Hatterene|68\/100\n|\n|t:|1700120421\n|switch|p2a: Dragapult|Dragapult, F, tera:Fairy|100\/100|[from] U-turn\n|-damage|p2a: Dragapult|88\/100|[from] Stealth Rock\n|\n|upkeep\n|turn|13\n|\n|t:|1700120427\n|move|p1a: Hatterene|Stored Power|p2a: Dragapult\n|-damage|p2a: Dragapult|0 fnt\n|faint|p2a: Dragapult\n|\n|upkeep\n|\n|t:|1700120431\n|switch|p2a: Kingambit|Kingambit, F|100\/100\n|-damage|p2a: Kingambit|94\/100|[from] Stealth Rock\n|-activate|p2a: Kingambit|ability: Supreme Overlord\n|-start|p2a: Kingambit|fallen2|[silent]\n|turn|14\n|\n|t:|1700120438\n|-terastallize|p1a: Hatterene|Steel\n|move|p1a: Hatterene|Draining Kiss|p2a: Kingambit\n|-damage|p2a: Kingambit|42\/100\n|-heal|p1a: Hatterene|100\/100|[from] drain|[of] p2a: Kingambit\n|move|p2a: Kingambit|Iron Head|p1a: Hatterene\n|-resisted|p1a: Hatterene\n|-damage|p1a: Hatterene|72\/100\n|\n|-heal|p2a: Kingambit|48\/100|[from] item: Leftovers\n|-fieldend|move: Trick Room\n|upkeep\n|turn|15\n|-message|Syph0n_78 forfeited.\n|\n|win|MadamCaso\n|raw|MadamCaso's rating: 1097 &rarr; <strong>1129<\/strong><br \/>(+32 for winning)\n|raw|Syph0n_78's rating: 1190 &rarr; <strong>1158<\/strong><br \/>(-32 for losing)\n","uploadtime":1700120289,"views":7,"p1id":"madamcaso","p2id":"syph0n78","formatid":"gen9ou","rating":1129,"private":0,"password":""}