{"id":"gen9ou-1992368176","p1":"Ill Leave","p2":"swellow is stronk","format":"[Gen 9] OU","log":"|j|\u2606Ill Leave\n|j|\u2606swellow is stronk\n|t:|1700179505\n|gametype|singles\n|player|p1|Ill Leave|265|1608\n|player|p2|swellow is stronk|265|1714\n|teamsize|p1|6\n|teamsize|p2|6\n|gen|9\n|tier|[Gen 9] OU\n|rated|\n|rule|Sleep Clause Mod: Limit one foe put to sleep\n|rule|Species Clause: Limit one of each Pok\u00e9mon\n|rule|OHKO Clause: OHKO moves are banned\n|rule|Evasion Items Clause: Evasion items are banned\n|rule|Evasion Moves Clause: Evasion moves are banned\n|rule|Endless Battle Clause: Forcing endless battles is banned\n|rule|HP Percentage Mod: HP is shown in percentages\n|clearpoke\n|poke|p1|Great Tusk|\n|poke|p1|Toxapex, M|\n|poke|p1|Hatterene, F|\n|poke|p1|Zapdos|\n|poke|p1|Garganacl, M|\n|poke|p1|Tornadus-Therian, M|\n|poke|p2|Sinistcha-Masterpiece|\n|poke|p2|Blissey, F|\n|poke|p2|Clodsire, M|\n|poke|p2|Dondozo, M|\n|poke|p2|Alomomola, M|\n|poke|p2|Clefable, M|\n|teampreview\n|\n|t:|1700179526\n|start\n|switch|p1a: Tornadus|Tornadus-Therian, M|100\/100\n|switch|p2a: Clefable|Clefable, M|100\/100\n|turn|1\n|\n|t:|1700179529\n|move|p1a: Tornadus|Knock Off|p2a: Clefable\n|-resisted|p2a: Clefable\n|-damage|p2a: Clefable|93\/100\n|-enditem|p2a: Clefable|Leftovers|[from] move: Knock Off|[of] p1a: Tornadus\n|move|p2a: Clefable|Knock Off|p1a: Tornadus\n|-damage|p1a: Tornadus|81\/100\n|-enditem|p1a: Tornadus|Assault Vest|[from] move: Knock Off|[of] p2a: Clefable\n|\n|upkeep\n|turn|2\n|\n|t:|1700179535\n|move|p1a: Tornadus|U-turn|p2a: Clefable\n|-resisted|p2a: Clefable\n|-damage|p2a: Clefable|88\/100\n|\n|t:|1700179539\n|switch|p1a: Toxapex|Toxapex, M|100\/100|[from] U-turn\n|move|p2a: Clefable|Moonblast|p1a: Toxapex\n|-resisted|p1a: Toxapex\n|-damage|p1a: Toxapex|91\/100\n|-unboost|p1a: Toxapex|spa|1\n|\n|upkeep\n|turn|3\n|\n|t:|1700179541\n|move|p2a: Clefable|Knock Off|p1a: Toxapex\n|-damage|p1a: Toxapex|79\/100\n|-enditem|p1a: Toxapex|Rocky Helmet|[from] move: Knock Off|[of] p2a: Clefable\n|move|p1a: Toxapex|Toxic Spikes|p2a: Clefable\n|-sidestart|p2: swellow is stronk|move: Toxic Spikes\n|\n|upkeep\n|turn|4\n|\n|t:|1700179550\n|switch|p2a: Blissey|Blissey, F, shiny|100\/100\n|switch|p1a: Tornadus|Tornadus-Therian, M|100\/100\n|\n|upkeep\n|turn|5\n|\n|t:|1700179557\n|switch|p2a: Clefable|Clefable, M|88\/100\n|-status|p2a: Clefable|psn\n|move|p1a: Tornadus|Knock Off|p2a: Clefable\n|-resisted|p2a: Clefable\n|-damage|p2a: Clefable|83\/100 psn\n|\n|upkeep\n|turn|6\n|\n|t:|1700179562\n|move|p1a: Tornadus|Bleakwind Storm|p2a: Clefable\n|-damage|p2a: Clefable|46\/100 psn\n|move|p2a: Clefable|Wish|p2a: Clefable\n|\n|upkeep\n|turn|7\n|\n|t:|1700179569\n|switch|p1a: Toxapex|Toxapex, M|100\/100\n|move|p2a: Clefable|Moonblast|p1a: Toxapex\n|-resisted|p1a: Toxapex\n|-damage|p1a: Toxapex|91\/100\n|\n|-heal|p2a: Clefable|96\/100 psn|[from] move: Wish|[wisher] Clefable\n|upkeep\n|turn|8\n|\n|t:|1700179578\n|switch|p2a: Blissey|Blissey, F, shiny|100\/100\n|move|p1a: Toxapex|Surf|p2a: Blissey\n|-damage|p2a: Blissey|95\/100\n|\n|upkeep\n|turn|9\n|\n|t:|1700179585\n|switch|p1a: Garganacl|Garganacl, M|100\/100\n|move|p2a: Blissey|Stealth Rock|p1a: Garganacl\n|-sidestart|p1: Ill Leave|move: Stealth Rock\n|\n|upkeep\n|turn|10\n|\n|t:|1700179588\n|switch|p2a: Sinistcha|Sinistcha-Masterpiece|100\/100\n|move|p1a: Garganacl|Stealth Rock|p2a: Sinistcha\n|-sidestart|p2: swellow is stronk|move: Stealth Rock\n|\n|upkeep\n|turn|11\n|\n|t:|1700179593\n|switch|p1a: Tornadus|Tornadus-Therian, M|100\/100\n|-damage|p1a: Tornadus|76\/100|[from] Stealth Rock\n|move|p2a: Sinistcha|Matcha Gotcha|p1a: Tornadus\n|-resisted|p1a: Tornadus\n|-damage|p1a: Tornadus|62\/100\n|\n|upkeep\n|turn|12\n|\n|t:|1700179601\n|switch|p2a: Clefable|Clefable, M|96\/100 psn\n|move|p1a: Tornadus|Bleakwind Storm|p2a: Clefable|[miss]\n|-miss|p1a: Tornadus|p2a: Clefable\n|\n|upkeep\n|turn|13\n|\n|t:|1700179606\n|move|p1a: Tornadus|U-turn|p2a: Clefable\n|-resisted|p2a: Clefable\n|-damage|p2a: Clefable|90\/100 psn\n|\n|t:|1700179621\n|switch|p1a: Garganacl|Garganacl, M|100\/100|[from] U-turn\n|-damage|p1a: Garganacl|88\/100|[from] Stealth Rock\n|move|p2a: Clefable|Knock Off|p1a: Garganacl\n|-damage|p1a: Garganacl|78\/100\n|-enditem|p1a: Garganacl|Leftovers|[from] move: Knock Off|[of] p2a: Clefable\n|\n|upkeep\n|turn|14\n|\n|t:|1700179624\n|switch|p2a: Clodsire|Clodsire, M|100\/100\n|-sideend|p2: swellow is stronk|move: Toxic Spikes|[of] p2a: Clodsire\n|move|p1a: Garganacl|Curse|p1a: Garganacl\n|-unboost|p1a: Garganacl|spe|1\n|-boost|p1a: Garganacl|atk|1\n|-boost|p1a: Garganacl|def|1\n|\n|upkeep\n|turn|15\n|\n|t:|1700179627\n|move|p2a: Clodsire|Spikes|p1a: Garganacl\n|-sidestart|p1: Ill Leave|Spikes\n|move|p1a: Garganacl|Salt Cure|p2a: Clodsire\n|-resisted|p2a: Clodsire\n|-damage|p2a: Clodsire|94\/100\n|-start|p2a: Clodsire|Salt Cure\n|\n|-damage|p2a: Clodsire|81\/100|[from] Salt Cure\n|upkeep\n|turn|16\n|\n|t:|1700179630\n|switch|p1a: Hatterene|Hatterene, F|100\/100\n|-damage|p1a: Hatterene|88\/100|[from] Stealth Rock\n|-damage|p1a: Hatterene|76\/100|[from] Spikes\n|move|p2a: Clodsire|Spikes|p1a: Hatterene\n|move|p1a: Hatterene|Spikes|p2a: Clodsire|[from]ability: Magic Bounce\n|-sidestart|p2: swellow is stronk|Spikes\n|\n|-heal|p1a: Hatterene|82\/100|[from] item: Leftovers\n|-damage|p2a: Clodsire|69\/100|[from] Salt Cure\n|upkeep\n|turn|17\n|\n|t:|1700179634\n|switch|p2a: Clefable|Clefable, M|90\/100 psn\n|move|p1a: Hatterene|Calm Mind|p1a: Hatterene\n|-boost|p1a: Hatterene|spa|1\n|-boost|p1a: Hatterene|spd|1\n|\n|-heal|p1a: Hatterene|88\/100|[from] item: Leftovers\n|upkeep\n|turn|18\n|\n|t:|1700179639\n|move|p2a: Clefable|Knock Off|p1a: Hatterene\n|-damage|p1a: Hatterene|74\/100\n|-enditem|p1a: Hatterene|Leftovers|[from] move: Knock Off|[of] p2a: Clefable\n|move|p1a: Hatterene|Calm Mind|p1a: Hatterene\n|-boost|p1a: Hatterene|spa|1\n|-boost|p1a: Hatterene|spd|1\n|\n|upkeep\n|turn|19\n|\n|t:|1700179642\n|switch|p2a: Clodsire|Clodsire, M|69\/100\n|move|p1a: Hatterene|Draining Kiss|p2a: Clodsire\n|-resisted|p2a: Clodsire\n|-damage|p2a: Clodsire|63\/100\n|-heal|p1a: Hatterene|81\/100|[from] drain|[of] p2a: Clodsire\n|\n|upkeep\n|turn|20\n|\n|t:|1700179649\n|-terastallize|p2a: Clodsire|Steel\n|move|p1a: Hatterene|Psyshock|p2a: Clodsire\n|-resisted|p2a: Clodsire\n|-damage|p2a: Clodsire|46\/100\n|move|p2a: Clodsire|Recover|p2a: Clodsire\n|-heal|p2a: Clodsire|96\/100\n|\n|upkeep\n|turn|21\n|\n|t:|1700179653\n|move|p1a: Hatterene|Mystical Fire|p2a: Clodsire\n|-supereffective|p2a: Clodsire\n|-damage|p2a: Clodsire|69\/100\n|-unboost|p2a: Clodsire|spa|1\n|move|p2a: Clodsire|Poison Jab|p1a: Hatterene\n|-supereffective|p1a: Hatterene\n|-damage|p1a: Hatterene|41\/100\n|\n|upkeep\n|turn|22\n|\n|t:|1700179659\n|switch|p1a: Great Tusk|Great Tusk|100\/100\n|-damage|p1a: Great Tusk|98\/100|[from] Stealth Rock\n|-damage|p1a: Great Tusk|85\/100|[from] Spikes\n|move|p2a: Clodsire|Amnesia|p2a: Clodsire\n|-boost|p2a: Clodsire|spd|2\n|\n|-heal|p1a: Great Tusk|91\/100|[from] item: Leftovers\n|upkeep\n|turn|23\n|\n|t:|1700179664\n|switch|p2a: Sinistcha|Sinistcha-Masterpiece|100\/100\n|move|p1a: Great Tusk|Knock Off|p2a: Sinistcha\n|-supereffective|p2a: Sinistcha\n|-damage|p2a: Sinistcha|56\/100\n|-enditem|p2a: Sinistcha|Heavy-Duty Boots|[from] move: Knock Off|[of] p1a: Great Tusk\n|\n|-heal|p1a: Great Tusk|98\/100|[from] item: Leftovers\n|upkeep\n|turn|24\n|\n|t:|1700179669\n|-end|p1a: Great Tusk|Protosynthesis|[silent]\n|switch|p1a: Tornadus|Tornadus-Therian, M|95\/100\n|-damage|p1a: Tornadus|70\/100|[from] Stealth Rock\n|move|p2a: Sinistcha|Strength Sap|p1a: Tornadus\n|-unboost|p1a: Tornadus|atk|1\n|-heal|p2a: Sinistcha|100\/100\n|\n|upkeep\n|turn|25\n|\n|t:|1700179673\n|switch|p2a: Clefable|Clefable, M|90\/100 psn\n|move|p1a: Tornadus|U-turn|p2a: Clefable\n|-resisted|p2a: Clefable\n|-damage|p2a: Clefable|87\/100 psn\n|\n|t:|1700179677\n|switch|p1a: Toxapex|Toxapex, M|100\/100|[from] U-turn\n|-damage|p1a: Toxapex|88\/100|[from] Stealth Rock\n|-damage|p1a: Toxapex|75\/100|[from] Spikes\n|\n|upkeep\n|turn|26\n|\n|t:|1700179687\n|switch|p2a: Clodsire|Clodsire, M, tera:Steel|69\/100\n|move|p1a: Toxapex|Toxic Spikes|p2a: Clodsire\n|-sidestart|p2: swellow is stronk|move: Toxic Spikes\n|\n|upkeep\n|turn|27\n|\n|t:|1700179696\n|switch|p1a: Garganacl|Garganacl, M|78\/100\n|-damage|p1a: Garganacl|66\/100|[from] Stealth Rock\n|-damage|p1a: Garganacl|53\/100|[from] Spikes\n|move|p2a: Clodsire|Poison Jab|p1a: Garganacl\n|-resisted|p1a: Garganacl\n|-damage|p1a: Garganacl|46\/100\n|\n|upkeep\n|turn|28\n|\n|t:|1700179700\n|move|p1a: Garganacl|Salt Cure|p2a: Clodsire\n|-resisted|p2a: Clodsire\n|-damage|p2a: Clodsire|62\/100\n|-start|p2a: Clodsire|Salt Cure\n|move|p2a: Clodsire|Spikes|p1a: Garganacl\n|-sidestart|p1: Ill Leave|Spikes\n|\n|-damage|p2a: Clodsire|37\/100|[from] Salt Cure\n|upkeep\n|turn|29\n|\n|t:|1700179707\n|move|p1a: Garganacl|Recover|p1a: Garganacl\n|-heal|p1a: Garganacl|96\/100\n|move|p2a: Clodsire|Recover|p2a: Clodsire\n|-heal|p2a: Clodsire|87\/100\n|\n|-damage|p2a: Clodsire|62\/100|[from] Salt Cure\n|upkeep\n|turn|30\n|\n|t:|1700179715\n|switch|p2a: Clefable|Clefable, M|87\/100 psn\n|move|p1a: Garganacl|Curse|p1a: Garganacl\n|-unboost|p1a: Garganacl|spe|1\n|-boost|p1a: Garganacl|atk|1\n|-boost|p1a: Garganacl|def|1\n|\n|upkeep\n|turn|31\n|\n|t:|1700179722\n|move|p2a: Clefable|Moonblast|p1a: Garganacl\n|-damage|p1a: Garganacl|74\/100\n|-unboost|p1a: Garganacl|spa|1\n|move|p1a: Garganacl|Salt Cure|p2a: Clefable\n|-damage|p2a: Clefable|69\/100 psn\n|-start|p2a: Clefable|Salt Cure\n|\n|upkeep\n|turn|32\n|\n|t:|1700179731\n|switch|p1a: Tornadus|Tornadus-Therian, M|100\/100\n|-damage|p1a: Tornadus|76\/100|[from] Stealth Rock\n|move|p2a: Clefable|Moonblast|p1a: Tornadus\n|-damage|p1a: Tornadus|47\/100\n|\n|upkeep\n|turn|33\n|\n|t:|1700179733\n|move|p1a: Tornadus|U-turn|p2a: Clefable\n|-resisted|p2a: Clefable\n|-damage|p2a: Clefable|64\/100 psn\n|\n|t:|1700179736\n|switch|p1a: Toxapex|Toxapex, M|100\/100|[from] U-turn\n|-damage|p1a: Toxapex|88\/100|[from] Stealth Rock\n|-damage|p1a: Toxapex|72\/100|[from] Spikes\n|move|p2a: Clefable|Wish|p2a: Clefable\n|\n|upkeep\n|turn|34\n|\n|t:|1700179739\n|switch|p2a: Clodsire|Clodsire, M, tera:Steel|62\/100\n|move|p1a: Toxapex|Surf|p2a: Clodsire\n|-damage|p2a: Clodsire|52\/100\n|\n|-heal|p2a: Clodsire|94\/100|[from] move: Wish|[wisher] Clefable\n|upkeep\n|turn|35\n|\n|t:|1700179750\n|switch|p1a: Great Tusk|Great Tusk|98\/100\n|-damage|p1a: Great Tusk|95\/100|[from] Stealth Rock\n|-damage|p1a: Great Tusk|78\/100|[from] Spikes\n|move|p2a: Clodsire|Poison Jab|p1a: Great Tusk\n|-resisted|p1a: Great Tusk\n|-damage|p1a: Great Tusk|73\/100\n|\n|-heal|p1a: Great Tusk|79\/100|[from] item: Leftovers\n|upkeep\n|turn|36\n|\n|t:|1700179764\n|switch|p2a: Sinistcha|Sinistcha-Masterpiece|100\/100\n|-damage|p2a: Sinistcha|88\/100|[from] Stealth Rock\n|-damage|p2a: Sinistcha|76\/100|[from] Spikes\n|-status|p2a: Sinistcha|psn\n|move|p1a: Great Tusk|Rapid Spin|p2a: Sinistcha\n|-immune|p2a: Sinistcha\n|\n|-heal|p1a: Great Tusk|86\/100|[from] item: Leftovers\n|-damage|p2a: Sinistcha|63\/100 psn|[from] psn\n|upkeep\n|turn|37\n|\n|t:|1700179769\n|-end|p1a: Great Tusk|Protosynthesis|[silent]\n|switch|p1a: Tornadus|Tornadus-Therian, M|81\/100\n|-damage|p1a: Tornadus|56\/100|[from] Stealth Rock\n|move|p2a: Sinistcha|Shadow Ball|p1a: Tornadus\n|-damage|p1a: Tornadus|27\/100\n|-unboost|p1a: Tornadus|spd|1\n|\n|-damage|p2a: Sinistcha|51\/100 psn|[from] psn\n|upkeep\n|turn|38\n|\n|t:|1700179772\n|move|p1a: Tornadus|U-turn|p2a: Sinistcha\n|-damage|p2a: Sinistcha|40\/100 psn\n|\n|t:|1700179775\n|switch|p1a: Zapdos|Zapdos|100\/100|[from] U-turn\n|move|p2a: Sinistcha|Shadow Ball|p1a: Zapdos\n|-damage|p1a: Zapdos|66\/100\n|\n|-damage|p2a: Sinistcha|27\/100 psn|[from] psn\n|upkeep\n|turn|39\n|\n|t:|1700179791\n|switch|p2a: Clodsire|Clodsire, M, tera:Steel|94\/100\n|move|p1a: Zapdos|Hurricane|p2a: Clodsire\n|-resisted|p2a: Clodsire\n|-damage|p2a: Clodsire|81\/100\n|\n|upkeep\n|turn|40\n|\n|t:|1700179794\n|move|p1a: Zapdos|Thunderbolt|p2a: Clodsire\n|-crit|p2a: Clodsire\n|-damage|p2a: Clodsire|51\/100\n|move|p2a: Clodsire|Poison Jab|p1a: Zapdos\n|-damage|p1a: Zapdos|46\/100\n|-status|p2a: Clodsire|par|[from] ability: Static|[of] p1a: Zapdos\n|\n|upkeep\n|turn|41\n|\n|t:|1700179798\n|move|p1a: Zapdos|Roost|p1a: Zapdos\n|-heal|p1a: Zapdos|96\/100\n|-singleturn|p1a: Zapdos|move: Roost\n|move|p2a: Clodsire|Recover|p2a: Clodsire\n|-heal|p2a: Clodsire|100\/100 par\n|\n|upkeep\n|turn|42\n|\n|t:|1700179800\n|move|p1a: Zapdos|Volt Switch|p2a: Clodsire\n|-damage|p2a: Clodsire|84\/100 par\n|\n|t:|1700179803\n|switch|p1a: Great Tusk|Great Tusk|86\/100|[from] Volt Switch\n|-damage|p1a: Great Tusk|83\/100|[from] Stealth Rock\n|-damage|p1a: Great Tusk|66\/100|[from] Spikes\n|move|p2a: Clodsire|Spikes|p1a: Great Tusk\n|-sidestart|p1: Ill Leave|Spikes\n|\n|-heal|p1a: Great Tusk|72\/100|[from] item: Leftovers\n|upkeep\n|turn|43\n|\n|t:|1700179809\n|switch|p2a: Sinistcha|Sinistcha-Masterpiece|27\/100 psn\n|-damage|p2a: Sinistcha|15\/100 psn|[from] Stealth Rock\n|-damage|p2a: Sinistcha|3\/100 psn|[from] Spikes\n|move|p1a: Great Tusk|Rapid Spin|p2a: Sinistcha\n|-immune|p2a: Sinistcha\n|\n|-heal|p1a: Great Tusk|78\/100|[from] item: Leftovers\n|-damage|p2a: Sinistcha|0 fnt|[from] psn\n|faint|p2a: Sinistcha\n|upkeep\n|\n|t:|1700179811\n|switch|p2a: Clefable|Clefable, M|64\/100 psn\n|turn|44\n|\n|t:|1700179818\n|move|p1a: Great Tusk|Rapid Spin|p2a: Clefable\n|-damage|p2a: Clefable|53\/100 psn\n|-boost|p1a: Great Tusk|spe|1\n|-sideend|p1: Ill Leave|Spikes|[from] move: Rapid Spin|[of] p1a: Great Tusk\n|-sideend|p1: Ill Leave|Stealth Rock|[from] move: Rapid Spin|[of] p1a: Great Tusk\n|move|p2a: Clefable|Moonblast|p1a: Great Tusk\n|-supereffective|p1a: Great Tusk\n|-damage|p1a: Great Tusk|0 fnt\n|faint|p1a: Great Tusk\n|-end|p1a: Great Tusk|Protosynthesis|[silent]\n|\n|upkeep\n|\n|t:|1700179827\n|switch|p1a: Zapdos|Zapdos|96\/100\n|turn|45\n|\n|t:|1700179830\n|move|p1a: Zapdos|Thunderbolt|p2a: Clefable\n|-damage|p2a: Clefable|16\/100 psn\n|move|p2a: Clefable|Wish|p2a: Clefable\n|\n|upkeep\n|turn|46\n|\n|t:|1700179835\n|move|p2a: Clefable|Protect|p2a: Clefable\n|-singleturn|p2a: Clefable|Protect\n|move|p1a: Zapdos|Thunderbolt|p2a: Clefable\n|-activate|p2a: Clefable|move: Protect\n|\n|-heal|p2a: Clefable|66\/100 psn|[from] move: Wish|[wisher] Clefable\n|upkeep\n|turn|47\n|\n|t:|1700179837\n|move|p1a: Zapdos|Hurricane|p2a: Clefable\n|-damage|p2a: Clefable|25\/100 psn\n|move|p2a: Clefable|Wish|p2a: Clefable\n|\n|upkeep\n|turn|48\n|\n|t:|1700179845\n|move|p2a: Clefable|Protect|p2a: Clefable\n|-singleturn|p2a: Clefable|Protect\n|move|p1a: Zapdos|Volt Switch|p2a: Clefable\n|-activate|p2a: Clefable|move: Protect\n|\n|-heal|p2a: Clefable|75\/100 psn|[from] move: Wish|[wisher] Clefable\n|upkeep\n|turn|49\n|j| no more beeroes\n|\n|t:|1700179851\n|switch|p2a: Blissey|Blissey, F, shiny|95\/100\n|move|p1a: Zapdos|Hurricane|p2a: Blissey\n|-damage|p2a: Blissey|82\/100\n|\n|upkeep\n|turn|50\n|\n|t:|1700179854\n|move|p1a: Zapdos|Volt Switch|p2a: Blissey\n|-damage|p2a: Blissey|73\/100\n|l| no more beeroes\n|\n|t:|1700179858\n|switch|p1a: Tornadus|Tornadus-Therian, M|60\/100|[from] Volt Switch\n|move|p2a: Blissey|Seismic Toss|p1a: Tornadus\n|-damage|p1a: Tornadus|32\/100\n|\n|upkeep\n|turn|51\n|\n|t:|1700179866\n|switch|p2a: Clefable|Clefable, M|75\/100 psn\n|move|p1a: Tornadus|Knock Off|p2a: Clefable\n|-resisted|p2a: Clefable\n|-damage|p2a: Clefable|70\/100 psn\n|\n|upkeep\n|turn|52\n|\n|t:|1700179871\n|move|p1a: Tornadus|U-turn|p2a: Clefable\n|-resisted|p2a: Clefable\n|-damage|p2a: Clefable|64\/100 psn\n|\n|t:|1700179877\n|switch|p1a: Zapdos|Zapdos|96\/100|[from] U-turn\n|move|p2a: Clefable|Wish|p2a: Clefable\n|\n|upkeep\n|turn|53\n|\n|t:|1700179881\n|move|p1a: Zapdos|Volt Switch|p2a: Clefable\n|-damage|p2a: Clefable|38\/100 psn\n|\n|t:|1700179883\n|switch|p1a: Garganacl|Garganacl, M|74\/100|[from] Volt Switch\n|move|p2a: Clefable|Moonblast|p1a: Garganacl\n|-damage|p1a: Garganacl|54\/100\n|\n|-heal|p2a: Clefable|88\/100 psn|[from] move: Wish|[wisher] Clefable\n|upkeep\n|turn|54\n|\n|t:|1700179891\n|move|p2a: Clefable|Wish|p2a: Clefable\n|move|p1a: Garganacl|Salt Cure|p2a: Clefable\n|-damage|p2a: Clefable|77\/100 psn\n|-start|p2a: Clefable|Salt Cure\n|\n|upkeep\n|turn|55\n|\n|t:|1700179894\n|switch|p2a: Blissey|Blissey, F, shiny|73\/100\n|move|p1a: Garganacl|Curse|p1a: Garganacl\n|-unboost|p1a: Garganacl|spe|1\n|-boost|p1a: Garganacl|atk|1\n|-boost|p1a: Garganacl|def|1\n|\n|-heal|p2a: Blissey|100\/100|[from] move: Wish|[wisher] Clefable\n|upkeep\n|turn|56\n|\n|t:|1700179901\n|move|p2a: Blissey|Stealth Rock|p1a: Garganacl\n|-sidestart|p1: Ill Leave|move: Stealth Rock\n|move|p1a: Garganacl|Salt Cure|p2a: Blissey\n|-damage|p2a: Blissey|81\/100\n|-start|p2a: Blissey|Salt Cure\n|\n|-damage|p2a: Blissey|68\/100|[from] Salt Cure\n|upkeep\n|turn|57\n|\n|t:|1700179906\n|switch|p2a: Alomomola|Alomomola, M, shiny|100\/100\n|move|p1a: Garganacl|Recover|p1a: Garganacl\n|-heal|p1a: Garganacl|100\/100\n|\n|upkeep\n|turn|58\n|\n|t:|1700179911\n|move|p2a: Alomomola|Flip Turn|p1a: Garganacl\n|-supereffective|p1a: Garganacl\n|-damage|p1a: Garganacl|86\/100\n|\n|t:|1700179913\n|switch|p2a: Clefable|Clefable, M|77\/100 psn|[from] Flip Turn\n|move|p1a: Garganacl|Salt Cure|p2a: Clefable\n|-damage|p2a: Clefable|61\/100 psn\n|-start|p2a: Clefable|Salt Cure\n|\n|upkeep\n|turn|59\n|\n|t:|1700179916\n|switch|p2a: Alomomola|Alomomola, M, shiny|100\/100\n|move|p1a: Garganacl|Curse|p1a: Garganacl\n|-unboost|p1a: Garganacl|spe|1\n|-boost|p1a: Garganacl|atk|1\n|-boost|p1a: Garganacl|def|1\n|\n|upkeep\n|turn|60\n|\n|t:|1700179920\n|move|p2a: Alomomola|Wish|p2a: Alomomola\n|move|p1a: Garganacl|Curse|p1a: Garganacl\n|-unboost|p1a: Garganacl|spe|1\n|-boost|p1a: Garganacl|atk|1\n|-boost|p1a: Garganacl|def|1\n|\n|upkeep\n|turn|61\n|\n|t:|1700179923\n|move|p2a: Alomomola|Flip Turn|p1a: Garganacl\n|-supereffective|p1a: Garganacl\n|-damage|p1a: Garganacl|76\/100\n|\n|t:|1700179925\n|switch|p2a: Clefable|Clefable, M|61\/100 psn|[from] Flip Turn\n|move|p1a: Garganacl|Curse|p1a: Garganacl\n|-unboost|p1a: Garganacl|spe|1\n|-boost|p1a: Garganacl|atk|1\n|-boost|p1a: Garganacl|def|1\n|\n|-heal|p2a: Clefable|100\/100 psn|[from] move: Wish|[wisher] Alomomola\n|upkeep\n|turn|62\n|j| rykera\n|\n|t:|1700179929\n|move|p2a: Clefable|Moonblast|p1a: Garganacl\n|-damage|p1a: Garganacl|55\/100\n|move|p1a: Garganacl|Salt Cure|p2a: Clefable\n|-damage|p2a: Clefable|68\/100 psn\n|-start|p2a: Clefable|Salt Cure\n|\n|upkeep\n|turn|63\n|\n|t:|1700179940\n|move|p2a: Clefable|Moonblast|p1a: Garganacl\n|-damage|p1a: Garganacl|34\/100\n|-unboost|p1a: Garganacl|spa|1\n|move|p1a: Garganacl|Recover|p1a: Garganacl\n|-heal|p1a: Garganacl|84\/100\n|\n|upkeep\n|turn|64\n|n| srtyjj|rykera\n|\n|t:|1700179944\n|move|p2a: Clefable|Wish|p2a: Clefable\n|move|p1a: Garganacl|Curse|p1a: Garganacl\n|-unboost|p1a: Garganacl|spe|1\n|-boost|p1a: Garganacl|atk|1\n|-boost|p1a: Garganacl|def|1\n|\n|upkeep\n|turn|65\n|\n|t:|1700179948\n|move|p2a: Clefable|Moonblast|p1a: Garganacl\n|-damage|p1a: Garganacl|62\/100\n|move|p1a: Garganacl|Salt Cure|p2a: Clefable\n|-damage|p2a: Clefable|29\/100 psn\n|\n|-heal|p2a: Clefable|79\/100 psn|[from] move: Wish|[wisher] Clefable\n|upkeep\n|turn|66\n|\n|t:|1700179954\n|move|p2a: Clefable|Wish|p2a: Clefable\n|move|p1a: Garganacl|Salt Cure|p2a: Clefable\n|-damage|p2a: Clefable|44\/100 psn\n|\n|upkeep\n|turn|67\n|\n|t:|1700179965\n|switch|p2a: Dondozo|Dondozo, M|100\/100\n|move|p1a: Garganacl|Salt Cure|p2a: Dondozo\n|-damage|p2a: Dondozo|94\/100\n|-start|p2a: Dondozo|Salt Cure\n|\n|-heal|p2a: Dondozo|100\/100|[from] move: Wish|[wisher] Clefable\n|-damage|p2a: Dondozo|75\/100|[from] Salt Cure\n|upkeep\n|turn|68\n|\n|t:|1700179973\n|switch|p1a: Toxapex|Toxapex, M|100\/100\n|-damage|p1a: Toxapex|88\/100|[from] Stealth Rock\n|move|p2a: Dondozo|Body Press|p1a: Toxapex\n|-resisted|p1a: Toxapex\n|-damage|p1a: Toxapex|77\/100\n|\n|-damage|p2a: Dondozo|50\/100|[from] Salt Cure\n|upkeep\n|turn|69\n|\n|t:|1700179976\n|switch|p1a: Tornadus|Tornadus-Therian, M|65\/100\n|-damage|p1a: Tornadus|40\/100|[from] Stealth Rock\n|move|p2a: Dondozo|Rest|p2a: Dondozo\n|-status|p2a: Dondozo|slp|[from] move: Rest\n|-heal|p2a: Dondozo|100\/100 slp|[silent]\n|\n|-damage|p2a: Dondozo|75\/100 slp|[from] Salt Cure\n|upkeep\n|turn|70\n|\n|t:|1700179984\n|switch|p2a: Clefable|Clefable, M|44\/100 psn\n|move|p1a: Tornadus|Knock Off|p2a: Clefable\n|-resisted|p2a: Clefable\n|-damage|p2a: Clefable|39\/100 psn\n|\n|upkeep\n|turn|71\n|\n|t:|1700179987\n|move|p1a: Tornadus|Bleakwind Storm|p2a: Clefable|[miss]\n|-miss|p1a: Tornadus|p2a: Clefable\n|move|p2a: Clefable|Wish|p2a: Clefable\n|\n|upkeep\n|turn|72\n|j| all hips no lies\n|\n|t:|1700179990\n|switch|p1a: Toxapex|Toxapex, M|100\/100\n|-damage|p1a: Toxapex|88\/100|[from] Stealth Rock\n|move|p2a: Clefable|Protect||[still]\n|-fail|p2a: Clefable\n|\n|-heal|p2a: Clefable|89\/100 psn|[from] move: Wish|[wisher] Clefable\n|upkeep\n|turn|73\n|\n|t:|1700179994\n|switch|p2a: Clodsire|Clodsire, M, tera:Steel|84\/100 par\n|move|p1a: Toxapex|Surf|p2a: Clodsire\n|-damage|p2a: Clodsire|72\/100 par\n|\n|upkeep\n|turn|74\n|j| ddytyttycvcvhjhjh\n|\n|t:|1700179998\n|move|p1a: Toxapex|Toxic Spikes|p2a: Clodsire\n|-sidestart|p2: swellow is stronk|move: Toxic Spikes\n|move|p2a: Clodsire|Poison Jab|p1a: Toxapex\n|-resisted|p1a: Toxapex\n|-damage|p1a: Toxapex|79\/100\n|\n|upkeep\n|turn|75\n|\n|t:|1700180009\n|switch|p1a: Garganacl|Garganacl, M|62\/100\n|-damage|p1a: Garganacl|50\/100|[from] Stealth Rock\n|cant|p2a: Clodsire|par\n|\n|upkeep\n|turn|76\n|\n|t:|1700180016\n|switch|p2a: Alomomola|Alomomola, M, shiny|100\/100\n|move|p1a: Garganacl|Salt Cure|p2a: Alomomola\n|-damage|p2a: Alomomola|92\/100\n|-start|p2a: Alomomola|Salt Cure\n|\n|-damage|p2a: Alomomola|67\/100|[from] Salt Cure\n|upkeep\n|turn|77\n|\n|t:|1700180022\n|move|p2a: Alomomola|Wish|p2a: Alomomola\n|move|p1a: Garganacl|Recover|p1a: Garganacl\n|-heal|p1a: Garganacl|99\/100\n|\n|-damage|p2a: Alomomola|42\/100|[from] Salt Cure\n|upkeep\n|turn|78\n|\n|t:|1700180031\n|switch|p1a: Toxapex|Toxapex, M|100\/100\n|-damage|p1a: Toxapex|88\/100|[from] Stealth Rock\n|move|p2a: Alomomola|Flip Turn|p1a: Toxapex\n|-resisted|p1a: Toxapex\n|-damage|p1a: Toxapex|81\/100\n|\n|t:|1700180035\n|switch|p2a: Clodsire|Clodsire, M, tera:Steel|72\/100 par|[from] Flip Turn\n|\n|-heal|p2a: Clodsire|100\/100 par|[from] move: Wish|[wisher] Alomomola\n|upkeep\n|turn|79\n|\n|t:|1700180039\n|move|p1a: Toxapex|Surf|p2a: Clodsire\n|-damage|p2a: Clodsire|89\/100 par\n|move|p2a: Clodsire|Spikes|p1a: Toxapex\n|-sidestart|p1: Ill Leave|Spikes\n|\n|upkeep\n|turn|80\n|\n|t:|1700180043\n|move|p1a: Toxapex|Surf|p2a: Clodsire\n|-damage|p2a: Clodsire|78\/100 par\n|move|p2a: Clodsire|Poison Jab|p1a: Toxapex\n|-resisted|p1a: Toxapex\n|-damage|p1a: Toxapex|72\/100\n|\n|upkeep\n|turn|81\n|\n|t:|1700180045\n|switch|p1a: Hatterene|Hatterene, F|41\/100\n|-damage|p1a: Hatterene|29\/100|[from] Stealth Rock\n|-damage|p1a: Hatterene|17\/100|[from] Spikes\n|move|p2a: Clodsire|Spikes|p1a: Hatterene\n|move|p1a: Hatterene|Spikes|p2a: Clodsire|[from]ability: Magic Bounce\n|-sidestart|p2: swellow is stronk|Spikes\n|\n|upkeep\n|turn|82\n|\n|t:|1700180048\n|move|p1a: Hatterene|Mystical Fire|p2a: Clodsire\n|-supereffective|p2a: Clodsire\n|-damage|p2a: Clodsire|51\/100 par\n|-unboost|p2a: Clodsire|spa|1\n|move|p2a: Clodsire|Recover|p2a: Clodsire\n|-heal|p2a: Clodsire|100\/100 par\n|\n|upkeep\n|turn|83\n|j| orasfunfun\n|\n|t:|1700180089\n|move|p1a: Hatterene|Mystical Fire|p2a: Clodsire\n|-supereffective|p2a: Clodsire\n|-damage|p2a: Clodsire|76\/100 par\n|-unboost|p2a: Clodsire|spa|1\n|move|p2a: Clodsire|Poison Jab|p1a: Hatterene\n|-supereffective|p1a: Hatterene\n|-damage|p1a: Hatterene|0 fnt\n|faint|p1a: Hatterene\n|\n|upkeep\n|\n|t:|1700180093\n|switch|p1a: Zapdos|Zapdos|96\/100\n|turn|84\n|\n|t:|1700180097\n|move|p1a: Zapdos|Thunderbolt|p2a: Clodsire\n|-damage|p2a: Clodsire|54\/100 par\n|cant|p2a: Clodsire|par\n|\n|upkeep\n|turn|85\n|\n|t:|1700180102\n|move|p1a: Zapdos|Thunderbolt|p2a: Clodsire\n|-damage|p2a: Clodsire|34\/100 par\n|move|p2a: Clodsire|Recover|p2a: Clodsire\n|-heal|p2a: Clodsire|84\/100 par\n|\n|upkeep\n|turn|86\n|\n|t:|1700180113\n|move|p1a: Zapdos|Thunderbolt|p2a: Clodsire\n|-damage|p2a: Clodsire|62\/100 par\n|move|p2a: Clodsire|Spikes|p1a: Zapdos\n|-sidestart|p1: Ill Leave|Spikes\n|\n|upkeep\n|turn|87\n|\n|t:|1700180119\n|move|p1a: Zapdos|Thunderbolt|p2a: Clodsire\n|-damage|p2a: Clodsire|40\/100 par\n|move|p2a: Clodsire|Spikes|p1a: Zapdos\n|-sidestart|p1: Ill Leave|Spikes\n|\n|upkeep\n|turn|88\n|\n|t:|1700180125\n|switch|p2a: Blissey|Blissey, F, shiny|68\/100\n|move|p1a: Zapdos|Thunderbolt|p2a: Blissey\n|-damage|p2a: Blissey|57\/100\n|\n|upkeep\n|turn|89\n|\n|t:|1700180130\n|move|p1a: Zapdos|Volt Switch|p2a: Blissey\n|-damage|p2a: Blissey|48\/100\n|\n|t:|1700180132\n|switch|p1a: Tornadus|Tornadus-Therian, M|73\/100|[from] Volt Switch\n|-damage|p1a: Tornadus|49\/100|[from] Stealth Rock\n|move|p2a: Blissey|Soft-Boiled|p2a: Blissey\n|-heal|p2a: Blissey|98\/100\n|\n|upkeep\n|turn|90\n|\n|t:|1700180138\n|switch|p2a: Clefable|Clefable, M|89\/100 psn\n|move|p1a: Tornadus|Knock Off|p2a: Clefable\n|-resisted|p2a: Clefable\n|-crit|p2a: Clefable\n|-damage|p2a: Clefable|81\/100 psn\n|\n|upkeep\n|turn|91\n|\n|t:|1700180142\n|move|p1a: Tornadus|Bleakwind Storm|p2a: Clefable\n|-damage|p2a: Clefable|48\/100 psn\n|move|p2a: Clefable|Moonblast|p1a: Tornadus\n|-damage|p1a: Tornadus|20\/100\n|-unboost|p1a: Tornadus|spa|1\n|\n|upkeep\n|turn|92\n|\n|t:|1700180171\n|move|p1a: Tornadus|U-turn|p2a: Clefable\n|-resisted|p2a: Clefable\n|-damage|p2a: Clefable|42\/100 psn\n|\n|t:|1700180176\n|switch|p1a: Zapdos|Zapdos|96\/100|[from] U-turn\n|move|p2a: Clefable|Wish|p2a: Clefable\n|\n|upkeep\n|turn|93\n|\n|t:|1700180178\n|move|p1a: Zapdos|Hurricane|p2a: Clefable|[miss]\n|-miss|p1a: Zapdos|p2a: Clefable\n|move|p2a: Clefable|Knock Off|p1a: Zapdos\n|-damage|p1a: Zapdos|83\/100\n|-enditem|p1a: Zapdos|Heavy-Duty Boots|[from] move: Knock Off|[of] p2a: Clefable\n|\n|-heal|p2a: Clefable|92\/100 psn|[from] move: Wish|[wisher] Clefable\n|upkeep\n|turn|94\n|\n|t:|1700180186\n|move|p1a: Zapdos|Hurricane|p2a: Clefable|[miss]\n|-miss|p1a: Zapdos|p2a: Clefable\n|move|p2a: Clefable|Moonblast|p1a: Zapdos\n|-damage|p1a: Zapdos|52\/100\n|-unboost|p1a: Zapdos|spa|1\n|\n|upkeep\n|turn|95\n|\n|t:|1700180188\n|move|p1a: Zapdos|Roost|p1a: Zapdos\n|-heal|p1a: Zapdos|100\/100\n|-singleturn|p1a: Zapdos|move: Roost\n|move|p2a: Clefable|Moonblast|p1a: Zapdos\n|-damage|p1a: Zapdos|72\/100\n|\n|upkeep\n|turn|96\n|\n|t:|1700180194\n|move|p1a: Zapdos|Thunderbolt|p2a: Clefable\n|-damage|p2a: Clefable|70\/100 psn\n|move|p2a: Clefable|Moonblast|p1a: Zapdos\n|-damage|p1a: Zapdos|43\/100\n|\n|upkeep\n|turn|97\n|\n|t:|1700180200\n|move|p1a: Zapdos|Roost|p1a: Zapdos\n|-heal|p1a: Zapdos|93\/100\n|-singleturn|p1a: Zapdos|move: Roost\n|move|p2a: Clefable|Wish|p2a: Clefable\n|\n|upkeep\n|turn|98\n|\n|t:|1700180203\n|switch|p2a: Clodsire|Clodsire, M, tera:Steel|40\/100 par\n|move|p1a: Zapdos|Volt Switch|p2a: Clodsire\n|-damage|p2a: Clodsire|22\/100 par\n|\n|t:|1700180206\n|switch|p1a: Tornadus|Tornadus-Therian, M|53\/100|[from] Volt Switch\n|-damage|p1a: Tornadus|29\/100|[from] Stealth Rock\n|\n|-heal|p2a: Clodsire|65\/100 par|[from] move: Wish|[wisher] Clefable\n|upkeep\n|turn|99\n|\n|t:|1700180212\n|move|p1a: Tornadus|Heat Wave|p2a: Clodsire\n|-supereffective|p2a: Clodsire\n|-damage|p2a: Clodsire|38\/100 par\n|move|p2a: Clodsire|Poison Jab|p1a: Tornadus\n|-damage|p1a: Tornadus|1\/100\n|-status|p1a: Tornadus|psn\n|\n|-damage|p1a: Tornadus|0 fnt|[from] psn\n|faint|p1a: Tornadus\n|upkeep\n|inactive|Battle timer is ON: inactive players will automatically lose when time's up. (requested by swellow is stronk)\n|l|allhipsnolies\n|\n|t:|1700180261\n|switch|p1a: Zapdos|Zapdos|93\/100\n|-damage|p1a: Zapdos|68\/100|[from] Stealth Rock\n|turn|100\n|\n|t:|1700180264\n|move|p1a: Zapdos|Thunderbolt|p2a: Clodsire\n|-damage|p2a: Clodsire|16\/100 par\n|move|p2a: Clodsire|Recover|p2a: Clodsire\n|-heal|p2a: Clodsire|66\/100 par\n|\n|upkeep\n|turn|101\n|c|\u2606Ill Leave|u really never get paraed when it matters huh\n|\n|t:|1700180283\n|move|p1a: Zapdos|Thunderbolt|p2a: Clodsire\n|-damage|p2a: Clodsire|45\/100 par\n|move|p2a: Clodsire|Poison Jab|p1a: Zapdos\n|-damage|p1a: Zapdos|49\/100\n|\n|upkeep\n|turn|102\n|\n|t:|1700180288\n|move|p1a: Zapdos|Thunderbolt|p2a: Clodsire\n|-damage|p2a: Clodsire|24\/100 par\n|move|p2a: Clodsire|Recover|p2a: Clodsire\n|-heal|p2a: Clodsire|74\/100 par\n|\n|upkeep\n|turn|103\n|\n|t:|1700180293\n|move|p1a: Zapdos|Thunderbolt|p2a: Clodsire\n|-damage|p2a: Clodsire|52\/100 par\n|cant|p2a: Clodsire|par\n|\n|upkeep\n|turn|104\n|\n|t:|1700180297\n|move|p1a: Zapdos|Thunderbolt|p2a: Clodsire\n|-crit|p2a: Clodsire\n|-damage|p2a: Clodsire|19\/100 par\n|move|p2a: Clodsire|Recover|p2a: Clodsire\n|-heal|p2a: Clodsire|69\/100 par\n|\n|upkeep\n|turn|105\n|\n|t:|1700180309\n|move|p1a: Zapdos|Volt Switch|p2a: Clodsire\n|-damage|p2a: Clodsire|52\/100 par\n|\n|t:|1700180311\n|switch|p1a: Garganacl|Garganacl, M|99\/100|[from] Volt Switch\n|-damage|p1a: Garganacl|87\/100|[from] Stealth Rock\n|-damage|p1a: Garganacl|62\/100|[from] Spikes\n|move|p2a: Clodsire|Poison Jab|p1a: Garganacl\n|-resisted|p1a: Garganacl\n|-damage|p1a: Garganacl|55\/100\n|\n|upkeep\n|turn|106\n|\n|t:|1700180316\n|switch|p2a: Alomomola|Alomomola, M, shiny|75\/100\n|move|p1a: Garganacl|Recover|p1a: Garganacl\n|-heal|p1a: Garganacl|100\/100\n|\n|upkeep\n|turn|107\n|l| orasfunfun\n|\n|t:|1700180320\n|move|p2a: Alomomola|Wish|p2a: Alomomola\n|move|p1a: Garganacl|Curse|p1a: Garganacl\n|-unboost|p1a: Garganacl|spe|1\n|-boost|p1a: Garganacl|atk|1\n|-boost|p1a: Garganacl|def|1\n|\n|upkeep\n|turn|108\n|\n|t:|1700180325\n|move|p2a: Alomomola|Flip Turn|p1a: Garganacl\n|-supereffective|p1a: Garganacl\n|-damage|p1a: Garganacl|86\/100\n|\n|t:|1700180327\n|switch|p2a: Clefable|Clefable, M|70\/100 psn|[from] Flip Turn\n|move|p1a: Garganacl|Curse|p1a: Garganacl\n|-unboost|p1a: Garganacl|spe|1\n|-boost|p1a: Garganacl|atk|1\n|-boost|p1a: Garganacl|def|1\n|\n|-heal|p2a: Clefable|100\/100 psn|[from] move: Wish|[wisher] Alomomola\n|upkeep\n|turn|109\n|\n|t:|1700180330\n|move|p2a: Clefable|Moonblast|p1a: Garganacl\n|-damage|p1a: Garganacl|66\/100\n|move|p1a: Garganacl|Curse|p1a: Garganacl\n|-unboost|p1a: Garganacl|spe|1\n|-boost|p1a: Garganacl|atk|1\n|-boost|p1a: Garganacl|def|1\n|\n|upkeep\n|turn|110\n|\n|t:|1700180332\n|move|p2a: Clefable|Moonblast|p1a: Garganacl\n|-damage|p1a: Garganacl|45\/100\n|-unboost|p1a: Garganacl|spa|1\n|move|p1a: Garganacl|Curse|p1a: Garganacl\n|-unboost|p1a: Garganacl|spe|1\n|-boost|p1a: Garganacl|atk|1\n|-boost|p1a: Garganacl|def|1\n|\n|upkeep\n|turn|111\n|\n|t:|1700180335\n|move|p2a: Clefable|Moonblast|p1a: Garganacl\n|-damage|p1a: Garganacl|23\/100\n|move|p1a: Garganacl|Recover|p1a: Garganacl\n|-heal|p1a: Garganacl|73\/100\n|\n|upkeep\n|turn|112\n|\n|t:|1700180339\n|move|p2a: Clefable|Moonblast|p1a: Garganacl\n|-damage|p1a: Garganacl|53\/100\n|move|p1a: Garganacl|Salt Cure|p2a: Clefable\n|-damage|p2a: Clefable|69\/100 psn\n|-start|p2a: Clefable|Salt Cure\n|\n|upkeep\n|turn|113\n|\n|t:|1700180347\n|move|p2a: Clefable|Moonblast|p1a: Garganacl\n|-damage|p1a: Garganacl|32\/100\n|move|p1a: Garganacl|Salt Cure|p2a: Clefable\n|-damage|p2a: Clefable|38\/100 psn\n|\n|upkeep\n|turn|114\n|\n|t:|1700180350\n|move|p2a: Clefable|Wish|p2a: Clefable\n|move|p1a: Garganacl|Recover|p1a: Garganacl\n|-heal|p1a: Garganacl|82\/100\n|\n|upkeep\n|turn|115\n|\n|t:|1700180355\n|move|p2a: Clefable|Moonblast|p1a: Garganacl\n|-damage|p1a: Garganacl|59\/100\n|move|p1a: Garganacl|Salt Cure|p2a: Clefable\n|-damage|p2a: Clefable|5\/100 psn\n|\n|-heal|p2a: Clefable|55\/100 psn|[from] move: Wish|[wisher] Clefable\n|upkeep\n|turn|116\n|\n|t:|1700180359\n|move|p2a: Clefable|Wish|p2a: Clefable\n|move|p1a: Garganacl|Salt Cure|p2a: Clefable\n|-damage|p2a: Clefable|26\/100 psn\n|\n|upkeep\n|turn|117\n|\n|t:|1700180363\n|move|p2a: Clefable|Protect|p2a: Clefable\n|-singleturn|p2a: Clefable|Protect\n|move|p1a: Garganacl|Salt Cure|p2a: Clefable\n|-activate|p2a: Clefable|move: Protect\n|\n|-heal|p2a: Clefable|76\/100 psn|[from] move: Wish|[wisher] Clefable\n|upkeep\n|turn|118\n|\n|t:|1700180369\n|move|p2a: Clefable|Moonblast|p1a: Garganacl\n|-damage|p1a: Garganacl|38\/100\n|-unboost|p1a: Garganacl|spa|1\n|move|p1a: Garganacl|Curse|p1a: Garganacl\n|-unboost|p1a: Garganacl|spe|1\n|-boost|p1a: Garganacl|atk|1\n|-boost|p1a: Garganacl|def|1\n|\n|upkeep\n|turn|119\n|\n|t:|1700180373\n|move|p2a: Clefable|Moonblast|p1a: Garganacl\n|-damage|p1a: Garganacl|17\/100\n|move|p1a: Garganacl|Recover|p1a: Garganacl\n|-heal|p1a: Garganacl|67\/100\n|\n|upkeep\n|turn|120\n|\n|t:|1700180377\n|move|p2a: Clefable|Moonblast|p1a: Garganacl\n|-damage|p1a: Garganacl|48\/100\n|move|p1a: Garganacl|Salt Cure|p2a: Clefable\n|-damage|p2a: Clefable|41\/100 psn\n|\n|upkeep\n|turn|121\n|\n|t:|1700180384\n|move|p2a: Clefable|Wish|p2a: Clefable\n|move|p1a: Garganacl|Salt Cure|p2a: Clefable\n|-damage|p2a: Clefable|3\/100 psn\n|\n|upkeep\n|turn|122\n|\n|t:|1700180389\n|move|p2a: Clefable|Protect|p2a: Clefable\n|-singleturn|p2a: Clefable|Protect\n|move|p1a: Garganacl|Curse|p1a: Garganacl\n|-unboost|p1a: Garganacl|spe|1\n|-boost|p1a: Garganacl|atk|1\n|-boost|p1a: Garganacl|def|1\n|\n|-heal|p2a: Clefable|53\/100 psn|[from] move: Wish|[wisher] Clefable\n|upkeep\n|turn|123\n|\n|t:|1700180394\n|move|p2a: Clefable|Moonblast|p1a: Garganacl\n|-damage|p1a: Garganacl|26\/100\n|move|p1a: Garganacl|Salt Cure|p2a: Clefable\n|-damage|p2a: Clefable|10\/100 psn\n|\n|upkeep\n|turn|124\n|\n|t:|1700180413\n|move|p2a: Clefable|Moonblast|p1a: Garganacl\n|-damage|p1a: Garganacl|5\/100\n|move|p1a: Garganacl|Salt Cure|p2a: Clefable\n|-damage|p2a: Clefable|0 fnt\n|faint|p2a: Clefable\n|\n|upkeep\n|\n|t:|1700180417\n|switch|p2a: Blissey|Blissey, F, shiny|98\/100\n|turn|125\n|\n|t:|1700180423\n|move|p2a: Blissey|Seismic Toss|p1a: Garganacl\n|-damage|p1a: Garganacl|0 fnt\n|faint|p1a: Garganacl\n|\n|upkeep\n|\n|t:|1700180427\n|switch|p1a: Toxapex|Toxapex, M|100\/100\n|-damage|p1a: Toxapex|88\/100|[from] Stealth Rock\n|-damage|p1a: Toxapex|63\/100|[from] Spikes\n|turn|126\n|\n|t:|1700180430\n|move|p2a: Blissey|Seismic Toss|p1a: Toxapex\n|-damage|p1a: Toxapex|30\/100\n|move|p1a: Toxapex|Haze|p1a: Toxapex\n|-clearallboost\n|\n|upkeep\n|turn|127\n|inactive|Ill Leave has 120 seconds left.\n|\n|t:|1700180482\n|move|p2a: Blissey|Seismic Toss|p1a: Toxapex\n|-damage|p1a: Toxapex|0 fnt\n|faint|p1a: Toxapex\n|\n|upkeep\n|\n|t:|1700180486\n|switch|p1a: Zapdos|Zapdos|49\/100\n|-damage|p1a: Zapdos|25\/100|[from] Stealth Rock\n|turn|128\n|\n|t:|1700180490\n|move|p1a: Zapdos|Roost|p1a: Zapdos\n|-heal|p1a: Zapdos|75\/100\n|-singleturn|p1a: Zapdos|move: Roost\n|move|p2a: Blissey|Seismic Toss|p1a: Zapdos\n|-damage|p1a: Zapdos|49\/100\n|\n|upkeep\n|turn|129\n|inactive|Ill Leave has 90 seconds left.\n|inactive|Ill Leave has 60 seconds left.\n|\n|t:|1700180547\n|move|p1a: Zapdos|Roost|p1a: Zapdos\n|-heal|p1a: Zapdos|99\/100\n|-singleturn|p1a: Zapdos|move: Roost\n|move|p2a: Blissey|Seismic Toss|p1a: Zapdos\n|-damage|p1a: Zapdos|73\/100\n|-status|p2a: Blissey|par|[from] ability: Static|[of] p1a: Zapdos\n|\n|upkeep\n|turn|130\n|\n|t:|1700180552\n|-curestatus|p2a: Blissey|par|[from] ability: Natural Cure\n|switch|p2a: Alomomola|Alomomola, M, shiny|100\/100\n|move|p1a: Zapdos|Hurricane|p2a: Alomomola\n|-damage|p2a: Alomomola|56\/100\n|\n|upkeep\n|turn|131\n|\n|t:|1700180557\n|switch|p2a: Blissey|Blissey, F, shiny|98\/100\n|move|p1a: Zapdos|Thunderbolt|p2a: Blissey\n|-damage|p2a: Blissey|87\/100\n|\n|upkeep\n|turn|132\n|\n|t:|1700180561\n|move|p1a: Zapdos|Hurricane|p2a: Blissey|[miss]\n|-miss|p1a: Zapdos|p2a: Blissey\n|move|p2a: Blissey|Seismic Toss|p1a: Zapdos\n|-damage|p1a: Zapdos|46\/100\n|\n|upkeep\n|turn|133\n|inactive|Ill Leave has 60 seconds left.\n|\n|t:|1700180598\n|move|p1a: Zapdos|Hurricane|p2a: Blissey\n|-damage|p2a: Blissey|72\/100\n|move|p2a: Blissey|Seismic Toss|p1a: Zapdos\n|-damage|p1a: Zapdos|20\/100\n|-status|p2a: Blissey|par|[from] ability: Static|[of] p1a: Zapdos\n|\n|upkeep\n|turn|134\n|\n|t:|1700180604\n|move|p1a: Zapdos|Roost|p1a: Zapdos\n|-heal|p1a: Zapdos|70\/100\n|-singleturn|p1a: Zapdos|move: Roost\n|move|p2a: Blissey|Seismic Toss|p1a: Zapdos\n|-damage|p1a: Zapdos|44\/100\n|\n|upkeep\n|turn|135\n|\n|t:|1700180610\n|move|p1a: Zapdos|Thunderbolt|p2a: Blissey\n|-damage|p2a: Blissey|60\/100 par\n|move|p2a: Blissey|Seismic Toss|p1a: Zapdos\n|-damage|p1a: Zapdos|18\/100\n|\n|upkeep\n|turn|136\n|\n|t:|1700180614\n|move|p1a: Zapdos|Roost|p1a: Zapdos\n|-heal|p1a: Zapdos|68\/100\n|-singleturn|p1a: Zapdos|move: Roost\n|cant|p2a: Blissey|par\n|\n|upkeep\n|turn|137\n|\n|t:|1700180616\n|move|p1a: Zapdos|Thunderbolt|p2a: Blissey\n|-damage|p2a: Blissey|49\/100 par\n|move|p2a: Blissey|Soft-Boiled|p2a: Blissey\n|-heal|p2a: Blissey|99\/100 par\n|\n|upkeep\n|turn|138\n|\n|t:|1700180620\n|-curestatus|p2a: Blissey|par|[from] ability: Natural Cure\n|switch|p2a: Clodsire|Clodsire, M, tera:Steel|52\/100 par\n|move|p1a: Zapdos|Thunderbolt|p2a: Clodsire\n|-damage|p2a: Clodsire|30\/100 par\n|\n|upkeep\n|turn|139\n|j| Quamnckkk\n|inactive|Ill Leave has 30 seconds left.\n|inactive|Ill Leave has 20 seconds left.\n|\n|t:|1700180662\n|switch|p2a: Blissey|Blissey, F, shiny|99\/100\n|-terastallize|p1a: Zapdos|Electric\n|move|p1a: Zapdos|Thunderbolt|p2a: Blissey\n|-damage|p2a: Blissey|83\/100\n|\n|upkeep\n|turn|140\n|inactive|Ill Leave has 25 seconds left this turn.\n|inactive|Ill Leave has 20 seconds left.\n|\n|t:|1700180670\n|move|p1a: Zapdos|Thunderbolt|p2a: Blissey\n|-damage|p2a: Blissey|69\/100\n|move|p2a: Blissey|Seismic Toss|p1a: Zapdos\n|-damage|p1a: Zapdos|42\/100\n|\n|upkeep\n|turn|141\n|inactive|Ill Leave has 25 seconds left this turn.\n|inactive|Ill Leave has 20 seconds left.\n|\n|t:|1700180675\n|move|p1a: Zapdos|Hurricane|p2a: Blissey|[miss]\n|-miss|p1a: Zapdos|p2a: Blissey\n|move|p2a: Blissey|Seismic Toss|p1a: Zapdos\n|-damage|p1a: Zapdos|16\/100\n|\n|upkeep\n|turn|142\n|inactive|Ill Leave has 25 seconds left this turn.\n|\n|t:|1700180687\n|move|p1a: Zapdos|Roost|p1a: Zapdos\n|-heal|p1a: Zapdos|66\/100\n|move|p2a: Blissey|Soft-Boiled|p2a: Blissey\n|-heal|p2a: Blissey|100\/100\n|\n|upkeep\n|turn|143\n|inactive|Ill Leave has 30 seconds left this turn.\n|inactive|Ill Leave has 20 seconds left.\n|inactive|Ill Leave has 15 seconds left.\n|inactive|Ill Leave has 10 seconds left.\n|inactive|Ill Leave has 5 seconds left.\n|\n|t:|1700180713\n|move|p1a: Zapdos|Hurricane|p2a: Blissey|[miss]\n|-miss|p1a: Zapdos|p2a: Blissey\n|move|p2a: Blissey|Seismic Toss|p1a: Zapdos\n|-damage|p1a: Zapdos|40\/100\n|-status|p2a: Blissey|par|[from] ability: Static|[of] p1a: Zapdos\n|\n|upkeep\n|turn|144\n|inactive|Ill Leave has 10 seconds left this turn.\n|\n|t:|1700180717\n|move|p1a: Zapdos|Thunderbolt|p2a: Blissey\n|-damage|p2a: Blissey|85\/100 par\n|move|p2a: Blissey|Seismic Toss|p1a: Zapdos\n|-damage|p1a: Zapdos|14\/100\n|\n|upkeep\n|turn|145\n|inactive|Ill Leave has 15 seconds left this turn.\n|\n|t:|1700180720\n|move|p1a: Zapdos|Thunderbolt|p2a: Blissey\n|-damage|p2a: Blissey|70\/100 par\n|move|p2a: Blissey|Seismic Toss|p1a: Zapdos\n|-damage|p1a: Zapdos|0 fnt\n|faint|p1a: Zapdos\n|\n|win|swellow is stronk\n|inactive|Ill Leave has 20 seconds left this turn.\n|raw|Ill Leave's rating: 1608 &rarr; <strong>1594<\/strong><br \/>(-14 for losing)\n|raw|swellow is stronk's rating: 1714 &rarr; <strong>1728<\/strong><br \/>(+14 for winning)\n|c|\u2606swellow is stronk|gg\n|c|\u2606Ill Leave|nah\n|c|\u2606Ill Leave|lol\n|c|\u2606Ill Leave|u might think so\n|l|\u2606Ill Leave\n|c|\u2606swellow is stronk|dawg you threw so many times\n|c|\u2606swellow is stronk|LOL\n|c|\u2606swellow is stronk|hi everyone in the RMT\n|l| srtyjj\n|l| Quamnckkk\n","uploadtime":1700180726,"views":19,"p1id":"illleave","p2id":"swellowisstronk","formatid":"gen9ou","rating":1594,"private":0,"password":""}