{"id":"gen9ou-1994083281","p1":"KaisEmpoleon","p2":"LinSteel","format":"[Gen 9] OU","log":"|j|\u2606KaisEmpoleon\n|j|\u2606LinSteel\n|t:|1700404694\n|gametype|singles\n|player|p1|KaisEmpoleon|ingo|1213\n|player|p2|LinSteel|102|1212\n|teamsize|p1|6\n|teamsize|p2|6\n|gen|9\n|tier|[Gen 9] OU\n|rated|\n|rule|Sleep Clause Mod: Limit one foe put to sleep\n|rule|Species Clause: Limit one of each Pok\u00e9mon\n|rule|OHKO Clause: OHKO moves are banned\n|rule|Evasion Items Clause: Evasion items are banned\n|rule|Evasion Moves Clause: Evasion moves are banned\n|rule|Endless Battle Clause: Forcing endless battles is banned\n|rule|HP Percentage Mod: HP is shown in percentages\n|clearpoke\n|poke|p1|Ribombee, F|\n|poke|p1|Zarude|\n|poke|p1|Iron Valiant|\n|poke|p1|Great Tusk|\n|poke|p1|Kingambit, M|\n|poke|p1|Quaquaval, M|\n|poke|p2|Grafaiai, M|\n|poke|p2|Landorus-Therian, M|\n|poke|p2|Glimmora, M|\n|poke|p2|Dragonite, M|\n|poke|p2|Amoonguss, F|\n|poke|p2|Salazzle, F|\n|teampreview\n|inactive|Battle timer is ON: inactive players will automatically lose when time's up. (requested by LinSteel)\n|c|\u2606KaisEmpoleon|so\n|c|\u2606KaisEmpoleon|no sneasler huh\n|\n|t:|1700404709\n|start\n|switch|p1a: Keep urself safe!|Ribombee, F|100\/100\n|switch|p2a: Salazzle|Salazzle, F|100\/100\n|turn|1\n|\n|t:|1700404716\n|move|p1a: Keep urself safe!|Sticky Web|p2a: Salazzle\n|-sidestart|p2: LinSteel|move: Sticky Web\n|move|p2a: Salazzle|Substitute|p2a: Salazzle\n|-start|p2a: Salazzle|Substitute\n|-damage|p2a: Salazzle|76\/100\n|\n|-heal|p2a: Salazzle|82\/100|[from] item: Black Sludge\n|upkeep\n|turn|2\n|\n|t:|1700404724\n|move|p1a: Keep urself safe!|Moonblast|p2a: Salazzle\n|-resisted|p2a: Salazzle\n|-crit|p2a: Salazzle\n|-end|p2a: Salazzle|Substitute\n|move|p2a: Salazzle|Toxic|p1a: Keep urself safe!\n|-status|p1a: Keep urself safe!|tox\n|\n|-heal|p2a: Salazzle|88\/100|[from] item: Black Sludge\n|-damage|p1a: Keep urself safe!|94\/100 tox|[from] psn\n|upkeep\n|turn|3\n|\n|t:|1700404733\n|move|p1a: Keep urself safe!|Moonblast|p2a: Salazzle\n|-resisted|p2a: Salazzle\n|-damage|p2a: Salazzle|68\/100\n|move|p2a: Salazzle|Substitute|p2a: Salazzle\n|-start|p2a: Salazzle|Substitute\n|-damage|p2a: Salazzle|44\/100\n|\n|-heal|p2a: Salazzle|50\/100|[from] item: Black Sludge\n|-damage|p1a: Keep urself safe!|82\/100 tox|[from] psn\n|upkeep\n|turn|4\n|\n|t:|1700404743\n|move|p2a: Salazzle|Protect|p2a: Salazzle\n|-singleturn|p2a: Salazzle|Protect\n|move|p1a: Keep urself safe!|Moonblast|p2a: Salazzle\n|-activate|p2a: Salazzle|move: Protect\n|\n|-heal|p2a: Salazzle|56\/100|[from] item: Black Sludge\n|-damage|p1a: Keep urself safe!|64\/100 tox|[from] psn\n|upkeep\n|turn|5\n|\n|t:|1700404753\n|move|p1a: Keep urself safe!|Moonblast|p2a: Salazzle\n|-resisted|p2a: Salazzle\n|-activate|p2a: Salazzle|move: Substitute|[damage]\n|move|p2a: Salazzle|Venoshock|p1a: Keep urself safe!\n|-supereffective|p1a: Keep urself safe!\n|-damage|p1a: Keep urself safe!|0 fnt\n|faint|p1a: Keep urself safe!\n|\n|-heal|p2a: Salazzle|62\/100|[from] item: Black Sludge\n|upkeep\n|\n|t:|1700404765\n|switch|p1a: Gayass|Quaquaval, M|100\/100\n|turn|6\n|\n|t:|1700404768\n|move|p2a: Salazzle|Toxic|p1a: Gayass\n|-status|p1a: Gayass|tox\n|move|p1a: Gayass|Aqua Step|p2a: Salazzle\n|-supereffective|p2a: Salazzle\n|-end|p2a: Salazzle|Substitute\n|-boost|p1a: Gayass|spe|1\n|\n|-heal|p2a: Salazzle|68\/100|[from] item: Black Sludge\n|-damage|p1a: Gayass|94\/100 tox|[from] psn\n|upkeep\n|turn|7\n|\n|t:|1700404781\n|switch|p2a: Glimmora|Glimmora, M|100\/100\n|-activate|p2a: Glimmora|move: Sticky Web\n|-unboost|p2a: Glimmora|spe|1\n|move|p1a: Gayass|Swords Dance|p1a: Gayass\n|-boost|p1a: Gayass|atk|2\n|\n|-damage|p1a: Gayass|82\/100 tox|[from] psn\n|upkeep\n|turn|8\n|\n|t:|1700404794\n|move|p1a: Gayass|Aqua Step|p2a: Glimmora\n|-supereffective|p2a: Glimmora\n|-damage|p2a: Glimmora|0 fnt\n|-boost|p1a: Gayass|spe|1\n|-activate|p2a: Glimmora|ability: Toxic Debris\n|-sidestart|p1: KaisEmpoleon|move: Toxic Spikes\n|faint|p2a: Glimmora\n|-ability|p1a: Gayass|Moxie|boost\n|-boost|p1a: Gayass|atk|1\n|\n|-damage|p1a: Gayass|64\/100 tox|[from] psn\n|upkeep\n|\n|t:|1700404803\n|switch|p2a: Landorus|Landorus-Therian, M|100\/100\n|-ability|p2a: Landorus|Intimidate|boost\n|-unboost|p1a: Gayass|atk|1\n|turn|9\n|\n|t:|1700404808\n|switch|p2a: Amoonguss|Amoonguss, F|100\/100\n|-activate|p2a: Amoonguss|move: Sticky Web\n|-unboost|p2a: Amoonguss|spe|1\n|move|p1a: Gayass|Aqua Step|p2a: Amoonguss\n|-resisted|p2a: Amoonguss\n|-damage|p2a: Amoonguss|44\/100\n|-boost|p1a: Gayass|spe|1\n|\n|-heal|p2a: Amoonguss|50\/100|[from] item: Black Sludge\n|-damage|p1a: Gayass|39\/100 tox|[from] psn\n|upkeep\n|turn|10\n|\n|t:|1700404828\n|switch|p2a: Landorus|Landorus-Therian, M|100\/100\n|-ability|p2a: Landorus|Intimidate|boost\n|-unboost|p1a: Gayass|atk|1\n|move|p1a: Gayass|Aqua Step|p2a: Landorus\n|-supereffective|p2a: Landorus\n|-damage|p2a: Landorus|0 fnt\n|-boost|p1a: Gayass|spe|1\n|faint|p2a: Landorus\n|-ability|p1a: Gayass|Moxie|boost\n|-boost|p1a: Gayass|atk|1\n|\n|-damage|p1a: Gayass|9\/100 tox|[from] psn\n|upkeep\n|\n|t:|1700404836\n|switch|p2a: Dragonite|Dragonite, M|100\/100\n|turn|11\n|\n|t:|1700404844\n|move|p1a: Gayass|Aqua Step|p2a: Dragonite\n|-resisted|p2a: Dragonite\n|-damage|p2a: Dragonite|74\/100\n|-boost|p1a: Gayass|spe|1\n|move|p2a: Dragonite|Dragon Dance|p2a: Dragonite\n|-boost|p2a: Dragonite|atk|1\n|-boost|p2a: Dragonite|spe|1\n|\n|-damage|p1a: Gayass|0 fnt|[from] psn\n|faint|p1a: Gayass\n|upkeep\n|\n|t:|1700404855\n|switch|p1a: Gender|Iron Valiant|100\/100\n|-status|p1a: Gender|psn\n|-enditem|p1a: Gender|Booster Energy\n|-activate|p1a: Gender|ability: Quark Drive|[fromitem]\n|-start|p1a: Gender|quarkdrivespe\n|turn|12\n|\n|t:|1700404883\n|-terastallize|p1a: Gender|Steel\n|move|p1a: Gender|Moonblast|p2a: Dragonite\n|-supereffective|p2a: Dragonite\n|-damage|p2a: Dragonite|0 fnt\n|faint|p2a: Dragonite\n|\n|-damage|p1a: Gender|88\/100 psn|[from] psn\n|upkeep\n|inactive|LinSteel has 120 seconds left.\n|c|\u2606KaisEmpoleon|ur getting bodied out here man\n|\n|t:|1700404910\n|switch|p2a: Salazzle|Salazzle, F|68\/100\n|-activate|p2a: Salazzle|move: Sticky Web\n|-unboost|p2a: Salazzle|spe|1\n|turn|13\n|\n|t:|1700404915\n|move|p1a: Gender|Psyshock|p2a: Salazzle\n|-supereffective|p2a: Salazzle\n|-damage|p2a: Salazzle|0 fnt\n|faint|p2a: Salazzle\n|\n|-damage|p1a: Gender|76\/100 psn|[from] psn\n|upkeep\n|l|\u2606LinSteel\n|inactive|LinSteel disconnected and has a minute to reconnect!\n|player|p2|\n|inactive|LinSteel has 30 seconds to reconnect!\n|inactive|LinSteel has 20 seconds to reconnect!\n|inactive|LinSteel has 15 seconds to reconnect!\n|inactive|LinSteel has 10 seconds to reconnect!\n|inactive|LinSteel has 5 seconds to reconnect!\n|-message|LinSteel lost due to inactivity.\n|\n|win|KaisEmpoleon\n|raw|KaisEmpoleon's rating: 1213 &rarr; <strong>1238<\/strong><br \/>(+25 for winning)\n|raw|LinSteel's rating: 1212 &rarr; <strong>1187<\/strong><br \/>(-25 for losing)\n","uploadtime":1700404996,"views":15,"p1id":"kaisempoleon","p2id":"linsteel","formatid":"gen9ou","rating":1187,"private":0,"password":""}