{"id":"gen9ou-1999838639","p1":"Everybo-D","p2":"Dream$cape","format":"[Gen 9] OU","log":"|j|\u2606Everybo-D\n|j|\u2606Dream$cape\n|t:|1701121507\n|gametype|singles\n|player|p1|Everybo-D|265|1552\n|player|p2|Dream$cape|boarder-gen2|1625\n|teamsize|p1|6\n|teamsize|p2|6\n|gen|9\n|tier|[Gen 9] OU\n|rated|\n|rule|Sleep Clause Mod: Limit one foe put to sleep\n|rule|Species Clause: Limit one of each Pok\u00e9mon\n|rule|OHKO Clause: OHKO moves are banned\n|rule|Evasion Items Clause: Evasion items are banned\n|rule|Evasion Moves Clause: Evasion moves are banned\n|rule|Endless Battle Clause: Forcing endless battles is banned\n|rule|HP Percentage Mod: HP is shown in percentages\n|clearpoke\n|poke|p1|Samurott-Hisui, F|\n|poke|p1|Zapdos|\n|poke|p1|Great Tusk|\n|poke|p1|Heatran, M|\n|poke|p1|Sinistcha|\n|poke|p1|Glimmora, M|\n|poke|p2|Slowking-Galar, F|\n|poke|p2|Iron Valiant|\n|poke|p2|Kingambit, F|\n|poke|p2|Great Tusk|\n|poke|p2|Rotom-Wash|\n|poke|p2|Rillaboom, M|\n|teampreview\n|inactive|Battle timer is ON: inactive players will automatically lose when time's up. (requested by Dream$cape)\n|\n|t:|1701121511\n|start\n|switch|p1a: Zapdos|Zapdos|100\/100\n|switch|p2a: Rotom|Rotom-Wash|100\/100\n|turn|1\n|\n|t:|1701121526\n|switch|p2a: Slowking|Slowking-Galar, F|100\/100\n|move|p1a: Zapdos|Thunderbolt|p2a: Slowking\n|-damage|p2a: Slowking|63\/100\n|\n|upkeep\n|turn|2\n|j| AFineTallk0tte\n|\n|t:|1701121535\n|move|p1a: Zapdos|Thunderbolt|p2a: Slowking\n|-damage|p2a: Slowking|28\/100\n|move|p2a: Slowking|Future Sight|p1a: Zapdos\n|-start|p2a: Slowking|move: Future Sight\n|\n|upkeep\n|turn|3\n|\n|t:|1701121546\n|switch|p2a: Rillaboom|Rillaboom, M|100\/100\n|-fieldstart|move: Grassy Terrain|[from] ability: Grassy Surge|[of] p2a: Rillaboom\n|move|p1a: Zapdos|Hurricane|p2a: Rillaboom\n|-supereffective|p2a: Rillaboom\n|-damage|p2a: Rillaboom|0 fnt\n|faint|p2a: Rillaboom\n|\n|upkeep\n|\n|t:|1701121549\n|switch|p2a: Rotom|Rotom-Wash|100\/100\n|turn|4\n|j| ArLuxia\n|inactive|Everybo-D has 120 seconds left.\n|\n|t:|1701121587\n|switch|p1a: Heatran|Heatran, M|100\/100\n|move|p2a: Rotom|Trick|p1a: Heatran\n|-activate|p2a: Rotom|move: Trick|[of] p1a: Heatran\n|-item|p1a: Heatran|Choice Scarf|[from] move: Trick\n|-item|p2a: Rotom|Leftovers|[from] move: Trick\n|\n|-end|p1a: Heatran|move: Future Sight\n|-resisted|p1a: Heatran\n|-damage|p1a: Heatran|87\/100\n|-heal|p1a: Heatran|94\/100|[from] Grassy Terrain\n|upkeep\n|turn|5\n|inactive|Everybo-D has 120 seconds left.\n|j| Sir Crodcodile\n|\n|t:|1701121614\n|move|p1a: Heatran|Magma Storm|p2a: Rotom\n|-resisted|p2a: Rotom\n|-damage|p2a: Rotom|76\/100\n|-activate|p2a: Rotom|move: Magma Storm|[of] p1a: Heatran\n|move|p2a: Rotom|Hydro Pump|p1a: Heatran\n|-supereffective|p1a: Heatran\n|-damage|p1a: Heatran|39\/100\n|\n|-heal|p1a: Heatran|45\/100|[from] Grassy Terrain\n|-heal|p2a: Rotom|82\/100|[from] item: Leftovers\n|-damage|p2a: Rotom|69\/100|[from] move: Magma Storm|[partiallytrapped]\n|upkeep\n|turn|6\n|\n|t:|1701121625\n|switch|p1a: Sinistcha|Sinistcha|100\/100\n|move|p2a: Rotom|Hydro Pump|p1a: Sinistcha\n|-resisted|p1a: Sinistcha\n|-damage|p1a: Sinistcha|67\/100\n|\n|-heal|p2a: Rotom|75\/100|[from] item: Leftovers\n|-heal|p1a: Sinistcha|73\/100|[from] Grassy Terrain\n|-end|p2a: Rotom|Magma Storm|[partiallytrapped]|[silent]\n|upkeep\n|turn|7\n|\n|t:|1701121634\n|move|p2a: Rotom|Volt Switch|p1a: Sinistcha\n|-resisted|p1a: Sinistcha\n|-damage|p1a: Sinistcha|51\/100\n|\n|t:|1701121637\n|switch|p2a: Slowking|Slowking-Galar, F|61\/100|[from] Volt Switch\n|move|p1a: Sinistcha|Matcha Gotcha|p2a: Slowking\n|-resisted|p2a: Slowking\n|-damage|p2a: Slowking|41\/100\n|-heal|p1a: Sinistcha|65\/100|[from] drain|[of] p2a: Slowking\n|\n|-heal|p1a: Sinistcha|71\/100|[from] Grassy Terrain\n|-heal|p2a: Slowking|47\/100|[from] Grassy Terrain\n|-fieldend|move: Grassy Terrain\n|upkeep\n|turn|8\n|\n|t:|1701121652\n|switch|p2a: Kingambit|Kingambit, F|100\/100\n|-activate|p2a: Kingambit|ability: Supreme Overlord\n|-start|p2a: Kingambit|fallen1|[silent]\n|move|p1a: Sinistcha|Hex|p2a: Kingambit\n|-resisted|p2a: Kingambit\n|-damage|p2a: Kingambit|84\/100\n|\n|-heal|p2a: Kingambit|90\/100|[from] item: Leftovers\n|upkeep\n|turn|9\n|\n|t:|1701121658\n|-terastallize|p2a: Kingambit|Fire\n|move|p1a: Sinistcha|Scald|p2a: Kingambit\n|-supereffective|p2a: Kingambit\n|-damage|p2a: Kingambit|32\/100\n|move|p2a: Kingambit|Kowtow Cleave|p1a: Sinistcha\n|-supereffective|p1a: Sinistcha\n|-enditem|p1a: Sinistcha|Colbur Berry|[eat]\n|-enditem|p1a: Sinistcha|Colbur Berry|[weaken]\n|-damage|p1a: Sinistcha|25\/100\n|\n|-heal|p2a: Kingambit|38\/100|[from] item: Leftovers\n|upkeep\n|turn|10\n|\n|t:|1701121668\n|move|p2a: Kingambit|Sucker Punch||[still]\n|-fail|p2a: Kingambit\n|move|p1a: Sinistcha|Strength Sap|p2a: Kingambit\n|-unboost|p2a: Kingambit|atk|1\n|-heal|p1a: Sinistcha|100\/100\n|\n|-heal|p2a: Kingambit|44\/100|[from] item: Leftovers\n|upkeep\n|turn|11\n|\n|t:|1701121672\n|-end|p2a: Kingambit|fallen1|[silent]\n|switch|p2a: Rotom|Rotom-Wash|75\/100\n|move|p1a: Sinistcha|Scald|p2a: Rotom\n|-resisted|p2a: Rotom\n|-damage|p2a: Rotom|61\/100\n|\n|-heal|p2a: Rotom|67\/100|[from] item: Leftovers\n|upkeep\n|turn|12\n|\n|t:|1701121676\n|switch|p2a: Slowking|Slowking-Galar, F|81\/100\n|move|p1a: Sinistcha|Matcha Gotcha|p2a: Slowking\n|-resisted|p2a: Slowking\n|-damage|p2a: Slowking|66\/100\n|\n|upkeep\n|turn|13\n|\n|t:|1701121682\n|move|p1a: Sinistcha|Scald|p2a: Slowking\n|-damage|p2a: Slowking|44\/100\n|move|p2a: Slowking|Future Sight|p1a: Sinistcha\n|-start|p2a: Slowking|move: Future Sight\n|\n|upkeep\n|turn|14\n|\n|t:|1701121687\n|move|p1a: Sinistcha|Scald|p2a: Slowking\n|-damage|p2a: Slowking|21\/100\n|move|p2a: Slowking|Sludge Bomb|p1a: Sinistcha\n|-damage|p1a: Sinistcha|49\/100\n|-status|p1a: Sinistcha|psn\n|\n|-damage|p1a: Sinistcha|36\/100 psn|[from] psn\n|upkeep\n|turn|15\n|\n|t:|1701121706\n|switch|p1a: Heatran|Heatran, M|45\/100\n|switch|p2a: Rotom|Rotom-Wash|67\/100\n|\n|-end|p1a: Heatran|move: Future Sight\n|-resisted|p1a: Heatran\n|-damage|p1a: Heatran|31\/100\n|-heal|p2a: Rotom|73\/100|[from] item: Leftovers\n|upkeep\n|turn|16\n|\n|t:|1701121715\n|move|p1a: Heatran|Stealth Rock|p2a: Rotom\n|-sidestart|p2: Dream$cape|move: Stealth Rock\n|move|p2a: Rotom|Hydro Pump|p1a: Heatran\n|-supereffective|p1a: Heatran\n|-damage|p1a: Heatran|0 fnt\n|faint|p1a: Heatran\n|\n|-heal|p2a: Rotom|79\/100|[from] item: Leftovers\n|upkeep\n|\n|t:|1701121730\n|switch|p1a: Sinistcha|Sinistcha|36\/100 psn\n|turn|17\n|\n|t:|1701121741\n|move|p2a: Rotom|Volt Switch|p1a: Sinistcha\n|-resisted|p1a: Sinistcha\n|-damage|p1a: Sinistcha|14\/100 psn\n|\n|t:|1701121745\n|switch|p2a: Slowking|Slowking-Galar, F|55\/100|[from] Volt Switch\n|-damage|p2a: Slowking|42\/100|[from] Stealth Rock\n|move|p1a: Sinistcha|Strength Sap|p2a: Slowking\n|-unboost|p2a: Slowking|atk|1\n|-heal|p1a: Sinistcha|61\/100 psn\n|\n|-damage|p1a: Sinistcha|49\/100 psn|[from] psn\n|upkeep\n|turn|18\n|\n|t:|1701121754\n|move|p1a: Sinistcha|Hex|p2a: Slowking\n|-supereffective|p2a: Slowking\n|-damage|p2a: Slowking|0 fnt\n|faint|p2a: Slowking\n|\n|-damage|p1a: Sinistcha|37\/100 psn|[from] psn\n|upkeep\n|\n|t:|1701121758\n|switch|p2a: Great Tusk|Great Tusk|100\/100\n|-damage|p2a: Great Tusk|98\/100|[from] Stealth Rock\n|turn|19\n|\n|t:|1701121768\n|move|p2a: Great Tusk|Ice Spinner|p1a: Sinistcha\n|-supereffective|p1a: Sinistcha\n|-crit|p1a: Sinistcha\n|-damage|p1a: Sinistcha|0 fnt\n|faint|p1a: Sinistcha\n|\n|-heal|p2a: Great Tusk|100\/100|[from] item: Leftovers\n|upkeep\n|j| crappybutt\n|\n|t:|1701121790\n|switch|p1a: Zapdos|Zapdos|100\/100\n|turn|20\n|\n|t:|1701121797\n|-end|p2a: Great Tusk|Protosynthesis|[silent]\n|switch|p2a: Rotom|Rotom-Wash|79\/100\n|-damage|p2a: Rotom|67\/100|[from] Stealth Rock\n|move|p1a: Zapdos|Hurricane|p2a: Rotom\n|-resisted|p2a: Rotom\n|-damage|p2a: Rotom|35\/100\n|-start|p2a: Rotom|confusion\n|\n|-heal|p2a: Rotom|41\/100|[from] item: Leftovers\n|upkeep\n|turn|21\n|\n|t:|1701121800\n|-activate|p2a: Rotom|confusion\n|move|p2a: Rotom|Volt Switch|p1a: Zapdos\n|-damage|p1a: Zapdos|73\/100\n|\n|t:|1701121806\n|switch|p2a: Great Tusk|Great Tusk|100\/100|[from] Volt Switch\n|-damage|p2a: Great Tusk|98\/100|[from] Stealth Rock\n|move|p1a: Zapdos|Thunderbolt|p2a: Great Tusk\n|-immune|p2a: Great Tusk\n|\n|-heal|p2a: Great Tusk|100\/100|[from] item: Leftovers\n|upkeep\n|turn|22\n|\n|t:|1701121809\n|-end|p2a: Great Tusk|Protosynthesis|[silent]\n|switch|p2a: Rotom|Rotom-Wash|41\/100\n|-damage|p2a: Rotom|28\/100|[from] Stealth Rock\n|move|p1a: Zapdos|Hurricane|p2a: Rotom|[miss]\n|-miss|p1a: Zapdos|p2a: Rotom\n|\n|-heal|p2a: Rotom|34\/100|[from] item: Leftovers\n|upkeep\n|turn|23\n|\n|t:|1701121815\n|move|p2a: Rotom|Hydro Pump|p1a: Zapdos\n|-damage|p1a: Zapdos|33\/100\n|move|p1a: Zapdos|Roost|p1a: Zapdos\n|-heal|p1a: Zapdos|83\/100\n|-singleturn|p1a: Zapdos|move: Roost\n|\n|-heal|p2a: Rotom|40\/100|[from] item: Leftovers\n|upkeep\n|turn|24\n|\n|t:|1701121825\n|move|p2a: Rotom|Hydro Pump|p1a: Zapdos\n|-damage|p1a: Zapdos|37\/100\n|move|p1a: Zapdos|Hurricane|p2a: Rotom\n|-resisted|p2a: Rotom\n|-crit|p2a: Rotom\n|-damage|p2a: Rotom|0 fnt\n|faint|p2a: Rotom\n|\n|upkeep\n|\n|t:|1701121830\n|switch|p2a: Iron Valiant|Iron Valiant|100\/100\n|-damage|p2a: Iron Valiant|94\/100|[from] Stealth Rock\n|turn|25\n|\n|t:|1701121838\n|move|p2a: Iron Valiant|Moonblast|p1a: Zapdos\n|-damage|p1a: Zapdos|0 fnt\n|faint|p1a: Zapdos\n|\n|upkeep\n|\n|t:|1701121863\n|switch|p1a: Glimmora|Glimmora, M|100\/100\n|turn|26\n|\n|t:|1701121870\n|-end|p2a: Iron Valiant|Quark Drive|[silent]\n|switch|p2a: Great Tusk|Great Tusk|100\/100\n|-damage|p2a: Great Tusk|98\/100|[from] Stealth Rock\n|move|p1a: Glimmora|Earth Power|p2a: Great Tusk\n|-damage|p2a: Great Tusk|48\/100\n|\n|-heal|p2a: Great Tusk|54\/100|[from] item: Leftovers\n|upkeep\n|turn|27\n|\n|t:|1701121882\n|move|p2a: Great Tusk|Headlong Rush|p1a: Glimmora\n|-supereffective|p1a: Glimmora\n|-crit|p1a: Glimmora\n|-enditem|p1a: Glimmora|Focus Sash\n|-damage|p1a: Glimmora|1\/100\n|-unboost|p2a: Great Tusk|def|1\n|-unboost|p2a: Great Tusk|spd|1\n|-activate|p1a: Glimmora|ability: Toxic Debris\n|-sidestart|p2: Dream$cape|move: Toxic Spikes\n|move|p1a: Glimmora|Energy Ball|p2a: Great Tusk\n|-supereffective|p2a: Great Tusk\n|-damage|p2a: Great Tusk|0 fnt\n|faint|p2a: Great Tusk\n|-end|p2a: Great Tusk|Protosynthesis|[silent]\n|\n|upkeep\n|inactive|Dream$cape has 120 seconds left.\n|\n|t:|1701121908\n|switch|p2a: Iron Valiant|Iron Valiant|94\/100\n|-damage|p2a: Iron Valiant|88\/100|[from] Stealth Rock\n|-status|p2a: Iron Valiant|psn\n|turn|28\n|l| crappybutt\n|inactive|Dream$cape has 120 seconds left.\n|\n|t:|1701121928\n|move|p2a: Iron Valiant|Moonblast|p1a: Glimmora\n|-resisted|p1a: Glimmora\n|-damage|p1a: Glimmora|0 fnt\n|faint|p1a: Glimmora\n|\n|-damage|p2a: Iron Valiant|76\/100 psn|[from] psn\n|upkeep\n|inactive|Everybo-D has 120 seconds left.\n|\n|t:|1701121977\n|switch|p1a: Great Tusk|Great Tusk|100\/100\n|turn|29\n|\n|t:|1701121989\n|-end|p2a: Iron Valiant|Quark Drive|[silent]\n|switch|p2a: Kingambit|Kingambit, F, tera:Fire|44\/100\n|-damage|p2a: Kingambit|19\/100|[from] Stealth Rock\n|-status|p2a: Kingambit|psn\n|-activate|p2a: Kingambit|ability: Supreme Overlord\n|-start|p2a: Kingambit|fallen4|[silent]\n|move|p1a: Great Tusk|Headlong Rush|p2a: Kingambit\n|-supereffective|p2a: Kingambit\n|-damage|p2a: Kingambit|0 fnt\n|-unboost|p1a: Great Tusk|def|1\n|-unboost|p1a: Great Tusk|spd|1\n|faint|p2a: Kingambit\n|-end|p2a: Kingambit|fallen4|[silent]\n|\n|upkeep\n|\n|t:|1701121998\n|switch|p2a: Iron Valiant|Iron Valiant|76\/100 psn\n|-damage|p2a: Iron Valiant|69\/100 psn|[from] Stealth Rock\n|turn|30\n|\n|t:|1701122001\n|move|p2a: Iron Valiant|Moonblast|p1a: Great Tusk\n|-supereffective|p1a: Great Tusk\n|-damage|p1a: Great Tusk|0 fnt\n|faint|p1a: Great Tusk\n|-end|p1a: Great Tusk|Protosynthesis|[silent]\n|\n|-damage|p2a: Iron Valiant|57\/100 psn|[from] psn\n|upkeep\n|inactive|Everybo-D has 120 seconds left.\n|\n|t:|1701122013\n|switch|p1a: Samurott|Samurott-Hisui, F|100\/100\n|turn|31\n|\n|t:|1701122016\n|-terastallize|p1a: Samurott|Psychic\n|move|p2a: Iron Valiant|Moonblast|p1a: Samurott\n|-damage|p1a: Samurott|0 fnt\n|faint|p1a: Samurott\n|\n|win|Dream$cape\n|raw|Everybo-D's rating: 1552 &rarr; <strong>1536<\/strong><br \/>(-16 for losing)\n|raw|Dream$cape's rating: 1625 &rarr; <strong>1641<\/strong><br \/>(+16 for winning)\n|l|\u2606Everybo-D\n|c|\u2606Dream$cape|Gg\n|c|\u2606Dream$cape|very wo\n|l| Sir Crodcodile\n|l| ArLuxia\n|c|\u2606Dream$cape|Why was Hrott psychic tho\n","uploadtime":1701122063,"views":4,"p1id":"everybod","p2id":"dreamcape","formatid":"gen9ou","rating":1536,"private":0,"password":""}