{"id":"gen9ou-1995792406","p1":"Batman135","p2":"Sprocket0835","format":"[Gen 9] OU","log":"|j|\u2606Batman135\n|j|\u2606Sprocket0835\n|t:|1700603626\n|gametype|singles\n|player|p1|Batman135|1|1324\n|player|p2|Sprocket0835|hilbert|1401\n|teamsize|p1|6\n|teamsize|p2|6\n|gen|9\n|tier|[Gen 9] OU\n|rated|\n|rule|Sleep Clause Mod: Limit one foe put to sleep\n|rule|Species Clause: Limit one of each Pok\u00e9mon\n|rule|OHKO Clause: OHKO moves are banned\n|rule|Evasion Items Clause: Evasion items are banned\n|rule|Evasion Moves Clause: Evasion moves are banned\n|rule|Endless Battle Clause: Forcing endless battles is banned\n|rule|HP Percentage Mod: HP is shown in percentages\n|clearpoke\n|poke|p1|Cinderace, F|\n|poke|p1|Iron Valiant|\n|poke|p1|Kingambit, M|\n|poke|p1|Manaphy|\n|poke|p1|Iron Moth|\n|poke|p1|Zapdos|\n|poke|p2|Mamoswine, F|\n|poke|p2|Volcanion|\n|poke|p2|Zapdos|\n|poke|p2|Slowking-Galar, F|\n|poke|p2|Great Tusk|\n|poke|p2|Gholdengo|\n|teampreview\n|\n|t:|1700603632\n|start\n|switch|p1a: Kingambit|Kingambit, M|100\/100\n|switch|p2a: Mamoswine|Mamoswine, F|100\/100\n|turn|1\n|\n|t:|1700603639\n|move|p2a: Mamoswine|Stealth Rock|p1a: Kingambit\n|-sidestart|p1: Batman135|move: Stealth Rock\n|move|p1a: Kingambit|Iron Head|p2a: Mamoswine\n|-supereffective|p2a: Mamoswine\n|-damage|p2a: Mamoswine|5\/100\n|\n|upkeep\n|turn|2\n|\n|t:|1700603652\n|switch|p2a: Great Tusk|Great Tusk|100\/100\n|-enditem|p2a: Great Tusk|Booster Energy\n|-activate|p2a: Great Tusk|ability: Protosynthesis|[fromitem]\n|-start|p2a: Great Tusk|protosynthesisspe\n|move|p1a: Kingambit|Sucker Punch||[still]\n|-fail|p1a: Kingambit\n|\n|upkeep\n|turn|3\n|\n|t:|1700603662\n|switch|p1a: Zapdos|Zapdos|100\/100\n|-damage|p1a: Zapdos|76\/100|[from] Stealth Rock\n|move|p2a: Great Tusk|Bulk Up|p2a: Great Tusk\n|-boost|p2a: Great Tusk|atk|1\n|-boost|p2a: Great Tusk|def|1\n|\n|-heal|p1a: Zapdos|82\/100|[from] item: Leftovers\n|upkeep\n|turn|4\n|\n|t:|1700603675\n|-terastallize|p2a: Great Tusk|Dragon\n|move|p2a: Great Tusk|Rapid Spin|p1a: Zapdos\n|-damage|p1a: Zapdos|60\/100\n|-boost|p2a: Great Tusk|spe|1\n|-status|p2a: Great Tusk|par|[from] ability: Static|[of] p1a: Zapdos\n|move|p1a: Zapdos|Hurricane|p2a: Great Tusk\n|-damage|p2a: Great Tusk|37\/100 par\n|\n|-heal|p1a: Zapdos|67\/100|[from] item: Leftovers\n|upkeep\n|turn|5\n|\n|t:|1700603688\n|move|p2a: Great Tusk|Ice Spinner|p1a: Zapdos\n|-supereffective|p1a: Zapdos\n|-damage|p1a: Zapdos|0 fnt\n|faint|p1a: Zapdos\n|\n|upkeep\n|\n|t:|1700603701\n|switch|p1a: Iron Valiant|Iron Valiant|100\/100\n|-damage|p1a: Iron Valiant|94\/100|[from] Stealth Rock\n|-enditem|p1a: Iron Valiant|Booster Energy\n|-activate|p1a: Iron Valiant|ability: Quark Drive|[fromitem]\n|-start|p1a: Iron Valiant|quarkdrivespe\n|turn|6\n|\n|t:|1700603710\n|move|p1a: Iron Valiant|Spirit Break|p2a: Great Tusk\n|-supereffective|p2a: Great Tusk\n|-damage|p2a: Great Tusk|8\/100 par\n|-unboost|p2a: Great Tusk|spa|1\n|move|p2a: Great Tusk|Ice Spinner|p1a: Iron Valiant\n|-damage|p1a: Iron Valiant|58\/100\n|\n|upkeep\n|turn|7\n|\n|t:|1700603720\n|move|p1a: Iron Valiant|Drain Punch|p2a: Great Tusk\n|-damage|p2a: Great Tusk|0 fnt\n|-heal|p1a: Iron Valiant|62\/100|[from] drain|[of] p2a: Great Tusk\n|faint|p2a: Great Tusk\n|-end|p2a: Great Tusk|Protosynthesis|[silent]\n|\n|upkeep\n|\n|t:|1700603723\n|switch|p2a: Zapdos|Zapdos|100\/100\n|turn|8\n|\n|t:|1700603730\n|-end|p1a: Iron Valiant|Quark Drive|[silent]\n|switch|p1a: Cinderace|Cinderace, F|100\/100\n|move|p2a: Zapdos|Hurricane|p1a: Cinderace\n|-damage|p1a: Cinderace|46\/100\n|\n|upkeep\n|turn|9\n|\n|t:|1700603737\n|switch|p2a: Mamoswine|Mamoswine, F|5\/100\n|move|p1a: Cinderace|Court Change|p1a: Cinderace\n|-start|p1a: Cinderace|typechange|Normal|[from] ability: Libero\n|-swapsideconditions\n|-activate|p1a: Cinderace|move: Court Change\n|\n|upkeep\n|turn|10\n|\n|t:|1700603745\n|move|p2a: Mamoswine|Ice Shard|p1a: Cinderace\n|-damage|p1a: Cinderace|19\/100\n|move|p1a: Cinderace|U-turn|p2a: Mamoswine\n|-damage|p2a: Mamoswine|0 fnt\n|faint|p2a: Mamoswine\n|\n|t:|1700603752\n|switch|p1a: Iron Valiant|Iron Valiant|62\/100|[from] U-turn\n|\n|upkeep\n|\n|t:|1700603755\n|switch|p2a: Gholdengo|Gholdengo|100\/100\n|-damage|p2a: Gholdengo|94\/100|[from] Stealth Rock\n|turn|11\n|\n|t:|1700603764\n|-end|p1a: Iron Valiant|Quark Drive|[silent]\n|switch|p1a: Kingambit|Kingambit, M|100\/100\n|move|p2a: Gholdengo|Make It Rain|p1a: Kingambit\n|-resisted|p1a: Kingambit\n|-damage|p1a: Kingambit|68\/100\n|-unboost|p2a: Gholdengo|spa|1\n|\n|-heal|p1a: Kingambit|75\/100|[from] item: Leftovers\n|upkeep\n|turn|12\n|\n|t:|1700603775\n|switch|p2a: Zapdos|Zapdos|100\/100\n|move|p1a: Kingambit|Swords Dance|p1a: Kingambit\n|-boost|p1a: Kingambit|atk|2\n|\n|-heal|p1a: Kingambit|81\/100|[from] item: Leftovers\n|upkeep\n|turn|13\n|\n|t:|1700603797\n|switch|p1a: Cinderace|Cinderace, F|19\/100\n|move|p2a: Zapdos|Thunderbolt|p1a: Cinderace\n|-damage|p1a: Cinderace|0 fnt\n|faint|p1a: Cinderace\n|\n|upkeep\n|\n|t:|1700603812\n|switch|p1a: Iron Valiant|Iron Valiant|62\/100\n|turn|14\n|\n|t:|1700603818\n|-end|p1a: Iron Valiant|Quark Drive|[silent]\n|switch|p1a: Kingambit|Kingambit, M|81\/100\n|move|p2a: Zapdos|Hurricane|p1a: Kingambit\n|-resisted|p1a: Kingambit\n|-damage|p1a: Kingambit|58\/100\n|-start|p1a: Kingambit|confusion\n|\n|-heal|p1a: Kingambit|65\/100|[from] item: Leftovers\n|upkeep\n|turn|15\n|\n|t:|1700603829\n|switch|p1a: Iron Valiant|Iron Valiant|62\/100\n|move|p2a: Zapdos|U-turn|p1a: Iron Valiant\n|-resisted|p1a: Iron Valiant\n|-damage|p1a: Iron Valiant|58\/100\n|\n|t:|1700603835\n|switch|p2a: Gholdengo|Gholdengo|94\/100|[from] U-turn\n|-damage|p2a: Gholdengo|88\/100|[from] Stealth Rock\n|\n|upkeep\n|turn|16\n|\n|t:|1700603848\n|move|p2a: Gholdengo|Focus Blast|p1a: Iron Valiant|[miss]\n|-miss|p2a: Gholdengo|p1a: Iron Valiant\n|move|p1a: Iron Valiant|Spirit Break|p2a: Gholdengo\n|-resisted|p2a: Gholdengo\n|-damage|p2a: Gholdengo|68\/100\n|-unboost|p2a: Gholdengo|spa|1\n|\n|upkeep\n|turn|17\n|\n|t:|1700603857\n|switch|p2a: Slowking|Slowking-Galar, F|100\/100\n|move|p1a: Iron Valiant|Swords Dance|p1a: Iron Valiant\n|-boost|p1a: Iron Valiant|atk|2\n|\n|upkeep\n|turn|18\n|\n|t:|1700603864\n|move|p1a: Iron Valiant|Spirit Break|p2a: Slowking\n|-resisted|p2a: Slowking\n|-damage|p2a: Slowking|66\/100\n|-unboost|p2a: Slowking|spa|1\n|move|p2a: Slowking|Thunder Wave|p1a: Iron Valiant\n|-status|p1a: Iron Valiant|par\n|\n|upkeep\n|turn|19\n|\n|t:|1700603872\n|move|p1a: Iron Valiant|Spirit Break|p2a: Slowking\n|-resisted|p2a: Slowking\n|-damage|p2a: Slowking|27\/100\n|-unboost|p2a: Slowking|spa|1\n|move|p2a: Slowking|Chilly Reception|p2a: Slowking\n|-weather|Snow\n|\n|t:|1700603878\n|switch|p2a: Gholdengo|Gholdengo|68\/100|[from] Chilly Reception\n|-damage|p2a: Gholdengo|62\/100|[from] Stealth Rock\n|\n|-weather|Snow|[upkeep]\n|upkeep\n|turn|20\n|\n|t:|1700603885\n|move|p2a: Gholdengo|Make It Rain|p1a: Iron Valiant\n|-supereffective|p1a: Iron Valiant\n|-damage|p1a: Iron Valiant|0 fnt\n|-unboost|p2a: Gholdengo|spa|1\n|faint|p1a: Iron Valiant\n|-end|p1a: Iron Valiant|Quark Drive|[silent]\n|\n|-weather|Snow|[upkeep]\n|upkeep\n|\n|t:|1700603895\n|switch|p1a: Manaphy|Manaphy|100\/100\n|turn|21\n|\n|t:|1700603899\n|switch|p2a: Zapdos|Zapdos|100\/100\n|move|p1a: Manaphy|Take Heart|p1a: Manaphy\n|-boost|p1a: Manaphy|spa|1\n|-boost|p1a: Manaphy|spd|1\n|\n|-weather|Snow|[upkeep]\n|upkeep\n|turn|22\n|\n|t:|1700603907\n|-terastallize|p1a: Manaphy|Psychic\n|move|p2a: Zapdos|Thunderbolt|p1a: Manaphy\n|-damage|p1a: Manaphy|80\/100\n|move|p1a: Manaphy|Take Heart|p1a: Manaphy\n|-boost|p1a: Manaphy|spa|1\n|-boost|p1a: Manaphy|spd|1\n|\n|-weather|Snow|[upkeep]\n|-heal|p1a: Manaphy|86\/100|[from] item: Leftovers\n|upkeep\n|turn|23\n|\n|t:|1700603919\n|move|p2a: Zapdos|U-turn|p1a: Manaphy\n|-supereffective|p1a: Manaphy\n|-damage|p1a: Manaphy|66\/100\n|\n|t:|1700603922\n|switch|p2a: Slowking|Slowking-Galar, F|60\/100|[from] U-turn\n|move|p1a: Manaphy|Take Heart|p1a: Manaphy\n|-boost|p1a: Manaphy|spa|1\n|-boost|p1a: Manaphy|spd|1\n|\n|-weather|none\n|-heal|p1a: Manaphy|72\/100|[from] item: Leftovers\n|upkeep\n|turn|24\n|\n|t:|1700603933\n|move|p1a: Manaphy|Take Heart|p1a: Manaphy\n|-boost|p1a: Manaphy|spa|1\n|-boost|p1a: Manaphy|spd|1\n|move|p2a: Slowking|Thunder Wave|p1a: Manaphy\n|-status|p1a: Manaphy|par\n|\n|-heal|p1a: Manaphy|79\/100 par|[from] item: Leftovers\n|upkeep\n|turn|25\n|\n|t:|1700603942\n|move|p1a: Manaphy|Take Heart|p1a: Manaphy\n|-boost|p1a: Manaphy|spa|1\n|-boost|p1a: Manaphy|spd|1\n|-curestatus|p1a: Manaphy|par|[msg]\n|move|p2a: Slowking|Chilly Reception|p2a: Slowking\n|-weather|Snow\n|\n|t:|1700603944\n|switch|p2a: Gholdengo|Gholdengo|62\/100|[from] Chilly Reception\n|-damage|p2a: Gholdengo|56\/100|[from] Stealth Rock\n|\n|-weather|Snow|[upkeep]\n|-heal|p1a: Manaphy|85\/100|[from] item: Leftovers\n|upkeep\n|turn|26\n|\n|t:|1700603956\n|move|p2a: Gholdengo|Trick|p1a: Manaphy\n|-activate|p2a: Gholdengo|move: Trick|[of] p1a: Manaphy\n|-item|p1a: Manaphy|Choice Scarf|[from] move: Trick\n|-item|p2a: Gholdengo|Leftovers|[from] move: Trick\n|move|p1a: Manaphy|Scald|p2a: Gholdengo\n|-damage|p2a: Gholdengo|0 fnt\n|faint|p2a: Gholdengo\n|\n|-weather|Snow|[upkeep]\n|upkeep\n|\n|t:|1700603961\n|switch|p2a: Volcanion|Volcanion|100\/100\n|-damage|p2a: Volcanion|75\/100|[from] Stealth Rock\n|turn|27\n|\n|t:|1700603976\n|switch|p1a: Iron Moth|Iron Moth|100\/100\n|-enditem|p1a: Iron Moth|Booster Energy\n|-activate|p1a: Iron Moth|ability: Quark Drive|[fromitem]\n|-start|p1a: Iron Moth|quarkdrivespe\n|move|p2a: Volcanion|Steam Eruption|p1a: Iron Moth\n|-supereffective|p1a: Iron Moth\n|-damage|p1a: Iron Moth|0 fnt\n|faint|p1a: Iron Moth\n|-end|p1a: Iron Moth|Quark Drive|[silent]\n|\n|-weather|Snow|[upkeep]\n|upkeep\n|\n|t:|1700603987\n|switch|p1a: Kingambit|Kingambit, M|65\/100\n|turn|28\n|-message|Batman135 forfeited.\n|\n|win|Sprocket0835\n|raw|Batman135's rating: 1324 &rarr; <strong>1308<\/strong><br \/>(-16 for losing)\n|raw|Sprocket0835's rating: 1401 &rarr; <strong>1417<\/strong><br \/>(+16 for winning)\n|l|\u2606Batman135\n","uploadtime":1700603997,"views":5,"p1id":"batman135","p2id":"sprocket0835","formatid":"gen9ou","rating":1308,"private":0,"password":""}