{"id":"gen9ou-1994250121","p1":"OnlyDestroyer60","p2":"Martin80","format":"[Gen 9] OU","log":"|j|\u203dOnlyDestroyer60\n|j|\u2606Martin80\n|t:|1700423444\n|gametype|singles\n|player|p1|OnlyDestroyer60|ethan|1088\n|player|p2|Martin80|steven|1088\n|teamsize|p1|6\n|teamsize|p2|6\n|gen|9\n|tier|[Gen 9] OU\n|rated|\n|rule|Sleep Clause Mod: Limit one foe put to sleep\n|rule|Species Clause: Limit one of each Pok\u00e9mon\n|rule|OHKO Clause: OHKO moves are banned\n|rule|Evasion Items Clause: Evasion items are banned\n|rule|Evasion Moves Clause: Evasion moves are banned\n|rule|Endless Battle Clause: Forcing endless battles is banned\n|rule|HP Percentage Mod: HP is shown in percentages\n|clearpoke\n|poke|p1|Slowking-Galar, F|\n|poke|p1|Froslass, F|\n|poke|p1|Corviknight, F|\n|poke|p1|Enamorus, F|\n|poke|p1|Hatterene, F|\n|poke|p1|Garchomp, F|\n|poke|p2|Quaquaval, F|\n|poke|p2|Tinkaton, F|\n|poke|p2|Lokix, F|\n|poke|p2|Garganacl, F|\n|poke|p2|Ceruledge, F|\n|poke|p2|Arboliva, F|\n|teampreview\n|\n|t:|1700423451\n|start\n|switch|p1a: Slowking|Slowking-Galar, F|100\/100\n|switch|p2a: Blady|Ceruledge, F, shiny|100\/100\n|turn|1\n|inactive|Battle timer is ON: inactive players will automatically lose when time's up. (requested by Martin80)\n|\n|t:|1700423461\n|move|p2a: Blady|Swords Dance|p2a: Blady\n|-boost|p2a: Blady|atk|2\n|move|p1a: Slowking|Toxic|p2a: Blady\n|-status|p2a: Blady|tox\n|\n|-damage|p2a: Blady|94\/100 tox|[from] psn\n|upkeep\n|turn|2\n|\n|t:|1700423470\n|switch|p1a: Corviknight|Corviknight, F|100\/100\n|-ability|p1a: Corviknight|Pressure\n|move|p2a: Blady|Bitter Blade|p1a: Corviknight\n|-supereffective|p1a: Corviknight\n|-damage|p1a: Corviknight|2\/100\n|-heal|p2a: Blady|100\/100 tox|[from] drain|[of] p1a: Corviknight\n|-damage|p2a: Blady|84\/100 tox|[from] item: Rocky Helmet|[of] p1a: Corviknight\n|\n|-damage|p2a: Blady|72\/100 tox|[from] psn\n|upkeep\n|turn|3\n|\n|t:|1700423482\n|switch|p1a: Garchomp|Garchomp, F|100\/100\n|move|p2a: Blady|Shadow Sneak|p1a: Garchomp\n|-damage|p1a: Garchomp|61\/100\n|-damage|p2a: Blady|59\/100 tox|[from] ability: Rough Skin|[of] p1a: Garchomp\n|\n|-damage|p2a: Blady|41\/100 tox|[from] psn\n|upkeep\n|turn|4\n|\n|t:|1700423491\n|move|p1a: Garchomp|Liquidation|p2a: Blady\n|-supereffective|p2a: Blady\n|-damage|p2a: Blady|0 fnt\n|faint|p2a: Blady\n|\n|upkeep\n|\n|t:|1700423502\n|switch|p2a: Jolyne|Quaquaval, F, shiny|100\/100\n|turn|5\n|\n|t:|1700423507\n|move|p1a: Garchomp|Earthquake|p2a: Jolyne\n|-damage|p2a: Jolyne|30\/100\n|move|p2a: Jolyne|Aqua Step|p1a: Garchomp\n|-damage|p1a: Garchomp|24\/100\n|-boost|p2a: Jolyne|spe|1\n|-damage|p2a: Jolyne|17\/100|[from] ability: Rough Skin|[of] p1a: Garchomp\n|\n|upkeep\n|turn|6\n|c|\u2606Martin80|let it die\n|\n|t:|1700423516\n|move|p2a: Jolyne|Aqua Step|p1a: Garchomp\n|-damage|p1a: Garchomp|0 fnt\n|-boost|p2a: Jolyne|spe|1\n|-damage|p2a: Jolyne|5\/100|[from] ability: Rough Skin|[of] p1a: Garchomp\n|faint|p1a: Garchomp\n|-ability|p2a: Jolyne|Moxie|boost\n|-boost|p2a: Jolyne|atk|1\n|\n|upkeep\n|\n|t:|1700423524\n|switch|p1a: Corviknight|Corviknight, F|2\/100\n|-ability|p1a: Corviknight|Pressure\n|turn|7\n|\n|t:|1700423531\n|move|p2a: Jolyne|Brick Break|p1a: Corviknight\n|-damage|p1a: Corviknight|0 fnt\n|-damage|p2a: Jolyne|0 fnt|[from] item: Rocky Helmet|[of] p1a: Corviknight\n|faint|p1a: Corviknight\n|faint|p2a: Jolyne\n|\n|upkeep\n|c|\u2606Martin80|i hate you\n|\n|t:|1700423541\n|switch|p2a: Golemcita|Garganacl, F, shiny|100\/100\n|switch|p1a: Slowking|Slowking-Galar, F|100\/100\n|turn|8\n|\n|t:|1700423550\n|move|p2a: Golemcita|Iron Defense|p2a: Golemcita\n|-boost|p2a: Golemcita|def|2\n|move|p1a: Slowking|Eerie Spell|p2a: Golemcita\n|-damage|p2a: Golemcita|76\/100\n|-activate|p2a: Golemcita|move: Eerie Spell|Iron Defense|3\n|\n|-heal|p2a: Golemcita|83\/100|[from] item: Leftovers\n|upkeep\n|turn|9\n|\n|t:|1700423562\n|move|p2a: Golemcita|Salt Cure|p1a: Slowking\n|-damage|p1a: Slowking|85\/100\n|-start|p1a: Slowking|Salt Cure\n|move|p1a: Slowking|Toxic|p2a: Golemcita\n|-immune|p2a: Golemcita|[from] ability: Purifying Salt\n|\n|-heal|p2a: Golemcita|89\/100|[from] item: Leftovers\n|-heal|p1a: Slowking|91\/100|[from] item: Leftovers\n|-damage|p1a: Slowking|79\/100|[from] Salt Cure\n|upkeep\n|turn|10\n|\n|t:|1700423573\n|move|p2a: Golemcita|Iron Defense|p2a: Golemcita\n|-boost|p2a: Golemcita|def|2\n|move|p1a: Slowking|Eerie Spell|p2a: Golemcita\n|-damage|p2a: Golemcita|67\/100\n|-activate|p2a: Golemcita|move: Eerie Spell|Iron Defense|3\n|\n|-heal|p2a: Golemcita|73\/100|[from] item: Leftovers\n|-heal|p1a: Slowking|85\/100|[from] item: Leftovers\n|-damage|p1a: Slowking|72\/100|[from] Salt Cure\n|upkeep\n|turn|11\n|\n|t:|1700423584\n|move|p2a: Golemcita|Salt Cure|p1a: Slowking\n|-damage|p1a: Slowking|59\/100\n|move|p1a: Slowking|Eerie Spell|p2a: Golemcita\n|-damage|p2a: Golemcita|48\/100\n|-activate|p2a: Golemcita|move: Eerie Spell|Salt Cure|3\n|\n|-heal|p2a: Golemcita|54\/100|[from] item: Leftovers\n|-heal|p1a: Slowking|65\/100|[from] item: Leftovers\n|-damage|p1a: Slowking|52\/100|[from] Salt Cure\n|upkeep\n|turn|12\n|\n|t:|1700423600\n|move|p2a: Golemcita|Salt Cure|p1a: Slowking\n|-damage|p1a: Slowking|39\/100\n|move|p1a: Slowking|Chilly Reception|p1a: Slowking\n|-weather|Snow\n|\n|t:|1700423606\n|switch|p1a: Froslass|Froslass, F|100\/100|[from] Chilly Reception\n|\n|-weather|Snow|[upkeep]\n|-heal|p2a: Golemcita|60\/100|[from] item: Leftovers\n|upkeep\n|turn|13\n|\n|t:|1700423611\n|move|p1a: Froslass|Aurora Veil|p1a: Froslass\n|-sidestart|p1: OnlyDestroyer60|move: Aurora Veil\n|move|p2a: Golemcita|Salt Cure|p1a: Froslass\n|-supereffective|p1a: Froslass\n|-damage|p1a: Froslass|88\/100\n|-start|p1a: Froslass|Salt Cure\n|-start|p2a: Golemcita|Disable|Salt Cure|[from] ability: Cursed Body|[of] p1a: Froslass\n|\n|-weather|Snow|[upkeep]\n|-heal|p1a: Froslass|94\/100|[from] item: Leftovers\n|-heal|p2a: Golemcita|67\/100|[from] item: Leftovers\n|-damage|p1a: Froslass|82\/100|[from] Salt Cure\n|upkeep\n|turn|14\n|\n|t:|1700423625\n|switch|p1a: Hatterene|Hatterene, F|100\/100\n|move|p2a: Golemcita|Recover|p2a: Golemcita\n|-heal|p2a: Golemcita|100\/100\n|\n|-weather|Snow|[upkeep]\n|upkeep\n|turn|15\n|c|\u2606Martin80|you sick bastard\n|\n|t:|1700423633\n|move|p2a: Golemcita|Body Press|p1a: Hatterene\n|-resisted|p1a: Hatterene\n|-damage|p1a: Hatterene|90\/100\n|move|p1a: Hatterene|Giga Drain|p2a: Golemcita\n|-supereffective|p2a: Golemcita\n|-damage|p2a: Golemcita|52\/100\n|-heal|p1a: Hatterene|100\/100|[from] drain|[of] p2a: Golemcita\n|\n|-weather|Snow|[upkeep]\n|-heal|p2a: Golemcita|59\/100|[from] item: Leftovers\n|upkeep\n|turn|16\n|\n|t:|1700423645\n|move|p2a: Golemcita|Recover|p2a: Golemcita\n|-heal|p2a: Golemcita|100\/100\n|move|p1a: Hatterene|Giga Drain|p2a: Golemcita\n|-supereffective|p2a: Golemcita\n|-damage|p2a: Golemcita|58\/100\n|\n|-weather|none\n|-heal|p2a: Golemcita|65\/100|[from] item: Leftovers\n|-end|p2a: Golemcita|Disable\n|upkeep\n|turn|17\n|\n|t:|1700423653\n|move|p2a: Golemcita|Salt Cure|p1a: Hatterene\n|-damage|p1a: Hatterene|93\/100\n|-start|p1a: Hatterene|Salt Cure\n|move|p1a: Hatterene|Giga Drain|p2a: Golemcita\n|-supereffective|p2a: Golemcita\n|-damage|p2a: Golemcita|18\/100\n|-heal|p1a: Hatterene|100\/100|[from] drain|[of] p2a: Golemcita\n|\n|-heal|p2a: Golemcita|24\/100|[from] item: Leftovers\n|-damage|p1a: Hatterene|88\/100|[from] Salt Cure\n|-sideend|p1: OnlyDestroyer60|move: Aurora Veil\n|upkeep\n|turn|18\n|\n|t:|1700423664\n|move|p2a: Golemcita|Salt Cure|p1a: Hatterene\n|-damage|p1a: Hatterene|73\/100\n|move|p1a: Hatterene|Giga Drain|p2a: Golemcita\n|-supereffective|p2a: Golemcita\n|-damage|p2a: Golemcita|0 fnt\n|-heal|p1a: Hatterene|88\/100|[from] drain|[of] p2a: Golemcita\n|faint|p2a: Golemcita\n|\n|-damage|p1a: Hatterene|76\/100|[from] Salt Cure\n|upkeep\n|\n|t:|1700423678\n|switch|p2a: Bichota|Lokix, F, shiny|100\/100\n|turn|19\n|\n|t:|1700423688\n|switch|p1a: Slowking|Slowking-Galar, F|72\/100\n|move|p2a: Bichota|First Impression|p1a: Slowking\n|-damage|p1a: Slowking|12\/100\n|-damage|p2a: Bichota|91\/100|[from] item: Life Orb\n|\n|-heal|p1a: Slowking|19\/100|[from] item: Leftovers\n|upkeep\n|turn|20\n|\n|t:|1700423700\n|move|p2a: Bichota|Leech Life|p1a: Slowking\n|-damage|p1a: Slowking|0 fnt\n|-heal|p2a: Bichota|100\/100|[from] drain|[of] p1a: Slowking\n|faint|p1a: Slowking\n|-damage|p2a: Bichota|91\/100|[from] item: Life Orb\n|\n|upkeep\n|\n|t:|1700423706\n|switch|p1a: Enamorus|Enamorus, F|100\/100\n|turn|21\n|\n|t:|1700423715\n|move|p2a: Bichota|Sucker Punch|p1a: Enamorus\n|-resisted|p1a: Enamorus\n|-damage|p1a: Enamorus|27\/100\n|-damage|p2a: Bichota|81\/100|[from] item: Life Orb\n|move|p1a: Enamorus|Superpower|p2a: Bichota\n|-damage|p2a: Bichota|27\/100\n|-boost|p1a: Enamorus|atk|1\n|-boost|p1a: Enamorus|def|1\n|\n|upkeep\n|turn|22\n|\n|t:|1700423726\n|move|p2a: Bichota|Sucker Punch|p1a: Enamorus\n|-resisted|p1a: Enamorus\n|-damage|p1a: Enamorus|0 fnt\n|faint|p1a: Enamorus\n|-damage|p2a: Bichota|17\/100|[from] item: Life Orb\n|\n|upkeep\n|\n|t:|1700423732\n|switch|p1a: Hatterene|Hatterene, F|76\/100\n|turn|23\n|\n|t:|1700423738\n|move|p2a: Bichota|Leech Life|p1a: Hatterene\n|-damage|p1a: Hatterene|19\/100\n|-heal|p2a: Bichota|49\/100|[from] drain|[of] p1a: Hatterene\n|-damage|p2a: Bichota|39\/100|[from] item: Life Orb\n|move|p1a: Hatterene|Dazzling Gleam|p2a: Bichota\n|-supereffective|p2a: Bichota\n|-damage|p2a: Bichota|0 fnt\n|faint|p2a: Bichota\n|\n|upkeep\n|\n|t:|1700423747\n|switch|p2a: Arboliva|Arboliva, F, shiny|100\/100\n|turn|24\n|\n|t:|1700423753\n|move|p2a: Arboliva|Giga Drain|p1a: Hatterene\n|-damage|p1a: Hatterene|0 fnt\n|faint|p1a: Hatterene\n|\n|upkeep\n|\n|t:|1700423757\n|switch|p1a: Froslass|Froslass, F|82\/100\n|turn|25\n|\n|t:|1700423761\n|move|p1a: Froslass|Will-O-Wisp|p2a: Arboliva\n|-status|p2a: Arboliva|brn\n|move|p2a: Arboliva|Giga Drain|p1a: Froslass\n|-damage|p1a: Froslass|41\/100\n|-start|p2a: Arboliva|Disable|Giga Drain|[from] ability: Cursed Body|[of] p1a: Froslass\n|\n|-heal|p1a: Froslass|47\/100|[from] item: Leftovers\n|-damage|p2a: Arboliva|94\/100 brn|[from] brn\n|upkeep\n|turn|26\n|\n|t:|1700423773\n|move|p1a: Froslass|Hex|p2a: Arboliva\n|-immune|p2a: Arboliva\n|move|p2a: Arboliva|Substitute|p2a: Arboliva\n|-start|p2a: Arboliva|Substitute\n|-damage|p2a: Arboliva|69\/100 brn\n|\n|-heal|p1a: Froslass|53\/100|[from] item: Leftovers\n|-damage|p2a: Arboliva|63\/100 brn|[from] brn\n|upkeep\n|turn|27\n|\n|t:|1700423784\n|move|p1a: Froslass|Destiny Bond|p1a: Froslass\n|-singlemove|p1a: Froslass|Destiny Bond\n|move|p2a: Arboliva|Strength Sap|p1a: Froslass\n|-unboost|p1a: Froslass|atk|1\n|-heal|p2a: Arboliva|100\/100 brn\n|\n|-heal|p1a: Froslass|59\/100|[from] item: Leftovers\n|-damage|p2a: Arboliva|94\/100 brn|[from] brn\n|upkeep\n|turn|28\n|-message|OnlyDestroyer60 forfeited.\n|\n|win|Martin80\n|raw|OnlyDestroyer60's rating: 1088 &rarr; <strong>1065<\/strong><br \/>(-23 for losing)\n|raw|Martin80's rating: 1088 &rarr; <strong>1115<\/strong><br \/>(+27 for winning)\n|l|\u203dOnlyDestroyer60\n","uploadtime":1700423630,"views":10,"p1id":"onlydestroyer60","p2id":"martin80","formatid":"gen9ou","rating":1065,"private":0,"password":""}