{"id":"gen9ou-1997245146","p1":"Macattacka","p2":"Zulneily","format":"[Gen 9] OU","log":"|j|\u2606Macattacka\n|j|\u2606Zulneily\n|t:|1700779827\n|gametype|singles\n|player|p1|Macattacka|giovanni|1373\n|player|p2|Zulneily|hilda-wonderlauncher|1390\n|teamsize|p1|6\n|teamsize|p2|6\n|gen|9\n|tier|[Gen 9] OU\n|rated|\n|rule|Sleep Clause Mod: Limit one foe put to sleep\n|rule|Species Clause: Limit one of each Pok\u00e9mon\n|rule|OHKO Clause: OHKO moves are banned\n|rule|Evasion Items Clause: Evasion items are banned\n|rule|Evasion Moves Clause: Evasion moves are banned\n|rule|Endless Battle Clause: Forcing endless battles is banned\n|rule|HP Percentage Mod: HP is shown in percentages\n|clearpoke\n|poke|p1|Ceruledge, M|\n|poke|p1|Hoopa-Unbound|\n|poke|p1|Weezing-Galar, M|\n|poke|p1|Garchomp, M|\n|poke|p1|Hatterene, F|\n|poke|p1|Toxapex, F|\n|poke|p2|Great Tusk|\n|poke|p2|Dragapult, F|\n|poke|p2|Ogerpon, F|\n|poke|p2|Iron Moth|\n|poke|p2|Toxapex, M|\n|poke|p2|Enamorus, F|\n|teampreview\n|inactive|Battle timer is ON: inactive players will automatically lose when time's up. (requested by Macattacka)\n|\n|t:|1700779836\n|start\n|switch|p1a: Hoopa|Hoopa-Unbound|100\/100\n|switch|p2a: Enamorus|Enamorus, F|100\/100\n|turn|1\n|\n|t:|1700779844\n|move|p2a: Enamorus|Moonblast|p1a: Hoopa\n|-supereffective|p1a: Hoopa\n|-damage|p1a: Hoopa|2\/100\n|move|p1a: Hoopa|Thunderbolt|p2a: Enamorus\n|-supereffective|p2a: Enamorus\n|-damage|p2a: Enamorus|0 fnt\n|faint|p2a: Enamorus\n|\n|upkeep\n|\n|t:|1700779864\n|switch|p2a: Iron Moth|Iron Moth|100\/100\n|-enditem|p2a: Iron Moth|Booster Energy\n|-activate|p2a: Iron Moth|ability: Quark Drive|[fromitem]\n|-start|p2a: Iron Moth|quarkdrivespe\n|turn|2\n|\n|t:|1700779871\n|move|p2a: Iron Moth|Fiery Dance|p1a: Hoopa\n|-damage|p1a: Hoopa|0 fnt\n|faint|p1a: Hoopa\n|\n|upkeep\n|inactive|Macattacka has 120 seconds left.\n|\n|t:|1700779903\n|switch|p1a: Ceruledge|Ceruledge, M|100\/100\n|turn|3\n|\n|t:|1700779913\n|-end|p2a: Iron Moth|Quark Drive|[silent]\n|switch|p2a: Toxapex|Toxapex, M|100\/100\n|-terastallize|p1a: Ceruledge|Bug\n|move|p1a: Ceruledge|Bulk Up|p1a: Ceruledge\n|-boost|p1a: Ceruledge|atk|1\n|-boost|p1a: Ceruledge|def|1\n|\n|upkeep\n|turn|4\n|\n|t:|1700779921\n|move|p1a: Ceruledge|Bulk Up|p1a: Ceruledge\n|-boost|p1a: Ceruledge|atk|1\n|-boost|p1a: Ceruledge|def|1\n|move|p2a: Toxapex|Toxic|p1a: Ceruledge\n|-status|p1a: Ceruledge|tox\n|\n|-damage|p1a: Ceruledge|94\/100 tox|[from] psn\n|upkeep\n|turn|5\n|\n|t:|1700779933\n|move|p1a: Ceruledge|Poltergeist|p2a: Toxapex\n|-activate|p2a: Toxapex|move: Poltergeist|Black Sludge\n|-damage|p2a: Toxapex|14\/100\n|move|p2a: Toxapex|Liquidation|p1a: Ceruledge\n|-damage|p1a: Ceruledge|82\/100 tox\n|\n|-heal|p2a: Toxapex|21\/100|[from] item: Black Sludge\n|-damage|p1a: Ceruledge|70\/100 tox|[from] psn\n|upkeep\n|turn|6\n|\n|t:|1700779943\n|switch|p2a: Iron Moth|Iron Moth|100\/100\n|move|p1a: Ceruledge|Bulk Up|p1a: Ceruledge\n|-boost|p1a: Ceruledge|atk|1\n|-boost|p1a: Ceruledge|def|1\n|\n|-damage|p1a: Ceruledge|52\/100 tox|[from] psn\n|upkeep\n|turn|7\n|\n|t:|1700779954\n|-end|p2a: Iron Moth|Quark Drive|[silent]\n|switch|p2a: Toxapex|Toxapex, M|54\/100\n|move|p1a: Ceruledge|Bitter Blade|p2a: Toxapex\n|-resisted|p2a: Toxapex\n|-damage|p2a: Toxapex|10\/100\n|-heal|p1a: Ceruledge|70\/100 tox|[from] drain|[of] p2a: Toxapex\n|\n|-heal|p2a: Toxapex|17\/100|[from] item: Black Sludge\n|-damage|p1a: Ceruledge|46\/100 tox|[from] psn\n|upkeep\n|turn|8\n|\n|t:|1700779968\n|move|p1a: Ceruledge|Shadow Sneak|p2a: Toxapex\n|-damage|p2a: Toxapex|0 fnt\n|faint|p2a: Toxapex\n|\n|-damage|p1a: Ceruledge|16\/100 tox|[from] psn\n|upkeep\n|\n|t:|1700779979\n|switch|p2a: Great Tusk|Great Tusk|100\/100\n|turn|9\n|\n|t:|1700779987\n|move|p2a: Great Tusk|Rapid Spin|p1a: Ceruledge\n|-damage|p1a: Ceruledge|10\/100 tox\n|-boost|p2a: Great Tusk|spe|1\n|move|p1a: Ceruledge|Poltergeist|p2a: Great Tusk\n|-activate|p2a: Great Tusk|move: Poltergeist|Leftovers\n|-damage|p2a: Great Tusk|39\/100\n|\n|-heal|p2a: Great Tusk|45\/100|[from] item: Leftovers\n|-damage|p1a: Ceruledge|0 fnt|[from] psn\n|faint|p1a: Ceruledge\n|upkeep\n|\n|t:|1700780011\n|switch|p1a: Toxapex|Toxapex, F|100\/100\n|turn|10\n|\n|t:|1700780019\n|move|p2a: Great Tusk|Stealth Rock|p1a: Toxapex\n|-sidestart|p1: Macattacka|move: Stealth Rock\n|move|p1a: Toxapex|Liquidation|p2a: Great Tusk\n|-supereffective|p2a: Great Tusk\n|-damage|p2a: Great Tusk|26\/100\n|\n|-heal|p2a: Great Tusk|32\/100|[from] item: Leftovers\n|upkeep\n|turn|11\n|\n|t:|1700780026\n|move|p2a: Great Tusk|Knock Off|p1a: Toxapex\n|-crit|p1a: Toxapex\n|-damage|p1a: Toxapex|77\/100\n|-damage|p2a: Great Tusk|15\/100|[from] item: Rocky Helmet|[of] p1a: Toxapex\n|-enditem|p1a: Toxapex|Rocky Helmet|[from] move: Knock Off|[of] p2a: Great Tusk\n|move|p1a: Toxapex|Liquidation|p2a: Great Tusk\n|-supereffective|p2a: Great Tusk\n|-damage|p2a: Great Tusk|0 fnt\n|faint|p2a: Great Tusk\n|-end|p2a: Great Tusk|Protosynthesis|[silent]\n|\n|upkeep\n|\n|t:|1700780044\n|switch|p2a: Iron Moth|Iron Moth|100\/100\n|turn|12\n|\n|t:|1700780063\n|switch|p1a: Garchomp|Garchomp, M|100\/100\n|-damage|p1a: Garchomp|94\/100|[from] Stealth Rock\n|move|p2a: Iron Moth|Psychic|p1a: Garchomp\n|-damage|p1a: Garchomp|61\/100\n|\n|upkeep\n|turn|13\n|\n|t:|1700780079\n|-end|p2a: Iron Moth|Quark Drive|[silent]\n|switch|p2a: Dragapult|Dragapult, F|100\/100\n|move|p1a: Garchomp|Scale Shot|p2a: Dragapult|[miss]\n|-miss|p1a: Garchomp|p2a: Dragapult\n|\n|upkeep\n|turn|14\n|\n|t:|1700780099\n|switch|p1a: Weezing|Weezing-Galar, M|100\/100\n|-damage|p1a: Weezing|88\/100|[from] Stealth Rock\n|move|p2a: Dragapult|Will-O-Wisp|p1a: Weezing\n|-status|p1a: Weezing|brn\n|\n|-heal|p1a: Weezing|94\/100 brn|[from] item: Leftovers\n|-damage|p1a: Weezing|88\/100 brn|[from] brn\n|upkeep\n|turn|15\n|\n|t:|1700780112\n|move|p2a: Dragapult|Substitute|p2a: Dragapult\n|-start|p2a: Dragapult|Substitute\n|-damage|p2a: Dragapult|76\/100\n|move|p1a: Weezing|Defog|p2a: Dragapult\n|-sideend|p1: Macattacka|Stealth Rock|[from] move: Defog|[of] p1a: Weezing\n|\n|-heal|p2a: Dragapult|82\/100|[from] item: Leftovers\n|-heal|p1a: Weezing|94\/100 brn|[from] item: Leftovers\n|-damage|p1a: Weezing|88\/100 brn|[from] brn\n|upkeep\n|turn|16\n|\n|t:|1700780121\n|move|p2a: Dragapult|Hex|p1a: Weezing\n|-damage|p1a: Weezing|41\/100 brn\n|move|p1a: Weezing|Strange Steam|p2a: Dragapult|[miss]\n|-miss|p1a: Weezing|p2a: Dragapult\n|\n|-heal|p2a: Dragapult|88\/100|[from] item: Leftovers\n|-heal|p1a: Weezing|47\/100 brn|[from] item: Leftovers\n|-damage|p1a: Weezing|41\/100 brn|[from] brn\n|upkeep\n|turn|17\n|\n|t:|1700780131\n|move|p2a: Dragapult|Hex|p1a: Weezing\n|-damage|p1a: Weezing|0 fnt\n|faint|p1a: Weezing\n|\n|-heal|p2a: Dragapult|94\/100|[from] item: Leftovers\n|upkeep\n|\n|t:|1700780139\n|switch|p1a: Garchomp|Garchomp, M|61\/100\n|turn|18\n|\n|t:|1700780150\n|move|p2a: Dragapult|Will-O-Wisp|p1a: Garchomp\n|-status|p1a: Garchomp|brn\n|move|p1a: Garchomp|Scale Shot|p2a: Dragapult|[miss]\n|-miss|p1a: Garchomp|p2a: Dragapult\n|\n|-heal|p2a: Dragapult|99\/100|[from] item: Leftovers\n|-damage|p1a: Garchomp|55\/100 brn|[from] brn\n|upkeep\n|turn|19\n|\n|t:|1700780159\n|move|p2a: Dragapult|Hex|p1a: Garchomp\n|-damage|p1a: Garchomp|0 fnt\n|faint|p1a: Garchomp\n|\n|-heal|p2a: Dragapult|100\/100|[from] item: Leftovers\n|upkeep\n|c|\u2606Macattacka|gg\n|-message|Macattacka forfeited.\n|\n|win|Zulneily\n|raw|Macattacka's rating: 1373 &rarr; <strong>1354<\/strong><br \/>(-19 for losing)\n|raw|Zulneily's rating: 1390 &rarr; <strong>1409<\/strong><br \/>(+19 for winning)\n|l|\u2606Macattacka\n","uploadtime":1700780182,"views":5,"p1id":"macattacka","p2id":"zulneily","formatid":"gen9ou","rating":1354,"private":0,"password":""}