{"id":"gen9ou-2000006206","p1":"RggV","p2":"Dipiti","format":"[Gen 9] OU","log":"|j|\u2606RggV\n|j|\u2606Dipiti\n|t:|1701140298\n|gametype|singles\n|player|p1|RggV|#wcop2023latinamerica|1800\n|player|p2|Dipiti|ghetsis|1696\n|teamsize|p1|6\n|teamsize|p2|6\n|gen|9\n|tier|[Gen 9] OU\n|rated|\n|rule|Sleep Clause Mod: Limit one foe put to sleep\n|rule|Species Clause: Limit one of each Pok\u00e9mon\n|rule|OHKO Clause: OHKO moves are banned\n|rule|Evasion Items Clause: Evasion items are banned\n|rule|Evasion Moves Clause: Evasion moves are banned\n|rule|Endless Battle Clause: Forcing endless battles is banned\n|rule|HP Percentage Mod: HP is shown in percentages\n|clearpoke\n|poke|p1|Infernape, F|\n|poke|p1|Ribombee, M|\n|poke|p1|Gholdengo|\n|poke|p1|Manaphy|\n|poke|p1|Landorus-Therian, M|\n|poke|p1|Kommo-o, F|\n|poke|p2|Ceruledge, F|\n|poke|p2|Azumarill, F|\n|poke|p2|Jirachi|\n|poke|p2|Great Tusk|\n|poke|p2|Mandibuzz, F|\n|poke|p2|Slowking-Galar, F|\n|teampreview\n|inactive|Battle timer is ON: inactive players will automatically lose when time's up. (requested by RggV)\n|j| cdx\n|\n|t:|1701140321\n|start\n|switch|p1a: Ribombee|Ribombee, M|100\/100\n|switch|p2a: Jirachi|Jirachi, shiny|100\/100\n|turn|1\n|\n|t:|1701140324\n|move|p2a: Jirachi|Iron Head|p1a: Ribombee\n|-supereffective|p1a: Ribombee\n|-enditem|p1a: Ribombee|Focus Sash\n|-damage|p1a: Ribombee|1\/100\n|move|p1a: Ribombee|Sticky Web|p2a: Jirachi\n|-sidestart|p2: Dipiti|move: Sticky Web\n|\n|upkeep\n|turn|2\n|j| Nacho318\n|\n|t:|1701140332\n|switch|p1a: Son Goku|Infernape, F|100\/100\n|move|p2a: Jirachi|Iron Head|p1a: Son Goku\n|-resisted|p1a: Son Goku\n|-damage|p1a: Son Goku|78\/100\n|\n|upkeep\n|turn|3\n|l| Nacho318\n|j| xxCOALLAxx\n|\n|t:|1701140348\n|move|p2a: Jirachi|Iron Head|p1a: Son Goku\n|-resisted|p1a: Son Goku\n|-damage|p1a: Son Goku|54\/100\n|cant|p1a: Son Goku|flinch\n|\n|upkeep\n|turn|4\n|\n|t:|1701140352\n|move|p2a: Jirachi|Iron Head|p1a: Son Goku\n|-resisted|p1a: Son Goku\n|-crit|p1a: Son Goku\n|-damage|p1a: Son Goku|21\/100\n|move|p1a: Son Goku|Fire Punch|p2a: Jirachi\n|-supereffective|p2a: Jirachi\n|-damage|p2a: Jirachi|0 fnt\n|faint|p2a: Jirachi\n|-damage|p1a: Son Goku|11\/100|[from] item: Life Orb\n|\n|upkeep\n|\n|t:|1701140370\n|switch|p2a: Ceruledge|Ceruledge, F|100\/100\n|-activate|p2a: Ceruledge|move: Sticky Web\n|-unboost|p2a: Ceruledge|spe|1\n|turn|5\n|\n|t:|1701140373\n|switch|p1a: Landorus|Landorus-Therian, M|100\/100\n|-ability|p1a: Landorus|Intimidate|boost\n|-unboost|p2a: Ceruledge|atk|1\n|move|p2a: Ceruledge|Shadow Sneak|p1a: Landorus\n|-damage|p1a: Landorus|75\/100\n|\n|-heal|p1a: Landorus|81\/100|[from] item: Leftovers\n|upkeep\n|turn|6\n|\n|t:|1701140381\n|switch|p1a: McFries|Gholdengo|100\/100\n|-item|p1a: McFries|Air Balloon\n|switch|p2a: Mandibuzz|Mandibuzz, F, shiny|100\/100\n|\n|upkeep\n|turn|7\n|j| temp0912397\n|\n|t:|1701140392\n|move|p1a: McFries|Nasty Plot|p1a: McFries\n|-boost|p1a: McFries|spa|2\n|move|p2a: Mandibuzz|Foul Play|p1a: McFries\n|-supereffective|p1a: McFries\n|-damage|p1a: McFries|66\/100\n|-enditem|p1a: McFries|Air Balloon\n|\n|upkeep\n|turn|8\n|\n|t:|1701140405\n|switch|p2a: Ceruledge|Ceruledge, F|100\/100\n|-activate|p2a: Ceruledge|move: Sticky Web\n|-unboost|p2a: Ceruledge|spe|1\n|move|p1a: McFries|Recover|p1a: McFries\n|-heal|p1a: McFries|100\/100\n|\n|upkeep\n|turn|9\n|\n|t:|1701140412\n|move|p2a: Ceruledge|Shadow Sneak|p1a: McFries\n|-supereffective|p1a: McFries\n|-damage|p1a: McFries|29\/100\n|move|p1a: McFries|Shadow Ball|p2a: Ceruledge\n|-supereffective|p2a: Ceruledge\n|-damage|p2a: Ceruledge|0 fnt\n|faint|p2a: Ceruledge\n|\n|upkeep\n|\n|t:|1701140419\n|switch|p2a: Azumarill|Azumarill, F, shiny|100\/100\n|-activate|p2a: Azumarill|move: Sticky Web\n|-unboost|p2a: Azumarill|spe|1\n|turn|10\n|\n|t:|1701140428\n|move|p2a: Azumarill|Aqua Jet|p1a: McFries\n|-damage|p1a: McFries|0 fnt\n|faint|p1a: McFries\n|\n|upkeep\n|\n|t:|1701140434\n|switch|p1a: Manaphy|Manaphy|100\/100\n|turn|11\n|j| SwabbyYabby\n|\n|t:|1701140440\n|switch|p2a: Slowking|Slowking-Galar, F, shiny|100\/100\n|-activate|p2a: Slowking|move: Sticky Web\n|-unboost|p2a: Slowking|spe|1\n|move|p1a: Manaphy|Tail Glow|p1a: Manaphy\n|-boost|p1a: Manaphy|spa|3\n|\n|upkeep\n|turn|12\n|\n|t:|1701140444\n|move|p1a: Manaphy|Surf|p2a: Slowking\n|-damage|p2a: Slowking|58\/100\n|move|p2a: Slowking|Sludge Bomb|p1a: Manaphy\n|-damage|p1a: Manaphy|61\/100\n|\n|-heal|p1a: Manaphy|67\/100|[from] item: Leftovers\n|upkeep\n|turn|13\n|\n|t:|1701140447\n|move|p1a: Manaphy|Tail Glow|p1a: Manaphy\n|-boost|p1a: Manaphy|spa|3\n|move|p2a: Slowking|Sludge Bomb|p1a: Manaphy\n|-damage|p1a: Manaphy|31\/100\n|-status|p1a: Manaphy|psn\n|\n|-heal|p1a: Manaphy|37\/100 psn|[from] item: Leftovers\n|-damage|p1a: Manaphy|25\/100 psn|[from] psn\n|upkeep\n|turn|14\n|\n|t:|1701140458\n|switch|p2a: Mandibuzz|Mandibuzz, F, shiny|100\/100\n|move|p1a: Manaphy|Surf|p2a: Mandibuzz\n|-damage|p2a: Mandibuzz|0 fnt\n|faint|p2a: Mandibuzz\n|\n|-heal|p1a: Manaphy|31\/100 psn|[from] item: Leftovers\n|-damage|p1a: Manaphy|18\/100 psn|[from] psn\n|upkeep\n|\n|t:|1701140461\n|switch|p2a: Azumarill|Azumarill, F, shiny|100\/100\n|-activate|p2a: Azumarill|move: Sticky Web\n|-unboost|p2a: Azumarill|spe|1\n|turn|15\n|\n|t:|1701140463\n|move|p2a: Azumarill|Aqua Jet|p1a: Manaphy\n|-resisted|p1a: Manaphy\n|-damage|p1a: Manaphy|0 fnt\n|faint|p1a: Manaphy\n|\n|upkeep\n|\n|t:|1701140474\n|switch|p1a: Landorus|Landorus-Therian, M|81\/100\n|-ability|p1a: Landorus|Intimidate|boost\n|-unboost|p2a: Azumarill|atk|1\n|turn|16\n|\n|t:|1701140478\n|switch|p1a: Ribombee|Ribombee, M|1\/100\n|switch|p2a: Great Tusk|Great Tusk, shiny|100\/100\n|-activate|p2a: Great Tusk|move: Sticky Web\n|-unboost|p2a: Great Tusk|spe|1\n|\n|upkeep\n|turn|17\n|\n|t:|1701140484\n|-end|p2a: Great Tusk|Protosynthesis|[silent]\n|switch|p2a: Slowking|Slowking-Galar, F, shiny|91\/100\n|-activate|p2a: Slowking|move: Sticky Web\n|-unboost|p2a: Slowking|spe|1\n|move|p1a: Ribombee|Moonblast|p2a: Slowking\n|-resisted|p2a: Slowking\n|-damage|p2a: Slowking|82\/100\n|\n|upkeep\n|turn|18\n|\n|t:|1701140487\n|move|p1a: Ribombee|Stun Spore|p2a: Slowking|[miss]\n|-miss|p1a: Ribombee|p2a: Slowking\n|move|p2a: Slowking|Future Sight|p1a: Ribombee\n|-start|p2a: Slowking|move: Future Sight\n|\n|upkeep\n|turn|19\n|\n|t:|1701140491\n|move|p1a: Ribombee|Stun Spore|p2a: Slowking\n|-status|p2a: Slowking|par\n|cant|p2a: Slowking|par\n|\n|upkeep\n|turn|20\n|\n|t:|1701140494\n|move|p1a: Ribombee|Psychic|p2a: Slowking\n|-damage|p2a: Slowking|70\/100 par\n|move|p2a: Slowking|Sludge Bomb|p1a: Ribombee\n|-supereffective|p1a: Ribombee\n|-damage|p1a: Ribombee|0 fnt\n|faint|p1a: Ribombee\n|\n|-hint|Future Sight did not hit because the target is fainted.\n|upkeep\n|\n|t:|1701140496\n|switch|p1a: Son Goku|Infernape, F|11\/100\n|turn|21\n|\n|t:|1701140500\n|switch|p2a: Azumarill|Azumarill, F, shiny|100\/100\n|-activate|p2a: Azumarill|move: Sticky Web\n|-unboost|p2a: Azumarill|spe|1\n|move|p1a: Son Goku|Grass Knot|p2a: Azumarill\n|-supereffective|p2a: Azumarill\n|-damage|p2a: Azumarill|58\/100\n|-damage|p1a: Son Goku|1\/100|[from] item: Life Orb\n|\n|upkeep\n|turn|22\n|\n|t:|1701140506\n|switch|p2a: Slowking|Slowking-Galar, F, shiny|100\/100 par\n|-activate|p2a: Slowking|move: Sticky Web\n|-unboost|p2a: Slowking|spe|1\n|move|p1a: Son Goku|Mach Punch|p2a: Slowking\n|-resisted|p2a: Slowking\n|-damage|p2a: Slowking|94\/100 par\n|-damage|p1a: Son Goku|0 fnt|[from] item: Life Orb\n|faint|p1a: Son Goku\n|\n|upkeep\n|\n|t:|1701140508\n|switch|p1a: Landorus|Landorus-Therian, M|81\/100\n|-ability|p1a: Landorus|Intimidate|boost\n|-unboost|p2a: Slowking|atk|1\n|turn|23\n|\n|t:|1701140521\n|switch|p2a: Azumarill|Azumarill, F, shiny|58\/100\n|-activate|p2a: Azumarill|move: Sticky Web\n|-unboost|p2a: Azumarill|spe|1\n|move|p1a: Landorus|Bulk Up|p1a: Landorus\n|-boost|p1a: Landorus|atk|1\n|-boost|p1a: Landorus|def|1\n|\n|-heal|p1a: Landorus|87\/100|[from] item: Leftovers\n|upkeep\n|turn|24\n|\n|t:|1701140534\n|-terastallize|p1a: Landorus|Ghost\n|move|p1a: Landorus|Bulk Up|p1a: Landorus\n|-boost|p1a: Landorus|atk|1\n|-boost|p1a: Landorus|def|1\n|move|p2a: Azumarill|Play Rough|p1a: Landorus|[miss]\n|-miss|p2a: Azumarill|p1a: Landorus\n|\n|-heal|p1a: Landorus|93\/100|[from] item: Leftovers\n|upkeep\n|turn|25\n|\n|t:|1701140538\n|move|p1a: Landorus|Earthquake|p2a: Azumarill\n|-crit|p2a: Azumarill\n|-damage|p2a: Azumarill|0 fnt\n|faint|p2a: Azumarill\n|\n|-heal|p1a: Landorus|99\/100|[from] item: Leftovers\n|upkeep\n|-message|Dipiti forfeited.\n|\n|win|RggV\n|raw|RggV's rating: 1811 &rarr; <strong>1825<\/strong><br \/>(+14 for winning)\n|raw|Dipiti's rating: 1696 &rarr; <strong>1682<\/strong><br \/>(-14 for losing)\n|l|\u2606Dipiti\n|l|\u2606RggV\n|j|\u2606RggV\n|player|p1|RggV|#wcop2023latinamerica\n|l|\u2606RggV\n|player|p1|\n|l| cdx\n","uploadtime":1701140564,"views":12,"p1id":"rggv","p2id":"dipiti","formatid":"gen9ou","rating":1682,"private":0,"password":""}