{"id":"gen9ou-1989565186","p1":"Hazzle6","p2":"IRN_Nightmare","format":"[Gen 9] OU","log":"|j|\u2606Hazzle6\n|j|\u2606IRN_Nightmare\n|t:|1699872134\n|gametype|singles\n|player|p1|Hazzle6|2|1144\n|player|p2|IRN_Nightmare|266|1077\n|teamsize|p1|6\n|teamsize|p2|6\n|gen|9\n|tier|[Gen 9] OU\n|rated|\n|rule|Sleep Clause Mod: Limit one foe put to sleep\n|rule|Species Clause: Limit one of each Pok\u00e9mon\n|rule|OHKO Clause: OHKO moves are banned\n|rule|Evasion Items Clause: Evasion items are banned\n|rule|Evasion Moves Clause: Evasion moves are banned\n|rule|Endless Battle Clause: Forcing endless battles is banned\n|rule|HP Percentage Mod: HP is shown in percentages\n|clearpoke\n|poke|p1|Samurott-Hisui, F|\n|poke|p1|Zapdos|\n|poke|p1|Iron Treads|\n|poke|p1|Clefable, F|\n|poke|p1|Dragapult, M|\n|poke|p1|Ogerpon, F|\n|poke|p2|Krookodile, M|\n|poke|p2|Grimmsnarl, M|\n|poke|p2|Greninja-*, M|\n|poke|p2|Hoopa-Unbound|\n|poke|p2|Hydreigon, F|\n|poke|p2|Kingambit, F|\n|teampreview\n|\n|t:|1699872168\n|start\n|switch|p1a: Ogerpon|Ogerpon, F|100\/100\n|switch|p2a: Krookodile|Krookodile, M|100\/100\n|-ability|p2a: Krookodile|Intimidate|boost\n|-unboost|p1a: Ogerpon|atk|1\n|-ability|p1a: Ogerpon|Defiant|boost\n|-boost|p1a: Ogerpon|atk|2\n|turn|1\n|\n|t:|1699872178\n|move|p1a: Ogerpon|Swords Dance|p1a: Ogerpon\n|-boost|p1a: Ogerpon|atk|2\n|move|p2a: Krookodile|Stealth Rock|p1a: Ogerpon\n|-sidestart|p1: Hazzle6|move: Stealth Rock\n|\n|upkeep\n|turn|2\n|\n|t:|1699872186\n|move|p1a: Ogerpon|Ivy Cudgel|p2a: Krookodile\n|-supereffective|p2a: Krookodile\n|-crit|p2a: Krookodile\n|-enditem|p2a: Krookodile|Focus Sash\n|-damage|p2a: Krookodile|1\/100\n|move|p2a: Krookodile|Taunt|p1a: Ogerpon\n|-start|p1a: Ogerpon|move: Taunt\n|\n|upkeep\n|turn|3\n|\n|t:|1699872193\n|move|p1a: Ogerpon|Ivy Cudgel|p2a: Krookodile\n|-supereffective|p2a: Krookodile\n|-crit|p2a: Krookodile\n|-damage|p2a: Krookodile|0 fnt\n|faint|p2a: Krookodile\n|\n|upkeep\n|\n|t:|1699872202\n|switch|p2a: Greninja|Greninja, M|100\/100\n|turn|4\n|\n|t:|1699872210\n|switch|p2a: Grimmsnarl|Grimmsnarl, M|100\/100\n|-terastallize|p1a: Ogerpon|Grass\n|detailschange|p1a: Ogerpon|Ogerpon-Teal-Tera, F, tera:Grass\n|-ability|p1a: Ogerpon|Embody Aspect (Teal)|boost\n|-boost|p1a: Ogerpon|spe|1\n|move|p1a: Ogerpon|Ivy Cudgel|p2a: Grimmsnarl\n|-crit|p2a: Grimmsnarl\n|-damage|p2a: Grimmsnarl|0 fnt\n|faint|p2a: Grimmsnarl\n|\n|upkeep\n|\n|t:|1699872227\n|switch|p2a: Hydreigon|Hydreigon, F|100\/100\n|turn|5\n|\n|t:|1699872231\n|move|p1a: Ogerpon|Play Rough|p2a: Hydreigon\n|-supereffective|p2a: Hydreigon\n|-damage|p2a: Hydreigon|0 fnt\n|faint|p2a: Hydreigon\n|\n|-end|p1a: Ogerpon|move: Taunt\n|upkeep\n|\n|t:|1699872239\n|switch|p2a: Hoopa|Hoopa-Unbound|100\/100\n|turn|6\n|\n|t:|1699872247\n|move|p1a: Ogerpon|Ivy Cudgel|p2a: Hoopa\n|-crit|p2a: Hoopa\n|-damage|p2a: Hoopa|0 fnt\n|faint|p2a: Hoopa\n|\n|upkeep\n|\n|t:|1699872253\n|switch|p2a: Greninja|Greninja, M|100\/100\n|turn|7\n|\n|t:|1699872256\n|-terastallize|p2a: Greninja|Water\n|move|p1a: Ogerpon|Ivy Cudgel|p2a: Greninja\n|-supereffective|p2a: Greninja\n|-damage|p2a: Greninja|0 fnt\n|faint|p2a: Greninja\n|\n|upkeep\n|\n|t:|1699872261\n|switch|p2a: Kingambit|Kingambit, F|100\/100\n|-activate|p2a: Kingambit|ability: Supreme Overlord\n|-start|p2a: Kingambit|fallen5|[silent]\n|turn|8\n|\n|t:|1699872276\n|move|p1a: Ogerpon|Brick Break|p2a: Kingambit\n|-supereffective|p2a: Kingambit\n|-damage|p2a: Kingambit|0 fnt\n|faint|p2a: Kingambit\n|-end|p2a: Kingambit|fallen5|[silent]\n|\n|win|Hazzle6\n|raw|Hazzle6's rating: 1144 &rarr; <strong>1164<\/strong><br \/>(+20 for winning)\n|raw|IRN_Nightmare's rating: 1077 &rarr; <strong>1060<\/strong><br \/>(-17 for losing)\n|l|\u2606IRN_Nightmare\n","uploadtime":1699872286,"views":21,"p1id":"hazzle6","p2id":"irnnightmare","formatid":"gen9ou","rating":1060,"private":0,"password":""}