{"id":"gen9ou-1989920980","p1":"draftleaguedave","p2":"fe\"zdger","format":"[Gen 9] OU","log":"|j|\u2606draftleaguedave\n|j|\u2606fe\"zdger\n|t:|1699906878\n|gametype|singles\n|player|p1|draftleaguedave|palmer|1108\n|player|p2|fe\"zdger|265|1000\n|teamsize|p1|6\n|teamsize|p2|6\n|gen|9\n|tier|[Gen 9] OU\n|rated|\n|rule|Sleep Clause Mod: Limit one foe put to sleep\n|rule|Species Clause: Limit one of each Pok\u00e9mon\n|rule|OHKO Clause: OHKO moves are banned\n|rule|Evasion Items Clause: Evasion items are banned\n|rule|Evasion Moves Clause: Evasion moves are banned\n|rule|Endless Battle Clause: Forcing endless battles is banned\n|rule|HP Percentage Mod: HP is shown in percentages\n|clearpoke\n|poke|p1|Volcanion|\n|poke|p1|Thundurus-Therian, M|\n|poke|p1|Trevenant, M|\n|poke|p1|Slither Wing|\n|poke|p1|Torkoal, F|\n|poke|p1|Samurott-Hisui, F|\n|poke|p2|Politoed, F|\n|poke|p2|Greninja-*, M|\n|poke|p2|Landorus-Therian, M|\n|poke|p2|Rillaboom, M|\n|poke|p2|Basculegion, M|\n|poke|p2|Iron Jugulis|\n|teampreview\n|inactive|Battle timer is ON: inactive players will automatically lose when time's up. (requested by fe\"zdger)\n|\n|t:|1699906891\n|start\n|switch|p1a: Southpaw|Samurott-Hisui, F|100\/100\n|switch|p2a: Landorus|Landorus-Therian, M|100\/100\n|-ability|p2a: Landorus|Intimidate|boost\n|-unboost|p1a: Southpaw|atk|1\n|turn|1\n|\n|t:|1699906906\n|move|p1a: Southpaw|Ceaseless Edge|p2a: Landorus\n|-damage|p2a: Landorus|81\/100\n|-sidestart|p2: fe\"zdger|Spikes\n|-enditem|p2a: Landorus|Eject Button\n|\n|t:|1699906909\n|switch|p2a: Politoed|Politoed, F|100\/100\n|-damage|p2a: Politoed|88\/100|[from] Spikes\n|-weather|RainDance|[from] ability: Drizzle|[of] p2a: Politoed\n|\n|-weather|RainDance|[upkeep]\n|upkeep\n|turn|2\n|\n|t:|1699906919\n|switch|p2a: Landorus|Landorus-Therian, M|81\/100\n|-ability|p2a: Landorus|Intimidate|boost\n|-unboost|p1a: Southpaw|atk|1\n|move|p1a: Southpaw|Ceaseless Edge|p2a: Landorus\n|-damage|p2a: Landorus|65\/100\n|-sidestart|p2: fe\"zdger|Spikes\n|\n|-weather|RainDance|[upkeep]\n|upkeep\n|turn|3\n|\n|t:|1699906925\n|move|p1a: Southpaw|Razor Shell|p2a: Landorus\n|-supereffective|p2a: Landorus\n|-crit|p2a: Landorus\n|-damage|p2a: Landorus|0 fnt\n|faint|p2a: Landorus\n|\n|-weather|RainDance|[upkeep]\n|upkeep\n|\n|t:|1699906931\n|switch|p2a: Rillaboom|Rillaboom, M|100\/100\n|-damage|p2a: Rillaboom|84\/100|[from] Spikes\n|-fieldstart|move: Grassy Terrain|[from] ability: Grassy Surge|[of] p2a: Rillaboom\n|turn|4\n|\n|t:|1699906935\n|move|p1a: Southpaw|Flip Turn|p2a: Rillaboom\n|-resisted|p2a: Rillaboom\n|-damage|p2a: Rillaboom|74\/100\n|\n|t:|1699906946\n|switch|p1a: Victor|Thundurus-Therian, M|100\/100|[from] Flip Turn\n|move|p2a: Rillaboom|U-turn|p1a: Victor\n|-resisted|p1a: Victor\n|-damage|p1a: Victor|69\/100\n|\n|t:|1699906962\n|switch|p2a: Greninja|Greninja, M|100\/100|[from] U-turn\n|-damage|p2a: Greninja|84\/100|[from] Spikes\n|\n|-weather|RainDance|[upkeep]\n|-heal|p2a: Greninja|90\/100|[from] Grassy Terrain\n|upkeep\n|turn|5\n|\n|t:|1699906971\n|move|p2a: Greninja|Ice Beam|p1a: Victor\n|-supereffective|p1a: Victor\n|-damage|p1a: Victor|0 fnt\n|faint|p1a: Victor\n|-ability|p2a: Greninja|Battle Bond|boost\n|-boost|p2a: Greninja|atk|1\n|-boost|p2a: Greninja|spa|1\n|-boost|p2a: Greninja|spe|1\n|-activate|p2a: Greninja|ability: Battle Bond\n|-damage|p2a: Greninja|80\/100|[from] item: Life Orb\n|\n|-weather|RainDance|[upkeep]\n|-heal|p2a: Greninja|86\/100|[from] Grassy Terrain\n|upkeep\n|\n|t:|1699906998\n|switch|p1a: Jets|Slither Wing|100\/100\n|turn|6\n|\n|t:|1699907011\n|-terastallize|p2a: Greninja|Poison\n|move|p1a: Jets|First Impression|p2a: Greninja\n|-resisted|p2a: Greninja\n|-damage|p2a: Greninja|50\/100\n|move|p2a: Greninja|Hydro Pump|p1a: Jets\n|-damage|p1a: Jets|0 fnt\n|faint|p1a: Jets\n|-end|p1a: Jets|Protosynthesis|[silent]\n|-damage|p2a: Greninja|40\/100|[from] item: Life Orb\n|\n|-weather|RainDance|[upkeep]\n|-heal|p2a: Greninja|46\/100|[from] Grassy Terrain\n|upkeep\n|\n|t:|1699907023\n|switch|p1a: Vera|Volcanion|100\/100\n|turn|7\n|\n|t:|1699907029\n|move|p2a: Greninja|Gunk Shot|p1a: Vera\n|-damage|p1a: Vera|36\/100\n|-damage|p2a: Greninja|36\/100|[from] item: Life Orb\n|move|p1a: Vera|Earth Power|p2a: Greninja\n|-supereffective|p2a: Greninja\n|-damage|p2a: Greninja|0 fnt\n|faint|p2a: Greninja\n|\n|-weather|RainDance|[upkeep]\n|-heal|p1a: Vera|42\/100|[from] Grassy Terrain\n|upkeep\n|\n|t:|1699907032\n|switch|p2a: Iron Jugulis|Iron Jugulis|100\/100\n|-enditem|p2a: Iron Jugulis|Booster Energy\n|-activate|p2a: Iron Jugulis|ability: Quark Drive|[fromitem]\n|-start|p2a: Iron Jugulis|quarkdrivespe\n|turn|8\n|\n|t:|1699907047\n|-terastallize|p1a: Vera|Ground\n|move|p2a: Iron Jugulis|Earth Power|p1a: Vera\n|-damage|p1a: Vera|20\/100\n|move|p1a: Vera|Hydro Pump|p2a: Iron Jugulis\n|-damage|p2a: Iron Jugulis|0 fnt\n|faint|p2a: Iron Jugulis\n|-end|p2a: Iron Jugulis|Quark Drive|[silent]\n|\n|-weather|none\n|-heal|p1a: Vera|26\/100|[from] Grassy Terrain\n|-fieldend|move: Grassy Terrain\n|upkeep\n|\n|t:|1699907053\n|switch|p2a: Politoed|Politoed, F|88\/100\n|-damage|p2a: Politoed|71\/100|[from] Spikes\n|-weather|RainDance|[from] ability: Drizzle|[of] p2a: Politoed\n|turn|9\n|\n|t:|1699907065\n|move|p2a: Politoed|Hypnosis|p1a: Vera\n|-status|p1a: Vera|slp|[from] move: Hypnosis\n|cant|p1a: Vera|slp\n|\n|-weather|RainDance|[upkeep]\n|upkeep\n|turn|10\n|\n|t:|1699907068\n|switch|p2a: Rillaboom|Rillaboom, M|74\/100\n|-damage|p2a: Rillaboom|58\/100|[from] Spikes\n|-fieldstart|move: Grassy Terrain|[from] ability: Grassy Surge|[of] p2a: Rillaboom\n|-curestatus|p1a: Vera|slp|[msg]\n|move|p1a: Vera|Sludge Bomb|p2a: Rillaboom\n|-supereffective|p2a: Rillaboom\n|-damage|p2a: Rillaboom|0 fnt\n|faint|p2a: Rillaboom\n|\n|-weather|RainDance|[upkeep]\n|-heal|p1a: Vera|32\/100|[from] Grassy Terrain\n|upkeep\n|\n|t:|1699907070\n|switch|p2a: Basculegion|Basculegion, M|100\/100\n|-damage|p2a: Basculegion|84\/100|[from] Spikes\n|turn|11\n|\n|t:|1699907085\n|move|p2a: Basculegion|Ice Fang|p1a: Vera\n|-supereffective|p1a: Vera\n|-crit|p1a: Vera\n|-damage|p1a: Vera|0 fnt\n|faint|p1a: Vera\n|\n|-weather|RainDance|[upkeep]\n|-heal|p2a: Basculegion|90\/100|[from] Grassy Terrain\n|upkeep\n|\n|t:|1699907093\n|switch|p1a: Torque|Torkoal, F|100\/100\n|-weather|SunnyDay|[from] ability: Drought|[of] p1a: Torque\n|turn|12\n|\n|t:|1699907110\n|switch|p2a: Politoed|Politoed, F|71\/100\n|-damage|p2a: Politoed|55\/100|[from] Spikes\n|-weather|RainDance|[from] ability: Drizzle|[of] p2a: Politoed\n|switch|p1a: Trevor.|Trevenant, M|100\/100\n|\n|-weather|RainDance|[upkeep]\n|-heal|p2a: Politoed|61\/100|[from] Grassy Terrain\n|upkeep\n|turn|13\n|\n|t:|1699907120\n|move|p2a: Politoed|Hypnosis|p1a: Trevor.\n|-status|p1a: Trevor.|slp|[from] move: Hypnosis\n|cant|p1a: Trevor.|slp\n|\n|-weather|RainDance|[upkeep]\n|-heal|p2a: Politoed|67\/100|[from] Grassy Terrain\n|upkeep\n|turn|14\n|\n|t:|1699907123\n|move|p2a: Politoed|Surf|p1a: Trevor.\n|-resisted|p1a: Trevor.\n|-damage|p1a: Trevor.|76\/100 slp\n|cant|p1a: Trevor.|slp\n|\n|-weather|RainDance|[upkeep]\n|-heal|p2a: Politoed|73\/100|[from] Grassy Terrain\n|-heal|p1a: Trevor.|83\/100 slp|[from] Grassy Terrain\n|-fieldend|move: Grassy Terrain\n|upkeep\n|turn|15\n|\n|t:|1699907129\n|switch|p2a: Basculegion|Basculegion, M|90\/100\n|-damage|p2a: Basculegion|73\/100|[from] Spikes\n|-curestatus|p1a: Trevor.|slp|[msg]\n|move|p1a: Trevor.|Horn Leech|p2a: Basculegion\n|-supereffective|p2a: Basculegion\n|-damage|p2a: Basculegion|0 fnt\n|-heal|p1a: Trevor.|100\/100|[from] drain|[of] p2a: Basculegion\n|faint|p2a: Basculegion\n|\n|-weather|RainDance|[upkeep]\n|upkeep\n|l|\u2606fe\"zdger\n|inactive|fe\"zdger disconnected and has a minute to reconnect!\n|player|p2|\n|c|\u2606draftleaguedave|lmao\n|inactive|fe\"zdger has 30 seconds to reconnect!\n|inactive|fe\"zdger has 20 seconds to reconnect!\n|inactive|fe\"zdger has 15 seconds to reconnect!\n|inactive|fe\"zdger has 10 seconds to reconnect!\n|inactive|fe\"zdger has 5 seconds to reconnect!\n|-message|fe\"zdger lost due to inactivity.\n|\n|win|draftleaguedave\n|raw|draftleaguedave's rating: 1108 &rarr; <strong>1125<\/strong><br \/>(+17 for winning)\n|raw|fe&quot;zdger's rating: 1000 &rarr; <strong>1000<\/strong><br \/>(+0 for losing)\n","uploadtime":1699907199,"views":20,"p1id":"draftleaguedave","p2id":"fezdger","formatid":"gen9ou","rating":1000,"private":0,"password":""}