{"id":"gen9ou-1995215041","p1":"failwifeFurina","p2":"The_App15","format":"[Gen 9] OU","log":"|j|\u2606failwifeFurina\n|j|\u2606The_App15\n|t:|1700535571\n|gametype|singles\n|player|p1|failwifeFurina|lisia|1437\n|player|p2|The_App15|ethan|1333\n|teamsize|p1|6\n|teamsize|p2|6\n|gen|9\n|tier|[Gen 9] OU\n|rated|\n|rule|Sleep Clause Mod: Limit one foe put to sleep\n|rule|Species Clause: Limit one of each Pok\u00e9mon\n|rule|OHKO Clause: OHKO moves are banned\n|rule|Evasion Items Clause: Evasion items are banned\n|rule|Evasion Moves Clause: Evasion moves are banned\n|rule|Endless Battle Clause: Forcing endless battles is banned\n|rule|HP Percentage Mod: HP is shown in percentages\n|clearpoke\n|poke|p1|Kingambit, M|\n|poke|p1|Glimmora, F|\n|poke|p1|Zamazenta-*|\n|poke|p1|Iron Valiant|\n|poke|p1|Iron Moth|\n|poke|p1|Ogerpon-Wellspring, F|\n|poke|p2|Iron Valiant|\n|poke|p2|Ting-Lu|\n|poke|p2|Gholdengo|\n|poke|p2|Great Tusk|\n|poke|p2|Slowking-Galar, F|\n|poke|p2|Zapdos|\n|teampreview\n|inactive|Battle timer is ON: inactive players will automatically lose when time's up. (requested by The_App15)\n|\n|t:|1700535585\n|start\n|switch|p1a: Glimmora|Glimmora, F|100\/100\n|switch|p2a: Ting-Lu|Ting-Lu|100\/100\n|-ability|p2a: Ting-Lu|Vessel of Ruin\n|turn|1\n|\n|t:|1700535592\n|move|p1a: Glimmora|Stealth Rock|p2a: Ting-Lu\n|-sidestart|p2: The_App15|move: Stealth Rock\n|move|p2a: Ting-Lu|Spikes|p1a: Glimmora\n|-sidestart|p1: failwifeFurina|Spikes\n|\n|upkeep\n|turn|2\n|\n|t:|1700535600\n|move|p1a: Glimmora|Mortal Spin|p2a: Ting-Lu\n|-resisted|p2a: Ting-Lu\n|-damage|p2a: Ting-Lu|99\/100\n|-status|p2a: Ting-Lu|psn\n|-sideend|p1: failwifeFurina|Spikes|[from] move: Mortal Spin|[of] p1a: Glimmora\n|move|p2a: Ting-Lu|Ruination|p1a: Glimmora\n|-damage|p1a: Glimmora|51\/100\n|\n|-heal|p2a: Ting-Lu|100\/100 psn|[from] item: Leftovers\n|-damage|p2a: Ting-Lu|88\/100 psn|[from] psn\n|upkeep\n|turn|3\n|\n|t:|1700535608\n|move|p1a: Glimmora|Earth Power|p2a: Ting-Lu\n|-damage|p2a: Ting-Lu|75\/100 psn\n|move|p2a: Ting-Lu|Spikes|p1a: Glimmora\n|-sidestart|p1: failwifeFurina|Spikes\n|\n|-heal|p2a: Ting-Lu|81\/100 psn|[from] item: Leftovers\n|-damage|p2a: Ting-Lu|69\/100 psn|[from] psn\n|upkeep\n|turn|4\n|\n|t:|1700535611\n|move|p1a: Glimmora|Mortal Spin|p2a: Ting-Lu\n|-resisted|p2a: Ting-Lu\n|-damage|p2a: Ting-Lu|67\/100 psn\n|-sideend|p1: failwifeFurina|Spikes|[from] move: Mortal Spin|[of] p1a: Glimmora\n|move|p2a: Ting-Lu|Earthquake|p1a: Glimmora\n|-supereffective|p1a: Glimmora\n|-damage|p1a: Glimmora|0 fnt\n|-activate|p1a: Glimmora|ability: Toxic Debris\n|-sidestart|p2: The_App15|move: Toxic Spikes\n|faint|p1a: Glimmora\n|\n|-heal|p2a: Ting-Lu|73\/100 psn|[from] item: Leftovers\n|-damage|p2a: Ting-Lu|61\/100 psn|[from] psn\n|upkeep\n|\n|t:|1700535617\n|switch|p1a: Ogerpon|Ogerpon-Wellspring, F|100\/100\n|turn|5\n|\n|t:|1700535635\n|switch|p2a: Slowking|Slowking-Galar, F|100\/100\n|-sideend|p2: The_App15|move: Toxic Spikes|[of] p2a: Slowking\n|move|p1a: Ogerpon|Ivy Cudgel|p2a: Slowking|[anim] Ivy Cudgel Water\n|-damage|p2a: Slowking|61\/100\n|\n|upkeep\n|turn|6\n|\n|t:|1700535644\n|switch|p1a: Kingambit|Kingambit, M|100\/100\n|-activate|p1a: Kingambit|ability: Supreme Overlord\n|-start|p1a: Kingambit|fallen1|[silent]\n|move|p2a: Slowking|Sludge Bomb|p1a: Kingambit\n|-immune|p1a: Kingambit\n|\n|upkeep\n|turn|7\n|\n|t:|1700535655\n|switch|p2a: Great Tusk|Great Tusk|100\/100\n|-damage|p2a: Great Tusk|98\/100|[from] Stealth Rock\n|move|p1a: Kingambit|Iron Head|p2a: Great Tusk\n|-damage|p2a: Great Tusk|74\/100\n|-damage|p1a: Kingambit|84\/100|[from] item: Rocky Helmet|[of] p2a: Great Tusk\n|\n|upkeep\n|turn|8\n|\n|t:|1700535663\n|-end|p1a: Kingambit|fallen1|[silent]\n|switch|p1a: Ogerpon|Ogerpon-Wellspring, F|100\/100\n|move|p2a: Great Tusk|Knock Off|p1a: Ogerpon\n|-damage|p1a: Ogerpon|74\/100\n|\n|upkeep\n|turn|9\n|\n|t:|1700535678\n|-end|p2a: Great Tusk|Protosynthesis|[silent]\n|switch|p2a: Slowking|Slowking-Galar, F|95\/100\n|move|p1a: Ogerpon|Swords Dance|p1a: Ogerpon\n|-boost|p1a: Ogerpon|atk|2\n|\n|upkeep\n|turn|10\n|\n|t:|1700535685\n|move|p1a: Ogerpon|Knock Off|p2a: Slowking\n|-supereffective|p2a: Slowking\n|-damage|p2a: Slowking|0 fnt\n|-enditem|p2a: Slowking|Heavy-Duty Boots|[from] move: Knock Off|[of] p1a: Ogerpon\n|faint|p2a: Slowking\n|\n|upkeep\n|\n|t:|1700535697\n|switch|p2a: Zapdos|Zapdos|100\/100\n|turn|11\n|\n|t:|1700535701\n|move|p1a: Ogerpon|Ivy Cudgel|p2a: Zapdos|[anim] Ivy Cudgel Water\n|-damage|p2a: Zapdos|3\/100\n|move|p2a: Zapdos|Hurricane|p1a: Ogerpon\n|-supereffective|p1a: Ogerpon\n|-damage|p1a: Ogerpon|0 fnt\n|faint|p1a: Ogerpon\n|\n|upkeep\n|\n|t:|1700535717\n|switch|p1a: Iron Moth|Iron Moth|100\/100\n|-enditem|p1a: Iron Moth|Booster Energy\n|-activate|p1a: Iron Moth|ability: Quark Drive|[fromitem]\n|-start|p1a: Iron Moth|quarkdrivespe\n|turn|12\n|\n|t:|1700535724\n|move|p1a: Iron Moth|Fiery Dance|p2a: Zapdos\n|-damage|p2a: Zapdos|0 fnt\n|faint|p2a: Zapdos\n|\n|upkeep\n|\n|t:|1700535745\n|switch|p2a: Ting-Lu|Ting-Lu|61\/100 psn\n|-damage|p2a: Ting-Lu|55\/100 psn|[from] Stealth Rock\n|-ability|p2a: Ting-Lu|Vessel of Ruin\n|turn|13\n|\n|t:|1700535757\n|-terastallize|p1a: Iron Moth|Fairy\n|-terastallize|p2a: Ting-Lu|Poison\n|move|p1a: Iron Moth|Dazzling Gleam|p2a: Ting-Lu\n|-resisted|p2a: Ting-Lu\n|-damage|p2a: Ting-Lu|46\/100 psn\n|move|p2a: Ting-Lu|Earthquake|p1a: Iron Moth\n|-damage|p1a: Iron Moth|56\/100\n|\n|-heal|p2a: Ting-Lu|53\/100 psn|[from] item: Leftovers\n|-damage|p2a: Ting-Lu|40\/100 psn|[from] psn\n|upkeep\n|turn|14\n|\n|t:|1700535769\n|move|p1a: Iron Moth|Fiery Dance|p2a: Ting-Lu\n|-damage|p2a: Ting-Lu|23\/100 psn\n|move|p2a: Ting-Lu|Earthquake|p1a: Iron Moth\n|-damage|p1a: Iron Moth|5\/100\n|\n|-heal|p2a: Ting-Lu|29\/100 psn|[from] item: Leftovers\n|-damage|p2a: Ting-Lu|16\/100 psn|[from] psn\n|upkeep\n|turn|15\n|\n|t:|1700535776\n|move|p1a: Iron Moth|Fiery Dance|p2a: Ting-Lu\n|-damage|p2a: Ting-Lu|0 fnt\n|-boost|p1a: Iron Moth|spa|1\n|faint|p2a: Ting-Lu\n|\n|upkeep\n|\n|t:|1700535787\n|switch|p2a: Iron Valiant|Iron Valiant|100\/100\n|-damage|p2a: Iron Valiant|94\/100|[from] Stealth Rock\n|-enditem|p2a: Iron Valiant|Booster Energy\n|-activate|p2a: Iron Valiant|ability: Quark Drive|[fromitem]\n|-start|p2a: Iron Valiant|quarkdrivespe\n|turn|16\n|inactive|The_App15 has 120 seconds left.\n|\n|t:|1700535821\n|move|p2a: Iron Valiant|Spirit Break|p1a: Iron Moth\n|-damage|p1a: Iron Moth|0 fnt\n|faint|p1a: Iron Moth\n|-end|p1a: Iron Moth|Quark Drive|[silent]\n|\n|upkeep\n|\n|t:|1700535831\n|switch|p1a: Zamazenta|Zamazenta, shiny|100\/100\n|-ability|p1a: Zamazenta|Dauntless Shield|boost\n|-boost|p1a: Zamazenta|def|1\n|turn|17\n|inactive|The_App15 has 120 seconds left.\n|\n|t:|1700535843\n|move|p2a: Iron Valiant|Swords Dance|p2a: Iron Valiant\n|-boost|p2a: Iron Valiant|atk|2\n|move|p1a: Zamazenta|Iron Defense|p1a: Zamazenta\n|-boost|p1a: Zamazenta|def|2\n|\n|upkeep\n|turn|18\n|\n|t:|1700535847\n|move|p2a: Iron Valiant|Encore|p1a: Zamazenta\n|-start|p1a: Zamazenta|Encore\n|move|p1a: Zamazenta|Iron Defense|p1a: Zamazenta\n|-boost|p1a: Zamazenta|def|2\n|\n|upkeep\n|turn|19\n|\n|t:|1700535850\n|move|p2a: Iron Valiant|Swords Dance|p2a: Iron Valiant\n|-boost|p2a: Iron Valiant|atk|2\n|move|p1a: Zamazenta|Iron Defense|p1a: Zamazenta\n|-boost|p1a: Zamazenta|def|1\n|\n|upkeep\n|turn|20\n|\n|t:|1700535856\n|move|p2a: Iron Valiant|Swords Dance|p2a: Iron Valiant\n|-boost|p2a: Iron Valiant|atk|2\n|move|p1a: Zamazenta|Iron Defense|p1a: Zamazenta\n|-boost|p1a: Zamazenta|def|0\n|\n|-end|p1a: Zamazenta|Encore\n|upkeep\n|turn|21\n|\n|t:|1700535860\n|move|p2a: Iron Valiant|Encore|p1a: Zamazenta\n|-start|p1a: Zamazenta|Encore\n|move|p1a: Zamazenta|Iron Defense|p1a: Zamazenta\n|-boost|p1a: Zamazenta|def|0\n|\n|upkeep\n|turn|22\n|\n|t:|1700535868\n|move|p2a: Iron Valiant|Spirit Break|p1a: Zamazenta\n|-supereffective|p1a: Zamazenta\n|-damage|p1a: Zamazenta|32\/100\n|-unboost|p1a: Zamazenta|spa|1\n|move|p1a: Zamazenta|Iron Defense|p1a: Zamazenta\n|-boost|p1a: Zamazenta|def|0\n|\n|-heal|p1a: Zamazenta|38\/100|[from] item: Leftovers\n|upkeep\n|turn|23\n|\n|t:|1700535874\n|move|p2a: Iron Valiant|Spirit Break|p1a: Zamazenta\n|-supereffective|p1a: Zamazenta\n|-damage|p1a: Zamazenta|0 fnt\n|faint|p1a: Zamazenta\n|\n|upkeep\n|\n|t:|1700535876\n|switch|p1a: Iron Valiant|Iron Valiant|100\/100\n|-enditem|p1a: Iron Valiant|Booster Energy\n|-activate|p1a: Iron Valiant|ability: Quark Drive|[fromitem]\n|-start|p1a: Iron Valiant|quarkdrivespe\n|turn|24\n|\n|t:|1700535884\n|move|p1a: Iron Valiant|Moonblast|p2a: Iron Valiant\n|-supereffective|p2a: Iron Valiant\n|-damage|p2a: Iron Valiant|0 fnt\n|faint|p2a: Iron Valiant\n|-end|p2a: Iron Valiant|Quark Drive|[silent]\n|\n|upkeep\n|\n|t:|1700535889\n|switch|p2a: Gholdengo|Gholdengo|100\/100\n|-damage|p2a: Gholdengo|94\/100|[from] Stealth Rock\n|-item|p2a: Gholdengo|Air Balloon\n|turn|25\n|\n|t:|1700535895\n|-end|p1a: Iron Valiant|Quark Drive|[silent]\n|switch|p1a: Kingambit|Kingambit, M|84\/100\n|-activate|p1a: Kingambit|ability: Supreme Overlord\n|-start|p1a: Kingambit|fallen4|[silent]\n|move|p2a: Gholdengo|Make It Rain|p1a: Kingambit\n|-resisted|p1a: Kingambit\n|-damage|p1a: Kingambit|47\/100\n|-unboost|p2a: Gholdengo|spa|1\n|\n|upkeep\n|turn|26\n|\n|t:|1700535904\n|switch|p2a: Great Tusk|Great Tusk|74\/100\n|-damage|p2a: Great Tusk|71\/100|[from] Stealth Rock\n|move|p1a: Kingambit|Iron Head|p2a: Great Tusk\n|-damage|p2a: Great Tusk|41\/100\n|-damage|p1a: Kingambit|31\/100|[from] item: Rocky Helmet|[of] p2a: Great Tusk\n|\n|upkeep\n|turn|27\n|\n|t:|1700535915\n|-end|p1a: Kingambit|fallen4|[silent]\n|switch|p1a: Iron Valiant|Iron Valiant|100\/100\n|move|p2a: Great Tusk|Rapid Spin|p1a: Iron Valiant\n|-damage|p1a: Iron Valiant|81\/100\n|-boost|p2a: Great Tusk|spe|1\n|-sideend|p2: The_App15|Stealth Rock|[from] move: Rapid Spin|[of] p2a: Great Tusk\n|\n|upkeep\n|turn|28\n|\n|t:|1700535919\n|move|p1a: Iron Valiant|Moonblast|p2a: Great Tusk\n|-supereffective|p2a: Great Tusk\n|-damage|p2a: Great Tusk|0 fnt\n|faint|p2a: Great Tusk\n|-end|p2a: Great Tusk|Protosynthesis|[silent]\n|\n|upkeep\n|\n|t:|1700535923\n|switch|p2a: Gholdengo|Gholdengo|94\/100\n|-item|p2a: Gholdengo|Air Balloon\n|turn|29\n|\n|t:|1700535931\n|move|p1a: Iron Valiant|Hypnosis|p2a: Gholdengo\n|-immune|p2a: Gholdengo|[from] ability: Good as Gold\n|move|p2a: Gholdengo|Nasty Plot|p2a: Gholdengo\n|-boost|p2a: Gholdengo|spa|2\n|\n|upkeep\n|turn|30\n|\n|t:|1700535939\n|move|p1a: Iron Valiant|Moonblast|p2a: Gholdengo\n|-resisted|p2a: Gholdengo\n|-damage|p2a: Gholdengo|70\/100\n|-enditem|p2a: Gholdengo|Air Balloon\n|move|p2a: Gholdengo|Make It Rain|p1a: Iron Valiant\n|-supereffective|p1a: Iron Valiant\n|-damage|p1a: Iron Valiant|0 fnt\n|-unboost|p2a: Gholdengo|spa|1\n|faint|p1a: Iron Valiant\n|-end|p1a: Iron Valiant|Quark Drive|[silent]\n|\n|upkeep\n|\n|t:|1700535943\n|switch|p1a: Kingambit|Kingambit, M|31\/100\n|-activate|p1a: Kingambit|ability: Supreme Overlord\n|-start|p1a: Kingambit|fallen5|[silent]\n|turn|31\n|\n|t:|1700535949\n|move|p2a: Gholdengo|Make It Rain|p1a: Kingambit\n|-resisted|p1a: Kingambit\n|-damage|p1a: Kingambit|0 fnt\n|-unboost|p2a: Gholdengo|spa|1\n|faint|p1a: Kingambit\n|-end|p1a: Kingambit|fallen5|[silent]\n|\n|win|The_App15\n|raw|failwifeFurina's rating: 1437 &rarr; <strong>1411<\/strong><br \/>(-26 for losing)\n|raw|The_App15's rating: 1333 &rarr; <strong>1359<\/strong><br \/>(+26 for winning)\n|l|\u2606failwifeFurina\n","uploadtime":1700536086,"views":15,"p1id":"failwifefurina","p2id":"theapp15","formatid":"gen9ou","rating":1359,"private":0,"password":""}