{"id":"gen9ou-1997753276","p1":"SDK04","p2":"ScizorDaGoat","format":"[Gen 9] OU","log":"|j|\u2606SDK04\n|j|\u2606ScizorDaGoat\n|t:|1700849007\n|gametype|singles\n|player|p1|SDK04|unknown|\n|player|p2|ScizorDaGoat|veteran|\n|teamsize|p1|6\n|teamsize|p2|6\n|gen|9\n|tier|[Gen 9] OU\n|rule|Sleep Clause Mod: Limit one foe put to sleep\n|rule|Species Clause: Limit one of each Pok\u00e9mon\n|rule|OHKO Clause: OHKO moves are banned\n|rule|Evasion Items Clause: Evasion items are banned\n|rule|Evasion Moves Clause: Evasion moves are banned\n|rule|Endless Battle Clause: Forcing endless battles is banned\n|rule|HP Percentage Mod: HP is shown in percentages\n|clearpoke\n|poke|p1|Munkidori, M|\n|poke|p1|Enamorus, F|\n|poke|p1|Rillaboom, M|\n|poke|p1|Dragonite, M|\n|poke|p1|Great Tusk|\n|poke|p1|Muk-Alola, M|\n|poke|p2|Iron Valiant|\n|poke|p2|Gholdengo|\n|poke|p2|Greninja-*, M|\n|poke|p2|Cinderace, M|\n|poke|p2|Grimmsnarl, M|\n|poke|p2|Dragonite, M|\n|teampreview\n|\n|t:|1700849014\n|start\n|switch|p1a: Mojo Jojo|Munkidori, M|100\/100\n|switch|p2a: Grimmsnarl|Grimmsnarl, M|100\/100\n|turn|1\n|inactive|Battle timer is ON: inactive players will automatically lose when time's up. (requested by SDK04)\n|\n|t:|1700849021\n|move|p2a: Grimmsnarl|Reflect|p2a: Grimmsnarl\n|-sidestart|p2: ScizorDaGoat|Reflect\n|move|p1a: Mojo Jojo|U-turn|p2a: Grimmsnarl\n|-damage|p2a: Grimmsnarl|94\/100\n|\n|t:|1700849025\n|switch|p1a: Sludge Villain|Muk-Alola, M|100\/100|[from] U-turn\n|\n|upkeep\n|turn|2\n|\n|t:|1700849030\n|move|p2a: Grimmsnarl|Parting Shot|p1a: Sludge Villain\n|-hint|Since gen 7, Dark is immune to Prankster moves.\n|-immune|p1a: Sludge Villain\n|move|p1a: Sludge Villain|Knock Off|p2a: Grimmsnarl\n|-resisted|p2a: Grimmsnarl\n|-damage|p2a: Grimmsnarl|89\/100\n|-enditem|p2a: Grimmsnarl|Light Clay|[from] move: Knock Off|[of] p1a: Sludge Villain\n|\n|upkeep\n|turn|3\n|\n|t:|1700849037\n|move|p2a: Grimmsnarl|Light Screen|p2a: Grimmsnarl\n|-sidestart|p2: ScizorDaGoat|move: Light Screen\n|move|p1a: Sludge Villain|Poison Jab|p2a: Grimmsnarl\n|-supereffective|p2a: Grimmsnarl\n|-damage|p2a: Grimmsnarl|53\/100\n|-status|p2a: Grimmsnarl|psn\n|\n|-damage|p2a: Grimmsnarl|40\/100 psn|[from] psn\n|upkeep\n|turn|4\n|\n|t:|1700849046\n|switch|p2a: Dragonite|Dragonite, M|100\/100\n|move|p1a: Sludge Villain|Knock Off|p2a: Dragonite\n|-damage|p2a: Dragonite|91\/100\n|-enditem|p2a: Dragonite|Heavy-Duty Boots|[from] move: Knock Off|[of] p1a: Sludge Villain\n|\n|upkeep\n|turn|5\n|\n|t:|1700849053\n|move|p2a: Dragonite|Dragon Dance|p2a: Dragonite\n|-boost|p2a: Dragonite|atk|1\n|-boost|p2a: Dragonite|spe|1\n|move|p1a: Sludge Villain|Knock Off|p2a: Dragonite\n|-damage|p2a: Dragonite|78\/100\n|\n|upkeep\n|turn|6\n|\n|t:|1700849059\n|switch|p1a: Mammoth|Great Tusk|100\/100\n|move|p2a: Dragonite|Dragon Dance|p2a: Dragonite\n|-boost|p2a: Dragonite|atk|1\n|-boost|p2a: Dragonite|spe|1\n|\n|upkeep\n|turn|7\n|\n|t:|1700849067\n|-terastallize|p2a: Dragonite|Normal\n|move|p2a: Dragonite|Extreme Speed|p1a: Mammoth\n|-damage|p1a: Mammoth|54\/100\n|-damage|p2a: Dragonite|61\/100|[from] item: Rocky Helmet|[of] p1a: Mammoth\n|move|p1a: Mammoth|Ice Spinner|p2a: Dragonite\n|-damage|p2a: Dragonite|50\/100\n|\n|-sideend|p2: ScizorDaGoat|move: Light Screen\n|upkeep\n|turn|8\n|\n|t:|1700849078\n|move|p2a: Dragonite|Dragon Dance|p2a: Dragonite\n|-boost|p2a: Dragonite|atk|1\n|-boost|p2a: Dragonite|spe|1\n|move|p1a: Mammoth|High Horsepower|p2a: Dragonite\n|-damage|p2a: Dragonite|26\/100\n|\n|-sideend|p2: ScizorDaGoat|Reflect\n|upkeep\n|turn|9\n|\n|t:|1700849086\n|move|p2a: Dragonite|Extreme Speed|p1a: Mammoth\n|-damage|p1a: Mammoth|0 fnt\n|-damage|p2a: Dragonite|9\/100|[from] item: Rocky Helmet|[of] p1a: Mammoth\n|faint|p1a: Mammoth\n|-end|p1a: Mammoth|Protosynthesis|[silent]\n|\n|upkeep\n|\n|t:|1700849097\n|switch|p1a: Kaido|Dragonite, M|100\/100\n|turn|10\n|\n|t:|1700849103\n|move|p2a: Dragonite|Extreme Speed|p1a: Kaido\n|-damage|p1a: Kaido|42\/100\n|move|p1a: Kaido|Extreme Speed|p2a: Dragonite\n|-damage|p2a: Dragonite|0 fnt\n|faint|p2a: Dragonite\n|\n|upkeep\n|\n|t:|1700849112\n|switch|p2a: Greninja|Greninja, M|100\/100\n|turn|11\n|\n|t:|1700849116\n|switch|p1a: Sludge Villain|Muk-Alola, M|100\/100\n|move|p2a: Greninja|Ice Beam|p1a: Sludge Villain\n|-damage|p1a: Sludge Villain|85\/100\n|\n|-heal|p1a: Sludge Villain|91\/100|[from] item: Black Sludge\n|upkeep\n|turn|12\n|\n|t:|1700849126\n|switch|p2a: Cinderace|Cinderace, M|100\/100\n|move|p1a: Sludge Villain|Knock Off|p2a: Cinderace\n|-damage|p2a: Cinderace|51\/100\n|-status|p2a: Cinderace|psn|[from] ability: Poison Touch|[of] p1a: Sludge Villain\n|-enditem|p2a: Cinderace|Choice Band|[from] move: Knock Off|[of] p1a: Sludge Villain\n|\n|-heal|p1a: Sludge Villain|97\/100|[from] item: Black Sludge\n|-damage|p2a: Cinderace|39\/100 psn|[from] psn\n|upkeep\n|turn|13\n|c|\u2606SDK04|#RIPBOZO\n|c|\u2606SDK04|Smoking that Fire furry pack\n|\n|t:|1700849148\n|move|p1a: Sludge Villain|Protect|p1a: Sludge Villain\n|-singleturn|p1a: Sludge Villain|Protect\n|move|p2a: Cinderace|Pyro Ball|p1a: Sludge Villain\n|-activate|p1a: Sludge Villain|move: Protect\n|\n|-heal|p1a: Sludge Villain|100\/100|[from] item: Black Sludge\n|-damage|p2a: Cinderace|27\/100 psn|[from] psn\n|upkeep\n|turn|14\n|j| SandVeil10\n|\n|t:|1700849170\n|move|p2a: Cinderace|Pyro Ball|p1a: Sludge Villain\n|-crit|p1a: Sludge Villain\n|-damage|p1a: Sludge Villain|11\/100\n|move|p1a: Sludge Villain|Drain Punch|p2a: Cinderace\n|-damage|p2a: Cinderace|0 fnt\n|-heal|p1a: Sludge Villain|21\/100|[from] drain|[of] p2a: Cinderace\n|faint|p2a: Cinderace\n|\n|-heal|p1a: Sludge Villain|27\/100|[from] item: Black Sludge\n|upkeep\n|\n|t:|1700849181\n|switch|p2a: Greninja|Greninja, M|100\/100\n|turn|15\n|\n|t:|1700849184\n|move|p1a: Sludge Villain|Protect|p1a: Sludge Villain\n|-singleturn|p1a: Sludge Villain|Protect\n|move|p2a: Greninja|Water Shuriken|p1a: Sludge Villain\n|-activate|p1a: Sludge Villain|move: Protect\n|\n|-heal|p1a: Sludge Villain|33\/100|[from] item: Black Sludge\n|upkeep\n|turn|16\n|\n|t:|1700849192\n|switch|p1a: Gorilla Grodd|Rillaboom, M, shiny|100\/100\n|-fieldstart|move: Grassy Terrain|[from] ability: Grassy Surge|[of] p1a: Gorilla Grodd\n|move|p2a: Greninja|Water Shuriken|p1a: Gorilla Grodd\n|-resisted|p1a: Gorilla Grodd\n|-damage|p1a: Gorilla Grodd|96\/100\n|-resisted|p1a: Gorilla Grodd\n|-damage|p1a: Gorilla Grodd|92\/100\n|-resisted|p1a: Gorilla Grodd\n|-damage|p1a: Gorilla Grodd|88\/100\n|-resisted|p1a: Gorilla Grodd\n|-damage|p1a: Gorilla Grodd|84\/100\n|-resisted|p1a: Gorilla Grodd\n|-damage|p1a: Gorilla Grodd|79\/100\n|-hitcount|p1a: Gorilla Grodd|5\n|\n|-heal|p1a: Gorilla Grodd|85\/100|[from] Grassy Terrain\n|upkeep\n|turn|17\n|\n|t:|1700849210\n|switch|p2a: Iron Valiant|Iron Valiant|100\/100\n|-enditem|p2a: Iron Valiant|Booster Energy\n|-activate|p2a: Iron Valiant|ability: Quark Drive|[fromitem]\n|-start|p2a: Iron Valiant|quarkdrivespe\n|move|p1a: Gorilla Grodd|Grassy Glide|p2a: Iron Valiant\n|-damage|p2a: Iron Valiant|48\/100\n|\n|-heal|p2a: Iron Valiant|54\/100|[from] Grassy Terrain\n|-heal|p1a: Gorilla Grodd|91\/100|[from] Grassy Terrain\n|upkeep\n|turn|18\n|\n|t:|1700849223\n|move|p1a: Gorilla Grodd|Grassy Glide|p2a: Iron Valiant\n|-damage|p2a: Iron Valiant|3\/100\n|move|p2a: Iron Valiant|Close Combat|p1a: Gorilla Grodd\n|-damage|p1a: Gorilla Grodd|26\/100\n|-unboost|p2a: Iron Valiant|def|1\n|-unboost|p2a: Iron Valiant|spd|1\n|\n|-heal|p2a: Iron Valiant|9\/100|[from] Grassy Terrain\n|-heal|p1a: Gorilla Grodd|32\/100|[from] Grassy Terrain\n|upkeep\n|turn|19\n|\n|t:|1700849236\n|-end|p2a: Iron Valiant|Quark Drive|[silent]\n|switch|p2a: Gholdengo|Gholdengo|100\/100\n|move|p1a: Gorilla Grodd|Grassy Glide|p2a: Gholdengo\n|-resisted|p2a: Gholdengo\n|-damage|p2a: Gholdengo|79\/100\n|\n|-heal|p1a: Gorilla Grodd|38\/100|[from] Grassy Terrain\n|-heal|p2a: Gholdengo|85\/100|[from] Grassy Terrain\n|upkeep\n|turn|20\n|\n|t:|1700849250\n|switch|p1a: Sludge Villain|Muk-Alola, M|33\/100\n|move|p2a: Gholdengo|Nasty Plot|p2a: Gholdengo\n|-boost|p2a: Gholdengo|spa|2\n|\n|-heal|p2a: Gholdengo|91\/100|[from] Grassy Terrain\n|-heal|p1a: Sludge Villain|39\/100|[from] Grassy Terrain\n|-heal|p1a: Sludge Villain|45\/100|[from] item: Black Sludge\n|-fieldend|move: Grassy Terrain\n|upkeep\n|turn|21\n|\n|t:|1700849260\n|move|p1a: Sludge Villain|Protect|p1a: Sludge Villain\n|-singleturn|p1a: Sludge Villain|Protect\n|move|p2a: Gholdengo|Make It Rain|p1a: Sludge Villain\n|-activate|p1a: Sludge Villain|move: Protect\n|\n|-heal|p1a: Sludge Villain|51\/100|[from] item: Black Sludge\n|upkeep\n|turn|22\n|\n|t:|1700849269\n|move|p2a: Gholdengo|Make It Rain|p1a: Sludge Villain\n|-damage|p1a: Sludge Villain|0 fnt\n|-unboost|p2a: Gholdengo|spa|1\n|faint|p1a: Sludge Villain\n|\n|upkeep\n|\n|t:|1700849275\n|switch|p1a: HIM|Enamorus, F|100\/100\n|turn|23\n|\n|t:|1700849280\n|move|p1a: HIM|Earth Power|p2a: Gholdengo\n|-supereffective|p2a: Gholdengo\n|-damage|p2a: Gholdengo|0 fnt\n|faint|p2a: Gholdengo\n|\n|upkeep\n|\n|t:|1700849292\n|switch|p2a: Greninja|Greninja, M|100\/100\n|turn|24\n|\n|t:|1700849302\n|switch|p1a: Mojo Jojo|Munkidori, M|100\/100\n|move|p2a: Greninja|Ice Beam|p1a: Mojo Jojo\n|-damage|p1a: Mojo Jojo|71\/100\n|\n|upkeep\n|turn|25\n|\n|t:|1700849310\n|move|p2a: Greninja|Water Shuriken|p1a: Mojo Jojo\n|-damage|p1a: Mojo Jojo|64\/100\n|-damage|p1a: Mojo Jojo|56\/100\n|-damage|p1a: Mojo Jojo|47\/100\n|-damage|p1a: Mojo Jojo|39\/100\n|-damage|p1a: Mojo Jojo|32\/100\n|-hitcount|p1a: Mojo Jojo|5\n|move|p1a: Mojo Jojo|U-turn|p2a: Greninja\n|-supereffective|p2a: Greninja\n|-damage|p2a: Greninja|65\/100\n|\n|t:|1700849320\n|switch|p1a: Kaido|Dragonite, M|42\/100|[from] U-turn\n|\n|upkeep\n|turn|26\n|c|\u2606SDK04|gg\n|c|\u2606SDK04|wp\n|\n|t:|1700849340\n|-terastallize|p1a: Kaido|Normal\n|move|p1a: Kaido|Extreme Speed|p2a: Greninja\n|-damage|p2a: Greninja|0 fnt\n|faint|p2a: Greninja\n|\n|upkeep\n|-message|ScizorDaGoat forfeited.\n|\n|win|SDK04\n|l|\u2606ScizorDaGoat\n","uploadtime":1700849351,"views":1,"p1id":"sdk04","p2id":"scizordagoat","formatid":"gen9ou","rating":0,"private":0,"password":""}