{"id":"gen9ou-1993199244","p1":"Hi Im Michael","p2":"rurei","format":"[Gen 9] OU","log":"|j|\u2606Hi Im Michael\n|j|\u2606rurei\n|t:|1700277032\n|gametype|singles\n|player|p1|Hi Im Michael|1|1011\n|player|p2|rurei|lucas|1000\n|teamsize|p1|4\n|teamsize|p2|6\n|gen|9\n|tier|[Gen 9] OU\n|rated|\n|rule|Sleep Clause Mod: Limit one foe put to sleep\n|rule|Species Clause: Limit one of each Pok\u00e9mon\n|rule|OHKO Clause: OHKO moves are banned\n|rule|Evasion Items Clause: Evasion items are banned\n|rule|Evasion Moves Clause: Evasion moves are banned\n|rule|Endless Battle Clause: Forcing endless battles is banned\n|rule|HP Percentage Mod: HP is shown in percentages\n|clearpoke\n|poke|p1|Pawmot, F|\n|poke|p1|Blissey, F|\n|poke|p1|Corviknight, M|\n|poke|p1|Toxapex, F|\n|poke|p2|Dondozo, M|\n|poke|p2|Gholdengo|\n|poke|p2|Samurott-Hisui, M|\n|poke|p2|Ceruledge, M|\n|poke|p2|Iron Valiant|\n|poke|p2|Corviknight, M|\n|teampreview\n|inactive|Battle timer is ON: inactive players will automatically lose when time's up. (requested by Hi Im Michael)\n|\n|t:|1700277036\n|start\n|switch|p1a: Blissey|Blissey, F|100\/100\n|switch|p2a: Samurott|Samurott-Hisui, M|100\/100\n|turn|1\n|\n|t:|1700277044\n|move|p2a: Samurott|Knock Off|p1a: Blissey\n|-damage|p1a: Blissey|22\/100\n|-damage|p2a: Samurott|91\/100|[from] item: Life Orb\n|move|p1a: Blissey|Calm Mind|p1a: Blissey\n|-boost|p1a: Blissey|spa|1\n|-boost|p1a: Blissey|spd|1\n|\n|upkeep\n|turn|2\n|c|\u2606Hi Im Michael|I\u2019m experimenting something\n|\n|t:|1700277054\n|move|p2a: Samurott|Aqua Jet|p1a: Blissey\n|-damage|p1a: Blissey|0 fnt\n|faint|p1a: Blissey\n|-damage|p2a: Samurott|81\/100|[from] item: Life Orb\n|\n|upkeep\n|\n|t:|1700277056\n|switch|p1a: Pawmot|Pawmot, F|100\/100\n|turn|3\n|\n|t:|1700277064\n|move|p1a: Pawmot|Revival Blessing|p1a: Pawmot\n|-enditem|p1a: Pawmot|Leppa Berry|[eat]\n|-activate|p1a: Pawmot|item: Leppa Berry|Revival Blessing|[consumed]\n|\n|t:|1700277066\n|-heal|p1: Blissey|50\/100|[from] move: Revival Blessing\n|move|p2a: Samurott|Ceaseless Edge|p1a: Pawmot\n|-resisted|p1a: Pawmot\n|-damage|p1a: Pawmot|70\/100\n|-sidestart|p1: Hi Im Michael|Spikes\n|-damage|p2a: Samurott|71\/100|[from] item: Life Orb\n|\n|upkeep\n|turn|4\n|\n|t:|1700277078\n|switch|p1a: Corviknight|Corviknight, M|100\/100\n|-ability|p1a: Corviknight|Pressure\n|move|p2a: Samurott|Aqua Jet|p1a: Corviknight\n|-damage|p1a: Corviknight|82\/100\n|-damage|p2a: Samurott|61\/100|[from] item: Life Orb\n|\n|upkeep\n|turn|5\n|\n|t:|1700277088\n|switch|p2a: Ceruledge|Ceruledge, M|100\/100\n|move|p1a: Corviknight|Body Press|p2a: Ceruledge\n|-immune|p2a: Ceruledge\n|\n|upkeep\n|turn|6\n|\n|t:|1700277096\n|move|p2a: Ceruledge|Bitter Blade|p1a: Corviknight\n|-supereffective|p1a: Corviknight\n|-damage|p1a: Corviknight|0 fnt\n|faint|p1a: Corviknight\n|-damage|p2a: Ceruledge|91\/100|[from] item: Life Orb\n|\n|upkeep\n|\n|t:|1700277098\n|switch|p1a: Pawmot|Pawmot, F|70\/100\n|-damage|p1a: Pawmot|57\/100|[from] Spikes\n|turn|7\n|\n|t:|1700277110\n|move|p2a: Ceruledge|Shadow Sneak|p1a: Pawmot\n|-damage|p1a: Pawmot|14\/100\n|-damage|p2a: Ceruledge|81\/100|[from] item: Life Orb\n|move|p1a: Pawmot|Revival Blessing|p1a: Pawmot\n|\n|t:|1700277115\n|-heal|p1: Corviknight|50\/100|[from] move: Revival Blessing\n|\n|upkeep\n|turn|8\n|\n|t:|1700277120\n|move|p1a: Pawmot|Agility|p1a: Pawmot\n|-boost|p1a: Pawmot|spe|2\n|move|p2a: Ceruledge|Bitter Blade|p1a: Pawmot\n|-damage|p1a: Pawmot|0 fnt\n|-heal|p2a: Ceruledge|87\/100|[from] drain|[of] p1a: Pawmot\n|faint|p1a: Pawmot\n|-damage|p2a: Ceruledge|77\/100|[from] item: Life Orb\n|\n|upkeep\n|\n|t:|1700277122\n|switch|p1a: Blissey|Blissey, F|50\/100\n|-damage|p1a: Blissey|38\/100|[from] Spikes\n|turn|9\n|\n|t:|1700277134\n|move|p2a: Ceruledge|Close Combat|p1a: Blissey\n|-supereffective|p1a: Blissey\n|-damage|p1a: Blissey|0 fnt\n|-unboost|p2a: Ceruledge|def|1\n|-unboost|p2a: Ceruledge|spd|1\n|faint|p1a: Blissey\n|-damage|p2a: Ceruledge|67\/100|[from] item: Life Orb\n|\n|upkeep\n|\n|t:|1700277138\n|switch|p1a: Toxapex|Toxapex, F|100\/100\n|-damage|p1a: Toxapex|88\/100|[from] Spikes\n|turn|10\n|\n|t:|1700277148\n|switch|p2a: Iron Valiant|Iron Valiant|100\/100\n|move|p1a: Toxapex|Baneful Bunker||[still]\n|-fail|p1a: Toxapex\n|\n|upkeep\n|turn|11\n|\n|t:|1700277154\n|move|p1a: Toxapex|Baneful Bunker|p1a: Toxapex\n|-singleturn|p1a: Toxapex|move: Protect\n|move|p2a: Iron Valiant|Thunderbolt|p1a: Toxapex\n|-activate|p1a: Toxapex|move: Protect\n|\n|upkeep\n|turn|12\n|\n|t:|1700277161\n|move|p1a: Toxapex|Baneful Bunker||[still]\n|-fail|p1a: Toxapex\n|move|p2a: Iron Valiant|Thunderbolt|p1a: Toxapex\n|-supereffective|p1a: Toxapex\n|-damage|p1a: Toxapex|16\/100\n|\n|upkeep\n|turn|13\n|\n|t:|1700277167\n|move|p1a: Toxapex|Baneful Bunker|p1a: Toxapex\n|-singleturn|p1a: Toxapex|move: Protect\n|move|p2a: Iron Valiant|Thunderbolt|p1a: Toxapex\n|-activate|p1a: Toxapex|move: Protect\n|\n|upkeep\n|turn|14\n|\n|t:|1700277173\n|move|p1a: Toxapex|Baneful Bunker|p1a: Toxapex\n|-singleturn|p1a: Toxapex|move: Protect\n|move|p2a: Iron Valiant|Thunderbolt|p1a: Toxapex\n|-activate|p1a: Toxapex|move: Protect\n|\n|upkeep\n|turn|15\n|\n|t:|1700277180\n|move|p1a: Toxapex|Baneful Bunker||[still]\n|-fail|p1a: Toxapex\n|move|p2a: Iron Valiant|Thunderbolt|p1a: Toxapex\n|-supereffective|p1a: Toxapex\n|-damage|p1a: Toxapex|0 fnt\n|faint|p1a: Toxapex\n|\n|upkeep\n|\n|t:|1700277185\n|switch|p1a: Corviknight|Corviknight, M|50\/100\n|-ability|p1a: Corviknight|Pressure\n|turn|16\n|\n|t:|1700277191\n|move|p2a: Iron Valiant|Thunderbolt|p1a: Corviknight\n|-supereffective|p1a: Corviknight\n|-damage|p1a: Corviknight|0 fnt\n|faint|p1a: Corviknight\n|\n|win|rurei\n|raw|Hi Im Michael's rating: 1011 &rarr; <strong>1000<\/strong><br \/>(-11 for losing)\n|raw|rurei's rating: 1000 &rarr; <strong>1041<\/strong><br \/>(+41 for winning)\n","uploadtime":1700277195,"views":23,"p1id":"hiimmichael","p2id":"rurei","formatid":"gen9ou","rating":1000,"private":0,"password":""}