{"id":"gen9ou-1995308607","p1":"Atrix MJ","p2":"Moldy kk","format":"[Gen 9] OU","log":"|j|\u2606Atrix MJ\n|j|\u2606Moldy kk\n|t:|1700551061\n|gametype|singles\n|player|p1|Atrix MJ|sada-ai|1423\n|player|p2|Moldy kk|hilbert-wonderlauncher|1444\n|teamsize|p1|6\n|teamsize|p2|6\n|gen|9\n|tier|[Gen 9] OU\n|rated|\n|rule|Sleep Clause Mod: Limit one foe put to sleep\n|rule|Species Clause: Limit one of each Pok\u00e9mon\n|rule|OHKO Clause: OHKO moves are banned\n|rule|Evasion Items Clause: Evasion items are banned\n|rule|Evasion Moves Clause: Evasion moves are banned\n|rule|Endless Battle Clause: Forcing endless battles is banned\n|rule|HP Percentage Mod: HP is shown in percentages\n|clearpoke\n|poke|p1|Tinkaton, F|\n|poke|p1|Rillaboom, M|\n|poke|p1|Zapdos|\n|poke|p1|Dragapult, F|\n|poke|p1|Samurott-Hisui, F|\n|poke|p1|Great Tusk|\n|poke|p2|Torkoal, F|\n|poke|p2|Walking Wake|\n|poke|p2|Lilligant-Hisui, F|\n|poke|p2|Ceruledge, M|\n|poke|p2|Great Tusk|\n|poke|p2|Hatterene, F|\n|teampreview\n|inactive|Battle timer is ON: inactive players will automatically lose when time's up. (requested by Atrix MJ)\n|j| TorterraMain\n|\n|t:|1700551082\n|start\n|switch|p1a: Samurott|Samurott-Hisui, F|100\/100\n|switch|p2a: Torkoal|Torkoal, F|100\/100\n|-weather|SunnyDay|[from] ability: Drought|[of] p2a: Torkoal\n|turn|1\n|\n|t:|1700551094\n|move|p1a: Samurott|Swords Dance|p1a: Samurott\n|-boost|p1a: Samurott|atk|2\n|move|p2a: Torkoal|Yawn|p1a: Samurott\n|-start|p1a: Samurott|move: Yawn|[of] p2a: Torkoal\n|\n|-weather|SunnyDay|[upkeep]\n|upkeep\n|turn|2\n|\n|t:|1700551099\n|move|p1a: Samurott|Flip Turn|p2a: Torkoal\n|-supereffective|p2a: Torkoal\n|-damage|p2a: Torkoal|67\/100\n|\n|t:|1700551105\n|switch|p1a: Dragapult|Dragapult, F|100\/100|[from] Flip Turn\n|move|p2a: Torkoal|Stealth Rock|p1a: Dragapult\n|-sidestart|p1: Atrix MJ|move: Stealth Rock\n|\n|-weather|SunnyDay|[upkeep]\n|upkeep\n|turn|3\n|\n|t:|1700551116\n|switch|p1a: Samurott|Samurott-Hisui, F|100\/100\n|-damage|p1a: Samurott|88\/100|[from] Stealth Rock\n|switch|p2a: Hatterene|Hatterene, F|100\/100\n|\n|-weather|SunnyDay|[upkeep]\n|-heal|p1a: Samurott|94\/100|[from] item: Leftovers\n|upkeep\n|turn|4\n|\n|t:|1700551122\n|move|p1a: Samurott|Flip Turn|p2a: Hatterene\n|-damage|p2a: Hatterene|84\/100\n|-enditem|p2a: Hatterene|Eject Button\n|\n|t:|1700551127\n|switch|p2a: Lilligant|Lilligant-Hisui, F|100\/100\n|\n|-weather|SunnyDay|[upkeep]\n|-heal|p1a: Samurott|100\/100|[from] item: Leftovers\n|upkeep\n|turn|5\n|\n|t:|1700551132\n|switch|p1a: Zapdos|Zapdos|100\/100\n|move|p2a: Lilligant|Swords Dance|p2a: Lilligant\n|-boost|p2a: Lilligant|atk|2\n|\n|-weather|SunnyDay|[upkeep]\n|upkeep\n|turn|6\n|\n|t:|1700551145\n|move|p2a: Lilligant|Ice Spinner|p1a: Zapdos\n|-supereffective|p1a: Zapdos\n|-damage|p1a: Zapdos|0 fnt\n|faint|p1a: Zapdos\n|\n|-weather|SunnyDay|[upkeep]\n|upkeep\n|\n|t:|1700551152\n|switch|p1a: Tinkaton|Tinkaton, F|100\/100\n|-damage|p1a: Tinkaton|94\/100|[from] Stealth Rock\n|turn|7\n|\n|t:|1700551158\n|-terastallize|p1a: Tinkaton|Flying\n|move|p2a: Lilligant|Solar Blade||[still]\n|-prepare|p2a: Lilligant|Solar Blade\n|-anim|p2a: Lilligant|Solar Blade|p1a: Tinkaton\n|-resisted|p1a: Tinkaton\n|-damage|p1a: Tinkaton|11\/100\n|move|p1a: Tinkaton|Play Rough|p2a: Lilligant\n|-supereffective|p2a: Lilligant\n|-enditem|p2a: Lilligant|Focus Sash\n|-damage|p2a: Lilligant|1\/100\n|\n|-weather|SunnyDay|[upkeep]\n|upkeep\n|turn|8\n|\n|t:|1700551174\n|move|p2a: Lilligant|Ice Spinner|p1a: Tinkaton\n|-supereffective|p1a: Tinkaton\n|-damage|p1a: Tinkaton|0 fnt\n|faint|p1a: Tinkaton\n|\n|-weather|none\n|upkeep\n|inactive|Atrix MJ has 120 seconds left.\n|\n|t:|1700551201\n|switch|p1a: Samurott|Samurott-Hisui, F|100\/100\n|-damage|p1a: Samurott|88\/100|[from] Stealth Rock\n|turn|9\n|\n|t:|1700551203\n|move|p1a: Samurott|Sucker Punch|p2a: Lilligant\n|-resisted|p2a: Lilligant\n|-damage|p2a: Lilligant|0 fnt\n|faint|p2a: Lilligant\n|\n|-heal|p1a: Samurott|94\/100|[from] item: Leftovers\n|upkeep\n|\n|t:|1700551206\n|switch|p2a: Torkoal|Torkoal, F|67\/100\n|-weather|SunnyDay|[from] ability: Drought|[of] p2a: Torkoal\n|turn|10\n|\n|t:|1700551211\n|switch|p2a: Walking Wake|Walking Wake|100\/100\n|-activate|p2a: Walking Wake|ability: Protosynthesis\n|-start|p2a: Walking Wake|protosynthesisspa\n|move|p1a: Samurott|Ceaseless Edge|p2a: Walking Wake\n|-damage|p2a: Walking Wake|50\/100\n|-sidestart|p2: Moldy kk|Spikes\n|\n|-weather|SunnyDay|[upkeep]\n|-heal|p1a: Samurott|100\/100|[from] item: Leftovers\n|upkeep\n|turn|11\n|\n|t:|1700551228\n|move|p1a: Samurott|Sucker Punch|p2a: Walking Wake\n|-damage|p2a: Walking Wake|13\/100\n|move|p2a: Walking Wake|Draco Meteor|p1a: Samurott\n|-damage|p1a: Samurott|0 fnt\n|-unboost|p2a: Walking Wake|spa|2\n|faint|p1a: Samurott\n|\n|-weather|SunnyDay|[upkeep]\n|upkeep\n|inactive|Atrix MJ has 120 seconds left.\n|inactive|Atrix MJ has 90 seconds left.\n|l| TorterraMain\n|inactive|Atrix MJ has 60 seconds left.\n|inactive|Atrix MJ has 30 seconds left.\n|inactive|Atrix MJ has 20 seconds left.\n|inactive|Atrix MJ has 15 seconds left.\n|inactive|Atrix MJ has 10 seconds left.\n|\n|t:|1700551362\n|switch|p1a: Dragapult|Dragapult, F|100\/100\n|-damage|p1a: Dragapult|88\/100|[from] Stealth Rock\n|turn|12\n|inactive|Atrix MJ has 20 seconds left this turn.\n|inactive|Atrix MJ has 15 seconds left.\n|\n|t:|1700551371\n|move|p1a: Dragapult|Hex|p2a: Walking Wake\n|-damage|p2a: Walking Wake|0 fnt\n|faint|p2a: Walking Wake\n|-end|p2a: Walking Wake|Protosynthesis|[silent]\n|\n|-weather|SunnyDay|[upkeep]\n|-heal|p1a: Dragapult|94\/100|[from] item: Leftovers\n|upkeep\n|inactive|Atrix MJ has 20 seconds left this turn.\n|\n|t:|1700551381\n|switch|p2a: Great Tusk|Great Tusk|100\/100\n|-damage|p2a: Great Tusk|88\/100|[from] Spikes\n|-activate|p2a: Great Tusk|ability: Protosynthesis\n|-start|p2a: Great Tusk|protosynthesisspe\n|turn|13\n|inactive|Atrix MJ has 30 seconds left this turn.\n|inactive|Atrix MJ has 20 seconds left.\n|inactive|Atrix MJ has 15 seconds left.\n|inactive|Atrix MJ has 10 seconds left.\n|inactive|Atrix MJ has 5 seconds left.\n|\n|t:|1700551408\n|switch|p1a: Great Tusk|Great Tusk|100\/100\n|-damage|p1a: Great Tusk|98\/100|[from] Stealth Rock\n|-activate|p1a: Great Tusk|ability: Protosynthesis\n|-start|p1a: Great Tusk|protosynthesisdef\n|move|p2a: Great Tusk|Knock Off|p1a: Great Tusk\n|-resisted|p1a: Great Tusk\n|-damage|p1a: Great Tusk|93\/100\n|-enditem|p1a: Great Tusk|Leftovers|[from] move: Knock Off|[of] p2a: Great Tusk\n|\n|-weather|SunnyDay|[upkeep]\n|-heal|p2a: Great Tusk|94\/100|[from] item: Leftovers\n|upkeep\n|turn|14\n|inactive|Atrix MJ has 15 seconds left this turn.\n|inactive|Atrix MJ has 10 seconds left.\n|\n|t:|1700551418\n|move|p2a: Great Tusk|Knock Off|p1a: Great Tusk\n|-resisted|p1a: Great Tusk\n|-damage|p1a: Great Tusk|89\/100\n|move|p1a: Great Tusk|Knock Off|p2a: Great Tusk\n|-resisted|p2a: Great Tusk\n|-damage|p2a: Great Tusk|86\/100\n|-enditem|p2a: Great Tusk|Leftovers|[from] move: Knock Off|[of] p1a: Great Tusk\n|\n|-weather|SunnyDay|[upkeep]\n|upkeep\n|turn|15\n|inactive|Atrix MJ has 20 seconds left this turn.\n|\n|t:|1700551421\n|move|p2a: Great Tusk|Rapid Spin|p1a: Great Tusk\n|-damage|p1a: Great Tusk|84\/100\n|-boost|p2a: Great Tusk|spe|1\n|-sideend|p2: Moldy kk|Spikes|[from] move: Rapid Spin|[of] p2a: Great Tusk\n|move|p1a: Great Tusk|Earthquake|p2a: Great Tusk\n|-damage|p2a: Great Tusk|56\/100\n|\n|-weather|SunnyDay|[upkeep]\n|upkeep\n|turn|16\n|inactive|Atrix MJ has 30 seconds left this turn.\n|inactive|Atrix MJ has 20 seconds left.\n|\n|t:|1700551433\n|move|p2a: Great Tusk|Ice Spinner|p1a: Great Tusk\n|-supereffective|p1a: Great Tusk\n|-damage|p1a: Great Tusk|67\/100\n|move|p1a: Great Tusk|Earthquake|p2a: Great Tusk\n|-damage|p2a: Great Tusk|27\/100\n|\n|-weather|SunnyDay|[upkeep]\n|upkeep\n|turn|17\n|inactive|Atrix MJ has 30 seconds left this turn.\n|\n|t:|1700551450\n|move|p2a: Great Tusk|Ice Spinner|p1a: Great Tusk\n|-supereffective|p1a: Great Tusk\n|-crit|p1a: Great Tusk\n|-damage|p1a: Great Tusk|42\/100\n|move|p1a: Great Tusk|Earthquake|p2a: Great Tusk\n|-damage|p2a: Great Tusk|2\/100\n|\n|-weather|none\n|-end|p2a: Great Tusk|Protosynthesis\n|-end|p1a: Great Tusk|Protosynthesis\n|upkeep\n|turn|18\n|inactive|Atrix MJ has 30 seconds left.\n|\n|t:|1700551466\n|move|p2a: Great Tusk|Ice Spinner|p1a: Great Tusk\n|-supereffective|p1a: Great Tusk\n|-damage|p1a: Great Tusk|18\/100\n|move|p1a: Great Tusk|Rapid Spin|p2a: Great Tusk\n|-damage|p2a: Great Tusk|0 fnt\n|-boost|p1a: Great Tusk|spe|1\n|-sideend|p1: Atrix MJ|Stealth Rock|[from] move: Rapid Spin|[of] p1a: Great Tusk\n|faint|p2a: Great Tusk\n|-end|p2a: Great Tusk|Protosynthesis|[silent]\n|\n|upkeep\n|inactive|Atrix MJ has 30 seconds left this turn.\n|\n|t:|1700551487\n|switch|p2a: Ceruledge|Ceruledge, M|100\/100\n|turn|19\n|inactive|Atrix MJ has 30 seconds left.\n|inactive|Atrix MJ has 20 seconds left.\n|inactive|Atrix MJ has 15 seconds left.\n|inactive|Atrix MJ has 10 seconds left.\n|\n|t:|1700551520\n|move|p2a: Ceruledge|Shadow Sneak|p1a: Great Tusk\n|-damage|p1a: Great Tusk|9\/100\n|move|p1a: Great Tusk|Knock Off|p2a: Ceruledge\n|-supereffective|p2a: Ceruledge\n|-damage|p2a: Ceruledge|22\/100\n|-ability|p2a: Ceruledge|Weak Armor|boost\n|-unboost|p2a: Ceruledge|def|1\n|-boost|p2a: Ceruledge|spe|2\n|-enditem|p2a: Ceruledge|Focus Sash|[from] move: Knock Off|[of] p1a: Great Tusk\n|\n|upkeep\n|turn|20\n|inactive|Atrix MJ has 20 seconds left this turn.\n|inactive|Atrix MJ has 15 seconds left.\n|inactive|Atrix MJ has 10 seconds left.\n|\n|t:|1700551533\n|move|p2a: Ceruledge|Bitter Blade|p1a: Great Tusk\n|-damage|p1a: Great Tusk|0 fnt\n|-heal|p2a: Ceruledge|28\/100|[from] drain|[of] p1a: Great Tusk\n|faint|p1a: Great Tusk\n|-end|p1a: Great Tusk|Protosynthesis|[silent]\n|\n|upkeep\n|inactive|Atrix MJ has 15 seconds left this turn.\n|inactive|Atrix MJ has 10 seconds left.\n|\n|t:|1700551541\n|switch|p1a: Rillaboom|Rillaboom, M|100\/100\n|-fieldstart|move: Grassy Terrain|[from] ability: Grassy Surge|[of] p1a: Rillaboom\n|turn|21\n|inactive|Atrix MJ has 20 seconds left this turn.\n|\n|t:|1700551548\n|switch|p2a: Torkoal|Torkoal, F|67\/100\n|-weather|SunnyDay|[from] ability: Drought|[of] p2a: Torkoal\n|move|p1a: Rillaboom|Grassy Glide|p2a: Torkoal\n|-resisted|p2a: Torkoal\n|-damage|p2a: Torkoal|55\/100\n|\n|-weather|SunnyDay|[upkeep]\n|-heal|p2a: Torkoal|61\/100|[from] Grassy Terrain\n|upkeep\n|turn|22\n|inactive|Atrix MJ has 30 seconds left this turn.\n|\n|t:|1700551552\n|switch|p1a: Dragapult|Dragapult, F|94\/100\n|move|p2a: Torkoal|Lava Plume|p1a: Dragapult\n|-resisted|p1a: Dragapult\n|-damage|p1a: Dragapult|71\/100\n|\n|-weather|SunnyDay|[upkeep]\n|-heal|p1a: Dragapult|77\/100|[from] Grassy Terrain\n|-heal|p1a: Dragapult|83\/100|[from] item: Leftovers\n|-heal|p2a: Torkoal|67\/100|[from] Grassy Terrain\n|upkeep\n|turn|23\n|\n|t:|1700551558\n|move|p1a: Dragapult|Hex|p2a: Torkoal\n|-damage|p2a: Torkoal|34\/100\n|move|p2a: Torkoal|Yawn|p1a: Dragapult\n|-start|p1a: Dragapult|move: Yawn|[of] p2a: Torkoal\n|\n|-weather|SunnyDay|[upkeep]\n|-heal|p1a: Dragapult|89\/100|[from] Grassy Terrain\n|-heal|p1a: Dragapult|95\/100|[from] item: Leftovers\n|-heal|p2a: Torkoal|40\/100|[from] Grassy Terrain\n|upkeep\n|turn|24\n|inactive|Atrix MJ has 30 seconds left.\n|\n|t:|1700551575\n|move|p1a: Dragapult|Hex|p2a: Torkoal\n|-damage|p2a: Torkoal|3\/100\n|move|p2a: Torkoal|Stealth Rock|p1a: Dragapult\n|-sidestart|p1: Atrix MJ|move: Stealth Rock\n|\n|-weather|SunnyDay|[upkeep]\n|-heal|p1a: Dragapult|100\/100|[from] Grassy Terrain\n|-heal|p2a: Torkoal|9\/100|[from] Grassy Terrain\n|-end|p1a: Dragapult|move: Yawn|[silent]\n|-status|p1a: Dragapult|slp\n|upkeep\n|turn|25\n|\n|t:|1700551582\n|switch|p2a: Hatterene|Hatterene, F|84\/100\n|cant|p1a: Dragapult|slp\n|\n|-weather|SunnyDay|[upkeep]\n|-heal|p2a: Hatterene|89\/100|[from] Grassy Terrain\n|upkeep\n|turn|26\n|inactive|Atrix MJ has 30 seconds left.\n|\n|t:|1700551599\n|cant|p1a: Dragapult|slp\n|move|p2a: Hatterene|Healing Wish|p2a: Hatterene\n|faint|p2a: Hatterene\n|\n|-weather|SunnyDay|[upkeep]\n|upkeep\n|\n|t:|1700551601\n|switch|p2a: Ceruledge|Ceruledge, M|28\/100\n|-heal|p2a: Ceruledge|100\/100|[from] move: Healing Wish\n|turn|27\n|inactive|Atrix MJ has 30 seconds left.\n|inactive|Atrix MJ has 20 seconds left.\n|inactive|Atrix MJ has 15 seconds left.\n|inactive|Atrix MJ has 10 seconds left.\n|\n|t:|1700551636\n|-curestatus|p1a: Dragapult|slp|[msg]\n|move|p1a: Dragapult|Thunder Wave|p2a: Ceruledge\n|-status|p2a: Ceruledge|par\n|move|p2a: Ceruledge|Swords Dance|p2a: Ceruledge\n|-boost|p2a: Ceruledge|atk|2\n|\n|-weather|SunnyDay|[upkeep]\n|upkeep\n|turn|28\n|inactive|Atrix MJ has 20 seconds left this turn.\n|inactive|Atrix MJ has 15 seconds left.\n|inactive|Atrix MJ has 10 seconds left.\n|inactive|Atrix MJ has 5 seconds left.\n|\n|t:|1700551655\n|move|p2a: Ceruledge|Shadow Sneak|p1a: Dragapult\n|-supereffective|p1a: Dragapult\n|-damage|p1a: Dragapult|0 fnt\n|faint|p1a: Dragapult\n|\n|-weather|none\n|-fieldend|move: Grassy Terrain\n|upkeep\n|inactive|Atrix MJ has 10 seconds left this turn.\n|\n|t:|1700551657\n|switch|p1a: Rillaboom|Rillaboom, M|100\/100\n|-damage|p1a: Rillaboom|88\/100|[from] Stealth Rock\n|-fieldstart|move: Grassy Terrain|[from] ability: Grassy Surge|[of] p1a: Rillaboom\n|turn|29\n|inactive|Atrix MJ has 20 seconds left this turn.\n|inactive|Atrix MJ has 15 seconds left.\n|\n|t:|1700551663\n|move|p1a: Rillaboom|Knock Off|p2a: Ceruledge\n|-supereffective|p2a: Ceruledge\n|-damage|p2a: Ceruledge|34\/100 par\n|-ability|p2a: Ceruledge|Weak Armor|boost\n|-unboost|p2a: Ceruledge|def|1\n|-boost|p2a: Ceruledge|spe|2\n|cant|p2a: Ceruledge|par\n|\n|-heal|p2a: Ceruledge|40\/100 par|[from] Grassy Terrain\n|-heal|p1a: Rillaboom|94\/100|[from] Grassy Terrain\n|upkeep\n|turn|30\n|inactive|Atrix MJ has 25 seconds left this turn.\n|inactive|Atrix MJ has 20 seconds left.\n|inactive|Atrix MJ has 15 seconds left.\n|inactive|Atrix MJ has 10 seconds left.\n|inactive|Atrix MJ has 5 seconds left.\n|\n|t:|1700551691\n|move|p2a: Ceruledge|Shadow Sneak|p1a: Rillaboom\n|-damage|p1a: Rillaboom|52\/100\n|move|p1a: Rillaboom|Knock Off|p2a: Ceruledge\n|-supereffective|p2a: Ceruledge\n|-damage|p2a: Ceruledge|0 fnt\n|faint|p2a: Ceruledge\n|\n|-heal|p1a: Rillaboom|58\/100|[from] Grassy Terrain\n|upkeep\n|inactive|Atrix MJ has 10 seconds left this turn.\n|\n|t:|1700551693\n|switch|p2a: Torkoal|Torkoal, F|9\/100\n|-weather|SunnyDay|[from] ability: Drought|[of] p2a: Torkoal\n|turn|31\n|inactive|Atrix MJ has 20 seconds left this turn.\n|\n|t:|1700551696\n|move|p1a: Rillaboom|Knock Off|p2a: Torkoal\n|-damage|p2a: Torkoal|0 fnt\n|-enditem|p2a: Torkoal|Heat Rock|[from] move: Knock Off|[of] p1a: Rillaboom\n|faint|p2a: Torkoal\n|\n|win|Atrix MJ\n|inactive|Atrix MJ has 25 seconds left this turn.\n|raw|Atrix MJ's rating: 1423 &rarr; <strong>1444<\/strong><br \/>(+21 for winning)\n|raw|Moldy kk's rating: 1444 &rarr; <strong>1423<\/strong><br \/>(-21 for losing)\n","uploadtime":1700551698,"views":3,"p1id":"atrixmj","p2id":"moldykk","formatid":"gen9ou","rating":1423,"private":0,"password":""}