{"id":"gen9ou-2000308314","p1":"ShizuOsaka","p2":"PLLV52 Macaxandre","format":"[Gen 9] OU","log":"|j|\u2606ShizuOsaka\n|j|\u2606PLLV52 Macaxandre\n|t:|1701183556\n|gametype|singles\n|player|p1|ShizuOsaka|lady|1678\n|player|p2|PLLV52 Macaxandre|cynthia-gen4|1801\n|teamsize|p1|6\n|teamsize|p2|6\n|gen|9\n|tier|[Gen 9] OU\n|rated|\n|rule|Sleep Clause Mod: Limit one foe put to sleep\n|rule|Species Clause: Limit one of each Pok\u00e9mon\n|rule|OHKO Clause: OHKO moves are banned\n|rule|Evasion Items Clause: Evasion items are banned\n|rule|Evasion Moves Clause: Evasion moves are banned\n|rule|Endless Battle Clause: Forcing endless battles is banned\n|rule|HP Percentage Mod: HP is shown in percentages\n|clearpoke\n|poke|p1|Toxtricity, M|\n|poke|p1|Ogerpon-Wellspring, F|\n|poke|p1|Cinderace, M|\n|poke|p1|Corviknight, M|\n|poke|p1|Landorus-Therian, M|\n|poke|p1|Enamorus, F|\n|poke|p2|Greninja-*, M|\n|poke|p2|Ogerpon-Cornerstone, F|\n|poke|p2|Hatterene, F|\n|poke|p2|Dragonite, M|\n|poke|p2|Gholdengo|\n|poke|p2|Glimmora, M|\n|teampreview\n|inactive|Battle timer is ON: inactive players will automatically lose when time's up. (requested by ShizuOsaka)\n|j| Hoot-hoot Shiny\n|\n|t:|1701183584\n|start\n|switch|p1a: Landorus|Landorus-Therian, M|100\/100\n|switch|p2a: Glimmora|Glimmora, M|100\/100\n|-ability|p1a: Landorus|Intimidate|boost\n|-unboost|p2a: Glimmora|atk|1\n|turn|1\n|\n|t:|1701183590\n|move|p1a: Landorus|Earthquake|p2a: Glimmora\n|-supereffective|p2a: Glimmora\n|-enditem|p2a: Glimmora|Focus Sash\n|-damage|p2a: Glimmora|1\/100\n|-activate|p2a: Glimmora|ability: Toxic Debris\n|-sidestart|p1: ShizuOsaka|move: Toxic Spikes\n|move|p2a: Glimmora|Stealth Rock|p1a: Landorus\n|-sidestart|p1: ShizuOsaka|move: Stealth Rock\n|\n|upkeep\n|turn|2\n|\n|t:|1701183600\n|switch|p2a: Gholdengo|Gholdengo|100\/100\n|-item|p2a: Gholdengo|Air Balloon\n|move|p1a: Landorus|Earthquake|p2a: Gholdengo\n|-immune|p2a: Gholdengo\n|\n|upkeep\n|turn|3\n|\n|t:|1701183610\n|move|p1a: Landorus|U-turn|p2a: Gholdengo\n|-resisted|p2a: Gholdengo\n|-damage|p2a: Gholdengo|95\/100\n|-enditem|p2a: Gholdengo|Air Balloon\n|j| Ashfak\n|\n|t:|1701183615\n|switch|p1a: Cinderace|Cinderace, M|100\/100|[from] U-turn\n|move|p2a: Gholdengo|Shadow Ball|p1a: Cinderace\n|-damage|p1a: Cinderace|42\/100\n|\n|upkeep\n|turn|4\n|\n|t:|1701183623\n|move|p1a: Cinderace|Court Change|p1a: Cinderace\n|-start|p1a: Cinderace|typechange|Normal|[from] ability: Libero\n|-swapsideconditions\n|-activate|p1a: Cinderace|move: Court Change\n|move|p2a: Gholdengo|Shadow Ball|p1a: Cinderace\n|-immune|p1a: Cinderace\n|\n|upkeep\n|turn|5\n|inactive|PLLV52 Macaxandre has 120 seconds left.\n|\n|t:|1701183671\n|switch|p2a: Glimmora|Glimmora, M|1\/100\n|-sideend|p2: PLLV52 Macaxandre|move: Toxic Spikes|[of] p2a: Glimmora\n|-damage|p2a: Glimmora|0 fnt|[from] Stealth Rock\n|faint|p2a: Glimmora\n|move|p1a: Cinderace|Pyro Ball|p2: Glimmora|[notarget]\n|-fail|p1a: Cinderace\n|\n|upkeep\n|\n|t:|1701183677\n|switch|p2a: Greninja|Greninja, M|100\/100\n|-damage|p2a: Greninja|88\/100|[from] Stealth Rock\n|turn|6\n|\n|t:|1701183690\n|switch|p1a: Ogerpon|Ogerpon-Wellspring, F|100\/100\n|move|p2a: Greninja|Dark Pulse|p1a: Ogerpon\n|-damage|p1a: Ogerpon|42\/100\n|-damage|p2a: Greninja|78\/100|[from] item: Life Orb\n|\n|upkeep\n|turn|7\n|inactive|PLLV52 Macaxandre has 120 seconds left.\n|\n|t:|1701183707\n|-terastallize|p1a: Ogerpon|Water\n|detailschange|p1a: Ogerpon|Ogerpon-Wellspring-Tera, F, tera:Water\n|-ability|p1a: Ogerpon|Embody Aspect (Wellspring)|boost\n|-boost|p1a: Ogerpon|spd|1\n|move|p2a: Greninja|Dark Pulse|p1a: Ogerpon\n|-damage|p1a: Ogerpon|8\/100\n|-damage|p2a: Greninja|69\/100|[from] item: Life Orb\n|move|p1a: Ogerpon|Horn Leech|p2a: Greninja\n|-supereffective|p2a: Greninja\n|-damage|p2a: Greninja|0 fnt\n|-heal|p1a: Ogerpon|40\/100|[from] drain|[of] p2a: Greninja\n|faint|p2a: Greninja\n|\n|upkeep\n|j| Tiranito\n|\n|t:|1701183722\n|switch|p2a: Dragonite|Dragonite, M|100\/100\n|-damage|p2a: Dragonite|75\/100|[from] Stealth Rock\n|turn|8\n|\n|t:|1701183727\n|switch|p1a: Corviknight|Corviknight, M|100\/100\n|-ability|p1a: Corviknight|Pressure\n|move|p2a: Dragonite|Dragon Dance|p2a: Dragonite\n|-boost|p2a: Dragonite|atk|1\n|-boost|p2a: Dragonite|spe|1\n|\n|-heal|p2a: Dragonite|82\/100|[from] item: Leftovers\n|upkeep\n|turn|9\n|\n|t:|1701183737\n|move|p2a: Dragonite|Dragon Dance|p2a: Dragonite\n|-boost|p2a: Dragonite|atk|1\n|-boost|p2a: Dragonite|spe|1\n|move|p1a: Corviknight|U-turn|p2a: Dragonite\n|-resisted|p2a: Dragonite\n|-damage|p2a: Dragonite|74\/100\n|\n|t:|1701183739\n|switch|p1a: Landorus|Landorus-Therian, M|100\/100|[from] U-turn\n|-ability|p1a: Landorus|Intimidate|boost\n|-unboost|p2a: Dragonite|atk|1\n|\n|-heal|p2a: Dragonite|81\/100|[from] item: Leftovers\n|upkeep\n|turn|10\n|\n|t:|1701183748\n|move|p2a: Dragonite|Roost|p2a: Dragonite\n|-heal|p2a: Dragonite|100\/100\n|-singleturn|p2a: Dragonite|move: Roost\n|move|p1a: Landorus|Rock Slide|p2a: Dragonite\n|-damage|p2a: Dragonite|89\/100\n|\n|-heal|p2a: Dragonite|95\/100|[from] item: Leftovers\n|upkeep\n|turn|11\n|inactive|PLLV52 Macaxandre has 120 seconds left.\n|\n|t:|1701183764\n|move|p2a: Dragonite|Dragon Dance|p2a: Dragonite\n|-boost|p2a: Dragonite|atk|1\n|-boost|p2a: Dragonite|spe|1\n|move|p1a: Landorus|Rock Slide|p2a: Dragonite|[miss]\n|-miss|p1a: Landorus|p2a: Dragonite\n|\n|-heal|p2a: Dragonite|100\/100|[from] item: Leftovers\n|upkeep\n|turn|12\n|\n|t:|1701183773\n|move|p2a: Dragonite|Dragon Dance|p2a: Dragonite\n|-boost|p2a: Dragonite|atk|1\n|-boost|p2a: Dragonite|spe|1\n|move|p1a: Landorus|U-turn|p2a: Dragonite\n|-resisted|p2a: Dragonite\n|-damage|p2a: Dragonite|96\/100\n|\n|t:|1701183775\n|switch|p1a: Corviknight|Corviknight, M|100\/100|[from] U-turn\n|-ability|p1a: Corviknight|Pressure\n|\n|-heal|p2a: Dragonite|100\/100|[from] item: Leftovers\n|upkeep\n|turn|13\n|\n|t:|1701183779\n|move|p2a: Dragonite|Dragon Dance|p2a: Dragonite\n|-boost|p2a: Dragonite|atk|1\n|-boost|p2a: Dragonite|spe|1\n|move|p1a: Corviknight|U-turn|p2a: Dragonite\n|-resisted|p2a: Dragonite\n|-damage|p2a: Dragonite|98\/100\n|\n|t:|1701183784\n|switch|p1a: Landorus|Landorus-Therian, M|100\/100|[from] U-turn\n|-ability|p1a: Landorus|Intimidate|boost\n|-unboost|p2a: Dragonite|atk|1\n|\n|-heal|p2a: Dragonite|100\/100|[from] item: Leftovers\n|upkeep\n|turn|14\n|\n|t:|1701183796\n|move|p2a: Dragonite|Dragon Dance|p2a: Dragonite\n|-boost|p2a: Dragonite|atk|1\n|-boost|p2a: Dragonite|spe|1\n|move|p1a: Landorus|Rock Slide|p2a: Dragonite\n|-supereffective|p2a: Dragonite\n|-damage|p2a: Dragonite|78\/100\n|\n|-heal|p2a: Dragonite|84\/100|[from] item: Leftovers\n|upkeep\n|turn|15\n|\n|t:|1701183808\n|switch|p1a: Corviknight|Corviknight, M|100\/100\n|-ability|p1a: Corviknight|Pressure\n|move|p2a: Dragonite|Fly||[still]\n|-prepare|p2a: Dragonite|Fly\n|\n|-heal|p2a: Dragonite|91\/100|[from] item: Leftovers\n|upkeep\n|turn|16\n|\n|t:|1701183813\n|move|p2a: Dragonite|Fly|p1a: Corviknight|[from]lockedmove\n|-resisted|p1a: Corviknight\n|-damage|p1a: Corviknight|50\/100\n|-damage|p2a: Dragonite|74\/100|[from] item: Rocky Helmet|[of] p1a: Corviknight\n|move|p1a: Corviknight|Brave Bird|p2a: Dragonite\n|-damage|p2a: Dragonite|41\/100\n|-damage|p1a: Corviknight|40\/100|[from] Recoil\n|\n|-heal|p2a: Dragonite|48\/100|[from] item: Leftovers\n|upkeep\n|turn|17\n|\n|t:|1701183823\n|move|p2a: Dragonite|Roost|p2a: Dragonite\n|-heal|p2a: Dragonite|98\/100\n|-singleturn|p2a: Dragonite|move: Roost\n|move|p1a: Corviknight|Roost|p1a: Corviknight\n|-heal|p1a: Corviknight|90\/100\n|-singleturn|p1a: Corviknight|move: Roost\n|\n|-heal|p2a: Dragonite|100\/100|[from] item: Leftovers\n|upkeep\n|turn|18\n|\n|t:|1701183827\n|move|p2a: Dragonite|Encore|p1a: Corviknight\n|-start|p1a: Corviknight|Encore\n|move|p1a: Corviknight|Roost|p1a: Corviknight\n|-heal|p1a: Corviknight|100\/100\n|-singleturn|p1a: Corviknight|move: Roost\n|\n|upkeep\n|turn|19\n|\n|t:|1701183835\n|switch|p1a: Landorus|Landorus-Therian, M|100\/100\n|-ability|p1a: Landorus|Intimidate|boost\n|-unboost|p2a: Dragonite|atk|1\n|move|p2a: Dragonite|Fly||[still]\n|-prepare|p2a: Dragonite|Fly\n|\n|upkeep\n|turn|20\n|\n|t:|1701183839\n|switch|p1a: Corviknight|Corviknight, M|100\/100\n|-ability|p1a: Corviknight|Pressure\n|move|p2a: Dragonite|Fly|p1a: Corviknight|[from]lockedmove\n|-resisted|p1a: Corviknight\n|-damage|p1a: Corviknight|59\/100\n|-damage|p2a: Dragonite|84\/100|[from] item: Rocky Helmet|[of] p1a: Corviknight\n|\n|-heal|p2a: Dragonite|90\/100|[from] item: Leftovers\n|upkeep\n|turn|21\n|\n|t:|1701183846\n|move|p2a: Dragonite|Fly||[still]\n|-prepare|p2a: Dragonite|Fly\n|move|p1a: Corviknight|Roost|p1a: Corviknight\n|-heal|p1a: Corviknight|100\/100\n|-singleturn|p1a: Corviknight|move: Roost\n|\n|-heal|p2a: Dragonite|96\/100|[from] item: Leftovers\n|upkeep\n|turn|22\n|\n|t:|1701183852\n|move|p2a: Dragonite|Fly|p1a: Corviknight|[from]lockedmove\n|-resisted|p1a: Corviknight\n|-damage|p1a: Corviknight|64\/100\n|-damage|p2a: Dragonite|80\/100|[from] item: Rocky Helmet|[of] p1a: Corviknight\n|move|p1a: Corviknight|Brave Bird|p2a: Dragonite\n|-damage|p2a: Dragonite|44\/100\n|-damage|p1a: Corviknight|53\/100|[from] Recoil\n|\n|-heal|p2a: Dragonite|50\/100|[from] item: Leftovers\n|upkeep\n|turn|23\n|\n|t:|1701183858\n|switch|p1a: Landorus|Landorus-Therian, M|100\/100\n|-ability|p1a: Landorus|Intimidate|boost\n|-unboost|p2a: Dragonite|atk|1\n|move|p2a: Dragonite|Dragon Dance|p2a: Dragonite\n|-boost|p2a: Dragonite|atk|1\n|-boost|p2a: Dragonite|spe|0\n|\n|-heal|p2a: Dragonite|56\/100|[from] item: Leftovers\n|upkeep\n|turn|24\n|\n|t:|1701183867\n|move|p2a: Dragonite|Roost|p2a: Dragonite\n|-heal|p2a: Dragonite|100\/100\n|-singleturn|p2a: Dragonite|move: Roost\n|move|p1a: Landorus|Rock Slide|p2a: Dragonite\n|-damage|p2a: Dragonite|90\/100\n|\n|-heal|p2a: Dragonite|96\/100|[from] item: Leftovers\n|upkeep\n|turn|25\n|\n|t:|1701183874\n|move|p2a: Dragonite|Fly||[still]\n|-prepare|p2a: Dragonite|Fly\n|move|p1a: Landorus|Rock Slide|p2a: Dragonite|[miss]\n|-miss|p1a: Landorus|p2a: Dragonite\n|\n|-heal|p2a: Dragonite|100\/100|[from] item: Leftovers\n|upkeep\n|turn|26\n|\n|t:|1701183878\n|switch|p1a: Corviknight|Corviknight, M|53\/100\n|-ability|p1a: Corviknight|Pressure\n|move|p2a: Dragonite|Fly|p1a: Corviknight|[from]lockedmove\n|-resisted|p1a: Corviknight\n|-damage|p1a: Corviknight|12\/100\n|-damage|p2a: Dragonite|84\/100|[from] item: Rocky Helmet|[of] p1a: Corviknight\n|\n|-heal|p2a: Dragonite|90\/100|[from] item: Leftovers\n|upkeep\n|turn|27\n|\n|t:|1701183884\n|move|p2a: Dragonite|Dragon Dance|p2a: Dragonite\n|-boost|p2a: Dragonite|atk|1\n|-boost|p2a: Dragonite|spe|0\n|move|p1a: Corviknight|Roost|p1a: Corviknight\n|-heal|p1a: Corviknight|62\/100\n|-singleturn|p1a: Corviknight|move: Roost\n|\n|-heal|p2a: Dragonite|96\/100|[from] item: Leftovers\n|upkeep\n|turn|28\n|\n|t:|1701183890\n|move|p2a: Dragonite|Dragon Dance|p2a: Dragonite\n|-boost|p2a: Dragonite|atk|1\n|-boost|p2a: Dragonite|spe|0\n|move|p1a: Corviknight|Roost|p1a: Corviknight\n|-heal|p1a: Corviknight|100\/100\n|-singleturn|p1a: Corviknight|move: Roost\n|\n|-heal|p2a: Dragonite|100\/100|[from] item: Leftovers\n|upkeep\n|turn|29\n|\n|t:|1701183900\n|switch|p1a: Landorus|Landorus-Therian, M|100\/100\n|-ability|p1a: Landorus|Intimidate|boost\n|-unboost|p2a: Dragonite|atk|1\n|move|p2a: Dragonite|Fly||[still]\n|-prepare|p2a: Dragonite|Fly\n|\n|upkeep\n|turn|30\n|\n|t:|1701183906\n|switch|p1a: Corviknight|Corviknight, M|100\/100\n|-ability|p1a: Corviknight|Pressure\n|move|p2a: Dragonite|Fly|p1a: Corviknight|[from]lockedmove\n|-resisted|p1a: Corviknight\n|-damage|p1a: Corviknight|51\/100\n|-damage|p2a: Dragonite|84\/100|[from] item: Rocky Helmet|[of] p1a: Corviknight\n|\n|-heal|p2a: Dragonite|90\/100|[from] item: Leftovers\n|upkeep\n|turn|31\n|j| dfghhhg\n|\n|t:|1701183912\n|move|p2a: Dragonite|Fly||[still]\n|-prepare|p2a: Dragonite|Fly\n|move|p1a: Corviknight|Roost|p1a: Corviknight\n|-heal|p1a: Corviknight|100\/100\n|-singleturn|p1a: Corviknight|move: Roost\n|\n|-heal|p2a: Dragonite|96\/100|[from] item: Leftovers\n|upkeep\n|turn|32\n|\n|t:|1701183915\n|move|p2a: Dragonite|Fly|p1a: Corviknight|[from]lockedmove\n|-resisted|p1a: Corviknight\n|-damage|p1a: Corviknight|53\/100\n|-damage|p2a: Dragonite|80\/100|[from] item: Rocky Helmet|[of] p1a: Corviknight\n|move|p1a: Corviknight|Brave Bird|p2a: Dragonite\n|-damage|p2a: Dragonite|45\/100\n|-damage|p1a: Corviknight|42\/100|[from] Recoil\n|\n|-heal|p2a: Dragonite|51\/100|[from] item: Leftovers\n|upkeep\n|turn|33\n|\n|t:|1701183929\n|switch|p1a: Landorus|Landorus-Therian, M|100\/100\n|-ability|p1a: Landorus|Intimidate|boost\n|-unboost|p2a: Dragonite|atk|1\n|move|p2a: Dragonite|Fly||[still]\n|-prepare|p2a: Dragonite|Fly\n|\n|-heal|p2a: Dragonite|57\/100|[from] item: Leftovers\n|upkeep\n|turn|34\n|\n|t:|1701183933\n|move|p2a: Dragonite|Fly|p1a: Landorus|[from]lockedmove\n|-damage|p1a: Landorus|0 fnt\n|faint|p1a: Landorus\n|\n|-heal|p2a: Dragonite|63\/100|[from] item: Leftovers\n|upkeep\n|\n|t:|1701183941\n|switch|p1a: Enamorus|Enamorus, F|100\/100\n|turn|35\n|\n|t:|1701183947\n|move|p2a: Dragonite|Fly||[still]\n|-prepare|p2a: Dragonite|Fly\n|move|p1a: Enamorus|Healing Wish|p1a: Enamorus\n|faint|p1a: Enamorus\n|\n|-heal|p2a: Dragonite|70\/100|[from] item: Leftovers\n|upkeep\n|\n|t:|1701183952\n|switch|p1a: Corviknight|Corviknight, M|42\/100\n|-heal|p1a: Corviknight|100\/100|[from] move: Healing Wish\n|-ability|p1a: Corviknight|Pressure\n|turn|36\n|\n|t:|1701183961\n|move|p2a: Dragonite|Fly|p1a: Corviknight|[from]lockedmove\n|-resisted|p1a: Corviknight\n|-damage|p1a: Corviknight|62\/100\n|-damage|p2a: Dragonite|53\/100|[from] item: Rocky Helmet|[of] p1a: Corviknight\n|move|p1a: Corviknight|Brave Bird|p2a: Dragonite\n|-damage|p2a: Dragonite|15\/100\n|-damage|p1a: Corviknight|51\/100|[from] Recoil\n|\n|-heal|p2a: Dragonite|21\/100|[from] item: Leftovers\n|upkeep\n|turn|37\n|\n|t:|1701183968\n|move|p2a: Dragonite|Roost|p2a: Dragonite\n|-heal|p2a: Dragonite|71\/100\n|-singleturn|p2a: Dragonite|move: Roost\n|move|p1a: Corviknight|Brave Bird|p2a: Dragonite\n|-damage|p2a: Dragonite|35\/100\n|-damage|p1a: Corviknight|39\/100|[from] Recoil\n|\n|-heal|p2a: Dragonite|41\/100|[from] item: Leftovers\n|upkeep\n|turn|38\n|\n|t:|1701183977\n|move|p2a: Dragonite|Roost|p2a: Dragonite\n|-heal|p2a: Dragonite|91\/100\n|-singleturn|p2a: Dragonite|move: Roost\n|move|p1a: Corviknight|Roost|p1a: Corviknight\n|-heal|p1a: Corviknight|89\/100\n|-singleturn|p1a: Corviknight|move: Roost\n|\n|-heal|p2a: Dragonite|97\/100|[from] item: Leftovers\n|upkeep\n|turn|39\n|\n|t:|1701183981\n|move|p2a: Dragonite|Encore|p1a: Corviknight\n|-start|p1a: Corviknight|Encore\n|move|p1a: Corviknight|Roost|p1a: Corviknight\n|-heal|p1a: Corviknight|100\/100\n|-singleturn|p1a: Corviknight|move: Roost\n|\n|-heal|p2a: Dragonite|100\/100|[from] item: Leftovers\n|-end|p1a: Corviknight|Encore\n|upkeep\n|turn|40\n|\n|t:|1701183989\n|move|p2a: Dragonite|Dragon Dance|p2a: Dragonite\n|-boost|p2a: Dragonite|atk|1\n|-boost|p2a: Dragonite|spe|0\n|move|p1a: Corviknight|Brave Bird|p2a: Dragonite\n|-damage|p2a: Dragonite|83\/100\n|-damage|p1a: Corviknight|95\/100|[from] Recoil\n|\n|-heal|p2a: Dragonite|89\/100|[from] item: Leftovers\n|upkeep\n|turn|41\n|\n|t:|1701183998\n|switch|p1a: Toxtricity|Toxtricity, M|100\/100\n|move|p2a: Dragonite|Dragon Dance|p2a: Dragonite\n|-boost|p2a: Dragonite|atk|1\n|-boost|p2a: Dragonite|spe|0\n|\n|-heal|p2a: Dragonite|95\/100|[from] item: Leftovers\n|upkeep\n|turn|42\n|\n|t:|1701184002\n|move|p2a: Dragonite|Fly||[still]\n|-prepare|p2a: Dragonite|Fly\n|move|p1a: Toxtricity|Overdrive|p2a: Dragonite|[miss]\n|-miss|p1a: Toxtricity|p2a: Dragonite\n|\n|-heal|p2a: Dragonite|100\/100|[from] item: Leftovers\n|upkeep\n|turn|43\n|\n|t:|1701184005\n|move|p2a: Dragonite|Fly|p1a: Toxtricity|[from]lockedmove\n|-resisted|p1a: Toxtricity\n|-damage|p1a: Toxtricity|0 fnt\n|faint|p1a: Toxtricity\n|\n|upkeep\n|-message|ShizuOsaka forfeited.\n|\n|win|PLLV52 Macaxandre\n|raw|ShizuOsaka's rating: 1678 &rarr; <strong>1665<\/strong><br \/>(-13 for losing)\n|raw|PLLV52 Macaxandre's rating: 1801 &rarr; <strong>1814<\/strong><br \/>(+13 for winning)\n|l|\u2606ShizuOsaka\n","uploadtime":1701184013,"views":4,"p1id":"shizuosaka","p2id":"pllv52macaxandre","formatid":"gen9ou","rating":1665,"private":0,"password":""}