{"id":"gen9ou-1990726978","p1":"VolcanVanis","p2":"Yitness","format":"[Gen 9] OU","log":"|j|\u2606VolcanVanis\n|j|\u2606Yitness\n|t:|1699995226\n|gametype|singles\n|player|p1|VolcanVanis|266|1101\n|player|p2|Yitness|266|1048\n|teamsize|p1|6\n|teamsize|p2|6\n|gen|9\n|tier|[Gen 9] OU\n|rated|\n|rule|Sleep Clause Mod: Limit one foe put to sleep\n|rule|Species Clause: Limit one of each Pok\u00e9mon\n|rule|OHKO Clause: OHKO moves are banned\n|rule|Evasion Items Clause: Evasion items are banned\n|rule|Evasion Moves Clause: Evasion moves are banned\n|rule|Endless Battle Clause: Forcing endless battles is banned\n|rule|HP Percentage Mod: HP is shown in percentages\n|clearpoke\n|poke|p1|Uxie|\n|poke|p1|Hydreigon, F|\n|poke|p1|Ribombee, F|\n|poke|p1|Delphox, F|\n|poke|p1|Heatran, F|\n|poke|p1|Toxapex, M|\n|poke|p2|Dragapult, F|\n|poke|p2|Barraskewda, F|\n|poke|p2|Electrode-Hisui|\n|poke|p2|Alomomola, M|\n|poke|p2|Dondozo, M|\n|poke|p2|Quaquaval, F|\n|teampreview\n|\n|t:|1699995236\n|start\n|switch|p1a: Uxie|Uxie|100\/100\n|switch|p2a: Electrode|Electrode-Hisui|100\/100\n|turn|1\n|\n|t:|1699995247\n|move|p2a: Electrode|Rain Dance|p2a: Electrode\n|-weather|RainDance\n|move|p1a: Uxie|Stealth Rock|p2a: Electrode\n|-sidestart|p2: Yitness|move: Stealth Rock\n|\n|-weather|RainDance|[upkeep]\n|upkeep\n|turn|2\n|\n|t:|1699995254\n|move|p2a: Electrode|Leech Seed|p1a: Uxie\n|-start|p1a: Uxie|move: Leech Seed\n|move|p1a: Uxie|Magic Room|p1a: Uxie\n|-fieldstart|move: Magic Room|[of] p1a: Uxie\n|\n|-weather|RainDance|[upkeep]\n|-damage|p1a: Uxie|88\/100|[from] Leech Seed|[of] p2a: Electrode\n|upkeep\n|turn|3\n|\n|t:|1699995268\n|move|p2a: Electrode|Thunder Wave|p1a: Uxie\n|-status|p1a: Uxie|par\n|move|p1a: Uxie|U-turn|p2a: Electrode\n|-supereffective|p2a: Electrode\n|-damage|p2a: Electrode|59\/100\n|\n|t:|1699995282\n|switch|p1a: Ribombee|Ribombee, F, shiny|100\/100|[from] U-turn\n|\n|-weather|RainDance|[upkeep]\n|upkeep\n|turn|4\n|\n|t:|1699995286\n|move|p2a: Electrode|Explosion|p1a: Ribombee\n|-damage|p1a: Ribombee|1\/100\n|faint|p2a: Electrode\n|move|p1a: Ribombee|Trick|p2: Electrode|[notarget]\n|-fail|p1a: Ribombee\n|\n|-weather|RainDance|[upkeep]\n|upkeep\n|\n|t:|1699995297\n|switch|p2a: Barraskewda|Barraskewda, F|100\/100\n|-damage|p2a: Barraskewda|88\/100|[from] Stealth Rock\n|turn|5\n|\n|t:|1699995307\n|switch|p1a: Toxapex|Toxapex, M, shiny|100\/100\n|move|p2a: Barraskewda|Drill Run|p1a: Toxapex\n|-supereffective|p1a: Toxapex\n|-damage|p1a: Toxapex|66\/100\n|\n|-weather|none\n|upkeep\n|turn|6\n|\n|t:|1699995325\n|switch|p2a: Alomomola|Alomomola, M|100\/100\n|-damage|p2a: Alomomola|88\/100|[from] Stealth Rock\n|move|p1a: Toxapex|Baneful Bunker||[still]\n|-fail|p1a: Toxapex\n|\n|-fieldend|move: Magic Room|[of] p1: Uxie\n|upkeep\n|turn|7\n|\n|t:|1699995330\n|move|p2a: Alomomola|Aqua Ring|p2a: Alomomola\n|-start|p2a: Alomomola|Aqua Ring\n|move|p1a: Toxapex|Toxic Spikes|p2a: Alomomola\n|-sidestart|p2: Yitness|move: Toxic Spikes\n|\n|-heal|p2a: Alomomola|94\/100|[from] item: Leftovers\n|-heal|p1a: Toxapex|73\/100|[from] item: Black Sludge\n|-heal|p2a: Alomomola|100\/100|[from] Aqua Ring\n|upkeep\n|turn|8\n|\n|t:|1699995336\n|move|p2a: Alomomola|Calm Mind|p2a: Alomomola\n|-boost|p2a: Alomomola|spa|1\n|-boost|p2a: Alomomola|spd|1\n|move|p1a: Toxapex|Toxic Spikes|p2a: Alomomola\n|-sidestart|p2: Yitness|move: Toxic Spikes\n|\n|-heal|p1a: Toxapex|79\/100|[from] item: Black Sludge\n|upkeep\n|turn|9\n|\n|t:|1699995354\n|switch|p1a: Uxie|Uxie|88\/100 par\n|move|p2a: Alomomola|Calm Mind|p2a: Alomomola\n|-boost|p2a: Alomomola|spa|1\n|-boost|p2a: Alomomola|spd|1\n|\n|upkeep\n|turn|10\n|\n|t:|1699995359\n|move|p2a: Alomomola|Rain Dance|p2a: Alomomola\n|-weather|RainDance\n|move|p1a: Uxie|Magic Room|p1a: Uxie\n|-fieldstart|move: Magic Room|[of] p1a: Uxie\n|\n|-weather|RainDance|[upkeep]\n|upkeep\n|turn|11\n|\n|t:|1699995365\n|move|p2a: Alomomola|Calm Mind|p2a: Alomomola\n|-boost|p2a: Alomomola|spa|1\n|-boost|p2a: Alomomola|spd|1\n|move|p1a: Uxie|U-turn|p2a: Alomomola\n|-damage|p2a: Alomomola|94\/100\n|\n|t:|1699995370\n|switch|p1a: Ribombee|Ribombee, F, shiny|1\/100|[from] U-turn\n|\n|-weather|RainDance|[upkeep]\n|-heal|p2a: Alomomola|99\/100|[from] Aqua Ring\n|upkeep\n|turn|12\n|\n|t:|1699995372\n|move|p1a: Ribombee|Trick|p2a: Alomomola\n|-activate|p1a: Ribombee|move: Trick|[of] p2a: Alomomola\n|-item|p2a: Alomomola|Assault Vest|[from] move: Trick\n|-item|p1a: Ribombee|Leftovers|[from] move: Trick\n|move|p2a: Alomomola|Scald|p1a: Ribombee\n|-damage|p1a: Ribombee|0 fnt\n|faint|p1a: Ribombee\n|\n|-weather|RainDance|[upkeep]\n|-heal|p2a: Alomomola|100\/100|[from] Aqua Ring\n|upkeep\n|\n|t:|1699995388\n|switch|p1a: Uxie|Uxie|88\/100 par\n|turn|13\n|\n|t:|1699995390\n|move|p2a: Alomomola|Scald|p1a: Uxie\n|-damage|p1a: Uxie|56\/100 par\n|move|p1a: Uxie|Magic Room|p1a: Uxie\n|-fieldend|move: Magic Room|[of] p1a: Uxie\n|\n|-weather|RainDance|[upkeep]\n|upkeep\n|turn|14\n|\n|t:|1699995427\n|switch|p1a: Toxapex|Toxapex, M, shiny|100\/100\n|move|p2a: Alomomola|Scald|p1a: Toxapex\n|-resisted|p1a: Toxapex\n|-damage|p1a: Toxapex|80\/100\n|\n|-weather|none\n|-heal|p1a: Toxapex|87\/100|[from] item: Black Sludge\n|upkeep\n|turn|15\n|\n|t:|1699995459\n|move|p1a: Toxapex|Baneful Bunker|p1a: Toxapex\n|-singleturn|p1a: Toxapex|move: Protect\n|move|p2a: Alomomola|Scald|p1a: Toxapex\n|-activate|p1a: Toxapex|move: Protect\n|\n|-heal|p1a: Toxapex|93\/100|[from] item: Black Sludge\n|upkeep\n|turn|16\n|\n|t:|1699995481\n|switch|p1a: Heatran|Heatran, F|100\/100\n|-item|p1a: Heatran|Air Balloon\n|move|p2a: Alomomola|Scald|p1a: Heatran\n|-supereffective|p1a: Heatran\n|-damage|p1a: Heatran|60\/100\n|-enditem|p1a: Heatran|Air Balloon\n|\n|upkeep\n|turn|17\n|\n|t:|1699995486\n|-terastallize|p1a: Heatran|Grass\n|move|p1a: Heatran|Magma Storm|p2a: Alomomola\n|-resisted|p2a: Alomomola\n|-damage|p2a: Alomomola|93\/100\n|-activate|p2a: Alomomola|move: Magma Storm|[of] p1a: Heatran\n|move|p2a: Alomomola|Scald|p1a: Heatran\n|-resisted|p1a: Heatran\n|-damage|p1a: Heatran|49\/100\n|-status|p1a: Heatran|brn\n|\n|-heal|p2a: Alomomola|99\/100|[from] Aqua Ring\n|-damage|p1a: Heatran|43\/100 brn|[from] brn\n|-damage|p2a: Alomomola|87\/100|[from] move: Magma Storm|[partiallytrapped]\n|upkeep\n|turn|18\n|\n|t:|1699995503\n|move|p1a: Heatran|Will-O-Wisp|p2a: Alomomola\n|-status|p2a: Alomomola|brn\n|move|p2a: Alomomola|Scald|p1a: Heatran\n|-resisted|p1a: Heatran\n|-damage|p1a: Heatran|33\/100 brn\n|\n|-heal|p2a: Alomomola|93\/100 brn|[from] Aqua Ring\n|-damage|p1a: Heatran|27\/100 brn|[from] brn\n|-damage|p2a: Alomomola|87\/100 brn|[from] brn\n|-damage|p2a: Alomomola|75\/100 brn|[from] move: Magma Storm|[partiallytrapped]\n|upkeep\n|turn|19\n|\n|t:|1699995516\n|move|p1a: Heatran|Protect|p1a: Heatran\n|-singleturn|p1a: Heatran|Protect\n|move|p2a: Alomomola|Scald|p1a: Heatran\n|-activate|p1a: Heatran|move: Protect\n|\n|-heal|p2a: Alomomola|81\/100 brn|[from] Aqua Ring\n|-damage|p1a: Heatran|20\/100 brn|[from] brn\n|-damage|p2a: Alomomola|75\/100 brn|[from] brn\n|-damage|p2a: Alomomola|62\/100 brn|[from] move: Magma Storm|[partiallytrapped]\n|upkeep\n|turn|20\n|\n|t:|1699995549\n|move|p1a: Heatran|Magma Storm|p2a: Alomomola\n|-resisted|p2a: Alomomola\n|-damage|p2a: Alomomola|56\/100 brn\n|move|p2a: Alomomola|Scald|p1a: Heatran\n|-resisted|p1a: Heatran\n|-damage|p1a: Heatran|10\/100 brn\n|\n|-heal|p2a: Alomomola|62\/100 brn|[from] Aqua Ring\n|-damage|p1a: Heatran|4\/100 brn|[from] brn\n|-damage|p2a: Alomomola|56\/100 brn|[from] brn\n|-damage|p2a: Alomomola|44\/100 brn|[from] move: Magma Storm|[partiallytrapped]\n|upkeep\n|turn|21\n|\n|t:|1699995564\n|move|p1a: Heatran|Protect|p1a: Heatran\n|-singleturn|p1a: Heatran|Protect\n|move|p2a: Alomomola|Scald|p1a: Heatran\n|-activate|p1a: Heatran|move: Protect\n|\n|-heal|p2a: Alomomola|50\/100 brn|[from] Aqua Ring\n|-damage|p1a: Heatran|0 fnt|[from] brn\n|faint|p1a: Heatran\n|-damage|p2a: Alomomola|44\/100 brn|[from] brn\n|-end|p2a: Alomomola|Magma Storm|[partiallytrapped]\n|upkeep\n|\n|t:|1699995582\n|switch|p1a: Uxie|Uxie|56\/100 par\n|turn|22\n|\n|t:|1699995590\n|move|p2a: Alomomola|Scald|p1a: Uxie\n|-damage|p1a: Uxie|35\/100 par\n|move|p1a: Uxie|Psychic|p2a: Alomomola\n|-damage|p2a: Alomomola|35\/100 brn\n|\n|-heal|p2a: Alomomola|42\/100 brn|[from] Aqua Ring\n|-damage|p2a: Alomomola|35\/100 brn|[from] brn\n|upkeep\n|turn|23\n|\n|t:|1699995603\n|switch|p1a: Toxapex|Toxapex, M, shiny|100\/100\n|move|p2a: Alomomola|Scald|p1a: Toxapex\n|-resisted|p1a: Toxapex\n|-damage|p1a: Toxapex|88\/100\n|-status|p1a: Toxapex|brn\n|\n|-heal|p1a: Toxapex|94\/100 brn|[from] item: Black Sludge\n|-heal|p2a: Alomomola|42\/100 brn|[from] Aqua Ring\n|-damage|p2a: Alomomola|35\/100 brn|[from] brn\n|-damage|p1a: Toxapex|88\/100 brn|[from] brn\n|upkeep\n|turn|24\n|\n|t:|1699995607\n|move|p2a: Alomomola|Scald|p1a: Toxapex\n|-resisted|p1a: Toxapex\n|-damage|p1a: Toxapex|73\/100 brn\n|move|p1a: Toxapex|Chilling Water|p2a: Alomomola\n|-resisted|p2a: Alomomola\n|-damage|p2a: Alomomola|34\/100 brn\n|-unboost|p2a: Alomomola|atk|1\n|\n|-heal|p1a: Toxapex|79\/100 brn|[from] item: Black Sludge\n|-heal|p2a: Alomomola|40\/100 brn|[from] Aqua Ring\n|-damage|p2a: Alomomola|34\/100 brn|[from] brn\n|-damage|p1a: Toxapex|73\/100 brn|[from] brn\n|upkeep\n|turn|25\n|\n|t:|1699995613\n|move|p2a: Alomomola|Scald|p1a: Toxapex\n|-resisted|p1a: Toxapex\n|-damage|p1a: Toxapex|60\/100 brn\n|move|p1a: Toxapex|Venoshock|p2a: Alomomola\n|-damage|p2a: Alomomola|30\/100 brn\n|\n|-heal|p1a: Toxapex|66\/100 brn|[from] item: Black Sludge\n|-heal|p2a: Alomomola|36\/100 brn|[from] Aqua Ring\n|-damage|p2a: Alomomola|30\/100 brn|[from] brn\n|-damage|p1a: Toxapex|60\/100 brn|[from] brn\n|upkeep\n|turn|26\n|\n|t:|1699995632\n|switch|p1a: Delphox|Delphox, F, shiny|100\/100\n|move|p2a: Alomomola|Scald|p1a: Delphox\n|-supereffective|p1a: Delphox\n|-damage|p1a: Delphox|24\/100\n|\n|-heal|p2a: Alomomola|36\/100 brn|[from] Aqua Ring\n|-damage|p2a: Alomomola|30\/100 brn|[from] brn\n|upkeep\n|turn|27\n|\n|t:|1699995646\n|move|p1a: Delphox|Psychic|p2a: Alomomola\n|-damage|p2a: Alomomola|15\/100 brn\n|move|p2a: Alomomola|Scald|p1a: Delphox\n|-supereffective|p1a: Delphox\n|-damage|p1a: Delphox|0 fnt\n|faint|p1a: Delphox\n|\n|-heal|p2a: Alomomola|21\/100 brn|[from] Aqua Ring\n|-damage|p2a: Alomomola|15\/100 brn|[from] brn\n|upkeep\n|\n|t:|1699995653\n|switch|p1a: Hydreigon|Hydreigon, F|100\/100\n|turn|28\n|\n|t:|1699995657\n|move|p1a: Hydreigon|Dark Pulse|p2a: Alomomola\n|-damage|p2a: Alomomola|3\/100 brn\n|move|p2a: Alomomola|Scald|p1a: Hydreigon\n|-resisted|p1a: Hydreigon\n|-damage|p1a: Hydreigon|80\/100\n|-status|p1a: Hydreigon|brn\n|\n|-heal|p2a: Alomomola|9\/100 brn|[from] Aqua Ring\n|-damage|p1a: Hydreigon|73\/100 brn|[from] brn\n|-damage|p2a: Alomomola|3\/100 brn|[from] brn\n|upkeep\n|turn|29\n|\n|t:|1699995667\n|move|p1a: Hydreigon|Dark Pulse|p2a: Alomomola\n|-damage|p2a: Alomomola|0 fnt\n|faint|p2a: Alomomola\n|\n|-damage|p1a: Hydreigon|67\/100 brn|[from] brn\n|upkeep\n|\n|t:|1699995685\n|switch|p2a: Dragapult|Dragapult, F|100\/100\n|-damage|p2a: Dragapult|88\/100|[from] Stealth Rock\n|-status|p2a: Dragapult|tox\n|turn|30\n|\n|t:|1699995693\n|switch|p1a: Toxapex|Toxapex, M, shiny|93\/100 brn\n|move|p2a: Dragapult|Dragon Darts|p1a: Toxapex\n|-crit|p1a: Toxapex\n|-damage|p1a: Toxapex|70\/100 brn\n|-anim|p2a: Dragapult|Dragon Darts|p1a: Toxapex\n|-damage|p1a: Toxapex|54\/100 brn\n|\n|-heal|p2a: Dragapult|94\/100 tox|[from] item: Leftovers\n|-heal|p1a: Toxapex|60\/100 brn|[from] item: Black Sludge\n|-damage|p2a: Dragapult|88\/100 tox|[from] psn\n|-damage|p1a: Toxapex|54\/100 brn|[from] brn\n|upkeep\n|turn|31\n|\n|t:|1699995699\n|move|p2a: Dragapult|Curse|p1a: Toxapex\n|-start|p1a: Toxapex|Curse|[of] p2a: Dragapult\n|-damage|p2a: Dragapult|38\/100 tox\n|move|p1a: Toxapex|Chilling Water|p2a: Dragapult\n|-resisted|p2a: Dragapult\n|-damage|p2a: Dragapult|31\/100 tox\n|\n|-heal|p2a: Dragapult|37\/100 tox|[from] item: Leftovers\n|-heal|p1a: Toxapex|60\/100 brn|[from] item: Black Sludge\n|-damage|p2a: Dragapult|25\/100 tox|[from] psn\n|-damage|p1a: Toxapex|54\/100 brn|[from] brn\n|-damage|p1a: Toxapex|29\/100 brn|[from] Curse\n|upkeep\n|turn|32\n|\n|t:|1699995705\n|switch|p1a: Uxie|Uxie|35\/100 par\n|move|p2a: Dragapult|Dragon Darts|p1a: Uxie\n|-damage|p1a: Uxie|17\/100 par\n|-anim|p2a: Dragapult|Dragon Darts|p1a: Uxie\n|-crit|p1a: Uxie\n|-damage|p1a: Uxie|0 fnt\n|faint|p1a: Uxie\n|\n|-heal|p2a: Dragapult|31\/100 tox|[from] item: Leftovers\n|-damage|p2a: Dragapult|13\/100 tox|[from] psn\n|upkeep\n|\n|t:|1699995712\n|switch|p1a: Hydreigon|Hydreigon, F|67\/100 brn\n|turn|33\n|\n|t:|1699995727\n|move|p1a: Hydreigon|Dark Pulse|p2a: Dragapult\n|-supereffective|p2a: Dragapult\n|-damage|p2a: Dragapult|0 fnt\n|faint|p2a: Dragapult\n|\n|-damage|p1a: Hydreigon|61\/100 brn|[from] brn\n|upkeep\n|\n|t:|1699995734\n|switch|p2a: Quaquaval|Quaquaval, F|100\/100\n|-damage|p2a: Quaquaval|94\/100|[from] Stealth Rock\n|-status|p2a: Quaquaval|tox\n|turn|34\n|\n|t:|1699995738\n|move|p1a: Hydreigon|Dark Pulse|p2a: Quaquaval\n|-resisted|p2a: Quaquaval\n|-damage|p2a: Quaquaval|68\/100 tox\n|move|p2a: Quaquaval|Rapid Spin|p1a: Hydreigon\n|-damage|p1a: Hydreigon|42\/100 brn\n|-boost|p2a: Quaquaval|spe|1\n|-sideend|p2: Yitness|Toxic Spikes|[from] move: Rapid Spin|[of] p2a: Quaquaval\n|-sideend|p2: Yitness|Stealth Rock|[from] move: Rapid Spin|[of] p2a: Quaquaval\n|\n|-damage|p2a: Quaquaval|62\/100 tox|[from] psn\n|-damage|p1a: Hydreigon|36\/100 brn|[from] brn\n|upkeep\n|turn|35\n|\n|t:|1699995744\n|switch|p1a: Toxapex|Toxapex, M, shiny|62\/100 brn\n|move|p2a: Quaquaval|Knock Off|p1a: Toxapex\n|-damage|p1a: Toxapex|43\/100 brn\n|-enditem|p1a: Toxapex|Black Sludge|[from] move: Knock Off|[of] p2a: Quaquaval\n|\n|-damage|p2a: Quaquaval|50\/100 tox|[from] psn\n|-damage|p1a: Toxapex|37\/100 brn|[from] brn\n|upkeep\n|turn|36\n|\n|t:|1699995748\n|move|p2a: Quaquaval|Encore||[still]\n|-fail|p2a: Quaquaval\n|move|p1a: Toxapex|Venoshock|p2a: Quaquaval\n|-damage|p2a: Quaquaval|14\/100 tox\n|-enditem|p2a: Quaquaval|Figy Berry|[eat]\n|-heal|p2a: Quaquaval|47\/100 tox|[from] item: Figy Berry\n|\n|-damage|p2a: Quaquaval|29\/100 tox|[from] psn\n|-damage|p1a: Toxapex|31\/100 brn|[from] brn\n|upkeep\n|turn|37\n|\n|t:|1699995758\n|move|p1a: Toxapex|Baneful Bunker|p1a: Toxapex\n|-singleturn|p1a: Toxapex|move: Protect\n|move|p2a: Quaquaval|Wave Crash|p1a: Toxapex\n|-activate|p1a: Toxapex|move: Protect\n|\n|-damage|p2a: Quaquaval|5\/100 tox|[from] psn\n|-damage|p1a: Toxapex|25\/100 brn|[from] brn\n|upkeep\n|turn|38\n|\n|t:|1699995766\n|switch|p1a: Hydreigon|Hydreigon, F|36\/100 brn\n|move|p2a: Quaquaval|Encore||[still]\n|-fail|p2a: Quaquaval\n|\n|-damage|p2a: Quaquaval|0 fnt|[from] psn\n|faint|p2a: Quaquaval\n|-damage|p1a: Hydreigon|30\/100 brn|[from] brn\n|upkeep\n|\n|t:|1699995771\n|switch|p2a: Dondozo|Dondozo, M|100\/100\n|turn|39\n|\n|t:|1699995778\n|move|p1a: Hydreigon|Draco Meteor|p2a: Dondozo\n|-damage|p2a: Dondozo|33\/100\n|-unboost|p1a: Hydreigon|spa|2\n|move|p2a: Dondozo|Curse|p2a: Dondozo\n|-unboost|p2a: Dondozo|spe|1\n|-boost|p2a: Dondozo|atk|1\n|-boost|p2a: Dondozo|def|1\n|\n|-damage|p1a: Hydreigon|24\/100 brn|[from] brn\n|upkeep\n|turn|40\n|\n|t:|1699995784\n|move|p1a: Hydreigon|Draco Meteor|p2a: Dondozo\n|-damage|p2a: Dondozo|2\/100\n|-unboost|p1a: Hydreigon|spa|2\n|-enditem|p2a: Dondozo|Aguav Berry|[eat]\n|-heal|p2a: Dondozo|35\/100|[from] item: Aguav Berry\n|move|p2a: Dondozo|Rest|p2a: Dondozo\n|-status|p2a: Dondozo|slp|[from] move: Rest\n|-heal|p2a: Dondozo|100\/100 slp|[silent]\n|\n|-damage|p1a: Hydreigon|18\/100 brn|[from] brn\n|upkeep\n|turn|41\n|\n|t:|1699995792\n|switch|p1a: Toxapex|Toxapex, M, shiny|58\/100 brn\n|cant|p2a: Dondozo|slp\n|move|p2a: Dondozo|Sleep Talk|p2a: Dondozo\n|move|p2a: Dondozo|Curse|p2a: Dondozo|[from]move: Sleep Talk\n|-unboost|p2a: Dondozo|spe|1\n|-boost|p2a: Dondozo|atk|1\n|-boost|p2a: Dondozo|def|1\n|\n|-damage|p1a: Toxapex|51\/100 brn|[from] brn\n|upkeep\n|turn|42\n|c|\u2606Yitness|scarf hurts sometimes\n|\n|t:|1699995803\n|move|p1a: Toxapex|Toxic Spikes|p2a: Dondozo\n|-sidestart|p2: Yitness|move: Toxic Spikes\n|cant|p2a: Dondozo|slp\n|move|p2a: Dondozo|Sleep Talk|p2a: Dondozo\n|move|p2a: Dondozo|Curse|p2a: Dondozo|[from]move: Sleep Talk\n|-unboost|p2a: Dondozo|spe|1\n|-boost|p2a: Dondozo|atk|1\n|-boost|p2a: Dondozo|def|1\n|\n|-damage|p1a: Toxapex|45\/100 brn|[from] brn\n|upkeep\n|turn|43\n|\n|t:|1699995807\n|move|p1a: Toxapex|Toxic Spikes|p2a: Dondozo\n|-sidestart|p2: Yitness|move: Toxic Spikes\n|-curestatus|p2a: Dondozo|slp|[msg]\n|move|p2a: Dondozo|Sleep Talk||[still]\n|-fail|p2a: Dondozo\n|\n|-damage|p1a: Toxapex|39\/100 brn|[from] brn\n|upkeep\n|turn|44\n|\n|t:|1699995814\n|move|p1a: Toxapex|Baneful Bunker|p1a: Toxapex\n|-singleturn|p1a: Toxapex|move: Protect\n|move|p2a: Dondozo|Aqua Tail|p1a: Toxapex\n|-activate|p1a: Toxapex|move: Protect\n|-status|p2a: Dondozo|psn\n|\n|-damage|p2a: Dondozo|88\/100 psn|[from] psn\n|-damage|p1a: Toxapex|33\/100 brn|[from] brn\n|upkeep\n|turn|45\n|\n|t:|1699995823\n|move|p1a: Toxapex|Venoshock|p2a: Dondozo\n|-damage|p2a: Dondozo|60\/100 psn\n|move|p2a: Dondozo|Aqua Tail|p1a: Toxapex|[miss]\n|-miss|p2a: Dondozo|p1a: Toxapex\n|\n|-damage|p2a: Dondozo|48\/100 psn|[from] psn\n|-damage|p1a: Toxapex|26\/100 brn|[from] brn\n|upkeep\n|turn|46\n|\n|t:|1699995830\n|move|p1a: Toxapex|Venoshock|p2a: Dondozo\n|-damage|p2a: Dondozo|22\/100 psn\n|move|p2a: Dondozo|Rest|p2a: Dondozo\n|-status|p2a: Dondozo|slp|[from] move: Rest\n|-heal|p2a: Dondozo|100\/100 slp|[silent]\n|\n|-damage|p1a: Toxapex|20\/100 brn|[from] brn\n|upkeep\n|turn|47\n|\n|t:|1699995836\n|switch|p1a: Hydreigon|Hydreigon, F|18\/100 brn\n|cant|p2a: Dondozo|slp\n|move|p2a: Dondozo|Sleep Talk|p2a: Dondozo\n|move|p2a: Dondozo|Rest||[from]move: Sleep Talk|[still]\n|-fail|p2a: Dondozo\n|\n|-damage|p1a: Hydreigon|12\/100 brn|[from] brn\n|upkeep\n|turn|48\n|\n|t:|1699995842\n|move|p1a: Hydreigon|Dark Pulse|p2a: Dondozo\n|-damage|p2a: Dondozo|60\/100 slp\n|cant|p2a: Dondozo|slp\n|move|p2a: Dondozo|Sleep Talk|p2a: Dondozo\n|move|p2a: Dondozo|Curse|p2a: Dondozo|[from]move: Sleep Talk\n|-unboost|p2a: Dondozo|spe|1\n|-boost|p2a: Dondozo|atk|1\n|-boost|p2a: Dondozo|def|1\n|\n|-damage|p1a: Hydreigon|5\/100 brn|[from] brn\n|upkeep\n|turn|49\n|\n|t:|1699995846\n|move|p1a: Hydreigon|Dark Pulse|p2a: Dondozo\n|-damage|p2a: Dondozo|24\/100 slp\n|-curestatus|p2a: Dondozo|slp|[msg]\n|move|p2a: Dondozo|Sleep Talk||[still]\n|-fail|p2a: Dondozo\n|\n|-damage|p1a: Hydreigon|0 fnt|[from] brn\n|faint|p1a: Hydreigon\n|upkeep\n|\n|t:|1699995853\n|switch|p1a: Toxapex|Toxapex, M, shiny|53\/100 brn\n|turn|50\n|\n|t:|1699995856\n|move|p1a: Toxapex|Baneful Bunker|p1a: Toxapex\n|-singleturn|p1a: Toxapex|move: Protect\n|move|p2a: Dondozo|Rest|p2a: Dondozo\n|-status|p2a: Dondozo|slp|[from] move: Rest\n|-heal|p2a: Dondozo|100\/100 slp|[silent]\n|\n|-damage|p1a: Toxapex|47\/100 brn|[from] brn\n|upkeep\n|turn|51\n|\n|t:|1699995861\n|move|p1a: Toxapex|Chilling Water|p2a: Dondozo\n|-resisted|p2a: Dondozo\n|-damage|p2a: Dondozo|96\/100 slp\n|-unboost|p2a: Dondozo|atk|1\n|cant|p2a: Dondozo|slp\n|move|p2a: Dondozo|Sleep Talk|p2a: Dondozo\n|move|p2a: Dondozo|Curse|p2a: Dondozo|[from]move: Sleep Talk\n|-unboost|p2a: Dondozo|spe|1\n|-boost|p2a: Dondozo|atk|1\n|-boost|p2a: Dondozo|def|1\n|\n|-damage|p1a: Toxapex|41\/100 brn|[from] brn\n|upkeep\n|turn|52\n|\n|t:|1699995864\n|move|p1a: Toxapex|Chilling Water|p2a: Dondozo\n|-resisted|p2a: Dondozo\n|-damage|p2a: Dondozo|90\/100 slp\n|-unboost|p2a: Dondozo|atk|1\n|cant|p2a: Dondozo|slp\n|move|p2a: Dondozo|Sleep Talk|p2a: Dondozo\n|move|p2a: Dondozo|Curse|p2a: Dondozo|[from]move: Sleep Talk\n|-unboost|p2a: Dondozo|spe|1\n|-boost|p2a: Dondozo|atk|1\n|-boost|p2a: Dondozo|def|1\n|\n|-damage|p1a: Toxapex|35\/100 brn|[from] brn\n|upkeep\n|turn|53\n|\n|t:|1699995868\n|move|p1a: Toxapex|Chilling Water|p2a: Dondozo\n|-resisted|p2a: Dondozo\n|-damage|p2a: Dondozo|85\/100 slp\n|-unboost|p2a: Dondozo|atk|1\n|-curestatus|p2a: Dondozo|slp|[msg]\n|move|p2a: Dondozo|Aqua Tail|p1a: Toxapex\n|-resisted|p1a: Toxapex\n|-damage|p1a: Toxapex|9\/100 brn\n|\n|-damage|p1a: Toxapex|3\/100 brn|[from] brn\n|upkeep\n|turn|54\n|c|\u2606Yitness|gg\n|\n|t:|1699995878\n|move|p1a: Toxapex|Baneful Bunker|p1a: Toxapex\n|-singleturn|p1a: Toxapex|move: Protect\n|move|p2a: Dondozo|Rest|p2a: Dondozo\n|-status|p2a: Dondozo|slp|[from] move: Rest\n|-heal|p2a: Dondozo|100\/100 slp|[silent]\n|\n|-damage|p1a: Toxapex|0 fnt|[from] brn\n|faint|p1a: Toxapex\n|\n|win|Yitness\n|upkeep\n|raw|VolcanVanis's rating: 1101 &rarr; <strong>1072<\/strong><br \/>(-29 for losing)\n|raw|Yitness's rating: 1048 &rarr; <strong>1086<\/strong><br \/>(+38 for winning)\n|l|\u2606VolcanVanis\n","uploadtime":1699995888,"views":9,"p1id":"volcanvanis","p2id":"yitness","formatid":"gen9ou","rating":1072,"private":0,"password":""}