{"id":"gen9ou-1999567890","p1":"Nitro611","p2":"Devil94","format":"[Gen 9] OU","log":"|j|\u2606Nitro611\n|j|\u2606Devil94\n|t:|1701096950\n|gametype|singles\n|player|p1|Nitro611|peony|1553\n|player|p2|Devil94|1|1641\n|teamsize|p1|6\n|teamsize|p2|6\n|gen|9\n|tier|[Gen 9] OU\n|rated|\n|rule|Sleep Clause Mod: Limit one foe put to sleep\n|rule|Species Clause: Limit one of each Pok\u00e9mon\n|rule|OHKO Clause: OHKO moves are banned\n|rule|Evasion Items Clause: Evasion items are banned\n|rule|Evasion Moves Clause: Evasion moves are banned\n|rule|Endless Battle Clause: Forcing endless battles is banned\n|rule|HP Percentage Mod: HP is shown in percentages\n|clearpoke\n|poke|p1|Dragapult, M|\n|poke|p1|Heatran, M|\n|poke|p1|Great Tusk|\n|poke|p1|Amoonguss, M|\n|poke|p1|Weavile, M|\n|poke|p1|Enamorus, F|\n|poke|p2|Iron Valiant|\n|poke|p2|Dragapult, M|\n|poke|p2|Zapdos|\n|poke|p2|Great Tusk|\n|poke|p2|Kingambit, M|\n|poke|p2|Amoonguss, F|\n|teampreview\n|\n|t:|1701096960\n|start\n|switch|p1a: Dragapult|Dragapult, M, shiny|100\/100\n|switch|p2a: Dragapult|Dragapult, M|100\/100\n|turn|1\n|\n|t:|1701096965\n|move|p1a: Dragapult|Thunder Wave|p2a: Dragapult\n|-status|p2a: Dragapult|par\n|move|p2a: Dragapult|Dragon Darts|p1a: Dragapult\n|-supereffective|p1a: Dragapult\n|-damage|p1a: Dragapult|0 fnt\n|faint|p1a: Dragapult\n|\n|upkeep\n|\n|t:|1701096970\n|switch|p1a: Weavile|Weavile, M, shiny|100\/100\n|turn|2\n|\n|t:|1701096974\n|switch|p2a: Kingambit|Kingambit, M|100\/100\n|move|p1a: Weavile|Swords Dance|p1a: Weavile\n|-boost|p1a: Weavile|atk|2\n|\n|upkeep\n|turn|3\n|\n|t:|1701096983\n|switch|p1a: Great Tusk|Great Tusk, shiny|100\/100\n|-terastallize|p2a: Kingambit|Fire\n|move|p2a: Kingambit|Iron Head|p1a: Great Tusk\n|-damage|p1a: Great Tusk|71\/100\n|\n|-heal|p1a: Great Tusk|77\/100|[from] item: Leftovers\n|upkeep\n|turn|4\n|\n|t:|1701096991\n|-end|p2a: Kingambit|fallenundefined|[silent]\n|switch|p2a: Zapdos|Zapdos|100\/100\n|move|p1a: Great Tusk|Ice Spinner|p2a: Zapdos\n|-supereffective|p2a: Zapdos\n|-damage|p2a: Zapdos|45\/100\n|-status|p1a: Great Tusk|par|[from] ability: Static|[of] p2a: Zapdos\n|\n|-heal|p1a: Great Tusk|83\/100 par|[from] item: Leftovers\n|upkeep\n|turn|5\n|\n|t:|1701097000\n|-end|p1a: Great Tusk|Protosynthesis|[silent]\n|switch|p1a: Enamorus|Enamorus, F, shiny|100\/100\n|move|p2a: Zapdos|Hurricane|p1a: Enamorus\n|-damage|p1a: Enamorus|38\/100\n|\n|upkeep\n|turn|6\n|\n|t:|1701097003\n|move|p1a: Enamorus|Moonblast|p2a: Zapdos\n|-damage|p2a: Zapdos|0 fnt\n|faint|p2a: Zapdos\n|\n|upkeep\n|\n|t:|1701097011\n|switch|p2a: Kingambit|Kingambit, M, tera:Fire|100\/100\n|-activate|p2a: Kingambit|ability: Supreme Overlord\n|-start|p2a: Kingambit|fallen1|[silent]\n|turn|7\n|\n|t:|1701097020\n|move|p1a: Enamorus|Healing Wish|p1a: Enamorus\n|faint|p1a: Enamorus\n|move|p2a: Kingambit|Swords Dance|p2a: Kingambit\n|-boost|p2a: Kingambit|atk|2\n|\n|upkeep\n|\n|t:|1701097024\n|switch|p1a: Great Tusk|Great Tusk, shiny|83\/100 par\n|-heal|p1a: Great Tusk|100\/100|[from] move: Healing Wish\n|turn|8\n|\n|t:|1701097028\n|-end|p2a: Kingambit|fallen1|[silent]\n|switch|p2a: Great Tusk|Great Tusk|100\/100\n|move|p1a: Great Tusk|Earthquake|p2a: Great Tusk\n|-damage|p2a: Great Tusk|72\/100\n|\n|-heal|p2a: Great Tusk|78\/100|[from] item: Leftovers\n|upkeep\n|turn|9\n|\n|t:|1701097034\n|-end|p1a: Great Tusk|Protosynthesis|[silent]\n|switch|p1a: Heatran|Heatran, M, shiny|100\/100\n|-item|p1a: Heatran|Air Balloon\n|move|p2a: Great Tusk|Earthquake|p1a: Heatran\n|-immune|p1a: Heatran\n|\n|-heal|p2a: Great Tusk|84\/100|[from] item: Leftovers\n|upkeep\n|turn|10\n|\n|t:|1701097038\n|move|p1a: Heatran|Magma Storm|p2a: Great Tusk\n|-damage|p2a: Great Tusk|13\/100\n|-activate|p2a: Great Tusk|move: Magma Storm|[of] p1a: Heatran\n|move|p2a: Great Tusk|Rapid Spin|p1a: Heatran\n|-resisted|p1a: Heatran\n|-damage|p1a: Heatran|94\/100\n|-boost|p2a: Great Tusk|spe|1\n|-enditem|p1a: Heatran|Air Balloon\n|-end|p2a: Great Tusk|Magma Storm|[partiallytrapped]\n|\n|-heal|p2a: Great Tusk|19\/100|[from] item: Leftovers\n|upkeep\n|turn|11\n|\n|t:|1701097049\n|-terastallize|p1a: Heatran|Flying\n|move|p2a: Great Tusk|Stealth Rock|p1a: Heatran\n|-sidestart|p1: Nitro611|move: Stealth Rock\n|move|p1a: Heatran|Earth Power|p2a: Great Tusk\n|-damage|p2a: Great Tusk|0 fnt\n|faint|p2a: Great Tusk\n|-end|p2a: Great Tusk|Protosynthesis|[silent]\n|\n|upkeep\n|\n|t:|1701097056\n|switch|p2a: Kingambit|Kingambit, M, tera:Fire|100\/100\n|-activate|p2a: Kingambit|ability: Supreme Overlord\n|-start|p2a: Kingambit|fallen2|[silent]\n|turn|12\n|\n|t:|1701097061\n|move|p1a: Heatran|Earth Power|p2a: Kingambit\n|-supereffective|p2a: Kingambit\n|-damage|p2a: Kingambit|36\/100\n|move|p2a: Kingambit|Iron Head|p1a: Heatran\n|-damage|p1a: Heatran|40\/100\n|\n|upkeep\n|turn|13\n|\n|t:|1701097067\n|move|p2a: Kingambit|Sucker Punch||[still]\n|-fail|p2a: Kingambit\n|move|p1a: Heatran|Stealth Rock|p2a: Kingambit\n|-sidestart|p2: Devil94|move: Stealth Rock\n|\n|upkeep\n|turn|14\n|\n|t:|1701097072\n|switch|p1a: Great Tusk|Great Tusk, shiny|100\/100\n|-damage|p1a: Great Tusk|98\/100|[from] Stealth Rock\n|move|p2a: Kingambit|Sucker Punch||[still]\n|-fail|p2a: Kingambit\n|\n|-heal|p1a: Great Tusk|100\/100|[from] item: Leftovers\n|upkeep\n|turn|15\n|\n|t:|1701097076\n|move|p1a: Great Tusk|Earthquake|p2a: Kingambit\n|-supereffective|p2a: Kingambit\n|-damage|p2a: Kingambit|0 fnt\n|faint|p2a: Kingambit\n|-end|p2a: Kingambit|fallen2|[silent]\n|\n|upkeep\n|\n|t:|1701097083\n|switch|p2a: Iron Valiant|Iron Valiant|100\/100\n|-damage|p2a: Iron Valiant|94\/100|[from] Stealth Rock\n|-enditem|p2a: Iron Valiant|Booster Energy\n|-activate|p2a: Iron Valiant|ability: Quark Drive|[fromitem]\n|-start|p2a: Iron Valiant|quarkdrivespe\n|turn|16\n|\n|t:|1701097087\n|-end|p1a: Great Tusk|Protosynthesis|[silent]\n|switch|p1a: Amoonguss|Amoonguss, M, shiny|100\/100\n|-damage|p1a: Amoonguss|88\/100|[from] Stealth Rock\n|move|p2a: Iron Valiant|Moonblast|p1a: Amoonguss\n|-resisted|p1a: Amoonguss\n|-damage|p1a: Amoonguss|73\/100\n|-unboost|p1a: Amoonguss|spa|1\n|-enditem|p1a: Amoonguss|Red Card|[of] p2a: Iron Valiant\n|-end|p2a: Iron Valiant|Quark Drive|[silent]\n|drag|p2a: Amoonguss|Amoonguss, F|100\/100\n|-damage|p2a: Amoonguss|88\/100|[from] Stealth Rock\n|\n|upkeep\n|turn|17\n|\n|t:|1701097096\n|switch|p1a: Heatran|Heatran, M, shiny, tera:Flying|40\/100\n|-damage|p1a: Heatran|15\/100|[from] Stealth Rock\n|move|p2a: Amoonguss|Sludge Bomb|p1a: Heatran\n|-damage|p1a: Heatran|0 fnt\n|faint|p1a: Heatran\n|\n|upkeep\n|\n|t:|1701097104\n|switch|p1a: Weavile|Weavile, M, shiny|100\/100\n|-damage|p1a: Weavile|76\/100|[from] Stealth Rock\n|turn|18\n|\n|t:|1701097107\n|move|p1a: Weavile|Icicle Crash|p2a: Amoonguss|[miss]\n|-miss|p1a: Weavile|p2a: Amoonguss\n|move|p2a: Amoonguss|Spore|p1a: Weavile\n|-status|p1a: Weavile|slp|[from] move: Spore\n|\n|upkeep\n|turn|19\n|\n|t:|1701097110\n|cant|p1a: Weavile|slp\n|move|p2a: Amoonguss|Sludge Bomb|p1a: Weavile\n|-damage|p1a: Weavile|40\/100 slp\n|\n|upkeep\n|turn|20\n|c|\u2606Nitro611|ah well\n|\n|t:|1701097115\n|-curestatus|p1a: Weavile|slp|[msg]\n|move|p1a: Weavile|Icicle Crash|p2a: Amoonguss\n|-supereffective|p2a: Amoonguss\n|-damage|p2a: Amoonguss|7\/100\n|move|p2a: Amoonguss|Sludge Bomb|p1a: Weavile\n|-damage|p1a: Weavile|5\/100\n|\n|upkeep\n|turn|21\n|\n|t:|1701097121\n|switch|p2a: Dragapult|Dragapult, M|100\/100 par\n|-damage|p2a: Dragapult|88\/100 par|[from] Stealth Rock\n|move|p1a: Weavile|Ice Shard|p2a: Dragapult\n|-supereffective|p2a: Dragapult\n|-crit|p2a: Dragapult\n|-damage|p2a: Dragapult|0 fnt\n|faint|p2a: Dragapult\n|\n|upkeep\n|\n|t:|1701097126\n|switch|p2a: Iron Valiant|Iron Valiant|94\/100\n|-damage|p2a: Iron Valiant|88\/100|[from] Stealth Rock\n|turn|22\n|\n|t:|1701097131\n|move|p1a: Weavile|Icicle Crash|p2a: Iron Valiant\n|-damage|p2a: Iron Valiant|24\/100\n|move|p2a: Iron Valiant|Moonblast|p1a: Weavile\n|-supereffective|p1a: Weavile\n|-damage|p1a: Weavile|0 fnt\n|faint|p1a: Weavile\n|\n|upkeep\n|\n|t:|1701097137\n|switch|p1a: Amoonguss|Amoonguss, M, shiny|100\/100\n|-damage|p1a: Amoonguss|88\/100|[from] Stealth Rock\n|turn|23\n|\n|t:|1701097139\n|-end|p2a: Iron Valiant|Quark Drive|[silent]\n|switch|p2a: Amoonguss|Amoonguss, F|41\/100\n|-damage|p2a: Amoonguss|28\/100|[from] Stealth Rock\n|move|p1a: Amoonguss|Sludge Bomb|p2a: Amoonguss\n|-damage|p2a: Amoonguss|4\/100\n|\n|upkeep\n|turn|24\n|\n|t:|1701097144\n|move|p2a: Amoonguss|Sludge Bomb|p1a: Amoonguss\n|-damage|p1a: Amoonguss|71\/100\n|move|p1a: Amoonguss|Sludge Bomb|p2a: Amoonguss\n|-damage|p2a: Amoonguss|0 fnt\n|faint|p2a: Amoonguss\n|\n|upkeep\n|\n|t:|1701097147\n|switch|p2a: Iron Valiant|Iron Valiant|24\/100\n|-damage|p2a: Iron Valiant|18\/100|[from] Stealth Rock\n|turn|25\n|\n|t:|1701097149\n|move|p2a: Iron Valiant|Psyshock|p1a: Amoonguss\n|-supereffective|p1a: Amoonguss\n|-damage|p1a: Amoonguss|21\/100\n|move|p1a: Amoonguss|Sludge Bomb|p2a: Iron Valiant\n|-supereffective|p2a: Iron Valiant\n|-damage|p2a: Iron Valiant|0 fnt\n|faint|p2a: Iron Valiant\n|-end|p2a: Iron Valiant|Quark Drive|[silent]\n|\n|win|Nitro611\n|raw|Nitro611's rating: 1553 &rarr; <strong>1578<\/strong><br \/>(+25 for winning)\n|raw|Devil94's rating: 1641 &rarr; <strong>1616<\/strong><br \/>(-25 for losing)\n|c|\u2606Nitro611|gg\n|l|\u2606Devil94\n","uploadtime":1701097163,"views":2,"p1id":"nitro611","p2id":"devil94","formatid":"gen9ou","rating":1578,"private":0,"password":""}