{"id":"gen9ou-1992367483","p1":"Dj901","p2":"Infernagatr","format":"[Gen 9] OU","log":"|j|\u2606Dj901\n|j|\u2606Infernagatr\n|t:|1700179425\n|gametype|singles\n|player|p1|Dj901|hilbert|1154\n|player|p2|Infernagatr|volkner|1129\n|teamsize|p1|6\n|teamsize|p2|6\n|gen|9\n|tier|[Gen 9] OU\n|rated|\n|rule|Sleep Clause Mod: Limit one foe put to sleep\n|rule|Species Clause: Limit one of each Pok\u00e9mon\n|rule|OHKO Clause: OHKO moves are banned\n|rule|Evasion Items Clause: Evasion items are banned\n|rule|Evasion Moves Clause: Evasion moves are banned\n|rule|Endless Battle Clause: Forcing endless battles is banned\n|rule|HP Percentage Mod: HP is shown in percentages\n|clearpoke\n|poke|p1|Pawmot, M|\n|poke|p1|Conkeldurr, F|\n|poke|p1|Quaquaval, F|\n|poke|p1|Iron Valiant|\n|poke|p1|Lucario, F|\n|poke|p1|Infernape, F|\n|poke|p2|Spidops, M|\n|poke|p2|Samurott-Hisui, F|\n|poke|p2|Iron Moth|\n|poke|p2|Great Tusk|\n|poke|p2|Electrode-Hisui|\n|poke|p2|Enamorus-Therian, F|\n|teampreview\n|\n|t:|1700179443\n|start\n|switch|p1a: Quaquaval|Quaquaval, F|100\/100\n|switch|p2a: Electrode|Electrode-Hisui|100\/100\n|turn|1\n|\n|t:|1700179453\n|switch|p1a: Pawmot|Pawmot, M|100\/100\n|move|p2a: Electrode|Volt Switch|p1a: Pawmot\n|-resisted|p1a: Pawmot\n|-damage|p1a: Pawmot|82\/100\n|\n|t:|1700179464\n|switch|p2a: Great Tusk|Great Tusk|100\/100|[from] Volt Switch\n|\n|upkeep\n|turn|2\n|\n|t:|1700179468\n|move|p1a: Pawmot|Charm|p2a: Great Tusk\n|-unboost|p2a: Great Tusk|atk|2\n|move|p2a: Great Tusk|Bulk Up|p2a: Great Tusk\n|-boost|p2a: Great Tusk|atk|1\n|-boost|p2a: Great Tusk|def|1\n|\n|upkeep\n|turn|3\n|\n|t:|1700179477\n|move|p1a: Pawmot|Charm|p2a: Great Tusk\n|-unboost|p2a: Great Tusk|atk|2\n|move|p2a: Great Tusk|Bulk Up|p2a: Great Tusk\n|-boost|p2a: Great Tusk|atk|1\n|-boost|p2a: Great Tusk|def|1\n|\n|upkeep\n|turn|4\n|\n|t:|1700179485\n|-end|p2a: Great Tusk|Protosynthesis|[silent]\n|switch|p2a: Electrode|Electrode-Hisui|100\/100\n|move|p1a: Pawmot|Charm|p2a: Electrode\n|-unboost|p2a: Electrode|atk|2\n|\n|upkeep\n|turn|5\n|\n|t:|1700179493\n|move|p2a: Electrode|Foul Play|p1a: Pawmot\n|-resisted|p1a: Pawmot\n|-damage|p1a: Pawmot|59\/100\n|move|p1a: Pawmot|Brick Break|p2a: Electrode\n|-damage|p2a: Electrode|39\/100\n|\n|upkeep\n|turn|6\n|\n|t:|1700179501\n|move|p2a: Electrode|Volt Switch|p1a: Pawmot\n|-resisted|p1a: Pawmot\n|-damage|p1a: Pawmot|40\/100\n|\n|t:|1700179511\n|switch|p2a: Iron Moth|Iron Moth|100\/100|[from] Volt Switch\n|move|p1a: Pawmot|Thunder Punch|p2a: Iron Moth\n|-damage|p2a: Iron Moth|30\/100\n|\n|upkeep\n|turn|7\n|\n|t:|1700179518\n|move|p2a: Iron Moth|Fiery Dance|p1a: Pawmot\n|-damage|p1a: Pawmot|0 fnt\n|faint|p1a: Pawmot\n|-damage|p2a: Iron Moth|20\/100|[from] item: Life Orb\n|\n|upkeep\n|\n|t:|1700179524\n|switch|p1a: Quaquaval|Quaquaval, F|100\/100\n|turn|8\n|\n|t:|1700179534\n|move|p2a: Iron Moth|Sludge Wave|p1a: Quaquaval\n|-damage|p1a: Quaquaval|0 fnt\n|faint|p1a: Quaquaval\n|-damage|p2a: Iron Moth|10\/100|[from] item: Life Orb\n|\n|upkeep\n|c|\u2606Infernagatr|damn\n|\n|t:|1700179541\n|switch|p1a: Infernape|Infernape, F|100\/100\n|turn|9\n|c|\u2606Dj901|yeah that was surprising\n|\n|t:|1700179554\n|move|p2a: Iron Moth|Sludge Wave|p1a: Infernape\n|-damage|p1a: Infernape|5\/100\n|-damage|p2a: Iron Moth|0 fnt|[from] item: Life Orb\n|faint|p2a: Iron Moth\n|-end|p2a: Iron Moth|Quark Drive|[silent]\n|move|p1a: Infernape|Flamethrower|p2: Iron Moth|[notarget]\n|-fail|p1a: Infernape\n|\n|upkeep\n|\n|t:|1700179563\n|switch|p2a: Samurott|Samurott-Hisui, F|100\/100\n|turn|10\n|\n|t:|1700179568\n|move|p2a: Samurott|Ceaseless Edge|p1a: Infernape\n|-resisted|p1a: Infernape\n|-damage|p1a: Infernape|0 fnt\n|-sidestart|p1: Dj901|Spikes\n|faint|p1a: Infernape\n|\n|upkeep\n|c|\u2606Infernagatr|moth goated tho\n|c|\u2606Dj901|True\n|\n|t:|1700179590\n|switch|p1a: Lucario|Lucario, F|100\/100\n|-damage|p1a: Lucario|88\/100|[from] Spikes\n|turn|11\n|\n|t:|1700179595\n|switch|p2a: Spidops|Spidops, M|100\/100\n|move|p1a: Lucario|Aura Sphere|p2a: Spidops\n|-resisted|p2a: Spidops\n|-damage|p2a: Spidops|77\/100\n|\n|upkeep\n|turn|12\n|\n|t:|1700179601\n|move|p1a: Lucario|Shadow Ball|p2a: Spidops\n|-damage|p2a: Spidops|48\/100\n|move|p2a: Spidops|Sticky Web|p1a: Lucario\n|-sidestart|p1: Dj901|move: Sticky Web\n|\n|upkeep\n|turn|13\n|\n|t:|1700179607\n|move|p1a: Lucario|Calm Mind|p1a: Lucario\n|-boost|p1a: Lucario|spa|1\n|-boost|p1a: Lucario|spd|1\n|move|p2a: Spidops|Toxic Spikes|p1a: Lucario\n|-sidestart|p1: Dj901|move: Toxic Spikes\n|\n|upkeep\n|turn|14\n|\n|t:|1700179614\n|move|p1a: Lucario|Calm Mind|p1a: Lucario\n|-boost|p1a: Lucario|spa|1\n|-boost|p1a: Lucario|spd|1\n|move|p2a: Spidops|Knock Off|p1a: Lucario\n|-resisted|p1a: Lucario\n|-damage|p1a: Lucario|72\/100\n|-enditem|p1a: Lucario|Aguav Berry|[from] move: Knock Off|[of] p2a: Spidops\n|\n|upkeep\n|turn|15\n|\n|t:|1700179627\n|move|p1a: Lucario|Shadow Ball|p2a: Spidops\n|-crit|p2a: Spidops\n|-damage|p2a: Spidops|0 fnt\n|faint|p2a: Spidops\n|\n|upkeep\n|\n|t:|1700179633\n|switch|p2a: Great Tusk|Great Tusk|100\/100\n|turn|16\n|c|\u2606Infernagatr|please don't be the set i think you are\n|\n|t:|1700179750\n|move|p2a: Great Tusk|Endure|p2a: Great Tusk\n|-singleturn|p2a: Great Tusk|move: Endure\n|move|p1a: Lucario|Shadow Ball|p2a: Great Tusk\n|-damage|p2a: Great Tusk|29\/100\n|\n|upkeep\n|turn|17\n|c|\u2606Dj901|?\n|c|\u2606Infernagatr|damn how did he eat that\n|\n|t:|1700179772\n|move|p2a: Great Tusk|Endure|p2a: Great Tusk\n|-singleturn|p2a: Great Tusk|move: Endure\n|move|p1a: Lucario|Shadow Ball|p2a: Great Tusk\n|-activate|p2a: Great Tusk|move: Endure\n|-damage|p2a: Great Tusk|1\/100\n|-enditem|p2a: Great Tusk|Salac Berry|[eat]\n|-boost|p2a: Great Tusk|spe|1|[from] item: Salac Berry\n|\n|upkeep\n|turn|18\n|\n|t:|1700179780\n|move|p2a: Great Tusk|Reversal|p1a: Lucario\n|-supereffective|p1a: Lucario\n|-damage|p1a: Lucario|0 fnt\n|faint|p1a: Lucario\n|\n|upkeep\n|\n|t:|1700179785\n|switch|p1a: Conkeldurr|Conkeldurr, F|100\/100\n|-damage|p1a: Conkeldurr|88\/100|[from] Spikes\n|-activate|p1a: Conkeldurr|move: Sticky Web\n|-unboost|p1a: Conkeldurr|spe|1\n|-status|p1a: Conkeldurr|psn\n|turn|19\n|\n|t:|1700179794\n|-terastallize|p1a: Conkeldurr|Poison\n|move|p2a: Great Tusk|Reversal|p1a: Conkeldurr\n|-resisted|p1a: Conkeldurr\n|-damage|p1a: Conkeldurr|40\/100 psn\n|move|p1a: Conkeldurr|Poison Jab|p2a: Great Tusk\n|-resisted|p2a: Great Tusk\n|-damage|p2a: Great Tusk|0 fnt\n|faint|p2a: Great Tusk\n|-end|p2a: Great Tusk|Protosynthesis|[silent]\n|\n|-damage|p1a: Conkeldurr|28\/100 psn|[from] psn\n|upkeep\n|\n|t:|1700179808\n|switch|p2a: Samurott|Samurott-Hisui, F|100\/100\n|turn|20\n|\n|t:|1700179817\n|move|p2a: Samurott|Aqua Cutter|p1a: Conkeldurr\n|-damage|p1a: Conkeldurr|0 fnt\n|faint|p1a: Conkeldurr\n|\n|upkeep\n|\n|t:|1700179820\n|switch|p1a: Iron Valiant|Iron Valiant|100\/100\n|-damage|p1a: Iron Valiant|88\/100|[from] Spikes\n|-activate|p1a: Iron Valiant|move: Sticky Web\n|-unboost|p1a: Iron Valiant|spe|1\n|-status|p1a: Iron Valiant|psn\n|-enditem|p1a: Iron Valiant|Booster Energy\n|-activate|p1a: Iron Valiant|ability: Quark Drive|[fromitem]\n|-start|p1a: Iron Valiant|quarkdrivespa\n|turn|21\n|\n|t:|1700179831\n|-terastallize|p2a: Samurott|Water\n|move|p2a: Samurott|Aqua Cutter|p1a: Iron Valiant\n|-damage|p1a: Iron Valiant|9\/100 psn\n|move|p1a: Iron Valiant|Moonblast|p2a: Samurott\n|-damage|p2a: Samurott|5\/100\n|\n|-damage|p1a: Iron Valiant|0 fnt|[from] psn\n|faint|p1a: Iron Valiant\n|-end|p1a: Iron Valiant|Quark Drive|[silent]\n|\n|win|Infernagatr\n|upkeep\n|raw|Dj901's rating: 1154 &rarr; <strong>1127<\/strong><br \/>(-27 for losing)\n|raw|Infernagatr's rating: 1129 &rarr; <strong>1156<\/strong><br \/>(+27 for winning)\n|c|\u2606Dj901|Good bulk\n|c|\u2606Infernagatr|gg\n|c|\u2606Dj901|gg\n|l|\u2606Dj901\n","uploadtime":1700179853,"views":7,"p1id":"dj901","p2id":"infernagatr","formatid":"gen9ou","rating":1127,"private":0,"password":""}