{"id":"gen9ou-1991258938","p1":"har0tt","p2":"Dingles Apetitosis","format":"[Gen 9] OU","log":"|j|\u2606har0tt\n|j|\u2606Dingles Apetitosis\n|t:|1700062032\n|gametype|singles\n|player|p1|har0tt|ghetsis-gen5bw|1808\n|player|p2|Dingles Apetitosis|102|1845\n|teamsize|p1|6\n|teamsize|p2|6\n|gen|9\n|tier|[Gen 9] OU\n|rated|\n|rule|Sleep Clause Mod: Limit one foe put to sleep\n|rule|Species Clause: Limit one of each Pok\u00e9mon\n|rule|OHKO Clause: OHKO moves are banned\n|rule|Evasion Items Clause: Evasion items are banned\n|rule|Evasion Moves Clause: Evasion moves are banned\n|rule|Endless Battle Clause: Forcing endless battles is banned\n|rule|HP Percentage Mod: HP is shown in percentages\n|clearpoke\n|poke|p1|Pelipper, M|\n|poke|p1|Volcanion|\n|poke|p1|Barraskewda, M|\n|poke|p1|Zapdos|\n|poke|p1|Corviknight, M|\n|poke|p1|Tornadus-Therian, M|\n|poke|p2|Breloom, M|\n|poke|p2|Scizor, F|\n|poke|p2|Zapdos|\n|poke|p2|Ting-Lu|\n|poke|p2|Walking Wake|\n|poke|p2|Cinderace, F|\n|teampreview\n|inactive|Battle timer is ON: inactive players will automatically lose when time's up. (requested by har0tt)\n|\n|t:|1700062042\n|start\n|switch|p1a: my besto friendo|Tornadus-Therian, M|100\/100\n|switch|p2a: Zapdos|Zapdos|100\/100\n|turn|1\n|\n|t:|1700062045\n|move|p1a: my besto friendo|Knock Off|p2a: Zapdos\n|-damage|p2a: Zapdos|86\/100\n|-enditem|p2a: Zapdos|Heavy-Duty Boots|[from] move: Knock Off|[of] p1a: my besto friendo\n|move|p2a: Zapdos|Volt Switch|p1a: my besto friendo\n|-supereffective|p1a: my besto friendo\n|-damage|p1a: my besto friendo|70\/100\n|\n|t:|1700062050\n|switch|p2a: Ting-Lu|Ting-Lu|100\/100|[from] Volt Switch\n|-ability|p2a: Ting-Lu|Vessel of Ruin\n|\n|upkeep\n|turn|2\n|\n|t:|1700062054\n|move|p1a: my besto friendo|U-turn|p2a: Ting-Lu\n|-supereffective|p2a: Ting-Lu\n|-damage|p2a: Ting-Lu|84\/100\n|\n|t:|1700062056\n|switch|p1a: bi-curious|Pelipper, M, shiny|100\/100|[from] U-turn\n|-weather|RainDance|[from] ability: Drizzle|[of] p1a: bi-curious\n|move|p2a: Ting-Lu|Stealth Rock|p1a: bi-curious\n|-sidestart|p1: har0tt|move: Stealth Rock\n|\n|-weather|RainDance|[upkeep]\n|-heal|p2a: Ting-Lu|90\/100|[from] item: Leftovers\n|upkeep\n|turn|3\n|\n|t:|1700062062\n|move|p1a: bi-curious|U-turn|p2a: Ting-Lu\n|-supereffective|p2a: Ting-Lu\n|-damage|p2a: Ting-Lu|81\/100\n|\n|t:|1700062064\n|switch|p1a: rodrigo de paul|Corviknight, M|100\/100|[from] U-turn\n|-damage|p1a: rodrigo de paul|88\/100|[from] Stealth Rock\n|-ability|p1a: rodrigo de paul|Pressure\n|move|p2a: Ting-Lu|Stone Edge|p1a: rodrigo de paul\n|-damage|p1a: rodrigo de paul|72\/100\n|\n|-weather|RainDance|[upkeep]\n|-heal|p2a: Ting-Lu|87\/100|[from] item: Leftovers\n|upkeep\n|turn|4\n|\n|t:|1700062069\n|move|p1a: rodrigo de paul|Defog|p2a: Ting-Lu\n|-unboost|p2a: Ting-Lu|evasion|1\n|-sideend|p1: har0tt|Stealth Rock|[from] move: Defog|[of] p1a: rodrigo de paul\n|move|p2a: Ting-Lu|Ruination|p1a: rodrigo de paul\n|-damage|p1a: rodrigo de paul|36\/100\n|\n|-weather|RainDance|[upkeep]\n|-heal|p2a: Ting-Lu|93\/100|[from] item: Leftovers\n|upkeep\n|turn|5\n|\n|t:|1700062073\n|move|p1a: rodrigo de paul|Roost|p1a: rodrigo de paul\n|-heal|p1a: rodrigo de paul|86\/100\n|-singleturn|p1a: rodrigo de paul|move: Roost\n|move|p2a: Ting-Lu|Earthquake|p1a: rodrigo de paul\n|-supereffective|p1a: rodrigo de paul\n|-damage|p1a: rodrigo de paul|39\/100\n|\n|-weather|RainDance|[upkeep]\n|-heal|p2a: Ting-Lu|99\/100|[from] item: Leftovers\n|upkeep\n|turn|6\n|\n|t:|1700062079\n|move|p1a: rodrigo de paul|Roost|p1a: rodrigo de paul\n|-heal|p1a: rodrigo de paul|89\/100\n|-singleturn|p1a: rodrigo de paul|move: Roost\n|move|p2a: Ting-Lu|Stealth Rock|p1a: rodrigo de paul\n|-sidestart|p1: har0tt|move: Stealth Rock\n|\n|-weather|RainDance|[upkeep]\n|-heal|p2a: Ting-Lu|100\/100|[from] item: Leftovers\n|upkeep\n|turn|7\n|\n|t:|1700062084\n|switch|p2a: Zapdos|Zapdos|86\/100\n|move|p1a: rodrigo de paul|Defog|p2a: Zapdos\n|-unboost|p2a: Zapdos|evasion|1\n|-sideend|p1: har0tt|Stealth Rock|[from] move: Defog|[of] p1a: rodrigo de paul\n|\n|-weather|RainDance|[upkeep]\n|upkeep\n|turn|8\n|\n|t:|1700062088\n|switch|p1a: my besto friendo|Tornadus-Therian, M|100\/100\n|move|p2a: Zapdos|Volt Switch|p1a: my besto friendo\n|-supereffective|p1a: my besto friendo\n|-damage|p1a: my besto friendo|74\/100\n|\n|t:|1700062091\n|switch|p2a: Ting-Lu|Ting-Lu|100\/100|[from] Volt Switch\n|-ability|p2a: Ting-Lu|Vessel of Ruin\n|\n|-weather|RainDance|[upkeep]\n|upkeep\n|turn|9\n|\n|t:|1700062094\n|move|p1a: my besto friendo|U-turn|p2a: Ting-Lu\n|-supereffective|p2a: Ting-Lu\n|-damage|p2a: Ting-Lu|84\/100\n|\n|t:|1700062096\n|switch|p1a: UBLAHAHGJAAH|Volcanion|100\/100|[from] U-turn\n|move|p2a: Ting-Lu|Stealth Rock|p1a: UBLAHAHGJAAH\n|-sidestart|p1: har0tt|move: Stealth Rock\n|\n|-weather|none\n|-heal|p2a: Ting-Lu|90\/100|[from] item: Leftovers\n|upkeep\n|turn|10\n|\n|t:|1700062098\n|move|p1a: UBLAHAHGJAAH|Steam Eruption|p2a: Ting-Lu\n|-supereffective|p2a: Ting-Lu\n|-damage|p2a: Ting-Lu|9\/100\n|-status|p2a: Ting-Lu|brn\n|move|p2a: Ting-Lu|Earthquake|p1a: UBLAHAHGJAAH\n|-supereffective|p1a: UBLAHAHGJAAH\n|-damage|p1a: UBLAHAHGJAAH|61\/100\n|\n|-heal|p2a: Ting-Lu|15\/100 brn|[from] item: Leftovers\n|-damage|p2a: Ting-Lu|9\/100 brn|[from] brn\n|upkeep\n|turn|11\n|\n|t:|1700062102\n|move|p1a: UBLAHAHGJAAH|Steam Eruption|p2a: Ting-Lu\n|-supereffective|p2a: Ting-Lu\n|-damage|p2a: Ting-Lu|0 fnt\n|faint|p2a: Ting-Lu\n|\n|upkeep\n|\n|t:|1700062104\n|switch|p2a: Walking Wake|Walking Wake|100\/100\n|-enditem|p2a: Walking Wake|Booster Energy\n|-activate|p2a: Walking Wake|ability: Protosynthesis|[fromitem]\n|-start|p2a: Walking Wake|protosynthesisspa\n|turn|12\n|\n|t:|1700062110\n|move|p2a: Walking Wake|Agility|p2a: Walking Wake\n|-boost|p2a: Walking Wake|spe|2\n|move|p1a: UBLAHAHGJAAH|Steam Eruption|p2a: Walking Wake\n|-resisted|p2a: Walking Wake\n|-damage|p2a: Walking Wake|71\/100\n|-status|p2a: Walking Wake|brn\n|\n|-damage|p2a: Walking Wake|65\/100 brn|[from] brn\n|upkeep\n|turn|13\n|j| srtyjj\n|\n|t:|1700062129\n|move|p2a: Walking Wake|Dragon Pulse|p1a: UBLAHAHGJAAH\n|-damage|p1a: UBLAHAHGJAAH|0 fnt\n|faint|p1a: UBLAHAHGJAAH\n|\n|-damage|p2a: Walking Wake|59\/100 brn|[from] brn\n|upkeep\n|\n|t:|1700062139\n|switch|p1a: bi-curious|Pelipper, M, shiny|100\/100\n|-damage|p1a: bi-curious|76\/100|[from] Stealth Rock\n|-weather|RainDance|[from] ability: Drizzle|[of] p1a: bi-curious\n|turn|14\n|\n|t:|1700062143\n|switch|p1a: my besto friendo|Tornadus-Therian, M|100\/100\n|-damage|p1a: my besto friendo|76\/100|[from] Stealth Rock\n|move|p2a: Walking Wake|Dragon Pulse|p1a: my besto friendo\n|-damage|p1a: my besto friendo|44\/100\n|\n|-weather|RainDance|[upkeep]\n|-damage|p2a: Walking Wake|52\/100 brn|[from] brn\n|upkeep\n|turn|15\n|\n|t:|1700062163\n|-terastallize|p1a: my besto friendo|Steel\n|move|p2a: Walking Wake|Surf|p1a: my besto friendo\n|-damage|p1a: my besto friendo|0 fnt\n|faint|p1a: my besto friendo\n|\n|-weather|RainDance|[upkeep]\n|-damage|p2a: Walking Wake|46\/100 brn|[from] brn\n|upkeep\n|\n|t:|1700062168\n|switch|p1a: dont mute me mods|Barraskewda, M, shiny|100\/100\n|-damage|p1a: dont mute me mods|88\/100|[from] Stealth Rock\n|turn|16\n|\n|t:|1700062181\n|move|p1a: dont mute me mods|Close Combat|p2a: Walking Wake\n|-damage|p2a: Walking Wake|0 fnt\n|-unboost|p1a: dont mute me mods|def|1\n|-unboost|p1a: dont mute me mods|spd|1\n|faint|p2a: Walking Wake\n|-end|p2a: Walking Wake|Protosynthesis|[silent]\n|\n|-weather|RainDance|[upkeep]\n|upkeep\n|\n|t:|1700062185\n|switch|p2a: Zapdos|Zapdos|86\/100\n|turn|17\n|\n|t:|1700062189\n|switch|p1a: rodrigo de paul|Corviknight, M|89\/100\n|-damage|p1a: rodrigo de paul|77\/100|[from] Stealth Rock\n|-ability|p1a: rodrigo de paul|Pressure\n|move|p2a: Zapdos|Volt Switch|p1a: rodrigo de paul\n|-supereffective|p1a: rodrigo de paul\n|-crit|p1a: rodrigo de paul\n|-damage|p1a: rodrigo de paul|0 fnt\n|faint|p1a: rodrigo de paul\n|\n|t:|1700062197\n|switch|p2a: Scizor|Scizor, F|100\/100|[from] Volt Switch\n|\n|-weather|RainDance|[upkeep]\n|upkeep\n|\n|t:|1700062200\n|switch|p1a: dont mute me mods|Barraskewda, M, shiny|88\/100\n|-damage|p1a: dont mute me mods|75\/100|[from] Stealth Rock\n|turn|18\n|j| Misuta Zero\n|\n|t:|1700062214\n|move|p2a: Scizor|Bullet Punch|p1a: dont mute me mods\n|-resisted|p1a: dont mute me mods\n|-damage|p1a: dont mute me mods|22\/100\n|move|p1a: dont mute me mods|Liquidation|p2a: Scizor\n|-damage|p2a: Scizor|0 fnt\n|faint|p2a: Scizor\n|\n|-weather|RainDance|[upkeep]\n|upkeep\n|\n|t:|1700062219\n|switch|p2a: Breloom|Breloom, M|100\/100\n|turn|19\n|\n|t:|1700062227\n|move|p1a: dont mute me mods|Liquidation|p2a: Breloom\n|-resisted|p2a: Breloom\n|-damage|p2a: Breloom|14\/100\n|-unboost|p2a: Breloom|def|1\n|move|p2a: Breloom|Spore|p1a: dont mute me mods\n|-status|p1a: dont mute me mods|slp|[from] move: Spore\n|\n|-weather|RainDance|[upkeep]\n|upkeep\n|turn|20\n|\n|t:|1700062232\n|cant|p1a: dont mute me mods|slp\n|move|p2a: Breloom|Bullet Seed|p1a: dont mute me mods\n|-supereffective|p1a: dont mute me mods\n|-damage|p1a: dont mute me mods|0 fnt\n|faint|p1a: dont mute me mods\n|-hitcount|p1: dont mute me mods|1\n|\n|-weather|RainDance|[upkeep]\n|upkeep\n|\n|t:|1700062234\n|switch|p1a: taser|Zapdos|100\/100\n|-damage|p1a: taser|76\/100|[from] Stealth Rock\n|turn|21\n|\n|t:|1700062260\n|move|p2a: Breloom|Mach Punch|p1a: taser\n|-resisted|p1a: taser\n|-damage|p1a: taser|55\/100\n|move|p1a: taser|Thunder|p2a: Breloom\n|-resisted|p2a: Breloom\n|-damage|p2a: Breloom|0 fnt\n|faint|p2a: Breloom\n|\n|-weather|none\n|upkeep\n|\n|t:|1700062268\n|switch|p2a: Cinderace|Cinderace, F|100\/100\n|turn|22\n|\n|t:|1700062274\n|switch|p1a: bi-curious|Pelipper, M, shiny|76\/100\n|-damage|p1a: bi-curious|51\/100|[from] Stealth Rock\n|-weather|RainDance|[from] ability: Drizzle|[of] p1a: bi-curious\n|move|p2a: Cinderace|U-turn|p1a: bi-curious\n|-resisted|p1a: bi-curious\n|-damage|p1a: bi-curious|42\/100\n|\n|t:|1700062277\n|switch|p2a: Zapdos|Zapdos|86\/100|[from] U-turn\n|\n|-weather|RainDance|[upkeep]\n|upkeep\n|turn|23\n|\n|t:|1700062280\n|move|p2a: Zapdos|Hurricane|p1a: bi-curious\n|-damage|p1a: bi-curious|0 fnt\n|faint|p1a: bi-curious\n|\n|-weather|RainDance|[upkeep]\n|upkeep\n|\n|t:|1700062282\n|switch|p1a: taser|Zapdos|55\/100\n|-damage|p1a: taser|30\/100|[from] Stealth Rock\n|turn|24\n|\n|t:|1700062286\n|move|p1a: taser|Thunder|p2a: Zapdos\n|-damage|p2a: Zapdos|29\/100\n|move|p2a: Zapdos|Volt Switch|p1a: taser\n|-damage|p1a: taser|0 fnt\n|faint|p1a: taser\n|\n|win|Dingles Apetitosis\n|raw|har0tt's rating: 1808 &rarr; <strong>1790<\/strong><br \/>(-18 for losing)\n|raw|Dingles Apetitosis's rating: 1845 &rarr; <strong>1863<\/strong><br \/>(+18 for winning)\n|l|\u2606har0tt\n|l| srtyjj\n","uploadtime":1700062305,"views":7,"p1id":"har0tt","p2id":"dinglesapetitosis","formatid":"gen9ou","rating":1790,"private":0,"password":""}