{"id":"gen9ou-1995154664","p1":"PLAYB0I R0BBIE B","p2":"cryaboutitE","format":"[Gen 9] OU","log":"|j|\u2606PLAYB0I R0BBIE B\n|j|\u2606cryaboutitE\n|t:|1700528676\n|gametype|singles\n|player|p1|PLAYB0I R0BBIE B|eusine|1264\n|player|p2|cryaboutitE|steven|1183\n|teamsize|p1|6\n|teamsize|p2|6\n|gen|9\n|tier|[Gen 9] OU\n|rated|\n|rule|Sleep Clause Mod: Limit one foe put to sleep\n|rule|Species Clause: Limit one of each Pok\u00e9mon\n|rule|OHKO Clause: OHKO moves are banned\n|rule|Evasion Items Clause: Evasion items are banned\n|rule|Evasion Moves Clause: Evasion moves are banned\n|rule|Endless Battle Clause: Forcing endless battles is banned\n|rule|HP Percentage Mod: HP is shown in percentages\n|clearpoke\n|poke|p1|Meowscarada, F|\n|poke|p1|Heatran, F|\n|poke|p1|Thundurus-Therian, M|\n|poke|p1|Dragapult, F|\n|poke|p1|Azumarill, F|\n|poke|p1|Corviknight, F|\n|poke|p2|Morpeko, F|\n|poke|p2|Enamorus, F|\n|poke|p2|Gholdengo|\n|poke|p2|Kingambit, M|\n|poke|p2|Ogerpon-Wellspring, F|\n|poke|p2|Thundurus-Therian, M|\n|teampreview\n|\n|t:|1700528690\n|start\n|switch|p1a: SICKO MODE|Meowscarada, F|100\/100\n|switch|p2a: Enamorus|Enamorus, F|100\/100\n|turn|1\n|\n|t:|1700528695\n|switch|p1a: SKELETONS|Corviknight, F|100\/100\n|-ability|p1a: SKELETONS|Pressure\n|move|p2a: Enamorus|Superpower|p1a: SKELETONS\n|-damage|p1a: SKELETONS|79\/100\n|-boost|p2a: Enamorus|atk|1\n|-boost|p2a: Enamorus|def|1\n|\n|-heal|p1a: SKELETONS|85\/100|[from] item: Leftovers\n|upkeep\n|turn|2\n|\n|t:|1700528704\n|switch|p2a: Morpeko|Morpeko, F|100\/100\n|move|p1a: SKELETONS|Brave Bird|p2a: Morpeko\n|-resisted|p2a: Morpeko\n|-damage|p2a: Morpeko|65\/100\n|-damage|p1a: SKELETONS|78\/100|[from] Recoil\n|\n|-heal|p1a: SKELETONS|84\/100|[from] item: Leftovers\n|-formechange|p2a: Morpeko|Morpeko-Hangry||[from] ability: Hunger Switch\n|upkeep\n|turn|3\n|\n|t:|1700528709\n|switch|p1a: ASTROTHUNDER|Thundurus-Therian, M|100\/100\n|move|p2a: Morpeko|Knock Off|p1a: ASTROTHUNDER\n|-crit|p1a: ASTROTHUNDER\n|-damage|p1a: ASTROTHUNDER|8\/100\n|-enditem|p1a: ASTROTHUNDER|Choice Specs|[from] move: Knock Off|[of] p2a: Morpeko\n|\n|-formechange|p2a: Morpeko|Morpeko||[from] ability: Hunger Switch\n|upkeep\n|turn|4\n|\n|t:|1700528717\n|move|p1a: ASTROTHUNDER|Volt Switch|p2a: Morpeko\n|-resisted|p2a: Morpeko\n|-damage|p2a: Morpeko|22\/100\n|\n|t:|1700528721\n|switch|p1a: NO BYSTANDERS|Dragapult, F|100\/100|[from] Volt Switch\n|move|p2a: Morpeko|Rapid Spin|p1a: NO BYSTANDERS\n|-immune|p1a: NO BYSTANDERS\n|\n|-formechange|p2a: Morpeko|Morpeko-Hangry||[from] ability: Hunger Switch\n|upkeep\n|turn|5\n|\n|t:|1700528734\n|switch|p2a: Kingambit|Kingambit, M|100\/100\n|move|p1a: NO BYSTANDERS|U-turn|p2a: Kingambit\n|-damage|p2a: Kingambit|88\/100\n|\n|t:|1700528737\n|switch|p1a: SKELETONS|Corviknight, F|84\/100|[from] U-turn\n|-ability|p1a: SKELETONS|Pressure\n|\n|-heal|p1a: SKELETONS|90\/100|[from] item: Leftovers\n|upkeep\n|turn|6\n|\n|t:|1700528743\n|-end|p2a: Kingambit|fallenundefined|[silent]\n|switch|p2a: Thundurus|Thundurus-Therian, M|100\/100\n|move|p1a: SKELETONS|Body Press|p2a: Thundurus\n|-resisted|p2a: Thundurus\n|-damage|p2a: Thundurus|81\/100\n|\n|-heal|p1a: SKELETONS|96\/100|[from] item: Leftovers\n|upkeep\n|turn|7\n|\n|t:|1700528750\n|switch|p1a: NO BYSTANDERS|Dragapult, F|100\/100\n|move|p2a: Thundurus|Volt Switch|p1a: NO BYSTANDERS\n|-resisted|p1a: NO BYSTANDERS\n|-damage|p1a: NO BYSTANDERS|67\/100\n|-damage|p2a: Thundurus|71\/100|[from] item: Life Orb\n|\n|t:|1700528759\n|switch|p2a: Kingambit|Kingambit, M|88\/100|[from] Volt Switch\n|\n|upkeep\n|turn|8\n|\n|t:|1700528762\n|move|p1a: NO BYSTANDERS|Thunder Wave|p2a: Kingambit|[miss]\n|-miss|p1a: NO BYSTANDERS|p2a: Kingambit\n|move|p2a: Kingambit|Kowtow Cleave|p1a: NO BYSTANDERS\n|-supereffective|p1a: NO BYSTANDERS\n|-damage|p1a: NO BYSTANDERS|0 fnt\n|faint|p1a: NO BYSTANDERS\n|-damage|p2a: Kingambit|78\/100|[from] item: Life Orb\n|\n|upkeep\n|\n|t:|1700528769\n|switch|p1a: 5% TINT|Heatran, F|100\/100\n|-item|p1a: 5% TINT|Air Balloon\n|turn|9\n|\n|t:|1700528776\n|-end|p2a: Kingambit|fallenundefined|[silent]\n|switch|p2a: Ogerpon|Ogerpon-Wellspring, F|100\/100\n|move|p1a: 5% TINT|Magma Storm|p2a: Ogerpon\n|-damage|p2a: Ogerpon|34\/100\n|-activate|p2a: Ogerpon|move: Magma Storm|[of] p1a: 5% TINT\n|\n|-damage|p2a: Ogerpon|22\/100|[from] move: Magma Storm|[partiallytrapped]\n|upkeep\n|turn|10\n|\n|t:|1700528787\n|switch|p1a: SKELETONS|Corviknight, F|96\/100\n|-ability|p1a: SKELETONS|Pressure\n|-terastallize|p2a: Ogerpon|Water\n|detailschange|p2a: Ogerpon|Ogerpon-Wellspring-Tera, F, tera:Water\n|-ability|p2a: Ogerpon|Embody Aspect (Wellspring)|boost\n|-boost|p2a: Ogerpon|spd|1\n|move|p2a: Ogerpon|Ivy Cudgel|p1a: SKELETONS|[anim] Ivy Cudgel Water\n|-damage|p1a: SKELETONS|45\/100\n|\n|-heal|p1a: SKELETONS|51\/100|[from] item: Leftovers\n|-end|p2a: Ogerpon|Magma Storm|[partiallytrapped]|[silent]\n|upkeep\n|turn|11\n|\n|t:|1700528797\n|-terastallize|p1a: SKELETONS|Dragon\n|move|p2a: Ogerpon|U-turn|p1a: SKELETONS\n|-damage|p1a: SKELETONS|34\/100\n|\n|t:|1700528807\n|switch|p2a: Enamorus|Enamorus, F|100\/100|[from] U-turn\n|move|p1a: SKELETONS|Body Press|p2a: Enamorus\n|-resisted|p2a: Enamorus\n|-damage|p2a: Enamorus|89\/100\n|\n|-heal|p1a: SKELETONS|40\/100|[from] item: Leftovers\n|upkeep\n|turn|12\n|\n|t:|1700528811\n|switch|p1a: CAN'T SAY|Azumarill, F|100\/100\n|move|p2a: Enamorus|Play Rough|p1a: CAN'T SAY|[miss]\n|-miss|p2a: Enamorus|p1a: CAN'T SAY\n|\n|upkeep\n|turn|13\n|\n|t:|1700528817\n|move|p2a: Enamorus|Play Rough|p1a: CAN'T SAY|[miss]\n|-miss|p2a: Enamorus|p1a: CAN'T SAY\n|move|p1a: CAN'T SAY|Ice Spinner|p2a: Enamorus\n|-supereffective|p2a: Enamorus\n|-damage|p2a: Enamorus|0 fnt\n|faint|p2a: Enamorus\n|\n|upkeep\n|c|\u2606cryaboutitE|Wha-\n|\n|t:|1700528833\n|switch|p2a: Thundurus|Thundurus-Therian, M|71\/100\n|turn|14\n|\n|t:|1700528837\n|switch|p1a: ASTROTHUNDER|Thundurus-Therian, M|8\/100\n|move|p2a: Thundurus|Volt Switch|p1a: ASTROTHUNDER\n|-heal|p1a: ASTROTHUNDER|33\/100|[from] ability: Volt Absorb|[of] p2a: Thundurus\n|\n|upkeep\n|turn|15\n|\n|t:|1700528851\n|move|p1a: ASTROTHUNDER|Tera Blast|p2a: Thundurus\n|-damage|p2a: Thundurus|29\/100\n|move|p2a: Thundurus|Sludge Bomb|p1a: ASTROTHUNDER\n|-damage|p1a: ASTROTHUNDER|0 fnt\n|faint|p1a: ASTROTHUNDER\n|-damage|p2a: Thundurus|19\/100|[from] item: Life Orb\n|\n|upkeep\n|\n|t:|1700528856\n|switch|p1a: CAN'T SAY|Azumarill, F|100\/100\n|turn|16\n|\n|t:|1700528861\n|switch|p2a: Ogerpon|Ogerpon-Wellspring-Tera, F, tera:Water|22\/100\n|-ability|p2a: Ogerpon|Embody Aspect (Wellspring)|boost\n|-boost|p2a: Ogerpon|spd|1\n|switch|p1a: SKELETONS|Corviknight, F, tera:Dragon|40\/100\n|-ability|p1a: SKELETONS|Pressure\n|\n|-heal|p1a: SKELETONS|46\/100|[from] item: Leftovers\n|upkeep\n|turn|17\n|\n|t:|1700528868\n|move|p2a: Ogerpon|U-turn|p1a: SKELETONS\n|-damage|p1a: SKELETONS|30\/100\n|inactive|Battle timer is ON: inactive players will automatically lose when time's up. (requested by PLAYB0I R0BBIE B)\n|\n|t:|1700528870\n|switch|p2a: Gholdengo|Gholdengo|100\/100|[from] U-turn\n|move|p1a: SKELETONS|Roost|p1a: SKELETONS\n|-heal|p1a: SKELETONS|80\/100\n|\n|-heal|p1a: SKELETONS|86\/100|[from] item: Leftovers\n|upkeep\n|turn|18\n|\n|t:|1700528873\n|move|p2a: Gholdengo|Thunder Wave|p1a: SKELETONS\n|-status|p1a: SKELETONS|par\n|move|p1a: SKELETONS|Brave Bird|p2a: Gholdengo\n|-resisted|p2a: Gholdengo\n|-damage|p2a: Gholdengo|83\/100\n|-damage|p1a: SKELETONS|81\/100 par|[from] Recoil\n|\n|-heal|p2a: Gholdengo|89\/100|[from] item: Leftovers\n|-heal|p1a: SKELETONS|87\/100 par|[from] item: Leftovers\n|upkeep\n|turn|19\n|\n|t:|1700528878\n|switch|p1a: SICKO MODE|Meowscarada, F|100\/100\n|move|p2a: Gholdengo|Hex|p1a: SICKO MODE\n|-resisted|p1a: SICKO MODE\n|-damage|p1a: SICKO MODE|72\/100\n|\n|-heal|p2a: Gholdengo|95\/100|[from] item: Leftovers\n|upkeep\n|turn|20\n|\n|t:|1700528884\n|move|p1a: SICKO MODE|Knock Off|p2a: Gholdengo\n|-start|p1a: SICKO MODE|typechange|Dark|[from] ability: Protean\n|-supereffective|p2a: Gholdengo\n|-damage|p2a: Gholdengo|0 fnt\n|-enditem|p2a: Gholdengo|Leftovers|[from] move: Knock Off|[of] p1a: SICKO MODE\n|faint|p2a: Gholdengo\n|\n|upkeep\n|\n|t:|1700528889\n|switch|p2a: Kingambit|Kingambit, M|78\/100\n|-activate|p2a: Kingambit|ability: Supreme Overlord\n|-start|p2a: Kingambit|fallen2|[silent]\n|turn|21\n|\n|t:|1700528893\n|switch|p1a: SKELETONS|Corviknight, F, tera:Dragon|87\/100 par\n|-ability|p1a: SKELETONS|Pressure\n|move|p2a: Kingambit|Iron Head|p1a: SKELETONS\n|-damage|p1a: SKELETONS|40\/100 par\n|-damage|p2a: Kingambit|68\/100|[from] item: Life Orb\n|\n|-heal|p1a: SKELETONS|46\/100 par|[from] item: Leftovers\n|upkeep\n|turn|22\n|\n|t:|1700528900\n|move|p2a: Kingambit|Kowtow Cleave|p1a: SKELETONS\n|-damage|p1a: SKELETONS|0 fnt\n|faint|p1a: SKELETONS\n|-damage|p2a: Kingambit|58\/100|[from] item: Life Orb\n|\n|upkeep\n|\n|t:|1700528908\n|switch|p1a: SICKO MODE|Meowscarada, F|72\/100\n|turn|23\n|\n|t:|1700528922\n|-end|p2a: Kingambit|fallen2|[silent]\n|switch|p2a: Thundurus|Thundurus-Therian, M|19\/100\n|move|p1a: SICKO MODE|Low Kick|p2a: Thundurus\n|-start|p1a: SICKO MODE|typechange|Fighting|[from] ability: Protean\n|-resisted|p2a: Thundurus\n|-damage|p2a: Thundurus|0 fnt\n|faint|p2a: Thundurus\n|\n|upkeep\n|\n|t:|1700528932\n|switch|p2a: Ogerpon|Ogerpon-Wellspring-Tera, F, tera:Water|22\/100\n|-ability|p2a: Ogerpon|Embody Aspect (Wellspring)|boost\n|-boost|p2a: Ogerpon|spd|1\n|turn|24\n|\n|t:|1700528934\n|move|p1a: SICKO MODE|Low Kick|p2a: Ogerpon\n|-damage|p2a: Ogerpon|0 fnt\n|faint|p2a: Ogerpon\n|\n|upkeep\n|\n|t:|1700528937\n|switch|p2a: Morpeko|Morpeko, F|22\/100\n|turn|25\n|\n|t:|1700528941\n|move|p1a: SICKO MODE|Low Kick|p2a: Morpeko\n|-supereffective|p2a: Morpeko\n|-crit|p2a: Morpeko\n|-damage|p2a: Morpeko|0 fnt\n|faint|p2a: Morpeko\n|\n|upkeep\n|\n|t:|1700528943\n|switch|p2a: Kingambit|Kingambit, M|58\/100\n|-activate|p2a: Kingambit|ability: Supreme Overlord\n|-start|p2a: Kingambit|fallen5|[silent]\n|turn|26\n|\n|t:|1700528944\n|move|p2a: Kingambit|Sucker Punch|p1a: SICKO MODE\n|-resisted|p1a: SICKO MODE\n|-damage|p1a: SICKO MODE|8\/100\n|-damage|p2a: Kingambit|48\/100|[from] item: Life Orb\n|move|p1a: SICKO MODE|Low Kick|p2a: Kingambit\n|-supereffective|p2a: Kingambit\n|-damage|p2a: Kingambit|0 fnt\n|faint|p2a: Kingambit\n|-end|p2a: Kingambit|fallen5|[silent]\n|\n|win|PLAYB0I R0BBIE B\n|raw|PLAYB0I R0BBIE B's rating: 1264 &rarr; <strong>1283<\/strong><br \/>(+19 for winning)\n|raw|cryaboutitE's rating: 1183 &rarr; <strong>1164<\/strong><br \/>(-19 for losing)\n|l|\u2606cryaboutitE\n","uploadtime":1700528949,"views":4,"p1id":"playb0ir0bbieb","p2id":"cryaboutite","formatid":"gen9ou","rating":1164,"private":0,"password":""}