{"id":"gen9ou-1997812736","p1":"StinkyBinky609","p2":"Arran147","format":"[Gen 9] OU","log":"|j|\u2606StinkyBinky609\n|j|\u2606Arran147\n|t:|1700855403\n|gametype|singles\n|player|p1|StinkyBinky609|265|1349\n|player|p2|Arran147|101|1279\n|teamsize|p1|6\n|teamsize|p2|6\n|gen|9\n|tier|[Gen 9] OU\n|rated|\n|rule|Sleep Clause Mod: Limit one foe put to sleep\n|rule|Species Clause: Limit one of each Pok\u00e9mon\n|rule|OHKO Clause: OHKO moves are banned\n|rule|Evasion Items Clause: Evasion items are banned\n|rule|Evasion Moves Clause: Evasion moves are banned\n|rule|Endless Battle Clause: Forcing endless battles is banned\n|rule|HP Percentage Mod: HP is shown in percentages\n|clearpoke\n|poke|p1|Great Tusk|\n|poke|p1|Chandelure, M|\n|poke|p1|Kilowattrel, F|\n|poke|p1|Iron Valiant|\n|poke|p1|Piloswine, M|\n|poke|p1|Ogerpon, F|\n|poke|p2|Great Tusk|\n|poke|p2|Ogerpon-Wellspring, F|\n|poke|p2|Kleavor, M|\n|poke|p2|Dragapult, F|\n|poke|p2|Sinistcha-Masterpiece|\n|poke|p2|Basculegion-F, F|\n|teampreview\n|\n|t:|1700855414\n|start\n|switch|p1a: Ogerpon-Shitspring|Ogerpon, F|100\/100\n|switch|p2a: Kleavor|Kleavor, M|100\/100\n|turn|1\n|\n|t:|1700855419\n|-terastallize|p1a: Ogerpon-Shitspring|Grass\n|detailschange|p1a: Ogerpon-Shitspring|Ogerpon-Teal-Tera, F, tera:Grass\n|-ability|p1a: Ogerpon-Shitspring|Embody Aspect (Teal)|boost\n|-boost|p1a: Ogerpon-Shitspring|spe|1\n|move|p1a: Ogerpon-Shitspring|U-turn|p2a: Kleavor\n|-damage|p2a: Kleavor|60\/100\n|\n|t:|1700855426\n|switch|p1a: Elon Musk|Great Tusk|100\/100|[from] U-turn\n|move|p2a: Kleavor|Stone Axe|p1a: Elon Musk\n|-resisted|p1a: Elon Musk\n|-damage|p1a: Elon Musk|90\/100\n|-sidestart|p1: StinkyBinky609|move: Stealth Rock\n|\n|upkeep\n|turn|2\n|\n|t:|1700855433\n|switch|p2a: Sinistcha|Sinistcha-Masterpiece|100\/100\n|move|p1a: Elon Musk|Ice Spinner|p2a: Sinistcha\n|-supereffective|p2a: Sinistcha\n|-damage|p2a: Sinistcha|44\/100\n|-enditem|p2a: Sinistcha|Weakness Policy\n|-boost|p2a: Sinistcha|atk|2|[from] item: Weakness Policy\n|-boost|p2a: Sinistcha|spa|2|[from] item: Weakness Policy\n|\n|upkeep\n|turn|3\n|\n|t:|1700855437\n|-terastallize|p2a: Sinistcha|Fighting\n|move|p1a: Elon Musk|Ice Spinner|p2a: Sinistcha\n|-damage|p2a: Sinistcha|18\/100\n|move|p2a: Sinistcha|Strength Sap|p1a: Elon Musk\n|-unboost|p1a: Elon Musk|atk|1\n|-heal|p2a: Sinistcha|100\/100\n|\n|upkeep\n|turn|4\n|\n|t:|1700855441\n|move|p1a: Elon Musk|Rapid Spin|p2a: Sinistcha\n|-damage|p2a: Sinistcha|89\/100\n|-boost|p1a: Elon Musk|spe|1\n|-sideend|p1: StinkyBinky609|Stealth Rock|[from] move: Rapid Spin|[of] p1a: Elon Musk\n|move|p2a: Sinistcha|Calm Mind|p2a: Sinistcha\n|-boost|p2a: Sinistcha|spa|1\n|-boost|p2a: Sinistcha|spd|1\n|\n|upkeep\n|turn|5\n|\n|t:|1700855452\n|-end|p1a: Elon Musk|Protosynthesis|[silent]\n|switch|p1a: Chandy|Chandelure, M|100\/100\n|move|p2a: Sinistcha|Strength Sap|p1a: Chandy\n|-unboost|p1a: Chandy|atk|1\n|-heal|p2a: Sinistcha|100\/100\n|\n|upkeep\n|turn|6\n|\n|t:|1700855457\n|move|p1a: Chandy|Overheat|p2a: Sinistcha\n|-damage|p2a: Sinistcha|65\/100\n|-unboost|p1a: Chandy|spa|2\n|move|p2a: Sinistcha|Calm Mind|p2a: Sinistcha\n|-boost|p2a: Sinistcha|spa|1\n|-boost|p2a: Sinistcha|spd|1\n|\n|upkeep\n|turn|7\n|\n|t:|1700855464\n|switch|p1a: Elon Musk|Great Tusk|90\/100\n|move|p2a: Sinistcha|Calm Mind|p2a: Sinistcha\n|-boost|p2a: Sinistcha|spa|1\n|-boost|p2a: Sinistcha|spd|1\n|\n|upkeep\n|turn|8\n|\n|t:|1700855468\n|move|p1a: Elon Musk|Headlong Rush|p2a: Sinistcha\n|-damage|p2a: Sinistcha|7\/100\n|-unboost|p1a: Elon Musk|def|1\n|-unboost|p1a: Elon Musk|spd|1\n|move|p2a: Sinistcha|Strength Sap|p1a: Elon Musk\n|-unboost|p1a: Elon Musk|atk|1\n|-heal|p2a: Sinistcha|100\/100\n|\n|upkeep\n|turn|9\n|\n|t:|1700855474\n|-end|p1a: Elon Musk|Protosynthesis|[silent]\n|switch|p1a: Chandy|Chandelure, M|100\/100\n|move|p2a: Sinistcha|Matcha Gotcha|p1a: Chandy\n|-resisted|p1a: Chandy\n|-damage|p1a: Chandy|24\/100\n|\n|upkeep\n|turn|10\n|\n|t:|1700855482\n|move|p1a: Chandy|Trick|p2a: Sinistcha\n|-activate|p1a: Chandy|move: Trick|[of] p2a: Sinistcha\n|-item|p2a: Sinistcha|Choice Specs|[from] move: Trick\n|-enditem|p1a: Chandy|Choice Specs|[silent]|[from] move: Trick\n|move|p2a: Sinistcha|Shadow Ball|p1a: Chandy\n|-supereffective|p1a: Chandy\n|-damage|p1a: Chandy|0 fnt\n|faint|p1a: Chandy\n|\n|upkeep\n|\n|t:|1700855496\n|switch|p1a: Elon Musk|Great Tusk|90\/100\n|turn|11\n|\n|t:|1700855500\n|move|p1a: Elon Musk|Headlong Rush|p2a: Sinistcha\n|-damage|p2a: Sinistcha|39\/100\n|-unboost|p1a: Elon Musk|def|1\n|-unboost|p1a: Elon Musk|spd|1\n|move|p2a: Sinistcha|Shadow Ball|p1a: Elon Musk\n|-damage|p1a: Elon Musk|0 fnt\n|faint|p1a: Elon Musk\n|-end|p1a: Elon Musk|Protosynthesis|[silent]\n|\n|upkeep\n|\n|t:|1700855506\n|switch|p1a: Ogerpon-Shitspring|Ogerpon-Teal-Tera, F, tera:Grass|100\/100\n|-ability|p1a: Ogerpon-Shitspring|Embody Aspect (Teal)|boost\n|-boost|p1a: Ogerpon-Shitspring|spe|1\n|turn|12\n|\n|t:|1700855511\n|move|p1a: Ogerpon-Shitspring|Ivy Cudgel|p2a: Sinistcha\n|-damage|p2a: Sinistcha|0 fnt\n|faint|p2a: Sinistcha\n|\n|upkeep\n|\n|t:|1700855518\n|switch|p2a: Ogerpon|Ogerpon-Wellspring, F|100\/100\n|turn|13\n|\n|t:|1700855524\n|move|p1a: Ogerpon-Shitspring|Ivy Cudgel|p2a: Ogerpon\n|-damage|p2a: Ogerpon|0 fnt\n|faint|p2a: Ogerpon\n|\n|upkeep\n|\n|t:|1700855532\n|switch|p2a: Dragapult|Dragapult, F|100\/100\n|turn|14\n|\n|t:|1700855535\n|switch|p1a: Trash|Iron Valiant|100\/100\n|move|p2a: Dragapult|Will-O-Wisp|p1a: Trash\n|-status|p1a: Trash|brn\n|\n|-damage|p1a: Trash|95\/100 brn|[from] brn\n|upkeep\n|turn|15\n|\n|t:|1700855544\n|move|p2a: Dragapult|Light Screen|p2a: Dragapult\n|-sidestart|p2: Arran147|move: Light Screen\n|move|p1a: Trash|Moonblast|p2a: Dragapult\n|-supereffective|p2a: Dragapult\n|-damage|p2a: Dragapult|55\/100\n|\n|-damage|p1a: Trash|89\/100 brn|[from] brn\n|upkeep\n|turn|16\n|\n|t:|1700855562\n|switch|p2a: Kleavor|Kleavor, M|60\/100\n|move|p1a: Trash|Moonblast|p2a: Kleavor\n|-damage|p2a: Kleavor|32\/100\n|-unboost|p2a: Kleavor|spa|1\n|\n|-damage|p1a: Trash|83\/100 brn|[from] brn\n|upkeep\n|turn|17\n|\n|t:|1700855569\n|move|p2a: Kleavor|Stone Axe|p1a: Trash\n|-resisted|p1a: Trash\n|-crit|p1a: Trash\n|-damage|p1a: Trash|37\/100 brn\n|-sidestart|p1: StinkyBinky609|move: Stealth Rock\n|move|p1a: Trash|Reflect|p1a: Trash\n|-sidestart|p1: StinkyBinky609|Reflect\n|\n|-damage|p1a: Trash|31\/100 brn|[from] brn\n|upkeep\n|turn|18\n|\n|t:|1700855579\n|switch|p2a: Dragapult|Dragapult, F|55\/100\n|move|p1a: Trash|Light Screen|p1a: Trash\n|-sidestart|p1: StinkyBinky609|move: Light Screen\n|\n|-damage|p1a: Trash|25\/100 brn|[from] brn\n|upkeep\n|turn|19\n|\n|t:|1700855582\n|switch|p2a: Kleavor|Kleavor, M|32\/100\n|move|p1a: Trash|Moonblast|p2a: Kleavor\n|-damage|p2a: Kleavor|1\/100\n|-unboost|p2a: Kleavor|spa|1\n|\n|-damage|p1a: Trash|19\/100 brn|[from] brn\n|upkeep\n|turn|20\n|\n|t:|1700855586\n|move|p2a: Kleavor|Stone Axe|p1a: Trash\n|-resisted|p1a: Trash\n|-damage|p1a: Trash|4\/100 brn\n|move|p1a: Trash|Moonblast|p2a: Kleavor\n|-damage|p2a: Kleavor|0 fnt\n|faint|p2a: Kleavor\n|\n|-damage|p1a: Trash|0 fnt|[from] brn\n|faint|p1a: Trash\n|-end|p1a: Trash|Quark Drive|[silent]\n|upkeep\n|\n|t:|1700855594\n|switch|p1a: Gigachaddrel|Kilowattrel, F|100\/100\n|switch|p2a: Dragapult|Dragapult, F|55\/100\n|turn|21\n|\n|t:|1700855603\n|move|p2a: Dragapult|Dragon Darts|p1a: Gigachaddrel\n|-damage|p1a: Gigachaddrel|82\/100\n|-anim|p2a: Dragapult|Dragon Darts|p1a: Gigachaddrel\n|-damage|p1a: Gigachaddrel|65\/100\n|move|p1a: Gigachaddrel|Volt Switch|p2a: Dragapult\n|-resisted|p2a: Dragapult\n|-damage|p2a: Dragapult|46\/100\n|\n|t:|1700855607\n|switch|p1a: Ogerpon-Shitspring|Ogerpon-Teal-Tera, F, tera:Grass|100\/100|[from] Volt Switch\n|-damage|p1a: Ogerpon-Shitspring|88\/100|[from] Stealth Rock\n|-ability|p1a: Ogerpon-Shitspring|Embody Aspect (Teal)|boost\n|-boost|p1a: Ogerpon-Shitspring|spe|1\n|\n|upkeep\n|turn|22\n|\n|t:|1700855611\n|move|p1a: Ogerpon-Shitspring|Ivy Cudgel|p2a: Dragapult\n|-resisted|p2a: Dragapult\n|-damage|p2a: Dragapult|0 fnt\n|faint|p2a: Dragapult\n|\n|-sideend|p2: Arran147|move: Light Screen\n|upkeep\n|\n|t:|1700855620\n|switch|p2a: Basculegion|Basculegion-F, F|100\/100\n|turn|23\n|\n|t:|1700855623\n|move|p1a: Ogerpon-Shitspring|Ivy Cudgel|p2a: Basculegion\n|-supereffective|p2a: Basculegion\n|-damage|p2a: Basculegion|0 fnt\n|faint|p2a: Basculegion\n|\n|upkeep\n|\n|t:|1700855625\n|switch|p2a: Great Tusk|Great Tusk|100\/100\n|turn|24\n|\n|t:|1700855629\n|move|p1a: Ogerpon-Shitspring|Ivy Cudgel|p2a: Great Tusk\n|-supereffective|p2a: Great Tusk\n|-crit|p2a: Great Tusk\n|-damage|p2a: Great Tusk|0 fnt\n|faint|p2a: Great Tusk\n|-end|p2a: Great Tusk|Protosynthesis|[silent]\n|\n|win|StinkyBinky609\n|raw|StinkyBinky609's rating: 1349 &rarr; <strong>1365<\/strong><br \/>(+16 for winning)\n|raw|Arran147's rating: 1279 &rarr; <strong>1259<\/strong><br \/>(-20 for losing)\n|l|\u2606Arran147\n","uploadtime":1700855634,"views":3,"p1id":"stinkybinky609","p2id":"arran147","formatid":"gen9ou","rating":1259,"private":0,"password":""}