{"id":"gen9ou-1996031517","p1":"Inciniratr","p2":"Hi I Am Red Dead 2","format":"[Gen 9] OU","log":"|j|\u2606Inciniratr\n|j|\u2606Hi I Am Red Dead 2\n|t:|1700632267\n|gametype|singles\n|player|p1|Inciniratr|veteran|1328\n|player|p2|Hi I Am Red Dead 2|red|1267\n|teamsize|p1|6\n|teamsize|p2|6\n|gen|9\n|tier|[Gen 9] OU\n|rated|\n|rule|Sleep Clause Mod: Limit one foe put to sleep\n|rule|Species Clause: Limit one of each Pok\u00e9mon\n|rule|OHKO Clause: OHKO moves are banned\n|rule|Evasion Items Clause: Evasion items are banned\n|rule|Evasion Moves Clause: Evasion moves are banned\n|rule|Endless Battle Clause: Forcing endless battles is banned\n|rule|HP Percentage Mod: HP is shown in percentages\n|clearpoke\n|poke|p1|Thundurus-Therian, M|\n|poke|p1|Dragapult, F|\n|poke|p1|Hatterene, F|\n|poke|p1|Ogerpon-Wellspring, F|\n|poke|p1|Kingambit, M|\n|poke|p1|Great Tusk|\n|poke|p2|Pelipper, M|\n|poke|p2|Volcanion|\n|poke|p2|Basculegion, M|\n|poke|p2|Zapdos|\n|poke|p2|Amoonguss, M|\n|poke|p2|Great Tusk|\n|teampreview\n|inactive|Battle timer is ON: inactive players will automatically lose when time's up. (requested by Hi I Am Red Dead 2)\n|\n|t:|1700632280\n|start\n|switch|p1a: Thundurus|Thundurus-Therian, M|100\/100\n|switch|p2a: Pelipper|Pelipper, M|100\/100\n|-weather|RainDance|[from] ability: Drizzle|[of] p2a: Pelipper\n|turn|1\n|\n|t:|1700632289\n|switch|p2a: Great Tusk|Great Tusk, shiny|100\/100\n|move|p1a: Thundurus|Grass Knot|p2a: Great Tusk\n|-supereffective|p2a: Great Tusk\n|-damage|p2a: Great Tusk|0 fnt\n|faint|p2a: Great Tusk\n|-end|p2a: Great Tusk|Protosynthesis|[silent]\n|\n|-weather|RainDance|[upkeep]\n|upkeep\n|\n|t:|1700632302\n|switch|p2a: Basculegion|Basculegion, M|100\/100\n|turn|2\n|\n|t:|1700632311\n|switch|p1a: Ogerpon|Ogerpon-Wellspring, F|100\/100\n|-terastallize|p2a: Basculegion|Water\n|move|p2a: Basculegion|Wave Crash|p1a: Ogerpon\n|-immune|p1a: Ogerpon|[from] ability: Water Absorb\n|\n|-weather|RainDance|[upkeep]\n|upkeep\n|turn|3\n|\n|t:|1700632327\n|switch|p2a: Volcanion|Volcanion|100\/100\n|move|p1a: Ogerpon|Encore||[still]\n|-fail|p1a: Ogerpon\n|\n|-weather|RainDance|[upkeep]\n|upkeep\n|turn|4\n|\n|t:|1700632338\n|move|p1a: Ogerpon|Power Whip|p2a: Volcanion|[miss]\n|-miss|p1a: Ogerpon|p2a: Volcanion\n|move|p2a: Volcanion|Taunt|p1a: Ogerpon\n|-start|p1a: Ogerpon|move: Taunt\n|\n|-weather|RainDance|[upkeep]\n|upkeep\n|turn|5\n|\n|t:|1700632346\n|switch|p2a: Amoonguss|Amoonguss, M|100\/100\n|move|p1a: Ogerpon|Power Whip|p2a: Amoonguss\n|-resisted|p2a: Amoonguss\n|-damage|p2a: Amoonguss|86\/100\n|-damage|p1a: Ogerpon|84\/100|[from] item: Rocky Helmet|[of] p2a: Amoonguss\n|\n|-weather|RainDance|[upkeep]\n|upkeep\n|turn|6\n|\n|t:|1700632357\n|switch|p1a: Kingambit|Kingambit, M|100\/100\n|move|p2a: Amoonguss|Spore|p1a: Kingambit\n|-status|p1a: Kingambit|slp|[from] move: Spore\n|\n|-weather|RainDance|[upkeep]\n|upkeep\n|turn|7\n|\n|t:|1700632368\n|switch|p2a: Zapdos|Zapdos|100\/100\n|cant|p1a: Kingambit|slp\n|\n|-weather|RainDance|[upkeep]\n|upkeep\n|turn|8\n|\n|t:|1700632378\n|move|p2a: Zapdos|Thunder|p1a: Kingambit\n|-damage|p1a: Kingambit|10\/100 slp\n|cant|p1a: Kingambit|slp\n|\n|-weather|none\n|upkeep\n|turn|9\n|\n|t:|1700632385\n|-curestatus|p1a: Kingambit|slp|[msg]\n|move|p1a: Kingambit|Sucker Punch|p2a: Zapdos\n|-damage|p2a: Zapdos|39\/100\n|move|p2a: Zapdos|Thunder|p1a: Kingambit\n|-damage|p1a: Kingambit|0 fnt\n|faint|p1a: Kingambit\n|-end|p1a: Kingambit|fallenundefined|[silent]\n|\n|upkeep\n|\n|t:|1700632390\n|switch|p1a: Thundurus|Thundurus-Therian, M|100\/100\n|turn|10\n|\n|t:|1700632398\n|switch|p2a: Amoonguss|Amoonguss, M|100\/100\n|move|p1a: Thundurus|Thunderbolt|p2a: Amoonguss\n|-resisted|p2a: Amoonguss\n|-damage|p2a: Amoonguss|79\/100\n|\n|upkeep\n|turn|11\n|\n|t:|1700632423\n|switch|p1a: Hatterene|Hatterene, F|100\/100\n|move|p2a: Amoonguss|Spore|p1a: Hatterene\n|move|p1a: Hatterene|Spore|p2a: Amoonguss|[from]ability: Magic Bounce\n|-immune|p2a: Amoonguss\n|\n|upkeep\n|turn|12\n|\n|t:|1700632439\n|switch|p2a: Volcanion|Volcanion|100\/100\n|move|p1a: Hatterene|Calm Mind|p1a: Hatterene\n|-boost|p1a: Hatterene|spa|1\n|-boost|p1a: Hatterene|spd|1\n|\n|upkeep\n|turn|13\n|\n|t:|1700632447\n|move|p2a: Volcanion|Steam Eruption|p1a: Hatterene\n|-damage|p1a: Hatterene|59\/100\n|move|p1a: Hatterene|Nuzzle|p2a: Volcanion\n|-supereffective|p2a: Volcanion\n|-damage|p2a: Volcanion|93\/100\n|-status|p2a: Volcanion|par\n|\n|-heal|p1a: Hatterene|65\/100|[from] item: Leftovers\n|upkeep\n|turn|14\n|\n|t:|1700632457\n|move|p1a: Hatterene|Calm Mind|p1a: Hatterene\n|-boost|p1a: Hatterene|spa|1\n|-boost|p1a: Hatterene|spd|1\n|move|p2a: Volcanion|Taunt|p1a: Hatterene\n|move|p1a: Hatterene|Taunt|p2a: Volcanion|[from]ability: Magic Bounce\n|-start|p2a: Volcanion|move: Taunt\n|\n|-heal|p1a: Hatterene|71\/100|[from] item: Leftovers\n|upkeep\n|turn|15\n|\n|t:|1700632469\n|switch|p2a: Pelipper|Pelipper, M|100\/100\n|-weather|RainDance|[from] ability: Drizzle|[of] p2a: Pelipper\n|move|p1a: Hatterene|Calm Mind|p1a: Hatterene\n|-boost|p1a: Hatterene|spa|1\n|-boost|p1a: Hatterene|spd|1\n|\n|-weather|RainDance|[upkeep]\n|-heal|p1a: Hatterene|77\/100|[from] item: Leftovers\n|upkeep\n|turn|16\n|\n|t:|1700632489\n|move|p2a: Pelipper|U-turn|p1a: Hatterene\n|-damage|p1a: Hatterene|68\/100\n|\n|t:|1700632492\n|switch|p2a: Zapdos|Zapdos|39\/100|[from] U-turn\n|move|p1a: Hatterene|Draining Kiss|p2a: Zapdos\n|-damage|p2a: Zapdos|0 fnt\n|-heal|p1a: Hatterene|98\/100|[from] drain|[of] p2a: Zapdos\n|faint|p2a: Zapdos\n|\n|-weather|RainDance|[upkeep]\n|-heal|p1a: Hatterene|100\/100|[from] item: Leftovers\n|upkeep\n|\n|t:|1700632504\n|switch|p2a: Basculegion|Basculegion, M, tera:Water|100\/100\n|turn|17\n|\n|t:|1700632511\n|-terastallize|p1a: Hatterene|Water\n|move|p2a: Basculegion|Psychic Fangs|p1a: Hatterene\n|-damage|p1a: Hatterene|63\/100\n|move|p1a: Hatterene|Stored Power|p2a: Basculegion\n|-damage|p2a: Basculegion|0 fnt\n|faint|p2a: Basculegion\n|\n|-weather|RainDance|[upkeep]\n|-heal|p1a: Hatterene|69\/100|[from] item: Leftovers\n|upkeep\n|-message|Hi I Am Red Dead 2 forfeited.\n|\n|win|Inciniratr\n|raw|Inciniratr's rating: 1328 &rarr; <strong>1345<\/strong><br \/>(+17 for winning)\n|raw|Hi I Am Red Dead 2's rating: 1267 &rarr; <strong>1246<\/strong><br \/>(-21 for losing)\n|l|\u2606Hi I Am Red Dead 2\n","uploadtime":1700632531,"views":0,"p1id":"inciniratr","p2id":"hiiamreddead2","formatid":"gen9ou","rating":1246,"private":0,"password":""}