{"id":"gen9ou-1990189563","p1":"dia-sre","p2":"Monerochan","format":"[Gen 9] OU","log":"|j|\u2606dia-sre\n|j|\u2606Monerochan\n|t:|1699934923\n|gametype|singles\n|player|p1|dia-sre|169|1622\n|player|p2|Monerochan|170|1745\n|teamsize|p1|6\n|teamsize|p2|6\n|gen|9\n|tier|[Gen 9] OU\n|rated|\n|rule|Sleep Clause Mod: Limit one foe put to sleep\n|rule|Species Clause: Limit one of each Pok\u00e9mon\n|rule|OHKO Clause: OHKO moves are banned\n|rule|Evasion Items Clause: Evasion items are banned\n|rule|Evasion Moves Clause: Evasion moves are banned\n|rule|Endless Battle Clause: Forcing endless battles is banned\n|rule|HP Percentage Mod: HP is shown in percentages\n|clearpoke\n|poke|p1|Hoopa-Unbound|\n|poke|p1|Garchomp, F|\n|poke|p1|Gholdengo|\n|poke|p1|Goodra-Hisui, F|\n|poke|p1|Muk-Alola, F|\n|poke|p1|Weezing-Galar, M|\n|poke|p2|Landorus-Therian, M|\n|poke|p2|Ting-Lu|\n|poke|p2|Dragapult, M|\n|poke|p2|Meowscarada, F|\n|poke|p2|Kingambit, M|\n|poke|p2|Iron Valiant|\n|teampreview\n|inactive|Battle timer is ON: inactive players will automatically lose when time's up. (requested by dia-sre)\n|\n|t:|1699934938\n|start\n|switch|p1a: Gholdengo|Gholdengo|100\/100\n|switch|p2a: SwimmingPools|Dragapult, M|100\/100\n|turn|1\n|\n|t:|1699934943\n|switch|p2a: MoneyGamePt2|Ting-Lu|100\/100\n|-ability|p2a: MoneyGamePt2|Vessel of Ruin\n|move|p1a: Gholdengo|Shadow Ball|p2a: MoneyGamePt2\n|-resisted|p2a: MoneyGamePt2\n|-damage|p2a: MoneyGamePt2|92\/100\n|\n|-heal|p2a: MoneyGamePt2|98\/100|[from] item: Leftovers\n|upkeep\n|turn|2\n|\n|t:|1699934950\n|switch|p1a: Garchomp|Garchomp, F|100\/100\n|move|p2a: MoneyGamePt2|Spikes|p1a: Garchomp\n|-sidestart|p1: dia-sre|Spikes\n|\n|-heal|p2a: MoneyGamePt2|100\/100|[from] item: Leftovers\n|upkeep\n|turn|3\n|\n|t:|1699934953\n|move|p1a: Garchomp|Spikes|p2a: MoneyGamePt2\n|-sidestart|p2: Monerochan|Spikes\n|move|p2a: MoneyGamePt2|Spikes|p1a: Garchomp\n|-sidestart|p1: dia-sre|Spikes\n|\n|upkeep\n|turn|4\n|\n|t:|1699934958\n|move|p1a: Garchomp|Spikes|p2a: MoneyGamePt2\n|-sidestart|p2: Monerochan|Spikes\n|move|p2a: MoneyGamePt2|Whirlwind|p1a: Garchomp\n|drag|p1a: Weezing|Weezing-Galar, M|100\/100\n|\n|upkeep\n|turn|5\n|\n|t:|1699934964\n|move|p1a: Weezing|Will-O-Wisp|p2a: MoneyGamePt2\n|-status|p2a: MoneyGamePt2|brn\n|move|p2a: MoneyGamePt2|Spikes|p1a: Weezing\n|-sidestart|p1: dia-sre|Spikes\n|\n|-damage|p2a: MoneyGamePt2|94\/100 brn|[from] brn\n|upkeep\n|turn|6\n|\n|t:|1699934968\n|move|p1a: Weezing|Defog|p2a: MoneyGamePt2\n|-unboost|p2a: MoneyGamePt2|evasion|1\n|-sideend|p2: Monerochan|Spikes|[from] move: Defog|[of] p1a: Weezing\n|-sideend|p1: dia-sre|Spikes|[from] move: Defog|[of] p1a: Weezing\n|move|p2a: MoneyGamePt2|Ruination|p1a: Weezing\n|-damage|p1a: Weezing|50\/100\n|\n|-heal|p2a: MoneyGamePt2|100\/100 brn|[from] item: Leftovers\n|-damage|p2a: MoneyGamePt2|94\/100 brn|[from] brn\n|upkeep\n|turn|7\n|\n|t:|1699934971\n|move|p1a: Weezing|Strange Steam|p2a: MoneyGamePt2\n|-supereffective|p2a: MoneyGamePt2\n|-damage|p2a: MoneyGamePt2|73\/100 brn\n|move|p2a: MoneyGamePt2|Spikes|p1a: Weezing\n|-sidestart|p1: dia-sre|Spikes\n|\n|-heal|p2a: MoneyGamePt2|79\/100 brn|[from] item: Leftovers\n|-damage|p2a: MoneyGamePt2|73\/100 brn|[from] brn\n|upkeep\n|turn|8\n|\n|t:|1699934981\n|switch|p2a: WOLF|Kingambit, M|100\/100\n|move|p1a: Weezing|Defog|p2a: WOLF\n|-unboost|p2a: WOLF|evasion|1\n|-sideend|p1: dia-sre|Spikes|[from] move: Defog|[of] p1a: Weezing\n|\n|upkeep\n|turn|9\n|\n|t:|1699934996\n|switch|p1a: Garchomp|Garchomp, F|100\/100\n|-end|p2a: WOLF|fallenundefined|[silent]\n|switch|p2a: MoneyGamePt2|Ting-Lu|73\/100 brn\n|-ability|p2a: MoneyGamePt2|Vessel of Ruin\n|\n|-heal|p2a: MoneyGamePt2|79\/100 brn|[from] item: Leftovers\n|-damage|p2a: MoneyGamePt2|73\/100 brn|[from] brn\n|upkeep\n|turn|10\n|\n|t:|1699935003\n|switch|p1a: Weezing|Weezing-Galar, M|50\/100\n|move|p2a: MoneyGamePt2|Spikes|p1a: Weezing\n|-sidestart|p1: dia-sre|Spikes\n|\n|-heal|p2a: MoneyGamePt2|79\/100 brn|[from] item: Leftovers\n|-damage|p2a: MoneyGamePt2|73\/100 brn|[from] brn\n|upkeep\n|turn|11\n|j| SwabbyYabby\n|\n|t:|1699935018\n|move|p1a: Weezing|Defog|p2a: MoneyGamePt2\n|-unboost|p2a: MoneyGamePt2|evasion|1\n|-sideend|p1: dia-sre|Spikes|[from] move: Defog|[of] p1a: Weezing\n|move|p2a: MoneyGamePt2|Ruination|p1a: Weezing\n|-damage|p1a: Weezing|26\/100\n|\n|-heal|p2a: MoneyGamePt2|79\/100 brn|[from] item: Leftovers\n|-damage|p2a: MoneyGamePt2|73\/100 brn|[from] brn\n|upkeep\n|turn|12\n|\n|t:|1699935021\n|move|p1a: Weezing|Strange Steam|p2a: MoneyGamePt2\n|-supereffective|p2a: MoneyGamePt2\n|-damage|p2a: MoneyGamePt2|51\/100 brn\n|move|p2a: MoneyGamePt2|Spikes|p1a: Weezing\n|-sidestart|p1: dia-sre|Spikes\n|\n|-heal|p2a: MoneyGamePt2|57\/100 brn|[from] item: Leftovers\n|-damage|p2a: MoneyGamePt2|51\/100 brn|[from] brn\n|upkeep\n|turn|13\n|\n|t:|1699935025\n|switch|p2a: Wing$|Meowscarada, F|100\/100\n|move|p1a: Weezing|Defog|p2a: Wing$\n|-unboost|p2a: Wing$|evasion|1\n|-sideend|p1: dia-sre|Spikes|[from] move: Defog|[of] p1a: Weezing\n|\n|upkeep\n|turn|14\n|\n|t:|1699935041\n|move|p2a: Wing$|Flower Trick|p1a: Weezing\n|-start|p2a: Wing$|typechange|Grass|[from] ability: Protean\n|-resisted|p1a: Weezing\n|-crit|p1a: Weezing\n|-damage|p1a: Weezing|1\/100\n|move|p1a: Weezing|Will-O-Wisp|p2a: Wing$\n|-status|p2a: Wing$|brn\n|\n|-damage|p2a: Wing$|94\/100 brn|[from] brn\n|upkeep\n|turn|15\n|\n|t:|1699935050\n|switch|p1a: Garchomp|Garchomp, F|100\/100\n|move|p2a: Wing$|Flower Trick|p1a: Garchomp\n|-crit|p1a: Garchomp\n|-damage|p1a: Garchomp|80\/100\n|\n|-damage|p2a: Wing$|88\/100 brn|[from] brn\n|upkeep\n|turn|16\n|\n|t:|1699935054\n|switch|p2a: 911Mr.Lonely|Landorus-Therian, M|100\/100\n|-ability|p2a: 911Mr.Lonely|Intimidate|boost\n|-unboost|p1a: Garchomp|atk|1\n|move|p1a: Garchomp|Spikes|p2a: 911Mr.Lonely\n|-sidestart|p2: Monerochan|Spikes\n|\n|upkeep\n|turn|17\n|\n|t:|1699935059\n|move|p2a: 911Mr.Lonely|Stealth Rock|p1a: Garchomp\n|-sidestart|p1: dia-sre|move: Stealth Rock\n|move|p1a: Garchomp|Dragon Tail|p2a: 911Mr.Lonely\n|-damage|p2a: 911Mr.Lonely|89\/100\n|-damage|p1a: Garchomp|63\/100|[from] item: Rocky Helmet|[of] p2a: 911Mr.Lonely\n|drag|p2a: Wing$|Meowscarada, F|88\/100 brn\n|-damage|p2a: Wing$|76\/100 brn|[from] Spikes\n|\n|-damage|p2a: Wing$|70\/100 brn|[from] brn\n|upkeep\n|turn|18\n|\n|t:|1699935071\n|move|p2a: Wing$|Play Rough|p1a: Garchomp\n|-start|p2a: Wing$|typechange|Fairy|[from] ability: Protean\n|-supereffective|p1a: Garchomp\n|-damage|p1a: Garchomp|26\/100\n|-damage|p2a: Wing$|57\/100 brn|[from] ability: Rough Skin|[of] p1a: Garchomp\n|-damage|p2a: Wing$|41\/100 brn|[from] item: Rocky Helmet|[of] p1a: Garchomp\n|move|p1a: Garchomp|Dragon Tail|p2a: Wing$\n|-immune|p2a: Wing$\n|\n|-damage|p2a: Wing$|35\/100 brn|[from] brn\n|upkeep\n|turn|19\n|\n|t:|1699935078\n|move|p1a: Garchomp|Endure|p1a: Garchomp\n|-singleturn|p1a: Garchomp|move: Endure\n|move|p2a: Wing$|Play Rough|p1a: Garchomp\n|-supereffective|p1a: Garchomp\n|-activate|p1a: Garchomp|move: Endure\n|-damage|p1a: Garchomp|1\/100\n|-damage|p2a: Wing$|23\/100 brn|[from] ability: Rough Skin|[of] p1a: Garchomp\n|-damage|p2a: Wing$|6\/100 brn|[from] item: Rocky Helmet|[of] p1a: Garchomp\n|\n|-damage|p2a: Wing$|0 fnt|[from] brn\n|faint|p2a: Wing$\n|upkeep\n|\n|t:|1699935084\n|switch|p2a: SwimmingPools|Dragapult, M|100\/100\n|-damage|p2a: SwimmingPools|88\/100|[from] Spikes\n|turn|20\n|\n|t:|1699935088\n|move|p2a: SwimmingPools|Shadow Ball|p1a: Garchomp\n|-damage|p1a: Garchomp|0 fnt\n|faint|p1a: Garchomp\n|\n|upkeep\n|\n|t:|1699935095\n|switch|p1a: Gholdengo|Gholdengo|100\/100\n|-damage|p1a: Gholdengo|94\/100|[from] Stealth Rock\n|turn|21\n|\n|t:|1699935099\n|switch|p1a: Hoopa|Hoopa-Unbound|100\/100\n|-damage|p1a: Hoopa|88\/100|[from] Stealth Rock\n|switch|p2a: MoneyGamePt2|Ting-Lu|51\/100 brn\n|-damage|p2a: MoneyGamePt2|38\/100 brn|[from] Spikes\n|-ability|p2a: MoneyGamePt2|Vessel of Ruin\n|\n|-heal|p2a: MoneyGamePt2|44\/100 brn|[from] item: Leftovers\n|-damage|p2a: MoneyGamePt2|38\/100 brn|[from] brn\n|upkeep\n|turn|22\n|\n|t:|1699935106\n|move|p1a: Hoopa|Ice Punch|p2a: MoneyGamePt2\n|-supereffective|p2a: MoneyGamePt2\n|-crit|p2a: MoneyGamePt2\n|-damage|p2a: MoneyGamePt2|0 fnt\n|faint|p2a: MoneyGamePt2\n|\n|upkeep\n|\n|t:|1699935113\n|switch|p2a: WOLF|Kingambit, M|100\/100\n|-damage|p2a: WOLF|88\/100|[from] Spikes\n|-activate|p2a: WOLF|ability: Supreme Overlord\n|-start|p2a: WOLF|fallen2|[silent]\n|turn|23\n|\n|t:|1699935119\n|switch|p1a: Weezing|Weezing-Galar, M|1\/100\n|-damage|p1a: Weezing|0 fnt|[from] Stealth Rock\n|faint|p1a: Weezing\n|move|p2a: WOLF|Swords Dance|p2a: WOLF\n|-boost|p2a: WOLF|atk|2\n|\n|-heal|p2a: WOLF|94\/100|[from] item: Leftovers\n|upkeep\n|\n|t:|1699935121\n|switch|p1a: Hoopa|Hoopa-Unbound|88\/100\n|-damage|p1a: Hoopa|76\/100|[from] Stealth Rock\n|turn|24\n|\n|t:|1699935127\n|-terastallize|p2a: WOLF|Fairy\n|move|p1a: Hoopa|Trick|p2a: WOLF\n|-activate|p1a: Hoopa|move: Trick|[of] p2a: WOLF\n|-item|p2a: WOLF|Choice Band|[from] move: Trick\n|-item|p1a: Hoopa|Leftovers|[from] move: Trick\n|move|p2a: WOLF|Kowtow Cleave|p1a: Hoopa\n|-damage|p1a: Hoopa|0 fnt\n|faint|p1a: Hoopa\n|\n|upkeep\n|\n|t:|1699935133\n|switch|p1a: Muk|Muk-Alola, F|100\/100\n|-damage|p1a: Muk|88\/100|[from] Stealth Rock\n|turn|25\n|\n|t:|1699935135\n|move|p2a: WOLF|Kowtow Cleave|p1a: Muk\n|-resisted|p1a: Muk\n|-damage|p1a: Muk|0 fnt\n|faint|p1a: Muk\n|\n|upkeep\n|c|\u2606dia-sre|oh thats fair\n|\n|t:|1699935143\n|switch|p1a: Gholdengo|Gholdengo|94\/100\n|-damage|p1a: Gholdengo|88\/100|[from] Stealth Rock\n|turn|26\n|j| Underfoot2\n|\n|t:|1699935145\n|move|p1a: Gholdengo|Make It Rain|p2a: WOLF\n|-supereffective|p2a: WOLF\n|-damage|p2a: WOLF|0 fnt\n|-unboost|p1a: Gholdengo|spa|1\n|faint|p2a: WOLF\n|-end|p2a: WOLF|fallen2|[silent]\n|\n|upkeep\n|\n|t:|1699935154\n|switch|p2a: 911Mr.Lonely|Landorus-Therian, M|89\/100\n|-ability|p2a: 911Mr.Lonely|Intimidate|boost\n|-unboost|p1a: Gholdengo|atk|1\n|turn|27\n|\n|t:|1699935159\n|-terastallize|p1a: Gholdengo|Ghost\n|move|p1a: Gholdengo|Make It Rain|p2a: 911Mr.Lonely\n|-damage|p2a: 911Mr.Lonely|43\/100\n|-unboost|p1a: Gholdengo|spa|1\n|move|p2a: 911Mr.Lonely|Earthquake|p1a: Gholdengo\n|-damage|p1a: Gholdengo|31\/100\n|\n|upkeep\n|turn|28\n|\n|t:|1699935171\n|switch|p1a: Goodra|Goodra-Hisui, F|100\/100\n|-damage|p1a: Goodra|95\/100|[from] Stealth Rock\n|move|p2a: 911Mr.Lonely|Earthquake|p1a: Goodra\n|-supereffective|p1a: Goodra\n|-damage|p1a: Goodra|0 fnt\n|faint|p1a: Goodra\n|\n|upkeep\n|\n|t:|1699935173\n|switch|p1a: Gholdengo|Gholdengo, tera:Ghost|31\/100\n|-damage|p1a: Gholdengo|19\/100|[from] Stealth Rock\n|turn|29\n|\n|t:|1699935179\n|move|p1a: Gholdengo|Shadow Ball|p2a: 911Mr.Lonely\n|-damage|p2a: 911Mr.Lonely|0 fnt\n|faint|p2a: 911Mr.Lonely\n|\n|upkeep\n|\n|t:|1699935180\n|switch|p2a: GONEGONETHANKYOU|Iron Valiant|100\/100\n|-damage|p2a: GONEGONETHANKYOU|88\/100|[from] Spikes\n|-enditem|p2a: GONEGONETHANKYOU|Booster Energy\n|-activate|p2a: GONEGONETHANKYOU|ability: Quark Drive|[fromitem]\n|-start|p2a: GONEGONETHANKYOU|quarkdrivespe\n|turn|30\n|\n|t:|1699935182\n|move|p2a: GONEGONETHANKYOU|Moonblast|p1a: Gholdengo\n|-damage|p1a: Gholdengo|0 fnt\n|faint|p1a: Gholdengo\n|\n|win|Monerochan\n|raw|dia-sre's rating: 1622 &rarr; <strong>1609<\/strong><br \/>(-13 for losing)\n|raw|Monerochan's rating: 1745 &rarr; <strong>1758<\/strong><br \/>(+13 for winning)\n|l|\u2606dia-sre\n","uploadtime":1699935193,"views":6,"p1id":"diasre","p2id":"monerochan","formatid":"gen9ou","rating":1609,"private":0,"password":""}