{"id":"gen9ou-1992916237","p1":"mm juice","p2":"cask","format":"[Gen 9] OU","log":"|j|\u2606mm juice\n|j|\u2606cask\n|t:|1700246550\n|gametype|singles\n|player|p1|mm juice|rancher|\n|player|p2|cask|erika|\n|teamsize|p1|6\n|teamsize|p2|6\n|gen|9\n|tier|[Gen 9] OU\n|rule|Sleep Clause Mod: Limit one foe put to sleep\n|rule|Species Clause: Limit one of each Pok\u00e9mon\n|rule|OHKO Clause: OHKO moves are banned\n|rule|Evasion Items Clause: Evasion items are banned\n|rule|Evasion Moves Clause: Evasion moves are banned\n|rule|Endless Battle Clause: Forcing endless battles is banned\n|rule|HP Percentage Mod: HP is shown in percentages\n|clearpoke\n|poke|p1|Iron Valiant|\n|poke|p1|Arcanine, M|\n|poke|p1|Iron Treads|\n|poke|p1|Noivern, F|\n|poke|p1|Empoleon, M|\n|poke|p1|Lokix, M|\n|poke|p2|Meowscarada, F|\n|poke|p2|Gholdengo|\n|poke|p2|Talonflame, M|\n|poke|p2|Great Tusk|\n|poke|p2|Clodsire, M|\n|poke|p2|Quaquaval, M|\n|teampreview\n|\n|t:|1700246578\n|start\n|switch|p1a: Noivern|Noivern, F|100\/100\n|switch|p2a: Core Augur|Quaquaval, M|100\/100\n|-item|p2a: Core Augur|Leftovers|[from] ability: Frisk|[of] p1a: Noivern|[identify]\n|turn|1\n|\n|t:|1700246621\n|move|p1a: Noivern|Draco Meteor|p2a: Core Augur\n|-crit|p2a: Core Augur\n|-damage|p2a: Core Augur|0 fnt\n|-unboost|p1a: Noivern|spa|2\n|faint|p2a: Core Augur\n|\n|upkeep\n|c|\u2606cask|no way\n|\n|t:|1700246650\n|switch|p2a: Whispering One|Gholdengo|100\/100\n|turn|2\n|c|\u2606mm juice|it was killing regardless\n|c|\u2606mm juice|but the crit was hype\n|\n|t:|1700246681\n|switch|p1a: Arcanine|Arcanine, M|100\/100\n|-ability|p1a: Arcanine|Intimidate|boost\n|-unboost|p2a: Whispering One|atk|1\n|move|p2a: Whispering One|Thunder Wave|p1a: Arcanine\n|-status|p1a: Arcanine|par\n|\n|upkeep\n|turn|3\n|\n|t:|1700246715\n|move|p2a: Whispering One|Hex|p1a: Arcanine\n|-damage|p1a: Arcanine|14\/100 par\n|move|p1a: Arcanine|Will-O-Wisp|p2a: Whispering One\n|-immune|p2a: Whispering One|[from] ability: Good as Gold\n|\n|upkeep\n|turn|4\n|\n|t:|1700246723\n|move|p2a: Whispering One|Hex|p1a: Arcanine\n|-damage|p1a: Arcanine|0 fnt\n|faint|p1a: Arcanine\n|\n|upkeep\n|\n|t:|1700246733\n|switch|p1a: Noivern|Noivern, F|100\/100\n|-item|p2a: Whispering One|Leftovers|[from] ability: Frisk|[of] p1a: Noivern|[identify]\n|turn|5\n|\n|t:|1700246765\n|switch|p1a: Iron Treads|Iron Treads|100\/100\n|-terastallize|p2a: Whispering One|Flying\n|move|p2a: Whispering One|Thunder Wave|p1a: Iron Treads\n|-immune|p1a: Iron Treads\n|\n|upkeep\n|turn|6\n|\n|t:|1700246775\n|move|p1a: Iron Treads|Knock Off|p2a: Whispering One\n|-damage|p2a: Whispering One|75\/100\n|-enditem|p2a: Whispering One|Leftovers|[from] move: Knock Off|[of] p1a: Iron Treads\n|move|p2a: Whispering One|Hex|p1a: Iron Treads\n|-damage|p1a: Iron Treads|68\/100\n|\n|upkeep\n|turn|7\n|\n|t:|1700246791\n|move|p1a: Iron Treads|Volt Switch|p2a: Whispering One\n|-supereffective|p2a: Whispering One\n|-damage|p2a: Whispering One|54\/100\n|\n|t:|1700246804\n|-end|p1a: Iron Treads|Quark Drive|[silent]\n|switch|p1a: Lokix|Lokix, M|100\/100|[from] Volt Switch\n|move|p2a: Whispering One|Hex|p1a: Lokix\n|-resisted|p1a: Lokix\n|-damage|p1a: Lokix|62\/100\n|\n|upkeep\n|turn|8\n|\n|t:|1700246822\n|move|p1a: Lokix|First Impression|p2a: Whispering One\n|-resisted|p2a: Whispering One\n|-damage|p2a: Whispering One|7\/100\n|-damage|p1a: Lokix|52\/100|[from] item: Life Orb\n|move|p2a: Whispering One|Make It Rain|p1a: Lokix\n|-damage|p1a: Lokix|0 fnt\n|-unboost|p2a: Whispering One|spa|1\n|faint|p1a: Lokix\n|\n|upkeep\n|\n|t:|1700246831\n|switch|p1a: Noivern|Noivern, F|100\/100\n|turn|9\n|\n|t:|1700246846\n|switch|p2a: El Hermano|Clodsire, M|100\/100\n|-terastallize|p1a: Noivern|Normal\n|move|p1a: Noivern|Boomburst|p2a: El Hermano\n|-damage|p2a: El Hermano|51\/100\n|\n|-heal|p2a: El Hermano|57\/100|[from] item: Leftovers\n|upkeep\n|turn|10\n|\n|t:|1700246861\n|switch|p1a: Iron Treads|Iron Treads|68\/100\n|move|p2a: El Hermano|Toxic|p1a: Iron Treads\n|-immune|p1a: Iron Treads\n|\n|-heal|p2a: El Hermano|63\/100|[from] item: Leftovers\n|upkeep\n|turn|11\n|\n|t:|1700246878\n|switch|p2a: The Hidden|Talonflame, M|100\/100\n|move|p1a: Iron Treads|Earthquake|p2a: The Hidden\n|-immune|p2a: The Hidden\n|\n|upkeep\n|turn|12\n|\n|t:|1700246890\n|-end|p1a: Iron Treads|Quark Drive|[silent]\n|switch|p1a: Empoleon|Empoleon, M|100\/100\n|move|p2a: The Hidden|U-turn|p1a: Empoleon\n|-resisted|p1a: Empoleon\n|-damage|p1a: Empoleon|93\/100\n|\n|t:|1700246907\n|switch|p2a: Grand Cenobite|Meowscarada, F|100\/100|[from] U-turn\n|\n|-heal|p1a: Empoleon|99\/100|[from] item: Leftovers\n|upkeep\n|turn|13\n|\n|t:|1700246933\n|move|p2a: Grand Cenobite|Knock Off|p1a: Empoleon\n|-start|p2a: Grand Cenobite|typechange|Dark|[from] ability: Protean\n|-damage|p1a: Empoleon|57\/100\n|-enditem|p1a: Empoleon|Leftovers|[from] move: Knock Off|[of] p2a: Grand Cenobite\n|move|p1a: Empoleon|Ice Beam|p2a: Grand Cenobite\n|-damage|p2a: Grand Cenobite|67\/100\n|\n|upkeep\n|turn|14\n|\n|t:|1700246947\n|move|p2a: Grand Cenobite|Knock Off|p1a: Empoleon\n|-damage|p1a: Empoleon|25\/100\n|move|p1a: Empoleon|Roost|p1a: Empoleon\n|-heal|p1a: Empoleon|75\/100\n|-singleturn|p1a: Empoleon|move: Roost\n|\n|upkeep\n|turn|15\n|\n|t:|1700246957\n|switch|p2a: Whispering One|Gholdengo, tera:Flying|7\/100\n|move|p1a: Empoleon|Surf|p2a: Whispering One\n|-damage|p2a: Whispering One|0 fnt\n|faint|p2a: Whispering One\n|\n|upkeep\n|\n|t:|1700246968\n|switch|p2a: Grand Cenobite|Meowscarada, F|67\/100\n|turn|16\n|\n|t:|1700246976\n|move|p2a: Grand Cenobite|Flower Trick|p1a: Empoleon\n|-start|p2a: Grand Cenobite|typechange|Grass|[from] ability: Protean\n|-crit|p1a: Empoleon\n|-damage|p1a: Empoleon|28\/100\n|move|p1a: Empoleon|Ice Beam|p2a: Grand Cenobite\n|-supereffective|p2a: Grand Cenobite\n|-damage|p2a: Grand Cenobite|0 fnt\n|faint|p2a: Grand Cenobite\n|\n|upkeep\n|\n|t:|1700246988\n|switch|p2a: Voice of Hunger|Great Tusk|100\/100\n|turn|17\n|\n|t:|1700247001\n|move|p2a: Voice of Hunger|Stealth Rock|p1a: Empoleon\n|-sidestart|p1: mm juice|move: Stealth Rock\n|move|p1a: Empoleon|Surf|p2a: Voice of Hunger\n|-supereffective|p2a: Voice of Hunger\n|-damage|p2a: Voice of Hunger|12\/100\n|\n|upkeep\n|turn|18\n|\n|t:|1700247011\n|move|p2a: Voice of Hunger|Close Combat|p1a: Empoleon\n|-supereffective|p1a: Empoleon\n|-damage|p1a: Empoleon|0 fnt\n|-unboost|p2a: Voice of Hunger|def|1\n|-unboost|p2a: Voice of Hunger|spd|1\n|faint|p1a: Empoleon\n|\n|upkeep\n|\n|t:|1700247019\n|switch|p1a: Iron Treads|Iron Treads|68\/100\n|-damage|p1a: Iron Treads|65\/100|[from] Stealth Rock\n|turn|19\n|\n|t:|1700247033\n|-end|p2a: Voice of Hunger|Protosynthesis|[silent]\n|switch|p2a: The Hidden|Talonflame, M|100\/100\n|move|p1a: Iron Treads|Rapid Spin|p2a: The Hidden\n|-damage|p2a: The Hidden|82\/100\n|-boost|p1a: Iron Treads|spe|1\n|-status|p1a: Iron Treads|brn|[from] ability: Flame Body|[of] p2a: The Hidden\n|-sideend|p1: mm juice|Stealth Rock|[from] move: Rapid Spin|[of] p1a: Iron Treads\n|\n|-damage|p1a: Iron Treads|59\/100 brn|[from] brn\n|upkeep\n|turn|20\n|\n|t:|1700247051\n|switch|p2a: El Hermano|Clodsire, M|63\/100\n|move|p1a: Iron Treads|Knock Off|p2a: El Hermano\n|-damage|p2a: El Hermano|48\/100\n|-enditem|p2a: El Hermano|Leftovers|[from] move: Knock Off|[of] p1a: Iron Treads\n|\n|-damage|p1a: Iron Treads|53\/100 brn|[from] brn\n|upkeep\n|turn|21\n|\n|t:|1700247061\n|move|p1a: Iron Treads|Earthquake|p2a: El Hermano\n|-supereffective|p2a: El Hermano\n|-damage|p2a: El Hermano|3\/100\n|move|p2a: El Hermano|Recover|p2a: El Hermano\n|-heal|p2a: El Hermano|53\/100\n|\n|-damage|p1a: Iron Treads|47\/100 brn|[from] brn\n|upkeep\n|turn|22\n|\n|t:|1700247069\n|switch|p2a: The Hidden|Talonflame, M|82\/100\n|move|p1a: Iron Treads|Earthquake|p2a: The Hidden\n|-immune|p2a: The Hidden\n|\n|-damage|p1a: Iron Treads|41\/100 brn|[from] brn\n|upkeep\n|turn|23\n|\n|t:|1700247082\n|move|p1a: Iron Treads|Knock Off|p2a: The Hidden\n|-damage|p2a: The Hidden|65\/100\n|-enditem|p2a: The Hidden|Heavy-Duty Boots|[from] move: Knock Off|[of] p1a: Iron Treads\n|move|p2a: The Hidden|Brave Bird|p1a: Iron Treads\n|-resisted|p1a: Iron Treads\n|-damage|p1a: Iron Treads|27\/100 brn\n|-damage|p2a: The Hidden|61\/100|[from] Recoil\n|\n|-damage|p1a: Iron Treads|21\/100 brn|[from] brn\n|upkeep\n|turn|24\n|\n|t:|1700247099\n|move|p1a: Iron Treads|Rapid Spin|p2a: The Hidden\n|-damage|p2a: The Hidden|51\/100\n|-boost|p1a: Iron Treads|spe|1\n|move|p2a: The Hidden|Roost|p2a: The Hidden\n|-heal|p2a: The Hidden|100\/100\n|-singleturn|p2a: The Hidden|move: Roost\n|\n|-damage|p1a: Iron Treads|15\/100 brn|[from] brn\n|upkeep\n|turn|25\n|\n|t:|1700247122\n|move|p1a: Iron Treads|Volt Switch|p2a: The Hidden\n|-supereffective|p2a: The Hidden\n|-damage|p2a: The Hidden|74\/100\n|\n|t:|1700247125\n|-end|p1a: Iron Treads|Quark Drive|[silent]\n|switch|p1a: Noivern|Noivern, F, tera:Normal|100\/100|[from] Volt Switch\n|move|p2a: The Hidden|U-turn|p1a: Noivern\n|-damage|p1a: Noivern|83\/100\n|\n|t:|1700247141\n|switch|p2a: El Hermano|Clodsire, M|53\/100|[from] U-turn\n|\n|upkeep\n|turn|26\n|\n|t:|1700247151\n|switch|p1a: Iron Treads|Iron Treads|15\/100 brn\n|move|p2a: El Hermano|Toxic||[still]\n|-fail|p2a: El Hermano\n|\n|-damage|p1a: Iron Treads|9\/100 brn|[from] brn\n|upkeep\n|turn|27\n|\n|t:|1700247160\n|switch|p2a: Voice of Hunger|Great Tusk|12\/100\n|move|p1a: Iron Treads|Earthquake|p2a: Voice of Hunger\n|-damage|p2a: Voice of Hunger|2\/100\n|\n|-damage|p1a: Iron Treads|3\/100 brn|[from] brn\n|upkeep\n|turn|28\n|\n|t:|1700247172\n|-end|p2a: Voice of Hunger|Protosynthesis|[silent]\n|switch|p2a: The Hidden|Talonflame, M|74\/100\n|move|p1a: Iron Treads|Knock Off|p2a: The Hidden\n|-damage|p2a: The Hidden|63\/100\n|\n|-damage|p1a: Iron Treads|0 fnt|[from] brn\n|faint|p1a: Iron Treads\n|-end|p1a: Iron Treads|Quark Drive|[silent]\n|upkeep\n|\n|t:|1700247181\n|switch|p1a: Iron Valiant|Iron Valiant|100\/100\n|-enditem|p1a: Iron Valiant|Booster Energy\n|-activate|p1a: Iron Valiant|ability: Quark Drive|[fromitem]\n|-start|p1a: Iron Valiant|quarkdrivespe\n|turn|29\n|\n|t:|1700247195\n|move|p1a: Iron Valiant|Thunderbolt|p2a: The Hidden\n|-supereffective|p2a: The Hidden\n|-damage|p2a: The Hidden|0 fnt\n|faint|p2a: The Hidden\n|\n|upkeep\n|\n|t:|1700247201\n|switch|p2a: El Hermano|Clodsire, M|53\/100\n|turn|30\n|\n|t:|1700247208\n|move|p1a: Iron Valiant|Psyshock|p2a: El Hermano\n|-supereffective|p2a: El Hermano\n|-damage|p2a: El Hermano|0 fnt\n|faint|p2a: El Hermano\n|\n|upkeep\n|\n|t:|1700247214\n|switch|p2a: Voice of Hunger|Great Tusk|2\/100\n|turn|31\n|\n|t:|1700247219\n|move|p1a: Iron Valiant|Moonblast|p2a: Voice of Hunger\n|-supereffective|p2a: Voice of Hunger\n|-damage|p2a: Voice of Hunger|0 fnt\n|faint|p2a: Voice of Hunger\n|-end|p2a: Voice of Hunger|Protosynthesis|[silent]\n|\n|win|mm juice\n","uploadtime":1700247224,"views":17,"p1id":"mmjuice","p2id":"cask","formatid":"gen9ou","rating":0,"private":0,"password":""}