{"id":"gen9ou-1995320954","p1":"sidtherockjohnson","p2":"Rusard101","format":"[Gen 9] OU","log":"|j|\u2606sidtherockjohnson\n|j|\u2606Rusard101\n|t:|1700553245\n|gametype|singles\n|player|p1|sidtherockjohnson|101|1572\n|player|p2|Rusard101|roark|1662\n|teamsize|p1|6\n|teamsize|p2|6\n|gen|9\n|tier|[Gen 9] OU\n|rated|\n|rule|Sleep Clause Mod: Limit one foe put to sleep\n|rule|Species Clause: Limit one of each Pok\u00e9mon\n|rule|OHKO Clause: OHKO moves are banned\n|rule|Evasion Items Clause: Evasion items are banned\n|rule|Evasion Moves Clause: Evasion moves are banned\n|rule|Endless Battle Clause: Forcing endless battles is banned\n|rule|HP Percentage Mod: HP is shown in percentages\n|clearpoke\n|poke|p1|Samurott-Hisui, F|\n|poke|p1|Great Tusk|\n|poke|p1|Clefable, F|\n|poke|p1|Arcanine-Hisui, F|\n|poke|p1|Gholdengo|\n|poke|p1|Zapdos|\n|poke|p2|Dragapult, F|\n|poke|p2|Dragonite, F|\n|poke|p2|Kingambit, F|\n|poke|p2|Iron Moth|\n|poke|p2|Glimmora, F|\n|poke|p2|Enamorus, F|\n|teampreview\n|inactive|Battle timer is ON: inactive players will automatically lose when time's up. (requested by sidtherockjohnson)\n|j| SweatyRon\n|\n|t:|1700553251\n|start\n|switch|p1a: Zapdos|Zapdos|100\/100\n|switch|p2a: Glimmora|Glimmora, F|100\/100\n|turn|1\n|j| Ctannn\n|\n|t:|1700553262\n|move|p1a: Zapdos|Volt Switch|p2a: Glimmora\n|-damage|p2a: Glimmora|57\/100\n|\n|t:|1700553265\n|switch|p1a: Gholdengo|Gholdengo|100\/100|[from] Volt Switch\n|move|p2a: Glimmora|Stealth Rock|p1a: Gholdengo\n|-sidestart|p1: sidtherockjohnson|move: Stealth Rock\n|\n|upkeep\n|turn|2\n|\n|t:|1700553272\n|move|p1a: Gholdengo|Make It Rain|p2a: Glimmora\n|-supereffective|p2a: Glimmora\n|-damage|p2a: Glimmora|0 fnt\n|-unboost|p1a: Gholdengo|spa|1\n|faint|p2a: Glimmora\n|\n|upkeep\n|l| SweatyRon\n|\n|t:|1700553296\n|switch|p2a: Iron Moth|Iron Moth|100\/100\n|-enditem|p2a: Iron Moth|Booster Energy\n|-activate|p2a: Iron Moth|ability: Quark Drive|[fromitem]\n|-start|p2a: Iron Moth|quarkdrivespe\n|turn|3\n|\n|t:|1700553306\n|switch|p1a: Arcanine|Arcanine-Hisui, F|100\/100\n|-damage|p1a: Arcanine|76\/100|[from] Stealth Rock\n|move|p2a: Iron Moth|Substitute|p2a: Iron Moth\n|-start|p2a: Iron Moth|Substitute\n|-damage|p2a: Iron Moth|76\/100\n|\n|upkeep\n|turn|4\n|\n|t:|1700553312\n|-terastallize|p2a: Iron Moth|Ground\n|move|p2a: Iron Moth|Tera Blast|p1a: Arcanine|[anim] Tera Blast Ground\n|-supereffective|p1a: Arcanine\n|-damage|p1a: Arcanine|0 fnt\n|faint|p1a: Arcanine\n|\n|upkeep\n|\n|t:|1700553341\n|switch|p1a: Great Tusk|Great Tusk|100\/100\n|-damage|p1a: Great Tusk|98\/100|[from] Stealth Rock\n|turn|5\n|\n|t:|1700553353\n|move|p2a: Iron Moth|Sludge Wave|p1a: Great Tusk\n|-resisted|p1a: Great Tusk\n|-damage|p1a: Great Tusk|63\/100\n|move|p1a: Great Tusk|Rapid Spin|p2a: Iron Moth\n|-end|p2a: Iron Moth|Substitute\n|-sideend|p1: sidtherockjohnson|Stealth Rock|[from] move: Rapid Spin|[of] p1a: Great Tusk\n|-boost|p1a: Great Tusk|spe|1\n|\n|-heal|p1a: Great Tusk|70\/100|[from] item: Leftovers\n|upkeep\n|turn|6\n|\n|t:|1700553364\n|move|p2a: Iron Moth|Fiery Dance|p1a: Great Tusk\n|-damage|p1a: Great Tusk|20\/100\n|move|p1a: Great Tusk|Rapid Spin|p2a: Iron Moth\n|-damage|p2a: Iron Moth|50\/100\n|-boost|p1a: Great Tusk|spe|1\n|\n|-heal|p1a: Great Tusk|27\/100|[from] item: Leftovers\n|upkeep\n|turn|7\n|\n|t:|1700553380\n|-end|p2a: Iron Moth|Quark Drive|[silent]\n|switch|p2a: Dragonite|Dragonite, F|100\/100\n|-end|p1a: Great Tusk|Protosynthesis|[silent]\n|switch|p1a: Samurott|Samurott-Hisui, F|100\/100\n|\n|upkeep\n|turn|8\n|\n|t:|1700553392\n|switch|p1a: Clefable|Clefable, F|100\/100\n|move|p2a: Dragonite|Dragon Dance|p2a: Dragonite\n|-boost|p2a: Dragonite|atk|1\n|-boost|p2a: Dragonite|spe|1\n|\n|upkeep\n|turn|9\n|\n|t:|1700553405\n|switch|p2a: Iron Moth|Iron Moth, tera:Ground|50\/100\n|move|p1a: Clefable|Thunder Wave|p2a: Iron Moth\n|-immune|p2a: Iron Moth\n|\n|upkeep\n|turn|10\n|\n|t:|1700553426\n|move|p2a: Iron Moth|Substitute|p2a: Iron Moth\n|-start|p2a: Iron Moth|Substitute\n|-damage|p2a: Iron Moth|25\/100\n|move|p1a: Clefable|Wish|p1a: Clefable\n|\n|upkeep\n|turn|11\n|\n|t:|1700553440\n|switch|p1a: Samurott|Samurott-Hisui, F|100\/100\n|move|p2a: Iron Moth|Fiery Dance|p1a: Samurott\n|-resisted|p1a: Samurott\n|-damage|p1a: Samurott|79\/100\n|\n|-heal|p1a: Samurott|100\/100|[from] move: Wish|[wisher] Clefable\n|upkeep\n|turn|12\n|\n|t:|1700553448\n|move|p2a: Iron Moth|Sludge Wave|p1a: Samurott\n|-damage|p1a: Samurott|50\/100\n|move|p1a: Samurott|Aqua Cutter|p2a: Iron Moth\n|-supereffective|p2a: Iron Moth\n|-end|p2a: Iron Moth|Substitute\n|\n|upkeep\n|turn|13\n|\n|t:|1700553459\n|-end|p2a: Iron Moth|Quark Drive|[silent]\n|switch|p2a: Dragonite|Dragonite, F|100\/100\n|move|p1a: Samurott|Sucker Punch||[still]\n|-fail|p1a: Samurott\n|\n|upkeep\n|turn|14\n|\n|t:|1700553466\n|move|p1a: Samurott|Ceaseless Edge|p2a: Dragonite\n|-damage|p2a: Dragonite|77\/100\n|-sidestart|p2: Rusard101|Spikes\n|move|p2a: Dragonite|Earthquake|p1a: Samurott\n|-damage|p1a: Samurott|0 fnt\n|faint|p1a: Samurott\n|\n|upkeep\n|\n|t:|1700553476\n|switch|p1a: Clefable|Clefable, F|100\/100\n|turn|15\n|j| Tiranito\n|\n|t:|1700553486\n|move|p2a: Dragonite|Earthquake|p1a: Clefable\n|-damage|p1a: Clefable|55\/100\n|move|p1a: Clefable|Moonblast|p2a: Dragonite\n|-supereffective|p2a: Dragonite\n|-crit|p2a: Dragonite\n|-damage|p2a: Dragonite|0 fnt\n|faint|p2a: Dragonite\n|\n|-heal|p1a: Clefable|61\/100|[from] item: Leftovers\n|upkeep\n|\n|t:|1700553496\n|switch|p2a: Enamorus|Enamorus, F|100\/100\n|turn|16\n|\n|t:|1700553517\n|switch|p1a: Zapdos|Zapdos|100\/100\n|move|p2a: Enamorus|Substitute|p2a: Enamorus\n|-start|p2a: Enamorus|Substitute\n|-damage|p2a: Enamorus|76\/100\n|\n|-heal|p2a: Enamorus|82\/100|[from] item: Leftovers\n|upkeep\n|turn|17\n|l| Ctannn\n|\n|t:|1700553541\n|move|p2a: Enamorus|Moonblast|p1a: Zapdos\n|-damage|p1a: Zapdos|37\/100\n|move|p1a: Zapdos|Volt Switch|p2a: Enamorus\n|-supereffective|p2a: Enamorus\n|-end|p2a: Enamorus|Substitute\n|\n|t:|1700553550\n|switch|p1a: Gholdengo|Gholdengo|100\/100|[from] Volt Switch\n|\n|-heal|p2a: Enamorus|88\/100|[from] item: Leftovers\n|upkeep\n|turn|18\n|\n|t:|1700553562\n|switch|p2a: Kingambit|Kingambit, F|100\/100\n|-damage|p2a: Kingambit|88\/100|[from] Spikes\n|-activate|p2a: Kingambit|ability: Supreme Overlord\n|-start|p2a: Kingambit|fallen2|[silent]\n|move|p1a: Gholdengo|Make It Rain|p2a: Kingambit\n|-resisted|p2a: Kingambit\n|-damage|p2a: Kingambit|50\/100\n|-unboost|p1a: Gholdengo|spa|1\n|\n|upkeep\n|turn|19\n|j| Ctannn\n|l| Ctannn\n|inactive|Rusard101 has 120 seconds left.\n|inactive|Rusard101 has 90 seconds left.\n|\n|t:|1700553624\n|switch|p1a: Great Tusk|Great Tusk|27\/100\n|move|p2a: Kingambit|Kowtow Cleave|p1a: Great Tusk\n|-resisted|p1a: Great Tusk\n|-damage|p1a: Great Tusk|6\/100\n|\n|-heal|p1a: Great Tusk|13\/100|[from] item: Leftovers\n|upkeep\n|turn|20\n|inactive|Rusard101 has 90 seconds left.\n|inactive|sidtherockjohnson has 120 seconds left.\n|\n|t:|1700553665\n|move|p2a: Kingambit|Sucker Punch|p1a: Great Tusk\n|-resisted|p1a: Great Tusk\n|-damage|p1a: Great Tusk|0 fnt\n|faint|p1a: Great Tusk\n|-end|p1a: Great Tusk|Protosynthesis|[silent]\n|\n|upkeep\n|\n|t:|1700553670\n|switch|p1a: Zapdos|Zapdos|37\/100\n|turn|21\n|inactive|Rusard101 has 90 seconds left.\n|\n|t:|1700553702\n|move|p1a: Zapdos|Roost|p1a: Zapdos\n|-heal|p1a: Zapdos|87\/100\n|-singleturn|p1a: Zapdos|move: Roost\n|move|p2a: Kingambit|Kowtow Cleave|p1a: Zapdos\n|-damage|p1a: Zapdos|8\/100\n|-damage|p2a: Kingambit|34\/100|[from] item: Rocky Helmet|[of] p1a: Zapdos\n|\n|upkeep\n|turn|22\n|inactive|Rusard101 has 60 seconds left.\n|inactive|sidtherockjohnson has 90 seconds left.\n|\n|t:|1700553755\n|-end|p2a: Kingambit|fallen2|[silent]\n|switch|p2a: Iron Moth|Iron Moth, tera:Ground|25\/100\n|-damage|p2a: Iron Moth|13\/100|[from] Spikes\n|move|p1a: Zapdos|Heat Wave|p2a: Iron Moth\n|-damage|p2a: Iron Moth|0 fnt\n|faint|p2a: Iron Moth\n|-end|p2a: Iron Moth|Quark Drive|[silent]\n|\n|upkeep\n|inactive|Rusard101 has 30 seconds left.\n|inactive|Rusard101 has 20 seconds left.\n|\n|t:|1700553788\n|switch|p2a: Dragapult|Dragapult, F|100\/100\n|-damage|p2a: Dragapult|88\/100|[from] Spikes\n|turn|23\n|inactive|Rusard101 has 30 seconds left this turn.\n|\n|t:|1700553792\n|switch|p1a: Clefable|Clefable, F|61\/100\n|move|p2a: Dragapult|Dragon Dance|p2a: Dragapult\n|-boost|p2a: Dragapult|atk|1\n|-boost|p2a: Dragapult|spe|1\n|\n|-heal|p2a: Dragapult|94\/100|[from] item: Leftovers\n|-heal|p1a: Clefable|67\/100|[from] item: Leftovers\n|upkeep\n|turn|24\n|inactive|sidtherockjohnson has 90 seconds left.\n|inactive|Rusard101 has 30 seconds left.\n|\n|t:|1700553808\n|move|p2a: Dragapult|Phantom Force||[still]\n|-prepare|p2a: Dragapult|Phantom Force\n|move|p1a: Clefable|Thunder Wave|p2a: Dragapult|[miss]\n|-miss|p1a: Clefable|p2a: Dragapult\n|\n|-heal|p2a: Dragapult|99\/100|[from] item: Leftovers\n|-heal|p1a: Clefable|73\/100|[from] item: Leftovers\n|upkeep\n|turn|25\n|\n|t:|1700553815\n|move|p2a: Dragapult|Phantom Force|p1a: Clefable|[from]lockedmove\n|-damage|p1a: Clefable|20\/100\n|move|p1a: Clefable|Thunder Wave|p2a: Dragapult\n|-status|p2a: Dragapult|par\n|\n|-heal|p2a: Dragapult|100\/100 par|[from] item: Leftovers\n|-heal|p1a: Clefable|26\/100|[from] item: Leftovers\n|upkeep\n|turn|26\n|\n|t:|1700553826\n|move|p2a: Dragapult|Substitute|p2a: Dragapult\n|-start|p2a: Dragapult|Substitute\n|-damage|p2a: Dragapult|76\/100 par\n|move|p1a: Clefable|Wish|p1a: Clefable\n|\n|-heal|p2a: Dragapult|82\/100 par|[from] item: Leftovers\n|-heal|p1a: Clefable|32\/100|[from] item: Leftovers\n|upkeep\n|turn|27\n|\n|t:|1700553837\n|move|p2a: Dragapult|Dragon Dance|p2a: Dragapult\n|-boost|p2a: Dragapult|atk|1\n|-boost|p2a: Dragapult|spe|1\n|move|p1a: Clefable|Moonblast|p2a: Dragapult\n|-supereffective|p2a: Dragapult\n|-crit|p2a: Dragapult\n|-end|p2a: Dragapult|Substitute\n|\n|-heal|p1a: Clefable|82\/100|[from] move: Wish|[wisher] Clefable\n|-heal|p2a: Dragapult|88\/100 par|[from] item: Leftovers\n|-heal|p1a: Clefable|88\/100|[from] item: Leftovers\n|upkeep\n|turn|28\n|\n|t:|1700553847\n|cant|p2a: Dragapult|par\n|move|p1a: Clefable|Wish|p1a: Clefable\n|\n|-heal|p2a: Dragapult|94\/100 par|[from] item: Leftovers\n|-heal|p1a: Clefable|94\/100|[from] item: Leftovers\n|upkeep\n|turn|29\n|\n|t:|1700553858\n|cant|p2a: Dragapult|par\n|move|p1a: Clefable|Moonblast|p2a: Dragapult\n|-supereffective|p2a: Dragapult\n|-damage|p2a: Dragapult|12\/100 par\n|\n|-heal|p1a: Clefable|100\/100|[from] move: Wish|[wisher] Clefable\n|-heal|p2a: Dragapult|18\/100 par|[from] item: Leftovers\n|upkeep\n|turn|30\n|\n|t:|1700553866\n|move|p2a: Dragapult|Phantom Force||[still]\n|-prepare|p2a: Dragapult|Phantom Force\n|move|p1a: Clefable|Wish|p1a: Clefable\n|\n|-heal|p2a: Dragapult|24\/100 par|[from] item: Leftovers\n|upkeep\n|turn|31\n|\n|t:|1700553871\n|cant|p2a: Dragapult|par\n|move|p1a: Clefable|Moonblast|p2a: Dragapult\n|-supereffective|p2a: Dragapult\n|-damage|p2a: Dragapult|0 fnt\n|faint|p2a: Dragapult\n|\n|upkeep\n|c|\u2606Rusard101|Well played\n|\n|t:|1700553884\n|switch|p2a: Enamorus|Enamorus, F|88\/100\n|turn|32\n|c|\u2606sidtherockjohnson|thanks brudda\n|inactive|sidtherockjohnson has 120 seconds left.\n|inactive|sidtherockjohnson has 90 seconds left.\n|inactive|sidtherockjohnson has 60 seconds left.\n|\n|t:|1700553978\n|move|p2a: Enamorus|Substitute|p2a: Enamorus\n|-start|p2a: Enamorus|Substitute\n|-damage|p2a: Enamorus|63\/100\n|move|p1a: Clefable|Moonblast|p2a: Enamorus\n|-end|p2a: Enamorus|Substitute\n|\n|-heal|p2a: Enamorus|69\/100|[from] item: Leftovers\n|upkeep\n|turn|33\n|\n|t:|1700553993\n|move|p2a: Enamorus|Substitute|p2a: Enamorus\n|-start|p2a: Enamorus|Substitute\n|-damage|p2a: Enamorus|44\/100\n|move|p1a: Clefable|Moonblast|p2a: Enamorus\n|-end|p2a: Enamorus|Substitute\n|\n|-heal|p2a: Enamorus|51\/100|[from] item: Leftovers\n|upkeep\n|turn|34\n|\n|t:|1700553999\n|move|p2a: Enamorus|Moonblast|p1a: Clefable\n|-damage|p1a: Clefable|68\/100\n|-unboost|p1a: Clefable|spa|1\n|move|p1a: Clefable|Moonblast|p2a: Enamorus\n|-damage|p2a: Enamorus|20\/100\n|\n|-heal|p2a: Enamorus|26\/100|[from] item: Leftovers\n|-heal|p1a: Clefable|74\/100|[from] item: Leftovers\n|upkeep\n|turn|35\n|\n|t:|1700554008\n|move|p2a: Enamorus|Moonblast|p1a: Clefable\n|-damage|p1a: Clefable|40\/100\n|-unboost|p1a: Clefable|spa|1\n|move|p1a: Clefable|Moonblast|p2a: Enamorus\n|-damage|p2a: Enamorus|4\/100\n|\n|-heal|p2a: Enamorus|10\/100|[from] item: Leftovers\n|-heal|p1a: Clefable|46\/100|[from] item: Leftovers\n|upkeep\n|turn|36\n|inactive|sidtherockjohnson has 60 seconds left.\n|\n|t:|1700554024\n|move|p2a: Enamorus|Moonblast|p1a: Clefable\n|-damage|p1a: Clefable|14\/100\n|move|p1a: Clefable|Moonblast|p2a: Enamorus\n|-damage|p2a: Enamorus|0 fnt\n|faint|p2a: Enamorus\n|\n|-heal|p1a: Clefable|21\/100|[from] item: Leftovers\n|upkeep\n|\n|t:|1700554030\n|switch|p2a: Kingambit|Kingambit, F|34\/100\n|-damage|p2a: Kingambit|22\/100|[from] Spikes\n|-activate|p2a: Kingambit|ability: Supreme Overlord\n|-start|p2a: Kingambit|fallen5|[silent]\n|turn|37\n|inactive|sidtherockjohnson has 60 seconds left.\n|inactive|Rusard101 has 90 seconds left.\n|\n|t:|1700554054\n|move|p2a: Kingambit|Kowtow Cleave|p1a: Clefable\n|-resisted|p1a: Clefable\n|-damage|p1a: Clefable|0 fnt\n|faint|p1a: Clefable\n|\n|upkeep\n|\n|t:|1700554060\n|switch|p1a: Zapdos|Zapdos|8\/100\n|turn|38\n|inactive|sidtherockjohnson has 60 seconds left.\n|\n|t:|1700554087\n|move|p1a: Zapdos|Volt Switch|p2a: Kingambit\n|-damage|p2a: Kingambit|0 fnt\n|faint|p2a: Kingambit\n|-end|p2a: Kingambit|fallen5|[silent]\n|\n|win|sidtherockjohnson\n|raw|sidtherockjohnson's rating: 1572 &rarr; <strong>1597<\/strong><br \/>(+25 for winning)\n|raw|Rusard101's rating: 1662 &rarr; <strong>1637<\/strong><br \/>(-25 for losing)\n|c|\u2606sidtherockjohnson|gg\n|l|\u2606Rusard101\n","uploadtime":1700554103,"views":5,"p1id":"sidtherockjohnson","p2id":"rusard101","formatid":"gen9ou","rating":1597,"private":0,"password":""}