{"id":"gen9ou-1992665415","p1":"KyogreF4N","p2":"Saimasseuh v10","format":"[Gen 9] OU","log":"|j|\u2606KyogreF4N\n|j|\u2606Saimasseuh v10\n|t:|1700222495\n|gametype|singles\n|player|p1|KyogreF4N|lucas|1747\n|player|p2|Saimasseuh v10|266|1911\n|teamsize|p1|6\n|teamsize|p2|6\n|gen|9\n|tier|[Gen 9] OU\n|rated|\n|rule|Sleep Clause Mod: Limit one foe put to sleep\n|rule|Species Clause: Limit one of each Pok\u00e9mon\n|rule|OHKO Clause: OHKO moves are banned\n|rule|Evasion Items Clause: Evasion items are banned\n|rule|Evasion Moves Clause: Evasion moves are banned\n|rule|Endless Battle Clause: Forcing endless battles is banned\n|rule|HP Percentage Mod: HP is shown in percentages\n|clearpoke\n|poke|p1|Great Tusk|\n|poke|p1|Ogerpon-Wellspring, F|\n|poke|p1|Iron Valiant|\n|poke|p1|Slowking-Galar, M|\n|poke|p1|Zamazenta-*|\n|poke|p1|Dragonite, M|\n|poke|p2|Ting-Lu|\n|poke|p2|Iron Valiant|\n|poke|p2|Clodsire, F|\n|poke|p2|Dragonite, M|\n|poke|p2|Gholdengo|\n|poke|p2|Great Tusk|\n|teampreview\n|inactive|Battle timer is ON: inactive players will automatically lose when time's up. (requested by Saimasseuh v10)\n|\n|t:|1700222516\n|start\n|switch|p1a: Great Tusk|Great Tusk|100\/100\n|switch|p2a: Clodsire|Clodsire, F|100\/100\n|turn|1\n|j| Spiderking3261\n|l| Spiderking3261\n|\n|t:|1700222535\n|switch|p2a: Iron Valiant|Iron Valiant|100\/100\n|move|p1a: Great Tusk|Headlong Rush|p2a: Iron Valiant\n|-damage|p2a: Iron Valiant|22\/100\n|-unboost|p1a: Great Tusk|def|1\n|-unboost|p1a: Great Tusk|spd|1\n|\n|upkeep\n|turn|2\n|\n|t:|1700222539\n|-end|p1a: Great Tusk|Protosynthesis|[silent]\n|switch|p1a: Slowking|Slowking-Galar, M|100\/100\n|move|p2a: Iron Valiant|Shadow Ball|p1a: Slowking\n|-supereffective|p1a: Slowking\n|-damage|p1a: Slowking|49\/100\n|\n|upkeep\n|turn|3\n|j| yb is better\n|inactive|KyogreF4N has 120 seconds left.\n|\n|t:|1700222573\n|-end|p2a: Iron Valiant|Quark Drive|[silent]\n|switch|p2a: Ting-Lu|Ting-Lu|100\/100\n|-ability|p2a: Ting-Lu|Vessel of Ruin\n|switch|p1a: Ogerpon|Ogerpon-Wellspring, F|100\/100\n|\n|upkeep\n|turn|4\n|\n|t:|1700222589\n|switch|p2a: Clodsire|Clodsire, F|100\/100\n|move|p1a: Ogerpon|Knock Off|p2a: Clodsire\n|-damage|p2a: Clodsire|72\/100\n|-enditem|p2a: Clodsire|Black Sludge|[from] move: Knock Off|[of] p1a: Ogerpon\n|\n|upkeep\n|turn|5\n|\n|t:|1700222597\n|move|p1a: Ogerpon|Horn Leech|p2a: Clodsire\n|-damage|p2a: Clodsire|38\/100\n|move|p2a: Clodsire|Poison Jab|p1a: Ogerpon\n|-supereffective|p1a: Ogerpon\n|-damage|p1a: Ogerpon|40\/100\n|\n|upkeep\n|turn|6\n|\n|t:|1700222604\n|move|p1a: Ogerpon|Horn Leech|p2a: Clodsire\n|-damage|p2a: Clodsire|6\/100\n|-heal|p1a: Ogerpon|65\/100|[from] drain|[of] p2a: Clodsire\n|move|p2a: Clodsire|Recover|p2a: Clodsire\n|-heal|p2a: Clodsire|56\/100\n|\n|upkeep\n|turn|7\n|\n|t:|1700222610\n|move|p1a: Ogerpon|Encore|p2a: Clodsire\n|-start|p2a: Clodsire|Encore\n|move|p2a: Clodsire|Recover|p2a: Clodsire\n|-heal|p2a: Clodsire|100\/100\n|\n|upkeep\n|turn|8\n|\n|t:|1700222614\n|switch|p2a: Dragonite|Dragonite, M|100\/100\n|move|p1a: Ogerpon|Knock Off|p2a: Dragonite\n|-damage|p2a: Dragonite|79\/100\n|-enditem|p2a: Dragonite|Heavy-Duty Boots|[from] move: Knock Off|[of] p1a: Ogerpon\n|\n|upkeep\n|turn|9\n|\n|t:|1700222628\n|switch|p1a: Great Tusk|Great Tusk|100\/100\n|move|p2a: Dragonite|Hurricane|p1a: Great Tusk|[miss]\n|-miss|p2a: Dragonite|p1a: Great Tusk\n|\n|upkeep\n|turn|10\n|\n|t:|1700222641\n|-end|p1a: Great Tusk|Protosynthesis|[silent]\n|switch|p1a: Slowking|Slowking-Galar, M|82\/100\n|move|p2a: Dragonite|Hurricane|p1a: Slowking\n|-damage|p1a: Slowking|60\/100\n|\n|upkeep\n|turn|11\n|\n|t:|1700222650\n|move|p2a: Dragonite|Hurricane|p1a: Slowking|[miss]\n|-miss|p2a: Dragonite|p1a: Slowking\n|move|p1a: Slowking|Ice Beam|p2a: Dragonite\n|-supereffective|p2a: Dragonite\n|-damage|p2a: Dragonite|0 fnt\n|faint|p2a: Dragonite\n|\n|upkeep\n|\n|t:|1700222656\n|switch|p2a: Ting-Lu|Ting-Lu|100\/100\n|-ability|p2a: Ting-Lu|Vessel of Ruin\n|turn|12\n|\n|t:|1700222663\n|switch|p1a: Great Tusk|Great Tusk|100\/100\n|move|p2a: Ting-Lu|Spikes|p1a: Great Tusk\n|-sidestart|p1: KyogreF4N|Spikes\n|\n|upkeep\n|turn|13\n|\n|t:|1700222666\n|move|p1a: Great Tusk|Stealth Rock|p2a: Ting-Lu\n|-sidestart|p2: Saimasseuh v10|move: Stealth Rock\n|move|p2a: Ting-Lu|Whirlwind|p1a: Great Tusk\n|-end|p1a: Great Tusk|Protosynthesis|[silent]\n|drag|p1a: Iron Valiant|Iron Valiant|100\/100\n|-damage|p1a: Iron Valiant|88\/100|[from] Spikes\n|-enditem|p1a: Iron Valiant|Booster Energy\n|-activate|p1a: Iron Valiant|ability: Quark Drive|[fromitem]\n|-start|p1a: Iron Valiant|quarkdrivespe\n|\n|upkeep\n|turn|14\n|\n|t:|1700222673\n|move|p1a: Iron Valiant|Moonblast|p2a: Ting-Lu\n|-supereffective|p2a: Ting-Lu\n|-damage|p2a: Ting-Lu|64\/100\n|move|p2a: Ting-Lu|Heavy Slam|p1a: Iron Valiant\n|-supereffective|p1a: Iron Valiant\n|-damage|p1a: Iron Valiant|10\/100\n|\n|-heal|p2a: Ting-Lu|71\/100|[from] item: Leftovers\n|upkeep\n|turn|15\n|\n|t:|1700222678\n|switch|p2a: Clodsire|Clodsire, F|100\/100\n|-damage|p2a: Clodsire|94\/100|[from] Stealth Rock\n|move|p1a: Iron Valiant|Close Combat|p2a: Clodsire\n|-resisted|p2a: Clodsire\n|-damage|p2a: Clodsire|77\/100\n|-unboost|p1a: Iron Valiant|def|1\n|-unboost|p1a: Iron Valiant|spd|1\n|\n|upkeep\n|turn|16\n|\n|t:|1700222688\n|move|p1a: Iron Valiant|Close Combat|p2a: Clodsire\n|-resisted|p2a: Clodsire\n|-damage|p2a: Clodsire|57\/100\n|-unboost|p1a: Iron Valiant|def|1\n|-unboost|p1a: Iron Valiant|spd|1\n|move|p2a: Clodsire|Poison Jab|p1a: Iron Valiant\n|-supereffective|p1a: Iron Valiant\n|-damage|p1a: Iron Valiant|0 fnt\n|faint|p1a: Iron Valiant\n|-end|p1a: Iron Valiant|Quark Drive|[silent]\n|\n|upkeep\n|\n|t:|1700222691\n|switch|p1a: Great Tusk|Great Tusk|100\/100\n|turn|17\n|\n|t:|1700222698\n|switch|p2a: Great Tusk|Great Tusk|100\/100\n|-damage|p2a: Great Tusk|98\/100|[from] Stealth Rock\n|move|p1a: Great Tusk|Headlong Rush|p2a: Great Tusk\n|-damage|p2a: Great Tusk|66\/100\n|-unboost|p1a: Great Tusk|def|1\n|-unboost|p1a: Great Tusk|spd|1\n|\n|-heal|p2a: Great Tusk|72\/100|[from] item: Leftovers\n|upkeep\n|turn|18\n|\n|t:|1700222704\n|-end|p2a: Great Tusk|Protosynthesis|[silent]\n|switch|p2a: Gholdengo|Gholdengo|100\/100\n|-damage|p2a: Gholdengo|94\/100|[from] Stealth Rock\n|move|p1a: Great Tusk|Rapid Spin|p2a: Gholdengo\n|-immune|p2a: Gholdengo\n|\n|upkeep\n|turn|19\n|\n|t:|1700222712\n|-end|p1a: Great Tusk|Protosynthesis|[silent]\n|switch|p1a: Slowking|Slowking-Galar, M|93\/100\n|move|p2a: Gholdengo|Shadow Ball|p1a: Slowking\n|-supereffective|p1a: Slowking\n|-damage|p1a: Slowking|52\/100\n|\n|upkeep\n|turn|20\n|\n|t:|1700222714\n|move|p2a: Gholdengo|Shadow Ball|p1a: Slowking\n|-supereffective|p1a: Slowking\n|-damage|p1a: Slowking|6\/100\n|-unboost|p1a: Slowking|spd|1\n|move|p1a: Slowking|Chilly Reception|p1a: Slowking\n|-weather|Snow\n|\n|t:|1700222720\n|switch|p1a: Dragonite|Dragonite, M|100\/100|[from] Chilly Reception\n|\n|-weather|Snow|[upkeep]\n|upkeep\n|turn|21\n|\n|t:|1700222726\n|switch|p2a: Great Tusk|Great Tusk|72\/100\n|-damage|p2a: Great Tusk|69\/100|[from] Stealth Rock\n|-terastallize|p1a: Dragonite|Normal\n|move|p1a: Dragonite|Dragon Dance|p1a: Dragonite\n|-boost|p1a: Dragonite|atk|1\n|-boost|p1a: Dragonite|spe|1\n|\n|-weather|Snow|[upkeep]\n|-heal|p2a: Great Tusk|76\/100|[from] item: Leftovers\n|upkeep\n|turn|22\n|\n|t:|1700222731\n|move|p1a: Dragonite|Ice Spinner|p2a: Great Tusk\n|-supereffective|p2a: Great Tusk\n|-damage|p2a: Great Tusk|34\/100\n|move|p2a: Great Tusk|Earthquake|p1a: Dragonite\n|-damage|p1a: Dragonite|77\/100\n|\n|-weather|Snow|[upkeep]\n|-heal|p2a: Great Tusk|40\/100|[from] item: Leftovers\n|upkeep\n|turn|23\n|\n|t:|1700222735\n|move|p1a: Dragonite|Ice Spinner|p2a: Great Tusk\n|-supereffective|p2a: Great Tusk\n|-damage|p2a: Great Tusk|1\/100\n|move|p2a: Great Tusk|Earthquake|p1a: Dragonite\n|-crit|p1a: Dragonite\n|-damage|p1a: Dragonite|3\/100\n|\n|-weather|Snow|[upkeep]\n|-heal|p2a: Great Tusk|7\/100|[from] item: Leftovers\n|upkeep\n|turn|24\n|\n|t:|1700222745\n|move|p1a: Dragonite|Earthquake|p2a: Great Tusk\n|-damage|p2a: Great Tusk|0 fnt\n|faint|p2a: Great Tusk\n|-end|p2a: Great Tusk|Protosynthesis|[silent]\n|\n|-weather|none\n|upkeep\n|\n|t:|1700222749\n|switch|p2a: Gholdengo|Gholdengo|94\/100\n|-damage|p2a: Gholdengo|88\/100|[from] Stealth Rock\n|turn|25\n|\n|t:|1700222754\n|move|p2a: Gholdengo|Make It Rain|p1a: Dragonite\n|-damage|p1a: Dragonite|0 fnt\n|-unboost|p2a: Gholdengo|spa|1\n|faint|p1a: Dragonite\n|\n|upkeep\n|\n|t:|1700222771\n|switch|p1a: Slowking|Slowking-Galar, M|40\/100\n|turn|26\n|\n|t:|1700222775\n|switch|p2a: Ting-Lu|Ting-Lu|71\/100\n|-damage|p2a: Ting-Lu|64\/100|[from] Stealth Rock\n|-ability|p2a: Ting-Lu|Vessel of Ruin\n|switch|p1a: Ogerpon|Ogerpon-Wellspring, F|65\/100\n|-damage|p1a: Ogerpon|52\/100|[from] Spikes\n|\n|-heal|p2a: Ting-Lu|71\/100|[from] item: Leftovers\n|upkeep\n|turn|27\n|\n|t:|1700222785\n|switch|p2a: Gholdengo|Gholdengo|88\/100\n|-damage|p2a: Gholdengo|82\/100|[from] Stealth Rock\n|move|p1a: Ogerpon|Horn Leech|p2a: Gholdengo\n|-resisted|p2a: Gholdengo\n|-damage|p2a: Gholdengo|60\/100\n|-heal|p1a: Ogerpon|66\/100|[from] drain|[of] p2a: Gholdengo\n|\n|upkeep\n|turn|28\n|\n|t:|1700222788\n|switch|p2a: Clodsire|Clodsire, F|57\/100\n|-damage|p2a: Clodsire|51\/100|[from] Stealth Rock\n|move|p1a: Ogerpon|Knock Off|p2a: Clodsire\n|-damage|p2a: Clodsire|32\/100\n|\n|upkeep\n|turn|29\n|\n|t:|1700222798\n|-terastallize|p2a: Clodsire|Poison\n|move|p1a: Ogerpon|Horn Leech|p2a: Clodsire\n|-resisted|p2a: Clodsire\n|-damage|p2a: Clodsire|15\/100\n|-heal|p1a: Ogerpon|80\/100|[from] drain|[of] p2a: Clodsire\n|move|p2a: Clodsire|Poison Jab|p1a: Ogerpon\n|-supereffective|p1a: Ogerpon\n|-damage|p1a: Ogerpon|4\/100\n|\n|upkeep\n|turn|30\n|\n|t:|1700222806\n|move|p1a: Ogerpon|Horn Leech|p2a: Clodsire\n|-resisted|p2a: Clodsire\n|-damage|p2a: Clodsire|0 fnt\n|-heal|p1a: Ogerpon|15\/100|[from] drain|[of] p2a: Clodsire\n|faint|p2a: Clodsire\n|\n|upkeep\n|\n|t:|1700222808\n|switch|p2a: Gholdengo|Gholdengo|60\/100\n|-damage|p2a: Gholdengo|54\/100|[from] Stealth Rock\n|turn|31\n|\n|t:|1700222822\n|move|p2a: Gholdengo|Shadow Ball|p1a: Ogerpon\n|-damage|p1a: Ogerpon|0 fnt\n|faint|p1a: Ogerpon\n|\n|upkeep\n|\n|t:|1700222829\n|switch|p1a: Great Tusk|Great Tusk|100\/100\n|turn|32\n|\n|t:|1700222837\n|switch|p2a: Ting-Lu|Ting-Lu|71\/100\n|-damage|p2a: Ting-Lu|64\/100|[from] Stealth Rock\n|-ability|p2a: Ting-Lu|Vessel of Ruin\n|move|p1a: Great Tusk|Headlong Rush|p2a: Ting-Lu\n|-damage|p2a: Ting-Lu|31\/100\n|-unboost|p1a: Great Tusk|def|1\n|-unboost|p1a: Great Tusk|spd|1\n|\n|-heal|p2a: Ting-Lu|38\/100|[from] item: Leftovers\n|upkeep\n|turn|33\n|\n|t:|1700222845\n|move|p1a: Great Tusk|Rapid Spin|p2a: Ting-Lu\n|-damage|p2a: Ting-Lu|28\/100\n|-boost|p1a: Great Tusk|spe|1\n|-sideend|p1: KyogreF4N|Spikes|[from] move: Rapid Spin|[of] p1a: Great Tusk\n|move|p2a: Ting-Lu|Stealth Rock|p1a: Great Tusk\n|-sidestart|p1: KyogreF4N|move: Stealth Rock\n|\n|-heal|p2a: Ting-Lu|34\/100|[from] item: Leftovers\n|upkeep\n|turn|34\n|\n|t:|1700222848\n|move|p1a: Great Tusk|Close Combat|p2a: Ting-Lu\n|-supereffective|p2a: Ting-Lu\n|-crit|p2a: Ting-Lu\n|-damage|p2a: Ting-Lu|0 fnt\n|-unboost|p1a: Great Tusk|def|1\n|-unboost|p1a: Great Tusk|spd|1\n|faint|p2a: Ting-Lu\n|\n|upkeep\n|j| Finch Qban VGC\n|\n|t:|1700222850\n|switch|p2a: Gholdengo|Gholdengo|54\/100\n|-damage|p2a: Gholdengo|48\/100|[from] Stealth Rock\n|turn|35\n|\n|t:|1700222852\n|move|p1a: Great Tusk|Headlong Rush|p2a: Gholdengo\n|-supereffective|p2a: Gholdengo\n|-damage|p2a: Gholdengo|0 fnt\n|-unboost|p1a: Great Tusk|def|1\n|-unboost|p1a: Great Tusk|spd|1\n|faint|p2a: Gholdengo\n|\n|upkeep\n|-message|Saimasseuh v10 forfeited.\n|\n|win|KyogreF4N\n|raw|KyogreF4N's rating: 1747 &rarr; <strong>1776<\/strong><br \/>(+29 for winning)\n|raw|Saimasseuh v10's rating: 1911 &rarr; <strong>1882<\/strong><br \/>(-29 for losing)\n|l|\u2606Saimasseuh v10\n|l|\u2606KyogreF4N\n","uploadtime":1700222862,"views":11,"p1id":"kyogref4n","p2id":"saimasseuhv10","formatid":"gen9ou","rating":1776,"private":0,"password":""}