{"id":"gen9ou-1996447935","p1":"PLAYB0I R0BBIE B","p2":"Sir_Excalibur205","format":"[Gen 9] OU","log":"|j|\u2606PLAYB0I R0BBIE B\n|j|\u2606Sir_Excalibur205\n|t:|1700682949\n|gametype|singles\n|player|p1|PLAYB0I R0BBIE B|eusine|1403\n|player|p2|Sir_Excalibur205|veteran|1426\n|teamsize|p1|6\n|teamsize|p2|6\n|gen|9\n|tier|[Gen 9] OU\n|rated|\n|rule|Sleep Clause Mod: Limit one foe put to sleep\n|rule|Species Clause: Limit one of each Pok\u00e9mon\n|rule|OHKO Clause: OHKO moves are banned\n|rule|Evasion Items Clause: Evasion items are banned\n|rule|Evasion Moves Clause: Evasion moves are banned\n|rule|Endless Battle Clause: Forcing endless battles is banned\n|rule|HP Percentage Mod: HP is shown in percentages\n|clearpoke\n|poke|p1|Zapdos|\n|poke|p1|Azumarill, F|\n|poke|p1|Hoopa-Unbound|\n|poke|p1|Dragapult, F|\n|poke|p1|Garganacl, F|\n|poke|p1|Great Tusk|\n|poke|p2|Iron Hands|\n|poke|p2|Brambleghast, M|\n|poke|p2|Ninetales-Alola, F|\n|poke|p2|Ceruledge, M|\n|poke|p2|Ribombee, F|\n|poke|p2|Walking Wake|\n|teampreview\n|\n|t:|1700682964\n|start\n|switch|p1a: Zapdos|Zapdos|100\/100\n|switch|p2a: Ribombee|Ribombee, F, shiny|100\/100\n|turn|1\n|\n|t:|1700682973\n|move|p2a: Ribombee|Sticky Web|p1a: Zapdos\n|-sidestart|p1: PLAYB0I R0BBIE B|move: Sticky Web\n|move|p1a: Zapdos|Hurricane|p2a: Ribombee|[miss]\n|-miss|p1a: Zapdos|p2a: Ribombee\n|\n|upkeep\n|turn|2\n|\n|t:|1700682977\n|switch|p2a: Brambleghast|Brambleghast, M|100\/100\n|move|p1a: Zapdos|Volt Switch|p2a: Brambleghast\n|-resisted|p2a: Brambleghast\n|-damage|p2a: Brambleghast|73\/100\n|\n|t:|1700682989\n|switch|p1a: Hoopa|Hoopa-Unbound|100\/100|[from] Volt Switch\n|-activate|p1a: Hoopa|move: Sticky Web\n|-unboost|p1a: Hoopa|spe|1\n|\n|upkeep\n|turn|3\n|\n|t:|1700682995\n|switch|p2a: Ribombee|Ribombee, F, shiny|100\/100\n|move|p1a: Hoopa|Hyperspace Fury|p2a: Ribombee\n|-resisted|p2a: Ribombee\n|-damage|p2a: Ribombee|13\/100\n|-unboost|p1a: Hoopa|def|1\n|\n|upkeep\n|turn|4\n|\n|t:|1700683001\n|switch|p1a: Zapdos|Zapdos|100\/100\n|move|p2a: Ribombee|Moonblast|p1a: Zapdos\n|-damage|p1a: Zapdos|61\/100\n|-unboost|p1a: Zapdos|spa|1\n|\n|upkeep\n|turn|5\n|\n|t:|1700683006\n|move|p2a: Ribombee|Tailwind|p2a: Ribombee\n|-sidestart|p2: Sir_Excalibur205|move: Tailwind\n|move|p1a: Zapdos|Volt Switch|p2a: Ribombee\n|-damage|p2a: Ribombee|0 fnt\n|faint|p2a: Ribombee\n|\n|t:|1700683015\n|switch|p1a: Azumarill|Azumarill, F|100\/100|[from] Volt Switch\n|-activate|p1a: Azumarill|move: Sticky Web\n|-unboost|p1a: Azumarill|spe|1\n|\n|upkeep\n|\n|t:|1700683022\n|switch|p2a: Non-Stop|Iron Hands|100\/100\n|turn|6\n|\n|t:|1700683027\n|switch|p1a: Great Tusk|Great Tusk|100\/100\n|move|p2a: Non-Stop|Thunder Punch|p1a: Great Tusk\n|-immune|p1a: Great Tusk\n|\n|upkeep\n|turn|7\n|\n|t:|1700683029\n|-end|p2a: Non-Stop|Quark Drive|[silent]\n|switch|p2a: Brambleghast|Brambleghast, M|73\/100\n|-ability|p2a: Brambleghast|Wind Rider|boost\n|-boost|p2a: Brambleghast|atk|1\n|move|p1a: Great Tusk|Rapid Spin|p2a: Brambleghast\n|-immune|p2a: Brambleghast\n|\n|upkeep\n|turn|8\n|\n|t:|1700683035\n|-terastallize|p1a: Great Tusk|Poison\n|move|p2a: Brambleghast|Poltergeist|p1a: Great Tusk\n|-activate|p1a: Great Tusk|move: Poltergeist|Heavy-Duty Boots\n|-damage|p1a: Great Tusk|31\/100\n|move|p1a: Great Tusk|Ice Spinner|p2a: Brambleghast\n|-supereffective|p2a: Brambleghast\n|-crit|p2a: Brambleghast\n|-damage|p2a: Brambleghast|0 fnt\n|faint|p2a: Brambleghast\n|\n|-sideend|p2: Sir_Excalibur205|move: Tailwind\n|upkeep\n|\n|t:|1700683046\n|switch|p2a: Ceruledge|Ceruledge, M|100\/100\n|turn|9\n|\n|t:|1700683056\n|-end|p1a: Great Tusk|Protosynthesis|[silent]\n|switch|p1a: Azumarill|Azumarill, F|100\/100\n|-activate|p1a: Azumarill|move: Sticky Web\n|-unboost|p1a: Azumarill|spe|1\n|move|p2a: Ceruledge|Bitter Blade|p1a: Azumarill\n|-resisted|p1a: Azumarill\n|-damage|p1a: Azumarill|78\/100\n|\n|upkeep\n|turn|10\n|\n|t:|1700683064\n|switch|p2a: Walking Wake|Walking Wake|100\/100\n|move|p1a: Azumarill|Liquidation|p2a: Walking Wake\n|-resisted|p2a: Walking Wake\n|-damage|p2a: Walking Wake|85\/100\n|\n|upkeep\n|turn|11\n|\n|t:|1700683068\n|move|p2a: Walking Wake|Sunny Day|p2a: Walking Wake\n|-weather|SunnyDay\n|-activate|p2a: Walking Wake|ability: Protosynthesis\n|-start|p2a: Walking Wake|protosynthesisspe\n|move|p1a: Azumarill|Play Rough|p2a: Walking Wake\n|-supereffective|p2a: Walking Wake\n|-crit|p2a: Walking Wake\n|-damage|p2a: Walking Wake|0 fnt\n|faint|p2a: Walking Wake\n|-end|p2a: Walking Wake|Protosynthesis|[silent]\n|\n|-weather|SunnyDay|[upkeep]\n|upkeep\n|\n|t:|1700683084\n|switch|p2a: Non-Stop|Iron Hands|100\/100\n|turn|12\n|\n|t:|1700683106\n|switch|p1a: Zapdos|Zapdos|61\/100\n|move|p2a: Non-Stop|Thunder Punch|p1a: Zapdos\n|-damage|p1a: Zapdos|25\/100\n|\n|-weather|SunnyDay|[upkeep]\n|upkeep\n|turn|13\n|\n|t:|1700683116\n|move|p1a: Zapdos|Roost|p1a: Zapdos\n|-heal|p1a: Zapdos|75\/100\n|-singleturn|p1a: Zapdos|move: Roost\n|move|p2a: Non-Stop|Swords Dance|p2a: Non-Stop\n|-boost|p2a: Non-Stop|atk|2\n|\n|-weather|SunnyDay|[upkeep]\n|upkeep\n|turn|14\n|\n|t:|1700683120\n|move|p1a: Zapdos|Hurricane|p2a: Non-Stop\n|-damage|p2a: Non-Stop|74\/100\n|-start|p2a: Non-Stop|confusion\n|-enditem|p2a: Non-Stop|Lum Berry|[eat]\n|-end|p2a: Non-Stop|confusion\n|move|p2a: Non-Stop|Swords Dance|p2a: Non-Stop\n|-boost|p2a: Non-Stop|atk|2\n|\n|-weather|SunnyDay|[upkeep]\n|upkeep\n|turn|15\n|\n|t:|1700683125\n|move|p1a: Zapdos|Hurricane|p2a: Non-Stop|[miss]\n|-miss|p1a: Zapdos|p2a: Non-Stop\n|move|p2a: Non-Stop|Drain Punch|p1a: Zapdos\n|-resisted|p1a: Zapdos\n|-damage|p1a: Zapdos|27\/100\n|-heal|p2a: Non-Stop|93\/100|[from] drain|[of] p1a: Zapdos\n|\n|-weather|none\n|upkeep\n|turn|16\n|\n|t:|1700683128\n|move|p1a: Zapdos|Hurricane|p2a: Non-Stop\n|-damage|p2a: Non-Stop|62\/100\n|move|p2a: Non-Stop|Swords Dance|p2a: Non-Stop\n|-boost|p2a: Non-Stop|atk|2\n|\n|upkeep\n|turn|17\n|\n|t:|1700683131\n|move|p1a: Zapdos|Hurricane|p2a: Non-Stop|[miss]\n|-miss|p1a: Zapdos|p2a: Non-Stop\n|move|p2a: Non-Stop|Drain Punch|p1a: Zapdos\n|-resisted|p1a: Zapdos\n|-damage|p1a: Zapdos|0 fnt\n|-heal|p2a: Non-Stop|72\/100|[from] drain|[of] p1a: Zapdos\n|faint|p1a: Zapdos\n|\n|upkeep\n|\n|t:|1700683134\n|switch|p1a: Dragapult|Dragapult, F|100\/100\n|-activate|p1a: Dragapult|move: Sticky Web\n|-unboost|p1a: Dragapult|spe|1\n|turn|18\n|\n|t:|1700683142\n|move|p1a: Dragapult|Draco Meteor|p2a: Non-Stop\n|-damage|p2a: Non-Stop|21\/100\n|-unboost|p1a: Dragapult|spa|2\n|move|p2a: Non-Stop|Thunder Punch|p1a: Dragapult\n|-resisted|p1a: Dragapult\n|-damage|p1a: Dragapult|6\/100\n|\n|upkeep\n|turn|19\n|\n|t:|1700683153\n|move|p1a: Dragapult|Draco Meteor|p2a: Non-Stop\n|-damage|p2a: Non-Stop|0 fnt\n|-unboost|p1a: Dragapult|spa|2\n|faint|p2a: Non-Stop\n|-end|p2a: Non-Stop|Quark Drive|[silent]\n|\n|upkeep\n|\n|t:|1700683160\n|switch|p2a: Ceruledge|Ceruledge, M|100\/100\n|turn|20\n|\n|t:|1700683166\n|switch|p1a: Azumarill|Azumarill, F|78\/100\n|-activate|p1a: Azumarill|move: Sticky Web\n|-unboost|p1a: Azumarill|spe|1\n|move|p2a: Ceruledge|Shadow Sneak|p1a: Azumarill\n|-damage|p1a: Azumarill|59\/100\n|\n|upkeep\n|turn|21\n|\n|t:|1700683173\n|switch|p2a: Ninetales|Ninetales-Alola, F, shiny|100\/100\n|-weather|Snow|[from] ability: Snow Warning|[of] p2a: Ninetales\n|move|p1a: Azumarill|Liquidation|p2a: Ninetales\n|-damage|p2a: Ninetales|49\/100\n|-unboost|p2a: Ninetales|def|1\n|\n|-weather|Snow|[upkeep]\n|upkeep\n|turn|22\n|\n|t:|1700683183\n|switch|p1a: Garganacl|Garganacl, F|100\/100\n|-activate|p1a: Garganacl|move: Sticky Web\n|-unboost|p1a: Garganacl|spe|1\n|move|p2a: Ninetales|Freeze-Dry|p1a: Garganacl\n|-damage|p1a: Garganacl|77\/100\n|\n|-weather|Snow|[upkeep]\n|-heal|p1a: Garganacl|84\/100|[from] item: Leftovers\n|upkeep\n|turn|23\n|\n|t:|1700683188\n|move|p2a: Ninetales|Aurora Veil|p2a: Ninetales\n|-sidestart|p2: Sir_Excalibur205|move: Aurora Veil\n|move|p1a: Garganacl|Stealth Rock|p2a: Ninetales\n|-sidestart|p2: Sir_Excalibur205|move: Stealth Rock\n|\n|-weather|Snow|[upkeep]\n|-heal|p1a: Garganacl|90\/100|[from] item: Leftovers\n|upkeep\n|turn|24\n|\n|t:|1700683191\n|move|p2a: Ninetales|Encore|p1a: Garganacl\n|-start|p1a: Garganacl|Encore\n|move|p1a: Garganacl|Stealth Rock||[still]\n|-fail|p1a: Garganacl\n|\n|-weather|Snow|[upkeep]\n|-heal|p1a: Garganacl|96\/100|[from] item: Leftovers\n|upkeep\n|turn|25\n|\n|t:|1700683195\n|switch|p2a: Ceruledge|Ceruledge, M|100\/100\n|-damage|p2a: Ceruledge|76\/100|[from] Stealth Rock\n|move|p1a: Garganacl|Stealth Rock||[still]\n|-fail|p1a: Garganacl\n|\n|-weather|none\n|-heal|p1a: Garganacl|100\/100|[from] item: Leftovers\n|upkeep\n|turn|26\n|\n|t:|1700683211\n|switch|p1a: Dragapult|Dragapult, F|6\/100\n|-activate|p1a: Dragapult|move: Sticky Web\n|-unboost|p1a: Dragapult|spe|1\n|move|p2a: Ceruledge|Swords Dance|p2a: Ceruledge\n|-boost|p2a: Ceruledge|atk|2\n|\n|upkeep\n|turn|27\n|\n|t:|1700683215\n|switch|p1a: Garganacl|Garganacl, F|100\/100\n|-activate|p1a: Garganacl|move: Sticky Web\n|-unboost|p1a: Garganacl|spe|1\n|move|p2a: Ceruledge|Shadow Sneak|p1a: Garganacl\n|-damage|p1a: Garganacl|89\/100\n|\n|-heal|p1a: Garganacl|95\/100|[from] item: Leftovers\n|upkeep\n|turn|28\n|\n|t:|1700683222\n|move|p2a: Ceruledge|Swords Dance|p2a: Ceruledge\n|-boost|p2a: Ceruledge|atk|2\n|move|p1a: Garganacl|Salt Cure|p2a: Ceruledge\n|-supereffective|p2a: Ceruledge\n|-damage|p2a: Ceruledge|56\/100\n|-start|p2a: Ceruledge|Salt Cure\n|-ability|p2a: Ceruledge|Weak Armor|boost\n|-unboost|p2a: Ceruledge|def|1\n|-boost|p2a: Ceruledge|spe|2\n|\n|-heal|p1a: Garganacl|100\/100|[from] item: Leftovers\n|-damage|p2a: Ceruledge|43\/100|[from] Salt Cure\n|upkeep\n|turn|29\n|\n|t:|1700683226\n|move|p1a: Garganacl|Protect|p1a: Garganacl\n|-singleturn|p1a: Garganacl|Protect\n|move|p2a: Ceruledge|Bitter Blade|p1a: Garganacl\n|-activate|p1a: Garganacl|move: Protect\n|\n|-damage|p2a: Ceruledge|31\/100|[from] Salt Cure\n|upkeep\n|turn|30\n|\n|t:|1700683231\n|move|p2a: Ceruledge|Bitter Blade|p1a: Garganacl\n|-resisted|p1a: Garganacl\n|-damage|p1a: Garganacl|65\/100\n|-heal|p2a: Ceruledge|55\/100|[from] drain|[of] p1a: Garganacl\n|move|p1a: Garganacl|Recover|p1a: Garganacl\n|-heal|p1a: Garganacl|100\/100\n|\n|-damage|p2a: Ceruledge|43\/100|[from] Salt Cure\n|-sideend|p2: Sir_Excalibur205|move: Aurora Veil\n|upkeep\n|turn|31\n|\n|t:|1700683236\n|move|p2a: Ceruledge|Swords Dance|p2a: Ceruledge\n|-boost|p2a: Ceruledge|atk|2\n|move|p1a: Garganacl|Salt Cure|p2a: Ceruledge\n|-supereffective|p2a: Ceruledge\n|-damage|p2a: Ceruledge|0 fnt\n|faint|p2a: Ceruledge\n|\n|upkeep\n|\n|t:|1700683237\n|switch|p2a: Ninetales|Ninetales-Alola, F, shiny|49\/100\n|-damage|p2a: Ninetales|24\/100|[from] Stealth Rock\n|-weather|Snow|[from] ability: Snow Warning|[of] p2a: Ninetales\n|turn|32\n|\n|t:|1700683240\n|move|p2a: Ninetales|Moonblast|p1a: Garganacl\n|-damage|p1a: Garganacl|68\/100\n|move|p1a: Garganacl|Salt Cure|p2a: Ninetales\n|-supereffective|p2a: Ninetales\n|-damage|p2a: Ninetales|0 fnt\n|faint|p2a: Ninetales\n|\n|win|PLAYB0I R0BBIE B\n|raw|PLAYB0I R0BBIE B's rating: 1403 &rarr; <strong>1424<\/strong><br \/>(+21 for winning)\n|raw|Sir_Excalibur205's rating: 1426 &rarr; <strong>1405<\/strong><br \/>(-21 for losing)\n|l|\u2606Sir_Excalibur205\n","uploadtime":1700683247,"views":0,"p1id":"playb0ir0bbieb","p2id":"sirexcalibur205","formatid":"gen9ou","rating":1405,"private":0,"password":""}