{"id":"gen9ou-1992457827","p1":"Blurred Ace","p2":"Lmanzz","format":"[Gen 9] OU","log":"|j|\u2606Blurred Ace\n|j|\u2606Lmanzz\n|t:|1700189963\n|gametype|singles\n|player|p1|Blurred Ace|gambler|1507\n|player|p2|Lmanzz|ninjaboy|1441\n|teamsize|p1|6\n|teamsize|p2|6\n|gen|9\n|tier|[Gen 9] OU\n|rated|\n|rule|Sleep Clause Mod: Limit one foe put to sleep\n|rule|Species Clause: Limit one of each Pok\u00e9mon\n|rule|OHKO Clause: OHKO moves are banned\n|rule|Evasion Items Clause: Evasion items are banned\n|rule|Evasion Moves Clause: Evasion moves are banned\n|rule|Endless Battle Clause: Forcing endless battles is banned\n|rule|HP Percentage Mod: HP is shown in percentages\n|clearpoke\n|poke|p1|Dragapult, M|\n|poke|p1|Scizor, M|\n|poke|p1|Samurott-Hisui, M|\n|poke|p1|Garchomp, M|\n|poke|p1|Great Tusk|\n|poke|p1|Slowking, M|\n|poke|p2|Heatran, F|\n|poke|p2|Kingambit, M|\n|poke|p2|Rillaboom, M|\n|poke|p2|Iron Moth|\n|poke|p2|Garchomp, F|\n|poke|p2|Corviknight, M|\n|teampreview\n|inactive|Battle timer is ON: inactive players will automatically lose when time's up. (requested by Blurred Ace)\n|\n|t:|1700189972\n|start\n|switch|p1a: Dragapult|Dragapult, M|100\/100\n|switch|p2a: Garchomp|Garchomp, F, shiny|100\/100\n|turn|1\n|\n|t:|1700189976\n|move|p1a: Dragapult|Draco Meteor|p2a: Garchomp\n|-supereffective|p2a: Garchomp\n|-damage|p2a: Garchomp|0 fnt\n|-unboost|p1a: Dragapult|spa|2\n|faint|p2a: Garchomp\n|\n|upkeep\n|\n|t:|1700189982\n|switch|p2a: Rillaboom|Rillaboom, M|100\/100\n|-fieldstart|move: Grassy Terrain|[from] ability: Grassy Surge|[of] p2a: Rillaboom\n|turn|2\n|\n|t:|1700189984\n|move|p1a: Dragapult|Will-O-Wisp|p2a: Rillaboom\n|-status|p2a: Rillaboom|brn\n|move|p2a: Rillaboom|Knock Off|p1a: Dragapult\n|-supereffective|p1a: Dragapult\n|-crit|p1a: Dragapult\n|-damage|p1a: Dragapult|0 fnt\n|-enditem|p1a: Dragapult|Heavy-Duty Boots|[from] move: Knock Off|[of] p2a: Rillaboom\n|faint|p1a: Dragapult\n|\n|-damage|p2a: Rillaboom|94\/100 brn|[from] brn\n|upkeep\n|\n|t:|1700189991\n|switch|p1a: Scizor|Scizor, M|100\/100\n|turn|3\n|\n|t:|1700190000\n|switch|p2a: Corviknight|Corviknight, M, shiny|100\/100\n|move|p1a: Scizor|U-turn|p2a: Corviknight\n|-resisted|p2a: Corviknight\n|-damage|p2a: Corviknight|92\/100\n|-damage|p1a: Scizor|84\/100|[from] item: Rocky Helmet|[of] p2a: Corviknight\n|\n|t:|1700190008\n|switch|p1a: Garchomp|Garchomp, M|100\/100|[from] U-turn\n|\n|upkeep\n|turn|4\n|\n|t:|1700190016\n|move|p1a: Garchomp|Flamethrower|p2a: Corviknight\n|-supereffective|p2a: Corviknight\n|-crit|p2a: Corviknight\n|-damage|p2a: Corviknight|38\/100\n|move|p2a: Corviknight|U-turn|p1a: Garchomp\n|-damage|p1a: Garchomp|86\/100\n|-damage|p2a: Corviknight|26\/100|[from] ability: Rough Skin|[of] p1a: Garchomp\n|-damage|p2a: Corviknight|9\/100|[from] item: Rocky Helmet|[of] p1a: Garchomp\n|\n|t:|1700190027\n|switch|p2a: Rillaboom|Rillaboom, M|94\/100 brn|[from] U-turn\n|\n|-heal|p1a: Garchomp|92\/100|[from] Grassy Terrain\n|-heal|p2a: Rillaboom|100\/100 brn|[from] Grassy Terrain\n|-damage|p2a: Rillaboom|94\/100 brn|[from] brn\n|upkeep\n|turn|5\n|\n|t:|1700190032\n|move|p1a: Garchomp|Stealth Rock|p2a: Rillaboom\n|-sidestart|p2: Lmanzz|move: Stealth Rock\n|move|p2a: Rillaboom|Wood Hammer|p1a: Garchomp\n|-damage|p1a: Garchomp|27\/100\n|-damage|p2a: Rillaboom|82\/100 brn|[from] ability: Rough Skin|[of] p1a: Garchomp\n|-damage|p2a: Rillaboom|65\/100 brn|[from] item: Rocky Helmet|[of] p1a: Garchomp\n|-damage|p2a: Rillaboom|46\/100 brn|[from] Recoil\n|\n|-heal|p1a: Garchomp|33\/100|[from] Grassy Terrain\n|-heal|p2a: Rillaboom|52\/100 brn|[from] Grassy Terrain\n|-damage|p2a: Rillaboom|46\/100 brn|[from] brn\n|upkeep\n|turn|6\n|\n|t:|1700190043\n|move|p1a: Garchomp|Flamethrower|p2a: Rillaboom\n|-supereffective|p2a: Rillaboom\n|-damage|p2a: Rillaboom|6\/100 brn\n|move|p2a: Rillaboom|Wood Hammer|p1a: Garchomp\n|-damage|p1a: Garchomp|0 fnt\n|-damage|p2a: Rillaboom|0 fnt|[from] ability: Rough Skin|[of] p1a: Garchomp\n|faint|p1a: Garchomp\n|faint|p2a: Rillaboom\n|\n|-fieldend|move: Grassy Terrain\n|upkeep\n|\n|t:|1700190052\n|switch|p1a: Samurott|Samurott-Hisui, M|100\/100\n|switch|p2a: Heatran|Heatran, F, shiny|100\/100\n|-damage|p2a: Heatran|88\/100|[from] Stealth Rock\n|turn|7\n|\n|t:|1700190062\n|switch|p2a: Corviknight|Corviknight, M, shiny|9\/100\n|-damage|p2a: Corviknight|0 fnt|[from] Stealth Rock\n|faint|p2a: Corviknight\n|move|p1a: Samurott|Aqua Cutter|p2: Corviknight|[notarget]\n|-fail|p1a: Samurott\n|\n|upkeep\n|\n|t:|1700190071\n|switch|p2a: Iron Moth|Iron Moth|100\/100\n|-damage|p2a: Iron Moth|76\/100|[from] Stealth Rock\n|-enditem|p2a: Iron Moth|Booster Energy\n|-activate|p2a: Iron Moth|ability: Quark Drive|[fromitem]\n|-start|p2a: Iron Moth|quarkdrivespe\n|turn|8\n|\n|t:|1700190077\n|-terastallize|p2a: Iron Moth|Fairy\n|move|p2a: Iron Moth|Dazzling Gleam|p1a: Samurott\n|-supereffective|p1a: Samurott\n|-enditem|p1a: Samurott|Focus Sash\n|-damage|p1a: Samurott|1\/100\n|move|p1a: Samurott|Aqua Cutter|p2a: Iron Moth\n|-damage|p2a: Iron Moth|0 fnt\n|faint|p2a: Iron Moth\n|-end|p2a: Iron Moth|Quark Drive|[silent]\n|\n|upkeep\n|\n|t:|1700190084\n|switch|p2a: Kingambit|Kingambit, M, shiny|100\/100\n|-damage|p2a: Kingambit|94\/100|[from] Stealth Rock\n|-activate|p2a: Kingambit|ability: Supreme Overlord\n|-start|p2a: Kingambit|fallen4|[silent]\n|turn|9\n|\n|t:|1700190088\n|switch|p1a: Great Tusk|Great Tusk|100\/100\n|move|p2a: Kingambit|Sucker Punch||[still]\n|-fail|p2a: Kingambit\n|\n|-heal|p2a: Kingambit|100\/100|[from] item: Leftovers\n|upkeep\n|turn|10\n|\n|t:|1700190096\n|-end|p2a: Kingambit|fallen4|[silent]\n|switch|p2a: Heatran|Heatran, F, shiny|88\/100\n|-damage|p2a: Heatran|76\/100|[from] Stealth Rock\n|move|p1a: Great Tusk|Earthquake|p2a: Heatran\n|-supereffective|p2a: Heatran\n|-damage|p2a: Heatran|0 fnt\n|faint|p2a: Heatran\n|\n|upkeep\n|\n|t:|1700190100\n|switch|p2a: Kingambit|Kingambit, M, shiny|100\/100\n|-damage|p2a: Kingambit|94\/100|[from] Stealth Rock\n|-activate|p2a: Kingambit|ability: Supreme Overlord\n|-start|p2a: Kingambit|fallen5|[silent]\n|turn|11\n|c|\u2606Blurred Ace|GG\n|\n|t:|1700190105\n|move|p1a: Great Tusk|Earthquake|p2a: Kingambit\n|-supereffective|p2a: Kingambit\n|-damage|p2a: Kingambit|7\/100\n|move|p2a: Kingambit|Iron Head|p1a: Great Tusk\n|-damage|p1a: Great Tusk|58\/100\n|\n|-heal|p1a: Great Tusk|65\/100|[from] item: Leftovers\n|-heal|p2a: Kingambit|13\/100|[from] item: Leftovers\n|upkeep\n|turn|12\n|\n|t:|1700190112\n|move|p2a: Kingambit|Sucker Punch|p1a: Great Tusk\n|-resisted|p1a: Great Tusk\n|-damage|p1a: Great Tusk|44\/100\n|move|p1a: Great Tusk|Earthquake|p2a: Kingambit\n|-supereffective|p2a: Kingambit\n|-damage|p2a: Kingambit|0 fnt\n|faint|p2a: Kingambit\n|-end|p2a: Kingambit|fallen5|[silent]\n|\n|win|Blurred Ace\n|raw|Blurred Ace's rating: 1507 &rarr; <strong>1523<\/strong><br \/>(+16 for winning)\n|raw|Lmanzz's rating: 1441 &rarr; <strong>1425<\/strong><br \/>(-16 for losing)\n|l|\u2606Lmanzz\n","uploadtime":1700190122,"views":6,"p1id":"blurredace","p2id":"lmanzz","formatid":"gen9ou","rating":1425,"private":0,"password":""}