{"id":"gen9ou-1997475468","p1":"gotsnsd","p2":"Audio Peel","format":"[Gen 9] OU","log":"|j|\u2606gotsnsd\n|j|\u2606Audio Peel\n|t:|1700811913\n|gametype|singles\n|player|p1|gotsnsd|beauty-gen2jp|1635\n|player|p2|Audio Peel|2|1727\n|teamsize|p1|6\n|teamsize|p2|6\n|gen|9\n|tier|[Gen 9] OU\n|rated|\n|rule|Sleep Clause Mod: Limit one foe put to sleep\n|rule|Species Clause: Limit one of each Pok\u00e9mon\n|rule|OHKO Clause: OHKO moves are banned\n|rule|Evasion Items Clause: Evasion items are banned\n|rule|Evasion Moves Clause: Evasion moves are banned\n|rule|Endless Battle Clause: Forcing endless battles is banned\n|rule|HP Percentage Mod: HP is shown in percentages\n|clearpoke\n|poke|p1|Hoopa-Unbound|\n|poke|p1|Great Tusk|\n|poke|p1|Cinderace, M|\n|poke|p1|Rotom-Wash|\n|poke|p1|Corviknight, F|\n|poke|p1|Tornadus-Therian, M|\n|poke|p2|Garganacl, M|\n|poke|p2|Dragonite, M|\n|poke|p2|Slowking-Galar, F|\n|poke|p2|Zamazenta-*|\n|poke|p2|Manaphy|\n|poke|p2|Ogerpon-Wellspring, F|\n|teampreview\n|\n|t:|1700811921\n|start\n|switch|p1a: Cinderace|Cinderace, M|100\/100\n|switch|p2a: Zamazenta|Zamazenta|100\/100\n|-ability|p2a: Zamazenta|Dauntless Shield|boost\n|-boost|p2a: Zamazenta|def|1\n|turn|1\n|\n|t:|1700811928\n|switch|p1a: Corviknight|Corviknight, F|100\/100\n|-ability|p1a: Corviknight|Pressure\n|move|p2a: Zamazenta|Stone Edge|p1a: Corviknight\n|-crit|p1a: Corviknight\n|-damage|p1a: Corviknight|60\/100\n|\n|upkeep\n|turn|2\n|\n|t:|1700811935\n|switch|p2a: Manaphy|Manaphy|100\/100\n|move|p1a: Corviknight|Roost|p1a: Corviknight\n|-heal|p1a: Corviknight|100\/100\n|-singleturn|p1a: Corviknight|move: Roost\n|\n|upkeep\n|turn|3\n|\n|t:|1700811941\n|move|p2a: Manaphy|Tail Glow|p2a: Manaphy\n|-boost|p2a: Manaphy|spa|3\n|move|p1a: Corviknight|U-turn|p2a: Manaphy\n|-damage|p2a: Manaphy|86\/100\n|\n|t:|1700811948\n|switch|p1a: Tornadus|Tornadus-Therian, M|100\/100|[from] U-turn\n|\n|-heal|p2a: Manaphy|92\/100|[from] item: Leftovers\n|upkeep\n|turn|4\n|j| WaterTypeGarchomp\n|\n|t:|1700811950\n|move|p1a: Tornadus|Knock Off|p2a: Manaphy\n|-damage|p2a: Manaphy|72\/100\n|-enditem|p2a: Manaphy|Leftovers|[from] move: Knock Off|[of] p1a: Tornadus\n|move|p2a: Manaphy|Ice Beam|p1a: Tornadus\n|-supereffective|p1a: Tornadus\n|-damage|p1a: Tornadus|6\/100\n|\n|upkeep\n|turn|5\n|\n|t:|1700811954\n|move|p1a: Tornadus|Bleakwind Storm|p2a: Manaphy|[miss]\n|-miss|p1a: Tornadus|p2a: Manaphy\n|move|p2a: Manaphy|Scald|p1a: Tornadus\n|-damage|p1a: Tornadus|0 fnt\n|faint|p1a: Tornadus\n|\n|upkeep\n|\n|t:|1700811965\n|switch|p1a: Hoopa|Hoopa-Unbound|100\/100\n|turn|6\n|\n|t:|1700811968\n|move|p2a: Manaphy|Scald|p1a: Hoopa\n|-damage|p1a: Hoopa|23\/100\n|move|p1a: Hoopa|Psychic|p2a: Manaphy\n|-damage|p2a: Manaphy|18\/100\n|\n|-heal|p1a: Hoopa|29\/100|[from] item: Leftovers\n|upkeep\n|turn|7\n|\n|t:|1700811975\n|move|p2a: Manaphy|Energy Ball|p1a: Hoopa\n|-damage|p1a: Hoopa|0 fnt\n|faint|p1a: Hoopa\n|\n|upkeep\n|\n|t:|1700811978\n|switch|p1a: Cinderace|Cinderace, M|100\/100\n|turn|8\n|\n|t:|1700811982\n|switch|p2a: Garganacl|Garganacl, M|100\/100\n|move|p1a: Cinderace|U-turn|p2a: Garganacl\n|-start|p1a: Cinderace|typechange|Bug|[from] ability: Libero\n|-damage|p2a: Garganacl|79\/100\n|\n|t:|1700811986\n|switch|p1a: Great Tusk|Great Tusk|100\/100|[from] U-turn\n|\n|-heal|p2a: Garganacl|85\/100|[from] item: Leftovers\n|upkeep\n|turn|9\n|\n|t:|1700811996\n|-terastallize|p2a: Garganacl|Fairy\n|move|p1a: Great Tusk|Close Combat|p2a: Garganacl\n|-resisted|p2a: Garganacl\n|-damage|p2a: Garganacl|64\/100\n|-unboost|p1a: Great Tusk|def|1\n|-unboost|p1a: Great Tusk|spd|1\n|-enditem|p1a: Great Tusk|Eject Pack\n|\n|t:|1700812002\n|-end|p1a: Great Tusk|Protosynthesis|[silent]\n|switch|p1a: Rotom|Rotom-Wash|100\/100\n|move|p2a: Garganacl|Salt Cure|p1a: Rotom\n|-damage|p1a: Rotom|86\/100\n|-start|p1a: Rotom|Salt Cure\n|\n|-heal|p1a: Rotom|92\/100|[from] item: Leftovers\n|-heal|p2a: Garganacl|70\/100|[from] item: Leftovers\n|-damage|p1a: Rotom|67\/100|[from] Salt Cure\n|upkeep\n|turn|10\n|\n|t:|1700812011\n|move|p1a: Rotom|Volt Switch|p2a: Garganacl\n|-damage|p2a: Garganacl|54\/100\n|\n|t:|1700812013\n|switch|p1a: Cinderace|Cinderace, M|100\/100|[from] Volt Switch\n|move|p2a: Garganacl|Recover|p2a: Garganacl\n|-heal|p2a: Garganacl|100\/100\n|\n|upkeep\n|turn|11\n|\n|t:|1700812019\n|move|p1a: Cinderace|Pyro Ball|p2a: Garganacl\n|-damage|p2a: Garganacl|62\/100\n|move|p2a: Garganacl|Salt Cure|p1a: Cinderace\n|-supereffective|p1a: Cinderace\n|-damage|p1a: Cinderace|63\/100\n|-start|p1a: Cinderace|Salt Cure\n|\n|-heal|p2a: Garganacl|68\/100|[from] item: Leftovers\n|-damage|p1a: Cinderace|50\/100|[from] Salt Cure\n|upkeep\n|turn|12\n|\n|t:|1700812028\n|switch|p1a: Rotom|Rotom-Wash|67\/100\n|move|p2a: Garganacl|Recover|p2a: Garganacl\n|-heal|p2a: Garganacl|100\/100\n|\n|-heal|p1a: Rotom|73\/100|[from] item: Leftovers\n|upkeep\n|turn|13\n|\n|t:|1700812031\n|move|p1a: Rotom|Hydro Pump|p2a: Garganacl\n|-damage|p2a: Garganacl|74\/100\n|move|p2a: Garganacl|Salt Cure|p1a: Rotom\n|-damage|p1a: Rotom|59\/100\n|-start|p1a: Rotom|Salt Cure\n|\n|-heal|p1a: Rotom|65\/100|[from] item: Leftovers\n|-heal|p2a: Garganacl|80\/100|[from] item: Leftovers\n|-damage|p1a: Rotom|40\/100|[from] Salt Cure\n|upkeep\n|turn|14\n|\n|t:|1700812035\n|move|p1a: Rotom|Volt Switch|p2a: Garganacl\n|-damage|p2a: Garganacl|63\/100\n|\n|t:|1700812039\n|switch|p1a: Great Tusk|Great Tusk|100\/100|[from] Volt Switch\n|move|p2a: Garganacl|Recover|p2a: Garganacl\n|-heal|p2a: Garganacl|100\/100\n|\n|upkeep\n|turn|15\n|\n|t:|1700812043\n|move|p1a: Great Tusk|Knock Off|p2a: Garganacl\n|-resisted|p2a: Garganacl\n|-damage|p2a: Garganacl|88\/100\n|-enditem|p2a: Garganacl|Leftovers|[from] move: Knock Off|[of] p1a: Great Tusk\n|move|p2a: Garganacl|Salt Cure|p1a: Great Tusk\n|-resisted|p1a: Great Tusk\n|-damage|p1a: Great Tusk|98\/100\n|-start|p1a: Great Tusk|Salt Cure\n|\n|-damage|p1a: Great Tusk|86\/100|[from] Salt Cure\n|upkeep\n|turn|16\n|\n|t:|1700812047\n|move|p2a: Garganacl|Protect|p2a: Garganacl\n|-singleturn|p2a: Garganacl|Protect\n|move|p1a: Great Tusk|Headlong Rush|p2a: Garganacl\n|-activate|p2a: Garganacl|move: Protect\n|\n|-damage|p1a: Great Tusk|73\/100|[from] Salt Cure\n|upkeep\n|turn|17\n|\n|t:|1700812056\n|-end|p1a: Great Tusk|Protosynthesis|[silent]\n|switch|p1a: Corviknight|Corviknight, F|100\/100\n|-ability|p1a: Corviknight|Pressure\n|move|p2a: Garganacl|Recover|p2a: Garganacl\n|-heal|p2a: Garganacl|100\/100\n|\n|upkeep\n|turn|18\n|\n|t:|1700812061\n|move|p1a: Corviknight|U-turn|p2a: Garganacl\n|-resisted|p2a: Garganacl\n|-damage|p2a: Garganacl|96\/100\n|\n|t:|1700812065\n|switch|p1a: Great Tusk|Great Tusk|73\/100|[from] U-turn\n|move|p2a: Garganacl|Salt Cure|p1a: Great Tusk\n|-resisted|p1a: Great Tusk\n|-damage|p1a: Great Tusk|71\/100\n|-start|p1a: Great Tusk|Salt Cure\n|\n|-damage|p1a: Great Tusk|58\/100|[from] Salt Cure\n|upkeep\n|turn|19\n|\n|t:|1700812068\n|-end|p1a: Great Tusk|Protosynthesis|[silent]\n|switch|p1a: Corviknight|Corviknight, F|100\/100\n|-ability|p1a: Corviknight|Pressure\n|move|p2a: Garganacl|Salt Cure|p1a: Corviknight\n|-damage|p1a: Corviknight|93\/100\n|-start|p1a: Corviknight|Salt Cure\n|\n|-damage|p1a: Corviknight|68\/100|[from] Salt Cure\n|upkeep\n|turn|20\n|\n|t:|1700812071\n|move|p1a: Corviknight|Brave Bird|p2a: Garganacl\n|-damage|p2a: Garganacl|69\/100\n|-damage|p1a: Corviknight|59\/100|[from] Recoil\n|move|p2a: Garganacl|Salt Cure|p1a: Corviknight\n|-damage|p1a: Corviknight|50\/100\n|\n|-damage|p1a: Corviknight|26\/100|[from] Salt Cure\n|upkeep\n|turn|21\n|\n|t:|1700812075\n|move|p1a: Corviknight|Roost|p1a: Corviknight\n|-heal|p1a: Corviknight|76\/100\n|-singleturn|p1a: Corviknight|move: Roost\n|move|p2a: Garganacl|Recover|p2a: Garganacl\n|-heal|p2a: Garganacl|100\/100\n|\n|-damage|p1a: Corviknight|51\/100|[from] Salt Cure\n|upkeep\n|turn|22\n|\n|t:|1700812080\n|move|p1a: Corviknight|Roost|p1a: Corviknight\n|-heal|p1a: Corviknight|100\/100\n|-singleturn|p1a: Corviknight|move: Roost\n|move|p2a: Garganacl|Stealth Rock|p1a: Corviknight\n|-sidestart|p1: gotsnsd|move: Stealth Rock\n|\n|-damage|p1a: Corviknight|76\/100|[from] Salt Cure\n|upkeep\n|turn|23\n|\n|t:|1700812084\n|move|p2a: Garganacl|Protect|p2a: Garganacl\n|-singleturn|p2a: Garganacl|Protect\n|move|p1a: Corviknight|Brave Bird|p2a: Garganacl\n|-activate|p2a: Garganacl|move: Protect\n|\n|-damage|p1a: Corviknight|51\/100|[from] Salt Cure\n|upkeep\n|turn|24\n|\n|t:|1700812087\n|move|p1a: Corviknight|Roost|p1a: Corviknight\n|-heal|p1a: Corviknight|100\/100\n|-singleturn|p1a: Corviknight|move: Roost\n|move|p2a: Garganacl|Salt Cure|p1a: Corviknight\n|-resisted|p1a: Corviknight\n|-damage|p1a: Corviknight|97\/100\n|\n|-damage|p1a: Corviknight|72\/100|[from] Salt Cure\n|upkeep\n|turn|25\n|\n|t:|1700812091\n|move|p1a: Corviknight|U-turn|p2a: Garganacl\n|-resisted|p2a: Garganacl\n|-damage|p2a: Garganacl|96\/100\n|\n|t:|1700812095\n|switch|p1a: Great Tusk|Great Tusk|58\/100|[from] U-turn\n|-damage|p1a: Great Tusk|55\/100|[from] Stealth Rock\n|move|p2a: Garganacl|Salt Cure|p1a: Great Tusk\n|-resisted|p1a: Great Tusk\n|-damage|p1a: Great Tusk|53\/100\n|-start|p1a: Great Tusk|Salt Cure\n|\n|-damage|p1a: Great Tusk|40\/100|[from] Salt Cure\n|upkeep\n|turn|26\n|\n|t:|1700812102\n|-end|p1a: Great Tusk|Protosynthesis|[silent]\n|switch|p1a: Rotom|Rotom-Wash|40\/100\n|-damage|p1a: Rotom|28\/100|[from] Stealth Rock\n|move|p2a: Garganacl|Protect||[still]\n|-fail|p2a: Garganacl\n|\n|-heal|p1a: Rotom|34\/100|[from] item: Leftovers\n|upkeep\n|turn|27\n|\n|t:|1700812105\n|move|p1a: Rotom|Hydro Pump|p2a: Garganacl|[miss]\n|-miss|p1a: Rotom|p2a: Garganacl\n|move|p2a: Garganacl|Salt Cure|p1a: Rotom\n|-damage|p1a: Rotom|19\/100\n|-start|p1a: Rotom|Salt Cure\n|\n|-heal|p1a: Rotom|25\/100|[from] item: Leftovers\n|-damage|p1a: Rotom|0 fnt|[from] Salt Cure\n|faint|p1a: Rotom\n|upkeep\n|\n|t:|1700812109\n|switch|p1a: Cinderace|Cinderace, M|50\/100\n|turn|28\n|\n|t:|1700812128\n|move|p1a: Cinderace|Court Change|p1a: Cinderace\n|-start|p1a: Cinderace|typechange|Normal|[from] ability: Libero\n|-swapsideconditions\n|-activate|p1a: Cinderace|move: Court Change\n|move|p2a: Garganacl|Salt Cure|p1a: Cinderace\n|-damage|p1a: Cinderace|29\/100\n|-start|p1a: Cinderace|Salt Cure\n|\n|-damage|p1a: Cinderace|17\/100|[from] Salt Cure\n|upkeep\n|turn|29\n|\n|t:|1700812132\n|-terastallize|p1a: Cinderace|Fire\n|move|p1a: Cinderace|Pyro Ball|p2a: Garganacl\n|-damage|p2a: Garganacl|55\/100\n|move|p2a: Garganacl|Stealth Rock|p1a: Cinderace\n|-sidestart|p1: gotsnsd|move: Stealth Rock\n|\n|-damage|p1a: Cinderace|4\/100|[from] Salt Cure\n|upkeep\n|turn|30\n|\n|t:|1700812137\n|move|p1a: Cinderace|Pyro Ball|p2a: Garganacl\n|-damage|p2a: Garganacl|15\/100\n|move|p2a: Garganacl|Recover|p2a: Garganacl\n|-heal|p2a: Garganacl|65\/100\n|\n|-damage|p1a: Cinderace|0 fnt|[from] Salt Cure\n|faint|p1a: Cinderace\n|upkeep\n|\n|t:|1700812140\n|switch|p1a: Great Tusk|Great Tusk|40\/100\n|-damage|p1a: Great Tusk|37\/100|[from] Stealth Rock\n|turn|31\n|\n|t:|1700812142\n|move|p2a: Garganacl|Protect|p2a: Garganacl\n|-singleturn|p2a: Garganacl|Protect\n|move|p1a: Great Tusk|Rapid Spin|p2a: Garganacl\n|-activate|p2a: Garganacl|move: Protect\n|\n|upkeep\n|turn|32\n|\n|t:|1700812146\n|switch|p2a: Zamazenta|Zamazenta|100\/100\n|-damage|p2a: Zamazenta|94\/100|[from] Stealth Rock\n|move|p1a: Great Tusk|Rapid Spin|p2a: Zamazenta\n|-damage|p2a: Zamazenta|77\/100\n|-boost|p1a: Great Tusk|spe|1\n|-sideend|p1: gotsnsd|Stealth Rock|[from] move: Rapid Spin|[of] p1a: Great Tusk\n|\n|upkeep\n|turn|33\n|\n|t:|1700812150\n|move|p1a: Great Tusk|Knock Off|p2a: Zamazenta\n|-resisted|p2a: Zamazenta\n|-damage|p2a: Zamazenta|61\/100\n|-enditem|p2a: Zamazenta|Choice Band|[from] move: Knock Off|[of] p1a: Great Tusk\n|move|p2a: Zamazenta|Close Combat|p1a: Great Tusk\n|-damage|p1a: Great Tusk|0 fnt\n|-unboost|p2a: Zamazenta|def|1\n|-unboost|p2a: Zamazenta|spd|1\n|faint|p1a: Great Tusk\n|-end|p1a: Great Tusk|Protosynthesis|[silent]\n|\n|upkeep\n|\n|t:|1700812153\n|switch|p1a: Corviknight|Corviknight, F|72\/100\n|-ability|p1a: Corviknight|Pressure\n|turn|34\n|\n|t:|1700812156\n|move|p2a: Zamazenta|Close Combat|p1a: Corviknight\n|-damage|p1a: Corviknight|38\/100\n|-unboost|p2a: Zamazenta|def|1\n|-unboost|p2a: Zamazenta|spd|1\n|-damage|p2a: Zamazenta|45\/100|[from] item: Rocky Helmet|[of] p1a: Corviknight\n|move|p1a: Corviknight|Brave Bird|p2a: Zamazenta\n|-supereffective|p2a: Zamazenta\n|-damage|p2a: Zamazenta|0 fnt\n|faint|p2a: Zamazenta\n|-damage|p1a: Corviknight|26\/100|[from] Recoil\n|\n|upkeep\n|\n|t:|1700812159\n|switch|p2a: Ogerpon|Ogerpon-Wellspring, F|100\/100\n|-damage|p2a: Ogerpon|88\/100|[from] Stealth Rock\n|turn|35\n|c|\u2606Audio Peel|gg\n|-message|gotsnsd forfeited.\n|\n|win|Audio Peel\n|raw|gotsnsd's rating: 1635 &rarr; <strong>1620<\/strong><br \/>(-15 for losing)\n|raw|Audio Peel's rating: 1727 &rarr; <strong>1742<\/strong><br \/>(+15 for winning)\n|l|\u2606gotsnsd\n","uploadtime":1700812170,"views":2,"p1id":"gotsnsd","p2id":"audiopeel","formatid":"gen9ou","rating":1620,"private":0,"password":""}