{"id":"gen9ou-1995146153","p1":"Blurred Ace","p2":"Avg_Godot_fan","format":"[Gen 9] OU","log":"|j|\u2606Blurred Ace\n|j|\u2606Avg_Godot_fan\n|t:|1700527720\n|gametype|singles\n|player|p1|Blurred Ace|gambler|1637\n|player|p2|Avg_Godot_fan|buck|1636\n|teamsize|p1|6\n|teamsize|p2|6\n|gen|9\n|tier|[Gen 9] OU\n|rated|\n|rule|Sleep Clause Mod: Limit one foe put to sleep\n|rule|Species Clause: Limit one of each Pok\u00e9mon\n|rule|OHKO Clause: OHKO moves are banned\n|rule|Evasion Items Clause: Evasion items are banned\n|rule|Evasion Moves Clause: Evasion moves are banned\n|rule|Endless Battle Clause: Forcing endless battles is banned\n|rule|HP Percentage Mod: HP is shown in percentages\n|clearpoke\n|poke|p1|Dragapult, M|\n|poke|p1|Scizor, M|\n|poke|p1|Samurott-Hisui, M|\n|poke|p1|Garchomp, M|\n|poke|p1|Great Tusk|\n|poke|p1|Slowking, M|\n|poke|p2|Glimmora, F|\n|poke|p2|Gholdengo|\n|poke|p2|Kingambit, F|\n|poke|p2|Ogerpon-Wellspring, F|\n|poke|p2|Iron Moth|\n|poke|p2|Enamorus, F|\n|teampreview\n|j| Krow247\n|\n|t:|1700527735\n|start\n|switch|p1a: Slowking|Slowking, M|100\/100\n|switch|p2a: Glimmora|Glimmora, F|100\/100\n|turn|1\n|\n|t:|1700527761\n|move|p2a: Glimmora|Stealth Rock|p1a: Slowking\n|-sidestart|p1: Blurred Ace|move: Stealth Rock\n|move|p1a: Slowking|Scald|p2a: Glimmora\n|-supereffective|p2a: Glimmora\n|-damage|p2a: Glimmora|22\/100\n|\n|upkeep\n|turn|2\n|\n|t:|1700527769\n|move|p2a: Glimmora|Mortal Spin|p1a: Slowking\n|-damage|p1a: Slowking|93\/100\n|-status|p1a: Slowking|psn\n|move|p1a: Slowking|Scald|p2a: Glimmora\n|-supereffective|p2a: Glimmora\n|-damage|p2a: Glimmora|0 fnt\n|faint|p2a: Glimmora\n|\n|-heal|p1a: Slowking|99\/100 psn|[from] item: Leftovers\n|-damage|p1a: Slowking|87\/100 psn|[from] psn\n|upkeep\n|\n|t:|1700527780\n|switch|p2a: Kingambit|Kingambit, F|100\/100\n|-activate|p2a: Kingambit|ability: Supreme Overlord\n|-start|p2a: Kingambit|fallen1|[silent]\n|turn|3\n|\n|t:|1700527784\n|switch|p1a: Garchomp|Garchomp, M|100\/100\n|-damage|p1a: Garchomp|94\/100|[from] Stealth Rock\n|move|p2a: Kingambit|Kowtow Cleave|p1a: Garchomp\n|-damage|p1a: Garchomp|26\/100\n|-damage|p2a: Kingambit|88\/100|[from] ability: Rough Skin|[of] p1a: Garchomp\n|-damage|p2a: Kingambit|72\/100|[from] item: Rocky Helmet|[of] p1a: Garchomp\n|\n|upkeep\n|turn|4\n|\n|t:|1700527793\n|move|p2a: Kingambit|Sucker Punch||[still]\n|-fail|p2a: Kingambit\n|move|p1a: Garchomp|Stealth Rock|p2a: Kingambit\n|-sidestart|p2: Avg_Godot_fan|move: Stealth Rock\n|\n|upkeep\n|turn|5\n|\n|t:|1700527798\n|move|p2a: Kingambit|Sucker Punch|p1a: Garchomp\n|-damage|p1a: Garchomp|0 fnt\n|-damage|p2a: Kingambit|59\/100|[from] ability: Rough Skin|[of] p1a: Garchomp\n|-damage|p2a: Kingambit|43\/100|[from] item: Rocky Helmet|[of] p1a: Garchomp\n|faint|p1a: Garchomp\n|\n|upkeep\n|\n|t:|1700527801\n|switch|p1a: Great Tusk|Great Tusk|100\/100\n|-damage|p1a: Great Tusk|98\/100|[from] Stealth Rock\n|turn|6\n|\n|t:|1700527807\n|-end|p2a: Kingambit|fallen1|[silent]\n|switch|p2a: Gholdengo|Gholdengo|100\/100\n|-damage|p2a: Gholdengo|94\/100|[from] Stealth Rock\n|-item|p2a: Gholdengo|Air Balloon\n|move|p1a: Great Tusk|Knock Off|p2a: Gholdengo\n|-supereffective|p2a: Gholdengo\n|-crit|p2a: Gholdengo\n|-damage|p2a: Gholdengo|0 fnt\n|-enditem|p2a: Gholdengo|Air Balloon\n|faint|p2a: Gholdengo\n|\n|-heal|p1a: Great Tusk|100\/100|[from] item: Leftovers\n|upkeep\n|\n|t:|1700527818\n|switch|p2a: Enamorus|Enamorus, F|100\/100\n|-damage|p2a: Enamorus|76\/100|[from] Stealth Rock\n|turn|7\n|\n|t:|1700527822\n|-end|p1a: Great Tusk|Protosynthesis|[silent]\n|switch|p1a: Slowking|Slowking, M|100\/100 psn\n|-damage|p1a: Slowking|88\/100 psn|[from] Stealth Rock\n|move|p2a: Enamorus|Moonblast|p1a: Slowking\n|-damage|p1a: Slowking|55\/100 psn\n|\n|-heal|p1a: Slowking|61\/100 psn|[from] item: Leftovers\n|-damage|p1a: Slowking|49\/100 psn|[from] psn\n|upkeep\n|turn|8\n|\n|t:|1700527831\n|move|p2a: Enamorus|Moonblast|p1a: Slowking\n|-damage|p1a: Slowking|20\/100 psn\n|move|p1a: Slowking|Chilly Reception|p1a: Slowking\n|-weather|Snow\n|\n|t:|1700527836\n|switch|p1a: Scizor|Scizor, M|100\/100|[from] Chilly Reception\n|-damage|p1a: Scizor|88\/100|[from] Stealth Rock\n|\n|-weather|Snow|[upkeep]\n|upkeep\n|turn|9\n|\n|t:|1700527841\n|switch|p2a: Iron Moth|Iron Moth|100\/100\n|-damage|p2a: Iron Moth|76\/100|[from] Stealth Rock\n|-enditem|p2a: Iron Moth|Booster Energy\n|-activate|p2a: Iron Moth|ability: Quark Drive|[fromitem]\n|-start|p2a: Iron Moth|quarkdrivespe\n|-terastallize|p1a: Scizor|Steel\n|move|p1a: Scizor|Bullet Punch|p2a: Iron Moth\n|-resisted|p2a: Iron Moth\n|-damage|p2a: Iron Moth|24\/100\n|\n|-weather|Snow|[upkeep]\n|upkeep\n|turn|10\n|\n|t:|1700527852\n|move|p1a: Scizor|Bullet Punch|p2a: Iron Moth\n|-resisted|p2a: Iron Moth\n|-damage|p2a: Iron Moth|0 fnt\n|faint|p2a: Iron Moth\n|-end|p2a: Iron Moth|Quark Drive|[silent]\n|\n|-weather|Snow|[upkeep]\n|upkeep\n|\n|t:|1700527862\n|switch|p2a: Ogerpon|Ogerpon-Wellspring, F|100\/100\n|-damage|p2a: Ogerpon|88\/100|[from] Stealth Rock\n|turn|11\n|\n|t:|1700527868\n|-terastallize|p2a: Ogerpon|Water\n|detailschange|p2a: Ogerpon|Ogerpon-Wellspring-Tera, F, tera:Water\n|-ability|p2a: Ogerpon|Embody Aspect (Wellspring)|boost\n|-boost|p2a: Ogerpon|spd|1\n|move|p1a: Scizor|Bullet Punch|p2a: Ogerpon\n|-resisted|p2a: Ogerpon\n|-damage|p2a: Ogerpon|41\/100\n|move|p2a: Ogerpon|Ivy Cudgel|p1a: Scizor|[anim] Ivy Cudgel Water\n|-damage|p1a: Scizor|11\/100\n|\n|-weather|Snow|[upkeep]\n|upkeep\n|turn|12\n|-message|Avg_Godot_fan forfeited.\n|\n|win|Blurred Ace\n|raw|Blurred Ace's rating: 1637 &rarr; <strong>1657<\/strong><br \/>(+20 for winning)\n|raw|Avg_Godot_fan's rating: 1636 &rarr; <strong>1616<\/strong><br \/>(-20 for losing)\n|l|\u2606Avg_Godot_fan\n","uploadtime":1700527881,"views":6,"p1id":"blurredace","p2id":"avggodotfan","formatid":"gen9ou","rating":1616,"private":0,"password":""}