{"id":"gen9ou-1995896517","p1":"Johnathan0205","p2":"DarkCharizard1993","format":"[Gen 9] OU","log":"|j|\u2606Johnathan0205\n|j|\u2606DarkCharizard1993\n|t:|1700614810\n|gametype|singles\n|player|p1|Johnathan0205|pokemonrangerf|1278\n|player|p2|DarkCharizard1993|2|1207\n|teamsize|p1|6\n|teamsize|p2|6\n|gen|9\n|tier|[Gen 9] OU\n|rated|\n|rule|Sleep Clause Mod: Limit one foe put to sleep\n|rule|Species Clause: Limit one of each Pok\u00e9mon\n|rule|OHKO Clause: OHKO moves are banned\n|rule|Evasion Items Clause: Evasion items are banned\n|rule|Evasion Moves Clause: Evasion moves are banned\n|rule|Endless Battle Clause: Forcing endless battles is banned\n|rule|HP Percentage Mod: HP is shown in percentages\n|clearpoke\n|poke|p1|Ribombee, F|\n|poke|p1|Salamence, F|\n|poke|p1|Gholdengo|\n|poke|p1|Great Tusk|\n|poke|p1|Iron Moth|\n|poke|p1|Manaphy|\n|poke|p2|Charizard, M|\n|poke|p2|Torkoal, M|\n|poke|p2|Ceruledge, M|\n|poke|p2|Heatran, M|\n|poke|p2|Iron Moth|\n|poke|p2|Typhlosion-Hisui, M|\n|teampreview\n|\n|t:|1700614814\n|start\n|switch|p1a: Sassy sal|Salamence, F, shiny|100\/100\n|switch|p2a: Iron Moth|Iron Moth, shiny|100\/100\n|-enditem|p2a: Iron Moth|Booster Energy\n|-activate|p2a: Iron Moth|ability: Quark Drive|[fromitem]\n|-start|p2a: Iron Moth|quarkdrivespe\n|turn|1\n|\n|t:|1700614826\n|move|p2a: Iron Moth|Dazzling Gleam|p1a: Sassy sal\n|-supereffective|p1a: Sassy sal\n|-damage|p1a: Sassy sal|29\/100\n|move|p1a: Sassy sal|Dragon Dance|p1a: Sassy sal\n|-boost|p1a: Sassy sal|atk|1\n|-boost|p1a: Sassy sal|spe|1\n|\n|upkeep\n|turn|2\n|\n|t:|1700614835\n|-terastallize|p1a: Sassy sal|Steel\n|move|p2a: Iron Moth|Dazzling Gleam|p1a: Sassy sal\n|-resisted|p1a: Sassy sal\n|-damage|p1a: Sassy sal|10\/100\n|move|p1a: Sassy sal|Earthquake|p2a: Iron Moth\n|-supereffective|p2a: Iron Moth\n|-crit|p2a: Iron Moth\n|-damage|p2a: Iron Moth|0 fnt\n|faint|p2a: Iron Moth\n|-end|p2a: Iron Moth|Quark Drive|[silent]\n|-ability|p1a: Sassy sal|Moxie|boost\n|-boost|p1a: Sassy sal|atk|1\n|\n|upkeep\n|\n|t:|1700614845\n|switch|p2a: Typhlosion|Typhlosion-Hisui, M, shiny|100\/100\n|turn|3\n|\n|t:|1700614849\n|move|p1a: Sassy sal|Earthquake|p2a: Typhlosion\n|-supereffective|p2a: Typhlosion\n|-damage|p2a: Typhlosion|0 fnt\n|faint|p2a: Typhlosion\n|-ability|p1a: Sassy sal|Moxie|boost\n|-boost|p1a: Sassy sal|atk|1\n|\n|upkeep\n|\n|t:|1700614858\n|switch|p2a: Torkoal|Torkoal, M, shiny|100\/100\n|-weather|SunnyDay|[from] ability: Drought|[of] p2a: Torkoal\n|turn|4\n|\n|t:|1700614864\n|move|p1a: Sassy sal|Earthquake|p2a: Torkoal\n|-supereffective|p2a: Torkoal\n|-damage|p2a: Torkoal|0 fnt\n|faint|p2a: Torkoal\n|-ability|p1a: Sassy sal|Moxie|boost\n|-boost|p1a: Sassy sal|atk|1\n|\n|-weather|SunnyDay|[upkeep]\n|upkeep\n|\n|t:|1700614872\n|switch|p2a: Ceruledge|Ceruledge, M, shiny|100\/100\n|turn|5\n|\n|t:|1700614878\n|move|p2a: Ceruledge|Shadow Sneak|p1a: Sassy sal\n|-damage|p1a: Sassy sal|0 fnt\n|faint|p1a: Sassy sal\n|\n|-weather|SunnyDay|[upkeep]\n|upkeep\n|\n|t:|1700614896\n|switch|p1a: Manaphy|Manaphy|100\/100\n|turn|6\n|\n|t:|1700614910\n|switch|p2a: Charizard|Charizard, M, shiny|100\/100\n|move|p1a: Manaphy|Surf|p2a: Charizard\n|-supereffective|p2a: Charizard\n|-damage|p2a: Charizard|42\/100\n|\n|-weather|SunnyDay|[upkeep]\n|-damage|p2a: Charizard|29\/100|[from] ability: Solar Power|[of] p2a: Charizard\n|upkeep\n|turn|7\n|inactive|Battle timer is ON: inactive players will automatically lose when time's up. (requested by DarkCharizard1993)\n|\n|t:|1700614945\n|-terastallize|p2a: Charizard|Grass\n|move|p2a: Charizard|Solar Beam||[still]\n|-prepare|p2a: Charizard|Solar Beam\n|-anim|p2a: Charizard|Solar Beam|p1a: Manaphy\n|-supereffective|p1a: Manaphy\n|-damage|p1a: Manaphy|0 fnt\n|faint|p1a: Manaphy\n|-damage|p2a: Charizard|20\/100|[from] item: Life Orb\n|\n|-weather|SunnyDay|[upkeep]\n|-damage|p2a: Charizard|7\/100|[from] ability: Solar Power|[of] p2a: Charizard\n|upkeep\n|\n|t:|1700614957\n|switch|p1a: Iron Moth|Iron Moth|100\/100\n|-enditem|p1a: Iron Moth|Booster Energy\n|-activate|p1a: Iron Moth|ability: Quark Drive|[fromitem]\n|-start|p1a: Iron Moth|quarkdrivespe\n|turn|8\n|\n|t:|1700614966\n|move|p1a: Iron Moth|Sludge Wave|p2a: Charizard\n|-supereffective|p2a: Charizard\n|-damage|p2a: Charizard|0 fnt\n|faint|p2a: Charizard\n|\n|-weather|SunnyDay|[upkeep]\n|upkeep\n|\n|t:|1700614971\n|switch|p2a: Heatran|Heatran, M, shiny|100\/100\n|turn|9\n|\n|t:|1700614988\n|-end|p1a: Iron Moth|Quark Drive|[silent]\n|switch|p1a: Gholdengo|Gholdengo|100\/100\n|-item|p1a: Gholdengo|Air Balloon\n|move|p2a: Heatran|Earth Power|p1a: Gholdengo\n|-immune|p1a: Gholdengo\n|\n|-weather|SunnyDay|[upkeep]\n|upkeep\n|turn|10\n|\n|t:|1700615001\n|move|p1a: Gholdengo|Shadow Ball|p2a: Heatran\n|-damage|p2a: Heatran|69\/100\n|move|p2a: Heatran|Magma Storm|p1a: Gholdengo\n|-supereffective|p1a: Gholdengo\n|-damage|p1a: Gholdengo|0 fnt\n|-enditem|p1a: Gholdengo|Air Balloon\n|faint|p1a: Gholdengo\n|\n|-weather|SunnyDay|[upkeep]\n|-heal|p2a: Heatran|76\/100|[from] item: Leftovers\n|upkeep\n|\n|t:|1700615012\n|switch|p1a: Great Tusk|Great Tusk|100\/100\n|-activate|p1a: Great Tusk|ability: Protosynthesis\n|-start|p1a: Great Tusk|protosynthesisatk\n|turn|11\n|\n|t:|1700615023\n|switch|p2a: Ceruledge|Ceruledge, M, shiny|100\/100\n|move|p1a: Great Tusk|Headlong Rush|p2a: Ceruledge\n|-supereffective|p2a: Ceruledge\n|-enditem|p2a: Ceruledge|Focus Sash\n|-damage|p2a: Ceruledge|1\/100\n|-unboost|p1a: Great Tusk|def|1\n|-unboost|p1a: Great Tusk|spd|1\n|-ability|p2a: Ceruledge|Weak Armor|boost\n|-unboost|p2a: Ceruledge|def|1\n|-boost|p2a: Ceruledge|spe|2\n|\n|-weather|none\n|-end|p1a: Great Tusk|Protosynthesis\n|upkeep\n|-enditem|p1a: Great Tusk|Booster Energy\n|-activate|p1a: Great Tusk|ability: Protosynthesis|[fromitem]\n|-start|p1a: Great Tusk|protosynthesisatk\n|turn|12\n|\n|t:|1700615047\n|-end|p1a: Great Tusk|Protosynthesis|[silent]\n|switch|p1a: Iron Moth|Iron Moth|100\/100\n|move|p2a: Ceruledge|Close Combat|p1a: Iron Moth\n|-resisted|p1a: Iron Moth\n|-damage|p1a: Iron Moth|72\/100\n|-unboost|p2a: Ceruledge|def|1\n|-unboost|p2a: Ceruledge|spd|1\n|\n|upkeep\n|turn|13\n|\n|t:|1700615059\n|move|p2a: Ceruledge|Bitter Blade|p1a: Iron Moth\n|-resisted|p1a: Iron Moth\n|-damage|p1a: Iron Moth|39\/100\n|-heal|p2a: Ceruledge|18\/100|[from] drain|[of] p1a: Iron Moth\n|move|p1a: Iron Moth|Energy Ball|p2a: Ceruledge\n|-resisted|p2a: Ceruledge\n|-damage|p2a: Ceruledge|0 fnt\n|faint|p2a: Ceruledge\n|\n|upkeep\n|\n|t:|1700615067\n|switch|p2a: Heatran|Heatran, M, shiny|76\/100\n|turn|14\n|\n|t:|1700615079\n|move|p1a: Iron Moth|Energy Ball|p2a: Heatran\n|-resisted|p2a: Heatran\n|-damage|p2a: Heatran|70\/100\n|-unboost|p2a: Heatran|spd|1\n|move|p2a: Heatran|Magma Storm|p1a: Iron Moth\n|-resisted|p1a: Iron Moth\n|-damage|p1a: Iron Moth|17\/100\n|-activate|p1a: Iron Moth|move: Magma Storm|[of] p2a: Heatran\n|\n|-heal|p2a: Heatran|77\/100|[from] item: Leftovers\n|-damage|p1a: Iron Moth|4\/100|[from] move: Magma Storm|[partiallytrapped]\n|upkeep\n|turn|15\n|\n|t:|1700615092\n|move|p1a: Iron Moth|Energy Ball|p2a: Heatran\n|-resisted|p2a: Heatran\n|-damage|p2a: Heatran|69\/100\n|move|p2a: Heatran|Magma Storm|p1a: Iron Moth\n|-resisted|p1a: Iron Moth\n|-damage|p1a: Iron Moth|0 fnt\n|faint|p1a: Iron Moth\n|-end|p1a: Iron Moth|Quark Drive|[silent]\n|\n|-heal|p2a: Heatran|75\/100|[from] item: Leftovers\n|upkeep\n|\n|t:|1700615102\n|switch|p1a: Great Tusk|Great Tusk|100\/100\n|turn|16\n|\n|t:|1700615105\n|move|p1a: Great Tusk|Headlong Rush|p2a: Heatran\n|-supereffective|p2a: Heatran\n|-damage|p2a: Heatran|0 fnt\n|-unboost|p1a: Great Tusk|def|1\n|-unboost|p1a: Great Tusk|spd|1\n|faint|p2a: Heatran\n|\n|win|Johnathan0205\n|raw|Johnathan0205's rating: 1278 &rarr; <strong>1298<\/strong><br \/>(+20 for winning)\n|raw|DarkCharizard1993's rating: 1207 &rarr; <strong>1187<\/strong><br \/>(-20 for losing)\n|l|\u2606DarkCharizard1993\n","uploadtime":1700615116,"views":10,"p1id":"johnathan0205","p2id":"darkcharizard1993","formatid":"gen9ou","rating":1187,"private":0,"password":""}