{"id":"gen9ou-1988234072","p1":"RayParK_","p2":"TismWarrior1","format":"[Gen 9] OU","log":"|j|\u2606RayParK_\n|j|\u2606TismWarrior1\n|t:|1699690869\n|gametype|singles\n|player|p1|RayParK_|265|1727\n|player|p2|TismWarrior1|medium|1736\n|teamsize|p1|6\n|teamsize|p2|6\n|gen|9\n|tier|[Gen 9] OU\n|rated|\n|rule|Sleep Clause Mod: Limit one foe put to sleep\n|rule|Species Clause: Limit one of each Pok\u00e9mon\n|rule|OHKO Clause: OHKO moves are banned\n|rule|Evasion Items Clause: Evasion items are banned\n|rule|Evasion Moves Clause: Evasion moves are banned\n|rule|Endless Battle Clause: Forcing endless battles is banned\n|rule|HP Percentage Mod: HP is shown in percentages\n|clearpoke\n|poke|p1|Slowking-Galar, M|\n|poke|p1|Greninja-*, M|\n|poke|p1|Great Tusk|\n|poke|p1|Corviknight, M|\n|poke|p1|Ogerpon-Cornerstone, F|\n|poke|p1|Dondozo, M|\n|poke|p2|Gliscor, M|\n|poke|p2|Gholdengo|\n|poke|p2|Ogerpon-Wellspring, F|\n|poke|p2|Kingambit, M|\n|poke|p2|Great Tusk|\n|poke|p2|Walking Wake|\n|teampreview\n|inactive|Battle timer is ON: inactive players will automatically lose when time's up. (requested by TismWarrior1)\n|c|\u2606TismWarrior1|hf\n|\n|t:|1699690879\n|start\n|switch|p1a: Slowking|Slowking-Galar, M|100\/100\n|switch|p2a: Gliscor|Gliscor, M|100\/100\n|turn|1\n|c|\u2606RayParK_|hf\n|\n|t:|1699690885\n|move|p2a: Gliscor|Protect|p2a: Gliscor\n|-singleturn|p2a: Gliscor|Protect\n|move|p1a: Slowking|Ice Beam|p2a: Gliscor\n|-activate|p2a: Gliscor|move: Protect\n|\n|-status|p2a: Gliscor|tox|[from] item: Toxic Orb\n|upkeep\n|turn|2\n|\n|t:|1699690892\n|move|p2a: Gliscor|Earthquake|p1a: Slowking\n|-supereffective|p1a: Slowking\n|-damage|p1a: Slowking|37\/100\n|move|p1a: Slowking|Ice Beam|p2a: Gliscor\n|-supereffective|p2a: Gliscor\n|-damage|p2a: Gliscor|24\/100 tox\n|\n|-heal|p2a: Gliscor|37\/100 tox|[from] ability: Poison Heal\n|upkeep\n|turn|3\n|j| lgang007\n|\n|t:|1699690902\n|switch|p1a: Great Tusk|Great Tusk|100\/100\n|move|p2a: Gliscor|Earthquake|p1a: Great Tusk\n|-damage|p1a: Great Tusk|76\/100\n|\n|-heal|p2a: Gliscor|49\/100 tox|[from] ability: Poison Heal\n|upkeep\n|turn|4\n|j| orasfunfun\n|\n|t:|1699690910\n|move|p2a: Gliscor|Protect|p2a: Gliscor\n|-singleturn|p2a: Gliscor|Protect\n|move|p1a: Great Tusk|Ice Spinner|p2a: Gliscor\n|-activate|p2a: Gliscor|move: Protect\n|\n|-heal|p2a: Gliscor|62\/100 tox|[from] ability: Poison Heal\n|upkeep\n|turn|5\n|\n|t:|1699690919\n|-end|p1a: Great Tusk|Protosynthesis|[silent]\n|switch|p1a: Greninja|Greninja, M|100\/100\n|switch|p2a: Great Tusk|Great Tusk|100\/100\n|\n|upkeep\n|turn|6\n|l| lgang007\n|\n|t:|1699690938\n|-end|p2a: Great Tusk|Protosynthesis|[silent]\n|switch|p2a: Kingambit|Kingambit, M|100\/100\n|move|p1a: Greninja|Dark Pulse|p2a: Kingambit\n|-resisted|p2a: Kingambit\n|-damage|p2a: Kingambit|77\/100\n|-damage|p1a: Greninja|91\/100|[from] item: Life Orb\n|\n|-heal|p2a: Kingambit|83\/100|[from] item: Leftovers\n|upkeep\n|turn|7\n|\n|t:|1699690947\n|-end|p2a: Kingambit|fallenundefined|[silent]\n|switch|p2a: Ogerpon|Ogerpon-Wellspring, F|100\/100\n|move|p1a: Greninja|Hydro Pump|p2a: Ogerpon\n|-immune|p2a: Ogerpon|[from] ability: Water Absorb\n|\n|upkeep\n|turn|8\n|\n|t:|1699690954\n|switch|p1a: Corviknight|Corviknight, M, shiny|100\/100\n|-ability|p1a: Corviknight|Pressure\n|move|p2a: Ogerpon|Horn Leech|p1a: Corviknight\n|-resisted|p1a: Corviknight\n|-damage|p1a: Corviknight|94\/100\n|-damage|p2a: Ogerpon|84\/100|[from] item: Rocky Helmet|[of] p1a: Corviknight\n|\n|upkeep\n|turn|9\n|\n|t:|1699690965\n|switch|p2a: Gliscor|Gliscor, M|62\/100 tox\n|move|p1a: Corviknight|Brave Bird|p2a: Gliscor\n|-damage|p2a: Gliscor|33\/100 tox\n|-damage|p1a: Corviknight|85\/100|[from] Recoil\n|\n|-heal|p2a: Gliscor|45\/100 tox|[from] ability: Poison Heal\n|upkeep\n|turn|10\n|\n|t:|1699690974\n|switch|p1a: Slowking|Slowking-Galar, M|70\/100\n|move|p2a: Gliscor|Spikes|p1a: Slowking\n|-sidestart|p1: RayParK_|Spikes\n|\n|-heal|p2a: Gliscor|58\/100 tox|[from] ability: Poison Heal\n|upkeep\n|turn|11\n|\n|t:|1699690981\n|move|p2a: Gliscor|Protect|p2a: Gliscor\n|-singleturn|p2a: Gliscor|Protect\n|move|p1a: Slowking|Ice Beam|p2a: Gliscor\n|-activate|p2a: Gliscor|move: Protect\n|\n|-heal|p2a: Gliscor|70\/100 tox|[from] ability: Poison Heal\n|upkeep\n|turn|12\n|\n|t:|1699690989\n|switch|p2a: Gholdengo|Gholdengo|100\/100\n|move|p1a: Slowking|Ice Beam|p2a: Gholdengo\n|-resisted|p2a: Gholdengo\n|-damage|p2a: Gholdengo|89\/100\n|\n|upkeep\n|turn|13\n|\n|t:|1699690997\n|-terastallize|p1a: Slowking|Water\n|move|p2a: Gholdengo|Shadow Ball|p1a: Slowking\n|-damage|p1a: Slowking|51\/100\n|move|p1a: Slowking|Fire Blast|p2a: Gholdengo\n|-supereffective|p2a: Gholdengo\n|-damage|p2a: Gholdengo|29\/100\n|-status|p2a: Gholdengo|brn\n|\n|-damage|p2a: Gholdengo|22\/100 brn|[from] brn\n|upkeep\n|turn|14\n|\n|t:|1699691007\n|switch|p2a: Walking Wake|Walking Wake|100\/100\n|move|p1a: Slowking|Fire Blast|p2a: Walking Wake\n|-resisted|p2a: Walking Wake\n|-damage|p2a: Walking Wake|93\/100\n|\n|upkeep\n|turn|15\n|\n|t:|1699691015\n|move|p2a: Walking Wake|Knock Off|p1a: Slowking\n|-damage|p1a: Slowking|33\/100\n|-enditem|p1a: Slowking|Assault Vest|[from] move: Knock Off|[of] p2a: Walking Wake\n|move|p1a: Slowking|Psychic|p2a: Walking Wake\n|-damage|p2a: Walking Wake|56\/100\n|\n|upkeep\n|turn|16\n|\n|t:|1699691022\n|-end|p2a: Walking Wake|Protosynthesis|[silent]\n|switch|p2a: Kingambit|Kingambit, M|83\/100\n|move|p1a: Slowking|Psychic|p2a: Kingambit\n|-immune|p2a: Kingambit\n|\n|-heal|p2a: Kingambit|90\/100|[from] item: Leftovers\n|upkeep\n|turn|17\n|\n|t:|1699691029\n|switch|p1a: Corviknight|Corviknight, M, shiny|85\/100\n|-ability|p1a: Corviknight|Pressure\n|move|p2a: Kingambit|Swords Dance|p2a: Kingambit\n|-boost|p2a: Kingambit|atk|2\n|\n|-heal|p2a: Kingambit|96\/100|[from] item: Leftovers\n|upkeep\n|turn|18\n|\n|t:|1699691038\n|-end|p2a: Kingambit|fallenundefined|[silent]\n|switch|p2a: Gliscor|Gliscor, M|70\/100 tox\n|move|p1a: Corviknight|Body Press|p2a: Gliscor\n|-resisted|p2a: Gliscor\n|-damage|p2a: Gliscor|60\/100 tox\n|\n|-heal|p2a: Gliscor|72\/100 tox|[from] ability: Poison Heal\n|upkeep\n|turn|19\n|\n|t:|1699691047\n|move|p2a: Gliscor|Spikes|p1a: Corviknight\n|-sidestart|p1: RayParK_|Spikes\n|move|p1a: Corviknight|Bulk Up|p1a: Corviknight\n|-boost|p1a: Corviknight|atk|1\n|-boost|p1a: Corviknight|def|1\n|\n|-heal|p2a: Gliscor|85\/100 tox|[from] ability: Poison Heal\n|upkeep\n|turn|20\n|\n|t:|1699691057\n|move|p2a: Gliscor|Spikes|p1a: Corviknight\n|-sidestart|p1: RayParK_|Spikes\n|move|p1a: Corviknight|Brave Bird|p2a: Gliscor\n|-damage|p2a: Gliscor|39\/100 tox\n|-damage|p1a: Corviknight|72\/100|[from] Recoil\n|\n|-heal|p2a: Gliscor|52\/100 tox|[from] ability: Poison Heal\n|upkeep\n|turn|21\n|\n|t:|1699691065\n|move|p2a: Gliscor|Protect|p2a: Gliscor\n|-singleturn|p2a: Gliscor|Protect\n|move|p1a: Corviknight|Bulk Up|p1a: Corviknight\n|-boost|p1a: Corviknight|atk|1\n|-boost|p1a: Corviknight|def|1\n|\n|-heal|p2a: Gliscor|64\/100 tox|[from] ability: Poison Heal\n|upkeep\n|turn|22\n|l| orasfunfun\n|\n|t:|1699691076\n|switch|p2a: Kingambit|Kingambit, M|96\/100\n|move|p1a: Corviknight|Brave Bird|p2a: Kingambit\n|-resisted|p2a: Kingambit\n|-damage|p2a: Kingambit|71\/100\n|-damage|p1a: Corviknight|64\/100|[from] Recoil\n|\n|-heal|p2a: Kingambit|78\/100|[from] item: Leftovers\n|upkeep\n|turn|23\n|\n|t:|1699691104\n|-end|p2a: Kingambit|fallenundefined|[silent]\n|switch|p2a: Great Tusk|Great Tusk|100\/100\n|move|p1a: Corviknight|Brave Bird|p2a: Great Tusk\n|-supereffective|p2a: Great Tusk\n|-damage|p2a: Great Tusk|28\/100\n|-damage|p1a: Corviknight|38\/100|[from] Recoil\n|\n|-heal|p2a: Great Tusk|34\/100|[from] item: Leftovers\n|upkeep\n|turn|24\n|\n|t:|1699691113\n|move|p2a: Great Tusk|Stealth Rock|p1a: Corviknight\n|-sidestart|p1: RayParK_|move: Stealth Rock\n|move|p1a: Corviknight|Roost|p1a: Corviknight\n|-heal|p1a: Corviknight|88\/100\n|-singleturn|p1a: Corviknight|move: Roost\n|\n|-heal|p2a: Great Tusk|40\/100|[from] item: Leftovers\n|upkeep\n|turn|25\n|\n|t:|1699691121\n|move|p2a: Great Tusk|Ice Spinner|p1a: Corviknight\n|-damage|p1a: Corviknight|81\/100\n|-damage|p2a: Great Tusk|24\/100|[from] item: Rocky Helmet|[of] p1a: Corviknight\n|move|p1a: Corviknight|Brave Bird|p2a: Great Tusk\n|-supereffective|p2a: Great Tusk\n|-damage|p2a: Great Tusk|0 fnt\n|faint|p2a: Great Tusk\n|-end|p2a: Great Tusk|Protosynthesis|[silent]\n|-damage|p1a: Corviknight|72\/100|[from] Recoil\n|\n|upkeep\n|\n|t:|1699691123\n|switch|p2a: Gholdengo|Gholdengo|22\/100 brn\n|turn|26\n|\n|t:|1699691133\n|switch|p1a: Slowking|Slowking-Galar, M, tera:Water|66\/100\n|-damage|p1a: Slowking|42\/100|[from] Spikes\n|-damage|p1a: Slowking|29\/100|[from] Stealth Rock\n|move|p2a: Gholdengo|Recover|p2a: Gholdengo\n|-heal|p2a: Gholdengo|72\/100 brn\n|\n|-damage|p2a: Gholdengo|66\/100 brn|[from] brn\n|upkeep\n|turn|27\n|\n|t:|1699691145\n|switch|p2a: Walking Wake|Walking Wake|56\/100\n|move|p1a: Slowking|Fire Blast|p2a: Walking Wake\n|-resisted|p2a: Walking Wake\n|-damage|p2a: Walking Wake|49\/100\n|\n|upkeep\n|turn|28\n|\n|t:|1699691153\n|move|p2a: Walking Wake|Draco Meteor|p1a: Slowking\n|-damage|p1a: Slowking|0 fnt\n|-unboost|p2a: Walking Wake|spa|2\n|faint|p1a: Slowking\n|\n|upkeep\n|\n|t:|1699691160\n|switch|p1a: Greninja|Greninja, M|91\/100\n|-damage|p1a: Greninja|66\/100|[from] Spikes\n|-damage|p1a: Greninja|53\/100|[from] Stealth Rock\n|turn|29\n|\n|t:|1699691175\n|-end|p2a: Walking Wake|Protosynthesis|[silent]\n|switch|p2a: Kingambit|Kingambit, M|78\/100\n|-activate|p2a: Kingambit|ability: Supreme Overlord\n|-start|p2a: Kingambit|fallen1|[silent]\n|move|p1a: Greninja|Hydro Pump|p2a: Kingambit\n|-damage|p2a: Kingambit|18\/100\n|-damage|p1a: Greninja|44\/100|[from] item: Life Orb\n|\n|-heal|p2a: Kingambit|24\/100|[from] item: Leftovers\n|upkeep\n|turn|30\n|\n|t:|1699691185\n|move|p1a: Greninja|Water Shuriken|p2a: Kingambit\n|-damage|p2a: Kingambit|16\/100\n|-damage|p2a: Kingambit|7\/100\n|-hitcount|p2a: Kingambit|2\n|-damage|p1a: Greninja|34\/100|[from] item: Life Orb\n|move|p2a: Kingambit|Sucker Punch||[still]\n|-fail|p2a: Kingambit\n|\n|-heal|p2a: Kingambit|14\/100|[from] item: Leftovers\n|upkeep\n|turn|31\n|\n|t:|1699691200\n|move|p2a: Kingambit|Sucker Punch|p1a: Greninja\n|-resisted|p1a: Greninja\n|-damage|p1a: Greninja|0 fnt\n|faint|p1a: Greninja\n|\n|-heal|p2a: Kingambit|20\/100|[from] item: Leftovers\n|upkeep\n|\n|t:|1699691206\n|switch|p1a: Great Tusk|Great Tusk|76\/100\n|-damage|p1a: Great Tusk|51\/100|[from] Spikes\n|-damage|p1a: Great Tusk|48\/100|[from] Stealth Rock\n|turn|32\n|j| Shedtailhater\n|\n|t:|1699691213\n|-end|p2a: Kingambit|fallen1|[silent]\n|switch|p2a: Gholdengo|Gholdengo|66\/100 brn\n|move|p1a: Great Tusk|Head Smash|p2a: Gholdengo\n|-resisted|p2a: Gholdengo\n|-damage|p2a: Gholdengo|39\/100 brn\n|-damage|p1a: Great Tusk|35\/100|[from] Recoil\n|\n|-damage|p2a: Gholdengo|33\/100 brn|[from] brn\n|upkeep\n|turn|33\n|\n|t:|1699691224\n|move|p1a: Great Tusk|Head Smash|p2a: Gholdengo\n|-resisted|p2a: Gholdengo\n|-damage|p2a: Gholdengo|5\/100 brn\n|-damage|p1a: Great Tusk|22\/100|[from] Recoil\n|move|p2a: Gholdengo|Shadow Ball|p1a: Great Tusk\n|-damage|p1a: Great Tusk|0 fnt\n|faint|p1a: Great Tusk\n|-end|p1a: Great Tusk|Protosynthesis|[silent]\n|\n|-damage|p2a: Gholdengo|0 fnt|[from] brn\n|faint|p2a: Gholdengo\n|upkeep\n|\n|t:|1699691248\n|switch|p1a: Ogerpon|Ogerpon-Cornerstone, F|100\/100\n|switch|p2a: Ogerpon|Ogerpon-Wellspring, F|84\/100\n|-damage|p1a: Ogerpon|76\/100|[from] Spikes\n|-damage|p1a: Ogerpon|63\/100|[from] Stealth Rock\n|turn|34\n|\n|t:|1699691257\n|move|p1a: Ogerpon|Ivy Cudgel|p2a: Ogerpon\n|-damage|p2a: Ogerpon|5\/100\n|move|p2a: Ogerpon|Ivy Cudgel|p1a: Ogerpon\n|-damage|p1a: Ogerpon|0 fnt\n|faint|p1a: Ogerpon\n|\n|upkeep\n|\n|t:|1699691263\n|switch|p1a: Corviknight|Corviknight, M, shiny|72\/100\n|-damage|p1a: Corviknight|60\/100|[from] Stealth Rock\n|-ability|p1a: Corviknight|Pressure\n|turn|35\n|\n|t:|1699691270\n|move|p2a: Ogerpon|Swords Dance|p2a: Ogerpon\n|-boost|p2a: Ogerpon|atk|2\n|move|p1a: Corviknight|Roost|p1a: Corviknight\n|-heal|p1a: Corviknight|100\/100\n|-singleturn|p1a: Corviknight|move: Roost\n|\n|upkeep\n|turn|36\n|\n|t:|1699691277\n|-terastallize|p2a: Ogerpon|Water\n|detailschange|p2a: Ogerpon|Ogerpon-Wellspring-Tera, F, tera:Water\n|-ability|p2a: Ogerpon|Embody Aspect (Wellspring)|boost\n|-boost|p2a: Ogerpon|spd|1\n|move|p2a: Ogerpon|Ivy Cudgel|p1a: Corviknight\n|-damage|p1a: Corviknight|12\/100\n|move|p1a: Corviknight|Brave Bird|p2a: Ogerpon\n|-damage|p2a: Ogerpon|0 fnt\n|faint|p2a: Ogerpon\n|-damage|p1a: Corviknight|11\/100|[from] Recoil\n|\n|upkeep\n|\n|t:|1699691285\n|switch|p2a: Walking Wake|Walking Wake|49\/100\n|turn|37\n|\n|t:|1699691294\n|move|p2a: Walking Wake|Draco Meteor|p1a: Corviknight\n|-resisted|p1a: Corviknight\n|-damage|p1a: Corviknight|0 fnt\n|-unboost|p2a: Walking Wake|spa|2\n|faint|p1a: Corviknight\n|\n|upkeep\n|\n|t:|1699691301\n|switch|p1a: Dondozo|Dondozo, M|100\/100\n|-damage|p1a: Dondozo|75\/100|[from] Spikes\n|-damage|p1a: Dondozo|63\/100|[from] Stealth Rock\n|turn|38\n|\n|t:|1699691306\n|move|p2a: Walking Wake|Draco Meteor|p1a: Dondozo\n|-damage|p1a: Dondozo|0 fnt\n|-unboost|p2a: Walking Wake|spa|2\n|faint|p1a: Dondozo\n|\n|win|TismWarrior1\n|raw|RayParK_'s rating: 1727 &rarr; <strong>1708<\/strong><br \/>(-19 for losing)\n|raw|TismWarrior1's rating: 1736 &rarr; <strong>1755<\/strong><br \/>(+19 for winning)\n|l| Shedtailhater\n|c|\u2606TismWarrior1|gg\n","uploadtime":1699691311,"views":18,"p1id":"raypark","p2id":"tismwarrior1","formatid":"gen9ou","rating":1708,"private":0,"password":""}