{"id":"gen9ou-1997696371","p1":"willthewinnerwin","p2":"LLik2340","format":"[Gen 9] OU","log":"|j|\u2606willthewinnerwin\n|j|\u2606LLik2340\n|t:|1700842834\n|gametype|singles\n|player|p1|willthewinnerwin|102|1362\n|player|p2|LLik2340|steven|1315\n|teamsize|p1|6\n|teamsize|p2|6\n|gen|9\n|tier|[Gen 9] OU\n|rated|\n|rule|Sleep Clause Mod: Limit one foe put to sleep\n|rule|Species Clause: Limit one of each Pok\u00e9mon\n|rule|OHKO Clause: OHKO moves are banned\n|rule|Evasion Items Clause: Evasion items are banned\n|rule|Evasion Moves Clause: Evasion moves are banned\n|rule|Endless Battle Clause: Forcing endless battles is banned\n|rule|HP Percentage Mod: HP is shown in percentages\n|clearpoke\n|poke|p1|Gholdengo|\n|poke|p1|Dragonite, M|\n|poke|p1|Ogerpon-Wellspring, F|\n|poke|p1|Zamazenta-*|\n|poke|p1|Weezing-Galar, F|\n|poke|p1|Goodra-Hisui, M|\n|poke|p2|Zoroark-Hisui, F|\n|poke|p2|Hydreigon, F|\n|poke|p2|Infernape, M|\n|poke|p2|Ribombee, M|\n|poke|p2|Clodsire, F|\n|poke|p2|Ogerpon-Wellspring, F|\n|teampreview\n|inactive|Battle timer is ON: inactive players will automatically lose when time's up. (requested by willthewinnerwin)\n|inactive|willthewinnerwin has 120 seconds left.\n|inactive|LLik2340 has 120 seconds left.\n|\n|t:|1700842872\n|start\n|switch|p1a: Gholdengo|Gholdengo|100\/100\n|switch|p2a: Clodsire|Clodsire, F|100\/100\n|turn|1\n|\n|t:|1700842880\n|move|p2a: Clodsire|Shadow Ball|p1a: Gholdengo\n|-supereffective|p1a: Gholdengo\n|-damage|p1a: Gholdengo|0 fnt\n|faint|p1a: Gholdengo\n|\n|upkeep\n|\n|t:|1700842888\n|switch|p1a: Dragonite|Dragonite, M|100\/100\n|turn|2\n|\n|t:|1700842892\n|-terastallize|p1a: Dragonite|Normal\n|move|p2a: Clodsire|Shadow Ball|p1a: Dragonite\n|-immune|p1a: Dragonite\n|move|p1a: Dragonite|Dragon Dance|p1a: Dragonite\n|-boost|p1a: Dragonite|atk|1\n|-boost|p1a: Dragonite|spe|1\n|\n|upkeep\n|turn|3\n|\n|t:|1700842904\n|switch|p2a: Clodsire|Clodsire, F|100\/100\n|move|p1a: Dragonite|Earthquake|p2a: Clodsire\n|-supereffective|p2a: Clodsire\n|-damage|p2a: Clodsire|11\/100\n|\n|-heal|p2a: Clodsire|18\/100|[from] item: Leftovers\n|upkeep\n|turn|4\n|\n|t:|1700842912\n|move|p1a: Dragonite|Extreme Speed|p2a: Clodsire\n|-damage|p2a: Clodsire|0 fnt\n|faint|p2a: Clodsire\n|\n|upkeep\n|\n|t:|1700842918\n|switch|p2a: Ribombee|Ribombee, M|100\/100\n|turn|5\n|\n|t:|1700842921\n|move|p1a: Dragonite|Extreme Speed|p2a: Ribombee\n|-enditem|p2a: Ribombee|Focus Sash\n|-damage|p2a: Ribombee|1\/100\n|move|p2a: Ribombee|Moonblast|p1a: Dragonite\n|-damage|p1a: Dragonite|78\/100\n|\n|upkeep\n|turn|6\n|\n|t:|1700842931\n|move|p1a: Dragonite|Extreme Speed|p2a: Ribombee\n|-damage|p2a: Ribombee|0 fnt\n|faint|p2a: Ribombee\n|\n|upkeep\n|\n|t:|1700842942\n|switch|p2a: Infernape|Infernape, M|100\/100\n|turn|7\n|\n|t:|1700842948\n|-terastallize|p2a: Infernape|Electric\n|move|p2a: Infernape|Vacuum Wave|p1a: Dragonite\n|-supereffective|p1a: Dragonite\n|-damage|p1a: Dragonite|29\/100\n|-damage|p2a: Infernape|91\/100|[from] item: Life Orb\n|move|p1a: Dragonite|Earthquake|p2a: Infernape\n|-supereffective|p2a: Infernape\n|-damage|p2a: Infernape|0 fnt\n|faint|p2a: Infernape\n|\n|upkeep\n|\n|t:|1700842960\n|switch|p2a: Hydreigon|Hydreigon, F|100\/100\n|turn|8\n|\n|t:|1700842966\n|move|p1a: Dragonite|Ice Spinner|p2a: Hydreigon\n|-damage|p2a: Hydreigon|4\/100\n|replace|p2a: Zoroark|Zoroark-Hisui, F, shiny\n|-end|p2a: Zoroark|Illusion\n|move|p2a: Zoroark|Focus Blast|p1a: Dragonite|[miss]\n|-miss|p2a: Zoroark|p1a: Dragonite\n|\n|upkeep\n|turn|9\n|\n|t:|1700842974\n|move|p1a: Dragonite|Ice Spinner|p2a: Zoroark\n|-damage|p2a: Zoroark|0 fnt\n|faint|p2a: Zoroark\n|\n|upkeep\n|\n|t:|1700842980\n|switch|p2a: Ogerpon|Ogerpon-Wellspring, F|100\/100\n|turn|10\n|\n|t:|1700842983\n|move|p1a: Dragonite|Extreme Speed|p2a: Ogerpon\n|-damage|p2a: Ogerpon|15\/100\n|move|p2a: Ogerpon|Play Rough|p1a: Dragonite\n|-damage|p1a: Dragonite|0 fnt\n|faint|p1a: Dragonite\n|\n|upkeep\n|\n|t:|1700842990\n|switch|p1a: Zamazenta|Zamazenta|100\/100\n|-ability|p1a: Zamazenta|Dauntless Shield|boost\n|-boost|p1a: Zamazenta|def|1\n|turn|11\n|\n|t:|1700842995\n|move|p1a: Zamazenta|Body Press|p2a: Ogerpon\n|-damage|p2a: Ogerpon|0 fnt\n|faint|p2a: Ogerpon\n|\n|upkeep\n|\n|t:|1700843000\n|switch|p2a: Hydreigon|Hydreigon, F|100\/100\n|turn|12\n|\n|t:|1700843003\n|move|p1a: Zamazenta|Body Press|p2a: Hydreigon\n|-supereffective|p2a: Hydreigon\n|-damage|p2a: Hydreigon|0 fnt\n|faint|p2a: Hydreigon\n|\n|win|willthewinnerwin\n|raw|willthewinnerwin's rating: 1362 &rarr; <strong>1379<\/strong><br \/>(+17 for winning)\n|raw|LLik2340's rating: 1315 &rarr; <strong>1298<\/strong><br \/>(-17 for losing)\n|c|\u2606willthewinnerwin|Gg\n|l|\u2606LLik2340\n","uploadtime":1700843017,"views":4,"p1id":"willthewinnerwin","p2id":"llik2340","formatid":"gen9ou","rating":1298,"private":0,"password":""}