{"id":"gen9ou-1989472921","p1":"F1shyy","p2":"superiax","format":"[Gen 9] OU","log":"|j|\u2606F1shyy\n|j|\u2606superiax\n|t:|1699856116\n|gametype|singles\n|player|p1|F1shyy|265|1343\n|player|p2|superiax|whitney|1359\n|teamsize|p1|6\n|teamsize|p2|6\n|gen|9\n|tier|[Gen 9] OU\n|rated|\n|rule|Sleep Clause Mod: Limit one foe put to sleep\n|rule|Species Clause: Limit one of each Pok\u00e9mon\n|rule|OHKO Clause: OHKO moves are banned\n|rule|Evasion Items Clause: Evasion items are banned\n|rule|Evasion Moves Clause: Evasion moves are banned\n|rule|Endless Battle Clause: Forcing endless battles is banned\n|rule|HP Percentage Mod: HP is shown in percentages\n|clearpoke\n|poke|p1|Torkoal, M|\n|poke|p1|Zapdos|\n|poke|p1|Walking Wake|\n|poke|p1|Great Tusk|\n|poke|p1|Shiftry, M|\n|poke|p1|Dragapult, M|\n|poke|p2|Ribombee, F|\n|poke|p2|Ninetales-Alola, F|\n|poke|p2|Kingambit, M|\n|poke|p2|Iron Moth|\n|poke|p2|Gholdengo|\n|poke|p2|Ogerpon-Wellspring, F|\n|teampreview\n|inactive|Battle timer is ON: inactive players will automatically lose when time's up. (requested by superiax)\n|\n|t:|1699856127\n|start\n|switch|p1a: Torkoal|Torkoal, M|100\/100\n|switch|p2a: Heatwave|Iron Moth, shiny|100\/100\n|-weather|SunnyDay|[from] ability: Drought|[of] p1a: Torkoal\n|turn|1\n|\n|t:|1699856134\n|move|p2a: Heatwave|Fiery Dance|p1a: Torkoal\n|-resisted|p1a: Torkoal\n|-damage|p1a: Torkoal|57\/100\n|move|p1a: Torkoal|Stealth Rock|p2a: Heatwave\n|-sidestart|p2: superiax|move: Stealth Rock\n|\n|-weather|SunnyDay|[upkeep]\n|upkeep\n|turn|2\n|\n|t:|1699856140\n|move|p2a: Heatwave|Fiery Dance|p1a: Torkoal\n|-resisted|p1a: Torkoal\n|-damage|p1a: Torkoal|15\/100\n|-boost|p2a: Heatwave|spa|1\n|move|p1a: Torkoal|Yawn|p2a: Heatwave\n|-start|p2a: Heatwave|move: Yawn|[of] p1a: Torkoal\n|\n|-weather|SunnyDay|[upkeep]\n|upkeep\n|turn|3\n|\n|t:|1699856156\n|-end|p2a: Heatwave|Quark Drive|[silent]\n|switch|p2a: Captain Cold|Ninetales-Alola, F, shiny|100\/100\n|-damage|p2a: Captain Cold|76\/100|[from] Stealth Rock\n|-weather|Snow|[from] ability: Snow Warning|[of] p2a: Captain Cold\n|switch|p1a: Walking Wake|Walking Wake|100\/100\n|\n|-weather|Snow|[upkeep]\n|upkeep\n|turn|4\n|inactive|F1shyy has 120 seconds left.\n|inactive|F1shyy has 90 seconds left.\n|\n|t:|1699856216\n|move|p1a: Walking Wake|Flamethrower|p2a: Captain Cold\n|-supereffective|p2a: Captain Cold\n|-damage|p2a: Captain Cold|14\/100\n|move|p2a: Captain Cold|Freeze-Dry|p1a: Walking Wake\n|-supereffective|p1a: Walking Wake\n|-damage|p1a: Walking Wake|5\/100\n|\n|-weather|Snow|[upkeep]\n|upkeep\n|turn|5\n|\n|t:|1699856226\n|switch|p2a: Heatwave|Iron Moth, shiny|100\/100\n|move|p1a: Walking Wake|Flip Turn|p2a: Heatwave\n|-supereffective|p2a: Heatwave\n|-damage|p2a: Heatwave|49\/100\n|inactive|F1shyy has 90 seconds left.\n|\n|t:|1699856243\n|-end|p1a: Walking Wake|Protosynthesis|[silent]\n|switch|p1a: Dragapult|Dragapult, M|100\/100|[from] Flip Turn\n|\n|-weather|Snow|[upkeep]\n|upkeep\n|turn|6\n|inactive|F1shyy has 90 seconds left.\n|\n|t:|1699856249\n|-end|p2a: Heatwave|Quark Drive|[silent]\n|switch|p2a: Captain Cold|Ninetales-Alola, F, shiny|14\/100\n|-damage|p2a: Captain Cold|0 fnt|[from] Stealth Rock\n|faint|p2a: Captain Cold\n|move|p1a: Dragapult|Substitute|p1a: Dragapult\n|-start|p1a: Dragapult|Substitute\n|-damage|p1a: Dragapult|76\/100\n|\n|-weather|Snow|[upkeep]\n|upkeep\n|\n|t:|1699856262\n|switch|p2a: Mirror Master|Ribombee, F, shiny|100\/100\n|-damage|p2a: Mirror Master|76\/100|[from] Stealth Rock\n|turn|7\n|\n|t:|1699856270\n|move|p1a: Dragapult|Thunder Wave|p2a: Mirror Master\n|-status|p2a: Mirror Master|par\n|move|p2a: Mirror Master|Sticky Web|p1a: Dragapult\n|-sidestart|p1: F1shyy|move: Sticky Web\n|\n|-weather|none\n|upkeep\n|turn|8\n|\n|t:|1699856275\n|move|p1a: Dragapult|Hex|p2a: Mirror Master\n|-damage|p2a: Mirror Master|0 fnt\n|faint|p2a: Mirror Master\n|\n|upkeep\n|\n|t:|1699856281\n|switch|p2a: Golden Glider|Gholdengo|100\/100\n|-damage|p2a: Golden Glider|94\/100|[from] Stealth Rock\n|turn|9\n|\n|t:|1699856284\n|move|p1a: Dragapult|Hex|p2a: Golden Glider\n|-supereffective|p2a: Golden Glider\n|-damage|p2a: Golden Glider|37\/100\n|move|p2a: Golden Glider|Shadow Ball|p1a: Dragapult\n|-supereffective|p1a: Dragapult\n|-end|p1a: Dragapult|Substitute\n|\n|upkeep\n|turn|10\n|\n|t:|1699856292\n|-terastallize|p2a: Golden Glider|Fighting\n|move|p1a: Dragapult|Hex|p2a: Golden Glider\n|-damage|p2a: Golden Glider|8\/100\n|move|p2a: Golden Glider|Shadow Ball|p1a: Dragapult\n|-supereffective|p1a: Dragapult\n|-damage|p1a: Dragapult|0 fnt\n|faint|p1a: Dragapult\n|\n|upkeep\n|inactive|F1shyy has 120 seconds left.\n|\n|t:|1699856308\n|switch|p1a: Zapdos|Zapdos|100\/100\n|-ability|p1a: Zapdos|Pressure\n|turn|11\n|\n|t:|1699856313\n|move|p1a: Zapdos|Volt Switch|p2a: Golden Glider\n|-damage|p2a: Golden Glider|0 fnt\n|faint|p2a: Golden Glider\n|\n|t:|1699856316\n|switch|p1a: Torkoal|Torkoal, M|15\/100|[from] Volt Switch\n|-activate|p1a: Torkoal|move: Sticky Web\n|-unboost|p1a: Torkoal|spe|1\n|-weather|SunnyDay|[from] ability: Drought|[of] p1a: Torkoal\n|\n|-weather|SunnyDay|[upkeep]\n|upkeep\n|\n|t:|1699856322\n|switch|p2a: Heatwave|Iron Moth, shiny|49\/100\n|turn|12\n|\n|t:|1699856331\n|move|p2a: Heatwave|Fiery Dance|p1a: Torkoal\n|-resisted|p1a: Torkoal\n|-damage|p1a: Torkoal|0 fnt\n|faint|p1a: Torkoal\n|\n|-weather|SunnyDay|[upkeep]\n|upkeep\n|inactive|F1shyy has 120 seconds left.\n|\n|t:|1699856357\n|switch|p1a: Great Tusk|Great Tusk|100\/100\n|-activate|p1a: Great Tusk|move: Sticky Web\n|-unboost|p1a: Great Tusk|spe|1\n|-activate|p1a: Great Tusk|ability: Protosynthesis\n|-start|p1a: Great Tusk|protosynthesisatk\n|turn|13\n|\n|t:|1699856363\n|move|p2a: Heatwave|Energy Ball|p1a: Great Tusk\n|-supereffective|p1a: Great Tusk\n|-damage|p1a: Great Tusk|14\/100\n|move|p1a: Great Tusk|Rapid Spin|p2a: Heatwave\n|-damage|p2a: Heatwave|18\/100\n|-boost|p1a: Great Tusk|spe|1\n|-sideend|p1: F1shyy|Sticky Web|[from] move: Rapid Spin|[of] p1a: Great Tusk\n|\n|-weather|SunnyDay|[upkeep]\n|-heal|p1a: Great Tusk|21\/100|[from] item: Leftovers\n|upkeep\n|turn|14\n|\n|t:|1699856371\n|move|p2a: Heatwave|Fiery Dance|p1a: Great Tusk\n|-damage|p1a: Great Tusk|0 fnt\n|faint|p1a: Great Tusk\n|-end|p1a: Great Tusk|Protosynthesis|[silent]\n|\n|-weather|SunnyDay|[upkeep]\n|upkeep\n|\n|t:|1699856375\n|switch|p1a: Walking Wake|Walking Wake|5\/100\n|-activate|p1a: Walking Wake|ability: Protosynthesis\n|-start|p1a: Walking Wake|protosynthesisspa\n|turn|15\n|\n|t:|1699856381\n|move|p2a: Heatwave|Fiery Dance|p1a: Walking Wake\n|-resisted|p1a: Walking Wake\n|-damage|p1a: Walking Wake|0 fnt\n|faint|p1a: Walking Wake\n|-end|p1a: Walking Wake|Protosynthesis|[silent]\n|\n|-weather|SunnyDay|[upkeep]\n|upkeep\n|\n|t:|1699856386\n|switch|p1a: Shiftry|Shiftry, M|100\/100\n|turn|16\n|\n|t:|1699856412\n|-terastallize|p1a: Shiftry|Poison\n|move|p1a: Shiftry|Knock Off|p2a: Heatwave\n|-damage|p2a: Heatwave|0 fnt\n|-enditem|p2a: Heatwave|Heavy-Duty Boots|[from] move: Knock Off|[of] p1a: Shiftry\n|faint|p2a: Heatwave\n|-end|p2a: Heatwave|Quark Drive|[silent]\n|\n|-weather|SunnyDay|[upkeep]\n|upkeep\n|\n|t:|1699856418\n|switch|p2a: Weather Wizard|Ogerpon-Wellspring, F|100\/100\n|-damage|p2a: Weather Wizard|88\/100|[from] Stealth Rock\n|turn|17\n|inactive|F1shyy has 120 seconds left.\n|\n|t:|1699856441\n|move|p1a: Shiftry|Knock Off|p2a: Weather Wizard\n|-damage|p2a: Weather Wizard|45\/100\n|move|p2a: Weather Wizard|Ivy Cudgel|p1a: Shiftry\n|-damage|p1a: Shiftry|52\/100\n|\n|-weather|SunnyDay|[upkeep]\n|upkeep\n|turn|18\n|\n|t:|1699856447\n|move|p1a: Shiftry|Solar Blade||[still]\n|-prepare|p1a: Shiftry|Solar Blade\n|-anim|p1a: Shiftry|Solar Blade|p2a: Weather Wizard\n|-crit|p2a: Weather Wizard\n|-damage|p2a: Weather Wizard|0 fnt\n|faint|p2a: Weather Wizard\n|\n|-weather|none\n|upkeep\n|\n|t:|1699856454\n|switch|p2a: Captain Boomerang|Kingambit, M, shiny|100\/100\n|-damage|p2a: Captain Boomerang|94\/100|[from] Stealth Rock\n|-activate|p2a: Captain Boomerang|ability: Supreme Overlord\n|-start|p2a: Captain Boomerang|fallen5|[silent]\n|turn|19\n|\n|t:|1699856461\n|move|p1a: Shiftry|Knock Off|p2a: Captain Boomerang\n|-resisted|p2a: Captain Boomerang\n|-damage|p2a: Captain Boomerang|77\/100\n|-enditem|p2a: Captain Boomerang|Lum Berry|[from] move: Knock Off|[of] p1a: Shiftry\n|move|p2a: Captain Boomerang|Swords Dance|p2a: Captain Boomerang\n|-boost|p2a: Captain Boomerang|atk|2\n|\n|upkeep\n|turn|20\n|\n|t:|1699856471\n|move|p2a: Captain Boomerang|Sucker Punch|p1a: Shiftry\n|-damage|p1a: Shiftry|0 fnt\n|faint|p1a: Shiftry\n|\n|upkeep\n|inactive|F1shyy has 120 seconds left.\n|\n|t:|1699856497\n|switch|p1a: Zapdos|Zapdos|100\/100\n|-ability|p1a: Zapdos|Pressure\n|turn|21\n|\n|t:|1699856501\n|move|p2a: Captain Boomerang|Sucker Punch|p1a: Zapdos\n|-damage|p1a: Zapdos|0 fnt\n|faint|p1a: Zapdos\n|\n|win|superiax\n|raw|F1shyy's rating: 1343 &rarr; <strong>1324<\/strong><br \/>(-19 for losing)\n|raw|superiax's rating: 1359 &rarr; <strong>1378<\/strong><br \/>(+19 for winning)\n|l|\u2606F1shyy\n|c|\u2606superiax|gg\n","uploadtime":1699856507,"views":8,"p1id":"f1shyy","p2id":"superiax","formatid":"gen9ou","rating":1324,"private":0,"password":""}