{"id":"gen9ou-1998139146","p1":"buzm114514","p2":"JimmyHarbaugh","format":"[Gen 9] OU","log":"|j|\u2606buzm114514\n|j|\u2606JimmyHarbaugh\n|t:|1700898752\n|gametype|singles\n|player|p1|buzm114514|101|1365\n|player|p2|JimmyHarbaugh|hoopster|1290\n|teamsize|p1|6\n|teamsize|p2|6\n|gen|9\n|tier|[Gen 9] OU\n|rated|\n|rule|Sleep Clause Mod: Limit one foe put to sleep\n|rule|Species Clause: Limit one of each Pok\u00e9mon\n|rule|OHKO Clause: OHKO moves are banned\n|rule|Evasion Items Clause: Evasion items are banned\n|rule|Evasion Moves Clause: Evasion moves are banned\n|rule|Endless Battle Clause: Forcing endless battles is banned\n|rule|HP Percentage Mod: HP is shown in percentages\n|clearpoke\n|poke|p1|Dragapult, F|\n|poke|p1|Dondozo, F|\n|poke|p1|Clodsire, M|\n|poke|p1|Weezing-Galar, F|\n|poke|p1|Toxapex, F|\n|poke|p1|Alomomola, M|\n|poke|p2|Dragapult, M|\n|poke|p2|Rillaboom, F|\n|poke|p2|Ogerpon-Wellspring, F|\n|poke|p2|Slowking-Galar, F|\n|poke|p2|Great Tusk|\n|poke|p2|Enamorus, F|\n|teampreview\n|inactive|Battle timer is ON: inactive players will automatically lose when time's up. (requested by buzm114514)\n|\n|t:|1700898771\n|start\n|switch|p1a: Dragapult|Dragapult, F|100\/100\n|switch|p2a: Great Tusk|Great Tusk|100\/100\n|turn|1\n|\n|t:|1700898778\n|move|p1a: Dragapult|Will-O-Wisp|p2a: Great Tusk\n|-status|p2a: Great Tusk|brn\n|move|p2a: Great Tusk|Knock Off|p1a: Dragapult\n|-supereffective|p1a: Dragapult\n|-damage|p1a: Dragapult|77\/100\n|-start|p2a: Great Tusk|Disable|Knock Off|[from] ability: Cursed Body|[of] p1a: Dragapult\n|-enditem|p1a: Dragapult|Heavy-Duty Boots|[from] move: Knock Off|[of] p2a: Great Tusk\n|\n|-damage|p2a: Great Tusk|94\/100 brn|[from] brn\n|upkeep\n|turn|2\n|\n|t:|1700898791\n|-end|p2a: Great Tusk|Protosynthesis|[silent]\n|switch|p2a: Slowking|Slowking-Galar, F|100\/100\n|move|p1a: Dragapult|Hex|p2a: Slowking\n|-supereffective|p2a: Slowking\n|-crit|p2a: Slowking\n|-damage|p2a: Slowking|59\/100\n|\n|upkeep\n|turn|3\n|\n|t:|1700898800\n|move|p1a: Dragapult|Will-O-Wisp|p2a: Slowking\n|-status|p2a: Slowking|brn\n|move|p2a: Slowking|Thunder Wave|p1a: Dragapult\n|-status|p1a: Dragapult|par\n|\n|-damage|p2a: Slowking|53\/100 brn|[from] brn\n|upkeep\n|turn|4\n|\n|t:|1700898811\n|switch|p2a: Rillaboom|Rillaboom, F|100\/100\n|-fieldstart|move: Grassy Terrain|[from] ability: Grassy Surge|[of] p2a: Rillaboom\n|move|p1a: Dragapult|Hex|p2a: Rillaboom\n|-damage|p2a: Rillaboom|71\/100\n|\n|-heal|p2a: Rillaboom|77\/100|[from] Grassy Terrain\n|-heal|p1a: Dragapult|83\/100 par|[from] Grassy Terrain\n|upkeep\n|turn|5\n|\n|t:|1700898822\n|move|p2a: Rillaboom|Knock Off|p1a: Dragapult\n|-supereffective|p1a: Dragapult\n|-damage|p1a: Dragapult|28\/100 par\n|move|p1a: Dragapult|Will-O-Wisp|p2a: Rillaboom\n|-status|p2a: Rillaboom|brn\n|\n|-heal|p2a: Rillaboom|83\/100 brn|[from] Grassy Terrain\n|-heal|p1a: Dragapult|34\/100 par|[from] Grassy Terrain\n|-damage|p2a: Rillaboom|77\/100 brn|[from] brn\n|upkeep\n|turn|6\n|\n|t:|1700898833\n|switch|p1a: Alomomola|Alomomola, M|100\/100\n|move|p2a: Rillaboom|Knock Off|p1a: Alomomola\n|-damage|p1a: Alomomola|84\/100\n|-enditem|p1a: Alomomola|Heavy-Duty Boots|[from] move: Knock Off|[of] p2a: Rillaboom\n|\n|-heal|p2a: Rillaboom|83\/100 brn|[from] Grassy Terrain\n|-heal|p1a: Alomomola|90\/100|[from] Grassy Terrain\n|-damage|p2a: Rillaboom|77\/100 brn|[from] brn\n|upkeep\n|turn|7\n|\n|t:|1700898845\n|switch|p2a: Slowking|Slowking-Galar, F|87\/100 brn\n|move|p1a: Alomomola|Wish|p1a: Alomomola\n|\n|-heal|p1a: Alomomola|96\/100|[from] Grassy Terrain\n|-heal|p2a: Slowking|93\/100 brn|[from] Grassy Terrain\n|-damage|p2a: Slowking|87\/100 brn|[from] brn\n|upkeep\n|turn|8\n|\n|t:|1700898855\n|switch|p1a: Dragapult|Dragapult, F|34\/100 par\n|move|p2a: Slowking|Future Sight|p1a: Dragapult\n|-start|p2a: Slowking|move: Future Sight\n|\n|-heal|p1a: Dragapult|96\/100 par|[from] move: Wish|[wisher] Alomomola\n|-heal|p1a: Dragapult|100\/100 par|[from] Grassy Terrain\n|-heal|p2a: Slowking|93\/100 brn|[from] Grassy Terrain\n|-damage|p2a: Slowking|87\/100 brn|[from] brn\n|-fieldend|move: Grassy Terrain\n|upkeep\n|turn|9\n|\n|t:|1700898879\n|move|p1a: Dragapult|Hex|p2a: Slowking\n|-supereffective|p2a: Slowking\n|-crit|p2a: Slowking\n|-damage|p2a: Slowking|4\/100 brn\n|move|p2a: Slowking|Chilly Reception|p2a: Slowking\n|-weather|Snow\n|\n|t:|1700898883\n|switch|p2a: Enamorus|Enamorus, F|100\/100|[from] Chilly Reception\n|\n|-weather|Snow|[upkeep]\n|upkeep\n|turn|10\n|\n|t:|1700898892\n|switch|p1a: Alomomola|Alomomola, M|100\/100\n|move|p2a: Enamorus|Earth Power|p1a: Alomomola\n|-damage|p1a: Alomomola|74\/100\n|\n|-weather|Snow|[upkeep]\n|-end|p1a: Alomomola|move: Future Sight\n|-damage|p1a: Alomomola|40\/100\n|upkeep\n|turn|11\n|\n|t:|1700898904\n|move|p2a: Enamorus|Taunt|p1a: Alomomola\n|-start|p1a: Alomomola|move: Taunt\n|move|p1a: Alomomola|Whirlpool|p2a: Enamorus\n|-damage|p2a: Enamorus|93\/100\n|-activate|p2a: Enamorus|move: Whirlpool|[of] p1a: Alomomola\n|\n|-weather|Snow|[upkeep]\n|-damage|p2a: Enamorus|80\/100|[from] move: Whirlpool|[partiallytrapped]\n|upkeep\n|turn|12\n|\n|t:|1700898915\n|move|p2a: Enamorus|Earth Power|p1a: Alomomola\n|-damage|p1a: Alomomola|13\/100\n|move|p1a: Alomomola|Mirror Coat|p2a: Enamorus\n|-damage|p2a: Enamorus|0 fnt\n|faint|p2a: Enamorus\n|\n|-weather|Snow|[upkeep]\n|upkeep\n|\n|t:|1700898929\n|switch|p2a: Ogerpon|Ogerpon-Wellspring, F|100\/100\n|turn|13\n|\n|t:|1700898941\n|switch|p1a: Dondozo|Dondozo, F|100\/100\n|move|p2a: Ogerpon|Zen Headbutt|p1a: Dondozo\n|-damage|p1a: Dondozo|85\/100\n|\n|-weather|none\n|upkeep\n|turn|14\n|\n|t:|1700898951\n|switch|p2a: Great Tusk|Great Tusk|94\/100 brn\n|switch|p1a: Weezing|Weezing-Galar, F|100\/100\n|-ability|p1a: Weezing|Neutralizing Gas\n|\n|-heal|p2a: Great Tusk|100\/100 brn|[from] item: Leftovers\n|-damage|p2a: Great Tusk|94\/100 brn|[from] brn\n|upkeep\n|turn|15\n|\n|t:|1700898962\n|move|p2a: Great Tusk|Stealth Rock|p1a: Weezing\n|-sidestart|p1: buzm114514|move: Stealth Rock\n|move|p1a: Weezing|Strange Steam|p2a: Great Tusk\n|-supereffective|p2a: Great Tusk\n|-damage|p2a: Great Tusk|22\/100 brn\n|\n|-heal|p2a: Great Tusk|29\/100 brn|[from] item: Leftovers\n|-damage|p2a: Great Tusk|22\/100 brn|[from] brn\n|upkeep\n|turn|16\n|\n|t:|1700898975\n|-end|p1a: Weezing|ability: Neutralizing Gas\n|switch|p1a: Alomomola|Alomomola, M|46\/100\n|-damage|p1a: Alomomola|34\/100|[from] Stealth Rock\n|move|p2a: Great Tusk|Knock Off|p1a: Alomomola\n|-damage|p1a: Alomomola|28\/100\n|\n|-heal|p2a: Great Tusk|29\/100 brn|[from] item: Leftovers\n|-damage|p2a: Great Tusk|22\/100 brn|[from] brn\n|upkeep\n|turn|17\n|\n|t:|1700898989\n|-end|p2a: Great Tusk|Protosynthesis|[silent]\n|switch|p2a: Ogerpon|Ogerpon-Wellspring, F|100\/100\n|switch|p1a: Dragapult|Dragapult, F|100\/100 par\n|-damage|p1a: Dragapult|88\/100 par|[from] Stealth Rock\n|\n|upkeep\n|turn|18\n|\n|t:|1700899005\n|switch|p2a: Great Tusk|Great Tusk|22\/100 brn\n|cant|p1a: Dragapult|par\n|\n|-heal|p2a: Great Tusk|29\/100 brn|[from] item: Leftovers\n|-damage|p2a: Great Tusk|22\/100 brn|[from] brn\n|upkeep\n|turn|19\n|\n|t:|1700899016\n|move|p2a: Great Tusk|Headlong Rush|p1a: Dragapult\n|-damage|p1a: Dragapult|68\/100 par\n|-unboost|p2a: Great Tusk|def|1\n|-unboost|p2a: Great Tusk|spd|1\n|move|p1a: Dragapult|Reflect|p1a: Dragapult\n|-sidestart|p1: buzm114514|Reflect\n|\n|-heal|p2a: Great Tusk|29\/100 brn|[from] item: Leftovers\n|-damage|p2a: Great Tusk|22\/100 brn|[from] brn\n|upkeep\n|turn|20\n|\n|t:|1700899027\n|switch|p1a: Alomomola|Alomomola, M|61\/100\n|-damage|p1a: Alomomola|49\/100|[from] Stealth Rock\n|move|p2a: Great Tusk|Knock Off|p1a: Alomomola\n|-damage|p1a: Alomomola|46\/100\n|\n|-heal|p2a: Great Tusk|29\/100 brn|[from] item: Leftovers\n|-damage|p2a: Great Tusk|22\/100 brn|[from] brn\n|upkeep\n|turn|21\n|\n|t:|1700899038\n|-end|p2a: Great Tusk|Protosynthesis|[silent]\n|switch|p2a: Dragapult|Dragapult, M|100\/100\n|move|p1a: Alomomola|Wish|p1a: Alomomola\n|\n|upkeep\n|turn|22\n|\n|t:|1700899045\n|switch|p1a: Toxapex|Toxapex, F|100\/100\n|move|p2a: Dragapult|Will-O-Wisp|p1a: Toxapex|[miss]\n|-miss|p2a: Dragapult|p1a: Toxapex\n|\n|upkeep\n|turn|23\n|\n|t:|1700899053\n|move|p2a: Dragapult|U-turn|p1a: Toxapex\n|-resisted|p1a: Toxapex\n|-damage|p1a: Toxapex|94\/100\n|\n|t:|1700899055\n|switch|p2a: Slowking|Slowking-Galar, F|38\/100 brn|[from] U-turn\n|move|p1a: Toxapex|Infestation|p2a: Slowking\n|-damage|p2a: Slowking|36\/100 brn\n|-activate|p2a: Slowking|move: Infestation|[of] p1a: Toxapex\n|\n|-damage|p2a: Slowking|29\/100 brn|[from] brn\n|-damage|p2a: Slowking|17\/100 brn|[from] move: Infestation|[partiallytrapped]\n|-sideend|p1: buzm114514|Reflect\n|upkeep\n|turn|24\n|\n|t:|1700899067\n|move|p1a: Toxapex|Recover|p1a: Toxapex\n|-heal|p1a: Toxapex|100\/100\n|move|p2a: Slowking|Chilly Reception|p2a: Slowking\n|-weather|Snow\n|\n|t:|1700899081\n|switch|p2a: Great Tusk|Great Tusk|22\/100 brn|[from] Chilly Reception\n|\n|-weather|Snow|[upkeep]\n|-heal|p2a: Great Tusk|29\/100 brn|[from] item: Leftovers\n|-damage|p2a: Great Tusk|22\/100 brn|[from] brn\n|upkeep\n|turn|25\n|\n|t:|1700899091\n|-end|p2a: Great Tusk|Protosynthesis|[silent]\n|switch|p2a: Ogerpon|Ogerpon-Wellspring, F|100\/100\n|switch|p1a: Alomomola|Alomomola, M|80\/100\n|-damage|p1a: Alomomola|67\/100|[from] Stealth Rock\n|\n|-weather|Snow|[upkeep]\n|upkeep\n|turn|26\n|\n|t:|1700899102\n|switch|p1a: Weezing|Weezing-Galar, F|100\/100\n|-ability|p1a: Weezing|Neutralizing Gas\n|move|p2a: Ogerpon|Zen Headbutt|p1a: Weezing\n|-supereffective|p1a: Weezing\n|-damage|p1a: Weezing|57\/100\n|\n|-weather|Snow|[upkeep]\n|upkeep\n|turn|27\n|inactive|JimmyHarbaugh has 120 seconds left.\n|\n|t:|1700899149\n|-terastallize|p2a: Ogerpon|Water\n|detailschange|p2a: Ogerpon|Ogerpon-Wellspring-Tera, F, tera:Water\n|move|p2a: Ogerpon|Ivy Cudgel|p1a: Weezing|[anim] Ivy Cudgel Water\n|-damage|p1a: Weezing|7\/100\n|move|p1a: Weezing|Will-O-Wisp|p2a: Ogerpon|[miss]\n|-miss|p1a: Weezing|p2a: Ogerpon\n|\n|-weather|Snow|[upkeep]\n|upkeep\n|turn|28\n|\n|t:|1700899169\n|-end|p1a: Weezing|ability: Neutralizing Gas\n|-ability|p2a: Ogerpon|Embody Aspect (Wellspring)|boost\n|-boost|p2a: Ogerpon|spd|1\n|switch|p1a: Dondozo|Dondozo, F|85\/100\n|move|p2a: Ogerpon|Ivy Cudgel|p1a: Dondozo|[anim] Ivy Cudgel Water\n|-resisted|p1a: Dondozo\n|-damage|p1a: Dondozo|68\/100\n|\n|-weather|none\n|upkeep\n|turn|29\n|inactive|buzm114514 has 120 seconds left.\n|\n|t:|1700899193\n|-terastallize|p1a: Dondozo|Poison\n|move|p2a: Ogerpon|Power Whip|p1a: Dondozo\n|-resisted|p1a: Dondozo\n|-damage|p1a: Dondozo|51\/100\n|move|p1a: Dondozo|Body Press|p2a: Ogerpon\n|-damage|p2a: Ogerpon|61\/100\n|\n|upkeep\n|turn|30\n|\n|t:|1700899203\n|move|p2a: Ogerpon|Ivy Cudgel|p1a: Dondozo|[anim] Ivy Cudgel Water\n|-damage|p1a: Dondozo|18\/100\n|move|p1a: Dondozo|Rest|p1a: Dondozo\n|-status|p1a: Dondozo|slp|[from] move: Rest\n|-heal|p1a: Dondozo|100\/100 slp|[silent]\n|\n|upkeep\n|turn|31\n|inactive|JimmyHarbaugh has 120 seconds left.\n|\n|t:|1700899211\n|move|p2a: Ogerpon|Ivy Cudgel|p1a: Dondozo|[anim] Ivy Cudgel Water\n|-damage|p1a: Dondozo|62\/100 slp\n|cant|p1a: Dondozo|slp\n|move|p1a: Dondozo|Sleep Talk|p1a: Dondozo\n|move|p1a: Dondozo|Body Press|p2a: Ogerpon|[from]move: Sleep Talk\n|-damage|p2a: Ogerpon|22\/100\n|\n|upkeep\n|turn|32\n|\n|t:|1700899224\n|move|p2a: Ogerpon|Ivy Cudgel|p1a: Dondozo|[anim] Ivy Cudgel Water\n|-damage|p1a: Dondozo|27\/100 slp\n|cant|p1a: Dondozo|slp\n|move|p1a: Dondozo|Sleep Talk|p1a: Dondozo\n|move|p1a: Dondozo|Rest||[from]move: Sleep Talk|[still]\n|-fail|p1a: Dondozo\n|\n|upkeep\n|turn|33\n|inactive|buzm114514 has 120 seconds left.\n|\n|t:|1700899252\n|move|p2a: Ogerpon|Ivy Cudgel|p1a: Dondozo|[anim] Ivy Cudgel Water\n|-damage|p1a: Dondozo|0 fnt\n|faint|p1a: Dondozo\n|\n|upkeep\n|\n|t:|1700899271\n|switch|p1a: Dragapult|Dragapult, F|68\/100 par\n|-damage|p1a: Dragapult|55\/100 par|[from] Stealth Rock\n|turn|34\n|inactive|JimmyHarbaugh has 120 seconds left.\n|\n|t:|1700899298\n|switch|p2a: Great Tusk|Great Tusk|22\/100 brn\n|move|p1a: Dragapult|Dragon Darts|p2a: Great Tusk\n|-damage|p2a: Great Tusk|12\/100 brn\n|-anim|p1a: Dragapult|Dragon Darts|p2a: Great Tusk\n|-damage|p2a: Great Tusk|2\/100 brn\n|\n|-heal|p2a: Great Tusk|8\/100 brn|[from] item: Leftovers\n|-damage|p2a: Great Tusk|2\/100 brn|[from] brn\n|upkeep\n|turn|35\n|inactive|JimmyHarbaugh has 120 seconds left.\n|\n|t:|1700899316\n|switch|p1a: Alomomola|Alomomola, M|100\/100\n|-damage|p1a: Alomomola|88\/100|[from] Stealth Rock\n|move|p2a: Great Tusk|Headlong Rush|p1a: Alomomola\n|-damage|p1a: Alomomola|70\/100\n|-unboost|p2a: Great Tusk|def|1\n|-unboost|p2a: Great Tusk|spd|1\n|\n|-heal|p2a: Great Tusk|8\/100 brn|[from] item: Leftovers\n|-damage|p2a: Great Tusk|2\/100 brn|[from] brn\n|upkeep\n|turn|36\n|inactive|JimmyHarbaugh has 120 seconds left.\n|\n|t:|1700899330\n|-end|p2a: Great Tusk|Protosynthesis|[silent]\n|switch|p2a: Ogerpon|Ogerpon-Wellspring-Tera, F, tera:Water|22\/100\n|-ability|p2a: Ogerpon|Embody Aspect (Wellspring)|boost\n|-boost|p2a: Ogerpon|spd|1\n|move|p1a: Alomomola|Wish|p1a: Alomomola\n|\n|upkeep\n|turn|37\n|inactive|JimmyHarbaugh has 120 seconds left.\n|\n|t:|1700899344\n|switch|p1a: Dragapult|Dragapult, F|55\/100 par\n|-damage|p1a: Dragapult|43\/100 par|[from] Stealth Rock\n|move|p2a: Ogerpon|Ivy Cudgel|p1a: Dragapult|[anim] Ivy Cudgel Water\n|-resisted|p1a: Dragapult\n|-damage|p1a: Dragapult|9\/100 par\n|\n|-heal|p1a: Dragapult|71\/100 par|[from] move: Wish|[wisher] Alomomola\n|upkeep\n|turn|38\n|\n|t:|1700899356\n|switch|p2a: Great Tusk|Great Tusk|2\/100 brn\n|move|p1a: Dragapult|Dragon Darts|p2a: Great Tusk\n|-damage|p2a: Great Tusk|0 fnt\n|faint|p2a: Great Tusk\n|-end|p2a: Great Tusk|Protosynthesis|[silent]\n|\n|upkeep\n|\n|t:|1700899360\n|switch|p2a: Dragapult|Dragapult, M|100\/100\n|turn|39\n|inactive|buzm114514 has 120 seconds left.\n|\n|t:|1700899369\n|switch|p1a: Toxapex|Toxapex, F|100\/100\n|move|p2a: Dragapult|Will-O-Wisp|p1a: Toxapex\n|-status|p1a: Toxapex|brn\n|\n|-damage|p1a: Toxapex|94\/100 brn|[from] brn\n|upkeep\n|turn|40\n|inactive|buzm114514 has 120 seconds left.\n|\n|t:|1700899380\n|move|p2a: Dragapult|U-turn|p1a: Toxapex\n|-resisted|p1a: Toxapex\n|-damage|p1a: Toxapex|88\/100 brn\n|\n|t:|1700899382\n|switch|p2a: Slowking|Slowking-Galar, F|50\/100 brn|[from] U-turn\n|move|p1a: Toxapex|Infestation|p2a: Slowking\n|-damage|p2a: Slowking|48\/100 brn\n|-activate|p2a: Slowking|move: Infestation|[of] p1a: Toxapex\n|\n|-damage|p1a: Toxapex|81\/100 brn|[from] brn\n|-damage|p2a: Slowking|42\/100 brn|[from] brn\n|-damage|p2a: Slowking|30\/100 brn|[from] move: Infestation|[partiallytrapped]\n|upkeep\n|turn|41\n|\n|t:|1700899394\n|move|p1a: Toxapex|Recover|p1a: Toxapex\n|-heal|p1a: Toxapex|100\/100 brn\n|move|p2a: Slowking|Chilly Reception|p2a: Slowking\n|-weather|Snow\n|\n|t:|1700899399\n|switch|p2a: Dragapult|Dragapult, M|100\/100|[from] Chilly Reception\n|\n|-weather|Snow|[upkeep]\n|-damage|p1a: Toxapex|94\/100 brn|[from] brn\n|upkeep\n|turn|42\n|\n|t:|1700899410\n|move|p2a: Dragapult|U-turn|p1a: Toxapex\n|-resisted|p1a: Toxapex\n|-damage|p1a: Toxapex|88\/100 brn\n|\n|t:|1700899412\n|switch|p2a: Slowking|Slowking-Galar, F|63\/100 brn|[from] U-turn\n|move|p1a: Toxapex|Infestation|p2a: Slowking\n|-damage|p2a: Slowking|61\/100 brn\n|-activate|p2a: Slowking|move: Infestation|[of] p1a: Toxapex\n|\n|-weather|Snow|[upkeep]\n|-damage|p1a: Toxapex|81\/100 brn|[from] brn\n|-damage|p2a: Slowking|55\/100 brn|[from] brn\n|-damage|p2a: Slowking|43\/100 brn|[from] move: Infestation|[partiallytrapped]\n|upkeep\n|turn|43\n|\n|t:|1700899430\n|move|p1a: Toxapex|Recover|p1a: Toxapex\n|-heal|p1a: Toxapex|100\/100 brn\n|move|p2a: Slowking|Future Sight|p1a: Toxapex\n|-start|p2a: Slowking|move: Future Sight\n|\n|-weather|Snow|[upkeep]\n|-damage|p1a: Toxapex|94\/100 brn|[from] brn\n|-damage|p2a: Slowking|37\/100 brn|[from] brn\n|-damage|p2a: Slowking|24\/100 brn|[from] move: Infestation|[partiallytrapped]\n|upkeep\n|turn|44\n|\n|t:|1700899445\n|move|p1a: Toxapex|Infestation|p2a: Slowking\n|-damage|p2a: Slowking|23\/100 brn\n|move|p2a: Slowking|Chilly Reception|p2a: Slowking\n|\n|t:|1700899458\n|switch|p2a: Ogerpon|Ogerpon-Wellspring-Tera, F, tera:Water|22\/100|[from] Chilly Reception\n|-ability|p2a: Ogerpon|Embody Aspect (Wellspring)|boost\n|-boost|p2a: Ogerpon|spd|1\n|\n|-weather|Snow|[upkeep]\n|-damage|p1a: Toxapex|88\/100 brn|[from] brn\n|upkeep\n|turn|45\n|\n|t:|1700899484\n|switch|p1a: Weezing|Weezing-Galar, F|7\/100\n|-ability|p1a: Weezing|Neutralizing Gas\n|move|p2a: Ogerpon|Swords Dance|p2a: Ogerpon\n|-boost|p2a: Ogerpon|atk|2\n|\n|-weather|none\n|-end|p1a: Weezing|move: Future Sight\n|-supereffective|p1a: Weezing\n|-damage|p1a: Weezing|0 fnt\n|faint|p1a: Weezing\n|-end|p1a: Weezing|ability: Neutralizing Gas\n|upkeep\n|inactive|buzm114514 has 120 seconds left.\n|inactive|buzm114514 has 90 seconds left.\n|\n|t:|1700899533\n|switch|p1a: Toxapex|Toxapex, F|100\/100 brn\n|turn|46\n|inactive|buzm114514 has 90 seconds left.\n|inactive|JimmyHarbaugh has 120 seconds left.\n|\n|t:|1700899593\n|move|p2a: Ogerpon|Zen Headbutt|p1a: Toxapex\n|-supereffective|p1a: Toxapex\n|-damage|p1a: Toxapex|7\/100 brn\n|move|p1a: Toxapex|Toxic|p2a: Ogerpon\n|-status|p2a: Ogerpon|tox\n|\n|-damage|p2a: Ogerpon|16\/100 tox|[from] psn\n|-damage|p1a: Toxapex|1\/100 brn|[from] brn\n|upkeep\n|turn|47\n|inactive|buzm114514 has 90 seconds left.\n|\n|t:|1700899608\n|switch|p1a: Dragapult|Dragapult, F|71\/100 par\n|-damage|p1a: Dragapult|58\/100 par|[from] Stealth Rock\n|move|p2a: Ogerpon|Power Whip|p1a: Dragapult|[miss]\n|-miss|p2a: Ogerpon|p1a: Dragapult\n|\n|-damage|p2a: Ogerpon|4\/100 tox|[from] psn\n|upkeep\n|turn|48\n|c|\u2606JimmyHarbaugh|bruhhh\n|inactive|buzm114514 has 90 seconds left.\n|\n|t:|1700899622\n|switch|p2a: Rillaboom|Rillaboom, F|77\/100 brn\n|-fieldstart|move: Grassy Terrain|[from] ability: Grassy Surge|[of] p2a: Rillaboom\n|cant|p1a: Dragapult|par\n|\n|-heal|p2a: Rillaboom|83\/100 brn|[from] Grassy Terrain\n|-heal|p1a: Dragapult|64\/100 par|[from] Grassy Terrain\n|-damage|p2a: Rillaboom|77\/100 brn|[from] brn\n|upkeep\n|turn|49\n|inactive|buzm114514 has 90 seconds left.\n|\n|t:|1700899636\n|move|p2a: Rillaboom|Wood Hammer|p1a: Dragapult\n|-resisted|p1a: Dragapult\n|-damage|p1a: Dragapult|37\/100 par\n|-start|p2a: Rillaboom|Disable|Wood Hammer|[from] ability: Cursed Body|[of] p1a: Dragapult\n|-damage|p2a: Rillaboom|67\/100 brn|[from] Recoil\n|move|p1a: Dragapult|Reflect|p1a: Dragapult\n|-sidestart|p1: buzm114514|Reflect\n|\n|-heal|p2a: Rillaboom|73\/100 brn|[from] Grassy Terrain\n|-heal|p1a: Dragapult|43\/100 par|[from] Grassy Terrain\n|-damage|p2a: Rillaboom|67\/100 brn|[from] brn\n|upkeep\n|turn|50\n|inactive|buzm114514 has 90 seconds left.\n|\n|t:|1700899652\n|-activate|p2a: Rillaboom|move: Struggle\n|move|p2a: Rillaboom|Struggle|p1a: Dragapult\n|-damage|p1a: Dragapult|38\/100 par\n|-damage|p2a: Rillaboom|42\/100 brn|[from] recoil\n|move|p1a: Dragapult|Hex|p2a: Rillaboom\n|-damage|p2a: Rillaboom|0 fnt\n|faint|p2a: Rillaboom\n|\n|-heal|p1a: Dragapult|44\/100 par|[from] Grassy Terrain\n|upkeep\n|\n|t:|1700899656\n|switch|p2a: Dragapult|Dragapult, M|100\/100\n|turn|51\n|inactive|buzm114514 has 90 seconds left.\n|\n|t:|1700899669\n|move|p2a: Dragapult|Hex|p1a: Dragapult\n|-supereffective|p1a: Dragapult\n|-damage|p1a: Dragapult|0 fnt\n|faint|p1a: Dragapult\n|\n|upkeep\n|inactive|buzm114514 has 90 seconds left.\n|\n|t:|1700899675\n|switch|p1a: Toxapex|Toxapex, F|34\/100 brn\n|turn|52\n|\n|t:|1700899682\n|switch|p1a: Clodsire|Clodsire, M|100\/100\n|-damage|p1a: Clodsire|94\/100|[from] Stealth Rock\n|move|p2a: Dragapult|Hex|p1a: Clodsire\n|-damage|p1a: Clodsire|77\/100\n|\n|-heal|p1a: Clodsire|83\/100|[from] Grassy Terrain\n|-fieldend|move: Grassy Terrain\n|upkeep\n|turn|53\n|inactive|JimmyHarbaugh has 120 seconds left.\n|\n|t:|1700899695\n|move|p2a: Dragapult|Will-O-Wisp|p1a: Clodsire\n|-status|p1a: Clodsire|brn\n|move|p1a: Clodsire|Stealth Rock|p2a: Dragapult\n|-sidestart|p2: JimmyHarbaugh|move: Stealth Rock\n|\n|-damage|p1a: Clodsire|77\/100 brn|[from] brn\n|-sideend|p1: buzm114514|Reflect\n|upkeep\n|turn|54\n|inactive|JimmyHarbaugh has 120 seconds left.\n|\n|t:|1700899712\n|switch|p1a: Alomomola|Alomomola, M|100\/100\n|-damage|p1a: Alomomola|88\/100|[from] Stealth Rock\n|move|p2a: Dragapult|U-turn|p1a: Alomomola\n|-damage|p1a: Alomomola|76\/100\n|\n|t:|1700899715\n|switch|p2a: Slowking|Slowking-Galar, F|56\/100 brn|[from] U-turn\n|\n|-damage|p2a: Slowking|50\/100 brn|[from] brn\n|upkeep\n|turn|55\n|inactive|JimmyHarbaugh has 120 seconds left.\n|\n|t:|1700899725\n|move|p1a: Alomomola|Wish|p1a: Alomomola\n|move|p2a: Slowking|Future Sight|p1a: Alomomola\n|-start|p2a: Slowking|move: Future Sight\n|\n|-damage|p2a: Slowking|44\/100 brn|[from] brn\n|upkeep\n|turn|56\n|inactive|buzm114514 has 120 seconds left.\n|inactive|JimmyHarbaugh has 120 seconds left.\n|\n|t:|1700899736\n|move|p1a: Alomomola|Flip Turn|p2a: Slowking\n|-damage|p2a: Slowking|28\/100 brn\n|\n|t:|1700899739\n|switch|p1a: Toxapex|Toxapex, F|67\/100 brn|[from] Flip Turn\n|move|p2a: Slowking|Thunder Wave||[still]\n|-fail|p2a: Slowking\n|\n|-heal|p1a: Toxapex|100\/100 brn|[from] move: Wish|[wisher] Alomomola\n|-damage|p1a: Toxapex|94\/100 brn|[from] brn\n|-damage|p2a: Slowking|22\/100 brn|[from] brn\n|upkeep\n|turn|57\n|\n|t:|1700899751\n|switch|p1a: Alomomola|Alomomola, M|100\/100\n|-damage|p1a: Alomomola|88\/100|[from] Stealth Rock\n|move|p2a: Slowking|Chilly Reception|p2a: Slowking\n|-weather|Snow\n|\n|t:|1700899755\n|switch|p2a: Dragapult|Dragapult, M|100\/100|[from] Chilly Reception\n|\n|-weather|Snow|[upkeep]\n|-end|p1a: Alomomola|move: Future Sight\n|-damage|p1a: Alomomola|54\/100\n|upkeep\n|turn|58\n|\n|t:|1700899770\n|move|p2a: Dragapult|Will-O-Wisp|p1a: Alomomola\n|-status|p1a: Alomomola|brn\n|move|p1a: Alomomola|Mirror Coat||[still]\n|-fail|p1a: Alomomola\n|\n|-weather|Snow|[upkeep]\n|-damage|p1a: Alomomola|48\/100 brn|[from] brn\n|upkeep\n|turn|59\n|\n|t:|1700899779\n|switch|p1a: Toxapex|Toxapex, F|100\/100 brn\n|move|p2a: Dragapult|U-turn|p1a: Toxapex\n|-resisted|p1a: Toxapex\n|-damage|p1a: Toxapex|94\/100 brn\n|\n|t:|1700899784\n|switch|p2a: Slowking|Slowking-Galar, F|55\/100 brn|[from] U-turn\n|\n|-weather|Snow|[upkeep]\n|-damage|p1a: Toxapex|87\/100 brn|[from] brn\n|-damage|p2a: Slowking|49\/100 brn|[from] brn\n|upkeep\n|turn|60\n|\n|t:|1700899795\n|switch|p1a: Alomomola|Alomomola, M|81\/100 brn\n|-damage|p1a: Alomomola|69\/100 brn|[from] Stealth Rock\n|move|p2a: Slowking|Future Sight|p1a: Alomomola\n|-start|p2a: Slowking|move: Future Sight\n|\n|-weather|Snow|[upkeep]\n|-damage|p1a: Alomomola|63\/100 brn|[from] brn\n|-damage|p2a: Slowking|43\/100 brn|[from] brn\n|upkeep\n|turn|61\n|\n|t:|1700899805\n|move|p1a: Alomomola|Wish|p1a: Alomomola\n|move|p2a: Slowking|Chilly Reception|p2a: Slowking\n|\n|t:|1700899809\n|switch|p2a: Dragapult|Dragapult, M|100\/100|[from] Chilly Reception\n|\n|-weather|none\n|-damage|p1a: Alomomola|57\/100 brn|[from] brn\n|upkeep\n|turn|62\n|\n|t:|1700899816\n|move|p2a: Dragapult|U-turn|p1a: Alomomola\n|-damage|p1a: Alomomola|46\/100 brn\n|\n|t:|1700899818\n|switch|p2a: Slowking|Slowking-Galar, F|76\/100 brn|[from] U-turn\n|move|p1a: Alomomola|Mirror Coat||[still]\n|-fail|p1a: Alomomola\n|\n|-end|p1a: Alomomola|move: Future Sight\n|-damage|p1a: Alomomola|9\/100 brn\n|-heal|p1a: Alomomola|59\/100 brn|[from] move: Wish|[wisher] Alomomola\n|-damage|p1a: Alomomola|53\/100 brn|[from] brn\n|-damage|p2a: Slowking|70\/100 brn|[from] brn\n|upkeep\n|turn|63\n|\n|t:|1700899834\n|move|p1a: Alomomola|Flip Turn|p2a: Slowking\n|-damage|p2a: Slowking|62\/100 brn\n|\n|t:|1700899838\n|switch|p1a: Toxapex|Toxapex, F|100\/100 brn|[from] Flip Turn\n|move|p2a: Slowking|Sludge Bomb|p1a: Toxapex\n|-resisted|p1a: Toxapex\n|-damage|p1a: Toxapex|90\/100 brn\n|\n|-damage|p1a: Toxapex|84\/100 brn|[from] brn\n|-damage|p2a: Slowking|56\/100 brn|[from] brn\n|upkeep\n|turn|64\n|\n|t:|1700899849\n|switch|p1a: Alomomola|Alomomola, M|86\/100 brn\n|-damage|p1a: Alomomola|74\/100 brn|[from] Stealth Rock\n|move|p2a: Slowking|Future Sight|p1a: Alomomola\n|-start|p2a: Slowking|move: Future Sight\n|\n|-damage|p1a: Alomomola|68\/100 brn|[from] brn\n|-damage|p2a: Slowking|50\/100 brn|[from] brn\n|upkeep\n|turn|65\n|\n|t:|1700899865\n|switch|p2a: Dragapult|Dragapult, M|100\/100\n|move|p1a: Alomomola|Wish|p1a: Alomomola\n|\n|-damage|p1a: Alomomola|61\/100 brn|[from] brn\n|upkeep\n|turn|66\n|\n|t:|1700899880\n|move|p2a: Dragapult|U-turn|p1a: Alomomola\n|-damage|p1a: Alomomola|51\/100 brn\n|\n|t:|1700899882\n|switch|p2a: Slowking|Slowking-Galar, F|83\/100 brn|[from] U-turn\n|move|p1a: Alomomola|Mirror Coat||[still]\n|-fail|p1a: Alomomola\n|\n|-end|p1a: Alomomola|move: Future Sight\n|-damage|p1a: Alomomola|12\/100 brn\n|-heal|p1a: Alomomola|62\/100 brn|[from] move: Wish|[wisher] Alomomola\n|-damage|p1a: Alomomola|56\/100 brn|[from] brn\n|-damage|p2a: Slowking|77\/100 brn|[from] brn\n|upkeep\n|turn|67\n|\n|t:|1700899895\n|switch|p1a: Toxapex|Toxapex, F|100\/100 brn\n|move|p2a: Slowking|Future Sight|p1a: Toxapex\n|-start|p2a: Slowking|move: Future Sight\n|\n|-damage|p1a: Toxapex|94\/100 brn|[from] brn\n|-damage|p2a: Slowking|71\/100 brn|[from] brn\n|upkeep\n|turn|68\n|\n|t:|1700899905\n|move|p1a: Toxapex|Infestation|p2a: Slowking\n|-damage|p2a: Slowking|70\/100 brn\n|-activate|p2a: Slowking|move: Infestation|[of] p1a: Toxapex\n|move|p2a: Slowking|Chilly Reception|p2a: Slowking\n|-weather|Snow\n|\n|t:|1700899910\n|switch|p2a: Dragapult|Dragapult, M|100\/100|[from] Chilly Reception\n|\n|-weather|Snow|[upkeep]\n|-damage|p1a: Toxapex|88\/100 brn|[from] brn\n|upkeep\n|turn|69\n|\n|t:|1700899925\n|move|p2a: Dragapult|U-turn|p1a: Toxapex\n|-resisted|p1a: Toxapex\n|-damage|p1a: Toxapex|81\/100 brn\n|\n|t:|1700899927\n|switch|p2a: Slowking|Slowking-Galar, F|100\/100 brn|[from] U-turn\n|move|p1a: Toxapex|Toxic||[still]\n|-fail|p1a: Toxapex\n|\n|-weather|Snow|[upkeep]\n|-end|p1a: Toxapex|move: Future Sight\n|-supereffective|p1a: Toxapex\n|-damage|p1a: Toxapex|21\/100 brn\n|-damage|p1a: Toxapex|15\/100 brn|[from] brn\n|-damage|p2a: Slowking|94\/100 brn|[from] brn\n|upkeep\n|turn|70\n|\n|t:|1700899940\n|switch|p1a: Alomomola|Alomomola, M|89\/100 brn\n|-damage|p1a: Alomomola|77\/100 brn|[from] Stealth Rock\n|move|p2a: Slowking|Future Sight|p1a: Alomomola\n|-start|p2a: Slowking|move: Future Sight\n|\n|-weather|Snow|[upkeep]\n|-damage|p1a: Alomomola|71\/100 brn|[from] brn\n|-damage|p2a: Slowking|88\/100 brn|[from] brn\n|upkeep\n|turn|71\n|\n|t:|1700899950\n|switch|p1a: Toxapex|Toxapex, F|48\/100 brn\n|move|p2a: Slowking|Sludge Bomb|p1a: Toxapex\n|-resisted|p1a: Toxapex\n|-damage|p1a: Toxapex|38\/100 brn\n|\n|-weather|Snow|[upkeep]\n|-damage|p1a: Toxapex|31\/100 brn|[from] brn\n|-damage|p2a: Slowking|82\/100 brn|[from] brn\n|upkeep\n|turn|72\n|\n|t:|1700899966\n|switch|p1a: Alomomola|Alomomola, M|100\/100 brn\n|-damage|p1a: Alomomola|88\/100 brn|[from] Stealth Rock\n|move|p2a: Slowking|Chilly Reception|p2a: Slowking\n|\n|t:|1700899972\n|switch|p2a: Dragapult|Dragapult, M|100\/100|[from] Chilly Reception\n|\n|-weather|none\n|-end|p1a: Alomomola|move: Future Sight\n|-damage|p1a: Alomomola|50\/100 brn\n|-damage|p1a: Alomomola|44\/100 brn|[from] brn\n|upkeep\n|turn|73\n|\n|t:|1700899981\n|switch|p1a: Toxapex|Toxapex, F|65\/100 brn\n|move|p2a: Dragapult|Hex|p1a: Toxapex\n|-damage|p1a: Toxapex|29\/100 brn\n|\n|-damage|p1a: Toxapex|23\/100 brn|[from] brn\n|upkeep\n|turn|74\n|\n|t:|1700899990\n|switch|p1a: Clodsire|Clodsire, M|77\/100 brn\n|-damage|p1a: Clodsire|71\/100 brn|[from] Stealth Rock\n|move|p2a: Dragapult|Hex|p1a: Clodsire\n|-damage|p1a: Clodsire|41\/100 brn\n|\n|-damage|p1a: Clodsire|34\/100 brn|[from] brn\n|upkeep\n|turn|75\n|\n|t:|1700900006\n|move|p2a: Dragapult|U-turn|p1a: Clodsire\n|-resisted|p1a: Clodsire\n|-damage|p1a: Clodsire|26\/100 brn\n|\n|t:|1700900008\n|switch|p2a: Slowking|Slowking-Galar, F|100\/100 brn|[from] U-turn\n|move|p1a: Clodsire|Recover|p1a: Clodsire\n|-heal|p1a: Clodsire|76\/100 brn\n|\n|-damage|p1a: Clodsire|70\/100 brn|[from] brn\n|-damage|p2a: Slowking|94\/100 brn|[from] brn\n|upkeep\n|turn|76\n|\n|t:|1700900018\n|move|p1a: Clodsire|Earthquake|p2a: Slowking\n|-supereffective|p2a: Slowking\n|-damage|p2a: Slowking|64\/100 brn\n|move|p2a: Slowking|Future Sight|p1a: Clodsire\n|-start|p2a: Slowking|move: Future Sight\n|\n|-damage|p1a: Clodsire|64\/100 brn|[from] brn\n|-damage|p2a: Slowking|58\/100 brn|[from] brn\n|upkeep\n|turn|77\n|\n|t:|1700900027\n|move|p1a: Clodsire|Recover|p1a: Clodsire\n|-heal|p1a: Clodsire|100\/100 brn\n|move|p2a: Slowking|Chilly Reception|p2a: Slowking\n|-weather|Snow\n|\n|t:|1700900031\n|switch|p2a: Dragapult|Dragapult, M|100\/100|[from] Chilly Reception\n|\n|-weather|Snow|[upkeep]\n|-damage|p1a: Clodsire|94\/100 brn|[from] brn\n|upkeep\n|turn|78\n|\n|t:|1700900043\n|switch|p1a: Alomomola|Alomomola, M|78\/100 brn\n|-damage|p1a: Alomomola|65\/100 brn|[from] Stealth Rock\n|move|p2a: Dragapult|Hex|p1a: Alomomola\n|-damage|p1a: Alomomola|18\/100 brn\n|\n|-weather|Snow|[upkeep]\n|-end|p1a: Alomomola|move: Future Sight\n|-damage|p1a: Alomomola|0 fnt\n|faint|p1a: Alomomola\n|upkeep\n|\n|t:|1700900055\n|switch|p1a: Clodsire|Clodsire, M|94\/100 brn\n|-damage|p1a: Clodsire|88\/100 brn|[from] Stealth Rock\n|turn|79\n|\n|t:|1700900067\n|move|p2a: Dragapult|Hex|p1a: Clodsire\n|-damage|p1a: Clodsire|53\/100 brn\n|move|p1a: Clodsire|Earthquake|p2a: Dragapult\n|-damage|p2a: Dragapult|81\/100\n|\n|-weather|Snow|[upkeep]\n|-damage|p1a: Clodsire|47\/100 brn|[from] brn\n|upkeep\n|turn|80\n|\n|t:|1700900078\n|move|p2a: Dragapult|U-turn|p1a: Clodsire\n|-resisted|p1a: Clodsire\n|-damage|p1a: Clodsire|39\/100 brn\n|\n|t:|1700900081\n|switch|p2a: Slowking|Slowking-Galar, F|91\/100 brn|[from] U-turn\n|move|p1a: Clodsire|Recover|p1a: Clodsire\n|-heal|p1a: Clodsire|89\/100 brn\n|\n|-weather|Snow|[upkeep]\n|-damage|p1a: Clodsire|83\/100 brn|[from] brn\n|-damage|p2a: Slowking|85\/100 brn|[from] brn\n|upkeep\n|turn|81\n|\n|t:|1700900091\n|move|p1a: Clodsire|Earthquake|p2a: Slowking\n|-supereffective|p2a: Slowking\n|-damage|p2a: Slowking|59\/100 brn\n|move|p2a: Slowking|Future Sight|p1a: Clodsire\n|-start|p2a: Slowking|move: Future Sight\n|\n|-weather|none\n|-damage|p1a: Clodsire|76\/100 brn|[from] brn\n|-damage|p2a: Slowking|53\/100 brn|[from] brn\n|upkeep\n|turn|82\n|\n|t:|1700900101\n|switch|p2a: Ogerpon|Ogerpon-Wellspring-Tera, F, tera:Water|4\/100 tox\n|-damage|p2a: Ogerpon|0 fnt|[from] Stealth Rock\n|faint|p2a: Ogerpon\n|move|p1a: Clodsire|Earthquake|p2: Ogerpon|[notarget]\n|-fail|p1a: Clodsire\n|\n|-damage|p1a: Clodsire|70\/100 brn|[from] brn\n|upkeep\n|\n|t:|1700900106\n|switch|p2a: Dragapult|Dragapult, M|81\/100\n|turn|83\n|inactive|buzm114514 has 120 seconds left.\n|inactive|buzm114514 has 90 seconds left.\n|inactive|buzm114514 has 60 seconds left.\n|inactive|buzm114514 has 30 seconds left.\n|inactive|buzm114514 has 20 seconds left.\n|inactive|buzm114514 has 15 seconds left.\n|inactive|buzm114514 has 10 seconds left.\n|inactive|buzm114514 has 5 seconds left.\n|-message|buzm114514 lost due to inactivity.\n|\n|win|JimmyHarbaugh\n|raw|buzm114514's rating: 1365 &rarr; <strong>1341<\/strong><br \/>(-24 for losing)\n|raw|JimmyHarbaugh's rating: 1290 &rarr; <strong>1320<\/strong><br \/>(+30 for winning)\n","uploadtime":1700900249,"views":12,"p1id":"buzm114514","p2id":"jimmyharbaugh","formatid":"gen9ou","rating":1320,"private":0,"password":""}