{"id":"gen9ou-1989339555","p1":"TheSilvySilv","p2":"Mister_ttar","format":"[Gen 9] OU","log":"|j|\u2606TheSilvySilv\n|j|\u2606Mister_ttar\n|t:|1699838198\n|gametype|singles\n|player|p1|TheSilvySilv|ghetsis|1680\n|player|p2|Mister_ttar|tateandliza-gen6|1769\n|teamsize|p1|6\n|teamsize|p2|6\n|gen|9\n|tier|[Gen 9] OU\n|rated|\n|rule|Sleep Clause Mod: Limit one foe put to sleep\n|rule|Species Clause: Limit one of each Pok\u00e9mon\n|rule|OHKO Clause: OHKO moves are banned\n|rule|Evasion Items Clause: Evasion items are banned\n|rule|Evasion Moves Clause: Evasion moves are banned\n|rule|Endless Battle Clause: Forcing endless battles is banned\n|rule|HP Percentage Mod: HP is shown in percentages\n|clearpoke\n|poke|p1|Rillaboom, M|\n|poke|p1|Heatran, F|\n|poke|p1|Sneasler, M|\n|poke|p1|Ogerpon-Wellspring, F|\n|poke|p1|Landorus-Therian, M|\n|poke|p1|Gholdengo|\n|poke|p2|Zamazenta-*|\n|poke|p2|Thundurus-Therian, M|\n|poke|p2|Kingambit, F|\n|poke|p2|Great Tusk|\n|poke|p2|Toxapex, M|\n|poke|p2|Skeledirge, F|\n|teampreview\n|inactive|Battle timer is ON: inactive players will automatically lose when time's up. (requested by TheSilvySilv)\n|\n|t:|1699838217\n|start\n|switch|p1a: Landorus|Landorus-Therian, M|100\/100\n|switch|p2a: Thundurus|Thundurus-Therian, M|100\/100\n|-ability|p1a: Landorus|Intimidate|boost\n|-unboost|p2a: Thundurus|atk|1\n|turn|1\n|c|\u2606TheSilvySilv|Why have I ran into like 5 Thundy-T in the past 6 games\n|\n|t:|1699838231\n|switch|p2a: Great Tusk|Great Tusk|100\/100\n|switch|p1a: DPP OU|Heatran, F|100\/100\n|\n|upkeep\n|turn|2\n|\n|t:|1699838236\n|switch|p1a: HEY SQUIDWARD|Ogerpon-Wellspring, F|100\/100\n|move|p2a: Great Tusk|Earthquake|p1a: HEY SQUIDWARD\n|-resisted|p1a: HEY SQUIDWARD\n|-damage|p1a: HEY SQUIDWARD|73\/100\n|\n|upkeep\n|turn|3\n|\n|t:|1699838247\n|-end|p2a: Great Tusk|Protosynthesis|[silent]\n|switch|p2a: Toxapex|Toxapex, M|100\/100\n|move|p1a: HEY SQUIDWARD|Swords Dance|p1a: HEY SQUIDWARD\n|-boost|p1a: HEY SQUIDWARD|atk|2\n|\n|upkeep\n|turn|4\n|\n|t:|1699838263\n|move|p1a: HEY SQUIDWARD|Power Whip|p2a: Toxapex\n|-damage|p2a: Toxapex|0 fnt\n|faint|p2a: Toxapex\n|\n|upkeep\n|\n|t:|1699838266\n|switch|p2a: Zamazenta|Zamazenta|100\/100\n|-ability|p2a: Zamazenta|Dauntless Shield|boost\n|-boost|p2a: Zamazenta|def|1\n|turn|5\n|\n|t:|1699838269\n|move|p2a: Zamazenta|Iron Defense|p2a: Zamazenta\n|-boost|p2a: Zamazenta|def|2\n|move|p1a: HEY SQUIDWARD|Encore|p2a: Zamazenta\n|-start|p2a: Zamazenta|Encore\n|\n|upkeep\n|turn|6\n|\n|t:|1699838274\n|move|p2a: Zamazenta|Iron Defense|p2a: Zamazenta\n|-boost|p2a: Zamazenta|def|2\n|move|p1a: HEY SQUIDWARD|Ivy Cudgel|p2a: Zamazenta\n|-damage|p2a: Zamazenta|74\/100\n|\n|-heal|p2a: Zamazenta|80\/100|[from] item: Leftovers\n|upkeep\n|turn|7\n|\n|t:|1699838278\n|move|p2a: Zamazenta|Iron Defense|p2a: Zamazenta\n|-boost|p2a: Zamazenta|def|1\n|move|p1a: HEY SQUIDWARD|Ivy Cudgel|p2a: Zamazenta\n|-damage|p2a: Zamazenta|58\/100\n|\n|-heal|p2a: Zamazenta|65\/100|[from] item: Leftovers\n|upkeep\n|turn|8\n|\n|t:|1699838283\n|move|p2a: Zamazenta|Iron Defense|p2a: Zamazenta\n|-boost|p2a: Zamazenta|def|0\n|move|p1a: HEY SQUIDWARD|Ivy Cudgel|p2a: Zamazenta\n|-damage|p2a: Zamazenta|44\/100\n|\n|-heal|p2a: Zamazenta|50\/100|[from] item: Leftovers\n|-end|p2a: Zamazenta|Encore\n|upkeep\n|turn|9\n|\n|t:|1699838287\n|switch|p1a: Gholdengo|Gholdengo|100\/100\n|-item|p1a: Gholdengo|Air Balloon\n|move|p2a: Zamazenta|Body Press|p1a: Gholdengo\n|-immune|p1a: Gholdengo\n|\n|-heal|p2a: Zamazenta|56\/100|[from] item: Leftovers\n|upkeep\n|turn|10\n|\n|t:|1699838293\n|move|p2a: Zamazenta|Crunch|p1a: Gholdengo\n|-supereffective|p1a: Gholdengo\n|-damage|p1a: Gholdengo|71\/100\n|-enditem|p1a: Gholdengo|Air Balloon\n|move|p1a: Gholdengo|Shadow Ball|p2a: Zamazenta\n|-damage|p2a: Zamazenta|29\/100\n|\n|-heal|p2a: Zamazenta|35\/100|[from] item: Leftovers\n|upkeep\n|turn|11\n|\n|t:|1699838297\n|move|p2a: Zamazenta|Crunch|p1a: Gholdengo\n|-supereffective|p1a: Gholdengo\n|-damage|p1a: Gholdengo|42\/100\n|move|p1a: Gholdengo|Recover|p1a: Gholdengo\n|-heal|p1a: Gholdengo|92\/100\n|\n|-heal|p2a: Zamazenta|41\/100|[from] item: Leftovers\n|upkeep\n|turn|12\n|\n|t:|1699838307\n|switch|p2a: Kingambit|Kingambit, F|100\/100\n|-activate|p2a: Kingambit|ability: Supreme Overlord\n|-start|p2a: Kingambit|fallen1|[silent]\n|move|p1a: Gholdengo|Shadow Ball|p2a: Kingambit\n|-resisted|p2a: Kingambit\n|-damage|p2a: Kingambit|82\/100\n|\n|-heal|p2a: Kingambit|88\/100|[from] item: Leftovers\n|upkeep\n|turn|13\n|\n|t:|1699838318\n|switch|p1a: Landorus|Landorus-Therian, M|100\/100\n|-ability|p1a: Landorus|Intimidate|boost\n|-unboost|p2a: Kingambit|atk|1\n|move|p2a: Kingambit|Kowtow Cleave|p1a: Landorus\n|-damage|p1a: Landorus|54\/100\n|\n|-heal|p2a: Kingambit|94\/100|[from] item: Leftovers\n|upkeep\n|turn|14\n|\n|t:|1699838326\n|-end|p2a: Kingambit|fallen1|[silent]\n|switch|p2a: Great Tusk|Great Tusk|100\/100\n|move|p1a: Landorus|U-turn|p2a: Great Tusk\n|-resisted|p2a: Great Tusk\n|-damage|p2a: Great Tusk|96\/100\n|\n|t:|1699838333\n|switch|p1a: HEY SQUIDWARD|Ogerpon-Wellspring, F|73\/100|[from] U-turn\n|\n|-heal|p2a: Great Tusk|100\/100|[from] item: Leftovers\n|upkeep\n|turn|15\n|\n|t:|1699838363\n|move|p1a: HEY SQUIDWARD|Power Whip|p2a: Great Tusk\n|-supereffective|p2a: Great Tusk\n|-damage|p2a: Great Tusk|38\/100\n|move|p2a: Great Tusk|Stealth Rock|p1a: HEY SQUIDWARD\n|-sidestart|p1: TheSilvySilv|move: Stealth Rock\n|\n|-heal|p2a: Great Tusk|45\/100|[from] item: Leftovers\n|upkeep\n|turn|16\n|\n|t:|1699838375\n|move|p1a: HEY SQUIDWARD|Encore|p2a: Great Tusk\n|-start|p2a: Great Tusk|Encore\n|move|p2a: Great Tusk|Stealth Rock||[still]\n|-fail|p2a: Great Tusk\n|\n|-heal|p2a: Great Tusk|51\/100|[from] item: Leftovers\n|upkeep\n|turn|17\n|\n|t:|1699838379\n|move|p1a: HEY SQUIDWARD|Swords Dance|p1a: HEY SQUIDWARD\n|-boost|p1a: HEY SQUIDWARD|atk|2\n|move|p2a: Great Tusk|Stealth Rock||[still]\n|-fail|p2a: Great Tusk\n|\n|-heal|p2a: Great Tusk|57\/100|[from] item: Leftovers\n|upkeep\n|turn|18\n|\n|t:|1699838382\n|move|p1a: HEY SQUIDWARD|Ivy Cudgel|p2a: Great Tusk\n|-supereffective|p2a: Great Tusk\n|-damage|p2a: Great Tusk|0 fnt\n|faint|p2a: Great Tusk\n|-end|p2a: Great Tusk|Protosynthesis|[silent]\n|\n|upkeep\n|\n|t:|1699838385\n|switch|p2a: Zamazenta|Zamazenta|41\/100\n|turn|19\n|\n|t:|1699838388\n|move|p2a: Zamazenta|Body Press|p1a: HEY SQUIDWARD\n|-damage|p1a: HEY SQUIDWARD|26\/100\n|move|p1a: HEY SQUIDWARD|Ivy Cudgel|p2a: Zamazenta\n|-crit|p2a: Zamazenta\n|-damage|p2a: Zamazenta|0 fnt\n|faint|p2a: Zamazenta\n|\n|upkeep\n|\n|t:|1699838406\n|switch|p2a: Kingambit|Kingambit, F|94\/100\n|-activate|p2a: Kingambit|ability: Supreme Overlord\n|-start|p2a: Kingambit|fallen3|[silent]\n|turn|20\n|\n|t:|1699838413\n|move|p2a: Kingambit|Sucker Punch||[still]\n|-fail|p2a: Kingambit\n|move|p1a: HEY SQUIDWARD|Swords Dance|p1a: HEY SQUIDWARD\n|-boost|p1a: HEY SQUIDWARD|atk|2\n|\n|-heal|p2a: Kingambit|100\/100|[from] item: Leftovers\n|upkeep\n|turn|21\n|\n|t:|1699838417\n|-end|p2a: Kingambit|fallen3|[silent]\n|switch|p2a: Skeledirge|Skeledirge, F|100\/100\n|move|p1a: HEY SQUIDWARD|Encore||[still]\n|-fail|p1a: HEY SQUIDWARD\n|\n|upkeep\n|turn|22\n|\n|t:|1699838426\n|-terastallize|p2a: Skeledirge|Fairy\n|move|p1a: HEY SQUIDWARD|Ivy Cudgel|p2a: Skeledirge\n|-damage|p2a: Skeledirge|47\/100\n|move|p2a: Skeledirge|Torch Song|p1a: HEY SQUIDWARD\n|-damage|p1a: HEY SQUIDWARD|0 fnt\n|-boost|p2a: Skeledirge|spa|1\n|faint|p1a: HEY SQUIDWARD\n|\n|upkeep\n|\n|t:|1699838438\n|switch|p1a: 50%|Sneasler, M|100\/100\n|-damage|p1a: 50%|95\/100|[from] Stealth Rock\n|turn|23\n|\n|t:|1699838444\n|move|p1a: 50%|Dire Claw|p2a: Skeledirge\n|-supereffective|p2a: Skeledirge\n|-damage|p2a: Skeledirge|0 fnt\n|faint|p2a: Skeledirge\n|\n|upkeep\n|\n|t:|1699838450\n|switch|p2a: Thundurus|Thundurus-Therian, M|100\/100\n|turn|24\n|\n|t:|1699838456\n|switch|p1a: Landorus|Landorus-Therian, M|54\/100\n|-damage|p1a: Landorus|42\/100|[from] Stealth Rock\n|-ability|p1a: Landorus|Intimidate|boost\n|-unboost|p2a: Thundurus|atk|1\n|move|p2a: Thundurus|Thunderbolt|p1a: Landorus\n|-immune|p1a: Landorus\n|\n|upkeep\n|turn|25\n|\n|t:|1699838463\n|switch|p2a: Kingambit|Kingambit, F|100\/100\n|-activate|p2a: Kingambit|ability: Supreme Overlord\n|-start|p2a: Kingambit|fallen4|[silent]\n|move|p1a: Landorus|U-turn|p2a: Kingambit\n|-damage|p2a: Kingambit|86\/100\n|\n|t:|1699838466\n|switch|p1a: DPP OU|Heatran, F|100\/100|[from] U-turn\n|-damage|p1a: DPP OU|88\/100|[from] Stealth Rock\n|\n|-heal|p1a: DPP OU|94\/100|[from] item: Leftovers\n|-heal|p2a: Kingambit|93\/100|[from] item: Leftovers\n|upkeep\n|turn|26\n|\n|t:|1699838478\n|-end|p2a: Kingambit|fallen4|[silent]\n|switch|p2a: Thundurus|Thundurus-Therian, M|100\/100\n|move|p1a: DPP OU|Magma Storm|p2a: Thundurus\n|-damage|p2a: Thundurus|40\/100\n|-activate|p2a: Thundurus|move: Magma Storm|[of] p1a: DPP OU\n|\n|-heal|p1a: DPP OU|100\/100|[from] item: Leftovers\n|-damage|p2a: Thundurus|28\/100|[from] move: Magma Storm|[partiallytrapped]\n|upkeep\n|turn|27\n|\n|t:|1699838493\n|move|p2a: Thundurus|Focus Blast|p1a: DPP OU\n|-supereffective|p1a: DPP OU\n|-damage|p1a: DPP OU|40\/100\n|move|p1a: DPP OU|Magma Storm|p2a: Thundurus\n|-damage|p2a: Thundurus|0 fnt\n|faint|p2a: Thundurus\n|\n|-heal|p1a: DPP OU|46\/100|[from] item: Leftovers\n|upkeep\n|\n|t:|1699838497\n|switch|p2a: Kingambit|Kingambit, F|93\/100\n|-activate|p2a: Kingambit|ability: Supreme Overlord\n|-start|p2a: Kingambit|fallen5|[silent]\n|turn|28\n|\n|t:|1699838502\n|move|p1a: DPP OU|Taunt|p2a: Kingambit\n|-start|p2a: Kingambit|move: Taunt\n|cant|p2a: Kingambit|move: Taunt|Swords Dance\n|\n|-heal|p1a: DPP OU|52\/100|[from] item: Leftovers\n|-heal|p2a: Kingambit|99\/100|[from] item: Leftovers\n|upkeep\n|turn|29\n|\n|t:|1699838506\n|move|p2a: Kingambit|Sucker Punch|p1a: DPP OU\n|-damage|p1a: DPP OU|0 fnt\n|faint|p1a: DPP OU\n|\n|-heal|p2a: Kingambit|100\/100|[from] item: Leftovers\n|upkeep\n|\n|t:|1699838510\n|switch|p1a: Landorus|Landorus-Therian, M|42\/100\n|-damage|p1a: Landorus|30\/100|[from] Stealth Rock\n|-ability|p1a: Landorus|Intimidate|boost\n|-unboost|p2a: Kingambit|atk|1\n|turn|30\n|\n|t:|1699838517\n|switch|p1a: BOOM BOOM BOOM|Rillaboom, M|100\/100\n|-damage|p1a: BOOM BOOM BOOM|88\/100|[from] Stealth Rock\n|-fieldstart|move: Grassy Terrain|[from] ability: Grassy Surge|[of] p1a: BOOM BOOM BOOM\n|move|p2a: Kingambit|Sucker Punch||[still]\n|-fail|p2a: Kingambit\n|\n|-heal|p1a: BOOM BOOM BOOM|94\/100|[from] Grassy Terrain\n|-end|p2a: Kingambit|move: Taunt\n|upkeep\n|turn|31\n|\n|t:|1699838525\n|move|p1a: BOOM BOOM BOOM|High Horsepower|p2a: Kingambit\n|-supereffective|p2a: Kingambit\n|-crit|p2a: Kingambit\n|-damage|p2a: Kingambit|5\/100\n|-damage|p1a: BOOM BOOM BOOM|84\/100|[from] item: Life Orb\n|move|p2a: Kingambit|Swords Dance|p2a: Kingambit\n|-boost|p2a: Kingambit|atk|2\n|\n|-heal|p1a: BOOM BOOM BOOM|91\/100|[from] Grassy Terrain\n|-heal|p2a: Kingambit|12\/100|[from] Grassy Terrain\n|-heal|p2a: Kingambit|18\/100|[from] item: Leftovers\n|upkeep\n|turn|32\n|c|\u2606TheSilvySilv|Gg\n|\n|t:|1699838534\n|-terastallize|p1a: BOOM BOOM BOOM|Grass\n|move|p1a: BOOM BOOM BOOM|Grassy Glide|p2a: Kingambit\n|-resisted|p2a: Kingambit\n|-damage|p2a: Kingambit|0 fnt\n|faint|p2a: Kingambit\n|-end|p2a: Kingambit|fallen5|[silent]\n|-damage|p1a: BOOM BOOM BOOM|81\/100|[from] item: Life Orb\n|\n|win|TheSilvySilv\n|raw|TheSilvySilv's rating: 1680 &rarr; <strong>1705<\/strong><br \/>(+25 for winning)\n|raw|Mister_ttar's rating: 1769 &rarr; <strong>1744<\/strong><br \/>(-25 for losing)\n|l|\u2606TheSilvySilv\n|l|\u2606Mister_ttar\n","uploadtime":1699838744,"views":6,"p1id":"thesilvysilv","p2id":"misterttar","formatid":"gen9ou","rating":1705,"private":0,"password":""}