{"id":"gen9ou-1999584213","p1":"Obling","p2":"Slo Overdose","format":"[Gen 9] OU","log":"|j|\u2606Obling\n|j|\u2606Slo Overdose\n|t:|1701098533\n|gametype|singles\n|player|p1|Obling|turo|1520\n|player|p2|Slo Overdose|anabel|1464\n|teamsize|p1|6\n|teamsize|p2|6\n|gen|9\n|tier|[Gen 9] OU\n|rated|\n|rule|Sleep Clause Mod: Limit one foe put to sleep\n|rule|Species Clause: Limit one of each Pok\u00e9mon\n|rule|OHKO Clause: OHKO moves are banned\n|rule|Evasion Items Clause: Evasion items are banned\n|rule|Evasion Moves Clause: Evasion moves are banned\n|rule|Endless Battle Clause: Forcing endless battles is banned\n|rule|HP Percentage Mod: HP is shown in percentages\n|clearpoke\n|poke|p1|Torkoal, M|\n|poke|p1|Walking Wake|\n|poke|p1|Iron Moth|\n|poke|p1|Mandibuzz, F|\n|poke|p1|Charizard, M|\n|poke|p1|Ceruledge, M|\n|poke|p2|Clefable, M|\n|poke|p2|Heatran, M|\n|poke|p2|Conkeldurr, M|\n|poke|p2|Azelf|\n|poke|p2|Rillaboom, M|\n|poke|p2|Dragapult, F|\n|teampreview\n|inactive|Battle timer is ON: inactive players will automatically lose when time's up. (requested by Slo Overdose)\n|\n|t:|1701098543\n|start\n|switch|p1a: Torkoal|Torkoal, M|100\/100\n|switch|p2a: Azelf|Azelf|100\/100\n|-weather|SunnyDay|[from] ability: Drought|[of] p1a: Torkoal\n|turn|1\n|\n|t:|1701098548\n|move|p2a: Azelf|Psychic|p1a: Torkoal\n|-damage|p1a: Torkoal|41\/100\n|move|p1a: Torkoal|Yawn|p2a: Azelf\n|-start|p2a: Azelf|move: Yawn|[of] p1a: Torkoal\n|\n|-weather|SunnyDay|[upkeep]\n|upkeep\n|turn|2\n|\n|t:|1701098554\n|switch|p1a: Mandibuzz|Mandibuzz, F|100\/100\n|move|p2a: Azelf|Stealth Rock|p1a: Mandibuzz\n|-sidestart|p1: Obling|move: Stealth Rock\n|\n|-weather|SunnyDay|[upkeep]\n|-end|p2a: Azelf|move: Yawn|[silent]\n|-status|p2a: Azelf|slp\n|upkeep\n|turn|3\n|\n|t:|1701098557\n|cant|p2a: Azelf|slp\n|move|p1a: Mandibuzz|Defog|p2a: Azelf\n|-unboost|p2a: Azelf|evasion|1\n|-sideend|p1: Obling|Stealth Rock|[from] move: Defog|[of] p1a: Mandibuzz\n|\n|-weather|SunnyDay|[upkeep]\n|upkeep\n|turn|4\n|\n|t:|1701098560\n|-curestatus|p2a: Azelf|slp|[msg]\n|move|p2a: Azelf|Stealth Rock|p1a: Mandibuzz\n|-sidestart|p1: Obling|move: Stealth Rock\n|move|p1a: Mandibuzz|Knock Off|p2a: Azelf\n|-supereffective|p2a: Azelf\n|-damage|p2a: Azelf|26\/100\n|-enditem|p2a: Azelf|Focus Sash|[from] move: Knock Off|[of] p1a: Mandibuzz\n|\n|-weather|SunnyDay|[upkeep]\n|upkeep\n|turn|5\n|\n|t:|1701098564\n|move|p2a: Azelf|Explosion|p1a: Mandibuzz\n|-damage|p1a: Mandibuzz|64\/100\n|faint|p2a: Azelf\n|move|p1a: Mandibuzz|Defog|p2: Azelf|[notarget]\n|-fail|p1a: Mandibuzz\n|\n|-weather|SunnyDay|[upkeep]\n|upkeep\n|\n|t:|1701098588\n|switch|p2a: Heatran|Heatran, M|100\/100\n|turn|6\n|\n|t:|1701098595\n|switch|p1a: Walking Wake|Walking Wake|100\/100\n|-damage|p1a: Walking Wake|88\/100|[from] Stealth Rock\n|-activate|p1a: Walking Wake|ability: Protosynthesis\n|-start|p1a: Walking Wake|protosynthesisspe\n|move|p2a: Heatran|Magma Storm|p1a: Walking Wake\n|-resisted|p1a: Walking Wake\n|-damage|p1a: Walking Wake|69\/100\n|-activate|p1a: Walking Wake|move: Magma Storm|[of] p2a: Heatran\n|\n|-weather|SunnyDay|[upkeep]\n|-damage|p1a: Walking Wake|57\/100|[from] move: Magma Storm|[partiallytrapped]\n|upkeep\n|turn|7\n|\n|t:|1701098601\n|move|p2a: Heatran|Protect|p2a: Heatran\n|-singleturn|p2a: Heatran|Protect\n|move|p1a: Walking Wake|Hydro Steam|p2a: Heatran\n|-activate|p2a: Heatran|move: Protect\n|\n|-weather|SunnyDay|[upkeep]\n|-damage|p1a: Walking Wake|45\/100|[from] move: Magma Storm|[partiallytrapped]\n|upkeep\n|turn|8\n|\n|t:|1701098609\n|switch|p2a: Rillaboom|Rillaboom, M|100\/100\n|-fieldstart|move: Grassy Terrain|[from] ability: Grassy Surge|[of] p2a: Rillaboom\n|move|p1a: Walking Wake|Hydro Steam|p2a: Rillaboom\n|-resisted|p2a: Rillaboom\n|-damage|p2a: Rillaboom|41\/100\n|\n|-weather|none\n|-end|p1a: Walking Wake|Protosynthesis\n|-heal|p1a: Walking Wake|51\/100|[from] Grassy Terrain\n|-heal|p2a: Rillaboom|47\/100|[from] Grassy Terrain\n|-end|p1a: Walking Wake|Magma Storm|[partiallytrapped]|[silent]\n|upkeep\n|turn|9\n|\n|t:|1701098614\n|-end|p1a: Walking Wake|Protosynthesis|[silent]\n|switch|p1a: Mandibuzz|Mandibuzz, F|64\/100\n|move|p2a: Rillaboom|U-turn|p1a: Mandibuzz\n|-crit|p1a: Mandibuzz\n|-damage|p1a: Mandibuzz|32\/100\n|\n|t:|1701098625\n|switch|p2a: Conkeldurr|Conkeldurr, M|100\/100|[from] U-turn\n|\n|-status|p2a: Conkeldurr|brn|[from] item: Flame Orb\n|upkeep\n|turn|10\n|\n|t:|1701098640\n|move|p1a: Mandibuzz|Defog|p2a: Conkeldurr\n|-unboost|p2a: Conkeldurr|evasion|1\n|-sideend|p1: Obling|Stealth Rock|[from] move: Defog|[of] p1a: Mandibuzz\n|-fieldend|move: Grassy Terrain\n|move|p2a: Conkeldurr|Facade|p1a: Mandibuzz\n|-damage|p1a: Mandibuzz|0 fnt\n|faint|p1a: Mandibuzz\n|\n|-damage|p2a: Conkeldurr|94\/100 brn|[from] brn\n|upkeep\n|\n|t:|1701098642\n|switch|p1a: Torkoal|Torkoal, M|41\/100\n|-weather|SunnyDay|[from] ability: Drought|[of] p1a: Torkoal\n|turn|11\n|\n|t:|1701098655\n|move|p2a: Conkeldurr|Bulk Up|p2a: Conkeldurr\n|-boost|p2a: Conkeldurr|atk|1\n|-boost|p2a: Conkeldurr|def|1\n|move|p1a: Torkoal|Stealth Rock|p2a: Conkeldurr\n|-sidestart|p2: Slo Overdose|move: Stealth Rock\n|\n|-weather|SunnyDay|[upkeep]\n|-damage|p2a: Conkeldurr|88\/100 brn|[from] brn\n|upkeep\n|turn|12\n|\n|t:|1701098658\n|switch|p1a: Ceruledge|Ceruledge, M|100\/100\n|move|p2a: Conkeldurr|Facade|p1a: Ceruledge\n|-immune|p1a: Ceruledge\n|\n|-weather|SunnyDay|[upkeep]\n|-damage|p2a: Conkeldurr|82\/100 brn|[from] brn\n|upkeep\n|turn|13\n|\n|t:|1701098665\n|switch|p2a: Heatran|Heatran, M|100\/100\n|-damage|p2a: Heatran|88\/100|[from] Stealth Rock\n|move|p1a: Ceruledge|Swords Dance|p1a: Ceruledge\n|-boost|p1a: Ceruledge|atk|2\n|\n|-weather|SunnyDay|[upkeep]\n|-heal|p2a: Heatran|94\/100|[from] item: Leftovers\n|upkeep\n|turn|14\n|\n|t:|1701098672\n|move|p1a: Ceruledge|Poltergeist|p2a: Heatran|[miss]\n|-miss|p1a: Ceruledge|p2a: Heatran\n|move|p2a: Heatran|Earth Power|p1a: Ceruledge\n|-supereffective|p1a: Ceruledge\n|-damage|p1a: Ceruledge|34\/100\n|\n|-weather|SunnyDay|[upkeep]\n|-heal|p2a: Heatran|100\/100|[from] item: Leftovers\n|upkeep\n|turn|15\n|\n|t:|1701098684\n|move|p1a: Ceruledge|Poltergeist|p2a: Heatran\n|-activate|p2a: Heatran|move: Poltergeist|Leftovers\n|-damage|p2a: Heatran|11\/100\n|move|p2a: Heatran|Earth Power|p1a: Ceruledge\n|-supereffective|p1a: Ceruledge\n|-crit|p1a: Ceruledge\n|-damage|p1a: Ceruledge|0 fnt\n|faint|p1a: Ceruledge\n|\n|-weather|SunnyDay|[upkeep]\n|-heal|p2a: Heatran|17\/100|[from] item: Leftovers\n|upkeep\n|\n|t:|1701098691\n|switch|p1a: Walking Wake|Walking Wake|51\/100\n|-activate|p1a: Walking Wake|ability: Protosynthesis\n|-start|p1a: Walking Wake|protosynthesisspe\n|turn|16\n|\n|t:|1701098703\n|move|p1a: Walking Wake|Hydro Steam|p2a: Heatran\n|-supereffective|p2a: Heatran\n|-damage|p2a: Heatran|0 fnt\n|faint|p2a: Heatran\n|\n|-weather|SunnyDay|[upkeep]\n|upkeep\n|\n|t:|1701098713\n|switch|p2a: Rillaboom|Rillaboom, M|47\/100\n|-damage|p2a: Rillaboom|35\/100|[from] Stealth Rock\n|-fieldstart|move: Grassy Terrain|[from] ability: Grassy Surge|[of] p2a: Rillaboom\n|turn|17\n|\n|t:|1701098721\n|-end|p1a: Walking Wake|Protosynthesis|[silent]\n|switch|p1a: Iron Moth|Iron Moth|100\/100\n|-enditem|p1a: Iron Moth|Booster Energy\n|-activate|p1a: Iron Moth|ability: Quark Drive|[fromitem]\n|-start|p1a: Iron Moth|quarkdrivespe\n|move|p2a: Rillaboom|Grassy Glide|p1a: Iron Moth\n|-resisted|p1a: Iron Moth\n|-crit|p1a: Iron Moth\n|-damage|p1a: Iron Moth|70\/100\n|\n|-weather|SunnyDay|[upkeep]\n|-heal|p1a: Iron Moth|76\/100|[from] Grassy Terrain\n|-heal|p2a: Rillaboom|41\/100|[from] Grassy Terrain\n|upkeep\n|turn|18\n|\n|t:|1701098745\n|move|p2a: Rillaboom|Grassy Glide|p1a: Iron Moth\n|-resisted|p1a: Iron Moth\n|-crit|p1a: Iron Moth\n|-damage|p1a: Iron Moth|46\/100\n|move|p1a: Iron Moth|Substitute|p1a: Iron Moth\n|-start|p1a: Iron Moth|Substitute\n|-damage|p1a: Iron Moth|21\/100\n|\n|-weather|none\n|-heal|p1a: Iron Moth|27\/100|[from] Grassy Terrain\n|-heal|p2a: Rillaboom|47\/100|[from] Grassy Terrain\n|upkeep\n|turn|19\n|\n|t:|1701098751\n|move|p2a: Rillaboom|Grassy Glide|p1a: Iron Moth\n|-resisted|p1a: Iron Moth\n|-activate|p1a: Iron Moth|move: Substitute|[damage]\n|move|p1a: Iron Moth|Fiery Dance|p2a: Rillaboom\n|-supereffective|p2a: Rillaboom\n|-damage|p2a: Rillaboom|0 fnt\n|faint|p2a: Rillaboom\n|\n|-heal|p1a: Iron Moth|33\/100|[from] Grassy Terrain\n|upkeep\n|\n|t:|1701098761\n|switch|p2a: Clefable|Clefable, M|100\/100\n|turn|20\n|\n|t:|1701098769\n|-terastallize|p2a: Clefable|Water\n|move|p1a: Iron Moth|Fiery Dance|p2a: Clefable\n|-resisted|p2a: Clefable\n|-damage|p2a: Clefable|81\/100\n|move|p2a: Clefable|Cosmic Power|p2a: Clefable\n|-boost|p2a: Clefable|def|1\n|-boost|p2a: Clefable|spd|1\n|\n|-heal|p1a: Iron Moth|39\/100|[from] Grassy Terrain\n|-heal|p2a: Clefable|88\/100|[from] Grassy Terrain\n|-heal|p2a: Clefable|94\/100|[from] item: Leftovers\n|upkeep\n|turn|21\n|\n|t:|1701098779\n|move|p1a: Iron Moth|Sludge Wave|p2a: Clefable\n|-damage|p2a: Clefable|61\/100\n|move|p2a: Clefable|Cosmic Power|p2a: Clefable\n|-boost|p2a: Clefable|def|1\n|-boost|p2a: Clefable|spd|1\n|\n|-heal|p1a: Iron Moth|45\/100|[from] Grassy Terrain\n|-heal|p2a: Clefable|67\/100|[from] Grassy Terrain\n|-heal|p2a: Clefable|73\/100|[from] item: Leftovers\n|-fieldend|move: Grassy Terrain\n|upkeep\n|turn|22\n|\n|t:|1701098782\n|-end|p1a: Iron Moth|Quark Drive|[silent]\n|switch|p1a: Torkoal|Torkoal, M|41\/100\n|-weather|SunnyDay|[from] ability: Drought|[of] p1a: Torkoal\n|move|p2a: Clefable|Cosmic Power|p2a: Clefable\n|-boost|p2a: Clefable|def|1\n|-boost|p2a: Clefable|spd|1\n|\n|-weather|SunnyDay|[upkeep]\n|-heal|p2a: Clefable|79\/100|[from] item: Leftovers\n|upkeep\n|turn|23\n|\n|t:|1701098790\n|move|p2a: Clefable|Stored Power|p1a: Torkoal\n|-damage|p1a: Torkoal|0 fnt\n|faint|p1a: Torkoal\n|\n|-weather|SunnyDay|[upkeep]\n|-heal|p2a: Clefable|85\/100|[from] item: Leftovers\n|upkeep\n|\n|t:|1701098795\n|switch|p1a: Walking Wake|Walking Wake|51\/100\n|-activate|p1a: Walking Wake|ability: Protosynthesis\n|-start|p1a: Walking Wake|protosynthesisspe\n|turn|24\n|\n|t:|1701098798\n|move|p1a: Walking Wake|Draco Meteor|p2a: Clefable\n|-damage|p2a: Clefable|49\/100\n|-unboost|p1a: Walking Wake|spa|2\n|move|p2a: Clefable|Wish|p2a: Clefable\n|\n|-weather|SunnyDay|[upkeep]\n|-heal|p2a: Clefable|55\/100|[from] item: Leftovers\n|upkeep\n|turn|25\n|\n|t:|1701098804\n|move|p1a: Walking Wake|Draco Meteor|p2a: Clefable\n|-damage|p2a: Clefable|38\/100\n|-unboost|p1a: Walking Wake|spa|2\n|move|p2a: Clefable|Cosmic Power|p2a: Clefable\n|-boost|p2a: Clefable|def|1\n|-boost|p2a: Clefable|spd|1\n|\n|-weather|SunnyDay|[upkeep]\n|-heal|p2a: Clefable|88\/100|[from] move: Wish|[wisher] Clefable\n|-heal|p2a: Clefable|94\/100|[from] item: Leftovers\n|upkeep\n|turn|26\n|-message|Obling forfeited.\n|\n|win|Slo Overdose\n|raw|Obling's rating: 1520 &rarr; <strong>1497<\/strong><br \/>(-23 for losing)\n|raw|Slo Overdose's rating: 1464 &rarr; <strong>1487<\/strong><br \/>(+23 for winning)\n|l|\u2606Obling\n","uploadtime":1701098818,"views":4,"p1id":"obling","p2id":"slooverdose","formatid":"gen9ou","rating":1487,"private":0,"password":""}