{"id":"gen9ou-1999667696","p1":"Angel_Oceanpart","p2":"stone xo","format":"[Gen 9] OU","log":"|j|\u2606Angel_Oceanpart\n|j|\u2606stone xo\n|t:|1701106131\n|gametype|singles\n|player|p1|Angel_Oceanpart|preschoolerf|1270\n|player|p2|stone xo|102|1301\n|teamsize|p1|6\n|teamsize|p2|6\n|gen|9\n|tier|[Gen 9] OU\n|rated|\n|rule|Sleep Clause Mod: Limit one foe put to sleep\n|rule|Species Clause: Limit one of each Pok\u00e9mon\n|rule|OHKO Clause: OHKO moves are banned\n|rule|Evasion Items Clause: Evasion items are banned\n|rule|Evasion Moves Clause: Evasion moves are banned\n|rule|Endless Battle Clause: Forcing endless battles is banned\n|rule|HP Percentage Mod: HP is shown in percentages\n|clearpoke\n|poke|p1|Ditto|\n|poke|p1|Alomomola, F|\n|poke|p1|Corviknight, M|\n|poke|p1|Heatran, M|\n|poke|p1|Pawmot, F|\n|poke|p1|Zoroark, M|\n|poke|p2|Landorus-Therian, M|\n|poke|p2|Weezing-Galar, M|\n|poke|p2|Heatran, M|\n|poke|p2|Alomomola, F|\n|poke|p2|Cyclizar, F|\n|poke|p2|Zarude-Dada|\n|teampreview\n|inactive|Battle timer is ON: inactive players will automatically lose when time's up. (requested by stone xo)\n|\n|t:|1701106154\n|start\n|switch|p1a: Betrayal|Heatran, M|100\/100\n|switch|p2a: Cyclizar|Cyclizar, F|100\/100\n|turn|1\n|\n|t:|1701106160\n|move|p1a: Betrayal|Low Kick|p2a: Cyclizar\n|-supereffective|p2a: Cyclizar\n|-damage|p2a: Cyclizar|23\/100\n|move|p2a: Cyclizar|Knock Off|p1a: Betrayal\n|-resisted|p1a: Betrayal\n|-damage|p1a: Betrayal|81\/100\n|replace|p1a: Forget|Zoroark, M\n|-end|p1a: Forget|Illusion\n|-enditem|p1a: Forget|Choice Scarf|[from] move: Knock Off|[of] p2a: Cyclizar\n|\n|upkeep\n|turn|2\n|\n|t:|1701106173\n|switch|p2a: Weezing|Weezing-Galar, M|100\/100\n|-ability|p2a: Weezing|Neutralizing Gas\n|switch|p1a: Corviknight|Corviknight, M|100\/100\n|\n|upkeep\n|turn|3\n|\n|t:|1701106181\n|move|p1a: Corviknight|U-turn|p2a: Weezing\n|-resisted|p2a: Weezing\n|-damage|p2a: Weezing|98\/100\n|\n|t:|1701106198\n|switch|p1a: Betrayal|Heatran, M|100\/100|[from] U-turn\n|move|p2a: Weezing|Will-O-Wisp|p1a: Betrayal|[miss]\n|-miss|p2a: Weezing|p1a: Betrayal\n|\n|upkeep\n|turn|4\n|\n|t:|1701106207\n|-end|p2a: Weezing|ability: Neutralizing Gas\n|switch|p2a: Cyclizar|Cyclizar, F|56\/100\n|move|p1a: Betrayal|Flash Cannon|p2a: Cyclizar\n|-damage|p2a: Cyclizar|0 fnt\n|faint|p2a: Cyclizar\n|\n|upkeep\n|\n|t:|1701106213\n|switch|p2a: Landorus|Landorus-Therian, M|100\/100\n|-ability|p2a: Landorus|Intimidate|boost\n|-unboost|p1a: Betrayal|atk|1\n|turn|5\n|\n|t:|1701106216\n|switch|p1a: Corviknight|Corviknight, M|100\/100\n|move|p2a: Landorus|Earthquake|p1a: Corviknight\n|-immune|p1a: Corviknight\n|\n|upkeep\n|turn|6\n|\n|t:|1701106223\n|switch|p2a: Heatran|Heatran, M|100\/100\n|move|p1a: Corviknight|Brave Bird|p2a: Heatran\n|-resisted|p2a: Heatran\n|-damage|p2a: Heatran|86\/100\n|-damage|p1a: Corviknight|96\/100|[from] Recoil\n|\n|-heal|p2a: Heatran|92\/100|[from] item: Leftovers\n|upkeep\n|turn|7\n|\n|t:|1701106232\n|switch|p1a: Tora|Alomomola, F|100\/100\n|move|p2a: Heatran|Stealth Rock|p1a: Tora\n|-sidestart|p1: Angel_Oceanpart|move: Stealth Rock\n|\n|-heal|p2a: Heatran|98\/100|[from] item: Leftovers\n|upkeep\n|turn|8\n|\n|t:|1701106241\n|switch|p2a: Zarude|Zarude-Dada|100\/100\n|move|p1a: Tora|Mirror Coat||[still]\n|-fail|p1a: Tora\n|\n|upkeep\n|turn|9\n|\n|t:|1701106247\n|switch|p1a: Corviknight|Corviknight, M|96\/100\n|-damage|p1a: Corviknight|83\/100|[from] Stealth Rock\n|move|p2a: Zarude|U-turn|p1a: Corviknight\n|-resisted|p1a: Corviknight\n|-damage|p1a: Corviknight|78\/100\n|-damage|p2a: Zarude|84\/100|[from] item: Rocky Helmet|[of] p1a: Corviknight\n|\n|t:|1701106261\n|switch|p2a: Alomomola|Alomomola, F|100\/100|[from] U-turn\n|\n|upkeep\n|turn|10\n|\n|t:|1701106264\n|move|p1a: Corviknight|Defog|p2a: Alomomola\n|-unboost|p2a: Alomomola|evasion|1\n|-sideend|p1: Angel_Oceanpart|Stealth Rock|[from] move: Defog|[of] p1a: Corviknight\n|move|p2a: Alomomola|Scald|p1a: Corviknight\n|-damage|p1a: Corviknight|65\/100\n|\n|upkeep\n|turn|11\n|\n|t:|1701106271\n|move|p1a: Corviknight|Roost|p1a: Corviknight\n|-heal|p1a: Corviknight|100\/100\n|-singleturn|p1a: Corviknight|move: Roost\n|move|p2a: Alomomola|Scald|p1a: Corviknight\n|-damage|p1a: Corviknight|88\/100\n|\n|upkeep\n|turn|12\n|\n|t:|1701106274\n|move|p1a: Corviknight|U-turn|p2a: Alomomola\n|-damage|p2a: Alomomola|92\/100\n|-enditem|p2a: Alomomola|Red Card|[of] p1a: Corviknight\n|drag|p1a: Betrayal|Heatran, M|81\/100\n|move|p2a: Alomomola|Wish|p2a: Alomomola\n|\n|upkeep\n|turn|13\n|\n|t:|1701106284\n|move|p1a: Betrayal|U-turn|p2a: Alomomola\n|-damage|p2a: Alomomola|80\/100\n|\n|t:|1701106290\n|switch|p1a: Corviknight|Corviknight, M|88\/100|[from] U-turn\n|move|p2a: Alomomola|Scald|p1a: Corviknight\n|-damage|p1a: Corviknight|74\/100\n|-status|p1a: Corviknight|brn\n|\n|-heal|p2a: Alomomola|100\/100|[from] move: Wish|[wisher] Alomomola\n|-damage|p1a: Corviknight|68\/100 brn|[from] brn\n|upkeep\n|turn|14\n|\n|t:|1701106297\n|move|p1a: Corviknight|Roost|p1a: Corviknight\n|-heal|p1a: Corviknight|100\/100 brn\n|-singleturn|p1a: Corviknight|move: Roost\n|move|p2a: Alomomola|Wish|p2a: Alomomola\n|\n|-damage|p1a: Corviknight|94\/100 brn|[from] brn\n|upkeep\n|turn|15\n|\n|t:|1701106299\n|move|p1a: Corviknight|U-turn|p2a: Alomomola\n|-damage|p2a: Alomomola|97\/100\n|\n|t:|1701106305\n|switch|p1a: Tora|Alomomola, F|100\/100|[from] U-turn\n|move|p2a: Alomomola|Flip Turn|p1a: Tora\n|-resisted|p1a: Tora\n|-damage|p1a: Tora|95\/100\n|-enditem|p1a: Tora|Red Card|[of] p2a: Alomomola\n|drag|p2a: Weezing|Weezing-Galar, M|98\/100\n|-ability|p2a: Weezing|Neutralizing Gas\n|\n|-heal|p2a: Weezing|100\/100|[from] move: Wish|[wisher] Alomomola\n|upkeep\n|turn|16\n|\n|t:|1701106317\n|move|p1a: Tora|Wish|p1a: Tora\n|move|p2a: Weezing|Toxic|p1a: Tora\n|-status|p1a: Tora|tox\n|\n|-damage|p1a: Tora|89\/100 tox|[from] psn\n|upkeep\n|turn|17\n|\n|t:|1701106325\n|switch|p1a: Betrayal|Heatran, M|100\/100\n|-end|p2a: Weezing|ability: Neutralizing Gas\n|switch|p2a: Alomomola|Alomomola, F|100\/100\n|\n|upkeep\n|turn|18\n|\n|t:|1701106352\n|switch|p1a: Tora|Alomomola, F|89\/100 tox\n|move|p2a: Alomomola|Wish|p2a: Alomomola\n|\n|-damage|p1a: Tora|83\/100 tox|[from] psn\n|upkeep\n|turn|19\n|\n|t:|1701106358\n|move|p1a: Tora|Wish|p1a: Tora\n|move|p2a: Alomomola|Flip Turn|p1a: Tora\n|-resisted|p1a: Tora\n|-damage|p1a: Tora|78\/100 tox\n|\n|t:|1701106362\n|switch|p2a: Zarude|Zarude-Dada|84\/100|[from] Flip Turn\n|\n|-heal|p2a: Zarude|100\/100|[from] move: Wish|[wisher] Alomomola\n|-damage|p1a: Tora|65\/100 tox|[from] psn\n|upkeep\n|turn|20\n|\n|t:|1701106372\n|switch|p1a: Corviknight|Corviknight, M|94\/100 brn\n|move|p2a: Zarude|Knock Off|p1a: Corviknight\n|-damage|p1a: Corviknight|48\/100 brn\n|-damage|p2a: Zarude|84\/100|[from] item: Rocky Helmet|[of] p1a: Corviknight\n|-enditem|p1a: Corviknight|Rocky Helmet|[from] move: Knock Off|[of] p2a: Zarude\n|\n|-heal|p1a: Corviknight|100\/100 brn|[from] move: Wish|[wisher] Tora\n|-damage|p1a: Corviknight|94\/100 brn|[from] brn\n|upkeep\n|turn|21\n|\n|t:|1701106380\n|switch|p2a: Alomomola|Alomomola, F|100\/100\n|move|p1a: Corviknight|U-turn|p2a: Alomomola\n|-damage|p2a: Alomomola|97\/100\n|\n|t:|1701106390\n|switch|p1a: Retry|Pawmot, F|100\/100|[from] U-turn\n|\n|upkeep\n|turn|22\n|\n|t:|1701106400\n|switch|p2a: Weezing|Weezing-Galar, M|100\/100\n|-ability|p2a: Weezing|Neutralizing Gas\n|move|p1a: Retry|Close Combat|p2a: Weezing\n|-resisted|p2a: Weezing\n|-damage|p2a: Weezing|93\/100\n|-unboost|p1a: Retry|def|1\n|-unboost|p1a: Retry|spd|1\n|\n|upkeep\n|turn|23\n|\n|t:|1701106407\n|switch|p1a: Betrayal|Heatran, M|100\/100\n|move|p2a: Weezing|Strange Steam|p1a: Betrayal\n|-resisted|p1a: Betrayal\n|-damage|p1a: Betrayal|96\/100\n|\n|upkeep\n|turn|24\n|\n|t:|1701106417\n|-end|p2a: Weezing|ability: Neutralizing Gas\n|switch|p2a: Heatran|Heatran, M|98\/100\n|move|p1a: Betrayal|Flash Cannon|p2a: Heatran\n|-resisted|p2a: Heatran\n|-damage|p2a: Heatran|89\/100\n|-unboost|p2a: Heatran|spd|1\n|\n|-heal|p2a: Heatran|95\/100|[from] item: Leftovers\n|upkeep\n|turn|25\n|\n|t:|1701106424\n|switch|p1a: Tora|Alomomola, F|99\/100 tox\n|move|p2a: Heatran|Stealth Rock|p1a: Tora\n|-sidestart|p1: Angel_Oceanpart|move: Stealth Rock\n|\n|-heal|p2a: Heatran|100\/100|[from] item: Leftovers\n|-damage|p1a: Tora|92\/100 tox|[from] psn\n|upkeep\n|turn|26\n|\n|t:|1701106430\n|switch|p2a: Alomomola|Alomomola, F|100\/100\n|move|p1a: Tora|Wish|p1a: Tora\n|\n|-damage|p1a: Tora|80\/100 tox|[from] psn\n|upkeep\n|turn|27\n|\n|t:|1701106435\n|move|p1a: Tora|Flip Turn|p2a: Alomomola\n|-resisted|p2a: Alomomola\n|-damage|p2a: Alomomola|96\/100\n|\n|t:|1701106440\n|switch|p1a: Corviknight|Corviknight, M|94\/100 brn|[from] Flip Turn\n|-damage|p1a: Corviknight|82\/100 brn|[from] Stealth Rock\n|move|p2a: Alomomola|Wish|p2a: Alomomola\n|\n|-heal|p1a: Corviknight|100\/100 brn|[from] move: Wish|[wisher] Tora\n|-damage|p1a: Corviknight|94\/100 brn|[from] brn\n|upkeep\n|turn|28\n|\n|t:|1701106450\n|move|p1a: Corviknight|Defog|p2a: Alomomola\n|-unboost|p2a: Alomomola|evasion|1\n|-sideend|p1: Angel_Oceanpart|Stealth Rock|[from] move: Defog|[of] p1a: Corviknight\n|move|p2a: Alomomola|Flip Turn|p1a: Corviknight\n|-damage|p1a: Corviknight|85\/100 brn\n|\n|t:|1701106456\n|switch|p2a: Zarude|Zarude-Dada|84\/100|[from] Flip Turn\n|\n|-heal|p2a: Zarude|100\/100|[from] move: Wish|[wisher] Alomomola\n|-damage|p1a: Corviknight|79\/100 brn|[from] brn\n|upkeep\n|turn|29\n|\n|t:|1701106466\n|switch|p2a: Heatran|Heatran, M|100\/100\n|move|p1a: Corviknight|U-turn|p2a: Heatran\n|-resisted|p2a: Heatran\n|-crit|p2a: Heatran\n|-damage|p2a: Heatran|98\/100\n|\n|t:|1701106468\n|switch|p1a: Tori|Ditto|100\/100|[from] U-turn\n|-transform|p1a: Tori|p2a: Heatran|[from] ability: Imposter\n|\n|-heal|p2a: Heatran|100\/100|[from] item: Leftovers\n|upkeep\n|turn|30\n|\n|t:|1701106481\n|switch|p2a: Landorus|Landorus-Therian, M|100\/100\n|-ability|p2a: Landorus|Intimidate|boost\n|-unboost|p1a: Tori|atk|1\n|move|p1a: Tori|Earth Power|p2a: Landorus\n|-immune|p2a: Landorus\n|\n|upkeep\n|turn|31\n|\n|t:|1701106490\n|switch|p1a: Tora|Alomomola, F|100\/100 tox\n|move|p2a: Landorus|Earthquake|p1a: Tora\n|-damage|p1a: Tora|68\/100 tox\n|\n|-damage|p1a: Tora|62\/100 tox|[from] psn\n|upkeep\n|turn|32\n|\n|t:|1701106497\n|move|p2a: Landorus|Grass Knot|p1a: Tora\n|-supereffective|p1a: Tora\n|-damage|p1a: Tora|26\/100 tox\n|move|p1a: Tora|Flip Turn|p2a: Landorus\n|-supereffective|p2a: Landorus\n|-damage|p2a: Landorus|60\/100\n|\n|t:|1701106506\n|switch|p1a: Retry|Pawmot, F|81\/100|[from] Flip Turn\n|\n|upkeep\n|turn|33\n|\n|t:|1701106511\n|switch|p2a: Alomomola|Alomomola, F|100\/100\n|move|p1a: Retry|U-turn|p2a: Alomomola\n|-damage|p2a: Alomomola|87\/100\n|\n|t:|1701106516\n|switch|p1a: Tora|Alomomola, F|59\/100 tox|[from] U-turn\n|\n|-damage|p1a: Tora|53\/100 tox|[from] psn\n|upkeep\n|turn|34\n|\n|t:|1701106521\n|move|p2a: Alomomola|Wish|p2a: Alomomola\n|move|p1a: Tora|Flip Turn|p2a: Alomomola\n|-resisted|p2a: Alomomola\n|-damage|p2a: Alomomola|83\/100\n|\n|t:|1701106524\n|switch|p1a: Retry|Pawmot, F|100\/100|[from] Flip Turn\n|\n|upkeep\n|turn|35\n|\n|t:|1701106531\n|switch|p2a: Landorus|Landorus-Therian, M|60\/100\n|-ability|p2a: Landorus|Intimidate|boost\n|-unboost|p1a: Retry|atk|1\n|move|p1a: Retry|Close Combat|p2a: Landorus\n|-resisted|p2a: Landorus\n|-damage|p2a: Landorus|42\/100\n|-unboost|p1a: Retry|def|1\n|-unboost|p1a: Retry|spd|1\n|\n|-heal|p2a: Landorus|100\/100|[from] move: Wish|[wisher] Alomomola\n|upkeep\n|turn|36\n|\n|t:|1701106549\n|switch|p1a: Corviknight|Corviknight, M|79\/100 brn\n|move|p2a: Landorus|Earthquake|p1a: Corviknight\n|-immune|p1a: Corviknight\n|\n|-damage|p1a: Corviknight|73\/100 brn|[from] brn\n|upkeep\n|turn|37\n|\n|t:|1701106556\n|switch|p2a: Alomomola|Alomomola, F|100\/100\n|move|p1a: Corviknight|U-turn|p2a: Alomomola\n|-damage|p2a: Alomomola|97\/100\n|\n|t:|1701106581\n|switch|p1a: Betrayal|Heatran, M|96\/100|[from] U-turn\n|\n|upkeep\n|turn|38\n|\n|t:|1701106588\n|-terastallize|p1a: Betrayal|Grass\n|move|p1a: Betrayal|Tera Blast|p2a: Alomomola|[anim] Tera Blast Grass\n|-supereffective|p2a: Alomomola\n|-damage|p2a: Alomomola|0 fnt\n|faint|p2a: Alomomola\n|\n|upkeep\n|\n|t:|1701106601\n|switch|p2a: Zarude|Zarude-Dada|100\/100\n|turn|39\n|\n|t:|1701106605\n|switch|p1a: Corviknight|Corviknight, M|73\/100 brn\n|move|p2a: Zarude|U-turn|p1a: Corviknight\n|-resisted|p1a: Corviknight\n|-damage|p1a: Corviknight|68\/100 brn\n|\n|t:|1701106617\n|switch|p2a: Heatran|Heatran, M|100\/100|[from] U-turn\n|\n|-damage|p1a: Corviknight|62\/100 brn|[from] brn\n|upkeep\n|turn|40\n|\n|t:|1701106621\n|switch|p1a: Betrayal|Heatran, M, tera:Grass|96\/100\n|move|p2a: Heatran|Stealth Rock|p1a: Betrayal\n|-sidestart|p1: Angel_Oceanpart|move: Stealth Rock\n|\n|upkeep\n|turn|41\n|\n|t:|1701106631\n|switch|p2a: Landorus|Landorus-Therian, M|100\/100\n|-ability|p2a: Landorus|Intimidate|boost\n|-unboost|p1a: Betrayal|atk|1\n|move|p1a: Betrayal|Flash Cannon|p2a: Landorus\n|-damage|p2a: Landorus|23\/100\n|\n|upkeep\n|turn|42\n|\n|t:|1701106637\n|-terastallize|p2a: Landorus|Ice\n|move|p2a: Landorus|Tera Blast|p1a: Betrayal|[anim] Tera Blast Ice\n|-supereffective|p1a: Betrayal\n|-damage|p1a: Betrayal|39\/100\n|move|p1a: Betrayal|Flash Cannon|p2a: Landorus\n|-supereffective|p2a: Landorus\n|-damage|p2a: Landorus|0 fnt\n|faint|p2a: Landorus\n|\n|upkeep\n|\n|t:|1701106644\n|switch|p2a: Zarude|Zarude-Dada|100\/100\n|turn|43\n|\n|t:|1701106649\n|switch|p1a: Corviknight|Corviknight, M|62\/100 brn\n|-damage|p1a: Corviknight|49\/100 brn|[from] Stealth Rock\n|move|p2a: Zarude|Close Combat|p1a: Corviknight\n|-damage|p1a: Corviknight|12\/100 brn\n|-unboost|p2a: Zarude|def|1\n|-unboost|p2a: Zarude|spd|1\n|\n|-damage|p1a: Corviknight|6\/100 brn|[from] brn\n|upkeep\n|turn|44\n|\n|t:|1701106662\n|move|p2a: Zarude|Close Combat|p1a: Corviknight\n|-damage|p1a: Corviknight|0 fnt\n|-unboost|p2a: Zarude|def|1\n|-unboost|p2a: Zarude|spd|1\n|faint|p1a: Corviknight\n|\n|upkeep\n|\n|t:|1701106670\n|switch|p1a: Retry|Pawmot, F|100\/100\n|-damage|p1a: Retry|94\/100|[from] Stealth Rock\n|turn|45\n|\n|t:|1701106674\n|switch|p2a: Weezing|Weezing-Galar, M|93\/100\n|-ability|p2a: Weezing|Neutralizing Gas\n|move|p1a: Retry|Mach Punch|p2a: Weezing\n|-resisted|p2a: Weezing\n|-damage|p2a: Weezing|91\/100\n|\n|upkeep\n|turn|46\n|\n|t:|1701106680\n|move|p1a: Retry|Revival Blessing|p1a: Retry\n|-enditem|p1a: Retry|Leppa Berry|[eat]\n|-activate|p1a: Retry|item: Leppa Berry|Revival Blessing|[consumed]\n|\n|t:|1701106683\n|-heal|p1: Corviknight|50\/100|[from] move: Revival Blessing\n|move|p2a: Weezing|Toxic|p1a: Retry\n|-status|p1a: Retry|tox\n|\n|-damage|p1a: Retry|88\/100 tox|[from] psn\n|upkeep\n|turn|47\n|\n|t:|1701106694\n|switch|p1a: Tora|Alomomola, F|86\/100 tox\n|-damage|p1a: Tora|74\/100 tox|[from] Stealth Rock\n|move|p2a: Weezing|Will-O-Wisp||[still]\n|-fail|p2a: Weezing\n|\n|-damage|p1a: Tora|67\/100 tox|[from] psn\n|upkeep\n|turn|48\n|\n|t:|1701106698\n|move|p1a: Tora|Wish|p1a: Tora\n|move|p2a: Weezing|Strange Steam|p1a: Tora|[miss]\n|-miss|p2a: Weezing|p1a: Tora\n|\n|-damage|p1a: Tora|55\/100 tox|[from] psn\n|upkeep\n|turn|49\n|\n|t:|1701106704\n|move|p2a: Weezing|Strange Steam|p1a: Tora\n|-damage|p1a: Tora|34\/100 tox\n|move|p1a: Tora|Mirror Coat|p2a: Weezing\n|-damage|p2a: Weezing|27\/100\n|\n|-heal|p1a: Tora|84\/100 tox|[from] move: Wish|[wisher] Tora\n|-damage|p1a: Tora|66\/100 tox|[from] psn\n|upkeep\n|turn|50\n|\n|t:|1701106717\n|-end|p2a: Weezing|ability: Neutralizing Gas\n|switch|p2a: Zarude|Zarude-Dada|100\/100\n|move|p1a: Tora|Wish|p1a: Tora\n|\n|-damage|p1a: Tora|41\/100 tox|[from] psn\n|upkeep\n|turn|51\n|\n|t:|1701106726\n|switch|p1a: Corviknight|Corviknight, M|50\/100\n|-damage|p1a: Corviknight|38\/100|[from] Stealth Rock\n|move|p2a: Zarude|Power Whip|p1a: Corviknight\n|-resisted|p1a: Corviknight\n|-damage|p1a: Corviknight|24\/100\n|\n|-heal|p1a: Corviknight|88\/100|[from] move: Wish|[wisher] Tora\n|upkeep\n|turn|52\n|\n|t:|1701106735\n|switch|p2a: Heatran|Heatran, M|100\/100\n|move|p1a: Corviknight|Brave Bird|p2a: Heatran\n|-resisted|p2a: Heatran\n|-damage|p2a: Heatran|84\/100\n|-damage|p1a: Corviknight|83\/100|[from] Recoil\n|\n|-heal|p2a: Heatran|90\/100|[from] item: Leftovers\n|upkeep\n|turn|53\n|\n|t:|1701106742\n|switch|p1a: Tori|Ditto|100\/100\n|-damage|p1a: Tori|88\/100|[from] Stealth Rock\n|-transform|p1a: Tori|p2a: Heatran|[from] ability: Imposter\n|move|p2a: Heatran|Earth Power|p1a: Tori\n|-supereffective|p1a: Tori\n|-damage|p1a: Tori|5\/100\n|-enditem|p1a: Tori|Red Card|[of] p2a: Heatran\n|drag|p2a: Weezing|Weezing-Galar, M|27\/100\n|-ability|p2a: Weezing|Neutralizing Gas\n|\n|upkeep\n|turn|54\n|\n|t:|1701106767\n|move|p1a: Tori|Stealth Rock|p2a: Weezing\n|-sidestart|p2: stone xo|move: Stealth Rock\n|move|p2a: Weezing|Strange Steam|p1a: Tori\n|-resisted|p1a: Tori\n|-damage|p1a: Tori|0 fnt\n|faint|p1a: Tori\n|\n|upkeep\n|\n|t:|1701106782\n|switch|p1a: Tora|Alomomola, F|74\/100 tox\n|-damage|p1a: Tora|61\/100 tox|[from] Stealth Rock\n|turn|55\n|\n|t:|1701106788\n|move|p1a: Tora|Wish|p1a: Tora\n|move|p2a: Weezing|Defog|p1a: Tora\n|-unboost|p1a: Tora|evasion|1\n|-sideend|p1: Angel_Oceanpart|Stealth Rock|[from] move: Defog|[of] p2a: Weezing\n|-sideend|p2: stone xo|Stealth Rock|[from] move: Defog|[of] p2a: Weezing\n|\n|-damage|p1a: Tora|55\/100 tox|[from] psn\n|upkeep\n|turn|56\n|\n|t:|1701106794\n|-end|p2a: Weezing|ability: Neutralizing Gas\n|switch|p2a: Zarude|Zarude-Dada|100\/100\n|move|p1a: Tora|Acrobatics|p2a: Zarude\n|-supereffective|p2a: Zarude\n|-damage|p2a: Zarude|61\/100\n|\n|-heal|p1a: Tora|100\/100 tox|[from] move: Wish|[wisher] Tora\n|-damage|p1a: Tora|88\/100 tox|[from] psn\n|upkeep\n|turn|57\n|\n|t:|1701106803\n|switch|p1a: Corviknight|Corviknight, M|83\/100\n|move|p2a: Zarude|U-turn|p1a: Corviknight\n|-resisted|p1a: Corviknight\n|-damage|p1a: Corviknight|77\/100\n|\n|t:|1701106811\n|switch|p2a: Weezing|Weezing-Galar, M|27\/100|[from] U-turn\n|-ability|p2a: Weezing|Neutralizing Gas\n|\n|upkeep\n|turn|58\n|\n|t:|1701106818\n|switch|p1a: Tora|Alomomola, F|100\/100 tox\n|-end|p2a: Weezing|ability: Neutralizing Gas\n|switch|p2a: Heatran|Heatran, M|90\/100\n|\n|-heal|p2a: Heatran|97\/100|[from] item: Leftovers\n|-damage|p1a: Tora|94\/100 tox|[from] psn\n|upkeep\n|turn|59\n|\n|t:|1701106827\n|move|p2a: Heatran|Stealth Rock|p1a: Tora\n|-sidestart|p1: Angel_Oceanpart|move: Stealth Rock\n|move|p1a: Tora|Flip Turn|p2a: Heatran\n|-supereffective|p2a: Heatran\n|-damage|p2a: Heatran|71\/100\n|\n|t:|1701106831\n|switch|p1a: Betrayal|Heatran, M, tera:Grass|39\/100|[from] Flip Turn\n|-damage|p1a: Betrayal|26\/100|[from] Stealth Rock\n|\n|-heal|p2a: Heatran|77\/100|[from] item: Leftovers\n|upkeep\n|turn|60\n|\n|t:|1701106838\n|move|p2a: Heatran|Protect|p2a: Heatran\n|-singleturn|p2a: Heatran|Protect\n|move|p1a: Betrayal|Earth Power|p2a: Heatran\n|-activate|p2a: Heatran|move: Protect\n|\n|-heal|p2a: Heatran|84\/100|[from] item: Leftovers\n|upkeep\n|turn|61\n|\n|t:|1701106846\n|switch|p2a: Weezing|Weezing-Galar, M|27\/100\n|-ability|p2a: Weezing|Neutralizing Gas\n|move|p1a: Betrayal|Earth Power|p2a: Weezing\n|-supereffective|p2a: Weezing\n|-enditem|p2a: Weezing|Shuca Berry|[eat]\n|-enditem|p2a: Weezing|Shuca Berry|[weaken]\n|-damage|p2a: Weezing|0 fnt\n|faint|p2a: Weezing\n|-end|p2a: Weezing|ability: Neutralizing Gas\n|\n|upkeep\n|\n|t:|1701106854\n|switch|p2a: Zarude|Zarude-Dada|61\/100\n|turn|62\n|\n|t:|1701106861\n|switch|p1a: Corviknight|Corviknight, M|77\/100\n|-damage|p1a: Corviknight|65\/100|[from] Stealth Rock\n|move|p2a: Zarude|Close Combat|p1a: Corviknight\n|-damage|p1a: Corviknight|30\/100\n|-unboost|p2a: Zarude|def|1\n|-unboost|p2a: Zarude|spd|1\n|\n|upkeep\n|turn|63\n|\n|t:|1701106867\n|switch|p1a: Tora|Alomomola, F|100\/100 tox\n|-damage|p1a: Tora|88\/100 tox|[from] Stealth Rock\n|move|p2a: Zarude|Close Combat|p1a: Tora\n|-damage|p1a: Tora|39\/100 tox\n|-unboost|p2a: Zarude|def|1\n|-unboost|p2a: Zarude|spd|1\n|\n|-damage|p1a: Tora|32\/100 tox|[from] psn\n|upkeep\n|turn|64\n|\n|t:|1701106883\n|switch|p1a: Retry|Pawmot, F|81\/100\n|-damage|p1a: Retry|69\/100|[from] Stealth Rock\n|move|p2a: Zarude|Close Combat|p1a: Retry\n|-supereffective|p1a: Retry\n|-damage|p1a: Retry|0 fnt\n|-unboost|p2a: Zarude|def|1\n|-unboost|p2a: Zarude|spd|1\n|replace|p1a: Forget|Zoroark, M\n|-end|p1a: Forget|Illusion\n|faint|p1a: Forget\n|\n|upkeep\n|\n|t:|1701106886\n|switch|p1a: Retry|Pawmot, F|88\/100 tox\n|-damage|p1a: Retry|82\/100 tox|[from] Stealth Rock\n|turn|65\n|\n|t:|1701106899\n|move|p1a: Retry|Mach Punch|p2a: Zarude\n|-supereffective|p2a: Zarude\n|-damage|p2a: Zarude|0 fnt\n|faint|p2a: Zarude\n|\n|-damage|p1a: Retry|76\/100 tox|[from] psn\n|upkeep\n|\n|t:|1701106902\n|switch|p2a: Heatran|Heatran, M|84\/100\n|turn|66\n|c|\u2606Angel_Oceanpart|gg\n|\n|t:|1701106905\n|move|p2a: Heatran|Protect|p2a: Heatran\n|-singleturn|p2a: Heatran|Protect\n|move|p1a: Retry|Close Combat|p2a: Heatran\n|-activate|p2a: Heatran|move: Protect\n|\n|-heal|p2a: Heatran|90\/100|[from] item: Leftovers\n|-damage|p1a: Retry|64\/100 tox|[from] psn\n|upkeep\n|turn|67\n|\n|t:|1701106910\n|move|p1a: Retry|Close Combat|p2a: Heatran\n|-supereffective|p2a: Heatran\n|-damage|p2a: Heatran|7\/100\n|-unboost|p1a: Retry|def|1\n|-unboost|p1a: Retry|spd|1\n|move|p2a: Heatran|Earth Power|p1a: Retry\n|-supereffective|p1a: Retry\n|-damage|p1a: Retry|0 fnt\n|faint|p1a: Retry\n|\n|-heal|p2a: Heatran|13\/100|[from] item: Leftovers\n|upkeep\n|\n|t:|1701106917\n|switch|p1a: Tora|Alomomola, F|66\/100 tox\n|-damage|p1a: Tora|53\/100 tox|[from] Stealth Rock\n|turn|68\n|\n|t:|1701106923\n|move|p2a: Heatran|Protect|p2a: Heatran\n|-singleturn|p2a: Heatran|Protect\n|move|p1a: Tora|Wish|p1a: Tora\n|\n|-heal|p2a: Heatran|19\/100|[from] item: Leftovers\n|-damage|p1a: Tora|47\/100 tox|[from] psn\n|upkeep\n|turn|69\n|\n|t:|1701106929\n|move|p2a: Heatran|Protect|p2a: Heatran\n|-singleturn|p2a: Heatran|Protect\n|move|p1a: Tora|Flip Turn|p2a: Heatran\n|-activate|p2a: Heatran|move: Protect\n|\n|-heal|p1a: Tora|97\/100 tox|[from] move: Wish|[wisher] Tora\n|-heal|p2a: Heatran|26\/100|[from] item: Leftovers\n|-damage|p1a: Tora|84\/100 tox|[from] psn\n|upkeep\n|turn|70\n|\n|t:|1701106937\n|move|p2a: Heatran|Magma Storm|p1a: Tora\n|-resisted|p1a: Tora\n|-damage|p1a: Tora|68\/100 tox\n|-activate|p1a: Tora|move: Magma Storm|[of] p2a: Heatran\n|move|p1a: Tora|Wish|p1a: Tora\n|\n|-heal|p2a: Heatran|32\/100|[from] item: Leftovers\n|-damage|p1a: Tora|49\/100 tox|[from] psn\n|-damage|p1a: Tora|37\/100 tox|[from] move: Magma Storm|[partiallytrapped]\n|upkeep\n|turn|71\n|\n|t:|1701106943\n|move|p2a: Heatran|Earth Power|p1a: Tora\n|-damage|p1a: Tora|16\/100 tox\n|move|p1a: Tora|Mirror Coat|p2a: Heatran\n|-damage|p2a: Heatran|0 fnt\n|faint|p2a: Heatran\n|\n|win|Angel_Oceanpart\n|raw|Angel_Oceanpart's rating: 1270 &rarr; <strong>1297<\/strong><br \/>(+27 for winning)\n|raw|stone xo's rating: 1301 &rarr; <strong>1279<\/strong><br \/>(-22 for losing)\n|l|\u2606stone xo\n","uploadtime":1701106951,"views":3,"p1id":"angeloceanpart","p2id":"stonexo","formatid":"gen9ou","rating":1279,"private":0,"password":""}