{"id":"gen9ou-1994354034","p1":"N0GG1N","p2":"KulerCorn","format":"[Gen 9] OU","log":"|j|\u2606N0GG1N\n|j|\u2606KulerCorn\n|t:|1700434367\n|gametype|singles\n|player|p1|N0GG1N|elesa-masters|1449\n|player|p2|KulerCorn|rood|1374\n|teamsize|p1|6\n|teamsize|p2|6\n|gen|9\n|tier|[Gen 9] OU\n|rated|\n|rule|Sleep Clause Mod: Limit one foe put to sleep\n|rule|Species Clause: Limit one of each Pok\u00e9mon\n|rule|OHKO Clause: OHKO moves are banned\n|rule|Evasion Items Clause: Evasion items are banned\n|rule|Evasion Moves Clause: Evasion moves are banned\n|rule|Endless Battle Clause: Forcing endless battles is banned\n|rule|HP Percentage Mod: HP is shown in percentages\n|clearpoke\n|poke|p1|Great Tusk|\n|poke|p1|Dragapult, F|\n|poke|p1|Samurott-Hisui, M|\n|poke|p1|Alomomola, M|\n|poke|p1|Slowking-Galar, M|\n|poke|p1|Kingambit, M|\n|poke|p2|Rillaboom, M|\n|poke|p2|Ceruledge, M|\n|poke|p2|Dragapult, M|\n|poke|p2|Great Tusk|\n|poke|p2|Kingambit, F|\n|poke|p2|Thundurus-Therian, M|\n|teampreview\n|inactive|Battle timer is ON: inactive players will automatically lose when time's up. (requested by N0GG1N)\n|\n|t:|1700434381\n|start\n|switch|p1a: Dragapult|Dragapult, F|100\/100\n|switch|p2a: Ceruledge|Ceruledge, M|100\/100\n|turn|1\n|\n|t:|1700434387\n|move|p1a: Dragapult|Shadow Ball|p2a: Ceruledge\n|-supereffective|p2a: Ceruledge\n|-enditem|p2a: Ceruledge|Focus Sash\n|-damage|p2a: Ceruledge|1\/100\n|-unboost|p2a: Ceruledge|spd|1\n|move|p2a: Ceruledge|Swords Dance|p2a: Ceruledge\n|-boost|p2a: Ceruledge|atk|2\n|\n|upkeep\n|turn|2\n|\n|t:|1700434395\n|move|p2a: Ceruledge|Shadow Sneak|p1a: Dragapult\n|-supereffective|p1a: Dragapult\n|-damage|p1a: Dragapult|0 fnt\n|faint|p1a: Dragapult\n|\n|upkeep\n|c|\u2606N0GG1N|no polter huh\n|\n|t:|1700434404\n|switch|p1a: Samurott|Samurott-Hisui, M|100\/100\n|turn|3\n|c|\u2606N0GG1N|or ig\n|c|\u2606N0GG1N|it could be double stab\n|\n|t:|1700434413\n|move|p1a: Samurott|Ceaseless Edge|p2a: Ceruledge\n|-supereffective|p2a: Ceruledge\n|-damage|p2a: Ceruledge|0 fnt\n|-sidestart|p2: KulerCorn|Spikes\n|faint|p2a: Ceruledge\n|\n|upkeep\n|c|\u2606N0GG1N|triple stab i mean\n|c|\u2606N0GG1N|with no taunt utility\n|\n|t:|1700434434\n|switch|p2a: Rillaboom|Rillaboom, M|100\/100\n|-damage|p2a: Rillaboom|88\/100|[from] Spikes\n|-fieldstart|move: Grassy Terrain|[from] ability: Grassy Surge|[of] p2a: Rillaboom\n|turn|4\n|c|\u2606N0GG1N|or cc coverage\n|\n|t:|1700434442\n|switch|p1a: Kingambit|Kingambit, M|100\/100\n|-activate|p1a: Kingambit|ability: Supreme Overlord\n|-start|p1a: Kingambit|fallen1|[silent]\n|move|p2a: Rillaboom|Knock Off|p1a: Kingambit\n|-resisted|p1a: Kingambit\n|-damage|p1a: Kingambit|85\/100\n|-enditem|p1a: Kingambit|Leftovers|[from] move: Knock Off|[of] p2a: Rillaboom\n|\n|-heal|p2a: Rillaboom|94\/100|[from] Grassy Terrain\n|-heal|p1a: Kingambit|91\/100|[from] Grassy Terrain\n|upkeep\n|turn|5\n|\n|t:|1700434457\n|-end|p1a: Kingambit|fallen1|[silent]\n|switch|p1a: Samurott|Samurott-Hisui, M|100\/100\n|move|p2a: Rillaboom|Drain Punch|p1a: Samurott\n|-supereffective|p1a: Samurott\n|-damage|p1a: Samurott|34\/100\n|-heal|p2a: Rillaboom|100\/100|[from] drain|[of] p1a: Samurott\n|\n|-heal|p1a: Samurott|41\/100|[from] Grassy Terrain\n|upkeep\n|turn|6\n|c|\u2606KulerCorn|i like that pokemon\n|\n|t:|1700434466\n|switch|p1a: Alomomola|Alomomola, M|100\/100\n|move|p2a: Rillaboom|Drain Punch|p1a: Alomomola\n|-crit|p1a: Alomomola\n|-damage|p1a: Alomomola|77\/100\n|-damage|p2a: Rillaboom|84\/100|[from] item: Rocky Helmet|[of] p1a: Alomomola\n|\n|-heal|p2a: Rillaboom|90\/100|[from] Grassy Terrain\n|-heal|p1a: Alomomola|83\/100|[from] Grassy Terrain\n|upkeep\n|turn|7\n|c|\u2606N0GG1N|my team is so bad\n|c|\u2606KulerCorn|naaah\n|c|\u2606N0GG1N|has just not been working\n|inactive|N0GG1N has 120 seconds left.\n|c|\u2606N0GG1N|too passive and only having 1 mon for speed control sucks in this meta\n|c|\u2606KulerCorn|i was playing salazzle\n|c|\u2606N0GG1N|ur also 1374 elo\n|c|\u2606KulerCorn|i drop\n|c|\u2606KulerCorn|from 1500\n|c|\u2606N0GG1N|i capped like 1800 i just dropped like crazy\n|c|\u2606KulerCorn|playing salazzle\n|inactive|N0GG1N has 90 seconds left.\n|c|\u2606N0GG1N|man\n|n|!KulerCorn|kulercorn\n|c|\u2606N0GG1N|so hard to build teams\n|\n|t:|1700434548\n|-terastallize|p1a: Alomomola|Grass\n|move|p2a: Rillaboom|Grassy Glide|p1a: Alomomola\n|-resisted|p1a: Alomomola\n|-damage|p1a: Alomomola|73\/100\n|-damage|p2a: Rillaboom|74\/100|[from] item: Rocky Helmet|[of] p1a: Alomomola\n|move|p1a: Alomomola|Wish|p1a: Alomomola\n|\n|-heal|p2a: Rillaboom|80\/100|[from] Grassy Terrain\n|-heal|p1a: Alomomola|80\/100|[from] Grassy Terrain\n|upkeep\n|turn|8\n|\n|t:|1700434559\n|move|p2a: Rillaboom|Knock Off|p1a: Alomomola\n|-damage|p1a: Alomomola|62\/100\n|-damage|p2a: Rillaboom|64\/100|[from] item: Rocky Helmet|[of] p1a: Alomomola\n|-enditem|p1a: Alomomola|Rocky Helmet|[from] move: Knock Off|[of] p2a: Rillaboom\n|move|p1a: Alomomola|Flip Turn|p2a: Rillaboom\n|-resisted|p2a: Rillaboom\n|-damage|p2a: Rillaboom|54\/100\n|\n|t:|1700434563\n|switch|p1a: Samurott|Samurott-Hisui, M|41\/100|[from] Flip Turn\n|\n|-heal|p1a: Samurott|100\/100|[from] move: Wish|[wisher] Alomomola\n|-heal|p2a: Rillaboom|60\/100|[from] Grassy Terrain\n|-fieldend|move: Grassy Terrain\n|upkeep\n|turn|9\n|\n|t:|1700434571\n|switch|p1a: Alomomola|Alomomola, M, tera:Grass|95\/100\n|move|p2a: Rillaboom|Drain Punch|p1a: Alomomola\n|-damage|p1a: Alomomola|80\/100\n|-heal|p2a: Rillaboom|72\/100|[from] drain|[of] p1a: Alomomola\n|\n|upkeep\n|turn|10\n|\n|t:|1700434580\n|move|p2a: Rillaboom|U-turn|p1a: Alomomola\n|-supereffective|p1a: Alomomola\n|-damage|p1a: Alomomola|50\/100\n|\n|t:|1700434585\n|switch|p2a: Dragapult|Dragapult, M|100\/100|[from] U-turn\n|-damage|p2a: Dragapult|88\/100|[from] Spikes\n|move|p1a: Alomomola|Flip Turn|p2a: Dragapult\n|-resisted|p2a: Dragapult\n|-damage|p2a: Dragapult|78\/100\n|\n|t:|1700434588\n|switch|p1a: Samurott|Samurott-Hisui, M|100\/100|[from] Flip Turn\n|\n|upkeep\n|turn|11\n|\n|t:|1700434595\n|move|p2a: Dragapult|U-turn|p1a: Samurott\n|-supereffective|p1a: Samurott\n|-damage|p1a: Samurott|61\/100\n|\n|t:|1700434599\n|switch|p2a: Thundurus|Thundurus-Therian, M, shiny|100\/100|[from] U-turn\n|move|p1a: Samurott|Ceaseless Edge|p2a: Thundurus\n|-damage|p2a: Thundurus|31\/100\n|-sidestart|p2: KulerCorn|Spikes\n|\n|upkeep\n|turn|12\n|inactive|N0GG1N has 120 seconds left.\n|\n|t:|1700434641\n|switch|p1a: Slowking|Slowking-Galar, M|100\/100\n|move|p2a: Thundurus|Grass Knot|p1a: Slowking\n|-resisted|p1a: Slowking\n|-damage|p1a: Slowking|92\/100\n|\n|upkeep\n|turn|13\n|\n|t:|1700434648\n|switch|p2a: Kingambit|Kingambit, F|100\/100\n|-damage|p2a: Kingambit|84\/100|[from] Spikes\n|-activate|p2a: Kingambit|ability: Supreme Overlord\n|-start|p2a: Kingambit|fallen1|[silent]\n|move|p1a: Slowking|Chilly Reception|p1a: Slowking\n|-weather|Snow\n|\n|t:|1700434653\n|switch|p1a: Great Tusk|Great Tusk|100\/100|[from] Chilly Reception\n|\n|-weather|Snow|[upkeep]\n|upkeep\n|turn|14\n|\n|t:|1700434665\n|-end|p2a: Kingambit|fallen1|[silent]\n|switch|p2a: Thundurus|Thundurus-Therian, M, shiny|31\/100\n|move|p1a: Great Tusk|Stealth Rock|p2a: Thundurus\n|-sidestart|p2: KulerCorn|move: Stealth Rock\n|\n|-weather|Snow|[upkeep]\n|upkeep\n|turn|15\n|\n|t:|1700434671\n|-end|p1a: Great Tusk|Protosynthesis|[silent]\n|switch|p1a: Slowking|Slowking-Galar, M|100\/100\n|-terastallize|p2a: Thundurus|Flying\n|move|p2a: Thundurus|Tera Blast|p1a: Slowking|[anim] Tera Blast Flying\n|-damage|p1a: Slowking|62\/100\n|\n|-weather|Snow|[upkeep]\n|upkeep\n|turn|16\n|\n|t:|1700434683\n|switch|p2a: Kingambit|Kingambit, F|84\/100\n|-damage|p2a: Kingambit|68\/100|[from] Spikes\n|-damage|p2a: Kingambit|61\/100|[from] Stealth Rock\n|-activate|p2a: Kingambit|ability: Supreme Overlord\n|-start|p2a: Kingambit|fallen1|[silent]\n|move|p1a: Slowking|Sludge Bomb|p2a: Kingambit\n|-immune|p2a: Kingambit\n|\n|-weather|Snow|[upkeep]\n|upkeep\n|turn|17\n|\n|t:|1700434692\n|switch|p1a: Great Tusk|Great Tusk|100\/100\n|move|p2a: Kingambit|Swords Dance|p2a: Kingambit\n|-boost|p2a: Kingambit|atk|2\n|\n|-weather|none\n|upkeep\n|turn|18\n|\n|t:|1700434698\n|move|p1a: Great Tusk|Earthquake|p2a: Kingambit\n|-supereffective|p2a: Kingambit\n|-damage|p2a: Kingambit|0 fnt\n|faint|p2a: Kingambit\n|-end|p2a: Kingambit|fallen1|[silent]\n|\n|upkeep\n|\n|t:|1700434703\n|switch|p2a: Rillaboom|Rillaboom, M|72\/100\n|-damage|p2a: Rillaboom|56\/100|[from] Spikes\n|-damage|p2a: Rillaboom|43\/100|[from] Stealth Rock\n|-fieldstart|move: Grassy Terrain|[from] ability: Grassy Surge|[of] p2a: Rillaboom\n|turn|19\n|c|\u2606N0GG1N|you shoulda gone tusk\n|c|\u2606N0GG1N|before\n|c|\u2606N0GG1N|and now\n|c|\u2606N0GG1N|remove hazard and I don't have a spin blocker\n|\n|t:|1700434718\n|-end|p1a: Great Tusk|Protosynthesis|[silent]\n|switch|p1a: Alomomola|Alomomola, M, tera:Grass|83\/100\n|move|p2a: Rillaboom|Grassy Glide|p1a: Alomomola\n|-resisted|p1a: Alomomola\n|-damage|p1a: Alomomola|73\/100\n|\n|-heal|p2a: Rillaboom|49\/100|[from] Grassy Terrain\n|-heal|p1a: Alomomola|79\/100|[from] Grassy Terrain\n|upkeep\n|turn|20\n|\n|t:|1700434732\n|move|p2a: Rillaboom|U-turn|p1a: Alomomola\n|-supereffective|p1a: Alomomola\n|-damage|p1a: Alomomola|48\/100\n|\n|t:|1700434735\n|switch|p2a: Dragapult|Dragapult, M|78\/100|[from] U-turn\n|-damage|p2a: Dragapult|61\/100|[from] Spikes\n|-damage|p2a: Dragapult|49\/100|[from] Stealth Rock\n|move|p1a: Alomomola|Wish|p1a: Alomomola\n|\n|-heal|p2a: Dragapult|55\/100|[from] Grassy Terrain\n|-heal|p1a: Alomomola|55\/100|[from] Grassy Terrain\n|upkeep\n|turn|21\n|\n|t:|1700434746\n|switch|p1a: Samurott|Samurott-Hisui, M|61\/100\n|move|p2a: Dragapult|Flamethrower|p1a: Samurott\n|-resisted|p1a: Samurott\n|-crit|p1a: Samurott\n|-damage|p1a: Samurott|31\/100\n|\n|-heal|p1a: Samurott|100\/100|[from] move: Wish|[wisher] Alomomola\n|-heal|p2a: Dragapult|61\/100|[from] Grassy Terrain\n|upkeep\n|turn|22\n|\n|t:|1700434758\n|switch|p2a: Thundurus|Thundurus-Therian, M, shiny, tera:Flying|31\/100\n|-damage|p2a: Thundurus|6\/100|[from] Stealth Rock\n|move|p1a: Samurott|Ceaseless Edge|p2a: Thundurus\n|-damage|p2a: Thundurus|0 fnt\n|-sidestart|p2: KulerCorn|Spikes\n|faint|p2a: Thundurus\n|\n|upkeep\n|c|\u2606N0GG1N|instaed you just get hazard stacked to death now\n|\n|t:|1700434767\n|switch|p2a: Rillaboom|Rillaboom, M|49\/100\n|-damage|p2a: Rillaboom|25\/100|[from] Spikes\n|-damage|p2a: Rillaboom|12\/100|[from] Stealth Rock\n|turn|23\n|\n|t:|1700434774\n|move|p1a: Samurott|Aqua Jet|p2a: Rillaboom\n|-resisted|p2a: Rillaboom\n|-damage|p2a: Rillaboom|3\/100\n|move|p2a: Rillaboom|U-turn|p1a: Samurott\n|-supereffective|p1a: Samurott\n|-damage|p1a: Samurott|28\/100\n|\n|t:|1700434780\n|switch|p2a: Great Tusk|Great Tusk|100\/100|[from] U-turn\n|-damage|p2a: Great Tusk|76\/100|[from] Spikes\n|-damage|p2a: Great Tusk|73\/100|[from] Stealth Rock\n|-enditem|p2a: Great Tusk|Booster Energy\n|-activate|p2a: Great Tusk|ability: Protosynthesis|[fromitem]\n|-start|p2a: Great Tusk|protosynthesisspe\n|\n|-heal|p2a: Great Tusk|79\/100|[from] Grassy Terrain\n|-heal|p1a: Samurott|34\/100|[from] Grassy Terrain\n|-fieldend|move: Grassy Terrain\n|upkeep\n|turn|24\n|c|\u2606N0GG1N|dang sam did nothing\n|c|\u2606N0GG1N|oh\n|c|\u2606N0GG1N|it's no spin\n|c|\u2606N0GG1N|that's\n|c|\u2606N0GG1N|interesting\n|\n|t:|1700434805\n|move|p2a: Great Tusk|Close Combat|p1a: Samurott\n|-supereffective|p1a: Samurott\n|-damage|p1a: Samurott|0 fnt\n|-unboost|p2a: Great Tusk|def|1\n|-unboost|p2a: Great Tusk|spd|1\n|faint|p1a: Samurott\n|\n|upkeep\n|\n|t:|1700434813\n|switch|p1a: Alomomola|Alomomola, M, tera:Grass|88\/100\n|turn|25\n|\n|t:|1700434819\n|move|p2a: Great Tusk|Ice Spinner|p1a: Alomomola\n|-supereffective|p1a: Alomomola\n|-damage|p1a: Alomomola|63\/100\n|move|p1a: Alomomola|Scald|p2a: Great Tusk\n|-supereffective|p2a: Great Tusk\n|-damage|p2a: Great Tusk|27\/100\n|\n|upkeep\n|turn|26\n|-message|KulerCorn forfeited.\n|\n|win|N0GG1N\n|raw|N0GG1N's rating: 1449 &rarr; <strong>1465<\/strong><br \/>(+16 for winning)\n|raw|KulerCorn's rating: 1374 &rarr; <strong>1358<\/strong><br \/>(-16 for losing)\n|l|!KulerCorn\n","uploadtime":1700434532,"views":7,"p1id":"n0gg1n","p2id":"kulercorn","formatid":"gen9ou","rating":1358,"private":0,"password":""}