{"id":"gen9ou-1999985618","p1":"RggV","p2":"Kurosu eX","format":"[Gen 9] OU","log":"|j|\u2606RggV\n|j|\u2606Kurosu eX\n|t:|1701137817\n|gametype|singles\n|player|p1|RggV|#wcop2023latinamerica|1720\n|player|p2|Kurosu eX|alec-anime|1674\n|teamsize|p1|6\n|teamsize|p2|6\n|gen|9\n|tier|[Gen 9] OU\n|rated|\n|rule|Sleep Clause Mod: Limit one foe put to sleep\n|rule|Species Clause: Limit one of each Pok\u00e9mon\n|rule|OHKO Clause: OHKO moves are banned\n|rule|Evasion Items Clause: Evasion items are banned\n|rule|Evasion Moves Clause: Evasion moves are banned\n|rule|Endless Battle Clause: Forcing endless battles is banned\n|rule|HP Percentage Mod: HP is shown in percentages\n|clearpoke\n|poke|p1|Infernape, M|\n|poke|p1|Ribombee, M|\n|poke|p1|Gholdengo|\n|poke|p1|Manaphy|\n|poke|p1|Landorus-Therian, M|\n|poke|p1|Kommo-o, F|\n|poke|p2|Ribombee, F|\n|poke|p2|Great Tusk|\n|poke|p2|Gholdengo|\n|poke|p2|Manaphy|\n|poke|p2|Kingambit, F|\n|poke|p2|Dragapult, F|\n|teampreview\n|inactive|Battle timer is ON: inactive players will automatically lose when time's up. (requested by RggV)\n|\n|t:|1701137824\n|start\n|switch|p1a: Ribombee|Ribombee, M|100\/100\n|switch|p2a: Ribombee|Ribombee, F|100\/100\n|turn|1\n|\n|t:|1701137827\n|move|p2a: Ribombee|Stun Spore|p1a: Ribombee\n|-status|p1a: Ribombee|par\n|move|p1a: Ribombee|Moonblast|p2a: Ribombee\n|-damage|p2a: Ribombee|32\/100\n|\n|upkeep\n|turn|2\n|j| NicksRokaya\n|\n|t:|1701137833\n|move|p2a: Ribombee|Sticky Web|p1a: Ribombee\n|-sidestart|p1: RggV|move: Sticky Web\n|move|p1a: Ribombee|Sticky Web|p2a: Ribombee\n|-sidestart|p2: Kurosu eX|move: Sticky Web\n|\n|upkeep\n|turn|3\n|j| im_tr4$h\n|\n|t:|1701137837\n|move|p2a: Ribombee|Moonblast|p1a: Ribombee\n|-crit|p1a: Ribombee\n|-enditem|p1a: Ribombee|Focus Sash\n|-damage|p1a: Ribombee|1\/100 par\n|move|p1a: Ribombee|Moonblast|p2a: Ribombee\n|-damage|p2a: Ribombee|0 fnt\n|faint|p2a: Ribombee\n|\n|upkeep\n|\n|t:|1701137847\n|switch|p2a: Great Tusk|Great Tusk|100\/100\n|-activate|p2a: Great Tusk|move: Sticky Web\n|-unboost|p2a: Great Tusk|spe|1\n|-enditem|p2a: Great Tusk|Booster Energy\n|-activate|p2a: Great Tusk|ability: Protosynthesis|[fromitem]\n|-start|p2a: Great Tusk|protosynthesisatk\n|turn|4\n|l| im_tr4$h\n|\n|t:|1701137872\n|switch|p1a: McFries|Gholdengo|100\/100\n|-item|p1a: McFries|Air Balloon\n|move|p2a: Great Tusk|Ice Spinner|p1a: McFries\n|-resisted|p1a: McFries\n|-damage|p1a: McFries|80\/100\n|-enditem|p1a: McFries|Air Balloon\n|\n|upkeep\n|turn|5\n|\n|t:|1701137880\n|-end|p2a: Great Tusk|Protosynthesis|[silent]\n|switch|p2a: Kingambit|Kingambit, F|100\/100\n|-activate|p2a: Kingambit|move: Sticky Web\n|-unboost|p2a: Kingambit|spe|1\n|-activate|p2a: Kingambit|ability: Supreme Overlord\n|-start|p2a: Kingambit|fallen1|[silent]\n|move|p1a: McFries|Make It Rain|p2a: Kingambit\n|-resisted|p2a: Kingambit\n|-damage|p2a: Kingambit|61\/100\n|-unboost|p1a: McFries|spa|1\n|\n|-heal|p2a: Kingambit|67\/100|[from] item: Leftovers\n|upkeep\n|turn|6\n|\n|t:|1701137891\n|switch|p1a: Ribombee|Ribombee, M|1\/100 par\n|-activate|p1a: Ribombee|move: Sticky Web\n|-unboost|p1a: Ribombee|spe|1\n|move|p2a: Kingambit|Sucker Punch||[still]\n|-fail|p2a: Kingambit\n|\n|-heal|p2a: Kingambit|74\/100|[from] item: Leftovers\n|upkeep\n|turn|7\n|\n|t:|1701137895\n|move|p2a: Kingambit|Iron Head|p1a: Ribombee\n|-supereffective|p1a: Ribombee\n|-damage|p1a: Ribombee|0 fnt\n|faint|p1a: Ribombee\n|\n|-heal|p2a: Kingambit|80\/100|[from] item: Leftovers\n|upkeep\n|\n|t:|1701137898\n|switch|p1a: Landorus|Landorus-Therian, M|100\/100\n|-ability|p1a: Landorus|Intimidate|boost\n|-unboost|p2a: Kingambit|atk|1\n|turn|8\n|\n|t:|1701137903\n|-end|p2a: Kingambit|fallen1|[silent]\n|switch|p2a: Great Tusk|Great Tusk|100\/100\n|-activate|p2a: Great Tusk|move: Sticky Web\n|-unboost|p2a: Great Tusk|spe|1\n|move|p1a: Landorus|Bulk Up|p1a: Landorus\n|-boost|p1a: Landorus|atk|1\n|-boost|p1a: Landorus|def|1\n|\n|upkeep\n|turn|9\n|\n|t:|1701137907\n|-terastallize|p1a: Landorus|Ghost\n|move|p1a: Landorus|Bulk Up|p1a: Landorus\n|-boost|p1a: Landorus|atk|1\n|-boost|p1a: Landorus|def|1\n|move|p2a: Great Tusk|Rapid Spin|p1a: Landorus\n|-immune|p1a: Landorus\n|\n|upkeep\n|turn|10\n|\n|t:|1701137913\n|move|p1a: Landorus|Substitute|p1a: Landorus\n|-start|p1a: Landorus|Substitute\n|-damage|p1a: Landorus|76\/100\n|move|p2a: Great Tusk|Headlong Rush|p1a: Landorus\n|-end|p1a: Landorus|Substitute\n|-unboost|p2a: Great Tusk|def|1\n|-unboost|p2a: Great Tusk|spd|1\n|\n|-heal|p1a: Landorus|82\/100|[from] item: Leftovers\n|upkeep\n|turn|11\n|\n|t:|1701137918\n|move|p1a: Landorus|Bulk Up|p1a: Landorus\n|-boost|p1a: Landorus|atk|1\n|-boost|p1a: Landorus|def|1\n|move|p2a: Great Tusk|Headlong Rush|p1a: Landorus\n|-damage|p1a: Landorus|51\/100\n|-unboost|p2a: Great Tusk|def|1\n|-unboost|p2a: Great Tusk|spd|1\n|\n|-heal|p1a: Landorus|57\/100|[from] item: Leftovers\n|upkeep\n|turn|12\n|\n|t:|1701137927\n|-end|p2a: Great Tusk|Protosynthesis|[silent]\n|switch|p2a: Gholdengo|Gholdengo|100\/100\n|-item|p2a: Gholdengo|Air Balloon\n|move|p1a: Landorus|Earthquake|p2a: Gholdengo\n|-immune|p2a: Gholdengo\n|\n|-heal|p1a: Landorus|63\/100|[from] item: Leftovers\n|upkeep\n|turn|13\n|\n|t:|1701137934\n|move|p1a: Landorus|Smack Down|p2a: Gholdengo\n|-resisted|p2a: Gholdengo\n|-damage|p2a: Gholdengo|73\/100\n|-enditem|p2a: Gholdengo|Air Balloon\n|move|p2a: Gholdengo|Make It Rain|p1a: Landorus\n|-damage|p1a: Landorus|0 fnt\n|-unboost|p2a: Gholdengo|spa|1\n|faint|p1a: Landorus\n|\n|upkeep\n|\n|t:|1701137941\n|switch|p1a: Manaphy|Manaphy|100\/100\n|-activate|p1a: Manaphy|move: Sticky Web\n|-unboost|p1a: Manaphy|spe|1\n|turn|14\n|l| NicksRokaya\n|\n|t:|1701137948\n|switch|p2a: Dragapult|Dragapult, F|100\/100\n|-activate|p2a: Dragapult|move: Sticky Web\n|-fail|p2a: Dragapult|unboost|[from] ability: Clear Body|[of] p2a: Dragapult\n|move|p1a: Manaphy|Tail Glow|p1a: Manaphy\n|-boost|p1a: Manaphy|spa|3\n|\n|upkeep\n|turn|15\n|\n|t:|1701137957\n|move|p2a: Dragapult|U-turn|p1a: Manaphy\n|-damage|p1a: Manaphy|63\/100\n|\n|t:|1701137965\n|switch|p2a: Kingambit|Kingambit, F|80\/100|[from] U-turn\n|-activate|p2a: Kingambit|move: Sticky Web\n|-unboost|p2a: Kingambit|spe|1\n|-activate|p2a: Kingambit|ability: Supreme Overlord\n|-start|p2a: Kingambit|fallen1|[silent]\n|move|p1a: Manaphy|Dazzling Gleam|p2a: Kingambit\n|-damage|p2a: Kingambit|13\/100\n|\n|-heal|p1a: Manaphy|69\/100|[from] item: Leftovers\n|-heal|p2a: Kingambit|19\/100|[from] item: Leftovers\n|upkeep\n|turn|16\n|j| xxCOALLAxx\n|\n|t:|1701137971\n|move|p2a: Kingambit|Sucker Punch|p1a: Manaphy\n|-damage|p1a: Manaphy|20\/100\n|move|p1a: Manaphy|Surf|p2a: Kingambit\n|-damage|p2a: Kingambit|0 fnt\n|faint|p2a: Kingambit\n|-end|p2a: Kingambit|fallen1|[silent]\n|\n|-heal|p1a: Manaphy|26\/100|[from] item: Leftovers\n|upkeep\n|\n|t:|1701137978\n|switch|p2a: Dragapult|Dragapult, F|100\/100\n|-activate|p2a: Dragapult|move: Sticky Web\n|-fail|p2a: Dragapult|unboost|[from] ability: Clear Body|[of] p2a: Dragapult\n|turn|17\n|\n|t:|1701137987\n|move|p2a: Dragapult|Dragon Darts|p1a: Manaphy\n|-damage|p1a: Manaphy|0 fnt\n|faint|p1a: Manaphy\n|\n|upkeep\n|\n|t:|1701137989\n|switch|p1a: McFries|Gholdengo|80\/100\n|-activate|p1a: McFries|move: Sticky Web\n|-unboost|p1a: McFries|spe|1\n|turn|18\n|l| xxCOALLAxx\n|\n|t:|1701137995\n|switch|p2a: Gholdengo|Gholdengo|73\/100\n|-activate|p2a: Gholdengo|move: Sticky Web\n|-unboost|p2a: Gholdengo|spe|1\n|move|p1a: McFries|Shadow Ball|p2a: Gholdengo\n|-supereffective|p2a: Gholdengo\n|-damage|p2a: Gholdengo|0 fnt\n|faint|p2a: Gholdengo\n|\n|upkeep\n|\n|t:|1701137997\n|switch|p2a: Dragapult|Dragapult, F|100\/100\n|-activate|p2a: Dragapult|move: Sticky Web\n|-fail|p2a: Dragapult|unboost|[from] ability: Clear Body|[of] p2a: Dragapult\n|turn|19\n|\n|t:|1701138006\n|-terastallize|p2a: Dragapult|Ghost\n|move|p2a: Dragapult|Tera Blast|p1a: McFries|[anim] Tera Blast Ghost\n|-supereffective|p1a: McFries\n|-damage|p1a: McFries|0 fnt\n|faint|p1a: McFries\n|\n|upkeep\n|\n|t:|1701138009\n|switch|p1a: Kommo-o|Kommo-o, F|100\/100\n|-activate|p1a: Kommo-o|move: Sticky Web\n|-unboost|p1a: Kommo-o|spe|1\n|turn|20\n|\n|t:|1701138015\n|move|p2a: Dragapult|Tera Blast|p1a: Kommo-o|[anim] Tera Blast Ghost\n|-damage|p1a: Kommo-o|21\/100\n|move|p1a: Kommo-o|Clanging Scales|p2a: Dragapult\n|-damage|p2a: Dragapult|40\/100\n|-unboost|p1a: Kommo-o|def|1\n|-enditem|p1a: Kommo-o|Throat Spray\n|-boost|p1a: Kommo-o|spa|1|[from] item: Throat Spray\n|\n|upkeep\n|turn|21\n|j| xxCOALLAxx\n|\n|t:|1701138033\n|move|p2a: Dragapult|Tera Blast|p1a: Kommo-o|[anim] Tera Blast Ghost\n|-damage|p1a: Kommo-o|0 fnt\n|faint|p1a: Kommo-o\n|\n|upkeep\n|-message|RggV forfeited.\n|\n|win|Kurosu eX\n|raw|RggV's rating: 1720 &rarr; <strong>1697<\/strong><br \/>(-23 for losing)\n|raw|Kurosu eX's rating: 1674 &rarr; <strong>1697<\/strong><br \/>(+23 for winning)\n|l|\u2606RggV\n","uploadtime":1701138044,"views":16,"p1id":"rggv","p2id":"kurosuex","formatid":"gen9ou","rating":1697,"private":0,"password":""}