{"id":"gen9ou-1995977414","p1":"punkmag","p2":"c00lguy14","format":"[Gen 9] OU","log":"|j|\u2606punkmag\n|j|\u2606c00lguy14\n|t:|1700624429\n|gametype|singles\n|player|p1|punkmag|waitress-gen4|1388\n|player|p2|c00lguy14|265|1432\n|teamsize|p1|6\n|teamsize|p2|6\n|gen|9\n|tier|[Gen 9] OU\n|rated|\n|rule|Sleep Clause Mod: Limit one foe put to sleep\n|rule|Species Clause: Limit one of each Pok\u00e9mon\n|rule|OHKO Clause: OHKO moves are banned\n|rule|Evasion Items Clause: Evasion items are banned\n|rule|Evasion Moves Clause: Evasion moves are banned\n|rule|Endless Battle Clause: Forcing endless battles is banned\n|rule|HP Percentage Mod: HP is shown in percentages\n|clearpoke\n|poke|p1|Tinkaton, F|\n|poke|p1|Rillaboom, F|\n|poke|p1|Toxtricity, M|\n|poke|p1|Greninja-*, M|\n|poke|p1|Enamorus, F|\n|poke|p1|Iron Valiant|\n|poke|p2|Ogerpon-Wellspring, F|\n|poke|p2|Glimmora, F|\n|poke|p2|Iron Moth|\n|poke|p2|Iron Valiant|\n|poke|p2|Kingambit, M|\n|poke|p2|Zamazenta-*|\n|teampreview\n|inactive|Battle timer is ON: inactive players will automatically lose when time's up. (requested by punkmag)\n|\n|t:|1700624452\n|start\n|switch|p1a: Shurikens|Greninja, M|100\/100\n|switch|p2a: Glimmora|Glimmora, F|100\/100\n|turn|1\n|\n|t:|1700624459\n|move|p1a: Shurikens|Water Shuriken|p2a: Glimmora\n|-supereffective|p2a: Glimmora\n|-damage|p2a: Glimmora|74\/100\n|-supereffective|p2a: Glimmora\n|-damage|p2a: Glimmora|49\/100\n|-hitcount|p2a: Glimmora|2\n|-damage|p1a: Shurikens|91\/100|[from] item: Life Orb\n|move|p2a: Glimmora|Stealth Rock|p1a: Shurikens\n|-sidestart|p1: punkmag|move: Stealth Rock\n|\n|upkeep\n|turn|2\n|\n|t:|1700624471\n|move|p1a: Shurikens|Dark Pulse|p2a: Glimmora\n|-damage|p2a: Glimmora|0 fnt\n|faint|p2a: Glimmora\n|-ability|p1a: Shurikens|Battle Bond|boost\n|-boost|p1a: Shurikens|atk|1\n|-boost|p1a: Shurikens|spa|1\n|-boost|p1a: Shurikens|spe|1\n|-activate|p1a: Shurikens|ability: Battle Bond\n|-damage|p1a: Shurikens|81\/100|[from] item: Life Orb\n|\n|upkeep\n|\n|t:|1700624482\n|switch|p2a: Iron Valiant|Iron Valiant|100\/100\n|-enditem|p2a: Iron Valiant|Booster Energy\n|-activate|p2a: Iron Valiant|ability: Quark Drive|[fromitem]\n|-start|p2a: Iron Valiant|quarkdrivespe\n|turn|3\n|\n|t:|1700624497\n|move|p1a: Shurikens|Water Shuriken|p2a: Iron Valiant\n|-damage|p2a: Iron Valiant|78\/100\n|-damage|p2a: Iron Valiant|53\/100\n|-hitcount|p2a: Iron Valiant|2\n|-damage|p1a: Shurikens|71\/100|[from] item: Life Orb\n|move|p2a: Iron Valiant|Moonblast|p1a: Shurikens\n|-supereffective|p1a: Shurikens\n|-damage|p1a: Shurikens|0 fnt\n|faint|p1a: Shurikens\n|\n|upkeep\n|\n|t:|1700624511\n|switch|p1a: Amazon|Tinkaton, F|100\/100\n|-damage|p1a: Amazon|94\/100|[from] Stealth Rock\n|-ability|p1a: Amazon|Mold Breaker\n|turn|4\n|\n|t:|1700624518\n|move|p2a: Iron Valiant|Moonblast|p1a: Amazon\n|-resisted|p1a: Amazon\n|-crit|p1a: Amazon\n|-damage|p1a: Amazon|66\/100\n|move|p1a: Amazon|Thunder Wave|p2a: Iron Valiant\n|-status|p2a: Iron Valiant|par\n|\n|-heal|p1a: Amazon|72\/100|[from] item: Leftovers\n|upkeep\n|turn|5\n|\n|t:|1700624531\n|move|p1a: Amazon|Gigaton Hammer|p2a: Iron Valiant\n|-supereffective|p2a: Iron Valiant\n|-damage|p2a: Iron Valiant|0 fnt\n|faint|p2a: Iron Valiant\n|-end|p2a: Iron Valiant|Quark Drive|[silent]\n|\n|-heal|p1a: Amazon|78\/100|[from] item: Leftovers\n|upkeep\n|\n|t:|1700624537\n|switch|p2a: Iron Moth|Iron Moth|100\/100\n|-enditem|p2a: Iron Moth|Booster Energy\n|-activate|p2a: Iron Moth|ability: Quark Drive|[fromitem]\n|-start|p2a: Iron Moth|quarkdrivespe\n|turn|6\n|\n|t:|1700624544\n|move|p2a: Iron Moth|Substitute|p2a: Iron Moth\n|-start|p2a: Iron Moth|Substitute\n|-damage|p2a: Iron Moth|76\/100\n|move|p1a: Amazon|Encore|p2a: Iron Moth\n|-start|p2a: Iron Moth|Encore\n|\n|-heal|p1a: Amazon|84\/100|[from] item: Leftovers\n|upkeep\n|turn|7\n|-message|c00lguy14 forfeited.\n|\n|win|punkmag\n|raw|punkmag's rating: 1388 &rarr; <strong>1411<\/strong><br \/>(+23 for winning)\n|raw|c00lguy14's rating: 1432 &rarr; <strong>1409<\/strong><br \/>(-23 for losing)\n|l|\u2606c00lguy14\n","uploadtime":1700624560,"views":0,"p1id":"punkmag","p2id":"c00lguy14","formatid":"gen9ou","rating":1409,"private":0,"password":""}