{"id":"gen9ou-1992106539","p1":"96kBlue_Dreamer","p2":"Gallade1313","format":"[Gen 9] OU","log":"|j|\u260696kBlue_Dreamer\n|j|\u2606Gallade1313\n|t:|1700155631\n|gametype|singles\n|player|p1|96kBlue_Dreamer|iono|1455\n|player|p2|Gallade1313|101|1554\n|teamsize|p1|6\n|teamsize|p2|6\n|gen|9\n|tier|[Gen 9] OU\n|rated|\n|rule|Sleep Clause Mod: Limit one foe put to sleep\n|rule|Species Clause: Limit one of each Pok\u00e9mon\n|rule|OHKO Clause: OHKO moves are banned\n|rule|Evasion Items Clause: Evasion items are banned\n|rule|Evasion Moves Clause: Evasion moves are banned\n|rule|Endless Battle Clause: Forcing endless battles is banned\n|rule|HP Percentage Mod: HP is shown in percentages\n|clearpoke\n|poke|p1|Cinderace, F|\n|poke|p1|Toxapex, M|\n|poke|p1|Great Tusk|\n|poke|p1|Kingambit, F|\n|poke|p1|Rillaboom, F|\n|poke|p1|Iron Valiant|\n|poke|p2|Vikavolt, F|\n|poke|p2|Enamorus, F|\n|poke|p2|Great Tusk|\n|poke|p2|Gholdengo|\n|poke|p2|Kommo-o, F|\n|poke|p2|Iron Moth|\n|teampreview\n|inactive|Battle timer is ON: inactive players will automatically lose when time's up. (requested by 96kBlue_Dreamer)\n|\n|t:|1700155641\n|start\n|switch|p1a: Cinderace|Cinderace, F|100\/100\n|switch|p2a: Vicodi\u00f1o|Vikavolt, F|100\/100\n|turn|1\n|\n|t:|1700155655\n|switch|p2a: Tony Komo|Kommo-o, F|100\/100\n|move|p1a: Cinderace|Pyro Ball|p2a: Tony Komo\n|-immune|p2a: Tony Komo|[from] ability: Bulletproof\n|\n|upkeep\n|turn|2\n|\n|t:|1700155668\n|switch|p2a: Vicodi\u00f1o|Vikavolt, F|100\/100\n|move|p1a: Cinderace|U-turn|p2a: Vicodi\u00f1o\n|-start|p1a: Cinderace|typechange|Bug|[from] ability: Libero\n|-damage|p2a: Vicodi\u00f1o|56\/100\n|-damage|p1a: Cinderace|91\/100|[from] item: Life Orb\n|\n|t:|1700155692\n|switch|p1a: Iron Valiant|Iron Valiant|100\/100|[from] U-turn\n|-enditem|p1a: Iron Valiant|Booster Energy\n|-activate|p1a: Iron Valiant|ability: Quark Drive|[fromitem]\n|-start|p1a: Iron Valiant|quarkdrivespe\n|\n|upkeep\n|turn|3\n|\n|t:|1700155698\n|move|p1a: Iron Valiant|Calm Mind|p1a: Iron Valiant\n|-boost|p1a: Iron Valiant|spa|1\n|-boost|p1a: Iron Valiant|spd|1\n|move|p2a: Vicodi\u00f1o|Sticky Web|p1a: Iron Valiant\n|-sidestart|p1: 96kBlue_Dreamer|move: Sticky Web\n|\n|upkeep\n|turn|4\n|\n|t:|1700155704\n|move|p1a: Iron Valiant|Calm Mind|p1a: Iron Valiant\n|-boost|p1a: Iron Valiant|spa|1\n|-boost|p1a: Iron Valiant|spd|1\n|move|p2a: Vicodi\u00f1o|Thunder Wave|p1a: Iron Valiant\n|-status|p1a: Iron Valiant|par\n|\n|upkeep\n|turn|5\n|\n|t:|1700155713\n|cant|p1a: Iron Valiant|par\n|move|p2a: Vicodi\u00f1o|Volt Switch|p1a: Iron Valiant\n|-damage|p1a: Iron Valiant|61\/100 par\n|\n|t:|1700155720\n|switch|p2a: Pink Flyday|Enamorus, F, shiny|100\/100|[from] Volt Switch\n|\n|upkeep\n|turn|6\n|\n|t:|1700155724\n|move|p2a: Pink Flyday|Moonblast|p1a: Iron Valiant\n|-supereffective|p1a: Iron Valiant\n|-damage|p1a: Iron Valiant|0 fnt\n|faint|p1a: Iron Valiant\n|-end|p1a: Iron Valiant|Quark Drive|[silent]\n|-damage|p2a: Pink Flyday|91\/100|[from] item: Life Orb\n|\n|upkeep\n|\n|t:|1700155734\n|switch|p1a: Kingambit|Kingambit, F|100\/100\n|-activate|p1a: Kingambit|move: Sticky Web\n|-unboost|p1a: Kingambit|spe|1\n|-activate|p1a: Kingambit|ability: Supreme Overlord\n|-start|p1a: Kingambit|fallen1|[silent]\n|turn|7\n|\n|t:|1700155742\n|switch|p2a: Dentist G-Ram|Great Tusk|100\/100\n|-enditem|p2a: Dentist G-Ram|Booster Energy\n|-activate|p2a: Dentist G-Ram|ability: Protosynthesis|[fromitem]\n|-start|p2a: Dentist G-Ram|protosynthesisatk\n|move|p1a: Kingambit|Iron Head|p2a: Dentist G-Ram\n|-damage|p2a: Dentist G-Ram|65\/100\n|\n|upkeep\n|turn|8\n|\n|t:|1700155750\n|-end|p1a: Kingambit|fallen1|[silent]\n|switch|p1a: Great Tusk|Great Tusk|100\/100\n|-activate|p1a: Great Tusk|move: Sticky Web\n|-unboost|p1a: Great Tusk|spe|1\n|move|p2a: Dentist G-Ram|Rapid Spin|p1a: Great Tusk\n|-damage|p1a: Great Tusk|86\/100\n|-boost|p2a: Dentist G-Ram|spe|1\n|\n|upkeep\n|turn|9\n|\n|t:|1700155758\n|-terastallize|p2a: Dentist G-Ram|Ice\n|move|p2a: Dentist G-Ram|Ice Spinner|p1a: Great Tusk\n|-supereffective|p1a: Great Tusk\n|-damage|p1a: Great Tusk|24\/100\n|move|p1a: Great Tusk|Headlong Rush|p2a: Dentist G-Ram\n|-damage|p2a: Dentist G-Ram|17\/100\n|-unboost|p1a: Great Tusk|def|1\n|-unboost|p1a: Great Tusk|spd|1\n|\n|upkeep\n|turn|10\n|\n|t:|1700155767\n|-end|p1a: Great Tusk|Protosynthesis|[silent]\n|switch|p1a: Toxapex|Toxapex, M, shiny|100\/100\n|-activate|p1a: Toxapex|move: Sticky Web\n|-unboost|p1a: Toxapex|spe|1\n|move|p2a: Dentist G-Ram|Ice Spinner|p1a: Toxapex\n|-resisted|p1a: Toxapex\n|-damage|p1a: Toxapex|84\/100\n|-damage|p2a: Dentist G-Ram|0 fnt|[from] item: Rocky Helmet|[of] p1a: Toxapex\n|faint|p2a: Dentist G-Ram\n|-end|p2a: Dentist G-Ram|Protosynthesis|[silent]\n|\n|upkeep\n|\n|t:|1700155774\n|switch|p2a: Djengo Unrained|Gholdengo|100\/100\n|-item|p2a: Djengo Unrained|Air Balloon\n|turn|11\n|\n|t:|1700155781\n|move|p2a: Djengo Unrained|Nasty Plot|p2a: Djengo Unrained\n|-boost|p2a: Djengo Unrained|spa|2\n|move|p1a: Toxapex|Icy Wind|p2a: Djengo Unrained\n|-resisted|p2a: Djengo Unrained\n|-damage|p2a: Djengo Unrained|96\/100\n|-unboost|p2a: Djengo Unrained|spe|1\n|-enditem|p2a: Djengo Unrained|Air Balloon\n|\n|upkeep\n|turn|12\n|\n|t:|1700155786\n|move|p2a: Djengo Unrained|Psyshock|p1a: Toxapex\n|-supereffective|p1a: Toxapex\n|-damage|p1a: Toxapex|20\/100\n|move|p1a: Toxapex|Haze|p1a: Toxapex\n|-clearallboost\n|\n|upkeep\n|turn|13\n|\n|t:|1700155796\n|switch|p2a: Tony Komo|Kommo-o, F|100\/100\n|switch|p1a: Kingambit|Kingambit, F|100\/100\n|-activate|p1a: Kingambit|move: Sticky Web\n|-unboost|p1a: Kingambit|spe|1\n|-activate|p1a: Kingambit|ability: Supreme Overlord\n|-start|p1a: Kingambit|fallen1|[silent]\n|\n|upkeep\n|turn|14\n|\n|t:|1700155812\n|move|p2a: Tony Komo|Clangorous Soul|p2a: Tony Komo\n|-boost|p2a: Tony Komo|atk|1\n|-boost|p2a: Tony Komo|def|1\n|-boost|p2a: Tony Komo|spa|1\n|-boost|p2a: Tony Komo|spd|1\n|-boost|p2a: Tony Komo|spe|1\n|-damage|p2a: Tony Komo|68\/100\n|move|p1a: Kingambit|Iron Head|p2a: Tony Komo\n|-damage|p2a: Tony Komo|32\/100\n|\n|-heal|p2a: Tony Komo|38\/100|[from] item: Leftovers\n|upkeep\n|turn|15\n|inactive|96kBlue_Dreamer has 120 seconds left.\n|\n|t:|1700155842\n|-end|p1a: Kingambit|fallen1|[silent]\n|switch|p1a: Toxapex|Toxapex, M, shiny|54\/100\n|-activate|p1a: Toxapex|move: Sticky Web\n|-unboost|p1a: Toxapex|spe|1\n|move|p2a: Tony Komo|Drain Punch|p1a: Toxapex\n|-resisted|p1a: Toxapex\n|-damage|p1a: Toxapex|41\/100\n|-heal|p2a: Tony Komo|45\/100|[from] drain|[of] p1a: Toxapex\n|-damage|p2a: Tony Komo|28\/100|[from] item: Rocky Helmet|[of] p1a: Toxapex\n|\n|-heal|p2a: Tony Komo|35\/100|[from] item: Leftovers\n|upkeep\n|turn|16\n|\n|t:|1700155850\n|move|p2a: Tony Komo|Clanging Scales|p1a: Toxapex\n|-damage|p1a: Toxapex|0 fnt\n|faint|p1a: Toxapex\n|-unboost|p2a: Tony Komo|def|1\n|\n|-heal|p2a: Tony Komo|41\/100|[from] item: Leftovers\n|upkeep\n|\n|t:|1700155857\n|switch|p1a: Kingambit|Kingambit, F|100\/100\n|-activate|p1a: Kingambit|move: Sticky Web\n|-unboost|p1a: Kingambit|spe|1\n|-activate|p1a: Kingambit|ability: Supreme Overlord\n|-start|p1a: Kingambit|fallen2|[silent]\n|turn|17\n|\n|t:|1700155860\n|-terastallize|p1a: Kingambit|Flying\n|move|p2a: Tony Komo|Drain Punch|p1a: Kingambit\n|-resisted|p1a: Kingambit\n|-damage|p1a: Kingambit|86\/100\n|-heal|p2a: Tony Komo|51\/100|[from] drain|[of] p1a: Kingambit\n|move|p1a: Kingambit|Iron Head|p2a: Tony Komo\n|-damage|p2a: Tony Komo|0 fnt\n|faint|p2a: Tony Komo\n|\n|upkeep\n|\n|t:|1700155873\n|switch|p2a: Vicodi\u00f1o|Vikavolt, F|56\/100\n|turn|18\n|\n|t:|1700155877\n|move|p1a: Kingambit|Sucker Punch||[still]\n|-fail|p1a: Kingambit\n|move|p2a: Vicodi\u00f1o|Thunder Wave|p1a: Kingambit\n|-status|p1a: Kingambit|par\n|\n|upkeep\n|turn|19\n|\n|t:|1700155887\n|cant|p1a: Kingambit|par\n|move|p2a: Vicodi\u00f1o|Volt Switch|p1a: Kingambit\n|-supereffective|p1a: Kingambit\n|-damage|p1a: Kingambit|31\/100 par\n|\n|t:|1700155895\n|switch|p2a: Pink Flyday|Enamorus, F, shiny|91\/100|[from] Volt Switch\n|\n|upkeep\n|turn|20\n|\n|t:|1700155901\n|-end|p1a: Kingambit|fallen2|[silent]\n|switch|p1a: Cinderace|Cinderace, F|91\/100\n|-activate|p1a: Cinderace|move: Sticky Web\n|-unboost|p1a: Cinderace|spe|1\n|move|p2a: Pink Flyday|Moonblast|p1a: Cinderace\n|-resisted|p1a: Cinderace\n|-damage|p1a: Cinderace|43\/100\n|-unboost|p1a: Cinderace|spa|1\n|-damage|p2a: Pink Flyday|81\/100|[from] item: Life Orb\n|\n|upkeep\n|turn|21\n|\n|t:|1700155915\n|move|p1a: Cinderace|Sucker Punch|p2a: Pink Flyday\n|-start|p1a: Cinderace|typechange|Dark|[from] ability: Libero\n|-resisted|p2a: Pink Flyday\n|-damage|p2a: Pink Flyday|48\/100\n|-damage|p1a: Cinderace|33\/100|[from] item: Life Orb\n|move|p2a: Pink Flyday|Moonblast|p1a: Cinderace\n|-supereffective|p1a: Cinderace\n|-damage|p1a: Cinderace|0 fnt\n|faint|p1a: Cinderace\n|-damage|p2a: Pink Flyday|39\/100|[from] item: Life Orb\n|\n|upkeep\n|\n|t:|1700155933\n|switch|p1a: Rillaboom|Rillaboom, F, shiny|100\/100\n|-activate|p1a: Rillaboom|move: Sticky Web\n|-unboost|p1a: Rillaboom|spe|1\n|-fieldstart|move: Grassy Terrain|[from] ability: Grassy Surge|[of] p1a: Rillaboom\n|-enditem|p1a: Rillaboom|Grassy Seed\n|-boost|p1a: Rillaboom|def|1|[from] item: Grassy Seed\n|turn|22\n|\n|t:|1700155941\n|switch|p2a: Vicodi\u00f1o|Vikavolt, F|56\/100\n|move|p1a: Rillaboom|Acrobatics|p2a: Vicodi\u00f1o\n|-damage|p2a: Vicodi\u00f1o|11\/100\n|\n|upkeep\n|turn|23\n|\n|t:|1700155947\n|move|p1a: Rillaboom|Grassy Glide|p2a: Vicodi\u00f1o\n|-resisted|p2a: Vicodi\u00f1o\n|-damage|p2a: Vicodi\u00f1o|0 fnt\n|faint|p2a: Vicodi\u00f1o\n|\n|upkeep\n|\n|t:|1700155951\n|switch|p2a: Both Baby|Iron Moth|100\/100\n|-enditem|p2a: Both Baby|Booster Energy\n|-activate|p2a: Both Baby|ability: Quark Drive|[fromitem]\n|-start|p2a: Both Baby|quarkdrivespe\n|turn|24\n|\n|t:|1700155961\n|move|p2a: Both Baby|Fiery Dance|p1a: Rillaboom\n|-supereffective|p1a: Rillaboom\n|-damage|p1a: Rillaboom|1\/100\n|move|p1a: Rillaboom|Knock Off|p2a: Both Baby\n|-damage|p2a: Both Baby|67\/100\n|\n|-heal|p2a: Both Baby|73\/100|[from] Grassy Terrain\n|-heal|p1a: Rillaboom|8\/100|[from] Grassy Terrain\n|upkeep\n|turn|25\n|\n|t:|1700155970\n|move|p1a: Rillaboom|Grassy Glide|p2a: Both Baby\n|-resisted|p2a: Both Baby\n|-damage|p2a: Both Baby|57\/100\n|move|p2a: Both Baby|Fiery Dance|p1a: Rillaboom\n|-supereffective|p1a: Rillaboom\n|-damage|p1a: Rillaboom|0 fnt\n|faint|p1a: Rillaboom\n|\n|-heal|p2a: Both Baby|63\/100|[from] Grassy Terrain\n|upkeep\n|\n|t:|1700155976\n|switch|p1a: Kingambit|Kingambit, F, tera:Flying|31\/100 par\n|-activate|p1a: Kingambit|ability: Supreme Overlord\n|-start|p1a: Kingambit|fallen4|[silent]\n|turn|26\n|\n|t:|1700155981\n|-end|p2a: Both Baby|Quark Drive|[silent]\n|switch|p2a: Pink Flyday|Enamorus, F, shiny|39\/100\n|move|p1a: Kingambit|Kowtow Cleave|p2a: Pink Flyday\n|-resisted|p2a: Pink Flyday\n|-damage|p2a: Pink Flyday|0 fnt\n|faint|p2a: Pink Flyday\n|\n|-fieldend|move: Grassy Terrain\n|upkeep\n|\n|t:|1700155987\n|switch|p2a: Djengo Unrained|Gholdengo|96\/100\n|turn|27\n|\n|t:|1700155994\n|move|p2a: Djengo Unrained|Nasty Plot|p2a: Djengo Unrained\n|-boost|p2a: Djengo Unrained|spa|2\n|move|p1a: Kingambit|Kowtow Cleave|p2a: Djengo Unrained\n|-supereffective|p2a: Djengo Unrained\n|-damage|p2a: Djengo Unrained|0 fnt\n|faint|p2a: Djengo Unrained\n|\n|upkeep\n|\n|t:|1700155996\n|switch|p2a: Both Baby|Iron Moth|63\/100\n|turn|28\n|\n|t:|1700156005\n|cant|p1a: Kingambit|par\n|move|p2a: Both Baby|Fiery Dance|p1a: Kingambit\n|-damage|p1a: Kingambit|4\/100 par\n|-boost|p2a: Both Baby|spa|1\n|\n|upkeep\n|turn|29\n|\n|t:|1700156016\n|move|p1a: Kingambit|Sucker Punch|p2a: Both Baby\n|-damage|p2a: Both Baby|0 fnt\n|faint|p2a: Both Baby\n|-end|p2a: Both Baby|Quark Drive|[silent]\n|\n|win|96kBlue_Dreamer\n|raw|96kBlue_Dreamer's rating: 1455 &rarr; <strong>1481<\/strong><br \/>(+26 for winning)\n|raw|Gallade1313's rating: 1554 &rarr; <strong>1528<\/strong><br \/>(-26 for losing)\n|c|\u2606Gallade1313|ggwp\n|c|\u260696kBlue_Dreamer|Gg\n","uploadtime":1700156025,"views":11,"p1id":"96kbluedreamer","p2id":"gallade1313","formatid":"gen9ou","rating":1481,"private":0,"password":""}