{"id":"gen9ou-1989226088","p1":"pinkerthanfloyd","p2":"kd458","format":"[Gen 9] OU","log":"|j|\u2606pinkerthanfloyd\n|j|\u2606kd458\n|t:|1699825430\n|gametype|singles\n|player|p1|pinkerthanfloyd|brycen|1678\n|player|p2|kd458|cynthia-masters3|1645\n|teamsize|p1|6\n|teamsize|p2|6\n|gen|9\n|tier|[Gen 9] OU\n|rated|\n|rule|Sleep Clause Mod: Limit one foe put to sleep\n|rule|Species Clause: Limit one of each Pok\u00e9mon\n|rule|OHKO Clause: OHKO moves are banned\n|rule|Evasion Items Clause: Evasion items are banned\n|rule|Evasion Moves Clause: Evasion moves are banned\n|rule|Endless Battle Clause: Forcing endless battles is banned\n|rule|HP Percentage Mod: HP is shown in percentages\n|clearpoke\n|poke|p1|Blissey, F|\n|poke|p1|Corviknight, F|\n|poke|p1|Alomomola, F|\n|poke|p1|Landorus-Therian, M|\n|poke|p1|Dondozo, M|\n|poke|p1|Ting-Lu|\n|poke|p2|Tyranitar, M|\n|poke|p2|Hydreigon, M|\n|poke|p2|Mandibuzz, F|\n|poke|p2|Clefable, F|\n|poke|p2|Gholdengo|\n|poke|p2|Landorus-Therian, M|\n|teampreview\n|inactive|Battle timer is ON: inactive players will automatically lose when time's up. (requested by kd458)\n|j| Meditate Golisopod\n|j| Jan7498\n|j| Lilcapo913\n|l| Lilcapo913\n|inactive|pinkerthanfloyd has 120 seconds left.\n|\n|t:|1699825473\n|start\n|switch|p1a: alomomomomomola|Alomomola, F|100\/100\n|switch|p2a: Big Funds|Tyranitar, M|100\/100\n|-weather|Sandstorm|[from] ability: Sand Stream|[of] p2a: Big Funds\n|turn|1\n|\n|t:|1699825495\n|move|p2a: Big Funds|Stealth Rock|p1a: alomomomomomola\n|-sidestart|p1: pinkerthanfloyd|move: Stealth Rock\n|move|p1a: alomomomomomola|Whirlpool|p2a: Big Funds\n|-supereffective|p2a: Big Funds\n|-damage|p2a: Big Funds|95\/100\n|-activate|p2a: Big Funds|move: Whirlpool|[of] p1a: alomomomomomola\n|\n|-weather|Sandstorm|[upkeep]\n|-damage|p1a: alomomomomomola|94\/100|[from] Sandstorm\n|-damage|p2a: Big Funds|82\/100|[from] move: Whirlpool|[partiallytrapped]\n|upkeep\n|turn|2\n|\n|t:|1699825503\n|move|p1a: alomomomomomola|Protect|p1a: alomomomomomola\n|-singleturn|p1a: alomomomomomola|Protect\n|move|p2a: Big Funds|Knock Off|p1a: alomomomomomola\n|-activate|p1a: alomomomomomola|move: Protect\n|\n|-weather|Sandstorm|[upkeep]\n|-damage|p1a: alomomomomomola|88\/100|[from] Sandstorm\n|-damage|p2a: Big Funds|70\/100|[from] move: Whirlpool|[partiallytrapped]\n|upkeep\n|turn|3\n|\n|t:|1699825508\n|move|p2a: Big Funds|Knock Off|p1a: alomomomomomola\n|-damage|p1a: alomomomomomola|64\/100\n|-enditem|p1a: alomomomomomola|Heavy-Duty Boots|[from] move: Knock Off|[of] p2a: Big Funds\n|move|p1a: alomomomomomola|Whirlpool|p2a: Big Funds\n|-supereffective|p2a: Big Funds\n|-damage|p2a: Big Funds|64\/100\n|\n|-weather|Sandstorm|[upkeep]\n|-damage|p1a: alomomomomomola|58\/100|[from] Sandstorm\n|-damage|p2a: Big Funds|51\/100|[from] move: Whirlpool|[partiallytrapped]\n|upkeep\n|turn|4\n|\n|t:|1699825515\n|move|p2a: Big Funds|Taunt|p1a: alomomomomomola\n|-start|p1a: alomomomomomola|move: Taunt\n|cant|p1a: alomomomomomola|move: Taunt|Wish\n|\n|-weather|Sandstorm|[upkeep]\n|-damage|p1a: alomomomomomola|52\/100|[from] Sandstorm\n|-damage|p2a: Big Funds|39\/100|[from] move: Whirlpool|[partiallytrapped]\n|upkeep\n|turn|5\n|\n|t:|1699825519\n|move|p2a: Big Funds|Knock Off|p1a: alomomomomomola\n|-damage|p1a: alomomomomomola|36\/100\n|move|p1a: alomomomomomola|Flip Turn|p2a: Big Funds\n|-supereffective|p2a: Big Funds\n|-damage|p2a: Big Funds|13\/100\n|\n|t:|1699825528\n|switch|p1a: Landorus|Landorus-Therian, M|100\/100|[from] Flip Turn\n|-damage|p1a: Landorus|88\/100|[from] Stealth Rock\n|-ability|p1a: Landorus|Intimidate|boost\n|-unboost|p2a: Big Funds|atk|1\n|\n|-weather|none\n|-end|p2a: Big Funds|Whirlpool|[partiallytrapped]|[silent]\n|upkeep\n|turn|6\n|j| twowhispers\n|\n|t:|1699825535\n|switch|p2a: FlyClef Jean|Clefable, F|100\/100\n|move|p1a: Landorus|U-turn|p2a: FlyClef Jean\n|-resisted|p2a: FlyClef Jean\n|-damage|p2a: FlyClef Jean|85\/100\n|\n|t:|1699825541\n|switch|p1a: saucepan deer|Ting-Lu|100\/100|[from] U-turn\n|-ability|p1a: saucepan deer|Vessel of Ruin\n|\n|-heal|p2a: FlyClef Jean|91\/100|[from] item: Leftovers\n|upkeep\n|turn|7\n|l| Jan7498\n|\n|t:|1699825550\n|move|p2a: FlyClef Jean|Knock Off|p1a: saucepan deer\n|-resisted|p1a: saucepan deer\n|-damage|p1a: saucepan deer|96\/100\n|-enditem|p1a: saucepan deer|Heavy-Duty Boots|[from] move: Knock Off|[of] p2a: FlyClef Jean\n|move|p1a: saucepan deer|Spikes|p2a: FlyClef Jean\n|-sidestart|p2: kd458|Spikes\n|\n|-heal|p2a: FlyClef Jean|97\/100|[from] item: Leftovers\n|upkeep\n|turn|8\n|j| Jan7498\n|c| twowhispers|Stall players deserve to lose\n|\n|t:|1699825559\n|move|p2a: FlyClef Jean|Moonblast|p1a: saucepan deer\n|-supereffective|p1a: saucepan deer\n|-damage|p1a: saucepan deer|68\/100\n|move|p1a: saucepan deer|Stealth Rock|p2a: FlyClef Jean\n|-sidestart|p2: kd458|move: Stealth Rock\n|\n|-heal|p2a: FlyClef Jean|100\/100|[from] item: Leftovers\n|upkeep\n|turn|9\n|c|\u2606kd458|i have ttar hydreigon you may be on the wrong side of history for this game\n|j| MarburgCOVEbola\n|\n|t:|1699825577\n|switch|p1a: Corviknight|Corviknight, F|100\/100\n|-damage|p1a: Corviknight|88\/100|[from] Stealth Rock\n|-ability|p1a: Corviknight|Pressure\n|move|p2a: FlyClef Jean|Wish|p2a: FlyClef Jean\n|\n|-heal|p1a: Corviknight|94\/100|[from] item: Leftovers\n|upkeep\n|turn|10\n|\n|t:|1699825595\n|move|p1a: Corviknight|Brave Bird|p2a: FlyClef Jean\n|-damage|p2a: FlyClef Jean|58\/100\n|-damage|p1a: Corviknight|80\/100|[from] Recoil\n|move|p2a: FlyClef Jean|Knock Off|p1a: Corviknight\n|-damage|p1a: Corviknight|69\/100\n|-enditem|p1a: Corviknight|Leftovers|[from] move: Knock Off|[of] p2a: FlyClef Jean\n|\n|-heal|p2a: FlyClef Jean|100\/100|[from] move: Wish|[wisher] FlyClef Jean\n|upkeep\n|turn|11\n|\n|t:|1699825608\n|move|p1a: Corviknight|Brave Bird|p2a: FlyClef Jean\n|-damage|p2a: FlyClef Jean|58\/100\n|-damage|p1a: Corviknight|56\/100|[from] Recoil\n|move|p2a: FlyClef Jean|Wish|p2a: FlyClef Jean\n|\n|-heal|p2a: FlyClef Jean|64\/100|[from] item: Leftovers\n|upkeep\n|turn|12\n|\n|t:|1699825625\n|switch|p2a: Bank Account|Gholdengo|100\/100\n|-damage|p2a: Bank Account|88\/100|[from] Spikes\n|-damage|p2a: Bank Account|82\/100|[from] Stealth Rock\n|move|p1a: Corviknight|Roost|p1a: Corviknight\n|-heal|p1a: Corviknight|100\/100\n|-singleturn|p1a: Corviknight|move: Roost\n|\n|-heal|p2a: Bank Account|100\/100|[from] move: Wish|[wisher] FlyClef Jean\n|upkeep\n|turn|13\n|\n|t:|1699825635\n|switch|p1a: saucepan deer|Ting-Lu|68\/100\n|-damage|p1a: saucepan deer|62\/100|[from] Stealth Rock\n|-ability|p1a: saucepan deer|Vessel of Ruin\n|move|p2a: Bank Account|Nasty Plot|p2a: Bank Account\n|-boost|p2a: Bank Account|spa|2\n|\n|upkeep\n|turn|14\n|\n|t:|1699825663\n|move|p2a: Bank Account|Nasty Plot|p2a: Bank Account\n|-boost|p2a: Bank Account|spa|2\n|move|p1a: saucepan deer|Earthquake|p2a: Bank Account\n|-supereffective|p2a: Bank Account\n|-damage|p2a: Bank Account|43\/100\n|\n|upkeep\n|turn|15\n|l| MarburgCOVEbola\n|\n|t:|1699825675\n|-terastallize|p2a: Bank Account|Fairy\n|move|p2a: Bank Account|Dazzling Gleam|p1a: saucepan deer\n|-supereffective|p1a: saucepan deer\n|-damage|p1a: saucepan deer|0 fnt\n|faint|p1a: saucepan deer\n|\n|upkeep\n|l| Jan7498\n|c|\u2606pinkerthanfloyd|you got psyshock right?\n|\n|t:|1699825695\n|switch|p1a: Landorus|Landorus-Therian, M|88\/100\n|-damage|p1a: Landorus|75\/100|[from] Stealth Rock\n|-ability|p1a: Landorus|Intimidate|boost\n|-unboost|p2a: Bank Account|atk|1\n|turn|16\n|\n|t:|1699825713\n|switch|p2a: OU Dog|Landorus-Therian, M|100\/100\n|-damage|p2a: OU Dog|88\/100|[from] Stealth Rock\n|-ability|p2a: OU Dog|Intimidate|boost\n|-unboost|p1a: Landorus|atk|1\n|-terastallize|p1a: Landorus|Flying\n|move|p1a: Landorus|Tera Blast|p2a: OU Dog|[anim] Tera Blast Flying\n|-damage|p2a: OU Dog|41\/100\n|\n|upkeep\n|turn|17\n|\n|t:|1699825723\n|move|p1a: Landorus|Tera Blast|p2a: OU Dog|[anim] Tera Blast Flying\n|-damage|p2a: OU Dog|0 fnt\n|faint|p2a: OU Dog\n|\n|upkeep\n|\n|t:|1699825727\n|switch|p2a: Buzz Saw|Mandibuzz, F|100\/100\n|turn|18\n|\n|t:|1699825736\n|switch|p1a: alomomomomomola|Alomomola, F|69\/100\n|-damage|p1a: alomomomomomola|57\/100|[from] Stealth Rock\n|move|p2a: Buzz Saw|Foul Play|p1a: alomomomomomola\n|-damage|p1a: alomomomomomola|43\/100\n|\n|upkeep\n|turn|19\n|\n|t:|1699825739\n|move|p2a: Buzz Saw|Toxic|p1a: alomomomomomola\n|-status|p1a: alomomomomomola|tox\n|move|p1a: alomomomomomola|Wish|p1a: alomomomomomola\n|\n|-damage|p1a: alomomomomomola|36\/100 tox|[from] psn\n|upkeep\n|turn|20\n|\n|t:|1699825751\n|switch|p2a: Bank Account|Gholdengo, tera:Fairy|43\/100\n|-damage|p2a: Bank Account|30\/100|[from] Spikes\n|-damage|p2a: Bank Account|18\/100|[from] Stealth Rock\n|move|p1a: alomomomomomola|Flip Turn|p2a: Bank Account\n|-damage|p2a: Bank Account|7\/100\n|\n|t:|1699825758\n|switch|p1a: Landorus|Landorus-Therian, M, tera:Flying|75\/100|[from] Flip Turn\n|-damage|p1a: Landorus|50\/100|[from] Stealth Rock\n|-ability|p1a: Landorus|Intimidate|boost\n|-unboost|p2a: Bank Account|atk|1\n|\n|-heal|p1a: Landorus|100\/100|[from] move: Wish|[wisher] alomomomomomola\n|upkeep\n|turn|21\n|\n|t:|1699825763\n|move|p1a: Landorus|Tera Blast|p2a: Bank Account|[anim] Tera Blast Flying\n|-damage|p2a: Bank Account|0 fnt\n|faint|p2a: Bank Account\n|\n|upkeep\n|\n|t:|1699825766\n|switch|p2a: Buzz Saw|Mandibuzz, F|100\/100\n|turn|22\n|\n|t:|1699825771\n|switch|p1a: Corviknight|Corviknight, F|100\/100\n|-damage|p1a: Corviknight|88\/100|[from] Stealth Rock\n|-ability|p1a: Corviknight|Pressure\n|switch|p2a: 3 Headed Snake|Hydreigon, M|100\/100\n|-damage|p2a: 3 Headed Snake|88\/100|[from] Stealth Rock\n|\n|-heal|p2a: 3 Headed Snake|94\/100|[from] item: Leftovers\n|upkeep\n|turn|23\n|\n|t:|1699825783\n|move|p2a: 3 Headed Snake|Substitute|p2a: 3 Headed Snake\n|-start|p2a: 3 Headed Snake|Substitute\n|-damage|p2a: 3 Headed Snake|70\/100\n|move|p1a: Corviknight|U-turn|p2a: 3 Headed Snake\n|-supereffective|p2a: 3 Headed Snake\n|-end|p2a: 3 Headed Snake|Substitute\n|\n|t:|1699825786\n|switch|p1a: Landorus|Landorus-Therian, M, tera:Flying|100\/100|[from] U-turn\n|-damage|p1a: Landorus|75\/100|[from] Stealth Rock\n|-ability|p1a: Landorus|Intimidate|boost\n|-unboost|p2a: 3 Headed Snake|atk|1\n|\n|-heal|p2a: 3 Headed Snake|76\/100|[from] item: Leftovers\n|upkeep\n|turn|24\n|\n|t:|1699825796\n|move|p1a: Landorus|U-turn|p2a: 3 Headed Snake\n|-supereffective|p2a: 3 Headed Snake\n|-damage|p2a: 3 Headed Snake|14\/100\n|\n|t:|1699825804\n|switch|p1a: Corviknight|Corviknight, F|88\/100|[from] U-turn\n|-damage|p1a: Corviknight|75\/100|[from] Stealth Rock\n|-ability|p1a: Corviknight|Pressure\n|move|p2a: 3 Headed Snake|Dark Pulse|p1a: Corviknight\n|-damage|p1a: Corviknight|39\/100\n|\n|-heal|p2a: 3 Headed Snake|21\/100|[from] item: Leftovers\n|upkeep\n|turn|25\n|\n|t:|1699825812\n|move|p2a: 3 Headed Snake|Dark Pulse|p1a: Corviknight\n|-damage|p1a: Corviknight|1\/100\n|move|p1a: Corviknight|Roost|p1a: Corviknight\n|-heal|p1a: Corviknight|51\/100\n|-singleturn|p1a: Corviknight|move: Roost\n|\n|-heal|p2a: 3 Headed Snake|27\/100|[from] item: Leftovers\n|upkeep\n|turn|26\n|\n|t:|1699825817\n|move|p2a: 3 Headed Snake|Dark Pulse|p1a: Corviknight\n|-damage|p1a: Corviknight|10\/100\n|move|p1a: Corviknight|Roost|p1a: Corviknight\n|-heal|p1a: Corviknight|60\/100\n|-singleturn|p1a: Corviknight|move: Roost\n|\n|-heal|p2a: 3 Headed Snake|33\/100|[from] item: Leftovers\n|upkeep\n|turn|27\n|\n|t:|1699825823\n|switch|p1a: wall of flesh|Blissey, F|100\/100\n|move|p2a: 3 Headed Snake|Dark Pulse|p1a: wall of flesh\n|-damage|p1a: wall of flesh|89\/100\n|\n|-heal|p2a: 3 Headed Snake|39\/100|[from] item: Leftovers\n|upkeep\n|turn|28\n|\n|t:|1699825829\n|switch|p2a: FlyClef Jean|Clefable, F|64\/100\n|move|p1a: wall of flesh|Calm Mind|p1a: wall of flesh\n|-boost|p1a: wall of flesh|spa|1\n|-boost|p1a: wall of flesh|spd|1\n|\n|-heal|p2a: FlyClef Jean|71\/100|[from] item: Leftovers\n|upkeep\n|turn|29\n|\n|t:|1699825836\n|move|p1a: wall of flesh|Shadow Ball|p2a: FlyClef Jean\n|-damage|p2a: FlyClef Jean|56\/100\n|-unboost|p2a: FlyClef Jean|spd|1\n|move|p2a: FlyClef Jean|Knock Off|p1a: wall of flesh\n|-damage|p1a: wall of flesh|55\/100\n|-enditem|p1a: wall of flesh|Heavy-Duty Boots|[from] move: Knock Off|[of] p2a: FlyClef Jean\n|\n|-heal|p2a: FlyClef Jean|62\/100|[from] item: Leftovers\n|upkeep\n|turn|30\n|\n|t:|1699825845\n|switch|p2a: Buzz Saw|Mandibuzz, F|100\/100\n|move|p1a: wall of flesh|Shadow Ball|p2a: Buzz Saw\n|-resisted|p2a: Buzz Saw\n|-damage|p2a: Buzz Saw|92\/100\n|\n|upkeep\n|turn|31\n|j| MarburgCOVEbola\n|\n|t:|1699825854\n|switch|p2a: 3 Headed Snake|Hydreigon, M|39\/100\n|-damage|p2a: 3 Headed Snake|27\/100|[from] Stealth Rock\n|switch|p1a: Corviknight|Corviknight, F|60\/100\n|-damage|p1a: Corviknight|48\/100|[from] Stealth Rock\n|-ability|p1a: Corviknight|Pressure\n|\n|-heal|p2a: 3 Headed Snake|33\/100|[from] item: Leftovers\n|upkeep\n|turn|32\n|\n|t:|1699825861\n|move|p2a: 3 Headed Snake|Dark Pulse|p1a: Corviknight\n|-damage|p1a: Corviknight|9\/100\n|move|p1a: Corviknight|U-turn|p2a: 3 Headed Snake\n|-supereffective|p2a: 3 Headed Snake\n|-damage|p2a: 3 Headed Snake|0 fnt\n|faint|p2a: 3 Headed Snake\n|\n|t:|1699825871\n|switch|p1a: alomomomomomola|Alomomola, F|70\/100 tox|[from] U-turn\n|-damage|p1a: alomomomomomola|57\/100 tox|[from] Stealth Rock\n|\n|-damage|p1a: alomomomomomola|51\/100 tox|[from] psn\n|upkeep\n|\n|t:|1699825889\n|switch|p2a: Big Funds|Tyranitar, M|13\/100\n|-weather|Sandstorm|[from] ability: Sand Stream|[of] p2a: Big Funds\n|turn|33\n|\n|t:|1699825895\n|switch|p2a: Buzz Saw|Mandibuzz, F|92\/100\n|move|p1a: alomomomomomola|Flip Turn|p2a: Buzz Saw\n|-damage|p2a: Buzz Saw|83\/100\n|\n|t:|1699825903\n|switch|p1a: shitted myself|Dondozo, M|100\/100|[from] Flip Turn\n|\n|-weather|Sandstorm|[upkeep]\n|-damage|p1a: shitted myself|94\/100|[from] Sandstorm\n|upkeep\n|turn|34\n|\n|t:|1699825914\n|move|p2a: Buzz Saw|Toxic|p1a: shitted myself\n|-status|p1a: shitted myself|tox\n|move|p1a: shitted myself|Avalanche|p2a: Buzz Saw\n|-supereffective|p2a: Buzz Saw\n|-damage|p2a: Buzz Saw|66\/100\n|\n|-weather|Sandstorm|[upkeep]\n|-damage|p1a: shitted myself|88\/100 tox|[from] Sandstorm\n|-damage|p1a: shitted myself|82\/100 tox|[from] psn\n|upkeep\n|turn|35\n|\n|t:|1699825920\n|switch|p2a: FlyClef Jean|Clefable, F|62\/100\n|move|p1a: shitted myself|Body Press|p2a: FlyClef Jean\n|-resisted|p2a: FlyClef Jean\n|-damage|p2a: FlyClef Jean|47\/100\n|\n|-weather|Sandstorm|[upkeep]\n|-damage|p1a: shitted myself|76\/100 tox|[from] Sandstorm\n|-heal|p2a: FlyClef Jean|54\/100|[from] item: Leftovers\n|-damage|p1a: shitted myself|64\/100 tox|[from] psn\n|upkeep\n|turn|36\n|\n|t:|1699825937\n|switch|p1a: alomomomomomola|Alomomola, F|85\/100 tox\n|-damage|p1a: alomomomomomola|72\/100 tox|[from] Stealth Rock\n|move|p2a: FlyClef Jean|Wish|p2a: FlyClef Jean\n|\n|-weather|Sandstorm|[upkeep]\n|-damage|p1a: alomomomomomola|66\/100 tox|[from] Sandstorm\n|-heal|p2a: FlyClef Jean|60\/100|[from] item: Leftovers\n|-damage|p1a: alomomomomomola|60\/100 tox|[from] psn\n|upkeep\n|turn|37\n|\n|t:|1699825943\n|move|p2a: FlyClef Jean|Moonblast|p1a: alomomomomomola\n|-damage|p1a: alomomomomomola|21\/100 tox\n|move|p1a: alomomomomomola|Wish|p1a: alomomomomomola\n|\n|-weather|none\n|-heal|p2a: FlyClef Jean|100\/100|[from] move: Wish|[wisher] FlyClef Jean\n|-damage|p1a: alomomomomomola|9\/100 tox|[from] psn\n|upkeep\n|turn|38\n|\n|t:|1699825956\n|switch|p1a: wall of flesh|Blissey, F|55\/100\n|-damage|p1a: wall of flesh|43\/100|[from] Stealth Rock\n|move|p2a: FlyClef Jean|Knock Off|p1a: wall of flesh\n|-damage|p1a: wall of flesh|21\/100\n|\n|-heal|p1a: wall of flesh|58\/100|[from] move: Wish|[wisher] alomomomomomola\n|upkeep\n|turn|39\n|\n|t:|1699825964\n|switch|p2a: Buzz Saw|Mandibuzz, F|66\/100\n|move|p1a: wall of flesh|Soft-Boiled|p1a: wall of flesh\n|-heal|p1a: wall of flesh|100\/100\n|\n|upkeep\n|turn|40\n|\n|t:|1699825970\n|move|p1a: wall of flesh|Protect|p1a: wall of flesh\n|-singleturn|p1a: wall of flesh|Protect\n|move|p2a: Buzz Saw|Roost|p2a: Buzz Saw\n|-heal|p2a: Buzz Saw|100\/100\n|-singleturn|p2a: Buzz Saw|move: Roost\n|\n|upkeep\n|turn|41\n|\n|t:|1699825979\n|switch|p1a: shitted myself|Dondozo, M|64\/100 tox\n|move|p2a: Buzz Saw|Toxic|p1a: shitted myself\n|-fail|p1a: shitted myself|tox\n|\n|-damage|p1a: shitted myself|57\/100 tox|[from] psn\n|upkeep\n|turn|42\n|j| debilos\n|j| Electronno\n|\n|t:|1699825993\n|switch|p2a: FlyClef Jean|Clefable, F|100\/100\n|move|p1a: shitted myself|Rest|p1a: shitted myself\n|-status|p1a: shitted myself|slp|[from] move: Rest\n|-heal|p1a: shitted myself|100\/100 slp|[silent]\n|\n|upkeep\n|turn|43\n|\n|t:|1699826005\n|move|p2a: FlyClef Jean|Moonblast|p1a: shitted myself\n|-damage|p1a: shitted myself|68\/100 slp\n|cant|p1a: shitted myself|slp\n|move|p1a: shitted myself|Sleep Talk|p1a: shitted myself\n|move|p1a: shitted myself|Body Press|p2a: FlyClef Jean|[from]move: Sleep Talk\n|-resisted|p2a: FlyClef Jean\n|-damage|p2a: FlyClef Jean|84\/100\n|\n|-heal|p2a: FlyClef Jean|90\/100|[from] item: Leftovers\n|upkeep\n|turn|44\n|\n|t:|1699826013\n|switch|p1a: wall of flesh|Blissey, F|100\/100\n|-damage|p1a: wall of flesh|88\/100|[from] Stealth Rock\n|move|p2a: FlyClef Jean|Moonblast|p1a: wall of flesh\n|-damage|p1a: wall of flesh|80\/100\n|\n|-heal|p2a: FlyClef Jean|96\/100|[from] item: Leftovers\n|upkeep\n|turn|45\n|\n|t:|1699826025\n|move|p1a: wall of flesh|Calm Mind|p1a: wall of flesh\n|-boost|p1a: wall of flesh|spa|1\n|-boost|p1a: wall of flesh|spd|1\n|move|p2a: FlyClef Jean|Wish|p2a: FlyClef Jean\n|\n|-heal|p2a: FlyClef Jean|100\/100|[from] item: Leftovers\n|upkeep\n|turn|46\n|\n|t:|1699826041\n|switch|p2a: Big Funds|Tyranitar, M|13\/100\n|-weather|Sandstorm|[from] ability: Sand Stream|[of] p2a: Big Funds\n|move|p1a: wall of flesh|Shadow Ball|p2a: Big Funds\n|-resisted|p2a: Big Funds\n|-damage|p2a: Big Funds|8\/100\n|\n|-weather|Sandstorm|[upkeep]\n|-damage|p1a: wall of flesh|74\/100|[from] Sandstorm\n|-heal|p2a: Big Funds|57\/100|[from] move: Wish|[wisher] FlyClef Jean\n|upkeep\n|turn|47\n|\n|t:|1699826052\n|switch|p1a: shitted myself|Dondozo, M|68\/100 slp\n|move|p2a: Big Funds|Knock Off|p1a: shitted myself\n|-damage|p1a: shitted myself|48\/100 slp\n|-enditem|p1a: shitted myself|Heavy-Duty Boots|[from] move: Knock Off|[of] p2a: Big Funds\n|\n|-weather|Sandstorm|[upkeep]\n|-damage|p1a: shitted myself|42\/100 slp|[from] Sandstorm\n|upkeep\n|turn|48\n|\n|t:|1699826057\n|switch|p2a: FlyClef Jean|Clefable, F|100\/100\n|cant|p1a: shitted myself|slp\n|move|p1a: shitted myself|Sleep Talk|p1a: shitted myself\n|move|p1a: shitted myself|Avalanche|p2a: FlyClef Jean|[from]move: Sleep Talk\n|-damage|p2a: FlyClef Jean|83\/100\n|\n|-weather|Sandstorm|[upkeep]\n|-damage|p1a: shitted myself|36\/100 slp|[from] Sandstorm\n|-heal|p2a: FlyClef Jean|90\/100|[from] item: Leftovers\n|upkeep\n|turn|49\n|\n|t:|1699826062\n|switch|p1a: wall of flesh|Blissey, F|74\/100\n|-damage|p1a: wall of flesh|61\/100|[from] Stealth Rock\n|move|p2a: FlyClef Jean|Moonblast|p1a: wall of flesh\n|-damage|p1a: wall of flesh|53\/100\n|\n|-weather|Sandstorm|[upkeep]\n|-damage|p1a: wall of flesh|47\/100|[from] Sandstorm\n|-heal|p2a: FlyClef Jean|96\/100|[from] item: Leftovers\n|upkeep\n|turn|50\n|\n|t:|1699826068\n|move|p1a: wall of flesh|Soft-Boiled|p1a: wall of flesh\n|-heal|p1a: wall of flesh|97\/100\n|move|p2a: FlyClef Jean|Wish|p2a: FlyClef Jean\n|\n|-weather|none\n|-heal|p2a: FlyClef Jean|100\/100|[from] item: Leftovers\n|upkeep\n|turn|51\n|\n|t:|1699826076\n|switch|p1a: alomomomomomola|Alomomola, F|42\/100 tox\n|-damage|p1a: alomomomomomola|30\/100 tox|[from] Stealth Rock\n|move|p2a: FlyClef Jean|Moonblast|p1a: alomomomomomola\n|-damage|p1a: alomomomomomola|0 fnt\n|faint|p1a: alomomomomomola\n|\n|upkeep\n|\n|t:|1699826097\n|switch|p1a: wall of flesh|Blissey, F|97\/100\n|-damage|p1a: wall of flesh|84\/100|[from] Stealth Rock\n|turn|52\n|\n|t:|1699826108\n|switch|p1a: Landorus|Landorus-Therian, M, tera:Flying|75\/100\n|-damage|p1a: Landorus|50\/100|[from] Stealth Rock\n|-ability|p1a: Landorus|Intimidate|boost\n|-unboost|p2a: FlyClef Jean|atk|1\n|move|p2a: FlyClef Jean|Wish|p2a: FlyClef Jean\n|\n|upkeep\n|turn|53\n|j| Lukisonic23\n|l| Lukisonic23\n|inactive|kd458 has 120 seconds left.\n|\n|t:|1699826145\n|move|p1a: Landorus|Earthquake|p2a: FlyClef Jean\n|-damage|p2a: FlyClef Jean|41\/100\n|move|p2a: FlyClef Jean|Moonblast|p1a: Landorus\n|-damage|p1a: Landorus|9\/100\n|\n|-heal|p2a: FlyClef Jean|91\/100|[from] move: Wish|[wisher] FlyClef Jean\n|-heal|p2a: FlyClef Jean|97\/100|[from] item: Leftovers\n|upkeep\n|turn|54\n|inactive|kd458 has 120 seconds left.\n|inactive|pinkerthanfloyd has 120 seconds left.\n|\n|t:|1699826176\n|move|p1a: Landorus|Earthquake|p2a: FlyClef Jean\n|-damage|p2a: FlyClef Jean|37\/100\n|move|p2a: FlyClef Jean|Moonblast|p1a: Landorus\n|-damage|p1a: Landorus|0 fnt\n|faint|p1a: Landorus\n|\n|-heal|p2a: FlyClef Jean|43\/100|[from] item: Leftovers\n|upkeep\n|c|\u2606kd458|this one for you twowhispers\n|c| twowhispers|<3\n|c|\u2606kd458|<3\n|c|\u2606kd458|ggs\n|inactive|pinkerthanfloyd has 90 seconds left.\n|c|\u2606pinkerthanfloyd|nah gg nice match\n|-message|pinkerthanfloyd forfeited.\n|\n|win|kd458\n|raw|pinkerthanfloyd's rating: 1678 &rarr; <strong>1656<\/strong><br \/>(-22 for losing)\n|raw|kd458's rating: 1645 &rarr; <strong>1667<\/strong><br \/>(+22 for winning)\n|l|\u2606pinkerthanfloyd\n|c|\u2606kd458|u2\n|c|\u2606kd458|i like the lando\n|c| twowhispers|GG\n|c| twowhispers|I'm not as good and patient as you are O.O\n|c|\u2606kd458|lmao\n|c|\u2606kd458|once i figured the blissey was sball and not toss I knew i could wish up ttar\n|c| twowhispers|I would have surrendered this 50 turns ago x)\n|c| twowhispers|yup\n|c|\u2606kd458|LOL honestly i felt like it\n|c| twowhispers|That's when you won actually :p\n|c|\u2606kd458|i dont hate sball blissey, but it does about 0 to tar\n|c| twowhispers|true\n|c|\u2606kd458|0 SpA Blissey Shadow Ball vs. 240 HP \/ 100+ SpD Tyranitar in Sand: 13-15 (3.2 - 3.7%) -- possibly the worst move ever\n|c|\u2606kd458|xd\n|c| twowhispers|:')\n|c|\u2606kd458|I think the pivotal moment was sac'ing hydreigon so corv died to rocks\n|c|\u2606kd458|needed that thing gone to not pp stall all my guys\n|c| twowhispers|yeah, that was actually super smart\n|c| twowhispers|Right now, I'm writing all your smart moves on a paper\n|c| twowhispers|I need to learn too x)\n|c|\u2606kd458|lool\n|c|\u2606kd458|playing v stall is all about patience\n|c| twowhispers|I'm not able to\n|c|\u2606kd458|i.e. i prob shouldnt have blown tera on ghold early on lmao\n|c| twowhispers|Plus I only play trick room teams, so I can't beat a stall\n|c|\u2606kd458|if you wanna beat stall down use heatran\n|c|\u2606kd458|magma storm + taunt is really hard for them to play vs\n|c| twowhispers|you are right :o\n","uploadtime":1699826216,"views":51,"p1id":"pinkerthanfloyd","p2id":"kd458","formatid":"gen9ou","rating":1656,"private":0,"password":""}