{"id":"gen9ou-1991235623","p1":"dskflhafdsa","p2":"dsdffdsdfs","format":"[Gen 9] OU","log":"|j|\u2606dskflhafdsa\n|j|\u2606dsdffdsdfs\n|t:|1700059917\n|gametype|singles\n|player|p1|dskflhafdsa|2|1141\n|player|p2|dsdffdsdfs|harlequin|1040\n|teamsize|p1|6\n|teamsize|p2|6\n|gen|9\n|tier|[Gen 9] OU\n|rated|\n|rule|Sleep Clause Mod: Limit one foe put to sleep\n|rule|Species Clause: Limit one of each Pok\u00e9mon\n|rule|OHKO Clause: OHKO moves are banned\n|rule|Evasion Items Clause: Evasion items are banned\n|rule|Evasion Moves Clause: Evasion moves are banned\n|rule|Endless Battle Clause: Forcing endless battles is banned\n|rule|HP Percentage Mod: HP is shown in percentages\n|clearpoke\n|poke|p1|Manaphy|\n|poke|p1|Sneasler, F|\n|poke|p1|Dragapult, M|\n|poke|p1|Corviknight, M|\n|poke|p1|Kingambit, M|\n|poke|p1|Blissey, F|\n|poke|p2|Ribombee, F|\n|poke|p2|Glimmora, M|\n|poke|p2|Gholdengo|\n|poke|p2|Ogerpon-Cornerstone, F|\n|poke|p2|Samurott-Hisui, F|\n|poke|p2|Braviary-Hisui, M|\n|teampreview\n|inactive|Battle timer is ON: inactive players will automatically lose when time's up. (requested by dsdffdsdfs)\n|inactive|dskflhafdsa has 120 seconds left.\n|\n|t:|1700059973\n|start\n|switch|p1a: Dragapult|Dragapult, M|100\/100\n|switch|p2a: Ribombee|Ribombee, F|100\/100\n|turn|1\n|\n|t:|1700059985\n|move|p1a: Dragapult|U-turn|p2a: Ribombee\n|-resisted|p2a: Ribombee\n|-damage|p2a: Ribombee|84\/100\n|\n|t:|1700059988\n|switch|p1a: Sneasler|Sneasler, F|100\/100|[from] U-turn\n|move|p2a: Ribombee|Sticky Web|p1a: Sneasler\n|-sidestart|p1: dskflhafdsa|move: Sticky Web\n|\n|upkeep\n|turn|2\n|\n|t:|1700059993\n|move|p2a: Ribombee|Moonblast|p1a: Sneasler\n|-damage|p1a: Sneasler|44\/100\n|move|p1a: Sneasler|Dire Claw|p2a: Ribombee\n|-supereffective|p2a: Ribombee\n|-damage|p2a: Ribombee|0 fnt\n|faint|p2a: Ribombee\n|\n|upkeep\n|\n|t:|1700060007\n|switch|p2a: Glimmora|Glimmora, M|100\/100\n|turn|3\n|\n|t:|1700060016\n|move|p1a: Sneasler|U-turn|p2a: Glimmora\n|-resisted|p2a: Glimmora\n|-damage|p2a: Glimmora|86\/100\n|-activate|p2a: Glimmora|ability: Toxic Debris\n|-sidestart|p1: dskflhafdsa|move: Toxic Spikes\n|\n|t:|1700060029\n|switch|p1a: Corviknight|Corviknight, M|100\/100|[from] U-turn\n|-ability|p1a: Corviknight|Pressure\n|move|p2a: Glimmora|Earth Power|p1a: Corviknight\n|-immune|p1a: Corviknight\n|\n|upkeep\n|turn|4\n|\n|t:|1700060035\n|switch|p2a: Gholdengo|Gholdengo|100\/100\n|-item|p2a: Gholdengo|Air Balloon\n|move|p1a: Corviknight|Defog|p2a: Gholdengo\n|-immune|p2a: Gholdengo|[from] ability: Good as Gold\n|\n|upkeep\n|turn|5\n|\n|t:|1700060042\n|move|p2a: Gholdengo|Thunderbolt|p1a: Corviknight\n|-supereffective|p1a: Corviknight\n|-damage|p1a: Corviknight|48\/100\n|move|p1a: Corviknight|U-turn|p2a: Gholdengo\n|-resisted|p2a: Gholdengo\n|-damage|p2a: Gholdengo|98\/100\n|-enditem|p2a: Gholdengo|Air Balloon\n|\n|t:|1700060050\n|switch|p1a: Kingambit|Kingambit, M|100\/100|[from] U-turn\n|-activate|p1a: Kingambit|move: Sticky Web\n|-unboost|p1a: Kingambit|spe|1\n|\n|upkeep\n|turn|6\n|\n|t:|1700060058\n|switch|p2a: Samurott|Samurott-Hisui, F|100\/100\n|move|p1a: Kingambit|Swords Dance|p1a: Kingambit\n|-boost|p1a: Kingambit|atk|2\n|\n|upkeep\n|turn|7\n|\n|t:|1700060071\n|-end|p1a: Kingambit|fallenundefined|[silent]\n|switch|p1a: Corviknight|Corviknight, M|48\/100\n|-ability|p1a: Corviknight|Pressure\n|move|p2a: Samurott|Brick Break|p1a: Corviknight\n|-damage|p1a: Corviknight|28\/100\n|-damage|p2a: Samurott|91\/100|[from] item: Life Orb\n|\n|-heal|p1a: Corviknight|34\/100|[from] item: Leftovers\n|upkeep\n|turn|8\n|\n|t:|1700060078\n|move|p2a: Samurott|Ceaseless Edge|p1a: Corviknight\n|-damage|p1a: Corviknight|0 fnt\n|-sidestart|p1: dskflhafdsa|Spikes\n|faint|p1a: Corviknight\n|-damage|p2a: Samurott|81\/100|[from] item: Life Orb\n|\n|upkeep\n|\n|t:|1700060087\n|switch|p1a: Dragapult|Dragapult, M|100\/100\n|-activate|p1a: Dragapult|move: Sticky Web\n|-unboost|p1a: Dragapult|spe|1\n|-status|p1a: Dragapult|psn\n|-damage|p1a: Dragapult|88\/100 psn|[from] Spikes\n|turn|9\n|\n|t:|1700060098\n|move|p2a: Samurott|Aqua Jet|p1a: Dragapult\n|-resisted|p1a: Dragapult\n|-damage|p1a: Dragapult|70\/100 psn\n|-damage|p2a: Samurott|71\/100|[from] item: Life Orb\n|move|p1a: Dragapult|Thunderbolt|p2a: Samurott\n|-supereffective|p2a: Samurott\n|-damage|p2a: Samurott|0 fnt\n|faint|p2a: Samurott\n|\n|-damage|p1a: Dragapult|58\/100 psn|[from] psn\n|upkeep\n|\n|t:|1700060113\n|switch|p2a: Ogerpon|Ogerpon-Cornerstone, F|100\/100\n|turn|10\n|\n|t:|1700060124\n|switch|p1a: Sneasler|Sneasler, F|44\/100\n|-activate|p1a: Sneasler|move: Sticky Web\n|-unboost|p1a: Sneasler|spe|1\n|-sideend|p1: dskflhafdsa|move: Toxic Spikes|[of] p1a: Sneasler\n|-damage|p1a: Sneasler|31\/100|[from] Spikes\n|move|p2a: Ogerpon|Swords Dance|p2a: Ogerpon\n|-boost|p2a: Ogerpon|atk|2\n|\n|upkeep\n|turn|11\n|\n|t:|1700060134\n|move|p1a: Sneasler|Fake Out|p2a: Ogerpon\n|-resisted|p2a: Ogerpon\n|-damage|p2a: Ogerpon|92\/100\n|-status|p2a: Ogerpon|psn|[from] ability: Poison Touch|[of] p1a: Sneasler\n|cant|p2a: Ogerpon|flinch\n|\n|-damage|p2a: Ogerpon|80\/100 psn|[from] psn\n|upkeep\n|turn|12\n|\n|t:|1700060143\n|move|p2a: Ogerpon|Ivy Cudgel|p1a: Sneasler|[anim] Ivy Cudgel Rock\n|-resisted|p1a: Sneasler\n|-damage|p1a: Sneasler|0 fnt\n|faint|p1a: Sneasler\n|\n|-damage|p2a: Ogerpon|67\/100 psn|[from] psn\n|upkeep\n|\n|t:|1700060154\n|switch|p1a: Kingambit|Kingambit, M|100\/100\n|-activate|p1a: Kingambit|move: Sticky Web\n|-unboost|p1a: Kingambit|spe|1\n|-damage|p1a: Kingambit|88\/100|[from] Spikes\n|-activate|p1a: Kingambit|ability: Supreme Overlord\n|-start|p1a: Kingambit|fallen2|[silent]\n|turn|13\n|\n|t:|1700060162\n|move|p1a: Kingambit|Sucker Punch|p2a: Ogerpon\n|-damage|p2a: Ogerpon|6\/100 psn\n|move|p2a: Ogerpon|Ivy Cudgel|p1a: Kingambit|[anim] Ivy Cudgel Rock\n|-resisted|p1a: Kingambit\n|-damage|p1a: Kingambit|41\/100\n|\n|-heal|p1a: Kingambit|48\/100|[from] item: Leftovers\n|-damage|p2a: Ogerpon|0 fnt|[from] psn\n|faint|p2a: Ogerpon\n|upkeep\n|\n|t:|1700060173\n|switch|p2a: Glimmora|Glimmora, M|86\/100\n|turn|14\n|\n|t:|1700060182\n|-end|p1a: Kingambit|fallen2|[silent]\n|switch|p1a: Blissey|Blissey, F|100\/100\n|move|p2a: Glimmora|Earth Power|p1a: Blissey\n|-damage|p1a: Blissey|86\/100\n|-damage|p2a: Glimmora|76\/100|[from] item: Life Orb\n|\n|upkeep\n|turn|15\n|\n|t:|1700060190\n|switch|p2a: Gholdengo|Gholdengo|98\/100\n|move|p1a: Blissey|Stealth Rock|p2a: Gholdengo\n|-sidestart|p2: dsdffdsdfs|move: Stealth Rock\n|\n|upkeep\n|turn|16\n|\n|t:|1700060194\n|switch|p1a: Manaphy|Manaphy|100\/100\n|-activate|p1a: Manaphy|move: Sticky Web\n|-unboost|p1a: Manaphy|spe|1\n|-damage|p1a: Manaphy|88\/100|[from] Spikes\n|move|p2a: Gholdengo|Nasty Plot|p2a: Gholdengo\n|-boost|p2a: Gholdengo|spa|2\n|\n|-heal|p1a: Manaphy|94\/100|[from] item: Leftovers\n|upkeep\n|turn|17\n|\n|t:|1700060202\n|move|p1a: Manaphy|Surf|p2a: Gholdengo\n|-damage|p2a: Gholdengo|63\/100\n|move|p2a: Gholdengo|Thunderbolt|p1a: Manaphy\n|-supereffective|p1a: Manaphy\n|-damage|p1a: Manaphy|0 fnt\n|faint|p1a: Manaphy\n|\n|upkeep\n|\n|t:|1700060208\n|switch|p1a: Dragapult|Dragapult, M|58\/100 psn\n|-activate|p1a: Dragapult|move: Sticky Web\n|-unboost|p1a: Dragapult|spe|1\n|-damage|p1a: Dragapult|46\/100 psn|[from] Spikes\n|turn|18\n|\n|t:|1700060215\n|-terastallize|p1a: Dragapult|Ghost\n|-terastallize|p2a: Gholdengo|Fairy\n|move|p1a: Dragapult|Shadow Ball|p2a: Gholdengo\n|-damage|p2a: Gholdengo|0 fnt\n|faint|p2a: Gholdengo\n|\n|-damage|p1a: Dragapult|33\/100 psn|[from] psn\n|upkeep\n|\n|t:|1700060224\n|switch|p2a: Glimmora|Glimmora, M|76\/100\n|-damage|p2a: Glimmora|63\/100|[from] Stealth Rock\n|turn|19\n|\n|t:|1700060228\n|switch|p1a: Blissey|Blissey, F|86\/100\n|move|p2a: Glimmora|Mortal Spin|p1a: Blissey\n|-damage|p1a: Blissey|79\/100\n|-status|p1a: Blissey|psn\n|-sideend|p2: dsdffdsdfs|Stealth Rock|[from] move: Mortal Spin|[of] p2a: Glimmora\n|-damage|p2a: Glimmora|54\/100|[from] item: Life Orb\n|\n|-damage|p1a: Blissey|66\/100 psn|[from] psn\n|upkeep\n|turn|20\n|\n|t:|1700060235\n|switch|p2a: Braviary|Braviary-Hisui, M|100\/100\n|move|p1a: Blissey|Stealth Rock|p2a: Braviary\n|-sidestart|p2: dsdffdsdfs|move: Stealth Rock\n|\n|-damage|p1a: Blissey|54\/100 psn|[from] psn\n|upkeep\n|turn|21\n|\n|t:|1700060245\n|move|p2a: Braviary|Air Slash|p1a: Blissey\n|-damage|p1a: Blissey|36\/100 psn\n|move|p1a: Blissey|Soft-Boiled|p1a: Blissey\n|-heal|p1a: Blissey|86\/100 psn\n|\n|-damage|p1a: Blissey|73\/100 psn|[from] psn\n|upkeep\n|turn|22\n|\n|t:|1700060250\n|move|p2a: Braviary|Air Slash|p1a: Blissey\n|-damage|p1a: Blissey|55\/100 psn\n|move|p1a: Blissey|Seismic Toss|p2a: Braviary\n|-damage|p2a: Braviary|73\/100\n|\n|-damage|p1a: Blissey|42\/100 psn|[from] psn\n|upkeep\n|turn|23\n|\n|t:|1700060255\n|move|p2a: Braviary|Air Slash|p1a: Blissey|[miss]\n|-miss|p2a: Braviary|p1a: Blissey\n|move|p1a: Blissey|Soft-Boiled|p1a: Blissey\n|-heal|p1a: Blissey|92\/100 psn\n|\n|-damage|p1a: Blissey|80\/100 psn|[from] psn\n|upkeep\n|turn|24\n|\n|t:|1700060257\n|move|p2a: Braviary|Air Slash|p1a: Blissey\n|-damage|p1a: Blissey|61\/100 psn\n|move|p1a: Blissey|Calm Mind|p1a: Blissey\n|-boost|p1a: Blissey|spa|1\n|-boost|p1a: Blissey|spd|1\n|\n|-damage|p1a: Blissey|48\/100 psn|[from] psn\n|upkeep\n|turn|25\n|\n|t:|1700060261\n|move|p2a: Braviary|Air Slash|p1a: Blissey\n|-damage|p1a: Blissey|37\/100 psn\n|cant|p1a: Blissey|flinch\n|\n|-damage|p1a: Blissey|25\/100 psn|[from] psn\n|upkeep\n|turn|26\n|\n|t:|1700060265\n|move|p2a: Braviary|Air Slash|p1a: Blissey\n|-damage|p1a: Blissey|13\/100 psn\n|move|p1a: Blissey|Soft-Boiled|p1a: Blissey\n|-heal|p1a: Blissey|63\/100 psn\n|\n|-damage|p1a: Blissey|50\/100 psn|[from] psn\n|upkeep\n|turn|27\n|\n|t:|1700060269\n|move|p2a: Braviary|Air Slash|p1a: Blissey\n|-damage|p1a: Blissey|38\/100 psn\n|move|p1a: Blissey|Soft-Boiled|p1a: Blissey\n|-heal|p1a: Blissey|88\/100 psn\n|\n|-damage|p1a: Blissey|76\/100 psn|[from] psn\n|upkeep\n|turn|28\n|\n|t:|1700060272\n|move|p2a: Braviary|Air Slash|p1a: Blissey\n|-damage|p1a: Blissey|63\/100 psn\n|move|p1a: Blissey|Seismic Toss|p2a: Braviary\n|-damage|p2a: Braviary|45\/100\n|\n|-damage|p1a: Blissey|51\/100 psn|[from] psn\n|upkeep\n|turn|29\n|\n|t:|1700060276\n|move|p2a: Braviary|Air Slash|p1a: Blissey\n|-damage|p1a: Blissey|38\/100 psn\n|cant|p1a: Blissey|flinch\n|\n|-damage|p1a: Blissey|26\/100 psn|[from] psn\n|upkeep\n|turn|30\n|\n|t:|1700060280\n|move|p2a: Braviary|Air Slash|p1a: Blissey\n|-damage|p1a: Blissey|14\/100 psn\n|move|p1a: Blissey|Soft-Boiled|p1a: Blissey\n|-heal|p1a: Blissey|64\/100 psn\n|\n|-damage|p1a: Blissey|52\/100 psn|[from] psn\n|upkeep\n|turn|31\n|\n|t:|1700060284\n|-curestatus|p1a: Blissey|psn|[from] ability: Natural Cure\n|switch|p1a: Kingambit|Kingambit, M|48\/100\n|-activate|p1a: Kingambit|move: Sticky Web\n|-unboost|p1a: Kingambit|spe|1\n|-damage|p1a: Kingambit|35\/100|[from] Spikes\n|-activate|p1a: Kingambit|ability: Supreme Overlord\n|-start|p1a: Kingambit|fallen3|[silent]\n|move|p2a: Braviary|Air Slash|p1a: Kingambit\n|-resisted|p1a: Kingambit\n|-damage|p1a: Kingambit|0 fnt\n|faint|p1a: Kingambit\n|-end|p1a: Kingambit|fallen3|[silent]\n|\n|upkeep\n|\n|t:|1700060292\n|switch|p1a: Blissey|Blissey, F|52\/100\n|turn|32\n|\n|t:|1700060296\n|switch|p2a: Glimmora|Glimmora, M|54\/100\n|-damage|p2a: Glimmora|41\/100|[from] Stealth Rock\n|move|p1a: Blissey|Soft-Boiled|p1a: Blissey\n|-heal|p1a: Blissey|100\/100\n|\n|upkeep\n|turn|33\n|\n|t:|1700060303\n|move|p2a: Glimmora|Mortal Spin|p1a: Blissey\n|-damage|p1a: Blissey|93\/100\n|-status|p1a: Blissey|psn\n|-sideend|p2: dsdffdsdfs|Stealth Rock|[from] move: Mortal Spin|[of] p2a: Glimmora\n|-damage|p2a: Glimmora|31\/100|[from] item: Life Orb\n|move|p1a: Blissey|Calm Mind|p1a: Blissey\n|-boost|p1a: Blissey|spa|1\n|-boost|p1a: Blissey|spd|1\n|\n|-damage|p1a: Blissey|80\/100 psn|[from] psn\n|upkeep\n|turn|34\n|\n|t:|1700060312\n|switch|p2a: Braviary|Braviary-Hisui, M|45\/100\n|move|p1a: Blissey|Seismic Toss|p2a: Braviary\n|-damage|p2a: Braviary|17\/100\n|\n|-damage|p1a: Blissey|68\/100 psn|[from] psn\n|upkeep\n|turn|35\n|\n|t:|1700060315\n|move|p2a: Braviary|Air Slash|p1a: Blissey\n|-damage|p1a: Blissey|56\/100 psn\n|move|p1a: Blissey|Seismic Toss|p2a: Braviary\n|-damage|p2a: Braviary|0 fnt\n|faint|p2a: Braviary\n|\n|-damage|p1a: Blissey|44\/100 psn|[from] psn\n|upkeep\n|\n|t:|1700060318\n|switch|p2a: Glimmora|Glimmora, M|31\/100\n|turn|36\n|-message|dsdffdsdfs forfeited.\n|\n|win|dskflhafdsa\n|raw|dskflhafdsa's rating: 1141 &rarr; <strong>1159<\/strong><br \/>(+18 for winning)\n|raw|dsdffdsdfs's rating: 1040 &rarr; <strong>1029<\/strong><br \/>(-11 for losing)\n|l|\u2606dsdffdsdfs\n","uploadtime":1700060327,"views":5,"p1id":"dskflhafdsa","p2id":"dsdffdsdfs","formatid":"gen9ou","rating":1029,"private":0,"password":""}