{"id":"gen9ou-1994534262","p1":"liaoya","p2":"000Epsilon","format":"[Gen 9] OU","log":"|j|\u2606liaoya\n|j|\u2606000Epsilon\n|t:|1700455833\n|gametype|singles\n|player|p1|liaoya|petrel|1518\n|player|p2|000Epsilon|nate|1411\n|teamsize|p1|6\n|teamsize|p2|6\n|gen|9\n|tier|[Gen 9] OU\n|rated|\n|rule|Sleep Clause Mod: Limit one foe put to sleep\n|rule|Species Clause: Limit one of each Pok\u00e9mon\n|rule|OHKO Clause: OHKO moves are banned\n|rule|Evasion Items Clause: Evasion items are banned\n|rule|Evasion Moves Clause: Evasion moves are banned\n|rule|Endless Battle Clause: Forcing endless battles is banned\n|rule|HP Percentage Mod: HP is shown in percentages\n|clearpoke\n|poke|p1|Drifblim, F|\n|poke|p1|Garganacl, F|\n|poke|p1|Umbreon, F|\n|poke|p1|Rotom-Wash|\n|poke|p1|Glimmora, F|\n|poke|p1|Espeon, M|\n|poke|p2|Ribombee, F|\n|poke|p2|Iron Moth|\n|poke|p2|Gholdengo|\n|poke|p2|Iron Valiant|\n|poke|p2|Dragonite, F|\n|poke|p2|Ogerpon-Wellspring, F|\n|teampreview\n|inactive|Battle timer is ON: inactive players will automatically lose when time's up. (requested by liaoya)\n|\n|t:|1700455836\n|start\n|switch|p1a: Rotom|Rotom-Wash|100\/100\n|switch|p2a: Ribombee|Ribombee, F|100\/100\n|turn|1\n|\n|t:|1700455841\n|move|p2a: Ribombee|Sticky Web|p1a: Rotom\n|-sidestart|p1: liaoya|move: Sticky Web\n|move|p1a: Rotom|Trick|p2a: Ribombee\n|-activate|p1a: Rotom|move: Trick|[of] p2a: Ribombee\n|-item|p2a: Ribombee|Choice Scarf|[from] move: Trick\n|-item|p1a: Rotom|Focus Sash|[from] move: Trick\n|\n|upkeep\n|turn|2\n|\n|t:|1700455846\n|move|p2a: Ribombee|U-turn|p1a: Rotom\n|-damage|p1a: Rotom|86\/100\n|\n|t:|1700455864\n|switch|p2a: Dragonite|Dragonite, F|100\/100|[from] U-turn\n|move|p1a: Rotom|Hydro Pump|p2a: Dragonite\n|-resisted|p2a: Dragonite\n|-damage|p2a: Dragonite|87\/100\n|\n|upkeep\n|turn|3\n|\n|t:|1700455871\n|move|p2a: Dragonite|Dragon Dance|p2a: Dragonite\n|-boost|p2a: Dragonite|atk|1\n|-boost|p2a: Dragonite|spe|1\n|move|p1a: Rotom|Will-O-Wisp|p2a: Dragonite|[miss]\n|-miss|p1a: Rotom|p2a: Dragonite\n|\n|upkeep\n|turn|4\n|\n|t:|1700455878\n|move|p2a: Dragonite|Extreme Speed|p1a: Rotom\n|-damage|p1a: Rotom|35\/100\n|move|p1a: Rotom|Will-O-Wisp|p2a: Dragonite|[miss]\n|-miss|p1a: Rotom|p2a: Dragonite\n|\n|upkeep\n|turn|5\n|\n|t:|1700455883\n|move|p2a: Dragonite|Extreme Speed|p1a: Rotom\n|-damage|p1a: Rotom|0 fnt\n|faint|p1a: Rotom\n|\n|upkeep\n|c|\u2606000Epsilon|no way\n|\n|t:|1700455887\n|switch|p1a: Glimmora|Glimmora, F|100\/100\n|-activate|p1a: Glimmora|move: Sticky Web\n|-unboost|p1a: Glimmora|spe|1\n|turn|6\n|\n|t:|1700455891\n|switch|p2a: Gholdengo|Gholdengo|100\/100\n|-item|p2a: Gholdengo|Air Balloon\n|move|p1a: Glimmora|Mortal Spin|p2a: Gholdengo\n|-immune|p2a: Gholdengo\n|\n|upkeep\n|turn|7\n|\n|t:|1700455905\n|switch|p1a: Umbreon|Umbreon, F, shiny|100\/100\n|-activate|p1a: Umbreon|move: Sticky Web\n|-unboost|p1a: Umbreon|spe|1\n|move|p2a: Gholdengo|Shadow Ball|p1a: Umbreon\n|-resisted|p1a: Umbreon\n|-damage|p1a: Umbreon|88\/100\n|\n|-heal|p1a: Umbreon|94\/100|[from] item: Leftovers\n|upkeep\n|turn|8\n|\n|t:|1700455916\n|switch|p2a: Iron Valiant|Iron Valiant|100\/100\n|-enditem|p2a: Iron Valiant|Booster Energy\n|-activate|p2a: Iron Valiant|ability: Quark Drive|[fromitem]\n|-start|p2a: Iron Valiant|quarkdrivespe\n|move|p1a: Umbreon|Wish|p1a: Umbreon\n|\n|-heal|p1a: Umbreon|99\/100|[from] item: Leftovers\n|upkeep\n|turn|9\n|\n|t:|1700455926\n|switch|p1a: Glimmora|Glimmora, F|100\/100\n|-activate|p1a: Glimmora|move: Sticky Web\n|-unboost|p1a: Glimmora|spe|1\n|move|p2a: Iron Valiant|Moonblast|p1a: Glimmora\n|-resisted|p1a: Glimmora\n|-damage|p1a: Glimmora|76\/100\n|\n|-heal|p1a: Glimmora|100\/100|[from] move: Wish|[wisher] Umbreon\n|upkeep\n|turn|10\n|\n|t:|1700455936\n|-end|p2a: Iron Valiant|Quark Drive|[silent]\n|switch|p2a: Gholdengo|Gholdengo|100\/100\n|-item|p2a: Gholdengo|Air Balloon\n|move|p1a: Glimmora|Light Screen|p1a: Glimmora\n|-sidestart|p1: liaoya|move: Light Screen\n|\n|upkeep\n|turn|11\n|\n|t:|1700455945\n|switch|p1a: Garganacl|Garganacl, F, shiny|100\/100\n|-activate|p1a: Garganacl|move: Sticky Web\n|-unboost|p1a: Garganacl|spe|1\n|move|p2a: Gholdengo|Nasty Plot|p2a: Gholdengo\n|-boost|p2a: Gholdengo|spa|2\n|\n|upkeep\n|turn|12\n|\n|t:|1700455952\n|-terastallize|p1a: Garganacl|Ghost\n|move|p2a: Gholdengo|Make It Rain|p1a: Garganacl\n|-damage|p1a: Garganacl|57\/100\n|-unboost|p2a: Gholdengo|spa|1\n|move|p1a: Garganacl|Salt Cure|p2a: Gholdengo\n|-resisted|p2a: Gholdengo\n|-damage|p2a: Gholdengo|93\/100\n|-start|p2a: Gholdengo|Salt Cure\n|-enditem|p2a: Gholdengo|Air Balloon\n|\n|-heal|p1a: Garganacl|63\/100|[from] item: Leftovers\n|-damage|p2a: Gholdengo|68\/100|[from] Salt Cure\n|upkeep\n|turn|13\n|\n|t:|1700455965\n|move|p2a: Gholdengo|Shadow Ball|p1a: Garganacl\n|-supereffective|p1a: Garganacl\n|-damage|p1a: Garganacl|44\/100\n|move|p1a: Garganacl|Recover|p1a: Garganacl\n|-heal|p1a: Garganacl|94\/100\n|\n|-heal|p1a: Garganacl|99\/100|[from] item: Leftovers\n|-damage|p2a: Gholdengo|43\/100|[from] Salt Cure\n|upkeep\n|turn|14\n|\n|t:|1700455974\n|switch|p2a: Iron Valiant|Iron Valiant|100\/100\n|move|p1a: Garganacl|Iron Defense|p1a: Garganacl\n|-boost|p1a: Garganacl|def|2\n|\n|-heal|p1a: Garganacl|100\/100|[from] item: Leftovers\n|-sideend|p1: liaoya|move: Light Screen\n|upkeep\n|turn|15\n|\n|t:|1700455981\n|switch|p1a: Glimmora|Glimmora, F|100\/100\n|-activate|p1a: Glimmora|move: Sticky Web\n|-unboost|p1a: Glimmora|spe|1\n|move|p2a: Iron Valiant|Knock Off|p1a: Glimmora\n|-damage|p1a: Glimmora|78\/100\n|-activate|p1a: Glimmora|ability: Toxic Debris\n|-sidestart|p2: 000Epsilon|move: Toxic Spikes\n|-enditem|p1a: Glimmora|Focus Sash|[from] move: Knock Off|[of] p2a: Iron Valiant\n|\n|upkeep\n|turn|16\n|\n|t:|1700455990\n|-end|p2a: Iron Valiant|Quark Drive|[silent]\n|switch|p2a: Iron Moth|Iron Moth|100\/100\n|-sideend|p2: 000Epsilon|move: Toxic Spikes|[of] p2a: Iron Moth\n|-enditem|p2a: Iron Moth|Booster Energy\n|-activate|p2a: Iron Moth|ability: Quark Drive|[fromitem]\n|-start|p2a: Iron Moth|quarkdrivespa\n|move|p1a: Glimmora|Mortal Spin|p2a: Iron Moth\n|-resisted|p2a: Iron Moth\n|-damage|p2a: Iron Moth|95\/100\n|-sideend|p1: liaoya|Sticky Web|[from] move: Mortal Spin|[of] p1a: Glimmora\n|\n|upkeep\n|turn|17\n|\n|t:|1700456006\n|switch|p1a: Espeon|Espeon, M|100\/100\n|move|p2a: Iron Moth|Discharge|p1a: Espeon\n|-damage|p1a: Espeon|64\/100\n|\n|upkeep\n|turn|18\n|\n|t:|1700456014\n|move|p1a: Espeon|Psyshock|p2a: Iron Moth\n|-supereffective|p2a: Iron Moth\n|-damage|p2a: Iron Moth|0 fnt\n|faint|p2a: Iron Moth\n|-end|p2a: Iron Moth|Quark Drive|[silent]\n|\n|upkeep\n|\n|t:|1700456019\n|switch|p2a: Ribombee|Ribombee, F|100\/100\n|turn|19\n|\n|t:|1700456032\n|switch|p1a: Glimmora|Glimmora, F|78\/100\n|move|p2a: Ribombee|Moonblast|p1a: Glimmora\n|-resisted|p1a: Glimmora\n|-damage|p1a: Glimmora|61\/100\n|\n|upkeep\n|turn|20\n|\n|t:|1700456038\n|switch|p2a: Dragonite|Dragonite, F|87\/100\n|move|p1a: Glimmora|Light Screen|p1a: Glimmora\n|-sidestart|p1: liaoya|move: Light Screen\n|\n|upkeep\n|turn|21\n|\n|t:|1700456044\n|switch|p2a: Gholdengo|Gholdengo|43\/100\n|move|p1a: Glimmora|Mortal Spin|p2a: Gholdengo\n|-immune|p2a: Gholdengo\n|\n|upkeep\n|turn|22\n|\n|t:|1700456051\n|switch|p1a: Garganacl|Garganacl, F, shiny, tera:Ghost|100\/100\n|move|p2a: Gholdengo|Make It Rain|p1a: Garganacl\n|-damage|p1a: Garganacl|79\/100\n|-unboost|p2a: Gholdengo|spa|1\n|\n|-heal|p1a: Garganacl|85\/100|[from] item: Leftovers\n|upkeep\n|turn|23\n|\n|t:|1700456063\n|switch|p2a: Iron Valiant|Iron Valiant|100\/100\n|move|p1a: Garganacl|Salt Cure|p2a: Iron Valiant\n|-resisted|p2a: Iron Valiant\n|-damage|p2a: Iron Valiant|92\/100\n|-start|p2a: Iron Valiant|Salt Cure\n|\n|-heal|p1a: Garganacl|92\/100|[from] item: Leftovers\n|-damage|p2a: Iron Valiant|80\/100|[from] Salt Cure\n|upkeep\n|turn|24\n|\n|t:|1700456073\n|switch|p1a: Glimmora|Glimmora, F|61\/100\n|move|p2a: Iron Valiant|Thunderbolt|p1a: Glimmora\n|-damage|p1a: Glimmora|45\/100\n|\n|-damage|p2a: Iron Valiant|67\/100|[from] Salt Cure\n|-sideend|p1: liaoya|move: Light Screen\n|upkeep\n|turn|25\n|\n|t:|1700456080\n|-end|p2a: Iron Valiant|Quark Drive|[silent]\n|switch|p2a: Gholdengo|Gholdengo|43\/100\n|move|p1a: Glimmora|Stealth Rock|p2a: Gholdengo\n|-sidestart|p2: 000Epsilon|move: Stealth Rock\n|\n|upkeep\n|turn|26\n|\n|t:|1700456087\n|switch|p1a: Garganacl|Garganacl, F, shiny, tera:Ghost|92\/100\n|move|p2a: Gholdengo|Shadow Ball|p1a: Garganacl\n|-supereffective|p1a: Garganacl\n|-damage|p1a: Garganacl|61\/100\n|\n|-heal|p1a: Garganacl|68\/100|[from] item: Leftovers\n|upkeep\n|turn|27\n|\n|t:|1700456095\n|switch|p2a: Iron Valiant|Iron Valiant|67\/100\n|-damage|p2a: Iron Valiant|61\/100|[from] Stealth Rock\n|move|p1a: Garganacl|Salt Cure|p2a: Iron Valiant\n|-resisted|p2a: Iron Valiant\n|-damage|p2a: Iron Valiant|52\/100\n|-start|p2a: Iron Valiant|Salt Cure\n|\n|-heal|p1a: Garganacl|74\/100|[from] item: Leftovers\n|-damage|p2a: Iron Valiant|39\/100|[from] Salt Cure\n|upkeep\n|turn|28\n|\n|t:|1700456106\n|move|p2a: Iron Valiant|Aura Sphere|p1a: Garganacl\n|-immune|p1a: Garganacl\n|move|p1a: Garganacl|Recover|p1a: Garganacl\n|-heal|p1a: Garganacl|100\/100\n|\n|-damage|p2a: Iron Valiant|27\/100|[from] Salt Cure\n|upkeep\n|turn|29\n|\n|t:|1700456114\n|move|p2a: Iron Valiant|Thunderbolt|p1a: Garganacl\n|-damage|p1a: Garganacl|81\/100\n|move|p1a: Garganacl|Salt Cure|p2a: Iron Valiant\n|-resisted|p2a: Iron Valiant\n|-damage|p2a: Iron Valiant|17\/100\n|\n|-heal|p1a: Garganacl|87\/100|[from] item: Leftovers\n|-damage|p2a: Iron Valiant|5\/100|[from] Salt Cure\n|upkeep\n|turn|30\n|\n|t:|1700456124\n|move|p2a: Iron Valiant|Knock Off|p1a: Garganacl\n|-supereffective|p1a: Garganacl\n|-damage|p1a: Garganacl|46\/100\n|-enditem|p1a: Garganacl|Leftovers|[from] move: Knock Off|[of] p2a: Iron Valiant\n|move|p1a: Garganacl|Iron Defense|p1a: Garganacl\n|-boost|p1a: Garganacl|def|2\n|\n|-damage|p2a: Iron Valiant|0 fnt|[from] Salt Cure\n|faint|p2a: Iron Valiant\n|-end|p2a: Iron Valiant|Quark Drive|[silent]\n|upkeep\n|\n|t:|1700456135\n|switch|p2a: Ogerpon|Ogerpon-Wellspring, F|100\/100\n|-damage|p2a: Ogerpon|88\/100|[from] Stealth Rock\n|turn|31\n|\n|t:|1700456146\n|switch|p1a: Glimmora|Glimmora, F|45\/100\n|move|p2a: Ogerpon|Substitute|p2a: Ogerpon\n|-start|p2a: Ogerpon|Substitute\n|-damage|p2a: Ogerpon|63\/100\n|\n|upkeep\n|turn|32\n|\n|t:|1700456160\n|move|p2a: Ogerpon|Swords Dance|p2a: Ogerpon\n|-boost|p2a: Ogerpon|atk|2\n|move|p1a: Glimmora|Light Screen|p1a: Glimmora\n|-sidestart|p1: liaoya|move: Light Screen\n|\n|upkeep\n|turn|33\n|\n|t:|1700456164\n|move|p2a: Ogerpon|Ivy Cudgel|p1a: Glimmora|[anim] Ivy Cudgel Water\n|-supereffective|p1a: Glimmora\n|-damage|p1a: Glimmora|0 fnt\n|-activate|p1a: Glimmora|ability: Toxic Debris\n|-sidestart|p2: 000Epsilon|move: Toxic Spikes\n|faint|p1a: Glimmora\n|\n|upkeep\n|\n|t:|1700456169\n|switch|p1a: Umbreon|Umbreon, F, shiny|99\/100\n|turn|34\n|\n|t:|1700456175\n|-terastallize|p2a: Ogerpon|Water\n|detailschange|p2a: Ogerpon|Ogerpon-Wellspring-Tera, F, tera:Water\n|-ability|p2a: Ogerpon|Embody Aspect (Wellspring)|boost\n|-boost|p2a: Ogerpon|spd|1\n|move|p2a: Ogerpon|Ivy Cudgel|p1a: Umbreon|[anim] Ivy Cudgel Water\n|-damage|p1a: Umbreon|0 fnt\n|faint|p1a: Umbreon\n|\n|upkeep\n|\n|t:|1700456184\n|switch|p1a: Drifblim|Drifblim, F|100\/100\n|turn|35\n|\n|t:|1700456186\n|move|p1a: Drifblim|Destiny Bond|p1a: Drifblim\n|-singlemove|p1a: Drifblim|Destiny Bond\n|move|p2a: Ogerpon|Ivy Cudgel|p1a: Drifblim|[anim] Ivy Cudgel Water\n|-damage|p1a: Drifblim|0 fnt\n|faint|p1a: Drifblim\n|-activate|p1a: Drifblim|move: Destiny Bond\n|faint|p2a: Ogerpon\n|\n|upkeep\n|\n|t:|1700456199\n|switch|p2a: Gholdengo|Gholdengo|43\/100\n|switch|p1a: Garganacl|Garganacl, F, shiny, tera:Ghost|46\/100\n|-damage|p2a: Gholdengo|37\/100|[from] Stealth Rock\n|turn|36\n|\n|t:|1700456205\n|move|p2a: Gholdengo|Nasty Plot|p2a: Gholdengo\n|-boost|p2a: Gholdengo|spa|2\n|move|p1a: Garganacl|Recover|p1a: Garganacl\n|-heal|p1a: Garganacl|96\/100\n|\n|-sideend|p1: liaoya|move: Light Screen\n|upkeep\n|turn|37\n|\n|t:|1700456211\n|move|p2a: Gholdengo|Shadow Ball|p1a: Garganacl\n|-supereffective|p1a: Garganacl\n|-damage|p1a: Garganacl|38\/100\n|-unboost|p1a: Garganacl|spd|1\n|move|p1a: Garganacl|Salt Cure|p2a: Gholdengo\n|-resisted|p2a: Gholdengo\n|-damage|p2a: Gholdengo|29\/100\n|-start|p2a: Gholdengo|Salt Cure\n|\n|-damage|p2a: Gholdengo|4\/100|[from] Salt Cure\n|upkeep\n|turn|38\n|\n|t:|1700456220\n|switch|p1a: Espeon|Espeon, M|64\/100\n|move|p2a: Gholdengo|Shadow Ball|p1a: Espeon\n|-supereffective|p1a: Espeon\n|-damage|p1a: Espeon|0 fnt\n|faint|p1a: Espeon\n|\n|-damage|p2a: Gholdengo|0 fnt|[from] Salt Cure\n|faint|p2a: Gholdengo\n|upkeep\n|\n|t:|1700456229\n|switch|p2a: Dragonite|Dragonite, F|87\/100\n|switch|p1a: Garganacl|Garganacl, F, shiny, tera:Ghost|38\/100\n|turn|39\n|\n|t:|1700456234\n|move|p2a: Dragonite|Dragon Dance|p2a: Dragonite\n|-boost|p2a: Dragonite|atk|1\n|-boost|p2a: Dragonite|spe|1\n|move|p1a: Garganacl|Recover|p1a: Garganacl\n|-heal|p1a: Garganacl|88\/100\n|\n|upkeep\n|turn|40\n|\n|t:|1700456240\n|move|p2a: Dragonite|Earthquake|p1a: Garganacl\n|-damage|p1a: Garganacl|45\/100\n|move|p1a: Garganacl|Iron Defense|p1a: Garganacl\n|-boost|p1a: Garganacl|def|2\n|\n|upkeep\n|turn|41\n|\n|t:|1700456245\n|move|p2a: Dragonite|Dragon Dance|p2a: Dragonite\n|-boost|p2a: Dragonite|atk|1\n|-boost|p2a: Dragonite|spe|1\n|move|p1a: Garganacl|Recover|p1a: Garganacl\n|-heal|p1a: Garganacl|95\/100\n|\n|upkeep\n|turn|42\n|\n|t:|1700456251\n|move|p2a: Dragonite|Earthquake|p1a: Garganacl\n|-damage|p1a: Garganacl|69\/100\n|move|p1a: Garganacl|Iron Defense|p1a: Garganacl\n|-boost|p1a: Garganacl|def|2\n|\n|upkeep\n|turn|43\n|\n|t:|1700456257\n|move|p2a: Dragonite|Dragon Dance|p2a: Dragonite\n|-boost|p2a: Dragonite|atk|1\n|-boost|p2a: Dragonite|spe|1\n|move|p1a: Garganacl|Salt Cure|p2a: Dragonite\n|-supereffective|p2a: Dragonite\n|-damage|p2a: Dragonite|56\/100\n|-start|p2a: Dragonite|Salt Cure\n|\n|-damage|p2a: Dragonite|44\/100|[from] Salt Cure\n|upkeep\n|turn|44\n|\n|t:|1700456265\n|move|p2a: Dragonite|Earthquake|p1a: Garganacl\n|-damage|p1a: Garganacl|45\/100\n|move|p1a: Garganacl|Iron Defense|p1a: Garganacl\n|-boost|p1a: Garganacl|def|2\n|\n|-damage|p2a: Dragonite|31\/100|[from] Salt Cure\n|upkeep\n|turn|45\n|\n|t:|1700456271\n|move|p2a: Dragonite|Earthquake|p1a: Garganacl\n|-damage|p1a: Garganacl|29\/100\n|move|p1a: Garganacl|Recover|p1a: Garganacl\n|-heal|p1a: Garganacl|79\/100\n|\n|-damage|p2a: Dragonite|19\/100|[from] Salt Cure\n|upkeep\n|turn|46\n|\n|t:|1700456278\n|move|p2a: Dragonite|Earthquake|p1a: Garganacl\n|-damage|p1a: Garganacl|62\/100\n|move|p1a: Garganacl|Recover|p1a: Garganacl\n|-heal|p1a: Garganacl|100\/100\n|\n|-damage|p2a: Dragonite|6\/100|[from] Salt Cure\n|upkeep\n|turn|47\n|c|\u2606liaoya|gg\n|-message|000Epsilon forfeited.\n|\n|win|liaoya\n|raw|liaoya's rating: 1518 &rarr; <strong>1532<\/strong><br \/>(+14 for winning)\n|raw|000Epsilon's rating: 1411 &rarr; <strong>1397<\/strong><br \/>(-14 for losing)\n|l|\u2606000Epsilon\n","uploadtime":1700456284,"views":32,"p1id":"liaoya","p2id":"000epsilon","formatid":"gen9ou","rating":1397,"private":0,"password":""}