{"id":"gen9ou-1995966881","p1":"Gambit_Gamin","p2":"fdsfd12345","format":"[Gen 9] OU","log":"|j|\u2606Gambit_Gamin\n|j|\u2606fdsfd12345\n|inactive|Battle timer is ON: inactive players will automatically lose when time's up.\n|t:|1700623102\n|gametype|singles\n|player|p1|Gambit_Gamin|ingo|\n|player|p2|fdsfd12345|265|\n|teamsize|p1|6\n|teamsize|p2|6\n|gen|9\n|tier|[Gen 9] OU\n|rated|Tournament battle\n|rule|Sleep Clause Mod: Limit one foe put to sleep\n|rule|Species Clause: Limit one of each Pok\u00e9mon\n|rule|OHKO Clause: OHKO moves are banned\n|rule|Evasion Items Clause: Evasion items are banned\n|rule|Evasion Moves Clause: Evasion moves are banned\n|rule|Endless Battle Clause: Forcing endless battles is banned\n|rule|HP Percentage Mod: HP is shown in percentages\n|clearpoke\n|poke|p1|Glaceon, F|\n|poke|p1|Mismagius, F|\n|poke|p1|Mimikyu, F|\n|poke|p1|Lurantis, M|\n|poke|p1|Tinkaton, F|\n|poke|p1|Toedscruel, M|\n|poke|p2|Lurantis, M|\n|poke|p2|Tinkaton, F|\n|poke|p2|Mismagius, M|\n|poke|p2|Toedscruel, F|\n|poke|p2|Glaceon, F|\n|poke|p2|Mimikyu, F|\n|teampreview\n|j|*Lady Monita \u2746\n|j| Maxecuter Executor\n|j| AmazingMaxwell\n|c|\u2606Gambit_Gamin|gl\n|c|\u2606fdsfd12345|u2\n|\n|t:|1700623130\n|start\n|switch|p1a: Mismagius|Mismagius, F, shiny|100\/100\n|switch|p2a: Tinkaton|Tinkaton, F|100\/100\n|-ability|p2a: Tinkaton|Mold Breaker\n|turn|1\n|\n|t:|1700623138\n|move|p1a: Mismagius|Trick|p2a: Tinkaton\n|-activate|p1a: Mismagius|move: Trick|[of] p2a: Tinkaton\n|-item|p2a: Tinkaton|Choice Scarf|[from] move: Trick\n|-item|p1a: Mismagius|Leftovers|[from] move: Trick\n|move|p2a: Tinkaton|Swords Dance|p2a: Tinkaton\n|-boost|p2a: Tinkaton|atk|2\n|\n|upkeep\n|turn|2\n|\n|t:|1700623159\n|switch|p2a: Lurantis|Lurantis, M|100\/100\n|move|p1a: Mismagius|Shadow Ball|p2a: Lurantis\n|-damage|p2a: Lurantis|48\/100\n|\n|-heal|p2a: Lurantis|54\/100|[from] item: Leftovers\n|upkeep\n|turn|3\n|\n|t:|1700623169\n|move|p1a: Mismagius|Mystical Fire|p2a: Lurantis\n|-supereffective|p2a: Lurantis\n|-damage|p2a: Lurantis|0 fnt\n|faint|p2a: Lurantis\n|\n|upkeep\n|\n|t:|1700623172\n|switch|p2a: Mismagius|Mismagius, M|100\/100\n|turn|4\n|\n|t:|1700623181\n|-terastallize|p1a: Mismagius|Dark\n|move|p2a: Mismagius|Shadow Ball|p1a: Mismagius\n|-resisted|p1a: Mismagius\n|-damage|p1a: Mismagius|66\/100\n|move|p1a: Mismagius|Dark Pulse|p2a: Mismagius\n|-supereffective|p2a: Mismagius\n|-damage|p2a: Mismagius|3\/100\n|\n|-heal|p1a: Mismagius|72\/100|[from] item: Leftovers\n|upkeep\n|turn|5\n|\n|t:|1700623195\n|move|p1a: Mismagius|Shadow Ball|p2a: Mismagius\n|-supereffective|p2a: Mismagius\n|-damage|p2a: Mismagius|0 fnt\n|faint|p2a: Mismagius\n|\n|-heal|p1a: Mismagius|78\/100|[from] item: Leftovers\n|upkeep\n|\n|t:|1700623204\n|switch|p2a: Tinkaton|Tinkaton, F|100\/100\n|-ability|p2a: Tinkaton|Mold Breaker\n|turn|6\n|\n|t:|1700623207\n|switch|p1a: Tinkaton|Tinkaton, F, shiny|100\/100\n|-ability|p1a: Tinkaton|Mold Breaker\n|move|p2a: Tinkaton|Play Rough|p1a: Tinkaton\n|-resisted|p1a: Tinkaton\n|-damage|p1a: Tinkaton|81\/100\n|\n|upkeep\n|turn|7\n|\n|t:|1700623219\n|switch|p2a: Toedscruel|Toedscruel, F|100\/100\n|move|p1a: Tinkaton|Gigaton Hammer|p2a: Toedscruel\n|-damage|p2a: Toedscruel|0 fnt\n|faint|p2a: Toedscruel\n|-damage|p1a: Tinkaton|71\/100|[from] item: Life Orb\n|\n|upkeep\n|\n|t:|1700623224\n|switch|p2a: Tinkaton|Tinkaton, F|100\/100\n|-ability|p2a: Tinkaton|Mold Breaker\n|turn|8\n|\n|t:|1700623236\n|move|p2a: Tinkaton|Gigaton Hammer|p1a: Tinkaton\n|-damage|p1a: Tinkaton|6\/100\n|move|p1a: Tinkaton|Play Rough|p2a: Tinkaton\n|-resisted|p2a: Tinkaton\n|-damage|p2a: Tinkaton|66\/100\n|-unboost|p2a: Tinkaton|atk|1\n|-damage|p1a: Tinkaton|0 fnt|[from] item: Life Orb\n|faint|p1a: Tinkaton\n|\n|upkeep\n|\n|t:|1700623247\n|switch|p1a: Lurantis|Lurantis, M, shiny|100\/100\n|turn|9\n|\n|t:|1700623261\n|switch|p2a: Glaceon|Glaceon, F|100\/100\n|move|p1a: Lurantis|Leaf Blade|p2a: Glaceon\n|-damage|p2a: Glaceon|69\/100\n|\n|-heal|p2a: Glaceon|75\/100|[from] item: Leftovers\n|upkeep\n|turn|10\n|\n|t:|1700623271\n|switch|p1a: Mismagius|Mismagius, F, shiny, tera:Dark|78\/100\n|-terastallize|p2a: Glaceon|Steel\n|move|p2a: Glaceon|Wish|p2a: Glaceon\n|\n|-heal|p1a: Mismagius|84\/100|[from] item: Leftovers\n|-heal|p2a: Glaceon|81\/100|[from] item: Leftovers\n|upkeep\n|turn|11\n|\n|t:|1700623279\n|move|p1a: Mismagius|Mystical Fire|p2a: Glaceon\n|-supereffective|p2a: Glaceon\n|-crit|p2a: Glaceon\n|-damage|p2a: Glaceon|9\/100\n|-unboost|p2a: Glaceon|spa|1\n|move|p2a: Glaceon|Freeze-Dry|p1a: Mismagius\n|-damage|p1a: Mismagius|60\/100\n|-status|p1a: Mismagius|frz\n|\n|-heal|p2a: Glaceon|59\/100|[from] move: Wish|[wisher] Glaceon\n|-heal|p1a: Mismagius|67\/100 frz|[from] item: Leftovers\n|-heal|p2a: Glaceon|65\/100|[from] item: Leftovers\n|upkeep\n|turn|12\n|\n|t:|1700623290\n|cant|p1a: Mismagius|frz\n|move|p2a: Glaceon|Calm Mind|p2a: Glaceon\n|-boost|p2a: Glaceon|spa|1\n|-boost|p2a: Glaceon|spd|1\n|\n|-heal|p1a: Mismagius|73\/100 frz|[from] item: Leftovers\n|-heal|p2a: Glaceon|71\/100|[from] item: Leftovers\n|upkeep\n|turn|13\n|\n|t:|1700623299\n|cant|p1a: Mismagius|frz\n|move|p2a: Glaceon|Calm Mind|p2a: Glaceon\n|-boost|p2a: Glaceon|spa|1\n|-boost|p2a: Glaceon|spd|1\n|\n|-heal|p1a: Mismagius|79\/100 frz|[from] item: Leftovers\n|-heal|p2a: Glaceon|77\/100|[from] item: Leftovers\n|upkeep\n|turn|14\n|\n|t:|1700623303\n|switch|p1a: Lurantis|Lurantis, M, shiny|100\/100\n|move|p2a: Glaceon|Calm Mind|p2a: Glaceon\n|-boost|p2a: Glaceon|spa|1\n|-boost|p2a: Glaceon|spd|1\n|\n|-heal|p2a: Glaceon|83\/100|[from] item: Leftovers\n|upkeep\n|turn|15\n|\n|t:|1700623317\n|move|p2a: Glaceon|Freeze-Dry|p1a: Lurantis\n|-supereffective|p1a: Lurantis\n|-damage|p1a: Lurantis|0 fnt\n|faint|p1a: Lurantis\n|\n|-heal|p2a: Glaceon|89\/100|[from] item: Leftovers\n|upkeep\n|\n|t:|1700623322\n|switch|p1a: Mimikyu|Mimikyu, F, shiny|100\/100\n|turn|16\n|j| caterqu2\n|\n|t:|1700623329\n|move|p1a: Mimikyu|Drain Punch|p2a: Glaceon\n|-supereffective|p2a: Glaceon\n|-damage|p2a: Glaceon|52\/100\n|-damage|p1a: Mimikyu|91\/100|[from] item: Life Orb\n|move|p2a: Glaceon|Freeze-Dry|p1a: Mimikyu\n|-activate|p1a: Mimikyu|ability: Disguise\n|-damage|p1a: Mimikyu|91\/100\n|detailschange|p1a: Mimikyu|Mimikyu-Busted, F, shiny\n|-damage|p1a: Mimikyu|78\/100|[from] pokemon: Mimikyu-Busted\n|\n|-heal|p2a: Glaceon|58\/100|[from] item: Leftovers\n|upkeep\n|turn|17\n|\n|t:|1700623335\n|move|p1a: Mimikyu|Drain Punch|p2a: Glaceon\n|-supereffective|p2a: Glaceon\n|-damage|p2a: Glaceon|23\/100\n|-heal|p1a: Mimikyu|100\/100|[from] drain|[of] p2a: Glaceon\n|-damage|p1a: Mimikyu|91\/100|[from] item: Life Orb\n|move|p2a: Glaceon|Freeze-Dry|p1a: Mimikyu\n|-damage|p1a: Mimikyu|7\/100\n|\n|-heal|p2a: Glaceon|29\/100|[from] item: Leftovers\n|upkeep\n|turn|18\n|\n|t:|1700623345\n|move|p1a: Mimikyu|Drain Punch|p2a: Glaceon\n|-supereffective|p2a: Glaceon\n|-damage|p2a: Glaceon|0 fnt\n|-heal|p1a: Mimikyu|26\/100|[from] drain|[of] p2a: Glaceon\n|faint|p2a: Glaceon\n|-damage|p1a: Mimikyu|16\/100|[from] item: Life Orb\n|\n|upkeep\n|inactive|fdsfd12345 has 120 seconds left.\n|\n|t:|1700623372\n|switch|p2a: Tinkaton|Tinkaton, F|66\/100\n|-ability|p2a: Tinkaton|Mold Breaker\n|turn|19\n|\n|t:|1700623376\n|move|p1a: Mimikyu|Shadow Sneak|p2a: Tinkaton\n|-damage|p2a: Tinkaton|34\/100\n|-damage|p1a: Mimikyu|6\/100|[from] item: Life Orb\n|move|p2a: Tinkaton|Play Rough|p1a: Mimikyu|[miss]\n|-miss|p2a: Tinkaton|p1a: Mimikyu\n|\n|upkeep\n|turn|20\n|\n|t:|1700623385\n|move|p1a: Mimikyu|Shadow Sneak|p2a: Tinkaton\n|-damage|p2a: Tinkaton|6\/100\n|-damage|p1a: Mimikyu|0 fnt|[from] item: Life Orb\n|faint|p1a: Mimikyu\n|move|p2a: Tinkaton|Play Rough|p1: Mimikyu|[notarget]\n|-fail|p2a: Tinkaton\n|\n|upkeep\n|\n|t:|1700623399\n|switch|p1a: Glaceon|Glaceon, F, shiny|100\/100\n|turn|21\n|\n|t:|1700623403\n|move|p2a: Tinkaton|Play Rough|p1a: Glaceon\n|-damage|p1a: Glaceon|71\/100\n|move|p1a: Glaceon|Ice Beam|p2a: Tinkaton\n|-resisted|p2a: Tinkaton\n|-damage|p2a: Tinkaton|0 fnt\n|faint|p2a: Tinkaton\n|\n|-heal|p1a: Glaceon|77\/100|[from] item: Leftovers\n|upkeep\n|\n|t:|1700623407\n|switch|p2a: Mimikyu|Mimikyu, F|100\/100\n|turn|22\n|\n|t:|1700623412\n|move|p2a: Mimikyu|Swords Dance|p2a: Mimikyu\n|-boost|p2a: Mimikyu|atk|2\n|move|p1a: Glaceon|Ice Beam|p2a: Mimikyu\n|-activate|p2a: Mimikyu|ability: Disguise\n|-damage|p2a: Mimikyu|100\/100\n|detailschange|p2a: Mimikyu|Mimikyu-Busted, F\n|-damage|p2a: Mimikyu|88\/100|[from] pokemon: Mimikyu-Busted\n|\n|-heal|p1a: Glaceon|83\/100|[from] item: Leftovers\n|upkeep\n|turn|23\n|\n|t:|1700623424\n|move|p2a: Mimikyu|Play Rough|p1a: Glaceon\n|-damage|p1a: Glaceon|0 fnt\n|faint|p1a: Glaceon\n|-damage|p2a: Mimikyu|78\/100|[from] item: Life Orb\n|\n|upkeep\n|\n|t:|1700623435\n|switch|p1a: Mismagius|Mismagius, F, shiny, tera:Dark|79\/100 frz\n|turn|24\n|j| AAATD magi\n|\n|t:|1700623441\n|cant|p1a: Mismagius|frz\n|move|p2a: Mimikyu|Play Rough|p1a: Mismagius\n|-supereffective|p1a: Mismagius\n|-damage|p1a: Mismagius|0 fnt\n|faint|p1a: Mismagius\n|-damage|p2a: Mimikyu|68\/100|[from] item: Life Orb\n|\n|upkeep\n|l| AAATD magi\n|l| Maxecuter Executor\n|\n|t:|1700623450\n|switch|p1a: Toedscruel|Toedscruel, M, shiny|100\/100\n|turn|25\n|inactive|fdsfd12345 has 120 seconds left.\n|\n|t:|1700623491\n|move|p2a: Mimikyu|Shadow Claw|p1a: Toedscruel\n|-damage|p1a: Toedscruel|31\/100\n|-damage|p2a: Mimikyu|58\/100|[from] item: Life Orb\n|move|p1a: Toedscruel|Earth Power|p2a: Mimikyu\n|-damage|p2a: Mimikyu|23\/100\n|\n|-heal|p1a: Toedscruel|37\/100|[from] item: Leftovers\n|upkeep\n|turn|26\n|c|\u2606Gambit_Gamin|gg\n|\n|t:|1700623518\n|move|p2a: Mimikyu|Shadow Claw|p1a: Toedscruel\n|-crit|p1a: Toedscruel\n|-damage|p1a: Toedscruel|0 fnt\n|faint|p1a: Toedscruel\n|-damage|p2a: Mimikyu|13\/100|[from] item: Life Orb\n|\n|win|fdsfd12345\n|n|\u2606Gambit_Gamin|gambitgamin\n|n|\u2606fdsfd12345|fdsfd12345\n|n|*Lady Monita \u2746|ladymonita\n|n| AmazingMaxwell|amazingmaxwell\n|n| caterqu2|caterqu2\n","uploadtime":1700623519,"views":1,"p1id":"gambitgamin","p2id":"fdsfd12345","formatid":"gen9ou","rating":0,"private":0,"password":""}