{"id":"gen9ou-1995070513","p1":"seakingmissile","p2":"balheat227","format":"[Gen 9] OU","log":"|j|\u2606seakingmissile\n|j|\u2606balheat227\n|t:|1700519328\n|gametype|singles\n|player|p1|seakingmissile|larry|1413\n|player|p2|balheat227|101|1458\n|teamsize|p1|6\n|teamsize|p2|6\n|gen|9\n|tier|[Gen 9] OU\n|rated|\n|rule|Sleep Clause Mod: Limit one foe put to sleep\n|rule|Species Clause: Limit one of each Pok\u00e9mon\n|rule|OHKO Clause: OHKO moves are banned\n|rule|Evasion Items Clause: Evasion items are banned\n|rule|Evasion Moves Clause: Evasion moves are banned\n|rule|Endless Battle Clause: Forcing endless battles is banned\n|rule|HP Percentage Mod: HP is shown in percentages\n|clearpoke\n|poke|p1|Landorus-Therian, M|\n|poke|p1|Meloetta|\n|poke|p1|Zapdos|\n|poke|p1|Cinderace, M|\n|poke|p1|Slowking-Galar, M|\n|poke|p1|Iron Valiant|\n|poke|p2|Chesnaught, M|\n|poke|p2|Goodra-Hisui, M|\n|poke|p2|Walking Wake|\n|poke|p2|Landorus-Therian, M|\n|poke|p2|Dragapult, F|\n|poke|p2|Jirachi|\n|teampreview\n|c|\u2606seakingmissile|glhf\n|inactive|Battle timer is ON: inactive players will automatically lose when time's up. (requested by seakingmissile)\n|c|\u2606balheat227|U TOO\n|\n|t:|1700519341\n|start\n|switch|p1a: Meloetta|Meloetta|100\/100\n|switch|p2a: Jirachi|Jirachi|100\/100\n|turn|1\n|\n|t:|1700519348\n|move|p1a: Meloetta|Relic Song|p2a: Jirachi\n|-resisted|p2a: Jirachi\n|-damage|p2a: Jirachi|84\/100\n|-status|p2a: Jirachi|slp|[from] move: Relic Song\n|-formechange|p1a: Meloetta|Meloetta-Pirouette|[msg]\n|-damage|p1a: Meloetta|91\/100|[from] item: Life Orb\n|cant|p2a: Jirachi|slp\n|\n|-heal|p2a: Jirachi|90\/100 slp|[from] item: Leftovers\n|upkeep\n|turn|2\n|\n|t:|1700519368\n|move|p1a: Meloetta|Swords Dance|p1a: Meloetta\n|-boost|p1a: Meloetta|atk|2\n|cant|p2a: Jirachi|slp\n|\n|-heal|p2a: Jirachi|97\/100 slp|[from] item: Leftovers\n|upkeep\n|turn|3\n|\n|t:|1700519388\n|move|p1a: Meloetta|Knock Off|p2a: Jirachi\n|-supereffective|p2a: Jirachi\n|-damage|p2a: Jirachi|0 fnt\n|-enditem|p2a: Jirachi|Leftovers|[from] move: Knock Off|[of] p1a: Meloetta\n|faint|p2a: Jirachi\n|-damage|p1a: Meloetta|81\/100|[from] item: Life Orb\n|\n|upkeep\n|\n|t:|1700519391\n|switch|p2a: Dragapult|Dragapult, F|100\/100\n|turn|4\n|\n|t:|1700519405\n|move|p1a: Meloetta|Knock Off|p2a: Dragapult\n|-supereffective|p2a: Dragapult\n|-damage|p2a: Dragapult|0 fnt\n|-enditem|p2a: Dragapult|Lum Berry|[from] move: Knock Off|[of] p1a: Meloetta\n|faint|p2a: Dragapult\n|-damage|p1a: Meloetta|71\/100|[from] item: Life Orb\n|\n|upkeep\n|\n|t:|1700519410\n|switch|p2a: SARGE|Chesnaught, M, shiny|100\/100\n|turn|5\n|\n|t:|1700519414\n|move|p1a: Meloetta|Play Rough|p2a: SARGE\n|-supereffective|p2a: SARGE\n|-damage|p2a: SARGE|0 fnt\n|faint|p2a: SARGE\n|-damage|p1a: Meloetta|61\/100|[from] item: Life Orb\n|\n|upkeep\n|\n|t:|1700519423\n|switch|p2a: WOOF|Landorus-Therian, M|100\/100\n|-ability|p2a: WOOF|Intimidate|boost\n|-unboost|p1a: Meloetta|atk|1\n|turn|6\n|\n|t:|1700519429\n|move|p1a: Meloetta|Relic Song|p2a: WOOF\n|-damage|p2a: WOOF|68\/100\n|-formechange|p1a: Meloetta|Meloetta|[msg]\n|-damage|p1a: Meloetta|51\/100|[from] item: Life Orb\n|move|p2a: WOOF|U-turn|p1a: Meloetta\n|-supereffective|p1a: Meloetta\n|-damage|p1a: Meloetta|0 fnt\n|faint|p1a: Meloetta\n|\n|t:|1700519433\n|switch|p2a: Walking Wake|Walking Wake|100\/100|[from] U-turn\n|\n|upkeep\n|\n|t:|1700519439\n|switch|p1a: Iron Valiant|Iron Valiant|100\/100\n|-enditem|p1a: Iron Valiant|Booster Energy\n|-activate|p1a: Iron Valiant|ability: Quark Drive|[fromitem]\n|-start|p1a: Iron Valiant|quarkdrivespe\n|turn|7\n|\n|t:|1700519453\n|-terastallize|p2a: Walking Wake|Fire\n|move|p1a: Iron Valiant|Calm Mind|p1a: Iron Valiant\n|-boost|p1a: Iron Valiant|spa|1\n|-boost|p1a: Iron Valiant|spd|1\n|move|p2a: Walking Wake|Flamethrower|p1a: Iron Valiant\n|-damage|p1a: Iron Valiant|18\/100\n|\n|upkeep\n|turn|8\n|\n|t:|1700519456\n|move|p1a: Iron Valiant|Aura Sphere|p2a: Walking Wake\n|-damage|p2a: Walking Wake|34\/100\n|move|p2a: Walking Wake|Flamethrower|p1a: Iron Valiant\n|-damage|p1a: Iron Valiant|0 fnt\n|faint|p1a: Iron Valiant\n|-end|p1a: Iron Valiant|Quark Drive|[silent]\n|\n|upkeep\n|\n|t:|1700519467\n|switch|p1a: Landorus|Landorus-Therian, M|100\/100\n|-ability|p1a: Landorus|Intimidate|boost\n|-unboost|p2a: Walking Wake|atk|1\n|turn|9\n|\n|t:|1700519485\n|move|p1a: Landorus|Stone Edge|p2a: Walking Wake\n|-supereffective|p2a: Walking Wake\n|-damage|p2a: Walking Wake|0 fnt\n|faint|p2a: Walking Wake\n|-end|p2a: Walking Wake|Protosynthesis|[silent]\n|\n|upkeep\n|\n|t:|1700519492\n|switch|p2a: GOODGE|Goodra-Hisui, M|100\/100\n|turn|10\n|\n|t:|1700519498\n|switch|p1a: Cinderace|Cinderace, M|100\/100\n|move|p2a: GOODGE|Dragon Pulse|p1a: Cinderace\n|-damage|p1a: Cinderace|42\/100\n|\n|upkeep\n|turn|11\n|\n|t:|1700519501\n|switch|p2a: WOOF|Landorus-Therian, M|68\/100\n|-ability|p2a: WOOF|Intimidate|boost\n|-unboost|p1a: Cinderace|atk|1\n|move|p1a: Cinderace|High Jump Kick|p2a: WOOF\n|-start|p1a: Cinderace|typechange|Fighting|[from] ability: Libero\n|-resisted|p2a: WOOF\n|-damage|p2a: WOOF|45\/100\n|\n|upkeep\n|turn|12\n|\n|t:|1700519505\n|switch|p1a: Zapdos|Zapdos|100\/100\n|move|p2a: WOOF|U-turn|p1a: Zapdos\n|-resisted|p1a: Zapdos\n|-damage|p1a: Zapdos|80\/100\n|-status|p2a: WOOF|par|[from] ability: Static|[of] p1a: Zapdos\n|\n|t:|1700519507\n|switch|p2a: GOODGE|Goodra-Hisui, M|100\/100|[from] U-turn\n|\n|upkeep\n|turn|13\n|\n|t:|1700519511\n|move|p1a: Zapdos|Hurricane|p2a: GOODGE\n|-resisted|p2a: GOODGE\n|-damage|p2a: GOODGE|87\/100\n|move|p2a: GOODGE|Dragon Pulse|p1a: Zapdos\n|-damage|p1a: Zapdos|42\/100\n|\n|upkeep\n|turn|14\n|inactive|balheat227 has 120 seconds left.\n|\n|t:|1700519547\n|move|p1a: Zapdos|Discharge|p2a: GOODGE\n|-resisted|p2a: GOODGE\n|-damage|p2a: GOODGE|78\/100\n|-status|p2a: GOODGE|par\n|cant|p2a: GOODGE|par\n|\n|upkeep\n|turn|15\n|\n|t:|1700519556\n|move|p1a: Zapdos|Roost|p1a: Zapdos\n|-heal|p1a: Zapdos|92\/100\n|-singleturn|p1a: Zapdos|move: Roost\n|move|p2a: GOODGE|Dragon Pulse|p1a: Zapdos\n|-damage|p1a: Zapdos|50\/100\n|\n|upkeep\n|turn|16\n|\n|t:|1700519561\n|move|p1a: Zapdos|U-turn|p2a: GOODGE\n|-resisted|p2a: GOODGE\n|-damage|p2a: GOODGE|72\/100 par\n|-ability|p2a: GOODGE|Gooey\n|-unboost|p1a: Zapdos|spe|1\n|\n|t:|1700519563\n|switch|p1a: Landorus|Landorus-Therian, M|100\/100|[from] U-turn\n|-ability|p1a: Landorus|Intimidate|boost\n|-unboost|p2a: GOODGE|atk|1\n|move|p2a: GOODGE|Dragon Pulse|p1a: Landorus\n|-damage|p1a: Landorus|38\/100\n|\n|upkeep\n|turn|17\n|\n|t:|1700519567\n|move|p1a: Landorus|Earthquake|p2a: GOODGE\n|-supereffective|p2a: GOODGE\n|-damage|p2a: GOODGE|0 fnt\n|faint|p2a: GOODGE\n|\n|upkeep\n|\n|t:|1700519569\n|switch|p2a: WOOF|Landorus-Therian, M|45\/100 par\n|-ability|p2a: WOOF|Intimidate|boost\n|-unboost|p1a: Landorus|atk|1\n|turn|18\n|c|\u2606seakingmissile|gg\n|-message|balheat227 forfeited.\n|\n|win|seakingmissile\n|raw|seakingmissile's rating: 1413 &rarr; <strong>1434<\/strong><br \/>(+21 for winning)\n|raw|balheat227's rating: 1439 &rarr; <strong>1418<\/strong><br \/>(-21 for losing)\n|l|\u2606balheat227\n","uploadtime":1700519597,"views":7,"p1id":"seakingmissile","p2id":"balheat227","formatid":"gen9ou","rating":1418,"private":0,"password":""}