{"id":"gen9ou-1991948949","p1":"Petergriffinonline","p2":"FishSupreme","format":"[Gen 9] OU","log":"|j|\u2606Petergriffinonline\n|j|\u2606FishSupreme\n|t:|1700141563\n|gametype|singles\n|player|p1|Petergriffinonline|170|1294\n|player|p2|FishSupreme|169|1306\n|teamsize|p1|6\n|teamsize|p2|6\n|gen|9\n|tier|[Gen 9] OU\n|rated|\n|rule|Sleep Clause Mod: Limit one foe put to sleep\n|rule|Species Clause: Limit one of each Pok\u00e9mon\n|rule|OHKO Clause: OHKO moves are banned\n|rule|Evasion Items Clause: Evasion items are banned\n|rule|Evasion Moves Clause: Evasion moves are banned\n|rule|Endless Battle Clause: Forcing endless battles is banned\n|rule|HP Percentage Mod: HP is shown in percentages\n|clearpoke\n|poke|p1|Rotom-Wash|\n|poke|p1|Amoonguss, M|\n|poke|p1|Dragapult, M|\n|poke|p1|Iron Moth|\n|poke|p1|Greninja-*, M|\n|poke|p1|Manaphy|\n|poke|p2|Amoonguss, F|\n|poke|p2|Iron Treads|\n|poke|p2|Pelipper, M|\n|poke|p2|Dragapult, F|\n|poke|p2|Ting-Lu|\n|poke|p2|Iron Valiant|\n|teampreview\n|\n|t:|1700141571\n|start\n|switch|p1a: Rotom|Rotom-Wash|100\/100\n|switch|p2a: Iron Valiant|Iron Valiant|100\/100\n|turn|1\n|\n|t:|1700141579\n|-end|p2a: Iron Valiant|Quark Drive|[silent]\n|switch|p2a: Amoonguss|Amoonguss, F|100\/100\n|move|p1a: Rotom|Trick|p2a: Amoonguss\n|-activate|p1a: Rotom|move: Trick|[of] p2a: Amoonguss\n|-item|p2a: Amoonguss|Choice Scarf|[from] move: Trick\n|-item|p1a: Rotom|Rocky Helmet|[from] move: Trick\n|\n|upkeep\n|turn|2\n|\n|t:|1700141592\n|switch|p1a: Amoonguss|Amoonguss, M|100\/100\n|move|p2a: Amoonguss|Spore|p1a: Amoonguss\n|-immune|p1a: Amoonguss\n|\n|upkeep\n|turn|3\n|\n|t:|1700141600\n|move|p2a: Amoonguss|Spore|p1a: Amoonguss\n|-immune|p1a: Amoonguss\n|move|p1a: Amoonguss|Sludge Bomb|p2a: Amoonguss\n|-damage|p2a: Amoonguss|74\/100\n|\n|upkeep\n|turn|4\n|\n|t:|1700141607\n|switch|p2a: Pelipper|Pelipper, M|100\/100\n|-weather|RainDance|[from] ability: Drizzle|[of] p2a: Pelipper\n|move|p1a: Amoonguss|Giga Drain|p2a: Pelipper\n|-damage|p2a: Pelipper|63\/100\n|\n|-weather|RainDance|[upkeep]\n|upkeep\n|turn|5\n|\n|t:|1700141617\n|move|p2a: Pelipper|Hurricane|p1a: Amoonguss\n|-supereffective|p1a: Amoonguss\n|-damage|p1a: Amoonguss|0 fnt\n|faint|p1a: Amoonguss\n|\n|-weather|RainDance|[upkeep]\n|upkeep\n|\n|t:|1700141622\n|switch|p1a: Dragapult|Dragapult, M|100\/100\n|turn|6\n|\n|t:|1700141625\n|switch|p2a: Ting-Lu|Ting-Lu|100\/100\n|-ability|p2a: Ting-Lu|Vessel of Ruin\n|move|p1a: Dragapult|Thunderbolt|p2a: Ting-Lu\n|-immune|p2a: Ting-Lu\n|\n|-weather|RainDance|[upkeep]\n|upkeep\n|turn|7\n|\n|t:|1700141633\n|move|p1a: Dragapult|Surf|p2a: Ting-Lu\n|-supereffective|p2a: Ting-Lu\n|-damage|p2a: Ting-Lu|54\/100\n|-damage|p1a: Dragapult|91\/100|[from] item: Life Orb\n|move|p2a: Ting-Lu|Stealth Rock|p1a: Dragapult\n|-sidestart|p1: Petergriffinonline|move: Stealth Rock\n|\n|-weather|RainDance|[upkeep]\n|-heal|p2a: Ting-Lu|61\/100|[from] item: Leftovers\n|upkeep\n|turn|8\n|\n|t:|1700141645\n|switch|p1a: Manaphy|Manaphy|100\/100\n|-damage|p1a: Manaphy|88\/100|[from] Stealth Rock\n|switch|p2a: Amoonguss|Amoonguss, F|100\/100\n|\n|-weather|none\n|-heal|p1a: Manaphy|94\/100|[from] item: Leftovers\n|upkeep\n|turn|9\n|\n|t:|1700141669\n|move|p1a: Manaphy|Take Heart|p1a: Manaphy\n|-boost|p1a: Manaphy|spa|1\n|-boost|p1a: Manaphy|spd|1\n|move|p2a: Amoonguss|Spore|p1a: Manaphy\n|-status|p1a: Manaphy|slp|[from] move: Spore\n|\n|-heal|p1a: Manaphy|100\/100 slp|[from] item: Leftovers\n|upkeep\n|turn|10\n|\n|t:|1700141681\n|switch|p2a: Iron Valiant|Iron Valiant|100\/100\n|cant|p1a: Manaphy|slp\n|\n|upkeep\n|turn|11\n|\n|t:|1700141688\n|-end|p2a: Iron Valiant|Quark Drive|[silent]\n|switch|p2a: Amoonguss|Amoonguss, F|100\/100\n|cant|p1a: Manaphy|slp\n|\n|upkeep\n|turn|12\n|\n|t:|1700141693\n|-curestatus|p1a: Manaphy|slp|[msg]\n|move|p1a: Manaphy|Take Heart|p1a: Manaphy\n|-boost|p1a: Manaphy|spa|1\n|-boost|p1a: Manaphy|spd|1\n|move|p2a: Amoonguss|Clear Smog|p1a: Manaphy\n|-damage|p1a: Manaphy|94\/100\n|-clearboost|p1a: Manaphy\n|\n|-heal|p1a: Manaphy|100\/100|[from] item: Leftovers\n|upkeep\n|turn|13\n|\n|t:|1700141711\n|move|p1a: Manaphy|Take Heart|p1a: Manaphy\n|-boost|p1a: Manaphy|spa|1\n|-boost|p1a: Manaphy|spd|1\n|move|p2a: Amoonguss|Clear Smog|p1a: Manaphy\n|-damage|p1a: Manaphy|92\/100\n|-clearboost|p1a: Manaphy\n|\n|-heal|p1a: Manaphy|99\/100|[from] item: Leftovers\n|upkeep\n|turn|14\n|\n|t:|1700141715\n|switch|p2a: Iron Valiant|Iron Valiant|100\/100\n|move|p1a: Manaphy|Stored Power|p2a: Iron Valiant\n|-supereffective|p2a: Iron Valiant\n|-damage|p2a: Iron Valiant|83\/100\n|\n|-heal|p1a: Manaphy|100\/100|[from] item: Leftovers\n|upkeep\n|turn|15\n|\n|t:|1700141719\n|move|p2a: Iron Valiant|Trick|p1a: Manaphy\n|-activate|p2a: Iron Valiant|move: Trick|[of] p1a: Manaphy\n|-item|p1a: Manaphy|Choice Scarf|[from] move: Trick\n|-item|p2a: Iron Valiant|Leftovers|[from] move: Trick\n|move|p1a: Manaphy|Acid Armor|p1a: Manaphy\n|-boost|p1a: Manaphy|def|2\n|\n|-heal|p2a: Iron Valiant|89\/100|[from] item: Leftovers\n|upkeep\n|turn|16\n|\n|t:|1700141740\n|switch|p1a: Rotom|Rotom-Wash|100\/100\n|-damage|p1a: Rotom|88\/100|[from] Stealth Rock\n|-end|p2a: Iron Valiant|Quark Drive|[silent]\n|switch|p2a: Ting-Lu|Ting-Lu|61\/100\n|-ability|p2a: Ting-Lu|Vessel of Ruin\n|\n|-heal|p2a: Ting-Lu|67\/100|[from] item: Leftovers\n|upkeep\n|turn|17\n|\n|t:|1700141747\n|switch|p2a: Amoonguss|Amoonguss, F|100\/100\n|move|p1a: Rotom|Will-O-Wisp|p2a: Amoonguss\n|-status|p2a: Amoonguss|brn\n|\n|-damage|p2a: Amoonguss|94\/100 brn|[from] brn\n|upkeep\n|turn|18\n|\n|t:|1700141762\n|switch|p1a: Manaphy|Manaphy|100\/100\n|-damage|p1a: Manaphy|88\/100|[from] Stealth Rock\n|move|p2a: Amoonguss|Spore|p1a: Manaphy\n|-status|p1a: Manaphy|slp|[from] move: Spore\n|\n|-damage|p2a: Amoonguss|88\/100 brn|[from] brn\n|upkeep\n|turn|19\n|\n|t:|1700141767\n|switch|p1a: Rotom|Rotom-Wash|88\/100\n|-damage|p1a: Rotom|76\/100|[from] Stealth Rock\n|switch|p2a: Pelipper|Pelipper, M|63\/100\n|-weather|RainDance|[from] ability: Drizzle|[of] p2a: Pelipper\n|\n|-weather|RainDance|[upkeep]\n|upkeep\n|turn|20\n|\n|t:|1700141773\n|switch|p2a: Amoonguss|Amoonguss, F|100\/100 brn\n|move|p1a: Rotom|Will-O-Wisp|p2a: Amoonguss\n|-fail|p2a: Amoonguss|brn\n|\n|-weather|RainDance|[upkeep]\n|-damage|p2a: Amoonguss|94\/100 brn|[from] brn\n|upkeep\n|turn|21\n|\n|t:|1700141790\n|switch|p1a: Iron Moth|Iron Moth|100\/100\n|-damage|p1a: Iron Moth|76\/100|[from] Stealth Rock\n|-enditem|p1a: Iron Moth|Booster Energy\n|-activate|p1a: Iron Moth|ability: Quark Drive|[fromitem]\n|-start|p1a: Iron Moth|quarkdrivespe\n|move|p2a: Amoonguss|Foul Play|p1a: Iron Moth\n|-damage|p1a: Iron Moth|67\/100\n|\n|-weather|RainDance|[upkeep]\n|-damage|p2a: Amoonguss|88\/100 brn|[from] brn\n|upkeep\n|turn|22\n|\n|t:|1700141799\n|switch|p2a: Ting-Lu|Ting-Lu|67\/100\n|-ability|p2a: Ting-Lu|Vessel of Ruin\n|move|p1a: Iron Moth|Substitute|p1a: Iron Moth\n|-start|p1a: Iron Moth|Substitute\n|-damage|p1a: Iron Moth|42\/100\n|\n|-weather|RainDance|[upkeep]\n|-heal|p2a: Ting-Lu|73\/100|[from] item: Leftovers\n|upkeep\n|turn|23\n|\n|t:|1700141805\n|move|p1a: Iron Moth|Energy Ball|p2a: Ting-Lu\n|-supereffective|p2a: Ting-Lu\n|-damage|p2a: Ting-Lu|48\/100\n|move|p2a: Ting-Lu|Whirlwind|p1a: Iron Moth\n|-end|p1a: Iron Moth|Quark Drive|[silent]\n|drag|p1a: Rotom|Rotom-Wash|76\/100\n|-damage|p1a: Rotom|63\/100|[from] Stealth Rock\n|\n|-weather|none\n|-heal|p2a: Ting-Lu|54\/100|[from] item: Leftovers\n|upkeep\n|turn|24\n|\n|t:|1700141817\n|switch|p2a: Amoonguss|Amoonguss, F|100\/100 brn\n|move|p1a: Rotom|Hydro Pump|p2a: Amoonguss\n|-resisted|p2a: Amoonguss\n|-damage|p2a: Amoonguss|77\/100 brn\n|\n|-damage|p2a: Amoonguss|71\/100 brn|[from] brn\n|upkeep\n|turn|25\n|\n|t:|1700141832\n|switch|p2a: Iron Treads|Iron Treads|100\/100\n|-item|p2a: Iron Treads|Air Balloon\n|move|p1a: Rotom|Volt Switch|p2a: Iron Treads\n|-immune|p2a: Iron Treads\n|\n|upkeep\n|turn|26\n|\n|t:|1700141841\n|move|p2a: Iron Treads|Volt Switch|p1a: Rotom\n|-damage|p1a: Rotom|48\/100\n|\n|t:|1700141845\n|-end|p2a: Iron Treads|Quark Drive|[silent]\n|switch|p2a: Amoonguss|Amoonguss, F|100\/100 brn|[from] Volt Switch\n|move|p1a: Rotom|Hydro Pump|p2a: Amoonguss|[miss]\n|-miss|p1a: Rotom|p2a: Amoonguss\n|\n|-damage|p2a: Amoonguss|94\/100 brn|[from] brn\n|upkeep\n|turn|27\n|\n|t:|1700141856\n|move|p1a: Rotom|Volt Switch|p2a: Amoonguss\n|-resisted|p2a: Amoonguss\n|-damage|p2a: Amoonguss|80\/100 brn\n|\n|t:|1700141859\n|switch|p1a: Greninja|Greninja, M|100\/100|[from] Volt Switch\n|-damage|p1a: Greninja|88\/100|[from] Stealth Rock\n|move|p2a: Amoonguss|Foul Play|p1a: Greninja\n|-resisted|p1a: Greninja\n|-damage|p1a: Greninja|80\/100\n|\n|-damage|p2a: Amoonguss|74\/100 brn|[from] brn\n|upkeep\n|turn|28\n|\n|t:|1700141889\n|switch|p2a: Ting-Lu|Ting-Lu|54\/100\n|-ability|p2a: Ting-Lu|Vessel of Ruin\n|move|p1a: Greninja|Ice Beam|p2a: Ting-Lu\n|-supereffective|p2a: Ting-Lu\n|-damage|p2a: Ting-Lu|26\/100\n|-damage|p1a: Greninja|70\/100|[from] item: Life Orb\n|\n|-heal|p2a: Ting-Lu|32\/100|[from] item: Leftovers\n|upkeep\n|turn|29\n|\n|t:|1700141908\n|-terastallize|p2a: Ting-Lu|Water\n|move|p1a: Greninja|Grass Knot|p2a: Ting-Lu\n|-supereffective|p2a: Ting-Lu\n|-damage|p2a: Ting-Lu|0 fnt\n|faint|p2a: Ting-Lu\n|-ability|p1a: Greninja|Battle Bond|boost\n|-boost|p1a: Greninja|atk|1\n|-boost|p1a: Greninja|spa|1\n|-boost|p1a: Greninja|spe|1\n|-activate|p1a: Greninja|ability: Battle Bond\n|-damage|p1a: Greninja|60\/100|[from] item: Life Orb\n|\n|upkeep\n|\n|t:|1700141917\n|switch|p2a: Amoonguss|Amoonguss, F|100\/100 brn\n|turn|30\n|\n|t:|1700141923\n|move|p1a: Greninja|Ice Beam|p2a: Amoonguss\n|-supereffective|p2a: Amoonguss\n|-damage|p2a: Amoonguss|9\/100 brn\n|-damage|p1a: Greninja|51\/100|[from] item: Life Orb\n|move|p2a: Amoonguss|Clear Smog|p1a: Greninja\n|-damage|p1a: Greninja|28\/100\n|-clearboost|p1a: Greninja\n|\n|-damage|p2a: Amoonguss|3\/100 brn|[from] brn\n|upkeep\n|turn|31\n|\n|t:|1700141935\n|switch|p2a: Iron Valiant|Iron Valiant|89\/100\n|move|p1a: Greninja|Surf|p2a: Iron Valiant\n|-damage|p2a: Iron Valiant|5\/100\n|-damage|p1a: Greninja|18\/100|[from] item: Life Orb\n|\n|-heal|p2a: Iron Valiant|11\/100|[from] item: Leftovers\n|upkeep\n|turn|32\n|\n|t:|1700141941\n|move|p1a: Greninja|Surf|p2a: Iron Valiant\n|-damage|p2a: Iron Valiant|0 fnt\n|faint|p2a: Iron Valiant\n|-end|p2a: Iron Valiant|Quark Drive|[silent]\n|-damage|p1a: Greninja|8\/100|[from] item: Life Orb\n|\n|upkeep\n|\n|t:|1700141948\n|switch|p2a: Pelipper|Pelipper, M|63\/100\n|-weather|RainDance|[from] ability: Drizzle|[of] p2a: Pelipper\n|turn|33\n|\n|t:|1700141952\n|move|p1a: Greninja|Dark Pulse|p2a: Pelipper\n|-damage|p2a: Pelipper|0 fnt\n|faint|p2a: Pelipper\n|-damage|p1a: Greninja|0 fnt|[from] item: Life Orb\n|faint|p1a: Greninja\n|\n|-weather|RainDance|[upkeep]\n|upkeep\n|\n|t:|1700141968\n|switch|p1a: Manaphy|Manaphy|88\/100 slp\n|switch|p2a: Dragapult|Dragapult, F|100\/100\n|-damage|p1a: Manaphy|76\/100 slp|[from] Stealth Rock\n|turn|34\n|\n|t:|1700141974\n|move|p2a: Dragapult|Dragon Darts|p1a: Manaphy\n|-damage|p1a: Manaphy|50\/100 slp\n|-anim|p2a: Dragapult|Dragon Darts|p1a: Manaphy\n|-damage|p1a: Manaphy|24\/100 slp\n|cant|p1a: Manaphy|slp\n|\n|-weather|RainDance|[upkeep]\n|-activate|p1a: Manaphy|ability: Hydration\n|-curestatus|p1a: Manaphy|slp|[msg]\n|upkeep\n|turn|35\n|\n|t:|1700141993\n|move|p2a: Dragapult|Dragon Darts|p1a: Manaphy\n|-damage|p1a: Manaphy|0 fnt\n|faint|p1a: Manaphy\n|\n|-weather|RainDance|[upkeep]\n|upkeep\n|\n|t:|1700142000\n|switch|p1a: Dragapult|Dragapult, M|91\/100\n|-damage|p1a: Dragapult|78\/100|[from] Stealth Rock\n|turn|36\n|\n|t:|1700142021\n|move|p1a: Dragapult|Draco Meteor|p2a: Dragapult\n|-supereffective|p2a: Dragapult\n|-damage|p2a: Dragapult|0 fnt\n|-unboost|p1a: Dragapult|spa|2\n|faint|p2a: Dragapult\n|-damage|p1a: Dragapult|69\/100|[from] item: Life Orb\n|\n|-weather|RainDance|[upkeep]\n|upkeep\n|-message|FishSupreme forfeited.\n|\n|win|Petergriffinonline\n|raw|Petergriffinonline's rating: 1305 &rarr; <strong>1325<\/strong><br \/>(+20 for winning)\n|raw|FishSupreme's rating: 1306 &rarr; <strong>1286<\/strong><br \/>(-20 for losing)\n|l|\u2606FishSupreme\n","uploadtime":1700142042,"views":12,"p1id":"petergriffinonline","p2id":"fishsupreme","formatid":"gen9ou","rating":1286,"private":0,"password":""}