{"id":"gen9ou-1993472010","p1":"Thibault56","p2":"CapnTophat","format":"[Gen 9] OU","log":"|j|\u2606Thibault56\n|j|\u2606CapnTophat\n|t:|1700322016\n|gametype|singles\n|player|p1|Thibault56|1|1636\n|player|p2|CapnTophat|wallace|1669\n|teamsize|p1|6\n|teamsize|p2|6\n|gen|9\n|tier|[Gen 9] OU\n|rated|\n|rule|Sleep Clause Mod: Limit one foe put to sleep\n|rule|Species Clause: Limit one of each Pok\u00e9mon\n|rule|OHKO Clause: OHKO moves are banned\n|rule|Evasion Items Clause: Evasion items are banned\n|rule|Evasion Moves Clause: Evasion moves are banned\n|rule|Endless Battle Clause: Forcing endless battles is banned\n|rule|HP Percentage Mod: HP is shown in percentages\n|clearpoke\n|poke|p1|Cinderace, F|\n|poke|p1|Dragonite, F|\n|poke|p1|Toxapex, M|\n|poke|p1|Great Tusk|\n|poke|p1|Thundurus-Therian, M|\n|poke|p1|Gastrodon, M|\n|poke|p2|Iron Hands|\n|poke|p2|Ting-Lu|\n|poke|p2|Iron Valiant|\n|poke|p2|Corviknight, F|\n|poke|p2|Dragapult, F|\n|poke|p2|Ogerpon-Wellspring, F|\n|teampreview\n|inactive|Battle timer is ON: inactive players will automatically lose when time's up. (requested by CapnTophat)\n|j| isoptera\n|inactive|CapnTophat has 120 seconds left.\n|\n|t:|1700322061\n|start\n|switch|p1a: Thundurus|Thundurus-Therian, M|100\/100\n|switch|p2a: Ting-Lu|Ting-Lu|100\/100\n|-ability|p2a: Ting-Lu|Vessel of Ruin\n|turn|1\n|\n|t:|1700322068\n|move|p1a: Thundurus|Grass Knot|p2a: Ting-Lu\n|-supereffective|p2a: Ting-Lu\n|-damage|p2a: Ting-Lu|60\/100\n|move|p2a: Ting-Lu|Stealth Rock|p1a: Thundurus\n|-sidestart|p1: Thibault56|move: Stealth Rock\n|\n|-heal|p2a: Ting-Lu|66\/100|[from] item: Leftovers\n|upkeep\n|turn|2\n|\n|t:|1700322075\n|switch|p2a: Dragapult|Dragapult, F|100\/100\n|move|p1a: Thundurus|Grass Knot|p2a: Dragapult\n|-resisted|p2a: Dragapult\n|-damage|p2a: Dragapult|77\/100\n|\n|upkeep\n|turn|3\n|\n|t:|1700322081\n|switch|p1a: Toxapex|Toxapex, M|100\/100\n|-damage|p1a: Toxapex|88\/100|[from] Stealth Rock\n|move|p2a: Dragapult|Shadow Ball|p1a: Toxapex\n|-damage|p1a: Toxapex|60\/100\n|\n|upkeep\n|turn|4\n|\n|t:|1700322091\n|switch|p2a: Corviknight|Corviknight, F|100\/100\n|-ability|p2a: Corviknight|Pressure\n|move|p1a: Toxapex|Ice Beam|p2a: Corviknight\n|-damage|p2a: Corviknight|88\/100\n|\n|-heal|p2a: Corviknight|94\/100|[from] item: Leftovers\n|upkeep\n|turn|5\n|\n|t:|1700322099\n|move|p2a: Corviknight|Brave Bird|p1a: Toxapex\n|-damage|p1a: Toxapex|35\/100\n|-damage|p2a: Corviknight|87\/100|[from] Recoil\n|move|p1a: Toxapex|Ice Beam|p2a: Corviknight\n|-damage|p2a: Corviknight|76\/100\n|\n|-heal|p2a: Corviknight|82\/100|[from] item: Leftovers\n|upkeep\n|turn|6\n|\n|t:|1700322118\n|switch|p1a: Gastrodon|Gastrodon, M|100\/100\n|-damage|p1a: Gastrodon|94\/100|[from] Stealth Rock\n|move|p2a: Corviknight|Brave Bird|p1a: Gastrodon\n|-damage|p1a: Gastrodon|54\/100\n|-damage|p2a: Corviknight|67\/100|[from] Recoil\n|\n|-heal|p2a: Corviknight|73\/100|[from] item: Leftovers\n|-heal|p1a: Gastrodon|60\/100|[from] item: Leftovers\n|upkeep\n|turn|7\n|\n|t:|1700322129\n|move|p2a: Corviknight|U-turn|p1a: Gastrodon\n|-damage|p1a: Gastrodon|45\/100\n|\n|t:|1700322134\n|switch|p2a: Iron Hands|Iron Hands|100\/100|[from] U-turn\n|move|p1a: Gastrodon|Recover|p1a: Gastrodon\n|-heal|p1a: Gastrodon|95\/100\n|\n|-heal|p1a: Gastrodon|100\/100|[from] item: Leftovers\n|upkeep\n|turn|8\n|\n|t:|1700322141\n|move|p2a: Iron Hands|Swords Dance|p2a: Iron Hands\n|-boost|p2a: Iron Hands|atk|2\n|move|p1a: Gastrodon|Earth Power|p2a: Iron Hands\n|-supereffective|p2a: Iron Hands\n|-damage|p2a: Iron Hands|56\/100\n|\n|-heal|p2a: Iron Hands|62\/100|[from] item: Leftovers\n|upkeep\n|turn|9\n|\n|t:|1700322148\n|switch|p1a: Great Tusk|Great Tusk|100\/100\n|-damage|p1a: Great Tusk|98\/100|[from] Stealth Rock\n|move|p2a: Iron Hands|Drain Punch|p1a: Great Tusk\n|-damage|p1a: Great Tusk|60\/100\n|-heal|p2a: Iron Hands|80\/100|[from] drain|[of] p1a: Great Tusk\n|-damage|p2a: Iron Hands|64\/100|[from] item: Rocky Helmet|[of] p1a: Great Tusk\n|\n|-heal|p2a: Iron Hands|70\/100|[from] item: Leftovers\n|upkeep\n|turn|10\n|\n|t:|1700322160\n|-end|p2a: Iron Hands|Quark Drive|[silent]\n|switch|p2a: Corviknight|Corviknight, F|73\/100\n|-ability|p2a: Corviknight|Pressure\n|move|p1a: Great Tusk|Body Press|p2a: Corviknight\n|-damage|p2a: Corviknight|44\/100\n|\n|-heal|p2a: Corviknight|50\/100|[from] item: Leftovers\n|upkeep\n|turn|11\n|\n|t:|1700322166\n|move|p1a: Great Tusk|Knock Off|p2a: Corviknight\n|-damage|p2a: Corviknight|35\/100\n|-enditem|p2a: Corviknight|Leftovers|[from] move: Knock Off|[of] p1a: Great Tusk\n|move|p2a: Corviknight|Roost|p2a: Corviknight\n|-heal|p2a: Corviknight|85\/100\n|-singleturn|p2a: Corviknight|move: Roost\n|\n|upkeep\n|turn|12\n|\n|t:|1700322170\n|move|p1a: Great Tusk|Rapid Spin|p2a: Corviknight\n|-resisted|p2a: Corviknight\n|-damage|p2a: Corviknight|80\/100\n|-boost|p1a: Great Tusk|spe|1\n|-sideend|p1: Thibault56|Stealth Rock|[from] move: Rapid Spin|[of] p1a: Great Tusk\n|move|p2a: Corviknight|Brave Bird|p1a: Great Tusk\n|-supereffective|p1a: Great Tusk\n|-damage|p1a: Great Tusk|28\/100\n|-damage|p2a: Corviknight|64\/100|[from] item: Rocky Helmet|[of] p1a: Great Tusk\n|-damage|p2a: Corviknight|52\/100|[from] Recoil\n|\n|upkeep\n|turn|13\n|\n|t:|1700322180\n|-end|p1a: Great Tusk|Protosynthesis|[silent]\n|switch|p1a: Cinderace|Cinderace, F|100\/100\n|move|p2a: Corviknight|Roost|p2a: Corviknight\n|-heal|p2a: Corviknight|100\/100\n|-singleturn|p2a: Corviknight|move: Roost\n|\n|upkeep\n|turn|14\n|\n|t:|1700322186\n|move|p1a: Cinderace|U-turn|p2a: Corviknight\n|-start|p1a: Cinderace|typechange|Bug|[from] ability: Libero\n|-resisted|p2a: Corviknight\n|-damage|p2a: Corviknight|95\/100\n|\n|t:|1700322190\n|switch|p1a: Great Tusk|Great Tusk|28\/100|[from] U-turn\n|move|p2a: Corviknight|U-turn|p1a: Great Tusk\n|-resisted|p1a: Great Tusk\n|-damage|p1a: Great Tusk|25\/100\n|-damage|p2a: Corviknight|78\/100|[from] item: Rocky Helmet|[of] p1a: Great Tusk\n|\n|t:|1700322195\n|switch|p2a: Ogerpon|Ogerpon-Wellspring, F|100\/100|[from] U-turn\n|\n|upkeep\n|turn|15\n|\n|t:|1700322202\n|move|p2a: Ogerpon|Ivy Cudgel|p1a: Great Tusk|[anim] Ivy Cudgel Water\n|-supereffective|p1a: Great Tusk\n|-damage|p1a: Great Tusk|0 fnt\n|faint|p1a: Great Tusk\n|-end|p1a: Great Tusk|Protosynthesis|[silent]\n|\n|upkeep\n|\n|t:|1700322215\n|switch|p1a: Thundurus|Thundurus-Therian, M|100\/100\n|turn|16\n|\n|t:|1700322223\n|switch|p2a: Ting-Lu|Ting-Lu|66\/100\n|-ability|p2a: Ting-Lu|Vessel of Ruin\n|move|p1a: Thundurus|Volt Switch|p2a: Ting-Lu\n|-immune|p2a: Ting-Lu\n|\n|-heal|p2a: Ting-Lu|72\/100|[from] item: Leftovers\n|upkeep\n|turn|17\n|\n|t:|1700322234\n|switch|p1a: Cinderace|Cinderace, F|100\/100\n|move|p2a: Ting-Lu|Stealth Rock|p1a: Cinderace\n|-sidestart|p1: Thibault56|move: Stealth Rock\n|\n|-heal|p2a: Ting-Lu|78\/100|[from] item: Leftovers\n|upkeep\n|turn|18\n|\n|t:|1700322239\n|move|p1a: Cinderace|High Jump Kick|p2a: Ting-Lu\n|-start|p1a: Cinderace|typechange|Fighting|[from] ability: Libero\n|-supereffective|p2a: Ting-Lu\n|-damage|p2a: Ting-Lu|4\/100\n|move|p2a: Ting-Lu|Earthquake|p1a: Cinderace\n|-crit|p1a: Cinderace\n|-damage|p1a: Cinderace|16\/100\n|\n|-heal|p2a: Ting-Lu|11\/100|[from] item: Leftovers\n|upkeep\n|turn|19\n|\n|t:|1700322248\n|move|p1a: Cinderace|Pyro Ball|p2a: Ting-Lu\n|-damage|p2a: Ting-Lu|0 fnt\n|faint|p2a: Ting-Lu\n|\n|upkeep\n|\n|t:|1700322254\n|switch|p2a: Dragapult|Dragapult, F|77\/100\n|turn|20\n|\n|t:|1700322258\n|switch|p1a: Gastrodon|Gastrodon, M|100\/100\n|-damage|p1a: Gastrodon|94\/100|[from] Stealth Rock\n|move|p2a: Dragapult|Shadow Ball|p1a: Gastrodon\n|-damage|p1a: Gastrodon|61\/100\n|\n|-heal|p1a: Gastrodon|67\/100|[from] item: Leftovers\n|upkeep\n|turn|21\n|\n|t:|1700322265\n|move|p2a: Dragapult|Shadow Ball|p1a: Gastrodon\n|-damage|p1a: Gastrodon|35\/100\n|-unboost|p1a: Gastrodon|spd|1\n|move|p1a: Gastrodon|Yawn|p2a: Dragapult\n|-start|p2a: Dragapult|move: Yawn|[of] p1a: Gastrodon\n|\n|-heal|p1a: Gastrodon|41\/100|[from] item: Leftovers\n|upkeep\n|turn|22\n|\n|t:|1700322271\n|switch|p2a: Iron Hands|Iron Hands|70\/100\n|move|p1a: Gastrodon|Yawn|p2a: Iron Hands\n|-start|p2a: Iron Hands|move: Yawn|[of] p1a: Gastrodon\n|\n|-heal|p2a: Iron Hands|76\/100|[from] item: Leftovers\n|-heal|p1a: Gastrodon|47\/100|[from] item: Leftovers\n|upkeep\n|turn|23\n|\n|t:|1700322275\n|-end|p2a: Iron Hands|Quark Drive|[silent]\n|switch|p2a: Ogerpon|Ogerpon-Wellspring, F|100\/100\n|move|p1a: Gastrodon|Recover|p1a: Gastrodon\n|-heal|p1a: Gastrodon|97\/100\n|\n|-heal|p1a: Gastrodon|100\/100|[from] item: Leftovers\n|upkeep\n|turn|24\n|\n|t:|1700322284\n|switch|p1a: Toxapex|Toxapex, M|68\/100\n|-damage|p1a: Toxapex|56\/100|[from] Stealth Rock\n|move|p2a: Ogerpon|Horn Leech|p1a: Toxapex\n|-damage|p1a: Toxapex|26\/100\n|\n|upkeep\n|turn|25\n|\n|t:|1700322291\n|move|p2a: Ogerpon|Horn Leech|p1a: Toxapex\n|-damage|p1a: Toxapex|0 fnt\n|faint|p1a: Toxapex\n|\n|upkeep\n|\n|t:|1700322298\n|switch|p1a: Cinderace|Cinderace, F|16\/100\n|turn|26\n|l| isoptera\n|\n|t:|1700322313\n|move|p1a: Cinderace|Pyro Ball|p2a: Ogerpon\n|-damage|p2a: Ogerpon|24\/100\n|move|p2a: Ogerpon|Horn Leech|p1a: Cinderace\n|-resisted|p1a: Cinderace\n|-damage|p1a: Cinderace|0 fnt\n|-heal|p2a: Ogerpon|32\/100|[from] drain|[of] p1a: Cinderace\n|faint|p1a: Cinderace\n|\n|upkeep\n|\n|t:|1700322319\n|switch|p1a: Thundurus|Thundurus-Therian, M|100\/100\n|-damage|p1a: Thundurus|75\/100|[from] Stealth Rock\n|turn|27\n|\n|t:|1700322323\n|move|p1a: Thundurus|Volt Switch|p2a: Ogerpon\n|-damage|p2a: Ogerpon|0 fnt\n|faint|p2a: Ogerpon\n|\n|t:|1700322326\n|switch|p1a: Dragonite|Dragonite, F|100\/100|[from] Volt Switch\n|\n|upkeep\n|\n|t:|1700322330\n|switch|p2a: Iron Valiant|Iron Valiant|100\/100\n|-enditem|p2a: Iron Valiant|Booster Energy\n|-activate|p2a: Iron Valiant|ability: Quark Drive|[fromitem]\n|-start|p2a: Iron Valiant|quarkdrivespe\n|turn|28\n|\n|t:|1700322342\n|-terastallize|p1a: Dragonite|Flying\n|move|p2a: Iron Valiant|Moonblast|p1a: Dragonite\n|-crit|p1a: Dragonite\n|-damage|p1a: Dragonite|63\/100\n|move|p1a: Dragonite|Tera Blast|p2a: Iron Valiant|[anim] Tera Blast Flying\n|-supereffective|p2a: Iron Valiant\n|-damage|p2a: Iron Valiant|0 fnt\n|faint|p2a: Iron Valiant\n|-end|p2a: Iron Valiant|Quark Drive|[silent]\n|\n|upkeep\n|\n|t:|1700322346\n|switch|p2a: Dragapult|Dragapult, F|77\/100\n|turn|29\n|\n|t:|1700322349\n|switch|p1a: Gastrodon|Gastrodon, M|100\/100\n|-damage|p1a: Gastrodon|94\/100|[from] Stealth Rock\n|move|p2a: Dragapult|Draco Meteor|p1a: Gastrodon\n|-damage|p1a: Gastrodon|41\/100\n|-unboost|p2a: Dragapult|spa|2\n|\n|-heal|p1a: Gastrodon|47\/100|[from] item: Leftovers\n|upkeep\n|turn|30\n|\n|t:|1700322364\n|switch|p2a: Iron Hands|Iron Hands|76\/100\n|move|p1a: Gastrodon|Earth Power|p2a: Iron Hands\n|-supereffective|p2a: Iron Hands\n|-damage|p2a: Iron Hands|35\/100\n|-unboost|p2a: Iron Hands|spd|1\n|\n|-heal|p2a: Iron Hands|41\/100|[from] item: Leftovers\n|-heal|p1a: Gastrodon|53\/100|[from] item: Leftovers\n|upkeep\n|turn|31\n|\n|t:|1700322374\n|move|p2a: Iron Hands|Drain Punch|p1a: Gastrodon\n|-damage|p1a: Gastrodon|5\/100\n|-heal|p2a: Iron Hands|64\/100|[from] drain|[of] p1a: Gastrodon\n|move|p1a: Gastrodon|Earth Power|p2a: Iron Hands\n|-supereffective|p2a: Iron Hands\n|-damage|p2a: Iron Hands|0 fnt\n|faint|p2a: Iron Hands\n|-end|p2a: Iron Hands|Quark Drive|[silent]\n|\n|-heal|p1a: Gastrodon|12\/100|[from] item: Leftovers\n|upkeep\n|\n|t:|1700322378\n|switch|p2a: Dragapult|Dragapult, F|77\/100\n|turn|32\n|\n|t:|1700322388\n|move|p2a: Dragapult|Shadow Ball|p1a: Gastrodon\n|-damage|p1a: Gastrodon|0 fnt\n|faint|p1a: Gastrodon\n|\n|upkeep\n|\n|t:|1700322397\n|switch|p1a: Dragonite|Dragonite, F, tera:Flying|63\/100\n|turn|33\n|\n|t:|1700322404\n|move|p2a: Dragapult|Shadow Ball|p1a: Dragonite\n|-damage|p1a: Dragonite|11\/100\n|-unboost|p1a: Dragonite|spd|1\n|move|p1a: Dragonite|Tera Blast|p2a: Dragapult|[anim] Tera Blast Flying\n|-damage|p2a: Dragapult|0 fnt\n|faint|p2a: Dragapult\n|\n|upkeep\n|\n|t:|1700322408\n|switch|p2a: Corviknight|Corviknight, F|78\/100\n|-ability|p2a: Corviknight|Pressure\n|turn|34\n|\n|t:|1700322414\n|move|p1a: Dragonite|Tera Blast|p2a: Corviknight|[anim] Tera Blast Flying\n|-resisted|p2a: Corviknight\n|-damage|p2a: Corviknight|62\/100\n|move|p2a: Corviknight|Roost|p2a: Corviknight\n|-heal|p2a: Corviknight|100\/100\n|-singleturn|p2a: Corviknight|move: Roost\n|\n|upkeep\n|turn|35\n|\n|t:|1700322418\n|move|p1a: Dragonite|Tera Blast|p2a: Corviknight|[anim] Tera Blast Flying\n|-resisted|p2a: Corviknight\n|-damage|p2a: Corviknight|84\/100\n|move|p2a: Corviknight|Brave Bird|p1a: Dragonite\n|-damage|p1a: Dragonite|0 fnt\n|faint|p1a: Dragonite\n|-damage|p2a: Corviknight|82\/100|[from] Recoil\n|\n|upkeep\n|\n|t:|1700322422\n|switch|p1a: Thundurus|Thundurus-Therian, M|75\/100\n|-damage|p1a: Thundurus|50\/100|[from] Stealth Rock\n|turn|36\n|\n|t:|1700322425\n|-terastallize|p2a: Corviknight|Dragon\n|move|p1a: Thundurus|Thunderbolt|p2a: Corviknight\n|-resisted|p2a: Corviknight\n|-damage|p2a: Corviknight|55\/100\n|move|p2a: Corviknight|Roost|p2a: Corviknight\n|-heal|p2a: Corviknight|100\/100\n|\n|upkeep\n|turn|37\n|\n|t:|1700322432\n|move|p1a: Thundurus|Thunderbolt|p2a: Corviknight\n|-resisted|p2a: Corviknight\n|-damage|p2a: Corviknight|75\/100\n|move|p2a: Corviknight|Brave Bird|p1a: Thundurus\n|-resisted|p1a: Thundurus\n|-damage|p1a: Thundurus|24\/100\n|-damage|p2a: Corviknight|69\/100|[from] Recoil\n|\n|upkeep\n|turn|38\n|\n|t:|1700322436\n|move|p1a: Thundurus|Thunderbolt|p2a: Corviknight\n|-resisted|p2a: Corviknight\n|-damage|p2a: Corviknight|43\/100\n|move|p2a: Corviknight|Roost|p2a: Corviknight\n|-heal|p2a: Corviknight|93\/100\n|\n|upkeep\n|turn|39\n|\n|t:|1700322439\n|move|p1a: Thundurus|Thunderbolt|p2a: Corviknight\n|-resisted|p2a: Corviknight\n|-damage|p2a: Corviknight|68\/100\n|move|p2a: Corviknight|Brave Bird|p1a: Thundurus\n|-resisted|p1a: Thundurus\n|-damage|p1a: Thundurus|0 fnt\n|faint|p1a: Thundurus\n|-damage|p2a: Corviknight|62\/100|[from] Recoil\n|\n|win|CapnTophat\n|raw|Thibault56's rating: 1636 &rarr; <strong>1618<\/strong><br \/>(-18 for losing)\n|raw|CapnTophat's rating: 1669 &rarr; <strong>1687<\/strong><br \/>(+18 for winning)\n|l|\u2606Thibault56\n","uploadtime":1700322484,"views":15,"p1id":"thibault56","p2id":"capntophat","formatid":"gen9ou","rating":1618,"private":0,"password":""}