{"id":"gen9ou-1992858952","p1":"LegacyShowden","p2":"twinklover254","format":"[Gen 9] OU","log":"|j|\u2606LegacyShowden\n|j|\u2606twinklover254\n|t:|1700241606\n|gametype|singles\n|player|p1|LegacyShowden|rosa|1617\n|player|p2|twinklover254|101|1550\n|teamsize|p1|6\n|teamsize|p2|6\n|gen|9\n|tier|[Gen 9] OU\n|rated|\n|rule|Sleep Clause Mod: Limit one foe put to sleep\n|rule|Species Clause: Limit one of each Pok\u00e9mon\n|rule|OHKO Clause: OHKO moves are banned\n|rule|Evasion Items Clause: Evasion items are banned\n|rule|Evasion Moves Clause: Evasion moves are banned\n|rule|Endless Battle Clause: Forcing endless battles is banned\n|rule|HP Percentage Mod: HP is shown in percentages\n|clearpoke\n|poke|p1|Great Tusk|\n|poke|p1|Samurott-Hisui, M|\n|poke|p1|Dragapult, M|\n|poke|p1|Gholdengo|\n|poke|p1|Heatran, M|\n|poke|p1|Ogerpon-Wellspring, F|\n|poke|p2|Rillaboom, F|\n|poke|p2|Sneasler, F|\n|poke|p2|Zamazenta-*|\n|poke|p2|Heatran, M|\n|poke|p2|Manaphy|\n|poke|p2|Hatterene, F|\n|teampreview\n|inactive|Battle timer is ON: inactive players will automatically lose when time's up. (requested by LegacyShowden)\n|\n|t:|1700241617\n|start\n|switch|p1a: Dragapult|Dragapult, M, shiny|100\/100\n|switch|p2a: Hatterene|Hatterene, F|100\/100\n|turn|1\n|\n|t:|1700241623\n|move|p1a: Dragapult|Shadow Ball|p2a: Hatterene\n|-supereffective|p2a: Hatterene\n|-damage|p2a: Hatterene|0 fnt\n|faint|p2a: Hatterene\n|\n|upkeep\n|\n|t:|1700241636\n|switch|p2a: Chosen|Manaphy|100\/100\n|turn|2\n|\n|t:|1700241639\n|switch|p1a: Ogerpon|Ogerpon-Wellspring, F|100\/100\n|move|p2a: Chosen|Take Heart|p2a: Chosen\n|-boost|p2a: Chosen|spa|1\n|-boost|p2a: Chosen|spd|1\n|\n|upkeep\n|turn|3\n|\n|t:|1700241643\n|-terastallize|p2a: Chosen|Poison\n|move|p1a: Ogerpon|Swords Dance|p1a: Ogerpon\n|-boost|p1a: Ogerpon|atk|2\n|move|p2a: Chosen|Acid Armor|p2a: Chosen\n|-boost|p2a: Chosen|def|2\n|\n|upkeep\n|turn|4\n|\n|t:|1700241648\n|-terastallize|p1a: Ogerpon|Water\n|detailschange|p1a: Ogerpon|Ogerpon-Wellspring-Tera, F, tera:Water\n|-ability|p1a: Ogerpon|Embody Aspect (Wellspring)|boost\n|-boost|p1a: Ogerpon|spd|1\n|move|p1a: Ogerpon|Swords Dance|p1a: Ogerpon\n|-boost|p1a: Ogerpon|atk|2\n|move|p2a: Chosen|Acid Armor|p2a: Chosen\n|-boost|p2a: Chosen|def|2\n|\n|upkeep\n|turn|5\n|\n|t:|1700241656\n|move|p1a: Ogerpon|Ivy Cudgel|p2a: Chosen|[anim] Ivy Cudgel Water\n|-damage|p2a: Chosen|37\/100\n|move|p2a: Chosen|Acid Armor|p2a: Chosen\n|-boost|p2a: Chosen|def|2\n|\n|-heal|p2a: Chosen|43\/100|[from] item: Leftovers\n|upkeep\n|turn|6\n|\n|t:|1700241660\n|move|p1a: Ogerpon|Ivy Cudgel|p2a: Chosen|[anim] Ivy Cudgel Water\n|-damage|p2a: Chosen|1\/100\n|move|p2a: Chosen|Stored Power|p1a: Ogerpon\n|-damage|p1a: Ogerpon|56\/100\n|\n|-heal|p2a: Chosen|8\/100|[from] item: Leftovers\n|upkeep\n|turn|7\n|\n|t:|1700241665\n|move|p1a: Ogerpon|Ivy Cudgel|p2a: Chosen|[anim] Ivy Cudgel Water\n|-damage|p2a: Chosen|0 fnt\n|faint|p2a: Chosen\n|\n|upkeep\n|\n|t:|1700241668\n|switch|p2a: Effie|Rillaboom, F|100\/100\n|-fieldstart|move: Grassy Terrain|[from] ability: Grassy Surge|[of] p2a: Effie\n|turn|8\n|\n|t:|1700241671\n|switch|p1a: Heatran|Heatran, M, shiny|100\/100\n|move|p2a: Effie|Wood Hammer|p1a: Heatran\n|-resisted|p1a: Heatran\n|-damage|p1a: Heatran|73\/100\n|-damage|p2a: Effie|91\/100|[from] Recoil\n|\n|-heal|p2a: Effie|97\/100|[from] Grassy Terrain\n|-heal|p1a: Heatran|79\/100|[from] Grassy Terrain\n|-heal|p1a: Heatran|85\/100|[from] item: Leftovers\n|upkeep\n|turn|9\n|\n|t:|1700241680\n|switch|p2a: Isagi|Heatran, M|100\/100\n|-item|p2a: Isagi|Air Balloon\n|move|p1a: Heatran|Stealth Rock|p2a: Isagi\n|-sidestart|p2: twinklover254|move: Stealth Rock\n|\n|-heal|p1a: Heatran|92\/100|[from] Grassy Terrain\n|-heal|p1a: Heatran|98\/100|[from] item: Leftovers\n|upkeep\n|turn|10\n|\n|t:|1700241687\n|switch|p1a: Ogerpon|Ogerpon-Wellspring-Tera, F, tera:Water|56\/100\n|-ability|p1a: Ogerpon|Embody Aspect (Wellspring)|boost\n|-boost|p1a: Ogerpon|spd|1\n|move|p2a: Isagi|Earth Power|p1a: Ogerpon\n|-damage|p1a: Ogerpon|36\/100\n|\n|-heal|p1a: Ogerpon|42\/100|[from] Grassy Terrain\n|upkeep\n|turn|11\n|\n|t:|1700241695\n|switch|p2a: Effie|Rillaboom, F|97\/100\n|-damage|p2a: Effie|85\/100|[from] Stealth Rock\n|move|p1a: Ogerpon|U-turn|p2a: Effie\n|-supereffective|p2a: Effie\n|-damage|p2a: Effie|26\/100\n|\n|t:|1700241704\n|switch|p1a: Dragapult|Dragapult, M, shiny|100\/100|[from] U-turn\n|\n|-heal|p2a: Effie|32\/100|[from] Grassy Terrain\n|upkeep\n|turn|12\n|\n|t:|1700241707\n|move|p2a: Effie|Grassy Glide|p1a: Dragapult\n|-resisted|p1a: Dragapult\n|-damage|p1a: Dragapult|59\/100\n|move|p1a: Dragapult|U-turn|p2a: Effie\n|-supereffective|p2a: Effie\n|-damage|p2a: Effie|0 fnt\n|faint|p2a: Effie\n|\n|t:|1700241713\n|switch|p1a: Ogerpon|Ogerpon-Wellspring-Tera, F, tera:Water|42\/100|[from] U-turn\n|-ability|p1a: Ogerpon|Embody Aspect (Wellspring)|boost\n|-boost|p1a: Ogerpon|spd|1\n|\n|-heal|p1a: Ogerpon|48\/100|[from] Grassy Terrain\n|-fieldend|move: Grassy Terrain\n|upkeep\n|\n|t:|1700241719\n|switch|p2a: Vanguard|Zamazenta|100\/100\n|-damage|p2a: Vanguard|94\/100|[from] Stealth Rock\n|-ability|p2a: Vanguard|Dauntless Shield|boost\n|-boost|p2a: Vanguard|def|1\n|turn|13\n|\n|t:|1700241744\n|switch|p1a: Dragapult|Dragapult, M, shiny|59\/100\n|move|p2a: Vanguard|Iron Defense|p2a: Vanguard\n|-boost|p2a: Vanguard|def|2\n|\n|-heal|p2a: Vanguard|100\/100|[from] item: Leftovers\n|upkeep\n|turn|14\n|\n|t:|1700241751\n|move|p1a: Dragapult|Draco Meteor|p2a: Vanguard\n|-damage|p2a: Vanguard|20\/100\n|-unboost|p1a: Dragapult|spa|2\n|move|p2a: Vanguard|Crunch|p1a: Dragapult\n|-supereffective|p1a: Dragapult\n|-damage|p1a: Dragapult|0 fnt\n|faint|p1a: Dragapult\n|\n|-heal|p2a: Vanguard|26\/100|[from] item: Leftovers\n|upkeep\n|\n|t:|1700241761\n|switch|p1a: Gholdengo|Gholdengo|100\/100\n|-item|p1a: Gholdengo|Air Balloon\n|turn|15\n|\n|t:|1700241764\n|move|p2a: Vanguard|Crunch|p1a: Gholdengo\n|-supereffective|p1a: Gholdengo\n|-damage|p1a: Gholdengo|70\/100\n|-enditem|p1a: Gholdengo|Air Balloon\n|move|p1a: Gholdengo|Thunder Wave|p2a: Vanguard\n|-status|p2a: Vanguard|par\n|\n|-heal|p2a: Vanguard|32\/100 par|[from] item: Leftovers\n|upkeep\n|turn|16\n|\n|t:|1700241770\n|move|p1a: Gholdengo|Hex|p2a: Vanguard\n|-damage|p2a: Vanguard|0 fnt\n|faint|p2a: Vanguard\n|\n|upkeep\n|\n|t:|1700241774\n|switch|p2a: Isagi|Heatran, M|100\/100\n|-damage|p2a: Isagi|88\/100|[from] Stealth Rock\n|-item|p2a: Isagi|Air Balloon\n|turn|17\n|\n|t:|1700241779\n|switch|p1a: Ogerpon|Ogerpon-Wellspring-Tera, F, tera:Water|48\/100\n|-ability|p1a: Ogerpon|Embody Aspect (Wellspring)|boost\n|-boost|p1a: Ogerpon|spd|1\n|move|p2a: Isagi|Magma Storm|p1a: Ogerpon\n|-resisted|p1a: Ogerpon\n|-damage|p1a: Ogerpon|33\/100\n|-activate|p1a: Ogerpon|move: Magma Storm|[of] p2a: Isagi\n|\n|-damage|p1a: Ogerpon|20\/100|[from] move: Magma Storm|[partiallytrapped]\n|upkeep\n|turn|18\n|\n|t:|1700241791\n|move|p1a: Ogerpon|Ivy Cudgel|p2a: Isagi|[anim] Ivy Cudgel Water\n|-supereffective|p2a: Isagi\n|-damage|p2a: Isagi|0 fnt\n|-enditem|p2a: Isagi|Air Balloon\n|faint|p2a: Isagi\n|\n|-end|p1a: Ogerpon|Magma Storm|[partiallytrapped]|[silent]\n|upkeep\n|\n|t:|1700241793\n|switch|p2a: Violeta|Sneasler, F|100\/100\n|-damage|p2a: Violeta|94\/100|[from] Stealth Rock\n|turn|19\n|\n|t:|1700241796\n|move|p1a: Ogerpon|Ivy Cudgel|p2a: Violeta|[anim] Ivy Cudgel Water\n|-damage|p2a: Violeta|0 fnt\n|faint|p2a: Violeta\n|\n|win|LegacyShowden\n|raw|LegacyShowden's rating: 1617 &rarr; <strong>1633<\/strong><br \/>(+16 for winning)\n|raw|twinklover254's rating: 1550 &rarr; <strong>1534<\/strong><br \/>(-16 for losing)\n|l|\u2606twinklover254\n","uploadtime":1700241806,"views":10,"p1id":"legacyshowden","p2id":"twinklover254","formatid":"gen9ou","rating":1534,"private":0,"password":""}