{"id":"gen9ou-1995140837","p1":"chordoverstreet","p2":"skwinky with it","format":"[Gen 9] OU","log":"|j|\u2606chordoverstreet\n|j|\u2606skwinky with it\n|t:|1700527120\n|gametype|singles\n|player|p1|chordoverstreet|170|1473\n|player|p2|skwinky with it|266|1470\n|teamsize|p1|6\n|teamsize|p2|6\n|gen|9\n|tier|[Gen 9] OU\n|rated|\n|rule|Sleep Clause Mod: Limit one foe put to sleep\n|rule|Species Clause: Limit one of each Pok\u00e9mon\n|rule|OHKO Clause: OHKO moves are banned\n|rule|Evasion Items Clause: Evasion items are banned\n|rule|Evasion Moves Clause: Evasion moves are banned\n|rule|Endless Battle Clause: Forcing endless battles is banned\n|rule|HP Percentage Mod: HP is shown in percentages\n|clearpoke\n|poke|p1|Ting-Lu|\n|poke|p1|Rillaboom, F|\n|poke|p1|Samurott-Hisui, M|\n|poke|p1|Gholdengo|\n|poke|p1|Hatterene, F|\n|poke|p1|Great Tusk|\n|poke|p2|Ribombee, F|\n|poke|p2|Samurott-Hisui, F|\n|poke|p2|Gholdengo|\n|poke|p2|Enamorus, F|\n|poke|p2|Dragonite, F|\n|poke|p2|Iron Valiant|\n|teampreview\n|inactive|Battle timer is ON: inactive players will automatically lose when time's up. (requested by skwinky with it)\n|\n|t:|1700527134\n|start\n|switch|p1a: Samurott|Samurott-Hisui, M|100\/100\n|switch|p2a: Enamorus|Enamorus, F|100\/100\n|turn|1\n|\n|t:|1700527143\n|switch|p1a: Gholdengo|Gholdengo|100\/100\n|-item|p1a: Gholdengo|Air Balloon\n|move|p2a: Enamorus|Moonblast|p1a: Gholdengo\n|-resisted|p1a: Gholdengo\n|-damage|p1a: Gholdengo|75\/100\n|-unboost|p1a: Gholdengo|spa|1\n|-enditem|p1a: Gholdengo|Air Balloon\n|\n|upkeep\n|turn|2\n|\n|t:|1700527160\n|move|p2a: Enamorus|Substitute|p2a: Enamorus\n|-start|p2a: Enamorus|Substitute\n|-damage|p2a: Enamorus|76\/100\n|move|p1a: Gholdengo|Make It Rain|p2a: Enamorus\n|-supereffective|p2a: Enamorus\n|-end|p2a: Enamorus|Substitute\n|-unboost|p1a: Gholdengo|spa|1\n|\n|-heal|p2a: Enamorus|82\/100|[from] item: Leftovers\n|upkeep\n|turn|3\n|\n|t:|1700527166\n|switch|p1a: Ting-Lu|Ting-Lu|100\/100\n|-ability|p1a: Ting-Lu|Vessel of Ruin\n|move|p2a: Enamorus|Earth Power|p1a: Ting-Lu\n|-damage|p1a: Ting-Lu|84\/100\n|-unboost|p1a: Ting-Lu|spd|1\n|\n|-heal|p2a: Enamorus|88\/100|[from] item: Leftovers\n|-heal|p1a: Ting-Lu|91\/100|[from] item: Leftovers\n|upkeep\n|turn|4\n|\n|t:|1700527171\n|move|p2a: Enamorus|Moonblast|p1a: Ting-Lu\n|-supereffective|p1a: Ting-Lu\n|-damage|p1a: Ting-Lu|10\/100\n|move|p1a: Ting-Lu|Whirlwind|p2a: Enamorus\n|drag|p2a: Gholdengo|Gholdengo|100\/100\n|-item|p2a: Gholdengo|Air Balloon\n|\n|-heal|p1a: Ting-Lu|17\/100|[from] item: Leftovers\n|upkeep\n|turn|5\n|\n|t:|1700527180\n|switch|p1a: Samurott|Samurott-Hisui, M|100\/100\n|move|p2a: Gholdengo|Make It Rain|p1a: Samurott\n|-resisted|p1a: Samurott\n|-damage|p1a: Samurott|49\/100\n|-unboost|p2a: Gholdengo|spa|1\n|\n|upkeep\n|turn|6\n|\n|t:|1700527196\n|switch|p2a: Enamorus|Enamorus, F|88\/100\n|move|p1a: Samurott|Ceaseless Edge|p2a: Enamorus\n|-resisted|p2a: Enamorus\n|-damage|p2a: Enamorus|53\/100\n|-sidestart|p2: skwinky with it|Spikes\n|\n|-heal|p2a: Enamorus|59\/100|[from] item: Leftovers\n|upkeep\n|turn|7\n|inactive|chordoverstreet has 120 seconds left.\n|\n|t:|1700527231\n|switch|p1a: Rillaboom|Rillaboom, F|100\/100\n|-fieldstart|move: Grassy Terrain|[from] ability: Grassy Surge|[of] p1a: Rillaboom\n|move|p2a: Enamorus|Moonblast|p1a: Rillaboom\n|-damage|p1a: Rillaboom|31\/100\n|\n|-heal|p2a: Enamorus|66\/100|[from] item: Leftovers\n|-heal|p1a: Rillaboom|37\/100|[from] Grassy Terrain\n|upkeep\n|turn|8\n|inactive|chordoverstreet has 120 seconds left.\n|\n|t:|1700527238\n|move|p1a: Rillaboom|Grassy Glide|p2a: Enamorus\n|-resisted|p2a: Enamorus\n|-damage|p2a: Enamorus|21\/100\n|move|p2a: Enamorus|Moonblast|p1a: Rillaboom\n|-damage|p1a: Rillaboom|0 fnt\n|faint|p1a: Rillaboom\n|\n|-heal|p2a: Enamorus|27\/100|[from] item: Leftovers\n|upkeep\n|inactive|chordoverstreet has 120 seconds left.\n|\n|t:|1700527252\n|switch|p1a: Samurott|Samurott-Hisui, M|49\/100\n|turn|9\n|\n|t:|1700527261\n|move|p1a: Samurott|Flip Turn|p2a: Enamorus\n|-damage|p2a: Enamorus|0 fnt\n|faint|p2a: Enamorus\n|\n|t:|1700527265\n|switch|p1a: Ting-Lu|Ting-Lu|17\/100|[from] Flip Turn\n|-ability|p1a: Ting-Lu|Vessel of Ruin\n|\n|-heal|p1a: Ting-Lu|23\/100|[from] Grassy Terrain\n|-heal|p1a: Ting-Lu|29\/100|[from] item: Leftovers\n|upkeep\n|\n|t:|1700527291\n|switch|p2a: Samurott|Samurott-Hisui, F|100\/100\n|turn|10\n|inactive|chordoverstreet has 120 seconds left.\n|\n|t:|1700527330\n|switch|p1a: Great Tusk|Great Tusk|100\/100\n|-enditem|p1a: Great Tusk|Booster Energy\n|-activate|p1a: Great Tusk|ability: Protosynthesis|[fromitem]\n|-start|p1a: Great Tusk|protosynthesisspe\n|move|p2a: Samurott|Swords Dance|p2a: Samurott\n|-boost|p2a: Samurott|atk|2\n|\n|upkeep\n|turn|11\n|inactive|skwinky with it has 120 seconds left.\n|\n|t:|1700527352\n|switch|p2a: Gholdengo|Gholdengo|100\/100\n|-item|p2a: Gholdengo|Air Balloon\n|move|p1a: Great Tusk|Headlong Rush|p2a: Gholdengo\n|-immune|p2a: Gholdengo\n|\n|-fieldend|move: Grassy Terrain\n|upkeep\n|turn|12\n|inactive|skwinky with it has 120 seconds left.\n|\n|t:|1700527369\n|-end|p1a: Great Tusk|Protosynthesis|[silent]\n|switch|p1a: Ting-Lu|Ting-Lu|29\/100\n|-ability|p1a: Ting-Lu|Vessel of Ruin\n|move|p2a: Gholdengo|Make It Rain|p1a: Ting-Lu\n|-damage|p1a: Ting-Lu|0 fnt\n|-unboost|p2a: Gholdengo|spa|1\n|faint|p1a: Ting-Lu\n|\n|upkeep\n|\n|t:|1700527392\n|switch|p1a: Samurott|Samurott-Hisui, M|49\/100\n|turn|13\n|\n|t:|1700527398\n|switch|p2a: Ribombee|Ribombee, F|100\/100\n|-damage|p2a: Ribombee|88\/100|[from] Spikes\n|move|p1a: Samurott|Flip Turn|p2a: Ribombee\n|-damage|p2a: Ribombee|38\/100\n|\n|t:|1700527404\n|switch|p1a: Hatterene|Hatterene, F|100\/100|[from] Flip Turn\n|\n|upkeep\n|turn|14\n|\n|t:|1700527410\n|move|p2a: Ribombee|Moonblast|p1a: Hatterene\n|-damage|p1a: Hatterene|60\/100\n|-enditem|p1a: Hatterene|Red Card|[of] p2a: Ribombee\n|drag|p2a: Iron Valiant|Iron Valiant|100\/100\n|move|p1a: Hatterene|Calm Mind|p1a: Hatterene\n|-boost|p1a: Hatterene|spa|1\n|-boost|p1a: Hatterene|spd|1\n|\n|upkeep\n|turn|15\n|\n|t:|1700527419\n|move|p2a: Iron Valiant|Encore|p1a: Hatterene\n|move|p1a: Hatterene|Encore||[from]ability: Magic Bounce|[still]\n|-fail|p1a: Hatterene\n|move|p1a: Hatterene|Psychic|p2a: Iron Valiant\n|-supereffective|p2a: Iron Valiant\n|-damage|p2a: Iron Valiant|0 fnt\n|faint|p2a: Iron Valiant\n|-end|p2a: Iron Valiant|Quark Drive|[silent]\n|\n|upkeep\n|\n|t:|1700527425\n|switch|p2a: Samurott|Samurott-Hisui, F|100\/100\n|turn|16\n|inactive|chordoverstreet has 120 seconds left.\n|\n|t:|1700527435\n|-terastallize|p1a: Hatterene|Water\n|move|p2a: Samurott|Aqua Cutter|p1a: Hatterene\n|-resisted|p1a: Hatterene\n|-damage|p1a: Hatterene|39\/100\n|move|p1a: Hatterene|Draining Kiss|p2a: Samurott\n|-supereffective|p2a: Samurott\n|-damage|p2a: Samurott|0 fnt\n|-heal|p1a: Hatterene|100\/100|[from] drain|[of] p2a: Samurott\n|faint|p2a: Samurott\n|\n|upkeep\n|\n|t:|1700527444\n|switch|p2a: Gholdengo|Gholdengo|100\/100\n|-item|p2a: Gholdengo|Air Balloon\n|turn|17\n|\n|t:|1700527452\n|move|p2a: Gholdengo|Nasty Plot|p2a: Gholdengo\n|-boost|p2a: Gholdengo|spa|2\n|move|p1a: Hatterene|Calm Mind|p1a: Hatterene\n|-boost|p1a: Hatterene|spa|1\n|-boost|p1a: Hatterene|spd|1\n|\n|upkeep\n|turn|18\n|\n|t:|1700527461\n|move|p2a: Gholdengo|Shadow Ball|p1a: Hatterene\n|-damage|p1a: Hatterene|50\/100\n|move|p1a: Hatterene|Mystical Fire|p2a: Gholdengo\n|-supereffective|p2a: Gholdengo\n|-damage|p2a: Gholdengo|3\/100\n|-unboost|p2a: Gholdengo|spa|1\n|-enditem|p2a: Gholdengo|Air Balloon\n|\n|upkeep\n|turn|19\n|\n|t:|1700527473\n|move|p2a: Gholdengo|Shadow Ball|p1a: Hatterene\n|-damage|p1a: Hatterene|15\/100\n|move|p1a: Hatterene|Mystical Fire|p2a: Gholdengo\n|-supereffective|p2a: Gholdengo\n|-damage|p2a: Gholdengo|0 fnt\n|faint|p2a: Gholdengo\n|\n|upkeep\n|\n|t:|1700527488\n|switch|p2a: Dragonite|Dragonite, F|100\/100\n|turn|20\n|\n|t:|1700527500\n|switch|p1a: Gholdengo|Gholdengo|75\/100\n|-terastallize|p2a: Dragonite|Normal\n|move|p2a: Dragonite|Dragon Dance|p2a: Dragonite\n|-boost|p2a: Dragonite|atk|1\n|-boost|p2a: Dragonite|spe|1\n|\n|upkeep\n|turn|21\n|\n|t:|1700527509\n|move|p2a: Dragonite|Dragon Dance|p2a: Dragonite\n|-boost|p2a: Dragonite|atk|1\n|-boost|p2a: Dragonite|spe|1\n|move|p1a: Gholdengo|Make It Rain|p2a: Dragonite\n|-damage|p2a: Dragonite|73\/100\n|-unboost|p1a: Gholdengo|spa|1\n|\n|upkeep\n|turn|22\n|\n|t:|1700527520\n|move|p2a: Dragonite|Dragon Dance|p2a: Dragonite\n|-boost|p2a: Dragonite|atk|1\n|-boost|p2a: Dragonite|spe|1\n|move|p1a: Gholdengo|Make It Rain|p2a: Dragonite\n|-damage|p2a: Dragonite|39\/100\n|-unboost|p1a: Gholdengo|spa|1\n|\n|upkeep\n|turn|23\n|\n|t:|1700527530\n|move|p2a: Dragonite|Earthquake|p1a: Gholdengo\n|-supereffective|p1a: Gholdengo\n|-damage|p1a: Gholdengo|0 fnt\n|faint|p1a: Gholdengo\n|\n|upkeep\n|\n|t:|1700527532\n|switch|p1a: Great Tusk|Great Tusk|100\/100\n|turn|24\n|\n|t:|1700527549\n|move|p2a: Dragonite|Ice Spinner|p1a: Great Tusk\n|-supereffective|p1a: Great Tusk\n|-damage|p1a: Great Tusk|14\/100\n|move|p1a: Great Tusk|Headlong Rush|p2a: Dragonite\n|-damage|p2a: Dragonite|0 fnt\n|-unboost|p1a: Great Tusk|def|1\n|-unboost|p1a: Great Tusk|spd|1\n|faint|p2a: Dragonite\n|\n|upkeep\n|\n|t:|1700527553\n|switch|p2a: Ribombee|Ribombee, F|38\/100\n|-damage|p2a: Ribombee|25\/100|[from] Spikes\n|turn|25\n|\n|t:|1700527559\n|move|p2a: Ribombee|Moonblast|p1a: Great Tusk\n|-supereffective|p1a: Great Tusk\n|-damage|p1a: Great Tusk|0 fnt\n|faint|p1a: Great Tusk\n|-end|p1a: Great Tusk|Protosynthesis|[silent]\n|\n|upkeep\n|\n|t:|1700527561\n|switch|p1a: Samurott|Samurott-Hisui, M|49\/100\n|turn|26\n|\n|t:|1700527563\n|move|p1a: Samurott|Aqua Cutter|p2a: Ribombee\n|-damage|p2a: Ribombee|0 fnt\n|faint|p2a: Ribombee\n|\n|win|chordoverstreet\n|raw|chordoverstreet's rating: 1473 &rarr; <strong>1493<\/strong><br \/>(+20 for winning)\n|raw|skwinky with it's rating: 1470 &rarr; <strong>1450<\/strong><br \/>(-20 for losing)\n|l|\u2606skwinky with it\n","uploadtime":1700527575,"views":6,"p1id":"chordoverstreet","p2id":"skwinkywithit","formatid":"gen9ou","rating":1450,"private":0,"password":""}