{"id":"gen9ou-1989019382","p1":"jessies boyfriend","p2":"spestfast","format":"[Gen 9] OU","log":"|j|\u2606jessies boyfriend\n|j|\u2606spestfast\n|t:|1699802932\n|gametype|singles\n|player|p1|jessies boyfriend|1|1307\n|player|p2|spestfast|rika|1384\n|teamsize|p1|6\n|teamsize|p2|6\n|gen|9\n|tier|[Gen 9] OU\n|rated|\n|rule|Sleep Clause Mod: Limit one foe put to sleep\n|rule|Species Clause: Limit one of each Pok\u00e9mon\n|rule|OHKO Clause: OHKO moves are banned\n|rule|Evasion Items Clause: Evasion items are banned\n|rule|Evasion Moves Clause: Evasion moves are banned\n|rule|Endless Battle Clause: Forcing endless battles is banned\n|rule|HP Percentage Mod: HP is shown in percentages\n|clearpoke\n|poke|p1|Alomomola, F|\n|poke|p1|Lokix, F|\n|poke|p1|Glimmora, M|\n|poke|p1|Gholdengo|\n|poke|p1|Clefable, M|\n|poke|p1|Iron Moth|\n|poke|p2|Ogerpon-Wellspring, F|\n|poke|p2|Salamence, F|\n|poke|p2|Heatran, M|\n|poke|p2|Gholdengo|\n|poke|p2|Great Tusk|\n|poke|p2|Ting-Lu|\n|teampreview\n|inactive|Battle timer is ON: inactive players will automatically lose when time's up. (requested by spestfast)\n|\n|t:|1699802935\n|start\n|switch|p1a: Glimmora|Glimmora, M|100\/100\n|switch|p2a: Great Tusk|Great Tusk, shiny|100\/100\n|turn|1\n|j| Membershrimp\n|\n|t:|1699802941\n|move|p2a: Great Tusk|Earthquake|p1a: Glimmora\n|-supereffective|p1a: Glimmora\n|-enditem|p1a: Glimmora|Focus Sash\n|-damage|p1a: Glimmora|1\/100\n|-activate|p1a: Glimmora|ability: Toxic Debris\n|-sidestart|p2: spestfast|move: Toxic Spikes\n|move|p1a: Glimmora|Energy Ball|p2a: Great Tusk\n|-supereffective|p2a: Great Tusk\n|-damage|p2a: Great Tusk|12\/100\n|-unboost|p2a: Great Tusk|spd|1\n|\n|-heal|p2a: Great Tusk|18\/100|[from] item: Leftovers\n|upkeep\n|turn|2\n|\n|t:|1699802944\n|switch|p1a: Alomomola|Alomomola, F, shiny|100\/100\n|move|p2a: Great Tusk|Rapid Spin|p1a: Alomomola\n|-damage|p1a: Alomomola|90\/100\n|-boost|p2a: Great Tusk|spe|1\n|-damage|p2a: Great Tusk|1\/100|[from] item: Rocky Helmet|[of] p1a: Alomomola\n|-sideend|p2: spestfast|Toxic Spikes|[from] move: Rapid Spin|[of] p2a: Great Tusk\n|\n|-heal|p2a: Great Tusk|7\/100|[from] item: Leftovers\n|upkeep\n|turn|3\n|\n|t:|1699802947\n|-end|p2a: Great Tusk|Protosynthesis|[silent]\n|switch|p2a: Ogerpon|Ogerpon-Wellspring, F|100\/100\n|move|p1a: Alomomola|Flip Turn|p2a: Ogerpon\n|-immune|p2a: Ogerpon|[from] ability: Water Absorb\n|\n|upkeep\n|turn|4\n|\n|t:|1699802956\n|switch|p1a: Lokix|Lokix, F|100\/100\n|move|p2a: Ogerpon|Ivy Cudgel|p1a: Lokix\n|-damage|p1a: Lokix|19\/100\n|\n|upkeep\n|turn|5\n|\n|t:|1699802960\n|switch|p2a: Salamence|Salamence, F|100\/100\n|-ability|p2a: Salamence|Intimidate|boost\n|-unboost|p1a: Lokix|atk|1\n|move|p1a: Lokix|First Impression|p2a: Salamence\n|-resisted|p2a: Salamence\n|-damage|p2a: Salamence|68\/100\n|-damage|p1a: Lokix|9\/100|[from] item: Life Orb\n|\n|upkeep\n|turn|6\n|inactive|jessies boyfriend has 120 seconds left.\n|\n|t:|1699802997\n|switch|p1a: Alomomola|Alomomola, F, shiny|100\/100\n|switch|p2a: Ting-Lu|Ting-Lu|100\/100\n|-ability|p2a: Ting-Lu|Vessel of Ruin\n|\n|upkeep\n|turn|7\n|inactive|jessies boyfriend has 120 seconds left.\n|\n|t:|1699803004\n|move|p1a: Alomomola|Wish|p1a: Alomomola\n|move|p2a: Ting-Lu|Spikes|p1a: Alomomola\n|-sidestart|p1: jessies boyfriend|Spikes\n|\n|upkeep\n|turn|8\n|\n|t:|1699803006\n|move|p1a: Alomomola|Flip Turn|p2a: Ting-Lu\n|-supereffective|p2a: Ting-Lu\n|-damage|p2a: Ting-Lu|77\/100\n|\n|t:|1699803010\n|switch|p1a: Lokix|Lokix, F|9\/100|[from] Flip Turn\n|-damage|p1a: Lokix|0 fnt|[from] Spikes\n|faint|p1a: Lokix\n|move|p2a: Ting-Lu|Whirlwind|p1: Lokix|[notarget]\n|-fail|p2a: Ting-Lu\n|\n|-heal|p2a: Ting-Lu|83\/100|[from] item: Leftovers\n|upkeep\n|\n|t:|1699803022\n|switch|p1a: Clefable|Clefable, M, shiny|100\/100\n|turn|9\n|\n|t:|1699803031\n|move|p1a: Clefable|Moonblast|p2a: Ting-Lu\n|-supereffective|p2a: Ting-Lu\n|-damage|p2a: Ting-Lu|55\/100\n|move|p2a: Ting-Lu|Spikes|p1a: Clefable\n|-sidestart|p1: jessies boyfriend|Spikes\n|\n|-heal|p2a: Ting-Lu|61\/100|[from] item: Leftovers\n|upkeep\n|turn|10\n|\n|t:|1699803033\n|move|p1a: Clefable|Moonblast|p2a: Ting-Lu\n|-supereffective|p2a: Ting-Lu\n|-damage|p2a: Ting-Lu|33\/100\n|move|p2a: Ting-Lu|Spikes|p1a: Clefable\n|-sidestart|p1: jessies boyfriend|Spikes\n|\n|-heal|p2a: Ting-Lu|39\/100|[from] item: Leftovers\n|upkeep\n|turn|11\n|\n|t:|1699803036\n|switch|p2a: Gholdengo|Gholdengo|100\/100\n|-item|p2a: Gholdengo|Air Balloon\n|move|p1a: Clefable|Wish|p1a: Clefable\n|\n|upkeep\n|turn|12\n|\n|t:|1699803038\n|move|p2a: Gholdengo|Nasty Plot|p2a: Gholdengo\n|-boost|p2a: Gholdengo|spa|2\n|move|p1a: Clefable|Moonblast|p2a: Gholdengo\n|-resisted|p2a: Gholdengo\n|-damage|p2a: Gholdengo|84\/100\n|-unboost|p2a: Gholdengo|spa|1\n|-enditem|p2a: Gholdengo|Air Balloon\n|\n|upkeep\n|turn|13\n|\n|t:|1699803040\n|move|p2a: Gholdengo|Shadow Ball|p1a: Clefable\n|-damage|p1a: Clefable|62\/100\n|move|p1a: Clefable|Moonblast|p2a: Gholdengo\n|-resisted|p2a: Gholdengo\n|-damage|p2a: Gholdengo|67\/100\n|\n|-heal|p1a: Clefable|68\/100|[from] item: Leftovers\n|upkeep\n|turn|14\n|\n|t:|1699803045\n|switch|p1a: Glimmora|Glimmora, M|1\/100\n|-damage|p1a: Glimmora|0 fnt|[from] Spikes\n|faint|p1a: Glimmora\n|move|p2a: Gholdengo|Shadow Ball|p1: Glimmora|[notarget]\n|-fail|p2a: Gholdengo\n|\n|upkeep\n|\n|t:|1699803047\n|switch|p1a: Iron Moth|Iron Moth|100\/100\n|-damage|p1a: Iron Moth|76\/100|[from] Spikes\n|turn|15\n|\n|t:|1699803049\n|switch|p2a: Heatran|Heatran, M|100\/100\n|-item|p2a: Heatran|Air Balloon\n|move|p1a: Iron Moth|Fiery Dance|p2a: Heatran\n|-start|p2a: Heatran|ability: Flash Fire\n|\n|upkeep\n|turn|16\n|\n|t:|1699803053\n|-end|p1a: Iron Moth|Quark Drive|[silent]\n|switch|p1a: Alomomola|Alomomola, F, shiny|100\/100\n|-damage|p1a: Alomomola|76\/100|[from] Spikes\n|move|p2a: Heatran|Magma Storm|p1a: Alomomola\n|-resisted|p1a: Alomomola\n|-damage|p1a: Alomomola|26\/100\n|-activate|p1a: Alomomola|move: Magma Storm|[of] p2a: Heatran\n|\n|-damage|p1a: Alomomola|13\/100|[from] move: Magma Storm|[partiallytrapped]\n|upkeep\n|turn|17\n|\n|t:|1699803055\n|move|p2a: Heatran|Earth Power|p1a: Alomomola\n|-damage|p1a: Alomomola|0 fnt\n|faint|p1a: Alomomola\n|\n|upkeep\n|-message|jessies boyfriend forfeited.\n|\n|win|spestfast\n|raw|jessies boyfriend's rating: 1307 &rarr; <strong>1291<\/strong><br \/>(-16 for losing)\n|raw|spestfast's rating: 1384 &rarr; <strong>1400<\/strong><br \/>(+16 for winning)\n|l|\u2606jessies boyfriend\n","uploadtime":1699803070,"views":9,"p1id":"jessiesboyfriend","p2id":"spestfast","formatid":"gen9ou","rating":1291,"private":0,"password":""}