{"id":"gen9ou-1999921954","p1":"YaBoi-Sebastian","p2":"Chaotic_CJ","format":"[Gen 9] OU","log":"|j|\u2606YaBoi-Sebastian\n|j|\u2606Chaotic_CJ\n|t:|1701130385\n|gametype|singles\n|player|p1|YaBoi-Sebastian|1|1054\n|player|p2|Chaotic_CJ|preschooler|1066\n|teamsize|p1|6\n|teamsize|p2|6\n|gen|9\n|tier|[Gen 9] OU\n|rated|\n|rule|Sleep Clause Mod: Limit one foe put to sleep\n|rule|Species Clause: Limit one of each Pok\u00e9mon\n|rule|OHKO Clause: OHKO moves are banned\n|rule|Evasion Items Clause: Evasion items are banned\n|rule|Evasion Moves Clause: Evasion moves are banned\n|rule|Endless Battle Clause: Forcing endless battles is banned\n|rule|HP Percentage Mod: HP is shown in percentages\n|clearpoke\n|poke|p1|Dragonite, M|\n|poke|p1|Zamazenta-*|\n|poke|p1|Kingambit, M|\n|poke|p1|Sandy Shocks|\n|poke|p1|Clefable, M|\n|poke|p1|Greninja-*, M|\n|poke|p2|Landorus-Therian, M|\n|poke|p2|Okidogi, M|\n|poke|p2|Dragonite, F|\n|poke|p2|Meowscarada, F|\n|poke|p2|Ceruledge, F|\n|poke|p2|Zamazenta-*|\n|teampreview\n|\n|t:|1701130389\n|start\n|switch|p1a: Greninja|Greninja, M, shiny|100\/100\n|switch|p2a: Landorus|Landorus-Therian, M|100\/100\n|-ability|p2a: Landorus|Intimidate|boost\n|-unboost|p1a: Greninja|atk|1\n|turn|1\n|inactive|Battle timer is ON: inactive players will automatically lose when time's up. (requested by Chaotic_CJ)\n|\n|t:|1701130394\n|move|p1a: Greninja|Hydro Cannon|p2a: Landorus\n|-supereffective|p2a: Landorus\n|-damage|p2a: Landorus|0 fnt\n|-mustrecharge|p1a: Greninja\n|faint|p2a: Landorus\n|\n|upkeep\n|\n|t:|1701130401\n|switch|p2a: Meowscarada|Meowscarada, F|100\/100\n|turn|2\n|\n|t:|1701130414\n|move|p2a: Meowscarada|Flower Trick|p1a: Greninja\n|-start|p2a: Meowscarada|typechange|Grass|[from] ability: Protean\n|-supereffective|p1a: Greninja\n|-crit|p1a: Greninja\n|-enditem|p1a: Greninja|Focus Sash\n|-damage|p1a: Greninja|1\/100\n|cant|p1a: Greninja|recharge\n|\n|upkeep\n|turn|3\n|\n|t:|1701130422\n|move|p2a: Meowscarada|Shadow Claw|p1a: Greninja\n|-resisted|p1a: Greninja\n|-damage|p1a: Greninja|0 fnt\n|faint|p1a: Greninja\n|\n|upkeep\n|\n|t:|1701130441\n|switch|p1a: Zamazenta|Zamazenta|100\/100\n|-ability|p1a: Zamazenta|Dauntless Shield|boost\n|-boost|p1a: Zamazenta|def|1\n|turn|4\n|\n|t:|1701130453\n|move|p1a: Zamazenta|Body Press|p2a: Meowscarada\n|-damage|p2a: Meowscarada|33\/100\n|move|p2a: Meowscarada|Knock Off|p1a: Zamazenta\n|-resisted|p1a: Zamazenta\n|-damage|p1a: Zamazenta|92\/100\n|-enditem|p1a: Zamazenta|Choice Scarf|[from] move: Knock Off|[of] p2a: Meowscarada\n|\n|-heal|p2a: Meowscarada|39\/100|[from] item: Leftovers\n|upkeep\n|turn|5\n|\n|t:|1701130461\n|move|p1a: Zamazenta|Body Press|p2a: Meowscarada\n|-damage|p2a: Meowscarada|0 fnt\n|faint|p2a: Meowscarada\n|\n|upkeep\n|\n|t:|1701130471\n|switch|p2a: Okidogi|Okidogi, M|100\/100\n|turn|6\n|\n|t:|1701130486\n|move|p1a: Zamazenta|Play Rough|p2a: Okidogi\n|-damage|p2a: Okidogi|74\/100\n|move|p2a: Okidogi|Gunk Shot|p1a: Zamazenta|[miss]\n|-miss|p2a: Okidogi|p1a: Zamazenta\n|\n|upkeep\n|turn|7\n|\n|t:|1701130494\n|move|p1a: Zamazenta|Play Rough|p2a: Okidogi\n|-damage|p2a: Okidogi|45\/100\n|move|p2a: Okidogi|Gunk Shot|p1a: Zamazenta\n|-damage|p1a: Zamazenta|39\/100\n|-status|p1a: Zamazenta|tox|[from] ability: Toxic Chain|[of] p2a: Okidogi\n|\n|-damage|p1a: Zamazenta|33\/100 tox|[from] psn\n|upkeep\n|turn|8\n|\n|t:|1701130501\n|switch|p2a: Ceruledge|Ceruledge, F|100\/100\n|move|p1a: Zamazenta|Play Rough|p2a: Ceruledge\n|-resisted|p2a: Ceruledge\n|-damage|p2a: Ceruledge|80\/100\n|-ability|p2a: Ceruledge|Weak Armor|boost\n|-unboost|p2a: Ceruledge|def|1\n|-boost|p2a: Ceruledge|spe|2\n|\n|-damage|p1a: Zamazenta|20\/100 tox|[from] psn\n|upkeep\n|turn|9\n|\n|t:|1701130508\n|move|p2a: Ceruledge|Bitter Blade|p1a: Zamazenta\n|-damage|p1a: Zamazenta|0 fnt\n|-heal|p2a: Ceruledge|92\/100|[from] drain|[of] p1a: Zamazenta\n|faint|p1a: Zamazenta\n|\n|upkeep\n|\n|t:|1701130517\n|switch|p1a: Kingambit|Kingambit, M|100\/100\n|-activate|p1a: Kingambit|ability: Supreme Overlord\n|-start|p1a: Kingambit|fallen2|[silent]\n|turn|10\n|\n|t:|1701130523\n|move|p1a: Kingambit|Sucker Punch|p2a: Ceruledge\n|-supereffective|p2a: Ceruledge\n|-crit|p2a: Ceruledge\n|-damage|p2a: Ceruledge|0 fnt\n|faint|p2a: Ceruledge\n|\n|upkeep\n|\n|t:|1701130525\n|switch|p2a: Dragonite|Dragonite, F|100\/100\n|turn|11\n|inactive|YaBoi-Sebastian has 120 seconds left.\n|\n|t:|1701130556\n|-end|p1a: Kingambit|fallen2|[silent]\n|switch|p1a: Clefable|Clefable, M|100\/100\n|-terastallize|p2a: Dragonite|Normal\n|move|p2a: Dragonite|Dragon Dance|p2a: Dragonite\n|-boost|p2a: Dragonite|atk|1\n|-boost|p2a: Dragonite|spe|1\n|\n|upkeep\n|turn|12\n|inactive|YaBoi-Sebastian has 120 seconds left.\n|\n|t:|1701130582\n|move|p2a: Dragonite|Earthquake|p1a: Clefable\n|-damage|p1a: Clefable|57\/100\n|move|p1a: Clefable|Moonblast|p2a: Dragonite\n|-damage|p2a: Dragonite|85\/100\n|\n|-heal|p1a: Clefable|63\/100|[from] item: Leftovers\n|upkeep\n|turn|13\n|\n|t:|1701130590\n|move|p2a: Dragonite|Dragon Dance|p2a: Dragonite\n|-boost|p2a: Dragonite|atk|1\n|-boost|p2a: Dragonite|spe|1\n|move|p1a: Clefable|Moonblast|p2a: Dragonite\n|-damage|p2a: Dragonite|50\/100\n|\n|-heal|p1a: Clefable|69\/100|[from] item: Leftovers\n|upkeep\n|turn|14\n|\n|t:|1701130595\n|move|p2a: Dragonite|Earthquake|p1a: Clefable\n|-damage|p1a: Clefable|10\/100\n|move|p1a: Clefable|Moonblast|p2a: Dragonite\n|-damage|p2a: Dragonite|17\/100\n|-unboost|p2a: Dragonite|spa|1\n|\n|-heal|p1a: Clefable|16\/100|[from] item: Leftovers\n|upkeep\n|turn|15\n|\n|t:|1701130601\n|move|p2a: Dragonite|Extreme Speed|p1a: Clefable\n|-damage|p1a: Clefable|0 fnt\n|faint|p1a: Clefable\n|\n|upkeep\n|\n|t:|1701130606\n|switch|p1a: Kingambit|Kingambit, M|100\/100\n|-activate|p1a: Kingambit|ability: Supreme Overlord\n|-start|p1a: Kingambit|fallen3|[silent]\n|turn|16\n|\n|t:|1701130610\n|move|p2a: Dragonite|Extreme Speed|p1a: Kingambit\n|-resisted|p1a: Kingambit\n|-damage|p1a: Kingambit|69\/100\n|move|p1a: Kingambit|Sucker Punch||[still]\n|-fail|p1a: Kingambit\n|\n|-heal|p1a: Kingambit|75\/100|[from] item: Leftovers\n|upkeep\n|turn|17\n|\n|t:|1701130623\n|-terastallize|p1a: Kingambit|Ghost\n|move|p2a: Dragonite|Roost|p2a: Dragonite\n|-heal|p2a: Dragonite|67\/100\n|move|p1a: Kingambit|Iron Head|p2a: Dragonite\n|-damage|p2a: Dragonite|0 fnt\n|faint|p2a: Dragonite\n|\n|-heal|p1a: Kingambit|81\/100|[from] item: Leftovers\n|upkeep\n|\n|t:|1701130630\n|switch|p2a: Zamazenta|Zamazenta|100\/100\n|-ability|p2a: Zamazenta|Dauntless Shield|boost\n|-boost|p2a: Zamazenta|def|1\n|turn|18\n|\n|t:|1701130641\n|-end|p1a: Kingambit|fallen3|[silent]\n|switch|p1a: Dragonite|Dragonite, M, shiny|100\/100\n|move|p2a: Zamazenta|Crunch|p1a: Dragonite\n|-damage|p1a: Dragonite|85\/100\n|\n|upkeep\n|turn|19\n|\n|t:|1701130653\n|switch|p2a: Okidogi|Okidogi, M|45\/100\n|move|p1a: Dragonite|Dragon Dance|p1a: Dragonite\n|-boost|p1a: Dragonite|atk|1\n|-boost|p1a: Dragonite|spe|1\n|\n|upkeep\n|turn|20\n|\n|t:|1701130664\n|move|p1a: Dragonite|Earthquake|p2a: Okidogi\n|-supereffective|p2a: Okidogi\n|-damage|p2a: Okidogi|0 fnt\n|faint|p2a: Okidogi\n|\n|upkeep\n|inactive|Chaotic_CJ has 120 seconds left.\n|\n|t:|1701130691\n|switch|p2a: Zamazenta|Zamazenta|100\/100\n|turn|21\n|\n|t:|1701130700\n|move|p1a: Dragonite|Earthquake|p2a: Zamazenta\n|-damage|p2a: Zamazenta|53\/100\n|move|p2a: Zamazenta|Stone Edge|p1a: Dragonite\n|-supereffective|p1a: Dragonite\n|-damage|p1a: Dragonite|6\/100\n|\n|upkeep\n|turn|22\n|inactive|Chaotic_CJ has 120 seconds left.\n|\n|t:|1701130729\n|move|p1a: Dragonite|Earthquake|p2a: Zamazenta\n|-damage|p2a: Zamazenta|0 fnt\n|faint|p2a: Zamazenta\n|\n|win|YaBoi-Sebastian\n|raw|YaBoi-Sebastian's rating: 1054 &rarr; <strong>1087<\/strong><br \/>(+33 for winning)\n|raw|Chaotic_CJ's rating: 1066 &rarr; <strong>1045<\/strong><br \/>(-21 for losing)\n|l|\u2606Chaotic_CJ\n","uploadtime":1701130736,"views":4,"p1id":"yaboisebastian","p2id":"chaoticcj","formatid":"gen9ou","rating":1045,"private":0,"password":""}