{"id":"gen9ou-1992866700","p1":"Joyestofthebois","p2":"fropop","format":"[Gen 9] OU","log":"|j|\u2606Joyestofthebois\n|j|\u2606fropop\n|t:|1700242268\n|gametype|singles\n|player|p1|Joyestofthebois|gentleman-gen4|1360\n|player|p2|fropop|n|1446\n|teamsize|p1|6\n|teamsize|p2|6\n|gen|9\n|tier|[Gen 9] OU\n|rated|\n|rule|Sleep Clause Mod: Limit one foe put to sleep\n|rule|Species Clause: Limit one of each Pok\u00e9mon\n|rule|OHKO Clause: OHKO moves are banned\n|rule|Evasion Items Clause: Evasion items are banned\n|rule|Evasion Moves Clause: Evasion moves are banned\n|rule|Endless Battle Clause: Forcing endless battles is banned\n|rule|HP Percentage Mod: HP is shown in percentages\n|clearpoke\n|poke|p1|Weavile, F|\n|poke|p1|Amoonguss, M|\n|poke|p1|Garganacl, F|\n|poke|p1|Maushold|\n|poke|p1|Kingambit, F|\n|poke|p1|Samurott-Hisui, M|\n|poke|p2|Goodra-Hisui, F|\n|poke|p2|Alomomola, M|\n|poke|p2|Rillaboom, M|\n|poke|p2|Zapdos|\n|poke|p2|Cinderace, F|\n|poke|p2|Volcanion|\n|teampreview\n|\n|t:|1700242283\n|start\n|switch|p1a: Samurott|Samurott-Hisui, M, shiny|100\/100\n|switch|p2a: Cinderace|Cinderace, F|100\/100\n|turn|1\n|\n|t:|1700242296\n|move|p2a: Cinderace|Will-O-Wisp|p1a: Samurott\n|-status|p1a: Samurott|brn\n|move|p1a: Samurott|Ceaseless Edge|p2a: Cinderace\n|-damage|p2a: Cinderace|73\/100\n|-sidestart|p2: fropop|Spikes\n|\n|-damage|p1a: Samurott|95\/100 brn|[from] brn\n|upkeep\n|turn|2\n|\n|t:|1700242309\n|move|p2a: Cinderace|U-turn|p1a: Samurott\n|-start|p2a: Cinderace|typechange|Bug|[from] ability: Libero\n|-supereffective|p1a: Samurott\n|-damage|p1a: Samurott|31\/100 brn\n|inactive|Battle timer is ON: inactive players will automatically lose when time's up. (requested by Joyestofthebois)\n|\n|t:|1700242323\n|switch|p2a: Zapdos|Zapdos|100\/100|[from] U-turn\n|move|p1a: Samurott|Swords Dance|p1a: Samurott\n|-boost|p1a: Samurott|atk|2\n|\n|-damage|p1a: Samurott|25\/100 brn|[from] brn\n|upkeep\n|turn|3\n|\n|t:|1700242338\n|move|p1a: Samurott|Aqua Jet|p2a: Zapdos\n|-damage|p2a: Zapdos|85\/100\n|move|p2a: Zapdos|Volt Switch|p1a: Samurott\n|-supereffective|p1a: Samurott\n|-damage|p1a: Samurott|0 fnt\n|faint|p1a: Samurott\n|\n|t:|1700242346\n|switch|p2a: Cinderace|Cinderace, F|73\/100|[from] Volt Switch\n|\n|upkeep\n|\n|t:|1700242350\n|switch|p1a: Garganacl|Garganacl, F|100\/100\n|turn|4\n|\n|t:|1700242358\n|move|p2a: Cinderace|Court Change|p2a: Cinderace\n|-start|p2a: Cinderace|typechange|Normal|[from] ability: Libero\n|-swapsideconditions\n|-activate|p2a: Cinderace|move: Court Change\n|move|p1a: Garganacl|Iron Defense|p1a: Garganacl\n|-boost|p1a: Garganacl|def|2\n|\n|upkeep\n|turn|5\n|\n|t:|1700242369\n|move|p2a: Cinderace|U-turn|p1a: Garganacl\n|-crit|p1a: Garganacl\n|-damage|p1a: Garganacl|81\/100\n|\n|t:|1700242377\n|switch|p2a: Goodra|Goodra-Hisui, F|100\/100|[from] U-turn\n|move|p1a: Garganacl|Iron Defense|p1a: Garganacl\n|-boost|p1a: Garganacl|def|2\n|\n|-heal|p1a: Garganacl|87\/100|[from] item: Leftovers\n|upkeep\n|turn|6\n|\n|t:|1700242392\n|-terastallize|p2a: Goodra|Flying\n|move|p2a: Goodra|Flash Cannon|p1a: Garganacl\n|-supereffective|p1a: Garganacl\n|-damage|p1a: Garganacl|32\/100\n|move|p1a: Garganacl|Salt Cure|p2a: Goodra\n|-supereffective|p2a: Goodra\n|-damage|p2a: Goodra|72\/100\n|-start|p2a: Goodra|Salt Cure\n|\n|-heal|p1a: Garganacl|38\/100|[from] item: Leftovers\n|-damage|p2a: Goodra|60\/100|[from] Salt Cure\n|upkeep\n|turn|7\n|\n|t:|1700242405\n|-terastallize|p1a: Garganacl|Fairy\n|move|p2a: Goodra|Flash Cannon|p1a: Garganacl\n|-supereffective|p1a: Garganacl\n|-damage|p1a: Garganacl|0 fnt\n|faint|p1a: Garganacl\n|\n|-damage|p2a: Goodra|48\/100|[from] Salt Cure\n|upkeep\n|\n|t:|1700242418\n|switch|p1a: Maushold|Maushold|100\/100\n|-damage|p1a: Maushold|88\/100|[from] Spikes\n|turn|8\n|\n|t:|1700242440\n|move|p1a: Maushold|Tidy Up|p1a: Maushold\n|-sideend|p1: Joyestofthebois|Spikes\n|-activate|p1a: Maushold|move: Tidy Up\n|-boost|p1a: Maushold|atk|1\n|-boost|p1a: Maushold|spe|1\n|move|p2a: Goodra|Draco Meteor|p1a: Maushold|[miss]\n|-miss|p2a: Goodra|p1a: Maushold\n|\n|-damage|p2a: Goodra|35\/100|[from] Salt Cure\n|upkeep\n|turn|9\n|inactive|fropop has 120 seconds left.\n|\n|t:|1700242478\n|switch|p2a: Zapdos|Zapdos|85\/100\n|move|p1a: Maushold|Population Bomb|p2a: Zapdos\n|-damage|p2a: Zapdos|73\/100\n|-damage|p2a: Zapdos|60\/100\n|-damage|p2a: Zapdos|48\/100\n|-status|p1a: Maushold|par|[from] ability: Static|[of] p2a: Zapdos\n|-crit|p2a: Zapdos\n|-damage|p2a: Zapdos|30\/100\n|-damage|p2a: Zapdos|18\/100\n|-damage|p2a: Zapdos|6\/100\n|-damage|p2a: Zapdos|0 fnt\n|faint|p2a: Zapdos\n|-hitcount|p2: Zapdos|7\n|\n|upkeep\n|\n|t:|1700242502\n|switch|p2a: Cinderace|Cinderace, F|73\/100\n|turn|10\n|\n|t:|1700242506\n|move|p2a: Cinderace|U-turn|p1a: Maushold\n|-start|p2a: Cinderace|typechange|Bug|[from] ability: Libero\n|-damage|p1a: Maushold|40\/100 par\n|\n|t:|1700242510\n|switch|p2a: Goodra|Goodra-Hisui, F, tera:Flying|35\/100|[from] U-turn\n|move|p1a: Maushold|Population Bomb|p2a: Goodra\n|-damage|p2a: Goodra|19\/100\n|-damage|p2a: Goodra|4\/100\n|-damage|p2a: Goodra|0 fnt\n|faint|p2a: Goodra\n|-hitcount|p2: Goodra|3\n|\n|upkeep\n|\n|t:|1700242533\n|switch|p2a: Rillaboom|Rillaboom, M|100\/100\n|-fieldstart|move: Grassy Terrain|[from] ability: Grassy Surge|[of] p2a: Rillaboom\n|turn|11\n|\n|t:|1700242548\n|move|p2a: Rillaboom|U-turn|p1a: Maushold\n|-damage|p1a: Maushold|0 fnt\n|faint|p1a: Maushold\n|\n|t:|1700242555\n|switch|p2a: Volcanion|Volcanion|100\/100|[from] U-turn\n|\n|upkeep\n|\n|t:|1700242570\n|switch|p1a: Amoonguss|Amoonguss, M, shiny|100\/100\n|turn|12\n|\n|t:|1700242577\n|move|p2a: Volcanion|Flamethrower|p1a: Amoonguss\n|-supereffective|p1a: Amoonguss\n|-damage|p1a: Amoonguss|18\/100\n|-enditem|p1a: Amoonguss|Red Card|[of] p2a: Volcanion\n|drag|p2a: Alomomola|Alomomola, M|100\/100\n|move|p1a: Amoonguss|Sludge Bomb|p2a: Alomomola\n|-damage|p2a: Alomomola|70\/100\n|\n|-heal|p2a: Alomomola|76\/100|[from] Grassy Terrain\n|-heal|p1a: Amoonguss|24\/100|[from] Grassy Terrain\n|upkeep\n|turn|13\n|\n|t:|1700242595\n|switch|p2a: Rillaboom|Rillaboom, M|100\/100\n|move|p1a: Amoonguss|Spore|p2a: Rillaboom\n|-immune|p2a: Rillaboom\n|\n|-heal|p1a: Amoonguss|31\/100|[from] Grassy Terrain\n|upkeep\n|turn|14\n|\n|t:|1700242604\n|move|p2a: Rillaboom|U-turn|p1a: Amoonguss\n|-damage|p1a: Amoonguss|6\/100\n|\n|t:|1700242613\n|switch|p2a: Volcanion|Volcanion|100\/100|[from] U-turn\n|move|p1a: Amoonguss|Sludge Bomb|p2a: Volcanion\n|-damage|p2a: Volcanion|78\/100\n|-status|p2a: Volcanion|psn\n|\n|-heal|p2a: Volcanion|84\/100 psn|[from] Grassy Terrain\n|-heal|p1a: Amoonguss|13\/100|[from] Grassy Terrain\n|-damage|p2a: Volcanion|72\/100 psn|[from] psn\n|upkeep\n|turn|15\n|\n|t:|1700242626\n|switch|p1a: Kingambit|Kingambit, F|100\/100\n|-activate|p1a: Kingambit|ability: Supreme Overlord\n|-start|p1a: Kingambit|fallen3|[silent]\n|move|p2a: Volcanion|Flamethrower|p1a: Kingambit\n|-supereffective|p1a: Kingambit\n|-damage|p1a: Kingambit|2\/100\n|\n|-heal|p1a: Kingambit|8\/100|[from] Grassy Terrain\n|-heal|p1a: Kingambit|15\/100|[from] item: Leftovers\n|-heal|p2a: Volcanion|78\/100 psn|[from] Grassy Terrain\n|-damage|p2a: Volcanion|65\/100 psn|[from] psn\n|-fieldend|move: Grassy Terrain\n|upkeep\n|turn|16\n|\n|t:|1700242640\n|move|p1a: Kingambit|Sucker Punch|p2a: Volcanion\n|-damage|p2a: Volcanion|25\/100 psn\n|move|p2a: Volcanion|Flamethrower|p1a: Kingambit\n|-supereffective|p1a: Kingambit\n|-damage|p1a: Kingambit|0 fnt\n|faint|p1a: Kingambit\n|-end|p1a: Kingambit|fallen3|[silent]\n|\n|-damage|p2a: Volcanion|13\/100 psn|[from] psn\n|upkeep\n|\n|t:|1700242648\n|switch|p1a: Weavile|Weavile, F|100\/100\n|-ability|p1a: Weavile|Pressure\n|turn|17\n|\n|t:|1700242660\n|switch|p2a: Alomomola|Alomomola, M|100\/100\n|move|p1a: Weavile|Knock Off|p2a: Alomomola\n|-damage|p2a: Alomomola|75\/100\n|-enditem|p2a: Alomomola|Heavy-Duty Boots|[from] move: Knock Off|[of] p1a: Weavile\n|\n|upkeep\n|turn|18\n|\n|t:|1700242673\n|switch|p1a: Amoonguss|Amoonguss, M, shiny|46\/100\n|move|p2a: Alomomola|Wish|p2a: Alomomola\n|\n|upkeep\n|turn|19\n|inactive|fropop has 120 seconds left.\n|\n|t:|1700242681\n|move|p2a: Alomomola|Flip Turn|p1a: Amoonguss\n|-resisted|p1a: Amoonguss\n|-damage|p1a: Amoonguss|40\/100\n|inactive|fropop has 120 seconds left.\n|\n|t:|1700242690\n|switch|p2a: Cinderace|Cinderace, F|73\/100|[from] Flip Turn\n|move|p1a: Amoonguss|Sludge Bomb|p2a: Cinderace\n|-damage|p2a: Cinderace|40\/100\n|\n|-heal|p2a: Cinderace|100\/100|[from] move: Wish|[wisher] Alomomola\n|upkeep\n|turn|20\n|\n|t:|1700242702\n|move|p2a: Cinderace|Pyro Ball|p1a: Amoonguss\n|-supereffective|p1a: Amoonguss\n|-damage|p1a: Amoonguss|0 fnt\n|faint|p1a: Amoonguss\n|\n|upkeep\n|\n|t:|1700242707\n|switch|p1a: Weavile|Weavile, F|100\/100\n|-ability|p1a: Weavile|Pressure\n|turn|21\n|\n|t:|1700242720\n|move|p1a: Weavile|Knock Off|p2a: Cinderace\n|-damage|p2a: Cinderace|38\/100\n|-enditem|p2a: Cinderace|Heavy-Duty Boots|[from] move: Knock Off|[of] p1a: Weavile\n|move|p2a: Cinderace|Pyro Ball|p1a: Weavile\n|-supereffective|p1a: Weavile\n|-damage|p1a: Weavile|0 fnt\n|faint|p1a: Weavile\n|\n|win|fropop\n|raw|Joyestofthebois's rating: 1360 &rarr; <strong>1345<\/strong><br \/>(-15 for losing)\n|raw|fropop's rating: 1446 &rarr; <strong>1461<\/strong><br \/>(+15 for winning)\n|c|\u2606Joyestofthebois|gg\n|l|\u2606Joyestofthebois\n","uploadtime":1700242732,"views":15,"p1id":"joyestofthebois","p2id":"fropop","formatid":"gen9ou","rating":1345,"private":0,"password":""}