{"id":"gen9ou-1995160437","p1":"werwqexqwex","p2":"Phoenix2405","format":"[Gen 9] OU","log":"|j|\u203dwerwqexqwex\n|j|\u2606Phoenix2405\n|t:|1700529335\n|gametype|singles\n|player|p1|werwqexqwex|1|1042\n|player|p2|Phoenix2405|101|1000\n|teamsize|p1|6\n|teamsize|p2|6\n|gen|9\n|tier|[Gen 9] OU\n|rated|\n|rule|Sleep Clause Mod: Limit one foe put to sleep\n|rule|Species Clause: Limit one of each Pok\u00e9mon\n|rule|OHKO Clause: OHKO moves are banned\n|rule|Evasion Items Clause: Evasion items are banned\n|rule|Evasion Moves Clause: Evasion moves are banned\n|rule|Endless Battle Clause: Forcing endless battles is banned\n|rule|HP Percentage Mod: HP is shown in percentages\n|clearpoke\n|poke|p1|Blissey, F|\n|poke|p1|Toxapex, M|\n|poke|p1|Slowking-Galar, M|\n|poke|p1|Corviknight, M|\n|poke|p1|Dondozo, F|\n|poke|p1|Zapdos|\n|poke|p2|Manaphy|\n|poke|p2|Kingambit, F|\n|poke|p2|Ribombee, F|\n|poke|p2|Gholdengo|\n|poke|p2|Iron Moth|\n|poke|p2|Ogerpon-Wellspring, F|\n|teampreview\n|\n|t:|1700529344\n|start\n|switch|p1a: Blissey|Blissey, F|100\/100\n|switch|p2a: Penny|Ribombee, F, shiny|100\/100\n|turn|1\n|\n|t:|1700529350\n|move|p2a: Penny|Sticky Web|p1a: Blissey\n|-sidestart|p1: werwqexqwex|move: Sticky Web\n|move|p1a: Blissey|Stealth Rock|p2a: Penny\n|-sidestart|p2: Phoenix2405|move: Stealth Rock\n|\n|upkeep\n|turn|2\n|\n|t:|1700529372\n|switch|p2a: Pensive|Ogerpon-Wellspring, F|100\/100\n|-damage|p2a: Pensive|88\/100|[from] Stealth Rock\n|move|p1a: Blissey|Seismic Toss|p2a: Pensive\n|-damage|p2a: Pensive|55\/100\n|\n|upkeep\n|turn|3\n|\n|t:|1700529381\n|switch|p1a: Toxapex|Toxapex, M|100\/100\n|-activate|p1a: Toxapex|move: Sticky Web\n|-unboost|p1a: Toxapex|spe|1\n|move|p2a: Pensive|Swords Dance|p2a: Pensive\n|-boost|p2a: Pensive|atk|2\n|\n|upkeep\n|turn|4\n|\n|t:|1700529394\n|move|p2a: Pensive|Encore||[still]\n|-fail|p2a: Pensive\n|move|p1a: Toxapex|Haze|p1a: Toxapex\n|-clearallboost\n|\n|upkeep\n|turn|5\n|\n|t:|1700529405\n|move|p2a: Pensive|Encore|p1a: Toxapex\n|-start|p1a: Toxapex|Encore\n|move|p1a: Toxapex|Haze|p1a: Toxapex\n|-clearallboost\n|\n|upkeep\n|turn|6\n|\n|t:|1700529415\n|switch|p1a: Zapdos|Zapdos|100\/100\n|-ability|p1a: Zapdos|Pressure\n|move|p2a: Pensive|Ivy Cudgel|p1a: Zapdos|[anim] Ivy Cudgel Water\n|-damage|p1a: Zapdos|46\/100\n|\n|-heal|p1a: Zapdos|52\/100|[from] item: Leftovers\n|upkeep\n|turn|7\n|\n|t:|1700529437\n|switch|p1a: Slowking|Slowking-Galar, M|100\/100\n|-activate|p1a: Slowking|move: Sticky Web\n|-unboost|p1a: Slowking|spe|1\n|-terastallize|p2a: Pensive|Water\n|detailschange|p2a: Pensive|Ogerpon-Wellspring-Tera, F, tera:Water\n|-ability|p2a: Pensive|Embody Aspect (Wellspring)|boost\n|-boost|p2a: Pensive|spd|1\n|move|p2a: Pensive|Ivy Cudgel|p1a: Slowking|[anim] Ivy Cudgel Water\n|-damage|p1a: Slowking|15\/100\n|\n|-heal|p1a: Slowking|21\/100|[from] item: Leftovers\n|upkeep\n|turn|8\n|\n|t:|1700529450\n|switch|p1a: Dondozo|Dondozo, F|100\/100\n|-activate|p1a: Dondozo|move: Sticky Web\n|-unboost|p1a: Dondozo|spe|1\n|move|p2a: Pensive|Swords Dance|p2a: Pensive\n|-boost|p2a: Pensive|atk|2\n|\n|upkeep\n|turn|9\n|\n|t:|1700529461\n|move|p2a: Pensive|Ivy Cudgel|p1a: Dondozo|[anim] Ivy Cudgel Water\n|-resisted|p1a: Dondozo\n|-damage|p1a: Dondozo|77\/100\n|move|p1a: Dondozo|Earthquake|p2a: Pensive\n|-damage|p2a: Pensive|24\/100\n|\n|-heal|p1a: Dondozo|83\/100|[from] item: Leftovers\n|upkeep\n|turn|10\n|\n|t:|1700529469\n|move|p2a: Pensive|Encore|p1a: Dondozo\n|-start|p1a: Dondozo|Encore\n|move|p1a: Dondozo|Earthquake|p2a: Pensive\n|-damage|p2a: Pensive|0 fnt\n|faint|p2a: Pensive\n|\n|-heal|p1a: Dondozo|89\/100|[from] item: Leftovers\n|upkeep\n|\n|t:|1700529485\n|switch|p2a: Mammon|Gholdengo|100\/100\n|-damage|p2a: Mammon|94\/100|[from] Stealth Rock\n|-item|p2a: Mammon|Air Balloon\n|turn|11\n|\n|t:|1700529492\n|switch|p1a: Blissey|Blissey, F|100\/100\n|-activate|p1a: Blissey|move: Sticky Web\n|-unboost|p1a: Blissey|spe|1\n|move|p2a: Mammon|Nasty Plot|p2a: Mammon\n|-boost|p2a: Mammon|spa|2\n|\n|upkeep\n|turn|12\n|\n|t:|1700529514\n|switch|p1a: Slowking|Slowking-Galar, M|55\/100\n|-activate|p1a: Slowking|move: Sticky Web\n|-unboost|p1a: Slowking|spe|1\n|move|p2a: Mammon|Psyshock|p1a: Slowking\n|-crit|p1a: Slowking\n|-damage|p1a: Slowking|0 fnt\n|faint|p1a: Slowking\n|\n|upkeep\n|\n|t:|1700529523\n|switch|p1a: Dondozo|Dondozo, F|89\/100\n|-activate|p1a: Dondozo|move: Sticky Web\n|-unboost|p1a: Dondozo|spe|1\n|turn|13\n|\n|t:|1700529532\n|move|p2a: Mammon|Shadow Ball|p1a: Dondozo\n|-damage|p1a: Dondozo|54\/100\n|move|p1a: Dondozo|Wave Crash|p2a: Mammon\n|-damage|p2a: Mammon|49\/100\n|-enditem|p2a: Mammon|Air Balloon\n|-damage|p1a: Dondozo|42\/100|[from] Recoil\n|\n|-heal|p1a: Dondozo|48\/100|[from] item: Leftovers\n|upkeep\n|turn|14\n|\n|t:|1700529543\n|move|p2a: Mammon|Make It Rain|p1a: Dondozo\n|-resisted|p1a: Dondozo\n|-damage|p1a: Dondozo|24\/100\n|-unboost|p2a: Mammon|spa|1\n|move|p1a: Dondozo|Rest|p1a: Dondozo\n|-status|p1a: Dondozo|slp|[from] move: Rest\n|-heal|p1a: Dondozo|100\/100 slp|[silent]\n|\n|upkeep\n|turn|15\n|\n|t:|1700529556\n|switch|p2a: Penny|Ribombee, F, shiny|100\/100\n|-damage|p2a: Penny|76\/100|[from] Stealth Rock\n|cant|p1a: Dondozo|slp\n|move|p1a: Dondozo|Sleep Talk|p1a: Dondozo\n|move|p1a: Dondozo|Rest||[from]move: Sleep Talk|[still]\n|-fail|p1a: Dondozo\n|\n|upkeep\n|turn|16\n|\n|t:|1700529576\n|switch|p1a: Toxapex|Toxapex, M|100\/100\n|-activate|p1a: Toxapex|move: Sticky Web\n|-unboost|p1a: Toxapex|spe|1\n|move|p2a: Penny|Moonblast|p1a: Toxapex\n|-resisted|p1a: Toxapex\n|-damage|p1a: Toxapex|84\/100\n|-unboost|p1a: Toxapex|spa|1\n|\n|-heal|p1a: Toxapex|90\/100|[from] item: Leftovers\n|upkeep\n|turn|17\n|\n|t:|1700529598\n|move|p2a: Penny|Psychic|p1a: Toxapex\n|-supereffective|p1a: Toxapex\n|-damage|p1a: Toxapex|50\/100\n|move|p1a: Toxapex|Toxic|p2a: Penny\n|-status|p2a: Penny|tox\n|\n|-heal|p1a: Toxapex|56\/100|[from] item: Leftovers\n|-damage|p2a: Penny|69\/100 tox|[from] psn\n|upkeep\n|turn|18\n|\n|t:|1700529611\n|move|p2a: Penny|Stun Spore|p1a: Toxapex\n|-status|p1a: Toxapex|par\n|cant|p1a: Toxapex|par\n|\n|-heal|p1a: Toxapex|62\/100 par|[from] item: Leftovers\n|-damage|p2a: Penny|57\/100 tox|[from] psn\n|upkeep\n|turn|19\n|\n|t:|1700529625\n|switch|p2a: Phionne|Manaphy|100\/100\n|-damage|p2a: Phionne|88\/100|[from] Stealth Rock\n|move|p1a: Toxapex|Recover|p1a: Toxapex\n|-heal|p1a: Toxapex|100\/100 par\n|\n|-heal|p2a: Phionne|94\/100|[from] item: Leftovers\n|upkeep\n|turn|20\n|\n|t:|1700529638\n|move|p2a: Phionne|Take Heart|p2a: Phionne\n|-boost|p2a: Phionne|spa|1\n|-boost|p2a: Phionne|spd|1\n|cant|p1a: Toxapex|par\n|\n|-heal|p2a: Phionne|99\/100|[from] item: Leftovers\n|upkeep\n|turn|21\n|\n|t:|1700529652\n|move|p2a: Phionne|Take Heart|p2a: Phionne\n|-boost|p2a: Phionne|spa|1\n|-boost|p2a: Phionne|spd|1\n|move|p1a: Toxapex|Haze|p1a: Toxapex\n|-clearallboost\n|\n|-heal|p2a: Phionne|100\/100|[from] item: Leftovers\n|upkeep\n|turn|22\n|\n|t:|1700529661\n|move|p2a: Phionne|Take Heart|p2a: Phionne\n|-boost|p2a: Phionne|spa|1\n|-boost|p2a: Phionne|spd|1\n|move|p1a: Toxapex|Toxic|p2a: Phionne\n|-status|p2a: Phionne|tox\n|\n|-damage|p2a: Phionne|94\/100 tox|[from] psn\n|upkeep\n|turn|23\n|\n|t:|1700529668\n|move|p2a: Phionne|Take Heart|p2a: Phionne\n|-boost|p2a: Phionne|spa|1\n|-boost|p2a: Phionne|spd|1\n|-curestatus|p2a: Phionne|tox|[msg]\n|move|p1a: Toxapex|Haze|p1a: Toxapex\n|-clearallboost\n|\n|-heal|p2a: Phionne|100\/100|[from] item: Leftovers\n|upkeep\n|turn|24\n|\n|t:|1700529677\n|move|p2a: Phionne|Take Heart|p2a: Phionne\n|-boost|p2a: Phionne|spa|1\n|-boost|p2a: Phionne|spd|1\n|cant|p1a: Toxapex|par\n|\n|upkeep\n|turn|25\n|\n|t:|1700529682\n|move|p2a: Phionne|Take Heart|p2a: Phionne\n|-boost|p2a: Phionne|spa|1\n|-boost|p2a: Phionne|spd|1\n|move|p1a: Toxapex|Haze|p1a: Toxapex\n|-clearallboost\n|\n|upkeep\n|turn|26\n|\n|t:|1700529690\n|move|p2a: Phionne|Take Heart|p2a: Phionne\n|-boost|p2a: Phionne|spa|1\n|-boost|p2a: Phionne|spd|1\n|move|p1a: Toxapex|Haze|p1a: Toxapex\n|-clearallboost\n|\n|upkeep\n|turn|27\n|\n|t:|1700529695\n|move|p2a: Phionne|Take Heart|p2a: Phionne\n|-boost|p2a: Phionne|spa|1\n|-boost|p2a: Phionne|spd|1\n|move|p1a: Toxapex|Haze|p1a: Toxapex\n|-clearallboost\n|\n|upkeep\n|turn|28\n|c|\u2606Phoenix2405|lol\n|\n|t:|1700529702\n|move|p2a: Phionne|Take Heart|p2a: Phionne\n|-boost|p2a: Phionne|spa|1\n|-boost|p2a: Phionne|spd|1\n|move|p1a: Toxapex|Haze|p1a: Toxapex\n|-clearallboost\n|\n|upkeep\n|turn|29\n|\n|t:|1700529708\n|move|p2a: Phionne|Take Heart|p2a: Phionne\n|-boost|p2a: Phionne|spa|1\n|-boost|p2a: Phionne|spd|1\n|move|p1a: Toxapex|Haze|p1a: Toxapex\n|-clearallboost\n|\n|upkeep\n|turn|30\n|\n|t:|1700529714\n|move|p2a: Phionne|Take Heart|p2a: Phionne\n|-boost|p2a: Phionne|spa|1\n|-boost|p2a: Phionne|spd|1\n|move|p1a: Toxapex|Haze|p1a: Toxapex\n|-clearallboost\n|\n|upkeep\n|turn|31\n|\n|t:|1700529720\n|move|p2a: Phionne|Take Heart|p2a: Phionne\n|-boost|p2a: Phionne|spa|1\n|-boost|p2a: Phionne|spd|1\n|cant|p1a: Toxapex|par\n|\n|upkeep\n|turn|32\n|\n|t:|1700529725\n|move|p2a: Phionne|Take Heart|p2a: Phionne\n|-boost|p2a: Phionne|spa|1\n|-boost|p2a: Phionne|spd|1\n|cant|p1a: Toxapex|par\n|\n|upkeep\n|turn|33\n|\n|t:|1700529730\n|move|p2a: Phionne|Stored Power|p1a: Toxapex\n|-supereffective|p1a: Toxapex\n|-damage|p1a: Toxapex|2\/100 par\n|cant|p1a: Toxapex|par\n|\n|-heal|p1a: Toxapex|8\/100 par|[from] item: Leftovers\n|upkeep\n|turn|34\n|\n|t:|1700529737\n|move|p2a: Phionne|Stored Power|p1a: Toxapex\n|-supereffective|p1a: Toxapex\n|-damage|p1a: Toxapex|0 fnt\n|faint|p1a: Toxapex\n|\n|upkeep\n|\n|t:|1700529742\n|switch|p1a: Blissey|Blissey, F|100\/100\n|-activate|p1a: Blissey|move: Sticky Web\n|-unboost|p1a: Blissey|spe|1\n|turn|35\n|\n|t:|1700529753\n|move|p2a: Phionne|Take Heart|p2a: Phionne\n|-boost|p2a: Phionne|spa|1\n|-boost|p2a: Phionne|spd|1\n|move|p1a: Blissey|Seismic Toss|p2a: Phionne\n|-damage|p2a: Phionne|73\/100\n|\n|-heal|p2a: Phionne|79\/100|[from] item: Leftovers\n|upkeep\n|turn|36\n|\n|t:|1700529760\n|move|p2a: Phionne|Stored Power|p1a: Blissey\n|-damage|p1a: Blissey|59\/100\n|move|p1a: Blissey|Seismic Toss|p2a: Phionne\n|-damage|p2a: Phionne|51\/100\n|\n|-heal|p2a: Phionne|58\/100|[from] item: Leftovers\n|-heal|p1a: Blissey|66\/100|[from] item: Leftovers\n|upkeep\n|turn|37\n|\n|t:|1700529775\n|move|p2a: Phionne|Take Heart|p2a: Phionne\n|-boost|p2a: Phionne|spa|1\n|-boost|p2a: Phionne|spd|1\n|move|p1a: Blissey|Soft-Boiled|p1a: Blissey\n|-heal|p1a: Blissey|100\/100\n|\n|-heal|p2a: Phionne|64\/100|[from] item: Leftovers\n|upkeep\n|turn|38\n|\n|t:|1700529781\n|-terastallize|p1a: Blissey|Ghost\n|move|p2a: Phionne|Stored Power|p1a: Blissey\n|-damage|p1a: Blissey|39\/100\n|move|p1a: Blissey|Seismic Toss|p2a: Phionne\n|-damage|p2a: Phionne|36\/100\n|\n|-heal|p2a: Phionne|42\/100|[from] item: Leftovers\n|-heal|p1a: Blissey|45\/100|[from] item: Leftovers\n|upkeep\n|turn|39\n|\n|t:|1700529792\n|move|p2a: Phionne|Stored Power|p1a: Blissey\n|-damage|p1a: Blissey|0 fnt\n|faint|p1a: Blissey\n|\n|-heal|p2a: Phionne|48\/100|[from] item: Leftovers\n|upkeep\n|\n|t:|1700529797\n|switch|p1a: Dondozo|Dondozo, F|100\/100 slp\n|-activate|p1a: Dondozo|move: Sticky Web\n|-unboost|p1a: Dondozo|spe|1\n|turn|40\n|\n|t:|1700529806\n|move|p2a: Phionne|Stored Power|p1a: Dondozo\n|-damage|p1a: Dondozo|58\/100 slp\n|cant|p1a: Dondozo|slp\n|move|p1a: Dondozo|Sleep Talk|p1a: Dondozo\n|move|p1a: Dondozo|Wave Crash|p2a: Phionne|[from]move: Sleep Talk\n|-resisted|p2a: Phionne\n|-damage|p2a: Phionne|28\/100\n|-damage|p1a: Dondozo|53\/100 slp|[from] Recoil\n|\n|-heal|p2a: Phionne|34\/100|[from] item: Leftovers\n|-heal|p1a: Dondozo|59\/100 slp|[from] item: Leftovers\n|upkeep\n|turn|41\n|\n|t:|1700529822\n|move|p2a: Phionne|Acid Armor|p2a: Phionne\n|-boost|p2a: Phionne|def|2\n|-curestatus|p1a: Dondozo|slp|[msg]\n|move|p1a: Dondozo|Sleep Talk||[still]\n|-fail|p1a: Dondozo\n|\n|-heal|p2a: Phionne|40\/100|[from] item: Leftovers\n|-heal|p1a: Dondozo|65\/100|[from] item: Leftovers\n|upkeep\n|turn|42\n|\n|t:|1700529834\n|move|p2a: Phionne|Acid Armor|p2a: Phionne\n|-boost|p2a: Phionne|def|2\n|move|p1a: Dondozo|Rest|p1a: Dondozo\n|-status|p1a: Dondozo|slp|[from] move: Rest\n|-heal|p1a: Dondozo|100\/100 slp|[silent]\n|\n|-heal|p2a: Phionne|46\/100|[from] item: Leftovers\n|upkeep\n|turn|43\n|\n|t:|1700529844\n|move|p2a: Phionne|Stored Power|p1a: Dondozo\n|-damage|p1a: Dondozo|37\/100 slp\n|cant|p1a: Dondozo|slp\n|move|p1a: Dondozo|Sleep Talk|p1a: Dondozo\n|move|p1a: Dondozo|Earthquake|p2a: Phionne|[from]move: Sleep Talk\n|-damage|p2a: Phionne|21\/100\n|\n|-heal|p2a: Phionne|27\/100|[from] item: Leftovers\n|-heal|p1a: Dondozo|43\/100 slp|[from] item: Leftovers\n|upkeep\n|turn|44\n|\n|t:|1700529853\n|move|p2a: Phionne|Stored Power|p1a: Dondozo\n|-damage|p1a: Dondozo|0 fnt\n|faint|p1a: Dondozo\n|\n|-heal|p2a: Phionne|33\/100|[from] item: Leftovers\n|upkeep\n|\n|t:|1700529858\n|switch|p1a: Corviknight|Corviknight, M|100\/100\n|-ability|p1a: Corviknight|Pressure\n|turn|45\n|\n|t:|1700529864\n|move|p2a: Phionne|Stored Power|p1a: Corviknight\n|-resisted|p1a: Corviknight\n|-damage|p1a: Corviknight|0 fnt\n|faint|p1a: Corviknight\n|\n|-heal|p2a: Phionne|39\/100|[from] item: Leftovers\n|upkeep\n|\n|t:|1700529868\n|switch|p1a: Zapdos|Zapdos|52\/100\n|-ability|p1a: Zapdos|Pressure\n|turn|46\n|\n|t:|1700529872\n|move|p2a: Phionne|Stored Power|p1a: Zapdos\n|-damage|p1a: Zapdos|0 fnt\n|faint|p1a: Zapdos\n|\n|win|Phoenix2405\n|raw|werwqexqwex's rating: 1042 &rarr; <strong>1024<\/strong><br \/>(-18 for losing)\n|raw|Phoenix2405's rating: 1000 &rarr; <strong>1045<\/strong><br \/>(+45 for winning)\n|c|\u2606Phoenix2405|gg\n|l|\u203dwerwqexqwex\n","uploadtime":1700529895,"views":4,"p1id":"werwqexqwex","p2id":"phoenix2405","formatid":"gen9ou","rating":1024,"private":0,"password":""}