{"id":"gen9ou-1992337975","p1":"TheZalmancer","p2":"YUKI on ICE","format":"[Gen 9] OU","log":"|j|\u2606TheZalmancer\n|j|\u2606YUKI on ICE\n|t:|1700176188\n|gametype|singles\n|player|p1|TheZalmancer|skyla|1190\n|player|p2|YUKI on ICE|maid|1231\n|teamsize|p1|6\n|teamsize|p2|6\n|gen|9\n|tier|[Gen 9] OU\n|rated|\n|rule|Sleep Clause Mod: Limit one foe put to sleep\n|rule|Species Clause: Limit one of each Pok\u00e9mon\n|rule|OHKO Clause: OHKO moves are banned\n|rule|Evasion Items Clause: Evasion items are banned\n|rule|Evasion Moves Clause: Evasion moves are banned\n|rule|Endless Battle Clause: Forcing endless battles is banned\n|rule|HP Percentage Mod: HP is shown in percentages\n|clearpoke\n|poke|p1|Poliwrath, F|\n|poke|p1|Pelipper, F|\n|poke|p1|Overqwil, M|\n|poke|p1|Rillaboom, M|\n|poke|p1|Iron Treads|\n|poke|p1|Zapdos|\n|poke|p2|Garchomp, M|\n|poke|p2|Great Tusk|\n|poke|p2|Dragapult, M|\n|poke|p2|Arcanine-Hisui, M|\n|poke|p2|Heatran, M|\n|poke|p2|Thundurus-Therian, M|\n|teampreview\n|\n|t:|1700176196\n|start\n|switch|p1a: Pelipper|Pelipper, F|100\/100\n|switch|p2a: Garchomp|Garchomp, M|100\/100\n|-weather|RainDance|[from] ability: Drizzle|[of] p1a: Pelipper\n|turn|1\n|\n|t:|1700176215\n|move|p2a: Garchomp|Substitute|p2a: Garchomp\n|-start|p2a: Garchomp|Substitute\n|-damage|p2a: Garchomp|76\/100\n|move|p1a: Pelipper|Surf|p2a: Garchomp\n|-end|p2a: Garchomp|Substitute\n|\n|-weather|RainDance|[upkeep]\n|-heal|p2a: Garchomp|82\/100|[from] item: Leftovers\n|upkeep\n|turn|2\n|\n|t:|1700176224\n|move|p2a: Garchomp|Scale Shot|p1a: Pelipper\n|-damage|p1a: Pelipper|88\/100\n|-damage|p1a: Pelipper|76\/100\n|-damage|p1a: Pelipper|63\/100\n|-damage|p1a: Pelipper|50\/100\n|-damage|p1a: Pelipper|39\/100\n|-hitcount|p1a: Pelipper|5\n|-unboost|p2a: Garchomp|def|1\n|-boost|p2a: Garchomp|spe|1\n|move|p1a: Pelipper|Surf|p2a: Garchomp\n|-damage|p2a: Garchomp|34\/100\n|\n|-weather|RainDance|[upkeep]\n|-heal|p2a: Garchomp|41\/100|[from] item: Leftovers\n|upkeep\n|turn|3\n|\n|t:|1700176252\n|switch|p1a: Iron Treads|Iron Treads|100\/100\n|move|p2a: Garchomp|Scale Shot|p1a: Iron Treads|[miss]\n|-miss|p2a: Garchomp|p1a: Iron Treads\n|\n|-weather|RainDance|[upkeep]\n|-heal|p2a: Garchomp|47\/100|[from] item: Leftovers\n|upkeep\n|turn|4\n|\n|t:|1700176264\n|-end|p1a: Iron Treads|Quark Drive|[silent]\n|switch|p1a: Zapdos|Zapdos|100\/100\n|move|p2a: Garchomp|Substitute|p2a: Garchomp\n|-start|p2a: Garchomp|Substitute\n|-damage|p2a: Garchomp|22\/100\n|\n|-weather|RainDance|[upkeep]\n|-heal|p2a: Garchomp|28\/100|[from] item: Leftovers\n|upkeep\n|turn|5\n|\n|t:|1700176272\n|move|p2a: Garchomp|Swords Dance|p2a: Garchomp\n|-boost|p2a: Garchomp|atk|2\n|move|p1a: Zapdos|Hurricane|p2a: Garchomp\n|-end|p2a: Garchomp|Substitute\n|\n|-weather|RainDance|[upkeep]\n|-heal|p2a: Garchomp|34\/100|[from] item: Leftovers\n|upkeep\n|turn|6\n|\n|t:|1700176280\n|move|p2a: Garchomp|Scale Shot|p1a: Zapdos\n|-damage|p1a: Zapdos|69\/100\n|-damage|p1a: Zapdos|35\/100\n|-damage|p1a: Zapdos|1\/100\n|-damage|p1a: Zapdos|0 fnt\n|faint|p1a: Zapdos\n|-hitcount|p1: Zapdos|4\n|-unboost|p2a: Garchomp|def|1\n|-boost|p2a: Garchomp|spe|1\n|\n|-weather|RainDance|[upkeep]\n|-heal|p2a: Garchomp|40\/100|[from] item: Leftovers\n|upkeep\n|\n|t:|1700176291\n|switch|p1a: Rillaboom|Rillaboom, M|100\/100\n|-fieldstart|move: Grassy Terrain|[from] ability: Grassy Surge|[of] p1a: Rillaboom\n|turn|7\n|\n|t:|1700176304\n|switch|p2a: Thundurus|Thundurus-Therian, M|100\/100\n|-enditem|p2a: Thundurus|Grassy Seed\n|-boost|p2a: Thundurus|def|1|[from] item: Grassy Seed\n|move|p1a: Rillaboom|Grassy Glide|p2a: Thundurus\n|-resisted|p2a: Thundurus\n|-damage|p2a: Thundurus|70\/100\n|\n|-weather|RainDance|[upkeep]\n|upkeep\n|turn|8\n|\n|t:|1700176318\n|switch|p1a: Iron Treads|Iron Treads|100\/100\n|move|p2a: Thundurus|Nasty Plot|p2a: Thundurus\n|-boost|p2a: Thundurus|spa|2\n|\n|-weather|none\n|upkeep\n|turn|9\n|\n|t:|1700176326\n|-terastallize|p2a: Thundurus|Ice\n|move|p2a: Thundurus|Tera Blast|p1a: Iron Treads|[anim] Tera Blast Ice\n|-damage|p1a: Iron Treads|5\/100\n|move|p1a: Iron Treads|Ice Spinner|p2a: Thundurus\n|-resisted|p2a: Thundurus\n|-damage|p2a: Thundurus|58\/100\n|-fieldend|move: Grassy Terrain\n|\n|upkeep\n|turn|10\n|\n|t:|1700176339\n|move|p2a: Thundurus|Dark Pulse|p1a: Iron Treads\n|-damage|p1a: Iron Treads|0 fnt\n|faint|p1a: Iron Treads\n|-end|p1a: Iron Treads|Quark Drive|[silent]\n|\n|upkeep\n|\n|t:|1700176347\n|switch|p1a: Pelipper|Pelipper, F|39\/100\n|-weather|RainDance|[from] ability: Drizzle|[of] p1a: Pelipper\n|turn|11\n|\n|t:|1700176351\n|move|p2a: Thundurus|Thunderbolt|p1a: Pelipper\n|-supereffective|p1a: Pelipper\n|-damage|p1a: Pelipper|0 fnt\n|faint|p1a: Pelipper\n|\n|-weather|RainDance|[upkeep]\n|upkeep\n|\n|t:|1700176362\n|switch|p1a: Overqwil|Overqwil, M|100\/100\n|turn|12\n|\n|t:|1700176380\n|move|p1a: Overqwil|Liquidation|p2a: Thundurus\n|-damage|p2a: Thundurus|6\/100\n|-damage|p1a: Overqwil|91\/100|[from] item: Life Orb\n|move|p2a: Thundurus|Thunderbolt|p1a: Overqwil\n|-damage|p1a: Overqwil|0 fnt\n|faint|p1a: Overqwil\n|\n|-weather|RainDance|[upkeep]\n|upkeep\n|\n|t:|1700176387\n|switch|p1a: Rillaboom|Rillaboom, M|100\/100\n|-fieldstart|move: Grassy Terrain|[from] ability: Grassy Surge|[of] p1a: Rillaboom\n|turn|13\n|\n|t:|1700176397\n|switch|p2a: Dragapult|Dragapult, M|100\/100\n|move|p1a: Rillaboom|Grassy Glide|p2a: Dragapult\n|-resisted|p2a: Dragapult\n|-damage|p2a: Dragapult|69\/100\n|\n|-weather|RainDance|[upkeep]\n|-heal|p2a: Dragapult|75\/100|[from] Grassy Terrain\n|upkeep\n|turn|14\n|\n|t:|1700176406\n|switch|p1a: Poliwrath|Poliwrath, F|100\/100\n|move|p2a: Dragapult|Reflect|p2a: Dragapult\n|-sidestart|p2: YUKI on ICE|Reflect\n|\n|-weather|RainDance|[upkeep]\n|-heal|p2a: Dragapult|81\/100|[from] Grassy Terrain\n|upkeep\n|turn|15\n|\n|t:|1700176413\n|move|p1a: Poliwrath|Belly Drum|p1a: Poliwrath\n|-damage|p1a: Poliwrath|50\/100\n|-setboost|p1a: Poliwrath|atk|6|[from] move: Belly Drum\n|-enditem|p1a: Poliwrath|Sitrus Berry|[eat]\n|-heal|p1a: Poliwrath|75\/100|[from] item: Sitrus Berry\n|move|p2a: Dragapult|Will-O-Wisp|p1a: Poliwrath\n|-status|p1a: Poliwrath|brn\n|\n|-weather|RainDance|[upkeep]\n|-heal|p1a: Poliwrath|82\/100 brn|[from] Grassy Terrain\n|-heal|p2a: Dragapult|87\/100|[from] Grassy Terrain\n|-damage|p1a: Poliwrath|75\/100 brn|[from] brn\n|upkeep\n|turn|16\n|\n|t:|1700176429\n|move|p1a: Poliwrath|Liquidation|p2a: Dragapult\n|-resisted|p2a: Dragapult\n|-crit|p2a: Dragapult\n|-damage|p2a: Dragapult|3\/100\n|-unboost|p2a: Dragapult|def|1\n|move|p2a: Dragapult|Hex|p1a: Poliwrath\n|-damage|p1a: Poliwrath|19\/100 brn\n|\n|-weather|RainDance|[upkeep]\n|-heal|p1a: Poliwrath|25\/100 brn|[from] Grassy Terrain\n|-heal|p2a: Dragapult|9\/100|[from] Grassy Terrain\n|-damage|p1a: Poliwrath|19\/100 brn|[from] brn\n|upkeep\n|turn|17\n|\n|t:|1700176445\n|move|p1a: Poliwrath|Liquidation|p2a: Dragapult\n|-resisted|p2a: Dragapult\n|-damage|p2a: Dragapult|0 fnt\n|faint|p2a: Dragapult\n|\n|-weather|RainDance|[upkeep]\n|-heal|p1a: Poliwrath|25\/100 brn|[from] Grassy Terrain\n|-damage|p1a: Poliwrath|19\/100 brn|[from] brn\n|-fieldend|move: Grassy Terrain\n|upkeep\n|\n|t:|1700176452\n|switch|p2a: Thundurus|Thundurus-Therian, M, tera:Ice|6\/100\n|turn|18\n|\n|t:|1700176458\n|move|p1a: Poliwrath|Liquidation|p2a: Thundurus\n|-damage|p2a: Thundurus|0 fnt\n|faint|p2a: Thundurus\n|\n|-weather|none\n|-damage|p1a: Poliwrath|13\/100 brn|[from] brn\n|upkeep\n|\n|t:|1700176461\n|switch|p2a: Arcanine|Arcanine-Hisui, M|100\/100\n|turn|19\n|\n|t:|1700176466\n|move|p2a: Arcanine|Extreme Speed|p1a: Poliwrath\n|-damage|p1a: Poliwrath|0 fnt\n|faint|p1a: Poliwrath\n|\n|upkeep\n|\n|t:|1700176470\n|switch|p1a: Rillaboom|Rillaboom, M|100\/100\n|-fieldstart|move: Grassy Terrain|[from] ability: Grassy Surge|[of] p1a: Rillaboom\n|turn|20\n|\n|t:|1700176475\n|switch|p2a: Heatran|Heatran, M|100\/100\n|-item|p2a: Heatran|Air Balloon\n|move|p1a: Rillaboom|Knock Off|p2a: Heatran\n|-damage|p2a: Heatran|78\/100\n|-enditem|p2a: Heatran|Air Balloon\n|\n|-heal|p2a: Heatran|84\/100|[from] Grassy Terrain\n|upkeep\n|turn|21\n|\n|t:|1700176485\n|move|p1a: Rillaboom|Knock Off|p2a: Heatran\n|-damage|p2a: Heatran|70\/100\n|move|p2a: Heatran|Lava Plume|p1a: Rillaboom\n|-supereffective|p1a: Rillaboom\n|-damage|p1a: Rillaboom|0 fnt\n|faint|p1a: Rillaboom\n|\n|win|YUKI on ICE\n|raw|TheZalmancer's rating: 1190 &rarr; <strong>1168<\/strong><br \/>(-22 for losing)\n|raw|YUKI on ICE's rating: 1231 &rarr; <strong>1253<\/strong><br \/>(+22 for winning)\n","uploadtime":1700176499,"views":8,"p1id":"thezalmancer","p2id":"yukionice","formatid":"gen9ou","rating":1168,"private":0,"password":""}