{"id":"gen9ou-1990177932","p1":"Im dumb srly","p2":"lilKleizmer","format":"[Gen 9] OU","log":"|j|\u2606Im dumb srly\n|j|\u2606lilKleizmer\n|inactive|Battle timer is ON: inactive players will automatically lose when time's up.\n|t:|1699933388\n|gametype|singles\n|player|p1|Im dumb srly|cheryl|\n|player|p2|lilKleizmer|266|\n|teamsize|p1|5\n|teamsize|p2|5\n|gen|9\n|tier|[Gen 9] OU\n|rated|Tournament battle\n|rule|Sleep Clause Mod: Limit one foe put to sleep\n|rule|Species Clause: Limit one of each Pok\u00e9mon\n|rule|OHKO Clause: OHKO moves are banned\n|rule|Evasion Items Clause: Evasion items are banned\n|rule|Evasion Moves Clause: Evasion moves are banned\n|rule|Endless Battle Clause: Forcing endless battles is banned\n|rule|HP Percentage Mod: HP is shown in percentages\n|clearpoke\n|poke|p1|Glimmora, M|\n|poke|p1|Donphan, F|\n|poke|p1|Clefable, F|\n|poke|p1|Hatterene, F|\n|poke|p1|Gothorita, F|\n|poke|p2|Munchlax, F|\n|poke|p2|Floatzel, M|\n|poke|p2|Gholdengo|\n|poke|p2|Chesnaught, F|\n|poke|p2|Tinkaton, F|\n|teampreview\n|j|*Lady Monita \u2746\n|\n|t:|1699933405\n|start\n|switch|p1a: Gothorita|Gothorita, F, shiny|100\/100\n|switch|p2a: Munchlax|Munchlax, F|100\/100\n|-item|p2a: Munchlax|Mago Berry|[from] ability: Frisk|[of] p1a: Gothorita|[identify]\n|turn|1\n|j| poketough\n|\n|t:|1699933412\n|move|p1a: Gothorita|Fake Out|p2a: Munchlax\n|-crit|p2a: Munchlax\n|-damage|p2a: Munchlax|90\/100\n|cant|p2a: Munchlax|flinch\n|\n|upkeep\n|turn|2\n|\n|t:|1699933416\n|move|p1a: Gothorita|Reflect|p1a: Gothorita\n|-sidestart|p1: Im dumb srly|Reflect\n|move|p2a: Munchlax|Crunch|p1a: Gothorita\n|-supereffective|p1a: Gothorita\n|-damage|p1a: Gothorita|83\/100\n|\n|upkeep\n|turn|3\n|\n|t:|1699933427\n|move|p1a: Gothorita|Light Screen|p1a: Gothorita\n|-sidestart|p1: Im dumb srly|move: Light Screen\n|move|p2a: Munchlax|Curse|p2a: Munchlax\n|-unboost|p2a: Munchlax|spe|1\n|-boost|p2a: Munchlax|atk|1\n|-boost|p2a: Munchlax|def|1\n|\n|upkeep\n|turn|4\n|\n|t:|1699933444\n|switch|p1a: Clefable|Clefable, F, shiny|100\/100\n|move|p2a: Munchlax|Curse|p2a: Munchlax\n|-unboost|p2a: Munchlax|spe|1\n|-boost|p2a: Munchlax|atk|1\n|-boost|p2a: Munchlax|def|1\n|\n|upkeep\n|turn|5\n|\n|t:|1699933454\n|move|p1a: Clefable|Moonblast|p2a: Munchlax\n|-damage|p2a: Munchlax|56\/100\n|-unboost|p2a: Munchlax|spa|1\n|move|p2a: Munchlax|Double-Edge|p1a: Clefable\n|-damage|p1a: Clefable|77\/100\n|-damage|p2a: Munchlax|50\/100|[from] Recoil\n|-enditem|p2a: Munchlax|Mago Berry|[eat]\n|-heal|p2a: Munchlax|83\/100|[from] item: Mago Berry\n|\n|-heal|p1a: Clefable|83\/100|[from] item: Leftovers\n|upkeep\n|turn|6\n|\n|t:|1699933465\n|move|p1a: Clefable|Moonblast|p2a: Munchlax\n|-damage|p2a: Munchlax|49\/100\n|move|p2a: Munchlax|Double-Edge|p1a: Clefable\n|-damage|p1a: Clefable|61\/100\n|-damage|p2a: Munchlax|42\/100|[from] Recoil\n|\n|-heal|p1a: Clefable|67\/100|[from] item: Leftovers\n|-sideend|p1: Im dumb srly|Reflect\n|upkeep\n|turn|7\n|l| poketough\n|\n|t:|1699933483\n|move|p1a: Clefable|Moonblast|p2a: Munchlax\n|-damage|p2a: Munchlax|11\/100\n|move|p2a: Munchlax|Double-Edge|p1a: Clefable\n|-damage|p1a: Clefable|17\/100\n|-damage|p2a: Munchlax|0 fnt|[from] Recoil\n|faint|p2a: Munchlax\n|\n|-heal|p1a: Clefable|23\/100|[from] item: Leftovers\n|-sideend|p1: Im dumb srly|move: Light Screen\n|upkeep\n|\n|t:|1699933500\n|switch|p2a: Floatzel|Floatzel, M|100\/100\n|turn|8\n|\n|t:|1699933513\n|move|p2a: Floatzel|Wave Crash|p1a: Clefable\n|-damage|p1a: Clefable|0 fnt\n|faint|p1a: Clefable\n|-damage|p2a: Floatzel|91\/100|[from] Recoil\n|\n|upkeep\n|\n|t:|1699933518\n|switch|p1a: Gothorita|Gothorita, F, shiny|83\/100\n|-item|p2a: Floatzel|Choice Band|[from] ability: Frisk|[of] p1a: Gothorita|[identify]\n|turn|9\n|\n|t:|1699933520\n|move|p1a: Gothorita|Fake Out|p2a: Floatzel\n|-damage|p2a: Floatzel|83\/100\n|cant|p2a: Floatzel|flinch\n|\n|upkeep\n|turn|10\n|\n|t:|1699933524\n|move|p2a: Floatzel|Wave Crash|p1a: Gothorita\n|-damage|p1a: Gothorita|26\/100\n|-damage|p2a: Floatzel|64\/100|[from] Recoil\n|move|p1a: Gothorita|Reflect|p1a: Gothorita\n|-sidestart|p1: Im dumb srly|Reflect\n|\n|upkeep\n|turn|11\n|\n|t:|1699933531\n|move|p2a: Floatzel|Wave Crash|p1a: Gothorita\n|-damage|p1a: Gothorita|0 fnt\n|faint|p1a: Gothorita\n|-damage|p2a: Floatzel|55\/100|[from] Recoil\n|\n|upkeep\n|\n|t:|1699933548\n|switch|p1a: Hatterene|Hatterene, F, shiny|100\/100\n|turn|12\n|\n|t:|1699933558\n|switch|p2a: Gholdengo|Gholdengo|100\/100\n|-item|p2a: Gholdengo|Air Balloon\n|move|p1a: Hatterene|Nuzzle|p2a: Gholdengo\n|-damage|p2a: Gholdengo|96\/100\n|-status|p2a: Gholdengo|par\n|-enditem|p2a: Gholdengo|Air Balloon\n|\n|upkeep\n|turn|13\n|\n|t:|1699933569\n|cant|p2a: Gholdengo|par\n|move|p1a: Hatterene|Mystical Fire|p2a: Gholdengo\n|-supereffective|p2a: Gholdengo\n|-damage|p2a: Gholdengo|24\/100 par\n|-unboost|p2a: Gholdengo|spa|1\n|\n|upkeep\n|turn|14\n|\n|t:|1699933584\n|move|p2a: Gholdengo|Make It Rain|p1a: Hatterene\n|-supereffective|p1a: Hatterene\n|-damage|p1a: Hatterene|44\/100\n|-unboost|p2a: Gholdengo|spa|1\n|move|p1a: Hatterene|Mystical Fire|p2a: Gholdengo\n|-supereffective|p2a: Gholdengo\n|-damage|p2a: Gholdengo|0 fnt\n|faint|p2a: Gholdengo\n|\n|-sideend|p1: Im dumb srly|Reflect\n|upkeep\n|\n|t:|1699933591\n|switch|p2a: Tinkaton|Tinkaton, F|100\/100\n|-ability|p2a: Tinkaton|Mold Breaker\n|turn|15\n|\n|t:|1699933597\n|move|p2a: Tinkaton|Gigaton Hammer|p1a: Hatterene\n|-supereffective|p1a: Hatterene\n|-damage|p1a: Hatterene|0 fnt\n|faint|p1a: Hatterene\n|\n|upkeep\n|\n|t:|1699933602\n|switch|p1a: Glimmora|Glimmora, M, shiny|100\/100\n|turn|16\n|\n|t:|1699933614\n|move|p2a: Tinkaton|Knock Off|p1a: Glimmora\n|-damage|p1a: Glimmora|81\/100\n|-activate|p1a: Glimmora|ability: Toxic Debris\n|-sidestart|p2: lilKleizmer|move: Toxic Spikes\n|-enditem|p1a: Glimmora|Focus Sash|[from] move: Knock Off|[of] p2a: Tinkaton\n|move|p1a: Glimmora|Earth Power|p2a: Tinkaton\n|-supereffective|p2a: Tinkaton\n|-damage|p2a: Tinkaton|45\/100\n|\n|-heal|p2a: Tinkaton|51\/100|[from] item: Leftovers\n|upkeep\n|turn|17\n|\n|t:|1699933633\n|-terastallize|p1a: Glimmora|Flying\n|move|p2a: Tinkaton|Gigaton Hammer|p1a: Glimmora\n|-damage|p1a: Glimmora|28\/100\n|-activate|p1a: Glimmora|ability: Toxic Debris\n|-sidestart|p2: lilKleizmer|move: Toxic Spikes\n|move|p1a: Glimmora|Earth Power|p2a: Tinkaton\n|-supereffective|p2a: Tinkaton\n|-damage|p2a: Tinkaton|0 fnt\n|faint|p2a: Tinkaton\n|\n|upkeep\n|\n|t:|1699933647\n|switch|p2a: Floatzel|Floatzel, M|55\/100\n|-status|p2a: Floatzel|tox\n|turn|18\n|\n|t:|1699933652\n|move|p2a: Floatzel|Ice Spinner|p1a: Glimmora\n|-supereffective|p1a: Glimmora\n|-damage|p1a: Glimmora|0 fnt\n|faint|p1a: Glimmora\n|\n|-damage|p2a: Floatzel|49\/100 tox|[from] psn\n|upkeep\n|j| poketough\n|\n|t:|1699933655\n|switch|p1a: Donphan|Donphan, F, shiny|100\/100\n|turn|19\n|l| poketough\n|\n|t:|1699933681\n|move|p2a: Floatzel|Ice Spinner|p1a: Donphan\n|-supereffective|p1a: Donphan\n|-damage|p1a: Donphan|46\/100\n|move|p1a: Donphan|Earthquake|p2a: Floatzel\n|-damage|p2a: Floatzel|0 fnt\n|faint|p2a: Floatzel\n|\n|upkeep\n|\n|t:|1699933687\n|switch|p2a: Chesnaught|Chesnaught, F|100\/100\n|-status|p2a: Chesnaught|tox\n|turn|20\n|\n|t:|1699933692\n|move|p2a: Chesnaught|Wood Hammer|p1a: Donphan\n|-supereffective|p1a: Donphan\n|-damage|p1a: Donphan|0 fnt\n|faint|p1a: Donphan\n|-damage|p2a: Chesnaught|85\/100 tox|[from] Recoil\n|\n|win|lilKleizmer\n|n|\u2606Im dumb srly|imdumbsrly\n|n|\u2606lilKleizmer|lilkleizmer\n|n|*Lady Monita \u2746|ladymonita\n","uploadtime":1699933693,"views":9,"p1id":"imdumbsrly","p2id":"lilkleizmer","formatid":"gen9ou","rating":0,"private":0,"password":""}