{"id":"gen9ou-1992830599","p1":"falcu","p2":"Mr.X&Y97","format":"[Gen 9] OU","log":"|j|\u2606falcu\n|j|\u2606Mr.X&Y97\n|t:|1700239157\n|gametype|singles\n|player|p1|falcu|giovanni|1385\n|player|p2|Mr.X&Y97|blue|1436\n|teamsize|p1|6\n|teamsize|p2|6\n|gen|9\n|tier|[Gen 9] OU\n|rated|\n|rule|Sleep Clause Mod: Limit one foe put to sleep\n|rule|Species Clause: Limit one of each Pok\u00e9mon\n|rule|OHKO Clause: OHKO moves are banned\n|rule|Evasion Items Clause: Evasion items are banned\n|rule|Evasion Moves Clause: Evasion moves are banned\n|rule|Endless Battle Clause: Forcing endless battles is banned\n|rule|HP Percentage Mod: HP is shown in percentages\n|clearpoke\n|poke|p1|Politoed, F|\n|poke|p1|Greninja-*, M|\n|poke|p1|Landorus-Therian, M|\n|poke|p1|Rillaboom, M|\n|poke|p1|Basculegion, M|\n|poke|p1|Iron Jugulis|\n|poke|p2|Ting-Lu|\n|poke|p2|Conkeldurr, M|\n|poke|p2|Dragonite, M|\n|poke|p2|Corviknight, M|\n|poke|p2|Iron Moth|\n|poke|p2|Weavile, F|\n|teampreview\n|inactive|Battle timer is ON: inactive players will automatically lose when time's up. (requested by Mr.X&Y97)\n|\n|t:|1700239178\n|start\n|switch|p1a: Politoed|Politoed, F|100\/100\n|switch|p2a: Weavile|Weavile, F|100\/100\n|-ability|p2a: Weavile|Pressure\n|-weather|RainDance|[from] ability: Drizzle|[of] p1a: Politoed\n|turn|1\n|\n|t:|1700239188\n|switch|p1a: Landorus|Landorus-Therian, M|100\/100\n|-ability|p1a: Landorus|Intimidate|boost\n|-unboost|p2a: Weavile|atk|1\n|move|p2a: Weavile|Swords Dance|p2a: Weavile\n|-boost|p2a: Weavile|atk|2\n|\n|-weather|RainDance|[upkeep]\n|upkeep\n|turn|2\n|\n|t:|1700239216\n|move|p2a: Weavile|Knock Off|p1a: Landorus\n|-damage|p1a: Landorus|51\/100\n|-enditem|p1a: Landorus|Eject Button|[from] move: Knock Off|[of] p2a: Weavile\n|move|p1a: Landorus|U-turn|p2a: Weavile\n|-supereffective|p2a: Weavile\n|-damage|p2a: Weavile|34\/100\n|\n|t:|1700239225\n|switch|p1a: Basculegion|Basculegion, M|100\/100|[from] U-turn\n|\n|-weather|RainDance|[upkeep]\n|upkeep\n|turn|3\n|\n|t:|1700239238\n|switch|p2a: Corviknight|Corviknight, M|100\/100\n|-ability|p2a: Corviknight|Pressure\n|move|p1a: Basculegion|Wave Crash|p2a: Corviknight\n|-damage|p2a: Corviknight|27\/100\n|-damage|p1a: Basculegion|75\/100|[from] Recoil\n|\n|-weather|RainDance|[upkeep]\n|-heal|p2a: Corviknight|33\/100|[from] item: Leftovers\n|upkeep\n|turn|4\n|\n|t:|1700239250\n|move|p1a: Basculegion|Wave Crash|p2a: Corviknight\n|-damage|p2a: Corviknight|0 fnt\n|faint|p2a: Corviknight\n|-damage|p1a: Basculegion|64\/100|[from] Recoil\n|\n|-weather|RainDance|[upkeep]\n|upkeep\n|\n|t:|1700239251\n|switch|p2a: Dragonite|Dragonite, M|100\/100\n|turn|5\n|\n|t:|1700239262\n|switch|p1a: Landorus|Landorus-Therian, M|51\/100\n|-ability|p1a: Landorus|Intimidate|boost\n|-unboost|p2a: Dragonite|atk|1\n|move|p2a: Dragonite|Dragon Dance|p2a: Dragonite\n|-boost|p2a: Dragonite|atk|1\n|-boost|p2a: Dragonite|spe|1\n|\n|-weather|RainDance|[upkeep]\n|upkeep\n|turn|6\n|\n|t:|1700239266\n|move|p2a: Dragonite|Ice Spinner|p1a: Landorus\n|-supereffective|p1a: Landorus\n|-damage|p1a: Landorus|0 fnt\n|faint|p1a: Landorus\n|\n|-weather|RainDance|[upkeep]\n|upkeep\n|\n|t:|1700239272\n|switch|p1a: Politoed|Politoed, F|100\/100\n|turn|7\n|\n|t:|1700239276\n|-terastallize|p2a: Dragonite|Normal\n|move|p2a: Dragonite|Dragon Dance|p2a: Dragonite\n|-boost|p2a: Dragonite|atk|1\n|-boost|p2a: Dragonite|spe|1\n|move|p1a: Politoed|Encore|p2a: Dragonite\n|-start|p2a: Dragonite|Encore\n|\n|-weather|RainDance|[upkeep]\n|upkeep\n|turn|8\n|\n|t:|1700239284\n|move|p2a: Dragonite|Dragon Dance|p2a: Dragonite\n|-boost|p2a: Dragonite|atk|1\n|-boost|p2a: Dragonite|spe|1\n|move|p1a: Politoed|Haze|p1a: Politoed\n|-clearallboost\n|\n|-weather|none\n|upkeep\n|turn|9\n|\n|t:|1700239294\n|switch|p2a: Iron Moth|Iron Moth|100\/100\n|-enditem|p2a: Iron Moth|Booster Energy\n|-activate|p2a: Iron Moth|ability: Quark Drive|[fromitem]\n|-start|p2a: Iron Moth|quarkdrivespe\n|move|p1a: Politoed|Surf|p2a: Iron Moth\n|-supereffective|p2a: Iron Moth\n|-damage|p2a: Iron Moth|42\/100\n|\n|upkeep\n|turn|10\n|\n|t:|1700239304\n|move|p2a: Iron Moth|Energy Ball|p1a: Politoed\n|-supereffective|p1a: Politoed\n|-damage|p1a: Politoed|60\/100\n|move|p1a: Politoed|Surf|p2a: Iron Moth\n|-supereffective|p2a: Iron Moth\n|-damage|p2a: Iron Moth|0 fnt\n|faint|p2a: Iron Moth\n|-end|p2a: Iron Moth|Quark Drive|[silent]\n|\n|upkeep\n|\n|t:|1700239313\n|switch|p2a: Conkeldurr|Conkeldurr, M|100\/100\n|turn|11\n|inactive|falcu has 120 seconds left.\n|\n|t:|1700239358\n|switch|p1a: Iron Jugulis|Iron Jugulis|100\/100\n|-enditem|p1a: Iron Jugulis|Booster Energy\n|-activate|p1a: Iron Jugulis|ability: Quark Drive|[fromitem]\n|-start|p1a: Iron Jugulis|quarkdrivespe\n|move|p2a: Conkeldurr|Knock Off|p1a: Iron Jugulis\n|-resisted|p1a: Iron Jugulis\n|-damage|p1a: Iron Jugulis|85\/100\n|\n|-status|p2a: Conkeldurr|brn|[from] item: Flame Orb\n|upkeep\n|turn|12\n|\n|t:|1700239370\n|switch|p2a: Ting-Lu|Ting-Lu|100\/100\n|-ability|p2a: Ting-Lu|Vessel of Ruin\n|move|p1a: Iron Jugulis|Hurricane|p2a: Ting-Lu\n|-damage|p2a: Ting-Lu|79\/100\n|\n|-heal|p2a: Ting-Lu|85\/100|[from] item: Leftovers\n|upkeep\n|turn|13\n|inactive|falcu has 120 seconds left.\n|\n|t:|1700239380\n|-end|p1a: Iron Jugulis|Quark Drive|[silent]\n|switch|p1a: Politoed|Politoed, F|60\/100\n|-weather|RainDance|[from] ability: Drizzle|[of] p1a: Politoed\n|move|p2a: Ting-Lu|Spikes|p1a: Politoed\n|-sidestart|p1: falcu|Spikes\n|\n|-weather|RainDance|[upkeep]\n|-heal|p2a: Ting-Lu|91\/100|[from] item: Leftovers\n|upkeep\n|turn|14\n|\n|t:|1700239387\n|switch|p1a: Basculegion|Basculegion, M|64\/100\n|-damage|p1a: Basculegion|52\/100|[from] Spikes\n|move|p2a: Ting-Lu|Earthquake|p1a: Basculegion\n|-damage|p1a: Basculegion|3\/100\n|\n|-weather|RainDance|[upkeep]\n|-heal|p2a: Ting-Lu|97\/100|[from] item: Leftovers\n|upkeep\n|turn|15\n|\n|t:|1700239398\n|switch|p2a: Weavile|Weavile, F|34\/100\n|-ability|p2a: Weavile|Pressure\n|move|p1a: Basculegion|Wave Crash|p2a: Weavile\n|-damage|p2a: Weavile|0 fnt\n|faint|p2a: Weavile\n|-damage|p1a: Basculegion|0 fnt|[from] Recoil\n|faint|p1a: Basculegion\n|\n|-weather|RainDance|[upkeep]\n|upkeep\n|\n|t:|1700239421\n|switch|p2a: Conkeldurr|Conkeldurr, M|100\/100 brn\n|switch|p1a: Rillaboom|Rillaboom, M|100\/100\n|-damage|p1a: Rillaboom|88\/100|[from] Spikes\n|-fieldstart|move: Grassy Terrain|[from] ability: Grassy Surge|[of] p1a: Rillaboom\n|turn|16\n|\n|t:|1700239429\n|move|p1a: Rillaboom|Wood Hammer|p2a: Conkeldurr\n|-damage|p2a: Conkeldurr|0 fnt\n|faint|p2a: Conkeldurr\n|-damage|p1a: Rillaboom|56\/100|[from] Recoil\n|\n|-weather|RainDance|[upkeep]\n|-heal|p1a: Rillaboom|62\/100|[from] Grassy Terrain\n|upkeep\n|\n|t:|1700239433\n|switch|p2a: Dragonite|Dragonite, M, tera:Normal|100\/100\n|turn|17\n|\n|t:|1700239437\n|move|p2a: Dragonite|Ice Spinner|p1a: Rillaboom\n|-supereffective|p1a: Rillaboom\n|-damage|p1a: Rillaboom|0 fnt\n|-fieldend|move: Grassy Terrain\n|faint|p1a: Rillaboom\n|\n|-weather|RainDance|[upkeep]\n|upkeep\n|\n|t:|1700239444\n|switch|p1a: Iron Jugulis|Iron Jugulis|85\/100\n|turn|18\n|\n|t:|1700239448\n|move|p1a: Iron Jugulis|Hurricane|p2a: Dragonite\n|-damage|p2a: Dragonite|73\/100\n|move|p2a: Dragonite|Dragon Dance|p2a: Dragonite\n|-boost|p2a: Dragonite|atk|1\n|-boost|p2a: Dragonite|spe|1\n|\n|-weather|RainDance|[upkeep]\n|upkeep\n|turn|19\n|\n|t:|1700239454\n|move|p1a: Iron Jugulis|Hurricane|p2a: Dragonite\n|-damage|p2a: Dragonite|18\/100\n|move|p2a: Dragonite|Roost|p2a: Dragonite\n|-heal|p2a: Dragonite|68\/100\n|\n|-weather|RainDance|[upkeep]\n|upkeep\n|turn|20\n|\n|t:|1700239472\n|move|p1a: Iron Jugulis|Hurricane|p2a: Dragonite\n|-damage|p2a: Dragonite|20\/100\n|move|p2a: Dragonite|Roost|p2a: Dragonite\n|-heal|p2a: Dragonite|70\/100\n|\n|-weather|none\n|upkeep\n|turn|21\n|\n|t:|1700239478\n|move|p1a: Iron Jugulis|Hurricane|p2a: Dragonite|[miss]\n|-miss|p1a: Iron Jugulis|p2a: Dragonite\n|move|p2a: Dragonite|Dragon Dance|p2a: Dragonite\n|-boost|p2a: Dragonite|atk|1\n|-boost|p2a: Dragonite|spe|1\n|\n|upkeep\n|turn|22\n|\n|t:|1700239482\n|move|p2a: Dragonite|Ice Spinner|p1a: Iron Jugulis\n|-supereffective|p1a: Iron Jugulis\n|-damage|p1a: Iron Jugulis|0 fnt\n|faint|p1a: Iron Jugulis\n|-end|p1a: Iron Jugulis|Quark Drive|[silent]\n|\n|upkeep\n|-message|falcu forfeited.\n|\n|win|Mr.X&Y97\n|raw|falcu's rating: 1385 &rarr; <strong>1368<\/strong><br \/>(-17 for losing)\n|raw|Mr.X&amp;Y97's rating: 1436 &rarr; <strong>1453<\/strong><br \/>(+17 for winning)\n|l|\u2606falcu\n|j| magamo_03\n|l| magamo_03\n|l|\u2606Mr.X&Y97\n|j|\u2606Mr.X&Y97\n|player|p2|Mr.X&Y97|blue\n","uploadtime":1700239545,"views":10,"p1id":"falcu","p2id":"mrxy97","formatid":"gen9ou","rating":1368,"private":0,"password":""}