{"id":"gen9ou-1992329611","p1":"S3PP1","p2":"eduvn07","format":"[Gen 9] OU","log":"|j|\u2606S3PP1\n|j|\u2606eduvn07\n|t:|1700175306\n|gametype|singles\n|player|p1|S3PP1|chuck|1131\n|player|p2|eduvn07|101|1083\n|teamsize|p1|6\n|teamsize|p2|6\n|gen|9\n|tier|[Gen 9] OU\n|rated|\n|rule|Sleep Clause Mod: Limit one foe put to sleep\n|rule|Species Clause: Limit one of each Pok\u00e9mon\n|rule|OHKO Clause: OHKO moves are banned\n|rule|Evasion Items Clause: Evasion items are banned\n|rule|Evasion Moves Clause: Evasion moves are banned\n|rule|Endless Battle Clause: Forcing endless battles is banned\n|rule|HP Percentage Mod: HP is shown in percentages\n|clearpoke\n|poke|p1|Rillaboom, M|\n|poke|p1|Zamazenta-*|\n|poke|p1|Sneasler, M|\n|poke|p1|Great Tusk|\n|poke|p1|Brambleghast, M|\n|poke|p1|Corviknight, F|\n|poke|p2|Toxapex, M|\n|poke|p2|Dragapult, F|\n|poke|p2|Corviknight, M|\n|poke|p2|Gardevoir, M|\n|poke|p2|Lucario, M|\n|poke|p2|Tyranitar, M|\n|teampreview\n|inactive|Battle timer is ON: inactive players will automatically lose when time's up. (requested by S3PP1)\n|\n|t:|1700175313\n|start\n|switch|p1a: Rillaboom|Rillaboom, M|100\/100\n|switch|p2a: Toxapex|Toxapex, M|100\/100\n|-fieldstart|move: Grassy Terrain|[from] ability: Grassy Surge|[of] p1a: Rillaboom\n|turn|1\n|\n|t:|1700175319\n|move|p1a: Rillaboom|U-turn|p2a: Toxapex\n|-resisted|p2a: Toxapex\n|-damage|p2a: Toxapex|92\/100\n|\n|t:|1700175334\n|switch|p1a: Brambleghast|Brambleghast, M|100\/100|[from] U-turn\n|move|p2a: Toxapex|Toxic Spikes|p1a: Brambleghast\n|-sidestart|p1: S3PP1|move: Toxic Spikes\n|\n|-heal|p2a: Toxapex|98\/100|[from] Grassy Terrain\n|-heal|p2a: Toxapex|100\/100|[from] item: Black Sludge\n|upkeep\n|turn|2\n|\n|t:|1700175343\n|switch|p2a: Tyranitar|Tyranitar, M|100\/100\n|-weather|Sandstorm|[from] ability: Sand Stream|[of] p2a: Tyranitar\n|move|p1a: Brambleghast|Rapid Spin|p2a: Tyranitar\n|-resisted|p2a: Tyranitar\n|-damage|p2a: Tyranitar|93\/100\n|-boost|p1a: Brambleghast|spe|1\n|-sideend|p1: S3PP1|Toxic Spikes|[from] move: Rapid Spin|[of] p1a: Brambleghast\n|\n|-weather|Sandstorm|[upkeep]\n|-damage|p1a: Brambleghast|95\/100|[from] Sandstorm\n|-heal|p1a: Brambleghast|100\/100|[from] Grassy Terrain\n|-heal|p2a: Tyranitar|99\/100|[from] Grassy Terrain\n|upkeep\n|turn|3\n|\n|t:|1700175355\n|move|p1a: Brambleghast|Power Whip|p2a: Tyranitar\n|-supereffective|p2a: Tyranitar\n|-damage|p2a: Tyranitar|0 fnt\n|faint|p2a: Tyranitar\n|\n|-weather|Sandstorm|[upkeep]\n|-damage|p1a: Brambleghast|95\/100|[from] Sandstorm\n|-heal|p1a: Brambleghast|100\/100|[from] Grassy Terrain\n|upkeep\n|\n|t:|1700175369\n|switch|p2a: Corviknight|Corviknight, M|100\/100\n|-ability|p2a: Corviknight|Pressure\n|turn|4\n|\n|t:|1700175374\n|move|p1a: Brambleghast|Poltergeist|p2a: Corviknight\n|-activate|p2a: Corviknight|move: Poltergeist|Leftovers\n|-damage|p2a: Corviknight|66\/100\n|move|p2a: Corviknight|Iron Defense|p2a: Corviknight\n|-boost|p2a: Corviknight|def|2\n|\n|-weather|Sandstorm|[upkeep]\n|-damage|p1a: Brambleghast|95\/100|[from] Sandstorm\n|-heal|p1a: Brambleghast|100\/100|[from] Grassy Terrain\n|-heal|p2a: Corviknight|72\/100|[from] item: Leftovers\n|upkeep\n|turn|5\n|\n|t:|1700175388\n|switch|p1a: Zamazenta|Zamazenta|100\/100\n|-ability|p1a: Zamazenta|Dauntless Shield|boost\n|-boost|p1a: Zamazenta|def|1\n|-enditem|p1a: Zamazenta|Grassy Seed\n|-boost|p1a: Zamazenta|def|1|[from] item: Grassy Seed\n|move|p2a: Corviknight|Roost|p2a: Corviknight\n|-heal|p2a: Corviknight|100\/100\n|-singleturn|p2a: Corviknight|move: Roost\n|\n|-weather|Sandstorm|[upkeep]\n|-damage|p1a: Zamazenta|94\/100|[from] Sandstorm\n|-heal|p1a: Zamazenta|100\/100|[from] Grassy Terrain\n|-fieldend|move: Grassy Terrain\n|upkeep\n|turn|6\n|\n|t:|1700175401\n|switch|p2a: Dragapult|Dragapult, F|100\/100\n|move|p1a: Zamazenta|Trailblaze|p2a: Dragapult\n|-resisted|p2a: Dragapult\n|-damage|p2a: Dragapult|88\/100\n|-boost|p1a: Zamazenta|spe|1\n|\n|-weather|none\n|upkeep\n|turn|7\n|\n|t:|1700175411\n|move|p1a: Zamazenta|Crunch|p2a: Dragapult\n|-supereffective|p2a: Dragapult\n|-damage|p2a: Dragapult|15\/100\n|move|p2a: Dragapult|Dragon Dance|p2a: Dragapult\n|-boost|p2a: Dragapult|atk|1\n|-boost|p2a: Dragapult|spe|1\n|\n|upkeep\n|turn|8\n|\n|t:|1700175425\n|switch|p2a: Gardevoir|Gardevoir, M|100\/100\n|-ability|p2a: Gardevoir|Dauntless Shield|boost\n|-boost|p2a: Gardevoir|def|1\n|-ability|p2a: Gardevoir|Dauntless Shield|[from] ability: Trace|[of] p1a: Zamazenta\n|move|p1a: Zamazenta|Trailblaze|p2a: Gardevoir\n|-damage|p2a: Gardevoir|80\/100\n|-boost|p1a: Zamazenta|spe|1\n|\n|upkeep\n|turn|9\n|\n|t:|1700175436\n|-terastallize|p1a: Zamazenta|Steel\n|move|p1a: Zamazenta|Heavy Slam|p2a: Gardevoir\n|-supereffective|p2a: Gardevoir\n|-damage|p2a: Gardevoir|0 fnt\n|faint|p2a: Gardevoir\n|\n|upkeep\n|\n|t:|1700175451\n|switch|p2a: Corviknight|Corviknight, M|100\/100\n|-ability|p2a: Corviknight|Pressure\n|turn|10\n|\n|t:|1700175455\n|move|p1a: Zamazenta|Body Press|p2a: Corviknight\n|-crit|p2a: Corviknight\n|-damage|p2a: Corviknight|43\/100\n|move|p2a: Corviknight|Iron Defense|p2a: Corviknight\n|-boost|p2a: Corviknight|def|2\n|\n|-heal|p2a: Corviknight|49\/100|[from] item: Leftovers\n|upkeep\n|turn|11\n|\n|t:|1700175463\n|move|p1a: Zamazenta|Body Press|p2a: Corviknight\n|-damage|p2a: Corviknight|31\/100\n|move|p2a: Corviknight|Body Press|p1a: Zamazenta\n|-supereffective|p1a: Zamazenta\n|-damage|p1a: Zamazenta|53\/100\n|\n|-heal|p2a: Corviknight|38\/100|[from] item: Leftovers\n|upkeep\n|turn|12\n|\n|t:|1700175471\n|move|p1a: Zamazenta|Body Press|p2a: Corviknight\n|-damage|p2a: Corviknight|20\/100\n|move|p2a: Corviknight|Roost|p2a: Corviknight\n|-heal|p2a: Corviknight|70\/100\n|-singleturn|p2a: Corviknight|move: Roost\n|\n|-heal|p2a: Corviknight|76\/100|[from] item: Leftovers\n|upkeep\n|turn|13\n|\n|t:|1700175479\n|move|p1a: Zamazenta|Body Press|p2a: Corviknight\n|-damage|p2a: Corviknight|59\/100\n|move|p2a: Corviknight|Body Press|p1a: Zamazenta\n|-supereffective|p1a: Zamazenta\n|-damage|p1a: Zamazenta|0 fnt\n|faint|p1a: Zamazenta\n|\n|-heal|p2a: Corviknight|65\/100|[from] item: Leftovers\n|upkeep\n|\n|t:|1700175488\n|switch|p1a: Rillaboom|Rillaboom, M|100\/100\n|-fieldstart|move: Grassy Terrain|[from] ability: Grassy Surge|[of] p1a: Rillaboom\n|turn|14\n|\n|t:|1700175497\n|move|p1a: Rillaboom|U-turn|p2a: Corviknight\n|-resisted|p2a: Corviknight\n|-damage|p2a: Corviknight|63\/100\n|\n|t:|1700175502\n|switch|p1a: Brambleghast|Brambleghast, M|100\/100|[from] U-turn\n|move|p2a: Corviknight|Roost|p2a: Corviknight\n|-heal|p2a: Corviknight|100\/100\n|-singleturn|p2a: Corviknight|move: Roost\n|\n|upkeep\n|turn|15\n|\n|t:|1700175509\n|move|p1a: Brambleghast|Poltergeist|p2a: Corviknight\n|-activate|p2a: Corviknight|move: Poltergeist|Leftovers\n|-damage|p2a: Corviknight|83\/100\n|move|p2a: Corviknight|Body Press|p1a: Brambleghast\n|-immune|p1a: Brambleghast\n|\n|-heal|p2a: Corviknight|89\/100|[from] item: Leftovers\n|upkeep\n|turn|16\n|\n|t:|1700175523\n|switch|p2a: Toxapex|Toxapex, M|100\/100\n|move|p1a: Brambleghast|Poltergeist|p2a: Toxapex\n|-activate|p2a: Toxapex|move: Poltergeist|Black Sludge\n|-damage|p2a: Toxapex|59\/100\n|\n|-heal|p2a: Toxapex|65\/100|[from] Grassy Terrain\n|-heal|p2a: Toxapex|72\/100|[from] item: Black Sludge\n|upkeep\n|turn|17\n|\n|t:|1700175533\n|switch|p1a: Great Tusk|Great Tusk|100\/100\n|-enditem|p1a: Great Tusk|Booster Energy\n|-activate|p1a: Great Tusk|ability: Protosynthesis|[fromitem]\n|-start|p1a: Great Tusk|protosynthesisatk\n|move|p2a: Toxapex|Toxic Spikes|p1a: Great Tusk\n|-sidestart|p1: S3PP1|move: Toxic Spikes\n|\n|-heal|p2a: Toxapex|78\/100|[from] Grassy Terrain\n|-heal|p2a: Toxapex|84\/100|[from] item: Black Sludge\n|upkeep\n|turn|18\n|\n|t:|1700175550\n|switch|p2a: Corviknight|Corviknight, M|89\/100\n|-ability|p2a: Corviknight|Pressure\n|move|p1a: Great Tusk|Rapid Spin|p2a: Corviknight\n|-resisted|p2a: Corviknight\n|-damage|p2a: Corviknight|82\/100\n|-boost|p1a: Great Tusk|spe|1\n|-sideend|p1: S3PP1|Toxic Spikes|[from] move: Rapid Spin|[of] p1a: Great Tusk\n|\n|-heal|p2a: Corviknight|88\/100|[from] item: Leftovers\n|-fieldend|move: Grassy Terrain\n|upkeep\n|turn|19\n|\n|t:|1700175560\n|move|p1a: Great Tusk|Ice Spinner|p2a: Corviknight\n|-crit|p2a: Corviknight\n|-damage|p2a: Corviknight|51\/100\n|move|p2a: Corviknight|Iron Defense|p2a: Corviknight\n|-boost|p2a: Corviknight|def|2\n|\n|-heal|p2a: Corviknight|57\/100|[from] item: Leftovers\n|upkeep\n|turn|20\n|\n|t:|1700175567\n|move|p1a: Great Tusk|Ice Spinner|p2a: Corviknight\n|-damage|p2a: Corviknight|44\/100\n|move|p2a: Corviknight|Roost|p2a: Corviknight\n|-heal|p2a: Corviknight|94\/100\n|-singleturn|p2a: Corviknight|move: Roost\n|\n|-heal|p2a: Corviknight|100\/100|[from] item: Leftovers\n|upkeep\n|turn|21\n|\n|t:|1700175575\n|move|p1a: Great Tusk|Ice Spinner|p2a: Corviknight\n|-damage|p2a: Corviknight|88\/100\n|move|p2a: Corviknight|Body Press|p1a: Great Tusk\n|-damage|p1a: Great Tusk|70\/100\n|\n|-heal|p2a: Corviknight|94\/100|[from] item: Leftovers\n|upkeep\n|turn|22\n|\n|t:|1700175583\n|move|p1a: Great Tusk|Ice Spinner|p2a: Corviknight\n|-damage|p2a: Corviknight|81\/100\n|move|p2a: Corviknight|Body Press|p1a: Great Tusk\n|-damage|p1a: Great Tusk|35\/100\n|\n|-heal|p2a: Corviknight|87\/100|[from] item: Leftovers\n|upkeep\n|turn|23\n|\n|t:|1700175591\n|move|p1a: Great Tusk|Ice Spinner|p2a: Corviknight\n|-damage|p2a: Corviknight|75\/100\n|move|p2a: Corviknight|Body Press|p1a: Great Tusk\n|-damage|p1a: Great Tusk|2\/100\n|\n|-heal|p2a: Corviknight|81\/100|[from] item: Leftovers\n|upkeep\n|turn|24\n|\n|t:|1700175600\n|move|p1a: Great Tusk|Close Combat|p2a: Corviknight\n|-damage|p2a: Corviknight|53\/100\n|-unboost|p1a: Great Tusk|def|1\n|-unboost|p1a: Great Tusk|spd|1\n|move|p2a: Corviknight|Body Press|p1a: Great Tusk\n|-damage|p1a: Great Tusk|0 fnt\n|faint|p1a: Great Tusk\n|-end|p1a: Great Tusk|Protosynthesis|[silent]\n|\n|-heal|p2a: Corviknight|60\/100|[from] item: Leftovers\n|upkeep\n|\n|t:|1700175604\n|switch|p1a: Brambleghast|Brambleghast, M|100\/100\n|turn|25\n|\n|t:|1700175614\n|move|p1a: Brambleghast|Poltergeist|p2a: Corviknight\n|-activate|p2a: Corviknight|move: Poltergeist|Leftovers\n|-damage|p2a: Corviknight|43\/100\n|move|p2a: Corviknight|Roost|p2a: Corviknight\n|-heal|p2a: Corviknight|93\/100\n|-singleturn|p2a: Corviknight|move: Roost\n|\n|-heal|p2a: Corviknight|99\/100|[from] item: Leftovers\n|upkeep\n|turn|26\n|\n|t:|1700175627\n|switch|p1a: Rillaboom|Rillaboom, M|100\/100\n|-fieldstart|move: Grassy Terrain|[from] ability: Grassy Surge|[of] p1a: Rillaboom\n|switch|p2a: Lucario|Lucario, M|100\/100\n|\n|upkeep\n|turn|27\n|\n|t:|1700175636\n|move|p2a: Lucario|Earthquake|p1a: Rillaboom\n|-resisted|p1a: Rillaboom\n|-damage|p1a: Rillaboom|91\/100\n|-damage|p2a: Lucario|91\/100|[from] item: Life Orb\n|move|p1a: Rillaboom|U-turn|p2a: Lucario\n|-resisted|p2a: Lucario\n|-damage|p2a: Lucario|80\/100\n|\n|t:|1700175638\n|switch|p1a: Sneasler|Sneasler, M|100\/100|[from] U-turn\n|-enditem|p1a: Sneasler|Grassy Seed\n|-boost|p1a: Sneasler|def|1|[from] item: Grassy Seed\n|\n|-heal|p2a: Lucario|86\/100|[from] Grassy Terrain\n|upkeep\n|turn|28\n|\n|t:|1700175650\n|move|p1a: Sneasler|Close Combat|p2a: Lucario\n|-supereffective|p2a: Lucario\n|-damage|p2a: Lucario|0 fnt\n|-unboost|p1a: Sneasler|def|1\n|-unboost|p1a: Sneasler|spd|1\n|faint|p2a: Lucario\n|\n|upkeep\n|\n|t:|1700175659\n|switch|p2a: Dragapult|Dragapult, F|15\/100\n|turn|29\n|\n|t:|1700175664\n|move|p1a: Sneasler|Dire Claw|p2a: Dragapult\n|-resisted|p2a: Dragapult\n|-damage|p2a: Dragapult|0 fnt\n|faint|p2a: Dragapult\n|\n|upkeep\n|\n|t:|1700175671\n|switch|p2a: Corviknight|Corviknight, M|99\/100\n|-ability|p2a: Corviknight|Pressure\n|turn|30\n|\n|t:|1700175675\n|move|p1a: Sneasler|Swords Dance|p1a: Sneasler\n|-boost|p1a: Sneasler|atk|2\n|move|p2a: Corviknight|Body Press|p1a: Sneasler\n|-resisted|p1a: Sneasler\n|-damage|p1a: Sneasler|78\/100\n|\n|-heal|p1a: Sneasler|84\/100|[from] Grassy Terrain\n|-heal|p2a: Corviknight|100\/100|[from] item: Leftovers\n|-fieldend|move: Grassy Terrain\n|upkeep\n|turn|31\n|\n|t:|1700175684\n|move|p1a: Sneasler|Close Combat|p2a: Corviknight\n|-damage|p2a: Corviknight|20\/100\n|-unboost|p1a: Sneasler|def|1\n|-unboost|p1a: Sneasler|spd|1\n|move|p2a: Corviknight|Iron Defense|p2a: Corviknight\n|-boost|p2a: Corviknight|def|2\n|\n|-heal|p2a: Corviknight|26\/100|[from] item: Leftovers\n|upkeep\n|turn|32\n|\n|t:|1700175693\n|move|p1a: Sneasler|Close Combat|p2a: Corviknight\n|-damage|p2a: Corviknight|0 fnt\n|-unboost|p1a: Sneasler|def|1\n|-unboost|p1a: Sneasler|spd|1\n|faint|p2a: Corviknight\n|\n|upkeep\n|c|\u2606S3PP1|gg\n|-message|eduvn07 forfeited.\n|\n|win|S3PP1\n|raw|S3PP1's rating: 1131 &rarr; <strong>1153<\/strong><br \/>(+22 for winning)\n|raw|eduvn07's rating: 1083 &rarr; <strong>1064<\/strong><br \/>(-19 for losing)\n|l|\u2606eduvn07\n","uploadtime":1700175701,"views":22,"p1id":"s3pp1","p2id":"eduvn07","formatid":"gen9ou","rating":1064,"private":0,"password":""}