{"id":"gen9ou-1992071955","p1":"Big Test These","p2":"rtfx","format":"[Gen 9] OU","log":"|j|\u2606Big Test These\n|j|\u2606rtfx\n|t:|1700152712\n|gametype|singles\n|player|p1|Big Test These|unknown|1494\n|player|p2|rtfx|1|1524\n|teamsize|p1|6\n|teamsize|p2|6\n|gen|9\n|tier|[Gen 9] OU\n|rated|\n|rule|Sleep Clause Mod: Limit one foe put to sleep\n|rule|Species Clause: Limit one of each Pok\u00e9mon\n|rule|OHKO Clause: OHKO moves are banned\n|rule|Evasion Items Clause: Evasion items are banned\n|rule|Evasion Moves Clause: Evasion moves are banned\n|rule|Endless Battle Clause: Forcing endless battles is banned\n|rule|HP Percentage Mod: HP is shown in percentages\n|clearpoke\n|poke|p1|Greninja-*, F|\n|poke|p1|Thundurus-Therian, M|\n|poke|p1|Slowking-Galar, M|\n|poke|p1|Landorus-Therian, M|\n|poke|p1|Corviknight, M|\n|poke|p1|Cinderace, M|\n|poke|p2|Kingambit, M|\n|poke|p2|Glimmora, F|\n|poke|p2|Zamazenta-*|\n|poke|p2|Iron Valiant|\n|poke|p2|Iron Moth|\n|poke|p2|Ogerpon-Wellspring, F|\n|teampreview\n|inactive|Battle timer is ON: inactive players will automatically lose when time's up. (requested by rtfx)\n|inactive|Big Test These has 120 seconds left.\n|inactive|rtfx has 120 seconds left.\n|\n|t:|1700152754\n|start\n|switch|p1a: Greninja|Greninja, F|100\/100\n|switch|p2a: Ogerpon|Ogerpon-Wellspring, F|100\/100\n|turn|1\n|\n|t:|1700152760\n|move|p1a: Greninja|U-turn|p2a: Ogerpon\n|-start|p1a: Greninja|typechange|Bug|[from] ability: Protean\n|-supereffective|p2a: Ogerpon\n|-damage|p2a: Ogerpon|50\/100\n|\n|t:|1700152765\n|switch|p1a: Cinderace|Cinderace, M|100\/100|[from] U-turn\n|move|p2a: Ogerpon|Power Whip|p1a: Cinderace|[miss]\n|-miss|p2a: Ogerpon|p1a: Cinderace\n|\n|upkeep\n|turn|2\n|\n|t:|1700152778\n|switch|p2a: Glimmora|Glimmora, F|100\/100\n|move|p1a: Cinderace|U-turn|p2a: Glimmora\n|-start|p1a: Cinderace|typechange|Bug|[from] ability: Libero\n|-resisted|p2a: Glimmora\n|-damage|p2a: Glimmora|80\/100\n|-activate|p2a: Glimmora|ability: Toxic Debris\n|-sidestart|p1: Big Test These|move: Toxic Spikes\n|inactive|Big Test These has 120 seconds left.\n|\n|t:|1700152811\n|switch|p1a: Landorus|Landorus-Therian, M|100\/100|[from] U-turn\n|-ability|p1a: Landorus|Intimidate|boost\n|-unboost|p2a: Glimmora|atk|1\n|\n|upkeep\n|turn|3\n|\n|t:|1700152819\n|move|p1a: Landorus|Earthquake|p2a: Glimmora\n|-supereffective|p2a: Glimmora\n|-damage|p2a: Glimmora|0 fnt\n|-activate|p2a: Glimmora|ability: Toxic Debris\n|-sidestart|p1: Big Test These|move: Toxic Spikes\n|faint|p2a: Glimmora\n|\n|upkeep\n|\n|t:|1700152832\n|switch|p2a: Zamazenta|Zamazenta, shiny|100\/100\n|-ability|p2a: Zamazenta|Dauntless Shield|boost\n|-boost|p2a: Zamazenta|def|1\n|turn|4\n|\n|t:|1700152841\n|move|p2a: Zamazenta|Stone Edge|p1a: Landorus\n|-damage|p1a: Landorus|61\/100\n|move|p1a: Landorus|U-turn|p2a: Zamazenta\n|-resisted|p2a: Zamazenta\n|-damage|p2a: Zamazenta|93\/100\n|\n|t:|1700152843\n|switch|p1a: Thundurus|Thundurus-Therian, M|100\/100|[from] U-turn\n|\n|-heal|p2a: Zamazenta|99\/100|[from] item: Leftovers\n|upkeep\n|turn|5\n|\n|t:|1700152851\n|-terastallize|p1a: Thundurus|Flying\n|-terastallize|p2a: Zamazenta|Fire\n|move|p1a: Thundurus|Tera Blast|p2a: Zamazenta|[anim] Tera Blast Flying\n|-damage|p2a: Zamazenta|37\/100\n|move|p2a: Zamazenta|Stone Edge|p1a: Thundurus\n|-supereffective|p1a: Thundurus\n|-damage|p1a: Thundurus|0 fnt\n|faint|p1a: Thundurus\n|\n|-heal|p2a: Zamazenta|43\/100|[from] item: Leftovers\n|upkeep\n|\n|t:|1700152870\n|switch|p1a: Landorus|Landorus-Therian, M|61\/100\n|-ability|p1a: Landorus|Intimidate|boost\n|-unboost|p2a: Zamazenta|atk|1\n|turn|6\n|\n|t:|1700152880\n|move|p2a: Zamazenta|Iron Defense|p2a: Zamazenta\n|-boost|p2a: Zamazenta|def|2\n|move|p1a: Landorus|Earthquake|p2a: Zamazenta\n|-supereffective|p2a: Zamazenta\n|-damage|p2a: Zamazenta|5\/100\n|\n|-heal|p2a: Zamazenta|12\/100|[from] item: Leftovers\n|upkeep\n|turn|7\n|\n|t:|1700152885\n|move|p2a: Zamazenta|Body Press|p1a: Landorus\n|-resisted|p1a: Landorus\n|-damage|p1a: Landorus|9\/100\n|move|p1a: Landorus|Earthquake|p2a: Zamazenta\n|-supereffective|p2a: Zamazenta\n|-damage|p2a: Zamazenta|0 fnt\n|faint|p2a: Zamazenta\n|\n|upkeep\n|\n|t:|1700152901\n|switch|p2a: Ogerpon|Ogerpon-Wellspring, F|50\/100\n|turn|8\n|\n|t:|1700152903\n|move|p2a: Ogerpon|Ivy Cudgel|p1a: Landorus|[anim] Ivy Cudgel Water\n|-supereffective|p1a: Landorus\n|-damage|p1a: Landorus|0 fnt\n|faint|p1a: Landorus\n|\n|upkeep\n|\n|t:|1700152920\n|switch|p1a: Greninja|Greninja, F|100\/100\n|-status|p1a: Greninja|tox\n|turn|9\n|\n|t:|1700152938\n|switch|p2a: Iron Valiant|Iron Valiant|100\/100\n|-enditem|p2a: Iron Valiant|Booster Energy\n|-activate|p2a: Iron Valiant|ability: Quark Drive|[fromitem]\n|-start|p2a: Iron Valiant|quarkdrivespe\n|move|p1a: Greninja|Ice Beam|p2a: Iron Valiant\n|-start|p1a: Greninja|typechange|Ice|[from] ability: Protean\n|-damage|p2a: Iron Valiant|0 fnt\n|faint|p2a: Iron Valiant\n|-end|p2a: Iron Valiant|Quark Drive|[silent]\n|\n|-damage|p1a: Greninja|95\/100 tox|[from] psn\n|upkeep\n|\n|t:|1700152955\n|switch|p2a: Iron Moth|Iron Moth|100\/100\n|-enditem|p2a: Iron Moth|Booster Energy\n|-activate|p2a: Iron Moth|ability: Quark Drive|[fromitem]\n|-start|p2a: Iron Moth|quarkdrivespe\n|turn|10\n|\n|t:|1700152959\n|switch|p1a: Slowking|Slowking-Galar, M|100\/100\n|-sideend|p1: Big Test These|move: Toxic Spikes|[of] p1a: Slowking\n|move|p2a: Iron Moth|Substitute|p2a: Iron Moth\n|-start|p2a: Iron Moth|Substitute\n|-damage|p2a: Iron Moth|76\/100\n|\n|upkeep\n|turn|11\n|\n|t:|1700152964\n|move|p2a: Iron Moth|Fiery Dance|p1a: Slowking\n|-damage|p1a: Slowking|77\/100\n|-boost|p2a: Iron Moth|spa|1\n|move|p1a: Slowking|Trick Room|p1a: Slowking\n|-fieldstart|move: Trick Room|[of] p1a: Slowking\n|\n|upkeep\n|turn|12\n|\n|t:|1700152970\n|move|p1a: Slowking|Psyshock|p2a: Iron Moth\n|-supereffective|p2a: Iron Moth\n|-end|p2a: Iron Moth|Substitute\n|move|p2a: Iron Moth|Fiery Dance|p1a: Slowking\n|-damage|p1a: Slowking|40\/100\n|-boost|p2a: Iron Moth|spa|1\n|\n|upkeep\n|turn|13\n|\n|t:|1700152975\n|-end|p2a: Iron Moth|Quark Drive|[silent]\n|switch|p2a: Kingambit|Kingambit, M|100\/100\n|-activate|p2a: Kingambit|ability: Supreme Overlord\n|-start|p2a: Kingambit|fallen3|[silent]\n|move|p1a: Slowking|Psyshock|p2a: Kingambit\n|-immune|p2a: Kingambit\n|\n|upkeep\n|turn|14\n|\n|t:|1700152982\n|switch|p1a: Corviknight|Corviknight, M|100\/100\n|-ability|p1a: Corviknight|Pressure\n|move|p2a: Kingambit|Kowtow Cleave|p1a: Corviknight\n|-damage|p1a: Corviknight|55\/100\n|-damage|p2a: Kingambit|84\/100|[from] item: Rocky Helmet|[of] p1a: Corviknight\n|\n|upkeep\n|turn|15\n|\n|t:|1700152990\n|move|p1a: Corviknight|Roost|p1a: Corviknight\n|-heal|p1a: Corviknight|100\/100\n|-singleturn|p1a: Corviknight|move: Roost\n|move|p2a: Kingambit|Kowtow Cleave|p1a: Corviknight\n|-damage|p1a: Corviknight|50\/100\n|-damage|p2a: Kingambit|68\/100|[from] item: Rocky Helmet|[of] p1a: Corviknight\n|\n|-fieldend|move: Trick Room\n|upkeep\n|turn|16\n|\n|t:|1700152998\n|move|p2a: Kingambit|Kowtow Cleave|p1a: Corviknight\n|-damage|p1a: Corviknight|0 fnt\n|-damage|p2a: Kingambit|51\/100|[from] item: Rocky Helmet|[of] p1a: Corviknight\n|faint|p1a: Corviknight\n|\n|upkeep\n|\n|t:|1700153013\n|switch|p1a: Cinderace|Cinderace, M|100\/100\n|turn|17\n|\n|t:|1700153019\n|move|p2a: Kingambit|Sucker Punch|p1a: Cinderace\n|-damage|p1a: Cinderace|11\/100\n|move|p1a: Cinderace|Pyro Ball|p2a: Kingambit\n|-supereffective|p2a: Kingambit\n|-damage|p2a: Kingambit|0 fnt\n|faint|p2a: Kingambit\n|-end|p2a: Kingambit|fallen3|[silent]\n|\n|upkeep\n|\n|t:|1700153029\n|switch|p2a: Iron Moth|Iron Moth|76\/100\n|turn|18\n|\n|t:|1700153033\n|move|p1a: Cinderace|U-turn|p2a: Iron Moth\n|-start|p1a: Cinderace|typechange|Bug|[from] ability: Libero\n|-resisted|p2a: Iron Moth\n|-damage|p2a: Iron Moth|64\/100\n|\n|t:|1700153035\n|switch|p1a: Slowking|Slowking-Galar, M|74\/100|[from] U-turn\n|move|p2a: Iron Moth|Fiery Dance|p1a: Slowking\n|-damage|p1a: Slowking|48\/100\n|-boost|p2a: Iron Moth|spa|1\n|\n|upkeep\n|turn|19\n|\n|t:|1700153049\n|move|p2a: Iron Moth|Fiery Dance|p1a: Slowking\n|-damage|p1a: Slowking|13\/100\n|move|p1a: Slowking|Trick Room|p1a: Slowking\n|-fieldstart|move: Trick Room|[of] p1a: Slowking\n|\n|upkeep\n|turn|20\n|c|\u2606Big Test These|gg\n|c|\u2606rtfx|gg\n|\n|t:|1700153075\n|move|p1a: Slowking|Psyshock|p2a: Iron Moth\n|-supereffective|p2a: Iron Moth\n|-damage|p2a: Iron Moth|0 fnt\n|faint|p2a: Iron Moth\n|-end|p2a: Iron Moth|Quark Drive|[silent]\n|\n|upkeep\n|\n|t:|1700153080\n|switch|p2a: Ogerpon|Ogerpon-Wellspring, F|50\/100\n|turn|21\n|\n|t:|1700153082\n|move|p1a: Slowking|Sludge Bomb|p2a: Ogerpon\n|-supereffective|p2a: Ogerpon\n|-damage|p2a: Ogerpon|0 fnt\n|faint|p2a: Ogerpon\n|\n|win|Big Test These\n|raw|Big Test These's rating: 1494 &rarr; <strong>1516<\/strong><br \/>(+22 for winning)\n|raw|rtfx's rating: 1524 &rarr; <strong>1502<\/strong><br \/>(-22 for losing)\n","uploadtime":1700153086,"views":14,"p1id":"bigtestthese","p2id":"rtfx","formatid":"gen9ou","rating":1502,"private":0,"password":""}