{"id":"gen9ou-1997146312","p1":"Blank_Playe","p2":"rajasimha","format":"[Gen 9] OU","log":"|j|\u2606Blank_Playe\n|j|\u2606rajasimha\n|t:|1700769199\n|gametype|singles\n|player|p1|Blank_Playe|170|1071\n|player|p2|rajasimha|lady|1134\n|teamsize|p1|6\n|teamsize|p2|6\n|gen|9\n|tier|[Gen 9] OU\n|rated|\n|rule|Sleep Clause Mod: Limit one foe put to sleep\n|rule|Species Clause: Limit one of each Pok\u00e9mon\n|rule|OHKO Clause: OHKO moves are banned\n|rule|Evasion Items Clause: Evasion items are banned\n|rule|Evasion Moves Clause: Evasion moves are banned\n|rule|Endless Battle Clause: Forcing endless battles is banned\n|rule|HP Percentage Mod: HP is shown in percentages\n|clearpoke\n|poke|p1|Maushold-Four|\n|poke|p1|Slowbro-Galar, M|\n|poke|p1|Pikachu, F|\n|poke|p1|Ninetales-Alola, M|\n|poke|p1|Garchomp, M|\n|poke|p1|Tornadus, M|\n|poke|p2|Crawdaunt, M|\n|poke|p2|Great Tusk|\n|poke|p2|Ribombee, M|\n|poke|p2|Enamorus, F|\n|poke|p2|Gholdengo|\n|poke|p2|Iron Valiant|\n|teampreview\n|inactive|Battle timer is ON: inactive players will automatically lose when time's up. (requested by rajasimha)\n|\n|t:|1700769219\n|start\n|switch|p1a: Ice Kurama|Ninetales-Alola, M|100\/100\n|switch|p2a: Ribombee|Ribombee, M|100\/100\n|-weather|Snow|[from] ability: Snow Warning|[of] p1a: Ice Kurama\n|turn|1\n|\n|t:|1700769229\n|move|p2a: Ribombee|Stun Spore|p1a: Ice Kurama|[miss]\n|-miss|p2a: Ribombee|p1a: Ice Kurama\n|move|p1a: Ice Kurama|Aurora Veil|p1a: Ice Kurama\n|-sidestart|p1: Blank_Playe|move: Aurora Veil\n|\n|-weather|Snow|[upkeep]\n|upkeep\n|turn|2\n|\n|t:|1700769238\n|switch|p1a: Tornado|Tornadus, M|100\/100\n|move|p2a: Ribombee|Stun Spore|p1a: Tornado\n|-status|p1a: Tornado|par\n|\n|-weather|Snow|[upkeep]\n|upkeep\n|turn|3\n|\n|t:|1700769244\n|move|p1a: Tornado|Tailwind|p1a: Tornado\n|-sidestart|p1: Blank_Playe|move: Tailwind\n|move|p2a: Ribombee|Sticky Web|p1a: Tornado\n|-sidestart|p1: Blank_Playe|move: Sticky Web\n|\n|-weather|Snow|[upkeep]\n|upkeep\n|turn|4\n|\n|t:|1700769250\n|switch|p1a: Happy Family|Maushold-Four|100\/100\n|-activate|p1a: Happy Family|move: Sticky Web\n|-unboost|p1a: Happy Family|spe|1\n|move|p2a: Ribombee|Tailwind|p2a: Ribombee\n|-sidestart|p2: rajasimha|move: Tailwind\n|\n|-weather|Snow|[upkeep]\n|upkeep\n|turn|5\n|\n|t:|1700769258\n|move|p2a: Ribombee|Moonblast|p1a: Happy Family\n|-damage|p1a: Happy Family|79\/100\n|move|p1a: Happy Family|Tidy Up|p1a: Happy Family\n|-sideend|p1: Blank_Playe|Sticky Web\n|-activate|p1a: Happy Family|move: Tidy Up\n|-boost|p1a: Happy Family|atk|1\n|-boost|p1a: Happy Family|spe|1\n|\n|-weather|none\n|-sideend|p1: Blank_Playe|move: Aurora Veil\n|upkeep\n|turn|6\n|\n|t:|1700769266\n|move|p2a: Ribombee|Stun Spore|p1a: Happy Family\n|-status|p1a: Happy Family|par\n|move|p1a: Happy Family|Tidy Up|p1a: Happy Family\n|-boost|p1a: Happy Family|atk|1\n|-boost|p1a: Happy Family|spe|1\n|\n|-sideend|p1: Blank_Playe|move: Tailwind\n|upkeep\n|turn|7\n|\n|t:|1700769276\n|switch|p2a: Great Tusk|Great Tusk|100\/100\n|-terastallize|p1a: Happy Family|Normal\n|move|p1a: Happy Family|Population Bomb|p2a: Great Tusk|[miss]\n|-miss|p1a: Happy Family|p2a: Great Tusk\n|\n|-sideend|p2: rajasimha|move: Tailwind\n|upkeep\n|turn|8\n|\n|t:|1700769287\n|move|p2a: Great Tusk|Stealth Rock|p1a: Happy Family\n|-sidestart|p1: Blank_Playe|move: Stealth Rock\n|move|p1a: Happy Family|Population Bomb|p2a: Great Tusk\n|-damage|p2a: Great Tusk|77\/100\n|-damage|p2a: Great Tusk|54\/100\n|-damage|p2a: Great Tusk|31\/100\n|-damage|p2a: Great Tusk|7\/100\n|-damage|p2a: Great Tusk|0 fnt\n|faint|p2a: Great Tusk\n|-end|p2a: Great Tusk|Protosynthesis|[silent]\n|-hitcount|p2: Great Tusk|5\n|\n|upkeep\n|\n|t:|1700769295\n|switch|p2a: Crawdaunt|Crawdaunt, M|100\/100\n|turn|9\n|\n|t:|1700769301\n|move|p1a: Happy Family|Population Bomb|p2a: Crawdaunt\n|-damage|p2a: Crawdaunt|52\/100\n|-damage|p2a: Crawdaunt|8\/100\n|-damage|p2a: Crawdaunt|0 fnt\n|faint|p2a: Crawdaunt\n|-hitcount|p2: Crawdaunt|3\n|\n|upkeep\n|-message|rajasimha forfeited.\n|\n|win|Blank_Playe\n|raw|Blank_Playe's rating: 1071 &rarr; <strong>1106<\/strong><br \/>(+35 for winning)\n|raw|rajasimha's rating: 1134 &rarr; <strong>1105<\/strong><br \/>(-29 for losing)\n|l|\u2606rajasimha\n","uploadtime":1700769316,"views":24,"p1id":"blankplaye","p2id":"rajasimha","formatid":"gen9ou","rating":1105,"private":0,"password":""}