{"id":"gen9ou-1992288954","p1":"TheZalmancer","p2":"st0rmyzilla","format":"[Gen 9] OU","log":"|j|\u2606TheZalmancer\n|j|\u2606st0rmyzilla\n|t:|1700171277\n|gametype|singles\n|player|p1|TheZalmancer|skyla|1134\n|player|p2|st0rmyzilla|mars|1109\n|teamsize|p1|6\n|teamsize|p2|6\n|gen|9\n|tier|[Gen 9] OU\n|rated|\n|rule|Sleep Clause Mod: Limit one foe put to sleep\n|rule|Species Clause: Limit one of each Pok\u00e9mon\n|rule|OHKO Clause: OHKO moves are banned\n|rule|Evasion Items Clause: Evasion items are banned\n|rule|Evasion Moves Clause: Evasion moves are banned\n|rule|Endless Battle Clause: Forcing endless battles is banned\n|rule|HP Percentage Mod: HP is shown in percentages\n|clearpoke\n|poke|p1|Poliwrath, F|\n|poke|p1|Pelipper, M|\n|poke|p1|Overqwil, F|\n|poke|p1|Rillaboom, F|\n|poke|p1|Iron Treads|\n|poke|p1|Zapdos|\n|poke|p2|Glimmora, M|\n|poke|p2|Gholdengo|\n|poke|p2|Enamorus, F|\n|poke|p2|Zamazenta-*|\n|poke|p2|Dragapult, M|\n|poke|p2|Dragonite, M|\n|teampreview\n|inactive|Battle timer is ON: inactive players will automatically lose when time's up. (requested by st0rmyzilla)\n|\n|t:|1700171281\n|start\n|switch|p1a: Iron Treads|Iron Treads|100\/100\n|switch|p2a: Glimmora|Glimmora, M|100\/100\n|turn|1\n|\n|t:|1700171307\n|move|p2a: Glimmora|Stealth Rock|p1a: Iron Treads\n|-sidestart|p1: TheZalmancer|move: Stealth Rock\n|move|p1a: Iron Treads|Earth Power|p2a: Glimmora\n|-supereffective|p2a: Glimmora\n|-enditem|p2a: Glimmora|Focus Sash\n|-damage|p2a: Glimmora|1\/100\n|\n|upkeep\n|turn|2\n|\n|t:|1700171317\n|switch|p2a: Gholdengo|Gholdengo|100\/100\n|-item|p2a: Gholdengo|Air Balloon\n|move|p1a: Iron Treads|Rapid Spin|p2a: Gholdengo\n|-immune|p2a: Gholdengo\n|\n|upkeep\n|turn|3\n|\n|t:|1700171324\n|switch|p2a: Glimmora|Glimmora, M|1\/100\n|move|p1a: Iron Treads|Ice Spinner|p2a: Glimmora\n|-damage|p2a: Glimmora|0 fnt\n|-activate|p2a: Glimmora|ability: Toxic Debris\n|-sidestart|p1: TheZalmancer|move: Toxic Spikes\n|faint|p2a: Glimmora\n|\n|upkeep\n|\n|t:|1700171332\n|switch|p2a: Enamorus|Enamorus, F|100\/100\n|turn|4\n|\n|t:|1700171336\n|move|p2a: Enamorus|Earth Power|p1a: Iron Treads\n|-supereffective|p1a: Iron Treads\n|-damage|p1a: Iron Treads|35\/100\n|-unboost|p1a: Iron Treads|spd|1\n|move|p1a: Iron Treads|Rapid Spin|p2a: Enamorus\n|-damage|p2a: Enamorus|76\/100\n|-boost|p1a: Iron Treads|spe|1\n|-sideend|p1: TheZalmancer|Toxic Spikes|[from] move: Rapid Spin|[of] p1a: Iron Treads\n|-sideend|p1: TheZalmancer|Stealth Rock|[from] move: Rapid Spin|[of] p1a: Iron Treads\n|\n|upkeep\n|turn|5\n|\n|t:|1700171347\n|-end|p1a: Iron Treads|Quark Drive|[silent]\n|switch|p1a: Pelipper|Pelipper, M|100\/100\n|-weather|RainDance|[from] ability: Drizzle|[of] p1a: Pelipper\n|move|p2a: Enamorus|Earth Power|p1a: Pelipper\n|-immune|p1a: Pelipper\n|\n|-weather|RainDance|[upkeep]\n|upkeep\n|turn|6\n|\n|t:|1700171360\n|switch|p2a: Dragapult|Dragapult, M|100\/100\n|move|p1a: Pelipper|Surf|p2a: Dragapult\n|-resisted|p2a: Dragapult\n|-damage|p2a: Dragapult|75\/100\n|\n|-weather|RainDance|[upkeep]\n|upkeep\n|turn|7\n|\n|t:|1700171368\n|move|p2a: Dragapult|Will-O-Wisp|p1a: Pelipper\n|-status|p1a: Pelipper|brn\n|move|p1a: Pelipper|U-turn|p2a: Dragapult\n|-resisted|p2a: Dragapult\n|-damage|p2a: Dragapult|73\/100\n|\n|t:|1700171375\n|switch|p1a: Overqwil|Overqwil, F|100\/100|[from] U-turn\n|\n|-weather|RainDance|[upkeep]\n|upkeep\n|turn|8\n|\n|t:|1700171380\n|switch|p2a: Zamazenta|Zamazenta|100\/100\n|-ability|p2a: Zamazenta|Dauntless Shield|boost\n|-boost|p2a: Zamazenta|def|1\n|move|p1a: Overqwil|Crunch|p2a: Zamazenta\n|-resisted|p2a: Zamazenta\n|-damage|p2a: Zamazenta|86\/100\n|-unboost|p2a: Zamazenta|def|1\n|-damage|p1a: Overqwil|91\/100|[from] item: Life Orb\n|\n|-weather|RainDance|[upkeep]\n|upkeep\n|turn|9\n|\n|t:|1700171390\n|move|p1a: Overqwil|Swords Dance|p1a: Overqwil\n|-boost|p1a: Overqwil|atk|2\n|move|p2a: Zamazenta|Close Combat|p1a: Overqwil\n|-damage|p1a: Overqwil|30\/100\n|-unboost|p2a: Zamazenta|def|1\n|-unboost|p2a: Zamazenta|spd|1\n|\n|-weather|RainDance|[upkeep]\n|upkeep\n|turn|10\n|\n|t:|1700171398\n|move|p1a: Overqwil|Liquidation|p2a: Zamazenta\n|-damage|p2a: Zamazenta|0 fnt\n|faint|p2a: Zamazenta\n|-damage|p1a: Overqwil|20\/100|[from] item: Life Orb\n|\n|-weather|RainDance|[upkeep]\n|upkeep\n|\n|t:|1700171402\n|switch|p2a: Dragonite|Dragonite, M|100\/100\n|turn|11\n|\n|t:|1700171409\n|move|p1a: Overqwil|Liquidation|p2a: Dragonite\n|-resisted|p2a: Dragonite\n|-damage|p2a: Dragonite|73\/100\n|-unboost|p2a: Dragonite|def|1\n|-damage|p1a: Overqwil|10\/100|[from] item: Life Orb\n|move|p2a: Dragonite|Dragon Dance|p2a: Dragonite\n|-boost|p2a: Dragonite|atk|1\n|-boost|p2a: Dragonite|spe|1\n|\n|-weather|RainDance|[upkeep]\n|upkeep\n|turn|12\n|\n|t:|1700171419\n|move|p2a: Dragonite|Extreme Speed|p1a: Overqwil\n|-damage|p1a: Overqwil|0 fnt\n|faint|p1a: Overqwil\n|\n|-weather|none\n|upkeep\n|\n|t:|1700171429\n|switch|p1a: Pelipper|Pelipper, M|100\/100 brn\n|-weather|RainDance|[from] ability: Drizzle|[of] p1a: Pelipper\n|turn|13\n|\n|t:|1700171434\n|move|p2a: Dragonite|Dragon Dance|p2a: Dragonite\n|-boost|p2a: Dragonite|atk|1\n|-boost|p2a: Dragonite|spe|1\n|move|p1a: Pelipper|Hurricane|p2a: Dragonite\n|-damage|p2a: Dragonite|33\/100\n|\n|-weather|RainDance|[upkeep]\n|-damage|p1a: Pelipper|94\/100 brn|[from] brn\n|upkeep\n|turn|14\n|\n|t:|1700171442\n|move|p2a: Dragonite|Roost|p2a: Dragonite\n|-heal|p2a: Dragonite|83\/100\n|-singleturn|p2a: Dragonite|move: Roost\n|move|p1a: Pelipper|Hurricane|p2a: Dragonite\n|-damage|p2a: Dragonite|42\/100\n|-start|p2a: Dragonite|confusion\n|\n|-weather|RainDance|[upkeep]\n|-damage|p1a: Pelipper|88\/100 brn|[from] brn\n|upkeep\n|turn|15\n|\n|t:|1700171457\n|-activate|p2a: Dragonite|confusion\n|move|p2a: Dragonite|Extreme Speed|p1a: Pelipper\n|-damage|p1a: Pelipper|25\/100 brn\n|move|p1a: Pelipper|U-turn|p2a: Dragonite\n|-resisted|p2a: Dragonite\n|-damage|p2a: Dragonite|38\/100\n|\n|t:|1700171469\n|switch|p1a: Zapdos|Zapdos|100\/100|[from] U-turn\n|\n|-weather|RainDance|[upkeep]\n|upkeep\n|turn|16\n|\n|t:|1700171475\n|-activate|p2a: Dragonite|confusion\n|move|p2a: Dragonite|Extreme Speed|p1a: Zapdos\n|-damage|p1a: Zapdos|25\/100\n|-status|p2a: Dragonite|par|[from] ability: Static|[of] p1a: Zapdos\n|move|p1a: Zapdos|Hurricane|p2a: Dragonite\n|-damage|p2a: Dragonite|0 fnt\n|faint|p2a: Dragonite\n|\n|-weather|RainDance|[upkeep]\n|upkeep\n|-message|st0rmyzilla forfeited.\n|\n|win|TheZalmancer\n|raw|TheZalmancer's rating: 1134 &rarr; <strong>1157<\/strong><br \/>(+23 for winning)\n|raw|st0rmyzilla's rating: 1109 &rarr; <strong>1086<\/strong><br \/>(-23 for losing)\n|l|\u2606st0rmyzilla\n","uploadtime":1700171489,"views":10,"p1id":"thezalmancer","p2id":"st0rmyzilla","formatid":"gen9ou","rating":1086,"private":0,"password":""}