{"id":"gen9ou-1989753156","p1":"Skaraptor2.1","p2":"jsavchenko","format":"[Gen 9] OU","log":"|j|\u2606Skaraptor2.1\n|j|\u2606jsavchenko\n|t:|1699892809\n|gametype|singles\n|player|p1|Skaraptor2.1|emma|1231\n|player|p2|jsavchenko|169|1333\n|teamsize|p1|6\n|teamsize|p2|6\n|gen|9\n|tier|[Gen 9] OU\n|rated|\n|rule|Sleep Clause Mod: Limit one foe put to sleep\n|rule|Species Clause: Limit one of each Pok\u00e9mon\n|rule|OHKO Clause: OHKO moves are banned\n|rule|Evasion Items Clause: Evasion items are banned\n|rule|Evasion Moves Clause: Evasion moves are banned\n|rule|Endless Battle Clause: Forcing endless battles is banned\n|rule|HP Percentage Mod: HP is shown in percentages\n|clearpoke\n|poke|p1|Ribombee, M|\n|poke|p1|Ogerpon-Wellspring, F|\n|poke|p1|Iron Moth|\n|poke|p1|Zamazenta-*|\n|poke|p1|Iron Valiant|\n|poke|p1|Kingambit, F|\n|poke|p2|Kingambit, M|\n|poke|p2|Ribombee, F|\n|poke|p2|Ninetales-Alola, F|\n|poke|p2|Great Tusk|\n|poke|p2|Maushold-Four|\n|poke|p2|Zamazenta-*|\n|teampreview\n|inactive|Battle timer is ON: inactive players will automatically lose when time's up. (requested by Skaraptor2.1)\n|\n|t:|1699892816\n|start\n|switch|p1a: Twink|Ribombee, M|100\/100\n|switch|p2a: Ribombee|Ribombee, F|100\/100\n|turn|1\n|\n|t:|1699892823\n|move|p1a: Twink|Stun Spore|p2a: Ribombee|[miss]\n|-miss|p1a: Twink|p2a: Ribombee\n|move|p2a: Ribombee|Quiver Dance|p2a: Ribombee\n|-boost|p2a: Ribombee|spa|1\n|-boost|p2a: Ribombee|spd|1\n|-boost|p2a: Ribombee|spe|1\n|\n|upkeep\n|turn|2\n|\n|t:|1699892828\n|move|p2a: Ribombee|Moonblast|p1a: Twink\n|-enditem|p1a: Twink|Focus Sash\n|-damage|p1a: Twink|1\/100\n|-damage|p2a: Ribombee|91\/100|[from] item: Life Orb\n|move|p1a: Twink|Stun Spore|p2a: Ribombee\n|-status|p2a: Ribombee|par\n|\n|upkeep\n|turn|3\n|\n|t:|1699892835\n|move|p1a: Twink|Sticky Web|p2a: Ribombee\n|-sidestart|p2: jsavchenko|move: Sticky Web\n|move|p2a: Ribombee|Quiver Dance|p2a: Ribombee\n|-boost|p2a: Ribombee|spa|1\n|-boost|p2a: Ribombee|spd|1\n|-boost|p2a: Ribombee|spe|1\n|\n|upkeep\n|turn|4\n|\n|t:|1699892840\n|move|p1a: Twink|Moonblast|p2a: Ribombee\n|-damage|p2a: Ribombee|61\/100 par\n|move|p2a: Ribombee|Quiver Dance|p2a: Ribombee\n|-boost|p2a: Ribombee|spa|1\n|-boost|p2a: Ribombee|spd|1\n|-boost|p2a: Ribombee|spe|1\n|\n|upkeep\n|turn|5\n|\n|t:|1699892845\n|cant|p2a: Ribombee|par\n|move|p1a: Twink|Moonblast|p2a: Ribombee\n|-damage|p2a: Ribombee|41\/100 par\n|\n|upkeep\n|turn|6\n|\n|t:|1699892850\n|move|p2a: Ribombee|Moonblast|p1a: Twink\n|-damage|p1a: Twink|0 fnt\n|faint|p1a: Twink\n|-damage|p2a: Ribombee|31\/100 par|[from] item: Life Orb\n|\n|upkeep\n|\n|t:|1699892854\n|switch|p1a: Solar Panels|Iron Moth|100\/100\n|-enditem|p1a: Solar Panels|Booster Energy\n|-activate|p1a: Solar Panels|ability: Quark Drive|[fromitem]\n|-start|p1a: Solar Panels|quarkdrivespe\n|turn|7\n|\n|t:|1699892867\n|-terastallize|p2a: Ribombee|Water\n|move|p1a: Solar Panels|Fiery Dance|p2a: Ribombee\n|-resisted|p2a: Ribombee\n|-damage|p2a: Ribombee|16\/100 par\n|-boost|p1a: Solar Panels|spa|1\n|move|p2a: Ribombee|Stored Power|p1a: Solar Panels\n|-supereffective|p1a: Solar Panels\n|-damage|p1a: Solar Panels|0 fnt\n|faint|p1a: Solar Panels\n|-end|p1a: Solar Panels|Quark Drive|[silent]\n|-damage|p2a: Ribombee|6\/100 par|[from] item: Life Orb\n|\n|upkeep\n|inactive|Skaraptor2.1 has 120 seconds left.\n|\n|t:|1699892905\n|switch|p1a: Bigender|Iron Valiant|100\/100\n|-enditem|p1a: Bigender|Booster Energy\n|-activate|p1a: Bigender|ability: Quark Drive|[fromitem]\n|-start|p1a: Bigender|quarkdrivespe\n|turn|8\n|\n|t:|1699892922\n|move|p1a: Bigender|Thunderbolt|p2a: Ribombee\n|-supereffective|p2a: Ribombee\n|-damage|p2a: Ribombee|0 fnt\n|faint|p2a: Ribombee\n|\n|upkeep\n|inactive|jsavchenko has 120 seconds left.\n|\n|t:|1699892952\n|switch|p2a: Ninetales|Ninetales-Alola, F|100\/100\n|-activate|p2a: Ninetales|move: Sticky Web\n|-unboost|p2a: Ninetales|spe|1\n|-weather|Snow|[from] ability: Snow Warning|[of] p2a: Ninetales\n|turn|9\n|\n|t:|1699892958\n|move|p1a: Bigender|Calm Mind|p1a: Bigender\n|-boost|p1a: Bigender|spa|1\n|-boost|p1a: Bigender|spd|1\n|move|p2a: Ninetales|Aurora Veil|p2a: Ninetales\n|-sidestart|p2: jsavchenko|move: Aurora Veil\n|\n|-weather|Snow|[upkeep]\n|upkeep\n|turn|10\n|\n|t:|1699892962\n|move|p1a: Bigender|Moonblast|p2a: Ninetales\n|-crit|p2a: Ninetales\n|-damage|p2a: Ninetales|0 fnt\n|faint|p2a: Ninetales\n|\n|-weather|Snow|[upkeep]\n|upkeep\n|\n|t:|1699892965\n|switch|p2a: Maushold|Maushold-Four, shiny|100\/100\n|-activate|p2a: Maushold|move: Sticky Web\n|-unboost|p2a: Maushold|spe|1\n|turn|11\n|\n|t:|1699892970\n|move|p1a: Bigender|Moonblast|p2a: Maushold\n|-damage|p2a: Maushold|50\/100\n|move|p2a: Maushold|Tidy Up|p2a: Maushold\n|-sideend|p2: jsavchenko|Sticky Web\n|-activate|p2a: Maushold|move: Tidy Up\n|-boost|p2a: Maushold|atk|1\n|-boost|p2a: Maushold|spe|1\n|\n|-weather|Snow|[upkeep]\n|upkeep\n|turn|12\n|\n|t:|1699892975\n|move|p1a: Bigender|Destiny Bond|p1a: Bigender\n|-singlemove|p1a: Bigender|Destiny Bond\n|move|p2a: Maushold|Population Bomb|p1a: Bigender\n|-damage|p1a: Bigender|78\/100\n|-crit|p1a: Bigender\n|-damage|p1a: Bigender|44\/100\n|-damage|p1a: Bigender|24\/100\n|-damage|p1a: Bigender|4\/100\n|-damage|p1a: Bigender|0 fnt\n|faint|p1a: Bigender\n|-activate|p1a: Bigender|move: Destiny Bond\n|-end|p1a: Bigender|Quark Drive|[silent]\n|faint|p2a: Maushold\n|-hitcount|p1: Bigender|5\n|\n|-weather|Snow|[upkeep]\n|upkeep\n|\n|t:|1699892994\n|switch|p1a: Transfem|Ogerpon-Wellspring, F|100\/100\n|switch|p2a: Zamazenta|Zamazenta|100\/100\n|-ability|p2a: Zamazenta|Dauntless Shield|boost\n|-boost|p2a: Zamazenta|def|1\n|turn|13\n|\n|t:|1699892996\n|move|p2a: Zamazenta|Iron Defense|p2a: Zamazenta\n|-boost|p2a: Zamazenta|def|2\n|move|p1a: Transfem|Knock Off|p2a: Zamazenta\n|-resisted|p2a: Zamazenta\n|-damage|p2a: Zamazenta|98\/100\n|-enditem|p2a: Zamazenta|Leftovers|[from] move: Knock Off|[of] p1a: Transfem\n|\n|-weather|none\n|upkeep\n|turn|14\n|\n|t:|1699893004\n|move|p2a: Zamazenta|Body Press|p1a: Transfem\n|-damage|p1a: Transfem|0 fnt\n|faint|p1a: Transfem\n|\n|upkeep\n|\n|t:|1699893011\n|switch|p1a: Defender of Trans|Zamazenta, shiny|100\/100\n|-ability|p1a: Defender of Trans|Dauntless Shield|boost\n|-boost|p1a: Defender of Trans|def|1\n|turn|15\n|\n|t:|1699893019\n|move|p2a: Zamazenta|Iron Defense|p2a: Zamazenta\n|-boost|p2a: Zamazenta|def|2\n|move|p1a: Defender of Trans|Iron Defense|p1a: Defender of Trans\n|-boost|p1a: Defender of Trans|def|2\n|\n|upkeep\n|turn|16\n|\n|t:|1699893024\n|move|p2a: Zamazenta|Body Press|p1a: Defender of Trans\n|-damage|p1a: Defender of Trans|69\/100\n|move|p1a: Defender of Trans|Iron Defense|p1a: Defender of Trans\n|-boost|p1a: Defender of Trans|def|2\n|\n|-heal|p1a: Defender of Trans|75\/100|[from] item: Leftovers\n|-sideend|p2: jsavchenko|move: Aurora Veil\n|upkeep\n|turn|17\n|\n|t:|1699893028\n|move|p2a: Zamazenta|Body Press|p1a: Defender of Trans\n|-damage|p1a: Defender of Trans|54\/100\n|move|p1a: Defender of Trans|Iron Defense|p1a: Defender of Trans\n|-boost|p1a: Defender of Trans|def|1\n|\n|-heal|p1a: Defender of Trans|61\/100|[from] item: Leftovers\n|upkeep\n|turn|18\n|\n|t:|1699893037\n|move|p2a: Zamazenta|Body Press|p1a: Defender of Trans\n|-damage|p1a: Defender of Trans|41\/100\n|move|p1a: Defender of Trans|Body Press|p2a: Zamazenta\n|-damage|p2a: Zamazenta|70\/100\n|\n|-heal|p1a: Defender of Trans|47\/100|[from] item: Leftovers\n|upkeep\n|turn|19\n|\n|t:|1699893045\n|move|p2a: Zamazenta|Body Press|p1a: Defender of Trans\n|-damage|p1a: Defender of Trans|28\/100\n|move|p1a: Defender of Trans|Body Press|p2a: Zamazenta\n|-damage|p2a: Zamazenta|36\/100\n|\n|-heal|p1a: Defender of Trans|34\/100|[from] item: Leftovers\n|upkeep\n|turn|20\n|\n|t:|1699893051\n|move|p2a: Zamazenta|Body Press|p1a: Defender of Trans\n|-damage|p1a: Defender of Trans|16\/100\n|move|p1a: Defender of Trans|Body Press|p2a: Zamazenta\n|-damage|p2a: Zamazenta|5\/100\n|\n|-heal|p1a: Defender of Trans|22\/100|[from] item: Leftovers\n|upkeep\n|turn|21\n|\n|t:|1699893056\n|move|p2a: Zamazenta|Body Press|p1a: Defender of Trans\n|-damage|p1a: Defender of Trans|4\/100\n|move|p1a: Defender of Trans|Body Press|p2a: Zamazenta\n|-damage|p2a: Zamazenta|0 fnt\n|faint|p2a: Zamazenta\n|\n|-heal|p1a: Defender of Trans|11\/100|[from] item: Leftovers\n|upkeep\n|\n|t:|1699893067\n|switch|p2a: Great Tusk|Great Tusk, shiny|100\/100\n|-enditem|p2a: Great Tusk|Booster Energy\n|-activate|p2a: Great Tusk|ability: Protosynthesis|[fromitem]\n|-start|p2a: Great Tusk|protosynthesisspe\n|turn|22\n|\n|t:|1699893074\n|move|p2a: Great Tusk|Headlong Rush|p1a: Defender of Trans\n|-crit|p1a: Defender of Trans\n|-damage|p1a: Defender of Trans|0 fnt\n|-unboost|p2a: Great Tusk|def|1\n|-unboost|p2a: Great Tusk|spd|1\n|faint|p1a: Defender of Trans\n|\n|upkeep\n|\n|t:|1699893086\n|switch|p1a: Queengambit|Kingambit, F|100\/100\n|-activate|p1a: Queengambit|ability: Supreme Overlord\n|-start|p1a: Queengambit|fallen5|[silent]\n|turn|23\n|\n|t:|1699893091\n|-terastallize|p1a: Queengambit|Fairy\n|move|p2a: Great Tusk|Bulk Up|p2a: Great Tusk\n|-boost|p2a: Great Tusk|atk|1\n|-boost|p2a: Great Tusk|def|1\n|move|p1a: Queengambit|Low Kick|p2a: Great Tusk\n|-crit|p2a: Great Tusk\n|-damage|p2a: Great Tusk|36\/100\n|\n|upkeep\n|turn|24\n|\n|t:|1699893101\n|move|p2a: Great Tusk|Headlong Rush|p1a: Queengambit\n|-damage|p1a: Queengambit|45\/100\n|-unboost|p2a: Great Tusk|def|1\n|-unboost|p2a: Great Tusk|spd|1\n|move|p1a: Queengambit|Low Kick|p2a: Great Tusk\n|-damage|p2a: Great Tusk|0 fnt\n|faint|p2a: Great Tusk\n|-end|p2a: Great Tusk|Protosynthesis|[silent]\n|\n|-heal|p1a: Queengambit|51\/100|[from] item: Leftovers\n|upkeep\n|\n|t:|1699893108\n|switch|p2a: Kingambit|Kingambit, M, shiny|100\/100\n|-activate|p2a: Kingambit|ability: Supreme Overlord\n|-start|p2a: Kingambit|fallen5|[silent]\n|turn|25\n|\n|t:|1699893124\n|move|p2a: Kingambit|Sucker Punch|p1a: Queengambit\n|-resisted|p1a: Queengambit\n|-damage|p1a: Queengambit|29\/100\n|move|p1a: Queengambit|Low Kick|p2a: Kingambit\n|-supereffective|p2a: Kingambit\n|-damage|p2a: Kingambit|0 fnt\n|faint|p2a: Kingambit\n|-end|p2a: Kingambit|fallen5|[silent]\n|\n|win|Skaraptor2.1\n|raw|Skaraptor2.1's rating: 1231 &rarr; <strong>1263<\/strong><br \/>(+32 for winning)\n|raw|jsavchenko's rating: 1333 &rarr; <strong>1307<\/strong><br \/>(-26 for losing)\n|l|\u2606jsavchenko\n|l|\u2606Skaraptor2.1\n|j|\u2606Skaraptor2.1\n|player|p1|Skaraptor2.1|emma\n","uploadtime":1699893128,"views":14,"p1id":"skaraptor21","p2id":"jsavchenko","formatid":"gen9ou","rating":1263,"private":0,"password":""}