{"id":"gen9ou-1989785387","p1":"Hi fren hf","p2":"MrMimikry","format":"[Gen 9] OU","log":"|j|\u2606Hi fren hf\n|j|\u2606MrMimikry\n|t:|1699895559\n|gametype|singles\n|player|p1|Hi fren hf|2|1273\n|player|p2|MrMimikry|ingo|1308\n|teamsize|p1|6\n|teamsize|p2|6\n|gen|9\n|tier|[Gen 9] OU\n|rated|\n|rule|Sleep Clause Mod: Limit one foe put to sleep\n|rule|Species Clause: Limit one of each Pok\u00e9mon\n|rule|OHKO Clause: OHKO moves are banned\n|rule|Evasion Items Clause: Evasion items are banned\n|rule|Evasion Moves Clause: Evasion moves are banned\n|rule|Endless Battle Clause: Forcing endless battles is banned\n|rule|HP Percentage Mod: HP is shown in percentages\n|clearpoke\n|poke|p1|Gholdengo|\n|poke|p1|Great Tusk|\n|poke|p1|Kingambit, F|\n|poke|p1|Ribombee, M|\n|poke|p1|Iron Moth|\n|poke|p1|Greninja-*, M|\n|poke|p2|Dragapult, F|\n|poke|p2|Skeledirge, M|\n|poke|p2|Mandibuzz, F|\n|poke|p2|Weezing-Galar, M|\n|poke|p2|Milotic, F|\n|poke|p2|Clefable, F|\n|teampreview\n|inactive|Battle timer is ON: inactive players will automatically lose when time's up. (requested by MrMimikry)\n|inactive|Hi fren hf has 120 seconds left.\n|inactive|Hi fren hf has 90 seconds left.\n|\n|t:|1699895634\n|start\n|switch|p1a: Ribombee|Ribombee, M|100\/100\n|switch|p2a: Tax the wealthy|Weezing-Galar, M|100\/100\n|-ability|p2a: Tax the wealthy|Neutralizing Gas\n|turn|1\n|\n|t:|1699895649\n|move|p1a: Ribombee|Stun Spore|p2a: Tax the wealthy\n|-status|p2a: Tax the wealthy|par\n|cant|p2a: Tax the wealthy|par\n|\n|upkeep\n|turn|2\n|\n|t:|1699895663\n|move|p1a: Ribombee|Sticky Web|p2a: Tax the wealthy\n|-sidestart|p2: MrMimikry|move: Sticky Web\n|move|p2a: Tax the wealthy|Defog|p1a: Ribombee\n|-unboost|p1a: Ribombee|evasion|1\n|-sideend|p2: MrMimikry|Sticky Web|[from] move: Defog|[of] p2a: Tax the wealthy\n|\n|upkeep\n|turn|3\n|\n|t:|1699895676\n|move|p1a: Ribombee|Sticky Web|p2a: Tax the wealthy\n|-sidestart|p2: MrMimikry|move: Sticky Web\n|move|p2a: Tax the wealthy|Sludge Bomb|p1a: Ribombee\n|-supereffective|p1a: Ribombee\n|-damage|p1a: Ribombee|13\/100\n|-status|p1a: Ribombee|psn\n|\n|-damage|p1a: Ribombee|1\/100 psn|[from] psn\n|upkeep\n|turn|4\n|\n|t:|1699895689\n|move|p1a: Ribombee|U-turn|p2a: Tax the wealthy\n|-resisted|p2a: Tax the wealthy\n|-damage|p2a: Tax the wealthy|98\/100 par\n|\n|t:|1699895691\n|switch|p1a: Kingambit|Kingambit, F|100\/100|[from] U-turn\n|move|p2a: Tax the wealthy|Defog|p1a: Kingambit\n|-unboost|p1a: Kingambit|evasion|1\n|-sideend|p2: MrMimikry|Sticky Web|[from] move: Defog|[of] p2a: Tax the wealthy\n|\n|-heal|p2a: Tax the wealthy|100\/100 par|[from] item: Leftovers\n|upkeep\n|turn|5\n|\n|t:|1699895710\n|move|p1a: Kingambit|Substitute|p1a: Kingambit\n|-start|p1a: Kingambit|Substitute\n|-damage|p1a: Kingambit|75\/100\n|cant|p2a: Tax the wealthy|par\n|\n|-heal|p1a: Kingambit|82\/100|[from] item: Leftovers\n|upkeep\n|turn|6\n|\n|t:|1699895731\n|-end|p2a: Tax the wealthy|ability: Neutralizing Gas\n|switch|p2a: UU Wall of China|Mandibuzz, F|100\/100\n|move|p1a: Kingambit|Swords Dance|p1a: Kingambit\n|-boost|p1a: Kingambit|atk|2\n|\n|-heal|p1a: Kingambit|88\/100|[from] item: Leftovers\n|upkeep\n|turn|7\n|\n|t:|1699895741\n|move|p2a: UU Wall of China|Iron Defense|p2a: UU Wall of China\n|-boost|p2a: UU Wall of China|def|2\n|move|p1a: Kingambit|Iron Head|p2a: UU Wall of China\n|-damage|p2a: UU Wall of China|71\/100\n|\n|-heal|p1a: Kingambit|94\/100|[from] item: Leftovers\n|upkeep\n|turn|8\n|\n|t:|1699895750\n|move|p2a: UU Wall of China|Foul Play|p1a: Kingambit\n|-resisted|p1a: Kingambit\n|-end|p1a: Kingambit|Substitute\n|move|p1a: Kingambit|Swords Dance|p1a: Kingambit\n|-boost|p1a: Kingambit|atk|2\n|\n|-heal|p1a: Kingambit|99\/100|[from] item: Leftovers\n|upkeep\n|turn|9\n|\n|t:|1699895757\n|move|p2a: UU Wall of China|Iron Defense|p2a: UU Wall of China\n|-boost|p2a: UU Wall of China|def|2\n|move|p1a: Kingambit|Iron Head|p2a: UU Wall of China\n|-damage|p2a: UU Wall of China|46\/100\n|\n|-heal|p1a: Kingambit|100\/100|[from] item: Leftovers\n|upkeep\n|turn|10\n|\n|t:|1699895770\n|-end|p1a: Kingambit|fallenundefined|[silent]\n|switch|p1a: Great Tusk|Great Tusk|100\/100\n|move|p2a: UU Wall of China|Iron Defense|p2a: UU Wall of China\n|-boost|p2a: UU Wall of China|def|2\n|\n|upkeep\n|turn|11\n|\n|t:|1699895775\n|move|p1a: Great Tusk|Ice Spinner|p2a: UU Wall of China\n|-supereffective|p2a: UU Wall of China\n|-damage|p2a: UU Wall of China|38\/100\n|move|p2a: UU Wall of China|Roost|p2a: UU Wall of China\n|-heal|p2a: UU Wall of China|88\/100\n|-singleturn|p2a: UU Wall of China|move: Roost\n|\n|upkeep\n|turn|12\n|\n|t:|1699895782\n|move|p1a: Great Tusk|Ice Spinner|p2a: UU Wall of China\n|-supereffective|p2a: UU Wall of China\n|-damage|p2a: UU Wall of China|80\/100\n|move|p2a: UU Wall of China|Toxic|p1a: Great Tusk\n|-status|p1a: Great Tusk|tox\n|\n|-damage|p1a: Great Tusk|94\/100 tox|[from] psn\n|upkeep\n|turn|13\n|\n|t:|1699895793\n|move|p1a: Great Tusk|Ice Spinner|p2a: UU Wall of China\n|-supereffective|p2a: UU Wall of China\n|-damage|p2a: UU Wall of China|72\/100\n|move|p2a: UU Wall of China|Foul Play|p1a: Great Tusk\n|-resisted|p1a: Great Tusk\n|-damage|p1a: Great Tusk|76\/100 tox\n|\n|-heal|p1a: Great Tusk|82\/100 tox|[from] item: Leftovers\n|-damage|p1a: Great Tusk|70\/100 tox|[from] psn\n|upkeep\n|turn|14\n|\n|t:|1699895805\n|move|p1a: Great Tusk|Ice Spinner|p2a: UU Wall of China\n|-supereffective|p2a: UU Wall of China\n|-damage|p2a: UU Wall of China|64\/100\n|move|p2a: UU Wall of China|Foul Play|p1a: Great Tusk\n|-resisted|p1a: Great Tusk\n|-damage|p1a: Great Tusk|52\/100 tox\n|\n|-heal|p1a: Great Tusk|58\/100 tox|[from] item: Leftovers\n|-damage|p1a: Great Tusk|39\/100 tox|[from] psn\n|upkeep\n|turn|15\n|\n|t:|1699895815\n|move|p1a: Great Tusk|Ice Spinner|p2a: UU Wall of China\n|-supereffective|p2a: UU Wall of China\n|-damage|p2a: UU Wall of China|56\/100\n|move|p2a: UU Wall of China|Foul Play|p1a: Great Tusk\n|-resisted|p1a: Great Tusk\n|-damage|p1a: Great Tusk|20\/100 tox\n|\n|-heal|p1a: Great Tusk|26\/100 tox|[from] item: Leftovers\n|-damage|p1a: Great Tusk|1\/100 tox|[from] psn\n|upkeep\n|turn|16\n|\n|t:|1699895824\n|move|p1a: Great Tusk|Ice Spinner|p2a: UU Wall of China\n|-supereffective|p2a: UU Wall of China\n|-damage|p2a: UU Wall of China|47\/100\n|move|p2a: UU Wall of China|Roost|p2a: UU Wall of China\n|-heal|p2a: UU Wall of China|97\/100\n|-singleturn|p2a: UU Wall of China|move: Roost\n|\n|-heal|p1a: Great Tusk|7\/100 tox|[from] item: Leftovers\n|-damage|p1a: Great Tusk|0 fnt|[from] psn\n|faint|p1a: Great Tusk\n|-end|p1a: Great Tusk|Protosynthesis|[silent]\n|upkeep\n|\n|t:|1699895831\n|switch|p1a: Ribombee|Ribombee, M|1\/100 psn\n|turn|17\n|\n|t:|1699895843\n|move|p1a: Ribombee|U-turn|p2a: UU Wall of China\n|-damage|p2a: UU Wall of China|95\/100\n|\n|t:|1699895848\n|switch|p1a: Gholdengo|Gholdengo|100\/100|[from] U-turn\n|-item|p1a: Gholdengo|Air Balloon\n|move|p2a: UU Wall of China|Foul Play|p1a: Gholdengo\n|-supereffective|p1a: Gholdengo\n|-damage|p1a: Gholdengo|66\/100\n|-enditem|p1a: Gholdengo|Air Balloon\n|\n|upkeep\n|turn|18\n|\n|t:|1699895857\n|move|p1a: Gholdengo|Nasty Plot|p1a: Gholdengo\n|-boost|p1a: Gholdengo|spa|2\n|move|p2a: UU Wall of China|Foul Play|p1a: Gholdengo\n|-supereffective|p1a: Gholdengo\n|-damage|p1a: Gholdengo|32\/100\n|\n|upkeep\n|turn|19\n|\n|t:|1699895863\n|move|p1a: Gholdengo|Recover|p1a: Gholdengo\n|-heal|p1a: Gholdengo|82\/100\n|move|p2a: UU Wall of China|Foul Play|p1a: Gholdengo\n|-supereffective|p1a: Gholdengo\n|-damage|p1a: Gholdengo|48\/100\n|\n|upkeep\n|turn|20\n|\n|t:|1699895870\n|move|p1a: Gholdengo|Make It Rain|p2a: UU Wall of China\n|-damage|p2a: UU Wall of China|0 fnt\n|-unboost|p1a: Gholdengo|spa|1\n|faint|p2a: UU Wall of China\n|\n|upkeep\n|\n|t:|1699895885\n|switch|p2a: Serpent of Stall|Milotic, F, shiny|100\/100\n|turn|21\n|\n|t:|1699895891\n|move|p1a: Gholdengo|Recover|p1a: Gholdengo\n|-heal|p1a: Gholdengo|98\/100\n|move|p2a: Serpent of Stall|Scald|p1a: Gholdengo\n|-damage|p1a: Gholdengo|65\/100\n|\n|upkeep\n|turn|22\n|\n|t:|1699895900\n|move|p1a: Gholdengo|Nasty Plot|p1a: Gholdengo\n|-boost|p1a: Gholdengo|spa|2\n|move|p2a: Serpent of Stall|Mirror Coat||[still]\n|-fail|p2a: Serpent of Stall\n|\n|upkeep\n|turn|23\n|\n|t:|1699895905\n|move|p1a: Gholdengo|Nasty Plot|p1a: Gholdengo\n|-boost|p1a: Gholdengo|spa|2\n|move|p2a: Serpent of Stall|Scald|p1a: Gholdengo\n|-damage|p1a: Gholdengo|32\/100\n|-status|p1a: Gholdengo|brn\n|\n|-damage|p1a: Gholdengo|26\/100 brn|[from] brn\n|upkeep\n|turn|24\n|\n|t:|1699895914\n|move|p1a: Gholdengo|Recover|p1a: Gholdengo\n|-heal|p1a: Gholdengo|76\/100 brn\n|move|p2a: Serpent of Stall|Haze|p2a: Serpent of Stall\n|-clearallboost\n|\n|-damage|p1a: Gholdengo|70\/100 brn|[from] brn\n|upkeep\n|turn|25\n|\n|t:|1699895922\n|move|p1a: Gholdengo|Recover|p1a: Gholdengo\n|-heal|p1a: Gholdengo|100\/100 brn\n|move|p2a: Serpent of Stall|Scald|p1a: Gholdengo\n|-damage|p1a: Gholdengo|68\/100 brn\n|\n|-damage|p1a: Gholdengo|62\/100 brn|[from] brn\n|upkeep\n|turn|26\n|\n|t:|1699895930\n|move|p1a: Gholdengo|Nasty Plot|p1a: Gholdengo\n|-boost|p1a: Gholdengo|spa|2\n|move|p2a: Serpent of Stall|Scald|p1a: Gholdengo\n|-damage|p1a: Gholdengo|32\/100 brn\n|\n|-damage|p1a: Gholdengo|25\/100 brn|[from] brn\n|upkeep\n|turn|27\n|\n|t:|1699895939\n|move|p1a: Gholdengo|Recover|p1a: Gholdengo\n|-heal|p1a: Gholdengo|75\/100 brn\n|move|p2a: Serpent of Stall|Haze|p2a: Serpent of Stall\n|-clearallboost\n|\n|-damage|p1a: Gholdengo|69\/100 brn|[from] brn\n|upkeep\n|turn|28\n|\n|t:|1699895948\n|move|p1a: Gholdengo|Shadow Ball|p2a: Serpent of Stall\n|-damage|p2a: Serpent of Stall|76\/100\n|move|p2a: Serpent of Stall|Scald|p1a: Gholdengo\n|-damage|p1a: Gholdengo|38\/100 brn\n|\n|-damage|p1a: Gholdengo|32\/100 brn|[from] brn\n|upkeep\n|turn|29\n|\n|t:|1699895955\n|move|p1a: Gholdengo|Recover|p1a: Gholdengo\n|-heal|p1a: Gholdengo|82\/100 brn\n|move|p2a: Serpent of Stall|Scald|p1a: Gholdengo\n|-damage|p1a: Gholdengo|51\/100 brn\n|\n|-damage|p1a: Gholdengo|45\/100 brn|[from] brn\n|upkeep\n|turn|30\n|\n|t:|1699895963\n|move|p1a: Gholdengo|Recover|p1a: Gholdengo\n|-heal|p1a: Gholdengo|95\/100 brn\n|move|p2a: Serpent of Stall|Scald|p1a: Gholdengo\n|-damage|p1a: Gholdengo|63\/100 brn\n|\n|-damage|p1a: Gholdengo|57\/100 brn|[from] brn\n|upkeep\n|turn|31\n|\n|t:|1699895975\n|move|p1a: Gholdengo|Recover|p1a: Gholdengo\n|-heal|p1a: Gholdengo|100\/100 brn\n|move|p2a: Serpent of Stall|Scald|p1a: Gholdengo\n|-damage|p1a: Gholdengo|71\/100 brn\n|\n|-damage|p1a: Gholdengo|65\/100 brn|[from] brn\n|upkeep\n|turn|32\n|\n|t:|1699895989\n|move|p1a: Gholdengo|Nasty Plot|p1a: Gholdengo\n|-boost|p1a: Gholdengo|spa|2\n|move|p2a: Serpent of Stall|Mirror Coat||[still]\n|-fail|p2a: Serpent of Stall\n|\n|-damage|p1a: Gholdengo|59\/100 brn|[from] brn\n|upkeep\n|turn|33\n|\n|t:|1699895996\n|move|p1a: Gholdengo|Shadow Ball|p2a: Serpent of Stall\n|-damage|p2a: Serpent of Stall|30\/100\n|move|p2a: Serpent of Stall|Haze|p2a: Serpent of Stall\n|-clearallboost\n|\n|-damage|p1a: Gholdengo|53\/100 brn|[from] brn\n|upkeep\n|turn|34\n|\n|t:|1699896004\n|move|p1a: Gholdengo|Nasty Plot|p1a: Gholdengo\n|-boost|p1a: Gholdengo|spa|2\n|move|p2a: Serpent of Stall|Recover|p2a: Serpent of Stall\n|-heal|p2a: Serpent of Stall|80\/100\n|\n|-damage|p1a: Gholdengo|47\/100 brn|[from] brn\n|upkeep\n|turn|35\n|\n|t:|1699896012\n|move|p1a: Gholdengo|Shadow Ball|p2a: Serpent of Stall\n|-damage|p2a: Serpent of Stall|29\/100\n|-unboost|p2a: Serpent of Stall|spd|1\n|move|p2a: Serpent of Stall|Mirror Coat|p1a: Gholdengo\n|-damage|p1a: Gholdengo|0 fnt\n|faint|p1a: Gholdengo\n|\n|upkeep\n|\n|t:|1699896022\n|switch|p1a: Ribombee|Ribombee, M|1\/100 psn\n|turn|36\n|\n|t:|1699896035\n|move|p1a: Ribombee|Sticky Web|p2a: Serpent of Stall\n|-sidestart|p2: MrMimikry|move: Sticky Web\n|move|p2a: Serpent of Stall|Scald|p1a: Ribombee\n|-damage|p1a: Ribombee|0 fnt\n|faint|p1a: Ribombee\n|\n|upkeep\n|\n|t:|1699896039\n|switch|p1a: Iron Moth|Iron Moth|100\/100\n|-enditem|p1a: Iron Moth|Booster Energy\n|-activate|p1a: Iron Moth|ability: Quark Drive|[fromitem]\n|-start|p1a: Iron Moth|quarkdrivespa\n|turn|37\n|\n|t:|1699896046\n|move|p1a: Iron Moth|Agility|p1a: Iron Moth\n|-boost|p1a: Iron Moth|spe|2\n|move|p2a: Serpent of Stall|Scald|p1a: Iron Moth\n|-supereffective|p1a: Iron Moth\n|-damage|p1a: Iron Moth|38\/100\n|\n|upkeep\n|turn|38\n|\n|t:|1699896054\n|move|p1a: Iron Moth|Energy Ball|p2a: Serpent of Stall\n|-supereffective|p2a: Serpent of Stall\n|-damage|p2a: Serpent of Stall|0 fnt\n|faint|p2a: Serpent of Stall\n|\n|upkeep\n|\n|t:|1699896062\n|switch|p2a: Tax the wealthy|Weezing-Galar, M|100\/100 par\n|-ability|p2a: Tax the wealthy|Neutralizing Gas\n|-activate|p2a: Tax the wealthy|move: Sticky Web\n|-unboost|p2a: Tax the wealthy|spe|1\n|turn|39\n|\n|t:|1699896074\n|-end|p1a: Iron Moth|Quark Drive|[silent]\n|switch|p1a: Kingambit|Kingambit, F|100\/100\n|move|p2a: Tax the wealthy|Defog|p1a: Kingambit\n|-unboost|p1a: Kingambit|evasion|1\n|-sideend|p2: MrMimikry|Sticky Web|[from] move: Defog|[of] p2a: Tax the wealthy\n|\n|upkeep\n|turn|40\n|\n|t:|1699896080\n|move|p1a: Kingambit|Substitute|p1a: Kingambit\n|-start|p1a: Kingambit|Substitute\n|-damage|p1a: Kingambit|75\/100\n|move|p2a: Tax the wealthy|Will-O-Wisp||[still]\n|-fail|p2a: Tax the wealthy\n|\n|-heal|p1a: Kingambit|82\/100|[from] item: Leftovers\n|upkeep\n|turn|41\n|\n|t:|1699896099\n|-end|p2a: Tax the wealthy|ability: Neutralizing Gas\n|-activate|p1a: Kingambit|ability: Supreme Overlord\n|-start|p1a: Kingambit|fallen3|[silent]\n|switch|p2a: Cleff Notes|Clefable, F|100\/100\n|move|p1a: Kingambit|Swords Dance|p1a: Kingambit\n|-boost|p1a: Kingambit|atk|2\n|\n|-heal|p1a: Kingambit|88\/100|[from] item: Leftovers\n|upkeep\n|turn|42\n|\n|t:|1699896108\n|move|p2a: Cleff Notes|Encore|p1a: Kingambit\n|-start|p1a: Kingambit|Encore\n|move|p1a: Kingambit|Swords Dance|p1a: Kingambit\n|-boost|p1a: Kingambit|atk|2\n|\n|-heal|p1a: Kingambit|94\/100|[from] item: Leftovers\n|upkeep\n|turn|43\n|c|\u2606Hi fren hf|Well played\n|\n|t:|1699896124\n|-end|p1a: Kingambit|fallen3|[silent]\n|switch|p1a: Greninja|Greninja, M|100\/100\n|move|p2a: Cleff Notes|Moonblast|p1a: Greninja\n|-supereffective|p1a: Greninja\n|-damage|p1a: Greninja|0 fnt\n|faint|p1a: Greninja\n|\n|upkeep\n|\n|t:|1699896126\n|switch|p1a: Iron Moth|Iron Moth|38\/100\n|turn|44\n|\n|t:|1699896136\n|move|p1a: Iron Moth|Sludge Wave|p2a: Cleff Notes\n|-supereffective|p2a: Cleff Notes\n|-damage|p2a: Cleff Notes|0 fnt\n|faint|p2a: Cleff Notes\n|\n|upkeep\n|\n|t:|1699896156\n|switch|p2a: B-17 Bomber|Dragapult, F, shiny|100\/100\n|turn|45\n|\n|t:|1699896166\n|move|p2a: B-17 Bomber|Draco Meteor|p1a: Iron Moth\n|-damage|p1a: Iron Moth|0 fnt\n|-unboost|p2a: B-17 Bomber|spa|2\n|faint|p1a: Iron Moth\n|-end|p1a: Iron Moth|Quark Drive|[silent]\n|\n|upkeep\n|\n|t:|1699896169\n|switch|p1a: Kingambit|Kingambit, F|94\/100\n|-activate|p1a: Kingambit|ability: Supreme Overlord\n|-start|p1a: Kingambit|fallen5|[silent]\n|turn|46\n|\n|t:|1699896175\n|move|p2a: B-17 Bomber|Draco Meteor|p1a: Kingambit\n|-resisted|p1a: Kingambit\n|-damage|p1a: Kingambit|73\/100\n|-unboost|p2a: B-17 Bomber|spa|2\n|move|p1a: Kingambit|Substitute|p1a: Kingambit\n|-start|p1a: Kingambit|Substitute\n|-damage|p1a: Kingambit|48\/100\n|\n|-heal|p1a: Kingambit|54\/100|[from] item: Leftovers\n|upkeep\n|turn|47\n|c|\u2606Hi fren hf|Wrong move\n|\n|t:|1699896186\n|switch|p2a: Tax the wealthy|Weezing-Galar, M|100\/100 par\n|-ability|p2a: Tax the wealthy|Neutralizing Gas\n|move|p1a: Kingambit|Swords Dance|p1a: Kingambit\n|-boost|p1a: Kingambit|atk|2\n|\n|-heal|p1a: Kingambit|60\/100|[from] item: Leftovers\n|upkeep\n|turn|48\n|c|\u2606Hi fren hf|Gg\n|\n|t:|1699896198\n|move|p1a: Kingambit|Iron Head|p2a: Tax the wealthy\n|-supereffective|p2a: Tax the wealthy\n|-damage|p2a: Tax the wealthy|0 fnt\n|faint|p2a: Tax the wealthy\n|-end|p2a: Tax the wealthy|ability: Neutralizing Gas\n|-activate|p1a: Kingambit|ability: Supreme Overlord\n|-start|p1a: Kingambit|fallen5|[silent]\n|\n|-heal|p1a: Kingambit|67\/100|[from] item: Leftovers\n|upkeep\n|\n|t:|1699896209\n|switch|p2a: SillySongsW\/Me :3|Skeledirge, M|100\/100\n|turn|49\n|\n|t:|1699896218\n|-terastallize|p2a: SillySongsW\/Me :3|Water\n|move|p1a: Kingambit|Sucker Punch|p2a: SillySongsW\/Me :3\n|-damage|p2a: SillySongsW\/Me :3|52\/100\n|move|p2a: SillySongsW\/Me :3|Torch Song|p1a: Kingambit\n|-supereffective|p1a: Kingambit\n|-damage|p1a: Kingambit|8\/100\n|-boost|p2a: SillySongsW\/Me :3|spa|1\n|\n|-heal|p1a: Kingambit|14\/100|[from] item: Leftovers\n|upkeep\n|turn|50\n|\n|t:|1699896229\n|move|p1a: Kingambit|Sucker Punch|p2a: SillySongsW\/Me :3\n|-damage|p2a: SillySongsW\/Me :3|0 fnt\n|faint|p2a: SillySongsW\/Me :3\n|\n|-heal|p1a: Kingambit|21\/100|[from] item: Leftovers\n|upkeep\n|\n|t:|1699896235\n|switch|p2a: B-17 Bomber|Dragapult, F, shiny|100\/100\n|turn|51\n|\n|t:|1699896246\n|move|p1a: Kingambit|Sucker Punch|p2a: B-17 Bomber\n|-supereffective|p2a: B-17 Bomber\n|-damage|p2a: B-17 Bomber|0 fnt\n|faint|p2a: B-17 Bomber\n|\n|win|Hi fren hf\n|raw|Hi fren hf's rating: 1273 &rarr; <strong>1301<\/strong><br \/>(+28 for winning)\n|raw|MrMimikry's rating: 1308 &rarr; <strong>1286<\/strong><br \/>(-22 for losing)\n|c|\u2606MrMimikry|gg\n|c|\u2606Hi fren hf|If you had willo you would have one\n|c|\u2606Hi fren hf|gg\n|c|\u2606MrMimikry|no i didnt\n|c|\u2606MrMimikry|i was specs\n|c|\u2606Hi fren hf|Yh I realised\n|c|\u2606Hi fren hf|Wp\n|c|\u2606MrMimikry|wp\n","uploadtime":1699896283,"views":10,"p1id":"hifrenhf","p2id":"mrmimikry","formatid":"gen9ou","rating":1286,"private":0,"password":""}