{"id":"gen9ou-1999442118","p1":"RovaRed","p2":"PNTS_","format":"[Gen 9] OU","log":"|j|\u2606RovaRed\n|j|\u2606PNTS_\n|t:|1701081161\n|gametype|singles\n|player|p1|RovaRed|wicke|1346\n|player|p2|PNTS_|266|1287\n|teamsize|p1|6\n|teamsize|p2|6\n|gen|9\n|tier|[Gen 9] OU\n|rated|\n|rule|Sleep Clause Mod: Limit one foe put to sleep\n|rule|Species Clause: Limit one of each Pok\u00e9mon\n|rule|OHKO Clause: OHKO moves are banned\n|rule|Evasion Items Clause: Evasion items are banned\n|rule|Evasion Moves Clause: Evasion moves are banned\n|rule|Endless Battle Clause: Forcing endless battles is banned\n|rule|HP Percentage Mod: HP is shown in percentages\n|clearpoke\n|poke|p1|Haxorus, F|\n|poke|p1|Great Tusk|\n|poke|p1|Ribombee, M|\n|poke|p1|Iron Valiant|\n|poke|p1|Gholdengo|\n|poke|p1|Iron Moth|\n|poke|p2|Walking Wake|\n|poke|p2|Maushold-Four|\n|poke|p2|Dragonite, M|\n|poke|p2|Weezing-Galar, F|\n|poke|p2|Great Tusk|\n|poke|p2|Muk-Alola, F|\n|teampreview\n|\n|t:|1701081174\n|start\n|switch|p1a: Buck Bumble|Ribombee, M, shiny|100\/100\n|switch|p2a: Maushold|Maushold-Four|100\/100\n|turn|1\n|\n|t:|1701081180\n|move|p1a: Buck Bumble|Stun Spore|p2a: Maushold\n|-status|p2a: Maushold|par\n|move|p2a: Maushold|Tidy Up|p2a: Maushold\n|-boost|p2a: Maushold|atk|1\n|-boost|p2a: Maushold|spe|1\n|\n|upkeep\n|turn|2\n|\n|t:|1701081187\n|move|p1a: Buck Bumble|Sticky Web|p2a: Maushold\n|-sidestart|p2: PNTS_|move: Sticky Web\n|move|p2a: Maushold|Encore|p1a: Buck Bumble\n|-start|p1a: Buck Bumble|Encore\n|\n|upkeep\n|turn|3\n|\n|t:|1701081196\n|switch|p1a: Old Money|Gholdengo|100\/100\n|-item|p1a: Old Money|Air Balloon\n|move|p2a: Maushold|Tidy Up|p2a: Maushold\n|-sideend|p2: PNTS_|Sticky Web\n|-activate|p2a: Maushold|move: Tidy Up\n|-boost|p2a: Maushold|atk|1\n|-boost|p2a: Maushold|spe|1\n|\n|upkeep\n|turn|4\n|\n|t:|1701081210\n|cant|p2a: Maushold|par\n|move|p1a: Old Money|Nasty Plot|p1a: Old Money\n|-boost|p1a: Old Money|spa|2\n|\n|upkeep\n|turn|5\n|\n|t:|1701081217\n|cant|p2a: Maushold|par\n|move|p1a: Old Money|Make It Rain|p2a: Maushold\n|-damage|p2a: Maushold|0 fnt\n|-unboost|p1a: Old Money|spa|1\n|faint|p2a: Maushold\n|\n|upkeep\n|c|\u2606PNTS_|nahh\n|\n|t:|1701081232\n|switch|p2a: Muk|Muk-Alola, F|100\/100\n|turn|6\n|\n|t:|1701081238\n|move|p1a: Old Money|Make It Rain|p2a: Muk\n|-damage|p2a: Muk|45\/100\n|-unboost|p1a: Old Money|spa|1\n|move|p2a: Muk|Knock Off|p1a: Old Money\n|-supereffective|p1a: Old Money\n|-damage|p1a: Old Money|42\/100\n|-enditem|p1a: Old Money|Air Balloon\n|\n|-heal|p2a: Muk|51\/100|[from] item: Black Sludge\n|upkeep\n|turn|7\n|\n|t:|1701081255\n|move|p2a: Muk|Protect|p2a: Muk\n|-singleturn|p2a: Muk|Protect\n|move|p1a: Old Money|Recover|p1a: Old Money\n|-heal|p1a: Old Money|92\/100\n|\n|-heal|p2a: Muk|57\/100|[from] item: Black Sludge\n|upkeep\n|turn|8\n|\n|t:|1701081265\n|switch|p2a: Great Tusk|Great Tusk|100\/100\n|move|p1a: Old Money|Nasty Plot|p1a: Old Money\n|-boost|p1a: Old Money|spa|2\n|\n|upkeep\n|turn|9\n|\n|t:|1701081278\n|move|p1a: Old Money|Make It Rain|p2a: Great Tusk\n|-damage|p2a: Great Tusk|0 fnt\n|-unboost|p1a: Old Money|spa|1\n|faint|p2a: Great Tusk\n|-end|p2a: Great Tusk|Protosynthesis|[silent]\n|\n|upkeep\n|\n|t:|1701081285\n|switch|p2a: Dragonite|Dragonite, M|100\/100\n|turn|10\n|\n|t:|1701081301\n|move|p2a: Dragonite|Earthquake|p1a: Old Money\n|-supereffective|p1a: Old Money\n|-damage|p1a: Old Money|1\/100\n|move|p1a: Old Money|Make It Rain|p2a: Dragonite\n|-damage|p2a: Dragonite|57\/100\n|-unboost|p1a: Old Money|spa|1\n|\n|upkeep\n|turn|11\n|\n|t:|1701081311\n|move|p2a: Dragonite|Earthquake|p1a: Old Money\n|-supereffective|p1a: Old Money\n|-damage|p1a: Old Money|0 fnt\n|faint|p1a: Old Money\n|\n|upkeep\n|\n|t:|1701081320\n|switch|p1a: Tuskathy|Great Tusk|100\/100\n|-enditem|p1a: Tuskathy|Booster Energy\n|-activate|p1a: Tuskathy|ability: Protosynthesis|[fromitem]\n|-start|p1a: Tuskathy|protosynthesisatk\n|turn|12\n|\n|t:|1701081330\n|move|p1a: Tuskathy|Ice Spinner|p2a: Dragonite\n|-supereffective|p2a: Dragonite\n|-damage|p2a: Dragonite|0 fnt\n|faint|p2a: Dragonite\n|\n|upkeep\n|\n|t:|1701081333\n|switch|p2a: Walking Wake|Walking Wake|100\/100\n|turn|13\n|inactive|Battle timer is ON: inactive players will automatically lose when time's up. (requested by PNTS_)\n|\n|t:|1701081362\n|move|p2a: Walking Wake|Hydro Steam|p1a: Tuskathy\n|-supereffective|p1a: Tuskathy\n|-damage|p1a: Tuskathy|0 fnt\n|faint|p1a: Tuskathy\n|-end|p1a: Tuskathy|Protosynthesis|[silent]\n|\n|upkeep\n|\n|t:|1701081367\n|switch|p1a: Buck Bumble|Ribombee, M, shiny|100\/100\n|turn|14\n|\n|t:|1701081373\n|move|p2a: Walking Wake|Hydro Steam|p1a: Buck Bumble\n|-damage|p1a: Buck Bumble|35\/100\n|move|p1a: Buck Bumble|Moonblast|p2a: Walking Wake\n|-supereffective|p2a: Walking Wake\n|-damage|p2a: Walking Wake|10\/100\n|-unboost|p2a: Walking Wake|spa|1\n|\n|upkeep\n|turn|15\n|\n|t:|1701081385\n|move|p2a: Walking Wake|Hydro Steam|p1a: Buck Bumble\n|-damage|p1a: Buck Bumble|0 fnt\n|faint|p1a: Buck Bumble\n|\n|upkeep\n|\n|t:|1701081390\n|switch|p1a: Ol' 546|Iron Valiant, shiny|100\/100\n|-enditem|p1a: Ol' 546|Booster Energy\n|-activate|p1a: Ol' 546|ability: Quark Drive|[fromitem]\n|-start|p1a: Ol' 546|quarkdrivespe\n|turn|16\n|\n|t:|1701081394\n|move|p1a: Ol' 546|Moonblast|p2a: Walking Wake\n|-supereffective|p2a: Walking Wake\n|-damage|p2a: Walking Wake|0 fnt\n|faint|p2a: Walking Wake\n|-end|p2a: Walking Wake|Protosynthesis|[silent]\n|\n|upkeep\n|\n|t:|1701081396\n|switch|p2a: Muk|Muk-Alola, F|57\/100\n|turn|17\n|\n|t:|1701081401\n|move|p2a: Muk|Protect|p2a: Muk\n|-singleturn|p2a: Muk|Protect\n|move|p1a: Ol' 546|Close Combat|p2a: Muk\n|-activate|p2a: Muk|move: Protect\n|\n|-heal|p2a: Muk|63\/100|[from] item: Black Sludge\n|upkeep\n|turn|18\n|\n|t:|1701081408\n|-terastallize|p2a: Muk|Fairy\n|move|p1a: Ol' 546|Close Combat|p2a: Muk\n|-resisted|p2a: Muk\n|-damage|p2a: Muk|29\/100\n|-unboost|p1a: Ol' 546|def|1\n|-unboost|p1a: Ol' 546|spd|1\n|move|p2a: Muk|Poison Jab|p1a: Ol' 546\n|-supereffective|p1a: Ol' 546\n|-damage|p1a: Ol' 546|0 fnt\n|faint|p1a: Ol' 546\n|-end|p1a: Ol' 546|Quark Drive|[silent]\n|\n|-damage|p2a: Muk|16\/100|[from] item: Black Sludge\n|upkeep\n|\n|t:|1701081419\n|switch|p1a: Ruby Tuesday|Haxorus, F, shiny|100\/100\n|-ability|p1a: Ruby Tuesday|Mold Breaker\n|turn|19\n|\n|t:|1701081425\n|move|p1a: Ruby Tuesday|First Impression|p2a: Muk\n|-resisted|p2a: Muk\n|-damage|p2a: Muk|0 fnt\n|faint|p2a: Muk\n|\n|upkeep\n|\n|t:|1701081427\n|switch|p2a: Weezing|Weezing-Galar, F|100\/100\n|turn|20\n|\n|t:|1701081436\n|-terastallize|p1a: Ruby Tuesday|Steel\n|move|p1a: Ruby Tuesday|Iron Head|p2a: Weezing\n|-supereffective|p2a: Weezing\n|-damage|p2a: Weezing|0 fnt\n|faint|p2a: Weezing\n|\n|win|RovaRed\n|raw|RovaRed's rating: 1346 &rarr; <strong>1363<\/strong><br \/>(+17 for winning)\n|raw|PNTS_'s rating: 1287 &rarr; <strong>1266<\/strong><br \/>(-21 for losing)\n","uploadtime":1701081446,"views":4,"p1id":"rovared","p2id":"pnts","formatid":"gen9ou","rating":1266,"private":0,"password":""}