{"id":"gen9ou-2000637150","p1":"Aizliel","p2":"nicknock2779","format":"[Gen 9] OU","log":"|j|\u2606Aizliel\n|j|\u2606nicknock2779\n|t:|1701213101\n|gametype|singles\n|player|p1|Aizliel|266|1123\n|player|p2|nicknock2779|steven|1066\n|teamsize|p1|6\n|teamsize|p2|6\n|gen|9\n|tier|[Gen 9] OU\n|rated|\n|rule|Sleep Clause Mod: Limit one foe put to sleep\n|rule|Species Clause: Limit one of each Pok\u00e9mon\n|rule|OHKO Clause: OHKO moves are banned\n|rule|Evasion Items Clause: Evasion items are banned\n|rule|Evasion Moves Clause: Evasion moves are banned\n|rule|Endless Battle Clause: Forcing endless battles is banned\n|rule|HP Percentage Mod: HP is shown in percentages\n|clearpoke\n|poke|p1|Sylveon, F|\n|poke|p1|Greninja-*, M|\n|poke|p1|Probopass, M|\n|poke|p1|Ursaluna, M|\n|poke|p1|Skeledirge, M|\n|poke|p1|Toxtricity, M|\n|poke|p2|Zoroark-Hisui, F|\n|poke|p2|Hoopa-Unbound|\n|poke|p2|Cinderace, F|\n|poke|p2|Spidops, M|\n|poke|p2|Samurott-Hisui, F|\n|poke|p2|Maushold-Four|\n|teampreview\n|inactive|Battle timer is ON: inactive players will automatically lose when time's up. (requested by nicknock2779)\n|inactive|Aizliel also wants the timer to be on.\n|\n|t:|1701213116\n|start\n|switch|p1a: Probopass|Probopass, M|100\/100\n|switch|p2a: Maushold|Maushold-Four, shiny|100\/100\n|turn|1\n|\n|t:|1701213130\n|move|p2a: Maushold|Tidy Up|p2a: Maushold\n|-boost|p2a: Maushold|atk|1\n|-boost|p2a: Maushold|spe|1\n|move|p1a: Probopass|Stealth Rock|p2a: Maushold\n|-sidestart|p2: nicknock2779|move: Stealth Rock\n|\n|upkeep\n|turn|2\n|\n|t:|1701213138\n|move|p2a: Maushold|Encore|p1a: Probopass\n|-start|p1a: Probopass|Encore\n|move|p1a: Probopass|Stealth Rock||[still]\n|-fail|p1a: Probopass\n|\n|upkeep\n|turn|3\n|\n|t:|1701213144\n|move|p2a: Maushold|Tidy Up|p2a: Maushold\n|-sideend|p2: nicknock2779|Stealth Rock\n|-activate|p2a: Maushold|move: Tidy Up\n|-boost|p2a: Maushold|atk|1\n|-boost|p2a: Maushold|spe|1\n|move|p1a: Probopass|Stealth Rock|p2a: Maushold\n|-sidestart|p2: nicknock2779|move: Stealth Rock\n|\n|upkeep\n|turn|4\n|\n|t:|1701213150\n|move|p2a: Maushold|Tidy Up|p2a: Maushold\n|-sideend|p2: nicknock2779|Stealth Rock\n|-activate|p2a: Maushold|move: Tidy Up\n|-boost|p2a: Maushold|atk|1\n|-boost|p2a: Maushold|spe|1\n|move|p1a: Probopass|Stealth Rock|p2a: Maushold\n|-sidestart|p2: nicknock2779|move: Stealth Rock\n|\n|-end|p1a: Probopass|Encore\n|upkeep\n|turn|5\n|\n|t:|1701213166\n|switch|p1a: Skeledirge|Skeledirge, M|100\/100\n|move|p2a: Maushold|Encore||[still]\n|-fail|p2a: Maushold\n|\n|upkeep\n|turn|6\n|\n|t:|1701213172\n|switch|p1a: Probopass|Probopass, M|100\/100\n|move|p2a: Maushold|Bite|p1a: Probopass\n|-damage|p1a: Probopass|70\/100\n|-damage|p2a: Maushold|84\/100|[from] item: Rocky Helmet|[of] p1a: Probopass\n|\n|upkeep\n|turn|7\n|\n|t:|1701213178\n|move|p2a: Maushold|Tidy Up|p2a: Maushold\n|-sideend|p2: nicknock2779|Stealth Rock\n|-activate|p2a: Maushold|move: Tidy Up\n|-boost|p2a: Maushold|atk|1\n|-boost|p2a: Maushold|spe|1\n|move|p1a: Probopass|Iron Defense|p1a: Probopass\n|-boost|p1a: Probopass|def|2\n|\n|upkeep\n|turn|8\n|inactive|Aizliel has 120 seconds left.\n|\n|t:|1701213210\n|move|p2a: Maushold|Encore|p1a: Probopass\n|-start|p1a: Probopass|Encore\n|move|p1a: Probopass|Iron Defense|p1a: Probopass\n|-boost|p1a: Probopass|def|2\n|\n|upkeep\n|turn|9\n|inactive|Aizliel has 120 seconds left.\n|\n|t:|1701213240\n|move|p2a: Maushold|Tidy Up|p2a: Maushold\n|-boost|p2a: Maushold|atk|1\n|-boost|p2a: Maushold|spe|1\n|move|p1a: Probopass|Iron Defense|p1a: Probopass\n|-boost|p1a: Probopass|def|2\n|\n|upkeep\n|turn|10\n|inactive|Aizliel has 120 seconds left.\n|\n|t:|1701213257\n|move|p2a: Maushold|Tidy Up|p2a: Maushold\n|-boost|p2a: Maushold|atk|1\n|-boost|p2a: Maushold|spe|1\n|move|p1a: Probopass|Iron Defense|p1a: Probopass\n|-boost|p1a: Probopass|def|0\n|\n|-end|p1a: Probopass|Encore\n|upkeep\n|turn|11\n|\n|t:|1701213272\n|move|p2a: Maushold|Population Bomb|p1a: Probopass\n|-resisted|p1a: Probopass\n|-damage|p1a: Probopass|68\/100\n|-damage|p2a: Maushold|67\/100|[from] item: Rocky Helmet|[of] p1a: Probopass\n|-resisted|p1a: Probopass\n|-damage|p1a: Probopass|67\/100\n|-damage|p2a: Maushold|51\/100|[from] item: Rocky Helmet|[of] p1a: Probopass\n|-resisted|p1a: Probopass\n|-damage|p1a: Probopass|66\/100\n|-damage|p2a: Maushold|34\/100|[from] item: Rocky Helmet|[of] p1a: Probopass\n|-resisted|p1a: Probopass\n|-damage|p1a: Probopass|64\/100\n|-damage|p2a: Maushold|17\/100|[from] item: Rocky Helmet|[of] p1a: Probopass\n|-resisted|p1a: Probopass\n|-damage|p1a: Probopass|63\/100\n|-damage|p2a: Maushold|1\/100|[from] item: Rocky Helmet|[of] p1a: Probopass\n|-resisted|p1a: Probopass\n|-damage|p1a: Probopass|61\/100\n|-damage|p2a: Maushold|0 fnt|[from] item: Rocky Helmet|[of] p1a: Probopass\n|faint|p2a: Maushold\n|-hitcount|p1a: Probopass|6\n|move|p1a: Probopass|Body Press|p2: Maushold|[notarget]\n|-fail|p1a: Probopass\n|\n|upkeep\n|-message|nicknock2779 forfeited.\n|\n|win|Aizliel\n|raw|Aizliel's rating: 1123 &rarr; <strong>1144<\/strong><br \/>(+21 for winning)\n|raw|nicknock2779's rating: 1066 &rarr; <strong>1049<\/strong><br \/>(-17 for losing)\n|l|\u2606nicknock2779\n|c|\u2606Aizliel|Hahahaha\n","uploadtime":1701213304,"views":7,"p1id":"aizliel","p2id":"nicknock2779","formatid":"gen9ou","rating":1049,"private":0,"password":""}