{"id":"gen9ou-1993896732","p1":"Deuey","p2":"MrMaxAwesome","format":"[Gen 9] OU","log":"|j|\u2606Deuey\n|j|\u2606MrMaxAwesome\n|t:|1700371742\n|gametype|singles\n|player|p1|Deuey|265|1266\n|player|p2|MrMaxAwesome|guzma|1200\n|teamsize|p1|6\n|teamsize|p2|6\n|gen|9\n|tier|[Gen 9] OU\n|rated|\n|rule|Sleep Clause Mod: Limit one foe put to sleep\n|rule|Species Clause: Limit one of each Pok\u00e9mon\n|rule|OHKO Clause: OHKO moves are banned\n|rule|Evasion Items Clause: Evasion items are banned\n|rule|Evasion Moves Clause: Evasion moves are banned\n|rule|Endless Battle Clause: Forcing endless battles is banned\n|rule|HP Percentage Mod: HP is shown in percentages\n|clearpoke\n|poke|p1|Iron Valiant|\n|poke|p1|Sneasler, F|\n|poke|p1|Gholdengo|\n|poke|p1|Ting-Lu|\n|poke|p1|Rillaboom, F|\n|poke|p1|Great Tusk|\n|poke|p2|Ting-Lu|\n|poke|p2|Iron Valiant|\n|poke|p2|Rillaboom, F|\n|poke|p2|Sneasler, M|\n|poke|p2|Gholdengo|\n|poke|p2|Dragapult, M|\n|teampreview\n|c|\u2606Deuey|Dude\n|\n|t:|1700371754\n|start\n|switch|p1a: Ting-Lu|Ting-Lu|100\/100\n|switch|p2a: Get Ya Money Up|Gholdengo|100\/100\n|-ability|p1a: Ting-Lu|Vessel of Ruin\n|turn|1\n|\n|t:|1700371762\n|switch|p2a: Glock Got A Drum|Rillaboom, F|100\/100\n|-fieldstart|move: Grassy Terrain|[from] ability: Grassy Surge|[of] p2a: Glock Got A Drum\n|move|p1a: Ting-Lu|Ruination|p2a: Glock Got A Drum\n|-damage|p2a: Glock Got A Drum|51\/100\n|\n|-heal|p2a: Glock Got A Drum|57\/100|[from] Grassy Terrain\n|upkeep\n|turn|2\n|c|\u2606MrMaxAwesome|Lol\n|\n|t:|1700371776\n|switch|p1a: Rillaboom|Rillaboom, F|100\/100\n|move|p2a: Glock Got A Drum|U-turn|p1a: Rillaboom\n|-supereffective|p1a: Rillaboom\n|-damage|p1a: Rillaboom|12\/100\n|c|\u2606Deuey|1 team member difference\n|c|\u2606Deuey|erm\n|c|\u2606Deuey|not private\n|c|\u2606Deuey|that was not the move\n|c|\u2606Deuey|for me\n|inactive|Battle timer is ON: inactive players will automatically lose when time's up. (requested by Deuey)\n|\n|t:|1700371816\n|switch|p2a: Vega|Sneasler, M|100\/100|[from] U-turn\n|-enditem|p2a: Vega|Grassy Seed\n|-boost|p2a: Vega|def|1|[from] item: Grassy Seed\n|\n|-heal|p1a: Rillaboom|18\/100|[from] Grassy Terrain\n|upkeep\n|turn|3\n|\n|t:|1700371831\n|move|p2a: Vega|Acrobatics|p1a: Rillaboom\n|-supereffective|p1a: Rillaboom\n|-damage|p1a: Rillaboom|0 fnt\n|faint|p1a: Rillaboom\n|\n|upkeep\n|c|\u2606MrMaxAwesome|Seems like great minds think alike\n|\n|t:|1700371844\n|switch|p1a: Sneasler|Sneasler, F|100\/100\n|-item|p1a: Sneasler|Air Balloon\n|turn|4\n|c|\u2606MrMaxAwesome|Rillaboom + Sneasler goated\n|c|\u2606MrMaxAwesome|Ting Lu + Valiant goated\n|c|\u2606MrMaxAwesome|Glue and glue\n|\n|t:|1700371861\n|move|p2a: Vega|Acrobatics|p1a: Sneasler\n|-supereffective|p1a: Sneasler\n|-damage|p1a: Sneasler|0 fnt\n|-enditem|p1a: Sneasler|Air Balloon\n|faint|p1a: Sneasler\n|\n|upkeep\n|c|\u2606Deuey|erm\n|c|\u2606Deuey|this is not good for me\n|\n|t:|1700371875\n|switch|p1a: Ting-Lu|Ting-Lu|100\/100\n|-ability|p1a: Ting-Lu|Vessel of Ruin\n|turn|5\n|\n|t:|1700371880\n|move|p2a: Vega|Close Combat|p1a: Ting-Lu\n|-supereffective|p1a: Ting-Lu\n|-damage|p1a: Ting-Lu|23\/100\n|-unboost|p2a: Vega|def|1\n|-unboost|p2a: Vega|spd|1\n|move|p1a: Ting-Lu|Stealth Rock|p2a: Vega\n|-sidestart|p2: MrMaxAwesome|move: Stealth Rock\n|\n|-heal|p1a: Ting-Lu|29\/100|[from] Grassy Terrain\n|-heal|p1a: Ting-Lu|36\/100|[from] item: Leftovers\n|-fieldend|move: Grassy Terrain\n|upkeep\n|turn|6\n|\n|t:|1700371894\n|move|p2a: Vega|Close Combat|p1a: Ting-Lu\n|-supereffective|p1a: Ting-Lu\n|-damage|p1a: Ting-Lu|0 fnt\n|-unboost|p2a: Vega|def|1\n|-unboost|p2a: Vega|spd|1\n|faint|p1a: Ting-Lu\n|\n|upkeep\n|\n|t:|1700371908\n|switch|p1a: Gholdengo|Gholdengo|100\/100\n|-item|p1a: Gholdengo|Air Balloon\n|turn|7\n|\n|t:|1700371916\n|switch|p2a: OMEGALU|Ting-Lu|100\/100\n|-damage|p2a: OMEGALU|94\/100|[from] Stealth Rock\n|-ability|p2a: OMEGALU|Vessel of Ruin\n|move|p1a: Gholdengo|Shadow Ball|p2a: OMEGALU\n|-resisted|p2a: OMEGALU\n|-damage|p2a: OMEGALU|84\/100\n|-unboost|p2a: OMEGALU|spd|1\n|\n|-heal|p2a: OMEGALU|90\/100|[from] item: Leftovers\n|upkeep\n|turn|8\n|\n|t:|1700371930\n|move|p1a: Gholdengo|Nasty Plot|p1a: Gholdengo\n|-boost|p1a: Gholdengo|spa|2\n|move|p2a: OMEGALU|Ruination|p1a: Gholdengo\n|-damage|p1a: Gholdengo|51\/100\n|-enditem|p1a: Gholdengo|Air Balloon\n|\n|-heal|p2a: OMEGALU|96\/100|[from] item: Leftovers\n|upkeep\n|turn|9\n|\n|t:|1700371939\n|switch|p1a: Great Tusk|Great Tusk|100\/100\n|-enditem|p1a: Great Tusk|Booster Energy\n|-activate|p1a: Great Tusk|ability: Protosynthesis|[fromitem]\n|-start|p1a: Great Tusk|protosynthesisatk\n|move|p2a: OMEGALU|Earthquake|p1a: Great Tusk\n|-damage|p1a: Great Tusk|74\/100\n|\n|-heal|p2a: OMEGALU|100\/100|[from] item: Leftovers\n|upkeep\n|turn|10\n|\n|t:|1700371948\n|move|p1a: Great Tusk|Close Combat|p2a: OMEGALU\n|-supereffective|p2a: OMEGALU\n|-damage|p2a: OMEGALU|12\/100\n|-unboost|p1a: Great Tusk|def|1\n|-unboost|p1a: Great Tusk|spd|1\n|move|p2a: OMEGALU|Whirlwind|p1a: Great Tusk\n|-end|p1a: Great Tusk|Protosynthesis|[silent]\n|drag|p1a: Iron Valiant|Iron Valiant|100\/100\n|-enditem|p1a: Iron Valiant|Booster Energy\n|-activate|p1a: Iron Valiant|ability: Quark Drive|[fromitem]\n|-start|p1a: Iron Valiant|quarkdrivespe\n|\n|-heal|p2a: OMEGALU|18\/100|[from] item: Leftovers\n|upkeep\n|turn|11\n|\n|t:|1700371963\n|move|p1a: Iron Valiant|Swords Dance|p1a: Iron Valiant\n|-boost|p1a: Iron Valiant|atk|2\n|move|p2a: OMEGALU|Whirlwind|p1a: Iron Valiant\n|-end|p1a: Iron Valiant|Quark Drive|[silent]\n|drag|p1a: Great Tusk|Great Tusk|74\/100\n|\n|-heal|p2a: OMEGALU|24\/100|[from] item: Leftovers\n|upkeep\n|turn|12\n|\n|t:|1700371973\n|move|p1a: Great Tusk|Close Combat|p2a: OMEGALU\n|-supereffective|p2a: OMEGALU\n|-damage|p2a: OMEGALU|0 fnt\n|-unboost|p1a: Great Tusk|def|1\n|-unboost|p1a: Great Tusk|spd|1\n|faint|p2a: OMEGALU\n|\n|upkeep\n|\n|t:|1700371981\n|switch|p2a: Glock Got A Drum|Rillaboom, F|57\/100\n|-damage|p2a: Glock Got A Drum|44\/100|[from] Stealth Rock\n|-fieldstart|move: Grassy Terrain|[from] ability: Grassy Surge|[of] p2a: Glock Got A Drum\n|turn|13\n|\n|t:|1700371992\n|-end|p1a: Great Tusk|Protosynthesis|[silent]\n|switch|p1a: Gholdengo|Gholdengo|51\/100\n|move|p2a: Glock Got A Drum|Grassy Glide|p1a: Gholdengo\n|-resisted|p1a: Gholdengo\n|-damage|p1a: Gholdengo|19\/100\n|\n|-heal|p2a: Glock Got A Drum|51\/100|[from] Grassy Terrain\n|-heal|p1a: Gholdengo|25\/100|[from] Grassy Terrain\n|upkeep\n|turn|14\n|\n|t:|1700372001\n|-terastallize|p2a: Glock Got A Drum|Grass\n|move|p2a: Glock Got A Drum|Grassy Glide|p1a: Gholdengo\n|-resisted|p1a: Gholdengo\n|-damage|p1a: Gholdengo|0 fnt\n|faint|p1a: Gholdengo\n|\n|-heal|p2a: Glock Got A Drum|57\/100|[from] Grassy Terrain\n|upkeep\n|\n|t:|1700372008\n|switch|p1a: Iron Valiant|Iron Valiant|100\/100\n|turn|15\n|\n|t:|1700372014\n|move|p2a: Glock Got A Drum|Grassy Glide|p1a: Iron Valiant\n|-damage|p1a: Iron Valiant|0 fnt\n|faint|p1a: Iron Valiant\n|-end|p1a: Iron Valiant|Quark Drive|[silent]\n|\n|-heal|p2a: Glock Got A Drum|63\/100|[from] Grassy Terrain\n|upkeep\n|c|\u2606Deuey|oh\n|c|\u2606Deuey|gg\n|\n|t:|1700372022\n|switch|p1a: Great Tusk|Great Tusk|74\/100\n|turn|16\n|c|\u2606MrMaxAwesome|just as easily could've been me\n|c|\u2606MrMaxAwesome|GGs\n|\n|t:|1700372029\n|move|p2a: Glock Got A Drum|Grassy Glide|p1a: Great Tusk\n|-supereffective|p1a: Great Tusk\n|-damage|p1a: Great Tusk|0 fnt\n|faint|p1a: Great Tusk\n|-end|p1a: Great Tusk|Protosynthesis|[silent]\n|\n|win|MrMaxAwesome\n|raw|Deuey's rating: 1266 &rarr; <strong>1236<\/strong><br \/>(-30 for losing)\n|raw|MrMaxAwesome's rating: 1200 &rarr; <strong>1230<\/strong><br \/>(+30 for winning)\n","uploadtime":1700372033,"views":14,"p1id":"deuey","p2id":"mrmaxawesome","formatid":"gen9ou","rating":1230,"private":0,"password":""}