{"id":"gen9ou-1996721166","p1":"Angel_Oceanpart","p2":"poppimon","format":"[Gen 9] OU","log":"|j|\u2606Angel_Oceanpart\n|j|\u2606poppimon\n|t:|1700714368\n|gametype|singles\n|player|p1|Angel_Oceanpart|preschoolerf|1342\n|player|p2|poppimon|266|1343\n|teamsize|p1|6\n|teamsize|p2|6\n|gen|9\n|tier|[Gen 9] OU\n|rated|\n|rule|Sleep Clause Mod: Limit one foe put to sleep\n|rule|Species Clause: Limit one of each Pok\u00e9mon\n|rule|OHKO Clause: OHKO moves are banned\n|rule|Evasion Items Clause: Evasion items are banned\n|rule|Evasion Moves Clause: Evasion moves are banned\n|rule|Endless Battle Clause: Forcing endless battles is banned\n|rule|HP Percentage Mod: HP is shown in percentages\n|clearpoke\n|poke|p1|Ditto|\n|poke|p1|Alomomola, F|\n|poke|p1|Corviknight, M|\n|poke|p1|Heatran, F|\n|poke|p1|Pawmot, F|\n|poke|p1|Zoroark, F|\n|poke|p2|Chesnaught, F|\n|poke|p2|Garganacl, F|\n|poke|p2|Ting-Lu|\n|poke|p2|Alomomola, F|\n|poke|p2|Dragapult, F|\n|poke|p2|Slowking-Galar, M|\n|teampreview\n|inactive|Battle timer is ON: inactive players will automatically lose when time's up. (requested by Angel_Oceanpart)\n|\n|t:|1700714385\n|start\n|switch|p1a: Tora|Alomomola, F|100\/100\n|switch|p2a: Ting-Lu|Ting-Lu|100\/100\n|-ability|p2a: Ting-Lu|Vessel of Ruin\n|turn|1\n|\n|t:|1700714394\n|move|p1a: Tora|U-turn|p2a: Ting-Lu\n|-supereffective|p2a: Ting-Lu\n|-damage|p2a: Ting-Lu|74\/100\n|\n|t:|1700714397\n|switch|p1a: Forgive|Corviknight, M|100\/100|[from] U-turn\n|-ability|p1a: Forgive|Pressure\n|move|p2a: Ting-Lu|Stealth Rock|p1a: Forgive\n|-sidestart|p1: Angel_Oceanpart|move: Stealth Rock\n|\n|-heal|p2a: Ting-Lu|80\/100|[from] item: Leftovers\n|upkeep\n|turn|2\n|\n|t:|1700714404\n|move|p1a: Forgive|Defog|p2a: Ting-Lu\n|-unboost|p2a: Ting-Lu|evasion|1\n|-sideend|p1: Angel_Oceanpart|Stealth Rock|[from] move: Defog|[of] p1a: Forgive\n|move|p2a: Ting-Lu|Ruination|p1a: Forgive\n|-damage|p1a: Forgive|51\/100\n|\n|-heal|p1a: Forgive|57\/100|[from] item: Leftovers\n|-heal|p2a: Ting-Lu|86\/100|[from] item: Leftovers\n|upkeep\n|turn|3\n|\n|t:|1700714411\n|move|p1a: Forgive|U-turn|p2a: Ting-Lu\n|-supereffective|p2a: Ting-Lu\n|-damage|p2a: Ting-Lu|71\/100\n|\n|t:|1700714414\n|switch|p1a: Tora|Alomomola, F|100\/100|[from] U-turn\n|move|p2a: Ting-Lu|Stealth Rock|p1a: Tora\n|-sidestart|p1: Angel_Oceanpart|move: Stealth Rock\n|\n|-heal|p2a: Ting-Lu|78\/100|[from] item: Leftovers\n|upkeep\n|turn|4\n|\n|t:|1700714420\n|move|p1a: Tora|Scald|p2a: Ting-Lu\n|-supereffective|p2a: Ting-Lu\n|-crit|p2a: Ting-Lu\n|-damage|p2a: Ting-Lu|62\/100\n|move|p2a: Ting-Lu|Ruination|p1a: Tora\n|-damage|p1a: Tora|51\/100\n|\n|-heal|p1a: Tora|57\/100|[from] item: Leftovers\n|-heal|p2a: Ting-Lu|69\/100|[from] item: Leftovers\n|upkeep\n|turn|5\n|\n|t:|1700714433\n|move|p1a: Tora|Wish|p1a: Tora\n|move|p2a: Ting-Lu|Spikes|p1a: Tora\n|-sidestart|p1: Angel_Oceanpart|Spikes\n|\n|-heal|p1a: Tora|63\/100|[from] item: Leftovers\n|-heal|p2a: Ting-Lu|75\/100|[from] item: Leftovers\n|upkeep\n|turn|6\n|\n|t:|1700714453\n|switch|p2a: Slowking|Slowking-Galar, M|100\/100\n|move|p1a: Tora|Flip Turn|p2a: Slowking\n|-damage|p2a: Slowking|84\/100\n|\n|t:|1700714461\n|switch|p1a: Forgive|Corviknight, M|57\/100|[from] Flip Turn\n|-damage|p1a: Forgive|44\/100|[from] Stealth Rock\n|-ability|p1a: Forgive|Pressure\n|\n|-heal|p1a: Forgive|100\/100|[from] move: Wish|[wisher] Tora\n|upkeep\n|turn|7\n|\n|t:|1700714467\n|move|p1a: Forgive|Defog|p2a: Slowking\n|-unboost|p2a: Slowking|evasion|1\n|-sideend|p1: Angel_Oceanpart|Spikes|[from] move: Defog|[of] p1a: Forgive\n|-sideend|p1: Angel_Oceanpart|Stealth Rock|[from] move: Defog|[of] p1a: Forgive\n|move|p2a: Slowking|Thunder Wave|p1a: Forgive\n|-status|p1a: Forgive|par\n|\n|upkeep\n|turn|8\n|\n|t:|1700714480\n|move|p1a: Forgive|U-turn|p2a: Slowking\n|-damage|p2a: Slowking|69\/100\n|\n|t:|1700714488\n|switch|p1a: Tora|Alomomola, F|96\/100|[from] U-turn\n|move|p2a: Slowking|Future Sight|p1a: Tora\n|-start|p2a: Slowking|move: Future Sight\n|\n|-heal|p1a: Tora|100\/100|[from] item: Leftovers\n|upkeep\n|turn|9\n|\n|t:|1700714498\n|move|p1a: Tora|Flip Turn|p2a: Slowking\n|-damage|p2a: Slowking|51\/100\n|\n|t:|1700714500\n|switch|p1a: Forgive|Corviknight, M|100\/100|[from] Flip Turn\n|move|p2a: Slowking|Thunder Wave|p1a: Forgive|[miss]\n|-miss|p2a: Slowking|p1a: Forgive\n|\n|upkeep\n|turn|10\n|\n|t:|1700714508\n|switch|p2a: Chesnaught|Chesnaught, F|100\/100\n|move|p1a: Forgive|Knock Off|p2a: Chesnaught\n|-resisted|p2a: Chesnaught\n|-damage|p2a: Chesnaught|87\/100\n|-enditem|p2a: Chesnaught|Heavy-Duty Boots|[from] move: Knock Off|[of] p1a: Forgive\n|\n|-end|p1a: Forgive|move: Future Sight\n|-immune|p1a: Forgive\n|upkeep\n|turn|11\n|\n|t:|1700714515\n|switch|p1a: Forgive|Corviknight, M|100\/100 par\n|-ability|p1a: Forgive|Pressure\n|move|p2a: Chesnaught|Body Press|p1a: Forgive\n|-damage|p1a: Forgive|77\/100 par\n|\n|-heal|p1a: Forgive|83\/100 par|[from] item: Leftovers\n|upkeep\n|turn|12\n|\n|t:|1700714525\n|switch|p2a: Alomomola|Alomomola, F|100\/100\n|move|p1a: Forgive|U-turn|p2a: Alomomola\n|-crit|p2a: Alomomola\n|-damage|p2a: Alomomola|88\/100\n|\n|t:|1700714534\n|switch|p1a: Retry|Pawmot, F|100\/100|[from] U-turn\n|\n|upkeep\n|turn|13\n|\n|t:|1700714540\n|move|p2a: Alomomola|Protect|p2a: Alomomola\n|-singleturn|p2a: Alomomola|Protect\n|move|p1a: Retry|Double Shock|p2a: Alomomola\n|-activate|p2a: Alomomola|move: Protect\n|\n|upkeep\n|turn|14\n|inactive|Angel_Oceanpart has 120 seconds left.\n|\n|t:|1700714571\n|switch|p1a: Tora|Alomomola, F|100\/100\n|switch|p2a: Chesnaught|Chesnaught, F|87\/100\n|\n|upkeep\n|turn|15\n|\n|t:|1700714592\n|switch|p1a: Forgive|Corviknight, M|83\/100 par\n|-ability|p1a: Forgive|Pressure\n|move|p2a: Chesnaught|Knock Off|p1a: Forgive\n|-damage|p1a: Forgive|69\/100 par\n|-enditem|p1a: Forgive|Leftovers|[from] move: Knock Off|[of] p2a: Chesnaught\n|\n|upkeep\n|turn|16\n|\n|t:|1700714603\n|switch|p2a: Alomomola|Alomomola, F|100\/100\n|move|p1a: Forgive|Roost|p1a: Forgive\n|-heal|p1a: Forgive|100\/100 par\n|-singleturn|p1a: Forgive|move: Roost\n|\n|upkeep\n|turn|17\n|\n|t:|1700714612\n|move|p2a: Alomomola|Flip Turn|p1a: Forgive\n|-damage|p1a: Forgive|91\/100 par\n|\n|t:|1700714626\n|switch|p2a: Dragapult|Dragapult, F|100\/100|[from] Flip Turn\n|move|p1a: Forgive|U-turn|p2a: Dragapult\n|-resisted|p2a: Dragapult\n|-damage|p2a: Dragapult|90\/100\n|\n|t:|1700714637\n|switch|p1a: Betrayal|Heatran, F|100\/100|[from] U-turn\n|\n|upkeep\n|turn|18\n|\n|t:|1700714643\n|move|p2a: Dragapult|U-turn|p1a: Betrayal\n|-resisted|p1a: Betrayal\n|-damage|p1a: Betrayal|96\/100\n|\n|t:|1700714649\n|switch|p2a: Alomomola|Alomomola, F|100\/100|[from] U-turn\n|move|p1a: Betrayal|Overheat|p2a: Alomomola\n|-resisted|p2a: Alomomola\n|-damage|p2a: Alomomola|54\/100\n|-unboost|p1a: Betrayal|spa|2\n|\n|upkeep\n|turn|19\n|\n|t:|1700714654\n|switch|p1a: Tora|Alomomola, F|100\/100\n|move|p2a: Alomomola|Wish|p2a: Alomomola\n|\n|upkeep\n|turn|20\n|\n|t:|1700714661\n|move|p1a: Tora|Flip Turn|p2a: Alomomola\n|-resisted|p2a: Alomomola\n|-damage|p2a: Alomomola|49\/100\n|\n|t:|1700714668\n|switch|p1a: Forgive|Corviknight, M|91\/100 par|[from] Flip Turn\n|-ability|p1a: Forgive|Pressure\n|move|p2a: Alomomola|Flip Turn|p1a: Forgive\n|-damage|p1a: Forgive|82\/100 par\n|\n|t:|1700714673\n|switch|p2a: Ting-Lu|Ting-Lu|75\/100|[from] Flip Turn\n|-ability|p2a: Ting-Lu|Vessel of Ruin\n|\n|-heal|p2a: Ting-Lu|100\/100|[from] move: Wish|[wisher] Alomomola\n|upkeep\n|turn|21\n|\n|t:|1700714685\n|move|p2a: Ting-Lu|Stealth Rock|p1a: Forgive\n|-sidestart|p1: Angel_Oceanpart|move: Stealth Rock\n|move|p1a: Forgive|U-turn|p2a: Ting-Lu\n|-supereffective|p2a: Ting-Lu\n|-damage|p2a: Ting-Lu|85\/100\n|\n|t:|1700714687\n|switch|p1a: Tora|Alomomola, F|100\/100|[from] U-turn\n|-damage|p1a: Tora|88\/100|[from] Stealth Rock\n|\n|-heal|p1a: Tora|94\/100|[from] item: Leftovers\n|-heal|p2a: Ting-Lu|92\/100|[from] item: Leftovers\n|upkeep\n|turn|22\n|\n|t:|1700714695\n|switch|p2a: Alomomola|Alomomola, F|83\/100\n|move|p1a: Tora|Scald|p2a: Alomomola\n|-resisted|p2a: Alomomola\n|-damage|p2a: Alomomola|78\/100\n|\n|-heal|p1a: Tora|100\/100|[from] item: Leftovers\n|upkeep\n|turn|23\n|\n|t:|1700714712\n|switch|p2a: Slowking|Slowking-Galar, M|85\/100\n|move|p1a: Tora|Flip Turn|p2a: Slowking\n|-damage|p2a: Slowking|67\/100\n|\n|t:|1700714724\n|switch|p1a: Tora|Alomomola, F|100\/100|[from] Flip Turn\n|-damage|p1a: Tora|88\/100|[from] Stealth Rock\n|\n|upkeep\n|turn|24\n|\n|t:|1700714736\n|switch|p2a: Ting-Lu|Ting-Lu|92\/100\n|-ability|p2a: Ting-Lu|Vessel of Ruin\n|move|p1a: Tora|Knock Off|p2a: Ting-Lu\n|-resisted|p2a: Ting-Lu\n|-damage|p2a: Ting-Lu|78\/100\n|-enditem|p2a: Ting-Lu|Leftovers|[from] move: Knock Off|[of] p1a: Tora\n|\n|upkeep\n|turn|25\n|\n|t:|1700714758\n|switch|p1a: Forgive|Corviknight, M|82\/100 par\n|-damage|p1a: Forgive|70\/100 par|[from] Stealth Rock\n|-ability|p1a: Forgive|Pressure\n|move|p2a: Ting-Lu|Ruination|p1a: Forgive\n|-damage|p1a: Forgive|35\/100 par\n|\n|upkeep\n|turn|26\n|\n|t:|1700714784\n|switch|p2a: Chesnaught|Chesnaught, F|87\/100\n|move|p1a: Forgive|Roost|p1a: Forgive\n|-heal|p1a: Forgive|85\/100 par\n|-singleturn|p1a: Forgive|move: Roost\n|\n|upkeep\n|turn|27\n|\n|t:|1700714794\n|move|p2a: Chesnaught|Iron Defense|p2a: Chesnaught\n|-boost|p2a: Chesnaught|def|2\n|move|p1a: Forgive|Brave Bird|p2a: Chesnaught\n|-supereffective|p2a: Chesnaught\n|-damage|p2a: Chesnaught|39\/100\n|-damage|p1a: Forgive|71\/100 par|[from] Recoil\n|\n|upkeep\n|turn|28\n|\n|t:|1700714802\n|move|p2a: Chesnaught|Synthesis|p2a: Chesnaught\n|-heal|p2a: Chesnaught|89\/100\n|move|p1a: Forgive|Brave Bird|p2a: Chesnaught\n|-supereffective|p2a: Chesnaught\n|-damage|p2a: Chesnaught|44\/100\n|-damage|p1a: Forgive|56\/100 par|[from] Recoil\n|\n|upkeep\n|turn|29\n|\n|t:|1700714810\n|move|p2a: Chesnaught|Iron Defense|p2a: Chesnaught\n|-boost|p2a: Chesnaught|def|2\n|move|p1a: Forgive|Roost|p1a: Forgive\n|-heal|p1a: Forgive|100\/100 par\n|-singleturn|p1a: Forgive|move: Roost\n|\n|upkeep\n|turn|30\n|\n|t:|1700714815\n|move|p2a: Chesnaught|Synthesis|p2a: Chesnaught\n|-heal|p2a: Chesnaught|94\/100\n|move|p1a: Forgive|U-turn|p2a: Chesnaught\n|-damage|p2a: Chesnaught|91\/100\n|\n|t:|1700714818\n|switch|p1a: Tori|Ditto|100\/100|[from] U-turn\n|-damage|p1a: Tori|88\/100|[from] Stealth Rock\n|-transform|p1a: Tori|p2a: Chesnaught|[from] ability: Imposter\n|\n|upkeep\n|turn|31\n|\n|t:|1700714829\n|move|p1a: Tori|Iron Defense|p1a: Tori\n|-boost|p1a: Tori|def|2\n|move|p2a: Chesnaught|Iron Defense|p2a: Chesnaught\n|-boost|p2a: Chesnaught|def|2\n|\n|upkeep\n|turn|32\n|\n|t:|1700714835\n|move|p2a: Chesnaught|Body Press|p1a: Tori\n|-damage|p1a: Tori|58\/100\n|-enditem|p1a: Tori|Red Card|[of] p2a: Chesnaught\n|drag|p2a: Alomomola|Alomomola, F|100\/100\n|move|p1a: Tori|Body Press|p2a: Alomomola\n|-damage|p2a: Alomomola|6\/100\n|\n|upkeep\n|turn|33\n|\n|t:|1700714847\n|move|p2a: Alomomola|Protect|p2a: Alomomola\n|-singleturn|p2a: Alomomola|Protect\n|move|p1a: Tori|Knock Off|p2a: Alomomola\n|-activate|p2a: Alomomola|move: Protect\n|\n|upkeep\n|turn|34\n|\n|t:|1700714854\n|switch|p2a: Chesnaught|Chesnaught, F|91\/100\n|move|p1a: Tori|Knock Off|p2a: Chesnaught\n|-resisted|p2a: Chesnaught\n|-damage|p2a: Chesnaught|86\/100\n|\n|upkeep\n|turn|35\n|\n|t:|1700714872\n|-terastallize|p2a: Chesnaught|Ghost\n|move|p1a: Tori|Synthesis|p1a: Tori\n|-heal|p1a: Tori|100\/100\n|move|p2a: Chesnaught|Iron Defense|p2a: Chesnaught\n|-boost|p2a: Chesnaught|def|2\n|\n|upkeep\n|turn|36\n|\n|t:|1700714879\n|move|p1a: Tori|Knock Off|p2a: Chesnaught\n|-supereffective|p2a: Chesnaught\n|-damage|p2a: Chesnaught|74\/100\n|move|p2a: Chesnaught|Iron Defense|p2a: Chesnaught\n|-boost|p2a: Chesnaught|def|2\n|\n|upkeep\n|turn|37\n|\n|t:|1700714890\n|move|p1a: Tori|Knock Off|p2a: Chesnaught\n|-supereffective|p2a: Chesnaught\n|-damage|p2a: Chesnaught|67\/100\n|move|p2a: Chesnaught|Iron Defense|p2a: Chesnaught\n|-boost|p2a: Chesnaught|def|2\n|\n|upkeep\n|turn|38\n|\n|t:|1700714899\n|switch|p1a: Forgive|Corviknight, M|100\/100 par\n|-damage|p1a: Forgive|88\/100 par|[from] Stealth Rock\n|-ability|p1a: Forgive|Pressure\n|move|p2a: Chesnaught|Body Press|p1a: Forgive\n|-damage|p1a: Forgive|0 fnt\n|faint|p1a: Forgive\n|\n|upkeep\n|\n|t:|1700714903\n|switch|p1a: Tori|Ditto|100\/100\n|-damage|p1a: Tori|88\/100|[from] Stealth Rock\n|-transform|p1a: Tori|p2a: Chesnaught|[from] ability: Imposter\n|-start|p1a: Tori|typechange|Grass\/Fighting|[silent]\n|turn|39\n|\n|t:|1700714912\n|move|p2a: Chesnaught|Body Press|p1a: Tori\n|-damage|p1a: Tori|54\/100\n|move|p1a: Tori|Knock Off|p2a: Chesnaught\n|-supereffective|p2a: Chesnaught\n|-damage|p2a: Chesnaught|62\/100\n|\n|upkeep\n|turn|40\n|\n|t:|1700714928\n|switch|p1a: Tora|Alomomola, F|100\/100\n|-damage|p1a: Tora|88\/100|[from] Stealth Rock\n|move|p2a: Chesnaught|Body Press|p1a: Tora\n|-damage|p1a: Tora|0 fnt\n|faint|p1a: Tora\n|\n|upkeep\n|\n|t:|1700714937\n|switch|p1a: Betrayal|Heatran, F|96\/100\n|-damage|p1a: Betrayal|84\/100|[from] Stealth Rock\n|turn|41\n|\n|t:|1700714942\n|-terastallize|p1a: Betrayal|Grass\n|move|p2a: Chesnaught|Body Press|p1a: Betrayal\n|-damage|p1a: Betrayal|0 fnt\n|faint|p1a: Betrayal\n|\n|upkeep\n|-message|Angel_Oceanpart forfeited.\n|\n|win|poppimon\n|raw|Angel_Oceanpart's rating: 1342 &rarr; <strong>1322<\/strong><br \/>(-20 for losing)\n|raw|poppimon's rating: 1343 &rarr; <strong>1363<\/strong><br \/>(+20 for winning)\n|l|\u2606Angel_Oceanpart\n","uploadtime":1700714953,"views":6,"p1id":"angeloceanpart","p2id":"poppimon","formatid":"gen9ou","rating":1322,"private":0,"password":""}