{"id":"gen9ou-1991227391","p1":"Kaladanda","p2":"anycookiecam","format":"[Gen 9] OU","log":"|j|\u2606Kaladanda\n|j|\u2606anycookiecam\n|t:|1700059156\n|gametype|singles\n|player|p1|Kaladanda|biker-gen4|1291\n|player|p2|anycookiecam|102|1356\n|teamsize|p1|6\n|teamsize|p2|6\n|gen|9\n|tier|[Gen 9] OU\n|rated|\n|rule|Sleep Clause Mod: Limit one foe put to sleep\n|rule|Species Clause: Limit one of each Pok\u00e9mon\n|rule|OHKO Clause: OHKO moves are banned\n|rule|Evasion Items Clause: Evasion items are banned\n|rule|Evasion Moves Clause: Evasion moves are banned\n|rule|Endless Battle Clause: Forcing endless battles is banned\n|rule|HP Percentage Mod: HP is shown in percentages\n|clearpoke\n|poke|p1|Magnezone|\n|poke|p1|Ninetales-Alola, M|\n|poke|p1|Moltres|\n|poke|p1|Dragapult, M|\n|poke|p1|Ogerpon-Wellspring, F|\n|poke|p1|Corviknight, M|\n|poke|p2|Ting-Lu|\n|poke|p2|Gholdengo|\n|poke|p2|Iron Valiant|\n|poke|p2|Kingambit, M|\n|poke|p2|Dragapult, M|\n|poke|p2|Great Tusk|\n|teampreview\n|\n|t:|1700059161\n|start\n|switch|p1a: Ninetales|Ninetales-Alola, M|100\/100\n|switch|p2a: Ting-Lu|Ting-Lu|100\/100\n|-weather|Snow|[from] ability: Snow Warning|[of] p1a: Ninetales\n|-ability|p2a: Ting-Lu|Vessel of Ruin\n|turn|1\n|\n|t:|1700059165\n|move|p1a: Ninetales|Aurora Veil|p1a: Ninetales\n|-sidestart|p1: Kaladanda|move: Aurora Veil\n|move|p2a: Ting-Lu|Stealth Rock|p1a: Ninetales\n|-sidestart|p1: Kaladanda|move: Stealth Rock\n|\n|-weather|Snow|[upkeep]\n|upkeep\n|turn|2\n|\n|t:|1700059167\n|move|p1a: Ninetales|Encore|p2a: Ting-Lu\n|-start|p2a: Ting-Lu|Encore\n|move|p2a: Ting-Lu|Stealth Rock||[still]\n|-fail|p2a: Ting-Lu\n|\n|-weather|Snow|[upkeep]\n|upkeep\n|turn|3\n|\n|t:|1700059183\n|switch|p1a: Dragapult|Dragapult, M|100\/100\n|-damage|p1a: Dragapult|88\/100|[from] Stealth Rock\n|switch|p2a: Great Tusk|Great Tusk|100\/100\n|\n|-weather|Snow|[upkeep]\n|-heal|p1a: Dragapult|94\/100|[from] item: Leftovers\n|upkeep\n|turn|4\n|\n|t:|1700059189\n|move|p1a: Dragapult|Substitute|p1a: Dragapult\n|-start|p1a: Dragapult|Substitute\n|-damage|p1a: Dragapult|69\/100\n|move|p2a: Great Tusk|Knock Off|p1a: Dragapult\n|-supereffective|p1a: Dragapult\n|-end|p1a: Dragapult|Substitute\n|\n|-weather|Snow|[upkeep]\n|-heal|p1a: Dragapult|75\/100|[from] item: Leftovers\n|upkeep\n|turn|5\n|\n|t:|1700059198\n|switch|p1a: Moltres|Moltres|100\/100\n|move|p2a: Great Tusk|Knock Off|p1a: Moltres\n|-crit|p1a: Moltres\n|-damage|p1a: Moltres|71\/100\n|-status|p2a: Great Tusk|brn|[from] ability: Flame Body|[of] p1a: Moltres\n|-enditem|p1a: Moltres|Heavy-Duty Boots|[from] move: Knock Off|[of] p2a: Great Tusk\n|\n|-weather|none\n|-damage|p2a: Great Tusk|94\/100 brn|[from] brn\n|upkeep\n|turn|6\n|\n|t:|1700059208\n|-end|p2a: Great Tusk|Protosynthesis|[silent]\n|switch|p2a: Ting-Lu|Ting-Lu|100\/100\n|-ability|p2a: Ting-Lu|Vessel of Ruin\n|move|p1a: Moltres|Will-O-Wisp|p2a: Ting-Lu\n|-status|p2a: Ting-Lu|brn\n|\n|-damage|p2a: Ting-Lu|94\/100 brn|[from] brn\n|upkeep\n|turn|7\n|\n|t:|1700059215\n|move|p1a: Moltres|Roost|p1a: Moltres\n|-heal|p1a: Moltres|100\/100\n|-singleturn|p1a: Moltres|move: Roost\n|move|p2a: Ting-Lu|Spikes|p1a: Moltres\n|-sidestart|p1: Kaladanda|Spikes\n|\n|-heal|p2a: Ting-Lu|100\/100 brn|[from] item: Leftovers\n|-damage|p2a: Ting-Lu|94\/100 brn|[from] brn\n|upkeep\n|turn|8\n|\n|t:|1700059218\n|move|p1a: Moltres|U-turn|p2a: Ting-Lu\n|-supereffective|p2a: Ting-Lu\n|-damage|p2a: Ting-Lu|78\/100 brn\n|\n|t:|1700059227\n|switch|p1a: Ogerpon|Ogerpon-Wellspring, F|100\/100|[from] U-turn\n|-damage|p1a: Ogerpon|88\/100|[from] Stealth Rock\n|-damage|p1a: Ogerpon|76\/100|[from] Spikes\n|move|p2a: Ting-Lu|Spikes|p1a: Ogerpon\n|-sidestart|p1: Kaladanda|Spikes\n|\n|-heal|p2a: Ting-Lu|84\/100 brn|[from] item: Leftovers\n|-damage|p2a: Ting-Lu|78\/100 brn|[from] brn\n|-sideend|p1: Kaladanda|move: Aurora Veil\n|upkeep\n|turn|9\n|\n|t:|1700059235\n|move|p1a: Ogerpon|Encore|p2a: Ting-Lu\n|-start|p2a: Ting-Lu|Encore\n|move|p2a: Ting-Lu|Spikes|p1a: Ogerpon\n|-sidestart|p1: Kaladanda|Spikes\n|\n|-heal|p2a: Ting-Lu|84\/100 brn|[from] item: Leftovers\n|-damage|p2a: Ting-Lu|78\/100 brn|[from] brn\n|upkeep\n|turn|10\n|\n|t:|1700059240\n|switch|p2a: Great Tusk|Great Tusk|94\/100 brn\n|move|p1a: Ogerpon|Swords Dance|p1a: Ogerpon\n|-boost|p1a: Ogerpon|atk|2\n|\n|-heal|p2a: Great Tusk|100\/100 brn|[from] item: Leftovers\n|-damage|p2a: Great Tusk|94\/100 brn|[from] brn\n|upkeep\n|turn|11\n|\n|t:|1700059254\n|move|p1a: Ogerpon|Ivy Cudgel|p2a: Great Tusk|[anim] Ivy Cudgel Water\n|-supereffective|p2a: Great Tusk\n|-damage|p2a: Great Tusk|0 fnt\n|faint|p2a: Great Tusk\n|-end|p2a: Great Tusk|Protosynthesis|[silent]\n|\n|upkeep\n|\n|t:|1700059257\n|switch|p2a: Dragapult|Dragapult, M|100\/100\n|turn|12\n|\n|t:|1700059268\n|switch|p1a: Ninetales|Ninetales-Alola, M|100\/100\n|-damage|p1a: Ninetales|76\/100|[from] Stealth Rock\n|-damage|p1a: Ninetales|51\/100|[from] Spikes\n|-weather|Snow|[from] ability: Snow Warning|[of] p1a: Ninetales\n|-terastallize|p2a: Dragapult|Ghost\n|move|p2a: Dragapult|Shadow Ball|p1a: Ninetales\n|-damage|p1a: Ninetales|0 fnt\n|faint|p1a: Ninetales\n|\n|-weather|Snow|[upkeep]\n|upkeep\n|\n|t:|1700059280\n|switch|p1a: Corviknight|Corviknight, M|100\/100\n|-damage|p1a: Corviknight|88\/100|[from] Stealth Rock\n|-ability|p1a: Corviknight|Pressure\n|turn|13\n|\n|t:|1700059285\n|switch|p2a: Gholdengo|Gholdengo|100\/100\n|-item|p2a: Gholdengo|Air Balloon\n|move|p1a: Corviknight|Defog|p2a: Gholdengo\n|-immune|p2a: Gholdengo|[from] ability: Good as Gold\n|\n|-weather|Snow|[upkeep]\n|upkeep\n|turn|14\n|\n|t:|1700059290\n|move|p2a: Gholdengo|Nasty Plot|p2a: Gholdengo\n|-boost|p2a: Gholdengo|spa|2\n|move|p1a: Corviknight|U-turn|p2a: Gholdengo\n|-resisted|p2a: Gholdengo\n|-crit|p2a: Gholdengo\n|-damage|p2a: Gholdengo|94\/100\n|-enditem|p2a: Gholdengo|Air Balloon\n|\n|t:|1700059300\n|switch|p1a: Magnezone|Magnezone|100\/100|[from] U-turn\n|-damage|p1a: Magnezone|94\/100|[from] Stealth Rock\n|-damage|p1a: Magnezone|70\/100|[from] Spikes\n|\n|-weather|Snow|[upkeep]\n|upkeep\n|turn|15\n|\n|t:|1700059307\n|move|p1a: Magnezone|Thunderbolt|p2a: Gholdengo\n|-damage|p2a: Gholdengo|37\/100\n|move|p2a: Gholdengo|Shadow Ball|p1a: Magnezone\n|-damage|p1a: Magnezone|0 fnt\n|faint|p1a: Magnezone\n|\n|-weather|Snow|[upkeep]\n|upkeep\n|\n|t:|1700059320\n|switch|p1a: Ogerpon|Ogerpon-Wellspring, F|76\/100\n|-damage|p1a: Ogerpon|64\/100|[from] Stealth Rock\n|-damage|p1a: Ogerpon|39\/100|[from] Spikes\n|turn|16\n|\n|t:|1700059324\n|switch|p2a: Ting-Lu|Ting-Lu|78\/100 brn\n|-ability|p2a: Ting-Lu|Vessel of Ruin\n|move|p1a: Ogerpon|Ivy Cudgel|p2a: Ting-Lu|[anim] Ivy Cudgel Water\n|-supereffective|p2a: Ting-Lu\n|-damage|p2a: Ting-Lu|13\/100 brn\n|\n|-weather|none\n|-heal|p2a: Ting-Lu|19\/100 brn|[from] item: Leftovers\n|-damage|p2a: Ting-Lu|13\/100 brn|[from] brn\n|upkeep\n|turn|17\n|\n|t:|1700059346\n|move|p1a: Ogerpon|Swords Dance|p1a: Ogerpon\n|-boost|p1a: Ogerpon|atk|2\n|move|p2a: Ting-Lu|Whirlwind|p1a: Ogerpon\n|drag|p1a: Corviknight|Corviknight, M|88\/100\n|-damage|p1a: Corviknight|75\/100|[from] Stealth Rock\n|-ability|p1a: Corviknight|Pressure\n|\n|-heal|p2a: Ting-Lu|19\/100 brn|[from] item: Leftovers\n|-damage|p2a: Ting-Lu|13\/100 brn|[from] brn\n|upkeep\n|turn|18\n|\n|t:|1700059351\n|switch|p2a: Gholdengo|Gholdengo|37\/100\n|move|p1a: Corviknight|Brave Bird|p2a: Gholdengo\n|-resisted|p2a: Gholdengo\n|-damage|p2a: Gholdengo|17\/100\n|-damage|p1a: Corviknight|70\/100|[from] Recoil\n|\n|upkeep\n|turn|19\n|\n|t:|1700059358\n|move|p2a: Gholdengo|Recover|p2a: Gholdengo\n|-heal|p2a: Gholdengo|67\/100\n|move|p1a: Corviknight|Brave Bird|p2a: Gholdengo\n|-resisted|p2a: Gholdengo\n|-damage|p2a: Gholdengo|47\/100\n|-damage|p1a: Corviknight|65\/100|[from] Recoil\n|\n|upkeep\n|turn|20\n|\n|t:|1700059363\n|move|p2a: Gholdengo|Recover|p2a: Gholdengo\n|-heal|p2a: Gholdengo|97\/100\n|move|p1a: Corviknight|U-turn|p2a: Gholdengo\n|-resisted|p2a: Gholdengo\n|-crit|p2a: Gholdengo\n|-damage|p2a: Gholdengo|92\/100\n|\n|t:|1700059365\n|switch|p1a: Moltres|Moltres|100\/100|[from] U-turn\n|-damage|p1a: Moltres|51\/100|[from] Stealth Rock\n|\n|upkeep\n|turn|21\n|\n|t:|1700059370\n|switch|p2a: Ting-Lu|Ting-Lu|13\/100 brn\n|-ability|p2a: Ting-Lu|Vessel of Ruin\n|move|p1a: Moltres|Flamethrower|p2a: Ting-Lu\n|-damage|p2a: Ting-Lu|0 fnt\n|faint|p2a: Ting-Lu\n|\n|upkeep\n|\n|t:|1700059373\n|switch|p2a: Dragapult|Dragapult, M, tera:Ghost|100\/100\n|turn|22\n|\n|t:|1700059385\n|move|p2a: Dragapult|Shadow Ball|p1a: Moltres\n|-damage|p1a: Moltres|0 fnt\n|faint|p1a: Moltres\n|\n|upkeep\n|\n|t:|1700059387\n|switch|p1a: Corviknight|Corviknight, M|65\/100\n|-damage|p1a: Corviknight|53\/100|[from] Stealth Rock\n|-ability|p1a: Corviknight|Pressure\n|turn|23\n|\n|t:|1700059392\n|switch|p2a: Gholdengo|Gholdengo|92\/100\n|move|p1a: Corviknight|Defog|p2a: Gholdengo\n|-immune|p2a: Gholdengo|[from] ability: Good as Gold\n|\n|upkeep\n|turn|24\n|\n|t:|1700059398\n|move|p2a: Gholdengo|Shadow Ball|p1a: Corviknight\n|-damage|p1a: Corviknight|15\/100\n|move|p1a: Corviknight|U-turn|p2a: Gholdengo\n|-resisted|p2a: Gholdengo\n|-damage|p2a: Gholdengo|87\/100\n|\n|t:|1700059401\n|switch|p1a: Dragapult|Dragapult, M|75\/100|[from] U-turn\n|-damage|p1a: Dragapult|63\/100|[from] Stealth Rock\n|-damage|p1a: Dragapult|38\/100|[from] Spikes\n|\n|-heal|p1a: Dragapult|44\/100|[from] item: Leftovers\n|upkeep\n|turn|25\n|\n|t:|1700059406\n|move|p1a: Dragapult|Dragon Dance|p1a: Dragapult\n|-boost|p1a: Dragapult|atk|1\n|-boost|p1a: Dragapult|spe|1\n|move|p2a: Gholdengo|Shadow Ball|p1a: Dragapult\n|-supereffective|p1a: Dragapult\n|-damage|p1a: Dragapult|0 fnt\n|faint|p1a: Dragapult\n|\n|upkeep\n|c|\u2606anycookiecam|gg\n|-message|Kaladanda forfeited.\n|\n|win|anycookiecam\n|raw|Kaladanda's rating: 1291 &rarr; <strong>1271<\/strong><br \/>(-20 for losing)\n|raw|anycookiecam's rating: 1356 &rarr; <strong>1372<\/strong><br \/>(+16 for winning)\n|l|\u2606Kaladanda\n","uploadtime":1700059419,"views":8,"p1id":"kaladanda","p2id":"anycookiecam","formatid":"gen9ou","rating":1271,"private":0,"password":""}