{"id":"gen9ou-1993327247","p1":"Berigan","p2":"Sasuna","format":"[Gen 9] OU","log":"|j|\u2606Berigan\n|j|\u2606Sasuna\n|t:|1700299085\n|gametype|singles\n|player|p1|Berigan|102|1000\n|player|p2|Sasuna|roark|1000\n|teamsize|p1|6\n|teamsize|p2|6\n|gen|9\n|tier|[Gen 9] OU\n|rated|\n|rule|Sleep Clause Mod: Limit one foe put to sleep\n|rule|Species Clause: Limit one of each Pok\u00e9mon\n|rule|OHKO Clause: OHKO moves are banned\n|rule|Evasion Items Clause: Evasion items are banned\n|rule|Evasion Moves Clause: Evasion moves are banned\n|rule|Endless Battle Clause: Forcing endless battles is banned\n|rule|HP Percentage Mod: HP is shown in percentages\n|clearpoke\n|poke|p1|Greninja-*, M|\n|poke|p1|Jolteon, F|\n|poke|p1|Cinderace, M|\n|poke|p1|Toxapex, F|\n|poke|p1|Chansey, F|\n|poke|p1|Iron Valiant|\n|poke|p2|Iron Jugulis|\n|poke|p2|Iron Valiant|\n|poke|p2|Iron Moth|\n|poke|p2|Great Tusk|\n|poke|p2|Sandy Shocks|\n|poke|p2|Walking Wake|\n|teampreview\n|\n|t:|1700299103\n|start\n|switch|p1a: Toxapex|Toxapex, F|100\/100\n|switch|p2a: Sandy Shocks|Sandy Shocks|100\/100\n|-enditem|p2a: Sandy Shocks|Booster Energy\n|-activate|p2a: Sandy Shocks|ability: Protosynthesis|[fromitem]\n|-start|p2a: Sandy Shocks|protosynthesisspe\n|turn|1\n|\n|t:|1700299140\n|move|p1a: Toxapex|Baneful Bunker|p1a: Toxapex\n|-singleturn|p1a: Toxapex|move: Protect\n|move|p2a: Sandy Shocks|Thunderbolt|p1a: Toxapex\n|-activate|p1a: Toxapex|move: Protect\n|\n|upkeep\n|turn|2\n|\n|t:|1700299148\n|switch|p1a: Jolteon|Jolteon, F|100\/100\n|move|p2a: Sandy Shocks|Thunderbolt|p1a: Jolteon\n|-immune|p1a: Jolteon|[from] ability: Volt Absorb\n|\n|upkeep\n|turn|3\n|\n|t:|1700299170\n|switch|p1a: Chansey|Chansey, F|100\/100\n|move|p2a: Sandy Shocks|Earth Power|p1a: Chansey\n|-damage|p1a: Chansey|88\/100\n|\n|upkeep\n|turn|4\n|\n|t:|1700299182\n|move|p2a: Sandy Shocks|Thunderbolt|p1a: Chansey\n|-crit|p1a: Chansey\n|-damage|p1a: Chansey|69\/100\n|move|p1a: Chansey|Seismic Toss|p2a: Sandy Shocks\n|-damage|p2a: Sandy Shocks|70\/100\n|\n|upkeep\n|turn|5\n|\n|t:|1700299193\n|move|p2a: Sandy Shocks|Thunderbolt|p1a: Chansey\n|-damage|p1a: Chansey|55\/100\n|move|p1a: Chansey|Seismic Toss|p2a: Sandy Shocks\n|-damage|p2a: Sandy Shocks|39\/100\n|\n|upkeep\n|turn|6\n|\n|t:|1700299201\n|move|p2a: Sandy Shocks|Thunderbolt|p1a: Chansey\n|-damage|p1a: Chansey|40\/100\n|move|p1a: Chansey|Soft-Boiled|p1a: Chansey\n|-heal|p1a: Chansey|90\/100\n|\n|upkeep\n|turn|7\n|\n|t:|1700299213\n|-end|p2a: Sandy Shocks|Protosynthesis|[silent]\n|switch|p2a: Great Tusk|Great Tusk|100\/100\n|move|p1a: Chansey|Seismic Toss|p2a: Great Tusk\n|-damage|p2a: Great Tusk|74\/100\n|\n|upkeep\n|turn|8\n|\n|t:|1700299224\n|switch|p1a: Toxapex|Toxapex, F|100\/100\n|move|p2a: Great Tusk|Close Combat|p1a: Toxapex\n|-resisted|p1a: Toxapex\n|-damage|p1a: Toxapex|83\/100\n|-unboost|p2a: Great Tusk|def|1\n|-unboost|p2a: Great Tusk|spd|1\n|-enditem|p2a: Great Tusk|Eject Pack\n|-damage|p2a: Great Tusk|57\/100|[from] item: Rocky Helmet|[of] p1a: Toxapex\n|\n|t:|1700299227\n|-end|p2a: Great Tusk|Protosynthesis|[silent]\n|switch|p2a: Sandy Shocks|Sandy Shocks|39\/100\n|\n|upkeep\n|turn|9\n|\n|t:|1700299237\n|switch|p1a: Jolteon|Jolteon, F|100\/100\n|move|p2a: Sandy Shocks|Thunderbolt|p1a: Jolteon\n|-immune|p1a: Jolteon|[from] ability: Volt Absorb\n|\n|upkeep\n|turn|10\n|\n|t:|1700299259\n|switch|p1a: Chansey|Chansey, F|90\/100\n|move|p2a: Sandy Shocks|Earth Power|p1a: Chansey\n|-damage|p1a: Chansey|78\/100\n|\n|upkeep\n|turn|11\n|\n|t:|1700299266\n|move|p2a: Sandy Shocks|Thunderbolt|p1a: Chansey\n|-damage|p1a: Chansey|64\/100\n|move|p1a: Chansey|Seismic Toss|p2a: Sandy Shocks\n|-damage|p2a: Sandy Shocks|8\/100\n|\n|upkeep\n|turn|12\n|\n|t:|1700299274\n|move|p2a: Sandy Shocks|Thunderbolt|p1a: Chansey\n|-damage|p1a: Chansey|51\/100\n|move|p1a: Chansey|Soft-Boiled|p1a: Chansey\n|-heal|p1a: Chansey|100\/100\n|\n|upkeep\n|turn|13\n|\n|t:|1700299285\n|move|p2a: Sandy Shocks|Thunderbolt|p1a: Chansey\n|-damage|p1a: Chansey|88\/100\n|move|p1a: Chansey|Seismic Toss|p2a: Sandy Shocks\n|-damage|p2a: Sandy Shocks|0 fnt\n|faint|p2a: Sandy Shocks\n|-end|p2a: Sandy Shocks|Protosynthesis|[silent]\n|\n|upkeep\n|\n|t:|1700299288\n|switch|p2a: Great Tusk|Great Tusk|57\/100\n|turn|14\n|\n|t:|1700299309\n|switch|p1a: Toxapex|Toxapex, F|100\/100\n|move|p2a: Great Tusk|Close Combat|p1a: Toxapex\n|-resisted|p1a: Toxapex\n|-damage|p1a: Toxapex|83\/100\n|-unboost|p2a: Great Tusk|def|1\n|-unboost|p2a: Great Tusk|spd|1\n|-damage|p2a: Great Tusk|41\/100|[from] item: Rocky Helmet|[of] p1a: Toxapex\n|\n|upkeep\n|turn|15\n|\n|t:|1700299328\n|-end|p2a: Great Tusk|Protosynthesis|[silent]\n|switch|p2a: Walking Wake|Walking Wake|100\/100\n|-enditem|p2a: Walking Wake|Booster Energy\n|-activate|p2a: Walking Wake|ability: Protosynthesis|[fromitem]\n|-start|p2a: Walking Wake|protosynthesisspa\n|move|p1a: Toxapex|Baneful Bunker||[still]\n|-fail|p1a: Toxapex\n|\n|upkeep\n|turn|16\n|\n|t:|1700299336\n|move|p2a: Walking Wake|Agility|p2a: Walking Wake\n|-boost|p2a: Walking Wake|spe|2\n|move|p1a: Toxapex|Toxic Spikes|p2a: Walking Wake\n|-sidestart|p2: Sasuna|move: Toxic Spikes\n|\n|upkeep\n|turn|17\n|\n|t:|1700299360\n|move|p2a: Walking Wake|Surf|p1a: Toxapex\n|-resisted|p1a: Toxapex\n|-damage|p1a: Toxapex|55\/100\n|move|p1a: Toxapex|Liquidation|p2a: Walking Wake\n|-resisted|p2a: Walking Wake\n|-damage|p2a: Walking Wake|95\/100\n|\n|upkeep\n|turn|18\n|\n|t:|1700299373\n|switch|p1a: Chansey|Chansey, F|88\/100\n|move|p2a: Walking Wake|Surf|p1a: Chansey\n|-damage|p1a: Chansey|67\/100\n|\n|upkeep\n|turn|19\n|\n|t:|1700299382\n|-terastallize|p2a: Walking Wake|Water\n|move|p2a: Walking Wake|Surf|p1a: Chansey\n|-crit|p1a: Chansey\n|-damage|p1a: Chansey|28\/100\n|move|p1a: Chansey|Seismic Toss|p2a: Walking Wake\n|-damage|p2a: Walking Wake|65\/100\n|\n|upkeep\n|turn|20\n|\n|t:|1700299391\n|move|p2a: Walking Wake|Dragon Pulse|p1a: Chansey\n|-damage|p1a: Chansey|11\/100\n|move|p1a: Chansey|Soft-Boiled|p1a: Chansey\n|-heal|p1a: Chansey|61\/100\n|\n|upkeep\n|turn|21\n|\n|t:|1700299399\n|-end|p2a: Walking Wake|Protosynthesis|[silent]\n|switch|p2a: Great Tusk|Great Tusk|41\/100\n|-status|p2a: Great Tusk|psn\n|move|p1a: Chansey|Soft-Boiled|p1a: Chansey\n|-heal|p1a: Chansey|100\/100\n|\n|-damage|p2a: Great Tusk|28\/100 psn|[from] psn\n|upkeep\n|turn|22\n|\n|t:|1700299411\n|switch|p1a: Toxapex|Toxapex, F|89\/100\n|move|p2a: Great Tusk|Close Combat|p1a: Toxapex\n|-resisted|p1a: Toxapex\n|-damage|p1a: Toxapex|69\/100\n|-unboost|p2a: Great Tusk|def|1\n|-unboost|p2a: Great Tusk|spd|1\n|-damage|p2a: Great Tusk|12\/100 psn|[from] item: Rocky Helmet|[of] p1a: Toxapex\n|\n|-damage|p2a: Great Tusk|0 fnt|[from] psn\n|faint|p2a: Great Tusk\n|-end|p2a: Great Tusk|Protosynthesis|[silent]\n|upkeep\n|\n|t:|1700299420\n|switch|p2a: Iron Valiant|Iron Valiant|100\/100\n|-status|p2a: Iron Valiant|psn\n|-enditem|p2a: Iron Valiant|Booster Energy\n|-activate|p2a: Iron Valiant|ability: Quark Drive|[fromitem]\n|-start|p2a: Iron Valiant|quarkdrivespe\n|turn|23\n|\n|t:|1700299440\n|move|p1a: Toxapex|Baneful Bunker|p1a: Toxapex\n|-singleturn|p1a: Toxapex|move: Protect\n|move|p2a: Iron Valiant|Close Combat|p1a: Toxapex\n|-activate|p1a: Toxapex|move: Protect\n|\n|-damage|p2a: Iron Valiant|88\/100 psn|[from] psn\n|upkeep\n|turn|24\n|\n|t:|1700299457\n|-end|p2a: Iron Valiant|Quark Drive|[silent]\n|switch|p2a: Walking Wake|Walking Wake, tera:Water|65\/100\n|-status|p2a: Walking Wake|psn\n|move|p1a: Toxapex|Liquidation|p2a: Walking Wake\n|-resisted|p2a: Walking Wake\n|-damage|p2a: Walking Wake|54\/100 psn\n|\n|-damage|p2a: Walking Wake|42\/100 psn|[from] psn\n|upkeep\n|turn|25\n|\n|t:|1700299467\n|move|p1a: Toxapex|Baneful Bunker|p1a: Toxapex\n|-singleturn|p1a: Toxapex|move: Protect\n|move|p2a: Walking Wake|Surf|p1a: Toxapex\n|-activate|p1a: Toxapex|move: Protect\n|\n|-damage|p2a: Walking Wake|30\/100 psn|[from] psn\n|upkeep\n|turn|26\n|\n|t:|1700299493\n|move|p2a: Walking Wake|Surf|p1a: Toxapex\n|-resisted|p1a: Toxapex\n|-damage|p1a: Toxapex|42\/100\n|move|p1a: Toxapex|Liquidation|p2a: Walking Wake\n|-resisted|p2a: Walking Wake\n|-damage|p2a: Walking Wake|18\/100 psn\n|\n|-damage|p2a: Walking Wake|6\/100 psn|[from] psn\n|upkeep\n|turn|27\n|\n|t:|1700299502\n|move|p2a: Walking Wake|Surf|p1a: Toxapex\n|-resisted|p1a: Toxapex\n|-damage|p1a: Toxapex|12\/100\n|move|p1a: Toxapex|Recover|p1a: Toxapex\n|-heal|p1a: Toxapex|62\/100\n|\n|-damage|p2a: Walking Wake|0 fnt|[from] psn\n|faint|p2a: Walking Wake\n|-end|p2a: Walking Wake|Protosynthesis|[silent]\n|upkeep\n|\n|t:|1700299510\n|switch|p2a: Iron Moth|Iron Moth|100\/100\n|-sideend|p2: Sasuna|move: Toxic Spikes|[of] p2a: Iron Moth\n|-enditem|p2a: Iron Moth|Booster Energy\n|-activate|p2a: Iron Moth|ability: Quark Drive|[fromitem]\n|-start|p2a: Iron Moth|quarkdrivespe\n|turn|28\n|\n|t:|1700299534\n|move|p2a: Iron Moth|Energy Ball|p1a: Toxapex\n|-damage|p1a: Toxapex|35\/100\n|move|p1a: Toxapex|Liquidation|p2a: Iron Moth\n|-supereffective|p2a: Iron Moth\n|-damage|p2a: Iron Moth|41\/100\n|\n|upkeep\n|turn|29\n|\n|t:|1700299552\n|move|p2a: Iron Moth|Energy Ball|p1a: Toxapex\n|-damage|p1a: Toxapex|11\/100\n|-unboost|p1a: Toxapex|spd|1\n|move|p1a: Toxapex|Recover|p1a: Toxapex\n|-heal|p1a: Toxapex|61\/100\n|\n|upkeep\n|turn|30\n|\n|t:|1700299560\n|switch|p1a: Chansey|Chansey, F|100\/100\n|move|p2a: Iron Moth|Energy Ball|p1a: Chansey\n|-damage|p1a: Chansey|91\/100\n|-unboost|p1a: Chansey|spd|1\n|\n|upkeep\n|turn|31\n|\n|t:|1700299568\n|-end|p2a: Iron Moth|Quark Drive|[silent]\n|switch|p2a: Iron Valiant|Iron Valiant|88\/100 psn\n|move|p1a: Chansey|Seismic Toss|p2a: Iron Valiant\n|-damage|p2a: Iron Valiant|53\/100 psn\n|\n|-damage|p2a: Iron Valiant|41\/100 psn|[from] psn\n|upkeep\n|turn|32\n|\n|t:|1700299577\n|switch|p1a: Toxapex|Toxapex, F|94\/100\n|move|p2a: Iron Valiant|Close Combat|p1a: Toxapex\n|-resisted|p1a: Toxapex\n|-damage|p1a: Toxapex|79\/100\n|-unboost|p2a: Iron Valiant|def|1\n|-unboost|p2a: Iron Valiant|spd|1\n|-damage|p2a: Iron Valiant|24\/100 psn|[from] item: Rocky Helmet|[of] p1a: Toxapex\n|\n|-damage|p2a: Iron Valiant|12\/100 psn|[from] psn\n|upkeep\n|turn|33\n|\n|t:|1700299590\n|move|p2a: Iron Valiant|Close Combat|p1a: Toxapex\n|-resisted|p1a: Toxapex\n|-damage|p1a: Toxapex|63\/100\n|-unboost|p2a: Iron Valiant|def|1\n|-unboost|p2a: Iron Valiant|spd|1\n|-damage|p2a: Iron Valiant|0 fnt|[from] item: Rocky Helmet|[of] p1a: Toxapex\n|faint|p2a: Iron Valiant\n|-end|p2a: Iron Valiant|Quark Drive|[silent]\n|move|p1a: Toxapex|Liquidation|p2: Iron Valiant|[notarget]\n|-fail|p1a: Toxapex\n|\n|upkeep\n|\n|t:|1700299600\n|switch|p2a: Iron Moth|Iron Moth|41\/100\n|turn|34\n|\n|t:|1700299604\n|move|p2a: Iron Moth|Energy Ball|p1a: Toxapex\n|-damage|p1a: Toxapex|36\/100\n|move|p1a: Toxapex|Liquidation|p2a: Iron Moth\n|-supereffective|p2a: Iron Moth\n|-damage|p2a: Iron Moth|0 fnt\n|faint|p2a: Iron Moth\n|-end|p2a: Iron Moth|Quark Drive|[silent]\n|\n|upkeep\n|\n|t:|1700299611\n|switch|p2a: Iron Jugulis|Iron Jugulis|100\/100\n|-enditem|p2a: Iron Jugulis|Booster Energy\n|-activate|p2a: Iron Jugulis|ability: Quark Drive|[fromitem]\n|-start|p2a: Iron Jugulis|quarkdrivespe\n|turn|35\n|\n|t:|1700299618\n|move|p2a: Iron Jugulis|Dark Pulse|p1a: Toxapex\n|-damage|p1a: Toxapex|3\/100\n|move|p1a: Toxapex|Recover|p1a: Toxapex\n|-heal|p1a: Toxapex|53\/100\n|\n|upkeep\n|turn|36\n|\n|t:|1700299626\n|switch|p1a: Chansey|Chansey, F|91\/100\n|move|p2a: Iron Jugulis|Hurricane|p1a: Chansey\n|-damage|p1a: Chansey|73\/100\n|\n|upkeep\n|turn|37\n|\n|t:|1700299638\n|move|p2a: Iron Jugulis|Hurricane|p1a: Chansey\n|-damage|p1a: Chansey|56\/100\n|move|p1a: Chansey|Seismic Toss|p2a: Iron Jugulis\n|-damage|p2a: Iron Jugulis|70\/100\n|\n|upkeep\n|turn|38\n|\n|t:|1700299720\n|move|p2a: Iron Jugulis|Hurricane|p1a: Chansey|[miss]\n|-miss|p2a: Iron Jugulis|p1a: Chansey\n|move|p1a: Chansey|Seismic Toss|p2a: Iron Jugulis\n|-damage|p2a: Iron Jugulis|40\/100\n|\n|upkeep\n|turn|39\n|\n|t:|1700299734\n|move|p2a: Iron Jugulis|Hurricane|p1a: Chansey|[miss]\n|-miss|p2a: Iron Jugulis|p1a: Chansey\n|move|p1a: Chansey|Soft-Boiled|p1a: Chansey\n|-heal|p1a: Chansey|100\/100\n|\n|upkeep\n|turn|40\n|\n|t:|1700299777\n|move|p2a: Iron Jugulis|Hurricane|p1a: Chansey\n|-damage|p1a: Chansey|84\/100\n|-start|p1a: Chansey|confusion\n|-activate|p1a: Chansey|confusion\n|move|p1a: Chansey|Seismic Toss|p2a: Iron Jugulis\n|-damage|p2a: Iron Jugulis|9\/100\n|\n|upkeep\n|turn|41\n|\n|t:|1700299801\n|move|p2a: Iron Jugulis|Hurricane|p1a: Chansey\n|-damage|p1a: Chansey|68\/100\n|-end|p1a: Chansey|confusion\n|move|p1a: Chansey|Seismic Toss|p2a: Iron Jugulis\n|-damage|p2a: Iron Jugulis|0 fnt\n|faint|p2a: Iron Jugulis\n|-end|p2a: Iron Jugulis|Quark Drive|[silent]\n|\n|win|Berigan\n|raw|Berigan's rating: 1000 &rarr; <strong>1040<\/strong><br \/>(+40 for winning)\n|raw|Sasuna's rating: 1000 &rarr; <strong>1000<\/strong><br \/>(+0 for losing)\n","uploadtime":1700299808,"views":23,"p1id":"berigan","p2id":"sasuna","formatid":"gen9ou","rating":1000,"private":0,"password":""}