{"id":"gen9ou-2000230280","p1":"llewdicolo","p2":"one_tap_shadow","format":"[Gen 9] OU","log":"|j|\u2606llewdicolo\n|j|\u2606one_tap_shadow\n|t:|1701175156\n|gametype|singles\n|player|p1|llewdicolo|1|1173\n|player|p2|one_tap_shadow|2|1128\n|teamsize|p1|6\n|teamsize|p2|6\n|gen|9\n|tier|[Gen 9] OU\n|rated|\n|rule|Sleep Clause Mod: Limit one foe put to sleep\n|rule|Species Clause: Limit one of each Pok\u00e9mon\n|rule|OHKO Clause: OHKO moves are banned\n|rule|Evasion Items Clause: Evasion items are banned\n|rule|Evasion Moves Clause: Evasion moves are banned\n|rule|Endless Battle Clause: Forcing endless battles is banned\n|rule|HP Percentage Mod: HP is shown in percentages\n|clearpoke\n|poke|p1|Landorus-Therian, M|\n|poke|p1|Pelipper, F|\n|poke|p1|Kingambit, M|\n|poke|p1|Hatterene, F|\n|poke|p1|Barraskewda, F|\n|poke|p1|Dragapult, F|\n|poke|p2|Cinderace, F|\n|poke|p2|Samurott-Hisui, F|\n|poke|p2|Meowscarada, F|\n|poke|p2|Greninja-*, M|\n|poke|p2|Ninetales-Alola, F|\n|poke|p2|Zapdos|\n|teampreview\n|inactive|Battle timer is ON: inactive players will automatically lose when time's up. (requested by llewdicolo)\n|\n|t:|1701175212\n|start\n|switch|p1a: Dragapult|Dragapult, F|100\/100\n|switch|p2a: Zapdos|Zapdos|100\/100\n|turn|1\n|inactive|one_tap_shadow has 120 seconds left.\n|\n|t:|1701175245\n|move|p1a: Dragapult|Draco Meteor|p2a: Zapdos\n|-damage|p2a: Zapdos|9\/100\n|-unboost|p1a: Dragapult|spa|2\n|move|p2a: Zapdos|Volt Switch|p1a: Dragapult\n|-resisted|p1a: Dragapult\n|-damage|p1a: Dragapult|76\/100\n|inactive|one_tap_shadow has 120 seconds left.\n|\n|t:|1701175255\n|switch|p2a: Cinderace|Cinderace, F|100\/100|[from] Volt Switch\n|\n|upkeep\n|turn|2\n|inactive|one_tap_shadow has 120 seconds left.\n|\n|t:|1701175267\n|switch|p1a: Landorus|Landorus-Therian, M|100\/100\n|-ability|p1a: Landorus|Intimidate|boost\n|-unboost|p2a: Cinderace|atk|1\n|move|p2a: Cinderace|U-turn|p1a: Landorus\n|-start|p2a: Cinderace|typechange|Bug|[from] ability: Libero\n|-resisted|p1a: Landorus\n|-damage|p1a: Landorus|85\/100\n|inactive|one_tap_shadow has 120 seconds left.\n|\n|t:|1701175293\n|switch|p2a: Greninja|Greninja, M|100\/100|[from] U-turn\n|\n|upkeep\n|turn|3\n|inactive|one_tap_shadow has 90 seconds left.\n|\n|t:|1701175326\n|switch|p1a: Pelipper|Pelipper, F, shiny|100\/100\n|-weather|RainDance|[from] ability: Drizzle|[of] p1a: Pelipper\n|move|p2a: Greninja|Ice Beam|p1a: Pelipper\n|-damage|p1a: Pelipper|58\/100\n|\n|-weather|RainDance|[upkeep]\n|upkeep\n|turn|4\n|\n|t:|1701175334\n|switch|p2a: Zapdos|Zapdos|9\/100\n|move|p1a: Pelipper|U-turn|p2a: Zapdos\n|-resisted|p2a: Zapdos\n|-damage|p2a: Zapdos|4\/100\n|-status|p1a: Pelipper|par|[from] ability: Static|[of] p2a: Zapdos\n|\n|t:|1701175361\n|switch|p1a: Dragapult|Dragapult, F|76\/100|[from] U-turn\n|\n|-weather|RainDance|[upkeep]\n|upkeep\n|turn|5\n|inactive|one_tap_shadow has 90 seconds left.\n|\n|t:|1701175371\n|move|p1a: Dragapult|Thunder|p2a: Zapdos\n|-damage|p2a: Zapdos|0 fnt\n|faint|p2a: Zapdos\n|\n|-weather|RainDance|[upkeep]\n|upkeep\n|inactive|one_tap_shadow has 90 seconds left.\n|\n|t:|1701175385\n|switch|p2a: Cinderace|Cinderace, F|100\/100\n|turn|6\n|inactive|one_tap_shadow has 90 seconds left.\n|\n|t:|1701175393\n|move|p2a: Cinderace|Iron Head|p1a: Dragapult\n|-start|p2a: Cinderace|typechange|Steel|[from] ability: Libero\n|-damage|p1a: Dragapult|22\/100\n|cant|p1a: Dragapult|flinch\n|\n|-weather|RainDance|[upkeep]\n|upkeep\n|turn|7\n|inactive|one_tap_shadow has 90 seconds left.\n|\n|t:|1701175428\n|switch|p2a: Samurott|Samurott-Hisui, F|100\/100\n|move|p1a: Dragapult|Thunder|p2a: Samurott\n|-supereffective|p2a: Samurott\n|-damage|p2a: Samurott|0 fnt\n|faint|p2a: Samurott\n|\n|-weather|RainDance|[upkeep]\n|upkeep\n|\n|t:|1701175433\n|switch|p2a: Cinderace|Cinderace, F|100\/100\n|turn|8\n|\n|t:|1701175443\n|switch|p1a: Pelipper|Pelipper, F, shiny|58\/100 par\n|move|p2a: Cinderace|Iron Head|p1a: Pelipper\n|-start|p2a: Cinderace|typechange|Steel|[from] ability: Libero\n|-resisted|p1a: Pelipper\n|-damage|p1a: Pelipper|36\/100 par\n|\n|-weather|RainDance|[upkeep]\n|upkeep\n|turn|9\n|\n|t:|1701175455\n|switch|p2a: Ninetales|Ninetales-Alola, F|100\/100\n|-weather|Snow|[from] ability: Snow Warning|[of] p2a: Ninetales\n|move|p1a: Pelipper|U-turn|p2a: Ninetales\n|-resisted|p2a: Ninetales\n|-damage|p2a: Ninetales|97\/100\n|\n|t:|1701175466\n|switch|p1a: Kingambit|Kingambit, M|100\/100|[from] U-turn\n|\n|-weather|Snow|[upkeep]\n|upkeep\n|turn|10\n|\n|t:|1701175484\n|move|p2a: Ninetales|Aurora Veil|p2a: Ninetales\n|-sidestart|p2: one_tap_shadow|move: Aurora Veil\n|move|p1a: Kingambit|Iron Head|p2a: Ninetales\n|-supereffective|p2a: Ninetales\n|-damage|p2a: Ninetales|0 fnt\n|faint|p2a: Ninetales\n|\n|-weather|Snow|[upkeep]\n|upkeep\n|inactive|one_tap_shadow has 60 seconds left.\n|\n|t:|1701175521\n|switch|p2a: Cinderace|Cinderace, F|100\/100\n|turn|11\n|\n|t:|1701175538\n|-end|p1a: Kingambit|fallenundefined|[silent]\n|switch|p1a: Pelipper|Pelipper, F, shiny|36\/100 par\n|-weather|RainDance|[from] ability: Drizzle|[of] p1a: Pelipper\n|move|p2a: Cinderace|Pyro Ball|p1a: Pelipper\n|-resisted|p1a: Pelipper\n|-damage|p1a: Pelipper|22\/100 par\n|\n|-weather|RainDance|[upkeep]\n|upkeep\n|turn|12\n|\n|t:|1701175553\n|switch|p2a: Greninja|Greninja, M|100\/100\n|move|p1a: Pelipper|U-turn|p2a: Greninja\n|-supereffective|p2a: Greninja\n|-damage|p2a: Greninja|87\/100\n|\n|t:|1701175562\n|switch|p1a: Hatterene|Hatterene, F|100\/100|[from] U-turn\n|\n|-weather|RainDance|[upkeep]\n|upkeep\n|turn|13\n|inactive|one_tap_shadow has 30 seconds left.\n|inactive|one_tap_shadow has 20 seconds left.\n|\n|t:|1701175597\n|-terastallize|p2a: Greninja|Water\n|move|p2a: Greninja|Surf|p1a: Hatterene\n|-damage|p1a: Hatterene|0 fnt\n|faint|p1a: Hatterene\n|-ability|p2a: Greninja|Battle Bond|boost\n|-boost|p2a: Greninja|atk|1\n|-boost|p2a: Greninja|spa|1\n|-boost|p2a: Greninja|spe|1\n|-activate|p2a: Greninja|ability: Battle Bond\n|\n|-weather|RainDance|[upkeep]\n|upkeep\n|inactive|one_tap_shadow has 25 seconds left this turn.\n|\n|t:|1701175614\n|switch|p1a: Landorus|Landorus-Therian, M|85\/100\n|-ability|p1a: Landorus|Intimidate|boost\n|-unboost|p2a: Greninja|atk|1\n|turn|14\n|\n|t:|1701175622\n|-terastallize|p1a: Landorus|Water\n|move|p2a: Greninja|Surf|p1a: Landorus\n|-resisted|p1a: Landorus\n|-damage|p1a: Landorus|0 fnt\n|faint|p1a: Landorus\n|\n|-weather|RainDance|[upkeep]\n|-sideend|p2: one_tap_shadow|move: Aurora Veil\n|upkeep\n|\n|t:|1701175631\n|switch|p1a: Barraskewda|Barraskewda, F|100\/100\n|turn|15\n|\n|t:|1701175639\n|move|p1a: Barraskewda|Close Combat|p2a: Greninja\n|-damage|p2a: Greninja|0 fnt\n|-unboost|p1a: Barraskewda|def|1\n|-unboost|p1a: Barraskewda|spd|1\n|faint|p2a: Greninja\n|\n|-weather|RainDance|[upkeep]\n|upkeep\n|inactive|one_tap_shadow has 30 seconds left.\n|\n|t:|1701175668\n|switch|p2a: Meowscarada|Meowscarada, F|100\/100\n|turn|16\n|inactive|one_tap_shadow has 30 seconds left.\n|inactive|one_tap_shadow has 20 seconds left.\n|\n|t:|1701175690\n|switch|p1a: Dragapult|Dragapult, F|22\/100\n|move|p2a: Meowscarada|Sucker Punch||[still]\n|-fail|p2a: Meowscarada\n|\n|-weather|RainDance|[upkeep]\n|upkeep\n|turn|17\n|inactive|one_tap_shadow has 30 seconds left this turn.\n|\n|t:|1701175705\n|switch|p2a: Cinderace|Cinderace, F|100\/100\n|move|p1a: Dragapult|U-turn|p2a: Cinderace\n|-resisted|p2a: Cinderace\n|-damage|p2a: Cinderace|88\/100\n|inactive|one_tap_shadow has 30 seconds left this turn.\n|\n|t:|1701175714\n|switch|p1a: Barraskewda|Barraskewda, F|100\/100|[from] U-turn\n|\n|-weather|RainDance|[upkeep]\n|upkeep\n|turn|18\n|inactive|one_tap_shadow has 30 seconds left.\n|\n|t:|1701175726\n|move|p1a: Barraskewda|Flip Turn|p2a: Cinderace\n|-supereffective|p2a: Cinderace\n|-damage|p2a: Cinderace|0 fnt\n|faint|p2a: Cinderace\n|\n|t:|1701175734\n|switch|p1a: Dragapult|Dragapult, F|22\/100|[from] Flip Turn\n|\n|-weather|none\n|upkeep\n|\n|t:|1701175738\n|switch|p2a: Meowscarada|Meowscarada, F|100\/100\n|turn|19\n|\n|t:|1701175755\n|move|p1a: Dragapult|U-turn|p2a: Meowscarada\n|-supereffective|p2a: Meowscarada\n|-damage|p2a: Meowscarada|0 fnt\n|faint|p2a: Meowscarada\n|\n|win|llewdicolo\n|raw|llewdicolo's rating: 1173 &rarr; <strong>1195<\/strong><br \/>(+22 for winning)\n|raw|one_tap_shadow's rating: 1128 &rarr; <strong>1106<\/strong><br \/>(-22 for losing)\n|l|\u2606one_tap_shadow\n","uploadtime":1701175769,"views":2,"p1id":"llewdicolo","p2id":"onetapshadow","formatid":"gen9ou","rating":1106,"private":0,"password":""}