{"id":"gen9ou-1991664705","p1":"TotallyNotAutistic","p2":"Beeman1000","format":"[Gen 9] OU","log":"|j|\u2606TotallyNotAutistic\n|j|\u2606Beeman1000\n|t:|1700100093\n|gametype|singles\n|player|p1|TotallyNotAutistic|n|1380\n|player|p2|Beeman1000|bugcatcher-gen4dp|1344\n|teamsize|p1|6\n|teamsize|p2|6\n|gen|9\n|tier|[Gen 9] OU\n|rated|\n|rule|Sleep Clause Mod: Limit one foe put to sleep\n|rule|Species Clause: Limit one of each Pok\u00e9mon\n|rule|OHKO Clause: OHKO moves are banned\n|rule|Evasion Items Clause: Evasion items are banned\n|rule|Evasion Moves Clause: Evasion moves are banned\n|rule|Endless Battle Clause: Forcing endless battles is banned\n|rule|HP Percentage Mod: HP is shown in percentages\n|clearpoke\n|poke|p1|Greninja-*, F|\n|poke|p1|Thundurus-Therian, M|\n|poke|p1|Cinderace, M|\n|poke|p1|Iron Treads|\n|poke|p1|Kingambit, F|\n|poke|p1|Ogerpon-Wellspring, F|\n|poke|p2|Torkoal, M|\n|poke|p2|Walking Wake|\n|poke|p2|Heatran, F|\n|poke|p2|Rillaboom, M|\n|poke|p2|Corviknight, M|\n|poke|p2|Rotom-Wash|\n|teampreview\n|\n|t:|1700100127\n|start\n|switch|p1a: Iron Treads|Iron Treads|100\/100\n|switch|p2a: Rotom|Rotom-Wash|100\/100\n|-enditem|p1a: Iron Treads|Booster Energy\n|-activate|p1a: Iron Treads|ability: Quark Drive|[fromitem]\n|-start|p1a: Iron Treads|quarkdrivespe\n|turn|1\n|\n|t:|1700100133\n|move|p1a: Iron Treads|Knock Off|p2a: Rotom\n|-damage|p2a: Rotom|69\/100\n|-enditem|p2a: Rotom|Choice Scarf|[from] move: Knock Off|[of] p1a: Iron Treads\n|move|p2a: Rotom|Hydro Pump|p1a: Iron Treads\n|-supereffective|p1a: Iron Treads\n|-damage|p1a: Iron Treads|0 fnt\n|faint|p1a: Iron Treads\n|-end|p1a: Iron Treads|Quark Drive|[silent]\n|\n|upkeep\n|\n|t:|1700100148\n|switch|p1a: Ogerpon|Ogerpon-Wellspring, F|100\/100\n|turn|2\n|\n|t:|1700100160\n|switch|p1a: Thundurus|Thundurus-Therian, M|100\/100\n|switch|p2a: Corviknight|Corviknight, M|100\/100\n|-ability|p2a: Corviknight|Pressure\n|\n|upkeep\n|turn|3\n|\n|t:|1700100181\n|-terastallize|p2a: Corviknight|Dragon\n|move|p1a: Thundurus|Volt Switch|p2a: Corviknight\n|-resisted|p2a: Corviknight\n|-damage|p2a: Corviknight|70\/100\n|\n|t:|1700100189\n|switch|p1a: Cinderace|Cinderace, M|100\/100|[from] Volt Switch\n|move|p2a: Corviknight|Roost|p2a: Corviknight\n|-heal|p2a: Corviknight|100\/100\n|\n|upkeep\n|turn|4\n|\n|t:|1700100197\n|move|p1a: Cinderace|Will-O-Wisp|p2a: Corviknight\n|-status|p2a: Corviknight|brn\n|move|p2a: Corviknight|U-turn|p1a: Cinderace\n|-resisted|p1a: Cinderace\n|-damage|p1a: Cinderace|95\/100\n|\n|t:|1700100201\n|switch|p2a: Rotom|Rotom-Wash|69\/100|[from] U-turn\n|\n|upkeep\n|turn|5\n|\n|t:|1700100205\n|move|p1a: Cinderace|U-turn|p2a: Rotom\n|-start|p1a: Cinderace|typechange|Bug|[from] ability: Libero\n|-damage|p2a: Rotom|25\/100\n|\n|t:|1700100210\n|switch|p1a: Ogerpon|Ogerpon-Wellspring, F|100\/100|[from] U-turn\n|move|p2a: Rotom|Trick||[still]\n|-fail|p2a: Rotom\n|\n|upkeep\n|turn|6\n|\n|t:|1700100223\n|move|p1a: Ogerpon|Ivy Cudgel|p2a: Rotom|[anim] Ivy Cudgel Water\n|-resisted|p2a: Rotom\n|-damage|p2a: Rotom|0 fnt\n|faint|p2a: Rotom\n|\n|upkeep\n|\n|t:|1700100230\n|switch|p2a: Rillaboom|Rillaboom, M|100\/100\n|-fieldstart|move: Grassy Terrain|[from] ability: Grassy Surge|[of] p2a: Rillaboom\n|turn|7\n|\n|t:|1700100235\n|move|p1a: Ogerpon|Spiky Shield|p1a: Ogerpon\n|-singleturn|p1a: Ogerpon|move: Protect\n|move|p2a: Rillaboom|Wood Hammer|p1a: Ogerpon\n|-activate|p1a: Ogerpon|move: Protect\n|-damage|p2a: Rillaboom|88\/100|[from] Spiky Shield|[of] p1a: Ogerpon\n|\n|-heal|p2a: Rillaboom|94\/100|[from] Grassy Terrain\n|upkeep\n|turn|8\n|\n|t:|1700100245\n|switch|p1a: Thundurus|Thundurus-Therian, M|100\/100\n|move|p2a: Rillaboom|Wood Hammer|p1a: Thundurus\n|-resisted|p1a: Thundurus\n|-damage|p1a: Thundurus|0 fnt\n|faint|p1a: Thundurus\n|-damage|p2a: Rillaboom|65\/100|[from] Recoil\n|\n|-heal|p2a: Rillaboom|71\/100|[from] Grassy Terrain\n|upkeep\n|\n|t:|1700100254\n|switch|p1a: Greninja|Greninja, F|100\/100\n|turn|9\n|\n|t:|1700100259\n|switch|p2a: Corviknight|Corviknight, M, tera:Dragon|100\/100 brn\n|-ability|p2a: Corviknight|Pressure\n|move|p1a: Greninja|Counter||[still]\n|-fail|p1a: Greninja\n|\n|-damage|p2a: Corviknight|94\/100 brn|[from] brn\n|upkeep\n|turn|10\n|\n|t:|1700100269\n|switch|p1a: Kingambit|Kingambit, F|100\/100\n|-activate|p1a: Kingambit|ability: Supreme Overlord\n|-start|p1a: Kingambit|fallen2|[silent]\n|move|p2a: Corviknight|U-turn|p1a: Kingambit\n|-damage|p1a: Kingambit|95\/100\n|\n|t:|1700100273\n|switch|p2a: Heatran|Heatran, F|100\/100|[from] U-turn\n|\n|-heal|p1a: Kingambit|100\/100|[from] Grassy Terrain\n|upkeep\n|turn|11\n|\n|t:|1700100281\n|-terastallize|p1a: Kingambit|Dark\n|move|p2a: Heatran|Magma Storm|p1a: Kingambit\n|-damage|p1a: Kingambit|58\/100\n|-activate|p1a: Kingambit|move: Magma Storm|[of] p2a: Heatran\n|move|p1a: Kingambit|Swords Dance|p1a: Kingambit\n|-boost|p1a: Kingambit|atk|2\n|\n|-heal|p1a: Kingambit|64\/100|[from] Grassy Terrain\n|-damage|p1a: Kingambit|52\/100|[from] move: Magma Storm|[partiallytrapped]\n|-fieldend|move: Grassy Terrain\n|upkeep\n|turn|12\n|\n|t:|1700100288\n|move|p2a: Heatran|Taunt|p1a: Kingambit\n|-start|p1a: Kingambit|move: Taunt\n|move|p1a: Kingambit|Kowtow Cleave|p2a: Heatran\n|-damage|p2a: Heatran|0 fnt\n|faint|p2a: Heatran\n|\n|-end|p1a: Kingambit|Magma Storm|[partiallytrapped]|[silent]\n|upkeep\n|\n|t:|1700100296\n|switch|p2a: Torkoal|Torkoal, M|100\/100\n|-weather|SunnyDay|[from] ability: Drought|[of] p2a: Torkoal\n|turn|13\n|\n|t:|1700100300\n|move|p1a: Kingambit|Kowtow Cleave|p2a: Torkoal\n|-damage|p2a: Torkoal|0 fnt\n|faint|p2a: Torkoal\n|\n|-weather|SunnyDay|[upkeep]\n|upkeep\n|\n|t:|1700100305\n|switch|p2a: Rillaboom|Rillaboom, M|71\/100\n|-fieldstart|move: Grassy Terrain|[from] ability: Grassy Surge|[of] p2a: Rillaboom\n|turn|14\n|\n|t:|1700100309\n|move|p1a: Kingambit|Sucker Punch|p2a: Rillaboom\n|-damage|p2a: Rillaboom|0 fnt\n|faint|p2a: Rillaboom\n|\n|-weather|SunnyDay|[upkeep]\n|-heal|p1a: Kingambit|58\/100|[from] Grassy Terrain\n|-end|p1a: Kingambit|move: Taunt\n|upkeep\n|\n|t:|1700100316\n|switch|p2a: Corviknight|Corviknight, M, tera:Dragon|94\/100 brn\n|-ability|p2a: Corviknight|Pressure\n|turn|15\n|\n|t:|1700100319\n|move|p2a: Corviknight|Body Press|p1a: Kingambit\n|-supereffective|p1a: Kingambit\n|-damage|p1a: Kingambit|38\/100\n|move|p1a: Kingambit|Kowtow Cleave|p2a: Corviknight\n|-damage|p2a: Corviknight|0 fnt\n|-damage|p1a: Kingambit|21\/100|[from] item: Rocky Helmet|[of] p2a: Corviknight\n|faint|p2a: Corviknight\n|\n|-weather|SunnyDay|[upkeep]\n|-heal|p1a: Kingambit|27\/100|[from] Grassy Terrain\n|upkeep\n|c|\u2606Beeman1000|gg\n|\n|t:|1700100325\n|switch|p2a: Walking Wake|Walking Wake|100\/100\n|-activate|p2a: Walking Wake|ability: Protosynthesis\n|-start|p2a: Walking Wake|protosynthesisspa\n|turn|16\n|c|\u2606TotallyNotAutistic|gg\n|\n|t:|1700100332\n|move|p1a: Kingambit|Sucker Punch|p2a: Walking Wake\n|-damage|p2a: Walking Wake|0 fnt\n|faint|p2a: Walking Wake\n|-end|p2a: Walking Wake|Protosynthesis|[silent]\n|\n|win|TotallyNotAutistic\n|raw|TotallyNotAutistic's rating: 1380 &rarr; <strong>1398<\/strong><br \/>(+18 for winning)\n|raw|Beeman1000's rating: 1344 &rarr; <strong>1326<\/strong><br \/>(-18 for losing)\n|c|\u2606Beeman1000|good reads\n|c|\u2606TotallyNotAutistic|ty\n|l|\u2606Beeman1000\n","uploadtime":1700100350,"views":12,"p1id":"totallynotautistic","p2id":"beeman1000","formatid":"gen9ou","rating":1326,"private":0,"password":""}