{"id":"gen9ou-1995605235","p1":"PoAlcatraz","p2":"Phoenix2405","format":"[Gen 9] OU","log":"|j|\u2606PoAlcatraz\n|j|\u2606Phoenix2405\n|t:|1700586836\n|gametype|singles\n|player|p1|PoAlcatraz|nate|1227\n|player|p2|Phoenix2405|may-contest|1221\n|teamsize|p1|6\n|teamsize|p2|6\n|gen|9\n|tier|[Gen 9] OU\n|rated|\n|rule|Sleep Clause Mod: Limit one foe put to sleep\n|rule|Species Clause: Limit one of each Pok\u00e9mon\n|rule|OHKO Clause: OHKO moves are banned\n|rule|Evasion Items Clause: Evasion items are banned\n|rule|Evasion Moves Clause: Evasion moves are banned\n|rule|Endless Battle Clause: Forcing endless battles is banned\n|rule|HP Percentage Mod: HP is shown in percentages\n|clearpoke\n|poke|p1|Infernape, M|\n|poke|p1|Corviknight, F|\n|poke|p1|Yanmega, F|\n|poke|p1|Kleavor, F|\n|poke|p1|Espeon, M|\n|poke|p1|Basculegion, M|\n|poke|p2|Dragapult, F|\n|poke|p2|Maushold-Four|\n|poke|p2|Iron Valiant|\n|poke|p2|Ceruledge, M|\n|poke|p2|Ninetales-Alola, F|\n|poke|p2|Kingambit, F|\n|teampreview\n|\n|t:|1700586847\n|start\n|switch|p1a: Corviknight|Corviknight, F|100\/100\n|switch|p2a: Siren|Dragapult, F, shiny|100\/100\n|turn|1\n|\n|t:|1700586856\n|move|p2a: Siren|Thunderbolt|p1a: Corviknight\n|-supereffective|p1a: Corviknight\n|-damage|p1a: Corviknight|13\/100\n|move|p1a: Corviknight|U-turn|p2a: Siren\n|-resisted|p2a: Siren\n|-crit|p2a: Siren\n|-damage|p2a: Siren|82\/100\n|\n|t:|1700586867\n|switch|p1a: Espeon|Espeon, M|100\/100|[from] U-turn\n|\n|upkeep\n|turn|2\n|\n|t:|1700586875\n|switch|p2a: TransRights|Ninetales-Alola, F, shiny|100\/100\n|-weather|Snow|[from] ability: Snow Warning|[of] p2a: TransRights\n|-terastallize|p1a: Espeon|Fairy\n|move|p1a: Espeon|Draining Kiss|p2a: TransRights\n|-damage|p2a: TransRights|70\/100\n|\n|-weather|Snow|[upkeep]\n|upkeep\n|turn|3\n|\n|t:|1700586885\n|move|p1a: Espeon|Psychic|p2a: TransRights\n|-damage|p2a: TransRights|22\/100\n|move|p2a: TransRights|Aurora Veil|p2a: TransRights\n|-sidestart|p2: Phoenix2405|move: Aurora Veil\n|\n|-weather|Snow|[upkeep]\n|upkeep\n|turn|4\n|\n|t:|1700586891\n|switch|p2a: Dunban|Kingambit, F|100\/100\n|move|p1a: Espeon|Psychic|p2a: Dunban\n|-immune|p2a: Dunban\n|\n|-weather|Snow|[upkeep]\n|upkeep\n|turn|5\n|c|\u2606PoAlcatraz|Fuck wasted Tera\n|\n|t:|1700586909\n|switch|p1a: Infernape|Infernape, M|100\/100\n|move|p2a: Dunban|Swords Dance|p2a: Dunban\n|-boost|p2a: Dunban|atk|2\n|\n|-weather|Snow|[upkeep]\n|upkeep\n|turn|6\n|\n|t:|1700586915\n|move|p1a: Infernape|Mach Punch|p2a: Dunban\n|-supereffective|p2a: Dunban\n|-damage|p2a: Dunban|53\/100\n|move|p2a: Dunban|Sucker Punch||[still]\n|-fail|p2a: Dunban\n|\n|-weather|none\n|upkeep\n|turn|7\n|\n|t:|1700586923\n|move|p1a: Infernape|Mach Punch|p2a: Dunban\n|-supereffective|p2a: Dunban\n|-damage|p2a: Dunban|7\/100\n|move|p2a: Dunban|Iron Head|p1a: Infernape\n|-resisted|p1a: Infernape\n|-damage|p1a: Infernape|28\/100\n|\n|upkeep\n|turn|8\n|\n|t:|1700586931\n|-end|p2a: Dunban|fallenundefined|[silent]\n|switch|p2a: Rex|Ceruledge, M|100\/100\n|move|p1a: Infernape|Mach Punch|p2a: Rex\n|-immune|p2a: Rex\n|\n|upkeep\n|turn|9\n|\n|t:|1700586937\n|switch|p1a: Basculegion|Basculegion, M|100\/100\n|move|p2a: Rex|Bulk Up|p2a: Rex\n|-boost|p2a: Rex|atk|1\n|-boost|p2a: Rex|def|1\n|\n|upkeep\n|turn|10\n|\n|t:|1700586948\n|move|p2a: Rex|Shadow Sneak|p1a: Basculegion\n|-supereffective|p1a: Basculegion\n|-damage|p1a: Basculegion|15\/100\n|move|p1a: Basculegion|Agility|p1a: Basculegion\n|-boost|p1a: Basculegion|spe|2\n|\n|-sideend|p2: Phoenix2405|move: Aurora Veil\n|upkeep\n|turn|11\n|\n|t:|1700586955\n|move|p1a: Basculegion|Aqua Jet|p2a: Rex\n|-supereffective|p2a: Rex\n|-damage|p2a: Rex|49\/100\n|-damage|p1a: Basculegion|5\/100|[from] item: Life Orb\n|move|p2a: Rex|Shadow Sneak|p1a: Basculegion\n|-supereffective|p1a: Basculegion\n|-damage|p1a: Basculegion|0 fnt\n|faint|p1a: Basculegion\n|\n|upkeep\n|\n|t:|1700586965\n|switch|p1a: Kleavor|Kleavor, F|100\/100\n|turn|12\n|\n|t:|1700586978\n|switch|p2a: Riki|Maushold-Four|100\/100\n|move|p1a: Kleavor|Stone Axe|p2a: Riki\n|-damage|p2a: Riki|17\/100\n|-sidestart|p2: Phoenix2405|move: Stealth Rock\n|\n|upkeep\n|turn|13\n|\n|t:|1700586986\n|move|p1a: Kleavor|Stone Axe|p2a: Riki\n|-damage|p2a: Riki|0 fnt\n|faint|p2a: Riki\n|\n|upkeep\n|\n|t:|1700586995\n|switch|p2a: Siren|Dragapult, F, shiny|82\/100\n|-damage|p2a: Siren|69\/100|[from] Stealth Rock\n|turn|14\n|\n|t:|1700587002\n|move|p1a: Kleavor|Stone Axe|p2a: Siren\n|-damage|p2a: Siren|0 fnt\n|faint|p2a: Siren\n|\n|upkeep\n|\n|t:|1700587010\n|switch|p2a: A|Iron Valiant|100\/100\n|-damage|p2a: A|94\/100|[from] Stealth Rock\n|-enditem|p2a: A|Booster Energy\n|-activate|p2a: A|ability: Quark Drive|[fromitem]\n|-start|p2a: A|quarkdrivespe\n|turn|15\n|\n|t:|1700587022\n|switch|p1a: Corviknight|Corviknight, F|13\/100\n|move|p2a: A|Moonblast|p1a: Corviknight\n|-resisted|p1a: Corviknight\n|-damage|p1a: Corviknight|0 fnt\n|faint|p1a: Corviknight\n|\n|upkeep\n|\n|t:|1700587027\n|switch|p1a: Espeon|Espeon, M, tera:Fairy|100\/100\n|turn|16\n|\n|t:|1700587035\n|-terastallize|p2a: A|Electric\n|move|p2a: A|Thunderbolt|p1a: Espeon\n|-damage|p1a: Espeon|43\/100\n|move|p1a: Espeon|Psychic|p2a: A\n|-damage|p2a: A|5\/100\n|\n|upkeep\n|turn|17\n|\n|t:|1700587041\n|move|p2a: A|Thunderbolt|p1a: Espeon\n|-crit|p1a: Espeon\n|-damage|p1a: Espeon|0 fnt\n|faint|p1a: Espeon\n|\n|upkeep\n|\n|t:|1700587044\n|switch|p1a: Infernape|Infernape, M|28\/100\n|turn|18\n|\n|t:|1700587050\n|move|p1a: Infernape|Mach Punch|p2a: A\n|-damage|p2a: A|0 fnt\n|faint|p2a: A\n|-end|p2a: A|Quark Drive|[silent]\n|\n|upkeep\n|\n|t:|1700587054\n|switch|p2a: Rex|Ceruledge, M|49\/100\n|turn|19\n|\n|t:|1700587060\n|move|p1a: Infernape|Thunder Punch|p2a: Rex\n|-damage|p2a: Rex|13\/100\n|move|p2a: Rex|Bitter Blade|p1a: Infernape\n|-resisted|p1a: Infernape\n|-damage|p1a: Infernape|0 fnt\n|-heal|p2a: Rex|25\/100|[from] drain|[of] p1a: Infernape\n|faint|p1a: Infernape\n|\n|upkeep\n|\n|t:|1700587069\n|switch|p1a: Kleavor|Kleavor, F|100\/100\n|turn|20\n|\n|t:|1700587074\n|move|p1a: Kleavor|Stone Axe|p2a: Rex\n|-supereffective|p2a: Rex\n|-damage|p2a: Rex|0 fnt\n|faint|p2a: Rex\n|\n|upkeep\n|\n|t:|1700587077\n|switch|p2a: TransRights|Ninetales-Alola, F, shiny|22\/100\n|-damage|p2a: TransRights|0 fnt|[from] Stealth Rock\n|faint|p2a: TransRights\n|\n|t:|1700587080\n|switch|p2a: Dunban|Kingambit, F|7\/100\n|-damage|p2a: Dunban|1\/100|[from] Stealth Rock\n|-activate|p2a: Dunban|ability: Supreme Overlord\n|-start|p2a: Dunban|fallen5|[silent]\n|turn|21\n|\n|t:|1700587085\n|move|p2a: Dunban|Sucker Punch|p1a: Kleavor\n|-damage|p1a: Kleavor|5\/100\n|move|p1a: Kleavor|Stone Axe|p2a: Dunban\n|-resisted|p2a: Dunban\n|-damage|p2a: Dunban|0 fnt\n|faint|p2a: Dunban\n|-end|p2a: Dunban|fallen5|[silent]\n|\n|win|PoAlcatraz\n|raw|PoAlcatraz's rating: 1227 &rarr; <strong>1252<\/strong><br \/>(+25 for winning)\n|raw|Phoenix2405's rating: 1221 &rarr; <strong>1196<\/strong><br \/>(-25 for losing)\n","uploadtime":1700586897,"views":1,"p1id":"poalcatraz","p2id":"phoenix2405","formatid":"gen9ou","rating":1196,"private":0,"password":""}