{"id":"gen9ou-1999835390","p1":"jokingjester3","p2":"Aceman2798","format":"[Gen 9] OU","log":"|j|\u2606jokingjester3\n|j|\u2606Aceman2798\n|t:|1701121193\n|gametype|singles\n|player|p1|jokingjester3|102|\n|player|p2|Aceman2798|acetrainer-gen4dp|\n|teamsize|p1|5\n|teamsize|p2|3\n|gen|9\n|tier|[Gen 9] OU\n|rule|Sleep Clause Mod: Limit one foe put to sleep\n|rule|Species Clause: Limit one of each Pok\u00e9mon\n|rule|OHKO Clause: OHKO moves are banned\n|rule|Evasion Items Clause: Evasion items are banned\n|rule|Evasion Moves Clause: Evasion moves are banned\n|rule|Endless Battle Clause: Forcing endless battles is banned\n|rule|HP Percentage Mod: HP is shown in percentages\n|clearpoke\n|poke|p1|Moltres-Galar|\n|poke|p1|Muk-Alola, M|\n|poke|p1|Iron Hands|\n|poke|p1|Weavile, M|\n|poke|p1|Rotom-Heat|\n|poke|p2|Ursaluna, F|\n|poke|p2|Chesnaught, M|\n|poke|p2|Meowscarada, F|\n|teampreview\n|\n|t:|1701121238\n|start\n|switch|p1a: Moltres|Moltres-Galar|100\/100\n|switch|p2a: Ursaluna|Ursaluna, F|100\/100\n|turn|1\n|\n|t:|1701121263\n|switch|p2a: Meowscarada|Meowscarada, F|100\/100\n|move|p1a: Moltres|Substitute|p1a: Moltres\n|-start|p1a: Moltres|Substitute\n|-damage|p1a: Moltres|76\/100\n|\n|upkeep\n|turn|2\n|\n|t:|1701121281\n|move|p2a: Meowscarada|Play Rough|p1a: Moltres\n|-start|p2a: Meowscarada|typechange|Fairy|[from] ability: Protean\n|-supereffective|p1a: Moltres\n|-end|p1a: Moltres|Substitute\n|move|p1a: Moltres|Nasty Plot|p1a: Moltres\n|-boost|p1a: Moltres|spa|2\n|\n|upkeep\n|turn|3\n|\n|t:|1701121307\n|move|p2a: Meowscarada|Play Rough|p1a: Moltres\n|-supereffective|p1a: Moltres\n|-damage|p1a: Moltres|0 fnt\n|faint|p1a: Moltres\n|\n|upkeep\n|\n|t:|1701121336\n|switch|p1a: Muk|Muk-Alola, M|100\/100\n|turn|4\n|\n|t:|1701121358\n|move|p2a: Meowscarada|Play Rough|p1a: Muk\n|-crit|p1a: Muk\n|-damage|p1a: Muk|32\/100\n|move|p1a: Muk|Poison Jab|p2a: Meowscarada\n|-supereffective|p2a: Meowscarada\n|-enditem|p2a: Meowscarada|Focus Sash\n|-damage|p2a: Meowscarada|1\/100\n|-status|p2a: Meowscarada|psn\n|\n|-damage|p2a: Meowscarada|0 fnt|[from] psn\n|faint|p2a: Meowscarada\n|upkeep\n|\n|t:|1701121361\n|switch|p2a: Ursaluna|Ursaluna, F|100\/100\n|turn|5\n|\n|t:|1701121375\n|move|p2a: Ursaluna|Protect|p2a: Ursaluna\n|-singleturn|p2a: Ursaluna|Protect\n|move|p1a: Muk|Knock Off|p2a: Ursaluna\n|-activate|p2a: Ursaluna|move: Protect\n|\n|-status|p2a: Ursaluna|brn|[from] item: Flame Orb\n|upkeep\n|turn|6\n|\n|t:|1701121382\n|move|p2a: Ursaluna|Trailblaze|p1a: Muk\n|-resisted|p1a: Muk\n|-damage|p1a: Muk|19\/100\n|-boost|p2a: Ursaluna|spe|1\n|move|p1a: Muk|Ice Punch|p2a: Ursaluna\n|-supereffective|p2a: Ursaluna\n|-damage|p2a: Ursaluna|64\/100 brn\n|\n|-damage|p2a: Ursaluna|57\/100 brn|[from] brn\n|upkeep\n|turn|7\n|\n|t:|1701121392\n|-terastallize|p2a: Ursaluna|Normal\n|move|p2a: Ursaluna|Trailblaze|p1a: Muk\n|-resisted|p1a: Muk\n|-damage|p1a: Muk|6\/100\n|-boost|p2a: Ursaluna|spe|1\n|move|p1a: Muk|Ice Punch|p2a: Ursaluna\n|-crit|p2a: Ursaluna\n|-damage|p2a: Ursaluna|30\/100 brn\n|\n|-damage|p2a: Ursaluna|23\/100 brn|[from] brn\n|upkeep\n|turn|8\n|\n|t:|1701121419\n|switch|p1a: Iron Hands|Iron Hands|100\/100\n|move|p2a: Ursaluna|Trailblaze|p1a: Iron Hands\n|-damage|p1a: Iron Hands|84\/100\n|-boost|p2a: Ursaluna|spe|1\n|\n|-damage|p2a: Ursaluna|17\/100 brn|[from] brn\n|upkeep\n|turn|9\n|\n|t:|1701121435\n|move|p2a: Ursaluna|Protect|p2a: Ursaluna\n|-singleturn|p2a: Ursaluna|Protect\n|move|p1a: Iron Hands|Fake Out|p2a: Ursaluna\n|-activate|p2a: Ursaluna|move: Protect\n|\n|-damage|p2a: Ursaluna|11\/100 brn|[from] brn\n|upkeep\n|turn|10\n|\n|t:|1701121446\n|move|p2a: Ursaluna|Headlong Rush|p1a: Iron Hands\n|-supereffective|p1a: Iron Hands\n|-damage|p1a: Iron Hands|0 fnt\n|-unboost|p2a: Ursaluna|def|1\n|-unboost|p2a: Ursaluna|spd|1\n|faint|p1a: Iron Hands\n|-end|p1a: Iron Hands|Quark Drive|[silent]\n|\n|-damage|p2a: Ursaluna|5\/100 brn|[from] brn\n|upkeep\n|\n|t:|1701121453\n|switch|p1a: Weavile|Weavile, M|100\/100\n|turn|11\n|\n|t:|1701121457\n|move|p1a: Weavile|Ice Shard|p2a: Ursaluna\n|-damage|p2a: Ursaluna|0 fnt\n|faint|p2a: Ursaluna\n|\n|upkeep\n|\n|t:|1701121459\n|switch|p2a: Chesnaught|Chesnaught, M|100\/100\n|turn|12\n|\n|t:|1701121469\n|move|p1a: Weavile|Ice Spinner|p2a: Chesnaught\n|-supereffective|p2a: Chesnaught\n|-damage|p2a: Chesnaught|42\/100\n|move|p2a: Chesnaught|Iron Defense|p2a: Chesnaught\n|-boost|p2a: Chesnaught|def|2\n|\n|upkeep\n|turn|13\n|\n|t:|1701121487\n|-terastallize|p1a: Weavile|Electric\n|move|p1a: Weavile|Ice Spinner|p2a: Chesnaught\n|-supereffective|p2a: Chesnaught\n|-damage|p2a: Chesnaught|9\/100\n|move|p2a: Chesnaught|Synthesis|p2a: Chesnaught\n|-heal|p2a: Chesnaught|59\/100\n|\n|upkeep\n|turn|14\n|\n|t:|1701121495\n|move|p1a: Weavile|Swords Dance|p1a: Weavile\n|-boost|p1a: Weavile|atk|2\n|move|p2a: Chesnaught|Synthesis|p2a: Chesnaught\n|-heal|p2a: Chesnaught|100\/100\n|\n|upkeep\n|turn|15\n|\n|t:|1701121511\n|move|p1a: Weavile|Ice Spinner|p2a: Chesnaught\n|-supereffective|p2a: Chesnaught\n|-damage|p2a: Chesnaught|45\/100\n|move|p2a: Chesnaught|Iron Defense|p2a: Chesnaught\n|-boost|p2a: Chesnaught|def|2\n|\n|upkeep\n|turn|16\n|\n|t:|1701121521\n|move|p1a: Weavile|Ice Spinner|p2a: Chesnaught\n|-supereffective|p2a: Chesnaught\n|-damage|p2a: Chesnaught|2\/100\n|move|p2a: Chesnaught|Synthesis|p2a: Chesnaught\n|-heal|p2a: Chesnaught|52\/100\n|\n|upkeep\n|turn|17\n|\n|t:|1701121527\n|move|p1a: Weavile|Ice Spinner|p2a: Chesnaught\n|-supereffective|p2a: Chesnaught\n|-damage|p2a: Chesnaught|8\/100\n|move|p2a: Chesnaught|Synthesis|p2a: Chesnaught\n|-heal|p2a: Chesnaught|58\/100\n|\n|upkeep\n|turn|18\n|\n|t:|1701121534\n|move|p1a: Weavile|Ice Spinner|p2a: Chesnaught\n|-supereffective|p2a: Chesnaught\n|-damage|p2a: Chesnaught|18\/100\n|move|p2a: Chesnaught|Synthesis|p2a: Chesnaught\n|-heal|p2a: Chesnaught|68\/100\n|\n|upkeep\n|turn|19\n|\n|t:|1701121544\n|move|p1a: Weavile|Ice Spinner|p2a: Chesnaught\n|-supereffective|p2a: Chesnaught\n|-damage|p2a: Chesnaught|24\/100\n|move|p2a: Chesnaught|Synthesis|p2a: Chesnaught\n|-heal|p2a: Chesnaught|74\/100\n|\n|upkeep\n|turn|20\n|\n|t:|1701121550\n|move|p1a: Weavile|Ice Spinner|p2a: Chesnaught\n|-supereffective|p2a: Chesnaught\n|-damage|p2a: Chesnaught|34\/100\n|move|p2a: Chesnaught|Synthesis|p2a: Chesnaught\n|-heal|p2a: Chesnaught|84\/100\n|\n|upkeep\n|turn|21\n|\n|t:|1701121558\n|move|p1a: Weavile|Ice Spinner|p2a: Chesnaught\n|-supereffective|p2a: Chesnaught\n|-damage|p2a: Chesnaught|40\/100\n|move|p2a: Chesnaught|Leech Seed|p1a: Weavile\n|-start|p1a: Weavile|move: Leech Seed\n|\n|-damage|p1a: Weavile|88\/100|[from] Leech Seed|[of] p2a: Chesnaught\n|-heal|p2a: Chesnaught|49\/100|[silent]\n|upkeep\n|turn|22\n|\n|t:|1701121566\n|move|p1a: Weavile|Ice Shard|p2a: Chesnaught\n|-supereffective|p2a: Chesnaught\n|-damage|p2a: Chesnaught|28\/100\n|move|p2a: Chesnaught|Synthesis|p2a: Chesnaught\n|-heal|p2a: Chesnaught|78\/100\n|\n|-damage|p1a: Weavile|76\/100|[from] Leech Seed|[of] p2a: Chesnaught\n|-heal|p2a: Chesnaught|87\/100|[silent]\n|upkeep\n|turn|23\n|\n|t:|1701121575\n|move|p1a: Weavile|Swords Dance|p1a: Weavile\n|-boost|p1a: Weavile|atk|2\n|move|p2a: Chesnaught|Iron Defense|p2a: Chesnaught\n|-boost|p2a: Chesnaught|def|2\n|\n|-damage|p1a: Weavile|63\/100|[from] Leech Seed|[of] p2a: Chesnaught\n|-heal|p2a: Chesnaught|97\/100|[silent]\n|upkeep\n|turn|24\n|\n|t:|1701121583\n|move|p1a: Weavile|Swords Dance|p1a: Weavile\n|-boost|p1a: Weavile|atk|2\n|move|p2a: Chesnaught|Body Press|p1a: Weavile\n|-damage|p1a: Weavile|0 fnt\n|faint|p1a: Weavile\n|\n|upkeep\n|\n|t:|1701121588\n|switch|p1a: Rotom|Rotom-Heat|100\/100\n|turn|25\n|\n|t:|1701121593\n|move|p1a: Rotom|Overheat|p2a: Chesnaught\n|-supereffective|p2a: Chesnaught\n|-damage|p2a: Chesnaught|0 fnt\n|-unboost|p1a: Rotom|spa|2\n|faint|p2a: Chesnaught\n|\n|win|jokingjester3\n","uploadtime":1701121611,"views":43,"p1id":"jokingjester3","p2id":"aceman2798","formatid":"gen9ou","rating":0,"private":0,"password":""}