{"id":"gen9ou-1991487088","p1":"cartertben","p2":"Alien Apparatus","format":"[Gen 9] OU","log":"|j|\u2606cartertben\n|j|\u2606Alien Apparatus\n|t:|1700081416\n|gametype|singles\n|player|p1|cartertben|lusamine-nihilego|1122\n|player|p2|Alien Apparatus|2|1160\n|teamsize|p1|6\n|teamsize|p2|6\n|gen|9\n|tier|[Gen 9] OU\n|rated|\n|rule|Sleep Clause Mod: Limit one foe put to sleep\n|rule|Species Clause: Limit one of each Pok\u00e9mon\n|rule|OHKO Clause: OHKO moves are banned\n|rule|Evasion Items Clause: Evasion items are banned\n|rule|Evasion Moves Clause: Evasion moves are banned\n|rule|Endless Battle Clause: Forcing endless battles is banned\n|rule|HP Percentage Mod: HP is shown in percentages\n|clearpoke\n|poke|p1|Landorus-Therian, M|\n|poke|p1|Alomomola, F|\n|poke|p1|Mew|\n|poke|p1|Rotom-Heat|\n|poke|p1|Slowking-Galar, F|\n|poke|p1|Meowscarada, M|\n|poke|p2|Amoonguss, M|\n|poke|p2|Gholdengo|\n|poke|p2|Zamazenta-*|\n|poke|p2|Ting-Lu|\n|poke|p2|Zapdos|\n|poke|p2|Slowking, F|\n|teampreview\n|inactive|Battle timer is ON: inactive players will automatically lose when time's up. (requested by cartertben)\n|\n|t:|1700081433\n|start\n|switch|p1a: Landorus|Landorus-Therian, M|100\/100\n|switch|p2a: Ting-Lu|Ting-Lu|100\/100\n|-ability|p1a: Landorus|Intimidate|boost\n|-unboost|p2a: Ting-Lu|atk|1\n|-ability|p2a: Ting-Lu|Vessel of Ruin\n|turn|1\n|\n|t:|1700081439\n|move|p1a: Landorus|Nasty Plot|p1a: Landorus\n|-boost|p1a: Landorus|spa|2\n|move|p2a: Ting-Lu|Stealth Rock|p1a: Landorus\n|-sidestart|p1: cartertben|move: Stealth Rock\n|\n|upkeep\n|turn|2\n|\n|t:|1700081443\n|move|p1a: Landorus|Earth Power|p2a: Ting-Lu\n|-damage|p2a: Ting-Lu|58\/100\n|-damage|p1a: Landorus|91\/100|[from] item: Life Orb\n|move|p2a: Ting-Lu|Whirlwind|p1a: Landorus\n|drag|p1a: Rotom|Rotom-Heat|100\/100\n|\n|upkeep\n|turn|3\n|\n|t:|1700081461\n|switch|p2a: Slowking|Slowking, F|100\/100\n|move|p1a: Rotom|Overheat|p2a: Slowking\n|-resisted|p2a: Slowking\n|-damage|p2a: Slowking|85\/100\n|-unboost|p1a: Rotom|spa|2\n|\n|upkeep\n|turn|4\n|\n|t:|1700081467\n|move|p1a: Rotom|Thunder Wave|p2a: Slowking\n|-status|p2a: Slowking|par\n|cant|p2a: Slowking|par\n|\n|upkeep\n|turn|5\n|\n|t:|1700081471\n|move|p1a: Rotom|Volt Switch|p2a: Slowking\n|-supereffective|p2a: Slowking\n|-damage|p2a: Slowking|66\/100 par\n|\n|t:|1700081478\n|switch|p1a: Mew|Mew|100\/100|[from] Volt Switch\n|-damage|p1a: Mew|88\/100|[from] Stealth Rock\n|move|p2a: Slowking|Future Sight|p1a: Mew\n|-start|p2a: Slowking|move: Future Sight\n|\n|-heal|p1a: Mew|94\/100|[from] item: Leftovers\n|upkeep\n|turn|6\n|\n|t:|1700081487\n|switch|p1a: Slowking|Slowking-Galar, F|100\/100\n|cant|p2a: Slowking|par\n|\n|upkeep\n|turn|7\n|\n|t:|1700081504\n|switch|p2a: Gholdengo|Gholdengo|100\/100\n|move|p1a: Slowking|Future Sight|p2a: Gholdengo\n|-start|p1a: Slowking|move: Future Sight\n|\n|-end|p1a: Slowking|move: Future Sight\n|-damage|p1a: Slowking|76\/100\n|upkeep\n|turn|8\n|\n|t:|1700081511\n|move|p2a: Gholdengo|Shadow Ball|p1a: Slowking\n|-supereffective|p1a: Slowking\n|-damage|p1a: Slowking|2\/100\n|-unboost|p1a: Slowking|spd|1\n|move|p1a: Slowking|Flamethrower|p2a: Gholdengo\n|-supereffective|p2a: Gholdengo\n|-damage|p2a: Gholdengo|49\/100\n|\n|upkeep\n|turn|9\n|\n|t:|1700081520\n|switch|p2a: Ting-Lu|Ting-Lu|58\/100\n|-ability|p2a: Ting-Lu|Vessel of Ruin\n|switch|p1a: Meowscarada|Meowscarada, M|100\/100\n|-damage|p1a: Meowscarada|88\/100|[from] Stealth Rock\n|\n|-end|p2a: Ting-Lu|move: Future Sight\n|-immune|p2a: Ting-Lu\n|upkeep\n|turn|10\n|\n|t:|1700081532\n|switch|p2a: Zapdos|Zapdos|100\/100\n|move|p1a: Meowscarada|Knock Off|p2a: Zapdos\n|-start|p1a: Meowscarada|typechange|Dark|[from] ability: Protean\n|-damage|p2a: Zapdos|48\/100\n|-enditem|p2a: Zapdos|Heavy-Duty Boots|[from] move: Knock Off|[of] p1a: Meowscarada\n|\n|upkeep\n|turn|11\n|\n|t:|1700081546\n|switch|p1a: Landorus|Landorus-Therian, M|91\/100\n|-damage|p1a: Landorus|79\/100|[from] Stealth Rock\n|-ability|p1a: Landorus|Intimidate|boost\n|-unboost|p2a: Zapdos|atk|1\n|switch|p2a: Amoonguss|Amoonguss, M|100\/100\n|\n|upkeep\n|turn|12\n|\n|t:|1700081557\n|move|p1a: Landorus|Psychic|p2a: Amoonguss\n|-supereffective|p2a: Amoonguss\n|-damage|p2a: Amoonguss|38\/100\n|-damage|p1a: Landorus|69\/100|[from] item: Life Orb\n|move|p2a: Amoonguss|Spore|p1a: Landorus\n|-status|p1a: Landorus|slp|[from] move: Spore\n|\n|upkeep\n|turn|13\n|inactive|Alien Apparatus has 120 seconds left.\n|\n|t:|1700081600\n|switch|p2a: Slowking|Slowking, F|99\/100 par\n|cant|p1a: Landorus|slp\n|\n|upkeep\n|turn|14\n|\n|t:|1700081609\n|cant|p1a: Landorus|slp\n|move|p2a: Slowking|Chilly Reception|p2a: Slowking\n|-weather|Snow\n|\n|t:|1700081616\n|switch|p2a: Zapdos|Zapdos|48\/100|[from] Chilly Reception\n|\n|-weather|Snow|[upkeep]\n|upkeep\n|turn|15\n|\n|t:|1700081621\n|move|p2a: Zapdos|Weather Ball|p1a: Landorus\n|-supereffective|p1a: Landorus\n|-damage|p1a: Landorus|0 fnt\n|faint|p1a: Landorus\n|\n|-weather|Snow|[upkeep]\n|upkeep\n|\n|t:|1700081628\n|switch|p1a: Rotom|Rotom-Heat|100\/100\n|turn|16\n|\n|t:|1700081633\n|switch|p2a: Slowking|Slowking, F|100\/100 par\n|move|p1a: Rotom|Overheat|p2a: Slowking\n|-resisted|p2a: Slowking\n|-damage|p2a: Slowking|82\/100 par\n|-unboost|p1a: Rotom|spa|2\n|\n|-weather|Snow|[upkeep]\n|upkeep\n|turn|17\n|\n|t:|1700081645\n|switch|p1a: Meowscarada|Meowscarada, M|88\/100\n|-damage|p1a: Meowscarada|76\/100|[from] Stealth Rock\n|move|p2a: Slowking|Future Sight|p1a: Meowscarada\n|-start|p2a: Slowking|move: Future Sight\n|\n|-weather|Snow|[upkeep]\n|upkeep\n|turn|18\n|\n|t:|1700081661\n|switch|p2a: Amoonguss|Amoonguss, M|71\/100\n|move|p1a: Meowscarada|Spikes|p2a: Amoonguss\n|-start|p1a: Meowscarada|typechange|Ground|[from] ability: Protean\n|-sidestart|p2: Alien Apparatus|Spikes\n|\n|-weather|none\n|upkeep\n|turn|19\n|\n|t:|1700081672\n|switch|p1a: Mew|Mew|94\/100\n|-damage|p1a: Mew|82\/100|[from] Stealth Rock\n|move|p2a: Amoonguss|Sludge Bomb|p1a: Mew\n|-damage|p1a: Mew|55\/100\n|\n|-end|p1a: Mew|move: Future Sight\n|-resisted|p1a: Mew\n|-damage|p1a: Mew|35\/100\n|-heal|p1a: Mew|41\/100|[from] item: Leftovers\n|upkeep\n|turn|20\n|\n|t:|1700081702\n|switch|p2a: Slowking|Slowking, F|100\/100 par\n|move|p1a: Mew|Transform|p2a: Slowking\n|-transform|p1a: Mew|p2a: Slowking\n|\n|-heal|p1a: Mew|47\/100|[from] item: Leftovers\n|upkeep\n|turn|21\n|\n|t:|1700081714\n|move|p1a: Mew|Future Sight|p2a: Slowking\n|-start|p1a: Mew|move: Future Sight\n|move|p2a: Slowking|Future Sight|p1a: Mew\n|-start|p2a: Slowking|move: Future Sight\n|\n|-heal|p1a: Mew|53\/100|[from] item: Leftovers\n|upkeep\n|turn|22\n|\n|t:|1700081723\n|move|p1a: Mew|Slack Off|p1a: Mew\n|-heal|p1a: Mew|100\/100\n|move|p2a: Slowking|Scald|p1a: Mew\n|-resisted|p1a: Mew\n|-damage|p1a: Mew|92\/100\n|-status|p1a: Mew|brn\n|\n|-heal|p1a: Mew|98\/100 brn|[from] item: Leftovers\n|-damage|p1a: Mew|92\/100 brn|[from] brn\n|upkeep\n|turn|23\n|\n|t:|1700081735\n|move|p1a: Mew|Scald|p2a: Slowking\n|-resisted|p2a: Slowking\n|-damage|p2a: Slowking|93\/100 par\n|move|p2a: Slowking|Scald|p1a: Mew\n|-resisted|p1a: Mew\n|-damage|p1a: Mew|82\/100 brn\n|\n|-end|p2a: Slowking|move: Future Sight\n|-resisted|p2a: Slowking\n|-damage|p2a: Slowking|81\/100 par\n|-end|p1a: Mew|move: Future Sight\n|-resisted|p1a: Mew\n|-damage|p1a: Mew|67\/100 brn\n|-heal|p1a: Mew|73\/100 brn|[from] item: Leftovers\n|-damage|p1a: Mew|67\/100 brn|[from] brn\n|upkeep\n|turn|24\n|\n|t:|1700081752\n|move|p1a: Mew|Future Sight|p2a: Slowking\n|-start|p1a: Mew|move: Future Sight\n|move|p2a: Slowking|Chilly Reception|p2a: Slowking\n|-weather|Snow\n|\n|t:|1700081757\n|switch|p2a: Zapdos|Zapdos|48\/100|[from] Chilly Reception\n|\n|-weather|Snow|[upkeep]\n|-heal|p1a: Mew|73\/100 brn|[from] item: Leftovers\n|-damage|p1a: Mew|67\/100 brn|[from] brn\n|upkeep\n|turn|25\n|\n|t:|1700081768\n|move|p2a: Zapdos|Volt Switch|p1a: Mew\n|-supereffective|p1a: Mew\n|-damage|p1a: Mew|20\/100 brn\n|\n|t:|1700081773\n|switch|p2a: Zamazenta|Zamazenta|100\/100|[from] Volt Switch\n|-ability|p2a: Zamazenta|Dauntless Shield|boost\n|-boost|p2a: Zamazenta|def|1\n|move|p1a: Mew|Chilly Reception|p1a: Mew\n|\n|t:|1700081778\n|switch|p1a: Alomomola|Alomomola, F|100\/100|[from] Chilly Reception\n|-damage|p1a: Alomomola|88\/100|[from] Stealth Rock\n|\n|-weather|Snow|[upkeep]\n|upkeep\n|turn|26\n|\n|t:|1700081784\n|switch|p2a: Amoonguss|Amoonguss, M|100\/100\n|move|p1a: Alomomola|Flip Turn|p2a: Amoonguss\n|-resisted|p2a: Amoonguss\n|-damage|p2a: Amoonguss|94\/100\n|\n|t:|1700081796\n|switch|p1a: Rotom|Rotom-Heat|100\/100|[from] Flip Turn\n|\n|-weather|Snow|[upkeep]\n|-end|p2a: Amoonguss|move: Future Sight\n|-supereffective|p2a: Amoonguss\n|-damage|p2a: Amoonguss|31\/100\n|upkeep\n|turn|27\n|\n|t:|1700081806\n|switch|p2a: Slowking|Slowking, F|100\/100 par\n|move|p1a: Rotom|Volt Switch|p2a: Slowking\n|-supereffective|p2a: Slowking\n|-damage|p2a: Slowking|60\/100 par\n|\n|t:|1700081811\n|switch|p1a: Meowscarada|Meowscarada, M|76\/100|[from] Volt Switch\n|-damage|p1a: Meowscarada|64\/100|[from] Stealth Rock\n|\n|-weather|Snow|[upkeep]\n|upkeep\n|turn|28\n|\n|t:|1700081831\n|switch|p2a: Amoonguss|Amoonguss, M|65\/100\n|move|p1a: Meowscarada|Flower Trick|p2a: Amoonguss\n|-start|p1a: Meowscarada|typechange|Grass|[from] ability: Protean\n|-resisted|p2a: Amoonguss\n|-crit|p2a: Amoonguss\n|-damage|p2a: Amoonguss|55\/100\n|\n|-weather|none\n|upkeep\n|turn|29\n|\n|t:|1700081845\n|switch|p1a: Slowking|Slowking-Galar, F|35\/100\n|move|p2a: Amoonguss|Sludge Bomb|p1a: Slowking\n|-resisted|p1a: Slowking\n|-damage|p1a: Slowking|26\/100\n|\n|upkeep\n|turn|30\n|\n|t:|1700081860\n|move|p1a: Slowking|Slack Off|p1a: Slowking\n|-heal|p1a: Slowking|76\/100\n|move|p2a: Amoonguss|Spore|p1a: Slowking\n|-status|p1a: Slowking|slp|[from] move: Spore\n|\n|upkeep\n|turn|31\n|inactive|Alien Apparatus has 120 seconds left.\n|\n|t:|1700081894\n|switch|p2a: Zamazenta|Zamazenta|100\/100\n|switch|p1a: Rotom|Rotom-Heat|100\/100\n|\n|upkeep\n|turn|32\n|inactive|Alien Apparatus has 120 seconds left.\n|\n|t:|1700081912\n|move|p2a: Zamazenta|Stone Edge|p1a: Rotom\n|-supereffective|p1a: Rotom\n|-damage|p1a: Rotom|8\/100\n|move|p1a: Rotom|Thunder Wave|p2a: Zamazenta\n|-status|p2a: Zamazenta|par\n|\n|upkeep\n|turn|33\n|inactive|Alien Apparatus has 120 seconds left.\n|inactive|Alien Apparatus has 90 seconds left.\n|\n|t:|1700081957\n|switch|p2a: Slowking|Slowking, F|94\/100 par\n|move|p1a: Rotom|Volt Switch|p2a: Slowking\n|-supereffective|p2a: Slowking\n|-damage|p2a: Slowking|59\/100 par\n|\n|t:|1700081968\n|switch|p1a: Meowscarada|Meowscarada, M|64\/100|[from] Volt Switch\n|-damage|p1a: Meowscarada|51\/100|[from] Stealth Rock\n|\n|upkeep\n|turn|34\n|\n|t:|1700081973\n|switch|p2a: Amoonguss|Amoonguss, M|88\/100\n|move|p1a: Meowscarada|Knock Off|p2a: Amoonguss\n|-start|p1a: Meowscarada|typechange|Dark|[from] ability: Protean\n|-crit|p2a: Amoonguss\n|-damage|p2a: Amoonguss|33\/100\n|-enditem|p2a: Amoonguss|Heavy-Duty Boots|[from] move: Knock Off|[of] p1a: Meowscarada\n|\n|upkeep\n|turn|35\n|\n|t:|1700081985\n|move|p1a: Meowscarada|Knock Off|p2a: Amoonguss\n|-damage|p2a: Amoonguss|11\/100\n|move|p2a: Amoonguss|Giga Drain|p1a: Meowscarada\n|-damage|p1a: Meowscarada|18\/100\n|-heal|p2a: Amoonguss|22\/100|[from] drain|[of] p1a: Meowscarada\n|\n|upkeep\n|turn|36\n|inactive|Alien Apparatus has 90 seconds left.\n|\n|t:|1700082013\n|switch|p2a: Zamazenta|Zamazenta|100\/100 par\n|move|p1a: Meowscarada|Knock Off|p2a: Zamazenta\n|-resisted|p2a: Zamazenta\n|-damage|p2a: Zamazenta|82\/100 par\n|-enditem|p2a: Zamazenta|Heavy-Duty Boots|[from] move: Knock Off|[of] p1a: Meowscarada\n|\n|upkeep\n|turn|37\n|inactive|Alien Apparatus has 90 seconds left.\n|\n|t:|1700082028\n|switch|p1a: Slowking|Slowking-Galar, F|100\/100 slp\n|move|p2a: Zamazenta|Heavy Slam|p1a: Slowking\n|-damage|p1a: Slowking|78\/100 slp\n|\n|upkeep\n|turn|38\n|\n|t:|1700082034\n|move|p2a: Zamazenta|Crunch|p1a: Slowking\n|-supereffective|p1a: Slowking\n|-damage|p1a: Slowking|20\/100 slp\n|cant|p1a: Slowking|slp\n|\n|upkeep\n|turn|39\n|\n|t:|1700082039\n|switch|p1a: Alomomola|Alomomola, F|100\/100\n|-damage|p1a: Alomomola|88\/100|[from] Stealth Rock\n|move|p2a: Zamazenta|Crunch|p1a: Alomomola\n|-damage|p1a: Alomomola|75\/100\n|\n|upkeep\n|turn|40\n|\n|t:|1700082052\n|switch|p2a: Zapdos|Zapdos|48\/100\n|move|p1a: Alomomola|Wish|p1a: Alomomola\n|\n|upkeep\n|turn|41\n|\n|t:|1700082057\n|move|p2a: Zapdos|Roost|p2a: Zapdos\n|-heal|p2a: Zapdos|98\/100\n|-singleturn|p2a: Zapdos|move: Roost\n|move|p1a: Alomomola|Flip Turn|p2a: Zapdos\n|-damage|p2a: Zapdos|78\/100\n|\n|t:|1700082062\n|switch|p1a: Rotom|Rotom-Heat|8\/100|[from] Flip Turn\n|\n|-heal|p1a: Rotom|100\/100|[from] move: Wish|[wisher] Alomomola\n|upkeep\n|turn|42\n|inactive|Alien Apparatus has 120 seconds left.\n|\n|t:|1700082087\n|switch|p2a: Slowking|Slowking, F|92\/100 par\n|move|p1a: Rotom|Overheat|p2a: Slowking\n|-resisted|p2a: Slowking\n|-damage|p2a: Slowking|75\/100 par\n|-unboost|p1a: Rotom|spa|2\n|\n|upkeep\n|turn|43\n|\n|t:|1700082095\n|switch|p1a: Alomomola|Alomomola, F|100\/100\n|-damage|p1a: Alomomola|88\/100|[from] Stealth Rock\n|move|p2a: Slowking|Chilly Reception|p2a: Slowking\n|-weather|Snow\n|\n|t:|1700082113\n|switch|p2a: Zapdos|Zapdos|78\/100|[from] Chilly Reception\n|\n|-weather|Snow|[upkeep]\n|upkeep\n|turn|44\n|\n|t:|1700082124\n|switch|p1a: Slowking|Slowking-Galar, F|53\/100 slp\n|move|p2a: Zapdos|Volt Switch|p1a: Slowking\n|-damage|p1a: Slowking|31\/100 slp\n|\n|t:|1700082130\n|switch|p2a: Zamazenta|Zamazenta|82\/100 par|[from] Volt Switch\n|-damage|p2a: Zamazenta|69\/100 par|[from] Spikes\n|\n|-weather|Snow|[upkeep]\n|upkeep\n|turn|45\n|\n|t:|1700082134\n|switch|p1a: Alomomola|Alomomola, F|100\/100\n|-damage|p1a: Alomomola|88\/100|[from] Stealth Rock\n|move|p2a: Zamazenta|Crunch|p1a: Alomomola\n|-damage|p1a: Alomomola|75\/100\n|-unboost|p1a: Alomomola|def|1\n|\n|-weather|Snow|[upkeep]\n|upkeep\n|turn|46\n|inactive|Alien Apparatus has 120 seconds left.\n|\n|t:|1700082149\n|cant|p2a: Zamazenta|par\n|move|p1a: Alomomola|Wish|p1a: Alomomola\n|\n|-weather|Snow|[upkeep]\n|upkeep\n|turn|47\n|\n|t:|1700082156\n|switch|p2a: Zapdos|Zapdos|78\/100\n|switch|p1a: Mew|Mew|53\/100 brn\n|-damage|p1a: Mew|40\/100 brn|[from] Stealth Rock\n|\n|-weather|none\n|-heal|p1a: Mew|100\/100 brn|[from] move: Wish|[wisher] Alomomola\n|-damage|p1a: Mew|94\/100 brn|[from] brn\n|upkeep\n|turn|48\n|inactive|Alien Apparatus has 120 seconds left.\n|\n|t:|1700082176\n|move|p1a: Mew|Toxic|p2a: Zapdos|[miss]\n|-miss|p1a: Mew|p2a: Zapdos\n|move|p2a: Zapdos|Volt Switch|p1a: Mew\n|-damage|p1a: Mew|56\/100 brn\n|\n|t:|1700082187\n|switch|p2a: Slowking|Slowking, F|100\/100 par|[from] Volt Switch\n|\n|-heal|p1a: Mew|62\/100 brn|[from] item: Leftovers\n|-damage|p1a: Mew|56\/100 brn|[from] brn\n|upkeep\n|turn|49\n|\n|t:|1700082194\n|move|p1a: Mew|Transform|p2a: Slowking\n|-transform|p1a: Mew|p2a: Slowking\n|move|p2a: Slowking|Future Sight|p1a: Mew\n|-start|p2a: Slowking|move: Future Sight\n|\n|-heal|p1a: Mew|62\/100 brn|[from] item: Leftovers\n|-damage|p1a: Mew|56\/100 brn|[from] brn\n|upkeep\n|turn|50\n|inactive|Alien Apparatus has 120 seconds left.\n|\n|t:|1700082205\n|move|p1a: Mew|Chilly Reception|p1a: Mew\n|-weather|Snow\n|\n|t:|1700082209\n|switch|p1a: Alomomola|Alomomola, F|100\/100|[from] Chilly Reception\n|-damage|p1a: Alomomola|88\/100|[from] Stealth Rock\n|move|p2a: Slowking|Chilly Reception|p2a: Slowking\n|inactive|Alien Apparatus has 120 seconds left.\n|inactive|Alien Apparatus has 90 seconds left.\n|\n|t:|1700082245\n|switch|p2a: Gholdengo|Gholdengo|49\/100|[from] Chilly Reception\n|-damage|p2a: Gholdengo|37\/100|[from] Spikes\n|\n|-weather|Snow|[upkeep]\n|upkeep\n|turn|51\n|\n|t:|1700082259\n|move|p2a: Gholdengo|Trick|p1a: Alomomola\n|-activate|p2a: Gholdengo|move: Trick|[of] p1a: Alomomola\n|-item|p1a: Alomomola|Choice Specs|[from] move: Trick\n|-item|p2a: Gholdengo|Sitrus Berry|[from] move: Trick\n|-enditem|p2a: Gholdengo|Sitrus Berry|[eat]\n|-heal|p2a: Gholdengo|61\/100|[from] item: Sitrus Berry\n|move|p1a: Alomomola|Wish|p1a: Alomomola\n|\n|-weather|Snow|[upkeep]\n|-end|p1a: Alomomola|move: Future Sight\n|-damage|p1a: Alomomola|40\/100\n|upkeep\n|turn|52\n|\n|t:|1700082273\n|switch|p1a: Meowscarada|Meowscarada, M|18\/100\n|-damage|p1a: Meowscarada|5\/100|[from] Stealth Rock\n|move|p2a: Gholdengo|Shadow Ball|p1a: Meowscarada\n|-resisted|p1a: Meowscarada\n|-damage|p1a: Meowscarada|0 fnt\n|faint|p1a: Meowscarada\n|\n|-weather|Snow|[upkeep]\n|upkeep\n|-message|cartertben forfeited.\n|\n|win|Alien Apparatus\n|raw|cartertben's rating: 1122 &rarr; <strong>1100<\/strong><br \/>(-22 for losing)\n|raw|Alien Apparatus's rating: 1160 &rarr; <strong>1182<\/strong><br \/>(+22 for winning)\n|l|\u2606cartertben\n","uploadtime":1700082289,"views":7,"p1id":"cartertben","p2id":"alienapparatus","formatid":"gen9ou","rating":1100,"private":0,"password":""}