{"id":"gen9ou-1999840702","p1":"girlypopstar","p2":"looooaicici","format":"[Gen 9] OU","log":"|j|\u2606girlypopstar\n|j|\u2606looooaicici\n|t:|1701121703\n|gametype|singles\n|player|p1|girlypopstar|dawn|1135\n|player|p2|looooaicici|dragontamer|1212\n|teamsize|p1|6\n|teamsize|p2|6\n|gen|9\n|tier|[Gen 9] OU\n|rated|\n|rule|Sleep Clause Mod: Limit one foe put to sleep\n|rule|Species Clause: Limit one of each Pok\u00e9mon\n|rule|OHKO Clause: OHKO moves are banned\n|rule|Evasion Items Clause: Evasion items are banned\n|rule|Evasion Moves Clause: Evasion moves are banned\n|rule|Endless Battle Clause: Forcing endless battles is banned\n|rule|HP Percentage Mod: HP is shown in percentages\n|clearpoke\n|poke|p1|Pelipper, F|\n|poke|p1|Great Tusk|\n|poke|p1|Amoonguss, F|\n|poke|p1|Zapdos|\n|poke|p1|Greninja-*, M|\n|poke|p1|Basculegion, M|\n|poke|p2|Iron Jugulis|\n|poke|p2|Ogerpon-Wellspring, F|\n|poke|p2|Tinkaton, F|\n|poke|p2|Iron Moth|\n|poke|p2|Great Tusk|\n|poke|p2|Dragapult, F|\n|teampreview\n|\n|t:|1701121739\n|start\n|switch|p1a: Zapdos|Zapdos|100\/100\n|switch|p2a: Iron Jugulis|Iron Jugulis|100\/100\n|-ability|p1a: Zapdos|Pressure\n|-enditem|p2a: Iron Jugulis|Booster Energy\n|-activate|p2a: Iron Jugulis|ability: Quark Drive|[fromitem]\n|-start|p2a: Iron Jugulis|quarkdrivespe\n|turn|1\n|\n|t:|1701121749\n|switch|p1a: Pelipper|Pelipper, F|100\/100\n|-weather|RainDance|[from] ability: Drizzle|[of] p1a: Pelipper\n|move|p2a: Iron Jugulis|Hurricane|p1a: Pelipper\n|-damage|p1a: Pelipper|16\/100\n|-start|p1a: Pelipper|confusion\n|\n|-weather|RainDance|[upkeep]\n|upkeep\n|turn|2\n|\n|t:|1701121763\n|move|p2a: Iron Jugulis|Hurricane|p1a: Pelipper\n|-damage|p1a: Pelipper|0 fnt\n|faint|p1a: Pelipper\n|\n|-weather|RainDance|[upkeep]\n|upkeep\n|\n|t:|1701121772\n|switch|p1a: Zapdos|Zapdos|100\/100\n|-ability|p1a: Zapdos|Pressure\n|turn|3\n|\n|t:|1701121775\n|move|p2a: Iron Jugulis|Knock Off|p1a: Zapdos\n|-damage|p1a: Zapdos|64\/100\n|-enditem|p1a: Zapdos|Choice Specs|[from] move: Knock Off|[of] p2a: Iron Jugulis\n|move|p1a: Zapdos|Thunder|p2a: Iron Jugulis\n|-supereffective|p2a: Iron Jugulis\n|-damage|p2a: Iron Jugulis|0 fnt\n|faint|p2a: Iron Jugulis\n|-end|p2a: Iron Jugulis|Quark Drive|[silent]\n|\n|-weather|RainDance|[upkeep]\n|upkeep\n|\n|t:|1701121778\n|switch|p2a: Iron Moth|Iron Moth|100\/100\n|-enditem|p2a: Iron Moth|Booster Energy\n|-activate|p2a: Iron Moth|ability: Quark Drive|[fromitem]\n|-start|p2a: Iron Moth|quarkdrivespe\n|turn|4\n|\n|t:|1701121784\n|move|p2a: Iron Moth|Fiery Dance|p1a: Zapdos\n|-damage|p1a: Zapdos|41\/100\n|-boost|p2a: Iron Moth|spa|1\n|move|p1a: Zapdos|Weather Ball|p2a: Iron Moth\n|-supereffective|p2a: Iron Moth\n|-damage|p2a: Iron Moth|0 fnt\n|faint|p2a: Iron Moth\n|-end|p2a: Iron Moth|Quark Drive|[silent]\n|\n|-weather|RainDance|[upkeep]\n|upkeep\n|\n|t:|1701121787\n|switch|p2a: TWINKATON|Tinkaton, F|100\/100\n|-item|p2a: TWINKATON|Air Balloon\n|turn|5\n|\n|t:|1701121796\n|move|p1a: Zapdos|Thunder|p2a: TWINKATON\n|-damage|p2a: TWINKATON|54\/100\n|-status|p2a: TWINKATON|par\n|-enditem|p2a: TWINKATON|Air Balloon\n|move|p2a: TWINKATON|Stealth Rock|p1a: Zapdos\n|-sidestart|p1: girlypopstar|move: Stealth Rock\n|\n|-weather|RainDance|[upkeep]\n|upkeep\n|turn|6\n|\n|t:|1701121806\n|move|p1a: Zapdos|Thunder|p2a: TWINKATON\n|-damage|p2a: TWINKATON|4\/100 par\n|move|p2a: TWINKATON|Play Rough|p1a: Zapdos\n|-damage|p1a: Zapdos|10\/100\n|\n|-weather|RainDance|[upkeep]\n|upkeep\n|turn|7\n|\n|t:|1701121811\n|move|p1a: Zapdos|Volt Switch|p2a: TWINKATON\n|-damage|p2a: TWINKATON|0 fnt\n|faint|p2a: TWINKATON\n|\n|t:|1701121819\n|switch|p1a: Greninja|Greninja, M|100\/100|[from] Volt Switch\n|-damage|p1a: Greninja|88\/100|[from] Stealth Rock\n|\n|-weather|RainDance|[upkeep]\n|upkeep\n|\n|t:|1701121823\n|switch|p2a: Ogerpon|Ogerpon-Wellspring, F|100\/100\n|turn|8\n|\n|t:|1701121827\n|move|p1a: Greninja|U-turn|p2a: Ogerpon\n|-supereffective|p2a: Ogerpon\n|-damage|p2a: Ogerpon|55\/100\n|-damage|p1a: Greninja|78\/100|[from] item: Life Orb\n|\n|t:|1701121832\n|switch|p1a: Zapdos|Zapdos|10\/100|[from] U-turn\n|-damage|p1a: Zapdos|0 fnt|[from] Stealth Rock\n|faint|p1a: Zapdos\n|move|p2a: Ogerpon|Horn Leech|p1: Zapdos|[notarget]\n|-fail|p2a: Ogerpon\n|\n|-weather|none\n|upkeep\n|\n|t:|1701121852\n|switch|p1a: Amoonguss|Amoonguss, F, shiny|100\/100\n|-damage|p1a: Amoonguss|88\/100|[from] Stealth Rock\n|turn|9\n|\n|t:|1701121863\n|move|p2a: Ogerpon|U-turn|p1a: Amoonguss\n|-damage|p1a: Amoonguss|62\/100\n|-damage|p2a: Ogerpon|38\/100|[from] item: Rocky Helmet|[of] p1a: Amoonguss\n|\n|t:|1701121871\n|switch|p2a: Dragapult|Dragapult, F|100\/100|[from] U-turn\n|move|p1a: Amoonguss|Toxic|p2a: Dragapult\n|-status|p2a: Dragapult|tox\n|\n|-damage|p2a: Dragapult|95\/100 tox|[from] psn\n|upkeep\n|turn|10\n|\n|t:|1701121880\n|move|p2a: Dragapult|Draco Meteor|p1a: Amoonguss\n|-damage|p1a: Amoonguss|0 fnt\n|-unboost|p2a: Dragapult|spa|2\n|faint|p1a: Amoonguss\n|\n|-damage|p2a: Dragapult|83\/100 tox|[from] psn\n|upkeep\n|\n|t:|1701121893\n|switch|p1a: Great Tusk|Great Tusk|100\/100\n|turn|11\n|\n|t:|1701121899\n|move|p2a: Dragapult|Draco Meteor|p1a: Great Tusk\n|-damage|p1a: Great Tusk|41\/100\n|-unboost|p2a: Dragapult|spa|2\n|move|p1a: Great Tusk|Knock Off|p2a: Dragapult\n|-supereffective|p2a: Dragapult\n|-damage|p2a: Dragapult|0 fnt\n|-enditem|p2a: Dragapult|Choice Specs|[from] move: Knock Off|[of] p1a: Great Tusk\n|faint|p2a: Dragapult\n|\n|upkeep\n|\n|t:|1701121901\n|switch|p2a: Great Tusk|Great Tusk|100\/100\n|-enditem|p2a: Great Tusk|Booster Energy\n|-activate|p2a: Great Tusk|ability: Protosynthesis|[fromitem]\n|-start|p2a: Great Tusk|protosynthesisspe\n|turn|12\n|\n|t:|1701121911\n|move|p2a: Great Tusk|Ice Spinner|p1a: Great Tusk\n|-supereffective|p1a: Great Tusk\n|-damage|p1a: Great Tusk|9\/100\n|move|p1a: Great Tusk|Headlong Rush|p2a: Great Tusk\n|-damage|p2a: Great Tusk|59\/100\n|-unboost|p1a: Great Tusk|def|1\n|-unboost|p1a: Great Tusk|spd|1\n|\n|upkeep\n|turn|13\n|\n|t:|1701121916\n|move|p2a: Great Tusk|Rapid Spin|p1a: Great Tusk\n|-damage|p1a: Great Tusk|0 fnt\n|-boost|p2a: Great Tusk|spe|1\n|faint|p1a: Great Tusk\n|-end|p1a: Great Tusk|Protosynthesis|[silent]\n|\n|upkeep\n|\n|t:|1701121927\n|switch|p1a: Basculegion|Basculegion, M|100\/100\n|-damage|p1a: Basculegion|88\/100|[from] Stealth Rock\n|turn|14\n|\n|t:|1701121939\n|move|p2a: Great Tusk|Headlong Rush|p1a: Basculegion\n|-damage|p1a: Basculegion|11\/100\n|-unboost|p2a: Great Tusk|def|1\n|-unboost|p2a: Great Tusk|spd|1\n|move|p1a: Basculegion|Wave Crash|p2a: Great Tusk\n|-supereffective|p2a: Great Tusk\n|-damage|p2a: Great Tusk|0 fnt\n|faint|p2a: Great Tusk\n|-end|p2a: Great Tusk|Protosynthesis|[silent]\n|-damage|p1a: Basculegion|0 fnt|[from] Recoil\n|faint|p1a: Basculegion\n|\n|upkeep\n|\n|t:|1701121944\n|switch|p2a: Ogerpon|Ogerpon-Wellspring, F|38\/100\n|switch|p1a: Greninja|Greninja, M|78\/100\n|-damage|p1a: Greninja|66\/100|[from] Stealth Rock\n|turn|15\n|\n|t:|1701121952\n|-terastallize|p2a: Ogerpon|Water\n|detailschange|p2a: Ogerpon|Ogerpon-Wellspring-Tera, F, tera:Water\n|-ability|p2a: Ogerpon|Embody Aspect (Wellspring)|boost\n|-boost|p2a: Ogerpon|spd|1\n|move|p1a: Greninja|Dark Pulse|p2a: Ogerpon\n|-damage|p2a: Ogerpon|5\/100\n|-damage|p1a: Greninja|56\/100|[from] item: Life Orb\n|move|p2a: Ogerpon|Horn Leech|p1a: Greninja\n|-supereffective|p1a: Greninja\n|-damage|p1a: Greninja|0 fnt\n|-heal|p2a: Ogerpon|32\/100|[from] drain|[of] p1a: Greninja\n|faint|p1a: Greninja\n|\n|win|looooaicici\n|raw|girlypopstar's rating: 1135 &rarr; <strong>1111<\/strong><br \/>(-24 for losing)\n|raw|looooaicici's rating: 1154 &rarr; <strong>1178<\/strong><br \/>(+24 for winning)\n|l|\u2606girlypopstar\n","uploadtime":1701121974,"views":5,"p1id":"girlypopstar","p2id":"looooaicici","formatid":"gen9ou","rating":1111,"private":0,"password":""}