{"id":"gen9ou-1993766288","p1":"Ravorex","p2":"moope","format":"[Gen 9] OU","log":"|j|\u2606Ravorex\n|j|\u2606moope\n|t:|1700354719\n|gametype|singles\n|player|p1|Ravorex|1|1499\n|player|p2|moope|iono|1487\n|teamsize|p1|6\n|teamsize|p2|6\n|gen|9\n|tier|[Gen 9] OU\n|rated|\n|rule|Sleep Clause Mod: Limit one foe put to sleep\n|rule|Species Clause: Limit one of each Pok\u00e9mon\n|rule|OHKO Clause: OHKO moves are banned\n|rule|Evasion Items Clause: Evasion items are banned\n|rule|Evasion Moves Clause: Evasion moves are banned\n|rule|Endless Battle Clause: Forcing endless battles is banned\n|rule|HP Percentage Mod: HP is shown in percentages\n|clearpoke\n|poke|p1|Ribombee, F|\n|poke|p1|Empoleon, M|\n|poke|p1|Gholdengo|\n|poke|p1|Great Tusk|\n|poke|p1|Greninja-*, M|\n|poke|p1|Iron Moth|\n|poke|p2|Weezing-Galar, M|\n|poke|p2|Sneasler, F|\n|poke|p2|Kingambit, F|\n|poke|p2|Maushold|\n|poke|p2|Hatterene, F|\n|poke|p2|Iron Valiant|\n|teampreview\n|inactive|Battle timer is ON: inactive players will automatically lose when time's up. (requested by Ravorex)\n|\n|t:|1700354743\n|start\n|switch|p1a: Dressrosa|Gholdengo|100\/100\n|switch|p2a: Weezing|Weezing-Galar, M|100\/100\n|-item|p1a: Dressrosa|Air Balloon\n|-fieldstart|move: Misty Terrain|[from] ability: Misty Surge|[of] p2a: Weezing\n|turn|1\n|inactive|moope has 120 seconds left.\n|\n|t:|1700354789\n|move|p1a: Dressrosa|Make It Rain|p2a: Weezing\n|-supereffective|p2a: Weezing\n|-damage|p2a: Weezing|0 fnt\n|-unboost|p1a: Dressrosa|spa|1\n|faint|p2a: Weezing\n|\n|upkeep\n|\n|t:|1700354796\n|switch|p2a: Maushold|Maushold|100\/100\n|turn|2\n|\n|t:|1700354802\n|switch|p1a: Thriller Bark|Great Tusk|100\/100\n|move|p2a: Maushold|Tidy Up|p2a: Maushold\n|-boost|p2a: Maushold|atk|1\n|-boost|p2a: Maushold|spe|1\n|\n|upkeep\n|turn|3\n|\n|t:|1700354805\n|move|p2a: Maushold|Population Bomb|p1a: Thriller Bark\n|-damage|p1a: Thriller Bark|90\/100\n|-damage|p1a: Thriller Bark|79\/100\n|-crit|p1a: Thriller Bark\n|-damage|p1a: Thriller Bark|61\/100\n|-damage|p1a: Thriller Bark|51\/100\n|-damage|p1a: Thriller Bark|40\/100\n|-crit|p1a: Thriller Bark\n|-damage|p1a: Thriller Bark|22\/100\n|-damage|p1a: Thriller Bark|11\/100\n|-damage|p1a: Thriller Bark|0 fnt\n|faint|p1a: Thriller Bark\n|-end|p1a: Thriller Bark|Protosynthesis|[silent]\n|-hitcount|p1: Thriller Bark|8\n|\n|upkeep\n|\n|t:|1700354820\n|switch|p1a: Baratie|Empoleon, M|100\/100\n|turn|4\n|c|\u2606Ravorex|cringe pokemon\n|\n|t:|1700354826\n|move|p2a: Maushold|Population Bomb|p1a: Baratie\n|-resisted|p1a: Baratie\n|-damage|p1a: Baratie|92\/100\n|-resisted|p1a: Baratie\n|-damage|p1a: Baratie|83\/100\n|-resisted|p1a: Baratie\n|-damage|p1a: Baratie|74\/100\n|-resisted|p1a: Baratie\n|-damage|p1a: Baratie|65\/100\n|-resisted|p1a: Baratie\n|-damage|p1a: Baratie|56\/100\n|-resisted|p1a: Baratie\n|-damage|p1a: Baratie|48\/100\n|-resisted|p1a: Baratie\n|-damage|p1a: Baratie|39\/100\n|-resisted|p1a: Baratie\n|-damage|p1a: Baratie|31\/100\n|-resisted|p1a: Baratie\n|-damage|p1a: Baratie|23\/100\n|-resisted|p1a: Baratie\n|-damage|p1a: Baratie|14\/100\n|-hitcount|p1a: Baratie|10\n|move|p1a: Baratie|Roar|p2a: Maushold\n|drag|p2a: Iron Valiant|Iron Valiant|100\/100\n|-enditem|p2a: Iron Valiant|Booster Energy\n|-activate|p2a: Iron Valiant|ability: Quark Drive|[fromitem]\n|-start|p2a: Iron Valiant|quarkdrivespe\n|\n|-heal|p1a: Baratie|20\/100|[from] item: Leftovers\n|upkeep\n|turn|5\n|\n|t:|1700354831\n|move|p2a: Iron Valiant|Thunderbolt|p1a: Baratie\n|-supereffective|p1a: Baratie\n|-damage|p1a: Baratie|0 fnt\n|faint|p1a: Baratie\n|\n|upkeep\n|\n|t:|1700354835\n|switch|p1a: mazon Lily|Ribombee, F|100\/100\n|turn|6\n|\n|t:|1700354843\n|move|p2a: Iron Valiant|Calm Mind|p2a: Iron Valiant\n|-boost|p2a: Iron Valiant|spa|1\n|-boost|p2a: Iron Valiant|spd|1\n|move|p1a: mazon Lily|Moonblast|p2a: Iron Valiant\n|-supereffective|p2a: Iron Valiant\n|-damage|p2a: Iron Valiant|3\/100\n|\n|upkeep\n|turn|7\n|\n|t:|1700354853\n|move|p2a: Iron Valiant|Thunderbolt|p1a: mazon Lily\n|-crit|p1a: mazon Lily\n|-enditem|p1a: mazon Lily|Focus Sash\n|-damage|p1a: mazon Lily|1\/100\n|move|p1a: mazon Lily|Stun Spore|p2a: Iron Valiant\n|-activate|p2a: Iron Valiant|move: Misty Terrain\n|\n|upkeep\n|turn|8\n|\n|t:|1700354860\n|move|p2a: Iron Valiant|Thunderbolt|p1a: mazon Lily\n|-damage|p1a: mazon Lily|0 fnt\n|faint|p1a: mazon Lily\n|\n|-fieldend|Misty Terrain\n|upkeep\n|\n|t:|1700354866\n|switch|p1a: Egghead|Iron Moth|100\/100\n|-enditem|p1a: Egghead|Booster Energy\n|-activate|p1a: Egghead|ability: Quark Drive|[fromitem]\n|-start|p1a: Egghead|quarkdrivespe\n|turn|9\n|c|\u2606moope|lol\n|\n|t:|1700354870\n|move|p2a: Iron Valiant|Psyshock|p1a: Egghead\n|-supereffective|p1a: Egghead\n|-damage|p1a: Egghead|0 fnt\n|faint|p1a: Egghead\n|-end|p1a: Egghead|Quark Drive|[silent]\n|\n|upkeep\n|\n|t:|1700354876\n|switch|p1a: Dressrosa|Gholdengo|100\/100\n|-item|p1a: Dressrosa|Air Balloon\n|turn|10\n|\n|t:|1700354880\n|move|p2a: Iron Valiant|Thunderbolt|p1a: Dressrosa\n|-damage|p1a: Dressrosa|47\/100\n|-status|p1a: Dressrosa|par\n|-enditem|p1a: Dressrosa|Air Balloon\n|move|p1a: Dressrosa|Psyshock|p2a: Iron Valiant\n|-supereffective|p2a: Iron Valiant\n|-damage|p2a: Iron Valiant|0 fnt\n|faint|p2a: Iron Valiant\n|-end|p2a: Iron Valiant|Quark Drive|[silent]\n|\n|upkeep\n|c|\u2606Ravorex|alright bro\n|\n|t:|1700354885\n|switch|p2a: Kingambit|Kingambit, F|100\/100\n|-activate|p2a: Kingambit|ability: Supreme Overlord\n|-start|p2a: Kingambit|fallen2|[silent]\n|-item|p2a: Kingambit|Air Balloon\n|turn|11\n|c|\u2606Ravorex|all that hax\n|c|\u2606Ravorex|crazy\n|\n|t:|1700354892\n|move|p1a: Dressrosa|Make It Rain|p2a: Kingambit\n|-resisted|p2a: Kingambit\n|-damage|p2a: Kingambit|71\/100\n|-unboost|p1a: Dressrosa|spa|1\n|-enditem|p2a: Kingambit|Air Balloon\n|move|p2a: Kingambit|Kowtow Cleave|p1a: Dressrosa\n|-supereffective|p1a: Dressrosa\n|-damage|p1a: Dressrosa|0 fnt\n|faint|p1a: Dressrosa\n|\n|upkeep\n|c|\u2606moope|how was it hax\n|\n|t:|1700354894\n|switch|p1a: Sabaody|Greninja, M|100\/100\n|turn|12\n|c|\u2606Ravorex|2 crits on great tusk\n|c|\u2606moope|you littreally stun spored in terrain\n|inactive|moope has 120 seconds left.\n|c|\u2606Ravorex|yea i didnt know it protected from status\n|c|\u2606moope|litreally didnt matter at all\n|c|\u2606moope|that your fault\n|c|\u2606moope|not mines\n|inactive|moope has 90 seconds left.\n|\n|t:|1700354957\n|move|p1a: Sabaody|Hydro Pump|p2a: Kingambit\n|-damage|p2a: Kingambit|12\/100\n|-damage|p1a: Sabaody|91\/100|[from] item: Life Orb\n|move|p2a: Kingambit|Iron Head|p1a: Sabaody\n|-resisted|p1a: Sabaody\n|-damage|p1a: Sabaody|44\/100\n|\n|upkeep\n|turn|13\n|\n|t:|1700354960\n|move|p2a: Kingambit|Sucker Punch||[still]\n|-fail|p2a: Kingambit\n|move|p1a: Sabaody|Spikes|p2a: Kingambit\n|-sidestart|p2: moope|Spikes\n|\n|upkeep\n|turn|14\n|\n|t:|1700354962\n|move|p1a: Sabaody|Dark Pulse|p2a: Kingambit\n|-resisted|p2a: Kingambit\n|-damage|p2a: Kingambit|0 fnt\n|faint|p2a: Kingambit\n|-end|p2a: Kingambit|fallen2|[silent]\n|-ability|p1a: Sabaody|Battle Bond|boost\n|-boost|p1a: Sabaody|atk|1\n|-boost|p1a: Sabaody|spa|1\n|-boost|p1a: Sabaody|spe|1\n|-activate|p1a: Sabaody|ability: Battle Bond\n|-damage|p1a: Sabaody|34\/100|[from] item: Life Orb\n|\n|upkeep\n|\n|t:|1700354968\n|switch|p2a: Hatterene|Hatterene, F|100\/100\n|-damage|p2a: Hatterene|88\/100|[from] Spikes\n|turn|15\n|\n|t:|1700354971\n|-terastallize|p2a: Hatterene|Fairy\n|move|p1a: Sabaody|Hydro Pump|p2a: Hatterene|[miss]\n|-miss|p1a: Sabaody|p2a: Hatterene\n|move|p2a: Hatterene|Draining Kiss|p1a: Sabaody\n|-supereffective|p1a: Sabaody\n|-damage|p1a: Sabaody|0 fnt\n|-heal|p2a: Hatterene|100\/100|[from] drain|[of] p1a: Sabaody\n|faint|p1a: Sabaody\n|\n|win|moope\n|raw|Ravorex's rating: 1499 &rarr; <strong>1478<\/strong><br \/>(-21 for losing)\n|raw|moope's rating: 1487 &rarr; <strong>1508<\/strong><br \/>(+21 for winning)\n|c|\u2606Ravorex|aight\n|l|\u2606Ravorex\n","uploadtime":1700354981,"views":22,"p1id":"ravorex","p2id":"moope","formatid":"gen9ou","rating":1478,"private":0,"password":""}