{"id":"gen9ou-1994419849","p1":"Yankiken","p2":"GUANGDONG TlGERS","format":"[Gen 9] OU","log":"|j|\u2606Yankiken\n|j|\u2606GUANGDONG TlGERS\n|t:|1700441878\n|gametype|singles\n|player|p1|Yankiken|lady-gen4|1803\n|player|p2|GUANGDONG TlGERS|worker|1698\n|teamsize|p1|6\n|teamsize|p2|6\n|gen|9\n|tier|[Gen 9] OU\n|rated|\n|rule|Sleep Clause Mod: Limit one foe put to sleep\n|rule|Species Clause: Limit one of each Pok\u00e9mon\n|rule|OHKO Clause: OHKO moves are banned\n|rule|Evasion Items Clause: Evasion items are banned\n|rule|Evasion Moves Clause: Evasion moves are banned\n|rule|Endless Battle Clause: Forcing endless battles is banned\n|rule|HP Percentage Mod: HP is shown in percentages\n|clearpoke\n|poke|p1|Amoonguss, M|\n|poke|p1|Gholdengo|\n|poke|p1|Zamazenta-*|\n|poke|p1|Ting-Lu|\n|poke|p1|Zapdos|\n|poke|p1|Slowking, F|\n|poke|p2|Torkoal, F|\n|poke|p2|Hatterene, F|\n|poke|p2|Walking Wake|\n|poke|p2|Slither Wing|\n|poke|p2|Ceruledge, M|\n|poke|p2|Samurott-Hisui, M|\n|teampreview\n|inactive|Battle timer is ON: inactive players will automatically lose when time's up. (requested by Yankiken)\n|\n|t:|1700441907\n|start\n|switch|p1a: Zapdos|Zapdos|100\/100\n|switch|p2a: Torkoal|Torkoal, F|100\/100\n|-weather|SunnyDay|[from] ability: Drought|[of] p2a: Torkoal\n|turn|1\n|\n|t:|1700441913\n|switch|p2a: Hatterene|Hatterene, F|100\/100\n|move|p1a: Zapdos|Volt Switch|p2a: Hatterene\n|-damage|p2a: Hatterene|61\/100\n|-enditem|p2a: Hatterene|Eject Button\n|\n|t:|1700441918\n|switch|p2a: Walking Wake|Walking Wake|100\/100\n|-activate|p2a: Walking Wake|ability: Protosynthesis\n|-start|p2a: Walking Wake|protosynthesisspe\n|\n|-weather|SunnyDay|[upkeep]\n|upkeep\n|turn|2\n|\n|t:|1700441925\n|switch|p1a: Slowking|Slowking, F|100\/100\n|move|p2a: Walking Wake|Knock Off|p1a: Slowking\n|-supereffective|p1a: Slowking\n|-damage|p1a: Slowking|62\/100\n|-enditem|p1a: Slowking|Heavy-Duty Boots|[from] move: Knock Off|[of] p2a: Walking Wake\n|\n|-weather|SunnyDay|[upkeep]\n|upkeep\n|turn|3\n|\n|t:|1700441932\n|-end|p2a: Walking Wake|Protosynthesis|[silent]\n|switch|p2a: Samurott|Samurott-Hisui, M|100\/100\n|move|p1a: Slowking|Chilly Reception|p1a: Slowking\n|-weather|Snow\n|j| no more beeroes\n|\n|t:|1700441940\n|switch|p1a: Zapdos|Zapdos|100\/100|[from] Chilly Reception\n|\n|-weather|Snow|[upkeep]\n|upkeep\n|turn|4\n|\n|t:|1700441967\n|move|p1a: Zapdos|Volt Switch|p2a: Samurott\n|-supereffective|p2a: Samurott\n|-enditem|p2a: Samurott|Focus Sash\n|-damage|p2a: Samurott|1\/100\n|\n|t:|1700441985\n|switch|p1a: Amoonguss|Amoonguss, M|100\/100|[from] Volt Switch\n|move|p2a: Samurott|Ceaseless Edge|p1a: Amoonguss\n|-damage|p1a: Amoonguss|66\/100\n|-sidestart|p1: Yankiken|Spikes\n|\n|-weather|Snow|[upkeep]\n|upkeep\n|turn|5\n|\n|t:|1700441988\n|move|p2a: Samurott|Ceaseless Edge|p1a: Amoonguss\n|-damage|p1a: Amoonguss|30\/100\n|-sidestart|p1: Yankiken|Spikes\n|move|p1a: Amoonguss|Giga Drain|p2a: Samurott\n|-supereffective|p2a: Samurott\n|-damage|p2a: Samurott|0 fnt\n|-heal|p1a: Amoonguss|30\/100|[from] drain|[of] p2a: Samurott\n|faint|p2a: Samurott\n|\n|-weather|Snow|[upkeep]\n|upkeep\n|\n|t:|1700441993\n|switch|p2a: Torkoal|Torkoal, F|100\/100\n|-weather|SunnyDay|[from] ability: Drought|[of] p2a: Torkoal\n|turn|6\n|\n|t:|1700441998\n|switch|p2a: Hatterene|Hatterene, F|61\/100\n|move|p1a: Amoonguss|Spore|p2a: Hatterene\n|move|p2a: Hatterene|Spore|p1a: Amoonguss|[from]ability: Magic Bounce\n|-immune|p1a: Amoonguss\n|\n|-weather|SunnyDay|[upkeep]\n|upkeep\n|turn|7\n|\n|t:|1700442004\n|switch|p1a: Slowking|Slowking, F|96\/100\n|-damage|p1a: Slowking|79\/100|[from] Spikes\n|move|p2a: Hatterene|Healing Wish|p2a: Hatterene\n|faint|p2a: Hatterene\n|\n|-weather|SunnyDay|[upkeep]\n|upkeep\n|\n|t:|1700442007\n|switch|p2a: Slither Wing|Slither Wing|100\/100\n|-activate|p2a: Slither Wing|ability: Protosynthesis\n|-start|p2a: Slither Wing|protosynthesisatk\n|turn|8\n|\n|t:|1700442016\n|switch|p1a: Amoonguss|Amoonguss, M|63\/100\n|move|p2a: Slither Wing|U-turn|p1a: Amoonguss\n|-damage|p1a: Amoonguss|0 fnt\n|faint|p1a: Amoonguss\n|j| ratiogod64\n|\n|t:|1700442027\n|-end|p2a: Slither Wing|Protosynthesis|[silent]\n|switch|p2a: Walking Wake|Walking Wake|100\/100|[from] U-turn\n|-activate|p2a: Walking Wake|ability: Protosynthesis\n|-start|p2a: Walking Wake|protosynthesisspe\n|\n|-weather|SunnyDay|[upkeep]\n|upkeep\n|\n|t:|1700442032\n|switch|p1a: Slowking|Slowking, F|100\/100\n|-damage|p1a: Slowking|84\/100|[from] Spikes\n|turn|9\n|\n|t:|1700442037\n|-end|p2a: Walking Wake|Protosynthesis|[silent]\n|switch|p2a: Slither Wing|Slither Wing|100\/100\n|-activate|p2a: Slither Wing|ability: Protosynthesis\n|-start|p2a: Slither Wing|protosynthesisatk\n|move|p1a: Slowking|Chilly Reception|p1a: Slowking\n|-weather|Snow\n|-end|p2a: Slither Wing|Protosynthesis\n|\n|t:|1700442042\n|switch|p1a: Zapdos|Zapdos|100\/100|[from] Chilly Reception\n|\n|-weather|Snow|[upkeep]\n|upkeep\n|turn|10\n|j| gosuBX\n|\n|t:|1700442047\n|-end|p2a: Slither Wing|Protosynthesis|[silent]\n|switch|p2a: Ceruledge|Ceruledge, M|100\/100\n|move|p1a: Zapdos|Hurricane|p2a: Ceruledge\n|-damage|p2a: Ceruledge|58\/100\n|\n|-weather|Snow|[upkeep]\n|upkeep\n|turn|11\n|c| ratiogod64|zapdos good for every situation\n|\n|t:|1700442060\n|move|p1a: Zapdos|Volt Switch|p2a: Ceruledge\n|-damage|p2a: Ceruledge|33\/100\n|\n|t:|1700442065\n|switch|p1a: Ting-Lu|Ting-Lu|100\/100|[from] Volt Switch\n|-ability|p1a: Ting-Lu|Vessel of Ruin\n|move|p2a: Ceruledge|Taunt|p1a: Ting-Lu\n|-start|p1a: Ting-Lu|move: Taunt\n|\n|-weather|Snow|[upkeep]\n|upkeep\n|turn|12\n|j| Seleukos\n|c| gosuBX|only if the player is decent\n|\n|t:|1700442071\n|switch|p2a: Torkoal|Torkoal, F|100\/100\n|-weather|SunnyDay|[from] ability: Drought|[of] p2a: Torkoal\n|switch|p1a: Zapdos|Zapdos|100\/100\n|\n|-weather|SunnyDay|[upkeep]\n|upkeep\n|turn|13\n|\n|t:|1700442079\n|switch|p2a: Slither Wing|Slither Wing|100\/100\n|-activate|p2a: Slither Wing|ability: Protosynthesis\n|-start|p2a: Slither Wing|protosynthesisatk\n|move|p1a: Zapdos|Volt Switch|p2a: Slither Wing\n|-damage|p2a: Slither Wing|62\/100\n|c| ratiogod64|nothing counters it\n|\n|t:|1700442089\n|switch|p1a: Gholdengo|Gholdengo|100\/100|[from] Volt Switch\n|-damage|p1a: Gholdengo|84\/100|[from] Spikes\n|\n|-weather|SunnyDay|[upkeep]\n|upkeep\n|turn|14\n|\n|t:|1700442094\n|-end|p2a: Slither Wing|Protosynthesis|[silent]\n|switch|p2a: Ceruledge|Ceruledge, M|33\/100\n|-heal|p2a: Ceruledge|100\/100|[from] move: Healing Wish\n|move|p1a: Gholdengo|Shadow Ball|p2a: Ceruledge\n|-supereffective|p2a: Ceruledge\n|-damage|p2a: Ceruledge|15\/100\n|\n|-weather|SunnyDay|[upkeep]\n|upkeep\n|turn|15\n|\n|t:|1700442097\n|move|p1a: Gholdengo|Shadow Ball|p2a: Ceruledge\n|-supereffective|p2a: Ceruledge\n|-damage|p2a: Ceruledge|0 fnt\n|faint|p2a: Ceruledge\n|\n|-weather|SunnyDay|[upkeep]\n|upkeep\n|\n|t:|1700442099\n|switch|p2a: Walking Wake|Walking Wake|100\/100\n|-activate|p2a: Walking Wake|ability: Protosynthesis\n|-start|p2a: Walking Wake|protosynthesisspe\n|turn|16\n|\n|t:|1700442105\n|-terastallize|p2a: Walking Wake|Water\n|move|p2a: Walking Wake|Hydro Steam|p1a: Gholdengo\n|-damage|p1a: Gholdengo|0 fnt\n|faint|p1a: Gholdengo\n|\n|-weather|SunnyDay|[upkeep]\n|upkeep\n|\n|t:|1700442110\n|switch|p1a: Slowking|Slowking, F|100\/100\n|-damage|p1a: Slowking|84\/100|[from] Spikes\n|turn|17\n|\n|t:|1700442113\n|move|p2a: Walking Wake|Hydro Steam|p1a: Slowking\n|-resisted|p1a: Slowking\n|-damage|p1a: Slowking|50\/100\n|move|p1a: Slowking|Chilly Reception|p1a: Slowking\n|-weather|Snow\n|-end|p2a: Walking Wake|Protosynthesis\n|\n|t:|1700442126\n|switch|p1a: Zapdos|Zapdos|100\/100|[from] Chilly Reception\n|\n|-weather|Snow|[upkeep]\n|upkeep\n|turn|18\n|j|+Shellnuts\n|\n|t:|1700442141\n|-end|p2a: Walking Wake|Protosynthesis|[silent]\n|switch|p2a: Slither Wing|Slither Wing|62\/100\n|switch|p1a: Slowking|Slowking, F|84\/100\n|-damage|p1a: Slowking|67\/100|[from] Spikes\n|\n|-weather|Snow|[upkeep]\n|upkeep\n|turn|19\n|\n|t:|1700442150\n|switch|p1a: Ting-Lu|Ting-Lu|100\/100\n|-ability|p1a: Ting-Lu|Vessel of Ruin\n|move|p2a: Slither Wing|U-turn|p1a: Ting-Lu\n|-supereffective|p1a: Ting-Lu\n|-damage|p1a: Ting-Lu|35\/100\n|\n|t:|1700442158\n|-end|p2a: Slither Wing|Protosynthesis|[silent]\n|switch|p2a: Torkoal|Torkoal, F|100\/100|[from] U-turn\n|-weather|SunnyDay|[from] ability: Drought|[of] p2a: Torkoal\n|\n|-weather|SunnyDay|[upkeep]\n|upkeep\n|turn|20\n|\n|t:|1700442165\n|switch|p2a: Slither Wing|Slither Wing|62\/100\n|-activate|p2a: Slither Wing|ability: Protosynthesis\n|-start|p2a: Slither Wing|protosynthesisatk\n|move|p1a: Ting-Lu|Stealth Rock|p2a: Slither Wing\n|-sidestart|p2: GUANGDONG TlGERS|move: Stealth Rock\n|\n|-weather|SunnyDay|[upkeep]\n|upkeep\n|turn|21\n|\n|t:|1700442169\n|move|p2a: Slither Wing|U-turn|p1a: Ting-Lu\n|-supereffective|p1a: Ting-Lu\n|-damage|p1a: Ting-Lu|0 fnt\n|faint|p1a: Ting-Lu\n|\n|t:|1700442172\n|-end|p2a: Slither Wing|Protosynthesis|[silent]\n|switch|p2a: Walking Wake|Walking Wake, tera:Water|100\/100|[from] U-turn\n|-damage|p2a: Walking Wake|88\/100|[from] Stealth Rock\n|-activate|p2a: Walking Wake|ability: Protosynthesis\n|-start|p2a: Walking Wake|protosynthesisspe\n|\n|-weather|SunnyDay|[upkeep]\n|upkeep\n|\n|t:|1700442179\n|switch|p1a: Slowking|Slowking, F|100\/100\n|-damage|p1a: Slowking|84\/100|[from] Spikes\n|turn|22\n|\n|t:|1700442184\n|move|p2a: Walking Wake|Draco Meteor|p1a: Slowking\n|-damage|p1a: Slowking|30\/100\n|-unboost|p2a: Walking Wake|spa|2\n|move|p1a: Slowking|Future Sight|p2a: Walking Wake\n|-start|p1a: Slowking|move: Future Sight\n|\n|-weather|SunnyDay|[upkeep]\n|upkeep\n|turn|23\n|l|+Shellnuts\n|\n|t:|1700442198\n|-end|p2a: Walking Wake|Protosynthesis|[silent]\n|switch|p2a: Slither Wing|Slither Wing|62\/100\n|-damage|p2a: Slither Wing|50\/100|[from] Stealth Rock\n|-activate|p2a: Slither Wing|ability: Protosynthesis\n|-start|p2a: Slither Wing|protosynthesisatk\n|switch|p1a: Zamazenta|Zamazenta|100\/100\n|-ability|p1a: Zamazenta|Dauntless Shield|boost\n|-boost|p1a: Zamazenta|def|1\n|\n|-weather|SunnyDay|[upkeep]\n|upkeep\n|turn|24\n|j|+Shellnuts\n|l|+Shellnuts\n|\n|t:|1700442217\n|move|p1a: Zamazenta|Stone Edge|p2a: Slither Wing\n|-damage|p2a: Slither Wing|9\/100\n|move|p2a: Slither Wing|U-turn|p1a: Zamazenta\n|-resisted|p1a: Zamazenta\n|-damage|p1a: Zamazenta|77\/100\n|\n|t:|1700442224\n|-end|p2a: Slither Wing|Protosynthesis|[silent]\n|switch|p2a: Walking Wake|Walking Wake, tera:Water|88\/100|[from] U-turn\n|-damage|p2a: Walking Wake|76\/100|[from] Stealth Rock\n|-activate|p2a: Walking Wake|ability: Protosynthesis\n|-start|p2a: Walking Wake|protosynthesisspe\n|\n|-weather|SunnyDay|[upkeep]\n|-end|p2a: Walking Wake|move: Future Sight\n|-damage|p2a: Walking Wake|24\/100\n|upkeep\n|turn|25\n|\n|t:|1700442243\n|move|p2a: Walking Wake|Hydro Steam|p1a: Zamazenta\n|-damage|p1a: Zamazenta|0 fnt\n|faint|p1a: Zamazenta\n|\n|-weather|SunnyDay|[upkeep]\n|upkeep\n|\n|t:|1700442246\n|switch|p1a: Slowking|Slowking, F|64\/100\n|-damage|p1a: Slowking|47\/100|[from] Spikes\n|turn|26\n|\n|t:|1700442259\n|move|p2a: Walking Wake|Hydro Steam|p1a: Slowking\n|-resisted|p1a: Slowking\n|-damage|p1a: Slowking|14\/100\n|move|p1a: Slowking|Slack Off|p1a: Slowking\n|-heal|p1a: Slowking|64\/100\n|\n|-weather|none\n|-end|p2a: Walking Wake|Protosynthesis\n|upkeep\n|turn|27\n|\n|t:|1700442271\n|move|p2a: Walking Wake|Hydro Steam|p1a: Slowking\n|-resisted|p1a: Slowking\n|-damage|p1a: Slowking|40\/100\n|move|p1a: Slowking|Chilly Reception|p1a: Slowking\n|-weather|Snow\n|\n|t:|1700442273\n|switch|p1a: Zapdos|Zapdos|100\/100|[from] Chilly Reception\n|\n|-weather|Snow|[upkeep]\n|upkeep\n|turn|28\n|\n|t:|1700442280\n|-end|p2a: Walking Wake|Protosynthesis|[silent]\n|switch|p2a: Torkoal|Torkoal, F|100\/100\n|-damage|p2a: Torkoal|76\/100|[from] Stealth Rock\n|-weather|SunnyDay|[from] ability: Drought|[of] p2a: Torkoal\n|switch|p1a: Slowking|Slowking, F|74\/100\n|-damage|p1a: Slowking|57\/100|[from] Spikes\n|\n|-weather|SunnyDay|[upkeep]\n|upkeep\n|turn|29\n|\n|t:|1700442287\n|move|p2a: Torkoal|Rapid Spin|p1a: Slowking\n|-damage|p1a: Slowking|47\/100\n|-boost|p2a: Torkoal|spe|1\n|-sideend|p2: GUANGDONG TlGERS|Stealth Rock|[from] move: Rapid Spin|[of] p2a: Torkoal\n|move|p1a: Slowking|Future Sight|p2a: Torkoal\n|-start|p1a: Slowking|move: Future Sight\n|\n|-weather|SunnyDay|[upkeep]\n|upkeep\n|turn|30\n|\n|t:|1700442298\n|switch|p2a: Walking Wake|Walking Wake, tera:Water|24\/100\n|-activate|p2a: Walking Wake|ability: Protosynthesis\n|-start|p2a: Walking Wake|protosynthesisspe\n|move|p1a: Slowking|Chilly Reception|p1a: Slowking\n|-weather|Snow\n|-end|p2a: Walking Wake|Protosynthesis\n|\n|t:|1700442308\n|switch|p1a: Zapdos|Zapdos|100\/100|[from] Chilly Reception\n|\n|-weather|Snow|[upkeep]\n|upkeep\n|turn|31\n|\n|t:|1700442324\n|-end|p2a: Walking Wake|Protosynthesis|[silent]\n|switch|p2a: Torkoal|Torkoal, F|76\/100\n|-weather|SunnyDay|[from] ability: Drought|[of] p2a: Torkoal\n|switch|p1a: Slowking|Slowking, F|80\/100\n|-damage|p1a: Slowking|63\/100|[from] Spikes\n|\n|-weather|SunnyDay|[upkeep]\n|-end|p2a: Torkoal|move: Future Sight\n|-damage|p2a: Torkoal|19\/100\n|upkeep\n|turn|32\n|\n|t:|1700442333\n|switch|p2a: Slither Wing|Slither Wing|9\/100\n|-activate|p2a: Slither Wing|ability: Protosynthesis\n|-start|p2a: Slither Wing|protosynthesisatk\n|move|p1a: Slowking|Chilly Reception|p1a: Slowking\n|-weather|Snow\n|-end|p2a: Slither Wing|Protosynthesis\n|\n|t:|1700442336\n|switch|p1a: Zapdos|Zapdos|100\/100|[from] Chilly Reception\n|\n|-weather|Snow|[upkeep]\n|upkeep\n|turn|33\n|\n|t:|1700442340\n|-end|p2a: Slither Wing|Protosynthesis|[silent]\n|switch|p2a: Torkoal|Torkoal, F|19\/100\n|-weather|SunnyDay|[from] ability: Drought|[of] p2a: Torkoal\n|move|p1a: Zapdos|Volt Switch|p2a: Torkoal\n|-damage|p2a: Torkoal|0 fnt\n|faint|p2a: Torkoal\n|\n|t:|1700442351\n|switch|p1a: Slowking|Slowking, F|97\/100|[from] Volt Switch\n|-damage|p1a: Slowking|80\/100|[from] Spikes\n|\n|-weather|SunnyDay|[upkeep]\n|upkeep\n|\n|t:|1700442357\n|switch|p2a: Slither Wing|Slither Wing|9\/100\n|-activate|p2a: Slither Wing|ability: Protosynthesis\n|-start|p2a: Slither Wing|protosynthesisatk\n|turn|34\n|\n|t:|1700442366\n|-end|p2a: Slither Wing|Protosynthesis|[silent]\n|switch|p2a: Walking Wake|Walking Wake, tera:Water|24\/100\n|-activate|p2a: Walking Wake|ability: Protosynthesis\n|-start|p2a: Walking Wake|protosynthesisspe\n|switch|p1a: Zapdos|Zapdos|100\/100\n|\n|-weather|SunnyDay|[upkeep]\n|upkeep\n|turn|35\n|\n|t:|1700442387\n|-end|p2a: Walking Wake|Protosynthesis|[silent]\n|switch|p2a: Slither Wing|Slither Wing|9\/100\n|-activate|p2a: Slither Wing|ability: Protosynthesis\n|-start|p2a: Slither Wing|protosynthesisatk\n|switch|p1a: Slowking|Slowking, F|100\/100\n|-damage|p1a: Slowking|84\/100|[from] Spikes\n|\n|-weather|SunnyDay|[upkeep]\n|upkeep\n|turn|36\n|\n|t:|1700442393\n|switch|p1a: Zapdos|Zapdos|100\/100\n|move|p2a: Slither Wing|U-turn|p1a: Zapdos\n|-resisted|p1a: Zapdos\n|-damage|p1a: Zapdos|49\/100\n|\n|t:|1700442396\n|-end|p2a: Slither Wing|Protosynthesis|[silent]\n|switch|p2a: Walking Wake|Walking Wake, tera:Water|24\/100|[from] U-turn\n|-activate|p2a: Walking Wake|ability: Protosynthesis\n|-start|p2a: Walking Wake|protosynthesisspe\n|\n|-weather|SunnyDay|[upkeep]\n|upkeep\n|turn|37\n|l| ratiogod64\n|\n|t:|1700442419\n|-end|p2a: Walking Wake|Protosynthesis|[silent]\n|switch|p2a: Slither Wing|Slither Wing|9\/100\n|-activate|p2a: Slither Wing|ability: Protosynthesis\n|-start|p2a: Slither Wing|protosynthesisatk\n|switch|p1a: Slowking|Slowking, F|100\/100\n|-damage|p1a: Slowking|84\/100|[from] Spikes\n|\n|-weather|SunnyDay|[upkeep]\n|upkeep\n|turn|38\n|inactive|Yankiken has 120 seconds left.\n|\n|t:|1700442459\n|-terastallize|p1a: Slowking|Fairy\n|move|p2a: Slither Wing|U-turn|p1a: Slowking\n|-resisted|p1a: Slowking\n|-damage|p1a: Slowking|45\/100\n|\n|t:|1700442463\n|-end|p2a: Slither Wing|Protosynthesis|[silent]\n|switch|p2a: Walking Wake|Walking Wake, tera:Water|24\/100|[from] U-turn\n|-activate|p2a: Walking Wake|ability: Protosynthesis\n|-start|p2a: Walking Wake|protosynthesisspe\n|move|p1a: Slowking|Chilly Reception|p1a: Slowking\n|-weather|Snow\n|-end|p2a: Walking Wake|Protosynthesis\n|\n|t:|1700442466\n|switch|p1a: Zapdos|Zapdos|49\/100|[from] Chilly Reception\n|\n|-weather|Snow|[upkeep]\n|upkeep\n|turn|39\n|inactive|Yankiken has 120 seconds left.\n|\n|t:|1700442477\n|move|p2a: Walking Wake|Hydro Steam|p1a: Zapdos\n|-crit|p1a: Zapdos\n|-damage|p1a: Zapdos|0 fnt\n|faint|p1a: Zapdos\n|\n|-weather|Snow|[upkeep]\n|upkeep\n|\n|t:|1700442479\n|switch|p1a: Slowking|Slowking, F, tera:Fairy|78\/100\n|-damage|p1a: Slowking|62\/100|[from] Spikes\n|turn|40\n|\n|t:|1700442482\n|move|p2a: Walking Wake|Hydro Steam|p1a: Slowking\n|-damage|p1a: Slowking|10\/100\n|move|p1a: Slowking|Slack Off|p1a: Slowking\n|-heal|p1a: Slowking|61\/100\n|\n|-weather|Snow|[upkeep]\n|upkeep\n|turn|41\n|\n|t:|1700442485\n|move|p2a: Walking Wake|Hydro Steam|p1a: Slowking\n|-damage|p1a: Slowking|11\/100\n|move|p1a: Slowking|Slack Off|p1a: Slowking\n|-heal|p1a: Slowking|61\/100\n|\n|-weather|Snow|[upkeep]\n|upkeep\n|turn|42\n|\n|t:|1700442487\n|move|p2a: Walking Wake|Hydro Steam|p1a: Slowking\n|-damage|p1a: Slowking|17\/100\n|move|p1a: Slowking|Slack Off|p1a: Slowking\n|-heal|p1a: Slowking|67\/100\n|\n|-weather|none\n|upkeep\n|turn|43\n|\n|t:|1700442495\n|move|p2a: Walking Wake|Hydro Steam|p1a: Slowking\n|-damage|p1a: Slowking|16\/100\n|move|p1a: Slowking|Slack Off|p1a: Slowking\n|-heal|p1a: Slowking|66\/100\n|\n|upkeep\n|turn|44\n|\n|t:|1700442498\n|move|p2a: Walking Wake|Hydro Steam|p1a: Slowking\n|-damage|p1a: Slowking|17\/100\n|move|p1a: Slowking|Slack Off|p1a: Slowking\n|-heal|p1a: Slowking|67\/100\n|\n|upkeep\n|turn|45\n|\n|t:|1700442501\n|move|p2a: Walking Wake|Hydro Steam|p1a: Slowking\n|-damage|p1a: Slowking|22\/100\n|move|p1a: Slowking|Slack Off|p1a: Slowking\n|-heal|p1a: Slowking|72\/100\n|\n|upkeep\n|turn|46\n|\n|t:|1700442503\n|move|p2a: Walking Wake|Hydro Steam|p1a: Slowking\n|-damage|p1a: Slowking|21\/100\n|move|p1a: Slowking|Slack Off|p1a: Slowking\n|-heal|p1a: Slowking|71\/100\n|\n|upkeep\n|turn|47\n|-message|Yankiken forfeited.\n|\n|win|GUANGDONG TlGERS\n|raw|Yankiken's rating: 1803 &rarr; <strong>1777<\/strong><br \/>(-26 for losing)\n|raw|GUANGDONG TlGERS's rating: 1698 &rarr; <strong>1724<\/strong><br \/>(+26 for winning)\n|l|\u2606Yankiken\n|c|\u2606GUANGDONG TlGERS|slither wing saved my legacy omds\n|l| gosuBX\n|l| no more beeroes\n|l|\u2606GUANGDONG TlGERS\n","uploadtime":1700442528,"views":18,"p1id":"yankiken","p2id":"guangdongtlgers","formatid":"gen9ou","rating":1724,"private":0,"password":""}