{"id":"gen9ou-1989761775","p1":"Fontbane","p2":"MaskedNomad","format":"[Gen 9] OU","log":"|j|\u2606Fontbane\n|j|\u2606MaskedNomad\n|t:|1699893544\n|gametype|singles\n|player|p1|Fontbane|roark|1249\n|player|p2|MaskedNomad|silver|1348\n|teamsize|p1|6\n|teamsize|p2|6\n|gen|9\n|tier|[Gen 9] OU\n|rated|\n|rule|Sleep Clause Mod: Limit one foe put to sleep\n|rule|Species Clause: Limit one of each Pok\u00e9mon\n|rule|OHKO Clause: OHKO moves are banned\n|rule|Evasion Items Clause: Evasion items are banned\n|rule|Evasion Moves Clause: Evasion moves are banned\n|rule|Endless Battle Clause: Forcing endless battles is banned\n|rule|HP Percentage Mod: HP is shown in percentages\n|clearpoke\n|poke|p1|Empoleon, M|\n|poke|p1|Ogerpon-Cornerstone, F|\n|poke|p1|Iron Valiant|\n|poke|p1|Great Tusk|\n|poke|p1|Samurott-Hisui, M|\n|poke|p1|Dragapult, M|\n|poke|p2|Ceruledge, M|\n|poke|p2|Quaquaval, M|\n|poke|p2|Corviknight, M|\n|poke|p2|Ogerpon-Cornerstone, F|\n|poke|p2|Zapdos|\n|poke|p2|Hatterene, F|\n|teampreview\n|\n|t:|1699893566\n|start\n|switch|p1a: Samurott|Samurott-Hisui, M, shiny|100\/100\n|switch|p2a: Ogerpon|Ogerpon-Cornerstone, F|100\/100\n|turn|1\n|\n|t:|1699893574\n|move|p2a: Ogerpon|Trailblaze|p1a: Samurott\n|-supereffective|p1a: Samurott\n|-damage|p1a: Samurott|28\/100\n|-boost|p2a: Ogerpon|spe|1\n|move|p1a: Samurott|Ceaseless Edge|p2a: Ogerpon\n|-damage|p2a: Ogerpon|44\/100\n|-sidestart|p2: MaskedNomad|Spikes\n|\n|upkeep\n|turn|2\n|\n|t:|1699893584\n|move|p2a: Ogerpon|Trailblaze|p1a: Samurott\n|-supereffective|p1a: Samurott\n|-damage|p1a: Samurott|0 fnt\n|-boost|p2a: Ogerpon|spe|1\n|faint|p1a: Samurott\n|\n|upkeep\n|\n|t:|1699893603\n|switch|p1a: Ogerpon|Ogerpon-Cornerstone, F|100\/100\n|turn|3\n|\n|t:|1699893608\n|move|p2a: Ogerpon|Spikes|p1a: Ogerpon\n|-sidestart|p1: Fontbane|Spikes\n|move|p1a: Ogerpon|Horn Leech|p2a: Ogerpon\n|-damage|p2a: Ogerpon|0 fnt\n|faint|p2a: Ogerpon\n|\n|upkeep\n|\n|t:|1699893619\n|switch|p2a: Corviknight|Corviknight, M|100\/100\n|turn|4\n|\n|t:|1699893629\n|switch|p1a: Great Tusk|Great Tusk, shiny|100\/100\n|-damage|p1a: Great Tusk|88\/100|[from] Spikes\n|move|p2a: Corviknight|Brave Bird|p1a: Great Tusk\n|-supereffective|p1a: Great Tusk\n|-damage|p1a: Great Tusk|36\/100\n|-damage|p2a: Corviknight|85\/100|[from] Recoil\n|\n|upkeep\n|turn|5\n|\n|t:|1699893641\n|-end|p1a: Great Tusk|Protosynthesis|[silent]\n|switch|p1a: Empoleon|Empoleon, M|100\/100\n|-damage|p1a: Empoleon|88\/100|[from] Spikes\n|move|p2a: Corviknight|Defog|p1a: Empoleon\n|-unboost|p1a: Empoleon|evasion|1\n|-ability|p1a: Empoleon|Competitive|boost\n|-boost|p1a: Empoleon|spa|2\n|-sideend|p1: Fontbane|Spikes|[from] move: Defog|[of] p2a: Corviknight\n|-sideend|p2: MaskedNomad|Spikes|[from] move: Defog|[of] p2a: Corviknight\n|\n|-heal|p1a: Empoleon|94\/100|[from] item: Leftovers\n|upkeep\n|turn|6\n|\n|t:|1699893653\n|move|p2a: Corviknight|U-turn|p1a: Empoleon\n|-resisted|p1a: Empoleon\n|-damage|p1a: Empoleon|87\/100\n|\n|t:|1699893659\n|switch|p2a: Zapdos|Zapdos|100\/100|[from] U-turn\n|move|p1a: Empoleon|Surf|p2a: Zapdos\n|-damage|p2a: Zapdos|7\/100\n|\n|-heal|p1a: Empoleon|93\/100|[from] item: Leftovers\n|upkeep\n|turn|7\n|\n|t:|1699893672\n|move|p1a: Empoleon|Vacuum Wave|p2a: Zapdos\n|-resisted|p2a: Zapdos\n|-damage|p2a: Zapdos|0 fnt\n|faint|p2a: Zapdos\n|\n|-heal|p1a: Empoleon|99\/100|[from] item: Leftovers\n|upkeep\n|\n|t:|1699893684\n|switch|p2a: Ceruledge|Ceruledge, M|100\/100\n|turn|8\n|\n|t:|1699893692\n|-terastallize|p2a: Ceruledge|Grass\n|move|p2a: Ceruledge|Bulk Up|p2a: Ceruledge\n|-boost|p2a: Ceruledge|atk|1\n|-boost|p2a: Ceruledge|def|1\n|move|p1a: Empoleon|Surf|p2a: Ceruledge\n|-resisted|p2a: Ceruledge\n|-damage|p2a: Ceruledge|54\/100\n|\n|-heal|p2a: Ceruledge|60\/100|[from] item: Leftovers\n|-heal|p1a: Empoleon|100\/100|[from] item: Leftovers\n|upkeep\n|turn|9\n|\n|t:|1699893706\n|move|p2a: Ceruledge|Bitter Blade|p1a: Empoleon\n|-damage|p1a: Empoleon|32\/100\n|-heal|p2a: Ceruledge|96\/100|[from] drain|[of] p1a: Empoleon\n|move|p1a: Empoleon|Ice Beam|p2a: Ceruledge\n|-supereffective|p2a: Ceruledge\n|-damage|p2a: Ceruledge|0 fnt\n|faint|p2a: Ceruledge\n|\n|-heal|p1a: Empoleon|39\/100|[from] item: Leftovers\n|upkeep\n|\n|t:|1699893715\n|switch|p2a: Quaquaval|Quaquaval, M|100\/100\n|turn|10\n|inactive|Battle timer is ON: inactive players will automatically lose when time's up. (requested by MaskedNomad)\n|\n|t:|1699893767\n|-terastallize|p1a: Empoleon|Flying\n|move|p2a: Quaquaval|Close Combat|p1a: Empoleon\n|-resisted|p1a: Empoleon\n|-damage|p1a: Empoleon|7\/100\n|-unboost|p2a: Quaquaval|def|1\n|-unboost|p2a: Quaquaval|spd|1\n|move|p1a: Empoleon|Roost|p1a: Empoleon\n|-heal|p1a: Empoleon|57\/100\n|-hint|If a Flying Terastallized Pokemon uses Roost, it remains Flying-type.\n|\n|-heal|p1a: Empoleon|63\/100|[from] item: Leftovers\n|upkeep\n|turn|11\n|\n|t:|1699893790\n|move|p2a: Quaquaval|Aqua Step|p1a: Empoleon\n|-damage|p1a: Empoleon|23\/100\n|-boost|p2a: Quaquaval|spe|1\n|move|p1a: Empoleon|Surf|p2a: Quaquaval\n|-resisted|p2a: Quaquaval\n|-damage|p2a: Quaquaval|6\/100\n|\n|-heal|p1a: Empoleon|29\/100|[from] item: Leftovers\n|upkeep\n|turn|12\n|\n|t:|1699893799\n|move|p1a: Empoleon|Vacuum Wave|p2a: Quaquaval\n|-damage|p2a: Quaquaval|0 fnt\n|faint|p2a: Quaquaval\n|\n|-heal|p1a: Empoleon|35\/100|[from] item: Leftovers\n|upkeep\n|-message|MaskedNomad forfeited.\n|\n|win|Fontbane\n|raw|Fontbane's rating: 1249 &rarr; <strong>1281<\/strong><br \/>(+32 for winning)\n|raw|MaskedNomad's rating: 1348 &rarr; <strong>1322<\/strong><br \/>(-26 for losing)\n|l|\u2606MaskedNomad\n","uploadtime":1699893811,"views":11,"p1id":"fontbane","p2id":"maskednomad","formatid":"gen9ou","rating":1281,"private":0,"password":""}