{"id":"gen9ou-1995792421","p1":"Army2501","p2":"Bai1lu","format":"[Gen 9] OU","log":"|j|\u2606Army2501\n|j|\u2606Bai1lu\n|t:|1700603627\n|gametype|singles\n|player|p1|Army2501|2|1097\n|player|p2|Bai1lu|preschooler|1000\n|teamsize|p1|6\n|teamsize|p2|6\n|gen|9\n|tier|[Gen 9] OU\n|rated|\n|rule|Sleep Clause Mod: Limit one foe put to sleep\n|rule|Species Clause: Limit one of each Pok\u00e9mon\n|rule|OHKO Clause: OHKO moves are banned\n|rule|Evasion Items Clause: Evasion items are banned\n|rule|Evasion Moves Clause: Evasion moves are banned\n|rule|Endless Battle Clause: Forcing endless battles is banned\n|rule|HP Percentage Mod: HP is shown in percentages\n|clearpoke\n|poke|p1|Cinderace, M|\n|poke|p1|Infernape, M|\n|poke|p1|Rotom-Heat|\n|poke|p1|Skeledirge, F|\n|poke|p1|Torkoal, M|\n|poke|p1|Iron Moth|\n|poke|p2|Chandelure, M|\n|poke|p2|Bellibolt, M|\n|poke|p2|Mamoswine, M|\n|poke|p2|Gholdengo|\n|poke|p2|Maushold-Four|\n|poke|p2|Pawmot, M|\n|teampreview\n|\n|t:|1700603635\n|start\n|switch|p1a: Rotom|Rotom-Heat|100\/100\n|switch|p2a: Julia|Bellibolt, M|100\/100\n|-item|p2a: Julia|Air Balloon\n|turn|1\n|c|\u2606Bai1lu|Hi\n|\n|t:|1700603648\n|move|p1a: Rotom|Volt Switch|p2a: Julia\n|-resisted|p2a: Julia\n|-damage|p2a: Julia|87\/100\n|-enditem|p2a: Julia|Air Balloon\n|\n|t:|1700603657\n|switch|p1a: Skeledirge|Skeledirge, F|100\/100|[from] Volt Switch\n|move|p2a: Julia|Substitute|p2a: Julia\n|-start|p2a: Julia|Substitute\n|-damage|p2a: Julia|62\/100\n|\n|upkeep\n|turn|2\n|\n|t:|1700603665\n|move|p1a: Skeledirge|Torch Song|p2a: Julia\n|-damage|p2a: Julia|23\/100\n|-boost|p1a: Skeledirge|spa|1\n|move|p2a: Julia|Light Screen|p2a: Julia\n|-sidestart|p2: Bai1lu|move: Light Screen\n|\n|upkeep\n|turn|3\n|\n|t:|1700603672\n|move|p1a: Skeledirge|Torch Song|p2a: Julia\n|-crit|p2a: Julia\n|-damage|p2a: Julia|0 fnt\n|-boost|p1a: Skeledirge|spa|1\n|faint|p2a: Julia\n|\n|upkeep\n|\n|t:|1700603679\n|switch|p2a: Nuki|Chandelure, M, shiny|100\/100\n|turn|4\n|\n|t:|1700603692\n|-terastallize|p2a: Nuki|Fire\n|move|p2a: Nuki|Calm Mind|p2a: Nuki\n|-boost|p2a: Nuki|spa|1\n|-boost|p2a: Nuki|spd|1\n|move|p1a: Skeledirge|Shadow Ball|p2a: Nuki\n|-damage|p2a: Nuki|40\/100\n|\n|upkeep\n|turn|5\n|\n|t:|1700603702\n|move|p2a: Nuki|Calm Mind|p2a: Nuki\n|-boost|p2a: Nuki|spa|1\n|-boost|p2a: Nuki|spd|1\n|move|p1a: Skeledirge|Earth Power|p2a: Nuki\n|-supereffective|p2a: Nuki\n|-damage|p2a: Nuki|0 fnt\n|faint|p2a: Nuki\n|\n|upkeep\n|\n|t:|1700603718\n|switch|p2a: Zemi|Maushold-Four|100\/100\n|turn|6\n|\n|t:|1700603723\n|move|p2a: Zemi|Crunch|p1a: Skeledirge\n|-supereffective|p1a: Skeledirge\n|-damage|p1a: Skeledirge|61\/100\n|move|p1a: Skeledirge|Torch Song|p2a: Zemi\n|-damage|p2a: Zemi|33\/100\n|-boost|p1a: Skeledirge|spa|1\n|\n|-sideend|p2: Bai1lu|move: Light Screen\n|upkeep\n|turn|7\n|\n|t:|1700603734\n|move|p2a: Zemi|Protect|p2a: Zemi\n|-singleturn|p2a: Zemi|Protect\n|move|p1a: Skeledirge|Torch Song|p2a: Zemi\n|-activate|p2a: Zemi|move: Protect\n|\n|upkeep\n|turn|8\n|\n|t:|1700603740\n|move|p2a: Zemi|Crunch|p1a: Skeledirge\n|-supereffective|p1a: Skeledirge\n|-damage|p1a: Skeledirge|26\/100\n|move|p1a: Skeledirge|Torch Song|p2a: Zemi\n|-damage|p2a: Zemi|0 fnt\n|-boost|p1a: Skeledirge|spa|1\n|faint|p2a: Zemi\n|\n|upkeep\n|\n|t:|1700603744\n|switch|p2a: Bai1lu|Pawmot, M|100\/100\n|turn|9\n|\n|t:|1700603754\n|move|p2a: Bai1lu|Revival Blessing|p2a: Bai1lu\n|\n|t:|1700603756\n|-heal|p2: Zemi|50\/100|[from] move: Revival Blessing\n|move|p1a: Skeledirge|Earth Power|p2a: Bai1lu\n|-supereffective|p2a: Bai1lu\n|-damage|p2a: Bai1lu|0 fnt\n|faint|p2a: Bai1lu\n|\n|upkeep\n|\n|t:|1700603760\n|switch|p2a: Zemi|Maushold-Four|50\/100\n|turn|10\n|\n|t:|1700603768\n|switch|p1a: Rotom|Rotom-Heat|100\/100\n|move|p2a: Zemi|Crunch|p1a: Rotom\n|-damage|p1a: Rotom|81\/100\n|\n|-heal|p1a: Rotom|87\/100|[from] item: Leftovers\n|upkeep\n|turn|11\n|\n|t:|1700603777\n|move|p2a: Zemi|Protect|p2a: Zemi\n|-singleturn|p2a: Zemi|Protect\n|move|p1a: Rotom|Will-O-Wisp|p2a: Zemi\n|-activate|p2a: Zemi|move: Protect\n|\n|-heal|p1a: Rotom|93\/100|[from] item: Leftovers\n|upkeep\n|turn|12\n|\n|t:|1700603786\n|move|p2a: Zemi|Population Bomb|p1a: Rotom\n|-damage|p1a: Rotom|82\/100\n|-damage|p1a: Rotom|71\/100\n|-damage|p1a: Rotom|59\/100\n|-damage|p1a: Rotom|48\/100\n|-damage|p1a: Rotom|37\/100\n|-crit|p1a: Rotom\n|-damage|p1a: Rotom|21\/100\n|-damage|p1a: Rotom|9\/100\n|-hitcount|p1a: Rotom|7\n|move|p1a: Rotom|Will-O-Wisp|p2a: Zemi\n|-status|p2a: Zemi|brn\n|\n|-heal|p1a: Rotom|16\/100|[from] item: Leftovers\n|-damage|p2a: Zemi|44\/100 brn|[from] brn\n|upkeep\n|turn|13\n|\n|t:|1700603804\n|move|p1a: Rotom|Protect|p1a: Rotom\n|-singleturn|p1a: Rotom|Protect\n|move|p2a: Zemi|Crunch|p1a: Rotom\n|-activate|p1a: Rotom|move: Protect\n|\n|-heal|p1a: Rotom|22\/100|[from] item: Leftovers\n|-damage|p2a: Zemi|38\/100 brn|[from] brn\n|upkeep\n|turn|14\n|\n|t:|1700603817\n|move|p2a: Zemi|Population Bomb|p1a: Rotom\n|-damage|p1a: Rotom|17\/100\n|-damage|p1a: Rotom|11\/100\n|-crit|p1a: Rotom\n|-damage|p1a: Rotom|2\/100\n|-damage|p1a: Rotom|0 fnt\n|faint|p1a: Rotom\n|-hitcount|p1: Rotom|4\n|\n|-damage|p2a: Zemi|32\/100 brn|[from] brn\n|upkeep\n|\n|t:|1700603832\n|switch|p1a: Infernape|Infernape, M|100\/100\n|turn|15\n|\n|t:|1700603846\n|move|p1a: Infernape|Fake Out|p2a: Zemi\n|-damage|p2a: Zemi|13\/100 brn\n|cant|p2a: Zemi|flinch\n|\n|-damage|p2a: Zemi|6\/100 brn|[from] brn\n|upkeep\n|turn|16\n|\n|t:|1700603857\n|move|p2a: Zemi|Population Bomb|p1a: Infernape\n|-damage|p1a: Infernape|92\/100\n|-damage|p1a: Infernape|82\/100\n|-damage|p1a: Infernape|73\/100\n|-damage|p1a: Infernape|63\/100\n|-damage|p1a: Infernape|54\/100\n|-damage|p1a: Infernape|46\/100\n|-damage|p1a: Infernape|36\/100\n|-hitcount|p1a: Infernape|7\n|move|p1a: Infernape|Close Combat|p2a: Zemi\n|-supereffective|p2a: Zemi\n|-damage|p2a: Zemi|0 fnt\n|-unboost|p1a: Infernape|def|1\n|-unboost|p1a: Infernape|spd|1\n|faint|p2a: Zemi\n|\n|upkeep\n|\n|t:|1700603862\n|switch|p2a: Koi|Gholdengo|100\/100\n|turn|17\n|\n|t:|1700603880\n|switch|p1a: Torkoal|Torkoal, M|100\/100\n|-weather|SunnyDay|[from] ability: Drought|[of] p1a: Torkoal\n|move|p2a: Koi|Flash Cannon|p1a: Torkoal\n|-resisted|p1a: Torkoal\n|-damage|p1a: Torkoal|76\/100\n|-unboost|p1a: Torkoal|spd|1\n|\n|-weather|SunnyDay|[upkeep]\n|upkeep\n|turn|18\n|\n|t:|1700603894\n|move|p2a: Koi|Substitute|p2a: Koi\n|-start|p2a: Koi|Substitute\n|-damage|p2a: Koi|76\/100\n|move|p1a: Torkoal|Stealth Rock|p2a: Koi\n|-sidestart|p2: Bai1lu|move: Stealth Rock\n|\n|-weather|SunnyDay|[upkeep]\n|upkeep\n|turn|19\n|\n|t:|1700603907\n|switch|p1a: Infernape|Infernape, M|36\/100\n|move|p2a: Koi|Flash Cannon|p1a: Infernape\n|-resisted|p1a: Infernape\n|-damage|p1a: Infernape|7\/100\n|\n|-weather|SunnyDay|[upkeep]\n|upkeep\n|turn|20\n|\n|t:|1700603915\n|move|p1a: Infernape|Thunder Punch|p2a: Koi\n|-activate|p2a: Koi|move: Substitute|[damage]\n|move|p2a: Koi|Flash Cannon|p1a: Infernape\n|-resisted|p1a: Infernape\n|-damage|p1a: Infernape|0 fnt\n|faint|p1a: Infernape\n|\n|-weather|SunnyDay|[upkeep]\n|upkeep\n|\n|t:|1700603925\n|switch|p1a: Iron Moth|Iron Moth|100\/100\n|-enditem|p1a: Iron Moth|Booster Energy\n|-activate|p1a: Iron Moth|ability: Quark Drive|[fromitem]\n|-start|p1a: Iron Moth|quarkdrivespa\n|turn|21\n|\n|t:|1700603939\n|move|p1a: Iron Moth|Fiery Dance|p2a: Koi\n|-supereffective|p2a: Koi\n|-end|p2a: Koi|Substitute\n|-boost|p1a: Iron Moth|spa|1\n|move|p2a: Koi|Make It Rain|p1a: Iron Moth\n|-resisted|p1a: Iron Moth\n|-damage|p1a: Iron Moth|75\/100\n|-unboost|p2a: Koi|spa|1\n|\n|-weather|SunnyDay|[upkeep]\n|upkeep\n|turn|22\n|\n|t:|1700603963\n|move|p1a: Iron Moth|Fiery Dance|p2a: Koi\n|-supereffective|p2a: Koi\n|-damage|p2a: Koi|0 fnt\n|-boost|p1a: Iron Moth|spa|1\n|faint|p2a: Koi\n|\n|-weather|SunnyDay|[upkeep]\n|upkeep\n|\n|t:|1700603965\n|switch|p2a: kitkat|Mamoswine, M|100\/100\n|-damage|p2a: kitkat|88\/100|[from] Stealth Rock\n|turn|23\n|\n|t:|1700603979\n|-terastallize|p1a: Iron Moth|Grass\n|move|p1a: Iron Moth|Energy Ball|p2a: kitkat\n|-supereffective|p2a: kitkat\n|-damage|p2a: kitkat|0 fnt\n|faint|p2a: kitkat\n|\n|win|Army2501\n|raw|Army2501's rating: 1097 &rarr; <strong>1116<\/strong><br \/>(+19 for winning)\n|raw|Bai1lu's rating: 1000 &rarr; <strong>1000<\/strong><br \/>(+0 for losing)\n|l|\u2606Bai1lu\n","uploadtime":1700603990,"views":18,"p1id":"army2501","p2id":"bai1lu","formatid":"gen9ou","rating":1000,"private":0,"password":""}