{"id":"gen9ou-1995092631","p1":"SCHIZODROOLER98","p2":"a jellyfish","format":"[Gen 9] OU","log":"|j|\u2606SCHIZODROOLER98\n|j|\u2606a jellyfish\n|t:|1700521708\n|gametype|singles\n|player|p1|SCHIZODROOLER98|medium|1574\n|player|p2|a jellyfish|fisherman-gen4|1512\n|teamsize|p1|6\n|teamsize|p2|6\n|gen|9\n|tier|[Gen 9] OU\n|rated|\n|rule|Sleep Clause Mod: Limit one foe put to sleep\n|rule|Species Clause: Limit one of each Pok\u00e9mon\n|rule|OHKO Clause: OHKO moves are banned\n|rule|Evasion Items Clause: Evasion items are banned\n|rule|Evasion Moves Clause: Evasion moves are banned\n|rule|Endless Battle Clause: Forcing endless battles is banned\n|rule|HP Percentage Mod: HP is shown in percentages\n|clearpoke\n|poke|p1|Ninetales-Alola, F|\n|poke|p1|Slowbro-Galar, M|\n|poke|p1|Enamorus-Therian, F|\n|poke|p1|Iron Hands|\n|poke|p1|Ceruledge, M|\n|poke|p1|Kingambit, M|\n|poke|p2|Ogerpon-Wellspring, F|\n|poke|p2|Dragonite, F|\n|poke|p2|Iron Valiant|\n|poke|p2|Alomomola, M|\n|poke|p2|Gholdengo|\n|poke|p2|Ting-Lu|\n|teampreview\n|inactive|Battle timer is ON: inactive players will automatically lose when time's up. (requested by a jellyfish)\n|inactive|a jellyfish has 120 seconds left.\n|\n|t:|1700521751\n|start\n|switch|p1a: MIDWEST FURFEST|Ninetales-Alola, F, shiny|100\/100\n|switch|p2a: Gholdengo|Gholdengo|100\/100\n|-weather|Snow|[from] ability: Snow Warning|[of] p1a: MIDWEST FURFEST\n|-item|p2a: Gholdengo|Air Balloon\n|turn|1\n|\n|t:|1700521761\n|move|p1a: MIDWEST FURFEST|Aurora Veil|p1a: MIDWEST FURFEST\n|-sidestart|p1: SCHIZODROOLER98|move: Aurora Veil\n|move|p2a: Gholdengo|Make It Rain|p1a: MIDWEST FURFEST\n|-supereffective|p1a: MIDWEST FURFEST\n|-damage|p1a: MIDWEST FURFEST|0 fnt\n|-unboost|p2a: Gholdengo|spa|1\n|faint|p1a: MIDWEST FURFEST\n|\n|-weather|Snow|[upkeep]\n|upkeep\n|\n|t:|1700521766\n|switch|p1a: DEEZ HANDS|Iron Hands|100\/100\n|turn|2\n|-activate|p1a: DEEZ HANDS|item: Quick Claw\n|\n|t:|1700521785\n|switch|p2a: Ting-Lu|Ting-Lu|100\/100\n|-ability|p2a: Ting-Lu|Vessel of Ruin\n|move|p1a: DEEZ HANDS|Swords Dance|p1a: DEEZ HANDS\n|-boost|p1a: DEEZ HANDS|atk|2\n|\n|-weather|Snow|[upkeep]\n|upkeep\n|turn|3\n|\n|t:|1700521800\n|switch|p2a: Dragonite|Dragonite, F, shiny|100\/100\n|move|p1a: DEEZ HANDS|Drain Punch|p2a: Dragonite\n|-resisted|p2a: Dragonite\n|-damage|p2a: Dragonite|76\/100\n|\n|-weather|Snow|[upkeep]\n|upkeep\n|turn|4\n|\n|t:|1700521804\n|move|p2a: Dragonite|Roost|p2a: Dragonite\n|-heal|p2a: Dragonite|100\/100\n|-singleturn|p2a: Dragonite|move: Roost\n|move|p1a: DEEZ HANDS|Ice Punch|p2a: Dragonite\n|-supereffective|p2a: Dragonite\n|-damage|p2a: Dragonite|36\/100\n|\n|-weather|Snow|[upkeep]\n|upkeep\n|turn|5\n|\n|t:|1700521818\n|switch|p2a: Alomomola|Alomomola, M|100\/100\n|move|p1a: DEEZ HANDS|Thunder Punch|p2a: Alomomola\n|-supereffective|p2a: Alomomola\n|-damage|p2a: Alomomola|0 fnt\n|faint|p2a: Alomomola\n|\n|-weather|none\n|upkeep\n|\n|t:|1700521833\n|switch|p2a: Ting-Lu|Ting-Lu|100\/100\n|-ability|p2a: Ting-Lu|Vessel of Ruin\n|turn|6\n|\n|t:|1700521845\n|-terastallize|p2a: Ting-Lu|Poison\n|move|p1a: DEEZ HANDS|Ice Punch|p2a: Ting-Lu\n|-damage|p2a: Ting-Lu|67\/100\n|move|p2a: Ting-Lu|Whirlwind|p1a: DEEZ HANDS\n|-end|p1a: DEEZ HANDS|Quark Drive|[silent]\n|drag|p1a: SKILL ISSUE|Slowbro-Galar, M, shiny|100\/100\n|\n|-heal|p2a: Ting-Lu|73\/100|[from] item: Leftovers\n|upkeep\n|turn|7\n|\n|t:|1700521864\n|move|p2a: Ting-Lu|Spikes|p1a: SKILL ISSUE\n|-sidestart|p1: SCHIZODROOLER98|Spikes\n|move|p1a: SKILL ISSUE|Nasty Plot|p1a: SKILL ISSUE\n|-boost|p1a: SKILL ISSUE|spa|2\n|\n|-heal|p2a: Ting-Lu|79\/100|[from] item: Leftovers\n|upkeep\n|turn|8\n|-activate|p1a: SKILL ISSUE|ability: Quick Draw\n|\n|t:|1700521872\n|move|p1a: SKILL ISSUE|Psyshock|p2a: Ting-Lu\n|-supereffective|p2a: Ting-Lu\n|-damage|p2a: Ting-Lu|17\/100\n|move|p2a: Ting-Lu|Whirlwind|p1a: SKILL ISSUE\n|drag|p1a: JOHN DARKSOULS|Ceruledge, M|100\/100\n|-damage|p1a: JOHN DARKSOULS|88\/100|[from] Spikes\n|\n|-heal|p2a: Ting-Lu|23\/100|[from] item: Leftovers\n|-sideend|p1: SCHIZODROOLER98|move: Aurora Veil\n|upkeep\n|turn|9\n|\n|t:|1700521896\n|switch|p2a: Dragonite|Dragonite, F, shiny|36\/100\n|move|p1a: JOHN DARKSOULS|Poltergeist|p2a: Dragonite\n|-activate|p2a: Dragonite|move: Poltergeist|Heavy-Duty Boots\n|-damage|p2a: Dragonite|0 fnt\n|faint|p2a: Dragonite\n|\n|upkeep\n|\n|t:|1700521902\n|switch|p2a: Ogerpon|Ogerpon-Wellspring, F|100\/100\n|turn|10\n|\n|t:|1700521913\n|move|p2a: Ogerpon|Ivy Cudgel|p1a: JOHN DARKSOULS|[anim] Ivy Cudgel Water\n|-supereffective|p1a: JOHN DARKSOULS\n|-damage|p1a: JOHN DARKSOULS|0 fnt\n|faint|p1a: JOHN DARKSOULS\n|\n|upkeep\n|\n|t:|1700521920\n|switch|p1a: DEEZ HANDS|Iron Hands|100\/100\n|-damage|p1a: DEEZ HANDS|88\/100|[from] Spikes\n|turn|11\n|inactive|a jellyfish has 120 seconds left.\n|inactive|a jellyfish has 90 seconds left.\n|inactive|a jellyfish has 60 seconds left.\n|\n|t:|1700522013\n|switch|p2a: Ting-Lu|Ting-Lu, tera:Poison|23\/100\n|-ability|p2a: Ting-Lu|Vessel of Ruin\n|move|p1a: DEEZ HANDS|Drain Punch|p2a: Ting-Lu\n|-resisted|p2a: Ting-Lu\n|-damage|p2a: Ting-Lu|11\/100\n|-heal|p1a: DEEZ HANDS|95\/100|[from] drain|[of] p2a: Ting-Lu\n|\n|-heal|p2a: Ting-Lu|17\/100|[from] item: Leftovers\n|upkeep\n|turn|12\n|\n|t:|1700522019\n|move|p1a: DEEZ HANDS|Thunder Punch|p2a: Ting-Lu\n|-damage|p2a: Ting-Lu|0 fnt\n|faint|p2a: Ting-Lu\n|\n|upkeep\n|inactive|a jellyfish has 60 seconds left.\n|\n|t:|1700522042\n|switch|p2a: Iron Valiant|Iron Valiant|100\/100\n|-enditem|p2a: Iron Valiant|Booster Energy\n|-activate|p2a: Iron Valiant|ability: Quark Drive|[fromitem]\n|-start|p2a: Iron Valiant|quarkdrivespe\n|turn|13\n|inactive|a jellyfish has 60 seconds left.\n|\n|t:|1700522056\n|-end|p1a: DEEZ HANDS|Quark Drive|[silent]\n|switch|p1a: SKILL ISSUE|Slowbro-Galar, M, shiny|100\/100\n|-damage|p1a: SKILL ISSUE|88\/100|[from] Spikes\n|move|p2a: Iron Valiant|Moonblast|p1a: SKILL ISSUE\n|-resisted|p1a: SKILL ISSUE\n|-damage|p1a: SKILL ISSUE|61\/100\n|\n|upkeep\n|turn|14\n|\n|t:|1700522063\n|-end|p2a: Iron Valiant|Quark Drive|[silent]\n|switch|p2a: Gholdengo|Gholdengo|100\/100\n|-item|p2a: Gholdengo|Air Balloon\n|move|p1a: SKILL ISSUE|Psyshock|p2a: Gholdengo\n|-resisted|p2a: Gholdengo\n|-damage|p2a: Gholdengo|83\/100\n|-enditem|p2a: Gholdengo|Air Balloon\n|\n|upkeep\n|turn|15\n|\n|t:|1700522075\n|switch|p2a: Iron Valiant|Iron Valiant|100\/100\n|switch|p1a: HE JUST LIKE ME FR|Kingambit, M|100\/100\n|-damage|p1a: HE JUST LIKE ME FR|88\/100|[from] Spikes\n|-activate|p1a: HE JUST LIKE ME FR|ability: Supreme Overlord\n|-start|p1a: HE JUST LIKE ME FR|fallen2|[silent]\n|\n|upkeep\n|turn|16\n|\n|t:|1700522090\n|-end|p1a: HE JUST LIKE ME FR|fallen2|[silent]\n|switch|p1a: SKILL ISSUE|Slowbro-Galar, M, shiny|61\/100\n|-damage|p1a: SKILL ISSUE|49\/100|[from] Spikes\n|move|p2a: Iron Valiant|Moonblast|p1a: SKILL ISSUE\n|-resisted|p1a: SKILL ISSUE\n|-damage|p1a: SKILL ISSUE|24\/100\n|\n|upkeep\n|turn|17\n|\n|t:|1700522097\n|move|p2a: Iron Valiant|Moonblast|p1a: SKILL ISSUE\n|-resisted|p1a: SKILL ISSUE\n|-crit|p1a: SKILL ISSUE\n|-damage|p1a: SKILL ISSUE|0 fnt\n|faint|p1a: SKILL ISSUE\n|\n|upkeep\n|\n|t:|1700522108\n|switch|p1a: ASTAGHFIRULLAH|Enamorus-Therian, F, shiny|100\/100\n|turn|18\n|inactive|a jellyfish has 90 seconds left.\n|\n|t:|1700522114\n|move|p2a: Iron Valiant|Moonblast|p1a: ASTAGHFIRULLAH\n|-damage|p1a: ASTAGHFIRULLAH|59\/100\n|move|p1a: ASTAGHFIRULLAH|Moonblast|p2a: Iron Valiant\n|-supereffective|p2a: Iron Valiant\n|-damage|p2a: Iron Valiant|0 fnt\n|faint|p2a: Iron Valiant\n|-end|p2a: Iron Valiant|Quark Drive|[silent]\n|\n|upkeep\n|\n|t:|1700522117\n|switch|p2a: Gholdengo|Gholdengo|83\/100\n|turn|19\n|\n|t:|1700522129\n|-terastallize|p1a: ASTAGHFIRULLAH|Water\n|move|p2a: Gholdengo|Nasty Plot|p2a: Gholdengo\n|-boost|p2a: Gholdengo|spa|2\n|move|p1a: ASTAGHFIRULLAH|Calm Mind|p1a: ASTAGHFIRULLAH\n|-boost|p1a: ASTAGHFIRULLAH|spa|1\n|-boost|p1a: ASTAGHFIRULLAH|spd|1\n|\n|upkeep\n|turn|20\n|\n|t:|1700522134\n|move|p2a: Gholdengo|Nasty Plot|p2a: Gholdengo\n|-boost|p2a: Gholdengo|spa|2\n|move|p1a: ASTAGHFIRULLAH|Earth Power|p2a: Gholdengo\n|-supereffective|p2a: Gholdengo\n|-damage|p2a: Gholdengo|0 fnt\n|faint|p2a: Gholdengo\n|\n|upkeep\n|\n|t:|1700522138\n|switch|p2a: Ogerpon|Ogerpon-Wellspring, F|100\/100\n|turn|21\n|\n|t:|1700522143\n|move|p2a: Ogerpon|Swords Dance|p2a: Ogerpon\n|-boost|p2a: Ogerpon|atk|2\n|move|p1a: ASTAGHFIRULLAH|Moonblast|p2a: Ogerpon\n|-damage|p2a: Ogerpon|18\/100\n|\n|upkeep\n|turn|22\n|\n|t:|1700522149\n|move|p2a: Ogerpon|Horn Leech|p1a: ASTAGHFIRULLAH\n|-supereffective|p1a: ASTAGHFIRULLAH\n|-damage|p1a: ASTAGHFIRULLAH|0 fnt\n|-heal|p2a: Ogerpon|46\/100|[from] drain|[of] p1a: ASTAGHFIRULLAH\n|faint|p1a: ASTAGHFIRULLAH\n|\n|upkeep\n|\n|t:|1700522153\n|switch|p1a: DEEZ HANDS|Iron Hands|95\/100\n|-damage|p1a: DEEZ HANDS|83\/100|[from] Spikes\n|turn|23\n|\n|t:|1700522158\n|move|p2a: Ogerpon|Horn Leech|p1a: DEEZ HANDS\n|-damage|p1a: DEEZ HANDS|30\/100\n|-heal|p2a: Ogerpon|81\/100|[from] drain|[of] p1a: DEEZ HANDS\n|move|p1a: DEEZ HANDS|Drain Punch|p2a: Ogerpon\n|-damage|p2a: Ogerpon|28\/100\n|-heal|p1a: DEEZ HANDS|50\/100|[from] drain|[of] p2a: Ogerpon\n|\n|upkeep\n|turn|24\n|\n|t:|1700522165\n|move|p2a: Ogerpon|Horn Leech|p1a: DEEZ HANDS\n|-damage|p1a: DEEZ HANDS|0 fnt\n|-heal|p2a: Ogerpon|61\/100|[from] drain|[of] p1a: DEEZ HANDS\n|faint|p1a: DEEZ HANDS\n|-end|p1a: DEEZ HANDS|Quark Drive|[silent]\n|\n|upkeep\n|\n|t:|1700522167\n|switch|p1a: HE JUST LIKE ME FR|Kingambit, M|88\/100\n|-damage|p1a: HE JUST LIKE ME FR|76\/100|[from] Spikes\n|-activate|p1a: HE JUST LIKE ME FR|ability: Supreme Overlord\n|-start|p1a: HE JUST LIKE ME FR|fallen5|[silent]\n|turn|25\n|inactive|a jellyfish has 120 seconds left.\n|inactive|a jellyfish has 90 seconds left.\n|-activate|p1a: HE JUST LIKE ME FR|item: Quick Claw\n|\n|t:|1700522249\n|move|p1a: HE JUST LIKE ME FR|Kowtow Cleave|p2a: Ogerpon\n|-damage|p2a: Ogerpon|0 fnt\n|faint|p2a: Ogerpon\n|\n|win|SCHIZODROOLER98\n|raw|SCHIZODROOLER98's rating: 1574 &rarr; <strong>1591<\/strong><br \/>(+17 for winning)\n|raw|a jellyfish's rating: 1528 &rarr; <strong>1511<\/strong><br \/>(-17 for losing)\n|l|\u2606a jellyfish\n|c|\u2606SCHIZODROOLER98|okaay\n","uploadtime":1700522266,"views":17,"p1id":"schizodrooler98","p2id":"ajellyfish","formatid":"gen9ou","rating":1511,"private":0,"password":""}