{"id":"gen9ou-1991390169","p1":"freebird88","p2":"Gyarikkuho","format":"[Gen 9] OU","log":"|j|\u2606freebird88\n|j|\u2606Gyarikkuho\n|inactive|Battle timer is ON: inactive players will automatically lose when time's up.\n|t:|1700073102\n|gametype|singles\n|player|p1|freebird88|clown|\n|player|p2|Gyarikkuho|n|\n|teamsize|p1|3\n|teamsize|p2|3\n|gen|9\n|tier|[Gen 9] OU\n|rated|Tournament battle\n|rule|Sleep Clause Mod: Limit one foe put to sleep\n|rule|Species Clause: Limit one of each Pok\u00e9mon\n|rule|OHKO Clause: OHKO moves are banned\n|rule|Evasion Items Clause: Evasion items are banned\n|rule|Evasion Moves Clause: Evasion moves are banned\n|rule|Endless Battle Clause: Forcing endless battles is banned\n|rule|HP Percentage Mod: HP is shown in percentages\n|clearpoke\n|poke|p1|Ninetales-Alola, F|\n|poke|p1|Lurantis, M|\n|poke|p1|Gholdengo|\n|poke|p2|Toxtricity, F|\n|poke|p2|Tinkaton, F|\n|poke|p2|Kingambit, F|\n|teampreview\n|j|*Lady Monita \u2746\n|j| CoolThingDude\n|\n|t:|1700073117\n|start\n|switch|p1a: david fincher|Ninetales-Alola, F, shiny|100\/100\n|switch|p2a: Toxtricity|Toxtricity, F|100\/100\n|-weather|Snow|[from] ability: Snow Warning|[of] p1a: david fincher\n|turn|1\n|\n|t:|1700073125\n|move|p1a: david fincher|Aurora Veil|p1a: david fincher\n|-sidestart|p1: freebird88|move: Aurora Veil\n|move|p2a: Toxtricity|Shift Gear|p2a: Toxtricity\n|-boost|p2a: Toxtricity|spe|2\n|-boost|p2a: Toxtricity|atk|1\n|\n|-weather|Snow|[upkeep]\n|upkeep\n|turn|2\n|\n|t:|1700073137\n|-terastallize|p2a: Toxtricity|Electric\n|move|p2a: Toxtricity|Overdrive|p1a: david fincher\n|-damage|p1a: david fincher|55\/100\n|-enditem|p2a: Toxtricity|Throat Spray\n|-boost|p2a: Toxtricity|spa|1|[from] item: Throat Spray\n|move|p1a: david fincher|Blizzard|p2a: Toxtricity\n|-damage|p2a: Toxtricity|46\/100\n|\n|-weather|Snow|[upkeep]\n|upkeep\n|turn|3\n|j| e3n\n|\n|t:|1700073148\n|move|p2a: Toxtricity|Sludge Bomb|p1a: david fincher\n|-supereffective|p1a: david fincher\n|-damage|p1a: david fincher|0 fnt\n|faint|p1a: david fincher\n|\n|-weather|Snow|[upkeep]\n|upkeep\n|\n|t:|1700073154\n|switch|p1a: ridley scott|Gholdengo, shiny|100\/100\n|turn|4\n|\n|t:|1700073162\n|move|p2a: Toxtricity|Overdrive|p1a: ridley scott\n|-damage|p1a: ridley scott|37\/100\n|move|p1a: ridley scott|Shadow Ball|p2a: Toxtricity\n|-damage|p2a: Toxtricity|0 fnt\n|faint|p2a: Toxtricity\n|\n|-weather|Snow|[upkeep]\n|-heal|p1a: ridley scott|43\/100|[from] item: Leftovers\n|upkeep\n|\n|t:|1700073183\n|switch|p2a: Kingambit|Kingambit, F|100\/100\n|turn|5\n|\n|t:|1700073203\n|move|p1a: ridley scott|Nasty Plot|p1a: ridley scott\n|-boost|p1a: ridley scott|spa|2\n|move|p2a: Kingambit|Iron Head|p1a: ridley scott\n|-resisted|p1a: ridley scott\n|-damage|p1a: ridley scott|30\/100\n|\n|-weather|none\n|-heal|p1a: ridley scott|36\/100|[from] item: Leftovers\n|upkeep\n|turn|6\n|\n|t:|1700073210\n|move|p2a: Kingambit|Sucker Punch|p1a: ridley scott\n|-supereffective|p1a: ridley scott\n|-damage|p1a: ridley scott|0 fnt\n|faint|p1a: ridley scott\n|\n|upkeep\n|\n|t:|1700073213\n|switch|p1a: martin scorsese|Lurantis, M, shiny|100\/100\n|turn|7\n|\n|t:|1700073221\n|move|p2a: Kingambit|Sucker Punch|p1a: martin scorsese\n|-damage|p1a: martin scorsese|78\/100\n|move|p1a: martin scorsese|Superpower|p2a: Kingambit\n|-supereffective|p2a: Kingambit\n|-damage|p2a: Kingambit|9\/100\n|-boost|p1a: martin scorsese|atk|1\n|-boost|p1a: martin scorsese|def|1\n|\n|-heal|p2a: Kingambit|16\/100|[from] item: Leftovers\n|-heal|p1a: martin scorsese|84\/100|[from] item: Leftovers\n|upkeep\n|turn|8\n|\n|t:|1700073226\n|move|p2a: Kingambit|Sucker Punch|p1a: martin scorsese\n|-damage|p1a: martin scorsese|70\/100\n|move|p1a: martin scorsese|Superpower|p2a: Kingambit\n|-supereffective|p2a: Kingambit\n|-damage|p2a: Kingambit|0 fnt\n|-boost|p1a: martin scorsese|atk|1\n|-boost|p1a: martin scorsese|def|1\n|faint|p2a: Kingambit\n|\n|-heal|p1a: martin scorsese|76\/100|[from] item: Leftovers\n|-sideend|p1: freebird88|move: Aurora Veil\n|upkeep\n|\n|t:|1700073229\n|switch|p2a: Tinkaton|Tinkaton, F|100\/100\n|-ability|p2a: Tinkaton|Mold Breaker\n|turn|9\n|\n|t:|1700073242\n|-terastallize|p1a: martin scorsese|Steel\n|move|p2a: Tinkaton|Swords Dance|p2a: Tinkaton\n|-boost|p2a: Tinkaton|atk|2\n|move|p1a: martin scorsese|Rest|p1a: martin scorsese\n|-status|p1a: martin scorsese|slp|[from] move: Rest\n|-heal|p1a: martin scorsese|100\/100 slp|[silent]\n|\n|upkeep\n|turn|10\n|c|\u2606Gyarikkuho|gg\n|\n|t:|1700073252\n|move|p2a: Tinkaton|Swords Dance|p2a: Tinkaton\n|-boost|p2a: Tinkaton|atk|2\n|cant|p1a: martin scorsese|slp\n|move|p1a: martin scorsese|Sleep Talk|p1a: martin scorsese\n|move|p1a: martin scorsese|Superpower|p2a: Tinkaton|[from]move: Sleep Talk\n|-damage|p2a: Tinkaton|21\/100\n|-boost|p1a: martin scorsese|atk|1\n|-boost|p1a: martin scorsese|def|1\n|\n|-heal|p2a: Tinkaton|27\/100|[from] item: Leftovers\n|upkeep\n|turn|11\n|\n|t:|1700073256\n|move|p2a: Tinkaton|Swords Dance|p2a: Tinkaton\n|-boost|p2a: Tinkaton|atk|2\n|cant|p1a: martin scorsese|slp\n|move|p1a: martin scorsese|Sleep Talk|p1a: martin scorsese\n|move|p1a: martin scorsese|Superpower|p2a: Tinkaton|[from]move: Sleep Talk\n|-damage|p2a: Tinkaton|0 fnt\n|-boost|p1a: martin scorsese|atk|1\n|-boost|p1a: martin scorsese|def|1\n|faint|p2a: Tinkaton\n|\n|win|freebird88\n|n|\u2606freebird88|freebird88\n|n|\u2606Gyarikkuho|gyarikkuho\n|n|*Lady Monita \u2746|ladymonita\n|n| CoolThingDude|coolthingdude\n|n| e3n|e3n\n","uploadtime":1700073261,"views":7,"p1id":"freebird88","p2id":"gyarikkuho","formatid":"gen9ou","rating":0,"private":0,"password":""}