{"id":"gen9ou-1999513860","p1":"Mr.Marvel19200","p2":"lenroc","format":"[Gen 9] OU","log":"|j|\u2606Mr.Marvel19200\n|j|\u2606lenroc\n|t:|1701091198\n|gametype|singles\n|player|p1|Mr.Marvel19200|juan|1230\n|player|p2|lenroc|101|1162\n|teamsize|p1|6\n|teamsize|p2|6\n|gen|9\n|tier|[Gen 9] OU\n|rated|\n|rule|Sleep Clause Mod: Limit one foe put to sleep\n|rule|Species Clause: Limit one of each Pok\u00e9mon\n|rule|OHKO Clause: OHKO moves are banned\n|rule|Evasion Items Clause: Evasion items are banned\n|rule|Evasion Moves Clause: Evasion moves are banned\n|rule|Endless Battle Clause: Forcing endless battles is banned\n|rule|HP Percentage Mod: HP is shown in percentages\n|clearpoke\n|poke|p1|Sableye, F|\n|poke|p1|Skeledirge, F|\n|poke|p1|Clodsire, M|\n|poke|p1|Weezing, F|\n|poke|p1|Forretress, F|\n|poke|p1|Samurott-Hisui, F|\n|poke|p2|Ninetales-Alola, F|\n|poke|p2|Ogerpon-Wellspring, F|\n|poke|p2|Weavile, M|\n|poke|p2|Moltres|\n|poke|p2|Great Tusk|\n|poke|p2|Dragapult, F|\n|teampreview\n|inactive|Battle timer is ON: inactive players will automatically lose when time's up. (requested by Mr.Marvel19200)\n|inactive|lenroc has 120 seconds left.\n|\n|t:|1701091243\n|start\n|switch|p1a: Forretress|Forretress, F|100\/100\n|switch|p2a: Ninetales|Ninetales-Alola, F|100\/100\n|-weather|Snow|[from] ability: Snow Warning|[of] p2a: Ninetales\n|turn|1\n|\n|t:|1701091252\n|move|p2a: Ninetales|Aurora Veil|p2a: Ninetales\n|-sidestart|p2: lenroc|move: Aurora Veil\n|move|p1a: Forretress|Stealth Rock|p2a: Ninetales\n|-sidestart|p2: lenroc|move: Stealth Rock\n|\n|-weather|Snow|[upkeep]\n|upkeep\n|turn|2\n|\n|t:|1701091258\n|switch|p2a: Moltres|Moltres|100\/100\n|move|p1a: Forretress|Gyro Ball|p2a: Moltres\n|-resisted|p2a: Moltres\n|-damage|p2a: Moltres|91\/100\n|\n|-weather|Snow|[upkeep]\n|upkeep\n|turn|3\n|\n|t:|1701091273\n|switch|p1a: Clodsire|Clodsire, M|100\/100\n|move|p2a: Moltres|U-turn|p1a: Clodsire\n|-resisted|p1a: Clodsire\n|-damage|p1a: Clodsire|93\/100\n|\n|t:|1701091279\n|switch|p2a: Ninetales|Ninetales-Alola, F|100\/100|[from] U-turn\n|-damage|p2a: Ninetales|76\/100|[from] Stealth Rock\n|\n|-weather|Snow|[upkeep]\n|-heal|p1a: Clodsire|99\/100|[from] item: Leftovers\n|upkeep\n|turn|4\n|\n|t:|1701091293\n|switch|p1a: Skeledirge|Skeledirge, F|100\/100\n|move|p2a: Ninetales|Blizzard|p1a: Skeledirge\n|-resisted|p1a: Skeledirge\n|-damage|p1a: Skeledirge|87\/100\n|\n|-weather|Snow|[upkeep]\n|upkeep\n|turn|5\n|\n|t:|1701091302\n|switch|p2a: Moltres|Moltres|91\/100\n|move|p1a: Skeledirge|Torch Song|p2a: Moltres\n|-resisted|p2a: Moltres\n|-damage|p2a: Moltres|82\/100\n|-boost|p1a: Skeledirge|spa|1\n|\n|-weather|none\n|upkeep\n|turn|6\n|\n|t:|1701091319\n|move|p2a: Moltres|U-turn|p1a: Skeledirge\n|-resisted|p1a: Skeledirge\n|-damage|p1a: Skeledirge|84\/100\n|\n|t:|1701091329\n|switch|p2a: Ogerpon|Ogerpon-Wellspring, F|100\/100|[from] U-turn\n|-damage|p2a: Ogerpon|88\/100|[from] Stealth Rock\n|move|p1a: Skeledirge|Shadow Ball|p2a: Ogerpon\n|-damage|p2a: Ogerpon|63\/100\n|\n|upkeep\n|turn|7\n|\n|t:|1701091345\n|switch|p1a: Forretress|Forretress, F|100\/100\n|-terastallize|p2a: Ogerpon|Water\n|detailschange|p2a: Ogerpon|Ogerpon-Wellspring-Tera, F, tera:Water\n|-ability|p2a: Ogerpon|Embody Aspect (Wellspring)|boost\n|-boost|p2a: Ogerpon|spd|1\n|move|p2a: Ogerpon|Swords Dance|p2a: Ogerpon\n|-boost|p2a: Ogerpon|atk|2\n|\n|upkeep\n|turn|8\n|\n|t:|1701091356\n|move|p2a: Ogerpon|Ivy Cudgel|p1a: Forretress|[anim] Ivy Cudgel Water\n|-ability|p1a: Forretress|Sturdy\n|-damage|p1a: Forretress|1\/100\n|-enditem|p1a: Forretress|Red Card|[of] p2a: Ogerpon\n|drag|p2a: Moltres|Moltres|82\/100\n|move|p1a: Forretress|Gyro Ball|p2a: Moltres\n|-resisted|p2a: Moltres\n|-damage|p2a: Moltres|72\/100\n|\n|-sideend|p2: lenroc|move: Aurora Veil\n|upkeep\n|turn|9\n|\n|t:|1701091369\n|move|p2a: Moltres|U-turn|p1a: Forretress\n|-resisted|p1a: Forretress\n|-damage|p1a: Forretress|0 fnt\n|faint|p1a: Forretress\n|\n|t:|1701091374\n|switch|p2a: Ninetales|Ninetales-Alola, F|76\/100|[from] U-turn\n|-damage|p2a: Ninetales|51\/100|[from] Stealth Rock\n|-weather|Snow|[from] ability: Snow Warning|[of] p2a: Ninetales\n|\n|-weather|Snow|[upkeep]\n|upkeep\n|\n|t:|1701091381\n|switch|p1a: Samurott|Samurott-Hisui, F|100\/100\n|turn|10\n|\n|t:|1701091389\n|move|p1a: Samurott|Sacred Sword|p2a: Ninetales\n|-damage|p2a: Ninetales|10\/100\n|move|p2a: Ninetales|Aurora Veil|p2a: Ninetales\n|-sidestart|p2: lenroc|move: Aurora Veil\n|\n|-weather|Snow|[upkeep]\n|upkeep\n|turn|11\n|\n|t:|1701091399\n|switch|p1a: Skeledirge|Skeledirge, F|84\/100\n|move|p2a: Ninetales|Moonblast|p1a: Skeledirge\n|-resisted|p1a: Skeledirge\n|-damage|p1a: Skeledirge|71\/100\n|\n|-weather|Snow|[upkeep]\n|upkeep\n|turn|12\n|\n|t:|1701091411\n|switch|p2a: Dragapult|Dragapult, F|100\/100\n|-damage|p2a: Dragapult|88\/100|[from] Stealth Rock\n|move|p1a: Skeledirge|Torch Song|p2a: Dragapult\n|-resisted|p2a: Dragapult\n|-damage|p2a: Dragapult|78\/100\n|-boost|p1a: Skeledirge|spa|1\n|\n|-weather|Snow|[upkeep]\n|upkeep\n|turn|13\n|\n|t:|1701091422\n|-terastallize|p1a: Skeledirge|Fairy\n|move|p2a: Dragapult|Shadow Ball|p1a: Skeledirge\n|-damage|p1a: Skeledirge|30\/100\n|move|p1a: Skeledirge|Tera Blast|p2a: Dragapult|[anim] Tera Blast Fairy\n|-supereffective|p2a: Dragapult\n|-damage|p2a: Dragapult|13\/100\n|\n|-weather|none\n|upkeep\n|turn|14\n|\n|t:|1701091434\n|move|p2a: Dragapult|Shadow Ball|p1a: Skeledirge\n|-damage|p1a: Skeledirge|0 fnt\n|faint|p1a: Skeledirge\n|\n|upkeep\n|\n|t:|1701091443\n|switch|p1a: Samurott|Samurott-Hisui, F|100\/100\n|turn|15\n|\n|t:|1701091454\n|move|p1a: Samurott|Sucker Punch|p2a: Dragapult\n|-supereffective|p2a: Dragapult\n|-damage|p2a: Dragapult|0 fnt\n|faint|p2a: Dragapult\n|\n|upkeep\n|\n|t:|1701091460\n|switch|p2a: Moltres|Moltres|72\/100\n|turn|16\n|\n|t:|1701091464\n|switch|p1a: Clodsire|Clodsire, M|99\/100\n|move|p2a: Moltres|Will-O-Wisp|p1a: Clodsire\n|-status|p1a: Clodsire|brn\n|\n|-heal|p1a: Clodsire|100\/100 brn|[from] item: Leftovers\n|-damage|p1a: Clodsire|94\/100 brn|[from] brn\n|upkeep\n|turn|17\n|\n|t:|1701091474\n|move|p2a: Moltres|Heat Wave|p1a: Clodsire\n|-damage|p1a: Clodsire|70\/100 brn\n|move|p1a: Clodsire|Toxic|p2a: Moltres\n|-status|p2a: Moltres|tox\n|\n|-heal|p1a: Clodsire|76\/100 brn|[from] item: Leftovers\n|-damage|p2a: Moltres|66\/100 tox|[from] psn\n|-damage|p1a: Clodsire|70\/100 brn|[from] brn\n|-sideend|p2: lenroc|move: Aurora Veil\n|upkeep\n|turn|18\n|\n|t:|1701091486\n|switch|p2a: Great Tusk|Great Tusk|100\/100\n|-damage|p2a: Great Tusk|98\/100|[from] Stealth Rock\n|move|p1a: Clodsire|Stockpile|p1a: Clodsire\n|-start|p1a: Clodsire|stockpile1\n|-boost|p1a: Clodsire|def|1\n|-boost|p1a: Clodsire|spd|1\n|\n|-heal|p1a: Clodsire|76\/100 brn|[from] item: Leftovers\n|-damage|p1a: Clodsire|70\/100 brn|[from] brn\n|upkeep\n|turn|19\n|\n|t:|1701091502\n|switch|p1a: Sableye|Sableye, F|100\/100\n|move|p2a: Great Tusk|Headlong Rush|p1a: Sableye\n|-damage|p1a: Sableye|35\/100\n|-unboost|p2a: Great Tusk|def|1\n|-unboost|p2a: Great Tusk|spd|1\n|-damage|p2a: Great Tusk|81\/100|[from] item: Rocky Helmet|[of] p1a: Sableye\n|\n|upkeep\n|turn|20\n|\n|t:|1701091516\n|switch|p1a: Weezing|Weezing, F|100\/100\n|move|p2a: Great Tusk|Headlong Rush|p1a: Weezing\n|-immune|p1a: Weezing|[from] ability: Levitate\n|\n|upkeep\n|turn|21\n|\n|t:|1701091523\n|move|p2a: Great Tusk|Rapid Spin|p1a: Weezing\n|-damage|p1a: Weezing|87\/100\n|-boost|p2a: Great Tusk|spe|1\n|-sideend|p2: lenroc|Stealth Rock|[from] move: Rapid Spin|[of] p2a: Great Tusk\n|move|p1a: Weezing|Will-O-Wisp|p2a: Great Tusk\n|-status|p2a: Great Tusk|brn\n|-enditem|p2a: Great Tusk|Lum Berry|[eat]\n|-curestatus|p2a: Great Tusk|brn|[msg]\n|\n|-heal|p1a: Weezing|93\/100|[from] item: Black Sludge\n|upkeep\n|turn|22\n|\n|t:|1701091535\n|-end|p2a: Great Tusk|Protosynthesis|[silent]\n|switch|p2a: Moltres|Moltres|66\/100 tox\n|move|p1a: Weezing|Sludge Bomb|p2a: Moltres\n|-damage|p2a: Moltres|35\/100 tox\n|\n|-heal|p1a: Weezing|99\/100|[from] item: Black Sludge\n|-damage|p2a: Moltres|29\/100 tox|[from] psn\n|upkeep\n|turn|23\n|\n|t:|1701091545\n|switch|p1a: Clodsire|Clodsire, M|70\/100 brn\n|move|p2a: Moltres|Hurricane|p1a: Clodsire\n|-damage|p1a: Clodsire|40\/100 brn\n|-start|p1a: Clodsire|confusion\n|\n|-heal|p1a: Clodsire|46\/100 brn|[from] item: Leftovers\n|-damage|p2a: Moltres|16\/100 tox|[from] psn\n|-damage|p1a: Clodsire|40\/100 brn|[from] brn\n|upkeep\n|turn|24\n|\n|t:|1701091556\n|move|p2a: Moltres|Hurricane|p1a: Clodsire|[miss]\n|-miss|p2a: Moltres|p1a: Clodsire\n|-activate|p1a: Clodsire|confusion\n|-damage|p1a: Clodsire|32\/100 brn|[from] confusion\n|\n|-heal|p1a: Clodsire|38\/100 brn|[from] item: Leftovers\n|-damage|p2a: Moltres|0 fnt|[from] psn\n|faint|p2a: Moltres\n|-damage|p1a: Clodsire|32\/100 brn|[from] brn\n|upkeep\n|\n|t:|1701091568\n|switch|p2a: Ninetales|Ninetales-Alola, F|10\/100\n|-weather|Snow|[from] ability: Snow Warning|[of] p2a: Ninetales\n|turn|25\n|\n|t:|1701091585\n|switch|p1a: Sableye|Sableye, F|35\/100\n|move|p2a: Ninetales|Blizzard|p1a: Sableye\n|-damage|p1a: Sableye|0 fnt\n|faint|p1a: Sableye\n|\n|-weather|Snow|[upkeep]\n|upkeep\n|\n|t:|1701091594\n|switch|p1a: Samurott|Samurott-Hisui, F|100\/100\n|turn|26\n|\n|t:|1701091602\n|switch|p2a: Great Tusk|Great Tusk|81\/100\n|move|p1a: Samurott|Ceaseless Edge|p2a: Great Tusk\n|-resisted|p2a: Great Tusk\n|-damage|p2a: Great Tusk|64\/100\n|-sidestart|p2: lenroc|Spikes\n|\n|-weather|Snow|[upkeep]\n|upkeep\n|turn|27\n|\n|t:|1701091611\n|switch|p1a: Weezing|Weezing, F|99\/100\n|move|p2a: Great Tusk|Rapid Spin|p1a: Weezing\n|-damage|p1a: Weezing|88\/100\n|-boost|p2a: Great Tusk|spe|1\n|-sideend|p2: lenroc|Spikes|[from] move: Rapid Spin|[of] p2a: Great Tusk\n|\n|-weather|Snow|[upkeep]\n|-heal|p1a: Weezing|94\/100|[from] item: Black Sludge\n|upkeep\n|turn|28\n|\n|t:|1701091625\n|move|p2a: Great Tusk|Rock Slide|p1a: Weezing\n|-damage|p1a: Weezing|75\/100\n|move|p1a: Weezing|Will-O-Wisp|p2a: Great Tusk\n|-status|p2a: Great Tusk|brn\n|\n|-weather|Snow|[upkeep]\n|-heal|p1a: Weezing|81\/100|[from] item: Black Sludge\n|-damage|p2a: Great Tusk|58\/100 brn|[from] brn\n|upkeep\n|turn|29\n|\n|t:|1701091636\n|move|p2a: Great Tusk|Rock Slide|p1a: Weezing\n|-damage|p1a: Weezing|72\/100\n|move|p1a: Weezing|Will-O-Wisp|p2a: Great Tusk|[miss]\n|-miss|p1a: Weezing|p2a: Great Tusk\n|\n|-weather|none\n|-heal|p1a: Weezing|78\/100|[from] item: Black Sludge\n|-damage|p2a: Great Tusk|52\/100 brn|[from] brn\n|upkeep\n|turn|30\n|\n|t:|1701091648\n|-end|p2a: Great Tusk|Protosynthesis|[silent]\n|switch|p2a: Ninetales|Ninetales-Alola, F|10\/100\n|-weather|Snow|[from] ability: Snow Warning|[of] p2a: Ninetales\n|move|p1a: Weezing|Stockpile|p1a: Weezing\n|-start|p1a: Weezing|stockpile1\n|-boost|p1a: Weezing|def|1\n|-boost|p1a: Weezing|spd|1\n|\n|-weather|Snow|[upkeep]\n|-heal|p1a: Weezing|84\/100|[from] item: Black Sludge\n|upkeep\n|turn|31\n|\n|t:|1701091660\n|move|p2a: Ninetales|Blizzard|p1a: Weezing\n|-damage|p1a: Weezing|49\/100\n|move|p1a: Weezing|Sludge Bomb|p2a: Ninetales\n|-supereffective|p2a: Ninetales\n|-damage|p2a: Ninetales|0 fnt\n|faint|p2a: Ninetales\n|\n|-weather|Snow|[upkeep]\n|-heal|p1a: Weezing|55\/100|[from] item: Black Sludge\n|upkeep\n|\n|t:|1701091673\n|switch|p2a: Ogerpon|Ogerpon-Wellspring-Tera, F, tera:Water|63\/100\n|-ability|p2a: Ogerpon|Embody Aspect (Wellspring)|boost\n|-boost|p2a: Ogerpon|spd|1\n|turn|32\n|\n|t:|1701091685\n|move|p2a: Ogerpon|Swords Dance|p2a: Ogerpon\n|-boost|p2a: Ogerpon|atk|2\n|move|p1a: Weezing|Will-O-Wisp|p2a: Ogerpon|[miss]\n|-miss|p1a: Weezing|p2a: Ogerpon\n|\n|-weather|Snow|[upkeep]\n|-heal|p1a: Weezing|61\/100|[from] item: Black Sludge\n|upkeep\n|turn|33\n|\n|t:|1701091694\n|move|p2a: Ogerpon|Ivy Cudgel|p1a: Weezing|[anim] Ivy Cudgel Water\n|-damage|p1a: Weezing|0 fnt\n|faint|p1a: Weezing\n|\n|-weather|Snow|[upkeep]\n|upkeep\n|\n|t:|1701091702\n|switch|p1a: Clodsire|Clodsire, M|32\/100 brn\n|turn|34\n|\n|t:|1701091706\n|move|p2a: Ogerpon|Trailblaze|p1a: Clodsire\n|-damage|p1a: Clodsire|0 fnt\n|-boost|p2a: Ogerpon|spe|1\n|faint|p1a: Clodsire\n|\n|-weather|none\n|upkeep\n|\n|t:|1701091714\n|switch|p1a: Samurott|Samurott-Hisui, F|100\/100\n|turn|35\n|\n|t:|1701091731\n|move|p2a: Ogerpon|Trailblaze|p1a: Samurott\n|-supereffective|p1a: Samurott\n|-crit|p1a: Samurott\n|-damage|p1a: Samurott|0 fnt\n|-boost|p2a: Ogerpon|spe|1\n|faint|p1a: Samurott\n|\n|win|lenroc\n|raw|Mr.Marvel19200's rating: 1230 &rarr; <strong>1200<\/strong><br \/>(-30 for losing)\n|raw|lenroc's rating: 1162 &rarr; <strong>1192<\/strong><br \/>(+30 for winning)\n|l|\u2606Mr.Marvel19200\n","uploadtime":1701091747,"views":3,"p1id":"mrmarvel19200","p2id":"lenroc","formatid":"gen9ou","rating":1192,"private":0,"password":""}