{"id":"gen9ou-1996547674","p1":"xxxdusk","p2":"Username momento","format":"[Gen 9] OU","log":"|j|\u2606xxxdusk\n|j|\u2606Username momento\n|t:|1700692966\n|gametype|singles\n|player|p1|xxxdusk|silver|1479\n|player|p2|Username momento|ninjaboy|1574\n|teamsize|p1|6\n|teamsize|p2|6\n|gen|9\n|tier|[Gen 9] OU\n|rated|\n|rule|Sleep Clause Mod: Limit one foe put to sleep\n|rule|Species Clause: Limit one of each Pok\u00e9mon\n|rule|OHKO Clause: OHKO moves are banned\n|rule|Evasion Items Clause: Evasion items are banned\n|rule|Evasion Moves Clause: Evasion moves are banned\n|rule|Endless Battle Clause: Forcing endless battles is banned\n|rule|HP Percentage Mod: HP is shown in percentages\n|clearpoke\n|poke|p1|Greninja-*, M|\n|poke|p1|Ogerpon-Wellspring, F|\n|poke|p1|Great Tusk|\n|poke|p1|Dragapult, F|\n|poke|p1|Heatran, F|\n|poke|p1|Gholdengo|\n|poke|p2|Meowscarada, M|\n|poke|p2|Kingambit, F|\n|poke|p2|Zapdos|\n|poke|p2|Zamazenta-*|\n|poke|p2|Great Tusk|\n|poke|p2|Iron Moth|\n|teampreview\n|inactive|Battle timer is ON: inactive players will automatically lose when time's up. (requested by Username momento)\n|\n|t:|1700692979\n|start\n|switch|p1a: Heatran|Heatran, F|100\/100\n|switch|p2a: Meowscarada|Meowscarada, M|100\/100\n|turn|1\n|\n|t:|1700692985\n|move|p2a: Meowscarada|U-turn|p1a: Heatran\n|-start|p2a: Meowscarada|typechange|Bug|[from] ability: Protean\n|-resisted|p1a: Heatran\n|-damage|p1a: Heatran|90\/100\n|\n|t:|1700692988\n|switch|p2a: Zapdos|Zapdos|100\/100|[from] U-turn\n|move|p1a: Heatran|Will-O-Wisp|p2a: Zapdos\n|-status|p2a: Zapdos|brn\n|\n|-heal|p1a: Heatran|96\/100|[from] item: Leftovers\n|-damage|p2a: Zapdos|94\/100 brn|[from] brn\n|upkeep\n|turn|2\n|\n|t:|1700692991\n|move|p2a: Zapdos|Discharge|p1a: Heatran\n|-damage|p1a: Heatran|74\/100\n|move|p1a: Heatran|Magma Storm|p2a: Zapdos\n|-damage|p2a: Zapdos|49\/100 brn\n|-activate|p2a: Zapdos|move: Magma Storm|[of] p1a: Heatran\n|\n|-heal|p1a: Heatran|81\/100|[from] item: Leftovers\n|-damage|p2a: Zapdos|42\/100 brn|[from] brn\n|-damage|p2a: Zapdos|30\/100 brn|[from] move: Magma Storm|[partiallytrapped]\n|upkeep\n|turn|3\n|\n|t:|1700692997\n|move|p2a: Zapdos|Volt Switch|p1a: Heatran\n|-damage|p1a: Heatran|61\/100\n|\n|t:|1700693000\n|switch|p2a: Iron Moth|Iron Moth|100\/100|[from] Volt Switch\n|-enditem|p2a: Iron Moth|Booster Energy\n|-activate|p2a: Iron Moth|ability: Quark Drive|[fromitem]\n|-start|p2a: Iron Moth|quarkdrivespe\n|move|p1a: Heatran|Magma Storm|p2a: Iron Moth\n|-resisted|p2a: Iron Moth\n|-damage|p2a: Iron Moth|78\/100\n|-activate|p2a: Iron Moth|move: Magma Storm|[of] p1a: Heatran\n|\n|-heal|p1a: Heatran|67\/100|[from] item: Leftovers\n|-damage|p2a: Iron Moth|66\/100|[from] move: Magma Storm|[partiallytrapped]\n|upkeep\n|turn|4\n|\n|t:|1700693003\n|-terastallize|p2a: Iron Moth|Ground\n|move|p2a: Iron Moth|Tera Blast|p1a: Heatran|[anim] Tera Blast Ground\n|-supereffective|p1a: Heatran\n|-damage|p1a: Heatran|0 fnt\n|faint|p1a: Heatran\n|\n|-end|p2a: Iron Moth|Magma Storm|[partiallytrapped]|[silent]\n|upkeep\n|\n|t:|1700693011\n|switch|p1a: Greninja|Greninja, M|100\/100\n|turn|5\n|\n|t:|1700693019\n|-end|p2a: Iron Moth|Quark Drive|[silent]\n|switch|p2a: Meowscarada|Meowscarada, M|100\/100\n|move|p1a: Greninja|Water Shuriken|p2a: Meowscarada\n|-resisted|p2a: Meowscarada\n|-damage|p2a: Meowscarada|93\/100\n|-resisted|p2a: Meowscarada\n|-damage|p2a: Meowscarada|86\/100\n|-resisted|p2a: Meowscarada\n|-damage|p2a: Meowscarada|80\/100\n|-resisted|p2a: Meowscarada\n|-damage|p2a: Meowscarada|74\/100\n|-hitcount|p2a: Meowscarada|4\n|-damage|p1a: Greninja|91\/100|[from] item: Life Orb\n|\n|upkeep\n|turn|6\n|\n|t:|1700693025\n|switch|p1a: Great Tusk|Great Tusk|100\/100\n|move|p2a: Meowscarada|U-turn|p1a: Great Tusk\n|-start|p2a: Meowscarada|typechange|Bug|[from] ability: Protean\n|-resisted|p1a: Great Tusk\n|-damage|p1a: Great Tusk|90\/100\n|-damage|p2a: Meowscarada|57\/100|[from] item: Rocky Helmet|[of] p1a: Great Tusk\n|\n|t:|1700693029\n|switch|p2a: Zapdos|Zapdos|30\/100 brn|[from] U-turn\n|\n|-damage|p2a: Zapdos|24\/100 brn|[from] brn\n|upkeep\n|turn|7\n|\n|t:|1700693033\n|move|p2a: Zapdos|Roost|p2a: Zapdos\n|-heal|p2a: Zapdos|74\/100 brn\n|-singleturn|p2a: Zapdos|move: Roost\n|move|p1a: Great Tusk|Earthquake|p2a: Zapdos\n|-supereffective|p2a: Zapdos\n|-damage|p2a: Zapdos|16\/100 brn\n|\n|-damage|p2a: Zapdos|10\/100 brn|[from] brn\n|upkeep\n|turn|8\n|\n|t:|1700693039\n|move|p2a: Zapdos|Roost|p2a: Zapdos\n|-heal|p2a: Zapdos|60\/100 brn\n|-singleturn|p2a: Zapdos|move: Roost\n|move|p1a: Great Tusk|Earthquake|p2a: Zapdos\n|-supereffective|p2a: Zapdos\n|-damage|p2a: Zapdos|0 fnt\n|faint|p2a: Zapdos\n|\n|upkeep\n|\n|t:|1700693051\n|switch|p2a: Great Tusk|Great Tusk|100\/100\n|-enditem|p2a: Great Tusk|Booster Energy\n|-activate|p2a: Great Tusk|ability: Protosynthesis|[fromitem]\n|-start|p2a: Great Tusk|protosynthesisatk\n|turn|9\n|\n|t:|1700693077\n|move|p2a: Great Tusk|Ice Spinner|p1a: Great Tusk\n|-supereffective|p1a: Great Tusk\n|-damage|p1a: Great Tusk|55\/100\n|-damage|p2a: Great Tusk|84\/100|[from] item: Rocky Helmet|[of] p1a: Great Tusk\n|move|p1a: Great Tusk|Stealth Rock|p2a: Great Tusk\n|-sidestart|p2: Username momento|move: Stealth Rock\n|\n|upkeep\n|turn|10\n|\n|t:|1700693085\n|move|p2a: Great Tusk|Knock Off|p1a: Great Tusk\n|-resisted|p1a: Great Tusk\n|-damage|p1a: Great Tusk|44\/100\n|-damage|p2a: Great Tusk|67\/100|[from] item: Rocky Helmet|[of] p1a: Great Tusk\n|-enditem|p1a: Great Tusk|Rocky Helmet|[from] move: Knock Off|[of] p2a: Great Tusk\n|move|p1a: Great Tusk|Ice Spinner|p2a: Great Tusk\n|-supereffective|p2a: Great Tusk\n|-damage|p2a: Great Tusk|35\/100\n|\n|upkeep\n|turn|11\n|\n|t:|1700693092\n|move|p2a: Great Tusk|Rapid Spin|p1a: Great Tusk\n|-damage|p1a: Great Tusk|33\/100\n|-boost|p2a: Great Tusk|spe|1\n|-sideend|p2: Username momento|Stealth Rock|[from] move: Rapid Spin|[of] p2a: Great Tusk\n|move|p1a: Great Tusk|Ice Spinner|p2a: Great Tusk\n|-supereffective|p2a: Great Tusk\n|-damage|p2a: Great Tusk|2\/100\n|\n|upkeep\n|turn|12\n|\n|t:|1700693097\n|move|p2a: Great Tusk|Ice Spinner|p1a: Great Tusk\n|-supereffective|p1a: Great Tusk\n|-damage|p1a: Great Tusk|0 fnt\n|faint|p1a: Great Tusk\n|-end|p1a: Great Tusk|Protosynthesis|[silent]\n|\n|upkeep\n|\n|t:|1700693099\n|switch|p1a: Greninja|Greninja, M|91\/100\n|turn|13\n|\n|t:|1700693104\n|-end|p2a: Great Tusk|Protosynthesis|[silent]\n|switch|p2a: Meowscarada|Meowscarada, M|57\/100\n|move|p1a: Greninja|Ice Beam|p2a: Meowscarada\n|-supereffective|p2a: Meowscarada\n|-damage|p2a: Meowscarada|0 fnt\n|faint|p2a: Meowscarada\n|-ability|p1a: Greninja|Battle Bond|boost\n|-boost|p1a: Greninja|atk|1\n|-boost|p1a: Greninja|spa|1\n|-boost|p1a: Greninja|spe|1\n|-activate|p1a: Greninja|ability: Battle Bond\n|-damage|p1a: Greninja|81\/100|[from] item: Life Orb\n|\n|upkeep\n|\n|t:|1700693108\n|switch|p2a: Zamazenta|Zamazenta|100\/100\n|-ability|p2a: Zamazenta|Dauntless Shield|boost\n|-boost|p2a: Zamazenta|def|1\n|turn|14\n|\n|t:|1700693111\n|move|p1a: Greninja|Hydro Pump|p2a: Zamazenta\n|-damage|p2a: Zamazenta|16\/100\n|-damage|p1a: Greninja|71\/100|[from] item: Life Orb\n|move|p2a: Zamazenta|Body Press|p1a: Greninja\n|-supereffective|p1a: Greninja\n|-damage|p1a: Greninja|0 fnt\n|faint|p1a: Greninja\n|\n|-heal|p2a: Zamazenta|22\/100|[from] item: Leftovers\n|upkeep\n|\n|t:|1700693117\n|switch|p1a: Dragapult|Dragapult, F|100\/100\n|turn|15\n|\n|t:|1700693122\n|switch|p2a: Kingambit|Kingambit, F|100\/100\n|-activate|p2a: Kingambit|ability: Supreme Overlord\n|-start|p2a: Kingambit|fallen2|[silent]\n|move|p1a: Dragapult|Flamethrower|p2a: Kingambit\n|-supereffective|p2a: Kingambit\n|-damage|p2a: Kingambit|30\/100\n|\n|-heal|p2a: Kingambit|36\/100|[from] item: Leftovers\n|upkeep\n|turn|16\n|\n|t:|1700693126\n|move|p2a: Kingambit|Sucker Punch|p1a: Dragapult\n|-supereffective|p1a: Dragapult\n|-damage|p1a: Dragapult|0 fnt\n|faint|p1a: Dragapult\n|\n|-heal|p2a: Kingambit|42\/100|[from] item: Leftovers\n|upkeep\n|\n|t:|1700693128\n|switch|p1a: Ogerpon|Ogerpon-Wellspring, F|100\/100\n|turn|17\n|\n|t:|1700693135\n|-end|p2a: Kingambit|fallen2|[silent]\n|switch|p2a: Great Tusk|Great Tusk|2\/100\n|move|p1a: Ogerpon|Encore||[still]\n|-fail|p1a: Ogerpon\n|\n|upkeep\n|turn|18\n|\n|t:|1700693141\n|move|p1a: Ogerpon|Ivy Cudgel|p2a: Great Tusk|[anim] Ivy Cudgel Water\n|-supereffective|p2a: Great Tusk\n|-crit|p2a: Great Tusk\n|-damage|p2a: Great Tusk|0 fnt\n|faint|p2a: Great Tusk\n|-end|p2a: Great Tusk|Protosynthesis|[silent]\n|\n|upkeep\n|\n|t:|1700693145\n|switch|p2a: Iron Moth|Iron Moth, tera:Ground|66\/100\n|turn|19\n|\n|t:|1700693149\n|-terastallize|p1a: Ogerpon|Water\n|detailschange|p1a: Ogerpon|Ogerpon-Wellspring-Tera, F, tera:Water\n|-ability|p1a: Ogerpon|Embody Aspect (Wellspring)|boost\n|-boost|p1a: Ogerpon|spd|1\n|move|p2a: Iron Moth|Sludge Wave|p1a: Ogerpon\n|-damage|p1a: Ogerpon|64\/100\n|move|p1a: Ogerpon|Ivy Cudgel|p2a: Iron Moth|[anim] Ivy Cudgel Water\n|-supereffective|p2a: Iron Moth\n|-damage|p2a: Iron Moth|0 fnt\n|faint|p2a: Iron Moth\n|-end|p2a: Iron Moth|Quark Drive|[silent]\n|\n|upkeep\n|\n|t:|1700693151\n|switch|p2a: Zamazenta|Zamazenta|22\/100\n|turn|20\n|\n|t:|1700693156\n|switch|p1a: Gholdengo|Gholdengo|100\/100\n|move|p2a: Zamazenta|Body Press|p1a: Gholdengo\n|-immune|p1a: Gholdengo\n|\n|-heal|p2a: Zamazenta|28\/100|[from] item: Leftovers\n|upkeep\n|turn|21\n|\n|t:|1700693162\n|move|p1a: Gholdengo|Shadow Ball|p2a: Zamazenta\n|-damage|p2a: Zamazenta|0 fnt\n|faint|p2a: Zamazenta\n|\n|upkeep\n|\n|t:|1700693163\n|switch|p2a: Kingambit|Kingambit, F|42\/100\n|-activate|p2a: Kingambit|ability: Supreme Overlord\n|-start|p2a: Kingambit|fallen5|[silent]\n|turn|22\n|\n|t:|1700693172\n|move|p1a: Gholdengo|Shadow Ball|p2a: Kingambit\n|-resisted|p2a: Kingambit\n|-damage|p2a: Kingambit|22\/100\n|move|p2a: Kingambit|Kowtow Cleave|p1a: Gholdengo\n|-supereffective|p1a: Gholdengo\n|-damage|p1a: Gholdengo|0 fnt\n|faint|p1a: Gholdengo\n|\n|-heal|p2a: Kingambit|29\/100|[from] item: Leftovers\n|upkeep\n|\n|t:|1700693174\n|switch|p1a: Ogerpon|Ogerpon-Wellspring-Tera, F, tera:Water|64\/100\n|-ability|p1a: Ogerpon|Embody Aspect (Wellspring)|boost\n|-boost|p1a: Ogerpon|spd|1\n|turn|23\n|\n|t:|1700693179\n|move|p1a: Ogerpon|Swords Dance|p1a: Ogerpon\n|-boost|p1a: Ogerpon|atk|2\n|move|p2a: Kingambit|Kowtow Cleave|p1a: Ogerpon\n|-damage|p1a: Ogerpon|0 fnt\n|faint|p1a: Ogerpon\n|\n|win|Username momento\n|raw|xxxdusk's rating: 1479 &rarr; <strong>1464<\/strong><br \/>(-15 for losing)\n|raw|Username momento's rating: 1574 &rarr; <strong>1589<\/strong><br \/>(+15 for winning)\n|l|\u2606xxxdusk\n","uploadtime":1700693189,"views":2,"p1id":"xxxdusk","p2id":"usernamemomento","formatid":"gen9ou","rating":1464,"private":0,"password":""}