{"id":"gen9ou-1995273719","p1":"Manjack","p2":"AlejoGroot1534","format":"[Gen 9] OU","log":"|j|\u2606Manjack\n|j|\u2606AlejoGroot1534\n|inactive|Battle timer is ON: inactive players will automatically lose when time's up.\n|t:|1700544955\n|gametype|singles\n|player|p1|Manjack|preschooler|\n|player|p2|AlejoGroot1534|steven|\n|teamsize|p1|6\n|teamsize|p2|6\n|gen|9\n|tier|[Gen 9] OU\n|rated|Tournament battle\n|rule|Sleep Clause Mod: Limit one foe put to sleep\n|rule|Species Clause: Limit one of each Pok\u00e9mon\n|rule|OHKO Clause: OHKO moves are banned\n|rule|Evasion Items Clause: Evasion items are banned\n|rule|Evasion Moves Clause: Evasion moves are banned\n|rule|Endless Battle Clause: Forcing endless battles is banned\n|rule|HP Percentage Mod: HP is shown in percentages\n|clearpoke\n|poke|p1|Ogerpon, F|\n|poke|p1|Corviknight, F|\n|poke|p1|Dachsbun, F|\n|poke|p1|Heatran, M|\n|poke|p1|Rotom-Wash|\n|poke|p1|Clodsire, M|\n|poke|p2|Glimmora, F|\n|poke|p2|Greninja-*, M|\n|poke|p2|Iron Valiant|\n|poke|p2|Dragonite, M|\n|poke|p2|Kingambit, M|\n|poke|p2|Walking Wake|\n|teampreview\n|inactive|AlejoGroot1534 also wants the timer to be on.\n|c|\u2606Manjack|Woo! Glhf\n|j| Lucylikepizza\n|\n|t:|1700544972\n|start\n|switch|p1a: Rotom|Rotom-Wash|100\/100\n|switch|p2a: Glimmora|Glimmora, F, shiny|100\/100\n|turn|1\n|c|\u2606AlejoGroot1534|u 2\n|\n|t:|1700544985\n|move|p2a: Glimmora|Stealth Rock|p1a: Rotom\n|-sidestart|p1: Manjack|move: Stealth Rock\n|move|p1a: Rotom|Volt Switch|p2a: Glimmora\n|-damage|p2a: Glimmora|60\/100\n|\n|t:|1700544988\n|switch|p1a: Clodsire|Clodsire, M|100\/100|[from] Volt Switch\n|-damage|p1a: Clodsire|94\/100|[from] Stealth Rock\n|\n|-heal|p1a: Clodsire|100\/100|[from] item: Leftovers\n|upkeep\n|turn|2\n|\n|t:|1700544991\n|move|p2a: Glimmora|Earth Power|p1a: Clodsire\n|-supereffective|p1a: Clodsire\n|-damage|p1a: Clodsire|68\/100\n|move|p1a: Clodsire|Earthquake|p2a: Glimmora\n|-supereffective|p2a: Glimmora\n|-damage|p2a: Glimmora|0 fnt\n|-activate|p2a: Glimmora|ability: Toxic Debris\n|-sidestart|p1: Manjack|move: Toxic Spikes\n|faint|p2a: Glimmora\n|\n|-heal|p1a: Clodsire|74\/100|[from] item: Leftovers\n|upkeep\n|\n|t:|1700544997\n|switch|p2a: Dragonite|Dragonite, M|100\/100\n|turn|3\n|j| i76567\n|\n|t:|1700545003\n|switch|p1a: Corviknight|Corviknight, F|100\/100\n|-damage|p1a: Corviknight|88\/100|[from] Stealth Rock\n|-ability|p1a: Corviknight|Pressure\n|move|p2a: Dragonite|Earthquake|p1a: Corviknight\n|-immune|p1a: Corviknight\n|\n|-heal|p1a: Corviknight|94\/100|[from] item: Leftovers\n|upkeep\n|turn|4\n|l| i76567\n|j|@ausma\n|\n|t:|1700545009\n|move|p2a: Dragonite|Thunderbolt|p1a: Corviknight\n|-supereffective|p1a: Corviknight\n|-damage|p1a: Corviknight|55\/100\n|move|p1a: Corviknight|Defog|p2a: Dragonite\n|-unboost|p2a: Dragonite|evasion|1\n|-sideend|p1: Manjack|Toxic Spikes|[from] move: Defog|[of] p1a: Corviknight\n|-sideend|p1: Manjack|Stealth Rock|[from] move: Defog|[of] p1a: Corviknight\n|\n|-heal|p1a: Corviknight|61\/100|[from] item: Leftovers\n|upkeep\n|turn|5\n|j| Tidy Up Cinccino\n|\n|t:|1700545014\n|move|p2a: Dragonite|Dragon Dance|p2a: Dragonite\n|-boost|p2a: Dragonite|atk|1\n|-boost|p2a: Dragonite|spe|1\n|move|p1a: Corviknight|Roost|p1a: Corviknight\n|-heal|p1a: Corviknight|100\/100\n|-singleturn|p1a: Corviknight|move: Roost\n|\n|upkeep\n|turn|6\n|\n|t:|1700545017\n|move|p2a: Dragonite|Thunderbolt|p1a: Corviknight\n|-supereffective|p1a: Corviknight\n|-damage|p1a: Corviknight|61\/100\n|move|p1a: Corviknight|U-turn|p2a: Dragonite\n|-resisted|p2a: Dragonite\n|-crit|p2a: Dragonite\n|-damage|p2a: Dragonite|95\/100\n|\n|t:|1700545019\n|switch|p1a: Heatran|Heatran, M|100\/100|[from] U-turn\n|\n|upkeep\n|turn|7\n|\n|t:|1700545024\n|-terastallize|p1a: Heatran|Ice\n|move|p2a: Dragonite|Earthquake|p1a: Heatran\n|-damage|p1a: Heatran|38\/100\n|move|p1a: Heatran|Tera Blast|p2a: Dragonite|[anim] Tera Blast Ice\n|-supereffective|p2a: Dragonite\n|-damage|p2a: Dragonite|0 fnt\n|faint|p2a: Dragonite\n|\n|-heal|p1a: Heatran|44\/100|[from] item: Leftovers\n|upkeep\n|\n|t:|1700545039\n|switch|p2a: Iron Valiant|Iron Valiant, shiny|100\/100\n|-enditem|p2a: Iron Valiant|Booster Energy\n|-activate|p2a: Iron Valiant|ability: Quark Drive|[fromitem]\n|-start|p2a: Iron Valiant|quarkdrivespe\n|turn|8\n|\n|t:|1700545047\n|switch|p1a: Dachsbun|Dachsbun, F|100\/100\n|move|p2a: Iron Valiant|Moonblast|p1a: Dachsbun\n|-damage|p1a: Dachsbun|58\/100\n|\n|-heal|p1a: Dachsbun|64\/100|[from] item: Leftovers\n|upkeep\n|turn|9\n|\n|t:|1700545055\n|move|p2a: Iron Valiant|Shadow Ball|p1a: Dachsbun\n|-damage|p1a: Dachsbun|40\/100\n|move|p1a: Dachsbun|Wish|p1a: Dachsbun\n|\n|-heal|p1a: Dachsbun|46\/100|[from] item: Leftovers\n|upkeep\n|turn|10\n|\n|t:|1700545061\n|move|p1a: Dachsbun|Protect|p1a: Dachsbun\n|-singleturn|p1a: Dachsbun|Protect\n|move|p2a: Iron Valiant|Calm Mind|p2a: Iron Valiant\n|-boost|p2a: Iron Valiant|spa|1\n|-boost|p2a: Iron Valiant|spd|1\n|\n|-heal|p1a: Dachsbun|96\/100|[from] move: Wish|[wisher] Dachsbun\n|-heal|p1a: Dachsbun|100\/100|[from] item: Leftovers\n|upkeep\n|turn|11\n|\n|t:|1700545066\n|switch|p1a: Clodsire|Clodsire, M|74\/100\n|move|p2a: Iron Valiant|Shadow Ball|p1a: Clodsire\n|-damage|p1a: Clodsire|61\/100\n|\n|-heal|p1a: Clodsire|67\/100|[from] item: Leftovers\n|upkeep\n|turn|12\n|j| SDK04\n|\n|t:|1700545075\n|-end|p2a: Iron Valiant|Quark Drive|[silent]\n|switch|p2a: Kingambit|Kingambit, M, shiny|100\/100\n|-activate|p2a: Kingambit|ability: Supreme Overlord\n|-start|p2a: Kingambit|fallen2|[silent]\n|-item|p2a: Kingambit|Air Balloon\n|move|p1a: Clodsire|Recover|p1a: Clodsire\n|-heal|p1a: Clodsire|100\/100\n|\n|upkeep\n|turn|13\n|\n|t:|1700545085\n|-end|p2a: Kingambit|fallen2|[silent]\n|switch|p2a: Walking Wake|Walking Wake|100\/100\n|-enditem|p2a: Walking Wake|Booster Energy\n|-activate|p2a: Walking Wake|ability: Protosynthesis|[fromitem]\n|-start|p2a: Walking Wake|protosynthesisspa\n|switch|p1a: Rotom|Rotom-Wash|100\/100\n|\n|upkeep\n|turn|14\n|\n|t:|1700545094\n|switch|p1a: Corviknight|Corviknight, F|61\/100\n|-ability|p1a: Corviknight|Pressure\n|move|p2a: Walking Wake|Agility|p2a: Walking Wake\n|-boost|p2a: Walking Wake|spe|2\n|\n|-heal|p1a: Corviknight|67\/100|[from] item: Leftovers\n|upkeep\n|turn|15\n|\n|t:|1700545102\n|move|p2a: Walking Wake|Flamethrower|p1a: Corviknight\n|-supereffective|p1a: Corviknight\n|-damage|p1a: Corviknight|0 fnt\n|faint|p1a: Corviknight\n|\n|upkeep\n|\n|t:|1700545106\n|switch|p1a: Clodsire|Clodsire, M|100\/100\n|turn|16\n|\n|t:|1700545112\n|move|p2a: Walking Wake|Dragon Pulse|p1a: Clodsire\n|-damage|p1a: Clodsire|65\/100\n|move|p1a: Clodsire|Earthquake|p2a: Walking Wake\n|-damage|p2a: Walking Wake|76\/100\n|\n|-heal|p1a: Clodsire|71\/100|[from] item: Leftovers\n|upkeep\n|turn|17\n|\n|t:|1700545119\n|move|p2a: Walking Wake|Dragon Pulse|p1a: Clodsire\n|-crit|p1a: Clodsire\n|-damage|p1a: Clodsire|24\/100\n|move|p1a: Clodsire|Toxic|p2a: Walking Wake\n|-status|p2a: Walking Wake|tox\n|\n|-heal|p1a: Clodsire|30\/100|[from] item: Leftovers\n|-damage|p2a: Walking Wake|70\/100 tox|[from] psn\n|upkeep\n|turn|18\n|j|+goldtodd1\n|c|\u2606Manjack|No steam?\n|c|\u2606AlejoGroot1534|nope\n|c|\u2606AlejoGroot1534|no sun\n|c|\u2606AlejoGroot1534|no steam\n|c| Tidy Up Cinccino|surf\n|c|\u2606Manjack|Or surf?\n|c|\u2606AlejoGroot1534|!dt hydro steam\n|raw|<ul class=\"utilichart\"><li class=\"result\"><span class=\"col movenamecol\"><a href=\"https:\/\/dex.pokemonshowdown.com\/moves\/hydrosteam\">Hydro Steam<\/a><\/span> <span class=\"col typecol\"><img src=\"\/\/play.pokemonshowdown.com\/sprites\/types\/Water.png\" alt=\"Water\" width=\"32\" height=\"14\"><img src=\"\/\/play.pokemonshowdown.com\/sprites\/categories\/Special.png\" alt=\"Special\" width=\"32\" height=\"14\"><\/span> <span class=\"col labelcol\"><em>Power<\/em><br>80<\/span> <span class=\"col widelabelcol\"><em>Accuracy<\/em><br>100%<\/span> <span class=\"col pplabelcol\"><em>PP<\/em><br>24<\/span> <span class=\"col movedesccol\">During Sunny Day: 1.5x damage instead of half.<\/span> <\/li><li style=\"clear:both\"><\/li><\/ul>\n|raw|<font size=\"1\"><font color=\"#686868\">Priority:<\/font> 0&nbsp;|&ThickSpace;<font color=\"#686868\">Gen:<\/font> 9&nbsp;|&ThickSpace;&#10003; Thaws user&nbsp;|&ThickSpace;<font color=\"#686868\">Z-Power:<\/font> 160&nbsp;|&ThickSpace;<font color=\"#686868\">Dynamax Power:<\/font> 130&nbsp;|&ThickSpace;<font color=\"#686868\">Target:<\/font> One Adjacent Pok\u00e9mon<\/font>\n\n|inactive|Manjack has 120 seconds left.\n|inactive|AlejoGroot1534 has 120 seconds left.\n|l|@ausma\n|\n|t:|1700545162\n|move|p2a: Walking Wake|Dragon Pulse|p1a: Clodsire\n|-damage|p1a: Clodsire|0 fnt\n|faint|p1a: Clodsire\n|\n|-damage|p2a: Walking Wake|57\/100 tox|[from] psn\n|upkeep\n|\n|t:|1700545163\n|switch|p1a: Dachsbun|Dachsbun, F|100\/100\n|turn|19\n|\n|t:|1700545166\n|move|p2a: Walking Wake|Surf|p1a: Dachsbun\n|-damage|p1a: Dachsbun|42\/100\n|move|p1a: Dachsbun|Wish|p1a: Dachsbun\n|\n|-heal|p1a: Dachsbun|48\/100|[from] item: Leftovers\n|-damage|p2a: Walking Wake|39\/100 tox|[from] psn\n|upkeep\n|turn|20\n|\n|t:|1700545174\n|move|p1a: Dachsbun|Protect|p1a: Dachsbun\n|-singleturn|p1a: Dachsbun|Protect\n|move|p2a: Walking Wake|Surf|p1a: Dachsbun\n|-activate|p1a: Dachsbun|move: Protect\n|\n|-heal|p1a: Dachsbun|98\/100|[from] move: Wish|[wisher] Dachsbun\n|-heal|p1a: Dachsbun|100\/100|[from] item: Leftovers\n|-damage|p2a: Walking Wake|14\/100 tox|[from] psn\n|upkeep\n|turn|21\n|\n|t:|1700545181\n|move|p2a: Walking Wake|Surf|p1a: Dachsbun\n|-damage|p1a: Dachsbun|38\/100\n|move|p1a: Dachsbun|Wish|p1a: Dachsbun\n|\n|-heal|p1a: Dachsbun|44\/100|[from] item: Leftovers\n|-damage|p2a: Walking Wake|0 fnt|[from] psn\n|faint|p2a: Walking Wake\n|-end|p2a: Walking Wake|Protosynthesis|[silent]\n|upkeep\n|\n|t:|1700545201\n|switch|p2a: Iron Valiant|Iron Valiant, shiny|100\/100\n|turn|22\n|\n|t:|1700545206\n|switch|p1a: Ogerpon|Ogerpon, F|100\/100\n|move|p2a: Iron Valiant|Calm Mind|p2a: Iron Valiant\n|-boost|p2a: Iron Valiant|spa|1\n|-boost|p2a: Iron Valiant|spd|1\n|\n|upkeep\n|turn|23\n|\n|t:|1700545219\n|move|p2a: Iron Valiant|Moonblast|p1a: Ogerpon\n|-damage|p1a: Ogerpon|32\/100\n|move|p1a: Ogerpon|Rock Tomb|p2a: Iron Valiant\n|-resisted|p2a: Iron Valiant\n|-damage|p2a: Iron Valiant|88\/100\n|-unboost|p2a: Iron Valiant|spe|1\n|\n|-heal|p1a: Ogerpon|38\/100|[from] item: Leftovers\n|upkeep\n|turn|24\n|\n|t:|1700545227\n|move|p1a: Ogerpon|Horn Leech|p2a: Iron Valiant\n|-damage|p2a: Iron Valiant|38\/100\n|-heal|p1a: Ogerpon|58\/100|[from] drain|[of] p2a: Iron Valiant\n|move|p2a: Iron Valiant|Moonblast|p1a: Ogerpon\n|-damage|p1a: Ogerpon|0 fnt\n|faint|p1a: Ogerpon\n|\n|upkeep\n|\n|t:|1700545230\n|switch|p1a: Heatran|Heatran, M, tera:Ice|44\/100\n|turn|25\n|\n|t:|1700545234\n|move|p1a: Heatran|Tera Blast|p2a: Iron Valiant|[anim] Tera Blast Ice\n|-damage|p2a: Iron Valiant|0 fnt\n|faint|p2a: Iron Valiant\n|-end|p2a: Iron Valiant|Quark Drive|[silent]\n|\n|-heal|p1a: Heatran|51\/100|[from] item: Leftovers\n|upkeep\n|\n|t:|1700545239\n|switch|p2a: Greninja|Greninja, M|100\/100\n|turn|26\n|l| Lucylikepizza\n|\n|t:|1700545249\n|move|p2a: Greninja|Surf|p1a: Heatran\n|-damage|p1a: Heatran|0 fnt\n|faint|p1a: Heatran\n|-ability|p2a: Greninja|Battle Bond|boost\n|-boost|p2a: Greninja|atk|1\n|-boost|p2a: Greninja|spa|1\n|-boost|p2a: Greninja|spe|1\n|-activate|p2a: Greninja|ability: Battle Bond\n|-damage|p2a: Greninja|91\/100|[from] item: Life Orb\n|\n|upkeep\n|\n|t:|1700545251\n|switch|p1a: Rotom|Rotom-Wash|100\/100\n|turn|27\n|\n|t:|1700545255\n|-terastallize|p2a: Greninja|Ghost\n|move|p2a: Greninja|Dark Pulse|p1a: Rotom\n|-damage|p1a: Rotom|29\/100\n|-damage|p2a: Greninja|81\/100|[from] item: Life Orb\n|move|p1a: Rotom|Volt Switch|p2a: Greninja\n|-damage|p2a: Greninja|44\/100\n|\n|t:|1700545258\n|switch|p1a: Dachsbun|Dachsbun, F|44\/100|[from] Volt Switch\n|\n|-heal|p1a: Dachsbun|50\/100|[from] item: Leftovers\n|upkeep\n|turn|28\n|\n|t:|1700545264\n|move|p1a: Dachsbun|Protect|p1a: Dachsbun\n|-singleturn|p1a: Dachsbun|Protect\n|move|p2a: Greninja|Surf|p1a: Dachsbun\n|-activate|p1a: Dachsbun|move: Protect\n|\n|-heal|p1a: Dachsbun|56\/100|[from] item: Leftovers\n|upkeep\n|turn|29\n|\n|t:|1700545271\n|switch|p1a: Rotom|Rotom-Wash|29\/100\n|move|p2a: Greninja|Surf|p1a: Rotom\n|-resisted|p1a: Rotom\n|-damage|p1a: Rotom|0 fnt\n|faint|p1a: Rotom\n|-damage|p2a: Greninja|34\/100|[from] item: Life Orb\n|\n|upkeep\n|\n|t:|1700545273\n|switch|p1a: Dachsbun|Dachsbun, F|56\/100\n|turn|30\n|c|\u2606AlejoGroot1534|gg?\n|c|\u2606Manjack|Gg\n|\n|t:|1700545281\n|move|p1a: Dachsbun|Protect|p1a: Dachsbun\n|-singleturn|p1a: Dachsbun|Protect\n|move|p2a: Greninja|Surf|p1a: Dachsbun\n|-activate|p1a: Dachsbun|move: Protect\n|\n|-heal|p1a: Dachsbun|62\/100|[from] item: Leftovers\n|upkeep\n|turn|31\n|\n|t:|1700545286\n|move|p2a: Greninja|Surf|p1a: Dachsbun\n|-damage|p1a: Dachsbun|0 fnt\n|faint|p1a: Dachsbun\n|-damage|p2a: Greninja|24\/100|[from] item: Life Orb\n|\n|win|AlejoGroot1534\n|n|\u2606Manjack|manjack\n|n|\u2606AlejoGroot1534|alejogroot1534\n|n| Tidy Up Cinccino|tidyupcinccino\n|n| SDK04|sdk04\n|n|+goldtodd1|goldtodd1\n","uploadtime":1700545287,"views":2,"p1id":"manjack","p2id":"alejogroot1534","formatid":"gen9ou","rating":0,"private":0,"password":""}