{"id":"gen9ou-1996527312","p1":"Layonayz","p2":"Elegant_i","format":"[Gen 9] OU","log":"|j|\u2606Layonayz\n|j|\u2606Elegant_i\n|t:|1700690818\n|gametype|singles\n|player|p1|Layonayz|pokemaniac|1146\n|player|p2|Elegant_i|madame-gen4|1043\n|teamsize|p1|6\n|teamsize|p2|6\n|gen|9\n|tier|[Gen 9] OU\n|rated|\n|rule|Sleep Clause Mod: Limit one foe put to sleep\n|rule|Species Clause: Limit one of each Pok\u00e9mon\n|rule|OHKO Clause: OHKO moves are banned\n|rule|Evasion Items Clause: Evasion items are banned\n|rule|Evasion Moves Clause: Evasion moves are banned\n|rule|Endless Battle Clause: Forcing endless battles is banned\n|rule|HP Percentage Mod: HP is shown in percentages\n|clearpoke\n|poke|p1|Hatterene, F|\n|poke|p1|Torkoal, M|\n|poke|p1|Slowking-Galar, M|\n|poke|p1|Glaceon, M|\n|poke|p1|Pelipper, M|\n|poke|p1|Crawdaunt, F|\n|poke|p2|Electrode|\n|poke|p2|Goodra-Hisui, M|\n|poke|p2|Glimmora, M|\n|poke|p2|Orthworm, F|\n|poke|p2|Garganacl, M|\n|poke|p2|Inteleon, M|\n|teampreview\n|inactive|Battle timer is ON: inactive players will automatically lose when time's up. (requested by Elegant_i)\n|\n|t:|1700690838\n|start\n|switch|p1a: a|Hatterene, F, shiny|100\/100\n|switch|p2a: Garganacl|Garganacl, M|100\/100\n|turn|1\n|\n|t:|1700690852\n|move|p2a: Garganacl|Salt Cure|p1a: a\n|-crit|p1a: a\n|-damage|p1a: a|78\/100\n|-start|p1a: a|Salt Cure\n|move|p1a: a|Reflect|p1a: a\n|-sidestart|p1: Layonayz|Reflect\n|\n|-damage|p1a: a|66\/100|[from] Salt Cure\n|upkeep\n|turn|2\n|\n|t:|1700690860\n|switch|p2a: Goodra|Goodra-Hisui, M|100\/100\n|move|p1a: a|Light Screen|p1a: a\n|-sidestart|p1: Layonayz|move: Light Screen\n|\n|-damage|p1a: a|53\/100|[from] Salt Cure\n|upkeep\n|turn|3\n|\n|t:|1700690867\n|move|p2a: Goodra|Knock Off|p1a: a\n|-damage|p1a: a|37\/100\n|-enditem|p1a: a|Light Clay|[from] move: Knock Off|[of] p2a: Goodra\n|move|p1a: a|Trick Room|p1a: a\n|-fieldstart|move: Trick Room|[of] p1a: a\n|\n|-damage|p1a: a|25\/100|[from] Salt Cure\n|upkeep\n|turn|4\n|\n|t:|1700690874\n|move|p1a: a|Misty Explosion|p2a: Goodra\n|-damage|p2a: Goodra|63\/100\n|faint|p1a: a\n|move|p2a: Goodra|Shelter|p2a: Goodra\n|-boost|p2a: Goodra|def|2\n|\n|-heal|p2a: Goodra|69\/100|[from] item: Leftovers\n|upkeep\n|\n|t:|1700690878\n|switch|p1a: b|Torkoal, M|100\/100\n|-weather|SunnyDay|[from] ability: Drought|[of] p1a: b\n|turn|5\n|\n|t:|1700690887\n|-terastallize|p2a: Goodra|Normal\n|move|p1a: b|Eruption|p2a: Goodra\n|-damage|p2a: Goodra|0 fnt\n|faint|p2a: Goodra\n|\n|-weather|SunnyDay|[upkeep]\n|upkeep\n|\n|t:|1700690898\n|switch|p2a: Inteleon|Inteleon, M|100\/100\n|turn|6\n|\n|t:|1700690906\n|-terastallize|p1a: b|Fire\n|move|p1a: b|Eruption|p2a: Inteleon\n|-resisted|p2a: Inteleon\n|-damage|p2a: Inteleon|0 fnt\n|faint|p2a: Inteleon\n|\n|-weather|SunnyDay|[upkeep]\n|upkeep\n|\n|t:|1700690916\n|switch|p2a: Garganacl|Garganacl, M|100\/100\n|turn|7\n|\n|t:|1700690918\n|move|p1a: b|Eruption|p2a: Garganacl\n|-resisted|p2a: Garganacl\n|-damage|p2a: Garganacl|14\/100\n|-enditem|p2a: Garganacl|Red Card|[of] p1a: b\n|drag|p1a: e|Pelipper, M|100\/100\n|-weather|RainDance|[from] ability: Drizzle|[of] p1a: e\n|move|p2a: Garganacl|Salt Cure|p1a: e\n|-supereffective|p1a: e\n|-damage|p1a: e|84\/100\n|-start|p1a: e|Salt Cure\n|\n|-weather|RainDance|[upkeep]\n|-damage|p1a: e|59\/100|[from] Salt Cure\n|-fieldend|move: Trick Room\n|upkeep\n|turn|8\n|\n|t:|1700690932\n|switch|p2a: Electrode|Electrode|100\/100\n|move|p1a: e|Weather Ball|p2a: Electrode\n|-damage|p2a: Electrode|10\/100\n|\n|-weather|RainDance|[upkeep]\n|-damage|p1a: e|34\/100|[from] Salt Cure\n|-sideend|p1: Layonayz|Reflect\n|upkeep\n|turn|9\n|\n|t:|1700690944\n|move|p2a: Electrode|Electro Ball|p1a: e\n|-supereffective|p1a: e\n|-damage|p1a: e|0 fnt\n|faint|p1a: e\n|\n|-weather|RainDance|[upkeep]\n|-sideend|p1: Layonayz|move: Light Screen\n|upkeep\n|\n|t:|1700690949\n|switch|p1a: f|Crawdaunt, F|100\/100\n|turn|10\n|\n|t:|1700690952\n|move|p1a: f|Aqua Jet|p2a: Electrode\n|-damage|p2a: Electrode|0 fnt\n|faint|p2a: Electrode\n|\n|-weather|RainDance|[upkeep]\n|upkeep\n|\n|t:|1700690956\n|switch|p2a: Orthworm|Orthworm, F|100\/100\n|turn|11\n|\n|t:|1700690971\n|move|p1a: f|Crunch|p2a: Orthworm\n|-damage|p2a: Orthworm|60\/100\n|move|p2a: Orthworm|Coil|p2a: Orthworm\n|-boost|p2a: Orthworm|atk|1\n|-boost|p2a: Orthworm|def|1\n|-boost|p2a: Orthworm|accuracy|1\n|\n|-weather|none\n|upkeep\n|turn|12\n|\n|t:|1700690979\n|switch|p1a: c|Slowking-Galar, M, shiny|100\/100\n|move|p2a: Orthworm|Metal Burst||[still]\n|-fail|p2a: Orthworm\n|\n|upkeep\n|turn|13\n|\n|t:|1700690993\n|move|p2a: Orthworm|Body Press|p1a: c\n|-resisted|p1a: c\n|-damage|p1a: c|91\/100\n|move|p1a: c|Taunt|p2a: Orthworm\n|-start|p2a: Orthworm|move: Taunt\n|\n|upkeep\n|turn|14\n|\n|t:|1700691003\n|move|p2a: Orthworm|Metal Burst||[still]\n|-fail|p2a: Orthworm\n|move|p1a: c|Trick Room|p1a: c\n|-fieldstart|move: Trick Room|[of] p1a: c\n|\n|upkeep\n|turn|15\n|\n|t:|1700691008\n|switch|p2a: Glimmora|Glimmora, M|100\/100\n|move|p1a: c|Chilly Reception|p1a: c\n|-weather|Snow\n|\n|t:|1700691027\n|switch|p1a: f|Crawdaunt, F|100\/100|[from] Chilly Reception\n|\n|-weather|Snow|[upkeep]\n|upkeep\n|turn|16\n|\n|t:|1700691033\n|move|p2a: Glimmora|Spiky Shield|p2a: Glimmora\n|-singleturn|p2a: Glimmora|move: Protect\n|move|p1a: f|Crabhammer|p2a: Glimmora\n|-activate|p2a: Glimmora|move: Protect\n|-damage|p1a: f|88\/100|[from] Spiky Shield|[of] p2a: Glimmora\n|\n|-weather|Snow|[upkeep]\n|upkeep\n|turn|17\n|\n|t:|1700691043\n|move|p2a: Glimmora|Mortal Spin|p1a: f\n|-damage|p1a: f|79\/100\n|-status|p1a: f|psn\n|move|p1a: f|Crabhammer|p2a: Glimmora\n|-supereffective|p2a: Glimmora\n|-damage|p2a: Glimmora|0 fnt\n|faint|p2a: Glimmora\n|\n|-weather|Snow|[upkeep]\n|-damage|p1a: f|67\/100 psn|[from] psn\n|upkeep\n|-message|Elegant_i forfeited.\n|\n|win|Layonayz\n|raw|Layonayz's rating: 1146 &rarr; <strong>1164<\/strong><br \/>(+18 for winning)\n|raw|Elegant_i's rating: 1043 &rarr; <strong>1031<\/strong><br \/>(-12 for losing)\n|l|\u2606Elegant_i\n|c|\u2606Layonayz|gg\n","uploadtime":1700691057,"views":3,"p1id":"layonayz","p2id":"eleganti","formatid":"gen9ou","rating":1031,"private":0,"password":""}