{"id":"gen9ou-1994242190","p1":"Adgio","p2":"Fredy2297","format":"[Gen 9] OU","log":"|j|\u2606Adgio\n|j|\u2606Fredy2297\n|t:|1700422603\n|gametype|singles\n|player|p1|Adgio|acetrainer-gen4dp|\n|player|p2|Fredy2297|102|\n|teamsize|p1|6\n|teamsize|p2|6\n|gen|9\n|tier|[Gen 9] OU\n|rule|Sleep Clause Mod: Limit one foe put to sleep\n|rule|Species Clause: Limit one of each Pok\u00e9mon\n|rule|OHKO Clause: OHKO moves are banned\n|rule|Evasion Items Clause: Evasion items are banned\n|rule|Evasion Moves Clause: Evasion moves are banned\n|rule|Endless Battle Clause: Forcing endless battles is banned\n|rule|HP Percentage Mod: HP is shown in percentages\n|clearpoke\n|poke|p1|Goodra, M|\n|poke|p1|Enamorus, F|\n|poke|p1|Iron Valiant|\n|poke|p1|Mimikyu, F|\n|poke|p1|Dondozo, M|\n|poke|p1|Pawmot, F|\n|poke|p2|Pincurchin, M|\n|poke|p2|Dragapult, F|\n|poke|p2|Palossand, M|\n|poke|p2|Kilowattrel, F|\n|poke|p2|Overqwil, M|\n|poke|p2|Medicham, F|\n|teampreview\n|\n|t:|1700422625\n|start\n|switch|p1a: Enamorus|Enamorus, F|100\/100\n|switch|p2a: Medicham|Medicham, F|100\/100\n|turn|1\n|\n|t:|1700422632\n|move|p2a: Medicham|Fake Out|p1a: Enamorus\n|-damage|p1a: Enamorus|66\/100\n|cant|p1a: Enamorus|flinch\n|\n|upkeep\n|turn|2\n|\n|t:|1700422649\n|switch|p2a: Pincurchin|Pincurchin, M|100\/100\n|-fieldstart|move: Electric Terrain|[from] ability: Electric Surge|[of] p2a: Pincurchin\n|move|p1a: Enamorus|Moonblast|p2a: Pincurchin\n|-damage|p2a: Pincurchin|35\/100\n|\n|upkeep\n|turn|3\n|\n|t:|1700422661\n|switch|p2a: Palossand|Palossand, M|100\/100\n|move|p1a: Enamorus|Moonblast|p2a: Palossand\n|-damage|p2a: Palossand|38\/100\n|-unboost|p2a: Palossand|spa|1\n|\n|-heal|p2a: Palossand|45\/100|[from] item: Leftovers\n|upkeep\n|turn|4\n|\n|t:|1700422673\n|move|p1a: Enamorus|Moonblast|p2a: Palossand\n|-damage|p2a: Palossand|0 fnt\n|faint|p2a: Palossand\n|\n|upkeep\n|\n|t:|1700422678\n|switch|p2a: Medicham|Medicham, F|100\/100\n|turn|5\n|\n|t:|1700422686\n|switch|p1a: Dondozo|Dondozo, M|100\/100\n|move|p2a: Medicham|Fake Out|p1a: Dondozo\n|-damage|p1a: Dondozo|91\/100\n|\n|-heal|p1a: Dondozo|98\/100|[from] item: Leftovers\n|upkeep\n|turn|6\n|\n|t:|1700422695\n|switch|p2a: Pincurchin|Pincurchin, M|35\/100\n|move|p1a: Dondozo|Liquidation|p2a: Pincurchin\n|-damage|p2a: Pincurchin|10\/100\n|\n|-heal|p1a: Dondozo|100\/100|[from] item: Leftovers\n|upkeep\n|turn|7\n|\n|t:|1700422707\n|switch|p1a: Goodra|Goodra, M|100\/100\n|move|p2a: Pincurchin|Recover|p2a: Pincurchin\n|-heal|p2a: Pincurchin|60\/100\n|\n|upkeep\n|turn|8\n|\n|t:|1700422714\n|switch|p2a: Overqwil|Overqwil, M|100\/100\n|-ability|p2a: Overqwil|Intimidate|boost\n|-unboost|p1a: Goodra|atk|1\n|move|p1a: Goodra|Acid Spray|p2a: Overqwil\n|-resisted|p2a: Overqwil\n|-damage|p2a: Overqwil|89\/100\n|-unboost|p2a: Overqwil|spd|2\n|\n|upkeep\n|turn|9\n|\n|t:|1700422730\n|move|p2a: Overqwil|Swords Dance|p2a: Overqwil\n|-boost|p2a: Overqwil|atk|2\n|move|p1a: Goodra|Thunderbolt|p2a: Overqwil\n|-damage|p2a: Overqwil|0 fnt\n|faint|p2a: Overqwil\n|\n|-fieldend|move: Electric Terrain\n|upkeep\n|\n|t:|1700422741\n|switch|p2a: Dragapult|Dragapult, F|100\/100\n|turn|10\n|\n|t:|1700422750\n|move|p2a: Dragapult|Psychic Fangs|p1a: Goodra\n|-damage|p1a: Goodra|67\/100\n|move|p1a: Goodra|Ice Beam|p2a: Dragapult\n|-supereffective|p2a: Dragapult\n|-damage|p2a: Dragapult|18\/100\n|\n|upkeep\n|turn|11\n|\n|t:|1700422757\n|switch|p1a: Dondozo|Dondozo, M|100\/100\n|move|p2a: Dragapult|Dragon Darts|p1a: Dondozo\n|-damage|p1a: Dondozo|89\/100\n|-anim|p2a: Dragapult|Dragon Darts|p1a: Dondozo\n|-damage|p1a: Dondozo|76\/100\n|\n|-heal|p1a: Dondozo|82\/100|[from] item: Leftovers\n|upkeep\n|turn|12\n|\n|t:|1700422767\n|switch|p1a: Enamorus|Enamorus, F|66\/100\n|move|p2a: Dragapult|Will-O-Wisp|p1a: Enamorus\n|-status|p1a: Enamorus|brn\n|\n|-damage|p1a: Enamorus|59\/100 brn|[from] brn\n|upkeep\n|turn|13\n|\n|t:|1700422776\n|move|p2a: Dragapult|Psychic Fangs|p1a: Enamorus\n|-damage|p1a: Enamorus|9\/100 brn\n|move|p1a: Enamorus|Moonblast|p2a: Dragapult\n|-supereffective|p2a: Dragapult\n|-damage|p2a: Dragapult|0 fnt\n|faint|p2a: Dragapult\n|\n|-damage|p1a: Enamorus|3\/100 brn|[from] brn\n|upkeep\n|\n|t:|1700422786\n|switch|p2a: Medicham|Medicham, F|100\/100\n|turn|14\n|\n|t:|1700422791\n|move|p2a: Medicham|Fake Out|p1a: Enamorus\n|-damage|p1a: Enamorus|0 fnt\n|faint|p1a: Enamorus\n|\n|upkeep\n|\n|t:|1700422794\n|switch|p1a: Iron Valiant|Iron Valiant|100\/100\n|-enditem|p1a: Iron Valiant|Booster Energy\n|-activate|p1a: Iron Valiant|ability: Quark Drive|[fromitem]\n|-start|p1a: Iron Valiant|quarkdrivespe\n|turn|15\n|\n|t:|1700422800\n|move|p1a: Iron Valiant|Moonblast|p2a: Medicham\n|-supereffective|p2a: Medicham\n|-damage|p2a: Medicham|0 fnt\n|faint|p2a: Medicham\n|\n|upkeep\n|\n|t:|1700422806\n|switch|p2a: Kilowattrel|Kilowattrel, F|100\/100\n|turn|16\n|\n|t:|1700422816\n|move|p1a: Iron Valiant|Moonblast|p2a: Kilowattrel\n|-damage|p2a: Kilowattrel|8\/100\n|move|p2a: Kilowattrel|Thunder Wave|p1a: Iron Valiant\n|-status|p1a: Iron Valiant|par\n|\n|upkeep\n|turn|17\n|\n|t:|1700422824\n|-end|p1a: Iron Valiant|Quark Drive|[silent]\n|switch|p1a: Goodra|Goodra, M|67\/100\n|move|p2a: Kilowattrel|Air Slash|p1a: Goodra\n|-damage|p1a: Goodra|53\/100\n|\n|upkeep\n|turn|18\n|\n|t:|1700422831\n|switch|p2a: Pincurchin|Pincurchin, M|60\/100\n|-fieldstart|move: Electric Terrain|[from] ability: Electric Surge|[of] p2a: Pincurchin\n|move|p1a: Goodra|Ice Beam|p2a: Pincurchin\n|-damage|p2a: Pincurchin|19\/100\n|\n|upkeep\n|turn|19\n|\n|t:|1700422841\n|move|p1a: Goodra|Ice Beam|p2a: Pincurchin\n|-damage|p2a: Pincurchin|0 fnt\n|faint|p2a: Pincurchin\n|\n|upkeep\n|\n|t:|1700422846\n|switch|p2a: Kilowattrel|Kilowattrel, F|8\/100\n|turn|20\n|\n|t:|1700422851\n|move|p2a: Kilowattrel|Volt Switch|p1a: Goodra\n|-resisted|p1a: Goodra\n|-damage|p1a: Goodra|47\/100\n|move|p1a: Goodra|Ice Beam|p2a: Kilowattrel\n|-supereffective|p2a: Kilowattrel\n|-damage|p2a: Kilowattrel|0 fnt\n|faint|p2a: Kilowattrel\n|\n|win|Adgio\n","uploadtime":1700422860,"views":36,"p1id":"adgio","p2id":"fredy2297","formatid":"gen9ou","rating":0,"private":0,"password":""}