{"id":"gen9ou-1995102535","p1":"Yhappo","p2":"Sagiae999","format":"[Gen 9] OU","log":"|j|\u2606Yhappo\n|j|\u2606Sagiae999\n|t:|1700522814\n|gametype|singles\n|player|p1|Yhappo|2|1299\n|player|p2|Sagiae999|lass-gen7|1346\n|teamsize|p1|6\n|teamsize|p2|6\n|gen|9\n|tier|[Gen 9] OU\n|rated|\n|rule|Sleep Clause Mod: Limit one foe put to sleep\n|rule|Species Clause: Limit one of each Pok\u00e9mon\n|rule|OHKO Clause: OHKO moves are banned\n|rule|Evasion Items Clause: Evasion items are banned\n|rule|Evasion Moves Clause: Evasion moves are banned\n|rule|Endless Battle Clause: Forcing endless battles is banned\n|rule|HP Percentage Mod: HP is shown in percentages\n|clearpoke\n|poke|p1|Torkoal, M|\n|poke|p1|Walking Wake|\n|poke|p1|Kommo-o, F|\n|poke|p1|Pikachu, M|\n|poke|p1|Scream Tail|\n|poke|p1|Cinderace, M|\n|poke|p2|Ogerpon-Wellspring, F|\n|poke|p2|Weavile, F|\n|poke|p2|Cinderace, F|\n|poke|p2|Zapdos|\n|poke|p2|Ting-Lu|\n|poke|p2|Gholdengo|\n|teampreview\n|\n|t:|1700522836\n|start\n|switch|p1a: Johnny|Scream Tail|100\/100\n|switch|p2a: Zapdos|Zapdos|100\/100\n|turn|1\n|\n|t:|1700522847\n|move|p2a: Zapdos|Volt Switch|p1a: Johnny\n|-damage|p1a: Johnny|83\/100\n|\n|t:|1700522850\n|switch|p2a: Ting-Lu|Ting-Lu|100\/100|[from] Volt Switch\n|-ability|p2a: Ting-Lu|Vessel of Ruin\n|move|p1a: Johnny|Trick|p2a: Ting-Lu\n|-activate|p1a: Johnny|move: Trick|[of] p2a: Ting-Lu\n|-item|p2a: Ting-Lu|Choice Specs|[from] move: Trick\n|-item|p1a: Johnny|Leftovers|[from] move: Trick\n|\n|-heal|p1a: Johnny|89\/100|[from] item: Leftovers\n|upkeep\n|turn|2\n|\n|t:|1700522862\n|-end|p1a: Johnny|Protosynthesis|[silent]\n|switch|p1a: Chicha|Torkoal, M|100\/100\n|-weather|SunnyDay|[from] ability: Drought|[of] p1a: Chicha\n|move|p2a: Ting-Lu|Stealth Rock|p1a: Chicha\n|-sidestart|p1: Yhappo|move: Stealth Rock\n|\n|-weather|SunnyDay|[upkeep]\n|upkeep\n|turn|3\n|\n|t:|1700522874\n|switch|p2a: Zapdos|Zapdos|100\/100\n|move|p1a: Chicha|Lava Plume|p2a: Zapdos\n|-damage|p2a: Zapdos|57\/100\n|-status|p2a: Zapdos|brn\n|\n|-weather|SunnyDay|[upkeep]\n|-damage|p2a: Zapdos|51\/100 brn|[from] brn\n|upkeep\n|turn|4\n|\n|t:|1700522883\n|move|p2a: Zapdos|Volt Switch|p1a: Chicha\n|-crit|p1a: Chicha\n|-damage|p1a: Chicha|42\/100\n|\n|t:|1700522885\n|switch|p2a: Ting-Lu|Ting-Lu|100\/100|[from] Volt Switch\n|-ability|p2a: Ting-Lu|Vessel of Ruin\n|move|p1a: Chicha|Rapid Spin|p2a: Ting-Lu\n|-damage|p2a: Ting-Lu|95\/100\n|-boost|p1a: Chicha|spe|1\n|-sideend|p1: Yhappo|Stealth Rock|[from] move: Rapid Spin|[of] p1a: Chicha\n|\n|-weather|SunnyDay|[upkeep]\n|upkeep\n|turn|5\n|\n|t:|1700522897\n|switch|p1a: KHABAT|Cinderace, M|100\/100\n|move|p2a: Ting-Lu|Earthquake|p1a: KHABAT\n|-supereffective|p1a: KHABAT\n|-damage|p1a: KHABAT|0 fnt\n|faint|p1a: KHABAT\n|\n|-weather|SunnyDay|[upkeep]\n|upkeep\n|\n|t:|1700522904\n|switch|p1a: Fils adopte|Walking Wake|100\/100\n|-activate|p1a: Fils adopte|ability: Protosynthesis\n|-start|p1a: Fils adopte|protosynthesisspa\n|turn|6\n|\n|t:|1700522928\n|-terastallize|p2a: Ting-Lu|Ghost\n|move|p1a: Fils adopte|Flip Turn|p2a: Ting-Lu\n|-damage|p2a: Ting-Lu|91\/100\n|\n|t:|1700522936\n|-end|p1a: Fils adopte|Protosynthesis|[silent]\n|switch|p1a: le tuyeau|Kommo-o, F|100\/100|[from] Flip Turn\n|move|p2a: Ting-Lu|Earthquake|p1a: le tuyeau\n|-damage|p1a: le tuyeau|76\/100\n|\n|-weather|SunnyDay|[upkeep]\n|upkeep\n|turn|7\n|\n|t:|1700522948\n|switch|p2a: Zapdos|Zapdos|51\/100 brn\n|move|p1a: le tuyeau|Stealth Rock|p2a: Zapdos\n|-sidestart|p2: Sagiae999|move: Stealth Rock\n|\n|-weather|SunnyDay|[upkeep]\n|-damage|p2a: Zapdos|45\/100 brn|[from] brn\n|upkeep\n|turn|8\n|\n|t:|1700522954\n|switch|p1a: Bilal|Pikachu, M|100\/100\n|move|p2a: Zapdos|Hurricane|p1a: Bilal\n|-resisted|p1a: Bilal\n|-damage|p1a: Bilal|34\/100\n|\n|-weather|SunnyDay|[upkeep]\n|-damage|p2a: Zapdos|39\/100 brn|[from] brn\n|upkeep\n|turn|9\n|\n|t:|1700522962\n|move|p1a: Bilal|Fake Out|p2a: Zapdos\n|-damage|p2a: Zapdos|24\/100 brn\n|cant|p2a: Zapdos|flinch\n|\n|-weather|none\n|-damage|p2a: Zapdos|17\/100 brn|[from] brn\n|upkeep\n|turn|10\n|\n|t:|1700522971\n|switch|p1a: Chicha|Torkoal, M|42\/100\n|-weather|SunnyDay|[from] ability: Drought|[of] p1a: Chicha\n|move|p2a: Zapdos|Roost|p2a: Zapdos\n|-heal|p2a: Zapdos|67\/100 brn\n|-singleturn|p2a: Zapdos|move: Roost\n|\n|-weather|SunnyDay|[upkeep]\n|-damage|p2a: Zapdos|61\/100 brn|[from] brn\n|upkeep\n|turn|11\n|\n|t:|1700522974\n|switch|p1a: Bilal|Pikachu, M|34\/100\n|move|p2a: Zapdos|Volt Switch|p1a: Bilal\n|-ability|p1a: Bilal|Lightning Rod|boost\n|-boost|p1a: Bilal|spa|1\n|\n|-weather|SunnyDay|[upkeep]\n|-damage|p2a: Zapdos|55\/100 brn|[from] brn\n|upkeep\n|turn|12\n|\n|t:|1700522983\n|move|p1a: Bilal|Fake Out|p2a: Zapdos\n|-damage|p2a: Zapdos|40\/100 brn\n|cant|p2a: Zapdos|flinch\n|\n|-weather|SunnyDay|[upkeep]\n|-damage|p2a: Zapdos|34\/100 brn|[from] brn\n|upkeep\n|turn|13\n|\n|t:|1700522987\n|move|p1a: Bilal|Volt Switch|p2a: Zapdos\n|-damage|p2a: Zapdos|0 fnt\n|faint|p2a: Zapdos\n|\n|t:|1700522990\n|switch|p1a: Fils adopte|Walking Wake|100\/100|[from] Volt Switch\n|-activate|p1a: Fils adopte|ability: Protosynthesis\n|-start|p1a: Fils adopte|protosynthesisspa\n|\n|-weather|SunnyDay|[upkeep]\n|upkeep\n|\n|t:|1700522993\n|switch|p2a: Ting-Lu|Ting-Lu, tera:Ghost|91\/100\n|-damage|p2a: Ting-Lu|79\/100|[from] Stealth Rock\n|-ability|p2a: Ting-Lu|Vessel of Ruin\n|turn|14\n|\n|t:|1700522998\n|move|p1a: Fils adopte|Hydro Steam|p2a: Ting-Lu\n|-damage|p2a: Ting-Lu|43\/100\n|move|p2a: Ting-Lu|Earthquake|p1a: Fils adopte\n|-damage|p1a: Fils adopte|58\/100\n|\n|-weather|SunnyDay|[upkeep]\n|upkeep\n|turn|15\n|\n|t:|1700523005\n|-terastallize|p1a: Fils adopte|Flying\n|move|p1a: Fils adopte|Hydro Steam|p2a: Ting-Lu\n|-damage|p2a: Ting-Lu|8\/100\n|move|p2a: Ting-Lu|Earthquake|p1a: Fils adopte\n|-immune|p1a: Fils adopte\n|\n|-weather|SunnyDay|[upkeep]\n|upkeep\n|turn|16\n|\n|t:|1700523015\n|-end|p1a: Fils adopte|Protosynthesis|[silent]\n|switch|p1a: Bilal|Pikachu, M|34\/100\n|move|p2a: Ting-Lu|Earthquake|p1a: Bilal\n|-supereffective|p1a: Bilal\n|-damage|p1a: Bilal|0 fnt\n|faint|p1a: Bilal\n|\n|-weather|SunnyDay|[upkeep]\n|upkeep\n|\n|t:|1700523022\n|switch|p1a: Johnny|Scream Tail|89\/100\n|-activate|p1a: Johnny|ability: Protosynthesis\n|-start|p1a: Johnny|protosynthesisspd\n|turn|17\n|\n|t:|1700523026\n|move|p1a: Johnny|Psyshock|p2a: Ting-Lu\n|-damage|p2a: Ting-Lu|0 fnt\n|faint|p2a: Ting-Lu\n|\n|-weather|none\n|-end|p1a: Johnny|Protosynthesis\n|-heal|p1a: Johnny|95\/100|[from] item: Leftovers\n|upkeep\n|\n|t:|1700523030\n|switch|p2a: Cinderace|Cinderace, F|100\/100\n|turn|18\n|\n|t:|1700523034\n|-end|p1a: Johnny|Protosynthesis|[silent]\n|switch|p1a: Chicha|Torkoal, M|42\/100\n|-weather|SunnyDay|[from] ability: Drought|[of] p1a: Chicha\n|move|p2a: Cinderace|Court Change|p2a: Cinderace\n|-swapsideconditions\n|-activate|p2a: Cinderace|move: Court Change\n|\n|-weather|SunnyDay|[upkeep]\n|upkeep\n|turn|19\n|\n|t:|1700523042\n|move|p2a: Cinderace|U-turn|p1a: Chicha\n|-resisted|p1a: Chicha\n|-damage|p1a: Chicha|36\/100\n|\n|t:|1700523045\n|switch|p2a: Gholdengo|Gholdengo|100\/100|[from] U-turn\n|move|p1a: Chicha|Lava Plume|p2a: Gholdengo\n|-supereffective|p2a: Gholdengo\n|-damage|p2a: Gholdengo|0 fnt\n|faint|p2a: Gholdengo\n|\n|-weather|SunnyDay|[upkeep]\n|upkeep\n|\n|t:|1700523049\n|switch|p2a: Ogerpon|Ogerpon-Wellspring, F|100\/100\n|turn|20\n|c|\u2606Yhappo|i look stupid to you ?\n|\n|t:|1700523055\n|move|p2a: Ogerpon|Ivy Cudgel|p1a: Chicha|[anim] Ivy Cudgel Water\n|-supereffective|p1a: Chicha\n|-damage|p1a: Chicha|0 fnt\n|faint|p1a: Chicha\n|\n|-weather|SunnyDay|[upkeep]\n|upkeep\n|\n|t:|1700523061\n|switch|p1a: Fils adopte|Walking Wake, tera:Flying|58\/100\n|-damage|p1a: Fils adopte|33\/100|[from] Stealth Rock\n|-activate|p1a: Fils adopte|ability: Protosynthesis\n|-start|p1a: Fils adopte|protosynthesisspa\n|turn|21\n|\n|t:|1700523065\n|move|p1a: Fils adopte|Weather Ball|p2a: Ogerpon\n|-damage|p2a: Ogerpon|21\/100\n|move|p2a: Ogerpon|Ivy Cudgel|p1a: Fils adopte|[anim] Ivy Cudgel Water\n|-damage|p1a: Fils adopte|0 fnt\n|faint|p1a: Fils adopte\n|-end|p1a: Fils adopte|Protosynthesis|[silent]\n|\n|-weather|SunnyDay|[upkeep]\n|upkeep\n|\n|t:|1700523076\n|switch|p1a: Johnny|Scream Tail|95\/100\n|-damage|p1a: Johnny|83\/100|[from] Stealth Rock\n|-activate|p1a: Johnny|ability: Protosynthesis\n|-start|p1a: Johnny|protosynthesisspd\n|turn|22\n|\n|t:|1700523085\n|move|p2a: Ogerpon|U-turn|p1a: Johnny\n|-damage|p1a: Johnny|62\/100\n|\n|t:|1700523087\n|switch|p2a: Cinderace|Cinderace, F|100\/100|[from] U-turn\n|move|p1a: Johnny|Flamethrower|p2a: Cinderace\n|-resisted|p2a: Cinderace\n|-damage|p2a: Cinderace|85\/100\n|\n|-weather|SunnyDay|[upkeep]\n|-heal|p1a: Johnny|68\/100|[from] item: Leftovers\n|upkeep\n|turn|23\n|\n|t:|1700523093\n|-end|p1a: Johnny|Protosynthesis|[silent]\n|switch|p1a: le tuyeau|Kommo-o, F|76\/100\n|-damage|p1a: le tuyeau|70\/100|[from] Stealth Rock\n|move|p2a: Cinderace|Pyro Ball|p1a: le tuyeau\n|-immune|p1a: le tuyeau|[from] ability: Bulletproof\n|\n|-weather|SunnyDay|[upkeep]\n|upkeep\n|turn|24\n|\n|t:|1700523100\n|move|p2a: Cinderace|Will-O-Wisp|p1a: le tuyeau\n|-status|p1a: le tuyeau|brn\n|move|p1a: le tuyeau|Iron Defense|p1a: le tuyeau\n|-boost|p1a: le tuyeau|def|2\n|\n|-weather|SunnyDay|[upkeep]\n|-damage|p1a: le tuyeau|64\/100 brn|[from] brn\n|upkeep\n|turn|25\n|\n|t:|1700523107\n|move|p2a: Cinderace|U-turn|p1a: le tuyeau\n|-resisted|p1a: le tuyeau\n|-damage|p1a: le tuyeau|61\/100 brn\n|-damage|p2a: Cinderace|69\/100|[from] item: Rocky Helmet|[of] p1a: le tuyeau\n|\n|t:|1700523110\n|switch|p2a: Ogerpon|Ogerpon-Wellspring, F|21\/100|[from] U-turn\n|move|p1a: le tuyeau|Iron Defense|p1a: le tuyeau\n|-boost|p1a: le tuyeau|def|2\n|\n|-weather|none\n|-damage|p1a: le tuyeau|55\/100 brn|[from] brn\n|upkeep\n|turn|26\n|inactive|Battle timer is ON: inactive players will automatically lose when time's up. (requested by Yhappo)\n|\n|t:|1700523114\n|move|p2a: Ogerpon|Ivy Cudgel|p1a: le tuyeau|[anim] Ivy Cudgel Water\n|-resisted|p1a: le tuyeau\n|-damage|p1a: le tuyeau|48\/100 brn\n|move|p1a: le tuyeau|Body Press|p2a: Ogerpon\n|-damage|p2a: Ogerpon|0 fnt\n|faint|p2a: Ogerpon\n|\n|-damage|p1a: le tuyeau|42\/100 brn|[from] brn\n|upkeep\n|\n|t:|1700523118\n|switch|p2a: Weavile|Weavile, F|100\/100\n|-ability|p2a: Weavile|Pressure\n|turn|27\n|\n|t:|1700523121\n|move|p2a: Weavile|Icicle Crash|p1a: le tuyeau\n|-supereffective|p1a: le tuyeau\n|-damage|p1a: le tuyeau|21\/100 brn\n|move|p1a: le tuyeau|Body Press|p2a: Weavile\n|-supereffective|p2a: Weavile\n|-damage|p2a: Weavile|0 fnt\n|faint|p2a: Weavile\n|\n|-damage|p1a: le tuyeau|15\/100 brn|[from] brn\n|upkeep\n|\n|t:|1700523127\n|switch|p2a: Cinderace|Cinderace, F|69\/100\n|turn|28\n|\n|t:|1700523131\n|move|p2a: Cinderace|U-turn|p1a: le tuyeau\n|-resisted|p1a: le tuyeau\n|-damage|p1a: le tuyeau|13\/100 brn\n|-damage|p2a: Cinderace|52\/100|[from] item: Rocky Helmet|[of] p1a: le tuyeau\n|move|p1a: le tuyeau|Body Press|p2a: Cinderace\n|-damage|p2a: Cinderace|0 fnt\n|faint|p2a: Cinderace\n|\n|win|Yhappo\n|raw|Yhappo's rating: 1299 &rarr; <strong>1327<\/strong><br \/>(+28 for winning)\n|raw|Sagiae999's rating: 1346 &rarr; <strong>1323<\/strong><br \/>(-23 for losing)\n|l|\u2606Sagiae999\n","uploadtime":1700523142,"views":10,"p1id":"yhappo","p2id":"sagiae999","formatid":"gen9ou","rating":1323,"private":0,"password":""}