{"id":"gen9ou-1995729221","p1":"man who bugged","p2":"50.cal Bonk!","format":"[Gen 9] OU","log":"|j|\u2606man who bugged\n|j|\u260650.cal Bonk!\n|t:|1700597714\n|gametype|singles\n|player|p1|man who bugged|birdkeeper-gen4dp|\n|player|p2|50.cal Bonk!|hilbert-wonderlauncher|\n|teamsize|p1|6\n|teamsize|p2|6\n|gen|9\n|tier|[Gen 9] OU\n|rule|Sleep Clause Mod: Limit one foe put to sleep\n|rule|Species Clause: Limit one of each Pok\u00e9mon\n|rule|OHKO Clause: OHKO moves are banned\n|rule|Evasion Items Clause: Evasion items are banned\n|rule|Evasion Moves Clause: Evasion moves are banned\n|rule|Endless Battle Clause: Forcing endless battles is banned\n|rule|HP Percentage Mod: HP is shown in percentages\n|clearpoke\n|poke|p1|Clefable, M|\n|poke|p1|Ditto|\n|poke|p1|Dondozo, F|\n|poke|p1|Toxapex, M|\n|poke|p1|Tornadus-Therian, M|\n|poke|p1|Cinderace, M|\n|poke|p2|Cinderace, M|\n|poke|p2|Alomomola, F|\n|poke|p2|Ogerpon-Wellspring, F|\n|poke|p2|Gligar, M|\n|poke|p2|Kingambit, M|\n|poke|p2|Slowking-Galar, M|\n|teampreview\n|\n|t:|1700597720\n|start\n|switch|p1a: Pink Bastard|Clefable, M|100\/100\n|switch|p2a: Gligar|Gligar, M, shiny|100\/100\n|turn|1\n|\n|t:|1700597734\n|switch|p2a: Kingambit|Kingambit, M, shiny|100\/100\n|move|p1a: Pink Bastard|Knock Off|p2a: Kingambit\n|-resisted|p2a: Kingambit\n|-damage|p2a: Kingambit|95\/100\n|-enditem|p2a: Kingambit|Black Glasses|[from] move: Knock Off|[of] p1a: Pink Bastard\n|\n|upkeep\n|turn|2\n|\n|t:|1700597745\n|move|p1a: Pink Bastard|Protect|p1a: Pink Bastard\n|-singleturn|p1a: Pink Bastard|Protect\n|move|p2a: Kingambit|Swords Dance|p2a: Kingambit\n|-boost|p2a: Kingambit|atk|2\n|\n|upkeep\n|turn|3\n|\n|t:|1700597750\n|switch|p1a: Your Bastard|Ditto|100\/100\n|-transform|p1a: Your Bastard|p2a: Kingambit|[from] ability: Imposter\n|move|p2a: Kingambit|Iron Head|p1a: Your Bastard\n|-resisted|p1a: Your Bastard\n|-damage|p1a: Your Bastard|54\/100\n|\n|upkeep\n|turn|4\n|\n|t:|1700597777\n|-end|p2a: Kingambit|fallenundefined|[silent]\n|switch|p2a: Ogerpon|Ogerpon-Wellspring, F|100\/100\n|move|p1a: Your Bastard|Iron Head|p2a: Ogerpon\n|-resisted|p2a: Ogerpon\n|-damage|p2a: Ogerpon|40\/100\n|\n|upkeep\n|turn|5\n|\n|t:|1700597788\n|move|p2a: Ogerpon|Swords Dance|p2a: Ogerpon\n|-boost|p2a: Ogerpon|atk|2\n|move|p1a: Your Bastard|Iron Head|p2a: Ogerpon\n|-resisted|p2a: Ogerpon\n|-damage|p2a: Ogerpon|0 fnt\n|faint|p2a: Ogerpon\n|\n|upkeep\n|\n|t:|1700597794\n|switch|p2a: Alomomola|Alomomola, F, shiny|100\/100\n|turn|6\n|\n|t:|1700597797\n|move|p1a: Your Bastard|Iron Head|p2a: Alomomola\n|-resisted|p2a: Alomomola\n|-damage|p2a: Alomomola|75\/100\n|move|p2a: Alomomola|Scald|p1a: Your Bastard\n|-damage|p1a: Your Bastard|35\/100\n|\n|-heal|p2a: Alomomola|81\/100|[from] item: Leftovers\n|upkeep\n|turn|7\n|\n|t:|1700597808\n|-end|p1a: Your Bastard|fallenundefined|[silent]\n|switch|p1a: Wet Bastard|Toxapex, M|100\/100\n|move|p2a: Alomomola|Scald|p1a: Wet Bastard\n|-resisted|p1a: Wet Bastard\n|-damage|p1a: Wet Bastard|95\/100\n|\n|-heal|p2a: Alomomola|87\/100|[from] item: Leftovers\n|-heal|p1a: Wet Bastard|100\/100|[from] item: Leftovers\n|upkeep\n|turn|8\n|\n|t:|1700597819\n|move|p2a: Alomomola|Flip Turn|p1a: Wet Bastard\n|-resisted|p1a: Wet Bastard\n|-damage|p1a: Wet Bastard|97\/100\n|\n|t:|1700597824\n|switch|p2a: Gligar|Gligar, M, shiny|100\/100|[from] Flip Turn\n|move|p1a: Wet Bastard|Toxic|p2a: Gligar\n|-immune|p2a: Gligar|[from] ability: Immunity\n|\n|-heal|p1a: Wet Bastard|100\/100|[from] item: Leftovers\n|upkeep\n|turn|9\n|\n|t:|1700597832\n|move|p2a: Gligar|Taunt|p1a: Wet Bastard\n|-start|p1a: Wet Bastard|move: Taunt\n|move|p1a: Wet Bastard|Infestation|p2a: Gligar\n|-resisted|p2a: Gligar\n|-damage|p2a: Gligar|99\/100\n|-activate|p2a: Gligar|move: Infestation|[of] p1a: Wet Bastard\n|\n|-damage|p2a: Gligar|87\/100|[from] move: Infestation|[partiallytrapped]\n|upkeep\n|turn|10\n|\n|t:|1700597845\n|switch|p1a: Wind Bastard|Tornadus-Therian, M|100\/100\n|move|p2a: Gligar|Spikes|p1a: Wind Bastard\n|-sidestart|p1: man who bugged|Spikes\n|\n|-end|p2a: Gligar|Infestation|[partiallytrapped]|[silent]\n|upkeep\n|turn|11\n|\n|t:|1700597856\n|move|p1a: Wind Bastard|Knock Off|p2a: Gligar\n|-damage|p2a: Gligar|77\/100\n|-enditem|p2a: Gligar|Eviolite|[from] move: Knock Off|[of] p1a: Wind Bastard\n|move|p2a: Gligar|Toxic|p1a: Wind Bastard|[miss]\n|-miss|p2a: Gligar|p1a: Wind Bastard\n|\n|upkeep\n|turn|12\n|\n|t:|1700597862\n|move|p1a: Wind Bastard|U-turn|p2a: Gligar\n|-resisted|p2a: Gligar\n|-damage|p2a: Gligar|71\/100\n|\n|t:|1700597873\n|switch|p1a: Houngry Bastard|Dondozo, F|100\/100|[from] U-turn\n|-damage|p1a: Houngry Bastard|88\/100|[from] Spikes\n|move|p2a: Gligar|Taunt|p1a: Houngry Bastard\n|-start|p1a: Houngry Bastard|move: Taunt\n|\n|-heal|p1a: Houngry Bastard|94\/100|[from] item: Leftovers\n|upkeep\n|turn|13\n|\n|t:|1700597881\n|move|p2a: Gligar|Toxic|p1a: Houngry Bastard\n|-status|p1a: Houngry Bastard|tox\n|move|p1a: Houngry Bastard|Liquidation|p2a: Gligar\n|-supereffective|p2a: Gligar\n|-damage|p2a: Gligar|28\/100\n|\n|-heal|p1a: Houngry Bastard|99\/100 tox|[from] item: Leftovers\n|-damage|p1a: Houngry Bastard|94\/100 tox|[from] psn\n|upkeep\n|turn|14\n|\n|t:|1700597910\n|switch|p2a: Slowking|Slowking-Galar, M, shiny|100\/100\n|move|p1a: Houngry Bastard|Body Press|p2a: Slowking\n|-resisted|p2a: Slowking\n|-damage|p2a: Slowking|93\/100\n|\n|-heal|p1a: Houngry Bastard|99\/100 tox|[from] item: Leftovers\n|-damage|p1a: Houngry Bastard|88\/100 tox|[from] psn\n|-end|p1a: Houngry Bastard|move: Taunt\n|upkeep\n|turn|15\n|\n|t:|1700597922\n|move|p1a: Houngry Bastard|Liquidation|p2a: Slowking\n|-damage|p2a: Slowking|60\/100\n|move|p2a: Slowking|Future Sight|p1a: Houngry Bastard\n|-start|p2a: Slowking|move: Future Sight\n|\n|-heal|p1a: Houngry Bastard|94\/100 tox|[from] item: Leftovers\n|-damage|p1a: Houngry Bastard|76\/100 tox|[from] psn\n|upkeep\n|turn|16\n|\n|t:|1700597929\n|move|p1a: Houngry Bastard|Liquidation|p2a: Slowking\n|-damage|p2a: Slowking|32\/100\n|-unboost|p2a: Slowking|def|1\n|move|p2a: Slowking|Chilly Reception|p2a: Slowking\n|-weather|Snow\n|\n|t:|1700597936\n|switch|p2a: Alomomola|Alomomola, F, shiny|100\/100|[from] Chilly Reception\n|\n|-weather|Snow|[upkeep]\n|-heal|p1a: Houngry Bastard|82\/100 tox|[from] item: Leftovers\n|-damage|p1a: Houngry Bastard|57\/100 tox|[from] psn\n|upkeep\n|turn|17\n|\n|t:|1700597947\n|move|p2a: Alomomola|Protect|p2a: Alomomola\n|-singleturn|p2a: Alomomola|Protect\n|move|p1a: Houngry Bastard|Rest|p1a: Houngry Bastard\n|-status|p1a: Houngry Bastard|slp|[from] move: Rest\n|-heal|p1a: Houngry Bastard|100\/100 slp|[silent]\n|\n|-weather|Snow|[upkeep]\n|-end|p1a: Houngry Bastard|move: Future Sight\n|-damage|p1a: Houngry Bastard|59\/100 slp\n|-heal|p1a: Houngry Bastard|65\/100 slp|[from] item: Leftovers\n|upkeep\n|turn|18\n|\n|t:|1700597957\n|move|p2a: Alomomola|Wish|p2a: Alomomola\n|cant|p1a: Houngry Bastard|slp\n|move|p1a: Houngry Bastard|Sleep Talk|p1a: Houngry Bastard\n|move|p1a: Houngry Bastard|Liquidation|p2a: Alomomola|[from]move: Sleep Talk\n|-resisted|p2a: Alomomola\n|-damage|p2a: Alomomola|92\/100\n|\n|-weather|Snow|[upkeep]\n|-heal|p2a: Alomomola|99\/100|[from] item: Leftovers\n|-heal|p1a: Houngry Bastard|71\/100 slp|[from] item: Leftovers\n|upkeep\n|turn|19\n|\n|t:|1700597966\n|move|p2a: Alomomola|Flip Turn|p1a: Houngry Bastard\n|-resisted|p1a: Houngry Bastard\n|-damage|p1a: Houngry Bastard|68\/100 slp\n|\n|t:|1700597969\n|switch|p2a: Gligar|Gligar, M, shiny|28\/100|[from] Flip Turn\n|cant|p1a: Houngry Bastard|slp\n|move|p1a: Houngry Bastard|Sleep Talk|p1a: Houngry Bastard\n|move|p1a: Houngry Bastard|Rest||[from]move: Sleep Talk|[still]\n|-fail|p1a: Houngry Bastard\n|\n|-weather|Snow|[upkeep]\n|-heal|p2a: Gligar|100\/100|[from] move: Wish|[wisher] Alomomola\n|-heal|p1a: Houngry Bastard|74\/100 slp|[from] item: Leftovers\n|upkeep\n|turn|20\n|\n|t:|1700597980\n|move|p2a: Gligar|Taunt|p1a: Houngry Bastard\n|-start|p1a: Houngry Bastard|move: Taunt\n|-curestatus|p1a: Houngry Bastard|slp|[msg]\n|move|p1a: Houngry Bastard|Liquidation|p2a: Gligar\n|-supereffective|p2a: Gligar\n|-damage|p2a: Gligar|59\/100\n|\n|-weather|none\n|-heal|p1a: Houngry Bastard|80\/100|[from] item: Leftovers\n|upkeep\n|turn|21\n|\n|t:|1700597989\n|move|p2a: Gligar|Toxic|p1a: Houngry Bastard\n|-status|p1a: Houngry Bastard|tox\n|move|p1a: Houngry Bastard|Liquidation|p2a: Gligar\n|-supereffective|p2a: Gligar\n|-damage|p2a: Gligar|21\/100\n|\n|-heal|p1a: Houngry Bastard|86\/100 tox|[from] item: Leftovers\n|-damage|p1a: Houngry Bastard|80\/100 tox|[from] psn\n|upkeep\n|turn|22\n|\n|t:|1700597999\n|switch|p2a: Alomomola|Alomomola, F, shiny|100\/100\n|move|p1a: Houngry Bastard|Liquidation|p2a: Alomomola\n|-resisted|p2a: Alomomola\n|-damage|p2a: Alomomola|93\/100\n|\n|-heal|p2a: Alomomola|99\/100|[from] item: Leftovers\n|-heal|p1a: Houngry Bastard|86\/100 tox|[from] item: Leftovers\n|-damage|p1a: Houngry Bastard|74\/100 tox|[from] psn\n|-end|p1a: Houngry Bastard|move: Taunt\n|upkeep\n|turn|23\n|\n|t:|1700598014\n|move|p2a: Alomomola|Wish|p2a: Alomomola\n|move|p1a: Houngry Bastard|Rest|p1a: Houngry Bastard\n|-status|p1a: Houngry Bastard|slp|[from] move: Rest\n|-heal|p1a: Houngry Bastard|100\/100 slp|[silent]\n|\n|-heal|p2a: Alomomola|100\/100|[from] item: Leftovers\n|upkeep\n|turn|24\n|\n|t:|1700598021\n|move|p2a: Alomomola|Flip Turn|p1a: Houngry Bastard\n|-resisted|p1a: Houngry Bastard\n|-damage|p1a: Houngry Bastard|97\/100 slp\n|\n|t:|1700598025\n|switch|p2a: Gligar|Gligar, M, shiny|21\/100|[from] Flip Turn\n|cant|p1a: Houngry Bastard|slp\n|move|p1a: Houngry Bastard|Sleep Talk|p1a: Houngry Bastard\n|move|p1a: Houngry Bastard|Body Press|p2a: Gligar|[from]move: Sleep Talk\n|-resisted|p2a: Gligar\n|-damage|p2a: Gligar|11\/100\n|\n|-heal|p2a: Gligar|91\/100|[from] move: Wish|[wisher] Alomomola\n|-heal|p1a: Houngry Bastard|100\/100 slp|[from] item: Leftovers\n|upkeep\n|turn|25\n|\n|t:|1700598038\n|-terastallize|p2a: Gligar|Water\n|move|p2a: Gligar|Taunt|p1a: Houngry Bastard\n|-start|p1a: Houngry Bastard|move: Taunt\n|cant|p1a: Houngry Bastard|slp\n|cant|p1a: Houngry Bastard|move: Taunt|Sleep Talk\n|\n|upkeep\n|turn|26\n|\n|t:|1700598046\n|move|p2a: Gligar|Spikes|p1a: Houngry Bastard\n|-sidestart|p1: man who bugged|Spikes\n|-curestatus|p1a: Houngry Bastard|slp|[msg]\n|move|p1a: Houngry Bastard|Body Press|p2a: Gligar\n|-damage|p2a: Gligar|72\/100\n|\n|upkeep\n|turn|27\n|\n|t:|1700598053\n|move|p2a: Gligar|Spikes|p1a: Houngry Bastard\n|-sidestart|p1: man who bugged|Spikes\n|move|p1a: Houngry Bastard|Body Press|p2a: Gligar\n|-damage|p2a: Gligar|52\/100\n|\n|-end|p1a: Houngry Bastard|move: Taunt\n|upkeep\n|turn|28\n|\n|t:|1700598061\n|move|p2a: Gligar|Toxic|p1a: Houngry Bastard\n|-status|p1a: Houngry Bastard|tox\n|move|p1a: Houngry Bastard|Body Press|p2a: Gligar\n|-crit|p2a: Gligar\n|-damage|p2a: Gligar|24\/100\n|\n|-damage|p1a: Houngry Bastard|94\/100 tox|[from] psn\n|upkeep\n|turn|29\n|\n|t:|1700598068\n|move|p2a: Gligar|Taunt|p1a: Houngry Bastard\n|-start|p1a: Houngry Bastard|move: Taunt\n|move|p1a: Houngry Bastard|Body Press|p2a: Gligar\n|-damage|p2a: Gligar|3\/100\n|\n|-heal|p1a: Houngry Bastard|100\/100 tox|[from] item: Leftovers\n|-damage|p1a: Houngry Bastard|88\/100 tox|[from] psn\n|upkeep\n|turn|30\n|\n|t:|1700598080\n|switch|p2a: Alomomola|Alomomola, F, shiny|100\/100\n|move|p1a: Houngry Bastard|Body Press|p2a: Alomomola\n|-damage|p2a: Alomomola|86\/100\n|\n|-heal|p2a: Alomomola|92\/100|[from] item: Leftovers\n|-heal|p1a: Houngry Bastard|94\/100 tox|[from] item: Leftovers\n|-damage|p1a: Houngry Bastard|76\/100 tox|[from] psn\n|upkeep\n|turn|31\n|\n|t:|1700598116\n|switch|p1a: Wet Bastard|Toxapex, M|100\/100\n|-damage|p1a: Wet Bastard|75\/100|[from] Spikes\n|move|p2a: Alomomola|Wish|p2a: Alomomola\n|\n|-heal|p2a: Alomomola|99\/100|[from] item: Leftovers\n|-heal|p1a: Wet Bastard|82\/100|[from] item: Leftovers\n|upkeep\n|turn|32\n|\n|t:|1700598124\n|move|p2a: Alomomola|Flip Turn|p1a: Wet Bastard\n|-resisted|p1a: Wet Bastard\n|-damage|p1a: Wet Bastard|78\/100\n|\n|t:|1700598131\n|switch|p2a: Slowking|Slowking-Galar, M, shiny|65\/100|[from] Flip Turn\n|move|p1a: Wet Bastard|Infestation|p2a: Slowking\n|-damage|p2a: Slowking|63\/100\n|-activate|p2a: Slowking|move: Infestation|[of] p1a: Wet Bastard\n|\n|-heal|p2a: Slowking|100\/100|[from] move: Wish|[wisher] Alomomola\n|-heal|p1a: Wet Bastard|84\/100|[from] item: Leftovers\n|-damage|p2a: Slowking|88\/100|[from] move: Infestation|[partiallytrapped]\n|upkeep\n|turn|33\n|\n|t:|1700598145\n|move|p1a: Wet Bastard|Protect|p1a: Wet Bastard\n|-singleturn|p1a: Wet Bastard|Protect\n|move|p2a: Slowking|Thunder Wave|p1a: Wet Bastard\n|-activate|p1a: Wet Bastard|move: Protect\n|\n|-heal|p1a: Wet Bastard|90\/100|[from] item: Leftovers\n|-damage|p2a: Slowking|76\/100|[from] move: Infestation|[partiallytrapped]\n|upkeep\n|turn|34\n|\n|t:|1700598155\n|switch|p1a: Houngry Bastard|Dondozo, F|76\/100 tox\n|-damage|p1a: Houngry Bastard|51\/100 tox|[from] Spikes\n|move|p2a: Slowking|Thunder Wave||[still]\n|-fail|p2a: Slowking\n|\n|-heal|p1a: Houngry Bastard|57\/100 tox|[from] item: Leftovers\n|-damage|p1a: Houngry Bastard|51\/100 tox|[from] psn\n|-end|p2a: Slowking|Infestation|[partiallytrapped]|[silent]\n|upkeep\n|turn|35\n|\n|t:|1700598163\n|move|p1a: Houngry Bastard|Rest|p1a: Houngry Bastard\n|-status|p1a: Houngry Bastard|slp|[from] move: Rest\n|-heal|p1a: Houngry Bastard|100\/100 slp|[silent]\n|move|p2a: Slowking|Chilly Reception|p2a: Slowking\n|-weather|Snow\n|\n|t:|1700598177\n|switch|p2a: Alomomola|Alomomola, F, shiny|100\/100|[from] Chilly Reception\n|\n|-weather|Snow|[upkeep]\n|upkeep\n|turn|36\n|\n|t:|1700598187\n|move|p2a: Alomomola|Wish|p2a: Alomomola\n|cant|p1a: Houngry Bastard|slp\n|move|p1a: Houngry Bastard|Sleep Talk|p1a: Houngry Bastard\n|move|p1a: Houngry Bastard|Liquidation|p2a: Alomomola|[from]move: Sleep Talk\n|-resisted|p2a: Alomomola\n|-damage|p2a: Alomomola|93\/100\n|\n|-weather|Snow|[upkeep]\n|-heal|p2a: Alomomola|99\/100|[from] item: Leftovers\n|upkeep\n|turn|37\n|\n|t:|1700598196\n|move|p2a: Alomomola|Flip Turn|p1a: Houngry Bastard\n|-resisted|p1a: Houngry Bastard\n|-damage|p1a: Houngry Bastard|97\/100 slp\n|\n|t:|1700598199\n|switch|p2a: Gligar|Gligar, M, shiny, tera:Water|3\/100|[from] Flip Turn\n|cant|p1a: Houngry Bastard|slp\n|move|p1a: Houngry Bastard|Sleep Talk|p1a: Houngry Bastard\n|move|p1a: Houngry Bastard|Liquidation|p2a: Gligar|[from]move: Sleep Talk\n|-resisted|p2a: Gligar\n|-damage|p2a: Gligar|0 fnt\n|faint|p2a: Gligar\n|\n|-weather|Snow|[upkeep]\n|-heal|p1a: Houngry Bastard|100\/100 slp|[from] item: Leftovers\n|upkeep\n|\n|t:|1700598211\n|switch|p2a: Slowking|Slowking-Galar, M, shiny|100\/100\n|turn|38\n|\n|t:|1700598215\n|-curestatus|p1a: Houngry Bastard|slp|[msg]\n|move|p1a: Houngry Bastard|Sleep Talk||[still]\n|-fail|p1a: Houngry Bastard\n|move|p2a: Slowking|Future Sight|p1a: Houngry Bastard\n|-start|p2a: Slowking|move: Future Sight\n|\n|-weather|Snow|[upkeep]\n|upkeep\n|turn|39\n|\n|t:|1700598223\n|move|p1a: Houngry Bastard|Liquidation|p2a: Slowking\n|-damage|p2a: Slowking|68\/100\n|-unboost|p2a: Slowking|def|1\n|move|p2a: Slowking|Sludge Bomb|p1a: Houngry Bastard\n|-crit|p1a: Houngry Bastard\n|-damage|p1a: Houngry Bastard|49\/100\n|-status|p1a: Houngry Bastard|psn\n|\n|-weather|none\n|-heal|p1a: Houngry Bastard|55\/100 psn|[from] item: Leftovers\n|-damage|p1a: Houngry Bastard|42\/100 psn|[from] psn\n|upkeep\n|turn|40\n|\n|t:|1700598235\n|move|p1a: Houngry Bastard|Liquidation|p2a: Slowking\n|-damage|p2a: Slowking|37\/100\n|move|p2a: Slowking|Sludge Bomb|p1a: Houngry Bastard\n|-damage|p1a: Houngry Bastard|8\/100 psn\n|\n|-end|p1a: Houngry Bastard|move: Future Sight\n|-damage|p1a: Houngry Bastard|0 fnt\n|faint|p1a: Houngry Bastard\n|upkeep\n|\n|t:|1700598246\n|switch|p1a: Fake Bastard|Cinderace, M|100\/100\n|turn|41\n|\n|t:|1700598263\n|move|p1a: Fake Bastard|Court Change|p1a: Fake Bastard\n|-start|p1a: Fake Bastard|typechange|Normal|[from] ability: Libero\n|-swapsideconditions\n|-activate|p1a: Fake Bastard|move: Court Change\n|move|p2a: Slowking|Future Sight|p1a: Fake Bastard\n|-start|p2a: Slowking|move: Future Sight\n|\n|upkeep\n|turn|42\n|\n|t:|1700598270\n|move|p1a: Fake Bastard|Will-O-Wisp|p2a: Slowking\n|-status|p2a: Slowking|brn\n|move|p2a: Slowking|Chilly Reception|p2a: Slowking\n|-weather|Snow\n|\n|t:|1700598272\n|switch|p2a: Cinderace|Cinderace, M, shiny|100\/100|[from] Chilly Reception\n|\n|-weather|Snow|[upkeep]\n|upkeep\n|turn|43\n|\n|t:|1700598282\n|move|p1a: Fake Bastard|U-turn|p2a: Cinderace\n|-resisted|p2a: Cinderace\n|-damage|p2a: Cinderace|84\/100\n|\n|t:|1700598285\n|switch|p1a: Your Bastard|Ditto|35\/100|[from] U-turn\n|-transform|p1a: Your Bastard|p2a: Cinderace|[from] ability: Imposter\n|move|p2a: Cinderace|Will-O-Wisp|p1a: Your Bastard\n|-immune|p1a: Your Bastard\n|\n|-weather|Snow|[upkeep]\n|-end|p1a: Your Bastard|move: Future Sight\n|-damage|p1a: Your Bastard|0 fnt\n|faint|p1a: Your Bastard\n|upkeep\n|\n|t:|1700598299\n|switch|p1a: Wet Bastard|Toxapex, M|100\/100\n|turn|44\n|\n|t:|1700598302\n|move|p2a: Cinderace|Court Change|p2a: Cinderace\n|-start|p2a: Cinderace|typechange|Normal|[from] ability: Libero\n|-swapsideconditions\n|-activate|p2a: Cinderace|move: Court Change\n|move|p1a: Wet Bastard|Toxic|p2a: Cinderace\n|-status|p2a: Cinderace|tox\n|\n|-weather|Snow|[upkeep]\n|-damage|p2a: Cinderace|78\/100 tox|[from] psn\n|upkeep\n|turn|45\n|\n|t:|1700598310\n|move|p2a: Cinderace|Will-O-Wisp|p1a: Wet Bastard\n|-status|p1a: Wet Bastard|brn\n|move|p1a: Wet Bastard|Infestation|p2a: Cinderace\n|-damage|p2a: Cinderace|74\/100 tox\n|-activate|p2a: Cinderace|move: Infestation|[of] p1a: Wet Bastard\n|\n|-weather|Snow|[upkeep]\n|-damage|p2a: Cinderace|62\/100 tox|[from] psn\n|-damage|p1a: Wet Bastard|94\/100 brn|[from] brn\n|-damage|p2a: Cinderace|50\/100 tox|[from] move: Infestation|[partiallytrapped]\n|upkeep\n|turn|46\n|\n|t:|1700598319\n|move|p1a: Wet Bastard|Protect|p1a: Wet Bastard\n|-singleturn|p1a: Wet Bastard|Protect\n|move|p2a: Cinderace|U-turn|p1a: Wet Bastard\n|-activate|p1a: Wet Bastard|move: Protect\n|\n|-weather|none\n|-heal|p1a: Wet Bastard|100\/100 brn|[from] item: Leftovers\n|-damage|p2a: Cinderace|32\/100 tox|[from] psn\n|-damage|p1a: Wet Bastard|94\/100 brn|[from] brn\n|-damage|p2a: Cinderace|19\/100 tox|[from] move: Infestation|[partiallytrapped]\n|upkeep\n|turn|47\n|\n|t:|1700598330\n|move|p1a: Wet Bastard|Protect|p1a: Wet Bastard\n|-singleturn|p1a: Wet Bastard|Protect\n|move|p2a: Cinderace|U-turn|p1a: Wet Bastard\n|-activate|p1a: Wet Bastard|move: Protect\n|\n|-heal|p1a: Wet Bastard|100\/100 brn|[from] item: Leftovers\n|-damage|p2a: Cinderace|0 fnt|[from] psn\n|faint|p2a: Cinderace\n|-damage|p1a: Wet Bastard|94\/100 brn|[from] brn\n|upkeep\n|-message|50.cal Bonk! forfeited.\n|\n|win|man who bugged\n|l|\u260650.cal Bonk!\n","uploadtime":1700598351,"views":2,"p1id":"manwhobugged","p2id":"50calbonk","formatid":"gen9ou","rating":0,"private":0,"password":""}