{"id":"gen9ou-1993085321","p1":"ratatta17","p2":"SofteLocke","format":"[Gen 9] OU","log":"|j|\u2606ratatta17\n|j|\u2606SofteLocke\n|t:|1700263033\n|gametype|singles\n|player|p1|ratatta17|266|1553\n|player|p2|SofteLocke|102|1644\n|teamsize|p1|6\n|teamsize|p2|6\n|gen|9\n|tier|[Gen 9] OU\n|rated|\n|rule|Sleep Clause Mod: Limit one foe put to sleep\n|rule|Species Clause: Limit one of each Pok\u00e9mon\n|rule|OHKO Clause: OHKO moves are banned\n|rule|Evasion Items Clause: Evasion items are banned\n|rule|Evasion Moves Clause: Evasion moves are banned\n|rule|Endless Battle Clause: Forcing endless battles is banned\n|rule|HP Percentage Mod: HP is shown in percentages\n|clearpoke\n|poke|p1|Azumarill, M|\n|poke|p1|Staraptor, F|\n|poke|p1|Toedscruel, F|\n|poke|p1|Skeledirge, M|\n|poke|p1|Ninetales-Alola, M|\n|poke|p1|Iron Valiant|\n|poke|p2|Great Tusk|\n|poke|p2|Scream Tail|\n|poke|p2|Torkoal, M|\n|poke|p2|Walking Wake|\n|poke|p2|Arboliva, F|\n|poke|p2|Kingambit, F|\n|teampreview\n|inactive|Battle timer is ON: inactive players will automatically lose when time's up. (requested by ratatta17)\n|\n|t:|1700263046\n|start\n|switch|p1a: Staraptor|Staraptor, F|100\/100\n|switch|p2a: Mr. Conductor|Walking Wake|100\/100\n|-ability|p1a: Staraptor|Intimidate|boost\n|-unboost|p2a: Mr. Conductor|atk|1\n|turn|1\n|\n|t:|1700263051\n|move|p1a: Staraptor|Final Gambit|p2a: Mr. Conductor\n|-damage|p2a: Mr. Conductor|0 fnt\n|faint|p1a: Staraptor\n|faint|p2a: Mr. Conductor\n|-end|p2a: Mr. Conductor|Protosynthesis|[silent]\n|\n|upkeep\n|\n|t:|1700263059\n|switch|p2a: Athena|Arboliva, F|100\/100\n|switch|p1a: Toedscruel|Toedscruel, F|100\/100\n|turn|2\n|\n|t:|1700263066\n|switch|p2a: Clutchbox|Scream Tail|100\/100\n|move|p1a: Toedscruel|Knock Off|p2a: Clutchbox\n|-damage|p2a: Clutchbox|87\/100\n|-enditem|p2a: Clutchbox|Leftovers|[from] move: Knock Off|[of] p1a: Toedscruel\n|\n|upkeep\n|turn|3\n|\n|t:|1700263073\n|move|p2a: Clutchbox|Encore|p1a: Toedscruel\n|-start|p1a: Toedscruel|Encore\n|move|p1a: Toedscruel|Knock Off|p2a: Clutchbox\n|-damage|p2a: Clutchbox|76\/100\n|\n|upkeep\n|turn|4\n|\n|t:|1700263077\n|-end|p2a: Clutchbox|Protosynthesis|[silent]\n|switch|p2a: Anchor|Kingambit, F|100\/100\n|-activate|p2a: Anchor|ability: Supreme Overlord\n|-start|p2a: Anchor|fallen1|[silent]\n|move|p1a: Toedscruel|Knock Off|p2a: Anchor\n|-resisted|p2a: Anchor\n|-damage|p2a: Anchor|95\/100\n|-enditem|p2a: Anchor|Leftovers|[from] move: Knock Off|[of] p1a: Toedscruel\n|\n|upkeep\n|turn|5\n|\n|t:|1700263083\n|switch|p1a: Ninetales|Ninetales-Alola, M|100\/100\n|-weather|Snow|[from] ability: Snow Warning|[of] p1a: Ninetales\n|move|p2a: Anchor|Swords Dance|p2a: Anchor\n|-boost|p2a: Anchor|atk|2\n|\n|-weather|Snow|[upkeep]\n|upkeep\n|turn|6\n|\n|t:|1700263088\n|-end|p2a: Anchor|fallen1|[silent]\n|switch|p2a: Nika|Torkoal, M|100\/100\n|-weather|SunnyDay|[from] ability: Drought|[of] p2a: Nika\n|move|p1a: Ninetales|Encore||[still]\n|-fail|p1a: Ninetales\n|\n|-weather|SunnyDay|[upkeep]\n|upkeep\n|turn|7\n|\n|t:|1700263092\n|switch|p1a: Skeledirge|Skeledirge, M|100\/100\n|move|p2a: Nika|Lava Plume|p1a: Skeledirge\n|-resisted|p1a: Skeledirge\n|-damage|p1a: Skeledirge|87\/100\n|\n|-weather|SunnyDay|[upkeep]\n|-heal|p1a: Skeledirge|93\/100|[from] item: Leftovers\n|upkeep\n|turn|8\n|\n|t:|1700263096\n|move|p1a: Skeledirge|Torch Song|p2a: Nika\n|-resisted|p2a: Nika\n|-damage|p2a: Nika|73\/100\n|-boost|p1a: Skeledirge|spa|1\n|move|p2a: Nika|Yawn|p1a: Skeledirge\n|-start|p1a: Skeledirge|move: Yawn|[of] p2a: Nika\n|\n|-weather|SunnyDay|[upkeep]\n|-heal|p1a: Skeledirge|99\/100|[from] item: Leftovers\n|upkeep\n|turn|9\n|\n|t:|1700263104\n|move|p1a: Skeledirge|Torch Song|p2a: Nika\n|-resisted|p2a: Nika\n|-damage|p2a: Nika|32\/100\n|-boost|p1a: Skeledirge|spa|1\n|move|p2a: Nika|Stealth Rock|p1a: Skeledirge\n|-sidestart|p1: ratatta17|move: Stealth Rock\n|\n|-weather|SunnyDay|[upkeep]\n|-heal|p1a: Skeledirge|100\/100|[from] item: Leftovers\n|-end|p1a: Skeledirge|move: Yawn|[silent]\n|-status|p1a: Skeledirge|slp\n|upkeep\n|turn|10\n|\n|t:|1700263110\n|switch|p2a: Anchor|Kingambit, F|95\/100\n|-activate|p2a: Anchor|ability: Supreme Overlord\n|-start|p2a: Anchor|fallen1|[silent]\n|cant|p1a: Skeledirge|slp\n|\n|-weather|SunnyDay|[upkeep]\n|upkeep\n|turn|11\n|\n|t:|1700263114\n|cant|p1a: Skeledirge|slp\n|move|p2a: Anchor|Kowtow Cleave|p1a: Skeledirge\n|-supereffective|p1a: Skeledirge\n|-damage|p1a: Skeledirge|1\/100 slp\n|\n|-weather|SunnyDay|[upkeep]\n|-heal|p1a: Skeledirge|8\/100 slp|[from] item: Leftovers\n|upkeep\n|turn|12\n|\n|t:|1700263120\n|move|p2a: Anchor|Sucker Punch||[still]\n|-fail|p2a: Anchor\n|-curestatus|p1a: Skeledirge|slp|[msg]\n|move|p1a: Skeledirge|Will-O-Wisp|p2a: Anchor\n|-status|p2a: Anchor|brn\n|\n|-weather|SunnyDay|[upkeep]\n|-heal|p1a: Skeledirge|14\/100|[from] item: Leftovers\n|-damage|p2a: Anchor|89\/100 brn|[from] brn\n|upkeep\n|turn|13\n|\n|t:|1700263125\n|move|p1a: Skeledirge|Slack Off|p1a: Skeledirge\n|-heal|p1a: Skeledirge|64\/100\n|move|p2a: Anchor|Kowtow Cleave|p1a: Skeledirge\n|-supereffective|p1a: Skeledirge\n|-damage|p1a: Skeledirge|16\/100\n|\n|-weather|none\n|-heal|p1a: Skeledirge|22\/100|[from] item: Leftovers\n|-damage|p2a: Anchor|83\/100 brn|[from] brn\n|upkeep\n|turn|14\n|\n|t:|1700263131\n|move|p1a: Skeledirge|Slack Off|p1a: Skeledirge\n|-heal|p1a: Skeledirge|72\/100\n|move|p2a: Anchor|Kowtow Cleave|p1a: Skeledirge\n|-supereffective|p1a: Skeledirge\n|-damage|p1a: Skeledirge|30\/100\n|\n|-heal|p1a: Skeledirge|36\/100|[from] item: Leftovers\n|-damage|p2a: Anchor|77\/100 brn|[from] brn\n|upkeep\n|turn|15\n|\n|t:|1700263138\n|-end|p2a: Anchor|fallen1|[silent]\n|switch|p2a: Athena|Arboliva, F|100\/100\n|move|p1a: Skeledirge|Slack Off|p1a: Skeledirge\n|-heal|p1a: Skeledirge|86\/100\n|\n|-heal|p1a: Skeledirge|92\/100|[from] item: Leftovers\n|upkeep\n|turn|16\n|\n|t:|1700263145\n|move|p1a: Skeledirge|Torch Song|p2a: Athena\n|-supereffective|p2a: Athena\n|-damage|p2a: Athena|28\/100\n|-boost|p1a: Skeledirge|spa|1\n|-enditem|p2a: Athena|Sitrus Berry|[eat]\n|-heal|p2a: Athena|53\/100|[from] item: Sitrus Berry\n|move|p2a: Athena|Leech Seed|p1a: Skeledirge\n|-start|p1a: Skeledirge|move: Leech Seed\n|\n|-heal|p1a: Skeledirge|99\/100|[from] item: Leftovers\n|-damage|p1a: Skeledirge|86\/100|[from] Leech Seed|[of] p2a: Athena\n|-heal|p2a: Athena|67\/100|[silent]\n|upkeep\n|turn|17\n|\n|t:|1700263153\n|switch|p2a: Clutchbox|Scream Tail|76\/100\n|move|p1a: Skeledirge|Torch Song|p2a: Clutchbox\n|-damage|p2a: Clutchbox|32\/100\n|-boost|p1a: Skeledirge|spa|1\n|\n|-heal|p1a: Skeledirge|92\/100|[from] item: Leftovers\n|-damage|p1a: Skeledirge|80\/100|[from] Leech Seed|[of] p2a: Clutchbox\n|-heal|p2a: Clutchbox|45\/100|[silent]\n|upkeep\n|turn|18\n|-message|SofteLocke forfeited.\n|\n|win|ratatta17\n|raw|ratatta17's rating: 1553 &rarr; <strong>1578<\/strong><br \/>(+25 for winning)\n|raw|SofteLocke's rating: 1644 &rarr; <strong>1619<\/strong><br \/>(-25 for losing)\n|l|\u2606SofteLocke\n","uploadtime":1700263164,"views":13,"p1id":"ratatta17","p2id":"softelocke","formatid":"gen9ou","rating":1578,"private":0,"password":""}