{"id":"gen9ou-1994769498","p1":"A8SV","p2":"enrage warrior hs","format":"[Gen 9] OU","log":"|j|\u2606A8SV\n|j|\u2606enrage warrior hs\n|t:|1700490981\n|gametype|singles\n|player|p1|A8SV|hugh|1476\n|player|p2|enrage warrior hs|norman|1450\n|teamsize|p1|6\n|teamsize|p2|6\n|gen|9\n|tier|[Gen 9] OU\n|rated|\n|rule|Sleep Clause Mod: Limit one foe put to sleep\n|rule|Species Clause: Limit one of each Pok\u00e9mon\n|rule|OHKO Clause: OHKO moves are banned\n|rule|Evasion Items Clause: Evasion items are banned\n|rule|Evasion Moves Clause: Evasion moves are banned\n|rule|Endless Battle Clause: Forcing endless battles is banned\n|rule|HP Percentage Mod: HP is shown in percentages\n|clearpoke\n|poke|p1|Kingambit, M|\n|poke|p1|Dragapult, F|\n|poke|p1|Great Tusk|\n|poke|p1|Gholdengo|\n|poke|p1|Ribombee, F|\n|poke|p1|Ogerpon-Wellspring, F|\n|poke|p2|Thundurus-Therian, M|\n|poke|p2|Slowking-Galar, F|\n|poke|p2|Great Tusk|\n|poke|p2|Ogerpon-Wellspring, F|\n|poke|p2|Kingambit, F|\n|poke|p2|Skeledirge, F|\n|teampreview\n|\n|t:|1700490990\n|start\n|switch|p1a: Feeling slowed?|Ribombee, F|100\/100\n|switch|p2a: Thundurus|Thundurus-Therian, M|100\/100\n|turn|1\n|j| BobbyTheFool\n|\n|t:|1700490996\n|move|p1a: Feeling slowed?|Sticky Web|p2a: Thundurus\n|-sidestart|p2: enrage warrior hs|move: Sticky Web\n|move|p2a: Thundurus|Volt Switch|p1a: Feeling slowed?\n|-damage|p1a: Feeling slowed?|2\/100\n|inactive|Battle timer is ON: inactive players will automatically lose when time's up. (requested by A8SV)\n|\n|t:|1700491014\n|switch|p2a: Slowking|Slowking-Galar, F|100\/100|[from] Volt Switch\n|\n|upkeep\n|turn|2\n|\n|t:|1700491020\n|switch|p2a: Thundurus|Thundurus-Therian, M|100\/100\n|move|p1a: Feeling slowed?|Stun Spore|p2a: Thundurus\n|-immune|p2a: Thundurus\n|\n|upkeep\n|turn|3\n|\n|t:|1700491024\n|move|p1a: Feeling slowed?|Moonblast|p2a: Thundurus\n|-damage|p2a: Thundurus|50\/100\n|move|p2a: Thundurus|Volt Switch|p1a: Feeling slowed?\n|-damage|p1a: Feeling slowed?|0 fnt\n|faint|p1a: Feeling slowed?\n|\n|t:|1700491039\n|switch|p2a: Slowking|Slowking-Galar, F|100\/100|[from] Volt Switch\n|\n|upkeep\n|\n|t:|1700491044\n|switch|p1a: HE'S GONE|Great Tusk|100\/100\n|turn|4\n|inactive|enrage warrior hs has 120 seconds left.\n|\n|t:|1700491098\n|switch|p2a: Great Tusk|Great Tusk|100\/100\n|-activate|p2a: Great Tusk|move: Sticky Web\n|-unboost|p2a: Great Tusk|spe|1\n|move|p1a: HE'S GONE|Knock Off|p2a: Great Tusk\n|-resisted|p2a: Great Tusk\n|-damage|p2a: Great Tusk|89\/100\n|-enditem|p2a: Great Tusk|Leftovers|[from] move: Knock Off|[of] p1a: HE'S GONE\n|\n|upkeep\n|turn|5\n|\n|t:|1700491106\n|-end|p1a: HE'S GONE|Protosynthesis|[silent]\n|switch|p1a: Mrs. Versatile|Dragapult, F, shiny|100\/100\n|move|p2a: Great Tusk|Knock Off|p1a: Mrs. Versatile\n|-supereffective|p1a: Mrs. Versatile\n|-damage|p1a: Mrs. Versatile|19\/100\n|-enditem|p1a: Mrs. Versatile|Light Clay|[from] move: Knock Off|[of] p2a: Great Tusk\n|\n|upkeep\n|turn|6\n|\n|t:|1700491115\n|move|p1a: Mrs. Versatile|Reflect|p1a: Mrs. Versatile\n|-sidestart|p1: A8SV|Reflect\n|move|p2a: Great Tusk|Knock Off|p1a: Mrs. Versatile\n|-supereffective|p1a: Mrs. Versatile\n|-damage|p1a: Mrs. Versatile|0 fnt\n|faint|p1a: Mrs. Versatile\n|\n|upkeep\n|\n|t:|1700491118\n|switch|p1a: Sure?|Gholdengo|100\/100\n|turn|7\n|inactive|enrage warrior hs has 120 seconds left.\n|\n|t:|1700491125\n|move|p1a: Sure?|Dazzling Gleam|p2a: Great Tusk\n|-supereffective|p2a: Great Tusk\n|-damage|p2a: Great Tusk|0 fnt\n|faint|p2a: Great Tusk\n|-end|p2a: Great Tusk|Protosynthesis|[silent]\n|\n|upkeep\n|inactive|enrage warrior hs has 120 seconds left.\n|\n|t:|1700491137\n|switch|p2a: Thundurus|Thundurus-Therian, M|50\/100\n|turn|8\n|inactive|enrage warrior hs has 120 seconds left.\n|\n|t:|1700491162\n|switch|p1a: HE'S GONE|Great Tusk|100\/100\n|move|p2a: Thundurus|Grass Knot|p1a: HE'S GONE\n|-supereffective|p1a: HE'S GONE\n|-damage|p1a: HE'S GONE|0 fnt\n|faint|p1a: HE'S GONE\n|-end|p1a: HE'S GONE|Protosynthesis|[silent]\n|\n|upkeep\n|\n|t:|1700491168\n|switch|p1a: Sure?|Gholdengo|100\/100\n|turn|9\n|\n|t:|1700491174\n|switch|p2a: Slowking|Slowking-Galar, F|100\/100\n|move|p1a: Sure?|Shadow Ball|p2a: Slowking\n|-supereffective|p2a: Slowking\n|-damage|p2a: Slowking|24\/100\n|\n|upkeep\n|turn|10\n|inactive|enrage warrior hs has 120 seconds left.\n|\n|t:|1700491182\n|move|p1a: Sure?|Shadow Ball|p2a: Slowking\n|-supereffective|p2a: Slowking\n|-damage|p2a: Slowking|0 fnt\n|faint|p2a: Slowking\n|\n|-sideend|p1: A8SV|Reflect\n|upkeep\n|\n|t:|1700491185\n|switch|p2a: Skeledirge|Skeledirge, F|100\/100\n|turn|11\n|inactive|enrage warrior hs has 120 seconds left.\n|\n|t:|1700491216\n|switch|p1a: Silly Face|Ogerpon-Wellspring, F|100\/100\n|switch|p2a: Thundurus|Thundurus-Therian, M|50\/100\n|\n|upkeep\n|turn|12\n|\n|t:|1700491225\n|move|p2a: Thundurus|Volt Switch|p1a: Silly Face\n|-damage|p1a: Silly Face|34\/100\n|\n|t:|1700491232\n|switch|p2a: Ogerpon|Ogerpon-Wellspring, F|100\/100|[from] Volt Switch\n|-activate|p2a: Ogerpon|move: Sticky Web\n|-unboost|p2a: Ogerpon|spe|1\n|move|p1a: Silly Face|Ivy Cudgel|p2a: Ogerpon|[anim] Ivy Cudgel Water\n|-immune|p2a: Ogerpon|[from] ability: Water Absorb\n|\n|upkeep\n|turn|13\n|inactive|enrage warrior hs has 120 seconds left.\n|\n|t:|1700491240\n|move|p1a: Silly Face|Ivy Cudgel|p2a: Ogerpon|[anim] Ivy Cudgel Water\n|-immune|p2a: Ogerpon|[from] ability: Water Absorb\n|move|p2a: Ogerpon|Horn Leech|p1a: Silly Face\n|-damage|p1a: Silly Face|0 fnt\n|faint|p1a: Silly Face\n|\n|upkeep\n|\n|t:|1700491246\n|switch|p1a: Sure?|Gholdengo|100\/100\n|turn|14\n|\n|t:|1700491250\n|move|p1a: Sure?|Shadow Ball|p2a: Ogerpon\n|-damage|p2a: Ogerpon|29\/100\n|move|p2a: Ogerpon|Ivy Cudgel|p1a: Sure?|[anim] Ivy Cudgel Water\n|-damage|p1a: Sure?|39\/100\n|\n|upkeep\n|turn|15\n|\n|t:|1700491254\n|move|p1a: Sure?|Shadow Ball|p2a: Ogerpon\n|-damage|p2a: Ogerpon|0 fnt\n|faint|p2a: Ogerpon\n|\n|upkeep\n|\n|t:|1700491256\n|switch|p2a: Thundurus|Thundurus-Therian, M|50\/100\n|turn|16\n|\n|t:|1700491259\n|move|p2a: Thundurus|Volt Switch|p1a: Sure?\n|-damage|p1a: Sure?|0 fnt\n|faint|p1a: Sure?\n|\n|t:|1700491262\n|switch|p2a: Skeledirge|Skeledirge, F|100\/100|[from] Volt Switch\n|\n|upkeep\n|\n|t:|1700491266\n|switch|p1a: Overkill|Kingambit, M|100\/100\n|-activate|p1a: Overkill|ability: Supreme Overlord\n|-start|p1a: Overkill|fallen5|[silent]\n|turn|17\n|\n|t:|1700491272\n|-terastallize|p2a: Skeledirge|Water\n|move|p2a: Skeledirge|Will-O-Wisp|p1a: Overkill\n|-status|p1a: Overkill|brn\n|move|p1a: Overkill|Swords Dance|p1a: Overkill\n|-boost|p1a: Overkill|atk|2\n|\n|-damage|p1a: Overkill|94\/100 brn|[from] brn\n|upkeep\n|turn|18\n|\n|t:|1700491278\n|-terastallize|p1a: Overkill|Flying\n|move|p2a: Skeledirge|Torch Song|p1a: Overkill\n|-damage|p1a: Overkill|64\/100 brn\n|-boost|p2a: Skeledirge|spa|1\n|move|p1a: Overkill|Swords Dance|p1a: Overkill\n|-boost|p1a: Overkill|atk|2\n|\n|-heal|p1a: Overkill|70\/100 brn|[from] item: Leftovers\n|-damage|p1a: Overkill|64\/100 brn|[from] brn\n|upkeep\n|turn|19\n|\n|t:|1700491285\n|move|p1a: Overkill|Sucker Punch|p2a: Skeledirge\n|-damage|p2a: Skeledirge|79\/100\n|move|p2a: Skeledirge|Hex|p1a: Overkill\n|-crit|p1a: Overkill\n|-damage|p1a: Overkill|0 fnt\n|faint|p1a: Overkill\n|-end|p1a: Overkill|fallen5|[silent]\n|\n|win|enrage warrior hs\n|raw|A8SV's rating: 1476 &rarr; <strong>1455<\/strong><br \/>(-21 for losing)\n|raw|enrage warrior hs's rating: 1450 &rarr; <strong>1471<\/strong><br \/>(+21 for winning)\n|l|\u2606A8SV\n|c|\u2606enrage warrior hs|gg\n","uploadtime":1700491296,"views":4,"p1id":"a8sv","p2id":"enragewarriorhs","formatid":"gen9ou","rating":1455,"private":0,"password":""}