{"id":"gen9ou-1993695924","p1":"Shaheen85800","p2":"szrtyguij","format":"[Gen 9] OU","log":"|j|\u2606Shaheen85800\n|j|\u2606szrtyguij\n|t:|1700346563\n|gametype|singles\n|player|p1|Shaheen85800|workerice|1022\n|player|p2|szrtyguij|1|1000\n|teamsize|p1|6\n|teamsize|p2|6\n|gen|9\n|tier|[Gen 9] OU\n|rated|\n|rule|Sleep Clause Mod: Limit one foe put to sleep\n|rule|Species Clause: Limit one of each Pok\u00e9mon\n|rule|OHKO Clause: OHKO moves are banned\n|rule|Evasion Items Clause: Evasion items are banned\n|rule|Evasion Moves Clause: Evasion moves are banned\n|rule|Endless Battle Clause: Forcing endless battles is banned\n|rule|HP Percentage Mod: HP is shown in percentages\n|clearpoke\n|poke|p1|Mimikyu, M|\n|poke|p1|Falinks|\n|poke|p1|Samurott-Hisui, M|\n|poke|p1|Zoroark-Hisui, M|\n|poke|p1|Lokix, M|\n|poke|p1|Dipplin, M|\n|poke|p2|Ursaluna, F|\n|poke|p2|Corviknight, F|\n|poke|p2|Ribombee, M|\n|poke|p2|Manaphy|\n|poke|p2|Zoroark, F|\n|poke|p2|Kingambit, F|\n|teampreview\n|inactive|Battle timer is ON: inactive players will automatically lose when time's up. (requested by Shaheen85800)\n|inactive|szrtyguij has 120 seconds left.\n|\n|t:|1700346616\n|start\n|switch|p1a: Familinks|Falinks, shiny|100\/100\n|switch|p2a: Ribombee|Ribombee, M|100\/100\n|turn|1\n|\n|t:|1700346629\n|-terastallize|p1a: Familinks|Steel\n|move|p2a: Ribombee|Trick|p1a: Familinks\n|-activate|p2a: Ribombee|move: Trick|[of] p1a: Familinks\n|-item|p1a: Familinks|Toxic Orb|[from] move: Trick\n|-item|p2a: Ribombee|Leftovers|[from] move: Trick\n|move|p1a: Familinks|No Retreat|p1a: Familinks\n|-boost|p1a: Familinks|atk|1\n|-boost|p1a: Familinks|def|1\n|-boost|p1a: Familinks|spa|1\n|-boost|p1a: Familinks|spd|1\n|-boost|p1a: Familinks|spe|1\n|-start|p1a: Familinks|move: No Retreat\n|\n|upkeep\n|turn|2\n|inactive|szrtyguij has 120 seconds left.\n|\n|t:|1700346661\n|switch|p2a: Kingambit|Kingambit, F, shiny|100\/100\n|move|p1a: Familinks|Rock Slide|p2a: Kingambit\n|-resisted|p2a: Kingambit\n|-damage|p2a: Kingambit|90\/100\n|\n|upkeep\n|turn|3\n|inactive|szrtyguij has 120 seconds left.\n|inactive|Shaheen85800 has 120 seconds left.\n|\n|t:|1700346694\n|move|p1a: Familinks|Close Combat|p2a: Kingambit\n|-supereffective|p2a: Kingambit\n|-damage|p2a: Kingambit|0 fnt\n|-unboost|p1a: Familinks|def|1\n|-unboost|p1a: Familinks|spd|1\n|faint|p2a: Kingambit\n|\n|upkeep\n|inactive|szrtyguij has 120 seconds left.\n|\n|t:|1700346701\n|switch|p2a: Ribombee|Ribombee, M|100\/100\n|turn|4\n|inactive|szrtyguij has 120 seconds left.\n|\n|t:|1700346722\n|-terastallize|p2a: Ribombee|Psychic\n|move|p2a: Ribombee|Sucker Punch|p1a: Familinks\n|-damage|p1a: Familinks|58\/100\n|move|p1a: Familinks|Rock Slide|p2a: Ribombee\n|-damage|p2a: Ribombee|34\/100\n|replace|p2a: Zoroark|Zoroark, F, shiny\n|-end|p2a: Zoroark|Illusion\n|\n|upkeep\n|turn|5\n|\n|t:|1700346733\n|move|p1a: Familinks|Megahorn|p2a: Zoroark\n|-supereffective|p2a: Zoroark\n|-damage|p2a: Zoroark|0 fnt\n|faint|p2a: Zoroark\n|\n|upkeep\n|\n|t:|1700346740\n|switch|p2a: Manaphy|Manaphy|100\/100\n|turn|6\n|\n|t:|1700346746\n|move|p1a: Familinks|Close Combat|p2a: Manaphy\n|-damage|p2a: Manaphy|30\/100\n|-unboost|p1a: Familinks|def|1\n|-unboost|p1a: Familinks|spd|1\n|move|p2a: Manaphy|Hydro Pump|p1a: Familinks\n|-damage|p1a: Familinks|0 fnt\n|faint|p1a: Familinks\n|\n|upkeep\n|\n|t:|1700346752\n|switch|p1a: Iron Bug|Lokix, M, shiny|100\/100\n|turn|7\n|\n|t:|1700346758\n|move|p1a: Iron Bug|Nasty Plot|p1a: Iron Bug\n|-boost|p1a: Iron Bug|spa|2\n|move|p2a: Manaphy|Blizzard|p1a: Iron Bug|[miss]\n|-miss|p2a: Manaphy|p1a: Iron Bug\n|\n|upkeep\n|turn|8\n|\n|t:|1700346765\n|move|p1a: Iron Bug|Focus Blast|p2a: Manaphy\n|-crit|p2a: Manaphy\n|-damage|p2a: Manaphy|0 fnt\n|faint|p2a: Manaphy\n|\n|upkeep\n|\n|t:|1700346772\n|switch|p2a: Corviknight|Corviknight, F|100\/100\n|turn|9\n|\n|t:|1700346778\n|move|p1a: Iron Bug|Flamethrower|p2a: Corviknight\n|-supereffective|p2a: Corviknight\n|-damage|p2a: Corviknight|0 fnt\n|faint|p2a: Corviknight\n|\n|upkeep\n|\n|t:|1700346783\n|switch|p2a: Ursaluna|Ursaluna, F, shiny|100\/100\n|turn|10\n|c|\u2606Shaheen85800|give me a guitar cause we rockin\n|\n|t:|1700346796\n|move|p1a: Iron Bug|Focus Blast|p2a: Ursaluna\n|-supereffective|p2a: Ursaluna\n|-damage|p2a: Ursaluna|0 fnt\n|faint|p2a: Ursaluna\n|\n|upkeep\n|\n|t:|1700346801\n|switch|p2a: Ribombee|Ribombee, M|100\/100\n|turn|11\n|\n|t:|1700346811\n|move|p2a: Ribombee|Protect|p2a: Ribombee\n|-singleturn|p2a: Ribombee|Protect\n|move|p1a: Iron Bug|Flamethrower|p2a: Ribombee\n|-activate|p2a: Ribombee|move: Protect\n|\n|upkeep\n|turn|12\n|\n|t:|1700346819\n|move|p2a: Ribombee|Draining Kiss|p1a: Iron Bug\n|-damage|p1a: Iron Bug|53\/100\n|replace|p1a: Surprise|Zoroark-Hisui, M, shiny\n|-end|p1a: Surprise|Illusion\n|move|p1a: Surprise|Flamethrower|p2a: Ribombee\n|-supereffective|p2a: Ribombee\n|-damage|p2a: Ribombee|0 fnt\n|faint|p2a: Ribombee\n|\n|win|Shaheen85800\n|raw|Shaheen85800's rating: 1022 &rarr; <strong>1056<\/strong><br \/>(+34 for winning)\n|raw|szrtyguij's rating: 1000 &rarr; <strong>1000<\/strong><br \/>(+0 for losing)\n|c|\u2606szrtyguij|gg\n|c|\u2606Shaheen85800|gg\n","uploadtime":1700346828,"views":26,"p1id":"shaheen85800","p2id":"szrtyguij","formatid":"gen9ou","rating":1000,"private":0,"password":""}