{"id":"gen9ou-1998362647","p1":"Amsnal","p2":"mycatmadethat","format":"[Gen 9] OU","log":"|j|\u2606Amsnal\n|j|\u2606mycatmadethat\n|t:|1700933915\n|gametype|singles\n|player|p1|Amsnal|1|1173\n|player|p2|mycatmadethat|artist-gen4|1145\n|teamsize|p1|6\n|teamsize|p2|6\n|gen|9\n|tier|[Gen 9] OU\n|rated|\n|rule|Sleep Clause Mod: Limit one foe put to sleep\n|rule|Species Clause: Limit one of each Pok\u00e9mon\n|rule|OHKO Clause: OHKO moves are banned\n|rule|Evasion Items Clause: Evasion items are banned\n|rule|Evasion Moves Clause: Evasion moves are banned\n|rule|Endless Battle Clause: Forcing endless battles is banned\n|rule|HP Percentage Mod: HP is shown in percentages\n|clearpoke\n|poke|p1|Ogerpon, F|\n|poke|p1|Dragapult, M|\n|poke|p1|Bisharp, M|\n|poke|p1|Great Tusk|\n|poke|p1|Ceruledge, F|\n|poke|p1|Samurott-Hisui, F|\n|poke|p2|Cinderace, F|\n|poke|p2|Dragapult, F|\n|poke|p2|Iron Valiant|\n|poke|p2|Kingambit, M|\n|poke|p2|Ting-Lu|\n|poke|p2|Gholdengo|\n|teampreview\n|\n|t:|1700933923\n|start\n|switch|p1a: Ceruledge|Ceruledge, F|100\/100\n|switch|p2a: Cinderace|Cinderace, F|100\/100\n|turn|1\n|\n|t:|1700933935\n|switch|p2a: Ting-Lu|Ting-Lu|100\/100\n|-ability|p2a: Ting-Lu|Vessel of Ruin\n|move|p1a: Ceruledge|Swords Dance|p1a: Ceruledge\n|-boost|p1a: Ceruledge|atk|2\n|\n|upkeep\n|turn|2\n|\n|t:|1700933945\n|move|p1a: Ceruledge|Bitter Blade|p2a: Ting-Lu\n|-damage|p2a: Ting-Lu|46\/100\n|move|p2a: Ting-Lu|Whirlwind|p1a: Ceruledge\n|drag|p1a: Bisharp|Bisharp, M|100\/100\n|\n|-heal|p2a: Ting-Lu|52\/100|[from] item: Leftovers\n|upkeep\n|turn|3\n|\n|t:|1700933977\n|switch|p1a: Samurott|Samurott-Hisui, F|100\/100\n|move|p2a: Ting-Lu|Earthquake|p1a: Samurott\n|-damage|p1a: Samurott|50\/100\n|\n|-heal|p2a: Ting-Lu|58\/100|[from] item: Leftovers\n|upkeep\n|turn|4\n|\n|t:|1700933995\n|switch|p2a: Dragapult|Dragapult, F|100\/100\n|move|p1a: Samurott|Razor Shell|p2a: Dragapult\n|-resisted|p2a: Dragapult\n|-damage|p2a: Dragapult|32\/100\n|\n|-heal|p2a: Dragapult|38\/100|[from] item: Leftovers\n|upkeep\n|turn|5\n|\n|t:|1700934011\n|switch|p1a: Bisharp|Bisharp, M|100\/100\n|move|p2a: Dragapult|Dragon Darts|p1a: Bisharp\n|-resisted|p1a: Bisharp\n|-damage|p1a: Bisharp|93\/100\n|-anim|p2a: Dragapult|Dragon Darts|p1a: Bisharp\n|-resisted|p1a: Bisharp\n|-damage|p1a: Bisharp|85\/100\n|\n|-heal|p2a: Dragapult|44\/100|[from] item: Leftovers\n|upkeep\n|turn|6\n|\n|t:|1700934023\n|switch|p2a: Cinderace|Cinderace, F|100\/100\n|move|p1a: Bisharp|Swords Dance|p1a: Bisharp\n|-boost|p1a: Bisharp|atk|2\n|\n|upkeep\n|turn|7\n|\n|t:|1700934029\n|move|p1a: Bisharp|Sucker Punch||[still]\n|-fail|p1a: Bisharp\n|move|p2a: Cinderace|Will-O-Wisp|p1a: Bisharp\n|-status|p1a: Bisharp|brn\n|\n|-damage|p1a: Bisharp|79\/100 brn|[from] brn\n|upkeep\n|turn|8\n|\n|t:|1700934033\n|move|p1a: Bisharp|Sucker Punch|p2a: Cinderace\n|-damage|p2a: Cinderace|49\/100\n|move|p2a: Cinderace|Pyro Ball|p1a: Bisharp\n|-supereffective|p1a: Bisharp\n|-damage|p1a: Bisharp|10\/100 brn\n|\n|-damage|p1a: Bisharp|4\/100 brn|[from] brn\n|upkeep\n|turn|9\n|\n|t:|1700934043\n|switch|p2a: Ting-Lu|Ting-Lu|58\/100\n|-ability|p2a: Ting-Lu|Vessel of Ruin\n|move|p1a: Bisharp|Night Slash|p2a: Ting-Lu\n|-resisted|p2a: Ting-Lu\n|-damage|p2a: Ting-Lu|47\/100\n|\n|-heal|p2a: Ting-Lu|53\/100|[from] item: Leftovers\n|-damage|p1a: Bisharp|0 fnt|[from] brn\n|faint|p1a: Bisharp\n|upkeep\n|\n|t:|1700934055\n|switch|p1a: Samurott|Samurott-Hisui, F|50\/100\n|turn|10\n|l|\u2606Amsnal\n|player|p1|\n|j|\u2606Amsnal\n|player|p1|Amsnal|1\n|\n|t:|1700934102\n|switch|p2a: Cinderace|Cinderace, F|49\/100\n|move|p1a: Samurott|Razor Shell|p2a: Cinderace\n|-supereffective|p2a: Cinderace\n|-damage|p2a: Cinderace|0 fnt\n|faint|p2a: Cinderace\n|\n|upkeep\n|\n|t:|1700934113\n|switch|p2a: Dragapult|Dragapult, F|44\/100\n|turn|11\n|inactive|Battle timer is ON: inactive players will automatically lose when time's up. (requested by mycatmadethat)\n|\n|t:|1700934131\n|switch|p1a: Ceruledge|Ceruledge, F|100\/100\n|move|p2a: Dragapult|Dragon Darts|p1a: Ceruledge\n|-damage|p1a: Ceruledge|71\/100\n|-ability|p1a: Ceruledge|Weak Armor|boost\n|-unboost|p1a: Ceruledge|def|1\n|-boost|p1a: Ceruledge|spe|2\n|-anim|p2a: Dragapult|Dragon Darts|p1a: Ceruledge\n|-damage|p1a: Ceruledge|24\/100\n|-ability|p1a: Ceruledge|Weak Armor|boost\n|-unboost|p1a: Ceruledge|def|1\n|-boost|p1a: Ceruledge|spe|2\n|\n|-heal|p2a: Dragapult|50\/100|[from] item: Leftovers\n|upkeep\n|turn|12\n|\n|t:|1700934148\n|switch|p2a: Ting-Lu|Ting-Lu|53\/100\n|-ability|p2a: Ting-Lu|Vessel of Ruin\n|move|p1a: Ceruledge|Bitter Blade|p2a: Ting-Lu\n|-damage|p2a: Ting-Lu|26\/100\n|-heal|p1a: Ceruledge|48\/100|[from] drain|[of] p2a: Ting-Lu\n|\n|-heal|p2a: Ting-Lu|32\/100|[from] item: Leftovers\n|upkeep\n|turn|13\n|\n|t:|1700934171\n|-terastallize|p1a: Ceruledge|Bug\n|move|p1a: Ceruledge|Swords Dance|p1a: Ceruledge\n|-boost|p1a: Ceruledge|atk|2\n|move|p2a: Ting-Lu|Earthquake|p1a: Ceruledge\n|-resisted|p1a: Ceruledge\n|-damage|p1a: Ceruledge|0 fnt\n|faint|p1a: Ceruledge\n|\n|-heal|p2a: Ting-Lu|38\/100|[from] item: Leftovers\n|upkeep\n|\n|t:|1700934179\n|switch|p1a: Samurott|Samurott-Hisui, F|50\/100\n|turn|14\n|\n|t:|1700934197\n|move|p1a: Samurott|Razor Shell|p2a: Ting-Lu\n|-supereffective|p2a: Ting-Lu\n|-damage|p2a: Ting-Lu|0 fnt\n|faint|p2a: Ting-Lu\n|\n|upkeep\n|\n|t:|1700934202\n|switch|p2a: Dragapult|Dragapult, F|50\/100\n|turn|15\n|\n|t:|1700934205\n|move|p2a: Dragapult|Dragon Darts|p1a: Samurott\n|-damage|p1a: Samurott|25\/100\n|-anim|p2a: Dragapult|Dragon Darts|p1a: Samurott\n|-damage|p1a: Samurott|0 fnt\n|faint|p1a: Samurott\n|\n|-heal|p2a: Dragapult|56\/100|[from] item: Leftovers\n|upkeep\n|\n|t:|1700934212\n|switch|p1a: Dragapult|Dragapult, M|100\/100\n|turn|16\n|\n|t:|1700934224\n|move|p1a: Dragapult|Thunder Wave|p2a: Dragapult\n|-status|p2a: Dragapult|par\n|move|p2a: Dragapult|Dragon Darts|p1a: Dragapult\n|-supereffective|p1a: Dragapult\n|-damage|p1a: Dragapult|49\/100\n|-anim|p2a: Dragapult|Dragon Darts|p1a: Dragapult\n|-supereffective|p1a: Dragapult\n|-damage|p1a: Dragapult|0 fnt\n|faint|p1a: Dragapult\n|\n|-heal|p2a: Dragapult|62\/100 par|[from] item: Leftovers\n|upkeep\n|\n|t:|1700934233\n|switch|p1a: Ogerpon|Ogerpon, F|100\/100\n|turn|17\n|\n|t:|1700934235\n|move|p1a: Ogerpon|Swords Dance|p1a: Ogerpon\n|-boost|p1a: Ogerpon|atk|2\n|move|p2a: Dragapult|Will-O-Wisp|p1a: Ogerpon\n|-status|p1a: Ogerpon|brn\n|\n|-heal|p2a: Dragapult|68\/100 par|[from] item: Leftovers\n|-damage|p1a: Ogerpon|95\/100 brn|[from] brn\n|upkeep\n|turn|18\n|\n|t:|1700934239\n|move|p1a: Ogerpon|Swords Dance|p1a: Ogerpon\n|-boost|p1a: Ogerpon|atk|2\n|move|p2a: Dragapult|Hex|p1a: Ogerpon\n|-damage|p1a: Ogerpon|33\/100 brn\n|\n|-heal|p2a: Dragapult|74\/100 par|[from] item: Leftovers\n|-damage|p1a: Ogerpon|27\/100 brn|[from] brn\n|upkeep\n|turn|19\n|\n|t:|1700934245\n|move|p1a: Ogerpon|Knock Off|p2a: Dragapult\n|-supereffective|p2a: Dragapult\n|-damage|p2a: Dragapult|0 fnt\n|-enditem|p2a: Dragapult|Leftovers|[from] move: Knock Off|[of] p1a: Ogerpon\n|faint|p2a: Dragapult\n|\n|-damage|p1a: Ogerpon|21\/100 brn|[from] brn\n|upkeep\n|\n|t:|1700934254\n|switch|p2a: Iron Valiant|Iron Valiant|100\/100\n|-enditem|p2a: Iron Valiant|Booster Energy\n|-activate|p2a: Iron Valiant|ability: Quark Drive|[fromitem]\n|-start|p2a: Iron Valiant|quarkdrivespe\n|turn|20\n|\n|t:|1700934261\n|move|p2a: Iron Valiant|Encore|p1a: Ogerpon\n|-start|p1a: Ogerpon|Encore\n|move|p1a: Ogerpon|Knock Off|p2a: Iron Valiant\n|-resisted|p2a: Iron Valiant\n|-damage|p2a: Iron Valiant|90\/100\n|\n|-damage|p1a: Ogerpon|15\/100 brn|[from] brn\n|upkeep\n|turn|21\n|-message|Amsnal forfeited.\n|\n|win|mycatmadethat\n|raw|Amsnal's rating: 1173 &rarr; <strong>1146<\/strong><br \/>(-27 for losing)\n|raw|mycatmadethat's rating: 1145 &rarr; <strong>1172<\/strong><br \/>(+27 for winning)\n|l|\u2606Amsnal\n","uploadtime":1700934269,"views":2,"p1id":"amsnal","p2id":"mycatmadethat","formatid":"gen9ou","rating":1146,"private":0,"password":""}