{"id":"gen9ou-1989359345","p1":"Skaraptor2.1","p2":"Xyon22","format":"[Gen 9] OU","log":"|j|\u2606Skaraptor2.1\n|j|\u2606Xyon22\n|t:|1699840507\n|gametype|singles\n|player|p1|Skaraptor2.1|emma|1251\n|player|p2|Xyon22|giovanni|1345\n|teamsize|p1|6\n|teamsize|p2|6\n|gen|9\n|tier|[Gen 9] OU\n|rated|\n|rule|Sleep Clause Mod: Limit one foe put to sleep\n|rule|Species Clause: Limit one of each Pok\u00e9mon\n|rule|OHKO Clause: OHKO moves are banned\n|rule|Evasion Items Clause: Evasion items are banned\n|rule|Evasion Moves Clause: Evasion moves are banned\n|rule|Endless Battle Clause: Forcing endless battles is banned\n|rule|HP Percentage Mod: HP is shown in percentages\n|clearpoke\n|poke|p1|Ribombee, M|\n|poke|p1|Ogerpon-Wellspring, F|\n|poke|p1|Iron Moth|\n|poke|p1|Zamazenta-*|\n|poke|p1|Iron Valiant|\n|poke|p1|Kingambit, F|\n|poke|p2|Heatran, M|\n|poke|p2|Garganacl, F|\n|poke|p2|Great Tusk|\n|poke|p2|Ogerpon-Wellspring, F|\n|poke|p2|Iron Valiant|\n|poke|p2|Dragonite, F|\n|teampreview\n|inactive|Battle timer is ON: inactive players will automatically lose when time's up. (requested by Skaraptor2.1)\n|\n|t:|1699840535\n|start\n|switch|p1a: Twink|Ribombee, M|100\/100\n|switch|p2a: Heatran|Heatran, M|100\/100\n|turn|1\n|\n|t:|1699840538\n|move|p1a: Twink|Skill Swap|p2a: Heatran\n|-activate|p1a: Twink|move: Skill Swap|Flash Fire|Shield Dust|[of] p2a: Heatran\n|move|p2a: Heatran|Magma Storm|p1a: Twink\n|-start|p1a: Twink|ability: Flash Fire\n|\n|upkeep\n|turn|2\n|\n|t:|1699840549\n|move|p1a: Twink|Stun Spore|p2a: Heatran\n|-status|p2a: Heatran|par\n|move|p2a: Heatran|Earth Power|p1a: Twink\n|-resisted|p1a: Twink\n|-damage|p1a: Twink|84\/100\n|\n|upkeep\n|turn|3\n|j| ChiYuSpaceCowboy\n|\n|t:|1699840560\n|switch|p2a: Garganacl|Garganacl, F|100\/100\n|move|p1a: Twink|Sticky Web|p2a: Garganacl\n|-sidestart|p2: Xyon22|move: Sticky Web\n|\n|upkeep\n|turn|4\n|c|\u2606Skaraptor2.1|God it would be the funniest fucking shit of all time if you just didn't have a non fire type move\n|\n|t:|1699840570\n|move|p1a: Twink|Skill Swap|p2a: Garganacl\n|-activate|p1a: Twink|move: Skill Swap|Purifying Salt|Flash Fire|[of] p2a: Garganacl\n|-end|p1a: Twink|ability: Flash Fire|[silent]\n|move|p2a: Garganacl|Salt Cure|p1a: Twink\n|-supereffective|p1a: Twink\n|-damage|p1a: Twink|37\/100\n|-start|p1a: Twink|Salt Cure\n|\n|-damage|p1a: Twink|24\/100|[from] Salt Cure\n|upkeep\n|turn|5\n|\n|t:|1699840576\n|move|p1a: Twink|Stun Spore|p2a: Garganacl\n|-status|p2a: Garganacl|par\n|cant|p2a: Garganacl|par\n|\n|-damage|p1a: Twink|12\/100|[from] Salt Cure\n|upkeep\n|turn|6\n|\n|t:|1699840580\n|move|p1a: Twink|Moonblast|p2a: Garganacl\n|-damage|p2a: Garganacl|80\/100 par\n|cant|p2a: Garganacl|par\n|\n|-heal|p2a: Garganacl|87\/100 par|[from] item: Leftovers\n|-damage|p1a: Twink|0 fnt|[from] Salt Cure\n|faint|p1a: Twink\n|upkeep\n|\n|t:|1699840590\n|switch|p1a: Solar Panels|Iron Moth|100\/100\n|-enditem|p1a: Solar Panels|Booster Energy\n|-activate|p1a: Solar Panels|ability: Quark Drive|[fromitem]\n|-start|p1a: Solar Panels|quarkdrivespe\n|turn|7\n|\n|t:|1699840594\n|move|p1a: Solar Panels|Substitute|p1a: Solar Panels\n|-start|p1a: Solar Panels|Substitute\n|-damage|p1a: Solar Panels|76\/100\n|move|p2a: Garganacl|Salt Cure|p1a: Solar Panels\n|-supereffective|p1a: Solar Panels\n|-end|p1a: Solar Panels|Substitute\n|\n|-heal|p2a: Garganacl|93\/100 par|[from] item: Leftovers\n|upkeep\n|turn|8\n|\n|t:|1699840598\n|-terastallize|p1a: Solar Panels|Fairy\n|move|p1a: Solar Panels|Substitute|p1a: Solar Panels\n|-start|p1a: Solar Panels|Substitute\n|-damage|p1a: Solar Panels|51\/100\n|move|p2a: Garganacl|Salt Cure|p1a: Solar Panels\n|-activate|p1a: Solar Panels|move: Substitute|[damage]\n|\n|-heal|p2a: Garganacl|99\/100 par|[from] item: Leftovers\n|upkeep\n|turn|9\n|\n|t:|1699840602\n|move|p1a: Solar Panels|Fiery Dance|p2a: Garganacl\n|-start|p2a: Garganacl|ability: Flash Fire\n|move|p2a: Garganacl|Salt Cure|p1a: Solar Panels\n|-end|p1a: Solar Panels|Substitute\n|\n|-heal|p2a: Garganacl|100\/100 par|[from] item: Leftovers\n|upkeep\n|turn|10\n|\n|t:|1699840606\n|move|p1a: Solar Panels|Energy Ball|p2a: Garganacl\n|-supereffective|p2a: Garganacl\n|-damage|p2a: Garganacl|58\/100 par\n|move|p2a: Garganacl|Salt Cure|p1a: Solar Panels\n|-damage|p1a: Solar Panels|24\/100\n|-start|p1a: Solar Panels|Salt Cure\n|\n|-heal|p2a: Garganacl|65\/100 par|[from] item: Leftovers\n|-damage|p1a: Solar Panels|12\/100|[from] Salt Cure\n|upkeep\n|turn|11\n|c|\u2606Skaraptor2.1|Right fuck\n|c|\u2606Skaraptor2.1|I forgot to press skill swap again\n|-message|Skaraptor2.1 forfeited.\n|\n|win|Xyon22\n|raw|Skaraptor2.1's rating: 1251 &rarr; <strong>1233<\/strong><br \/>(-18 for losing)\n|raw|Xyon22's rating: 1345 &rarr; <strong>1360<\/strong><br \/>(+15 for winning)\n|l|\u2606Skaraptor2.1\n|l|\u2606Xyon22\n|c| ChiYuSpaceCowboy|lol\n|c| ChiYuSpaceCowboy|embarrassing\n","uploadtime":1699840638,"views":6,"p1id":"skaraptor21","p2id":"xyon22","formatid":"gen9ou","rating":1233,"private":0,"password":""}