{"id":"gen9ou-1993046340","p1":"DeepFriedMagikarp","p2":"vagmak","format":"[Gen 9] OU","log":"|j|\u2606DeepFriedMagikarp\n|j|\u2606vagmak\n|t:|1700258832\n|gametype|singles\n|player|p1|DeepFriedMagikarp|ninjaboy|1765\n|player|p2|vagmak|steven|1678\n|teamsize|p1|6\n|teamsize|p2|6\n|gen|9\n|tier|[Gen 9] OU\n|rated|\n|rule|Sleep Clause Mod: Limit one foe put to sleep\n|rule|Species Clause: Limit one of each Pok\u00e9mon\n|rule|OHKO Clause: OHKO moves are banned\n|rule|Evasion Items Clause: Evasion items are banned\n|rule|Evasion Moves Clause: Evasion moves are banned\n|rule|Endless Battle Clause: Forcing endless battles is banned\n|rule|HP Percentage Mod: HP is shown in percentages\n|clearpoke\n|poke|p1|Maushold|\n|poke|p1|Rillaboom, M|\n|poke|p1|Great Tusk|\n|poke|p1|Heatran, M|\n|poke|p1|Enamorus, F|\n|poke|p1|Kingambit, F|\n|poke|p2|Iron Valiant|\n|poke|p2|Azumarill, F|\n|poke|p2|Heatran, F|\n|poke|p2|Kingambit, M|\n|poke|p2|Ninetales-Alola, M|\n|poke|p2|Manaphy|\n|teampreview\n|inactive|Battle timer is ON: inactive players will automatically lose when time's up. (requested by DeepFriedMagikarp)\n|j| YB is BETTER\n|inactive|DeepFriedMagikarp has 120 seconds left.\n|\n|t:|1700258886\n|start\n|switch|p1a: Heatran|Heatran, M|100\/100\n|switch|p2a: Heatran|Heatran, F|100\/100\n|turn|1\n|\n|t:|1700258892\n|move|p1a: Heatran|Earth Power|p2a: Heatran\n|-supereffective|p2a: Heatran\n|-crit|p2a: Heatran\n|-damage|p2a: Heatran|0 fnt\n|faint|p2a: Heatran\n|\n|upkeep\n|j| PedroPicaMierda\n|l| PedroPicaMierda\n|\n|t:|1700258907\n|switch|p2a: Iron Valiant|Iron Valiant|100\/100\n|-enditem|p2a: Iron Valiant|Booster Energy\n|-activate|p2a: Iron Valiant|ability: Quark Drive|[fromitem]\n|-start|p2a: Iron Valiant|quarkdrivespe\n|turn|2\n|\n|t:|1700258912\n|move|p2a: Iron Valiant|Close Combat|p1a: Heatran\n|-supereffective|p1a: Heatran\n|-damage|p1a: Heatran|0 fnt\n|-unboost|p2a: Iron Valiant|def|1\n|-unboost|p2a: Iron Valiant|spd|1\n|faint|p1a: Heatran\n|\n|upkeep\n|\n|t:|1700258916\n|switch|p1a: Rillaboom|Rillaboom, M|100\/100\n|-fieldstart|move: Grassy Terrain|[from] ability: Grassy Surge|[of] p1a: Rillaboom\n|turn|3\n|j| BrothaOptions\n|\n|t:|1700258928\n|-end|p2a: Iron Valiant|Quark Drive|[silent]\n|switch|p2a: Kingambit|Kingambit, M|100\/100\n|-activate|p2a: Kingambit|ability: Supreme Overlord\n|-start|p2a: Kingambit|fallen1|[silent]\n|move|p1a: Rillaboom|Grassy Glide|p2a: Kingambit\n|-resisted|p2a: Kingambit\n|-damage|p2a: Kingambit|81\/100\n|\n|-heal|p2a: Kingambit|87\/100|[from] Grassy Terrain\n|upkeep\n|turn|4\n|\n|t:|1700258932\n|switch|p1a: Great Tusk|Great Tusk|100\/100\n|move|p2a: Kingambit|Kowtow Cleave|p1a: Great Tusk\n|-resisted|p1a: Great Tusk\n|-damage|p1a: Great Tusk|79\/100\n|\n|-heal|p1a: Great Tusk|86\/100|[from] Grassy Terrain\n|-heal|p1a: Great Tusk|92\/100|[from] item: Leftovers\n|-heal|p2a: Kingambit|93\/100|[from] Grassy Terrain\n|upkeep\n|turn|5\n|\n|t:|1700258936\n|-end|p2a: Kingambit|fallen1|[silent]\n|switch|p2a: Ninetales|Ninetales-Alola, M|100\/100\n|-weather|Snow|[from] ability: Snow Warning|[of] p2a: Ninetales\n|move|p1a: Great Tusk|Bulk Up|p1a: Great Tusk\n|-boost|p1a: Great Tusk|atk|1\n|-boost|p1a: Great Tusk|def|1\n|\n|-weather|Snow|[upkeep]\n|-heal|p1a: Great Tusk|98\/100|[from] Grassy Terrain\n|-heal|p1a: Great Tusk|100\/100|[from] item: Leftovers\n|upkeep\n|turn|6\n|\n|t:|1700258943\n|move|p2a: Ninetales|Hypnosis|p1a: Great Tusk|[miss]\n|-miss|p2a: Ninetales|p1a: Great Tusk\n|move|p1a: Great Tusk|Headlong Rush|p2a: Ninetales\n|-damage|p2a: Ninetales|16\/100\n|-unboost|p1a: Great Tusk|def|1\n|-unboost|p1a: Great Tusk|spd|1\n|\n|-weather|Snow|[upkeep]\n|-heal|p2a: Ninetales|22\/100|[from] Grassy Terrain\n|upkeep\n|turn|7\n|\n|t:|1700258950\n|-end|p1a: Great Tusk|Protosynthesis|[silent]\n|switch|p1a: Maushold|Maushold|100\/100\n|move|p2a: Ninetales|Hypnosis|p1a: Maushold\n|-status|p1a: Maushold|slp|[from] move: Hypnosis\n|\n|-weather|Snow|[upkeep]\n|-heal|p2a: Ninetales|28\/100|[from] Grassy Terrain\n|-fieldend|move: Grassy Terrain\n|upkeep\n|turn|8\n|\n|t:|1700258953\n|cant|p1a: Maushold|slp\n|move|p2a: Ninetales|Aurora Veil|p2a: Ninetales\n|-sidestart|p2: vagmak|move: Aurora Veil\n|\n|-weather|Snow|[upkeep]\n|upkeep\n|turn|9\n|\n|t:|1700258955\n|cant|p1a: Maushold|slp\n|move|p2a: Ninetales|Moonblast|p1a: Maushold\n|-damage|p1a: Maushold|45\/100 slp\n|-unboost|p1a: Maushold|spa|1\n|\n|-weather|none\n|upkeep\n|turn|10\n|\n|t:|1700258958\n|-curestatus|p1a: Maushold|slp|[msg]\n|move|p1a: Maushold|Population Bomb|p2a: Ninetales\n|-damage|p2a: Ninetales|20\/100\n|-damage|p2a: Ninetales|12\/100\n|-damage|p2a: Ninetales|3\/100\n|-damage|p2a: Ninetales|0 fnt\n|faint|p2a: Ninetales\n|-hitcount|p2: Ninetales|4\n|\n|upkeep\n|\n|t:|1700258961\n|switch|p2a: Manaphy|Manaphy|100\/100\n|turn|11\n|\n|t:|1700258964\n|move|p1a: Maushold|Population Bomb|p2a: Manaphy\n|-crit|p2a: Manaphy\n|-damage|p2a: Manaphy|84\/100\n|-damage|p2a: Manaphy|78\/100\n|-damage|p2a: Manaphy|72\/100\n|-damage|p2a: Manaphy|67\/100\n|-damage|p2a: Manaphy|62\/100\n|-damage|p2a: Manaphy|56\/100\n|-damage|p2a: Manaphy|51\/100\n|-damage|p2a: Manaphy|45\/100\n|-damage|p2a: Manaphy|40\/100\n|-damage|p2a: Manaphy|34\/100\n|-hitcount|p2a: Manaphy|10\n|move|p2a: Manaphy|Tail Glow|p2a: Manaphy\n|-boost|p2a: Manaphy|spa|3\n|\n|-heal|p2a: Manaphy|41\/100|[from] item: Leftovers\n|upkeep\n|turn|12\n|\n|t:|1700258968\n|move|p1a: Maushold|Encore|p2a: Manaphy\n|-start|p2a: Manaphy|Encore\n|move|p2a: Manaphy|Tail Glow|p2a: Manaphy\n|-boost|p2a: Manaphy|spa|3\n|\n|-heal|p2a: Manaphy|47\/100|[from] item: Leftovers\n|upkeep\n|turn|13\n|\n|t:|1700258973\n|switch|p2a: Kingambit|Kingambit, M|93\/100\n|-activate|p2a: Kingambit|ability: Supreme Overlord\n|-start|p2a: Kingambit|fallen2|[silent]\n|move|p1a: Maushold|Tidy Up|p1a: Maushold\n|-boost|p1a: Maushold|atk|1\n|-boost|p1a: Maushold|spe|1\n|\n|upkeep\n|turn|14\n|\n|t:|1700258977\n|switch|p1a: Great Tusk|Great Tusk|100\/100\n|move|p2a: Kingambit|Kowtow Cleave|p1a: Great Tusk\n|-resisted|p1a: Great Tusk\n|-damage|p1a: Great Tusk|77\/100\n|\n|-heal|p1a: Great Tusk|83\/100|[from] item: Leftovers\n|upkeep\n|turn|15\n|\n|t:|1700258982\n|-end|p2a: Kingambit|fallen2|[silent]\n|switch|p2a: Manaphy|Manaphy|47\/100\n|move|p1a: Great Tusk|Rapid Spin|p2a: Manaphy\n|-damage|p2a: Manaphy|40\/100\n|-boost|p1a: Great Tusk|spe|1\n|\n|-heal|p1a: Great Tusk|89\/100|[from] item: Leftovers\n|-heal|p2a: Manaphy|46\/100|[from] item: Leftovers\n|-sideend|p2: vagmak|move: Aurora Veil\n|upkeep\n|turn|16\n|\n|t:|1700258985\n|move|p1a: Great Tusk|Headlong Rush|p2a: Manaphy\n|-damage|p2a: Manaphy|0 fnt\n|-unboost|p1a: Great Tusk|def|1\n|-unboost|p1a: Great Tusk|spd|1\n|faint|p2a: Manaphy\n|\n|-heal|p1a: Great Tusk|95\/100|[from] item: Leftovers\n|upkeep\n|\n|t:|1700258988\n|switch|p2a: Azumarill|Azumarill, F|100\/100\n|turn|17\n|\n|t:|1700258996\n|move|p1a: Great Tusk|Headlong Rush|p2a: Azumarill\n|-damage|p2a: Azumarill|50\/100\n|-unboost|p1a: Great Tusk|def|1\n|-unboost|p1a: Great Tusk|spd|1\n|-enditem|p2a: Azumarill|Sitrus Berry|[eat]\n|-heal|p2a: Azumarill|75\/100|[from] item: Sitrus Berry\n|move|p2a: Azumarill|Play Rough|p1a: Great Tusk\n|-supereffective|p1a: Great Tusk\n|-damage|p1a: Great Tusk|0 fnt\n|faint|p1a: Great Tusk\n|-end|p1a: Great Tusk|Protosynthesis|[silent]\n|\n|upkeep\n|\n|t:|1700258998\n|switch|p1a: Rillaboom|Rillaboom, M|100\/100\n|-fieldstart|move: Grassy Terrain|[from] ability: Grassy Surge|[of] p1a: Rillaboom\n|turn|18\n|\n|t:|1700259002\n|switch|p2a: Kingambit|Kingambit, M|93\/100\n|-activate|p2a: Kingambit|ability: Supreme Overlord\n|-start|p2a: Kingambit|fallen3|[silent]\n|move|p1a: Rillaboom|U-turn|p2a: Kingambit\n|-damage|p2a: Kingambit|64\/100\n|\n|t:|1700259005\n|switch|p1a: Enamorus|Enamorus, F|100\/100|[from] U-turn\n|\n|-heal|p2a: Kingambit|71\/100|[from] Grassy Terrain\n|upkeep\n|turn|19\n|\n|t:|1700259009\n|-terastallize|p2a: Kingambit|Fairy\n|move|p1a: Enamorus|Moonblast|p2a: Kingambit\n|-crit|p2a: Kingambit\n|-damage|p2a: Kingambit|0 fnt\n|faint|p2a: Kingambit\n|-end|p2a: Kingambit|fallen3|[silent]\n|\n|upkeep\n|\n|t:|1700259015\n|switch|p2a: Azumarill|Azumarill, F|75\/100\n|turn|20\n|\n|t:|1700259018\n|move|p1a: Enamorus|Moonblast|p2a: Azumarill\n|-damage|p2a: Azumarill|24\/100\n|-unboost|p2a: Azumarill|spa|1\n|move|p2a: Azumarill|Play Rough|p1a: Enamorus\n|-crit|p1a: Enamorus\n|-damage|p1a: Enamorus|0 fnt\n|faint|p1a: Enamorus\n|\n|-heal|p2a: Azumarill|30\/100|[from] Grassy Terrain\n|upkeep\n|\n|t:|1700259021\n|switch|p1a: Rillaboom|Rillaboom, M|100\/100\n|turn|21\n|\n|t:|1700259024\n|move|p1a: Rillaboom|Grassy Glide|p2a: Azumarill\n|-supereffective|p2a: Azumarill\n|-damage|p2a: Azumarill|0 fnt\n|faint|p2a: Azumarill\n|\n|upkeep\n|\n|t:|1700259027\n|switch|p2a: Iron Valiant|Iron Valiant|100\/100\n|turn|22\n|\n|t:|1700259031\n|-terastallize|p1a: Rillaboom|Grass\n|move|p1a: Rillaboom|Grassy Glide|p2a: Iron Valiant\n|-damage|p2a: Iron Valiant|5\/100\n|move|p2a: Iron Valiant|Close Combat|p1a: Rillaboom\n|-damage|p1a: Rillaboom|34\/100\n|-unboost|p2a: Iron Valiant|def|1\n|-unboost|p2a: Iron Valiant|spd|1\n|\n|-heal|p2a: Iron Valiant|11\/100|[from] Grassy Terrain\n|-heal|p1a: Rillaboom|40\/100|[from] Grassy Terrain\n|-fieldend|move: Grassy Terrain\n|upkeep\n|turn|23\n|\n|t:|1700259036\n|switch|p1a: Maushold|Maushold|45\/100\n|move|p2a: Iron Valiant|Close Combat|p1a: Maushold\n|-supereffective|p1a: Maushold\n|-damage|p1a: Maushold|0 fnt\n|-unboost|p2a: Iron Valiant|def|1\n|-unboost|p2a: Iron Valiant|spd|1\n|faint|p1a: Maushold\n|\n|upkeep\n|\n|t:|1700259038\n|switch|p1a: Rillaboom|Rillaboom, M, tera:Grass|40\/100\n|-fieldstart|move: Grassy Terrain|[from] ability: Grassy Surge|[of] p1a: Rillaboom\n|turn|24\n|\n|t:|1700259040\n|move|p1a: Rillaboom|Grassy Glide|p2a: Iron Valiant\n|-crit|p2a: Iron Valiant\n|-damage|p2a: Iron Valiant|0 fnt\n|faint|p2a: Iron Valiant\n|-end|p2a: Iron Valiant|Quark Drive|[silent]\n|\n|win|DeepFriedMagikarp\n|raw|DeepFriedMagikarp's rating: 1765 &rarr; <strong>1780<\/strong><br \/>(+15 for winning)\n|raw|vagmak's rating: 1678 &rarr; <strong>1663<\/strong><br \/>(-15 for losing)\n|l|\u2606DeepFriedMagikarp\n|l|\u2606vagmak\n|l| YB is BETTER\n|j| YB is BETTER\n","uploadtime":1700259186,"views":12,"p1id":"deepfriedmagikarp","p2id":"vagmak","formatid":"gen9ou","rating":1663,"private":0,"password":""}