{"id":"gen9ou-1995177290","p1":"akakPUMPKIN","p2":"PLAYB0I R0BBIE B","format":"[Gen 9] OU","log":"|j|\u2606akakPUMPKIN\n|j|\u2606PLAYB0I R0BBIE B\n|t:|1700531247\n|gametype|singles\n|player|p1|akakPUMPKIN|doubleteam|1379\n|player|p2|PLAYB0I R0BBIE B|eusine|1323\n|teamsize|p1|6\n|teamsize|p2|6\n|gen|9\n|tier|[Gen 9] OU\n|rated|\n|rule|Sleep Clause Mod: Limit one foe put to sleep\n|rule|Species Clause: Limit one of each Pok\u00e9mon\n|rule|OHKO Clause: OHKO moves are banned\n|rule|Evasion Items Clause: Evasion items are banned\n|rule|Evasion Moves Clause: Evasion moves are banned\n|rule|Endless Battle Clause: Forcing endless battles is banned\n|rule|HP Percentage Mod: HP is shown in percentages\n|clearpoke\n|poke|p1|Amoonguss, F|\n|poke|p1|Gholdengo|\n|poke|p1|Zamazenta-*|\n|poke|p1|Ting-Lu|\n|poke|p1|Zapdos|\n|poke|p1|Slowking, F|\n|poke|p2|Meowscarada, F|\n|poke|p2|Heatran, F|\n|poke|p2|Thundurus-Therian, M|\n|poke|p2|Dragapult, F|\n|poke|p2|Great Tusk|\n|poke|p2|Azumarill, F|\n|teampreview\n|inactive|Battle timer is ON: inactive players will automatically lose when time's up. (requested by akakPUMPKIN)\n|inactive|akakPUMPKIN has 120 seconds left.\n|\n|t:|1700531287\n|start\n|switch|p1a: Zapdos|Zapdos|100\/100\n|switch|p2a: 5% TINT|Heatran, F|100\/100\n|-item|p2a: 5% TINT|Air Balloon\n|turn|1\n|\n|t:|1700531292\n|switch|p2a: ASTROTHUNDER|Thundurus-Therian, M|100\/100\n|move|p1a: Zapdos|Volt Switch|p2a: ASTROTHUNDER\n|-immune|p2a: ASTROTHUNDER|[from] ability: Volt Absorb\n|\n|upkeep\n|turn|2\n|\n|t:|1700531299\n|switch|p1a: Ting-Lu|Ting-Lu|100\/100\n|-ability|p1a: Ting-Lu|Vessel of Ruin\n|-terastallize|p2a: ASTROTHUNDER|Flying\n|move|p2a: ASTROTHUNDER|Tera Blast|p1a: Ting-Lu|[anim] Tera Blast Flying\n|-crit|p1a: Ting-Lu\n|-damage|p1a: Ting-Lu|41\/100\n|\n|upkeep\n|turn|3\n|\n|t:|1700531312\n|switch|p2a: CAN'T SAY|Azumarill, F|100\/100\n|switch|p1a: Slowking|Slowking, F|100\/100\n|\n|upkeep\n|turn|4\n|\n|t:|1700531317\n|move|p2a: CAN'T SAY|Ice Spinner|p1a: Slowking\n|-resisted|p1a: Slowking\n|-damage|p1a: Slowking|83\/100\n|move|p1a: Slowking|Chilly Reception|p1a: Slowking\n|-weather|Snow\n|\n|t:|1700531324\n|switch|p1a: Gholdengo|Gholdengo|100\/100|[from] Chilly Reception\n|\n|-weather|Snow|[upkeep]\n|upkeep\n|turn|5\n|\n|t:|1700531332\n|-terastallize|p1a: Gholdengo|Ghost\n|move|p1a: Gholdengo|Shadow Ball|p2a: CAN'T SAY\n|-damage|p2a: CAN'T SAY|43\/100\n|-unboost|p2a: CAN'T SAY|spd|1\n|move|p2a: CAN'T SAY|Liquidation|p1a: Gholdengo\n|-damage|p1a: Gholdengo|40\/100\n|\n|-weather|Snow|[upkeep]\n|upkeep\n|turn|6\n|\n|t:|1700531341\n|move|p2a: CAN'T SAY|Aqua Jet|p1a: Gholdengo\n|-damage|p1a: Gholdengo|10\/100\n|move|p1a: Gholdengo|Shadow Ball|p2a: CAN'T SAY\n|-damage|p2a: CAN'T SAY|0 fnt\n|faint|p2a: CAN'T SAY\n|\n|-weather|Snow|[upkeep]\n|upkeep\n|\n|t:|1700531347\n|switch|p2a: NO BYSTANDERS|Dragapult, F|100\/100\n|turn|7\n|\n|t:|1700531350\n|switch|p1a: Ting-Lu|Ting-Lu|41\/100\n|-ability|p1a: Ting-Lu|Vessel of Ruin\n|move|p2a: NO BYSTANDERS|Hex|p1a: Ting-Lu\n|-resisted|p1a: Ting-Lu\n|-damage|p1a: Ting-Lu|35\/100\n|\n|-weather|Snow|[upkeep]\n|upkeep\n|turn|8\n|\n|t:|1700531354\n|move|p2a: NO BYSTANDERS|U-turn|p1a: Ting-Lu\n|-supereffective|p1a: Ting-Lu\n|-damage|p1a: Ting-Lu|15\/100\n|\n|t:|1700531357\n|switch|p2a: YOSEMITE|Great Tusk|100\/100|[from] U-turn\n|move|p1a: Ting-Lu|Stealth Rock|p2a: YOSEMITE\n|-sidestart|p2: PLAYB0I R0BBIE B|move: Stealth Rock\n|\n|-weather|none\n|upkeep\n|turn|9\n|-message|akakPUMPKIN forfeited.\n|\n|win|PLAYB0I R0BBIE B\n|raw|akakPUMPKIN's rating: 1398 &rarr; <strong>1374<\/strong><br \/>(-24 for losing)\n|raw|PLAYB0I R0BBIE B's rating: 1323 &rarr; <strong>1347<\/strong><br \/>(+24 for winning)\n|l|\u2606akakPUMPKIN\n","uploadtime":1700531366,"views":5,"p1id":"akakpumpkin","p2id":"playb0ir0bbieb","formatid":"gen9ou","rating":1347,"private":0,"password":""}