{"id":"gen9ou-1996674750","p1":"Username momento","p2":"mathismathin","format":"[Gen 9] OU","log":"|j|\u2606Username momento\n|j|\u2606mathismathin\n|t:|1700708179\n|gametype|singles\n|player|p1|Username momento|ninjaboy|1530\n|player|p2|mathismathin|nate|1673\n|teamsize|p1|6\n|teamsize|p2|6\n|gen|9\n|tier|[Gen 9] OU\n|rated|\n|rule|Sleep Clause Mod: Limit one foe put to sleep\n|rule|Species Clause: Limit one of each Pok\u00e9mon\n|rule|OHKO Clause: OHKO moves are banned\n|rule|Evasion Items Clause: Evasion items are banned\n|rule|Evasion Moves Clause: Evasion moves are banned\n|rule|Endless Battle Clause: Forcing endless battles is banned\n|rule|HP Percentage Mod: HP is shown in percentages\n|clearpoke\n|poke|p1|Meowscarada, M|\n|poke|p1|Kingambit, M|\n|poke|p1|Zapdos|\n|poke|p1|Zamazenta-*|\n|poke|p1|Great Tusk|\n|poke|p1|Iron Moth|\n|poke|p2|Amoonguss, M|\n|poke|p2|Walking Wake|\n|poke|p2|Corviknight, F|\n|poke|p2|Blissey, F|\n|poke|p2|Heatran, F|\n|poke|p2|Kingambit, M|\n|teampreview\n|\n|t:|1700708186\n|start\n|switch|p1a: Meowscarada|Meowscarada, M|100\/100\n|switch|p2a: Heatran|Heatran, F|100\/100\n|turn|1\n|\n|t:|1700708191\n|move|p1a: Meowscarada|U-turn|p2a: Heatran\n|-start|p1a: Meowscarada|typechange|Bug|[from] ability: Protean\n|-resisted|p2a: Heatran\n|-damage|p2a: Heatran|91\/100\n|\n|t:|1700708194\n|switch|p1a: Zapdos|Zapdos|100\/100|[from] U-turn\n|move|p2a: Heatran|Magma Storm|p1a: Zapdos\n|-damage|p1a: Zapdos|53\/100\n|-activate|p1a: Zapdos|move: Magma Storm|[of] p2a: Heatran\n|\n|-heal|p2a: Heatran|97\/100|[from] item: Leftovers\n|-damage|p1a: Zapdos|41\/100|[from] move: Magma Storm|[partiallytrapped]\n|upkeep\n|turn|2\n|\n|t:|1700708200\n|move|p1a: Zapdos|Volt Switch|p2a: Heatran\n|-damage|p2a: Heatran|73\/100\n|\n|t:|1700708202\n|switch|p1a: Iron Moth|Iron Moth|100\/100|[from] Volt Switch\n|-enditem|p1a: Iron Moth|Booster Energy\n|-activate|p1a: Iron Moth|ability: Quark Drive|[fromitem]\n|-start|p1a: Iron Moth|quarkdrivespe\n|move|p2a: Heatran|Earth Power|p1a: Iron Moth\n|-supereffective|p1a: Iron Moth\n|-damage|p1a: Iron Moth|0 fnt\n|faint|p1a: Iron Moth\n|-end|p1a: Iron Moth|Quark Drive|[silent]\n|\n|-heal|p2a: Heatran|79\/100|[from] item: Leftovers\n|upkeep\n|\n|t:|1700708205\n|switch|p1a: Zamazenta|Zamazenta|100\/100\n|-ability|p1a: Zamazenta|Dauntless Shield|boost\n|-boost|p1a: Zamazenta|def|1\n|turn|3\n|\n|t:|1700708209\n|switch|p2a: Amoonguss|Amoonguss, M|100\/100\n|move|p1a: Zamazenta|Body Press|p2a: Amoonguss\n|-resisted|p2a: Amoonguss\n|-damage|p2a: Amoonguss|80\/100\n|\n|upkeep\n|turn|4\n|\n|t:|1700708214\n|switch|p1a: Meowscarada|Meowscarada, M|100\/100\n|move|p2a: Amoonguss|Grass Knot|p1a: Meowscarada\n|-resisted|p1a: Meowscarada\n|-damage|p1a: Meowscarada|86\/100\n|\n|upkeep\n|turn|5\n|\n|t:|1700708216\n|move|p1a: Meowscarada|U-turn|p2a: Amoonguss\n|-start|p1a: Meowscarada|typechange|Bug|[from] ability: Protean\n|-damage|p2a: Amoonguss|46\/100\n|\n|t:|1700708222\n|switch|p1a: Great Tusk|Great Tusk|100\/100|[from] U-turn\n|move|p2a: Amoonguss|Clear Smog|p1a: Great Tusk\n|-resisted|p1a: Great Tusk\n|-damage|p1a: Great Tusk|93\/100\n|-clearboost|p1a: Great Tusk\n|\n|upkeep\n|turn|6\n|\n|t:|1700708224\n|switch|p2a: Corviknight|Corviknight, F|100\/100\n|-ability|p2a: Corviknight|Pressure\n|move|p1a: Great Tusk|Knock Off|p2a: Corviknight\n|-damage|p2a: Corviknight|80\/100\n|-enditem|p2a: Corviknight|Leftovers|[from] move: Knock Off|[of] p1a: Great Tusk\n|\n|upkeep\n|turn|7\n|\n|t:|1700708230\n|move|p1a: Great Tusk|Rapid Spin|p2a: Corviknight\n|-resisted|p2a: Corviknight\n|-damage|p2a: Corviknight|74\/100\n|-boost|p1a: Great Tusk|spe|1\n|move|p2a: Corviknight|Roost|p2a: Corviknight\n|-heal|p2a: Corviknight|100\/100\n|-singleturn|p2a: Corviknight|move: Roost\n|\n|upkeep\n|turn|8\n|\n|t:|1700708233\n|move|p1a: Great Tusk|Knock Off|p2a: Corviknight\n|-damage|p2a: Corviknight|85\/100\n|move|p2a: Corviknight|Iron Defense|p2a: Corviknight\n|-boost|p2a: Corviknight|def|2\n|\n|upkeep\n|turn|9\n|inactive|Battle timer is ON: inactive players will automatically lose when time's up. (requested by Username momento)\n|\n|t:|1700708246\n|-end|p1a: Great Tusk|Protosynthesis|[silent]\n|switch|p1a: Zapdos|Zapdos|41\/100\n|move|p2a: Corviknight|Body Press|p1a: Zapdos\n|-resisted|p1a: Zapdos\n|-damage|p1a: Zapdos|23\/100\n|\n|upkeep\n|turn|10\n|\n|t:|1700708251\n|switch|p2a: Blissey|Blissey, F|100\/100\n|move|p1a: Zapdos|Roost|p1a: Zapdos\n|-heal|p1a: Zapdos|73\/100\n|-singleturn|p1a: Zapdos|move: Roost\n|\n|upkeep\n|turn|11\n|\n|t:|1700708253\n|move|p1a: Zapdos|Discharge|p2a: Blissey\n|-damage|p2a: Blissey|89\/100\n|move|p2a: Blissey|Stealth Rock|p1a: Zapdos\n|-sidestart|p1: Username momento|move: Stealth Rock\n|\n|upkeep\n|turn|12\n|\n|t:|1700708257\n|move|p1a: Zapdos|Discharge|p2a: Blissey\n|-damage|p2a: Blissey|78\/100\n|-status|p2a: Blissey|par\n|move|p2a: Blissey|Seismic Toss|p1a: Zapdos\n|-damage|p1a: Zapdos|47\/100\n|\n|upkeep\n|turn|13\n|\n|t:|1700708263\n|move|p1a: Zapdos|Roost|p1a: Zapdos\n|-heal|p1a: Zapdos|97\/100\n|-singleturn|p1a: Zapdos|move: Roost\n|move|p2a: Blissey|Seismic Toss|p1a: Zapdos\n|-damage|p1a: Zapdos|71\/100\n|\n|upkeep\n|turn|14\n|\n|t:|1700708266\n|move|p1a: Zapdos|Hurricane|p2a: Blissey\n|-damage|p2a: Blissey|63\/100 par\n|move|p2a: Blissey|Seismic Toss|p1a: Zapdos\n|-damage|p1a: Zapdos|45\/100\n|\n|upkeep\n|turn|15\n|\n|t:|1700708273\n|move|p1a: Zapdos|Hurricane|p2a: Blissey\n|-damage|p2a: Blissey|48\/100 par\n|move|p2a: Blissey|Seismic Toss|p1a: Zapdos\n|-damage|p1a: Zapdos|18\/100\n|\n|upkeep\n|turn|16\n|\n|t:|1700708278\n|move|p1a: Zapdos|Roost|p1a: Zapdos\n|-heal|p1a: Zapdos|68\/100\n|-singleturn|p1a: Zapdos|move: Roost\n|cant|p2a: Blissey|par\n|\n|upkeep\n|turn|17\n|\n|t:|1700708281\n|move|p1a: Zapdos|Volt Switch|p2a: Blissey\n|-damage|p2a: Blissey|38\/100 par\n|\n|t:|1700708290\n|switch|p1a: Meowscarada|Meowscarada, M|86\/100|[from] Volt Switch\n|-damage|p1a: Meowscarada|74\/100|[from] Stealth Rock\n|cant|p2a: Blissey|par\n|\n|upkeep\n|turn|18\n|inactive|mathismathin has 120 seconds left.\n|\n|t:|1700708321\n|-curestatus|p2a: Blissey|par|[from] ability: Natural Cure\n|switch|p2a: Corviknight|Corviknight, F|85\/100\n|-ability|p2a: Corviknight|Pressure\n|move|p1a: Meowscarada|U-turn|p2a: Corviknight\n|-start|p1a: Meowscarada|typechange|Bug|[from] ability: Protean\n|-resisted|p2a: Corviknight\n|-damage|p2a: Corviknight|77\/100\n|\n|t:|1700708335\n|switch|p1a: Zapdos|Zapdos|68\/100|[from] U-turn\n|\n|upkeep\n|turn|19\n|\n|t:|1700708339\n|switch|p2a: Blissey|Blissey, F|38\/100\n|move|p1a: Zapdos|Volt Switch|p2a: Blissey\n|-damage|p2a: Blissey|29\/100\n|\n|t:|1700708344\n|switch|p1a: Meowscarada|Meowscarada, M|74\/100|[from] Volt Switch\n|-damage|p1a: Meowscarada|61\/100|[from] Stealth Rock\n|\n|upkeep\n|turn|20\n|\n|t:|1700708360\n|switch|p2a: Amoonguss|Amoonguss, M|79\/100\n|move|p1a: Meowscarada|U-turn|p2a: Amoonguss\n|-start|p1a: Meowscarada|typechange|Bug|[from] ability: Protean\n|-damage|p2a: Amoonguss|42\/100\n|\n|t:|1700708368\n|switch|p1a: Kingambit|Kingambit, M|100\/100|[from] U-turn\n|-damage|p1a: Kingambit|94\/100|[from] Stealth Rock\n|-activate|p1a: Kingambit|ability: Supreme Overlord\n|-start|p1a: Kingambit|fallen1|[silent]\n|\n|-heal|p1a: Kingambit|100\/100|[from] item: Leftovers\n|upkeep\n|turn|21\n|\n|t:|1700708385\n|switch|p2a: Corviknight|Corviknight, F|77\/100\n|-ability|p2a: Corviknight|Pressure\n|move|p1a: Kingambit|Kowtow Cleave|p2a: Corviknight\n|-damage|p2a: Corviknight|41\/100\n|\n|upkeep\n|turn|22\n|\n|t:|1700708395\n|move|p2a: Corviknight|Roost|p2a: Corviknight\n|-heal|p2a: Corviknight|91\/100\n|-singleturn|p2a: Corviknight|move: Roost\n|move|p1a: Kingambit|Kowtow Cleave|p2a: Corviknight\n|-damage|p2a: Corviknight|52\/100\n|\n|upkeep\n|turn|23\n|\n|t:|1700708415\n|-terastallize|p1a: Kingambit|Flying\n|move|p2a: Corviknight|Roost|p2a: Corviknight\n|-heal|p2a: Corviknight|100\/100\n|-singleturn|p2a: Corviknight|move: Roost\n|move|p1a: Kingambit|Swords Dance|p1a: Kingambit\n|-boost|p1a: Kingambit|atk|2\n|\n|upkeep\n|turn|24\n|\n|t:|1700708426\n|move|p2a: Corviknight|Iron Defense|p2a: Corviknight\n|-boost|p2a: Corviknight|def|2\n|move|p1a: Kingambit|Kowtow Cleave|p2a: Corviknight\n|-damage|p2a: Corviknight|66\/100\n|\n|upkeep\n|turn|25\n|\n|t:|1700708450\n|move|p2a: Corviknight|Iron Defense|p2a: Corviknight\n|-boost|p2a: Corviknight|def|2\n|move|p1a: Kingambit|Kowtow Cleave|p2a: Corviknight\n|-damage|p2a: Corviknight|41\/100\n|\n|upkeep\n|turn|26\n|\n|t:|1700708454\n|move|p2a: Corviknight|Roost|p2a: Corviknight\n|-heal|p2a: Corviknight|91\/100\n|-singleturn|p2a: Corviknight|move: Roost\n|move|p1a: Kingambit|Kowtow Cleave|p2a: Corviknight\n|-damage|p2a: Corviknight|65\/100\n|\n|upkeep\n|turn|27\n|\n|t:|1700708458\n|-end|p1a: Kingambit|fallen1|[silent]\n|switch|p1a: Zapdos|Zapdos|68\/100\n|move|p2a: Corviknight|Iron Defense|p2a: Corviknight\n|-boost|p2a: Corviknight|def|2\n|\n|upkeep\n|turn|28\n|\n|t:|1700708461\n|switch|p2a: Amoonguss|Amoonguss, M|75\/100\n|move|p1a: Zapdos|Volt Switch|p2a: Amoonguss\n|-resisted|p2a: Amoonguss\n|-damage|p2a: Amoonguss|60\/100\n|\n|t:|1700708465\n|switch|p1a: Kingambit|Kingambit, M, tera:Flying|100\/100|[from] Volt Switch\n|-damage|p1a: Kingambit|75\/100|[from] Stealth Rock\n|-activate|p1a: Kingambit|ability: Supreme Overlord\n|-start|p1a: Kingambit|fallen1|[silent]\n|\n|-heal|p1a: Kingambit|82\/100|[from] item: Leftovers\n|upkeep\n|turn|29\n|\n|t:|1700708468\n|move|p1a: Kingambit|Kowtow Cleave|p2a: Amoonguss\n|-damage|p2a: Amoonguss|19\/100\n|move|p2a: Amoonguss|Spore|p1a: Kingambit\n|-status|p1a: Kingambit|slp|[from] move: Spore\n|\n|-heal|p1a: Kingambit|88\/100 slp|[from] item: Leftovers\n|upkeep\n|turn|30\n|\n|t:|1700708474\n|-end|p1a: Kingambit|fallen1|[silent]\n|switch|p1a: Zapdos|Zapdos|68\/100\n|switch|p2a: Heatran|Heatran, F|79\/100\n|\n|-heal|p2a: Heatran|85\/100|[from] item: Leftovers\n|upkeep\n|turn|31\n|\n|t:|1700708478\n|move|p1a: Zapdos|Discharge|p2a: Heatran\n|-damage|p2a: Heatran|56\/100\n|-status|p2a: Heatran|par\n|move|p2a: Heatran|Magma Storm|p1a: Zapdos\n|-damage|p1a: Zapdos|21\/100\n|-activate|p1a: Zapdos|move: Magma Storm|[of] p2a: Heatran\n|\n|-heal|p2a: Heatran|63\/100 par|[from] item: Leftovers\n|-damage|p1a: Zapdos|9\/100|[from] move: Magma Storm|[partiallytrapped]\n|upkeep\n|turn|32\n|\n|t:|1700708485\n|move|p1a: Zapdos|Volt Switch|p2a: Heatran\n|-damage|p2a: Heatran|39\/100 par\n|\n|t:|1700708490\n|switch|p1a: Zamazenta|Zamazenta|100\/100|[from] Volt Switch\n|-damage|p1a: Zamazenta|94\/100|[from] Stealth Rock\n|move|p2a: Heatran|Earth Power|p1a: Zamazenta\n|-damage|p1a: Zamazenta|63\/100\n|\n|-heal|p1a: Zamazenta|69\/100|[from] item: Leftovers\n|-heal|p2a: Heatran|45\/100 par|[from] item: Leftovers\n|upkeep\n|turn|33\n|\n|t:|1700708497\n|switch|p2a: Amoonguss|Amoonguss, M|53\/100\n|move|p1a: Zamazenta|Iron Defense|p1a: Zamazenta\n|-boost|p1a: Zamazenta|def|2\n|\n|-heal|p1a: Zamazenta|75\/100|[from] item: Leftovers\n|upkeep\n|turn|34\n|\n|t:|1700708501\n|move|p1a: Zamazenta|Body Press|p2a: Amoonguss\n|-resisted|p2a: Amoonguss\n|-crit|p2a: Amoonguss\n|-damage|p2a: Amoonguss|10\/100\n|move|p2a: Amoonguss|Clear Smog|p1a: Zamazenta\n|-damage|p1a: Zamazenta|62\/100\n|-clearboost|p1a: Zamazenta\n|\n|-heal|p1a: Zamazenta|68\/100|[from] item: Leftovers\n|upkeep\n|turn|35\n|\n|t:|1700708510\n|switch|p2a: Walking Wake|Walking Wake|100\/100\n|move|p1a: Zamazenta|Iron Defense|p1a: Zamazenta\n|-boost|p1a: Zamazenta|def|2\n|\n|-heal|p1a: Zamazenta|74\/100|[from] item: Leftovers\n|upkeep\n|turn|36\n|\n|t:|1700708513\n|-terastallize|p2a: Walking Wake|Fairy\n|move|p1a: Zamazenta|Body Press|p2a: Walking Wake\n|-resisted|p2a: Walking Wake\n|-damage|p2a: Walking Wake|55\/100\n|move|p2a: Walking Wake|Scald|p1a: Zamazenta\n|-damage|p1a: Zamazenta|34\/100\n|-status|p1a: Zamazenta|brn\n|\n|-heal|p1a: Zamazenta|40\/100 brn|[from] item: Leftovers\n|-heal|p2a: Walking Wake|62\/100|[from] item: Leftovers\n|-damage|p1a: Zamazenta|34\/100 brn|[from] brn\n|upkeep\n|turn|37\n|\n|t:|1700708519\n|move|p1a: Zamazenta|Iron Defense|p1a: Zamazenta\n|-boost|p1a: Zamazenta|def|2\n|move|p2a: Walking Wake|Scald|p1a: Zamazenta\n|-damage|p1a: Zamazenta|0 fnt\n|faint|p1a: Zamazenta\n|\n|-heal|p2a: Walking Wake|68\/100|[from] item: Leftovers\n|upkeep\n|\n|t:|1700708524\n|switch|p1a: Meowscarada|Meowscarada, M|61\/100\n|-damage|p1a: Meowscarada|49\/100|[from] Stealth Rock\n|turn|38\n|\n|t:|1700708534\n|-end|p2a: Walking Wake|Protosynthesis|[silent]\n|switch|p2a: Amoonguss|Amoonguss, M|44\/100\n|move|p1a: Meowscarada|Knock Off|p2a: Amoonguss\n|-start|p1a: Meowscarada|typechange|Dark|[from] ability: Protean\n|-damage|p2a: Amoonguss|0 fnt\n|-enditem|p2a: Amoonguss|Heavy-Duty Boots|[from] move: Knock Off|[of] p1a: Meowscarada\n|faint|p2a: Amoonguss\n|\n|upkeep\n|\n|t:|1700708536\n|switch|p2a: Kingambit|Kingambit, M|100\/100\n|-activate|p2a: Kingambit|ability: Supreme Overlord\n|-start|p2a: Kingambit|fallen1|[silent]\n|turn|39\n|\n|t:|1700708539\n|switch|p1a: Zapdos|Zapdos|9\/100\n|move|p2a: Kingambit|Iron Head|p1a: Zapdos\n|-resisted|p1a: Zapdos\n|-damage|p1a: Zapdos|0 fnt\n|faint|p1a: Zapdos\n|\n|upkeep\n|\n|t:|1700708541\n|switch|p1a: Great Tusk|Great Tusk|93\/100\n|-damage|p1a: Great Tusk|90\/100|[from] Stealth Rock\n|turn|40\n|\n|t:|1700708546\n|-end|p2a: Kingambit|fallen1|[silent]\n|switch|p2a: Corviknight|Corviknight, F|65\/100\n|-ability|p2a: Corviknight|Pressure\n|move|p1a: Great Tusk|Knock Off|p2a: Corviknight\n|-damage|p2a: Corviknight|50\/100\n|\n|upkeep\n|turn|41\n|\n|t:|1700708549\n|-end|p1a: Great Tusk|Protosynthesis|[silent]\n|switch|p1a: Kingambit|Kingambit, M, tera:Flying|88\/100 slp\n|-damage|p1a: Kingambit|63\/100 slp|[from] Stealth Rock\n|-activate|p1a: Kingambit|ability: Supreme Overlord\n|-start|p1a: Kingambit|fallen3|[silent]\n|move|p2a: Corviknight|Iron Defense|p2a: Corviknight\n|-boost|p2a: Corviknight|def|2\n|\n|-heal|p1a: Kingambit|69\/100 slp|[from] item: Leftovers\n|upkeep\n|turn|42\n|\n|t:|1700708551\n|move|p2a: Corviknight|Iron Defense|p2a: Corviknight\n|-boost|p2a: Corviknight|def|2\n|cant|p1a: Kingambit|slp\n|\n|-heal|p1a: Kingambit|75\/100 slp|[from] item: Leftovers\n|upkeep\n|turn|43\n|\n|t:|1700708553\n|move|p2a: Corviknight|Iron Defense|p2a: Corviknight\n|-boost|p2a: Corviknight|def|2\n|cant|p1a: Kingambit|slp\n|\n|-heal|p1a: Kingambit|82\/100 slp|[from] item: Leftovers\n|upkeep\n|turn|44\n|\n|t:|1700708555\n|move|p2a: Corviknight|Body Press|p1a: Kingambit\n|-resisted|p1a: Kingambit\n|-damage|p1a: Kingambit|49\/100 slp\n|cant|p1a: Kingambit|slp\n|\n|-heal|p1a: Kingambit|55\/100 slp|[from] item: Leftovers\n|upkeep\n|turn|45\n|\n|t:|1700708557\n|move|p2a: Corviknight|Body Press|p1a: Kingambit\n|-resisted|p1a: Kingambit\n|-damage|p1a: Kingambit|18\/100 slp\n|-curestatus|p1a: Kingambit|slp|[msg]\n|move|p1a: Kingambit|Swords Dance|p1a: Kingambit\n|-boost|p1a: Kingambit|atk|2\n|\n|-heal|p1a: Kingambit|24\/100|[from] item: Leftovers\n|upkeep\n|turn|46\n|\n|t:|1700708564\n|move|p2a: Corviknight|Roost|p2a: Corviknight\n|-heal|p2a: Corviknight|100\/100\n|-singleturn|p2a: Corviknight|move: Roost\n|move|p1a: Kingambit|Swords Dance|p1a: Kingambit\n|-boost|p1a: Kingambit|atk|2\n|\n|-heal|p1a: Kingambit|30\/100|[from] item: Leftovers\n|upkeep\n|turn|47\n|\n|t:|1700708567\n|move|p2a: Corviknight|Body Press|p1a: Kingambit\n|-resisted|p1a: Kingambit\n|-damage|p1a: Kingambit|0 fnt\n|faint|p1a: Kingambit\n|-end|p1a: Kingambit|fallen3|[silent]\n|\n|upkeep\n|-message|Username momento forfeited.\n|\n|win|mathismathin\n|raw|Username momento's rating: 1530 &rarr; <strong>1518<\/strong><br \/>(-12 for losing)\n|raw|mathismathin's rating: 1673 &rarr; <strong>1685<\/strong><br \/>(+12 for winning)\n|l|\u2606Username momento\n","uploadtime":1700708575,"views":5,"p1id":"usernamemomento","p2id":"mathismathin","formatid":"gen9ou","rating":1518,"private":0,"password":""}