{"id":"gen9ou-1990195765","p1":"Trenadus-Therian","p2":"sgyyds","format":"[Gen 9] OU","log":"|j|\u2606Trenadus-Therian\n|j|\u2606sgyyds\n|t:|1699935759\n|gametype|singles\n|player|p1|Trenadus-Therian|2|1069\n|player|p2|sgyyds|lucas|1004\n|teamsize|p1|6\n|teamsize|p2|6\n|gen|9\n|tier|[Gen 9] OU\n|rated|\n|rule|Sleep Clause Mod: Limit one foe put to sleep\n|rule|Species Clause: Limit one of each Pok\u00e9mon\n|rule|OHKO Clause: OHKO moves are banned\n|rule|Evasion Items Clause: Evasion items are banned\n|rule|Evasion Moves Clause: Evasion moves are banned\n|rule|Endless Battle Clause: Forcing endless battles is banned\n|rule|HP Percentage Mod: HP is shown in percentages\n|clearpoke\n|poke|p1|Alomomola, F|\n|poke|p1|Slowking-Galar, F|\n|poke|p1|Kingambit, F|\n|poke|p1|Great Tusk|\n|poke|p1|Cinderace, F|\n|poke|p1|Thundurus-Therian, M|\n|poke|p2|Mew|\n|poke|p2|Snorlax, F|\n|poke|p2|Dragonite, F|\n|poke|p2|Rillaboom, F|\n|poke|p2|Dondozo, F|\n|poke|p2|Clodsire, M|\n|teampreview\n|\n|t:|1699935774\n|start\n|switch|p1a: Cinderace|Cinderace, F|100\/100\n|switch|p2a: Clodsire|Clodsire, M|100\/100\n|turn|1\n|\n|t:|1699935787\n|move|p1a: Cinderace|U-turn|p2a: Clodsire\n|-start|p1a: Cinderace|typechange|Bug|[from] ability: Libero\n|-resisted|p2a: Clodsire\n|-damage|p2a: Clodsire|80\/100\n|\n|t:|1699935795\n|switch|p1a: Slowking|Slowking-Galar, F|100\/100|[from] U-turn\n|move|p2a: Clodsire|Liquidation|p1a: Slowking\n|-damage|p1a: Slowking|84\/100\n|\n|upkeep\n|turn|2\n|\n|t:|1699935803\n|move|p2a: Clodsire|Earthquake|p1a: Slowking\n|-supereffective|p1a: Slowking\n|-damage|p1a: Slowking|22\/100\n|move|p1a: Slowking|Future Sight|p2a: Clodsire\n|-start|p1a: Slowking|move: Future Sight\n|\n|upkeep\n|turn|3\n|\n|t:|1699935813\n|switch|p1a: Alomomola|Alomomola, F|100\/100\n|move|p2a: Clodsire|Liquidation|p1a: Alomomola\n|-resisted|p1a: Alomomola\n|-damage|p1a: Alomomola|96\/100\n|-enditem|p1a: Alomomola|Red Card|[of] p2a: Clodsire\n|drag|p2a: Dragonite|Dragonite, F|100\/100\n|\n|upkeep\n|turn|4\n|\n|t:|1699935827\n|switch|p2a: Clodsire|Clodsire, M|80\/100\n|move|p1a: Alomomola|Flip Turn|p2a: Clodsire\n|-heal|p2a: Clodsire|100\/100|[from] ability: Water Absorb|[of] p1a: Alomomola\n|\n|-end|p2a: Clodsire|move: Future Sight\n|-supereffective|p2a: Clodsire\n|-damage|p2a: Clodsire|52\/100\n|upkeep\n|turn|5\n|\n|t:|1699935840\n|switch|p1a: Thundurus|Thundurus-Therian, M|100\/100\n|move|p2a: Clodsire|Toxic|p1a: Thundurus\n|-status|p1a: Thundurus|tox\n|\n|-damage|p1a: Thundurus|94\/100 tox|[from] psn\n|upkeep\n|turn|6\n|\n|t:|1699935857\n|switch|p1a: Great Tusk|Great Tusk|100\/100\n|move|p2a: Clodsire|Recover|p2a: Clodsire\n|-heal|p2a: Clodsire|100\/100\n|\n|upkeep\n|turn|7\n|\n|t:|1699935867\n|-terastallize|p2a: Clodsire|Ground\n|move|p1a: Great Tusk|Ice Spinner|p2a: Clodsire\n|-supereffective|p2a: Clodsire\n|-damage|p2a: Clodsire|27\/100\n|move|p2a: Clodsire|Toxic|p1a: Great Tusk\n|-status|p1a: Great Tusk|tox\n|\n|-damage|p1a: Great Tusk|94\/100 tox|[from] psn\n|upkeep\n|turn|8\n|\n|t:|1699935878\n|move|p1a: Great Tusk|Ice Spinner|p2a: Clodsire\n|-supereffective|p2a: Clodsire\n|-damage|p2a: Clodsire|0 fnt\n|faint|p2a: Clodsire\n|\n|-damage|p1a: Great Tusk|82\/100 tox|[from] psn\n|upkeep\n|\n|t:|1699935887\n|switch|p2a: Mew|Mew|100\/100\n|turn|9\n|\n|t:|1699935892\n|-end|p1a: Great Tusk|Protosynthesis|[silent]\n|switch|p1a: Kingambit|Kingambit, F|100\/100\n|move|p2a: Mew|Trick|p1a: Kingambit\n|-activate|p2a: Mew|move: Trick|[of] p1a: Kingambit\n|-item|p1a: Kingambit|Choice Scarf|[from] move: Trick\n|-item|p2a: Mew|Leftovers|[from] move: Trick\n|\n|upkeep\n|turn|10\n|\n|t:|1699935902\n|move|p2a: Mew|Transform|p1a: Kingambit\n|-transform|p2a: Mew|p1a: Kingambit\n|-activate|p2a: Mew|ability: Supreme Overlord\n|-start|p2a: Mew|fallen1|[silent]\n|move|p1a: Kingambit|Kowtow Cleave|p2a: Mew\n|-resisted|p2a: Mew\n|-damage|p2a: Mew|79\/100\n|\n|-heal|p2a: Mew|85\/100|[from] item: Leftovers\n|upkeep\n|turn|11\n|-message|Trenadus-Therian forfeited.\n|\n|win|sgyyds\n|raw|Trenadus-Therian's rating: 1069 &rarr; <strong>1045<\/strong><br \/>(-24 for losing)\n|raw|sgyyds's rating: 1004 &rarr; <strong>1051<\/strong><br \/>(+47 for winning)\n|l|\u2606Trenadus-Therian\n","uploadtime":1699935920,"views":13,"p1id":"trenadustherian","p2id":"sgyyds","formatid":"gen9ou","rating":1045,"private":0,"password":""}