{"id":"gen9ou-2000206806","p1":"INsane Necrozma","p2":"lamegazelle","format":"[Gen 9] OU","log":"|j|\u2606INsane Necrozma\n|j|\u2606lamegazelle\n|t:|1701172069\n|gametype|singles\n|player|p1|INsane Necrozma|linebacker|1417\n|player|p2|lamegazelle|1|1495\n|teamsize|p1|6\n|teamsize|p2|6\n|gen|9\n|tier|[Gen 9] OU\n|rated|\n|rule|Sleep Clause Mod: Limit one foe put to sleep\n|rule|Species Clause: Limit one of each Pok\u00e9mon\n|rule|OHKO Clause: OHKO moves are banned\n|rule|Evasion Items Clause: Evasion items are banned\n|rule|Evasion Moves Clause: Evasion moves are banned\n|rule|Endless Battle Clause: Forcing endless battles is banned\n|rule|HP Percentage Mod: HP is shown in percentages\n|clearpoke\n|poke|p1|Garchomp, F|\n|poke|p1|Kingambit, M|\n|poke|p1|Gholdengo|\n|poke|p1|Ribombee, F|\n|poke|p1|Great Tusk|\n|poke|p1|Zapdos|\n|poke|p2|Cinderace, F|\n|poke|p2|Corviknight, M|\n|poke|p2|Heatran, F|\n|poke|p2|Ting-Lu|\n|poke|p2|Greninja-*, M|\n|poke|p2|Manaphy|\n|teampreview\n|\n|t:|1701172077\n|start\n|switch|p1a: Ribombee|Ribombee, F, shiny|100\/100\n|switch|p2a: Heatran|Heatran, F|100\/100\n|turn|1\n|\n|t:|1701172084\n|move|p1a: Ribombee|Stun Spore|p2a: Heatran|[miss]\n|-miss|p1a: Ribombee|p2a: Heatran\n|move|p2a: Heatran|Magma Storm|p1a: Ribombee|[miss]\n|-miss|p2a: Heatran|p1a: Ribombee\n|\n|upkeep\n|turn|2\n|\n|t:|1701172090\n|move|p1a: Ribombee|Stun Spore|p2a: Heatran\n|-status|p2a: Heatran|par\n|move|p2a: Heatran|Magma Storm|p1a: Ribombee|[miss]\n|-miss|p2a: Heatran|p1a: Ribombee\n|\n|upkeep\n|turn|3\n|\n|t:|1701172097\n|move|p1a: Ribombee|Sticky Web|p2a: Heatran\n|-sidestart|p2: lamegazelle|move: Sticky Web\n|move|p2a: Heatran|Magma Storm|p1a: Ribombee|[miss]\n|-miss|p2a: Heatran|p1a: Ribombee\n|\n|upkeep\n|turn|4\n|inactive|Battle timer is ON: inactive players will automatically lose when time's up. (requested by INsane Necrozma)\n|\n|t:|1701172107\n|switch|p1a: UUBL|Garchomp, F|100\/100\n|cant|p2a: Heatran|par\n|\n|upkeep\n|turn|5\n|c|\u2606lamegazelle|Im having so much fun\n|\n|t:|1701172130\n|move|p1a: UUBL|Swords Dance|p1a: UUBL\n|-boost|p1a: UUBL|atk|2\n|move|p2a: Heatran|Magma Storm|p1a: UUBL\n|-resisted|p1a: UUBL\n|-damage|p1a: UUBL|78\/100\n|-activate|p1a: UUBL|move: Magma Storm|[of] p2a: Heatran\n|\n|-heal|p1a: UUBL|85\/100|[from] item: Leftovers\n|-damage|p1a: UUBL|72\/100|[from] move: Magma Storm|[partiallytrapped]\n|upkeep\n|turn|6\n|\n|t:|1701172140\n|switch|p2a: Corviknight|Corviknight, M|100\/100\n|move|p1a: UUBL|Earthquake|p2a: Corviknight\n|-immune|p2a: Corviknight\n|\n|-heal|p1a: UUBL|78\/100|[from] item: Leftovers\n|-end|p1a: UUBL|Magma Storm|[partiallytrapped]|[silent]\n|upkeep\n|turn|7\n|\n|t:|1701172150\n|move|p1a: UUBL|Swords Dance|p1a: UUBL\n|-boost|p1a: UUBL|atk|2\n|move|p2a: Corviknight|Brave Bird|p1a: UUBL\n|-damage|p1a: UUBL|44\/100\n|-damage|p2a: Corviknight|88\/100|[from] ability: Rough Skin|[of] p1a: UUBL\n|-damage|p2a: Corviknight|78\/100|[from] Recoil\n|\n|-heal|p1a: UUBL|50\/100|[from] item: Leftovers\n|upkeep\n|turn|8\n|\n|t:|1701172161\n|-terastallize|p1a: UUBL|Steel\n|move|p1a: UUBL|Iron Head|p2a: Corviknight\n|-resisted|p2a: Corviknight\n|-damage|p2a: Corviknight|32\/100\n|-damage|p1a: UUBL|33\/100|[from] item: Rocky Helmet|[of] p2a: Corviknight\n|move|p2a: Corviknight|Brave Bird|p1a: UUBL\n|-resisted|p1a: UUBL\n|-damage|p1a: UUBL|13\/100\n|-damage|p2a: Corviknight|20\/100|[from] ability: Rough Skin|[of] p1a: UUBL\n|-damage|p2a: Corviknight|14\/100|[from] Recoil\n|\n|-heal|p1a: UUBL|20\/100|[from] item: Leftovers\n|upkeep\n|turn|9\n|\n|t:|1701172175\n|move|p1a: UUBL|Scale Shot|p2a: Corviknight\n|-resisted|p2a: Corviknight\n|-damage|p2a: Corviknight|0 fnt\n|faint|p2a: Corviknight\n|-hitcount|p2: Corviknight|1\n|-unboost|p1a: UUBL|def|1\n|-boost|p1a: UUBL|spe|1\n|\n|-heal|p1a: UUBL|26\/100|[from] item: Leftovers\n|upkeep\n|inactive|lamegazelle has 120 seconds left.\n|\n|t:|1701172195\n|switch|p2a: Greninja|Greninja, M|100\/100\n|-activate|p2a: Greninja|move: Sticky Web\n|-unboost|p2a: Greninja|spe|1\n|turn|10\n|\n|t:|1701172203\n|-terastallize|p2a: Greninja|Water\n|move|p2a: Greninja|Water Shuriken|p1a: UUBL\n|-damage|p1a: UUBL|11\/100\n|-damage|p1a: UUBL|0 fnt\n|faint|p1a: UUBL\n|-ability|p2a: Greninja|Battle Bond|boost\n|-boost|p2a: Greninja|atk|1\n|-boost|p2a: Greninja|spa|1\n|-boost|p2a: Greninja|spe|1\n|-activate|p2a: Greninja|ability: Battle Bond\n|-hitcount|p1: UUBL|2\n|-damage|p2a: Greninja|91\/100|[from] item: Life Orb\n|\n|upkeep\n|\n|t:|1701172216\n|switch|p1a: Ribombee|Ribombee, F, shiny|100\/100\n|turn|11\n|\n|t:|1701172221\n|move|p2a: Greninja|Water Shuriken|p1a: Ribombee\n|-damage|p1a: Ribombee|69\/100\n|-damage|p1a: Ribombee|34\/100\n|-hitcount|p1a: Ribombee|2\n|-damage|p2a: Greninja|81\/100|[from] item: Life Orb\n|move|p1a: Ribombee|Stun Spore|p2a: Greninja|[miss]\n|-miss|p1a: Ribombee|p2a: Greninja\n|\n|upkeep\n|turn|12\n|\n|t:|1701172230\n|switch|p1a: Zapdos|Zapdos|100\/100\n|move|p2a: Greninja|Water Shuriken|p1a: Zapdos\n|-damage|p1a: Zapdos|84\/100\n|-damage|p1a: Zapdos|69\/100\n|-damage|p1a: Zapdos|53\/100\n|-hitcount|p1a: Zapdos|3\n|-damage|p2a: Greninja|71\/100|[from] item: Life Orb\n|\n|upkeep\n|turn|13\n|\n|t:|1701172240\n|move|p2a: Greninja|Ice Beam|p1a: Zapdos\n|-supereffective|p1a: Zapdos\n|-damage|p1a: Zapdos|0 fnt\n|faint|p1a: Zapdos\n|-damage|p2a: Greninja|61\/100|[from] item: Life Orb\n|\n|upkeep\n|\n|t:|1701172245\n|switch|p1a: Gholdengo|Gholdengo|100\/100\n|turn|14\n|\n|t:|1701172249\n|move|p2a: Greninja|Dark Pulse|p1a: Gholdengo\n|-supereffective|p1a: Gholdengo\n|-damage|p1a: Gholdengo|0 fnt\n|faint|p1a: Gholdengo\n|-damage|p2a: Greninja|52\/100|[from] item: Life Orb\n|\n|upkeep\n|\n|t:|1701172251\n|switch|p1a: Kingambit|Kingambit, M|100\/100\n|-activate|p1a: Kingambit|ability: Supreme Overlord\n|-start|p1a: Kingambit|fallen3|[silent]\n|turn|15\n|\n|t:|1701172258\n|move|p2a: Greninja|Water Shuriken|p1a: Kingambit\n|-damage|p1a: Kingambit|80\/100\n|-damage|p1a: Kingambit|60\/100\n|-damage|p1a: Kingambit|41\/100\n|-damage|p1a: Kingambit|23\/100\n|-crit|p1a: Kingambit\n|-damage|p1a: Kingambit|0 fnt\n|faint|p1a: Kingambit\n|-end|p1a: Kingambit|fallen3|[silent]\n|-hitcount|p1: Kingambit|5\n|-damage|p2a: Greninja|42\/100|[from] item: Life Orb\n|\n|upkeep\n|\n|t:|1701172263\n|switch|p1a: Great Tusk|Great Tusk|100\/100\n|turn|16\n|c|\u2606INsane Necrozma|Gg\n|-message|INsane Necrozma forfeited.\n|\n|win|lamegazelle\n|raw|INsane Necrozma's rating: 1417 &rarr; <strong>1400<\/strong><br \/>(-17 for losing)\n|raw|lamegazelle's rating: 1477 &rarr; <strong>1494<\/strong><br \/>(+17 for winning)\n|l|\u2606INsane Necrozma\n","uploadtime":1701172441,"views":3,"p1id":"insanenecrozma","p2id":"lamegazelle","formatid":"gen9ou","rating":1400,"private":0,"password":""}