{"id":"gen9ou-1988646413","p1":"CringeyHag69","p2":"shimyshamshakes","format":"[Gen 9] OU","log":"|j|\u203dCringeyHag69\n|j|\u2606shimyshamshakes\n|t:|1699745804\n|gametype|singles\n|player|p1|CringeyHag69|2|1313\n|player|p2|shimyshamshakes|boarder|1358\n|teamsize|p1|6\n|teamsize|p2|6\n|gen|9\n|tier|[Gen 9] OU\n|rated|\n|rule|Sleep Clause Mod: Limit one foe put to sleep\n|rule|Species Clause: Limit one of each Pok\u00e9mon\n|rule|OHKO Clause: OHKO moves are banned\n|rule|Evasion Items Clause: Evasion items are banned\n|rule|Evasion Moves Clause: Evasion moves are banned\n|rule|Endless Battle Clause: Forcing endless battles is banned\n|rule|HP Percentage Mod: HP is shown in percentages\n|clearpoke\n|poke|p1|Breloom, F|\n|poke|p1|Scizor, M|\n|poke|p1|Chandelure, M|\n|poke|p1|Cyclizar, M|\n|poke|p1|Infernape, M|\n|poke|p1|Kilowattrel, F|\n|poke|p2|Sinistcha-Masterpiece|\n|poke|p2|Dondozo, F|\n|poke|p2|Talonflame, F|\n|poke|p2|Gliscor, M|\n|poke|p2|Blissey, F|\n|poke|p2|Toxapex, M|\n|teampreview\n|inactive|Battle timer is ON: inactive players will automatically lose when time's up. (requested by shimyshamshakes)\n|\n|t:|1699745819\n|start\n|switch|p1a: Infernape|Infernape, M|100\/100\n|switch|p2a: Gliscor|Gliscor, M|100\/100\n|turn|1\n|\n|t:|1699745826\n|move|p2a: Gliscor|Protect|p2a: Gliscor\n|-singleturn|p2a: Gliscor|Protect\n|move|p1a: Infernape|Stealth Rock|p2a: Gliscor\n|-sidestart|p2: shimyshamshakes|move: Stealth Rock\n|\n|-status|p2a: Gliscor|tox|[from] item: Toxic Orb\n|upkeep\n|turn|2\n|\n|t:|1699745830\n|move|p1a: Infernape|Taunt|p2a: Gliscor\n|-start|p2a: Gliscor|move: Taunt\n|cant|p2a: Gliscor|move: Taunt|Spikes\n|\n|upkeep\n|turn|3\n|\n|t:|1699745838\n|switch|p1a: Kilowattrel|Kilowattrel, F, shiny|100\/100\n|move|p2a: Gliscor|Knock Off|p1a: Kilowattrel\n|-damage|p1a: Kilowattrel|63\/100\n|-enditem|p1a: Kilowattrel|Choice Specs|[from] move: Knock Off|[of] p2a: Gliscor\n|\n|upkeep\n|turn|4\n|\n|t:|1699745848\n|move|p1a: Kilowattrel|Volt Switch|p2a: Gliscor\n|-immune|p2a: Gliscor\n|move|p2a: Gliscor|Knock Off|p1a: Kilowattrel\n|-damage|p1a: Kilowattrel|38\/100\n|\n|-end|p2a: Gliscor|move: Taunt\n|upkeep\n|turn|5\n|\n|t:|1699745856\n|move|p1a: Kilowattrel|Volt Switch|p2a: Gliscor\n|-immune|p2a: Gliscor\n|move|p2a: Gliscor|Spikes|p1a: Kilowattrel\n|-sidestart|p1: CringeyHag69|Spikes\n|\n|upkeep\n|turn|6\n|\n|t:|1699745861\n|-terastallize|p1a: Kilowattrel|Ice\n|move|p1a: Kilowattrel|Tera Blast|p2a: Gliscor|[anim] Tera Blast Ice\n|-supereffective|p2a: Gliscor\n|-damage|p2a: Gliscor|0 fnt\n|faint|p2a: Gliscor\n|\n|upkeep\n|\n|t:|1699745886\n|switch|p2a: Dondozo|Dondozo, F|100\/100\n|turn|7\n|\n|t:|1699745890\n|move|p1a: Kilowattrel|Volt Switch|p2a: Dondozo\n|-supereffective|p2a: Dondozo\n|-damage|p2a: Dondozo|43\/100\n|\n|t:|1699745893\n|switch|p1a: Cyclizar|Cyclizar, M|100\/100|[from] Volt Switch\n|-damage|p1a: Cyclizar|88\/100|[from] Spikes\n|move|p2a: Dondozo|Body Press|p1a: Cyclizar\n|-supereffective|p1a: Cyclizar\n|-crit|p1a: Cyclizar\n|-damage|p1a: Cyclizar|0 fnt\n|faint|p1a: Cyclizar\n|\n|upkeep\n|\n|t:|1699745897\n|switch|p1a: Kilowattrel|Kilowattrel, F, shiny, tera:Ice|38\/100\n|-damage|p1a: Kilowattrel|25\/100|[from] Spikes\n|turn|8\n|\n|t:|1699745907\n|switch|p2a: Sinistcha|Sinistcha-Masterpiece|100\/100\n|move|p1a: Kilowattrel|Tera Blast|p2a: Sinistcha|[anim] Tera Blast Ice\n|-supereffective|p2a: Sinistcha\n|-damage|p2a: Sinistcha|11\/100\n|\n|upkeep\n|turn|9\n|\n|t:|1699745917\n|switch|p2a: Blissey|Blissey, F|100\/100\n|move|p1a: Kilowattrel|Volt Switch|p2a: Blissey\n|-damage|p2a: Blissey|90\/100\n|\n|t:|1699745924\n|switch|p1a: Breloom|Breloom, F|100\/100|[from] Volt Switch\n|-damage|p1a: Breloom|88\/100|[from] Spikes\n|\n|upkeep\n|turn|10\n|\n|t:|1699745935\n|move|p1a: Breloom|Bullet Seed|p2a: Blissey\n|-damage|p2a: Blissey|59\/100\n|-damage|p2a: Blissey|25\/100\n|-damage|p2a: Blissey|0 fnt\n|faint|p2a: Blissey\n|-hitcount|p2: Blissey|3\n|\n|upkeep\n|\n|t:|1699745944\n|switch|p2a: Talonflame|Talonflame, F|100\/100\n|turn|11\n|\n|t:|1699745948\n|switch|p1a: Chandelure|Chandelure, M|100\/100\n|-damage|p1a: Chandelure|88\/100|[from] Spikes\n|move|p2a: Talonflame|Will-O-Wisp|p1a: Chandelure\n|-start|p1a: Chandelure|ability: Flash Fire\n|\n|upkeep\n|turn|12\n|\n|t:|1699745964\n|move|p1a: Chandelure|Trick|p2a: Talonflame\n|-activate|p1a: Chandelure|move: Trick|[of] p2a: Talonflame\n|-item|p2a: Talonflame|Choice Scarf|[from] move: Trick\n|-item|p1a: Chandelure|Heavy-Duty Boots|[from] move: Trick\n|move|p2a: Talonflame|Defog|p1a: Chandelure\n|-unboost|p1a: Chandelure|evasion|1\n|-sideend|p1: CringeyHag69|Spikes|[from] move: Defog|[of] p2a: Talonflame\n|-sideend|p2: shimyshamshakes|Stealth Rock|[from] move: Defog|[of] p2a: Talonflame\n|\n|upkeep\n|turn|13\n|\n|t:|1699745972\n|switch|p2a: Toxapex|Toxapex, M|100\/100\n|-end|p1a: Chandelure|ability: Flash Fire|[silent]\n|switch|p1a: Breloom|Breloom, F|88\/100\n|\n|upkeep\n|turn|14\n|\n|t:|1699745978\n|move|p2a: Toxapex|Baneful Bunker|p2a: Toxapex\n|-singleturn|p2a: Toxapex|move: Protect\n|move|p1a: Breloom|Bullet Seed|p2a: Toxapex\n|-activate|p2a: Toxapex|move: Protect\n|\n|upkeep\n|turn|15\n|\n|t:|1699745983\n|move|p1a: Breloom|Bullet Seed|p2a: Toxapex\n|-damage|p2a: Toxapex|76\/100\n|-damage|p2a: Toxapex|50\/100\n|-damage|p2a: Toxapex|26\/100\n|-damage|p2a: Toxapex|3\/100\n|-damage|p2a: Toxapex|0 fnt\n|faint|p2a: Toxapex\n|-hitcount|p2: Toxapex|5\n|\n|upkeep\n|\n|t:|1699745988\n|switch|p2a: Talonflame|Talonflame, F|100\/100\n|turn|16\n|\n|t:|1699745998\n|switch|p1a: Scizor|Scizor, M|100\/100\n|move|p2a: Talonflame|U-turn|p1a: Scizor\n|-resisted|p1a: Scizor\n|-damage|p1a: Scizor|94\/100\n|\n|t:|1699746005\n|switch|p2a: Sinistcha|Sinistcha-Masterpiece|11\/100|[from] U-turn\n|\n|upkeep\n|turn|17\n|\n|t:|1699746010\n|move|p1a: Scizor|Bullet Punch|p2a: Sinistcha\n|-damage|p2a: Sinistcha|0 fnt\n|faint|p2a: Sinistcha\n|\n|upkeep\n|\n|t:|1699746012\n|switch|p2a: Dondozo|Dondozo, F|43\/100\n|turn|18\n|\n|t:|1699746015\n|move|p1a: Scizor|Knock Off|p2a: Dondozo\n|-damage|p2a: Dondozo|27\/100\n|-enditem|p2a: Dondozo|Heavy-Duty Boots|[from] move: Knock Off|[of] p1a: Scizor\n|move|p2a: Dondozo|Rest|p2a: Dondozo\n|-status|p2a: Dondozo|slp|[from] move: Rest\n|-heal|p2a: Dondozo|100\/100 slp|[silent]\n|\n|upkeep\n|turn|19\n|\n|t:|1699746021\n|move|p1a: Scizor|U-turn|p2a: Dondozo\n|-damage|p2a: Dondozo|81\/100 slp\n|\n|t:|1699746024\n|switch|p1a: Infernape|Infernape, M|100\/100|[from] U-turn\n|cant|p2a: Dondozo|slp\n|move|p2a: Dondozo|Sleep Talk|p2a: Dondozo\n|move|p2a: Dondozo|Body Press|p1a: Infernape|[from]move: Sleep Talk\n|-damage|p1a: Infernape|49\/100\n|\n|upkeep\n|turn|20\n|\n|t:|1699746034\n|move|p1a: Infernape|Stealth Rock|p2a: Dondozo\n|-sidestart|p2: shimyshamshakes|move: Stealth Rock\n|cant|p2a: Dondozo|slp\n|move|p2a: Dondozo|Sleep Talk|p2a: Dondozo\n|move|p2a: Dondozo|Avalanche|p1a: Infernape|[from]move: Sleep Talk\n|-resisted|p1a: Infernape\n|-damage|p1a: Infernape|36\/100\n|\n|upkeep\n|turn|21\n|\n|t:|1699746049\n|move|p1a: Infernape|Close Combat|p2a: Dondozo\n|-damage|p2a: Dondozo|63\/100 slp\n|-unboost|p1a: Infernape|def|1\n|-unboost|p1a: Infernape|spd|1\n|-curestatus|p2a: Dondozo|slp|[msg]\n|move|p2a: Dondozo|Sleep Talk||[still]\n|-fail|p2a: Dondozo\n|\n|upkeep\n|turn|22\n|\n|t:|1699746064\n|move|p1a: Infernape|Taunt|p2a: Dondozo\n|-start|p2a: Dondozo|move: Taunt\n|move|p2a: Dondozo|Body Press|p1a: Infernape\n|-damage|p1a: Infernape|0 fnt\n|faint|p1a: Infernape\n|\n|upkeep\n|\n|t:|1699746070\n|switch|p1a: Breloom|Breloom, F|88\/100\n|turn|23\n|\n|t:|1699746078\n|-terastallize|p2a: Dondozo|Fighting\n|move|p1a: Breloom|Close Combat|p2a: Dondozo\n|-damage|p2a: Dondozo|20\/100\n|-unboost|p1a: Breloom|def|1\n|-unboost|p1a: Breloom|spd|1\n|move|p2a: Dondozo|Body Press|p1a: Breloom\n|-damage|p1a: Breloom|19\/100\n|\n|upkeep\n|turn|24\n|\n|t:|1699746087\n|move|p1a: Breloom|Close Combat|p2a: Dondozo\n|-damage|p2a: Dondozo|0 fnt\n|-unboost|p1a: Breloom|def|1\n|-unboost|p1a: Breloom|spd|1\n|faint|p2a: Dondozo\n|\n|upkeep\n|\n|t:|1699746091\n|switch|p2a: Talonflame|Talonflame, F|100\/100\n|-damage|p2a: Talonflame|50\/100|[from] Stealth Rock\n|turn|25\n|\n|t:|1699746094\n|move|p2a: Talonflame|U-turn|p1a: Breloom\n|-damage|p1a: Breloom|0 fnt\n|faint|p1a: Breloom\n|\n|upkeep\n|\n|t:|1699746096\n|switch|p1a: Chandelure|Chandelure, M|88\/100\n|turn|26\n|\n|t:|1699746099\n|move|p2a: Talonflame|U-turn|p1a: Chandelure\n|-resisted|p1a: Chandelure\n|-damage|p1a: Chandelure|84\/100\n|move|p1a: Chandelure|Shadow Ball|p2a: Talonflame\n|-damage|p2a: Talonflame|0 fnt\n|faint|p2a: Talonflame\n|\n|win|CringeyHag69\n|raw|CringeyHag69's rating: 1313 &rarr; <strong>1336<\/strong><br \/>(+23 for winning)\n|raw|shimyshamshakes's rating: 1358 &rarr; <strong>1335<\/strong><br \/>(-23 for losing)\n|l|\u2606shimyshamshakes\n","uploadtime":1699746106,"views":10,"p1id":"cringeyhag69","p2id":"shimyshamshakes","formatid":"gen9ou","rating":1335,"private":0,"password":""}