{"id":"gen9ou-1995141270","p1":"8thjim","p2":"clorox man","format":"[Gen 9] OU","log":"|j|\u26068thjim\n|j|\u203dclorox man\n|t:|1700527170\n|gametype|singles\n|player|p1|8thjim|raihan|1740\n|player|p2|clorox man|clown|1794\n|teamsize|p1|6\n|teamsize|p2|6\n|gen|9\n|tier|[Gen 9] OU\n|rated|\n|rule|Sleep Clause Mod: Limit one foe put to sleep\n|rule|Species Clause: Limit one of each Pok\u00e9mon\n|rule|OHKO Clause: OHKO moves are banned\n|rule|Evasion Items Clause: Evasion items are banned\n|rule|Evasion Moves Clause: Evasion moves are banned\n|rule|Endless Battle Clause: Forcing endless battles is banned\n|rule|HP Percentage Mod: HP is shown in percentages\n|clearpoke\n|poke|p1|Ceruledge, M|\n|poke|p1|Goodra-Hisui, M|\n|poke|p1|Zamazenta-*|\n|poke|p1|Zapdos|\n|poke|p1|Sinistcha|\n|poke|p1|Garganacl, M|\n|poke|p2|Empoleon, M|\n|poke|p2|Dragapult, M|\n|poke|p2|Amoonguss, M|\n|poke|p2|Great Tusk|\n|poke|p2|Cinderace, M|\n|poke|p2|Kingambit, F|\n|teampreview\n|\n|t:|1700527188\n|start\n|switch|p1a: Zapdos|Zapdos|100\/100\n|switch|p2a: Empoleon|Empoleon, M|100\/100\n|turn|1\n|\n|t:|1700527191\n|move|p1a: Zapdos|Thunderbolt|p2a: Empoleon\n|-supereffective|p2a: Empoleon\n|-crit|p2a: Empoleon\n|-damage|p2a: Empoleon|3\/100\n|move|p2a: Empoleon|Stealth Rock|p1a: Zapdos\n|-sidestart|p1: 8thjim|move: Stealth Rock\n|\n|-heal|p2a: Empoleon|9\/100|[from] item: Leftovers\n|upkeep\n|turn|2\n|\n|t:|1700527200\n|switch|p2a: Great Tusk|Great Tusk|100\/100\n|move|p1a: Zapdos|Thunderbolt|p2a: Great Tusk\n|-immune|p2a: Great Tusk\n|\n|upkeep\n|turn|3\n|j| Seleukos\n|\n|t:|1700527208\n|move|p1a: Zapdos|Heat Wave|p2a: Great Tusk\n|-damage|p2a: Great Tusk|55\/100\n|move|p2a: Great Tusk|Ice Spinner|p1a: Zapdos\n|-supereffective|p1a: Zapdos\n|-damage|p1a: Zapdos|35\/100\n|\n|upkeep\n|turn|4\n|\n|t:|1700527218\n|move|p1a: Zapdos|Heat Wave|p2a: Great Tusk|[miss]\n|-miss|p1a: Zapdos|p2a: Great Tusk\n|move|p2a: Great Tusk|Headlong Rush|p1a: Zapdos\n|-immune|p1a: Zapdos\n|\n|upkeep\n|turn|5\n|\n|t:|1700527223\n|-end|p2a: Great Tusk|Protosynthesis|[silent]\n|switch|p2a: Empoleon|Empoleon, M|9\/100\n|move|p1a: Zapdos|Roost|p1a: Zapdos\n|-heal|p1a: Zapdos|85\/100\n|-singleturn|p1a: Zapdos|move: Roost\n|\n|-heal|p2a: Empoleon|15\/100|[from] item: Leftovers\n|upkeep\n|turn|6\n|\n|t:|1700527226\n|move|p1a: Zapdos|Thunderbolt|p2a: Empoleon\n|-supereffective|p2a: Empoleon\n|-damage|p2a: Empoleon|0 fnt\n|faint|p2a: Empoleon\n|\n|upkeep\n|\n|t:|1700527228\n|switch|p2a: Dragapult|Dragapult, M|100\/100\n|turn|7\n|\n|t:|1700527231\n|switch|p1a: Garganacl|Garganacl, M|100\/100\n|-damage|p1a: Garganacl|88\/100|[from] Stealth Rock\n|move|p2a: Dragapult|Draco Meteor|p1a: Garganacl|[miss]\n|-miss|p2a: Dragapult|p1a: Garganacl\n|\n|-heal|p1a: Garganacl|94\/100|[from] item: Leftovers\n|upkeep\n|turn|8\n|\n|t:|1700527236\n|switch|p2a: Great Tusk|Great Tusk|55\/100\n|move|p1a: Garganacl|Salt Cure|p2a: Great Tusk\n|-resisted|p2a: Great Tusk\n|-damage|p2a: Great Tusk|52\/100\n|-start|p2a: Great Tusk|Salt Cure\n|\n|-heal|p1a: Garganacl|100\/100|[from] item: Leftovers\n|-damage|p2a: Great Tusk|40\/100|[from] Salt Cure\n|upkeep\n|turn|9\n|\n|t:|1700527239\n|move|p1a: Garganacl|Protect|p1a: Garganacl\n|-singleturn|p1a: Garganacl|Protect\n|move|p2a: Great Tusk|Knock Off|p1a: Garganacl\n|-activate|p1a: Garganacl|move: Protect\n|\n|-damage|p2a: Great Tusk|27\/100|[from] Salt Cure\n|upkeep\n|turn|10\n|j| bimbo mais\n|\n|t:|1700527246\n|switch|p1a: Zapdos|Zapdos|85\/100\n|-damage|p1a: Zapdos|60\/100|[from] Stealth Rock\n|move|p2a: Great Tusk|Knock Off|p1a: Zapdos\n|-damage|p1a: Zapdos|16\/100\n|-enditem|p1a: Zapdos|Heavy Ball|[from] move: Knock Off|[of] p2a: Great Tusk\n|\n|-damage|p2a: Great Tusk|15\/100|[from] Salt Cure\n|upkeep\n|turn|11\n|j| HereForFrens\n|\n|t:|1700527259\n|-end|p2a: Great Tusk|Protosynthesis|[silent]\n|switch|p2a: Dragapult|Dragapult, M|100\/100\n|move|p1a: Zapdos|Heat Wave|p2a: Dragapult\n|-resisted|p2a: Dragapult\n|-damage|p2a: Dragapult|79\/100\n|-status|p2a: Dragapult|brn\n|\n|-damage|p2a: Dragapult|73\/100 brn|[from] brn\n|upkeep\n|turn|12\n|\n|t:|1700527265\n|move|p2a: Dragapult|Draco Meteor|p1a: Zapdos\n|-damage|p1a: Zapdos|0 fnt\n|-unboost|p2a: Dragapult|spa|2\n|faint|p1a: Zapdos\n|\n|-damage|p2a: Dragapult|67\/100 brn|[from] brn\n|upkeep\n|inactive|Battle timer is ON: inactive players will automatically lose when time's up. (requested by clorox man)\n|\n|t:|1700527275\n|switch|p1a: Ceruledge|Ceruledge, M|100\/100\n|turn|13\n|\n|t:|1700527279\n|switch|p2a: Great Tusk|Great Tusk|15\/100\n|move|p1a: Ceruledge|Swords Dance|p1a: Ceruledge\n|-boost|p1a: Ceruledge|atk|2\n|\n|upkeep\n|turn|14\n|\n|t:|1700527283\n|move|p1a: Ceruledge|Shadow Sneak|p2a: Great Tusk\n|-damage|p2a: Great Tusk|0 fnt\n|-damage|p1a: Ceruledge|84\/100|[from] item: Rocky Helmet|[of] p2a: Great Tusk\n|faint|p2a: Great Tusk\n|-end|p2a: Great Tusk|Protosynthesis|[silent]\n|\n|upkeep\n|\n|t:|1700527303\n|switch|p2a: Amoonguss|Amoonguss, M|100\/100\n|turn|15\n|\n|t:|1700527309\n|switch|p1a: Garganacl|Garganacl, M|100\/100\n|-damage|p1a: Garganacl|88\/100|[from] Stealth Rock\n|-terastallize|p2a: Amoonguss|Water\n|move|p2a: Amoonguss|Foul Play|p1a: Garganacl\n|-damage|p1a: Garganacl|77\/100\n|\n|-heal|p1a: Garganacl|83\/100|[from] item: Leftovers\n|upkeep\n|turn|16\n|\n|t:|1700527312\n|move|p1a: Garganacl|Stealth Rock|p2a: Amoonguss\n|-sidestart|p2: clorox man|move: Stealth Rock\n|move|p2a: Amoonguss|Grass Knot|p1a: Garganacl\n|-supereffective|p1a: Garganacl\n|-damage|p1a: Garganacl|25\/100\n|\n|-heal|p1a: Garganacl|31\/100|[from] item: Leftovers\n|upkeep\n|turn|17\n|\n|t:|1700527319\n|move|p1a: Garganacl|Protect|p1a: Garganacl\n|-singleturn|p1a: Garganacl|Protect\n|move|p2a: Amoonguss|Grass Knot|p1a: Garganacl\n|-activate|p1a: Garganacl|move: Protect\n|\n|-heal|p1a: Garganacl|37\/100|[from] item: Leftovers\n|upkeep\n|turn|18\n|\n|t:|1700527326\n|-terastallize|p1a: Garganacl|Electric\n|move|p1a: Garganacl|Recover|p1a: Garganacl\n|-heal|p1a: Garganacl|87\/100\n|move|p2a: Amoonguss|Grass Knot|p1a: Garganacl\n|-damage|p1a: Garganacl|59\/100\n|\n|-heal|p1a: Garganacl|65\/100|[from] item: Leftovers\n|upkeep\n|turn|19\n|\n|t:|1700527339\n|move|p1a: Garganacl|Salt Cure|p2a: Amoonguss\n|-crit|p2a: Amoonguss\n|-damage|p2a: Amoonguss|84\/100\n|-start|p2a: Amoonguss|Salt Cure\n|move|p2a: Amoonguss|Grass Knot|p1a: Garganacl\n|-damage|p1a: Garganacl|34\/100\n|\n|-heal|p1a: Garganacl|40\/100|[from] item: Leftovers\n|-damage|p2a: Amoonguss|59\/100|[from] Salt Cure\n|upkeep\n|turn|20\n|\n|t:|1700527344\n|switch|p2a: Dragapult|Dragapult, M|67\/100 brn\n|-damage|p2a: Dragapult|55\/100 brn|[from] Stealth Rock\n|move|p1a: Garganacl|Recover|p1a: Garganacl\n|-heal|p1a: Garganacl|90\/100\n|\n|-heal|p1a: Garganacl|96\/100|[from] item: Leftovers\n|-damage|p2a: Dragapult|49\/100 brn|[from] brn\n|upkeep\n|turn|21\n|\n|t:|1700527346\n|move|p1a: Garganacl|Protect|p1a: Garganacl\n|-singleturn|p1a: Garganacl|Protect\n|move|p2a: Dragapult|Draco Meteor|p1a: Garganacl\n|-activate|p1a: Garganacl|move: Protect\n|\n|-heal|p1a: Garganacl|100\/100|[from] item: Leftovers\n|-damage|p2a: Dragapult|43\/100 brn|[from] brn\n|upkeep\n|turn|22\n|\n|t:|1700527352\n|switch|p1a: Goodra|Goodra-Hisui, M|100\/100\n|-damage|p1a: Goodra|94\/100|[from] Stealth Rock\n|move|p2a: Dragapult|Draco Meteor|p1a: Goodra\n|-damage|p1a: Goodra|53\/100\n|-unboost|p2a: Dragapult|spa|2\n|\n|-heal|p1a: Goodra|59\/100|[from] item: Leftovers\n|-damage|p2a: Dragapult|37\/100 brn|[from] brn\n|upkeep\n|turn|23\n|\n|t:|1700527357\n|switch|p2a: Cinderace|Cinderace, M|100\/100\n|move|p1a: Goodra|Dragon Tail|p2a: Cinderace\n|-damage|p2a: Cinderace|77\/100\n|drag|p2a: Kingambit|Kingambit, F|100\/100\n|-damage|p2a: Kingambit|94\/100|[from] Stealth Rock\n|-activate|p2a: Kingambit|ability: Supreme Overlord\n|-start|p2a: Kingambit|fallen2|[silent]\n|\n|-heal|p2a: Kingambit|100\/100|[from] item: Leftovers\n|-heal|p1a: Goodra|65\/100|[from] item: Leftovers\n|upkeep\n|turn|24\n|j| yarcii\n|\n|t:|1700527370\n|move|p2a: Kingambit|Kowtow Cleave|p1a: Goodra\n|-crit|p1a: Goodra\n|-damage|p1a: Goodra|0 fnt\n|faint|p1a: Goodra\n|\n|upkeep\n|\n|t:|1700527375\n|switch|p1a: Zamazenta|Zamazenta|100\/100\n|-damage|p1a: Zamazenta|94\/100|[from] Stealth Rock\n|-ability|p1a: Zamazenta|Dauntless Shield|boost\n|-boost|p1a: Zamazenta|def|1\n|turn|25\n|\n|t:|1700527383\n|-end|p2a: Kingambit|fallen2|[silent]\n|switch|p2a: Amoonguss|Amoonguss, M, tera:Water|92\/100\n|move|p1a: Zamazenta|Heavy Slam|p2a: Amoonguss\n|-resisted|p2a: Amoonguss\n|-damage|p2a: Amoonguss|79\/100\n|\n|-heal|p1a: Zamazenta|100\/100|[from] item: Leftovers\n|upkeep\n|turn|26\n|\n|t:|1700527387\n|move|p1a: Zamazenta|Substitute|p1a: Zamazenta\n|-start|p1a: Zamazenta|Substitute\n|-damage|p1a: Zamazenta|76\/100\n|move|p2a: Amoonguss|Grass Knot|p1a: Zamazenta\n|-end|p1a: Zamazenta|Substitute\n|\n|-heal|p1a: Zamazenta|82\/100|[from] item: Leftovers\n|upkeep\n|turn|27\n|\n|t:|1700527394\n|switch|p1a: Garganacl|Garganacl, M, tera:Electric|100\/100\n|-damage|p1a: Garganacl|88\/100|[from] Stealth Rock\n|move|p2a: Amoonguss|Grass Knot|p1a: Garganacl\n|-damage|p1a: Garganacl|61\/100\n|\n|-heal|p1a: Garganacl|67\/100|[from] item: Leftovers\n|upkeep\n|turn|28\n|\n|t:|1700527398\n|move|p1a: Garganacl|Salt Cure|p2a: Amoonguss\n|-damage|p2a: Amoonguss|68\/100\n|-start|p2a: Amoonguss|Salt Cure\n|move|p2a: Amoonguss|Grass Knot|p1a: Garganacl\n|-damage|p1a: Garganacl|37\/100\n|\n|-heal|p1a: Garganacl|43\/100|[from] item: Leftovers\n|-damage|p2a: Amoonguss|43\/100|[from] Salt Cure\n|upkeep\n|turn|29\n|\n|t:|1700527406\n|switch|p2a: Dragapult|Dragapult, M|37\/100 brn\n|-damage|p2a: Dragapult|25\/100 brn|[from] Stealth Rock\n|move|p1a: Garganacl|Salt Cure|p2a: Dragapult\n|-damage|p2a: Dragapult|7\/100 brn\n|-start|p2a: Dragapult|Salt Cure\n|\n|-heal|p1a: Garganacl|49\/100|[from] item: Leftovers\n|-damage|p2a: Dragapult|1\/100 brn|[from] brn\n|-damage|p2a: Dragapult|0 fnt|[from] Salt Cure\n|faint|p2a: Dragapult\n|upkeep\n|\n|t:|1700527409\n|switch|p2a: Kingambit|Kingambit, F|100\/100\n|-damage|p2a: Kingambit|94\/100|[from] Stealth Rock\n|-activate|p2a: Kingambit|ability: Supreme Overlord\n|-start|p2a: Kingambit|fallen3|[silent]\n|turn|30\n|l| HereForFrens\n|\n|t:|1700527418\n|switch|p1a: Zamazenta|Zamazenta|82\/100\n|-damage|p1a: Zamazenta|76\/100|[from] Stealth Rock\n|move|p2a: Kingambit|Kowtow Cleave|p1a: Zamazenta\n|-resisted|p1a: Zamazenta\n|-damage|p1a: Zamazenta|53\/100\n|\n|-heal|p1a: Zamazenta|59\/100|[from] item: Leftovers\n|-heal|p2a: Kingambit|100\/100|[from] item: Leftovers\n|upkeep\n|turn|31\n|\n|t:|1700527425\n|-end|p2a: Kingambit|fallen3|[silent]\n|switch|p2a: Amoonguss|Amoonguss, M, tera:Water|76\/100\n|move|p1a: Zamazenta|Body Press|p2a: Amoonguss\n|-crit|p2a: Amoonguss\n|-damage|p2a: Amoonguss|36\/100\n|\n|-heal|p1a: Zamazenta|65\/100|[from] item: Leftovers\n|upkeep\n|turn|32\n|j| LT_Alt1\n|\n|t:|1700527436\n|switch|p1a: Sinistcha|Sinistcha|100\/100\n|-damage|p1a: Sinistcha|88\/100|[from] Stealth Rock\n|move|p2a: Amoonguss|Spore|p1a: Sinistcha\n|-immune|p1a: Sinistcha\n|\n|-heal|p1a: Sinistcha|94\/100|[from] item: Leftovers\n|upkeep\n|turn|33\n|\n|t:|1700527442\n|switch|p2a: Cinderace|Cinderace, M|77\/100\n|move|p1a: Sinistcha|Matcha Gotcha|p2a: Cinderace\n|-resisted|p2a: Cinderace\n|-damage|p2a: Cinderace|57\/100\n|-heal|p1a: Sinistcha|100\/100|[from] drain|[of] p2a: Cinderace\n|\n|upkeep\n|turn|34\n|\n|t:|1700527445\n|switch|p1a: Ceruledge|Ceruledge, M|84\/100\n|move|p2a: Cinderace|Will-O-Wisp|p1a: Ceruledge\n|-start|p1a: Ceruledge|ability: Flash Fire\n|\n|upkeep\n|turn|35\n|\n|t:|1700527454\n|switch|p2a: Amoonguss|Amoonguss, M, tera:Water|69\/100\n|move|p1a: Ceruledge|Bitter Blade|p2a: Amoonguss\n|-resisted|p2a: Amoonguss\n|-damage|p2a: Amoonguss|43\/100\n|-heal|p1a: Ceruledge|100\/100|[from] drain|[of] p2a: Amoonguss\n|\n|upkeep\n|turn|36\n|\n|t:|1700527468\n|-end|p1a: Ceruledge|ability: Flash Fire|[silent]\n|switch|p1a: Sinistcha|Sinistcha|100\/100\n|-damage|p1a: Sinistcha|88\/100|[from] Stealth Rock\n|move|p2a: Amoonguss|Foul Play|p1a: Sinistcha\n|-supereffective|p1a: Sinistcha\n|-damage|p1a: Sinistcha|71\/100\n|\n|-heal|p1a: Sinistcha|77\/100|[from] item: Leftovers\n|upkeep\n|turn|37\n|\n|t:|1700527475\n|move|p1a: Sinistcha|Matcha Gotcha|p2a: Amoonguss\n|-supereffective|p2a: Amoonguss\n|-damage|p2a: Amoonguss|0 fnt\n|-heal|p1a: Sinistcha|100\/100|[from] drain|[of] p2a: Amoonguss\n|faint|p2a: Amoonguss\n|\n|upkeep\n|\n|t:|1700527480\n|switch|p2a: Kingambit|Kingambit, F|100\/100\n|-damage|p2a: Kingambit|94\/100|[from] Stealth Rock\n|-activate|p2a: Kingambit|ability: Supreme Overlord\n|-start|p2a: Kingambit|fallen4|[silent]\n|turn|38\n|\n|t:|1700527485\n|move|p1a: Sinistcha|Iron Defense|p1a: Sinistcha\n|-boost|p1a: Sinistcha|def|2\n|move|p2a: Kingambit|Kowtow Cleave|p1a: Sinistcha\n|-supereffective|p1a: Sinistcha\n|-damage|p1a: Sinistcha|46\/100\n|\n|-heal|p1a: Sinistcha|52\/100|[from] item: Leftovers\n|-heal|p2a: Kingambit|100\/100|[from] item: Leftovers\n|upkeep\n|turn|39\n|\n|t:|1700527494\n|move|p1a: Sinistcha|Strength Sap|p2a: Kingambit\n|-unboost|p2a: Kingambit|atk|1\n|-heal|p1a: Sinistcha|100\/100\n|move|p2a: Kingambit|Swords Dance|p2a: Kingambit\n|-boost|p2a: Kingambit|atk|2\n|\n|upkeep\n|turn|40\n|\n|t:|1700527497\n|move|p1a: Sinistcha|Iron Defense|p1a: Sinistcha\n|-boost|p1a: Sinistcha|def|2\n|move|p2a: Kingambit|Swords Dance|p2a: Kingambit\n|-boost|p2a: Kingambit|atk|2\n|\n|upkeep\n|turn|41\n|\n|t:|1700527500\n|move|p1a: Sinistcha|Iron Defense|p1a: Sinistcha\n|-boost|p1a: Sinistcha|def|2\n|move|p2a: Kingambit|Swords Dance|p2a: Kingambit\n|-boost|p2a: Kingambit|atk|2\n|\n|upkeep\n|turn|42\n|\n|t:|1700527502\n|move|p1a: Sinistcha|Matcha Gotcha|p2a: Kingambit\n|-resisted|p2a: Kingambit\n|-damage|p2a: Kingambit|82\/100\n|move|p2a: Kingambit|Swords Dance|p2a: Kingambit\n|-boost|p2a: Kingambit|atk|1\n|\n|-heal|p2a: Kingambit|88\/100|[from] item: Leftovers\n|upkeep\n|turn|43\n|\n|t:|1700527506\n|move|p1a: Sinistcha|Matcha Gotcha|p2a: Kingambit\n|-resisted|p2a: Kingambit\n|-damage|p2a: Kingambit|71\/100\n|move|p2a: Kingambit|Kowtow Cleave|p1a: Sinistcha\n|-supereffective|p1a: Sinistcha\n|-damage|p1a: Sinistcha|0 fnt\n|faint|p1a: Sinistcha\n|\n|-heal|p2a: Kingambit|77\/100|[from] item: Leftovers\n|upkeep\n|\n|t:|1700527517\n|switch|p1a: Zamazenta|Zamazenta|65\/100\n|-damage|p1a: Zamazenta|59\/100|[from] Stealth Rock\n|turn|44\n|\n|t:|1700527527\n|move|p2a: Kingambit|Sucker Punch||[still]\n|-fail|p2a: Kingambit\n|move|p1a: Zamazenta|Substitute|p1a: Zamazenta\n|-start|p1a: Zamazenta|Substitute\n|-damage|p1a: Zamazenta|34\/100\n|\n|-heal|p1a: Zamazenta|40\/100|[from] item: Leftovers\n|-heal|p2a: Kingambit|83\/100|[from] item: Leftovers\n|upkeep\n|turn|45\n|-message|clorox man forfeited.\n|\n|win|8thjim\n|raw|8thjim's rating: 1740 &rarr; <strong>1763<\/strong><br \/>(+23 for winning)\n|raw|clorox man's rating: 1794 &rarr; <strong>1771<\/strong><br \/>(-23 for losing)\n|l|\u203dclorox man\n","uploadtime":1700527538,"views":7,"p1id":"8thjim","p2id":"cloroxman","formatid":"gen9ou","rating":1763,"private":0,"password":""}