{"id":"gen9ou-1997268087","p1":"Beaulofan","p2":"TY SM MY GUY","format":"[Gen 9] OU","log":"|j|\u2606Beaulofan\n|j|\u2606TY SM MY GUY\n|t:|1700782542\n|gametype|singles\n|player|p1|Beaulofan|101|1157\n|player|p2|TY SM MY GUY|hoopster|1128\n|teamsize|p1|6\n|teamsize|p2|6\n|gen|9\n|tier|[Gen 9] OU\n|rated|\n|rule|Sleep Clause Mod: Limit one foe put to sleep\n|rule|Species Clause: Limit one of each Pok\u00e9mon\n|rule|OHKO Clause: OHKO moves are banned\n|rule|Evasion Items Clause: Evasion items are banned\n|rule|Evasion Moves Clause: Evasion moves are banned\n|rule|Endless Battle Clause: Forcing endless battles is banned\n|rule|HP Percentage Mod: HP is shown in percentages\n|clearpoke\n|poke|p1|Sandslash-Alola, F|\n|poke|p1|Slowking, M|\n|poke|p1|Glaceon, M|\n|poke|p1|Heatran, F|\n|poke|p1|Toedscruel, M|\n|poke|p1|Zapdos|\n|poke|p2|Glimmora, F|\n|poke|p2|Great Tusk|\n|poke|p2|Hatterene, F|\n|poke|p2|Greninja-*, M|\n|poke|p2|Brambleghast, M|\n|poke|p2|Zoroark-Hisui, M|\n|teampreview\n|inactive|Battle timer is ON: inactive players will automatically lose when time's up. (requested by Beaulofan)\n|\n|t:|1700782559\n|start\n|switch|p1a: Zapdos|Zapdos|100\/100\n|switch|p2a: Glimmora|Glimmora, F, shiny|100\/100\n|turn|1\n|\n|t:|1700782566\n|move|p2a: Glimmora|Trick|p1a: Zapdos\n|-activate|p2a: Glimmora|move: Trick|[of] p1a: Zapdos\n|-item|p1a: Zapdos|Choice Scarf|[from] move: Trick\n|-item|p2a: Glimmora|Heavy-Duty Boots|[from] move: Trick\n|move|p1a: Zapdos|Volt Switch|p2a: Glimmora\n|-damage|p2a: Glimmora|37\/100\n|replace|p2a: Zoroark|Zoroark-Hisui, M, shiny\n|-end|p2a: Zoroark|Illusion\n|\n|t:|1700782587\n|switch|p1a: Toedscruel|Toedscruel, M|100\/100|[from] Volt Switch\n|\n|upkeep\n|turn|2\n|\n|t:|1700782592\n|move|p1a: Toedscruel|Giga Drain|p2a: Zoroark\n|-damage|p2a: Zoroark|0 fnt\n|faint|p2a: Zoroark\n|\n|upkeep\n|\n|t:|1700782600\n|switch|p2a: Greninja|Greninja, M|100\/100\n|turn|3\n|\n|t:|1700782615\n|switch|p1a: Slowking|Slowking, M|100\/100\n|move|p2a: Greninja|Dark Pulse|p1a: Slowking\n|-supereffective|p1a: Slowking\n|-damage|p1a: Slowking|47\/100\n|-damage|p2a: Greninja|91\/100|[from] item: Life Orb\n|\n|upkeep\n|turn|4\n|\n|t:|1700782631\n|-terastallize|p1a: Slowking|Fairy\n|move|p2a: Greninja|Grass Knot|p1a: Slowking\n|-damage|p1a: Slowking|30\/100\n|-damage|p2a: Greninja|81\/100|[from] item: Life Orb\n|move|p1a: Slowking|Chilly Reception|p1a: Slowking\n|-weather|Snow\n|\n|t:|1700782635\n|switch|p1a: Glaceon|Glaceon, M|100\/100|[from] Chilly Reception\n|\n|-weather|Snow|[upkeep]\n|upkeep\n|turn|5\n|\n|t:|1700782643\n|switch|p2a: Glimmora|Glimmora, F, shiny|100\/100\n|-item|p2a: Glimmora|Air Balloon\n|move|p1a: Glaceon|Freeze-Dry|p2a: Glimmora\n|-damage|p2a: Glimmora|37\/100\n|-enditem|p2a: Glimmora|Air Balloon\n|\n|-weather|Snow|[upkeep]\n|upkeep\n|turn|6\n|\n|t:|1700782651\n|move|p2a: Glimmora|Stealth Rock|p1a: Glaceon\n|-sidestart|p1: Beaulofan|move: Stealth Rock\n|move|p1a: Glaceon|Freeze-Dry|p2a: Glimmora\n|-damage|p2a: Glimmora|0 fnt\n|faint|p2a: Glimmora\n|\n|-weather|Snow|[upkeep]\n|upkeep\n|\n|t:|1700782658\n|switch|p2a: Hatterene|Hatterene, F, shiny|100\/100\n|turn|7\n|\n|t:|1700782664\n|switch|p1a: Sandslash|Sandslash-Alola, F|100\/100\n|-damage|p1a: Sandslash|88\/100|[from] Stealth Rock\n|move|p2a: Hatterene|Nuzzle|p1a: Sandslash\n|-crit|p1a: Sandslash\n|-damage|p1a: Sandslash|83\/100\n|-status|p1a: Sandslash|par\n|\n|-weather|Snow|[upkeep]\n|upkeep\n|turn|8\n|\n|t:|1700782673\n|switch|p2a: Brambleghast|Brambleghast, M, shiny|100\/100\n|move|p1a: Sandslash|Swords Dance|p1a: Sandslash\n|-boost|p1a: Sandslash|atk|2\n|\n|-weather|Snow|[upkeep]\n|upkeep\n|turn|9\n|\n|t:|1700782680\n|move|p2a: Brambleghast|Rapid Spin|p1a: Sandslash\n|-resisted|p1a: Sandslash\n|-damage|p1a: Sandslash|77\/100 par\n|-boost|p2a: Brambleghast|spe|1\n|move|p1a: Sandslash|Knock Off|p2a: Brambleghast\n|-supereffective|p2a: Brambleghast\n|-enditem|p2a: Brambleghast|Focus Sash\n|-damage|p2a: Brambleghast|1\/100\n|\n|-weather|Snow|[upkeep]\n|upkeep\n|turn|10\n|\n|t:|1700782688\n|-terastallize|p2a: Brambleghast|Fighting\n|move|p2a: Brambleghast|Tera Blast|p1a: Sandslash|[anim] Tera Blast Fighting\n|-supereffective|p1a: Sandslash\n|-damage|p1a: Sandslash|0 fnt\n|faint|p1a: Sandslash\n|\n|-weather|Snow|[upkeep]\n|upkeep\n|\n|t:|1700782706\n|switch|p1a: Zapdos|Zapdos|100\/100\n|-damage|p1a: Zapdos|76\/100|[from] Stealth Rock\n|turn|11\n|\n|t:|1700782714\n|move|p2a: Brambleghast|Shadow Sneak|p1a: Zapdos\n|-damage|p1a: Zapdos|57\/100\n|move|p1a: Zapdos|Volt Switch|p2a: Brambleghast\n|-damage|p2a: Brambleghast|0 fnt\n|faint|p2a: Brambleghast\n|\n|t:|1700782716\n|switch|p1a: Slowking|Slowking, M, tera:Fairy|64\/100|[from] Volt Switch\n|-damage|p1a: Slowking|51\/100|[from] Stealth Rock\n|\n|-weather|none\n|upkeep\n|\n|t:|1700782727\n|switch|p2a: Hatterene|Hatterene, F, shiny|100\/100\n|turn|12\n|\n|t:|1700782730\n|move|p2a: Hatterene|Psyshock|p1a: Slowking\n|-damage|p1a: Slowking|16\/100\n|move|p1a: Slowking|Chilly Reception|p1a: Slowking\n|-weather|Snow\n|\n|t:|1700782734\n|switch|p1a: Toedscruel|Toedscruel, M|100\/100|[from] Chilly Reception\n|\n|-weather|Snow|[upkeep]\n|upkeep\n|turn|13\n|\n|t:|1700782741\n|move|p1a: Toedscruel|Rapid Spin|p2a: Hatterene\n|-damage|p2a: Hatterene|92\/100\n|-boost|p1a: Toedscruel|spe|1\n|-sideend|p1: Beaulofan|Stealth Rock|[from] move: Rapid Spin|[of] p1a: Toedscruel\n|-enditem|p2a: Hatterene|Eject Button\n|\n|t:|1700782745\n|switch|p2a: Greninja|Greninja, M|81\/100\n|\n|-weather|Snow|[upkeep]\n|upkeep\n|turn|14\n|\n|t:|1700782759\n|move|p2a: Greninja|Ice Beam|p1a: Toedscruel\n|-supereffective|p1a: Toedscruel\n|-damage|p1a: Toedscruel|0 fnt\n|faint|p1a: Toedscruel\n|-ability|p2a: Greninja|Battle Bond|boost\n|-boost|p2a: Greninja|atk|1\n|-boost|p2a: Greninja|spa|1\n|-boost|p2a: Greninja|spe|1\n|-activate|p2a: Greninja|ability: Battle Bond\n|-damage|p2a: Greninja|71\/100|[from] item: Life Orb\n|\n|-weather|Snow|[upkeep]\n|upkeep\n|c|\u2606TY SM MY GUY|Dam i was still faster\n|inactive|Beaulofan has 120 seconds left.\n|\n|t:|1700782786\n|switch|p1a: Heatran|Heatran, F|100\/100\n|-item|p1a: Heatran|Air Balloon\n|turn|15\n|inactive|Beaulofan has 120 seconds left.\n|\n|t:|1700782804\n|move|p2a: Greninja|Dark Pulse|p1a: Heatran\n|-damage|p1a: Heatran|34\/100\n|-enditem|p1a: Heatran|Air Balloon\n|-damage|p2a: Greninja|61\/100|[from] item: Life Orb\n|move|p1a: Heatran|Earth Power|p2a: Greninja\n|-damage|p2a: Greninja|15\/100\n|\n|-weather|Snow|[upkeep]\n|upkeep\n|turn|16\n|c|\u2606Beaulofan|weird\n|inactive|Beaulofan has 120 seconds left.\n|c|\u2606Beaulofan|i was max speed and +1\n|\n|t:|1700782821\n|move|p2a: Greninja|Dark Pulse|p1a: Heatran\n|-damage|p1a: Heatran|0 fnt\n|faint|p1a: Heatran\n|-damage|p2a: Greninja|5\/100|[from] item: Life Orb\n|\n|-weather|Snow|[upkeep]\n|upkeep\n|\n|t:|1700782827\n|switch|p1a: Zapdos|Zapdos|57\/100\n|turn|17\n|\n|t:|1700782830\n|move|p2a: Greninja|Ice Beam|p1a: Zapdos\n|-supereffective|p1a: Zapdos\n|-damage|p1a: Zapdos|0 fnt\n|faint|p1a: Zapdos\n|-damage|p2a: Greninja|0 fnt|[from] item: Life Orb\n|faint|p2a: Greninja\n|\n|-weather|Snow|[upkeep]\n|upkeep\n|\n|t:|1700782834\n|switch|p2a: Hatterene|Hatterene, F, shiny|92\/100\n|switch|p1a: Glaceon|Glaceon, M|100\/100\n|turn|18\n|\n|t:|1700782836\n|move|p1a: Glaceon|Shadow Ball|p2a: Hatterene\n|-supereffective|p2a: Hatterene\n|-damage|p2a: Hatterene|28\/100\n|move|p2a: Hatterene|Nuzzle|p1a: Glaceon\n|-damage|p1a: Glaceon|97\/100\n|-status|p1a: Glaceon|par\n|\n|-weather|Snow|[upkeep]\n|-heal|p1a: Glaceon|100\/100 par|[from] ability: Ice Body\n|upkeep\n|turn|19\n|\n|t:|1700782840\n|move|p1a: Glaceon|Shadow Ball|p2a: Hatterene\n|-supereffective|p2a: Hatterene\n|-damage|p2a: Hatterene|0 fnt\n|faint|p2a: Hatterene\n|\n|-weather|none\n|upkeep\n|\n|t:|1700782842\n|switch|p2a: Great Tusk|Great Tusk|100\/100\n|-enditem|p2a: Great Tusk|Booster Energy\n|-activate|p2a: Great Tusk|ability: Protosynthesis|[fromitem]\n|-start|p2a: Great Tusk|protosynthesisspe\n|turn|20\n|c|\u2606Beaulofan|this man can kissmy a**\n|\n|t:|1700782855\n|switch|p1a: Slowking|Slowking, M, tera:Fairy|49\/100\n|move|p2a: Great Tusk|Bulk Up|p2a: Great Tusk\n|-boost|p2a: Great Tusk|atk|1\n|-boost|p2a: Great Tusk|def|1\n|\n|upkeep\n|turn|21\n|\n|t:|1700782860\n|move|p2a: Great Tusk|Earthquake|p1a: Slowking\n|-damage|p1a: Slowking|0 fnt\n|faint|p1a: Slowking\n|\n|upkeep\n|\n|t:|1700782862\n|switch|p1a: Glaceon|Glaceon, M|100\/100 par\n|turn|22\n|\n|t:|1700782864\n|move|p2a: Great Tusk|Body Press|p1a: Glaceon\n|-supereffective|p1a: Glaceon\n|-damage|p1a: Glaceon|0 fnt\n|faint|p1a: Glaceon\n|\n|win|TY SM MY GUY\n|raw|Beaulofan's rating: 1157 &rarr; <strong>1130<\/strong><br \/>(-27 for losing)\n|raw|TY SM MY GUY's rating: 1128 &rarr; <strong>1155<\/strong><br \/>(+27 for winning)\n|c|\u2606Beaulofan|gg\n|l|\u2606Beaulofan\n|c|\u2606TY SM MY GUY|Gg\n","uploadtime":1700782926,"views":4,"p1id":"beaulofan","p2id":"tysmmyguy","formatid":"gen9ou","rating":1130,"private":0,"password":""}