{"id":"gen9ou-1996652630","p1":"Luiscbc","p2":"gg the beegee","format":"[Gen 9] OU","log":"|j|\u2606Luiscbc\n|j|\u2606gg the beegee\n|t:|1700705468\n|gametype|singles\n|player|p1|Luiscbc|volkner|1177\n|player|p2|gg the beegee|101|1089\n|teamsize|p1|6\n|teamsize|p2|6\n|gen|9\n|tier|[Gen 9] OU\n|rated|\n|rule|Sleep Clause Mod: Limit one foe put to sleep\n|rule|Species Clause: Limit one of each Pok\u00e9mon\n|rule|OHKO Clause: OHKO moves are banned\n|rule|Evasion Items Clause: Evasion items are banned\n|rule|Evasion Moves Clause: Evasion moves are banned\n|rule|Endless Battle Clause: Forcing endless battles is banned\n|rule|HP Percentage Mod: HP is shown in percentages\n|clearpoke\n|poke|p1|Zamazenta-*|\n|poke|p1|Arcanine, F|\n|poke|p1|Houndstone, M|\n|poke|p1|Lycanroc-Dusk, F|\n|poke|p1|Mabosstiff, M|\n|poke|p1|Okidogi, M|\n|poke|p2|Zamazenta-*|\n|poke|p2|Gholdengo|\n|poke|p2|Ting-Lu|\n|poke|p2|Ogerpon-Wellspring, F|\n|poke|p2|Pelipper, M|\n|poke|p2|Toxapex, F|\n|teampreview\n|inactive|Battle timer is ON: inactive players will automatically lose when time's up. (requested by Luiscbc)\n|\n|t:|1700705485\n|start\n|switch|p1a: hachiko|Lycanroc-Dusk, F|100\/100\n|switch|p2a: Ogerpon|Ogerpon-Wellspring, F|100\/100\n|turn|1\n|\n|t:|1700705494\n|-terastallize|p2a: Ogerpon|Water\n|detailschange|p2a: Ogerpon|Ogerpon-Wellspring-Tera, F, tera:Water\n|-ability|p2a: Ogerpon|Embody Aspect (Wellspring)|boost\n|-boost|p2a: Ogerpon|spd|1\n|move|p2a: Ogerpon|Ivy Cudgel|p1a: hachiko|[anim] Ivy Cudgel Water\n|-supereffective|p1a: hachiko\n|-enditem|p1a: hachiko|Focus Sash\n|-damage|p1a: hachiko|1\/100\n|move|p1a: hachiko|Stealth Rock|p2a: Ogerpon\n|-sidestart|p2: gg the beegee|move: Stealth Rock\n|\n|upkeep\n|turn|2\n|\n|t:|1700705514\n|switch|p1a: Snoopy|Houndstone, M|100\/100\n|move|p2a: Ogerpon|Low Kick|p1a: Snoopy\n|-immune|p1a: Snoopy\n|\n|upkeep\n|turn|3\n|\n|t:|1700705524\n|switch|p2a: Ting-Lu|Ting-Lu|100\/100\n|-damage|p2a: Ting-Lu|94\/100|[from] Stealth Rock\n|-ability|p2a: Ting-Lu|Vessel of Ruin\n|move|p1a: Snoopy|Thunder Fang|p2a: Ting-Lu\n|-immune|p2a: Ting-Lu\n|\n|-heal|p2a: Ting-Lu|100\/100|[from] item: Leftovers\n|upkeep\n|turn|4\n|\n|t:|1700705541\n|switch|p1a: hachiko|Lycanroc-Dusk, F|1\/100\n|move|p2a: Ting-Lu|Stealth Rock|p1a: hachiko\n|-sidestart|p1: Luiscbc|move: Stealth Rock\n|\n|upkeep\n|turn|5\n|\n|t:|1700705547\n|move|p1a: hachiko|Endeavor|p2a: Ting-Lu\n|-damage|p2a: Ting-Lu|1\/100\n|move|p2a: Ting-Lu|Whirlwind|p1a: hachiko\n|drag|p1a: Scooby|Mabosstiff, M|100\/100\n|-damage|p1a: Scooby|88\/100|[from] Stealth Rock\n|-ability|p1a: Scooby|Intimidate|boost\n|-unboost|p2a: Ting-Lu|atk|1\n|\n|-heal|p2a: Ting-Lu|7\/100|[from] item: Leftovers\n|upkeep\n|turn|6\n|\n|t:|1700705561\n|move|p1a: Scooby|Ice Fang|p2a: Ting-Lu\n|-supereffective|p2a: Ting-Lu\n|-damage|p2a: Ting-Lu|0 fnt\n|faint|p2a: Ting-Lu\n|\n|upkeep\n|\n|t:|1700705567\n|switch|p2a: Ogerpon|Ogerpon-Wellspring-Tera, F, tera:Water|100\/100\n|-damage|p2a: Ogerpon|88\/100|[from] Stealth Rock\n|-ability|p2a: Ogerpon|Embody Aspect (Wellspring)|boost\n|-boost|p2a: Ogerpon|spd|1\n|turn|7\n|\n|t:|1700705582\n|switch|p1a: hachiko|Lycanroc-Dusk, F|1\/100\n|-damage|p1a: hachiko|0 fnt|[from] Stealth Rock\n|faint|p1a: hachiko\n|move|p2a: Ogerpon|Ivy Cudgel|p1: hachiko|[notarget]\n|-fail|p2a: Ogerpon\n|\n|upkeep\n|\n|t:|1700705592\n|switch|p1a: Clifford|Arcanine, F|100\/100\n|-damage|p1a: Clifford|75\/100|[from] Stealth Rock\n|-ability|p1a: Clifford|Intimidate|boost\n|-unboost|p2a: Ogerpon|atk|1\n|turn|8\n|\n|t:|1700705600\n|-terastallize|p1a: Clifford|Grass\n|move|p2a: Ogerpon|Ivy Cudgel|p1a: Clifford|[anim] Ivy Cudgel Water\n|-resisted|p1a: Clifford\n|-damage|p1a: Clifford|45\/100\n|move|p1a: Clifford|Will-O-Wisp|p2a: Ogerpon\n|-status|p2a: Ogerpon|brn\n|\n|-damage|p2a: Ogerpon|82\/100 brn|[from] brn\n|upkeep\n|turn|9\n|\n|t:|1700705617\n|switch|p2a: Pelipper|Pelipper, M|100\/100\n|-weather|RainDance|[from] ability: Drizzle|[of] p2a: Pelipper\n|switch|p1a: Scooby|Mabosstiff, M|88\/100\n|-damage|p1a: Scooby|76\/100|[from] Stealth Rock\n|-ability|p1a: Scooby|Intimidate|boost\n|-unboost|p2a: Pelipper|atk|1\n|\n|-weather|RainDance|[upkeep]\n|upkeep\n|turn|10\n|\n|t:|1700705631\n|move|p2a: Pelipper|U-turn|p1a: Scooby\n|-supereffective|p1a: Scooby\n|-damage|p1a: Scooby|66\/100\n|\n|t:|1700705638\n|switch|p2a: Ogerpon|Ogerpon-Wellspring-Tera, F, tera:Water|82\/100 brn|[from] U-turn\n|-damage|p2a: Ogerpon|70\/100 brn|[from] Stealth Rock\n|-ability|p2a: Ogerpon|Embody Aspect (Wellspring)|boost\n|-boost|p2a: Ogerpon|spd|1\n|move|p1a: Scooby|Snarl|p2a: Ogerpon\n|-damage|p2a: Ogerpon|60\/100 brn\n|-unboost|p2a: Ogerpon|spa|1\n|\n|-weather|RainDance|[upkeep]\n|-damage|p2a: Ogerpon|54\/100 brn|[from] brn\n|upkeep\n|turn|11\n|\n|t:|1700705655\n|switch|p1a: Snoopy|Houndstone, M|100\/100\n|-damage|p1a: Snoopy|88\/100|[from] Stealth Rock\n|move|p2a: Ogerpon|Ivy Cudgel|p1a: Snoopy|[anim] Ivy Cudgel Water\n|-damage|p1a: Snoopy|46\/100\n|\n|-weather|RainDance|[upkeep]\n|-damage|p2a: Ogerpon|48\/100 brn|[from] brn\n|upkeep\n|turn|12\n|\n|t:|1700705665\n|move|p2a: Ogerpon|Swords Dance|p2a: Ogerpon\n|-boost|p2a: Ogerpon|atk|2\n|move|p1a: Snoopy|Thunder Fang|p2a: Ogerpon\n|-supereffective|p2a: Ogerpon\n|-damage|p2a: Ogerpon|3\/100 brn\n|\n|-weather|RainDance|[upkeep]\n|-damage|p2a: Ogerpon|0 fnt|[from] brn\n|faint|p2a: Ogerpon\n|upkeep\n|\n|t:|1700705679\n|switch|p2a: Toxapex|Toxapex, F|100\/100\n|-damage|p2a: Toxapex|88\/100|[from] Stealth Rock\n|turn|13\n|\n|t:|1700705685\n|move|p1a: Snoopy|Yawn|p2a: Toxapex\n|-start|p2a: Toxapex|move: Yawn|[of] p1a: Snoopy\n|move|p2a: Toxapex|Toxic Spikes|p1a: Snoopy\n|-sidestart|p1: Luiscbc|move: Toxic Spikes\n|\n|-weather|none\n|-heal|p2a: Toxapex|94\/100|[from] item: Black Sludge\n|upkeep\n|turn|14\n|\n|t:|1700705694\n|switch|p2a: Pelipper|Pelipper, M|100\/100\n|-weather|RainDance|[from] ability: Drizzle|[of] p2a: Pelipper\n|move|p1a: Snoopy|Psychic Fangs|p2a: Pelipper\n|-crit|p2a: Pelipper\n|-damage|p2a: Pelipper|66\/100\n|\n|-weather|RainDance|[upkeep]\n|upkeep\n|turn|15\n|\n|t:|1700705709\n|switch|p2a: Gholdengo|Gholdengo|100\/100\n|-damage|p2a: Gholdengo|94\/100|[from] Stealth Rock\n|move|p1a: Snoopy|Thunder Fang|p2a: Gholdengo\n|-damage|p2a: Gholdengo|74\/100\n|\n|-weather|RainDance|[upkeep]\n|upkeep\n|turn|16\n|\n|t:|1700705720\n|move|p1a: Snoopy|Shadow Sneak|p2a: Gholdengo\n|-supereffective|p2a: Gholdengo\n|-damage|p2a: Gholdengo|35\/100\n|move|p2a: Gholdengo|Shadow Ball|p1a: Snoopy\n|-supereffective|p1a: Snoopy\n|-damage|p1a: Snoopy|0 fnt\n|faint|p1a: Snoopy\n|\n|-weather|RainDance|[upkeep]\n|upkeep\n|\n|t:|1700705729\n|switch|p1a: memecoin|Okidogi, M|100\/100\n|-damage|p1a: memecoin|95\/100|[from] Stealth Rock\n|-sideend|p1: Luiscbc|move: Toxic Spikes|[of] p1a: memecoin\n|turn|17\n|\n|t:|1700705736\n|switch|p2a: Zamazenta|Zamazenta|100\/100\n|-damage|p2a: Zamazenta|94\/100|[from] Stealth Rock\n|-ability|p2a: Zamazenta|Dauntless Shield|boost\n|-boost|p2a: Zamazenta|def|1\n|move|p1a: memecoin|Knock Off|p2a: Zamazenta\n|-resisted|p2a: Zamazenta\n|-damage|p2a: Zamazenta|84\/100\n|-enditem|p2a: Zamazenta|Assault Vest|[from] move: Knock Off|[of] p1a: memecoin\n|\n|-weather|RainDance|[upkeep]\n|-heal|p1a: memecoin|100\/100|[from] item: Black Sludge\n|upkeep\n|turn|18\n|\n|t:|1700705757\n|switch|p2a: Gholdengo|Gholdengo|35\/100\n|-damage|p2a: Gholdengo|29\/100|[from] Stealth Rock\n|switch|p1a: Scooby|Mabosstiff, M|66\/100\n|-damage|p1a: Scooby|54\/100|[from] Stealth Rock\n|-ability|p1a: Scooby|Intimidate|boost\n|-unboost|p2a: Gholdengo|atk|1\n|\n|-weather|none\n|upkeep\n|turn|19\n|\n|t:|1700705768\n|move|p2a: Gholdengo|Dazzling Gleam|p1a: Scooby\n|-supereffective|p1a: Scooby\n|-damage|p1a: Scooby|0 fnt\n|faint|p1a: Scooby\n|\n|upkeep\n|\n|t:|1700705778\n|switch|p1a: Clifford|Arcanine, F, tera:Grass|45\/100\n|-damage|p1a: Clifford|33\/100|[from] Stealth Rock\n|-ability|p1a: Clifford|Intimidate|boost\n|-unboost|p2a: Gholdengo|atk|1\n|turn|20\n|\n|t:|1700705788\n|move|p2a: Gholdengo|Dazzling Gleam|p1a: Clifford\n|-damage|p1a: Clifford|2\/100\n|move|p1a: Clifford|Heat Wave|p2a: Gholdengo\n|-supereffective|p2a: Gholdengo\n|-damage|p2a: Gholdengo|0 fnt\n|faint|p2a: Gholdengo\n|\n|upkeep\n|\n|t:|1700705795\n|switch|p2a: Toxapex|Toxapex, F|100\/100\n|-damage|p2a: Toxapex|88\/100|[from] Stealth Rock\n|turn|21\n|\n|t:|1700705803\n|move|p1a: Clifford|Will-O-Wisp|p2a: Toxapex\n|-status|p2a: Toxapex|brn\n|move|p2a: Toxapex|Chilling Water|p1a: Clifford\n|-resisted|p1a: Clifford\n|-damage|p1a: Clifford|0 fnt\n|faint|p1a: Clifford\n|\n|-heal|p2a: Toxapex|94\/100 brn|[from] item: Black Sludge\n|-damage|p2a: Toxapex|88\/100 brn|[from] brn\n|upkeep\n|\n|t:|1700705820\n|switch|p1a: memecoin|Okidogi, M|100\/100\n|-damage|p1a: memecoin|95\/100|[from] Stealth Rock\n|turn|22\n|\n|t:|1700705829\n|move|p1a: memecoin|Bulk Up|p1a: memecoin\n|-boost|p1a: memecoin|atk|1\n|-boost|p1a: memecoin|def|1\n|move|p2a: Toxapex|Chilling Water|p1a: memecoin\n|-damage|p1a: memecoin|82\/100\n|-unboost|p1a: memecoin|atk|1\n|\n|-heal|p1a: memecoin|88\/100|[from] item: Black Sludge\n|-heal|p2a: Toxapex|94\/100 brn|[from] item: Black Sludge\n|-damage|p2a: Toxapex|88\/100 brn|[from] brn\n|upkeep\n|turn|23\n|\n|t:|1700705845\n|switch|p2a: Pelipper|Pelipper, M|66\/100\n|-weather|RainDance|[from] ability: Drizzle|[of] p2a: Pelipper\n|move|p1a: memecoin|Knock Off|p2a: Pelipper\n|-damage|p2a: Pelipper|25\/100\n|-enditem|p2a: Pelipper|Heavy-Duty Boots|[from] move: Knock Off|[of] p1a: memecoin\n|\n|-weather|RainDance|[upkeep]\n|-heal|p1a: memecoin|94\/100|[from] item: Black Sludge\n|upkeep\n|turn|24\n|\n|t:|1700705859\n|move|p2a: Pelipper|Hurricane|p1a: memecoin\n|-supereffective|p1a: memecoin\n|-crit|p1a: memecoin\n|-damage|p1a: memecoin|0 fnt\n|faint|p1a: memecoin\n|\n|-weather|RainDance|[upkeep]\n|upkeep\n|\n|t:|1700705866\n|switch|p1a: Balto|Zamazenta|100\/100\n|-damage|p1a: Balto|94\/100|[from] Stealth Rock\n|-ability|p1a: Balto|Dauntless Shield|boost\n|-boost|p1a: Balto|def|1\n|turn|25\n|\n|t:|1700705879\n|move|p1a: Balto|Crunch|p2a: Pelipper\n|-damage|p2a: Pelipper|4\/100\n|move|p2a: Pelipper|Hurricane|p1a: Balto\n|-supereffective|p1a: Balto\n|-damage|p1a: Balto|52\/100\n|-start|p1a: Balto|confusion\n|\n|-weather|RainDance|[upkeep]\n|-heal|p1a: Balto|58\/100|[from] item: Leftovers\n|upkeep\n|turn|26\n|\n|t:|1700705890\n|-activate|p1a: Balto|confusion\n|move|p1a: Balto|Body Press|p2a: Pelipper\n|-resisted|p2a: Pelipper\n|-damage|p2a: Pelipper|0 fnt\n|faint|p2a: Pelipper\n|\n|-weather|RainDance|[upkeep]\n|-heal|p1a: Balto|64\/100|[from] item: Leftovers\n|upkeep\n|\n|t:|1700705897\n|switch|p2a: Toxapex|Toxapex, F|100\/100 brn\n|-damage|p2a: Toxapex|88\/100 brn|[from] Stealth Rock\n|turn|27\n|\n|t:|1700705903\n|move|p2a: Toxapex|Baneful Bunker|p2a: Toxapex\n|-singleturn|p2a: Toxapex|move: Protect\n|-end|p1a: Balto|confusion\n|move|p1a: Balto|Iron Defense|p1a: Balto\n|-boost|p1a: Balto|def|2\n|\n|-weather|none\n|-heal|p1a: Balto|71\/100|[from] item: Leftovers\n|-heal|p2a: Toxapex|94\/100 brn|[from] item: Black Sludge\n|-damage|p2a: Toxapex|88\/100 brn|[from] brn\n|upkeep\n|turn|28\n|\n|t:|1700705914\n|move|p1a: Balto|Body Press|p2a: Toxapex\n|-resisted|p2a: Toxapex\n|-damage|p2a: Toxapex|63\/100 brn\n|move|p2a: Toxapex|Chilling Water|p1a: Balto\n|-damage|p1a: Balto|64\/100\n|-unboost|p1a: Balto|atk|1\n|\n|-heal|p1a: Balto|71\/100|[from] item: Leftovers\n|-heal|p2a: Toxapex|70\/100 brn|[from] item: Black Sludge\n|-damage|p2a: Toxapex|63\/100 brn|[from] brn\n|upkeep\n|turn|29\n|\n|t:|1700705926\n|move|p1a: Balto|Iron Defense|p1a: Balto\n|-boost|p1a: Balto|def|2\n|move|p2a: Toxapex|Recover|p2a: Toxapex\n|-heal|p2a: Toxapex|100\/100 brn\n|\n|-heal|p1a: Balto|77\/100|[from] item: Leftovers\n|-damage|p2a: Toxapex|94\/100 brn|[from] brn\n|upkeep\n|turn|30\n|\n|t:|1700705935\n|move|p2a: Toxapex|Baneful Bunker|p2a: Toxapex\n|-singleturn|p2a: Toxapex|move: Protect\n|move|p1a: Balto|Iron Defense|p1a: Balto\n|-boost|p1a: Balto|def|1\n|\n|-heal|p1a: Balto|83\/100|[from] item: Leftovers\n|-heal|p2a: Toxapex|100\/100 brn|[from] item: Black Sludge\n|-damage|p2a: Toxapex|94\/100 brn|[from] brn\n|upkeep\n|turn|31\n|\n|t:|1700705945\n|move|p1a: Balto|Body Press|p2a: Toxapex\n|-resisted|p2a: Toxapex\n|-damage|p2a: Toxapex|56\/100 brn\n|move|p2a: Toxapex|Recover|p2a: Toxapex\n|-heal|p2a: Toxapex|100\/100 brn\n|\n|-heal|p1a: Balto|89\/100|[from] item: Leftovers\n|-damage|p2a: Toxapex|94\/100 brn|[from] brn\n|upkeep\n|turn|32\n|\n|t:|1700705965\n|move|p2a: Toxapex|Baneful Bunker|p2a: Toxapex\n|-singleturn|p2a: Toxapex|move: Protect\n|move|p1a: Balto|Body Press|p2a: Toxapex\n|-activate|p2a: Toxapex|move: Protect\n|-status|p1a: Balto|psn\n|\n|-heal|p1a: Balto|95\/100 psn|[from] item: Leftovers\n|-heal|p2a: Toxapex|100\/100 brn|[from] item: Black Sludge\n|-damage|p1a: Balto|83\/100 psn|[from] psn\n|-damage|p2a: Toxapex|94\/100 brn|[from] brn\n|upkeep\n|turn|33\n|\n|t:|1700705979\n|move|p1a: Balto|Body Press|p2a: Toxapex\n|-resisted|p2a: Toxapex\n|-damage|p2a: Toxapex|60\/100 brn\n|move|p2a: Toxapex|Chilling Water|p1a: Balto\n|-damage|p1a: Balto|77\/100 psn\n|-unboost|p1a: Balto|atk|1\n|\n|-heal|p1a: Balto|83\/100 psn|[from] item: Leftovers\n|-heal|p2a: Toxapex|66\/100 brn|[from] item: Black Sludge\n|-damage|p1a: Balto|70\/100 psn|[from] psn\n|-damage|p2a: Toxapex|60\/100 brn|[from] brn\n|upkeep\n|turn|34\n|\n|t:|1700705992\n|move|p1a: Balto|Iron Defense|p1a: Balto\n|-boost|p1a: Balto|def|0\n|move|p2a: Toxapex|Chilling Water|p1a: Balto\n|-damage|p1a: Balto|64\/100 psn\n|-unboost|p1a: Balto|atk|1\n|\n|-heal|p1a: Balto|70\/100 psn|[from] item: Leftovers\n|-heal|p2a: Toxapex|66\/100 brn|[from] item: Black Sludge\n|-damage|p1a: Balto|58\/100 psn|[from] psn\n|-damage|p2a: Toxapex|60\/100 brn|[from] brn\n|upkeep\n|turn|35\n|\n|t:|1700706004\n|move|p1a: Balto|Iron Defense|p1a: Balto\n|-boost|p1a: Balto|def|0\n|move|p2a: Toxapex|Recover|p2a: Toxapex\n|-heal|p2a: Toxapex|100\/100 brn\n|\n|-heal|p1a: Balto|64\/100 psn|[from] item: Leftovers\n|-damage|p1a: Balto|52\/100 psn|[from] psn\n|-damage|p2a: Toxapex|94\/100 brn|[from] brn\n|upkeep\n|turn|36\n|\n|t:|1700706016\n|move|p1a: Balto|Body Press|p2a: Toxapex\n|-resisted|p2a: Toxapex\n|-damage|p2a: Toxapex|58\/100 brn\n|move|p2a: Toxapex|Chilling Water|p1a: Balto\n|-damage|p1a: Balto|46\/100 psn\n|-unboost|p1a: Balto|atk|1\n|\n|-heal|p1a: Balto|52\/100 psn|[from] item: Leftovers\n|-heal|p2a: Toxapex|64\/100 brn|[from] item: Black Sludge\n|-damage|p1a: Balto|39\/100 psn|[from] psn\n|-damage|p2a: Toxapex|58\/100 brn|[from] brn\n|upkeep\n|turn|37\n|\n|t:|1700706031\n|move|p1a: Balto|Crunch|p2a: Toxapex\n|-damage|p2a: Toxapex|54\/100 brn\n|move|p2a: Toxapex|Chilling Water|p1a: Balto\n|-damage|p1a: Balto|33\/100 psn\n|-unboost|p1a: Balto|atk|1\n|\n|-heal|p1a: Balto|39\/100 psn|[from] item: Leftovers\n|-heal|p2a: Toxapex|60\/100 brn|[from] item: Black Sludge\n|-damage|p1a: Balto|27\/100 psn|[from] psn\n|-damage|p2a: Toxapex|54\/100 brn|[from] brn\n|upkeep\n|turn|38\n|\n|t:|1700706043\n|move|p1a: Balto|Body Press|p2a: Toxapex\n|-resisted|p2a: Toxapex\n|-damage|p2a: Toxapex|18\/100 brn\n|move|p2a: Toxapex|Chilling Water|p1a: Balto\n|-damage|p1a: Balto|21\/100 psn\n|-unboost|p1a: Balto|atk|1\n|\n|-heal|p1a: Balto|27\/100 psn|[from] item: Leftovers\n|-heal|p2a: Toxapex|25\/100 brn|[from] item: Black Sludge\n|-damage|p1a: Balto|14\/100 psn|[from] psn\n|-damage|p2a: Toxapex|18\/100 brn|[from] brn\n|upkeep\n|turn|39\n|\n|t:|1700706057\n|move|p2a: Toxapex|Baneful Bunker|p2a: Toxapex\n|-singleturn|p2a: Toxapex|move: Protect\n|move|p1a: Balto|Body Press|p2a: Toxapex\n|-activate|p2a: Toxapex|move: Protect\n|\n|-heal|p1a: Balto|21\/100 psn|[from] item: Leftovers\n|-heal|p2a: Toxapex|25\/100 brn|[from] item: Black Sludge\n|-damage|p1a: Balto|8\/100 psn|[from] psn\n|-damage|p2a: Toxapex|18\/100 brn|[from] brn\n|upkeep\n|turn|40\n|\n|t:|1700706069\n|move|p2a: Toxapex|Baneful Bunker||[still]\n|-fail|p2a: Toxapex\n|move|p1a: Balto|Body Press|p2a: Toxapex\n|-resisted|p2a: Toxapex\n|-damage|p2a: Toxapex|0 fnt\n|faint|p2a: Toxapex\n|\n|-heal|p1a: Balto|14\/100 psn|[from] item: Leftovers\n|-damage|p1a: Balto|2\/100 psn|[from] psn\n|upkeep\n|\n|t:|1700706078\n|switch|p2a: Zamazenta|Zamazenta|84\/100\n|-damage|p2a: Zamazenta|78\/100|[from] Stealth Rock\n|turn|41\n|c|\u2606Luiscbc|gg\n|c|\u2606gg the beegee|gg\n|\n|t:|1700706089\n|move|p1a: Balto|Body Press|p2a: Zamazenta\n|-damage|p2a: Zamazenta|0 fnt\n|faint|p2a: Zamazenta\n|\n|win|Luiscbc\n|raw|Luiscbc's rating: 1177 &rarr; <strong>1196<\/strong><br \/>(+19 for winning)\n|raw|gg the beegee's rating: 1089 &rarr; <strong>1071<\/strong><br \/>(-18 for losing)\n|l|\u2606gg the beegee\n","uploadtime":1700706113,"views":4,"p1id":"luiscbc","p2id":"ggthebeegee","formatid":"gen9ou","rating":1071,"private":0,"password":""}