{"id":"gen9ou-1992297465","p1":"himbotwice","p2":"ShittyDitch69","format":"[Gen 9] OU","log":"|j|\u2606himbotwice\n|j|\u2606ShittyDitch69\n|t:|1700172096\n|gametype|singles\n|player|p1|himbotwice|alec-anime|1144\n|player|p2|ShittyDitch69|drayden|1109\n|teamsize|p1|6\n|teamsize|p2|6\n|gen|9\n|tier|[Gen 9] OU\n|rated|\n|rule|Sleep Clause Mod: Limit one foe put to sleep\n|rule|Species Clause: Limit one of each Pok\u00e9mon\n|rule|OHKO Clause: OHKO moves are banned\n|rule|Evasion Items Clause: Evasion items are banned\n|rule|Evasion Moves Clause: Evasion moves are banned\n|rule|Endless Battle Clause: Forcing endless battles is banned\n|rule|HP Percentage Mod: HP is shown in percentages\n|clearpoke\n|poke|p1|Dragapult, M|\n|poke|p1|Mimikyu, F|\n|poke|p1|Sableye, M|\n|poke|p1|Zoroark-Hisui, F|\n|poke|p1|Gengar, M|\n|poke|p1|Gholdengo|\n|poke|p2|Ogerpon-Wellspring, F|\n|poke|p2|Glimmora, M|\n|poke|p2|Breloom, F|\n|poke|p2|Cyclizar, M|\n|poke|p2|Kingambit, F|\n|poke|p2|Enamorus, F|\n|teampreview\n|inactive|Battle timer is ON: inactive players will automatically lose when time's up. (requested by himbotwice)\n|\n|t:|1700172111\n|start\n|switch|p1a: Gengar|Gengar, M, shiny|100\/100\n|switch|p2a: Breloom|Breloom, F|100\/100\n|turn|1\n|\n|t:|1700172119\n|switch|p2a: Cyclizar|Cyclizar, M|100\/100\n|move|p1a: Gengar|Flamethrower|p2a: Cyclizar\n|-resisted|p2a: Cyclizar\n|-damage|p2a: Cyclizar|84\/100\n|\n|upkeep\n|turn|2\n|\n|t:|1700172127\n|switch|p1a: Mimikyu|Mimikyu, F, shiny|100\/100\n|move|p2a: Cyclizar|U-turn|p1a: Mimikyu\n|-activate|p1a: Mimikyu|ability: Disguise\n|-damage|p1a: Mimikyu|100\/100\n|detailschange|p1a: Mimikyu|Mimikyu-Busted, F, shiny\n|-damage|p1a: Mimikyu|88\/100|[from] pokemon: Mimikyu-Busted\n|\n|t:|1700172134\n|switch|p2a: Shitspring|Ogerpon-Wellspring, F|100\/100|[from] U-turn\n|\n|upkeep\n|turn|3\n|\n|t:|1700172143\n|switch|p1a: Sableye|Sableye, M, shiny|100\/100\n|move|p2a: Shitspring|Ivy Cudgel|p1a: Sableye|[anim] Ivy Cudgel Water\n|-damage|p1a: Sableye|31\/100\n|\n|upkeep\n|turn|4\n|\n|t:|1700172151\n|switch|p2a: Kingambit|Kingambit, F|100\/100\n|move|p1a: Sableye|Thunder Wave|p2a: Kingambit\n|-hint|Since gen 7, Dark is immune to Prankster moves.\n|-immune|p2a: Kingambit\n|\n|upkeep\n|turn|5\n|\n|t:|1700172159\n|move|p1a: Sableye|Reflect|p1a: Sableye\n|-sidestart|p1: himbotwice|Reflect\n|move|p2a: Kingambit|Kowtow Cleave|p1a: Sableye\n|-damage|p1a: Sableye|0 fnt\n|-damage|p2a: Kingambit|84\/100|[from] item: Rocky Helmet|[of] p1a: Sableye\n|faint|p1a: Sableye\n|\n|upkeep\n|\n|t:|1700172165\n|switch|p1a: Gengar|Gengar, M, shiny|100\/100\n|turn|6\n|\n|t:|1700172169\n|move|p2a: Kingambit|Sucker Punch|p1a: Gengar\n|-supereffective|p1a: Gengar\n|-damage|p1a: Gengar|4\/100\n|-start|p2a: Kingambit|Disable|Sucker Punch|[from] ability: Cursed Body|[of] p1a: Gengar\n|move|p1a: Gengar|Shadow Ball|p2a: Kingambit\n|-resisted|p2a: Kingambit\n|-damage|p2a: Kingambit|63\/100\n|\n|upkeep\n|turn|7\n|\n|t:|1700172180\n|-end|p2a: Kingambit|fallenundefined|[silent]\n|switch|p2a: Enamorus|Enamorus, F|100\/100\n|move|p1a: Gengar|Destiny Bond|p1a: Gengar\n|-singlemove|p1a: Gengar|Destiny Bond\n|\n|upkeep\n|turn|8\n|\n|t:|1700172187\n|switch|p2a: Cyclizar|Cyclizar, M|100\/100\n|move|p1a: Gengar|Clear Smog|p2a: Cyclizar\n|-damage|p2a: Cyclizar|70\/100\n|-clearboost|p2a: Cyclizar\n|\n|upkeep\n|turn|9\n|\n|t:|1700172202\n|switch|p1a: Gholdengo|Gholdengo|100\/100\n|-item|p1a: Gholdengo|Air Balloon\n|move|p2a: Cyclizar|U-turn|p1a: Gholdengo\n|-resisted|p1a: Gholdengo\n|-damage|p1a: Gholdengo|99\/100\n|-enditem|p1a: Gholdengo|Air Balloon\n|\n|t:|1700172210\n|switch|p2a: Shitspring|Ogerpon-Wellspring, F|100\/100|[from] U-turn\n|\n|-sideend|p1: himbotwice|Reflect\n|upkeep\n|turn|10\n|\n|t:|1700172214\n|move|p2a: Shitspring|Ivy Cudgel|p1a: Gholdengo|[anim] Ivy Cudgel Water\n|-crit|p1a: Gholdengo\n|-damage|p1a: Gholdengo|12\/100\n|move|p1a: Gholdengo|Shadow Ball|p2a: Shitspring\n|-damage|p2a: Shitspring|47\/100\n|\n|upkeep\n|turn|11\n|\n|t:|1700172224\n|move|p2a: Shitspring|Wood Hammer|p1a: Gholdengo\n|-resisted|p1a: Gholdengo\n|-damage|p1a: Gholdengo|0 fnt\n|faint|p1a: Gholdengo\n|-damage|p2a: Shitspring|42\/100|[from] Recoil\n|\n|upkeep\n|\n|t:|1700172232\n|switch|p1a: Mimikyu|Mimikyu-Busted, F, shiny|88\/100\n|turn|12\n|\n|t:|1700172239\n|move|p1a: Mimikyu|Shadow Sneak|p2a: Shitspring\n|-damage|p2a: Shitspring|15\/100\n|-damage|p1a: Mimikyu|78\/100|[from] item: Life Orb\n|move|p2a: Shitspring|Wood Hammer|p1a: Mimikyu\n|-damage|p1a: Mimikyu|0 fnt\n|faint|p1a: Mimikyu\n|-damage|p2a: Shitspring|0 fnt|[from] Recoil\n|faint|p2a: Shitspring\n|\n|upkeep\n|\n|t:|1700172261\n|switch|p2a: Cyclizar|Cyclizar, M|100\/100\n|switch|p1a: Gengar|Gengar, M, shiny|4\/100\n|turn|13\n|\n|t:|1700172265\n|move|p2a: Cyclizar|U-turn|p1a: Gengar\n|-resisted|p1a: Gengar\n|-damage|p1a: Gengar|0 fnt\n|faint|p1a: Gengar\n|\n|t:|1700172270\n|switch|p2a: Glimmora|Glimmora, M|100\/100|[from] U-turn\n|\n|upkeep\n|\n|t:|1700172273\n|switch|p1a: Dragapult|Dragapult, M, shiny|100\/100\n|turn|14\n|\n|t:|1700172278\n|-terastallize|p2a: Glimmora|Fairy\n|move|p2a: Glimmora|Dazzling Gleam|p1a: Dragapult\n|-damage|p1a: Dragapult|14\/100\n|replace|p1a: Zoroark|Zoroark-Hisui, F, shiny\n|-end|p1a: Zoroark|Illusion\n|move|p1a: Zoroark|Shadow Ball|p2a: Glimmora\n|-damage|p2a: Glimmora|45\/100\n|\n|upkeep\n|turn|15\n|\n|t:|1700172292\n|move|p2a: Glimmora|Dazzling Gleam|p1a: Zoroark\n|-damage|p1a: Zoroark|0 fnt\n|faint|p1a: Zoroark\n|\n|upkeep\n|\n|t:|1700172295\n|switch|p1a: Dragapult|Dragapult, M, shiny|100\/100\n|turn|16\n|\n|t:|1700172300\n|-terastallize|p1a: Dragapult|Ghost\n|move|p2a: Glimmora|Dazzling Gleam|p1a: Dragapult\n|-damage|p1a: Dragapult|42\/100\n|move|p1a: Dragapult|Phantom Force||[still]\n|-prepare|p1a: Dragapult|Phantom Force\n|\n|-heal|p1a: Dragapult|48\/100|[from] item: Leftovers\n|upkeep\n|turn|17\n|\n|t:|1700172312\n|switch|p2a: Cyclizar|Cyclizar, M|100\/100\n|move|p1a: Dragapult|Phantom Force|p2a: Cyclizar|[from]lockedmove\n|-immune|p2a: Cyclizar\n|\n|-heal|p1a: Dragapult|53\/100|[from] item: Leftovers\n|upkeep\n|turn|18\n|\n|t:|1700172319\n|switch|p2a: Glimmora|Glimmora, M, tera:Fairy|45\/100\n|move|p1a: Dragapult|Dragon Darts|p2a: Glimmora\n|-immune|p2a: Glimmora\n|\n|-heal|p1a: Dragapult|59\/100|[from] item: Leftovers\n|upkeep\n|turn|19\n|-message|himbotwice forfeited.\n|\n|win|ShittyDitch69\n|raw|himbotwice's rating: 1144 &rarr; <strong>1116<\/strong><br \/>(-28 for losing)\n|raw|ShittyDitch69's rating: 1109 &rarr; <strong>1137<\/strong><br \/>(+28 for winning)\n|l|\u2606himbotwice\n","uploadtime":1700172330,"views":18,"p1id":"himbotwice","p2id":"shittyditch69","formatid":"gen9ou","rating":1116,"private":0,"password":""}