{"id":"gen9ou-1999925763","p1":"yamiyami17","p2":"everybodysocre","format":"[Gen 9] OU","log":"|j|\u2606yamiyami17\n|j|\u2606everybodysocre\n|t:|1701130828\n|gametype|singles\n|player|p1|yamiyami17|102|1260\n|player|p2|everybodysocre|plasmagrunt|1290\n|teamsize|p1|6\n|teamsize|p2|6\n|gen|9\n|tier|[Gen 9] OU\n|rated|\n|rule|Sleep Clause Mod: Limit one foe put to sleep\n|rule|Species Clause: Limit one of each Pok\u00e9mon\n|rule|OHKO Clause: OHKO moves are banned\n|rule|Evasion Items Clause: Evasion items are banned\n|rule|Evasion Moves Clause: Evasion moves are banned\n|rule|Endless Battle Clause: Forcing endless battles is banned\n|rule|HP Percentage Mod: HP is shown in percentages\n|clearpoke\n|poke|p1|Tyranitar, M|\n|poke|p1|Lycanroc, M|\n|poke|p1|Kleavor, F|\n|poke|p1|Rillaboom, M|\n|poke|p1|Greninja-*, M|\n|poke|p1|Zapdos|\n|poke|p2|Cresselia, F|\n|poke|p2|Ditto|\n|poke|p2|Garganacl, F|\n|poke|p2|Manaphy|\n|poke|p2|Weavile, M|\n|poke|p2|Zapdos|\n|teampreview\n|inactive|Battle timer is ON: inactive players will automatically lose when time's up. (requested by everybodysocre)\n|\n|t:|1701130838\n|start\n|switch|p1a: Kleavor|Kleavor, F|100\/100\n|switch|p2a: Garganacl|Garganacl, F|100\/100\n|turn|1\n|inactive|yamiyami17 has 120 seconds left.\n|\n|t:|1701130870\n|move|p1a: Kleavor|Swords Dance|p1a: Kleavor\n|-boost|p1a: Kleavor|atk|2\n|move|p2a: Garganacl|Iron Defense|p2a: Garganacl\n|-boost|p2a: Garganacl|def|2\n|\n|upkeep\n|turn|2\n|\n|t:|1701130877\n|move|p1a: Kleavor|Swords Dance|p1a: Kleavor\n|-boost|p1a: Kleavor|atk|2\n|move|p2a: Garganacl|Salt Cure|p1a: Kleavor\n|-supereffective|p1a: Kleavor\n|-damage|p1a: Kleavor|63\/100\n|-start|p1a: Kleavor|Salt Cure\n|\n|-damage|p1a: Kleavor|51\/100|[from] Salt Cure\n|upkeep\n|turn|3\n|\n|t:|1701130880\n|move|p1a: Kleavor|Stone Axe|p2a: Garganacl\n|-damage|p2a: Garganacl|35\/100\n|-sidestart|p2: everybodysocre|move: Stealth Rock\n|-damage|p1a: Kleavor|41\/100|[from] item: Life Orb\n|move|p2a: Garganacl|Iron Defense|p2a: Garganacl\n|-boost|p2a: Garganacl|def|2\n|\n|-heal|p2a: Garganacl|42\/100|[from] item: Leftovers\n|-damage|p1a: Kleavor|29\/100|[from] Salt Cure\n|upkeep\n|turn|4\n|\n|t:|1701130886\n|move|p1a: Kleavor|X-Scissor|p2a: Garganacl\n|-damage|p2a: Garganacl|0 fnt\n|faint|p2a: Garganacl\n|-damage|p1a: Kleavor|19\/100|[from] item: Life Orb\n|\n|-damage|p1a: Kleavor|6\/100|[from] Salt Cure\n|upkeep\n|\n|t:|1701130894\n|switch|p2a: Weavile|Weavile, M|100\/100\n|-ability|p2a: Weavile|Pressure\n|turn|5\n|\n|t:|1701130905\n|move|p2a: Weavile|Knock Off|p1a: Kleavor\n|-damage|p1a: Kleavor|0 fnt\n|-enditem|p1a: Kleavor|Life Orb|[from] move: Knock Off|[of] p2a: Weavile\n|faint|p1a: Kleavor\n|\n|upkeep\n|\n|t:|1701130929\n|switch|p1a: Tyranitar|Tyranitar, M|100\/100\n|-weather|Sandstorm|[from] ability: Sand Stream|[of] p1a: Tyranitar\n|turn|6\n|\n|t:|1701130942\n|switch|p2a: Manaphy|Manaphy|100\/100\n|-damage|p2a: Manaphy|88\/100|[from] Stealth Rock\n|switch|p1a: Zapdos|Zapdos|100\/100\n|\n|-weather|Sandstorm|[upkeep]\n|-damage|p2a: Manaphy|82\/100|[from] Sandstorm\n|-damage|p1a: Zapdos|94\/100|[from] Sandstorm\n|-heal|p1a: Zapdos|100\/100|[from] item: Leftovers\n|-heal|p2a: Manaphy|88\/100|[from] item: Leftovers\n|upkeep\n|turn|7\n|\n|t:|1701130950\n|move|p2a: Manaphy|Take Heart|p2a: Manaphy\n|-boost|p2a: Manaphy|spa|1\n|-boost|p2a: Manaphy|spd|1\n|move|p1a: Zapdos|Discharge|p2a: Manaphy\n|-supereffective|p2a: Manaphy\n|-damage|p2a: Manaphy|35\/100\n|\n|-weather|Sandstorm|[upkeep]\n|-damage|p2a: Manaphy|28\/100|[from] Sandstorm\n|-damage|p1a: Zapdos|94\/100|[from] Sandstorm\n|-heal|p1a: Zapdos|100\/100|[from] item: Leftovers\n|-heal|p2a: Manaphy|35\/100|[from] item: Leftovers\n|upkeep\n|turn|8\n|\n|t:|1701130956\n|move|p1a: Zapdos|Discharge|p2a: Manaphy\n|-supereffective|p2a: Manaphy\n|-damage|p2a: Manaphy|0 fnt\n|faint|p2a: Manaphy\n|\n|-weather|Sandstorm|[upkeep]\n|-damage|p1a: Zapdos|94\/100|[from] Sandstorm\n|-heal|p1a: Zapdos|100\/100|[from] item: Leftovers\n|upkeep\n|\n|t:|1701130961\n|switch|p2a: Weavile|Weavile, M|100\/100\n|-ability|p2a: Weavile|Pressure\n|turn|9\n|\n|t:|1701130970\n|-terastallize|p1a: Zapdos|Electric\n|move|p2a: Weavile|Swords Dance|p2a: Weavile\n|-boost|p2a: Weavile|atk|2\n|move|p1a: Zapdos|Heat Wave|p2a: Weavile\n|-supereffective|p2a: Weavile\n|-damage|p2a: Weavile|0 fnt\n|faint|p2a: Weavile\n|\n|-weather|Sandstorm|[upkeep]\n|-damage|p1a: Zapdos|94\/100|[from] Sandstorm\n|-heal|p1a: Zapdos|100\/100|[from] item: Leftovers\n|upkeep\n|\n|t:|1701130980\n|switch|p2a: Zapdos|Zapdos|100\/100\n|turn|10\n|\n|t:|1701130985\n|move|p2a: Zapdos|Hurricane|p1a: Zapdos\n|-resisted|p1a: Zapdos\n|-damage|p1a: Zapdos|77\/100\n|move|p1a: Zapdos|Discharge|p2a: Zapdos\n|-damage|p2a: Zapdos|46\/100\n|\n|-weather|none\n|-heal|p1a: Zapdos|83\/100|[from] item: Leftovers\n|upkeep\n|turn|11\n|\n|t:|1701130991\n|move|p2a: Zapdos|Hurricane|p1a: Zapdos\n|-resisted|p1a: Zapdos\n|-damage|p1a: Zapdos|61\/100\n|-start|p1a: Zapdos|confusion\n|-activate|p1a: Zapdos|confusion\n|move|p1a: Zapdos|Discharge|p2a: Zapdos\n|-damage|p2a: Zapdos|0 fnt\n|faint|p2a: Zapdos\n|\n|-heal|p1a: Zapdos|68\/100|[from] item: Leftovers\n|upkeep\n|\n|t:|1701130999\n|switch|p2a: Cresselia|Cresselia, F|100\/100\n|-damage|p2a: Cresselia|88\/100|[from] Stealth Rock\n|turn|12\n|\n|t:|1701131003\n|switch|p1a: Tyranitar|Tyranitar, M|100\/100\n|-weather|Sandstorm|[from] ability: Sand Stream|[of] p1a: Tyranitar\n|move|p2a: Cresselia|Calm Mind|p2a: Cresselia\n|-boost|p2a: Cresselia|spa|1\n|-boost|p2a: Cresselia|spd|1\n|\n|-weather|Sandstorm|[upkeep]\n|-damage|p2a: Cresselia|82\/100|[from] Sandstorm\n|-heal|p2a: Cresselia|88\/100|[from] item: Leftovers\n|upkeep\n|turn|13\n|\n|t:|1701131007\n|-terastallize|p2a: Cresselia|Poison\n|move|p1a: Tyranitar|Knock Off|p2a: Cresselia\n|-damage|p2a: Cresselia|54\/100\n|-enditem|p2a: Cresselia|Leftovers|[from] move: Knock Off|[of] p1a: Tyranitar\n|move|p2a: Cresselia|Moonblast|p1a: Tyranitar\n|-supereffective|p1a: Tyranitar\n|-damage|p1a: Tyranitar|66\/100\n|-unboost|p1a: Tyranitar|spa|1\n|-enditem|p1a: Tyranitar|Weakness Policy\n|-boost|p1a: Tyranitar|atk|2|[from] item: Weakness Policy\n|-boost|p1a: Tyranitar|spa|2|[from] item: Weakness Policy\n|\n|-weather|Sandstorm|[upkeep]\n|-damage|p2a: Cresselia|48\/100|[from] Sandstorm\n|upkeep\n|turn|14\n|\n|t:|1701131016\n|move|p1a: Tyranitar|Rock Blast|p2a: Cresselia\n|-damage|p2a: Cresselia|27\/100\n|-damage|p2a: Cresselia|9\/100\n|-damage|p2a: Cresselia|0 fnt\n|faint|p2a: Cresselia\n|-hitcount|p2: Cresselia|3\n|\n|-weather|Sandstorm|[upkeep]\n|upkeep\n|\n|t:|1701131019\n|switch|p2a: Ditto|Ditto|100\/100\n|-damage|p2a: Ditto|88\/100|[from] Stealth Rock\n|-transform|p2a: Ditto|p1a: Tyranitar|[from] ability: Imposter\n|turn|15\n|\n|t:|1701131030\n|move|p2a: Ditto|Rock Blast|p1a: Tyranitar\n|-damage|p1a: Tyranitar|40\/100\n|-crit|p1a: Tyranitar\n|-damage|p1a: Tyranitar|0 fnt\n|faint|p1a: Tyranitar\n|-hitcount|p1: Tyranitar|2\n|\n|-weather|Sandstorm|[upkeep]\n|upkeep\n|\n|t:|1701131035\n|switch|p1a: Lycanroc|Lycanroc, M|100\/100\n|turn|16\n|\n|t:|1701131038\n|move|p1a: Lycanroc|Close Combat|p2a: Ditto\n|-supereffective|p2a: Ditto\n|-damage|p2a: Ditto|0 fnt\n|-unboost|p1a: Lycanroc|def|1\n|-unboost|p1a: Lycanroc|spd|1\n|faint|p2a: Ditto\n|\n|win|yamiyami17\n|raw|yamiyami17's rating: 1260 &rarr; <strong>1287<\/strong><br \/>(+27 for winning)\n|raw|everybodysocre's rating: 1290 &rarr; <strong>1263<\/strong><br \/>(-27 for losing)\n|l|\u2606everybodysocre\n","uploadtime":1701131060,"views":3,"p1id":"yamiyami17","p2id":"everybodysocre","formatid":"gen9ou","rating":1263,"private":0,"password":""}