{"id":"gen9ou-1992701157","p1":"7#tm","p2":"Kaleor","format":"[Gen 9] OU","log":"|j|\u26067#tm\n|j|\u2606Kaleor\n|t:|1700226887\n|gametype|singles\n|player|p1|7#tm|fantina|1671\n|player|p2|Kaleor|swimmer-gen4dp|1674\n|teamsize|p1|6\n|teamsize|p2|6\n|gen|9\n|tier|[Gen 9] OU\n|rated|\n|rule|Sleep Clause Mod: Limit one foe put to sleep\n|rule|Species Clause: Limit one of each Pok\u00e9mon\n|rule|OHKO Clause: OHKO moves are banned\n|rule|Evasion Items Clause: Evasion items are banned\n|rule|Evasion Moves Clause: Evasion moves are banned\n|rule|Endless Battle Clause: Forcing endless battles is banned\n|rule|HP Percentage Mod: HP is shown in percentages\n|clearpoke\n|poke|p1|Torkoal, M|\n|poke|p1|Walking Wake|\n|poke|p1|Lilligant-Hisui, F|\n|poke|p1|Cresselia, F|\n|poke|p1|Cinderace, F|\n|poke|p1|Enamorus-Therian, F|\n|poke|p2|Samurott-Hisui, M|\n|poke|p2|Hoopa-Unbound|\n|poke|p2|Iron Valiant|\n|poke|p2|Gholdengo|\n|poke|p2|Great Tusk|\n|poke|p2|Dragonite, M|\n|teampreview\n|inactive|Battle timer is ON: inactive players will automatically lose when time's up. (requested by 7#tm)\n|j| Ghosty_man08\n|j| debilos\n|inactive|Kaleor has 120 seconds left.\n|l| Ghosty_man08\n|inactive|Kaleor has 90 seconds left.\n|\n|t:|1700226949\n|start\n|switch|p1a: Cinderace|Cinderace, F|100\/100\n|switch|p2a: Samurott|Samurott-Hisui, M|100\/100\n|turn|1\n|j| lazatron\n|\n|t:|1700226966\n|move|p2a: Samurott|Aqua Cutter|p1a: Cinderace\n|-supereffective|p1a: Cinderace\n|-damage|p1a: Cinderace|0 fnt\n|faint|p1a: Cinderace\n|\n|upkeep\n|\n|t:|1700226975\n|switch|p1a: Walking Wake|Walking Wake|100\/100\n|turn|2\n|\n|t:|1700226990\n|switch|p2a: Hoopa|Hoopa-Unbound|100\/100\n|move|p1a: Walking Wake|Hydro Steam|p2a: Hoopa\n|-damage|p2a: Hoopa|63\/100\n|\n|upkeep\n|turn|3\n|\n|t:|1700226997\n|-end|p1a: Walking Wake|Protosynthesis|[silent]\n|switch|p1a: Torkoal|Torkoal, M|100\/100\n|-weather|SunnyDay|[from] ability: Drought|[of] p1a: Torkoal\n|move|p2a: Hoopa|Knock Off|p1a: Torkoal\n|-damage|p1a: Torkoal|68\/100\n|-enditem|p1a: Torkoal|Heat Rock|[from] move: Knock Off|[of] p2a: Hoopa\n|\n|-weather|SunnyDay|[upkeep]\n|upkeep\n|turn|4\n|\n|t:|1700227011\n|switch|p1a: Enamorus|Enamorus-Therian, F|100\/100\n|move|p2a: Hoopa|Psychic|p1a: Enamorus\n|-damage|p1a: Enamorus|64\/100\n|\n|-weather|SunnyDay|[upkeep]\n|-heal|p1a: Enamorus|70\/100|[from] item: Leftovers\n|upkeep\n|turn|5\n|\n|t:|1700227018\n|move|p2a: Hoopa|Gunk Shot|p1a: Enamorus\n|-supereffective|p1a: Enamorus\n|-crit|p1a: Enamorus\n|-damage|p1a: Enamorus|0 fnt\n|faint|p1a: Enamorus\n|\n|-weather|SunnyDay|[upkeep]\n|upkeep\n|\n|t:|1700227030\n|switch|p1a: Lilligant|Lilligant-Hisui, F|100\/100\n|turn|6\n|\n|t:|1700227038\n|switch|p1a: Walking Wake|Walking Wake|100\/100\n|-activate|p1a: Walking Wake|ability: Protosynthesis\n|-start|p1a: Walking Wake|protosynthesisspe\n|switch|p2a: Gholdengo|Gholdengo|100\/100\n|\n|-weather|SunnyDay|[upkeep]\n|upkeep\n|turn|7\n|\n|t:|1700227046\n|switch|p2a: Samurott|Samurott-Hisui, M|100\/100\n|move|p1a: Walking Wake|Hydro Steam|p2a: Samurott\n|-resisted|p2a: Samurott\n|-damage|p2a: Samurott|29\/100\n|\n|-weather|SunnyDay|[upkeep]\n|upkeep\n|turn|8\n|\n|t:|1700227053\n|move|p1a: Walking Wake|Hydro Steam|p2a: Samurott\n|-resisted|p2a: Samurott\n|-damage|p2a: Samurott|0 fnt\n|faint|p2a: Samurott\n|\n|-weather|SunnyDay|[upkeep]\n|upkeep\n|\n|t:|1700227062\n|switch|p2a: Dragonite|Dragonite, M|100\/100\n|turn|9\n|\n|t:|1700227079\n|-end|p1a: Walking Wake|Protosynthesis|[silent]\n|switch|p1a: Torkoal|Torkoal, M|68\/100\n|move|p2a: Dragonite|Outrage|p1a: Torkoal\n|-damage|p1a: Torkoal|9\/100\n|\n|-weather|SunnyDay|[upkeep]\n|upkeep\n|turn|10\n|\n|t:|1700227086\n|switch|p1a: Cresselia|Cresselia, F|100\/100\n|move|p2a: Dragonite|Outrage|p1a: Cresselia|[from]lockedmove\n|-damage|p1a: Cresselia|44\/100\n|\n|-weather|none\n|-heal|p1a: Cresselia|50\/100|[from] item: Leftovers\n|upkeep\n|turn|11\n|\n|t:|1700227097\n|switch|p1a: Torkoal|Torkoal, M|9\/100\n|-weather|SunnyDay|[from] ability: Drought|[of] p1a: Torkoal\n|move|p2a: Dragonite|Outrage|p1a: Torkoal|[from]lockedmove\n|-damage|p1a: Torkoal|0 fnt\n|faint|p1a: Torkoal\n|-start|p2a: Dragonite|confusion|[fatigue]\n|\n|-weather|SunnyDay|[upkeep]\n|upkeep\n|\n|t:|1700227117\n|switch|p1a: Lilligant|Lilligant-Hisui, F|100\/100\n|turn|12\n|\n|t:|1700227123\n|switch|p2a: Iron Valiant|Iron Valiant|100\/100\n|-enditem|p2a: Iron Valiant|Booster Energy\n|-activate|p2a: Iron Valiant|ability: Quark Drive|[fromitem]\n|-start|p2a: Iron Valiant|quarkdrivespe\n|move|p1a: Lilligant|Swords Dance|p1a: Lilligant\n|-boost|p1a: Lilligant|atk|2\n|\n|-weather|SunnyDay|[upkeep]\n|upkeep\n|turn|13\n|\n|t:|1700227131\n|move|p1a: Lilligant|Solar Blade||[still]\n|-prepare|p1a: Lilligant|Solar Blade\n|-anim|p1a: Lilligant|Solar Blade|p2a: Iron Valiant\n|-damage|p2a: Iron Valiant|0 fnt\n|faint|p2a: Iron Valiant\n|-end|p2a: Iron Valiant|Quark Drive|[silent]\n|\n|-weather|SunnyDay|[upkeep]\n|upkeep\n|\n|t:|1700227136\n|switch|p2a: Dragonite|Dragonite, M|100\/100\n|turn|14\n|j| Noob 0_o\n|\n|t:|1700227140\n|move|p1a: Lilligant|Ice Spinner|p2a: Dragonite\n|-supereffective|p2a: Dragonite\n|-damage|p2a: Dragonite|0 fnt\n|faint|p2a: Dragonite\n|\n|-weather|SunnyDay|[upkeep]\n|upkeep\n|j| DogBoiYTOnline\n|\n|t:|1700227145\n|switch|p2a: Great Tusk|Great Tusk|100\/100\n|-activate|p2a: Great Tusk|ability: Protosynthesis\n|-start|p2a: Great Tusk|protosynthesisspe\n|turn|15\n|\n|t:|1700227170\n|-terastallize|p2a: Great Tusk|Ice\n|move|p1a: Lilligant|Solar Blade||[still]\n|-prepare|p1a: Lilligant|Solar Blade\n|-anim|p1a: Lilligant|Solar Blade|p2a: Great Tusk\n|-damage|p2a: Great Tusk|27\/100\n|move|p2a: Great Tusk|Ice Spinner|p1a: Lilligant\n|-supereffective|p1a: Lilligant\n|-enditem|p1a: Lilligant|Focus Sash\n|-damage|p1a: Lilligant|1\/100\n|\n|-weather|none\n|-end|p2a: Great Tusk|Protosynthesis\n|upkeep\n|-enditem|p2a: Great Tusk|Booster Energy\n|-activate|p2a: Great Tusk|ability: Protosynthesis|[fromitem]\n|-start|p2a: Great Tusk|protosynthesisspe\n|turn|16\n|inactive|7#tm has 120 seconds left.\n|\n|t:|1700227212\n|switch|p1a: Cresselia|Cresselia, F|50\/100\n|move|p2a: Great Tusk|Rapid Spin|p1a: Cresselia\n|-damage|p1a: Cresselia|42\/100\n|-boost|p2a: Great Tusk|spe|1\n|\n|-heal|p1a: Cresselia|48\/100|[from] item: Leftovers\n|upkeep\n|turn|17\n|\n|t:|1700227220\n|-end|p2a: Great Tusk|Protosynthesis|[silent]\n|switch|p2a: Gholdengo|Gholdengo|100\/100\n|move|p1a: Cresselia|Moonlight|p1a: Cresselia\n|-heal|p1a: Cresselia|98\/100\n|\n|-heal|p1a: Cresselia|100\/100|[from] item: Leftovers\n|upkeep\n|turn|18\n|j| Hakimausi\n|\n|t:|1700227239\n|switch|p1a: Walking Wake|Walking Wake|100\/100\n|move|p2a: Gholdengo|Trick|p1a: Walking Wake\n|-activate|p2a: Gholdengo|move: Trick|[of] p1a: Walking Wake\n|-item|p1a: Walking Wake|Choice Scarf|[from] move: Trick\n|-item|p2a: Gholdengo|Choice Specs|[from] move: Trick\n|\n|upkeep\n|turn|19\n|j| mew852\n|\n|t:|1700227253\n|move|p1a: Walking Wake|Hydro Steam|p2a: Gholdengo\n|-damage|p2a: Gholdengo|54\/100\n|move|p2a: Gholdengo|Shadow Ball|p1a: Walking Wake\n|-damage|p1a: Walking Wake|25\/100\n|\n|upkeep\n|turn|20\n|\n|t:|1700227270\n|switch|p2a: Great Tusk|Great Tusk, tera:Ice|27\/100\n|-terastallize|p1a: Walking Wake|Water\n|move|p1a: Walking Wake|Hydro Steam|p2a: Great Tusk\n|-damage|p2a: Great Tusk|0 fnt\n|faint|p2a: Great Tusk\n|-end|p2a: Great Tusk|Protosynthesis|[silent]\n|\n|upkeep\n|\n|t:|1700227273\n|switch|p2a: Hoopa|Hoopa-Unbound|63\/100\n|turn|21\n|inactive|7#tm has 90 seconds left.\n|l| DogBoiYTOnline\n|inactive|7#tm has 60 seconds left.\n|\n|t:|1700227327\n|-end|p1a: Walking Wake|Protosynthesis|[silent]\n|switch|p1a: Cresselia|Cresselia, F|100\/100\n|move|p2a: Hoopa|Psychic|p1a: Cresselia\n|-resisted|p1a: Cresselia\n|-damage|p1a: Cresselia|84\/100\n|\n|-heal|p1a: Cresselia|90\/100|[from] item: Leftovers\n|upkeep\n|turn|22\n|inactive|7#tm has 60 seconds left.\n|\n|t:|1700227338\n|move|p2a: Hoopa|Knock Off|p1a: Cresselia\n|-supereffective|p1a: Cresselia\n|-damage|p1a: Cresselia|33\/100\n|-enditem|p1a: Cresselia|Leftovers|[from] move: Knock Off|[of] p2a: Hoopa\n|move|p1a: Cresselia|Moonblast|p2a: Hoopa\n|-supereffective|p2a: Hoopa\n|-damage|p2a: Hoopa|43\/100\n|\n|upkeep\n|turn|23\n|inactive|7#tm has 60 seconds left.\n|\n|t:|1700227350\n|move|p2a: Hoopa|Knock Off|p1a: Cresselia\n|-supereffective|p1a: Cresselia\n|-damage|p1a: Cresselia|0 fnt\n|faint|p1a: Cresselia\n|\n|upkeep\n|inactive|7#tm has 60 seconds left.\n|\n|t:|1700227362\n|switch|p1a: Lilligant|Lilligant-Hisui, F|1\/100\n|turn|24\n|j| outdated ahh team\n|inactive|7#tm has 60 seconds left.\n|\n|t:|1700227375\n|switch|p2a: Gholdengo|Gholdengo|54\/100\n|move|p1a: Lilligant|Ice Spinner|p2a: Gholdengo\n|-resisted|p2a: Gholdengo\n|-crit|p2a: Gholdengo\n|-damage|p2a: Gholdengo|30\/100\n|\n|upkeep\n|turn|25\n|inactive|7#tm has 60 seconds left.\n|\n|t:|1700227383\n|move|p1a: Lilligant|Ice Spinner|p2a: Gholdengo\n|-resisted|p2a: Gholdengo\n|-damage|p2a: Gholdengo|16\/100\n|move|p2a: Gholdengo|Shadow Ball|p1a: Lilligant\n|-damage|p1a: Lilligant|0 fnt\n|faint|p1a: Lilligant\n|\n|upkeep\n|inactive|7#tm has 60 seconds left.\n|\n|t:|1700227389\n|switch|p1a: Walking Wake|Walking Wake, tera:Water|25\/100\n|turn|26\n|\n|t:|1700227393\n|move|p1a: Walking Wake|Hydro Steam|p2a: Gholdengo\n|-damage|p2a: Gholdengo|0 fnt\n|faint|p2a: Gholdengo\n|\n|upkeep\n|\n|t:|1700227394\n|switch|p2a: Hoopa|Hoopa-Unbound|43\/100\n|turn|27\n|\n|t:|1700227400\n|move|p1a: Walking Wake|Hydro Steam|p2a: Hoopa\n|-damage|p2a: Hoopa|10\/100\n|move|p2a: Hoopa|Psychic|p1a: Walking Wake\n|-damage|p1a: Walking Wake|0 fnt\n|faint|p1a: Walking Wake\n|-end|p1a: Walking Wake|Protosynthesis|[silent]\n|\n|win|Kaleor\n|raw|7#tm's rating: 1671 &rarr; <strong>1651<\/strong><br \/>(-20 for losing)\n|raw|Kaleor's rating: 1674 &rarr; <strong>1694<\/strong><br \/>(+20 for winning)\n|l| debilos\n|c|\u2606Kaleor|Well thank god ur terrible lmao\n","uploadtime":1700227417,"views":9,"p1id":"7tm","p2id":"kaleor","formatid":"gen9ou","rating":1651,"private":0,"password":""}