{"id":"gen9ou-2000633883","p1":"UCC EmeUno","p2":"PERIKO0729","format":"[Gen 9] OU","log":"|j|\u2606UCC EmeUno\n|j|\u2606PERIKO0729\n|t:|1701212745\n|gametype|singles\n|player|p1|UCC EmeUno|cynthia-gen7|\n|player|p2|PERIKO0729|lucas|\n|teamsize|p1|6\n|teamsize|p2|6\n|gen|9\n|tier|[Gen 9] OU\n|rule|Sleep Clause Mod: Limit one foe put to sleep\n|rule|Species Clause: Limit one of each Pok\u00e9mon\n|rule|OHKO Clause: OHKO moves are banned\n|rule|Evasion Items Clause: Evasion items are banned\n|rule|Evasion Moves Clause: Evasion moves are banned\n|rule|Endless Battle Clause: Forcing endless battles is banned\n|rule|HP Percentage Mod: HP is shown in percentages\n|clearpoke\n|poke|p1|Great Tusk|\n|poke|p1|Quaquaval, F|\n|poke|p1|Okidogi, M|\n|poke|p1|Zamazenta-*|\n|poke|p1|Zapdos-Galar|\n|poke|p1|Pawmot, M|\n|poke|p2|Meowscarada, F|\n|poke|p2|Gholdengo|\n|poke|p2|Ribombee, F|\n|poke|p2|Kommo-o, M|\n|poke|p2|Kingambit, F|\n|poke|p2|Glimmora, F|\n|teampreview\n|inactive|Battle timer is ON: inactive players will automatically lose when time's up. (requested by PERIKO0729)\n|inactive|PERIKO0729 has 270 seconds left.\n|\n|t:|1701212781\n|start\n|switch|p1a: Zapdos|Zapdos-Galar|100\/100\n|switch|p2a: Meowscarada|Meowscarada, F, shiny|100\/100\n|turn|1\n|\n|t:|1701212799\n|move|p2a: Meowscarada|Play Rough|p1a: Zapdos\n|-start|p2a: Meowscarada|typechange|Fairy|[from] ability: Protean\n|-supereffective|p1a: Zapdos\n|-damage|p1a: Zapdos|8\/100\n|move|p1a: Zapdos|U-turn|p2a: Meowscarada\n|-resisted|p2a: Meowscarada\n|-damage|p2a: Meowscarada|82\/100\n|inactive|UCC EmeUno has 270 seconds left.\n|\n|t:|1701212832\n|switch|p1a: Zamazenta|Zamazenta|100\/100|[from] U-turn\n|-ability|p1a: Zamazenta|Dauntless Shield|boost\n|-boost|p1a: Zamazenta|def|1\n|\n|upkeep\n|turn|2\n|\n|t:|1701212851\n|switch|p2a: Glimmora|Glimmora, F|100\/100\n|-terastallize|p1a: Zamazenta|Steel\n|move|p1a: Zamazenta|Iron Defense|p1a: Zamazenta\n|-boost|p1a: Zamazenta|def|2\n|\n|upkeep\n|turn|3\n|\n|t:|1701212861\n|move|p1a: Zamazenta|Body Press|p2a: Glimmora\n|-enditem|p2a: Glimmora|Focus Sash\n|-damage|p2a: Glimmora|1\/100\n|move|p2a: Glimmora|Earth Power|p1a: Zamazenta\n|-supereffective|p1a: Zamazenta\n|-damage|p1a: Zamazenta|50\/100\n|\n|-heal|p1a: Zamazenta|57\/100|[from] item: Leftovers\n|upkeep\n|turn|4\n|inactive|UCC EmeUno has 270 seconds left.\n|\n|t:|1701212872\n|-terastallize|p2a: Glimmora|Ghost\n|move|p1a: Zamazenta|Body Press|p2a: Glimmora\n|-immune|p2a: Glimmora\n|move|p2a: Glimmora|Earth Power|p1a: Zamazenta\n|-supereffective|p1a: Zamazenta\n|-damage|p1a: Zamazenta|5\/100\n|\n|-heal|p1a: Zamazenta|11\/100|[from] item: Leftovers\n|upkeep\n|turn|5\n|\n|t:|1701212902\n|move|p1a: Zamazenta|Crunch|p2a: Glimmora\n|-supereffective|p2a: Glimmora\n|-damage|p2a: Glimmora|0 fnt\n|faint|p2a: Glimmora\n|\n|-heal|p1a: Zamazenta|18\/100|[from] item: Leftovers\n|upkeep\n|\n|t:|1701212909\n|switch|p2a: Kommo-o|Kommo-o, M|100\/100\n|turn|6\n|\n|t:|1701212915\n|move|p1a: Zamazenta|Body Press|p2a: Kommo-o\n|-damage|p2a: Kommo-o|14\/100\n|move|p2a: Kommo-o|Flamethrower|p1a: Zamazenta\n|-supereffective|p1a: Zamazenta\n|-damage|p1a: Zamazenta|0 fnt\n|faint|p1a: Zamazenta\n|\n|upkeep\n|inactive|UCC EmeUno has 270 seconds left.\n|inactive|UCC EmeUno has 240 seconds left.\n|\n|t:|1701212971\n|switch|p1a: Pawmot|Pawmot, M|100\/100\n|turn|7\n|\n|t:|1701212978\n|move|p1a: Pawmot|Ice Punch|p2a: Kommo-o\n|-supereffective|p2a: Kommo-o\n|-damage|p2a: Kommo-o|0 fnt\n|faint|p2a: Kommo-o\n|\n|upkeep\n|\n|t:|1701212984\n|switch|p2a: Meowscarada|Meowscarada, F, shiny|82\/100\n|turn|8\n|\n|t:|1701212988\n|switch|p1a: Okidogi|Okidogi, M|100\/100\n|move|p2a: Meowscarada|Play Rough|p1a: Okidogi\n|-start|p2a: Meowscarada|typechange|Fairy|[from] ability: Protean\n|-damage|p1a: Okidogi|65\/100\n|\n|upkeep\n|turn|9\n|\n|t:|1701213004\n|switch|p2a: Gholdengo|Gholdengo|100\/100\n|-item|p2a: Gholdengo|Air Balloon\n|move|p1a: Okidogi|Knock Off|p2a: Gholdengo\n|-supereffective|p2a: Gholdengo\n|-damage|p2a: Gholdengo|13\/100\n|-enditem|p2a: Gholdengo|Air Balloon\n|\n|upkeep\n|turn|10\n|inactive|UCC EmeUno has 240 seconds left.\n|\n|t:|1701213036\n|switch|p1a: Quaquaval|Quaquaval, F|100\/100\n|move|p2a: Gholdengo|Hex|p1a: Quaquaval\n|-damage|p1a: Quaquaval|63\/100\n|\n|upkeep\n|turn|11\n|inactive|UCC EmeUno has 240 seconds left.\n|\n|t:|1701213043\n|move|p2a: Gholdengo|Thunderbolt|p1a: Quaquaval\n|-supereffective|p1a: Quaquaval\n|-damage|p1a: Quaquaval|0 fnt\n|faint|p1a: Quaquaval\n|\n|upkeep\n|inactive|UCC EmeUno has 240 seconds left.\n|\n|t:|1701213059\n|switch|p1a: Pawmot|Pawmot, M|100\/100\n|turn|12\n|\n|t:|1701213069\n|move|p1a: Pawmot|Revival Blessing|p1a: Pawmot\n|-enditem|p1a: Pawmot|Leppa Berry|[eat]\n|-activate|p1a: Pawmot|item: Leppa Berry|Revival Blessing|[consumed]\n|\n|t:|1701213077\n|-heal|p1: Zamazenta|50\/100|[from] move: Revival Blessing\n|move|p2a: Gholdengo|Hex|p1a: Pawmot\n|-damage|p1a: Pawmot|41\/100\n|\n|upkeep\n|turn|13\n|\n|t:|1701213084\n|move|p1a: Pawmot|Double Shock|p2a: Gholdengo\n|-damage|p2a: Gholdengo|0 fnt\n|-start|p1a: Pawmot|typechange|???\/Fighting|[from] move: Double Shock\n|faint|p2a: Gholdengo\n|\n|upkeep\n|\n|t:|1701213090\n|switch|p2a: Ribombee|Ribombee, F|100\/100\n|turn|14\n|inactive|UCC EmeUno has 240 seconds left.\n|\n|t:|1701213102\n|move|p2a: Ribombee|Sticky Web|p1a: Pawmot\n|-sidestart|p1: UCC EmeUno|move: Sticky Web\n|move|p1a: Pawmot|Ice Punch|p2a: Ribombee\n|-damage|p2a: Ribombee|41\/100\n|\n|upkeep\n|turn|15\n|\n|t:|1701213112\n|move|p2a: Ribombee|Moonblast|p1a: Pawmot\n|-supereffective|p1a: Pawmot\n|-damage|p1a: Pawmot|0 fnt\n|faint|p1a: Pawmot\n|\n|upkeep\n|inactive|UCC EmeUno has 240 seconds left.\n|\n|t:|1701213145\n|switch|p1a: Zapdos|Zapdos-Galar|8\/100\n|turn|16\n|\n|t:|1701213152\n|move|p1a: Zapdos|Brave Bird|p2a: Ribombee\n|-supereffective|p2a: Ribombee\n|-damage|p2a: Ribombee|0 fnt\n|faint|p2a: Ribombee\n|-damage|p1a: Zapdos|0 fnt|[from] Recoil\n|faint|p1a: Zapdos\n|\n|upkeep\n|\n|t:|1701213170\n|switch|p2a: Meowscarada|Meowscarada, F, shiny|82\/100\n|switch|p1a: Okidogi|Okidogi, M|65\/100\n|-activate|p1a: Okidogi|move: Sticky Web\n|-unboost|p1a: Okidogi|spe|1\n|turn|17\n|\n|t:|1701213179\n|move|p2a: Meowscarada|U-turn|p1a: Okidogi\n|-start|p2a: Meowscarada|typechange|Bug|[from] ability: Protean\n|-resisted|p1a: Okidogi\n|-damage|p1a: Okidogi|58\/100\n|\n|t:|1701213184\n|switch|p2a: Kingambit|Kingambit, F|100\/100|[from] U-turn\n|-activate|p2a: Kingambit|ability: Supreme Overlord\n|-start|p2a: Kingambit|fallen4|[silent]\n|move|p1a: Okidogi|Poison Jab|p2a: Kingambit\n|-immune|p2a: Kingambit\n|\n|upkeep\n|turn|18\n|\n|t:|1701213200\n|move|p2a: Kingambit|Iron Head|p1a: Okidogi\n|-damage|p1a: Okidogi|3\/100\n|move|p1a: Okidogi|Drain Punch|p2a: Kingambit\n|-supereffective|p2a: Kingambit\n|-damage|p2a: Kingambit|0 fnt\n|-heal|p1a: Okidogi|49\/100|[from] drain|[of] p2a: Kingambit\n|faint|p2a: Kingambit\n|-end|p2a: Kingambit|fallen4|[silent]\n|\n|upkeep\n|\n|t:|1701213209\n|switch|p2a: Meowscarada|Meowscarada, F, shiny|82\/100\n|turn|19\n|\n|t:|1701213214\n|move|p2a: Meowscarada|Knock Off|p1a: Okidogi\n|-start|p2a: Meowscarada|typechange|Dark|[from] ability: Protean\n|-resisted|p1a: Okidogi\n|-damage|p1a: Okidogi|32\/100\n|-enditem|p1a: Okidogi|Assault Vest|[from] move: Knock Off|[of] p2a: Meowscarada\n|move|p1a: Okidogi|Poison Jab|p2a: Meowscarada\n|-damage|p2a: Meowscarada|15\/100\n|-status|p2a: Meowscarada|psn\n|\n|-damage|p2a: Meowscarada|3\/100 psn|[from] psn\n|upkeep\n|turn|20\n|\n|t:|1701213227\n|move|p2a: Meowscarada|Knock Off|p1a: Okidogi\n|-resisted|p1a: Okidogi\n|-damage|p1a: Okidogi|20\/100\n|move|p1a: Okidogi|Drain Punch|p2a: Meowscarada\n|-supereffective|p2a: Meowscarada\n|-crit|p2a: Meowscarada\n|-damage|p2a: Meowscarada|0 fnt\n|-heal|p1a: Okidogi|21\/100|[from] drain|[of] p2a: Meowscarada\n|faint|p2a: Meowscarada\n|\n|win|UCC EmeUno\n|c|\u2606UCC EmeUno|gg\n","uploadtime":1701213238,"views":5,"p1id":"uccemeuno","p2id":"periko0729","formatid":"gen9ou","rating":0,"private":0,"password":""}