{"id":"gen9ou-1988757523","p1":"Ashy Kness","p2":"Tsoxatsat","format":"[Gen 9] OU","log":"|j|\u2606Ashy Kness\n|j|\u2606Tsoxatsat\n|t:|1699759262\n|gametype|singles\n|player|p1|Ashy Kness|marlon|1464\n|player|p2|Tsoxatsat|unknownf|1484\n|teamsize|p1|6\n|teamsize|p2|6\n|gen|9\n|tier|[Gen 9] OU\n|rated|\n|rule|Sleep Clause Mod: Limit one foe put to sleep\n|rule|Species Clause: Limit one of each Pok\u00e9mon\n|rule|OHKO Clause: OHKO moves are banned\n|rule|Evasion Items Clause: Evasion items are banned\n|rule|Evasion Moves Clause: Evasion moves are banned\n|rule|Endless Battle Clause: Forcing endless battles is banned\n|rule|HP Percentage Mod: HP is shown in percentages\n|clearpoke\n|poke|p1|Gliscor, M|\n|poke|p1|Gholdengo|\n|poke|p1|Quaquaval, F|\n|poke|p1|Enamorus, F|\n|poke|p1|Iron Moth|\n|poke|p1|Iron Hands|\n|poke|p2|Kingambit, F|\n|poke|p2|Bisharp, F|\n|poke|p2|Zoroark-Hisui, M|\n|poke|p2|Dragonite, M|\n|poke|p2|Hatterene, F|\n|poke|p2|Great Tusk|\n|teampreview\n|inactive|Battle timer is ON: inactive players will automatically lose when time's up. (requested by Tsoxatsat)\n|inactive|Tsoxatsat has 120 seconds left.\n|inactive|Tsoxatsat has 90 seconds left.\n|\n|t:|1699759326\n|start\n|switch|p1a: Iron Hands|Iron Hands|100\/100\n|switch|p2a: Great Tusk|Great Tusk|100\/100\n|-enditem|p2a: Great Tusk|Booster Energy\n|-activate|p2a: Great Tusk|ability: Protosynthesis|[fromitem]\n|-start|p2a: Great Tusk|protosynthesisatk\n|turn|1\n|\n|t:|1699759332\n|-end|p1a: Iron Hands|Quark Drive|[silent]\n|switch|p1a: Gliscor|Gliscor, M|100\/100\n|move|p2a: Great Tusk|Knock Off|p1a: Gliscor\n|-damage|p1a: Gliscor|66\/100\n|-enditem|p1a: Gliscor|Toxic Orb|[from] move: Knock Off|[of] p2a: Great Tusk\n|\n|upkeep\n|turn|2\n|\n|t:|1699759351\n|switch|p1a: Quaquaval|Quaquaval, F|100\/100\n|-end|p2a: Great Tusk|Protosynthesis|[silent]\n|switch|p2a: Hatterene|Hatterene, F|100\/100\n|\n|upkeep\n|turn|3\n|\n|t:|1699759364\n|switch|p1a: Gholdengo|Gholdengo|100\/100\n|-item|p1a: Gholdengo|Air Balloon\n|move|p2a: Hatterene|Psychic|p1a: Gholdengo\n|-resisted|p1a: Gholdengo\n|-damage|p1a: Gholdengo|79\/100\n|-enditem|p1a: Gholdengo|Air Balloon\n|\n|upkeep\n|turn|4\n|\n|t:|1699759371\n|switch|p2a: Bisharp|Bisharp, F|100\/100\n|move|p1a: Gholdengo|Shadow Ball|p2a: Bisharp\n|-resisted|p2a: Bisharp\n|-damage|p2a: Bisharp|77\/100\n|\n|upkeep\n|turn|5\n|\n|t:|1699759375\n|switch|p1a: Quaquaval|Quaquaval, F|100\/100\n|move|p2a: Bisharp|Sucker Punch||[still]\n|-fail|p2a: Bisharp\n|\n|upkeep\n|turn|6\n|\n|t:|1699759380\n|switch|p2a: Great Tusk|Great Tusk|100\/100\n|move|p1a: Quaquaval|Aqua Step|p2a: Great Tusk\n|-supereffective|p2a: Great Tusk\n|-damage|p2a: Great Tusk|51\/100\n|-boost|p1a: Quaquaval|spe|1\n|\n|upkeep\n|turn|7\n|\n|t:|1699759391\n|move|p1a: Quaquaval|Aqua Step|p2a: Great Tusk\n|-supereffective|p2a: Great Tusk\n|-damage|p2a: Great Tusk|2\/100\n|-boost|p1a: Quaquaval|spe|1\n|move|p2a: Great Tusk|Headlong Rush|p1a: Quaquaval\n|-damage|p1a: Quaquaval|50\/100\n|-unboost|p2a: Great Tusk|def|1\n|-unboost|p2a: Great Tusk|spd|1\n|\n|-heal|p1a: Quaquaval|56\/100|[from] item: Leftovers\n|upkeep\n|turn|8\n|\n|t:|1699759397\n|-end|p2a: Great Tusk|Protosynthesis|[silent]\n|switch|p2a: Hatterene|Hatterene, F|100\/100\n|move|p1a: Quaquaval|Aqua Step|p2a: Hatterene\n|-damage|p2a: Hatterene|69\/100\n|-boost|p1a: Quaquaval|spe|1\n|-enditem|p2a: Hatterene|Eject Button\n|\n|t:|1699759402\n|switch|p2a: Dragonite|Dragonite, M|100\/100\n|\n|-heal|p1a: Quaquaval|62\/100|[from] item: Leftovers\n|upkeep\n|turn|9\n|\n|t:|1699759412\n|switch|p1a: Enamorus|Enamorus, F|100\/100\n|-terastallize|p2a: Dragonite|Normal\n|move|p2a: Dragonite|Extreme Speed|p1a: Enamorus\n|-damage|p1a: Enamorus|13\/100\n|\n|upkeep\n|turn|10\n|\n|t:|1699759428\n|move|p2a: Dragonite|Extreme Speed|p1a: Enamorus\n|-damage|p1a: Enamorus|0 fnt\n|faint|p1a: Enamorus\n|\n|upkeep\n|\n|t:|1699759432\n|switch|p1a: Gholdengo|Gholdengo|79\/100\n|turn|11\n|\n|t:|1699759442\n|switch|p2a: Hatterene|Hatterene, F|69\/100\n|move|p1a: Gholdengo|Recover|p1a: Gholdengo\n|-heal|p1a: Gholdengo|100\/100\n|\n|upkeep\n|turn|12\n|\n|t:|1699759446\n|move|p1a: Gholdengo|Make It Rain|p2a: Hatterene\n|-supereffective|p2a: Hatterene\n|-damage|p2a: Hatterene|0 fnt\n|-unboost|p1a: Gholdengo|spa|1\n|faint|p2a: Hatterene\n|\n|upkeep\n|\n|t:|1699759453\n|switch|p2a: Great Tusk|Great Tusk|2\/100\n|turn|13\n|\n|t:|1699759458\n|switch|p1a: Gliscor|Gliscor, M|66\/100\n|move|p2a: Great Tusk|Knock Off|p1a: Gliscor\n|-damage|p1a: Gliscor|47\/100\n|\n|upkeep\n|turn|14\n|\n|t:|1699759464\n|move|p1a: Gliscor|Knock Off|p2a: Great Tusk\n|-resisted|p2a: Great Tusk\n|-damage|p2a: Great Tusk|0 fnt\n|faint|p2a: Great Tusk\n|-end|p2a: Great Tusk|Protosynthesis|[silent]\n|\n|upkeep\n|\n|t:|1699759472\n|switch|p2a: Kingambit|Kingambit, F|100\/100\n|turn|15\n|\n|t:|1699759478\n|move|p2a: Kingambit|Shadow Ball|p1a: Gliscor\n|-damage|p1a: Gliscor|0 fnt\n|faint|p1a: Gliscor\n|-damage|p2a: Kingambit|91\/100|[from] item: Life Orb\n|\n|upkeep\n|\n|t:|1699759483\n|switch|p1a: Iron Hands|Iron Hands|100\/100\n|turn|16\n|\n|t:|1699759492\n|move|p2a: Kingambit|Knock Off|p1a: Iron Hands\n|-resisted|p1a: Iron Hands\n|-damage|p1a: Iron Hands|92\/100\n|-enditem|p1a: Iron Hands|Assault Vest|[from] move: Knock Off|[of] p2a: Kingambit\n|-damage|p2a: Kingambit|81\/100|[from] item: Life Orb\n|move|p1a: Iron Hands|Wild Charge|p2a: Kingambit\n|-damage|p2a: Kingambit|0 fnt\n|replace|p2a: Zoroark|Zoroark-Hisui, M\n|-end|p2a: Zoroark|Illusion\n|faint|p2a: Zoroark\n|-damage|p1a: Iron Hands|82\/100|[from] Recoil\n|\n|upkeep\n|\n|t:|1699759502\n|switch|p2a: Bisharp|Bisharp, F|77\/100\n|turn|17\n|\n|t:|1699759506\n|move|p2a: Bisharp|Iron Head|p1a: Iron Hands\n|-resisted|p1a: Iron Hands\n|-damage|p1a: Iron Hands|68\/100\n|move|p1a: Iron Hands|Drain Punch|p2a: Bisharp\n|-supereffective|p2a: Bisharp\n|-crit|p2a: Bisharp\n|-damage|p2a: Bisharp|0 fnt\n|-heal|p1a: Iron Hands|88\/100|[from] drain|[of] p2a: Bisharp\n|faint|p2a: Bisharp\n|\n|upkeep\n|\n|t:|1699759513\n|switch|p2a: Dragonite|Dragonite, M, tera:Normal|100\/100\n|turn|18\n|\n|t:|1699759520\n|-end|p1a: Iron Hands|Quark Drive|[silent]\n|switch|p1a: Iron Moth|Iron Moth|100\/100\n|-enditem|p1a: Iron Moth|Booster Energy\n|-activate|p1a: Iron Moth|ability: Quark Drive|[fromitem]\n|-start|p1a: Iron Moth|quarkdrivespe\n|move|p2a: Dragonite|Dragon Dance|p2a: Dragonite\n|-boost|p2a: Dragonite|atk|1\n|-boost|p2a: Dragonite|spe|1\n|\n|upkeep\n|turn|19\n|\n|t:|1699759527\n|move|p1a: Iron Moth|Fiery Dance|p2a: Dragonite\n|-damage|p2a: Dragonite|79\/100\n|-boost|p1a: Iron Moth|spa|1\n|move|p2a: Dragonite|Dragon Dance|p2a: Dragonite\n|-boost|p2a: Dragonite|atk|1\n|-boost|p2a: Dragonite|spe|1\n|\n|upkeep\n|turn|20\n|\n|t:|1699759537\n|move|p1a: Iron Moth|Fiery Dance|p2a: Dragonite\n|-damage|p2a: Dragonite|18\/100\n|-boost|p1a: Iron Moth|spa|1\n|move|p2a: Dragonite|Dragon Dance|p2a: Dragonite\n|-boost|p2a: Dragonite|atk|1\n|-boost|p2a: Dragonite|spe|1\n|\n|upkeep\n|turn|21\n|\n|t:|1699759541\n|move|p2a: Dragonite|Extreme Speed|p1a: Iron Moth\n|-damage|p1a: Iron Moth|0 fnt\n|faint|p1a: Iron Moth\n|-end|p1a: Iron Moth|Quark Drive|[silent]\n|\n|upkeep\n|\n|t:|1699759551\n|switch|p1a: Quaquaval|Quaquaval, F|62\/100\n|turn|22\n|\n|t:|1699759560\n|move|p2a: Dragonite|Extreme Speed|p1a: Quaquaval\n|-damage|p1a: Quaquaval|0 fnt\n|faint|p1a: Quaquaval\n|\n|upkeep\n|\n|t:|1699759563\n|switch|p1a: Gholdengo|Gholdengo|100\/100\n|turn|23\n|\n|t:|1699759567\n|-terastallize|p1a: Gholdengo|Flying\n|move|p2a: Dragonite|Ice Spinner|p1a: Gholdengo\n|-supereffective|p1a: Gholdengo\n|-damage|p1a: Gholdengo|0 fnt\n|faint|p1a: Gholdengo\n|\n|upkeep\n|\n|t:|1699759571\n|switch|p1a: Iron Hands|Iron Hands|88\/100\n|turn|24\n|\n|t:|1699759575\n|move|p2a: Dragonite|Extreme Speed|p1a: Iron Hands\n|-crit|p1a: Iron Hands\n|-damage|p1a: Iron Hands|0 fnt\n|faint|p1a: Iron Hands\n|-end|p1a: Iron Hands|Quark Drive|[silent]\n|\n|win|Tsoxatsat\n|raw|Ashy Kness's rating: 1464 &rarr; <strong>1445<\/strong><br \/>(-19 for losing)\n|raw|Tsoxatsat's rating: 1484 &rarr; <strong>1503<\/strong><br \/>(+19 for winning)\n|l|\u2606Ashy Kness\n","uploadtime":1699759580,"views":8,"p1id":"ashykness","p2id":"tsoxatsat","formatid":"gen9ou","rating":1445,"private":0,"password":""}