{"id":"gen9ou-1995063387","p1":"PLAYB0I R0BBIE B","p2":"ii0p4","format":"[Gen 9] OU","log":"|j|\u2606PLAYB0I R0BBIE B\n|j|\u2606ii0p4\n|t:|1700518567\n|gametype|singles\n|player|p1|PLAYB0I R0BBIE B|eusine|1380\n|player|p2|ii0p4|bugcatcher-gen4dp|1295\n|teamsize|p1|6\n|teamsize|p2|6\n|gen|9\n|tier|[Gen 9] OU\n|rated|\n|rule|Sleep Clause Mod: Limit one foe put to sleep\n|rule|Species Clause: Limit one of each Pok\u00e9mon\n|rule|OHKO Clause: OHKO moves are banned\n|rule|Evasion Items Clause: Evasion items are banned\n|rule|Evasion Moves Clause: Evasion moves are banned\n|rule|Endless Battle Clause: Forcing endless battles is banned\n|rule|HP Percentage Mod: HP is shown in percentages\n|clearpoke\n|poke|p1|Meowscarada, F|\n|poke|p1|Heatran, F|\n|poke|p1|Thundurus-Therian, M|\n|poke|p1|Dragapult, F|\n|poke|p1|Great Tusk|\n|poke|p1|Azumarill, F|\n|poke|p2|Ribombee, M|\n|poke|p2|Charizard, M|\n|poke|p2|Lilligant-Hisui, F|\n|poke|p2|Great Tusk|\n|poke|p2|Walking Wake|\n|poke|p2|Torkoal, M|\n|teampreview\n|\n|t:|1700518570\n|start\n|switch|p1a: 5% TINT|Heatran, F|100\/100\n|switch|p2a: Ribombee|Ribombee, M|100\/100\n|-item|p1a: 5% TINT|Air Balloon\n|turn|1\n|\n|t:|1700518578\n|move|p2a: Ribombee|Sticky Web|p1a: 5% TINT\n|-sidestart|p1: PLAYB0I R0BBIE B|move: Sticky Web\n|move|p1a: 5% TINT|Magma Storm|p2a: Ribombee\n|-supereffective|p2a: Ribombee\n|-damage|p2a: Ribombee|0 fnt\n|faint|p2a: Ribombee\n|\n|upkeep\n|\n|t:|1700518588\n|switch|p2a: Great Tusk|Great Tusk|100\/100\n|turn|2\n|\n|t:|1700518599\n|switch|p1a: YOSEMITE|Great Tusk|100\/100\n|move|p2a: Great Tusk|Close Combat|p1a: YOSEMITE\n|-damage|p1a: YOSEMITE|55\/100\n|-unboost|p2a: Great Tusk|def|1\n|-unboost|p2a: Great Tusk|spd|1\n|\n|upkeep\n|turn|3\n|\n|t:|1700518607\n|-end|p2a: Great Tusk|Protosynthesis|[silent]\n|switch|p2a: Lilligant|Lilligant-Hisui, F|100\/100\n|move|p1a: YOSEMITE|Rapid Spin|p2a: Lilligant\n|-crit|p2a: Lilligant\n|-damage|p2a: Lilligant|58\/100\n|-boost|p1a: YOSEMITE|spe|1\n|-sideend|p1: PLAYB0I R0BBIE B|Sticky Web|[from] move: Rapid Spin|[of] p1a: YOSEMITE\n|\n|-heal|p2a: Lilligant|64\/100|[from] item: Leftovers\n|upkeep\n|turn|4\n|\n|t:|1700518618\n|switch|p2a: Torkoal|Torkoal, M|100\/100\n|-weather|SunnyDay|[from] ability: Drought|[of] p2a: Torkoal\n|-activate|p1a: YOSEMITE|ability: Protosynthesis\n|-start|p1a: YOSEMITE|protosynthesisspe\n|move|p1a: YOSEMITE|Ice Spinner|p2a: Torkoal\n|-resisted|p2a: Torkoal\n|-damage|p2a: Torkoal|90\/100\n|\n|-weather|SunnyDay|[upkeep]\n|upkeep\n|turn|5\n|inactive|Battle timer is ON: inactive players will automatically lose when time's up. (requested by PLAYB0I R0BBIE B)\n|\n|t:|1700518626\n|move|p1a: YOSEMITE|Headlong Rush|p2a: Torkoal\n|-supereffective|p2a: Torkoal\n|-damage|p2a: Torkoal|3\/100\n|-unboost|p1a: YOSEMITE|def|1\n|-unboost|p1a: YOSEMITE|spd|1\n|move|p2a: Torkoal|Will-O-Wisp|p1a: YOSEMITE|[miss]\n|-miss|p2a: Torkoal|p1a: YOSEMITE\n|\n|-weather|SunnyDay|[upkeep]\n|upkeep\n|turn|6\n|\n|t:|1700518635\n|move|p1a: YOSEMITE|Rapid Spin|p2a: Torkoal\n|-damage|p2a: Torkoal|0 fnt\n|-boost|p1a: YOSEMITE|spe|1\n|faint|p2a: Torkoal\n|\n|-weather|SunnyDay|[upkeep]\n|upkeep\n|\n|t:|1700518637\n|switch|p2a: Lilligant|Lilligant-Hisui, F|64\/100\n|turn|7\n|\n|t:|1700518640\n|move|p1a: YOSEMITE|Ice Spinner|p2a: Lilligant\n|-supereffective|p2a: Lilligant\n|-damage|p2a: Lilligant|0 fnt\n|faint|p2a: Lilligant\n|\n|-weather|SunnyDay|[upkeep]\n|upkeep\n|\n|t:|1700518645\n|switch|p2a: Walking Wake|Walking Wake|100\/100\n|-activate|p2a: Walking Wake|ability: Protosynthesis\n|-start|p2a: Walking Wake|protosynthesisspe\n|turn|8\n|c|\u2606PLAYB0I R0BBIE B|lol\n|\n|t:|1700518651\n|move|p1a: YOSEMITE|Close Combat|p2a: Walking Wake\n|-damage|p2a: Walking Wake|32\/100\n|-unboost|p1a: YOSEMITE|def|1\n|-unboost|p1a: YOSEMITE|spd|1\n|move|p2a: Walking Wake|Hydro Steam|p1a: YOSEMITE\n|-supereffective|p1a: YOSEMITE\n|-damage|p1a: YOSEMITE|0 fnt\n|faint|p1a: YOSEMITE\n|-end|p1a: YOSEMITE|Protosynthesis|[silent]\n|\n|-weather|SunnyDay|[upkeep]\n|upkeep\n|\n|t:|1700518654\n|switch|p1a: CAN'T SAY|Azumarill, F|100\/100\n|turn|9\n|\n|t:|1700518661\n|-terastallize|p2a: Walking Wake|Water\n|move|p2a: Walking Wake|Hydro Steam|p1a: CAN'T SAY\n|-resisted|p1a: CAN'T SAY\n|-damage|p1a: CAN'T SAY|61\/100\n|move|p1a: CAN'T SAY|Play Rough|p2a: Walking Wake\n|-damage|p2a: Walking Wake|0 fnt\n|faint|p2a: Walking Wake\n|-end|p2a: Walking Wake|Protosynthesis|[silent]\n|\n|-weather|SunnyDay|[upkeep]\n|upkeep\n|\n|t:|1700518670\n|switch|p2a: Charizard|Charizard, M|100\/100\n|turn|10\n|\n|t:|1700518674\n|switch|p1a: 5% TINT|Heatran, F|100\/100\n|-item|p1a: 5% TINT|Air Balloon\n|move|p2a: Charizard|Solar Beam||[still]\n|-prepare|p2a: Charizard|Solar Beam\n|-anim|p2a: Charizard|Solar Beam|p1a: 5% TINT\n|-resisted|p1a: 5% TINT\n|-damage|p1a: 5% TINT|83\/100\n|-enditem|p1a: 5% TINT|Air Balloon\n|-damage|p2a: Charizard|91\/100|[from] item: Life Orb\n|\n|-weather|SunnyDay|[upkeep]\n|-damage|p2a: Charizard|78\/100|[from] ability: Solar Power|[of] p2a: Charizard\n|upkeep\n|turn|11\n|-message|ii0p4 forfeited.\n|l|\u2606ii0p4\n|inactive|ii0p4 disconnected and has a minute to reconnect!\n|player|p2|\n|\n|win|PLAYB0I R0BBIE B\n|raw|PLAYB0I R0BBIE B's rating: 1380 &rarr; <strong>1395<\/strong><br \/>(+15 for winning)\n|raw|ii0p4's rating: 1295 &rarr; <strong>1276<\/strong><br \/>(-19 for losing)\n","uploadtime":1700518685,"views":5,"p1id":"playb0ir0bbieb","p2id":"ii0p4","formatid":"gen9ou","rating":1276,"private":0,"password":""}