{"id":"gen9ou-1989050484","p1":"jackyjaneeyre","p2":"Chagos Archipelago","format":"[Gen 9] OU","log":"|j|\u2606jackyjaneeyre\n|j|\u2606Chagos Archipelago\n|t:|1699806648\n|gametype|singles\n|player|p1|jackyjaneeyre|marnie|1617\n|player|p2|Chagos Archipelago|blue|1505\n|teamsize|p1|6\n|teamsize|p2|6\n|gen|9\n|tier|[Gen 9] OU\n|rated|\n|rule|Sleep Clause Mod: Limit one foe put to sleep\n|rule|Species Clause: Limit one of each Pok\u00e9mon\n|rule|OHKO Clause: OHKO moves are banned\n|rule|Evasion Items Clause: Evasion items are banned\n|rule|Evasion Moves Clause: Evasion moves are banned\n|rule|Endless Battle Clause: Forcing endless battles is banned\n|rule|HP Percentage Mod: HP is shown in percentages\n|clearpoke\n|poke|p1|Ceruledge, M|\n|poke|p1|Torkoal, M|\n|poke|p1|Iron Moth|\n|poke|p1|Walking Wake|\n|poke|p1|Ogerpon-Wellspring, F|\n|poke|p1|Great Tusk|\n|poke|p2|Ogerpon-Wellspring, F|\n|poke|p2|Corviknight, F|\n|poke|p2|Great Tusk|\n|poke|p2|Milotic, M|\n|poke|p2|Zamazenta-*|\n|poke|p2|Heatran, M|\n|teampreview\n|j| gholdengo=rat\n|\n|t:|1699806660\n|start\n|switch|p1a: Iron Moth|Iron Moth|100\/100\n|switch|p2a: Heatran|Heatran, M|100\/100\n|turn|1\n|\n|t:|1699806665\n|move|p1a: Iron Moth|U-turn|p2a: Heatran\n|-resisted|p2a: Heatran\n|-damage|p2a: Heatran|98\/100\n|\n|t:|1699806667\n|-end|p1a: Iron Moth|Quark Drive|[silent]\n|switch|p1a: Ceruledge|Ceruledge, M|100\/100|[from] U-turn\n|-item|p1a: Ceruledge|Air Balloon\n|move|p2a: Heatran|Earth Power|p1a: Ceruledge\n|-immune|p1a: Ceruledge\n|\n|-heal|p2a: Heatran|100\/100|[from] item: Leftovers\n|upkeep\n|turn|2\n|\n|t:|1699806673\n|switch|p2a: Zamazenta|Zamazenta|100\/100\n|-ability|p2a: Zamazenta|Dauntless Shield|boost\n|-boost|p2a: Zamazenta|def|1\n|move|p1a: Ceruledge|Swords Dance|p1a: Ceruledge\n|-boost|p1a: Ceruledge|atk|2\n|\n|upkeep\n|turn|3\n|\n|t:|1699806681\n|-terastallize|p1a: Ceruledge|Fire\n|move|p2a: Zamazenta|Stone Edge|p1a: Ceruledge|[miss]\n|-miss|p2a: Zamazenta|p1a: Ceruledge\n|move|p1a: Ceruledge|Bitter Blade|p2a: Zamazenta\n|-damage|p2a: Zamazenta|27\/100\n|\n|upkeep\n|turn|4\n|\n|t:|1699806696\n|move|p1a: Ceruledge|Shadow Sneak|p2a: Zamazenta\n|-damage|p2a: Zamazenta|2\/100\n|move|p2a: Zamazenta|Stone Edge|p1a: Ceruledge\n|-supereffective|p1a: Ceruledge\n|-damage|p1a: Ceruledge|0 fnt\n|-enditem|p1a: Ceruledge|Air Balloon\n|faint|p1a: Ceruledge\n|\n|upkeep\n|\n|t:|1699806701\n|switch|p1a: Torkoal|Torkoal, M|100\/100\n|-weather|SunnyDay|[from] ability: Drought|[of] p1a: Torkoal\n|turn|5\n|\n|t:|1699806705\n|move|p2a: Zamazenta|Stone Edge|p1a: Torkoal\n|-supereffective|p1a: Torkoal\n|-damage|p1a: Torkoal|49\/100\n|move|p1a: Torkoal|Stealth Rock|p2a: Zamazenta\n|-sidestart|p2: Chagos Archipelago|move: Stealth Rock\n|\n|-weather|SunnyDay|[upkeep]\n|upkeep\n|turn|6\n|\n|t:|1699806716\n|switch|p1a: Great Tusk|Great Tusk|100\/100\n|-activate|p1a: Great Tusk|ability: Protosynthesis\n|-start|p1a: Great Tusk|protosynthesisatk\n|move|p2a: Zamazenta|Stone Edge|p1a: Great Tusk\n|-resisted|p1a: Great Tusk\n|-damage|p1a: Great Tusk|91\/100\n|\n|-weather|SunnyDay|[upkeep]\n|-heal|p1a: Great Tusk|98\/100|[from] item: Leftovers\n|upkeep\n|turn|7\n|\n|t:|1699806720\n|move|p2a: Zamazenta|Stone Edge|p1a: Great Tusk\n|-resisted|p1a: Great Tusk\n|-damage|p1a: Great Tusk|88\/100\n|move|p1a: Great Tusk|Bulk Up|p1a: Great Tusk\n|-boost|p1a: Great Tusk|atk|1\n|-boost|p1a: Great Tusk|def|1\n|\n|-weather|SunnyDay|[upkeep]\n|-heal|p1a: Great Tusk|94\/100|[from] item: Leftovers\n|upkeep\n|turn|8\n|\n|t:|1699806725\n|switch|p2a: Corviknight|Corviknight, F|100\/100\n|-damage|p2a: Corviknight|88\/100|[from] Stealth Rock\n|-ability|p2a: Corviknight|Pressure\n|move|p1a: Great Tusk|Bulk Up|p1a: Great Tusk\n|-boost|p1a: Great Tusk|atk|1\n|-boost|p1a: Great Tusk|def|1\n|\n|-weather|SunnyDay|[upkeep]\n|-heal|p1a: Great Tusk|100\/100|[from] item: Leftovers\n|upkeep\n|turn|9\n|\n|t:|1699806728\n|move|p1a: Great Tusk|Ice Spinner|p2a: Corviknight\n|-damage|p2a: Corviknight|43\/100\n|-damage|p1a: Great Tusk|84\/100|[from] item: Rocky Helmet|[of] p2a: Corviknight\n|move|p2a: Corviknight|Iron Defense|p2a: Corviknight\n|-boost|p2a: Corviknight|def|2\n|\n|-weather|SunnyDay|[upkeep]\n|-heal|p1a: Great Tusk|90\/100|[from] item: Leftovers\n|upkeep\n|turn|10\n|\n|t:|1699806734\n|-end|p1a: Great Tusk|Protosynthesis|[silent]\n|switch|p1a: Iron Moth|Iron Moth|100\/100\n|move|p2a: Corviknight|Roost|p2a: Corviknight\n|-heal|p2a: Corviknight|93\/100\n|-singleturn|p2a: Corviknight|move: Roost\n|\n|-weather|SunnyDay|[upkeep]\n|upkeep\n|turn|11\n|\n|t:|1699806738\n|switch|p2a: Heatran|Heatran, M|100\/100\n|-damage|p2a: Heatran|88\/100|[from] Stealth Rock\n|move|p1a: Iron Moth|Fire Blast|p2a: Heatran\n|-start|p2a: Heatran|ability: Flash Fire\n|\n|-weather|SunnyDay|[upkeep]\n|-heal|p2a: Heatran|94\/100|[from] item: Leftovers\n|upkeep\n|turn|12\n|\n|t:|1699806744\n|-end|p1a: Iron Moth|Quark Drive|[silent]\n|switch|p1a: Walking Wake|Walking Wake|100\/100\n|-activate|p1a: Walking Wake|ability: Protosynthesis\n|-start|p1a: Walking Wake|protosynthesisspe\n|move|p2a: Heatran|Magma Storm|p1a: Walking Wake\n|-resisted|p1a: Walking Wake\n|-damage|p1a: Walking Wake|73\/100\n|-activate|p1a: Walking Wake|move: Magma Storm|[of] p2a: Heatran\n|\n|-weather|none\n|-end|p1a: Walking Wake|Protosynthesis\n|-heal|p2a: Heatran|100\/100|[from] item: Leftovers\n|-damage|p1a: Walking Wake|61\/100|[from] move: Magma Storm|[partiallytrapped]\n|upkeep\n|turn|13\n|\n|t:|1699806750\n|-end|p2a: Heatran|ability: Flash Fire|[silent]\n|switch|p2a: Milotic|Milotic, M|100\/100\n|move|p1a: Walking Wake|Flip Turn|p2a: Milotic\n|-resisted|p2a: Milotic\n|-damage|p2a: Milotic|92\/100\n|\n|t:|1699806755\n|-end|p1a: Walking Wake|Protosynthesis|[silent]\n|switch|p1a: Great Tusk|Great Tusk|90\/100|[from] Flip Turn\n|\n|-heal|p1a: Great Tusk|96\/100|[from] item: Leftovers\n|upkeep\n|turn|14\n|\n|t:|1699806759\n|-end|p1a: Great Tusk|Protosynthesis|[silent]\n|switch|p1a: Ogerpon|Ogerpon-Wellspring, F|100\/100\n|move|p2a: Milotic|Scald|p1a: Ogerpon\n|-immune|p1a: Ogerpon|[from] ability: Water Absorb\n|\n|upkeep\n|turn|15\n|\n|t:|1699806763\n|switch|p2a: Zamazenta|Zamazenta|2\/100\n|-damage|p2a: Zamazenta|0 fnt|[from] Stealth Rock\n|faint|p2a: Zamazenta\n|move|p1a: Ogerpon|U-turn|p2: Zamazenta|[notarget]\n|-fail|p1a: Ogerpon\n|\n|upkeep\n|\n|t:|1699806767\n|switch|p2a: Corviknight|Corviknight, F|93\/100\n|-damage|p2a: Corviknight|80\/100|[from] Stealth Rock\n|-ability|p2a: Corviknight|Pressure\n|turn|16\n|\n|t:|1699806771\n|move|p1a: Ogerpon|Ivy Cudgel|p2a: Corviknight\n|-damage|p2a: Corviknight|47\/100\n|move|p2a: Corviknight|U-turn|p1a: Ogerpon\n|-supereffective|p1a: Ogerpon\n|-damage|p1a: Ogerpon|64\/100\n|\n|t:|1699806774\n|switch|p2a: Great Tusk|Great Tusk|100\/100|[from] U-turn\n|-damage|p2a: Great Tusk|98\/100|[from] Stealth Rock\n|\n|-heal|p2a: Great Tusk|100\/100|[from] item: Leftovers\n|upkeep\n|turn|17\n|\n|t:|1699806778\n|move|p1a: Ogerpon|Ivy Cudgel|p2a: Great Tusk\n|-supereffective|p2a: Great Tusk\n|-damage|p2a: Great Tusk|24\/100\n|move|p2a: Great Tusk|Rapid Spin|p1a: Ogerpon\n|-damage|p1a: Ogerpon|44\/100\n|-boost|p2a: Great Tusk|spe|1\n|-sideend|p2: Chagos Archipelago|Stealth Rock|[from] move: Rapid Spin|[of] p2a: Great Tusk\n|\n|-heal|p2a: Great Tusk|31\/100|[from] item: Leftovers\n|upkeep\n|turn|18\n|\n|t:|1699806784\n|move|p2a: Great Tusk|Earthquake|p1a: Ogerpon\n|-resisted|p1a: Ogerpon\n|-damage|p1a: Ogerpon|17\/100\n|move|p1a: Ogerpon|Ivy Cudgel|p2a: Great Tusk\n|-supereffective|p2a: Great Tusk\n|-damage|p2a: Great Tusk|0 fnt\n|faint|p2a: Great Tusk\n|-end|p2a: Great Tusk|Protosynthesis|[silent]\n|\n|upkeep\n|\n|t:|1699806788\n|switch|p2a: Corviknight|Corviknight, F|47\/100\n|-ability|p2a: Corviknight|Pressure\n|turn|19\n|\n|t:|1699806792\n|switch|p1a: Iron Moth|Iron Moth|100\/100\n|move|p2a: Corviknight|Roost|p2a: Corviknight\n|-heal|p2a: Corviknight|97\/100\n|-singleturn|p2a: Corviknight|move: Roost\n|\n|upkeep\n|turn|20\n|\n|t:|1699806798\n|switch|p2a: Heatran|Heatran, M|100\/100\n|move|p1a: Iron Moth|U-turn|p2a: Heatran\n|-resisted|p2a: Heatran\n|-damage|p2a: Heatran|98\/100\n|\n|t:|1699806800\n|-end|p1a: Iron Moth|Quark Drive|[silent]\n|switch|p1a: Ogerpon|Ogerpon-Wellspring, F|17\/100|[from] U-turn\n|\n|-heal|p2a: Heatran|100\/100|[from] item: Leftovers\n|upkeep\n|turn|21\n|\n|t:|1699806803\n|switch|p2a: Corviknight|Corviknight, F|97\/100\n|-ability|p2a: Corviknight|Pressure\n|move|p1a: Ogerpon|U-turn|p2a: Corviknight\n|-resisted|p2a: Corviknight\n|-damage|p2a: Corviknight|93\/100\n|-damage|p1a: Ogerpon|0 fnt|[from] item: Rocky Helmet|[of] p2a: Corviknight\n|faint|p1a: Ogerpon\n|\n|upkeep\n|\n|t:|1699806807\n|switch|p1a: Walking Wake|Walking Wake|61\/100\n|turn|22\n|\n|t:|1699806816\n|switch|p2a: Ogerpon|Ogerpon-Wellspring, F|100\/100\n|move|p1a: Walking Wake|Draco Meteor|p2a: Ogerpon\n|-damage|p2a: Ogerpon|0 fnt\n|-unboost|p1a: Walking Wake|spa|2\n|faint|p2a: Ogerpon\n|\n|upkeep\n|\n|t:|1699806825\n|switch|p2a: Heatran|Heatran, M|100\/100\n|turn|23\n|\n|t:|1699806830\n|-end|p1a: Walking Wake|Protosynthesis|[silent]\n|switch|p1a: Torkoal|Torkoal, M|49\/100\n|-weather|SunnyDay|[from] ability: Drought|[of] p1a: Torkoal\n|move|p2a: Heatran|Stealth Rock|p1a: Torkoal\n|-sidestart|p1: jackyjaneeyre|move: Stealth Rock\n|\n|-weather|SunnyDay|[upkeep]\n|upkeep\n|turn|24\n|\n|t:|1699806837\n|move|p2a: Heatran|Earth Power|p1a: Torkoal\n|-supereffective|p1a: Torkoal\n|-damage|p1a: Torkoal|0 fnt\n|faint|p1a: Torkoal\n|\n|-weather|SunnyDay|[upkeep]\n|upkeep\n|\n|t:|1699806842\n|switch|p1a: Great Tusk|Great Tusk|96\/100\n|-damage|p1a: Great Tusk|93\/100|[from] Stealth Rock\n|-activate|p1a: Great Tusk|ability: Protosynthesis\n|-start|p1a: Great Tusk|protosynthesisatk\n|turn|25\n|\n|t:|1699806845\n|switch|p2a: Corviknight|Corviknight, F|93\/100\n|-ability|p2a: Corviknight|Pressure\n|move|p1a: Great Tusk|Ice Spinner|p2a: Corviknight\n|-damage|p2a: Corviknight|69\/100\n|-damage|p1a: Great Tusk|77\/100|[from] item: Rocky Helmet|[of] p2a: Corviknight\n|\n|-weather|SunnyDay|[upkeep]\n|-heal|p1a: Great Tusk|83\/100|[from] item: Leftovers\n|upkeep\n|turn|26\n|\n|t:|1699806864\n|-end|p1a: Great Tusk|Protosynthesis|[silent]\n|switch|p1a: Iron Moth|Iron Moth|100\/100\n|-damage|p1a: Iron Moth|76\/100|[from] Stealth Rock\n|move|p2a: Corviknight|Iron Defense|p2a: Corviknight\n|-boost|p2a: Corviknight|def|2\n|\n|-weather|SunnyDay|[upkeep]\n|upkeep\n|turn|27\n|\n|t:|1699806868\n|switch|p2a: Heatran|Heatran, M|100\/100\n|move|p1a: Iron Moth|Fire Blast|p2a: Heatran\n|-start|p2a: Heatran|ability: Flash Fire\n|\n|-weather|SunnyDay|[upkeep]\n|upkeep\n|turn|28\n|\n|t:|1699806882\n|-end|p1a: Iron Moth|Quark Drive|[silent]\n|switch|p1a: Walking Wake|Walking Wake|61\/100\n|-damage|p1a: Walking Wake|48\/100|[from] Stealth Rock\n|-activate|p1a: Walking Wake|ability: Protosynthesis\n|-start|p1a: Walking Wake|protosynthesisspe\n|move|p2a: Heatran|Magma Storm|p1a: Walking Wake\n|-resisted|p1a: Walking Wake\n|-damage|p1a: Walking Wake|20\/100\n|-activate|p1a: Walking Wake|move: Magma Storm|[of] p2a: Heatran\n|\n|-weather|SunnyDay|[upkeep]\n|-damage|p1a: Walking Wake|7\/100|[from] move: Magma Storm|[partiallytrapped]\n|upkeep\n|turn|29\n|\n|t:|1699806894\n|-end|p2a: Heatran|ability: Flash Fire|[silent]\n|switch|p2a: Milotic|Milotic, M|92\/100\n|move|p1a: Walking Wake|Hydro Steam|p2a: Milotic\n|-resisted|p2a: Milotic\n|-damage|p2a: Milotic|65\/100\n|\n|-weather|SunnyDay|[upkeep]\n|-end|p1a: Walking Wake|Magma Storm|[partiallytrapped]|[silent]\n|upkeep\n|turn|30\n|\n|t:|1699806899\n|move|p1a: Walking Wake|Hydro Steam|p2a: Milotic\n|-resisted|p2a: Milotic\n|-damage|p2a: Milotic|38\/100\n|move|p2a: Milotic|Scald|p1a: Walking Wake\n|-resisted|p1a: Walking Wake\n|-damage|p1a: Walking Wake|3\/100\n|\n|-weather|none\n|-end|p1a: Walking Wake|Protosynthesis\n|upkeep\n|turn|31\n|\n|t:|1699806906\n|move|p1a: Walking Wake|Hydro Steam|p2a: Milotic\n|-resisted|p2a: Milotic\n|-damage|p2a: Milotic|21\/100\n|move|p2a: Milotic|Recover|p2a: Milotic\n|-heal|p2a: Milotic|71\/100\n|\n|upkeep\n|turn|32\n|\n|t:|1699806910\n|move|p1a: Walking Wake|Hydro Steam|p2a: Milotic\n|-resisted|p2a: Milotic\n|-damage|p2a: Milotic|53\/100\n|move|p2a: Milotic|Recover|p2a: Milotic\n|-heal|p2a: Milotic|100\/100\n|\n|upkeep\n|turn|33\n|\n|t:|1699806913\n|move|p1a: Walking Wake|Hydro Steam|p2a: Milotic\n|-resisted|p2a: Milotic\n|-damage|p2a: Milotic|81\/100\n|move|p2a: Milotic|Scald|p1a: Walking Wake\n|-resisted|p1a: Walking Wake\n|-damage|p1a: Walking Wake|0 fnt\n|faint|p1a: Walking Wake\n|-end|p1a: Walking Wake|Protosynthesis|[silent]\n|\n|upkeep\n|\n|t:|1699806916\n|switch|p1a: Iron Moth|Iron Moth|76\/100\n|-damage|p1a: Iron Moth|51\/100|[from] Stealth Rock\n|turn|34\n|\n|t:|1699806920\n|move|p1a: Iron Moth|Energy Ball|p2a: Milotic\n|-supereffective|p2a: Milotic\n|-damage|p2a: Milotic|26\/100\n|move|p2a: Milotic|Mirror Coat|p1a: Iron Moth\n|-damage|p1a: Iron Moth|0 fnt\n|faint|p1a: Iron Moth\n|-end|p1a: Iron Moth|Quark Drive|[silent]\n|\n|upkeep\n|\n|t:|1699806922\n|switch|p1a: Great Tusk|Great Tusk|83\/100\n|-damage|p1a: Great Tusk|80\/100|[from] Stealth Rock\n|turn|35\n|\n|t:|1699806925\n|move|p1a: Great Tusk|Rapid Spin|p2a: Milotic\n|-damage|p2a: Milotic|8\/100\n|-boost|p1a: Great Tusk|spe|1\n|-sideend|p1: jackyjaneeyre|Stealth Rock|[from] move: Rapid Spin|[of] p1a: Great Tusk\n|move|p2a: Milotic|Haze|p2a: Milotic\n|-clearallboost\n|\n|-heal|p1a: Great Tusk|86\/100|[from] item: Leftovers\n|upkeep\n|turn|36\n|\n|t:|1699806932\n|move|p1a: Great Tusk|Rapid Spin|p2a: Milotic\n|-damage|p2a: Milotic|0 fnt\n|-boost|p1a: Great Tusk|spe|1\n|faint|p2a: Milotic\n|\n|-heal|p1a: Great Tusk|93\/100|[from] item: Leftovers\n|upkeep\n|\n|t:|1699806936\n|switch|p2a: Corviknight|Corviknight, F|69\/100\n|-ability|p2a: Corviknight|Pressure\n|turn|37\n|\n|t:|1699806939\n|move|p1a: Great Tusk|Bulk Up|p1a: Great Tusk\n|-boost|p1a: Great Tusk|atk|1\n|-boost|p1a: Great Tusk|def|1\n|move|p2a: Corviknight|Iron Defense|p2a: Corviknight\n|-boost|p2a: Corviknight|def|2\n|\n|-heal|p1a: Great Tusk|99\/100|[from] item: Leftovers\n|upkeep\n|turn|38\n|\n|t:|1699806942\n|move|p1a: Great Tusk|Bulk Up|p1a: Great Tusk\n|-boost|p1a: Great Tusk|atk|1\n|-boost|p1a: Great Tusk|def|1\n|move|p2a: Corviknight|Iron Defense|p2a: Corviknight\n|-boost|p2a: Corviknight|def|2\n|\n|-heal|p1a: Great Tusk|100\/100|[from] item: Leftovers\n|upkeep\n|turn|39\n|\n|t:|1699806945\n|move|p1a: Great Tusk|Bulk Up|p1a: Great Tusk\n|-boost|p1a: Great Tusk|atk|1\n|-boost|p1a: Great Tusk|def|1\n|move|p2a: Corviknight|Iron Defense|p2a: Corviknight\n|-boost|p2a: Corviknight|def|2\n|\n|upkeep\n|turn|40\n|\n|t:|1699806948\n|move|p1a: Great Tusk|Bulk Up|p1a: Great Tusk\n|-boost|p1a: Great Tusk|atk|1\n|-boost|p1a: Great Tusk|def|1\n|move|p2a: Corviknight|Roost|p2a: Corviknight\n|-heal|p2a: Corviknight|100\/100\n|-singleturn|p2a: Corviknight|move: Roost\n|\n|upkeep\n|turn|41\n|\n|t:|1699806950\n|move|p1a: Great Tusk|Bulk Up|p1a: Great Tusk\n|-boost|p1a: Great Tusk|atk|1\n|-boost|p1a: Great Tusk|def|1\n|move|p2a: Corviknight|Body Press|p1a: Great Tusk\n|-damage|p1a: Great Tusk|80\/100\n|\n|-heal|p1a: Great Tusk|86\/100|[from] item: Leftovers\n|upkeep\n|turn|42\n|\n|t:|1699806953\n|move|p1a: Great Tusk|Bulk Up|p1a: Great Tusk\n|-boost|p1a: Great Tusk|atk|1\n|-boost|p1a: Great Tusk|def|1\n|move|p2a: Corviknight|Body Press|p1a: Great Tusk\n|-damage|p1a: Great Tusk|68\/100\n|\n|-heal|p1a: Great Tusk|74\/100|[from] item: Leftovers\n|upkeep\n|turn|43\n|\n|t:|1699806961\n|move|p1a: Great Tusk|Ice Spinner|p2a: Corviknight\n|-damage|p2a: Corviknight|84\/100\n|-damage|p1a: Great Tusk|58\/100|[from] item: Rocky Helmet|[of] p2a: Corviknight\n|move|p2a: Corviknight|Body Press|p1a: Great Tusk\n|-damage|p1a: Great Tusk|38\/100\n|\n|-heal|p1a: Great Tusk|44\/100|[from] item: Leftovers\n|upkeep\n|turn|44\n|\n|t:|1699806968\n|move|p1a: Great Tusk|Ice Spinner|p2a: Corviknight\n|-damage|p2a: Corviknight|66\/100\n|-damage|p1a: Great Tusk|28\/100|[from] item: Rocky Helmet|[of] p2a: Corviknight\n|move|p2a: Corviknight|Body Press|p1a: Great Tusk\n|-damage|p1a: Great Tusk|7\/100\n|\n|-heal|p1a: Great Tusk|13\/100|[from] item: Leftovers\n|upkeep\n|turn|45\n|\n|t:|1699806971\n|move|p1a: Great Tusk|Ice Spinner|p2a: Corviknight\n|-damage|p2a: Corviknight|49\/100\n|-damage|p1a: Great Tusk|0 fnt|[from] item: Rocky Helmet|[of] p2a: Corviknight\n|faint|p1a: Great Tusk\n|-end|p1a: Great Tusk|Protosynthesis|[silent]\n|\n|win|Chagos Archipelago\n|raw|jackyjaneeyre's rating: 1633 &rarr; <strong>1606<\/strong><br \/>(-27 for losing)\n|raw|Chagos Archipelago's rating: 1505 &rarr; <strong>1532<\/strong><br \/>(+27 for winning)\n|c|\u2606Chagos Archipelago|gg\n|c|\u2606jackyjaneeyre|gg\n","uploadtime":1699806981,"views":17,"p1id":"jackyjaneeyre","p2id":"chagosarchipelago","formatid":"gen9ou","rating":1532,"private":0,"password":""}