{"id":"gen9ou-1990459543","p1":"Felckon","p2":"Shimeon91","format":"[Gen 9] OU","log":"|j|\u2606Felckon\n|j|\u2606Shimeon91\n|t:|1699972976\n|gametype|singles\n|player|p1|Felckon|acetrainersnow|1334\n|player|p2|Shimeon91|266|1427\n|teamsize|p1|6\n|teamsize|p2|6\n|gen|9\n|tier|[Gen 9] OU\n|rated|\n|rule|Sleep Clause Mod: Limit one foe put to sleep\n|rule|Species Clause: Limit one of each Pok\u00e9mon\n|rule|OHKO Clause: OHKO moves are banned\n|rule|Evasion Items Clause: Evasion items are banned\n|rule|Evasion Moves Clause: Evasion moves are banned\n|rule|Endless Battle Clause: Forcing endless battles is banned\n|rule|HP Percentage Mod: HP is shown in percentages\n|clearpoke\n|poke|p1|Articuno|\n|poke|p1|Ninetales-Alola, M|\n|poke|p1|Corviknight, F|\n|poke|p1|Slowking, M|\n|poke|p1|Dragapult, M|\n|poke|p1|Great Tusk|\n|poke|p2|Greninja-*, M|\n|poke|p2|Pelipper, M|\n|poke|p2|Toxicroak, M|\n|poke|p2|Arcanine-Hisui, F|\n|poke|p2|Lucario, M|\n|poke|p2|Barraskewda, M|\n|teampreview\n|inactive|Battle timer is ON: inactive players will automatically lose when time's up. (requested by Shimeon91)\n|\n|t:|1699972984\n|start\n|switch|p1a: Articuno|Articuno|100\/100\n|switch|p2a: Arcanine|Arcanine-Hisui, F|100\/100\n|-ability|p1a: Articuno|Pressure\n|turn|1\n|\n|t:|1699972992\n|switch|p1a: Great Tusk|Great Tusk|100\/100\n|move|p2a: Arcanine|Flare Blitz|p1a: Great Tusk\n|-damage|p1a: Great Tusk|53\/100\n|\n|upkeep\n|turn|2\n|\n|t:|1699973002\n|switch|p2a: Pelipper|Pelipper, M|100\/100\n|-weather|RainDance|[from] ability: Drizzle|[of] p2a: Pelipper\n|move|p1a: Great Tusk|Knock Off|p2a: Pelipper\n|-damage|p2a: Pelipper|77\/100\n|-enditem|p2a: Pelipper|Damp Rock|[from] move: Knock Off|[of] p1a: Great Tusk\n|\n|-weather|RainDance|[upkeep]\n|upkeep\n|turn|3\n|\n|t:|1699973013\n|-end|p1a: Great Tusk|Protosynthesis|[silent]\n|switch|p1a: Slowking|Slowking, M|100\/100\n|move|p2a: Pelipper|U-turn|p1a: Slowking\n|-supereffective|p1a: Slowking\n|-damage|p1a: Slowking|87\/100\n|-damage|p2a: Pelipper|61\/100|[from] item: Rocky Helmet|[of] p1a: Slowking\n|\n|t:|1699973028\n|switch|p2a: Greninja|Greninja, M|100\/100|[from] U-turn\n|\n|-weather|RainDance|[upkeep]\n|upkeep\n|turn|4\n|\n|t:|1699973034\n|move|p2a: Greninja|Dark Pulse|p1a: Slowking\n|-supereffective|p1a: Slowking\n|-damage|p1a: Slowking|33\/100\n|move|p1a: Slowking|Chilly Reception|p1a: Slowking\n|-weather|Snow\n|\n|t:|1699973037\n|switch|p1a: Articuno|Articuno|100\/100|[from] Chilly Reception\n|-ability|p1a: Articuno|Pressure\n|\n|-weather|Snow|[upkeep]\n|upkeep\n|turn|5\n|\n|t:|1699973050\n|switch|p2a: Arcanine|Arcanine-Hisui, F|100\/100\n|move|p1a: Articuno|Agility|p1a: Articuno\n|-boost|p1a: Articuno|spe|2\n|\n|-weather|Snow|[upkeep]\n|upkeep\n|turn|6\n|\n|t:|1699973060\n|-terastallize|p1a: Articuno|Ground\n|move|p1a: Articuno|Tera Blast|p2a: Arcanine|[anim] Tera Blast Ground\n|-supereffective|p2a: Arcanine\n|-damage|p2a: Arcanine|0 fnt\n|faint|p2a: Arcanine\n|\n|-weather|Snow|[upkeep]\n|upkeep\n|\n|t:|1699973069\n|switch|p2a: Pelipper|Pelipper, M|61\/100\n|-weather|RainDance|[from] ability: Drizzle|[of] p2a: Pelipper\n|turn|7\n|\n|t:|1699973079\n|switch|p2a: Toxicroak|Toxicroak, M|100\/100\n|-item|p2a: Toxicroak|Air Balloon\n|move|p1a: Articuno|Agility|p1a: Articuno\n|-boost|p1a: Articuno|spe|2\n|\n|-weather|RainDance|[upkeep]\n|upkeep\n|turn|8\n|l|\u2606Shimeon91\n|inactive|Shimeon91 disconnected and has a minute to reconnect!\n|player|p2|\n|j|\u2606Shimeon91\n|inactive|Shimeon91 reconnected and has 130 seconds left.\n|player|p2|Shimeon91|266\n|\n|t:|1699973104\n|move|p1a: Articuno|Blizzard|p2a: Toxicroak\n|-damage|p2a: Toxicroak|14\/100\n|-enditem|p2a: Toxicroak|Air Balloon\n|move|p2a: Toxicroak|Drain Punch|p1a: Articuno\n|-damage|p1a: Articuno|62\/100\n|-heal|p2a: Toxicroak|34\/100|[from] drain|[of] p1a: Articuno\n|\n|-weather|RainDance|[upkeep]\n|-heal|p2a: Toxicroak|46\/100|[from] ability: Dry Skin\n|upkeep\n|turn|9\n|\n|t:|1699973119\n|move|p2a: Toxicroak|Sucker Punch|p1a: Articuno\n|-damage|p1a: Articuno|38\/100\n|move|p1a: Articuno|Freeze-Dry|p2a: Toxicroak\n|-damage|p2a: Toxicroak|0 fnt\n|faint|p2a: Toxicroak\n|\n|-weather|RainDance|[upkeep]\n|upkeep\n|inactive|Shimeon91 has 120 seconds left.\n|\n|t:|1699973129\n|switch|p2a: Lucario|Lucario, M|100\/100\n|turn|10\n|\n|t:|1699973137\n|move|p2a: Lucario|Extreme Speed|p1a: Articuno\n|-damage|p1a: Articuno|0 fnt\n|faint|p1a: Articuno\n|-damage|p2a: Lucario|91\/100|[from] item: Life Orb\n|\n|-weather|RainDance|[upkeep]\n|upkeep\n|\n|t:|1699973144\n|switch|p1a: Slowking|Slowking, M|67\/100\n|turn|11\n|\n|t:|1699973148\n|move|p2a: Lucario|Thunder Punch|p1a: Slowking\n|-supereffective|p1a: Slowking\n|-damage|p1a: Slowking|16\/100\n|-damage|p2a: Lucario|74\/100|[from] item: Rocky Helmet|[of] p1a: Slowking\n|-damage|p2a: Lucario|64\/100|[from] item: Life Orb\n|move|p1a: Slowking|Chilly Reception|p1a: Slowking\n|-weather|Snow\n|\n|t:|1699973163\n|switch|p1a: Great Tusk|Great Tusk|53\/100|[from] Chilly Reception\n|\n|-weather|Snow|[upkeep]\n|upkeep\n|turn|12\n|\n|t:|1699973170\n|move|p2a: Lucario|Vacuum Wave|p1a: Great Tusk\n|-damage|p1a: Great Tusk|34\/100\n|-damage|p2a: Lucario|54\/100|[from] item: Life Orb\n|move|p1a: Great Tusk|Close Combat|p2a: Lucario\n|-supereffective|p2a: Lucario\n|-damage|p2a: Lucario|0 fnt\n|-unboost|p1a: Great Tusk|def|1\n|-unboost|p1a: Great Tusk|spd|1\n|faint|p2a: Lucario\n|\n|-weather|Snow|[upkeep]\n|upkeep\n|\n|t:|1699973181\n|switch|p2a: Barraskewda|Barraskewda, M|100\/100\n|turn|13\n|\n|t:|1699973185\n|move|p2a: Barraskewda|Flip Turn|p1a: Great Tusk\n|-supereffective|p1a: Great Tusk\n|-damage|p1a: Great Tusk|0 fnt\n|faint|p1a: Great Tusk\n|-end|p1a: Great Tusk|Protosynthesis|[silent]\n|\n|t:|1699973193\n|switch|p2a: Pelipper|Pelipper, M|61\/100|[from] Flip Turn\n|-weather|RainDance|[from] ability: Drizzle|[of] p2a: Pelipper\n|\n|-weather|RainDance|[upkeep]\n|upkeep\n|\n|t:|1699973196\n|switch|p1a: Ninetales|Ninetales-Alola, M|100\/100\n|-weather|Snow|[from] ability: Snow Warning|[of] p1a: Ninetales\n|turn|14\n|\n|t:|1699973204\n|switch|p2a: Barraskewda|Barraskewda, M|100\/100\n|move|p1a: Ninetales|Aurora Veil|p1a: Ninetales\n|-sidestart|p1: Felckon|move: Aurora Veil\n|\n|-weather|Snow|[upkeep]\n|upkeep\n|turn|15\n|\n|t:|1699973211\n|move|p2a: Barraskewda|Flip Turn|p1a: Ninetales\n|-damage|p1a: Ninetales|83\/100\n|\n|t:|1699973214\n|switch|p2a: Pelipper|Pelipper, M|61\/100|[from] Flip Turn\n|-weather|RainDance|[from] ability: Drizzle|[of] p2a: Pelipper\n|move|p1a: Ninetales|Moonblast|p2a: Pelipper\n|-damage|p2a: Pelipper|19\/100\n|\n|-weather|RainDance|[upkeep]\n|upkeep\n|turn|16\n|\n|t:|1699973224\n|move|p1a: Ninetales|Moonblast|p2a: Pelipper\n|-damage|p2a: Pelipper|0 fnt\n|faint|p2a: Pelipper\n|\n|-weather|RainDance|[upkeep]\n|upkeep\n|\n|t:|1699973233\n|switch|p2a: Barraskewda|Barraskewda, M|100\/100\n|turn|17\n|\n|t:|1699973236\n|move|p2a: Barraskewda|Liquidation|p1a: Ninetales\n|-damage|p1a: Ninetales|28\/100\n|move|p1a: Ninetales|Moonblast|p2a: Barraskewda\n|-damage|p2a: Barraskewda|35\/100\n|\n|-weather|RainDance|[upkeep]\n|upkeep\n|turn|18\n|\n|t:|1699973244\n|switch|p1a: Slowking|Slowking, M|50\/100\n|move|p2a: Barraskewda|Liquidation|p1a: Slowking\n|-resisted|p1a: Slowking\n|-damage|p1a: Slowking|31\/100\n|-unboost|p1a: Slowking|def|1\n|-damage|p2a: Barraskewda|19\/100|[from] item: Rocky Helmet|[of] p1a: Slowking\n|\n|-weather|RainDance|[upkeep]\n|upkeep\n|turn|19\n|\n|t:|1699973254\n|move|p2a: Barraskewda|Liquidation|p1a: Slowking\n|-resisted|p1a: Slowking\n|-damage|p1a: Slowking|3\/100\n|-unboost|p1a: Slowking|def|1\n|-damage|p2a: Barraskewda|3\/100|[from] item: Rocky Helmet|[of] p1a: Slowking\n|move|p1a: Slowking|Chilly Reception|p1a: Slowking\n|-weather|Snow\n|\n|t:|1699973257\n|switch|p1a: Corviknight|Corviknight, F|100\/100|[from] Chilly Reception\n|-ability|p1a: Corviknight|Pressure\n|\n|-weather|Snow|[upkeep]\n|upkeep\n|turn|20\n|\n|t:|1699973267\n|move|p2a: Barraskewda|Liquidation|p1a: Corviknight\n|-damage|p1a: Corviknight|80\/100\n|-damage|p2a: Barraskewda|0 fnt|[from] item: Rocky Helmet|[of] p1a: Corviknight\n|faint|p2a: Barraskewda\n|move|p1a: Corviknight|U-turn|p2: Barraskewda|[notarget]\n|-fail|p1a: Corviknight\n|\n|-weather|Snow|[upkeep]\n|upkeep\n|\n|t:|1699973276\n|switch|p2a: Greninja|Greninja, M|100\/100\n|turn|21\n|\n|t:|1699973285\n|move|p2a: Greninja|Surf|p1a: Corviknight\n|-damage|p1a: Corviknight|61\/100\n|move|p1a: Corviknight|U-turn|p2a: Greninja\n|-supereffective|p2a: Greninja\n|-damage|p2a: Greninja|55\/100\n|\n|t:|1699973287\n|switch|p1a: Dragapult|Dragapult, M|100\/100|[from] U-turn\n|\n|-weather|Snow|[upkeep]\n|-sideend|p1: Felckon|move: Aurora Veil\n|upkeep\n|turn|22\n|\n|t:|1699973296\n|move|p1a: Dragapult|Dragon Darts|p2a: Greninja\n|-damage|p2a: Greninja|13\/100\n|-anim|p1a: Dragapult|Dragon Darts|p2a: Greninja\n|-damage|p2a: Greninja|0 fnt\n|faint|p2a: Greninja\n|\n|win|Felckon\n|raw|Felckon's rating: 1334 &rarr; <strong>1359<\/strong><br \/>(+25 for winning)\n|raw|Shimeon91's rating: 1427 &rarr; <strong>1402<\/strong><br \/>(-25 for losing)\n","uploadtime":1699973299,"views":10,"p1id":"felckon","p2id":"shimeon91","formatid":"gen9ou","rating":1359,"private":0,"password":""}