{"id":"gen9ou-2000525386","p1":"Not Hell","p2":"Tsar dragon","format":"[Gen 9] OU","log":"|j|\u2606Not Hell\n|j|\u2606Tsar dragon\n|t:|1701202209\n|gametype|singles\n|player|p1|Not Hell|morty-masters|\n|player|p2|Tsar dragon|265|\n|teamsize|p1|6\n|teamsize|p2|6\n|gen|9\n|tier|[Gen 9] OU\n|rule|Sleep Clause Mod: Limit one foe put to sleep\n|rule|Species Clause: Limit one of each Pok\u00e9mon\n|rule|OHKO Clause: OHKO moves are banned\n|rule|Evasion Items Clause: Evasion items are banned\n|rule|Evasion Moves Clause: Evasion moves are banned\n|rule|Endless Battle Clause: Forcing endless battles is banned\n|rule|HP Percentage Mod: HP is shown in percentages\n|clearpoke\n|poke|p1|Slaking, F|\n|poke|p1|Gengar, M|\n|poke|p1|Noivern, M|\n|poke|p1|Quagsire, F|\n|poke|p1|Corviknight, F|\n|poke|p1|Breloom, F|\n|poke|p2|Gholdengo|\n|poke|p2|Azumarill, F|\n|poke|p2|Great Tusk|\n|poke|p2|Iron Valiant|\n|poke|p2|Kleavor, M|\n|poke|p2|Krookodile, M|\n|teampreview\n|inactive|Battle timer is ON: inactive players will automatically lose when time's up. (requested by Tsar dragon)\n|\n|t:|1701202228\n|start\n|switch|p1a: Noivern|Noivern, M|100\/100\n|switch|p2a: Kleavor|Kleavor, M|100\/100\n|-item|p2a: Kleavor|Choice Scarf|[from] ability: Frisk|[of] p1a: Noivern|[identify]\n|turn|1\n|\n|t:|1701202255\n|-terastallize|p1a: Noivern|Steel\n|move|p1a: Noivern|Tera Blast|p2a: Kleavor|[anim] Tera Blast Steel\n|-supereffective|p2a: Kleavor\n|-damage|p2a: Kleavor|0 fnt\n|faint|p2a: Kleavor\n|\n|upkeep\n|inactive|Tsar dragon has 270 seconds left.\n|j| Horrific17\n|inactive|Tsar dragon has 240 seconds left.\n|inactive|Tsar dragon has 210 seconds left.\n|\n|t:|1701202356\n|switch|p2a: Azumarill|Azumarill, F|100\/100\n|turn|2\n|inactive|Not Hell has 270 seconds left.\n|\n|t:|1701202389\n|switch|p1a: Corviknight|Corviknight, F|100\/100\n|-ability|p1a: Corviknight|Pressure\n|move|p2a: Azumarill|Belly Drum|p2a: Azumarill\n|-damage|p2a: Azumarill|50\/100\n|-setboost|p2a: Azumarill|atk|6|[from] move: Belly Drum\n|-enditem|p2a: Azumarill|Sitrus Berry|[eat]\n|-heal|p2a: Azumarill|75\/100|[from] item: Sitrus Berry\n|\n|upkeep\n|turn|3\n|inactive|Tsar dragon has 210 seconds left.\n|\n|t:|1701202406\n|switch|p1a: Quagsire|Quagsire, F|100\/100\n|move|p2a: Azumarill|Waterfall|p1a: Quagsire\n|-damage|p1a: Quagsire|68\/100\n|\n|-heal|p1a: Quagsire|74\/100|[from] item: Leftovers\n|upkeep\n|turn|4\n|\n|t:|1701202421\n|move|p2a: Azumarill|Play Rough|p1a: Quagsire\n|-damage|p1a: Quagsire|31\/100\n|move|p1a: Quagsire|Earthquake|p2a: Azumarill\n|-damage|p2a: Azumarill|44\/100\n|\n|-heal|p1a: Quagsire|38\/100|[from] item: Leftovers\n|upkeep\n|turn|5\n|\n|t:|1701202439\n|switch|p1a: Corviknight|Corviknight, F|100\/100\n|-ability|p1a: Corviknight|Pressure\n|move|p2a: Azumarill|Play Rough|p1a: Corviknight\n|-resisted|p1a: Corviknight\n|-damage|p1a: Corviknight|27\/100\n|-damage|p2a: Azumarill|27\/100|[from] item: Rocky Helmet|[of] p1a: Corviknight\n|\n|upkeep\n|turn|6\n|\n|t:|1701202460\n|switch|p1a: Quagsire|Quagsire, F|38\/100\n|move|p2a: Azumarill|Aqua Jet|p1a: Quagsire\n|-damage|p1a: Quagsire|19\/100\n|\n|-heal|p1a: Quagsire|25\/100|[from] item: Leftovers\n|upkeep\n|turn|7\n|\n|t:|1701202469\n|move|p2a: Azumarill|Waterfall|p1a: Quagsire\n|-damage|p1a: Quagsire|0 fnt\n|faint|p1a: Quagsire\n|\n|upkeep\n|c|\u2606Tsar dragon|im confused\n|\n|t:|1701202474\n|switch|p1a: Breloom|Breloom, F|100\/100\n|turn|8\n|c|\u2606Tsar dragon|what just happened\n|inactive|Tsar dragon has 210 seconds left.\n|inactive|Tsar dragon has 180 seconds left.\n|inactive|Tsar dragon has 150 seconds left.\n|\n|t:|1701202546\n|-terastallize|p2a: Azumarill|Water\n|move|p1a: Breloom|Mach Punch|p2a: Azumarill\n|-damage|p2a: Azumarill|0 fnt\n|faint|p2a: Azumarill\n|\n|upkeep\n|c|\u2606Tsar dragon|aw\n|inactive|Tsar dragon has 120 seconds left.\n|\n|t:|1701202590\n|switch|p2a: Gholdengo|Gholdengo|100\/100\n|-item|p2a: Gholdengo|Air Balloon\n|turn|9\n|\n|t:|1701202610\n|switch|p1a: Gengar|Gengar, M|100\/100\n|move|p2a: Gholdengo|Make It Rain|p1a: Gengar\n|-enditem|p1a: Gengar|Focus Sash\n|-damage|p1a: Gengar|1\/100\n|-unboost|p2a: Gholdengo|spa|1\n|-start|p2a: Gholdengo|Disable|Make It Rain|[from] ability: Cursed Body|[of] p1a: Gengar\n|\n|upkeep\n|turn|10\n|inactive|Tsar dragon has 120 seconds left.\n|inactive|Not Hell has 240 seconds left.\n|inactive|Tsar dragon has 90 seconds left.\n|\n|t:|1701202647\n|switch|p2a: Krookodile|Krookodile, M|100\/100\n|move|p1a: Gengar|Destiny Bond|p1a: Gengar\n|-singlemove|p1a: Gengar|Destiny Bond\n|\n|upkeep\n|turn|11\n|inactive|Tsar dragon has 90 seconds left.\n|inactive|Not Hell has 210 seconds left.\n|\n|t:|1701202685\n|switch|p2a: Iron Valiant|Iron Valiant|100\/100\n|-enditem|p2a: Iron Valiant|Booster Energy\n|-activate|p2a: Iron Valiant|ability: Quark Drive|[fromitem]\n|-start|p2a: Iron Valiant|quarkdrivespe\n|move|p1a: Gengar|Shadow Ball|p2a: Iron Valiant\n|-damage|p2a: Iron Valiant|20\/100\n|\n|upkeep\n|turn|12\n|inactive|Not Hell has 210 seconds left.\n|\n|t:|1701202701\n|switch|p1a: Corviknight|Corviknight, F|27\/100\n|-ability|p1a: Corviknight|Pressure\n|move|p2a: Iron Valiant|Knock Off|p1a: Corviknight\n|-damage|p1a: Corviknight|8\/100\n|-damage|p2a: Iron Valiant|4\/100|[from] item: Rocky Helmet|[of] p1a: Corviknight\n|-enditem|p1a: Corviknight|Rocky Helmet|[from] move: Knock Off|[of] p2a: Iron Valiant\n|\n|upkeep\n|turn|13\n|\n|t:|1701202717\n|move|p2a: Iron Valiant|Knock Off|p1a: Corviknight\n|-damage|p1a: Corviknight|0 fnt\n|faint|p1a: Corviknight\n|\n|upkeep\n|\n|t:|1701202722\n|switch|p1a: Noivern|Noivern, M, tera:Steel|100\/100\n|turn|14\n|\n|t:|1701202741\n|move|p1a: Noivern|Tera Blast|p2a: Iron Valiant|[anim] Tera Blast Steel\n|-supereffective|p2a: Iron Valiant\n|-damage|p2a: Iron Valiant|0 fnt\n|faint|p2a: Iron Valiant\n|-end|p2a: Iron Valiant|Quark Drive|[silent]\n|\n|upkeep\n|inactive|Tsar dragon has 60 seconds left.\n|\n|t:|1701202772\n|switch|p2a: Great Tusk|Great Tusk|100\/100\n|-enditem|p2a: Great Tusk|Booster Energy\n|-activate|p2a: Great Tusk|ability: Protosynthesis|[fromitem]\n|-start|p2a: Great Tusk|protosynthesisspe\n|turn|15\n|\n|t:|1701202785\n|switch|p1a: Slaking|Slaking, F|100\/100\n|move|p2a: Great Tusk|Headlong Rush|p1a: Slaking\n|-damage|p1a: Slaking|66\/100\n|-unboost|p2a: Great Tusk|def|1\n|-unboost|p2a: Great Tusk|spd|1\n|\n|-heal|p1a: Slaking|72\/100|[from] item: Leftovers\n|upkeep\n|turn|16\n|\n|t:|1701202796\n|move|p2a: Great Tusk|Close Combat|p1a: Slaking\n|-supereffective|p1a: Slaking\n|-damage|p1a: Slaking|0 fnt\n|-unboost|p2a: Great Tusk|def|1\n|-unboost|p2a: Great Tusk|spd|1\n|faint|p1a: Slaking\n|\n|upkeep\n|\n|t:|1701202802\n|switch|p1a: Noivern|Noivern, M, tera:Steel|100\/100\n|turn|17\n|\n|t:|1701202817\n|move|p1a: Noivern|Draco Meteor|p2a: Great Tusk\n|-damage|p2a: Great Tusk|0 fnt\n|-unboost|p1a: Noivern|spa|2\n|faint|p2a: Great Tusk\n|-end|p2a: Great Tusk|Protosynthesis|[silent]\n|\n|upkeep\n|inactive|Tsar dragon has 90 seconds left.\n|\n|t:|1701202827\n|switch|p2a: Krookodile|Krookodile, M|100\/100\n|turn|18\n|\n|t:|1701202842\n|switch|p1a: Breloom|Breloom, F|100\/100\n|move|p2a: Krookodile|Earthquake|p1a: Breloom\n|-resisted|p1a: Breloom\n|-damage|p1a: Breloom|63\/100\n|\n|upkeep\n|turn|19\n|\n|t:|1701202851\n|switch|p2a: Gholdengo|Gholdengo|100\/100\n|-item|p2a: Gholdengo|Air Balloon\n|move|p1a: Breloom|Bullet Seed|p2a: Gholdengo\n|-resisted|p2a: Gholdengo\n|-damage|p2a: Gholdengo|83\/100\n|-enditem|p2a: Gholdengo|Air Balloon\n|-resisted|p2a: Gholdengo\n|-damage|p2a: Gholdengo|65\/100\n|-resisted|p2a: Gholdengo\n|-damage|p2a: Gholdengo|46\/100\n|-hitcount|p2a: Gholdengo|3\n|\n|upkeep\n|turn|20\n|\n|t:|1701202878\n|switch|p1a: Noivern|Noivern, M, tera:Steel|100\/100\n|move|p2a: Gholdengo|Shadow Ball|p1a: Noivern\n|-damage|p1a: Noivern|43\/100\n|\n|upkeep\n|turn|21\n|inactive|Not Hell has 180 seconds left.\n|\n|t:|1701202896\n|move|p1a: Noivern|Tera Blast|p2a: Gholdengo|[anim] Tera Blast Steel\n|-resisted|p2a: Gholdengo\n|-damage|p2a: Gholdengo|25\/100\n|move|p2a: Gholdengo|Shadow Ball|p1a: Noivern\n|-damage|p1a: Noivern|0 fnt\n|faint|p1a: Noivern\n|\n|upkeep\n|inactive|Not Hell has 180 seconds left.\n|\n|t:|1701202904\n|switch|p1a: Gengar|Gengar, M|1\/100\n|turn|22\n|inactive|Not Hell has 180 seconds left.\n|\n|t:|1701202915\n|move|p1a: Gengar|Destiny Bond|p1a: Gengar\n|-singlemove|p1a: Gengar|Destiny Bond\n|move|p2a: Gholdengo|Shadow Ball|p1a: Gengar\n|-supereffective|p1a: Gengar\n|-damage|p1a: Gengar|0 fnt\n|faint|p1a: Gengar\n|-activate|p1a: Gengar|move: Destiny Bond\n|faint|p2a: Gholdengo\n|\n|upkeep\n|\n|t:|1701202923\n|switch|p1a: Breloom|Breloom, F|63\/100\n|switch|p2a: Krookodile|Krookodile, M|100\/100\n|turn|23\n|inactive|Tsar dragon has 120 seconds left.\n|\n|t:|1701202939\n|move|p1a: Breloom|Mach Punch|p2a: Krookodile\n|-supereffective|p2a: Krookodile\n|-damage|p2a: Krookodile|0 fnt\n|faint|p2a: Krookodile\n|\n|win|Not Hell\n|c|\u2606Not Hell|ggg\n|l|\u2606Tsar dragon\n","uploadtime":1701202946,"views":2,"p1id":"nothell","p2id":"tsardragon","formatid":"gen9ou","rating":0,"private":0,"password":""}