{"id":"gen9ou-1989964887","p1":"Vixen 4 Life","p2":"NoobNoon69","format":"[Gen 9] OU","log":"|j|\u2606Vixen 4 Life\n|j|\u2606NoobNoon69\n|t:|1699910782\n|gametype|singles\n|player|p1|Vixen 4 Life|penny|1327\n|player|p2|NoobNoon69|preschooler|1231\n|teamsize|p1|6\n|teamsize|p2|6\n|gen|9\n|tier|[Gen 9] OU\n|rated|\n|rule|Sleep Clause Mod: Limit one foe put to sleep\n|rule|Species Clause: Limit one of each Pok\u00e9mon\n|rule|OHKO Clause: OHKO moves are banned\n|rule|Evasion Items Clause: Evasion items are banned\n|rule|Evasion Moves Clause: Evasion moves are banned\n|rule|Endless Battle Clause: Forcing endless battles is banned\n|rule|HP Percentage Mod: HP is shown in percentages\n|clearpoke\n|poke|p1|Overqwil, M|\n|poke|p1|Sinistcha-Masterpiece|\n|poke|p1|Gastrodon, F|\n|poke|p1|Eelektross, F|\n|poke|p1|Mandibuzz, F|\n|poke|p1|Krookodile, M|\n|poke|p2|Dragapult, F|\n|poke|p2|Ogerpon-Wellspring, F|\n|poke|p2|Gholdengo|\n|poke|p2|Cinderace, F|\n|poke|p2|Clefable, F|\n|poke|p2|Sneasler, F|\n|teampreview\n|inactive|Battle timer is ON: inactive players will automatically lose when time's up. (requested by NoobNoon69)\n|\n|t:|1699910792\n|start\n|switch|p1a: Overqwil|Overqwil, M|100\/100\n|switch|p2a: Dragapult|Dragapult, F, shiny|100\/100\n|-ability|p1a: Overqwil|Intimidate|boost\n|-unboost|p2a: Dragapult|atk|1\n|turn|1\n|\n|t:|1699910805\n|move|p2a: Dragapult|Draco Meteor|p1a: Overqwil\n|-crit|p1a: Overqwil\n|-damage|p1a: Overqwil|0 fnt\n|-unboost|p2a: Dragapult|spa|2\n|faint|p1a: Overqwil\n|\n|upkeep\n|\n|t:|1699910812\n|switch|p1a: Sinistcha|Sinistcha-Masterpiece|100\/100\n|turn|2\n|\n|t:|1699910823\n|switch|p2a: Ogerpon|Ogerpon-Wellspring, F|100\/100\n|move|p1a: Sinistcha|Calm Mind|p1a: Sinistcha\n|-boost|p1a: Sinistcha|spa|1\n|-boost|p1a: Sinistcha|spd|1\n|\n|upkeep\n|turn|3\n|\n|t:|1699910828\n|move|p2a: Ogerpon|Knock Off|p1a: Sinistcha\n|-supereffective|p1a: Sinistcha\n|-damage|p1a: Sinistcha|43\/100\n|-enditem|p1a: Sinistcha|Leftovers|[from] move: Knock Off|[of] p2a: Ogerpon\n|move|p1a: Sinistcha|Strength Sap|p2a: Ogerpon\n|-unboost|p2a: Ogerpon|atk|1\n|-heal|p1a: Sinistcha|100\/100\n|\n|upkeep\n|turn|4\n|\n|t:|1699910847\n|switch|p2a: Clefable|Clefable, F, shiny|100\/100\n|move|p1a: Sinistcha|Matcha Gotcha|p2a: Clefable\n|-damage|p2a: Clefable|65\/100\n|\n|-heal|p2a: Clefable|71\/100|[from] item: Leftovers\n|upkeep\n|turn|5\n|\n|t:|1699910858\n|move|p1a: Sinistcha|Shadow Ball|p2a: Clefable\n|-damage|p2a: Clefable|36\/100\n|-unboost|p2a: Clefable|spd|1\n|move|p2a: Clefable|Moonblast|p1a: Sinistcha\n|-damage|p1a: Sinistcha|62\/100\n|\n|-heal|p2a: Clefable|42\/100|[from] item: Leftovers\n|upkeep\n|turn|6\n|\n|t:|1699910868\n|switch|p2a: Cinderace|Cinderace, F, shiny|100\/100\n|move|p1a: Sinistcha|Matcha Gotcha|p2a: Cinderace\n|-resisted|p2a: Cinderace\n|-damage|p2a: Cinderace|63\/100\n|-heal|p1a: Sinistcha|79\/100|[from] drain|[of] p2a: Cinderace\n|\n|upkeep\n|turn|7\n|\n|t:|1699910879\n|switch|p1a: Krookodile|Krookodile, M|100\/100\n|-ability|p1a: Krookodile|Intimidate|boost\n|-unboost|p2a: Cinderace|atk|1\n|move|p2a: Cinderace|Pyro Ball|p1a: Krookodile\n|-damage|p1a: Krookodile|69\/100\n|\n|upkeep\n|turn|8\n|\n|t:|1699910887\n|move|p2a: Cinderace|U-turn|p1a: Krookodile\n|-start|p2a: Cinderace|typechange|Bug|[from] ability: Libero\n|-supereffective|p1a: Krookodile\n|-damage|p1a: Krookodile|27\/100\n|-damage|p2a: Cinderace|46\/100|[from] item: Rocky Helmet|[of] p1a: Krookodile\n|\n|t:|1699910894\n|switch|p2a: Ogerpon|Ogerpon-Wellspring, F|100\/100|[from] U-turn\n|move|p1a: Krookodile|Stealth Rock|p2a: Ogerpon\n|-sidestart|p2: NoobNoon69|move: Stealth Rock\n|\n|upkeep\n|turn|9\n|\n|t:|1699910901\n|move|p2a: Ogerpon|Ivy Cudgel|p1a: Krookodile\n|-supereffective|p1a: Krookodile\n|-damage|p1a: Krookodile|0 fnt\n|faint|p1a: Krookodile\n|\n|upkeep\n|\n|t:|1699910905\n|switch|p1a: Gastrodon|Gastrodon, F|100\/100\n|turn|10\n|\n|t:|1699910910\n|-terastallize|p1a: Gastrodon|Fire\n|move|p2a: Ogerpon|Horn Leech|p1a: Gastrodon\n|-resisted|p1a: Gastrodon\n|-damage|p1a: Gastrodon|77\/100\n|move|p1a: Gastrodon|Spikes|p2a: Ogerpon\n|-sidestart|p2: NoobNoon69|Spikes\n|\n|-heal|p1a: Gastrodon|83\/100|[from] item: Leftovers\n|upkeep\n|turn|11\n|\n|t:|1699910917\n|move|p2a: Ogerpon|Ivy Cudgel|p1a: Gastrodon\n|-ability|p1a: Gastrodon|Storm Drain|boost\n|-boost|p1a: Gastrodon|spa|1\n|move|p1a: Gastrodon|Surf|p2a: Ogerpon\n|-immune|p2a: Ogerpon|[from] ability: Water Absorb\n|\n|-heal|p1a: Gastrodon|89\/100|[from] item: Leftovers\n|upkeep\n|turn|12\n|\n|t:|1699910925\n|move|p2a: Ogerpon|Knock Off|p1a: Gastrodon\n|-damage|p1a: Gastrodon|44\/100\n|-enditem|p1a: Gastrodon|Leftovers|[from] move: Knock Off|[of] p2a: Ogerpon\n|move|p1a: Gastrodon|Earth Power|p2a: Ogerpon\n|-resisted|p2a: Ogerpon\n|-damage|p2a: Ogerpon|76\/100\n|\n|upkeep\n|turn|13\n|\n|t:|1699910933\n|move|p2a: Ogerpon|Horn Leech|p1a: Gastrodon\n|-resisted|p1a: Gastrodon\n|-damage|p1a: Gastrodon|19\/100\n|-heal|p2a: Ogerpon|94\/100|[from] drain|[of] p1a: Gastrodon\n|move|p1a: Gastrodon|Recover|p1a: Gastrodon\n|-heal|p1a: Gastrodon|69\/100\n|\n|upkeep\n|turn|14\n|\n|t:|1699910941\n|move|p2a: Ogerpon|Horn Leech|p1a: Gastrodon\n|-resisted|p1a: Gastrodon\n|-damage|p1a: Gastrodon|47\/100\n|-heal|p2a: Ogerpon|100\/100|[from] drain|[of] p1a: Gastrodon\n|move|p1a: Gastrodon|Recover|p1a: Gastrodon\n|-heal|p1a: Gastrodon|97\/100\n|\n|upkeep\n|turn|15\n|\n|t:|1699910949\n|move|p2a: Ogerpon|Horn Leech|p1a: Gastrodon\n|-resisted|p1a: Gastrodon\n|-damage|p1a: Gastrodon|71\/100\n|move|p1a: Gastrodon|Spikes|p2a: Ogerpon\n|-sidestart|p2: NoobNoon69|Spikes\n|\n|upkeep\n|turn|16\n|\n|t:|1699910955\n|move|p2a: Ogerpon|Horn Leech|p1a: Gastrodon\n|-resisted|p1a: Gastrodon\n|-damage|p1a: Gastrodon|46\/100\n|move|p1a: Gastrodon|Earth Power|p2a: Ogerpon\n|-resisted|p2a: Ogerpon\n|-crit|p2a: Ogerpon\n|-damage|p2a: Ogerpon|59\/100\n|\n|upkeep\n|turn|17\n|\n|t:|1699910963\n|move|p2a: Ogerpon|Horn Leech|p1a: Gastrodon\n|-resisted|p1a: Gastrodon\n|-damage|p1a: Gastrodon|21\/100\n|-heal|p2a: Ogerpon|77\/100|[from] drain|[of] p1a: Gastrodon\n|move|p1a: Gastrodon|Recover|p1a: Gastrodon\n|-heal|p1a: Gastrodon|71\/100\n|\n|upkeep\n|turn|18\n|\n|t:|1699910971\n|switch|p1a: Sinistcha|Sinistcha-Masterpiece|79\/100\n|move|p2a: Ogerpon|Horn Leech|p1a: Sinistcha\n|-resisted|p1a: Sinistcha\n|-damage|p1a: Sinistcha|62\/100\n|-heal|p2a: Ogerpon|87\/100|[from] drain|[of] p1a: Sinistcha\n|\n|upkeep\n|turn|19\n|\n|t:|1699910979\n|move|p2a: Ogerpon|Knock Off|p1a: Sinistcha\n|-supereffective|p1a: Sinistcha\n|-damage|p1a: Sinistcha|20\/100\n|move|p1a: Sinistcha|Strength Sap|p2a: Ogerpon\n|-unboost|p2a: Ogerpon|atk|1\n|-heal|p1a: Sinistcha|100\/100\n|\n|upkeep\n|turn|20\n|\n|t:|1699910985\n|switch|p2a: Cinderace|Cinderace, F, shiny|46\/100\n|move|p1a: Sinistcha|Shadow Ball|p2a: Cinderace\n|-damage|p2a: Cinderace|0 fnt\n|faint|p2a: Cinderace\n|\n|upkeep\n|\n|t:|1699910992\n|switch|p2a: Dragapult|Dragapult, F, shiny|100\/100\n|-damage|p2a: Dragapult|88\/100|[from] Stealth Rock\n|-damage|p2a: Dragapult|72\/100|[from] Spikes\n|turn|21\n|\n|t:|1699910996\n|switch|p1a: Eelektross|Eelektross, F|100\/100\n|move|p2a: Dragapult|Draco Meteor|p1a: Eelektross\n|-damage|p1a: Eelektross|53\/100\n|-unboost|p2a: Dragapult|spa|2\n|\n|upkeep\n|turn|22\n|\n|t:|1699911008\n|switch|p2a: Clefable|Clefable, F, shiny|42\/100\n|-damage|p2a: Clefable|30\/100|[from] Stealth Rock\n|-damage|p2a: Clefable|13\/100|[from] Spikes\n|move|p1a: Eelektross|Volt Switch|p2a: Clefable\n|-damage|p2a: Clefable|0 fnt\n|faint|p2a: Clefable\n|\n|t:|1699911016\n|switch|p1a: Gastrodon|Gastrodon, F, tera:Fire|71\/100|[from] Volt Switch\n|\n|upkeep\n|\n|t:|1699911033\n|switch|p2a: Gholdengo|Gholdengo, shiny|100\/100\n|-damage|p2a: Gholdengo|94\/100|[from] Stealth Rock\n|-item|p2a: Gholdengo|Air Balloon\n|turn|23\n|\n|t:|1699911038\n|move|p2a: Gholdengo|Make It Rain|p1a: Gastrodon\n|-resisted|p1a: Gastrodon\n|-damage|p1a: Gastrodon|50\/100\n|-unboost|p2a: Gholdengo|spa|1\n|move|p1a: Gastrodon|Surf|p2a: Gholdengo\n|-damage|p2a: Gholdengo|59\/100\n|-enditem|p2a: Gholdengo|Air Balloon\n|\n|upkeep\n|turn|24\n|\n|t:|1699911047\n|move|p2a: Gholdengo|Shadow Ball|p1a: Gastrodon\n|-damage|p1a: Gastrodon|32\/100\n|move|p1a: Gastrodon|Recover|p1a: Gastrodon\n|-heal|p1a: Gastrodon|82\/100\n|\n|upkeep\n|turn|25\n|\n|t:|1699911052\n|move|p2a: Gholdengo|Nasty Plot|p2a: Gholdengo\n|-boost|p2a: Gholdengo|spa|2\n|move|p1a: Gastrodon|Earth Power|p2a: Gholdengo\n|-supereffective|p2a: Gholdengo\n|-damage|p2a: Gholdengo|0 fnt\n|faint|p2a: Gholdengo\n|\n|upkeep\n|c|\u2606NoobNoon69|Gg\n|-message|NoobNoon69 forfeited.\n|\n|win|Vixen 4 Life\n|raw|Vixen 4 Life's rating: 1327 &rarr; <strong>1342<\/strong><br \/>(+15 for winning)\n|raw|NoobNoon69's rating: 1231 &rarr; <strong>1213<\/strong><br \/>(-18 for losing)\n|l|\u2606NoobNoon69\n","uploadtime":1699911084,"views":11,"p1id":"vixen4life","p2id":"noobnoon69","formatid":"gen9ou","rating":1213,"private":0,"password":""}