{"id":"gen9ou-1989181667","p1":"actualonion","p2":"LeakyTwinkie","format":"[Gen 9] OU","log":"|j|\u2606actualonion\n|j|\u2606LeakyTwinkie\n|t:|1699820814\n|gametype|singles\n|player|p1|actualonion|allister|1540\n|player|p2|LeakyTwinkie|169|1477\n|teamsize|p1|6\n|teamsize|p2|6\n|gen|9\n|tier|[Gen 9] OU\n|rated|\n|rule|Sleep Clause Mod: Limit one foe put to sleep\n|rule|Species Clause: Limit one of each Pok\u00e9mon\n|rule|OHKO Clause: OHKO moves are banned\n|rule|Evasion Items Clause: Evasion items are banned\n|rule|Evasion Moves Clause: Evasion moves are banned\n|rule|Endless Battle Clause: Forcing endless battles is banned\n|rule|HP Percentage Mod: HP is shown in percentages\n|clearpoke\n|poke|p1|Iron Valiant|\n|poke|p1|Cinderace, M|\n|poke|p1|Vaporeon, F|\n|poke|p1|Corviknight, M|\n|poke|p1|Landorus-Therian, M|\n|poke|p1|Kingambit, F|\n|poke|p2|Samurott-Hisui, M|\n|poke|p2|Glimmora, F|\n|poke|p2|Iron Moth|\n|poke|p2|Gholdengo|\n|poke|p2|Kingambit, M|\n|poke|p2|Dragonite, M|\n|teampreview\n|\n|t:|1699820825\n|start\n|switch|p1a: Cinderace|Cinderace, M|100\/100\n|switch|p2a: Samurott|Samurott-Hisui, M|100\/100\n|turn|1\n|\n|t:|1699820830\n|move|p1a: Cinderace|U-turn|p2a: Samurott\n|-supereffective|p2a: Samurott\n|-damage|p2a: Samurott|53\/100\n|inactive|Battle timer is ON: inactive players will automatically lose when time's up. (requested by LeakyTwinkie)\n|\n|t:|1699820854\n|switch|p1a: Corviknight|Corviknight, M|100\/100|[from] U-turn\n|-ability|p1a: Corviknight|Pressure\n|move|p2a: Samurott|Ceaseless Edge|p1a: Corviknight\n|-damage|p1a: Corviknight|73\/100\n|-sidestart|p1: actualonion|Spikes\n|\n|upkeep\n|turn|2\n|\n|t:|1699820881\n|switch|p2a: Gholdengo|Gholdengo|100\/100\n|-item|p2a: Gholdengo|Air Balloon\n|move|p1a: Corviknight|Brave Bird|p2a: Gholdengo\n|-resisted|p2a: Gholdengo\n|-damage|p2a: Gholdengo|81\/100\n|-enditem|p2a: Gholdengo|Air Balloon\n|-damage|p1a: Corviknight|67\/100|[from] Recoil\n|\n|upkeep\n|turn|3\n|\n|t:|1699820894\n|switch|p1a: Vaporeon|Vaporeon, F|100\/100\n|-damage|p1a: Vaporeon|88\/100|[from] Spikes\n|move|p2a: Gholdengo|Shadow Ball|p1a: Vaporeon\n|-damage|p1a: Vaporeon|62\/100\n|\n|-heal|p1a: Vaporeon|68\/100|[from] item: Leftovers\n|upkeep\n|turn|4\n|\n|t:|1699820902\n|switch|p2a: Samurott|Samurott-Hisui, M|53\/100\n|move|p1a: Vaporeon|Wish|p1a: Vaporeon\n|\n|-heal|p1a: Vaporeon|74\/100|[from] item: Leftovers\n|upkeep\n|turn|5\n|\n|t:|1699820908\n|switch|p1a: Corviknight|Corviknight, M|67\/100\n|-ability|p1a: Corviknight|Pressure\n|move|p2a: Samurott|Ceaseless Edge|p1a: Corviknight\n|-damage|p1a: Corviknight|43\/100\n|-sidestart|p1: actualonion|Spikes\n|\n|-heal|p1a: Corviknight|100\/100|[from] move: Wish|[wisher] Vaporeon\n|upkeep\n|turn|6\n|\n|t:|1699820917\n|switch|p2a: Gholdengo|Gholdengo|81\/100\n|move|p1a: Corviknight|U-turn|p2a: Gholdengo\n|-resisted|p2a: Gholdengo\n|-damage|p2a: Gholdengo|78\/100\n|\n|t:|1699820931\n|switch|p1a: Iron Valiant|Iron Valiant|100\/100|[from] U-turn\n|-damage|p1a: Iron Valiant|84\/100|[from] Spikes\n|\n|upkeep\n|turn|7\n|\n|t:|1699820943\n|switch|p2a: Glimmora|Glimmora, F|100\/100\n|move|p1a: Iron Valiant|Shadow Ball|p2a: Glimmora\n|-damage|p2a: Glimmora|47\/100\n|-enditem|p2a: Glimmora|Red Card|[of] p1a: Iron Valiant\n|-end|p1a: Iron Valiant|Quark Drive|[silent]\n|drag|p1a: Vaporeon|Vaporeon, F|74\/100\n|-damage|p1a: Vaporeon|58\/100|[from] Spikes\n|\n|-heal|p1a: Vaporeon|64\/100|[from] item: Leftovers\n|upkeep\n|turn|8\n|\n|t:|1699820954\n|move|p1a: Vaporeon|Protect|p1a: Vaporeon\n|-singleturn|p1a: Vaporeon|Protect\n|move|p2a: Glimmora|Stealth Rock|p1a: Vaporeon\n|-sidestart|p1: actualonion|move: Stealth Rock\n|\n|-heal|p1a: Vaporeon|70\/100|[from] item: Leftovers\n|upkeep\n|turn|9\n|\n|t:|1699820966\n|move|p2a: Glimmora|Mortal Spin|p1a: Vaporeon\n|-damage|p1a: Vaporeon|64\/100\n|-status|p1a: Vaporeon|psn\n|move|p1a: Vaporeon|Flip Turn|p2a: Glimmora\n|-supereffective|p2a: Glimmora\n|-damage|p2a: Glimmora|12\/100\n|-activate|p2a: Glimmora|ability: Toxic Debris\n|-sidestart|p1: actualonion|move: Toxic Spikes\n|\n|t:|1699820976\n|switch|p1a: Corviknight|Corviknight, M|100\/100|[from] Flip Turn\n|-ability|p1a: Corviknight|Pressure\n|\n|upkeep\n|turn|10\n|\n|t:|1699820982\n|move|p2a: Glimmora|Dazzling Gleam|p1a: Corviknight\n|-resisted|p1a: Corviknight\n|-damage|p1a: Corviknight|87\/100\n|move|p1a: Corviknight|U-turn|p2a: Glimmora\n|-resisted|p2a: Glimmora\n|-damage|p2a: Glimmora|3\/100\n|-activate|p2a: Glimmora|ability: Toxic Debris\n|-sidestart|p1: actualonion|move: Toxic Spikes\n|\n|t:|1699820993\n|switch|p1a: Cinderace|Cinderace, M|100\/100|[from] U-turn\n|\n|upkeep\n|turn|11\n|\n|t:|1699820999\n|move|p1a: Cinderace|Pyro Ball|p2a: Glimmora|[miss]\n|-miss|p1a: Cinderace|p2a: Glimmora\n|move|p2a: Glimmora|Mortal Spin|p1a: Cinderace\n|-damage|p1a: Cinderace|93\/100\n|-status|p1a: Cinderace|psn\n|\n|-damage|p1a: Cinderace|80\/100 psn|[from] psn\n|upkeep\n|turn|12\n|\n|t:|1699821007\n|move|p1a: Cinderace|Pyro Ball|p2a: Glimmora\n|-resisted|p2a: Glimmora\n|-damage|p2a: Glimmora|0 fnt\n|faint|p2a: Glimmora\n|\n|-damage|p1a: Cinderace|68\/100 psn|[from] psn\n|upkeep\n|\n|t:|1699821032\n|switch|p2a: Iron Moth|Iron Moth|100\/100\n|-enditem|p2a: Iron Moth|Booster Energy\n|-activate|p2a: Iron Moth|ability: Quark Drive|[fromitem]\n|-start|p2a: Iron Moth|quarkdrivespe\n|turn|13\n|\n|t:|1699821037\n|move|p2a: Iron Moth|Fiery Dance|p1a: Cinderace\n|-resisted|p1a: Cinderace\n|-damage|p1a: Cinderace|44\/100 psn\n|move|p1a: Cinderace|Court Change|p1a: Cinderace\n|-swapsideconditions\n|-activate|p1a: Cinderace|move: Court Change\n|\n|-damage|p1a: Cinderace|31\/100 psn|[from] psn\n|upkeep\n|turn|14\n|\n|t:|1699821046\n|move|p2a: Iron Moth|Fiery Dance|p1a: Cinderace\n|-resisted|p1a: Cinderace\n|-damage|p1a: Cinderace|4\/100 psn\n|-boost|p2a: Iron Moth|spa|1\n|move|p1a: Cinderace|U-turn|p2a: Iron Moth\n|-resisted|p2a: Iron Moth\n|-damage|p2a: Iron Moth|94\/100\n|\n|t:|1699821060\n|switch|p1a: Vaporeon|Vaporeon, F|64\/100 psn|[from] U-turn\n|\n|-heal|p1a: Vaporeon|70\/100 psn|[from] item: Leftovers\n|-damage|p1a: Vaporeon|57\/100 psn|[from] psn\n|upkeep\n|turn|15\n|\n|t:|1699821071\n|-terastallize|p1a: Vaporeon|Poison\n|move|p2a: Iron Moth|Energy Ball|p1a: Vaporeon\n|-resisted|p1a: Vaporeon\n|-damage|p1a: Vaporeon|44\/100 psn\n|move|p1a: Vaporeon|Wish|p1a: Vaporeon\n|\n|-heal|p1a: Vaporeon|50\/100 psn|[from] item: Leftovers\n|-damage|p1a: Vaporeon|38\/100 psn|[from] psn\n|upkeep\n|turn|16\n|\n|t:|1699821079\n|move|p1a: Vaporeon|Protect|p1a: Vaporeon\n|-singleturn|p1a: Vaporeon|Protect\n|move|p2a: Iron Moth|Fiery Dance|p1a: Vaporeon\n|-activate|p1a: Vaporeon|move: Protect\n|\n|-heal|p1a: Vaporeon|88\/100 psn|[from] move: Wish|[wisher] Vaporeon\n|-heal|p1a: Vaporeon|94\/100 psn|[from] item: Leftovers\n|-damage|p1a: Vaporeon|82\/100 psn|[from] psn\n|upkeep\n|turn|17\n|\n|t:|1699821088\n|move|p2a: Iron Moth|Fiery Dance|p1a: Vaporeon\n|-damage|p1a: Vaporeon|47\/100 psn\n|-boost|p2a: Iron Moth|spa|1\n|move|p1a: Vaporeon|Icy Wind|p2a: Iron Moth\n|-resisted|p2a: Iron Moth\n|-damage|p2a: Iron Moth|86\/100\n|-unboost|p2a: Iron Moth|spe|1\n|\n|-heal|p1a: Vaporeon|53\/100 psn|[from] item: Leftovers\n|-damage|p1a: Vaporeon|41\/100 psn|[from] psn\n|upkeep\n|turn|18\n|\n|t:|1699821100\n|move|p1a: Vaporeon|Protect|p1a: Vaporeon\n|-singleturn|p1a: Vaporeon|Protect\n|move|p2a: Iron Moth|Substitute|p2a: Iron Moth\n|-start|p2a: Iron Moth|Substitute\n|-damage|p2a: Iron Moth|61\/100\n|\n|-heal|p1a: Vaporeon|47\/100 psn|[from] item: Leftovers\n|-damage|p1a: Vaporeon|34\/100 psn|[from] psn\n|upkeep\n|turn|19\n|\n|t:|1699821109\n|move|p2a: Iron Moth|Fiery Dance|p1a: Vaporeon\n|-damage|p1a: Vaporeon|0 fnt\n|-boost|p2a: Iron Moth|spa|1\n|faint|p1a: Vaporeon\n|\n|upkeep\n|\n|t:|1699821116\n|switch|p1a: Cinderace|Cinderace, M|4\/100 psn\n|turn|20\n|\n|t:|1699821120\n|move|p1a: Cinderace|Pyro Ball|p2a: Iron Moth\n|-resisted|p2a: Iron Moth\n|-end|p2a: Iron Moth|Substitute\n|move|p2a: Iron Moth|Fiery Dance|p1a: Cinderace\n|-resisted|p1a: Cinderace\n|-damage|p1a: Cinderace|0 fnt\n|-boost|p2a: Iron Moth|spa|1\n|faint|p1a: Cinderace\n|\n|upkeep\n|\n|t:|1699821128\n|switch|p1a: Iron Valiant|Iron Valiant|84\/100\n|turn|21\n|\n|t:|1699821136\n|move|p1a: Iron Valiant|Psyshock|p2a: Iron Moth\n|-supereffective|p2a: Iron Moth\n|-damage|p2a: Iron Moth|0 fnt\n|faint|p2a: Iron Moth\n|-end|p2a: Iron Moth|Quark Drive|[silent]\n|\n|upkeep\n|\n|t:|1699821145\n|switch|p2a: Gholdengo|Gholdengo|78\/100\n|-damage|p2a: Gholdengo|61\/100|[from] Spikes\n|-damage|p2a: Gholdengo|55\/100|[from] Stealth Rock\n|turn|22\n|\n|t:|1699821152\n|-end|p1a: Iron Valiant|Quark Drive|[silent]\n|switch|p1a: Kingambit|Kingambit, F|100\/100\n|-activate|p1a: Kingambit|ability: Supreme Overlord\n|-start|p1a: Kingambit|fallen2|[silent]\n|move|p2a: Gholdengo|Psyshock|p1a: Kingambit\n|-immune|p1a: Kingambit\n|\n|upkeep\n|turn|23\n|\n|t:|1699821166\n|switch|p2a: Samurott|Samurott-Hisui, M|53\/100\n|-damage|p2a: Samurott|37\/100|[from] Spikes\n|-damage|p2a: Samurott|24\/100|[from] Stealth Rock\n|-status|p2a: Samurott|tox\n|move|p1a: Kingambit|Kowtow Cleave|p2a: Samurott\n|-resisted|p2a: Samurott\n|-damage|p2a: Samurott|0 fnt\n|faint|p2a: Samurott\n|\n|upkeep\n|\n|t:|1699821173\n|switch|p2a: Kingambit|Kingambit, M|100\/100\n|-damage|p2a: Kingambit|84\/100|[from] Spikes\n|-damage|p2a: Kingambit|78\/100|[from] Stealth Rock\n|-activate|p2a: Kingambit|ability: Supreme Overlord\n|-start|p2a: Kingambit|fallen3|[silent]\n|turn|24\n|\n|t:|1699821187\n|-end|p1a: Kingambit|fallen2|[silent]\n|switch|p1a: Landorus|Landorus-Therian, M|100\/100\n|-ability|p1a: Landorus|Intimidate|boost\n|-unboost|p2a: Kingambit|atk|1\n|move|p2a: Kingambit|Low Kick|p1a: Landorus\n|-resisted|p1a: Landorus\n|-damage|p1a: Landorus|85\/100\n|\n|-heal|p1a: Landorus|90\/100|[from] item: Leftovers\n|-heal|p2a: Kingambit|84\/100|[from] item: Leftovers\n|upkeep\n|turn|25\n|\n|t:|1699821196\n|-end|p2a: Kingambit|fallen3|[silent]\n|switch|p2a: Dragonite|Dragonite, M, shiny|100\/100\n|move|p1a: Landorus|Substitute|p1a: Landorus\n|-start|p1a: Landorus|Substitute\n|-damage|p1a: Landorus|66\/100\n|\n|-heal|p1a: Landorus|72\/100|[from] item: Leftovers\n|upkeep\n|turn|26\n|\n|t:|1699821212\n|move|p1a: Landorus|Smack Down|p2a: Dragonite\n|-supereffective|p2a: Dragonite\n|-damage|p2a: Dragonite|81\/100\n|-start|p2a: Dragonite|Smack Down\n|move|p2a: Dragonite|Ice Spinner|p1a: Landorus\n|-supereffective|p1a: Landorus\n|-end|p1a: Landorus|Substitute\n|\n|-heal|p1a: Landorus|78\/100|[from] item: Leftovers\n|upkeep\n|turn|27\n|\n|t:|1699821221\n|switch|p1a: Corviknight|Corviknight, M|87\/100\n|-ability|p1a: Corviknight|Pressure\n|move|p2a: Dragonite|Dragon Dance|p2a: Dragonite\n|-boost|p2a: Dragonite|atk|1\n|-boost|p2a: Dragonite|spe|1\n|\n|upkeep\n|turn|28\n|\n|t:|1699821231\n|-terastallize|p2a: Dragonite|Steel\n|move|p2a: Dragonite|Ice Spinner|p1a: Corviknight\n|-damage|p1a: Corviknight|61\/100\n|move|p1a: Corviknight|Brave Bird|p2a: Dragonite\n|-resisted|p2a: Dragonite\n|-damage|p2a: Dragonite|62\/100\n|-damage|p1a: Corviknight|56\/100|[from] Recoil\n|\n|upkeep\n|turn|29\n|\n|t:|1699821239\n|move|p2a: Dragonite|Dragon Dance|p2a: Dragonite\n|-boost|p2a: Dragonite|atk|1\n|-boost|p2a: Dragonite|spe|1\n|move|p1a: Corviknight|U-turn|p2a: Dragonite\n|-resisted|p2a: Dragonite\n|-damage|p2a: Dragonite|54\/100\n|\n|t:|1699821244\n|switch|p1a: Landorus|Landorus-Therian, M|78\/100|[from] U-turn\n|-ability|p1a: Landorus|Intimidate|boost\n|-unboost|p2a: Dragonite|atk|1\n|\n|-heal|p1a: Landorus|84\/100|[from] item: Leftovers\n|upkeep\n|turn|30\n|\n|t:|1699821251\n|move|p2a: Dragonite|Ice Spinner|p1a: Landorus\n|-supereffective|p1a: Landorus\n|-damage|p1a: Landorus|0 fnt\n|faint|p1a: Landorus\n|\n|upkeep\n|\n|t:|1699821259\n|switch|p1a: Kingambit|Kingambit, F|100\/100\n|-activate|p1a: Kingambit|ability: Supreme Overlord\n|-start|p1a: Kingambit|fallen3|[silent]\n|turn|31\n|\n|t:|1699821263\n|move|p2a: Dragonite|Earthquake|p1a: Kingambit\n|-supereffective|p1a: Kingambit\n|-damage|p1a: Kingambit|1\/100\n|move|p1a: Kingambit|Kowtow Cleave|p2a: Dragonite\n|-damage|p2a: Dragonite|0 fnt\n|faint|p2a: Dragonite\n|\n|upkeep\n|\n|t:|1699821270\n|switch|p2a: Kingambit|Kingambit, M|84\/100\n|-damage|p2a: Kingambit|68\/100|[from] Spikes\n|-damage|p2a: Kingambit|61\/100|[from] Stealth Rock\n|-activate|p2a: Kingambit|ability: Supreme Overlord\n|-start|p2a: Kingambit|fallen4|[silent]\n|turn|32\n|\n|t:|1699821278\n|move|p2a: Kingambit|Low Kick|p1a: Kingambit\n|-supereffective|p1a: Kingambit\n|-crit|p1a: Kingambit\n|-damage|p1a: Kingambit|0 fnt\n|faint|p1a: Kingambit\n|-end|p1a: Kingambit|fallen3|[silent]\n|\n|-heal|p2a: Kingambit|68\/100|[from] item: Leftovers\n|upkeep\n|\n|t:|1699821285\n|switch|p1a: Iron Valiant|Iron Valiant|84\/100\n|turn|33\n|\n|t:|1699821288\n|-end|p2a: Kingambit|fallen4|[silent]\n|switch|p2a: Gholdengo|Gholdengo|55\/100\n|-damage|p2a: Gholdengo|38\/100|[from] Spikes\n|-damage|p2a: Gholdengo|32\/100|[from] Stealth Rock\n|move|p1a: Iron Valiant|Moonblast|p2a: Gholdengo\n|-resisted|p2a: Gholdengo\n|-damage|p2a: Gholdengo|0 fnt\n|faint|p2a: Gholdengo\n|\n|upkeep\n|\n|t:|1699821299\n|switch|p2a: Kingambit|Kingambit, M|68\/100\n|-damage|p2a: Kingambit|51\/100|[from] Spikes\n|-damage|p2a: Kingambit|45\/100|[from] Stealth Rock\n|-activate|p2a: Kingambit|ability: Supreme Overlord\n|-start|p2a: Kingambit|fallen5|[silent]\n|turn|34\n|\n|t:|1699821305\n|move|p1a: Iron Valiant|Moonblast|p2a: Kingambit\n|-damage|p2a: Kingambit|0 fnt\n|faint|p2a: Kingambit\n|-end|p2a: Kingambit|fallen5|[silent]\n|\n|win|actualonion\n|raw|actualonion's rating: 1540 &rarr; <strong>1556<\/strong><br \/>(+16 for winning)\n|raw|LeakyTwinkie's rating: 1477 &rarr; <strong>1461<\/strong><br \/>(-16 for losing)\n|c|\u2606actualonion|GG\n|l|\u2606LeakyTwinkie\n","uploadtime":1699821363,"views":12,"p1id":"actualonion","p2id":"leakytwinkie","formatid":"gen9ou","rating":1461,"private":0,"password":""}