{"id":"gen9ou-1995279165","p1":"abbysimpiro","p2":"headcannontester","format":"[Gen 9] OU","log":"|j|\u2606abbysimpiro\n|j|\u203dheadcannontester\n|t:|1700545839\n|gametype|singles\n|player|p1|abbysimpiro|169|1242\n|player|p2|headcannontester|169|1215\n|teamsize|p1|6\n|teamsize|p2|6\n|gen|9\n|tier|[Gen 9] OU\n|rated|\n|rule|Sleep Clause Mod: Limit one foe put to sleep\n|rule|Species Clause: Limit one of each Pok\u00e9mon\n|rule|OHKO Clause: OHKO moves are banned\n|rule|Evasion Items Clause: Evasion items are banned\n|rule|Evasion Moves Clause: Evasion moves are banned\n|rule|Endless Battle Clause: Forcing endless battles is banned\n|rule|HP Percentage Mod: HP is shown in percentages\n|clearpoke\n|poke|p1|Amoonguss, F|\n|poke|p1|Corviknight, M|\n|poke|p1|Clodsire, F|\n|poke|p1|Gholdengo|\n|poke|p1|Iron Valiant|\n|poke|p1|Skeledirge, F|\n|poke|p2|Staraptor, F|\n|poke|p2|Alomomola, F|\n|poke|p2|Ribombee, F|\n|poke|p2|Great Tusk|\n|poke|p2|Slowking-Galar, F|\n|poke|p2|Gholdengo|\n|teampreview\n|\n|t:|1700545848\n|start\n|switch|p1a: Amoonguss|Amoonguss, F|100\/100\n|switch|p2a: Staraptor|Staraptor, F|100\/100\n|turn|1\n|\n|t:|1700545866\n|move|p2a: Staraptor|U-turn|p1a: Amoonguss\n|-damage|p1a: Amoonguss|81\/100\n|\n|t:|1700545870\n|switch|p2a: Gholdengo|Gholdengo|100\/100|[from] U-turn\n|move|p1a: Amoonguss|Spore|p2a: Gholdengo\n|-immune|p2a: Gholdengo|[from] ability: Good as Gold\n|\n|upkeep\n|turn|2\n|\n|t:|1700545886\n|switch|p1a: Clodsire|Clodsire, F|100\/100\n|move|p2a: Gholdengo|Shadow Ball|p1a: Clodsire\n|-crit|p1a: Clodsire\n|-damage|p1a: Clodsire|67\/100\n|\n|-heal|p1a: Clodsire|73\/100|[from] item: Black Sludge\n|upkeep\n|turn|3\n|inactive|Battle timer is ON: inactive players will automatically lose when time's up. (requested by headcannontester)\n|\n|t:|1700545913\n|switch|p2a: Staraptor|Staraptor, F|100\/100\n|move|p1a: Clodsire|Earthquake|p2a: Staraptor\n|-immune|p2a: Staraptor\n|\n|-heal|p1a: Clodsire|79\/100|[from] item: Black Sludge\n|upkeep\n|turn|4\n|\n|t:|1700545932\n|move|p2a: Staraptor|U-turn|p1a: Clodsire\n|-resisted|p1a: Clodsire\n|-damage|p1a: Clodsire|66\/100\n|\n|t:|1700545936\n|switch|p2a: Slowking|Slowking-Galar, F|100\/100|[from] U-turn\n|move|p1a: Clodsire|Stealth Rock|p2a: Slowking\n|-sidestart|p2: headcannontester|move: Stealth Rock\n|\n|-heal|p1a: Clodsire|72\/100|[from] item: Black Sludge\n|upkeep\n|turn|5\n|\n|t:|1700545947\n|move|p2a: Slowking|Future Sight|p1a: Clodsire\n|-start|p2a: Slowking|move: Future Sight\n|move|p1a: Clodsire|Recover|p1a: Clodsire\n|-heal|p1a: Clodsire|100\/100\n|\n|upkeep\n|turn|6\n|\n|t:|1700545956\n|move|p2a: Slowking|Chilly Reception|p2a: Slowking\n|-weather|Snow\n|\n|t:|1700545965\n|switch|p2a: Great Tusk|Great Tusk|100\/100|[from] Chilly Reception\n|move|p1a: Clodsire|Earthquake|p2a: Great Tusk\n|-damage|p2a: Great Tusk|80\/100\n|\n|-weather|Snow|[upkeep]\n|upkeep\n|turn|7\n|\n|t:|1700545976\n|switch|p1a: Corviknight|Corviknight, M|100\/100\n|-ability|p1a: Corviknight|Pressure\n|move|p2a: Great Tusk|Rapid Spin|p1a: Corviknight\n|-resisted|p1a: Corviknight\n|-damage|p1a: Corviknight|95\/100\n|-boost|p2a: Great Tusk|spe|1\n|-damage|p2a: Great Tusk|64\/100|[from] item: Rocky Helmet|[of] p1a: Corviknight\n|-sideend|p2: headcannontester|Stealth Rock|[from] move: Rapid Spin|[of] p2a: Great Tusk\n|\n|-weather|Snow|[upkeep]\n|-end|p1a: Corviknight|move: Future Sight\n|-resisted|p1a: Corviknight\n|-damage|p1a: Corviknight|67\/100\n|upkeep\n|turn|8\n|\n|t:|1700545985\n|-end|p2a: Great Tusk|Protosynthesis|[silent]\n|switch|p2a: Gholdengo|Gholdengo|100\/100\n|move|p1a: Corviknight|Roost|p1a: Corviknight\n|-heal|p1a: Corviknight|100\/100\n|-singleturn|p1a: Corviknight|move: Roost\n|\n|-weather|Snow|[upkeep]\n|upkeep\n|turn|9\n|\n|t:|1700546002\n|move|p2a: Gholdengo|Shadow Ball|p1a: Corviknight\n|-damage|p1a: Corviknight|62\/100\n|move|p1a: Corviknight|U-turn|p2a: Gholdengo\n|-resisted|p2a: Gholdengo\n|-damage|p2a: Gholdengo|96\/100\n|\n|t:|1700546009\n|switch|p1a: Gholdengo|Gholdengo|100\/100|[from] U-turn\n|\n|-weather|Snow|[upkeep]\n|upkeep\n|turn|10\n|inactive|headcannontester has 120 seconds left.\n|\n|t:|1700546065\n|move|p2a: Gholdengo|Shadow Ball|p1a: Gholdengo\n|-supereffective|p1a: Gholdengo\n|-damage|p1a: Gholdengo|5\/100\n|move|p1a: Gholdengo|Shadow Ball|p2a: Gholdengo\n|-supereffective|p2a: Gholdengo\n|-damage|p2a: Gholdengo|0 fnt\n|faint|p2a: Gholdengo\n|\n|-weather|none\n|upkeep\n|\n|t:|1700546075\n|switch|p2a: Ribombee|Ribombee, F|100\/100\n|turn|11\n|\n|t:|1700546083\n|switch|p1a: Corviknight|Corviknight, M|62\/100\n|-ability|p1a: Corviknight|Pressure\n|move|p2a: Ribombee|Moonblast|p1a: Corviknight\n|-resisted|p1a: Corviknight\n|-damage|p1a: Corviknight|46\/100\n|\n|upkeep\n|turn|12\n|\n|t:|1700546095\n|switch|p2a: Slowking|Slowking-Galar, F|100\/100\n|move|p1a: Corviknight|Roost|p1a: Corviknight\n|-heal|p1a: Corviknight|96\/100\n|-singleturn|p1a: Corviknight|move: Roost\n|\n|upkeep\n|turn|13\n|\n|t:|1700546101\n|move|p1a: Corviknight|U-turn|p2a: Slowking\n|-damage|p2a: Slowking|86\/100\n|\n|t:|1700546104\n|switch|p1a: Skeledirge|Skeledirge, F|100\/100|[from] U-turn\n|move|p2a: Slowking|Future Sight|p1a: Skeledirge\n|-start|p2a: Slowking|move: Future Sight\n|\n|upkeep\n|turn|14\n|inactive|headcannontester has 120 seconds left.\n|\n|t:|1700546116\n|move|p1a: Skeledirge|Torch Song|p2a: Slowking\n|-damage|p2a: Slowking|60\/100\n|-boost|p1a: Skeledirge|spa|1\n|move|p2a: Slowking|Chilly Reception|p2a: Slowking\n|-weather|Snow\n|\n|t:|1700546120\n|switch|p2a: Great Tusk|Great Tusk|64\/100|[from] Chilly Reception\n|\n|-weather|Snow|[upkeep]\n|upkeep\n|turn|15\n|inactive|headcannontester has 120 seconds left.\n|\n|t:|1700546134\n|switch|p1a: Corviknight|Corviknight, M|96\/100\n|-ability|p1a: Corviknight|Pressure\n|move|p2a: Great Tusk|Headlong Rush|p1a: Corviknight\n|-immune|p1a: Corviknight\n|\n|-weather|Snow|[upkeep]\n|-end|p1a: Corviknight|move: Future Sight\n|-resisted|p1a: Corviknight\n|-damage|p1a: Corviknight|68\/100\n|upkeep\n|turn|16\n|inactive|headcannontester has 120 seconds left.\n|\n|t:|1700546163\n|-end|p2a: Great Tusk|Protosynthesis|[silent]\n|switch|p2a: Alomomola|Alomomola, F|100\/100\n|move|p1a: Corviknight|Brave Bird|p2a: Alomomola\n|-damage|p2a: Alomomola|81\/100\n|-damage|p1a: Corviknight|59\/100|[from] Recoil\n|\n|-weather|Snow|[upkeep]\n|upkeep\n|turn|17\n|inactive|headcannontester has 120 seconds left.\n|\n|t:|1700546185\n|move|p1a: Corviknight|Roost|p1a: Corviknight\n|-heal|p1a: Corviknight|100\/100\n|-singleturn|p1a: Corviknight|move: Roost\n|move|p2a: Alomomola|Scald|p1a: Corviknight\n|-damage|p1a: Corviknight|88\/100\n|\n|-weather|Snow|[upkeep]\n|upkeep\n|turn|18\n|\n|t:|1700546196\n|switch|p1a: Clodsire|Clodsire, F|100\/100\n|move|p2a: Alomomola|Scald|p1a: Clodsire\n|-immune|p1a: Clodsire|[from] ability: Water Absorb\n|\n|-weather|none\n|upkeep\n|turn|19\n|\n|t:|1700546206\n|switch|p2a: Slowking|Slowking-Galar, F|93\/100\n|move|p1a: Clodsire|Toxic|p2a: Slowking\n|-immune|p2a: Slowking\n|\n|upkeep\n|turn|20\n|\n|t:|1700546223\n|move|p2a: Slowking|Chilly Reception|p2a: Slowking\n|-weather|Snow\n|\n|t:|1700546228\n|switch|p2a: Staraptor|Staraptor, F|100\/100|[from] Chilly Reception\n|move|p1a: Clodsire|Stealth Rock|p2a: Staraptor\n|-sidestart|p2: headcannontester|move: Stealth Rock\n|\n|-weather|Snow|[upkeep]\n|upkeep\n|turn|21\n|\n|t:|1700546236\n|switch|p1a: Corviknight|Corviknight, M|88\/100\n|-ability|p1a: Corviknight|Pressure\n|move|p2a: Staraptor|Brave Bird|p1a: Corviknight\n|-resisted|p1a: Corviknight\n|-damage|p1a: Corviknight|69\/100\n|-damage|p2a: Staraptor|84\/100|[from] item: Rocky Helmet|[of] p1a: Corviknight\n|-damage|p2a: Staraptor|76\/100|[from] Recoil\n|\n|-weather|Snow|[upkeep]\n|upkeep\n|turn|22\n|\n|t:|1700546243\n|switch|p2a: Alomomola|Alomomola, F|100\/100\n|move|p1a: Corviknight|U-turn|p2a: Alomomola\n|-damage|p2a: Alomomola|93\/100\n|\n|t:|1700546251\n|switch|p1a: Gholdengo|Gholdengo|5\/100|[from] U-turn\n|\n|-weather|Snow|[upkeep]\n|upkeep\n|turn|23\n|\n|t:|1700546255\n|move|p1a: Gholdengo|Trick|p2a: Alomomola\n|-activate|p1a: Gholdengo|move: Trick|[of] p2a: Alomomola\n|-item|p2a: Alomomola|Choice Scarf|[from] move: Trick\n|-item|p1a: Gholdengo|Heavy-Duty Boots|[from] move: Trick\n|move|p2a: Alomomola|Flip Turn|p1a: Gholdengo\n|-damage|p1a: Gholdengo|0 fnt\n|faint|p1a: Gholdengo\n|\n|t:|1700546270\n|switch|p2a: Great Tusk|Great Tusk|64\/100|[from] Flip Turn\n|\n|-weather|Snow|[upkeep]\n|upkeep\n|\n|t:|1700546282\n|switch|p1a: Iron Valiant|Iron Valiant|100\/100\n|-enditem|p1a: Iron Valiant|Booster Energy\n|-activate|p1a: Iron Valiant|ability: Quark Drive|[fromitem]\n|-start|p1a: Iron Valiant|quarkdrivespe\n|turn|24\n|\n|t:|1700546288\n|-end|p2a: Great Tusk|Protosynthesis|[silent]\n|switch|p2a: Slowking|Slowking-Galar, F|100\/100\n|move|p1a: Iron Valiant|Moonblast|p2a: Slowking\n|-resisted|p2a: Slowking\n|-damage|p2a: Slowking|81\/100\n|\n|-weather|none\n|upkeep\n|turn|25\n|\n|t:|1700546314\n|move|p1a: Iron Valiant|Psyshock|p2a: Slowking\n|-damage|p2a: Slowking|54\/100\n|move|p2a: Slowking|Future Sight|p1a: Iron Valiant\n|-start|p2a: Slowking|move: Future Sight\n|\n|upkeep\n|turn|26\n|\n|t:|1700546329\n|-end|p1a: Iron Valiant|Quark Drive|[silent]\n|switch|p1a: Corviknight|Corviknight, M|69\/100\n|-ability|p1a: Corviknight|Pressure\n|move|p2a: Slowking|Chilly Reception|p2a: Slowking\n|-weather|Snow\n|\n|t:|1700546344\n|switch|p2a: Alomomola|Alomomola, F|100\/100|[from] Chilly Reception\n|-damage|p2a: Alomomola|88\/100|[from] Stealth Rock\n|\n|-weather|Snow|[upkeep]\n|upkeep\n|turn|27\n|\n|t:|1700546350\n|move|p2a: Alomomola|Wish|p2a: Alomomola\n|move|p1a: Corviknight|U-turn|p2a: Alomomola\n|-damage|p2a: Alomomola|81\/100\n|\n|t:|1700546355\n|switch|p1a: Skeledirge|Skeledirge, F|100\/100|[from] U-turn\n|\n|-weather|Snow|[upkeep]\n|-end|p1a: Skeledirge|move: Future Sight\n|-damage|p1a: Skeledirge|56\/100\n|-heal|p1a: Skeledirge|62\/100|[from] item: Leftovers\n|upkeep\n|turn|28\n|\n|t:|1700546379\n|switch|p2a: Staraptor|Staraptor, F|76\/100\n|-damage|p2a: Staraptor|51\/100|[from] Stealth Rock\n|move|p1a: Skeledirge|Will-O-Wisp|p2a: Staraptor\n|-status|p2a: Staraptor|brn\n|\n|-weather|Snow|[upkeep]\n|-heal|p2a: Staraptor|100\/100 brn|[from] move: Wish|[wisher] Alomomola\n|-heal|p1a: Skeledirge|68\/100|[from] item: Leftovers\n|-damage|p2a: Staraptor|94\/100 brn|[from] brn\n|upkeep\n|turn|29\n|\n|t:|1700546391\n|move|p2a: Staraptor|U-turn|p1a: Skeledirge\n|-resisted|p1a: Skeledirge\n|-damage|p1a: Skeledirge|66\/100\n|\n|t:|1700546397\n|switch|p2a: Alomomola|Alomomola, F|100\/100|[from] U-turn\n|-damage|p2a: Alomomola|88\/100|[from] Stealth Rock\n|move|p1a: Skeledirge|Torch Song|p2a: Alomomola\n|-resisted|p2a: Alomomola\n|-damage|p2a: Alomomola|71\/100\n|-boost|p1a: Skeledirge|spa|1\n|\n|-weather|Snow|[upkeep]\n|-heal|p1a: Skeledirge|72\/100|[from] item: Leftovers\n|upkeep\n|turn|30\n|\n|t:|1700546401\n|switch|p1a: Clodsire|Clodsire, F|100\/100\n|move|p2a: Alomomola|Flip Turn|p1a: Clodsire\n|-immune|p1a: Clodsire|[from] ability: Water Absorb\n|\n|-weather|none\n|upkeep\n|turn|31\n|\n|t:|1700546406\n|switch|p2a: Great Tusk|Great Tusk|64\/100\n|move|p1a: Clodsire|Earthquake|p2a: Great Tusk\n|-damage|p2a: Great Tusk|42\/100\n|\n|upkeep\n|turn|32\n|\n|t:|1700546411\n|switch|p1a: Corviknight|Corviknight, M|69\/100\n|-ability|p1a: Corviknight|Pressure\n|move|p2a: Great Tusk|Knock Off|p1a: Corviknight\n|-damage|p1a: Corviknight|50\/100\n|-damage|p2a: Great Tusk|25\/100|[from] item: Rocky Helmet|[of] p1a: Corviknight\n|-enditem|p1a: Corviknight|Rocky Helmet|[from] move: Knock Off|[of] p2a: Great Tusk\n|\n|upkeep\n|turn|33\n|\n|t:|1700546423\n|-end|p2a: Great Tusk|Protosynthesis|[silent]\n|switch|p2a: Alomomola|Alomomola, F|100\/100\n|-damage|p2a: Alomomola|88\/100|[from] Stealth Rock\n|move|p1a: Corviknight|Roost|p1a: Corviknight\n|-heal|p1a: Corviknight|99\/100\n|-singleturn|p1a: Corviknight|move: Roost\n|\n|upkeep\n|turn|34\n|\n|t:|1700546443\n|move|p2a: Alomomola|Flip Turn|p1a: Corviknight\n|-damage|p1a: Corviknight|89\/100\n|\n|t:|1700546452\n|switch|p2a: Great Tusk|Great Tusk|25\/100|[from] Flip Turn\n|move|p1a: Corviknight|U-turn|p2a: Great Tusk\n|-resisted|p2a: Great Tusk\n|-damage|p2a: Great Tusk|20\/100\n|\n|t:|1700546466\n|switch|p1a: Iron Valiant|Iron Valiant|100\/100|[from] U-turn\n|\n|upkeep\n|turn|35\n|\n|t:|1700546472\n|-end|p2a: Great Tusk|Protosynthesis|[silent]\n|switch|p2a: Slowking|Slowking-Galar, F|87\/100\n|move|p1a: Iron Valiant|Moonblast|p2a: Slowking\n|-resisted|p2a: Slowking\n|-damage|p2a: Slowking|68\/100\n|\n|upkeep\n|turn|36\n|\n|t:|1700546478\n|move|p1a: Iron Valiant|Psyshock|p2a: Slowking\n|-damage|p2a: Slowking|38\/100\n|move|p2a: Slowking|Future Sight|p1a: Iron Valiant\n|-start|p2a: Slowking|move: Future Sight\n|\n|upkeep\n|turn|37\n|\n|t:|1700546486\n|move|p1a: Iron Valiant|Psyshock|p2a: Slowking\n|-damage|p2a: Slowking|9\/100\n|move|p2a: Slowking|Chilly Reception|p2a: Slowking\n|-weather|Snow\n|\n|t:|1700546493\n|switch|p2a: Staraptor|Staraptor, F|94\/100 brn|[from] Chilly Reception\n|-damage|p2a: Staraptor|70\/100 brn|[from] Stealth Rock\n|\n|-weather|Snow|[upkeep]\n|-damage|p2a: Staraptor|64\/100 brn|[from] brn\n|upkeep\n|turn|38\n|inactive|headcannontester has 120 seconds left.\n|inactive|headcannontester has 90 seconds left.\n|\n|t:|1700546568\n|-end|p1a: Iron Valiant|Quark Drive|[silent]\n|switch|p1a: Corviknight|Corviknight, M|89\/100\n|-ability|p1a: Corviknight|Pressure\n|move|p2a: Staraptor|U-turn|p1a: Corviknight\n|-resisted|p1a: Corviknight\n|-crit|p1a: Corviknight\n|-damage|p1a: Corviknight|87\/100\n|\n|t:|1700546583\n|switch|p2a: Alomomola|Alomomola, F|100\/100|[from] U-turn\n|-damage|p2a: Alomomola|88\/100|[from] Stealth Rock\n|\n|-weather|Snow|[upkeep]\n|-end|p1a: Corviknight|move: Future Sight\n|-resisted|p1a: Corviknight\n|-damage|p1a: Corviknight|57\/100\n|upkeep\n|turn|39\n|\n|t:|1700546589\n|move|p2a: Alomomola|Wish|p2a: Alomomola\n|move|p1a: Corviknight|Roost|p1a: Corviknight\n|-heal|p1a: Corviknight|100\/100\n|-singleturn|p1a: Corviknight|move: Roost\n|\n|-weather|Snow|[upkeep]\n|upkeep\n|turn|40\n|\n|t:|1700546596\n|switch|p2a: Slowking|Slowking-Galar, F|42\/100\n|move|p1a: Corviknight|U-turn|p2a: Slowking\n|-damage|p2a: Slowking|28\/100\n|\n|t:|1700546600\n|switch|p1a: Iron Valiant|Iron Valiant|100\/100|[from] U-turn\n|\n|-weather|Snow|[upkeep]\n|-heal|p2a: Slowking|96\/100|[from] move: Wish|[wisher] Alomomola\n|upkeep\n|turn|41\n|\n|t:|1700546613\n|move|p1a: Iron Valiant|Psyshock|p2a: Slowking\n|-damage|p2a: Slowking|66\/100\n|move|p2a: Slowking|Sludge Bomb|p1a: Iron Valiant\n|-supereffective|p1a: Iron Valiant\n|-damage|p1a: Iron Valiant|0 fnt\n|faint|p1a: Iron Valiant\n|-end|p1a: Iron Valiant|Quark Drive|[silent]\n|\n|-weather|none\n|upkeep\n|\n|t:|1700546618\n|switch|p1a: Skeledirge|Skeledirge, F|72\/100\n|turn|42\n|\n|t:|1700546632\n|-terastallize|p2a: Slowking|Normal\n|move|p1a: Skeledirge|Will-O-Wisp|p2a: Slowking\n|-status|p2a: Slowking|brn\n|move|p2a: Slowking|Future Sight|p1a: Skeledirge\n|-start|p2a: Slowking|move: Future Sight\n|\n|-heal|p1a: Skeledirge|78\/100|[from] item: Leftovers\n|-damage|p2a: Slowking|60\/100 brn|[from] brn\n|upkeep\n|turn|43\n|\n|t:|1700546641\n|move|p1a: Skeledirge|Torch Song|p2a: Slowking\n|-damage|p2a: Slowking|35\/100 brn\n|-boost|p1a: Skeledirge|spa|1\n|move|p2a: Slowking|Chilly Reception|p2a: Slowking\n|-weather|Snow\n|\n|t:|1700546648\n|switch|p2a: Great Tusk|Great Tusk|20\/100|[from] Chilly Reception\n|\n|-weather|Snow|[upkeep]\n|-heal|p1a: Skeledirge|84\/100|[from] item: Leftovers\n|upkeep\n|turn|44\n|\n|t:|1700546657\n|switch|p1a: Corviknight|Corviknight, M|100\/100\n|-ability|p1a: Corviknight|Pressure\n|move|p2a: Great Tusk|Headlong Rush|p1a: Corviknight\n|-immune|p1a: Corviknight\n|\n|-weather|Snow|[upkeep]\n|-end|p1a: Corviknight|move: Future Sight\n|-resisted|p1a: Corviknight\n|-damage|p1a: Corviknight|70\/100\n|upkeep\n|turn|45\n|\n|t:|1700546664\n|-end|p2a: Great Tusk|Protosynthesis|[silent]\n|switch|p2a: Alomomola|Alomomola, F|100\/100\n|-damage|p2a: Alomomola|88\/100|[from] Stealth Rock\n|move|p1a: Corviknight|Brave Bird|p2a: Alomomola\n|-damage|p2a: Alomomola|67\/100\n|-damage|p1a: Corviknight|61\/100|[from] Recoil\n|\n|-weather|Snow|[upkeep]\n|upkeep\n|turn|46\n|\n|t:|1700546667\n|move|p2a: Alomomola|Wish|p2a: Alomomola\n|move|p1a: Corviknight|Roost|p1a: Corviknight\n|-heal|p1a: Corviknight|100\/100\n|-singleturn|p1a: Corviknight|move: Roost\n|\n|-weather|Snow|[upkeep]\n|upkeep\n|turn|47\n|inactive|headcannontester has 120 seconds left.\n|\n|t:|1700546686\n|switch|p2a: Slowking|Slowking-Galar, F, tera:Normal|68\/100 brn\n|move|p1a: Corviknight|U-turn|p2a: Slowking\n|-damage|p2a: Slowking|52\/100 brn\n|\n|t:|1700546690\n|switch|p1a: Skeledirge|Skeledirge, F|84\/100|[from] U-turn\n|\n|-weather|none\n|-heal|p2a: Slowking|100\/100 brn|[from] move: Wish|[wisher] Alomomola\n|-heal|p1a: Skeledirge|90\/100|[from] item: Leftovers\n|-damage|p2a: Slowking|94\/100 brn|[from] brn\n|upkeep\n|turn|48\n|\n|t:|1700546694\n|move|p1a: Skeledirge|Torch Song|p2a: Slowking\n|-damage|p2a: Slowking|70\/100 brn\n|-boost|p1a: Skeledirge|spa|1\n|move|p2a: Slowking|Future Sight|p1a: Skeledirge\n|-start|p2a: Slowking|move: Future Sight\n|\n|-heal|p1a: Skeledirge|96\/100|[from] item: Leftovers\n|-damage|p2a: Slowking|64\/100 brn|[from] brn\n|upkeep\n|turn|49\n|\n|t:|1700546697\n|move|p1a: Skeledirge|Torch Song|p2a: Slowking\n|-damage|p2a: Slowking|28\/100 brn\n|-boost|p1a: Skeledirge|spa|1\n|move|p2a: Slowking|Chilly Reception|p2a: Slowking\n|-weather|Snow\n|\n|t:|1700546701\n|switch|p2a: Great Tusk|Great Tusk|20\/100|[from] Chilly Reception\n|\n|-weather|Snow|[upkeep]\n|-heal|p1a: Skeledirge|100\/100|[from] item: Leftovers\n|upkeep\n|turn|50\n|inactive|headcannontester has 120 seconds left.\n|\n|t:|1700546744\n|switch|p1a: Corviknight|Corviknight, M|100\/100\n|-ability|p1a: Corviknight|Pressure\n|move|p2a: Great Tusk|Rapid Spin|p1a: Corviknight\n|-resisted|p1a: Corviknight\n|-damage|p1a: Corviknight|95\/100\n|-boost|p2a: Great Tusk|spe|1\n|-sideend|p2: headcannontester|Stealth Rock|[from] move: Rapid Spin|[of] p2a: Great Tusk\n|\n|-weather|Snow|[upkeep]\n|-end|p1a: Corviknight|move: Future Sight\n|-resisted|p1a: Corviknight\n|-damage|p1a: Corviknight|66\/100\n|upkeep\n|turn|51\n|\n|t:|1700546757\n|-end|p2a: Great Tusk|Protosynthesis|[silent]\n|switch|p2a: Alomomola|Alomomola, F|99\/100\n|move|p1a: Corviknight|U-turn|p2a: Alomomola\n|-damage|p2a: Alomomola|93\/100\n|\n|t:|1700546760\n|switch|p1a: Amoonguss|Amoonguss, F|100\/100|[from] U-turn\n|\n|-weather|Snow|[upkeep]\n|upkeep\n|turn|52\n|\n|t:|1700546768\n|switch|p2a: Slowking|Slowking-Galar, F, tera:Normal|61\/100 brn\n|move|p1a: Amoonguss|Giga Drain|p2a: Slowking\n|-damage|p2a: Slowking|42\/100 brn\n|\n|-weather|Snow|[upkeep]\n|-damage|p2a: Slowking|36\/100 brn|[from] brn\n|upkeep\n|turn|53\n|\n|t:|1700546775\n|move|p2a: Slowking|Ice Beam|p1a: Amoonguss\n|-supereffective|p1a: Amoonguss\n|-damage|p1a: Amoonguss|50\/100\n|move|p1a: Amoonguss|Sludge Bomb|p2a: Slowking\n|-damage|p2a: Slowking|12\/100 brn\n|\n|-weather|none\n|-damage|p2a: Slowking|6\/100 brn|[from] brn\n|upkeep\n|turn|54\n|\n|t:|1700546784\n|switch|p1a: Skeledirge|Skeledirge, F|100\/100\n|move|p2a: Slowking|Chilly Reception|p2a: Slowking\n|-weather|Snow\n|\n|t:|1700546787\n|switch|p2a: Great Tusk|Great Tusk|20\/100|[from] Chilly Reception\n|\n|-weather|Snow|[upkeep]\n|upkeep\n|turn|55\n|\n|t:|1700546800\n|switch|p1a: Corviknight|Corviknight, M|66\/100\n|-ability|p1a: Corviknight|Pressure\n|move|p2a: Great Tusk|Knock Off|p1a: Corviknight\n|-damage|p1a: Corviknight|52\/100\n|\n|-weather|Snow|[upkeep]\n|upkeep\n|turn|56\n|\n|t:|1700546810\n|-end|p2a: Great Tusk|Protosynthesis|[silent]\n|switch|p2a: Alomomola|Alomomola, F|100\/100\n|move|p1a: Corviknight|Roost|p1a: Corviknight\n|-heal|p1a: Corviknight|100\/100\n|-singleturn|p1a: Corviknight|move: Roost\n|\n|-weather|Snow|[upkeep]\n|upkeep\n|turn|57\n|\n|t:|1700546819\n|move|p2a: Alomomola|Wish|p2a: Alomomola\n|move|p1a: Corviknight|U-turn|p2a: Alomomola\n|-damage|p2a: Alomomola|93\/100\n|\n|t:|1700546822\n|switch|p1a: Skeledirge|Skeledirge, F|100\/100|[from] U-turn\n|\n|-weather|Snow|[upkeep]\n|upkeep\n|turn|58\n|\n|t:|1700546837\n|switch|p2a: Slowking|Slowking-Galar, F, tera:Normal|40\/100 brn\n|move|p1a: Skeledirge|Torch Song|p2a: Slowking\n|-damage|p2a: Slowking|14\/100 brn\n|-boost|p1a: Skeledirge|spa|1\n|\n|-weather|none\n|-heal|p2a: Slowking|82\/100 brn|[from] move: Wish|[wisher] Alomomola\n|-damage|p2a: Slowking|76\/100 brn|[from] brn\n|upkeep\n|turn|59\n|\n|t:|1700546850\n|move|p1a: Skeledirge|Torch Song|p2a: Slowking\n|-damage|p2a: Slowking|39\/100 brn\n|-boost|p1a: Skeledirge|spa|1\n|move|p2a: Slowking|Chilly Reception|p2a: Slowking\n|-weather|Snow\n|\n|t:|1700546854\n|switch|p2a: Great Tusk|Great Tusk|20\/100|[from] Chilly Reception\n|\n|-weather|Snow|[upkeep]\n|upkeep\n|turn|60\n|\n|t:|1700546865\n|switch|p1a: Corviknight|Corviknight, M|100\/100\n|-ability|p1a: Corviknight|Pressure\n|move|p2a: Great Tusk|Headlong Rush|p1a: Corviknight\n|-immune|p1a: Corviknight\n|\n|-weather|Snow|[upkeep]\n|upkeep\n|turn|61\n|\n|t:|1700546873\n|-end|p2a: Great Tusk|Protosynthesis|[silent]\n|switch|p2a: Alomomola|Alomomola, F|100\/100\n|switch|p1a: Amoonguss|Amoonguss, F|84\/100\n|\n|-weather|Snow|[upkeep]\n|upkeep\n|turn|62\n|\n|t:|1700546881\n|switch|p2a: Staraptor|Staraptor, F|64\/100 brn\n|move|p1a: Amoonguss|Spore||[still]\n|-fail|p1a: Amoonguss\n|\n|-weather|Snow|[upkeep]\n|-damage|p2a: Staraptor|57\/100 brn|[from] brn\n|upkeep\n|turn|63\n|\n|t:|1700546900\n|switch|p1a: Corviknight|Corviknight, M|100\/100\n|-ability|p1a: Corviknight|Pressure\n|move|p2a: Staraptor|Brave Bird|p1a: Corviknight\n|-resisted|p1a: Corviknight\n|-damage|p1a: Corviknight|89\/100\n|-damage|p2a: Staraptor|53\/100 brn|[from] Recoil\n|\n|-weather|none\n|-damage|p2a: Staraptor|46\/100 brn|[from] brn\n|upkeep\n|turn|64\n|\n|t:|1700546905\n|switch|p2a: Alomomola|Alomomola, F|100\/100\n|move|p1a: Corviknight|U-turn|p2a: Alomomola\n|-damage|p2a: Alomomola|93\/100\n|\n|t:|1700546911\n|switch|p1a: Amoonguss|Amoonguss, F|100\/100|[from] U-turn\n|\n|upkeep\n|turn|65\n|\n|t:|1700546917\n|switch|p2a: Slowking|Slowking-Galar, F, tera:Normal|73\/100 brn\n|move|p1a: Amoonguss|Spore||[still]\n|-fail|p1a: Amoonguss\n|\n|-damage|p2a: Slowking|66\/100 brn|[from] brn\n|upkeep\n|turn|66\n|\n|t:|1700546925\n|switch|p1a: Skeledirge|Skeledirge, F|100\/100\n|move|p2a: Slowking|Future Sight|p1a: Skeledirge\n|-start|p2a: Slowking|move: Future Sight\n|\n|-damage|p2a: Slowking|60\/100 brn|[from] brn\n|upkeep\n|turn|67\n|\n|t:|1700546931\n|move|p1a: Skeledirge|Hex|p2a: Slowking\n|-immune|p2a: Slowking\n|move|p2a: Slowking|Chilly Reception|p2a: Slowking\n|-weather|Snow\n|\n|t:|1700546940\n|switch|p2a: Great Tusk|Great Tusk|20\/100|[from] Chilly Reception\n|\n|-weather|Snow|[upkeep]\n|upkeep\n|turn|68\n|\n|t:|1700546950\n|switch|p1a: Corviknight|Corviknight, M|89\/100\n|-ability|p1a: Corviknight|Pressure\n|move|p2a: Great Tusk|Knock Off|p1a: Corviknight\n|-damage|p1a: Corviknight|75\/100\n|\n|-weather|Snow|[upkeep]\n|-end|p1a: Corviknight|move: Future Sight\n|-resisted|p1a: Corviknight\n|-damage|p1a: Corviknight|47\/100\n|upkeep\n|turn|69\n|\n|t:|1700546958\n|-end|p2a: Great Tusk|Protosynthesis|[silent]\n|switch|p2a: Alomomola|Alomomola, F|100\/100\n|move|p1a: Corviknight|Roost|p1a: Corviknight\n|-heal|p1a: Corviknight|97\/100\n|-singleturn|p1a: Corviknight|move: Roost\n|\n|-weather|Snow|[upkeep]\n|upkeep\n|turn|70\n|\n|t:|1700546970\n|move|p2a: Alomomola|Wish|p2a: Alomomola\n|move|p1a: Corviknight|U-turn|p2a: Alomomola\n|-damage|p2a: Alomomola|93\/100\n|\n|t:|1700546972\n|switch|p1a: Skeledirge|Skeledirge, F|100\/100|[from] U-turn\n|\n|-weather|Snow|[upkeep]\n|upkeep\n|turn|71\n|\n|t:|1700546982\n|switch|p2a: Slowking|Slowking-Galar, F, tera:Normal|94\/100 brn\n|move|p1a: Skeledirge|Torch Song|p2a: Slowking\n|-damage|p2a: Slowking|71\/100 brn\n|-boost|p1a: Skeledirge|spa|1\n|\n|-weather|none\n|-heal|p2a: Slowking|100\/100 brn|[from] move: Wish|[wisher] Alomomola\n|-damage|p2a: Slowking|94\/100 brn|[from] brn\n|upkeep\n|turn|72\n|\n|t:|1700546989\n|move|p1a: Skeledirge|Torch Song|p2a: Slowking\n|-damage|p2a: Slowking|56\/100 brn\n|-boost|p1a: Skeledirge|spa|1\n|move|p2a: Slowking|Future Sight|p1a: Skeledirge\n|-start|p2a: Slowking|move: Future Sight\n|\n|-damage|p2a: Slowking|50\/100 brn|[from] brn\n|upkeep\n|turn|73\n|\n|t:|1700547005\n|switch|p2a: Alomomola|Alomomola, F|100\/100\n|move|p1a: Skeledirge|Torch Song|p2a: Alomomola\n|-resisted|p2a: Alomomola\n|-damage|p2a: Alomomola|66\/100\n|-boost|p1a: Skeledirge|spa|1\n|\n|upkeep\n|turn|74\n|\n|t:|1700547008\n|move|p2a: Alomomola|Flip Turn|p1a: Skeledirge\n|-supereffective|p1a: Skeledirge\n|-damage|p1a: Skeledirge|72\/100\n|\n|t:|1700547014\n|switch|p2a: Ribombee|Ribombee, F|100\/100|[from] Flip Turn\n|move|p1a: Skeledirge|Will-O-Wisp|p2a: Ribombee\n|-status|p2a: Ribombee|brn\n|\n|-end|p1a: Skeledirge|move: Future Sight\n|-damage|p1a: Skeledirge|30\/100\n|-heal|p1a: Skeledirge|36\/100|[from] item: Leftovers\n|-damage|p2a: Ribombee|94\/100 brn|[from] brn\n|upkeep\n|turn|75\n|\n|t:|1700547028\n|move|p2a: Ribombee|Skill Swap|p1a: Skeledirge\n|-activate|p2a: Ribombee|move: Skill Swap|Unaware|Shield Dust|[of] p1a: Skeledirge\n|move|p1a: Skeledirge|Slack Off|p1a: Skeledirge\n|-heal|p1a: Skeledirge|86\/100\n|\n|-heal|p1a: Skeledirge|92\/100|[from] item: Leftovers\n|-damage|p2a: Ribombee|88\/100 brn|[from] brn\n|upkeep\n|turn|76\n|\n|t:|1700547046\n|move|p2a: Ribombee|Stun Spore|p1a: Skeledirge\n|-status|p1a: Skeledirge|par\n|cant|p1a: Skeledirge|par\n|\n|-heal|p1a: Skeledirge|98\/100 par|[from] item: Leftovers\n|-damage|p2a: Ribombee|82\/100 brn|[from] brn\n|upkeep\n|turn|77\n|\n|t:|1700547054\n|move|p2a: Ribombee|Sticky Web|p1a: Skeledirge\n|-sidestart|p1: abbysimpiro|move: Sticky Web\n|cant|p1a: Skeledirge|par\n|\n|-heal|p1a: Skeledirge|100\/100 par|[from] item: Leftovers\n|-damage|p2a: Ribombee|76\/100 brn|[from] brn\n|upkeep\n|turn|78\n|\n|t:|1700547061\n|move|p2a: Ribombee|Moonblast|p1a: Skeledirge\n|-resisted|p1a: Skeledirge\n|-damage|p1a: Skeledirge|89\/100 par\n|move|p1a: Skeledirge|Torch Song|p2a: Ribombee\n|-supereffective|p2a: Ribombee\n|-damage|p2a: Ribombee|0 fnt\n|-boost|p1a: Skeledirge|spa|1\n|faint|p2a: Ribombee\n|\n|-heal|p1a: Skeledirge|95\/100 par|[from] item: Leftovers\n|upkeep\n|\n|t:|1700547068\n|switch|p2a: Great Tusk|Great Tusk|20\/100\n|turn|79\n|inactive|headcannontester has 120 seconds left.\n|\n|t:|1700547086\n|move|p2a: Great Tusk|Headlong Rush|p1a: Skeledirge\n|-supereffective|p1a: Skeledirge\n|-damage|p1a: Skeledirge|0 fnt\n|-unboost|p2a: Great Tusk|def|1\n|-unboost|p2a: Great Tusk|spd|1\n|faint|p1a: Skeledirge\n|\n|upkeep\n|-message|abbysimpiro forfeited.\n|\n|win|headcannontester\n|raw|abbysimpiro's rating: 1242 &rarr; <strong>1215<\/strong><br \/>(-27 for losing)\n|raw|headcannontester's rating: 1215 &rarr; <strong>1242<\/strong><br \/>(+27 for winning)\n|l|\u2606abbysimpiro\n","uploadtime":1700547095,"views":2,"p1id":"abbysimpiro","p2id":"headcannontester","formatid":"gen9ou","rating":1215,"private":0,"password":""}