{"id":"gen9ou-1994566363","p1":"Updog1337","p2":"Redribbonrenegade","format":"[Gen 9] OU","log":"|j|\u2606Updog1337\n|j|\u2606Redribbonrenegade\n|t:|1700460995\n|gametype|singles\n|player|p1|Updog1337|2|1276\n|player|p2|Redribbonrenegade|marshal|1289\n|teamsize|p1|6\n|teamsize|p2|6\n|gen|9\n|tier|[Gen 9] OU\n|rated|\n|rule|Sleep Clause Mod: Limit one foe put to sleep\n|rule|Species Clause: Limit one of each Pok\u00e9mon\n|rule|OHKO Clause: OHKO moves are banned\n|rule|Evasion Items Clause: Evasion items are banned\n|rule|Evasion Moves Clause: Evasion moves are banned\n|rule|Endless Battle Clause: Forcing endless battles is banned\n|rule|HP Percentage Mod: HP is shown in percentages\n|clearpoke\n|poke|p1|Iron Valiant|\n|poke|p1|Glimmora, F|\n|poke|p1|Gholdengo|\n|poke|p1|Zapdos|\n|poke|p1|Dragapult, M|\n|poke|p1|Kingambit, M|\n|poke|p2|Ursaluna, M|\n|poke|p2|Cresselia, F|\n|poke|p2|Volcanion|\n|poke|p2|Garganacl, M|\n|poke|p2|Sinistcha-Masterpiece|\n|poke|p2|Altaria, F|\n|teampreview\n|inactive|Battle timer is ON: inactive players will automatically lose when time's up. (requested by Updog1337)\n|\n|t:|1700461002\n|start\n|switch|p1a: Glimmora|Glimmora, F|100\/100\n|switch|p2a: Forge \ud83d\ude82|Volcanion|100\/100\n|turn|1\n|\n|t:|1700461006\n|move|p1a: Glimmora|Stealth Rock|p2a: Forge \ud83d\ude82\n|-sidestart|p2: Redribbonrenegade|move: Stealth Rock\n|move|p2a: Forge \ud83d\ude82|Steam Eruption|p1a: Glimmora\n|-supereffective|p1a: Glimmora\n|-enditem|p1a: Glimmora|Focus Sash\n|-damage|p1a: Glimmora|1\/100\n|-status|p1a: Glimmora|brn\n|\n|-damage|p1a: Glimmora|0 fnt|[from] brn\n|faint|p1a: Glimmora\n|upkeep\n|\n|t:|1700461020\n|switch|p1a: Zapdos|Zapdos|100\/100\n|-ability|p1a: Zapdos|Pressure\n|turn|2\n|\n|t:|1700461033\n|switch|p1a: Gholdengo|Gholdengo|100\/100\n|-item|p1a: Gholdengo|Air Balloon\n|move|p2a: Forge \ud83d\ude82|Steam Eruption|p1a: Gholdengo\n|-damage|p1a: Gholdengo|36\/100\n|-enditem|p1a: Gholdengo|Air Balloon\n|\n|upkeep\n|turn|3\n|\n|t:|1700461048\n|move|p1a: Gholdengo|Shadow Ball|p2a: Forge \ud83d\ude82\n|-damage|p2a: Forge \ud83d\ude82|73\/100\n|-unboost|p2a: Forge \ud83d\ude82|spd|1\n|move|p2a: Forge \ud83d\ude82|Steam Eruption|p1a: Gholdengo\n|-damage|p1a: Gholdengo|0 fnt\n|faint|p1a: Gholdengo\n|\n|upkeep\n|\n|t:|1700461054\n|switch|p1a: Zapdos|Zapdos|100\/100\n|-ability|p1a: Zapdos|Pressure\n|turn|4\n|\n|t:|1700461058\n|switch|p2a: Kim Joe Un \u26f0\ufe0f|Ursaluna, M, shiny|100\/100\n|-damage|p2a: Kim Joe Un \u26f0\ufe0f|94\/100|[from] Stealth Rock\n|move|p1a: Zapdos|Volt Switch|p2a: Kim Joe Un \u26f0\ufe0f\n|-immune|p2a: Kim Joe Un \u26f0\ufe0f\n|\n|upkeep\n|turn|5\n|\n|t:|1700461064\n|move|p1a: Zapdos|Hurricane|p2a: Kim Joe Un \u26f0\ufe0f\n|-damage|p2a: Kim Joe Un \u26f0\ufe0f|69\/100\n|-start|p2a: Kim Joe Un \u26f0\ufe0f|confusion\n|-activate|p2a: Kim Joe Un \u26f0\ufe0f|confusion\n|move|p2a: Kim Joe Un \u26f0\ufe0f|Smack Down|p1a: Zapdos\n|-supereffective|p1a: Zapdos\n|-damage|p1a: Zapdos|66\/100\n|-start|p1a: Zapdos|Smack Down\n|\n|upkeep\n|turn|6\n|\n|t:|1700461071\n|move|p1a: Zapdos|Hurricane|p2a: Kim Joe Un \u26f0\ufe0f|[miss]\n|-miss|p1a: Zapdos|p2a: Kim Joe Un \u26f0\ufe0f\n|-activate|p2a: Kim Joe Un \u26f0\ufe0f|confusion\n|move|p2a: Kim Joe Un \u26f0\ufe0f|Headlong Rush|p1a: Zapdos\n|-supereffective|p1a: Zapdos\n|-damage|p1a: Zapdos|0 fnt\n|-unboost|p2a: Kim Joe Un \u26f0\ufe0f|def|1\n|-unboost|p2a: Kim Joe Un \u26f0\ufe0f|spd|1\n|faint|p1a: Zapdos\n|\n|upkeep\n|\n|t:|1700461076\n|switch|p1a: Iron Valiant|Iron Valiant|100\/100\n|-enditem|p1a: Iron Valiant|Booster Energy\n|-activate|p1a: Iron Valiant|ability: Quark Drive|[fromitem]\n|-start|p1a: Iron Valiant|quarkdrivespe\n|turn|7\n|\n|t:|1700461088\n|switch|p2a: Forge \ud83d\ude82|Volcanion|73\/100\n|-damage|p2a: Forge \ud83d\ude82|48\/100|[from] Stealth Rock\n|move|p1a: Iron Valiant|Swords Dance|p1a: Iron Valiant\n|-boost|p1a: Iron Valiant|atk|2\n|\n|upkeep\n|turn|8\n|\n|t:|1700461098\n|switch|p2a: Rennala \ud83c\udf19|Cresselia, F|100\/100\n|-damage|p2a: Rennala \ud83c\udf19|88\/100|[from] Stealth Rock\n|-terastallize|p1a: Iron Valiant|Dark\n|move|p1a: Iron Valiant|Knock Off|p2a: Rennala \ud83c\udf19\n|-supereffective|p2a: Rennala \ud83c\udf19\n|-damage|p2a: Rennala \ud83c\udf19|0 fnt\n|-enditem|p2a: Rennala \ud83c\udf19|Red Card|[from] move: Knock Off|[of] p1a: Iron Valiant\n|faint|p2a: Rennala \ud83c\udf19\n|\n|upkeep\n|\n|t:|1700461109\n|switch|p2a: Lotus \ud83d\udca3|Altaria, F, shiny|100\/100\n|turn|9\n|\n|t:|1700461113\n|-terastallize|p2a: Lotus \ud83d\udca3|Bug\n|move|p1a: Iron Valiant|Spirit Break|p2a: Lotus \ud83d\udca3\n|-damage|p2a: Lotus \ud83d\udca3|18\/100\n|-unboost|p2a: Lotus \ud83d\udca3|spa|1\n|move|p2a: Lotus \ud83d\udca3|Will-O-Wisp|p1a: Iron Valiant\n|-status|p1a: Iron Valiant|brn\n|\n|-damage|p1a: Iron Valiant|94\/100 brn|[from] brn\n|upkeep\n|turn|10\n|\n|t:|1700461123\n|move|p1a: Iron Valiant|Knock Off|p2a: Lotus \ud83d\udca3\n|-damage|p2a: Lotus \ud83d\udca3|0 fnt\n|-enditem|p2a: Lotus \ud83d\udca3|Heavy-Duty Boots|[from] move: Knock Off|[of] p1a: Iron Valiant\n|faint|p2a: Lotus \ud83d\udca3\n|\n|-damage|p1a: Iron Valiant|88\/100 brn|[from] brn\n|upkeep\n|\n|t:|1700461138\n|switch|p2a: Chi-Chi \ud83c\udf75|Sinistcha-Masterpiece, shiny|100\/100\n|turn|11\n|\n|t:|1700461146\n|move|p1a: Iron Valiant|Knock Off|p2a: Chi-Chi \ud83c\udf75\n|-supereffective|p2a: Chi-Chi \ud83c\udf75\n|-damage|p2a: Chi-Chi \ud83c\udf75|31\/100\n|-enditem|p2a: Chi-Chi \ud83c\udf75|Heavy-Duty Boots|[from] move: Knock Off|[of] p1a: Iron Valiant\n|move|p2a: Chi-Chi \ud83c\udf75|Strength Sap|p1a: Iron Valiant\n|-unboost|p1a: Iron Valiant|atk|1\n|-heal|p2a: Chi-Chi \ud83c\udf75|100\/100\n|\n|-damage|p1a: Iron Valiant|82\/100 brn|[from] brn\n|upkeep\n|turn|12\n|\n|t:|1700461153\n|-end|p1a: Iron Valiant|Quark Drive|[silent]\n|switch|p1a: Kingambit|Kingambit, M|100\/100\n|-activate|p1a: Kingambit|ability: Supreme Overlord\n|-start|p1a: Kingambit|fallen3|[silent]\n|move|p2a: Chi-Chi \ud83c\udf75|Iron Defense|p2a: Chi-Chi \ud83c\udf75\n|-boost|p2a: Chi-Chi \ud83c\udf75|def|2\n|\n|upkeep\n|turn|13\n|\n|t:|1700461163\n|move|p2a: Chi-Chi \ud83c\udf75|Shadow Ball|p1a: Kingambit\n|-resisted|p1a: Kingambit\n|-damage|p1a: Kingambit|84\/100\n|move|p1a: Kingambit|Kowtow Cleave|p2a: Chi-Chi \ud83c\udf75\n|-supereffective|p2a: Chi-Chi \ud83c\udf75\n|-damage|p2a: Chi-Chi \ud83c\udf75|55\/100\n|\n|-heal|p1a: Kingambit|90\/100|[from] item: Leftovers\n|upkeep\n|turn|14\n|\n|t:|1700461169\n|-end|p1a: Kingambit|fallen3|[silent]\n|switch|p1a: Dragapult|Dragapult, M|100\/100\n|move|p2a: Chi-Chi \ud83c\udf75|Strength Sap|p1a: Dragapult\n|-fail|p1a: Dragapult|unboost|[from] ability: Clear Body|[of] p1a: Dragapult\n|-heal|p2a: Chi-Chi \ud83c\udf75|100\/100\n|\n|upkeep\n|turn|15\n|\n|t:|1700461171\n|move|p1a: Dragapult|Shadow Ball|p2a: Chi-Chi \ud83c\udf75\n|-supereffective|p2a: Chi-Chi \ud83c\udf75\n|-damage|p2a: Chi-Chi \ud83c\udf75|0 fnt\n|faint|p2a: Chi-Chi \ud83c\udf75\n|\n|upkeep\n|\n|t:|1700461175\n|switch|p2a: Wojbomb \ud83d\udce0|Garganacl, M|100\/100\n|-damage|p2a: Wojbomb \ud83d\udce0|88\/100|[from] Stealth Rock\n|turn|16\n|\n|t:|1700461180\n|move|p1a: Dragapult|Shadow Ball|p2a: Wojbomb \ud83d\udce0\n|-damage|p2a: Wojbomb \ud83d\udce0|71\/100\n|move|p2a: Wojbomb \ud83d\udce0|Curse|p2a: Wojbomb \ud83d\udce0\n|-unboost|p2a: Wojbomb \ud83d\udce0|spe|1\n|-boost|p2a: Wojbomb \ud83d\udce0|atk|1\n|-boost|p2a: Wojbomb \ud83d\udce0|def|1\n|\n|upkeep\n|turn|17\n|\n|t:|1700461187\n|switch|p1a: Kingambit|Kingambit, M|90\/100\n|-activate|p1a: Kingambit|ability: Supreme Overlord\n|-start|p1a: Kingambit|fallen3|[silent]\n|move|p2a: Wojbomb \ud83d\udce0|Salt Cure|p1a: Kingambit\n|-resisted|p1a: Kingambit\n|-damage|p1a: Kingambit|83\/100\n|-start|p1a: Kingambit|Salt Cure\n|\n|-heal|p1a: Kingambit|89\/100|[from] item: Leftovers\n|-damage|p1a: Kingambit|64\/100|[from] Salt Cure\n|upkeep\n|turn|18\n|\n|t:|1700461191\n|-end|p1a: Kingambit|fallen3|[silent]\n|switch|p1a: Dragapult|Dragapult, M|100\/100\n|move|p2a: Wojbomb \ud83d\udce0|Recover|p2a: Wojbomb \ud83d\udce0\n|-heal|p2a: Wojbomb \ud83d\udce0|100\/100\n|\n|upkeep\n|turn|19\n|\n|t:|1700461195\n|move|p1a: Dragapult|Surf|p2a: Wojbomb \ud83d\udce0\n|-supereffective|p2a: Wojbomb \ud83d\udce0\n|-damage|p2a: Wojbomb \ud83d\udce0|47\/100\n|move|p2a: Wojbomb \ud83d\udce0|Recover|p2a: Wojbomb \ud83d\udce0\n|-heal|p2a: Wojbomb \ud83d\udce0|97\/100\n|\n|upkeep\n|turn|20\n|\n|t:|1700461200\n|switch|p2a: Forge \ud83d\ude82|Volcanion|48\/100\n|-damage|p2a: Forge \ud83d\ude82|23\/100|[from] Stealth Rock\n|move|p1a: Dragapult|Surf|p2a: Forge \ud83d\ude82\n|-heal|p2a: Forge \ud83d\ude82|48\/100|[from] ability: Water Absorb|[of] p1a: Dragapult\n|\n|upkeep\n|turn|21\n|\n|t:|1700461211\n|switch|p1a: Iron Valiant|Iron Valiant, tera:Dark|82\/100 brn\n|move|p2a: Forge \ud83d\ude82|Steam Eruption|p1a: Iron Valiant\n|-damage|p1a: Iron Valiant|0 fnt\n|faint|p1a: Iron Valiant\n|-end|p1a: Iron Valiant|Quark Drive|[silent]\n|\n|upkeep\n|\n|t:|1700461212\n|switch|p1a: Kingambit|Kingambit, M|64\/100\n|-activate|p1a: Kingambit|ability: Supreme Overlord\n|-start|p1a: Kingambit|fallen4|[silent]\n|turn|22\n|\n|t:|1700461218\n|move|p1a: Kingambit|Sucker Punch|p2a: Forge \ud83d\ude82\n|-damage|p2a: Forge \ud83d\ude82|2\/100\n|move|p2a: Forge \ud83d\ude82|Heat Wave|p1a: Kingambit\n|-supereffective|p1a: Kingambit\n|-damage|p1a: Kingambit|0 fnt\n|faint|p1a: Kingambit\n|-end|p1a: Kingambit|fallen4|[silent]\n|\n|upkeep\n|\n|t:|1700461220\n|switch|p1a: Dragapult|Dragapult, M|100\/100\n|turn|23\n|-message|Updog1337 forfeited.\n|\n|win|Redribbonrenegade\n|raw|Updog1337's rating: 1276 &rarr; <strong>1252<\/strong><br \/>(-24 for losing)\n|raw|Redribbonrenegade's rating: 1289 &rarr; <strong>1313<\/strong><br \/>(+24 for winning)\n|l|\u2606Updog1337\n","uploadtime":1700461235,"views":10,"p1id":"updog1337","p2id":"redribbonrenegade","formatid":"gen9ou","rating":1252,"private":0,"password":""}