{"id":"gen9ou-1992397868","p1":"DiorSophia29","p2":"uline","format":"[Gen 9] OU","log":"|j|\u2606DiorSophia29\n|j|\u2606uline\n|t:|1700182888\n|gametype|singles\n|player|p1|DiorSophia29|266|1238\n|player|p2|uline|170|1164\n|teamsize|p1|6\n|teamsize|p2|6\n|gen|9\n|tier|[Gen 9] OU\n|rated|\n|rule|Sleep Clause Mod: Limit one foe put to sleep\n|rule|Species Clause: Limit one of each Pok\u00e9mon\n|rule|OHKO Clause: OHKO moves are banned\n|rule|Evasion Items Clause: Evasion items are banned\n|rule|Evasion Moves Clause: Evasion moves are banned\n|rule|Endless Battle Clause: Forcing endless battles is banned\n|rule|HP Percentage Mod: HP is shown in percentages\n|clearpoke\n|poke|p1|Ninetales-Alola, F|\n|poke|p1|Heatran, M|\n|poke|p1|Ceruledge, M|\n|poke|p1|Corviknight, M|\n|poke|p1|Haxorus, F|\n|poke|p1|Torterra, M|\n|poke|p2|Ninetales-Alola, F|\n|poke|p2|Dragonite, F|\n|poke|p2|Dragapult, M|\n|poke|p2|Clefable, M|\n|poke|p2|Ogerpon, F|\n|poke|p2|Rotom|\n|teampreview\n|\n|t:|1700182915\n|start\n|switch|p1a: Corviknight|Corviknight, M|100\/100\n|switch|p2a: Rotom|Rotom|100\/100\n|-ability|p1a: Corviknight|Pressure\n|turn|1\n|inactive|Battle timer is ON: inactive players will automatically lose when time's up. (requested by DiorSophia29)\n|\n|t:|1700182924\n|switch|p1a: Torterra|Torterra, M|100\/100\n|move|p2a: Rotom|Will-O-Wisp|p1a: Torterra\n|-status|p1a: Torterra|brn\n|\n|-damage|p1a: Torterra|94\/100 brn|[from] brn\n|upkeep\n|turn|2\n|\n|t:|1700182932\n|move|p2a: Rotom|Nasty Plot|p2a: Rotom\n|-boost|p2a: Rotom|spa|2\n|move|p1a: Torterra|Shell Smash|p1a: Torterra\n|-unboost|p1a: Torterra|def|1\n|-unboost|p1a: Torterra|spd|1\n|-boost|p1a: Torterra|atk|2\n|-boost|p1a: Torterra|spa|2\n|-boost|p1a: Torterra|spe|2\n|\n|-damage|p1a: Torterra|88\/100 brn|[from] brn\n|upkeep\n|turn|3\n|\n|t:|1700182941\n|move|p1a: Torterra|Bullet Seed|p2a: Rotom\n|-damage|p2a: Rotom|79\/100\n|-damage|p2a: Rotom|59\/100\n|-damage|p2a: Rotom|40\/100\n|-damage|p2a: Rotom|20\/100\n|-hitcount|p2a: Rotom|4\n|move|p2a: Rotom|Shadow Ball|p1a: Torterra\n|-damage|p1a: Torterra|0 fnt\n|faint|p1a: Torterra\n|\n|-heal|p2a: Rotom|27\/100|[from] item: Leftovers\n|upkeep\n|\n|t:|1700182949\n|switch|p1a: Ceruledge|Ceruledge, M|100\/100\n|turn|4\n|\n|t:|1700182954\n|move|p1a: Ceruledge|Shadow Sneak|p2a: Rotom\n|-supereffective|p2a: Rotom\n|-damage|p2a: Rotom|0 fnt\n|faint|p2a: Rotom\n|\n|upkeep\n|\n|t:|1700182960\n|switch|p2a: Ninetales|Ninetales-Alola, F|100\/100\n|-weather|Snow|[from] ability: Snow Warning|[of] p2a: Ninetales\n|turn|5\n|\n|t:|1700182972\n|switch|p1a: Heatran|Heatran, M|100\/100\n|move|p2a: Ninetales|Encore||[still]\n|-fail|p2a: Ninetales\n|\n|-weather|Snow|[upkeep]\n|upkeep\n|turn|6\n|\n|t:|1700182981\n|move|p2a: Ninetales|Aurora Veil|p2a: Ninetales\n|-sidestart|p2: uline|move: Aurora Veil\n|move|p1a: Heatran|Magma Storm|p2a: Ninetales\n|-supereffective|p2a: Ninetales\n|-damage|p2a: Ninetales|61\/100\n|-activate|p2a: Ninetales|move: Magma Storm|[of] p1a: Heatran\n|\n|-weather|Snow|[upkeep]\n|-damage|p2a: Ninetales|49\/100|[from] move: Magma Storm|[partiallytrapped]\n|upkeep\n|turn|7\n|\n|t:|1700182989\n|move|p2a: Ninetales|Encore|p1a: Heatran\n|-start|p1a: Heatran|Encore\n|move|p1a: Heatran|Magma Storm|p2a: Ninetales\n|-supereffective|p2a: Ninetales\n|-damage|p2a: Ninetales|9\/100\n|\n|-weather|Snow|[upkeep]\n|-damage|p2a: Ninetales|0 fnt|[from] move: Magma Storm|[partiallytrapped]\n|faint|p2a: Ninetales\n|upkeep\n|\n|t:|1700182997\n|switch|p2a: Dragonite|Dragonite, F|100\/100\n|turn|8\n|\n|t:|1700183002\n|switch|p1a: Corviknight|Corviknight, M|100\/100\n|-ability|p1a: Corviknight|Pressure\n|move|p2a: Dragonite|Dragon Dance|p2a: Dragonite\n|-boost|p2a: Dragonite|atk|1\n|-boost|p2a: Dragonite|spe|1\n|\n|-weather|Snow|[upkeep]\n|upkeep\n|turn|9\n|\n|t:|1700183012\n|move|p2a: Dragonite|Dragon Dance|p2a: Dragonite\n|-boost|p2a: Dragonite|atk|1\n|-boost|p2a: Dragonite|spe|1\n|move|p1a: Corviknight|U-turn|p2a: Dragonite\n|-resisted|p2a: Dragonite\n|-damage|p2a: Dragonite|99\/100\n|\n|t:|1700183019\n|switch|p1a: Ninetales|Ninetales-Alola, F|100\/100|[from] U-turn\n|\n|-weather|none\n|upkeep\n|turn|10\n|\n|t:|1700183025\n|-terastallize|p2a: Dragonite|Normal\n|-terastallize|p1a: Ninetales|Water\n|move|p2a: Dragonite|Dragon Dance|p2a: Dragonite\n|-boost|p2a: Dragonite|atk|1\n|-boost|p2a: Dragonite|spe|1\n|move|p1a: Ninetales|Roar|p2a: Dragonite\n|drag|p2a: Dragapult|Dragapult, M|100\/100\n|\n|upkeep\n|turn|11\n|\n|t:|1700183035\n|switch|p1a: Corviknight|Corviknight, M|100\/100\n|-ability|p1a: Corviknight|Pressure\n|move|p2a: Dragapult|U-turn|p1a: Corviknight\n|-resisted|p1a: Corviknight\n|-damage|p1a: Corviknight|98\/100\n|-damage|p2a: Dragapult|84\/100|[from] item: Rocky Helmet|[of] p1a: Corviknight\n|\n|t:|1700183042\n|switch|p2a: Ogerpon|Ogerpon, F|100\/100|[from] U-turn\n|\n|upkeep\n|turn|12\n|\n|t:|1700183046\n|move|p2a: Ogerpon|Knock Off|p1a: Corviknight\n|-damage|p1a: Corviknight|79\/100\n|-damage|p2a: Ogerpon|84\/100|[from] item: Rocky Helmet|[of] p1a: Corviknight\n|-enditem|p1a: Corviknight|Rocky Helmet|[from] move: Knock Off|[of] p2a: Ogerpon\n|move|p1a: Corviknight|U-turn|p2a: Ogerpon\n|-supereffective|p2a: Ogerpon\n|-damage|p2a: Ogerpon|66\/100\n|\n|t:|1700183057\n|switch|p1a: Heatran|Heatran, M|100\/100|[from] U-turn\n|\n|upkeep\n|turn|13\n|\n|t:|1700183064\n|move|p2a: Ogerpon|Knock Off|p1a: Heatran\n|-damage|p1a: Heatran|73\/100\n|-enditem|p1a: Heatran|Leftovers|[from] move: Knock Off|[of] p2a: Ogerpon\n|move|p1a: Heatran|Will-O-Wisp|p2a: Ogerpon\n|-status|p2a: Ogerpon|brn\n|\n|-damage|p2a: Ogerpon|60\/100 brn|[from] brn\n|-sideend|p2: uline|move: Aurora Veil\n|upkeep\n|turn|14\n|\n|t:|1700183073\n|move|p2a: Ogerpon|Knock Off|p1a: Heatran\n|-damage|p1a: Heatran|65\/100\n|move|p1a: Heatran|Stealth Rock|p2a: Ogerpon\n|-sidestart|p2: uline|move: Stealth Rock\n|\n|-damage|p2a: Ogerpon|54\/100 brn|[from] brn\n|upkeep\n|turn|15\n|\n|t:|1700183078\n|move|p2a: Ogerpon|Encore|p1a: Heatran\n|-start|p1a: Heatran|Encore\n|move|p1a: Heatran|Stealth Rock||[still]\n|-fail|p1a: Heatran\n|\n|-damage|p2a: Ogerpon|48\/100 brn|[from] brn\n|upkeep\n|turn|16\n|\n|t:|1700183084\n|switch|p1a: Corviknight|Corviknight, M|79\/100\n|-ability|p1a: Corviknight|Pressure\n|move|p2a: Ogerpon|Swords Dance|p2a: Ogerpon\n|-boost|p2a: Ogerpon|atk|2\n|\n|-damage|p2a: Ogerpon|42\/100 brn|[from] brn\n|upkeep\n|turn|17\n|\n|t:|1700183092\n|move|p2a: Ogerpon|Knock Off|p1a: Corviknight\n|-damage|p1a: Corviknight|65\/100\n|move|p1a: Corviknight|U-turn|p2a: Ogerpon\n|-supereffective|p2a: Ogerpon\n|-damage|p2a: Ogerpon|6\/100 brn\n|\n|t:|1700183099\n|switch|p1a: Heatran|Heatran, M|65\/100|[from] U-turn\n|\n|-damage|p2a: Ogerpon|0 fnt|[from] brn\n|faint|p2a: Ogerpon\n|upkeep\n|\n|t:|1700183104\n|switch|p2a: Dragonite|Dragonite, F, tera:Normal|99\/100\n|turn|18\n|\n|t:|1700183107\n|move|p2a: Dragonite|Earthquake|p1a: Heatran\n|-supereffective|p1a: Heatran\n|-damage|p1a: Heatran|0 fnt\n|faint|p1a: Heatran\n|\n|upkeep\n|\n|t:|1700183112\n|switch|p1a: Ninetales|Ninetales-Alola, F, tera:Water|100\/100\n|-weather|Snow|[from] ability: Snow Warning|[of] p1a: Ninetales\n|turn|19\n|\n|t:|1700183117\n|move|p1a: Ninetales|Aurora Veil|p1a: Ninetales\n|-sidestart|p1: DiorSophia29|move: Aurora Veil\n|move|p2a: Dragonite|Dragon Dance|p2a: Dragonite\n|-boost|p2a: Dragonite|atk|1\n|-boost|p2a: Dragonite|spe|1\n|\n|-weather|Snow|[upkeep]\n|upkeep\n|turn|20\n|\n|t:|1700183122\n|move|p2a: Dragonite|Extreme Speed|p1a: Ninetales\n|-damage|p1a: Ninetales|59\/100\n|move|p1a: Ninetales|Roar|p2a: Dragonite\n|drag|p2a: Clefable|Clefable, M|100\/100\n|\n|-weather|Snow|[upkeep]\n|upkeep\n|turn|21\n|\n|t:|1700183131\n|move|p1a: Ninetales|Freeze-Dry|p2a: Clefable\n|-damage|p2a: Clefable|85\/100\n|move|p2a: Clefable|Calm Mind|p2a: Clefable\n|-boost|p2a: Clefable|spa|1\n|-boost|p2a: Clefable|spd|1\n|\n|-weather|Snow|[upkeep]\n|-heal|p2a: Clefable|91\/100|[from] item: Leftovers\n|upkeep\n|turn|22\n|\n|t:|1700183140\n|move|p1a: Ninetales|Encore|p2a: Clefable\n|-start|p2a: Clefable|Encore\n|move|p2a: Clefable|Calm Mind|p2a: Clefable\n|-boost|p2a: Clefable|spa|1\n|-boost|p2a: Clefable|spd|1\n|\n|-weather|Snow|[upkeep]\n|-heal|p2a: Clefable|97\/100|[from] item: Leftovers\n|upkeep\n|turn|23\n|\n|t:|1700183147\n|switch|p2a: Dragonite|Dragonite, F, tera:Normal|99\/100\n|move|p1a: Ninetales|Roar|p2a: Dragonite\n|drag|p2a: Clefable|Clefable, M|97\/100\n|\n|-weather|none\n|-heal|p2a: Clefable|100\/100|[from] item: Leftovers\n|upkeep\n|turn|24\n|\n|t:|1700183158\n|move|p2a: Clefable|Moonblast|p1a: Ninetales\n|-damage|p1a: Ninetales|43\/100\n|-unboost|p1a: Ninetales|spa|1\n|move|p1a: Ninetales|Roar|p2a: Clefable\n|drag|p2a: Dragonite|Dragonite, F, tera:Normal|99\/100\n|\n|upkeep\n|turn|25\n|\n|t:|1700183166\n|move|p2a: Dragonite|Earthquake|p1a: Ninetales\n|-damage|p1a: Ninetales|18\/100\n|move|p1a: Ninetales|Roar|p2a: Dragonite\n|drag|p2a: Clefable|Clefable, M|100\/100\n|\n|upkeep\n|turn|26\n|\n|t:|1700183175\n|switch|p1a: Corviknight|Corviknight, M|65\/100\n|-ability|p1a: Corviknight|Pressure\n|move|p2a: Clefable|Wish|p2a: Clefable\n|\n|-sideend|p1: DiorSophia29|move: Aurora Veil\n|upkeep\n|turn|27\n|\n|t:|1700183180\n|move|p1a: Corviknight|U-turn|p2a: Clefable\n|-resisted|p2a: Clefable\n|-damage|p2a: Clefable|93\/100\n|\n|t:|1700183189\n|switch|p1a: Haxorus|Haxorus, F|100\/100|[from] U-turn\n|-ability|p1a: Haxorus|Mold Breaker\n|move|p2a: Clefable|Fire Blast|p1a: Haxorus\n|-resisted|p1a: Haxorus\n|-damage|p1a: Haxorus|83\/100\n|\n|-heal|p2a: Clefable|100\/100|[from] move: Wish|[wisher] Clefable\n|upkeep\n|turn|28\n|\n|t:|1700183199\n|move|p1a: Haxorus|Taunt|p2a: Clefable\n|-start|p2a: Clefable|move: Taunt\n|move|p2a: Clefable|Moonblast|p1a: Haxorus\n|-supereffective|p1a: Haxorus\n|-damage|p1a: Haxorus|0 fnt\n|faint|p1a: Haxorus\n|\n|upkeep\n|\n|t:|1700183203\n|switch|p1a: Ceruledge|Ceruledge, M|100\/100\n|turn|29\n|\n|t:|1700183211\n|move|p1a: Ceruledge|Swords Dance|p1a: Ceruledge\n|-boost|p1a: Ceruledge|atk|2\n|move|p2a: Clefable|Moonblast|p1a: Ceruledge\n|-resisted|p1a: Ceruledge\n|-damage|p1a: Ceruledge|84\/100\n|-unboost|p1a: Ceruledge|spa|1\n|\n|upkeep\n|turn|30\n|\n|t:|1700183219\n|switch|p2a: Dragonite|Dragonite, F, tera:Normal|99\/100\n|move|p1a: Ceruledge|Poltergeist|p2a: Dragonite\n|-immune|p2a: Dragonite\n|\n|upkeep\n|turn|31\n|\n|t:|1700183225\n|move|p1a: Ceruledge|Bitter Blade|p2a: Dragonite\n|-damage|p2a: Dragonite|1\/100\n|-heal|p1a: Ceruledge|100\/100|[from] drain|[of] p2a: Dragonite\n|move|p2a: Dragonite|Dragon Dance|p2a: Dragonite\n|-boost|p2a: Dragonite|atk|1\n|-boost|p2a: Dragonite|spe|1\n|\n|upkeep\n|turn|32\n|\n|t:|1700183233\n|switch|p1a: Corviknight|Corviknight, M|65\/100\n|-ability|p1a: Corviknight|Pressure\n|move|p2a: Dragonite|Earthquake|p1a: Corviknight\n|-immune|p1a: Corviknight\n|\n|upkeep\n|turn|33\n|\n|t:|1700183239\n|move|p2a: Dragonite|Roost|p2a: Dragonite\n|-heal|p2a: Dragonite|51\/100\n|move|p1a: Corviknight|U-turn|p2a: Dragonite\n|-damage|p2a: Dragonite|38\/100\n|\n|t:|1700183244\n|switch|p1a: Ceruledge|Ceruledge, M|100\/100|[from] U-turn\n|\n|upkeep\n|turn|34\n|\n|t:|1700183247\n|move|p2a: Dragonite|Roost|p2a: Dragonite\n|-heal|p2a: Dragonite|88\/100\n|move|p1a: Ceruledge|Bitter Blade|p2a: Dragonite\n|-damage|p2a: Dragonite|41\/100\n|\n|upkeep\n|turn|35\n|\n|t:|1700183253\n|move|p2a: Dragonite|Earthquake|p1a: Ceruledge\n|-supereffective|p1a: Ceruledge\n|-enditem|p1a: Ceruledge|Focus Sash\n|-damage|p1a: Ceruledge|1\/100\n|-ability|p1a: Ceruledge|Weak Armor|boost\n|-unboost|p1a: Ceruledge|def|1\n|-boost|p1a: Ceruledge|spe|2\n|move|p1a: Ceruledge|Bitter Blade|p2a: Dragonite\n|-damage|p2a: Dragonite|0 fnt\n|-heal|p1a: Ceruledge|26\/100|[from] drain|[of] p2a: Dragonite\n|faint|p2a: Dragonite\n|\n|upkeep\n|\n|t:|1700183266\n|switch|p2a: Clefable|Clefable, M|100\/100\n|turn|36\n|\n|t:|1700183272\n|move|p1a: Ceruledge|Poltergeist|p2a: Clefable\n|-activate|p2a: Clefable|move: Poltergeist|Leftovers\n|-damage|p2a: Clefable|42\/100\n|move|p2a: Clefable|Calm Mind|p2a: Clefable\n|-boost|p2a: Clefable|spa|1\n|-boost|p2a: Clefable|spd|1\n|\n|-heal|p2a: Clefable|48\/100|[from] item: Leftovers\n|upkeep\n|turn|37\n|\n|t:|1700183280\n|move|p1a: Ceruledge|Poltergeist|p2a: Clefable|[miss]\n|-miss|p1a: Ceruledge|p2a: Clefable\n|move|p2a: Clefable|Moonblast|p1a: Ceruledge\n|-resisted|p1a: Ceruledge\n|-damage|p1a: Ceruledge|0 fnt\n|faint|p1a: Ceruledge\n|\n|-heal|p2a: Clefable|54\/100|[from] item: Leftovers\n|upkeep\n|\n|t:|1700183289\n|switch|p1a: Ninetales|Ninetales-Alola, F, tera:Water|18\/100\n|-weather|Snow|[from] ability: Snow Warning|[of] p1a: Ninetales\n|turn|38\n|\n|t:|1700183295\n|move|p1a: Ninetales|Aurora Veil|p1a: Ninetales\n|-sidestart|p1: DiorSophia29|move: Aurora Veil\n|move|p2a: Clefable|Wish|p2a: Clefable\n|\n|-weather|Snow|[upkeep]\n|-heal|p2a: Clefable|60\/100|[from] item: Leftovers\n|upkeep\n|turn|39\n|\n|t:|1700183302\n|switch|p2a: Dragapult|Dragapult, M|84\/100\n|-damage|p2a: Dragapult|72\/100|[from] Stealth Rock\n|move|p1a: Ninetales|Encore||[still]\n|-fail|p1a: Ninetales\n|\n|-weather|Snow|[upkeep]\n|-heal|p2a: Dragapult|100\/100|[from] move: Wish|[wisher] Clefable\n|upkeep\n|turn|40\n|\n|t:|1700183313\n|move|p2a: Dragapult|U-turn|p1a: Ninetales\n|-damage|p1a: Ninetales|0 fnt\n|faint|p1a: Ninetales\n|\n|t:|1700183316\n|switch|p2a: Clefable|Clefable, M|60\/100|[from] U-turn\n|\n|-weather|Snow|[upkeep]\n|-heal|p2a: Clefable|66\/100|[from] item: Leftovers\n|upkeep\n|\n|t:|1700183327\n|switch|p1a: Corviknight|Corviknight, M|65\/100\n|-ability|p1a: Corviknight|Pressure\n|turn|41\n|\n|t:|1700183331\n|move|p1a: Corviknight|U-turn|p2a: Clefable\n|-resisted|p2a: Clefable\n|-damage|p2a: Clefable|60\/100\n|move|p2a: Clefable|Wish|p2a: Clefable\n|\n|-weather|Snow|[upkeep]\n|-heal|p2a: Clefable|66\/100|[from] item: Leftovers\n|upkeep\n|turn|42\n|inactive|DiorSophia29 has 120 seconds left.\n|n|\u2606DiorSophia29|diorsophia29\n|c|\u2606DiorSophia29|Hax man\n|inactive|DiorSophia29 has 90 seconds left.\n|n|\u2606uline|uline\n|c|\u2606uline|just ff\n|l|\u2606DiorSophia29\n|inactive|DiorSophia29 disconnected and has a minute to reconnect!\n|player|p1|\n|inactive|DiorSophia29 has 30 seconds to reconnect!\n|inactive|DiorSophia29 has 20 seconds to reconnect!\n|inactive|DiorSophia29 has 15 seconds to reconnect!\n|inactive|DiorSophia29 has 10 seconds to reconnect!\n|inactive|DiorSophia29 has 5 seconds to reconnect!\n|-message|DiorSophia29 lost due to inactivity.\n|\n|win|uline\n|inactive|DiorSophia29 has 15 seconds left this turn.\n|raw|DiorSophia29's rating: 1238 &rarr; <strong>1208<\/strong><br \/>(-30 for losing)\n|raw|uline's rating: 1164 &rarr; <strong>1194<\/strong><br \/>(+30 for winning)\n","uploadtime":1700183591,"views":7,"p1id":"diorsophia29","p2id":"uline","formatid":"gen9ou","rating":1194,"private":0,"password":""}