{"id":"gen9ou-1997772832","p1":"Quaclan","p2":"Imanjoneser","format":"[Gen 9] OU","log":"|j|\u2606Quaclan\n|j|\u2606Imanjoneser\n|t:|1700851073\n|gametype|singles\n|player|p1|Quaclan|policeman-gen4|1082\n|player|p2|Imanjoneser|bugcatcher-gen4dp|1095\n|teamsize|p1|6\n|teamsize|p2|6\n|gen|9\n|tier|[Gen 9] OU\n|rated|\n|rule|Sleep Clause Mod: Limit one foe put to sleep\n|rule|Species Clause: Limit one of each Pok\u00e9mon\n|rule|OHKO Clause: OHKO moves are banned\n|rule|Evasion Items Clause: Evasion items are banned\n|rule|Evasion Moves Clause: Evasion moves are banned\n|rule|Endless Battle Clause: Forcing endless battles is banned\n|rule|HP Percentage Mod: HP is shown in percentages\n|clearpoke\n|poke|p1|Cinderace, M|\n|poke|p1|Corviknight, F|\n|poke|p1|Glimmora, F|\n|poke|p1|Dragapult, F|\n|poke|p1|Landorus-Therian, M|\n|poke|p1|Ogerpon-Wellspring, F|\n|poke|p2|Noivern, M|\n|poke|p2|Cinderace, F|\n|poke|p2|Maushold-Four|\n|poke|p2|Chesnaught, F|\n|poke|p2|Grafaiai, F|\n|poke|p2|Eelektross, M|\n|teampreview\n|c|\u2606Imanjoneser|Ah these pokemon again\n|\n|t:|1700851103\n|start\n|switch|p1a: Caesar|Glimmora, F|100\/100\n|switch|p2a: Grafaiai|Grafaiai, F, shiny|100\/100\n|turn|1\n|\n|t:|1700851112\n|move|p2a: Grafaiai|Parting Shot|p1a: Caesar\n|-unboost|p1a: Caesar|atk|1\n|-unboost|p1a: Caesar|spa|1\n|\n|t:|1700851126\n|switch|p2a: Cinderace|Cinderace, F, shiny|100\/100|[from] Parting Shot\n|move|p1a: Caesar|Stealth Rock|p2a: Cinderace\n|-sidestart|p2: Imanjoneser|move: Stealth Rock\n|\n|upkeep\n|turn|2\n|\n|t:|1700851149\n|switch|p1a: Jolyne|Ogerpon-Wellspring, F|100\/100\n|move|p2a: Cinderace|High Jump Kick|p1a: Jolyne\n|-start|p2a: Cinderace|typechange|Fighting|[from] ability: Libero\n|-damage|p1a: Jolyne|15\/100\n|\n|upkeep\n|turn|3\n|\n|t:|1700851158\n|move|p2a: Cinderace|Pyro Ball|p1a: Jolyne\n|-damage|p1a: Jolyne|0 fnt\n|faint|p1a: Jolyne\n|\n|upkeep\n|c|\u2606Quaclan|ouch\n|\n|t:|1700851170\n|switch|p1a: Joseph|Cinderace, M|100\/100\n|turn|4\n|c|\u2606Imanjoneser|Actually insanely glad to get oger out of hereXD\n|\n|t:|1700851183\n|move|p1a: Joseph|Pyro Ball|p2a: Cinderace\n|-damage|p2a: Cinderace|14\/100\n|move|p2a: Cinderace|High Jump Kick|p1a: Joseph\n|-damage|p1a: Joseph|4\/100\n|\n|upkeep\n|turn|5\n|\n|t:|1700851194\n|move|p1a: Joseph|Sucker Punch||[still]\n|-fail|p1a: Joseph\n|move|p2a: Cinderace|Court Change|p2a: Cinderace\n|-swapsideconditions\n|-activate|p2a: Cinderace|move: Court Change\n|\n|upkeep\n|turn|6\n|\n|t:|1700851218\n|move|p1a: Joseph|Sucker Punch|p2a: Cinderace\n|-start|p1a: Joseph|typechange|Dark|[from] ability: Libero\n|-resisted|p2a: Cinderace\n|-damage|p2a: Cinderace|0 fnt\n|faint|p2a: Cinderace\n|\n|upkeep\n|\n|t:|1700851224\n|switch|p2a: Noivern|Noivern, M, shiny|100\/100\n|turn|7\n|\n|t:|1700851232\n|switch|p2a: Chesnaught|Chesnaught, F, shiny|100\/100\n|move|p1a: Joseph|Court Change|p1a: Joseph\n|-swapsideconditions\n|-activate|p1a: Joseph|move: Court Change\n|\n|upkeep\n|turn|8\n|\n|t:|1700851241\n|move|p2a: Chesnaught|Spiky Shield|p2a: Chesnaught\n|-singleturn|p2a: Chesnaught|move: Protect\n|move|p1a: Joseph|U-turn|p2a: Chesnaught\n|-activate|p2a: Chesnaught|move: Protect\n|-damage|p1a: Joseph|0 fnt|[from] Spiky Shield|[of] p2a: Chesnaught\n|faint|p1a: Joseph\n|\n|upkeep\n|\n|t:|1700851250\n|switch|p1a: Santana|Dragapult, F|100\/100\n|turn|9\n|\n|t:|1700851269\n|move|p1a: Santana|Flamethrower|p2a: Chesnaught\n|-supereffective|p2a: Chesnaught\n|-damage|p2a: Chesnaught|6\/100\n|move|p2a: Chesnaught|Knock Off|p1a: Santana\n|-supereffective|p1a: Santana\n|-damage|p1a: Santana|13\/100\n|-enditem|p1a: Santana|Choice Specs|[from] move: Knock Off|[of] p2a: Chesnaught\n|\n|upkeep\n|turn|10\n|\n|t:|1700851285\n|move|p2a: Chesnaught|Spiky Shield|p2a: Chesnaught\n|-singleturn|p2a: Chesnaught|move: Protect\n|move|p1a: Santana|Flamethrower|p2a: Chesnaught\n|-activate|p2a: Chesnaught|move: Protect\n|\n|upkeep\n|turn|11\n|\n|t:|1700851291\n|move|p1a: Santana|Flamethrower|p2a: Chesnaught\n|-supereffective|p2a: Chesnaught\n|-damage|p2a: Chesnaught|0 fnt\n|faint|p2a: Chesnaught\n|\n|upkeep\n|\n|t:|1700851300\n|switch|p2a: Grafaiai|Grafaiai, F, shiny|100\/100\n|-damage|p2a: Grafaiai|88\/100|[from] Stealth Rock\n|turn|12\n|\n|t:|1700851315\n|switch|p1a: Jonathan|Corviknight, F, shiny|100\/100\n|move|p2a: Grafaiai|Parting Shot|p1a: Jonathan\n|-ability|p1a: Jonathan|Mirror Armor\n|-unboost|p2a: Grafaiai|atk|1\n|-ability|p1a: Jonathan|Mirror Armor\n|-unboost|p2a: Grafaiai|spa|1\n|\n|t:|1700851336\n|switch|p2a: Eelektross|Eelektross, M, shiny|100\/100|[from] Parting Shot\n|-damage|p2a: Eelektross|88\/100|[from] Stealth Rock\n|\n|-heal|p2a: Eelektross|94\/100|[from] item: Leftovers\n|upkeep\n|turn|13\n|\n|t:|1700851343\n|switch|p1a: Giorno|Landorus-Therian, M|100\/100\n|-ability|p1a: Giorno|Intimidate|boost\n|-unboost|p2a: Eelektross|atk|1\n|move|p2a: Eelektross|Coil|p2a: Eelektross\n|-boost|p2a: Eelektross|atk|1\n|-boost|p2a: Eelektross|def|1\n|-boost|p2a: Eelektross|accuracy|1\n|\n|-heal|p2a: Eelektross|100\/100|[from] item: Leftovers\n|upkeep\n|turn|14\n|\n|t:|1700851354\n|move|p1a: Giorno|Substitute|p1a: Giorno\n|-start|p1a: Giorno|Substitute\n|-damage|p1a: Giorno|76\/100\n|move|p2a: Eelektross|Coil|p2a: Eelektross\n|-boost|p2a: Eelektross|atk|1\n|-boost|p2a: Eelektross|def|1\n|-boost|p2a: Eelektross|accuracy|1\n|\n|-heal|p1a: Giorno|82\/100|[from] item: Leftovers\n|upkeep\n|turn|15\n|\n|t:|1700851368\n|move|p1a: Giorno|Earthquake|p2a: Eelektross\n|-immune|p2a: Eelektross|[from] ability: Levitate\n|move|p2a: Eelektross|Knock Off|p1a: Giorno\n|-end|p1a: Giorno|Substitute\n|\n|-heal|p1a: Giorno|88\/100|[from] item: Leftovers\n|upkeep\n|turn|16\n|c|\u2606Imanjoneser|:0\n|\n|t:|1700851379\n|move|p1a: Giorno|Grass Knot|p2a: Eelektross\n|-damage|p2a: Eelektross|80\/100\n|move|p2a: Eelektross|Knock Off|p1a: Giorno\n|-damage|p1a: Giorno|31\/100\n|-enditem|p1a: Giorno|Leftovers|[from] move: Knock Off|[of] p2a: Eelektross\n|\n|-heal|p2a: Eelektross|86\/100|[from] item: Leftovers\n|upkeep\n|turn|17\n|\n|t:|1700851387\n|move|p1a: Giorno|Stone Edge|p2a: Eelektross|[miss]\n|-miss|p1a: Giorno|p2a: Eelektross\n|move|p2a: Eelektross|Coil|p2a: Eelektross\n|-boost|p2a: Eelektross|atk|1\n|-boost|p2a: Eelektross|def|1\n|-boost|p2a: Eelektross|accuracy|1\n|\n|-heal|p2a: Eelektross|92\/100|[from] item: Leftovers\n|upkeep\n|turn|18\n|c|\u2606Imanjoneser|Oooh digiorno wouldd've been a cool name\n|\n|t:|1700851401\n|move|p1a: Giorno|Stone Edge|p2a: Eelektross\n|-damage|p2a: Eelektross|75\/100\n|move|p2a: Eelektross|Knock Off|p1a: Giorno\n|-damage|p1a: Giorno|0 fnt\n|faint|p1a: Giorno\n|\n|-heal|p2a: Eelektross|82\/100|[from] item: Leftovers\n|upkeep\n|\n|t:|1700851409\n|switch|p1a: Santana|Dragapult, F|13\/100\n|turn|19\n|\n|t:|1700851412\n|move|p1a: Santana|Draco Meteor|p2a: Eelektross\n|-damage|p2a: Eelektross|16\/100\n|-unboost|p1a: Santana|spa|2\n|move|p2a: Eelektross|Knock Off|p1a: Santana\n|-supereffective|p1a: Santana\n|-damage|p1a: Santana|0 fnt\n|faint|p1a: Santana\n|\n|-heal|p2a: Eelektross|22\/100|[from] item: Leftovers\n|upkeep\n|\n|t:|1700851421\n|switch|p1a: Caesar|Glimmora, F|100\/100\n|turn|20\n|\n|t:|1700851432\n|move|p1a: Caesar|Mortal Spin|p2a: Eelektross\n|-damage|p2a: Eelektross|18\/100\n|-status|p2a: Eelektross|psn\n|move|p2a: Eelektross|Knock Off|p1a: Caesar\n|-damage|p1a: Caesar|19\/100\n|-activate|p1a: Caesar|ability: Toxic Debris\n|-sidestart|p2: Imanjoneser|move: Toxic Spikes\n|-enditem|p1a: Caesar|Focus Sash|[from] move: Knock Off|[of] p2a: Eelektross\n|\n|-heal|p2a: Eelektross|25\/100 psn|[from] item: Leftovers\n|-damage|p2a: Eelektross|12\/100 psn|[from] psn\n|upkeep\n|turn|21\n|\n|t:|1700851455\n|switch|p1a: Jonathan|Corviknight, F, shiny|100\/100\n|move|p2a: Eelektross|Thunder Punch|p1a: Jonathan\n|-supereffective|p1a: Jonathan\n|-damage|p1a: Jonathan|8\/100\n|\n|-heal|p1a: Jonathan|14\/100|[from] item: Leftovers\n|-heal|p2a: Eelektross|18\/100 psn|[from] item: Leftovers\n|-damage|p2a: Eelektross|6\/100 psn|[from] psn\n|upkeep\n|turn|22\n|c|\u2606Imanjoneser|gg\n|c|\u2606Quaclan|bad move\n|\n|t:|1700851476\n|move|p1a: Jonathan|Roost|p1a: Jonathan\n|-heal|p1a: Jonathan|64\/100\n|-singleturn|p1a: Jonathan|move: Roost\n|move|p2a: Eelektross|Knock Off|p1a: Jonathan\n|-damage|p1a: Jonathan|23\/100\n|-enditem|p1a: Jonathan|Leftovers|[from] move: Knock Off|[of] p2a: Eelektross\n|\n|-heal|p2a: Eelektross|12\/100 psn|[from] item: Leftovers\n|-damage|p2a: Eelektross|0 fnt|[from] psn\n|faint|p2a: Eelektross\n|upkeep\n|c|\u2606Imanjoneser|yeah\n|\n|t:|1700851489\n|switch|p2a: Noivern|Noivern, M, shiny|100\/100\n|-damage|p2a: Noivern|76\/100|[from] Stealth Rock\n|turn|23\n|\n|t:|1700851501\n|move|p2a: Noivern|Flamethrower|p1a: Jonathan\n|-supereffective|p1a: Jonathan\n|-damage|p1a: Jonathan|0 fnt\n|faint|p1a: Jonathan\n|\n|upkeep\n|c|\u2606Imanjoneser|Either way though\n|\n|t:|1700851506\n|switch|p1a: Caesar|Glimmora, F|19\/100\n|turn|24\n|c|\u2606Imanjoneser|I had a way to deal with knight\n|\n|t:|1700851515\n|-terastallize|p2a: Noivern|Flying\n|move|p2a: Noivern|Air Slash|p1a: Caesar\n|-resisted|p1a: Caesar\n|-damage|p1a: Caesar|0 fnt\n|faint|p1a: Caesar\n|\n|win|Imanjoneser\n|raw|Quaclan's rating: 1082 &rarr; <strong>1061<\/strong><br \/>(-21 for losing)\n|raw|Imanjoneser's rating: 1095 &rarr; <strong>1120<\/strong><br \/>(+25 for winning)\n","uploadtime":1700851526,"views":1,"p1id":"quaclan","p2id":"imanjoneser","formatid":"gen9ou","rating":1061,"private":0,"password":""}