{"id":"gen9ou-1997105541","p1":"Tay6262","p2":"Casildo","format":"[Gen 9] OU","log":"|j|\u2606Tay6262\n|j|\u2606Casildo\n|t:|1700765049\n|gametype|singles\n|player|p1|Tay6262|169|1192\n|player|p2|Casildo|cynthia-gen4|1242\n|teamsize|p1|6\n|teamsize|p2|6\n|gen|9\n|tier|[Gen 9] OU\n|rated|\n|rule|Sleep Clause Mod: Limit one foe put to sleep\n|rule|Species Clause: Limit one of each Pok\u00e9mon\n|rule|OHKO Clause: OHKO moves are banned\n|rule|Evasion Items Clause: Evasion items are banned\n|rule|Evasion Moves Clause: Evasion moves are banned\n|rule|Endless Battle Clause: Forcing endless battles is banned\n|rule|HP Percentage Mod: HP is shown in percentages\n|clearpoke\n|poke|p1|Landorus-Therian, M|\n|poke|p1|Ribombee, F|\n|poke|p1|Rillaboom, M|\n|poke|p1|Dondozo, M|\n|poke|p1|Cinderace, M|\n|poke|p1|Hawlucha, F|\n|poke|p2|Toxapex, M|\n|poke|p2|Gholdengo|\n|poke|p2|Scizor, M|\n|poke|p2|Dragonite, M|\n|poke|p2|Breloom, M|\n|poke|p2|Skeledirge, M|\n|teampreview\n|\n|t:|1700765080\n|start\n|switch|p1a: Landorus|Landorus-Therian, M|100\/100\n|switch|p2a: GOD IS DEAD|Breloom, M, shiny|100\/100\n|-ability|p1a: Landorus|Intimidate|boost\n|-unboost|p2a: GOD IS DEAD|atk|1\n|turn|1\n|inactive|Battle timer is ON: inactive players will automatically lose when time's up. (requested by Casildo)\n|\n|t:|1700765090\n|move|p1a: Landorus|U-turn|p2a: GOD IS DEAD\n|-damage|p2a: GOD IS DEAD|51\/100\n|\n|t:|1700765095\n|switch|p1a: Ribombee|Ribombee, F|100\/100|[from] U-turn\n|move|p2a: GOD IS DEAD|Bullet Seed|p1a: Ribombee\n|-resisted|p1a: Ribombee\n|-damage|p1a: Ribombee|89\/100\n|-resisted|p1a: Ribombee\n|-damage|p1a: Ribombee|76\/100\n|-resisted|p1a: Ribombee\n|-damage|p1a: Ribombee|62\/100\n|-resisted|p1a: Ribombee\n|-damage|p1a: Ribombee|49\/100\n|-resisted|p1a: Ribombee\n|-damage|p1a: Ribombee|36\/100\n|-hitcount|p1a: Ribombee|5\n|\n|upkeep\n|turn|2\n|\n|t:|1700765108\n|switch|p2a: hello|Scizor, M|100\/100\n|move|p1a: Ribombee|Sticky Web|p2a: hello\n|-sidestart|p2: Casildo|move: Sticky Web\n|\n|upkeep\n|turn|3\n|\n|t:|1700765114\n|switch|p1a: Landorus|Landorus-Therian, M|100\/100\n|-ability|p1a: Landorus|Intimidate|boost\n|-unboost|p2a: hello|atk|1\n|move|p2a: hello|Defog|p1a: Landorus\n|-unboost|p1a: Landorus|evasion|1\n|-sideend|p2: Casildo|Sticky Web|[from] move: Defog|[of] p2a: hello\n|\n|upkeep\n|turn|4\n|\n|t:|1700765123\n|move|p1a: Landorus|Earthquake|p2a: hello\n|-damage|p2a: hello|55\/100\n|move|p2a: hello|U-turn|p1a: Landorus\n|-resisted|p1a: Landorus\n|-damage|p1a: Landorus|87\/100\n|\n|t:|1700765136\n|switch|p2a: Reggaedude|Gholdengo|100\/100|[from] U-turn\n|\n|upkeep\n|turn|5\n|\n|t:|1700765140\n|-terastallize|p2a: Reggaedude|Ghost\n|move|p1a: Landorus|Earthquake|p2a: Reggaedude\n|-damage|p2a: Reggaedude|52\/100\n|move|p2a: Reggaedude|Shadow Ball|p1a: Landorus\n|-damage|p1a: Landorus|23\/100\n|\n|upkeep\n|turn|6\n|\n|t:|1700765159\n|switch|p1a: Rillaboom|Rillaboom, M|100\/100\n|-fieldstart|move: Grassy Terrain|[from] ability: Grassy Surge|[of] p1a: Rillaboom\n|move|p2a: Reggaedude|Recover|p2a: Reggaedude\n|-heal|p2a: Reggaedude|100\/100\n|\n|upkeep\n|turn|7\n|inactive|Casildo has 120 seconds left.\n|\n|t:|1700765190\n|move|p2a: Reggaedude|Shadow Ball|p1a: Rillaboom\n|-damage|p1a: Rillaboom|66\/100\n|move|p1a: Rillaboom|Knock Off|p2a: Reggaedude\n|-supereffective|p2a: Reggaedude\n|-damage|p2a: Reggaedude|49\/100\n|-enditem|p2a: Reggaedude|Covert Cloak|[from] move: Knock Off|[of] p1a: Rillaboom\n|\n|-heal|p2a: Reggaedude|55\/100|[from] Grassy Terrain\n|-heal|p1a: Rillaboom|72\/100|[from] Grassy Terrain\n|upkeep\n|turn|8\n|inactive|Casildo has 120 seconds left.\n|\n|t:|1700765199\n|move|p1a: Rillaboom|Grassy Glide|p2a: Reggaedude\n|-damage|p2a: Reggaedude|25\/100\n|move|p2a: Reggaedude|Recover|p2a: Reggaedude\n|-heal|p2a: Reggaedude|75\/100\n|\n|-heal|p2a: Reggaedude|81\/100|[from] Grassy Terrain\n|-heal|p1a: Rillaboom|78\/100|[from] Grassy Terrain\n|upkeep\n|turn|9\n|\n|t:|1700765208\n|move|p2a: Reggaedude|Thunder Wave|p1a: Rillaboom\n|-status|p1a: Rillaboom|par\n|move|p1a: Rillaboom|Knock Off|p2a: Reggaedude\n|-supereffective|p2a: Reggaedude\n|-damage|p2a: Reggaedude|43\/100\n|\n|-heal|p2a: Reggaedude|49\/100|[from] Grassy Terrain\n|-heal|p1a: Rillaboom|84\/100 par|[from] Grassy Terrain\n|upkeep\n|turn|10\n|\n|t:|1700765223\n|switch|p1a: Ribombee|Ribombee, F|36\/100\n|move|p2a: Reggaedude|Recover|p2a: Reggaedude\n|-heal|p2a: Reggaedude|99\/100\n|\n|-heal|p1a: Ribombee|42\/100|[from] Grassy Terrain\n|-heal|p2a: Reggaedude|100\/100|[from] Grassy Terrain\n|-fieldend|move: Grassy Terrain\n|upkeep\n|turn|11\n|\n|t:|1700765231\n|move|p1a: Ribombee|Sticky Web|p2a: Reggaedude\n|-sidestart|p2: Casildo|move: Sticky Web\n|move|p2a: Reggaedude|Shadow Ball|p1a: Ribombee\n|-damage|p1a: Ribombee|0 fnt\n|faint|p1a: Ribombee\n|\n|upkeep\n|\n|t:|1700765235\n|switch|p1a: Dondozo|Dondozo, M|100\/100\n|turn|12\n|\n|t:|1700765240\n|switch|p2a: 2ndNailintheCoffin|Toxapex, M|100\/100\n|-activate|p2a: 2ndNailintheCoffin|move: Sticky Web\n|-unboost|p2a: 2ndNailintheCoffin|spe|1\n|move|p1a: Dondozo|Curse|p1a: Dondozo\n|-unboost|p1a: Dondozo|spe|1\n|-boost|p1a: Dondozo|atk|1\n|-boost|p1a: Dondozo|def|1\n|\n|upkeep\n|turn|13\n|\n|t:|1700765247\n|move|p2a: 2ndNailintheCoffin|Toxic|p1a: Dondozo\n|-status|p1a: Dondozo|tox\n|move|p1a: Dondozo|Curse|p1a: Dondozo\n|-unboost|p1a: Dondozo|spe|1\n|-boost|p1a: Dondozo|atk|1\n|-boost|p1a: Dondozo|def|1\n|\n|-damage|p1a: Dondozo|94\/100 tox|[from] psn\n|upkeep\n|turn|14\n|\n|t:|1700765256\n|move|p2a: 2ndNailintheCoffin|Recover||[still]\n|-fail|p2a: 2ndNailintheCoffin|heal\n|move|p1a: Dondozo|Curse|p1a: Dondozo\n|-unboost|p1a: Dondozo|spe|1\n|-boost|p1a: Dondozo|atk|1\n|-boost|p1a: Dondozo|def|1\n|\n|-heal|p1a: Dondozo|100\/100 tox|[from] item: Leftovers\n|-damage|p1a: Dondozo|88\/100 tox|[from] psn\n|upkeep\n|turn|15\n|\n|t:|1700765265\n|move|p2a: 2ndNailintheCoffin|Baneful Bunker|p2a: 2ndNailintheCoffin\n|-singleturn|p2a: 2ndNailintheCoffin|move: Protect\n|move|p1a: Dondozo|Rest|p1a: Dondozo\n|-status|p1a: Dondozo|slp|[from] move: Rest\n|-heal|p1a: Dondozo|100\/100 slp|[silent]\n|\n|upkeep\n|turn|16\n|c|\u2606Casildo|oh god\n|\n|t:|1700765278\n|switch|p2a: GOD IS DEAD|Breloom, M, shiny|51\/100\n|-activate|p2a: GOD IS DEAD|move: Sticky Web\n|-unboost|p2a: GOD IS DEAD|spe|1\n|cant|p1a: Dondozo|slp\n|move|p1a: Dondozo|Sleep Talk|p1a: Dondozo\n|move|p1a: Dondozo|Rest||[from]move: Sleep Talk|[still]\n|-fail|p1a: Dondozo\n|\n|upkeep\n|turn|17\n|c|\u2606Casildo|I did not think of this strat\n|\n|t:|1700765291\n|move|p2a: GOD IS DEAD|Bullet Seed|p1a: Dondozo\n|-supereffective|p1a: Dondozo\n|-damage|p1a: Dondozo|92\/100 slp\n|-supereffective|p1a: Dondozo\n|-damage|p1a: Dondozo|83\/100 slp\n|-supereffective|p1a: Dondozo\n|-damage|p1a: Dondozo|74\/100 slp\n|-supereffective|p1a: Dondozo\n|-damage|p1a: Dondozo|65\/100 slp\n|-hitcount|p1a: Dondozo|4\n|cant|p1a: Dondozo|slp\n|move|p1a: Dondozo|Sleep Talk|p1a: Dondozo\n|move|p1a: Dondozo|Curse|p1a: Dondozo|[from]move: Sleep Talk\n|-unboost|p1a: Dondozo|spe|1\n|-boost|p1a: Dondozo|atk|1\n|-boost|p1a: Dondozo|def|1\n|\n|-heal|p1a: Dondozo|71\/100 slp|[from] item: Leftovers\n|upkeep\n|turn|18\n|\n|t:|1700765305\n|move|p2a: GOD IS DEAD|Bullet Seed|p1a: Dondozo\n|-supereffective|p1a: Dondozo\n|-damage|p1a: Dondozo|64\/100 slp\n|-supereffective|p1a: Dondozo\n|-crit|p1a: Dondozo\n|-damage|p1a: Dondozo|27\/100 slp\n|-supereffective|p1a: Dondozo\n|-damage|p1a: Dondozo|19\/100 slp\n|-supereffective|p1a: Dondozo\n|-damage|p1a: Dondozo|11\/100 slp\n|-hitcount|p1a: Dondozo|4\n|-curestatus|p1a: Dondozo|slp|[msg]\n|move|p1a: Dondozo|Wave Crash|p2a: GOD IS DEAD\n|-resisted|p2a: GOD IS DEAD\n|-damage|p2a: GOD IS DEAD|0 fnt\n|faint|p2a: GOD IS DEAD\n|-damage|p1a: Dondozo|3\/100|[from] Recoil\n|\n|-heal|p1a: Dondozo|9\/100|[from] item: Leftovers\n|upkeep\n|c|\u2606Casildo|daaaaaaaam\n|\n|t:|1700765325\n|switch|p2a: Reggaedude|Gholdengo, tera:Ghost|100\/100\n|-activate|p2a: Reggaedude|move: Sticky Web\n|-unboost|p2a: Reggaedude|spe|1\n|turn|19\n|c|\u2606Casildo|my dude took no recoil\n|\n|t:|1700765338\n|switch|p1a: Rillaboom|Rillaboom, M|84\/100 par\n|-fieldstart|move: Grassy Terrain|[from] ability: Grassy Surge|[of] p1a: Rillaboom\n|move|p2a: Reggaedude|Shadow Ball|p1a: Rillaboom\n|-damage|p1a: Rillaboom|51\/100 par\n|\n|-heal|p1a: Rillaboom|57\/100 par|[from] Grassy Terrain\n|upkeep\n|turn|20\n|\n|t:|1700765346\n|move|p2a: Reggaedude|Shadow Ball|p1a: Rillaboom\n|-damage|p1a: Rillaboom|22\/100 par\n|move|p1a: Rillaboom|Knock Off|p2a: Reggaedude\n|-supereffective|p2a: Reggaedude\n|-damage|p2a: Reggaedude|64\/100\n|\n|-heal|p2a: Reggaedude|70\/100|[from] Grassy Terrain\n|-heal|p1a: Rillaboom|28\/100 par|[from] Grassy Terrain\n|upkeep\n|turn|21\n|\n|t:|1700765354\n|cant|p1a: Rillaboom|par\n|move|p2a: Reggaedude|Shadow Ball|p1a: Rillaboom\n|-crit|p1a: Rillaboom\n|-damage|p1a: Rillaboom|0 fnt\n|faint|p1a: Rillaboom\n|\n|-heal|p2a: Reggaedude|76\/100|[from] Grassy Terrain\n|upkeep\n|\n|t:|1700765370\n|switch|p1a: Cinderace|Cinderace, M|100\/100\n|turn|22\n|\n|t:|1700765374\n|move|p1a: Cinderace|Pyro Ball|p2a: Reggaedude\n|-damage|p2a: Reggaedude|32\/100\n|move|p2a: Reggaedude|Shadow Ball|p1a: Cinderace\n|-damage|p1a: Cinderace|30\/100\n|\n|-heal|p1a: Cinderace|36\/100|[from] Grassy Terrain\n|-heal|p2a: Reggaedude|38\/100|[from] Grassy Terrain\n|upkeep\n|turn|23\n|\n|t:|1700765385\n|move|p1a: Cinderace|U-turn|p2a: Reggaedude\n|-start|p1a: Cinderace|typechange|Bug|[from] ability: Libero\n|-resisted|p2a: Reggaedude\n|-damage|p2a: Reggaedude|25\/100\n|\n|t:|1700765388\n|switch|p1a: Hawlucha|Hawlucha, F|100\/100|[from] U-turn\n|-enditem|p1a: Hawlucha|Grassy Seed\n|-boost|p1a: Hawlucha|def|1|[from] item: Grassy Seed\n|move|p2a: Reggaedude|Recover|p2a: Reggaedude\n|-heal|p2a: Reggaedude|75\/100\n|\n|-heal|p2a: Reggaedude|81\/100|[from] Grassy Terrain\n|-fieldend|move: Grassy Terrain\n|upkeep\n|turn|24\n|\n|t:|1700765397\n|move|p1a: Hawlucha|Swords Dance|p1a: Hawlucha\n|-boost|p1a: Hawlucha|atk|2\n|move|p2a: Reggaedude|Shadow Ball|p1a: Hawlucha\n|-damage|p1a: Hawlucha|17\/100\n|\n|upkeep\n|turn|25\n|\n|t:|1700765403\n|move|p1a: Hawlucha|Acrobatics|p2a: Reggaedude\n|-damage|p2a: Reggaedude|1\/100\n|move|p2a: Reggaedude|Shadow Ball|p1a: Hawlucha\n|-damage|p1a: Hawlucha|0 fnt\n|faint|p1a: Hawlucha\n|\n|upkeep\n|l|\u2606Tay6262\n|inactive|Tay6262 disconnected and has a minute to reconnect!\n|player|p1|\n|c|\u2606Casildo|ur chick weak as fuck\n|inactive|Tay6262 has 30 seconds to reconnect!\n|inactive|Tay6262 has 20 seconds to reconnect!\n|inactive|Tay6262 has 15 seconds to reconnect!\n|inactive|Tay6262 has 10 seconds to reconnect!\n|inactive|Tay6262 has 5 seconds to reconnect!\n|-message|Tay6262 lost due to inactivity.\n|\n|win|Casildo\n|raw|Tay6262's rating: 1192 &rarr; <strong>1171<\/strong><br \/>(-21 for losing)\n|raw|Casildo's rating: 1242 &rarr; <strong>1263<\/strong><br \/>(+21 for winning)\n","uploadtime":1700765415,"views":10,"p1id":"tay6262","p2id":"casildo","formatid":"gen9ou","rating":1171,"private":0,"password":""}