{"id":"gen9ou-1999898088","p1":"JohnnyBoi42","p2":"TheZalmancer","format":"[Gen 9] OU","log":"|j|\u2606JohnnyBoi42\n|j|\u2606TheZalmancer\n|t:|1701127667\n|gametype|singles\n|player|p1|JohnnyBoi42|cynthia-gen4|1442\n|player|p2|TheZalmancer|skyla|1443\n|teamsize|p1|6\n|teamsize|p2|6\n|gen|9\n|tier|[Gen 9] OU\n|rated|\n|rule|Sleep Clause Mod: Limit one foe put to sleep\n|rule|Species Clause: Limit one of each Pok\u00e9mon\n|rule|OHKO Clause: OHKO moves are banned\n|rule|Evasion Items Clause: Evasion items are banned\n|rule|Evasion Moves Clause: Evasion moves are banned\n|rule|Endless Battle Clause: Forcing endless battles is banned\n|rule|HP Percentage Mod: HP is shown in percentages\n|clearpoke\n|poke|p1|Garchomp, M|\n|poke|p1|Dragapult, F|\n|poke|p1|Dragonite, M|\n|poke|p1|Kingambit, M|\n|poke|p1|Corviknight, F|\n|poke|p1|Heatran, F|\n|poke|p2|Ogerpon-Wellspring, F|\n|poke|p2|Ninetales-Alola, F|\n|poke|p2|Corviknight, F|\n|poke|p2|Slowking-Galar, M|\n|poke|p2|Iron Moth|\n|poke|p2|Zamazenta-*|\n|teampreview\n|\n|t:|1701127686\n|start\n|switch|p1a: Dragapult|Dragapult, F|100\/100\n|switch|p2a: Ninetales|Ninetales-Alola, F, shiny|100\/100\n|-weather|Snow|[from] ability: Snow Warning|[of] p2a: Ninetales\n|turn|1\n|inactive|Battle timer is ON: inactive players will automatically lose when time's up. (requested by JohnnyBoi42)\n|\n|t:|1701127692\n|move|p1a: Dragapult|U-turn|p2a: Ninetales\n|-resisted|p2a: Ninetales\n|-damage|p2a: Ninetales|93\/100\n|\n|t:|1701127695\n|switch|p1a: Corviknight|Corviknight, F|100\/100|[from] U-turn\n|move|p2a: Ninetales|Aurora Veil|p2a: Ninetales\n|-sidestart|p2: TheZalmancer|move: Aurora Veil\n|\n|-weather|Snow|[upkeep]\n|upkeep\n|turn|2\n|\n|t:|1701127708\n|switch|p2a: Iron Moth|Iron Moth|100\/100\n|-enditem|p2a: Iron Moth|Booster Energy\n|-activate|p2a: Iron Moth|ability: Quark Drive|[fromitem]\n|-start|p2a: Iron Moth|quarkdrivespe\n|move|p1a: Corviknight|Iron Head|p2a: Iron Moth\n|-resisted|p2a: Iron Moth\n|-damage|p2a: Iron Moth|86\/100\n|\n|-weather|Snow|[upkeep]\n|upkeep\n|turn|3\n|\n|t:|1701127718\n|-end|p2a: Iron Moth|Quark Drive|[silent]\n|switch|p2a: Slowking|Slowking-Galar, M|100\/100\n|switch|p1a: Heatran|Heatran, F|100\/100\n|\n|-weather|Snow|[upkeep]\n|upkeep\n|turn|4\n|\n|t:|1701127727\n|switch|p1a: Kingambit|Kingambit, M|100\/100\n|move|p2a: Slowking|Nasty Plot|p2a: Slowking\n|-boost|p2a: Slowking|spa|2\n|\n|-weather|Snow|[upkeep]\n|upkeep\n|turn|5\n|\n|t:|1701127740\n|-terastallize|p2a: Slowking|Ground\n|move|p1a: Kingambit|Kowtow Cleave|p2a: Slowking\n|-damage|p2a: Slowking|77\/100\n|move|p2a: Slowking|Tera Blast|p1a: Kingambit|[anim] Tera Blast Ground\n|-supereffective|p1a: Kingambit\n|-damage|p1a: Kingambit|0 fnt\n|faint|p1a: Kingambit\n|-end|p1a: Kingambit|fallenundefined|[silent]\n|\n|-weather|none\n|-heal|p2a: Slowking|83\/100|[from] item: Leftovers\n|upkeep\n|\n|t:|1701127761\n|switch|p1a: Corviknight|Corviknight, F|100\/100\n|turn|6\n|\n|t:|1701127767\n|move|p1a: Corviknight|Iron Head|p2a: Slowking\n|-damage|p2a: Slowking|64\/100\n|cant|p2a: Slowking|flinch\n|\n|-heal|p2a: Slowking|70\/100|[from] item: Leftovers\n|upkeep\n|turn|7\n|\n|t:|1701127771\n|move|p1a: Corviknight|Iron Head|p2a: Slowking\n|-damage|p2a: Slowking|52\/100\n|move|p2a: Slowking|Flamethrower|p1a: Corviknight\n|-supereffective|p1a: Corviknight\n|-damage|p1a: Corviknight|0 fnt\n|faint|p1a: Corviknight\n|\n|-heal|p2a: Slowking|58\/100|[from] item: Leftovers\n|upkeep\n|\n|t:|1701127785\n|switch|p1a: Garchomp|Garchomp, M|100\/100\n|turn|8\n|\n|t:|1701127794\n|switch|p2a: Ninetales|Ninetales-Alola, F, shiny|93\/100\n|-weather|Snow|[from] ability: Snow Warning|[of] p2a: Ninetales\n|move|p1a: Garchomp|Swords Dance|p1a: Garchomp\n|-boost|p1a: Garchomp|atk|2\n|\n|-weather|Snow|[upkeep]\n|-sideend|p2: TheZalmancer|move: Aurora Veil\n|upkeep\n|turn|9\n|\n|t:|1701127804\n|-terastallize|p1a: Garchomp|Fire\n|move|p2a: Ninetales|Aurora Veil|p2a: Ninetales\n|-sidestart|p2: TheZalmancer|move: Aurora Veil\n|move|p1a: Garchomp|Fire Fang|p2a: Ninetales\n|-supereffective|p2a: Ninetales\n|-damage|p2a: Ninetales|17\/100\n|-damage|p1a: Garchomp|91\/100|[from] item: Life Orb\n|\n|-weather|Snow|[upkeep]\n|upkeep\n|turn|10\n|\n|t:|1701127819\n|switch|p2a: Slowking|Slowking-Galar, M, tera:Ground|91\/100\n|move|p1a: Garchomp|Fire Fang|p2a: Slowking\n|-damage|p2a: Slowking|48\/100\n|-damage|p1a: Garchomp|81\/100|[from] item: Life Orb\n|\n|-weather|Snow|[upkeep]\n|-heal|p2a: Slowking|54\/100|[from] item: Leftovers\n|upkeep\n|turn|11\n|\n|t:|1701127832\n|move|p1a: Garchomp|Scale Shot|p2a: Slowking|[miss]\n|-miss|p1a: Garchomp|p2a: Slowking\n|move|p2a: Slowking|Tera Blast|p1a: Garchomp|[anim] Tera Blast Ground\n|-supereffective|p1a: Garchomp\n|-damage|p1a: Garchomp|0 fnt\n|faint|p1a: Garchomp\n|\n|-weather|Snow|[upkeep]\n|-heal|p2a: Slowking|60\/100|[from] item: Leftovers\n|upkeep\n|\n|t:|1701127838\n|switch|p1a: Dragapult|Dragapult, F|100\/100\n|turn|12\n|\n|t:|1701127861\n|switch|p2a: Corviknight|Corviknight, F, shiny|100\/100\n|-ability|p2a: Corviknight|Pressure\n|move|p1a: Dragapult|Shadow Ball|p2a: Corviknight\n|-damage|p2a: Corviknight|77\/100\n|-unboost|p2a: Corviknight|spd|1\n|\n|-weather|none\n|-heal|p2a: Corviknight|83\/100|[from] item: Leftovers\n|upkeep\n|turn|13\n|\n|t:|1701127867\n|move|p1a: Dragapult|Shadow Ball|p2a: Corviknight\n|-damage|p2a: Corviknight|50\/100\n|move|p2a: Corviknight|U-turn|p1a: Dragapult\n|-resisted|p1a: Dragapult\n|-damage|p1a: Dragapult|89\/100\n|\n|t:|1701127879\n|switch|p2a: Ogerpon|Ogerpon-Wellspring, F|100\/100|[from] U-turn\n|\n|upkeep\n|turn|14\n|\n|t:|1701127886\n|move|p1a: Dragapult|Shadow Ball|p2a: Ogerpon\n|-damage|p2a: Ogerpon|70\/100\n|-unboost|p2a: Ogerpon|spd|1\n|move|p2a: Ogerpon|Swords Dance|p2a: Ogerpon\n|-boost|p2a: Ogerpon|atk|2\n|\n|upkeep\n|turn|15\n|\n|t:|1701127894\n|move|p1a: Dragapult|Shadow Ball|p2a: Ogerpon\n|-damage|p2a: Ogerpon|26\/100\n|move|p2a: Ogerpon|Horn Leech|p1a: Dragapult\n|-resisted|p1a: Dragapult\n|-crit|p1a: Dragapult\n|-damage|p1a: Dragapult|0 fnt\n|-heal|p2a: Ogerpon|72\/100|[from] drain|[of] p1a: Dragapult\n|faint|p1a: Dragapult\n|\n|upkeep\n|\n|t:|1701127899\n|switch|p1a: Dragonite|Dragonite, M|100\/100\n|turn|16\n|\n|t:|1701127912\n|move|p2a: Ogerpon|Ivy Cudgel|p1a: Dragonite|[anim] Ivy Cudgel Water\n|-resisted|p1a: Dragonite\n|-damage|p1a: Dragonite|72\/100\n|move|p1a: Dragonite|Hurricane|p2a: Ogerpon|[miss]\n|-miss|p1a: Dragonite|p2a: Ogerpon\n|\n|-sideend|p2: TheZalmancer|move: Aurora Veil\n|upkeep\n|turn|17\n|\n|t:|1701127920\n|move|p2a: Ogerpon|Ivy Cudgel|p1a: Dragonite|[anim] Ivy Cudgel Water\n|-resisted|p1a: Dragonite\n|-damage|p1a: Dragonite|17\/100\n|move|p1a: Dragonite|Hurricane|p2a: Ogerpon|[miss]\n|-miss|p1a: Dragonite|p2a: Ogerpon\n|\n|upkeep\n|turn|18\n|\n|t:|1701127927\n|move|p2a: Ogerpon|Ivy Cudgel|p1a: Dragonite|[anim] Ivy Cudgel Water\n|-resisted|p1a: Dragonite\n|-damage|p1a: Dragonite|0 fnt\n|faint|p1a: Dragonite\n|\n|upkeep\n|-message|JohnnyBoi42 forfeited.\n|\n|win|TheZalmancer\n|raw|JohnnyBoi42's rating: 1442 &rarr; <strong>1422<\/strong><br \/>(-20 for losing)\n|raw|TheZalmancer's rating: 1443 &rarr; <strong>1463<\/strong><br \/>(+20 for winning)\n|l|\u2606JohnnyBoi42\n|c|\u2606TheZalmancer|ggs\n|c|\u2606TheZalmancer|loser, deadlyafk is better than you\n","uploadtime":1701127967,"views":5,"p1id":"johnnyboi42","p2id":"thezalmancer","formatid":"gen9ou","rating":1422,"private":0,"password":""}