{"id":"gen9ou-1991499002","p1":"Da noob 6000","p2":"Supierre","format":"[Gen 9] OU","log":"|j|\u203dDa noob 6000\n|j|\u2606Supierre\n|t:|1700082507\n|gametype|singles\n|player|p1|Da noob 6000|riley|1126\n|player|p2|Supierre|brock|1117\n|teamsize|p1|6\n|teamsize|p2|6\n|gen|9\n|tier|[Gen 9] OU\n|rated|\n|rule|Sleep Clause Mod: Limit one foe put to sleep\n|rule|Species Clause: Limit one of each Pok\u00e9mon\n|rule|OHKO Clause: OHKO moves are banned\n|rule|Evasion Items Clause: Evasion items are banned\n|rule|Evasion Moves Clause: Evasion moves are banned\n|rule|Endless Battle Clause: Forcing endless battles is banned\n|rule|HP Percentage Mod: HP is shown in percentages\n|clearpoke\n|poke|p1|Landorus-Therian, M|\n|poke|p1|Skeledirge, M|\n|poke|p1|Blissey, F|\n|poke|p1|Dragonite, M|\n|poke|p1|Alomomola, M|\n|poke|p1|Corviknight, M|\n|poke|p2|Garchomp, M|\n|poke|p2|Quaquaval, M|\n|poke|p2|Graveler-Alola, F|\n|poke|p2|Kleavor, F|\n|poke|p2|Ogerpon, F|\n|poke|p2|Frosmoth, M|\n|teampreview\n|inactive|Battle timer is ON: inactive players will automatically lose when time's up. (requested by Supierre)\n|inactive|Da noob 6000 also wants the timer to be on.\n|\n|t:|1700082513\n|start\n|switch|p1a: Landorus|Landorus-Therian, M|100\/100\n|switch|p2a: Frosmoth|Frosmoth, M, shiny|100\/100\n|-ability|p1a: Landorus|Intimidate|boost\n|-unboost|p2a: Frosmoth|atk|1\n|turn|1\n|\n|t:|1700082521\n|switch|p1a: Skeledirge|Skeledirge, M|100\/100\n|move|p2a: Frosmoth|Quiver Dance|p2a: Frosmoth\n|-boost|p2a: Frosmoth|spa|1\n|-boost|p2a: Frosmoth|spd|1\n|-boost|p2a: Frosmoth|spe|1\n|\n|upkeep\n|turn|2\n|\n|t:|1700082540\n|move|p2a: Frosmoth|Ice Beam|p1a: Skeledirge\n|-resisted|p1a: Skeledirge\n|-damage|p1a: Skeledirge|83\/100\n|move|p1a: Skeledirge|Will-O-Wisp|p2a: Frosmoth\n|-status|p2a: Frosmoth|brn\n|\n|-damage|p2a: Frosmoth|94\/100 brn|[from] brn\n|upkeep\n|turn|3\n|\n|t:|1700082552\n|move|p2a: Frosmoth|Ice Beam|p1a: Skeledirge\n|-resisted|p1a: Skeledirge\n|-damage|p1a: Skeledirge|67\/100\n|move|p1a: Skeledirge|Torch Song|p2a: Frosmoth\n|-supereffective|p2a: Frosmoth\n|-damage|p2a: Frosmoth|0 fnt\n|-boost|p1a: Skeledirge|spa|1\n|faint|p2a: Frosmoth\n|\n|upkeep\n|\n|t:|1700082561\n|switch|p2a: Kleavor|Kleavor, F|100\/100\n|turn|4\n|\n|t:|1700082572\n|switch|p1a: Alomomola|Alomomola, M|100\/100\n|move|p2a: Kleavor|Night Slash|p1a: Alomomola\n|-damage|p1a: Alomomola|72\/100\n|\n|upkeep\n|turn|5\n|\n|t:|1700082578\n|switch|p2a: Ogerpon|Ogerpon, F|100\/100\n|move|p1a: Alomomola|Wish|p1a: Alomomola\n|\n|upkeep\n|turn|6\n|\n|t:|1700082586\n|switch|p1a: Skeledirge|Skeledirge, M|67\/100\n|move|p2a: Ogerpon|Throat Chop|p1a: Skeledirge\n|-supereffective|p1a: Skeledirge\n|-damage|p1a: Skeledirge|25\/100\n|-start|p1a: Skeledirge|Throat Chop|[silent]\n|\n|-heal|p1a: Skeledirge|90\/100|[from] move: Wish|[wisher] Alomomola\n|upkeep\n|turn|7\n|\n|t:|1700082601\n|switch|p2a: Quaquaval|Quaquaval, M|100\/100\n|move|p1a: Skeledirge|Will-O-Wisp|p2a: Quaquaval\n|-status|p2a: Quaquaval|brn\n|\n|-damage|p2a: Quaquaval|94\/100 brn|[from] brn\n|-end|p1a: Skeledirge|Throat Chop|[silent]\n|upkeep\n|turn|8\n|\n|t:|1700082616\n|switch|p2a: Garchomp|Garchomp, M|100\/100\n|switch|p1a: Corviknight|Corviknight, M|100\/100\n|\n|upkeep\n|turn|9\n|\n|t:|1700082624\n|move|p2a: Garchomp|Swords Dance|p2a: Garchomp\n|-boost|p2a: Garchomp|atk|2\n|move|p1a: Corviknight|U-turn|p2a: Garchomp\n|-damage|p2a: Garchomp|86\/100\n|-damage|p1a: Corviknight|88\/100|[from] ability: Rough Skin|[of] p2a: Garchomp\n|\n|t:|1700082630\n|switch|p1a: Skeledirge|Skeledirge, M|90\/100|[from] U-turn\n|\n|upkeep\n|turn|10\n|\n|t:|1700082637\n|-terastallize|p1a: Skeledirge|Fairy\n|move|p2a: Garchomp|Earthquake|p1a: Skeledirge\n|-damage|p1a: Skeledirge|50\/100\n|move|p1a: Skeledirge|Will-O-Wisp|p2a: Garchomp|[miss]\n|-miss|p1a: Skeledirge|p2a: Garchomp\n|\n|upkeep\n|turn|11\n|\n|t:|1700082644\n|move|p2a: Garchomp|Iron Head|p1a: Skeledirge\n|-supereffective|p1a: Skeledirge\n|-damage|p1a: Skeledirge|3\/100\n|move|p1a: Skeledirge|Will-O-Wisp|p2a: Garchomp\n|-status|p2a: Garchomp|brn\n|-enditem|p2a: Garchomp|Lum Berry|[eat]\n|-curestatus|p2a: Garchomp|brn|[msg]\n|\n|upkeep\n|turn|12\n|\n|t:|1700082651\n|move|p2a: Garchomp|Iron Head|p1a: Skeledirge\n|-supereffective|p1a: Skeledirge\n|-damage|p1a: Skeledirge|0 fnt\n|faint|p1a: Skeledirge\n|\n|upkeep\n|\n|t:|1700082655\n|switch|p1a: Dragonite|Dragonite, M|100\/100\n|turn|13\n|\n|t:|1700082659\n|move|p2a: Garchomp|Scale Shot|p1a: Dragonite\n|-supereffective|p1a: Dragonite\n|-damage|p1a: Dragonite|71\/100\n|-supereffective|p1a: Dragonite\n|-damage|p1a: Dragonite|11\/100\n|-supereffective|p1a: Dragonite\n|-damage|p1a: Dragonite|0 fnt\n|faint|p1a: Dragonite\n|-hitcount|p1: Dragonite|3\n|-unboost|p2a: Garchomp|def|1\n|-boost|p2a: Garchomp|spe|1\n|\n|upkeep\n|-message|Da noob 6000 forfeited.\n|\n|win|Supierre\n|raw|Da noob 6000's rating: 1126 &rarr; <strong>1100<\/strong><br \/>(-26 for losing)\n|raw|Supierre's rating: 1117 &rarr; <strong>1143<\/strong><br \/>(+26 for winning)\n|l|\u203dDa noob 6000\n","uploadtime":1700082672,"views":15,"p1id":"danoob6000","p2id":"supierre","formatid":"gen9ou","rating":1100,"private":0,"password":""}