{"id":"gen9ou-1997492077","p1":"Chabbott918","p2":"Multiscale Tusk 69","format":"[Gen 9] OU","log":"|j|\u2606Chabbott918\n|j|\u2606Multiscale Tusk 69\n|t:|1700814738\n|gametype|singles\n|player|p1|Chabbott918|raifort|1478\n|player|p2|Multiscale Tusk 69|biker-gen4|1384\n|teamsize|p1|6\n|teamsize|p2|6\n|gen|9\n|tier|[Gen 9] OU\n|rated|\n|rule|Sleep Clause Mod: Limit one foe put to sleep\n|rule|Species Clause: Limit one of each Pok\u00e9mon\n|rule|OHKO Clause: OHKO moves are banned\n|rule|Evasion Items Clause: Evasion items are banned\n|rule|Evasion Moves Clause: Evasion moves are banned\n|rule|Endless Battle Clause: Forcing endless battles is banned\n|rule|HP Percentage Mod: HP is shown in percentages\n|clearpoke\n|poke|p1|Hatterene, F|\n|poke|p1|Corviknight, M|\n|poke|p1|Garchomp, M|\n|poke|p1|Greninja-*, M|\n|poke|p1|Iron Moth|\n|poke|p1|Breloom, M|\n|poke|p2|Ninetales-Alola, F|\n|poke|p2|Iron Moth|\n|poke|p2|Kingambit, F|\n|poke|p2|Ogerpon-Wellspring, F|\n|poke|p2|Dragonite, M|\n|poke|p2|Zamazenta-*|\n|teampreview\n|\n|t:|1700814761\n|start\n|switch|p1a: Corviknight|Corviknight, M|100\/100\n|switch|p2a: Freezing Sun|Iron Moth|100\/100\n|-ability|p1a: Corviknight|Pressure\n|-enditem|p2a: Freezing Sun|Booster Energy\n|-activate|p2a: Freezing Sun|ability: Quark Drive|[fromitem]\n|-start|p2a: Freezing Sun|quarkdrivespe\n|turn|1\n|inactive|Battle timer is ON: inactive players will automatically lose when time's up. (requested by Multiscale Tusk 69)\n|\n|t:|1700814766\n|move|p2a: Freezing Sun|Fiery Dance|p1a: Corviknight\n|-supereffective|p1a: Corviknight\n|-damage|p1a: Corviknight|45\/100\n|move|p1a: Corviknight|Light Screen|p1a: Corviknight\n|-sidestart|p1: Chabbott918|move: Light Screen\n|\n|upkeep\n|turn|2\n|\n|t:|1700814772\n|switch|p1a: Garchomp|Garchomp, M|100\/100\n|move|p2a: Freezing Sun|Substitute|p2a: Freezing Sun\n|-start|p2a: Freezing Sun|Substitute\n|-damage|p2a: Freezing Sun|76\/100\n|\n|upkeep\n|turn|3\n|\n|t:|1700814775\n|move|p2a: Freezing Sun|Fiery Dance|p1a: Garchomp\n|-resisted|p1a: Garchomp\n|-crit|p1a: Garchomp\n|-damage|p1a: Garchomp|70\/100\n|move|p1a: Garchomp|Swords Dance|p1a: Garchomp\n|-boost|p1a: Garchomp|atk|2\n|\n|upkeep\n|turn|4\n|\n|t:|1700814779\n|move|p2a: Freezing Sun|Fiery Dance|p1a: Garchomp\n|-resisted|p1a: Garchomp\n|-damage|p1a: Garchomp|58\/100\n|-boost|p2a: Freezing Sun|spa|1\n|move|p1a: Garchomp|Scale Shot|p2a: Freezing Sun\n|-end|p2a: Freezing Sun|Substitute\n|-damage|p2a: Freezing Sun|38\/100\n|-damage|p2a: Freezing Sun|0 fnt\n|faint|p2a: Freezing Sun\n|-end|p2a: Freezing Sun|Quark Drive|[silent]\n|-hitcount|p2: Freezing Sun|3\n|-unboost|p1a: Garchomp|def|1\n|-boost|p1a: Garchomp|spe|1\n|\n|upkeep\n|\n|t:|1700814783\n|switch|p2a: Burney|Dragonite, M|100\/100\n|turn|5\n|\n|t:|1700814791\n|switch|p2a: 69tales|Ninetales-Alola, F|100\/100\n|-weather|Snow|[from] ability: Snow Warning|[of] p2a: 69tales\n|move|p1a: Garchomp|Scale Shot|p2a: 69tales\n|-immune|p2a: 69tales\n|\n|-weather|Snow|[upkeep]\n|upkeep\n|turn|6\n|\n|t:|1700814796\n|move|p1a: Garchomp|Fire Fang|p2a: 69tales\n|-supereffective|p2a: 69tales\n|-damage|p2a: 69tales|27\/100\n|move|p2a: 69tales|Freeze-Dry|p1a: Garchomp\n|-supereffective|p1a: Garchomp\n|-damage|p1a: Garchomp|14\/100\n|\n|-weather|Snow|[upkeep]\n|upkeep\n|turn|7\n|\n|t:|1700814803\n|move|p1a: Garchomp|Earthquake|p2a: 69tales\n|-damage|p2a: 69tales|0 fnt\n|faint|p2a: 69tales\n|\n|-weather|Snow|[upkeep]\n|upkeep\n|\n|t:|1700814810\n|switch|p2a: GAMBIT SWITCHIN|Zamazenta|100\/100\n|-ability|p2a: GAMBIT SWITCHIN|Dauntless Shield|boost\n|-boost|p2a: GAMBIT SWITCHIN|def|1\n|turn|8\n|\n|t:|1700814820\n|move|p1a: Garchomp|Scale Shot|p2a: GAMBIT SWITCHIN\n|-damage|p2a: GAMBIT SWITCHIN|90\/100\n|-damage|p2a: GAMBIT SWITCHIN|78\/100\n|-damage|p2a: GAMBIT SWITCHIN|67\/100\n|-crit|p2a: GAMBIT SWITCHIN\n|-damage|p2a: GAMBIT SWITCHIN|41\/100\n|-damage|p2a: GAMBIT SWITCHIN|29\/100\n|-hitcount|p2a: GAMBIT SWITCHIN|5\n|-unboost|p1a: Garchomp|def|1\n|-boost|p1a: Garchomp|spe|1\n|move|p2a: GAMBIT SWITCHIN|Iron Defense|p2a: GAMBIT SWITCHIN\n|-boost|p2a: GAMBIT SWITCHIN|def|2\n|\n|-weather|Snow|[upkeep]\n|-heal|p2a: GAMBIT SWITCHIN|35\/100|[from] item: Leftovers\n|-sideend|p1: Chabbott918|move: Light Screen\n|upkeep\n|turn|9\n|c|\u2606Multiscale Tusk 69|holy mam\n|c|\u2606Multiscale Tusk 69|a\n|\n|t:|1700814830\n|move|p1a: Garchomp|Scale Shot|p2a: GAMBIT SWITCHIN\n|-damage|p2a: GAMBIT SWITCHIN|29\/100\n|-damage|p2a: GAMBIT SWITCHIN|22\/100\n|-damage|p2a: GAMBIT SWITCHIN|15\/100\n|-crit|p2a: GAMBIT SWITCHIN\n|-damage|p2a: GAMBIT SWITCHIN|0 fnt\n|faint|p2a: GAMBIT SWITCHIN\n|-hitcount|p2: GAMBIT SWITCHIN|4\n|-unboost|p1a: Garchomp|def|1\n|-boost|p1a: Garchomp|spe|1\n|\n|-weather|none\n|upkeep\n|c|\u2606Multiscale Tusk 69|gambler\n|\n|t:|1700814841\n|switch|p2a: Rigged Suspect|Kingambit, F|100\/100\n|-activate|p2a: Rigged Suspect|ability: Supreme Overlord\n|-start|p2a: Rigged Suspect|fallen3|[silent]\n|turn|10\n|\n|t:|1700814846\n|move|p2a: Rigged Suspect|Sucker Punch|p1a: Garchomp\n|-damage|p1a: Garchomp|0 fnt\n|-damage|p2a: Rigged Suspect|88\/100|[from] ability: Rough Skin|[of] p1a: Garchomp\n|faint|p1a: Garchomp\n|\n|-heal|p2a: Rigged Suspect|94\/100|[from] item: Leftovers\n|upkeep\n|\n|t:|1700814848\n|switch|p1a: Breloom|Breloom, M, shiny|100\/100\n|turn|11\n|inactive|Multiscale Tusk 69 has 120 seconds left.\n|\n|t:|1700814886\n|-end|p2a: Rigged Suspect|fallen3|[silent]\n|switch|p2a: It's Oger|Ogerpon-Wellspring, F|100\/100\n|move|p1a: Breloom|Spore|p2a: It's Oger\n|-immune|p2a: It's Oger\n|\n|-status|p1a: Breloom|tox|[from] item: Toxic Orb\n|upkeep\n|turn|12\n|\n|t:|1700814894\n|switch|p1a: Corviknight|Corviknight, M|45\/100\n|-ability|p1a: Corviknight|Pressure\n|move|p2a: It's Oger|Encore||[still]\n|-fail|p2a: It's Oger\n|\n|upkeep\n|turn|13\n|inactive|Multiscale Tusk 69 has 120 seconds left.\n|inactive|Multiscale Tusk 69 has 90 seconds left.\n|\n|t:|1700814959\n|move|p2a: It's Oger|Ivy Cudgel|p1a: Corviknight|[anim] Ivy Cudgel Water\n|-damage|p1a: Corviknight|0 fnt\n|faint|p1a: Corviknight\n|\n|upkeep\n|\n|t:|1700814973\n|switch|p1a: Iron Moth|Iron Moth|100\/100\n|-enditem|p1a: Iron Moth|Booster Energy\n|-activate|p1a: Iron Moth|ability: Quark Drive|[fromitem]\n|-start|p1a: Iron Moth|quarkdrivespa\n|turn|14\n|\n|t:|1700814982\n|switch|p2a: Burney|Dragonite, M|100\/100\n|move|p1a: Iron Moth|Discharge|p2a: Burney\n|-damage|p2a: Burney|83\/100\n|\n|upkeep\n|turn|15\n|inactive|Multiscale Tusk 69 has 90 seconds left.\n|\n|t:|1700814987\n|move|p1a: Iron Moth|Discharge|p2a: Burney\n|-damage|p2a: Burney|48\/100\n|-status|p2a: Burney|par\n|move|p2a: Burney|Dragon Dance|p2a: Burney\n|-boost|p2a: Burney|atk|1\n|-boost|p2a: Burney|spe|1\n|\n|upkeep\n|turn|16\n|\n|t:|1700814993\n|move|p1a: Iron Moth|Sludge Wave|p2a: Burney\n|-damage|p2a: Burney|0 fnt\n|faint|p2a: Burney\n|\n|upkeep\n|\n|t:|1700814996\n|switch|p2a: Rigged Suspect|Kingambit, F|94\/100\n|-activate|p2a: Rigged Suspect|ability: Supreme Overlord\n|-start|p2a: Rigged Suspect|fallen4|[silent]\n|turn|17\n|\n|t:|1700815005\n|-terastallize|p2a: Rigged Suspect|Fairy\n|move|p1a: Iron Moth|Fiery Dance|p2a: Rigged Suspect\n|-damage|p2a: Rigged Suspect|43\/100\n|move|p2a: Rigged Suspect|Swords Dance|p2a: Rigged Suspect\n|-boost|p2a: Rigged Suspect|atk|2\n|\n|-heal|p2a: Rigged Suspect|49\/100|[from] item: Leftovers\n|upkeep\n|turn|18\n|\n|t:|1700815011\n|move|p2a: Rigged Suspect|Sucker Punch|p1a: Iron Moth\n|-damage|p1a: Iron Moth|0 fnt\n|faint|p1a: Iron Moth\n|-end|p1a: Iron Moth|Quark Drive|[silent]\n|\n|-heal|p2a: Rigged Suspect|55\/100|[from] item: Leftovers\n|upkeep\n|\n|t:|1700815013\n|switch|p1a: Breloom|Breloom, M, shiny|100\/100 tox\n|turn|19\n|inactive|Multiscale Tusk 69 has 120 seconds left.\n|\n|t:|1700815047\n|-end|p2a: Rigged Suspect|fallen4|[silent]\n|switch|p2a: It's Oger|Ogerpon-Wellspring, F|100\/100\n|move|p1a: Breloom|Substitute|p1a: Breloom\n|-start|p1a: Breloom|Substitute\n|-damage|p1a: Breloom|76\/100 tox\n|\n|-heal|p1a: Breloom|88\/100 tox|[from] ability: Poison Heal\n|upkeep\n|turn|20\n|\n|t:|1700815053\n|-singleturn|p1a: Breloom|move: Focus Punch\n|move|p2a: It's Oger|Encore|p1a: Breloom\n|-start|p1a: Breloom|Encore\n|move|p1a: Breloom|Substitute|p1a: Breloom\n|-fail|p1a: Breloom|move: Substitute\n|\n|-heal|p1a: Breloom|99\/100 tox|[from] ability: Poison Heal\n|upkeep\n|turn|21\n|inactive|Multiscale Tusk 69 has 120 seconds left.\n|c|\u2606Multiscale Tusk 69|whoa\n|inactive|Multiscale Tusk 69 has 90 seconds left.\n|\n|t:|1700815097\n|switch|p1a: Greninja|Greninja, M, shiny|100\/100\n|move|p2a: It's Oger|Swords Dance|p2a: It's Oger\n|-boost|p2a: It's Oger|atk|2\n|\n|upkeep\n|turn|22\n|j| Too Many Caps\n|\n|t:|1700815110\n|move|p1a: Greninja|Dark Pulse|p2a: It's Oger\n|-start|p1a: Greninja|typechange|Dark|[from] ability: Protean\n|-damage|p2a: It's Oger|36\/100\n|move|p2a: It's Oger|Horn Leech|p1a: Greninja\n|-damage|p1a: Greninja|0 fnt\n|-heal|p2a: It's Oger|83\/100|[from] drain|[of] p1a: Greninja\n|faint|p1a: Greninja\n|\n|upkeep\n|\n|t:|1700815119\n|switch|p1a: Hatterene|Hatterene, F|100\/100\n|turn|23\n|\n|t:|1700815122\n|-terastallize|p1a: Hatterene|Water\n|move|p2a: It's Oger|Ivy Cudgel|p1a: Hatterene|[anim] Ivy Cudgel Water\n|-resisted|p1a: Hatterene\n|-damage|p1a: Hatterene|50\/100\n|move|p1a: Hatterene|Nuzzle|p2a: It's Oger\n|-damage|p2a: It's Oger|79\/100\n|-status|p2a: It's Oger|par\n|\n|-heal|p1a: Hatterene|56\/100|[from] item: Leftovers\n|upkeep\n|turn|24\n|\n|t:|1700815128\n|cant|p2a: It's Oger|par\n|move|p1a: Hatterene|Draining Kiss|p2a: It's Oger\n|-damage|p2a: It's Oger|54\/100 par\n|-heal|p1a: Hatterene|74\/100|[from] drain|[of] p2a: It's Oger\n|\n|-heal|p1a: Hatterene|80\/100|[from] item: Leftovers\n|upkeep\n|turn|25\n|\n|t:|1700815131\n|move|p2a: It's Oger|Horn Leech|p1a: Hatterene\n|-supereffective|p1a: Hatterene\n|-damage|p1a: Hatterene|0 fnt\n|-heal|p2a: It's Oger|96\/100 par|[from] drain|[of] p1a: Hatterene\n|faint|p1a: Hatterene\n|\n|upkeep\n|\n|t:|1700815133\n|switch|p1a: Breloom|Breloom, M, shiny|99\/100 tox\n|turn|26\n|\n|t:|1700815136\n|move|p1a: Breloom|Substitute|p1a: Breloom\n|-start|p1a: Breloom|Substitute\n|-damage|p1a: Breloom|75\/100 tox\n|move|p2a: It's Oger|Ivy Cudgel|p1a: Breloom|[anim] Ivy Cudgel Water\n|-resisted|p1a: Breloom\n|-end|p1a: Breloom|Substitute\n|\n|-heal|p1a: Breloom|88\/100 tox|[from] ability: Poison Heal\n|upkeep\n|turn|27\n|\n|t:|1700815141\n|-singleturn|p1a: Breloom|move: Focus Punch\n|move|p2a: It's Oger|Encore|p1a: Breloom\n|-start|p1a: Breloom|Encore\n|move|p1a: Breloom|Substitute|p1a: Breloom\n|-start|p1a: Breloom|Substitute\n|-damage|p1a: Breloom|63\/100 tox\n|\n|-heal|p1a: Breloom|75\/100 tox|[from] ability: Poison Heal\n|upkeep\n|turn|28\n|\n|t:|1700815145\n|move|p1a: Breloom|Substitute|p1a: Breloom\n|-fail|p1a: Breloom|move: Substitute\n|move|p2a: It's Oger|Ivy Cudgel|p1a: Breloom|[anim] Ivy Cudgel Water\n|-resisted|p1a: Breloom\n|-end|p1a: Breloom|Substitute\n|\n|-heal|p1a: Breloom|87\/100 tox|[from] ability: Poison Heal\n|upkeep\n|turn|29\n|\n|t:|1700815147\n|move|p1a: Breloom|Substitute|p1a: Breloom\n|-start|p1a: Breloom|Substitute\n|-damage|p1a: Breloom|62\/100 tox\n|move|p2a: It's Oger|Ivy Cudgel|p1a: Breloom|[anim] Ivy Cudgel Water\n|-resisted|p1a: Breloom\n|-end|p1a: Breloom|Substitute\n|\n|-heal|p1a: Breloom|75\/100 tox|[from] ability: Poison Heal\n|-end|p1a: Breloom|Encore\n|upkeep\n|turn|30\n|\n|t:|1700815149\n|move|p1a: Breloom|Substitute|p1a: Breloom\n|-start|p1a: Breloom|Substitute\n|-damage|p1a: Breloom|50\/100 tox\n|move|p2a: It's Oger|Ivy Cudgel|p1a: Breloom|[anim] Ivy Cudgel Water\n|-resisted|p1a: Breloom\n|-end|p1a: Breloom|Substitute\n|\n|-heal|p1a: Breloom|62\/100 tox|[from] ability: Poison Heal\n|upkeep\n|turn|31\n|\n|t:|1700815158\n|-singleturn|p1a: Breloom|move: Focus Punch\n|move|p2a: It's Oger|Encore|p1a: Breloom\n|-start|p1a: Breloom|Encore\n|move|p1a: Breloom|Substitute|p1a: Breloom\n|-start|p1a: Breloom|Substitute\n|-damage|p1a: Breloom|37\/100 tox\n|\n|-heal|p1a: Breloom|49\/100 tox|[from] ability: Poison Heal\n|upkeep\n|turn|32\n|\n|t:|1700815164\n|move|p1a: Breloom|Substitute|p1a: Breloom\n|-fail|p1a: Breloom|move: Substitute\n|move|p2a: It's Oger|Ivy Cudgel|p1a: Breloom|[anim] Ivy Cudgel Water\n|-resisted|p1a: Breloom\n|-end|p1a: Breloom|Substitute\n|\n|-heal|p1a: Breloom|62\/100 tox|[from] ability: Poison Heal\n|upkeep\n|turn|33\n|\n|t:|1700815168\n|move|p1a: Breloom|Substitute|p1a: Breloom\n|-start|p1a: Breloom|Substitute\n|-damage|p1a: Breloom|37\/100 tox\n|move|p2a: It's Oger|Ivy Cudgel|p1a: Breloom|[anim] Ivy Cudgel Water\n|-resisted|p1a: Breloom\n|-end|p1a: Breloom|Substitute\n|\n|-heal|p1a: Breloom|49\/100 tox|[from] ability: Poison Heal\n|-end|p1a: Breloom|Encore\n|upkeep\n|turn|34\n|\n|t:|1700815172\n|-singleturn|p1a: Breloom|move: Focus Punch\n|cant|p2a: It's Oger|par\n|move|p1a: Breloom|Focus Punch|p2a: It's Oger\n|-damage|p2a: It's Oger|0 fnt\n|faint|p2a: It's Oger\n|\n|-heal|p1a: Breloom|61\/100 tox|[from] ability: Poison Heal\n|upkeep\n|c|\u2606Multiscale Tusk 69|ofc\n|c|\u2606Multiscale Tusk 69|of FUCKING course\n|\n|t:|1700815185\n|switch|p2a: Rigged Suspect|Kingambit, F, tera:Fairy|55\/100\n|-activate|p2a: Rigged Suspect|ability: Supreme Overlord\n|-start|p2a: Rigged Suspect|fallen5|[silent]\n|turn|35\n|\n|t:|1700815207\n|move|p1a: Breloom|Spore|p2a: Rigged Suspect\n|-status|p2a: Rigged Suspect|slp|[from] move: Spore\n|cant|p2a: Rigged Suspect|slp\n|\n|-heal|p2a: Rigged Suspect|61\/100 slp|[from] item: Leftovers\n|-heal|p1a: Breloom|73\/100 tox|[from] ability: Poison Heal\n|upkeep\n|turn|36\n|\n|t:|1700815210\n|move|p1a: Breloom|Substitute|p1a: Breloom\n|-start|p1a: Breloom|Substitute\n|-damage|p1a: Breloom|49\/100 tox\n|cant|p2a: Rigged Suspect|slp\n|\n|-heal|p2a: Rigged Suspect|67\/100 slp|[from] item: Leftovers\n|-heal|p1a: Breloom|61\/100 tox|[from] ability: Poison Heal\n|upkeep\n|turn|37\n|\n|t:|1700815216\n|-singleturn|p1a: Breloom|move: Focus Punch\n|cant|p2a: Rigged Suspect|slp\n|move|p1a: Breloom|Focus Punch|p2a: Rigged Suspect\n|-resisted|p2a: Rigged Suspect\n|-damage|p2a: Rigged Suspect|40\/100 slp\n|\n|-heal|p2a: Rigged Suspect|46\/100 slp|[from] item: Leftovers\n|-heal|p1a: Breloom|73\/100 tox|[from] ability: Poison Heal\n|upkeep\n|turn|38\n|\n|t:|1700815222\n|-singleturn|p1a: Breloom|move: Focus Punch\n|-curestatus|p2a: Rigged Suspect|slp|[msg]\n|move|p2a: Rigged Suspect|Tera Blast|p1a: Breloom|[anim] Tera Blast Fairy\n|-supereffective|p1a: Breloom\n|-end|p1a: Breloom|Substitute\n|move|p1a: Breloom|Focus Punch|p2a: Rigged Suspect\n|-resisted|p2a: Rigged Suspect\n|-crit|p2a: Rigged Suspect\n|-damage|p2a: Rigged Suspect|4\/100\n|\n|-heal|p2a: Rigged Suspect|11\/100|[from] item: Leftovers\n|-heal|p1a: Breloom|85\/100 tox|[from] ability: Poison Heal\n|upkeep\n|turn|39\n|\n|t:|1700815227\n|move|p2a: Rigged Suspect|Sucker Punch||[still]\n|-fail|p2a: Rigged Suspect\n|move|p1a: Breloom|Spore|p2a: Rigged Suspect\n|-status|p2a: Rigged Suspect|slp|[from] move: Spore\n|\n|-heal|p2a: Rigged Suspect|17\/100 slp|[from] item: Leftovers\n|-heal|p1a: Breloom|97\/100 tox|[from] ability: Poison Heal\n|upkeep\n|turn|40\n|-message|Multiscale Tusk 69 forfeited.\n|\n|win|Chabbott918\n|raw|Chabbott918's rating: 1478 &rarr; <strong>1493<\/strong><br \/>(+15 for winning)\n|raw|Multiscale Tusk 69's rating: 1384 &rarr; <strong>1369<\/strong><br \/>(-15 for losing)\n|l|\u2606Chabbott918\n|l| Too Many Caps\n","uploadtime":1700815246,"views":17,"p1id":"chabbott918","p2id":"multiscaletusk69","formatid":"gen9ou","rating":1369,"private":0,"password":""}