{"id":"gen9ou-1992066436","p1":"Saagii","p2":"sir sardou","format":"[Gen 9] OU","log":"|j|\u2606Saagii\n|j|\u2606sir sardou\n|t:|1700152255\n|gametype|singles\n|player|p1|Saagii|gardenia|1309\n|player|p2|sir sardou|veteran|1398\n|teamsize|p1|6\n|teamsize|p2|6\n|gen|9\n|tier|[Gen 9] OU\n|rated|\n|rule|Sleep Clause Mod: Limit one foe put to sleep\n|rule|Species Clause: Limit one of each Pok\u00e9mon\n|rule|OHKO Clause: OHKO moves are banned\n|rule|Evasion Items Clause: Evasion items are banned\n|rule|Evasion Moves Clause: Evasion moves are banned\n|rule|Endless Battle Clause: Forcing endless battles is banned\n|rule|HP Percentage Mod: HP is shown in percentages\n|clearpoke\n|poke|p1|Yanmega, M|\n|poke|p1|Vikavolt, M|\n|poke|p1|Dragapult, M|\n|poke|p1|Alomomola, F|\n|poke|p1|Iron Treads|\n|poke|p1|Heatran, F|\n|poke|p2|Glimmora, M|\n|poke|p2|Greninja-*, M|\n|poke|p2|Iron Valiant|\n|poke|p2|Zamazenta-*|\n|poke|p2|Zapdos|\n|poke|p2|Great Tusk|\n|teampreview\n|c|\u2606Saagii|Gl hf\n|c|\u2606sir sardou|too\n|\n|t:|1700152273\n|start\n|switch|p1a: Vikavolt|Vikavolt, M|100\/100\n|switch|p2a: Glimmora|Glimmora, M|100\/100\n|turn|1\n|\n|t:|1700152277\n|move|p2a: Glimmora|Stealth Rock|p1a: Vikavolt\n|-sidestart|p1: Saagii|move: Stealth Rock\n|move|p1a: Vikavolt|Volt Switch|p2a: Glimmora\n|-damage|p2a: Glimmora|53\/100\n|\n|t:|1700152282\n|switch|p1a: Iron Treads|Iron Treads|100\/100|[from] Volt Switch\n|\n|upkeep\n|turn|2\n|\n|t:|1700152291\n|-terastallize|p2a: Glimmora|Flying\n|move|p1a: Iron Treads|Rapid Spin|p2a: Glimmora\n|-damage|p2a: Glimmora|37\/100\n|-boost|p1a: Iron Treads|spe|1\n|-activate|p2a: Glimmora|ability: Toxic Debris\n|-sidestart|p1: Saagii|move: Toxic Spikes\n|-sideend|p1: Saagii|Toxic Spikes|[from] move: Rapid Spin|[of] p1a: Iron Treads\n|-sideend|p1: Saagii|Stealth Rock|[from] move: Rapid Spin|[of] p1a: Iron Treads\n|move|p2a: Glimmora|Earth Power|p1a: Iron Treads\n|-supereffective|p1a: Iron Treads\n|-damage|p1a: Iron Treads|27\/100\n|\n|upkeep\n|turn|3\n|\n|t:|1700152302\n|move|p1a: Iron Treads|Volt Switch|p2a: Glimmora\n|-supereffective|p2a: Glimmora\n|-damage|p2a: Glimmora|8\/100\n|\n|t:|1700152313\n|-end|p1a: Iron Treads|Quark Drive|[silent]\n|switch|p1a: Yanmega|Yanmega, M|100\/100|[from] Volt Switch\n|move|p2a: Glimmora|Earth Power|p1a: Yanmega\n|-immune|p1a: Yanmega\n|\n|upkeep\n|turn|4\n|\n|t:|1700152329\n|move|p2a: Glimmora|Stealth Rock|p1a: Yanmega\n|-sidestart|p1: Saagii|move: Stealth Rock\n|move|p1a: Yanmega|Shadow Ball|p2a: Glimmora\n|-damage|p2a: Glimmora|0 fnt\n|faint|p2a: Glimmora\n|-damage|p1a: Yanmega|91\/100|[from] item: Life Orb\n|\n|-ability|p1a: Yanmega|Speed Boost|boost\n|-boost|p1a: Yanmega|spe|1\n|upkeep\n|\n|t:|1700152335\n|switch|p2a: Zapdos|Zapdos|100\/100\n|turn|5\n|\n|t:|1700152343\n|switch|p1a: Vikavolt|Vikavolt, M|100\/100\n|move|p2a: Zapdos|Hurricane|p1a: Vikavolt\n|-damage|p1a: Vikavolt|45\/100\n|\n|upkeep\n|turn|6\n|\n|t:|1700152351\n|switch|p1a: Heatran|Heatran, F|100\/100\n|-damage|p1a: Heatran|88\/100|[from] Stealth Rock\n|-item|p1a: Heatran|Air Balloon\n|move|p2a: Zapdos|Heat Wave|p1a: Heatran\n|-start|p1a: Heatran|ability: Flash Fire\n|\n|upkeep\n|turn|7\n|\n|t:|1700152361\n|move|p2a: Zapdos|Volt Switch|p1a: Heatran\n|-damage|p1a: Heatran|61\/100\n|-enditem|p1a: Heatran|Air Balloon\n|\n|t:|1700152369\n|switch|p2a: Great Tusk|Great Tusk|100\/100|[from] Volt Switch\n|move|p1a: Heatran|Magma Storm|p2a: Great Tusk\n|-damage|p2a: Great Tusk|0 fnt\n|faint|p2a: Great Tusk\n|-end|p2a: Great Tusk|Protosynthesis|[silent]\n|\n|upkeep\n|\n|t:|1700152374\n|switch|p2a: Greninja|Greninja, M|100\/100\n|turn|8\n|\n|t:|1700152380\n|-end|p1a: Heatran|ability: Flash Fire|[silent]\n|switch|p1a: Alomomola|Alomomola, F|100\/100\n|-damage|p1a: Alomomola|88\/100|[from] Stealth Rock\n|move|p2a: Greninja|Gunk Shot|p1a: Alomomola\n|-damage|p1a: Alomomola|67\/100\n|-damage|p2a: Greninja|91\/100|[from] item: Life Orb\n|\n|upkeep\n|turn|9\n|\n|t:|1700152390\n|move|p2a: Greninja|Dark Pulse|p1a: Alomomola\n|-damage|p1a: Alomomola|33\/100\n|-damage|p2a: Greninja|81\/100|[from] item: Life Orb\n|move|p1a: Alomomola|Flip Turn|p2a: Greninja\n|-resisted|p2a: Greninja\n|-damage|p2a: Greninja|67\/100\n|\n|t:|1700152398\n|switch|p1a: Dragapult|Dragapult, M|100\/100|[from] Flip Turn\n|\n|upkeep\n|turn|10\n|\n|t:|1700152405\n|move|p1a: Dragapult|U-turn|p2a: Greninja\n|-supereffective|p2a: Greninja\n|-damage|p2a: Greninja|0 fnt\n|faint|p2a: Greninja\n|\n|t:|1700152413\n|switch|p1a: Iron Treads|Iron Treads|27\/100|[from] U-turn\n|\n|upkeep\n|\n|t:|1700152420\n|switch|p2a: Zamazenta|Zamazenta|100\/100\n|-ability|p2a: Zamazenta|Dauntless Shield|boost\n|-boost|p2a: Zamazenta|def|1\n|turn|11\n|\n|t:|1700152424\n|-end|p1a: Iron Treads|Quark Drive|[silent]\n|switch|p1a: Dragapult|Dragapult, M|100\/100\n|move|p2a: Zamazenta|Iron Defense|p2a: Zamazenta\n|-boost|p2a: Zamazenta|def|2\n|\n|upkeep\n|turn|12\n|\n|t:|1700152429\n|move|p1a: Dragapult|Will-O-Wisp|p2a: Zamazenta\n|-status|p2a: Zamazenta|brn\n|move|p2a: Zamazenta|Crunch|p1a: Dragapult\n|-supereffective|p1a: Dragapult\n|-damage|p1a: Dragapult|71\/100\n|-unboost|p1a: Dragapult|def|1\n|\n|-damage|p2a: Zamazenta|94\/100 brn|[from] brn\n|upkeep\n|turn|13\n|\n|t:|1700152435\n|move|p1a: Dragapult|U-turn|p2a: Zamazenta\n|-resisted|p2a: Zamazenta\n|-damage|p2a: Zamazenta|91\/100 brn\n|\n|t:|1700152437\n|switch|p1a: Alomomola|Alomomola, F|66\/100|[from] U-turn\n|-damage|p1a: Alomomola|53\/100|[from] Stealth Rock\n|move|p2a: Zamazenta|Substitute|p2a: Zamazenta\n|-start|p2a: Zamazenta|Substitute\n|-damage|p2a: Zamazenta|66\/100 brn\n|\n|-heal|p2a: Zamazenta|72\/100 brn|[from] item: Leftovers\n|-damage|p2a: Zamazenta|66\/100 brn|[from] brn\n|upkeep\n|turn|14\n|\n|t:|1700152444\n|move|p2a: Zamazenta|Iron Defense|p2a: Zamazenta\n|-boost|p2a: Zamazenta|def|2\n|move|p1a: Alomomola|Wish|p1a: Alomomola\n|\n|-heal|p2a: Zamazenta|72\/100 brn|[from] item: Leftovers\n|-damage|p2a: Zamazenta|66\/100 brn|[from] brn\n|upkeep\n|turn|15\n|\n|t:|1700152459\n|switch|p1a: Vikavolt|Vikavolt, M|45\/100\n|move|p2a: Zamazenta|Iron Defense|p2a: Zamazenta\n|-boost|p2a: Zamazenta|def|1\n|\n|-heal|p1a: Vikavolt|100\/100|[from] move: Wish|[wisher] Alomomola\n|-heal|p2a: Zamazenta|72\/100 brn|[from] item: Leftovers\n|-damage|p2a: Zamazenta|66\/100 brn|[from] brn\n|upkeep\n|turn|16\n|\n|t:|1700152465\n|move|p2a: Zamazenta|Body Press|p1a: Vikavolt\n|-resisted|p1a: Vikavolt\n|-damage|p1a: Vikavolt|78\/100\n|move|p1a: Vikavolt|Bug Buzz|p2a: Zamazenta\n|-resisted|p2a: Zamazenta\n|-damage|p2a: Zamazenta|51\/100 brn\n|\n|-heal|p2a: Zamazenta|57\/100 brn|[from] item: Leftovers\n|-damage|p2a: Zamazenta|51\/100 brn|[from] brn\n|upkeep\n|turn|17\n|inactive|Battle timer is ON: inactive players will automatically lose when time's up. (requested by Saagii)\n|-message|sir sardou forfeited.\n|\n|win|Saagii\n|raw|Saagii's rating: 1309 &rarr; <strong>1333<\/strong><br \/>(+24 for winning)\n|raw|sir sardou's rating: 1375 &rarr; <strong>1351<\/strong><br \/>(-24 for losing)\n|l|\u2606sir sardou\n","uploadtime":1700152529,"views":13,"p1id":"saagii","p2id":"sirsardou","formatid":"gen9ou","rating":1333,"private":0,"password":""}