{"id":"gen9ou-1996580435","p1":"Akonnan","p2":"Hotels proches","format":"[Gen 9] OU","log":"|j|\u2606Akonnan\n|j|\u2606Hotels proches\n|t:|1700696687\n|gametype|singles\n|player|p1|Akonnan|burglar|1328\n|player|p2|Hotels proches|lyra|1340\n|teamsize|p1|6\n|teamsize|p2|6\n|gen|9\n|tier|[Gen 9] OU\n|rated|\n|rule|Sleep Clause Mod: Limit one foe put to sleep\n|rule|Species Clause: Limit one of each Pok\u00e9mon\n|rule|OHKO Clause: OHKO moves are banned\n|rule|Evasion Items Clause: Evasion items are banned\n|rule|Evasion Moves Clause: Evasion moves are banned\n|rule|Endless Battle Clause: Forcing endless battles is banned\n|rule|HP Percentage Mod: HP is shown in percentages\n|clearpoke\n|poke|p1|Manaphy|\n|poke|p1|Iron Hands|\n|poke|p1|Ninetales-Alola, M|\n|poke|p1|Garganacl, M|\n|poke|p1|Great Tusk|\n|poke|p1|Enamorus, F|\n|poke|p2|Manaphy|\n|poke|p2|Shaymin|\n|poke|p2|Infernape, M|\n|poke|p2|Mamoswine, M|\n|poke|p2|Enamorus, F|\n|poke|p2|Kingambit, F|\n|teampreview\n|inactive|Battle timer is ON: inactive players will automatically lose when time's up. (requested by Akonnan)\n|\n|t:|1700696695\n|start\n|switch|p1a: R O C K|Garganacl, M|100\/100\n|switch|p2a: Infernape|Infernape, M|100\/100\n|turn|1\n|\n|t:|1700696720\n|move|p1a: R O C K|Protect|p1a: R O C K\n|-singleturn|p1a: R O C K|Protect\n|move|p2a: Infernape|Close Combat|p1a: R O C K\n|-activate|p1a: R O C K|move: Protect\n|\n|upkeep\n|turn|2\n|\n|t:|1700696731\n|move|p2a: Infernape|Close Combat|p1a: R O C K\n|-supereffective|p1a: R O C K\n|-damage|p1a: R O C K|44\/100\n|-unboost|p2a: Infernape|def|1\n|-unboost|p2a: Infernape|spd|1\n|move|p1a: R O C K|Salt Cure|p2a: Infernape\n|-damage|p2a: Infernape|68\/100\n|-start|p2a: Infernape|Salt Cure\n|\n|-heal|p1a: R O C K|50\/100|[from] item: Leftovers\n|-damage|p2a: Infernape|55\/100|[from] Salt Cure\n|upkeep\n|turn|3\n|\n|t:|1700696747\n|switch|p2a: Shaymin|Shaymin|100\/100\n|move|p1a: R O C K|Protect||[still]\n|-fail|p1a: R O C K\n|\n|-heal|p1a: R O C K|56\/100|[from] item: Leftovers\n|upkeep\n|turn|4\n|inactive|Hotels proches has 120 seconds left.\n|\n|t:|1700696777\n|switch|p1a: Onetales|Ninetales-Alola, M, shiny|100\/100\n|-weather|Snow|[from] ability: Snow Warning|[of] p1a: Onetales\n|move|p2a: Shaymin|Seed Flare|p1a: Onetales\n|-damage|p1a: Onetales|14\/100\n|-damage|p2a: Shaymin|91\/100|[from] item: Life Orb\n|\n|-weather|Snow|[upkeep]\n|upkeep\n|turn|5\n|\n|t:|1700696794\n|move|p1a: Onetales|Aurora Veil|p1a: Onetales\n|-sidestart|p1: Akonnan|move: Aurora Veil\n|move|p2a: Shaymin|Trailblaze|p1a: Onetales\n|-damage|p1a: Onetales|4\/100\n|-boost|p2a: Shaymin|spe|1\n|-damage|p2a: Shaymin|81\/100|[from] item: Life Orb\n|\n|-weather|Snow|[upkeep]\n|upkeep\n|turn|6\n|\n|t:|1700696801\n|move|p2a: Shaymin|Trailblaze|p1a: Onetales\n|-damage|p1a: Onetales|0 fnt\n|-boost|p2a: Shaymin|spe|1\n|faint|p1a: Onetales\n|-damage|p2a: Shaymin|71\/100|[from] item: Life Orb\n|\n|-weather|Snow|[upkeep]\n|upkeep\n|\n|t:|1700696809\n|switch|p1a: Man of Iron|Iron Hands, shiny|100\/100\n|turn|7\n|inactive|Hotels proches has 120 seconds left.\n|\n|t:|1700696831\n|switch|p2a: Enamorus|Enamorus, F|100\/100\n|move|p1a: Man of Iron|Fake Out|p2a: Enamorus\n|-damage|p2a: Enamorus|76\/100\n|\n|-weather|Snow|[upkeep]\n|upkeep\n|turn|8\n|\n|t:|1700696838\n|move|p2a: Enamorus|Moonblast|p1a: Man of Iron\n|-supereffective|p1a: Man of Iron\n|-damage|p1a: Man of Iron|76\/100\n|move|p1a: Man of Iron|Heavy Slam|p2a: Enamorus\n|-supereffective|p2a: Enamorus\n|-damage|p2a: Enamorus|0 fnt\n|faint|p2a: Enamorus\n|\n|-weather|none\n|upkeep\n|inactive|Hotels proches has 90 seconds left.\n|\n|t:|1700696870\n|switch|p2a: Infernape|Infernape, M|55\/100\n|turn|9\n|inactive|Hotels proches has 90 seconds left.\n|\n|t:|1700696878\n|move|p2a: Infernape|Flare Blitz|p1a: Man of Iron\n|-damage|p1a: Man of Iron|56\/100\n|-damage|p2a: Infernape|45\/100|[from] Recoil\n|move|p1a: Man of Iron|Drain Punch|p2a: Infernape\n|-damage|p2a: Infernape|0 fnt\n|-heal|p1a: Man of Iron|71\/100|[from] drain|[of] p2a: Infernape\n|faint|p2a: Infernape\n|\n|upkeep\n|inactive|Hotels proches has 90 seconds left.\n|\n|t:|1700696895\n|switch|p2a: Manaphy|Manaphy|100\/100\n|turn|10\n|\n|t:|1700696898\n|move|p2a: Manaphy|Tail Glow|p2a: Manaphy\n|-boost|p2a: Manaphy|spa|3\n|move|p1a: Man of Iron|Wild Charge|p2a: Manaphy\n|-supereffective|p2a: Manaphy\n|-damage|p2a: Manaphy|0 fnt\n|faint|p2a: Manaphy\n|-damage|p1a: Man of Iron|52\/100|[from] Recoil\n|\n|upkeep\n|inactive|Hotels proches has 90 seconds left.\n|-message|Hotels proches forfeited.\n|\n|win|Akonnan\n|raw|Akonnan's rating: 1328 &rarr; <strong>1349<\/strong><br \/>(+21 for winning)\n|raw|Hotels proches's rating: 1340 &rarr; <strong>1319<\/strong><br \/>(-21 for losing)\n|l|\u2606Hotels proches\n|j|\u2606Hotels proches\n|player|p2|Hotels proches|lyra\n|l|\u2606Hotels proches\n|player|p2|\n","uploadtime":1700696919,"views":4,"p1id":"akonnan","p2id":"hotelsproches","formatid":"gen9ou","rating":1319,"private":0,"password":""}