{"id":"gen9ou-1990379953","p1":"Someperson856","p2":"jzhuc1841","format":"[Gen 9] OU","log":"|j|\u2606Someperson856\n|j|\u2606jzhuc1841\n|t:|1699964609\n|gametype|singles\n|player|p1|Someperson856|wallace|1481\n|player|p2|jzhuc1841|hilbert-wonderlauncher|1492\n|teamsize|p1|6\n|teamsize|p2|6\n|gen|9\n|tier|[Gen 9] OU\n|rated|\n|rule|Sleep Clause Mod: Limit one foe put to sleep\n|rule|Species Clause: Limit one of each Pok\u00e9mon\n|rule|OHKO Clause: OHKO moves are banned\n|rule|Evasion Items Clause: Evasion items are banned\n|rule|Evasion Moves Clause: Evasion moves are banned\n|rule|Endless Battle Clause: Forcing endless battles is banned\n|rule|HP Percentage Mod: HP is shown in percentages\n|clearpoke\n|poke|p1|Rillaboom, M|\n|poke|p1|Slowking-Galar, M|\n|poke|p1|Hoopa-Unbound|\n|poke|p1|Cinderace, F|\n|poke|p1|Empoleon, F|\n|poke|p1|Corviknight, F|\n|poke|p2|Ogerpon-Wellspring, F|\n|poke|p2|Kingambit, F|\n|poke|p2|Iron Moth|\n|poke|p2|Iron Valiant|\n|poke|p2|Zamazenta-*|\n|poke|p2|Glimmora, F|\n|teampreview\n|\n|t:|1699964618\n|start\n|switch|p1a: Empoleon|Empoleon, F|100\/100\n|switch|p2a: Glimmora|Glimmora, F|100\/100\n|-item|p2a: Glimmora|Air Balloon\n|turn|1\n|\n|t:|1699964623\n|move|p2a: Glimmora|Stealth Rock|p1a: Empoleon\n|-sidestart|p1: Someperson856|move: Stealth Rock\n|move|p1a: Empoleon|Flip Turn|p2a: Glimmora\n|-supereffective|p2a: Glimmora\n|-damage|p2a: Glimmora|55\/100\n|-activate|p2a: Glimmora|ability: Toxic Debris\n|-sidestart|p1: Someperson856|move: Toxic Spikes\n|-enditem|p2a: Glimmora|Air Balloon\n|\n|t:|1699964625\n|switch|p1a: Rillaboom|Rillaboom, M|100\/100|[from] Flip Turn\n|-damage|p1a: Rillaboom|88\/100|[from] Stealth Rock\n|-status|p1a: Rillaboom|psn\n|-fieldstart|move: Grassy Terrain|[from] ability: Grassy Surge|[of] p1a: Rillaboom\n|\n|-heal|p2a: Glimmora|61\/100|[from] Grassy Terrain\n|-heal|p1a: Rillaboom|94\/100 psn|[from] Grassy Terrain\n|-damage|p1a: Rillaboom|82\/100 psn|[from] psn\n|upkeep\n|turn|2\n|\n|t:|1699964629\n|move|p1a: Rillaboom|Grassy Glide|p2a: Glimmora\n|-damage|p2a: Glimmora|0 fnt\n|-activate|p2a: Glimmora|ability: Toxic Debris\n|-sidestart|p1: Someperson856|move: Toxic Spikes\n|faint|p2a: Glimmora\n|\n|-heal|p1a: Rillaboom|88\/100 psn|[from] Grassy Terrain\n|-damage|p1a: Rillaboom|76\/100 psn|[from] psn\n|upkeep\n|\n|t:|1699964633\n|switch|p2a: Iron Moth|Iron Moth|100\/100\n|-enditem|p2a: Iron Moth|Booster Energy\n|-activate|p2a: Iron Moth|ability: Quark Drive|[fromitem]\n|-start|p2a: Iron Moth|quarkdrivespe\n|turn|3\n|\n|t:|1699964637\n|switch|p1a: Empoleon|Empoleon, F|100\/100\n|-damage|p1a: Empoleon|94\/100|[from] Stealth Rock\n|move|p2a: Iron Moth|Substitute|p2a: Iron Moth\n|-start|p2a: Iron Moth|Substitute\n|-damage|p2a: Iron Moth|76\/100\n|\n|-heal|p2a: Iron Moth|82\/100|[from] Grassy Terrain\n|-heal|p1a: Empoleon|100\/100|[from] Grassy Terrain\n|upkeep\n|turn|4\n|\n|t:|1699964642\n|move|p2a: Iron Moth|Fiery Dance|p1a: Empoleon\n|-damage|p1a: Empoleon|73\/100\n|-boost|p2a: Iron Moth|spa|1\n|move|p1a: Empoleon|Flip Turn|p2a: Iron Moth\n|-supereffective|p2a: Iron Moth\n|-end|p2a: Iron Moth|Substitute\n|\n|t:|1699964649\n|switch|p1a: Hoopa|Hoopa-Unbound|100\/100|[from] Flip Turn\n|-damage|p1a: Hoopa|88\/100|[from] Stealth Rock\n|-status|p1a: Hoopa|tox\n|\n|-heal|p2a: Iron Moth|88\/100|[from] Grassy Terrain\n|-heal|p1a: Hoopa|94\/100 tox|[from] Grassy Terrain\n|-damage|p1a: Hoopa|88\/100 tox|[from] psn\n|upkeep\n|turn|5\n|\n|t:|1699964658\n|move|p2a: Iron Moth|Fiery Dance|p1a: Hoopa\n|-crit|p1a: Hoopa\n|-damage|p1a: Hoopa|0 fnt\n|-boost|p2a: Iron Moth|spa|1\n|faint|p1a: Hoopa\n|\n|-heal|p2a: Iron Moth|94\/100|[from] Grassy Terrain\n|-fieldend|move: Grassy Terrain\n|upkeep\n|\n|t:|1699964667\n|switch|p1a: Slowking|Slowking-Galar, M|100\/100\n|-sideend|p1: Someperson856|move: Toxic Spikes|[of] p1a: Slowking\n|turn|6\n|\n|t:|1699964673\n|-terastallize|p2a: Iron Moth|Grass\n|move|p2a: Iron Moth|Fiery Dance|p1a: Slowking\n|-damage|p1a: Slowking|33\/100\n|-boost|p2a: Iron Moth|spa|1\n|move|p1a: Slowking|Future Sight|p2a: Iron Moth\n|-start|p1a: Slowking|move: Future Sight\n|\n|upkeep\n|turn|7\n|\n|t:|1699964680\n|switch|p1a: Empoleon|Empoleon, F|73\/100\n|-damage|p1a: Empoleon|67\/100|[from] Stealth Rock\n|move|p2a: Iron Moth|Fiery Dance|p1a: Empoleon\n|-damage|p1a: Empoleon|5\/100\n|\n|-heal|p1a: Empoleon|11\/100|[from] item: Leftovers\n|upkeep\n|turn|8\n|\n|t:|1699964687\n|move|p2a: Iron Moth|Energy Ball|p1a: Empoleon\n|-damage|p1a: Empoleon|0 fnt\n|faint|p1a: Empoleon\n|\n|-end|p2a: Iron Moth|move: Future Sight\n|-damage|p2a: Iron Moth|50\/100\n|upkeep\n|\n|t:|1699964691\n|switch|p1a: Rillaboom|Rillaboom, M|76\/100 psn\n|-damage|p1a: Rillaboom|64\/100 psn|[from] Stealth Rock\n|-fieldstart|move: Grassy Terrain|[from] ability: Grassy Surge|[of] p1a: Rillaboom\n|turn|9\n|\n|t:|1699964696\n|-terastallize|p1a: Rillaboom|Grass\n|move|p1a: Rillaboom|Grassy Glide|p2a: Iron Moth\n|-resisted|p2a: Iron Moth\n|-damage|p2a: Iron Moth|0 fnt\n|faint|p2a: Iron Moth\n|-end|p2a: Iron Moth|Quark Drive|[silent]\n|\n|-heal|p1a: Rillaboom|70\/100 psn|[from] Grassy Terrain\n|-damage|p1a: Rillaboom|57\/100 psn|[from] psn\n|upkeep\n|\n|t:|1699964703\n|switch|p2a: Zamazenta|Zamazenta|100\/100\n|-ability|p2a: Zamazenta|Dauntless Shield|boost\n|-boost|p2a: Zamazenta|def|1\n|turn|10\n|\n|t:|1699964707\n|switch|p1a: Slowking|Slowking-Galar, M|66\/100\n|move|p2a: Zamazenta|Iron Defense|p2a: Zamazenta\n|-boost|p2a: Zamazenta|def|2\n|\n|-heal|p1a: Slowking|72\/100|[from] Grassy Terrain\n|upkeep\n|turn|11\n|\n|t:|1699964714\n|move|p2a: Zamazenta|Crunch|p1a: Slowking\n|-supereffective|p1a: Slowking\n|-damage|p1a: Slowking|39\/100\n|move|p1a: Slowking|Future Sight|p2a: Zamazenta\n|-start|p1a: Slowking|move: Future Sight\n|\n|-heal|p1a: Slowking|45\/100|[from] Grassy Terrain\n|upkeep\n|turn|12\n|\n|t:|1699964721\n|move|p2a: Zamazenta|Substitute|p2a: Zamazenta\n|-start|p2a: Zamazenta|Substitute\n|-damage|p2a: Zamazenta|76\/100\n|move|p1a: Slowking|Chilly Reception|p1a: Slowking\n|-weather|Snow\n|\n|t:|1699964723\n|switch|p1a: Rillaboom|Rillaboom, M, tera:Grass|57\/100 psn|[from] Chilly Reception\n|-damage|p1a: Rillaboom|45\/100 psn|[from] Stealth Rock\n|\n|-weather|Snow|[upkeep]\n|-heal|p2a: Zamazenta|82\/100|[from] Grassy Terrain\n|-heal|p2a: Zamazenta|88\/100|[from] item: Leftovers\n|-heal|p1a: Rillaboom|51\/100 psn|[from] Grassy Terrain\n|-damage|p1a: Rillaboom|39\/100 psn|[from] psn\n|upkeep\n|turn|13\n|\n|t:|1699964726\n|move|p2a: Zamazenta|Body Press|p1a: Rillaboom\n|-damage|p1a: Rillaboom|0 fnt\n|faint|p1a: Rillaboom\n|\n|-weather|Snow|[upkeep]\n|-end|p2a: Zamazenta|move: Future Sight\n|-supereffective|p2a: Zamazenta\n|-end|p2a: Zamazenta|Substitute\n|-heal|p2a: Zamazenta|94\/100|[from] Grassy Terrain\n|-heal|p2a: Zamazenta|99\/100|[from] item: Leftovers\n|-fieldend|move: Grassy Terrain\n|upkeep\n|\n|t:|1699964728\n|switch|p1a: Cinderace|Cinderace, F|100\/100\n|turn|14\n|\n|t:|1699964738\n|move|p1a: Cinderace|Pyro Ball|p2a: Zamazenta\n|-crit|p2a: Zamazenta\n|-damage|p2a: Zamazenta|54\/100\n|move|p2a: Zamazenta|Body Press|p1a: Cinderace\n|-damage|p1a: Cinderace|0 fnt\n|faint|p1a: Cinderace\n|\n|-weather|Snow|[upkeep]\n|-heal|p2a: Zamazenta|60\/100|[from] item: Leftovers\n|upkeep\n|\n|t:|1699964744\n|switch|p1a: Corviknight|Corviknight, F|100\/100\n|-damage|p1a: Corviknight|88\/100|[from] Stealth Rock\n|-ability|p1a: Corviknight|Pressure\n|turn|15\n|-message|Someperson856 forfeited.\n|\n|win|jzhuc1841\n|raw|Someperson856's rating: 1481 &rarr; <strong>1462<\/strong><br \/>(-19 for losing)\n|raw|jzhuc1841's rating: 1492 &rarr; <strong>1511<\/strong><br \/>(+19 for winning)\n|l|\u2606Someperson856\n|j| XYStarshine.\u661f\u8000\n","uploadtime":1699964827,"views":4,"p1id":"someperson856","p2id":"jzhuc1841","formatid":"gen9ou","rating":1462,"private":0,"password":""}