{"id":"gen9ou-1990566197","p1":"Ikari.mp3","p2":"jplist6667","format":"[Gen 9] OU","log":"|j|\u2606Ikari.mp3\n|j|\u203djplist6667\n|t:|1699981954\n|gametype|singles\n|player|p1|Ikari.mp3|n|1000\n|player|p2|jplist6667|266|1040\n|teamsize|p1|6\n|teamsize|p2|6\n|gen|9\n|tier|[Gen 9] OU\n|rated|\n|rule|Sleep Clause Mod: Limit one foe put to sleep\n|rule|Species Clause: Limit one of each Pok\u00e9mon\n|rule|OHKO Clause: OHKO moves are banned\n|rule|Evasion Items Clause: Evasion items are banned\n|rule|Evasion Moves Clause: Evasion moves are banned\n|rule|Endless Battle Clause: Forcing endless battles is banned\n|rule|HP Percentage Mod: HP is shown in percentages\n|clearpoke\n|poke|p1|Kommo-o, M|\n|poke|p1|Iron Valiant|\n|poke|p1|Dondozo, M|\n|poke|p1|Kingambit, F|\n|poke|p1|Zapdos|\n|poke|p1|Ogerpon-Cornerstone, F|\n|poke|p2|Dragapult, F|\n|poke|p2|Hatterene, F|\n|poke|p2|Greninja-*, M|\n|poke|p2|Zapdos|\n|poke|p2|Cinderace, F|\n|poke|p2|Clefable, M|\n|teampreview\n|j| SafeButter\n|\n|t:|1699981964\n|start\n|switch|p1a: Ogerpon|Ogerpon-Cornerstone, F|100\/100\n|switch|p2a: Cinderace|Cinderace, F|100\/100\n|turn|1\n|\n|t:|1699981989\n|move|p1a: Ogerpon|Spikes|p2a: Cinderace\n|-sidestart|p2: jplist6667|Spikes\n|move|p2a: Cinderace|Acrobatics|p1a: Ogerpon\n|-damage|p1a: Ogerpon|62\/100\n|\n|upkeep\n|turn|2\n|\n|t:|1699982000\n|move|p1a: Ogerpon|U-turn|p2a: Cinderace\n|-resisted|p2a: Cinderace\n|-damage|p2a: Cinderace|87\/100\n|\n|t:|1699982003\n|switch|p1a: Dondozo|Dondozo, M|100\/100|[from] U-turn\n|move|p2a: Cinderace|Fire Punch|p1a: Dondozo\n|-resisted|p1a: Dondozo\n|-damage|p1a: Dondozo|93\/100\n|-status|p1a: Dondozo|brn\n|\n|-heal|p1a: Dondozo|99\/100 brn|[from] item: Leftovers\n|-damage|p1a: Dondozo|93\/100 brn|[from] brn\n|upkeep\n|turn|3\n|\n|t:|1699982034\n|switch|p2a: Zapdos|Zapdos|100\/100\n|move|p1a: Dondozo|Curse|p1a: Dondozo\n|-unboost|p1a: Dondozo|spe|1\n|-boost|p1a: Dondozo|atk|1\n|-boost|p1a: Dondozo|def|1\n|\n|-heal|p1a: Dondozo|99\/100 brn|[from] item: Leftovers\n|-damage|p1a: Dondozo|93\/100 brn|[from] brn\n|upkeep\n|turn|4\n|\n|t:|1699982048\n|move|p1a: Dondozo|Protect|p1a: Dondozo\n|-singleturn|p1a: Dondozo|Protect\n|move|p2a: Zapdos|Discharge|p1a: Dondozo\n|-activate|p1a: Dondozo|move: Protect\n|\n|-heal|p1a: Dondozo|99\/100 brn|[from] item: Leftovers\n|-damage|p1a: Dondozo|93\/100 brn|[from] brn\n|upkeep\n|turn|5\n|\n|t:|1699982058\n|switch|p1a: Ogerpon|Ogerpon-Cornerstone, F|62\/100\n|move|p2a: Zapdos|Detect||[still]\n|-fail|p2a: Zapdos\n|\n|upkeep\n|turn|6\n|\n|t:|1699982069\n|move|p1a: Ogerpon|Knock Off|p2a: Zapdos\n|-damage|p2a: Zapdos|79\/100\n|-status|p1a: Ogerpon|par|[from] ability: Static|[of] p2a: Zapdos\n|move|p2a: Zapdos|Discharge|p1a: Ogerpon\n|-resisted|p1a: Ogerpon\n|-damage|p1a: Ogerpon|46\/100 par\n|\n|upkeep\n|turn|7\n|\n|t:|1699982077\n|move|p2a: Zapdos|Hyper Beam|p1a: Ogerpon\n|-resisted|p1a: Ogerpon\n|-damage|p1a: Ogerpon|26\/100 par\n|-mustrecharge|p2a: Zapdos\n|cant|p1a: Ogerpon|par\n|\n|upkeep\n|turn|8\n|\n|t:|1699982089\n|cant|p2a: Zapdos|recharge\n|move|p1a: Ogerpon|Spikes|p2a: Zapdos\n|-sidestart|p2: jplist6667|Spikes\n|\n|upkeep\n|turn|9\n|\n|t:|1699982099\n|switch|p2a: Cinderace|Cinderace, F|87\/100\n|-damage|p2a: Cinderace|70\/100|[from] Spikes\n|move|p1a: Ogerpon|Spikes|p2a: Cinderace\n|-sidestart|p2: jplist6667|Spikes\n|\n|upkeep\n|turn|10\n|\n|t:|1699982106\n|move|p2a: Cinderace|Fire Punch|p1a: Ogerpon\n|-damage|p1a: Ogerpon|0 fnt\n|faint|p1a: Ogerpon\n|\n|upkeep\n|\n|t:|1699982113\n|switch|p1a: Dondozo|Dondozo, M|93\/100 brn\n|turn|11\n|\n|t:|1699982119\n|switch|p2a: Zapdos|Zapdos|79\/100\n|move|p1a: Dondozo|Body Press|p2a: Zapdos\n|-resisted|p2a: Zapdos\n|-damage|p2a: Zapdos|72\/100\n|\n|-heal|p1a: Dondozo|99\/100 brn|[from] item: Leftovers\n|-damage|p1a: Dondozo|93\/100 brn|[from] brn\n|upkeep\n|turn|12\n|\n|t:|1699982148\n|switch|p1a: Kommo-o|Kommo-o, M|100\/100\n|move|p2a: Zapdos|Discharge|p1a: Kommo-o\n|-resisted|p1a: Kommo-o\n|-damage|p1a: Kommo-o|84\/100\n|-status|p1a: Kommo-o|par\n|\n|upkeep\n|turn|13\n|\n|t:|1699982156\n|move|p2a: Zapdos|Acrobatics|p1a: Kommo-o\n|-supereffective|p1a: Kommo-o\n|-damage|p1a: Kommo-o|13\/100 par\n|-enditem|p1a: Kommo-o|Mago Berry|[eat]\n|-heal|p1a: Kommo-o|47\/100 par|[from] item: Mago Berry\n|move|p1a: Kommo-o|Fire Punch|p2a: Zapdos\n|-crit|p2a: Zapdos\n|-damage|p2a: Zapdos|28\/100\n|\n|upkeep\n|turn|14\n|\n|t:|1699982164\n|move|p2a: Zapdos|Acrobatics|p1a: Kommo-o\n|-supereffective|p1a: Kommo-o\n|-damage|p1a: Kommo-o|0 fnt\n|faint|p1a: Kommo-o\n|\n|upkeep\n|\n|t:|1699982167\n|switch|p1a: Iron Valiant|Iron Valiant|100\/100\n|turn|15\n|\n|t:|1699982185\n|switch|p2a: Cinderace|Cinderace, F|70\/100\n|-damage|p2a: Cinderace|45\/100|[from] Spikes\n|move|p1a: Iron Valiant|Moonblast|p2a: Cinderace\n|-resisted|p2a: Cinderace\n|-damage|p2a: Cinderace|0 fnt\n|faint|p2a: Cinderace\n|\n|upkeep\n|\n|t:|1699982195\n|switch|p2a: Hatterene|Hatterene, F|100\/100\n|-damage|p2a: Hatterene|75\/100|[from] Spikes\n|turn|16\n|\n|t:|1699982206\n|-end|p1a: Iron Valiant|Quark Drive|[silent]\n|switch|p1a: Kingambit|Kingambit, F|100\/100\n|-activate|p1a: Kingambit|ability: Supreme Overlord\n|-start|p1a: Kingambit|fallen2|[silent]\n|move|p2a: Hatterene|Dazzling Gleam|p1a: Kingambit\n|-damage|p1a: Kingambit|69\/100\n|\n|-heal|p2a: Hatterene|81\/100|[from] item: Leftovers\n|upkeep\n|turn|17\n|\n|t:|1699982215\n|move|p1a: Kingambit|Kowtow Cleave|p2a: Hatterene\n|-damage|p2a: Hatterene|0 fnt\n|faint|p2a: Hatterene\n|-damage|p1a: Kingambit|59\/100|[from] item: Life Orb\n|\n|upkeep\n|\n|t:|1699982221\n|switch|p2a: Greninja|Greninja, M|100\/100\n|-damage|p2a: Greninja|76\/100|[from] Spikes\n|turn|18\n|\n|t:|1699982231\n|-end|p1a: Kingambit|fallen2|[silent]\n|switch|p1a: Zapdos|Zapdos|100\/100\n|move|p2a: Greninja|Blizzard|p1a: Zapdos|[miss]\n|-miss|p2a: Greninja|p1a: Zapdos\n|\n|upkeep\n|turn|19\n|\n|t:|1699982239\n|move|p2a: Greninja|Liquidation|p1a: Zapdos\n|-damage|p1a: Zapdos|66\/100\n|-status|p2a: Greninja|par|[from] ability: Static|[of] p1a: Zapdos\n|move|p1a: Zapdos|Volt Switch|p2a: Greninja\n|-supereffective|p2a: Greninja\n|-damage|p2a: Greninja|0 fnt\n|faint|p2a: Greninja\n|\n|t:|1699982244\n|switch|p1a: Iron Valiant|Iron Valiant|100\/100|[from] Volt Switch\n|\n|upkeep\n|\n|t:|1699982249\n|switch|p2a: Dragapult|Dragapult, F|100\/100\n|-damage|p2a: Dragapult|76\/100|[from] Spikes\n|turn|20\n|\n|t:|1699982257\n|move|p1a: Iron Valiant|Moonblast|p2a: Dragapult\n|-supereffective|p2a: Dragapult\n|-damage|p2a: Dragapult|0 fnt\n|faint|p2a: Dragapult\n|\n|upkeep\n|\n|t:|1699982265\n|switch|p2a: Clefable|Clefable, M|100\/100\n|-damage|p2a: Clefable|76\/100|[from] Spikes\n|turn|21\n|\n|t:|1699982271\n|-end|p1a: Iron Valiant|Quark Drive|[silent]\n|switch|p1a: Kingambit|Kingambit, F|59\/100\n|-activate|p1a: Kingambit|ability: Supreme Overlord\n|-start|p1a: Kingambit|fallen2|[silent]\n|move|p2a: Clefable|Draining Kiss|p1a: Kingambit\n|-damage|p1a: Kingambit|43\/100\n|-heal|p2a: Clefable|89\/100|[from] drain|[of] p1a: Kingambit\n|\n|-heal|p2a: Clefable|95\/100|[from] item: Leftovers\n|upkeep\n|turn|22\n|\n|t:|1699982283\n|move|p1a: Kingambit|Sucker Punch|p2a: Clefable\n|-resisted|p2a: Clefable\n|-damage|p2a: Clefable|56\/100\n|-damage|p1a: Kingambit|33\/100|[from] item: Life Orb\n|move|p2a: Clefable|Blizzard|p1a: Kingambit|[miss]\n|-miss|p2a: Clefable|p1a: Kingambit\n|\n|-heal|p2a: Clefable|62\/100|[from] item: Leftovers\n|upkeep\n|turn|23\n|l| SafeButter\n|\n|t:|1699982293\n|move|p2a: Clefable|Draining Kiss|p1a: Kingambit\n|-damage|p1a: Kingambit|18\/100\n|-heal|p2a: Clefable|76\/100|[from] drain|[of] p1a: Kingambit\n|move|p1a: Kingambit|Kowtow Cleave|p2a: Clefable\n|-resisted|p2a: Clefable\n|-damage|p2a: Clefable|29\/100\n|-damage|p1a: Kingambit|8\/100|[from] item: Life Orb\n|\n|-heal|p2a: Clefable|35\/100|[from] item: Leftovers\n|upkeep\n|turn|24\n|\n|t:|1699982323\n|move|p2a: Clefable|Draining Kiss|p1a: Kingambit\n|-damage|p1a: Kingambit|0 fnt\n|-heal|p2a: Clefable|42\/100|[from] drain|[of] p1a: Kingambit\n|faint|p1a: Kingambit\n|-end|p1a: Kingambit|fallen2|[silent]\n|\n|-heal|p2a: Clefable|48\/100|[from] item: Leftovers\n|upkeep\n|\n|t:|1699982327\n|switch|p1a: Zapdos|Zapdos|66\/100\n|turn|25\n|\n|t:|1699982332\n|move|p1a: Zapdos|Heat Wave|p2a: Clefable\n|-damage|p2a: Clefable|13\/100\n|move|p2a: Clefable|Blizzard|p1a: Zapdos|[miss]\n|-miss|p2a: Clefable|p1a: Zapdos\n|\n|-heal|p2a: Clefable|19\/100|[from] item: Leftovers\n|upkeep\n|turn|26\n|\n|t:|1699982341\n|-singleturn|p2a: Clefable|move: Focus Punch\n|move|p1a: Zapdos|Heat Wave|p2a: Clefable\n|-damage|p2a: Clefable|0 fnt\n|faint|p2a: Clefable\n|\n|upkeep\n|\n|t:|1699982359\n|switch|p2a: Zapdos|Zapdos|28\/100\n|turn|27\n|\n|t:|1699982364\n|move|p2a: Zapdos|Acrobatics|p1a: Zapdos\n|-resisted|p1a: Zapdos\n|-damage|p1a: Zapdos|43\/100\n|move|p1a: Zapdos|Volt Switch|p2a: Zapdos\n|-damage|p2a: Zapdos|0 fnt\n|faint|p2a: Zapdos\n|\n|win|Ikari.mp3\n|raw|Ikari.mp3's rating: 1000 &rarr; <strong>1045<\/strong><br \/>(+45 for winning)\n|raw|jplist6667's rating: 1040 &rarr; <strong>1022<\/strong><br \/>(-18 for losing)\n|l|\u203djplist6667\n","uploadtime":1699982375,"views":18,"p1id":"ikarimp3","p2id":"jplist6667","formatid":"gen9ou","rating":1022,"private":0,"password":""}