{"id":"gen9ou-1994836514","p1":"ChosenLotion","p2":"Bumskidoo","format":"[Gen 9] OU","log":"|j|\u2606ChosenLotion\n|j|\u2606Bumskidoo\n|t:|1700497288\n|gametype|singles\n|player|p1|ChosenLotion|morty|1307\n|player|p2|Bumskidoo|102|1296\n|teamsize|p1|6\n|teamsize|p2|6\n|gen|9\n|tier|[Gen 9] OU\n|rated|\n|rule|Sleep Clause Mod: Limit one foe put to sleep\n|rule|Species Clause: Limit one of each Pok\u00e9mon\n|rule|OHKO Clause: OHKO moves are banned\n|rule|Evasion Items Clause: Evasion items are banned\n|rule|Evasion Moves Clause: Evasion moves are banned\n|rule|Endless Battle Clause: Forcing endless battles is banned\n|rule|HP Percentage Mod: HP is shown in percentages\n|clearpoke\n|poke|p1|Ceruledge, F|\n|poke|p1|Torkoal, F|\n|poke|p1|Walking Wake|\n|poke|p1|Great Tusk|\n|poke|p1|Clodsire, M|\n|poke|p1|Dragonite, F|\n|poke|p2|Ceruledge, F|\n|poke|p2|Cinderace, M|\n|poke|p2|Walking Wake|\n|poke|p2|Ogerpon-Wellspring, F|\n|poke|p2|Great Tusk|\n|poke|p2|Hatterene, F|\n|teampreview\n|\n|t:|1700497295\n|start\n|switch|p1a: Clodsire|Clodsire, M|100\/100\n|switch|p2a: Hatterene|Hatterene, F|100\/100\n|turn|1\n|inactive|Battle timer is ON: inactive players will automatically lose when time's up. (requested by ChosenLotion)\n|\n|t:|1700497306\n|move|p2a: Hatterene|Psychic|p1a: Clodsire\n|-supereffective|p1a: Clodsire\n|-damage|p1a: Clodsire|48\/100\n|move|p1a: Clodsire|Earthquake|p2a: Hatterene\n|-damage|p2a: Hatterene|68\/100\n|\n|-heal|p1a: Clodsire|54\/100|[from] item: Leftovers\n|upkeep\n|turn|2\n|\n|t:|1700497316\n|switch|p1a: Ceruledge|Ceruledge, F, shiny|100\/100\n|move|p2a: Hatterene|Psychic|p1a: Ceruledge\n|-damage|p1a: Ceruledge|38\/100\n|\n|upkeep\n|turn|3\n|\n|t:|1700497326\n|move|p1a: Ceruledge|Bitter Blade|p2a: Hatterene\n|-damage|p2a: Hatterene|21\/100\n|-heal|p1a: Ceruledge|63\/100|[from] drain|[of] p2a: Hatterene\n|-damage|p1a: Ceruledge|47\/100|[from] item: Rocky Helmet|[of] p2a: Hatterene\n|move|p2a: Hatterene|Psychic|p1a: Ceruledge\n|-damage|p1a: Ceruledge|0 fnt\n|faint|p1a: Ceruledge\n|\n|upkeep\n|\n|t:|1700497336\n|switch|p1a: Great Tusk|Great Tusk|100\/100\n|turn|4\n|\n|t:|1700497340\n|move|p1a: Great Tusk|Knock Off|p2a: Hatterene\n|-damage|p2a: Hatterene|0 fnt\n|-damage|p1a: Great Tusk|84\/100|[from] item: Rocky Helmet|[of] p2a: Hatterene\n|-enditem|p2a: Hatterene|Rocky Helmet|[from] move: Knock Off|[of] p1a: Great Tusk\n|faint|p2a: Hatterene\n|\n|-heal|p1a: Great Tusk|90\/100|[from] item: Leftovers\n|upkeep\n|\n|t:|1700497357\n|switch|p2a: Walking Wake|Walking Wake|100\/100\n|-enditem|p2a: Walking Wake|Booster Energy\n|-activate|p2a: Walking Wake|ability: Protosynthesis|[fromitem]\n|-start|p2a: Walking Wake|protosynthesisspa\n|turn|5\n|\n|t:|1700497364\n|-end|p1a: Great Tusk|Protosynthesis|[silent]\n|switch|p1a: Clodsire|Clodsire, M|54\/100\n|move|p2a: Walking Wake|Agility|p2a: Walking Wake\n|-boost|p2a: Walking Wake|spe|2\n|\n|-heal|p1a: Clodsire|60\/100|[from] item: Leftovers\n|upkeep\n|turn|6\n|\n|t:|1700497373\n|move|p2a: Walking Wake|Draco Meteor|p1a: Clodsire\n|-damage|p1a: Clodsire|15\/100\n|-unboost|p2a: Walking Wake|spa|2\n|move|p1a: Clodsire|Toxic|p2a: Walking Wake\n|-status|p2a: Walking Wake|tox\n|\n|-heal|p1a: Clodsire|21\/100|[from] item: Leftovers\n|-damage|p2a: Walking Wake|94\/100 tox|[from] psn\n|upkeep\n|turn|7\n|\n|t:|1700497386\n|move|p2a: Walking Wake|Draco Meteor|p1a: Clodsire|[miss]\n|-miss|p2a: Walking Wake|p1a: Clodsire\n|move|p1a: Clodsire|Recover|p1a: Clodsire\n|-heal|p1a: Clodsire|71\/100\n|\n|-heal|p1a: Clodsire|77\/100|[from] item: Leftovers\n|-damage|p2a: Walking Wake|82\/100 tox|[from] psn\n|upkeep\n|turn|8\n|\n|t:|1700497395\n|-end|p2a: Walking Wake|Protosynthesis|[silent]\n|switch|p2a: Great Tusk|Great Tusk|100\/100\n|move|p1a: Clodsire|Spikes|p2a: Great Tusk\n|-sidestart|p2: Bumskidoo|Spikes\n|\n|-heal|p1a: Clodsire|83\/100|[from] item: Leftovers\n|upkeep\n|turn|9\n|\n|t:|1700497408\n|move|p2a: Great Tusk|Rapid Spin|p1a: Clodsire\n|-damage|p1a: Clodsire|61\/100\n|-boost|p2a: Great Tusk|spe|1\n|-sideend|p2: Bumskidoo|Spikes|[from] move: Rapid Spin|[of] p2a: Great Tusk\n|move|p1a: Clodsire|Toxic|p2a: Great Tusk\n|-status|p2a: Great Tusk|tox\n|\n|-heal|p1a: Clodsire|67\/100|[from] item: Leftovers\n|-damage|p2a: Great Tusk|94\/100 tox|[from] psn\n|upkeep\n|turn|10\n|\n|t:|1700497418\n|switch|p1a: Dragonite|Dragonite, F, shiny|100\/100\n|move|p2a: Great Tusk|Headlong Rush|p1a: Dragonite\n|-immune|p1a: Dragonite\n|\n|-damage|p2a: Great Tusk|82\/100 tox|[from] psn\n|upkeep\n|turn|11\n|\n|t:|1700497427\n|move|p2a: Great Tusk|Ice Spinner|p1a: Dragonite\n|-supereffective|p1a: Dragonite\n|-damage|p1a: Dragonite|44\/100\n|move|p1a: Dragonite|Dragon Dance|p1a: Dragonite\n|-boost|p1a: Dragonite|atk|1\n|-boost|p1a: Dragonite|spe|1\n|\n|-damage|p2a: Great Tusk|63\/100 tox|[from] psn\n|upkeep\n|turn|12\n|\n|t:|1700497442\n|move|p1a: Dragonite|Roost|p1a: Dragonite\n|-heal|p1a: Dragonite|94\/100\n|-singleturn|p1a: Dragonite|move: Roost\n|move|p2a: Great Tusk|Ice Spinner|p1a: Dragonite\n|-supereffective|p1a: Dragonite\n|-damage|p1a: Dragonite|36\/100\n|\n|-damage|p2a: Great Tusk|38\/100 tox|[from] psn\n|upkeep\n|turn|13\n|\n|t:|1700497452\n|move|p1a: Dragonite|Roost|p1a: Dragonite\n|-heal|p1a: Dragonite|86\/100\n|-singleturn|p1a: Dragonite|move: Roost\n|move|p2a: Great Tusk|Ice Spinner|p1a: Dragonite\n|-supereffective|p1a: Dragonite\n|-damage|p1a: Dragonite|22\/100\n|\n|-damage|p2a: Great Tusk|7\/100 tox|[from] psn\n|upkeep\n|turn|14\n|\n|t:|1700497462\n|move|p1a: Dragonite|Extreme Speed|p2a: Great Tusk\n|-damage|p2a: Great Tusk|0 fnt\n|faint|p2a: Great Tusk\n|-end|p2a: Great Tusk|Protosynthesis|[silent]\n|\n|upkeep\n|\n|t:|1700497467\n|switch|p2a: Ceruledge|Ceruledge, F|100\/100\n|turn|15\n|\n|t:|1700497473\n|move|p1a: Dragonite|Roost|p1a: Dragonite\n|-heal|p1a: Dragonite|72\/100\n|-singleturn|p1a: Dragonite|move: Roost\n|move|p2a: Ceruledge|Swords Dance|p2a: Ceruledge\n|-boost|p2a: Ceruledge|atk|2\n|\n|upkeep\n|turn|16\n|\n|t:|1700497481\n|move|p1a: Dragonite|Earthquake|p2a: Ceruledge\n|-supereffective|p2a: Ceruledge\n|-enditem|p2a: Ceruledge|Focus Sash\n|-damage|p2a: Ceruledge|1\/100\n|-ability|p2a: Ceruledge|Weak Armor|boost\n|-unboost|p2a: Ceruledge|def|1\n|-boost|p2a: Ceruledge|spe|2\n|move|p2a: Ceruledge|Bitter Blade|p1a: Dragonite\n|-resisted|p1a: Dragonite\n|-damage|p1a: Dragonite|25\/100\n|-heal|p2a: Ceruledge|30\/100|[from] drain|[of] p1a: Dragonite\n|\n|upkeep\n|turn|17\n|\n|t:|1700497493\n|move|p2a: Ceruledge|Bitter Blade|p1a: Dragonite\n|-resisted|p1a: Dragonite\n|-damage|p1a: Dragonite|0 fnt\n|-heal|p2a: Ceruledge|45\/100|[from] drain|[of] p1a: Dragonite\n|faint|p1a: Dragonite\n|\n|upkeep\n|\n|t:|1700497506\n|switch|p1a: Great Tusk|Great Tusk|90\/100\n|turn|18\n|\n|t:|1700497510\n|move|p2a: Ceruledge|Poltergeist|p1a: Great Tusk\n|-activate|p1a: Great Tusk|move: Poltergeist|Leftovers\n|-damage|p1a: Great Tusk|10\/100\n|move|p1a: Great Tusk|Knock Off|p2a: Ceruledge\n|-supereffective|p2a: Ceruledge\n|-damage|p2a: Ceruledge|0 fnt\n|faint|p2a: Ceruledge\n|\n|-heal|p1a: Great Tusk|16\/100|[from] item: Leftovers\n|upkeep\n|\n|t:|1700497516\n|switch|p2a: Ogerpon|Ogerpon-Wellspring, F|100\/100\n|turn|19\n|\n|t:|1700497525\n|-end|p1a: Great Tusk|Protosynthesis|[silent]\n|switch|p1a: Torkoal|Torkoal, F, shiny|100\/100\n|-weather|SunnyDay|[from] ability: Drought|[of] p1a: Torkoal\n|move|p2a: Ogerpon|Trailblaze|p1a: Torkoal\n|-resisted|p1a: Torkoal\n|-damage|p1a: Torkoal|92\/100\n|-boost|p2a: Ogerpon|spe|1\n|\n|-weather|SunnyDay|[upkeep]\n|upkeep\n|turn|20\n|inactive|Bumskidoo has 120 seconds left.\n|\n|t:|1700497561\n|-terastallize|p2a: Ogerpon|Water\n|detailschange|p2a: Ogerpon|Ogerpon-Wellspring-Tera, F, tera:Water\n|-ability|p2a: Ogerpon|Embody Aspect (Wellspring)|boost\n|-boost|p2a: Ogerpon|spd|1\n|move|p2a: Ogerpon|Swords Dance|p2a: Ogerpon\n|-boost|p2a: Ogerpon|atk|2\n|move|p1a: Torkoal|Yawn|p2a: Ogerpon\n|-start|p2a: Ogerpon|move: Yawn|[of] p1a: Torkoal\n|\n|-weather|SunnyDay|[upkeep]\n|upkeep\n|turn|21\n|inactive|Bumskidoo has 120 seconds left.\n|\n|t:|1700497575\n|switch|p2a: Walking Wake|Walking Wake|82\/100 tox\n|-activate|p2a: Walking Wake|ability: Protosynthesis\n|-start|p2a: Walking Wake|protosynthesisspa\n|move|p1a: Torkoal|Stealth Rock|p2a: Walking Wake\n|-sidestart|p2: Bumskidoo|move: Stealth Rock\n|\n|-weather|SunnyDay|[upkeep]\n|-damage|p2a: Walking Wake|76\/100 tox|[from] psn\n|upkeep\n|turn|22\n|\n|t:|1700497586\n|switch|p1a: Clodsire|Clodsire, M|67\/100\n|move|p2a: Walking Wake|Agility|p2a: Walking Wake\n|-boost|p2a: Walking Wake|spe|2\n|\n|-weather|SunnyDay|[upkeep]\n|-heal|p1a: Clodsire|73\/100|[from] item: Leftovers\n|-damage|p2a: Walking Wake|63\/100 tox|[from] psn\n|upkeep\n|turn|23\n|\n|t:|1700497597\n|move|p2a: Walking Wake|Flamethrower|p1a: Clodsire\n|-damage|p1a: Clodsire|40\/100\n|move|p1a: Clodsire|Earthquake|p2a: Walking Wake\n|-damage|p2a: Walking Wake|34\/100 tox\n|\n|-weather|SunnyDay|[upkeep]\n|-heal|p1a: Clodsire|47\/100|[from] item: Leftovers\n|-damage|p2a: Walking Wake|16\/100 tox|[from] psn\n|upkeep\n|turn|24\n|\n|t:|1700497607\n|move|p2a: Walking Wake|Draco Meteor|p1a: Clodsire|[miss]\n|-miss|p2a: Walking Wake|p1a: Clodsire\n|move|p1a: Clodsire|Recover|p1a: Clodsire\n|-heal|p1a: Clodsire|97\/100\n|\n|-weather|SunnyDay|[upkeep]\n|-heal|p1a: Clodsire|100\/100|[from] item: Leftovers\n|-damage|p2a: Walking Wake|0 fnt|[from] psn\n|faint|p2a: Walking Wake\n|-end|p2a: Walking Wake|Protosynthesis|[silent]\n|upkeep\n|\n|t:|1700497611\n|switch|p2a: Cinderace|Cinderace, M|100\/100\n|turn|25\n|\n|t:|1700497620\n|move|p2a: Cinderace|Pyro Ball|p1a: Clodsire\n|-damage|p1a: Clodsire|5\/100\n|move|p1a: Clodsire|Toxic|p2a: Cinderace\n|-status|p2a: Cinderace|tox\n|\n|-weather|SunnyDay|[upkeep]\n|-heal|p1a: Clodsire|11\/100|[from] item: Leftovers\n|-damage|p2a: Cinderace|95\/100 tox|[from] psn\n|upkeep\n|turn|26\n|\n|t:|1700497632\n|move|p2a: Cinderace|Pyro Ball|p1a: Clodsire\n|-damage|p1a: Clodsire|0 fnt\n|faint|p1a: Clodsire\n|\n|-weather|none\n|-damage|p2a: Cinderace|83\/100 tox|[from] psn\n|upkeep\n|\n|t:|1700497639\n|switch|p1a: Torkoal|Torkoal, F, shiny|92\/100\n|-weather|SunnyDay|[from] ability: Drought|[of] p1a: Torkoal\n|turn|27\n|\n|t:|1700497651\n|switch|p1a: Great Tusk|Great Tusk|16\/100\n|-activate|p1a: Great Tusk|ability: Protosynthesis\n|-start|p1a: Great Tusk|protosynthesisatk\n|move|p2a: Cinderace|Pyro Ball|p1a: Great Tusk|[miss]\n|-miss|p2a: Cinderace|p1a: Great Tusk\n|\n|-weather|SunnyDay|[upkeep]\n|-heal|p1a: Great Tusk|23\/100|[from] item: Leftovers\n|-damage|p2a: Cinderace|65\/100 tox|[from] psn\n|upkeep\n|turn|28\n|\n|t:|1700497664\n|move|p2a: Cinderace|Pyro Ball|p1a: Great Tusk\n|-damage|p1a: Great Tusk|0 fnt\n|faint|p1a: Great Tusk\n|-end|p1a: Great Tusk|Protosynthesis|[silent]\n|\n|-weather|SunnyDay|[upkeep]\n|-damage|p2a: Cinderace|41\/100 tox|[from] psn\n|upkeep\n|\n|t:|1700497678\n|switch|p1a: Walking Wake|Walking Wake|100\/100\n|-activate|p1a: Walking Wake|ability: Protosynthesis\n|-start|p1a: Walking Wake|protosynthesisspe\n|turn|29\n|\n|t:|1700497688\n|move|p2a: Cinderace|Sucker Punch|p1a: Walking Wake\n|-start|p2a: Cinderace|typechange|Dark|[from] ability: Libero\n|-damage|p1a: Walking Wake|65\/100\n|move|p1a: Walking Wake|Flamethrower|p2a: Cinderace\n|-damage|p2a: Cinderace|0 fnt\n|faint|p2a: Cinderace\n|\n|-weather|SunnyDay|[upkeep]\n|upkeep\n|\n|t:|1700497694\n|switch|p2a: Ogerpon|Ogerpon-Wellspring-Tera, F, tera:Water|100\/100\n|-damage|p2a: Ogerpon|88\/100|[from] Stealth Rock\n|-ability|p2a: Ogerpon|Embody Aspect (Wellspring)|boost\n|-boost|p2a: Ogerpon|spd|1\n|turn|30\n|\n|t:|1700497702\n|-end|p1a: Walking Wake|Protosynthesis|[silent]\n|switch|p1a: Torkoal|Torkoal, F, shiny|92\/100\n|move|p2a: Ogerpon|Trailblaze|p1a: Torkoal\n|-resisted|p1a: Torkoal\n|-damage|p1a: Torkoal|83\/100\n|-boost|p2a: Ogerpon|spe|1\n|\n|-weather|SunnyDay|[upkeep]\n|upkeep\n|turn|31\n|\n|t:|1700497711\n|move|p2a: Ogerpon|Ivy Cudgel|p1a: Torkoal|[anim] Ivy Cudgel Water\n|-supereffective|p1a: Torkoal\n|-damage|p1a: Torkoal|35\/100\n|move|p1a: Torkoal|Yawn|p2a: Ogerpon\n|-start|p2a: Ogerpon|move: Yawn|[of] p1a: Torkoal\n|\n|-weather|SunnyDay|[upkeep]\n|upkeep\n|turn|32\n|\n|t:|1700497721\n|move|p2a: Ogerpon|Swords Dance|p2a: Ogerpon\n|-boost|p2a: Ogerpon|atk|2\n|move|p1a: Torkoal|Solar Beam||[still]\n|-prepare|p1a: Torkoal|Solar Beam\n|-anim|p1a: Torkoal|Solar Beam|p2a: Ogerpon\n|-supereffective|p2a: Ogerpon\n|-damage|p2a: Ogerpon|50\/100\n|\n|-weather|SunnyDay|[upkeep]\n|-end|p2a: Ogerpon|move: Yawn|[silent]\n|-status|p2a: Ogerpon|slp\n|upkeep\n|turn|33\n|\n|t:|1700497731\n|switch|p1a: Walking Wake|Walking Wake|65\/100\n|-activate|p1a: Walking Wake|ability: Protosynthesis\n|-start|p1a: Walking Wake|protosynthesisspe\n|cant|p2a: Ogerpon|slp\n|\n|-weather|SunnyDay|[upkeep]\n|upkeep\n|turn|34\n|inactive|Bumskidoo has 120 seconds left.\n|\n|t:|1700497769\n|-terastallize|p1a: Walking Wake|Fire\n|-curestatus|p2a: Ogerpon|slp|[msg]\n|move|p2a: Ogerpon|Horn Leech|p1a: Walking Wake\n|-resisted|p1a: Walking Wake\n|-damage|p1a: Walking Wake|17\/100\n|-heal|p2a: Ogerpon|77\/100|[from] drain|[of] p1a: Walking Wake\n|move|p1a: Walking Wake|Draco Meteor|p2a: Ogerpon\n|-damage|p2a: Ogerpon|5\/100\n|-unboost|p1a: Walking Wake|spa|2\n|\n|-weather|none\n|-end|p1a: Walking Wake|Protosynthesis\n|upkeep\n|turn|35\n|\n|t:|1700497789\n|move|p2a: Ogerpon|Ivy Cudgel|p1a: Walking Wake|[anim] Ivy Cudgel Water\n|-supereffective|p1a: Walking Wake\n|-damage|p1a: Walking Wake|0 fnt\n|faint|p1a: Walking Wake\n|-end|p1a: Walking Wake|Protosynthesis|[silent]\n|\n|upkeep\n|\n|t:|1700497795\n|switch|p1a: Torkoal|Torkoal, F, shiny|35\/100\n|-weather|SunnyDay|[from] ability: Drought|[of] p1a: Torkoal\n|turn|36\n|\n|t:|1700497800\n|move|p2a: Ogerpon|Ivy Cudgel|p1a: Torkoal|[anim] Ivy Cudgel Water\n|-supereffective|p1a: Torkoal\n|-damage|p1a: Torkoal|0 fnt\n|faint|p1a: Torkoal\n|\n|win|Bumskidoo\n|raw|ChosenLotion's rating: 1307 &rarr; <strong>1286<\/strong><br \/>(-21 for losing)\n|raw|Bumskidoo's rating: 1296 &rarr; <strong>1322<\/strong><br \/>(+26 for winning)\n|l|\u2606Bumskidoo\n|c|\u2606ChosenLotion|GG\n|c|\u2606ChosenLotion|Close\n","uploadtime":1700497830,"views":8,"p1id":"chosenlotion","p2id":"bumskidoo","formatid":"gen9ou","rating":1286,"private":0,"password":""}