{"id":"gen9ou-1996951458","p1":"dd qyad","p2":"asceofspades","format":"[Gen 9] OU","log":"|j|\u2606dd qyad\n|j|\u2606asceofspades\n|t:|1700748812\n|gametype|singles\n|player|p1|dd qyad|gambler|1518\n|player|p2|asceofspades|169|1501\n|teamsize|p1|6\n|teamsize|p2|6\n|gen|9\n|tier|[Gen 9] OU\n|rated|\n|rule|Sleep Clause Mod: Limit one foe put to sleep\n|rule|Species Clause: Limit one of each Pok\u00e9mon\n|rule|OHKO Clause: OHKO moves are banned\n|rule|Evasion Items Clause: Evasion items are banned\n|rule|Evasion Moves Clause: Evasion moves are banned\n|rule|Endless Battle Clause: Forcing endless battles is banned\n|rule|HP Percentage Mod: HP is shown in percentages\n|clearpoke\n|poke|p1|Rillaboom, M|\n|poke|p1|Kingambit, M|\n|poke|p1|Ogerpon-Cornerstone, F|\n|poke|p1|Great Tusk|\n|poke|p1|Iron Valiant|\n|poke|p1|Cinderace, F|\n|poke|p2|Iron Valiant|\n|poke|p2|Great Tusk|\n|poke|p2|Iron Moth|\n|poke|p2|Cinderace, F|\n|poke|p2|Ogerpon-Wellspring, F|\n|poke|p2|Zapdos|\n|teampreview\n|\n|t:|1700748881\n|start\n|switch|p1a: Great Tusk|Great Tusk|100\/100\n|switch|p2a: Cinderace|Cinderace, F|100\/100\n|turn|1\n|\n|t:|1700748896\n|move|p2a: Cinderace|U-turn|p1a: Great Tusk\n|-resisted|p1a: Great Tusk\n|-crit|p1a: Great Tusk\n|-damage|p1a: Great Tusk|92\/100\n|-damage|p2a: Cinderace|84\/100|[from] item: Rocky Helmet|[of] p1a: Great Tusk\n|\n|t:|1700748918\n|switch|p2a: Zapdos|Zapdos|100\/100|[from] U-turn\n|move|p1a: Great Tusk|Rapid Spin|p2a: Zapdos\n|-damage|p2a: Zapdos|87\/100\n|-boost|p1a: Great Tusk|spe|1\n|\n|upkeep\n|turn|2\n|\n|t:|1700748929\n|move|p1a: Great Tusk|Stealth Rock|p2a: Zapdos\n|-sidestart|p2: asceofspades|move: Stealth Rock\n|move|p2a: Zapdos|Hurricane|p1a: Great Tusk\n|-supereffective|p1a: Great Tusk\n|-damage|p1a: Great Tusk|0 fnt\n|faint|p1a: Great Tusk\n|-end|p1a: Great Tusk|Protosynthesis|[silent]\n|\n|upkeep\n|\n|t:|1700748934\n|switch|p1a: Iron Valiant|Iron Valiant|100\/100\n|-enditem|p1a: Iron Valiant|Booster Energy\n|-activate|p1a: Iron Valiant|ability: Quark Drive|[fromitem]\n|-start|p1a: Iron Valiant|quarkdrivespe\n|turn|3\n|\n|t:|1700748946\n|-terastallize|p1a: Iron Valiant|Electric\n|move|p1a: Iron Valiant|Calm Mind|p1a: Iron Valiant\n|-boost|p1a: Iron Valiant|spa|1\n|-boost|p1a: Iron Valiant|spd|1\n|move|p2a: Zapdos|Volt Switch|p1a: Iron Valiant\n|-resisted|p1a: Iron Valiant\n|-crit|p1a: Iron Valiant\n|-damage|p1a: Iron Valiant|64\/100\n|\n|t:|1700748991\n|switch|p2a: Cinderace|Cinderace, F|84\/100|[from] Volt Switch\n|\n|upkeep\n|turn|4\n|\n|t:|1700749042\n|move|p1a: Iron Valiant|Thunderbolt|p2a: Cinderace\n|-damage|p2a: Cinderace|1\/100\n|move|p2a: Cinderace|Pyro Ball|p1a: Iron Valiant\n|-damage|p1a: Iron Valiant|0 fnt\n|faint|p1a: Iron Valiant\n|-end|p1a: Iron Valiant|Quark Drive|[silent]\n|\n|upkeep\n|\n|t:|1700749051\n|switch|p1a: Rillaboom|Rillaboom, M|100\/100\n|-fieldstart|move: Grassy Terrain|[from] ability: Grassy Surge|[of] p1a: Rillaboom\n|turn|5\n|\n|t:|1700749066\n|switch|p2a: Zapdos|Zapdos|87\/100\n|move|p1a: Rillaboom|Grassy Glide|p2a: Zapdos\n|-resisted|p2a: Zapdos\n|-damage|p2a: Zapdos|59\/100\n|\n|upkeep\n|turn|6\n|\n|t:|1700749082\n|switch|p1a: Cinderace|Cinderace, F|100\/100\n|move|p2a: Zapdos|Thunder Wave|p1a: Cinderace\n|-status|p1a: Cinderace|par\n|\n|upkeep\n|turn|7\n|\n|t:|1700749092\n|move|p2a: Zapdos|Roost|p2a: Zapdos\n|-heal|p2a: Zapdos|100\/100\n|-singleturn|p2a: Zapdos|move: Roost\n|move|p1a: Cinderace|U-turn|p2a: Zapdos\n|-damage|p2a: Zapdos|84\/100\n|\n|t:|1700749096\n|switch|p1a: Ogerpon|Ogerpon-Cornerstone, F|100\/100|[from] U-turn\n|\n|-heal|p2a: Zapdos|90\/100|[from] Grassy Terrain\n|upkeep\n|turn|8\n|\n|t:|1700749130\n|-terastallize|p2a: Zapdos|Steel\n|move|p1a: Ogerpon|Ivy Cudgel|p2a: Zapdos|[anim] Ivy Cudgel Rock\n|-resisted|p2a: Zapdos\n|-damage|p2a: Zapdos|62\/100\n|move|p2a: Zapdos|Thunder Wave|p1a: Ogerpon\n|-status|p1a: Ogerpon|par\n|\n|-heal|p2a: Zapdos|68\/100|[from] Grassy Terrain\n|upkeep\n|turn|9\n|\n|t:|1700749142\n|move|p2a: Zapdos|Hurricane|p1a: Ogerpon\n|-damage|p1a: Ogerpon|44\/100 par\n|-start|p1a: Ogerpon|confusion\n|-activate|p1a: Ogerpon|confusion\n|-damage|p1a: Ogerpon|25\/100 par|[from] confusion\n|\n|-heal|p2a: Zapdos|74\/100|[from] Grassy Terrain\n|-heal|p1a: Ogerpon|31\/100 par|[from] Grassy Terrain\n|-fieldend|move: Grassy Terrain\n|upkeep\n|turn|10\n|-message|dd qyad forfeited.\n|\n|win|asceofspades\n|raw|dd qyad's rating: 1518 &rarr; <strong>1497<\/strong><br \/>(-21 for losing)\n|raw|asceofspades's rating: 1501 &rarr; <strong>1522<\/strong><br \/>(+21 for winning)\n|l|\u2606dd qyad\n","uploadtime":1700749156,"views":5,"p1id":"ddqyad","p2id":"asceofspades","formatid":"gen9ou","rating":1497,"private":0,"password":""}