{"id":"gen9ou-1992444758","p1":"ch1ck3n nu99ets","p2":"OhMeOhMyOhMeOhMy","format":"[Gen 9] OU","log":"|j|\u2606ch1ck3n nu99ets\n|j|\u2606OhMeOhMyOhMeOhMy\n|t:|1700188392\n|gametype|singles\n|player|p1|ch1ck3n nu99ets|265|1790\n|player|p2|OhMeOhMyOhMeOhMy|2|1695\n|teamsize|p1|6\n|teamsize|p2|6\n|gen|9\n|tier|[Gen 9] OU\n|rated|\n|rule|Sleep Clause Mod: Limit one foe put to sleep\n|rule|Species Clause: Limit one of each Pok\u00e9mon\n|rule|OHKO Clause: OHKO moves are banned\n|rule|Evasion Items Clause: Evasion items are banned\n|rule|Evasion Moves Clause: Evasion moves are banned\n|rule|Endless Battle Clause: Forcing endless battles is banned\n|rule|HP Percentage Mod: HP is shown in percentages\n|clearpoke\n|poke|p1|Lilligant-Hisui, F|\n|poke|p1|Tyranitar, M|\n|poke|p1|Volcanion|\n|poke|p1|Kleavor, F|\n|poke|p1|Enamorus-Therian, F|\n|poke|p1|Corviknight, M|\n|poke|p2|Rillaboom, F|\n|poke|p2|Sneasler, F|\n|poke|p2|Zamazenta-*|\n|poke|p2|Heatran, M|\n|poke|p2|Hatterene, F|\n|poke|p2|Manaphy|\n|teampreview\n|j| mister opium\n|inactive|Battle timer is ON: inactive players will automatically lose when time's up. (requested by OhMeOhMyOhMeOhMy)\n|\n|t:|1700188416\n|start\n|switch|p1a: Kleavor|Kleavor, F|100\/100\n|switch|p2a: Rillaboom|Rillaboom, F|100\/100\n|-fieldstart|move: Grassy Terrain|[from] ability: Grassy Surge|[of] p2a: Rillaboom\n|turn|1\n|j| yb is better\n|j| Ligmisius\n|\n|t:|1700188437\n|switch|p1a: Corviknight|Corviknight, M|100\/100\n|-ability|p1a: Corviknight|Pressure\n|move|p2a: Rillaboom|Grassy Glide|p1a: Corviknight\n|-resisted|p1a: Corviknight\n|-damage|p1a: Corviknight|93\/100\n|-damage|p2a: Rillaboom|84\/100|[from] item: Rocky Helmet|[of] p1a: Corviknight\n|\n|-heal|p2a: Rillaboom|90\/100|[from] Grassy Terrain\n|upkeep\n|turn|2\n|\n|t:|1700188441\n|switch|p2a: Heatran|Heatran, M|100\/100\n|-item|p2a: Heatran|Air Balloon\n|move|p1a: Corviknight|U-turn|p2a: Heatran\n|-resisted|p2a: Heatran\n|-damage|p2a: Heatran|97\/100\n|-enditem|p2a: Heatran|Air Balloon\n|\n|t:|1700188444\n|switch|p1a: Tyranitar|Tyranitar, M|100\/100|[from] U-turn\n|-weather|Sandstorm|[from] ability: Sand Stream|[of] p1a: Tyranitar\n|\n|-weather|Sandstorm|[upkeep]\n|-heal|p2a: Heatran|100\/100|[from] Grassy Terrain\n|upkeep\n|turn|3\n|\n|t:|1700188450\n|switch|p2a: Hatterene|Hatterene, F|100\/100\n|-enditem|p2a: Hatterene|Grassy Seed\n|-boost|p2a: Hatterene|def|1|[from] item: Grassy Seed\n|move|p1a: Tyranitar|Knock Off|p2a: Hatterene\n|-damage|p2a: Hatterene|67\/100\n|\n|-weather|Sandstorm|[upkeep]\n|-damage|p2a: Hatterene|61\/100|[from] Sandstorm\n|-heal|p2a: Hatterene|67\/100|[from] Grassy Terrain\n|upkeep\n|turn|4\n|\n|t:|1700188458\n|switch|p1a: Volcanion|Volcanion|100\/100\n|move|p2a: Hatterene|Calm Mind|p2a: Hatterene\n|-boost|p2a: Hatterene|spa|1\n|-boost|p2a: Hatterene|spd|1\n|\n|-weather|Sandstorm|[upkeep]\n|-damage|p1a: Volcanion|94\/100|[from] Sandstorm\n|-damage|p2a: Hatterene|61\/100|[from] Sandstorm\n|-heal|p1a: Volcanion|100\/100|[from] Grassy Terrain\n|-heal|p2a: Hatterene|67\/100|[from] Grassy Terrain\n|upkeep\n|turn|5\n|j| idiotpokemoner\n|\n|t:|1700188481\n|move|p1a: Volcanion|Haze|p1a: Volcanion\n|-clearallboost\n|move|p2a: Hatterene|Nuzzle|p1a: Volcanion\n|-supereffective|p1a: Volcanion\n|-damage|p1a: Volcanion|93\/100\n|-status|p1a: Volcanion|par\n|\n|-weather|Sandstorm|[upkeep]\n|-damage|p2a: Hatterene|61\/100|[from] Sandstorm\n|-damage|p1a: Volcanion|87\/100 par|[from] Sandstorm\n|-heal|p2a: Hatterene|67\/100|[from] Grassy Terrain\n|-heal|p1a: Volcanion|93\/100 par|[from] Grassy Terrain\n|-fieldend|move: Grassy Terrain\n|upkeep\n|turn|6\n|\n|t:|1700188487\n|move|p2a: Hatterene|Calm Mind|p2a: Hatterene\n|-boost|p2a: Hatterene|spa|1\n|-boost|p2a: Hatterene|spd|1\n|move|p1a: Volcanion|Steam Eruption|p2a: Hatterene\n|-damage|p2a: Hatterene|24\/100\n|\n|-weather|none\n|upkeep\n|turn|7\n|\n|t:|1700188491\n|move|p2a: Hatterene|Psyshock|p1a: Volcanion\n|-damage|p1a: Volcanion|50\/100 par\n|move|p1a: Volcanion|Flamethrower|p2a: Hatterene\n|-damage|p2a: Hatterene|0 fnt\n|faint|p2a: Hatterene\n|\n|upkeep\n|\n|t:|1700188503\n|switch|p2a: Rillaboom|Rillaboom, F|90\/100\n|-fieldstart|move: Grassy Terrain|[from] ability: Grassy Surge|[of] p2a: Rillaboom\n|turn|8\n|\n|t:|1700188510\n|switch|p1a: Corviknight|Corviknight, M|93\/100\n|-ability|p1a: Corviknight|Pressure\n|move|p2a: Rillaboom|U-turn|p1a: Corviknight\n|-resisted|p1a: Corviknight\n|-damage|p1a: Corviknight|88\/100\n|-damage|p2a: Rillaboom|73\/100|[from] item: Rocky Helmet|[of] p1a: Corviknight\n|j| T3AM_Aqua_Grunt \u2642\n|l| yb is better\n|j| yb is better\n|\n|t:|1700188540\n|switch|p2a: Heatran|Heatran, M|100\/100|[from] U-turn\n|\n|upkeep\n|turn|9\n|\n|t:|1700188546\n|switch|p1a: Tyranitar|Tyranitar, M|100\/100\n|-weather|Sandstorm|[from] ability: Sand Stream|[of] p1a: Tyranitar\n|move|p2a: Heatran|Magma Storm|p1a: Tyranitar|[miss]\n|-miss|p2a: Heatran|p1a: Tyranitar\n|\n|-weather|Sandstorm|[upkeep]\n|upkeep\n|turn|10\n|\n|t:|1700188554\n|move|p1a: Tyranitar|Earthquake|p2a: Heatran\n|-supereffective|p2a: Heatran\n|-damage|p2a: Heatran|0 fnt\n|faint|p2a: Heatran\n|\n|-weather|Sandstorm|[upkeep]\n|upkeep\n|\n|t:|1700188565\n|switch|p2a: Zamazenta|Zamazenta|100\/100\n|-ability|p2a: Zamazenta|Dauntless Shield|boost\n|-boost|p2a: Zamazenta|def|1\n|turn|11\n|\n|t:|1700188568\n|switch|p1a: Enamorus|Enamorus-Therian, F|100\/100\n|move|p2a: Zamazenta|Iron Defense|p2a: Zamazenta\n|-boost|p2a: Zamazenta|def|2\n|\n|-weather|Sandstorm|[upkeep]\n|-damage|p2a: Zamazenta|94\/100|[from] Sandstorm\n|-heal|p2a: Zamazenta|100\/100|[from] Grassy Terrain\n|upkeep\n|turn|12\n|\n|t:|1700188572\n|-terastallize|p2a: Zamazenta|Steel\n|move|p2a: Zamazenta|Heavy Slam|p1a: Enamorus\n|-supereffective|p1a: Enamorus\n|-damage|p1a: Enamorus|42\/100\n|move|p1a: Enamorus|Iron Defense|p1a: Enamorus\n|-boost|p1a: Enamorus|def|2\n|\n|-weather|Sandstorm|[upkeep]\n|-heal|p1a: Enamorus|48\/100|[from] item: Leftovers\n|-fieldend|move: Grassy Terrain\n|upkeep\n|turn|13\n|\n|t:|1700188580\n|move|p2a: Zamazenta|Heavy Slam|p1a: Enamorus\n|-supereffective|p1a: Enamorus\n|-crit|p1a: Enamorus\n|-damage|p1a: Enamorus|0 fnt\n|faint|p1a: Enamorus\n|\n|-weather|none\n|upkeep\n|c|\u2606ch1ck3n nu99ets|f\n|\n|t:|1700188594\n|switch|p1a: Volcanion|Volcanion|50\/100 par\n|turn|14\n|\n|t:|1700188598\n|-terastallize|p1a: Volcanion|Fairy\n|move|p2a: Zamazenta|Body Press|p1a: Volcanion\n|-resisted|p1a: Volcanion\n|-damage|p1a: Volcanion|8\/100 par\n|move|p1a: Volcanion|Flamethrower|p2a: Zamazenta\n|-supereffective|p2a: Zamazenta\n|-damage|p2a: Zamazenta|12\/100\n|\n|-heal|p2a: Zamazenta|19\/100|[from] item: Leftovers\n|upkeep\n|turn|15\n|\n|t:|1700188605\n|move|p2a: Zamazenta|Body Press|p1a: Volcanion\n|-resisted|p1a: Volcanion\n|-damage|p1a: Volcanion|0 fnt\n|faint|p1a: Volcanion\n|\n|-heal|p2a: Zamazenta|25\/100|[from] item: Leftovers\n|upkeep\n|\n|t:|1700188609\n|switch|p1a: Corviknight|Corviknight, M|88\/100\n|-ability|p1a: Corviknight|Pressure\n|turn|16\n|\n|t:|1700188629\n|move|p2a: Zamazenta|Iron Defense|p2a: Zamazenta\n|-boost|p2a: Zamazenta|def|2\n|move|p1a: Corviknight|Body Press|p2a: Zamazenta\n|-supereffective|p2a: Zamazenta\n|-damage|p2a: Zamazenta|13\/100\n|\n|-heal|p2a: Zamazenta|19\/100|[from] item: Leftovers\n|upkeep\n|turn|17\n|\n|t:|1700188634\n|move|p2a: Zamazenta|Body Press|p1a: Corviknight\n|-damage|p1a: Corviknight|4\/100\n|-damage|p2a: Zamazenta|3\/100|[from] item: Rocky Helmet|[of] p1a: Corviknight\n|move|p1a: Corviknight|Body Press|p2a: Zamazenta\n|-supereffective|p2a: Zamazenta\n|-damage|p2a: Zamazenta|0 fnt\n|faint|p2a: Zamazenta\n|\n|upkeep\n|\n|t:|1700188639\n|switch|p2a: Rillaboom|Rillaboom, F|73\/100\n|-fieldstart|move: Grassy Terrain|[from] ability: Grassy Surge|[of] p2a: Rillaboom\n|turn|18\n|\n|t:|1700188649\n|move|p2a: Rillaboom|Grassy Glide|p1a: Corviknight\n|-resisted|p1a: Corviknight\n|-damage|p1a: Corviknight|0 fnt\n|-damage|p2a: Rillaboom|57\/100|[from] item: Rocky Helmet|[of] p1a: Corviknight\n|faint|p1a: Corviknight\n|\n|-heal|p2a: Rillaboom|63\/100|[from] Grassy Terrain\n|upkeep\n|\n|t:|1700188655\n|switch|p1a: Lilligant|Lilligant-Hisui, F|100\/100\n|turn|19\n|\n|t:|1700188673\n|move|p2a: Rillaboom|Grassy Glide|p1a: Lilligant\n|-resisted|p1a: Lilligant\n|-damage|p1a: Lilligant|58\/100\n|move|p1a: Lilligant|Victory Dance|p1a: Lilligant\n|-boost|p1a: Lilligant|atk|1\n|-boost|p1a: Lilligant|def|1\n|-boost|p1a: Lilligant|spe|1\n|\n|-heal|p1a: Lilligant|64\/100|[from] Grassy Terrain\n|-heal|p2a: Rillaboom|69\/100|[from] Grassy Terrain\n|upkeep\n|turn|20\n|\n|t:|1700188679\n|move|p2a: Rillaboom|Grassy Glide|p1a: Lilligant\n|-resisted|p1a: Lilligant\n|-damage|p1a: Lilligant|38\/100\n|move|p1a: Lilligant|Victory Dance|p1a: Lilligant\n|-boost|p1a: Lilligant|atk|1\n|-boost|p1a: Lilligant|def|1\n|-boost|p1a: Lilligant|spe|1\n|\n|-heal|p1a: Lilligant|44\/100|[from] Grassy Terrain\n|-heal|p2a: Rillaboom|75\/100|[from] Grassy Terrain\n|upkeep\n|turn|21\n|\n|t:|1700188685\n|switch|p2a: Manaphy|Manaphy|100\/100\n|move|p1a: Lilligant|Victory Dance|p1a: Lilligant\n|-boost|p1a: Lilligant|atk|1\n|-boost|p1a: Lilligant|def|1\n|-boost|p1a: Lilligant|spe|1\n|\n|-heal|p1a: Lilligant|50\/100|[from] Grassy Terrain\n|upkeep\n|turn|22\n|\n|t:|1700188692\n|move|p1a: Lilligant|Leaf Blade|p2a: Manaphy\n|-supereffective|p2a: Manaphy\n|-damage|p2a: Manaphy|0 fnt\n|faint|p2a: Manaphy\n|\n|-heal|p1a: Lilligant|57\/100|[from] Grassy Terrain\n|-fieldend|move: Grassy Terrain\n|upkeep\n|\n|t:|1700188693\n|switch|p2a: Rillaboom|Rillaboom, F|75\/100\n|-fieldstart|move: Grassy Terrain|[from] ability: Grassy Surge|[of] p2a: Rillaboom\n|turn|23\n|\n|t:|1700188698\n|move|p1a: Lilligant|Leaf Blade|p2a: Rillaboom\n|-resisted|p2a: Rillaboom\n|-damage|p2a: Rillaboom|0 fnt\n|faint|p2a: Rillaboom\n|\n|-heal|p1a: Lilligant|63\/100|[from] Grassy Terrain\n|upkeep\n|\n|t:|1700188704\n|switch|p2a: Sneasler|Sneasler, F|100\/100\n|-enditem|p2a: Sneasler|Grassy Seed\n|-boost|p2a: Sneasler|def|1|[from] item: Grassy Seed\n|turn|24\n|\n|t:|1700188707\n|move|p1a: Lilligant|Leaf Blade|p2a: Sneasler\n|-resisted|p2a: Sneasler\n|-damage|p2a: Sneasler|0 fnt\n|faint|p2a: Sneasler\n|\n|win|ch1ck3n nu99ets\n|raw|ch1ck3n nu99ets's rating: 1790 &rarr; <strong>1805<\/strong><br \/>(+15 for winning)\n|raw|OhMeOhMyOhMeOhMy's rating: 1695 &rarr; <strong>1680<\/strong><br \/>(-15 for losing)\n|c|\u2606ch1ck3n nu99ets|gg\n|l|\u2606ch1ck3n nu99ets\n","uploadtime":1700188724,"views":7,"p1id":"ch1ck3nnu99ets","p2id":"ohmeohmyohmeohmy","formatid":"gen9ou","rating":1680,"private":0,"password":""}