{"id":"gen9ou-1999398596","p1":"Bouncy Cat PERI","p2":"PeskyTheIdiot","format":"[Gen 9] OU","log":"|j|\u2606Bouncy Cat PERI\n|j|\u2606PeskyTheIdiot\n|t:|1701073778\n|gametype|singles\n|player|p1|Bouncy Cat PERI|guitarist|\n|player|p2|PeskyTheIdiot|maid|\n|teamsize|p1|6\n|teamsize|p2|6\n|gen|9\n|tier|[Gen 9] OU\n|rule|Sleep Clause Mod: Limit one foe put to sleep\n|rule|Species Clause: Limit one of each Pok\u00e9mon\n|rule|OHKO Clause: OHKO moves are banned\n|rule|Evasion Items Clause: Evasion items are banned\n|rule|Evasion Moves Clause: Evasion moves are banned\n|rule|Endless Battle Clause: Forcing endless battles is banned\n|rule|HP Percentage Mod: HP is shown in percentages\n|clearpoke\n|poke|p1|Rillaboom, M|\n|poke|p1|Hawlucha, M|\n|poke|p1|Iron Thorns|\n|poke|p1|Slowking, F|\n|poke|p1|Zapdos|\n|poke|p1|Heatran, F|\n|poke|p2|Glimmora, M|\n|poke|p2|Ceruledge, M|\n|poke|p2|Iron Valiant|\n|poke|p2|Kingambit, M|\n|poke|p2|Dragonite, F|\n|poke|p2|Iron Moth|\n|teampreview\n|\n|t:|1701073793\n|start\n|switch|p1a: Im Despacito|Heatran, F|100\/100\n|switch|p2a: HIT ME|Glimmora, M|100\/100\n|-item|p1a: Im Despacito|Air Balloon\n|turn|1\n|\n|t:|1701073800\n|move|p2a: HIT ME|Stealth Rock|p1a: Im Despacito\n|-sidestart|p1: Bouncy Cat PERI|move: Stealth Rock\n|move|p1a: Im Despacito|Stealth Rock|p2a: HIT ME\n|-sidestart|p2: PeskyTheIdiot|move: Stealth Rock\n|\n|upkeep\n|turn|2\n|\n|t:|1701073816\n|move|p2a: HIT ME|Spikes|p1a: Im Despacito\n|-sidestart|p1: Bouncy Cat PERI|Spikes\n|move|p1a: Im Despacito|Earth Power|p2a: HIT ME\n|-supereffective|p2a: HIT ME\n|-enditem|p2a: HIT ME|Focus Sash\n|-damage|p2a: HIT ME|1\/100\n|\n|upkeep\n|turn|3\n|\n|t:|1701073822\n|switch|p1a: Fearo|Zapdos|100\/100\n|move|p2a: HIT ME|Mortal Spin|p1a: Fearo\n|-damage|p1a: Fearo|96\/100\n|-status|p1a: Fearo|psn\n|-sideend|p2: PeskyTheIdiot|Stealth Rock|[from] move: Mortal Spin|[of] p2a: HIT ME\n|\n|-damage|p1a: Fearo|83\/100 psn|[from] psn\n|upkeep\n|turn|4\n|\n|t:|1701073833\n|move|p2a: HIT ME|Spikes|p1a: Fearo\n|-sidestart|p1: Bouncy Cat PERI|Spikes\n|move|p1a: Fearo|U-turn|p2a: HIT ME\n|-resisted|p2a: HIT ME\n|-damage|p2a: HIT ME|0 fnt\n|-activate|p2a: HIT ME|ability: Toxic Debris\n|-sidestart|p1: Bouncy Cat PERI|move: Toxic Spikes\n|faint|p2a: HIT ME\n|\n|t:|1701073838\n|switch|p1a: Room Temperature|Slowking, F|100\/100|[from] U-turn\n|\n|upkeep\n|\n|t:|1701073849\n|switch|p2a: I can\u2019t stop\u2026|Dragonite, F|100\/100\n|turn|5\n|\n|t:|1701073857\n|move|p2a: I can\u2019t stop\u2026|Dragon Dance|p2a: I can\u2019t stop\u2026\n|-boost|p2a: I can\u2019t stop\u2026|atk|1\n|-boost|p2a: I can\u2019t stop\u2026|spe|1\n|move|p1a: Room Temperature|Scald|p2a: I can\u2019t stop\u2026\n|-resisted|p2a: I can\u2019t stop\u2026\n|-damage|p2a: I can\u2019t stop\u2026|93\/100\n|-status|p2a: I can\u2019t stop\u2026|brn\n|\n|-heal|p2a: I can\u2019t stop\u2026|99\/100 brn|[from] item: Leftovers\n|-damage|p2a: I can\u2019t stop\u2026|93\/100 brn|[from] brn\n|upkeep\n|turn|6\n|\n|t:|1701073867\n|move|p2a: I can\u2019t stop\u2026|Dragon Dance|p2a: I can\u2019t stop\u2026\n|-boost|p2a: I can\u2019t stop\u2026|atk|1\n|-boost|p2a: I can\u2019t stop\u2026|spe|1\n|move|p1a: Room Temperature|Chilly Reception|p1a: Room Temperature\n|-weather|Snow\n|\n|t:|1701073872\n|switch|p1a: Fearo|Zapdos|83\/100 psn|[from] Chilly Reception\n|\n|-weather|Snow|[upkeep]\n|-heal|p2a: I can\u2019t stop\u2026|99\/100 brn|[from] item: Leftovers\n|-damage|p1a: Fearo|71\/100 psn|[from] psn\n|-damage|p2a: I can\u2019t stop\u2026|93\/100 brn|[from] brn\n|upkeep\n|turn|7\n|\n|t:|1701073886\n|move|p2a: I can\u2019t stop\u2026|Ice Punch|p1a: Fearo\n|-supereffective|p1a: Fearo\n|-damage|p1a: Fearo|34\/100 psn\n|move|p1a: Fearo|Roost|p1a: Fearo\n|-heal|p1a: Fearo|84\/100 psn\n|-singleturn|p1a: Fearo|move: Roost\n|\n|-weather|Snow|[upkeep]\n|-heal|p2a: I can\u2019t stop\u2026|99\/100 brn|[from] item: Leftovers\n|-damage|p1a: Fearo|71\/100 psn|[from] psn\n|-damage|p2a: I can\u2019t stop\u2026|93\/100 brn|[from] brn\n|upkeep\n|turn|8\n|\n|t:|1701073892\n|move|p2a: I can\u2019t stop\u2026|Dragon Dance|p2a: I can\u2019t stop\u2026\n|-boost|p2a: I can\u2019t stop\u2026|atk|1\n|-boost|p2a: I can\u2019t stop\u2026|spe|1\n|move|p1a: Fearo|Thunderbolt|p2a: I can\u2019t stop\u2026\n|-damage|p2a: I can\u2019t stop\u2026|52\/100 brn\n|\n|-weather|Snow|[upkeep]\n|-heal|p2a: I can\u2019t stop\u2026|59\/100 brn|[from] item: Leftovers\n|-damage|p1a: Fearo|59\/100 psn|[from] psn\n|-damage|p2a: I can\u2019t stop\u2026|52\/100 brn|[from] brn\n|upkeep\n|turn|9\n|\n|t:|1701073899\n|move|p2a: I can\u2019t stop\u2026|Dragon Dance|p2a: I can\u2019t stop\u2026\n|-boost|p2a: I can\u2019t stop\u2026|atk|1\n|-boost|p2a: I can\u2019t stop\u2026|spe|1\n|move|p1a: Fearo|Hurricane|p2a: I can\u2019t stop\u2026\n|-damage|p2a: I can\u2019t stop\u2026|5\/100 brn\n|\n|-weather|Snow|[upkeep]\n|-heal|p2a: I can\u2019t stop\u2026|11\/100 brn|[from] item: Leftovers\n|-damage|p1a: Fearo|46\/100 psn|[from] psn\n|-damage|p2a: I can\u2019t stop\u2026|5\/100 brn|[from] brn\n|upkeep\n|turn|10\n|\n|t:|1701073915\n|switch|p1a: The Bananan|Rillaboom, M|100\/100\n|-damage|p1a: The Bananan|88\/100|[from] Stealth Rock\n|-damage|p1a: The Bananan|71\/100|[from] Spikes\n|-status|p1a: The Bananan|psn\n|-fieldstart|move: Grassy Terrain|[from] ability: Grassy Surge|[of] p1a: The Bananan\n|move|p2a: I can\u2019t stop\u2026|Ice Punch|p1a: The Bananan\n|-supereffective|p1a: The Bananan\n|-crit|p1a: The Bananan\n|-damage|p1a: The Bananan|0 fnt\n|faint|p1a: The Bananan\n|\n|-weather|none\n|-heal|p2a: I can\u2019t stop\u2026|11\/100 brn|[from] item: Leftovers\n|-damage|p2a: I can\u2019t stop\u2026|5\/100 brn|[from] brn\n|upkeep\n|\n|t:|1701073923\n|switch|p1a: Im Despacito|Heatran, F|100\/100\n|-damage|p1a: Im Despacito|88\/100|[from] Stealth Rock\n|-item|p1a: Im Despacito|Air Balloon\n|turn|11\n|\n|t:|1701073934\n|move|p2a: I can\u2019t stop\u2026|Extreme Speed|p1a: Im Despacito\n|-resisted|p1a: Im Despacito\n|-damage|p1a: Im Despacito|71\/100\n|-enditem|p1a: Im Despacito|Air Balloon\n|move|p1a: Im Despacito|Lava Plume|p2a: I can\u2019t stop\u2026\n|-resisted|p2a: I can\u2019t stop\u2026\n|-damage|p2a: I can\u2019t stop\u2026|0 fnt\n|faint|p2a: I can\u2019t stop\u2026\n|\n|-heal|p1a: Im Despacito|77\/100|[from] Grassy Terrain\n|upkeep\n|\n|t:|1701073958\n|switch|p2a: HIT ME part 2|Ceruledge, M|100\/100\n|turn|12\n|\n|t:|1701073964\n|move|p2a: HIT ME part 2|Swords Dance|p2a: HIT ME part 2\n|-boost|p2a: HIT ME part 2|atk|2\n|move|p1a: Im Despacito|Earth Power|p2a: HIT ME part 2\n|-supereffective|p2a: HIT ME part 2\n|-damage|p2a: HIT ME part 2|44\/100\n|\n|-heal|p2a: HIT ME part 2|50\/100|[from] Grassy Terrain\n|-heal|p1a: Im Despacito|83\/100|[from] Grassy Terrain\n|upkeep\n|turn|13\n|\n|t:|1701073975\n|switch|p1a: El Pendejo\u203c\ufe0f|Hawlucha, M, shiny|100\/100\n|-damage|p1a: El Pendejo\u203c\ufe0f|88\/100|[from] Stealth Rock\n|-enditem|p1a: El Pendejo\u203c\ufe0f|Grassy Seed\n|-boost|p1a: El Pendejo\u203c\ufe0f|def|1|[from] item: Grassy Seed\n|move|p2a: HIT ME part 2|Close Combat|p1a: El Pendejo\u203c\ufe0f\n|-resisted|p1a: El Pendejo\u203c\ufe0f\n|-damage|p1a: El Pendejo\u203c\ufe0f|52\/100\n|-unboost|p2a: HIT ME part 2|def|1\n|-unboost|p2a: HIT ME part 2|spd|1\n|\n|-heal|p2a: HIT ME part 2|56\/100|[from] Grassy Terrain\n|upkeep\n|turn|14\n|\n|t:|1701073990\n|move|p1a: El Pendejo\u203c\ufe0f|Stone Edge|p2a: HIT ME part 2|[miss]\n|-miss|p1a: El Pendejo\u203c\ufe0f|p2a: HIT ME part 2\n|move|p2a: HIT ME part 2|Bitter Blade|p1a: El Pendejo\u203c\ufe0f\n|-damage|p1a: El Pendejo\u203c\ufe0f|0 fnt\n|-heal|p2a: HIT ME part 2|84\/100|[from] drain|[of] p1a: El Pendejo\u203c\ufe0f\n|faint|p1a: El Pendejo\u203c\ufe0f\n|\n|-heal|p2a: HIT ME part 2|90\/100|[from] Grassy Terrain\n|upkeep\n|c|\u2606Bouncy Cat PERI|I have been trolled\n|\n|t:|1701074012\n|switch|p1a: MechaTtar|Iron Thorns|100\/100\n|-damage|p1a: MechaTtar|88\/100|[from] Stealth Rock\n|-damage|p1a: MechaTtar|72\/100|[from] Spikes\n|-status|p1a: MechaTtar|psn\n|turn|15\n|c|\u2606PeskyTheIdiot|Oh no\n|c|\u2606PeskyTheIdiot|I\u2019ve been walled\n|\n|t:|1701074025\n|-terastallize|p1a: MechaTtar|Bug\n|move|p2a: HIT ME part 2|Close Combat|p1a: MechaTtar\n|-resisted|p1a: MechaTtar\n|-damage|p1a: MechaTtar|39\/100 psn\n|-unboost|p2a: HIT ME part 2|def|1\n|-unboost|p2a: HIT ME part 2|spd|1\n|move|p1a: MechaTtar|Dragon Dance|p1a: MechaTtar\n|-boost|p1a: MechaTtar|atk|1\n|-boost|p1a: MechaTtar|spe|1\n|\n|-heal|p1a: MechaTtar|45\/100 psn|[from] Grassy Terrain\n|-heal|p2a: HIT ME part 2|96\/100|[from] Grassy Terrain\n|-damage|p1a: MechaTtar|33\/100 psn|[from] psn\n|upkeep\n|turn|16\n|\n|t:|1701074036\n|move|p1a: MechaTtar|Rock Blast|p2a: HIT ME part 2|[miss]\n|-miss|p1a: MechaTtar|p2a: HIT ME part 2\n|move|p2a: HIT ME part 2|Bitter Blade|p1a: MechaTtar\n|-supereffective|p1a: MechaTtar\n|-damage|p1a: MechaTtar|0 fnt\n|-heal|p2a: HIT ME part 2|100\/100|[from] drain|[of] p1a: MechaTtar\n|faint|p1a: MechaTtar\n|-end|p1a: MechaTtar|Quark Drive|[silent]\n|\n|upkeep\n|j| GalacticEclipse999\n|c|\u2606Bouncy Cat PERI|You cannot be serious\n|c|\u2606Bouncy Cat PERI|I hate rock types\n|c|\u2606PeskyTheIdiot|LOL\n|\n|t:|1701074059\n|switch|p1a: Fearo|Zapdos|46\/100 psn\n|turn|17\n|c|\u2606PeskyTheIdiot|I am absolutely astonished\n|c|\u2606PeskyTheIdiot|You had me lol\n|\n|t:|1701074073\n|move|p2a: HIT ME part 2|Poltergeist|p1a: Fearo\n|-activate|p1a: Fearo|move: Poltergeist|Heavy-Duty Boots\n|-damage|p1a: Fearo|0 fnt\n|faint|p1a: Fearo\n|\n|-fieldend|move: Grassy Terrain\n|upkeep\n|\n|t:|1701074079\n|switch|p1a: Room Temperature|Slowking, F|100\/100\n|turn|18\n|\n|t:|1701074082\n|move|p2a: HIT ME part 2|Poltergeist|p1a: Room Temperature\n|-activate|p1a: Room Temperature|move: Poltergeist|Heavy-Duty Boots\n|-supereffective|p1a: Room Temperature\n|-damage|p1a: Room Temperature|0 fnt\n|faint|p1a: Room Temperature\n|\n|upkeep\n|\n|t:|1701074087\n|switch|p1a: Im Despacito|Heatran, F|83\/100\n|-damage|p1a: Im Despacito|71\/100|[from] Stealth Rock\n|-damage|p1a: Im Despacito|54\/100|[from] Spikes\n|turn|19\n|\n|t:|1701074092\n|move|p2a: HIT ME part 2|Close Combat|p1a: Im Despacito\n|-supereffective|p1a: Im Despacito\n|-damage|p1a: Im Despacito|0 fnt\n|-unboost|p2a: HIT ME part 2|def|1\n|-unboost|p2a: HIT ME part 2|spd|1\n|faint|p1a: Im Despacito\n|\n|win|PeskyTheIdiot\n|c|\u2606Bouncy Cat PERI|Rng\n|c|\u2606Bouncy Cat PERI|\ud83e\udea6\n","uploadtime":1701074101,"views":3,"p1id":"bouncycatperi","p2id":"peskytheidiot","formatid":"gen9ou","rating":0,"private":0,"password":""}