{"id":"gen9ou-1997194140","p1":"empoleon9000","p2":"arielk","format":"[Gen 9] OU","log":"|j|\u2606empoleon9000\n|j|\u2606arielk\n|t:|1700774208\n|gametype|singles\n|player|p1|empoleon9000|102|\n|player|p2|arielk|rika|\n|teamsize|p1|6\n|teamsize|p2|6\n|gen|9\n|tier|[Gen 9] OU\n|rule|Sleep Clause Mod: Limit one foe put to sleep\n|rule|Species Clause: Limit one of each Pok\u00e9mon\n|rule|OHKO Clause: OHKO moves are banned\n|rule|Evasion Items Clause: Evasion items are banned\n|rule|Evasion Moves Clause: Evasion moves are banned\n|rule|Endless Battle Clause: Forcing endless battles is banned\n|rule|HP Percentage Mod: HP is shown in percentages\n|clearpoke\n|poke|p1|Alomomola, F|\n|poke|p1|Slowking-Galar, F|\n|poke|p1|Frosmoth, M|\n|poke|p1|Kingambit, F|\n|poke|p1|Landorus-Therian, M|\n|poke|p1|Cinderace, M|\n|poke|p2|Rillaboom, M|\n|poke|p2|Garganacl, F|\n|poke|p2|Ogerpon-Wellspring, F|\n|poke|p2|Iron Moth|\n|poke|p2|Great Tusk|\n|poke|p2|Gholdengo|\n|teampreview\n|c|\u2606arielk|hf\n|c|\u2606empoleon9000|glhf\n|\n|t:|1700774274\n|start\n|switch|p1a: Landorus|Landorus-Therian, M|100\/100\n|switch|p2a: Great Tusk|Great Tusk|100\/100\n|-ability|p1a: Landorus|Intimidate|boost\n|-unboost|p2a: Great Tusk|atk|1\n|turn|1\n|\n|t:|1700774291\n|move|p1a: Landorus|Substitute|p1a: Landorus\n|-start|p1a: Landorus|Substitute\n|-damage|p1a: Landorus|76\/100\n|move|p2a: Great Tusk|Ice Spinner|p1a: Landorus\n|-supereffective|p1a: Landorus\n|-end|p1a: Landorus|Substitute\n|\n|-heal|p1a: Landorus|82\/100|[from] item: Leftovers\n|upkeep\n|turn|2\n|\n|t:|1700774322\n|switch|p1a: Cinderace|Cinderace, M|100\/100\n|move|p2a: Great Tusk|Stealth Rock|p1a: Cinderace\n|-sidestart|p1: empoleon9000|move: Stealth Rock\n|\n|upkeep\n|turn|3\n|\n|t:|1700774330\n|move|p1a: Cinderace|Will-O-Wisp|p2a: Great Tusk\n|-status|p2a: Great Tusk|brn\n|move|p2a: Great Tusk|Rapid Spin|p1a: Cinderace\n|-damage|p1a: Cinderace|95\/100\n|-boost|p2a: Great Tusk|spe|1\n|\n|-damage|p2a: Great Tusk|94\/100 brn|[from] brn\n|upkeep\n|turn|4\n|\n|t:|1700774343\n|move|p2a: Great Tusk|Headlong Rush|p1a: Cinderace\n|-supereffective|p1a: Cinderace\n|-damage|p1a: Cinderace|56\/100\n|-unboost|p2a: Great Tusk|def|1\n|-unboost|p2a: Great Tusk|spd|1\n|move|p1a: Cinderace|Court Change|p1a: Cinderace\n|-swapsideconditions\n|-activate|p1a: Cinderace|move: Court Change\n|\n|-heal|p2a: Great Tusk|100\/100 brn|[from] item: Leftovers\n|-damage|p2a: Great Tusk|94\/100 brn|[from] brn\n|upkeep\n|turn|5\n|j| Hallowed_Hazel\n|c|\u2606arielk|that damage is actually pathetic\n|\n|t:|1700774365\n|move|p2a: Great Tusk|Rapid Spin|p1a: Cinderace\n|-damage|p1a: Cinderace|49\/100\n|-boost|p2a: Great Tusk|spe|1\n|-sideend|p2: arielk|Stealth Rock|[from] move: Rapid Spin|[of] p2a: Great Tusk\n|move|p1a: Cinderace|U-turn|p2a: Great Tusk\n|-resisted|p2a: Great Tusk\n|-damage|p2a: Great Tusk|87\/100 brn\n|c| Hallowed_Hazel|what tournament is this?\n|c|\u2606empoleon9000|ou champs\n|\n|t:|1700774401\n|switch|p1a: Landorus|Landorus-Therian, M|82\/100|[from] U-turn\n|-ability|p1a: Landorus|Intimidate|boost\n|-unboost|p2a: Great Tusk|atk|1\n|\n|-heal|p2a: Great Tusk|93\/100 brn|[from] item: Leftovers\n|-heal|p1a: Landorus|88\/100|[from] item: Leftovers\n|-damage|p2a: Great Tusk|87\/100 brn|[from] brn\n|upkeep\n|turn|6\n|c| Hallowed_Hazel|huh, i mustve missed the signup announcement\n|\n|t:|1700774445\n|-end|p2a: Great Tusk|Protosynthesis|[silent]\n|switch|p2a: Gholdengo|Gholdengo|100\/100\n|-item|p2a: Gholdengo|Air Balloon\n|move|p1a: Landorus|Earthquake|p2a: Gholdengo\n|-immune|p2a: Gholdengo\n|\n|-heal|p1a: Landorus|94\/100|[from] item: Leftovers\n|upkeep\n|turn|7\n|c|\u2606arielk|rip\n|\n|t:|1700774480\n|switch|p1a: Alomomola|Alomomola, F|100\/100\n|move|p2a: Gholdengo|Shadow Ball|p1a: Alomomola\n|-damage|p1a: Alomomola|82\/100\n|\n|upkeep\n|turn|8\n|\n|t:|1700774497\n|switch|p2a: Ogerpon|Ogerpon-Wellspring, F|100\/100\n|switch|p1a: Kingambit|Kingambit, F|100\/100\n|\n|upkeep\n|turn|9\n|\n|t:|1700774530\n|move|p2a: Ogerpon|Ivy Cudgel|p1a: Kingambit|[anim] Ivy Cudgel Water\n|-damage|p1a: Kingambit|52\/100\n|move|p1a: Kingambit|Kowtow Cleave|p2a: Ogerpon\n|-damage|p2a: Ogerpon|31\/100\n|\n|upkeep\n|turn|10\n|\n|t:|1700774575\n|switch|p2a: Great Tusk|Great Tusk|87\/100 brn\n|move|p1a: Kingambit|Kowtow Cleave|p2a: Great Tusk\n|-resisted|p2a: Great Tusk\n|-damage|p2a: Great Tusk|71\/100 brn\n|\n|-heal|p2a: Great Tusk|77\/100 brn|[from] item: Leftovers\n|-damage|p2a: Great Tusk|71\/100 brn|[from] brn\n|upkeep\n|turn|11\n|\n|t:|1700774632\n|-end|p1a: Kingambit|fallenundefined|[silent]\n|switch|p1a: Frosmoth|Frosmoth, M|100\/100\n|move|p2a: Great Tusk|Stealth Rock|p1a: Frosmoth\n|-sidestart|p1: empoleon9000|move: Stealth Rock\n|\n|-heal|p2a: Great Tusk|77\/100 brn|[from] item: Leftovers\n|-damage|p2a: Great Tusk|71\/100 brn|[from] brn\n|upkeep\n|turn|12\n|\n|t:|1700774650\n|-end|p2a: Great Tusk|Protosynthesis|[silent]\n|switch|p2a: Iron Moth|Iron Moth|100\/100\n|move|p1a: Frosmoth|Quiver Dance|p1a: Frosmoth\n|-boost|p1a: Frosmoth|spa|1\n|-boost|p1a: Frosmoth|spd|1\n|-boost|p1a: Frosmoth|spe|1\n|\n|upkeep\n|turn|13\n|\n|t:|1700774657\n|-terastallize|p1a: Frosmoth|Ground\n|move|p1a: Frosmoth|Tera Blast|p2a: Iron Moth|[anim] Tera Blast Ground\n|-supereffective|p2a: Iron Moth\n|-damage|p2a: Iron Moth|0 fnt\n|faint|p2a: Iron Moth\n|-end|p2a: Iron Moth|Quark Drive|[silent]\n|\n|upkeep\n|\n|t:|1700774667\n|switch|p2a: Rillaboom|Rillaboom, M|100\/100\n|-fieldstart|move: Grassy Terrain|[from] ability: Grassy Surge|[of] p2a: Rillaboom\n|turn|14\n|\n|t:|1700774691\n|switch|p1a: Slowking|Slowking-Galar, F|100\/100\n|move|p2a: Rillaboom|Knock Off|p1a: Slowking\n|-supereffective|p1a: Slowking\n|-damage|p1a: Slowking|28\/100\n|-enditem|p1a: Slowking|Heavy-Duty Boots|[from] move: Knock Off|[of] p2a: Rillaboom\n|\n|-heal|p1a: Slowking|35\/100|[from] Grassy Terrain\n|upkeep\n|turn|15\n|\n|t:|1700774732\n|switch|p1a: Kingambit|Kingambit, F|52\/100\n|-damage|p1a: Kingambit|46\/100|[from] Stealth Rock\n|move|p2a: Rillaboom|Knock Off|p1a: Kingambit\n|-resisted|p1a: Kingambit\n|-damage|p1a: Kingambit|24\/100\n|-enditem|p1a: Kingambit|Black Glasses|[from] move: Knock Off|[of] p2a: Rillaboom\n|\n|-heal|p1a: Kingambit|30\/100|[from] Grassy Terrain\n|upkeep\n|turn|16\n|\n|t:|1700774741\n|switch|p2a: Great Tusk|Great Tusk|71\/100 brn\n|move|p1a: Kingambit|Iron Head|p2a: Great Tusk\n|-damage|p2a: Great Tusk|46\/100 brn\n|\n|-heal|p2a: Great Tusk|52\/100 brn|[from] Grassy Terrain\n|-heal|p2a: Great Tusk|59\/100 brn|[from] item: Leftovers\n|-heal|p1a: Kingambit|37\/100|[from] Grassy Terrain\n|-damage|p2a: Great Tusk|52\/100 brn|[from] brn\n|upkeep\n|turn|17\n|\n|t:|1700774751\n|move|p2a: Great Tusk|Headlong Rush|p1a: Kingambit\n|-supereffective|p1a: Kingambit\n|-damage|p1a: Kingambit|0 fnt\n|-unboost|p2a: Great Tusk|def|1\n|-unboost|p2a: Great Tusk|spd|1\n|faint|p1a: Kingambit\n|-end|p1a: Kingambit|fallenundefined|[silent]\n|\n|-heal|p2a: Great Tusk|59\/100 brn|[from] Grassy Terrain\n|-heal|p2a: Great Tusk|65\/100 brn|[from] item: Leftovers\n|-damage|p2a: Great Tusk|59\/100 brn|[from] brn\n|upkeep\n|\n|t:|1700774757\n|switch|p1a: Cinderace|Cinderace, M|49\/100\n|turn|18\n|\n|t:|1700774760\n|move|p1a: Cinderace|Court Change|p1a: Cinderace\n|-swapsideconditions\n|-activate|p1a: Cinderace|move: Court Change\n|move|p2a: Great Tusk|Rapid Spin|p1a: Cinderace\n|-damage|p1a: Cinderace|40\/100\n|-boost|p2a: Great Tusk|spe|1\n|-sideend|p2: arielk|Stealth Rock|[from] move: Rapid Spin|[of] p2a: Great Tusk\n|\n|-heal|p2a: Great Tusk|65\/100 brn|[from] Grassy Terrain\n|-heal|p2a: Great Tusk|71\/100 brn|[from] item: Leftovers\n|-heal|p1a: Cinderace|46\/100|[from] Grassy Terrain\n|-damage|p2a: Great Tusk|65\/100 brn|[from] brn\n|-fieldend|move: Grassy Terrain\n|upkeep\n|turn|19\n|\n|t:|1700774771\n|switch|p1a: Frosmoth|Frosmoth, M, tera:Ground|100\/100\n|move|p2a: Great Tusk|Stealth Rock|p1a: Frosmoth\n|-sidestart|p1: empoleon9000|move: Stealth Rock\n|\n|-heal|p2a: Great Tusk|71\/100 brn|[from] item: Leftovers\n|-damage|p2a: Great Tusk|65\/100 brn|[from] brn\n|upkeep\n|turn|20\n|\n|t:|1700774780\n|move|p2a: Great Tusk|Ice Spinner|p1a: Frosmoth\n|-supereffective|p1a: Frosmoth\n|-damage|p1a: Frosmoth|58\/100\n|move|p1a: Frosmoth|Ice Beam|p2a: Great Tusk\n|-supereffective|p2a: Great Tusk\n|-damage|p2a: Great Tusk|0 fnt\n|faint|p2a: Great Tusk\n|-end|p2a: Great Tusk|Protosynthesis|[silent]\n|\n|upkeep\n|\n|t:|1700774787\n|switch|p2a: Ogerpon|Ogerpon-Wellspring, F|31\/100\n|turn|21\n|\n|t:|1700774805\n|switch|p1a: Landorus|Landorus-Therian, M|94\/100\n|-damage|p1a: Landorus|81\/100|[from] Stealth Rock\n|-ability|p1a: Landorus|Intimidate|boost\n|-unboost|p2a: Ogerpon|atk|1\n|move|p2a: Ogerpon|Horn Leech|p1a: Landorus\n|-damage|p1a: Landorus|47\/100\n|-heal|p2a: Ogerpon|48\/100|[from] drain|[of] p1a: Landorus\n|\n|-heal|p1a: Landorus|53\/100|[from] item: Leftovers\n|upkeep\n|turn|22\n|\n|t:|1700774826\n|switch|p1a: Slowking|Slowking-Galar, F|68\/100\n|-damage|p1a: Slowking|55\/100|[from] Stealth Rock\n|move|p2a: Ogerpon|Horn Leech|p1a: Slowking\n|-resisted|p1a: Slowking\n|-damage|p1a: Slowking|45\/100\n|-heal|p2a: Ogerpon|55\/100|[from] drain|[of] p1a: Slowking\n|\n|upkeep\n|turn|23\n|\n|t:|1700774835\n|move|p2a: Ogerpon|Spikes|p1a: Slowking\n|-sidestart|p1: empoleon9000|Spikes\n|move|p1a: Slowking|Chilly Reception|p1a: Slowking\n|-weather|Snow\n|\n|t:|1700774839\n|switch|p1a: Cinderace|Cinderace, M|46\/100|[from] Chilly Reception\n|\n|-weather|Snow|[upkeep]\n|upkeep\n|turn|24\n|\n|t:|1700774851\n|move|p1a: Cinderace|Pyro Ball|p2a: Ogerpon\n|-damage|p2a: Ogerpon|0 fnt\n|faint|p2a: Ogerpon\n|\n|-weather|Snow|[upkeep]\n|upkeep\n|\n|t:|1700774855\n|switch|p2a: Rillaboom|Rillaboom, M|100\/100\n|-fieldstart|move: Grassy Terrain|[from] ability: Grassy Surge|[of] p2a: Rillaboom\n|turn|25\n|\n|t:|1700774867\n|-terastallize|p2a: Rillaboom|Grass\n|move|p2a: Rillaboom|Grassy Glide|p1a: Cinderace\n|-resisted|p1a: Cinderace\n|-damage|p1a: Cinderace|0 fnt\n|faint|p1a: Cinderace\n|\n|-weather|Snow|[upkeep]\n|upkeep\n|\n|t:|1700774917\n|switch|p1a: Slowking|Slowking-Galar, F|78\/100\n|-damage|p1a: Slowking|65\/100|[from] Stealth Rock\n|-damage|p1a: Slowking|53\/100|[from] Spikes\n|turn|26\n|\n|t:|1700774973\n|switch|p2a: Garganacl|Garganacl, F|100\/100\n|move|p1a: Slowking|Chilly Reception|p1a: Slowking\n|\n|t:|1700775016\n|switch|p1a: Frosmoth|Frosmoth, M, tera:Ground|58\/100|[from] Chilly Reception\n|-damage|p1a: Frosmoth|52\/100|[from] Stealth Rock\n|-damage|p1a: Frosmoth|39\/100|[from] Spikes\n|\n|-weather|Snow|[upkeep]\n|-heal|p1a: Frosmoth|45\/100|[from] Grassy Terrain\n|upkeep\n|turn|27\n|\n|t:|1700775023\n|move|p1a: Frosmoth|Aurora Veil|p1a: Frosmoth\n|-sidestart|p1: empoleon9000|move: Aurora Veil\n|move|p2a: Garganacl|Salt Cure|p1a: Frosmoth\n|-resisted|p1a: Frosmoth\n|-damage|p1a: Frosmoth|40\/100\n|-start|p1a: Frosmoth|Salt Cure\n|\n|-weather|none\n|-heal|p1a: Frosmoth|46\/100|[from] Grassy Terrain\n|-damage|p1a: Frosmoth|33\/100|[from] Salt Cure\n|upkeep\n|turn|28\n|\n|t:|1700775053\n|switch|p2a: Gholdengo|Gholdengo|100\/100\n|-item|p2a: Gholdengo|Air Balloon\n|move|p1a: Frosmoth|Ice Beam|p2a: Gholdengo\n|-resisted|p2a: Gholdengo\n|-damage|p2a: Gholdengo|79\/100\n|-enditem|p2a: Gholdengo|Air Balloon\n|\n|-heal|p1a: Frosmoth|39\/100|[from] Grassy Terrain\n|-heal|p2a: Gholdengo|85\/100|[from] Grassy Terrain\n|-damage|p1a: Frosmoth|27\/100|[from] Salt Cure\n|upkeep\n|turn|29\n|\n|t:|1700775062\n|switch|p2a: Rillaboom|Rillaboom, M, tera:Grass|100\/100\n|move|p1a: Frosmoth|Tera Blast|p2a: Rillaboom|[anim] Tera Blast Ground\n|-resisted|p2a: Rillaboom\n|-damage|p2a: Rillaboom|75\/100\n|\n|-heal|p1a: Frosmoth|33\/100|[from] Grassy Terrain\n|-heal|p2a: Rillaboom|82\/100|[from] Grassy Terrain\n|-damage|p1a: Frosmoth|20\/100|[from] Salt Cure\n|-fieldend|move: Grassy Terrain\n|upkeep\n|turn|30\n|\n|t:|1700775084\n|move|p1a: Frosmoth|Ice Beam|p2a: Rillaboom\n|-supereffective|p2a: Rillaboom\n|-damage|p2a: Rillaboom|0 fnt\n|faint|p2a: Rillaboom\n|\n|-damage|p1a: Frosmoth|8\/100|[from] Salt Cure\n|upkeep\n|c|\u2606arielk|omg terrain ran out\n|c|\u2606empoleon9000|:)\n|c|\u2606arielk|oops\n|\n|t:|1700775105\n|switch|p2a: Gholdengo|Gholdengo|85\/100\n|turn|31\n|\n|t:|1700775109\n|switch|p2a: Garganacl|Garganacl, F|100\/100\n|move|p1a: Frosmoth|Tera Blast|p2a: Garganacl|[anim] Tera Blast Ground\n|-supereffective|p2a: Garganacl\n|-damage|p2a: Garganacl|50\/100\n|\n|-damage|p1a: Frosmoth|0 fnt|[from] Salt Cure\n|faint|p1a: Frosmoth\n|upkeep\n|\n|t:|1700775119\n|switch|p1a: Landorus|Landorus-Therian, M|53\/100\n|-damage|p1a: Landorus|41\/100|[from] Stealth Rock\n|-ability|p1a: Landorus|Intimidate|boost\n|-unboost|p2a: Garganacl|atk|1\n|turn|32\n|\n|t:|1700775125\n|move|p1a: Landorus|Earthquake|p2a: Garganacl\n|-supereffective|p2a: Garganacl\n|-damage|p2a: Garganacl|0 fnt\n|faint|p2a: Garganacl\n|\n|-heal|p1a: Landorus|47\/100|[from] item: Leftovers\n|upkeep\n|\n|t:|1700775127\n|switch|p2a: Gholdengo|Gholdengo|85\/100\n|turn|33\n|\n|t:|1700775131\n|move|p1a: Landorus|Earthquake|p2a: Gholdengo\n|-supereffective|p2a: Gholdengo\n|-damage|p2a: Gholdengo|0 fnt\n|faint|p2a: Gholdengo\n|\n|win|empoleon9000\n|c|\u2606arielk|ggs\n|c|\u2606empoleon9000|gg\n|c|\u2606arielk|bo3 right\n|c|\u2606empoleon9000|yep\n|c|\u2606arielk|cool can you rechall me\n|c|\u2606arielk|cus idk how to do the condition\n|c|\u2606empoleon9000|sure\n|l|\u2606empoleon9000\n|l| Hallowed_Hazel\n","uploadtime":1700775136,"views":22,"p1id":"empoleon9000","p2id":"arielk","formatid":"gen9ou","rating":0,"private":0,"password":""}