{"id":"gen9ou-1989238061","p1":"wooloo supremacy","p2":"swumpy mumpus","format":"[Gen 9] OU","log":"|j|\u2606wooloo supremacy\n|j|\u2606swumpy mumpus\n|t:|1699826704\n|gametype|singles\n|player|p1|wooloo supremacy|adaman|1625\n|player|p2|swumpy mumpus|169|1671\n|teamsize|p1|6\n|teamsize|p2|6\n|gen|9\n|tier|[Gen 9] OU\n|rated|\n|rule|Sleep Clause Mod: Limit one foe put to sleep\n|rule|Species Clause: Limit one of each Pok\u00e9mon\n|rule|OHKO Clause: OHKO moves are banned\n|rule|Evasion Items Clause: Evasion items are banned\n|rule|Evasion Moves Clause: Evasion moves are banned\n|rule|Endless Battle Clause: Forcing endless battles is banned\n|rule|HP Percentage Mod: HP is shown in percentages\n|clearpoke\n|poke|p1|Great Tusk|\n|poke|p1|Hatterene, F|\n|poke|p1|Dondozo, M|\n|poke|p1|Mandibuzz, F|\n|poke|p1|Heatran, F|\n|poke|p1|Dragapult, F|\n|poke|p2|Great Tusk|\n|poke|p2|Kommo-o, M|\n|poke|p2|Rillaboom, M|\n|poke|p2|Dragapult, M|\n|poke|p2|Fezandipiti, M|\n|poke|p2|Gholdengo|\n|teampreview\n|inactive|Battle timer is ON: inactive players will automatically lose when time's up. (requested by wooloo supremacy)\n|inactive|wooloo supremacy has 120 seconds left.\n|\n|t:|1699826762\n|start\n|switch|p1a: Heatran|Heatran, F|100\/100\n|switch|p2a: Rillaboom|Rillaboom, M|100\/100\n|-fieldstart|move: Grassy Terrain|[from] ability: Grassy Surge|[of] p2a: Rillaboom\n|turn|1\n|\n|t:|1699826769\n|switch|p2a: Fezandipiti|Fezandipiti, M|100\/100\n|move|p1a: Heatran|Protect||[still]\n|-fail|p1a: Heatran\n|\n|upkeep\n|turn|2\n|\n|t:|1699826776\n|move|p2a: Fezandipiti|U-turn|p1a: Heatran\n|-resisted|p1a: Heatran\n|-damage|p1a: Heatran|98\/100\n|\n|t:|1699826781\n|switch|p2a: Dragapult|Dragapult, M|100\/100|[from] U-turn\n|move|p1a: Heatran|Magma Storm|p2a: Dragapult|[miss]\n|-miss|p1a: Heatran|p2a: Dragapult\n|\n|-heal|p1a: Heatran|100\/100|[from] Grassy Terrain\n|upkeep\n|turn|3\n|\n|t:|1699826785\n|move|p2a: Dragapult|Substitute|p2a: Dragapult\n|-start|p2a: Dragapult|Substitute\n|-damage|p2a: Dragapult|76\/100\n|move|p1a: Heatran|Magma Storm|p2a: Dragapult\n|-resisted|p2a: Dragapult\n|-end|p2a: Dragapult|Substitute\n|\n|-heal|p2a: Dragapult|82\/100|[from] Grassy Terrain\n|-heal|p2a: Dragapult|88\/100|[from] item: Leftovers\n|upkeep\n|turn|4\n|\n|t:|1699826788\n|move|p2a: Dragapult|Substitute|p2a: Dragapult\n|-start|p2a: Dragapult|Substitute\n|-damage|p2a: Dragapult|63\/100\n|move|p1a: Heatran|Earth Power|p2a: Dragapult\n|-end|p2a: Dragapult|Substitute\n|\n|-heal|p2a: Dragapult|69\/100|[from] Grassy Terrain\n|-heal|p2a: Dragapult|75\/100|[from] item: Leftovers\n|upkeep\n|turn|5\n|\n|t:|1699826801\n|move|p2a: Dragapult|Substitute|p2a: Dragapult\n|-start|p2a: Dragapult|Substitute\n|-damage|p2a: Dragapult|50\/100\n|move|p1a: Heatran|Earth Power|p2a: Dragapult\n|-end|p2a: Dragapult|Substitute\n|\n|-heal|p2a: Dragapult|56\/100|[from] Grassy Terrain\n|-heal|p2a: Dragapult|62\/100|[from] item: Leftovers\n|-fieldend|move: Grassy Terrain\n|upkeep\n|turn|6\n|\n|t:|1699826804\n|switch|p2a: Rillaboom|Rillaboom, M|100\/100\n|-fieldstart|move: Grassy Terrain|[from] ability: Grassy Surge|[of] p2a: Rillaboom\n|move|p1a: Heatran|Earth Power|p2a: Rillaboom\n|-resisted|p2a: Rillaboom\n|-crit|p2a: Rillaboom\n|-damage|p2a: Rillaboom|74\/100\n|\n|-heal|p2a: Rillaboom|81\/100|[from] Grassy Terrain\n|upkeep\n|turn|7\n|\n|t:|1699826808\n|move|p1a: Heatran|Protect|p1a: Heatran\n|-singleturn|p1a: Heatran|Protect\n|move|p2a: Rillaboom|Knock Off|p1a: Heatran\n|-activate|p1a: Heatran|move: Protect\n|\n|-heal|p2a: Rillaboom|87\/100|[from] Grassy Terrain\n|upkeep\n|turn|8\n|\n|t:|1699826811\n|switch|p1a: Mandibuzz|Mandibuzz, F|100\/100\n|move|p2a: Rillaboom|Knock Off|p1a: Mandibuzz\n|-resisted|p1a: Mandibuzz\n|-damage|p1a: Mandibuzz|84\/100\n|-enditem|p1a: Mandibuzz|Heavy-Duty Boots|[from] move: Knock Off|[of] p2a: Rillaboom\n|\n|-heal|p2a: Rillaboom|93\/100|[from] Grassy Terrain\n|upkeep\n|turn|9\n|\n|t:|1699826815\n|switch|p2a: Fezandipiti|Fezandipiti, M|100\/100\n|move|p1a: Mandibuzz|U-turn|p2a: Fezandipiti\n|-resisted|p2a: Fezandipiti\n|-damage|p2a: Fezandipiti|98\/100\n|\n|t:|1699826817\n|switch|p1a: Heatran|Heatran, F|100\/100|[from] U-turn\n|\n|-heal|p2a: Fezandipiti|100\/100|[from] Grassy Terrain\n|upkeep\n|turn|10\n|\n|t:|1699826820\n|move|p2a: Fezandipiti|Moonblast|p1a: Heatran\n|-resisted|p1a: Heatran\n|-damage|p1a: Heatran|97\/100\n|move|p1a: Heatran|Magma Storm|p2a: Fezandipiti\n|-damage|p2a: Fezandipiti|72\/100\n|-activate|p2a: Fezandipiti|move: Magma Storm|[of] p1a: Heatran\n|\n|-heal|p2a: Fezandipiti|78\/100|[from] Grassy Terrain\n|-heal|p1a: Heatran|100\/100|[from] Grassy Terrain\n|-damage|p2a: Fezandipiti|66\/100|[from] move: Magma Storm|[partiallytrapped]\n|-fieldend|move: Grassy Terrain\n|upkeep\n|turn|11\n|\n|t:|1699826824\n|move|p2a: Fezandipiti|Moonblast|p1a: Heatran\n|-resisted|p1a: Heatran\n|-damage|p1a: Heatran|97\/100\n|move|p1a: Heatran|Magma Storm|p2a: Fezandipiti\n|-damage|p2a: Fezandipiti|38\/100\n|\n|-heal|p1a: Heatran|100\/100|[from] item: Leftovers\n|-damage|p2a: Fezandipiti|26\/100|[from] move: Magma Storm|[partiallytrapped]\n|upkeep\n|turn|12\n|\n|t:|1699826826\n|move|p2a: Fezandipiti|Roost|p2a: Fezandipiti\n|-heal|p2a: Fezandipiti|76\/100\n|-singleturn|p2a: Fezandipiti|move: Roost\n|move|p1a: Heatran|Earth Power|p2a: Fezandipiti\n|-supereffective|p2a: Fezandipiti\n|-crit|p2a: Fezandipiti\n|-damage|p2a: Fezandipiti|24\/100\n|\n|-damage|p2a: Fezandipiti|11\/100|[from] move: Magma Storm|[partiallytrapped]\n|upkeep\n|turn|13\n|\n|t:|1699826829\n|move|p2a: Fezandipiti|Roost|p2a: Fezandipiti\n|-heal|p2a: Fezandipiti|61\/100\n|-singleturn|p2a: Fezandipiti|move: Roost\n|move|p1a: Heatran|Magma Storm|p2a: Fezandipiti\n|-damage|p2a: Fezandipiti|34\/100\n|\n|-damage|p2a: Fezandipiti|22\/100|[from] move: Magma Storm|[partiallytrapped]\n|upkeep\n|turn|14\n|\n|t:|1699826839\n|move|p2a: Fezandipiti|Roost|p2a: Fezandipiti\n|-heal|p2a: Fezandipiti|72\/100\n|-singleturn|p2a: Fezandipiti|move: Roost\n|move|p1a: Heatran|Earth Power|p2a: Fezandipiti\n|-supereffective|p2a: Fezandipiti\n|-damage|p2a: Fezandipiti|38\/100\n|-unboost|p2a: Fezandipiti|spd|1\n|\n|-damage|p2a: Fezandipiti|25\/100|[from] move: Magma Storm|[partiallytrapped]\n|upkeep\n|turn|15\n|\n|t:|1699826842\n|move|p2a: Fezandipiti|U-turn|p1a: Heatran\n|-resisted|p1a: Heatran\n|-damage|p1a: Heatran|98\/100\n|-status|p2a: Fezandipiti|brn|[from] ability: Flame Body|[of] p1a: Heatran\n|\n|t:|1699826855\n|switch|p2a: Rillaboom|Rillaboom, M|93\/100|[from] U-turn\n|-fieldstart|move: Grassy Terrain|[from] ability: Grassy Surge|[of] p2a: Rillaboom\n|move|p1a: Heatran|Magma Storm|p2a: Rillaboom\n|-supereffective|p2a: Rillaboom\n|-damage|p2a: Rillaboom|0 fnt\n|faint|p2a: Rillaboom\n|\n|-heal|p1a: Heatran|100\/100|[from] Grassy Terrain\n|upkeep\n|\n|t:|1699826860\n|switch|p2a: Great Tusk|Great Tusk, shiny|100\/100\n|turn|16\n|\n|t:|1699826865\n|switch|p1a: Hatterene|Hatterene, F|100\/100\n|move|p2a: Great Tusk|Stealth Rock|p1a: Hatterene\n|move|p1a: Hatterene|Stealth Rock|p2a: Great Tusk|[from]ability: Magic Bounce\n|-sidestart|p2: swumpy mumpus|move: Stealth Rock\n|\n|upkeep\n|turn|17\n|\n|t:|1699826870\n|-end|p2a: Great Tusk|Protosynthesis|[silent]\n|switch|p2a: Gholdengo|Gholdengo|100\/100\n|-damage|p2a: Gholdengo|94\/100|[from] Stealth Rock\n|move|p1a: Hatterene|Nuzzle|p2a: Gholdengo\n|-damage|p2a: Gholdengo|92\/100\n|-status|p2a: Gholdengo|par\n|\n|-heal|p2a: Gholdengo|98\/100 par|[from] Grassy Terrain\n|-heal|p2a: Gholdengo|100\/100 par|[from] item: Leftovers\n|upkeep\n|turn|18\n|\n|t:|1699826874\n|switch|p1a: Heatran|Heatran, F|100\/100\n|move|p2a: Gholdengo|Thunder Wave|p1a: Heatran\n|-status|p1a: Heatran|par\n|\n|upkeep\n|turn|19\n|\n|t:|1699826882\n|move|p2a: Gholdengo|Hex|p1a: Heatran\n|-damage|p1a: Heatran|63\/100 par\n|move|p1a: Heatran|Earth Power|p2a: Gholdengo\n|-supereffective|p2a: Gholdengo\n|-damage|p2a: Gholdengo|47\/100 par\n|\n|-heal|p2a: Gholdengo|53\/100 par|[from] Grassy Terrain\n|-heal|p2a: Gholdengo|59\/100 par|[from] item: Leftovers\n|-heal|p1a: Heatran|69\/100 par|[from] Grassy Terrain\n|-heal|p1a: Heatran|75\/100 par|[from] item: Leftovers\n|-fieldend|move: Grassy Terrain\n|upkeep\n|turn|20\n|\n|t:|1699826892\n|-terastallize|p2a: Gholdengo|Flying\n|cant|p2a: Gholdengo|par\n|move|p1a: Heatran|Magma Storm|p2a: Gholdengo\n|-damage|p2a: Gholdengo|21\/100 par\n|-activate|p2a: Gholdengo|move: Magma Storm|[of] p1a: Heatran\n|\n|-heal|p2a: Gholdengo|27\/100 par|[from] item: Leftovers\n|-heal|p1a: Heatran|82\/100 par|[from] item: Leftovers\n|-damage|p2a: Gholdengo|15\/100 par|[from] move: Magma Storm|[partiallytrapped]\n|upkeep\n|turn|21\n|\n|t:|1699826906\n|switch|p1a: Great Tusk|Great Tusk|100\/100\n|cant|p2a: Gholdengo|par\n|\n|-heal|p2a: Gholdengo|21\/100 par|[from] item: Leftovers\n|-end|p2a: Gholdengo|Magma Storm|[partiallytrapped]|[silent]\n|upkeep\n|turn|22\n|\n|t:|1699826910\n|move|p1a: Great Tusk|Knock Off|p2a: Gholdengo\n|-damage|p2a: Gholdengo|0 fnt\n|-enditem|p2a: Gholdengo|Leftovers|[from] move: Knock Off|[of] p1a: Great Tusk\n|faint|p2a: Gholdengo\n|\n|upkeep\n|\n|t:|1699826917\n|switch|p2a: Kommo-o|Kommo-o, M|100\/100\n|-damage|p2a: Kommo-o|94\/100|[from] Stealth Rock\n|turn|23\n|\n|t:|1699826919\n|move|p1a: Great Tusk|Knock Off|p2a: Kommo-o\n|-resisted|p2a: Kommo-o\n|-damage|p2a: Kommo-o|70\/100\n|-enditem|p2a: Kommo-o|Throat Spray|[from] move: Knock Off|[of] p1a: Great Tusk\n|move|p2a: Kommo-o|Clangorous Soul|p2a: Kommo-o\n|-boost|p2a: Kommo-o|atk|1\n|-boost|p2a: Kommo-o|def|1\n|-boost|p2a: Kommo-o|spa|1\n|-boost|p2a: Kommo-o|spd|1\n|-boost|p2a: Kommo-o|spe|1\n|-damage|p2a: Kommo-o|37\/100\n|\n|upkeep\n|turn|24\n|\n|t:|1699826930\n|-end|p1a: Great Tusk|Protosynthesis|[silent]\n|switch|p1a: Mandibuzz|Mandibuzz, F|84\/100\n|move|p2a: Kommo-o|Boomburst|p1a: Mandibuzz\n|-damage|p1a: Mandibuzz|29\/100\n|\n|upkeep\n|turn|25\n|\n|t:|1699826934\n|move|p2a: Kommo-o|Drain Punch|p1a: Mandibuzz\n|-damage|p1a: Mandibuzz|7\/100\n|-heal|p2a: Kommo-o|53\/100|[from] drain|[of] p1a: Mandibuzz\n|move|p1a: Mandibuzz|Foul Play|p2a: Kommo-o\n|-resisted|p2a: Kommo-o\n|-crit|p2a: Kommo-o\n|-damage|p2a: Kommo-o|13\/100\n|\n|upkeep\n|turn|26\n|\n|t:|1699826937\n|move|p2a: Kommo-o|Boomburst|p1a: Mandibuzz\n|-damage|p1a: Mandibuzz|0 fnt\n|faint|p1a: Mandibuzz\n|\n|upkeep\n|\n|t:|1699826938\n|switch|p1a: Hatterene|Hatterene, F|100\/100\n|turn|27\n|\n|t:|1699826941\n|move|p2a: Kommo-o|Boomburst|p1a: Hatterene\n|-damage|p1a: Hatterene|34\/100\n|move|p1a: Hatterene|Draining Kiss|p2a: Kommo-o\n|-supereffective|p2a: Kommo-o\n|-damage|p2a: Kommo-o|0 fnt\n|-heal|p1a: Hatterene|43\/100|[from] drain|[of] p2a: Kommo-o\n|faint|p2a: Kommo-o\n|\n|-heal|p1a: Hatterene|49\/100|[from] item: Leftovers\n|upkeep\n|\n|t:|1699826944\n|switch|p2a: Great Tusk|Great Tusk, shiny|100\/100\n|turn|28\n|\n|t:|1699826946\n|move|p2a: Great Tusk|Headlong Rush|p1a: Hatterene\n|-damage|p1a: Hatterene|0 fnt\n|-unboost|p2a: Great Tusk|def|1\n|-unboost|p2a: Great Tusk|spd|1\n|faint|p1a: Hatterene\n|\n|upkeep\n|\n|t:|1699826949\n|switch|p1a: Dragapult|Dragapult, F|100\/100\n|turn|29\n|\n|t:|1699826953\n|-end|p2a: Great Tusk|Protosynthesis|[silent]\n|switch|p2a: Fezandipiti|Fezandipiti, M|25\/100 brn\n|move|p1a: Dragapult|Shadow Ball|p2a: Fezandipiti\n|-damage|p2a: Fezandipiti|0 fnt\n|faint|p2a: Fezandipiti\n|\n|upkeep\n|\n|t:|1699826955\n|switch|p2a: Dragapult|Dragapult, M|62\/100\n|-damage|p2a: Dragapult|49\/100|[from] Stealth Rock\n|turn|30\n|\n|t:|1699826962\n|switch|p1a: Great Tusk|Great Tusk|100\/100\n|move|p2a: Dragapult|Dragon Darts|p1a: Great Tusk\n|-damage|p1a: Great Tusk|86\/100\n|-anim|p2a: Dragapult|Dragon Darts|p1a: Great Tusk\n|-damage|p1a: Great Tusk|71\/100\n|\n|-heal|p2a: Dragapult|55\/100|[from] item: Leftovers\n|upkeep\n|turn|31\n|\n|t:|1699826967\n|switch|p2a: Great Tusk|Great Tusk, shiny|100\/100\n|move|p1a: Great Tusk|Ice Spinner|p2a: Great Tusk\n|-supereffective|p2a: Great Tusk\n|-damage|p2a: Great Tusk|43\/100\n|\n|upkeep\n|turn|32\n|\n|t:|1699826971\n|move|p1a: Great Tusk|Ice Spinner|p2a: Great Tusk\n|-supereffective|p2a: Great Tusk\n|-damage|p2a: Great Tusk|0 fnt\n|faint|p2a: Great Tusk\n|-end|p2a: Great Tusk|Protosynthesis|[silent]\n|\n|upkeep\n|c|\u2606wooloo supremacy|gg\n|-message|swumpy mumpus forfeited.\n|\n|win|wooloo supremacy\n|raw|wooloo supremacy's rating: 1625 &rarr; <strong>1648<\/strong><br \/>(+23 for winning)\n|raw|swumpy mumpus's rating: 1671 &rarr; <strong>1648<\/strong><br \/>(-23 for losing)\n|l|\u2606swumpy mumpus\n","uploadtime":1699826977,"views":11,"p1id":"wooloosupremacy","p2id":"swumpymumpus","formatid":"gen9ou","rating":1648,"private":0,"password":""}