{"id":"gen9ou-1994932607","p1":"Am I leeroy?","p2":"oijwef","format":"[Gen 9] OU","log":"|j|\u2606Am I leeroy?\n|j|\u2606oijwef\n|t:|1700505852\n|gametype|singles\n|player|p1|Am I leeroy?|pokemaniac|1483\n|player|p2|oijwef|266|1502\n|teamsize|p1|6\n|teamsize|p2|6\n|gen|9\n|tier|[Gen 9] OU\n|rated|\n|rule|Sleep Clause Mod: Limit one foe put to sleep\n|rule|Species Clause: Limit one of each Pok\u00e9mon\n|rule|OHKO Clause: OHKO moves are banned\n|rule|Evasion Items Clause: Evasion items are banned\n|rule|Evasion Moves Clause: Evasion moves are banned\n|rule|Endless Battle Clause: Forcing endless battles is banned\n|rule|HP Percentage Mod: HP is shown in percentages\n|clearpoke\n|poke|p1|Iron Hands|\n|poke|p1|Toxapex, F|\n|poke|p1|Weezing-Galar, M|\n|poke|p1|Kingambit, M|\n|poke|p1|Sandy Shocks|\n|poke|p1|Iron Valiant|\n|poke|p2|Weavile, F|\n|poke|p2|Weezing-Galar, M|\n|poke|p2|Alomomola, F|\n|poke|p2|Ting-Lu|\n|poke|p2|Corviknight, F|\n|poke|p2|Dondozo, M|\n|teampreview\n|inactive|Battle timer is ON: inactive players will automatically lose when time's up. (requested by oijwef)\n|inactive|Am I leeroy? has 120 seconds left.\n|\n|t:|1700505884\n|start\n|switch|p1a: Sandy Shocks|Sandy Shocks|100\/100\n|switch|p2a: Ting-Lu|Ting-Lu|100\/100\n|-ability|p2a: Ting-Lu|Vessel of Ruin\n|-enditem|p1a: Sandy Shocks|Booster Energy\n|-activate|p1a: Sandy Shocks|ability: Protosynthesis|[fromitem]\n|-start|p1a: Sandy Shocks|protosynthesisspe\n|turn|1\n|\n|t:|1700505898\n|-end|p1a: Sandy Shocks|Protosynthesis|[silent]\n|switch|p1a: Iron Hands|Iron Hands|100\/100\n|move|p2a: Ting-Lu|Protect||[still]\n|-fail|p2a: Ting-Lu\n|\n|upkeep\n|turn|2\n|\n|t:|1700505912\n|switch|p2a: Weezing|Weezing-Galar, M|100\/100\n|-ability|p2a: Weezing|Neutralizing Gas\n|move|p1a: Iron Hands|Wild Charge|p2a: Weezing\n|-damage|p2a: Weezing|68\/100\n|-damage|p1a: Iron Hands|95\/100|[from] Recoil\n|\n|upkeep\n|turn|3\n|\n|t:|1700505921\n|-end|p1a: Iron Hands|Quark Drive|[silent]\n|switch|p1a: Toxapex|Toxapex, F|100\/100\n|move|p2a: Weezing|Will-O-Wisp|p1a: Toxapex\n|-status|p1a: Toxapex|brn\n|\n|-damage|p1a: Toxapex|94\/100 brn|[from] brn\n|upkeep\n|turn|4\n|\n|t:|1700505924\n|switch|p1a: Sandy Shocks|Sandy Shocks|100\/100\n|move|p2a: Weezing|Pain Split|p1a: Sandy Shocks\n|-sethp|p1a: Sandy Shocks|85\/100|[from] move: Pain Split|[silent]\n|-sethp|p2a: Weezing|82\/100|[from] move: Pain Split\n|\n|upkeep\n|turn|5\n|\n|t:|1700505933\n|-end|p2a: Weezing|ability: Neutralizing Gas\n|switch|p2a: Ting-Lu|Ting-Lu|100\/100\n|-ability|p2a: Ting-Lu|Vessel of Ruin\n|move|p1a: Sandy Shocks|Stealth Rock|p2a: Ting-Lu\n|-sidestart|p2: oijwef|move: Stealth Rock\n|\n|upkeep\n|turn|6\n|\n|t:|1700505945\n|-end|p1a: Sandy Shocks|Protosynthesis|[silent]\n|switch|p1a: Iron Hands|Iron Hands|95\/100\n|move|p2a: Ting-Lu|Stealth Rock|p1a: Iron Hands\n|-sidestart|p1: Am I leeroy?|move: Stealth Rock\n|\n|upkeep\n|turn|7\n|\n|t:|1700505950\n|switch|p2a: Weezing|Weezing-Galar, M|82\/100\n|-ability|p2a: Weezing|Neutralizing Gas\n|move|p1a: Iron Hands|Drain Punch|p2a: Weezing\n|-resisted|p2a: Weezing\n|-damage|p2a: Weezing|75\/100\n|-heal|p1a: Iron Hands|98\/100|[from] drain|[of] p2a: Weezing\n|\n|upkeep\n|turn|8\n|\n|t:|1700505958\n|-end|p1a: Iron Hands|Quark Drive|[silent]\n|switch|p1a: Sandy Shocks|Sandy Shocks|85\/100\n|-damage|p1a: Sandy Shocks|79\/100|[from] Stealth Rock\n|move|p2a: Weezing|Pain Split|p1a: Sandy Shocks\n|-sethp|p1a: Sandy Shocks|78\/100|[from] move: Pain Split|[silent]\n|-sethp|p2a: Weezing|75\/100|[from] move: Pain Split\n|\n|upkeep\n|turn|9\n|\n|t:|1700505967\n|-end|p2a: Weezing|ability: Neutralizing Gas\n|switch|p2a: Ting-Lu|Ting-Lu|100\/100\n|-damage|p2a: Ting-Lu|94\/100|[from] Stealth Rock\n|-ability|p2a: Ting-Lu|Vessel of Ruin\n|move|p1a: Sandy Shocks|Spikes|p2a: Ting-Lu\n|-sidestart|p2: oijwef|Spikes\n|\n|-heal|p2a: Ting-Lu|100\/100|[from] item: Leftovers\n|upkeep\n|turn|10\n|\n|t:|1700505973\n|-end|p1a: Sandy Shocks|Protosynthesis|[silent]\n|switch|p1a: Iron Hands|Iron Hands|98\/100\n|-damage|p1a: Iron Hands|92\/100|[from] Stealth Rock\n|move|p2a: Ting-Lu|Spikes|p1a: Iron Hands\n|-sidestart|p1: Am I leeroy?|Spikes\n|\n|upkeep\n|turn|11\n|\n|t:|1700505981\n|move|p2a: Ting-Lu|Protect|p2a: Ting-Lu\n|-singleturn|p2a: Ting-Lu|Protect\n|move|p1a: Iron Hands|Drain Punch|p2a: Ting-Lu\n|-activate|p2a: Ting-Lu|move: Protect\n|\n|upkeep\n|turn|12\n|\n|t:|1700505986\n|switch|p2a: Weezing|Weezing-Galar, M|75\/100\n|-ability|p2a: Weezing|Neutralizing Gas\n|move|p1a: Iron Hands|Earthquake|p2a: Weezing\n|-supereffective|p2a: Weezing\n|-damage|p2a: Weezing|27\/100\n|\n|upkeep\n|turn|13\n|\n|t:|1700505995\n|move|p2a: Weezing|Will-O-Wisp|p1a: Iron Hands\n|-status|p1a: Iron Hands|brn\n|move|p1a: Iron Hands|Earthquake|p2a: Weezing\n|-supereffective|p2a: Weezing\n|-damage|p2a: Weezing|3\/100\n|\n|-damage|p1a: Iron Hands|86\/100 brn|[from] brn\n|upkeep\n|turn|14\n|\n|t:|1700506000\n|-end|p1a: Iron Hands|Quark Drive|[silent]\n|switch|p1a: Sandy Shocks|Sandy Shocks|78\/100\n|-damage|p1a: Sandy Shocks|72\/100|[from] Stealth Rock\n|-damage|p1a: Sandy Shocks|60\/100|[from] Spikes\n|move|p2a: Weezing|Pain Split|p1a: Sandy Shocks\n|-sethp|p1a: Sandy Shocks|31\/100|[from] move: Pain Split|[silent]\n|-sethp|p2a: Weezing|30\/100|[from] move: Pain Split\n|\n|upkeep\n|turn|15\n|\n|t:|1700506007\n|-end|p2a: Weezing|ability: Neutralizing Gas\n|switch|p2a: Ting-Lu|Ting-Lu|100\/100\n|-damage|p2a: Ting-Lu|94\/100|[from] Stealth Rock\n|-damage|p2a: Ting-Lu|82\/100|[from] Spikes\n|-ability|p2a: Ting-Lu|Vessel of Ruin\n|move|p1a: Sandy Shocks|Earth Power|p2a: Ting-Lu\n|-damage|p2a: Ting-Lu|63\/100\n|\n|-heal|p2a: Ting-Lu|69\/100|[from] item: Leftovers\n|upkeep\n|turn|16\n|\n|t:|1700506011\n|-end|p1a: Sandy Shocks|Protosynthesis|[silent]\n|switch|p1a: Iron Hands|Iron Hands|86\/100 brn\n|-damage|p1a: Iron Hands|80\/100 brn|[from] Stealth Rock\n|-damage|p1a: Iron Hands|67\/100 brn|[from] Spikes\n|move|p2a: Ting-Lu|Spikes|p1a: Iron Hands\n|-sidestart|p1: Am I leeroy?|Spikes\n|\n|-heal|p2a: Ting-Lu|76\/100|[from] item: Leftovers\n|-damage|p1a: Iron Hands|61\/100 brn|[from] brn\n|upkeep\n|turn|17\n|\n|t:|1700506016\n|move|p2a: Ting-Lu|Protect|p2a: Ting-Lu\n|-singleturn|p2a: Ting-Lu|Protect\n|move|p1a: Iron Hands|Drain Punch|p2a: Ting-Lu\n|-activate|p2a: Ting-Lu|move: Protect\n|\n|-heal|p2a: Ting-Lu|82\/100|[from] item: Leftovers\n|-damage|p1a: Iron Hands|55\/100 brn|[from] brn\n|upkeep\n|turn|18\n|\n|t:|1700506023\n|move|p1a: Iron Hands|Drain Punch|p2a: Ting-Lu\n|-supereffective|p2a: Ting-Lu\n|-damage|p2a: Ting-Lu|58\/100\n|-heal|p1a: Iron Hands|67\/100 brn|[from] drain|[of] p2a: Ting-Lu\n|move|p2a: Ting-Lu|Spikes|p1a: Iron Hands\n|-sidestart|p1: Am I leeroy?|Spikes\n|\n|-heal|p2a: Ting-Lu|64\/100|[from] item: Leftovers\n|-damage|p1a: Iron Hands|61\/100 brn|[from] brn\n|upkeep\n|turn|19\n|\n|t:|1700506031\n|move|p2a: Ting-Lu|Protect|p2a: Ting-Lu\n|-singleturn|p2a: Ting-Lu|Protect\n|move|p1a: Iron Hands|Drain Punch|p2a: Ting-Lu\n|-activate|p2a: Ting-Lu|move: Protect\n|\n|-heal|p2a: Ting-Lu|70\/100|[from] item: Leftovers\n|-damage|p1a: Iron Hands|55\/100 brn|[from] brn\n|upkeep\n|turn|20\n|\n|t:|1700506043\n|move|p1a: Iron Hands|Drain Punch|p2a: Ting-Lu\n|-supereffective|p2a: Ting-Lu\n|-damage|p2a: Ting-Lu|43\/100\n|-heal|p1a: Iron Hands|69\/100 brn|[from] drain|[of] p2a: Ting-Lu\n|move|p2a: Ting-Lu|Earthquake|p1a: Iron Hands\n|-supereffective|p1a: Iron Hands\n|-damage|p1a: Iron Hands|18\/100 brn\n|\n|-heal|p2a: Ting-Lu|49\/100|[from] item: Leftovers\n|-damage|p1a: Iron Hands|12\/100 brn|[from] brn\n|upkeep\n|turn|21\n|\n|t:|1700506054\n|move|p2a: Ting-Lu|Protect|p2a: Ting-Lu\n|-singleturn|p2a: Ting-Lu|Protect\n|move|p1a: Iron Hands|Drain Punch|p2a: Ting-Lu\n|-activate|p2a: Ting-Lu|move: Protect\n|\n|-heal|p2a: Ting-Lu|56\/100|[from] item: Leftovers\n|-damage|p1a: Iron Hands|6\/100 brn|[from] brn\n|upkeep\n|turn|22\n|\n|t:|1700506058\n|switch|p2a: Weezing|Weezing-Galar, M|30\/100\n|-ability|p2a: Weezing|Neutralizing Gas\n|move|p1a: Iron Hands|Drain Punch|p2a: Weezing\n|-resisted|p2a: Weezing\n|-damage|p2a: Weezing|27\/100\n|-heal|p1a: Iron Hands|7\/100 brn|[from] drain|[of] p2a: Weezing\n|\n|-damage|p1a: Iron Hands|1\/100 brn|[from] brn\n|upkeep\n|turn|23\n|\n|t:|1700506066\n|move|p2a: Weezing|Sludge Bomb|p1a: Iron Hands\n|-damage|p1a: Iron Hands|0 fnt\n|faint|p1a: Iron Hands\n|-end|p1a: Iron Hands|Quark Drive|[silent]\n|\n|upkeep\n|\n|t:|1700506075\n|switch|p1a: Iron Valiant|Iron Valiant|100\/100\n|-damage|p1a: Iron Valiant|94\/100|[from] Stealth Rock\n|-damage|p1a: Iron Valiant|69\/100|[from] Spikes\n|-enditem|p1a: Iron Valiant|Booster Energy\n|-activate|p1a: Iron Valiant|ability: Quark Drive|[fromitem]\n|-start|p1a: Iron Valiant|quarkdrivespe\n|turn|24\n|\n|t:|1700506093\n|-end|p2a: Weezing|ability: Neutralizing Gas\n|switch|p2a: Corviknight|Corviknight, F|100\/100\n|-damage|p2a: Corviknight|88\/100|[from] Stealth Rock\n|-ability|p2a: Corviknight|Pressure\n|move|p1a: Iron Valiant|Thunderbolt|p2a: Corviknight\n|-supereffective|p2a: Corviknight\n|-damage|p2a: Corviknight|27\/100\n|\n|upkeep\n|turn|25\n|\n|t:|1700506109\n|switch|p2a: Ting-Lu|Ting-Lu|56\/100\n|-damage|p2a: Ting-Lu|49\/100|[from] Stealth Rock\n|-damage|p2a: Ting-Lu|37\/100|[from] Spikes\n|-ability|p2a: Ting-Lu|Vessel of Ruin\n|move|p1a: Iron Valiant|Thunderbolt|p2a: Ting-Lu\n|-immune|p2a: Ting-Lu\n|\n|-heal|p2a: Ting-Lu|43\/100|[from] item: Leftovers\n|upkeep\n|turn|26\n|\n|t:|1700506125\n|move|p2a: Ting-Lu|Protect|p2a: Ting-Lu\n|-singleturn|p2a: Ting-Lu|Protect\n|move|p1a: Iron Valiant|Close Combat|p2a: Ting-Lu\n|-activate|p2a: Ting-Lu|move: Protect\n|\n|-heal|p2a: Ting-Lu|49\/100|[from] item: Leftovers\n|upkeep\n|turn|27\n|\n|t:|1700506144\n|move|p1a: Iron Valiant|Close Combat|p2a: Ting-Lu\n|-supereffective|p2a: Ting-Lu\n|-damage|p2a: Ting-Lu|0 fnt\n|-unboost|p1a: Iron Valiant|def|1\n|-unboost|p1a: Iron Valiant|spd|1\n|faint|p2a: Ting-Lu\n|\n|upkeep\n|inactive|oijwef has 120 seconds left.\n|\n|t:|1700506155\n|switch|p2a: Alomomola|Alomomola, F|100\/100\n|-damage|p2a: Alomomola|88\/100|[from] Stealth Rock\n|-damage|p2a: Alomomola|76\/100|[from] Spikes\n|turn|28\n|\n|t:|1700506168\n|-end|p1a: Iron Valiant|Quark Drive|[silent]\n|switch|p1a: Kingambit|Kingambit, M|100\/100\n|-damage|p1a: Kingambit|94\/100|[from] Stealth Rock\n|-damage|p1a: Kingambit|69\/100|[from] Spikes\n|-activate|p1a: Kingambit|ability: Supreme Overlord\n|-start|p1a: Kingambit|fallen1|[silent]\n|move|p2a: Alomomola|Wish|p2a: Alomomola\n|\n|-heal|p1a: Kingambit|76\/100|[from] item: Leftovers\n|-heal|p2a: Alomomola|82\/100|[from] item: Leftovers\n|upkeep\n|turn|29\n|\n|t:|1700506176\n|move|p1a: Kingambit|Swords Dance|p1a: Kingambit\n|-boost|p1a: Kingambit|atk|2\n|move|p2a: Alomomola|Flip Turn|p1a: Kingambit\n|-damage|p1a: Kingambit|64\/100\n|\n|t:|1700506180\n|switch|p2a: Weezing|Weezing-Galar, M|27\/100|[from] Flip Turn\n|-ability|p2a: Weezing|Neutralizing Gas\n|\n|-heal|p2a: Weezing|98\/100|[from] move: Wish|[wisher] Alomomola\n|-heal|p1a: Kingambit|70\/100|[from] item: Leftovers\n|upkeep\n|turn|30\n|\n|t:|1700506189\n|move|p2a: Weezing|Will-O-Wisp|p1a: Kingambit|[miss]\n|-miss|p2a: Weezing|p1a: Kingambit\n|move|p1a: Kingambit|Swords Dance|p1a: Kingambit\n|-boost|p1a: Kingambit|atk|2\n|\n|-heal|p1a: Kingambit|77\/100|[from] item: Leftovers\n|upkeep\n|turn|31\n|\n|t:|1700506191\n|move|p2a: Weezing|Will-O-Wisp|p1a: Kingambit\n|-status|p1a: Kingambit|brn\n|move|p1a: Kingambit|Iron Head|p2a: Weezing\n|-supereffective|p2a: Weezing\n|-damage|p2a: Weezing|2\/100\n|\n|-heal|p1a: Kingambit|83\/100 brn|[from] item: Leftovers\n|-damage|p1a: Kingambit|77\/100 brn|[from] brn\n|upkeep\n|turn|32\n|\n|t:|1700506197\n|-end|p2a: Weezing|ability: Neutralizing Gas\n|-activate|p1a: Kingambit|ability: Supreme Overlord\n|-start|p1a: Kingambit|fallen1|[silent]\n|switch|p2a: Dondozo|Dondozo, M|100\/100\n|-damage|p2a: Dondozo|88\/100|[from] Stealth Rock\n|-damage|p2a: Dondozo|75\/100|[from] Spikes\n|-end|p1a: Kingambit|fallen1|[silent]\n|switch|p1a: Sandy Shocks|Sandy Shocks|31\/100\n|-damage|p1a: Sandy Shocks|25\/100|[from] Stealth Rock\n|-damage|p1a: Sandy Shocks|0 fnt|[from] Spikes\n|faint|p1a: Sandy Shocks\n|-end|p1a: Sandy Shocks|Protosynthesis|[silent]\n|\n|-heal|p2a: Dondozo|82\/100|[from] item: Leftovers\n|upkeep\n|\n|t:|1700506205\n|switch|p1a: Weezing|Weezing-Galar, M|100\/100\n|-damage|p1a: Weezing|88\/100|[from] Stealth Rock\n|turn|33\n|\n|t:|1700506211\n|switch|p2a: Alomomola|Alomomola, F|100\/100\n|-damage|p2a: Alomomola|88\/100|[from] Stealth Rock\n|-damage|p2a: Alomomola|76\/100|[from] Spikes\n|move|p1a: Weezing|Strange Steam|p2a: Alomomola\n|-damage|p2a: Alomomola|51\/100\n|\n|-heal|p1a: Weezing|94\/100|[from] item: Leftovers\n|-heal|p2a: Alomomola|57\/100|[from] item: Leftovers\n|upkeep\n|turn|34\n|\n|t:|1700506221\n|switch|p1a: Iron Valiant|Iron Valiant|69\/100\n|-damage|p1a: Iron Valiant|63\/100|[from] Stealth Rock\n|-damage|p1a: Iron Valiant|38\/100|[from] Spikes\n|move|p2a: Alomomola|Wish|p2a: Alomomola\n|\n|-heal|p2a: Alomomola|64\/100|[from] item: Leftovers\n|upkeep\n|turn|35\n|inactive|oijwef has 120 seconds left.\n|\n|t:|1700506257\n|switch|p2a: Weavile|Weavile, F|100\/100\n|-damage|p2a: Weavile|76\/100|[from] Stealth Rock\n|-damage|p2a: Weavile|63\/100|[from] Spikes\n|-ability|p2a: Weavile|Pressure\n|move|p1a: Iron Valiant|Thunderbolt|p2a: Weavile\n|-damage|p2a: Weavile|32\/100\n|\n|-heal|p2a: Weavile|100\/100|[from] move: Wish|[wisher] Alomomola\n|upkeep\n|turn|36\n|inactive|oijwef has 120 seconds left.\n|\n|t:|1700506268\n|-end|p1a: Iron Valiant|Quark Drive|[silent]\n|switch|p1a: Kingambit|Kingambit, M|77\/100 brn\n|-damage|p1a: Kingambit|70\/100 brn|[from] Stealth Rock\n|-damage|p1a: Kingambit|46\/100 brn|[from] Spikes\n|-activate|p1a: Kingambit|ability: Supreme Overlord\n|-start|p1a: Kingambit|fallen2|[silent]\n|move|p2a: Weavile|Poison Jab|p1a: Kingambit\n|-immune|p1a: Kingambit\n|\n|-heal|p1a: Kingambit|52\/100 brn|[from] item: Leftovers\n|-damage|p1a: Kingambit|46\/100 brn|[from] brn\n|upkeep\n|turn|37\n|\n|t:|1700506276\n|switch|p2a: Dondozo|Dondozo, M|82\/100\n|-damage|p2a: Dondozo|69\/100|[from] Stealth Rock\n|-damage|p2a: Dondozo|57\/100|[from] Spikes\n|move|p1a: Kingambit|Low Kick|p2a: Dondozo\n|-damage|p2a: Dondozo|39\/100\n|\n|-heal|p1a: Kingambit|52\/100 brn|[from] item: Leftovers\n|-heal|p2a: Dondozo|45\/100|[from] item: Leftovers\n|-damage|p1a: Kingambit|46\/100 brn|[from] brn\n|upkeep\n|turn|38\n|\n|t:|1700506288\n|move|p1a: Kingambit|Low Kick|p2a: Dondozo\n|-damage|p2a: Dondozo|29\/100\n|move|p2a: Dondozo|Rest|p2a: Dondozo\n|-status|p2a: Dondozo|slp|[from] move: Rest\n|-heal|p2a: Dondozo|100\/100 slp|[silent]\n|\n|-heal|p1a: Kingambit|52\/100 brn|[from] item: Leftovers\n|-damage|p1a: Kingambit|46\/100 brn|[from] brn\n|upkeep\n|turn|39\n|\n|t:|1700506303\n|-end|p1a: Kingambit|fallen2|[silent]\n|switch|p1a: Weezing|Weezing-Galar, M|94\/100\n|-damage|p1a: Weezing|82\/100|[from] Stealth Rock\n|cant|p2a: Dondozo|slp\n|\n|-heal|p1a: Weezing|88\/100|[from] item: Leftovers\n|upkeep\n|turn|40\n|\n|t:|1700506318\n|switch|p2a: Alomomola|Alomomola, F|97\/100\n|-damage|p2a: Alomomola|84\/100|[from] Stealth Rock\n|-damage|p2a: Alomomola|72\/100|[from] Spikes\n|move|p1a: Weezing|Strange Steam|p2a: Alomomola\n|-damage|p2a: Alomomola|48\/100\n|\n|-heal|p1a: Weezing|94\/100|[from] item: Leftovers\n|-heal|p2a: Alomomola|55\/100|[from] item: Leftovers\n|upkeep\n|turn|41\n|\n|t:|1700506326\n|move|p1a: Weezing|Strange Steam|p2a: Alomomola\n|-damage|p2a: Alomomola|30\/100\n|move|p2a: Alomomola|Wish|p2a: Alomomola\n|\n|-heal|p1a: Weezing|99\/100|[from] item: Leftovers\n|-heal|p2a: Alomomola|36\/100|[from] item: Leftovers\n|upkeep\n|turn|42\n|\n|t:|1700506335\n|move|p2a: Alomomola|Protect|p2a: Alomomola\n|-singleturn|p2a: Alomomola|Protect\n|move|p1a: Weezing|Strange Steam|p2a: Alomomola\n|-activate|p2a: Alomomola|move: Protect\n|\n|-heal|p2a: Alomomola|86\/100|[from] move: Wish|[wisher] Alomomola\n|-heal|p1a: Weezing|100\/100|[from] item: Leftovers\n|-heal|p2a: Alomomola|92\/100|[from] item: Leftovers\n|upkeep\n|turn|43\n|\n|t:|1700506342\n|move|p1a: Weezing|Will-O-Wisp|p2a: Alomomola\n|-status|p2a: Alomomola|brn\n|move|p2a: Alomomola|Wish|p2a: Alomomola\n|\n|-heal|p2a: Alomomola|98\/100 brn|[from] item: Leftovers\n|-damage|p2a: Alomomola|92\/100 brn|[from] brn\n|upkeep\n|turn|44\n|\n|t:|1700506353\n|move|p1a: Weezing|Strange Steam|p2a: Alomomola\n|-damage|p2a: Alomomola|69\/100 brn\n|move|p2a: Alomomola|Flip Turn|p1a: Weezing\n|-crit|p1a: Weezing\n|-damage|p1a: Weezing|92\/100\n|\n|t:|1700506355\n|switch|p2a: Corviknight|Corviknight, F|27\/100|[from] Flip Turn\n|-damage|p2a: Corviknight|15\/100|[from] Stealth Rock\n|-ability|p2a: Corviknight|Pressure\n|\n|-heal|p2a: Corviknight|79\/100|[from] move: Wish|[wisher] Alomomola\n|-heal|p1a: Weezing|98\/100|[from] item: Leftovers\n|upkeep\n|turn|45\n|\n|t:|1700506373\n|switch|p2a: Alomomola|Alomomola, F|100\/100 brn\n|-damage|p2a: Alomomola|88\/100 brn|[from] Stealth Rock\n|-damage|p2a: Alomomola|76\/100 brn|[from] Spikes\n|move|p1a: Weezing|Will-O-Wisp|p2a: Alomomola\n|-fail|p2a: Alomomola|brn\n|\n|-heal|p1a: Weezing|100\/100|[from] item: Leftovers\n|-heal|p2a: Alomomola|82\/100 brn|[from] item: Leftovers\n|-damage|p2a: Alomomola|76\/100 brn|[from] brn\n|upkeep\n|turn|46\n|\n|t:|1700506383\n|move|p1a: Weezing|Strange Steam|p2a: Alomomola\n|-crit|p2a: Alomomola\n|-damage|p2a: Alomomola|37\/100 brn\n|move|p2a: Alomomola|Wish|p2a: Alomomola\n|\n|-heal|p2a: Alomomola|43\/100 brn|[from] item: Leftovers\n|-damage|p2a: Alomomola|37\/100 brn|[from] brn\n|upkeep\n|turn|47\n|\n|t:|1700506391\n|move|p2a: Alomomola|Protect|p2a: Alomomola\n|-singleturn|p2a: Alomomola|Protect\n|move|p1a: Weezing|Strange Steam|p2a: Alomomola\n|-activate|p2a: Alomomola|move: Protect\n|\n|-heal|p2a: Alomomola|87\/100 brn|[from] move: Wish|[wisher] Alomomola\n|-heal|p2a: Alomomola|93\/100 brn|[from] item: Leftovers\n|-damage|p2a: Alomomola|87\/100 brn|[from] brn\n|upkeep\n|turn|48\n|\n|t:|1700506394\n|move|p1a: Weezing|Strange Steam|p2a: Alomomola\n|-damage|p2a: Alomomola|63\/100 brn\n|move|p2a: Alomomola|Wish|p2a: Alomomola\n|\n|-heal|p2a: Alomomola|69\/100 brn|[from] item: Leftovers\n|-damage|p2a: Alomomola|63\/100 brn|[from] brn\n|upkeep\n|turn|49\n|\n|t:|1700506413\n|move|p1a: Weezing|Strange Steam|p2a: Alomomola\n|-damage|p2a: Alomomola|38\/100 brn\n|move|p2a: Alomomola|Flip Turn|p1a: Weezing\n|-damage|p1a: Weezing|95\/100\n|\n|t:|1700506416\n|switch|p2a: Weezing|Weezing-Galar, M|2\/100|[from] Flip Turn\n|-ability|p2a: Weezing|Neutralizing Gas\n|\n|-heal|p2a: Weezing|73\/100|[from] move: Wish|[wisher] Alomomola\n|-heal|p1a: Weezing|100\/100|[from] item: Leftovers\n|upkeep\n|turn|50\n|\n|t:|1700506424\n|move|p1a: Weezing|Defog|p2a: Weezing\n|-unboost|p2a: Weezing|evasion|1\n|-sideend|p2: oijwef|Spikes|[from] move: Defog|[of] p1a: Weezing\n|-sideend|p2: oijwef|Stealth Rock|[from] move: Defog|[of] p1a: Weezing\n|-sideend|p1: Am I leeroy?|Spikes|[from] move: Defog|[of] p1a: Weezing\n|-sideend|p1: Am I leeroy?|Stealth Rock|[from] move: Defog|[of] p1a: Weezing\n|move|p2a: Weezing|Will-O-Wisp|p1a: Weezing\n|-status|p1a: Weezing|brn\n|\n|-damage|p1a: Weezing|95\/100 brn|[from] brn\n|upkeep\n|turn|51\n|\n|t:|1700506430\n|move|p2a: Weezing|Sludge Bomb|p1a: Weezing\n|-damage|p1a: Weezing|59\/100 brn\n|move|p1a: Weezing|Will-O-Wisp|p2a: Weezing\n|-status|p2a: Weezing|brn\n|\n|-heal|p1a: Weezing|65\/100 brn|[from] item: Leftovers\n|-damage|p1a: Weezing|59\/100 brn|[from] brn\n|-damage|p2a: Weezing|67\/100 brn|[from] brn\n|upkeep\n|turn|52\n|\n|t:|1700506434\n|switch|p1a: Kingambit|Kingambit, M|46\/100 brn\n|move|p2a: Weezing|Sludge Bomb|p1a: Kingambit\n|-immune|p1a: Kingambit\n|\n|-heal|p1a: Kingambit|52\/100 brn|[from] item: Leftovers\n|-damage|p2a: Weezing|61\/100 brn|[from] brn\n|-damage|p1a: Kingambit|46\/100 brn|[from] brn\n|upkeep\n|turn|53\n|\n|t:|1700506442\n|-end|p2a: Weezing|ability: Neutralizing Gas\n|-activate|p1a: Kingambit|ability: Supreme Overlord\n|-start|p1a: Kingambit|fallen2|[silent]\n|switch|p2a: Dondozo|Dondozo, M|100\/100 slp\n|move|p1a: Kingambit|Iron Head|p2a: Dondozo\n|-resisted|p2a: Dondozo\n|-damage|p2a: Dondozo|92\/100 slp\n|\n|-heal|p1a: Kingambit|52\/100 brn|[from] item: Leftovers\n|-heal|p2a: Dondozo|98\/100 slp|[from] item: Leftovers\n|-damage|p1a: Kingambit|46\/100 brn|[from] brn\n|upkeep\n|turn|54\n|\n|t:|1700506449\n|move|p1a: Kingambit|Low Kick|p2a: Dondozo\n|-damage|p2a: Dondozo|82\/100 slp\n|cant|p2a: Dondozo|slp\n|\n|-heal|p1a: Kingambit|52\/100 brn|[from] item: Leftovers\n|-heal|p2a: Dondozo|88\/100 slp|[from] item: Leftovers\n|-damage|p1a: Kingambit|46\/100 brn|[from] brn\n|upkeep\n|turn|55\n|\n|t:|1700506457\n|move|p1a: Kingambit|Low Kick|p2a: Dondozo\n|-damage|p2a: Dondozo|72\/100 slp\n|-curestatus|p2a: Dondozo|slp|[msg]\n|move|p2a: Dondozo|Earthquake|p1a: Kingambit\n|-supereffective|p1a: Kingambit\n|-damage|p1a: Kingambit|12\/100 brn\n|\n|-heal|p1a: Kingambit|19\/100 brn|[from] item: Leftovers\n|-heal|p2a: Dondozo|78\/100|[from] item: Leftovers\n|-damage|p1a: Kingambit|12\/100 brn|[from] brn\n|upkeep\n|turn|56\n|\n|t:|1700506464\n|move|p1a: Kingambit|Low Kick|p2a: Dondozo\n|-damage|p2a: Dondozo|61\/100\n|move|p2a: Dondozo|Earthquake|p1a: Kingambit\n|-supereffective|p1a: Kingambit\n|-crit|p1a: Kingambit\n|-damage|p1a: Kingambit|0 fnt\n|faint|p1a: Kingambit\n|-end|p1a: Kingambit|fallen2|[silent]\n|\n|-heal|p2a: Dondozo|68\/100|[from] item: Leftovers\n|upkeep\n|\n|t:|1700506470\n|switch|p1a: Toxapex|Toxapex, F|94\/100 brn\n|turn|57\n|\n|t:|1700506473\n|move|p1a: Toxapex|Sludge Bomb|p2a: Dondozo\n|-damage|p2a: Dondozo|56\/100\n|move|p2a: Dondozo|Earthquake|p1a: Toxapex\n|-supereffective|p1a: Toxapex\n|-damage|p1a: Toxapex|55\/100 brn\n|\n|-heal|p1a: Toxapex|62\/100 brn|[from] item: Leftovers\n|-heal|p2a: Dondozo|62\/100|[from] item: Leftovers\n|-damage|p1a: Toxapex|55\/100 brn|[from] brn\n|upkeep\n|turn|58\n|\n|t:|1700506478\n|move|p2a: Dondozo|Earthquake|p1a: Toxapex\n|-supereffective|p1a: Toxapex\n|-damage|p1a: Toxapex|19\/100 brn\n|move|p1a: Toxapex|Sludge Bomb|p2a: Dondozo\n|-damage|p2a: Dondozo|49\/100\n|\n|-heal|p2a: Dondozo|55\/100|[from] item: Leftovers\n|-heal|p1a: Toxapex|25\/100 brn|[from] item: Leftovers\n|-damage|p1a: Toxapex|19\/100 brn|[from] brn\n|upkeep\n|turn|59\n|\n|t:|1700506489\n|move|p2a: Dondozo|Rest|p2a: Dondozo\n|-status|p2a: Dondozo|slp|[from] move: Rest\n|-heal|p2a: Dondozo|100\/100 slp|[silent]\n|move|p1a: Toxapex|Sludge Bomb|p2a: Dondozo\n|-damage|p2a: Dondozo|89\/100 slp\n|\n|-heal|p2a: Dondozo|95\/100 slp|[from] item: Leftovers\n|-heal|p1a: Toxapex|25\/100 brn|[from] item: Leftovers\n|-damage|p1a: Toxapex|19\/100 brn|[from] brn\n|upkeep\n|turn|60\n|\n|t:|1700506494\n|switch|p1a: Iron Valiant|Iron Valiant|38\/100\n|cant|p2a: Dondozo|slp\n|\n|-heal|p2a: Dondozo|100\/100 slp|[from] item: Leftovers\n|upkeep\n|turn|61\n|\n|t:|1700506505\n|switch|p2a: Alomomola|Alomomola, F|72\/100 brn\n|move|p1a: Iron Valiant|Thunderbolt|p2a: Alomomola\n|-supereffective|p2a: Alomomola\n|-damage|p2a: Alomomola|15\/100 brn\n|\n|-heal|p2a: Alomomola|21\/100 brn|[from] item: Leftovers\n|-damage|p2a: Alomomola|15\/100 brn|[from] brn\n|upkeep\n|turn|62\n|\n|t:|1700506513\n|move|p1a: Iron Valiant|Thunderbolt|p2a: Alomomola\n|-supereffective|p2a: Alomomola\n|-damage|p2a: Alomomola|0 fnt\n|faint|p2a: Alomomola\n|\n|upkeep\n|\n|t:|1700506515\n|switch|p2a: Weavile|Weavile, F|100\/100\n|-ability|p2a: Weavile|Pressure\n|turn|63\n|\n|t:|1700506519\n|-terastallize|p1a: Iron Valiant|Steel\n|move|p2a: Weavile|Poison Jab|p1a: Iron Valiant\n|-immune|p1a: Iron Valiant\n|move|p1a: Iron Valiant|Close Combat|p2a: Weavile\n|-supereffective|p2a: Weavile\n|-damage|p2a: Weavile|0 fnt\n|-unboost|p1a: Iron Valiant|def|1\n|-unboost|p1a: Iron Valiant|spd|1\n|faint|p2a: Weavile\n|\n|upkeep\n|\n|t:|1700506528\n|switch|p2a: Corviknight|Corviknight, F|79\/100\n|-ability|p2a: Corviknight|Pressure\n|turn|64\n|\n|t:|1700506533\n|-end|p1a: Iron Valiant|Quark Drive|[silent]\n|switch|p1a: Toxapex|Toxapex, F|52\/100 brn\n|-terastallize|p2a: Corviknight|Dragon\n|move|p2a: Corviknight|Body Press|p1a: Toxapex\n|-resisted|p1a: Toxapex\n|-damage|p1a: Toxapex|41\/100 brn\n|\n|-heal|p1a: Toxapex|47\/100 brn|[from] item: Leftovers\n|-damage|p1a: Toxapex|41\/100 brn|[from] brn\n|upkeep\n|turn|65\n|\n|t:|1700506540\n|switch|p2a: Dondozo|Dondozo, M|100\/100 slp\n|move|p1a: Toxapex|Recover|p1a: Toxapex\n|-heal|p1a: Toxapex|91\/100 brn\n|\n|-heal|p1a: Toxapex|97\/100 brn|[from] item: Leftovers\n|-damage|p1a: Toxapex|91\/100 brn|[from] brn\n|upkeep\n|turn|66\n|\n|t:|1700506544\n|move|p1a: Toxapex|Sludge Bomb|p2a: Dondozo\n|-damage|p2a: Dondozo|88\/100 slp\n|cant|p2a: Dondozo|slp\n|\n|-heal|p2a: Dondozo|94\/100 slp|[from] item: Leftovers\n|-heal|p1a: Toxapex|97\/100 brn|[from] item: Leftovers\n|-damage|p1a: Toxapex|91\/100 brn|[from] brn\n|upkeep\n|turn|67\n|\n|t:|1700506548\n|-curestatus|p2a: Dondozo|slp|[msg]\n|move|p2a: Dondozo|Curse|p2a: Dondozo\n|-unboost|p2a: Dondozo|spe|1\n|-boost|p2a: Dondozo|atk|1\n|-boost|p2a: Dondozo|def|1\n|move|p1a: Toxapex|Sludge Bomb|p2a: Dondozo\n|-damage|p2a: Dondozo|81\/100\n|-status|p2a: Dondozo|psn\n|\n|-heal|p1a: Toxapex|97\/100 brn|[from] item: Leftovers\n|-heal|p2a: Dondozo|87\/100 psn|[from] item: Leftovers\n|-damage|p2a: Dondozo|75\/100 psn|[from] psn\n|-damage|p1a: Toxapex|91\/100 brn|[from] brn\n|upkeep\n|turn|68\n|\n|t:|1700506553\n|move|p1a: Toxapex|Sludge Bomb|p2a: Dondozo\n|-damage|p2a: Dondozo|63\/100 psn\n|move|p2a: Dondozo|Earthquake|p1a: Toxapex\n|-supereffective|p1a: Toxapex\n|-damage|p1a: Toxapex|34\/100 brn\n|\n|-heal|p1a: Toxapex|40\/100 brn|[from] item: Leftovers\n|-heal|p2a: Dondozo|69\/100 psn|[from] item: Leftovers\n|-damage|p2a: Dondozo|57\/100 psn|[from] psn\n|-damage|p1a: Toxapex|34\/100 brn|[from] brn\n|upkeep\n|turn|69\n|\n|t:|1700506557\n|move|p1a: Toxapex|Haze|p1a: Toxapex\n|-clearallboost\n|move|p2a: Dondozo|Rest|p2a: Dondozo\n|-status|p2a: Dondozo|slp|[from] move: Rest\n|-heal|p2a: Dondozo|100\/100 slp|[silent]\n|\n|-heal|p1a: Toxapex|40\/100 brn|[from] item: Leftovers\n|-damage|p1a: Toxapex|34\/100 brn|[from] brn\n|upkeep\n|turn|70\n|\n|t:|1700506563\n|switch|p1a: Iron Valiant|Iron Valiant, tera:Steel|38\/100\n|cant|p2a: Dondozo|slp\n|\n|upkeep\n|turn|71\n|\n|t:|1700506584\n|move|p1a: Iron Valiant|Thunderbolt|p2a: Dondozo\n|-supereffective|p2a: Dondozo\n|-damage|p2a: Dondozo|61\/100 slp\n|cant|p2a: Dondozo|slp\n|\n|-heal|p2a: Dondozo|67\/100 slp|[from] item: Leftovers\n|upkeep\n|turn|72\n|\n|t:|1700506591\n|-end|p1a: Iron Valiant|Quark Drive|[silent]\n|switch|p1a: Weezing|Weezing-Galar, M|59\/100 brn\n|-curestatus|p2a: Dondozo|slp|[msg]\n|move|p2a: Dondozo|Earthquake|p1a: Weezing\n|-immune|p1a: Weezing|[from] ability: Levitate\n|\n|-heal|p1a: Weezing|65\/100 brn|[from] item: Leftovers\n|-heal|p2a: Dondozo|73\/100|[from] item: Leftovers\n|-damage|p1a: Weezing|59\/100 brn|[from] brn\n|upkeep\n|turn|73\n|\n|t:|1700506598\n|move|p1a: Weezing|Strange Steam|p2a: Dondozo|[miss]\n|-miss|p1a: Weezing|p2a: Dondozo\n|move|p2a: Dondozo|Curse|p2a: Dondozo\n|-unboost|p2a: Dondozo|spe|1\n|-boost|p2a: Dondozo|atk|1\n|-boost|p2a: Dondozo|def|1\n|\n|-heal|p1a: Weezing|65\/100 brn|[from] item: Leftovers\n|-heal|p2a: Dondozo|79\/100|[from] item: Leftovers\n|-damage|p1a: Weezing|59\/100 brn|[from] brn\n|upkeep\n|turn|74\n|\n|t:|1700506604\n|move|p1a: Weezing|Strange Steam|p2a: Dondozo\n|-damage|p2a: Dondozo|61\/100\n|-start|p2a: Dondozo|confusion\n|-activate|p2a: Dondozo|confusion\n|move|p2a: Dondozo|Curse|p2a: Dondozo\n|-unboost|p2a: Dondozo|spe|1\n|-boost|p2a: Dondozo|atk|1\n|-boost|p2a: Dondozo|def|1\n|\n|-heal|p1a: Weezing|65\/100 brn|[from] item: Leftovers\n|-heal|p2a: Dondozo|67\/100|[from] item: Leftovers\n|-damage|p1a: Weezing|59\/100 brn|[from] brn\n|upkeep\n|turn|75\n|\n|t:|1700506612\n|move|p1a: Weezing|Will-O-Wisp|p2a: Dondozo|[miss]\n|-miss|p1a: Weezing|p2a: Dondozo\n|-activate|p2a: Dondozo|confusion\n|move|p2a: Dondozo|Avalanche|p1a: Weezing\n|-damage|p1a: Weezing|42\/100 brn\n|\n|-heal|p1a: Weezing|48\/100 brn|[from] item: Leftovers\n|-heal|p2a: Dondozo|73\/100|[from] item: Leftovers\n|-damage|p1a: Weezing|42\/100 brn|[from] brn\n|upkeep\n|turn|76\n|\n|t:|1700506615\n|move|p1a: Weezing|Will-O-Wisp|p2a: Dondozo\n|-status|p2a: Dondozo|brn\n|-end|p2a: Dondozo|confusion\n|move|p2a: Dondozo|Rest|p2a: Dondozo\n|-status|p2a: Dondozo|slp|[from] move: Rest\n|-heal|p2a: Dondozo|100\/100 slp|[silent]\n|\n|-heal|p1a: Weezing|48\/100 brn|[from] item: Leftovers\n|-damage|p1a: Weezing|42\/100 brn|[from] brn\n|upkeep\n|turn|77\n|\n|t:|1700506619\n|move|p1a: Weezing|Pain Split|p2a: Dondozo\n|-sethp|p2a: Dondozo|64\/100 slp|[from] move: Pain Split|[silent]\n|-sethp|p1a: Weezing|96\/100 brn|[from] move: Pain Split\n|cant|p2a: Dondozo|slp\n|\n|-heal|p1a: Weezing|100\/100 brn|[from] item: Leftovers\n|-heal|p2a: Dondozo|70\/100 slp|[from] item: Leftovers\n|-damage|p1a: Weezing|95\/100 brn|[from] brn\n|upkeep\n|turn|78\n|\n|t:|1700506627\n|move|p1a: Weezing|Strange Steam|p2a: Dondozo\n|-damage|p2a: Dondozo|53\/100 slp\n|cant|p2a: Dondozo|slp\n|\n|-heal|p1a: Weezing|100\/100 brn|[from] item: Leftovers\n|-heal|p2a: Dondozo|59\/100 slp|[from] item: Leftovers\n|-damage|p1a: Weezing|95\/100 brn|[from] brn\n|upkeep\n|turn|79\n|\n|t:|1700506633\n|move|p1a: Weezing|Strange Steam|p2a: Dondozo\n|-damage|p2a: Dondozo|42\/100 slp\n|-curestatus|p2a: Dondozo|slp|[msg]\n|move|p2a: Dondozo|Avalanche|p1a: Weezing\n|-damage|p1a: Weezing|56\/100 brn\n|\n|-heal|p1a: Weezing|62\/100 brn|[from] item: Leftovers\n|-heal|p2a: Dondozo|49\/100|[from] item: Leftovers\n|-damage|p1a: Weezing|56\/100 brn|[from] brn\n|upkeep\n|turn|80\n|\n|t:|1700506641\n|move|p1a: Weezing|Will-O-Wisp|p2a: Dondozo|[miss]\n|-miss|p1a: Weezing|p2a: Dondozo\n|move|p2a: Dondozo|Rest|p2a: Dondozo\n|-status|p2a: Dondozo|slp|[from] move: Rest\n|-heal|p2a: Dondozo|100\/100 slp|[silent]\n|\n|-heal|p1a: Weezing|62\/100 brn|[from] item: Leftovers\n|-damage|p1a: Weezing|56\/100 brn|[from] brn\n|upkeep\n|turn|81\n|\n|t:|1700506647\n|switch|p1a: Iron Valiant|Iron Valiant, tera:Steel|38\/100\n|switch|p2a: Weezing|Weezing-Galar, M|61\/100 brn\n|-ability|p2a: Weezing|Neutralizing Gas\n|\n|-damage|p2a: Weezing|55\/100 brn|[from] brn\n|upkeep\n|turn|82\n|inactive|oijwef has 120 seconds left.\n|\n|t:|1700506690\n|move|p1a: Iron Valiant|Psyshock|p2a: Weezing\n|-supereffective|p2a: Weezing\n|-crit|p2a: Weezing\n|-damage|p2a: Weezing|2\/100 brn\n|move|p2a: Weezing|Will-O-Wisp|p1a: Iron Valiant\n|-status|p1a: Iron Valiant|brn\n|\n|-damage|p1a: Iron Valiant|32\/100 brn|[from] brn\n|-damage|p2a: Weezing|0 fnt|[from] brn\n|faint|p2a: Weezing\n|-end|p2a: Weezing|ability: Neutralizing Gas\n|upkeep\n|\n|t:|1700506695\n|switch|p2a: Corviknight|Corviknight, F, tera:Dragon|79\/100\n|-ability|p2a: Corviknight|Pressure\n|turn|83\n|inactive|oijwef has 120 seconds left.\n|inactive|Am I leeroy? has 120 seconds left.\n|\n|t:|1700506732\n|-end|p1a: Iron Valiant|Quark Drive|[silent]\n|switch|p1a: Weezing|Weezing-Galar, M|56\/100 brn\n|move|p2a: Corviknight|Iron Defense|p2a: Corviknight\n|-boost|p2a: Corviknight|def|2\n|\n|-heal|p1a: Weezing|62\/100 brn|[from] item: Leftovers\n|-damage|p1a: Weezing|56\/100 brn|[from] brn\n|upkeep\n|turn|84\n|\n|t:|1700506739\n|switch|p2a: Dondozo|Dondozo, M|100\/100 slp\n|move|p1a: Weezing|Strange Steam|p2a: Dondozo\n|-damage|p2a: Dondozo|84\/100 slp\n|\n|-heal|p1a: Weezing|62\/100 brn|[from] item: Leftovers\n|-heal|p2a: Dondozo|91\/100 slp|[from] item: Leftovers\n|-damage|p1a: Weezing|56\/100 brn|[from] brn\n|upkeep\n|turn|85\n|\n|t:|1700506751\n|move|p1a: Weezing|Strange Steam|p2a: Dondozo\n|-damage|p2a: Dondozo|73\/100 slp\n|cant|p2a: Dondozo|slp\n|\n|-heal|p1a: Weezing|62\/100 brn|[from] item: Leftovers\n|-heal|p2a: Dondozo|79\/100 slp|[from] item: Leftovers\n|-damage|p1a: Weezing|56\/100 brn|[from] brn\n|upkeep\n|turn|86\n|\n|t:|1700506757\n|move|p1a: Weezing|Pain Split|p2a: Dondozo\n|-sethp|p2a: Dondozo|58\/100 slp|[from] move: Pain Split|[silent]\n|-sethp|p1a: Weezing|88\/100 brn|[from] move: Pain Split\n|cant|p2a: Dondozo|slp\n|\n|-heal|p1a: Weezing|94\/100 brn|[from] item: Leftovers\n|-heal|p2a: Dondozo|64\/100 slp|[from] item: Leftovers\n|-damage|p1a: Weezing|88\/100 brn|[from] brn\n|upkeep\n|turn|87\n|\n|t:|1700506766\n|switch|p1a: Toxapex|Toxapex, F|67\/100 brn\n|-curestatus|p2a: Dondozo|slp|[msg]\n|move|p2a: Dondozo|Curse|p2a: Dondozo\n|-unboost|p2a: Dondozo|spe|1\n|-boost|p2a: Dondozo|atk|1\n|-boost|p2a: Dondozo|def|1\n|\n|-heal|p1a: Toxapex|73\/100 brn|[from] item: Leftovers\n|-heal|p2a: Dondozo|71\/100|[from] item: Leftovers\n|-damage|p1a: Toxapex|67\/100 brn|[from] brn\n|upkeep\n|turn|88\n|\n|t:|1700506772\n|move|p1a: Toxapex|Sludge Bomb|p2a: Dondozo\n|-damage|p2a: Dondozo|58\/100\n|move|p2a: Dondozo|Earthquake|p1a: Toxapex\n|-supereffective|p1a: Toxapex\n|-damage|p1a: Toxapex|14\/100 brn\n|\n|-heal|p1a: Toxapex|21\/100 brn|[from] item: Leftovers\n|-heal|p2a: Dondozo|64\/100|[from] item: Leftovers\n|-damage|p1a: Toxapex|14\/100 brn|[from] brn\n|upkeep\n|turn|89\n|\n|t:|1700506782\n|switch|p1a: Weezing|Weezing-Galar, M|88\/100 brn\n|move|p2a: Dondozo|Avalanche|p1a: Weezing\n|-damage|p1a: Weezing|75\/100 brn\n|\n|-heal|p1a: Weezing|81\/100 brn|[from] item: Leftovers\n|-heal|p2a: Dondozo|70\/100|[from] item: Leftovers\n|-damage|p1a: Weezing|75\/100 brn|[from] brn\n|upkeep\n|turn|90\n|\n|t:|1700506789\n|move|p1a: Weezing|Will-O-Wisp|p2a: Dondozo\n|-status|p2a: Dondozo|brn\n|move|p2a: Dondozo|Curse|p2a: Dondozo\n|-unboost|p2a: Dondozo|spe|1\n|-boost|p2a: Dondozo|atk|1\n|-boost|p2a: Dondozo|def|1\n|\n|-heal|p1a: Weezing|81\/100 brn|[from] item: Leftovers\n|-heal|p2a: Dondozo|76\/100 brn|[from] item: Leftovers\n|-damage|p1a: Weezing|75\/100 brn|[from] brn\n|-damage|p2a: Dondozo|70\/100 brn|[from] brn\n|upkeep\n|turn|91\n|\n|t:|1700506797\n|move|p1a: Weezing|Strange Steam|p2a: Dondozo\n|-damage|p2a: Dondozo|52\/100 brn\n|move|p2a: Dondozo|Avalanche|p1a: Weezing\n|-damage|p1a: Weezing|56\/100 brn\n|\n|-heal|p1a: Weezing|62\/100 brn|[from] item: Leftovers\n|-heal|p2a: Dondozo|58\/100 brn|[from] item: Leftovers\n|-damage|p1a: Weezing|56\/100 brn|[from] brn\n|-damage|p2a: Dondozo|52\/100 brn|[from] brn\n|upkeep\n|turn|92\n|\n|t:|1700506809\n|move|p1a: Weezing|Pain Split|p2a: Dondozo\n|-sethp|p2a: Dondozo|45\/100 brn|[from] move: Pain Split|[silent]\n|-sethp|p1a: Weezing|67\/100 brn|[from] move: Pain Split\n|move|p2a: Dondozo|Rest|p2a: Dondozo\n|-status|p2a: Dondozo|slp|[from] move: Rest\n|-heal|p2a: Dondozo|100\/100 slp|[silent]\n|\n|-heal|p1a: Weezing|73\/100 brn|[from] item: Leftovers\n|-damage|p1a: Weezing|67\/100 brn|[from] brn\n|upkeep\n|turn|93\n|\n|t:|1700506815\n|switch|p1a: Toxapex|Toxapex, F|48\/100 brn\n|cant|p2a: Dondozo|slp\n|\n|-heal|p1a: Toxapex|54\/100 brn|[from] item: Leftovers\n|-damage|p1a: Toxapex|48\/100 brn|[from] brn\n|upkeep\n|turn|94\n|\n|t:|1700506828\n|move|p1a: Toxapex|Haze|p1a: Toxapex\n|-clearallboost\n|cant|p2a: Dondozo|slp\n|\n|-heal|p1a: Toxapex|54\/100 brn|[from] item: Leftovers\n|-damage|p1a: Toxapex|48\/100 brn|[from] brn\n|upkeep\n|turn|95\n|\n|t:|1700506840\n|move|p1a: Toxapex|Recover|p1a: Toxapex\n|-heal|p1a: Toxapex|98\/100 brn\n|-curestatus|p2a: Dondozo|slp|[msg]\n|move|p2a: Dondozo|Earthquake|p1a: Toxapex\n|-supereffective|p1a: Toxapex\n|-damage|p1a: Toxapex|63\/100 brn\n|\n|-heal|p1a: Toxapex|70\/100 brn|[from] item: Leftovers\n|-damage|p1a: Toxapex|63\/100 brn|[from] brn\n|upkeep\n|turn|96\n|\n|t:|1700506844\n|move|p2a: Dondozo|Curse|p2a: Dondozo\n|-unboost|p2a: Dondozo|spe|1\n|-boost|p2a: Dondozo|atk|1\n|-boost|p2a: Dondozo|def|1\n|move|p1a: Toxapex|Sludge Bomb|p2a: Dondozo\n|-damage|p2a: Dondozo|89\/100\n|\n|-heal|p1a: Toxapex|70\/100 brn|[from] item: Leftovers\n|-heal|p2a: Dondozo|95\/100|[from] item: Leftovers\n|-damage|p1a: Toxapex|63\/100 brn|[from] brn\n|upkeep\n|turn|97\n|\n|t:|1700506851\n|move|p1a: Toxapex|Sludge Bomb|p2a: Dondozo\n|-damage|p2a: Dondozo|84\/100\n|move|p2a: Dondozo|Earthquake|p1a: Toxapex\n|-supereffective|p1a: Toxapex\n|-damage|p1a: Toxapex|11\/100 brn\n|\n|-heal|p1a: Toxapex|17\/100 brn|[from] item: Leftovers\n|-heal|p2a: Dondozo|90\/100|[from] item: Leftovers\n|-damage|p1a: Toxapex|11\/100 brn|[from] brn\n|upkeep\n|turn|98\n|\n|t:|1700506857\n|switch|p1a: Weezing|Weezing-Galar, M|67\/100 brn\n|move|p2a: Dondozo|Earthquake|p1a: Weezing\n|-immune|p1a: Weezing|[from] ability: Levitate\n|\n|-heal|p1a: Weezing|73\/100 brn|[from] item: Leftovers\n|-heal|p2a: Dondozo|96\/100|[from] item: Leftovers\n|-damage|p1a: Weezing|67\/100 brn|[from] brn\n|upkeep\n|turn|99\n|\n|t:|1700506865\n|move|p1a: Weezing|Will-O-Wisp|p2a: Dondozo\n|-status|p2a: Dondozo|brn\n|move|p2a: Dondozo|Curse|p2a: Dondozo\n|-unboost|p2a: Dondozo|spe|1\n|-boost|p2a: Dondozo|atk|1\n|-boost|p2a: Dondozo|def|1\n|\n|-heal|p1a: Weezing|73\/100 brn|[from] item: Leftovers\n|-heal|p2a: Dondozo|100\/100 brn|[from] item: Leftovers\n|-damage|p1a: Weezing|67\/100 brn|[from] brn\n|-damage|p2a: Dondozo|94\/100 brn|[from] brn\n|upkeep\n|turn|100\n|\n|t:|1700506869\n|move|p1a: Weezing|Pain Split|p2a: Dondozo\n|-sethp|p2a: Dondozo|70\/100 brn|[from] move: Pain Split|[silent]\n|-sethp|p1a: Weezing|100\/100 brn|[from] move: Pain Split\n|move|p2a: Dondozo|Curse|p2a: Dondozo\n|-unboost|p2a: Dondozo|spe|1\n|-boost|p2a: Dondozo|atk|1\n|-boost|p2a: Dondozo|def|1\n|\n|-heal|p2a: Dondozo|76\/100 brn|[from] item: Leftovers\n|-damage|p1a: Weezing|95\/100 brn|[from] brn\n|-damage|p2a: Dondozo|70\/100 brn|[from] brn\n|upkeep\n|turn|101\n|\n|t:|1700506876\n|move|p1a: Weezing|Defog|p2a: Dondozo\n|-unboost|p2a: Dondozo|evasion|1\n|move|p2a: Dondozo|Curse|p2a: Dondozo\n|-unboost|p2a: Dondozo|spe|1\n|-boost|p2a: Dondozo|atk|1\n|-boost|p2a: Dondozo|def|1\n|\n|-heal|p1a: Weezing|100\/100 brn|[from] item: Leftovers\n|-heal|p2a: Dondozo|76\/100 brn|[from] item: Leftovers\n|-damage|p1a: Weezing|95\/100 brn|[from] brn\n|-damage|p2a: Dondozo|70\/100 brn|[from] brn\n|upkeep\n|turn|102\n|\n|t:|1700506882\n|move|p1a: Weezing|Defog|p2a: Dondozo\n|-unboost|p2a: Dondozo|evasion|1\n|move|p2a: Dondozo|Curse|p2a: Dondozo\n|-unboost|p2a: Dondozo|spe|1\n|-boost|p2a: Dondozo|atk|1\n|-boost|p2a: Dondozo|def|1\n|\n|-heal|p1a: Weezing|100\/100 brn|[from] item: Leftovers\n|-heal|p2a: Dondozo|76\/100 brn|[from] item: Leftovers\n|-damage|p1a: Weezing|95\/100 brn|[from] brn\n|-damage|p2a: Dondozo|70\/100 brn|[from] brn\n|upkeep\n|turn|103\n|\n|t:|1700506887\n|move|p1a: Weezing|Defog|p2a: Dondozo\n|-unboost|p2a: Dondozo|evasion|1\n|move|p2a: Dondozo|Curse|p2a: Dondozo\n|-unboost|p2a: Dondozo|spe|1\n|-boost|p2a: Dondozo|atk|1\n|-boost|p2a: Dondozo|def|1\n|\n|-heal|p1a: Weezing|100\/100 brn|[from] item: Leftovers\n|-heal|p2a: Dondozo|76\/100 brn|[from] item: Leftovers\n|-damage|p1a: Weezing|95\/100 brn|[from] brn\n|-damage|p2a: Dondozo|70\/100 brn|[from] brn\n|upkeep\n|turn|104\n|\n|t:|1700506895\n|move|p1a: Weezing|Defog|p2a: Dondozo\n|-unboost|p2a: Dondozo|evasion|1\n|move|p2a: Dondozo|Avalanche|p1a: Weezing\n|-damage|p1a: Weezing|77\/100 brn\n|\n|-heal|p1a: Weezing|83\/100 brn|[from] item: Leftovers\n|-heal|p2a: Dondozo|76\/100 brn|[from] item: Leftovers\n|-damage|p1a: Weezing|77\/100 brn|[from] brn\n|-damage|p2a: Dondozo|70\/100 brn|[from] brn\n|upkeep\n|turn|105\n|\n|t:|1700506904\n|move|p1a: Weezing|Pain Split|p2a: Dondozo\n|-sethp|p2a: Dondozo|60\/100 brn|[from] move: Pain Split|[silent]\n|-sethp|p1a: Weezing|91\/100 brn|[from] move: Pain Split\n|move|p2a: Dondozo|Avalanche|p1a: Weezing\n|-damage|p1a: Weezing|74\/100 brn\n|\n|-heal|p1a: Weezing|80\/100 brn|[from] item: Leftovers\n|-heal|p2a: Dondozo|67\/100 brn|[from] item: Leftovers\n|-damage|p1a: Weezing|74\/100 brn|[from] brn\n|-damage|p2a: Dondozo|60\/100 brn|[from] brn\n|upkeep\n|turn|106\n|\n|t:|1700506926\n|switch|p2a: Corviknight|Corviknight, F, tera:Dragon|79\/100\n|-ability|p2a: Corviknight|Pressure\n|move|p1a: Weezing|Defog|p2a: Corviknight\n|-unboost|p2a: Corviknight|evasion|1\n|\n|-heal|p1a: Weezing|80\/100 brn|[from] item: Leftovers\n|-damage|p1a: Weezing|74\/100 brn|[from] brn\n|upkeep\n|turn|107\n|\n|t:|1700506932\n|switch|p2a: Dondozo|Dondozo, M|60\/100 brn\n|move|p1a: Weezing|Will-O-Wisp|p2a: Dondozo\n|-fail|p2a: Dondozo|brn\n|\n|-heal|p1a: Weezing|80\/100 brn|[from] item: Leftovers\n|-heal|p2a: Dondozo|67\/100 brn|[from] item: Leftovers\n|-damage|p1a: Weezing|74\/100 brn|[from] brn\n|-damage|p2a: Dondozo|60\/100 brn|[from] brn\n|upkeep\n|turn|108\n|\n|t:|1700506939\n|switch|p2a: Corviknight|Corviknight, F, tera:Dragon|79\/100\n|-ability|p2a: Corviknight|Pressure\n|move|p1a: Weezing|Defog|p2a: Corviknight\n|-unboost|p2a: Corviknight|evasion|1\n|\n|-heal|p1a: Weezing|80\/100 brn|[from] item: Leftovers\n|-damage|p1a: Weezing|74\/100 brn|[from] brn\n|upkeep\n|turn|109\n|\n|t:|1700506944\n|switch|p2a: Dondozo|Dondozo, M|60\/100 brn\n|switch|p1a: Toxapex|Toxapex, F|44\/100 brn\n|\n|-heal|p1a: Toxapex|50\/100 brn|[from] item: Leftovers\n|-heal|p2a: Dondozo|67\/100 brn|[from] item: Leftovers\n|-damage|p2a: Dondozo|60\/100 brn|[from] brn\n|-damage|p1a: Toxapex|44\/100 brn|[from] brn\n|upkeep\n|turn|110\n|c|\u2606Am I leeroy?|peak gameplay\n|c|\u2606Am I leeroy?|gotta love stall\n|inactive|oijwef has 120 seconds left.\n|\n|t:|1700506959\n|switch|p1a: Weezing|Weezing-Galar, M|74\/100 brn\n|move|p2a: Dondozo|Earthquake|p1a: Weezing\n|-immune|p1a: Weezing|[from] ability: Levitate\n|\n|-heal|p1a: Weezing|80\/100 brn|[from] item: Leftovers\n|-heal|p2a: Dondozo|67\/100 brn|[from] item: Leftovers\n|-damage|p1a: Weezing|74\/100 brn|[from] brn\n|-damage|p2a: Dondozo|60\/100 brn|[from] brn\n|upkeep\n|turn|111\n|\n|t:|1700506965\n|switch|p1a: Toxapex|Toxapex, F|77\/100 brn\n|switch|p2a: Corviknight|Corviknight, F, tera:Dragon|79\/100\n|-ability|p2a: Corviknight|Pressure\n|\n|-heal|p1a: Toxapex|83\/100 brn|[from] item: Leftovers\n|-damage|p1a: Toxapex|77\/100 brn|[from] brn\n|upkeep\n|turn|112\n|\n|t:|1700506968\n|switch|p2a: Dondozo|Dondozo, M|60\/100 brn\n|move|p1a: Toxapex|Sludge Bomb|p2a: Dondozo\n|-damage|p2a: Dondozo|49\/100 brn\n|\n|-heal|p2a: Dondozo|55\/100 brn|[from] item: Leftovers\n|-heal|p1a: Toxapex|83\/100 brn|[from] item: Leftovers\n|-damage|p1a: Toxapex|77\/100 brn|[from] brn\n|-damage|p2a: Dondozo|49\/100 brn|[from] brn\n|upkeep\n|turn|113\n|\n|t:|1700506974\n|switch|p2a: Corviknight|Corviknight, F, tera:Dragon|79\/100\n|-ability|p2a: Corviknight|Pressure\n|move|p1a: Toxapex|Sludge Bomb|p2a: Corviknight\n|-damage|p2a: Corviknight|59\/100\n|\n|-heal|p1a: Toxapex|83\/100 brn|[from] item: Leftovers\n|-damage|p1a: Toxapex|77\/100 brn|[from] brn\n|upkeep\n|turn|114\n|\n|t:|1700506978\n|switch|p2a: Dondozo|Dondozo, M|49\/100 brn\n|move|p1a: Toxapex|Sludge Bomb|p2a: Dondozo\n|-damage|p2a: Dondozo|36\/100 brn\n|\n|-heal|p2a: Dondozo|42\/100 brn|[from] item: Leftovers\n|-heal|p1a: Toxapex|83\/100 brn|[from] item: Leftovers\n|-damage|p1a: Toxapex|77\/100 brn|[from] brn\n|-damage|p2a: Dondozo|36\/100 brn|[from] brn\n|upkeep\n|turn|115\n|\n|t:|1700506982\n|switch|p2a: Corviknight|Corviknight, F, tera:Dragon|59\/100\n|-ability|p2a: Corviknight|Pressure\n|move|p1a: Toxapex|Chilling Water|p2a: Corviknight\n|-resisted|p2a: Corviknight\n|-damage|p2a: Corviknight|54\/100\n|-unboost|p2a: Corviknight|atk|1\n|\n|-heal|p1a: Toxapex|83\/100 brn|[from] item: Leftovers\n|-damage|p1a: Toxapex|77\/100 brn|[from] brn\n|upkeep\n|turn|116\n|\n|t:|1700506988\n|move|p2a: Corviknight|Roost|p2a: Corviknight\n|-heal|p2a: Corviknight|100\/100\n|move|p1a: Toxapex|Sludge Bomb|p2a: Corviknight\n|-damage|p2a: Corviknight|80\/100\n|\n|-heal|p1a: Toxapex|83\/100 brn|[from] item: Leftovers\n|-damage|p1a: Toxapex|77\/100 brn|[from] brn\n|upkeep\n|turn|117\n|\n|t:|1700506995\n|switch|p2a: Dondozo|Dondozo, M|36\/100 brn\n|move|p1a: Toxapex|Sludge Bomb|p2a: Dondozo\n|-damage|p2a: Dondozo|23\/100 brn\n|\n|-heal|p2a: Dondozo|29\/100 brn|[from] item: Leftovers\n|-heal|p1a: Toxapex|83\/100 brn|[from] item: Leftovers\n|-damage|p1a: Toxapex|77\/100 brn|[from] brn\n|-damage|p2a: Dondozo|23\/100 brn|[from] brn\n|upkeep\n|turn|118\n|\n|t:|1700507004\n|move|p1a: Toxapex|Chilling Water|p2a: Dondozo\n|-resisted|p2a: Dondozo\n|-damage|p2a: Dondozo|20\/100 brn\n|-unboost|p2a: Dondozo|atk|1\n|move|p2a: Dondozo|Rest|p2a: Dondozo\n|-status|p2a: Dondozo|slp|[from] move: Rest\n|-heal|p2a: Dondozo|100\/100 slp|[silent]\n|\n|-heal|p1a: Toxapex|83\/100 brn|[from] item: Leftovers\n|-damage|p1a: Toxapex|77\/100 brn|[from] brn\n|upkeep\n|turn|119\n|\n|t:|1700507013\n|switch|p1a: Iron Valiant|Iron Valiant, tera:Steel|32\/100 brn\n|cant|p2a: Dondozo|slp\n|\n|-damage|p1a: Iron Valiant|26\/100 brn|[from] brn\n|upkeep\n|turn|120\n|\n|t:|1700507038\n|-end|p1a: Iron Valiant|Quark Drive|[silent]\n|switch|p1a: Weezing|Weezing-Galar, M|74\/100 brn\n|switch|p2a: Corviknight|Corviknight, F, tera:Dragon|80\/100\n|-ability|p2a: Corviknight|Pressure\n|\n|-heal|p1a: Weezing|80\/100 brn|[from] item: Leftovers\n|-damage|p1a: Weezing|74\/100 brn|[from] brn\n|upkeep\n|turn|121\n|\n|t:|1700507046\n|switch|p2a: Dondozo|Dondozo, M|100\/100 slp\n|move|p1a: Weezing|Will-O-Wisp||[still]\n|-fail|p1a: Weezing\n|\n|-heal|p1a: Weezing|80\/100 brn|[from] item: Leftovers\n|-damage|p1a: Weezing|74\/100 brn|[from] brn\n|upkeep\n|turn|122\n|\n|t:|1700507054\n|move|p1a: Weezing|Defog|p2a: Dondozo\n|-unboost|p2a: Dondozo|evasion|1\n|cant|p2a: Dondozo|slp\n|\n|-heal|p1a: Weezing|80\/100 brn|[from] item: Leftovers\n|-damage|p1a: Weezing|74\/100 brn|[from] brn\n|upkeep\n|turn|123\n|inactive|Am I leeroy? has 120 seconds left.\n|\n|t:|1700507084\n|switch|p2a: Corviknight|Corviknight, F, tera:Dragon|80\/100\n|-ability|p2a: Corviknight|Pressure\n|move|p1a: Weezing|Defog|p2a: Corviknight\n|-unboost|p2a: Corviknight|evasion|1\n|\n|-heal|p1a: Weezing|80\/100 brn|[from] item: Leftovers\n|-damage|p1a: Weezing|74\/100 brn|[from] brn\n|upkeep\n|turn|124\n|\n|t:|1700507097\n|switch|p2a: Dondozo|Dondozo, M|100\/100 slp\n|switch|p1a: Toxapex|Toxapex, F|100\/100 brn\n|\n|-damage|p1a: Toxapex|94\/100 brn|[from] brn\n|upkeep\n|turn|125\n|inactive|Am I leeroy? has 120 seconds left.\n|\n|t:|1700507109\n|switch|p2a: Corviknight|Corviknight, F, tera:Dragon|80\/100\n|-ability|p2a: Corviknight|Pressure\n|move|p1a: Toxapex|Chilling Water|p2a: Corviknight\n|-resisted|p2a: Corviknight\n|-damage|p2a: Corviknight|74\/100\n|-unboost|p2a: Corviknight|atk|1\n|\n|-heal|p1a: Toxapex|100\/100 brn|[from] item: Leftovers\n|-damage|p1a: Toxapex|94\/100 brn|[from] brn\n|upkeep\n|turn|126\n|\n|t:|1700507113\n|switch|p2a: Dondozo|Dondozo, M|100\/100 slp\n|move|p1a: Toxapex|Chilling Water|p2a: Dondozo\n|-resisted|p2a: Dondozo\n|-damage|p2a: Dondozo|97\/100 slp\n|-unboost|p2a: Dondozo|atk|1\n|\n|-heal|p1a: Toxapex|100\/100 brn|[from] item: Leftovers\n|-heal|p2a: Dondozo|100\/100 slp|[from] item: Leftovers\n|-damage|p1a: Toxapex|94\/100 brn|[from] brn\n|upkeep\n|turn|127\n|\n|t:|1700507117\n|switch|p2a: Corviknight|Corviknight, F, tera:Dragon|74\/100\n|-ability|p2a: Corviknight|Pressure\n|move|p1a: Toxapex|Chilling Water|p2a: Corviknight\n|-resisted|p2a: Corviknight\n|-damage|p2a: Corviknight|68\/100\n|-unboost|p2a: Corviknight|atk|1\n|\n|-heal|p1a: Toxapex|100\/100 brn|[from] item: Leftovers\n|-damage|p1a: Toxapex|94\/100 brn|[from] brn\n|upkeep\n|turn|128\n|\n|t:|1700507119\n|switch|p2a: Dondozo|Dondozo, M|100\/100 slp\n|move|p1a: Toxapex|Chilling Water|p2a: Dondozo\n|-resisted|p2a: Dondozo\n|-damage|p2a: Dondozo|98\/100 slp\n|-unboost|p2a: Dondozo|atk|1\n|\n|-heal|p1a: Toxapex|100\/100 brn|[from] item: Leftovers\n|-heal|p2a: Dondozo|100\/100 slp|[from] item: Leftovers\n|-damage|p1a: Toxapex|94\/100 brn|[from] brn\n|upkeep\n|turn|129\n|\n|t:|1700507122\n|switch|p2a: Corviknight|Corviknight, F, tera:Dragon|68\/100\n|-ability|p2a: Corviknight|Pressure\n|move|p1a: Toxapex|Chilling Water|p2a: Corviknight\n|-resisted|p2a: Corviknight\n|-damage|p2a: Corviknight|63\/100\n|-unboost|p2a: Corviknight|atk|1\n|\n|-heal|p1a: Toxapex|100\/100 brn|[from] item: Leftovers\n|-damage|p1a: Toxapex|94\/100 brn|[from] brn\n|upkeep\n|turn|130\n|\n|t:|1700507126\n|switch|p2a: Dondozo|Dondozo, M|100\/100 slp\n|switch|p1a: Weezing|Weezing-Galar, M|74\/100 brn\n|\n|-heal|p1a: Weezing|80\/100 brn|[from] item: Leftovers\n|-damage|p1a: Weezing|74\/100 brn|[from] brn\n|upkeep\n|turn|131\n|c|\u2606Am I leeroy?|you really want the win\n|\n|t:|1700507135\n|switch|p1a: Toxapex|Toxapex, F|100\/100 brn\n|switch|p2a: Corviknight|Corviknight, F, tera:Dragon|63\/100\n|-ability|p2a: Corviknight|Pressure\n|\n|-damage|p1a: Toxapex|94\/100 brn|[from] brn\n|upkeep\n|turn|132\n|\n|t:|1700507139\n|switch|p2a: Dondozo|Dondozo, M|100\/100 slp\n|switch|p1a: Weezing|Weezing-Galar, M|74\/100 brn\n|\n|-heal|p1a: Weezing|80\/100 brn|[from] item: Leftovers\n|-damage|p1a: Weezing|74\/100 brn|[from] brn\n|upkeep\n|turn|133\n|\n|t:|1700507145\n|switch|p1a: Toxapex|Toxapex, F|100\/100 brn\n|switch|p2a: Corviknight|Corviknight, F, tera:Dragon|63\/100\n|-ability|p2a: Corviknight|Pressure\n|\n|-damage|p1a: Toxapex|94\/100 brn|[from] brn\n|upkeep\n|turn|134\n|\n|t:|1700507147\n|switch|p2a: Dondozo|Dondozo, M|100\/100 slp\n|switch|p1a: Weezing|Weezing-Galar, M|74\/100 brn\n|\n|-heal|p1a: Weezing|80\/100 brn|[from] item: Leftovers\n|-damage|p1a: Weezing|74\/100 brn|[from] brn\n|upkeep\n|turn|135\n|c|\u2606Am I leeroy?|everything but a loss\n|\n|t:|1700507163\n|switch|p1a: Toxapex|Toxapex, F|100\/100 brn\n|switch|p2a: Corviknight|Corviknight, F, tera:Dragon|63\/100\n|-ability|p2a: Corviknight|Pressure\n|\n|-damage|p1a: Toxapex|94\/100 brn|[from] brn\n|upkeep\n|turn|136\n|c|\u2606Am I leeroy?|damn crazy determination\n|\n|t:|1700507169\n|switch|p2a: Dondozo|Dondozo, M|100\/100 slp\n|switch|p1a: Weezing|Weezing-Galar, M|74\/100 brn\n|\n|-heal|p1a: Weezing|80\/100 brn|[from] item: Leftovers\n|-damage|p1a: Weezing|74\/100 brn|[from] brn\n|upkeep\n|turn|137\n|inactive|oijwef has 120 seconds left.\n|\n|t:|1700507207\n|switch|p1a: Toxapex|Toxapex, F|100\/100 brn\n|switch|p2a: Corviknight|Corviknight, F, tera:Dragon|63\/100\n|-ability|p2a: Corviknight|Pressure\n|\n|-damage|p1a: Toxapex|94\/100 brn|[from] brn\n|upkeep\n|turn|138\n|inactive|oijwef has 90 seconds left.\n|c|\u2606Am I leeroy?|you got a gun to your head this game?\n|c|\u2606Am I leeroy?|whats up man\n|\n|t:|1700507241\n|switch|p2a: Dondozo|Dondozo, M|100\/100 slp\n|switch|p1a: Weezing|Weezing-Galar, M|74\/100 brn\n|\n|-heal|p1a: Weezing|80\/100 brn|[from] item: Leftovers\n|-damage|p1a: Weezing|74\/100 brn|[from] brn\n|upkeep\n|turn|139\n|\n|t:|1700507249\n|switch|p1a: Toxapex|Toxapex, F|100\/100 brn\n|switch|p2a: Corviknight|Corviknight, F, tera:Dragon|63\/100\n|-ability|p2a: Corviknight|Pressure\n|\n|-damage|p1a: Toxapex|94\/100 brn|[from] brn\n|upkeep\n|turn|140\n|\n|t:|1700507252\n|switch|p2a: Dondozo|Dondozo, M|100\/100 slp\n|switch|p1a: Weezing|Weezing-Galar, M|74\/100 brn\n|\n|-heal|p1a: Weezing|80\/100 brn|[from] item: Leftovers\n|-damage|p1a: Weezing|74\/100 brn|[from] brn\n|upkeep\n|turn|141\n|inactive|oijwef has 90 seconds left.\n|\n|t:|1700507260\n|switch|p1a: Toxapex|Toxapex, F|100\/100 brn\n|switch|p2a: Corviknight|Corviknight, F, tera:Dragon|63\/100\n|-ability|p2a: Corviknight|Pressure\n|\n|-damage|p1a: Toxapex|94\/100 brn|[from] brn\n|upkeep\n|turn|142\n|\n|t:|1700507268\n|switch|p2a: Dondozo|Dondozo, M|100\/100 slp\n|switch|p1a: Weezing|Weezing-Galar, M|74\/100 brn\n|\n|-heal|p1a: Weezing|80\/100 brn|[from] item: Leftovers\n|-damage|p1a: Weezing|74\/100 brn|[from] brn\n|upkeep\n|turn|143\n|\n|t:|1700507277\n|switch|p1a: Toxapex|Toxapex, F|100\/100 brn\n|switch|p2a: Corviknight|Corviknight, F, tera:Dragon|63\/100\n|-ability|p2a: Corviknight|Pressure\n|\n|-damage|p1a: Toxapex|94\/100 brn|[from] brn\n|upkeep\n|turn|144\n|\n|t:|1700507284\n|switch|p2a: Dondozo|Dondozo, M|100\/100 slp\n|switch|p1a: Weezing|Weezing-Galar, M|74\/100 brn\n|\n|-heal|p1a: Weezing|80\/100 brn|[from] item: Leftovers\n|-damage|p1a: Weezing|74\/100 brn|[from] brn\n|upkeep\n|turn|145\n|\n|t:|1700507287\n|switch|p1a: Toxapex|Toxapex, F|100\/100 brn\n|switch|p2a: Corviknight|Corviknight, F, tera:Dragon|63\/100\n|-ability|p2a: Corviknight|Pressure\n|\n|-damage|p1a: Toxapex|94\/100 brn|[from] brn\n|upkeep\n|turn|146\n|\n|t:|1700507290\n|switch|p2a: Dondozo|Dondozo, M|100\/100 slp\n|switch|p1a: Weezing|Weezing-Galar, M|74\/100 brn\n|\n|-heal|p1a: Weezing|80\/100 brn|[from] item: Leftovers\n|-damage|p1a: Weezing|74\/100 brn|[from] brn\n|upkeep\n|turn|147\n|l|\u2606Am I leeroy?\n|inactive|Am I leeroy? disconnected and has a minute to reconnect!\n|player|p1|\n|j|\u2606Am I leeroy?\n|inactive|Am I leeroy? reconnected and has 140 seconds left.\n|player|p1|Am I leeroy?|pokemaniac\n|\n|t:|1700507307\n|switch|p1a: Toxapex|Toxapex, F|100\/100 brn\n|switch|p2a: Corviknight|Corviknight, F, tera:Dragon|63\/100\n|-ability|p2a: Corviknight|Pressure\n|\n|-damage|p1a: Toxapex|94\/100 brn|[from] brn\n|upkeep\n|turn|148\n|inactive|Am I leeroy? has 120 seconds left.\n|inactive|Am I leeroy? has 90 seconds left.\n|\n|t:|1700507378\n|switch|p2a: Dondozo|Dondozo, M|100\/100 slp\n|switch|p1a: Weezing|Weezing-Galar, M|74\/100 brn\n|\n|-heal|p1a: Weezing|80\/100 brn|[from] item: Leftovers\n|-damage|p1a: Weezing|74\/100 brn|[from] brn\n|upkeep\n|turn|149\n|\n|t:|1700507389\n|switch|p1a: Toxapex|Toxapex, F|100\/100 brn\n|switch|p2a: Corviknight|Corviknight, F, tera:Dragon|63\/100\n|-ability|p2a: Corviknight|Pressure\n|\n|-damage|p1a: Toxapex|94\/100 brn|[from] brn\n|upkeep\n|turn|150\n|\n|t:|1700507391\n|switch|p2a: Dondozo|Dondozo, M|100\/100 slp\n|switch|p1a: Weezing|Weezing-Galar, M|74\/100 brn\n|\n|-heal|p1a: Weezing|80\/100 brn|[from] item: Leftovers\n|-damage|p1a: Weezing|74\/100 brn|[from] brn\n|upkeep\n|turn|151\n|\n|t:|1700507393\n|switch|p1a: Toxapex|Toxapex, F|100\/100 brn\n|switch|p2a: Corviknight|Corviknight, F, tera:Dragon|63\/100\n|-ability|p2a: Corviknight|Pressure\n|\n|-damage|p1a: Toxapex|94\/100 brn|[from] brn\n|upkeep\n|turn|152\n|\n|t:|1700507396\n|switch|p2a: Dondozo|Dondozo, M|100\/100 slp\n|switch|p1a: Weezing|Weezing-Galar, M|74\/100 brn\n|\n|-heal|p1a: Weezing|80\/100 brn|[from] item: Leftovers\n|-damage|p1a: Weezing|74\/100 brn|[from] brn\n|upkeep\n|turn|153\n|\n|t:|1700507397\n|switch|p1a: Toxapex|Toxapex, F|100\/100 brn\n|switch|p2a: Corviknight|Corviknight, F, tera:Dragon|63\/100\n|-ability|p2a: Corviknight|Pressure\n|\n|-damage|p1a: Toxapex|94\/100 brn|[from] brn\n|upkeep\n|turn|154\n|\n|t:|1700507399\n|switch|p2a: Dondozo|Dondozo, M|100\/100 slp\n|switch|p1a: Weezing|Weezing-Galar, M|74\/100 brn\n|\n|-heal|p1a: Weezing|80\/100 brn|[from] item: Leftovers\n|-damage|p1a: Weezing|74\/100 brn|[from] brn\n|upkeep\n|turn|155\n|\n|t:|1700507400\n|switch|p1a: Toxapex|Toxapex, F|100\/100 brn\n|switch|p2a: Corviknight|Corviknight, F, tera:Dragon|63\/100\n|-ability|p2a: Corviknight|Pressure\n|\n|-damage|p1a: Toxapex|94\/100 brn|[from] brn\n|upkeep\n|turn|156\n|\n|t:|1700507408\n|switch|p2a: Dondozo|Dondozo, M|100\/100 slp\n|switch|p1a: Weezing|Weezing-Galar, M|74\/100 brn\n|\n|-heal|p1a: Weezing|80\/100 brn|[from] item: Leftovers\n|-damage|p1a: Weezing|74\/100 brn|[from] brn\n|upkeep\n|turn|157\n|\n|t:|1700507417\n|switch|p1a: Toxapex|Toxapex, F|100\/100 brn\n|switch|p2a: Corviknight|Corviknight, F, tera:Dragon|63\/100\n|-ability|p2a: Corviknight|Pressure\n|\n|-damage|p1a: Toxapex|94\/100 brn|[from] brn\n|upkeep\n|turn|158\n|c|\u2606Am I leeroy?|how your day going ma\n|c|\u2606Am I leeroy?|man\n|\n|t:|1700507424\n|switch|p2a: Dondozo|Dondozo, M|100\/100 slp\n|switch|p1a: Weezing|Weezing-Galar, M|74\/100 brn\n|\n|-heal|p1a: Weezing|80\/100 brn|[from] item: Leftovers\n|-damage|p1a: Weezing|74\/100 brn|[from] brn\n|upkeep\n|turn|159\n|\n|t:|1700507431\n|switch|p1a: Toxapex|Toxapex, F|100\/100 brn\n|switch|p2a: Corviknight|Corviknight, F, tera:Dragon|63\/100\n|-ability|p2a: Corviknight|Pressure\n|\n|-damage|p1a: Toxapex|94\/100 brn|[from] brn\n|upkeep\n|turn|160\n|inactive|oijwef has 120 seconds left.\n|c|\u2606Am I leeroy?|you busy?\n|\n|t:|1700507477\n|switch|p1a: Weezing|Weezing-Galar, M|74\/100 brn\n|move|p2a: Corviknight|Iron Defense|p2a: Corviknight\n|-boost|p2a: Corviknight|def|2\n|\n|-heal|p1a: Weezing|80\/100 brn|[from] item: Leftovers\n|-damage|p1a: Weezing|74\/100 brn|[from] brn\n|upkeep\n|turn|161\n|\n|t:|1700507481\n|switch|p2a: Dondozo|Dondozo, M|100\/100 slp\n|move|p1a: Weezing|Will-O-Wisp||[still]\n|-fail|p1a: Weezing\n|\n|-heal|p1a: Weezing|80\/100 brn|[from] item: Leftovers\n|-damage|p1a: Weezing|74\/100 brn|[from] brn\n|upkeep\n|turn|162\n|\n|t:|1700507485\n|switch|p1a: Toxapex|Toxapex, F|100\/100 brn\n|switch|p2a: Corviknight|Corviknight, F, tera:Dragon|63\/100\n|-ability|p2a: Corviknight|Pressure\n|\n|-damage|p1a: Toxapex|94\/100 brn|[from] brn\n|upkeep\n|turn|163\n|\n|t:|1700507487\n|switch|p2a: Dondozo|Dondozo, M|100\/100 slp\n|switch|p1a: Weezing|Weezing-Galar, M|74\/100 brn\n|\n|-heal|p1a: Weezing|80\/100 brn|[from] item: Leftovers\n|-damage|p1a: Weezing|74\/100 brn|[from] brn\n|upkeep\n|turn|164\n|\n|t:|1700507490\n|switch|p1a: Toxapex|Toxapex, F|100\/100 brn\n|switch|p2a: Corviknight|Corviknight, F, tera:Dragon|63\/100\n|-ability|p2a: Corviknight|Pressure\n|\n|-damage|p1a: Toxapex|94\/100 brn|[from] brn\n|upkeep\n|turn|165\n|\n|t:|1700507492\n|switch|p2a: Dondozo|Dondozo, M|100\/100 slp\n|switch|p1a: Weezing|Weezing-Galar, M|74\/100 brn\n|\n|-heal|p1a: Weezing|80\/100 brn|[from] item: Leftovers\n|-damage|p1a: Weezing|74\/100 brn|[from] brn\n|upkeep\n|turn|166\n|\n|t:|1700507496\n|switch|p1a: Toxapex|Toxapex, F|100\/100 brn\n|switch|p2a: Corviknight|Corviknight, F, tera:Dragon|63\/100\n|-ability|p2a: Corviknight|Pressure\n|\n|-damage|p1a: Toxapex|94\/100 brn|[from] brn\n|upkeep\n|turn|167\n|\n|t:|1700507498\n|switch|p2a: Dondozo|Dondozo, M|100\/100 slp\n|switch|p1a: Weezing|Weezing-Galar, M|74\/100 brn\n|\n|-heal|p1a: Weezing|80\/100 brn|[from] item: Leftovers\n|-damage|p1a: Weezing|74\/100 brn|[from] brn\n|upkeep\n|turn|168\n|\n|t:|1700507501\n|switch|p1a: Toxapex|Toxapex, F|100\/100 brn\n|switch|p2a: Corviknight|Corviknight, F, tera:Dragon|63\/100\n|-ability|p2a: Corviknight|Pressure\n|\n|-damage|p1a: Toxapex|94\/100 brn|[from] brn\n|upkeep\n|turn|169\n|\n|t:|1700507515\n|switch|p1a: Weezing|Weezing-Galar, M|74\/100 brn\n|move|p2a: Corviknight|Iron Defense|p2a: Corviknight\n|-boost|p2a: Corviknight|def|2\n|\n|-heal|p1a: Weezing|80\/100 brn|[from] item: Leftovers\n|-damage|p1a: Weezing|74\/100 brn|[from] brn\n|upkeep\n|turn|170\n|\n|t:|1700507519\n|switch|p2a: Dondozo|Dondozo, M|100\/100 slp\n|switch|p1a: Toxapex|Toxapex, F|100\/100 brn\n|\n|-damage|p1a: Toxapex|94\/100 brn|[from] brn\n|upkeep\n|turn|171\n|\n|t:|1700507529\n|switch|p2a: Corviknight|Corviknight, F, tera:Dragon|63\/100\n|-ability|p2a: Corviknight|Pressure\n|switch|p1a: Weezing|Weezing-Galar, M|74\/100 brn\n|\n|-heal|p1a: Weezing|80\/100 brn|[from] item: Leftovers\n|-damage|p1a: Weezing|74\/100 brn|[from] brn\n|upkeep\n|turn|172\n|c|\u2606Am I leeroy?|peak gameplay\n|\n|t:|1700507543\n|switch|p2a: Dondozo|Dondozo, M|100\/100 slp\n|switch|p1a: Toxapex|Toxapex, F|100\/100 brn\n|\n|-damage|p1a: Toxapex|94\/100 brn|[from] brn\n|upkeep\n|turn|173\n|\n|t:|1700507550\n|switch|p1a: Weezing|Weezing-Galar, M|74\/100 brn\n|-curestatus|p2a: Dondozo|slp|[msg]\n|move|p2a: Dondozo|Avalanche|p1a: Weezing\n|-damage|p1a: Weezing|65\/100 brn\n|\n|-heal|p1a: Weezing|71\/100 brn|[from] item: Leftovers\n|-damage|p1a: Weezing|65\/100 brn|[from] brn\n|upkeep\n|turn|174\n|\n|t:|1700507552\n|switch|p1a: Toxapex|Toxapex, F|100\/100 brn\n|switch|p2a: Corviknight|Corviknight, F, tera:Dragon|63\/100\n|-ability|p2a: Corviknight|Pressure\n|\n|-damage|p1a: Toxapex|94\/100 brn|[from] brn\n|upkeep\n|turn|175\n|\n|t:|1700507570\n|switch|p2a: Dondozo|Dondozo, M|100\/100\n|switch|p1a: Weezing|Weezing-Galar, M|65\/100 brn\n|\n|-heal|p1a: Weezing|71\/100 brn|[from] item: Leftovers\n|-damage|p1a: Weezing|65\/100 brn|[from] brn\n|upkeep\n|turn|176\n|\n|t:|1700507585\n|switch|p1a: Toxapex|Toxapex, F|100\/100 brn\n|switch|p2a: Corviknight|Corviknight, F, tera:Dragon|63\/100\n|-ability|p2a: Corviknight|Pressure\n|\n|-damage|p1a: Toxapex|94\/100 brn|[from] brn\n|upkeep\n|turn|177\n|\n|t:|1700507588\n|switch|p2a: Dondozo|Dondozo, M|100\/100\n|switch|p1a: Weezing|Weezing-Galar, M|65\/100 brn\n|\n|-heal|p1a: Weezing|71\/100 brn|[from] item: Leftovers\n|-damage|p1a: Weezing|65\/100 brn|[from] brn\n|upkeep\n|turn|178\n|\n|t:|1700507591\n|switch|p1a: Toxapex|Toxapex, F|100\/100 brn\n|switch|p2a: Corviknight|Corviknight, F, tera:Dragon|63\/100\n|-ability|p2a: Corviknight|Pressure\n|\n|-damage|p1a: Toxapex|94\/100 brn|[from] brn\n|upkeep\n|turn|179\n|\n|t:|1700507596\n|switch|p2a: Dondozo|Dondozo, M|100\/100\n|switch|p1a: Weezing|Weezing-Galar, M|65\/100 brn\n|\n|-heal|p1a: Weezing|71\/100 brn|[from] item: Leftovers\n|-damage|p1a: Weezing|65\/100 brn|[from] brn\n|upkeep\n|turn|180\n|\n|t:|1700507603\n|switch|p2a: Corviknight|Corviknight, F, tera:Dragon|63\/100\n|-ability|p2a: Corviknight|Pressure\n|move|p1a: Weezing|Will-O-Wisp|p2a: Corviknight\n|-status|p2a: Corviknight|brn\n|\n|-heal|p1a: Weezing|71\/100 brn|[from] item: Leftovers\n|-damage|p2a: Corviknight|56\/100 brn|[from] brn\n|-damage|p1a: Weezing|65\/100 brn|[from] brn\n|upkeep\n|turn|181\n|\n|t:|1700507621\n|switch|p2a: Dondozo|Dondozo, M|100\/100\n|switch|p1a: Toxapex|Toxapex, F|100\/100 brn\n|\n|-damage|p1a: Toxapex|94\/100 brn|[from] brn\n|upkeep\n|turn|182\noijwef is offering a tie.\n|inactive|oijwef has 120 seconds left.\n|n|!Am I leeroy?|amileeroy\nAm I leeroy? rejected the tie.\n|\n|t:|1700507664\n|switch|p2a: Corviknight|Corviknight, F, tera:Dragon|56\/100 brn\n|-ability|p2a: Corviknight|Pressure\n|move|p1a: Toxapex|Chilling Water|p2a: Corviknight\n|-resisted|p2a: Corviknight\n|-damage|p2a: Corviknight|51\/100 brn\n|-unboost|p2a: Corviknight|atk|1\n|\n|-heal|p1a: Toxapex|100\/100 brn|[from] item: Leftovers\n|-damage|p2a: Corviknight|45\/100 brn|[from] brn\n|-damage|p1a: Toxapex|94\/100 brn|[from] brn\n|upkeep\n|turn|183\n|\n|t:|1700507674\n|move|p2a: Corviknight|Roost|p2a: Corviknight\n|-heal|p2a: Corviknight|95\/100 brn\n|move|p1a: Toxapex|Chilling Water|p2a: Corviknight\n|-resisted|p2a: Corviknight\n|-damage|p2a: Corviknight|89\/100 brn\n|-unboost|p2a: Corviknight|atk|1\n|\n|-heal|p1a: Toxapex|100\/100 brn|[from] item: Leftovers\n|-damage|p2a: Corviknight|83\/100 brn|[from] brn\n|-damage|p1a: Toxapex|94\/100 brn|[from] brn\n|upkeep\n|turn|184\n|\n|t:|1700507679\n|switch|p1a: Weezing|Weezing-Galar, M|65\/100 brn\n|move|p2a: Corviknight|Iron Defense|p2a: Corviknight\n|-boost|p2a: Corviknight|def|2\n|\n|-heal|p1a: Weezing|71\/100 brn|[from] item: Leftovers\n|-damage|p2a: Corviknight|77\/100 brn|[from] brn\n|-damage|p1a: Weezing|65\/100 brn|[from] brn\n|upkeep\n|turn|185\n|\n|t:|1700507685\n|move|p2a: Corviknight|Iron Defense|p2a: Corviknight\n|-boost|p2a: Corviknight|def|2\n|move|p1a: Weezing|Pain Split|p2a: Corviknight\n|-sethp|p2a: Corviknight|68\/100 brn|[from] move: Pain Split|[silent]\n|-sethp|p1a: Weezing|75\/100 brn|[from] move: Pain Split\n|\n|-heal|p1a: Weezing|81\/100 brn|[from] item: Leftovers\n|-damage|p2a: Corviknight|62\/100 brn|[from] brn\n|-damage|p1a: Weezing|75\/100 brn|[from] brn\n|upkeep\n|turn|186\n|\n|t:|1700507689\n|switch|p1a: Toxapex|Toxapex, F|100\/100 brn\n|move|p2a: Corviknight|Iron Defense|p2a: Corviknight\n|-boost|p2a: Corviknight|def|2\n|\n|-damage|p2a: Corviknight|55\/100 brn|[from] brn\n|-damage|p1a: Toxapex|94\/100 brn|[from] brn\n|upkeep\n|turn|187\n|\n|t:|1700507693\n|move|p2a: Corviknight|Body Press|p1a: Toxapex\n|-resisted|p1a: Toxapex\n|-damage|p1a: Toxapex|75\/100 brn\n|move|p1a: Toxapex|Haze|p1a: Toxapex\n|-clearallboost\n|\n|-heal|p1a: Toxapex|81\/100 brn|[from] item: Leftovers\n|-damage|p2a: Corviknight|49\/100 brn|[from] brn\n|-damage|p1a: Toxapex|75\/100 brn|[from] brn\n|upkeep\n|turn|188\n|-message|oijwef forfeited.\n|\n|win|Am I leeroy?\n|raw|Am I leeroy?'s rating: 1483 &rarr; <strong>1504<\/strong><br \/>(+21 for winning)\n|raw|oijwef's rating: 1502 &rarr; <strong>1481<\/strong><br \/>(-21 for losing)\n|l|\u2606oijwef\n","uploadtime":1700507646,"views":5,"p1id":"amileeroy","p2id":"oijwef","formatid":"gen9ou","rating":1481,"private":0,"password":""}