{"id":"gen9ou-1992734441","p1":"xiaoheizi114514","p2":"qingche","format":"[Gen 9] OU","log":"|j|\u2606xiaoheizi114514\n|j|\u2606qingche\n|t:|1700230425\n|gametype|singles\n|player|p1|xiaoheizi114514|cyclist|\n|player|p2|qingche|hilbert|\n|teamsize|p1|6\n|teamsize|p2|6\n|gen|9\n|tier|[Gen 9] OU\n|rated|Tournament battle\n|rule|Sleep Clause Mod: Limit one foe put to sleep\n|rule|Species Clause: Limit one of each Pok\u00e9mon\n|rule|OHKO Clause: OHKO moves are banned\n|rule|Evasion Items Clause: Evasion items are banned\n|rule|Evasion Moves Clause: Evasion moves are banned\n|rule|Endless Battle Clause: Forcing endless battles is banned\n|rule|HP Percentage Mod: HP is shown in percentages\n|clearpoke\n|poke|p1|Dragapult, F|\n|poke|p1|Alomomola, F|\n|poke|p1|Slowking-Galar, M|\n|poke|p1|Great Tusk|\n|poke|p1|Ting-Lu|\n|poke|p1|Kingambit, F|\n|poke|p2|Rillaboom, F|\n|poke|p2|Sneasler, M|\n|poke|p2|Zamazenta-*|\n|poke|p2|Ogerpon-Wellspring, F|\n|poke|p2|Heatran, F|\n|poke|p2|Hatterene, F|\n|teampreview\n|j| xuetugong\n|l| xuetugong\n|inactive|Battle timer is ON: inactive players will automatically lose when time's up. (requested by qingche)\n|\n|t:|1700230457\n|start\n|switch|p1a: Dragapult|Dragapult, F|100\/100\n|switch|p2a: Heatran|Heatran, F|100\/100\n|-item|p2a: Heatran|Air Balloon\n|turn|1\n|\n|t:|1700230468\n|move|p1a: Dragapult|U-turn|p2a: Heatran\n|-resisted|p2a: Heatran\n|-damage|p2a: Heatran|97\/100\n|-enditem|p2a: Heatran|Air Balloon\n|j| ch5u\n|j| hbgzd\n|\n|t:|1700230497\n|switch|p1a: Alomomola|Alomomola, F, shiny|100\/100|[from] U-turn\n|move|p2a: Heatran|Magma Storm|p1a: Alomomola\n|-resisted|p1a: Alomomola\n|-damage|p1a: Alomomola|74\/100\n|-activate|p1a: Alomomola|move: Magma Storm|[of] p2a: Heatran\n|\n|-damage|p1a: Alomomola|62\/100|[from] move: Magma Storm|[partiallytrapped]\n|upkeep\n|turn|2\n|j| zxcvbnmmnbvcx\n|\n|t:|1700230512\n|switch|p2a: Rillaboom|Rillaboom, F|100\/100\n|-fieldstart|move: Grassy Terrain|[from] ability: Grassy Surge|[of] p2a: Rillaboom\n|move|p1a: Alomomola|Flip Turn|p2a: Rillaboom\n|-resisted|p2a: Rillaboom\n|-damage|p2a: Rillaboom|92\/100\n|inactive|xiaoheizi114514 has 120 seconds left.\n|\n|t:|1700230535\n|switch|p1a: Slowking|Slowking-Galar, M|100\/100|[from] Flip Turn\n|\n|-heal|p2a: Rillaboom|98\/100|[from] Grassy Terrain\n|upkeep\n|turn|3\n|\n|t:|1700230549\n|move|p2a: Rillaboom|Knock Off|p1a: Slowking\n|-supereffective|p1a: Slowking\n|-damage|p1a: Slowking|17\/100\n|-enditem|p1a: Slowking|Heavy-Duty Boots|[from] move: Knock Off|[of] p2a: Rillaboom\n|move|p1a: Slowking|Sludge Bomb|p2a: Rillaboom\n|-supereffective|p2a: Rillaboom\n|-damage|p2a: Rillaboom|14\/100\n|\n|-heal|p2a: Rillaboom|20\/100|[from] Grassy Terrain\n|-heal|p1a: Slowking|23\/100|[from] Grassy Terrain\n|upkeep\n|turn|4\n|\n|t:|1700230564\n|switch|p1a: Great Tusk|Great Tusk|100\/100\n|move|p2a: Rillaboom|Knock Off|p1a: Great Tusk\n|-resisted|p1a: Great Tusk\n|-damage|p1a: Great Tusk|87\/100\n|-enditem|p1a: Great Tusk|Leftovers|[from] move: Knock Off|[of] p2a: Rillaboom\n|\n|-heal|p2a: Rillaboom|27\/100|[from] Grassy Terrain\n|-heal|p1a: Great Tusk|94\/100|[from] Grassy Terrain\n|upkeep\n|turn|5\n|\n|t:|1700230574\n|switch|p2a: Hatterene|Hatterene, F|100\/100\n|-enditem|p2a: Hatterene|Grassy Seed\n|-boost|p2a: Hatterene|def|1|[from] item: Grassy Seed\n|move|p1a: Great Tusk|Close Combat|p2a: Hatterene\n|-resisted|p2a: Hatterene\n|-damage|p2a: Hatterene|94\/100\n|-unboost|p1a: Great Tusk|def|1\n|-unboost|p1a: Great Tusk|spd|1\n|\n|-heal|p1a: Great Tusk|99\/100|[from] Grassy Terrain\n|-heal|p2a: Hatterene|99\/100|[from] Grassy Terrain\n|upkeep\n|turn|6\n|\n|t:|1700230599\n|-end|p1a: Great Tusk|Protosynthesis|[silent]\n|switch|p1a: Slowking|Slowking-Galar, M|57\/100\n|move|p2a: Hatterene|Calm Mind|p2a: Hatterene\n|-boost|p2a: Hatterene|spa|1\n|-boost|p2a: Hatterene|spd|1\n|\n|-heal|p2a: Hatterene|100\/100|[from] Grassy Terrain\n|-heal|p1a: Slowking|63\/100|[from] Grassy Terrain\n|-fieldend|move: Grassy Terrain\n|upkeep\n|turn|7\n|l|\u2606xiaoheizi114514\n|inactive|xiaoheizi114514 disconnected and has a minute to reconnect!\n|player|p1|\n|\n|t:|1700230613\n|-terastallize|p2a: Hatterene|Water\n|move|p2a: Hatterene|Calm Mind|p2a: Hatterene\n|-boost|p2a: Hatterene|spa|1\n|-boost|p2a: Hatterene|spd|1\n|move|p1a: Slowking|Sludge Bomb|p2a: Hatterene\n|-damage|p2a: Hatterene|82\/100\n|\n|upkeep\n|turn|8\n|j|\u2606xiaoheizi114514\n|inactive|xiaoheizi114514 reconnected and has 150 seconds left.\n|player|p1|xiaoheizi114514|cyclist\n|inactive|qingche has 120 seconds left.\n|\n|t:|1700230631\n|move|p2a: Hatterene|Psychic|p1a: Slowking\n|-damage|p1a: Slowking|0 fnt\n|faint|p1a: Slowking\n|\n|upkeep\n|\n|t:|1700230635\n|switch|p1a: Ting-Lu|Ting-Lu|100\/100\n|-ability|p1a: Ting-Lu|Vessel of Ruin\n|turn|9\n|\n|t:|1700230640\n|move|p1a: Ting-Lu|Earthquake|p2a: Hatterene\n|-damage|p2a: Hatterene|60\/100\n|move|p2a: Hatterene|Draining Kiss|p1a: Ting-Lu\n|-supereffective|p1a: Ting-Lu\n|-damage|p1a: Ting-Lu|62\/100\n|-heal|p2a: Hatterene|100\/100|[from] drain|[of] p1a: Ting-Lu\n|\n|-heal|p1a: Ting-Lu|68\/100|[from] item: Leftovers\n|upkeep\n|turn|10\n|\n|t:|1700230649\n|switch|p1a: Great Tusk|Great Tusk|99\/100\n|move|p2a: Hatterene|Draining Kiss|p1a: Great Tusk\n|-supereffective|p1a: Great Tusk\n|-damage|p1a: Great Tusk|0 fnt\n|faint|p1a: Great Tusk\n|-end|p1a: Great Tusk|Protosynthesis|[silent]\n|\n|upkeep\n|\n|t:|1700230651\n|switch|p1a: Kingambit|Kingambit, F|100\/100\n|-activate|p1a: Kingambit|ability: Supreme Overlord\n|-start|p1a: Kingambit|fallen2|[silent]\n|turn|11\n|\n|t:|1700230660\n|move|p1a: Kingambit|Swords Dance|p1a: Kingambit\n|-boost|p1a: Kingambit|atk|2\n|move|p2a: Hatterene|Draining Kiss|p1a: Kingambit\n|-damage|p1a: Kingambit|56\/100\n|\n|upkeep\n|turn|12\n|\n|t:|1700230666\n|-terastallize|p1a: Kingambit|Dark\n|move|p1a: Kingambit|Kowtow Cleave|p2a: Hatterene\n|-damage|p2a: Hatterene|0 fnt\n|faint|p2a: Hatterene\n|\n|upkeep\n|\n|t:|1700230675\n|switch|p2a: Heatran|Heatran, F|97\/100\n|turn|13\n|\n|t:|1700230680\n|move|p1a: Kingambit|Sucker Punch|p2a: Heatran\n|-damage|p2a: Heatran|0 fnt\n|faint|p2a: Heatran\n|\n|upkeep\n|\n|t:|1700230683\n|switch|p2a: Rillaboom|Rillaboom, F|27\/100\n|-fieldstart|move: Grassy Terrain|[from] ability: Grassy Surge|[of] p2a: Rillaboom\n|turn|14\n|\n|t:|1700230686\n|move|p2a: Rillaboom|Grassy Glide|p1a: Kingambit\n|-damage|p1a: Kingambit|15\/100\n|move|p1a: Kingambit|Kowtow Cleave|p2a: Rillaboom\n|-damage|p2a: Rillaboom|0 fnt\n|faint|p2a: Rillaboom\n|\n|-heal|p1a: Kingambit|21\/100|[from] Grassy Terrain\n|upkeep\n|\n|t:|1700230698\n|switch|p2a: Zamazenta|Zamazenta|100\/100\n|-ability|p2a: Zamazenta|Dauntless Shield|boost\n|-boost|p2a: Zamazenta|def|1\n|turn|15\n|\n|t:|1700230711\n|-end|p1a: Kingambit|fallen2|[silent]\n|switch|p1a: Ting-Lu|Ting-Lu|68\/100\n|-ability|p1a: Ting-Lu|Vessel of Ruin\n|move|p2a: Zamazenta|Body Press|p1a: Ting-Lu\n|-supereffective|p1a: Ting-Lu\n|-damage|p1a: Ting-Lu|2\/100\n|\n|-heal|p1a: Ting-Lu|9\/100|[from] Grassy Terrain\n|-heal|p1a: Ting-Lu|15\/100|[from] item: Leftovers\n|upkeep\n|turn|16\n|l| ch5u\n|j| ch5u\n|\n|t:|1700230724\n|switch|p1a: Dragapult|Dragapult, F|100\/100\n|move|p2a: Zamazenta|Body Press|p1a: Dragapult\n|-immune|p1a: Dragapult\n|\n|upkeep\n|turn|17\n|\n|t:|1700230728\n|move|p1a: Dragapult|Shadow Ball|p2a: Zamazenta\n|-damage|p2a: Zamazenta|57\/100\n|move|p2a: Zamazenta|Iron Defense|p2a: Zamazenta\n|-boost|p2a: Zamazenta|def|2\n|\n|-heal|p2a: Zamazenta|64\/100|[from] Grassy Terrain\n|-heal|p2a: Zamazenta|70\/100|[from] item: Leftovers\n|upkeep\n|turn|18\n|\n|t:|1700230738\n|move|p1a: Dragapult|Shadow Ball|p2a: Zamazenta\n|-damage|p2a: Zamazenta|26\/100\n|move|p2a: Zamazenta|Crunch|p1a: Dragapult\n|-supereffective|p1a: Dragapult\n|-damage|p1a: Dragapult|42\/100\n|\n|-heal|p1a: Dragapult|48\/100|[from] Grassy Terrain\n|-heal|p2a: Zamazenta|32\/100|[from] Grassy Terrain\n|-heal|p2a: Zamazenta|38\/100|[from] item: Leftovers\n|-fieldend|move: Grassy Terrain\n|upkeep\n|turn|19\n|\n|t:|1700230747\n|move|p1a: Dragapult|Shadow Ball|p2a: Zamazenta\n|-damage|p2a: Zamazenta|0 fnt\n|faint|p2a: Zamazenta\n|\n|upkeep\n|\n|t:|1700230749\n|switch|p2a: Sneasler|Sneasler, M|100\/100\n|turn|20\n|\n|t:|1700230754\n|switch|p1a: Ting-Lu|Ting-Lu|15\/100\n|-ability|p1a: Ting-Lu|Vessel of Ruin\n|move|p2a: Sneasler|Lash Out|p1a: Ting-Lu\n|-resisted|p1a: Ting-Lu\n|-damage|p1a: Ting-Lu|7\/100\n|\n|-heal|p1a: Ting-Lu|13\/100|[from] item: Leftovers\n|upkeep\n|turn|21\n|l| zxcvbnmmnbvcx\n|\n|t:|1700230759\n|move|p2a: Sneasler|Dire Claw|p1a: Ting-Lu\n|-resisted|p1a: Ting-Lu\n|-crit|p1a: Ting-Lu\n|-damage|p1a: Ting-Lu|0 fnt\n|faint|p1a: Ting-Lu\n|\n|upkeep\n|j| zxcvbnmmnbvcx\n|\n|t:|1700230762\n|switch|p1a: Alomomola|Alomomola, F, shiny|95\/100\n|turn|22\n|\n|t:|1700230772\n|switch|p2a: Ogerpon|Ogerpon-Wellspring, F|100\/100\n|move|p1a: Alomomola|Wish|p1a: Alomomola\n|\n|upkeep\n|turn|23\n|j| eliaa\n|\n|t:|1700230780\n|switch|p1a: Dragapult|Dragapult, F|48\/100\n|move|p2a: Ogerpon|Encore||[still]\n|-fail|p2a: Ogerpon\n|\n|-heal|p1a: Dragapult|100\/100|[from] move: Wish|[wisher] Alomomola\n|upkeep\n|turn|24\n|\n|t:|1700230790\n|move|p1a: Dragapult|Shadow Ball|p2a: Ogerpon\n|-damage|p2a: Ogerpon|44\/100\n|move|p2a: Ogerpon|Ivy Cudgel|p1a: Dragapult|[anim] Ivy Cudgel Water\n|-resisted|p1a: Dragapult\n|-damage|p1a: Dragapult|57\/100\n|\n|upkeep\n|turn|25\n|\n|t:|1700230796\n|move|p1a: Dragapult|Shadow Ball|p2a: Ogerpon\n|-damage|p2a: Ogerpon|0 fnt\n|faint|p2a: Ogerpon\n|\n|upkeep\n|\n|t:|1700230798\n|switch|p2a: Sneasler|Sneasler, M|100\/100\n|turn|26\n|\n|t:|1700230800\n|move|p1a: Dragapult|Shadow Ball|p2a: Sneasler\n|-damage|p2a: Sneasler|37\/100\n|-unboost|p2a: Sneasler|spd|1\n|move|p2a: Sneasler|Lash Out|p1a: Dragapult\n|-supereffective|p1a: Dragapult\n|-damage|p1a: Dragapult|0 fnt\n|faint|p1a: Dragapult\n|\n|upkeep\n|\n|t:|1700230805\n|switch|p1a: Alomomola|Alomomola, F, shiny|100\/100\n|turn|27\n|c|\u2606qingche|gg\n|\n|t:|1700230810\n|move|p2a: Sneasler|Dire Claw|p1a: Alomomola\n|-damage|p1a: Alomomola|76\/100\n|-status|p1a: Alomomola|psn\n|move|p1a: Alomomola|Scald|p2a: Sneasler\n|-damage|p2a: Sneasler|11\/100\n|-status|p2a: Sneasler|brn\n|\n|-damage|p1a: Alomomola|63\/100 psn|[from] psn\n|-damage|p2a: Sneasler|5\/100 brn|[from] brn\n|upkeep\n|turn|28\n|-message|qingche forfeited.\n|\n|win|xiaoheizi114514\n|n|\u2606qingche|qingche\n|n| hbgzd|hbgzd\n|n|\u2606xiaoheizi114514|xiaoheizi114514\n|n| ch5u|ch5u\n|n| zxcvbnmmnbvcx|zxcvbnmmnbvcx\n|n| eliaa|eliaa\n","uploadtime":1700230819,"views":11,"p1id":"xiaoheizi114514","p2id":"qingche","formatid":"gen9ou","rating":0,"private":0,"password":""}