{"id":"gen9ou-1993033901","p1":"donkkut","p2":"MasterHand","format":"[Gen 9] OU","log":"|j|\u2606donkkut\n|j|\u2606MasterHand\n|t:|1700257536\n|gametype|singles\n|player|p1|donkkut|ballguy|1477\n|player|p2|MasterHand|volkner|1408\n|teamsize|p1|6\n|teamsize|p2|6\n|gen|9\n|tier|[Gen 9] OU\n|rated|\n|rule|Sleep Clause Mod: Limit one foe put to sleep\n|rule|Species Clause: Limit one of each Pok\u00e9mon\n|rule|OHKO Clause: OHKO moves are banned\n|rule|Evasion Items Clause: Evasion items are banned\n|rule|Evasion Moves Clause: Evasion moves are banned\n|rule|Endless Battle Clause: Forcing endless battles is banned\n|rule|HP Percentage Mod: HP is shown in percentages\n|clearpoke\n|poke|p1|Cresselia, F|\n|poke|p1|Slowking-Galar, M|\n|poke|p1|Hatterene, F|\n|poke|p1|Ursaluna, F|\n|poke|p1|Iron Hands|\n|poke|p1|Kingambit, F|\n|poke|p2|Kommo-o, M|\n|poke|p2|Dragapult, M|\n|poke|p2|Iron Moth|\n|poke|p2|Iron Treads|\n|poke|p2|Jirachi|\n|poke|p2|Landorus-Therian, M|\n|teampreview\n|inactive|Battle timer is ON: inactive players will automatically lose when time's up. (requested by donkkut)\n|inactive|donkkut has 120 seconds left.\n|\n|t:|1700257569\n|start\n|switch|p1a: Hatterene|Hatterene, F|100\/100\n|switch|p2a: Jirachi|Jirachi|100\/100\n|turn|1\n|\n|t:|1700257575\n|move|p2a: Jirachi|Trick|p1a: Hatterene\n|-activate|p2a: Jirachi|move: Trick|[of] p1a: Hatterene\n|-item|p1a: Hatterene|Choice Scarf|[from] move: Trick\n|-item|p2a: Jirachi|Focus Sash|[from] move: Trick\n|move|p1a: Hatterene|Trick Room|p1a: Hatterene\n|-fieldstart|move: Trick Room|[of] p1a: Hatterene\n|\n|upkeep\n|turn|2\n|\n|t:|1700257602\n|switch|p1a: Iron Hands|Iron Hands|100\/100\n|-enditem|p1a: Iron Hands|Booster Energy\n|-activate|p1a: Iron Hands|ability: Quark Drive|[fromitem]\n|-start|p1a: Iron Hands|quarkdriveatk\n|move|p2a: Jirachi|U-turn|p1a: Iron Hands\n|-resisted|p1a: Iron Hands\n|-damage|p1a: Iron Hands|93\/100\n|\n|t:|1700257606\n|switch|p2a: Landorus|Landorus-Therian, M|100\/100|[from] U-turn\n|-ability|p2a: Landorus|Intimidate|boost\n|-unboost|p1a: Iron Hands|atk|1\n|\n|upkeep\n|turn|3\n|\n|t:|1700257611\n|switch|p2a: Jirachi|Jirachi|100\/100\n|-terastallize|p1a: Iron Hands|Flying\n|move|p1a: Iron Hands|Swords Dance|p1a: Iron Hands\n|-boost|p1a: Iron Hands|atk|2\n|\n|upkeep\n|turn|4\n|\n|t:|1700257619\n|switch|p2a: Landorus|Landorus-Therian, M|100\/100\n|-ability|p2a: Landorus|Intimidate|boost\n|-unboost|p1a: Iron Hands|atk|1\n|move|p1a: Iron Hands|Drain Punch|p2a: Landorus\n|-resisted|p2a: Landorus\n|-damage|p2a: Landorus|69\/100\n|-heal|p1a: Iron Hands|100\/100|[from] drain|[of] p2a: Landorus\n|\n|upkeep\n|turn|5\n|\n|t:|1700257626\n|switch|p2a: Jirachi|Jirachi|100\/100\n|move|p1a: Iron Hands|Swords Dance|p1a: Iron Hands\n|-boost|p1a: Iron Hands|atk|2\n|\n|-fieldend|move: Trick Room\n|upkeep\n|turn|6\n|\n|t:|1700257630\n|move|p2a: Jirachi|Doom Desire|p1a: Iron Hands\n|-start|p2a: Jirachi|Doom Desire\n|move|p1a: Iron Hands|Ice Punch|p2a: Jirachi\n|-resisted|p2a: Jirachi\n|-damage|p2a: Jirachi|57\/100\n|\n|upkeep\n|turn|7\n|\n|t:|1700257633\n|move|p2a: Jirachi|Iron Head|p1a: Iron Hands\n|-damage|p1a: Iron Hands|78\/100\n|cant|p1a: Iron Hands|flinch\n|\n|upkeep\n|turn|8\n|\n|t:|1700257637\n|move|p2a: Jirachi|Iron Head|p1a: Iron Hands\n|-damage|p1a: Iron Hands|55\/100\n|move|p1a: Iron Hands|Drain Punch|p2a: Jirachi\n|-damage|p2a: Jirachi|0 fnt\n|-heal|p1a: Iron Hands|76\/100|[from] drain|[of] p2a: Jirachi\n|faint|p2a: Jirachi\n|\n|-end|p1a: Iron Hands|move: Doom Desire\n|-damage|p1a: Iron Hands|38\/100\n|upkeep\n|\n|t:|1700257662\n|switch|p2a: Iron Treads|Iron Treads|100\/100\n|turn|9\n|\n|t:|1700257668\n|move|p2a: Iron Treads|Thunder|p1a: Iron Hands\n|-supereffective|p1a: Iron Hands\n|-damage|p1a: Iron Hands|0 fnt\n|faint|p1a: Iron Hands\n|-end|p1a: Iron Hands|Quark Drive|[silent]\n|\n|upkeep\n|\n|t:|1700257679\n|switch|p1a: Hatterene|Hatterene, F|100\/100\n|turn|10\n|\n|t:|1700257683\n|move|p2a: Iron Treads|Iron Head|p1a: Hatterene\n|-supereffective|p1a: Hatterene\n|-damage|p1a: Hatterene|49\/100\n|move|p1a: Hatterene|Trick Room|p1a: Hatterene\n|-fieldstart|move: Trick Room|[of] p1a: Hatterene\n|\n|upkeep\n|turn|11\n|\n|t:|1700257693\n|switch|p1a: Ursaluna|Ursaluna, F|100\/100\n|move|p2a: Iron Treads|Earth Power|p1a: Ursaluna\n|-damage|p1a: Ursaluna|75\/100\n|\n|-status|p1a: Ursaluna|brn|[from] item: Flame Orb\n|upkeep\n|turn|12\n|\n|t:|1700257699\n|move|p1a: Ursaluna|Substitute|p1a: Ursaluna\n|-start|p1a: Ursaluna|Substitute\n|-damage|p1a: Ursaluna|50\/100 brn\n|move|p2a: Iron Treads|Iron Head|p1a: Ursaluna\n|-activate|p1a: Ursaluna|move: Substitute|[damage]\n|\n|-damage|p1a: Ursaluna|44\/100 brn|[from] brn\n|upkeep\n|turn|13\n|\n|t:|1700257703\n|move|p1a: Ursaluna|Headlong Rush|p2a: Iron Treads\n|-supereffective|p2a: Iron Treads\n|-damage|p2a: Iron Treads|0 fnt\n|-unboost|p1a: Ursaluna|def|1\n|-unboost|p1a: Ursaluna|spd|1\n|faint|p2a: Iron Treads\n|-end|p2a: Iron Treads|Quark Drive|[silent]\n|\n|-damage|p1a: Ursaluna|38\/100 brn|[from] brn\n|upkeep\n|inactive|MasterHand has 120 seconds left.\n|\n|t:|1700257737\n|switch|p2a: Iron Moth|Iron Moth|100\/100\n|-enditem|p2a: Iron Moth|Booster Energy\n|-activate|p2a: Iron Moth|ability: Quark Drive|[fromitem]\n|-start|p2a: Iron Moth|quarkdrivespe\n|turn|14\n|\n|t:|1700257745\n|move|p1a: Ursaluna|Facade|p2a: Iron Moth\n|-damage|p2a: Iron Moth|0 fnt\n|faint|p2a: Iron Moth\n|-end|p2a: Iron Moth|Quark Drive|[silent]\n|\n|-damage|p1a: Ursaluna|32\/100 brn|[from] brn\n|-fieldend|move: Trick Room\n|upkeep\n|\n|t:|1700257748\n|switch|p2a: Dragapult|Dragapult, M, shiny|100\/100\n|turn|15\n|\n|t:|1700257753\n|switch|p1a: Hatterene|Hatterene, F|49\/100\n|move|p2a: Dragapult|Dragon Darts|p1a: Hatterene\n|-immune|p1a: Hatterene\n|\n|upkeep\n|turn|16\n|\n|t:|1700257764\n|switch|p2a: Kommo-o|Kommo-o, M|100\/100\n|move|p1a: Hatterene|Healing Wish|p1a: Hatterene\n|faint|p1a: Hatterene\n|\n|upkeep\n|\n|t:|1700257771\n|switch|p1a: Ursaluna|Ursaluna, F|32\/100 brn\n|-heal|p1a: Ursaluna|100\/100|[from] move: Healing Wish\n|turn|17\n|\n|t:|1700257781\n|switch|p1a: Cresselia|Cresselia, F|100\/100\n|move|p2a: Kommo-o|Drain Punch|p1a: Cresselia\n|-resisted|p1a: Cresselia\n|-damage|p1a: Cresselia|91\/100\n|\n|upkeep\n|turn|18\n|\n|t:|1700257791\n|move|p2a: Kommo-o|Substitute|p2a: Kommo-o\n|-start|p2a: Kommo-o|Substitute\n|-damage|p2a: Kommo-o|75\/100\n|move|p1a: Cresselia|Trick Room|p1a: Cresselia\n|-fieldstart|move: Trick Room|[of] p1a: Cresselia\n|\n|upkeep\n|turn|19\n|\n|t:|1700257796\n|move|p1a: Cresselia|Psyshock|p2a: Kommo-o\n|-supereffective|p2a: Kommo-o\n|-end|p2a: Kommo-o|Substitute\n|move|p2a: Kommo-o|Substitute|p2a: Kommo-o\n|-start|p2a: Kommo-o|Substitute\n|-damage|p2a: Kommo-o|50\/100\n|\n|upkeep\n|turn|20\n|\n|t:|1700257801\n|move|p1a: Cresselia|Psyshock|p2a: Kommo-o\n|-supereffective|p2a: Kommo-o\n|-crit|p2a: Kommo-o\n|-end|p2a: Kommo-o|Substitute\n|move|p2a: Kommo-o|Substitute|p2a: Kommo-o\n|-start|p2a: Kommo-o|Substitute\n|-damage|p2a: Kommo-o|25\/100\n|-enditem|p2a: Kommo-o|Salac Berry|[eat]\n|-boost|p2a: Kommo-o|spe|1|[from] item: Salac Berry\n|\n|upkeep\n|turn|21\n|\n|t:|1700257804\n|move|p1a: Cresselia|Psyshock|p2a: Kommo-o\n|-supereffective|p2a: Kommo-o\n|-end|p2a: Kommo-o|Substitute\n|move|p2a: Kommo-o|Thunder Punch|p1a: Cresselia\n|-damage|p1a: Cresselia|78\/100\n|-status|p1a: Cresselia|par\n|\n|upkeep\n|turn|22\n|\n|t:|1700257810\n|move|p1a: Cresselia|Psyshock|p2a: Kommo-o\n|-supereffective|p2a: Kommo-o\n|-damage|p2a: Kommo-o|0 fnt\n|faint|p2a: Kommo-o\n|\n|-fieldend|move: Trick Room\n|upkeep\n|\n|t:|1700257812\n|switch|p2a: Dragapult|Dragapult, M, shiny|100\/100\n|turn|23\n|\n|t:|1700257817\n|switch|p1a: Kingambit|Kingambit, F|100\/100\n|-activate|p1a: Kingambit|ability: Supreme Overlord\n|-start|p1a: Kingambit|fallen2|[silent]\n|-terastallize|p2a: Dragapult|Dragon\n|move|p2a: Dragapult|Dragon Darts|p1a: Kingambit\n|-resisted|p1a: Kingambit\n|-damage|p1a: Kingambit|81\/100\n|-anim|p2a: Dragapult|Dragon Darts|p1a: Kingambit\n|-resisted|p1a: Kingambit\n|-crit|p1a: Kingambit\n|-damage|p1a: Kingambit|49\/100\n|\n|upkeep\n|turn|24\n|\n|t:|1700257829\n|move|p2a: Dragapult|Dragon Darts|p1a: Kingambit\n|-resisted|p1a: Kingambit\n|-damage|p1a: Kingambit|29\/100\n|-anim|p2a: Dragapult|Dragon Darts|p1a: Kingambit\n|-resisted|p1a: Kingambit\n|-damage|p1a: Kingambit|9\/100\n|move|p1a: Kingambit|Kowtow Cleave|p2a: Dragapult\n|-damage|p2a: Dragapult|1\/100\n|\n|upkeep\n|turn|25\n|\n|t:|1700257836\n|switch|p2a: Landorus|Landorus-Therian, M|69\/100\n|-ability|p2a: Landorus|Intimidate|boost\n|-unboost|p1a: Kingambit|atk|1\n|move|p1a: Kingambit|Kowtow Cleave|p2a: Landorus\n|-damage|p2a: Landorus|10\/100\n|\n|upkeep\n|turn|26\n|\n|t:|1700257840\n|move|p1a: Kingambit|Sucker Punch|p2a: Landorus\n|-damage|p2a: Landorus|0 fnt\n|faint|p2a: Landorus\n|\n|upkeep\n|\n|t:|1700257842\n|switch|p2a: Dragapult|Dragapult, M, shiny, tera:Dragon|1\/100\n|turn|27\n|\n|t:|1700257845\n|move|p2a: Dragapult|Sucker Punch|p1a: Kingambit\n|-resisted|p1a: Kingambit\n|-damage|p1a: Kingambit|0 fnt\n|faint|p1a: Kingambit\n|-end|p1a: Kingambit|fallen2|[silent]\n|\n|upkeep\n|\n|t:|1700257848\n|switch|p1a: Ursaluna|Ursaluna, F|100\/100\n|turn|28\n|\n|t:|1700257850\n|move|p2a: Dragapult|Sucker Punch|p1a: Ursaluna\n|-damage|p1a: Ursaluna|72\/100\n|move|p1a: Ursaluna|Headlong Rush|p2a: Dragapult\n|-damage|p2a: Dragapult|0 fnt\n|-unboost|p1a: Ursaluna|def|1\n|-unboost|p1a: Ursaluna|spd|1\n|faint|p2a: Dragapult\n|\n|win|donkkut\n|raw|donkkut's rating: 1477 &rarr; <strong>1493<\/strong><br \/>(+16 for winning)\n|raw|MasterHand's rating: 1408 &rarr; <strong>1392<\/strong><br \/>(-16 for losing)\n","uploadtime":1700257854,"views":11,"p1id":"donkkut","p2id":"masterhand","formatid":"gen9ou","rating":1392,"private":0,"password":""}