{"id":"gen9ou-1989705537","p1":"gabsmaluco","p2":"ChronoShadowGx","format":"[Gen 9] OU","log":"|j|\u2606gabsmaluco\n|j|\u2606ChronoShadowGx\n|t:|1699888614\n|gametype|singles\n|player|p1|gabsmaluco|roxie|1111\n|player|p2|ChronoShadowGx|burglar|1071\n|teamsize|p1|6\n|teamsize|p2|6\n|gen|9\n|tier|[Gen 9] OU\n|rated|\n|rule|Sleep Clause Mod: Limit one foe put to sleep\n|rule|Species Clause: Limit one of each Pok\u00e9mon\n|rule|OHKO Clause: OHKO moves are banned\n|rule|Evasion Items Clause: Evasion items are banned\n|rule|Evasion Moves Clause: Evasion moves are banned\n|rule|Endless Battle Clause: Forcing endless battles is banned\n|rule|HP Percentage Mod: HP is shown in percentages\n|clearpoke\n|poke|p1|Greninja-*, M|\n|poke|p1|Great Tusk|\n|poke|p1|Umbreon, F|\n|poke|p1|Dondozo, M|\n|poke|p1|Glimmora, M|\n|poke|p1|Dragapult, F|\n|poke|p2|Clefable, F|\n|poke|p2|Great Tusk|\n|poke|p2|Heatran, F|\n|poke|p2|Ribombee, F|\n|poke|p2|Clodsire, F|\n|poke|p2|Kingambit, M|\n|teampreview\n|inactive|Battle timer is ON: inactive players will automatically lose when time's up. (requested by ChronoShadowGx)\n|inactive|gabsmaluco also wants the timer to be on.\n|\n|t:|1699888641\n|start\n|switch|p1a: oasis|Glimmora, M|100\/100\n|switch|p2a: Great Tusk|Great Tusk|100\/100\n|turn|1\n|\n|t:|1699888647\n|move|p2a: Great Tusk|Headlong Rush|p1a: oasis\n|-supereffective|p1a: oasis\n|-enditem|p1a: oasis|Focus Sash\n|-damage|p1a: oasis|1\/100\n|-unboost|p2a: Great Tusk|def|1\n|-unboost|p2a: Great Tusk|spd|1\n|-activate|p1a: oasis|ability: Toxic Debris\n|-sidestart|p2: ChronoShadowGx|move: Toxic Spikes\n|move|p1a: oasis|Stealth Rock|p2a: Great Tusk\n|-sidestart|p2: ChronoShadowGx|move: Stealth Rock\n|\n|upkeep\n|turn|2\n|\n|t:|1699888660\n|switch|p1a: scary monsters|Dragapult, F|100\/100\n|move|p2a: Great Tusk|Rapid Spin|p1a: scary monsters\n|-immune|p1a: scary monsters\n|\n|upkeep\n|turn|3\n|\n|t:|1699888667\n|-terastallize|p2a: Great Tusk|Ice\n|move|p1a: scary monsters|Draco Meteor|p2a: Great Tusk\n|-damage|p2a: Great Tusk|0 fnt\n|-unboost|p1a: scary monsters|spa|2\n|faint|p2a: Great Tusk\n|-end|p2a: Great Tusk|Protosynthesis|[silent]\n|\n|upkeep\n|\n|t:|1699888678\n|switch|p2a: Clefable|Clefable, F|100\/100\n|-status|p2a: Clefable|psn\n|turn|4\n|\n|t:|1699888686\n|switch|p1a: black sabbath|Umbreon, F|100\/100\n|move|p2a: Clefable|Calm Mind|p2a: Clefable\n|-boost|p2a: Clefable|spa|1\n|-boost|p2a: Clefable|spd|1\n|\n|upkeep\n|turn|5\n|\n|t:|1699888698\n|move|p1a: black sabbath|Wish|p1a: black sabbath\n|move|p2a: Clefable|Calm Mind|p2a: Clefable\n|-boost|p2a: Clefable|spa|1\n|-boost|p2a: Clefable|spd|1\n|\n|upkeep\n|turn|6\n|\n|t:|1699888706\n|switch|p1a: blue hawaii|Dondozo, M|100\/100\n|move|p2a: Clefable|Calm Mind|p2a: Clefable\n|-boost|p2a: Clefable|spa|1\n|-boost|p2a: Clefable|spd|1\n|\n|upkeep\n|turn|7\n|\n|t:|1699888718\n|move|p2a: Clefable|Calm Mind|p2a: Clefable\n|-boost|p2a: Clefable|spa|1\n|-boost|p2a: Clefable|spd|1\n|move|p1a: blue hawaii|Liquidation|p2a: Clefable\n|-crit|p2a: Clefable\n|-damage|p2a: Clefable|55\/100 psn\n|\n|-heal|p2a: Clefable|61\/100 psn|[from] item: Leftovers\n|upkeep\n|turn|8\n|\n|t:|1699888726\n|move|p2a: Clefable|Stored Power|p1a: blue hawaii\n|-damage|p1a: blue hawaii|49\/100\n|move|p1a: blue hawaii|Liquidation|p2a: Clefable\n|-damage|p2a: Clefable|26\/100 psn\n|\n|-heal|p2a: Clefable|32\/100 psn|[from] item: Leftovers\n|-heal|p1a: blue hawaii|55\/100|[from] item: Leftovers\n|upkeep\n|turn|9\n|\n|t:|1699888734\n|move|p2a: Clefable|Draining Kiss|p1a: blue hawaii\n|-damage|p1a: blue hawaii|31\/100\n|-heal|p2a: Clefable|56\/100 psn|[from] drain|[of] p1a: blue hawaii\n|move|p1a: blue hawaii|Liquidation|p2a: Clefable\n|-damage|p2a: Clefable|25\/100 psn\n|\n|-heal|p2a: Clefable|31\/100 psn|[from] item: Leftovers\n|-heal|p1a: blue hawaii|37\/100|[from] item: Leftovers\n|upkeep\n|turn|10\n|\n|t:|1699888742\n|move|p2a: Clefable|Stored Power|p1a: blue hawaii\n|-damage|p1a: blue hawaii|0 fnt\n|faint|p1a: blue hawaii\n|\n|-heal|p2a: Clefable|37\/100 psn|[from] item: Leftovers\n|upkeep\n|\n|t:|1699888754\n|switch|p1a: Tusk Act4|Great Tusk|100\/100\n|turn|11\n|\n|t:|1699888757\n|move|p1a: Tusk Act4|Headlong Rush|p2a: Clefable\n|-damage|p2a: Clefable|0 fnt\n|-unboost|p1a: Tusk Act4|def|1\n|-unboost|p1a: Tusk Act4|spd|1\n|faint|p2a: Clefable\n|\n|upkeep\n|\n|t:|1699888765\n|switch|p2a: Clodsire|Clodsire, F|100\/100\n|-sideend|p2: ChronoShadowGx|move: Toxic Spikes|[of] p2a: Clodsire\n|-damage|p2a: Clodsire|94\/100|[from] Stealth Rock\n|turn|12\n|\n|t:|1699888769\n|move|p1a: Tusk Act4|Headlong Rush|p2a: Clodsire\n|-supereffective|p2a: Clodsire\n|-damage|p2a: Clodsire|0 fnt\n|-unboost|p1a: Tusk Act4|def|1\n|-unboost|p1a: Tusk Act4|spd|1\n|faint|p2a: Clodsire\n|\n|upkeep\n|\n|t:|1699888776\n|switch|p2a: Ribombee|Ribombee, F, shiny|100\/100\n|-damage|p2a: Ribombee|76\/100|[from] Stealth Rock\n|turn|13\n|\n|t:|1699888796\n|-end|p1a: Tusk Act4|Protosynthesis|[silent]\n|switch|p1a: black sabbath|Umbreon, F|100\/100\n|move|p2a: Ribombee|Draining Kiss|p1a: black sabbath\n|-supereffective|p1a: black sabbath\n|-damage|p1a: black sabbath|76\/100\n|-heal|p2a: Ribombee|100\/100|[from] drain|[of] p1a: black sabbath\n|\n|-heal|p1a: black sabbath|82\/100|[from] item: Leftovers\n|upkeep\n|turn|14\n|\n|t:|1699888805\n|move|p2a: Ribombee|Quiver Dance|p2a: Ribombee\n|-boost|p2a: Ribombee|spa|1\n|-boost|p2a: Ribombee|spd|1\n|-boost|p2a: Ribombee|spe|1\n|move|p1a: black sabbath|Thunder Wave|p2a: Ribombee\n|-status|p2a: Ribombee|par\n|\n|-heal|p1a: black sabbath|88\/100|[from] item: Leftovers\n|upkeep\n|turn|15\n|\n|t:|1699888813\n|switch|p1a: scary monsters|Dragapult, F|100\/100\n|move|p2a: Ribombee|Quiver Dance|p2a: Ribombee\n|-boost|p2a: Ribombee|spa|1\n|-boost|p2a: Ribombee|spd|1\n|-boost|p2a: Ribombee|spe|1\n|\n|upkeep\n|turn|16\n|\n|t:|1699888820\n|-terastallize|p1a: scary monsters|Fire\n|move|p1a: scary monsters|Flamethrower|p2a: Ribombee\n|-supereffective|p2a: Ribombee\n|-enditem|p2a: Ribombee|Focus Sash\n|-damage|p2a: Ribombee|1\/100 par\n|move|p2a: Ribombee|Draining Kiss|p1a: scary monsters\n|-resisted|p1a: scary monsters\n|-damage|p1a: scary monsters|66\/100\n|-heal|p2a: Ribombee|32\/100 par|[from] drain|[of] p1a: scary monsters\n|\n|upkeep\n|turn|17\n|\n|t:|1699888835\n|switch|p1a: Tusk Act4|Great Tusk|100\/100\n|move|p2a: Ribombee|Sticky Web|p1a: Tusk Act4\n|-sidestart|p1: gabsmaluco|move: Sticky Web\n|\n|upkeep\n|turn|18\n|\n|t:|1699888840\n|move|p2a: Ribombee|Draining Kiss|p1a: Tusk Act4\n|-supereffective|p1a: Tusk Act4\n|-damage|p1a: Tusk Act4|0 fnt\n|-heal|p2a: Ribombee|100\/100 par|[from] drain|[of] p1a: Tusk Act4\n|faint|p1a: Tusk Act4\n|-end|p1a: Tusk Act4|Protosynthesis|[silent]\n|\n|upkeep\n|\n|t:|1699888845\n|switch|p1a: oasis|Glimmora, M|1\/100\n|-activate|p1a: oasis|move: Sticky Web\n|-unboost|p1a: oasis|spe|1\n|turn|19\n|\n|t:|1699888850\n|cant|p2a: Ribombee|par\n|move|p1a: oasis|Mortal Spin|p2a: Ribombee\n|-supereffective|p2a: Ribombee\n|-damage|p2a: Ribombee|75\/100 par\n|-sideend|p1: gabsmaluco|Sticky Web|[from] move: Mortal Spin|[of] p1a: oasis\n|\n|upkeep\n|turn|20\n|\n|t:|1699888860\n|move|p2a: Ribombee|Sticky Web|p1a: oasis\n|-sidestart|p1: gabsmaluco|move: Sticky Web\n|move|p1a: oasis|Sludge Bomb|p2a: Ribombee\n|-supereffective|p2a: Ribombee\n|-damage|p2a: Ribombee|0 fnt\n|faint|p2a: Ribombee\n|\n|upkeep\n|\n|t:|1699888870\n|switch|p2a: Kingambit|Kingambit, M|100\/100\n|-damage|p2a: Kingambit|94\/100|[from] Stealth Rock\n|-activate|p2a: Kingambit|ability: Supreme Overlord\n|-start|p2a: Kingambit|fallen4|[silent]\n|turn|21\n|\n|t:|1699888876\n|move|p1a: oasis|Earth Power|p2a: Kingambit\n|-supereffective|p2a: Kingambit\n|-damage|p2a: Kingambit|35\/100\n|move|p2a: Kingambit|Swords Dance|p2a: Kingambit\n|-boost|p2a: Kingambit|atk|2\n|\n|upkeep\n|turn|22\n|\n|t:|1699888884\n|move|p2a: Kingambit|Sucker Punch||[still]\n|-fail|p2a: Kingambit\n|move|p1a: oasis|Stealth Rock||[still]\n|-fail|p1a: oasis\n|\n|upkeep\n|turn|23\n|\n|t:|1699888889\n|move|p2a: Kingambit|Sucker Punch|p1a: oasis\n|-damage|p1a: oasis|0 fnt\n|-activate|p1a: oasis|ability: Toxic Debris\n|-sidestart|p2: ChronoShadowGx|move: Toxic Spikes\n|faint|p1a: oasis\n|-damage|p2a: Kingambit|25\/100|[from] item: Life Orb\n|\n|upkeep\n|\n|t:|1699888912\n|switch|p1a: black sabbath|Umbreon, F|88\/100\n|-activate|p1a: black sabbath|move: Sticky Web\n|-unboost|p1a: black sabbath|spe|1\n|turn|24\n|\n|t:|1699888920\n|move|p2a: Kingambit|Poison Jab|p1a: black sabbath\n|-damage|p1a: black sabbath|0 fnt\n|faint|p1a: black sabbath\n|-damage|p2a: Kingambit|15\/100|[from] item: Life Orb\n|\n|upkeep\n|\n|t:|1699888931\n|switch|p1a: in a silent way|Greninja, M|100\/100\n|-activate|p1a: in a silent way|move: Sticky Web\n|-unboost|p1a: in a silent way|spe|1\n|turn|25\n|\n|t:|1699888940\n|move|p2a: Kingambit|Sucker Punch|p1a: in a silent way\n|-resisted|p1a: in a silent way\n|-damage|p1a: in a silent way|0 fnt\n|faint|p1a: in a silent way\n|-damage|p2a: Kingambit|5\/100|[from] item: Life Orb\n|\n|upkeep\n|-message|gabsmaluco forfeited.\n|\n|win|ChronoShadowGx\n|raw|gabsmaluco's rating: 1111 &rarr; <strong>1083<\/strong><br \/>(-28 for losing)\n|raw|ChronoShadowGx's rating: 1071 &rarr; <strong>1104<\/strong><br \/>(+33 for winning)\n|l|\u2606gabsmaluco\n","uploadtime":1699888949,"views":11,"p1id":"gabsmaluco","p2id":"chronoshadowgx","formatid":"gen9ou","rating":1083,"private":0,"password":""}