{"id":"gen9ou-1997541122","p1":"Pokemh","p2":"Shanubiki","format":"[Gen 9] OU","log":"|j|\u203dPokemh\n|j|\u2606Shanubiki\n|t:|1700822639\n|gametype|singles\n|player|p1|Pokemh|waitress-gen4|1614\n|player|p2|Shanubiki|aaron|1566\n|teamsize|p1|6\n|teamsize|p2|6\n|gen|9\n|tier|[Gen 9] OU\n|rated|\n|rule|Sleep Clause Mod: Limit one foe put to sleep\n|rule|Species Clause: Limit one of each Pok\u00e9mon\n|rule|OHKO Clause: OHKO moves are banned\n|rule|Evasion Items Clause: Evasion items are banned\n|rule|Evasion Moves Clause: Evasion moves are banned\n|rule|Endless Battle Clause: Forcing endless battles is banned\n|rule|HP Percentage Mod: HP is shown in percentages\n|clearpoke\n|poke|p1|Kingambit, M|\n|poke|p1|Zamazenta-*|\n|poke|p1|Slowking-Galar, F|\n|poke|p1|Great Tusk|\n|poke|p1|Volcanion|\n|poke|p1|Thundurus-Therian, M|\n|poke|p2|Glimmora, F|\n|poke|p2|Cinderace, F|\n|poke|p2|Ogerpon-Wellspring, F|\n|poke|p2|Gholdengo|\n|poke|p2|Kingambit, F|\n|poke|p2|Iron Valiant|\n|teampreview\n|\n|t:|1700822654\n|start\n|switch|p1a: Slowking|Slowking-Galar, F|100\/100\n|switch|p2a: Lutulola|Kingambit, F|100\/100\n|turn|1\n|\n|t:|1700822658\n|switch|p1a: Great Tusk|Great Tusk|100\/100\n|move|p2a: Lutulola|Kowtow Cleave|p1a: Great Tusk\n|-resisted|p1a: Great Tusk\n|-damage|p1a: Great Tusk|87\/100\n|\n|-heal|p1a: Great Tusk|94\/100|[from] item: Leftovers\n|upkeep\n|turn|2\n|inactive|Battle timer is ON: inactive players will automatically lose when time's up. (requested by Shanubiki)\n|\n|t:|1700822665\n|-end|p2a: Lutulola|fallenundefined|[silent]\n|switch|p2a: Krakpak|Glimmora, F|100\/100\n|move|p1a: Great Tusk|Stealth Rock|p2a: Krakpak\n|-sidestart|p2: Shanubiki|move: Stealth Rock\n|\n|-heal|p1a: Great Tusk|99\/100|[from] item: Leftovers\n|upkeep\n|turn|3\n|\n|t:|1700822669\n|move|p2a: Krakpak|Energy Ball|p1a: Great Tusk\n|-supereffective|p1a: Great Tusk\n|-damage|p1a: Great Tusk|24\/100\n|move|p1a: Great Tusk|Rapid Spin|p2a: Krakpak\n|-resisted|p2a: Krakpak\n|-damage|p2a: Krakpak|92\/100\n|-boost|p1a: Great Tusk|spe|1\n|-activate|p2a: Krakpak|ability: Toxic Debris\n|-sidestart|p1: Pokemh|move: Toxic Spikes\n|-sideend|p1: Pokemh|Toxic Spikes|[from] move: Rapid Spin|[of] p1a: Great Tusk\n|\n|-heal|p1a: Great Tusk|30\/100|[from] item: Leftovers\n|upkeep\n|turn|4\n|\n|t:|1700822676\n|switch|p2a: Rapluplo|Gholdengo|100\/100\n|-damage|p2a: Rapluplo|94\/100|[from] Stealth Rock\n|-item|p2a: Rapluplo|Air Balloon\n|move|p1a: Great Tusk|Earthquake|p2a: Rapluplo\n|-immune|p2a: Rapluplo\n|\n|-heal|p1a: Great Tusk|36\/100|[from] item: Leftovers\n|upkeep\n|turn|5\n|\n|t:|1700822681\n|move|p1a: Great Tusk|Knock Off|p2a: Rapluplo\n|-supereffective|p2a: Rapluplo\n|-crit|p2a: Rapluplo\n|-damage|p2a: Rapluplo|0 fnt\n|-enditem|p2a: Rapluplo|Air Balloon\n|faint|p2a: Rapluplo\n|\n|-heal|p1a: Great Tusk|42\/100|[from] item: Leftovers\n|upkeep\n|-message|Shanubiki forfeited.\n|\n|win|Pokemh\n|raw|Pokemh's rating: 1614 &rarr; <strong>1631<\/strong><br \/>(+17 for winning)\n|raw|Shanubiki's rating: 1566 &rarr; <strong>1549<\/strong><br \/>(-17 for losing)\n|l|\u2606Shanubiki\n","uploadtime":1700822691,"views":4,"p1id":"pokemh","p2id":"shanubiki","formatid":"gen9ou","rating":1549,"private":0,"password":""}