{"id":"gen9ou-1999859165","p1":"AkiDes","p2":"PokerManGold","format":"[Gen 9] OU","log":"|j|\u2606AkiDes\n|j|\u2606PokerManGold\n|t:|1701123541\n|gametype|singles\n|player|p1|AkiDes|volkner|1132\n|player|p2|PokerManGold|li|1075\n|teamsize|p1|6\n|teamsize|p2|6\n|gen|9\n|tier|[Gen 9] OU\n|rated|\n|rule|Sleep Clause Mod: Limit one foe put to sleep\n|rule|Species Clause: Limit one of each Pok\u00e9mon\n|rule|OHKO Clause: OHKO moves are banned\n|rule|Evasion Items Clause: Evasion items are banned\n|rule|Evasion Moves Clause: Evasion moves are banned\n|rule|Endless Battle Clause: Forcing endless battles is banned\n|rule|HP Percentage Mod: HP is shown in percentages\n|clearpoke\n|poke|p1|Greninja-*, M|\n|poke|p1|Dragonite, F|\n|poke|p1|Cinderace, M|\n|poke|p1|Mandibuzz, F|\n|poke|p1|Jolteon, F|\n|poke|p1|Landorus-Therian, M|\n|poke|p2|Dragonite, F|\n|poke|p2|Gholdengo|\n|poke|p2|Great Tusk|\n|poke|p2|Ogerpon-Wellspring, F|\n|poke|p2|Skeledirge, F|\n|poke|p2|Toxapex, F|\n|teampreview\n|\n|t:|1701123558\n|start\n|switch|p1a: Prueba nomas|Landorus-Therian, M|100\/100\n|switch|p2a: Ogerpon|Ogerpon-Wellspring, F|100\/100\n|-ability|p1a: Prueba nomas|Intimidate|boost\n|-unboost|p2a: Ogerpon|atk|1\n|turn|1\n|\n|t:|1701123567\n|-terastallize|p2a: Ogerpon|Water\n|detailschange|p2a: Ogerpon|Ogerpon-Wellspring-Tera, F, tera:Water\n|-ability|p2a: Ogerpon|Embody Aspect (Wellspring)|boost\n|-boost|p2a: Ogerpon|spd|1\n|move|p2a: Ogerpon|Swords Dance|p2a: Ogerpon\n|-boost|p2a: Ogerpon|atk|2\n|move|p1a: Prueba nomas|Stealth Rock|p2a: Ogerpon\n|-sidestart|p2: PokerManGold|move: Stealth Rock\n|\n|upkeep\n|turn|2\n|\n|t:|1701123578\n|move|p2a: Ogerpon|Ivy Cudgel|p1a: Prueba nomas|[anim] Ivy Cudgel Water\n|-supereffective|p1a: Prueba nomas\n|-damage|p1a: Prueba nomas|0 fnt\n|faint|p1a: Prueba nomas\n|\n|upkeep\n|\n|t:|1701123588\n|switch|p1a: Jarcres|Jolteon, F|100\/100\n|turn|3\n|\n|t:|1701123606\n|move|p1a: Jarcres|Thunderbolt|p2a: Ogerpon\n|-supereffective|p2a: Ogerpon\n|-damage|p2a: Ogerpon|0 fnt\n|faint|p2a: Ogerpon\n|\n|upkeep\n|\n|t:|1701123613\n|switch|p2a: Great Tusk|Great Tusk|100\/100\n|-damage|p2a: Great Tusk|98\/100|[from] Stealth Rock\n|-enditem|p2a: Great Tusk|Booster Energy\n|-activate|p2a: Great Tusk|ability: Protosynthesis|[fromitem]\n|-start|p2a: Great Tusk|protosynthesisspe\n|turn|4\n|\n|t:|1701123620\n|switch|p1a: Festin celestial|Mandibuzz, F|100\/100\n|move|p2a: Great Tusk|Stealth Rock|p1a: Festin celestial\n|-sidestart|p1: AkiDes|move: Stealth Rock\n|\n|upkeep\n|turn|5\n|\n|t:|1701123638\n|move|p2a: Great Tusk|Ice Spinner|p1a: Festin celestial\n|-supereffective|p1a: Festin celestial\n|-damage|p1a: Festin celestial|74\/100\n|move|p1a: Festin celestial|Toxic|p2a: Great Tusk\n|-status|p2a: Great Tusk|tox\n|\n|-damage|p2a: Great Tusk|91\/100 tox|[from] psn\n|upkeep\n|turn|6\n|\n|t:|1701123658\n|-end|p2a: Great Tusk|Protosynthesis|[silent]\n|switch|p2a: Toxapex|Toxapex, F|100\/100\n|-damage|p2a: Toxapex|88\/100|[from] Stealth Rock\n|move|p1a: Festin celestial|Foul Play|p2a: Toxapex\n|-damage|p2a: Toxapex|77\/100\n|\n|-heal|p2a: Toxapex|83\/100|[from] item: Leftovers\n|upkeep\n|turn|7\n|\n|t:|1701123669\n|move|p1a: Festin celestial|Roost|p1a: Festin celestial\n|-heal|p1a: Festin celestial|100\/100\n|-singleturn|p1a: Festin celestial|move: Roost\n|move|p2a: Toxapex|Toxic|p1a: Festin celestial\n|-status|p1a: Festin celestial|tox\n|\n|-heal|p2a: Toxapex|90\/100|[from] item: Leftovers\n|-damage|p1a: Festin celestial|94\/100 tox|[from] psn\n|upkeep\n|turn|8\n|\n|t:|1701123689\n|switch|p1a: Jarcres|Jolteon, F|100\/100\n|-damage|p1a: Jarcres|88\/100|[from] Stealth Rock\n|move|p2a: Toxapex|Surf|p1a: Jarcres\n|-damage|p1a: Jarcres|64\/100\n|\n|-heal|p2a: Toxapex|96\/100|[from] item: Leftovers\n|upkeep\n|turn|9\n|\n|t:|1701123704\n|switch|p2a: Great Tusk|Great Tusk|91\/100 tox\n|-damage|p2a: Great Tusk|88\/100 tox|[from] Stealth Rock\n|-terastallize|p1a: Jarcres|Ice\n|move|p1a: Jarcres|Tera Blast|p2a: Great Tusk|[anim] Tera Blast Ice\n|-supereffective|p2a: Great Tusk\n|-damage|p2a: Great Tusk|0 fnt\n|faint|p2a: Great Tusk\n|-end|p2a: Great Tusk|Protosynthesis|[silent]\n|\n|upkeep\n|\n|t:|1701123714\n|switch|p2a: Skeledirge|Skeledirge, F|100\/100\n|turn|10\n|\n|t:|1701123722\n|switch|p1a: Festin celestial|Mandibuzz, F|94\/100 tox\n|move|p2a: Skeledirge|Will-O-Wisp||[still]\n|-fail|p2a: Skeledirge\n|\n|-damage|p1a: Festin celestial|88\/100 tox|[from] psn\n|upkeep\n|turn|11\n|\n|t:|1701123734\n|switch|p2a: Dragonite|Dragonite, F|100\/100\n|move|p1a: Festin celestial|Foul Play|p2a: Dragonite\n|-damage|p2a: Dragonite|74\/100\n|\n|-damage|p1a: Festin celestial|76\/100 tox|[from] psn\n|upkeep\n|turn|12\n|\n|t:|1701123743\n|move|p2a: Dragonite|Dragon Dance|p2a: Dragonite\n|-boost|p2a: Dragonite|atk|1\n|-boost|p2a: Dragonite|spe|1\n|move|p1a: Festin celestial|Toxic|p2a: Dragonite\n|-status|p2a: Dragonite|tox\n|\n|-damage|p2a: Dragonite|68\/100 tox|[from] psn\n|-damage|p1a: Festin celestial|57\/100 tox|[from] psn\n|upkeep\n|turn|13\n|\n|t:|1701123755\n|move|p2a: Dragonite|Ice Spinner|p1a: Festin celestial\n|-supereffective|p1a: Festin celestial\n|-damage|p1a: Festin celestial|9\/100 tox\n|move|p1a: Festin celestial|Defog|p2a: Dragonite\n|-unboost|p2a: Dragonite|evasion|1\n|-sideend|p2: PokerManGold|Stealth Rock|[from] move: Defog|[of] p1a: Festin celestial\n|-sideend|p1: AkiDes|Stealth Rock|[from] move: Defog|[of] p1a: Festin celestial\n|\n|-damage|p2a: Dragonite|56\/100 tox|[from] psn\n|-damage|p1a: Festin celestial|0 fnt|[from] psn\n|faint|p1a: Festin celestial\n|upkeep\n|\n|t:|1701123764\n|switch|p1a: Fuego en la pista|Cinderace, M|100\/100\n|turn|14\n|\n|t:|1701123773\n|move|p1a: Fuego en la pista|Sucker Punch|p2a: Dragonite\n|-start|p1a: Fuego en la pista|typechange|Dark|[from] ability: Libero\n|-damage|p2a: Dragonite|19\/100 tox\n|move|p2a: Dragonite|Earthquake|p1a: Fuego en la pista\n|-damage|p1a: Fuego en la pista|30\/100\n|\n|-damage|p2a: Dragonite|1\/100 tox|[from] psn\n|upkeep\n|turn|15\n|\n|t:|1701123781\n|move|p2a: Dragonite|Extreme Speed|p1a: Fuego en la pista\n|-damage|p1a: Fuego en la pista|0 fnt\n|faint|p1a: Fuego en la pista\n|\n|-damage|p2a: Dragonite|0 fnt|[from] psn\n|faint|p2a: Dragonite\n|upkeep\n|\n|t:|1701123796\n|switch|p1a: Jarcres|Jolteon, F, tera:Ice|64\/100\n|switch|p2a: Skeledirge|Skeledirge, F|100\/100\n|turn|16\n|\n|t:|1701123802\n|move|p1a: Jarcres|Shadow Ball|p2a: Skeledirge\n|-supereffective|p2a: Skeledirge\n|-damage|p2a: Skeledirge|25\/100\n|move|p2a: Skeledirge|Will-O-Wisp|p1a: Jarcres\n|-status|p1a: Jarcres|brn\n|\n|-damage|p1a: Jarcres|58\/100 brn|[from] brn\n|upkeep\n|turn|17\n|\n|t:|1701123823\n|switch|p2a: Toxapex|Toxapex, F|100\/100\n|move|p1a: Jarcres|Shadow Ball|p2a: Toxapex\n|-damage|p2a: Toxapex|73\/100\n|\n|-heal|p2a: Toxapex|79\/100|[from] item: Leftovers\n|-damage|p1a: Jarcres|52\/100 brn|[from] brn\n|upkeep\n|turn|18\n|\n|t:|1701123849\n|switch|p1a: Cacahuate|Dragonite, F|100\/100\n|move|p2a: Toxapex|Surf|p1a: Cacahuate\n|-resisted|p1a: Cacahuate\n|-damage|p1a: Cacahuate|96\/100\n|\n|-heal|p2a: Toxapex|86\/100|[from] item: Leftovers\n|upkeep\n|turn|19\n|\n|t:|1701123859\n|switch|p2a: Gholdengo|Gholdengo|100\/100\n|-item|p2a: Gholdengo|Air Balloon\n|move|p1a: Cacahuate|Dragon Dance|p1a: Cacahuate\n|-boost|p1a: Cacahuate|atk|1\n|-boost|p1a: Cacahuate|spe|1\n|\n|upkeep\n|turn|20\n|\n|t:|1701123869\n|move|p1a: Cacahuate|Fire Punch|p2a: Gholdengo\n|-supereffective|p2a: Gholdengo\n|-damage|p2a: Gholdengo|1\/100\n|-enditem|p2a: Gholdengo|Air Balloon\n|move|p2a: Gholdengo|Nasty Plot|p2a: Gholdengo\n|-boost|p2a: Gholdengo|spa|2\n|\n|upkeep\n|turn|21\n|\n|t:|1701123879\n|move|p1a: Cacahuate|Fire Punch|p2a: Gholdengo\n|-supereffective|p2a: Gholdengo\n|-damage|p2a: Gholdengo|0 fnt\n|faint|p2a: Gholdengo\n|\n|upkeep\n|c|\u2606PokerManGold|gg\n|-message|PokerManGold forfeited.\n|\n|win|AkiDes\n|raw|AkiDes's rating: 1132 &rarr; <strong>1153<\/strong><br \/>(+21 for winning)\n|raw|PokerManGold's rating: 1075 &rarr; <strong>1057<\/strong><br \/>(-18 for losing)\n|c|\u2606AkiDes|gg\n|l|\u2606PokerManGold\n","uploadtime":1701123894,"views":2,"p1id":"akides","p2id":"pokermangold","formatid":"gen9ou","rating":1057,"private":0,"password":""}