{"id":"gen9ou-1988905158","p1":"Mukyaup","p2":"lancer92","format":"[Gen 9] OU","log":"|j|\u2606Mukyaup\n|j|\u2606lancer92\n|t:|1699785045\n|gametype|singles\n|player|p1|Mukyaup|koga|1320\n|player|p2|lancer92|170|1224\n|teamsize|p1|6\n|teamsize|p2|6\n|gen|9\n|tier|[Gen 9] OU\n|rated|\n|rule|Sleep Clause Mod: Limit one foe put to sleep\n|rule|Species Clause: Limit one of each Pok\u00e9mon\n|rule|OHKO Clause: OHKO moves are banned\n|rule|Evasion Items Clause: Evasion items are banned\n|rule|Evasion Moves Clause: Evasion moves are banned\n|rule|Endless Battle Clause: Forcing endless battles is banned\n|rule|HP Percentage Mod: HP is shown in percentages\n|clearpoke\n|poke|p1|Maushold-Four|\n|poke|p1|Weezing-Galar, F|\n|poke|p1|Dragonite, F|\n|poke|p1|Walking Wake|\n|poke|p1|Muk-Alola, M|\n|poke|p1|Great Tusk|\n|poke|p2|Slowbro-Galar, F|\n|poke|p2|Cyclizar, M|\n|poke|p2|Arcanine-Hisui, M|\n|poke|p2|Zapdos|\n|poke|p2|Walking Wake|\n|poke|p2|Dragapult, F|\n|teampreview\n|\n|t:|1699785080\n|start\n|switch|p1a: WalkingMid|Walking Wake|100\/100\n|switch|p2a: Cyclizar|Cyclizar, M|100\/100\n|turn|1\n|\n|t:|1699785091\n|move|p1a: WalkingMid|Draco Meteor|p2a: Cyclizar\n|-supereffective|p2a: Cyclizar\n|-damage|p2a: Cyclizar|0 fnt\n|-unboost|p1a: WalkingMid|spa|2\n|faint|p2a: Cyclizar\n|\n|upkeep\n|\n|t:|1699785098\n|switch|p2a: Slowbro|Slowbro-Galar, F|100\/100\n|turn|2\n|\n|t:|1699785102\n|-end|p1a: WalkingMid|Protosynthesis|[silent]\n|switch|p1a: Pride \ud83c\udf08|Muk-Alola, M|100\/100\n|move|p2a: Slowbro|Ice Beam|p1a: Pride \ud83c\udf08\n|-damage|p1a: Pride \ud83c\udf08|82\/100\n|\n|-heal|p1a: Pride \ud83c\udf08|88\/100|[from] item: Black Sludge\n|upkeep\n|turn|3\n|\n|t:|1699785111\n|switch|p2a: Zapdos|Zapdos|100\/100\n|move|p1a: Pride \ud83c\udf08|Knock Off|p2a: Zapdos\n|-damage|p2a: Zapdos|63\/100\n|-enditem|p2a: Zapdos|Leftovers|[from] move: Knock Off|[of] p1a: Pride \ud83c\udf08\n|\n|-heal|p1a: Pride \ud83c\udf08|94\/100|[from] item: Black Sludge\n|upkeep\n|turn|4\n|\n|t:|1699785121\n|switch|p1a: Beyblade|Great Tusk|100\/100\n|move|p2a: Zapdos|Hurricane|p1a: Beyblade\n|-supereffective|p1a: Beyblade\n|-damage|p1a: Beyblade|0 fnt\n|faint|p1a: Beyblade\n|-end|p1a: Beyblade|Protosynthesis|[silent]\n|\n|upkeep\n|\n|t:|1699785130\n|switch|p1a: Mr.TopHats|Weezing-Galar, F, shiny|100\/100\n|turn|5\n|\n|t:|1699785140\n|-terastallize|p1a: Mr.TopHats|Fire\n|move|p2a: Zapdos|Hurricane|p1a: Mr.TopHats|[miss]\n|-miss|p2a: Zapdos|p1a: Mr.TopHats\n|move|p1a: Mr.TopHats|Overheat|p2a: Zapdos\n|-damage|p2a: Zapdos|0 fnt\n|-unboost|p1a: Mr.TopHats|spa|2\n|faint|p2a: Zapdos\n|\n|upkeep\n|\n|t:|1699785145\n|switch|p2a: Arcanine|Arcanine-Hisui, M|100\/100\n|turn|6\n|\n|t:|1699785154\n|move|p2a: Arcanine|Head Smash|p1a: Mr.TopHats|[miss]\n|-miss|p2a: Arcanine|p1a: Mr.TopHats\n|move|p1a: Mr.TopHats|Overheat|p2a: Arcanine|[miss]\n|-miss|p1a: Mr.TopHats|p2a: Arcanine\n|\n|upkeep\n|turn|7\n|\n|t:|1699785157\n|move|p2a: Arcanine|Head Smash|p1a: Mr.TopHats\n|-supereffective|p1a: Mr.TopHats\n|-damage|p1a: Mr.TopHats|0 fnt\n|faint|p1a: Mr.TopHats\n|\n|upkeep\n|\n|t:|1699785160\n|switch|p1a: WalkingMid|Walking Wake|100\/100\n|turn|8\n|\n|t:|1699785163\n|switch|p2a: Walking Wake|Walking Wake|100\/100\n|move|p1a: WalkingMid|Draco Meteor|p2a: Walking Wake\n|-supereffective|p2a: Walking Wake\n|-damage|p2a: Walking Wake|0 fnt\n|-unboost|p1a: WalkingMid|spa|2\n|faint|p2a: Walking Wake\n|-end|p2a: Walking Wake|Protosynthesis|[silent]\n|\n|upkeep\n|\n|t:|1699785174\n|switch|p2a: Arcanine|Arcanine-Hisui, M|100\/100\n|turn|9\n|\n|t:|1699785183\n|-end|p1a: WalkingMid|Protosynthesis|[silent]\n|switch|p1a: ChinaAttacks|Maushold-Four|100\/100\n|move|p2a: Arcanine|Head Smash|p1a: ChinaAttacks|[miss]\n|-miss|p2a: Arcanine|p1a: ChinaAttacks\n|\n|upkeep\n|turn|10\n|\n|t:|1699785186\n|move|p1a: ChinaAttacks|Population Bomb|p2a: Arcanine\n|-resisted|p2a: Arcanine\n|-damage|p2a: Arcanine|93\/100\n|-resisted|p2a: Arcanine\n|-damage|p2a: Arcanine|87\/100\n|-resisted|p2a: Arcanine\n|-damage|p2a: Arcanine|81\/100\n|-resisted|p2a: Arcanine\n|-damage|p2a: Arcanine|73\/100\n|-resisted|p2a: Arcanine\n|-damage|p2a: Arcanine|66\/100\n|-resisted|p2a: Arcanine\n|-damage|p2a: Arcanine|59\/100\n|-resisted|p2a: Arcanine\n|-damage|p2a: Arcanine|51\/100\n|-resisted|p2a: Arcanine\n|-damage|p2a: Arcanine|44\/100\n|-resisted|p2a: Arcanine\n|-damage|p2a: Arcanine|37\/100\n|-resisted|p2a: Arcanine\n|-damage|p2a: Arcanine|30\/100\n|-hitcount|p2a: Arcanine|10\n|move|p2a: Arcanine|Head Smash|p1a: ChinaAttacks\n|-damage|p1a: ChinaAttacks|0 fnt\n|faint|p1a: ChinaAttacks\n|\n|upkeep\n|\n|t:|1699785191\n|switch|p1a: WalkingMid|Walking Wake|100\/100\n|turn|11\n|\n|t:|1699785196\n|switch|p2a: Slowbro|Slowbro-Galar, F|100\/100\n|move|p1a: WalkingMid|Flip Turn|p2a: Slowbro\n|-damage|p2a: Slowbro|85\/100\n|\n|t:|1699785199\n|-end|p1a: WalkingMid|Protosynthesis|[silent]\n|switch|p1a: Pride \ud83c\udf08|Muk-Alola, M|94\/100|[from] Flip Turn\n|\n|-heal|p1a: Pride \ud83c\udf08|100\/100|[from] item: Black Sludge\n|upkeep\n|turn|12\n|\n|t:|1699785206\n|-terastallize|p2a: Slowbro|Poison\n|move|p1a: Pride \ud83c\udf08|Knock Off|p2a: Slowbro\n|-damage|p2a: Slowbro|55\/100\n|-enditem|p2a: Slowbro|Assault Vest|[from] move: Knock Off|[of] p1a: Pride \ud83c\udf08\n|move|p2a: Slowbro|Ice Beam|p1a: Pride \ud83c\udf08\n|-damage|p1a: Pride \ud83c\udf08|82\/100\n|\n|-heal|p1a: Pride \ud83c\udf08|88\/100|[from] item: Black Sludge\n|upkeep\n|turn|13\n|\n|t:|1699785217\n|move|p1a: Pride \ud83c\udf08|Knock Off|p2a: Slowbro\n|-crit|p2a: Slowbro\n|-damage|p2a: Slowbro|22\/100\n|move|p2a: Slowbro|Ice Beam|p1a: Pride \ud83c\udf08\n|-damage|p1a: Pride \ud83c\udf08|72\/100\n|\n|-heal|p1a: Pride \ud83c\udf08|78\/100|[from] item: Black Sludge\n|upkeep\n|turn|14\n|\n|t:|1699785225\n|switch|p2a: Arcanine|Arcanine-Hisui, M|30\/100\n|move|p1a: Pride \ud83c\udf08|Knock Off|p2a: Arcanine\n|-damage|p2a: Arcanine|0 fnt\n|-enditem|p2a: Arcanine|Choice Band|[from] move: Knock Off|[of] p1a: Pride \ud83c\udf08\n|faint|p2a: Arcanine\n|\n|-heal|p1a: Pride \ud83c\udf08|84\/100|[from] item: Black Sludge\n|upkeep\n|\n|t:|1699785226\n|switch|p2a: Dragapult|Dragapult, F|100\/100\n|turn|15\n|\n|t:|1699785230\n|move|p2a: Dragapult|Draco Meteor|p1a: Pride \ud83c\udf08|[miss]\n|-miss|p2a: Dragapult|p1a: Pride \ud83c\udf08\n|move|p1a: Pride \ud83c\udf08|Knock Off|p2a: Dragapult\n|-supereffective|p2a: Dragapult\n|-damage|p2a: Dragapult|0 fnt\n|-enditem|p2a: Dragapult|Choice Specs|[from] move: Knock Off|[of] p1a: Pride \ud83c\udf08\n|faint|p2a: Dragapult\n|\n|-heal|p1a: Pride \ud83c\udf08|90\/100|[from] item: Black Sludge\n|upkeep\n|\n|t:|1699785234\n|switch|p2a: Slowbro|Slowbro-Galar, F, tera:Poison|56\/100\n|turn|16\n|c|\u2606Mukyaup|GG\n|\n|t:|1699785240\n|move|p1a: Pride \ud83c\udf08|Knock Off|p2a: Slowbro\n|-damage|p2a: Slowbro|35\/100\n|move|p2a: Slowbro|Ice Beam|p1a: Pride \ud83c\udf08\n|-damage|p1a: Pride \ud83c\udf08|74\/100\n|\n|-heal|p1a: Pride \ud83c\udf08|80\/100|[from] item: Black Sludge\n|upkeep\n|turn|17\n|\n|t:|1699785243\n|move|p1a: Pride \ud83c\udf08|Knock Off|p2a: Slowbro\n|-damage|p2a: Slowbro|14\/100\n|move|p2a: Slowbro|Ice Beam|p1a: Pride \ud83c\udf08\n|-damage|p1a: Pride \ud83c\udf08|64\/100\n|\n|-heal|p1a: Pride \ud83c\udf08|70\/100|[from] item: Black Sludge\n|upkeep\n|turn|18\n|\n|t:|1699785244\n|move|p1a: Pride \ud83c\udf08|Knock Off|p2a: Slowbro\n|-damage|p2a: Slowbro|0 fnt\n|faint|p2a: Slowbro\n|\n|win|Mukyaup\n|raw|Mukyaup's rating: 1320 &rarr; <strong>1335<\/strong><br \/>(+15 for winning)\n|raw|lancer92's rating: 1224 &rarr; <strong>1206<\/strong><br \/>(-18 for losing)\n|l|\u2606lancer92\n","uploadtime":1699785254,"views":18,"p1id":"mukyaup","p2id":"lancer92","formatid":"gen9ou","rating":1206,"private":0,"password":""}