{"id":"gen9ou-1994049823","p1":"IC1","p2":"kaya_araujo","format":"[Gen 9] OU","log":"|j|\u2606IC1\n|j|\u2606kaya_araujo\n|t:|1700399862\n|gametype|singles\n|player|p1|IC1|firebreather|1132\n|player|p2|kaya_araujo|2|1215\n|teamsize|p1|6\n|teamsize|p2|6\n|gen|9\n|tier|[Gen 9] OU\n|rated|\n|rule|Sleep Clause Mod: Limit one foe put to sleep\n|rule|Species Clause: Limit one of each Pok\u00e9mon\n|rule|OHKO Clause: OHKO moves are banned\n|rule|Evasion Items Clause: Evasion items are banned\n|rule|Evasion Moves Clause: Evasion moves are banned\n|rule|Endless Battle Clause: Forcing endless battles is banned\n|rule|HP Percentage Mod: HP is shown in percentages\n|clearpoke\n|poke|p1|Ogerpon-Wellspring, F|\n|poke|p1|Iron Valiant|\n|poke|p1|Kingambit, F|\n|poke|p1|Cinderace, F|\n|poke|p1|Great Tusk|\n|poke|p1|Dragapult, F|\n|poke|p2|Dragonite, F|\n|poke|p2|Azelf|\n|poke|p2|Garchomp, M|\n|poke|p2|Milotic, F|\n|poke|p2|Scizor, M|\n|poke|p2|Donphan, M|\n|teampreview\n|c|\u2606IC1|glhf\n|\n|t:|1700399875\n|start\n|switch|p1a: Ogerpon|Ogerpon-Wellspring, F|100\/100\n|switch|p2a: Milotic|Milotic, F|100\/100\n|turn|1\n|\n|t:|1700399882\n|switch|p2a: Garchomp|Garchomp, M|100\/100\n|move|p1a: Ogerpon|Swords Dance|p1a: Ogerpon\n|-boost|p1a: Ogerpon|atk|2\n|\n|upkeep\n|turn|2\n|\n|t:|1700399893\n|move|p1a: Ogerpon|Ivy Cudgel|p2a: Garchomp|[anim] Ivy Cudgel Water\n|-damage|p2a: Garchomp|31\/100\n|move|p2a: Garchomp|Poison Jab|p1a: Ogerpon\n|-supereffective|p1a: Ogerpon\n|-damage|p1a: Ogerpon|43\/100\n|-status|p1a: Ogerpon|psn\n|\n|-damage|p1a: Ogerpon|30\/100 psn|[from] psn\n|upkeep\n|turn|3\n|\n|t:|1700399906\n|switch|p2a: Dragonite|Dragonite, F|100\/100\n|-terastallize|p1a: Ogerpon|Water\n|detailschange|p1a: Ogerpon|Ogerpon-Wellspring-Tera, F, tera:Water\n|-ability|p1a: Ogerpon|Embody Aspect (Wellspring)|boost\n|-boost|p1a: Ogerpon|spd|1\n|move|p1a: Ogerpon|Trailblaze|p2a: Dragonite\n|-resisted|p2a: Dragonite\n|-damage|p2a: Dragonite|94\/100\n|-boost|p1a: Ogerpon|spe|1\n|\n|-heal|p2a: Dragonite|99\/100|[from] item: Leftovers\n|-damage|p1a: Ogerpon|18\/100 psn|[from] psn\n|upkeep\n|turn|4\n|\n|t:|1700399921\n|move|p2a: Dragonite|Extreme Speed|p1a: Ogerpon\n|-damage|p1a: Ogerpon|0 fnt\n|faint|p1a: Ogerpon\n|\n|-heal|p2a: Dragonite|100\/100|[from] item: Leftovers\n|upkeep\n|\n|t:|1700399927\n|switch|p1a: Iron Valiant|Iron Valiant|100\/100\n|-enditem|p1a: Iron Valiant|Booster Energy\n|-activate|p1a: Iron Valiant|ability: Quark Drive|[fromitem]\n|-start|p1a: Iron Valiant|quarkdrivespe\n|turn|5\n|\n|t:|1700399934\n|move|p1a: Iron Valiant|Thunderbolt|p2a: Dragonite\n|-damage|p2a: Dragonite|88\/100\n|move|p2a: Dragonite|Flamethrower|p1a: Iron Valiant\n|-damage|p1a: Iron Valiant|43\/100\n|\n|-heal|p2a: Dragonite|94\/100|[from] item: Leftovers\n|upkeep\n|turn|6\n|\n|t:|1700399949\n|switch|p2a: Milotic|Milotic, F|100\/100\n|move|p1a: Iron Valiant|Moonblast|p2a: Milotic\n|-damage|p2a: Milotic|76\/100\n|\n|-heal|p2a: Milotic|82\/100|[from] item: Leftovers\n|upkeep\n|turn|7\n|\n|t:|1700399956\n|move|p1a: Iron Valiant|Moonblast|p2a: Milotic\n|-crit|p2a: Milotic\n|-damage|p2a: Milotic|42\/100\n|move|p2a: Milotic|Surf|p1a: Iron Valiant\n|-damage|p1a: Iron Valiant|0 fnt\n|faint|p1a: Iron Valiant\n|-end|p1a: Iron Valiant|Quark Drive|[silent]\n|\n|-heal|p2a: Milotic|48\/100|[from] item: Leftovers\n|upkeep\n|c|\u2606IC1|ite\n|c|\u2606IC1|time to do some damage\n|\n|t:|1700399969\n|switch|p1a: Kingambit|Kingambit, F|100\/100\n|-activate|p1a: Kingambit|ability: Supreme Overlord\n|-start|p1a: Kingambit|fallen2|[silent]\n|turn|8\n|\n|t:|1700399976\n|move|p1a: Kingambit|Sucker Punch|p2a: Milotic\n|-crit|p2a: Milotic\n|-damage|p2a: Milotic|0 fnt\n|faint|p2a: Milotic\n|\n|upkeep\n|\n|t:|1700399984\n|switch|p2a: Garchomp|Garchomp, M|31\/100\n|turn|9\n|\n|t:|1700400010\n|move|p1a: Kingambit|Sucker Punch|p2a: Garchomp\n|-damage|p2a: Garchomp|2\/100\n|-damage|p1a: Kingambit|88\/100|[from] ability: Rough Skin|[of] p2a: Garchomp\n|-damage|p1a: Kingambit|71\/100|[from] item: Rocky Helmet|[of] p2a: Garchomp\n|move|p2a: Garchomp|Earthquake|p1a: Kingambit\n|-supereffective|p1a: Kingambit\n|-damage|p1a: Kingambit|8\/100\n|\n|-heal|p1a: Kingambit|14\/100|[from] item: Leftovers\n|upkeep\n|turn|10\n|c|\u2606IC1|ouch\n|\n|t:|1700400023\n|move|p1a: Kingambit|Sucker Punch|p2a: Garchomp\n|-damage|p2a: Garchomp|0 fnt\n|-damage|p1a: Kingambit|2\/100|[from] ability: Rough Skin|[of] p2a: Garchomp\n|-damage|p1a: Kingambit|0 fnt|[from] item: Rocky Helmet|[of] p2a: Garchomp\n|faint|p2a: Garchomp\n|faint|p1a: Kingambit\n|-end|p1a: Kingambit|fallen2|[silent]\n|\n|upkeep\n|c|\u2606IC1|come on xd\n|\n|t:|1700400041\n|switch|p2a: Donphan|Donphan, M|100\/100\n|switch|p1a: Dragapult|Dragapult, F|100\/100\n|turn|11\n|\n|t:|1700400069\n|move|p1a: Dragapult|Shadow Ball|p2a: Donphan\n|-damage|p2a: Donphan|30\/100\n|move|p2a: Donphan|Knock Off|p1a: Dragapult\n|-supereffective|p1a: Dragapult\n|-damage|p1a: Dragapult|1\/100\n|-enditem|p1a: Dragapult|Choice Specs|[from] move: Knock Off|[of] p2a: Donphan\n|\n|upkeep\n|turn|12\n|\n|t:|1700400077\n|move|p2a: Donphan|Ice Shard|p1a: Dragapult\n|-supereffective|p1a: Dragapult\n|-damage|p1a: Dragapult|0 fnt\n|faint|p1a: Dragapult\n|\n|upkeep\n|\n|t:|1700400081\n|switch|p1a: Cinderace|Cinderace, F|100\/100\n|turn|13\n|\n|t:|1700400085\n|move|p1a: Cinderace|Pyro Ball|p2a: Donphan\n|-damage|p2a: Donphan|0 fnt\n|faint|p2a: Donphan\n|\n|upkeep\n|\n|t:|1700400089\n|switch|p2a: Scizor|Scizor, M|100\/100\n|turn|14\n|\n|t:|1700400096\n|move|p2a: Scizor|Bullet Punch|p1a: Cinderace\n|-resisted|p1a: Cinderace\n|-crit|p1a: Cinderace\n|-damage|p1a: Cinderace|51\/100\n|move|p1a: Cinderace|Pyro Ball|p2a: Scizor\n|-supereffective|p2a: Scizor\n|-damage|p2a: Scizor|0 fnt\n|faint|p2a: Scizor\n|\n|upkeep\n|\n|t:|1700400106\n|switch|p2a: Dragonite|Dragonite, F|94\/100\n|turn|15\n|\n|t:|1700400119\n|move|p2a: Dragonite|Extreme Speed|p1a: Cinderace\n|-damage|p1a: Cinderace|23\/100\n|move|p1a: Cinderace|U-turn|p2a: Dragonite\n|-resisted|p2a: Dragonite\n|-crit|p2a: Dragonite\n|-damage|p2a: Dragonite|82\/100\n|\n|t:|1700400125\n|switch|p1a: Great Tusk|Great Tusk|100\/100|[from] U-turn\n|-enditem|p1a: Great Tusk|Booster Energy\n|-activate|p1a: Great Tusk|ability: Protosynthesis|[fromitem]\n|-start|p1a: Great Tusk|protosynthesisatk\n|\n|-heal|p2a: Dragonite|88\/100|[from] item: Leftovers\n|upkeep\n|turn|16\n|c|\u2606IC1|gg\n|\n|t:|1700400135\n|-terastallize|p2a: Dragonite|Fairy\n|move|p1a: Great Tusk|Ice Spinner|p2a: Dragonite\n|-damage|p2a: Dragonite|53\/100\n|move|p2a: Dragonite|Draco Meteor|p1a: Great Tusk\n|-damage|p1a: Great Tusk|5\/100\n|-unboost|p2a: Dragonite|spa|2\n|\n|-heal|p2a: Dragonite|59\/100|[from] item: Leftovers\n|upkeep\n|turn|17\n|\n|t:|1700400143\n|move|p2a: Dragonite|Extreme Speed|p1a: Great Tusk\n|-damage|p1a: Great Tusk|0 fnt\n|faint|p1a: Great Tusk\n|-end|p1a: Great Tusk|Protosynthesis|[silent]\n|\n|-heal|p2a: Dragonite|66\/100|[from] item: Leftovers\n|upkeep\n|\n|t:|1700400146\n|switch|p1a: Cinderace|Cinderace, F|23\/100\n|turn|18\n|c|\u2606IC1|yh gg\n|\n|t:|1700400149\n|move|p2a: Dragonite|Extreme Speed|p1a: Cinderace\n|-damage|p1a: Cinderace|0 fnt\n|faint|p1a: Cinderace\n|\n|win|kaya_araujo\n|raw|IC1's rating: 1132 &rarr; <strong>1113<\/strong><br \/>(-19 for losing)\n|raw|kaya_araujo's rating: 1215 &rarr; <strong>1234<\/strong><br \/>(+19 for winning)\n","uploadtime":1700400152,"views":8,"p1id":"ic1","p2id":"kayaaraujo","formatid":"gen9ou","rating":1113,"private":0,"password":""}