{"id":"gen9ou-1994327090","p1":"Hyss","p2":"Pambopino","format":"[Gen 9] OU","log":"|j|\u2606Hyss\n|j|\u2606Pambopino\n|t:|1700431473\n|gametype|singles\n|player|p1|Hyss|#roaplixmauvillemagnetons|\n|player|p2|Pambopino|#scl2spartans|\n|teamsize|p1|6\n|teamsize|p2|6\n|gen|9\n|tier|[Gen 9] OU\n|rule|Sleep Clause Mod: Limit one foe put to sleep\n|rule|Species Clause: Limit one of each Pok\u00e9mon\n|rule|OHKO Clause: OHKO moves are banned\n|rule|Evasion Items Clause: Evasion items are banned\n|rule|Evasion Moves Clause: Evasion moves are banned\n|rule|Endless Battle Clause: Forcing endless battles is banned\n|rule|HP Percentage Mod: HP is shown in percentages\n|clearpoke\n|poke|p1|Ogerpon, F|\n|poke|p1|Dragapult, M|\n|poke|p1|Alomomola, F|\n|poke|p1|Great Tusk|\n|poke|p1|Gholdengo|\n|poke|p1|Ting-Lu|\n|poke|p2|Kingambit, M|\n|poke|p2|Iron Valiant|\n|poke|p2|Great Tusk|\n|poke|p2|Sneasler, M|\n|poke|p2|Iron Moth|\n|poke|p2|Cresselia, F|\n|teampreview\n|c|\u2606Pambopino|hf !\n|c|\u2606Hyss|Hf mec\n|c|\u2606Hyss|J\u2019ai 2 barres de 3g ptn\n|c|\u2606Pambopino|mdrrrr\n|j| Silvaa\n|j| zizinho\n|c|\u2606Pambopino|jv faire le suspect tour PU en m\u00eame temps\n|j| yovan33321\u00af\\_(\u30c4)_\/\n|j| Slikkles\n|\n|t:|1700431544\n|start\n|switch|p1a: Ting-Lu|Ting-Lu|100\/100\n|switch|p2a: Great Tusk|Great Tusk|100\/100\n|-ability|p1a: Ting-Lu|Vessel of Ruin\n|turn|1\n|j| Menacce17\n|j|+Dragonillis\n|j|+Osake\n|j|%Daki\n|j| Shiif & Zena\n|j| Shafofficiel\n|j| Mindnight\n|c|\u2606Pambopino|ah non pas l'annonce sur franais...\n|j| Mimilucha\n|j| Extinct\n|\n|t:|1700431581\n|move|p2a: Great Tusk|Headlong Rush|p1a: Ting-Lu\n|-damage|p1a: Ting-Lu|66\/100\n|-unboost|p2a: Great Tusk|def|1\n|-unboost|p2a: Great Tusk|spd|1\n|move|p1a: Ting-Lu|Ruination|p2a: Great Tusk\n|-damage|p2a: Great Tusk|51\/100\n|\n|-heal|p1a: Ting-Lu|73\/100|[from] item: Leftovers\n|upkeep\n|turn|2\n|j| Kohichitest\n|j| ChaFouu\n|j| PLLV51 Foufakirby\n|j| Moutemoute\n|l| ChaFouu\n|\n|t:|1700431615\n|switch|p1a: Great Tusk|Great Tusk|100\/100\n|move|p2a: Great Tusk|Stealth Rock|p1a: Great Tusk\n|-sidestart|p1: Hyss|move: Stealth Rock\n|\n|upkeep\n|turn|3\n|c|\u2606Hyss|Je joue sous le carrefour ptn\n|c|\u2606Hyss|et \u00e7a m\u2019hl\n|j|+Leftiez\n|c|\u2606Pambopino|mdrrrr\n|\n|t:|1700431625\n|move|p2a: Great Tusk|Headlong Rush|p1a: Great Tusk\n|-damage|p1a: Great Tusk|62\/100\n|-unboost|p2a: Great Tusk|def|1\n|-unboost|p2a: Great Tusk|spd|1\n|-damage|p2a: Great Tusk|34\/100|[from] item: Rocky Helmet|[of] p1a: Great Tusk\n|move|p1a: Great Tusk|Stealth Rock|p2a: Great Tusk\n|-sidestart|p2: Pambopino|move: Stealth Rock\n|\n|upkeep\n|turn|4\n|\n|t:|1700431636\n|move|p1a: Great Tusk|Rapid Spin|p2a: Great Tusk\n|-damage|p2a: Great Tusk|12\/100\n|-boost|p1a: Great Tusk|spe|1\n|-sideend|p1: Hyss|Stealth Rock|[from] move: Rapid Spin|[of] p1a: Great Tusk\n|move|p2a: Great Tusk|Rapid Spin|p1a: Great Tusk\n|-damage|p1a: Great Tusk|51\/100\n|-boost|p2a: Great Tusk|spe|1\n|-damage|p2a: Great Tusk|0 fnt|[from] item: Rocky Helmet|[of] p1a: Great Tusk\n|faint|p2a: Great Tusk\n|-end|p2a: Great Tusk|Protosynthesis|[silent]\n|\n|upkeep\n|j| Squash\n|c| Squash|ALLEZ LAMBO\n|c| Extinct|gooo hyss\n|\n|t:|1700431666\n|switch|p2a: Cresselia|Cresselia, F|100\/100\n|-damage|p2a: Cresselia|88\/100|[from] Stealth Rock\n|turn|5\n|j| infinity yone\n|l|+Leftiez\n|\n|t:|1700431693\n|-end|p1a: Great Tusk|Protosynthesis|[silent]\n|switch|p1a: Gholdengo|Gholdengo|100\/100\n|move|p2a: Cresselia|Moonblast|p1a: Gholdengo\n|-resisted|p1a: Gholdengo\n|-damage|p1a: Gholdengo|92\/100\n|\n|-heal|p2a: Cresselia|94\/100|[from] item: Leftovers\n|upkeep\n|turn|6\n|\n|t:|1700431714\n|switch|p1a: Ogerpon|Ogerpon, F|100\/100\n|switch|p2a: Iron Moth|Iron Moth|100\/100\n|-damage|p2a: Iron Moth|76\/100|[from] Stealth Rock\n|-enditem|p2a: Iron Moth|Booster Energy\n|-activate|p2a: Iron Moth|ability: Quark Drive|[fromitem]\n|-start|p2a: Iron Moth|quarkdrivespe\n|\n|upkeep\n|turn|7\n|j| CaoJie\n|l| yovan33321\u00af\\_(\u30c4)_\/\n|l|\u2606Hyss\n|player|p1|\n|j| noah ham\n|j| HaxxSel\u2654\n|j|\u2606Hyss\n|player|p1|Hyss|#roaplixmauvillemagnetons\n|\n|t:|1700431854\n|switch|p1a: Ting-Lu|Ting-Lu|73\/100\n|-ability|p1a: Ting-Lu|Vessel of Ruin\n|move|p2a: Iron Moth|Fiery Dance|p1a: Ting-Lu\n|-damage|p1a: Ting-Lu|57\/100\n|-boost|p2a: Iron Moth|spa|1\n|\n|-heal|p1a: Ting-Lu|64\/100|[from] item: Leftovers\n|upkeep\n|turn|8\n|l| CaoJie\n|\n|t:|1700431879\n|move|p2a: Iron Moth|Fiery Dance|p1a: Ting-Lu\n|-damage|p1a: Ting-Lu|40\/100\n|-boost|p2a: Iron Moth|spa|1\n|move|p1a: Ting-Lu|Whirlwind|p2a: Iron Moth\n|-end|p2a: Iron Moth|Quark Drive|[silent]\n|drag|p2a: Kingambit|Kingambit, M|100\/100\n|-activate|p2a: Kingambit|ability: Supreme Overlord\n|-start|p2a: Kingambit|fallen1|[silent]\n|\n|-heal|p1a: Ting-Lu|46\/100|[from] item: Leftovers\n|upkeep\n|turn|9\n|j| yovan33321\u00af\\_(\u30c4)_\/\n|\n|t:|1700431908\n|move|p2a: Kingambit|Low Kick|p1a: Ting-Lu\n|-supereffective|p1a: Ting-Lu\n|-damage|p1a: Ting-Lu|0 fnt\n|faint|p1a: Ting-Lu\n|\n|upkeep\n|l| Slikkles\n|l|\u2606Hyss\n|player|p1|\n|j| LLLiolae\n|j| Micciu\n|l| LLLiolae\n|j| Xr_Kartana\n|c| Silvaa|allo ?\n|j|\u2606Hyss\n|player|p1|Hyss|#roaplixmauvillemagnetons\n|\n|t:|1700432094\n|switch|p1a: Great Tusk|Great Tusk|51\/100\n|turn|10\n|j| PokemonCestDur\n|\n|t:|1700432104\n|-end|p2a: Kingambit|fallen1|[silent]\n|switch|p2a: Cresselia|Cresselia, F|94\/100\n|-damage|p2a: Cresselia|82\/100|[from] Stealth Rock\n|move|p1a: Great Tusk|Rapid Spin|p2a: Cresselia\n|-crit|p2a: Cresselia\n|-damage|p2a: Cresselia|69\/100\n|-boost|p1a: Great Tusk|spe|1\n|\n|-heal|p2a: Cresselia|75\/100|[from] item: Leftovers\n|upkeep\n|turn|11\n|\n|t:|1700432117\n|-end|p1a: Great Tusk|Protosynthesis|[silent]\n|switch|p1a: Gholdengo|Gholdengo|92\/100\n|switch|p2a: Iron Moth|Iron Moth|76\/100\n|-damage|p2a: Iron Moth|51\/100|[from] Stealth Rock\n|\n|upkeep\n|turn|12\n|j| Azox & Zenter\n|\n|t:|1700432128\n|switch|p1a: Dragapult|Dragapult, M, shiny|100\/100\n|move|p2a: Iron Moth|Sludge Wave|p1a: Dragapult\n|-resisted|p1a: Dragapult\n|-damage|p1a: Dragapult|69\/100\n|\n|upkeep\n|turn|13\n|\n|t:|1700432140\n|move|p1a: Dragapult|Shadow Ball|p2a: Iron Moth\n|-damage|p2a: Iron Moth|0 fnt\n|faint|p2a: Iron Moth\n|-end|p2a: Iron Moth|Quark Drive|[silent]\n|\n|upkeep\n|\n|t:|1700432148\n|switch|p2a: Iron Valiant|Iron Valiant|100\/100\n|-damage|p2a: Iron Valiant|94\/100|[from] Stealth Rock\n|-enditem|p2a: Iron Valiant|Booster Energy\n|-activate|p2a: Iron Valiant|ability: Quark Drive|[fromitem]\n|-start|p2a: Iron Valiant|quarkdrivespe\n|turn|14\n|j|+mao\n|\n|t:|1700432164\n|switch|p1a: Alomomola|Alomomola, F, shiny|100\/100\n|move|p2a: Iron Valiant|Swords Dance|p2a: Iron Valiant\n|-boost|p2a: Iron Valiant|atk|2\n|\n|upkeep\n|turn|15\n|\n|t:|1700432190\n|move|p2a: Iron Valiant|Knock Off|p1a: Alomomola\n|-crit|p1a: Alomomola\n|-damage|p1a: Alomomola|50\/100\n|-enditem|p1a: Alomomola|Heavy-Duty Boots|[from] move: Knock Off|[of] p2a: Iron Valiant\n|move|p1a: Alomomola|Scald|p2a: Iron Valiant\n|-damage|p2a: Iron Valiant|72\/100\n|-status|p2a: Iron Valiant|brn\n|\n|-damage|p2a: Iron Valiant|66\/100 brn|[from] brn\n|upkeep\n|turn|16\n|\n|t:|1700432201\n|move|p2a: Iron Valiant|Swords Dance|p2a: Iron Valiant\n|-boost|p2a: Iron Valiant|atk|2\n|move|p1a: Alomomola|Wish|p1a: Alomomola\n|\n|-damage|p2a: Iron Valiant|60\/100 brn|[from] brn\n|upkeep\n|turn|17\n|\n|t:|1700432206\n|move|p1a: Alomomola|Protect|p1a: Alomomola\n|-singleturn|p1a: Alomomola|Protect\n|move|p2a: Iron Valiant|Close Combat|p1a: Alomomola\n|-activate|p1a: Alomomola|move: Protect\n|\n|-heal|p1a: Alomomola|99\/100|[from] move: Wish|[wisher] Alomomola\n|-damage|p2a: Iron Valiant|53\/100 brn|[from] brn\n|upkeep\n|turn|18\n|\n|t:|1700432210\n|move|p2a: Iron Valiant|Swords Dance|p2a: Iron Valiant\n|-boost|p2a: Iron Valiant|atk|2\n|move|p1a: Alomomola|Wish|p1a: Alomomola\n|\n|-damage|p2a: Iron Valiant|47\/100 brn|[from] brn\n|upkeep\n|turn|19\n|\n|t:|1700432215\n|move|p2a: Iron Valiant|Knock Off|p1a: Alomomola\n|-damage|p1a: Alomomola|77\/100\n|move|p1a: Alomomola|Scald|p2a: Iron Valiant\n|-damage|p2a: Iron Valiant|25\/100 brn\n|\n|-heal|p1a: Alomomola|100\/100|[from] move: Wish|[wisher] Alomomola\n|-damage|p2a: Iron Valiant|19\/100 brn|[from] brn\n|upkeep\n|turn|20\n|\n|t:|1700432221\n|move|p2a: Iron Valiant|Close Combat|p1a: Alomomola\n|-damage|p1a: Alomomola|39\/100\n|-unboost|p2a: Iron Valiant|def|1\n|-unboost|p2a: Iron Valiant|spd|1\n|move|p1a: Alomomola|Wish|p1a: Alomomola\n|\n|-damage|p2a: Iron Valiant|13\/100 brn|[from] brn\n|upkeep\n|turn|21\n|\n|t:|1700432225\n|move|p1a: Alomomola|Protect|p1a: Alomomola\n|-singleturn|p1a: Alomomola|Protect\n|move|p2a: Iron Valiant|Destiny Bond|p2a: Iron Valiant\n|-singlemove|p2a: Iron Valiant|Destiny Bond\n|\n|-heal|p1a: Alomomola|89\/100|[from] move: Wish|[wisher] Alomomola\n|-damage|p2a: Iron Valiant|6\/100 brn|[from] brn\n|upkeep\n|turn|22\n|\n|t:|1700432232\n|move|p2a: Iron Valiant|Close Combat|p1a: Alomomola\n|-damage|p1a: Alomomola|20\/100\n|-unboost|p2a: Iron Valiant|def|1\n|-unboost|p2a: Iron Valiant|spd|1\n|move|p1a: Alomomola|Wish|p1a: Alomomola\n|\n|-damage|p2a: Iron Valiant|0 fnt|[from] brn\n|faint|p2a: Iron Valiant\n|-end|p2a: Iron Valiant|Quark Drive|[silent]\n|upkeep\n|\n|t:|1700432236\n|switch|p2a: Sneasler|Sneasler, M|100\/100\n|-damage|p2a: Sneasler|95\/100|[from] Stealth Rock\n|turn|23\n|\n|t:|1700432241\n|move|p2a: Sneasler|Swords Dance|p2a: Sneasler\n|-boost|p2a: Sneasler|atk|2\n|move|p1a: Alomomola|Scald|p2a: Sneasler\n|-damage|p2a: Sneasler|76\/100\n|-status|p2a: Sneasler|brn\n|\n|-heal|p1a: Alomomola|70\/100|[from] move: Wish|[wisher] Alomomola\n|-damage|p2a: Sneasler|70\/100 brn|[from] brn\n|upkeep\n|turn|24\n|c|\u2606Pambopino|mdrrr\n|c|\u2606Pambopino|pas de bol\n|c|\u2606Hyss|Mb wlh\n|\n|t:|1700432252\n|move|p2a: Sneasler|Close Combat|p1a: Alomomola\n|-crit|p1a: Alomomola\n|-damage|p1a: Alomomola|17\/100\n|-unboost|p2a: Sneasler|def|1\n|-unboost|p2a: Sneasler|spd|1\n|-enditem|p2a: Sneasler|White Herb\n|-clearnegativeboost|p2a: Sneasler|[silent]\n|move|p1a: Alomomola|Wish|p1a: Alomomola\n|\n|-damage|p2a: Sneasler|64\/100 brn|[from] brn\n|upkeep\n|turn|25\n|\n|t:|1700432259\n|move|p1a: Alomomola|Protect|p1a: Alomomola\n|-singleturn|p1a: Alomomola|Protect\n|move|p2a: Sneasler|Swords Dance|p2a: Sneasler\n|-boost|p2a: Sneasler|atk|2\n|\n|-heal|p1a: Alomomola|67\/100|[from] move: Wish|[wisher] Alomomola\n|-damage|p2a: Sneasler|58\/100 brn|[from] brn\n|upkeep\n|turn|26\n|\n|t:|1700432265\n|move|p2a: Sneasler|Swords Dance|p2a: Sneasler\n|-boost|p2a: Sneasler|atk|2\n|move|p1a: Alomomola|Wish|p1a: Alomomola\n|\n|-damage|p2a: Sneasler|52\/100 brn|[from] brn\n|upkeep\n|turn|27\n|\n|t:|1700432270\n|move|p2a: Sneasler|Dire Claw|p1a: Alomomola\n|-damage|p1a: Alomomola|24\/100\n|-status|p1a: Alomomola|psn\n|move|p1a: Alomomola|Scald|p2a: Sneasler\n|-damage|p2a: Sneasler|35\/100 brn\n|\n|-heal|p1a: Alomomola|74\/100 psn|[from] move: Wish|[wisher] Alomomola\n|-damage|p1a: Alomomola|62\/100 psn|[from] psn\n|-damage|p2a: Sneasler|29\/100 brn|[from] brn\n|upkeep\n|turn|28\n|c| Squash|seul moyen pour abattre lambo\n|c| Squash|ca d\u00e9goute\n|\n|t:|1700432281\n|move|p2a: Sneasler|Dire Claw|p1a: Alomomola\n|-damage|p1a: Alomomola|14\/100 psn\n|move|p1a: Alomomola|Wish|p1a: Alomomola\n|\n|-damage|p1a: Alomomola|2\/100 psn|[from] psn\n|-damage|p2a: Sneasler|23\/100 brn|[from] brn\n|upkeep\n|turn|29\n|\n|t:|1700432285\n|move|p1a: Alomomola|Protect|p1a: Alomomola\n|-singleturn|p1a: Alomomola|Protect\n|move|p2a: Sneasler|Dire Claw|p1a: Alomomola\n|-activate|p1a: Alomomola|move: Protect\n|\n|-heal|p1a: Alomomola|52\/100 psn|[from] move: Wish|[wisher] Alomomola\n|-damage|p1a: Alomomola|40\/100 psn|[from] psn\n|-damage|p2a: Sneasler|17\/100 brn|[from] brn\n|upkeep\n|turn|30\n|\n|t:|1700432305\n|switch|p1a: Gholdengo|Gholdengo|92\/100\n|move|p2a: Sneasler|Acrobatics|p1a: Gholdengo\n|-resisted|p1a: Gholdengo\n|-damage|p1a: Gholdengo|54\/100\n|\n|-damage|p2a: Sneasler|11\/100 brn|[from] brn\n|upkeep\n|turn|31\n|\n|t:|1700432313\n|move|p2a: Sneasler|Acrobatics|p1a: Gholdengo\n|-resisted|p1a: Gholdengo\n|-crit|p1a: Gholdengo\n|-damage|p1a: Gholdengo|3\/100\n|move|p1a: Gholdengo|Recover|p1a: Gholdengo\n|-heal|p1a: Gholdengo|53\/100\n|\n|-damage|p2a: Sneasler|5\/100 brn|[from] brn\n|upkeep\n|turn|32\n|\n|t:|1700432318\n|move|p2a: Sneasler|Acrobatics|p1a: Gholdengo\n|-resisted|p1a: Gholdengo\n|-damage|p1a: Gholdengo|17\/100\n|move|p1a: Gholdengo|Recover|p1a: Gholdengo\n|-heal|p1a: Gholdengo|67\/100\n|\n|-damage|p2a: Sneasler|0 fnt|[from] brn\n|faint|p2a: Sneasler\n|upkeep\n|\n|t:|1700432321\n|switch|p2a: Kingambit|Kingambit, M|100\/100\n|-activate|p2a: Kingambit|ability: Supreme Overlord\n|-start|p2a: Kingambit|fallen4|[silent]\n|turn|33\n|\n|t:|1700432327\n|switch|p1a: Ogerpon|Ogerpon, F|100\/100\n|move|p2a: Kingambit|Swords Dance|p2a: Kingambit\n|-boost|p2a: Kingambit|atk|2\n|\n|upkeep\n|turn|34\n|\n|t:|1700432330\n|-end|p2a: Kingambit|fallen4|[silent]\n|switch|p2a: Cresselia|Cresselia, F|75\/100\n|-damage|p2a: Cresselia|63\/100|[from] Stealth Rock\n|move|p1a: Ogerpon|Encore||[still]\n|-fail|p1a: Ogerpon\n|\n|-heal|p2a: Cresselia|69\/100|[from] item: Leftovers\n|upkeep\n|turn|35\n|l| PokemonCestDur\n|\n|t:|1700432341\n|switch|p1a: Dragapult|Dragapult, M, shiny|69\/100\n|move|p2a: Cresselia|Moonblast|p1a: Dragapult\n|-supereffective|p1a: Dragapult\n|-damage|p1a: Dragapult|19\/100\n|\n|-heal|p2a: Cresselia|75\/100|[from] item: Leftovers\n|upkeep\n|turn|36\n|\n|t:|1700432349\n|switch|p2a: Kingambit|Kingambit, M|100\/100\n|-activate|p2a: Kingambit|ability: Supreme Overlord\n|-start|p2a: Kingambit|fallen4|[silent]\n|move|p1a: Dragapult|Shadow Ball|p2a: Kingambit\n|-resisted|p2a: Kingambit\n|-damage|p2a: Kingambit|69\/100\n|-unboost|p2a: Kingambit|spd|1\n|\n|upkeep\n|turn|37\n|\n|t:|1700432354\n|switch|p1a: Ogerpon|Ogerpon, F|100\/100\n|move|p2a: Kingambit|Kowtow Cleave|p1a: Ogerpon\n|-damage|p1a: Ogerpon|21\/100\n|\n|upkeep\n|turn|38\n|\n|t:|1700432367\n|switch|p1a: Great Tusk|Great Tusk|51\/100\n|move|p2a: Kingambit|Sucker Punch||[still]\n|-fail|p2a: Kingambit\n|\n|upkeep\n|turn|39\n|\n|t:|1700432378\n|-end|p2a: Kingambit|fallen4|[silent]\n|switch|p2a: Cresselia|Cresselia, F|75\/100\n|-damage|p2a: Cresselia|63\/100|[from] Stealth Rock\n|move|p1a: Great Tusk|Headlong Rush|p2a: Cresselia\n|-immune|p2a: Cresselia|[from] ability: Levitate\n|\n|-heal|p2a: Cresselia|69\/100|[from] item: Leftovers\n|upkeep\n|turn|40\n|j| Jamyv2\n|\n|t:|1700432386\n|-end|p1a: Great Tusk|Protosynthesis|[silent]\n|switch|p1a: Gholdengo|Gholdengo|67\/100\n|switch|p2a: Kingambit|Kingambit, M|69\/100\n|-activate|p2a: Kingambit|ability: Supreme Overlord\n|-start|p2a: Kingambit|fallen4|[silent]\n|\n|upkeep\n|turn|41\n|\n|t:|1700432393\n|switch|p1a: Great Tusk|Great Tusk|51\/100\n|move|p2a: Kingambit|Kowtow Cleave|p1a: Great Tusk\n|-resisted|p1a: Great Tusk\n|-damage|p1a: Great Tusk|33\/100\n|-damage|p2a: Kingambit|53\/100|[from] item: Rocky Helmet|[of] p1a: Great Tusk\n|\n|upkeep\n|turn|42\n|j| Cherbou\n|\n|t:|1700432403\n|-end|p2a: Kingambit|fallen4|[silent]\n|switch|p2a: Cresselia|Cresselia, F|69\/100\n|-damage|p2a: Cresselia|56\/100|[from] Stealth Rock\n|move|p1a: Great Tusk|Ice Spinner|p2a: Cresselia\n|-crit|p2a: Cresselia\n|-damage|p2a: Cresselia|39\/100\n|\n|-heal|p2a: Cresselia|45\/100|[from] item: Leftovers\n|upkeep\n|turn|43\n|\n|t:|1700432408\n|-end|p1a: Great Tusk|Protosynthesis|[silent]\n|switch|p1a: Gholdengo|Gholdengo|67\/100\n|move|p2a: Cresselia|Moonlight|p2a: Cresselia\n|-heal|p2a: Cresselia|95\/100\n|\n|-heal|p2a: Cresselia|100\/100|[from] item: Leftovers\n|upkeep\n|turn|44\n|\n|t:|1700432413\n|-terastallize|p2a: Cresselia|Poison\n|move|p1a: Gholdengo|Nasty Plot|p1a: Gholdengo\n|-boost|p1a: Gholdengo|spa|2\n|move|p2a: Cresselia|Calm Mind|p2a: Cresselia\n|-boost|p2a: Cresselia|spa|1\n|-boost|p2a: Cresselia|spd|1\n|\n|upkeep\n|turn|45\n|l| Jamyv2\n|\n|t:|1700432421\n|switch|p2a: Kingambit|Kingambit, M|53\/100\n|-activate|p2a: Kingambit|ability: Supreme Overlord\n|-start|p2a: Kingambit|fallen4|[silent]\n|move|p1a: Gholdengo|Shadow Ball|p2a: Kingambit\n|-resisted|p2a: Kingambit\n|-damage|p2a: Kingambit|1\/100\n|\n|upkeep\n|turn|46\n|\n|t:|1700432426\n|-terastallize|p1a: Gholdengo|Fairy\n|move|p1a: Gholdengo|Dazzling Gleam|p2a: Kingambit\n|-damage|p2a: Kingambit|0 fnt\n|faint|p2a: Kingambit\n|-end|p2a: Kingambit|fallen4|[silent]\n|\n|upkeep\n|\n|t:|1700432427\n|switch|p2a: Cresselia|Cresselia, F, tera:Poison|100\/100\n|-damage|p2a: Cresselia|88\/100|[from] Stealth Rock\n|turn|47\n|c|\u2606Pambopino|gg\n|\n|t:|1700432430\n|move|p1a: Gholdengo|Shadow Ball|p2a: Cresselia\n|-damage|p2a: Cresselia|35\/100\n|move|p2a: Cresselia|Calm Mind|p2a: Cresselia\n|-boost|p2a: Cresselia|spa|1\n|-boost|p2a: Cresselia|spd|1\n|\n|-heal|p2a: Cresselia|41\/100|[from] item: Leftovers\n|upkeep\n|turn|48\n|\n|t:|1700432435\n|move|p1a: Gholdengo|Shadow Ball|p2a: Cresselia\n|-crit|p2a: Cresselia\n|-damage|p2a: Cresselia|0 fnt\n|faint|p2a: Cresselia\n|\n|win|Hyss\n|l| Mindnight\n|c|\u2606Hyss|Gg\n|l| Moutemoute\n|l| Cherbou\n|l| Micciu\n","uploadtime":1700432438,"views":61,"p1id":"hyss","p2id":"pambopino","formatid":"gen9ou","rating":0,"private":0,"password":""}