{"id":"gen9ou-1988485518","p1":"witnesshq","p2":"Astarosa9001","format":"[Gen 9] OU","log":"|j|\u2606witnesshq\n|j|\u2606Astarosa9001\n|t:|1699728022\n|gametype|singles\n|player|p1|witnesshq|depotagent|1451\n|player|p2|Astarosa9001|lady-gen4|1384\n|teamsize|p1|6\n|teamsize|p2|6\n|gen|9\n|tier|[Gen 9] OU\n|rated|\n|rule|Sleep Clause Mod: Limit one foe put to sleep\n|rule|Species Clause: Limit one of each Pok\u00e9mon\n|rule|OHKO Clause: OHKO moves are banned\n|rule|Evasion Items Clause: Evasion items are banned\n|rule|Evasion Moves Clause: Evasion moves are banned\n|rule|Endless Battle Clause: Forcing endless battles is banned\n|rule|HP Percentage Mod: HP is shown in percentages\n|clearpoke\n|poke|p1|Mamoswine, F|\n|poke|p1|Kommo-o, F|\n|poke|p1|Samurott-Hisui, M|\n|poke|p1|Gholdengo|\n|poke|p1|Dragapult, F|\n|poke|p1|Clefable, F|\n|poke|p2|Gliscor, M|\n|poke|p2|Glimmora, M|\n|poke|p2|Gholdengo|\n|poke|p2|Zapdos|\n|poke|p2|Ninetales-Alola, F|\n|poke|p2|Dragonite, F|\n|teampreview\n|\n|t:|1699728030\n|start\n|switch|p1a: Dragapult|Dragapult, F|100\/100\n|switch|p2a: Glimmora|Glimmora, M|100\/100\n|turn|1\n|\n|t:|1699728035\n|move|p1a: Dragapult|Shadow Ball|p2a: Glimmora\n|-damage|p2a: Glimmora|28\/100\n|-unboost|p2a: Glimmora|spd|1\n|move|p2a: Glimmora|Stealth Rock|p1a: Dragapult\n|-sidestart|p1: witnesshq|move: Stealth Rock\n|\n|upkeep\n|turn|2\n|\n|t:|1699728054\n|switch|p2a: Gliscor|Gliscor, M|100\/100\n|move|p1a: Dragapult|Shadow Ball|p2a: Gliscor\n|-damage|p2a: Gliscor|54\/100\n|\n|-status|p2a: Gliscor|tox|[from] item: Toxic Orb\n|upkeep\n|turn|3\n|\n|t:|1699728064\n|switch|p1a: Mamoswine|Mamoswine, F|100\/100\n|-damage|p1a: Mamoswine|88\/100|[from] Stealth Rock\n|move|p2a: Gliscor|Protect||[still]\n|-fail|p2a: Gliscor\n|\n|-heal|p2a: Gliscor|66\/100 tox|[from] ability: Poison Heal\n|upkeep\n|turn|4\n|\n|t:|1699728071\n|switch|p2a: Ninetales|Ninetales-Alola, F|100\/100\n|-weather|Snow|[from] ability: Snow Warning|[of] p2a: Ninetales\n|move|p1a: Mamoswine|Icicle Crash|p2a: Ninetales|[miss]\n|-miss|p1a: Mamoswine|p2a: Ninetales\n|\n|-weather|Snow|[upkeep]\n|upkeep\n|turn|5\n|\n|t:|1699728079\n|move|p2a: Ninetales|Encore|p1a: Mamoswine\n|-start|p1a: Mamoswine|Encore\n|move|p1a: Mamoswine|Icicle Crash|p2a: Ninetales\n|-resisted|p2a: Ninetales\n|-damage|p2a: Ninetales|75\/100\n|\n|-weather|Snow|[upkeep]\n|upkeep\n|turn|6\n|\n|t:|1699728085\n|move|p2a: Ninetales|Aurora Veil|p2a: Ninetales\n|-sidestart|p2: Astarosa9001|move: Aurora Veil\n|move|p1a: Mamoswine|Icicle Crash|p2a: Ninetales\n|-resisted|p2a: Ninetales\n|-damage|p2a: Ninetales|62\/100\n|\n|-weather|Snow|[upkeep]\n|upkeep\n|turn|7\n|\n|t:|1699728096\n|switch|p2a: Gholdengo|Gholdengo|100\/100\n|move|p1a: Mamoswine|Icicle Crash|p2a: Gholdengo\n|-resisted|p2a: Gholdengo\n|-damage|p2a: Gholdengo|85\/100\n|\n|-weather|Snow|[upkeep]\n|-end|p1a: Mamoswine|Encore\n|upkeep\n|turn|8\n|\n|t:|1699728103\n|move|p2a: Gholdengo|Make It Rain|p1a: Mamoswine\n|-supereffective|p1a: Mamoswine\n|-damage|p1a: Mamoswine|0 fnt\n|-unboost|p2a: Gholdengo|spa|1\n|faint|p1a: Mamoswine\n|\n|-weather|none\n|upkeep\n|\n|t:|1699728108\n|switch|p1a: Samurott|Samurott-Hisui, M|100\/100\n|-damage|p1a: Samurott|88\/100|[from] Stealth Rock\n|turn|9\n|\n|t:|1699728124\n|switch|p2a: Ninetales|Ninetales-Alola, F|62\/100\n|-weather|Snow|[from] ability: Snow Warning|[of] p2a: Ninetales\n|move|p1a: Samurott|Ceaseless Edge|p2a: Ninetales|[miss]\n|-miss|p1a: Samurott|p2a: Ninetales\n|\n|-weather|Snow|[upkeep]\n|upkeep\n|turn|10\n|\n|t:|1699728130\n|switch|p1a: Gholdengo|Gholdengo, shiny|100\/100\n|-damage|p1a: Gholdengo|94\/100|[from] Stealth Rock\n|move|p2a: Ninetales|Moonblast|p1a: Gholdengo\n|-resisted|p1a: Gholdengo\n|-damage|p1a: Gholdengo|78\/100\n|\n|-weather|Snow|[upkeep]\n|-heal|p1a: Gholdengo|84\/100|[from] item: Leftovers\n|-sideend|p2: Astarosa9001|move: Aurora Veil\n|upkeep\n|turn|11\n|\n|t:|1699728139\n|move|p2a: Ninetales|Aurora Veil|p2a: Ninetales\n|-sidestart|p2: Astarosa9001|move: Aurora Veil\n|move|p1a: Gholdengo|Nasty Plot|p1a: Gholdengo\n|-boost|p1a: Gholdengo|spa|2\n|\n|-weather|Snow|[upkeep]\n|-heal|p1a: Gholdengo|90\/100|[from] item: Leftovers\n|upkeep\n|turn|12\n|\n|t:|1699728143\n|move|p2a: Ninetales|Encore|p1a: Gholdengo\n|-immune|p1a: Gholdengo|[from] ability: Good as Gold\n|move|p1a: Gholdengo|Shadow Ball|p2a: Ninetales\n|-damage|p2a: Ninetales|22\/100\n|\n|-weather|Snow|[upkeep]\n|-heal|p1a: Gholdengo|96\/100|[from] item: Leftovers\n|upkeep\n|turn|13\n|\n|t:|1699728153\n|switch|p2a: Glimmora|Glimmora, M|28\/100\n|move|p1a: Gholdengo|Nasty Plot|p1a: Gholdengo\n|-boost|p1a: Gholdengo|spa|2\n|\n|-weather|none\n|-heal|p1a: Gholdengo|100\/100|[from] item: Leftovers\n|upkeep\n|turn|14\n|\n|t:|1699728160\n|move|p2a: Glimmora|Earth Power|p1a: Gholdengo\n|-supereffective|p1a: Gholdengo\n|-damage|p1a: Gholdengo|44\/100\n|move|p1a: Gholdengo|Shadow Ball|p2a: Glimmora\n|-damage|p2a: Glimmora|0 fnt\n|faint|p2a: Glimmora\n|\n|-heal|p1a: Gholdengo|50\/100|[from] item: Leftovers\n|upkeep\n|\n|t:|1699728165\n|switch|p2a: Gholdengo|Gholdengo|85\/100\n|turn|15\n|\n|t:|1699728168\n|move|p2a: Gholdengo|Shadow Ball|p1a: Gholdengo\n|-supereffective|p1a: Gholdengo\n|-damage|p1a: Gholdengo|0 fnt\n|faint|p1a: Gholdengo\n|\n|-sideend|p2: Astarosa9001|move: Aurora Veil\n|upkeep\n|\n|t:|1699728175\n|switch|p1a: Kommo-o|Kommo-o, F|100\/100\n|-damage|p1a: Kommo-o|94\/100|[from] Stealth Rock\n|turn|16\n|\n|t:|1699728186\n|switch|p2a: Ninetales|Ninetales-Alola, F|22\/100\n|-weather|Snow|[from] ability: Snow Warning|[of] p2a: Ninetales\n|switch|p1a: Samurott|Samurott-Hisui, M|88\/100\n|-damage|p1a: Samurott|76\/100|[from] Stealth Rock\n|\n|-weather|Snow|[upkeep]\n|upkeep\n|turn|17\n|\n|t:|1699728193\n|move|p2a: Ninetales|Moonblast|p1a: Samurott\n|-supereffective|p1a: Samurott\n|-damage|p1a: Samurott|0 fnt\n|faint|p1a: Samurott\n|\n|-weather|Snow|[upkeep]\n|upkeep\n|\n|t:|1699728195\n|switch|p1a: Dragapult|Dragapult, F|100\/100\n|-damage|p1a: Dragapult|88\/100|[from] Stealth Rock\n|turn|18\n|\n|t:|1699728207\n|move|p1a: Dragapult|Shadow Ball|p2a: Ninetales\n|-damage|p2a: Ninetales|0 fnt\n|faint|p2a: Ninetales\n|\n|-weather|Snow|[upkeep]\n|upkeep\n|\n|t:|1699728211\n|switch|p2a: Dragonite|Dragonite, F|100\/100\n|turn|19\n|\n|t:|1699728231\n|-terastallize|p2a: Dragonite|Normal\n|move|p1a: Dragapult|Shadow Ball|p2a: Dragonite\n|-immune|p2a: Dragonite\n|move|p2a: Dragonite|Dragon Dance|p2a: Dragonite\n|-boost|p2a: Dragonite|atk|1\n|-boost|p2a: Dragonite|spe|1\n|\n|-weather|Snow|[upkeep]\n|upkeep\n|turn|20\n|-message|witnesshq forfeited.\n|\n|win|Astarosa9001\n|raw|witnesshq's rating: 1451 &rarr; <strong>1427<\/strong><br \/>(-24 for losing)\n|raw|Astarosa9001's rating: 1384 &rarr; <strong>1408<\/strong><br \/>(+24 for winning)\n|l|\u2606witnesshq\n","uploadtime":1699728252,"views":17,"p1id":"witnesshq","p2id":"astarosa9001","formatid":"gen9ou","rating":1408,"private":0,"password":""}