{"id":"gen9ou-1991915352","p1":"PsiKowboj","p2":"Eliprogamer","format":"[Gen 9] OU","log":"|j|\u2606PsiKowboj\n|j|\u2606Eliprogamer\n|inactive|Battle timer is ON: inactive players will automatically lose when time's up.\n|t:|1700137671\n|gametype|singles\n|player|p1|PsiKowboj|rocketgrunt|\n|player|p2|Eliprogamer|biker-gen4|\n|teamsize|p1|6\n|teamsize|p2|6\n|gen|9\n|tier|[Gen 9] OU\n|rated|Tournament battle\n|rule|Sleep Clause Mod: Limit one foe put to sleep\n|rule|Species Clause: Limit one of each Pok\u00e9mon\n|rule|OHKO Clause: OHKO moves are banned\n|rule|Evasion Items Clause: Evasion items are banned\n|rule|Evasion Moves Clause: Evasion moves are banned\n|rule|Endless Battle Clause: Forcing endless battles is banned\n|rule|HP Percentage Mod: HP is shown in percentages\n|clearpoke\n|poke|p1|Bisharp, M|\n|poke|p1|Azumarill, F|\n|poke|p1|Enamorus, F|\n|poke|p1|Dragapult, F|\n|poke|p1|Iron Treads|\n|poke|p1|Iron Hands|\n|poke|p2|Empoleon, F|\n|poke|p2|Corviknight, F|\n|poke|p2|Greninja-*, F|\n|poke|p2|Iron Treads|\n|poke|p2|Chandelure, F|\n|poke|p2|Cinderace, F|\n|teampreview\n|c|\u2606Eliprogamer|GLHF\n|c|\u2606PsiKowboj|gl\n|\n|t:|1700137684\n|start\n|switch|p1a: handy uwu|Iron Hands|100\/100\n|switch|p2a: Kanye|Chandelure, F, shiny|100\/100\n|turn|1\n|\n|t:|1700137688\n|switch|p2a: Larry Bird|Corviknight, F|100\/100\n|-ability|p2a: Larry Bird|Pressure\n|-end|p1a: handy uwu|Quark Drive|[silent]\n|switch|p1a: best mon gen9|Azumarill, F|100\/100\n|\n|upkeep\n|turn|2\n|j| Jeffffdd\n|j| sheluvsiman\n|\n|t:|1700137700\n|switch|p1a: handy uwu|Iron Hands|100\/100\n|move|p2a: Larry Bird|Iron Head|p1a: handy uwu\n|-resisted|p1a: handy uwu\n|-damage|p1a: handy uwu|94\/100\n|\n|-heal|p1a: handy uwu|99\/100|[from] item: Leftovers\n|upkeep\n|turn|3\n|\n|t:|1700137707\n|switch|p2a: Peni\u00a7infrontofface|Iron Treads|100\/100\n|move|p1a: handy uwu|Drain Punch|p2a: Peni\u00a7infrontofface\n|-supereffective|p2a: Peni\u00a7infrontofface\n|-damage|p2a: Peni\u00a7infrontofface|30\/100\n|-heal|p1a: handy uwu|100\/100|[from] drain|[of] p2a: Peni\u00a7infrontofface\n|\n|upkeep\n|turn|4\n|\n|t:|1700137713\n|-end|p1a: handy uwu|Quark Drive|[silent]\n|switch|p1a: Enamorus kok|Enamorus, F|100\/100\n|move|p2a: Peni\u00a7infrontofface|Earthquake|p1a: Enamorus kok\n|-immune|p1a: Enamorus kok\n|\n|upkeep\n|turn|5\n|\n|t:|1700137720\n|-end|p2a: Peni\u00a7infrontofface|Quark Drive|[silent]\n|switch|p2a: Larry Bird|Corviknight, F|100\/100\n|-ability|p2a: Larry Bird|Pressure\n|move|p1a: Enamorus kok|Moonblast|p2a: Larry Bird\n|-resisted|p2a: Larry Bird\n|-damage|p2a: Larry Bird|75\/100\n|\n|upkeep\n|turn|6\n|\n|t:|1700137724\n|switch|p1a: handy uwu|Iron Hands|100\/100\n|move|p2a: Larry Bird|U-turn|p1a: handy uwu\n|-resisted|p1a: handy uwu\n|-damage|p1a: handy uwu|96\/100\n|\n|t:|1700137728\n|switch|p2a: Onlyusedcuzgood|Cinderace, F|100\/100|[from] U-turn\n|\n|-heal|p1a: handy uwu|100\/100|[from] item: Leftovers\n|upkeep\n|turn|7\n|\n|t:|1700137738\n|move|p2a: Onlyusedcuzgood|U-turn|p1a: handy uwu\n|-start|p2a: Onlyusedcuzgood|typechange|Bug|[from] ability: Libero\n|-resisted|p1a: handy uwu\n|-damage|p1a: handy uwu|91\/100\n|\n|t:|1700137742\n|switch|p2a: Larry Bird|Corviknight, F|75\/100|[from] U-turn\n|-ability|p2a: Larry Bird|Pressure\n|move|p1a: handy uwu|Swords Dance|p1a: handy uwu\n|-boost|p1a: handy uwu|atk|2\n|\n|-heal|p1a: handy uwu|97\/100|[from] item: Leftovers\n|upkeep\n|turn|8\n|\n|t:|1700137749\n|move|p2a: Larry Bird|Body Press|p1a: handy uwu\n|-damage|p1a: handy uwu|82\/100\n|move|p1a: handy uwu|Thunder Punch|p2a: Larry Bird\n|-supereffective|p2a: Larry Bird\n|-damage|p2a: Larry Bird|0 fnt\n|-damage|p1a: handy uwu|66\/100|[from] item: Rocky Helmet|[of] p2a: Larry Bird\n|faint|p2a: Larry Bird\n|\n|-heal|p1a: handy uwu|72\/100|[from] item: Leftovers\n|upkeep\n|\n|t:|1700137757\n|switch|p2a: Peni\u00a7infrontofface|Iron Treads|30\/100\n|turn|9\n|c|\u2606PsiKowboj|metal fingers going crazy\n|\n|t:|1700137762\n|move|p2a: Peni\u00a7infrontofface|Iron Head|p1a: handy uwu\n|-resisted|p1a: handy uwu\n|-damage|p1a: handy uwu|63\/100\n|cant|p1a: handy uwu|flinch\n|\n|-heal|p1a: handy uwu|69\/100|[from] item: Leftovers\n|upkeep\n|turn|10\n|j| FurretSoldier\n|\n|t:|1700137779\n|move|p2a: Peni\u00a7infrontofface|Earthquake|p1a: handy uwu\n|-supereffective|p1a: handy uwu\n|-damage|p1a: handy uwu|29\/100\n|move|p1a: handy uwu|Drain Punch|p2a: Peni\u00a7infrontofface\n|-supereffective|p2a: Peni\u00a7infrontofface\n|-damage|p2a: Peni\u00a7infrontofface|0 fnt\n|-heal|p1a: handy uwu|41\/100|[from] drain|[of] p2a: Peni\u00a7infrontofface\n|faint|p2a: Peni\u00a7infrontofface\n|-end|p2a: Peni\u00a7infrontofface|Quark Drive|[silent]\n|\n|-heal|p1a: handy uwu|47\/100|[from] item: Leftovers\n|upkeep\n|inactive|Eliprogamer has 120 seconds left.\n|\n|t:|1700137828\n|switch|p2a: Onlyusedcuzgood|Cinderace, F|100\/100\n|turn|11\n|\n|t:|1700137833\n|move|p2a: Onlyusedcuzgood|U-turn|p1a: handy uwu\n|-start|p2a: Onlyusedcuzgood|typechange|Bug|[from] ability: Libero\n|-resisted|p1a: handy uwu\n|-damage|p1a: handy uwu|38\/100\n|\n|t:|1700137836\n|switch|p2a: Kanye|Chandelure, F, shiny|100\/100|[from] U-turn\n|move|p1a: handy uwu|Thunder Punch|p2a: Kanye\n|-damage|p2a: Kanye|0 fnt\n|faint|p2a: Kanye\n|\n|-heal|p1a: handy uwu|44\/100|[from] item: Leftovers\n|upkeep\n|c|\u2606PsiKowboj|NOOOO\n|c|\u2606PsiKowboj|RIP Kanye\n|\n|t:|1700137849\n|switch|p2a: Gregninjbootylickr|Greninja, F|100\/100\n|turn|12\n|l| FurretSoldier\n|j| defnotapenguin\n|j| TheNewBrends11\n|c|\u2606Eliprogamer|he had a good career\n|\n|t:|1700137858\n|-end|p1a: handy uwu|Quark Drive|[silent]\n|switch|p1a: best mon gen9|Azumarill, F|100\/100\n|move|p2a: Gregninjbootylickr|Ice Beam|p1a: best mon gen9\n|-start|p2a: Gregninjbootylickr|typechange|Ice|[from] ability: Protean\n|-resisted|p1a: best mon gen9\n|-damage|p1a: best mon gen9|81\/100\n|\n|upkeep\n|turn|13\n|c|\u2606PsiKowboj|album drops tmrw\n|c| defnotapenguin|damn\n|\n|t:|1700137882\n|switch|p2a: GOAT WATER BIRD|Empoleon, F|100\/100\n|move|p1a: best mon gen9|Play Rough|p2a: GOAT WATER BIRD\n|-resisted|p2a: GOAT WATER BIRD\n|-damage|p2a: GOAT WATER BIRD|71\/100\n|\n|-heal|p2a: GOAT WATER BIRD|77\/100|[from] item: Leftovers\n|upkeep\n|turn|14\n|\n|t:|1700137896\n|switch|p1a: handy uwu|Iron Hands|44\/100\n|move|p2a: GOAT WATER BIRD|Stealth Rock|p1a: handy uwu\n|-sidestart|p1: PsiKowboj|move: Stealth Rock\n|\n|-heal|p1a: handy uwu|51\/100|[from] item: Leftovers\n|-heal|p2a: GOAT WATER BIRD|83\/100|[from] item: Leftovers\n|upkeep\n|turn|15\n|c| defnotapenguin|i agree that water bird is goat\n|c| defnotapenguin|fav starter\n|\n|t:|1700137911\n|-terastallize|p2a: GOAT WATER BIRD|Fairy\n|move|p1a: handy uwu|Drain Punch|p2a: GOAT WATER BIRD\n|-resisted|p2a: GOAT WATER BIRD\n|-damage|p2a: GOAT WATER BIRD|60\/100\n|-heal|p1a: handy uwu|60\/100|[from] drain|[of] p2a: GOAT WATER BIRD\n|move|p2a: GOAT WATER BIRD|Surf|p1a: handy uwu\n|-damage|p1a: handy uwu|28\/100\n|\n|-heal|p1a: handy uwu|35\/100|[from] item: Leftovers\n|-heal|p2a: GOAT WATER BIRD|66\/100|[from] item: Leftovers\n|upkeep\n|turn|16\n|\n|t:|1700137917\n|move|p1a: handy uwu|Thunder Punch|p2a: GOAT WATER BIRD\n|-damage|p2a: GOAT WATER BIRD|16\/100\n|move|p2a: GOAT WATER BIRD|Roar|p1a: handy uwu\n|-end|p1a: handy uwu|Quark Drive|[silent]\n|drag|p1a: Dragapult|Dragapult, F|100\/100\n|-damage|p1a: Dragapult|88\/100|[from] Stealth Rock\n|\n|-heal|p2a: GOAT WATER BIRD|23\/100|[from] item: Leftovers\n|upkeep\n|turn|17\n|\n|t:|1700137924\n|move|p1a: Dragapult|Shadow Ball|p2a: GOAT WATER BIRD\n|-damage|p2a: GOAT WATER BIRD|0 fnt\n|faint|p2a: GOAT WATER BIRD\n|\n|upkeep\n|\n|t:|1700137928\n|switch|p2a: Onlyusedcuzgood|Cinderace, F|100\/100\n|turn|18\n|\n|t:|1700137932\n|move|p1a: Dragapult|Shadow Ball|p2a: Onlyusedcuzgood\n|-damage|p2a: Onlyusedcuzgood|26\/100\n|move|p2a: Onlyusedcuzgood|U-turn|p1a: Dragapult\n|-start|p2a: Onlyusedcuzgood|typechange|Bug|[from] ability: Libero\n|-resisted|p1a: Dragapult\n|-damage|p1a: Dragapult|67\/100\n|\n|t:|1700137935\n|switch|p2a: Gregninjbootylickr|Greninja, F|100\/100|[from] U-turn\n|\n|upkeep\n|turn|19\n|\n|t:|1700137937\n|switch|p1a: best mon gen9|Azumarill, F|81\/100\n|-damage|p1a: best mon gen9|69\/100|[from] Stealth Rock\n|move|p2a: Gregninjbootylickr|Ice Beam|p1a: best mon gen9\n|-start|p2a: Gregninjbootylickr|typechange|Ice|[from] ability: Protean\n|-resisted|p1a: best mon gen9\n|-damage|p1a: best mon gen9|50\/100\n|\n|upkeep\n|turn|20\n|\n|t:|1700137949\n|-terastallize|p1a: best mon gen9|Water\n|move|p2a: Gregninjbootylickr|Ice Beam|p1a: best mon gen9\n|-resisted|p1a: best mon gen9\n|-damage|p1a: best mon gen9|28\/100\n|move|p1a: best mon gen9|Liquidation|p2a: Gregninjbootylickr\n|-damage|p2a: Gregninjbootylickr|0 fnt\n|faint|p2a: Gregninjbootylickr\n|\n|upkeep\n|c|\u2606PsiKowboj|gg\n|\n|t:|1700137955\n|switch|p2a: Onlyusedcuzgood|Cinderace, F|26\/100\n|turn|21\n|\n|t:|1700137959\n|move|p2a: Onlyusedcuzgood|Sucker Punch|p1a: best mon gen9\n|-start|p2a: Onlyusedcuzgood|typechange|Dark|[from] ability: Libero\n|-damage|p1a: best mon gen9|0 fnt\n|faint|p1a: best mon gen9\n|\n|upkeep\n|\n|t:|1700137964\n|switch|p1a: donphan but worse|Iron Treads|100\/100\n|-damage|p1a: donphan but worse|97\/100|[from] Stealth Rock\n|-enditem|p1a: donphan but worse|Booster Energy\n|-activate|p1a: donphan but worse|ability: Quark Drive|[fromitem]\n|-start|p1a: donphan but worse|quarkdrivespe\n|turn|22\n|c|\u2606Eliprogamer|I didnt hear no bell\n|\n|t:|1700137972\n|move|p1a: donphan but worse|Earthquake|p2a: Onlyusedcuzgood\n|-damage|p2a: Onlyusedcuzgood|0 fnt\n|faint|p2a: Onlyusedcuzgood\n|\n|win|PsiKowboj\n|n|\u2606PsiKowboj|psikowboj\n|n|\u2606Eliprogamer|eliprogamer\n|n| Jeffffdd|jeffffdd\n|n| sheluvsiman|sheluvsiman\n|n| defnotapenguin|defnotapenguin\n|n| TheNewBrends11|thenewbrends11\n|c|\u2606Eliprogamer|aite\n|c|\u2606Eliprogamer|ggs\n|l| sheluvsiman\n|l|\u2606Eliprogamer\n|c|\u2606PsiKowboj|gg wp\n|l|\u2606PsiKowboj\n|l| defnotapenguin\n|j| King Fi\n|j|\u2606PsiKowboj\n|player|p1|PsiKowboj|rocketgrunt\n|l|\u2606PsiKowboj\n|player|p1|\n|l| Jeffffdd\n|l| King Fi\n","uploadtime":1700139098,"views":12,"p1id":"psikowboj","p2id":"eliprogamer","formatid":"gen9ou","rating":0,"private":0,"password":""}