{"id":"gen9ou-1996290904","p1":"Shreks General","p2":"Samthefalcon","format":"[Gen 9] OU","log":"|j|\u2606Shreks General\n|j|\u203dSamthefalcon\n|t:|1700668059\n|gametype|singles\n|player|p1|Shreks General|larry|1602\n|player|p2|Samthefalcon|plasmagrunt|1633\n|teamsize|p1|6\n|teamsize|p2|6\n|gen|9\n|tier|[Gen 9] OU\n|rated|\n|rule|Sleep Clause Mod: Limit one foe put to sleep\n|rule|Species Clause: Limit one of each Pok\u00e9mon\n|rule|OHKO Clause: OHKO moves are banned\n|rule|Evasion Items Clause: Evasion items are banned\n|rule|Evasion Moves Clause: Evasion moves are banned\n|rule|Endless Battle Clause: Forcing endless battles is banned\n|rule|HP Percentage Mod: HP is shown in percentages\n|clearpoke\n|poke|p1|Indeedee, M|\n|poke|p1|Polteageist-Antique|\n|poke|p1|Hawlucha, F|\n|poke|p1|Zamazenta-*|\n|poke|p1|Armarouge, M|\n|poke|p1|Hatterene, F|\n|poke|p2|Alomomola, F|\n|poke|p2|Slowking-Galar, M|\n|poke|p2|Kingambit, M|\n|poke|p2|Great Tusk|\n|poke|p2|Cinderace, F|\n|poke|p2|Thundurus-Therian, M|\n|teampreview\n|inactive|Battle timer is ON: inactive players will automatically lose when time's up. (requested by Shreks General)\n|\n|t:|1700668072\n|start\n|switch|p1a: Psychotic|Indeedee, M|100\/100\n|switch|p2a: Thundurus|Thundurus-Therian, M|100\/100\n|-fieldstart|move: Psychic Terrain|[from] ability: Psychic Surge|[of] p1a: Psychotic\n|turn|1\n|\n|t:|1700668081\n|switch|p1a: Hell hat no fury|Hatterene, F|100\/100\n|-enditem|p1a: Hell hat no fury|Psychic Seed\n|-boost|p1a: Hell hat no fury|spd|1|[from] item: Psychic Seed\n|-terastallize|p2a: Thundurus|Flying\n|move|p2a: Thundurus|Tera Blast|p1a: Hell hat no fury|[anim] Tera Blast Flying\n|-damage|p1a: Hell hat no fury|36\/100\n|\n|upkeep\n|turn|2\n|\n|t:|1700668087\n|move|p2a: Thundurus|Tera Blast|p1a: Hell hat no fury|[anim] Tera Blast Flying\n|-damage|p1a: Hell hat no fury|0 fnt\n|faint|p1a: Hell hat no fury\n|\n|upkeep\n|\n|t:|1700668091\n|switch|p1a: Armarouge|Armarouge, M|100\/100\n|turn|3\n|inactive|Shreks General has 120 seconds left.\n|l|\u2606Shreks General\n|inactive|Shreks General disconnected and has a minute to reconnect!\n|player|p1|\n|inactive|Shreks General has 30 seconds to reconnect!\n|inactive|Shreks General has 20 seconds to reconnect!\n|inactive|Shreks General has 15 seconds to reconnect!\n|inactive|Shreks General has 10 seconds to reconnect!\n|inactive|Shreks General has 5 seconds to reconnect!\n|j|\u2606Shreks General\n|inactive|Shreks General reconnected and has 65 seconds left.\n|player|p1|Shreks General|larry\n|\n|t:|1700668179\n|move|p2a: Thundurus|Tera Blast|p1a: Armarouge|[anim] Tera Blast Flying\n|-damage|p1a: Armarouge|4\/100\n|move|p1a: Armarouge|Armor Cannon|p2a: Thundurus\n|-damage|p2a: Thundurus|2\/100\n|-unboost|p1a: Armarouge|def|1\n|-unboost|p1a: Armarouge|spd|1\n|\n|upkeep\n|turn|4\n|c|\u2606Shreks General|OH\n|\n|t:|1700668187\n|move|p2a: Thundurus|Tera Blast|p1a: Armarouge|[anim] Tera Blast Flying\n|-damage|p1a: Armarouge|0 fnt\n|faint|p1a: Armarouge\n|\n|upkeep\n|\n|t:|1700668199\n|switch|p1a: Haw-haw|Hawlucha, F|100\/100\n|-enditem|p1a: Haw-haw|Psychic Seed\n|-boost|p1a: Haw-haw|spd|1|[from] item: Psychic Seed\n|turn|5\n|\n|t:|1700668206\n|switch|p2a: Alomomola|Alomomola, F|100\/100\n|move|p1a: Haw-haw|Endure||[still]\n|-fail|p1a: Haw-haw\n|\n|upkeep\n|turn|6\n|\n|t:|1700668213\n|move|p1a: Haw-haw|Swords Dance|p1a: Haw-haw\n|-boost|p1a: Haw-haw|atk|2\n|move|p2a: Alomomola|Flip Turn|p1a: Haw-haw\n|-damage|p1a: Haw-haw|74\/100\n|\n|t:|1700668216\n|switch|p2a: Great Tusk|Great Tusk|100\/100|[from] Flip Turn\n|\n|upkeep\n|turn|7\n|inactive|Shreks General has 90 seconds left.\n|\n|t:|1700668229\n|-end|p2a: Great Tusk|Protosynthesis|[silent]\n|switch|p2a: Alomomola|Alomomola, F|100\/100\n|move|p1a: Haw-haw|Endure||[still]\n|-fail|p1a: Haw-haw\n|\n|upkeep\n|turn|8\n|\n|t:|1700668239\n|move|p1a: Haw-haw|Swords Dance|p1a: Haw-haw\n|-boost|p1a: Haw-haw|atk|2\n|move|p2a: Alomomola|Scald|p1a: Haw-haw\n|-damage|p1a: Haw-haw|60\/100\n|\n|-fieldend|move: Psychic Terrain\n|upkeep\n|turn|9\n|\n|t:|1700668246\n|-terastallize|p1a: Haw-haw|Flying\n|move|p1a: Haw-haw|Acrobatics|p2a: Alomomola\n|-damage|p2a: Alomomola|0 fnt\n|faint|p2a: Alomomola\n|\n|upkeep\n|\n|t:|1700668266\n|switch|p2a: Great Tusk|Great Tusk|100\/100\n|turn|10\n|\n|t:|1700668270\n|move|p1a: Haw-haw|Acrobatics|p2a: Great Tusk\n|-supereffective|p2a: Great Tusk\n|-damage|p2a: Great Tusk|0 fnt\n|-damage|p1a: Haw-haw|43\/100|[from] item: Rocky Helmet|[of] p2a: Great Tusk\n|faint|p2a: Great Tusk\n|-end|p2a: Great Tusk|Protosynthesis|[silent]\n|\n|upkeep\n|\n|t:|1700668277\n|switch|p2a: Kingambit|Kingambit, M|100\/100\n|-activate|p2a: Kingambit|ability: Supreme Overlord\n|-start|p2a: Kingambit|fallen2|[silent]\n|turn|11\n|inactive|Shreks General has 120 seconds left.\n|\n|t:|1700668288\n|move|p1a: Haw-haw|Endure|p1a: Haw-haw\n|-singleturn|p1a: Haw-haw|move: Endure\n|move|p2a: Kingambit|Sucker Punch||[still]\n|-fail|p2a: Kingambit\n|\n|upkeep\n|turn|12\n|\n|t:|1700668293\n|move|p2a: Kingambit|Sucker Punch||[still]\n|-fail|p2a: Kingambit\n|move|p1a: Haw-haw|Swords Dance|p1a: Haw-haw\n|-boost|p1a: Haw-haw|atk|2\n|\n|upkeep\n|turn|13\n|\n|t:|1700668299\n|move|p1a: Haw-haw|Endure|p1a: Haw-haw\n|-singleturn|p1a: Haw-haw|move: Endure\n|move|p2a: Kingambit|Sucker Punch||[still]\n|-fail|p2a: Kingambit\n|\n|upkeep\n|turn|14\n|\n|t:|1700668303\n|move|p1a: Haw-haw|Reversal|p2a: Kingambit\n|-supereffective|p2a: Kingambit\n|-damage|p2a: Kingambit|0 fnt\n|faint|p2a: Kingambit\n|-end|p2a: Kingambit|fallen2|[silent]\n|\n|upkeep\n|c|\u2606Shreks General|Yes\n|-message|Samthefalcon forfeited.\n|\n|win|Shreks General\n|raw|Shreks General's rating: 1602 &rarr; <strong>1624<\/strong><br \/>(+22 for winning)\n|raw|Samthefalcon's rating: 1633 &rarr; <strong>1611<\/strong><br \/>(-22 for losing)\n|l|\u203dSamthefalcon\n","uploadtime":1700668335,"views":0,"p1id":"shreksgeneral","p2id":"samthefalcon","formatid":"gen9ou","rating":1611,"private":0,"password":""}