{"id":"gen9ou-1997386387","p1":"munchkinp","p2":"123456bst","format":"[Gen 9] OU","log":"|j|\u2606munchkinp\n|j|\u2606123456bst\n|inactive|Battle timer is ON: inactive players will automatically lose when time's up.\n|t:|1700797418\n|gametype|singles\n|player|p1|munchkinp|266|\n|player|p2|123456bst|265|\n|teamsize|p1|4\n|teamsize|p2|4\n|gen|9\n|tier|[Gen 9] OU\n|rated|Tournament battle\n|rule|Sleep Clause Mod: Limit one foe put to sleep\n|rule|Species Clause: Limit one of each Pok\u00e9mon\n|rule|OHKO Clause: OHKO moves are banned\n|rule|Evasion Items Clause: Evasion items are banned\n|rule|Evasion Moves Clause: Evasion moves are banned\n|rule|Endless Battle Clause: Forcing endless battles is banned\n|rule|HP Percentage Mod: HP is shown in percentages\n|clearpoke\n|poke|p1|Gothita, F|\n|poke|p1|Chimecho, F|\n|poke|p1|Spinarak, F|\n|poke|p1|Sprigatito, M|\n|poke|p2|Cloyster, M|\n|poke|p2|Cubchoo, F|\n|poke|p2|Drakloak, M|\n|poke|p2|Nymble, M|\n|teampreview\n|j|*Lady Monita \u2746\n|inactive|123456bst also wants the timer to be on.\n|inactive|123456bst has 120 seconds left.\n|\n|t:|1700797462\n|start\n|switch|p1a: Spinarak|Spinarak, F|100\/100\n|switch|p2a: Cloyster|Cloyster, M|100\/100\n|turn|1\n|\n|t:|1700797480\n|move|p2a: Cloyster|Rock Blast|p1a: Spinarak\n|-supereffective|p1a: Spinarak\n|-damage|p1a: Spinarak|55\/100\n|-supereffective|p1a: Spinarak\n|-damage|p1a: Spinarak|5\/100\n|-supereffective|p1a: Spinarak\n|-damage|p1a: Spinarak|0 fnt\n|faint|p1a: Spinarak\n|-hitcount|p1: Spinarak|3\n|\n|upkeep\n|\n|t:|1700797484\n|switch|p1a: Gothita|Gothita, F, shiny|100\/100\n|-item|p2a: Cloyster|Focus Sash|[from] ability: Frisk|[of] p1a: Gothita|[identify]\n|turn|2\n|\n|t:|1700797497\n|switch|p2a: Nymble|Nymble, M|100\/100\n|move|p1a: Gothita|Charm|p2a: Nymble\n|-unboost|p2a: Nymble|atk|2\n|\n|upkeep\n|turn|3\n|\n|t:|1700797503\n|move|p1a: Gothita|Thunder Wave|p2a: Nymble\n|-status|p2a: Nymble|par\n|move|p2a: Nymble|U-turn|p1a: Gothita\n|-supereffective|p1a: Gothita\n|-damage|p1a: Gothita|73\/100\n|\n|t:|1700797522\n|switch|p2a: Drakloak|Drakloak, M|100\/100|[from] U-turn\n|\n|upkeep\n|turn|4\n|\n|t:|1700797532\n|switch|p1a: Sprigatito|Sprigatito, M|100\/100\n|move|p2a: Drakloak|U-turn|p1a: Sprigatito\n|-supereffective|p1a: Sprigatito\n|-damage|p1a: Sprigatito|62\/100\n|\n|t:|1700797535\n|switch|p2a: Nymble|Nymble, M|100\/100 par|[from] U-turn\n|\n|upkeep\n|turn|5\n|\n|t:|1700797541\n|move|p1a: Sprigatito|Protect|p1a: Sprigatito\n|-start|p1a: Sprigatito|typechange|Normal|[from] ability: Protean\n|-singleturn|p1a: Sprigatito|Protect\n|move|p2a: Nymble|First Impression|p1a: Sprigatito\n|-activate|p1a: Sprigatito|move: Protect\n|\n|upkeep\n|turn|6\n|\n|t:|1700797547\n|move|p1a: Sprigatito|Leech Seed|p2a: Nymble\n|-start|p2a: Nymble|move: Leech Seed\n|move|p2a: Nymble|Leech Life|p1a: Sprigatito\n|-damage|p1a: Sprigatito|31\/100\n|\n|-damage|p2a: Nymble|88\/100 par|[from] Leech Seed|[of] p1a: Sprigatito\n|-heal|p1a: Sprigatito|42\/100|[silent]\n|upkeep\n|turn|7\n|\n|t:|1700797555\n|switch|p2a: Drakloak|Drakloak, M|100\/100\n|move|p1a: Sprigatito|Leech Seed|p2a: Drakloak\n|-start|p2a: Drakloak|move: Leech Seed\n|\n|-damage|p2a: Drakloak|88\/100|[from] Leech Seed|[of] p1a: Sprigatito\n|-heal|p1a: Sprigatito|57\/100|[silent]\n|upkeep\n|turn|8\n|\n|t:|1700797565\n|switch|p2a: Cubchoo|Cubchoo, F|100\/100\n|move|p1a: Sprigatito|Protect||[still]\n|-fail|p1a: Sprigatito\n|\n|upkeep\n|turn|9\n|\n|t:|1700797570\n|-singleturn|p2a: Cubchoo|move: Focus Punch\n|move|p1a: Sprigatito|Taunt|p2a: Cubchoo\n|-start|p2a: Cubchoo|move: Taunt\n|move|p2a: Cubchoo|Focus Punch|p1a: Sprigatito\n|-supereffective|p1a: Sprigatito\n|-damage|p1a: Sprigatito|0 fnt\n|faint|p1a: Sprigatito\n|\n|upkeep\n|\n|t:|1700797574\n|switch|p1a: Gothita|Gothita, F, shiny|73\/100\n|-item|p2a: Cubchoo|Eviolite|[from] ability: Frisk|[of] p1a: Gothita|[identify]\n|turn|10\n|\n|t:|1700797578\n|switch|p2a: Drakloak|Drakloak, M|88\/100\n|move|p1a: Gothita|Reflect|p1a: Gothita\n|-sidestart|p1: munchkinp|Reflect\n|\n|upkeep\n|turn|11\n|\n|t:|1700797582\n|move|p2a: Drakloak|Draco Meteor|p1a: Gothita\n|-damage|p1a: Gothita|24\/100\n|-unboost|p2a: Drakloak|spa|2\n|move|p1a: Gothita|Charm|p2a: Drakloak\n|-unboost|p2a: Drakloak|atk|2\n|\n|upkeep\n|turn|12\n|\n|t:|1700797588\n|move|p2a: Drakloak|U-turn|p1a: Gothita\n|-supereffective|p1a: Gothita\n|-damage|p1a: Gothita|14\/100\n|\n|t:|1700797590\n|switch|p2a: Nymble|Nymble, M|88\/100 par|[from] U-turn\n|move|p1a: Gothita|Charm|p2a: Nymble\n|-unboost|p2a: Nymble|atk|2\n|\n|upkeep\n|turn|13\n|\n|t:|1700797594\n|move|p2a: Nymble|First Impression|p1a: Gothita\n|-supereffective|p1a: Gothita\n|-damage|p1a: Gothita|0 fnt\n|faint|p1a: Gothita\n|\n|upkeep\n|\n|t:|1700797596\n|switch|p1a: Chimecho|Chimecho, F|100\/100\n|turn|14\n|\n|t:|1700797600\n|-terastallize|p1a: Chimecho|Fairy\n|move|p1a: Chimecho|Calm Mind|p1a: Chimecho\n|-boost|p1a: Chimecho|spa|1\n|-boost|p1a: Chimecho|spd|1\n|cant|p2a: Nymble|par\n|\n|-sideend|p1: munchkinp|Reflect\n|upkeep\n|turn|15\n|\n|t:|1700797607\n|move|p1a: Chimecho|Calm Mind|p1a: Chimecho\n|-boost|p1a: Chimecho|spa|1\n|-boost|p1a: Chimecho|spd|1\n|move|p2a: Nymble|U-turn|p1a: Chimecho\n|-resisted|p1a: Chimecho\n|-damage|p1a: Chimecho|90\/100\n|-enditem|p1a: Chimecho|Kee Berry|[eat]\n|-boost|p1a: Chimecho|def|1|[from] item: Kee Berry\n|\n|t:|1700797609\n|switch|p2a: Cubchoo|Cubchoo, F|100\/100|[from] U-turn\n|\n|upkeep\n|turn|16\n|\n|t:|1700797615\n|move|p1a: Chimecho|Charge Beam|p2a: Cubchoo\n|-damage|p2a: Cubchoo|67\/100\n|-boost|p1a: Chimecho|spa|1\n|move|p2a: Cubchoo|Encore|p1a: Chimecho\n|-start|p1a: Chimecho|Encore\n|\n|upkeep\n|turn|17\n|\n|t:|1700797619\n|move|p1a: Chimecho|Charge Beam|p2a: Cubchoo\n|-damage|p2a: Cubchoo|27\/100\n|-boost|p1a: Chimecho|spa|1\n|move|p2a: Cubchoo|Yawn|p1a: Chimecho\n|-start|p1a: Chimecho|move: Yawn|[of] p2a: Cubchoo\n|\n|upkeep\n|turn|18\n|\n|t:|1700797625\n|move|p1a: Chimecho|Charge Beam|p2a: Cubchoo\n|-damage|p2a: Cubchoo|0 fnt\n|faint|p2a: Cubchoo\n|\n|-end|p1a: Chimecho|move: Yawn|[silent]\n|-status|p1a: Chimecho|slp\n|upkeep\n|\n|t:|1700797627\n|switch|p2a: Cloyster|Cloyster, M|100\/100\n|turn|19\n|\n|t:|1700797631\n|move|p2a: Cloyster|Shell Smash|p2a: Cloyster\n|-unboost|p2a: Cloyster|def|1\n|-unboost|p2a: Cloyster|spd|1\n|-boost|p2a: Cloyster|atk|2\n|-boost|p2a: Cloyster|spa|2\n|-boost|p2a: Cloyster|spe|2\n|cant|p1a: Chimecho|slp\n|\n|-end|p1a: Chimecho|Encore\n|upkeep\n|turn|20\n|\n|t:|1700797634\n|move|p2a: Cloyster|Icicle Spear|p1a: Chimecho\n|-damage|p1a: Chimecho|76\/100 slp\n|-damage|p1a: Chimecho|61\/100 slp\n|-damage|p1a: Chimecho|46\/100 slp\n|-damage|p1a: Chimecho|32\/100 slp\n|-damage|p1a: Chimecho|18\/100 slp\n|-hitcount|p1a: Chimecho|5\n|-curestatus|p1a: Chimecho|slp|[msg]\n|move|p1a: Chimecho|Draining Kiss|p2a: Cloyster\n|-enditem|p2a: Cloyster|Focus Sash\n|-damage|p2a: Cloyster|1\/100\n|-heal|p1a: Chimecho|69\/100|[from] drain|[of] p2a: Cloyster\n|\n|upkeep\n|turn|21\n|\n|t:|1700797659\n|move|p2a: Cloyster|Icicle Spear|p1a: Chimecho\n|-damage|p1a: Chimecho|53\/100\n|-damage|p1a: Chimecho|39\/100\n|-damage|p1a: Chimecho|25\/100\n|-damage|p1a: Chimecho|9\/100\n|-damage|p1a: Chimecho|0 fnt\n|faint|p1a: Chimecho\n|-hitcount|p1: Chimecho|5\n|\n|win|123456bst\n|n|\u2606munchkinp|munchkinp\n|n|\u2606123456bst|123456bst\n|n|*Lady Monita \u2746|ladymonita\n","uploadtime":1700797660,"views":5,"p1id":"munchkinp","p2id":"123456bst","formatid":"gen9ou","rating":0,"private":0,"password":""}