{"id":"gen9ou-1993171919","p1":"twincell","p2":"Plplk","format":"[Gen 9] OU","log":"|j|\u2606twincell\n|j|\u2606Plplk\n|inactive|Battle timer is ON: inactive players will automatically lose when time's up.\n|t:|1700273555\n|gametype|singles\n|player|p1|twincell|caitlin|\n|player|p2|Plplk|alec-anime|\n|teamsize|p1|6\n|teamsize|p2|6\n|gen|9\n|tier|[Gen 9] OU\n|rated|Tournament battle\n|rule|Sleep Clause Mod: Limit one foe put to sleep\n|rule|Species Clause: Limit one of each Pok\u00e9mon\n|rule|OHKO Clause: OHKO moves are banned\n|rule|Evasion Items Clause: Evasion items are banned\n|rule|Evasion Moves Clause: Evasion moves are banned\n|rule|Endless Battle Clause: Forcing endless battles is banned\n|rule|HP Percentage Mod: HP is shown in percentages\n|clearpoke\n|poke|p1|Indeedee, M|\n|poke|p1|Hatterene, F|\n|poke|p1|Polteageist-Antique|\n|poke|p1|Zamazenta-*|\n|poke|p1|Sneasler, F|\n|poke|p1|Maushold|\n|poke|p2|Ninetales-Alola, F|\n|poke|p2|Meowscarada, F|\n|poke|p2|Manaphy|\n|poke|p2|Gholdengo|\n|poke|p2|Great Tusk|\n|poke|p2|Dragonite, M|\n|teampreview\n|\n|t:|1700273571\n|start\n|switch|p1a: Indeedee|Indeedee, M|100\/100\n|switch|p2a: Meowscarada|Meowscarada, F|100\/100\n|-fieldstart|move: Psychic Terrain|[from] ability: Psychic Surge|[of] p1a: Indeedee\n|turn|1\n|inactive|twincell has 120 seconds left.\n|\n|t:|1700273610\n|switch|p1a: Hatterene|Hatterene, F|100\/100\n|move|p2a: Meowscarada|Knock Off|p1a: Hatterene\n|-start|p2a: Meowscarada|typechange|Dark|[from] ability: Protean\n|-damage|p1a: Hatterene|49\/100\n|-enditem|p1a: Hatterene|Eject Button|[from] move: Knock Off|[of] p2a: Meowscarada\n|\n|upkeep\n|turn|2\n|inactive|twincell has 120 seconds left.\n|\n|t:|1700273624\n|switch|p2a: Gholdengo|Gholdengo|100\/100\n|move|p1a: Hatterene|Nuzzle|p2a: Gholdengo\n|-damage|p2a: Gholdengo|96\/100\n|-status|p2a: Gholdengo|par\n|\n|upkeep\n|turn|3\n|inactive|twincell has 120 seconds left.\n|\n|t:|1700273649\n|switch|p1a: Sneasler|Sneasler, F|100\/100\n|-enditem|p1a: Sneasler|Psychic Seed\n|-boost|p1a: Sneasler|spd|1|[from] item: Psychic Seed\n|move|p2a: Gholdengo|Make It Rain|p1a: Sneasler\n|-damage|p1a: Sneasler|43\/100\n|-unboost|p2a: Gholdengo|spa|1\n|\n|upkeep\n|turn|4\n|\n|t:|1700273660\n|switch|p2a: Great Tusk|Great Tusk, shiny|100\/100\n|move|p1a: Sneasler|Swords Dance|p1a: Sneasler\n|-boost|p1a: Sneasler|atk|2\n|\n|upkeep\n|turn|5\n|\n|t:|1700273668\n|-end|p2a: Great Tusk|Protosynthesis|[silent]\n|switch|p2a: Ninetales|Ninetales-Alola, F|100\/100\n|-weather|Snow|[from] ability: Snow Warning|[of] p2a: Ninetales\n|move|p1a: Sneasler|Acrobatics|p2a: Ninetales\n|-damage|p2a: Ninetales|55\/100\n|-damage|p1a: Sneasler|27\/100|[from] item: Rocky Helmet|[of] p2a: Ninetales\n|\n|-weather|Snow|[upkeep]\n|upkeep\n|turn|6\n|\n|t:|1700273677\n|move|p1a: Sneasler|Close Combat|p2a: Ninetales\n|-damage|p2a: Ninetales|0 fnt\n|-unboost|p1a: Sneasler|def|1\n|-unboost|p1a: Sneasler|spd|1\n|-damage|p1a: Sneasler|10\/100|[from] item: Rocky Helmet|[of] p2a: Ninetales\n|faint|p2a: Ninetales\n|\n|-weather|Snow|[upkeep]\n|upkeep\n|inactive|Plplk has 120 seconds left.\n|\n|t:|1700273704\n|switch|p2a: Gholdengo|Gholdengo|96\/100 par\n|turn|7\n|\n|t:|1700273710\n|move|p1a: Sneasler|Night Slash|p2a: Gholdengo\n|-supereffective|p2a: Gholdengo\n|-crit|p2a: Gholdengo\n|-damage|p2a: Gholdengo|0 fnt\n|faint|p2a: Gholdengo\n|\n|-weather|Snow|[upkeep]\n|upkeep\n|inactive|Plplk has 120 seconds left.\n|\n|t:|1700273738\n|switch|p2a: Dragonite|Dragonite, M, shiny|100\/100\n|turn|8\n|\n|t:|1700273742\n|switch|p2a: Great Tusk|Great Tusk, shiny|100\/100\n|move|p1a: Sneasler|Acrobatics|p2a: Great Tusk\n|-supereffective|p2a: Great Tusk\n|-damage|p2a: Great Tusk|0 fnt\n|faint|p2a: Great Tusk\n|-end|p2a: Great Tusk|Protosynthesis|[silent]\n|\n|-weather|Snow|[upkeep]\n|-fieldend|move: Psychic Terrain\n|upkeep\n|\n|t:|1700273747\n|switch|p2a: Dragonite|Dragonite, M, shiny|100\/100\n|turn|9\n|\n|t:|1700273749\n|switch|p1a: Indeedee|Indeedee, M|100\/100\n|-fieldstart|move: Psychic Terrain|[from] ability: Psychic Surge|[of] p1a: Indeedee\n|move|p2a: Dragonite|Extreme Speed|p1a: Indeedee\n|-activate|p1a: Indeedee|move: Psychic Terrain\n|\n|-weather|none\n|upkeep\n|turn|10\n|\n|t:|1700273755\n|move|p2a: Dragonite|Dragon Dance|p2a: Dragonite\n|-boost|p2a: Dragonite|atk|1\n|-boost|p2a: Dragonite|spe|1\n|move|p1a: Indeedee|Dazzling Gleam|p2a: Dragonite\n|-supereffective|p2a: Dragonite\n|-damage|p2a: Dragonite|73\/100\n|\n|upkeep\n|turn|11\n|\n|t:|1700273757\n|move|p2a: Dragonite|Scale Shot|p1a: Indeedee\n|-damage|p1a: Indeedee|66\/100\n|-damage|p1a: Indeedee|25\/100\n|-damage|p1a: Indeedee|0 fnt\n|faint|p1a: Indeedee\n|-hitcount|p1: Indeedee|3\n|-unboost|p2a: Dragonite|def|1\n|-boost|p2a: Dragonite|spe|1\n|\n|upkeep\n|\n|t:|1700273760\n|switch|p1a: Zamazenta|Zamazenta|100\/100\n|-ability|p1a: Zamazenta|Dauntless Shield|boost\n|-boost|p1a: Zamazenta|def|1\n|-enditem|p1a: Zamazenta|Psychic Seed\n|-boost|p1a: Zamazenta|spd|1|[from] item: Psychic Seed\n|turn|12\n|\n|t:|1700273781\n|move|p2a: Dragonite|Scale Shot|p1a: Zamazenta\n|-crit|p1a: Zamazenta\n|-damage|p1a: Zamazenta|77\/100\n|-damage|p1a: Zamazenta|68\/100\n|-damage|p1a: Zamazenta|58\/100\n|-crit|p1a: Zamazenta\n|-damage|p1a: Zamazenta|36\/100\n|-hitcount|p1a: Zamazenta|4\n|-unboost|p2a: Dragonite|def|1\n|-boost|p2a: Dragonite|spe|1\n|move|p1a: Zamazenta|Heavy Slam|p2a: Dragonite\n|-damage|p2a: Dragonite|51\/100\n|\n|upkeep\n|turn|13\n|\n|t:|1700273791\n|-terastallize|p1a: Zamazenta|Steel\n|move|p2a: Dragonite|Scale Shot|p1a: Zamazenta\n|-resisted|p1a: Zamazenta\n|-damage|p1a: Zamazenta|31\/100\n|-resisted|p1a: Zamazenta\n|-damage|p1a: Zamazenta|26\/100\n|-resisted|p1a: Zamazenta\n|-damage|p1a: Zamazenta|21\/100\n|-resisted|p1a: Zamazenta\n|-damage|p1a: Zamazenta|16\/100\n|-hitcount|p1a: Zamazenta|4\n|-unboost|p2a: Dragonite|def|1\n|-boost|p2a: Dragonite|spe|1\n|move|p1a: Zamazenta|Heavy Slam|p2a: Dragonite\n|-damage|p2a: Dragonite|8\/100\n|\n|upkeep\n|turn|14\n|\n|t:|1700273798\n|move|p2a: Dragonite|Scale Shot|p1a: Zamazenta\n|-resisted|p1a: Zamazenta\n|-damage|p1a: Zamazenta|12\/100\n|-resisted|p1a: Zamazenta\n|-crit|p1a: Zamazenta\n|-damage|p1a: Zamazenta|1\/100\n|-resisted|p1a: Zamazenta\n|-damage|p1a: Zamazenta|0 fnt\n|faint|p1a: Zamazenta\n|-hitcount|p1: Zamazenta|3\n|-unboost|p2a: Dragonite|def|1\n|-boost|p2a: Dragonite|spe|1\n|\n|upkeep\n|\n|t:|1700273807\n|switch|p1a: Sneasler|Sneasler, F|10\/100\n|turn|15\n|\n|t:|1700273811\n|move|p2a: Dragonite|Scale Shot|p1a: Sneasler\n|-damage|p1a: Sneasler|0 fnt\n|faint|p1a: Sneasler\n|-hitcount|p1: Sneasler|1\n|-unboost|p2a: Dragonite|def|1\n|-boost|p2a: Dragonite|spe|1\n|\n|upkeep\n|\n|t:|1700273816\n|switch|p1a: Maushold|Maushold|100\/100\n|turn|16\n|\n|t:|1700273820\n|move|p2a: Dragonite|Scale Shot|p1a: Maushold\n|-crit|p1a: Maushold\n|-damage|p1a: Maushold|43\/100\n|-damage|p1a: Maushold|9\/100\n|-damage|p1a: Maushold|0 fnt\n|faint|p1a: Maushold\n|-hitcount|p1: Maushold|3\n|-unboost|p2a: Dragonite|def|1\n|\n|-fieldend|move: Psychic Terrain\n|upkeep\n|\n|t:|1700273823\n|switch|p1a: Polteageist|Polteageist-Antique|100\/100\n|turn|17\n|\n|t:|1700273825\n|move|p2a: Dragonite|Scale Shot|p1a: Polteageist\n|-damage|p1a: Polteageist|63\/100\n|-ability|p1a: Polteageist|Weak Armor|boost\n|-unboost|p1a: Polteageist|def|1\n|-boost|p1a: Polteageist|spe|2\n|-damage|p1a: Polteageist|2\/100\n|-ability|p1a: Polteageist|Weak Armor|boost\n|-unboost|p1a: Polteageist|def|1\n|-boost|p1a: Polteageist|spe|2\n|-damage|p1a: Polteageist|0 fnt\n|faint|p1a: Polteageist\n|-hitcount|p1: Polteageist|3\n|\n|upkeep\n|-message|twincell forfeited.\n|\n|win|Plplk\n|n|\u2606twincell|twincell\n|n|\u2606Plplk|plplk\n","uploadtime":1700273830,"views":18,"p1id":"twincell","p2id":"plplk","formatid":"gen9ou","rating":0,"private":0,"password":""}