{"id":"gen9ou-1990176908","p1":"SDK04","p2":"alfonsogutie","format":"[Gen 9] OU","log":"|j|\u2606SDK04\n|j|\u2606alfonsogutie\n|inactive|Battle timer is ON: inactive players will automatically lose when time's up.\n|t:|1699933258\n|gametype|singles\n|player|p1|SDK04|unknown|\n|player|p2|alfonsogutie|101|\n|teamsize|p1|6\n|teamsize|p2|6\n|gen|9\n|tier|[Gen 9] OU\n|rated|Tournament battle\n|rule|Sleep Clause Mod: Limit one foe put to sleep\n|rule|Species Clause: Limit one of each Pok\u00e9mon\n|rule|OHKO Clause: OHKO moves are banned\n|rule|Evasion Items Clause: Evasion items are banned\n|rule|Evasion Moves Clause: Evasion moves are banned\n|rule|Endless Battle Clause: Forcing endless battles is banned\n|rule|HP Percentage Mod: HP is shown in percentages\n|clearpoke\n|poke|p1|Pelipper, F|\n|poke|p1|Azumarill, M|\n|poke|p1|Palkia-Origin|\n|poke|p1|Arceus-Ice|\n|poke|p1|Palafin, M|\n|poke|p1|Magearna|\n|poke|p2|Magearna|\n|poke|p2|Ursaluna, F|\n|poke|p2|Dialga|\n|poke|p2|Hoopa-Unbound|\n|poke|p2|Cinderace, F|\n|poke|p2|Cresselia, F|\n|teampreview\n|j| Mitsuakii\n|j| awkieo\n|c| Mitsuakii|sdk04 i see you online on ou a lot\n|j| bbleed\n|c| Mitsuakii|are you good?\n|l| bbleed\n|inactive|alfonsogutie has 120 seconds left.\n|\n|t:|1699933296\n|start\n|switch|p1a: Mirko|Azumarill, M, shiny|100\/100\n|switch|p2a: Magearna|Magearna|100\/100\n|turn|1\n|c|\u2606SDK04|Yeah, I\u2019m fine\n|c|\u2606SDK04|Kinda lonely tbh, but fine.\n|\n|t:|1699933313\n|move|p1a: Mirko|Belly Drum|p1a: Mirko\n|-damage|p1a: Mirko|51\/100\n|-setboost|p1a: Mirko|atk|6|[from] move: Belly Drum\n|move|p2a: Magearna|Trick Room|p2a: Magearna\n|-fieldstart|move: Trick Room|[of] p2a: Magearna\n|\n|upkeep\n|turn|2\n|c|\u2606alfonsogutie|no entiendo\n|\n|t:|1699933321\n|move|p2a: Magearna|Volt Switch|p1a: Mirko\n|-supereffective|p1a: Mirko\n|-damage|p1a: Mirko|2\/100\n|-enditem|p1a: Mirko|Sitrus Berry|[eat]\n|-heal|p1a: Mirko|26\/100|[from] item: Sitrus Berry\n|\n|t:|1699933337\n|switch|p2a: Cresselia|Cresselia, F|100\/100|[from] Volt Switch\n|move|p1a: Mirko|Liquidation|p2a: Cresselia\n|-damage|p2a: Cresselia|0 fnt\n|faint|p2a: Cresselia\n|\n|upkeep\n|j| bbleed\n|\n|t:|1699933345\n|switch|p2a: Magearna|Magearna|100\/100\n|turn|3\n|c| Mitsuakii|damn ok\n|\n|t:|1699933348\n|move|p1a: Mirko|Aqua Jet|p2a: Magearna\n|-damage|p2a: Magearna|34\/100\n|move|p2a: Magearna|Volt Switch|p1a: Mirko\n|-supereffective|p1a: Mirko\n|-damage|p1a: Mirko|0 fnt\n|faint|p1a: Mirko\n|-ability|p2a: Magearna|Soul-Heart|boost\n|-boost|p2a: Magearna|spa|1\n|\n|t:|1699933370\n|switch|p2a: Ursaluna|Ursaluna, F|100\/100|[from] Volt Switch\n|\n|-status|p2a: Ursaluna|brn|[from] item: Flame Orb\n|upkeep\n|j| dropingadraco2\n|\n|t:|1699933378\n|switch|p1a: the rain setter|Pelipper, F|100\/100\n|-weather|RainDance|[from] ability: Drizzle|[of] p1a: the rain setter\n|turn|4\n|l| bbleed\n|\n|t:|1699933391\n|-terastallize|p2a: Ursaluna|Normal\n|move|p2a: Ursaluna|Substitute|p2a: Ursaluna\n|-start|p2a: Ursaluna|Substitute\n|-damage|p2a: Ursaluna|76\/100 brn\n|move|p1a: the rain setter|Hurricane|p2a: Ursaluna\n|-end|p2a: Ursaluna|Substitute\n|\n|-weather|RainDance|[upkeep]\n|-damage|p2a: Ursaluna|70\/100 brn|[from] brn\n|upkeep\n|turn|5\n|\n|t:|1699933401\n|move|p2a: Ursaluna|Facade|p1a: the rain setter\n|-damage|p1a: the rain setter|0 fnt\n|faint|p1a: the rain setter\n|\n|-weather|RainDance|[upkeep]\n|-damage|p2a: Ursaluna|64\/100 brn|[from] brn\n|-fieldend|move: Trick Room\n|upkeep\n|\n|t:|1699933403\n|switch|p1a: All Might|Palafin, M|100\/100\n|turn|6\n|\n|t:|1699933412\n|detailschange|p1a: All Might|Palafin-Hero, M\n|switch|p1a: abomination|Palkia-Origin|100\/100\n|-ability|p1a: abomination|Pressure\n|move|p2a: Ursaluna|Facade|p1a: abomination\n|-damage|p1a: abomination|0 fnt\n|faint|p1a: abomination\n|\n|-weather|RainDance|[upkeep]\n|-damage|p2a: Ursaluna|58\/100 brn|[from] brn\n|upkeep\n|\n|t:|1699933416\n|switch|p1a: All Might|Palafin-Hero, M|100\/100\n|-activate|p1a: All Might|ability: Zero to Hero\n|turn|7\n|j| Rekless_Zombie\n|\n|t:|1699933427\n|move|p1a: All Might|Waterfall|p2a: Ursaluna\n|-damage|p2a: Ursaluna|7\/100 brn\n|move|p2a: Ursaluna|Facade|p1a: All Might\n|-damage|p1a: All Might|0 fnt\n|faint|p1a: All Might\n|\n|-weather|RainDance|[upkeep]\n|-damage|p2a: Ursaluna|1\/100 brn|[from] brn\n|upkeep\n|\n|t:|1699933432\n|switch|p1a: God.|Arceus-Ice|100\/100\n|turn|8\n|\n|t:|1699933438\n|move|p1a: God.|Judgment|p2a: Ursaluna\n|-damage|p2a: Ursaluna|0 fnt\n|faint|p2a: Ursaluna\n|\n|-weather|RainDance|[upkeep]\n|upkeep\n|c| Mitsuakii|oof\n|\n|t:|1699933446\n|switch|p2a: Dialga|Dialga|100\/100\n|-ability|p2a: Dialga|Pressure\n|turn|9\n|\n|t:|1699933452\n|move|p1a: God.|Calm Mind|p1a: God.\n|-boost|p1a: God.|spa|1\n|-boost|p1a: God.|spd|1\n|move|p2a: Dialga|Trick Room|p2a: Dialga\n|-fieldstart|move: Trick Room|[of] p2a: Dialga\n|\n|-weather|RainDance|[upkeep]\n|upkeep\n|turn|10\n|l| dropingadraco2\n|l| Rekless_Zombie\n|j| yomaalt\n|\n|t:|1699933483\n|move|p2a: Dialga|Flash Cannon|p1a: God.\n|-supereffective|p1a: God.\n|-damage|p1a: God.|52\/100\n|move|p1a: God.|Judgment|p2a: Dialga\n|-damage|p2a: Dialga|33\/100\n|\n|-weather|RainDance|[upkeep]\n|upkeep\n|turn|11\n|\n|t:|1699933493\n|move|p2a: Dialga|Flash Cannon|p1a: God.\n|-supereffective|p1a: God.\n|-damage|p1a: God.|0 fnt\n|faint|p1a: God.\n|\n|-weather|none\n|upkeep\n|\n|t:|1699933498\n|switch|p1a: Cheez Wiz|Magearna|100\/100\n|turn|12\n|\n|t:|1699933505\n|move|p2a: Dialga|Earth Power|p1a: Cheez Wiz\n|-supereffective|p1a: Cheez Wiz\n|-damage|p1a: Cheez Wiz|30\/100\n|move|p1a: Cheez Wiz|Shift Gear|p1a: Cheez Wiz\n|-boost|p1a: Cheez Wiz|spe|2\n|-boost|p1a: Cheez Wiz|atk|1\n|\n|-heal|p1a: Cheez Wiz|36\/100|[from] item: Leftovers\n|upkeep\n|turn|13\n|\n|t:|1699933513\n|-terastallize|p1a: Cheez Wiz|Water\n|move|p2a: Dialga|Earth Power|p1a: Cheez Wiz\n|-crit|p1a: Cheez Wiz\n|-damage|p1a: Cheez Wiz|0 fnt\n|faint|p1a: Cheez Wiz\n|\n|win|alfonsogutie\n|n|\u2606SDK04|sdk04\n|n|\u2606alfonsogutie|alfonsogutie\n|n| Mitsuakii|mitsuakii\n|n| awkieo|awkieo\n|n| yomaalt|yomaalt\n|c|\u2606SDK04|gg\n|c|\u2606SDK04|wp\n","uploadtime":1699933520,"views":12,"p1id":"sdk04","p2id":"alfonsogutie","formatid":"gen9ou","rating":0,"private":0,"password":""}