{"id":"gen9ou-1997125003","p1":"Carbolo","p2":"LittleCoaks","format":"[Gen 9] OU","log":"|j|\u2606Carbolo\n|j|\u2606LittleCoaks\n|t:|1700767019\n|gametype|singles\n|player|p1|Carbolo|tate|1242\n|player|p2|LittleCoaks|unknown|1293\n|teamsize|p1|6\n|teamsize|p2|6\n|gen|9\n|tier|[Gen 9] OU\n|rated|\n|rule|Sleep Clause Mod: Limit one foe put to sleep\n|rule|Species Clause: Limit one of each Pok\u00e9mon\n|rule|OHKO Clause: OHKO moves are banned\n|rule|Evasion Items Clause: Evasion items are banned\n|rule|Evasion Moves Clause: Evasion moves are banned\n|rule|Endless Battle Clause: Forcing endless battles is banned\n|rule|HP Percentage Mod: HP is shown in percentages\n|clearpoke\n|poke|p1|Dragapult, F|\n|poke|p1|Salamence, M|\n|poke|p1|Iron Moth|\n|poke|p1|Great Tusk|\n|poke|p1|Meowscarada, F|\n|poke|p1|Iron Valiant|\n|poke|p2|Ting-Lu|\n|poke|p2|Garganacl, F|\n|poke|p2|Gholdengo|\n|poke|p2|Zamazenta-*|\n|poke|p2|Slowking-Galar, F|\n|poke|p2|Walking Wake|\n|teampreview\n|inactive|Battle timer is ON: inactive players will automatically lose when time's up. (requested by LittleCoaks)\n|\n|t:|1700767032\n|start\n|switch|p1a: Meowscarada|Meowscarada, F|100\/100\n|switch|p2a: Mr. Johnson|Zamazenta|100\/100\n|-ability|p2a: Mr. Johnson|Dauntless Shield|boost\n|-boost|p2a: Mr. Johnson|def|1\n|turn|1\n|\n|t:|1700767044\n|move|p2a: Mr. Johnson|Heavy Slam|p1a: Meowscarada\n|-damage|p1a: Meowscarada|4\/100\n|move|p1a: Meowscarada|Flower Trick|p2a: Mr. Johnson\n|-start|p1a: Meowscarada|typechange|Grass|[from] ability: Protean\n|-crit|p2a: Mr. Johnson\n|-damage|p2a: Mr. Johnson|33\/100\n|\n|upkeep\n|turn|2\n|\n|t:|1700767062\n|switch|p1a: Dragapult|Dragapult, F|100\/100\n|move|p2a: Mr. Johnson|Heavy Slam|p1a: Dragapult\n|-damage|p1a: Dragapult|28\/100\n|\n|-heal|p1a: Dragapult|34\/100|[from] item: Leftovers\n|upkeep\n|turn|3\n|\n|t:|1700767075\n|switch|p2a: Ting-Luisson|Ting-Lu|100\/100\n|-ability|p2a: Ting-Luisson|Vessel of Ruin\n|move|p1a: Dragapult|Dragon Darts|p2a: Ting-Luisson\n|-damage|p2a: Ting-Luisson|88\/100\n|-anim|p1a: Dragapult|Dragon Darts|p2a: Ting-Luisson\n|-damage|p2a: Ting-Luisson|74\/100\n|\n|-heal|p1a: Dragapult|40\/100|[from] item: Leftovers\n|-heal|p2a: Ting-Luisson|80\/100|[from] item: Leftovers\n|upkeep\n|turn|4\n|\n|t:|1700767094\n|move|p1a: Dragapult|Dragon Darts|p2a: Ting-Luisson\n|-crit|p2a: Ting-Luisson\n|-damage|p2a: Ting-Luisson|58\/100\n|-anim|p1a: Dragapult|Dragon Darts|p2a: Ting-Luisson\n|-damage|p2a: Ting-Luisson|44\/100\n|move|p2a: Ting-Luisson|Spikes|p1a: Dragapult\n|-sidestart|p1: Carbolo|Spikes\n|\n|-heal|p1a: Dragapult|46\/100|[from] item: Leftovers\n|-heal|p2a: Ting-Luisson|50\/100|[from] item: Leftovers\n|upkeep\n|turn|5\n|\n|t:|1700767107\n|switch|p2a: The Boss|Garganacl, F|100\/100\n|move|p1a: Dragapult|Dragon Darts|p2a: The Boss\n|-damage|p2a: The Boss|86\/100\n|-anim|p1a: Dragapult|Dragon Darts|p2a: The Boss\n|-damage|p2a: The Boss|73\/100\n|\n|-heal|p1a: Dragapult|52\/100|[from] item: Leftovers\n|-heal|p2a: The Boss|79\/100|[from] item: Leftovers\n|upkeep\n|turn|6\n|\n|t:|1700767119\n|switch|p1a: Great Tusk|Great Tusk|100\/100\n|-damage|p1a: Great Tusk|88\/100|[from] Spikes\n|move|p2a: The Boss|Salt Cure|p1a: Great Tusk\n|-resisted|p1a: Great Tusk\n|-damage|p1a: Great Tusk|86\/100\n|-start|p1a: Great Tusk|Salt Cure\n|\n|-heal|p2a: The Boss|85\/100|[from] item: Leftovers\n|-damage|p1a: Great Tusk|73\/100|[from] Salt Cure\n|upkeep\n|turn|7\n|\n|t:|1700767130\n|switch|p2a: Davy Gold\u2019s Locker|Gholdengo|100\/100\n|move|p1a: Great Tusk|Knock Off|p2a: Davy Gold\u2019s Locker\n|-supereffective|p2a: Davy Gold\u2019s Locker\n|-damage|p2a: Davy Gold\u2019s Locker|53\/100\n|-enditem|p2a: Davy Gold\u2019s Locker|Leftovers|[from] move: Knock Off|[of] p1a: Great Tusk\n|\n|-damage|p1a: Great Tusk|61\/100|[from] Salt Cure\n|upkeep\n|turn|8\n|\n|t:|1700767144\n|switch|p2a: Broseph Jones|Walking Wake|100\/100\n|move|p1a: Great Tusk|Headlong Rush|p2a: Broseph Jones\n|-damage|p2a: Broseph Jones|38\/100\n|-unboost|p1a: Great Tusk|def|1\n|-unboost|p1a: Great Tusk|spd|1\n|\n|-damage|p1a: Great Tusk|49\/100|[from] Salt Cure\n|upkeep\n|turn|9\n|\n|t:|1700767164\n|-end|p1a: Great Tusk|Protosynthesis|[silent]\n|switch|p1a: Dragapult|Dragapult, F|52\/100\n|-damage|p1a: Dragapult|39\/100|[from] Spikes\n|move|p2a: Broseph Jones|Hydro Steam|p1a: Dragapult\n|-resisted|p1a: Dragapult\n|-damage|p1a: Dragapult|0 fnt\n|faint|p1a: Dragapult\n|\n|upkeep\n|\n|t:|1700767175\n|switch|p1a: Salamence|Salamence, M|100\/100\n|turn|10\n|\n|t:|1700767179\n|-end|p2a: Broseph Jones|Protosynthesis|[silent]\n|switch|p2a: Glowking|Slowking-Galar, F|100\/100\n|move|p1a: Salamence|Earthquake|p2a: Glowking\n|-supereffective|p2a: Glowking\n|-crit|p2a: Glowking\n|-damage|p2a: Glowking|14\/100\n|\n|upkeep\n|turn|11\n|\n|t:|1700767201\n|move|p1a: Salamence|Earthquake|p2a: Glowking\n|-supereffective|p2a: Glowking\n|-damage|p2a: Glowking|0 fnt\n|faint|p2a: Glowking\n|-ability|p1a: Salamence|Moxie|boost\n|-boost|p1a: Salamence|atk|1\n|\n|upkeep\n|\n|t:|1700767204\n|switch|p2a: Mr. Johnson|Zamazenta|33\/100\n|turn|12\n|\n|t:|1700767210\n|move|p1a: Salamence|Earthquake|p2a: Mr. Johnson\n|-damage|p2a: Mr. Johnson|0 fnt\n|faint|p2a: Mr. Johnson\n|-ability|p1a: Salamence|Moxie|boost\n|-boost|p1a: Salamence|atk|1\n|\n|upkeep\n|\n|t:|1700767214\n|switch|p2a: Davy Gold\u2019s Locker|Gholdengo|53\/100\n|turn|13\n|\n|t:|1700767218\n|-terastallize|p2a: Davy Gold\u2019s Locker|Flying\n|move|p1a: Salamence|Earthquake|p2a: Davy Gold\u2019s Locker\n|-immune|p2a: Davy Gold\u2019s Locker\n|move|p2a: Davy Gold\u2019s Locker|Recover|p2a: Davy Gold\u2019s Locker\n|-heal|p2a: Davy Gold\u2019s Locker|100\/100\n|\n|upkeep\n|turn|14\n|\n|t:|1700767231\n|switch|p1a: Iron Moth|Iron Moth|100\/100\n|-damage|p1a: Iron Moth|88\/100|[from] Spikes\n|move|p2a: Davy Gold\u2019s Locker|Thunder Wave|p1a: Iron Moth\n|-status|p1a: Iron Moth|par\n|\n|upkeep\n|turn|15\n|\n|t:|1700767241\n|move|p1a: Iron Moth|Sludge Wave|p2a: Davy Gold\u2019s Locker\n|-damage|p2a: Davy Gold\u2019s Locker|47\/100\n|move|p2a: Davy Gold\u2019s Locker|Nasty Plot|p2a: Davy Gold\u2019s Locker\n|-boost|p2a: Davy Gold\u2019s Locker|spa|2\n|\n|upkeep\n|turn|16\n|\n|t:|1700767258\n|cant|p1a: Iron Moth|par\n|move|p2a: Davy Gold\u2019s Locker|Hex|p1a: Iron Moth\n|-damage|p1a: Iron Moth|0 fnt\n|faint|p1a: Iron Moth\n|-end|p1a: Iron Moth|Quark Drive|[silent]\n|\n|upkeep\n|\n|t:|1700767269\n|switch|p1a: Great Tusk|Great Tusk|49\/100\n|-damage|p1a: Great Tusk|36\/100|[from] Spikes\n|turn|17\n|\n|t:|1700767274\n|move|p1a: Great Tusk|Rapid Spin|p2a: Davy Gold\u2019s Locker\n|-damage|p2a: Davy Gold\u2019s Locker|36\/100\n|-boost|p1a: Great Tusk|spe|1\n|-sideend|p1: Carbolo|Spikes|[from] move: Rapid Spin|[of] p1a: Great Tusk\n|move|p2a: Davy Gold\u2019s Locker|Recover|p2a: Davy Gold\u2019s Locker\n|-heal|p2a: Davy Gold\u2019s Locker|86\/100\n|\n|upkeep\n|turn|18\n|\n|t:|1700767284\n|move|p1a: Great Tusk|Close Combat|p2a: Davy Gold\u2019s Locker\n|-resisted|p2a: Davy Gold\u2019s Locker\n|-damage|p2a: Davy Gold\u2019s Locker|64\/100\n|-unboost|p1a: Great Tusk|def|1\n|-unboost|p1a: Great Tusk|spd|1\n|move|p2a: Davy Gold\u2019s Locker|Hex|p1a: Great Tusk\n|-damage|p1a: Great Tusk|0 fnt\n|faint|p1a: Great Tusk\n|-end|p1a: Great Tusk|Protosynthesis|[silent]\n|\n|upkeep\n|\n|t:|1700767296\n|switch|p1a: Salamence|Salamence, M|100\/100\n|turn|19\n|\n|t:|1700767306\n|move|p1a: Salamence|Outrage|p2a: Davy Gold\u2019s Locker\n|-damage|p2a: Davy Gold\u2019s Locker|18\/100\n|move|p2a: Davy Gold\u2019s Locker|Thunder Wave|p1a: Salamence\n|-status|p1a: Salamence|par\n|\n|upkeep\n|turn|20\n|\n|t:|1700767326\n|move|p1a: Salamence|Outrage|p2a: Davy Gold\u2019s Locker|[from]lockedmove\n|-damage|p2a: Davy Gold\u2019s Locker|0 fnt\n|faint|p2a: Davy Gold\u2019s Locker\n|-ability|p1a: Salamence|Moxie|boost\n|-boost|p1a: Salamence|atk|1\n|\n|upkeep\n|\n|t:|1700767334\n|switch|p2a: The Boss|Garganacl, F|85\/100\n|turn|21\n|\n|t:|1700767338\n|cant|p1a: Salamence|par\n|move|p2a: The Boss|Salt Cure|p1a: Salamence\n|-supereffective|p1a: Salamence\n|-crit|p1a: Salamence\n|-damage|p1a: Salamence|53\/100 par\n|-start|p1a: Salamence|Salt Cure\n|\n|-heal|p2a: The Boss|91\/100|[from] item: Leftovers\n|-damage|p1a: Salamence|41\/100 par|[from] Salt Cure\n|-start|p1a: Salamence|confusion|[fatigue]\n|upkeep\n|turn|22\n|\n|t:|1700767349\n|-activate|p1a: Salamence|confusion\n|-damage|p1a: Salamence|11\/100 par|[from] confusion\n|move|p2a: The Boss|Curse|p2a: The Boss\n|-unboost|p2a: The Boss|spe|1\n|-boost|p2a: The Boss|atk|1\n|-boost|p2a: The Boss|def|1\n|\n|-heal|p2a: The Boss|98\/100|[from] item: Leftovers\n|-damage|p1a: Salamence|0 fnt|[from] Salt Cure\n|faint|p1a: Salamence\n|upkeep\n|\n|t:|1700767363\n|switch|p1a: Meowscarada|Meowscarada, F|4\/100\n|turn|23\n|inactive|LittleCoaks has 120 seconds left.\n|\n|t:|1700767405\n|-terastallize|p1a: Meowscarada|Grass\n|move|p1a: Meowscarada|Flower Trick|p2a: The Boss\n|-supereffective|p2a: The Boss\n|-crit|p2a: The Boss\n|-damage|p2a: The Boss|0 fnt\n|faint|p2a: The Boss\n|\n|upkeep\n|\n|t:|1700767413\n|switch|p2a: Ting-Luisson|Ting-Lu|50\/100\n|-ability|p2a: Ting-Luisson|Vessel of Ruin\n|turn|24\n|\n|t:|1700767418\n|move|p1a: Meowscarada|Flower Trick|p2a: Ting-Luisson\n|-supereffective|p2a: Ting-Luisson\n|-crit|p2a: Ting-Luisson\n|-damage|p2a: Ting-Luisson|0 fnt\n|faint|p2a: Ting-Luisson\n|\n|upkeep\n|\n|t:|1700767421\n|switch|p2a: Broseph Jones|Walking Wake|38\/100\n|turn|25\n|\n|t:|1700767426\n|move|p1a: Meowscarada|Flower Trick|p2a: Broseph Jones\n|-crit|p2a: Broseph Jones\n|-damage|p2a: Broseph Jones|0 fnt\n|faint|p2a: Broseph Jones\n|-end|p2a: Broseph Jones|Protosynthesis|[silent]\n|\n|win|Carbolo\n|raw|Carbolo's rating: 1242 &rarr; <strong>1271<\/strong><br \/>(+29 for winning)\n|raw|LittleCoaks's rating: 1293 &rarr; <strong>1264<\/strong><br \/>(-29 for losing)\n|l|\u2606LittleCoaks\n","uploadtime":1700767657,"views":15,"p1id":"carbolo","p2id":"littlecoaks","formatid":"gen9ou","rating":1264,"private":0,"password":""}