{"id":"gen9ou-1996795233","p1":"Rekka's Tails","p2":"BigJerm2002","format":"[Gen 9] OU","log":"|j|\u2606Rekka's Tails\n|j|\u2606BigJerm2002\n|t:|1700726563\n|gametype|singles\n|player|p1|Rekka's Tails|lady-gen4|1121\n|player|p2|BigJerm2002|alder|1073\n|teamsize|p1|6\n|teamsize|p2|6\n|gen|9\n|tier|[Gen 9] OU\n|rated|\n|rule|Sleep Clause Mod: Limit one foe put to sleep\n|rule|Species Clause: Limit one of each Pok\u00e9mon\n|rule|OHKO Clause: OHKO moves are banned\n|rule|Evasion Items Clause: Evasion items are banned\n|rule|Evasion Moves Clause: Evasion moves are banned\n|rule|Endless Battle Clause: Forcing endless battles is banned\n|rule|HP Percentage Mod: HP is shown in percentages\n|clearpoke\n|poke|p1|Maushold-Four|\n|poke|p1|Amoonguss, M|\n|poke|p1|Scizor, M|\n|poke|p1|Weavile, F|\n|poke|p1|Inteleon, M|\n|poke|p1|Kleavor, F|\n|poke|p2|Decidueye-Hisui, M|\n|poke|p2|Gholdengo|\n|poke|p2|Landorus-Therian, M|\n|poke|p2|Arcanine-Hisui, M|\n|poke|p2|Hoopa-Unbound|\n|poke|p2|Walking Wake|\n|teampreview\n|\n|t:|1700726568\n|start\n|switch|p1a: Inteleon|Inteleon, M|100\/100\n|switch|p2a: Decidueye|Decidueye-Hisui, M|100\/100\n|turn|1\n|\n|t:|1700726580\n|switch|p1a: Kleavor|Kleavor, F|100\/100\n|move|p2a: Decidueye|Dual Wingbeat|p1a: Kleavor\n|-damage|p1a: Kleavor|83\/100\n|-damage|p1a: Kleavor|66\/100\n|-hitcount|p1a: Kleavor|2\n|\n|upkeep\n|turn|2\n|inactive|Battle timer is ON: inactive players will automatically lose when time's up. (requested by BigJerm2002)\n|\n|t:|1700726589\n|move|p1a: Kleavor|Stone Axe|p2a: Decidueye\n|-resisted|p2a: Decidueye\n|-damage|p2a: Decidueye|69\/100\n|-sidestart|p2: BigJerm2002|move: Stealth Rock\n|move|p2a: Decidueye|Dual Wingbeat|p1a: Kleavor\n|-damage|p1a: Kleavor|49\/100\n|-damage|p1a: Kleavor|30\/100\n|-hitcount|p1a: Kleavor|2\n|\n|upkeep\n|turn|3\n|\n|t:|1700726598\n|switch|p1a: Scizor|Scizor, M|100\/100\n|move|p2a: Decidueye|Dual Wingbeat|p1a: Scizor\n|-damage|p1a: Scizor|86\/100\n|-damage|p1a: Scizor|72\/100\n|-hitcount|p1a: Scizor|2\n|\n|upkeep\n|turn|4\n|\n|t:|1700726606\n|move|p2a: Decidueye|Dual Wingbeat|p1a: Scizor\n|-damage|p1a: Scizor|59\/100\n|-damage|p1a: Scizor|46\/100\n|-hitcount|p1a: Scizor|2\n|move|p1a: Scizor|Dual Wingbeat|p2a: Decidueye\n|-supereffective|p2a: Decidueye\n|-damage|p2a: Decidueye|0 fnt\n|faint|p2a: Decidueye\n|-hitcount|p2: Decidueye|1\n|\n|upkeep\n|\n|t:|1700726622\n|switch|p2a: Arcanine|Arcanine-Hisui, M, shiny|100\/100\n|-damage|p2a: Arcanine|75\/100|[from] Stealth Rock\n|turn|5\n|\n|t:|1700726635\n|switch|p1a: Kleavor|Kleavor, F|30\/100\n|-terastallize|p2a: Arcanine|Electric\n|move|p2a: Arcanine|Wild Charge|p1a: Kleavor\n|-damage|p1a: Kleavor|0 fnt\n|faint|p1a: Kleavor\n|\n|upkeep\n|\n|t:|1700726648\n|switch|p1a: Scizor|Scizor, M|46\/100\n|turn|6\n|\n|t:|1700726651\n|move|p1a: Scizor|Bullet Punch|p2a: Arcanine\n|-resisted|p2a: Arcanine\n|-damage|p2a: Arcanine|44\/100\n|move|p2a: Arcanine|Wild Charge|p1a: Scizor\n|-damage|p1a: Scizor|5\/100\n|\n|upkeep\n|turn|7\n|\n|t:|1700726659\n|move|p1a: Scizor|Bullet Punch|p2a: Arcanine\n|-resisted|p2a: Arcanine\n|-damage|p2a: Arcanine|14\/100\n|move|p2a: Arcanine|Wild Charge|p1a: Scizor\n|-damage|p1a: Scizor|0 fnt\n|faint|p1a: Scizor\n|\n|upkeep\n|\n|t:|1700726665\n|switch|p1a: Inteleon|Inteleon, M|100\/100\n|turn|8\n|\n|t:|1700726669\n|move|p2a: Arcanine|Wild Charge|p1a: Inteleon\n|-supereffective|p1a: Inteleon\n|-damage|p1a: Inteleon|0 fnt\n|faint|p1a: Inteleon\n|\n|upkeep\n|\n|t:|1700726672\n|switch|p1a: Weavile|Weavile, F|100\/100\n|-ability|p1a: Weavile|Pressure\n|turn|9\n|\n|t:|1700726678\n|move|p1a: Weavile|Ice Shard|p2a: Arcanine\n|-damage|p2a: Arcanine|0 fnt\n|faint|p2a: Arcanine\n|-damage|p1a: Weavile|91\/100|[from] item: Life Orb\n|\n|upkeep\n|\n|t:|1700726685\n|switch|p2a: Gholdengo|Gholdengo|100\/100\n|-damage|p2a: Gholdengo|94\/100|[from] Stealth Rock\n|turn|10\n|\n|t:|1700726694\n|-terastallize|p1a: Weavile|Fairy\n|move|p1a: Weavile|Swords Dance|p1a: Weavile\n|-boost|p1a: Weavile|atk|2\n|move|p2a: Gholdengo|Make It Rain|p1a: Weavile\n|-supereffective|p1a: Weavile\n|-damage|p1a: Weavile|0 fnt\n|-unboost|p2a: Gholdengo|spa|1\n|faint|p1a: Weavile\n|\n|upkeep\n|\n|t:|1700726701\n|switch|p1a: Amoonguss|Amoonguss, M, shiny|100\/100\n|turn|11\n|\n|t:|1700726709\n|move|p2a: Gholdengo|Make It Rain|p1a: Amoonguss\n|-damage|p1a: Amoonguss|35\/100\n|-unboost|p2a: Gholdengo|spa|1\n|-enditem|p1a: Amoonguss|Red Card|[of] p2a: Gholdengo\n|drag|p2a: Walking Wake|Walking Wake|100\/100\n|-damage|p2a: Walking Wake|88\/100|[from] Stealth Rock\n|-enditem|p2a: Walking Wake|Booster Energy\n|-activate|p2a: Walking Wake|ability: Protosynthesis|[fromitem]\n|-start|p2a: Walking Wake|protosynthesisspa\n|move|p1a: Amoonguss|Foul Play|p2a: Walking Wake\n|-damage|p2a: Walking Wake|75\/100\n|\n|upkeep\n|turn|12\n|\n|t:|1700726725\n|move|p2a: Walking Wake|Flamethrower|p1a: Amoonguss\n|-supereffective|p1a: Amoonguss\n|-damage|p1a: Amoonguss|0 fnt\n|faint|p1a: Amoonguss\n|\n|upkeep\n|\n|t:|1700726731\n|switch|p1a: Maushold|Maushold-Four|100\/100\n|turn|13\n|\n|t:|1700726737\n|move|p1a: Maushold|Population Bomb|p2a: Walking Wake\n|-damage|p2a: Walking Wake|64\/100\n|-damage|p2a: Walking Wake|53\/100\n|-damage|p2a: Walking Wake|42\/100\n|-crit|p2a: Walking Wake\n|-damage|p2a: Walking Wake|25\/100\n|-damage|p2a: Walking Wake|13\/100\n|-damage|p2a: Walking Wake|2\/100\n|-damage|p2a: Walking Wake|0 fnt\n|faint|p2a: Walking Wake\n|-end|p2a: Walking Wake|Protosynthesis|[silent]\n|-hitcount|p2: Walking Wake|7\n|\n|upkeep\n|\n|t:|1700726750\n|switch|p2a: Gholdengo|Gholdengo|94\/100\n|-damage|p2a: Gholdengo|88\/100|[from] Stealth Rock\n|turn|14\n|\n|t:|1700726755\n|move|p1a: Maushold|Bite|p2a: Gholdengo\n|-supereffective|p2a: Gholdengo\n|-damage|p2a: Gholdengo|42\/100\n|cant|p2a: Gholdengo|flinch\n|\n|upkeep\n|turn|15\n|\n|t:|1700726763\n|move|p1a: Maushold|Bite|p2a: Gholdengo\n|-supereffective|p2a: Gholdengo\n|-damage|p2a: Gholdengo|0 fnt\n|faint|p2a: Gholdengo\n|\n|upkeep\n|\n|t:|1700726769\n|switch|p2a: Hoopa|Hoopa-Unbound|100\/100\n|-damage|p2a: Hoopa|88\/100|[from] Stealth Rock\n|turn|16\n|\n|t:|1700726776\n|move|p1a: Maushold|Population Bomb|p2a: Hoopa\n|-damage|p2a: Hoopa|75\/100\n|-damage|p2a: Hoopa|62\/100\n|-damage|p2a: Hoopa|49\/100\n|-damage|p2a: Hoopa|37\/100\n|-damage|p2a: Hoopa|25\/100\n|-crit|p2a: Hoopa\n|-damage|p2a: Hoopa|5\/100\n|-damage|p2a: Hoopa|0 fnt\n|faint|p2a: Hoopa\n|-hitcount|p2: Hoopa|7\n|\n|upkeep\n|\n|t:|1700726790\n|switch|p2a: Landorus|Landorus-Therian, M|100\/100\n|-damage|p2a: Landorus|88\/100|[from] Stealth Rock\n|-ability|p2a: Landorus|Intimidate|boost\n|-unboost|p1a: Maushold|atk|1\n|turn|17\n|\n|t:|1700726797\n|move|p1a: Maushold|Tidy Up|p1a: Maushold\n|-sideend|p2: BigJerm2002|Stealth Rock\n|-activate|p1a: Maushold|move: Tidy Up\n|-boost|p1a: Maushold|atk|1\n|-boost|p1a: Maushold|spe|1\n|move|p2a: Landorus|Earthquake|p1a: Maushold\n|-damage|p1a: Maushold|30\/100\n|\n|upkeep\n|turn|18\n|\n|t:|1700726806\n|move|p1a: Maushold|Population Bomb|p2a: Landorus\n|-damage|p2a: Landorus|79\/100\n|-damage|p2a: Landorus|68\/100\n|-damage|p2a: Landorus|58\/100\n|-damage|p2a: Landorus|48\/100\n|-damage|p2a: Landorus|37\/100\n|-damage|p2a: Landorus|28\/100\n|-damage|p2a: Landorus|18\/100\n|-damage|p2a: Landorus|8\/100\n|-damage|p2a: Landorus|0 fnt\n|faint|p2a: Landorus\n|-hitcount|p2: Landorus|9\n|\n|win|Rekka's Tails\n|raw|Rekka&apos;s Tails's rating: 1121 &rarr; <strong>1143<\/strong><br \/>(+22 for winning)\n|raw|BigJerm2002's rating: 1073 &rarr; <strong>1055<\/strong><br \/>(-18 for losing)\n","uploadtime":1700726812,"views":4,"p1id":"rekkastails","p2id":"bigjerm2002","formatid":"gen9ou","rating":1055,"private":0,"password":""}