{"id":"gen9ou-1996859161","p1":"jzhuc1841","p2":"eltodo13","format":"[Gen 9] OU","log":"|j|\u2606jzhuc1841\n|j|\u2606eltodo13\n|t:|1700736533\n|gametype|singles\n|player|p1|jzhuc1841|hilbert-wonderlauncher|1551\n|player|p2|eltodo13|265|1497\n|teamsize|p1|6\n|teamsize|p2|6\n|gen|9\n|tier|[Gen 9] OU\n|rated|\n|rule|Sleep Clause Mod: Limit one foe put to sleep\n|rule|Species Clause: Limit one of each Pok\u00e9mon\n|rule|OHKO Clause: OHKO moves are banned\n|rule|Evasion Items Clause: Evasion items are banned\n|rule|Evasion Moves Clause: Evasion moves are banned\n|rule|Endless Battle Clause: Forcing endless battles is banned\n|rule|HP Percentage Mod: HP is shown in percentages\n|clearpoke\n|poke|p1|Ogerpon-Wellspring, F|\n|poke|p1|Kingambit, M|\n|poke|p1|Iron Moth|\n|poke|p1|Iron Valiant|\n|poke|p1|Zamazenta-*|\n|poke|p1|Glimmora, M|\n|poke|p2|Ogerpon-Cornerstone, F|\n|poke|p2|Garchomp, F|\n|poke|p2|Kingambit, F|\n|poke|p2|Dragapult, M|\n|poke|p2|Gholdengo|\n|poke|p2|Dragonite, F|\n|teampreview\n|inactive|Battle timer is ON: inactive players will automatically lose when time's up. (requested by eltodo13)\n|\n|t:|1700736540\n|start\n|switch|p1a: Glimmora|Glimmora, M|100\/100\n|switch|p2a: Garchomp|Garchomp, F|100\/100\n|-item|p1a: Glimmora|Air Balloon\n|turn|1\n|\n|t:|1700736550\n|switch|p2a: Dragapult|Dragapult, M|100\/100\n|move|p1a: Glimmora|Stealth Rock|p2a: Dragapult\n|-sidestart|p2: eltodo13|move: Stealth Rock\n|\n|upkeep\n|turn|2\n|\n|t:|1700736556\n|move|p2a: Dragapult|Shadow Ball|p1a: Glimmora\n|-damage|p1a: Glimmora|32\/100\n|-enditem|p1a: Glimmora|Air Balloon\n|move|p1a: Glimmora|Mortal Spin|p2a: Dragapult\n|-resisted|p2a: Dragapult\n|-damage|p2a: Dragapult|96\/100\n|-status|p2a: Dragapult|psn\n|\n|-damage|p2a: Dragapult|84\/100 psn|[from] psn\n|upkeep\n|turn|3\n|\n|t:|1700736568\n|move|p2a: Dragapult|Shadow Ball|p1a: Glimmora\n|-damage|p1a: Glimmora|0 fnt\n|faint|p1a: Glimmora\n|\n|-damage|p2a: Dragapult|71\/100 psn|[from] psn\n|upkeep\n|\n|t:|1700736572\n|switch|p1a: Iron Valiant|Iron Valiant|100\/100\n|-enditem|p1a: Iron Valiant|Booster Energy\n|-activate|p1a: Iron Valiant|ability: Quark Drive|[fromitem]\n|-start|p1a: Iron Valiant|quarkdrivespe\n|turn|4\n|\n|t:|1700736585\n|move|p1a: Iron Valiant|Moonblast|p2a: Dragapult\n|-supereffective|p2a: Dragapult\n|-damage|p2a: Dragapult|0 fnt\n|faint|p2a: Dragapult\n|\n|upkeep\n|\n|t:|1700736590\n|switch|p2a: Gholdengo|Gholdengo|100\/100\n|turn|5\n|\n|t:|1700736597\n|-end|p1a: Iron Valiant|Quark Drive|[silent]\n|switch|p1a: Iron Moth|Iron Moth|100\/100\n|-enditem|p1a: Iron Moth|Booster Energy\n|-activate|p1a: Iron Moth|ability: Quark Drive|[fromitem]\n|-start|p1a: Iron Moth|quarkdrivespe\n|move|p2a: Gholdengo|Make It Rain|p1a: Iron Moth\n|-resisted|p1a: Iron Moth\n|-damage|p1a: Iron Moth|65\/100\n|-unboost|p2a: Gholdengo|spa|1\n|\n|upkeep\n|turn|6\n|\n|t:|1700736618\n|switch|p2a: Dragonite|Dragonite, F|100\/100\n|move|p1a: Iron Moth|Fiery Dance|p2a: Dragonite\n|-resisted|p2a: Dragonite\n|-damage|p2a: Dragonite|91\/100\n|-boost|p1a: Iron Moth|spa|1\n|\n|upkeep\n|turn|7\n|\n|t:|1700736625\n|move|p1a: Iron Moth|Sludge Wave|p2a: Dragonite\n|-damage|p2a: Dragonite|21\/100\n|move|p2a: Dragonite|Roost|p2a: Dragonite\n|-heal|p2a: Dragonite|71\/100\n|-singleturn|p2a: Dragonite|move: Roost\n|\n|upkeep\n|turn|8\n|\n|t:|1700736635\n|move|p1a: Iron Moth|Sludge Wave|p2a: Dragonite\n|-damage|p2a: Dragonite|0 fnt\n|faint|p2a: Dragonite\n|\n|upkeep\n|\n|t:|1700736640\n|switch|p2a: Garchomp|Garchomp, F|100\/100\n|-damage|p2a: Garchomp|94\/100|[from] Stealth Rock\n|turn|9\n|\n|t:|1700736646\n|move|p1a: Iron Moth|Energy Ball|p2a: Garchomp\n|-damage|p2a: Garchomp|48\/100\n|-unboost|p2a: Garchomp|spd|1\n|move|p2a: Garchomp|Earthquake|p1a: Iron Moth\n|-supereffective|p1a: Iron Moth\n|-damage|p1a: Iron Moth|0 fnt\n|faint|p1a: Iron Moth\n|-end|p1a: Iron Moth|Quark Drive|[silent]\n|\n|upkeep\n|\n|t:|1700736653\n|switch|p1a: Iron Valiant|Iron Valiant|100\/100\n|turn|10\n|\n|t:|1700736662\n|move|p1a: Iron Valiant|Moonblast|p2a: Garchomp\n|-supereffective|p2a: Garchomp\n|-crit|p2a: Garchomp\n|-damage|p2a: Garchomp|0 fnt\n|faint|p2a: Garchomp\n|\n|upkeep\n|\n|t:|1700736664\n|switch|p2a: Gholdengo|Gholdengo|100\/100\n|turn|11\n|\n|t:|1700736672\n|-end|p1a: Iron Valiant|Quark Drive|[silent]\n|switch|p1a: Ogerpon|Ogerpon-Wellspring, F|100\/100\n|move|p2a: Gholdengo|Nasty Plot|p2a: Gholdengo\n|-boost|p2a: Gholdengo|spa|2\n|\n|upkeep\n|turn|12\n|\n|t:|1700736681\n|-terastallize|p1a: Ogerpon|Water\n|detailschange|p1a: Ogerpon|Ogerpon-Wellspring-Tera, F, tera:Water\n|-ability|p1a: Ogerpon|Embody Aspect (Wellspring)|boost\n|-boost|p1a: Ogerpon|spd|1\n|-terastallize|p2a: Gholdengo|Water\n|move|p1a: Ogerpon|Ivy Cudgel|p2a: Gholdengo|[anim] Ivy Cudgel Water\n|-resisted|p2a: Gholdengo\n|-crit|p2a: Gholdengo\n|-damage|p2a: Gholdengo|38\/100\n|move|p2a: Gholdengo|Shadow Ball|p1a: Ogerpon\n|-damage|p1a: Ogerpon|29\/100\n|\n|upkeep\n|turn|13\n|\n|t:|1700736695\n|move|p1a: Ogerpon|Horn Leech|p2a: Gholdengo\n|-supereffective|p2a: Gholdengo\n|-damage|p2a: Gholdengo|0 fnt\n|-heal|p1a: Ogerpon|49\/100|[from] drain|[of] p2a: Gholdengo\n|faint|p2a: Gholdengo\n|\n|upkeep\n|\n|t:|1700736701\n|switch|p2a: Kingambit|Kingambit, F|100\/100\n|-damage|p2a: Kingambit|94\/100|[from] Stealth Rock\n|-activate|p2a: Kingambit|ability: Supreme Overlord\n|-start|p2a: Kingambit|fallen4|[silent]\n|-item|p2a: Kingambit|Air Balloon\n|turn|14\n|\n|t:|1700736705\n|move|p2a: Kingambit|Sucker Punch|p1a: Ogerpon\n|-damage|p1a: Ogerpon|0 fnt\n|faint|p1a: Ogerpon\n|\n|upkeep\n|\n|t:|1700736708\n|switch|p1a: Zamazenta|Zamazenta|100\/100\n|-ability|p1a: Zamazenta|Dauntless Shield|boost\n|-boost|p1a: Zamazenta|def|1\n|turn|15\n|\n|t:|1700736714\n|-end|p2a: Kingambit|fallen4|[silent]\n|switch|p2a: Ogerpon|Ogerpon-Cornerstone, F|100\/100\n|-damage|p2a: Ogerpon|88\/100|[from] Stealth Rock\n|move|p1a: Zamazenta|Body Press|p2a: Ogerpon\n|-supereffective|p2a: Ogerpon\n|-damage|p2a: Ogerpon|0 fnt\n|faint|p2a: Ogerpon\n|\n|upkeep\n|-message|eltodo13 forfeited.\n|\n|win|jzhuc1841\n|raw|jzhuc1841's rating: 1551 &rarr; <strong>1568<\/strong><br \/>(+17 for winning)\n|raw|eltodo13's rating: 1497 &rarr; <strong>1480<\/strong><br \/>(-17 for losing)\n|l|\u2606eltodo13\n","uploadtime":1700736729,"views":2,"p1id":"jzhuc1841","p2id":"eltodo13","formatid":"gen9ou","rating":1480,"private":0,"password":""}