{"id":"gen9ou-1992637992","p1":"mrchest","p2":"welovefranco","format":"[Gen 9] OU","log":"|j|\u2606mrchest\n|j|\u2606welovefranco\n|t:|1700218613\n|gametype|singles\n|player|p1|mrchest|1|1000\n|player|p2|welovefranco|iris|1059\n|teamsize|p1|6\n|teamsize|p2|1\n|gen|9\n|tier|[Gen 9] OU\n|rated|\n|rule|Sleep Clause Mod: Limit one foe put to sleep\n|rule|Species Clause: Limit one of each Pok\u00e9mon\n|rule|OHKO Clause: OHKO moves are banned\n|rule|Evasion Items Clause: Evasion items are banned\n|rule|Evasion Moves Clause: Evasion moves are banned\n|rule|Endless Battle Clause: Forcing endless battles is banned\n|rule|HP Percentage Mod: HP is shown in percentages\n|clearpoke\n|poke|p1|Bisharp, M|\n|poke|p1|Dragapult, F|\n|poke|p1|Zapdos|\n|poke|p1|Volcanion|\n|poke|p1|Dragonite, F|\n|poke|p1|Gholdengo|\n|poke|p2|Vivillon-Ocean, F|\n|teampreview\n|inactive|Battle timer is ON: inactive players will automatically lose when time's up. (requested by welovefranco)\n|\n|t:|1700218629\n|start\n|switch|p1a: Volcanion|Volcanion|100\/100\n|switch|p2a: Vivillon|Vivillon-Ocean, F|100\/100\n|turn|1\n|\n|t:|1700218642\n|move|p2a: Vivillon|Sleep Powder|p1a: Volcanion\n|-status|p1a: Volcanion|slp|[from] move: Sleep Powder\n|cant|p1a: Volcanion|slp\n|\n|upkeep\n|turn|2\n|\n|t:|1700218659\n|switch|p1a: Zapdos|Zapdos|100\/100\n|move|p2a: Vivillon|Quiver Dance|p2a: Vivillon\n|-boost|p2a: Vivillon|spa|1\n|-boost|p2a: Vivillon|spd|1\n|-boost|p2a: Vivillon|spe|1\n|\n|upkeep\n|turn|3\n|\n|t:|1700218673\n|move|p1a: Zapdos|Detect|p1a: Zapdos\n|-singleturn|p1a: Zapdos|Protect\n|move|p2a: Vivillon|Quiver Dance|p2a: Vivillon\n|-boost|p2a: Vivillon|spa|1\n|-boost|p2a: Vivillon|spd|1\n|-boost|p2a: Vivillon|spe|1\n|\n|upkeep\n|turn|4\n|\n|t:|1700218690\n|move|p2a: Vivillon|Quiver Dance|p2a: Vivillon\n|-boost|p2a: Vivillon|spa|1\n|-boost|p2a: Vivillon|spd|1\n|-boost|p2a: Vivillon|spe|1\n|move|p1a: Zapdos|Hurricane|p2a: Vivillon|[miss]\n|-miss|p1a: Zapdos|p2a: Vivillon\n|\n|upkeep\n|turn|5\n|\n|t:|1700218710\n|move|p2a: Vivillon|Quiver Dance|p2a: Vivillon\n|-boost|p2a: Vivillon|spa|1\n|-boost|p2a: Vivillon|spd|1\n|-boost|p2a: Vivillon|spe|1\n|move|p1a: Zapdos|Hurricane|p2a: Vivillon\n|-supereffective|p2a: Vivillon\n|-damage|p2a: Vivillon|27\/100\n|\n|-heal|p2a: Vivillon|33\/100|[from] item: Leftovers\n|upkeep\n|turn|6\n|\n|t:|1700218723\n|-terastallize|p2a: Vivillon|Fairy\n|move|p2a: Vivillon|Draining Kiss|p1a: Zapdos\n|-damage|p1a: Zapdos|16\/100\n|-heal|p2a: Vivillon|99\/100|[from] drain|[of] p1a: Zapdos\n|-enditem|p1a: Zapdos|Salac Berry|[eat]\n|-boost|p1a: Zapdos|spe|1|[from] item: Salac Berry\n|move|p1a: Zapdos|Hurricane|p2a: Vivillon\n|-damage|p2a: Vivillon|64\/100\n|\n|-heal|p2a: Vivillon|70\/100|[from] item: Leftovers\n|upkeep\n|turn|7\n|\n|t:|1700218736\n|move|p1a: Zapdos|Detect|p1a: Zapdos\n|-singleturn|p1a: Zapdos|Protect\n|move|p2a: Vivillon|Draining Kiss|p1a: Zapdos\n|-activate|p1a: Zapdos|move: Protect\n|\n|-heal|p2a: Vivillon|76\/100|[from] item: Leftovers\n|upkeep\n|turn|8\n|\n|t:|1700218750\n|move|p2a: Vivillon|Draining Kiss|p1a: Zapdos\n|-damage|p1a: Zapdos|0 fnt\n|-heal|p2a: Vivillon|89\/100|[from] drain|[of] p1a: Zapdos\n|faint|p1a: Zapdos\n|\n|-heal|p2a: Vivillon|95\/100|[from] item: Leftovers\n|upkeep\n|inactive|mrchest has 120 seconds left.\n|\n|t:|1700218773\n|switch|p1a: Dragapult|Dragapult, F|100\/100\n|turn|9\n|\n|t:|1700218781\n|move|p2a: Vivillon|Draining Kiss|p1a: Dragapult\n|-supereffective|p1a: Dragapult\n|-damage|p1a: Dragapult|6\/100\n|-heal|p2a: Vivillon|100\/100|[from] drain|[of] p1a: Dragapult\n|move|p1a: Dragapult|Thunder|p2a: Vivillon|[miss]\n|-miss|p1a: Dragapult|p2a: Vivillon\n|\n|upkeep\n|turn|10\n|\n|t:|1700218791\n|switch|p1a: Bisharp|Bisharp, M|100\/100\n|move|p2a: Vivillon|Draining Kiss|p1a: Bisharp\n|-damage|p1a: Bisharp|1\/100\n|\n|upkeep\n|turn|11\n|inactive|mrchest has 120 seconds left.\n|\n|t:|1700218808\n|move|p2a: Vivillon|Draining Kiss|p1a: Bisharp\n|-damage|p1a: Bisharp|0 fnt\n|faint|p1a: Bisharp\n|\n|upkeep\n|inactive|mrchest has 120 seconds left.\n|\n|t:|1700218818\n|switch|p1a: Dragonite|Dragonite, F|100\/100\n|turn|12\n|inactive|mrchest has 120 seconds left.\n|\n|t:|1700218825\n|move|p2a: Vivillon|Draining Kiss|p1a: Dragonite\n|-supereffective|p1a: Dragonite\n|-damage|p1a: Dragonite|38\/100\n|move|p1a: Dragonite|Blizzard|p2a: Vivillon|[miss]\n|-miss|p1a: Dragonite|p2a: Vivillon\n|\n|upkeep\n|turn|13\n|\n|t:|1700218833\n|move|p2a: Vivillon|Draining Kiss|p1a: Dragonite\n|-supereffective|p1a: Dragonite\n|-damage|p1a: Dragonite|0 fnt\n|faint|p1a: Dragonite\n|\n|upkeep\n|\n|t:|1700218839\n|switch|p1a: Gholdengo|Gholdengo|100\/100\n|turn|14\n|c|\u2606welovefranco|!weakness goldengo\n|c| welovefranco|\/raw <div class=\"infobox\">goldengo isn't a recognized type or Pokemon.<\/div>\n|c|\u2606welovefranco|!weakness goldhengo\n|c| welovefranco|\/raw <div class=\"infobox\">goldhengo isn't a recognized type or Pokemon.<\/div>\n|c|\u2606welovefranco|!weakness gholdengo\n|c| welovefranco|\/raw <div class=\"infobox\">Gholdengo (ignoring abilities):<br \/><span class=\"message-effect-weak\">Weaknesses<\/span>: Dark, Fire, Ghost, Ground<br \/><span class=\"message-effect-resist\">Resistances<\/span>: <b>Bug<\/b>, Dragon, Fairy, Flying, Grass, Ice, Psychic, Rock, Steel<br \/><span class=\"message-effect-immune\">Immunities<\/span>: Fighting, Normal, Poison, Sandstorm damage, Toxic, Trapping<\/div>\n|inactive|welovefranco has 120 seconds left.\n|\n|t:|1700218879\n|move|p2a: Vivillon|Hurricane|p1a: Gholdengo\n|-resisted|p1a: Gholdengo\n|-damage|p1a: Gholdengo|9\/100\n|move|p1a: Gholdengo|Dazzling Gleam|p2a: Vivillon\n|-damage|p2a: Vivillon|84\/100\n|\n|-heal|p2a: Vivillon|90\/100|[from] item: Leftovers\n|upkeep\n|turn|15\n|inactive|welovefranco has 120 seconds left.\n|\n|t:|1700218892\n|switch|p1a: Volcanion|Volcanion|100\/100 slp\n|move|p2a: Vivillon|Draining Kiss|p1a: Volcanion\n|-resisted|p1a: Volcanion\n|-damage|p1a: Volcanion|62\/100 slp\n|-heal|p2a: Vivillon|100\/100|[from] drain|[of] p1a: Volcanion\n|\n|upkeep\n|turn|16\n|\n|t:|1700218903\n|move|p2a: Vivillon|Hurricane|p1a: Volcanion\n|-damage|p1a: Volcanion|0 fnt\n|faint|p1a: Volcanion\n|\n|upkeep\n|\n|t:|1700218909\n|switch|p1a: Dragapult|Dragapult, F|6\/100\n|turn|17\n|\n|t:|1700218915\n|move|p2a: Vivillon|Draining Kiss|p1a: Dragapult\n|-supereffective|p1a: Dragapult\n|-damage|p1a: Dragapult|0 fnt\n|faint|p1a: Dragapult\n|\n|upkeep\n|\n|t:|1700218919\n|switch|p1a: Gholdengo|Gholdengo|9\/100\n|turn|18\n|\n|t:|1700218927\n|move|p2a: Vivillon|Draining Kiss|p1a: Gholdengo\n|-resisted|p1a: Gholdengo\n|-crit|p1a: Gholdengo\n|-damage|p1a: Gholdengo|0 fnt\n|faint|p1a: Gholdengo\n|\n|win|welovefranco\n|raw|mrchest's rating: 1000 &rarr; <strong>1000<\/strong><br \/>(+0 for losing)\n|raw|welovefranco's rating: 1059 &rarr; <strong>1085<\/strong><br \/>(+26 for winning)\n|c|\u2606welovefranco|gg\n|l|\u2606mrchest\n","uploadtime":1700218943,"views":9,"p1id":"mrchest","p2id":"welovefranco","formatid":"gen9ou","rating":1000,"private":0,"password":""}