{"id":"gen9ou-1988856050","p1":"Official Poyo","p2":"viivian","format":"[Gen 9] OU","log":"|j|\u2606Official Poyo\n|j|\u203dviivian\n|t:|1699774780\n|gametype|singles\n|player|p1|Official Poyo|richboy-gen4|1537\n|player|p2|viivian|iris-gen5bw2|1528\n|teamsize|p1|6\n|teamsize|p2|6\n|gen|9\n|tier|[Gen 9] OU\n|rated|\n|rule|Sleep Clause Mod: Limit one foe put to sleep\n|rule|Species Clause: Limit one of each Pok\u00e9mon\n|rule|OHKO Clause: OHKO moves are banned\n|rule|Evasion Items Clause: Evasion items are banned\n|rule|Evasion Moves Clause: Evasion moves are banned\n|rule|Endless Battle Clause: Forcing endless battles is banned\n|rule|HP Percentage Mod: HP is shown in percentages\n|clearpoke\n|poke|p1|Goodra-Hisui, M|\n|poke|p1|Dragapult, M|\n|poke|p1|Clefable, M|\n|poke|p1|Landorus-Therian, M|\n|poke|p1|Cinderace, M|\n|poke|p1|Milotic, M|\n|poke|p2|Pelipper, M|\n|poke|p2|Crawdaunt, M|\n|poke|p2|Hatterene, F|\n|poke|p2|Volcanion|\n|poke|p2|Zapdos|\n|poke|p2|Tornadus-Therian, M|\n|teampreview\n|inactive|Battle timer is ON: inactive players will automatically lose when time's up. (requested by viivian)\n|\n|t:|1699774792\n|start\n|switch|p1a: Dragapult|Dragapult, M|100\/100\n|switch|p2a: Pelipper|Pelipper, M|100\/100\n|-weather|RainDance|[from] ability: Drizzle|[of] p2a: Pelipper\n|turn|1\n|\n|t:|1699774798\n|move|p1a: Dragapult|Draco Meteor|p2a: Pelipper\n|-damage|p2a: Pelipper|53\/100\n|-unboost|p1a: Dragapult|spa|2\n|move|p2a: Pelipper|Roost|p2a: Pelipper\n|-heal|p2a: Pelipper|100\/100\n|-singleturn|p2a: Pelipper|move: Roost\n|\n|-weather|RainDance|[upkeep]\n|upkeep\n|turn|2\n|\n|t:|1699774802\n|move|p1a: Dragapult|Thunder Wave|p2a: Pelipper\n|-status|p2a: Pelipper|par\n|cant|p2a: Pelipper|par\n|\n|-weather|RainDance|[upkeep]\n|upkeep\n|turn|3\n|\n|t:|1699774806\n|move|p1a: Dragapult|U-turn|p2a: Pelipper\n|-resisted|p2a: Pelipper\n|-damage|p2a: Pelipper|92\/100 par\n|\n|t:|1699774811\n|switch|p1a: Milotic|Milotic, M|100\/100|[from] U-turn\n|move|p2a: Pelipper|U-turn|p1a: Milotic\n|-damage|p1a: Milotic|93\/100\n|\n|t:|1699774819\n|switch|p2a: Crawdaunt|Crawdaunt, M|100\/100|[from] U-turn\n|\n|-weather|RainDance|[upkeep]\n|upkeep\n|turn|4\n|\n|t:|1699774822\n|move|p1a: Milotic|Scald|p2a: Crawdaunt\n|-resisted|p2a: Crawdaunt\n|-damage|p2a: Crawdaunt|57\/100\n|-status|p2a: Crawdaunt|brn\n|move|p2a: Crawdaunt|Knock Off|p1a: Milotic\n|-damage|p1a: Milotic|52\/100\n|-enditem|p1a: Milotic|Heavy-Duty Boots|[from] move: Knock Off|[of] p2a: Crawdaunt\n|\n|-weather|RainDance|[upkeep]\n|-damage|p2a: Crawdaunt|51\/100 brn|[from] brn\n|upkeep\n|turn|5\n|\n|t:|1699774828\n|switch|p2a: Volcanion|Volcanion|100\/100\n|move|p1a: Milotic|Recover|p1a: Milotic\n|-heal|p1a: Milotic|100\/100\n|\n|-weather|RainDance|[upkeep]\n|upkeep\n|turn|6\n|\n|t:|1699774832\n|switch|p1a: Dragapult|Dragapult, M|100\/100\n|move|p2a: Volcanion|Steam Eruption|p1a: Dragapult|[miss]\n|-miss|p2a: Volcanion|p1a: Dragapult\n|\n|-weather|RainDance|[upkeep]\n|upkeep\n|turn|7\n|\n|t:|1699774836\n|move|p1a: Dragapult|Thunder Wave|p2a: Volcanion\n|-status|p2a: Volcanion|par\n|move|p2a: Volcanion|Steam Eruption|p1a: Dragapult\n|-resisted|p1a: Dragapult\n|-damage|p1a: Dragapult|10\/100\n|-status|p1a: Dragapult|brn\n|\n|-weather|RainDance|[upkeep]\n|-heal|p1a: Dragapult|17\/100 brn|[from] item: Leftovers\n|-damage|p1a: Dragapult|10\/100 brn|[from] brn\n|upkeep\n|turn|8\n|\n|t:|1699774842\n|switch|p2a: Crawdaunt|Crawdaunt, M|51\/100 brn\n|move|p1a: Dragapult|Hex|p2a: Crawdaunt\n|-resisted|p2a: Crawdaunt\n|-damage|p2a: Crawdaunt|1\/100 brn\n|\n|-weather|none\n|-heal|p1a: Dragapult|17\/100 brn|[from] item: Leftovers\n|-damage|p1a: Dragapult|10\/100 brn|[from] brn\n|-damage|p2a: Crawdaunt|0 fnt|[from] brn\n|faint|p2a: Crawdaunt\n|upkeep\n|\n|t:|1699774848\n|switch|p2a: Pelipper|Pelipper, M|92\/100 par\n|-weather|RainDance|[from] ability: Drizzle|[of] p2a: Pelipper\n|turn|9\n|\n|t:|1699774851\n|move|p1a: Dragapult|Hex|p2a: Pelipper\n|-damage|p2a: Pelipper|46\/100 par\n|cant|p2a: Pelipper|par\n|\n|-weather|RainDance|[upkeep]\n|-heal|p1a: Dragapult|17\/100 brn|[from] item: Leftovers\n|-damage|p1a: Dragapult|10\/100 brn|[from] brn\n|upkeep\n|turn|10\n|\n|t:|1699774858\n|switch|p2a: Tornadus|Tornadus-Therian, M|100\/100\n|move|p1a: Dragapult|Hex|p2a: Tornadus\n|-damage|p2a: Tornadus|72\/100\n|\n|-weather|RainDance|[upkeep]\n|-heal|p1a: Dragapult|17\/100 brn|[from] item: Leftovers\n|-damage|p1a: Dragapult|10\/100 brn|[from] brn\n|upkeep\n|turn|11\n|\n|t:|1699774861\n|move|p1a: Dragapult|U-turn|p2a: Tornadus\n|-resisted|p2a: Tornadus\n|-damage|p2a: Tornadus|68\/100\n|\n|t:|1699774864\n|switch|p1a: Clefable|Clefable, M|100\/100|[from] U-turn\n|move|p2a: Tornadus|U-turn|p1a: Clefable\n|-resisted|p1a: Clefable\n|-damage|p1a: Clefable|93\/100\n|\n|t:|1699774867\n|switch|p2a: Hatterene|Hatterene, F|100\/100|[from] U-turn\n|\n|-weather|RainDance|[upkeep]\n|-heal|p1a: Clefable|99\/100|[from] item: Leftovers\n|upkeep\n|turn|12\n|\n|t:|1699774869\n|move|p1a: Clefable|Calm Mind|p1a: Clefable\n|-boost|p1a: Clefable|spa|1\n|-boost|p1a: Clefable|spd|1\n|move|p2a: Hatterene|Healing Wish|p2a: Hatterene\n|faint|p2a: Hatterene\n|\n|-weather|RainDance|[upkeep]\n|-heal|p1a: Clefable|100\/100|[from] item: Leftovers\n|upkeep\n|\n|t:|1699774871\n|switch|p2a: Volcanion|Volcanion|100\/100 par\n|-heal|p2a: Volcanion|100\/100|[from] move: Healing Wish\n|turn|13\n|\n|t:|1699774875\n|move|p2a: Volcanion|Steam Eruption|p1a: Clefable\n|-damage|p1a: Clefable|34\/100\n|move|p1a: Clefable|Calm Mind|p1a: Clefable\n|-boost|p1a: Clefable|spa|1\n|-boost|p1a: Clefable|spd|1\n|\n|-weather|RainDance|[upkeep]\n|-heal|p1a: Clefable|40\/100|[from] item: Leftovers\n|upkeep\n|turn|14\n|\n|t:|1699774879\n|move|p1a: Clefable|Protect|p1a: Clefable\n|-singleturn|p1a: Clefable|Protect\n|move|p2a: Volcanion|Steam Eruption|p1a: Clefable\n|-activate|p1a: Clefable|move: Protect\n|\n|-weather|RainDance|[upkeep]\n|-heal|p1a: Clefable|46\/100|[from] item: Leftovers\n|upkeep\n|turn|15\n|\n|t:|1699774881\n|move|p2a: Volcanion|Steam Eruption|p1a: Clefable\n|-damage|p1a: Clefable|0 fnt\n|faint|p1a: Clefable\n|\n|-weather|RainDance|[upkeep]\n|upkeep\n|\n|t:|1699774889\n|switch|p1a: Landorus|Landorus-Therian, M|100\/100\n|-ability|p1a: Landorus|Intimidate|boost\n|-unboost|p2a: Volcanion|atk|1\n|turn|16\n|\n|t:|1699774895\n|switch|p2a: Tornadus|Tornadus-Therian, M|100\/100\n|move|p1a: Landorus|Substitute|p1a: Landorus\n|-start|p1a: Landorus|Substitute\n|-damage|p1a: Landorus|75\/100\n|\n|-weather|none\n|-heal|p1a: Landorus|82\/100|[from] item: Leftovers\n|upkeep\n|turn|17\n|\n|t:|1699774898\n|move|p2a: Tornadus|Bleakwind Storm|p1a: Landorus|[miss]\n|-miss|p2a: Tornadus|p1a: Landorus\n|move|p1a: Landorus|Smack Down|p2a: Tornadus\n|-supereffective|p2a: Tornadus\n|-damage|p2a: Tornadus|62\/100\n|-start|p2a: Tornadus|Smack Down\n|\n|-heal|p1a: Landorus|88\/100|[from] item: Leftovers\n|upkeep\n|turn|18\n|\n|t:|1699774903\n|move|p2a: Tornadus|Bleakwind Storm|p1a: Landorus|[miss]\n|-miss|p2a: Tornadus|p1a: Landorus\n|move|p1a: Landorus|Smack Down|p2a: Tornadus\n|-supereffective|p2a: Tornadus\n|-damage|p2a: Tornadus|25\/100\n|\n|-heal|p1a: Landorus|94\/100|[from] item: Leftovers\n|upkeep\n|turn|19\n|\n|t:|1699774905\n|move|p2a: Tornadus|Bleakwind Storm|p1a: Landorus\n|-end|p1a: Landorus|Substitute\n|move|p1a: Landorus|Earthquake|p2a: Tornadus\n|-damage|p2a: Tornadus|0 fnt\n|faint|p2a: Tornadus\n|\n|-heal|p1a: Landorus|99\/100|[from] item: Leftovers\n|upkeep\n|\n|t:|1699774908\n|switch|p2a: Pelipper|Pelipper, M|46\/100 par\n|-weather|RainDance|[from] ability: Drizzle|[of] p2a: Pelipper\n|turn|20\n|\n|t:|1699774912\n|move|p1a: Landorus|Substitute|p1a: Landorus\n|-start|p1a: Landorus|Substitute\n|-damage|p1a: Landorus|75\/100\n|move|p2a: Pelipper|Surf|p1a: Landorus\n|-supereffective|p1a: Landorus\n|-end|p1a: Landorus|Substitute\n|\n|-weather|RainDance|[upkeep]\n|-heal|p1a: Landorus|81\/100|[from] item: Leftovers\n|upkeep\n|turn|21\n|\n|t:|1699774919\n|move|p1a: Landorus|Substitute|p1a: Landorus\n|-start|p1a: Landorus|Substitute\n|-damage|p1a: Landorus|56\/100\n|move|p2a: Pelipper|Surf|p1a: Landorus\n|-supereffective|p1a: Landorus\n|-end|p1a: Landorus|Substitute\n|\n|-weather|RainDance|[upkeep]\n|-heal|p1a: Landorus|63\/100|[from] item: Leftovers\n|upkeep\n|turn|22\n|\n|t:|1699774927\n|move|p1a: Landorus|Smack Down|p2a: Pelipper\n|-supereffective|p2a: Pelipper\n|-damage|p2a: Pelipper|11\/100 par\n|-start|p2a: Pelipper|Smack Down\n|move|p2a: Pelipper|Surf|p1a: Landorus\n|-supereffective|p1a: Landorus\n|-damage|p1a: Landorus|0 fnt\n|faint|p1a: Landorus\n|\n|-weather|RainDance|[upkeep]\n|upkeep\n|\n|t:|1699774932\n|switch|p1a: Dragapult|Dragapult, M|10\/100 brn\n|turn|23\n|\n|t:|1699774935\n|switch|p2a: Zapdos|Zapdos|100\/100\n|move|p1a: Dragapult|Hex|p2a: Zapdos\n|-damage|p2a: Zapdos|83\/100\n|\n|-weather|RainDance|[upkeep]\n|-heal|p1a: Dragapult|17\/100 brn|[from] item: Leftovers\n|-damage|p1a: Dragapult|10\/100 brn|[from] brn\n|upkeep\n|turn|24\n|\n|t:|1699774939\n|switch|p1a: Goodra|Goodra-Hisui, M|100\/100\n|move|p2a: Zapdos|Tailwind|p2a: Zapdos\n|-sidestart|p2: viivian|move: Tailwind\n|\n|-weather|RainDance|[upkeep]\n|upkeep\n|turn|25\n|\n|t:|1699774944\n|move|p2a: Zapdos|Volt Switch|p1a: Goodra\n|-resisted|p1a: Goodra\n|-damage|p1a: Goodra|90\/100\n|\n|t:|1699774947\n|switch|p2a: Volcanion|Volcanion|100\/100|[from] Volt Switch\n|move|p1a: Goodra|Acid Armor|p1a: Goodra\n|-boost|p1a: Goodra|def|2\n|\n|-weather|RainDance|[upkeep]\n|-heal|p1a: Goodra|96\/100|[from] item: Leftovers\n|upkeep\n|turn|26\n|\n|t:|1699774953\n|-terastallize|p2a: Volcanion|Ground\n|move|p2a: Volcanion|Earth Power|p1a: Goodra\n|-supereffective|p1a: Goodra\n|-crit|p1a: Goodra\n|-damage|p1a: Goodra|0 fnt\n|faint|p1a: Goodra\n|\n|-weather|RainDance|[upkeep]\n|upkeep\n|\n|t:|1699774961\n|switch|p1a: Cinderace|Cinderace, M|100\/100\n|turn|27\n|\n|t:|1699774965\n|-terastallize|p1a: Cinderace|Flying\n|move|p2a: Volcanion|Earth Power|p1a: Cinderace\n|-immune|p1a: Cinderace\n|move|p1a: Cinderace|Will-O-Wisp|p2a: Volcanion\n|-status|p2a: Volcanion|brn\n|\n|-weather|none\n|-damage|p2a: Volcanion|95\/100 brn|[from] brn\n|-sideend|p2: viivian|move: Tailwind\n|upkeep\n|turn|28\n|\n|t:|1699774971\n|switch|p2a: Pelipper|Pelipper, M|11\/100 par\n|-weather|RainDance|[from] ability: Drizzle|[of] p2a: Pelipper\n|move|p1a: Cinderace|Pyro Ball|p2a: Pelipper\n|-resisted|p2a: Pelipper\n|-damage|p2a: Pelipper|0 fnt\n|faint|p2a: Pelipper\n|\n|-weather|RainDance|[upkeep]\n|upkeep\n|\n|t:|1699774974\n|switch|p2a: Zapdos|Zapdos|83\/100\n|turn|29\n|\n|t:|1699774978\n|move|p1a: Cinderace|Will-O-Wisp|p2a: Zapdos\n|-status|p2a: Zapdos|brn\n|move|p2a: Zapdos|Tailwind|p2a: Zapdos\n|-sidestart|p2: viivian|move: Tailwind\n|\n|-weather|RainDance|[upkeep]\n|-damage|p2a: Zapdos|76\/100 brn|[from] brn\n|upkeep\n|turn|30\n|\n|t:|1699774983\n|switch|p1a: Milotic|Milotic, M|100\/100\n|move|p2a: Zapdos|Volt Switch|p1a: Milotic\n|-supereffective|p1a: Milotic\n|-damage|p1a: Milotic|52\/100\n|\n|t:|1699774985\n|switch|p2a: Volcanion|Volcanion, tera:Ground|95\/100 brn|[from] Volt Switch\n|\n|-weather|RainDance|[upkeep]\n|-damage|p2a: Volcanion|89\/100 brn|[from] brn\n|upkeep\n|turn|31\n|\n|t:|1699774990\n|move|p2a: Volcanion|Steam Eruption|p1a: Milotic\n|-resisted|p1a: Milotic\n|-damage|p1a: Milotic|0 fnt\n|faint|p1a: Milotic\n|\n|-weather|RainDance|[upkeep]\n|-damage|p2a: Volcanion|83\/100 brn|[from] brn\n|upkeep\n|\n|t:|1699774998\n|switch|p1a: Dragapult|Dragapult, M|10\/100 brn\n|turn|32\n|\n|t:|1699775000\n|move|p2a: Volcanion|Steam Eruption|p1a: Dragapult|[miss]\n|-miss|p2a: Volcanion|p1a: Dragapult\n|move|p1a: Dragapult|Hex|p2a: Volcanion\n|-damage|p2a: Volcanion|18\/100 brn\n|\n|-weather|RainDance|[upkeep]\n|-heal|p1a: Dragapult|17\/100 brn|[from] item: Leftovers\n|-damage|p2a: Volcanion|12\/100 brn|[from] brn\n|-damage|p1a: Dragapult|10\/100 brn|[from] brn\n|-sideend|p2: viivian|move: Tailwind\n|upkeep\n|turn|33\n|\n|t:|1699775007\n|move|p1a: Dragapult|Hex|p2a: Volcanion\n|-damage|p2a: Volcanion|0 fnt\n|faint|p2a: Volcanion\n|\n|-weather|RainDance|[upkeep]\n|-heal|p1a: Dragapult|17\/100 brn|[from] item: Leftovers\n|-damage|p1a: Dragapult|10\/100 brn|[from] brn\n|upkeep\n|\n|t:|1699775008\n|switch|p2a: Zapdos|Zapdos|76\/100 brn\n|turn|34\n|\n|t:|1699775010\n|move|p1a: Dragapult|Hex|p2a: Zapdos\n|-damage|p2a: Zapdos|41\/100 brn\n|move|p2a: Zapdos|Tailwind|p2a: Zapdos\n|-sidestart|p2: viivian|move: Tailwind\n|\n|-weather|RainDance|[upkeep]\n|-heal|p1a: Dragapult|17\/100 brn|[from] item: Leftovers\n|-damage|p2a: Zapdos|35\/100 brn|[from] brn\n|-damage|p1a: Dragapult|10\/100 brn|[from] brn\n|upkeep\n|turn|35\n|\n|t:|1699775014\n|move|p2a: Zapdos|Volt Switch|p1a: Dragapult\n|-resisted|p1a: Dragapult\n|-damage|p1a: Dragapult|0 fnt\n|faint|p1a: Dragapult\n|\n|-weather|none\n|-damage|p2a: Zapdos|28\/100 brn|[from] brn\n|upkeep\n|\n|t:|1699775015\n|switch|p1a: Cinderace|Cinderace, M, tera:Flying|100\/100\n|turn|36\n|\n|t:|1699775019\n|move|p2a: Zapdos|Volt Switch|p1a: Cinderace\n|-supereffective|p1a: Cinderace\n|-damage|p1a: Cinderace|16\/100\n|move|p1a: Cinderace|Pyro Ball|p2a: Zapdos\n|-damage|p2a: Zapdos|0 fnt\n|faint|p2a: Zapdos\n|\n|win|Official Poyo\n|raw|Official Poyo's rating: 1537 &rarr; <strong>1556<\/strong><br \/>(+19 for winning)\n|raw|viivian's rating: 1528 &rarr; <strong>1509<\/strong><br \/>(-19 for losing)\n|l|\u203dviivian\n","uploadtime":1699775025,"views":20,"p1id":"officialpoyo","p2id":"viivian","formatid":"gen9ou","rating":1509,"private":0,"password":""}