{"id":"gen9ou-2000329484","p1":"Dex Slay3r","p2":"testing a funni3","format":"[Gen 9] OU","log":"|j|\u2606Dex Slay3r\n|j|\u2606testing a funni3\n|t:|1701185482\n|gametype|singles\n|player|p1|Dex Slay3r|265|1388\n|player|p2|testing a funni3|unknownf|1431\n|teamsize|p1|6\n|teamsize|p2|6\n|gen|9\n|tier|[Gen 9] OU\n|rated|\n|rule|Sleep Clause Mod: Limit one foe put to sleep\n|rule|Species Clause: Limit one of each Pok\u00e9mon\n|rule|OHKO Clause: OHKO moves are banned\n|rule|Evasion Items Clause: Evasion items are banned\n|rule|Evasion Moves Clause: Evasion moves are banned\n|rule|Endless Battle Clause: Forcing endless battles is banned\n|rule|HP Percentage Mod: HP is shown in percentages\n|clearpoke\n|poke|p1|Indeedee, M|\n|poke|p1|Polteageist|\n|poke|p1|Ceruledge, M|\n|poke|p1|Armarouge, M|\n|poke|p1|Hatterene, F|\n|poke|p1|Cinderace, F|\n|poke|p2|Walking Wake|\n|poke|p2|Maushold-Four|\n|poke|p2|Dragonite, M|\n|poke|p2|Weezing-Galar, F|\n|poke|p2|Great Tusk|\n|poke|p2|Muk-Alola, F|\n|teampreview\n|inactive|Battle timer is ON: inactive players will automatically lose when time's up. (requested by Dex Slay3r)\n|\n|t:|1701185493\n|start\n|switch|p1a: Indeedee|Indeedee, M|100\/100\n|switch|p2a: Lurid Blob|Muk-Alola, F|100\/100\n|-fieldstart|move: Psychic Terrain|[from] ability: Psychic Surge|[of] p1a: Indeedee\n|turn|1\n|\n|t:|1701185509\n|switch|p1a: Cinderace|Cinderace, F|100\/100\n|move|p2a: Lurid Blob|Knock Off|p1a: Cinderace\n|-damage|p1a: Cinderace|52\/100\n|-status|p1a: Cinderace|psn|[from] ability: Poison Touch|[of] p2a: Lurid Blob\n|-enditem|p1a: Cinderace|Heavy-Duty Boots|[from] move: Knock Off|[of] p2a: Lurid Blob\n|\n|-damage|p1a: Cinderace|40\/100 psn|[from] psn\n|upkeep\n|turn|2\n|\n|t:|1701185518\n|switch|p2a: Great Tusk|Great Tusk|100\/100\n|move|p1a: Cinderace|Pyro Ball|p2a: Great Tusk\n|-crit|p2a: Great Tusk\n|-damage|p2a: Great Tusk|61\/100\n|\n|-damage|p1a: Cinderace|28\/100 psn|[from] psn\n|upkeep\n|turn|3\n|\n|t:|1701185525\n|switch|p1a: Hatterene|Hatterene, F|100\/100\n|move|p2a: Great Tusk|Stealth Rock|p1a: Hatterene\n|move|p1a: Hatterene|Stealth Rock|p2a: Great Tusk|[from]ability: Magic Bounce\n|-sidestart|p2: testing a funni3|move: Stealth Rock\n|\n|upkeep\n|turn|4\n|\n|t:|1701185533\n|move|p2a: Great Tusk|Rapid Spin|p1a: Hatterene\n|-damage|p1a: Hatterene|88\/100\n|-boost|p2a: Great Tusk|spe|1\n|-sideend|p2: testing a funni3|Stealth Rock|[from] move: Rapid Spin|[of] p2a: Great Tusk\n|-enditem|p1a: Hatterene|Eject Button\n|\n|t:|1701185542\n|switch|p1a: Ceruledge|Ceruledge, M|100\/100\n|\n|upkeep\n|turn|5\n|\n|t:|1701185547\n|move|p2a: Great Tusk|Earthquake|p1a: Ceruledge\n|-supereffective|p1a: Ceruledge\n|-enditem|p1a: Ceruledge|Focus Sash\n|-damage|p1a: Ceruledge|1\/100\n|-ability|p1a: Ceruledge|Weak Armor|boost\n|-unboost|p1a: Ceruledge|def|1\n|-boost|p1a: Ceruledge|spe|2\n|move|p1a: Ceruledge|Swords Dance|p1a: Ceruledge\n|-boost|p1a: Ceruledge|atk|2\n|\n|upkeep\n|turn|6\n|\n|t:|1701185556\n|move|p1a: Ceruledge|Bitter Blade|p2a: Great Tusk\n|-damage|p2a: Great Tusk|18\/100\n|-heal|p1a: Ceruledge|33\/100|[from] drain|[of] p2a: Great Tusk\n|-damage|p1a: Ceruledge|16\/100|[from] item: Rocky Helmet|[of] p2a: Great Tusk\n|move|p2a: Great Tusk|Ice Spinner|p1a: Ceruledge\n|-resisted|p1a: Ceruledge\n|-damage|p1a: Ceruledge|0 fnt\n|-fieldend|move: Psychic Terrain\n|faint|p1a: Ceruledge\n|\n|upkeep\n|\n|t:|1701185583\n|switch|p1a: Hatterene|Hatterene, F|88\/100\n|turn|7\n|\n|t:|1701185593\n|move|p2a: Great Tusk|Earthquake|p1a: Hatterene\n|-damage|p1a: Hatterene|50\/100\n|move|p1a: Hatterene|Draining Kiss|p2a: Great Tusk\n|-supereffective|p2a: Great Tusk\n|-damage|p2a: Great Tusk|0 fnt\n|-heal|p1a: Hatterene|68\/100|[from] drain|[of] p2a: Great Tusk\n|-damage|p1a: Hatterene|51\/100|[from] item: Rocky Helmet|[of] p2a: Great Tusk\n|faint|p2a: Great Tusk\n|-end|p2a: Great Tusk|Protosynthesis|[silent]\n|\n|upkeep\n|\n|t:|1701185600\n|switch|p2a: Lurid Blob|Muk-Alola, F|100\/100\n|turn|8\n|\n|t:|1701185611\n|move|p2a: Lurid Blob|Knock Off|p1a: Hatterene\n|-damage|p1a: Hatterene|31\/100\n|move|p1a: Hatterene|Healing Wish|p1a: Hatterene\n|faint|p1a: Hatterene\n|\n|upkeep\n|\n|t:|1701185617\n|switch|p1a: Cinderace|Cinderace, F|28\/100 psn\n|-heal|p1a: Cinderace|100\/100|[from] move: Healing Wish\n|turn|9\n|\n|t:|1701185625\n|move|p2a: Lurid Blob|Protect|p2a: Lurid Blob\n|-singleturn|p2a: Lurid Blob|Protect\n|move|p1a: Cinderace|U-turn|p2a: Lurid Blob\n|-start|p1a: Cinderace|typechange|Bug|[from] ability: Libero\n|-activate|p2a: Lurid Blob|move: Protect\n|\n|upkeep\n|turn|10\n|\n|t:|1701185637\n|switch|p2a: Walking Wake|Walking Wake|100\/100\n|move|p1a: Cinderace|U-turn|p2a: Walking Wake\n|-damage|p2a: Walking Wake|61\/100\n|\n|t:|1701185649\n|switch|p1a: Indeedee|Indeedee, M|100\/100|[from] U-turn\n|-fieldstart|move: Psychic Terrain|[from] ability: Psychic Surge|[of] p1a: Indeedee\n|\n|upkeep\n|turn|11\n|\n|t:|1701185659\n|move|p2a: Walking Wake|Flip Turn|p1a: Indeedee\n|-damage|p1a: Indeedee|75\/100\n|\n|t:|1701185662\n|-end|p2a: Walking Wake|Protosynthesis|[silent]\n|switch|p2a: Lurid Blob|Muk-Alola, F|100\/100|[from] Flip Turn\n|move|p1a: Indeedee|Psychic|p2a: Lurid Blob\n|-immune|p2a: Lurid Blob\n|\n|upkeep\n|turn|12\n|inactive|Dex Slay3r has 120 seconds left.\n|\n|t:|1701185707\n|move|p1a: Indeedee|Dazzling Gleam|p2a: Lurid Blob\n|-damage|p2a: Lurid Blob|90\/100\n|move|p2a: Lurid Blob|Poison Jab|p1a: Indeedee\n|-damage|p1a: Indeedee|24\/100\n|-status|p1a: Indeedee|psn|[from] ability: Poison Touch|[of] p2a: Lurid Blob\n|\n|-heal|p2a: Lurid Blob|96\/100|[from] item: Black Sludge\n|-damage|p1a: Indeedee|12\/100 psn|[from] psn\n|upkeep\n|turn|13\n|\n|t:|1701185715\n|move|p2a: Lurid Blob|Protect|p2a: Lurid Blob\n|-singleturn|p2a: Lurid Blob|Protect\n|move|p1a: Indeedee|Encore|p2a: Lurid Blob\n|-activate|p2a: Lurid Blob|move: Protect\n|\n|-heal|p2a: Lurid Blob|100\/100|[from] item: Black Sludge\n|-damage|p1a: Indeedee|0 fnt|[from] psn\n|faint|p1a: Indeedee\n|upkeep\n|\n|t:|1701185734\n|switch|p1a: Armarouge|Armarouge, M|100\/100\n|turn|14\n|\n|t:|1701185739\n|move|p1a: Armarouge|Armor Cannon|p2a: Lurid Blob\n|-damage|p2a: Lurid Blob|59\/100\n|-unboost|p1a: Armarouge|def|1\n|-unboost|p1a: Armarouge|spd|1\n|move|p2a: Lurid Blob|Knock Off|p1a: Armarouge\n|-supereffective|p1a: Armarouge\n|-enditem|p1a: Armarouge|Focus Sash\n|-damage|p1a: Armarouge|1\/100\n|-ability|p1a: Armarouge|Weak Armor|boost\n|-unboost|p1a: Armarouge|def|1\n|-boost|p1a: Armarouge|spe|2\n|-status|p1a: Armarouge|psn|[from] ability: Poison Touch|[of] p2a: Lurid Blob\n|\n|-heal|p2a: Lurid Blob|65\/100|[from] item: Black Sludge\n|-damage|p1a: Armarouge|0 fnt|[from] psn\n|faint|p1a: Armarouge\n|upkeep\n|\n|t:|1701185746\n|switch|p1a: Polteageist|Polteageist|100\/100\n|turn|15\n|inactive|Dex Slay3r has 120 seconds left.\n|\n|t:|1701185754\n|move|p1a: Polteageist|Shell Smash|p1a: Polteageist\n|-unboost|p1a: Polteageist|def|1\n|-unboost|p1a: Polteageist|spd|1\n|-boost|p1a: Polteageist|atk|2\n|-boost|p1a: Polteageist|spa|2\n|-boost|p1a: Polteageist|spe|2\n|move|p2a: Lurid Blob|Knock Off|p1a: Polteageist\n|-supereffective|p1a: Polteageist\n|-enditem|p1a: Polteageist|Focus Sash\n|-damage|p1a: Polteageist|1\/100\n|-ability|p1a: Polteageist|Weak Armor|boost\n|-unboost|p1a: Polteageist|def|1\n|-boost|p1a: Polteageist|spe|2\n|\n|-heal|p2a: Lurid Blob|71\/100|[from] item: Black Sludge\n|upkeep\n|turn|16\n|inactive|Dex Slay3r has 120 seconds left.\n|\n|t:|1701185766\n|move|p2a: Lurid Blob|Protect|p2a: Lurid Blob\n|-singleturn|p2a: Lurid Blob|Protect\n|move|p1a: Polteageist|Shell Smash|p1a: Polteageist\n|-unboost|p1a: Polteageist|def|1\n|-unboost|p1a: Polteageist|spd|1\n|-boost|p1a: Polteageist|atk|2\n|-boost|p1a: Polteageist|spa|2\n|-boost|p1a: Polteageist|spe|2\n|\n|-heal|p2a: Lurid Blob|77\/100|[from] item: Black Sludge\n|upkeep\n|turn|17\n|inactive|Dex Slay3r has 120 seconds left.\n|\n|t:|1701185795\n|move|p1a: Polteageist|Tera Blast|p2a: Lurid Blob\n|-damage|p2a: Lurid Blob|18\/100\n|move|p2a: Lurid Blob|Knock Off|p1a: Polteageist\n|-supereffective|p1a: Polteageist\n|-damage|p1a: Polteageist|0 fnt\n|faint|p1a: Polteageist\n|\n|-heal|p2a: Lurid Blob|24\/100|[from] item: Black Sludge\n|-fieldend|move: Psychic Terrain\n|upkeep\n|l|\u2606Dex Slay3r\n|inactive|Dex Slay3r disconnected and has a minute to reconnect!\n|player|p1|\n|inactive|Dex Slay3r has 30 seconds to reconnect!\n|inactive|Dex Slay3r has 20 seconds to reconnect!\n|inactive|Dex Slay3r has 15 seconds to reconnect!\n|inactive|Dex Slay3r has 10 seconds to reconnect!\n|inactive|Dex Slay3r has 5 seconds to reconnect!\n|-message|Dex Slay3r lost due to inactivity.\n|\n|win|testing a funni3\n|raw|Dex Slay3r's rating: 1388 &rarr; <strong>1370<\/strong><br \/>(-18 for losing)\n|raw|testing a funni3's rating: 1431 &rarr; <strong>1449<\/strong><br \/>(+18 for winning)\n","uploadtime":1701185875,"views":8,"p1id":"dexslay3r","p2id":"testingafunni3","formatid":"gen9ou","rating":1370,"private":0,"password":""}