{"id":"gen9ou-1996093782","p1":"FoodieTheFood","p2":"ChillLanturnYT","format":"[Gen 9] OU","log":"|j|\u2606FoodieTheFood\n|j|\u2606ChillLanturnYT\n|t:|1700643055\n|gametype|singles\n|player|p1|FoodieTheFood|iris-gen5bw2|1202\n|player|p2|ChillLanturnYT|palmer|1233\n|teamsize|p1|6\n|teamsize|p2|6\n|gen|9\n|tier|[Gen 9] OU\n|rated|\n|rule|Sleep Clause Mod: Limit one foe put to sleep\n|rule|Species Clause: Limit one of each Pok\u00e9mon\n|rule|OHKO Clause: OHKO moves are banned\n|rule|Evasion Items Clause: Evasion items are banned\n|rule|Evasion Moves Clause: Evasion moves are banned\n|rule|Endless Battle Clause: Forcing endless battles is banned\n|rule|HP Percentage Mod: HP is shown in percentages\n|clearpoke\n|poke|p1|Magnezone|\n|poke|p1|Landorus-Therian, M|\n|poke|p1|Torkoal, F|\n|poke|p1|Iron Valiant|\n|poke|p1|Great Tusk|\n|poke|p1|Alomomola, M|\n|poke|p2|Empoleon, F|\n|poke|p2|Milotic, M|\n|poke|p2|Primeape, M|\n|poke|p2|Great Tusk|\n|poke|p2|Lurantis, M|\n|poke|p2|Goodra-Hisui, M|\n|teampreview\n|\n|t:|1700643072\n|start\n|switch|p1a: Landorus|Landorus-Therian, M|100\/100\n|switch|p2a: Primeape|Primeape, M|100\/100\n|-ability|p1a: Landorus|Intimidate|boost\n|-unboost|p2a: Primeape|atk|1\n|-ability|p2a: Primeape|Defiant|boost\n|-boost|p2a: Primeape|atk|2\n|turn|1\n|\n|t:|1700643080\n|move|p2a: Primeape|U-turn|p1a: Landorus\n|-resisted|p1a: Landorus\n|-damage|p1a: Landorus|82\/100\n|\n|t:|1700643090\n|switch|p2a: Great Tusk|Great Tusk|100\/100|[from] U-turn\n|move|p1a: Landorus|Stealth Rock|p2a: Great Tusk\n|-sidestart|p2: ChillLanturnYT|move: Stealth Rock\n|\n|upkeep\n|turn|2\n|\n|t:|1700643103\n|move|p1a: Landorus|U-turn|p2a: Great Tusk\n|-resisted|p2a: Great Tusk\n|-damage|p2a: Great Tusk|93\/100\n|\n|t:|1700643112\n|switch|p1a: Alomomola|Alomomola, M|100\/100|[from] U-turn\n|move|p2a: Great Tusk|Rapid Spin|p1a: Alomomola\n|-damage|p1a: Alomomola|92\/100\n|-boost|p2a: Great Tusk|spe|1\n|-sideend|p2: ChillLanturnYT|Stealth Rock|[from] move: Rapid Spin|[of] p2a: Great Tusk\n|\n|upkeep\n|turn|3\n|\n|t:|1700643120\n|move|p2a: Great Tusk|Knock Off|p1a: Alomomola\n|-damage|p1a: Alomomola|74\/100\n|-enditem|p1a: Alomomola|Heavy-Duty Boots|[from] move: Knock Off|[of] p2a: Great Tusk\n|move|p1a: Alomomola|Flip Turn|p2a: Great Tusk\n|-supereffective|p2a: Great Tusk\n|-damage|p2a: Great Tusk|69\/100\n|\n|t:|1700643129\n|switch|p1a: Landorus|Landorus-Therian, M|82\/100|[from] Flip Turn\n|-ability|p1a: Landorus|Intimidate|boost\n|-unboost|p2a: Great Tusk|atk|1\n|\n|upkeep\n|turn|4\n|\n|t:|1700643138\n|move|p2a: Great Tusk|Knock Off|p1a: Landorus\n|-damage|p1a: Landorus|57\/100\n|-enditem|p1a: Landorus|Expert Belt|[from] move: Knock Off|[of] p2a: Great Tusk\n|move|p1a: Landorus|U-turn|p2a: Great Tusk\n|-resisted|p2a: Great Tusk\n|-damage|p2a: Great Tusk|60\/100\n|\n|t:|1700643153\n|switch|p1a: Iron Valiant|Iron Valiant|100\/100|[from] U-turn\n|-enditem|p1a: Iron Valiant|Booster Energy\n|-activate|p1a: Iron Valiant|ability: Quark Drive|[fromitem]\n|-start|p1a: Iron Valiant|quarkdrivespe\n|\n|upkeep\n|turn|5\n|\n|t:|1700643160\n|-end|p2a: Great Tusk|Protosynthesis|[silent]\n|switch|p2a: Empoleon|Empoleon, F|100\/100\n|move|p1a: Iron Valiant|Moonblast|p2a: Empoleon\n|-resisted|p2a: Empoleon\n|-damage|p2a: Empoleon|81\/100\n|\n|-heal|p2a: Empoleon|87\/100|[from] item: Leftovers\n|upkeep\n|turn|6\n|\n|t:|1700643168\n|move|p1a: Iron Valiant|Thunderbolt|p2a: Empoleon\n|-supereffective|p2a: Empoleon\n|-crit|p2a: Empoleon\n|-damage|p2a: Empoleon|9\/100\n|move|p2a: Empoleon|Surf|p1a: Iron Valiant\n|-damage|p1a: Iron Valiant|15\/100\n|\n|-heal|p2a: Empoleon|15\/100|[from] item: Leftovers\n|upkeep\n|turn|7\n|\n|t:|1700643177\n|move|p1a: Iron Valiant|Thunderbolt|p2a: Empoleon\n|-supereffective|p2a: Empoleon\n|-damage|p2a: Empoleon|0 fnt\n|faint|p2a: Empoleon\n|\n|upkeep\n|\n|t:|1700643178\n|switch|p2a: Lurantis|Lurantis, M|100\/100\n|turn|8\n|\n|t:|1700643189\n|-end|p1a: Iron Valiant|Quark Drive|[silent]\n|switch|p1a: Torkoal|Torkoal, F|100\/100\n|-weather|SunnyDay|[from] ability: Drought|[of] p1a: Torkoal\n|move|p2a: Lurantis|Leaf Storm|p1a: Torkoal\n|-resisted|p1a: Torkoal\n|-damage|p1a: Torkoal|78\/100\n|-boost|p2a: Lurantis|spa|2\n|\n|-weather|SunnyDay|[upkeep]\n|upkeep\n|turn|9\n|\n|t:|1700643197\n|-terastallize|p2a: Lurantis|Rock\n|move|p2a: Lurantis|Tera Blast|p1a: Torkoal|[anim] Tera Blast Rock\n|-supereffective|p1a: Torkoal\n|-damage|p1a: Torkoal|0 fnt\n|faint|p1a: Torkoal\n|\n|-weather|SunnyDay|[upkeep]\n|upkeep\n|\n|t:|1700643208\n|switch|p1a: Iron Valiant|Iron Valiant|15\/100\n|turn|10\n|\n|t:|1700643217\n|move|p1a: Iron Valiant|Close Combat|p2a: Lurantis\n|-supereffective|p2a: Lurantis\n|-damage|p2a: Lurantis|0 fnt\n|-unboost|p1a: Iron Valiant|def|1\n|-unboost|p1a: Iron Valiant|spd|1\n|faint|p2a: Lurantis\n|\n|-weather|SunnyDay|[upkeep]\n|upkeep\n|\n|t:|1700643232\n|switch|p2a: Primeape|Primeape, M|100\/100\n|turn|11\n|\n|t:|1700643240\n|move|p2a: Primeape|Earthquake|p1a: Iron Valiant\n|-damage|p1a: Iron Valiant|0 fnt\n|faint|p1a: Iron Valiant\n|-end|p1a: Iron Valiant|Quark Drive|[silent]\n|\n|-weather|SunnyDay|[upkeep]\n|upkeep\n|\n|t:|1700643245\n|switch|p1a: Great Tusk|Great Tusk|100\/100\n|-activate|p1a: Great Tusk|ability: Protosynthesis\n|-start|p1a: Great Tusk|protosynthesisatk\n|turn|12\n|\n|t:|1700643251\n|move|p2a: Primeape|Earthquake|p1a: Great Tusk\n|-damage|p1a: Great Tusk|79\/100\n|move|p1a: Great Tusk|Headlong Rush|p2a: Primeape\n|-damage|p2a: Primeape|0 fnt\n|-unboost|p1a: Great Tusk|def|1\n|-unboost|p1a: Great Tusk|spd|1\n|-enditem|p1a: Great Tusk|Eject Pack\n|faint|p2a: Primeape\n|\n|t:|1700643259\n|-end|p1a: Great Tusk|Protosynthesis|[silent]\n|switch|p1a: Alomomola|Alomomola, M|100\/100\n|\n|-weather|none\n|upkeep\n|\n|t:|1700643265\n|switch|p2a: Milotic|Milotic, M|100\/100\n|turn|13\n|\n|t:|1700643270\n|move|p2a: Milotic|Coil|p2a: Milotic\n|-boost|p2a: Milotic|atk|1\n|-boost|p2a: Milotic|def|1\n|-boost|p2a: Milotic|accuracy|1\n|move|p1a: Alomomola|Flip Turn|p2a: Milotic\n|-resisted|p2a: Milotic\n|-damage|p2a: Milotic|95\/100\n|\n|t:|1700643272\n|switch|p1a: Magnezone|Magnezone|100\/100|[from] Flip Turn\n|\n|-heal|p2a: Milotic|100\/100|[from] item: Leftovers\n|upkeep\n|turn|14\n|\n|t:|1700643276\n|move|p2a: Milotic|Hydro Pump|p1a: Magnezone\n|-damage|p1a: Magnezone|74\/100\n|move|p1a: Magnezone|Thunderbolt|p2a: Milotic\n|-supereffective|p2a: Milotic\n|-damage|p2a: Milotic|44\/100\n|\n|-heal|p2a: Milotic|50\/100|[from] item: Leftovers\n|upkeep\n|turn|15\n|\n|t:|1700643282\n|switch|p2a: Goodra|Goodra-Hisui, M|100\/100\n|move|p1a: Magnezone|Thunderbolt|p2a: Goodra\n|-resisted|p2a: Goodra\n|-damage|p2a: Goodra|83\/100\n|\n|-heal|p2a: Goodra|89\/100|[from] item: Leftovers\n|upkeep\n|turn|16\n|\n|t:|1700643307\n|-terastallize|p1a: Magnezone|Electric\n|move|p2a: Goodra|Shelter|p2a: Goodra\n|-boost|p2a: Goodra|def|2\n|move|p1a: Magnezone|Body Press|p2a: Goodra\n|-supereffective|p2a: Goodra\n|-damage|p2a: Goodra|71\/100\n|\n|-heal|p2a: Goodra|77\/100|[from] item: Leftovers\n|upkeep\n|turn|17\n|\n|t:|1700643322\n|move|p2a: Goodra|Shelter|p2a: Goodra\n|-boost|p2a: Goodra|def|2\n|move|p1a: Magnezone|Thunderbolt|p2a: Goodra\n|-resisted|p2a: Goodra\n|-damage|p2a: Goodra|55\/100\n|\n|-heal|p2a: Goodra|61\/100|[from] item: Leftovers\n|upkeep\n|turn|18\n|\n|t:|1700643335\n|move|p1a: Magnezone|Thunderbolt|p2a: Goodra\n|-resisted|p2a: Goodra\n|-damage|p2a: Goodra|40\/100\n|move|p2a: Goodra|Shelter|p2a: Goodra\n|-boost|p2a: Goodra|def|2\n|\n|-heal|p2a: Goodra|46\/100|[from] item: Leftovers\n|upkeep\n|turn|19\n|\n|t:|1700643348\n|move|p2a: Goodra|Body Press|p1a: Magnezone\n|-damage|p1a: Magnezone|13\/100\n|move|p1a: Magnezone|Thunderbolt|p2a: Goodra\n|-resisted|p2a: Goodra\n|-damage|p2a: Goodra|24\/100\n|\n|-heal|p2a: Goodra|30\/100|[from] item: Leftovers\n|upkeep\n|turn|20\n|\n|t:|1700643355\n|move|p2a: Goodra|Body Press|p1a: Magnezone\n|-damage|p1a: Magnezone|0 fnt\n|faint|p1a: Magnezone\n|\n|-heal|p2a: Goodra|36\/100|[from] item: Leftovers\n|upkeep\n|\n|t:|1700643359\n|switch|p1a: Landorus|Landorus-Therian, M|57\/100\n|-ability|p1a: Landorus|Intimidate|boost\n|-unboost|p2a: Goodra|atk|1\n|turn|21\n|\n|t:|1700643368\n|move|p1a: Landorus|Earth Power|p2a: Goodra\n|-supereffective|p2a: Goodra\n|-damage|p2a: Goodra|0 fnt\n|faint|p2a: Goodra\n|\n|upkeep\n|\n|t:|1700643389\n|switch|p2a: Milotic|Milotic, M|50\/100\n|turn|22\n|\n|t:|1700643401\n|move|p1a: Landorus|Taunt|p2a: Milotic\n|-start|p2a: Milotic|move: Taunt\n|cant|p2a: Milotic|move: Taunt|Recover\n|\n|-heal|p2a: Milotic|56\/100|[from] item: Leftovers\n|upkeep\n|turn|23\n|\n|t:|1700643406\n|move|p1a: Landorus|U-turn|p2a: Milotic\n|-damage|p2a: Milotic|34\/100\n|\n|t:|1700643412\n|switch|p1a: Alomomola|Alomomola, M|100\/100|[from] U-turn\n|move|p2a: Milotic|Hydro Pump|p1a: Alomomola|[miss]\n|-miss|p2a: Milotic|p1a: Alomomola\n|\n|-heal|p2a: Milotic|40\/100|[from] item: Leftovers\n|upkeep\n|turn|24\n|\n|t:|1700643423\n|move|p2a: Milotic|Hydro Pump|p1a: Alomomola\n|-resisted|p1a: Alomomola\n|-damage|p1a: Alomomola|78\/100\n|move|p1a: Alomomola|Scald|p2a: Milotic\n|-resisted|p2a: Milotic\n|-damage|p2a: Milotic|36\/100\n|\n|-heal|p2a: Milotic|42\/100|[from] item: Leftovers\n|-end|p2a: Milotic|move: Taunt\n|upkeep\n|turn|25\n|\n|t:|1700643430\n|move|p2a: Milotic|Recover|p2a: Milotic\n|-heal|p2a: Milotic|92\/100\n|move|p1a: Alomomola|Flip Turn|p2a: Milotic\n|-resisted|p2a: Milotic\n|-damage|p2a: Milotic|84\/100\n|\n|t:|1700643434\n|switch|p1a: Landorus|Landorus-Therian, M|57\/100|[from] Flip Turn\n|-ability|p1a: Landorus|Intimidate|boost\n|-unboost|p2a: Milotic|atk|1\n|-ability|p2a: Milotic|Competitive|boost\n|-boost|p2a: Milotic|spa|2\n|\n|-heal|p2a: Milotic|90\/100|[from] item: Leftovers\n|upkeep\n|turn|26\n|\n|t:|1700643441\n|move|p1a: Landorus|U-turn|p2a: Milotic\n|-damage|p2a: Milotic|69\/100\n|\n|t:|1700643443\n|switch|p1a: Alomomola|Alomomola, M|100\/100|[from] U-turn\n|move|p2a: Milotic|Hydro Pump|p1a: Alomomola\n|-resisted|p1a: Alomomola\n|-damage|p1a: Alomomola|53\/100\n|\n|-heal|p2a: Milotic|75\/100|[from] item: Leftovers\n|upkeep\n|turn|27\n|\n|t:|1700643447\n|move|p2a: Milotic|Coil|p2a: Milotic\n|-boost|p2a: Milotic|atk|1\n|-boost|p2a: Milotic|def|1\n|-boost|p2a: Milotic|accuracy|1\n|move|p1a: Alomomola|Wish|p1a: Alomomola\n|\n|-heal|p2a: Milotic|81\/100|[from] item: Leftovers\n|upkeep\n|turn|28\n|\n|t:|1700643454\n|move|p2a: Milotic|Hydro Pump|p1a: Alomomola\n|-resisted|p1a: Alomomola\n|-damage|p1a: Alomomola|10\/100\n|move|p1a: Alomomola|Scald|p2a: Milotic\n|-resisted|p2a: Milotic\n|-damage|p2a: Milotic|76\/100\n|\n|-heal|p1a: Alomomola|60\/100|[from] move: Wish|[wisher] Alomomola\n|-heal|p2a: Milotic|82\/100|[from] item: Leftovers\n|upkeep\n|turn|29\n|\n|t:|1700643458\n|move|p2a: Milotic|Coil|p2a: Milotic\n|-boost|p2a: Milotic|atk|1\n|-boost|p2a: Milotic|def|1\n|-boost|p2a: Milotic|accuracy|1\n|move|p1a: Alomomola|Wish|p1a: Alomomola\n|\n|-heal|p2a: Milotic|88\/100|[from] item: Leftovers\n|upkeep\n|turn|30\n|\n|t:|1700643462\n|move|p2a: Milotic|Blizzard|p1a: Alomomola\n|-resisted|p1a: Alomomola\n|-damage|p1a: Alomomola|27\/100\n|move|p1a: Alomomola|Scald|p2a: Milotic\n|-resisted|p2a: Milotic\n|-damage|p2a: Milotic|84\/100\n|\n|-heal|p1a: Alomomola|77\/100|[from] move: Wish|[wisher] Alomomola\n|-heal|p2a: Milotic|90\/100|[from] item: Leftovers\n|upkeep\n|turn|31\n|\n|t:|1700643469\n|move|p2a: Milotic|Hydro Pump|p1a: Alomomola\n|-resisted|p1a: Alomomola\n|-crit|p1a: Alomomola\n|-damage|p1a: Alomomola|14\/100\n|move|p1a: Alomomola|Wish|p1a: Alomomola\n|\n|-heal|p2a: Milotic|96\/100|[from] item: Leftovers\n|upkeep\n|turn|32\n|\n|t:|1700643473\n|move|p1a: Alomomola|Protect|p1a: Alomomola\n|-singleturn|p1a: Alomomola|Protect\n|move|p2a: Milotic|Hydro Pump|p1a: Alomomola\n|-activate|p1a: Alomomola|move: Protect\n|\n|-heal|p1a: Alomomola|64\/100|[from] move: Wish|[wisher] Alomomola\n|-heal|p2a: Milotic|100\/100|[from] item: Leftovers\n|upkeep\n|turn|33\n|\n|t:|1700643484\n|switch|p1a: Landorus|Landorus-Therian, M|57\/100\n|-ability|p1a: Landorus|Intimidate|boost\n|-unboost|p2a: Milotic|atk|1\n|-ability|p2a: Milotic|Competitive|boost\n|-boost|p2a: Milotic|spa|2\n|move|p2a: Milotic|Coil|p2a: Milotic\n|-boost|p2a: Milotic|atk|1\n|-boost|p2a: Milotic|def|1\n|-boost|p2a: Milotic|accuracy|1\n|\n|upkeep\n|turn|34\n|\n|t:|1700643492\n|move|p1a: Landorus|Earth Power|p2a: Milotic\n|-damage|p2a: Milotic|78\/100\n|move|p2a: Milotic|Blizzard|p1a: Landorus\n|-supereffective|p1a: Landorus\n|-damage|p1a: Landorus|0 fnt\n|faint|p1a: Landorus\n|\n|-heal|p2a: Milotic|84\/100|[from] item: Leftovers\n|upkeep\n|\n|t:|1700643496\n|switch|p1a: Great Tusk|Great Tusk|79\/100\n|turn|35\n|\n|t:|1700643507\n|move|p1a: Great Tusk|Knock Off|p2a: Milotic\n|-damage|p2a: Milotic|71\/100\n|-enditem|p2a: Milotic|Leftovers|[from] move: Knock Off|[of] p1a: Great Tusk\n|move|p2a: Milotic|Blizzard|p1a: Great Tusk\n|-supereffective|p1a: Great Tusk\n|-damage|p1a: Great Tusk|0 fnt\n|faint|p1a: Great Tusk\n|-end|p1a: Great Tusk|Protosynthesis|[silent]\n|\n|upkeep\n|\n|t:|1700643513\n|switch|p1a: Alomomola|Alomomola, M|98\/100\n|turn|36\n|\n|t:|1700643517\n|move|p2a: Milotic|Coil|p2a: Milotic\n|-boost|p2a: Milotic|atk|1\n|-boost|p2a: Milotic|def|1\n|-boost|p2a: Milotic|accuracy|1\n|move|p1a: Alomomola|Wish|p1a: Alomomola\n|\n|upkeep\n|turn|37\n|\n|t:|1700643519\n|move|p2a: Milotic|Coil|p2a: Milotic\n|-boost|p2a: Milotic|atk|1\n|-boost|p2a: Milotic|def|1\n|-boost|p2a: Milotic|accuracy|1\n|move|p1a: Alomomola|Scald|p2a: Milotic\n|-resisted|p2a: Milotic\n|-damage|p2a: Milotic|68\/100\n|\n|-heal|p1a: Alomomola|100\/100|[from] move: Wish|[wisher] Alomomola\n|upkeep\n|turn|38\n|\n|t:|1700643526\n|move|p2a: Milotic|Blizzard|p1a: Alomomola\n|-resisted|p1a: Alomomola\n|-crit|p1a: Alomomola\n|-damage|p1a: Alomomola|37\/100\n|-status|p1a: Alomomola|frz\n|cant|p1a: Alomomola|frz\n|\n|upkeep\n|turn|39\n|\n|t:|1700643533\n|cant|p1a: Alomomola|frz\n|move|p2a: Milotic|Hydro Pump|p1a: Alomomola\n|-resisted|p1a: Alomomola\n|-damage|p1a: Alomomola|0 fnt\n|faint|p1a: Alomomola\n|\n|win|ChillLanturnYT\n|raw|FoodieTheFood's rating: 1202 &rarr; <strong>1179<\/strong><br \/>(-23 for losing)\n|raw|ChillLanturnYT's rating: 1233 &rarr; <strong>1256<\/strong><br \/>(+23 for winning)\n|l|\u2606FoodieTheFood\n","uploadtime":1700643541,"views":0,"p1id":"foodiethefood","p2id":"chilllanturnyt","formatid":"gen9ou","rating":1179,"private":0,"password":""}