{"id":"gen9ou-1990131835","p1":"QuarrenShow","p2":"QuackBarz","format":"[Gen 9] OU","log":"|j|\u2606QuarrenShow\n|j|\u2606QuackBarz\n|t:|1699927981\n|gametype|singles\n|player|p1|QuarrenShow|red|1184\n|player|p2|QuackBarz|169|1247\n|teamsize|p1|6\n|teamsize|p2|6\n|gen|9\n|tier|[Gen 9] OU\n|rated|\n|rule|Sleep Clause Mod: Limit one foe put to sleep\n|rule|Species Clause: Limit one of each Pok\u00e9mon\n|rule|OHKO Clause: OHKO moves are banned\n|rule|Evasion Items Clause: Evasion items are banned\n|rule|Evasion Moves Clause: Evasion moves are banned\n|rule|Endless Battle Clause: Forcing endless battles is banned\n|rule|HP Percentage Mod: HP is shown in percentages\n|clearpoke\n|poke|p1|Vikavolt, F|\n|poke|p1|Enamorus, F|\n|poke|p1|Great Tusk|\n|poke|p1|Gholdengo|\n|poke|p1|Kommo-o, F|\n|poke|p1|Iron Moth|\n|poke|p2|Clefable, F|\n|poke|p2|Landorus-Therian, M|\n|poke|p2|Gastrodon, M|\n|poke|p2|Haxorus, F|\n|poke|p2|Ambipom, F|\n|poke|p2|Jirachi|\n|teampreview\n|inactive|Battle timer is ON: inactive players will automatically lose when time's up. (requested by QuarrenShow)\n|\n|t:|1699928008\n|start\n|switch|p1a: Enamorus|Enamorus, F, shiny|100\/100\n|switch|p2a: Ambipom|Ambipom, F|100\/100\n|turn|1\n|\n|t:|1699928012\n|move|p2a: Ambipom|Fake Out|p1a: Enamorus\n|-damage|p1a: Enamorus|50\/100\n|cant|p1a: Enamorus|flinch\n|\n|upkeep\n|turn|2\n|\n|t:|1699928025\n|switch|p1a: Gholdengo|Gholdengo|100\/100\n|-item|p1a: Gholdengo|Air Balloon\n|move|p2a: Ambipom|Double Hit|p1a: Gholdengo\n|-immune|p1a: Gholdengo\n|\n|upkeep\n|turn|3\n|\n|t:|1699928031\n|switch|p2a: Jirachi|Jirachi|100\/100\n|move|p1a: Gholdengo|Make It Rain|p2a: Jirachi\n|-resisted|p2a: Jirachi\n|-damage|p2a: Jirachi|68\/100\n|-unboost|p1a: Gholdengo|spa|1\n|\n|upkeep\n|turn|4\n|\n|t:|1699928039\n|switch|p1a: Great Tusk|Great Tusk|100\/100\n|-enditem|p1a: Great Tusk|Booster Energy\n|-activate|p1a: Great Tusk|ability: Protosynthesis|[fromitem]\n|-start|p1a: Great Tusk|protosynthesisatk\n|move|p2a: Jirachi|Zen Headbutt|p1a: Great Tusk\n|-supereffective|p1a: Great Tusk\n|-damage|p1a: Great Tusk|51\/100\n|\n|upkeep\n|turn|5\n|\n|t:|1699928042\n|move|p2a: Jirachi|Zen Headbutt|p1a: Great Tusk\n|-supereffective|p1a: Great Tusk\n|-damage|p1a: Great Tusk|3\/100\n|move|p1a: Great Tusk|Headlong Rush|p2a: Jirachi\n|-supereffective|p2a: Jirachi\n|-damage|p2a: Jirachi|0 fnt\n|-unboost|p1a: Great Tusk|def|1\n|-unboost|p1a: Great Tusk|spd|1\n|faint|p2a: Jirachi\n|\n|upkeep\n|\n|t:|1699928045\n|switch|p2a: Ambipom|Ambipom, F|100\/100\n|turn|6\n|\n|t:|1699928053\n|-end|p1a: Great Tusk|Protosynthesis|[silent]\n|switch|p1a: Gholdengo|Gholdengo|100\/100\n|-item|p1a: Gholdengo|Air Balloon\n|move|p2a: Ambipom|Knock Off|p1a: Gholdengo\n|-supereffective|p1a: Gholdengo\n|-damage|p1a: Gholdengo|36\/100\n|-enditem|p1a: Gholdengo|Air Balloon\n|\n|upkeep\n|turn|7\n|\n|t:|1699928056\n|move|p2a: Ambipom|Knock Off|p1a: Gholdengo\n|-supereffective|p1a: Gholdengo\n|-damage|p1a: Gholdengo|0 fnt\n|faint|p1a: Gholdengo\n|\n|upkeep\n|\n|t:|1699928059\n|switch|p1a: Vikavolt|Vikavolt, F, shiny|100\/100\n|turn|8\n|\n|t:|1699928067\n|move|p2a: Ambipom|Double Hit|p1a: Vikavolt\n|-damage|p1a: Vikavolt|72\/100\n|-damage|p1a: Vikavolt|43\/100\n|-hitcount|p1a: Vikavolt|2\n|move|p1a: Vikavolt|Sticky Web|p2a: Ambipom\n|-sidestart|p2: QuackBarz|move: Sticky Web\n|\n|upkeep\n|turn|9\n|\n|t:|1699928078\n|move|p2a: Ambipom|Double Hit|p1a: Vikavolt\n|-damage|p1a: Vikavolt|14\/100\n|-damage|p1a: Vikavolt|0 fnt\n|faint|p1a: Vikavolt\n|-hitcount|p1: Vikavolt|2\n|\n|upkeep\n|inactive|QuarrenShow has 120 seconds left.\n|\n|t:|1699928104\n|switch|p1a: Kommo-o|Kommo-o, F|100\/100\n|turn|10\n|\n|t:|1699928114\n|switch|p2a: Landorus|Landorus-Therian, M|100\/100\n|-ability|p2a: Landorus|Intimidate|boost\n|-unboost|p1a: Kommo-o|atk|1\n|move|p1a: Kommo-o|Drain Punch|p2a: Landorus\n|-resisted|p2a: Landorus\n|-damage|p2a: Landorus|90\/100\n|\n|-heal|p2a: Landorus|96\/100|[from] item: Leftovers\n|upkeep\n|turn|11\n|\n|t:|1699928119\n|move|p2a: Landorus|Bulk Up|p2a: Landorus\n|-boost|p2a: Landorus|atk|1\n|-boost|p2a: Landorus|def|1\n|move|p1a: Kommo-o|Clangorous Soul|p1a: Kommo-o\n|-boost|p1a: Kommo-o|atk|1\n|-boost|p1a: Kommo-o|def|1\n|-boost|p1a: Kommo-o|spa|1\n|-boost|p1a: Kommo-o|spd|1\n|-boost|p1a: Kommo-o|spe|1\n|-damage|p1a: Kommo-o|68\/100\n|-enditem|p1a: Kommo-o|Throat Spray\n|-boost|p1a: Kommo-o|spa|1|[from] item: Throat Spray\n|\n|-heal|p2a: Landorus|100\/100|[from] item: Leftovers\n|upkeep\n|turn|12\n|\n|t:|1699928128\n|move|p1a: Kommo-o|Clanging Scales|p2a: Landorus\n|-damage|p2a: Landorus|0 fnt\n|faint|p2a: Landorus\n|-unboost|p1a: Kommo-o|def|1\n|\n|upkeep\n|\n|t:|1699928143\n|switch|p2a: Clefable|Clefable, F|100\/100\n|-activate|p2a: Clefable|move: Sticky Web\n|-unboost|p2a: Clefable|spe|1\n|turn|13\n|\n|t:|1699928151\n|-terastallize|p1a: Kommo-o|Fire\n|move|p1a: Kommo-o|Flamethrower|p2a: Clefable\n|-damage|p2a: Clefable|18\/100\n|move|p2a: Clefable|Moonblast|p1a: Kommo-o\n|-resisted|p1a: Kommo-o\n|-damage|p1a: Kommo-o|45\/100\n|-unboost|p1a: Kommo-o|spa|1\n|\n|upkeep\n|turn|14\n|\n|t:|1699928158\n|move|p1a: Kommo-o|Flamethrower|p2a: Clefable\n|-damage|p2a: Clefable|0 fnt\n|faint|p2a: Clefable\n|\n|upkeep\n|\n|t:|1699928161\n|switch|p2a: Ambipom|Ambipom, F|100\/100\n|-activate|p2a: Ambipom|move: Sticky Web\n|-unboost|p2a: Ambipom|spe|1\n|turn|15\n|\n|t:|1699928172\n|move|p2a: Ambipom|Fake Out|p1a: Kommo-o\n|-damage|p1a: Kommo-o|11\/100\n|cant|p1a: Kommo-o|flinch\n|\n|upkeep\n|turn|16\n|\n|t:|1699928178\n|switch|p2a: Gastrodon|Gastrodon, M|100\/100\n|-activate|p2a: Gastrodon|move: Sticky Web\n|-unboost|p2a: Gastrodon|spe|1\n|move|p1a: Kommo-o|Drain Punch|p2a: Gastrodon\n|-damage|p2a: Gastrodon|73\/100\n|-heal|p1a: Kommo-o|31\/100|[from] drain|[of] p2a: Gastrodon\n|\n|-heal|p2a: Gastrodon|79\/100|[from] item: Leftovers\n|upkeep\n|turn|17\n|\n|t:|1699928185\n|move|p1a: Kommo-o|Drain Punch|p2a: Gastrodon\n|-damage|p2a: Gastrodon|51\/100\n|-heal|p1a: Kommo-o|50\/100|[from] drain|[of] p2a: Gastrodon\n|move|p2a: Gastrodon|Earth Power|p1a: Kommo-o\n|-supereffective|p1a: Kommo-o\n|-damage|p1a: Kommo-o|0 fnt\n|faint|p1a: Kommo-o\n|\n|-heal|p2a: Gastrodon|57\/100|[from] item: Leftovers\n|upkeep\n|\n|t:|1699928198\n|switch|p1a: Enamorus|Enamorus, F, shiny|50\/100\n|turn|18\n|\n|t:|1699928200\n|move|p1a: Enamorus|Moonblast|p2a: Gastrodon\n|-damage|p2a: Gastrodon|0 fnt\n|faint|p2a: Gastrodon\n|-damage|p1a: Enamorus|41\/100|[from] item: Life Orb\n|\n|upkeep\n|\n|t:|1699928203\n|switch|p2a: Ambipom|Ambipom, F|100\/100\n|-activate|p2a: Ambipom|move: Sticky Web\n|-unboost|p2a: Ambipom|spe|1\n|turn|19\n|\n|t:|1699928208\n|switch|p1a: Great Tusk|Great Tusk|3\/100\n|move|p2a: Ambipom|Fake Out|p1a: Great Tusk\n|-damage|p1a: Great Tusk|0 fnt\n|faint|p1a: Great Tusk\n|-end|p1a: Great Tusk|Protosynthesis|[silent]\n|\n|upkeep\n|\n|t:|1699928215\n|switch|p1a: Iron Moth|Iron Moth|100\/100\n|-enditem|p1a: Iron Moth|Booster Energy\n|-activate|p1a: Iron Moth|ability: Quark Drive|[fromitem]\n|-start|p1a: Iron Moth|quarkdrivespe\n|turn|20\n|\n|t:|1699928219\n|switch|p2a: Haxorus|Haxorus, F|100\/100\n|-activate|p2a: Haxorus|move: Sticky Web\n|-unboost|p2a: Haxorus|spe|1\n|-ability|p2a: Haxorus|Mold Breaker\n|move|p1a: Iron Moth|Fiery Dance|p2a: Haxorus\n|-resisted|p2a: Haxorus\n|-damage|p2a: Haxorus|71\/100\n|\n|upkeep\n|turn|21\n|\n|t:|1699928222\n|move|p1a: Iron Moth|Dazzling Gleam|p2a: Haxorus\n|-supereffective|p2a: Haxorus\n|-damage|p2a: Haxorus|0 fnt\n|faint|p2a: Haxorus\n|\n|upkeep\n|\n|t:|1699928225\n|switch|p2a: Ambipom|Ambipom, F|100\/100\n|-activate|p2a: Ambipom|move: Sticky Web\n|-unboost|p2a: Ambipom|spe|1\n|turn|22\n|\n|t:|1699928229\n|-terastallize|p2a: Ambipom|Normal\n|move|p2a: Ambipom|Fake Out|p1a: Iron Moth\n|-damage|p1a: Iron Moth|41\/100\n|cant|p1a: Iron Moth|flinch\n|\n|upkeep\n|turn|23\n|\n|t:|1699928236\n|move|p1a: Iron Moth|Sludge Wave|p2a: Ambipom\n|-damage|p2a: Ambipom|28\/100\n|move|p2a: Ambipom|Double Hit|p1a: Iron Moth\n|-damage|p1a: Iron Moth|0 fnt\n|faint|p1a: Iron Moth\n|-end|p1a: Iron Moth|Quark Drive|[silent]\n|-hitcount|p1: Iron Moth|1\n|\n|upkeep\n|\n|t:|1699928238\n|switch|p1a: Enamorus|Enamorus, F, shiny|41\/100\n|turn|24\n|\n|t:|1699928243\n|move|p1a: Enamorus|Mystical Fire|p2a: Ambipom\n|-damage|p2a: Ambipom|0 fnt\n|faint|p2a: Ambipom\n|-damage|p1a: Enamorus|31\/100|[from] item: Life Orb\n|\n|win|QuarrenShow\n|raw|QuarrenShow's rating: 1184 &rarr; <strong>1213<\/strong><br \/>(+29 for winning)\n|raw|QuackBarz's rating: 1247 &rarr; <strong>1218<\/strong><br \/>(-29 for losing)\n|c|\u2606QuarrenShow|genuinely impressive\n|c|\u2606QuarrenShow|gg\n|c|\u2606QuarrenShow|im surprised I won\n|l|\u2606QuackBarz\n|j|\u2606QuackBarz\n|player|p2|QuackBarz|169\n","uploadtime":1699928575,"views":18,"p1id":"quarrenshow","p2id":"quackbarz","formatid":"gen9ou","rating":1213,"private":0,"password":""}