{"id":"gen9ou-1993351532","p1":"xxzfn","p2":"Team Cleam","format":"[Gen 9] OU","log":"|j|\u2606xxzfn\n|j|\u2606Team Cleam\n|t:|1700304054\n|gametype|singles\n|player|p1|xxzfn|102|1630\n|player|p2|Team Cleam|unknown|1570\n|teamsize|p1|6\n|teamsize|p2|6\n|gen|9\n|tier|[Gen 9] OU\n|rated|\n|rule|Sleep Clause Mod: Limit one foe put to sleep\n|rule|Species Clause: Limit one of each Pok\u00e9mon\n|rule|OHKO Clause: OHKO moves are banned\n|rule|Evasion Items Clause: Evasion items are banned\n|rule|Evasion Moves Clause: Evasion moves are banned\n|rule|Endless Battle Clause: Forcing endless battles is banned\n|rule|HP Percentage Mod: HP is shown in percentages\n|clearpoke\n|poke|p1|Dondozo, M|\n|poke|p1|Gholdengo|\n|poke|p1|Dragapult, M|\n|poke|p1|Landorus-Therian, M|\n|poke|p1|Maushold-Four|\n|poke|p1|Hoopa-Unbound|\n|poke|p2|Samurott-Hisui, M|\n|poke|p2|Iron Valiant|\n|poke|p2|Cresselia, F|\n|poke|p2|Ceruledge, M|\n|poke|p2|Glimmora, F|\n|poke|p2|Dragapult, M|\n|teampreview\n|inactive|Battle timer is ON: inactive players will automatically lose when time's up. (requested by xxzfn)\n|\n|t:|1700304067\n|start\n|switch|p1a: Maushold|Maushold-Four|100\/100\n|switch|p2a: Dragapult|Dragapult, M|100\/100\n|turn|1\n|\n|t:|1700304072\n|switch|p1a: Gholdengo|Gholdengo|100\/100\n|move|p2a: Dragapult|Will-O-Wisp|p1a: Gholdengo\n|-immune|p1a: Gholdengo|[from] ability: Good as Gold\n|\n|upkeep\n|turn|2\n|\n|t:|1700304076\n|switch|p2a: Samurott|Samurott-Hisui, M|100\/100\n|move|p1a: Gholdengo|Shadow Ball|p2a: Samurott\n|-resisted|p2a: Samurott\n|-damage|p2a: Samurott|65\/100\n|-unboost|p2a: Samurott|spd|1\n|\n|upkeep\n|turn|3\n|\n|t:|1700304087\n|switch|p1a: Dondozo|Dondozo, M|100\/100\n|move|p2a: Samurott|Ceaseless Edge|p1a: Dondozo\n|-damage|p1a: Dondozo|69\/100\n|-sidestart|p1: xxzfn|Spikes\n|\n|-heal|p1a: Dondozo|75\/100|[from] item: Leftovers\n|upkeep\n|turn|4\n|\n|t:|1700304095\n|move|p2a: Samurott|Ceaseless Edge|p1a: Dondozo\n|-damage|p1a: Dondozo|41\/100\n|-sidestart|p1: xxzfn|Spikes\n|move|p1a: Dondozo|Curse|p1a: Dondozo\n|-unboost|p1a: Dondozo|spe|1\n|-boost|p1a: Dondozo|atk|1\n|-boost|p1a: Dondozo|def|1\n|\n|-heal|p1a: Dondozo|47\/100|[from] item: Leftovers\n|upkeep\n|turn|5\n|\n|t:|1700304098\n|move|p2a: Samurott|Encore|p1a: Dondozo\n|-start|p1a: Dondozo|Encore\n|move|p1a: Dondozo|Curse|p1a: Dondozo\n|-unboost|p1a: Dondozo|spe|1\n|-boost|p1a: Dondozo|atk|1\n|-boost|p1a: Dondozo|def|1\n|\n|-heal|p1a: Dondozo|54\/100|[from] item: Leftovers\n|upkeep\n|turn|6\n|\n|t:|1700304104\n|switch|p2a: Dragapult|Dragapult, M|100\/100\n|switch|p1a: Landorus|Landorus-Therian, M|100\/100\n|-ability|p1a: Landorus|Intimidate|boost\n|-fail|p2a: Dragapult|unboost|[from] ability: Clear Body|[of] p2a: Dragapult\n|\n|upkeep\n|turn|7\n|\n|t:|1700304109\n|move|p1a: Landorus|Earthquake|p2a: Dragapult\n|-damage|p2a: Dragapult|19\/100\n|move|p2a: Dragapult|Will-O-Wisp|p1a: Landorus\n|-status|p1a: Landorus|brn\n|\n|-damage|p1a: Landorus|94\/100 brn|[from] brn\n|upkeep\n|turn|8\n|\n|t:|1700304113\n|switch|p2a: Ceruledge|Ceruledge, M|100\/100\n|-item|p2a: Ceruledge|Air Balloon\n|move|p1a: Landorus|Earthquake|p2a: Ceruledge\n|-immune|p2a: Ceruledge\n|\n|-damage|p1a: Landorus|88\/100 brn|[from] brn\n|upkeep\n|turn|9\n|\n|t:|1700304120\n|switch|p1a: Maushold|Maushold-Four|100\/100\n|-damage|p1a: Maushold|84\/100|[from] Spikes\n|switch|p2a: Dragapult|Dragapult, M|19\/100\n|\n|upkeep\n|turn|10\n|\n|t:|1700304124\n|move|p2a: Dragapult|Draco Meteor|p1a: Maushold\n|-damage|p1a: Maushold|2\/100\n|-unboost|p2a: Dragapult|spa|2\n|move|p1a: Maushold|Tidy Up|p1a: Maushold\n|-sideend|p1: xxzfn|Spikes\n|-activate|p1a: Maushold|move: Tidy Up\n|-boost|p1a: Maushold|atk|1\n|-boost|p1a: Maushold|spe|1\n|\n|upkeep\n|turn|11\n|\n|t:|1700304128\n|switch|p2a: Glimmora|Glimmora, F|100\/100\n|move|p1a: Maushold|Bite|p2a: Glimmora\n|-damage|p2a: Glimmora|63\/100\n|-activate|p2a: Glimmora|ability: Toxic Debris\n|-sidestart|p1: xxzfn|move: Toxic Spikes\n|-enditem|p2a: Glimmora|Red Card|[of] p1a: Maushold\n|drag|p1a: Gholdengo|Gholdengo|100\/100\n|\n|upkeep\n|turn|12\n|\n|t:|1700304134\n|move|p2a: Glimmora|Stealth Rock|p1a: Gholdengo\n|-sidestart|p1: xxzfn|move: Stealth Rock\n|move|p1a: Gholdengo|Make It Rain|p2a: Glimmora\n|-supereffective|p2a: Glimmora\n|-damage|p2a: Glimmora|0 fnt\n|-unboost|p1a: Gholdengo|spa|1\n|faint|p2a: Glimmora\n|\n|upkeep\n|\n|t:|1700304137\n|switch|p2a: Samurott|Samurott-Hisui, M|65\/100\n|turn|13\n|\n|t:|1700304142\n|switch|p1a: Landorus|Landorus-Therian, M|88\/100 brn\n|-damage|p1a: Landorus|76\/100 brn|[from] Stealth Rock\n|-ability|p1a: Landorus|Intimidate|boost\n|-unboost|p2a: Samurott|atk|1\n|move|p2a: Samurott|Ceaseless Edge|p1a: Landorus\n|-damage|p1a: Landorus|40\/100 brn\n|-sidestart|p1: xxzfn|Spikes\n|\n|-damage|p1a: Landorus|34\/100 brn|[from] brn\n|upkeep\n|turn|14\n|\n|t:|1700304149\n|move|p2a: Samurott|Sucker Punch||[still]\n|-fail|p2a: Samurott\n|move|p1a: Landorus|Stealth Rock|p2a: Samurott\n|-sidestart|p2: Team Cleam|move: Stealth Rock\n|\n|-damage|p1a: Landorus|28\/100 brn|[from] brn\n|upkeep\n|turn|15\n|\n|t:|1700304154\n|switch|p1a: Dondozo|Dondozo, M|54\/100\n|-status|p1a: Dondozo|psn\n|-damage|p1a: Dondozo|41\/100 psn|[from] Stealth Rock\n|-damage|p1a: Dondozo|29\/100 psn|[from] Spikes\n|move|p2a: Samurott|Ceaseless Edge|p1a: Dondozo|[miss]\n|-miss|p2a: Samurott|p1a: Dondozo\n|\n|-heal|p1a: Dondozo|35\/100 psn|[from] item: Leftovers\n|-damage|p1a: Dondozo|23\/100 psn|[from] psn\n|upkeep\n|turn|16\n|\n|t:|1700304160\n|move|p2a: Samurott|Ceaseless Edge|p1a: Dondozo\n|-damage|p1a: Dondozo|0 fnt\n|-sidestart|p1: xxzfn|Spikes\n|faint|p1a: Dondozo\n|\n|upkeep\n|\n|t:|1700304164\n|switch|p1a: Hoopa|Hoopa-Unbound|100\/100\n|-status|p1a: Hoopa|psn\n|-damage|p1a: Hoopa|88\/100 psn|[from] Stealth Rock\n|-damage|p1a: Hoopa|72\/100 psn|[from] Spikes\n|turn|17\n|\n|t:|1700304178\n|switch|p2a: Dragapult|Dragapult, M|19\/100\n|-damage|p2a: Dragapult|7\/100|[from] Stealth Rock\n|move|p1a: Hoopa|Gunk Shot|p2a: Dragapult\n|-resisted|p2a: Dragapult\n|-damage|p2a: Dragapult|0 fnt\n|faint|p2a: Dragapult\n|\n|-damage|p1a: Hoopa|59\/100 psn|[from] psn\n|upkeep\n|\n|t:|1700304185\n|switch|p2a: Samurott|Samurott-Hisui, M|65\/100\n|-damage|p2a: Samurott|53\/100|[from] Stealth Rock\n|turn|18\n|\n|t:|1700304189\n|move|p2a: Samurott|Ceaseless Edge|p1a: Hoopa\n|-damage|p1a: Hoopa|0 fnt\n|-sidestart|p1: xxzfn|Spikes\n|faint|p1a: Hoopa\n|\n|upkeep\n|\n|t:|1700304192\n|switch|p1a: Landorus|Landorus-Therian, M|28\/100 brn\n|-damage|p1a: Landorus|15\/100 brn|[from] Stealth Rock\n|-ability|p1a: Landorus|Intimidate|boost\n|-unboost|p2a: Samurott|atk|1\n|turn|19\n|\n|t:|1700304196\n|move|p2a: Samurott|Sucker Punch|p1a: Landorus\n|-damage|p1a: Landorus|0 fnt\n|faint|p1a: Landorus\n|\n|upkeep\n|\n|t:|1700304198\n|switch|p1a: Gholdengo|Gholdengo|100\/100\n|-damage|p1a: Gholdengo|94\/100|[from] Stealth Rock\n|-damage|p1a: Gholdengo|69\/100|[from] Spikes\n|turn|20\n|\n|t:|1700304206\n|switch|p2a: Ceruledge|Ceruledge, M|100\/100\n|-damage|p2a: Ceruledge|76\/100|[from] Stealth Rock\n|-item|p2a: Ceruledge|Air Balloon\n|-terastallize|p1a: Gholdengo|Flying\n|move|p1a: Gholdengo|Make It Rain|p2a: Ceruledge\n|-resisted|p2a: Ceruledge\n|-damage|p2a: Ceruledge|43\/100\n|-unboost|p1a: Gholdengo|spa|1\n|-enditem|p2a: Ceruledge|Air Balloon\n|\n|upkeep\n|turn|21\n|\n|t:|1700304209\n|move|p2a: Ceruledge|Bitter Blade|p1a: Gholdengo\n|-damage|p1a: Gholdengo|21\/100\n|-heal|p2a: Ceruledge|71\/100|[from] drain|[of] p1a: Gholdengo\n|move|p1a: Gholdengo|Shadow Ball|p2a: Ceruledge\n|-supereffective|p2a: Ceruledge\n|-damage|p2a: Ceruledge|9\/100\n|-unboost|p2a: Ceruledge|spd|1\n|\n|upkeep\n|turn|22\n|\n|t:|1700304212\n|move|p2a: Ceruledge|Shadow Sneak|p1a: Gholdengo\n|-damage|p1a: Gholdengo|0 fnt\n|faint|p1a: Gholdengo\n|\n|upkeep\n|\n|t:|1700304215\n|switch|p1a: Dragapult|Dragapult, M|100\/100\n|-status|p1a: Dragapult|psn\n|-damage|p1a: Dragapult|88\/100 psn|[from] Stealth Rock\n|-damage|p1a: Dragapult|63\/100 psn|[from] Spikes\n|turn|23\n|\n|t:|1700304218\n|move|p2a: Ceruledge|Shadow Sneak|p1a: Dragapult\n|-supereffective|p1a: Dragapult\n|-damage|p1a: Dragapult|12\/100 psn\n|move|p1a: Dragapult|Shadow Ball|p2a: Ceruledge\n|-supereffective|p2a: Ceruledge\n|-damage|p2a: Ceruledge|0 fnt\n|faint|p2a: Ceruledge\n|\n|-damage|p1a: Dragapult|0 fnt|[from] psn\n|faint|p1a: Dragapult\n|upkeep\n|-message|xxzfn forfeited.\n|\n|win|Team Cleam\n|raw|xxzfn's rating: 1630 &rarr; <strong>1607<\/strong><br \/>(-23 for losing)\n|raw|Team Cleam's rating: 1570 &rarr; <strong>1593<\/strong><br \/>(+23 for winning)\n|l|\u2606xxzfn\n","uploadtime":1700304462,"views":37,"p1id":"xxzfn","p2id":"teamcleam","formatid":"gen9ou","rating":1593,"private":0,"password":""}