{"id":"gen9ou-1995986849","p1":"Finch's Bf","p2":"HHBBYY","format":"[Gen 9] OU","log":"|j|\u2606Finch's Bf\n|j|\u2606HHBBYY\n|t:|1700625664\n|gametype|singles\n|player|p1|Finch's Bf|volo|1108\n|player|p2|HHBBYY|skyla|1047\n|teamsize|p1|6\n|teamsize|p2|6\n|gen|9\n|tier|[Gen 9] OU\n|rated|\n|rule|Sleep Clause Mod: Limit one foe put to sleep\n|rule|Species Clause: Limit one of each Pok\u00e9mon\n|rule|OHKO Clause: OHKO moves are banned\n|rule|Evasion Items Clause: Evasion items are banned\n|rule|Evasion Moves Clause: Evasion moves are banned\n|rule|Endless Battle Clause: Forcing endless battles is banned\n|rule|HP Percentage Mod: HP is shown in percentages\n|clearpoke\n|poke|p1|Torkoal, M|\n|poke|p1|Ceruledge, M|\n|poke|p1|Walking Wake|\n|poke|p1|Great Tusk|\n|poke|p1|Iron Valiant|\n|poke|p1|Meowscarada, F|\n|poke|p2|Toxapex, M|\n|poke|p2|Corviknight, M|\n|poke|p2|Clefable, M|\n|poke|p2|Dragapult, F|\n|poke|p2|Zapdos|\n|poke|p2|Rotom-Heat|\n|teampreview\n|inactive|Battle timer is ON: inactive players will automatically lose when time's up. (requested by HHBBYY)\n|\n|t:|1700625706\n|start\n|switch|p1a: Torkoal|Torkoal, M|100\/100\n|switch|p2a: Rotom|Rotom-Heat|100\/100\n|-weather|SunnyDay|[from] ability: Drought|[of] p1a: Torkoal\n|turn|1\n|\n|t:|1700625721\n|switch|p2a: Toxapex|Toxapex, M|100\/100\n|move|p1a: Torkoal|Stealth Rock|p2a: Toxapex\n|-sidestart|p2: HHBBYY|move: Stealth Rock\n|\n|-weather|SunnyDay|[upkeep]\n|upkeep\n|turn|2\n|\n|t:|1700625728\n|move|p2a: Toxapex|Toxic|p1a: Torkoal\n|-status|p1a: Torkoal|tox\n|move|p1a: Torkoal|Yawn|p2a: Toxapex\n|-start|p2a: Toxapex|move: Yawn|[of] p1a: Torkoal\n|\n|-weather|SunnyDay|[upkeep]\n|-damage|p1a: Torkoal|94\/100 tox|[from] psn\n|upkeep\n|turn|3\n|\n|t:|1700625745\n|switch|p1a: Meowscarada|Meowscarada, F|100\/100\n|move|p2a: Toxapex|Body Slam|p1a: Meowscarada\n|-damage|p1a: Meowscarada|81\/100\n|-status|p1a: Meowscarada|par\n|\n|-weather|SunnyDay|[upkeep]\n|-end|p2a: Toxapex|move: Yawn|[silent]\n|-status|p2a: Toxapex|slp\n|upkeep\n|turn|4\n|\n|t:|1700625757\n|switch|p2a: Corviknight|Corviknight, M|100\/100\n|-damage|p2a: Corviknight|88\/100|[from] Stealth Rock\n|-ability|p2a: Corviknight|Pressure\n|move|p1a: Meowscarada|U-turn|p2a: Corviknight\n|-start|p1a: Meowscarada|typechange|Bug|[from] ability: Protean\n|-resisted|p2a: Corviknight\n|-damage|p2a: Corviknight|78\/100\n|\n|t:|1700625771\n|switch|p1a: Ceruledge|Ceruledge, M|100\/100|[from] U-turn\n|\n|-weather|SunnyDay|[upkeep]\n|-heal|p2a: Corviknight|84\/100|[from] item: Leftovers\n|upkeep\n|turn|5\n|\n|t:|1700625778\n|move|p1a: Ceruledge|Swords Dance|p1a: Ceruledge\n|-boost|p1a: Ceruledge|atk|2\n|move|p2a: Corviknight|U-turn|p1a: Ceruledge\n|-resisted|p1a: Ceruledge\n|-damage|p1a: Ceruledge|96\/100\n|-ability|p1a: Ceruledge|Weak Armor|boost\n|-unboost|p1a: Ceruledge|def|1\n|-boost|p1a: Ceruledge|spe|2\n|\n|t:|1700625788\n|switch|p2a: Dragapult|Dragapult, F|100\/100|[from] U-turn\n|-damage|p2a: Dragapult|88\/100|[from] Stealth Rock\n|\n|-weather|SunnyDay|[upkeep]\n|upkeep\n|turn|6\n|\n|t:|1700625796\n|move|p1a: Ceruledge|Shadow Sneak|p2a: Dragapult\n|-supereffective|p2a: Dragapult\n|-damage|p2a: Dragapult|0 fnt\n|faint|p2a: Dragapult\n|\n|-weather|SunnyDay|[upkeep]\n|upkeep\n|\n|t:|1700625806\n|switch|p2a: Rotom|Rotom-Heat|100\/100\n|turn|7\n|\n|t:|1700625819\n|move|p1a: Ceruledge|Swords Dance|p1a: Ceruledge\n|-boost|p1a: Ceruledge|atk|2\n|move|p2a: Rotom|Volt Switch|p1a: Ceruledge\n|-damage|p1a: Ceruledge|63\/100\n|\n|t:|1700625825\n|switch|p2a: Zapdos|Zapdos|100\/100|[from] Volt Switch\n|-damage|p2a: Zapdos|76\/100|[from] Stealth Rock\n|-ability|p2a: Zapdos|Pressure\n|\n|-weather|SunnyDay|[upkeep]\n|-heal|p2a: Zapdos|82\/100|[from] item: Leftovers\n|upkeep\n|turn|8\n|\n|t:|1700625836\n|move|p1a: Ceruledge|Bitter Blade|p2a: Zapdos\n|-damage|p2a: Zapdos|0 fnt\n|-heal|p1a: Ceruledge|100\/100|[from] drain|[of] p2a: Zapdos\n|faint|p2a: Zapdos\n|\n|-weather|none\n|upkeep\n|\n|t:|1700625844\n|switch|p2a: Clefable|Clefable, M|100\/100\n|turn|9\n|\n|t:|1700625851\n|-terastallize|p2a: Clefable|Fairy\n|move|p1a: Ceruledge|Bitter Blade|p2a: Clefable\n|-damage|p2a: Clefable|0 fnt\n|faint|p2a: Clefable\n|\n|upkeep\n|\n|t:|1700625857\n|switch|p2a: Corviknight|Corviknight, M|84\/100\n|-damage|p2a: Corviknight|71\/100|[from] Stealth Rock\n|-ability|p2a: Corviknight|Pressure\n|turn|10\n|\n|t:|1700625865\n|move|p1a: Ceruledge|Bitter Blade|p2a: Corviknight\n|-supereffective|p2a: Corviknight\n|-damage|p2a: Corviknight|0 fnt\n|faint|p2a: Corviknight\n|\n|upkeep\n|\n|t:|1700625871\n|switch|p2a: Toxapex|Toxapex, M|100\/100 slp\n|-damage|p2a: Toxapex|88\/100 slp|[from] Stealth Rock\n|turn|11\n|\n|t:|1700625878\n|move|p1a: Ceruledge|Solar Blade||[still]\n|-prepare|p1a: Ceruledge|Solar Blade\n|cant|p2a: Toxapex|slp\n|\n|-heal|p2a: Toxapex|94\/100 slp|[from] item: Black Sludge\n|upkeep\n|turn|12\n|\n|t:|1700625884\n|move|p1a: Ceruledge|Solar Blade|p2a: Toxapex|[from]lockedmove\n|-damage|p2a: Toxapex|15\/100 slp\n|cant|p2a: Toxapex|slp\n|\n|-heal|p2a: Toxapex|21\/100 slp|[from] item: Black Sludge\n|upkeep\n|turn|13\n|\n|t:|1700625892\n|move|p1a: Ceruledge|Bitter Blade|p2a: Toxapex\n|-resisted|p2a: Toxapex\n|-damage|p2a: Toxapex|0 fnt\n|faint|p2a: Toxapex\n|\n|upkeep\n|\n|t:|1700625897\n|switch|p2a: Rotom|Rotom-Heat|100\/100\n|turn|14\n|\n|t:|1700625901\n|move|p1a: Ceruledge|Bitter Blade|p2a: Rotom\n|-resisted|p2a: Rotom\n|-damage|p2a: Rotom|26\/100\n|move|p2a: Rotom|Volt Switch|p1a: Ceruledge\n|-damage|p1a: Ceruledge|71\/100\n|\n|upkeep\n|turn|15\n|\n|t:|1700625909\n|move|p1a: Ceruledge|Bitter Blade|p2a: Rotom\n|-resisted|p2a: Rotom\n|-damage|p2a: Rotom|0 fnt\n|-heal|p1a: Ceruledge|84\/100|[from] drain|[of] p2a: Rotom\n|faint|p2a: Rotom\n|\n|win|Finch's Bf\n|raw|Finch&apos;s Bf's rating: 1108 &rarr; <strong>1129<\/strong><br \/>(+21 for winning)\n|raw|HHBBYY's rating: 1047 &rarr; <strong>1033<\/strong><br \/>(-14 for losing)\n|l|\u2606HHBBYY\n","uploadtime":1700625917,"views":0,"p1id":"finchsbf","p2id":"hhbbyy","formatid":"gen9ou","rating":1033,"private":0,"password":""}