{"id":"gen9ou-1988260774","p1":"winstrol abuser","p2":"Skaraptor2.1","format":"[Gen 9] OU","log":"|j|\u2606winstrol abuser\n|j|\u2606Skaraptor2.1\n|t:|1699696724\n|gametype|singles\n|player|p1|winstrol abuser|169|1439\n|player|p2|Skaraptor2.1|bodybuilderf-gen9|1359\n|teamsize|p1|6\n|teamsize|p2|6\n|gen|9\n|tier|[Gen 9] OU\n|rated|\n|rule|Sleep Clause Mod: Limit one foe put to sleep\n|rule|Species Clause: Limit one of each Pok\u00e9mon\n|rule|OHKO Clause: OHKO moves are banned\n|rule|Evasion Items Clause: Evasion items are banned\n|rule|Evasion Moves Clause: Evasion moves are banned\n|rule|Endless Battle Clause: Forcing endless battles is banned\n|rule|HP Percentage Mod: HP is shown in percentages\n|clearpoke\n|poke|p1|Samurott-Hisui, F|\n|poke|p1|Gholdengo|\n|poke|p1|Glimmora, F|\n|poke|p1|Sneasler, F|\n|poke|p1|Dragapult, M|\n|poke|p1|Rillaboom, F|\n|poke|p2|Iron Jugulis|\n|poke|p2|Ogerpon-Wellspring, F|\n|poke|p2|Tinkaton, F|\n|poke|p2|Iron Moth|\n|poke|p2|Great Tusk|\n|poke|p2|Dragapult, M|\n|teampreview\n|inactive|Battle timer is ON: inactive players will automatically lose when time's up. (requested by Skaraptor2.1)\n|\n|t:|1699696736\n|start\n|switch|p1a: Samurott|Samurott-Hisui, F|100\/100\n|switch|p2a: TWINKATON|Tinkaton, F|100\/100\n|-item|p2a: TWINKATON|Air Balloon\n|turn|1\n|\n|t:|1699696743\n|move|p2a: TWINKATON|Thunder Wave|p1a: Samurott\n|-status|p1a: Samurott|par\n|move|p1a: Samurott|Razor Shell|p2a: TWINKATON\n|-damage|p2a: TWINKATON|47\/100\n|-enditem|p2a: TWINKATON|Air Balloon\n|-enditem|p1a: Samurott|Focus Sash|[silent]|[from] ability: Pickpocket|[of] p1a: Samurott\n|-item|p2a: TWINKATON|Focus Sash|[from] ability: Pickpocket|[of] p1a: Samurott\n|\n|upkeep\n|turn|2\n|\n|t:|1699696752\n|move|p2a: TWINKATON|Play Rough|p1a: Samurott\n|-supereffective|p1a: Samurott\n|-damage|p1a: Samurott|38\/100 par\n|cant|p1a: Samurott|par\n|\n|upkeep\n|turn|3\n|\n|t:|1699696760\n|switch|p1a: Glimmora|Glimmora, F|100\/100\n|move|p2a: TWINKATON|Play Rough|p1a: Glimmora|[miss]\n|-miss|p2a: TWINKATON|p1a: Glimmora\n|\n|upkeep\n|turn|4\n|\n|t:|1699696766\n|move|p2a: TWINKATON|Thunder Wave|p1a: Glimmora\n|-status|p1a: Glimmora|par\n|move|p1a: Glimmora|Earth Power|p2a: TWINKATON\n|-supereffective|p2a: TWINKATON\n|-damage|p2a: TWINKATON|0 fnt\n|faint|p2a: TWINKATON\n|\n|upkeep\n|\n|t:|1699696774\n|switch|p2a: Trans\u2026.former|Iron Jugulis|100\/100\n|-enditem|p2a: Trans\u2026.former|Booster Energy\n|-activate|p2a: Trans\u2026.former|ability: Quark Drive|[fromitem]\n|-start|p2a: Trans\u2026.former|quarkdrivespe\n|turn|5\n|\n|t:|1699696779\n|move|p2a: Trans\u2026.former|Earth Power|p1a: Glimmora\n|-supereffective|p1a: Glimmora\n|-enditem|p1a: Glimmora|Focus Sash\n|-damage|p1a: Glimmora|1\/100 par\n|move|p1a: Glimmora|Stealth Rock|p2a: Trans\u2026.former\n|-sidestart|p2: Skaraptor2.1|move: Stealth Rock\n|\n|upkeep\n|turn|6\n|\n|t:|1699696786\n|move|p2a: Trans\u2026.former|Earth Power|p1a: Glimmora\n|-supereffective|p1a: Glimmora\n|-damage|p1a: Glimmora|0 fnt\n|faint|p1a: Glimmora\n|\n|upkeep\n|\n|t:|1699696807\n|switch|p1a: Samurott|Samurott-Hisui, F|38\/100 par\n|turn|7\n|\n|t:|1699696817\n|move|p1a: Samurott|Aqua Jet|p2a: Trans\u2026.former\n|-damage|p2a: Trans\u2026.former|80\/100\n|move|p2a: Trans\u2026.former|Earth Power|p1a: Samurott\n|-damage|p1a: Samurott|0 fnt\n|faint|p1a: Samurott\n|\n|upkeep\n|\n|t:|1699696835\n|switch|p1a: Rillaboom|Rillaboom, F|100\/100\n|-fieldstart|move: Grassy Terrain|[from] ability: Grassy Surge|[of] p1a: Rillaboom\n|turn|8\n|\n|t:|1699696852\n|switch|p1a: Gholdengo|Gholdengo|100\/100\n|move|p2a: Trans\u2026.former|Hurricane|p1a: Gholdengo\n|-resisted|p1a: Gholdengo\n|-damage|p1a: Gholdengo|70\/100\n|-start|p1a: Gholdengo|confusion\n|\n|-heal|p1a: Gholdengo|76\/100|[from] Grassy Terrain\n|upkeep\n|turn|9\n|\n|t:|1699696868\n|move|p2a: Trans\u2026.former|Earth Power|p1a: Gholdengo\n|-supereffective|p1a: Gholdengo\n|-damage|p1a: Gholdengo|0 fnt\n|faint|p1a: Gholdengo\n|\n|upkeep\n|\n|t:|1699696873\n|switch|p1a: Sneasler|Sneasler, F|100\/100\n|-enditem|p1a: Sneasler|Grassy Seed\n|-boost|p1a: Sneasler|def|1|[from] item: Grassy Seed\n|turn|10\n|\n|t:|1699696886\n|-terastallize|p1a: Sneasler|Flying\n|move|p1a: Sneasler|Acrobatics|p2a: Trans\u2026.former\n|-damage|p2a: Trans\u2026.former|9\/100\n|move|p2a: Trans\u2026.former|Hurricane|p1a: Sneasler\n|-damage|p1a: Sneasler|19\/100\n|\n|upkeep\n|turn|11\n|\n|t:|1699696893\n|move|p1a: Sneasler|Acrobatics|p2a: Trans\u2026.former\n|-damage|p2a: Trans\u2026.former|0 fnt\n|faint|p2a: Trans\u2026.former\n|-end|p2a: Trans\u2026.former|Quark Drive|[silent]\n|\n|upkeep\n|\n|t:|1699696899\n|switch|p2a: Drag Queen|Dragapult, M|100\/100\n|-damage|p2a: Drag Queen|88\/100|[from] Stealth Rock\n|turn|12\n|\n|t:|1699696903\n|move|p1a: Sneasler|Acrobatics|p2a: Drag Queen\n|-damage|p2a: Drag Queen|7\/100\n|move|p2a: Drag Queen|Shadow Ball|p1a: Sneasler\n|-damage|p1a: Sneasler|0 fnt\n|faint|p1a: Sneasler\n|\n|-heal|p2a: Drag Queen|13\/100|[from] Grassy Terrain\n|-fieldend|move: Grassy Terrain\n|upkeep\n|\n|t:|1699696912\n|switch|p1a: Rillaboom|Rillaboom, F|100\/100\n|-fieldstart|move: Grassy Terrain|[from] ability: Grassy Surge|[of] p1a: Rillaboom\n|turn|13\n|\n|t:|1699696924\n|move|p1a: Rillaboom|Grassy Glide|p2a: Drag Queen\n|-resisted|p2a: Drag Queen\n|-damage|p2a: Drag Queen|0 fnt\n|faint|p2a: Drag Queen\n|\n|upkeep\n|\n|t:|1699696927\n|switch|p2a: Be gay do crime|Great Tusk|100\/100\n|-damage|p2a: Be gay do crime|98\/100|[from] Stealth Rock\n|-enditem|p2a: Be gay do crime|Booster Energy\n|-activate|p2a: Be gay do crime|ability: Protosynthesis|[fromitem]\n|-start|p2a: Be gay do crime|protosynthesisspe\n|turn|14\n|\n|t:|1699696935\n|switch|p1a: Dragapult|Dragapult, M|100\/100\n|-terastallize|p2a: Be gay do crime|Poison\n|move|p2a: Be gay do crime|Bulk Up|p2a: Be gay do crime\n|-boost|p2a: Be gay do crime|atk|1\n|-boost|p2a: Be gay do crime|def|1\n|\n|-heal|p2a: Be gay do crime|100\/100|[from] Grassy Terrain\n|upkeep\n|turn|15\n|\n|t:|1699696944\n|move|p2a: Be gay do crime|Ice Spinner|p1a: Dragapult\n|-supereffective|p1a: Dragapult\n|-damage|p1a: Dragapult|7\/100\n|-fieldend|move: Grassy Terrain\n|move|p1a: Dragapult|Draco Meteor|p2a: Be gay do crime\n|-damage|p2a: Be gay do crime|0 fnt\n|-unboost|p1a: Dragapult|spa|2\n|faint|p2a: Be gay do crime\n|-end|p2a: Be gay do crime|Protosynthesis|[silent]\n|\n|upkeep\n|\n|t:|1699696950\n|switch|p2a: Solar Panels|Iron Moth|100\/100\n|-damage|p2a: Solar Panels|76\/100|[from] Stealth Rock\n|-enditem|p2a: Solar Panels|Booster Energy\n|-activate|p2a: Solar Panels|ability: Quark Drive|[fromitem]\n|-start|p2a: Solar Panels|quarkdrivespe\n|turn|16\n|\n|t:|1699696958\n|switch|p1a: Rillaboom|Rillaboom, F|100\/100\n|-fieldstart|move: Grassy Terrain|[from] ability: Grassy Surge|[of] p1a: Rillaboom\n|move|p2a: Solar Panels|Fiery Dance|p1a: Rillaboom\n|-supereffective|p1a: Rillaboom\n|-damage|p1a: Rillaboom|0 fnt\n|-boost|p2a: Solar Panels|spa|1\n|faint|p1a: Rillaboom\n|\n|-heal|p2a: Solar Panels|82\/100|[from] Grassy Terrain\n|upkeep\n|-message|winstrol abuser forfeited.\n|\n|win|Skaraptor2.1\n|raw|winstrol abuser's rating: 1439 &rarr; <strong>1414<\/strong><br \/>(-25 for losing)\n|raw|Skaraptor2.1's rating: 1359 &rarr; <strong>1384<\/strong><br \/>(+25 for winning)\n|l|\u2606winstrol abuser\n","uploadtime":1699696969,"views":16,"p1id":"winstrolabuser","p2id":"skaraptor21","formatid":"gen9ou","rating":1384,"private":0,"password":""}