{"id":"gen9ou-1990198536","p1":"amstan","p2":"Audio Peel","format":"[Gen 9] OU","log":"|j|\u2606amstan\n|j|\u2606Audio Peel\n|t:|1699936151\n|gametype|singles\n|player|p1|amstan|lucas|1617\n|player|p2|Audio Peel|170|1739\n|teamsize|p1|6\n|teamsize|p2|6\n|gen|9\n|tier|[Gen 9] OU\n|rated|\n|rule|Sleep Clause Mod: Limit one foe put to sleep\n|rule|Species Clause: Limit one of each Pok\u00e9mon\n|rule|OHKO Clause: OHKO moves are banned\n|rule|Evasion Items Clause: Evasion items are banned\n|rule|Evasion Moves Clause: Evasion moves are banned\n|rule|Endless Battle Clause: Forcing endless battles is banned\n|rule|HP Percentage Mod: HP is shown in percentages\n|clearpoke\n|poke|p1|Samurott-Hisui, M|\n|poke|p1|Gholdengo|\n|poke|p1|Ceruledge, M|\n|poke|p1|Rillaboom, M|\n|poke|p1|Zamazenta-*|\n|poke|p1|Great Tusk|\n|poke|p2|Rillaboom, M|\n|poke|p2|Sneasler, M|\n|poke|p2|Great Tusk|\n|poke|p2|Ogerpon-Cornerstone, F|\n|poke|p2|Iron Valiant|\n|poke|p2|Manaphy|\n|teampreview\n|j| SwabbyYabby\n|j| devicre\n|j| cheese miestro\n|inactive|Battle timer is ON: inactive players will automatically lose when time's up. (requested by Audio Peel)\n|\n|t:|1699936218\n|start\n|switch|p1a: Gholdengo|Gholdengo|100\/100\n|switch|p2a: Ogerpon|Ogerpon-Cornerstone, F|100\/100\n|turn|1\n|\n|t:|1699936224\n|move|p1a: Gholdengo|Make It Rain|p2a: Ogerpon\n|-supereffective|p2a: Ogerpon\n|-ability|p2a: Ogerpon|Sturdy\n|-damage|p2a: Ogerpon|1\/100\n|-unboost|p1a: Gholdengo|spa|1\n|move|p2a: Ogerpon|Knock Off|p1a: Gholdengo\n|-supereffective|p1a: Gholdengo\n|-damage|p1a: Gholdengo|11\/100\n|-enditem|p1a: Gholdengo|Choice Scarf|[from] move: Knock Off|[of] p2a: Ogerpon\n|\n|upkeep\n|turn|2\n|j| CrowsBerserk\n|\n|t:|1699936233\n|switch|p1a: Ceruledge|Ceruledge, M|100\/100\n|move|p2a: Ogerpon|Knock Off|p1a: Ceruledge\n|-supereffective|p1a: Ceruledge\n|-enditem|p1a: Ceruledge|Focus Sash\n|-damage|p1a: Ceruledge|1\/100\n|-ability|p1a: Ceruledge|Weak Armor|boost\n|-unboost|p1a: Ceruledge|def|1\n|-boost|p1a: Ceruledge|spe|2\n|\n|upkeep\n|turn|3\n|j| CalmGamBro\n|\n|t:|1699936242\n|move|p1a: Ceruledge|Bitter Blade|p2a: Ogerpon\n|-damage|p2a: Ogerpon|0 fnt\n|-heal|p1a: Ceruledge|1\/100|[from] drain|[of] p2a: Ogerpon\n|faint|p2a: Ogerpon\n|\n|upkeep\n|inactive|Audio Peel has 120 seconds left.\n|\n|t:|1699936277\n|switch|p2a: Great Tusk|Great Tusk|100\/100\n|-enditem|p2a: Great Tusk|Booster Energy\n|-activate|p2a: Great Tusk|ability: Protosynthesis|[fromitem]\n|-start|p2a: Great Tusk|protosynthesisspe\n|turn|4\n|inactive|Audio Peel has 120 seconds left.\n|\n|t:|1699936289\n|move|p1a: Ceruledge|Destiny Bond|p1a: Ceruledge\n|-singlemove|p1a: Ceruledge|Destiny Bond\n|move|p2a: Great Tusk|Bulk Up|p2a: Great Tusk\n|-boost|p2a: Great Tusk|atk|1\n|-boost|p2a: Great Tusk|def|1\n|\n|upkeep\n|turn|5\n|inactive|Audio Peel has 120 seconds left.\n|\n|t:|1699936306\n|move|p1a: Ceruledge|Bitter Blade|p2a: Great Tusk\n|-damage|p2a: Great Tusk|82\/100\n|-heal|p1a: Ceruledge|15\/100|[from] drain|[of] p2a: Great Tusk\n|move|p2a: Great Tusk|Headlong Rush|p1a: Ceruledge\n|-supereffective|p1a: Ceruledge\n|-crit|p1a: Ceruledge\n|-damage|p1a: Ceruledge|0 fnt\n|-unboost|p2a: Great Tusk|def|1\n|-unboost|p2a: Great Tusk|spd|1\n|faint|p1a: Ceruledge\n|\n|upkeep\n|\n|t:|1699936323\n|switch|p1a: Zamazenta|Zamazenta|100\/100\n|-ability|p1a: Zamazenta|Dauntless Shield|boost\n|-boost|p1a: Zamazenta|def|1\n|turn|6\n|\n|t:|1699936327\n|move|p2a: Great Tusk|Headlong Rush|p1a: Zamazenta\n|-crit|p1a: Zamazenta\n|-damage|p1a: Zamazenta|9\/100\n|-unboost|p2a: Great Tusk|def|1\n|-unboost|p2a: Great Tusk|spd|1\n|move|p1a: Zamazenta|Iron Defense|p1a: Zamazenta\n|-boost|p1a: Zamazenta|def|2\n|\n|-heal|p1a: Zamazenta|15\/100|[from] item: Leftovers\n|upkeep\n|turn|7\n|c|\u2606Audio Peel|mb\n|\n|t:|1699936336\n|move|p2a: Great Tusk|Headlong Rush|p1a: Zamazenta\n|-damage|p1a: Zamazenta|0 fnt\n|-unboost|p2a: Great Tusk|def|1\n|-unboost|p2a: Great Tusk|spd|1\n|faint|p1a: Zamazenta\n|\n|upkeep\n|\n|t:|1699936341\n|switch|p1a: Great Tusk|Great Tusk|100\/100\n|-enditem|p1a: Great Tusk|Booster Energy\n|-activate|p1a: Great Tusk|ability: Protosynthesis|[fromitem]\n|-start|p1a: Great Tusk|protosynthesisspe\n|turn|8\n|\n|t:|1699936350\n|move|p1a: Great Tusk|Ice Spinner|p2a: Great Tusk\n|-supereffective|p2a: Great Tusk\n|-damage|p2a: Great Tusk|19\/100\n|move|p2a: Great Tusk|Bulk Up|p2a: Great Tusk\n|-boost|p2a: Great Tusk|atk|1\n|-boost|p2a: Great Tusk|def|1\n|\n|upkeep\n|turn|9\n|\n|t:|1699936353\n|move|p1a: Great Tusk|Rapid Spin|p2a: Great Tusk\n|-damage|p2a: Great Tusk|6\/100\n|-boost|p1a: Great Tusk|spe|1\n|move|p2a: Great Tusk|Ice Spinner|p1a: Great Tusk\n|-supereffective|p1a: Great Tusk\n|-damage|p1a: Great Tusk|45\/100\n|\n|upkeep\n|turn|10\n|\n|t:|1699936356\n|move|p1a: Great Tusk|Rapid Spin|p2a: Great Tusk\n|-damage|p2a: Great Tusk|0 fnt\n|-boost|p1a: Great Tusk|spe|1\n|faint|p2a: Great Tusk\n|-end|p2a: Great Tusk|Protosynthesis|[silent]\n|\n|upkeep\n|\n|t:|1699936359\n|switch|p2a: trickle down|Manaphy|100\/100\n|turn|11\n|inactive|amstan has 120 seconds left.\n|l| CalmGamBro\n|\n|t:|1699936418\n|move|p1a: Great Tusk|High Horsepower|p2a: trickle down\n|-damage|p2a: trickle down|73\/100\n|move|p2a: trickle down|Take Heart|p2a: trickle down\n|-boost|p2a: trickle down|spa|1\n|-boost|p2a: trickle down|spd|1\n|\n|-heal|p2a: trickle down|79\/100|[from] item: Leftovers\n|upkeep\n|turn|12\n|\n|t:|1699936431\n|-end|p1a: Great Tusk|Protosynthesis|[silent]\n|switch|p1a: Samurott|Samurott-Hisui, M, shiny|100\/100\n|move|p2a: trickle down|Rest|p2a: trickle down\n|-status|p2a: trickle down|slp|[from] move: Rest\n|-heal|p2a: trickle down|100\/100 slp|[silent]\n|\n|upkeep\n|turn|13\n|\n|t:|1699936441\n|move|p1a: Samurott|Swords Dance|p1a: Samurott\n|-boost|p1a: Samurott|atk|2\n|cant|p2a: trickle down|slp\n|move|p2a: trickle down|Sleep Talk|p2a: trickle down\n|move|p2a: trickle down|Take Heart|p2a: trickle down|[from]move: Sleep Talk\n|-boost|p2a: trickle down|spa|1\n|-boost|p2a: trickle down|spd|1\n|-curestatus|p2a: trickle down|slp|[msg]\n|\n|upkeep\n|turn|14\n|\n|t:|1699936447\n|move|p1a: Samurott|Ceaseless Edge|p2a: trickle down\n|-damage|p2a: trickle down|30\/100\n|-sidestart|p2: Audio Peel|Spikes\n|move|p2a: trickle down|Scald|p1a: Samurott\n|-resisted|p1a: Samurott\n|-damage|p1a: Samurott|61\/100\n|\n|-heal|p2a: trickle down|36\/100|[from] item: Leftovers\n|upkeep\n|turn|15\n|\n|t:|1699936460\n|move|p1a: Samurott|Ceaseless Edge|p2a: trickle down\n|-damage|p2a: trickle down|0 fnt\n|-sidestart|p2: Audio Peel|Spikes\n|faint|p2a: trickle down\n|\n|upkeep\n|\n|t:|1699936462\n|switch|p2a: Beezynomics|Rillaboom, M|100\/100\n|-damage|p2a: Beezynomics|84\/100|[from] Spikes\n|-fieldstart|move: Grassy Terrain|[from] ability: Grassy Surge|[of] p2a: Beezynomics\n|turn|16\n|\n|t:|1699936471\n|switch|p1a: Gholdengo|Gholdengo|11\/100\n|move|p2a: Beezynomics|Grassy Glide|p1a: Gholdengo\n|-resisted|p1a: Gholdengo\n|-damage|p1a: Gholdengo|0 fnt\n|faint|p1a: Gholdengo\n|\n|-heal|p2a: Beezynomics|90\/100|[from] Grassy Terrain\n|upkeep\n|\n|t:|1699936479\n|switch|p1a: Rillaboom|Rillaboom, M|100\/100\n|turn|17\n|\n|t:|1699936484\n|switch|p2a: Iron Valiant|Iron Valiant|100\/100\n|-damage|p2a: Iron Valiant|84\/100|[from] Spikes\n|-enditem|p2a: Iron Valiant|Booster Energy\n|-activate|p2a: Iron Valiant|ability: Quark Drive|[fromitem]\n|-start|p2a: Iron Valiant|quarkdrivespe\n|move|p1a: Rillaboom|Swords Dance|p1a: Rillaboom\n|-boost|p1a: Rillaboom|atk|2\n|\n|-heal|p2a: Iron Valiant|90\/100|[from] Grassy Terrain\n|upkeep\n|turn|18\n|\n|t:|1699936490\n|move|p1a: Rillaboom|Grassy Glide|p2a: Iron Valiant\n|-damage|p2a: Iron Valiant|0 fnt\n|faint|p2a: Iron Valiant\n|-end|p2a: Iron Valiant|Quark Drive|[silent]\n|-damage|p1a: Rillaboom|91\/100|[from] item: Life Orb\n|\n|-heal|p1a: Rillaboom|97\/100|[from] Grassy Terrain\n|upkeep\n|\n|t:|1699936493\n|switch|p2a: Sneasler|Sneasler, M|100\/100\n|-damage|p2a: Sneasler|84\/100|[from] Spikes\n|-enditem|p2a: Sneasler|Grassy Seed\n|-boost|p2a: Sneasler|def|1|[from] item: Grassy Seed\n|turn|19\n|\n|t:|1699936498\n|-terastallize|p1a: Rillaboom|Water\n|move|p1a: Rillaboom|Grassy Glide|p2a: Sneasler\n|-resisted|p2a: Sneasler\n|-damage|p2a: Sneasler|26\/100\n|-damage|p1a: Rillaboom|87\/100|[from] item: Life Orb\n|move|p2a: Sneasler|Gunk Shot|p1a: Rillaboom|[miss]\n|-miss|p2a: Sneasler|p1a: Rillaboom\n|\n|-heal|p2a: Sneasler|32\/100|[from] Grassy Terrain\n|-heal|p1a: Rillaboom|93\/100|[from] Grassy Terrain\n|upkeep\n|turn|20\n|\n|t:|1699936507\n|move|p1a: Rillaboom|Grassy Glide|p2a: Sneasler\n|-resisted|p2a: Sneasler\n|-damage|p2a: Sneasler|0 fnt\n|faint|p2a: Sneasler\n|-damage|p1a: Rillaboom|83\/100|[from] item: Life Orb\n|\n|-heal|p1a: Rillaboom|89\/100|[from] Grassy Terrain\n|-fieldend|move: Grassy Terrain\n|upkeep\n|\n|t:|1699936510\n|switch|p2a: Beezynomics|Rillaboom, M|90\/100\n|-damage|p2a: Beezynomics|74\/100|[from] Spikes\n|-fieldstart|move: Grassy Terrain|[from] ability: Grassy Surge|[of] p2a: Beezynomics\n|turn|21\n|\n|t:|1699936514\n|-terastallize|p2a: Beezynomics|Grass\n|move|p1a: Rillaboom|Grassy Glide|p2a: Beezynomics\n|-resisted|p2a: Beezynomics\n|-damage|p2a: Beezynomics|20\/100\n|-damage|p1a: Rillaboom|79\/100|[from] item: Life Orb\n|move|p2a: Beezynomics|Grassy Glide|p1a: Rillaboom\n|-supereffective|p1a: Rillaboom\n|-damage|p1a: Rillaboom|0 fnt\n|faint|p1a: Rillaboom\n|\n|-heal|p2a: Beezynomics|27\/100|[from] Grassy Terrain\n|upkeep\n|\n|t:|1699936520\n|switch|p1a: Samurott|Samurott-Hisui, M, shiny|61\/100\n|turn|22\n|\n|t:|1699936523\n|move|p2a: Beezynomics|Grassy Glide|p1a: Samurott\n|-supereffective|p1a: Samurott\n|-damage|p1a: Samurott|0 fnt\n|faint|p1a: Samurott\n|\n|-heal|p2a: Beezynomics|33\/100|[from] Grassy Terrain\n|upkeep\n|\n|t:|1699936526\n|switch|p1a: Great Tusk|Great Tusk|45\/100\n|turn|23\n|\n|t:|1699936528\n|move|p2a: Beezynomics|Grassy Glide|p1a: Great Tusk\n|-supereffective|p1a: Great Tusk\n|-damage|p1a: Great Tusk|0 fnt\n|faint|p1a: Great Tusk\n|-end|p1a: Great Tusk|Protosynthesis|[silent]\n|\n|win|Audio Peel\n|raw|amstan's rating: 1617 &rarr; <strong>1604<\/strong><br \/>(-13 for losing)\n|raw|Audio Peel's rating: 1739 &rarr; <strong>1752<\/strong><br \/>(+13 for winning)\n|c|\u2606Audio Peel|gg\n|c|\u2606amstan|Gg\n|l|\u2606amstan\n","uploadtime":1699936541,"views":21,"p1id":"amstan","p2id":"audiopeel","formatid":"gen9ou","rating":1604,"private":0,"password":""}