{"id":"gen9ou-1991206741","p1":"riaszin smurfs","p2":"dnites2","format":"[Gen 9] OU","log":"|j|\u2606riaszin smurfs\n|j|\u2606dnites2\n|t:|1700057120\n|gametype|singles\n|player|p1|riaszin smurfs|doubleteam|1704\n|player|p2|dnites2|102|1807\n|teamsize|p1|6\n|teamsize|p2|6\n|gen|9\n|tier|[Gen 9] OU\n|rated|\n|rule|Sleep Clause Mod: Limit one foe put to sleep\n|rule|Species Clause: Limit one of each Pok\u00e9mon\n|rule|OHKO Clause: OHKO moves are banned\n|rule|Evasion Items Clause: Evasion items are banned\n|rule|Evasion Moves Clause: Evasion moves are banned\n|rule|Endless Battle Clause: Forcing endless battles is banned\n|rule|HP Percentage Mod: HP is shown in percentages\n|clearpoke\n|poke|p1|Moltres|\n|poke|p1|Clefable, F|\n|poke|p1|Clodsire, F|\n|poke|p1|Sneasler, M|\n|poke|p1|Kingambit, M|\n|poke|p1|Walking Wake|\n|poke|p2|Ogerpon, F|\n|poke|p2|Rillaboom, F|\n|poke|p2|Hawlucha, F|\n|poke|p2|Goodra-Hisui, F|\n|poke|p2|Walking Wake|\n|poke|p2|Jirachi|\n|teampreview\n|j| IRLFloofy\n|j| I love gliscor tbh\n|\n|t:|1700057141\n|start\n|switch|p1a: Walking Wake|Walking Wake|100\/100\n|switch|p2a: Rillaboom|Rillaboom, F|100\/100\n|-fieldstart|move: Grassy Terrain|[from] ability: Grassy Surge|[of] p2a: Rillaboom\n|turn|1\n|inactive|Battle timer is ON: inactive players will automatically lose when time's up. (requested by dnites2)\n|\n|t:|1700057150\n|switch|p2a: Goodra|Goodra-Hisui, F|100\/100\n|move|p1a: Walking Wake|Flamethrower|p2a: Goodra\n|-damage|p2a: Goodra|82\/100\n|\n|-heal|p2a: Goodra|88\/100|[from] Grassy Terrain\n|upkeep\n|turn|2\n|\n|t:|1700057174\n|-end|p1a: Walking Wake|Protosynthesis|[silent]\n|switch|p1a: Clodsire|Clodsire, F|100\/100\n|switch|p2a: Jirachi|Jirachi|100\/100\n|\n|upkeep\n|turn|3\n|\n|t:|1700057191\n|move|p2a: Jirachi|Iron Head|p1a: Clodsire\n|-damage|p1a: Clodsire|69\/100\n|move|p1a: Clodsire|Spikes|p2a: Jirachi\n|-sidestart|p2: dnites2|Spikes\n|\n|-heal|p1a: Clodsire|75\/100|[from] Grassy Terrain\n|upkeep\n|turn|4\n|\n|t:|1700057199\n|switch|p1a: Moltres|Moltres|100\/100\n|move|p2a: Jirachi|Thunder|p1a: Moltres\n|-supereffective|p1a: Moltres\n|-damage|p1a: Moltres|66\/100\n|\n|upkeep\n|turn|5\n|\n|t:|1700057210\n|move|p1a: Moltres|Roost|p1a: Moltres\n|-heal|p1a: Moltres|100\/100\n|-singleturn|p1a: Moltres|move: Roost\n|move|p2a: Jirachi|Thunder|p1a: Moltres\n|-damage|p1a: Moltres|81\/100\n|-status|p1a: Moltres|par\n|\n|-heal|p1a: Moltres|87\/100 par|[from] Grassy Terrain\n|upkeep\n|turn|6\n|l| I love gliscor tbh\n|inactive|dnites2 has 120 seconds left.\n|inactive|dnites2 has 90 seconds left.\n|j| CG12\n|\n|t:|1700057278\n|switch|p2a: Walking Wake|Walking Wake|100\/100\n|-damage|p2a: Walking Wake|88\/100|[from] Spikes\n|cant|p1a: Moltres|par\n|\n|-heal|p2a: Walking Wake|94\/100|[from] Grassy Terrain\n|upkeep\n|turn|7\n|j| No Nice Names Left\n|inactive|riaszin smurfs has 120 seconds left.\n|\n|t:|1700057313\n|switch|p1a: Clodsire|Clodsire, F|75\/100\n|move|p2a: Walking Wake|Scald|p1a: Clodsire\n|-heal|p1a: Clodsire|99\/100|[from] ability: Water Absorb|[of] p2a: Walking Wake\n|\n|-heal|p2a: Walking Wake|100\/100|[from] Grassy Terrain\n|-heal|p1a: Clodsire|100\/100|[from] Grassy Terrain\n|upkeep\n|turn|8\n|inactive|riaszin smurfs has 120 seconds left.\n|\n|t:|1700057326\n|-end|p2a: Walking Wake|Protosynthesis|[silent]\n|switch|p2a: Ogerpon|Ogerpon, F|100\/100\n|-damage|p2a: Ogerpon|88\/100|[from] Spikes\n|move|p1a: Clodsire|Earthquake|p2a: Ogerpon\n|-resisted|p2a: Ogerpon\n|-damage|p2a: Ogerpon|79\/100\n|\n|-heal|p2a: Ogerpon|85\/100|[from] Grassy Terrain\n|-fieldend|move: Grassy Terrain\n|upkeep\n|turn|9\n|\n|t:|1700057341\n|-terastallize|p2a: Ogerpon|Grass\n|detailschange|p2a: Ogerpon|Ogerpon-Teal-Tera, F, tera:Grass\n|-ability|p2a: Ogerpon|Embody Aspect (Teal)|boost\n|-boost|p2a: Ogerpon|spe|1\n|move|p2a: Ogerpon|Ivy Cudgel|p1a: Clodsire\n|-damage|p1a: Clodsire|0 fnt\n|faint|p1a: Clodsire\n|\n|upkeep\n|\n|t:|1700057348\n|switch|p1a: Moltres|Moltres|87\/100 par\n|turn|10\n|\n|t:|1700057356\n|switch|p2a: Walking Wake|Walking Wake|100\/100\n|-damage|p2a: Walking Wake|88\/100|[from] Spikes\n|move|p1a: Moltres|Will-O-Wisp|p2a: Walking Wake\n|-status|p2a: Walking Wake|brn\n|\n|-damage|p2a: Walking Wake|82\/100 brn|[from] brn\n|upkeep\n|turn|11\n|inactive|dnites2 has 90 seconds left.\n|\n|t:|1700057366\n|switch|p1a: Walking Wake|Walking Wake|100\/100\n|move|p2a: Walking Wake|Flip Turn|p1a: Walking Wake\n|-resisted|p1a: Walking Wake\n|-damage|p1a: Walking Wake|98\/100\n|\n|t:|1700057374\n|-end|p2a: Walking Wake|Protosynthesis|[silent]\n|switch|p2a: Rillaboom|Rillaboom, F|100\/100|[from] Flip Turn\n|-damage|p2a: Rillaboom|88\/100|[from] Spikes\n|-fieldstart|move: Grassy Terrain|[from] ability: Grassy Surge|[of] p2a: Rillaboom\n|\n|-heal|p1a: Walking Wake|100\/100|[from] Grassy Terrain\n|-heal|p2a: Rillaboom|94\/100|[from] Grassy Terrain\n|upkeep\n|turn|12\n|inactive|dnites2 has 90 seconds left.\n|\n|t:|1700057398\n|move|p1a: Walking Wake|Flamethrower|p2a: Rillaboom\n|-supereffective|p2a: Rillaboom\n|-damage|p2a: Rillaboom|0 fnt\n|faint|p2a: Rillaboom\n|\n|upkeep\n|l| CG12\n|inactive|dnites2 has 60 seconds left.\n|\n|t:|1700057426\n|switch|p2a: Hawlucha|Hawlucha, F|100\/100\n|-enditem|p2a: Hawlucha|Grassy Seed\n|-boost|p2a: Hawlucha|def|1|[from] item: Grassy Seed\n|turn|13\n|\n|t:|1700057450\n|move|p2a: Hawlucha|Swords Dance|p2a: Hawlucha\n|-boost|p2a: Hawlucha|atk|2\n|move|p1a: Walking Wake|Flamethrower|p2a: Hawlucha\n|-damage|p2a: Hawlucha|37\/100\n|\n|upkeep\n|turn|14\n|j| Golden Oreos\n|j| Misuta Zero\n|\n|t:|1700057459\n|-end|p1a: Walking Wake|Protosynthesis|[silent]\n|switch|p1a: Moltres|Moltres|87\/100 par\n|move|p2a: Hawlucha|Acrobatics|p1a: Moltres\n|-damage|p1a: Moltres|0 fnt\n|-status|p2a: Hawlucha|brn|[from] ability: Flame Body|[of] p1a: Moltres\n|faint|p1a: Moltres\n|\n|-damage|p2a: Hawlucha|31\/100 brn|[from] brn\n|upkeep\n|inactive|riaszin smurfs has 120 seconds left.\n|j| dlc so insane\n|inactive|riaszin smurfs has 90 seconds left.\n|\n|t:|1700057537\n|switch|p1a: Kingambit|Kingambit, M|100\/100\n|-activate|p1a: Kingambit|ability: Supreme Overlord\n|-start|p1a: Kingambit|fallen2|[silent]\n|turn|15\n|\n|t:|1700057545\n|-terastallize|p1a: Kingambit|Flying\n|move|p2a: Hawlucha|Drain Punch|p1a: Kingambit\n|-resisted|p1a: Kingambit\n|-damage|p1a: Kingambit|85\/100\n|-heal|p2a: Hawlucha|38\/100 brn|[from] drain|[of] p1a: Kingambit\n|move|p1a: Kingambit|Swords Dance|p1a: Kingambit\n|-boost|p1a: Kingambit|atk|2\n|\n|-heal|p1a: Kingambit|91\/100|[from] item: Leftovers\n|-damage|p2a: Hawlucha|32\/100 brn|[from] brn\n|upkeep\n|turn|16\n|l| Misuta Zero\n|\n|t:|1700057560\n|move|p2a: Hawlucha|Encore|p1a: Kingambit\n|-start|p1a: Kingambit|Encore\n|move|p1a: Kingambit|Swords Dance|p1a: Kingambit\n|-boost|p1a: Kingambit|atk|2\n|\n|-heal|p1a: Kingambit|98\/100|[from] item: Leftovers\n|-damage|p2a: Hawlucha|26\/100 brn|[from] brn\n|upkeep\n|turn|17\n|\n|t:|1700057578\n|move|p2a: Hawlucha|Swords Dance|p2a: Hawlucha\n|-boost|p2a: Hawlucha|atk|2\n|move|p1a: Kingambit|Swords Dance|p1a: Kingambit\n|-boost|p1a: Kingambit|atk|2\n|\n|-heal|p1a: Kingambit|100\/100|[from] item: Leftovers\n|-damage|p2a: Hawlucha|19\/100 brn|[from] brn\n|upkeep\n|turn|18\n|j| mew852\n|\n|t:|1700057588\n|move|p2a: Hawlucha|Swords Dance|p2a: Hawlucha\n|-boost|p2a: Hawlucha|atk|2\n|move|p1a: Kingambit|Swords Dance|p1a: Kingambit\n|-boost|p1a: Kingambit|atk|0\n|\n|-damage|p2a: Hawlucha|13\/100 brn|[from] brn\n|-end|p1a: Kingambit|Encore\n|-fieldend|move: Grassy Terrain\n|upkeep\n|turn|19\n|\n|t:|1700057600\n|move|p1a: Kingambit|Sucker Punch||[still]\n|-fail|p1a: Kingambit\n|move|p2a: Hawlucha|Encore|p1a: Kingambit\n|-start|p1a: Kingambit|Encore\n|\n|-damage|p2a: Hawlucha|7\/100 brn|[from] brn\n|upkeep\n|turn|20\n|inactive|riaszin smurfs has 90 seconds left.\n|c|\u2606dnites2|I think I screwed myself\n|inactive|riaszin smurfs has 60 seconds left.\n|\n|t:|1700057675\n|move|p1a: Kingambit|Sucker Punch|p2a: Hawlucha\n|-resisted|p2a: Hawlucha\n|-damage|p2a: Hawlucha|0 fnt\n|faint|p2a: Hawlucha\n|\n|upkeep\n|c|\u2606dnites2|Gg\n|c|\u2606riaszin smurfs|ye\n|-message|dnites2 forfeited.\n|\n|win|riaszin smurfs\n|raw|riaszin smurfs's rating: 1704 &rarr; <strong>1730<\/strong><br \/>(+26 for winning)\n|raw|dnites2's rating: 1807 &rarr; <strong>1781<\/strong><br \/>(-26 for losing)\n|c|\u2606riaszin smurfs|gg\n|l|\u2606dnites2\n|l|\u2606riaszin smurfs\n|l| IRLFloofy\n|l| Golden Oreos\n","uploadtime":1700057728,"views":5,"p1id":"riaszinsmurfs","p2id":"dnites2","formatid":"gen9ou","rating":1730,"private":0,"password":""}