{"id":"gen9ou-1994192413","p1":"Morgan23","p2":"Jeusu","format":"[Gen 9] OU","log":"|j|\u2606Morgan23\n|j|\u2606Jeusu\n|t:|1700417328\n|gametype|singles\n|player|p1|Morgan23|170|1258\n|player|p2|Jeusu|plasmagruntf|1267\n|teamsize|p1|6\n|teamsize|p2|6\n|gen|9\n|tier|[Gen 9] OU\n|rated|\n|rule|Sleep Clause Mod: Limit one foe put to sleep\n|rule|Species Clause: Limit one of each Pok\u00e9mon\n|rule|OHKO Clause: OHKO moves are banned\n|rule|Evasion Items Clause: Evasion items are banned\n|rule|Evasion Moves Clause: Evasion moves are banned\n|rule|Endless Battle Clause: Forcing endless battles is banned\n|rule|HP Percentage Mod: HP is shown in percentages\n|clearpoke\n|poke|p1|Clodsire, M|\n|poke|p1|Weavile, M|\n|poke|p1|Great Tusk|\n|poke|p1|Rotom-Heat|\n|poke|p1|Clefable, M|\n|poke|p1|Toxapex, F|\n|poke|p2|Rillaboom, M|\n|poke|p2|Iron Moth|\n|poke|p2|Dondozo, M|\n|poke|p2|Clodsire, F|\n|poke|p2|Iron Treads|\n|poke|p2|Haxorus, F|\n|teampreview\n|inactive|Battle timer is ON: inactive players will automatically lose when time's up. (requested by Jeusu)\n|\n|t:|1700417377\n|start\n|switch|p1a: Clefable|Clefable, M|100\/100\n|switch|p2a: Iron Moth|Iron Moth|100\/100\n|turn|1\n|\n|t:|1700417382\n|move|p2a: Iron Moth|Sludge Wave|p1a: Clefable\n|-supereffective|p1a: Clefable\n|-damage|p1a: Clefable|26\/100\n|move|p1a: Clefable|Stealth Rock|p2a: Iron Moth\n|-sidestart|p2: Jeusu|move: Stealth Rock\n|\n|-heal|p1a: Clefable|32\/100|[from] item: Leftovers\n|upkeep\n|turn|2\n|\n|t:|1700417390\n|move|p1a: Clefable|Protect|p1a: Clefable\n|-singleturn|p1a: Clefable|Protect\n|move|p2a: Iron Moth|Sludge Wave|p1a: Clefable\n|-activate|p1a: Clefable|move: Protect\n|\n|-heal|p1a: Clefable|38\/100|[from] item: Leftovers\n|upkeep\n|turn|3\n|\n|t:|1700417402\n|-end|p2a: Iron Moth|Quark Drive|[silent]\n|switch|p2a: Rillaboom|Rillaboom, M|100\/100\n|-damage|p2a: Rillaboom|88\/100|[from] Stealth Rock\n|-fieldstart|move: Grassy Terrain|[from] ability: Grassy Surge|[of] p2a: Rillaboom\n|switch|p1a: Clodsire|Clodsire, M|100\/100\n|\n|-heal|p2a: Rillaboom|94\/100|[from] Grassy Terrain\n|upkeep\n|turn|4\n|\n|t:|1700417411\n|move|p2a: Rillaboom|Wood Hammer|p1a: Clodsire\n|-damage|p1a: Clodsire|0 fnt\n|faint|p1a: Clodsire\n|-damage|p2a: Rillaboom|49\/100|[from] Recoil\n|\n|-heal|p2a: Rillaboom|56\/100|[from] Grassy Terrain\n|upkeep\n|\n|t:|1700417419\n|switch|p1a: Weavile|Weavile, M|100\/100\n|-ability|p1a: Weavile|Pressure\n|turn|5\n|\n|t:|1700417425\n|switch|p2a: Dondozo|Dondozo, M|100\/100\n|-damage|p2a: Dondozo|88\/100|[from] Stealth Rock\n|move|p1a: Weavile|Icicle Crash|p2a: Dondozo\n|-resisted|p2a: Dondozo\n|-damage|p2a: Dondozo|79\/100\n|\n|-heal|p2a: Dondozo|85\/100|[from] Grassy Terrain\n|-heal|p2a: Dondozo|92\/100|[from] item: Leftovers\n|upkeep\n|turn|6\n|\n|t:|1700417437\n|switch|p1a: Toxapex|Toxapex, F|100\/100\n|move|p2a: Dondozo|Liquidation|p1a: Toxapex\n|-resisted|p1a: Toxapex\n|-damage|p1a: Toxapex|91\/100\n|-damage|p2a: Dondozo|75\/100|[from] item: Rocky Helmet|[of] p1a: Toxapex\n|\n|-heal|p1a: Toxapex|97\/100|[from] Grassy Terrain\n|-heal|p2a: Dondozo|81\/100|[from] Grassy Terrain\n|-heal|p2a: Dondozo|87\/100|[from] item: Leftovers\n|upkeep\n|turn|7\n|\n|t:|1700417452\n|switch|p2a: Iron Treads|Iron Treads|100\/100\n|-damage|p2a: Iron Treads|97\/100|[from] Stealth Rock\n|move|p1a: Toxapex|Toxic|p2a: Iron Treads\n|-immune|p2a: Iron Treads\n|\n|-heal|p2a: Iron Treads|100\/100|[from] Grassy Terrain\n|-heal|p1a: Toxapex|100\/100|[from] Grassy Terrain\n|-fieldend|move: Grassy Terrain\n|upkeep\n|turn|8\n|\n|t:|1700417469\n|switch|p1a: Great Tusk|Great Tusk|100\/100\n|move|p2a: Iron Treads|Rapid Spin|p1a: Great Tusk\n|-damage|p1a: Great Tusk|92\/100\n|-boost|p2a: Iron Treads|spe|1\n|-sideend|p2: Jeusu|Stealth Rock|[from] move: Rapid Spin|[of] p2a: Iron Treads\n|\n|upkeep\n|turn|9\n|\n|t:|1700417483\n|move|p2a: Iron Treads|Knock Off|p1a: Great Tusk\n|-resisted|p1a: Great Tusk\n|-damage|p1a: Great Tusk|84\/100\n|-enditem|p1a: Great Tusk|Heavy-Duty Boots|[from] move: Knock Off|[of] p2a: Iron Treads\n|move|p1a: Great Tusk|Bulk Up|p1a: Great Tusk\n|-boost|p1a: Great Tusk|atk|1\n|-boost|p1a: Great Tusk|def|1\n|\n|upkeep\n|turn|10\n|\n|t:|1700417490\n|-end|p2a: Iron Treads|Quark Drive|[silent]\n|switch|p2a: Dondozo|Dondozo, M|87\/100\n|move|p1a: Great Tusk|Rapid Spin|p2a: Dondozo\n|-crit|p2a: Dondozo\n|-damage|p2a: Dondozo|76\/100\n|-boost|p1a: Great Tusk|spe|1\n|\n|-heal|p2a: Dondozo|82\/100|[from] item: Leftovers\n|upkeep\n|turn|11\n|\n|t:|1700417500\n|-end|p1a: Great Tusk|Protosynthesis|[silent]\n|switch|p1a: Toxapex|Toxapex, F|100\/100\n|move|p2a: Dondozo|Liquidation|p1a: Toxapex\n|-resisted|p1a: Toxapex\n|-damage|p1a: Toxapex|92\/100\n|-unboost|p1a: Toxapex|def|1\n|-damage|p2a: Dondozo|65\/100|[from] item: Rocky Helmet|[of] p1a: Toxapex\n|\n|-heal|p2a: Dondozo|72\/100|[from] item: Leftovers\n|upkeep\n|turn|12\n|\n|t:|1700417516\n|switch|p2a: Clodsire|Clodsire, F|100\/100\n|move|p1a: Toxapex|Toxic|p2a: Clodsire\n|-immune|p2a: Clodsire\n|\n|upkeep\n|turn|13\n|\n|t:|1700417528\n|switch|p1a: Great Tusk|Great Tusk|84\/100\n|move|p2a: Clodsire|Stealth Rock|p1a: Great Tusk\n|-sidestart|p1: Morgan23|move: Stealth Rock\n|\n|upkeep\n|turn|14\n|\n|t:|1700417545\n|switch|p2a: Dondozo|Dondozo, M|72\/100\n|move|p1a: Great Tusk|Earthquake|p2a: Dondozo\n|-damage|p2a: Dondozo|46\/100\n|\n|-heal|p2a: Dondozo|52\/100|[from] item: Leftovers\n|upkeep\n|turn|15\n|\n|t:|1700417555\n|-end|p1a: Great Tusk|Protosynthesis|[silent]\n|switch|p1a: Toxapex|Toxapex, F|100\/100\n|-damage|p1a: Toxapex|88\/100|[from] Stealth Rock\n|move|p2a: Dondozo|Curse|p2a: Dondozo\n|-unboost|p2a: Dondozo|spe|1\n|-boost|p2a: Dondozo|atk|1\n|-boost|p2a: Dondozo|def|1\n|\n|-heal|p2a: Dondozo|58\/100|[from] item: Leftovers\n|upkeep\n|turn|16\n|\n|t:|1700417569\n|switch|p2a: Iron Moth|Iron Moth|100\/100\n|move|p1a: Toxapex|Toxic|p2a: Iron Moth\n|-immune|p2a: Iron Moth\n|\n|upkeep\n|turn|17\n|\n|t:|1700417577\n|switch|p1a: Weavile|Weavile, M|100\/100\n|-ability|p1a: Weavile|Pressure\n|move|p2a: Iron Moth|U-turn|p1a: Weavile\n|-supereffective|p1a: Weavile\n|-damage|p1a: Weavile|62\/100\n|\n|t:|1700417586\n|-end|p2a: Iron Moth|Quark Drive|[silent]\n|switch|p2a: Dondozo|Dondozo, M|58\/100|[from] U-turn\n|\n|-heal|p2a: Dondozo|64\/100|[from] item: Leftovers\n|upkeep\n|turn|18\n|\n|t:|1700417591\n|move|p1a: Weavile|Knock Off|p2a: Dondozo\n|-damage|p2a: Dondozo|41\/100\n|-enditem|p2a: Dondozo|Leftovers|[from] move: Knock Off|[of] p1a: Weavile\n|move|p2a: Dondozo|Curse|p2a: Dondozo\n|-unboost|p2a: Dondozo|spe|1\n|-boost|p2a: Dondozo|atk|1\n|-boost|p2a: Dondozo|def|1\n|\n|upkeep\n|turn|19\n|\n|t:|1700417601\n|switch|p1a: Clefable|Clefable, M|38\/100\n|move|p2a: Dondozo|Rest|p2a: Dondozo\n|-status|p2a: Dondozo|slp|[from] move: Rest\n|-heal|p2a: Dondozo|100\/100 slp|[silent]\n|\n|-heal|p1a: Clefable|44\/100|[from] item: Leftovers\n|upkeep\n|turn|20\n|\n|t:|1700417626\n|switch|p2a: Iron Treads|Iron Treads|100\/100\n|move|p1a: Clefable|Protect||[still]\n|-fail|p1a: Clefable\n|\n|-heal|p1a: Clefable|50\/100|[from] item: Leftovers\n|upkeep\n|turn|21\n|\n|t:|1700417638\n|move|p1a: Clefable|Protect|p1a: Clefable\n|-singleturn|p1a: Clefable|Protect\n|move|p2a: Iron Treads|Knock Off|p1a: Clefable\n|-activate|p1a: Clefable|move: Protect\n|\n|-heal|p1a: Clefable|56\/100|[from] item: Leftovers\n|upkeep\n|turn|22\n|\n|t:|1700417648\n|switch|p1a: Great Tusk|Great Tusk|84\/100\n|-damage|p1a: Great Tusk|81\/100|[from] Stealth Rock\n|move|p2a: Iron Treads|Iron Head|p1a: Great Tusk\n|-damage|p1a: Great Tusk|61\/100\n|\n|upkeep\n|turn|23\n|\n|t:|1700417657\n|-end|p2a: Iron Treads|Quark Drive|[silent]\n|switch|p2a: Rillaboom|Rillaboom, M|56\/100\n|-fieldstart|move: Grassy Terrain|[from] ability: Grassy Surge|[of] p2a: Rillaboom\n|move|p1a: Great Tusk|Rapid Spin|p2a: Rillaboom\n|-damage|p2a: Rillaboom|35\/100\n|-boost|p1a: Great Tusk|spe|1\n|-sideend|p1: Morgan23|Stealth Rock|[from] move: Rapid Spin|[of] p1a: Great Tusk\n|\n|-heal|p1a: Great Tusk|67\/100|[from] Grassy Terrain\n|-heal|p2a: Rillaboom|41\/100|[from] Grassy Terrain\n|upkeep\n|turn|24\n|\n|t:|1700417668\n|-terastallize|p2a: Rillaboom|Grass\n|move|p2a: Rillaboom|Grassy Glide|p1a: Great Tusk\n|-supereffective|p1a: Great Tusk\n|-damage|p1a: Great Tusk|0 fnt\n|faint|p1a: Great Tusk\n|-end|p1a: Great Tusk|Protosynthesis|[silent]\n|\n|-heal|p2a: Rillaboom|47\/100|[from] Grassy Terrain\n|upkeep\n|\n|t:|1700417678\n|switch|p1a: Clefable|Clefable, M|56\/100\n|turn|25\n|\n|t:|1700417686\n|switch|p2a: Iron Moth|Iron Moth|100\/100\n|move|p1a: Clefable|Protect||[still]\n|-fail|p1a: Clefable\n|\n|-heal|p1a: Clefable|62\/100|[from] Grassy Terrain\n|-heal|p1a: Clefable|69\/100|[from] item: Leftovers\n|upkeep\n|turn|26\n|\n|t:|1700417694\n|switch|p1a: Toxapex|Toxapex, F|100\/100\n|move|p2a: Iron Moth|Sludge Wave|p1a: Toxapex\n|-resisted|p1a: Toxapex\n|-damage|p1a: Toxapex|81\/100\n|\n|-heal|p1a: Toxapex|87\/100|[from] Grassy Terrain\n|upkeep\n|turn|27\n|\n|t:|1700417703\n|-end|p2a: Iron Moth|Quark Drive|[silent]\n|switch|p2a: Clodsire|Clodsire, F|100\/100\n|switch|p1a: Weavile|Weavile, M|62\/100\n|-ability|p1a: Weavile|Pressure\n|\n|-heal|p1a: Weavile|68\/100|[from] Grassy Terrain\n|-fieldend|move: Grassy Terrain\n|upkeep\n|turn|28\n|\n|t:|1700417711\n|switch|p2a: Dondozo|Dondozo, M|100\/100 slp\n|move|p1a: Weavile|Swords Dance|p1a: Weavile\n|-boost|p1a: Weavile|atk|2\n|\n|upkeep\n|turn|29\n|\n|t:|1700417717\n|move|p1a: Weavile|Knock Off|p2a: Dondozo\n|-damage|p2a: Dondozo|87\/100 slp\n|cant|p2a: Dondozo|slp\n|move|p2a: Dondozo|Sleep Talk|p2a: Dondozo\n|move|p2a: Dondozo|Liquidation|p1a: Weavile|[from]move: Sleep Talk\n|-damage|p1a: Weavile|17\/100\n|-unboost|p1a: Weavile|def|1\n|\n|upkeep\n|turn|30\n|\n|t:|1700417726\n|move|p1a: Weavile|Icicle Crash|p2a: Dondozo\n|-resisted|p2a: Dondozo\n|-damage|p2a: Dondozo|78\/100 slp\n|cant|p2a: Dondozo|slp\n|move|p2a: Dondozo|Sleep Talk|p2a: Dondozo\n|move|p2a: Dondozo|Liquidation|p1a: Weavile|[from]move: Sleep Talk\n|-damage|p1a: Weavile|0 fnt\n|faint|p1a: Weavile\n|\n|upkeep\n|\n|t:|1700417735\n|switch|p1a: Rotom|Rotom-Heat|100\/100\n|turn|31\n|\n|t:|1700417739\n|switch|p2a: Iron Treads|Iron Treads|100\/100\n|move|p1a: Rotom|Volt Switch|p2a: Iron Treads\n|-immune|p2a: Iron Treads\n|\n|upkeep\n|turn|32\n|\n|t:|1700417745\n|move|p1a: Rotom|Overheat|p2a: Iron Treads\n|-supereffective|p2a: Iron Treads\n|-damage|p2a: Iron Treads|5\/100\n|-unboost|p1a: Rotom|spa|2\n|move|p2a: Iron Treads|Knock Off|p1a: Rotom\n|-damage|p1a: Rotom|69\/100\n|-enditem|p1a: Rotom|Heavy-Duty Boots|[from] move: Knock Off|[of] p2a: Iron Treads\n|\n|upkeep\n|turn|33\n|\n|t:|1700417754\n|-end|p2a: Iron Treads|Quark Drive|[silent]\n|switch|p2a: Clodsire|Clodsire, F|100\/100\n|move|p1a: Rotom|Shadow Ball|p2a: Clodsire\n|-damage|p2a: Clodsire|88\/100\n|\n|-heal|p2a: Clodsire|94\/100|[from] item: Black Sludge\n|upkeep\n|turn|34\n|\n|t:|1700417764\n|switch|p1a: Clefable|Clefable, M|69\/100\n|move|p2a: Clodsire|Stealth Rock|p1a: Clefable\n|-sidestart|p1: Morgan23|move: Stealth Rock\n|\n|-heal|p1a: Clefable|75\/100|[from] item: Leftovers\n|-heal|p2a: Clodsire|100\/100|[from] item: Black Sludge\n|upkeep\n|turn|35\n|\n|t:|1700417782\n|switch|p2a: Iron Moth|Iron Moth|100\/100\n|move|p1a: Clefable|Stealth Rock|p2a: Iron Moth\n|-sidestart|p2: Jeusu|move: Stealth Rock\n|\n|-heal|p1a: Clefable|81\/100|[from] item: Leftovers\n|upkeep\n|turn|36\n|\n|t:|1700417793\n|move|p1a: Clefable|Protect|p1a: Clefable\n|-singleturn|p1a: Clefable|Protect\n|move|p2a: Iron Moth|U-turn|p1a: Clefable\n|-activate|p1a: Clefable|move: Protect\n|\n|-heal|p1a: Clefable|87\/100|[from] item: Leftovers\n|upkeep\n|turn|37\n|\n|t:|1700417800\n|move|p2a: Iron Moth|U-turn|p1a: Clefable\n|-resisted|p1a: Clefable\n|-damage|p1a: Clefable|81\/100\n|\n|t:|1700417813\n|-end|p2a: Iron Moth|Quark Drive|[silent]\n|switch|p2a: Rillaboom|Rillaboom, M, tera:Grass|47\/100|[from] U-turn\n|-damage|p2a: Rillaboom|35\/100|[from] Stealth Rock\n|-fieldstart|move: Grassy Terrain|[from] ability: Grassy Surge|[of] p2a: Rillaboom\n|move|p1a: Clefable|Fire Blast|p2a: Rillaboom\n|-supereffective|p2a: Rillaboom\n|-damage|p2a: Rillaboom|0 fnt\n|faint|p2a: Rillaboom\n|\n|-heal|p1a: Clefable|87\/100|[from] Grassy Terrain\n|-heal|p1a: Clefable|93\/100|[from] item: Leftovers\n|upkeep\n|\n|t:|1700417822\n|switch|p2a: Baby Girl|Haxorus, F|100\/100\n|-damage|p2a: Baby Girl|88\/100|[from] Stealth Rock\n|-ability|p2a: Baby Girl|Mold Breaker\n|turn|38\n|\n|t:|1700417833\n|move|p1a: Clefable|Protect|p1a: Clefable\n|-singleturn|p1a: Clefable|Protect\n|move|p2a: Baby Girl|Iron Head|p1a: Clefable\n|-activate|p1a: Clefable|move: Protect\n|\n|-heal|p2a: Baby Girl|94\/100|[from] Grassy Terrain\n|-heal|p1a: Clefable|99\/100|[from] Grassy Terrain\n|-heal|p1a: Clefable|100\/100|[from] item: Leftovers\n|upkeep\n|turn|39\n|\n|t:|1700417843\n|switch|p1a: Toxapex|Toxapex, F|100\/100\n|-damage|p1a: Toxapex|88\/100|[from] Stealth Rock\n|move|p2a: Baby Girl|Dragon Dance|p2a: Baby Girl\n|-boost|p2a: Baby Girl|atk|1\n|-boost|p2a: Baby Girl|spe|1\n|\n|-heal|p2a: Baby Girl|100\/100|[from] Grassy Terrain\n|-heal|p1a: Toxapex|94\/100|[from] Grassy Terrain\n|upkeep\n|turn|40\n|\n|t:|1700417852\n|move|p2a: Baby Girl|Dragon Dance|p2a: Baby Girl\n|-boost|p2a: Baby Girl|atk|1\n|-boost|p2a: Baby Girl|spe|1\n|move|p1a: Toxapex|Haze|p1a: Toxapex\n|-clearallboost\n|\n|-heal|p1a: Toxapex|99\/100|[from] Grassy Terrain\n|upkeep\n|turn|41\n|\n|t:|1700417860\n|move|p2a: Baby Girl|Dragon Dance|p2a: Baby Girl\n|-boost|p2a: Baby Girl|atk|1\n|-boost|p2a: Baby Girl|spe|1\n|move|p1a: Toxapex|Toxic|p2a: Baby Girl\n|-status|p2a: Baby Girl|tox\n|-enditem|p2a: Baby Girl|Lum Berry|[eat]\n|-curestatus|p2a: Baby Girl|tox|[msg]\n|\n|-heal|p1a: Toxapex|100\/100|[from] Grassy Terrain\n|-fieldend|move: Grassy Terrain\n|upkeep\n|turn|42\n|\n|t:|1700417869\n|move|p2a: Baby Girl|Earthquake|p1a: Toxapex\n|-supereffective|p1a: Toxapex\n|-damage|p1a: Toxapex|37\/100\n|move|p1a: Toxapex|Haze|p1a: Toxapex\n|-clearallboost\n|\n|upkeep\n|turn|43\n|\n|t:|1700417877\n|move|p2a: Baby Girl|Earthquake|p1a: Toxapex\n|-supereffective|p1a: Toxapex\n|-damage|p1a: Toxapex|0 fnt\n|faint|p1a: Toxapex\n|\n|upkeep\n|\n|t:|1700417884\n|switch|p1a: Rotom|Rotom-Heat|69\/100\n|-damage|p1a: Rotom|44\/100|[from] Stealth Rock\n|turn|44\n|\n|t:|1700417894\n|move|p2a: Baby Girl|Earthquake|p1a: Rotom\n|-supereffective|p1a: Rotom\n|-damage|p1a: Rotom|0 fnt\n|faint|p1a: Rotom\n|\n|upkeep\n|\n|t:|1700417899\n|switch|p1a: Clefable|Clefable, M|100\/100\n|turn|45\n|\n|t:|1700417903\n|move|p2a: Baby Girl|Iron Head|p1a: Clefable\n|-supereffective|p1a: Clefable\n|-damage|p1a: Clefable|27\/100\n|cant|p1a: Clefable|flinch\n|\n|-heal|p1a: Clefable|33\/100|[from] item: Leftovers\n|upkeep\n|turn|46\n|-message|Morgan23 forfeited.\n|\n|win|Jeusu\n|raw|Morgan23's rating: 1258 &rarr; <strong>1234<\/strong><br \/>(-24 for losing)\n|raw|Jeusu's rating: 1267 &rarr; <strong>1291<\/strong><br \/>(+24 for winning)\n|l|\u2606Morgan23\n","uploadtime":1700417913,"views":9,"p1id":"morgan23","p2id":"jeusu","formatid":"gen9ou","rating":1234,"private":0,"password":""}