{"id":"gen9ou-1994247885","p1":"gonning","p2":"rainheimer","format":"[Gen 9] OU","log":"|j|\u2606gonning\n|j|\u2606rainheimer\n|t:|1700423203\n|gametype|singles\n|player|p1|gonning|265|1533\n|player|p2|rainheimer|170|1591\n|teamsize|p1|6\n|teamsize|p2|6\n|gen|9\n|tier|[Gen 9] OU\n|rated|\n|rule|Sleep Clause Mod: Limit one foe put to sleep\n|rule|Species Clause: Limit one of each Pok\u00e9mon\n|rule|OHKO Clause: OHKO moves are banned\n|rule|Evasion Items Clause: Evasion items are banned\n|rule|Evasion Moves Clause: Evasion moves are banned\n|rule|Endless Battle Clause: Forcing endless battles is banned\n|rule|HP Percentage Mod: HP is shown in percentages\n|clearpoke\n|poke|p1|Iron Valiant|\n|poke|p1|Glimmora, F|\n|poke|p1|Iron Moth|\n|poke|p1|Gholdengo|\n|poke|p1|Kingambit, F|\n|poke|p1|Samurott-Hisui, M|\n|poke|p2|Samurott-Hisui, F|\n|poke|p2|Pelipper, M|\n|poke|p2|Zapdos|\n|poke|p2|Scizor, F|\n|poke|p2|Barraskewda, M|\n|poke|p2|Amoonguss, M|\n|teampreview\n|inactive|Battle timer is ON: inactive players will automatically lose when time's up. (requested by gonning)\n|\n|t:|1700423226\n|start\n|switch|p1a: Samurott|Samurott-Hisui, M|100\/100\n|switch|p2a: Barraskewda|Barraskewda, M|100\/100\n|turn|1\n|\n|t:|1700423231\n|move|p2a: Barraskewda|Flip Turn|p1a: Samurott\n|-resisted|p1a: Samurott\n|-damage|p1a: Samurott|69\/100\n|\n|t:|1700423237\n|switch|p2a: Amoonguss|Amoonguss, M|100\/100|[from] Flip Turn\n|move|p1a: Samurott|Ceaseless Edge|p2a: Amoonguss\n|-damage|p2a: Amoonguss|53\/100\n|-damage|p1a: Samurott|52\/100|[from] item: Rocky Helmet|[of] p2a: Amoonguss\n|-sidestart|p2: rainheimer|Spikes\n|\n|upkeep\n|turn|2\n|\n|t:|1700423244\n|move|p1a: Samurott|Ceaseless Edge|p2a: Amoonguss\n|-damage|p2a: Amoonguss|9\/100\n|-damage|p1a: Samurott|36\/100|[from] item: Rocky Helmet|[of] p2a: Amoonguss\n|-sidestart|p2: rainheimer|Spikes\n|move|p2a: Amoonguss|Giga Drain|p1a: Samurott\n|-supereffective|p1a: Samurott\n|-damage|p1a: Samurott|0 fnt\n|-heal|p2a: Amoonguss|22\/100|[from] drain|[of] p1a: Samurott\n|faint|p1a: Samurott\n|\n|upkeep\n|\n|t:|1700423247\n|switch|p1a: Glimmora|Glimmora, F|100\/100\n|turn|3\n|\n|t:|1700423252\n|switch|p2a: Scizor|Scizor, F|100\/100\n|-damage|p2a: Scizor|84\/100|[from] Spikes\n|move|p1a: Glimmora|Stealth Rock|p2a: Scizor\n|-sidestart|p2: rainheimer|move: Stealth Rock\n|\n|upkeep\n|turn|4\n|\n|t:|1700423260\n|move|p1a: Glimmora|Earth Power|p2a: Scizor\n|-damage|p2a: Scizor|48\/100\n|move|p2a: Scizor|Defog|p1a: Glimmora\n|-unboost|p1a: Glimmora|evasion|1\n|-sideend|p2: rainheimer|Spikes|[from] move: Defog|[of] p2a: Scizor\n|-sideend|p2: rainheimer|Stealth Rock|[from] move: Defog|[of] p2a: Scizor\n|\n|upkeep\n|turn|5\n|\n|t:|1700423270\n|switch|p2a: Barraskewda|Barraskewda, M|100\/100\n|move|p1a: Glimmora|Stealth Rock|p2a: Barraskewda\n|-sidestart|p2: rainheimer|move: Stealth Rock\n|\n|upkeep\n|turn|6\n|\n|t:|1700423278\n|move|p2a: Barraskewda|Flip Turn|p1a: Glimmora\n|-supereffective|p1a: Glimmora\n|-damage|p1a: Glimmora|0 fnt\n|-activate|p1a: Glimmora|ability: Toxic Debris\n|-sidestart|p2: rainheimer|move: Toxic Spikes\n|faint|p1a: Glimmora\n|\n|t:|1700423284\n|switch|p2a: Amoonguss|Amoonguss, M|55\/100|[from] Flip Turn\n|-damage|p2a: Amoonguss|43\/100|[from] Stealth Rock\n|-sideend|p2: rainheimer|move: Toxic Spikes|[of] p2a: Amoonguss\n|\n|upkeep\n|\n|t:|1700423286\n|switch|p1a: Iron Moth|Iron Moth|100\/100\n|-enditem|p1a: Iron Moth|Booster Energy\n|-activate|p1a: Iron Moth|ability: Quark Drive|[fromitem]\n|-start|p1a: Iron Moth|quarkdrivespe\n|turn|7\n|\n|t:|1700423291\n|switch|p2a: Pelipper|Pelipper, M|100\/100\n|-damage|p2a: Pelipper|76\/100|[from] Stealth Rock\n|-weather|RainDance|[from] ability: Drizzle|[of] p2a: Pelipper\n|move|p1a: Iron Moth|Fiery Dance|p2a: Pelipper\n|-resisted|p2a: Pelipper\n|-damage|p2a: Pelipper|62\/100\n|-boost|p1a: Iron Moth|spa|1\n|\n|-weather|RainDance|[upkeep]\n|upkeep\n|turn|8\n|\n|t:|1700423302\n|switch|p2a: Scizor|Scizor, F|48\/100\n|-damage|p2a: Scizor|36\/100|[from] Stealth Rock\n|move|p1a: Iron Moth|Sludge Wave|p2a: Scizor\n|-immune|p2a: Scizor\n|\n|-weather|RainDance|[upkeep]\n|upkeep\n|turn|9\n|\n|t:|1700423305\n|switch|p2a: Barraskewda|Barraskewda, M|100\/100\n|-damage|p2a: Barraskewda|88\/100|[from] Stealth Rock\n|move|p1a: Iron Moth|Fiery Dance|p2a: Barraskewda\n|-resisted|p2a: Barraskewda\n|-crit|p2a: Barraskewda\n|-damage|p2a: Barraskewda|40\/100\n|-boost|p1a: Iron Moth|spa|1\n|\n|-weather|RainDance|[upkeep]\n|upkeep\n|turn|10\n|\n|t:|1700423318\n|-end|p1a: Iron Moth|Quark Drive|[silent]\n|switch|p1a: Gholdengo|Gholdengo|100\/100\n|-item|p1a: Gholdengo|Air Balloon\n|move|p2a: Barraskewda|Flip Turn|p1a: Gholdengo\n|-damage|p1a: Gholdengo|27\/100\n|-enditem|p1a: Gholdengo|Air Balloon\n|\n|t:|1700423331\n|switch|p2a: Samurott|Samurott-Hisui, F|100\/100|[from] Flip Turn\n|-damage|p2a: Samurott|88\/100|[from] Stealth Rock\n|\n|-weather|RainDance|[upkeep]\n|upkeep\n|turn|11\n|\n|t:|1700423341\n|move|p2a: Samurott|Aqua Cutter|p1a: Gholdengo\n|-damage|p1a: Gholdengo|0 fnt\n|faint|p1a: Gholdengo\n|\n|-weather|RainDance|[upkeep]\n|upkeep\n|\n|t:|1700423345\n|switch|p1a: Iron Valiant|Iron Valiant|100\/100\n|-enditem|p1a: Iron Valiant|Booster Energy\n|-activate|p1a: Iron Valiant|ability: Quark Drive|[fromitem]\n|-start|p1a: Iron Valiant|quarkdrivespe\n|turn|12\n|\n|t:|1700423350\n|switch|p2a: Amoonguss|Amoonguss, M|76\/100\n|-damage|p2a: Amoonguss|64\/100|[from] Stealth Rock\n|move|p1a: Iron Valiant|Spirit Break|p2a: Amoonguss\n|-resisted|p2a: Amoonguss\n|-damage|p2a: Amoonguss|43\/100\n|-unboost|p2a: Amoonguss|spa|1\n|-damage|p1a: Iron Valiant|84\/100|[from] item: Rocky Helmet|[of] p2a: Amoonguss\n|\n|-weather|RainDance|[upkeep]\n|upkeep\n|turn|13\n|\n|t:|1700423356\n|-terastallize|p1a: Iron Valiant|Dark\n|move|p1a: Iron Valiant|Knock Off|p2a: Amoonguss\n|-damage|p2a: Amoonguss|0 fnt\n|-damage|p1a: Iron Valiant|67\/100|[from] item: Rocky Helmet|[of] p2a: Amoonguss\n|-enditem|p2a: Amoonguss|Rocky Helmet|[from] move: Knock Off|[of] p1a: Iron Valiant\n|faint|p2a: Amoonguss\n|\n|-weather|RainDance|[upkeep]\n|upkeep\n|\n|t:|1700423361\n|switch|p2a: Barraskewda|Barraskewda, M|40\/100\n|-damage|p2a: Barraskewda|28\/100|[from] Stealth Rock\n|turn|14\n|\n|t:|1700423365\n|-terastallize|p2a: Barraskewda|Water\n|move|p2a: Barraskewda|Aqua Jet|p1a: Iron Valiant\n|-damage|p1a: Iron Valiant|0 fnt\n|faint|p1a: Iron Valiant\n|-end|p1a: Iron Valiant|Quark Drive|[silent]\n|\n|-weather|none\n|upkeep\n|\n|t:|1700423367\n|switch|p1a: Kingambit|Kingambit, F|100\/100\n|-activate|p1a: Kingambit|ability: Supreme Overlord\n|-start|p1a: Kingambit|fallen4|[silent]\n|turn|15\n|\n|t:|1700423377\n|switch|p2a: Samurott|Samurott-Hisui, F|88\/100\n|-damage|p2a: Samurott|76\/100|[from] Stealth Rock\n|move|p1a: Kingambit|Swords Dance|p1a: Kingambit\n|-boost|p1a: Kingambit|atk|2\n|\n|upkeep\n|turn|16\n|\n|t:|1700423381\n|move|p2a: Samurott|Sacred Sword|p1a: Kingambit\n|-supereffective|p1a: Kingambit\n|-damage|p1a: Kingambit|0 fnt\n|faint|p1a: Kingambit\n|-end|p1a: Kingambit|fallen4|[silent]\n|\n|upkeep\n|-message|gonning forfeited.\n|\n|win|rainheimer\n|raw|gonning's rating: 1533 &rarr; <strong>1516<\/strong><br \/>(-17 for losing)\n|raw|rainheimer's rating: 1591 &rarr; <strong>1608<\/strong><br \/>(+17 for winning)\n|l|\u2606gonning\n","uploadtime":1700423479,"views":18,"p1id":"gonning","p2id":"rainheimer","formatid":"gen9ou","rating":1516,"private":0,"password":""}