{"id":"gen9ou-1992162518","p1":"GusangGu","p2":"agency paid actor","format":"[Gen 9] OU","log":"|j|\u2606GusangGu\n|j|\u2606agency paid actor\n|t:|1700160198\n|gametype|singles\n|player|p1|GusangGu|101|1373\n|player|p2|agency paid actor|rocketgruntf|1274\n|teamsize|p1|6\n|teamsize|p2|6\n|gen|9\n|tier|[Gen 9] OU\n|rated|\n|rule|Sleep Clause Mod: Limit one foe put to sleep\n|rule|Species Clause: Limit one of each Pok\u00e9mon\n|rule|OHKO Clause: OHKO moves are banned\n|rule|Evasion Items Clause: Evasion items are banned\n|rule|Evasion Moves Clause: Evasion moves are banned\n|rule|Endless Battle Clause: Forcing endless battles is banned\n|rule|HP Percentage Mod: HP is shown in percentages\n|clearpoke\n|poke|p1|Ribombee, F|\n|poke|p1|Ogerpon-Wellspring, F|\n|poke|p1|Iron Moth|\n|poke|p1|Kingambit, M|\n|poke|p1|Gholdengo|\n|poke|p1|Iron Valiant|\n|poke|p2|Glimmora, M|\n|poke|p2|Magnezone|\n|poke|p2|Iron Leaves|\n|poke|p2|Iron Valiant|\n|poke|p2|Landorus-Therian, M|\n|poke|p2|Dragonite, M|\n|teampreview\n|inactive|Battle timer is ON: inactive players will automatically lose when time's up. (requested by agency paid actor)\n|j| Hitmanchan26\n|\n|t:|1700160220\n|start\n|switch|p1a: Gholdengo|Gholdengo|100\/100\n|switch|p2a: Glimmora|Glimmora, M|100\/100\n|-item|p1a: Gholdengo|Air Balloon\n|turn|1\n|\n|t:|1700160231\n|switch|p2a: Magnezone|Magnezone|100\/100\n|move|p1a: Gholdengo|Nasty Plot|p1a: Gholdengo\n|-boost|p1a: Gholdengo|spa|2\n|\n|upkeep\n|turn|2\n|\n|t:|1700160236\n|move|p1a: Gholdengo|Shadow Ball|p2a: Magnezone\n|-damage|p2a: Magnezone|0 fnt\n|faint|p2a: Magnezone\n|\n|upkeep\n|\n|t:|1700160242\n|switch|p2a: Iron Valiant|Iron Valiant|100\/100\n|-enditem|p2a: Iron Valiant|Booster Energy\n|-activate|p2a: Iron Valiant|ability: Quark Drive|[fromitem]\n|-start|p2a: Iron Valiant|quarkdrivespe\n|turn|3\n|\n|t:|1700160263\n|switch|p1a: Iron Valiant|Iron Valiant|100\/100\n|-enditem|p1a: Iron Valiant|Booster Energy\n|-activate|p1a: Iron Valiant|ability: Quark Drive|[fromitem]\n|-start|p1a: Iron Valiant|quarkdrivespe\n|move|p2a: Iron Valiant|Knock Off|p1a: Iron Valiant\n|-resisted|p1a: Iron Valiant\n|-damage|p1a: Iron Valiant|95\/100\n|\n|upkeep\n|turn|4\n|\n|t:|1700160274\n|move|p1a: Iron Valiant|Moonblast|p2a: Iron Valiant\n|-supereffective|p2a: Iron Valiant\n|-damage|p2a: Iron Valiant|0 fnt\n|faint|p2a: Iron Valiant\n|-end|p2a: Iron Valiant|Quark Drive|[silent]\n|\n|upkeep\n|\n|t:|1700160286\n|switch|p2a: Glimmora|Glimmora, M|100\/100\n|turn|5\n|\n|t:|1700160297\n|move|p1a: Iron Valiant|Close Combat|p2a: Glimmora\n|-damage|p2a: Glimmora|24\/100\n|-unboost|p1a: Iron Valiant|def|1\n|-unboost|p1a: Iron Valiant|spd|1\n|-activate|p2a: Glimmora|ability: Toxic Debris\n|-sidestart|p1: GusangGu|move: Toxic Spikes\n|move|p2a: Glimmora|Stealth Rock|p1a: Iron Valiant\n|-sidestart|p1: GusangGu|move: Stealth Rock\n|\n|upkeep\n|turn|6\n|\n|t:|1700160303\n|move|p1a: Iron Valiant|Close Combat|p2a: Glimmora\n|-damage|p2a: Glimmora|0 fnt\n|-unboost|p1a: Iron Valiant|def|1\n|-unboost|p1a: Iron Valiant|spd|1\n|-activate|p2a: Glimmora|ability: Toxic Debris\n|-sidestart|p1: GusangGu|move: Toxic Spikes\n|faint|p2a: Glimmora\n|\n|upkeep\n|\n|t:|1700160307\n|switch|p2a: Landorus|Landorus-Therian, M|100\/100\n|-ability|p2a: Landorus|Intimidate|boost\n|-unboost|p1a: Iron Valiant|atk|1\n|turn|7\n|\n|t:|1700160316\n|-end|p1a: Iron Valiant|Quark Drive|[silent]\n|switch|p1a: Gholdengo|Gholdengo|100\/100\n|-damage|p1a: Gholdengo|94\/100|[from] Stealth Rock\n|-item|p1a: Gholdengo|Air Balloon\n|move|p2a: Landorus|Earthquake|p1a: Gholdengo\n|-immune|p1a: Gholdengo\n|\n|upkeep\n|turn|8\n|\n|t:|1700160326\n|switch|p2a: Dragonite|Dragonite, M|100\/100\n|move|p1a: Gholdengo|Dazzling Gleam|p2a: Dragonite\n|-supereffective|p2a: Dragonite\n|-damage|p2a: Dragonite|70\/100\n|\n|upkeep\n|turn|9\n|\n|t:|1700160330\n|move|p1a: Gholdengo|Dazzling Gleam|p2a: Dragonite\n|-supereffective|p2a: Dragonite\n|-damage|p2a: Dragonite|5\/100\n|move|p2a: Dragonite|Fire Punch|p1a: Gholdengo\n|-supereffective|p1a: Gholdengo\n|-damage|p1a: Gholdengo|30\/100\n|-enditem|p1a: Gholdengo|Air Balloon\n|\n|upkeep\n|turn|10\n|\n|t:|1700160343\n|move|p1a: Gholdengo|Dazzling Gleam|p2a: Dragonite\n|-supereffective|p2a: Dragonite\n|-damage|p2a: Dragonite|0 fnt\n|faint|p2a: Dragonite\n|\n|upkeep\n|\n|t:|1700160345\n|switch|p2a: Iron Leaves|Iron Leaves|100\/100\n|-enditem|p2a: Iron Leaves|Booster Energy\n|-activate|p2a: Iron Leaves|ability: Quark Drive|[fromitem]\n|-start|p2a: Iron Leaves|quarkdrivespe\n|turn|11\n|\n|t:|1700160353\n|-terastallize|p2a: Iron Leaves|Fighting\n|move|p2a: Iron Leaves|Swords Dance|p2a: Iron Leaves\n|-boost|p2a: Iron Leaves|atk|2\n|move|p1a: Gholdengo|Shadow Ball|p2a: Iron Leaves\n|-damage|p2a: Iron Leaves|58\/100\n|\n|upkeep\n|turn|12\n|\n|t:|1700160360\n|move|p2a: Iron Leaves|Leaf Blade|p1a: Gholdengo\n|-resisted|p1a: Gholdengo\n|-damage|p1a: Gholdengo|0 fnt\n|faint|p1a: Gholdengo\n|\n|upkeep\n|inactive|GusangGu has 120 seconds left.\n|\n|t:|1700160394\n|switch|p1a: Kingambit|Kingambit, M|100\/100\n|-damage|p1a: Kingambit|94\/100|[from] Stealth Rock\n|-activate|p1a: Kingambit|ability: Supreme Overlord\n|-start|p1a: Kingambit|fallen1|[silent]\n|turn|13\n|inactive|GusangGu has 120 seconds left.\n|\n|t:|1700160409\n|-terastallize|p1a: Kingambit|Fighting\n|move|p2a: Iron Leaves|Close Combat|p1a: Kingambit\n|-damage|p1a: Kingambit|0 fnt\n|-unboost|p2a: Iron Leaves|def|1\n|-unboost|p2a: Iron Leaves|spd|1\n|faint|p1a: Kingambit\n|-end|p1a: Kingambit|fallen1|[silent]\n|\n|upkeep\n|inactive|GusangGu has 120 seconds left.\n|c|\u2606agency paid actor|?\/\n|c|\u2606agency paid actor|??\n|\n|t:|1700160429\n|switch|p1a: Ribombee|Ribombee, F|100\/100\n|-status|p1a: Ribombee|tox\n|-damage|p1a: Ribombee|76\/100 tox|[from] Stealth Rock\n|turn|14\n|l|\u2606GusangGu\n|inactive|GusangGu disconnected and has a minute to reconnect!\n|player|p1|\n|inactive|GusangGu has 30 seconds to reconnect!\n|inactive|GusangGu has 20 seconds to reconnect!\n|inactive|GusangGu has 15 seconds to reconnect!\n|inactive|GusangGu has 10 seconds to reconnect!\n|inactive|GusangGu has 5 seconds to reconnect!\n|j|\u2606GusangGu\n|inactive|GusangGu reconnected and has 65 seconds left.\n|player|p1|GusangGu|101\n|inactive|GusangGu has 60 seconds left.\n|\n|t:|1700160494\n|move|p2a: Iron Leaves|Psyblade|p1a: Ribombee\n|-damage|p1a: Ribombee|0 fnt\n|faint|p1a: Ribombee\n|\n|upkeep\n|\n|t:|1700160498\n|switch|p1a: Ogerpon|Ogerpon-Wellspring, F|100\/100\n|-status|p1a: Ogerpon|tox\n|-damage|p1a: Ogerpon|88\/100 tox|[from] Stealth Rock\n|turn|15\n|\n|t:|1700160504\n|move|p2a: Iron Leaves|Leaf Blade|p1a: Ogerpon\n|-damage|p1a: Ogerpon|0 fnt\n|faint|p1a: Ogerpon\n|\n|upkeep\n|\n|t:|1700160510\n|switch|p1a: Iron Valiant|Iron Valiant|95\/100\n|-status|p1a: Iron Valiant|tox\n|-damage|p1a: Iron Valiant|88\/100 tox|[from] Stealth Rock\n|turn|16\n|\n|t:|1700160514\n|move|p2a: Iron Leaves|Leaf Blade|p1a: Iron Valiant\n|-damage|p1a: Iron Valiant|0 fnt\n|faint|p1a: Iron Valiant\n|-end|p1a: Iron Valiant|Quark Drive|[silent]\n|\n|upkeep\n|\n|t:|1700160517\n|switch|p1a: Iron Moth|Iron Moth|100\/100\n|-sideend|p1: GusangGu|move: Toxic Spikes|[of] p1a: Iron Moth\n|-damage|p1a: Iron Moth|76\/100|[from] Stealth Rock\n|-enditem|p1a: Iron Moth|Booster Energy\n|-activate|p1a: Iron Moth|ability: Quark Drive|[fromitem]\n|-start|p1a: Iron Moth|quarkdrivespa\n|turn|17\n|\n|t:|1700160520\n|move|p2a: Iron Leaves|Psyblade|p1a: Iron Moth\n|-supereffective|p1a: Iron Moth\n|-damage|p1a: Iron Moth|0 fnt\n|faint|p1a: Iron Moth\n|-end|p1a: Iron Moth|Quark Drive|[silent]\n|\n|win|agency paid actor\n|raw|GusangGu's rating: 1373 &rarr; <strong>1347<\/strong><br \/>(-26 for losing)\n|raw|agency paid actor's rating: 1274 &rarr; <strong>1306<\/strong><br \/>(+32 for winning)\n|l| Hitmanchan26\n|l|\u2606agency paid actor\n","uploadtime":1700160981,"views":24,"p1id":"gusanggu","p2id":"agencypaidactor","formatid":"gen9ou","rating":1306,"private":0,"password":""}