{"id":"gen9ou-1993457372","p1":"Staymox","p2":"LegacyShowden","format":"[Gen 9] OU","log":"|j|\u2606Staymox\n|j|\u2606LegacyShowden\n|t:|1700320271\n|gametype|singles\n|player|p1|Staymox|266|1490\n|player|p2|LegacyShowden|rosa|1566\n|teamsize|p1|6\n|teamsize|p2|6\n|gen|9\n|tier|[Gen 9] OU\n|rated|\n|rule|Sleep Clause Mod: Limit one foe put to sleep\n|rule|Species Clause: Limit one of each Pok\u00e9mon\n|rule|OHKO Clause: OHKO moves are banned\n|rule|Evasion Items Clause: Evasion items are banned\n|rule|Evasion Moves Clause: Evasion moves are banned\n|rule|Endless Battle Clause: Forcing endless battles is banned\n|rule|HP Percentage Mod: HP is shown in percentages\n|clearpoke\n|poke|p1|Kingambit, F|\n|poke|p1|Great Tusk|\n|poke|p1|Dragapult, F|\n|poke|p1|Ogerpon-Wellspring, F|\n|poke|p1|Blissey, F|\n|poke|p1|Zapdos|\n|poke|p2|Landorus-Therian, M|\n|poke|p2|Samurott-Hisui, M|\n|poke|p2|Dragapult, M|\n|poke|p2|Iron Valiant|\n|poke|p2|Heatran, M|\n|poke|p2|Corviknight, M|\n|teampreview\n|inactive|Battle timer is ON: inactive players will automatically lose when time's up. (requested by LegacyShowden)\n|inactive|Staymox also wants the timer to be on.\n|\n|t:|1700320284\n|start\n|switch|p1a: Zapdos|Zapdos|100\/100\n|switch|p2a: Dragapult|Dragapult, M, shiny|100\/100\n|turn|1\n|\n|t:|1700320292\n|move|p2a: Dragapult|Draco Meteor|p1a: Zapdos\n|-damage|p1a: Zapdos|22\/100\n|-unboost|p2a: Dragapult|spa|2\n|move|p1a: Zapdos|Volt Switch|p2a: Dragapult\n|-resisted|p2a: Dragapult\n|-damage|p2a: Dragapult|82\/100\n|\n|t:|1700320314\n|switch|p1a: Dragapult|Dragapult, F|100\/100|[from] Volt Switch\n|\n|upkeep\n|turn|2\n|\n|t:|1700320321\n|move|p1a: Dragapult|Shadow Ball|p2a: Dragapult\n|-supereffective|p2a: Dragapult\n|-damage|p2a: Dragapult|0 fnt\n|faint|p2a: Dragapult\n|\n|upkeep\n|\n|t:|1700320326\n|switch|p2a: Iron Valiant|Iron Valiant|100\/100\n|-enditem|p2a: Iron Valiant|Booster Energy\n|-activate|p2a: Iron Valiant|ability: Quark Drive|[fromitem]\n|-start|p2a: Iron Valiant|quarkdrivespe\n|turn|3\n|\n|t:|1700320329\n|switch|p1a: Zapdos|Zapdos|22\/100\n|move|p2a: Iron Valiant|Swords Dance|p2a: Iron Valiant\n|-boost|p2a: Iron Valiant|atk|2\n|\n|upkeep\n|turn|4\n|\n|t:|1700320333\n|move|p2a: Iron Valiant|Spirit Break|p1a: Zapdos\n|-damage|p1a: Zapdos|0 fnt\n|faint|p1a: Zapdos\n|\n|upkeep\n|\n|t:|1700320345\n|switch|p1a: Kingambit|Kingambit, F|100\/100\n|-activate|p1a: Kingambit|ability: Supreme Overlord\n|-start|p1a: Kingambit|fallen1|[silent]\n|turn|5\n|\n|t:|1700320349\n|move|p2a: Iron Valiant|Spirit Break|p1a: Kingambit\n|-damage|p1a: Kingambit|35\/100\n|-unboost|p1a: Kingambit|spa|1\n|move|p1a: Kingambit|Iron Head|p2a: Iron Valiant\n|-supereffective|p2a: Iron Valiant\n|-damage|p2a: Iron Valiant|0 fnt\n|faint|p2a: Iron Valiant\n|-end|p2a: Iron Valiant|Quark Drive|[silent]\n|\n|upkeep\n|\n|t:|1700320358\n|switch|p2a: Samurott|Samurott-Hisui, M|100\/100\n|turn|6\n|\n|t:|1700320363\n|move|p2a: Samurott|Aqua Cutter|p1a: Kingambit\n|-damage|p1a: Kingambit|0 fnt\n|faint|p1a: Kingambit\n|-end|p1a: Kingambit|fallen1|[silent]\n|\n|upkeep\n|\n|t:|1700320367\n|switch|p1a: Ogerpon|Ogerpon-Wellspring, F|100\/100\n|turn|7\n|\n|t:|1700320374\n|switch|p2a: Corviknight|Corviknight, M, shiny|100\/100\n|-ability|p2a: Corviknight|Pressure\n|move|p1a: Ogerpon|U-turn|p2a: Corviknight\n|-resisted|p2a: Corviknight\n|-damage|p2a: Corviknight|96\/100\n|-damage|p1a: Ogerpon|84\/100|[from] item: Rocky Helmet|[of] p2a: Corviknight\n|\n|t:|1700320377\n|switch|p1a: Dragapult|Dragapult, F|100\/100|[from] U-turn\n|\n|upkeep\n|turn|8\n|\n|t:|1700320381\n|switch|p2a: Heatran|Heatran, M, shiny|100\/100\n|-terastallize|p1a: Dragapult|Ghost\n|move|p1a: Dragapult|Shadow Ball|p2a: Heatran\n|-damage|p2a: Heatran|59\/100\n|\n|-heal|p2a: Heatran|66\/100|[from] item: Leftovers\n|upkeep\n|turn|9\n|\n|t:|1700320389\n|switch|p1a: Blissey|Blissey, F|100\/100\n|switch|p2a: Samurott|Samurott-Hisui, M|100\/100\n|\n|upkeep\n|turn|10\n|\n|t:|1700320394\n|move|p2a: Samurott|Ceaseless Edge|p1a: Blissey\n|-damage|p1a: Blissey|43\/100\n|-sidestart|p1: Staymox|Spikes\n|move|p1a: Blissey|Stealth Rock|p2a: Samurott\n|-sidestart|p2: LegacyShowden|move: Stealth Rock\n|\n|upkeep\n|turn|11\n|\n|t:|1700320398\n|move|p2a: Samurott|Ceaseless Edge|p1a: Blissey\n|-crit|p1a: Blissey\n|-damage|p1a: Blissey|0 fnt\n|-sidestart|p1: Staymox|Spikes\n|faint|p1a: Blissey\n|\n|upkeep\n|\n|t:|1700320402\n|switch|p1a: Great Tusk|Great Tusk|100\/100\n|-damage|p1a: Great Tusk|84\/100|[from] Spikes\n|turn|12\n|\n|t:|1700320406\n|switch|p2a: Corviknight|Corviknight, M, shiny|96\/100\n|-damage|p2a: Corviknight|84\/100|[from] Stealth Rock\n|-ability|p2a: Corviknight|Pressure\n|move|p1a: Great Tusk|Rapid Spin|p2a: Corviknight\n|-resisted|p2a: Corviknight\n|-damage|p2a: Corviknight|79\/100\n|-boost|p1a: Great Tusk|spe|1\n|-damage|p1a: Great Tusk|67\/100|[from] item: Rocky Helmet|[of] p2a: Corviknight\n|-sideend|p1: Staymox|Spikes|[from] move: Rapid Spin|[of] p1a: Great Tusk\n|\n|-heal|p1a: Great Tusk|74\/100|[from] item: Leftovers\n|upkeep\n|turn|13\n|\n|t:|1700320411\n|move|p1a: Great Tusk|Knock Off|p2a: Corviknight\n|-damage|p2a: Corviknight|63\/100\n|-damage|p1a: Great Tusk|57\/100|[from] item: Rocky Helmet|[of] p2a: Corviknight\n|-enditem|p2a: Corviknight|Rocky Helmet|[from] move: Knock Off|[of] p1a: Great Tusk\n|move|p2a: Corviknight|Defog|p1a: Great Tusk\n|-unboost|p1a: Great Tusk|evasion|1\n|-sideend|p2: LegacyShowden|Stealth Rock|[from] move: Defog|[of] p2a: Corviknight\n|\n|-heal|p1a: Great Tusk|63\/100|[from] item: Leftovers\n|upkeep\n|turn|14\n|\n|t:|1700320416\n|move|p1a: Great Tusk|Bulk Up|p1a: Great Tusk\n|-boost|p1a: Great Tusk|atk|1\n|-boost|p1a: Great Tusk|def|1\n|move|p2a: Corviknight|Roost|p2a: Corviknight\n|-heal|p2a: Corviknight|100\/100\n|-singleturn|p2a: Corviknight|move: Roost\n|\n|-heal|p1a: Great Tusk|69\/100|[from] item: Leftovers\n|upkeep\n|turn|15\n|\n|t:|1700320421\n|move|p1a: Great Tusk|Bulk Up|p1a: Great Tusk\n|-boost|p1a: Great Tusk|atk|1\n|-boost|p1a: Great Tusk|def|1\n|move|p2a: Corviknight|Brave Bird|p1a: Great Tusk\n|-supereffective|p1a: Great Tusk\n|-damage|p1a: Great Tusk|47\/100\n|-damage|p2a: Corviknight|92\/100|[from] Recoil\n|\n|-heal|p1a: Great Tusk|53\/100|[from] item: Leftovers\n|upkeep\n|turn|16\n|\n|t:|1700320426\n|switch|p2a: Heatran|Heatran, M, shiny|66\/100\n|move|p1a: Great Tusk|Bulk Up|p1a: Great Tusk\n|-boost|p1a: Great Tusk|atk|1\n|-boost|p1a: Great Tusk|def|1\n|\n|-heal|p1a: Great Tusk|59\/100|[from] item: Leftovers\n|-heal|p2a: Heatran|72\/100|[from] item: Leftovers\n|upkeep\n|turn|17\n|\n|t:|1700320430\n|-terastallize|p2a: Heatran|Grass\n|move|p1a: Great Tusk|Earthquake|p2a: Heatran\n|-resisted|p2a: Heatran\n|-damage|p2a: Heatran|24\/100\n|move|p2a: Heatran|Magma Storm|p1a: Great Tusk\n|-damage|p1a: Great Tusk|1\/100\n|-activate|p1a: Great Tusk|move: Magma Storm|[of] p2a: Heatran\n|\n|-heal|p1a: Great Tusk|7\/100|[from] item: Leftovers\n|-heal|p2a: Heatran|30\/100|[from] item: Leftovers\n|-damage|p1a: Great Tusk|0 fnt|[from] move: Magma Storm|[partiallytrapped]\n|faint|p1a: Great Tusk\n|-end|p1a: Great Tusk|Protosynthesis|[silent]\n|upkeep\n|\n|t:|1700320440\n|switch|p1a: Dragapult|Dragapult, F, tera:Ghost|100\/100\n|turn|18\n|\n|t:|1700320445\n|switch|p2a: Corviknight|Corviknight, M, shiny|92\/100\n|-ability|p2a: Corviknight|Pressure\n|move|p1a: Dragapult|Shadow Ball|p2a: Corviknight\n|-damage|p2a: Corviknight|30\/100\n|\n|upkeep\n|turn|19\n|\n|t:|1700320451\n|move|p1a: Dragapult|Shadow Ball|p2a: Corviknight\n|-damage|p2a: Corviknight|0 fnt\n|faint|p2a: Corviknight\n|\n|upkeep\n|\n|t:|1700320453\n|switch|p2a: Samurott|Samurott-Hisui, M|100\/100\n|turn|20\n|\n|t:|1700320458\n|switch|p1a: Ogerpon|Ogerpon-Wellspring, F|84\/100\n|move|p2a: Samurott|Ceaseless Edge|p1a: Ogerpon\n|-damage|p1a: Ogerpon|0 fnt\n|-sidestart|p1: Staymox|Spikes\n|faint|p1a: Ogerpon\n|\n|upkeep\n|\n|t:|1700320463\n|switch|p1a: Dragapult|Dragapult, F, tera:Ghost|100\/100\n|-damage|p1a: Dragapult|88\/100|[from] Spikes\n|turn|21\n|\n|t:|1700320468\n|switch|p2a: Heatran|Heatran, M, shiny, tera:Grass|30\/100\n|move|p1a: Dragapult|Draco Meteor|p2a: Heatran|[miss]\n|-miss|p1a: Dragapult|p2a: Heatran\n|\n|-heal|p2a: Heatran|36\/100|[from] item: Leftovers\n|upkeep\n|turn|22\n|\n|t:|1700320472\n|move|p1a: Dragapult|Draco Meteor|p2a: Heatran\n|-damage|p2a: Heatran|0 fnt\n|-unboost|p1a: Dragapult|spa|2\n|faint|p2a: Heatran\n|\n|upkeep\n|\n|t:|1700320475\n|switch|p2a: Samurott|Samurott-Hisui, M|100\/100\n|turn|23\n|\n|t:|1700320477\n|move|p2a: Samurott|Sucker Punch|p1a: Dragapult\n|-supereffective|p1a: Dragapult\n|-damage|p1a: Dragapult|0 fnt\n|faint|p1a: Dragapult\n|\n|win|LegacyShowden\n|raw|Staymox's rating: 1490 &rarr; <strong>1474<\/strong><br \/>(-16 for losing)\n|raw|LegacyShowden's rating: 1566 &rarr; <strong>1582<\/strong><br \/>(+16 for winning)\n|l|\u2606Staymox\n","uploadtime":1700320483,"views":16,"p1id":"staymox","p2id":"legacyshowden","formatid":"gen9ou","rating":1474,"private":0,"password":""}