{"id":"gen9ou-1992546892","p1":"elfelikz","p2":"TheUltima_Godzilla","format":"[Gen 9] OU","log":"|j|\u2606elfelikz\n|j|\u2606TheUltima_Godzilla\n|t:|1700203402\n|gametype|singles\n|player|p1|elfelikz|unknown|1059\n|player|p2|TheUltima_Godzilla|1|1000\n|teamsize|p1|6\n|teamsize|p2|6\n|gen|9\n|tier|[Gen 9] OU\n|rated|\n|rule|Sleep Clause Mod: Limit one foe put to sleep\n|rule|Species Clause: Limit one of each Pok\u00e9mon\n|rule|OHKO Clause: OHKO moves are banned\n|rule|Evasion Items Clause: Evasion items are banned\n|rule|Evasion Moves Clause: Evasion moves are banned\n|rule|Endless Battle Clause: Forcing endless battles is banned\n|rule|HP Percentage Mod: HP is shown in percentages\n|clearpoke\n|poke|p1|Rillaboom, M|\n|poke|p1|Sneasler, M|\n|poke|p1|Ribombee, M|\n|poke|p1|Great Tusk|\n|poke|p1|Zapdos|\n|poke|p1|Enamorus, F|\n|poke|p2|Scizor, M|\n|poke|p2|Toxapex, M|\n|poke|p2|Garchomp, F|\n|poke|p2|Volbeat, M|\n|poke|p2|Breloom, M|\n|poke|p2|Mimikyu, M|\n|teampreview\n|\n|t:|1700203418\n|start\n|switch|p1a: Zapdos|Zapdos|100\/100\n|switch|p2a: Mimikyu|Mimikyu, M|100\/100\n|turn|1\n|\n|t:|1700203425\n|move|p1a: Zapdos|Volt Switch|p2a: Mimikyu\n|-activate|p2a: Mimikyu|ability: Disguise\n|-damage|p2a: Mimikyu|100\/100\n|detailschange|p2a: Mimikyu|Mimikyu-Busted, M\n|-damage|p2a: Mimikyu|88\/100|[from] pokemon: Mimikyu-Busted\n|\n|t:|1700203431\n|switch|p1a: Ribombee|Ribombee, M, shiny|100\/100|[from] Volt Switch\n|move|p2a: Mimikyu|Swords Dance|p2a: Mimikyu\n|-boost|p2a: Mimikyu|atk|2\n|\n|upkeep\n|turn|2\n|inactive|Battle timer is ON: inactive players will automatically lose when time's up. (requested by elfelikz)\n|\n|t:|1700203463\n|move|p1a: Ribombee|Stun Spore|p2a: Mimikyu\n|-status|p2a: Mimikyu|par\n|move|p2a: Mimikyu|Leech Life|p1a: Ribombee\n|-resisted|p1a: Ribombee\n|-damage|p1a: Ribombee|55\/100\n|-heal|p2a: Mimikyu|100\/100 par|[from] drain|[of] p1a: Ribombee\n|\n|upkeep\n|turn|3\n|\n|t:|1700203477\n|move|p1a: Ribombee|Sticky Web|p2a: Mimikyu\n|-sidestart|p2: TheUltima_Godzilla|move: Sticky Web\n|move|p2a: Mimikyu|Leech Life|p1a: Ribombee\n|-resisted|p1a: Ribombee\n|-damage|p1a: Ribombee|10\/100\n|\n|upkeep\n|turn|4\n|\n|t:|1700203492\n|switch|p1a: Great Tusk|Great Tusk|100\/100\n|cant|p2a: Mimikyu|par\n|\n|upkeep\n|turn|5\n|\n|t:|1700203504\n|move|p1a: Great Tusk|Knock Off|p2a: Mimikyu\n|-damage|p2a: Mimikyu|58\/100 par\n|-enditem|p2a: Mimikyu|Weakness Policy|[from] move: Knock Off|[of] p1a: Great Tusk\n|move|p2a: Mimikyu|Shadow Claw|p1a: Great Tusk\n|-crit|p1a: Great Tusk\n|-damage|p1a: Great Tusk|43\/100\n|\n|upkeep\n|turn|6\n|\n|t:|1700203512\n|move|p1a: Great Tusk|Headlong Rush|p2a: Mimikyu\n|-damage|p2a: Mimikyu|0 fnt\n|-unboost|p1a: Great Tusk|def|1\n|-unboost|p1a: Great Tusk|spd|1\n|faint|p2a: Mimikyu\n|\n|upkeep\n|\n|t:|1700203534\n|switch|p2a: Steel Bug|Scizor, M|100\/100\n|-activate|p2a: Steel Bug|move: Sticky Web\n|-unboost|p2a: Steel Bug|spe|1\n|turn|7\n|\n|t:|1700203546\n|-end|p1a: Great Tusk|Protosynthesis|[silent]\n|switch|p1a: Ribombee|Ribombee, M, shiny|10\/100\n|move|p2a: Steel Bug|Bullet Punch|p1a: Ribombee\n|-supereffective|p1a: Ribombee\n|-damage|p1a: Ribombee|0 fnt\n|faint|p1a: Ribombee\n|\n|upkeep\n|\n|t:|1700203551\n|switch|p1a: Enamorus|Enamorus, F|100\/100\n|turn|8\n|\n|t:|1700203563\n|move|p1a: Enamorus|Mystical Fire|p2a: Steel Bug\n|-supereffective|p2a: Steel Bug\n|-damage|p2a: Steel Bug|0 fnt\n|faint|p2a: Steel Bug\n|\n|upkeep\n|\n|t:|1700203576\n|switch|p2a: Chompster|Garchomp, F|100\/100\n|-activate|p2a: Chompster|move: Sticky Web\n|-unboost|p2a: Chompster|spe|1\n|turn|9\n|\n|t:|1700203595\n|switch|p1a: Great Tusk|Great Tusk|43\/100\n|-terastallize|p2a: Chompster|Fairy\n|move|p2a: Chompster|Swords Dance|p2a: Chompster\n|-boost|p2a: Chompster|atk|2\n|\n|upkeep\n|turn|10\n|\n|t:|1700203605\n|move|p1a: Great Tusk|Headlong Rush|p2a: Chompster\n|-damage|p2a: Chompster|25\/100\n|-unboost|p1a: Great Tusk|def|1\n|-unboost|p1a: Great Tusk|spd|1\n|-damage|p1a: Great Tusk|31\/100|[from] ability: Rough Skin|[of] p2a: Chompster\n|move|p2a: Chompster|Iron Head|p1a: Great Tusk\n|-damage|p1a: Great Tusk|0 fnt\n|faint|p1a: Great Tusk\n|-end|p1a: Great Tusk|Protosynthesis|[silent]\n|\n|upkeep\n|\n|t:|1700203609\n|switch|p1a: Rillaboom|Rillaboom, M|100\/100\n|-fieldstart|move: Grassy Terrain|[from] ability: Grassy Surge|[of] p1a: Rillaboom\n|turn|11\n|\n|t:|1700203618\n|move|p1a: Rillaboom|Grassy Glide|p2a: Chompster\n|-crit|p2a: Chompster\n|-damage|p2a: Chompster|0 fnt\n|-damage|p1a: Rillaboom|88\/100|[from] ability: Rough Skin|[of] p2a: Chompster\n|faint|p2a: Chompster\n|\n|-heal|p1a: Rillaboom|94\/100|[from] Grassy Terrain\n|upkeep\n|\n|t:|1700203629\n|switch|p2a: Mush|Breloom, M|100\/100\n|turn|12\n|\n|t:|1700203636\n|switch|p1a: Enamorus|Enamorus, F|100\/100\n|move|p2a: Mush|Bulk Up|p2a: Mush\n|-boost|p2a: Mush|atk|1\n|-boost|p2a: Mush|def|1\n|\n|upkeep\n|turn|13\n|\n|t:|1700203643\n|move|p1a: Enamorus|Psychic|p2a: Mush\n|-supereffective|p2a: Mush\n|-damage|p2a: Mush|0 fnt\n|faint|p2a: Mush\n|\n|upkeep\n|\n|t:|1700203648\n|switch|p2a: Bug|Volbeat, M|100\/100\n|-activate|p2a: Bug|move: Sticky Web\n|-unboost|p2a: Bug|spe|1\n|turn|14\n|\n|t:|1700203655\n|switch|p1a: Zapdos|Zapdos|100\/100\n|move|p2a: Bug|Shadow Ball|p1a: Zapdos\n|-damage|p1a: Zapdos|88\/100\n|\n|upkeep\n|turn|15\n|\n|t:|1700203663\n|move|p1a: Zapdos|Hurricane|p2a: Bug\n|-supereffective|p2a: Bug\n|-damage|p2a: Bug|0 fnt\n|faint|p2a: Bug\n|\n|-fieldend|move: Grassy Terrain\n|upkeep\n|\n|t:|1700203669\n|switch|p2a: Toxapex|Toxapex, M|100\/100\n|-activate|p2a: Toxapex|move: Sticky Web\n|-unboost|p2a: Toxapex|spe|1\n|turn|16\n|\n|t:|1700203676\n|move|p1a: Zapdos|Thunderbolt|p2a: Toxapex\n|-supereffective|p2a: Toxapex\n|-damage|p2a: Toxapex|18\/100\n|move|p2a: Toxapex|Venoshock|p1a: Zapdos\n|-crit|p1a: Zapdos\n|-damage|p1a: Zapdos|62\/100\n|\n|-heal|p2a: Toxapex|24\/100|[from] item: Black Sludge\n|upkeep\n|turn|17\n|\n|t:|1700203685\n|move|p1a: Zapdos|Thunderbolt|p2a: Toxapex\n|-supereffective|p2a: Toxapex\n|-damage|p2a: Toxapex|0 fnt\n|faint|p2a: Toxapex\n|\n|win|elfelikz\n|raw|elfelikz's rating: 1059 &rarr; <strong>1085<\/strong><br \/>(+26 for winning)\n|raw|TheUltima_Godzilla's rating: 1000 &rarr; <strong>1000<\/strong><br \/>(+0 for losing)\n|c|\u2606TheUltima_Godzilla|gg\n","uploadtime":1700203691,"views":16,"p1id":"elfelikz","p2id":"theultimagodzilla","formatid":"gen9ou","rating":1000,"private":0,"password":""}