{"id":"gen9ou-1989325268","p1":"Olty","p2":"Onte bad","format":"[Gen 9] OU","log":"|j|\u2606Olty\n|j|\u2606Onte bad\n|t:|1699836562\n|gametype|singles\n|player|p1|Olty|pokemaniac|1110\n|player|p2|Onte bad|1|1085\n|teamsize|p1|6\n|teamsize|p2|6\n|gen|9\n|tier|[Gen 9] OU\n|rated|\n|rule|Sleep Clause Mod: Limit one foe put to sleep\n|rule|Species Clause: Limit one of each Pok\u00e9mon\n|rule|OHKO Clause: OHKO moves are banned\n|rule|Evasion Items Clause: Evasion items are banned\n|rule|Evasion Moves Clause: Evasion moves are banned\n|rule|Endless Battle Clause: Forcing endless battles is banned\n|rule|HP Percentage Mod: HP is shown in percentages\n|clearpoke\n|poke|p1|Rillaboom, F|\n|poke|p1|Garganacl, F|\n|poke|p1|Great Tusk|\n|poke|p1|Heatran, F|\n|poke|p1|Zapdos|\n|poke|p1|Walking Wake|\n|poke|p2|Gholdengo|\n|poke|p2|Glimmora, M|\n|poke|p2|Ribombee, F|\n|poke|p2|Cinderace, M|\n|poke|p2|Dragonite, M|\n|poke|p2|Thundurus-Therian, M|\n|teampreview\n|\n|t:|1699836572\n|start\n|switch|p1a: Heatran|Heatran, F|100\/100\n|switch|p2a: Cinderace|Cinderace, M|100\/100\n|turn|1\n|\n|t:|1699836578\n|move|p2a: Cinderace|High Jump Kick|p1a: Heatran\n|-start|p2a: Cinderace|typechange|Fighting|[from] ability: Libero\n|-supereffective|p1a: Heatran\n|-damage|p1a: Heatran|0 fnt\n|faint|p1a: Heatran\n|\n|upkeep\n|\n|t:|1699836585\n|switch|p1a: Zapdos|Zapdos|100\/100\n|turn|2\n|\n|t:|1699836590\n|move|p2a: Cinderace|U-turn|p1a: Zapdos\n|-resisted|p1a: Zapdos\n|-damage|p1a: Zapdos|91\/100\n|-status|p2a: Cinderace|par|[from] ability: Static|[of] p1a: Zapdos\n|\n|t:|1699836599\n|switch|p2a: Thundurus|Thundurus-Therian, M|100\/100|[from] U-turn\n|move|p1a: Zapdos|Hurricane|p2a: Thundurus\n|-resisted|p2a: Thundurus\n|-damage|p2a: Thundurus|67\/100\n|\n|upkeep\n|turn|3\n|\n|t:|1699836609\n|switch|p1a: Garganacl|Garganacl, F|100\/100\n|move|p2a: Thundurus|Grass Knot|p1a: Garganacl\n|-supereffective|p1a: Garganacl\n|-damage|p1a: Garganacl|15\/100\n|\n|-heal|p1a: Garganacl|21\/100|[from] item: Leftovers\n|upkeep\n|turn|4\n|\n|t:|1699836615\n|switch|p2a: Glimmora|Glimmora, M|100\/100\n|move|p1a: Garganacl|Salt Cure|p2a: Glimmora\n|-damage|p2a: Glimmora|86\/100\n|-start|p2a: Glimmora|Salt Cure\n|-activate|p2a: Glimmora|ability: Toxic Debris\n|-sidestart|p1: Olty|move: Toxic Spikes\n|\n|-heal|p1a: Garganacl|27\/100|[from] item: Leftovers\n|-damage|p2a: Glimmora|73\/100|[from] Salt Cure\n|upkeep\n|turn|5\n|\n|t:|1699836618\n|move|p2a: Glimmora|Stealth Rock|p1a: Garganacl\n|-sidestart|p1: Olty|move: Stealth Rock\n|move|p1a: Garganacl|Body Press|p2a: Glimmora\n|-damage|p2a: Glimmora|51\/100\n|-activate|p2a: Glimmora|ability: Toxic Debris\n|-sidestart|p1: Olty|move: Toxic Spikes\n|\n|-heal|p1a: Garganacl|33\/100|[from] item: Leftovers\n|-damage|p2a: Glimmora|38\/100|[from] Salt Cure\n|upkeep\n|turn|6\n|\n|t:|1699836624\n|move|p2a: Glimmora|Spikes|p1a: Garganacl\n|-sidestart|p1: Olty|Spikes\n|move|p1a: Garganacl|Recover|p1a: Garganacl\n|-heal|p1a: Garganacl|83\/100\n|\n|-heal|p1a: Garganacl|89\/100|[from] item: Leftovers\n|-damage|p2a: Glimmora|26\/100|[from] Salt Cure\n|upkeep\n|turn|7\n|\n|t:|1699836627\n|move|p2a: Glimmora|Spikes|p1a: Garganacl\n|-sidestart|p1: Olty|Spikes\n|move|p1a: Garganacl|Iron Defense|p1a: Garganacl\n|-boost|p1a: Garganacl|def|2\n|\n|-heal|p1a: Garganacl|96\/100|[from] item: Leftovers\n|-damage|p2a: Glimmora|13\/100|[from] Salt Cure\n|upkeep\n|turn|8\n|\n|t:|1699836630\n|move|p2a: Glimmora|Spikes|p1a: Garganacl\n|-sidestart|p1: Olty|Spikes\n|move|p1a: Garganacl|Iron Defense|p1a: Garganacl\n|-boost|p1a: Garganacl|def|2\n|\n|-heal|p1a: Garganacl|100\/100|[from] item: Leftovers\n|-damage|p2a: Glimmora|1\/100|[from] Salt Cure\n|upkeep\n|turn|9\n|\n|t:|1699836633\n|move|p2a: Glimmora|Earth Power|p1a: Garganacl\n|-supereffective|p1a: Garganacl\n|-damage|p1a: Garganacl|69\/100\n|move|p1a: Garganacl|Iron Defense|p1a: Garganacl\n|-boost|p1a: Garganacl|def|2\n|\n|-heal|p1a: Garganacl|75\/100|[from] item: Leftovers\n|-damage|p2a: Glimmora|0 fnt|[from] Salt Cure\n|faint|p2a: Glimmora\n|upkeep\n|\n|t:|1699836636\n|switch|p2a: Gholdengo|Gholdengo|100\/100\n|turn|10\n|\n|t:|1699836640\n|move|p2a: Gholdengo|Make It Rain|p1a: Garganacl\n|-supereffective|p1a: Garganacl\n|-damage|p1a: Garganacl|4\/100\n|-unboost|p2a: Gholdengo|spa|1\n|move|p1a: Garganacl|Salt Cure|p2a: Gholdengo\n|-resisted|p2a: Gholdengo\n|-damage|p2a: Gholdengo|93\/100\n|-start|p2a: Gholdengo|Salt Cure\n|\n|-heal|p2a: Gholdengo|99\/100|[from] item: Leftovers\n|-heal|p1a: Garganacl|10\/100|[from] item: Leftovers\n|-damage|p2a: Gholdengo|75\/100|[from] Salt Cure\n|upkeep\n|turn|11\n|\n|t:|1699836647\n|switch|p2a: Ribombee|Ribombee, F|100\/100\n|move|p1a: Garganacl|Recover|p1a: Garganacl\n|-heal|p1a: Garganacl|60\/100\n|\n|-heal|p1a: Garganacl|67\/100|[from] item: Leftovers\n|upkeep\n|turn|12\n|\n|t:|1699836650\n|move|p2a: Ribombee|Sticky Web|p1a: Garganacl\n|-sidestart|p1: Olty|move: Sticky Web\n|move|p1a: Garganacl|Salt Cure|p2a: Ribombee\n|-supereffective|p2a: Ribombee\n|-damage|p2a: Ribombee|45\/100\n|-start|p2a: Ribombee|Salt Cure\n|\n|-heal|p1a: Garganacl|73\/100|[from] item: Leftovers\n|-damage|p2a: Ribombee|32\/100|[from] Salt Cure\n|upkeep\n|turn|13\n|\n|t:|1699836654\n|move|p2a: Ribombee|Moonblast|p1a: Garganacl\n|-damage|p1a: Garganacl|49\/100\n|move|p1a: Garganacl|Recover|p1a: Garganacl\n|-heal|p1a: Garganacl|99\/100\n|\n|-heal|p1a: Garganacl|100\/100|[from] item: Leftovers\n|-damage|p2a: Ribombee|20\/100|[from] Salt Cure\n|upkeep\n|turn|14\n|\n|t:|1699836659\n|move|p2a: Ribombee|Moonblast|p1a: Garganacl\n|-damage|p1a: Garganacl|74\/100\n|-unboost|p1a: Garganacl|spa|1\n|move|p1a: Garganacl|Salt Cure|p2a: Ribombee\n|-supereffective|p2a: Ribombee\n|-damage|p2a: Ribombee|0 fnt\n|faint|p2a: Ribombee\n|\n|-heal|p1a: Garganacl|80\/100|[from] item: Leftovers\n|upkeep\n|\n|t:|1699836667\n|switch|p2a: Thundurus|Thundurus-Therian, M|67\/100\n|turn|15\n|\n|t:|1699836670\n|move|p2a: Thundurus|Grass Knot|p1a: Garganacl\n|-supereffective|p1a: Garganacl\n|-damage|p1a: Garganacl|0 fnt\n|faint|p1a: Garganacl\n|\n|upkeep\n|\n|t:|1699836676\n|switch|p1a: Great Tusk|Great Tusk|100\/100\n|-status|p1a: Great Tusk|tox\n|-damage|p1a: Great Tusk|97\/100 tox|[from] Stealth Rock\n|-damage|p1a: Great Tusk|72\/100 tox|[from] Spikes\n|-activate|p1a: Great Tusk|move: Sticky Web\n|-unboost|p1a: Great Tusk|spe|1\n|turn|16\n|\n|t:|1699836689\n|-terastallize|p1a: Great Tusk|Poison\n|move|p2a: Thundurus|Grass Knot|p1a: Great Tusk\n|-resisted|p1a: Great Tusk\n|-damage|p1a: Great Tusk|27\/100 tox\n|move|p1a: Great Tusk|Headlong Rush|p2a: Thundurus\n|-immune|p2a: Thundurus\n|\n|-heal|p1a: Great Tusk|33\/100 tox|[from] item: Leftovers\n|-damage|p1a: Great Tusk|27\/100 tox|[from] psn\n|upkeep\n|turn|17\n|\n|t:|1699836702\n|switch|p2a: Gholdengo|Gholdengo|75\/100\n|move|p1a: Great Tusk|Rapid Spin|p2a: Gholdengo\n|-immune|p2a: Gholdengo\n|\n|-heal|p2a: Gholdengo|81\/100|[from] item: Leftovers\n|-heal|p1a: Great Tusk|33\/100 tox|[from] item: Leftovers\n|-damage|p1a: Great Tusk|21\/100 tox|[from] psn\n|upkeep\n|turn|18\n|\n|t:|1699836707\n|move|p2a: Gholdengo|Shadow Ball|p1a: Great Tusk\n|-damage|p1a: Great Tusk|0 fnt\n|faint|p1a: Great Tusk\n|-end|p1a: Great Tusk|Protosynthesis|[silent]\n|\n|-heal|p2a: Gholdengo|87\/100|[from] item: Leftovers\n|upkeep\n|\n|t:|1699836711\n|switch|p1a: Rillaboom|Rillaboom, F|100\/100\n|-status|p1a: Rillaboom|tox\n|-damage|p1a: Rillaboom|88\/100 tox|[from] Stealth Rock\n|-damage|p1a: Rillaboom|63\/100 tox|[from] Spikes\n|-activate|p1a: Rillaboom|move: Sticky Web\n|-unboost|p1a: Rillaboom|spe|1\n|-fieldstart|move: Grassy Terrain|[from] ability: Grassy Surge|[of] p1a: Rillaboom\n|turn|19\n|\n|t:|1699836717\n|move|p2a: Gholdengo|Nasty Plot|p2a: Gholdengo\n|-boost|p2a: Gholdengo|spa|2\n|move|p1a: Rillaboom|Knock Off|p2a: Gholdengo\n|-supereffective|p2a: Gholdengo\n|-damage|p2a: Gholdengo|0 fnt\n|-enditem|p2a: Gholdengo|Leftovers|[from] move: Knock Off|[of] p1a: Rillaboom\n|faint|p2a: Gholdengo\n|\n|-heal|p1a: Rillaboom|70\/100 tox|[from] Grassy Terrain\n|-damage|p1a: Rillaboom|63\/100 tox|[from] psn\n|upkeep\n|inactive|Battle timer is ON: inactive players will automatically lose when time's up. (requested by Olty)\n|\n|t:|1699836752\n|switch|p2a: Thundurus|Thundurus-Therian, M|67\/100\n|turn|20\n|\n|t:|1699836771\n|-terastallize|p2a: Thundurus|Ice\n|move|p2a: Thundurus|Tera Blast|p1a: Rillaboom|[anim] Tera Blast Ice\n|-supereffective|p1a: Rillaboom\n|-damage|p1a: Rillaboom|0 fnt\n|faint|p1a: Rillaboom\n|\n|-heal|p2a: Thundurus|73\/100|[from] Grassy Terrain\n|upkeep\n|\n|t:|1699836779\n|switch|p1a: Walking Wake|Walking Wake|100\/100\n|turn|21\n|\n|t:|1699836799\n|switch|p2a: Cinderace|Cinderace, M|100\/100 par\n|move|p1a: Walking Wake|Draco Meteor|p2a: Cinderace\n|-damage|p2a: Cinderace|3\/100 par\n|-unboost|p1a: Walking Wake|spa|2\n|\n|-heal|p2a: Cinderace|9\/100 par|[from] Grassy Terrain\n|upkeep\n|turn|22\n|c|\u2606Olty|Crazy\n|\n|t:|1699836812\n|move|p1a: Walking Wake|Flip Turn|p2a: Cinderace\n|-supereffective|p2a: Cinderace\n|-damage|p2a: Cinderace|0 fnt\n|faint|p2a: Cinderace\n|\n|t:|1699836814\n|-end|p1a: Walking Wake|Protosynthesis|[silent]\n|switch|p1a: Zapdos|Zapdos|91\/100|[from] Flip Turn\n|\n|upkeep\n|\n|t:|1699836821\n|switch|p2a: Thundurus|Thundurus-Therian, M, tera:Ice|73\/100\n|turn|23\n|\n|t:|1699836829\n|move|p2a: Thundurus|Tera Blast|p1a: Zapdos|[anim] Tera Blast Ice\n|-supereffective|p1a: Zapdos\n|-damage|p1a: Zapdos|0 fnt\n|faint|p1a: Zapdos\n|\n|-heal|p2a: Thundurus|79\/100|[from] Grassy Terrain\n|-fieldend|move: Grassy Terrain\n|upkeep\n|\n|t:|1699836832\n|switch|p1a: Walking Wake|Walking Wake|100\/100\n|turn|24\n|\n|t:|1699836837\n|move|p1a: Walking Wake|Knock Off|p2a: Thundurus\n|-damage|p2a: Thundurus|53\/100\n|-enditem|p2a: Thundurus|Choice Specs|[from] move: Knock Off|[of] p1a: Walking Wake\n|move|p2a: Thundurus|Tera Blast|p1a: Walking Wake|[anim] Tera Blast Ice\n|-damage|p1a: Walking Wake|44\/100\n|\n|upkeep\n|turn|25\n|\n|t:|1699836844\n|move|p1a: Walking Wake|Draco Meteor|p2a: Thundurus\n|-damage|p2a: Thundurus|0 fnt\n|-unboost|p1a: Walking Wake|spa|2\n|faint|p2a: Thundurus\n|\n|upkeep\n|\n|t:|1699836847\n|switch|p2a: Dragonite|Dragonite, M|100\/100\n|turn|26\n|\n|t:|1699836851\n|move|p1a: Walking Wake|Draco Meteor|p2a: Dragonite\n|-supereffective|p2a: Dragonite\n|-damage|p2a: Dragonite|67\/100\n|-unboost|p1a: Walking Wake|spa|2\n|move|p2a: Dragonite|Dragon Dance|p2a: Dragonite\n|-boost|p2a: Dragonite|atk|1\n|-boost|p2a: Dragonite|spe|1\n|\n|upkeep\n|turn|27\n|\n|t:|1699836856\n|move|p2a: Dragonite|Roost|p2a: Dragonite\n|-heal|p2a: Dragonite|100\/100\n|-singleturn|p2a: Dragonite|move: Roost\n|move|p1a: Walking Wake|Knock Off|p2a: Dragonite\n|-damage|p2a: Dragonite|91\/100\n|-enditem|p2a: Dragonite|Lum Berry|[from] move: Knock Off|[of] p1a: Walking Wake\n|\n|upkeep\n|turn|28\n|\n|t:|1699836865\n|move|p2a: Dragonite|Roost|p2a: Dragonite\n|-heal|p2a: Dragonite|100\/100\n|-singleturn|p2a: Dragonite|move: Roost\n|move|p1a: Walking Wake|Draco Meteor|p2a: Dragonite\n|-supereffective|p2a: Dragonite\n|-damage|p2a: Dragonite|78\/100\n|-unboost|p1a: Walking Wake|spa|2\n|\n|upkeep\n|turn|29\n|\n|t:|1699836876\n|move|p2a: Dragonite|Roost|p2a: Dragonite\n|-heal|p2a: Dragonite|100\/100\n|-singleturn|p2a: Dragonite|move: Roost\n|move|p1a: Walking Wake|Scald|p2a: Dragonite\n|-resisted|p2a: Dragonite\n|-damage|p2a: Dragonite|98\/100\n|\n|upkeep\n|turn|30\n|\n|t:|1699836878\n|move|p2a: Dragonite|Earthquake|p1a: Walking Wake\n|-damage|p1a: Walking Wake|0 fnt\n|faint|p1a: Walking Wake\n|-end|p1a: Walking Wake|Protosynthesis|[silent]\n|\n|win|Onte bad\n|raw|Olty's rating: 1110 &rarr; <strong>1083<\/strong><br \/>(-27 for losing)\n|raw|Onte bad's rating: 1085 &rarr; <strong>1114<\/strong><br \/>(+29 for winning)\n|l|\u2606Olty\n","uploadtime":1699836887,"views":8,"p1id":"olty","p2id":"ontebad","formatid":"gen9ou","rating":1083,"private":0,"password":""}