{"id":"gen9ou-2000039063","p1":"Excelceite","p2":"bigyellowbananan","format":"[Gen 9] OU","log":"|j|\u2606Excelceite\n|j|\u2606bigyellowbananan\n|t:|1701144565\n|gametype|singles\n|player|p1|Excelceite|fantina|1341\n|player|p2|bigyellowbananan|waitress|1364\n|teamsize|p1|6\n|teamsize|p2|6\n|gen|9\n|tier|[Gen 9] OU\n|rated|\n|rule|Sleep Clause Mod: Limit one foe put to sleep\n|rule|Species Clause: Limit one of each Pok\u00e9mon\n|rule|OHKO Clause: OHKO moves are banned\n|rule|Evasion Items Clause: Evasion items are banned\n|rule|Evasion Moves Clause: Evasion moves are banned\n|rule|Endless Battle Clause: Forcing endless battles is banned\n|rule|HP Percentage Mod: HP is shown in percentages\n|clearpoke\n|poke|p1|Corviknight, M|\n|poke|p1|Clodsire, M|\n|poke|p1|Greninja-*, M|\n|poke|p1|Iron Moth|\n|poke|p1|Rillaboom, F|\n|poke|p1|Slowking-Galar, F|\n|poke|p2|Iron Valiant|\n|poke|p2|Torkoal, F|\n|poke|p2|Walking Wake|\n|poke|p2|Great Tusk|\n|poke|p2|Victreebel, M|\n|poke|p2|Ceruledge, M|\n|teampreview\n|inactive|Battle timer is ON: inactive players will automatically lose when time's up. (requested by bigyellowbananan)\n|inactive|bigyellowbananan has 120 seconds left.\n|inactive|bigyellowbananan has 90 seconds left.\n|\n|t:|1701144643\n|start\n|switch|p1a: Clodsire|Clodsire, M|100\/100\n|switch|p2a: Torkoal|Torkoal, F|100\/100\n|-weather|SunnyDay|[from] ability: Drought|[of] p2a: Torkoal\n|turn|1\n|inactive|bigyellowbananan has 120 seconds left.\n|\n|t:|1701144687\n|move|p1a: Clodsire|Toxic|p2a: Torkoal\n|-status|p2a: Torkoal|tox\n|move|p2a: Torkoal|Stealth Rock|p1a: Clodsire\n|-sidestart|p1: Excelceite|move: Stealth Rock\n|\n|-weather|SunnyDay|[upkeep]\n|-damage|p2a: Torkoal|94\/100 tox|[from] psn\n|upkeep\n|turn|2\n|\n|t:|1701144694\n|switch|p2a: Ceruledge|Ceruledge, M|100\/100\n|move|p1a: Clodsire|Stealth Rock|p2a: Ceruledge\n|-sidestart|p2: bigyellowbananan|move: Stealth Rock\n|\n|-weather|SunnyDay|[upkeep]\n|upkeep\n|turn|3\n|inactive|bigyellowbananan has 120 seconds left.\n|\n|t:|1701144700\n|move|p2a: Ceruledge|Iron Defense|p2a: Ceruledge\n|-boost|p2a: Ceruledge|def|2\n|move|p1a: Clodsire|Toxic|p2a: Ceruledge\n|-status|p2a: Ceruledge|tox\n|\n|-weather|SunnyDay|[upkeep]\n|-damage|p2a: Ceruledge|94\/100 tox|[from] psn\n|upkeep\n|turn|4\n|\n|t:|1701144714\n|move|p2a: Ceruledge|Swords Dance|p2a: Ceruledge\n|-boost|p2a: Ceruledge|atk|2\n|move|p1a: Clodsire|Earthquake|p2a: Ceruledge\n|-supereffective|p2a: Ceruledge\n|-damage|p2a: Ceruledge|42\/100 tox\n|-ability|p2a: Ceruledge|Weak Armor|boost\n|-unboost|p2a: Ceruledge|def|1\n|-boost|p2a: Ceruledge|spe|2\n|-enditem|p2a: Ceruledge|Weakness Policy\n|-boost|p2a: Ceruledge|atk|2|[from] item: Weakness Policy\n|-boost|p2a: Ceruledge|spa|2|[from] item: Weakness Policy\n|\n|-weather|SunnyDay|[upkeep]\n|-damage|p2a: Ceruledge|30\/100 tox|[from] psn\n|upkeep\n|turn|5\n|\n|t:|1701144726\n|move|p2a: Ceruledge|Bitter Blade|p1a: Clodsire\n|-crit|p1a: Clodsire\n|-damage|p1a: Clodsire|0 fnt\n|-heal|p2a: Ceruledge|100\/100 tox|[from] drain|[of] p1a: Clodsire\n|faint|p1a: Clodsire\n|\n|-weather|SunnyDay|[upkeep]\n|-damage|p2a: Ceruledge|82\/100 tox|[from] psn\n|upkeep\n|inactive|Excelceite has 120 seconds left.\n|\n|t:|1701144759\n|switch|p1a: Corviknight|Corviknight, M|100\/100\n|-damage|p1a: Corviknight|88\/100|[from] Stealth Rock\n|turn|6\n|inactive|Excelceite has 120 seconds left.\n|\n|t:|1701144772\n|move|p2a: Ceruledge|Bitter Blade|p1a: Corviknight\n|-supereffective|p1a: Corviknight\n|-damage|p1a: Corviknight|0 fnt\n|-heal|p2a: Ceruledge|100\/100 tox|[from] drain|[of] p1a: Corviknight\n|faint|p1a: Corviknight\n|\n|-weather|SunnyDay|[upkeep]\n|-damage|p2a: Ceruledge|76\/100 tox|[from] psn\n|upkeep\n|\n|t:|1701144785\n|switch|p1a: Rillaboom|Rillaboom, F|100\/100\n|-damage|p1a: Rillaboom|88\/100|[from] Stealth Rock\n|turn|7\n|\n|t:|1701144792\n|-terastallize|p1a: Rillaboom|Water\n|move|p1a: Rillaboom|Protect|p1a: Rillaboom\n|-singleturn|p1a: Rillaboom|Protect\n|move|p2a: Ceruledge|Bitter Blade|p1a: Rillaboom\n|-activate|p1a: Rillaboom|move: Protect\n|\n|-weather|SunnyDay|[upkeep]\n|-heal|p1a: Rillaboom|94\/100|[from] item: Leftovers\n|-damage|p2a: Ceruledge|45\/100 tox|[from] psn\n|upkeep\n|turn|8\n|inactive|Excelceite has 120 seconds left.\n|\n|t:|1701144808\n|move|p1a: Rillaboom|Protect|p1a: Rillaboom\n|-singleturn|p1a: Rillaboom|Protect\n|move|p2a: Ceruledge|Bitter Blade|p1a: Rillaboom\n|-activate|p1a: Rillaboom|move: Protect\n|\n|-weather|none\n|-heal|p1a: Rillaboom|100\/100|[from] item: Leftovers\n|-damage|p2a: Ceruledge|8\/100 tox|[from] psn\n|upkeep\n|turn|9\n|c|\u2606bigyellowbananan|ain't no way\n|c|\u2606bigyellowbananan|the double protect\n|\n|t:|1701144836\n|move|p2a: Ceruledge|Shadow Sneak|p1a: Rillaboom\n|-damage|p1a: Rillaboom|64\/100\n|move|p1a: Rillaboom|Knock Off|p2a: Ceruledge\n|-supereffective|p2a: Ceruledge\n|-damage|p2a: Ceruledge|0 fnt\n|faint|p2a: Ceruledge\n|\n|-heal|p1a: Rillaboom|70\/100|[from] item: Leftovers\n|upkeep\n|\n|t:|1701144840\n|switch|p2a: Torkoal|Torkoal, F|94\/100 tox\n|-damage|p2a: Torkoal|70\/100 tox|[from] Stealth Rock\n|-weather|SunnyDay|[from] ability: Drought|[of] p2a: Torkoal\n|turn|10\n|\n|t:|1701144852\n|switch|p1a: Slowking|Slowking-Galar, F|100\/100\n|-damage|p1a: Slowking|88\/100|[from] Stealth Rock\n|switch|p2a: Victreebel|Victreebel, M|100\/100\n|-damage|p2a: Victreebel|88\/100|[from] Stealth Rock\n|\n|-weather|SunnyDay|[upkeep]\n|upkeep\n|turn|11\n|\n|t:|1701144862\n|move|p2a: Victreebel|Growth|p2a: Victreebel\n|-boost|p2a: Victreebel|atk|2\n|-boost|p2a: Victreebel|spa|2\n|move|p1a: Slowking|Future Sight|p2a: Victreebel\n|-start|p1a: Slowking|move: Future Sight\n|\n|-weather|SunnyDay|[upkeep]\n|upkeep\n|turn|12\n|\n|t:|1701144869\n|move|p2a: Victreebel|Weather Ball|p1a: Slowking\n|-damage|p1a: Slowking|49\/100\n|move|p1a: Slowking|Flamethrower|p2a: Victreebel\n|-supereffective|p2a: Victreebel\n|-crit|p2a: Victreebel\n|-damage|p2a: Victreebel|0 fnt\n|faint|p2a: Victreebel\n|\n|-weather|SunnyDay|[upkeep]\n|upkeep\n|\n|t:|1701144878\n|switch|p2a: Walking Wake|Walking Wake|100\/100\n|-damage|p2a: Walking Wake|88\/100|[from] Stealth Rock\n|-activate|p2a: Walking Wake|ability: Protosynthesis\n|-start|p2a: Walking Wake|protosynthesisspa\n|turn|13\n|inactive|Excelceite has 120 seconds left.\n|\n|t:|1701144899\n|move|p2a: Walking Wake|Draco Meteor|p1a: Slowking\n|-damage|p1a: Slowking|9\/100\n|-unboost|p2a: Walking Wake|spa|2\n|move|p1a: Slowking|Sludge Bomb|p2a: Walking Wake\n|-damage|p2a: Walking Wake|47\/100\n|\n|-weather|SunnyDay|[upkeep]\n|-end|p2a: Walking Wake|move: Future Sight\n|-damage|p2a: Walking Wake|0 fnt\n|faint|p2a: Walking Wake\n|-end|p2a: Walking Wake|Protosynthesis|[silent]\n|upkeep\n|\n|t:|1701144906\n|switch|p2a: Great Tusk|Great Tusk|100\/100\n|-damage|p2a: Great Tusk|98\/100|[from] Stealth Rock\n|-activate|p2a: Great Tusk|ability: Protosynthesis\n|-start|p2a: Great Tusk|protosynthesisdef\n|turn|14\n|inactive|Excelceite has 120 seconds left.\n|\n|t:|1701144914\n|move|p2a: Great Tusk|Rapid Spin|p1a: Slowking\n|-damage|p1a: Slowking|0 fnt\n|-boost|p2a: Great Tusk|spe|1\n|-sideend|p2: bigyellowbananan|Stealth Rock|[from] move: Rapid Spin|[of] p2a: Great Tusk\n|faint|p1a: Slowking\n|\n|-weather|SunnyDay|[upkeep]\n|-heal|p2a: Great Tusk|100\/100|[from] item: Leftovers\n|upkeep\n|inactive|Excelceite has 120 seconds left.\n|\n|t:|1701144932\n|switch|p1a: Rillaboom|Rillaboom, F, tera:Water|70\/100\n|-damage|p1a: Rillaboom|58\/100|[from] Stealth Rock\n|turn|15\n|\n|t:|1701144952\n|move|p1a: Rillaboom|Protect|p1a: Rillaboom\n|-singleturn|p1a: Rillaboom|Protect\n|move|p2a: Great Tusk|Ice Spinner|p1a: Rillaboom\n|-activate|p1a: Rillaboom|move: Protect\n|\n|-weather|SunnyDay|[upkeep]\n|-heal|p1a: Rillaboom|64\/100|[from] item: Leftovers\n|upkeep\n|turn|16\n|inactive|Excelceite has 120 seconds left.\n|\n|t:|1701144963\n|move|p2a: Great Tusk|Close Combat|p1a: Rillaboom\n|-damage|p1a: Rillaboom|24\/100\n|-unboost|p2a: Great Tusk|def|1\n|-unboost|p2a: Great Tusk|spd|1\n|move|p1a: Rillaboom|Grassy Glide|p2a: Great Tusk\n|-supereffective|p2a: Great Tusk\n|-damage|p2a: Great Tusk|55\/100\n|\n|-weather|SunnyDay|[upkeep]\n|-heal|p2a: Great Tusk|61\/100|[from] item: Leftovers\n|-heal|p1a: Rillaboom|30\/100|[from] item: Leftovers\n|upkeep\n|turn|17\n|inactive|Excelceite has 120 seconds left.\n|\n|t:|1701144975\n|move|p2a: Great Tusk|Headlong Rush|p1a: Rillaboom\n|-damage|p1a: Rillaboom|0 fnt\n|-unboost|p2a: Great Tusk|def|1\n|-unboost|p2a: Great Tusk|spd|1\n|faint|p1a: Rillaboom\n|\n|-weather|none\n|-end|p2a: Great Tusk|Protosynthesis\n|-heal|p2a: Great Tusk|68\/100|[from] item: Leftovers\n|upkeep\n|inactive|Excelceite has 120 seconds left.\n|\n|t:|1701144984\n|switch|p1a: Greninja|Greninja, M|100\/100\n|-damage|p1a: Greninja|88\/100|[from] Stealth Rock\n|turn|18\n|\n|t:|1701144989\n|-end|p2a: Great Tusk|Protosynthesis|[silent]\n|switch|p2a: Torkoal|Torkoal, F|70\/100 tox\n|-weather|SunnyDay|[from] ability: Drought|[of] p2a: Torkoal\n|move|p1a: Greninja|Water Shuriken|p2a: Torkoal\n|-supereffective|p2a: Torkoal\n|-damage|p2a: Torkoal|59\/100 tox\n|-supereffective|p2a: Torkoal\n|-damage|p2a: Torkoal|50\/100 tox\n|-hitcount|p2a: Torkoal|2\n|-damage|p1a: Greninja|78\/100|[from] item: Life Orb\n|\n|-weather|SunnyDay|[upkeep]\n|-damage|p2a: Torkoal|44\/100 tox|[from] psn\n|upkeep\n|turn|19\n|\n|t:|1701145004\n|move|p1a: Greninja|Hydro Pump|p2a: Torkoal\n|-supereffective|p2a: Torkoal\n|-damage|p2a: Torkoal|0 fnt\n|faint|p2a: Torkoal\n|-ability|p1a: Greninja|Battle Bond|boost\n|-boost|p1a: Greninja|atk|1\n|-boost|p1a: Greninja|spa|1\n|-boost|p1a: Greninja|spe|1\n|-activate|p1a: Greninja|ability: Battle Bond\n|-damage|p1a: Greninja|69\/100|[from] item: Life Orb\n|\n|-weather|SunnyDay|[upkeep]\n|upkeep\n|\n|t:|1701145009\n|switch|p2a: Iron Valiant|Iron Valiant|100\/100\n|turn|20\n|\n|t:|1701145025\n|-terastallize|p2a: Iron Valiant|Electric\n|move|p1a: Greninja|Hydro Pump|p2a: Iron Valiant\n|-damage|p2a: Iron Valiant|11\/100\n|-damage|p1a: Greninja|59\/100|[from] item: Life Orb\n|move|p2a: Iron Valiant|Thunderbolt|p1a: Greninja\n|-supereffective|p1a: Greninja\n|-damage|p1a: Greninja|0 fnt\n|faint|p1a: Greninja\n|\n|-weather|SunnyDay|[upkeep]\n|upkeep\n|\n|t:|1701145038\n|switch|p1a: Iron Moth|Iron Moth|100\/100\n|-damage|p1a: Iron Moth|76\/100|[from] Stealth Rock\n|-enditem|p1a: Iron Moth|Booster Energy\n|-activate|p1a: Iron Moth|ability: Quark Drive|[fromitem]\n|-start|p1a: Iron Moth|quarkdrivespe\n|turn|21\n|\n|t:|1701145054\n|move|p1a: Iron Moth|Fiery Dance|p2a: Iron Valiant\n|-damage|p2a: Iron Valiant|0 fnt\n|faint|p2a: Iron Valiant\n|-end|p2a: Iron Valiant|Quark Drive|[silent]\n|\n|-weather|SunnyDay|[upkeep]\n|upkeep\n|\n|t:|1701145056\n|switch|p2a: Great Tusk|Great Tusk|68\/100\n|-activate|p2a: Great Tusk|ability: Protosynthesis\n|-start|p2a: Great Tusk|protosynthesisdef\n|turn|22\n|\n|t:|1701145064\n|move|p1a: Iron Moth|Substitute|p1a: Iron Moth\n|-start|p1a: Iron Moth|Substitute\n|-damage|p1a: Iron Moth|51\/100\n|move|p2a: Great Tusk|Headlong Rush|p1a: Iron Moth\n|-supereffective|p1a: Iron Moth\n|-end|p1a: Iron Moth|Substitute\n|-unboost|p2a: Great Tusk|def|1\n|-unboost|p2a: Great Tusk|spd|1\n|\n|-weather|SunnyDay|[upkeep]\n|-heal|p2a: Great Tusk|74\/100|[from] item: Leftovers\n|upkeep\n|turn|23\n|\n|t:|1701145074\n|move|p1a: Iron Moth|Fiery Dance|p2a: Great Tusk\n|-damage|p2a: Great Tusk|0 fnt\n|faint|p2a: Great Tusk\n|-end|p2a: Great Tusk|Protosynthesis|[silent]\n|\n|win|Excelceite\n|raw|Excelceite's rating: 1341 &rarr; <strong>1362<\/strong><br \/>(+21 for winning)\n|raw|bigyellowbananan's rating: 1364 &rarr; <strong>1343<\/strong><br \/>(-21 for losing)\n|l|\u2606bigyellowbananan\n|c|\u2606Excelceite|gg\n","uploadtime":1701145089,"views":14,"p1id":"excelceite","p2id":"bigyellowbananan","formatid":"gen9ou","rating":1343,"private":0,"password":""}