{"id":"gen9ou-1991037428","p1":"enrage warrior hs","p2":"3th3r3al","format":"[Gen 9] OU","log":"|j|\u2606enrage warrior hs\n|j|\u26063th3r3al\n|t:|1700032359\n|gametype|singles\n|player|p1|enrage warrior hs|unknown|1399\n|player|p2|3th3r3al|ghetsis|1347\n|teamsize|p1|6\n|teamsize|p2|6\n|gen|9\n|tier|[Gen 9] OU\n|rated|\n|rule|Sleep Clause Mod: Limit one foe put to sleep\n|rule|Species Clause: Limit one of each Pok\u00e9mon\n|rule|OHKO Clause: OHKO moves are banned\n|rule|Evasion Items Clause: Evasion items are banned\n|rule|Evasion Moves Clause: Evasion moves are banned\n|rule|Endless Battle Clause: Forcing endless battles is banned\n|rule|HP Percentage Mod: HP is shown in percentages\n|clearpoke\n|poke|p1|Thundurus-Therian, M|\n|poke|p1|Slowking-Galar, F|\n|poke|p1|Great Tusk|\n|poke|p1|Ogerpon-Wellspring, F|\n|poke|p1|Kingambit, F|\n|poke|p1|Skeledirge, F|\n|poke|p2|Meowscarada, F|\n|poke|p2|Garganacl, M|\n|poke|p2|Ogerpon-Wellspring, F|\n|poke|p2|Corviknight, M|\n|poke|p2|Florges, F|\n|poke|p2|Sandaconda, M|\n|teampreview\n|inactive|Battle timer is ON: inactive players will automatically lose when time's up. (requested by enrage warrior hs)\n|\n|t:|1700032411\n|start\n|switch|p1a: Slowking|Slowking-Galar, F|100\/100\n|switch|p2a: Meowscarada|Meowscarada, F|100\/100\n|turn|1\n|inactive|enrage warrior hs has 120 seconds left.\n|inactive|enrage warrior hs has 90 seconds left.\n|\n|t:|1700032476\n|switch|p1a: Kingambit|Kingambit, F|100\/100\n|move|p2a: Meowscarada|U-turn|p1a: Kingambit\n|-start|p2a: Meowscarada|typechange|Bug|[from] ability: Protean\n|-damage|p1a: Kingambit|76\/100\n|inactive|3th3r3al has 120 seconds left.\n|\n|t:|1700032533\n|switch|p2a: Sandaconda|Sandaconda, M|100\/100|[from] U-turn\n|\n|-heal|p1a: Kingambit|82\/100|[from] item: Leftovers\n|upkeep\n|turn|2\n|inactive|enrage warrior hs has 90 seconds left.\n|\n|t:|1700032570\n|-end|p1a: Kingambit|fallenundefined|[silent]\n|switch|p1a: Thundurus|Thundurus-Therian, M|100\/100\n|move|p2a: Sandaconda|Coil|p2a: Sandaconda\n|-boost|p2a: Sandaconda|atk|1\n|-boost|p2a: Sandaconda|def|1\n|-boost|p2a: Sandaconda|accuracy|1\n|\n|upkeep\n|turn|3\n|\n|t:|1700032577\n|-terastallize|p2a: Sandaconda|Dragon\n|move|p1a: Thundurus|Grass Knot|p2a: Sandaconda\n|-resisted|p2a: Sandaconda\n|-damage|p2a: Sandaconda|63\/100\n|move|p2a: Sandaconda|Coil|p2a: Sandaconda\n|-boost|p2a: Sandaconda|atk|1\n|-boost|p2a: Sandaconda|def|1\n|-boost|p2a: Sandaconda|accuracy|1\n|\n|upkeep\n|turn|4\n|\n|t:|1700032589\n|switch|p1a: Great Tusk|Great Tusk|100\/100\n|move|p2a: Sandaconda|Scale Shot|p1a: Great Tusk\n|-damage|p1a: Great Tusk|84\/100\n|-damage|p1a: Great Tusk|65\/100\n|-damage|p1a: Great Tusk|47\/100\n|-damage|p1a: Great Tusk|29\/100\n|-crit|p1a: Great Tusk\n|-damage|p1a: Great Tusk|3\/100\n|-hitcount|p1a: Great Tusk|5\n|-unboost|p2a: Sandaconda|def|1\n|-boost|p2a: Sandaconda|spe|1\n|\n|-heal|p1a: Great Tusk|9\/100|[from] item: Leftovers\n|upkeep\n|turn|5\n|\n|t:|1700032600\n|move|p2a: Sandaconda|Earthquake|p1a: Great Tusk\n|-damage|p1a: Great Tusk|0 fnt\n|faint|p1a: Great Tusk\n|-end|p1a: Great Tusk|Protosynthesis|[silent]\n|\n|upkeep\n|\n|t:|1700032606\n|switch|p1a: Skeledirge|Skeledirge, F|100\/100\n|turn|6\n|\n|t:|1700032616\n|-terastallize|p1a: Skeledirge|Water\n|move|p2a: Sandaconda|Scale Shot|p1a: Skeledirge\n|-damage|p1a: Skeledirge|92\/100\n|-damage|p1a: Skeledirge|83\/100\n|-damage|p1a: Skeledirge|75\/100\n|-damage|p1a: Skeledirge|67\/100\n|-damage|p1a: Skeledirge|57\/100\n|-hitcount|p1a: Skeledirge|5\n|-unboost|p2a: Sandaconda|def|1\n|-boost|p2a: Sandaconda|spe|1\n|move|p1a: Skeledirge|Will-O-Wisp|p2a: Sandaconda|[miss]\n|-miss|p1a: Skeledirge|p2a: Sandaconda\n|\n|upkeep\n|turn|7\n|\n|t:|1700032626\n|move|p2a: Sandaconda|Scale Shot|p1a: Skeledirge\n|-damage|p1a: Skeledirge|49\/100\n|-damage|p1a: Skeledirge|41\/100\n|-damage|p1a: Skeledirge|33\/100\n|-damage|p1a: Skeledirge|24\/100\n|-damage|p1a: Skeledirge|15\/100\n|-hitcount|p1a: Skeledirge|5\n|-unboost|p2a: Sandaconda|def|1\n|-boost|p2a: Sandaconda|spe|1\n|move|p1a: Skeledirge|Slack Off|p1a: Skeledirge\n|-heal|p1a: Skeledirge|65\/100\n|\n|upkeep\n|turn|8\n|\n|t:|1700032642\n|move|p2a: Sandaconda|Scale Shot|p1a: Skeledirge|[miss]\n|-miss|p2a: Sandaconda|p1a: Skeledirge\n|move|p1a: Skeledirge|Slack Off|p1a: Skeledirge\n|-heal|p1a: Skeledirge|100\/100\n|\n|upkeep\n|turn|9\n|\n|t:|1700032649\n|switch|p2a: Garganacl|Garganacl, M|100\/100\n|move|p1a: Skeledirge|Will-O-Wisp|p2a: Garganacl\n|-immune|p2a: Garganacl|[from] ability: Purifying Salt\n|\n|upkeep\n|turn|10\n|inactive|enrage warrior hs has 90 seconds left.\n|\n|t:|1700032655\n|switch|p1a: Slowking|Slowking-Galar, F|100\/100\n|move|p2a: Garganacl|Salt Cure|p1a: Slowking\n|-damage|p1a: Slowking|87\/100\n|-start|p1a: Slowking|Salt Cure\n|\n|-damage|p1a: Slowking|74\/100|[from] Salt Cure\n|upkeep\n|turn|11\n|\n|t:|1700032662\n|switch|p2a: Corviknight|Corviknight, M|100\/100\n|-ability|p2a: Corviknight|Pressure\n|move|p1a: Slowking|Future Sight|p2a: Corviknight\n|-start|p1a: Slowking|move: Future Sight\n|\n|-damage|p1a: Slowking|62\/100|[from] Salt Cure\n|upkeep\n|turn|12\n|\n|t:|1700032666\n|move|p2a: Corviknight|U-turn|p1a: Slowking\n|-damage|p1a: Slowking|46\/100\n|\n|t:|1700032675\n|switch|p2a: Garganacl|Garganacl, M|100\/100|[from] U-turn\n|move|p1a: Slowking|Chilly Reception|p1a: Slowking\n|-weather|Snow\n|\n|t:|1700032678\n|switch|p1a: Ogerpon|Ogerpon-Wellspring, F|100\/100|[from] Chilly Reception\n|\n|-weather|Snow|[upkeep]\n|upkeep\n|turn|13\n|\n|t:|1700032684\n|move|p1a: Ogerpon|Substitute|p1a: Ogerpon\n|-start|p1a: Ogerpon|Substitute\n|-damage|p1a: Ogerpon|76\/100\n|move|p2a: Garganacl|Salt Cure|p1a: Ogerpon\n|-activate|p1a: Ogerpon|move: Substitute|[damage]\n|\n|-weather|Snow|[upkeep]\n|-end|p2a: Garganacl|move: Future Sight\n|-damage|p2a: Garganacl|57\/100\n|-heal|p2a: Garganacl|64\/100|[from] item: Leftovers\n|upkeep\n|turn|14\n|\n|t:|1700032687\n|move|p1a: Ogerpon|Swords Dance|p1a: Ogerpon\n|-boost|p1a: Ogerpon|atk|2\n|move|p2a: Garganacl|Salt Cure|p1a: Ogerpon\n|-end|p1a: Ogerpon|Substitute\n|\n|-weather|Snow|[upkeep]\n|-heal|p2a: Garganacl|70\/100|[from] item: Leftovers\n|upkeep\n|turn|15\n|\n|t:|1700032691\n|switch|p2a: Corviknight|Corviknight, M|100\/100\n|-ability|p2a: Corviknight|Pressure\n|move|p1a: Ogerpon|Substitute|p1a: Ogerpon\n|-start|p1a: Ogerpon|Substitute\n|-damage|p1a: Ogerpon|51\/100\n|\n|-weather|Snow|[upkeep]\n|upkeep\n|turn|16\n|\n|t:|1700032695\n|move|p1a: Ogerpon|Ivy Cudgel|p2a: Corviknight|[anim] Ivy Cudgel Water\n|-damage|p2a: Corviknight|25\/100\n|move|p2a: Corviknight|Brave Bird|p1a: Ogerpon\n|-supereffective|p1a: Ogerpon\n|-crit|p1a: Ogerpon\n|-end|p1a: Ogerpon|Substitute\n|-damage|p2a: Corviknight|19\/100|[from] Recoil|[of] p1a: Ogerpon\n|\n|-weather|none\n|upkeep\n|turn|17\n|\n|t:|1700032700\n|switch|p2a: Ogerpon|Ogerpon-Wellspring, F|100\/100\n|move|p1a: Ogerpon|Horn Leech|p2a: Ogerpon\n|-damage|p2a: Ogerpon|0 fnt\n|-heal|p1a: Ogerpon|100\/100|[from] drain|[of] p2a: Ogerpon\n|faint|p2a: Ogerpon\n|\n|upkeep\n|\n|t:|1700032706\n|switch|p2a: Meowscarada|Meowscarada, F|100\/100\n|turn|18\n|l|\u26063th3r3al\n|inactive|3th3r3al disconnected and has a minute to reconnect!\n|player|p2|\n|\n|t:|1700032734\n|switch|p1a: Skeledirge|Skeledirge, F, tera:Water|100\/100\n|move|p2a: Meowscarada|U-turn|p1a: Skeledirge\n|-start|p2a: Meowscarada|typechange|Bug|[from] ability: Protean\n|-damage|p1a: Skeledirge|77\/100\n|j|\u26063th3r3al\n|inactive|3th3r3al reconnected and has 140 seconds left.\n|player|p2|3th3r3al|ghetsis\n|\n|t:|1700032755\n|switch|p2a: Florges|Florges, F|100\/100|[from] U-turn\n|\n|upkeep\n|turn|19\n|inactive|enrage warrior hs has 120 seconds left.\n|inactive|enrage warrior hs has 90 seconds left.\n|\n|t:|1700032811\n|move|p2a: Florges|Giga Drain|p1a: Skeledirge\n|-supereffective|p1a: Skeledirge\n|-damage|p1a: Skeledirge|41\/100\n|move|p1a: Skeledirge|Torch Song|p2a: Florges\n|-damage|p2a: Florges|82\/100\n|-boost|p1a: Skeledirge|spa|1\n|\n|-heal|p2a: Florges|88\/100|[from] item: Leftovers\n|upkeep\n|turn|20\n|inactive|enrage warrior hs has 90 seconds left.\n|\n|t:|1700032818\n|move|p2a: Florges|Giga Drain|p1a: Skeledirge\n|-supereffective|p1a: Skeledirge\n|-damage|p1a: Skeledirge|9\/100\n|-heal|p2a: Florges|100\/100|[from] drain|[of] p1a: Skeledirge\n|move|p1a: Skeledirge|Slack Off|p1a: Skeledirge\n|-heal|p1a: Skeledirge|59\/100\n|\n|upkeep\n|turn|21\n|\n|t:|1700032841\n|switch|p1a: Slowking|Slowking-Galar, F|80\/100\n|move|p2a: Florges|Giga Drain|p1a: Slowking\n|-resisted|p1a: Slowking\n|-damage|p1a: Slowking|73\/100\n|\n|upkeep\n|turn|22\n|\n|t:|1700032847\n|switch|p2a: Corviknight|Corviknight, M|19\/100\n|-ability|p2a: Corviknight|Pressure\n|move|p1a: Slowking|Future Sight|p2a: Corviknight\n|-start|p1a: Slowking|move: Future Sight\n|\n|upkeep\n|turn|23\n|\n|t:|1700032862\n|move|p2a: Corviknight|U-turn|p1a: Slowking\n|-damage|p1a: Slowking|58\/100\n|\n|t:|1700032865\n|switch|p2a: Meowscarada|Meowscarada, F|100\/100|[from] U-turn\n|move|p1a: Slowking|Chilly Reception|p1a: Slowking\n|-weather|Snow\n|\n|t:|1700032876\n|switch|p1a: Thundurus|Thundurus-Therian, M|100\/100|[from] Chilly Reception\n|\n|-weather|Snow|[upkeep]\n|upkeep\n|turn|24\n|\n|t:|1700032882\n|move|p2a: Meowscarada|U-turn|p1a: Thundurus\n|-start|p2a: Meowscarada|typechange|Bug|[from] ability: Protean\n|-resisted|p1a: Thundurus\n|-damage|p1a: Thundurus|76\/100\n|\n|t:|1700032885\n|switch|p2a: Corviknight|Corviknight, M|19\/100|[from] U-turn\n|-ability|p2a: Corviknight|Pressure\n|move|p1a: Thundurus|Volt Switch|p2a: Corviknight\n|-supereffective|p2a: Corviknight\n|-damage|p2a: Corviknight|0 fnt\n|faint|p2a: Corviknight\n|\n|t:|1700032914\n|switch|p1a: Slowking|Slowking-Galar, F|91\/100|[from] Volt Switch\n|\n|-weather|Snow|[upkeep]\n|-hint|Future Sight did not hit because the target is fainted.\n|upkeep\n|inactive|3th3r3al has 120 seconds left.\n|inactive|3th3r3al has 90 seconds left.\n|\n|t:|1700032985\n|switch|p2a: Sandaconda|Sandaconda, M, tera:Dragon|63\/100\n|turn|25\n|\n|t:|1700032991\n|move|p2a: Sandaconda|Earthquake|p1a: Slowking\n|-supereffective|p1a: Slowking\n|-crit|p1a: Slowking\n|-damage|p1a: Slowking|0 fnt\n|faint|p1a: Slowking\n|\n|-weather|Snow|[upkeep]\n|upkeep\n|inactive|enrage warrior hs has 90 seconds left.\n|\n|t:|1700033028\n|switch|p1a: Skeledirge|Skeledirge, F, tera:Water|59\/100\n|turn|26\n|inactive|3th3r3al has 90 seconds left.\n|\n|t:|1700033057\n|switch|p2a: Garganacl|Garganacl, M|70\/100\n|move|p1a: Skeledirge|Slack Off|p1a: Skeledirge\n|-heal|p1a: Skeledirge|100\/100\n|\n|-weather|Snow|[upkeep]\n|-heal|p2a: Garganacl|76\/100|[from] item: Leftovers\n|upkeep\n|turn|27\n|inactive|enrage warrior hs has 90 seconds left.\n|\n|t:|1700033082\n|switch|p1a: Ogerpon|Ogerpon-Wellspring, F|100\/100\n|move|p2a: Garganacl|Salt Cure|p1a: Ogerpon\n|-damage|p1a: Ogerpon|81\/100\n|-start|p1a: Ogerpon|Salt Cure\n|\n|-weather|none\n|-heal|p2a: Garganacl|82\/100|[from] item: Leftovers\n|-damage|p1a: Ogerpon|56\/100|[from] Salt Cure\n|upkeep\n|turn|28\n|\n|t:|1700033088\n|switch|p2a: Florges|Florges, F|100\/100\n|move|p1a: Ogerpon|Ivy Cudgel|p2a: Florges|[anim] Ivy Cudgel Water\n|-crit|p2a: Florges\n|-damage|p2a: Florges|0 fnt\n|faint|p2a: Florges\n|\n|-damage|p1a: Ogerpon|31\/100|[from] Salt Cure\n|upkeep\n|\n|t:|1700033092\n|switch|p2a: Meowscarada|Meowscarada, F|100\/100\n|turn|29\n|\n|t:|1700033097\n|switch|p1a: Kingambit|Kingambit, F|82\/100\n|-activate|p1a: Kingambit|ability: Supreme Overlord\n|-start|p1a: Kingambit|fallen2|[silent]\n|move|p2a: Meowscarada|U-turn|p1a: Kingambit\n|-start|p2a: Meowscarada|typechange|Bug|[from] ability: Protean\n|-damage|p1a: Kingambit|57\/100\n|\n|t:|1700033112\n|switch|p2a: Sandaconda|Sandaconda, M, tera:Dragon|63\/100|[from] U-turn\n|\n|-heal|p1a: Kingambit|63\/100|[from] item: Leftovers\n|upkeep\n|turn|30\n|\n|t:|1700033123\n|-end|p1a: Kingambit|fallen2|[silent]\n|switch|p1a: Skeledirge|Skeledirge, F, tera:Water|100\/100\n|move|p2a: Sandaconda|Earthquake|p1a: Skeledirge\n|-damage|p1a: Skeledirge|67\/100\n|\n|upkeep\n|turn|31\n|\n|t:|1700033129\n|move|p2a: Sandaconda|Scale Shot|p1a: Skeledirge\n|-damage|p1a: Skeledirge|59\/100\n|-damage|p1a: Skeledirge|51\/100\n|-damage|p1a: Skeledirge|42\/100\n|-damage|p1a: Skeledirge|33\/100\n|-damage|p1a: Skeledirge|25\/100\n|-hitcount|p1a: Skeledirge|5\n|-unboost|p2a: Sandaconda|def|1\n|-boost|p2a: Sandaconda|spe|1\n|move|p1a: Skeledirge|Torch Song|p2a: Sandaconda\n|-resisted|p2a: Sandaconda\n|-damage|p2a: Sandaconda|37\/100\n|-boost|p1a: Skeledirge|spa|1\n|\n|upkeep\n|turn|32\n|inactive|3th3r3al has 120 seconds left.\n|\n|t:|1700033148\n|move|p2a: Sandaconda|Scale Shot|p1a: Skeledirge\n|-damage|p1a: Skeledirge|17\/100\n|-damage|p1a: Skeledirge|8\/100\n|-damage|p1a: Skeledirge|0 fnt\n|faint|p1a: Skeledirge\n|-hitcount|p1: Skeledirge|3\n|-unboost|p2a: Sandaconda|def|1\n|-boost|p2a: Sandaconda|spe|1\n|\n|upkeep\n|\n|t:|1700033151\n|switch|p1a: Thundurus|Thundurus-Therian, M|76\/100\n|turn|33\n|\n|t:|1700033154\n|move|p2a: Sandaconda|Scale Shot|p1a: Thundurus\n|-damage|p1a: Thundurus|59\/100\n|-damage|p1a: Thundurus|42\/100\n|-damage|p1a: Thundurus|23\/100\n|-damage|p1a: Thundurus|5\/100\n|-hitcount|p1a: Thundurus|4\n|-unboost|p2a: Sandaconda|def|1\n|-boost|p2a: Sandaconda|spe|1\n|move|p1a: Thundurus|Tera Blast|p2a: Sandaconda\n|-damage|p2a: Sandaconda|0 fnt\n|faint|p2a: Sandaconda\n|\n|upkeep\n|\n|t:|1700033164\n|switch|p2a: Meowscarada|Meowscarada, F|100\/100\n|turn|34\n|\n|t:|1700033170\n|move|p2a: Meowscarada|U-turn|p1a: Thundurus\n|-start|p2a: Meowscarada|typechange|Bug|[from] ability: Protean\n|-resisted|p1a: Thundurus\n|-damage|p1a: Thundurus|0 fnt\n|faint|p1a: Thundurus\n|\n|t:|1700033173\n|switch|p2a: Garganacl|Garganacl, M|82\/100|[from] U-turn\n|\n|-heal|p2a: Garganacl|88\/100|[from] item: Leftovers\n|upkeep\n|\n|t:|1700033175\n|switch|p1a: Ogerpon|Ogerpon-Wellspring, F|31\/100\n|turn|35\n|\n|t:|1700033177\n|switch|p2a: Meowscarada|Meowscarada, F|100\/100\n|move|p1a: Ogerpon|Substitute|p1a: Ogerpon\n|-start|p1a: Ogerpon|Substitute\n|-damage|p1a: Ogerpon|6\/100\n|\n|upkeep\n|turn|36\n|\n|t:|1700033185\n|move|p2a: Meowscarada|Flower Trick|p1a: Ogerpon\n|-start|p2a: Meowscarada|typechange|Grass|[from] ability: Protean\n|-crit|p1a: Ogerpon\n|-end|p1a: Ogerpon|Substitute\n|move|p1a: Ogerpon|Ivy Cudgel|p2a: Meowscarada|[anim] Ivy Cudgel Water\n|-resisted|p2a: Meowscarada\n|-damage|p2a: Meowscarada|50\/100\n|\n|upkeep\n|turn|37\n|\n|t:|1700033190\n|switch|p1a: Kingambit|Kingambit, F|63\/100\n|-activate|p1a: Kingambit|ability: Supreme Overlord\n|-start|p1a: Kingambit|fallen4|[silent]\n|move|p2a: Meowscarada|Flower Trick|p1a: Kingambit\n|-resisted|p1a: Kingambit\n|-crit|p1a: Kingambit\n|-damage|p1a: Kingambit|44\/100\n|\n|-heal|p1a: Kingambit|50\/100|[from] item: Leftovers\n|upkeep\n|turn|38\n|\n|t:|1700033198\n|switch|p2a: Garganacl|Garganacl, M|88\/100\n|move|p1a: Kingambit|Iron Head|p2a: Garganacl\n|-supereffective|p2a: Garganacl\n|-crit|p2a: Garganacl\n|-damage|p2a: Garganacl|0 fnt\n|faint|p2a: Garganacl\n|\n|-heal|p1a: Kingambit|57\/100|[from] item: Leftovers\n|upkeep\n|\n|t:|1700033200\n|switch|p2a: Meowscarada|Meowscarada, F|50\/100\n|turn|39\n|\n|t:|1700033204\n|move|p2a: Meowscarada|Play Rough|p1a: Kingambit\n|-start|p2a: Meowscarada|typechange|Fairy|[from] ability: Protean\n|-damage|p1a: Kingambit|26\/100\n|move|p1a: Kingambit|Iron Head|p2a: Meowscarada\n|-supereffective|p2a: Meowscarada\n|-damage|p2a: Meowscarada|0 fnt\n|faint|p2a: Meowscarada\n|\n|win|enrage warrior hs\n|raw|enrage warrior hs's rating: 1399 &rarr; <strong>1416<\/strong><br \/>(+17 for winning)\n|raw|3th3r3al's rating: 1347 &rarr; <strong>1330<\/strong><br \/>(-17 for losing)\n|c|\u26063th3r3al|gg\n|c|\u2606enrage warrior hs|gg\n|l|\u26063th3r3al\n","uploadtime":1700033213,"views":7,"p1id":"enragewarriorhs","p2id":"3th3r3al","formatid":"gen9ou","rating":1330,"private":0,"password":""}