{"id":"gen9ou-1988418728","p1":"HyperDood","p2":"raptorelfe","format":"[Gen 9] OU","log":"|j|\u2606HyperDood\n|j|\u2606raptorelfe\n|t:|1699720842\n|gametype|singles\n|player|p1|HyperDood|zinnia|1333\n|player|p2|raptorelfe|1|1304\n|teamsize|p1|6\n|teamsize|p2|6\n|gen|9\n|tier|[Gen 9] OU\n|rated|\n|rule|Sleep Clause Mod: Limit one foe put to sleep\n|rule|Species Clause: Limit one of each Pok\u00e9mon\n|rule|OHKO Clause: OHKO moves are banned\n|rule|Evasion Items Clause: Evasion items are banned\n|rule|Evasion Moves Clause: Evasion moves are banned\n|rule|Endless Battle Clause: Forcing endless battles is banned\n|rule|HP Percentage Mod: HP is shown in percentages\n|clearpoke\n|poke|p1|Jirachi|\n|poke|p1|Garchomp, M|\n|poke|p1|Iron Moth|\n|poke|p1|Zapdos|\n|poke|p1|Iron Treads|\n|poke|p1|Gholdengo|\n|poke|p2|Ceruledge, F|\n|poke|p2|Amoonguss, F|\n|poke|p2|Kingambit, F|\n|poke|p2|Gliscor, M|\n|poke|p2|Sandslash-Alola, F|\n|poke|p2|Ninetales-Alola, F|\n|teampreview\n|j| NotNotJoshua\n|inactive|Battle timer is ON: inactive players will automatically lose when time's up. (requested by raptorelfe)\n|\n|t:|1699720859\n|start\n|switch|p1a: Iron Treads|Iron Treads|100\/100\n|switch|p2a: Ninetales|Ninetales-Alola, F|100\/100\n|-weather|Snow|[from] ability: Snow Warning|[of] p2a: Ninetales\n|turn|1\n|\n|t:|1699720867\n|move|p2a: Ninetales|Aurora Veil|p2a: Ninetales\n|-sidestart|p2: raptorelfe|move: Aurora Veil\n|move|p1a: Iron Treads|Stealth Rock|p2a: Ninetales\n|-sidestart|p2: raptorelfe|move: Stealth Rock\n|\n|-weather|Snow|[upkeep]\n|upkeep\n|turn|2\n|\n|t:|1699720871\n|switch|p2a: Sandslash|Sandslash-Alola, F|100\/100\n|-damage|p2a: Sandslash|88\/100|[from] Stealth Rock\n|-end|p1a: Iron Treads|Quark Drive|[silent]\n|switch|p1a: Iron Moth|Iron Moth|100\/100\n|-enditem|p1a: Iron Moth|Booster Energy\n|-activate|p1a: Iron Moth|ability: Quark Drive|[fromitem]\n|-start|p1a: Iron Moth|quarkdrivespe\n|\n|-weather|Snow|[upkeep]\n|upkeep\n|turn|3\n|\n|t:|1699720886\n|move|p1a: Iron Moth|Fiery Dance|p2a: Sandslash\n|-supereffective|p2a: Sandslash\n|-damage|p2a: Sandslash|0 fnt\n|-boost|p1a: Iron Moth|spa|1\n|faint|p2a: Sandslash\n|\n|-weather|Snow|[upkeep]\n|upkeep\n|\n|t:|1699720892\n|switch|p2a: Gliscor|Gliscor, M|100\/100\n|-damage|p2a: Gliscor|88\/100|[from] Stealth Rock\n|turn|4\n|\n|t:|1699720896\n|move|p1a: Iron Moth|Fiery Dance|p2a: Gliscor\n|-damage|p2a: Gliscor|48\/100\n|-boost|p1a: Iron Moth|spa|1\n|move|p2a: Gliscor|Earthquake|p1a: Iron Moth\n|-supereffective|p1a: Iron Moth\n|-damage|p1a: Iron Moth|0 fnt\n|faint|p1a: Iron Moth\n|-end|p1a: Iron Moth|Quark Drive|[silent]\n|\n|-weather|Snow|[upkeep]\n|-status|p2a: Gliscor|tox|[from] item: Toxic Orb\n|upkeep\n|\n|t:|1699720912\n|switch|p1a: Zapdos|Zapdos|100\/100\n|turn|5\n|\n|t:|1699720915\n|move|p1a: Zapdos|Hurricane|p2a: Gliscor\n|-damage|p2a: Gliscor|19\/100 tox\n|move|p2a: Gliscor|Toxic|p1a: Zapdos|[miss]\n|-miss|p2a: Gliscor|p1a: Zapdos\n|\n|-weather|none\n|-heal|p2a: Gliscor|31\/100 tox|[from] ability: Poison Heal\n|upkeep\n|turn|6\n|\n|t:|1699720925\n|move|p2a: Gliscor|Protect|p2a: Gliscor\n|-singleturn|p2a: Gliscor|Protect\n|move|p1a: Zapdos|Hurricane|p2a: Gliscor\n|-activate|p2a: Gliscor|move: Protect\n|\n|-heal|p2a: Gliscor|43\/100 tox|[from] ability: Poison Heal\n|upkeep\n|turn|7\n|\n|t:|1699720930\n|switch|p1a: Gholdengo|Gholdengo|100\/100\n|move|p2a: Gliscor|Toxic|p1a: Gholdengo\n|-immune|p1a: Gholdengo|[from] ability: Good as Gold\n|\n|-heal|p2a: Gliscor|56\/100 tox|[from] ability: Poison Heal\n|upkeep\n|turn|8\n|\n|t:|1699720934\n|move|p1a: Gholdengo|Make It Rain|p2a: Gliscor\n|-damage|p2a: Gliscor|0 fnt\n|-unboost|p1a: Gholdengo|spa|1\n|faint|p2a: Gliscor\n|\n|-sideend|p2: raptorelfe|move: Aurora Veil\n|upkeep\n|\n|t:|1699720939\n|switch|p2a: Ceruledge|Ceruledge, F|100\/100\n|-damage|p2a: Ceruledge|76\/100|[from] Stealth Rock\n|turn|9\n|\n|t:|1699720946\n|switch|p1a: Garchomp|Garchomp, M|100\/100\n|move|p2a: Ceruledge|Endure||[still]\n|-fail|p2a: Ceruledge\n|\n|upkeep\n|turn|10\n|\n|t:|1699720956\n|switch|p2a: Ninetales|Ninetales-Alola, F|100\/100\n|-damage|p2a: Ninetales|76\/100|[from] Stealth Rock\n|-weather|Snow|[from] ability: Snow Warning|[of] p2a: Ninetales\n|move|p1a: Garchomp|Earthquake|p2a: Ninetales\n|-damage|p2a: Ninetales|34\/100\n|\n|-weather|Snow|[upkeep]\n|upkeep\n|turn|11\n|\n|t:|1699720976\n|move|p2a: Ninetales|Blizzard|p1a: Garchomp\n|-supereffective|p1a: Garchomp\n|-damage|p1a: Garchomp|0 fnt\n|faint|p1a: Garchomp\n|\n|-weather|Snow|[upkeep]\n|upkeep\n|\n|t:|1699720981\n|switch|p1a: Iron Treads|Iron Treads|100\/100\n|turn|12\n|\n|t:|1699720988\n|move|p2a: Ninetales|Encore||[still]\n|-fail|p2a: Ninetales\n|move|p1a: Iron Treads|Earthquake|p2a: Ninetales\n|-damage|p2a: Ninetales|0 fnt\n|faint|p2a: Ninetales\n|\n|-weather|Snow|[upkeep]\n|upkeep\n|\n|t:|1699720993\n|switch|p2a: Ceruledge|Ceruledge, F|76\/100\n|-damage|p2a: Ceruledge|51\/100|[from] Stealth Rock\n|turn|13\n|\n|t:|1699720998\n|move|p2a: Ceruledge|Endure|p2a: Ceruledge\n|-singleturn|p2a: Ceruledge|move: Endure\n|move|p1a: Iron Treads|Earthquake|p2a: Ceruledge\n|-supereffective|p2a: Ceruledge\n|-activate|p2a: Ceruledge|move: Endure\n|-damage|p2a: Ceruledge|1\/100\n|-ability|p2a: Ceruledge|Weak Armor|boost\n|-unboost|p2a: Ceruledge|def|1\n|-boost|p2a: Ceruledge|spe|2\n|-enditem|p2a: Ceruledge|Weakness Policy\n|-boost|p2a: Ceruledge|atk|2|[from] item: Weakness Policy\n|-boost|p2a: Ceruledge|spa|2|[from] item: Weakness Policy\n|\n|-weather|Snow|[upkeep]\n|upkeep\n|turn|14\n|\n|t:|1699721018\n|move|p2a: Ceruledge|Bitter Blade|p1a: Iron Treads\n|-supereffective|p1a: Iron Treads\n|-damage|p1a: Iron Treads|0 fnt\n|-heal|p2a: Ceruledge|67\/100|[from] drain|[of] p1a: Iron Treads\n|faint|p1a: Iron Treads\n|-end|p1a: Iron Treads|Quark Drive|[silent]\n|\n|-weather|none\n|upkeep\n|\n|t:|1699721021\n|switch|p1a: Jirachi|Jirachi|100\/100\n|turn|15\n|\n|t:|1699721032\n|-terastallize|p1a: Jirachi|Dragon\n|move|p2a: Ceruledge|Bitter Blade|p1a: Jirachi\n|-resisted|p1a: Jirachi\n|-damage|p1a: Jirachi|58\/100\n|-heal|p2a: Ceruledge|94\/100|[from] drain|[of] p1a: Jirachi\n|move|p1a: Jirachi|Psychic|p2a: Ceruledge\n|-damage|p2a: Ceruledge|45\/100\n|\n|upkeep\n|turn|16\n|\n|t:|1699721045\n|move|p2a: Ceruledge|Bitter Blade|p1a: Jirachi\n|-resisted|p1a: Jirachi\n|-damage|p1a: Jirachi|20\/100\n|-heal|p2a: Ceruledge|70\/100|[from] drain|[of] p1a: Jirachi\n|move|p1a: Jirachi|Psychic|p2a: Ceruledge\n|-damage|p2a: Ceruledge|22\/100\n|\n|upkeep\n|turn|17\n|\n|t:|1699721054\n|move|p2a: Ceruledge|Bitter Blade|p1a: Jirachi\n|-resisted|p1a: Jirachi\n|-damage|p1a: Jirachi|0 fnt\n|-heal|p2a: Ceruledge|35\/100|[from] drain|[of] p1a: Jirachi\n|faint|p1a: Jirachi\n|\n|upkeep\n|\n|t:|1699721055\n|switch|p1a: Zapdos|Zapdos|100\/100\n|turn|18\n|\n|t:|1699721058\n|move|p2a: Ceruledge|Bitter Blade|p1a: Zapdos\n|-crit|p1a: Zapdos\n|-damage|p1a: Zapdos|0 fnt\n|-heal|p2a: Ceruledge|100\/100|[from] drain|[of] p1a: Zapdos\n|-status|p2a: Ceruledge|par|[from] ability: Static|[of] p1a: Zapdos\n|faint|p1a: Zapdos\n|\n|upkeep\n|\n|t:|1699721062\n|switch|p1a: Gholdengo|Gholdengo|100\/100\n|turn|19\n|\n|t:|1699721069\n|cant|p2a: Ceruledge|par\n|move|p1a: Gholdengo|Shadow Ball|p2a: Ceruledge\n|-supereffective|p2a: Ceruledge\n|-damage|p2a: Ceruledge|0 fnt\n|faint|p2a: Ceruledge\n|\n|upkeep\n|\n|t:|1699721073\n|switch|p2a: Kingambit|Kingambit, F|100\/100\n|-damage|p2a: Kingambit|94\/100|[from] Stealth Rock\n|-activate|p2a: Kingambit|ability: Supreme Overlord\n|-start|p2a: Kingambit|fallen4|[silent]\n|turn|20\n|\n|t:|1699721075\n|move|p2a: Kingambit|Sucker Punch|p1a: Gholdengo\n|-supereffective|p1a: Gholdengo\n|-damage|p1a: Gholdengo|5\/100\n|move|p1a: Gholdengo|Shadow Ball|p2a: Kingambit\n|-resisted|p2a: Kingambit\n|-damage|p2a: Kingambit|59\/100\n|\n|-heal|p2a: Kingambit|65\/100|[from] item: Leftovers\n|upkeep\n|turn|21\n|-message|HyperDood forfeited.\n|\n|win|raptorelfe\n|raw|HyperDood's rating: 1333 &rarr; <strong>1311<\/strong><br \/>(-22 for losing)\n|raw|raptorelfe's rating: 1304 &rarr; <strong>1326<\/strong><br \/>(+22 for winning)\n|l|\u2606HyperDood\n","uploadtime":1699721088,"views":19,"p1id":"hyperdood","p2id":"raptorelfe","formatid":"gen9ou","rating":1311,"private":0,"password":""}