{"id":"gen9ou-1989318858","p1":"littensalt","p2":"The Kitten Boy","format":"[Gen 9] OU","log":"|j|\u2606littensalt\n|j|\u2606The Kitten Boy\n|t:|1699835826\n|gametype|singles\n|player|p1|littensalt|calem|1328\n|player|p2|The Kitten Boy|kieran-festival|1341\n|teamsize|p1|6\n|teamsize|p2|6\n|gen|9\n|tier|[Gen 9] OU\n|rated|\n|rule|Sleep Clause Mod: Limit one foe put to sleep\n|rule|Species Clause: Limit one of each Pok\u00e9mon\n|rule|OHKO Clause: OHKO moves are banned\n|rule|Evasion Items Clause: Evasion items are banned\n|rule|Evasion Moves Clause: Evasion moves are banned\n|rule|Endless Battle Clause: Forcing endless battles is banned\n|rule|HP Percentage Mod: HP is shown in percentages\n|clearpoke\n|poke|p1|Thundurus-Therian, M|\n|poke|p1|Weezing-Galar, M|\n|poke|p1|Cinderace, M|\n|poke|p1|Dragapult, M|\n|poke|p1|Greninja-*, M|\n|poke|p1|Zamazenta-*|\n|poke|p2|Rillaboom, F|\n|poke|p2|Hatterene, F|\n|poke|p2|Sneasler, F|\n|poke|p2|Ninetales-Alola, M|\n|poke|p2|Kommo-o, F|\n|poke|p2|Great Tusk|\n|teampreview\n|\n|t:|1699835861\n|start\n|switch|p1a: FRANCHISE|Cinderace, M|100\/100\n|switch|p2a: Ninetales|Ninetales-Alola, M|100\/100\n|-weather|Snow|[from] ability: Snow Warning|[of] p2a: Ninetales\n|turn|1\n|\n|t:|1699835871\n|switch|p2a: Great Tusk|Great Tusk|100\/100\n|move|p1a: FRANCHISE|Pyro Ball|p2a: Great Tusk\n|-damage|p2a: Great Tusk|59\/100\n|\n|-weather|Snow|[upkeep]\n|upkeep\n|turn|2\n|\n|t:|1699835876\n|move|p1a: FRANCHISE|U-turn|p2a: Great Tusk\n|-start|p1a: FRANCHISE|typechange|Bug|[from] ability: Libero\n|-resisted|p2a: Great Tusk\n|-damage|p2a: Great Tusk|47\/100\n|\n|t:|1699835879\n|switch|p1a: Thundurus|Thundurus-Therian, M, shiny|100\/100|[from] U-turn\n|move|p2a: Great Tusk|Headlong Rush|p1a: Thundurus\n|-immune|p1a: Thundurus\n|\n|-weather|Snow|[upkeep]\n|upkeep\n|turn|3\n|\n|t:|1699835885\n|-end|p2a: Great Tusk|Protosynthesis|[silent]\n|switch|p2a: Kommo-o|Kommo-o, F|100\/100\n|move|p1a: Thundurus|Tera Blast|p2a: Kommo-o\n|-damage|p2a: Kommo-o|40\/100\n|\n|-weather|Snow|[upkeep]\n|upkeep\n|turn|4\n|\n|t:|1699835889\n|move|p1a: Thundurus|Tera Blast|p2a: Kommo-o\n|-damage|p2a: Kommo-o|0 fnt\n|faint|p2a: Kommo-o\n|\n|-weather|Snow|[upkeep]\n|upkeep\n|\n|t:|1699835895\n|switch|p2a: Rillaboom|Rillaboom, F|100\/100\n|-fieldstart|move: Grassy Terrain|[from] ability: Grassy Surge|[of] p2a: Rillaboom\n|turn|5\n|\n|t:|1699835900\n|switch|p1a: wheezy outta here|Weezing-Galar, M, shiny|100\/100\n|-ability|p1a: wheezy outta here|Neutralizing Gas\n|switch|p2a: Hatterene|Hatterene, F|100\/100\n|-enditem|p2a: Hatterene|Grassy Seed\n|-boost|p2a: Hatterene|def|1|[from] item: Grassy Seed\n|\n|-weather|none\n|upkeep\n|turn|6\n|\n|t:|1699835909\n|move|p1a: wheezy outta here|Haze|p1a: wheezy outta here\n|-clearallboost\n|move|p2a: Hatterene|Calm Mind|p2a: Hatterene\n|-boost|p2a: Hatterene|spa|1\n|-boost|p2a: Hatterene|spd|1\n|\n|upkeep\n|turn|7\n|\n|t:|1699835914\n|move|p1a: wheezy outta here|Haze|p1a: wheezy outta here\n|-clearallboost\n|move|p2a: Hatterene|Psyshock|p1a: wheezy outta here\n|-supereffective|p1a: wheezy outta here\n|-damage|p1a: wheezy outta here|55\/100\n|\n|-heal|p1a: wheezy outta here|61\/100|[from] Grassy Terrain\n|upkeep\n|turn|8\n|\n|t:|1699835921\n|move|p1a: wheezy outta here|Pain Split|p2a: Hatterene\n|-sethp|p2a: Hatterene|82\/100|[from] move: Pain Split|[silent]\n|-sethp|p1a: wheezy outta here|79\/100|[from] move: Pain Split\n|move|p2a: Hatterene|Psyshock|p1a: wheezy outta here\n|-supereffective|p1a: wheezy outta here\n|-damage|p1a: wheezy outta here|33\/100\n|\n|-heal|p1a: wheezy outta here|39\/100|[from] Grassy Terrain\n|-heal|p2a: Hatterene|88\/100|[from] Grassy Terrain\n|upkeep\n|turn|9\n|\n|t:|1699835927\n|move|p1a: wheezy outta here|Pain Split|p2a: Hatterene\n|-sethp|p2a: Hatterene|64\/100|[from] move: Pain Split|[silent]\n|-sethp|p1a: wheezy outta here|62\/100|[from] move: Pain Split\n|move|p2a: Hatterene|Psyshock|p1a: wheezy outta here\n|-supereffective|p1a: wheezy outta here\n|-damage|p1a: wheezy outta here|11\/100\n|\n|-heal|p1a: wheezy outta here|17\/100|[from] Grassy Terrain\n|-heal|p2a: Hatterene|70\/100|[from] Grassy Terrain\n|-fieldend|move: Grassy Terrain\n|upkeep\n|turn|10\n|\n|t:|1699835935\n|move|p1a: wheezy outta here|Pain Split|p2a: Hatterene\n|-sethp|p2a: Hatterene|44\/100|[from] move: Pain Split|[silent]\n|-sethp|p1a: wheezy outta here|42\/100|[from] move: Pain Split\n|move|p2a: Hatterene|Psyshock|p1a: wheezy outta here\n|-supereffective|p1a: wheezy outta here\n|-damage|p1a: wheezy outta here|0 fnt\n|faint|p1a: wheezy outta here\n|-end|p1a: wheezy outta here|ability: Neutralizing Gas\n|\n|upkeep\n|\n|t:|1699835944\n|switch|p1a: KIDS SEE GHOST|Dragapult, M, shiny|100\/100\n|turn|11\n|\n|t:|1699835947\n|move|p1a: KIDS SEE GHOST|Shadow Ball|p2a: Hatterene\n|-supereffective|p2a: Hatterene\n|-damage|p2a: Hatterene|0 fnt\n|faint|p2a: Hatterene\n|\n|upkeep\n|\n|t:|1699835952\n|switch|p2a: Ninetales|Ninetales-Alola, M|100\/100\n|-weather|Snow|[from] ability: Snow Warning|[of] p2a: Ninetales\n|turn|12\n|\n|t:|1699835954\n|switch|p1a: FRANCHISE|Cinderace, M|100\/100\n|move|p2a: Ninetales|Aurora Veil|p2a: Ninetales\n|-sidestart|p2: The Kitten Boy|move: Aurora Veil\n|\n|-weather|Snow|[upkeep]\n|upkeep\n|turn|13\n|\n|t:|1699835958\n|move|p1a: FRANCHISE|Court Change|p1a: FRANCHISE\n|-start|p1a: FRANCHISE|typechange|Normal|[from] ability: Libero\n|-swapsideconditions\n|-activate|p1a: FRANCHISE|move: Court Change\n|move|p2a: Ninetales|Encore|p1a: FRANCHISE\n|-start|p1a: FRANCHISE|Encore\n|\n|-weather|Snow|[upkeep]\n|upkeep\n|turn|14\n|\n|t:|1699835969\n|switch|p1a: N95|Greninja, M|100\/100\n|move|p2a: Ninetales|Aurora Veil|p2a: Ninetales\n|-sidestart|p2: The Kitten Boy|move: Aurora Veil\n|\n|-weather|Snow|[upkeep]\n|upkeep\n|turn|15\n|\n|t:|1699835973\n|switch|p1a: FRANCHISE|Cinderace, M|100\/100\n|switch|p2a: Rillaboom|Rillaboom, F|100\/100\n|-fieldstart|move: Grassy Terrain|[from] ability: Grassy Surge|[of] p2a: Rillaboom\n|\n|-weather|Snow|[upkeep]\n|upkeep\n|turn|16\n|\n|t:|1699835979\n|move|p1a: FRANCHISE|U-turn|p2a: Rillaboom\n|-start|p1a: FRANCHISE|typechange|Bug|[from] ability: Libero\n|-supereffective|p2a: Rillaboom\n|-crit|p2a: Rillaboom\n|-damage|p2a: Rillaboom|0 fnt\n|faint|p2a: Rillaboom\n|\n|t:|1699835994\n|switch|p1a: KIDS SEE GHOST|Dragapult, M, shiny|100\/100|[from] U-turn\n|\n|-weather|none\n|upkeep\n|\n|t:|1699835999\n|switch|p2a: Sneasler|Sneasler, F|100\/100\n|-enditem|p2a: Sneasler|Grassy Seed\n|-boost|p2a: Sneasler|def|1|[from] item: Grassy Seed\n|turn|17\n|\n|t:|1699836009\n|move|p2a: Sneasler|Swords Dance|p2a: Sneasler\n|-boost|p2a: Sneasler|atk|2\n|move|p1a: KIDS SEE GHOST|Draco Meteor|p2a: Sneasler\n|-damage|p2a: Sneasler|0 fnt\n|-unboost|p1a: KIDS SEE GHOST|spa|2\n|faint|p2a: Sneasler\n|\n|upkeep\n|-message|The Kitten Boy forfeited.\n|\n|win|littensalt\n|raw|littensalt's rating: 1328 &rarr; <strong>1349<\/strong><br \/>(+21 for winning)\n|raw|The Kitten Boy's rating: 1341 &rarr; <strong>1320<\/strong><br \/>(-21 for losing)\n|l|\u2606The Kitten Boy\n","uploadtime":1699836023,"views":9,"p1id":"littensalt","p2id":"thekittenboy","formatid":"gen9ou","rating":1320,"private":0,"password":""}