{"id":"gen9ou-1991947269","p1":"DogTheSuperior","p2":"NightwalkerYt","format":"[Gen 9] OU","log":"|j|\u2606DogTheSuperior\n|j|\u203dNightwalkerYt\n|t:|1700141384\n|gametype|singles\n|player|p1|DogTheSuperior|102|1097\n|player|p2|NightwalkerYt|ethan|1077\n|teamsize|p1|6\n|teamsize|p2|6\n|gen|9\n|tier|[Gen 9] OU\n|rated|\n|rule|Sleep Clause Mod: Limit one foe put to sleep\n|rule|Species Clause: Limit one of each Pok\u00e9mon\n|rule|OHKO Clause: OHKO moves are banned\n|rule|Evasion Items Clause: Evasion items are banned\n|rule|Evasion Moves Clause: Evasion moves are banned\n|rule|Endless Battle Clause: Forcing endless battles is banned\n|rule|HP Percentage Mod: HP is shown in percentages\n|clearpoke\n|poke|p1|Walking Wake|\n|poke|p1|Samurott-Hisui, F|\n|poke|p1|Heatran, F|\n|poke|p1|Great Tusk|\n|poke|p1|Iron Moth|\n|poke|p1|Iron Leaves|\n|poke|p2|Dragapult, F|\n|poke|p2|Enamorus, F|\n|poke|p2|Glimmora, F|\n|poke|p2|Ogerpon-Wellspring, F|\n|poke|p2|Ribombee, F|\n|poke|p2|Dragonite, M|\n|teampreview\n|inactive|Battle timer is ON: inactive players will automatically lose when time's up. (requested by DogTheSuperior)\n|\n|t:|1700141394\n|start\n|switch|p1a: Heatran|Heatran, F|100\/100\n|switch|p2a: Ribombee|Ribombee, F, shiny|100\/100\n|turn|1\n|\n|t:|1700141402\n|move|p2a: Ribombee|Sticky Web|p1a: Heatran\n|-sidestart|p1: DogTheSuperior|move: Sticky Web\n|move|p1a: Heatran|Magma Storm|p2a: Ribombee|[miss]\n|-miss|p1a: Heatran|p2a: Ribombee\n|\n|upkeep\n|turn|2\n|\n|t:|1700141418\n|move|p2a: Ribombee|Moonblast|p1a: Heatran\n|-resisted|p1a: Heatran\n|-damage|p1a: Heatran|92\/100\n|move|p1a: Heatran|Magma Storm|p2a: Ribombee\n|-supereffective|p2a: Ribombee\n|-enditem|p2a: Ribombee|Focus Sash\n|-damage|p2a: Ribombee|1\/100\n|-activate|p2a: Ribombee|move: Magma Storm|[of] p1a: Heatran\n|\n|-heal|p1a: Heatran|98\/100|[from] item: Leftovers\n|-damage|p2a: Ribombee|0 fnt|[from] move: Magma Storm|[partiallytrapped]\n|faint|p2a: Ribombee\n|upkeep\n|\n|t:|1700141435\n|switch|p2a: Ogerpon|Ogerpon-Wellspring, F|100\/100\n|turn|3\n|inactive|DogTheSuperior has 120 seconds left.\n|\n|t:|1700141467\n|switch|p1a: Iron Leaves|Iron Leaves|100\/100\n|-activate|p1a: Iron Leaves|move: Sticky Web\n|-unboost|p1a: Iron Leaves|spe|1\n|-enditem|p1a: Iron Leaves|Booster Energy\n|-activate|p1a: Iron Leaves|ability: Quark Drive|[fromitem]\n|-start|p1a: Iron Leaves|quarkdriveatk\n|move|p2a: Ogerpon|Ivy Cudgel|p1a: Iron Leaves|[anim] Ivy Cudgel Water\n|-resisted|p1a: Iron Leaves\n|-damage|p1a: Iron Leaves|64\/100\n|\n|upkeep\n|turn|4\n|inactive|DogTheSuperior has 120 seconds left.\n|\n|t:|1700141479\n|move|p2a: Ogerpon|U-turn|p1a: Iron Leaves\n|-supereffective|p1a: Iron Leaves\n|-damage|p1a: Iron Leaves|0 fnt\n|faint|p1a: Iron Leaves\n|-end|p1a: Iron Leaves|Quark Drive|[silent]\n|\n|t:|1700141486\n|switch|p2a: Enamorus|Enamorus, F|100\/100|[from] U-turn\n|\n|upkeep\n|\n|t:|1700141490\n|switch|p1a: Great Tusk|Great Tusk|100\/100\n|-activate|p1a: Great Tusk|move: Sticky Web\n|-unboost|p1a: Great Tusk|spe|1\n|-enditem|p1a: Great Tusk|Booster Energy\n|-activate|p1a: Great Tusk|ability: Protosynthesis|[fromitem]\n|-start|p1a: Great Tusk|protosynthesisatk\n|turn|5\n|\n|t:|1700141496\n|move|p2a: Enamorus|Superpower|p1a: Great Tusk\n|-damage|p1a: Great Tusk|76\/100\n|-boost|p2a: Enamorus|atk|1\n|-boost|p2a: Enamorus|def|1\n|move|p1a: Great Tusk|Rapid Spin|p2a: Enamorus\n|-damage|p2a: Enamorus|75\/100\n|-boost|p1a: Great Tusk|spe|1\n|-sideend|p1: DogTheSuperior|Sticky Web|[from] move: Rapid Spin|[of] p1a: Great Tusk\n|\n|-heal|p2a: Enamorus|81\/100|[from] item: Leftovers\n|upkeep\n|turn|6\n|\n|t:|1700141509\n|move|p2a: Enamorus|Play Rough|p1a: Great Tusk\n|-supereffective|p1a: Great Tusk\n|-damage|p1a: Great Tusk|0 fnt\n|faint|p1a: Great Tusk\n|-end|p1a: Great Tusk|Protosynthesis|[silent]\n|\n|-heal|p2a: Enamorus|87\/100|[from] item: Leftovers\n|upkeep\n|\n|t:|1700141522\n|switch|p1a: Iron Moth|Iron Moth|100\/100\n|-enditem|p1a: Iron Moth|Booster Energy\n|-activate|p1a: Iron Moth|ability: Quark Drive|[fromitem]\n|-start|p1a: Iron Moth|quarkdrivespa\n|turn|7\n|\n|t:|1700141547\n|-terastallize|p2a: Enamorus|Steel\n|move|p1a: Iron Moth|Sludge Wave|p2a: Enamorus\n|-immune|p2a: Enamorus\n|move|p2a: Enamorus|Zen Headbutt|p1a: Iron Moth\n|-supereffective|p1a: Iron Moth\n|-damage|p1a: Iron Moth|0 fnt\n|faint|p1a: Iron Moth\n|-end|p1a: Iron Moth|Quark Drive|[silent]\n|\n|-heal|p2a: Enamorus|93\/100|[from] item: Leftovers\n|upkeep\n|\n|t:|1700141556\n|switch|p1a: Walking Wake|Walking Wake|100\/100\n|-enditem|p1a: Walking Wake|Booster Energy\n|-activate|p1a: Walking Wake|ability: Protosynthesis|[fromitem]\n|-start|p1a: Walking Wake|protosynthesisspa\n|turn|8\n|\n|t:|1700141575\n|move|p1a: Walking Wake|Flamethrower|p2a: Enamorus\n|-supereffective|p2a: Enamorus\n|-damage|p2a: Enamorus|0 fnt\n|faint|p2a: Enamorus\n|\n|upkeep\n|\n|t:|1700141593\n|switch|p2a: Dragonite|Dragonite, M, shiny|100\/100\n|turn|9\n|\n|t:|1700141603\n|-terastallize|p1a: Walking Wake|Fire\n|move|p1a: Walking Wake|Substitute|p1a: Walking Wake\n|-start|p1a: Walking Wake|Substitute\n|-damage|p1a: Walking Wake|76\/100\n|move|p2a: Dragonite|Dragon Claw|p1a: Walking Wake\n|-end|p1a: Walking Wake|Substitute\n|\n|upkeep\n|turn|10\n|\n|t:|1700141615\n|move|p1a: Walking Wake|Dragon Pulse|p2a: Dragonite\n|-supereffective|p2a: Dragonite\n|-damage|p2a: Dragonite|52\/100\n|move|p2a: Dragonite|Dragon Dance|p2a: Dragonite\n|-boost|p2a: Dragonite|atk|1\n|-boost|p2a: Dragonite|spe|1\n|\n|upkeep\n|turn|11\n|\n|t:|1700141623\n|move|p2a: Dragonite|Dragon Claw|p1a: Walking Wake\n|-damage|p1a: Walking Wake|14\/100\n|move|p1a: Walking Wake|Dragon Pulse|p2a: Dragonite\n|-supereffective|p2a: Dragonite\n|-damage|p2a: Dragonite|0 fnt\n|faint|p2a: Dragonite\n|\n|upkeep\n|\n|t:|1700141641\n|switch|p2a: Ogerpon|Ogerpon-Wellspring, F|100\/100\n|turn|12\n|\n|t:|1700141646\n|move|p2a: Ogerpon|Ivy Cudgel|p1a: Walking Wake|[anim] Ivy Cudgel Water\n|-supereffective|p1a: Walking Wake\n|-damage|p1a: Walking Wake|0 fnt\n|faint|p1a: Walking Wake\n|-end|p1a: Walking Wake|Protosynthesis|[silent]\n|\n|upkeep\n|\n|t:|1700141652\n|switch|p1a: Samurott|Samurott-Hisui, F|100\/100\n|turn|13\n|\n|t:|1700141669\n|switch|p2a: Glimmora|Glimmora, F|100\/100\n|move|p1a: Samurott|X-Scissor|p2a: Glimmora\n|-resisted|p2a: Glimmora\n|-damage|p2a: Glimmora|82\/100\n|-activate|p2a: Glimmora|ability: Toxic Debris\n|-sidestart|p1: DogTheSuperior|move: Toxic Spikes\n|\n|upkeep\n|turn|14\n|\n|t:|1700141680\n|move|p2a: Glimmora|Spiky Shield|p2a: Glimmora\n|-singleturn|p2a: Glimmora|move: Protect\n|move|p1a: Samurott|Ceaseless Edge|p2a: Glimmora\n|-activate|p2a: Glimmora|move: Protect\n|-damage|p1a: Samurott|88\/100|[from] Spiky Shield|[of] p2a: Glimmora\n|\n|upkeep\n|turn|15\n|\n|t:|1700141688\n|move|p2a: Glimmora|Stealth Rock|p1a: Samurott\n|-sidestart|p1: DogTheSuperior|move: Stealth Rock\n|move|p1a: Samurott|Ceaseless Edge|p2a: Glimmora\n|-damage|p2a: Glimmora|34\/100\n|-activate|p2a: Glimmora|ability: Toxic Debris\n|-sidestart|p1: DogTheSuperior|move: Toxic Spikes\n|-sidestart|p2: NightwalkerYt|Spikes\n|\n|upkeep\n|turn|16\n|\n|t:|1700141697\n|move|p2a: Glimmora|Mortal Spin|p1a: Samurott\n|-damage|p1a: Samurott|79\/100\n|-status|p1a: Samurott|psn\n|-damage|p2a: Glimmora|17\/100|[from] item: Rocky Helmet|[of] p1a: Samurott\n|-sideend|p2: NightwalkerYt|Spikes|[from] move: Mortal Spin|[of] p2a: Glimmora\n|move|p1a: Samurott|Ceaseless Edge|p2a: Glimmora\n|-damage|p2a: Glimmora|0 fnt\n|-sidestart|p2: NightwalkerYt|Spikes\n|faint|p2a: Glimmora\n|\n|-damage|p1a: Samurott|66\/100 psn|[from] psn\n|upkeep\n|\n|t:|1700141710\n|switch|p2a: Ogerpon|Ogerpon-Wellspring, F|100\/100\n|-damage|p2a: Ogerpon|88\/100|[from] Spikes\n|turn|17\n|\n|t:|1700141716\n|move|p2a: Ogerpon|Horn Leech|p1a: Samurott\n|-supereffective|p1a: Samurott\n|-damage|p1a: Samurott|0 fnt\n|-heal|p2a: Ogerpon|100\/100|[from] drain|[of] p1a: Samurott\n|-damage|p2a: Ogerpon|84\/100|[from] item: Rocky Helmet|[of] p1a: Samurott\n|faint|p1a: Samurott\n|\n|upkeep\n|\n|t:|1700141723\n|switch|p1a: Heatran|Heatran, F|98\/100\n|-damage|p1a: Heatran|85\/100|[from] Stealth Rock\n|turn|18\n|\n|t:|1700141740\n|move|p2a: Ogerpon|Ivy Cudgel|p1a: Heatran|[anim] Ivy Cudgel Water\n|-supereffective|p1a: Heatran\n|-damage|p1a: Heatran|0 fnt\n|faint|p1a: Heatran\n|\n|win|NightwalkerYt\n|raw|DogTheSuperior's rating: 1097 &rarr; <strong>1071<\/strong><br \/>(-26 for losing)\n|raw|NightwalkerYt's rating: 1077 &rarr; <strong>1107<\/strong><br \/>(+30 for winning)\n|l|\u2606DogTheSuperior\n","uploadtime":1700141786,"views":12,"p1id":"dogthesuperior","p2id":"nightwalkeryt","formatid":"gen9ou","rating":1071,"private":0,"password":""}