{"id":"gen9ou-1989370955","p1":"PhantomGanon01","p2":"RoachSenpai","format":"[Gen 9] OU","log":"|j|\u2606PhantomGanon01\n|j|\u2606RoachSenpai\n|t:|1699841874\n|gametype|singles\n|player|p1|PhantomGanon01|ingo|1045\n|player|p2|RoachSenpai|winona|1069\n|teamsize|p1|6\n|teamsize|p2|6\n|gen|9\n|tier|[Gen 9] OU\n|rated|\n|rule|Sleep Clause Mod: Limit one foe put to sleep\n|rule|Species Clause: Limit one of each Pok\u00e9mon\n|rule|OHKO Clause: OHKO moves are banned\n|rule|Evasion Items Clause: Evasion items are banned\n|rule|Evasion Moves Clause: Evasion moves are banned\n|rule|Endless Battle Clause: Forcing endless battles is banned\n|rule|HP Percentage Mod: HP is shown in percentages\n|clearpoke\n|poke|p1|Sneasler, M|\n|poke|p1|Rillaboom, M|\n|poke|p1|Iron Valiant|\n|poke|p1|Dondozo, F|\n|poke|p1|Ninetales-Alola, F|\n|poke|p1|Forretress, M|\n|poke|p2|Dragapult, M|\n|poke|p2|Sinistcha-Masterpiece|\n|poke|p2|Iron Moth|\n|poke|p2|Corviknight, M|\n|poke|p2|Kingambit, M|\n|poke|p2|Gyarados, F|\n|teampreview\n|\n|t:|1699841880\n|start\n|switch|p1a: Forretress|Forretress, M|100\/100\n|switch|p2a: Gyarados|Gyarados, F|100\/100\n|turn|1\n|\n|t:|1699841886\n|move|p2a: Gyarados|Dragon Dance|p2a: Gyarados\n|-boost|p2a: Gyarados|atk|1\n|-boost|p2a: Gyarados|spe|1\n|move|p1a: Forretress|Spikes|p2a: Gyarados\n|-sidestart|p2: RoachSenpai|Spikes\n|\n|upkeep\n|turn|2\n|\n|t:|1699841893\n|move|p2a: Gyarados|Dragon Dance|p2a: Gyarados\n|-boost|p2a: Gyarados|atk|1\n|-boost|p2a: Gyarados|spe|1\n|move|p1a: Forretress|Spikes|p2a: Gyarados\n|-sidestart|p2: RoachSenpai|Spikes\n|\n|upkeep\n|turn|3\n|\n|t:|1699841898\n|move|p2a: Gyarados|Dragon Dance|p2a: Gyarados\n|-boost|p2a: Gyarados|atk|1\n|-boost|p2a: Gyarados|spe|1\n|move|p1a: Forretress|Spikes|p2a: Gyarados\n|-sidestart|p2: RoachSenpai|Spikes\n|\n|upkeep\n|turn|4\n|inactive|Battle timer is ON: inactive players will automatically lose when time's up. (requested by PhantomGanon01)\n|\n|t:|1699841911\n|move|p2a: Gyarados|Earthquake|p1a: Forretress\n|-damage|p1a: Forretress|39\/100\n|move|p1a: Forretress|Explosion|p2a: Gyarados\n|-damage|p2a: Gyarados|28\/100\n|faint|p1a: Forretress\n|\n|upkeep\n|\n|t:|1699841918\n|switch|p1a: Dondozo|Dondozo, F|100\/100\n|turn|5\n|\n|t:|1699841935\n|move|p2a: Gyarados|Outrage|p1a: Dondozo\n|-damage|p1a: Dondozo|74\/100\n|move|p1a: Dondozo|Ice Fang|p2a: Gyarados\n|-damage|p2a: Gyarados|9\/100\n|-enditem|p2a: Gyarados|Aguav Berry|[eat]\n|-heal|p2a: Gyarados|42\/100|[from] item: Aguav Berry\n|\n|-heal|p1a: Dondozo|80\/100|[from] item: Leftovers\n|upkeep\n|turn|6\n|\n|t:|1699841944\n|move|p2a: Gyarados|Outrage|p1a: Dondozo|[from]lockedmove\n|-damage|p1a: Dondozo|56\/100\n|-start|p2a: Gyarados|confusion|[fatigue]\n|move|p1a: Dondozo|Ice Fang|p2a: Gyarados\n|-damage|p2a: Gyarados|21\/100\n|\n|-heal|p1a: Dondozo|63\/100|[from] item: Leftovers\n|upkeep\n|turn|7\n|\n|t:|1699841952\n|-activate|p2a: Gyarados|confusion\n|-damage|p2a: Gyarados|0 fnt|[from] confusion\n|faint|p2a: Gyarados\n|move|p1a: Dondozo|Ice Fang|p2: Gyarados|[notarget]\n|-fail|p1a: Dondozo\n|\n|-heal|p1a: Dondozo|69\/100|[from] item: Leftovers\n|upkeep\n|\n|t:|1699841957\n|switch|p2a: Sinistcha|Sinistcha-Masterpiece|100\/100\n|-damage|p2a: Sinistcha|76\/100|[from] Spikes\n|turn|8\n|\n|t:|1699841971\n|switch|p1a: Rillaboom|Rillaboom, M|100\/100\n|-fieldstart|move: Grassy Terrain|[from] ability: Grassy Surge|[of] p1a: Rillaboom\n|move|p2a: Sinistcha|Calm Mind|p2a: Sinistcha\n|-boost|p2a: Sinistcha|spa|1\n|-boost|p2a: Sinistcha|spd|1\n|\n|-heal|p2a: Sinistcha|82\/100|[from] Grassy Terrain\n|upkeep\n|turn|9\n|\n|t:|1699841980\n|move|p1a: Rillaboom|Knock Off|p2a: Sinistcha\n|-supereffective|p2a: Sinistcha\n|-damage|p2a: Sinistcha|27\/100\n|-enditem|p2a: Sinistcha|Life Orb|[from] move: Knock Off|[of] p1a: Rillaboom\n|move|p2a: Sinistcha|Trick Room|p2a: Sinistcha\n|-fieldstart|move: Trick Room|[of] p2a: Sinistcha\n|\n|-heal|p2a: Sinistcha|33\/100|[from] Grassy Terrain\n|upkeep\n|turn|10\n|\n|t:|1699841992\n|move|p2a: Sinistcha|Strength Sap|p1a: Rillaboom\n|-unboost|p1a: Rillaboom|atk|1\n|-heal|p2a: Sinistcha|100\/100\n|move|p1a: Rillaboom|Knock Off|p2a: Sinistcha\n|-supereffective|p2a: Sinistcha\n|-damage|p2a: Sinistcha|76\/100\n|\n|-heal|p2a: Sinistcha|82\/100|[from] Grassy Terrain\n|upkeep\n|turn|11\n|\n|t:|1699842007\n|move|p2a: Sinistcha|Matcha Gotcha|p1a: Rillaboom\n|-resisted|p1a: Rillaboom\n|-damage|p1a: Rillaboom|75\/100\n|-heal|p2a: Sinistcha|97\/100|[from] drain|[of] p1a: Rillaboom\n|move|p1a: Rillaboom|Knock Off|p2a: Sinistcha\n|-supereffective|p2a: Sinistcha\n|-damage|p2a: Sinistcha|74\/100\n|\n|-heal|p2a: Sinistcha|80\/100|[from] Grassy Terrain\n|-heal|p1a: Rillaboom|81\/100|[from] Grassy Terrain\n|upkeep\n|turn|12\n|\n|t:|1699842033\n|move|p2a: Sinistcha|Calm Mind|p2a: Sinistcha\n|-boost|p2a: Sinistcha|spa|1\n|-boost|p2a: Sinistcha|spd|1\n|move|p1a: Rillaboom|Knock Off|p2a: Sinistcha\n|-supereffective|p2a: Sinistcha\n|-damage|p2a: Sinistcha|57\/100\n|\n|-heal|p2a: Sinistcha|63\/100|[from] Grassy Terrain\n|-heal|p1a: Rillaboom|87\/100|[from] Grassy Terrain\n|-fieldend|move: Grassy Terrain\n|upkeep\n|turn|13\n|\n|t:|1699842046\n|switch|p1a: Ninetales|Ninetales-Alola, F|100\/100\n|-weather|Snow|[from] ability: Snow Warning|[of] p1a: Ninetales\n|move|p2a: Sinistcha|Calm Mind|p2a: Sinistcha\n|-boost|p2a: Sinistcha|spa|1\n|-boost|p2a: Sinistcha|spd|1\n|\n|-weather|Snow|[upkeep]\n|-fieldend|move: Trick Room\n|upkeep\n|turn|14\n|\n|t:|1699842058\n|-terastallize|p2a: Sinistcha|Water\n|move|p1a: Ninetales|Aurora Veil|p1a: Ninetales\n|-sidestart|p1: PhantomGanon01|move: Aurora Veil\n|move|p2a: Sinistcha|Trick Room|p2a: Sinistcha\n|-fieldstart|move: Trick Room|[of] p2a: Sinistcha\n|\n|-weather|Snow|[upkeep]\n|upkeep\n|turn|15\n|\n|t:|1699842068\n|move|p2a: Sinistcha|Strength Sap|p1a: Ninetales\n|-unboost|p1a: Ninetales|atk|1\n|-heal|p2a: Sinistcha|99\/100\n|move|p1a: Ninetales|Moonblast|p2a: Sinistcha\n|-damage|p2a: Sinistcha|80\/100\n|-unboost|p2a: Sinistcha|spa|1\n|\n|-weather|Snow|[upkeep]\n|upkeep\n|turn|16\n|\n|t:|1699842078\n|move|p2a: Sinistcha|Strength Sap|p1a: Ninetales\n|-unboost|p1a: Ninetales|atk|1\n|-heal|p2a: Sinistcha|100\/100\n|move|p1a: Ninetales|Freeze-Dry|p2a: Sinistcha\n|-supereffective|p2a: Sinistcha\n|-damage|p2a: Sinistcha|71\/100\n|-status|p2a: Sinistcha|frz\n|\n|-weather|Snow|[upkeep]\n|upkeep\n|turn|17\n|\n|t:|1699842094\n|cant|p2a: Sinistcha|frz\n|move|p1a: Ninetales|Calm Mind|p1a: Ninetales\n|-boost|p1a: Ninetales|spa|1\n|-boost|p1a: Ninetales|spd|1\n|\n|-weather|none\n|upkeep\n|turn|18\n|\n|t:|1699842101\n|-curestatus|p2a: Sinistcha|frz|[from] move: Matcha Gotcha\n|move|p2a: Sinistcha|Matcha Gotcha|p1a: Ninetales\n|-damage|p1a: Ninetales|71\/100\n|-heal|p2a: Sinistcha|86\/100|[from] drain|[of] p1a: Ninetales\n|move|p1a: Ninetales|Calm Mind|p1a: Ninetales\n|-boost|p1a: Ninetales|spa|1\n|-boost|p1a: Ninetales|spd|1\n|\n|-fieldend|move: Trick Room\n|upkeep\n|turn|19\n|\n|t:|1699842117\n|move|p1a: Ninetales|Freeze-Dry|p2a: Sinistcha\n|-supereffective|p2a: Sinistcha\n|-damage|p2a: Sinistcha|32\/100\n|move|p2a: Sinistcha|Trick Room|p2a: Sinistcha\n|-fieldstart|move: Trick Room|[of] p2a: Sinistcha\n|\n|upkeep\n|turn|20\n|\n|t:|1699842122\n|switch|p2a: Iron Moth|Iron Moth|100\/100\n|-damage|p2a: Iron Moth|76\/100|[from] Spikes\n|-enditem|p2a: Iron Moth|Booster Energy\n|-activate|p2a: Iron Moth|ability: Quark Drive|[fromitem]\n|-start|p2a: Iron Moth|quarkdrivespa\n|move|p1a: Ninetales|Freeze-Dry|p2a: Iron Moth\n|-resisted|p2a: Iron Moth\n|-damage|p2a: Iron Moth|52\/100\n|\n|upkeep\n|turn|21\n|\n|t:|1699842133\n|switch|p1a: Dondozo|Dondozo, F|69\/100\n|move|p2a: Iron Moth|Fiery Dance|p1a: Dondozo\n|-resisted|p1a: Dondozo\n|-damage|p1a: Dondozo|55\/100\n|-boost|p2a: Iron Moth|spa|1\n|\n|-heal|p1a: Dondozo|62\/100|[from] item: Leftovers\n|-sideend|p1: PhantomGanon01|move: Aurora Veil\n|upkeep\n|turn|22\n|inactive|RoachSenpai has 120 seconds left.\n|\n|t:|1699842167\n|-end|p2a: Iron Moth|Quark Drive|[silent]\n|switch|p2a: Sinistcha|Sinistcha-Masterpiece, tera:Water|32\/100\n|-damage|p2a: Sinistcha|7\/100|[from] Spikes\n|move|p1a: Dondozo|Liquidation|p2a: Sinistcha\n|-resisted|p2a: Sinistcha\n|-damage|p2a: Sinistcha|0 fnt\n|faint|p2a: Sinistcha\n|\n|-heal|p1a: Dondozo|68\/100|[from] item: Leftovers\n|upkeep\n|inactive|RoachSenpai has 120 seconds left.\n|\n|t:|1699842174\n|switch|p2a: Corviknight|Corviknight, M|100\/100\n|turn|23\n|\n|t:|1699842184\n|move|p1a: Dondozo|Ice Fang|p2a: Corviknight\n|-damage|p2a: Corviknight|86\/100\n|-status|p2a: Corviknight|frz\n|-curestatus|p2a: Corviknight|frz|[msg]\n|move|p2a: Corviknight|Iron Head|p1a: Dondozo\n|-resisted|p1a: Dondozo\n|-damage|p1a: Dondozo|58\/100\n|\n|-heal|p1a: Dondozo|64\/100|[from] item: Leftovers\n|-fieldend|move: Trick Room\n|upkeep\n|turn|24\n|\n|t:|1699842204\n|move|p2a: Corviknight|Iron Head|p1a: Dondozo\n|-resisted|p1a: Dondozo\n|-damage|p1a: Dondozo|54\/100\n|move|p1a: Dondozo|Wave Crash|p2a: Corviknight\n|-damage|p2a: Corviknight|43\/100\n|-damage|p1a: Dondozo|45\/100|[from] Recoil\n|\n|-heal|p1a: Dondozo|51\/100|[from] item: Leftovers\n|upkeep\n|turn|25\n|\n|t:|1699842215\n|move|p2a: Corviknight|Iron Head|p1a: Dondozo\n|-resisted|p1a: Dondozo\n|-damage|p1a: Dondozo|40\/100\n|move|p1a: Dondozo|Wave Crash|p2a: Corviknight\n|-damage|p2a: Corviknight|0 fnt\n|faint|p2a: Corviknight\n|-damage|p1a: Dondozo|31\/100|[from] Recoil\n|\n|-heal|p1a: Dondozo|37\/100|[from] item: Leftovers\n|upkeep\n|\n|t:|1699842224\n|switch|p2a: Dragapult|Dragapult, M|100\/100\n|-damage|p2a: Dragapult|76\/100|[from] Spikes\n|turn|26\n|\n|t:|1699842229\n|move|p2a: Dragapult|Will-O-Wisp|p1a: Dondozo\n|-status|p1a: Dondozo|brn\n|move|p1a: Dondozo|Ice Fang|p2a: Dragapult\n|-supereffective|p2a: Dragapult\n|-damage|p2a: Dragapult|52\/100\n|\n|-heal|p1a: Dondozo|43\/100 brn|[from] item: Leftovers\n|-damage|p1a: Dondozo|37\/100 brn|[from] brn\n|upkeep\n|turn|27\n|\n|t:|1699842245\n|move|p2a: Dragapult|Sucker Punch|p1a: Dondozo\n|-crit|p1a: Dondozo\n|-damage|p1a: Dondozo|17\/100 brn\n|move|p1a: Dondozo|Ice Fang|p2a: Dragapult|[miss]\n|-miss|p1a: Dondozo|p2a: Dragapult\n|\n|-heal|p1a: Dondozo|23\/100 brn|[from] item: Leftovers\n|-damage|p1a: Dondozo|17\/100 brn|[from] brn\n|upkeep\n|turn|28\n|\n|t:|1699842258\n|switch|p1a: Rillaboom|Rillaboom, M|87\/100\n|-fieldstart|move: Grassy Terrain|[from] ability: Grassy Surge|[of] p1a: Rillaboom\n|move|p2a: Dragapult|Phantom Force||[still]\n|-prepare|p2a: Dragapult|Phantom Force\n|\n|-heal|p1a: Rillaboom|93\/100|[from] Grassy Terrain\n|upkeep\n|turn|29\n|\n|t:|1699842265\n|move|p2a: Dragapult|Phantom Force|p1a: Rillaboom|[from]lockedmove\n|-damage|p1a: Rillaboom|57\/100\n|move|p1a: Rillaboom|Knock Off|p2a: Dragapult\n|-supereffective|p2a: Dragapult\n|-damage|p2a: Dragapult|0 fnt\n|-enditem|p2a: Dragapult|Roseli Berry|[from] move: Knock Off|[of] p1a: Rillaboom\n|faint|p2a: Dragapult\n|\n|-heal|p1a: Rillaboom|64\/100|[from] Grassy Terrain\n|upkeep\n|\n|t:|1699842270\n|switch|p2a: Iron Moth|Iron Moth|52\/100\n|-damage|p2a: Iron Moth|27\/100|[from] Spikes\n|turn|30\n|inactive|PhantomGanon01 has 120 seconds left.\n|\n|t:|1699842307\n|move|p2a: Iron Moth|Fiery Dance|p1a: Rillaboom\n|-supereffective|p1a: Rillaboom\n|-damage|p1a: Rillaboom|8\/100\n|move|p1a: Rillaboom|Knock Off|p2a: Iron Moth\n|-damage|p2a: Iron Moth|0 fnt\n|faint|p2a: Iron Moth\n|-end|p2a: Iron Moth|Quark Drive|[silent]\n|\n|-heal|p1a: Rillaboom|14\/100|[from] Grassy Terrain\n|upkeep\n|\n|t:|1699842312\n|switch|p2a: Kingambit|Kingambit, M|100\/100\n|-damage|p2a: Kingambit|76\/100|[from] Spikes\n|-activate|p2a: Kingambit|ability: Supreme Overlord\n|-start|p2a: Kingambit|fallen5|[silent]\n|turn|31\n|inactive|PhantomGanon01 has 120 seconds left.\n|\n|t:|1699842329\n|move|p1a: Rillaboom|Grassy Glide|p2a: Kingambit\n|-resisted|p2a: Kingambit\n|-damage|p2a: Kingambit|62\/100\n|move|p2a: Kingambit|Sucker Punch||[still]\n|-fail|p2a: Kingambit\n|\n|-heal|p1a: Rillaboom|21\/100|[from] Grassy Terrain\n|-heal|p2a: Kingambit|69\/100|[from] Grassy Terrain\n|upkeep\n|turn|32\n|inactive|PhantomGanon01 has 120 seconds left.\n|\n|t:|1699842338\n|move|p1a: Rillaboom|Grassy Glide|p2a: Kingambit\n|-resisted|p2a: Kingambit\n|-damage|p2a: Kingambit|54\/100\n|move|p2a: Kingambit|Swords Dance|p2a: Kingambit\n|-boost|p2a: Kingambit|atk|2\n|\n|-heal|p1a: Rillaboom|27\/100|[from] Grassy Terrain\n|-heal|p2a: Kingambit|61\/100|[from] Grassy Terrain\n|-fieldend|move: Grassy Terrain\n|upkeep\n|turn|33\n|inactive|PhantomGanon01 has 120 seconds left.\n|\n|t:|1699842348\n|move|p1a: Rillaboom|Wood Hammer|p2a: Kingambit\n|-resisted|p2a: Kingambit\n|-crit|p2a: Kingambit\n|-damage|p2a: Kingambit|31\/100\n|-damage|p1a: Rillaboom|19\/100|[from] Recoil\n|move|p2a: Kingambit|Iron Head|p1a: Rillaboom\n|-damage|p1a: Rillaboom|0 fnt\n|faint|p1a: Rillaboom\n|\n|upkeep\n|inactive|PhantomGanon01 has 120 seconds left.\n|\n|t:|1699842359\n|switch|p1a: Iron Valiant|Iron Valiant|100\/100\n|-enditem|p1a: Iron Valiant|Booster Energy\n|-activate|p1a: Iron Valiant|ability: Quark Drive|[fromitem]\n|-start|p1a: Iron Valiant|quarkdrivespe\n|turn|34\n|inactive|PhantomGanon01 has 120 seconds left.\n|\n|t:|1699842368\n|move|p2a: Kingambit|Sucker Punch|p1a: Iron Valiant\n|-resisted|p1a: Iron Valiant\n|-damage|p1a: Iron Valiant|54\/100\n|move|p1a: Iron Valiant|Aura Sphere|p2a: Kingambit\n|-supereffective|p2a: Kingambit\n|-damage|p2a: Kingambit|0 fnt\n|faint|p2a: Kingambit\n|-end|p2a: Kingambit|fallen5|[silent]\n|\n|win|PhantomGanon01\n|raw|PhantomGanon01's rating: 1045 &rarr; <strong>1081<\/strong><br \/>(+36 for winning)\n|raw|RoachSenpai's rating: 1069 &rarr; <strong>1047<\/strong><br \/>(-22 for losing)\n|l|\u2606RoachSenpai\n","uploadtime":1699842379,"views":29,"p1id":"phantomganon01","p2id":"roachsenpai","formatid":"gen9ou","rating":1047,"private":0,"password":""}