{"id":"gen9ou-1995734101","p1":"Manjack","p2":"trepYT","format":"[Gen 9] OU","log":"|j|\u2606Manjack\n|j|\u203dtrepYT\n|t:|1700598164\n|gametype|singles\n|player|p1|Manjack|preschooler|1584\n|player|p2|trepYT|swimmerf|1658\n|teamsize|p1|6\n|teamsize|p2|6\n|gen|9\n|tier|[Gen 9] OU\n|rated|\n|rule|Sleep Clause Mod: Limit one foe put to sleep\n|rule|Species Clause: Limit one of each Pok\u00e9mon\n|rule|OHKO Clause: OHKO moves are banned\n|rule|Evasion Items Clause: Evasion items are banned\n|rule|Evasion Moves Clause: Evasion moves are banned\n|rule|Endless Battle Clause: Forcing endless battles is banned\n|rule|HP Percentage Mod: HP is shown in percentages\n|clearpoke\n|poke|p1|Ogerpon, F|\n|poke|p1|Corviknight, M|\n|poke|p1|Dachsbun, F|\n|poke|p1|Slowking-Galar, F|\n|poke|p1|Rotom-Wash|\n|poke|p1|Clodsire, F|\n|poke|p2|Cresselia, F|\n|poke|p2|Scizor, F|\n|poke|p2|Garchomp, M|\n|poke|p2|Samurott-Hisui, F|\n|poke|p2|Heatran, F|\n|poke|p2|Kingambit, F|\n|teampreview\n|c|\u2606Manjack|Glhf\n|\n|t:|1700598201\n|start\n|switch|p1a: Rotom|Rotom-Wash|100\/100\n|switch|p2a: Scizor|Scizor, F|100\/100\n|turn|1\n|inactive|Battle timer is ON: inactive players will automatically lose when time's up. (requested by trepYT)\n|\n|t:|1700598223\n|move|p1a: Rotom|Will-O-Wisp|p2a: Scizor\n|-status|p2a: Scizor|brn\n|move|p2a: Scizor|Knock Off|p1a: Rotom\n|-crit|p1a: Rotom\n|-damage|p1a: Rotom|68\/100\n|-enditem|p1a: Rotom|Leftovers|[from] move: Knock Off|[of] p2a: Scizor\n|\n|-damage|p2a: Scizor|94\/100 brn|[from] brn\n|upkeep\n|turn|2\n|\n|t:|1700598232\n|switch|p2a: Heatran|Heatran, F|100\/100\n|move|p1a: Rotom|Protect||[still]\n|-fail|p1a: Rotom\n|\n|upkeep\n|turn|3\n|\n|t:|1700598236\n|move|p1a: Rotom|Volt Switch|p2a: Heatran\n|-damage|p2a: Heatran|80\/100\n|\n|t:|1700598238\n|switch|p1a: Dachsbun|Dachsbun, F|100\/100|[from] Volt Switch\n|move|p2a: Heatran|Magma Storm|p1a: Dachsbun\n|-ability|p1a: Dachsbun|Well-Baked Body|boost\n|-boost|p1a: Dachsbun|def|2\n|\n|-heal|p2a: Heatran|86\/100|[from] item: Leftovers\n|upkeep\n|turn|4\n|\n|t:|1700598245\n|move|p1a: Dachsbun|Copycat|p1a: Dachsbun\n|move|p1a: Dachsbun|Magma Storm|p2a: Heatran|[from]move: Copycat\n|-damage|p2a: Heatran|76\/100\n|-activate|p2a: Heatran|move: Magma Storm|[of] p1a: Dachsbun\n|move|p2a: Heatran|Substitute|p2a: Heatran\n|-start|p2a: Heatran|Substitute\n|-end|p2a: Heatran|Magma Storm|[partiallytrapped]|[silent]\n|-damage|p2a: Heatran|51\/100\n|\n|-heal|p2a: Heatran|58\/100|[from] item: Leftovers\n|upkeep\n|turn|5\n|\n|t:|1700598249\n|move|p1a: Dachsbun|Body Press|p2a: Heatran\n|-supereffective|p2a: Heatran\n|-end|p2a: Heatran|Substitute\n|move|p2a: Heatran|Earth Power|p1a: Dachsbun\n|-damage|p1a: Dachsbun|71\/100\n|\n|-heal|p1a: Dachsbun|77\/100|[from] item: Leftovers\n|-heal|p2a: Heatran|64\/100|[from] item: Leftovers\n|upkeep\n|turn|6\n|\n|t:|1700598255\n|switch|p2a: Garchomp|Garchomp, M, shiny|100\/100\n|move|p1a: Dachsbun|Body Press|p2a: Garchomp\n|-damage|p2a: Garchomp|78\/100\n|-damage|p1a: Dachsbun|65\/100|[from] ability: Rough Skin|[of] p2a: Garchomp\n|-damage|p1a: Dachsbun|48\/100|[from] item: Rocky Helmet|[of] p2a: Garchomp\n|\n|-heal|p1a: Dachsbun|54\/100|[from] item: Leftovers\n|upkeep\n|turn|7\n|\n|t:|1700598259\n|move|p2a: Garchomp|Stealth Rock|p1a: Dachsbun\n|-sidestart|p1: Manjack|move: Stealth Rock\n|move|p1a: Dachsbun|Wish|p1a: Dachsbun\n|\n|-heal|p1a: Dachsbun|60\/100|[from] item: Leftovers\n|upkeep\n|turn|8\n|\n|t:|1700598264\n|move|p2a: Garchomp|Earthquake|p1a: Dachsbun\n|-damage|p1a: Dachsbun|39\/100\n|move|p1a: Dachsbun|Copycat|p1a: Dachsbun\n|move|p1a: Dachsbun|Earthquake|p2a: Garchomp|[from]move: Copycat\n|-damage|p2a: Garchomp|65\/100\n|\n|-heal|p1a: Dachsbun|89\/100|[from] move: Wish|[wisher] Dachsbun\n|-heal|p1a: Dachsbun|95\/100|[from] item: Leftovers\n|upkeep\n|turn|9\n|\n|t:|1700598278\n|switch|p2a: Cresselia|Cresselia, F|100\/100\n|move|p1a: Dachsbun|Wish|p1a: Dachsbun\n|\n|-heal|p1a: Dachsbun|100\/100|[from] item: Leftovers\n|upkeep\n|turn|10\n|\n|t:|1700598283\n|move|p1a: Dachsbun|Body Press|p2a: Cresselia\n|-resisted|p2a: Cresselia\n|-damage|p2a: Cresselia|89\/100\n|-enditem|p2a: Cresselia|Kee Berry|[eat]\n|-boost|p2a: Cresselia|def|1|[from] item: Kee Berry\n|move|p2a: Cresselia|Calm Mind|p2a: Cresselia\n|-boost|p2a: Cresselia|spa|1\n|-boost|p2a: Cresselia|spd|1\n|\n|upkeep\n|turn|11\n|\n|t:|1700598290\n|-terastallize|p1a: Dachsbun|Steel\n|move|p1a: Dachsbun|Copycat|p1a: Dachsbun\n|move|p1a: Dachsbun|Calm Mind|p1a: Dachsbun|[from]move: Copycat\n|-boost|p1a: Dachsbun|spa|1\n|-boost|p1a: Dachsbun|spd|1\n|move|p2a: Cresselia|Calm Mind|p2a: Cresselia\n|-boost|p2a: Cresselia|spa|1\n|-boost|p2a: Cresselia|spd|1\n|\n|upkeep\n|turn|12\n|\n|t:|1700598294\n|move|p1a: Dachsbun|Copycat|p1a: Dachsbun\n|move|p1a: Dachsbun|Calm Mind|p1a: Dachsbun|[from]move: Copycat\n|-boost|p1a: Dachsbun|spa|1\n|-boost|p1a: Dachsbun|spd|1\n|move|p2a: Cresselia|Calm Mind|p2a: Cresselia\n|-boost|p2a: Cresselia|spa|1\n|-boost|p2a: Cresselia|spd|1\n|\n|upkeep\n|turn|13\n|\n|t:|1700598296\n|move|p1a: Dachsbun|Copycat|p1a: Dachsbun\n|move|p1a: Dachsbun|Calm Mind|p1a: Dachsbun|[from]move: Copycat\n|-boost|p1a: Dachsbun|spa|1\n|-boost|p1a: Dachsbun|spd|1\n|move|p2a: Cresselia|Calm Mind|p2a: Cresselia\n|-boost|p2a: Cresselia|spa|1\n|-boost|p2a: Cresselia|spd|1\n|\n|upkeep\n|turn|14\n|\n|t:|1700598298\n|move|p1a: Dachsbun|Copycat|p1a: Dachsbun\n|move|p1a: Dachsbun|Calm Mind|p1a: Dachsbun|[from]move: Copycat\n|-boost|p1a: Dachsbun|spa|1\n|-boost|p1a: Dachsbun|spd|1\n|move|p2a: Cresselia|Calm Mind|p2a: Cresselia\n|-boost|p2a: Cresselia|spa|1\n|-boost|p2a: Cresselia|spd|1\n|\n|upkeep\n|turn|15\n|\n|t:|1700598300\n|move|p1a: Dachsbun|Copycat|p1a: Dachsbun\n|move|p1a: Dachsbun|Calm Mind|p1a: Dachsbun|[from]move: Copycat\n|-boost|p1a: Dachsbun|spa|1\n|-boost|p1a: Dachsbun|spd|1\n|move|p2a: Cresselia|Calm Mind|p2a: Cresselia\n|-boost|p2a: Cresselia|spa|1\n|-boost|p2a: Cresselia|spd|1\n|\n|upkeep\n|turn|16\n|\n|t:|1700598303\n|move|p1a: Dachsbun|Copycat|p1a: Dachsbun\n|move|p1a: Dachsbun|Calm Mind|p1a: Dachsbun|[from]move: Copycat\n|-boost|p1a: Dachsbun|spa|1\n|-boost|p1a: Dachsbun|spd|1\n|move|p2a: Cresselia|Stored Power|p1a: Dachsbun\n|-resisted|p1a: Dachsbun\n|-damage|p1a: Dachsbun|65\/100\n|\n|-heal|p1a: Dachsbun|71\/100|[from] item: Leftovers\n|upkeep\n|turn|17\n|\n|t:|1700598307\n|move|p1a: Dachsbun|Copycat|p1a: Dachsbun\n|move|p1a: Dachsbun|Stored Power|p2a: Cresselia|[from]move: Copycat\n|-resisted|p2a: Cresselia\n|-damage|p2a: Cresselia|77\/100\n|move|p2a: Cresselia|Stored Power|p1a: Dachsbun\n|-resisted|p1a: Dachsbun\n|-damage|p1a: Dachsbun|37\/100\n|\n|-heal|p1a: Dachsbun|43\/100|[from] item: Leftovers\n|upkeep\n|turn|18\n|\n|t:|1700598310\n|move|p1a: Dachsbun|Wish|p1a: Dachsbun\n|move|p2a: Cresselia|Stored Power|p1a: Dachsbun\n|-resisted|p1a: Dachsbun\n|-damage|p1a: Dachsbun|7\/100\n|\n|-heal|p1a: Dachsbun|13\/100|[from] item: Leftovers\n|upkeep\n|turn|19\n|\n|t:|1700598314\n|move|p1a: Dachsbun|Protect|p1a: Dachsbun\n|-singleturn|p1a: Dachsbun|Protect\n|move|p2a: Cresselia|Stored Power|p1a: Dachsbun\n|-activate|p1a: Dachsbun|move: Protect\n|\n|-heal|p1a: Dachsbun|63\/100|[from] move: Wish|[wisher] Dachsbun\n|-heal|p1a: Dachsbun|69\/100|[from] item: Leftovers\n|upkeep\n|turn|20\n|\n|t:|1700598316\n|move|p1a: Dachsbun|Wish|p1a: Dachsbun\n|move|p2a: Cresselia|Stored Power|p1a: Dachsbun\n|-resisted|p1a: Dachsbun\n|-damage|p1a: Dachsbun|34\/100\n|\n|-heal|p1a: Dachsbun|40\/100|[from] item: Leftovers\n|upkeep\n|turn|21\n|\n|t:|1700598320\n|move|p1a: Dachsbun|Protect|p1a: Dachsbun\n|-singleturn|p1a: Dachsbun|Protect\n|move|p2a: Cresselia|Moonblast|p1a: Dachsbun\n|-activate|p1a: Dachsbun|move: Protect\n|\n|-heal|p1a: Dachsbun|90\/100|[from] move: Wish|[wisher] Dachsbun\n|-heal|p1a: Dachsbun|96\/100|[from] item: Leftovers\n|upkeep\n|turn|22\n|\n|t:|1700598322\n|move|p1a: Dachsbun|Wish|p1a: Dachsbun\n|move|p2a: Cresselia|Stored Power|p1a: Dachsbun\n|-resisted|p1a: Dachsbun\n|-damage|p1a: Dachsbun|62\/100\n|\n|-heal|p1a: Dachsbun|68\/100|[from] item: Leftovers\n|upkeep\n|turn|23\n|\n|t:|1700598326\n|move|p1a: Dachsbun|Copycat|p1a: Dachsbun\n|move|p1a: Dachsbun|Stored Power|p2a: Cresselia|[from]move: Copycat\n|-resisted|p2a: Cresselia\n|-damage|p2a: Cresselia|65\/100\n|move|p2a: Cresselia|Stored Power|p1a: Dachsbun\n|-resisted|p1a: Dachsbun\n|-damage|p1a: Dachsbun|34\/100\n|\n|-heal|p1a: Dachsbun|84\/100|[from] move: Wish|[wisher] Dachsbun\n|-heal|p1a: Dachsbun|89\/100|[from] item: Leftovers\n|upkeep\n|turn|24\n|\n|t:|1700598330\n|move|p1a: Dachsbun|Protect|p1a: Dachsbun\n|-singleturn|p1a: Dachsbun|Protect\n|move|p2a: Cresselia|Stored Power|p1a: Dachsbun\n|-activate|p1a: Dachsbun|move: Protect\n|\n|-heal|p1a: Dachsbun|95\/100|[from] item: Leftovers\n|upkeep\n|turn|25\n|\n|t:|1700598344\n|move|p1a: Dachsbun|Copycat|p1a: Dachsbun\n|move|p1a: Dachsbun|Stored Power|p2a: Cresselia|[from]move: Copycat\n|-resisted|p2a: Cresselia\n|-crit|p2a: Cresselia\n|-damage|p2a: Cresselia|0 fnt\n|faint|p2a: Cresselia\n|\n|-heal|p1a: Dachsbun|100\/100|[from] item: Leftovers\n|upkeep\n|\n|t:|1700598357\n|switch|p2a: Garchomp|Garchomp, M, shiny|65\/100\n|turn|26\n|\n|t:|1700598366\n|move|p1a: Dachsbun|Copycat|p1a: Dachsbun\n|move|p1a: Dachsbun|Stored Power|p2a: Garchomp|[from]move: Copycat\n|-damage|p2a: Garchomp|0 fnt\n|faint|p2a: Garchomp\n|\n|upkeep\n|j| KeshBa45\n|l| KeshBa45\n|inactive|trepYT has 120 seconds left.\n|j| illes\n|inactive|trepYT has 90 seconds left.\n|l| illes\n|inactive|trepYT has 60 seconds left.\n|inactive|trepYT has 30 seconds left.\n|inactive|trepYT has 20 seconds left.\n|inactive|trepYT has 15 seconds left.\n|inactive|trepYT has 10 seconds left.\n|j| oijwef\n|inactive|trepYT has 5 seconds left.\n|-message|trepYT lost due to inactivity.\n|\n|win|Manjack\n|raw|Manjack's rating: 1584 &rarr; <strong>1608<\/strong><br \/>(+24 for winning)\n|raw|trepYT's rating: 1658 &rarr; <strong>1634<\/strong><br \/>(-24 for losing)\n","uploadtime":1700598558,"views":1,"p1id":"manjack","p2id":"trepyt","formatid":"gen9ou","rating":1608,"private":0,"password":""}