{"id":"gen9ou-1990894281","p1":"mathismathin","p2":"BouncyPudding","format":"[Gen 9] OU","log":"|j|\u2606mathismathin\n|j|\u2606BouncyPudding\n|t:|1700012318\n|gametype|singles\n|player|p1|mathismathin|nate|1716\n|player|p2|BouncyPudding|misty|1757\n|teamsize|p1|6\n|teamsize|p2|6\n|gen|9\n|tier|[Gen 9] OU\n|rated|\n|rule|Sleep Clause Mod: Limit one foe put to sleep\n|rule|Species Clause: Limit one of each Pok\u00e9mon\n|rule|OHKO Clause: OHKO moves are banned\n|rule|Evasion Items Clause: Evasion items are banned\n|rule|Evasion Moves Clause: Evasion moves are banned\n|rule|Endless Battle Clause: Forcing endless battles is banned\n|rule|HP Percentage Mod: HP is shown in percentages\n|clearpoke\n|poke|p1|Weavile, M|\n|poke|p1|Weezing-Galar, M|\n|poke|p1|Alomomola, M|\n|poke|p1|Ting-Lu|\n|poke|p1|Corviknight, M|\n|poke|p1|Dondozo, F|\n|poke|p2|Pelipper, F|\n|poke|p2|Basculegion, M|\n|poke|p2|Greninja-*, M|\n|poke|p2|Toxicroak, F|\n|poke|p2|Kingambit, F|\n|poke|p2|Iron Treads|\n|teampreview\n|\n|t:|1700012339\n|start\n|switch|p1a: Weezing|Weezing-Galar, M|100\/100\n|switch|p2a: Pelipper|Pelipper, F|100\/100\n|-ability|p1a: Weezing|Neutralizing Gas\n|turn|1\n|inactive|Battle timer is ON: inactive players will automatically lose when time's up. (requested by BouncyPudding)\n|\n|t:|1700012356\n|move|p2a: Pelipper|Hurricane|p1a: Weezing\n|-damage|p1a: Weezing|51\/100\n|move|p1a: Weezing|Sludge Bomb|p2a: Pelipper\n|-damage|p2a: Pelipper|72\/100\n|\n|upkeep\n|turn|2\n|\n|t:|1700012362\n|-end|p1a: Weezing|ability: Neutralizing Gas\n|-weather|RainDance|[from] ability: Drizzle|[of] p2a: Pelipper\n|switch|p1a: Alomomola|Alomomola, M|100\/100\n|move|p2a: Pelipper|Hurricane|p1a: Alomomola\n|-damage|p1a: Alomomola|69\/100\n|\n|-weather|RainDance|[upkeep]\n|-heal|p1a: Alomomola|76\/100|[from] item: Leftovers\n|upkeep\n|turn|3\n|\n|t:|1700012368\n|move|p2a: Pelipper|U-turn|p1a: Alomomola\n|-damage|p1a: Alomomola|70\/100\n|\n|t:|1700012370\n|switch|p2a: Toxicroak|Toxicroak, F|100\/100|[from] U-turn\n|move|p1a: Alomomola|Wish|p1a: Alomomola\n|\n|-weather|RainDance|[upkeep]\n|-heal|p1a: Alomomola|76\/100|[from] item: Leftovers\n|upkeep\n|turn|4\n|\n|t:|1700012375\n|switch|p1a: Weezing|Weezing-Galar, M|51\/100\n|-ability|p1a: Weezing|Neutralizing Gas\n|move|p2a: Toxicroak|Knock Off|p1a: Weezing\n|-resisted|p1a: Weezing\n|-crit|p1a: Weezing\n|-damage|p1a: Weezing|40\/100\n|-enditem|p1a: Weezing|Heavy-Duty Boots|[from] move: Knock Off|[of] p2a: Toxicroak\n|\n|-weather|RainDance|[upkeep]\n|-heal|p1a: Weezing|100\/100|[from] move: Wish|[wisher] Alomomola\n|upkeep\n|turn|5\n|\n|t:|1700012382\n|move|p2a: Toxicroak|Substitute|p2a: Toxicroak\n|-start|p2a: Toxicroak|Substitute\n|-damage|p2a: Toxicroak|76\/100\n|move|p1a: Weezing|Will-O-Wisp||[still]\n|-fail|p1a: Weezing\n|\n|-weather|RainDance|[upkeep]\n|-heal|p2a: Toxicroak|82\/100|[from] item: Leftovers\n|upkeep\n|turn|6\n|\n|t:|1700012391\n|-end|p1a: Weezing|ability: Neutralizing Gas\n|switch|p1a: Corviknight|Corviknight, M|100\/100\n|-ability|p1a: Corviknight|Pressure\n|move|p2a: Toxicroak|Knock Off|p1a: Corviknight\n|-damage|p1a: Corviknight|85\/100\n|-damage|p2a: Toxicroak|65\/100|[from] item: Rocky Helmet|[of] p1a: Corviknight\n|-enditem|p1a: Corviknight|Rocky Helmet|[from] move: Knock Off|[of] p2a: Toxicroak\n|\n|-weather|RainDance|[upkeep]\n|-heal|p2a: Toxicroak|78\/100|[from] ability: Dry Skin\n|-heal|p2a: Toxicroak|84\/100|[from] item: Leftovers\n|upkeep\n|turn|7\n|\n|t:|1700012402\n|switch|p2a: Pelipper|Pelipper, F|72\/100\n|move|p1a: Corviknight|Iron Defense|p1a: Corviknight\n|-boost|p1a: Corviknight|def|2\n|\n|-weather|RainDance|[upkeep]\n|upkeep\n|turn|8\n|\n|t:|1700012406\n|switch|p1a: Alomomola|Alomomola, M|100\/100\n|move|p2a: Pelipper|Weather Ball|p1a: Alomomola\n|-resisted|p1a: Alomomola\n|-damage|p1a: Alomomola|78\/100\n|\n|-weather|RainDance|[upkeep]\n|-heal|p1a: Alomomola|84\/100|[from] item: Leftovers\n|upkeep\n|turn|9\n|\n|t:|1700012412\n|move|p2a: Pelipper|Hurricane|p1a: Alomomola\n|-crit|p1a: Alomomola\n|-damage|p1a: Alomomola|33\/100\n|-start|p1a: Alomomola|confusion\n|-activate|p1a: Alomomola|confusion\n|move|p1a: Alomomola|Mirror Coat|p2a: Pelipper\n|-damage|p2a: Pelipper|0 fnt\n|faint|p2a: Pelipper\n|\n|-weather|none\n|-heal|p1a: Alomomola|39\/100|[from] item: Leftovers\n|upkeep\n|-message|BouncyPudding forfeited.\n|\n|win|mathismathin\n|raw|mathismathin's rating: 1716 &rarr; <strong>1738<\/strong><br \/>(+22 for winning)\n|raw|BouncyPudding's rating: 1757 &rarr; <strong>1735<\/strong><br \/>(-22 for losing)\n|l|\u2606BouncyPudding\n","uploadtime":1700012426,"views":17,"p1id":"mathismathin","p2id":"bouncypudding","formatid":"gen9ou","rating":1735,"private":0,"password":""}