{"id":"gen9ou-1988251917","p1":"princeboi12","p2":"js9401","format":"[Gen 9] OU","log":"|j|\u2606princeboi12\n|j|\u2606js9401\n|t:|1699694807\n|gametype|singles\n|player|p1|princeboi12|waitress-gen4|1237\n|player|p2|js9401|backers|1209\n|teamsize|p1|6\n|teamsize|p2|6\n|gen|9\n|tier|[Gen 9] OU\n|rated|\n|rule|Sleep Clause Mod: Limit one foe put to sleep\n|rule|Species Clause: Limit one of each Pok\u00e9mon\n|rule|OHKO Clause: OHKO moves are banned\n|rule|Evasion Items Clause: Evasion items are banned\n|rule|Evasion Moves Clause: Evasion moves are banned\n|rule|Endless Battle Clause: Forcing endless battles is banned\n|rule|HP Percentage Mod: HP is shown in percentages\n|clearpoke\n|poke|p1|Glastrier|\n|poke|p1|Rabsca, M|\n|poke|p1|Cinderace, M|\n|poke|p1|Ninetales-Alola, M|\n|poke|p1|Gliscor, M|\n|poke|p1|Kingambit, F|\n|poke|p2|Sneasler, M|\n|poke|p2|Iron Moth|\n|poke|p2|Kingambit, F|\n|poke|p2|Cinderace, F|\n|poke|p2|Zamazenta-*|\n|poke|p2|Enamorus, F|\n|teampreview\n|\n|t:|1699694823\n|start\n|switch|p1a: Gliscor|Gliscor, M|100\/100\n|switch|p2a: Iron Moth|Iron Moth|100\/100\n|turn|1\n|\n|t:|1699694829\n|move|p2a: Iron Moth|Overheat|p1a: Gliscor\n|-damage|p1a: Gliscor|12\/100\n|-unboost|p2a: Iron Moth|spa|2\n|-enditem|p2a: Iron Moth|Eject Pack\n|\n|t:|1699694834\n|-end|p2a: Iron Moth|Quark Drive|[silent]\n|switch|p2a: Enamorus|Enamorus, F|100\/100\n|move|p1a: Gliscor|Earthquake|p2a: Enamorus\n|-immune|p2a: Enamorus\n|\n|-status|p1a: Gliscor|tox|[from] item: Toxic Orb\n|upkeep\n|turn|2\n|\n|t:|1699694847\n|move|p1a: Gliscor|Protect|p1a: Gliscor\n|-singleturn|p1a: Gliscor|Protect\n|move|p2a: Enamorus|Superpower|p1a: Gliscor\n|-activate|p1a: Gliscor|move: Protect\n|\n|-heal|p1a: Gliscor|24\/100 tox|[from] ability: Poison Heal\n|upkeep\n|turn|3\n|\n|t:|1699694862\n|move|p2a: Enamorus|Moonblast|p1a: Gliscor\n|-damage|p1a: Gliscor|0 fnt\n|faint|p1a: Gliscor\n|\n|upkeep\n|\n|t:|1699694873\n|switch|p1a: Ninetales|Ninetales-Alola, M|100\/100\n|-weather|Snow|[from] ability: Snow Warning|[of] p1a: Ninetales\n|turn|4\n|\n|t:|1699694879\n|switch|p2a: Kingambit|Kingambit, F|100\/100\n|move|p1a: Ninetales|Aurora Veil|p1a: Ninetales\n|-sidestart|p1: princeboi12|move: Aurora Veil\n|\n|-weather|Snow|[upkeep]\n|upkeep\n|turn|5\n|\n|t:|1699694887\n|move|p1a: Ninetales|Moonblast|p2a: Kingambit\n|-damage|p2a: Kingambit|70\/100\n|move|p2a: Kingambit|Swords Dance|p2a: Kingambit\n|-boost|p2a: Kingambit|atk|2\n|\n|-weather|Snow|[upkeep]\n|-heal|p2a: Kingambit|76\/100|[from] item: Leftovers\n|upkeep\n|turn|6\n|\n|t:|1699694895\n|move|p1a: Ninetales|Moonblast|p2a: Kingambit\n|-damage|p2a: Kingambit|46\/100\n|-unboost|p2a: Kingambit|spa|1\n|move|p2a: Kingambit|Iron Head|p1a: Ninetales\n|-supereffective|p1a: Ninetales\n|-damage|p1a: Ninetales|0 fnt\n|faint|p1a: Ninetales\n|\n|-weather|Snow|[upkeep]\n|-heal|p2a: Kingambit|52\/100|[from] item: Leftovers\n|upkeep\n|\n|t:|1699694907\n|switch|p1a: Cinderace|Cinderace, M|100\/100\n|turn|7\n|\n|t:|1699694912\n|-terastallize|p2a: Kingambit|Fire\n|move|p1a: Cinderace|Will-O-Wisp|p2a: Kingambit\n|-immune|p2a: Kingambit\n|move|p2a: Kingambit|Kowtow Cleave|p1a: Cinderace\n|-damage|p1a: Cinderace|27\/100\n|\n|-weather|Snow|[upkeep]\n|-heal|p2a: Kingambit|58\/100|[from] item: Leftovers\n|upkeep\n|turn|8\n|\n|t:|1699694922\n|move|p1a: Cinderace|Pyro Ball|p2a: Kingambit\n|-resisted|p2a: Kingambit\n|-damage|p2a: Kingambit|37\/100\n|move|p2a: Kingambit|Low Kick|p1a: Cinderace\n|-damage|p1a: Cinderace|0 fnt\n|faint|p1a: Cinderace\n|\n|-weather|none\n|-heal|p2a: Kingambit|43\/100|[from] item: Leftovers\n|upkeep\n|\n|t:|1699694931\n|switch|p1a: Rabsca|Rabsca, M|100\/100\n|turn|9\n|\n|t:|1699694935\n|move|p2a: Kingambit|Kowtow Cleave|p1a: Rabsca\n|-supereffective|p1a: Rabsca\n|-damage|p1a: Rabsca|0 fnt\n|faint|p1a: Rabsca\n|\n|-heal|p2a: Kingambit|50\/100|[from] item: Leftovers\n|upkeep\n|\n|t:|1699694942\n|switch|p1a: Kingambit|Kingambit, F|100\/100\n|-activate|p1a: Kingambit|ability: Supreme Overlord\n|-start|p1a: Kingambit|fallen4|[silent]\n|turn|10\n|\n|t:|1699694950\n|move|p1a: Kingambit|Sucker Punch|p2a: Kingambit\n|-damage|p2a: Kingambit|10\/100\n|move|p2a: Kingambit|Low Kick|p1a: Kingambit\n|-supereffective|p1a: Kingambit\n|-damage|p1a: Kingambit|0 fnt\n|faint|p1a: Kingambit\n|-end|p1a: Kingambit|fallen4|[silent]\n|\n|-heal|p2a: Kingambit|16\/100|[from] item: Leftovers\n|upkeep\n|-message|princeboi12 forfeited.\n|\n|win|js9401\n|raw|princeboi12's rating: 1237 &rarr; <strong>1210<\/strong><br \/>(-27 for losing)\n|raw|js9401's rating: 1209 &rarr; <strong>1236<\/strong><br \/>(+27 for winning)\n|l|\u2606princeboi12\n","uploadtime":1699694970,"views":15,"p1id":"princeboi12","p2id":"js9401","formatid":"gen9ou","rating":1210,"private":0,"password":""}