{"id":"gen9ou-1992721623","p1":"Rails Stuff","p2":"zhurz","format":"[Gen 9] OU","log":"|j|\u2606Rails Stuff\n|j|\u2606zhurz\n|t:|1700229096\n|gametype|singles\n|player|p1|Rails Stuff|pokekid|1136\n|player|p2|zhurz|crasherwake|1032\n|teamsize|p1|6\n|teamsize|p2|6\n|gen|9\n|tier|[Gen 9] OU\n|rated|\n|rule|Sleep Clause Mod: Limit one foe put to sleep\n|rule|Species Clause: Limit one of each Pok\u00e9mon\n|rule|OHKO Clause: OHKO moves are banned\n|rule|Evasion Items Clause: Evasion items are banned\n|rule|Evasion Moves Clause: Evasion moves are banned\n|rule|Endless Battle Clause: Forcing endless battles is banned\n|rule|HP Percentage Mod: HP is shown in percentages\n|clearpoke\n|poke|p1|Ribombee, M|\n|poke|p1|Ogerpon-Cornerstone, F|\n|poke|p1|Cinderace, M|\n|poke|p1|Dragonite, M|\n|poke|p1|Samurott-Hisui, M|\n|poke|p1|Gholdengo|\n|poke|p2|Glimmora, F|\n|poke|p2|Gholdengo|\n|poke|p2|Heatran, M|\n|poke|p2|Rillaboom, M|\n|poke|p2|Sneasler, M|\n|poke|p2|Zapdos|\n|teampreview\n|inactive|Battle timer is ON: inactive players will automatically lose when time's up. (requested by Rails Stuff)\n|\n|t:|1700229108\n|start\n|switch|p1a: Dragonite|Dragonite, M|100\/100\n|switch|p2a: Glimmora|Glimmora, F|100\/100\n|turn|1\n|\n|t:|1700229117\n|move|p2a: Glimmora|Stealth Rock|p1a: Dragonite\n|-sidestart|p1: Rails Stuff|move: Stealth Rock\n|move|p1a: Dragonite|Encore|p2a: Glimmora\n|-start|p2a: Glimmora|Encore\n|\n|upkeep\n|turn|2\n|\n|t:|1700229129\n|switch|p2a: Gholdengo|Gholdengo|100\/100\n|move|p1a: Dragonite|Dragon Dance|p1a: Dragonite\n|-boost|p1a: Dragonite|atk|1\n|-boost|p1a: Dragonite|spe|1\n|\n|upkeep\n|turn|3\n|\n|t:|1700229140\n|move|p1a: Dragonite|Earthquake|p2a: Gholdengo\n|-supereffective|p2a: Gholdengo\n|-damage|p2a: Gholdengo|0 fnt\n|faint|p2a: Gholdengo\n|\n|upkeep\n|\n|t:|1700229146\n|switch|p2a: Rillaboom|Rillaboom, M|100\/100\n|-fieldstart|move: Grassy Terrain|[from] ability: Grassy Surge|[of] p2a: Rillaboom\n|turn|4\n|\n|t:|1700229153\n|move|p1a: Dragonite|Dragon Dance|p1a: Dragonite\n|-boost|p1a: Dragonite|atk|1\n|-boost|p1a: Dragonite|spe|1\n|move|p2a: Rillaboom|Knock Off|p1a: Dragonite\n|-damage|p1a: Dragonite|72\/100\n|-enditem|p1a: Dragonite|Heavy-Duty Boots|[from] move: Knock Off|[of] p2a: Rillaboom\n|\n|upkeep\n|turn|5\n|\n|t:|1700229165\n|switch|p2a: Heatran|Heatran, M|100\/100\n|-terastallize|p1a: Dragonite|Normal\n|move|p1a: Dragonite|Extreme Speed|p2a: Heatran\n|-resisted|p2a: Heatran\n|-damage|p2a: Heatran|62\/100\n|\n|-heal|p1a: Dragonite|79\/100|[from] Grassy Terrain\n|-heal|p2a: Heatran|68\/100|[from] Grassy Terrain\n|upkeep\n|turn|6\n|\n|t:|1700229179\n|switch|p2a: Zapdos|Zapdos|100\/100\n|move|p1a: Dragonite|Extreme Speed|p2a: Zapdos\n|-damage|p2a: Zapdos|30\/100\n|-damage|p1a: Dragonite|62\/100|[from] item: Rocky Helmet|[of] p2a: Zapdos\n|\n|-heal|p1a: Dragonite|68\/100|[from] Grassy Terrain\n|upkeep\n|turn|7\n|\n|t:|1700229193\n|move|p1a: Dragonite|Extreme Speed|p2a: Zapdos\n|-damage|p2a: Zapdos|0 fnt\n|-damage|p1a: Dragonite|52\/100|[from] item: Rocky Helmet|[of] p2a: Zapdos\n|-status|p1a: Dragonite|par|[from] ability: Static|[of] p2a: Zapdos\n|faint|p2a: Zapdos\n|\n|-heal|p1a: Dragonite|58\/100 par|[from] Grassy Terrain\n|upkeep\n|\n|t:|1700229204\n|switch|p2a: Sneasler|Sneasler, M|100\/100\n|-enditem|p2a: Sneasler|Grassy Seed\n|-boost|p2a: Sneasler|def|1|[from] item: Grassy Seed\n|turn|8\n|\n|t:|1700229210\n|move|p2a: Sneasler|Close Combat|p1a: Dragonite\n|-supereffective|p1a: Dragonite\n|-damage|p1a: Dragonite|0 fnt\n|-unboost|p2a: Sneasler|def|1\n|-unboost|p2a: Sneasler|spd|1\n|faint|p1a: Dragonite\n|\n|-fieldend|move: Grassy Terrain\n|upkeep\n|\n|t:|1700229218\n|switch|p1a: Cinderace|Cinderace, M|100\/100\n|turn|9\n|\n|t:|1700229229\n|move|p2a: Sneasler|Swords Dance|p2a: Sneasler\n|-boost|p2a: Sneasler|atk|2\n|move|p1a: Cinderace|Court Change|p1a: Cinderace\n|-start|p1a: Cinderace|typechange|Normal|[from] ability: Libero\n|-swapsideconditions\n|-activate|p1a: Cinderace|move: Court Change\n|\n|upkeep\n|turn|10\n|\n|t:|1700229238\n|switch|p1a: Gholdengo|Gholdengo|100\/100\n|move|p2a: Sneasler|Close Combat|p1a: Gholdengo\n|-immune|p1a: Gholdengo\n|\n|upkeep\n|turn|11\n|\n|t:|1700229246\n|move|p2a: Sneasler|Acrobatics|p1a: Gholdengo\n|-resisted|p1a: Gholdengo\n|-damage|p1a: Gholdengo|49\/100\n|move|p1a: Gholdengo|Trick|p2a: Sneasler\n|-activate|p1a: Gholdengo|move: Trick|[of] p2a: Sneasler\n|-item|p2a: Sneasler|Choice Scarf|[from] move: Trick\n|-enditem|p1a: Gholdengo|Choice Scarf|[silent]|[from] move: Trick\n|\n|upkeep\n|turn|12\n|\n|t:|1700229263\n|move|p2a: Sneasler|Acrobatics|p1a: Gholdengo\n|-resisted|p1a: Gholdengo\n|-damage|p1a: Gholdengo|23\/100\n|move|p1a: Gholdengo|Shadow Ball|p2a: Sneasler\n|-damage|p2a: Sneasler|8\/100\n|-unboost|p2a: Sneasler|spd|1\n|\n|upkeep\n|turn|13\n|\n|t:|1700229273\n|switch|p1a: Ogerpon|Ogerpon-Cornerstone, F|100\/100\n|move|p2a: Sneasler|Acrobatics|p1a: Ogerpon\n|-damage|p1a: Ogerpon|44\/100\n|\n|upkeep\n|turn|14\n|\n|t:|1700229293\n|switch|p1a: Ribombee|Ribombee, M|100\/100\n|move|p2a: Sneasler|Acrobatics|p1a: Ribombee\n|-supereffective|p1a: Ribombee\n|-enditem|p1a: Ribombee|Focus Sash\n|-damage|p1a: Ribombee|1\/100\n|\n|upkeep\n|turn|15\n|\n|t:|1700229302\n|move|p2a: Sneasler|Acrobatics|p1a: Ribombee\n|-supereffective|p1a: Ribombee\n|-damage|p1a: Ribombee|0 fnt\n|faint|p1a: Ribombee\n|\n|upkeep\n|\n|t:|1700229310\n|switch|p1a: Cinderace|Cinderace, M|100\/100\n|turn|16\n|\n|t:|1700229314\n|move|p1a: Cinderace|Sucker Punch|p2a: Sneasler\n|-start|p1a: Cinderace|typechange|Dark|[from] ability: Libero\n|-resisted|p2a: Sneasler\n|-damage|p2a: Sneasler|0 fnt\n|faint|p2a: Sneasler\n|\n|upkeep\n|\n|t:|1700229327\n|switch|p2a: Heatran|Heatran, M|68\/100\n|-damage|p2a: Heatran|56\/100|[from] Stealth Rock\n|turn|17\n|\n|t:|1700229337\n|-terastallize|p2a: Heatran|Grass\n|move|p1a: Cinderace|U-turn|p2a: Heatran\n|-supereffective|p2a: Heatran\n|-damage|p2a: Heatran|21\/100\n|\n|t:|1700229348\n|switch|p1a: Samurott|Samurott-Hisui, M|100\/100|[from] U-turn\n|move|p2a: Heatran|Earth Power|p1a: Samurott\n|-damage|p1a: Samurott|49\/100\n|\n|upkeep\n|turn|18\n|\n|t:|1700229359\n|switch|p2a: Rillaboom|Rillaboom, M|100\/100\n|-damage|p2a: Rillaboom|88\/100|[from] Stealth Rock\n|-fieldstart|move: Grassy Terrain|[from] ability: Grassy Surge|[of] p2a: Rillaboom\n|move|p1a: Samurott|Ceaseless Edge|p2a: Rillaboom|[miss]\n|-miss|p1a: Samurott|p2a: Rillaboom\n|\n|-heal|p1a: Samurott|56\/100|[from] Grassy Terrain\n|-heal|p2a: Rillaboom|94\/100|[from] Grassy Terrain\n|upkeep\n|turn|19\n|\n|t:|1700229371\n|move|p2a: Rillaboom|Grassy Glide|p1a: Samurott\n|-supereffective|p1a: Samurott\n|-damage|p1a: Samurott|0 fnt\n|faint|p1a: Samurott\n|\n|-heal|p2a: Rillaboom|100\/100|[from] Grassy Terrain\n|upkeep\n|\n|t:|1700229380\n|switch|p1a: Cinderace|Cinderace, M|100\/100\n|turn|20\n|\n|t:|1700229386\n|move|p2a: Rillaboom|Grassy Glide|p1a: Cinderace\n|-resisted|p1a: Cinderace\n|-damage|p1a: Cinderace|64\/100\n|move|p1a: Cinderace|U-turn|p2a: Rillaboom\n|-start|p1a: Cinderace|typechange|Bug|[from] ability: Libero\n|-supereffective|p2a: Rillaboom\n|-damage|p2a: Rillaboom|21\/100\n|\n|t:|1700229396\n|switch|p1a: Gholdengo|Gholdengo|23\/100|[from] U-turn\n|\n|-heal|p2a: Rillaboom|27\/100|[from] Grassy Terrain\n|-heal|p1a: Gholdengo|29\/100|[from] Grassy Terrain\n|upkeep\n|turn|21\n|c|\u2606Rails Stuff|Justn my luck that ceaseless edge missed\n|\n|t:|1700229419\n|move|p2a: Rillaboom|Grassy Glide|p1a: Gholdengo\n|-resisted|p1a: Gholdengo\n|-damage|p1a: Gholdengo|0 fnt\n|faint|p1a: Gholdengo\n|\n|-heal|p2a: Rillaboom|34\/100|[from] Grassy Terrain\n|upkeep\n|\n|t:|1700229427\n|switch|p1a: Cinderace|Cinderace, M|64\/100\n|turn|22\n|\n|t:|1700229448\n|move|p2a: Rillaboom|Grassy Glide|p1a: Cinderace\n|-resisted|p1a: Cinderace\n|-damage|p1a: Cinderace|24\/100\n|move|p1a: Cinderace|Pyro Ball|p2a: Rillaboom\n|-supereffective|p2a: Rillaboom\n|-damage|p2a: Rillaboom|0 fnt\n|faint|p2a: Rillaboom\n|\n|-heal|p1a: Cinderace|30\/100|[from] Grassy Terrain\n|-fieldend|move: Grassy Terrain\n|upkeep\n|\n|t:|1700229461\n|switch|p2a: Glimmora|Glimmora, F|100\/100\n|-damage|p2a: Glimmora|88\/100|[from] Stealth Rock\n|turn|23\n|\n|t:|1700229469\n|switch|p1a: Ogerpon|Ogerpon-Cornerstone, F|44\/100\n|move|p2a: Glimmora|Earth Power|p1a: Ogerpon\n|-damage|p1a: Ogerpon|9\/100\n|\n|upkeep\n|turn|24\n|\n|t:|1700229480\n|move|p1a: Ogerpon|Horn Leech|p2a: Glimmora\n|-damage|p2a: Glimmora|35\/100\n|-heal|p1a: Ogerpon|36\/100|[from] drain|[of] p2a: Glimmora\n|-activate|p2a: Glimmora|ability: Toxic Debris\n|-sidestart|p1: Rails Stuff|move: Toxic Spikes\n|move|p2a: Glimmora|Mortal Spin|p1a: Ogerpon\n|-crit|p1a: Ogerpon\n|-damage|p1a: Ogerpon|23\/100\n|-status|p1a: Ogerpon|psn\n|-sideend|p2: zhurz|Stealth Rock|[from] move: Mortal Spin|[of] p2a: Glimmora\n|\n|-damage|p1a: Ogerpon|10\/100 psn|[from] psn\n|upkeep\n|turn|25\n|\n|t:|1700229496\n|switch|p2a: Heatran|Heatran, M, tera:Grass|21\/100\n|move|p1a: Ogerpon|Horn Leech|p2a: Heatran\n|-resisted|p2a: Heatran\n|-damage|p2a: Heatran|1\/100\n|-heal|p1a: Ogerpon|23\/100 psn|[from] drain|[of] p2a: Heatran\n|\n|-damage|p1a: Ogerpon|11\/100 psn|[from] psn\n|upkeep\n|turn|26\n|\n|t:|1700229511\n|move|p1a: Ogerpon|Horn Leech|p2a: Heatran\n|-resisted|p2a: Heatran\n|-damage|p2a: Heatran|0 fnt\n|-heal|p1a: Ogerpon|11\/100 psn|[from] drain|[of] p2a: Heatran\n|faint|p2a: Heatran\n|\n|-damage|p1a: Ogerpon|0 fnt|[from] psn\n|faint|p1a: Ogerpon\n|upkeep\n|\n|t:|1700229521\n|switch|p1a: Cinderace|Cinderace, M|30\/100\n|switch|p2a: Glimmora|Glimmora, F|35\/100\n|turn|27\n|\n|t:|1700229527\n|move|p1a: Cinderace|Sucker Punch|p2a: Glimmora\n|-start|p1a: Cinderace|typechange|Dark|[from] ability: Libero\n|-damage|p2a: Glimmora|0 fnt\n|-activate|p2a: Glimmora|ability: Toxic Debris\n|-sidestart|p1: Rails Stuff|move: Toxic Spikes\n|faint|p2a: Glimmora\n|\n|win|Rails Stuff\n|raw|Rails Stuff's rating: 1136 &rarr; <strong>1154<\/strong><br \/>(+18 for winning)\n|raw|zhurz's rating: 1032 &rarr; <strong>1022<\/strong><br \/>(-10 for losing)\n","uploadtime":1700229538,"views":16,"p1id":"railsstuff","p2id":"zhurz","formatid":"gen9ou","rating":1022,"private":0,"password":""}