{"id":"gen9ou-1998034382","p1":"TheLittleHobo1","p2":"weedysaur","format":"[Gen 9] OU","log":"|j|\u2606TheLittleHobo1\n|j|\u2606weedysaur\n|t:|1700881676\n|gametype|singles\n|player|p1|TheLittleHobo1|102|\n|player|p2|weedysaur|worker|\n|teamsize|p1|6\n|teamsize|p2|6\n|gen|9\n|tier|[Gen 9] OU\n|rule|Sleep Clause Mod: Limit one foe put to sleep\n|rule|Species Clause: Limit one of each Pok\u00e9mon\n|rule|OHKO Clause: OHKO moves are banned\n|rule|Evasion Items Clause: Evasion items are banned\n|rule|Evasion Moves Clause: Evasion moves are banned\n|rule|Endless Battle Clause: Forcing endless battles is banned\n|rule|HP Percentage Mod: HP is shown in percentages\n|clearpoke\n|poke|p1|Samurott-Hisui, M|\n|poke|p1|Fezandipiti, M|\n|poke|p1|Iron Moth|\n|poke|p1|Gligar, M|\n|poke|p1|Ogerpon, F|\n|poke|p1|Clodsire, F|\n|poke|p2|Tinkaton, F|\n|poke|p2|Kingambit, M|\n|poke|p2|Heatran, F|\n|poke|p2|Corviknight, M|\n|poke|p2|Iron Valiant|\n|poke|p2|Greninja-*, M|\n|teampreview\n|\n|t:|1700881684\n|start\n|switch|p1a: Gligar|Gligar, M|100\/100\n|switch|p2a: Corviknight|Corviknight, M|100\/100\n|turn|1\n|\n|t:|1700881694\n|move|p1a: Gligar|Stealth Rock|p2a: Corviknight\n|-sidestart|p2: weedysaur|move: Stealth Rock\n|move|p2a: Corviknight|Tailwind|p2a: Corviknight\n|-sidestart|p2: weedysaur|move: Tailwind\n|\n|upkeep\n|turn|2\n|\n|t:|1700881700\n|move|p2a: Corviknight|Defog|p1a: Gligar\n|-unboost|p1a: Gligar|evasion|1\n|-sideend|p2: weedysaur|Stealth Rock|[from] move: Defog|[of] p2a: Corviknight\n|move|p1a: Gligar|Taunt|p2a: Corviknight\n|-start|p2a: Corviknight|move: Taunt\n|\n|upkeep\n|turn|3\n|\n|t:|1700881711\n|switch|p2a: Tinkaton|Tinkaton, F|100\/100\n|move|p1a: Gligar|Toxic Spikes|p2a: Tinkaton\n|-sidestart|p2: weedysaur|move: Toxic Spikes\n|\n|upkeep\n|turn|4\n|\n|t:|1700881725\n|move|p2a: Tinkaton|Fake Out|p1a: Gligar\n|-damage|p1a: Gligar|94\/100\n|-damage|p2a: Tinkaton|91\/100|[from] item: Life Orb\n|cant|p1a: Gligar|flinch\n|\n|-sideend|p2: weedysaur|move: Tailwind\n|upkeep\n|turn|5\n|\n|t:|1700881731\n|move|p2a: Tinkaton|Swords Dance|p2a: Tinkaton\n|-boost|p2a: Tinkaton|atk|2\n|move|p1a: Gligar|Taunt|p2a: Tinkaton\n|-start|p2a: Tinkaton|move: Taunt\n|\n|upkeep\n|turn|6\n|\n|t:|1700881739\n|move|p2a: Tinkaton|Gigaton Hammer|p1a: Gligar\n|-damage|p1a: Gligar|23\/100\n|-damage|p2a: Tinkaton|81\/100|[from] item: Life Orb\n|move|p1a: Gligar|Stealth Rock|p2a: Tinkaton\n|-sidestart|p2: weedysaur|move: Stealth Rock\n|\n|upkeep\n|turn|7\n|\n|t:|1700881756\n|switch|p2a: Corviknight|Corviknight, M|100\/100\n|-damage|p2a: Corviknight|88\/100|[from] Stealth Rock\n|move|p1a: Gligar|U-turn|p2a: Corviknight\n|-resisted|p2a: Corviknight\n|-damage|p2a: Corviknight|85\/100\n|\n|t:|1700881764\n|switch|p1a: Iron Moth|Iron Moth|100\/100|[from] U-turn\n|-enditem|p1a: Iron Moth|Booster Energy\n|-activate|p1a: Iron Moth|ability: Quark Drive|[fromitem]\n|-start|p1a: Iron Moth|quarkdrivespe\n|\n|-heal|p2a: Corviknight|92\/100|[from] item: Leftovers\n|upkeep\n|turn|8\n|\n|t:|1700881774\n|move|p1a: Iron Moth|Substitute|p1a: Iron Moth\n|-start|p1a: Iron Moth|Substitute\n|-damage|p1a: Iron Moth|76\/100\n|move|p2a: Corviknight|Defog|p1a: Iron Moth\n|-sideend|p2: weedysaur|Toxic Spikes|[from] move: Defog|[of] p2a: Corviknight\n|-sideend|p2: weedysaur|Stealth Rock|[from] move: Defog|[of] p2a: Corviknight\n|\n|-heal|p2a: Corviknight|98\/100|[from] item: Leftovers\n|upkeep\n|turn|9\n|\n|t:|1700881782\n|move|p1a: Iron Moth|Fiery Dance|p2a: Corviknight\n|-supereffective|p2a: Corviknight\n|-damage|p2a: Corviknight|19\/100\n|-boost|p1a: Iron Moth|spa|1\n|move|p2a: Corviknight|Tailwind|p2a: Corviknight\n|-sidestart|p2: weedysaur|move: Tailwind\n|\n|-heal|p2a: Corviknight|26\/100|[from] item: Leftovers\n|upkeep\n|turn|10\n|\n|t:|1700881792\n|move|p1a: Iron Moth|Fiery Dance|p2a: Corviknight\n|-supereffective|p2a: Corviknight\n|-damage|p2a: Corviknight|0 fnt\n|faint|p2a: Corviknight\n|\n|upkeep\n|\n|t:|1700881802\n|switch|p2a: Tinkaton|Tinkaton, F|81\/100\n|turn|11\n|\n|t:|1700881808\n|switch|p2a: Heatran|Heatran, F|100\/100\n|move|p1a: Iron Moth|Fiery Dance|p2a: Heatran\n|-start|p2a: Heatran|ability: Flash Fire\n|\n|upkeep\n|turn|12\n|\n|t:|1700881823\n|-end|p1a: Iron Moth|Quark Drive|[silent]\n|switch|p1a: Samurott|Samurott-Hisui, M|100\/100\n|move|p2a: Heatran|Earth Power|p1a: Samurott\n|-damage|p1a: Samurott|75\/100\n|\n|-sideend|p2: weedysaur|move: Tailwind\n|upkeep\n|turn|13\n|\n|t:|1700881839\n|-terastallize|p2a: Heatran|Grass\n|move|p1a: Samurott|Aqua Cutter|p2a: Heatran\n|-resisted|p2a: Heatran\n|-damage|p2a: Heatran|85\/100\n|move|p2a: Heatran|Magma Storm|p1a: Samurott\n|-resisted|p1a: Samurott\n|-damage|p1a: Samurott|44\/100\n|-activate|p1a: Samurott|move: Magma Storm|[of] p2a: Heatran\n|\n|-damage|p1a: Samurott|32\/100|[from] move: Magma Storm|[partiallytrapped]\n|upkeep\n|turn|14\n|\n|t:|1700881869\n|move|p1a: Samurott|Ceaseless Edge|p2a: Heatran|[miss]\n|-miss|p1a: Samurott|p2a: Heatran\n|move|p2a: Heatran|Flash Cannon|p1a: Samurott\n|-resisted|p1a: Samurott\n|-damage|p1a: Samurott|16\/100\n|\n|-damage|p1a: Samurott|4\/100|[from] move: Magma Storm|[partiallytrapped]\n|upkeep\n|turn|15\n|\n|t:|1700881881\n|-end|p2a: Heatran|ability: Flash Fire|[silent]\n|switch|p2a: Iron Valiant|Iron Valiant|100\/100\n|move|p1a: Samurott|Ceaseless Edge|p2a: Iron Valiant\n|-resisted|p2a: Iron Valiant\n|-damage|p2a: Iron Valiant|90\/100\n|-sidestart|p2: weedysaur|Spikes\n|\n|-end|p1a: Samurott|Magma Storm|[partiallytrapped]|[silent]\n|upkeep\n|turn|16\n|\n|t:|1700881892\n|move|p2a: Iron Valiant|Drain Punch|p1a: Samurott\n|-supereffective|p1a: Samurott\n|-damage|p1a: Samurott|0 fnt\n|-heal|p2a: Iron Valiant|92\/100|[from] drain|[of] p1a: Samurott\n|faint|p1a: Samurott\n|\n|upkeep\n|\n|t:|1700881901\n|switch|p1a: earthquakee??|Clodsire, F|100\/100\n|turn|17\n|\n|t:|1700881911\n|move|p2a: Iron Valiant|Drain Punch|p1a: earthquakee??\n|-resisted|p1a: earthquakee??\n|-damage|p1a: earthquakee??|63\/100\n|-heal|p2a: Iron Valiant|100\/100|[from] drain|[of] p1a: earthquakee??\n|move|p1a: earthquakee??|Earthquake|p2a: Iron Valiant\n|-damage|p2a: Iron Valiant|21\/100\n|\n|upkeep\n|turn|18\n|\n|t:|1700881919\n|move|p2a: Iron Valiant|Drain Punch|p1a: earthquakee??\n|-resisted|p1a: earthquakee??\n|-damage|p1a: earthquakee??|27\/100\n|-heal|p2a: Iron Valiant|45\/100|[from] drain|[of] p1a: earthquakee??\n|move|p1a: earthquakee??|Earthquake|p2a: Iron Valiant\n|-damage|p2a: Iron Valiant|0 fnt\n|faint|p2a: Iron Valiant\n|-end|p2a: Iron Valiant|Quark Drive|[silent]\n|\n|upkeep\n|\n|t:|1700881931\n|switch|p2a: Tinkaton|Tinkaton, F|81\/100\n|-damage|p2a: Tinkaton|68\/100|[from] Spikes\n|turn|19\n|\n|t:|1700881938\n|-terastallize|p1a: earthquakee??|Poison\n|move|p2a: Tinkaton|Fake Out|p1a: earthquakee??\n|-damage|p1a: earthquakee??|10\/100\n|-damage|p2a: Tinkaton|58\/100|[from] item: Life Orb\n|cant|p1a: earthquakee??|flinch\n|\n|upkeep\n|turn|20\n|\n|t:|1700881956\n|switch|p1a: Iron Moth|Iron Moth|76\/100\n|move|p2a: Tinkaton|Gigaton Hammer|p1a: Iron Moth\n|-resisted|p1a: Iron Moth\n|-damage|p1a: Iron Moth|23\/100\n|-damage|p2a: Tinkaton|48\/100|[from] item: Life Orb\n|\n|upkeep\n|turn|21\n|\n|t:|1700881968\n|move|p2a: Tinkaton|Protect|p2a: Tinkaton\n|-singleturn|p2a: Tinkaton|Protect\n|move|p1a: Iron Moth|Fiery Dance|p2a: Tinkaton\n|-activate|p2a: Tinkaton|move: Protect\n|\n|upkeep\n|turn|22\n|\n|t:|1700881983\n|move|p1a: Iron Moth|Fiery Dance|p2a: Tinkaton\n|-supereffective|p2a: Tinkaton\n|-damage|p2a: Tinkaton|0 fnt\n|faint|p2a: Tinkaton\n|\n|upkeep\n|\n|t:|1700881987\n|switch|p2a: Greninja|Greninja, M|100\/100\n|-damage|p2a: Greninja|88\/100|[from] Spikes\n|turn|23\n|\n|t:|1700881993\n|move|p2a: Greninja|Water Shuriken|p1a: Iron Moth\n|-supereffective|p1a: Iron Moth\n|-damage|p1a: Iron Moth|8\/100\n|-supereffective|p1a: Iron Moth\n|-damage|p1a: Iron Moth|0 fnt\n|faint|p1a: Iron Moth\n|-end|p1a: Iron Moth|Quark Drive|[silent]\n|-ability|p2a: Greninja|Battle Bond|boost\n|-boost|p2a: Greninja|atk|1\n|-boost|p2a: Greninja|spa|1\n|-boost|p2a: Greninja|spe|1\n|-activate|p2a: Greninja|ability: Battle Bond\n|-hitcount|p1: Iron Moth|2\n|\n|upkeep\n|\n|t:|1700882004\n|switch|p1a: Ogerpon|Ogerpon, F|100\/100\n|turn|24\n|\n|t:|1700882009\n|move|p2a: Greninja|Dark Pulse|p1a: Ogerpon\n|-damage|p1a: Ogerpon|40\/100\n|move|p1a: Ogerpon|Ivy Cudgel|p2a: Greninja\n|-supereffective|p2a: Greninja\n|-crit|p2a: Greninja\n|-damage|p2a: Greninja|0 fnt\n|faint|p2a: Greninja\n|\n|upkeep\n|\n|t:|1700882018\n|switch|p2a: Heatran|Heatran, F, tera:Grass|85\/100\n|-damage|p2a: Heatran|72\/100|[from] Spikes\n|turn|25\n|\n|t:|1700882024\n|move|p1a: Ogerpon|Spiky Shield|p1a: Ogerpon\n|-singleturn|p1a: Ogerpon|move: Protect\n|move|p2a: Heatran|Heat Wave|p1a: Ogerpon\n|-activate|p1a: Ogerpon|move: Protect\n|\n|upkeep\n|turn|26\n|\n|t:|1700882037\n|switch|p1a: earthquakee??|Clodsire, F, tera:Poison|10\/100\n|move|p2a: Heatran|Heat Wave|p1a: earthquakee??\n|-damage|p1a: earthquakee??|0 fnt\n|faint|p1a: earthquakee??\n|\n|upkeep\n|\n|t:|1700882048\n|switch|p1a: Fezandipiti|Fezandipiti, M|100\/100\n|turn|27\n|\n|t:|1700882059\n|move|p1a: Fezandipiti|Nasty Plot|p1a: Fezandipiti\n|-boost|p1a: Fezandipiti|spa|2\n|move|p2a: Heatran|Flash Cannon|p1a: Fezandipiti\n|-supereffective|p1a: Fezandipiti\n|-damage|p1a: Fezandipiti|17\/100\n|\n|upkeep\n|turn|28\n|\n|t:|1700882064\n|move|p1a: Fezandipiti|Hex|p2a: Heatran\n|-damage|p2a: Heatran|47\/100\n|-damage|p1a: Fezandipiti|7\/100|[from] item: Life Orb\n|move|p2a: Heatran|Flash Cannon|p1a: Fezandipiti\n|-supereffective|p1a: Fezandipiti\n|-damage|p1a: Fezandipiti|0 fnt\n|faint|p1a: Fezandipiti\n|\n|upkeep\n|\n|t:|1700882078\n|switch|p1a: Gligar|Gligar, M|23\/100\n|turn|29\n|\n|t:|1700882083\n|move|p1a: Gligar|Taunt|p2a: Heatran\n|-start|p2a: Heatran|move: Taunt\n|move|p2a: Heatran|Flash Cannon|p1a: Gligar\n|-damage|p1a: Gligar|0 fnt\n|faint|p1a: Gligar\n|\n|upkeep\n|\n|t:|1700882089\n|switch|p1a: Ogerpon|Ogerpon, F|40\/100\n|turn|30\n|\n|t:|1700882093\n|move|p1a: Ogerpon|Focus Energy|p1a: Ogerpon\n|-start|p1a: Ogerpon|move: Focus Energy\n|move|p2a: Heatran|Magma Storm|p1a: Ogerpon|[miss]\n|-miss|p2a: Heatran|p1a: Ogerpon\n|\n|upkeep\n|turn|31\n|\n|t:|1700882103\n|move|p1a: Ogerpon|Knock Off|p2a: Heatran\n|-crit|p2a: Heatran\n|-damage|p2a: Heatran|9\/100\n|-enditem|p2a: Heatran|Assault Vest|[from] move: Knock Off|[of] p1a: Ogerpon\n|move|p2a: Heatran|Magma Storm|p1a: Ogerpon\n|-supereffective|p1a: Ogerpon\n|-damage|p1a: Ogerpon|0 fnt\n|faint|p1a: Ogerpon\n|\n|win|weedysaur\n","uploadtime":1700882113,"views":10,"p1id":"thelittlehobo1","p2id":"weedysaur","formatid":"gen9ou","rating":0,"private":0,"password":""}