{"id":"gen9ou-1995492560","p1":"pokeblock_chiwda","p2":"Tiger373slow","format":"[Gen 9] OU","log":"|j|\u2606pokeblock_chiwda\n|j|\u2606Tiger373slow\n|t:|1700576716\n|gametype|singles\n|player|p1|pokeblock_chiwda|red|1006\n|player|p2|Tiger373slow|volkner|1062\n|teamsize|p1|6\n|teamsize|p2|6\n|gen|9\n|tier|[Gen 9] OU\n|rated|\n|rule|Sleep Clause Mod: Limit one foe put to sleep\n|rule|Species Clause: Limit one of each Pok\u00e9mon\n|rule|OHKO Clause: OHKO moves are banned\n|rule|Evasion Items Clause: Evasion items are banned\n|rule|Evasion Moves Clause: Evasion moves are banned\n|rule|Endless Battle Clause: Forcing endless battles is banned\n|rule|HP Percentage Mod: HP is shown in percentages\n|clearpoke\n|poke|p1|Dragonite, F|\n|poke|p1|Samurott-Hisui, M|\n|poke|p1|Torterra, F|\n|poke|p1|Braviary-Hisui, M|\n|poke|p1|Iron Moth|\n|poke|p1|Eelektross, M|\n|poke|p2|Scizor, M|\n|poke|p2|Dudunsparce-*, M|\n|poke|p2|Glimmora, M|\n|poke|p2|Iron Valiant|\n|poke|p2|Skeledirge, F|\n|poke|p2|Dipplin, M|\n|teampreview\n|\n|t:|1700576720\n|start\n|switch|p1a: Eelektross|Eelektross, M|100\/100\n|switch|p2a: Glimmer like rocks|Glimmora, M, shiny|100\/100\n|turn|1\n|\n|t:|1700576727\n|move|p2a: Glimmer like rocks|Mortal Spin|p1a: Eelektross\n|-damage|p1a: Eelektross|93\/100\n|-status|p1a: Eelektross|psn\n|move|p1a: Eelektross|Coil|p1a: Eelektross\n|-boost|p1a: Eelektross|atk|1\n|-boost|p1a: Eelektross|def|1\n|-boost|p1a: Eelektross|accuracy|1\n|\n|-damage|p1a: Eelektross|81\/100 psn|[from] psn\n|upkeep\n|turn|2\n|\n|t:|1700576737\n|move|p2a: Glimmer like rocks|Stealth Rock|p1a: Eelektross\n|-sidestart|p1: pokeblock_chiwda|move: Stealth Rock\n|move|p1a: Eelektross|Zap Cannon|p2a: Glimmer like rocks\n|-damage|p2a: Glimmer like rocks|43\/100\n|-status|p2a: Glimmer like rocks|par\n|\n|-damage|p1a: Eelektross|68\/100 psn|[from] psn\n|upkeep\n|turn|3\n|\n|t:|1700576746\n|move|p1a: Eelektross|Zap Cannon|p2a: Glimmer like rocks|[miss]\n|-miss|p1a: Eelektross|p2a: Glimmer like rocks\n|-enditem|p1a: Eelektross|Blunder Policy\n|-boost|p1a: Eelektross|spe|2\n|move|p2a: Glimmer like rocks|Spikes|p1a: Eelektross\n|-sidestart|p1: pokeblock_chiwda|Spikes\n|\n|-damage|p1a: Eelektross|56\/100 psn|[from] psn\n|upkeep\n|turn|4\n|\n|t:|1700576757\n|move|p2a: Glimmer like rocks|Spiky Shield|p2a: Glimmer like rocks\n|-singleturn|p2a: Glimmer like rocks|move: Protect\n|move|p1a: Eelektross|Coil|p1a: Eelektross\n|-boost|p1a: Eelektross|atk|1\n|-boost|p1a: Eelektross|def|1\n|-boost|p1a: Eelektross|accuracy|1\n|\n|-damage|p1a: Eelektross|44\/100 psn|[from] psn\n|upkeep\n|turn|5\n|\n|t:|1700576766\n|move|p1a: Eelektross|Drain Punch|p2a: Glimmer like rocks\n|-damage|p2a: Glimmer like rocks|7\/100 par\n|-heal|p1a: Eelektross|65\/100 psn|[from] drain|[of] p2a: Glimmer like rocks\n|-activate|p2a: Glimmer like rocks|ability: Toxic Debris\n|-sidestart|p1: pokeblock_chiwda|move: Toxic Spikes\n|move|p2a: Glimmer like rocks|Spikes|p1a: Eelektross\n|-sidestart|p1: pokeblock_chiwda|Spikes\n|\n|-damage|p1a: Eelektross|53\/100 psn|[from] psn\n|upkeep\n|turn|6\n|\n|t:|1700576778\n|move|p2a: Glimmer like rocks|Spiky Shield|p2a: Glimmer like rocks\n|-singleturn|p2a: Glimmer like rocks|move: Protect\n|move|p1a: Eelektross|Dragon Tail|p2a: Glimmer like rocks\n|-activate|p2a: Glimmer like rocks|move: Protect\n|-damage|p1a: Eelektross|41\/100 psn|[from] Spiky Shield|[of] p2a: Glimmer like rocks\n|\n|-damage|p1a: Eelektross|28\/100 psn|[from] psn\n|upkeep\n|turn|7\n|\n|t:|1700576787\n|move|p2a: Glimmer like rocks|Spiky Shield|p2a: Glimmer like rocks\n|-singleturn|p2a: Glimmer like rocks|move: Protect\n|move|p1a: Eelektross|Drain Punch|p2a: Glimmer like rocks\n|-activate|p2a: Glimmer like rocks|move: Protect\n|-damage|p1a: Eelektross|16\/100 psn|[from] Spiky Shield|[of] p2a: Glimmer like rocks\n|\n|-damage|p1a: Eelektross|4\/100 psn|[from] psn\n|upkeep\n|turn|8\n|\n|t:|1700576797\n|switch|p2a: Cocodrilo del Nilo|Skeledirge, F|100\/100\n|move|p1a: Eelektross|Drain Punch|p2a: Cocodrilo del Nilo\n|-immune|p2a: Cocodrilo del Nilo\n|\n|-damage|p1a: Eelektross|0 fnt|[from] psn\n|faint|p1a: Eelektross\n|upkeep\n|\n|t:|1700576806\n|switch|p1a: Samurott|Samurott-Hisui, M|100\/100\n|-damage|p1a: Samurott|88\/100|[from] Stealth Rock\n|-damage|p1a: Samurott|72\/100|[from] Spikes\n|-status|p1a: Samurott|psn\n|turn|9\n|\n|t:|1700576813\n|switch|p2a: Glimmer like rocks|Glimmora, M, shiny|7\/100 par\n|move|p1a: Samurott|Aqua Cutter|p2a: Glimmer like rocks\n|-supereffective|p2a: Glimmer like rocks\n|-damage|p2a: Glimmer like rocks|0 fnt\n|-activate|p2a: Glimmer like rocks|ability: Toxic Debris\n|-sidestart|p1: pokeblock_chiwda|move: Toxic Spikes\n|faint|p2a: Glimmer like rocks\n|\n|-damage|p1a: Samurott|59\/100 psn|[from] psn\n|upkeep\n|\n|t:|1700576820\n|switch|p2a: Scissors|Scizor, M|100\/100\n|turn|10\n|\n|t:|1700576827\n|move|p1a: Samurott|Aqua Jet|p2a: Scissors\n|-crit|p2a: Scissors\n|-damage|p2a: Scissors|74\/100\n|move|p2a: Scissors|Bullet Punch|p1a: Samurott\n|-resisted|p1a: Samurott\n|-damage|p1a: Samurott|33\/100 psn\n|\n|-damage|p1a: Samurott|21\/100 psn|[from] psn\n|upkeep\n|turn|11\n|\n|t:|1700576836\n|move|p1a: Samurott|Aqua Jet|p2a: Scissors\n|-damage|p2a: Scissors|51\/100\n|move|p2a: Scissors|Swords Dance|p2a: Scissors\n|-boost|p2a: Scissors|atk|2\n|\n|-damage|p1a: Samurott|8\/100 psn|[from] psn\n|upkeep\n|turn|12\n|\n|t:|1700576844\n|move|p1a: Samurott|Aqua Jet|p2a: Scissors\n|-damage|p2a: Scissors|26\/100\n|move|p2a: Scissors|Swords Dance|p2a: Scissors\n|-boost|p2a: Scissors|atk|2\n|\n|-damage|p1a: Samurott|0 fnt|[from] psn\n|faint|p1a: Samurott\n|upkeep\n|\n|t:|1700576854\n|switch|p1a: Dragonite|Dragonite, F|100\/100\n|-damage|p1a: Dragonite|76\/100|[from] Stealth Rock\n|turn|13\n|\n|t:|1700576859\n|move|p1a: Dragonite|Aqua Jet|p2a: Scissors\n|-damage|p2a: Scissors|11\/100\n|move|p2a: Scissors|Bullet Punch|p1a: Dragonite\n|-damage|p1a: Dragonite|0 fnt\n|faint|p1a: Dragonite\n|\n|upkeep\n|\n|t:|1700576866\n|switch|p1a: Iron Moth|Iron Moth|100\/100\n|-damage|p1a: Iron Moth|76\/100|[from] Stealth Rock\n|-damage|p1a: Iron Moth|59\/100|[from] Spikes\n|-sideend|p1: pokeblock_chiwda|move: Toxic Spikes|[of] p1a: Iron Moth\n|-enditem|p1a: Iron Moth|Booster Energy\n|-activate|p1a: Iron Moth|ability: Quark Drive|[fromitem]\n|-start|p1a: Iron Moth|quarkdrivespa\n|turn|14\n|\n|t:|1700576874\n|move|p2a: Scissors|Bullet Punch|p1a: Iron Moth\n|-resisted|p1a: Iron Moth\n|-damage|p1a: Iron Moth|0 fnt\n|faint|p1a: Iron Moth\n|-end|p1a: Iron Moth|Quark Drive|[silent]\n|\n|upkeep\n|\n|t:|1700576879\n|switch|p1a: Torterra|Torterra, F|100\/100\n|-damage|p1a: Torterra|94\/100|[from] Stealth Rock\n|-damage|p1a: Torterra|78\/100|[from] Spikes\n|turn|15\n|\n|t:|1700576884\n|move|p2a: Scissors|Bullet Punch|p1a: Torterra\n|-damage|p1a: Torterra|0 fnt\n|faint|p1a: Torterra\n|\n|upkeep\n|-message|pokeblock_chiwda forfeited.\n|\n|win|Tiger373slow\n|raw|pokeblock_chiwda's rating: 1006 &rarr; <strong>1000<\/strong><br \/>(-6 for losing)\n|raw|Tiger373slow's rating: 1062 &rarr; <strong>1088<\/strong><br \/>(+26 for winning)\n|l|\u2606pokeblock_chiwda\n","uploadtime":1700576897,"views":4,"p1id":"pokeblockchiwda","p2id":"tiger373slow","formatid":"gen9ou","rating":1000,"private":0,"password":""}