{"id":"gen9ou-1995701357","p1":"mmeira","p2":"casemiroluan","format":"[Gen 9] OU","log":"|j|\u2606mmeira\n|j|\u2606casemiroluan\n|t:|1700595221\n|gametype|singles\n|player|p1|mmeira|n-masters3|\n|player|p2|casemiroluan|169|\n|teamsize|p1|6\n|teamsize|p2|6\n|gen|9\n|tier|[Gen 9] OU\n|rule|Sleep Clause Mod: Limit one foe put to sleep\n|rule|Species Clause: Limit one of each Pok\u00e9mon\n|rule|OHKO Clause: OHKO moves are banned\n|rule|Evasion Items Clause: Evasion items are banned\n|rule|Evasion Moves Clause: Evasion moves are banned\n|rule|Endless Battle Clause: Forcing endless battles is banned\n|rule|HP Percentage Mod: HP is shown in percentages\n|clearpoke\n|poke|p1|Arcanine-Hisui, M|\n|poke|p1|Zapdos|\n|poke|p1|Scizor, F|\n|poke|p1|Tyranitar, M|\n|poke|p1|Masquerain, M|\n|poke|p1|Lilligant, F|\n|poke|p2|Charizard, M|\n|poke|p2|Torkoal, F|\n|poke|p2|Glaceon, M|\n|poke|p2|Greninja-*, M|\n|poke|p2|Grimmsnarl, M|\n|poke|p2|Leafeon, F|\n|teampreview\n|\n|t:|1700595227\n|start\n|switch|p1a: Whatzapdos|Zapdos|100\/100\n|switch|p2a: Para-raio|Torkoal, F|100\/100\n|-weather|SunnyDay|[from] ability: Drought|[of] p2a: Para-raio\n|turn|1\n|j| Abner67\n|\n|t:|1700595236\n|move|p1a: Whatzapdos|Volt Switch|p2a: Para-raio\n|-damage|p2a: Para-raio|55\/100\n|\n|t:|1700595240\n|switch|p1a: Giroflex|Tyranitar, M|100\/100|[from] Volt Switch\n|-weather|Sandstorm|[from] ability: Sand Stream|[of] p1a: Giroflex\n|move|p2a: Para-raio|Rock Slide|p1a: Giroflex\n|-damage|p1a: Giroflex|89\/100\n|\n|-weather|Sandstorm|[upkeep]\n|-damage|p2a: Para-raio|49\/100|[from] Sandstorm\n|-heal|p1a: Giroflex|95\/100|[from] item: Leftovers\n|upkeep\n|turn|2\n|\n|t:|1700595256\n|switch|p2a: Creusa|Leafeon, F|100\/100\n|move|p1a: Giroflex|Stealth Rock|p2a: Creusa\n|-sidestart|p2: casemiroluan|move: Stealth Rock\n|\n|-weather|Sandstorm|[upkeep]\n|-damage|p2a: Creusa|95\/100|[from] Sandstorm\n|-heal|p1a: Giroflex|100\/100|[from] item: Leftovers\n|upkeep\n|turn|3\n|\n|t:|1700595267\n|switch|p1a: A (evolu\u00e7\u00e3o)|Masquerain, M|100\/100\n|-ability|p1a: A (evolu\u00e7\u00e3o)|Intimidate|boost\n|-unboost|p2a: Creusa|atk|1\n|move|p2a: Creusa|X-Scissor|p1a: A (evolu\u00e7\u00e3o)\n|-resisted|p1a: A (evolu\u00e7\u00e3o)\n|-damage|p1a: A (evolu\u00e7\u00e3o)|88\/100\n|\n|-weather|Sandstorm|[upkeep]\n|-damage|p2a: Creusa|89\/100|[from] Sandstorm\n|-damage|p1a: A (evolu\u00e7\u00e3o)|82\/100|[from] Sandstorm\n|upkeep\n|turn|4\n|\n|t:|1700595281\n|switch|p2a: Para-raio|Torkoal, F|49\/100\n|-damage|p2a: Para-raio|24\/100|[from] Stealth Rock\n|-weather|SunnyDay|[from] ability: Drought|[of] p2a: Para-raio\n|move|p1a: A (evolu\u00e7\u00e3o)|Sticky Web|p2a: Para-raio\n|-sidestart|p2: casemiroluan|move: Sticky Web\n|\n|-weather|SunnyDay|[upkeep]\n|upkeep\n|turn|5\n|\n|t:|1700595288\n|move|p1a: A (evolu\u00e7\u00e3o)|Hydro Pump|p2a: Para-raio\n|-supereffective|p2a: Para-raio\n|-damage|p2a: Para-raio|0 fnt\n|faint|p2a: Para-raio\n|\n|-weather|SunnyDay|[upkeep]\n|upkeep\n|\n|t:|1700595303\n|switch|p2a: Zeca|Charizard, M, shiny|100\/100\n|-damage|p2a: Zeca|51\/100|[from] Stealth Rock\n|turn|6\n|\n|t:|1700595316\n|switch|p1a: Giroflex|Tyranitar, M|100\/100\n|-weather|Sandstorm|[from] ability: Sand Stream|[of] p1a: Giroflex\n|-terastallize|p2a: Zeca|Fire\n|move|p2a: Zeca|Flamethrower|p1a: Giroflex\n|-resisted|p1a: Giroflex\n|-damage|p1a: Giroflex|78\/100\n|-damage|p2a: Zeca|41\/100|[from] item: Life Orb\n|\n|-weather|Sandstorm|[upkeep]\n|-damage|p2a: Zeca|35\/100|[from] Sandstorm\n|-heal|p1a: Giroflex|84\/100|[from] item: Leftovers\n|upkeep\n|turn|7\n|\n|t:|1700595332\n|move|p2a: Zeca|Dragon Pulse|p1a: Giroflex\n|-damage|p1a: Giroflex|64\/100\n|-damage|p2a: Zeca|25\/100|[from] item: Life Orb\n|move|p1a: Giroflex|Knock Off|p2a: Zeca\n|-damage|p2a: Zeca|0 fnt\n|-enditem|p2a: Zeca|Life Orb|[from] move: Knock Off|[of] p1a: Giroflex\n|faint|p2a: Zeca\n|\n|-weather|Sandstorm|[upkeep]\n|-heal|p1a: Giroflex|71\/100|[from] item: Leftovers\n|upkeep\n|\n|t:|1700595343\n|switch|p2a: Sapo Cego|Greninja, M|100\/100\n|-damage|p2a: Sapo Cego|88\/100|[from] Stealth Rock\n|-activate|p2a: Sapo Cego|move: Sticky Web\n|-unboost|p2a: Sapo Cego|spe|1\n|turn|8\n|\n|t:|1700595367\n|switch|p1a: Lilica|Lilligant, F|100\/100\n|move|p2a: Sapo Cego|U-turn|p1a: Lilica\n|-supereffective|p1a: Lilica\n|-damage|p1a: Lilica|39\/100\n|-damage|p2a: Sapo Cego|78\/100|[from] item: Life Orb\n|\n|t:|1700595373\n|switch|p2a: Afonso|Grimmsnarl, M|100\/100|[from] U-turn\n|-damage|p2a: Afonso|88\/100|[from] Stealth Rock\n|-activate|p2a: Afonso|move: Sticky Web\n|-unboost|p2a: Afonso|spe|1\n|\n|-weather|Sandstorm|[upkeep]\n|-damage|p1a: Lilica|33\/100|[from] Sandstorm\n|-damage|p2a: Afonso|82\/100|[from] Sandstorm\n|upkeep\n|turn|9\n|\n|t:|1700595382\n|move|p2a: Afonso|Light Screen|p2a: Afonso\n|-sidestart|p2: casemiroluan|move: Light Screen\n|move|p1a: Lilica|Sleep Powder|p2a: Afonso\n|-status|p2a: Afonso|slp|[from] move: Sleep Powder\n|\n|-weather|Sandstorm|[upkeep]\n|-damage|p1a: Lilica|27\/100|[from] Sandstorm\n|-damage|p2a: Afonso|76\/100 slp|[from] Sandstorm\n|upkeep\n|turn|10\n|\n|t:|1700595389\n|cant|p2a: Afonso|slp\n|move|p1a: Lilica|Quiver Dance|p1a: Lilica\n|-boost|p1a: Lilica|spa|1\n|-boost|p1a: Lilica|spd|1\n|-boost|p1a: Lilica|spe|1\n|\n|-weather|none\n|upkeep\n|turn|11\n|\n|t:|1700595396\n|-curestatus|p2a: Afonso|slp|[msg]\n|move|p2a: Afonso|Reflect|p2a: Afonso\n|-sidestart|p2: casemiroluan|Reflect\n|move|p1a: Lilica|Giga Drain|p2a: Afonso\n|-damage|p2a: Afonso|47\/100\n|-heal|p1a: Lilica|47\/100|[from] drain|[of] p2a: Afonso\n|-damage|p1a: Lilica|37\/100|[from] item: Life Orb\n|\n|upkeep\n|turn|12\n|\n|t:|1700595409\n|move|p1a: Lilica|Sleep Powder|p2a: Afonso\n|-status|p2a: Afonso|slp|[from] move: Sleep Powder\n|cant|p2a: Afonso|slp\n|\n|upkeep\n|turn|13\n|\n|t:|1700595415\n|switch|p2a: Creusa|Leafeon, F|89\/100\n|move|p1a: Lilica|Quiver Dance|p1a: Lilica\n|-boost|p1a: Lilica|spa|1\n|-boost|p1a: Lilica|spd|1\n|-boost|p1a: Lilica|spe|1\n|\n|upkeep\n|turn|14\n|\n|t:|1700595424\n|move|p1a: Lilica|Giga Drain|p2a: Creusa\n|-resisted|p2a: Creusa\n|-damage|p2a: Creusa|50\/100\n|-heal|p1a: Lilica|58\/100|[from] drain|[of] p2a: Creusa\n|-damage|p1a: Lilica|48\/100|[from] item: Life Orb\n|move|p2a: Creusa|X-Scissor|p1a: Lilica\n|-supereffective|p1a: Lilica\n|-damage|p1a: Lilica|0 fnt\n|faint|p1a: Lilica\n|\n|upkeep\n|\n|t:|1700595434\n|switch|p1a: A (evolu\u00e7\u00e3o)|Masquerain, M|82\/100\n|-ability|p1a: A (evolu\u00e7\u00e3o)|Intimidate|boost\n|-unboost|p2a: Creusa|atk|1\n|turn|15\n|\n|t:|1700595444\n|move|p2a: Creusa|Leaf Blade|p1a: A (evolu\u00e7\u00e3o)\n|-resisted|p1a: A (evolu\u00e7\u00e3o)\n|-damage|p1a: A (evolu\u00e7\u00e3o)|71\/100\n|move|p1a: A (evolu\u00e7\u00e3o)|Quiver Dance|p1a: A (evolu\u00e7\u00e3o)\n|-boost|p1a: A (evolu\u00e7\u00e3o)|spa|1\n|-boost|p1a: A (evolu\u00e7\u00e3o)|spd|1\n|-boost|p1a: A (evolu\u00e7\u00e3o)|spe|1\n|\n|upkeep\n|turn|16\n|\n|t:|1700595453\n|switch|p2a: Rog\u00e9rio|Glaceon, M, shiny|100\/100\n|-damage|p2a: Rog\u00e9rio|76\/100|[from] Stealth Rock\n|-activate|p2a: Rog\u00e9rio|move: Sticky Web\n|-unboost|p2a: Rog\u00e9rio|spe|1\n|move|p1a: A (evolu\u00e7\u00e3o)|Quiver Dance|p1a: A (evolu\u00e7\u00e3o)\n|-boost|p1a: A (evolu\u00e7\u00e3o)|spa|1\n|-boost|p1a: A (evolu\u00e7\u00e3o)|spd|1\n|-boost|p1a: A (evolu\u00e7\u00e3o)|spe|1\n|\n|-sideend|p2: casemiroluan|move: Light Screen\n|upkeep\n|turn|17\n|\n|t:|1700595467\n|-terastallize|p1a: A (evolu\u00e7\u00e3o)|Water\n|move|p1a: A (evolu\u00e7\u00e3o)|Hydro Pump|p2a: Rog\u00e9rio|[miss]\n|-miss|p1a: A (evolu\u00e7\u00e3o)|p2a: Rog\u00e9rio\n|move|p2a: Rog\u00e9rio|Ice Beam|p1a: A (evolu\u00e7\u00e3o)\n|-resisted|p1a: A (evolu\u00e7\u00e3o)\n|-damage|p1a: A (evolu\u00e7\u00e3o)|43\/100\n|\n|upkeep\n|turn|18\n|\n|t:|1700595476\n|switch|p2a: Creusa|Leafeon, F|50\/100\n|move|p1a: A (evolu\u00e7\u00e3o)|Bug Buzz|p2a: Creusa\n|-supereffective|p2a: Creusa\n|-damage|p2a: Creusa|0 fnt\n|faint|p2a: Creusa\n|\n|-sideend|p2: casemiroluan|Reflect\n|upkeep\n|\n|t:|1700595483\n|switch|p2a: Rog\u00e9rio|Glaceon, M, shiny|76\/100\n|-damage|p2a: Rog\u00e9rio|51\/100|[from] Stealth Rock\n|-activate|p2a: Rog\u00e9rio|move: Sticky Web\n|-unboost|p2a: Rog\u00e9rio|spe|1\n|turn|19\n|\n|t:|1700595488\n|move|p1a: A (evolu\u00e7\u00e3o)|Bug Buzz|p2a: Rog\u00e9rio\n|-damage|p2a: Rog\u00e9rio|0 fnt\n|faint|p2a: Rog\u00e9rio\n|\n|upkeep\n|\n|t:|1700595495\n|switch|p2a: Afonso|Grimmsnarl, M|47\/100 slp\n|-damage|p2a: Afonso|35\/100 slp|[from] Stealth Rock\n|-activate|p2a: Afonso|move: Sticky Web\n|-unboost|p2a: Afonso|spe|1\n|turn|20\n|\n|t:|1700595501\n|cant|p2a: Afonso|slp\n|move|p1a: A (evolu\u00e7\u00e3o)|Bug Buzz|p2a: Afonso\n|-damage|p2a: Afonso|0 fnt\n|faint|p2a: Afonso\n|\n|upkeep\n|\n|t:|1700595506\n|switch|p2a: Sapo Cego|Greninja, M|78\/100\n|-damage|p2a: Sapo Cego|66\/100|[from] Stealth Rock\n|-activate|p2a: Sapo Cego|move: Sticky Web\n|-unboost|p2a: Sapo Cego|spe|1\n|turn|21\n|\n|t:|1700595516\n|move|p1a: A (evolu\u00e7\u00e3o)|Bug Buzz|p2a: Sapo Cego\n|-supereffective|p2a: Sapo Cego\n|-damage|p2a: Sapo Cego|0 fnt\n|faint|p2a: Sapo Cego\n|\n|win|mmeira\n","uploadtime":1700595523,"views":14,"p1id":"mmeira","p2id":"casemiroluan","formatid":"gen9ou","rating":0,"private":0,"password":""}