{"id":"gen9ou-1988902550","p1":"Pawaga","p2":"Manof10000switches","format":"[Gen 9] OU","log":"|j|\u2606Pawaga\n|j|\u2606Manof10000switches\n|t:|1699784502\n|gametype|singles\n|player|p1|Pawaga|ethan|1086\n|player|p2|Manof10000switches|youngster-gen4dp|1113\n|teamsize|p1|6\n|teamsize|p2|6\n|gen|9\n|tier|[Gen 9] OU\n|rated|\n|rule|Sleep Clause Mod: Limit one foe put to sleep\n|rule|Species Clause: Limit one of each Pok\u00e9mon\n|rule|OHKO Clause: OHKO moves are banned\n|rule|Evasion Items Clause: Evasion items are banned\n|rule|Evasion Moves Clause: Evasion moves are banned\n|rule|Endless Battle Clause: Forcing endless battles is banned\n|rule|HP Percentage Mod: HP is shown in percentages\n|clearpoke\n|poke|p1|Dragapult, F|\n|poke|p1|Toxapex, F|\n|poke|p1|Great Tusk|\n|poke|p1|Iron Moth|\n|poke|p1|Kingambit, F|\n|poke|p1|Dragonite, F|\n|poke|p2|Lokix, M|\n|poke|p2|Ogerpon-Wellspring, F|\n|poke|p2|Cinderace, F|\n|poke|p2|Whiscash, M|\n|poke|p2|Zapdos|\n|poke|p2|Shiftry, M|\n|teampreview\n|inactive|Battle timer is ON: inactive players will automatically lose when time's up. (requested by Manof10000switches)\n|\n|t:|1699784511\n|start\n|switch|p1a: Great Tusk|Great Tusk|100\/100\n|switch|p2a: Ogerpon|Ogerpon-Wellspring, F|100\/100\n|-enditem|p1a: Great Tusk|Booster Energy\n|-activate|p1a: Great Tusk|ability: Protosynthesis|[fromitem]\n|-start|p1a: Great Tusk|protosynthesisspe\n|turn|1\n|\n|t:|1699784518\n|move|p1a: Great Tusk|Ice Spinner|p2a: Ogerpon\n|-damage|p2a: Ogerpon|70\/100\n|move|p2a: Ogerpon|Ivy Cudgel|p1a: Great Tusk\n|-supereffective|p1a: Great Tusk\n|-damage|p1a: Great Tusk|33\/100\n|\n|upkeep\n|turn|2\n|\n|t:|1699784525\n|move|p1a: Great Tusk|Headlong Rush|p2a: Ogerpon\n|-resisted|p2a: Ogerpon\n|-crit|p2a: Ogerpon\n|-damage|p2a: Ogerpon|14\/100\n|-unboost|p1a: Great Tusk|def|1\n|-unboost|p1a: Great Tusk|spd|1\n|move|p2a: Ogerpon|Horn Leech|p1a: Great Tusk\n|-supereffective|p1a: Great Tusk\n|-damage|p1a: Great Tusk|0 fnt\n|-heal|p2a: Ogerpon|38\/100|[from] drain|[of] p1a: Great Tusk\n|faint|p1a: Great Tusk\n|-end|p1a: Great Tusk|Protosynthesis|[silent]\n|\n|upkeep\n|\n|t:|1699784552\n|switch|p1a: Dragapult|Dragapult, F|100\/100\n|turn|3\n|\n|t:|1699784558\n|move|p1a: Dragapult|U-turn|p2a: Ogerpon\n|-supereffective|p2a: Ogerpon\n|-damage|p2a: Ogerpon|0 fnt\n|faint|p2a: Ogerpon\n|\n|t:|1699784566\n|switch|p1a: Toxapex|Toxapex, F|100\/100|[from] U-turn\n|\n|upkeep\n|\n|t:|1699784569\n|switch|p2a: Stormtrooper|Zapdos|100\/100\n|turn|4\n|\n|t:|1699784592\n|move|p2a: Stormtrooper|Thunder|p1a: Toxapex\n|-supereffective|p1a: Toxapex\n|-damage|p1a: Toxapex|9\/100\n|move|p1a: Toxapex|Toxic|p2a: Stormtrooper\n|-status|p2a: Stormtrooper|tox\n|\n|-heal|p1a: Toxapex|15\/100|[from] item: Leftovers\n|-damage|p2a: Stormtrooper|94\/100 tox|[from] psn\n|upkeep\n|turn|5\n|\n|t:|1699784602\n|-terastallize|p1a: Toxapex|Steel\n|move|p2a: Stormtrooper|Hurricane|p1a: Toxapex\n|-resisted|p1a: Toxapex\n|-damage|p1a: Toxapex|0 fnt\n|faint|p1a: Toxapex\n|\n|-damage|p2a: Stormtrooper|82\/100 tox|[from] psn\n|upkeep\n|\n|t:|1699784614\n|switch|p1a: Kingambit|Kingambit, F|100\/100\n|-activate|p1a: Kingambit|ability: Supreme Overlord\n|-start|p1a: Kingambit|fallen2|[silent]\n|turn|6\n|\n|t:|1699784616\n|move|p2a: Stormtrooper|Heat Wave|p1a: Kingambit\n|-supereffective|p1a: Kingambit\n|-damage|p1a: Kingambit|18\/100\n|move|p1a: Kingambit|Swords Dance|p1a: Kingambit\n|-boost|p1a: Kingambit|atk|2\n|\n|-damage|p2a: Stormtrooper|63\/100 tox|[from] psn\n|upkeep\n|turn|7\n|\n|t:|1699784627\n|switch|p2a: Whiscash|Whiscash, M|100\/100\n|move|p1a: Kingambit|Sucker Punch||[still]\n|-fail|p1a: Kingambit\n|\n|upkeep\n|turn|8\n|\n|t:|1699784636\n|move|p1a: Kingambit|Kowtow Cleave|p2a: Whiscash\n|-damage|p2a: Whiscash|0 fnt\n|faint|p2a: Whiscash\n|\n|upkeep\n|\n|t:|1699784640\n|switch|p2a: Gaming|Lokix, M|100\/100\n|turn|9\n|\n|t:|1699784648\n|move|p2a: Gaming|First Impression|p1a: Kingambit\n|-crit|p1a: Kingambit\n|-damage|p1a: Kingambit|0 fnt\n|faint|p1a: Kingambit\n|-end|p1a: Kingambit|fallen2|[silent]\n|-damage|p2a: Gaming|91\/100|[from] item: Life Orb\n|\n|upkeep\n|\n|t:|1699784658\n|switch|p1a: Dragapult|Dragapult, F|100\/100\n|turn|10\n|\n|t:|1699784670\n|-terastallize|p2a: Gaming|Dark\n|move|p2a: Gaming|Sucker Punch|p1a: Dragapult\n|-supereffective|p1a: Dragapult\n|-damage|p1a: Dragapult|0 fnt\n|faint|p1a: Dragapult\n|-damage|p2a: Gaming|81\/100|[from] item: Life Orb\n|\n|upkeep\n|inactive|Pawaga has 120 seconds left.\n|\n|t:|1699784714\n|switch|p1a: Dragonite|Dragonite, F|100\/100\n|turn|11\n|\n|t:|1699784719\n|move|p2a: Gaming|Knock Off|p1a: Dragonite\n|-damage|p1a: Dragonite|59\/100\n|-enditem|p1a: Dragonite|Heavy-Duty Boots|[from] move: Knock Off|[of] p2a: Gaming\n|-damage|p2a: Gaming|71\/100|[from] item: Life Orb\n|move|p1a: Dragonite|Earthquake|p2a: Gaming\n|-crit|p2a: Gaming\n|-damage|p2a: Gaming|0 fnt\n|faint|p2a: Gaming\n|\n|upkeep\n|\n|t:|1699784727\n|switch|p2a: Nefarious|Shiftry, M|100\/100\n|turn|12\n|\n|t:|1699784734\n|move|p2a: Nefarious|Explosion|p1a: Dragonite\n|-damage|p1a: Dragonite|0 fnt\n|faint|p2a: Nefarious\n|faint|p1a: Dragonite\n|\n|upkeep\n|\n|t:|1699784740\n|switch|p2a: Stormtrooper|Zapdos|63\/100 tox\n|switch|p1a: Iron Moth|Iron Moth|100\/100\n|-enditem|p1a: Iron Moth|Booster Energy\n|-activate|p1a: Iron Moth|ability: Quark Drive|[fromitem]\n|-start|p1a: Iron Moth|quarkdrivespa\n|turn|13\n|\n|t:|1699784750\n|move|p1a: Iron Moth|Sludge Wave|p2a: Stormtrooper\n|-damage|p2a: Stormtrooper|0 fnt\n|faint|p2a: Stormtrooper\n|\n|upkeep\n|\n|t:|1699784753\n|switch|p2a: Cinderace|Cinderace, F|100\/100\n|turn|14\n|c|\u2606Manof10000switches|Gg\n|\n|t:|1699784774\n|move|p2a: Cinderace|Pyro Ball|p1a: Iron Moth\n|-resisted|p1a: Iron Moth\n|-damage|p1a: Iron Moth|51\/100\n|move|p1a: Iron Moth|Sludge Wave|p2a: Cinderace\n|-damage|p2a: Cinderace|9\/100\n|\n|upkeep\n|turn|15\n|\n|t:|1699784786\n|move|p2a: Cinderace|Sucker Punch|p1a: Iron Moth\n|-start|p2a: Cinderace|typechange|Dark|[from] ability: Libero\n|-damage|p1a: Iron Moth|0 fnt\n|faint|p1a: Iron Moth\n|-end|p1a: Iron Moth|Quark Drive|[silent]\n|\n|win|Manof10000switches\n|raw|Pawaga's rating: 1086 &rarr; <strong>1065<\/strong><br \/>(-21 for losing)\n|raw|Manof10000switches's rating: 1113 &rarr; <strong>1136<\/strong><br \/>(+23 for winning)\n|l|\u2606Pawaga\n","uploadtime":1699784793,"views":10,"p1id":"pawaga","p2id":"manof10000switches","formatid":"gen9ou","rating":1065,"private":0,"password":""}