{"id":"gen9ou-1991195413","p1":"Kenetto108","p2":"Slipvinny","format":"[Gen 9] OU","log":"|j|\u2606Kenetto108\n|j|\u2606Slipvinny\n|t:|1700055924\n|gametype|singles\n|player|p1|Kenetto108|lusamine-nihilego|1360\n|player|p2|Slipvinny|swimmerf|1347\n|teamsize|p1|6\n|teamsize|p2|6\n|gen|9\n|tier|[Gen 9] OU\n|rated|\n|rule|Sleep Clause Mod: Limit one foe put to sleep\n|rule|Species Clause: Limit one of each Pok\u00e9mon\n|rule|OHKO Clause: OHKO moves are banned\n|rule|Evasion Items Clause: Evasion items are banned\n|rule|Evasion Moves Clause: Evasion moves are banned\n|rule|Endless Battle Clause: Forcing endless battles is banned\n|rule|HP Percentage Mod: HP is shown in percentages\n|clearpoke\n|poke|p1|Ogerpon-Wellspring, F|\n|poke|p1|Cinderace, M|\n|poke|p1|Iron Valiant|\n|poke|p1|Dragonite, F|\n|poke|p1|Garganacl, M|\n|poke|p1|Munkidori, M|\n|poke|p2|Enamorus, F|\n|poke|p2|Gholdengo|\n|poke|p2|Glimmora, F|\n|poke|p2|Conkeldurr, F|\n|poke|p2|Iron Valiant|\n|poke|p2|Kingambit, M|\n|teampreview\n|inactive|Battle timer is ON: inactive players will automatically lose when time's up. (requested by Kenetto108)\n|\n|t:|1700055948\n|start\n|switch|p1a: Ogerpon|Ogerpon-Wellspring, F|100\/100\n|switch|p2a: Gholdengo|Gholdengo|100\/100\n|turn|1\n|\n|t:|1700055963\n|move|p1a: Ogerpon|Ivy Cudgel|p2a: Gholdengo|[anim] Ivy Cudgel Water\n|-damage|p2a: Gholdengo|62\/100\n|move|p2a: Gholdengo|Thunder Wave|p1a: Ogerpon\n|-status|p1a: Ogerpon|par\n|\n|-heal|p2a: Gholdengo|68\/100|[from] item: Leftovers\n|upkeep\n|turn|2\n|\n|t:|1700055972\n|move|p2a: Gholdengo|Hex|p1a: Ogerpon\n|-damage|p1a: Ogerpon|37\/100 par\n|move|p1a: Ogerpon|Swords Dance|p1a: Ogerpon\n|-boost|p1a: Ogerpon|atk|2\n|\n|-heal|p2a: Gholdengo|74\/100|[from] item: Leftovers\n|upkeep\n|turn|3\n|\n|t:|1700055977\n|move|p2a: Gholdengo|Hex|p1a: Ogerpon\n|-damage|p1a: Ogerpon|0 fnt\n|faint|p1a: Ogerpon\n|\n|-heal|p2a: Gholdengo|80\/100|[from] item: Leftovers\n|upkeep\n|\n|t:|1700055985\n|switch|p1a: Iron Valiant|Iron Valiant|100\/100\n|-enditem|p1a: Iron Valiant|Booster Energy\n|-activate|p1a: Iron Valiant|ability: Quark Drive|[fromitem]\n|-start|p1a: Iron Valiant|quarkdrivespe\n|turn|4\n|\n|t:|1700055994\n|move|p1a: Iron Valiant|Knock Off|p2a: Gholdengo\n|-supereffective|p2a: Gholdengo\n|-crit|p2a: Gholdengo\n|-damage|p2a: Gholdengo|17\/100\n|-enditem|p2a: Gholdengo|Leftovers|[from] move: Knock Off|[of] p1a: Iron Valiant\n|move|p2a: Gholdengo|Thunder Wave|p1a: Iron Valiant\n|-status|p1a: Iron Valiant|par\n|\n|upkeep\n|turn|5\n|\n|t:|1700056019\n|switch|p2a: Enamorus|Enamorus, F|100\/100\n|move|p1a: Iron Valiant|Knock Off|p2a: Enamorus\n|-resisted|p2a: Enamorus\n|-damage|p2a: Enamorus|79\/100\n|-enditem|p2a: Enamorus|Assault Vest|[from] move: Knock Off|[of] p1a: Iron Valiant\n|\n|upkeep\n|turn|6\n|\n|t:|1700056031\n|-end|p1a: Iron Valiant|Quark Drive|[silent]\n|switch|p1a: Garganacl|Garganacl, M|100\/100\n|move|p2a: Enamorus|Play Rough|p1a: Garganacl\n|-damage|p1a: Garganacl|75\/100\n|\n|-heal|p1a: Garganacl|81\/100|[from] item: Leftovers\n|upkeep\n|turn|7\n|\n|t:|1700056037\n|move|p2a: Enamorus|Superpower|p1a: Garganacl\n|-supereffective|p1a: Garganacl\n|-damage|p1a: Garganacl|32\/100\n|-boost|p2a: Enamorus|atk|1\n|-boost|p2a: Enamorus|def|1\n|move|p1a: Garganacl|Salt Cure|p2a: Enamorus\n|-supereffective|p2a: Enamorus\n|-damage|p2a: Enamorus|56\/100\n|-start|p2a: Enamorus|Salt Cure\n|\n|-heal|p1a: Garganacl|38\/100|[from] item: Leftovers\n|-damage|p2a: Enamorus|43\/100|[from] Salt Cure\n|upkeep\n|turn|8\n|\n|t:|1700056050\n|-terastallize|p1a: Garganacl|Water\n|move|p2a: Enamorus|Superpower|p1a: Garganacl\n|-damage|p1a: Garganacl|6\/100\n|-boost|p2a: Enamorus|atk|1\n|-boost|p2a: Enamorus|def|1\n|move|p1a: Garganacl|Recover|p1a: Garganacl\n|-heal|p1a: Garganacl|56\/100\n|\n|-heal|p1a: Garganacl|63\/100|[from] item: Leftovers\n|-damage|p2a: Enamorus|31\/100|[from] Salt Cure\n|upkeep\n|turn|9\n|\n|t:|1700056071\n|move|p2a: Enamorus|Superpower|p1a: Garganacl\n|-damage|p1a: Garganacl|17\/100\n|-boost|p2a: Enamorus|atk|1\n|-boost|p2a: Enamorus|def|1\n|move|p1a: Garganacl|Recover|p1a: Garganacl\n|-heal|p1a: Garganacl|67\/100\n|\n|-heal|p1a: Garganacl|73\/100|[from] item: Leftovers\n|-damage|p2a: Enamorus|18\/100|[from] Salt Cure\n|upkeep\n|turn|10\n|\n|t:|1700056079\n|switch|p1a: Iron Valiant|Iron Valiant|100\/100 par\n|move|p2a: Enamorus|Play Rough|p1a: Iron Valiant\n|-supereffective|p1a: Iron Valiant\n|-damage|p1a: Iron Valiant|0 fnt\n|faint|p1a: Iron Valiant\n|-end|p1a: Iron Valiant|Quark Drive|[silent]\n|\n|-damage|p2a: Enamorus|6\/100|[from] Salt Cure\n|upkeep\n|\n|t:|1700056085\n|switch|p1a: Cinderace|Cinderace, M, shiny|100\/100\n|turn|11\n|\n|t:|1700056092\n|switch|p2a: Glimmora|Glimmora, F|100\/100\n|-item|p2a: Glimmora|Air Balloon\n|move|p1a: Cinderace|Pyro Ball|p2a: Glimmora\n|-resisted|p2a: Glimmora\n|-damage|p2a: Glimmora|68\/100\n|-activate|p2a: Glimmora|ability: Toxic Debris\n|-sidestart|p1: Kenetto108|move: Toxic Spikes\n|-enditem|p2a: Glimmora|Air Balloon\n|\n|upkeep\n|turn|12\n|\n|t:|1700056102\n|move|p1a: Cinderace|U-turn|p2a: Glimmora\n|-start|p1a: Cinderace|typechange|Bug|[from] ability: Libero\n|-resisted|p2a: Glimmora\n|-damage|p2a: Glimmora|51\/100\n|-activate|p2a: Glimmora|ability: Toxic Debris\n|-sidestart|p1: Kenetto108|move: Toxic Spikes\n|\n|t:|1700056108\n|switch|p1a: Dragonite|Dragonite, F|100\/100|[from] U-turn\n|move|p2a: Glimmora|Mortal Spin|p1a: Dragonite\n|-damage|p1a: Dragonite|97\/100\n|-status|p1a: Dragonite|psn\n|-enditem|p1a: Dragonite|Lum Berry|[eat]\n|-curestatus|p1a: Dragonite|psn|[msg]\n|\n|upkeep\n|turn|13\n|\n|t:|1700056120\n|move|p2a: Glimmora|Power Gem|p1a: Dragonite\n|-supereffective|p1a: Dragonite\n|-damage|p1a: Dragonite|13\/100\n|move|p1a: Dragonite|Earthquake|p2a: Glimmora\n|-supereffective|p2a: Glimmora\n|-damage|p2a: Glimmora|0 fnt\n|faint|p2a: Glimmora\n|\n|upkeep\n|\n|t:|1700056133\n|switch|p2a: Iron Valiant|Iron Valiant|100\/100\n|-enditem|p2a: Iron Valiant|Booster Energy\n|-activate|p2a: Iron Valiant|ability: Quark Drive|[fromitem]\n|-start|p2a: Iron Valiant|quarkdrivespe\n|turn|14\n|\n|t:|1700056146\n|move|p1a: Dragonite|Extreme Speed|p2a: Iron Valiant\n|-damage|p2a: Iron Valiant|62\/100\n|move|p2a: Iron Valiant|Thunderbolt|p1a: Dragonite\n|-damage|p1a: Dragonite|0 fnt\n|faint|p1a: Dragonite\n|\n|upkeep\n|\n|t:|1700056153\n|switch|p1a: Cinderace|Cinderace, M, shiny|100\/100\n|turn|15\n|\n|t:|1700056176\n|-end|p2a: Iron Valiant|Quark Drive|[silent]\n|switch|p2a: Gholdengo|Gholdengo|17\/100\n|move|p1a: Cinderace|Pyro Ball|p2a: Gholdengo\n|-supereffective|p2a: Gholdengo\n|-damage|p2a: Gholdengo|0 fnt\n|faint|p2a: Gholdengo\n|\n|upkeep\n|inactive|Slipvinny has 120 seconds left.\n|\n|t:|1700056193\n|switch|p2a: Conkeldurr|Conkeldurr, F|100\/100\n|turn|16\n|\n|t:|1700056200\n|move|p1a: Cinderace|Pyro Ball|p2a: Conkeldurr\n|-damage|p2a: Conkeldurr|51\/100\n|move|p2a: Conkeldurr|Knock Off|p1a: Cinderace\n|-damage|p1a: Cinderace|46\/100\n|-enditem|p1a: Cinderace|Heavy-Duty Boots|[from] move: Knock Off|[of] p2a: Conkeldurr\n|\n|upkeep\n|turn|17\n|\n|t:|1700056212\n|move|p2a: Conkeldurr|Mach Punch|p1a: Cinderace\n|-damage|p1a: Cinderace|4\/100\n|move|p1a: Cinderace|Pyro Ball|p2a: Conkeldurr\n|-damage|p2a: Conkeldurr|0 fnt\n|faint|p2a: Conkeldurr\n|\n|upkeep\n|\n|t:|1700056225\n|switch|p2a: Kingambit|Kingambit, M|100\/100\n|-activate|p2a: Kingambit|ability: Supreme Overlord\n|-start|p2a: Kingambit|fallen3|[silent]\n|turn|18\n|inactive|Kenetto108 has 120 seconds left.\n|\n|t:|1700056275\n|move|p1a: Cinderace|Sucker Punch|p2a: Kingambit\n|-start|p1a: Cinderace|typechange|Dark|[from] ability: Libero\n|-resisted|p2a: Kingambit\n|-crit|p2a: Kingambit\n|-damage|p2a: Kingambit|82\/100\n|move|p2a: Kingambit|Sucker Punch||[still]\n|-fail|p2a: Kingambit\n|\n|upkeep\n|turn|19\n|\n|t:|1700056286\n|move|p2a: Kingambit|Sucker Punch|p1a: Cinderace\n|-resisted|p1a: Cinderace\n|-damage|p1a: Cinderace|0 fnt\n|faint|p1a: Cinderace\n|\n|upkeep\n|\n|t:|1700056290\n|switch|p1a: Garganacl|Garganacl, M, tera:Water|73\/100\n|turn|20\n|\n|t:|1700056296\n|-end|p2a: Kingambit|fallen3|[silent]\n|switch|p2a: Enamorus|Enamorus, F|6\/100\n|move|p1a: Garganacl|Iron Defense|p1a: Garganacl\n|-boost|p1a: Garganacl|def|2\n|\n|-heal|p1a: Garganacl|79\/100|[from] item: Leftovers\n|upkeep\n|turn|21\n|inactive|Kenetto108 has 120 seconds left.\n|\n|t:|1700056305\n|move|p2a: Enamorus|Superpower|p1a: Garganacl\n|-damage|p1a: Garganacl|68\/100\n|-boost|p2a: Enamorus|atk|1\n|-boost|p2a: Enamorus|def|1\n|move|p1a: Garganacl|Recover|p1a: Garganacl\n|-heal|p1a: Garganacl|100\/100\n|\n|upkeep\n|turn|22\n|\n|t:|1700056313\n|move|p2a: Enamorus|Play Rough|p1a: Garganacl\n|-damage|p1a: Garganacl|80\/100\n|move|p1a: Garganacl|Salt Cure|p2a: Enamorus\n|-supereffective|p2a: Enamorus\n|-damage|p2a: Enamorus|0 fnt\n|faint|p2a: Enamorus\n|\n|-heal|p1a: Garganacl|86\/100|[from] item: Leftovers\n|upkeep\n|\n|t:|1700056318\n|switch|p2a: Iron Valiant|Iron Valiant|62\/100\n|turn|23\n|\n|t:|1700056326\n|switch|p1a: Munkidori|Munkidori, M|100\/100\n|-sideend|p1: Kenetto108|move: Toxic Spikes|[of] p1a: Munkidori\n|move|p2a: Iron Valiant|Thunderbolt|p1a: Munkidori\n|-damage|p1a: Munkidori|75\/100\n|-status|p1a: Munkidori|par\n|\n|-heal|p1a: Munkidori|81\/100 par|[from] item: Leftovers\n|upkeep\n|turn|24\n|\n|t:|1700056341\n|-end|p2a: Iron Valiant|Quark Drive|[silent]\n|switch|p2a: Kingambit|Kingambit, M|82\/100\n|-activate|p2a: Kingambit|ability: Supreme Overlord\n|-start|p2a: Kingambit|fallen4|[silent]\n|move|p1a: Munkidori|Psychic|p2a: Kingambit\n|-immune|p2a: Kingambit\n|\n|-heal|p1a: Munkidori|87\/100 par|[from] item: Leftovers\n|upkeep\n|turn|25\n|\n|t:|1700056347\n|move|p1a: Munkidori|Substitute|p1a: Munkidori\n|-start|p1a: Munkidori|Substitute\n|-damage|p1a: Munkidori|62\/100 par\n|move|p2a: Kingambit|Swords Dance|p2a: Kingambit\n|-boost|p2a: Kingambit|atk|2\n|\n|-heal|p1a: Munkidori|68\/100 par|[from] item: Leftovers\n|upkeep\n|turn|26\n|\n|t:|1700056353\n|move|p1a: Munkidori|Focus Blast|p2a: Kingambit\n|-supereffective|p2a: Kingambit\n|-damage|p2a: Kingambit|0 fnt\n|faint|p2a: Kingambit\n|-end|p2a: Kingambit|fallen4|[silent]\n|\n|-heal|p1a: Munkidori|74\/100 par|[from] item: Leftovers\n|upkeep\n|\n|t:|1700056356\n|switch|p2a: Iron Valiant|Iron Valiant|62\/100\n|turn|27\n|\n|t:|1700056360\n|move|p2a: Iron Valiant|Psyshock|p1a: Munkidori\n|-end|p1a: Munkidori|Substitute\n|move|p1a: Munkidori|Psychic|p2a: Iron Valiant\n|-supereffective|p2a: Iron Valiant\n|-crit|p2a: Iron Valiant\n|-damage|p2a: Iron Valiant|0 fnt\n|faint|p2a: Iron Valiant\n|-end|p2a: Iron Valiant|Quark Drive|[silent]\n|\n|win|Kenetto108\n|raw|Kenetto108's rating: 1360 &rarr; <strong>1379<\/strong><br \/>(+19 for winning)\n|raw|Slipvinny's rating: 1347 &rarr; <strong>1328<\/strong><br \/>(-19 for losing)\n","uploadtime":1700056363,"views":5,"p1id":"kenetto108","p2id":"slipvinny","formatid":"gen9ou","rating":1328,"private":0,"password":""}