{"id":"gen9ou-2000400038","p1":"gaylord86","p2":"Beastyshadow13","format":"[Gen 9] OU","log":"|j|\u2606gaylord86\n|j|\u2606Beastyshadow13\n|t:|1701191615\n|gametype|singles\n|player|p1|gaylord86|psychic-gen4|1275\n|player|p2|Beastyshadow13|veteran|1262\n|teamsize|p1|6\n|teamsize|p2|6\n|gen|9\n|tier|[Gen 9] OU\n|rated|\n|rule|Sleep Clause Mod: Limit one foe put to sleep\n|rule|Species Clause: Limit one of each Pok\u00e9mon\n|rule|OHKO Clause: OHKO moves are banned\n|rule|Evasion Items Clause: Evasion items are banned\n|rule|Evasion Moves Clause: Evasion moves are banned\n|rule|Endless Battle Clause: Forcing endless battles is banned\n|rule|HP Percentage Mod: HP is shown in percentages\n|clearpoke\n|poke|p1|Camerupt, M|\n|poke|p1|Slowking-Galar, M|\n|poke|p1|Landorus-Therian, M|\n|poke|p1|Dragonite, F|\n|poke|p1|Yanmega, M|\n|poke|p1|Heatran, F|\n|poke|p2|Electrode-Hisui|\n|poke|p2|Bombirdier, F|\n|poke|p2|Gholdengo|\n|poke|p2|Great Tusk|\n|poke|p2|Iron Moth|\n|poke|p2|Zamazenta-*|\n|teampreview\n|\n|t:|1701191649\n|start\n|switch|p1a: elementary|Yanmega, M|100\/100\n|switch|p2a: Great Tusk|Great Tusk|100\/100\n|turn|1\n|\n|t:|1701191660\n|move|p2a: Great Tusk|Knock Off|p1a: elementary\n|-damage|p1a: elementary|63\/100\n|-enditem|p1a: elementary|Heavy-Duty Boots|[from] move: Knock Off|[of] p2a: Great Tusk\n|move|p1a: elementary|Substitute|p1a: elementary\n|-start|p1a: elementary|Substitute\n|-damage|p1a: elementary|38\/100\n|\n|-ability|p1a: elementary|Speed Boost|boost\n|-boost|p1a: elementary|spe|1\n|upkeep\n|turn|2\n|\n|t:|1701191669\n|move|p1a: elementary|Swords Dance|p1a: elementary\n|-boost|p1a: elementary|atk|2\n|move|p2a: Great Tusk|Ice Spinner|p1a: elementary\n|-supereffective|p1a: elementary\n|-end|p1a: elementary|Substitute\n|\n|-ability|p1a: elementary|Speed Boost|boost\n|-boost|p1a: elementary|spe|1\n|upkeep\n|turn|3\n|\n|t:|1701191681\n|move|p1a: elementary|Leech Life|p2a: Great Tusk\n|-resisted|p2a: Great Tusk\n|-damage|p2a: Great Tusk|80\/100\n|-heal|p1a: elementary|50\/100|[from] drain|[of] p2a: Great Tusk\n|move|p2a: Great Tusk|Ice Spinner|p1a: elementary\n|-supereffective|p1a: elementary\n|-damage|p1a: elementary|0 fnt\n|faint|p1a: elementary\n|\n|upkeep\n|\n|t:|1701191687\n|switch|p1a: \u00b9\u00b2|Landorus-Therian, M|100\/100\n|-ability|p1a: \u00b9\u00b2|Intimidate|boost\n|-unboost|p2a: Great Tusk|atk|1\n|turn|4\n|\n|t:|1701191695\n|move|p1a: \u00b9\u00b2|U-turn|p2a: Great Tusk\n|-resisted|p2a: Great Tusk\n|-damage|p2a: Great Tusk|70\/100\n|\n|t:|1701191698\n|switch|p1a: Funny guy|Slowking-Galar, M|100\/100|[from] U-turn\n|move|p2a: Great Tusk|Ice Spinner|p1a: Funny guy\n|-damage|p1a: Funny guy|82\/100\n|\n|-heal|p1a: Funny guy|88\/100|[from] item: Leftovers\n|upkeep\n|turn|5\n|\n|t:|1701191707\n|-end|p2a: Great Tusk|Protosynthesis|[silent]\n|switch|p2a: Bombirdier|Bombirdier, F|100\/100\n|switch|p1a: INKY|Camerupt, M|100\/100\n|\n|upkeep\n|turn|6\n|\n|t:|1701191711\n|move|p2a: Bombirdier|Stealth Rock|p1a: INKY\n|-sidestart|p1: gaylord86|move: Stealth Rock\n|move|p1a: INKY|Yawn|p2a: Bombirdier\n|-start|p2a: Bombirdier|move: Yawn|[of] p1a: INKY\n|\n|upkeep\n|turn|7\n|\n|t:|1701191715\n|move|p2a: Bombirdier|Parting Shot|p1a: INKY\n|-unboost|p1a: INKY|atk|1\n|-unboost|p1a: INKY|spa|1\n|\n|t:|1701191722\n|switch|p2a: Great Tusk|Great Tusk|70\/100|[from] Parting Shot\n|move|p1a: INKY|Heat Crash|p2a: Great Tusk\n|-damage|p2a: Great Tusk|62\/100\n|\n|upkeep\n|turn|8\n|\n|t:|1701191733\n|move|p2a: Great Tusk|Ice Spinner|p1a: INKY\n|-crit|p1a: INKY\n|-damage|p1a: INKY|53\/100\n|move|p1a: INKY|Yawn|p2a: Great Tusk\n|-start|p2a: Great Tusk|move: Yawn|[of] p1a: INKY\n|\n|upkeep\n|turn|9\n|\n|t:|1701191741\n|-end|p2a: Great Tusk|Protosynthesis|[silent]\n|switch|p2a: Bombirdier|Bombirdier, F|100\/100\n|switch|p1a: Funny guy|Slowking-Galar, M|100\/100\n|-damage|p1a: Funny guy|88\/100|[from] Stealth Rock\n|\n|-heal|p1a: Funny guy|94\/100|[from] item: Leftovers\n|upkeep\n|turn|10\n|\n|t:|1701191745\n|move|p2a: Bombirdier|Parting Shot|p1a: Funny guy\n|-unboost|p1a: Funny guy|atk|1\n|-unboost|p1a: Funny guy|spa|1\n|\n|t:|1701191755\n|switch|p2a: Gholdengo|Gholdengo|100\/100|[from] Parting Shot\n|-item|p2a: Gholdengo|Air Balloon\n|move|p1a: Funny guy|Toxic|p2a: Gholdengo\n|-immune|p2a: Gholdengo|[from] ability: Good as Gold\n|\n|-heal|p1a: Funny guy|99\/100|[from] item: Leftovers\n|upkeep\n|turn|11\n|\n|t:|1701191760\n|move|p2a: Gholdengo|Shadow Ball|p1a: Funny guy\n|-supereffective|p1a: Funny guy\n|-damage|p1a: Funny guy|53\/100\n|move|p1a: Funny guy|Chilly Reception|p1a: Funny guy\n|-weather|Snow\n|\n|t:|1701191767\n|switch|p1a: OKAY|Heatran, F|100\/100|[from] Chilly Reception\n|-damage|p1a: OKAY|88\/100|[from] Stealth Rock\n|\n|-weather|Snow|[upkeep]\n|upkeep\n|turn|12\n|\n|t:|1701191770\n|move|p2a: Gholdengo|Focus Blast|p1a: OKAY|[miss]\n|-miss|p2a: Gholdengo|p1a: OKAY\n|move|p1a: OKAY|Magma Storm|p2a: Gholdengo\n|-supereffective|p2a: Gholdengo\n|-damage|p2a: Gholdengo|0 fnt\n|-enditem|p2a: Gholdengo|Air Balloon\n|faint|p2a: Gholdengo\n|\n|-weather|Snow|[upkeep]\n|upkeep\n|\n|t:|1701191791\n|switch|p2a: Zamazenta|Zamazenta|100\/100\n|-ability|p2a: Zamazenta|Dauntless Shield|boost\n|-boost|p2a: Zamazenta|def|1\n|turn|13\n|\n|t:|1701191794\n|move|p2a: Zamazenta|Iron Defense|p2a: Zamazenta\n|-boost|p2a: Zamazenta|def|2\n|move|p1a: OKAY|Magma Storm|p2a: Zamazenta\n|-damage|p2a: Zamazenta|45\/100\n|-activate|p2a: Zamazenta|move: Magma Storm|[of] p1a: OKAY\n|\n|-weather|Snow|[upkeep]\n|-heal|p2a: Zamazenta|51\/100|[from] item: Leftovers\n|-damage|p2a: Zamazenta|34\/100|[from] move: Magma Storm|[partiallytrapped]\n|upkeep\n|turn|14\n|\n|t:|1701191797\n|move|p2a: Zamazenta|Body Press|p1a: OKAY\n|-supereffective|p1a: OKAY\n|-damage|p1a: OKAY|0 fnt\n|faint|p1a: OKAY\n|\n|-weather|Snow|[upkeep]\n|-heal|p2a: Zamazenta|40\/100|[from] item: Leftovers\n|-end|p2a: Zamazenta|Magma Storm|[partiallytrapped]|[silent]\n|upkeep\n|\n|t:|1701191801\n|switch|p1a: \ud83c\udde7\ud83c\udde9|Dragonite, F|100\/100\n|turn|15\n|\n|t:|1701191808\n|move|p2a: Zamazenta|Stone Edge|p1a: \ud83c\udde7\ud83c\udde9\n|-supereffective|p1a: \ud83c\udde7\ud83c\udde9\n|-damage|p1a: \ud83c\udde7\ud83c\udde9|66\/100\n|move|p1a: \ud83c\udde7\ud83c\udde9|Dragon Dance|p1a: \ud83c\udde7\ud83c\udde9\n|-boost|p1a: \ud83c\udde7\ud83c\udde9|atk|1\n|-boost|p1a: \ud83c\udde7\ud83c\udde9|spe|1\n|\n|-weather|none\n|-heal|p2a: Zamazenta|47\/100|[from] item: Leftovers\n|upkeep\n|turn|16\n|\n|t:|1701191813\n|move|p2a: Zamazenta|Stone Edge|p1a: \ud83c\udde7\ud83c\udde9|[miss]\n|-miss|p2a: Zamazenta|p1a: \ud83c\udde7\ud83c\udde9\n|move|p1a: \ud83c\udde7\ud83c\udde9|Dragon Dance|p1a: \ud83c\udde7\ud83c\udde9\n|-boost|p1a: \ud83c\udde7\ud83c\udde9|atk|1\n|-boost|p1a: \ud83c\udde7\ud83c\udde9|spe|1\n|\n|-heal|p2a: Zamazenta|53\/100|[from] item: Leftovers\n|upkeep\n|turn|17\n|\n|t:|1701191817\n|move|p1a: \ud83c\udde7\ud83c\udde9|Earthquake|p2a: Zamazenta\n|-damage|p2a: Zamazenta|24\/100\n|move|p2a: Zamazenta|Stone Edge|p1a: \ud83c\udde7\ud83c\udde9\n|-supereffective|p1a: \ud83c\udde7\ud83c\udde9\n|-crit|p1a: \ud83c\udde7\ud83c\udde9\n|-damage|p1a: \ud83c\udde7\ud83c\udde9|0 fnt\n|faint|p1a: \ud83c\udde7\ud83c\udde9\n|\n|-heal|p2a: Zamazenta|30\/100|[from] item: Leftovers\n|upkeep\n|\n|t:|1701191823\n|switch|p1a: Funny guy|Slowking-Galar, M|86\/100\n|-damage|p1a: Funny guy|74\/100|[from] Stealth Rock\n|turn|18\n|\n|t:|1701191826\n|move|p2a: Zamazenta|Crunch|p1a: Funny guy\n|-supereffective|p1a: Funny guy\n|-damage|p1a: Funny guy|15\/100\n|move|p1a: Funny guy|Toxic|p2a: Zamazenta\n|-status|p2a: Zamazenta|tox\n|\n|-heal|p2a: Zamazenta|36\/100 tox|[from] item: Leftovers\n|-heal|p1a: Funny guy|21\/100|[from] item: Leftovers\n|-damage|p2a: Zamazenta|30\/100 tox|[from] psn\n|upkeep\n|turn|19\n|\n|t:|1701191832\n|switch|p1a: INKY|Camerupt, M|53\/100\n|move|p2a: Zamazenta|Crunch|p1a: INKY\n|-damage|p1a: INKY|20\/100\n|-unboost|p1a: INKY|def|1\n|\n|-heal|p2a: Zamazenta|36\/100 tox|[from] item: Leftovers\n|-damage|p2a: Zamazenta|24\/100 tox|[from] psn\n|upkeep\n|turn|20\n|\n|t:|1701191834\n|move|p2a: Zamazenta|Body Press|p1a: INKY\n|-damage|p1a: INKY|0 fnt\n|faint|p1a: INKY\n|\n|-heal|p2a: Zamazenta|30\/100 tox|[from] item: Leftovers\n|-damage|p2a: Zamazenta|12\/100 tox|[from] psn\n|upkeep\n|\n|t:|1701191836\n|switch|p1a: \u00b9\u00b2|Landorus-Therian, M|100\/100\n|-ability|p1a: \u00b9\u00b2|Intimidate|boost\n|-unboost|p2a: Zamazenta|atk|1\n|turn|21\n|\n|t:|1701191840\n|move|p2a: Zamazenta|Crunch|p1a: \u00b9\u00b2\n|-damage|p1a: \u00b9\u00b2|78\/100\n|-unboost|p1a: \u00b9\u00b2|def|1\n|move|p1a: \u00b9\u00b2|Stealth Rock|p2a: Zamazenta\n|-sidestart|p2: Beastyshadow13|move: Stealth Rock\n|\n|-heal|p2a: Zamazenta|18\/100 tox|[from] item: Leftovers\n|-damage|p2a: Zamazenta|0 fnt|[from] psn\n|faint|p2a: Zamazenta\n|upkeep\n|\n|t:|1701191852\n|switch|p2a: Great Tusk|Great Tusk|62\/100\n|-damage|p2a: Great Tusk|59\/100|[from] Stealth Rock\n|turn|22\n|\n|t:|1701191905\n|move|p1a: \u00b9\u00b2|U-turn|p2a: Great Tusk\n|-resisted|p2a: Great Tusk\n|-damage|p2a: Great Tusk|50\/100\n|\n|t:|1701191907\n|switch|p1a: Funny guy|Slowking-Galar, M|54\/100|[from] U-turn\n|-damage|p1a: Funny guy|42\/100|[from] Stealth Rock\n|move|p2a: Great Tusk|Rapid Spin|p1a: Funny guy\n|-damage|p1a: Funny guy|24\/100\n|-boost|p2a: Great Tusk|spe|1\n|-sideend|p2: Beastyshadow13|Stealth Rock|[from] move: Rapid Spin|[of] p2a: Great Tusk\n|\n|-heal|p1a: Funny guy|30\/100|[from] item: Leftovers\n|upkeep\n|turn|23\n|\n|t:|1701191917\n|switch|p1a: \u00b9\u00b2|Landorus-Therian, M|78\/100\n|-ability|p1a: \u00b9\u00b2|Intimidate|boost\n|-unboost|p2a: Great Tusk|atk|1\n|move|p2a: Great Tusk|Knock Off|p1a: \u00b9\u00b2\n|-damage|p1a: \u00b9\u00b2|49\/100\n|-enditem|p1a: \u00b9\u00b2|Heavy-Duty Boots|[from] move: Knock Off|[of] p2a: Great Tusk\n|\n|upkeep\n|turn|24\n|\n|t:|1701191926\n|move|p2a: Great Tusk|Ice Spinner|p1a: \u00b9\u00b2\n|-supereffective|p1a: \u00b9\u00b2\n|-damage|p1a: \u00b9\u00b2|0 fnt\n|faint|p1a: \u00b9\u00b2\n|\n|upkeep\n|\n|t:|1701191929\n|switch|p1a: Funny guy|Slowking-Galar, M|63\/100\n|-damage|p1a: Funny guy|51\/100|[from] Stealth Rock\n|turn|25\n|\n|t:|1701191932\n|move|p2a: Great Tusk|Headlong Rush|p1a: Funny guy\n|-supereffective|p1a: Funny guy\n|-damage|p1a: Funny guy|0 fnt\n|-unboost|p2a: Great Tusk|def|1\n|-unboost|p2a: Great Tusk|spd|1\n|faint|p1a: Funny guy\n|\n|win|Beastyshadow13\n|raw|gaylord86's rating: 1275 &rarr; <strong>1249<\/strong><br \/>(-26 for losing)\n|raw|Beastyshadow13's rating: 1262 &rarr; <strong>1288<\/strong><br \/>(+26 for winning)\n|l|\u2606gaylord86\n","uploadtime":1701192119,"views":1,"p1id":"gaylord86","p2id":"beastyshadow13","formatid":"gen9ou","rating":1249,"private":0,"password":""}