{"id":"gen9ou-1990942328","p1":"vJulius","p2":"Merrow02","format":"[Gen 9] OU","log":"|j|\u2606vJulius\n|j|\u2606Merrow02\n|t:|1700017803\n|gametype|singles\n|player|p1|vJulius|iris-gen5bw2|1160\n|player|p2|Merrow02|169|1189\n|teamsize|p1|6\n|teamsize|p2|6\n|gen|9\n|tier|[Gen 9] OU\n|rated|\n|rule|Sleep Clause Mod: Limit one foe put to sleep\n|rule|Species Clause: Limit one of each Pok\u00e9mon\n|rule|OHKO Clause: OHKO moves are banned\n|rule|Evasion Items Clause: Evasion items are banned\n|rule|Evasion Moves Clause: Evasion moves are banned\n|rule|Endless Battle Clause: Forcing endless battles is banned\n|rule|HP Percentage Mod: HP is shown in percentages\n|clearpoke\n|poke|p1|Iron Moth|\n|poke|p1|Kommo-o, M|\n|poke|p1|Ninetales-Alola, M|\n|poke|p1|Hatterene, F|\n|poke|p1|Kingambit, F|\n|poke|p1|Great Tusk|\n|poke|p2|Corviknight, F|\n|poke|p2|Iron Moth|\n|poke|p2|Inteleon, M|\n|poke|p2|Scizor, M|\n|poke|p2|Polteageist|\n|poke|p2|Enamorus, F|\n|teampreview\n|inactive|Battle timer is ON: inactive players will automatically lose when time's up. (requested by vJulius)\n|\n|t:|1700017826\n|start\n|switch|p1a: Ninetales|Ninetales-Alola, M|100\/100\n|switch|p2a: Enamorus|Enamorus, F, shiny|100\/100\n|-weather|Snow|[from] ability: Snow Warning|[of] p1a: Ninetales\n|turn|1\n|\n|t:|1700017836\n|move|p2a: Enamorus|Sludge Bomb|p1a: Ninetales\n|-supereffective|p1a: Ninetales\n|-damage|p1a: Ninetales|42\/100\n|move|p1a: Ninetales|Aurora Veil|p1a: Ninetales\n|-sidestart|p1: vJulius|move: Aurora Veil\n|\n|-weather|Snow|[upkeep]\n|upkeep\n|turn|2\n|\n|t:|1700017853\n|switch|p2a: Corviknight|Corviknight, F, shiny|100\/100\n|move|p1a: Ninetales|Freeze-Dry|p2a: Corviknight\n|-damage|p2a: Corviknight|86\/100\n|\n|-weather|Snow|[upkeep]\n|-heal|p2a: Corviknight|92\/100|[from] item: Leftovers\n|upkeep\n|turn|3\n|\n|t:|1700017882\n|switch|p1a: Kommo-o|Kommo-o, M|100\/100\n|move|p2a: Corviknight|Defog|p1a: Kommo-o\n|-unboost|p1a: Kommo-o|evasion|1\n|-sideend|p1: vJulius|move: Aurora Veil\n|\n|-weather|Snow|[upkeep]\n|-heal|p2a: Corviknight|98\/100|[from] item: Leftovers\n|upkeep\n|turn|4\n|inactive|vJulius has 120 seconds left.\n|\n|t:|1700017902\n|move|p1a: Kommo-o|Flamethrower|p2a: Corviknight\n|-supereffective|p2a: Corviknight\n|-damage|p2a: Corviknight|64\/100\n|-status|p2a: Corviknight|brn\n|move|p2a: Corviknight|U-turn|p1a: Kommo-o\n|-resisted|p1a: Kommo-o\n|-damage|p1a: Kommo-o|97\/100\n|\n|t:|1700017909\n|switch|p2a: Enamorus|Enamorus, F, shiny|100\/100|[from] U-turn\n|\n|-weather|Snow|[upkeep]\n|upkeep\n|turn|5\n|inactive|vJulius has 120 seconds left.\n|\n|t:|1700017929\n|switch|p1a: Iron Moth|Iron Moth|100\/100\n|-enditem|p1a: Iron Moth|Booster Energy\n|-activate|p1a: Iron Moth|ability: Quark Drive|[fromitem]\n|-start|p1a: Iron Moth|quarkdrivespe\n|move|p2a: Enamorus|Earth Power|p1a: Iron Moth\n|-supereffective|p1a: Iron Moth\n|-damage|p1a: Iron Moth|0 fnt\n|faint|p1a: Iron Moth\n|-end|p1a: Iron Moth|Quark Drive|[silent]\n|\n|-weather|none\n|upkeep\n|\n|t:|1700017953\n|switch|p1a: Hatterene|Hatterene, F|100\/100\n|turn|6\n|\n|t:|1700017958\n|switch|p2a: Corviknight|Corviknight, F, shiny|64\/100 brn\n|move|p1a: Hatterene|Agility|p1a: Hatterene\n|-boost|p1a: Hatterene|spe|2\n|\n|-heal|p2a: Corviknight|71\/100 brn|[from] item: Leftovers\n|-damage|p2a: Corviknight|64\/100 brn|[from] brn\n|upkeep\n|turn|7\n|\n|t:|1700017968\n|move|p1a: Hatterene|Calm Mind|p1a: Hatterene\n|-boost|p1a: Hatterene|spa|1\n|-boost|p1a: Hatterene|spd|1\n|move|p2a: Corviknight|Iron Head|p1a: Hatterene\n|-supereffective|p1a: Hatterene\n|-damage|p1a: Hatterene|73\/100\n|-enditem|p1a: Hatterene|Kee Berry|[eat]\n|-boost|p1a: Hatterene|def|1|[from] item: Kee Berry\n|\n|-heal|p2a: Corviknight|71\/100 brn|[from] item: Leftovers\n|-damage|p2a: Corviknight|64\/100 brn|[from] brn\n|upkeep\n|turn|8\n|inactive|vJulius has 120 seconds left.\n|\n|t:|1700017977\n|-terastallize|p1a: Hatterene|Water\n|move|p1a: Hatterene|Agility|p1a: Hatterene\n|-boost|p1a: Hatterene|spe|2\n|move|p2a: Corviknight|Iron Head|p1a: Hatterene\n|-resisted|p1a: Hatterene\n|-damage|p1a: Hatterene|69\/100\n|\n|-heal|p2a: Corviknight|71\/100 brn|[from] item: Leftovers\n|-damage|p2a: Corviknight|64\/100 brn|[from] brn\n|upkeep\n|turn|9\n|inactive|vJulius has 120 seconds left.\n|\n|t:|1700018000\n|move|p1a: Hatterene|Calm Mind|p1a: Hatterene\n|-boost|p1a: Hatterene|spa|1\n|-boost|p1a: Hatterene|spd|1\n|move|p2a: Corviknight|U-turn|p1a: Hatterene\n|-damage|p1a: Hatterene|64\/100\n|\n|t:|1700018019\n|switch|p2a: Polteageist|Polteageist, shiny|100\/100|[from] U-turn\n|\n|upkeep\n|turn|10\n|inactive|vJulius has 120 seconds left.\n|\n|t:|1700018029\n|move|p1a: Hatterene|Draining Kiss|p2a: Polteageist\n|-damage|p2a: Polteageist|46\/100\n|-heal|p1a: Hatterene|97\/100|[from] drain|[of] p2a: Polteageist\n|move|p2a: Polteageist|Shell Smash|p2a: Polteageist\n|-unboost|p2a: Polteageist|def|1\n|-unboost|p2a: Polteageist|spd|1\n|-boost|p2a: Polteageist|atk|2\n|-boost|p2a: Polteageist|spa|2\n|-boost|p2a: Polteageist|spe|2\n|\n|upkeep\n|turn|11\n|\n|t:|1700018035\n|-terastallize|p2a: Polteageist|Fairy\n|move|p2a: Polteageist|Stored Power|p1a: Hatterene\n|-damage|p1a: Hatterene|43\/100\n|move|p1a: Hatterene|Draining Kiss|p2a: Polteageist\n|-damage|p2a: Polteageist|0 fnt\n|-heal|p1a: Hatterene|72\/100|[from] drain|[of] p2a: Polteageist\n|faint|p2a: Polteageist\n|\n|upkeep\n|\n|t:|1700018044\n|switch|p2a: Enamorus|Enamorus, F, shiny|100\/100\n|turn|12\n|\n|t:|1700018049\n|move|p1a: Hatterene|Stored Power|p2a: Enamorus\n|-damage|p2a: Enamorus|0 fnt\n|faint|p2a: Enamorus\n|\n|upkeep\n|\n|t:|1700018057\n|switch|p2a: Iron Moth|Iron Moth|100\/100\n|-enditem|p2a: Iron Moth|Booster Energy\n|-activate|p2a: Iron Moth|ability: Quark Drive|[fromitem]\n|-start|p2a: Iron Moth|quarkdrivespa\n|turn|13\n|\n|t:|1700018063\n|move|p1a: Hatterene|Stored Power|p2a: Iron Moth\n|-supereffective|p2a: Iron Moth\n|-damage|p2a: Iron Moth|0 fnt\n|faint|p2a: Iron Moth\n|-end|p2a: Iron Moth|Quark Drive|[silent]\n|\n|upkeep\n|-message|Merrow02 forfeited.\n|\n|win|vJulius\n|raw|vJulius's rating: 1160 &rarr; <strong>1187<\/strong><br \/>(+27 for winning)\n|raw|Merrow02's rating: 1189 &rarr; <strong>1162<\/strong><br \/>(-27 for losing)\n|l|\u2606Merrow02\n","uploadtime":1700018072,"views":12,"p1id":"vjulius","p2id":"merrow02","formatid":"gen9ou","rating":1162,"private":0,"password":""}