{"id":"gen9ou-1991994545","p1":"AboutToBeatPenny","p2":"vileweaver","format":"[Gen 9] OU","log":"|j|\u2606AboutToBeatPenny\n|j|\u2606vileweaver\n|t:|1700146040\n|gametype|singles\n|player|p1|AboutToBeatPenny|266|\n|player|p2|vileweaver|roxanne|\n|teamsize|p1|6\n|teamsize|p2|6\n|gen|9\n|tier|[Gen 9] OU\n|rule|Sleep Clause Mod: Limit one foe put to sleep\n|rule|Species Clause: Limit one of each Pok\u00e9mon\n|rule|OHKO Clause: OHKO moves are banned\n|rule|Evasion Items Clause: Evasion items are banned\n|rule|Evasion Moves Clause: Evasion moves are banned\n|rule|Endless Battle Clause: Forcing endless battles is banned\n|rule|HP Percentage Mod: HP is shown in percentages\n|clearpoke\n|poke|p1|Kingambit, F|\n|poke|p1|Zamazenta-*|\n|poke|p1|Glimmora, F|\n|poke|p1|Ogerpon-Wellspring, F|\n|poke|p1|Iron Moth|\n|poke|p1|Iron Valiant|\n|poke|p2|Glimmora, F|\n|poke|p2|Sneasler, M|\n|poke|p2|Alomomola, F|\n|poke|p2|Gholdengo|\n|poke|p2|Cinderace, F|\n|poke|p2|Dragonite, M|\n|teampreview\n|c|\u2606vileweaver|hey I'm here\n|c|\u2606vileweaver|hope it's not too late\n|c|\u2606vileweaver|how do I send the battle link to the discord so they'll see it\n|l|\u2606vileweaver\n|player|p2|\n|j|\u2606vileweaver\n|player|p2|vileweaver|roxanne\n|l|\u2606vileweaver\n|player|p2|\n|j|\u2606vileweaver\n|player|p2|vileweaver|roxanne\n|\n|t:|1700146352\n|start\n|switch|p1a: Glimmora|Glimmora, F|100\/100\n|switch|p2a: The Real Hater|Glimmora, F|100\/100\n|turn|1\n|l|\u2606vileweaver\n|player|p2|\n|j|\u2606vileweaver\n|player|p2|vileweaver|roxanne\n|\n|t:|1700146421\n|move|p1a: Glimmora|Earth Power|p2a: The Real Hater\n|-supereffective|p2a: The Real Hater\n|-damage|p2a: The Real Hater|0 fnt\n|faint|p2a: The Real Hater\n|\n|upkeep\n|\n|t:|1700146433\n|switch|p2a: Dedication|Gholdengo, shiny|100\/100\n|turn|2\n|\n|t:|1700146441\n|move|p1a: Glimmora|Earth Power|p2a: Dedication\n|-supereffective|p2a: Dedication\n|-damage|p2a: Dedication|21\/100\n|move|p2a: Dedication|Make It Rain|p1a: Glimmora\n|-supereffective|p1a: Glimmora\n|-enditem|p1a: Glimmora|Focus Sash\n|-damage|p1a: Glimmora|1\/100\n|-unboost|p2a: Dedication|spa|1\n|\n|upkeep\n|turn|3\n|l|\u2606vileweaver\n|player|p2|\n|j|\u2606vileweaver\n|player|p2|vileweaver|roxanne\n|\n|t:|1700146685\n|switch|p2a: Yandere|Alomomola, F|100\/100\n|move|p1a: Glimmora|Earth Power|p2a: Yandere\n|-damage|p2a: Yandere|64\/100\n|\n|-heal|p2a: Yandere|70\/100|[from] item: Leftovers\n|upkeep\n|turn|4\n|\n|t:|1700146732\n|move|p2a: Yandere|Aqua Jet|p1a: Glimmora\n|-supereffective|p1a: Glimmora\n|-damage|p1a: Glimmora|0 fnt\n|-activate|p1a: Glimmora|ability: Toxic Debris\n|-sidestart|p2: vileweaver|move: Toxic Spikes\n|faint|p1a: Glimmora\n|\n|-heal|p2a: Yandere|76\/100|[from] item: Leftovers\n|upkeep\n|c|\u2606vileweaver|hello\n|c|\u2606vileweaver|uh oh\n|\n|t:|1700146740\n|switch|p1a: Ogerpon|Ogerpon-Wellspring, F|100\/100\n|turn|5\n|\n|t:|1700146755\n|switch|p2a: Open Up!|Sneasler, M|100\/100\n|-sideend|p2: vileweaver|move: Toxic Spikes|[of] p2a: Open Up!\n|move|p1a: Ogerpon|Swords Dance|p1a: Ogerpon\n|-boost|p1a: Ogerpon|atk|2\n|\n|upkeep\n|turn|6\n|\n|t:|1700146764\n|move|p1a: Ogerpon|Ivy Cudgel|p2a: Open Up!|[anim] Ivy Cudgel Water\n|-damage|p2a: Open Up!|0 fnt\n|faint|p2a: Open Up!\n|\n|upkeep\n|\n|t:|1700146772\n|switch|p2a: Yum|Dragonite, M|100\/100\n|turn|7\n|\n|t:|1700146783\n|move|p1a: Ogerpon|Ivy Cudgel|p2a: Yum|[anim] Ivy Cudgel Water\n|-resisted|p2a: Yum\n|-damage|p2a: Yum|75\/100\n|move|p2a: Yum|Thunder Wave|p1a: Ogerpon\n|-status|p1a: Ogerpon|par\n|\n|upkeep\n|turn|8\n|\n|t:|1700146794\n|switch|p1a: Iron Valiant|Iron Valiant|100\/100\n|-enditem|p1a: Iron Valiant|Booster Energy\n|-activate|p1a: Iron Valiant|ability: Quark Drive|[fromitem]\n|-start|p1a: Iron Valiant|quarkdrivespe\n|move|p2a: Yum|Air Slash|p1a: Iron Valiant\n|-supereffective|p1a: Iron Valiant\n|-damage|p1a: Iron Valiant|5\/100\n|\n|upkeep\n|turn|9\n|\n|t:|1700146821\n|move|p1a: Iron Valiant|Moonblast|p2a: Yum\n|-supereffective|p2a: Yum\n|-damage|p2a: Yum|14\/100\n|move|p2a: Yum|Roost|p2a: Yum\n|-heal|p2a: Yum|64\/100\n|-singleturn|p2a: Yum|move: Roost\n|\n|upkeep\n|turn|10\n|\n|t:|1700146831\n|move|p1a: Iron Valiant|Moonblast|p2a: Yum\n|-supereffective|p2a: Yum\n|-damage|p2a: Yum|3\/100\n|move|p2a: Yum|Air Slash|p1a: Iron Valiant\n|-supereffective|p1a: Iron Valiant\n|-crit|p1a: Iron Valiant\n|-damage|p1a: Iron Valiant|0 fnt\n|faint|p1a: Iron Valiant\n|-end|p1a: Iron Valiant|Quark Drive|[silent]\n|\n|upkeep\n|\n|t:|1700146843\n|switch|p1a: Iron Moth|Iron Moth|100\/100\n|-enditem|p1a: Iron Moth|Booster Energy\n|-activate|p1a: Iron Moth|ability: Quark Drive|[fromitem]\n|-start|p1a: Iron Moth|quarkdrivespe\n|turn|11\n|\n|t:|1700146853\n|switch|p2a: (^_^)|Cinderace, F|100\/100\n|move|p1a: Iron Moth|Fiery Dance|p2a: (^_^)\n|-resisted|p2a: (^_^)\n|-damage|p2a: (^_^)|72\/100\n|-boost|p1a: Iron Moth|spa|1\n|\n|upkeep\n|turn|12\n|\n|t:|1700146867\n|move|p1a: Iron Moth|Sludge Wave|p2a: (^_^)\n|-damage|p2a: (^_^)|0 fnt\n|faint|p2a: (^_^)\n|\n|upkeep\n|\n|t:|1700146875\n|switch|p2a: Yandere|Alomomola, F|100\/100\n|turn|13\n|\n|t:|1700146881\n|move|p1a: Iron Moth|Energy Ball|p2a: Yandere\n|-supereffective|p2a: Yandere\n|-damage|p2a: Yandere|0 fnt\n|faint|p2a: Yandere\n|\n|upkeep\n|c|\u2606vileweaver|oh gg\n|\n|t:|1700146890\n|switch|p2a: Dedication|Gholdengo, shiny|21\/100\n|turn|14\n|\n|t:|1700146902\n|move|p1a: Iron Moth|Fiery Dance|p2a: Dedication\n|-supereffective|p2a: Dedication\n|-damage|p2a: Dedication|0 fnt\n|faint|p2a: Dedication\n|\n|upkeep\n|\n|t:|1700146908\n|switch|p2a: Yum|Dragonite, M|3\/100\n|turn|15\n|\n|t:|1700146912\n|move|p1a: Iron Moth|Fiery Dance|p2a: Yum\n|-resisted|p2a: Yum\n|-damage|p2a: Yum|0 fnt\n|faint|p2a: Yum\n|\n|win|AboutToBeatPenny\n|c|\u2606vileweaver|good game\n|c|\u2606vileweaver|thanks for playing with me\n","uploadtime":1700146938,"views":6,"p1id":"abouttobeatpenny","p2id":"vileweaver","formatid":"gen9ou","rating":0,"private":0,"password":""}