{"id":"gen9ou-1990394145","p1":"RaigatheWeeb","p2":"Oblivious134","format":"[Gen 9] OU","log":"|j|\u2606RaigatheWeeb\n|j|\u2606Oblivious134\n|t:|1699966313\n|gametype|singles\n|player|p1|RaigatheWeeb|hilda-masters3|1181\n|player|p2|Oblivious134|169|1150\n|teamsize|p1|6\n|teamsize|p2|6\n|gen|9\n|tier|[Gen 9] OU\n|rated|\n|rule|Sleep Clause Mod: Limit one foe put to sleep\n|rule|Species Clause: Limit one of each Pok\u00e9mon\n|rule|OHKO Clause: OHKO moves are banned\n|rule|Evasion Items Clause: Evasion items are banned\n|rule|Evasion Moves Clause: Evasion moves are banned\n|rule|Endless Battle Clause: Forcing endless battles is banned\n|rule|HP Percentage Mod: HP is shown in percentages\n|clearpoke\n|poke|p1|Basculegion-F, F|\n|poke|p1|Pelipper, M|\n|poke|p1|Ogerpon-Wellspring, F|\n|poke|p1|Mamoswine, F|\n|poke|p1|Espeon, F|\n|poke|p1|Manaphy|\n|poke|p2|Ribombee, F|\n|poke|p2|Great Tusk|\n|poke|p2|Gholdengo|\n|poke|p2|Manaphy|\n|poke|p2|Kingambit, F|\n|poke|p2|Iron Moth|\n|teampreview\n|c|\u2606RaigatheWeeb|Gl\n|inactive|Battle timer is ON: inactive players will automatically lose when time's up. (requested by Oblivious134)\n|\n|t:|1699966320\n|start\n|switch|p1a: Pelipper|Pelipper, M|100\/100\n|switch|p2a: Ribombee|Ribombee, F|100\/100\n|-weather|RainDance|[from] ability: Drizzle|[of] p1a: Pelipper\n|turn|1\n|\n|t:|1699966334\n|switch|p1a: Espeon|Espeon, F|100\/100\n|move|p2a: Ribombee|Sunny Day|p2a: Ribombee\n|-weather|SunnyDay\n|\n|-weather|SunnyDay|[upkeep]\n|upkeep\n|turn|2\n|\n|t:|1699966352\n|switch|p2a: Kingambit|Kingambit, F|100\/100\n|move|p1a: Espeon|Weather Ball|p2a: Kingambit\n|-supereffective|p2a: Kingambit\n|-damage|p2a: Kingambit|0 fnt\n|faint|p2a: Kingambit\n|-end|p2a: Kingambit|fallenundefined|[silent]\n|\n|-weather|SunnyDay|[upkeep]\n|upkeep\n|c|\u2606RaigatheWeeb|Bye bye gambit\n|\n|t:|1699966368\n|switch|p2a: Manaphy|Manaphy|100\/100\n|turn|3\n|\n|t:|1699966375\n|move|p1a: Espeon|Psychic|p2a: Manaphy\n|-crit|p2a: Manaphy\n|-damage|p2a: Manaphy|45\/100\n|move|p2a: Manaphy|Take Heart|p2a: Manaphy\n|-boost|p2a: Manaphy|spa|1\n|-boost|p2a: Manaphy|spd|1\n|\n|-weather|SunnyDay|[upkeep]\n|-heal|p2a: Manaphy|51\/100|[from] item: Leftovers\n|upkeep\n|turn|4\n|\n|t:|1699966387\n|switch|p1a: Ogerpon|Ogerpon-Wellspring, F|100\/100\n|move|p2a: Manaphy|Take Heart|p2a: Manaphy\n|-boost|p2a: Manaphy|spa|1\n|-boost|p2a: Manaphy|spd|1\n|\n|-weather|SunnyDay|[upkeep]\n|-heal|p2a: Manaphy|57\/100|[from] item: Leftovers\n|upkeep\n|turn|5\n|\n|t:|1699966400\n|move|p1a: Ogerpon|Trailblaze|p2a: Manaphy\n|-supereffective|p2a: Manaphy\n|-damage|p2a: Manaphy|9\/100\n|-boost|p1a: Ogerpon|spe|1\n|move|p2a: Manaphy|Acid Armor|p2a: Manaphy\n|-boost|p2a: Manaphy|def|2\n|\n|-weather|none\n|-heal|p2a: Manaphy|16\/100|[from] item: Leftovers\n|upkeep\n|turn|6\n|\n|t:|1699966418\n|-terastallize|p2a: Manaphy|Dragon\n|move|p1a: Ogerpon|Trailblaze|p2a: Manaphy\n|-resisted|p2a: Manaphy\n|-damage|p2a: Manaphy|10\/100\n|-boost|p1a: Ogerpon|spe|1\n|move|p2a: Manaphy|Stored Power|p1a: Ogerpon\n|-damage|p1a: Ogerpon|23\/100\n|\n|-heal|p2a: Manaphy|16\/100|[from] item: Leftovers\n|upkeep\n|turn|7\n|\n|t:|1699966430\n|move|p1a: Ogerpon|Knock Off|p2a: Manaphy\n|-damage|p2a: Manaphy|0 fnt\n|-enditem|p2a: Manaphy|Leftovers|[from] move: Knock Off|[of] p1a: Ogerpon\n|faint|p2a: Manaphy\n|\n|upkeep\n|-message|Oblivious134 forfeited.\n|\n|win|RaigatheWeeb\n|raw|RaigatheWeeb's rating: 1181 &rarr; <strong>1204<\/strong><br \/>(+23 for winning)\n|raw|Oblivious134's rating: 1150 &rarr; <strong>1127<\/strong><br \/>(-23 for losing)\n|l|\u2606Oblivious134\n","uploadtime":1699966447,"views":9,"p1id":"raigatheweeb","p2id":"oblivious134","formatid":"gen9ou","rating":1127,"private":0,"password":""}