{"id":"gen9ou-1990871548","p1":"outu yuhh","p2":"OUFC Test1","format":"[Gen 9] OU","log":"|j|\u2606outu yuhh\n|j|\u2606OUFC Test1\n|t:|1700009779\n|gametype|singles\n|player|p1|outu yuhh|steven-masters2|1645\n|player|p2|OUFC Test1|iono|1649\n|teamsize|p1|6\n|teamsize|p2|6\n|gen|9\n|tier|[Gen 9] OU\n|rated|\n|rule|Sleep Clause Mod: Limit one foe put to sleep\n|rule|Species Clause: Limit one of each Pok\u00e9mon\n|rule|OHKO Clause: OHKO moves are banned\n|rule|Evasion Items Clause: Evasion items are banned\n|rule|Evasion Moves Clause: Evasion moves are banned\n|rule|Endless Battle Clause: Forcing endless battles is banned\n|rule|HP Percentage Mod: HP is shown in percentages\n|clearpoke\n|poke|p1|Tornadus-Therian, M|\n|poke|p1|Cinderace, M|\n|poke|p1|Slowking-Galar, M|\n|poke|p1|Breloom, M|\n|poke|p1|Ting-Lu|\n|poke|p1|Walking Wake|\n|poke|p2|Zamazenta-*|\n|poke|p2|Ting-Lu|\n|poke|p2|Moltres|\n|poke|p2|Gholdengo|\n|poke|p2|Clefable, F|\n|poke|p2|Ogerpon-Wellspring, F|\n|teampreview\n|c|\u2606OUFC Test1|gl\n|c|\u2606outu yuhh|u2\n|\n|t:|1700009807\n|start\n|switch|p1a: Ting-Lu|Ting-Lu|100\/100\n|switch|p2a: Moltres|Moltres|100\/100\n|-ability|p1a: Ting-Lu|Vessel of Ruin\n|turn|1\n|\n|t:|1700009822\n|move|p2a: Moltres|U-turn|p1a: Ting-Lu\n|-supereffective|p1a: Ting-Lu\n|-damage|p1a: Ting-Lu|87\/100\n|\n|t:|1700009825\n|switch|p2a: Ogerpon|Ogerpon-Wellspring, F|100\/100|[from] U-turn\n|move|p1a: Ting-Lu|Stealth Rock|p2a: Ogerpon\n|-sidestart|p2: OUFC Test1|move: Stealth Rock\n|\n|-heal|p1a: Ting-Lu|93\/100|[from] item: Leftovers\n|upkeep\n|turn|2\n|\n|t:|1700009828\n|switch|p1a: Breloom|Breloom, M|100\/100\n|move|p2a: Ogerpon|Ivy Cudgel|p1a: Breloom|[anim] Ivy Cudgel Water\n|-resisted|p1a: Breloom\n|-damage|p1a: Breloom|74\/100\n|\n|-heal|p1a: Breloom|81\/100|[from] item: Leftovers\n|upkeep\n|turn|3\n|\n|t:|1700009841\n|switch|p1a: Tornadus|Tornadus-Therian, M|100\/100\n|move|p2a: Ogerpon|U-turn|p1a: Tornadus\n|-resisted|p1a: Tornadus\n|-damage|p1a: Tornadus|86\/100\n|\n|t:|1700009849\n|switch|p2a: Clefable|Clefable, F|100\/100|[from] U-turn\n|\n|upkeep\n|turn|4\n|\n|t:|1700009852\n|move|p1a: Tornadus|Knock Off|p2a: Clefable\n|-resisted|p2a: Clefable\n|-damage|p2a: Clefable|92\/100\n|-enditem|p2a: Clefable|Leftovers|[from] move: Knock Off|[of] p1a: Tornadus\n|move|p2a: Clefable|Stealth Rock|p1a: Tornadus\n|-sidestart|p1: outu yuhh|move: Stealth Rock\n|\n|upkeep\n|turn|5\n|\n|t:|1700009856\n|move|p1a: Tornadus|U-turn|p2a: Clefable\n|-resisted|p2a: Clefable\n|-damage|p2a: Clefable|87\/100\n|\n|t:|1700009859\n|switch|p1a: Slowking|Slowking-Galar, M|100\/100|[from] U-turn\n|move|p2a: Clefable|Knock Off|p1a: Slowking\n|-supereffective|p1a: Slowking\n|-damage|p1a: Slowking|69\/100\n|-enditem|p1a: Slowking|Heavy-Duty Boots|[from] move: Knock Off|[of] p2a: Clefable\n|\n|upkeep\n|turn|6\n|\n|t:|1700009866\n|switch|p2a: Gholdengo|Gholdengo|100\/100\n|-damage|p2a: Gholdengo|94\/100|[from] Stealth Rock\n|move|p1a: Slowking|Future Sight|p2a: Gholdengo\n|-start|p1a: Slowking|move: Future Sight\n|\n|upkeep\n|turn|7\n|\n|t:|1700009888\n|move|p2a: Gholdengo|Make It Rain|p1a: Slowking\n|-damage|p1a: Slowking|7\/100\n|-unboost|p2a: Gholdengo|spa|1\n|move|p1a: Slowking|Chilly Reception|p1a: Slowking\n|-weather|Snow\n|\n|t:|1700009896\n|switch|p1a: Cinderace|Cinderace, M|100\/100|[from] Chilly Reception\n|\n|-weather|Snow|[upkeep]\n|upkeep\n|turn|8\n|\n|t:|1700009904\n|switch|p2a: Moltres|Moltres|100\/100\n|move|p1a: Cinderace|Pyro Ball|p2a: Moltres\n|-resisted|p2a: Moltres\n|-damage|p2a: Moltres|81\/100\n|\n|-weather|Snow|[upkeep]\n|-end|p2a: Moltres|move: Future Sight\n|-damage|p2a: Moltres|35\/100\n|upkeep\n|turn|9\n|\n|t:|1700009909\n|switch|p1a: Slowking|Slowking-Galar, M|40\/100\n|-damage|p1a: Slowking|28\/100|[from] Stealth Rock\n|move|p2a: Moltres|Roost|p2a: Moltres\n|-heal|p2a: Moltres|85\/100\n|-singleturn|p2a: Moltres|move: Roost\n|\n|-weather|Snow|[upkeep]\n|upkeep\n|turn|10\n|\n|t:|1700009917\n|switch|p1a: Tornadus|Tornadus-Therian, M|100\/100\n|move|p2a: Moltres|U-turn|p1a: Tornadus\n|-resisted|p1a: Tornadus\n|-damage|p1a: Tornadus|92\/100\n|\n|t:|1700009924\n|switch|p2a: Clefable|Clefable, F|87\/100|[from] U-turn\n|\n|-weather|Snow|[upkeep]\n|upkeep\n|turn|11\n|\n|t:|1700009927\n|move|p1a: Tornadus|U-turn|p2a: Clefable\n|-resisted|p2a: Clefable\n|-damage|p2a: Clefable|81\/100\n|\n|t:|1700009928\n|switch|p1a: Slowking|Slowking-Galar, M|61\/100|[from] U-turn\n|-damage|p1a: Slowking|48\/100|[from] Stealth Rock\n|move|p2a: Clefable|Knock Off|p1a: Slowking\n|-supereffective|p1a: Slowking\n|-damage|p1a: Slowking|28\/100\n|\n|-weather|none\n|upkeep\n|turn|12\n|\n|t:|1700009930\n|move|p2a: Clefable|Knock Off|p1a: Slowking\n|-supereffective|p1a: Slowking\n|-damage|p1a: Slowking|6\/100\n|move|p1a: Slowking|Slack Off|p1a: Slowking\n|-heal|p1a: Slowking|56\/100\n|\n|upkeep\n|turn|13\n|\n|t:|1700009933\n|switch|p2a: Gholdengo|Gholdengo|94\/100\n|-damage|p2a: Gholdengo|88\/100|[from] Stealth Rock\n|move|p1a: Slowking|Chilly Reception|p1a: Slowking\n|-weather|Snow\n|\n|t:|1700009936\n|switch|p1a: Cinderace|Cinderace, M|100\/100|[from] Chilly Reception\n|\n|-weather|Snow|[upkeep]\n|upkeep\n|turn|14\n|\n|t:|1700009949\n|switch|p2a: Moltres|Moltres|85\/100\n|move|p1a: Cinderace|Pyro Ball|p2a: Moltres\n|-resisted|p2a: Moltres\n|-damage|p2a: Moltres|64\/100\n|\n|-weather|Snow|[upkeep]\n|upkeep\n|turn|15\n|\n|t:|1700009953\n|switch|p1a: Walking Wake|Walking Wake|100\/100\n|-damage|p1a: Walking Wake|88\/100|[from] Stealth Rock\n|move|p2a: Moltres|Roost|p2a: Moltres\n|-heal|p2a: Moltres|100\/100\n|-singleturn|p2a: Moltres|move: Roost\n|\n|-weather|Snow|[upkeep]\n|upkeep\n|turn|16\n|\n|t:|1700009955\n|switch|p2a: Clefable|Clefable, F|81\/100\n|move|p1a: Walking Wake|Draco Meteor|p2a: Clefable\n|-immune|p2a: Clefable\n|\n|-weather|Snow|[upkeep]\n|upkeep\n|turn|17\n|\n|t:|1700009961\n|-end|p1a: Walking Wake|Protosynthesis|[silent]\n|switch|p1a: Slowking|Slowking-Galar, M|90\/100\n|-damage|p1a: Slowking|77\/100|[from] Stealth Rock\n|switch|p2a: Gholdengo|Gholdengo|88\/100\n|-damage|p2a: Gholdengo|82\/100|[from] Stealth Rock\n|\n|-weather|none\n|upkeep\n|turn|18\n|\n|t:|1700009964\n|switch|p1a: Ting-Lu|Ting-Lu|93\/100\n|-damage|p1a: Ting-Lu|87\/100|[from] Stealth Rock\n|-ability|p1a: Ting-Lu|Vessel of Ruin\n|move|p2a: Gholdengo|Make It Rain|p1a: Ting-Lu\n|-damage|p1a: Ting-Lu|26\/100\n|-unboost|p2a: Gholdengo|spa|1\n|\n|-heal|p1a: Ting-Lu|32\/100|[from] item: Leftovers\n|upkeep\n|turn|19\n|\n|t:|1700009975\n|switch|p2a: Ting-Lu|Ting-Lu|100\/100\n|-damage|p2a: Ting-Lu|94\/100|[from] Stealth Rock\n|-ability|p2a: Ting-Lu|Vessel of Ruin\n|switch|p1a: Walking Wake|Walking Wake|88\/100\n|-damage|p1a: Walking Wake|76\/100|[from] Stealth Rock\n|\n|-heal|p2a: Ting-Lu|100\/100|[from] item: Leftovers\n|upkeep\n|turn|20\n|\n|t:|1700009979\n|move|p1a: Walking Wake|Hydro Steam|p2a: Ting-Lu\n|-supereffective|p2a: Ting-Lu\n|-damage|p2a: Ting-Lu|49\/100\n|move|p2a: Ting-Lu|Whirlwind|p1a: Walking Wake\n|-end|p1a: Walking Wake|Protosynthesis|[silent]\n|drag|p1a: Cinderace|Cinderace, M|100\/100\n|\n|-heal|p2a: Ting-Lu|55\/100|[from] item: Leftovers\n|upkeep\n|turn|21\n|\n|t:|1700009981\n|move|p1a: Cinderace|U-turn|p2a: Ting-Lu\n|-start|p1a: Cinderace|typechange|Bug|[from] ability: Libero\n|-supereffective|p2a: Ting-Lu\n|-damage|p2a: Ting-Lu|21\/100\n|\n|t:|1700009983\n|switch|p1a: Breloom|Breloom, M|81\/100|[from] U-turn\n|-damage|p1a: Breloom|74\/100|[from] Stealth Rock\n|move|p2a: Ting-Lu|Earthquake|p1a: Breloom\n|-resisted|p1a: Breloom\n|-crit|p1a: Breloom\n|-damage|p1a: Breloom|47\/100\n|\n|-heal|p1a: Breloom|53\/100|[from] item: Leftovers\n|-heal|p2a: Ting-Lu|27\/100|[from] item: Leftovers\n|upkeep\n|turn|22\n|\n|t:|1700009989\n|switch|p1a: Walking Wake|Walking Wake|76\/100\n|-damage|p1a: Walking Wake|63\/100|[from] Stealth Rock\n|switch|p2a: Gholdengo|Gholdengo|82\/100\n|-damage|p2a: Gholdengo|76\/100|[from] Stealth Rock\n|\n|upkeep\n|turn|23\n|\n|t:|1700009995\n|switch|p2a: Clefable|Clefable, F|81\/100\n|move|p1a: Walking Wake|Draco Meteor|p2a: Clefable\n|-immune|p2a: Clefable\n|\n|upkeep\n|turn|24\n|\n|t:|1700010003\n|-end|p1a: Walking Wake|Protosynthesis|[silent]\n|switch|p1a: Cinderace|Cinderace, M|100\/100\n|move|p2a: Clefable|Knock Off|p1a: Cinderace\n|-crit|p1a: Cinderace\n|-damage|p1a: Cinderace|67\/100\n|-enditem|p1a: Cinderace|Heavy-Duty Boots|[from] move: Knock Off|[of] p2a: Clefable\n|\n|upkeep\n|turn|25\n|\n|t:|1700010006\n|switch|p2a: Moltres|Moltres|100\/100\n|move|p1a: Cinderace|Pyro Ball|p2a: Moltres\n|-resisted|p2a: Moltres\n|-damage|p2a: Moltres|81\/100\n|\n|upkeep\n|turn|26\n|\n|t:|1700010010\n|move|p1a: Cinderace|Pyro Ball|p2a: Moltres\n|-resisted|p2a: Moltres\n|-damage|p2a: Moltres|60\/100\n|move|p2a: Moltres|U-turn|p1a: Cinderace\n|-resisted|p1a: Cinderace\n|-damage|p1a: Cinderace|55\/100\n|\n|t:|1700010018\n|switch|p2a: Clefable|Clefable, F|81\/100|[from] U-turn\n|\n|upkeep\n|turn|27\n|\n|t:|1700010022\n|switch|p2a: Moltres|Moltres|60\/100\n|move|p1a: Cinderace|U-turn|p2a: Moltres\n|-start|p1a: Cinderace|typechange|Bug|[from] ability: Libero\n|-resisted|p2a: Moltres\n|-damage|p2a: Moltres|55\/100\n|\n|t:|1700010024\n|switch|p1a: Walking Wake|Walking Wake|63\/100|[from] U-turn\n|-damage|p1a: Walking Wake|51\/100|[from] Stealth Rock\n|\n|upkeep\n|turn|28\n|\n|t:|1700010029\n|switch|p2a: Ogerpon|Ogerpon-Wellspring, F|100\/100\n|-damage|p2a: Ogerpon|88\/100|[from] Stealth Rock\n|move|p1a: Walking Wake|Draco Meteor|p2a: Ogerpon\n|-damage|p2a: Ogerpon|0 fnt\n|-unboost|p1a: Walking Wake|spa|2\n|faint|p2a: Ogerpon\n|\n|upkeep\n|\n|t:|1700010032\n|switch|p2a: Zamazenta|Zamazenta|100\/100\n|-ability|p2a: Zamazenta|Dauntless Shield|boost\n|-boost|p2a: Zamazenta|def|1\n|turn|29\n|\n|t:|1700010035\n|-end|p1a: Walking Wake|Protosynthesis|[silent]\n|switch|p1a: Ting-Lu|Ting-Lu|32\/100\n|-damage|p1a: Ting-Lu|26\/100|[from] Stealth Rock\n|-ability|p1a: Ting-Lu|Vessel of Ruin\n|move|p2a: Zamazenta|Stone Edge|p1a: Ting-Lu\n|-resisted|p1a: Ting-Lu\n|-damage|p1a: Ting-Lu|19\/100\n|\n|-heal|p1a: Ting-Lu|25\/100|[from] item: Leftovers\n|upkeep\n|turn|30\n|\n|t:|1700010043\n|switch|p1a: Tornadus|Tornadus-Therian, M|100\/100\n|move|p2a: Zamazenta|Crunch|p1a: Tornadus\n|-damage|p1a: Tornadus|69\/100\n|\n|upkeep\n|turn|31\n|\n|t:|1700010048\n|move|p2a: Zamazenta|Stone Edge|p1a: Tornadus|[miss]\n|-miss|p2a: Zamazenta|p1a: Tornadus\n|move|p1a: Tornadus|Bleakwind Storm|p2a: Zamazenta\n|-supereffective|p2a: Zamazenta\n|-damage|p2a: Zamazenta|26\/100\n|\n|upkeep\n|turn|32\n|\n|t:|1700010054\n|-terastallize|p1a: Tornadus|Fighting\n|move|p2a: Zamazenta|Stone Edge|p1a: Tornadus|[miss]\n|-miss|p2a: Zamazenta|p1a: Tornadus\n|move|p1a: Tornadus|Bleakwind Storm|p2a: Zamazenta\n|-supereffective|p2a: Zamazenta\n|-damage|p2a: Zamazenta|0 fnt\n|faint|p2a: Zamazenta\n|\n|upkeep\n|\n|t:|1700010061\n|switch|p2a: Clefable|Clefable, F|81\/100\n|turn|33\n|\n|t:|1700010063\n|move|p1a: Tornadus|U-turn|p2a: Clefable\n|-resisted|p2a: Clefable\n|-damage|p2a: Clefable|75\/100\n|\n|t:|1700010065\n|switch|p1a: Slowking|Slowking-Galar, M|100\/100|[from] U-turn\n|-damage|p1a: Slowking|88\/100|[from] Stealth Rock\n|move|p2a: Clefable|Moonblast|p1a: Slowking\n|-resisted|p1a: Slowking\n|-damage|p1a: Slowking|79\/100\n|\n|upkeep\n|turn|34\n|\n|t:|1700010067\n|switch|p2a: Gholdengo|Gholdengo|76\/100\n|-damage|p2a: Gholdengo|70\/100|[from] Stealth Rock\n|move|p1a: Slowking|Chilly Reception|p1a: Slowking\n|-weather|Snow\n|\n|t:|1700010070\n|switch|p1a: Cinderace|Cinderace, M|55\/100|[from] Chilly Reception\n|-damage|p1a: Cinderace|30\/100|[from] Stealth Rock\n|\n|-weather|Snow|[upkeep]\n|upkeep\n|turn|35\n|\n|t:|1700010075\n|switch|p1a: Walking Wake|Walking Wake|51\/100\n|-damage|p1a: Walking Wake|39\/100|[from] Stealth Rock\n|switch|p2a: Moltres|Moltres|55\/100\n|\n|-weather|Snow|[upkeep]\n|upkeep\n|turn|36\n|\n|t:|1700010084\n|switch|p2a: Ting-Lu|Ting-Lu|27\/100\n|-damage|p2a: Ting-Lu|21\/100|[from] Stealth Rock\n|-ability|p2a: Ting-Lu|Vessel of Ruin\n|move|p1a: Walking Wake|Hydro Steam|p2a: Ting-Lu\n|-supereffective|p2a: Ting-Lu\n|-damage|p2a: Ting-Lu|0 fnt\n|faint|p2a: Ting-Lu\n|\n|-weather|Snow|[upkeep]\n|upkeep\n|\n|t:|1700010086\n|switch|p2a: Clefable|Clefable, F|75\/100\n|turn|37\n|\n|t:|1700010090\n|-end|p1a: Walking Wake|Protosynthesis|[silent]\n|switch|p1a: Cinderace|Cinderace, M|30\/100\n|-damage|p1a: Cinderace|5\/100|[from] Stealth Rock\n|move|p2a: Clefable|Moonblast|p1a: Cinderace\n|-resisted|p1a: Cinderace\n|-damage|p1a: Cinderace|0 fnt\n|faint|p1a: Cinderace\n|\n|-weather|Snow|[upkeep]\n|upkeep\n|\n|t:|1700010093\n|switch|p1a: Slowking|Slowking-Galar, M|100\/100\n|-damage|p1a: Slowking|88\/100|[from] Stealth Rock\n|turn|38\n|\n|t:|1700010097\n|move|p2a: Clefable|Knock Off|p1a: Slowking\n|-supereffective|p1a: Slowking\n|-damage|p1a: Slowking|67\/100\n|move|p1a: Slowking|Future Sight|p2a: Clefable\n|-start|p1a: Slowking|move: Future Sight\n|\n|-weather|none\n|upkeep\n|turn|39\n|\n|t:|1700010102\n|move|p2a: Clefable|Knock Off|p1a: Slowking\n|-supereffective|p1a: Slowking\n|-damage|p1a: Slowking|47\/100\n|move|p1a: Slowking|Chilly Reception|p1a: Slowking\n|-weather|Snow\n|\n|t:|1700010110\n|switch|p1a: Breloom|Breloom, M|53\/100|[from] Chilly Reception\n|-damage|p1a: Breloom|47\/100|[from] Stealth Rock\n|\n|-weather|Snow|[upkeep]\n|-heal|p1a: Breloom|53\/100|[from] item: Leftovers\n|upkeep\n|turn|40\n|\n|t:|1700010121\n|switch|p2a: Moltres|Moltres|55\/100\n|move|p1a: Breloom|Seed Bomb|p2a: Moltres\n|-resisted|p2a: Moltres\n|-damage|p2a: Moltres|49\/100\n|\n|-weather|Snow|[upkeep]\n|-end|p2a: Moltres|move: Future Sight\n|-damage|p2a: Moltres|6\/100\n|-heal|p1a: Breloom|59\/100|[from] item: Leftovers\n|upkeep\n|turn|41\n|\n|t:|1700010129\n|switch|p1a: Walking Wake|Walking Wake|39\/100\n|-damage|p1a: Walking Wake|26\/100|[from] Stealth Rock\n|move|p2a: Moltres|U-turn|p1a: Walking Wake\n|-damage|p1a: Walking Wake|11\/100\n|\n|t:|1700010131\n|switch|p2a: Clefable|Clefable, F|75\/100|[from] U-turn\n|\n|-weather|Snow|[upkeep]\n|upkeep\n|turn|42\n|\n|t:|1700010140\n|-terastallize|p2a: Clefable|Water\n|move|p1a: Walking Wake|Hydro Steam|p2a: Clefable\n|-resisted|p2a: Clefable\n|-damage|p2a: Clefable|46\/100\n|move|p2a: Clefable|Moonblast|p1a: Walking Wake\n|-supereffective|p1a: Walking Wake\n|-damage|p1a: Walking Wake|0 fnt\n|faint|p1a: Walking Wake\n|-end|p1a: Walking Wake|Protosynthesis|[silent]\n|\n|-weather|Snow|[upkeep]\n|upkeep\n|\n|t:|1700010144\n|switch|p1a: Slowking|Slowking-Galar, M|80\/100\n|-damage|p1a: Slowking|68\/100|[from] Stealth Rock\n|turn|43\n|\n|t:|1700010148\n|switch|p2a: Gholdengo|Gholdengo|70\/100\n|-damage|p2a: Gholdengo|64\/100|[from] Stealth Rock\n|move|p1a: Slowking|Chilly Reception|p1a: Slowking\n|\n|t:|1700010149\n|switch|p1a: Tornadus|Tornadus-Therian, M, tera:Fighting|100\/100|[from] Chilly Reception\n|\n|-weather|none\n|upkeep\n|turn|44\n|\n|t:|1700010158\n|switch|p2a: Clefable|Clefable, F, tera:Water|46\/100\n|move|p1a: Tornadus|Knock Off|p2a: Clefable\n|-damage|p2a: Clefable|35\/100\n|\n|upkeep\n|turn|45\n|\n|t:|1700010179\n|move|p1a: Tornadus|U-turn|p2a: Clefable\n|-damage|p2a: Clefable|24\/100\n|\n|t:|1700010180\n|switch|p1a: Breloom|Breloom, M|59\/100|[from] U-turn\n|-damage|p1a: Breloom|53\/100|[from] Stealth Rock\n|move|p2a: Clefable|Moonlight|p2a: Clefable\n|-heal|p2a: Clefable|74\/100\n|\n|-heal|p1a: Breloom|59\/100|[from] item: Leftovers\n|upkeep\n|turn|46\n|\n|t:|1700010184\n|switch|p2a: Gholdengo|Gholdengo|64\/100\n|-damage|p2a: Gholdengo|58\/100|[from] Stealth Rock\n|move|p1a: Breloom|Seed Bomb|p2a: Gholdengo\n|-resisted|p2a: Gholdengo\n|-damage|p2a: Gholdengo|37\/100\n|\n|-heal|p1a: Breloom|65\/100|[from] item: Leftovers\n|upkeep\n|turn|47\n|\n|t:|1700010190\n|switch|p1a: Ting-Lu|Ting-Lu|25\/100\n|-damage|p1a: Ting-Lu|19\/100|[from] Stealth Rock\n|-ability|p1a: Ting-Lu|Vessel of Ruin\n|move|p2a: Gholdengo|Make It Rain|p1a: Ting-Lu\n|-damage|p1a: Ting-Lu|0 fnt\n|-unboost|p2a: Gholdengo|spa|1\n|faint|p1a: Ting-Lu\n|\n|upkeep\n|\n|t:|1700010195\n|switch|p1a: Tornadus|Tornadus-Therian, M, tera:Fighting|100\/100\n|turn|48\n|\n|t:|1700010199\n|switch|p2a: Clefable|Clefable, F, tera:Water|74\/100\n|move|p1a: Tornadus|U-turn|p2a: Clefable\n|-damage|p2a: Clefable|63\/100\n|\n|t:|1700010201\n|switch|p1a: Breloom|Breloom, M|65\/100|[from] U-turn\n|-damage|p1a: Breloom|59\/100|[from] Stealth Rock\n|\n|-heal|p1a: Breloom|65\/100|[from] item: Leftovers\n|upkeep\n|turn|49\n|\n|t:|1700010212\n|switch|p2a: Gholdengo|Gholdengo|37\/100\n|-damage|p2a: Gholdengo|31\/100|[from] Stealth Rock\n|move|p1a: Breloom|Seed Bomb|p2a: Gholdengo\n|-resisted|p2a: Gholdengo\n|-damage|p2a: Gholdengo|13\/100\n|\n|-heal|p1a: Breloom|71\/100|[from] item: Leftovers\n|upkeep\n|turn|50\n|\n|t:|1700010219\n|switch|p1a: Slowking|Slowking-Galar, M|100\/100\n|-damage|p1a: Slowking|88\/100|[from] Stealth Rock\n|move|p2a: Gholdengo|Psyshock|p1a: Slowking\n|-damage|p1a: Slowking|37\/100\n|\n|upkeep\n|turn|51\n|\n|t:|1700010222\n|switch|p1a: Tornadus|Tornadus-Therian, M, tera:Fighting|100\/100\n|move|p2a: Gholdengo|Psyshock|p1a: Tornadus\n|-supereffective|p1a: Tornadus\n|-damage|p1a: Tornadus|1\/100\n|\n|upkeep\n|turn|52\n|\n|t:|1700010228\n|switch|p2a: Moltres|Moltres|6\/100\n|move|p1a: Tornadus|U-turn|p2a: Moltres\n|-resisted|p2a: Moltres\n|-damage|p2a: Moltres|4\/100\n|\n|t:|1700010233\n|switch|p1a: Slowking|Slowking-Galar, M|70\/100|[from] U-turn\n|-damage|p1a: Slowking|58\/100|[from] Stealth Rock\n|\n|upkeep\n|turn|53\n|\n|t:|1700010236\n|move|p2a: Moltres|Roost|p2a: Moltres\n|-heal|p2a: Moltres|54\/100\n|-singleturn|p2a: Moltres|move: Roost\n|move|p1a: Slowking|Future Sight|p2a: Moltres\n|-start|p1a: Slowking|move: Future Sight\n|\n|upkeep\n|turn|54\n|\n|t:|1700010241\n|move|p2a: Moltres|Roost|p2a: Moltres\n|-heal|p2a: Moltres|100\/100\n|-singleturn|p2a: Moltres|move: Roost\n|move|p1a: Slowking|Chilly Reception|p1a: Slowking\n|-weather|Snow\n|\n|t:|1700010242\n|switch|p1a: Tornadus|Tornadus-Therian, M, tera:Fighting|34\/100|[from] Chilly Reception\n|\n|-weather|Snow|[upkeep]\n|upkeep\n|turn|55\n|\n|t:|1700010244\n|switch|p1a: Slowking|Slowking-Galar, M|91\/100\n|-damage|p1a: Slowking|79\/100|[from] Stealth Rock\n|move|p2a: Moltres|Will-O-Wisp|p1a: Slowking\n|-status|p1a: Slowking|brn\n|\n|-weather|Snow|[upkeep]\n|-end|p2a: Moltres|move: Future Sight\n|-damage|p2a: Moltres|51\/100\n|-damage|p1a: Slowking|73\/100 brn|[from] brn\n|upkeep\n|turn|56\n|\n|t:|1700010246\n|move|p2a: Moltres|U-turn|p1a: Slowking\n|-damage|p1a: Slowking|58\/100 brn\n|\n|t:|1700010249\n|switch|p2a: Gholdengo|Gholdengo|13\/100|[from] U-turn\n|-damage|p2a: Gholdengo|7\/100|[from] Stealth Rock\n|move|p1a: Slowking|Future Sight|p2a: Gholdengo\n|-start|p1a: Slowking|move: Future Sight\n|\n|-weather|Snow|[upkeep]\n|-damage|p1a: Slowking|52\/100 brn|[from] brn\n|upkeep\n|turn|57\n|\n|t:|1700010253\n|move|p2a: Gholdengo|Psyshock|p1a: Slowking\n|-damage|p1a: Slowking|6\/100 brn\n|move|p1a: Slowking|Chilly Reception|p1a: Slowking\n|\n|t:|1700010255\n|switch|p1a: Tornadus|Tornadus-Therian, M, tera:Fighting|67\/100|[from] Chilly Reception\n|\n|-weather|Snow|[upkeep]\n|upkeep\n|turn|58\n|\n|t:|1700010261\n|switch|p2a: Clefable|Clefable, F, tera:Water|63\/100\n|move|p1a: Tornadus|Knock Off|p2a: Clefable\n|-damage|p2a: Clefable|53\/100\n|\n|-weather|none\n|-end|p2a: Clefable|move: Future Sight\n|-damage|p2a: Clefable|13\/100\n|upkeep\n|turn|59\n|\n|t:|1700010265\n|move|p1a: Tornadus|Bleakwind Storm|p2a: Clefable\n|-damage|p2a: Clefable|0 fnt\n|faint|p2a: Clefable\n|\n|upkeep\n|\n|t:|1700010267\n|switch|p2a: Moltres|Moltres|51\/100\n|turn|60\n|\n|t:|1700010270\n|move|p1a: Tornadus|Knock Off|p2a: Moltres\n|-damage|p2a: Moltres|37\/100\n|-enditem|p2a: Moltres|Heavy-Duty Boots|[from] move: Knock Off|[of] p1a: Tornadus\n|move|p2a: Moltres|Flamethrower|p1a: Tornadus\n|-damage|p1a: Tornadus|27\/100\n|\n|upkeep\n|turn|61\n|\n|t:|1700010273\n|move|p1a: Tornadus|U-turn|p2a: Moltres\n|-resisted|p2a: Moltres\n|-damage|p2a: Moltres|34\/100\n|\n|t:|1700010274\n|switch|p1a: Slowking|Slowking-Galar, M|40\/100 brn|[from] U-turn\n|-damage|p1a: Slowking|27\/100 brn|[from] Stealth Rock\n|move|p2a: Moltres|Flamethrower|p1a: Slowking\n|-damage|p1a: Slowking|5\/100 brn\n|\n|-damage|p1a: Slowking|0 fnt|[from] brn\n|faint|p1a: Slowking\n|upkeep\n|\n|t:|1700010277\n|switch|p1a: Tornadus|Tornadus-Therian, M, tera:Fighting|60\/100\n|turn|62\n|\n|t:|1700010279\n|move|p1a: Tornadus|Bleakwind Storm|p2a: Moltres\n|-damage|p2a: Moltres|0 fnt\n|faint|p2a: Moltres\n|\n|upkeep\n|\n|t:|1700010281\n|switch|p2a: Gholdengo|Gholdengo|7\/100\n|-damage|p2a: Gholdengo|1\/100|[from] Stealth Rock\n|turn|63\n|\n|t:|1700010283\n|move|p1a: Tornadus|Knock Off|p2a: Gholdengo\n|-supereffective|p2a: Gholdengo\n|-damage|p2a: Gholdengo|0 fnt\n|-enditem|p2a: Gholdengo|Choice Specs|[from] move: Knock Off|[of] p1a: Tornadus\n|faint|p2a: Gholdengo\n|\n|win|outu yuhh\n|raw|outu yuhh's rating: 1645 &rarr; <strong>1665<\/strong><br \/>(+20 for winning)\n|raw|OUFC Test1's rating: 1649 &rarr; <strong>1629<\/strong><br \/>(-20 for losing)\n|l|\u2606outu yuhh\n|c|\u2606OUFC Test1|gg\n|l|\u2606OUFC Test1\n|j|\u2606OUFC Test1\n|player|p2|OUFC Test1|iono\n","uploadtime":1700010295,"views":24,"p1id":"outuyuhh","p2id":"oufctest1","formatid":"gen9ou","rating":1629,"private":0,"password":""}