{"id":"gen9ou-1989767468","p1":"PhoneHead","p2":"littensalt","format":"[Gen 9] OU","log":"|j|\u2606PhoneHead\n|j|\u2606littensalt\n|t:|1699894023\n|gametype|singles\n|player|p1|PhoneHead|steven|1290\n|player|p2|littensalt|calem|1325\n|teamsize|p1|6\n|teamsize|p2|6\n|gen|9\n|tier|[Gen 9] OU\n|rated|\n|rule|Sleep Clause Mod: Limit one foe put to sleep\n|rule|Species Clause: Limit one of each Pok\u00e9mon\n|rule|OHKO Clause: OHKO moves are banned\n|rule|Evasion Items Clause: Evasion items are banned\n|rule|Evasion Moves Clause: Evasion moves are banned\n|rule|Endless Battle Clause: Forcing endless battles is banned\n|rule|HP Percentage Mod: HP is shown in percentages\n|clearpoke\n|poke|p1|Gholdengo|\n|poke|p1|Ribombee, F|\n|poke|p1|Dragonite, M|\n|poke|p1|Iron Valiant|\n|poke|p1|Great Tusk|\n|poke|p1|Kingambit, M|\n|poke|p2|Thundurus-Therian, M|\n|poke|p2|Weezing-Galar, F|\n|poke|p2|Cinderace, F|\n|poke|p2|Dragapult, F|\n|poke|p2|Greninja-*, M|\n|poke|p2|Zamazenta-*|\n|teampreview\n|\n|t:|1699894030\n|start\n|switch|p1a: Spider-Girl|Ribombee, F|100\/100\n|switch|p2a: FRANCHISE|Cinderace, F|100\/100\n|turn|1\n|\n|t:|1699894037\n|move|p1a: Spider-Girl|Sticky Web|p2a: FRANCHISE\n|-sidestart|p2: littensalt|move: Sticky Web\n|move|p2a: FRANCHISE|Pyro Ball|p1a: Spider-Girl\n|-supereffective|p1a: Spider-Girl\n|-enditem|p1a: Spider-Girl|Focus Sash\n|-damage|p1a: Spider-Girl|1\/100\n|\n|upkeep\n|turn|2\n|\n|t:|1699894046\n|switch|p2a: 5g|Thundurus-Therian, M, shiny|100\/100\n|move|p1a: Spider-Girl|Moonblast|p2a: 5g\n|-damage|p2a: 5g|44\/100\n|-unboost|p2a: 5g|spa|1\n|\n|upkeep\n|turn|3\n|\n|t:|1699894053\n|switch|p2a: FRANCHISE|Cinderace, F|100\/100\n|move|p1a: Spider-Girl|Moonblast|p2a: FRANCHISE\n|-resisted|p2a: FRANCHISE\n|-damage|p2a: FRANCHISE|70\/100\n|\n|upkeep\n|turn|4\n|\n|t:|1699894060\n|move|p2a: FRANCHISE|Sucker Punch|p1a: Spider-Girl\n|-start|p2a: FRANCHISE|typechange|Dark|[from] ability: Libero\n|-resisted|p1a: Spider-Girl\n|-damage|p1a: Spider-Girl|0 fnt\n|faint|p1a: Spider-Girl\n|\n|upkeep\n|\n|t:|1699894067\n|switch|p1a: Kill\/Them|Iron Valiant|100\/100\n|-enditem|p1a: Kill\/Them|Booster Energy\n|-activate|p1a: Kill\/Them|ability: Quark Drive|[fromitem]\n|-start|p1a: Kill\/Them|quarkdrivespe\n|turn|5\n|\n|t:|1699894075\n|switch|p2a: wheezy outta here|Weezing-Galar, F, shiny|100\/100\n|-ability|p2a: wheezy outta here|Neutralizing Gas\n|-activate|p2a: wheezy outta here|move: Sticky Web\n|-unboost|p2a: wheezy outta here|spe|1\n|move|p1a: Kill\/Them|Swords Dance|p1a: Kill\/Them\n|-boost|p1a: Kill\/Them|atk|2\n|\n|upkeep\n|turn|6\n|\n|t:|1699894085\n|move|p1a: Kill\/Them|Liquidation|p2a: wheezy outta here\n|-damage|p2a: wheezy outta here|64\/100\n|-damage|p1a: Kill\/Them|84\/100|[from] item: Rocky Helmet|[of] p2a: wheezy outta here\n|move|p2a: wheezy outta here|Will-O-Wisp|p1a: Kill\/Them\n|-status|p1a: Kill\/Them|brn\n|\n|-damage|p1a: Kill\/Them|78\/100 brn|[from] brn\n|upkeep\n|turn|7\n|\n|t:|1699894094\n|move|p1a: Kill\/Them|Swords Dance|p1a: Kill\/Them\n|-boost|p1a: Kill\/Them|atk|2\n|move|p2a: wheezy outta here|Haze|p2a: wheezy outta here\n|-clearallboost\n|\n|-damage|p1a: Kill\/Them|71\/100 brn|[from] brn\n|upkeep\n|turn|8\n|\n|t:|1699894103\n|-end|p2a: wheezy outta here|ability: Neutralizing Gas\n|switch|p2a: FRANCHISE|Cinderace, F|70\/100\n|move|p1a: Kill\/Them|Swords Dance|p1a: Kill\/Them\n|-boost|p1a: Kill\/Them|atk|2\n|\n|-damage|p1a: Kill\/Them|65\/100 brn|[from] brn\n|upkeep\n|turn|9\n|\n|t:|1699894112\n|move|p1a: Kill\/Them|Close Combat|p2a: FRANCHISE\n|-damage|p2a: FRANCHISE|0 fnt\n|-unboost|p1a: Kill\/Them|def|1\n|-unboost|p1a: Kill\/Them|spd|1\n|faint|p2a: FRANCHISE\n|\n|-damage|p1a: Kill\/Them|59\/100 brn|[from] brn\n|upkeep\n|\n|t:|1699894116\n|switch|p2a: wheezy outta here|Weezing-Galar, F, shiny|64\/100\n|-ability|p2a: wheezy outta here|Neutralizing Gas\n|-activate|p2a: wheezy outta here|move: Sticky Web\n|-unboost|p2a: wheezy outta here|spe|1\n|turn|10\n|\n|t:|1699894127\n|move|p1a: Kill\/Them|Liquidation|p2a: wheezy outta here\n|-crit|p2a: wheezy outta here\n|-damage|p2a: wheezy outta here|35\/100\n|-unboost|p2a: wheezy outta here|def|1\n|-damage|p1a: Kill\/Them|42\/100 brn|[from] item: Rocky Helmet|[of] p2a: wheezy outta here\n|move|p2a: wheezy outta here|Strange Steam|p1a: Kill\/Them\n|-supereffective|p1a: Kill\/Them\n|-damage|p1a: Kill\/Them|0 fnt\n|faint|p1a: Kill\/Them\n|-end|p1a: Kill\/Them|Quark Drive|[silent]\n|\n|upkeep\n|\n|t:|1699894141\n|switch|p1a: Reddit Ghold|Gholdengo|100\/100\n|turn|11\n|\n|t:|1699894148\n|-end|p2a: wheezy outta here|ability: Neutralizing Gas\n|switch|p2a: N95|Greninja, M|100\/100\n|-activate|p2a: N95|move: Sticky Web\n|-unboost|p2a: N95|spe|1\n|move|p1a: Reddit Ghold|Nasty Plot|p1a: Reddit Ghold\n|-boost|p1a: Reddit Ghold|spa|2\n|\n|upkeep\n|turn|12\n|\n|t:|1699894159\n|move|p1a: Reddit Ghold|Focus Blast|p2a: N95|[miss]\n|-miss|p1a: Reddit Ghold|p2a: N95\n|move|p2a: N95|Dark Pulse|p1a: Reddit Ghold\n|-supereffective|p1a: Reddit Ghold\n|-damage|p1a: Reddit Ghold|0 fnt\n|faint|p1a: Reddit Ghold\n|-ability|p2a: N95|Battle Bond|boost\n|-boost|p2a: N95|atk|1\n|-boost|p2a: N95|spa|1\n|-boost|p2a: N95|spe|1\n|-activate|p2a: N95|ability: Battle Bond\n|-damage|p2a: N95|91\/100|[from] item: Life Orb\n|\n|upkeep\n|c|\u2606PhoneHead|focus blast has lost me more games then it's won\n|\n|t:|1699894181\n|switch|p1a: Big Horny|Great Tusk|100\/100\n|turn|13\n|\n|t:|1699894202\n|move|p2a: N95|Grass Knot|p1a: Big Horny\n|-supereffective|p1a: Big Horny\n|-damage|p1a: Big Horny|0 fnt\n|faint|p1a: Big Horny\n|-end|p1a: Big Horny|Protosynthesis|[silent]\n|-damage|p2a: N95|81\/100|[from] item: Life Orb\n|\n|upkeep\n|\n|t:|1699894208\n|switch|p1a: Gotta Go Fast!|Dragonite, M|100\/100\n|turn|14\n|\n|t:|1699894213\n|move|p1a: Gotta Go Fast!|Extreme Speed|p2a: N95\n|-damage|p2a: N95|30\/100\n|move|p2a: N95|Dark Pulse|p1a: Gotta Go Fast!\n|-damage|p1a: Gotta Go Fast!|66\/100\n|-damage|p2a: N95|20\/100|[from] item: Life Orb\n|\n|-heal|p1a: Gotta Go Fast!|72\/100|[from] item: Leftovers\n|upkeep\n|turn|15\n|\n|t:|1699894222\n|move|p1a: Gotta Go Fast!|Extreme Speed|p2a: N95\n|-damage|p2a: N95|0 fnt\n|faint|p2a: N95\n|\n|-heal|p1a: Gotta Go Fast!|78\/100|[from] item: Leftovers\n|upkeep\n|\n|t:|1699894225\n|switch|p2a: wheezy outta here|Weezing-Galar, F, shiny|35\/100\n|-ability|p2a: wheezy outta here|Neutralizing Gas\n|-activate|p2a: wheezy outta here|move: Sticky Web\n|-unboost|p2a: wheezy outta here|spe|1\n|turn|16\n|\n|t:|1699894235\n|move|p1a: Gotta Go Fast!|Earthquake|p2a: wheezy outta here\n|-supereffective|p2a: wheezy outta here\n|-damage|p2a: wheezy outta here|0 fnt\n|faint|p2a: wheezy outta here\n|-end|p2a: wheezy outta here|ability: Neutralizing Gas\n|\n|-heal|p1a: Gotta Go Fast!|84\/100|[from] item: Leftovers\n|upkeep\n|\n|t:|1699894240\n|switch|p2a: 5g|Thundurus-Therian, M, shiny|44\/100\n|turn|17\n|\n|t:|1699894248\n|move|p1a: Gotta Go Fast!|Extreme Speed|p2a: 5g\n|-damage|p2a: 5g|0 fnt\n|faint|p2a: 5g\n|\n|-heal|p1a: Gotta Go Fast!|90\/100|[from] item: Leftovers\n|upkeep\n|\n|t:|1699894256\n|switch|p2a: november|Zamazenta|100\/100\n|-activate|p2a: november|move: Sticky Web\n|-unboost|p2a: november|spe|1\n|-ability|p2a: november|Dauntless Shield|boost\n|-boost|p2a: november|def|1\n|turn|18\n|\n|t:|1699894265\n|move|p1a: Gotta Go Fast!|Dragon Claw|p2a: november\n|-crit|p2a: november\n|-damage|p2a: november|47\/100\n|move|p2a: november|Iron Defense|p2a: november\n|-boost|p2a: november|def|2\n|\n|-heal|p2a: november|53\/100|[from] item: Leftovers\n|-heal|p1a: Gotta Go Fast!|96\/100|[from] item: Leftovers\n|upkeep\n|turn|19\n|\n|t:|1699894275\n|move|p1a: Gotta Go Fast!|Dragon Claw|p2a: november\n|-damage|p2a: november|39\/100\n|move|p2a: november|Substitute|p2a: november\n|-start|p2a: november|Substitute\n|-damage|p2a: november|14\/100\n|\n|-heal|p1a: Gotta Go Fast!|100\/100|[from] item: Leftovers\n|-heal|p2a: november|20\/100|[from] item: Leftovers\n|upkeep\n|turn|20\n|\n|t:|1699894285\n|move|p1a: Gotta Go Fast!|Extreme Speed|p2a: november\n|-activate|p2a: november|move: Substitute|[damage]\n|move|p2a: november|Iron Defense|p2a: november\n|-boost|p2a: november|def|2\n|\n|-heal|p2a: november|26\/100|[from] item: Leftovers\n|upkeep\n|turn|21\n|\n|t:|1699894294\n|move|p1a: Gotta Go Fast!|Dragon Dance|p1a: Gotta Go Fast!\n|-boost|p1a: Gotta Go Fast!|atk|1\n|-boost|p1a: Gotta Go Fast!|spe|1\n|move|p2a: november|Crunch|p1a: Gotta Go Fast!\n|-damage|p1a: Gotta Go Fast!|88\/100\n|\n|-heal|p1a: Gotta Go Fast!|94\/100|[from] item: Leftovers\n|-heal|p2a: november|32\/100|[from] item: Leftovers\n|upkeep\n|turn|22\n|\n|t:|1699894304\n|move|p1a: Gotta Go Fast!|Dragon Dance|p1a: Gotta Go Fast!\n|-boost|p1a: Gotta Go Fast!|atk|1\n|-boost|p1a: Gotta Go Fast!|spe|1\n|move|p2a: november|Body Press|p1a: Gotta Go Fast!\n|-resisted|p1a: Gotta Go Fast!\n|-damage|p1a: Gotta Go Fast!|28\/100\n|\n|-heal|p1a: Gotta Go Fast!|35\/100|[from] item: Leftovers\n|-heal|p2a: november|38\/100|[from] item: Leftovers\n|upkeep\n|turn|23\n|\n|t:|1699894316\n|move|p1a: Gotta Go Fast!|Dragon Claw|p2a: november\n|-end|p2a: november|Substitute\n|move|p2a: november|Body Press|p1a: Gotta Go Fast!\n|-resisted|p1a: Gotta Go Fast!\n|-damage|p1a: Gotta Go Fast!|0 fnt\n|faint|p1a: Gotta Go Fast!\n|\n|-heal|p2a: november|45\/100|[from] item: Leftovers\n|upkeep\n|\n|t:|1699894326\n|switch|p1a: Lord Vader|Kingambit, M|100\/100\n|-activate|p1a: Lord Vader|ability: Supreme Overlord\n|-start|p1a: Lord Vader|fallen5|[silent]\n|turn|24\n|\n|t:|1699894335\n|-terastallize|p1a: Lord Vader|Flying\n|move|p2a: november|Body Press|p1a: Lord Vader\n|-resisted|p1a: Lord Vader\n|-damage|p1a: Lord Vader|57\/100\n|move|p1a: Lord Vader|Swords Dance|p1a: Lord Vader\n|-boost|p1a: Lord Vader|atk|2\n|\n|-heal|p2a: november|51\/100|[from] item: Leftovers\n|-heal|p1a: Lord Vader|63\/100|[from] item: Leftovers\n|upkeep\n|turn|25\n|\n|t:|1699894351\n|move|p2a: november|Body Press|p1a: Lord Vader\n|-resisted|p1a: Lord Vader\n|-damage|p1a: Lord Vader|21\/100\n|move|p1a: Lord Vader|Iron Head|p2a: november\n|-damage|p2a: november|22\/100\n|\n|-heal|p2a: november|28\/100|[from] item: Leftovers\n|-heal|p1a: Lord Vader|27\/100|[from] item: Leftovers\n|upkeep\n|turn|26\n|\n|t:|1699894366\n|move|p2a: november|Body Press|p1a: Lord Vader\n|-resisted|p1a: Lord Vader\n|-damage|p1a: Lord Vader|0 fnt\n|faint|p1a: Lord Vader\n|-end|p1a: Lord Vader|fallen5|[silent]\n|\n|win|littensalt\n|raw|PhoneHead's rating: 1290 &rarr; <strong>1268<\/strong><br \/>(-22 for losing)\n|raw|littensalt's rating: 1325 &rarr; <strong>1343<\/strong><br \/>(+18 for winning)\n|c|\u2606littensalt|ggwp\n","uploadtime":1699894377,"views":8,"p1id":"phonehead","p2id":"littensalt","formatid":"gen9ou","rating":1268,"private":0,"password":""}