{"id":"gen9ou-1993131473","p1":"rareold","p2":"trevobo","format":"[Gen 9] OU","log":"|j|\u2606rareold\n|j|\u2606trevobo\n|t:|1700268475\n|gametype|singles\n|player|p1|rareold|akari|1275\n|player|p2|trevobo|swimmer|1269\n|teamsize|p1|6\n|teamsize|p2|6\n|gen|9\n|tier|[Gen 9] OU\n|rated|\n|rule|Sleep Clause Mod: Limit one foe put to sleep\n|rule|Species Clause: Limit one of each Pok\u00e9mon\n|rule|OHKO Clause: OHKO moves are banned\n|rule|Evasion Items Clause: Evasion items are banned\n|rule|Evasion Moves Clause: Evasion moves are banned\n|rule|Endless Battle Clause: Forcing endless battles is banned\n|rule|HP Percentage Mod: HP is shown in percentages\n|clearpoke\n|poke|p1|Dragapult, M|\n|poke|p1|Great Tusk|\n|poke|p1|Enamorus, F|\n|poke|p1|Samurott-Hisui, M|\n|poke|p1|Heatran, M|\n|poke|p1|Meowscarada, M|\n|poke|p2|Sneasler, F|\n|poke|p2|Pelipper, F|\n|poke|p2|Iron Jugulis|\n|poke|p2|Iron Valiant|\n|poke|p2|Weavile, M|\n|poke|p2|Walking Wake|\n|teampreview\n|\n|t:|1700268489\n|start\n|switch|p1a: Larissa Manoela|Meowscarada, M|100\/100\n|switch|p2a: Pelipper|Pelipper, F|100\/100\n|-weather|RainDance|[from] ability: Drizzle|[of] p2a: Pelipper\n|turn|1\n|\n|t:|1700268493\n|move|p1a: Larissa Manoela|U-turn|p2a: Pelipper\n|-start|p1a: Larissa Manoela|typechange|Bug|[from] ability: Protean\n|-resisted|p2a: Pelipper\n|-damage|p2a: Pelipper|84\/100\n|\n|t:|1700268499\n|switch|p1a: S\u00e9rgio Reis|Dragapult, M, shiny|100\/100|[from] U-turn\n|move|p2a: Pelipper|Hurricane|p1a: S\u00e9rgio Reis\n|-damage|p1a: S\u00e9rgio Reis|33\/100\n|-start|p1a: S\u00e9rgio Reis|confusion\n|\n|-weather|RainDance|[upkeep]\n|upkeep\n|turn|2\n|\n|t:|1700268505\n|-activate|p1a: S\u00e9rgio Reis|confusion\n|move|p1a: S\u00e9rgio Reis|Shadow Ball|p2a: Pelipper\n|-damage|p2a: Pelipper|7\/100\n|move|p2a: Pelipper|Hurricane|p1a: S\u00e9rgio Reis\n|-damage|p1a: S\u00e9rgio Reis|0 fnt\n|faint|p1a: S\u00e9rgio Reis\n|\n|-weather|RainDance|[upkeep]\n|upkeep\n|\n|t:|1700268510\n|switch|p1a: Larissa Manoela|Meowscarada, M|100\/100\n|turn|3\n|\n|t:|1700268513\n|move|p1a: Larissa Manoela|U-turn|p2a: Pelipper\n|-start|p1a: Larissa Manoela|typechange|Bug|[from] ability: Protean\n|-resisted|p2a: Pelipper\n|-damage|p2a: Pelipper|0 fnt\n|faint|p2a: Pelipper\n|\n|t:|1700268521\n|switch|p1a: Gloria Groove|Enamorus, F, shiny|100\/100|[from] U-turn\n|\n|-weather|RainDance|[upkeep]\n|upkeep\n|\n|t:|1700268549\n|switch|p2a: Walking Wake|Walking Wake|100\/100\n|-enditem|p2a: Walking Wake|Booster Energy\n|-activate|p2a: Walking Wake|ability: Protosynthesis|[fromitem]\n|-start|p2a: Walking Wake|protosynthesisspa\n|turn|4\n|\n|t:|1700268555\n|-terastallize|p2a: Walking Wake|Water\n|move|p2a: Walking Wake|Agility|p2a: Walking Wake\n|-boost|p2a: Walking Wake|spe|2\n|move|p1a: Gloria Groove|Moonblast|p2a: Walking Wake\n|-damage|p2a: Walking Wake|46\/100\n|-unboost|p2a: Walking Wake|spa|1\n|\n|-weather|RainDance|[upkeep]\n|upkeep\n|turn|5\n|\n|t:|1700268569\n|move|p2a: Walking Wake|Weather Ball|p1a: Gloria Groove\n|-damage|p1a: Gloria Groove|0 fnt\n|faint|p1a: Gloria Groove\n|\n|-weather|RainDance|[upkeep]\n|upkeep\n|\n|t:|1700268579\n|switch|p1a: Hebe Camargo|Samurott-Hisui, M|100\/100\n|turn|6\n|\n|t:|1700268583\n|move|p2a: Walking Wake|Hurricane|p1a: Hebe Camargo\n|-damage|p1a: Hebe Camargo|48\/100\n|move|p1a: Hebe Camargo|Swords Dance|p1a: Hebe Camargo\n|-boost|p1a: Hebe Camargo|atk|2\n|\n|-weather|RainDance|[upkeep]\n|upkeep\n|turn|7\n|\n|t:|1700268589\n|-terastallize|p1a: Hebe Camargo|Water\n|move|p1a: Hebe Camargo|Aqua Jet|p2a: Walking Wake\n|-resisted|p2a: Walking Wake\n|-damage|p2a: Walking Wake|1\/100\n|move|p2a: Walking Wake|Hurricane|p1a: Hebe Camargo\n|-damage|p1a: Hebe Camargo|0 fnt\n|faint|p1a: Hebe Camargo\n|\n|-weather|RainDance|[upkeep]\n|upkeep\n|\n|t:|1700268600\n|switch|p1a: Larissa Manoela|Meowscarada, M|100\/100\n|turn|8\n|\n|t:|1700268604\n|move|p2a: Walking Wake|Hurricane|p1a: Larissa Manoela\n|-supereffective|p1a: Larissa Manoela\n|-damage|p1a: Larissa Manoela|2\/100\n|move|p1a: Larissa Manoela|U-turn|p2a: Walking Wake\n|-start|p1a: Larissa Manoela|typechange|Bug|[from] ability: Protean\n|-damage|p2a: Walking Wake|0 fnt\n|faint|p2a: Walking Wake\n|-end|p2a: Walking Wake|Protosynthesis|[silent]\n|\n|t:|1700268619\n|switch|p1a: Silvio Santos|Heatran, M, shiny|100\/100|[from] U-turn\n|\n|-weather|none\n|upkeep\n|\n|t:|1700268634\n|switch|p2a: Sneasler|Sneasler, F|100\/100\n|turn|9\n|\n|t:|1700268646\n|move|p1a: Silvio Santos|Earth Power|p2a: Sneasler\n|-supereffective|p2a: Sneasler\n|-crit|p2a: Sneasler\n|-damage|p2a: Sneasler|0 fnt\n|faint|p2a: Sneasler\n|\n|upkeep\n|\n|t:|1700268664\n|switch|p2a: Iron Valiant|Iron Valiant|100\/100\n|-enditem|p2a: Iron Valiant|Booster Energy\n|-activate|p2a: Iron Valiant|ability: Quark Drive|[fromitem]\n|-start|p2a: Iron Valiant|quarkdrivespe\n|turn|10\n|\n|t:|1700268672\n|move|p2a: Iron Valiant|Swords Dance|p2a: Iron Valiant\n|-boost|p2a: Iron Valiant|atk|2\n|move|p1a: Silvio Santos|Magma Storm|p2a: Iron Valiant\n|-damage|p2a: Iron Valiant|10\/100\n|-activate|p2a: Iron Valiant|move: Magma Storm|[of] p1a: Silvio Santos\n|\n|-damage|p2a: Iron Valiant|0 fnt|[from] move: Magma Storm|[partiallytrapped]\n|faint|p2a: Iron Valiant\n|-end|p2a: Iron Valiant|Quark Drive|[silent]\n|upkeep\n|\n|t:|1700268678\n|switch|p2a: Iron Jugulis|Iron Jugulis|100\/100\n|-enditem|p2a: Iron Jugulis|Booster Energy\n|-activate|p2a: Iron Jugulis|ability: Quark Drive|[fromitem]\n|-start|p2a: Iron Jugulis|quarkdrivespe\n|turn|11\n|\n|t:|1700268685\n|move|p2a: Iron Jugulis|Focus Blast|p1a: Silvio Santos|[miss]\n|-miss|p2a: Iron Jugulis|p1a: Silvio Santos\n|move|p1a: Silvio Santos|Magma Storm|p2a: Iron Jugulis\n|-damage|p2a: Iron Jugulis|36\/100\n|-activate|p2a: Iron Jugulis|move: Magma Storm|[of] p1a: Silvio Santos\n|\n|-damage|p2a: Iron Jugulis|24\/100|[from] move: Magma Storm|[partiallytrapped]\n|upkeep\n|turn|12\n|\n|t:|1700268692\n|move|p2a: Iron Jugulis|Focus Blast|p1a: Silvio Santos\n|-supereffective|p1a: Silvio Santos\n|-damage|p1a: Silvio Santos|27\/100\n|move|p1a: Silvio Santos|Stealth Rock|p2a: Iron Jugulis\n|-sidestart|p2: trevobo|move: Stealth Rock\n|\n|-heal|p1a: Silvio Santos|33\/100|[from] item: Leftovers\n|-damage|p2a: Iron Jugulis|11\/100|[from] move: Magma Storm|[partiallytrapped]\n|upkeep\n|turn|13\n|\n|t:|1700268699\n|move|p2a: Iron Jugulis|Hydro Pump|p1a: Silvio Santos\n|-supereffective|p1a: Silvio Santos\n|-damage|p1a: Silvio Santos|0 fnt\n|faint|p1a: Silvio Santos\n|\n|-end|p2a: Iron Jugulis|Magma Storm|[partiallytrapped]|[silent]\n|upkeep\n|\n|t:|1700268702\n|switch|p1a: Larissa Manoela|Meowscarada, M|2\/100\n|turn|14\n|\n|t:|1700268707\n|move|p1a: Larissa Manoela|U-turn|p2a: Iron Jugulis\n|-start|p1a: Larissa Manoela|typechange|Bug|[from] ability: Protean\n|-damage|p2a: Iron Jugulis|0 fnt\n|faint|p2a: Iron Jugulis\n|-end|p2a: Iron Jugulis|Quark Drive|[silent]\n|\n|t:|1700268713\n|switch|p1a: Faust\u00e3o|Great Tusk, shiny|100\/100|[from] U-turn\n|\n|upkeep\n|-message|trevobo forfeited.\n|\n|win|rareold\n|raw|rareold's rating: 1275 &rarr; <strong>1300<\/strong><br \/>(+25 for winning)\n|raw|trevobo's rating: 1269 &rarr; <strong>1244<\/strong><br \/>(-25 for losing)\n|l|\u2606trevobo\n","uploadtime":1700268720,"views":15,"p1id":"rareold","p2id":"trevobo","formatid":"gen9ou","rating":1244,"private":0,"password":""}