{"id":"gen9ou-1997853325","p1":"Prismatic Phantom","p2":"RSDPM","format":"[Gen 9] OU","log":"|j|\u2606Prismatic Phantom\n|j|\u2606RSDPM\n|t:|1700859933\n|gametype|singles\n|player|p1|Prismatic Phantom|gentleman-gen4|1220\n|player|p2|RSDPM|riley|1293\n|teamsize|p1|6\n|teamsize|p2|6\n|gen|9\n|tier|[Gen 9] OU\n|rated|\n|rule|Sleep Clause Mod: Limit one foe put to sleep\n|rule|Species Clause: Limit one of each Pok\u00e9mon\n|rule|OHKO Clause: OHKO moves are banned\n|rule|Evasion Items Clause: Evasion items are banned\n|rule|Evasion Moves Clause: Evasion moves are banned\n|rule|Endless Battle Clause: Forcing endless battles is banned\n|rule|HP Percentage Mod: HP is shown in percentages\n|clearpoke\n|poke|p1|Garganacl, F|\n|poke|p1|Ogerpon-Wellspring, F|\n|poke|p1|Zamazenta-*|\n|poke|p1|Iron Moth|\n|poke|p1|Landorus-Therian, M|\n|poke|p1|Kingambit, F|\n|poke|p2|Arcanine-Hisui, M|\n|poke|p2|Electrode-Hisui|\n|poke|p2|Lilligant-Hisui, F|\n|poke|p2|Zoroark-Hisui, F|\n|poke|p2|Braviary-Hisui, M|\n|poke|p2|Avalugg-Hisui, F|\n|teampreview\n|inactive|Battle timer is ON: inactive players will automatically lose when time's up. (requested by Prismatic Phantom)\n|\n|t:|1700859942\n|start\n|switch|p1a: Zamazenta|Zamazenta|100\/100\n|switch|p2a: Avalugg|Avalugg-Hisui, F|100\/100\n|-ability|p1a: Zamazenta|Dauntless Shield|boost\n|-boost|p1a: Zamazenta|def|1\n|turn|1\n|\n|t:|1700859950\n|move|p1a: Zamazenta|Close Combat|p2a: Avalugg\n|-supereffective|p2a: Avalugg\n|-ability|p2a: Avalugg|Sturdy\n|-damage|p2a: Avalugg|1\/100\n|-unboost|p1a: Zamazenta|def|1\n|-unboost|p1a: Zamazenta|spd|1\n|-damage|p1a: Zamazenta|84\/100|[from] item: Rocky Helmet|[of] p2a: Avalugg\n|move|p2a: Avalugg|Stealth Rock|p1a: Zamazenta\n|-sidestart|p1: Prismatic Phantom|move: Stealth Rock\n|\n|upkeep\n|turn|2\n|\n|t:|1700859961\n|move|p1a: Zamazenta|Close Combat|p2a: Avalugg\n|-supereffective|p2a: Avalugg\n|-damage|p2a: Avalugg|0 fnt\n|-unboost|p1a: Zamazenta|def|1\n|-unboost|p1a: Zamazenta|spd|1\n|-damage|p1a: Zamazenta|67\/100|[from] item: Rocky Helmet|[of] p2a: Avalugg\n|faint|p2a: Avalugg\n|\n|upkeep\n|\n|t:|1700859970\n|switch|p2a: Electrode|Electrode-Hisui|100\/100\n|turn|3\n|\n|t:|1700859975\n|move|p2a: Electrode|Volt Switch|p1a: Zamazenta\n|-damage|p1a: Zamazenta|0 fnt\n|faint|p1a: Zamazenta\n|\n|t:|1700859994\n|switch|p2a: Braviary|Braviary-Hisui, M|100\/100|[from] Volt Switch\n|\n|upkeep\n|\n|t:|1700860003\n|switch|p1a: Garganacl|Garganacl, F|100\/100\n|-damage|p1a: Garganacl|88\/100|[from] Stealth Rock\n|turn|4\n|\n|t:|1700860009\n|move|p2a: Braviary|Esper Wing|p1a: Garganacl\n|-damage|p1a: Garganacl|54\/100\n|-boost|p2a: Braviary|spe|1\n|move|p1a: Garganacl|Salt Cure|p2a: Braviary\n|-supereffective|p2a: Braviary\n|-damage|p2a: Braviary|69\/100\n|-start|p2a: Braviary|Salt Cure\n|\n|-heal|p1a: Garganacl|60\/100|[from] item: Leftovers\n|-damage|p2a: Braviary|57\/100|[from] Salt Cure\n|upkeep\n|turn|5\n|\n|t:|1700860022\n|move|p1a: Garganacl|Protect|p1a: Garganacl\n|-singleturn|p1a: Garganacl|Protect\n|move|p2a: Braviary|Calm Mind|p2a: Braviary\n|-boost|p2a: Braviary|spa|1\n|-boost|p2a: Braviary|spd|1\n|\n|-heal|p1a: Garganacl|66\/100|[from] item: Leftovers\n|-damage|p2a: Braviary|44\/100|[from] Salt Cure\n|upkeep\n|turn|6\n|\n|t:|1700860033\n|move|p2a: Braviary|Air Slash|p1a: Garganacl\n|-resisted|p1a: Garganacl\n|-damage|p1a: Garganacl|17\/100\n|cant|p1a: Garganacl|flinch\n|\n|-heal|p1a: Garganacl|24\/100|[from] item: Leftovers\n|-damage|p2a: Braviary|32\/100|[from] Salt Cure\n|upkeep\n|turn|7\n|\n|t:|1700860040\n|move|p1a: Garganacl|Protect|p1a: Garganacl\n|-singleturn|p1a: Garganacl|Protect\n|move|p2a: Braviary|Esper Wing|p1a: Garganacl\n|-activate|p1a: Garganacl|move: Protect\n|\n|-heal|p1a: Garganacl|30\/100|[from] item: Leftovers\n|-damage|p2a: Braviary|20\/100|[from] Salt Cure\n|upkeep\n|turn|8\n|\n|t:|1700860053\n|move|p2a: Braviary|Air Slash|p1a: Garganacl\n|-resisted|p1a: Garganacl\n|-damage|p1a: Garganacl|0 fnt\n|faint|p1a: Garganacl\n|\n|-damage|p2a: Braviary|7\/100|[from] Salt Cure\n|upkeep\n|\n|t:|1700860060\n|switch|p1a: Kingambit|Kingambit, F|100\/100\n|-activate|p1a: Kingambit|ability: Supreme Overlord\n|-start|p1a: Kingambit|fallen2|[silent]\n|turn|9\n|\n|t:|1700860065\n|move|p2a: Braviary|Vacuum Wave|p1a: Kingambit\n|-supereffective|p1a: Kingambit\n|-damage|p1a: Kingambit|21\/100\n|move|p1a: Kingambit|Sucker Punch||[still]\n|-fail|p1a: Kingambit\n|\n|-damage|p2a: Braviary|0 fnt|[from] Salt Cure\n|faint|p2a: Braviary\n|upkeep\n|\n|t:|1700860084\n|switch|p2a: Electrode|Electrode-Hisui|100\/100\n|turn|10\n|\n|t:|1700860090\n|move|p1a: Kingambit|Sucker Punch|p2a: Electrode\n|-damage|p2a: Electrode|14\/100\n|move|p2a: Electrode|Chloroblast|p1a: Kingambit\n|-resisted|p1a: Kingambit\n|-damage|p1a: Kingambit|0 fnt\n|faint|p1a: Kingambit\n|-end|p1a: Kingambit|fallen2|[silent]\n|-damage|p2a: Electrode|0 fnt|[from] Recoil\n|faint|p2a: Electrode\n|\n|upkeep\n|\n|t:|1700860110\n|switch|p2a: Arcanine|Arcanine-Hisui, M|100\/100\n|switch|p1a: Landorus|Landorus-Therian, M|100\/100\n|-damage|p1a: Landorus|88\/100|[from] Stealth Rock\n|-ability|p1a: Landorus|Intimidate|boost\n|-unboost|p2a: Arcanine|atk|1\n|turn|11\n|\n|t:|1700860118\n|move|p2a: Arcanine|Bitter Malice|p1a: Landorus\n|-damage|p1a: Landorus|53\/100\n|-unboost|p1a: Landorus|atk|1\n|move|p1a: Landorus|Earthquake|p2a: Arcanine\n|-damage|p2a: Arcanine|21\/100\n|replace|p2a: Zoroark|Zoroark-Hisui, F\n|-end|p2a: Zoroark|Illusion\n|\n|upkeep\n|turn|12\n|\n|t:|1700860131\n|move|p2a: Zoroark|Bitter Malice|p1a: Landorus\n|-damage|p1a: Landorus|22\/100\n|-unboost|p1a: Landorus|atk|1\n|move|p1a: Landorus|Brick Break|p2a: Zoroark\n|-immune|p2a: Zoroark\n|\n|upkeep\n|turn|13\n|\n|t:|1700860141\n|move|p2a: Zoroark|Bitter Malice|p1a: Landorus\n|-damage|p1a: Landorus|0 fnt\n|faint|p1a: Landorus\n|\n|upkeep\n|\n|t:|1700860153\n|switch|p1a: Iron Moth|Iron Moth|100\/100\n|-damage|p1a: Iron Moth|76\/100|[from] Stealth Rock\n|-enditem|p1a: Iron Moth|Booster Energy\n|-activate|p1a: Iron Moth|ability: Quark Drive|[fromitem]\n|-start|p1a: Iron Moth|quarkdrivespa\n|turn|14\n|\n|t:|1700860160\n|switch|p2a: Arcanine|Arcanine-Hisui, M|100\/100\n|move|p1a: Iron Moth|Fiery Dance|p2a: Arcanine\n|-resisted|p2a: Arcanine\n|-damage|p2a: Arcanine|89\/100\n|\n|upkeep\n|turn|15\n|\n|t:|1700860166\n|move|p1a: Iron Moth|Bug Buzz|p2a: Arcanine\n|-resisted|p2a: Arcanine\n|-damage|p2a: Arcanine|71\/100\n|move|p2a: Arcanine|Flare Blitz|p1a: Iron Moth\n|-resisted|p1a: Iron Moth\n|-damage|p1a: Iron Moth|24\/100\n|\n|upkeep\n|turn|16\n|\n|t:|1700860174\n|move|p2a: Arcanine|Extreme Speed|p1a: Iron Moth\n|-damage|p1a: Iron Moth|0 fnt\n|faint|p1a: Iron Moth\n|-end|p1a: Iron Moth|Quark Drive|[silent]\n|\n|upkeep\n|\n|t:|1700860177\n|switch|p1a: Ogerpon|Ogerpon-Wellspring, F|100\/100\n|-damage|p1a: Ogerpon|88\/100|[from] Stealth Rock\n|turn|17\n|\n|t:|1700860184\n|-terastallize|p1a: Ogerpon|Water\n|detailschange|p1a: Ogerpon|Ogerpon-Wellspring-Tera, F, tera:Water\n|-ability|p1a: Ogerpon|Embody Aspect (Wellspring)|boost\n|-boost|p1a: Ogerpon|spd|1\n|-terastallize|p2a: Arcanine|Grass\n|move|p1a: Ogerpon|Ivy Cudgel|p2a: Arcanine|[anim] Ivy Cudgel Water\n|-resisted|p2a: Arcanine\n|-crit|p2a: Arcanine\n|-damage|p2a: Arcanine|1\/100\n|move|p2a: Arcanine|Flare Blitz|p1a: Ogerpon\n|-resisted|p1a: Ogerpon\n|-damage|p1a: Ogerpon|48\/100\n|\n|upkeep\n|turn|18\n|\n|t:|1700860201\n|move|p2a: Arcanine|Extreme Speed|p1a: Ogerpon\n|-damage|p1a: Ogerpon|16\/100\n|move|p1a: Ogerpon|Ivy Cudgel|p2a: Arcanine|[anim] Ivy Cudgel Water\n|-resisted|p2a: Arcanine\n|-damage|p2a: Arcanine|0 fnt\n|faint|p2a: Arcanine\n|\n|upkeep\n|\n|t:|1700860213\n|switch|p2a: Lilligant|Lilligant-Hisui, F|21\/100\n|turn|19\n|\n|t:|1700860217\n|move|p2a: Lilligant|Bitter Malice|p1a: Ogerpon\n|-damage|p1a: Ogerpon|0 fnt\n|faint|p1a: Ogerpon\n|\n|win|RSDPM\n|raw|Prismatic Phantom's rating: 1220 &rarr; <strong>1200<\/strong><br \/>(-20 for losing)\n|raw|RSDPM's rating: 1293 &rarr; <strong>1313<\/strong><br \/>(+20 for winning)\n|l|\u2606Prismatic Phantom\n","uploadtime":1700860231,"views":2,"p1id":"prismaticphantom","p2id":"rsdpm","formatid":"gen9ou","rating":1200,"private":0,"password":""}