{"id":"gen9ou-1996556897","p1":"poopy soup","p2":"Necrozmium","format":"[Gen 9] OU","log":"|j|\u2606poopy soup\n|j|\u2606Necrozmium\n|t:|1700693984\n|gametype|singles\n|player|p1|poopy soup|dancer|1163\n|player|p2|Necrozmium|colress|1273\n|teamsize|p1|6\n|teamsize|p2|6\n|gen|9\n|tier|[Gen 9] OU\n|rated|\n|rule|Sleep Clause Mod: Limit one foe put to sleep\n|rule|Species Clause: Limit one of each Pok\u00e9mon\n|rule|OHKO Clause: OHKO moves are banned\n|rule|Evasion Items Clause: Evasion items are banned\n|rule|Evasion Moves Clause: Evasion moves are banned\n|rule|Endless Battle Clause: Forcing endless battles is banned\n|rule|HP Percentage Mod: HP is shown in percentages\n|clearpoke\n|poke|p1|Slowking, F|\n|poke|p1|Ninetales-Alola, M|\n|poke|p1|Sandslash-Alola, M|\n|poke|p1|Greninja-*, M|\n|poke|p1|Magnezone|\n|poke|p1|Avalugg, F|\n|poke|p2|Dondozo, M|\n|poke|p2|Toxapex, M|\n|poke|p2|Clodsire, M|\n|poke|p2|Alomomola, M|\n|poke|p2|Corviknight, M|\n|poke|p2|Arboliva, M|\n|teampreview\n|c|\u2606Necrozmium|good luck\n|\n|t:|1700694003\n|start\n|switch|p1a: Greninja|Greninja, M|100\/100\n|switch|p2a: feesh 2|Toxapex, M|100\/100\n|turn|1\n|\n|t:|1700694018\n|switch|p1a: Magnezone|Magnezone|100\/100\n|switch|p2a: feesh 3|Clodsire, M|100\/100\n|\n|upkeep\n|turn|2\n|\n|t:|1700694032\n|switch|p1a: Slowking|Slowking, F|100\/100\n|move|p2a: feesh 3|Stealth Rock|p1a: Slowking\n|-sidestart|p1: poopy soup|move: Stealth Rock\n|\n|upkeep\n|turn|3\n|\n|t:|1700694037\n|move|p1a: Slowking|Psyshock|p2a: feesh 3\n|-supereffective|p2a: feesh 3\n|-damage|p2a: feesh 3|38\/100\n|move|p2a: feesh 3|Toxic|p1a: Slowking\n|-status|p1a: Slowking|tox\n|\n|-heal|p2a: feesh 3|44\/100|[from] item: Leftovers\n|-damage|p1a: Slowking|94\/100 tox|[from] psn\n|upkeep\n|turn|4\n|\n|t:|1700694050\n|switch|p2a: Maslina|Arboliva, M|100\/100\n|move|p1a: Slowking|Psyshock|p2a: Maslina\n|-damage|p2a: Maslina|73\/100\n|-fieldstart|move: Grassy Terrain|[from] ability: Seed Sower|[of] p2a: Maslina\n|\n|-heal|p2a: Maslina|79\/100|[from] Grassy Terrain\n|-heal|p1a: Slowking|100\/100 tox|[from] Grassy Terrain\n|-damage|p1a: Slowking|88\/100 tox|[from] psn\n|upkeep\n|turn|5\n|\n|t:|1700694067\n|switch|p1a: Ninetales|Ninetales-Alola, M|100\/100\n|-damage|p1a: Ninetales|76\/100|[from] Stealth Rock\n|-weather|Snow|[from] ability: Snow Warning|[of] p1a: Ninetales\n|move|p2a: Maslina|Giga Drain|p1a: Ninetales\n|-damage|p1a: Ninetales|28\/100\n|-heal|p2a: Maslina|98\/100|[from] drain|[of] p1a: Ninetales\n|\n|-weather|Snow|[upkeep]\n|-heal|p1a: Ninetales|34\/100|[from] Grassy Terrain\n|-heal|p2a: Maslina|100\/100|[from] Grassy Terrain\n|upkeep\n|turn|6\n|\n|t:|1700694083\n|switch|p1a: Magnezone|Magnezone|100\/100\n|-damage|p1a: Magnezone|94\/100|[from] Stealth Rock\n|move|p2a: Maslina|Giga Drain|p1a: Magnezone\n|-resisted|p1a: Magnezone\n|-damage|p1a: Magnezone|71\/100\n|\n|-weather|Snow|[upkeep]\n|-heal|p1a: Magnezone|77\/100|[from] Grassy Terrain\n|-heal|p1a: Magnezone|83\/100|[from] item: Leftovers\n|upkeep\n|turn|7\n|\n|t:|1700694094\n|switch|p2a: feesh 3|Clodsire, M|44\/100\n|move|p1a: Magnezone|Flash Cannon|p2a: feesh 3\n|-damage|p2a: feesh 3|18\/100\n|\n|-weather|Snow|[upkeep]\n|-heal|p1a: Magnezone|89\/100|[from] Grassy Terrain\n|-heal|p1a: Magnezone|95\/100|[from] item: Leftovers\n|-heal|p2a: feesh 3|24\/100|[from] Grassy Terrain\n|-heal|p2a: feesh 3|30\/100|[from] item: Leftovers\n|upkeep\n|turn|8\n|\n|t:|1700694107\n|switch|p1a: Slowking|Slowking, F|100\/100 tox\n|-damage|p1a: Slowking|88\/100 tox|[from] Stealth Rock\n|move|p2a: feesh 3|Recover|p2a: feesh 3\n|-heal|p2a: feesh 3|80\/100\n|\n|-weather|Snow|[upkeep]\n|-heal|p1a: Slowking|94\/100 tox|[from] Grassy Terrain\n|-heal|p2a: feesh 3|86\/100|[from] Grassy Terrain\n|-heal|p2a: feesh 3|93\/100|[from] item: Leftovers\n|-damage|p1a: Slowking|88\/100 tox|[from] psn\n|-fieldend|move: Grassy Terrain\n|upkeep\n|turn|9\n|\n|t:|1700694119\n|switch|p2a: Maslina|Arboliva, M|100\/100\n|move|p1a: Slowking|Scald|p2a: Maslina\n|-resisted|p2a: Maslina\n|-damage|p2a: Maslina|89\/100\n|-fieldstart|move: Grassy Terrain|[from] ability: Seed Sower|[of] p2a: Maslina\n|\n|-weather|none\n|-heal|p2a: Maslina|95\/100|[from] Grassy Terrain\n|-heal|p1a: Slowking|94\/100 tox|[from] Grassy Terrain\n|-damage|p1a: Slowking|82\/100 tox|[from] psn\n|upkeep\n|turn|10\n|\n|t:|1700694125\n|switch|p1a: Magnezone|Magnezone|95\/100\n|-damage|p1a: Magnezone|89\/100|[from] Stealth Rock\n|move|p2a: Maslina|Giga Drain|p1a: Magnezone\n|-resisted|p1a: Magnezone\n|-damage|p1a: Magnezone|68\/100\n|-heal|p2a: Maslina|100\/100|[from] drain|[of] p1a: Magnezone\n|\n|-heal|p1a: Magnezone|74\/100|[from] Grassy Terrain\n|-heal|p1a: Magnezone|80\/100|[from] item: Leftovers\n|upkeep\n|turn|11\n|\n|t:|1700694139\n|move|p1a: Magnezone|Volt Switch|p2a: Maslina\n|-resisted|p2a: Maslina\n|-damage|p2a: Maslina|85\/100\n|\n|t:|1700694143\n|switch|p1a: Avalugg|Avalugg, F|100\/100|[from] Volt Switch\n|-damage|p1a: Avalugg|76\/100|[from] Stealth Rock\n|move|p2a: Maslina|Giga Drain|p1a: Avalugg\n|-damage|p1a: Avalugg|31\/100\n|-heal|p2a: Maslina|100\/100|[from] drain|[of] p1a: Avalugg\n|\n|-heal|p1a: Avalugg|37\/100|[from] Grassy Terrain\n|-heal|p1a: Avalugg|43\/100|[from] item: Leftovers\n|upkeep\n|turn|12\n|\n|t:|1700694153\n|-terastallize|p1a: Avalugg|Flying\n|move|p2a: Maslina|Giga Drain|p1a: Avalugg\n|-resisted|p1a: Avalugg\n|-damage|p1a: Avalugg|21\/100\n|move|p1a: Avalugg|Rapid Spin|p2a: Maslina\n|-damage|p2a: Maslina|87\/100\n|-boost|p1a: Avalugg|spe|1\n|-sideend|p1: poopy soup|Stealth Rock|[from] move: Rapid Spin|[of] p1a: Avalugg\n|\n|-heal|p1a: Avalugg|27\/100|[from] item: Leftovers\n|-heal|p2a: Maslina|94\/100|[from] Grassy Terrain\n|upkeep\n|turn|13\n|\n|t:|1700694161\n|move|p2a: Maslina|Dazzling Gleam|p1a: Avalugg\n|-damage|p1a: Avalugg|3\/100\n|move|p1a: Avalugg|Avalanche|p2a: Maslina\n|-supereffective|p2a: Maslina\n|-damage|p2a: Maslina|10\/100\n|\n|-heal|p1a: Avalugg|9\/100|[from] item: Leftovers\n|-heal|p2a: Maslina|16\/100|[from] Grassy Terrain\n|-fieldend|move: Grassy Terrain\n|upkeep\n|turn|14\n|\n|t:|1700694169\n|switch|p1a: Magnezone|Magnezone|80\/100\n|move|p2a: Maslina|Synthesis|p2a: Maslina\n|-heal|p2a: Maslina|66\/100\n|\n|-heal|p1a: Magnezone|87\/100|[from] item: Leftovers\n|upkeep\n|turn|15\n|\n|t:|1700694174\n|move|p1a: Magnezone|Flash Cannon|p2a: Maslina\n|-damage|p2a: Maslina|29\/100\n|-fieldstart|move: Grassy Terrain|[from] ability: Seed Sower|[of] p2a: Maslina\n|move|p2a: Maslina|Synthesis|p2a: Maslina\n|-heal|p2a: Maslina|79\/100\n|\n|-heal|p1a: Magnezone|93\/100|[from] Grassy Terrain\n|-heal|p1a: Magnezone|99\/100|[from] item: Leftovers\n|-heal|p2a: Maslina|85\/100|[from] Grassy Terrain\n|upkeep\n|turn|16\n|\n|t:|1700694184\n|move|p1a: Magnezone|Thunder Wave|p2a: Maslina\n|-status|p2a: Maslina|par\n|cant|p2a: Maslina|par\n|\n|-heal|p1a: Magnezone|100\/100|[from] Grassy Terrain\n|-heal|p2a: Maslina|91\/100 par|[from] Grassy Terrain\n|upkeep\n|turn|17\n|\n|t:|1700694190\n|move|p1a: Magnezone|Volt Switch|p2a: Maslina\n|-resisted|p2a: Maslina\n|-damage|p2a: Maslina|77\/100 par\n|\n|t:|1700694196\n|switch|p1a: Sandslash|Sandslash-Alola, M|100\/100|[from] Volt Switch\n|move|p2a: Maslina|Giga Drain|p1a: Sandslash\n|-resisted|p1a: Sandslash\n|-damage|p1a: Sandslash|68\/100\n|-heal|p2a: Maslina|90\/100 par|[from] drain|[of] p1a: Sandslash\n|\n|-heal|p1a: Sandslash|74\/100|[from] Grassy Terrain\n|-heal|p2a: Maslina|96\/100 par|[from] Grassy Terrain\n|upkeep\n|turn|18\n|\n|t:|1700694206\n|switch|p1a: Magnezone|Magnezone|100\/100\n|switch|p2a: Crow persona 5|Corviknight, M|100\/100\n|-ability|p2a: Crow persona 5|Pressure\n|\n|upkeep\n|turn|19\n|\n|t:|1700694225\n|move|p2a: Crow persona 5|U-turn|p1a: Magnezone\n|-resisted|p1a: Magnezone\n|-damage|p1a: Magnezone|94\/100\n|\n|t:|1700694229\n|switch|p2a: Maslina|Arboliva, M|96\/100 par|[from] U-turn\n|move|p1a: Magnezone|Thunder Wave|p2a: Maslina\n|-fail|p2a: Maslina|par\n|\n|-heal|p1a: Magnezone|99\/100|[from] Grassy Terrain\n|-heal|p1a: Magnezone|100\/100|[from] item: Leftovers\n|-heal|p2a: Maslina|100\/100 par|[from] Grassy Terrain\n|-fieldend|move: Grassy Terrain\n|upkeep\n|turn|20\n|\n|t:|1700694240\n|move|p1a: Magnezone|Flash Cannon|p2a: Maslina\n|-damage|p2a: Maslina|66\/100 par\n|-fieldstart|move: Grassy Terrain|[from] ability: Seed Sower|[of] p2a: Maslina\n|cant|p2a: Maslina|par\n|\n|-heal|p2a: Maslina|72\/100 par|[from] Grassy Terrain\n|upkeep\n|turn|21\n|\n|t:|1700694249\n|switch|p2a: feesh 3|Clodsire, M|93\/100\n|move|p1a: Magnezone|Flash Cannon|p2a: feesh 3\n|-damage|p2a: feesh 3|70\/100\n|-unboost|p2a: feesh 3|spd|1\n|\n|-heal|p2a: feesh 3|76\/100|[from] Grassy Terrain\n|-heal|p2a: feesh 3|82\/100|[from] item: Leftovers\n|upkeep\n|turn|22\n|\n|t:|1700694267\n|switch|p1a: Avalugg|Avalugg, F, tera:Flying|9\/100\n|move|p2a: feesh 3|Stealth Rock|p1a: Avalugg\n|-sidestart|p1: poopy soup|move: Stealth Rock\n|\n|-heal|p1a: Avalugg|15\/100|[from] item: Leftovers\n|-heal|p2a: feesh 3|88\/100|[from] Grassy Terrain\n|-heal|p2a: feesh 3|94\/100|[from] item: Leftovers\n|upkeep\n|turn|23\n|\n|t:|1700694276\n|move|p1a: Avalugg|Recover|p1a: Avalugg\n|-heal|p1a: Avalugg|65\/100\n|move|p2a: feesh 3|Toxic|p1a: Avalugg\n|-status|p1a: Avalugg|tox\n|\n|-heal|p1a: Avalugg|71\/100 tox|[from] item: Leftovers\n|-heal|p2a: feesh 3|99\/100|[from] Grassy Terrain\n|-heal|p2a: feesh 3|100\/100|[from] item: Leftovers\n|-damage|p1a: Avalugg|65\/100 tox|[from] psn\n|upkeep\n|turn|24\n|\n|t:|1700694291\n|switch|p2a: feesh 4|Alomomola, M|100\/100\n|move|p1a: Avalugg|Rapid Spin|p2a: feesh 4\n|-damage|p2a: feesh 4|93\/100\n|-boost|p1a: Avalugg|spe|1\n|-sideend|p1: poopy soup|Stealth Rock|[from] move: Rapid Spin|[of] p1a: Avalugg\n|\n|-heal|p1a: Avalugg|71\/100 tox|[from] item: Leftovers\n|-heal|p2a: feesh 4|99\/100|[from] Grassy Terrain\n|-damage|p1a: Avalugg|59\/100 tox|[from] psn\n|-fieldend|move: Grassy Terrain\n|upkeep\n|turn|25\n|\n|t:|1700694296\n|switch|p1a: Slowking|Slowking, F|100\/100 tox\n|move|p2a: feesh 4|Whirlpool|p1a: Slowking|[miss]\n|-miss|p2a: feesh 4|p1a: Slowking\n|\n|-damage|p1a: Slowking|94\/100 tox|[from] psn\n|upkeep\n|turn|26\n|\n|t:|1700694302\n|switch|p2a: Maslina|Arboliva, M|72\/100 par\n|move|p1a: Slowking|Scald|p2a: Maslina\n|-resisted|p2a: Maslina\n|-damage|p2a: Maslina|61\/100 par\n|-fieldstart|move: Grassy Terrain|[from] ability: Seed Sower|[of] p2a: Maslina\n|\n|-heal|p1a: Slowking|100\/100 tox|[from] Grassy Terrain\n|-heal|p2a: Maslina|67\/100 par|[from] Grassy Terrain\n|-damage|p1a: Slowking|88\/100 tox|[from] psn\n|upkeep\n|turn|27\n|\n|t:|1700694311\n|move|p1a: Slowking|Chilly Reception|p1a: Slowking\n|-weather|Snow\n|\n|t:|1700694313\n|switch|p1a: Avalugg|Avalugg, F, tera:Flying|59\/100 tox|[from] Chilly Reception\n|move|p2a: Maslina|Strength Sap|p1a: Avalugg\n|-unboost|p1a: Avalugg|atk|1\n|-heal|p2a: Maslina|100\/100 par\n|\n|-weather|Snow|[upkeep]\n|-heal|p1a: Avalugg|65\/100 tox|[from] ability: Ice Body\n|-heal|p1a: Avalugg|71\/100 tox|[from] item: Leftovers\n|-damage|p1a: Avalugg|65\/100 tox|[from] psn\n|upkeep\n|turn|28\n|\n|t:|1700694335\n|switch|p2a: feesh 4|Alomomola, M|100\/100\n|move|p1a: Avalugg|Recover|p1a: Avalugg\n|-heal|p1a: Avalugg|100\/100 tox\n|\n|-weather|Snow|[upkeep]\n|-damage|p1a: Avalugg|88\/100 tox|[from] psn\n|upkeep\n|turn|29\n|inactive|Battle timer is ON: inactive players will automatically lose when time's up. (requested by poopy soup)\n|\n|t:|1700694343\n|switch|p1a: Slowking|Slowking, F|100\/100 tox\n|move|p2a: feesh 4|Whirlpool|p1a: Slowking\n|-resisted|p1a: Slowking\n|-damage|p1a: Slowking|98\/100 tox\n|-activate|p1a: Slowking|move: Whirlpool|[of] p2a: feesh 4\n|\n|-weather|Snow|[upkeep]\n|-heal|p1a: Slowking|100\/100 tox|[from] Grassy Terrain\n|-damage|p1a: Slowking|94\/100 tox|[from] psn\n|-damage|p1a: Slowking|82\/100 tox|[from] move: Whirlpool|[partiallytrapped]\n|upkeep\n|turn|30\n|\n|t:|1700694357\n|move|p2a: feesh 4|Whirlpool|p1a: Slowking\n|-resisted|p1a: Slowking\n|-crit|p1a: Slowking\n|-damage|p1a: Slowking|78\/100 tox\n|move|p1a: Slowking|Scald|p2a: feesh 4\n|-resisted|p2a: feesh 4\n|-damage|p2a: feesh 4|82\/100\n|\n|-weather|Snow|[upkeep]\n|-heal|p2a: feesh 4|88\/100|[from] Grassy Terrain\n|-heal|p1a: Slowking|84\/100 tox|[from] Grassy Terrain\n|-damage|p1a: Slowking|72\/100 tox|[from] psn\n|-damage|p1a: Slowking|60\/100 tox|[from] move: Whirlpool|[partiallytrapped]\n|-fieldend|move: Grassy Terrain\n|upkeep\n|turn|31\n|\n|t:|1700694370\n|move|p2a: feesh 4|Whirlpool|p1a: Slowking|[miss]\n|-miss|p2a: feesh 4|p1a: Slowking\n|move|p1a: Slowking|Chilly Reception|p1a: Slowking\n|\n|t:|1700694375\n|switch|p1a: Magnezone|Magnezone|100\/100|[from] Chilly Reception\n|\n|-weather|none\n|upkeep\n|turn|32\n|\n|t:|1700694381\n|switch|p2a: Maslina|Arboliva, M|100\/100 par\n|move|p1a: Magnezone|Volt Switch|p2a: Maslina\n|-resisted|p2a: Maslina\n|-damage|p2a: Maslina|85\/100 par\n|-fieldstart|move: Grassy Terrain|[from] ability: Seed Sower|[of] p2a: Maslina\n|\n|t:|1700694389\n|switch|p1a: Avalugg|Avalugg, F, tera:Flying|88\/100 tox|[from] Volt Switch\n|\n|-heal|p1a: Avalugg|94\/100 tox|[from] item: Leftovers\n|-heal|p2a: Maslina|91\/100 par|[from] Grassy Terrain\n|-damage|p1a: Avalugg|88\/100 tox|[from] psn\n|upkeep\n|turn|33\n|\n|t:|1700694400\n|move|p1a: Avalugg|Curse|p1a: Avalugg\n|-unboost|p1a: Avalugg|spe|1\n|-boost|p1a: Avalugg|atk|1\n|-boost|p1a: Avalugg|def|1\n|move|p2a: Maslina|Dazzling Gleam|p1a: Avalugg\n|-damage|p1a: Avalugg|66\/100 tox\n|\n|-heal|p1a: Avalugg|72\/100 tox|[from] item: Leftovers\n|-heal|p2a: Maslina|97\/100 par|[from] Grassy Terrain\n|-damage|p1a: Avalugg|60\/100 tox|[from] psn\n|upkeep\n|turn|34\n|\n|t:|1700694423\n|switch|p2a: feesh 4|Alomomola, M|100\/100\n|move|p1a: Avalugg|Avalanche|p2a: feesh 4\n|-resisted|p2a: feesh 4\n|-damage|p2a: feesh 4|90\/100\n|\n|-heal|p2a: feesh 4|96\/100|[from] Grassy Terrain\n|-heal|p1a: Avalugg|66\/100 tox|[from] item: Leftovers\n|-damage|p1a: Avalugg|47\/100 tox|[from] psn\n|upkeep\n|turn|35\n|\n|t:|1700694438\n|switch|p1a: Slowking|Slowking, F|93\/100 tox\n|move|p2a: feesh 4|Whirlpool|p1a: Slowking\n|-resisted|p1a: Slowking\n|-damage|p1a: Slowking|91\/100 tox\n|-activate|p1a: Slowking|move: Whirlpool|[of] p2a: feesh 4\n|\n|-heal|p2a: feesh 4|100\/100|[from] Grassy Terrain\n|-heal|p1a: Slowking|97\/100 tox|[from] Grassy Terrain\n|-damage|p1a: Slowking|91\/100 tox|[from] psn\n|-damage|p1a: Slowking|78\/100 tox|[from] move: Whirlpool|[partiallytrapped]\n|upkeep\n|turn|36\n|\n|t:|1700694452\n|move|p2a: feesh 4|Chilling Water|p1a: Slowking\n|-resisted|p1a: Slowking\n|-damage|p1a: Slowking|75\/100 tox\n|-unboost|p1a: Slowking|atk|1\n|move|p1a: Slowking|Psyshock|p2a: feesh 4\n|-damage|p2a: feesh 4|85\/100\n|\n|-heal|p2a: feesh 4|92\/100|[from] Grassy Terrain\n|-heal|p1a: Slowking|81\/100 tox|[from] Grassy Terrain\n|-damage|p1a: Slowking|69\/100 tox|[from] psn\n|-damage|p1a: Slowking|57\/100 tox|[from] move: Whirlpool|[partiallytrapped]\n|-fieldend|move: Grassy Terrain\n|upkeep\n|turn|37\n|\n|t:|1700694463\n|move|p2a: feesh 4|Chilling Water|p1a: Slowking\n|-resisted|p1a: Slowking\n|-damage|p1a: Slowking|53\/100 tox\n|-unboost|p1a: Slowking|atk|1\n|move|p1a: Slowking|Chilly Reception|p1a: Slowking\n|-weather|Snow\n|\n|t:|1700694470\n|switch|p1a: Magnezone|Magnezone|100\/100|[from] Chilly Reception\n|\n|-weather|Snow|[upkeep]\n|upkeep\n|turn|38\n|\n|t:|1700694475\n|switch|p2a: feesh 3|Clodsire, M|100\/100\n|move|p1a: Magnezone|Volt Switch|p2a: feesh 3\n|-immune|p2a: feesh 3\n|\n|-weather|Snow|[upkeep]\n|upkeep\n|turn|39\n|\n|t:|1700694484\n|switch|p1a: Slowking|Slowking, F|87\/100 tox\n|move|p2a: feesh 3|Stealth Rock|p1a: Slowking\n|-sidestart|p1: poopy soup|move: Stealth Rock\n|\n|-weather|Snow|[upkeep]\n|-damage|p1a: Slowking|80\/100 tox|[from] psn\n|upkeep\n|turn|40\n|\n|t:|1700694502\n|switch|p2a: Maslina|Arboliva, M|97\/100 par\n|move|p1a: Slowking|Scald|p2a: Maslina\n|-resisted|p2a: Maslina\n|-damage|p2a: Maslina|85\/100 par\n|-fieldstart|move: Grassy Terrain|[from] ability: Seed Sower|[of] p2a: Maslina\n|\n|-weather|Snow|[upkeep]\n|-heal|p1a: Slowking|87\/100 tox|[from] Grassy Terrain\n|-heal|p2a: Maslina|92\/100 par|[from] Grassy Terrain\n|-damage|p1a: Slowking|74\/100 tox|[from] psn\n|upkeep\n|turn|41\n|\n|t:|1700694513\n|switch|p1a: Magnezone|Magnezone|100\/100\n|-damage|p1a: Magnezone|94\/100|[from] Stealth Rock\n|move|p2a: Maslina|Giga Drain|p1a: Magnezone\n|-resisted|p1a: Magnezone\n|-damage|p1a: Magnezone|72\/100\n|-heal|p2a: Maslina|100\/100 par|[from] drain|[of] p1a: Magnezone\n|\n|-weather|none\n|-heal|p1a: Magnezone|78\/100|[from] Grassy Terrain\n|-heal|p1a: Magnezone|85\/100|[from] item: Leftovers\n|upkeep\n|turn|42\n|\n|t:|1700694521\n|move|p1a: Magnezone|Flash Cannon|p2a: Maslina\n|-damage|p2a: Maslina|64\/100 par\n|move|p2a: Maslina|Giga Drain|p1a: Magnezone\n|-resisted|p1a: Magnezone\n|-damage|p1a: Magnezone|64\/100\n|-heal|p2a: Maslina|74\/100 par|[from] drain|[of] p1a: Magnezone\n|\n|-heal|p1a: Magnezone|70\/100|[from] Grassy Terrain\n|-heal|p1a: Magnezone|76\/100|[from] item: Leftovers\n|-heal|p2a: Maslina|80\/100 par|[from] Grassy Terrain\n|upkeep\n|turn|43\n|\n|t:|1700694528\n|move|p1a: Magnezone|Body Press|p2a: Maslina\n|-supereffective|p2a: Maslina\n|-damage|p2a: Maslina|45\/100 par\n|move|p2a: Maslina|Giga Drain|p1a: Magnezone\n|-resisted|p1a: Magnezone\n|-damage|p1a: Magnezone|53\/100\n|-heal|p2a: Maslina|56\/100 par|[from] drain|[of] p1a: Magnezone\n|\n|-heal|p1a: Magnezone|60\/100|[from] Grassy Terrain\n|-heal|p1a: Magnezone|66\/100|[from] item: Leftovers\n|-heal|p2a: Maslina|62\/100 par|[from] Grassy Terrain\n|upkeep\n|turn|44\n|\n|t:|1700694539\n|switch|p2a: feesh 3|Clodsire, M|100\/100\n|move|p1a: Magnezone|Volt Switch|p2a: feesh 3\n|-immune|p2a: feesh 3\n|\n|-heal|p1a: Magnezone|72\/100|[from] Grassy Terrain\n|-heal|p1a: Magnezone|78\/100|[from] item: Leftovers\n|-fieldend|move: Grassy Terrain\n|upkeep\n|turn|45\n|\n|t:|1700694549\n|switch|p1a: Avalugg|Avalugg, F, tera:Flying|47\/100 tox\n|-damage|p1a: Avalugg|23\/100 tox|[from] Stealth Rock\n|move|p2a: feesh 3|Earthquake|p1a: Avalugg\n|-immune|p1a: Avalugg\n|\n|-heal|p1a: Avalugg|29\/100 tox|[from] item: Leftovers\n|-damage|p1a: Avalugg|23\/100 tox|[from] psn\n|upkeep\n|turn|46\n|\n|t:|1700694566\n|switch|p2a: feesh 4|Alomomola, M|100\/100\n|move|p1a: Avalugg|Recover|p1a: Avalugg\n|-heal|p1a: Avalugg|73\/100 tox\n|\n|-heal|p1a: Avalugg|79\/100 tox|[from] item: Leftovers\n|-damage|p1a: Avalugg|66\/100 tox|[from] psn\n|upkeep\n|turn|47\n|\n|t:|1700694576\n|switch|p2a: Maslina|Arboliva, M|62\/100 par\n|switch|p1a: Magnezone|Magnezone|78\/100\n|-damage|p1a: Magnezone|72\/100|[from] Stealth Rock\n|\n|-heal|p1a: Magnezone|78\/100|[from] item: Leftovers\n|upkeep\n|turn|48\n|\n|t:|1700694584\n|move|p1a: Magnezone|Flash Cannon|p2a: Maslina\n|-damage|p2a: Maslina|24\/100 par\n|-fieldstart|move: Grassy Terrain|[from] ability: Seed Sower|[of] p2a: Maslina\n|move|p2a: Maslina|Strength Sap|p1a: Magnezone\n|-unboost|p1a: Magnezone|atk|1\n|-heal|p2a: Maslina|60\/100 par\n|\n|-heal|p1a: Magnezone|84\/100|[from] Grassy Terrain\n|-heal|p1a: Magnezone|90\/100|[from] item: Leftovers\n|-heal|p2a: Maslina|66\/100 par|[from] Grassy Terrain\n|upkeep\n|turn|49\n|\n|t:|1700694598\n|switch|p2a: feesh 3|Clodsire, M|100\/100\n|move|p1a: Magnezone|Volt Switch|p2a: feesh 3\n|-immune|p2a: feesh 3\n|\n|-heal|p1a: Magnezone|96\/100|[from] Grassy Terrain\n|-heal|p1a: Magnezone|100\/100|[from] item: Leftovers\n|upkeep\n|turn|50\n|\n|t:|1700694609\n|switch|p1a: Slowking|Slowking, F|100\/100 tox\n|-damage|p1a: Slowking|88\/100 tox|[from] Stealth Rock\n|switch|p2a: Maslina|Arboliva, M|66\/100 par\n|\n|-heal|p1a: Slowking|94\/100 tox|[from] Grassy Terrain\n|-heal|p2a: Maslina|72\/100 par|[from] Grassy Terrain\n|-damage|p1a: Slowking|88\/100 tox|[from] psn\n|upkeep\n|turn|51\n|\n|t:|1700694620\n|switch|p1a: Magnezone|Magnezone|100\/100\n|-damage|p1a: Magnezone|94\/100|[from] Stealth Rock\n|move|p2a: Maslina|Giga Drain|p1a: Magnezone\n|-resisted|p1a: Magnezone\n|-damage|p1a: Magnezone|71\/100\n|-heal|p2a: Maslina|83\/100 par|[from] drain|[of] p1a: Magnezone\n|\n|-heal|p1a: Magnezone|77\/100|[from] Grassy Terrain\n|-heal|p1a: Magnezone|83\/100|[from] item: Leftovers\n|-heal|p2a: Maslina|89\/100 par|[from] Grassy Terrain\n|upkeep\n|turn|52\n|\n|t:|1700694628\n|switch|p2a: feesh 3|Clodsire, M|100\/100\n|move|p1a: Magnezone|Volt Switch|p2a: feesh 3\n|-immune|p2a: feesh 3\n|\n|-heal|p1a: Magnezone|89\/100|[from] Grassy Terrain\n|-heal|p1a: Magnezone|96\/100|[from] item: Leftovers\n|-fieldend|move: Grassy Terrain\n|upkeep\n|turn|53\n|\n|t:|1700694637\n|switch|p1a: Slowking|Slowking, F|100\/100 tox\n|-damage|p1a: Slowking|88\/100 tox|[from] Stealth Rock\n|move|p2a: feesh 3|Earthquake|p1a: Slowking\n|-damage|p1a: Slowking|68\/100 tox\n|\n|-damage|p1a: Slowking|62\/100 tox|[from] psn\n|upkeep\n|turn|54\n|\n|t:|1700694651\n|move|p1a: Slowking|Scald|p2a: feesh 3\n|-supereffective|p2a: feesh 3\n|-damage|p2a: feesh 3|68\/100\n|move|p2a: feesh 3|Earthquake|p1a: Slowking\n|-damage|p1a: Slowking|41\/100 tox\n|\n|-heal|p2a: feesh 3|74\/100|[from] item: Leftovers\n|-damage|p1a: Slowking|29\/100 tox|[from] psn\n|upkeep\n|turn|55\n|\n|t:|1700694662\n|switch|p1a: Avalugg|Avalugg, F, tera:Flying|66\/100 tox\n|-damage|p1a: Avalugg|42\/100 tox|[from] Stealth Rock\n|move|p2a: feesh 3|Earthquake|p1a: Avalugg\n|-immune|p1a: Avalugg\n|\n|-heal|p1a: Avalugg|48\/100 tox|[from] item: Leftovers\n|-heal|p2a: feesh 3|80\/100|[from] item: Leftovers\n|-damage|p1a: Avalugg|42\/100 tox|[from] psn\n|upkeep\n|turn|56\n|\n|t:|1700694674\n|switch|p2a: feesh 4|Alomomola, M|100\/100\n|move|p1a: Avalugg|Recover|p1a: Avalugg\n|-heal|p1a: Avalugg|92\/100 tox\n|\n|-heal|p1a: Avalugg|98\/100 tox|[from] item: Leftovers\n|-damage|p1a: Avalugg|86\/100 tox|[from] psn\n|upkeep\n|turn|57\n|\n|t:|1700694683\n|switch|p2a: Maslina|Arboliva, M|89\/100 par\n|switch|p1a: Slowking|Slowking, F|62\/100 tox\n|-damage|p1a: Slowking|50\/100 tox|[from] Stealth Rock\n|\n|-damage|p1a: Slowking|44\/100 tox|[from] psn\n|upkeep\n|turn|58\n|\n|t:|1700694697\n|move|p1a: Slowking|Chilly Reception|p1a: Slowking\n|-weather|Snow\n|\n|t:|1700694699\n|switch|p1a: Avalugg|Avalugg, F, tera:Flying|86\/100 tox|[from] Chilly Reception\n|-damage|p1a: Avalugg|61\/100 tox|[from] Stealth Rock\n|move|p2a: Maslina|Strength Sap|p1a: Avalugg\n|-unboost|p1a: Avalugg|atk|1\n|-heal|p2a: Maslina|100\/100 par\n|\n|-weather|Snow|[upkeep]\n|-heal|p1a: Avalugg|67\/100 tox|[from] ability: Ice Body\n|-heal|p1a: Avalugg|73\/100 tox|[from] item: Leftovers\n|-damage|p1a: Avalugg|67\/100 tox|[from] psn\n|upkeep\n|turn|59\n|\n|t:|1700694708\n|move|p1a: Avalugg|Rapid Spin|p2a: Maslina\n|-damage|p2a: Maslina|92\/100 par\n|-boost|p1a: Avalugg|spe|1\n|-fieldstart|move: Grassy Terrain|[from] ability: Seed Sower|[of] p2a: Maslina\n|-sideend|p1: poopy soup|Stealth Rock|[from] move: Rapid Spin|[of] p1a: Avalugg\n|cant|p2a: Maslina|par\n|\n|-weather|Snow|[upkeep]\n|-heal|p1a: Avalugg|73\/100 tox|[from] ability: Ice Body\n|-heal|p1a: Avalugg|79\/100 tox|[from] item: Leftovers\n|-heal|p2a: Maslina|99\/100 par|[from] Grassy Terrain\n|-damage|p1a: Avalugg|67\/100 tox|[from] psn\n|upkeep\n|turn|60\n|\n|t:|1700694716\n|switch|p1a: Magnezone|Magnezone|96\/100\n|switch|p2a: feesh 3|Clodsire, M|80\/100\n|\n|-weather|Snow|[upkeep]\n|-heal|p1a: Magnezone|100\/100|[from] Grassy Terrain\n|-heal|p2a: feesh 3|86\/100|[from] Grassy Terrain\n|-heal|p2a: feesh 3|92\/100|[from] item: Leftovers\n|upkeep\n|turn|61\n|\n|t:|1700694720\n|switch|p1a: Avalugg|Avalugg, F, tera:Flying|67\/100 tox\n|move|p2a: feesh 3|Stealth Rock|p1a: Avalugg\n|-sidestart|p1: poopy soup|move: Stealth Rock\n|\n|-weather|Snow|[upkeep]\n|-heal|p1a: Avalugg|73\/100 tox|[from] ability: Ice Body\n|-heal|p1a: Avalugg|79\/100 tox|[from] item: Leftovers\n|-heal|p2a: feesh 3|98\/100|[from] Grassy Terrain\n|-heal|p2a: feesh 3|100\/100|[from] item: Leftovers\n|-damage|p1a: Avalugg|73\/100 tox|[from] psn\n|upkeep\n|turn|62\n|\n|t:|1700694736\n|switch|p2a: feesh 4|Alomomola, M|100\/100\n|move|p1a: Avalugg|Avalanche|p2a: feesh 4\n|-resisted|p2a: feesh 4\n|-damage|p2a: feesh 4|94\/100\n|\n|-weather|none\n|-heal|p2a: feesh 4|99\/100|[from] Grassy Terrain\n|-heal|p1a: Avalugg|79\/100 tox|[from] item: Leftovers\n|-damage|p1a: Avalugg|67\/100 tox|[from] psn\n|upkeep\n|turn|63\n|\n|t:|1700694742\n|switch|p2a: Maslina|Arboliva, M|99\/100 par\n|switch|p1a: Magnezone|Magnezone|100\/100\n|-damage|p1a: Magnezone|94\/100|[from] Stealth Rock\n|\n|-heal|p1a: Magnezone|100\/100|[from] Grassy Terrain\n|-heal|p2a: Maslina|100\/100 par|[from] Grassy Terrain\n|-fieldend|move: Grassy Terrain\n|upkeep\n|turn|64\n|c|\u2606poopy soup|if this gets to 100 just draw?\n|\n|t:|1700694758\n|switch|p2a: feesh 3|Clodsire, M|100\/100\n|move|p1a: Magnezone|Body Press|p2a: feesh 3\n|-resisted|p2a: feesh 3\n|-damage|p2a: feesh 3|90\/100\n|\n|-heal|p2a: feesh 3|96\/100|[from] item: Leftovers\n|upkeep\n|turn|65\n|c|\u2606Necrozmium|duel till last breath\n|c|\u2606Necrozmium|i really should remove arboliva though\n|inactive|Necrozmium has 120 seconds left.\n|\n|t:|1700694794\n|switch|p1a: Slowking|Slowking, F|77\/100 tox\n|-damage|p1a: Slowking|64\/100 tox|[from] Stealth Rock\n|switch|p2a: feesh 4|Alomomola, M|100\/100\n|\n|-damage|p1a: Slowking|58\/100 tox|[from] psn\n|upkeep\n|turn|66\n|inactive|Necrozmium has 120 seconds left.\n|\n|t:|1700694802\n|switch|p2a: Maslina|Arboliva, M|100\/100 par\n|move|p1a: Slowking|Scald|p2a: Maslina\n|-resisted|p2a: Maslina\n|-damage|p2a: Maslina|88\/100 par\n|-fieldstart|move: Grassy Terrain|[from] ability: Seed Sower|[of] p2a: Maslina\n|\n|-heal|p1a: Slowking|64\/100 tox|[from] Grassy Terrain\n|-heal|p2a: Maslina|94\/100 par|[from] Grassy Terrain\n|-damage|p1a: Slowking|52\/100 tox|[from] psn\n|upkeep\n|turn|67\n|\n|t:|1700694808\n|move|p1a: Slowking|Chilly Reception|p1a: Slowking\n|-weather|Snow\n|\n|t:|1700694811\n|switch|p1a: Avalugg|Avalugg, F, tera:Flying|67\/100 tox|[from] Chilly Reception\n|-damage|p1a: Avalugg|42\/100 tox|[from] Stealth Rock\n|cant|p2a: Maslina|par\n|\n|-weather|Snow|[upkeep]\n|-heal|p1a: Avalugg|48\/100 tox|[from] ability: Ice Body\n|-heal|p1a: Avalugg|54\/100 tox|[from] item: Leftovers\n|-heal|p2a: Maslina|99\/100 par|[from] Grassy Terrain\n|-damage|p1a: Avalugg|48\/100 tox|[from] psn\n|upkeep\n|turn|68\n|\n|t:|1700694817\n|move|p1a: Avalugg|Rapid Spin|p2a: Maslina\n|-damage|p2a: Maslina|89\/100 par\n|-boost|p1a: Avalugg|spe|1\n|-sideend|p1: poopy soup|Stealth Rock|[from] move: Rapid Spin|[of] p1a: Avalugg\n|move|p2a: Maslina|Dazzling Gleam|p1a: Avalugg\n|-damage|p1a: Avalugg|25\/100 tox\n|\n|-weather|Snow|[upkeep]\n|-heal|p1a: Avalugg|31\/100 tox|[from] ability: Ice Body\n|-heal|p1a: Avalugg|37\/100 tox|[from] item: Leftovers\n|-heal|p2a: Maslina|95\/100 par|[from] Grassy Terrain\n|-damage|p1a: Avalugg|25\/100 tox|[from] psn\n|upkeep\n|turn|69\n|\n|t:|1700694831\n|switch|p2a: feesh 3|Clodsire, M|96\/100\n|move|p1a: Avalugg|Recover|p1a: Avalugg\n|-heal|p1a: Avalugg|75\/100 tox\n|\n|-weather|Snow|[upkeep]\n|-heal|p1a: Avalugg|81\/100 tox|[from] ability: Ice Body\n|-heal|p1a: Avalugg|87\/100 tox|[from] item: Leftovers\n|-heal|p2a: feesh 3|100\/100|[from] Grassy Terrain\n|-damage|p1a: Avalugg|69\/100 tox|[from] psn\n|upkeep\n|turn|70\n|\n|t:|1700694838\n|switch|p1a: Slowking|Slowking, F|86\/100 tox\n|switch|p2a: feesh 4|Alomomola, M|100\/100\n|\n|-weather|Snow|[upkeep]\n|-heal|p1a: Slowking|92\/100 tox|[from] Grassy Terrain\n|-damage|p1a: Slowking|86\/100 tox|[from] psn\n|-fieldend|move: Grassy Terrain\n|upkeep\n|turn|71\n|\n|t:|1700694849\n|switch|p2a: Maslina|Arboliva, M|95\/100 par\n|move|p1a: Slowking|Yawn||[still]\n|-fail|p1a: Slowking\n|\n|-weather|none\n|-damage|p1a: Slowking|73\/100 tox|[from] psn\n|upkeep\n|turn|72\n|\n|t:|1700694869\n|switch|p1a: Magnezone|Magnezone|100\/100\n|switch|p2a: feesh 3|Clodsire, M|100\/100\n|\n|upkeep\n|turn|73\n|\n|t:|1700694875\n|switch|p1a: Slowking|Slowking, F|100\/100 tox\n|move|p2a: feesh 3|Stealth Rock|p1a: Slowking\n|-sidestart|p1: poopy soup|move: Stealth Rock\n|\n|-damage|p1a: Slowking|94\/100 tox|[from] psn\n|upkeep\n|turn|74\n|\n|t:|1700694880\n|switch|p2a: Maslina|Arboliva, M|95\/100 par\n|move|p1a: Slowking|Chilly Reception|p1a: Slowking\n|-weather|Snow\n|\n|t:|1700694882\n|switch|p1a: Avalugg|Avalugg, F, tera:Flying|69\/100 tox|[from] Chilly Reception\n|-damage|p1a: Avalugg|44\/100 tox|[from] Stealth Rock\n|\n|-weather|Snow|[upkeep]\n|-heal|p1a: Avalugg|50\/100 tox|[from] ability: Ice Body\n|-heal|p1a: Avalugg|56\/100 tox|[from] item: Leftovers\n|-damage|p1a: Avalugg|50\/100 tox|[from] psn\n|upkeep\n|turn|75\n|\n|t:|1700694893\n|switch|p2a: feesh 4|Alomomola, M|100\/100\n|move|p1a: Avalugg|Avalanche|p2a: feesh 4\n|-resisted|p2a: feesh 4\n|-damage|p2a: feesh 4|93\/100\n|\n|-weather|Snow|[upkeep]\n|-heal|p1a: Avalugg|56\/100 tox|[from] ability: Ice Body\n|-heal|p1a: Avalugg|62\/100 tox|[from] item: Leftovers\n|-damage|p1a: Avalugg|50\/100 tox|[from] psn\n|upkeep\n|turn|76\n|\n|t:|1700694902\n|switch|p2a: Maslina|Arboliva, M|95\/100 par\n|move|p1a: Avalugg|Rapid Spin|p2a: Maslina\n|-damage|p2a: Maslina|82\/100 par\n|-boost|p1a: Avalugg|spe|1\n|-fieldstart|move: Grassy Terrain|[from] ability: Seed Sower|[of] p2a: Maslina\n|-sideend|p1: poopy soup|Stealth Rock|[from] move: Rapid Spin|[of] p1a: Avalugg\n|\n|-weather|Snow|[upkeep]\n|-heal|p1a: Avalugg|56\/100 tox|[from] ability: Ice Body\n|-heal|p1a: Avalugg|62\/100 tox|[from] item: Leftovers\n|-heal|p2a: Maslina|88\/100 par|[from] Grassy Terrain\n|-damage|p1a: Avalugg|44\/100 tox|[from] psn\n|upkeep\n|turn|77\n|\n|t:|1700694912\n|switch|p1a: Magnezone|Magnezone|100\/100\n|switch|p2a: feesh 3|Clodsire, M|100\/100\n|\n|-weather|Snow|[upkeep]\n|upkeep\n|turn|78\n|\n|t:|1700694918\n|switch|p1a: Slowking|Slowking, F|100\/100 tox\n|move|p2a: feesh 3|Stealth Rock|p1a: Slowking\n|-sidestart|p1: poopy soup|move: Stealth Rock\n|\n|-weather|none\n|-damage|p1a: Slowking|94\/100 tox|[from] psn\n|upkeep\n|turn|79\n|\n|t:|1700694929\n|switch|p2a: Maslina|Arboliva, M|88\/100 par\n|move|p1a: Slowking|Psyshock|p2a: Maslina\n|-damage|p2a: Maslina|65\/100 par\n|\n|-heal|p1a: Slowking|100\/100 tox|[from] Grassy Terrain\n|-heal|p2a: Maslina|71\/100 par|[from] Grassy Terrain\n|-damage|p1a: Slowking|88\/100 tox|[from] psn\n|upkeep\n|turn|80\n|\n|t:|1700694937\n|switch|p1a: Magnezone|Magnezone|100\/100\n|-damage|p1a: Magnezone|94\/100|[from] Stealth Rock\n|move|p2a: Maslina|Dazzling Gleam|p1a: Magnezone\n|-resisted|p1a: Magnezone\n|-damage|p1a: Magnezone|82\/100\n|\n|-heal|p1a: Magnezone|88\/100|[from] Grassy Terrain\n|-heal|p1a: Magnezone|94\/100|[from] item: Leftovers\n|-heal|p2a: Maslina|77\/100 par|[from] Grassy Terrain\n|-fieldend|move: Grassy Terrain\n|upkeep\n|turn|81\n|\n|t:|1700694944\n|switch|p2a: feesh 3|Clodsire, M|100\/100\n|move|p1a: Magnezone|Body Press|p2a: feesh 3\n|-resisted|p2a: feesh 3\n|-damage|p2a: feesh 3|89\/100\n|\n|-heal|p1a: Magnezone|99\/100|[from] item: Leftovers\n|-heal|p2a: feesh 3|95\/100|[from] item: Leftovers\n|upkeep\n|turn|82\n|\n|t:|1700694952\n|switch|p2a: feesh 4|Alomomola, M|100\/100\n|move|p1a: Magnezone|Flash Cannon|p2a: feesh 4\n|-resisted|p2a: feesh 4\n|-damage|p2a: feesh 4|74\/100\n|\n|-heal|p1a: Magnezone|100\/100|[from] item: Leftovers\n|upkeep\n|turn|83\n|\n|t:|1700694957\n|move|p1a: Magnezone|Volt Switch|p2a: feesh 4\n|-supereffective|p2a: feesh 4\n|-damage|p2a: feesh 4|0 fnt\n|faint|p2a: feesh 4\n|\n|t:|1700694960\n|switch|p1a: Slowking|Slowking, F|100\/100 tox|[from] Volt Switch\n|-damage|p1a: Slowking|88\/100 tox|[from] Stealth Rock\n|\n|-damage|p1a: Slowking|82\/100 tox|[from] psn\n|upkeep\n|\n|t:|1700694967\n|switch|p2a: Maslina|Arboliva, M|77\/100 par\n|turn|84\n|\n|t:|1700694970\n|move|p1a: Slowking|Chilly Reception|p1a: Slowking\n|-weather|Snow\n|\n|t:|1700694972\n|switch|p1a: Magnezone|Magnezone|100\/100|[from] Chilly Reception\n|-damage|p1a: Magnezone|94\/100|[from] Stealth Rock\n|move|p2a: Maslina|Giga Drain|p1a: Magnezone\n|-resisted|p1a: Magnezone\n|-damage|p1a: Magnezone|77\/100\n|-heal|p2a: Maslina|85\/100 par|[from] drain|[of] p1a: Magnezone\n|\n|-weather|Snow|[upkeep]\n|-heal|p1a: Magnezone|83\/100|[from] item: Leftovers\n|upkeep\n|turn|85\n|\n|t:|1700694982\n|switch|p2a: feesh 3|Clodsire, M|95\/100\n|move|p1a: Magnezone|Body Press|p2a: feesh 3\n|-resisted|p2a: feesh 3\n|-damage|p2a: feesh 3|83\/100\n|\n|-weather|Snow|[upkeep]\n|-heal|p1a: Magnezone|89\/100|[from] item: Leftovers\n|-heal|p2a: feesh 3|89\/100|[from] item: Leftovers\n|upkeep\n|turn|86\n|\n|t:|1700694987\n|switch|p1a: Slowking|Slowking, F|100\/100 tox\n|-damage|p1a: Slowking|88\/100 tox|[from] Stealth Rock\n|move|p2a: feesh 3|Earthquake|p1a: Slowking\n|-damage|p1a: Slowking|65\/100 tox\n|\n|-weather|Snow|[upkeep]\n|-heal|p2a: feesh 3|95\/100|[from] item: Leftovers\n|-damage|p1a: Slowking|59\/100 tox|[from] psn\n|upkeep\n|turn|87\n|\n|t:|1700695002\n|move|p1a: Slowking|Yawn|p2a: feesh 3\n|-start|p2a: feesh 3|move: Yawn|[of] p1a: Slowking\n|move|p2a: feesh 3|Earthquake|p1a: Slowking\n|-damage|p1a: Slowking|38\/100 tox\n|\n|-weather|Snow|[upkeep]\n|-heal|p2a: feesh 3|100\/100|[from] item: Leftovers\n|-damage|p1a: Slowking|25\/100 tox|[from] psn\n|upkeep\n|turn|88\n|\n|t:|1700695011\n|switch|p2a: Maslina|Arboliva, M|85\/100 par\n|move|p1a: Slowking|Chilly Reception|p1a: Slowking\n|\n|t:|1700695023\n|switch|p1a: Avalugg|Avalugg, F, tera:Flying|44\/100 tox|[from] Chilly Reception\n|-damage|p1a: Avalugg|19\/100 tox|[from] Stealth Rock\n|\n|-weather|none\n|-heal|p1a: Avalugg|25\/100 tox|[from] item: Leftovers\n|-damage|p1a: Avalugg|19\/100 tox|[from] psn\n|upkeep\n|turn|89\n|\n|t:|1700695036\n|move|p1a: Avalugg|Recover|p1a: Avalugg\n|-heal|p1a: Avalugg|69\/100 tox\n|move|p2a: Maslina|Dazzling Gleam|p1a: Avalugg\n|-damage|p1a: Avalugg|46\/100 tox\n|\n|-heal|p1a: Avalugg|53\/100 tox|[from] item: Leftovers\n|-damage|p1a: Avalugg|40\/100 tox|[from] psn\n|upkeep\n|turn|90\n|\n|t:|1700695045\n|move|p1a: Avalugg|Rapid Spin|p2a: Maslina\n|-damage|p2a: Maslina|74\/100 par\n|-boost|p1a: Avalugg|spe|1\n|-fieldstart|move: Grassy Terrain|[from] ability: Seed Sower|[of] p2a: Maslina\n|-sideend|p1: poopy soup|Stealth Rock|[from] move: Rapid Spin|[of] p1a: Avalugg\n|move|p2a: Maslina|Dazzling Gleam|p1a: Avalugg\n|-damage|p1a: Avalugg|16\/100 tox\n|\n|-heal|p1a: Avalugg|22\/100 tox|[from] item: Leftovers\n|-heal|p2a: Maslina|80\/100 par|[from] Grassy Terrain\n|-damage|p1a: Avalugg|4\/100 tox|[from] psn\n|upkeep\n|turn|91\n|inactive|Necrozmium has 120 seconds left.\n|\n|t:|1700695068\n|switch|p1a: Sandslash|Sandslash-Alola, M|74\/100\n|switch|p2a: feesh 3|Clodsire, M|100\/100\n|\n|-heal|p1a: Sandslash|80\/100|[from] Grassy Terrain\n|upkeep\n|turn|92\n|inactive|Necrozmium has 120 seconds left.\n|\n|t:|1700695080\n|switch|p2a: feesh 2|Toxapex, M|100\/100\n|move|p1a: Sandslash|Ice Spinner|p2a: feesh 2\n|-resisted|p2a: feesh 2\n|-damage|p2a: feesh 2|82\/100\n|-fieldend|move: Grassy Terrain\n|-damage|p1a: Sandslash|70\/100|[from] item: Life Orb\n|\n|-heal|p2a: feesh 2|88\/100|[from] item: Leftovers\n|upkeep\n|turn|93\n|\n|t:|1700695087\n|switch|p1a: Magnezone|Magnezone|89\/100\n|move|p2a: feesh 2|Surf|p1a: Magnezone\n|-damage|p1a: Magnezone|67\/100\n|\n|-heal|p1a: Magnezone|73\/100|[from] item: Leftovers\n|-heal|p2a: feesh 2|95\/100|[from] item: Leftovers\n|upkeep\n|turn|94\n|inactive|Necrozmium has 120 seconds left.\n|\n|t:|1700695095\n|switch|p2a: feesh 3|Clodsire, M|100\/100\n|move|p1a: Magnezone|Volt Switch|p2a: feesh 3\n|-immune|p2a: feesh 3\n|\n|-heal|p1a: Magnezone|80\/100|[from] item: Leftovers\n|upkeep\n|turn|95\n|\n|t:|1700695102\n|switch|p1a: Avalugg|Avalugg, F, tera:Flying|4\/100 tox\n|move|p2a: feesh 3|Stealth Rock|p1a: Avalugg\n|-sidestart|p1: poopy soup|move: Stealth Rock\n|\n|-heal|p1a: Avalugg|10\/100 tox|[from] item: Leftovers\n|-damage|p1a: Avalugg|4\/100 tox|[from] psn\n|upkeep\n|turn|96\n|inactive|Necrozmium has 120 seconds left.\n|\n|t:|1700695119\n|switch|p2a: feesh 2|Toxapex, M|100\/100\n|move|p1a: Avalugg|Recover|p1a: Avalugg\n|-heal|p1a: Avalugg|54\/100 tox\n|\n|-heal|p1a: Avalugg|60\/100 tox|[from] item: Leftovers\n|-damage|p1a: Avalugg|47\/100 tox|[from] psn\n|upkeep\n|turn|97\n|\n|t:|1700695123\n|move|p2a: feesh 2|Surf|p1a: Avalugg\n|-damage|p1a: Avalugg|26\/100 tox\n|move|p1a: Avalugg|Rapid Spin|p2a: feesh 2\n|-damage|p2a: feesh 2|89\/100\n|-boost|p1a: Avalugg|spe|1\n|-sideend|p1: poopy soup|Stealth Rock|[from] move: Rapid Spin|[of] p1a: Avalugg\n|\n|-heal|p1a: Avalugg|32\/100 tox|[from] item: Leftovers\n|-heal|p2a: feesh 2|96\/100|[from] item: Leftovers\n|-damage|p1a: Avalugg|14\/100 tox|[from] psn\n|upkeep\n|turn|98\n|inactive|Necrozmium has 120 seconds left.\n|\n|t:|1700695134\n|switch|p1a: Slowking|Slowking, F|59\/100 tox\n|switch|p2a: feesh 3|Clodsire, M|100\/100\n|\n|-damage|p1a: Slowking|53\/100 tox|[from] psn\n|upkeep\n|turn|99\n|\n|t:|1700695143\n|switch|p2a: Maslina|Arboliva, M|80\/100 par\n|move|p1a: Slowking|Chilly Reception|p1a: Slowking\n|-weather|Snow\n|\n|t:|1700695161\n|switch|p1a: Greninja|Greninja, M|100\/100|[from] Chilly Reception\n|\n|-weather|Snow|[upkeep]\n|upkeep\n|turn|100\n|\n|t:|1700695164\n|switch|p2a: feesh 2|Toxapex, M|100\/100\n|move|p1a: Greninja|Blizzard|p2a: feesh 2\n|-resisted|p2a: feesh 2\n|-damage|p2a: feesh 2|90\/100\n|\n|-weather|Snow|[upkeep]\n|-heal|p2a: feesh 2|96\/100|[from] item: Leftovers\n|upkeep\n|turn|101\n|\n|t:|1700695171\n|move|p1a: Greninja|U-turn|p2a: feesh 2\n|-resisted|p2a: feesh 2\n|-damage|p2a: feesh 2|92\/100\n|\n|t:|1700695175\n|switch|p1a: Slowking|Slowking, F|86\/100 tox|[from] U-turn\n|move|p2a: feesh 2|Surf|p1a: Slowking\n|-resisted|p1a: Slowking\n|-damage|p1a: Slowking|79\/100 tox\n|\n|-weather|Snow|[upkeep]\n|-heal|p2a: feesh 2|98\/100|[from] item: Leftovers\n|-damage|p1a: Slowking|73\/100 tox|[from] psn\n|upkeep\n|turn|102\n|\n|t:|1700695187\n|switch|p2a: Maslina|Arboliva, M|80\/100 par\n|switch|p1a: Magnezone|Magnezone|80\/100\n|\n|-weather|Snow|[upkeep]\n|-heal|p1a: Magnezone|86\/100|[from] item: Leftovers\n|upkeep\n|turn|103\n|\n|t:|1700695194\n|switch|p2a: feesh 3|Clodsire, M|100\/100\n|move|p1a: Magnezone|Body Press|p2a: feesh 3\n|-resisted|p2a: feesh 3\n|-damage|p2a: feesh 3|90\/100\n|\n|-weather|none\n|-heal|p1a: Magnezone|92\/100|[from] item: Leftovers\n|-heal|p2a: feesh 3|96\/100|[from] item: Leftovers\n|upkeep\n|turn|104\n|\n|t:|1700695199\n|switch|p1a: Slowking|Slowking, F|100\/100 tox\n|move|p2a: feesh 3|Stealth Rock|p1a: Slowking\n|-sidestart|p1: poopy soup|move: Stealth Rock\n|\n|-heal|p2a: feesh 3|100\/100|[from] item: Leftovers\n|-damage|p1a: Slowking|94\/100 tox|[from] psn\n|upkeep\n|turn|105\n|inactive|Necrozmium has 120 seconds left.\n|\n|t:|1700695218\n|switch|p2a: Maslina|Arboliva, M|80\/100 par\n|move|p1a: Slowking|Psyshock|p2a: Maslina\n|-damage|p2a: Maslina|55\/100 par\n|-fieldstart|move: Grassy Terrain|[from] ability: Seed Sower|[of] p2a: Maslina\n|\n|-heal|p1a: Slowking|100\/100 tox|[from] Grassy Terrain\n|-heal|p2a: Maslina|61\/100 par|[from] Grassy Terrain\n|-damage|p1a: Slowking|88\/100 tox|[from] psn\n|upkeep\n|turn|106\n|\n|t:|1700695228\n|switch|p1a: Magnezone|Magnezone|92\/100\n|-damage|p1a: Magnezone|86\/100|[from] Stealth Rock\n|switch|p2a: feesh 2|Toxapex, M|100\/100\n|\n|-heal|p1a: Magnezone|92\/100|[from] Grassy Terrain\n|-heal|p1a: Magnezone|98\/100|[from] item: Leftovers\n|upkeep\n|turn|107\n|\n|t:|1700695236\n|switch|p2a: feesh 3|Clodsire, M|100\/100\n|move|p1a: Magnezone|Volt Switch|p2a: feesh 3\n|-immune|p2a: feesh 3\n|\n|-heal|p1a: Magnezone|100\/100|[from] Grassy Terrain\n|upkeep\n|turn|108\n|\n|t:|1700695243\n|switch|p1a: Slowking|Slowking, F|100\/100 tox\n|-damage|p1a: Slowking|88\/100 tox|[from] Stealth Rock\n|move|p2a: feesh 3|Earthquake|p1a: Slowking\n|-damage|p1a: Slowking|77\/100 tox\n|\n|-heal|p1a: Slowking|83\/100 tox|[from] Grassy Terrain\n|-damage|p1a: Slowking|77\/100 tox|[from] psn\n|upkeep\n|turn|109\n|\n|t:|1700695258\n|switch|p2a: Maslina|Arboliva, M|61\/100 par\n|move|p1a: Slowking|Psyshock|p2a: Maslina\n|-damage|p2a: Maslina|35\/100 par\n|\n|-heal|p1a: Slowking|83\/100 tox|[from] Grassy Terrain\n|-heal|p2a: Maslina|42\/100 par|[from] Grassy Terrain\n|-damage|p1a: Slowking|71\/100 tox|[from] psn\n|-fieldend|move: Grassy Terrain\n|upkeep\n|turn|110\n|\n|t:|1700695266\n|switch|p1a: Magnezone|Magnezone|100\/100\n|-damage|p1a: Magnezone|94\/100|[from] Stealth Rock\n|cant|p2a: Maslina|par\n|\n|-heal|p1a: Magnezone|100\/100|[from] item: Leftovers\n|upkeep\n|turn|111\n|\n|t:|1700695276\n|switch|p2a: feesh 3|Clodsire, M|100\/100\n|move|p1a: Magnezone|Volt Switch|p2a: feesh 3\n|-immune|p2a: feesh 3\n|\n|upkeep\n|turn|112\n|\n|t:|1700695284\n|switch|p1a: Slowking|Slowking, F|100\/100 tox\n|-damage|p1a: Slowking|88\/100 tox|[from] Stealth Rock\n|move|p2a: feesh 3|Earthquake|p1a: Slowking\n|-damage|p1a: Slowking|65\/100 tox\n|\n|-damage|p1a: Slowking|59\/100 tox|[from] psn\n|upkeep\n|turn|113\n|\n|t:|1700695293\n|switch|p2a: Maslina|Arboliva, M|42\/100 par\n|move|p1a: Slowking|Chilly Reception|p1a: Slowking\n|-weather|Snow\n|\n|t:|1700695300\n|switch|p1a: Greninja|Greninja, M|100\/100|[from] Chilly Reception\n|-damage|p1a: Greninja|88\/100|[from] Stealth Rock\n|\n|-weather|Snow|[upkeep]\n|upkeep\n|turn|114\n|\n|t:|1700695309\n|switch|p2a: feesh 2|Toxapex, M|100\/100\n|move|p1a: Greninja|U-turn|p2a: feesh 2\n|-resisted|p2a: feesh 2\n|-damage|p2a: feesh 2|95\/100\n|\n|t:|1700695315\n|switch|p1a: Magnezone|Magnezone|100\/100|[from] U-turn\n|-damage|p1a: Magnezone|94\/100|[from] Stealth Rock\n|\n|-weather|Snow|[upkeep]\n|-heal|p1a: Magnezone|100\/100|[from] item: Leftovers\n|-heal|p2a: feesh 2|100\/100|[from] item: Leftovers\n|upkeep\n|turn|115\n|\n|t:|1700695322\n|switch|p2a: feesh 3|Clodsire, M|100\/100\n|move|p1a: Magnezone|Volt Switch|p2a: feesh 3\n|-immune|p2a: feesh 3\n|\n|-weather|Snow|[upkeep]\n|upkeep\n|turn|116\n|\n|t:|1700695338\n|switch|p1a: Slowking|Slowking, F|92\/100 tox\n|-damage|p1a: Slowking|80\/100 tox|[from] Stealth Rock\n|move|p2a: feesh 3|Earthquake|p1a: Slowking\n|-damage|p1a: Slowking|60\/100 tox\n|\n|-weather|Snow|[upkeep]\n|-damage|p1a: Slowking|54\/100 tox|[from] psn\n|upkeep\n|turn|117\n|inactive|Necrozmium has 90 seconds left.\n|\n|t:|1700695354\n|switch|p1a: Greninja|Greninja, M|88\/100\n|-damage|p1a: Greninja|76\/100|[from] Stealth Rock\n|switch|p2a: Maslina|Arboliva, M|42\/100 par\n|\n|-weather|none\n|upkeep\n|turn|118\n|\n|t:|1700695362\n|switch|p2a: feesh 2|Toxapex, M|100\/100\n|move|p1a: Greninja|U-turn|p2a: feesh 2\n|-resisted|p2a: feesh 2\n|-damage|p2a: feesh 2|96\/100\n|\n|t:|1700695370\n|switch|p1a: Sandslash|Sandslash-Alola, M|70\/100|[from] U-turn\n|-damage|p1a: Sandslash|58\/100|[from] Stealth Rock\n|\n|-heal|p2a: feesh 2|100\/100|[from] item: Leftovers\n|upkeep\n|turn|119\n|\n|t:|1700695374\n|move|p1a: Sandslash|Earthquake|p2a: feesh 2\n|-supereffective|p2a: feesh 2\n|-crit|p2a: feesh 2\n|-damage|p2a: feesh 2|13\/100\n|-damage|p1a: Sandslash|48\/100|[from] item: Life Orb\n|move|p2a: feesh 2|Surf|p1a: Sandslash\n|-damage|p1a: Sandslash|16\/100\n|\n|-heal|p2a: feesh 2|20\/100|[from] item: Leftovers\n|upkeep\n|turn|120\n|inactive|Necrozmium has 90 seconds left.\n|\n|t:|1700695387\n|switch|p1a: Magnezone|Magnezone|100\/100\n|-damage|p1a: Magnezone|94\/100|[from] Stealth Rock\n|switch|p2a: Crow persona 5|Corviknight, M|100\/100\n|-ability|p2a: Crow persona 5|Pressure\n|\n|-heal|p1a: Magnezone|100\/100|[from] item: Leftovers\n|upkeep\n|turn|121\n|inactive|Necrozmium has 90 seconds left.\n|\n|t:|1700695395\n|move|p2a: Crow persona 5|U-turn|p1a: Magnezone\n|-resisted|p1a: Magnezone\n|-damage|p1a: Magnezone|95\/100\n|\n|t:|1700695399\n|switch|p2a: feesh 3|Clodsire, M|100\/100|[from] U-turn\n|move|p1a: Magnezone|Flash Cannon|p2a: feesh 3\n|-damage|p2a: feesh 3|76\/100\n|\n|-heal|p1a: Magnezone|100\/100|[from] item: Leftovers\n|-heal|p2a: feesh 3|82\/100|[from] item: Leftovers\n|upkeep\n|turn|122\n|\n|t:|1700695405\n|switch|p1a: Slowking|Slowking, F|87\/100 tox\n|-damage|p1a: Slowking|75\/100 tox|[from] Stealth Rock\n|move|p2a: feesh 3|Earthquake|p1a: Slowking\n|-damage|p1a: Slowking|52\/100 tox\n|\n|-heal|p2a: feesh 3|88\/100|[from] item: Leftovers\n|-damage|p1a: Slowking|46\/100 tox|[from] psn\n|upkeep\n|turn|123\n|inactive|Necrozmium has 90 seconds left.\n|\n|t:|1700695419\n|switch|p2a: Maslina|Arboliva, M|42\/100 par\n|move|p1a: Slowking|Chilly Reception|p1a: Slowking\n|-weather|Snow\n|\n|t:|1700695422\n|switch|p1a: Greninja|Greninja, M|76\/100|[from] Chilly Reception\n|-damage|p1a: Greninja|64\/100|[from] Stealth Rock\n|\n|-weather|Snow|[upkeep]\n|upkeep\n|turn|124\n|\n|t:|1700695428\n|switch|p2a: feesh 2|Toxapex, M|53\/100\n|move|p1a: Greninja|Dark Pulse|p2a: feesh 2\n|-damage|p2a: feesh 2|30\/100\n|\n|-weather|Snow|[upkeep]\n|-heal|p2a: feesh 2|36\/100|[from] item: Leftovers\n|upkeep\n|turn|125\n|\n|t:|1700695435\n|move|p1a: Greninja|Dark Pulse|p2a: feesh 2\n|-damage|p2a: feesh 2|13\/100\n|move|p2a: feesh 2|Toxic|p1a: Greninja\n|-status|p1a: Greninja|tox\n|\n|-weather|Snow|[upkeep]\n|-heal|p2a: feesh 2|19\/100|[from] item: Leftovers\n|-damage|p1a: Greninja|58\/100 tox|[from] psn\n|upkeep\n|turn|126\n|inactive|Necrozmium has 90 seconds left.\n|\n|t:|1700695449\n|switch|p2a: Maslina|Arboliva, M|42\/100 par\n|move|p1a: Greninja|U-turn|p2a: Maslina\n|-supereffective|p2a: Maslina\n|-damage|p2a: Maslina|19\/100 par\n|-fieldstart|move: Grassy Terrain|[from] ability: Seed Sower|[of] p2a: Maslina\n|\n|t:|1700695460\n|switch|p1a: Magnezone|Magnezone|100\/100|[from] U-turn\n|-damage|p1a: Magnezone|94\/100|[from] Stealth Rock\n|\n|-weather|Snow|[upkeep]\n|-heal|p1a: Magnezone|100\/100|[from] Grassy Terrain\n|-heal|p2a: Maslina|25\/100 par|[from] Grassy Terrain\n|upkeep\n|turn|127\n|\n|t:|1700695468\n|switch|p2a: feesh 3|Clodsire, M|88\/100\n|move|p1a: Magnezone|Body Press|p2a: feesh 3\n|-resisted|p2a: feesh 3\n|-damage|p2a: feesh 3|77\/100\n|\n|-weather|none\n|-heal|p2a: feesh 3|83\/100|[from] Grassy Terrain\n|-heal|p2a: feesh 3|89\/100|[from] item: Leftovers\n|upkeep\n|turn|128\n|\n|t:|1700695477\n|switch|p1a: Avalugg|Avalugg, F, tera:Flying|14\/100 tox\n|-damage|p1a: Avalugg|0 fnt|[from] Stealth Rock\n|faint|p1a: Avalugg\n|move|p2a: feesh 3|Stealth Rock||[still]\n|-fail|p2a: feesh 3\n|\n|-heal|p2a: feesh 3|95\/100|[from] Grassy Terrain\n|-heal|p2a: feesh 3|100\/100|[from] item: Leftovers\n|upkeep\n|\n|t:|1700695481\n|switch|p1a: Slowking|Slowking, F|79\/100 tox\n|-damage|p1a: Slowking|66\/100 tox|[from] Stealth Rock\n|turn|129\n|inactive|Necrozmium has 90 seconds left.\n|\n|t:|1700695497\n|switch|p2a: Maslina|Arboliva, M|25\/100 par\n|move|p1a: Slowking|Scald|p2a: Maslina\n|-resisted|p2a: Maslina\n|-damage|p2a: Maslina|14\/100 par\n|\n|-heal|p1a: Slowking|73\/100 tox|[from] Grassy Terrain\n|-heal|p2a: Maslina|20\/100 par|[from] Grassy Terrain\n|-damage|p1a: Slowking|66\/100 tox|[from] psn\n|upkeep\n|turn|130\n|inactive|Necrozmium has 90 seconds left.\n|\n|t:|1700695507\n|move|p1a: Slowking|Chilly Reception|p1a: Slowking\n|-weather|Snow\n|\n|t:|1700695509\n|switch|p1a: Magnezone|Magnezone|100\/100|[from] Chilly Reception\n|-damage|p1a: Magnezone|94\/100|[from] Stealth Rock\n|move|p2a: Maslina|Strength Sap|p1a: Magnezone\n|-unboost|p1a: Magnezone|atk|1\n|-heal|p2a: Maslina|56\/100 par\n|\n|-weather|Snow|[upkeep]\n|-heal|p1a: Magnezone|100\/100|[from] Grassy Terrain\n|-heal|p2a: Maslina|62\/100 par|[from] Grassy Terrain\n|-fieldend|move: Grassy Terrain\n|upkeep\n|turn|131\n|inactive|Necrozmium has 90 seconds left.\n|\n|t:|1700695521\n|switch|p2a: feesh 3|Clodsire, M|100\/100\n|move|p1a: Magnezone|Volt Switch|p2a: feesh 3\n|-immune|p2a: feesh 3\n|\n|-weather|Snow|[upkeep]\n|upkeep\n|turn|132\n|inactive|Necrozmium has 90 seconds left.\n|\n|t:|1700695530\n|switch|p1a: Slowking|Slowking, F|99\/100 tox\n|-damage|p1a: Slowking|87\/100 tox|[from] Stealth Rock\n|move|p2a: feesh 3|Stealth Rock||[still]\n|-fail|p2a: feesh 3\n|\n|-weather|Snow|[upkeep]\n|-damage|p1a: Slowking|81\/100 tox|[from] psn\n|upkeep\n|turn|133\n|inactive|Necrozmium has 90 seconds left.\n|\n|t:|1700695543\n|switch|p2a: Maslina|Arboliva, M|62\/100 par\n|move|p1a: Slowking|Psyshock|p2a: Maslina\n|-damage|p2a: Maslina|37\/100 par\n|-fieldstart|move: Grassy Terrain|[from] ability: Seed Sower|[of] p2a: Maslina\n|\n|-weather|Snow|[upkeep]\n|-heal|p1a: Slowking|87\/100 tox|[from] Grassy Terrain\n|-heal|p2a: Maslina|43\/100 par|[from] Grassy Terrain\n|-damage|p1a: Slowking|75\/100 tox|[from] psn\n|upkeep\n|turn|134\n|inactive|Necrozmium has 90 seconds left.\n|\n|t:|1700695550\n|switch|p1a: Magnezone|Magnezone|100\/100\n|-damage|p1a: Magnezone|94\/100|[from] Stealth Rock\n|move|p2a: Maslina|Strength Sap|p1a: Magnezone\n|-unboost|p1a: Magnezone|atk|1\n|-heal|p2a: Maslina|79\/100 par\n|\n|-weather|none\n|-heal|p1a: Magnezone|100\/100|[from] Grassy Terrain\n|-heal|p2a: Maslina|85\/100 par|[from] Grassy Terrain\n|upkeep\n|turn|135\n|inactive|Necrozmium has 90 seconds left.\n|\n|t:|1700695562\n|switch|p2a: feesh 3|Clodsire, M|100\/100\n|move|p1a: Magnezone|Body Press|p2a: feesh 3\n|-resisted|p2a: feesh 3\n|-damage|p2a: feesh 3|89\/100\n|\n|-heal|p2a: feesh 3|96\/100|[from] Grassy Terrain\n|-heal|p2a: feesh 3|100\/100|[from] item: Leftovers\n|upkeep\n|turn|136\n|\n|t:|1700695568\n|switch|p1a: Slowking|Slowking, F|100\/100 tox\n|-damage|p1a: Slowking|88\/100 tox|[from] Stealth Rock\n|move|p2a: feesh 3|Stealth Rock||[still]\n|-fail|p2a: feesh 3\n|\n|-heal|p1a: Slowking|94\/100 tox|[from] Grassy Terrain\n|-damage|p1a: Slowking|88\/100 tox|[from] psn\n|upkeep\n|turn|137\n|\n|t:|1700695580\n|switch|p2a: Maslina|Arboliva, M|85\/100 par\n|move|p1a: Slowking|Psyshock|p2a: Maslina\n|-damage|p2a: Maslina|60\/100 par\n|\n|-heal|p1a: Slowking|94\/100 tox|[from] Grassy Terrain\n|-heal|p2a: Maslina|66\/100 par|[from] Grassy Terrain\n|-damage|p1a: Slowking|82\/100 tox|[from] psn\n|-fieldend|move: Grassy Terrain\n|upkeep\n|turn|138\n|inactive|Necrozmium has 90 seconds left.\n|\n|t:|1700695589\n|switch|p1a: Magnezone|Magnezone|100\/100\n|-damage|p1a: Magnezone|94\/100|[from] Stealth Rock\n|cant|p2a: Maslina|par\n|\n|-heal|p1a: Magnezone|100\/100|[from] item: Leftovers\n|upkeep\n|turn|139\n|inactive|Necrozmium has 90 seconds left.\n|\n|t:|1700695596\n|switch|p2a: feesh 3|Clodsire, M|100\/100\n|move|p1a: Magnezone|Flash Cannon|p2a: feesh 3\n|-damage|p2a: feesh 3|78\/100\n|\n|-heal|p2a: feesh 3|84\/100|[from] item: Leftovers\n|upkeep\n|turn|140\n|inactive|Necrozmium has 90 seconds left.\n|\n|t:|1700695610\n|switch|p1a: Slowking|Slowking, F|100\/100 tox\n|-damage|p1a: Slowking|88\/100 tox|[from] Stealth Rock\n|switch|p2a: feesh 2|Toxapex, M|52\/100\n|\n|-heal|p2a: feesh 2|58\/100|[from] item: Leftovers\n|-damage|p1a: Slowking|82\/100 tox|[from] psn\n|upkeep\n|turn|141\n|\n|t:|1700695616\n|switch|p2a: Maslina|Arboliva, M|66\/100 par\n|move|p1a: Slowking|Yawn||[still]\n|-fail|p1a: Slowking\n|\n|-damage|p1a: Slowking|70\/100 tox|[from] psn\n|upkeep\n|turn|142\n|\n|t:|1700695624\n|switch|p1a: Magnezone|Magnezone|100\/100\n|-damage|p1a: Magnezone|94\/100|[from] Stealth Rock\n|cant|p2a: Maslina|par\n|\n|-heal|p1a: Magnezone|100\/100|[from] item: Leftovers\n|upkeep\n|turn|143\n|inactive|Necrozmium has 90 seconds left.\n|\n|t:|1700695632\n|switch|p2a: feesh 3|Clodsire, M|84\/100\n|move|p1a: Magnezone|Volt Switch|p2a: feesh 3\n|-immune|p2a: feesh 3\n|\n|-heal|p2a: feesh 3|90\/100|[from] item: Leftovers\n|upkeep\n|turn|144\n|inactive|Necrozmium has 90 seconds left.\n|\n|t:|1700695649\n|switch|p1a: Slowking|Slowking, F|100\/100 tox\n|-damage|p1a: Slowking|88\/100 tox|[from] Stealth Rock\n|switch|p2a: Maslina|Arboliva, M|66\/100 par\n|\n|-damage|p1a: Slowking|82\/100 tox|[from] psn\n|upkeep\n|turn|145\n|\n|t:|1700695657\n|move|p1a: Slowking|Chilly Reception|p1a: Slowking\n|-weather|Snow\n|\n|t:|1700695660\n|switch|p1a: Greninja|Greninja, M|58\/100 tox|[from] Chilly Reception\n|-damage|p1a: Greninja|45\/100 tox|[from] Stealth Rock\n|cant|p2a: Maslina|par\n|\n|-weather|Snow|[upkeep]\n|-damage|p1a: Greninja|39\/100 tox|[from] psn\n|upkeep\n|turn|146\n|\n|t:|1700695669\n|switch|p2a: feesh 2|Toxapex, M|92\/100\n|move|p1a: Greninja|Blizzard|p2a: feesh 2\n|-resisted|p2a: feesh 2\n|-damage|p2a: feesh 2|81\/100\n|\n|-weather|Snow|[upkeep]\n|-heal|p2a: feesh 2|88\/100|[from] item: Leftovers\n|-damage|p1a: Greninja|28\/100 tox|[from] psn\n|upkeep\n|turn|147\n|\n|t:|1700695679\n|move|p1a: Greninja|U-turn|p2a: feesh 2\n|-resisted|p2a: feesh 2\n|-crit|p2a: feesh 2\n|-damage|p2a: feesh 2|80\/100\n|\n|t:|1700695681\n|switch|p1a: Magnezone|Magnezone|100\/100|[from] U-turn\n|-damage|p1a: Magnezone|94\/100|[from] Stealth Rock\n|move|p2a: feesh 2|Surf|p1a: Magnezone\n|-damage|p1a: Magnezone|75\/100\n|\n|-weather|Snow|[upkeep]\n|-heal|p1a: Magnezone|81\/100|[from] item: Leftovers\n|-heal|p2a: feesh 2|87\/100|[from] item: Leftovers\n|upkeep\n|turn|148\n|inactive|Necrozmium has 90 seconds left.\n|\n|t:|1700695692\n|switch|p1a: Slowking|Slowking, F|100\/100 tox\n|-damage|p1a: Slowking|88\/100 tox|[from] Stealth Rock\n|switch|p2a: feesh 3|Clodsire, M|90\/100\n|\n|-weather|Snow|[upkeep]\n|-heal|p2a: feesh 3|96\/100|[from] item: Leftovers\n|-damage|p1a: Slowking|82\/100 tox|[from] psn\n|upkeep\n|turn|149\n|\n|t:|1700695698\n|switch|p2a: Maslina|Arboliva, M|66\/100 par\n|move|p1a: Slowking|Scald|p2a: Maslina\n|-resisted|p2a: Maslina\n|-damage|p2a: Maslina|54\/100 par\n|-fieldstart|move: Grassy Terrain|[from] ability: Seed Sower|[of] p2a: Maslina\n|\n|-weather|none\n|-heal|p1a: Slowking|88\/100 tox|[from] Grassy Terrain\n|-heal|p2a: Maslina|60\/100 par|[from] Grassy Terrain\n|-damage|p1a: Slowking|76\/100 tox|[from] psn\n|upkeep\n|turn|150\n|\n|t:|1700695703\n|switch|p1a: Magnezone|Magnezone|81\/100\n|-damage|p1a: Magnezone|75\/100|[from] Stealth Rock\n|cant|p2a: Maslina|par\n|\n|-heal|p1a: Magnezone|81\/100|[from] Grassy Terrain\n|-heal|p1a: Magnezone|87\/100|[from] item: Leftovers\n|-heal|p2a: Maslina|66\/100 par|[from] Grassy Terrain\n|upkeep\n|turn|151\n|\n|t:|1700695716\n|switch|p2a: feesh 3|Clodsire, M|96\/100\n|move|p1a: Magnezone|Thunder Wave|p2a: feesh 3\n|-immune|p2a: feesh 3\n|\n|-heal|p1a: Magnezone|93\/100|[from] Grassy Terrain\n|-heal|p1a: Magnezone|99\/100|[from] item: Leftovers\n|-heal|p2a: feesh 3|100\/100|[from] Grassy Terrain\n|upkeep\n|turn|152\n|\n|t:|1700695728\n|switch|p1a: Slowking|Slowking, F|100\/100 tox\n|-damage|p1a: Slowking|88\/100 tox|[from] Stealth Rock\n|switch|p2a: Maslina|Arboliva, M|66\/100 par\n|\n|-heal|p1a: Slowking|94\/100 tox|[from] Grassy Terrain\n|-heal|p2a: Maslina|72\/100 par|[from] Grassy Terrain\n|-damage|p1a: Slowking|88\/100 tox|[from] psn\n|upkeep\n|turn|153\n|c|\u2606poopy soup|\/\/draw\n|inactive|Necrozmium has 60 seconds left.\n|c|\u2606poopy soup|oops\n|\n|t:|1700695755\n|switch|p1a: Magnezone|Magnezone|99\/100\n|-damage|p1a: Magnezone|93\/100|[from] Stealth Rock\n|cant|p2a: Maslina|par\n|\n|-heal|p1a: Magnezone|99\/100|[from] Grassy Terrain\n|-heal|p1a: Magnezone|100\/100|[from] item: Leftovers\n|-heal|p2a: Maslina|78\/100 par|[from] Grassy Terrain\n|-fieldend|move: Grassy Terrain\n|upkeep\n|turn|154\n|inactive|Necrozmium has 60 seconds left.\n|\n|t:|1700695766\n|switch|p2a: feesh 3|Clodsire, M|100\/100\n|move|p1a: Magnezone|Thunder Wave|p2a: feesh 3\n|-immune|p2a: feesh 3\n|\n|upkeep\n|turn|155\n|\n|t:|1700695779\n|switch|p1a: Slowking|Slowking, F|100\/100 tox\n|-damage|p1a: Slowking|88\/100 tox|[from] Stealth Rock\n|switch|p2a: Maslina|Arboliva, M|78\/100 par\n|\n|-damage|p1a: Slowking|82\/100 tox|[from] psn\n|upkeep\n|turn|156\n|\n|t:|1700695791\n|move|p1a: Slowking|Yawn||[still]\n|-fail|p1a: Slowking\n|move|p2a: Maslina|Giga Drain|p1a: Slowking\n|-supereffective|p1a: Slowking\n|-damage|p1a: Slowking|35\/100 tox\n|-heal|p2a: Maslina|100\/100 par|[from] drain|[of] p1a: Slowking\n|\n|-damage|p1a: Slowking|23\/100 tox|[from] psn\n|upkeep\n|turn|157\n|\n|t:|1700695803\n|switch|p2a: feesh 3|Clodsire, M|100\/100\n|move|p1a: Slowking|Yawn|p2a: feesh 3\n|-start|p2a: feesh 3|move: Yawn|[of] p1a: Slowking\n|\n|-damage|p1a: Slowking|4\/100 tox|[from] psn\n|upkeep\n|turn|158\n|\n|t:|1700695816\n|switch|p1a: Sandslash|Sandslash-Alola, M|16\/100\n|-damage|p1a: Sandslash|3\/100|[from] Stealth Rock\n|switch|p2a: Maslina|Arboliva, M|100\/100 par\n|\n|upkeep\n|turn|159\n|\n|t:|1700695824\n|switch|p2a: feesh 2|Toxapex, M|100\/100\n|move|p1a: Sandslash|Earthquake|p2a: feesh 2\n|-supereffective|p2a: feesh 2\n|-damage|p2a: feesh 2|42\/100\n|-damage|p1a: Sandslash|0 fnt|[from] item: Life Orb\n|faint|p1a: Sandslash\n|\n|-heal|p2a: feesh 2|49\/100|[from] item: Leftovers\n|upkeep\n|\n|t:|1700695828\n|switch|p1a: Slowking|Slowking, F|38\/100 tox\n|-damage|p1a: Slowking|25\/100 tox|[from] Stealth Rock\n|turn|160\n|\n|t:|1700695835\n|switch|p2a: Maslina|Arboliva, M|100\/100 par\n|switch|p1a: Magnezone|Magnezone|100\/100\n|-damage|p1a: Magnezone|94\/100|[from] Stealth Rock\n|\n|-heal|p1a: Magnezone|100\/100|[from] item: Leftovers\n|upkeep\n|turn|161\n|\n|t:|1700695845\n|switch|p2a: feesh 3|Clodsire, M|100\/100\n|move|p1a: Magnezone|Body Press|p2a: feesh 3\n|-resisted|p2a: feesh 3\n|-damage|p2a: feesh 3|89\/100\n|\n|-heal|p2a: feesh 3|95\/100|[from] item: Leftovers\n|upkeep\n|turn|162\n|c|\u2606poopy soup|i will sac myself to save us\n|\n|t:|1700695866\n|switch|p1a: Slowking|Slowking, F|58\/100 tox\n|-damage|p1a: Slowking|46\/100 tox|[from] Stealth Rock\n|move|p2a: feesh 3|Stealth Rock||[still]\n|-fail|p2a: feesh 3\n|\n|-heal|p2a: feesh 3|100\/100|[from] item: Leftovers\n|-damage|p1a: Slowking|40\/100 tox|[from] psn\n|upkeep\n|turn|163\n|inactive|Necrozmium has 30 seconds left.\n|inactive|poopy soup has 120 seconds left.\n|inactive|Necrozmium has 20 seconds left.\n|c|\u2606Necrozmium|good old pp stall\n|inactive|Necrozmium has 15 seconds left.\n|\n|t:|1700695892\n|switch|p2a: Maslina|Arboliva, M|100\/100 par\n|move|p1a: Slowking|Chilly Reception|p1a: Slowking\n|-weather|Snow\n|inactive|Necrozmium has 20 seconds left this turn.\n|c|\u2606poopy soup|perhaps\n|inactive|poopy soup has 120 seconds left.\n|\n|t:|1700695897\n|switch|p1a: Magnezone|Magnezone|100\/100|[from] Chilly Reception\n|-damage|p1a: Magnezone|94\/100|[from] Stealth Rock\n|\n|-weather|Snow|[upkeep]\n|-heal|p1a: Magnezone|100\/100|[from] item: Leftovers\n|upkeep\n|turn|164\n|inactive|Necrozmium has 25 seconds left this turn.\n|\n|t:|1700695901\n|switch|p2a: feesh 3|Clodsire, M|100\/100\n|move|p1a: Magnezone|Body Press|p2a: feesh 3\n|-resisted|p2a: feesh 3\n|-damage|p2a: feesh 3|89\/100\n|\n|-weather|Snow|[upkeep]\n|-heal|p2a: feesh 3|96\/100|[from] item: Leftovers\n|upkeep\n|turn|165\n|inactive|Necrozmium has 30 seconds left this turn.\n|c|\u2606poopy soup|adios\n|\n|t:|1700695909\n|switch|p2a: Maslina|Arboliva, M|100\/100 par\n|move|p1a: Magnezone|Volt Switch|p2a: Maslina\n|-resisted|p2a: Maslina\n|-damage|p2a: Maslina|85\/100 par\n|-fieldstart|move: Grassy Terrain|[from] ability: Seed Sower|[of] p2a: Maslina\n|inactive|Necrozmium has 30 seconds left this turn.\n|\n|t:|1700695913\n|switch|p1a: Greninja|Greninja, M|28\/100 tox|[from] Volt Switch\n|-damage|p1a: Greninja|15\/100 tox|[from] Stealth Rock\n|\n|-weather|Snow|[upkeep]\n|-heal|p1a: Greninja|21\/100 tox|[from] Grassy Terrain\n|-heal|p2a: Maslina|91\/100 par|[from] Grassy Terrain\n|-damage|p1a: Greninja|15\/100 tox|[from] psn\n|upkeep\n|turn|166\n|inactive|Necrozmium has 30 seconds left.\n|\n|t:|1700695926\n|move|p1a: Greninja|Blizzard|p2a: Maslina\n|-supereffective|p2a: Maslina\n|-damage|p2a: Maslina|40\/100 par\n|move|p2a: Maslina|Giga Drain|p1a: Greninja\n|-supereffective|p1a: Greninja\n|-damage|p1a: Greninja|0 fnt\n|-heal|p2a: Maslina|45\/100 par|[from] drain|[of] p1a: Greninja\n|faint|p1a: Greninja\n|\n|-weather|Snow|[upkeep]\n|-heal|p2a: Maslina|52\/100 par|[from] Grassy Terrain\n|upkeep\n|inactive|Necrozmium has 30 seconds left this turn.\n|\n|t:|1700695930\n|switch|p1a: Magnezone|Magnezone|100\/100\n|-damage|p1a: Magnezone|94\/100|[from] Stealth Rock\n|turn|167\n|inactive|Necrozmium has 30 seconds left.\n|\n|t:|1700695937\n|switch|p2a: feesh 3|Clodsire, M|96\/100\n|move|p1a: Magnezone|Body Press|p2a: feesh 3\n|-resisted|p2a: feesh 3\n|-damage|p2a: feesh 3|85\/100\n|\n|-weather|none\n|-heal|p1a: Magnezone|100\/100|[from] Grassy Terrain\n|-heal|p2a: feesh 3|91\/100|[from] Grassy Terrain\n|-heal|p2a: feesh 3|97\/100|[from] item: Leftovers\n|upkeep\n|turn|168\n|inactive|Necrozmium has 30 seconds left.\n|c|\u2606poopy soup|bye\n|\n|t:|1700695949\n|switch|p1a: Slowking|Slowking, F|73\/100 tox\n|-damage|p1a: Slowking|61\/100 tox|[from] Stealth Rock\n|switch|p2a: Maslina|Arboliva, M|52\/100 par\n|\n|-heal|p1a: Slowking|67\/100 tox|[from] Grassy Terrain\n|-heal|p2a: Maslina|58\/100 par|[from] Grassy Terrain\n|-damage|p1a: Slowking|61\/100 tox|[from] psn\n|upkeep\n|turn|169\n|inactive|Necrozmium has 30 seconds left this turn.\n|-message|poopy soup forfeited.\n|\n|win|Necrozmium\n|raw|poopy soup's rating: 1163 &rarr; <strong>1146<\/strong><br \/>(-17 for losing)\n|raw|Necrozmium's rating: 1273 &rarr; <strong>1290<\/strong><br \/>(+17 for winning)\n|l|\u2606poopy soup\n|c|\u2606Necrozmium|gg\n","uploadtime":1700695963,"views":20,"p1id":"poopysoup","p2id":"necrozmium","formatid":"gen9ou","rating":1146,"private":0,"password":""}