{"id":"gen9ou-1996962941","p1":"cintifies","p2":"luhuo","format":"[Gen 9] OU","log":"|j|\u2606cintifies\n|j|\u2606luhuo\n|t:|1700750169\n|gametype|singles\n|player|p1|cintifies|acerola|1167\n|player|p2|luhuo|1|1147\n|teamsize|p1|6\n|teamsize|p2|6\n|gen|9\n|tier|[Gen 9] OU\n|rated|\n|rule|Sleep Clause Mod: Limit one foe put to sleep\n|rule|Species Clause: Limit one of each Pok\u00e9mon\n|rule|OHKO Clause: OHKO moves are banned\n|rule|Evasion Items Clause: Evasion items are banned\n|rule|Evasion Moves Clause: Evasion moves are banned\n|rule|Endless Battle Clause: Forcing endless battles is banned\n|rule|HP Percentage Mod: HP is shown in percentages\n|clearpoke\n|poke|p1|Maushold|\n|poke|p1|Rillaboom, M|\n|poke|p1|Great Tusk|\n|poke|p1|Heatran, F|\n|poke|p1|Enamorus, F|\n|poke|p1|Kingambit, M|\n|poke|p2|Ogerpon-Wellspring, F|\n|poke|p2|Walking Wake|\n|poke|p2|Garganacl, M|\n|poke|p2|Garchomp, M|\n|poke|p2|Glimmora, M|\n|poke|p2|Ceruledge, F|\n|teampreview\n|inactive|Battle timer is ON: inactive players will automatically lose when time's up. (requested by cintifies)\n|inactive|luhuo has 120 seconds left.\n|\n|t:|1700750225\n|start\n|switch|p1a: Enamorus|Enamorus, F|100\/100\n|switch|p2a: Walking Wake|Walking Wake|100\/100\n|-enditem|p2a: Walking Wake|Booster Energy\n|-activate|p2a: Walking Wake|ability: Protosynthesis|[fromitem]\n|-start|p2a: Walking Wake|protosynthesisspe\n|turn|1\n|\n|t:|1700750236\n|-terastallize|p2a: Walking Wake|Steel\n|move|p2a: Walking Wake|Hydro Pump|p1a: Enamorus\n|-damage|p1a: Enamorus|16\/100\n|move|p1a: Enamorus|Moonblast|p2a: Walking Wake\n|-resisted|p2a: Walking Wake\n|-damage|p2a: Walking Wake|71\/100\n|-unboost|p2a: Walking Wake|spa|1\n|\n|upkeep\n|turn|2\n|\n|t:|1700750247\n|move|p2a: Walking Wake|Hydro Steam|p1a: Enamorus\n|-damage|p1a: Enamorus|0 fnt\n|faint|p1a: Enamorus\n|\n|upkeep\n|inactive|cintifies has 120 seconds left.\n|\n|t:|1700750277\n|switch|p1a: Heatran|Heatran, F|100\/100\n|turn|3\n|\n|t:|1700750294\n|-end|p2a: Walking Wake|Protosynthesis|[silent]\n|switch|p2a: Glimmora|Glimmora, M|100\/100\n|move|p1a: Heatran|Magma Storm|p2a: Glimmora\n|-resisted|p2a: Glimmora\n|-damage|p2a: Glimmora|72\/100\n|-activate|p2a: Glimmora|move: Magma Storm|[of] p1a: Heatran\n|\n|-damage|p2a: Glimmora|60\/100|[from] move: Magma Storm|[partiallytrapped]\n|upkeep\n|turn|4\n|\n|t:|1700750301\n|move|p2a: Glimmora|Stealth Rock|p1a: Heatran\n|-sidestart|p1: cintifies|move: Stealth Rock\n|move|p1a: Heatran|Earth Power|p2a: Glimmora\n|-supereffective|p2a: Glimmora\n|-damage|p2a: Glimmora|0 fnt\n|faint|p2a: Glimmora\n|\n|upkeep\n|\n|t:|1700750306\n|switch|p2a: Ogerpon|Ogerpon-Wellspring, F|100\/100\n|turn|5\n|\n|t:|1700750314\n|move|p2a: Ogerpon|Ivy Cudgel|p1a: Heatran|[anim] Ivy Cudgel Water\n|-supereffective|p1a: Heatran\n|-crit|p1a: Heatran\n|-damage|p1a: Heatran|0 fnt\n|faint|p1a: Heatran\n|\n|upkeep\n|\n|t:|1700750324\n|switch|p1a: Rillaboom|Rillaboom, M|100\/100\n|-damage|p1a: Rillaboom|88\/100|[from] Stealth Rock\n|-fieldstart|move: Grassy Terrain|[from] ability: Grassy Surge|[of] p1a: Rillaboom\n|turn|6\n|\n|t:|1700750338\n|switch|p2a: Ceruledge|Ceruledge, F|100\/100\n|move|p1a: Rillaboom|Grassy Glide|p2a: Ceruledge\n|-resisted|p2a: Ceruledge\n|-damage|p2a: Ceruledge|56\/100\n|-ability|p2a: Ceruledge|Weak Armor|boost\n|-unboost|p2a: Ceruledge|def|1\n|-boost|p2a: Ceruledge|spe|2\n|\n|-heal|p2a: Ceruledge|62\/100|[from] Grassy Terrain\n|-heal|p1a: Rillaboom|94\/100|[from] Grassy Terrain\n|upkeep\n|turn|7\n|\n|t:|1700750354\n|move|p1a: Rillaboom|Grassy Glide|p2a: Ceruledge\n|-resisted|p2a: Ceruledge\n|-damage|p2a: Ceruledge|0 fnt\n|faint|p2a: Ceruledge\n|\n|-heal|p1a: Rillaboom|100\/100|[from] Grassy Terrain\n|upkeep\n|\n|t:|1700750360\n|switch|p2a: Garganacl|Garganacl, M|100\/100\n|turn|8\n|\n|t:|1700750363\n|move|p1a: Rillaboom|Grassy Glide|p2a: Garganacl\n|-supereffective|p2a: Garganacl\n|-damage|p2a: Garganacl|38\/100\n|move|p2a: Garganacl|Iron Defense|p2a: Garganacl\n|-boost|p2a: Garganacl|def|2\n|\n|-heal|p2a: Garganacl|44\/100|[from] Grassy Terrain\n|-heal|p2a: Garganacl|50\/100|[from] item: Leftovers\n|upkeep\n|turn|9\n|\n|t:|1700750372\n|-terastallize|p1a: Rillaboom|Grass\n|move|p1a: Rillaboom|Grassy Glide|p2a: Garganacl\n|-supereffective|p2a: Garganacl\n|-damage|p2a: Garganacl|10\/100\n|move|p2a: Garganacl|Recover|p2a: Garganacl\n|-heal|p2a: Garganacl|60\/100\n|\n|-heal|p2a: Garganacl|67\/100|[from] Grassy Terrain\n|-heal|p2a: Garganacl|73\/100|[from] item: Leftovers\n|upkeep\n|turn|10\n|\n|t:|1700750384\n|move|p1a: Rillaboom|Grassy Glide|p2a: Garganacl\n|-supereffective|p2a: Garganacl\n|-damage|p2a: Garganacl|29\/100\n|move|p2a: Garganacl|Iron Defense|p2a: Garganacl\n|-boost|p2a: Garganacl|def|2\n|\n|-heal|p2a: Garganacl|35\/100|[from] Grassy Terrain\n|-heal|p2a: Garganacl|42\/100|[from] item: Leftovers\n|-fieldend|move: Grassy Terrain\n|upkeep\n|turn|11\n|\n|t:|1700750392\n|switch|p1a: Great Tusk|Great Tusk|100\/100\n|-damage|p1a: Great Tusk|98\/100|[from] Stealth Rock\n|move|p2a: Garganacl|Recover|p2a: Garganacl\n|-heal|p2a: Garganacl|92\/100\n|\n|-heal|p1a: Great Tusk|100\/100|[from] item: Leftovers\n|-heal|p2a: Garganacl|98\/100|[from] item: Leftovers\n|upkeep\n|turn|12\n|\n|t:|1700750400\n|move|p1a: Great Tusk|Rapid Spin|p2a: Garganacl\n|-resisted|p2a: Garganacl\n|-damage|p2a: Garganacl|97\/100\n|-boost|p1a: Great Tusk|spe|1\n|-sideend|p1: cintifies|Stealth Rock|[from] move: Rapid Spin|[of] p1a: Great Tusk\n|move|p2a: Garganacl|Body Press|p1a: Great Tusk\n|-damage|p1a: Great Tusk|48\/100\n|\n|-heal|p1a: Great Tusk|54\/100|[from] item: Leftovers\n|-heal|p2a: Garganacl|100\/100|[from] item: Leftovers\n|upkeep\n|turn|13\n|\n|t:|1700750407\n|move|p1a: Great Tusk|Bulk Up|p1a: Great Tusk\n|-boost|p1a: Great Tusk|atk|1\n|-boost|p1a: Great Tusk|def|1\n|move|p2a: Garganacl|Salt Cure|p1a: Great Tusk\n|-resisted|p1a: Great Tusk\n|-damage|p1a: Great Tusk|53\/100\n|-start|p1a: Great Tusk|Salt Cure\n|\n|-heal|p1a: Great Tusk|59\/100|[from] item: Leftovers\n|-damage|p1a: Great Tusk|46\/100|[from] Salt Cure\n|upkeep\n|turn|14\n|\n|t:|1700750412\n|move|p1a: Great Tusk|Bulk Up|p1a: Great Tusk\n|-boost|p1a: Great Tusk|atk|1\n|-boost|p1a: Great Tusk|def|1\n|move|p2a: Garganacl|Body Press|p1a: Great Tusk\n|-damage|p1a: Great Tusk|18\/100\n|\n|-heal|p1a: Great Tusk|24\/100|[from] item: Leftovers\n|-damage|p1a: Great Tusk|11\/100|[from] Salt Cure\n|upkeep\n|turn|15\n|\n|t:|1700750419\n|move|p1a: Great Tusk|Headlong Rush|p2a: Garganacl\n|-supereffective|p2a: Garganacl\n|-damage|p2a: Garganacl|60\/100\n|-unboost|p1a: Great Tusk|def|1\n|-unboost|p1a: Great Tusk|spd|1\n|move|p2a: Garganacl|Body Press|p1a: Great Tusk\n|-damage|p1a: Great Tusk|0 fnt\n|faint|p1a: Great Tusk\n|-end|p1a: Great Tusk|Protosynthesis|[silent]\n|\n|-heal|p2a: Garganacl|67\/100|[from] item: Leftovers\n|upkeep\n|\n|t:|1700750447\n|switch|p1a: Maushold|Maushold|100\/100\n|turn|16\n|\n|t:|1700750452\n|move|p1a: Maushold|Tidy Up|p1a: Maushold\n|-boost|p1a: Maushold|atk|1\n|-boost|p1a: Maushold|spe|1\n|move|p2a: Garganacl|Body Press|p1a: Maushold\n|-supereffective|p1a: Maushold\n|-damage|p1a: Maushold|0 fnt\n|faint|p1a: Maushold\n|\n|-heal|p2a: Garganacl|73\/100|[from] item: Leftovers\n|upkeep\n|\n|t:|1700750455\n|switch|p1a: Rillaboom|Rillaboom, M, tera:Grass|100\/100\n|-fieldstart|move: Grassy Terrain|[from] ability: Grassy Surge|[of] p1a: Rillaboom\n|turn|17\n|\n|t:|1700750464\n|move|p1a: Rillaboom|Wood Hammer|p2a: Garganacl\n|-supereffective|p2a: Garganacl\n|-damage|p2a: Garganacl|12\/100\n|-damage|p1a: Rillaboom|77\/100|[from] Recoil\n|move|p2a: Garganacl|Body Press|p1a: Rillaboom\n|-damage|p1a: Rillaboom|0 fnt\n|faint|p1a: Rillaboom\n|\n|-heal|p2a: Garganacl|19\/100|[from] Grassy Terrain\n|-heal|p2a: Garganacl|25\/100|[from] item: Leftovers\n|upkeep\n|\n|t:|1700750467\n|switch|p1a: devindian|Kingambit, M|100\/100\n|-activate|p1a: devindian|ability: Supreme Overlord\n|-start|p1a: devindian|fallen5|[silent]\n|turn|18\n|\n|t:|1700750477\n|move|p1a: devindian|Iron Head|p2a: Garganacl\n|-supereffective|p2a: Garganacl\n|-damage|p2a: Garganacl|0 fnt\n|faint|p2a: Garganacl\n|\n|upkeep\n|c|\u2606cintifies|this mon is so mid\n|\n|t:|1700750488\n|switch|p2a: Garchomp|Garchomp, M, shiny|100\/100\n|turn|19\n|\n|t:|1700750499\n|move|p2a: Garchomp|Earthquake|p1a: devindian\n|-supereffective|p1a: devindian\n|-damage|p1a: devindian|61\/100\n|move|p1a: devindian|Kowtow Cleave|p2a: Garchomp\n|-damage|p2a: Garchomp|29\/100\n|-damage|p1a: devindian|48\/100|[from] ability: Rough Skin|[of] p2a: Garchomp\n|\n|-heal|p2a: Garchomp|35\/100|[from] Grassy Terrain\n|-heal|p1a: devindian|55\/100|[from] Grassy Terrain\n|-heal|p1a: devindian|61\/100|[from] item: Leftovers\n|upkeep\n|turn|20\n|\n|t:|1700750509\n|move|p1a: devindian|Sucker Punch|p2a: Garchomp\n|-damage|p2a: Garchomp|0 fnt\n|-damage|p1a: devindian|48\/100|[from] ability: Rough Skin|[of] p2a: Garchomp\n|faint|p2a: Garchomp\n|\n|-heal|p1a: devindian|55\/100|[from] Grassy Terrain\n|-heal|p1a: devindian|61\/100|[from] item: Leftovers\n|upkeep\n|\n|t:|1700750512\n|switch|p2a: Ogerpon|Ogerpon-Wellspring, F|100\/100\n|turn|21\n|\n|t:|1700750517\n|move|p1a: devindian|Sucker Punch|p2a: Ogerpon\n|-damage|p2a: Ogerpon|20\/100\n|move|p2a: Ogerpon|Ivy Cudgel|p1a: devindian|[anim] Ivy Cudgel Water\n|-damage|p1a: devindian|16\/100\n|\n|-heal|p2a: Ogerpon|26\/100|[from] Grassy Terrain\n|-heal|p1a: devindian|22\/100|[from] Grassy Terrain\n|-heal|p1a: devindian|28\/100|[from] item: Leftovers\n|-fieldend|move: Grassy Terrain\n|upkeep\n|turn|22\n|\n|t:|1700750524\n|move|p1a: devindian|Sucker Punch|p2a: Ogerpon\n|-damage|p2a: Ogerpon|0 fnt\n|faint|p2a: Ogerpon\n|\n|-heal|p1a: devindian|34\/100|[from] item: Leftovers\n|upkeep\n|\n|t:|1700750527\n|switch|p2a: Walking Wake|Walking Wake, tera:Steel|71\/100\n|turn|23\n|\n|t:|1700750534\n|move|p1a: devindian|Sucker Punch|p2a: Walking Wake\n|-crit|p2a: Walking Wake\n|-damage|p2a: Walking Wake|0 fnt\n|faint|p2a: Walking Wake\n|-end|p2a: Walking Wake|Protosynthesis|[silent]\n|\n|win|cintifies\n|raw|cintifies's rating: 1167 &rarr; <strong>1191<\/strong><br \/>(+24 for winning)\n|raw|luhuo's rating: 1147 &rarr; <strong>1123<\/strong><br \/>(-24 for losing)\n|c|\u2606cintifies|ez\n|l|\u2606luhuo\n","uploadtime":1700750544,"views":1,"p1id":"cintifies","p2id":"luhuo","formatid":"gen9ou","rating":1123,"private":0,"password":""}