{"id":"gen9ou-1995797183","p1":"GSiLVAZ","p2":"Archeis","format":"[Gen 9] OU","log":"|j|\u2606GSiLVAZ\n|j|\u2606Archeis\n|t:|1700604090\n|gametype|singles\n|player|p1|GSiLVAZ|dancer|1229\n|player|p2|Archeis|red|1315\n|teamsize|p1|6\n|teamsize|p2|6\n|gen|9\n|tier|[Gen 9] OU\n|rated|\n|rule|Sleep Clause Mod: Limit one foe put to sleep\n|rule|Species Clause: Limit one of each Pok\u00e9mon\n|rule|OHKO Clause: OHKO moves are banned\n|rule|Evasion Items Clause: Evasion items are banned\n|rule|Evasion Moves Clause: Evasion moves are banned\n|rule|Endless Battle Clause: Forcing endless battles is banned\n|rule|HP Percentage Mod: HP is shown in percentages\n|clearpoke\n|poke|p1|Great Tusk|\n|poke|p1|Slowking-Galar, F|\n|poke|p1|Corviknight, F|\n|poke|p1|Alomomola, F|\n|poke|p1|Iron Valiant|\n|poke|p1|Dragapult, M|\n|poke|p2|Rillaboom, F|\n|poke|p2|Ribombee, F|\n|poke|p2|Gholdengo|\n|poke|p2|Samurott-Hisui, M|\n|poke|p2|Ursaluna, F|\n|poke|p2|Iron Moth|\n|teampreview\n|\n|t:|1700604100\n|start\n|switch|p1a: Great Tusk|Great Tusk|100\/100\n|switch|p2a: Iron Moth|Iron Moth|100\/100\n|-enditem|p2a: Iron Moth|Booster Energy\n|-activate|p2a: Iron Moth|ability: Quark Drive|[fromitem]\n|-start|p2a: Iron Moth|quarkdrivespe\n|turn|1\n|\n|t:|1700604113\n|-terastallize|p2a: Iron Moth|Grass\n|move|p2a: Iron Moth|Energy Ball|p1a: Great Tusk\n|-supereffective|p1a: Great Tusk\n|-damage|p1a: Great Tusk|16\/100\n|move|p1a: Great Tusk|Stealth Rock|p2a: Iron Moth\n|-sidestart|p2: Archeis|move: Stealth Rock\n|\n|-heal|p1a: Great Tusk|23\/100|[from] item: Leftovers\n|upkeep\n|turn|2\n|\n|t:|1700604119\n|-end|p1a: Great Tusk|Protosynthesis|[silent]\n|switch|p1a: Slowking|Slowking-Galar, F|100\/100\n|move|p2a: Iron Moth|Energy Ball|p1a: Slowking\n|-resisted|p1a: Slowking\n|-damage|p1a: Slowking|84\/100\n|\n|upkeep\n|turn|3\n|\n|t:|1700604153\n|move|p2a: Iron Moth|Psychic|p1a: Slowking\n|-damage|p1a: Slowking|58\/100\n|move|p1a: Slowking|Future Sight|p2a: Iron Moth\n|-start|p1a: Slowking|move: Future Sight\n|\n|upkeep\n|turn|4\n|\n|t:|1700604162\n|move|p2a: Iron Moth|Energy Ball|p1a: Slowking\n|-resisted|p1a: Slowking\n|-damage|p1a: Slowking|40\/100\n|move|p1a: Slowking|Chilling Water|p2a: Iron Moth\n|-resisted|p2a: Iron Moth\n|-damage|p2a: Iron Moth|94\/100\n|-unboost|p2a: Iron Moth|atk|1\n|\n|upkeep\n|turn|5\n|\n|t:|1700604177\n|move|p2a: Iron Moth|Energy Ball|p1a: Slowking\n|-resisted|p1a: Slowking\n|-damage|p1a: Slowking|22\/100\n|move|p1a: Slowking|Chilly Reception|p1a: Slowking\n|-weather|Snow\n|\n|t:|1700604183\n|switch|p1a: Dragapult|Dragapult, M|100\/100|[from] Chilly Reception\n|\n|-weather|Snow|[upkeep]\n|-end|p2a: Iron Moth|move: Future Sight\n|-damage|p2a: Iron Moth|51\/100\n|upkeep\n|turn|6\n|inactive|Battle timer is ON: inactive players will automatically lose when time's up. (requested by Archeis)\n|\n|t:|1700604266\n|move|p2a: Iron Moth|Energy Ball|p1a: Dragapult\n|-resisted|p1a: Dragapult\n|-damage|p1a: Dragapult|72\/100\n|move|p1a: Dragapult|Fire Blast|p2a: Iron Moth|[miss]\n|-miss|p1a: Dragapult|p2a: Iron Moth\n|\n|-weather|Snow|[upkeep]\n|upkeep\n|turn|7\n|\n|t:|1700604276\n|move|p2a: Iron Moth|Psychic|p1a: Dragapult\n|-damage|p1a: Dragapult|34\/100\n|move|p1a: Dragapult|Dragon Darts|p2a: Iron Moth\n|-damage|p2a: Iron Moth|4\/100\n|-anim|p1a: Dragapult|Dragon Darts|p2a: Iron Moth\n|-damage|p2a: Iron Moth|0 fnt\n|faint|p2a: Iron Moth\n|-end|p2a: Iron Moth|Quark Drive|[silent]\n|-damage|p1a: Dragapult|24\/100|[from] item: Life Orb\n|\n|-weather|Snow|[upkeep]\n|upkeep\n|\n|t:|1700604290\n|switch|p2a: Samurott|Samurott-Hisui, M|100\/100\n|-damage|p2a: Samurott|88\/100|[from] Stealth Rock\n|turn|8\n|inactive|GSiLVAZ has 120 seconds left.\n|inactive|GSiLVAZ has 90 seconds left.\n|\n|t:|1700604350\n|switch|p1a: Alomomola|Alomomola, F|100\/100\n|move|p2a: Samurott|Sucker Punch||[still]\n|-fail|p2a: Samurott\n|\n|-weather|Snow|[upkeep]\n|upkeep\n|turn|9\n|\n|t:|1700604358\n|move|p2a: Samurott|Swords Dance|p2a: Samurott\n|-boost|p2a: Samurott|atk|2\n|move|p1a: Alomomola|Wish|p1a: Alomomola\n|\n|-weather|none\n|upkeep\n|turn|10\n|\n|t:|1700604367\n|move|p2a: Samurott|Ceaseless Edge|p1a: Alomomola\n|-damage|p1a: Alomomola|24\/100\n|-sidestart|p1: GSiLVAZ|Spikes\n|-enditem|p1a: Alomomola|Red Card|[of] p2a: Samurott\n|drag|p2a: Ursaluna|Ursaluna, F|100\/100\n|-damage|p2a: Ursaluna|94\/100|[from] Stealth Rock\n|move|p1a: Alomomola|Flip Turn|p2a: Ursaluna\n|-supereffective|p2a: Ursaluna\n|-damage|p2a: Ursaluna|67\/100\n|\n|t:|1700604382\n|switch|p1a: Dragapult|Dragapult, M|24\/100|[from] Flip Turn\n|-damage|p1a: Dragapult|12\/100|[from] Spikes\n|\n|-heal|p1a: Dragapult|86\/100|[from] move: Wish|[wisher] Alomomola\n|-status|p2a: Ursaluna|brn|[from] item: Flame Orb\n|upkeep\n|turn|11\n|\n|t:|1700604395\n|switch|p1a: Corviknight|Corviknight, F|100\/100\n|-ability|p1a: Corviknight|Pressure\n|move|p2a: Ursaluna|Headlong Rush|p1a: Corviknight\n|-immune|p1a: Corviknight\n|\n|-damage|p2a: Ursaluna|61\/100 brn|[from] brn\n|upkeep\n|turn|12\n|\n|t:|1700604401\n|move|p2a: Ursaluna|Fire Punch|p1a: Corviknight\n|-supereffective|p1a: Corviknight\n|-damage|p1a: Corviknight|37\/100\n|-damage|p2a: Ursaluna|45\/100 brn|[from] item: Rocky Helmet|[of] p1a: Corviknight\n|move|p1a: Corviknight|U-turn|p2a: Ursaluna\n|-damage|p2a: Ursaluna|32\/100 brn\n|\n|t:|1700604408\n|switch|p1a: Dragapult|Dragapult, M|86\/100|[from] U-turn\n|-damage|p1a: Dragapult|74\/100|[from] Spikes\n|\n|-damage|p2a: Ursaluna|26\/100 brn|[from] brn\n|upkeep\n|turn|13\n|\n|t:|1700604431\n|move|p1a: Dragapult|Dragon Darts|p2a: Ursaluna\n|-damage|p2a: Ursaluna|0 fnt\n|faint|p2a: Ursaluna\n|-damage|p1a: Dragapult|64\/100|[from] item: Life Orb\n|\n|upkeep\n|\n|t:|1700604435\n|switch|p2a: Ribombee|Ribombee, F|100\/100\n|-damage|p2a: Ribombee|76\/100|[from] Stealth Rock\n|turn|14\n|\n|t:|1700604441\n|move|p1a: Dragapult|Fire Blast|p2a: Ribombee\n|-supereffective|p2a: Ribombee\n|-damage|p2a: Ribombee|0 fnt\n|faint|p2a: Ribombee\n|-damage|p1a: Dragapult|54\/100|[from] item: Life Orb\n|\n|upkeep\n|\n|t:|1700604446\n|switch|p2a: Gholdengo|Gholdengo|100\/100\n|-damage|p2a: Gholdengo|94\/100|[from] Stealth Rock\n|-item|p2a: Gholdengo|Air Balloon\n|turn|15\n|inactive|GSiLVAZ has 120 seconds left.\n|\n|t:|1700604451\n|move|p1a: Dragapult|Phantom Force||[still]\n|-prepare|p1a: Dragapult|Phantom Force\n|move|p2a: Gholdengo|Shadow Ball|p1a: Dragapult|[miss]\n|-miss|p2a: Gholdengo|p1a: Dragapult\n|\n|upkeep\n|turn|16\n|\n|t:|1700604457\n|move|p1a: Dragapult|Phantom Force|p2a: Gholdengo|[from]lockedmove\n|-supereffective|p2a: Gholdengo\n|-damage|p2a: Gholdengo|0 fnt\n|-enditem|p2a: Gholdengo|Air Balloon\n|faint|p2a: Gholdengo\n|-damage|p1a: Dragapult|44\/100|[from] item: Life Orb\n|\n|upkeep\n|\n|t:|1700604461\n|switch|p2a: Samurott|Samurott-Hisui, M|88\/100\n|-damage|p2a: Samurott|76\/100|[from] Stealth Rock\n|turn|17\n|\n|t:|1700604470\n|move|p1a: Dragapult|Dragon Darts|p2a: Samurott\n|-damage|p2a: Samurott|29\/100\n|-anim|p1a: Dragapult|Dragon Darts|p2a: Samurott\n|-damage|p2a: Samurott|0 fnt\n|faint|p2a: Samurott\n|-damage|p1a: Dragapult|35\/100|[from] item: Life Orb\n|\n|upkeep\n|\n|t:|1700604474\n|switch|p2a: Rillaboom|Rillaboom, F|100\/100\n|-damage|p2a: Rillaboom|88\/100|[from] Stealth Rock\n|-fieldstart|move: Grassy Terrain|[from] ability: Grassy Surge|[of] p2a: Rillaboom\n|turn|18\n|\n|t:|1700604480\n|move|p1a: Dragapult|Dragon Darts|p2a: Rillaboom\n|-damage|p2a: Rillaboom|49\/100\n|-anim|p1a: Dragapult|Dragon Darts|p2a: Rillaboom\n|-damage|p2a: Rillaboom|13\/100\n|-damage|p1a: Dragapult|25\/100|[from] item: Life Orb\n|move|p2a: Rillaboom|Wood Hammer|p1a: Dragapult\n|-resisted|p1a: Dragapult\n|-damage|p1a: Dragapult|0 fnt\n|faint|p1a: Dragapult\n|-damage|p2a: Rillaboom|6\/100|[from] Recoil\n|\n|-heal|p2a: Rillaboom|12\/100|[from] Grassy Terrain\n|upkeep\n|\n|t:|1700604486\n|switch|p1a: Corviknight|Corviknight, F|37\/100\n|-ability|p1a: Corviknight|Pressure\n|turn|19\n|\n|t:|1700604490\n|move|p2a: Rillaboom|Wood Hammer|p1a: Corviknight\n|-resisted|p1a: Corviknight\n|-damage|p1a: Corviknight|14\/100\n|-damage|p2a: Rillaboom|0 fnt|[from] item: Rocky Helmet|[of] p1a: Corviknight\n|faint|p2a: Rillaboom\n|\n|win|GSiLVAZ\n|raw|GSiLVAZ's rating: 1229 &rarr; <strong>1260<\/strong><br \/>(+31 for winning)\n|raw|Archeis's rating: 1315 &rarr; <strong>1290<\/strong><br \/>(-25 for losing)\n|l|\u2606Archeis\n","uploadtime":1700604504,"views":8,"p1id":"gsilvaz","p2id":"archeis","formatid":"gen9ou","rating":1260,"private":0,"password":""}