{"id":"gen9ou-1996370962","p1":"Leafeon Enjoyer","p2":"Mystycal_game","format":"[Gen 9] OU","log":"|j|\u2606Leafeon Enjoyer\n|j|\u2606Mystycal_game\n|t:|1700675625\n|gametype|singles\n|player|p1|Leafeon Enjoyer|rosa-masters|1317\n|player|p2|Mystycal_game|twins-gen4dp|1286\n|teamsize|p1|6\n|teamsize|p2|6\n|gen|9\n|tier|[Gen 9] OU\n|rated|\n|rule|Sleep Clause Mod: Limit one foe put to sleep\n|rule|Species Clause: Limit one of each Pok\u00e9mon\n|rule|OHKO Clause: OHKO moves are banned\n|rule|Evasion Items Clause: Evasion items are banned\n|rule|Evasion Moves Clause: Evasion moves are banned\n|rule|Endless Battle Clause: Forcing endless battles is banned\n|rule|HP Percentage Mod: HP is shown in percentages\n|clearpoke\n|poke|p1|Clodsire, F|\n|poke|p1|Great Tusk|\n|poke|p1|Ogerpon-Wellspring, F|\n|poke|p1|Enamorus, F|\n|poke|p1|Ceruledge, M|\n|poke|p1|Tornadus-Therian, M|\n|poke|p2|Hoopa-Unbound|\n|poke|p2|Ting-Lu|\n|poke|p2|Corviknight, M|\n|poke|p2|Zamazenta-*|\n|poke|p2|Landorus-Therian, M|\n|poke|p2|Toxapex, M|\n|teampreview\n|inactive|Battle timer is ON: inactive players will automatically lose when time's up. (requested by Leafeon Enjoyer)\n|j| New_caeli\n|\n|t:|1700675653\n|start\n|switch|p1a: Tornadus|Tornadus-Therian, M|100\/100\n|switch|p2a: CancerIsBack|Toxapex, M, shiny|100\/100\n|turn|1\n|\n|t:|1700675681\n|move|p1a: Tornadus|Taunt|p2a: CancerIsBack\n|-start|p2a: CancerIsBack|move: Taunt\n|move|p2a: CancerIsBack|Surf|p1a: Tornadus\n|-damage|p1a: Tornadus|78\/100\n|\n|upkeep\n|turn|2\n|inactive|Mystycal_game has 120 seconds left.\n|\n|t:|1700675699\n|switch|p2a: KFC pirme|Corviknight, M, shiny|100\/100\n|-ability|p2a: KFC pirme|Pressure\n|move|p1a: Tornadus|Knock Off|p2a: KFC pirme\n|-damage|p2a: KFC pirme|89\/100\n|-damage|p1a: Tornadus|61\/100|[from] item: Rocky Helmet|[of] p2a: KFC pirme\n|-enditem|p2a: KFC pirme|Rocky Helmet|[from] move: Knock Off|[of] p1a: Tornadus\n|\n|upkeep\n|turn|3\n|inactive|Mystycal_game has 120 seconds left.\n|\n|t:|1700675719\n|move|p1a: Tornadus|Taunt|p2a: KFC pirme\n|-start|p2a: KFC pirme|move: Taunt\n|move|p2a: KFC pirme|Brave Bird|p1a: Tornadus\n|-damage|p1a: Tornadus|25\/100\n|-damage|p2a: KFC pirme|80\/100|[from] Recoil\n|\n|upkeep\n|turn|4\n|inactive|Mystycal_game has 120 seconds left.\n|\n|t:|1700675727\n|move|p1a: Tornadus|U-turn|p2a: KFC pirme\n|-resisted|p2a: KFC pirme\n|-damage|p2a: KFC pirme|77\/100\n|inactive|Leafeon Enjoyer has 120 seconds left.\n|\n|t:|1700675779\n|switch|p1a: Ceruledge|Ceruledge, M|100\/100|[from] U-turn\n|move|p2a: KFC pirme|U-turn|p1a: Ceruledge\n|-resisted|p1a: Ceruledge\n|-damage|p1a: Ceruledge|95\/100\n|-ability|p1a: Ceruledge|Weak Armor|boost\n|-unboost|p1a: Ceruledge|def|1\n|-boost|p1a: Ceruledge|spe|2\n|inactive|Mystycal_game has 120 seconds left.\n|\n|t:|1700675791\n|switch|p2a: CancerIsBack|Toxapex, M, shiny|100\/100|[from] U-turn\n|\n|upkeep\n|turn|5\n|\n|t:|1700675807\n|switch|p1a: Tornadus|Tornadus-Therian, M|58\/100\n|move|p2a: CancerIsBack|Toxic|p1a: Tornadus\n|-status|p1a: Tornadus|tox\n|\n|-damage|p1a: Tornadus|51\/100 tox|[from] psn\n|upkeep\n|turn|6\n|\n|t:|1700675819\n|switch|p2a: KFC pirme|Corviknight, M, shiny|77\/100\n|-ability|p2a: KFC pirme|Pressure\n|move|p1a: Tornadus|U-turn|p2a: KFC pirme\n|-resisted|p2a: KFC pirme\n|-damage|p2a: KFC pirme|75\/100\n|\n|t:|1700675822\n|switch|p1a: Ceruledge|Ceruledge, M|95\/100|[from] U-turn\n|\n|upkeep\n|turn|7\n|\n|t:|1700675827\n|switch|p2a: CancerIsBack|Toxapex, M, shiny|100\/100\n|move|p1a: Ceruledge|Poltergeist|p2a: CancerIsBack\n|-activate|p2a: CancerIsBack|move: Poltergeist|Rocky Helmet\n|-damage|p2a: CancerIsBack|68\/100\n|\n|upkeep\n|turn|8\n|inactive|Leafeon Enjoyer has 120 seconds left.\n|\n|t:|1700675840\n|switch|p1a: Clodsire|Clodsire, F|100\/100\n|move|p2a: CancerIsBack|Recover|p2a: CancerIsBack\n|-heal|p2a: CancerIsBack|100\/100\n|\n|upkeep\n|turn|9\n|inactive|Leafeon Enjoyer has 120 seconds left.\n|\n|t:|1700675854\n|switch|p2a: KFC pirme|Corviknight, M, shiny|75\/100\n|-ability|p2a: KFC pirme|Pressure\n|switch|p1a: Ceruledge|Ceruledge, M|95\/100\n|\n|upkeep\n|turn|10\n|inactive|Leafeon Enjoyer has 120 seconds left.\n|\n|t:|1700675867\n|switch|p2a: CancerIsBack|Toxapex, M, shiny|100\/100\n|move|p1a: Ceruledge|Bitter Blade|p2a: CancerIsBack\n|-resisted|p2a: CancerIsBack\n|-damage|p2a: CancerIsBack|85\/100\n|-heal|p1a: Ceruledge|100\/100|[from] drain|[of] p2a: CancerIsBack\n|-damage|p1a: Ceruledge|84\/100|[from] item: Rocky Helmet|[of] p2a: CancerIsBack\n|\n|upkeep\n|turn|11\n|\n|t:|1700675875\n|move|p1a: Ceruledge|Will-O-Wisp|p2a: CancerIsBack\n|-status|p2a: CancerIsBack|brn\n|move|p2a: CancerIsBack|Toxic|p1a: Ceruledge\n|-status|p1a: Ceruledge|tox\n|\n|-damage|p1a: Ceruledge|78\/100 tox|[from] psn\n|-damage|p2a: CancerIsBack|79\/100 brn|[from] brn\n|upkeep\n|turn|12\n|\n|t:|1700675890\n|switch|p1a: Clodsire|Clodsire, F|100\/100\n|move|p2a: CancerIsBack|Recover|p2a: CancerIsBack\n|-heal|p2a: CancerIsBack|100\/100 brn\n|\n|-damage|p2a: CancerIsBack|94\/100 brn|[from] brn\n|upkeep\n|turn|13\n|\n|t:|1700675900\n|switch|p2a: KFC pirme|Corviknight, M, shiny|75\/100\n|-ability|p2a: KFC pirme|Pressure\n|move|p1a: Clodsire|Spikes|p2a: KFC pirme\n|-sidestart|p2: Mystycal_game|Spikes\n|\n|upkeep\n|turn|14\n|\n|t:|1700675910\n|switch|p1a: Ceruledge|Ceruledge, M|78\/100 tox\n|move|p2a: KFC pirme|Defog|p1a: Ceruledge\n|-unboost|p1a: Ceruledge|evasion|1\n|-sideend|p2: Mystycal_game|Spikes|[from] move: Defog|[of] p2a: KFC pirme\n|\n|-damage|p1a: Ceruledge|72\/100 tox|[from] psn\n|upkeep\n|turn|15\n|\n|t:|1700675917\n|switch|p1a: Clodsire|Clodsire, F|100\/100\n|switch|p2a: CancerIsBack|Toxapex, M, shiny|100\/100 brn\n|\n|-damage|p2a: CancerIsBack|94\/100 brn|[from] brn\n|upkeep\n|turn|16\n|\n|t:|1700675928\n|switch|p1a: Ogerpon|Ogerpon-Wellspring, F|100\/100\n|move|p2a: CancerIsBack|Surf|p1a: Ogerpon\n|-immune|p1a: Ogerpon|[from] ability: Water Absorb\n|\n|-damage|p2a: CancerIsBack|88\/100 brn|[from] brn\n|upkeep\n|turn|17\n|\n|t:|1700675940\n|switch|p1a: Clodsire|Clodsire, F|100\/100\n|move|p2a: CancerIsBack|Toxic|p1a: Clodsire\n|-immune|p1a: Clodsire\n|\n|-damage|p2a: CancerIsBack|82\/100 brn|[from] brn\n|upkeep\n|turn|18\n|\n|t:|1700675949\n|switch|p2a: KFC pirme|Corviknight, M, shiny|75\/100\n|-ability|p2a: KFC pirme|Pressure\n|switch|p1a: Ogerpon|Ogerpon-Wellspring, F|100\/100\n|\n|upkeep\n|turn|19\n|\n|t:|1700675959\n|-terastallize|p1a: Ogerpon|Water\n|detailschange|p1a: Ogerpon|Ogerpon-Wellspring-Tera, F, tera:Water\n|-ability|p1a: Ogerpon|Embody Aspect (Wellspring)|boost\n|-boost|p1a: Ogerpon|spd|1\n|move|p1a: Ogerpon|Swords Dance|p1a: Ogerpon\n|-boost|p1a: Ogerpon|atk|2\n|move|p2a: KFC pirme|Brave Bird|p1a: Ogerpon\n|-damage|p1a: Ogerpon|48\/100\n|-damage|p2a: KFC pirme|62\/100|[from] Recoil\n|\n|upkeep\n|turn|20\n|\n|t:|1700675969\n|move|p1a: Ogerpon|Ivy Cudgel|p2a: KFC pirme|[anim] Ivy Cudgel Water\n|-damage|p2a: KFC pirme|0 fnt\n|faint|p2a: KFC pirme\n|\n|upkeep\n|\n|t:|1700675973\n|switch|p2a: CancerIsBack|Toxapex, M, shiny|100\/100 brn\n|turn|21\n|\n|t:|1700675979\n|move|p1a: Ogerpon|Power Whip|p2a: CancerIsBack\n|-damage|p2a: CancerIsBack|15\/100 brn\n|-damage|p1a: Ogerpon|32\/100|[from] item: Rocky Helmet|[of] p2a: CancerIsBack\n|move|p2a: CancerIsBack|Haze|p2a: CancerIsBack\n|-clearallboost\n|\n|-damage|p2a: CancerIsBack|8\/100 brn|[from] brn\n|upkeep\n|turn|22\n|\n|t:|1700675989\n|switch|p2a: Trop amusant|Zamazenta|100\/100\n|-ability|p2a: Trop amusant|Dauntless Shield|boost\n|-boost|p2a: Trop amusant|def|1\n|move|p1a: Ogerpon|Ivy Cudgel|p2a: Trop amusant|[anim] Ivy Cudgel Water\n|-damage|p2a: Trop amusant|60\/100\n|\n|-heal|p2a: Trop amusant|66\/100|[from] item: Leftovers\n|upkeep\n|turn|23\n|\n|t:|1700676004\n|switch|p1a: Ceruledge|Ceruledge, M|72\/100 tox\n|move|p2a: Trop amusant|Body Press|p1a: Ceruledge\n|-immune|p1a: Ceruledge\n|\n|-heal|p2a: Trop amusant|73\/100|[from] item: Leftovers\n|-damage|p1a: Ceruledge|65\/100 tox|[from] psn\n|upkeep\n|turn|24\n|\n|t:|1700676014\n|move|p2a: Trop amusant|Substitute|p2a: Trop amusant\n|-start|p2a: Trop amusant|Substitute\n|-damage|p2a: Trop amusant|48\/100\n|move|p1a: Ceruledge|Will-O-Wisp|p2a: Trop amusant|[miss]\n|-miss|p1a: Ceruledge|p2a: Trop amusant\n|\n|-heal|p2a: Trop amusant|54\/100|[from] item: Leftovers\n|-damage|p1a: Ceruledge|53\/100 tox|[from] psn\n|upkeep\n|turn|25\n|\n|t:|1700676024\n|move|p2a: Trop amusant|Iron Defense|p2a: Trop amusant\n|-boost|p2a: Trop amusant|def|2\n|move|p1a: Ceruledge|Poltergeist|p2a: Trop amusant\n|-activate|p2a: Trop amusant|move: Poltergeist|Leftovers\n|-activate|p2a: Trop amusant|move: Substitute|[damage]\n|\n|-heal|p2a: Trop amusant|60\/100|[from] item: Leftovers\n|-damage|p1a: Ceruledge|35\/100 tox|[from] psn\n|upkeep\n|turn|26\n|\n|t:|1700676042\n|move|p2a: Trop amusant|Iron Defense|p2a: Trop amusant\n|-boost|p2a: Trop amusant|def|2\n|move|p1a: Ceruledge|Bitter Blade|p2a: Trop amusant\n|-end|p2a: Trop amusant|Substitute\n|-heal|p1a: Ceruledge|40\/100 tox|[from] drain|[of] p2a: Trop amusant\n|\n|-heal|p2a: Trop amusant|66\/100|[from] item: Leftovers\n|-damage|p1a: Ceruledge|15\/100 tox|[from] psn\n|upkeep\n|turn|27\n|\n|t:|1700676051\n|move|p2a: Trop amusant|Substitute|p2a: Trop amusant\n|-start|p2a: Trop amusant|Substitute\n|-damage|p2a: Trop amusant|41\/100\n|move|p1a: Ceruledge|Bitter Blade|p2a: Trop amusant\n|-activate|p2a: Trop amusant|move: Substitute|[damage]\n|-heal|p1a: Ceruledge|22\/100 tox|[from] drain|[of] p2a: Trop amusant\n|\n|-heal|p2a: Trop amusant|47\/100|[from] item: Leftovers\n|-damage|p1a: Ceruledge|0 fnt|[from] psn\n|faint|p1a: Ceruledge\n|upkeep\n|\n|t:|1700676056\n|switch|p1a: Enamorus|Enamorus, F|100\/100\n|turn|28\n|\n|t:|1700676064\n|move|p1a: Enamorus|Moonblast|p2a: Trop amusant\n|-supereffective|p2a: Trop amusant\n|-end|p2a: Trop amusant|Substitute\n|move|p2a: Trop amusant|Body Press|p1a: Enamorus\n|-resisted|p1a: Enamorus\n|-damage|p1a: Enamorus|55\/100\n|\n|-heal|p2a: Trop amusant|54\/100|[from] item: Leftovers\n|upkeep\n|turn|29\n|\n|t:|1700676083\n|-terastallize|p2a: Trop amusant|Steel\n|move|p1a: Enamorus|Moonblast|p2a: Trop amusant\n|-resisted|p2a: Trop amusant\n|-damage|p2a: Trop amusant|33\/100\n|move|p2a: Trop amusant|Body Press|p1a: Enamorus\n|-resisted|p1a: Enamorus\n|-damage|p1a: Enamorus|8\/100\n|\n|-heal|p2a: Trop amusant|40\/100|[from] item: Leftovers\n|upkeep\n|turn|30\n|\n|t:|1700676089\n|move|p1a: Enamorus|Moonblast|p2a: Trop amusant\n|-resisted|p2a: Trop amusant\n|-damage|p2a: Trop amusant|20\/100\n|-unboost|p2a: Trop amusant|spa|1\n|move|p2a: Trop amusant|Body Press|p1a: Enamorus\n|-resisted|p1a: Enamorus\n|-damage|p1a: Enamorus|0 fnt\n|faint|p1a: Enamorus\n|\n|-heal|p2a: Trop amusant|26\/100|[from] item: Leftovers\n|upkeep\n|\n|t:|1700676102\n|switch|p1a: Clodsire|Clodsire, F|100\/100\n|turn|31\n|\n|t:|1700676110\n|move|p2a: Trop amusant|Substitute|p2a: Trop amusant\n|-start|p2a: Trop amusant|Substitute\n|-damage|p2a: Trop amusant|1\/100\n|move|p1a: Clodsire|Earthquake|p2a: Trop amusant\n|-supereffective|p2a: Trop amusant\n|-end|p2a: Trop amusant|Substitute\n|\n|-heal|p2a: Trop amusant|7\/100|[from] item: Leftovers\n|upkeep\n|turn|32\n|\n|t:|1700676117\n|move|p2a: Trop amusant|Body Press|p1a: Clodsire\n|-resisted|p1a: Clodsire\n|-damage|p1a: Clodsire|80\/100\n|move|p1a: Clodsire|Earthquake|p2a: Trop amusant\n|-supereffective|p2a: Trop amusant\n|-damage|p2a: Trop amusant|0 fnt\n|faint|p2a: Trop amusant\n|\n|upkeep\n|c|\u2606Leafeon Enjoyer|bro is more unaware than this clod\n|\n|t:|1700676133\n|switch|p2a: Tk78 Prime|Hoopa-Unbound|100\/100\n|turn|33\n|\n|t:|1700676139\n|switch|p1a: Great Tusk|Great Tusk|100\/100\n|move|p2a: Tk78 Prime|Psychic|p1a: Great Tusk\n|-supereffective|p1a: Great Tusk\n|-damage|p1a: Great Tusk|0 fnt\n|faint|p1a: Great Tusk\n|-end|p1a: Great Tusk|Protosynthesis|[silent]\n|\n|upkeep\n|\n|t:|1700676148\n|switch|p1a: Ogerpon|Ogerpon-Wellspring-Tera, F, tera:Water|32\/100\n|-ability|p1a: Ogerpon|Embody Aspect (Wellspring)|boost\n|-boost|p1a: Ogerpon|spd|1\n|turn|34\n|\n|t:|1700676154\n|switch|p2a: CancerIsBack|Toxapex, M, shiny|42\/100 brn\n|move|p1a: Ogerpon|Ivy Cudgel|p2a: CancerIsBack|[anim] Ivy Cudgel Water\n|-resisted|p2a: CancerIsBack\n|-damage|p2a: CancerIsBack|19\/100 brn\n|\n|-damage|p2a: CancerIsBack|12\/100 brn|[from] brn\n|upkeep\n|turn|35\n|\n|t:|1700676164\n|move|p1a: Ogerpon|Ivy Cudgel|p2a: CancerIsBack|[anim] Ivy Cudgel Water\n|-resisted|p2a: CancerIsBack\n|-damage|p2a: CancerIsBack|0 fnt\n|faint|p2a: CancerIsBack\n|\n|upkeep\n|\n|t:|1700676174\n|switch|p2a: DesM\u00e8resTr\u00e8sGros|Landorus-Therian, M, shiny|100\/100\n|-ability|p2a: DesM\u00e8resTr\u00e8sGros|Intimidate|boost\n|-unboost|p1a: Ogerpon|atk|1\n|turn|36\n|\n|t:|1700676182\n|switch|p1a: Tornadus|Tornadus-Therian, M|85\/100 tox\n|move|p2a: DesM\u00e8resTr\u00e8sGros|Earthquake|p1a: Tornadus\n|-immune|p1a: Tornadus\n|\n|-damage|p1a: Tornadus|78\/100 tox|[from] psn\n|upkeep\n|turn|37\n|\n|t:|1700676194\n|switch|p2a: Xernechiasse|Ting-Lu|100\/100\n|-ability|p2a: Xernechiasse|Vessel of Ruin\n|move|p1a: Tornadus|Taunt|p2a: Xernechiasse\n|-start|p2a: Xernechiasse|move: Taunt\n|\n|-damage|p1a: Tornadus|66\/100 tox|[from] psn\n|upkeep\n|turn|38\n|\n|t:|1700676202\n|move|p1a: Tornadus|U-turn|p2a: Xernechiasse\n|-supereffective|p2a: Xernechiasse\n|-damage|p2a: Xernechiasse|85\/100\n|\n|t:|1700676204\n|switch|p1a: Clodsire|Clodsire, F|80\/100|[from] U-turn\n|move|p2a: Xernechiasse|Ruination|p1a: Clodsire|[miss]\n|-miss|p2a: Xernechiasse|p1a: Clodsire\n|\n|-heal|p2a: Xernechiasse|91\/100|[from] item: Leftovers\n|upkeep\n|turn|39\n|\n|t:|1700676210\n|move|p2a: Xernechiasse|Earthquake|p1a: Clodsire\n|-supereffective|p1a: Clodsire\n|-damage|p1a: Clodsire|0 fnt\n|faint|p1a: Clodsire\n|\n|-heal|p2a: Xernechiasse|97\/100|[from] item: Leftovers\n|-end|p2a: Xernechiasse|move: Taunt\n|upkeep\n|\n|t:|1700676217\n|switch|p1a: Ogerpon|Ogerpon-Wellspring-Tera, F, tera:Water|32\/100\n|-ability|p1a: Ogerpon|Embody Aspect (Wellspring)|boost\n|-boost|p1a: Ogerpon|spd|1\n|turn|40\n|\n|t:|1700676232\n|switch|p2a: Tk78 Prime|Hoopa-Unbound|100\/100\n|move|p1a: Ogerpon|Ivy Cudgel|p2a: Tk78 Prime|[anim] Ivy Cudgel Water\n|-damage|p2a: Tk78 Prime|0 fnt\n|faint|p2a: Tk78 Prime\n|\n|upkeep\n|\n|t:|1700676240\n|switch|p2a: DesM\u00e8resTr\u00e8sGros|Landorus-Therian, M, shiny|100\/100\n|-ability|p2a: DesM\u00e8resTr\u00e8sGros|Intimidate|boost\n|-unboost|p1a: Ogerpon|atk|1\n|turn|41\n|\n|t:|1700676248\n|switch|p1a: Tornadus|Tornadus-Therian, M|99\/100 tox\n|move|p2a: DesM\u00e8resTr\u00e8sGros|Earthquake|p1a: Tornadus\n|-immune|p1a: Tornadus\n|\n|-damage|p1a: Tornadus|93\/100 tox|[from] psn\n|upkeep\n|turn|42\n|\n|t:|1700676254\n|switch|p2a: Xernechiasse|Ting-Lu|97\/100\n|-ability|p2a: Xernechiasse|Vessel of Ruin\n|move|p1a: Tornadus|Taunt|p2a: Xernechiasse\n|-start|p2a: Xernechiasse|move: Taunt\n|\n|-heal|p2a: Xernechiasse|100\/100|[from] item: Leftovers\n|-damage|p1a: Tornadus|80\/100 tox|[from] psn\n|upkeep\n|turn|43\n|\n|t:|1700676258\n|move|p1a: Tornadus|U-turn|p2a: Xernechiasse\n|-supereffective|p2a: Xernechiasse\n|-damage|p2a: Xernechiasse|85\/100\n|\n|t:|1700676260\n|switch|p1a: Ogerpon|Ogerpon-Wellspring-Tera, F, tera:Water|32\/100|[from] U-turn\n|-ability|p1a: Ogerpon|Embody Aspect (Wellspring)|boost\n|-boost|p1a: Ogerpon|spd|1\n|move|p2a: Xernechiasse|Ruination|p1a: Ogerpon\n|-damage|p1a: Ogerpon|16\/100\n|\n|-heal|p2a: Xernechiasse|91\/100|[from] item: Leftovers\n|upkeep\n|turn|44\n|\n|t:|1700676273\n|move|p1a: Ogerpon|Ivy Cudgel|p2a: Xernechiasse|[anim] Ivy Cudgel Water\n|-supereffective|p2a: Xernechiasse\n|-damage|p2a: Xernechiasse|0 fnt\n|faint|p2a: Xernechiasse\n|\n|upkeep\n|\n|t:|1700676276\n|switch|p2a: DesM\u00e8resTr\u00e8sGros|Landorus-Therian, M, shiny|100\/100\n|-ability|p2a: DesM\u00e8resTr\u00e8sGros|Intimidate|boost\n|-unboost|p1a: Ogerpon|atk|1\n|turn|45\n|\n|t:|1700676283\n|switch|p1a: Tornadus|Tornadus-Therian, M|100\/100 tox\n|move|p2a: DesM\u00e8resTr\u00e8sGros|Stone Edge|p1a: Tornadus\n|-supereffective|p1a: Tornadus\n|-crit|p1a: Tornadus\n|-damage|p1a: Tornadus|0 fnt\n|faint|p1a: Tornadus\n|\n|upkeep\n|\n|t:|1700676287\n|switch|p1a: Ogerpon|Ogerpon-Wellspring-Tera, F, tera:Water|16\/100\n|-ability|p1a: Ogerpon|Embody Aspect (Wellspring)|boost\n|-boost|p1a: Ogerpon|spd|1\n|turn|46\n|\n|t:|1700676290\n|move|p2a: DesM\u00e8resTr\u00e8sGros|Stone Edge|p1a: Ogerpon\n|-damage|p1a: Ogerpon|0 fnt\n|faint|p1a: Ogerpon\n|\n|win|Mystycal_game\n|raw|Leafeon Enjoyer's rating: 1317 &rarr; <strong>1295<\/strong><br \/>(-22 for losing)\n|raw|Mystycal_game's rating: 1286 &rarr; <strong>1313<\/strong><br \/>(+27 for winning)\n|l|\u2606Leafeon Enjoyer\n|l|\u2606Mystycal_game\n|c| New_caeli|gg man\n","uploadtime":1700676318,"views":1,"p1id":"leafeonenjoyer","p2id":"mystycalgame","formatid":"gen9ou","rating":1295,"private":0,"password":""}