{"id":"gen9ou-1993348224","p1":"Lasagna Crustle","p2":"testing5hitmons","format":"[Gen 9] OU","log":"|j|\u2606Lasagna Crustle\n|j|\u2606testing5hitmons\n|t:|1700303396\n|gametype|singles\n|player|p1|Lasagna Crustle|lady-gen4|1417\n|player|p2|testing5hitmons|265|1430\n|teamsize|p1|6\n|teamsize|p2|6\n|gen|9\n|tier|[Gen 9] OU\n|rated|\n|rule|Sleep Clause Mod: Limit one foe put to sleep\n|rule|Species Clause: Limit one of each Pok\u00e9mon\n|rule|OHKO Clause: OHKO moves are banned\n|rule|Evasion Items Clause: Evasion items are banned\n|rule|Evasion Moves Clause: Evasion moves are banned\n|rule|Endless Battle Clause: Forcing endless battles is banned\n|rule|HP Percentage Mod: HP is shown in percentages\n|clearpoke\n|poke|p1|Rillaboom, F|\n|poke|p1|Ribombee, F|\n|poke|p1|Sneasler, F|\n|poke|p1|Hatterene, F|\n|poke|p1|Walking Wake|\n|poke|p1|Kingambit, F|\n|poke|p2|Alomomola, M|\n|poke|p2|Slowking-Galar, F|\n|poke|p2|Toxapex, F|\n|poke|p2|Amoonguss, F|\n|poke|p2|Mienshao, F|\n|poke|p2|Tornadus-Therian, M|\n|teampreview\n|inactive|Battle timer is ON: inactive players will automatically lose when time's up. (requested by Lasagna Crustle)\n|\n|t:|1700303399\n|start\n|switch|p1a: Cheap Webs|Ribombee, F|100\/100\n|switch|p2a: Slowking|Slowking-Galar, F|100\/100\n|turn|1\n|\n|t:|1700303407\n|move|p1a: Cheap Webs|Sticky Web|p2a: Slowking\n|-sidestart|p2: testing5hitmons|move: Sticky Web\n|move|p2a: Slowking|Future Sight|p1a: Cheap Webs\n|-start|p2a: Slowking|move: Future Sight\n|\n|upkeep\n|turn|2\n|\n|t:|1700303412\n|move|p1a: Cheap Webs|Stun Spore|p2a: Slowking\n|-status|p2a: Slowking|par\n|move|p2a: Slowking|Sludge Bomb|p1a: Cheap Webs\n|-supereffective|p1a: Cheap Webs\n|-enditem|p1a: Cheap Webs|Focus Sash\n|-damage|p1a: Cheap Webs|1\/100\n|\n|upkeep\n|turn|3\n|\n|t:|1700303419\n|move|p1a: Cheap Webs|Psychic|p2a: Slowking\n|-damage|p2a: Slowking|86\/100 par\n|move|p2a: Slowking|Chilly Reception|p2a: Slowking\n|-weather|Snow\n|\n|t:|1700303433\n|switch|p2a: Mienshao|Mienshao, F|100\/100|[from] Chilly Reception\n|-activate|p2a: Mienshao|move: Sticky Web\n|-unboost|p2a: Mienshao|spe|1\n|\n|-weather|Snow|[upkeep]\n|-end|p1a: Cheap Webs|move: Future Sight\n|-damage|p1a: Cheap Webs|0 fnt\n|faint|p1a: Cheap Webs\n|upkeep\n|\n|t:|1700303449\n|switch|p1a: Cheap Nuke|Walking Wake|100\/100\n|-enditem|p1a: Cheap Nuke|Booster Energy\n|-activate|p1a: Cheap Nuke|ability: Protosynthesis|[fromitem]\n|-start|p1a: Cheap Nuke|protosynthesisspa\n|turn|4\n|\n|t:|1700303453\n|move|p1a: Cheap Nuke|Agility|p1a: Cheap Nuke\n|-boost|p1a: Cheap Nuke|spe|2\n|move|p2a: Mienshao|Close Combat|p1a: Cheap Nuke\n|-damage|p1a: Cheap Nuke|32\/100\n|-unboost|p2a: Mienshao|def|1\n|-unboost|p2a: Mienshao|spd|1\n|\n|-weather|Snow|[upkeep]\n|upkeep\n|turn|5\n|\n|t:|1700303462\n|switch|p2a: Slowking|Slowking-Galar, F|100\/100 par\n|move|p1a: Cheap Nuke|Scald|p2a: Slowking\n|-damage|p2a: Slowking|72\/100 par\n|\n|-weather|Snow|[upkeep]\n|upkeep\n|turn|6\n|\n|t:|1700303469\n|move|p1a: Cheap Nuke|Draco Meteor|p2a: Slowking\n|-damage|p2a: Slowking|18\/100 par\n|-unboost|p1a: Cheap Nuke|spa|2\n|move|p2a: Slowking|Chilly Reception|p2a: Slowking\n|\n|t:|1700303471\n|switch|p2a: Mienshao|Mienshao, F|100\/100|[from] Chilly Reception\n|-activate|p2a: Mienshao|move: Sticky Web\n|-unboost|p2a: Mienshao|spe|1\n|\n|-weather|Snow|[upkeep]\n|upkeep\n|turn|7\n|\n|t:|1700303478\n|move|p1a: Cheap Nuke|Draco Meteor|p2a: Mienshao\n|-damage|p2a: Mienshao|44\/100\n|-unboost|p1a: Cheap Nuke|spa|2\n|move|p2a: Mienshao|Knock Off|p1a: Cheap Nuke\n|-damage|p1a: Cheap Nuke|9\/100\n|\n|-weather|none\n|upkeep\n|turn|8\n|\n|t:|1700303486\n|move|p1a: Cheap Nuke|Draco Meteor|p2a: Mienshao\n|-damage|p2a: Mienshao|8\/100\n|-unboost|p1a: Cheap Nuke|spa|2\n|move|p2a: Mienshao|U-turn|p1a: Cheap Nuke\n|-damage|p1a: Cheap Nuke|0 fnt\n|faint|p1a: Cheap Nuke\n|-end|p1a: Cheap Nuke|Protosynthesis|[silent]\n|\n|t:|1700303489\n|switch|p2a: Amoonguss|Amoonguss, F|100\/100|[from] U-turn\n|\n|upkeep\n|\n|t:|1700303498\n|switch|p1a: Cheap Drums|Rillaboom, F|100\/100\n|-fieldstart|move: Grassy Terrain|[from] ability: Grassy Surge|[of] p1a: Cheap Drums\n|turn|9\n|\n|t:|1700303527\n|move|p1a: Cheap Drums|High Horsepower|p2a: Amoonguss\n|-damage|p2a: Amoonguss|82\/100\n|move|p2a: Amoonguss|Sludge Bomb|p1a: Cheap Drums\n|-supereffective|p1a: Cheap Drums\n|-damage|p1a: Cheap Drums|63\/100\n|\n|-heal|p1a: Cheap Drums|69\/100|[from] Grassy Terrain\n|-heal|p2a: Amoonguss|88\/100|[from] Grassy Terrain\n|upkeep\n|turn|10\n|\n|t:|1700303532\n|move|p1a: Cheap Drums|U-turn|p2a: Amoonguss\n|-damage|p2a: Amoonguss|74\/100\n|\n|t:|1700303535\n|switch|p1a: Cheap Fuck You|Hatterene, F, shiny|100\/100|[from] U-turn\n|-enditem|p1a: Cheap Fuck You|Grassy Seed\n|-boost|p1a: Cheap Fuck You|def|1|[from] item: Grassy Seed\n|move|p2a: Amoonguss|Sludge Bomb|p1a: Cheap Fuck You\n|-supereffective|p1a: Cheap Fuck You\n|-damage|p1a: Cheap Fuck You|55\/100\n|\n|-heal|p1a: Cheap Fuck You|61\/100|[from] Grassy Terrain\n|-heal|p2a: Amoonguss|80\/100|[from] Grassy Terrain\n|upkeep\n|turn|11\n|\n|t:|1700303544\n|switch|p2a: Toxapex|Toxapex, F|100\/100\n|move|p1a: Cheap Fuck You|Calm Mind|p1a: Cheap Fuck You\n|-boost|p1a: Cheap Fuck You|spa|1\n|-boost|p1a: Cheap Fuck You|spd|1\n|\n|-heal|p1a: Cheap Fuck You|67\/100|[from] Grassy Terrain\n|upkeep\n|turn|12\n|\n|t:|1700303557\n|-terastallize|p2a: Toxapex|Fairy\n|move|p2a: Toxapex|Haze|p2a: Toxapex\n|-clearallboost\n|move|p1a: Cheap Fuck You|Calm Mind|p1a: Cheap Fuck You\n|-boost|p1a: Cheap Fuck You|spa|1\n|-boost|p1a: Cheap Fuck You|spd|1\n|\n|-heal|p1a: Cheap Fuck You|73\/100|[from] Grassy Terrain\n|upkeep\n|turn|13\n|\n|t:|1700303564\n|move|p2a: Toxapex|Haze|p2a: Toxapex\n|-clearallboost\n|move|p1a: Cheap Fuck You|Draining Kiss|p2a: Toxapex\n|-damage|p2a: Toxapex|84\/100\n|-heal|p1a: Cheap Fuck You|85\/100|[from] drain|[of] p2a: Toxapex\n|\n|-heal|p2a: Toxapex|90\/100|[from] Grassy Terrain\n|-heal|p1a: Cheap Fuck You|91\/100|[from] Grassy Terrain\n|-fieldend|move: Grassy Terrain\n|upkeep\n|turn|14\n|\n|t:|1700303575\n|switch|p1a: Cheap Drums|Rillaboom, F|69\/100\n|-fieldstart|move: Grassy Terrain|[from] ability: Grassy Surge|[of] p1a: Cheap Drums\n|move|p2a: Toxapex|Haze|p2a: Toxapex\n|-clearallboost\n|\n|-heal|p1a: Cheap Drums|75\/100|[from] Grassy Terrain\n|-heal|p2a: Toxapex|96\/100|[from] Grassy Terrain\n|upkeep\n|turn|15\n|\n|t:|1700303583\n|switch|p2a: Amoonguss|Amoonguss, F|100\/100\n|move|p1a: Cheap Drums|Wood Hammer|p2a: Amoonguss\n|-resisted|p2a: Amoonguss\n|-damage|p2a: Amoonguss|87\/100\n|-damage|p1a: Cheap Drums|70\/100|[from] Recoil\n|\n|-heal|p1a: Cheap Drums|77\/100|[from] Grassy Terrain\n|-heal|p2a: Amoonguss|94\/100|[from] Grassy Terrain\n|upkeep\n|turn|16\n|\n|t:|1700303596\n|move|p1a: Cheap Drums|U-turn|p2a: Amoonguss\n|-damage|p2a: Amoonguss|77\/100\n|\n|t:|1700303598\n|switch|p1a: Cheap Fuck You|Hatterene, F, shiny|91\/100|[from] U-turn\n|move|p2a: Amoonguss|Sludge Bomb|p1a: Cheap Fuck You\n|-supereffective|p1a: Cheap Fuck You\n|-crit|p1a: Cheap Fuck You\n|-damage|p1a: Cheap Fuck You|27\/100\n|\n|-heal|p1a: Cheap Fuck You|33\/100|[from] Grassy Terrain\n|-heal|p2a: Amoonguss|84\/100|[from] Grassy Terrain\n|upkeep\n|turn|17\n|\n|t:|1700303605\n|switch|p1a: Cheap Claws|Sneasler, F|100\/100\n|-enditem|p1a: Cheap Claws|Grassy Seed\n|-boost|p1a: Cheap Claws|def|1|[from] item: Grassy Seed\n|move|p2a: Amoonguss|Sludge Bomb|p1a: Cheap Claws\n|-resisted|p1a: Cheap Claws\n|-damage|p1a: Cheap Claws|81\/100\n|\n|-heal|p1a: Cheap Claws|87\/100|[from] Grassy Terrain\n|-heal|p2a: Amoonguss|90\/100|[from] Grassy Terrain\n|upkeep\n|turn|18\n|\n|t:|1700303611\n|move|p1a: Cheap Claws|Swords Dance|p1a: Cheap Claws\n|-boost|p1a: Cheap Claws|atk|2\n|move|p2a: Amoonguss|Spore|p1a: Cheap Claws\n|-status|p1a: Cheap Claws|slp|[from] move: Spore\n|\n|-heal|p1a: Cheap Claws|93\/100 slp|[from] Grassy Terrain\n|-heal|p2a: Amoonguss|96\/100|[from] Grassy Terrain\n|-fieldend|move: Grassy Terrain\n|upkeep\n|turn|19\n|inactive|testing5hitmons has 120 seconds left.\n|\n|t:|1700303643\n|switch|p2a: Tornadus|Tornadus-Therian, M|100\/100\n|cant|p1a: Cheap Claws|slp\n|\n|upkeep\n|turn|20\n|\n|t:|1700303653\n|-terastallize|p1a: Cheap Claws|Dark\n|cant|p1a: Cheap Claws|slp\n|move|p2a: Tornadus|Bleakwind Storm|p1a: Cheap Claws|[miss]\n|-miss|p2a: Tornadus|p1a: Cheap Claws\n|\n|upkeep\n|turn|21\n|\n|t:|1700303658\n|-curestatus|p1a: Cheap Claws|slp|[msg]\n|move|p1a: Cheap Claws|Dire Claw|p2a: Tornadus\n|-damage|p2a: Tornadus|0 fnt\n|faint|p2a: Tornadus\n|\n|upkeep\n|\n|t:|1700303666\n|switch|p2a: Amoonguss|Amoonguss, F|100\/100\n|turn|22\n|\n|t:|1700303668\n|move|p1a: Cheap Claws|Lash Out|p2a: Amoonguss\n|-damage|p2a: Amoonguss|39\/100\n|move|p2a: Amoonguss|Spore|p1a: Cheap Claws\n|-status|p1a: Cheap Claws|slp|[from] move: Spore\n|\n|upkeep\n|turn|23\n|\n|t:|1700303673\n|switch|p2a: Mienshao|Mienshao, F|41\/100\n|-activate|p2a: Mienshao|move: Sticky Web\n|-unboost|p2a: Mienshao|spe|1\n|cant|p1a: Cheap Claws|slp\n|\n|upkeep\n|turn|24\n|\n|t:|1700303678\n|cant|p1a: Cheap Claws|slp\n|move|p2a: Mienshao|Close Combat|p1a: Cheap Claws\n|-supereffective|p1a: Cheap Claws\n|-damage|p1a: Cheap Claws|0 fnt\n|-unboost|p2a: Mienshao|def|1\n|-unboost|p2a: Mienshao|spd|1\n|faint|p1a: Cheap Claws\n|\n|upkeep\n|\n|t:|1700303688\n|switch|p1a: Cheap Drums|Rillaboom, F|77\/100\n|-fieldstart|move: Grassy Terrain|[from] ability: Grassy Surge|[of] p1a: Cheap Drums\n|turn|25\n|\n|t:|1700303696\n|switch|p2a: Amoonguss|Amoonguss, F|72\/100\n|move|p1a: Cheap Drums|Grassy Glide|p2a: Amoonguss\n|-resisted|p2a: Amoonguss\n|-crit|p2a: Amoonguss\n|-damage|p2a: Amoonguss|63\/100\n|\n|-heal|p1a: Cheap Drums|83\/100|[from] Grassy Terrain\n|-heal|p2a: Amoonguss|69\/100|[from] Grassy Terrain\n|upkeep\n|turn|26\n|\n|t:|1700303702\n|move|p1a: Cheap Drums|High Horsepower|p2a: Amoonguss\n|-damage|p2a: Amoonguss|50\/100\n|move|p2a: Amoonguss|Sludge Bomb|p1a: Cheap Drums\n|-supereffective|p1a: Cheap Drums\n|-damage|p1a: Cheap Drums|44\/100\n|\n|-heal|p1a: Cheap Drums|50\/100|[from] Grassy Terrain\n|-heal|p2a: Amoonguss|57\/100|[from] Grassy Terrain\n|upkeep\n|turn|27\n|\n|t:|1700303715\n|move|p1a: Cheap Drums|High Horsepower|p2a: Amoonguss\n|-damage|p2a: Amoonguss|35\/100\n|move|p2a: Amoonguss|Sludge Bomb|p1a: Cheap Drums\n|-supereffective|p1a: Cheap Drums\n|-damage|p1a: Cheap Drums|10\/100\n|-status|p1a: Cheap Drums|psn\n|\n|-heal|p1a: Cheap Drums|16\/100 psn|[from] Grassy Terrain\n|-heal|p2a: Amoonguss|42\/100|[from] Grassy Terrain\n|-damage|p1a: Cheap Drums|3\/100 psn|[from] psn\n|upkeep\n|turn|28\n|\n|t:|1700303721\n|move|p1a: Cheap Drums|High Horsepower|p2a: Amoonguss\n|-damage|p2a: Amoonguss|21\/100\n|move|p2a: Amoonguss|Sludge Bomb|p1a: Cheap Drums\n|-supereffective|p1a: Cheap Drums\n|-damage|p1a: Cheap Drums|0 fnt\n|faint|p1a: Cheap Drums\n|\n|-heal|p2a: Amoonguss|27\/100|[from] Grassy Terrain\n|upkeep\n|\n|t:|1700303727\n|switch|p1a: Cheap Fuck You|Hatterene, F, shiny|33\/100\n|turn|29\n|\n|t:|1700303732\n|move|p1a: Cheap Fuck You|Mystical Fire|p2a: Amoonguss\n|-supereffective|p2a: Amoonguss\n|-damage|p2a: Amoonguss|0 fnt\n|faint|p2a: Amoonguss\n|\n|-heal|p1a: Cheap Fuck You|39\/100|[from] Grassy Terrain\n|-fieldend|move: Grassy Terrain\n|upkeep\n|\n|t:|1700303755\n|switch|p2a: Slowking|Slowking-Galar, F|52\/100 par\n|turn|30\n|\n|t:|1700303759\n|move|p1a: Cheap Fuck You|Calm Mind|p1a: Cheap Fuck You\n|-boost|p1a: Cheap Fuck You|spa|1\n|-boost|p1a: Cheap Fuck You|spd|1\n|move|p2a: Slowking|Sludge Bomb|p1a: Cheap Fuck You\n|-supereffective|p1a: Cheap Fuck You\n|-damage|p1a: Cheap Fuck You|6\/100\n|-status|p1a: Cheap Fuck You|psn\n|\n|-damage|p1a: Cheap Fuck You|0 fnt|[from] psn\n|faint|p1a: Cheap Fuck You\n|upkeep\n|\n|t:|1700303768\n|switch|p1a: FymNotCheapEnough|Kingambit, F|100\/100\n|-activate|p1a: FymNotCheapEnough|ability: Supreme Overlord\n|-start|p1a: FymNotCheapEnough|fallen5|[silent]\n|turn|31\n|\n|t:|1700303776\n|switch|p2a: Toxapex|Toxapex, F, tera:Fairy|100\/100\n|move|p1a: FymNotCheapEnough|Swords Dance|p1a: FymNotCheapEnough\n|-boost|p1a: FymNotCheapEnough|atk|2\n|\n|upkeep\n|turn|32\n|\n|t:|1700303779\n|move|p1a: FymNotCheapEnough|Iron Head|p2a: Toxapex\n|-supereffective|p2a: Toxapex\n|-damage|p2a: Toxapex|0 fnt\n|faint|p2a: Toxapex\n|\n|upkeep\n|\n|t:|1700303781\n|switch|p2a: Mienshao|Mienshao, F|74\/100\n|-activate|p2a: Mienshao|move: Sticky Web\n|-unboost|p2a: Mienshao|spe|1\n|turn|33\n|\n|t:|1700303785\n|move|p1a: FymNotCheapEnough|Sucker Punch|p2a: Mienshao\n|-resisted|p2a: Mienshao\n|-damage|p2a: Mienshao|0 fnt\n|faint|p2a: Mienshao\n|\n|upkeep\n|\n|t:|1700303787\n|switch|p2a: Alomomola|Alomomola, M|100\/100\n|-activate|p2a: Alomomola|move: Sticky Web\n|-unboost|p2a: Alomomola|spe|1\n|turn|34\n|\n|t:|1700303791\n|move|p1a: FymNotCheapEnough|Kowtow Cleave|p2a: Alomomola\n|-damage|p2a: Alomomola|19\/100\n|move|p2a: Alomomola|Scald|p1a: FymNotCheapEnough\n|-crit|p1a: FymNotCheapEnough\n|-damage|p1a: FymNotCheapEnough|80\/100\n|-status|p1a: FymNotCheapEnough|brn\n|\n|-heal|p1a: FymNotCheapEnough|87\/100 brn|[from] item: Leftovers\n|-heal|p2a: Alomomola|25\/100|[from] item: Leftovers\n|-damage|p1a: FymNotCheapEnough|80\/100 brn|[from] brn\n|upkeep\n|turn|35\n|\n|t:|1700303800\n|switch|p2a: Slowking|Slowking-Galar, F|85\/100 par\n|move|p1a: FymNotCheapEnough|Kowtow Cleave|p2a: Slowking\n|-supereffective|p2a: Slowking\n|-damage|p2a: Slowking|0 fnt\n|faint|p2a: Slowking\n|\n|-heal|p1a: FymNotCheapEnough|87\/100 brn|[from] item: Leftovers\n|-damage|p1a: FymNotCheapEnough|80\/100 brn|[from] brn\n|upkeep\n|\n|t:|1700303801\n|switch|p2a: Alomomola|Alomomola, M|59\/100\n|-activate|p2a: Alomomola|move: Sticky Web\n|-unboost|p2a: Alomomola|spe|1\n|turn|36\n|\n|t:|1700303803\n|move|p1a: FymNotCheapEnough|Kowtow Cleave|p2a: Alomomola\n|-damage|p2a: Alomomola|18\/100\n|move|p2a: Alomomola|Wish|p2a: Alomomola\n|\n|-heal|p1a: FymNotCheapEnough|87\/100 brn|[from] item: Leftovers\n|-heal|p2a: Alomomola|24\/100|[from] item: Leftovers\n|-damage|p1a: FymNotCheapEnough|80\/100 brn|[from] brn\n|upkeep\n|turn|37\n|\n|t:|1700303809\n|move|p1a: FymNotCheapEnough|Kowtow Cleave|p2a: Alomomola\n|-damage|p2a: Alomomola|0 fnt\n|faint|p2a: Alomomola\n|\n|win|Lasagna Crustle\n|raw|Lasagna Crustle's rating: 1417 &rarr; <strong>1438<\/strong><br \/>(+21 for winning)\n|raw|testing5hitmons's rating: 1430 &rarr; <strong>1409<\/strong><br \/>(-21 for losing)\n|l|\u2606testing5hitmons\n","uploadtime":1700303817,"views":33,"p1id":"lasagnacrustle","p2id":"testing5hitmons","formatid":"gen9ou","rating":1409,"private":0,"password":""}