{"id":"gen9ou-1992445880","p1":"SDK04","p2":"u933","format":"[Gen 9] OU","log":"|j|\u2606SDK04\n|j|\u2606u933\n|t:|1700188524\n|gametype|singles\n|player|p1|SDK04|unknown|1581\n|player|p2|u933|102|1507\n|teamsize|p1|6\n|teamsize|p2|6\n|gen|9\n|tier|[Gen 9] OU\n|rated|\n|rule|Sleep Clause Mod: Limit one foe put to sleep\n|rule|Species Clause: Limit one of each Pok\u00e9mon\n|rule|OHKO Clause: OHKO moves are banned\n|rule|Evasion Items Clause: Evasion items are banned\n|rule|Evasion Moves Clause: Evasion moves are banned\n|rule|Endless Battle Clause: Forcing endless battles is banned\n|rule|HP Percentage Mod: HP is shown in percentages\n|clearpoke\n|poke|p1|Ribombee, F|\n|poke|p1|Manaphy|\n|poke|p1|Iron Moth|\n|poke|p1|Kingambit, M|\n|poke|p1|Gholdengo|\n|poke|p1|Breloom, M|\n|poke|p2|Rillaboom, F|\n|poke|p2|Sneasler, F|\n|poke|p2|Hatterene, F|\n|poke|p2|Ursaluna, F|\n|poke|p2|Heatran, M|\n|poke|p2|Iron Valiant|\n|teampreview\n|\n|t:|1700188533\n|start\n|switch|p1a: Breloom|Breloom, M|100\/100\n|switch|p2a: Hatterene|Hatterene, F|100\/100\n|turn|1\n|inactive|Battle timer is ON: inactive players will automatically lose when time's up. (requested by SDK04)\n|\n|t:|1700188541\n|move|p1a: Breloom|Bullet Seed|p2a: Hatterene\n|-damage|p2a: Hatterene|78\/100\n|-damage|p2a: Hatterene|57\/100\n|-damage|p2a: Hatterene|34\/100\n|-damage|p2a: Hatterene|13\/100\n|-hitcount|p2a: Hatterene|4\n|move|p2a: Hatterene|Draining Kiss|p1a: Breloom\n|-supereffective|p1a: Breloom\n|-crit|p1a: Breloom\n|-damage|p1a: Breloom|0 fnt\n|-heal|p2a: Hatterene|74\/100|[from] drain|[of] p1a: Breloom\n|faint|p1a: Breloom\n|\n|upkeep\n|j| yb is better\n|\n|t:|1700188548\n|switch|p1a: Iron Moth|Iron Moth|100\/100\n|-enditem|p1a: Iron Moth|Booster Energy\n|-activate|p1a: Iron Moth|ability: Quark Drive|[fromitem]\n|-start|p1a: Iron Moth|quarkdrivespa\n|turn|2\n|j| Deez Tusks\n|\n|t:|1700188554\n|switch|p2a: Heatran|Heatran, M|100\/100\n|-item|p2a: Heatran|Air Balloon\n|move|p1a: Iron Moth|Psychic|p2a: Heatran\n|-resisted|p2a: Heatran\n|-damage|p2a: Heatran|81\/100\n|-enditem|p2a: Heatran|Air Balloon\n|\n|upkeep\n|turn|3\n|\n|t:|1700188563\n|move|p1a: Iron Moth|Psychic|p2a: Heatran\n|-resisted|p2a: Heatran\n|-damage|p2a: Heatran|63\/100\n|move|p2a: Heatran|Stealth Rock|p1a: Iron Moth\n|-sidestart|p1: SDK04|move: Stealth Rock\n|\n|upkeep\n|turn|4\n|\n|t:|1700188566\n|move|p1a: Iron Moth|Psychic|p2a: Heatran\n|-resisted|p2a: Heatran\n|-damage|p2a: Heatran|44\/100\n|move|p2a: Heatran|Earth Power|p1a: Iron Moth\n|-supereffective|p1a: Iron Moth\n|-damage|p1a: Iron Moth|0 fnt\n|faint|p1a: Iron Moth\n|-end|p1a: Iron Moth|Quark Drive|[silent]\n|\n|upkeep\n|\n|t:|1700188568\n|switch|p1a: Ribombee|Ribombee, F|100\/100\n|-damage|p1a: Ribombee|76\/100|[from] Stealth Rock\n|turn|5\n|\n|t:|1700188573\n|switch|p2a: Hatterene|Hatterene, F|74\/100\n|move|p1a: Ribombee|Moonblast|p2a: Hatterene\n|-damage|p2a: Hatterene|32\/100\n|-unboost|p2a: Hatterene|spa|1\n|\n|upkeep\n|turn|6\n|\n|t:|1700188585\n|move|p1a: Ribombee|Moonblast|p2a: Hatterene\n|-damage|p2a: Hatterene|0 fnt\n|faint|p2a: Hatterene\n|\n|upkeep\n|\n|t:|1700188606\n|switch|p2a: Iron Valiant|Iron Valiant|100\/100\n|-enditem|p2a: Iron Valiant|Booster Energy\n|-activate|p2a: Iron Valiant|ability: Quark Drive|[fromitem]\n|-start|p2a: Iron Valiant|quarkdrivespe\n|turn|7\n|\n|t:|1700188622\n|move|p2a: Iron Valiant|Moonblast|p1a: Ribombee\n|-damage|p1a: Ribombee|0 fnt\n|faint|p1a: Ribombee\n|\n|upkeep\n|\n|t:|1700188627\n|switch|p1a: Manaphy|Manaphy|100\/100\n|-damage|p1a: Manaphy|88\/100|[from] Stealth Rock\n|turn|8\n|\n|t:|1700188634\n|move|p2a: Iron Valiant|Calm Mind|p2a: Iron Valiant\n|-boost|p2a: Iron Valiant|spa|1\n|-boost|p2a: Iron Valiant|spd|1\n|move|p1a: Manaphy|Tail Glow|p1a: Manaphy\n|-boost|p1a: Manaphy|spa|3\n|\n|-heal|p1a: Manaphy|94\/100|[from] item: Leftovers\n|upkeep\n|turn|9\n|\n|t:|1700188658\n|move|p2a: Iron Valiant|Encore|p1a: Manaphy\n|-start|p1a: Manaphy|Encore\n|move|p1a: Manaphy|Tail Glow|p1a: Manaphy\n|-boost|p1a: Manaphy|spa|3\n|\n|-heal|p1a: Manaphy|100\/100|[from] item: Leftovers\n|upkeep\n|turn|10\n|\n|t:|1700188664\n|switch|p1a: Kingambit|Kingambit, M|100\/100\n|-damage|p1a: Kingambit|94\/100|[from] Stealth Rock\n|-activate|p1a: Kingambit|ability: Supreme Overlord\n|-start|p1a: Kingambit|fallen3|[silent]\n|move|p2a: Iron Valiant|Calm Mind|p2a: Iron Valiant\n|-boost|p2a: Iron Valiant|spa|1\n|-boost|p2a: Iron Valiant|spd|1\n|\n|upkeep\n|turn|11\n|\n|t:|1700188694\n|-end|p2a: Iron Valiant|Quark Drive|[silent]\n|switch|p2a: Heatran|Heatran, M|44\/100\n|-terastallize|p1a: Kingambit|Fairy\n|move|p1a: Kingambit|Tera Blast|p2a: Heatran|[anim] Tera Blast Fairy\n|-resisted|p2a: Heatran\n|-damage|p2a: Heatran|30\/100\n|\n|upkeep\n|turn|12\n|\n|t:|1700188719\n|move|p2a: Heatran|Magma Storm|p1a: Kingambit|[miss]\n|-miss|p2a: Heatran|p1a: Kingambit\n|move|p1a: Kingambit|Kowtow Cleave|p2a: Heatran\n|-damage|p2a: Heatran|0 fnt\n|faint|p2a: Heatran\n|\n|upkeep\n|inactive|u933 has 120 seconds left.\n|\n|t:|1700188734\n|switch|p2a: Ursaluna|Ursaluna, F|100\/100\n|turn|13\n|\n|t:|1700188746\n|-end|p1a: Kingambit|fallen3|[silent]\n|switch|p1a: Gholdengo|Gholdengo|100\/100\n|-damage|p1a: Gholdengo|94\/100|[from] Stealth Rock\n|-item|p1a: Gholdengo|Air Balloon\n|move|p2a: Ursaluna|Facade|p1a: Gholdengo\n|-immune|p1a: Gholdengo\n|\n|-status|p2a: Ursaluna|brn|[from] item: Flame Orb\n|upkeep\n|turn|14\n|\n|t:|1700188750\n|move|p1a: Gholdengo|Nasty Plot|p1a: Gholdengo\n|-boost|p1a: Gholdengo|spa|2\n|move|p2a: Ursaluna|Fire Punch|p1a: Gholdengo\n|-supereffective|p1a: Gholdengo\n|-damage|p1a: Gholdengo|0 fnt\n|-enditem|p1a: Gholdengo|Air Balloon\n|faint|p1a: Gholdengo\n|\n|-damage|p2a: Ursaluna|94\/100 brn|[from] brn\n|upkeep\n|\n|t:|1700188752\n|switch|p1a: Manaphy|Manaphy|100\/100\n|-damage|p1a: Manaphy|88\/100|[from] Stealth Rock\n|turn|15\n|\n|t:|1700188760\n|move|p1a: Manaphy|Surf|p2a: Ursaluna\n|-supereffective|p2a: Ursaluna\n|-damage|p2a: Ursaluna|17\/100 brn\n|move|p2a: Ursaluna|Facade|p1a: Manaphy\n|-damage|p1a: Manaphy|0 fnt\n|faint|p1a: Manaphy\n|\n|-damage|p2a: Ursaluna|11\/100 brn|[from] brn\n|upkeep\n|\n|t:|1700188762\n|switch|p1a: Kingambit|Kingambit, M, tera:Fairy|94\/100\n|-damage|p1a: Kingambit|82\/100|[from] Stealth Rock\n|-activate|p1a: Kingambit|ability: Supreme Overlord\n|-start|p1a: Kingambit|fallen5|[silent]\n|turn|16\n|\n|t:|1700188764\n|move|p1a: Kingambit|Tera Blast|p2a: Ursaluna|[anim] Tera Blast Fairy\n|-crit|p2a: Ursaluna\n|-damage|p2a: Ursaluna|0 fnt\n|faint|p2a: Ursaluna\n|\n|upkeep\n|l| Deez Tusks\n|\n|t:|1700188777\n|switch|p2a: Rillaboom|Rillaboom, F|100\/100\n|-fieldstart|move: Grassy Terrain|[from] ability: Grassy Surge|[of] p2a: Rillaboom\n|turn|17\n|\n|t:|1700188782\n|move|p2a: Rillaboom|Wood Hammer|p1a: Kingambit\n|-damage|p1a: Kingambit|0 fnt\n|faint|p1a: Kingambit\n|-end|p1a: Kingambit|fallen5|[silent]\n|-damage|p2a: Rillaboom|75\/100|[from] Recoil\n|\n|win|u933\n|raw|SDK04's rating: 1561 &rarr; <strong>1538<\/strong><br \/>(-23 for losing)\n|raw|u933's rating: 1507 &rarr; <strong>1530<\/strong><br \/>(+23 for winning)\n|l|\u2606u933\n|l|\u2606SDK04\n","uploadtime":1700188820,"views":7,"p1id":"sdk04","p2id":"u933","formatid":"gen9ou","rating":1530,"private":0,"password":""}