{"id":"gen9ou-1997756257","p1":"Wandis","p2":"liaoya","format":"[Gen 9] OU","log":"|j|\u2606Wandis\n|j|\u2606liaoya\n|t:|1700849316\n|gametype|singles\n|player|p1|Wandis|argenta|1570\n|player|p2|liaoya|petrel|1572\n|teamsize|p1|6\n|teamsize|p2|6\n|gen|9\n|tier|[Gen 9] OU\n|rated|\n|rule|Sleep Clause Mod: Limit one foe put to sleep\n|rule|Species Clause: Limit one of each Pok\u00e9mon\n|rule|OHKO Clause: OHKO moves are banned\n|rule|Evasion Items Clause: Evasion items are banned\n|rule|Evasion Moves Clause: Evasion moves are banned\n|rule|Endless Battle Clause: Forcing endless battles is banned\n|rule|HP Percentage Mod: HP is shown in percentages\n|clearpoke\n|poke|p1|Goodra, F|\n|poke|p1|Toxapex, F|\n|poke|p1|Mimikyu, M|\n|poke|p1|Garganacl, F|\n|poke|p1|Scizor, F|\n|poke|p1|Hatterene, F|\n|poke|p2|Drifblim, M|\n|poke|p2|Garganacl, M|\n|poke|p2|Umbreon, F|\n|poke|p2|Rotom-Wash|\n|poke|p2|Glimmora, M|\n|poke|p2|Espeon, M|\n|teampreview\n|inactive|Battle timer is ON: inactive players will automatically lose when time's up. (requested by liaoya)\n|\n|t:|1700849331\n|start\n|switch|p1a: Hatterene|Hatterene, F|100\/100\n|switch|p2a: Rotom|Rotom-Wash|100\/100\n|turn|1\n|\n|t:|1700849336\n|move|p2a: Rotom|Trick|p1a: Hatterene\n|-activate|p2a: Rotom|move: Trick|[of] p1a: Hatterene\n|-item|p1a: Hatterene|Choice Scarf|[from] move: Trick\n|-item|p2a: Rotom|Leftovers|[from] move: Trick\n|move|p1a: Hatterene|Mystical Fire|p2a: Rotom\n|-resisted|p2a: Rotom\n|-damage|p2a: Rotom|87\/100\n|-unboost|p2a: Rotom|spa|1\n|\n|-heal|p2a: Rotom|94\/100|[from] item: Leftovers\n|upkeep\n|turn|2\n|\n|t:|1700849347\n|switch|p1a: Garganacl|Garganacl, F, shiny|100\/100\n|move|p2a: Rotom|Volt Switch|p1a: Garganacl\n|-damage|p1a: Garganacl|84\/100\n|\n|t:|1700849352\n|switch|p2a: Espeon|Espeon, M|100\/100|[from] Volt Switch\n|\n|-heal|p1a: Garganacl|90\/100|[from] item: Leftovers\n|upkeep\n|turn|3\n|\n|t:|1700849357\n|move|p2a: Espeon|Trick|p1a: Garganacl\n|-activate|p2a: Espeon|move: Trick|[of] p1a: Garganacl\n|-item|p1a: Garganacl|Choice Scarf|[from] move: Trick\n|-item|p2a: Espeon|Leftovers|[from] move: Trick\n|move|p1a: Garganacl|Salt Cure|p2a: Espeon\n|-damage|p2a: Espeon|86\/100\n|-start|p2a: Espeon|Salt Cure\n|\n|-heal|p2a: Espeon|92\/100|[from] item: Leftovers\n|-damage|p2a: Espeon|80\/100|[from] Salt Cure\n|upkeep\n|turn|4\n|\n|t:|1700849372\n|switch|p2a: Garganacl|Garganacl, M, shiny|100\/100\n|switch|p1a: Hatterene|Hatterene, F|100\/100\n|\n|upkeep\n|turn|5\n|\n|t:|1700849384\n|switch|p1a: Garganacl|Garganacl, F, shiny|90\/100\n|move|p2a: Garganacl|Salt Cure|p1a: Garganacl\n|-damage|p1a: Garganacl|81\/100\n|-start|p1a: Garganacl|Salt Cure\n|\n|-damage|p1a: Garganacl|69\/100|[from] Salt Cure\n|upkeep\n|turn|6\n|\n|t:|1700849391\n|move|p1a: Garganacl|Salt Cure|p2a: Garganacl\n|-damage|p2a: Garganacl|91\/100\n|-start|p2a: Garganacl|Salt Cure\n|move|p2a: Garganacl|Iron Defense|p2a: Garganacl\n|-boost|p2a: Garganacl|def|2\n|\n|-heal|p2a: Garganacl|97\/100|[from] item: Leftovers\n|-damage|p1a: Garganacl|57\/100|[from] Salt Cure\n|-damage|p2a: Garganacl|85\/100|[from] Salt Cure\n|upkeep\n|turn|7\n|\n|t:|1700849407\n|switch|p1a: Scizor|Scizor, F, shiny|100\/100\n|move|p2a: Garganacl|Salt Cure|p1a: Scizor\n|-damage|p1a: Scizor|86\/100\n|-start|p1a: Scizor|Salt Cure\n|\n|-heal|p2a: Garganacl|91\/100|[from] item: Leftovers\n|-damage|p1a: Scizor|61\/100|[from] Salt Cure\n|-damage|p2a: Garganacl|78\/100|[from] Salt Cure\n|upkeep\n|turn|8\n|\n|t:|1700849420\n|-terastallize|p2a: Garganacl|Ghost\n|move|p1a: Scizor|Knock Off|p2a: Garganacl\n|-supereffective|p2a: Garganacl\n|-damage|p2a: Garganacl|43\/100\n|-enditem|p2a: Garganacl|Leftovers|[from] move: Knock Off|[of] p1a: Scizor\n|move|p2a: Garganacl|Iron Defense|p2a: Garganacl\n|-boost|p2a: Garganacl|def|2\n|\n|-damage|p1a: Scizor|36\/100|[from] Salt Cure\n|-damage|p2a: Garganacl|31\/100|[from] Salt Cure\n|upkeep\n|turn|9\n|\n|t:|1700849441\n|move|p1a: Scizor|Knock Off|p2a: Garganacl\n|-supereffective|p2a: Garganacl\n|-damage|p2a: Garganacl|14\/100\n|move|p2a: Garganacl|Recover|p2a: Garganacl\n|-heal|p2a: Garganacl|64\/100\n|\n|-damage|p1a: Scizor|11\/100|[from] Salt Cure\n|-damage|p2a: Garganacl|52\/100|[from] Salt Cure\n|upkeep\n|turn|10\n|\n|t:|1700849448\n|move|p1a: Scizor|Knock Off|p2a: Garganacl\n|-supereffective|p2a: Garganacl\n|-damage|p2a: Garganacl|34\/100\n|move|p2a: Garganacl|Recover|p2a: Garganacl\n|-heal|p2a: Garganacl|84\/100\n|\n|-damage|p1a: Scizor|0 fnt|[from] Salt Cure\n|faint|p1a: Scizor\n|-damage|p2a: Garganacl|72\/100|[from] Salt Cure\n|upkeep\n|\n|t:|1700849460\n|switch|p1a: Hatterene|Hatterene, F|100\/100\n|turn|11\n|\n|t:|1700849472\n|switch|p2a: Umbreon|Umbreon, F, shiny|100\/100\n|move|p1a: Hatterene|Calm Mind|p1a: Hatterene\n|-boost|p1a: Hatterene|spa|1\n|-boost|p1a: Hatterene|spd|1\n|\n|upkeep\n|turn|12\n|-message|Wandis forfeited.\n|\n|win|liaoya\n|raw|Wandis's rating: 1570 &rarr; <strong>1550<\/strong><br \/>(-20 for losing)\n|raw|liaoya's rating: 1572 &rarr; <strong>1592<\/strong><br \/>(+20 for winning)\n|l|\u2606Wandis\n","uploadtime":1700849484,"views":1,"p1id":"wandis","p2id":"liaoya","formatid":"gen9ou","rating":1550,"private":0,"password":""}