{"id":"gen9ou-1990834758","p1":"OnlyDestroyer60","p2":"tuvie","format":"[Gen 9] OU","log":"|j|\u2606OnlyDestroyer60\n|j|\u2606tuvie\n|t:|1700005728\n|gametype|singles\n|player|p1|OnlyDestroyer60|doubleteam|1225\n|player|p2|tuvie|102|1205\n|teamsize|p1|6\n|teamsize|p2|6\n|gen|9\n|tier|[Gen 9] OU\n|rated|\n|rule|Sleep Clause Mod: Limit one foe put to sleep\n|rule|Species Clause: Limit one of each Pok\u00e9mon\n|rule|OHKO Clause: OHKO moves are banned\n|rule|Evasion Items Clause: Evasion items are banned\n|rule|Evasion Moves Clause: Evasion moves are banned\n|rule|Endless Battle Clause: Forcing endless battles is banned\n|rule|HP Percentage Mod: HP is shown in percentages\n|clearpoke\n|poke|p1|Zapdos|\n|poke|p1|Meowscarada, M|\n|poke|p1|Ninetales-Alola, F|\n|poke|p1|Toxapex, F|\n|poke|p1|Zoroark-Hisui, M|\n|poke|p1|Espeon, M|\n|poke|p2|Zapdos|\n|poke|p2|Rillaboom, M|\n|poke|p2|Azumarill, F|\n|poke|p2|Dragapult, F|\n|poke|p2|Cloyster, F|\n|poke|p2|Pelipper, F|\n|teampreview\n|\n|t:|1700005744\n|start\n|switch|p1a: Zapdos|Zapdos|100\/100\n|switch|p2a: Ivy|Pelipper, F, shiny|100\/100\n|-weather|RainDance|[from] ability: Drizzle|[of] p2a: Ivy\n|turn|1\n|\n|t:|1700005751\n|switch|p2a: Rillazilla|Rillaboom, M, shiny|100\/100\n|-fieldstart|move: Grassy Terrain|[from] ability: Grassy Surge|[of] p2a: Rillazilla\n|move|p1a: Zapdos|Thunder|p2a: Rillazilla\n|-resisted|p2a: Rillazilla\n|-damage|p2a: Rillazilla|71\/100\n|\n|-weather|RainDance|[upkeep]\n|-heal|p2a: Rillazilla|77\/100|[from] Grassy Terrain\n|upkeep\n|turn|2\n|\n|t:|1700005759\n|move|p1a: Zapdos|Hurricane|p2a: Rillazilla\n|-supereffective|p2a: Rillazilla\n|-damage|p2a: Rillazilla|0 fnt\n|faint|p2a: Rillazilla\n|\n|-weather|RainDance|[upkeep]\n|upkeep\n|\n|t:|1700005771\n|switch|p2a: Dragapult|Dragapult, F|100\/100\n|turn|3\n|\n|t:|1700005776\n|move|p2a: Dragapult|Draco Meteor|p1a: Zapdos\n|-damage|p1a: Zapdos|57\/100\n|-unboost|p2a: Dragapult|spa|2\n|move|p1a: Zapdos|Hurricane|p2a: Dragapult\n|-damage|p2a: Dragapult|24\/100\n|\n|-weather|RainDance|[upkeep]\n|-heal|p2a: Dragapult|30\/100|[from] Grassy Terrain\n|upkeep\n|turn|4\n|\n|t:|1700005792\n|switch|p2a: Zakeru|Zapdos, shiny|100\/100\n|move|p1a: Zapdos|Thunder|p2a: Zakeru\n|-damage|p2a: Zakeru|50\/100\n|\n|-weather|RainDance|[upkeep]\n|upkeep\n|turn|5\n|\n|t:|1700005800\n|-terastallize|p2a: Zakeru|Fighting\n|move|p1a: Zapdos|Thunder|p2a: Zakeru\n|-damage|p2a: Zakeru|0 fnt\n|faint|p2a: Zakeru\n|\n|-weather|RainDance|[upkeep]\n|upkeep\n|\n|t:|1700005803\n|switch|p2a: Lemondrop|Azumarill, F, shiny|100\/100\n|turn|6\n|\n|t:|1700005812\n|switch|p2a: Dragapult|Dragapult, F|30\/100\n|move|p1a: Zapdos|Thunder|p2a: Dragapult\n|-resisted|p2a: Dragapult\n|-crit|p2a: Dragapult\n|-damage|p2a: Dragapult|0 fnt\n|faint|p2a: Dragapult\n|\n|-weather|RainDance|[upkeep]\n|upkeep\n|\n|t:|1700005815\n|switch|p2a: Hera|Cloyster, F, shiny|100\/100\n|turn|7\n|\n|t:|1700005821\n|move|p1a: Zapdos|Thunder|p2a: Hera\n|-supereffective|p2a: Hera\n|-damage|p2a: Hera|0 fnt\n|faint|p2a: Hera\n|\n|-weather|RainDance|[upkeep]\n|upkeep\n|\n|t:|1700005824\n|switch|p2a: Ivy|Pelipper, F, shiny|100\/100\n|turn|8\n|\n|t:|1700005828\n|move|p1a: Zapdos|Thunder|p2a: Ivy\n|-supereffective|p2a: Ivy\n|-damage|p2a: Ivy|0 fnt\n|faint|p2a: Ivy\n|\n|-weather|none\n|-fieldend|move: Grassy Terrain\n|upkeep\n|\n|t:|1700005829\n|switch|p2a: Lemondrop|Azumarill, F, shiny|100\/100\n|turn|9\n|\n|t:|1700005835\n|move|p1a: Zapdos|Thunder|p2a: Lemondrop\n|-supereffective|p2a: Lemondrop\n|-damage|p2a: Lemondrop|0 fnt\n|faint|p2a: Lemondrop\n|\n|win|OnlyDestroyer60\n|raw|OnlyDestroyer60's rating: 1225 &rarr; <strong>1249<\/strong><br \/>(+24 for winning)\n|raw|tuvie's rating: 1205 &rarr; <strong>1181<\/strong><br \/>(-24 for losing)\n","uploadtime":1700005841,"views":17,"p1id":"onlydestroyer60","p2id":"tuvie","formatid":"gen9ou","rating":1181,"private":0,"password":""}