{"id":"gen9ou-1993639390","p1":"Kaminado","p2":"soy bebe","format":"[Gen 9] OU","log":"|j|\u2606Kaminado\n|j|\u2606soy bebe\n|t:|1700340375\n|gametype|singles\n|player|p1|Kaminado|marnie|1506\n|player|p2|soy bebe|winona-gen3|1438\n|teamsize|p1|6\n|teamsize|p2|6\n|gen|9\n|tier|[Gen 9] OU\n|rated|\n|rule|Sleep Clause Mod: Limit one foe put to sleep\n|rule|Species Clause: Limit one of each Pok\u00e9mon\n|rule|OHKO Clause: OHKO moves are banned\n|rule|Evasion Items Clause: Evasion items are banned\n|rule|Evasion Moves Clause: Evasion moves are banned\n|rule|Endless Battle Clause: Forcing endless battles is banned\n|rule|HP Percentage Mod: HP is shown in percentages\n|clearpoke\n|poke|p1|Kingambit, M|\n|poke|p1|Dragapult, F|\n|poke|p1|Iron Valiant|\n|poke|p1|Great Tusk|\n|poke|p1|Ogerpon-Wellspring, F|\n|poke|p1|Heatran, M|\n|poke|p2|Politoed, M|\n|poke|p2|Zapdos|\n|poke|p2|Iron Treads|\n|poke|p2|Basculegion-F, F|\n|poke|p2|Quaquaval, M|\n|poke|p2|Meowscarada, F|\n|teampreview\n|inactive|Battle timer is ON: inactive players will automatically lose when time's up. (requested by Kaminado)\n|\n|t:|1700340404\n|start\n|switch|p1a: Silly lil thing|Ogerpon-Wellspring, F|100\/100\n|switch|p2a: PoliSwirl~|Politoed, M, shiny|100\/100\n|-weather|RainDance|[from] ability: Drizzle|[of] p2a: PoliSwirl~\n|turn|1\n|\n|t:|1700340421\n|-terastallize|p2a: PoliSwirl~|Dragon\n|move|p1a: Silly lil thing|Swords Dance|p1a: Silly lil thing\n|-boost|p1a: Silly lil thing|atk|2\n|move|p2a: PoliSwirl~|Ice Beam|p1a: Silly lil thing\n|-damage|p1a: Silly lil thing|68\/100\n|\n|-weather|RainDance|[upkeep]\n|upkeep\n|turn|2\n|\n|t:|1700340431\n|switch|p2a: Tempo|Zapdos, shiny|100\/100\n|move|p1a: Silly lil thing|Ivy Cudgel|p2a: Tempo|[anim] Ivy Cudgel Water\n|-damage|p2a: Tempo|0 fnt\n|faint|p2a: Tempo\n|\n|-weather|RainDance|[upkeep]\n|upkeep\n|\n|t:|1700340436\n|switch|p2a: Silly Cayt|Meowscarada, F, shiny|100\/100\n|turn|3\n|\n|t:|1700340452\n|move|p2a: Silly Cayt|U-turn|p1a: Silly lil thing\n|-start|p2a: Silly Cayt|typechange|Bug|[from] ability: Protean\n|-supereffective|p1a: Silly lil thing\n|-damage|p1a: Silly lil thing|0 fnt\n|faint|p1a: Silly lil thing\n|\n|t:|1700340457\n|switch|p2a: Golden Girl|Basculegion-F, F, shiny|100\/100|[from] U-turn\n|\n|-weather|RainDance|[upkeep]\n|upkeep\n|inactive|Kaminado has 120 seconds left.\n|\n|t:|1700340490\n|switch|p1a: Bansworth|Kingambit, M|100\/100\n|-activate|p1a: Bansworth|ability: Supreme Overlord\n|-start|p1a: Bansworth|fallen1|[silent]\n|turn|4\n|\n|t:|1700340512\n|switch|p2a: Silly Cayt|Meowscarada, F, shiny|100\/100\n|move|p1a: Bansworth|Kowtow Cleave|p2a: Silly Cayt\n|-resisted|p2a: Silly Cayt\n|-damage|p2a: Silly Cayt|54\/100\n|\n|-weather|RainDance|[upkeep]\n|upkeep\n|turn|5\n|\n|t:|1700340528\n|move|p2a: Silly Cayt|U-turn|p1a: Bansworth\n|-start|p2a: Silly Cayt|typechange|Bug|[from] ability: Protean\n|-damage|p1a: Bansworth|76\/100\n|\n|t:|1700340533\n|switch|p2a: Quavo|Quaquaval, M, shiny|100\/100|[from] U-turn\n|move|p1a: Bansworth|Iron Head|p2a: Quavo\n|-resisted|p2a: Quavo\n|-damage|p2a: Quavo|68\/100\n|\n|-weather|RainDance|[upkeep]\n|-heal|p1a: Bansworth|83\/100|[from] item: Leftovers\n|upkeep\n|turn|6\n|\n|t:|1700340540\n|-terastallize|p1a: Bansworth|Flying\n|move|p2a: Quavo|Aqua Step|p1a: Bansworth\n|-damage|p1a: Bansworth|29\/100\n|-boost|p2a: Quavo|spe|1\n|move|p1a: Bansworth|Kowtow Cleave|p2a: Quavo\n|-resisted|p2a: Quavo\n|-damage|p2a: Quavo|32\/100\n|\n|-weather|RainDance|[upkeep]\n|-heal|p1a: Bansworth|35\/100|[from] item: Leftovers\n|upkeep\n|turn|7\n|\n|t:|1700340560\n|-end|p1a: Bansworth|fallen1|[silent]\n|switch|p1a: Green Day|Dragapult, F|100\/100\n|move|p2a: Quavo|Aqua Step|p1a: Green Day\n|-resisted|p1a: Green Day\n|-damage|p1a: Green Day|51\/100\n|-boost|p2a: Quavo|spe|1\n|\n|-weather|RainDance|[upkeep]\n|upkeep\n|turn|8\n|\n|t:|1700340583\n|move|p2a: Quavo|Knock Off|p1a: Green Day\n|-supereffective|p1a: Green Day\n|-crit|p1a: Green Day\n|-damage|p1a: Green Day|0 fnt\n|-enditem|p1a: Green Day|Choice Specs|[from] move: Knock Off|[of] p2a: Quavo\n|faint|p1a: Green Day\n|-ability|p2a: Quavo|Moxie|boost\n|-boost|p2a: Quavo|atk|1\n|\n|-weather|none\n|upkeep\n|\n|t:|1700340587\n|switch|p1a: They\/He-Trans|Heatran, M|100\/100\n|turn|9\n|\n|t:|1700340596\n|move|p2a: Quavo|Close Combat|p1a: They\/He-Trans\n|-supereffective|p1a: They\/He-Trans\n|-damage|p1a: They\/He-Trans|0 fnt\n|-unboost|p2a: Quavo|def|1\n|-unboost|p2a: Quavo|spd|1\n|faint|p1a: They\/He-Trans\n|-ability|p2a: Quavo|Moxie|boost\n|-boost|p2a: Quavo|atk|1\n|\n|upkeep\n|\n|t:|1700340600\n|switch|p1a: Bansworth|Kingambit, M, tera:Flying|35\/100\n|-activate|p1a: Bansworth|ability: Supreme Overlord\n|-start|p1a: Bansworth|fallen3|[silent]\n|turn|10\n|\n|t:|1700340604\n|move|p2a: Quavo|Aqua Jet|p1a: Bansworth\n|-damage|p1a: Bansworth|0 fnt\n|faint|p1a: Bansworth\n|-end|p1a: Bansworth|fallen3|[silent]\n|-ability|p2a: Quavo|Moxie|boost\n|-boost|p2a: Quavo|atk|1\n|\n|upkeep\n|\n|t:|1700340608\n|switch|p1a: Woke Future|Iron Valiant|100\/100\n|-enditem|p1a: Woke Future|Booster Energy\n|-activate|p1a: Woke Future|ability: Quark Drive|[fromitem]\n|-start|p1a: Woke Future|quarkdrivespe\n|turn|11\n|\n|t:|1700340622\n|move|p2a: Quavo|Aqua Step|p1a: Woke Future\n|-damage|p1a: Woke Future|0 fnt\n|-boost|p2a: Quavo|spe|1\n|faint|p1a: Woke Future\n|-end|p1a: Woke Future|Quark Drive|[silent]\n|-ability|p2a: Quavo|Moxie|boost\n|-boost|p2a: Quavo|atk|1\n|\n|upkeep\n|c|\u2606soy bebe|gg\n|c|\u2606soy bebe|u choked it w gambit\n|-message|Kaminado forfeited.\n|\n|win|soy bebe\n|raw|Kaminado's rating: 1506 &rarr; <strong>1482<\/strong><br \/>(-24 for losing)\n|raw|soy bebe's rating: 1438 &rarr; <strong>1462<\/strong><br \/>(+24 for winning)\n|l|\u2606Kaminado\n","uploadtime":1700340665,"views":9,"p1id":"kaminado","p2id":"soybebe","formatid":"gen9ou","rating":1462,"private":0,"password":""}