{"id":"gen9ou-1997962503","p1":"xang00se","p2":"RSGM","format":"[Gen 9] OU","log":"|j|\u2606xang00se\n|j|\u2606RSGM\n|t:|1700872685\n|gametype|singles\n|player|p1|xang00se|gambler|1281\n|player|p2|RSGM|morty|1277\n|teamsize|p1|6\n|teamsize|p2|6\n|gen|9\n|tier|[Gen 9] OU\n|rated|\n|rule|Sleep Clause Mod: Limit one foe put to sleep\n|rule|Species Clause: Limit one of each Pok\u00e9mon\n|rule|OHKO Clause: OHKO moves are banned\n|rule|Evasion Items Clause: Evasion items are banned\n|rule|Evasion Moves Clause: Evasion moves are banned\n|rule|Endless Battle Clause: Forcing endless battles is banned\n|rule|HP Percentage Mod: HP is shown in percentages\n|clearpoke\n|poke|p1|Maushold-Four|\n|poke|p1|Ting-Lu|\n|poke|p1|Gholdengo|\n|poke|p1|Skeledirge, F|\n|poke|p1|Ribombee, F|\n|poke|p1|Samurott-Hisui, M|\n|poke|p2|Cinderace, M|\n|poke|p2|Great Tusk|\n|poke|p2|Gholdengo|\n|poke|p2|Sandy Shocks|\n|poke|p2|Enamorus, F|\n|poke|p2|Ogerpon-Wellspring, F|\n|teampreview\n|\n|t:|1700872700\n|start\n|switch|p1a: Ribombee|Ribombee, F|100\/100\n|switch|p2a: Ogerpon|Ogerpon-Wellspring, F|100\/100\n|turn|1\n|\n|t:|1700872705\n|-terastallize|p2a: Ogerpon|Water\n|detailschange|p2a: Ogerpon|Ogerpon-Wellspring-Tera, F, tera:Water\n|-ability|p2a: Ogerpon|Embody Aspect (Wellspring)|boost\n|-boost|p2a: Ogerpon|spd|1\n|move|p2a: Ogerpon|Ivy Cudgel|p1a: Ribombee|[anim] Ivy Cudgel Water\n|-enditem|p1a: Ribombee|Focus Sash\n|-damage|p1a: Ribombee|1\/100\n|move|p1a: Ribombee|Bug Buzz|p2a: Ogerpon\n|-damage|p2a: Ogerpon|67\/100\n|\n|upkeep\n|turn|2\n|\n|t:|1700872716\n|move|p2a: Ogerpon|Quick Attack|p1a: Ribombee\n|-damage|p1a: Ribombee|0 fnt\n|faint|p1a: Ribombee\n|\n|upkeep\n|\n|t:|1700872719\n|switch|p1a: Samurott|Samurott-Hisui, M|100\/100\n|turn|3\n|\n|t:|1700872724\n|move|p2a: Ogerpon|Horn Leech|p1a: Samurott\n|-supereffective|p1a: Samurott\n|-damage|p1a: Samurott|0 fnt\n|-heal|p2a: Ogerpon|100\/100|[from] drain|[of] p1a: Samurott\n|faint|p1a: Samurott\n|\n|upkeep\n|\n|t:|1700872731\n|switch|p1a: Gholdengo|Gholdengo|100\/100\n|turn|4\n|\n|t:|1700872737\n|move|p2a: Ogerpon|Ivy Cudgel|p1a: Gholdengo|[anim] Ivy Cudgel Water\n|-damage|p1a: Gholdengo|23\/100\n|move|p1a: Gholdengo|Shadow Ball|p2a: Ogerpon\n|-damage|p2a: Ogerpon|65\/100\n|\n|-heal|p1a: Gholdengo|29\/100|[from] item: Leftovers\n|upkeep\n|turn|5\n|\n|t:|1700872746\n|move|p2a: Ogerpon|Ivy Cudgel|p1a: Gholdengo|[anim] Ivy Cudgel Water\n|-damage|p1a: Gholdengo|0 fnt\n|faint|p1a: Gholdengo\n|\n|upkeep\n|\n|t:|1700872748\n|switch|p1a: Ting-Lu|Ting-Lu|100\/100\n|-ability|p1a: Ting-Lu|Vessel of Ruin\n|turn|6\n|\n|t:|1700872752\n|move|p2a: Ogerpon|Ivy Cudgel|p1a: Ting-Lu|[anim] Ivy Cudgel Water\n|-supereffective|p1a: Ting-Lu\n|-damage|p1a: Ting-Lu|9\/100\n|move|p1a: Ting-Lu|Memento|p2a: Ogerpon\n|-unboost|p2a: Ogerpon|atk|2\n|-unboost|p2a: Ogerpon|spa|2\n|faint|p1a: Ting-Lu\n|\n|upkeep\n|\n|t:|1700872759\n|switch|p1a: Maushold|Maushold-Four|100\/100\n|turn|7\n|\n|t:|1700872765\n|move|p1a: Maushold|Tidy Up|p1a: Maushold\n|-boost|p1a: Maushold|atk|1\n|-boost|p1a: Maushold|spe|1\n|move|p2a: Ogerpon|Ivy Cudgel|p1a: Maushold|[anim] Ivy Cudgel Water\n|-damage|p1a: Maushold|39\/100\n|\n|upkeep\n|turn|8\n|\n|t:|1700872778\n|switch|p2a: Gholdengo|Gholdengo|100\/100\n|move|p1a: Maushold|Population Bomb|p2a: Gholdengo\n|-immune|p2a: Gholdengo\n|\n|upkeep\n|turn|9\n|\n|t:|1700872781\n|move|p1a: Maushold|Shadow Claw|p2a: Gholdengo\n|-supereffective|p2a: Gholdengo\n|-crit|p2a: Gholdengo\n|-damage|p2a: Gholdengo|19\/100\n|move|p2a: Gholdengo|Make It Rain|p1a: Maushold\n|-damage|p1a: Maushold|0 fnt\n|-unboost|p2a: Gholdengo|spa|1\n|faint|p1a: Maushold\n|\n|upkeep\n|\n|t:|1700872784\n|switch|p1a: Skeledirge|Skeledirge, F|100\/100\n|turn|10\n|\n|t:|1700872803\n|move|p2a: Gholdengo|Make It Rain|p1a: Skeledirge\n|-resisted|p1a: Skeledirge\n|-damage|p1a: Skeledirge|67\/100\n|-unboost|p2a: Gholdengo|spa|1\n|move|p1a: Skeledirge|Torch Song|p2a: Gholdengo\n|-supereffective|p2a: Gholdengo\n|-damage|p2a: Gholdengo|0 fnt\n|-boost|p1a: Skeledirge|spa|1\n|faint|p2a: Gholdengo\n|\n|upkeep\n|\n|t:|1700872810\n|switch|p2a: Ogerpon|Ogerpon-Wellspring-Tera, F, tera:Water|65\/100\n|-ability|p2a: Ogerpon|Embody Aspect (Wellspring)|boost\n|-boost|p2a: Ogerpon|spd|1\n|turn|11\n|\n|t:|1700872818\n|move|p2a: Ogerpon|Ivy Cudgel|p1a: Skeledirge|[anim] Ivy Cudgel Water\n|-supereffective|p1a: Skeledirge\n|-damage|p1a: Skeledirge|0 fnt\n|faint|p1a: Skeledirge\n|\n|win|RSGM\n|raw|xang00se's rating: 1281 &rarr; <strong>1256<\/strong><br \/>(-25 for losing)\n|raw|RSGM's rating: 1277 &rarr; <strong>1302<\/strong><br \/>(+25 for winning)\n|l|\u2606xang00se\n|l|\u2606RSGM\n|j|\u2606RSGM\n|player|p2|RSGM|morty\n","uploadtime":1700872826,"views":8,"p1id":"xang00se","p2id":"rsgm","formatid":"gen9ou","rating":1256,"private":0,"password":""}