{"id":"gen9ou-2000060318","p1":"Poison Ivy Thorns","p2":"uu whiteiron","format":"[Gen 9] OU","log":"|j|\u2606Poison Ivy Thorns\n|j|\u2606uu whiteiron\n|t:|1701147737\n|gametype|singles\n|player|p1|Poison Ivy Thorns|blue|1648\n|player|p2|uu whiteiron|aaron|1560\n|teamsize|p1|6\n|teamsize|p2|6\n|gen|9\n|tier|[Gen 9] OU\n|rated|\n|rule|Sleep Clause Mod: Limit one foe put to sleep\n|rule|Species Clause: Limit one of each Pok\u00e9mon\n|rule|OHKO Clause: OHKO moves are banned\n|rule|Evasion Items Clause: Evasion items are banned\n|rule|Evasion Moves Clause: Evasion moves are banned\n|rule|Endless Battle Clause: Forcing endless battles is banned\n|rule|HP Percentage Mod: HP is shown in percentages\n|clearpoke\n|poke|p1|Zapdos|\n|poke|p1|Cinderace, F|\n|poke|p1|Landorus-Therian, M|\n|poke|p1|Rillaboom, F|\n|poke|p1|Dragapult, F|\n|poke|p1|Samurott-Hisui, F|\n|poke|p2|Enamorus, F|\n|poke|p2|Walking Wake|\n|poke|p2|Garganacl, M|\n|poke|p2|Cinderace, M|\n|poke|p2|Zapdos|\n|poke|p2|Toxapex, M|\n|teampreview\n|inactive|Battle timer is ON: inactive players will automatically lose when time's up. (requested by Poison Ivy Thorns)\n|\n|t:|1701147766\n|start\n|switch|p1a: Cinderace|Cinderace, F|100\/100\n|switch|p2a: Walking Wake|Walking Wake|100\/100\n|turn|1\n|\n|t:|1701147775\n|switch|p1a: Dragapult|Dragapult, F|100\/100\n|move|p2a: Walking Wake|Draco Meteor|p1a: Dragapult\n|-supereffective|p1a: Dragapult\n|-crit|p1a: Dragapult\n|-damage|p1a: Dragapult|0 fnt\n|-unboost|p2a: Walking Wake|spa|2\n|faint|p1a: Dragapult\n|\n|upkeep\n|\n|t:|1701147778\n|switch|p1a: Samurott|Samurott-Hisui, F, shiny|100\/100\n|turn|2\n|\n|t:|1701147782\n|-end|p2a: Walking Wake|Protosynthesis|[silent]\n|switch|p2a: Zapdos|Zapdos|100\/100\n|move|p1a: Samurott|Ceaseless Edge|p2a: Zapdos\n|-damage|p2a: Zapdos|60\/100\n|-sidestart|p2: uu whiteiron|Spikes\n|\n|upkeep\n|turn|3\n|\n|t:|1701147788\n|move|p2a: Zapdos|Roost|p2a: Zapdos\n|-heal|p2a: Zapdos|100\/100\n|-singleturn|p2a: Zapdos|move: Roost\n|move|p1a: Samurott|Ceaseless Edge|p2a: Zapdos\n|-damage|p2a: Zapdos|61\/100\n|-sidestart|p2: uu whiteiron|Spikes\n|\n|upkeep\n|turn|4\n|\n|t:|1701147792\n|switch|p1a: Landorus|Landorus-Therian, M|100\/100\n|-ability|p1a: Landorus|Intimidate|boost\n|-unboost|p2a: Zapdos|atk|1\n|move|p2a: Zapdos|Roost|p2a: Zapdos\n|-heal|p2a: Zapdos|100\/100\n|-singleturn|p2a: Zapdos|move: Roost\n|\n|upkeep\n|turn|5\n|\n|t:|1701147799\n|move|p1a: Landorus|Sludge Bomb|p2a: Zapdos\n|-damage|p2a: Zapdos|76\/100\n|-status|p2a: Zapdos|psn\n|move|p2a: Zapdos|Hurricane|p1a: Landorus\n|-damage|p1a: Landorus|42\/100\n|-start|p1a: Landorus|confusion\n|\n|-damage|p2a: Zapdos|64\/100 psn|[from] psn\n|upkeep\n|turn|6\n|\n|t:|1701147803\n|switch|p1a: Zapdos|Zapdos|100\/100\n|move|p2a: Zapdos|Roost|p2a: Zapdos\n|-heal|p2a: Zapdos|100\/100 psn\n|-singleturn|p2a: Zapdos|move: Roost\n|\n|-damage|p2a: Zapdos|88\/100 psn|[from] psn\n|upkeep\n|turn|7\n|\n|t:|1701147806\n|move|p2a: Zapdos|Volt Switch|p1a: Zapdos\n|-damage|p1a: Zapdos|74\/100\n|\n|t:|1701147810\n|switch|p2a: Garganacl|Garganacl, M|100\/100|[from] Volt Switch\n|-damage|p2a: Garganacl|84\/100|[from] Spikes\n|move|p1a: Zapdos|Thunderbolt|p2a: Garganacl\n|-damage|p2a: Garganacl|41\/100\n|\n|-heal|p2a: Garganacl|47\/100|[from] item: Leftovers\n|upkeep\n|turn|8\n|\n|t:|1701147816\n|move|p1a: Zapdos|U-turn|p2a: Garganacl\n|-damage|p2a: Garganacl|39\/100\n|\n|t:|1701147822\n|switch|p1a: Landorus|Landorus-Therian, M|42\/100|[from] U-turn\n|-ability|p1a: Landorus|Intimidate|boost\n|-unboost|p2a: Garganacl|atk|1\n|move|p2a: Garganacl|Recover|p2a: Garganacl\n|-heal|p2a: Garganacl|89\/100\n|\n|-heal|p2a: Garganacl|95\/100|[from] item: Leftovers\n|upkeep\n|turn|9\n|\n|t:|1701147829\n|switch|p2a: Enamorus|Enamorus, F|100\/100\n|move|p1a: Landorus|Grass Knot|p2a: Enamorus\n|-resisted|p2a: Enamorus\n|-damage|p2a: Enamorus|88\/100\n|\n|upkeep\n|turn|10\n|\n|t:|1701147837\n|switch|p1a: Cinderace|Cinderace, F|100\/100\n|move|p2a: Enamorus|Moonblast|p1a: Cinderace\n|-resisted|p1a: Cinderace\n|-damage|p1a: Cinderace|50\/100\n|\n|upkeep\n|turn|11\n|\n|t:|1701147845\n|move|p1a: Cinderace|Pyro Ball|p2a: Enamorus\n|-damage|p2a: Enamorus|0 fnt\n|faint|p2a: Enamorus\n|\n|upkeep\n|\n|t:|1701147848\n|switch|p2a: Garganacl|Garganacl, M|95\/100\n|-damage|p2a: Garganacl|79\/100|[from] Spikes\n|turn|12\n|\n|t:|1701147851\n|move|p1a: Cinderace|High Jump Kick|p2a: Garganacl\n|-start|p1a: Cinderace|typechange|Fighting|[from] ability: Libero\n|-supereffective|p2a: Garganacl\n|-damage|p2a: Garganacl|4\/100\n|move|p2a: Garganacl|Salt Cure|p1a: Cinderace\n|-resisted|p1a: Cinderace\n|-crit|p1a: Cinderace\n|-damage|p1a: Cinderace|34\/100\n|-start|p1a: Cinderace|Salt Cure\n|\n|-heal|p2a: Garganacl|11\/100|[from] item: Leftovers\n|-damage|p1a: Cinderace|22\/100|[from] Salt Cure\n|upkeep\n|turn|13\n|\n|t:|1701147859\n|switch|p2a: Toxapex|Toxapex, M|100\/100\n|-damage|p2a: Toxapex|84\/100|[from] Spikes\n|move|p1a: Cinderace|Pyro Ball|p2a: Toxapex\n|-resisted|p2a: Toxapex\n|-damage|p2a: Toxapex|68\/100\n|-status|p2a: Toxapex|brn\n|\n|-damage|p2a: Toxapex|62\/100 brn|[from] brn\n|-damage|p1a: Cinderace|9\/100|[from] Salt Cure\n|upkeep\n|turn|14\n|\n|t:|1701147865\n|switch|p1a: Landorus|Landorus-Therian, M|42\/100\n|-ability|p1a: Landorus|Intimidate|boost\n|-unboost|p2a: Toxapex|atk|1\n|switch|p2a: Garganacl|Garganacl, M|11\/100\n|-damage|p2a: Garganacl|0 fnt|[from] Spikes\n|faint|p2a: Garganacl\n|\n|upkeep\n|\n|t:|1701147875\n|switch|p2a: Walking Wake|Walking Wake|100\/100\n|-damage|p2a: Walking Wake|84\/100|[from] Spikes\n|turn|15\n|\n|t:|1701147883\n|move|p1a: Landorus|Earth Power|p2a: Walking Wake\n|-damage|p2a: Walking Wake|35\/100\n|move|p2a: Walking Wake|Hydro Pump|p1a: Landorus\n|-supereffective|p1a: Landorus\n|-damage|p1a: Landorus|0 fnt\n|faint|p1a: Landorus\n|\n|upkeep\n|\n|t:|1701147895\n|switch|p1a: Cinderace|Cinderace, F|9\/100\n|turn|16\n|\n|t:|1701147900\n|-end|p2a: Walking Wake|Protosynthesis|[silent]\n|switch|p2a: Toxapex|Toxapex, M|95\/100 brn\n|-damage|p2a: Toxapex|79\/100 brn|[from] Spikes\n|move|p1a: Cinderace|High Jump Kick|p2a: Toxapex\n|-start|p1a: Cinderace|typechange|Fighting|[from] ability: Libero\n|-resisted|p2a: Toxapex\n|-damage|p2a: Toxapex|54\/100 brn\n|\n|-damage|p2a: Toxapex|48\/100 brn|[from] brn\n|upkeep\n|turn|17\n|\n|t:|1701147906\n|switch|p1a: Samurott|Samurott-Hisui, F, shiny|100\/100\n|move|p2a: Toxapex|Sludge Bomb|p1a: Samurott\n|-damage|p1a: Samurott|55\/100\n|\n|-damage|p2a: Toxapex|42\/100 brn|[from] brn\n|upkeep\n|turn|18\n|\n|t:|1701147910\n|switch|p2a: Zapdos|Zapdos|88\/100 psn\n|move|p1a: Samurott|Ceaseless Edge|p2a: Zapdos\n|-damage|p2a: Zapdos|47\/100 psn\n|-status|p1a: Samurott|par|[from] ability: Static|[of] p2a: Zapdos\n|-sidestart|p2: uu whiteiron|Spikes\n|\n|-damage|p2a: Zapdos|35\/100 psn|[from] psn\n|upkeep\n|turn|19\n|\n|t:|1701147917\n|switch|p1a: Zapdos|Zapdos|74\/100\n|move|p2a: Zapdos|Roost|p2a: Zapdos\n|-heal|p2a: Zapdos|85\/100 psn\n|-singleturn|p2a: Zapdos|move: Roost\n|\n|-damage|p2a: Zapdos|72\/100 psn|[from] psn\n|upkeep\n|turn|20\n|\n|t:|1701147923\n|move|p2a: Zapdos|Roost|p2a: Zapdos\n|-heal|p2a: Zapdos|100\/100 psn\n|-singleturn|p2a: Zapdos|move: Roost\n|move|p1a: Zapdos|Thunderbolt|p2a: Zapdos\n|-resisted|p2a: Zapdos\n|-damage|p2a: Zapdos|75\/100 psn\n|\n|-damage|p2a: Zapdos|63\/100 psn|[from] psn\n|upkeep\n|turn|21\n|\n|t:|1701147927\n|move|p2a: Zapdos|Volt Switch|p1a: Zapdos\n|-damage|p1a: Zapdos|44\/100\n|\n|t:|1701147931\n|switch|p2a: Toxapex|Toxapex, M|76\/100 brn|[from] Volt Switch\n|-damage|p2a: Toxapex|51\/100 brn|[from] Spikes\n|move|p1a: Zapdos|Thunderbolt|p2a: Toxapex\n|-supereffective|p2a: Toxapex\n|-damage|p2a: Toxapex|0 fnt\n|faint|p2a: Toxapex\n|\n|upkeep\n|j| SwabbyYabby\n|\n|t:|1701147934\n|switch|p2a: Walking Wake|Walking Wake|35\/100\n|-damage|p2a: Walking Wake|10\/100|[from] Spikes\n|turn|22\n|\n|t:|1701147942\n|switch|p1a: Samurott|Samurott-Hisui, F, shiny|55\/100 par\n|move|p2a: Walking Wake|Draco Meteor|p1a: Samurott\n|-damage|p1a: Samurott|0 fnt\n|-unboost|p2a: Walking Wake|spa|2\n|faint|p1a: Samurott\n|\n|upkeep\n|\n|t:|1701147949\n|switch|p1a: Cinderace|Cinderace, F|9\/100\n|turn|23\n|\n|t:|1701147951\n|move|p1a: Cinderace|Pyro Ball|p2a: Walking Wake\n|-resisted|p2a: Walking Wake\n|-damage|p2a: Walking Wake|0 fnt\n|faint|p2a: Walking Wake\n|-end|p2a: Walking Wake|Protosynthesis|[silent]\n|\n|upkeep\n|\n|t:|1701147952\n|switch|p2a: Cinderace|Cinderace, M|100\/100\n|turn|24\n|\n|t:|1701147954\n|move|p1a: Cinderace|High Jump Kick|p2a: Cinderace\n|-start|p1a: Cinderace|typechange|Fighting|[from] ability: Libero\n|-damage|p2a: Cinderace|29\/100\n|move|p2a: Cinderace|Pyro Ball|p1a: Cinderace\n|-damage|p1a: Cinderace|0 fnt\n|faint|p1a: Cinderace\n|\n|upkeep\n|\n|t:|1701147957\n|switch|p1a: Rillaboom|Rillaboom, F|100\/100\n|-fieldstart|move: Grassy Terrain|[from] ability: Grassy Surge|[of] p1a: Rillaboom\n|turn|25\n|\n|t:|1701147965\n|switch|p2a: Zapdos|Zapdos|63\/100 psn\n|move|p1a: Rillaboom|Grassy Glide|p2a: Zapdos\n|-resisted|p2a: Zapdos\n|-damage|p2a: Zapdos|36\/100 psn\n|\n|-damage|p2a: Zapdos|24\/100 psn|[from] psn\n|upkeep\n|turn|26\n|\n|t:|1701147971\n|move|p1a: Rillaboom|Grassy Glide|p2a: Zapdos\n|-resisted|p2a: Zapdos\n|-damage|p2a: Zapdos|0 fnt\n|-status|p1a: Rillaboom|par|[from] ability: Static|[of] p2a: Zapdos\n|faint|p2a: Zapdos\n|\n|upkeep\n|\n|t:|1701147973\n|switch|p2a: Cinderace|Cinderace, M|29\/100\n|turn|27\n|\n|t:|1701147977\n|-terastallize|p2a: Cinderace|Fire\n|-terastallize|p1a: Rillaboom|Grass\n|move|p1a: Rillaboom|Grassy Glide|p2a: Cinderace\n|-resisted|p2a: Cinderace\n|-damage|p2a: Cinderace|0 fnt\n|faint|p2a: Cinderace\n|\n|win|Poison Ivy Thorns\n|raw|Poison Ivy Thorns's rating: 1648 &rarr; <strong>1663<\/strong><br \/>(+15 for winning)\n|raw|uu whiteiron's rating: 1560 &rarr; <strong>1545<\/strong><br \/>(-15 for losing)\n|c|\u2606Poison Ivy Thorns|gg\n","uploadtime":1701147983,"views":4,"p1id":"poisonivythorns","p2id":"uuwhiteiron","formatid":"gen9ou","rating":1545,"private":0,"password":""}