{"id":"gen9ou-1990280339","p1":"ishikusan","p2":"Pikesito","format":"[Gen 9] OU","log":"|j|\u2606ishikusan\n|j|\u2606Pikesito\n|inactive|Battle timer is ON: inactive players will automatically lose when time's up.\n|t:|1699949910\n|gametype|singles\n|player|p1|ishikusan|102|\n|player|p2|Pikesito|penny|\n|teamsize|p1|3\n|teamsize|p2|3\n|gen|9\n|tier|[Gen 9] OU\n|rated|Tournament battle\n|rule|Sleep Clause Mod: Limit one foe put to sleep\n|rule|Species Clause: Limit one of each Pok\u00e9mon\n|rule|OHKO Clause: OHKO moves are banned\n|rule|Evasion Items Clause: Evasion items are banned\n|rule|Evasion Moves Clause: Evasion moves are banned\n|rule|Endless Battle Clause: Forcing endless battles is banned\n|rule|HP Percentage Mod: HP is shown in percentages\n|clearpoke\n|poke|p1|Girafarig, F|\n|poke|p1|Raboot, M|\n|poke|p1|Beartic, F|\n|poke|p2|Luxray, F|\n|poke|p2|Murkrow, F|\n|poke|p2|Swadloon, F|\n|teampreview\n|j|*Lady Monita \u2746\n|inactive|Pikesito also wants the timer to be on.\n|c|\u2606ishikusan|glhf\n|\n|t:|1699949928\n|start\n|switch|p1a: Raboot|Raboot, M|100\/100\n|switch|p2a: Swadloon|Swadloon, F|100\/100\n|turn|1\n|j| skymat_00\n|\n|t:|1699949955\n|move|p1a: Raboot|U-turn|p2a: Swadloon\n|-start|p1a: Raboot|typechange|Bug|[from] ability: Libero\n|-supereffective|p2a: Swadloon\n|-damage|p2a: Swadloon|40\/100\n|-damage|p1a: Raboot|91\/100|[from] item: Life Orb\n|\n|t:|1699949962\n|switch|p1a: Beartic|Beartic, F|100\/100|[from] U-turn\n|move|p2a: Swadloon|Sticky Web|p1a: Beartic\n|-sidestart|p1: ishikusan|move: Sticky Web\n|\n|upkeep\n|turn|2\n|\n|t:|1699949968\n|move|p1a: Beartic|Substitute|p1a: Beartic\n|-start|p1a: Beartic|Substitute\n|-damage|p1a: Beartic|76\/100\n|move|p2a: Swadloon|Bug Buzz|p1a: Beartic\n|-damage|p1a: Beartic|47\/100\n|\n|-heal|p1a: Beartic|53\/100|[from] item: Leftovers\n|upkeep\n|turn|3\n|\n|t:|1699949976\n|move|p1a: Beartic|Icicle Crash|p2a: Swadloon\n|-supereffective|p2a: Swadloon\n|-damage|p2a: Swadloon|0 fnt\n|faint|p2a: Swadloon\n|\n|-heal|p1a: Beartic|59\/100|[from] item: Leftovers\n|upkeep\n|\n|t:|1699949979\n|switch|p2a: Murkrow|Murkrow, F|100\/100\n|turn|4\n|\n|t:|1699949984\n|move|p2a: Murkrow|Heat Wave|p1a: Beartic\n|-supereffective|p1a: Beartic\n|-end|p1a: Beartic|Substitute\n|move|p1a: Beartic|Bulk Up|p1a: Beartic\n|-boost|p1a: Beartic|atk|1\n|-boost|p1a: Beartic|def|1\n|\n|-heal|p1a: Beartic|65\/100|[from] item: Leftovers\n|upkeep\n|turn|5\n|\n|t:|1699949994\n|move|p2a: Murkrow|Heat Wave|p1a: Beartic\n|-supereffective|p1a: Beartic\n|-damage|p1a: Beartic|16\/100\n|move|p1a: Beartic|Icicle Crash|p2a: Murkrow|[miss]\n|-miss|p1a: Beartic|p2a: Murkrow\n|\n|-heal|p1a: Beartic|22\/100|[from] item: Leftovers\n|upkeep\n|turn|6\n|\n|t:|1699950005\n|move|p2a: Murkrow|Dark Pulse|p1a: Beartic\n|-damage|p1a: Beartic|0 fnt\n|faint|p1a: Beartic\n|\n|upkeep\n|\n|t:|1699950025\n|switch|p1a: Raboot|Raboot, M|91\/100\n|-activate|p1a: Raboot|move: Sticky Web\n|-unboost|p1a: Raboot|spe|1\n|turn|7\n|\n|t:|1699950032\n|move|p2a: Murkrow|Dark Pulse|p1a: Raboot\n|-damage|p1a: Raboot|35\/100\n|cant|p1a: Raboot|flinch\n|\n|upkeep\n|turn|8\n|\n|t:|1699950039\n|move|p1a: Raboot|Quick Attack|p2a: Murkrow\n|-start|p1a: Raboot|typechange|Normal|[from] ability: Libero\n|-damage|p2a: Murkrow|43\/100\n|-damage|p1a: Raboot|25\/100|[from] item: Life Orb\n|move|p2a: Murkrow|Dark Pulse|p1a: Raboot\n|-damage|p1a: Raboot|0 fnt\n|faint|p1a: Raboot\n|\n|upkeep\n|\n|t:|1699950042\n|switch|p1a: Girafarig|Girafarig, F|100\/100\n|-activate|p1a: Girafarig|move: Sticky Web\n|-unboost|p1a: Girafarig|spe|1\n|turn|9\n|\n|t:|1699950047\n|-terastallize|p1a: Girafarig|Normal\n|move|p2a: Murkrow|Dark Pulse|p1a: Girafarig\n|-damage|p1a: Girafarig|71\/100\n|move|p1a: Girafarig|Trick Room|p1a: Girafarig\n|-fieldstart|move: Trick Room|[of] p1a: Girafarig\n|\n|upkeep\n|turn|10\n|\n|t:|1699950057\n|move|p2a: Murkrow|Thunder Wave|p1a: Girafarig\n|-status|p1a: Girafarig|par\n|move|p1a: Girafarig|Calm Mind|p1a: Girafarig\n|-boost|p1a: Girafarig|spa|1\n|-boost|p1a: Girafarig|spd|1\n|\n|upkeep\n|turn|11\n|\n|t:|1699950062\n|move|p2a: Murkrow|Taunt|p1a: Girafarig\n|-start|p1a: Girafarig|move: Taunt\n|cant|p1a: Girafarig|move: Taunt|Calm Mind\n|\n|upkeep\n|turn|12\n|\n|t:|1699950065\n|move|p1a: Girafarig|Dazzling Gleam|p2a: Murkrow\n|-supereffective|p2a: Murkrow\n|-damage|p2a: Murkrow|0 fnt\n|faint|p2a: Murkrow\n|\n|upkeep\n|\n|t:|1699950066\n|switch|p2a: Luxray|Luxray, F|100\/100\n|turn|13\n|\n|t:|1699950084\n|move|p2a: Luxray|Protect|p2a: Luxray\n|-singleturn|p2a: Luxray|Protect\n|move|p1a: Girafarig|Stored Power|p2a: Luxray\n|-activate|p2a: Luxray|move: Protect\n|\n|-end|p1a: Girafarig|move: Taunt\n|-fieldend|move: Trick Room\n|-status|p2a: Luxray|brn|[from] item: Flame Orb\n|upkeep\n|turn|14\n|\n|t:|1699950093\n|-terastallize|p2a: Luxray|Normal\n|move|p2a: Luxray|Facade|p1a: Girafarig\n|-damage|p1a: Girafarig|0 fnt\n|faint|p1a: Girafarig\n|\n|win|Pikesito\n|n|\u2606ishikusan|ishikusan\n|n|\u2606Pikesito|pikesito\n|n|*Lady Monita \u2746|ladymonita\n|n| skymat_00|skymat00\n","uploadtime":1699950094,"views":10,"p1id":"ishikusan","p2id":"pikesito","formatid":"gen9ou","rating":0,"private":0,"password":""}