{"id":"gen9ou-1991955056","p1":"Nah Nah64","p2":"Ivythebarista","format":"[Gen 9] OU","log":"|j|\u2606Nah Nah64\n|j|\u203dIvythebarista\n|t:|1700142198\n|gametype|singles\n|player|p1|Nah Nah64|dancer|1280\n|player|p2|Ivythebarista|alec-anime|1275\n|teamsize|p1|6\n|teamsize|p2|6\n|gen|9\n|tier|[Gen 9] OU\n|rated|\n|rule|Sleep Clause Mod: Limit one foe put to sleep\n|rule|Species Clause: Limit one of each Pok\u00e9mon\n|rule|OHKO Clause: OHKO moves are banned\n|rule|Evasion Items Clause: Evasion items are banned\n|rule|Evasion Moves Clause: Evasion moves are banned\n|rule|Endless Battle Clause: Forcing endless battles is banned\n|rule|HP Percentage Mod: HP is shown in percentages\n|clearpoke\n|poke|p1|Scizor, M|\n|poke|p1|Zoroark-Hisui, F|\n|poke|p1|Samurott-Hisui, M|\n|poke|p1|Ceruledge, F|\n|poke|p1|Skeledirge, F|\n|poke|p1|Corviknight, M|\n|poke|p2|Ninetales-Alola, F|\n|poke|p2|Torterra, M|\n|poke|p2|Landorus-Therian, M|\n|poke|p2|Ogerpon-Cornerstone, F|\n|poke|p2|Corviknight, F|\n|poke|p2|Alomomola, M|\n|teampreview\n|\n|t:|1700142208\n|start\n|switch|p1a: Mint Metal|Scizor, M, shiny|100\/100\n|switch|p2a: Ninetales|Ninetales-Alola, F|100\/100\n|-weather|Snow|[from] ability: Snow Warning|[of] p2a: Ninetales\n|turn|1\n|\n|t:|1700142214\n|switch|p2a: Alomomola|Alomomola, M|100\/100\n|move|p1a: Mint Metal|Bullet Punch|p2a: Alomomola\n|-resisted|p2a: Alomomola\n|-damage|p2a: Alomomola|86\/100\n|-damage|p1a: Mint Metal|84\/100|[from] item: Rocky Helmet|[of] p2a: Alomomola\n|\n|-weather|Snow|[upkeep]\n|upkeep\n|turn|2\n|\n|t:|1700142221\n|switch|p1a: Mazka|Samurott-Hisui, M, shiny|100\/100\n|move|p2a: Alomomola|Flip Turn|p1a: Mazka\n|-resisted|p1a: Mazka\n|-damage|p1a: Mazka|90\/100\n|\n|t:|1700142227\n|switch|p2a: Ogerpon|Ogerpon-Cornerstone, F|100\/100|[from] Flip Turn\n|\n|-weather|Snow|[upkeep]\n|upkeep\n|turn|3\n|\n|t:|1700142236\n|move|p1a: Mazka|Sucker Punch|p2a: Ogerpon\n|-damage|p2a: Ogerpon|61\/100\n|move|p2a: Ogerpon|Horn Leech|p1a: Mazka\n|-supereffective|p1a: Mazka\n|-damage|p1a: Mazka|0 fnt\n|-heal|p2a: Ogerpon|100\/100|[from] drain|[of] p1a: Mazka\n|faint|p1a: Mazka\n|\n|-weather|Snow|[upkeep]\n|upkeep\n|\n|t:|1700142247\n|switch|p1a: Mint Metal|Scizor, M, shiny|84\/100\n|turn|4\n|\n|t:|1700142251\n|move|p2a: Ogerpon|Spiky Shield|p2a: Ogerpon\n|-singleturn|p2a: Ogerpon|move: Protect\n|move|p1a: Mint Metal|U-turn|p2a: Ogerpon\n|-activate|p2a: Ogerpon|move: Protect\n|-damage|p1a: Mint Metal|72\/100|[from] Spiky Shield|[of] p2a: Ogerpon\n|\n|-weather|Snow|[upkeep]\n|upkeep\n|turn|5\n|\n|t:|1700142257\n|switch|p1a: Knight Kazer|Corviknight, M, shiny|100\/100\n|-ability|p1a: Knight Kazer|Unnerve\n|move|p2a: Ogerpon|Ivy Cudgel|p1a: Knight Kazer|[anim] Ivy Cudgel Rock\n|-damage|p1a: Knight Kazer|68\/100\n|\n|-weather|none\n|upkeep\n|turn|6\n|\n|t:|1700142268\n|move|p2a: Ogerpon|Swords Dance|p2a: Ogerpon\n|-boost|p2a: Ogerpon|atk|2\n|move|p1a: Knight Kazer|Brave Bird|p2a: Ogerpon\n|-damage|p2a: Ogerpon|51\/100\n|-damage|p1a: Knight Kazer|56\/100|[from] Recoil\n|\n|upkeep\n|turn|7\n|\n|t:|1700142274\n|move|p2a: Ogerpon|Ivy Cudgel|p1a: Knight Kazer|[anim] Ivy Cudgel Rock\n|-damage|p1a: Knight Kazer|0 fnt\n|faint|p1a: Knight Kazer\n|\n|upkeep\n|\n|t:|1700142284\n|switch|p1a: Crocogetor|Skeledirge, F|100\/100\n|turn|8\n|\n|t:|1700142286\n|move|p2a: Ogerpon|Spiky Shield|p2a: Ogerpon\n|-singleturn|p2a: Ogerpon|move: Protect\n|move|p1a: Crocogetor|Flamethrower|p2a: Ogerpon\n|-activate|p2a: Ogerpon|move: Protect\n|\n|upkeep\n|turn|9\n|\n|t:|1700142292\n|move|p1a: Crocogetor|Flamethrower|p2a: Ogerpon\n|-damage|p2a: Ogerpon|0 fnt\n|faint|p2a: Ogerpon\n|\n|upkeep\n|\n|t:|1700142298\n|switch|p2a: Alomomola|Alomomola, M|100\/100\n|turn|10\n|\n|t:|1700142302\n|switch|p1a: Mint Metal|Scizor, M, shiny|72\/100\n|move|p2a: Alomomola|Flip Turn|p1a: Mint Metal\n|-damage|p1a: Mint Metal|55\/100\n|\n|t:|1700142309\n|switch|p2a: Landorus|Landorus-Therian, M|100\/100|[from] Flip Turn\n|-ability|p2a: Landorus|Intimidate|boost\n|-unboost|p1a: Mint Metal|atk|1\n|\n|upkeep\n|turn|11\n|\n|t:|1700142317\n|move|p1a: Mint Metal|Bullet Punch|p2a: Landorus\n|-damage|p2a: Landorus|64\/100\n|move|p2a: Landorus|Earthquake|p1a: Mint Metal\n|-damage|p1a: Mint Metal|0 fnt\n|faint|p1a: Mint Metal\n|\n|upkeep\n|\n|t:|1700142323\n|switch|p1a: Crocogetor|Skeledirge, F|100\/100\n|turn|12\n|\n|t:|1700142326\n|move|p1a: Crocogetor|Hyper Voice|p2a: Landorus\n|-damage|p2a: Landorus|0 fnt\n|faint|p2a: Landorus\n|\n|upkeep\n|\n|t:|1700142330\n|switch|p2a: Corviknight|Corviknight, F|100\/100\n|turn|13\n|\n|t:|1700142334\n|switch|p1a: Crocogetor|Skeledirge, F|100\/100\n|move|p2a: Corviknight|Brave Bird|p1a: Crocogetor\n|-damage|p1a: Crocogetor|72\/100\n|-damage|p2a: Corviknight|91\/100|[from] Recoil\n|\n|-heal|p2a: Corviknight|97\/100|[from] item: Leftovers\n|-heal|p1a: Crocogetor|78\/100|[from] item: Leftovers\n|upkeep\n|turn|14\n|\n|t:|1700142346\n|move|p2a: Corviknight|U-turn|p1a: Crocogetor\n|-resisted|p1a: Crocogetor\n|-damage|p1a: Crocogetor|75\/100\n|\n|t:|1700142350\n|switch|p2a: Alomomola|Alomomola, M|100\/100|[from] U-turn\n|move|p1a: Crocogetor|Torch Song|p2a: Alomomola\n|-resisted|p2a: Alomomola\n|-damage|p2a: Alomomola|88\/100\n|-boost|p1a: Crocogetor|spa|1\n|\n|-heal|p1a: Crocogetor|81\/100|[from] item: Leftovers\n|upkeep\n|turn|15\n|\n|t:|1700142357\n|move|p1a: Crocogetor|Slack Off|p1a: Crocogetor\n|-heal|p1a: Crocogetor|100\/100\n|move|p2a: Alomomola|Scald|p1a: Crocogetor\n|-supereffective|p1a: Crocogetor\n|-damage|p1a: Crocogetor|82\/100\n|\n|-heal|p1a: Crocogetor|88\/100|[from] item: Leftovers\n|upkeep\n|turn|16\n|\n|t:|1700142365\n|move|p1a: Crocogetor|Shadow Ball|p2a: Alomomola\n|-damage|p2a: Alomomola|45\/100\n|move|p2a: Alomomola|Wish|p2a: Alomomola\n|\n|-heal|p1a: Crocogetor|94\/100|[from] item: Leftovers\n|upkeep\n|turn|17\n|\n|t:|1700142372\n|move|p1a: Crocogetor|Torch Song|p2a: Alomomola\n|-resisted|p2a: Alomomola\n|-damage|p2a: Alomomola|23\/100\n|-boost|p1a: Crocogetor|spa|1\n|move|p2a: Alomomola|Flip Turn|p1a: Crocogetor\n|-supereffective|p1a: Crocogetor\n|-damage|p1a: Crocogetor|67\/100\n|\n|t:|1700142381\n|switch|p2a: Torterra|Torterra, M|100\/100|[from] Flip Turn\n|\n|-heal|p1a: Crocogetor|74\/100|[from] item: Leftovers\n|upkeep\n|turn|18\n|\n|t:|1700142387\n|move|p2a: Torterra|Headlong Rush|p1a: Crocogetor\n|-supereffective|p1a: Crocogetor\n|-damage|p1a: Crocogetor|0 fnt\n|-unboost|p2a: Torterra|def|1\n|-unboost|p2a: Torterra|spd|1\n|faint|p1a: Crocogetor\n|\n|upkeep\n|\n|t:|1700142397\n|switch|p1a: Neo Dusted|Ceruledge, F, shiny|100\/100\n|turn|19\n|\n|t:|1700142402\n|switch|p2a: Alomomola|Alomomola, M|57\/100\n|move|p1a: Neo Dusted|Hyper Voice|p2a: Alomomola\n|-damage|p2a: Alomomola|0 fnt\n|faint|p2a: Alomomola\n|\n|upkeep\n|\n|t:|1700142408\n|switch|p2a: Corviknight|Corviknight, F|97\/100\n|turn|20\n|\n|t:|1700142421\n|switch|p2a: Torterra|Torterra, M|100\/100\n|move|p1a: Neo Dusted|Hyper Voice|p2a: Torterra\n|-damage|p2a: Torterra|22\/100\n|\n|upkeep\n|turn|21\n|\n|t:|1700142427\n|switch|p2a: Corviknight|Corviknight, F|97\/100\n|move|p1a: Neo Dusted|Hyper Voice|p2a: Corviknight\n|-resisted|p2a: Corviknight\n|-damage|p2a: Corviknight|75\/100\n|\n|-heal|p2a: Corviknight|81\/100|[from] item: Leftovers\n|upkeep\n|turn|22\n|\n|t:|1700142429\n|move|p1a: Neo Dusted|Hyper Voice|p2a: Corviknight\n|-resisted|p2a: Corviknight\n|-damage|p2a: Corviknight|57\/100\n|move|p2a: Corviknight|Roost|p2a: Corviknight\n|-heal|p2a: Corviknight|100\/100\n|-singleturn|p2a: Corviknight|move: Roost\n|\n|upkeep\n|turn|23\n|\n|t:|1700142434\n|move|p1a: Neo Dusted|Hyper Voice|p2a: Corviknight\n|-resisted|p2a: Corviknight\n|-damage|p2a: Corviknight|76\/100\n|move|p2a: Corviknight|Brave Bird|p1a: Neo Dusted\n|-damage|p1a: Neo Dusted|20\/100\n|replace|p1a: Button|Zoroark-Hisui, F, shiny\n|-end|p1a: Button|Illusion\n|-damage|p2a: Corviknight|59\/100|[from] Recoil\n|\n|-heal|p2a: Corviknight|66\/100|[from] item: Leftovers\n|upkeep\n|turn|24\n|\n|t:|1700142441\n|move|p1a: Button|Hyper Voice|p2a: Corviknight\n|-resisted|p2a: Corviknight\n|-damage|p2a: Corviknight|44\/100\n|move|p2a: Corviknight|Brave Bird|p1a: Button\n|-damage|p1a: Button|0 fnt\n|faint|p1a: Button\n|-damage|p2a: Corviknight|39\/100|[from] Recoil\n|\n|-heal|p2a: Corviknight|46\/100|[from] item: Leftovers\n|upkeep\n|\n|t:|1700142444\n|switch|p1a: Neo Dusted|Ceruledge, F, shiny|100\/100\n|turn|25\n|\n|t:|1700142451\n|move|p1a: Neo Dusted|Bitter Blade|p2a: Corviknight\n|-supereffective|p2a: Corviknight\n|-damage|p2a: Corviknight|0 fnt\n|faint|p2a: Corviknight\n|\n|upkeep\n|\n|t:|1700142461\n|switch|p2a: Ninetales|Ninetales-Alola, F|100\/100\n|-weather|Snow|[from] ability: Snow Warning|[of] p2a: Ninetales\n|turn|26\n|\n|t:|1700142468\n|-terastallize|p2a: Ninetales|Fire\n|move|p2a: Ninetales|Encore|p1a: Neo Dusted\n|-start|p1a: Neo Dusted|Encore\n|move|p1a: Neo Dusted|Bitter Blade|p2a: Ninetales\n|-resisted|p2a: Ninetales\n|-damage|p2a: Ninetales|67\/100\n|\n|-weather|Snow|[upkeep]\n|upkeep\n|turn|27\n|\n|t:|1700142476\n|-terastallize|p1a: Neo Dusted|Fire\n|move|p2a: Ninetales|Aurora Veil|p2a: Ninetales\n|-sidestart|p2: Ivythebarista|move: Aurora Veil\n|move|p1a: Neo Dusted|Bitter Blade|p2a: Ninetales\n|-resisted|p2a: Ninetales\n|-damage|p2a: Ninetales|46\/100\n|\n|-weather|Snow|[upkeep]\n|upkeep\n|turn|28\n|-message|Ivythebarista forfeited.\n|\n|win|Nah Nah64\n|raw|Nah Nah64's rating: 1280 &rarr; <strong>1305<\/strong><br \/>(+25 for winning)\n|raw|Ivythebarista's rating: 1275 &rarr; <strong>1250<\/strong><br \/>(-25 for losing)\n|l|\u203dIvythebarista\n","uploadtime":1700142490,"views":12,"p1id":"nahnah64","p2id":"ivythebarista","formatid":"gen9ou","rating":1250,"private":0,"password":""}