{"id":"gen9ou-1999361677","p1":"Overripe","p2":"indecisive_squid","format":"[Gen 9] OU","log":"|j|\u2606Overripe\n|j|\u2606indecisive_squid\n|t:|1701066848\n|gametype|singles\n|player|p1|Overripe|iris-gen5bw2|1282\n|player|p2|indecisive_squid|lucian|1230\n|teamsize|p1|6\n|teamsize|p2|6\n|gen|9\n|tier|[Gen 9] OU\n|rated|\n|rule|Sleep Clause Mod: Limit one foe put to sleep\n|rule|Species Clause: Limit one of each Pok\u00e9mon\n|rule|OHKO Clause: OHKO moves are banned\n|rule|Evasion Items Clause: Evasion items are banned\n|rule|Evasion Moves Clause: Evasion moves are banned\n|rule|Endless Battle Clause: Forcing endless battles is banned\n|rule|HP Percentage Mod: HP is shown in percentages\n|clearpoke\n|poke|p1|Barraskewda, M|\n|poke|p1|Pelipper, M|\n|poke|p1|Iron Valiant|\n|poke|p1|Sandy Shocks|\n|poke|p1|Kingambit, M|\n|poke|p1|Great Tusk|\n|poke|p2|Gardevoir, F|\n|poke|p2|Weavile, F|\n|poke|p2|Scizor, M|\n|poke|p2|Salazzle, F|\n|poke|p2|Polteageist-Antique|\n|poke|p2|Dragonite, M|\n|teampreview\n|inactive|Battle timer is ON: inactive players will automatically lose when time's up. (requested by Overripe)\n|\n|t:|1701066866\n|start\n|switch|p1a: \u4f0a\u9054 \u653f\u5b97|Kingambit, M, shiny|100\/100\n|switch|p2a: Polteageist|Polteageist-Antique|100\/100\n|turn|1\n|\n|t:|1701066881\n|switch|p2a: Dragonite|Dragonite, M|100\/100\n|move|p1a: \u4f0a\u9054 \u653f\u5b97|Iron Head|p2a: Dragonite\n|-damage|p2a: Dragonite|77\/100\n|\n|upkeep\n|turn|2\n|\n|t:|1701066886\n|move|p2a: Dragonite|Roost|p2a: Dragonite\n|-heal|p2a: Dragonite|100\/100\n|-singleturn|p2a: Dragonite|move: Roost\n|move|p1a: \u4f0a\u9054 \u653f\u5b97|Kowtow Cleave|p2a: Dragonite\n|-damage|p2a: Dragonite|78\/100\n|\n|upkeep\n|turn|3\n|\n|t:|1701066892\n|-end|p1a: \u4f0a\u9054 \u653f\u5b97|fallenundefined|[silent]\n|switch|p1a: \u30d3\u30c3\u30b0\u30cb\u30e5\u30fc\u30b9|Pelipper, M, shiny|100\/100\n|-weather|RainDance|[from] ability: Drizzle|[of] p1a: \u30d3\u30c3\u30b0\u30cb\u30e5\u30fc\u30b9\n|move|p2a: Dragonite|Roost|p2a: Dragonite\n|-heal|p2a: Dragonite|100\/100\n|-singleturn|p2a: Dragonite|move: Roost\n|\n|-weather|RainDance|[upkeep]\n|upkeep\n|turn|4\n|\n|t:|1701066897\n|move|p1a: \u30d3\u30c3\u30b0\u30cb\u30e5\u30fc\u30b9|Hurricane|p2a: Dragonite\n|-damage|p2a: Dragonite|81\/100\n|move|p2a: Dragonite|Dragon Tail|p1a: \u30d3\u30c3\u30b0\u30cb\u30e5\u30fc\u30b9\n|-damage|p1a: \u30d3\u30c3\u30b0\u30cb\u30e5\u30fc\u30b9|54\/100\n|drag|p1a: \u4f0a\u9054 \u653f\u5b97|Kingambit, M, shiny|100\/100\n|\n|-weather|RainDance|[upkeep]\n|upkeep\n|turn|5\n|\n|t:|1701066904\n|move|p2a: Dragonite|Roost|p2a: Dragonite\n|-heal|p2a: Dragonite|100\/100\n|-singleturn|p2a: Dragonite|move: Roost\n|move|p1a: \u4f0a\u9054 \u653f\u5b97|Kowtow Cleave|p2a: Dragonite\n|-damage|p2a: Dragonite|79\/100\n|\n|-weather|RainDance|[upkeep]\n|upkeep\n|turn|6\n|\n|t:|1701066906\n|-end|p1a: \u4f0a\u9054 \u653f\u5b97|fallenundefined|[silent]\n|switch|p1a: \u5bae\u672c \u6b66\u8535|Sandy Shocks, shiny|100\/100\n|move|p2a: Dragonite|Dragon Tail|p1a: \u5bae\u672c \u6b66\u8535\n|-damage|p1a: \u5bae\u672c \u6b66\u8535|63\/100\n|-end|p1a: \u5bae\u672c \u6b66\u8535|Protosynthesis|[silent]\n|drag|p1a: \u30a2\u30eb\u30c6\u30de\u30a6\u30a7\u30dd\u30f3|Barraskewda, M, shiny|100\/100\n|\n|-weather|RainDance|[upkeep]\n|upkeep\n|turn|7\n|\n|t:|1701066912\n|move|p1a: \u30a2\u30eb\u30c6\u30de\u30a6\u30a7\u30dd\u30f3|Flip Turn|p2a: Dragonite\n|-resisted|p2a: Dragonite\n|-damage|p2a: Dragonite|46\/100\n|\n|t:|1701066917\n|switch|p1a: \u4f0a\u9054 \u653f\u5b97|Kingambit, M, shiny|100\/100|[from] Flip Turn\n|move|p2a: Dragonite|Roost|p2a: Dragonite\n|-heal|p2a: Dragonite|96\/100\n|-singleturn|p2a: Dragonite|move: Roost\n|\n|-weather|none\n|upkeep\n|turn|8\n|\n|t:|1701066923\n|move|p2a: Dragonite|Roost|p2a: Dragonite\n|-heal|p2a: Dragonite|100\/100\n|-singleturn|p2a: Dragonite|move: Roost\n|move|p1a: \u4f0a\u9054 \u653f\u5b97|Kowtow Cleave|p2a: Dragonite\n|-damage|p2a: Dragonite|76\/100\n|\n|upkeep\n|turn|9\n|\n|t:|1701066925\n|move|p1a: \u4f0a\u9054 \u653f\u5b97|Kowtow Cleave|p2a: Dragonite\n|-crit|p2a: Dragonite\n|-damage|p2a: Dragonite|10\/100\n|move|p2a: Dragonite|Dragon Tail|p1a: \u4f0a\u9054 \u653f\u5b97\n|-resisted|p1a: \u4f0a\u9054 \u653f\u5b97\n|-damage|p1a: \u4f0a\u9054 \u653f\u5b97|88\/100\n|-end|p1a: \u4f0a\u9054 \u653f\u5b97|fallenundefined|[silent]\n|drag|p1a: \u5bae\u672c \u6b66\u8535|Sandy Shocks, shiny|63\/100\n|\n|upkeep\n|turn|10\n|\n|t:|1701066954\n|move|p2a: Dragonite|Extreme Speed|p1a: \u5bae\u672c \u6b66\u8535\n|-damage|p1a: \u5bae\u672c \u6b66\u8535|25\/100\n|move|p1a: \u5bae\u672c \u6b66\u8535|Volt Switch|p2a: Dragonite\n|-damage|p2a: Dragonite|0 fnt\n|faint|p2a: Dragonite\n|\n|t:|1701066965\n|-end|p1a: \u5bae\u672c \u6b66\u8535|Protosynthesis|[silent]\n|switch|p1a: \u30d3\u30c3\u30b0\u30cb\u30e5\u30fc\u30b9|Pelipper, M, shiny|54\/100|[from] Volt Switch\n|-weather|RainDance|[from] ability: Drizzle|[of] p1a: \u30d3\u30c3\u30b0\u30cb\u30e5\u30fc\u30b9\n|\n|-weather|RainDance|[upkeep]\n|upkeep\n|\n|t:|1701066976\n|switch|p2a: Polteageist|Polteageist-Antique|100\/100\n|turn|11\n|\n|t:|1701066978\n|move|p1a: \u30d3\u30c3\u30b0\u30cb\u30e5\u30fc\u30b9|Hurricane|p2a: Polteageist\n|-damage|p2a: Polteageist|47\/100\n|-start|p2a: Polteageist|confusion\n|-start|p1a: \u30d3\u30c3\u30b0\u30cb\u30e5\u30fc\u30b9|Disable|Hurricane|[from] ability: Cursed Body|[of] p2a: Polteageist\n|-activate|p2a: Polteageist|confusion\n|move|p2a: Polteageist|Shell Smash|p2a: Polteageist\n|-unboost|p2a: Polteageist|def|1\n|-unboost|p2a: Polteageist|spd|1\n|-boost|p2a: Polteageist|atk|2\n|-boost|p2a: Polteageist|spa|2\n|-boost|p2a: Polteageist|spe|2\n|\n|-weather|RainDance|[upkeep]\n|upkeep\n|turn|12\n|\n|t:|1701066991\n|switch|p1a: \u4f0a\u9054 \u653f\u5b97|Kingambit, M, shiny|88\/100\n|-activate|p2a: Polteageist|confusion\n|-damage|p2a: Polteageist|21\/100|[from] confusion\n|\n|-weather|RainDance|[upkeep]\n|upkeep\n|turn|13\n|\n|t:|1701066997\n|-end|p2a: Polteageist|confusion\n|move|p2a: Polteageist|Giga Drain|p1a: \u4f0a\u9054 \u653f\u5b97\n|-resisted|p1a: \u4f0a\u9054 \u653f\u5b97\n|-damage|p1a: \u4f0a\u9054 \u653f\u5b97|69\/100\n|-heal|p2a: Polteageist|36\/100|[from] drain|[of] p1a: \u4f0a\u9054 \u653f\u5b97\n|move|p1a: \u4f0a\u9054 \u653f\u5b97|Kowtow Cleave|p2a: Polteageist\n|-supereffective|p2a: Polteageist\n|-damage|p2a: Polteageist|0 fnt\n|faint|p2a: Polteageist\n|\n|-weather|RainDance|[upkeep]\n|upkeep\n|\n|t:|1701067019\n|switch|p2a: Salazzle|Salazzle, F|100\/100\n|turn|14\n|\n|t:|1701067032\n|-end|p1a: \u4f0a\u9054 \u653f\u5b97|fallenundefined|[silent]\n|switch|p1a: \u5bae\u672c \u6b66\u8535|Sandy Shocks, shiny|25\/100\n|move|p2a: Salazzle|Toxic|p1a: \u5bae\u672c \u6b66\u8535\n|-status|p1a: \u5bae\u672c \u6b66\u8535|tox\n|\n|-weather|none\n|-damage|p1a: \u5bae\u672c \u6b66\u8535|19\/100 tox|[from] psn\n|upkeep\n|turn|15\n|\n|t:|1701067038\n|-end|p1a: \u5bae\u672c \u6b66\u8535|Protosynthesis|[silent]\n|switch|p1a: \u30d3\u30c3\u30b0\u30cb\u30e5\u30fc\u30b9|Pelipper, M, shiny|54\/100\n|-weather|RainDance|[from] ability: Drizzle|[of] p1a: \u30d3\u30c3\u30b0\u30cb\u30e5\u30fc\u30b9\n|move|p2a: Salazzle|Flamethrower|p1a: \u30d3\u30c3\u30b0\u30cb\u30e5\u30fc\u30b9\n|-resisted|p1a: \u30d3\u30c3\u30b0\u30cb\u30e5\u30fc\u30b9\n|-damage|p1a: \u30d3\u30c3\u30b0\u30cb\u30e5\u30fc\u30b9|37\/100\n|\n|-weather|RainDance|[upkeep]\n|upkeep\n|turn|16\n|\n|t:|1701067045\n|move|p1a: \u30d3\u30c3\u30b0\u30cb\u30e5\u30fc\u30b9|Surf|p2a: Salazzle\n|-supereffective|p2a: Salazzle\n|-enditem|p2a: Salazzle|Focus Sash\n|-damage|p2a: Salazzle|1\/100\n|move|p2a: Salazzle|Sludge Bomb|p1a: \u30d3\u30c3\u30b0\u30cb\u30e5\u30fc\u30b9\n|-damage|p1a: \u30d3\u30c3\u30b0\u30cb\u30e5\u30fc\u30b9|0 fnt\n|faint|p1a: \u30d3\u30c3\u30b0\u30cb\u30e5\u30fc\u30b9\n|\n|-weather|RainDance|[upkeep]\n|upkeep\n|\n|t:|1701067048\n|switch|p1a: \u30a2\u30eb\u30c6\u30de\u30a6\u30a7\u30dd\u30f3|Barraskewda, M, shiny|100\/100\n|turn|17\n|\n|t:|1701067051\n|move|p1a: \u30a2\u30eb\u30c6\u30de\u30a6\u30a7\u30dd\u30f3|Flip Turn|p2a: Salazzle\n|-supereffective|p2a: Salazzle\n|-damage|p2a: Salazzle|0 fnt\n|faint|p2a: Salazzle\n|\n|t:|1701067068\n|switch|p1a: \u4f0a\u9054 \u653f\u5b97|Kingambit, M, shiny|69\/100|[from] Flip Turn\n|-activate|p1a: \u4f0a\u9054 \u653f\u5b97|ability: Supreme Overlord\n|-start|p1a: \u4f0a\u9054 \u653f\u5b97|fallen1|[silent]\n|\n|-weather|RainDance|[upkeep]\n|upkeep\n|\n|t:|1701067077\n|switch|p2a: Scizor|Scizor, M|100\/100\n|turn|18\n|\n|t:|1701067082\n|move|p2a: Scizor|Swords Dance|p2a: Scizor\n|-boost|p2a: Scizor|atk|2\n|move|p1a: \u4f0a\u9054 \u653f\u5b97|Low Kick|p2a: Scizor\n|-damage|p2a: Scizor|55\/100\n|\n|-weather|RainDance|[upkeep]\n|upkeep\n|turn|19\n|\n|t:|1701067091\n|move|p2a: Scizor|Bug Bite|p1a: \u4f0a\u9054 \u653f\u5b97\n|-damage|p1a: \u4f0a\u9054 \u653f\u5b97|0 fnt\n|faint|p1a: \u4f0a\u9054 \u653f\u5b97\n|-end|p1a: \u4f0a\u9054 \u653f\u5b97|fallen1|[silent]\n|\n|-weather|none\n|upkeep\n|\n|t:|1701067096\n|switch|p1a: \u30a2\u30eb\u30c6\u30de\u30a6\u30a7\u30dd\u30f3|Barraskewda, M, shiny|100\/100\n|turn|20\n|\n|t:|1701067099\n|move|p2a: Scizor|Bullet Punch|p1a: \u30a2\u30eb\u30c6\u30de\u30a6\u30a7\u30dd\u30f3\n|-resisted|p1a: \u30a2\u30eb\u30c6\u30de\u30a6\u30a7\u30dd\u30f3\n|-damage|p1a: \u30a2\u30eb\u30c6\u30de\u30a6\u30a7\u30dd\u30f3|37\/100\n|move|p1a: \u30a2\u30eb\u30c6\u30de\u30a6\u30a7\u30dd\u30f3|Close Combat|p2a: Scizor\n|-damage|p2a: Scizor|0 fnt\n|-unboost|p1a: \u30a2\u30eb\u30c6\u30de\u30a6\u30a7\u30dd\u30f3|def|1\n|-unboost|p1a: \u30a2\u30eb\u30c6\u30de\u30a6\u30a7\u30dd\u30f3|spd|1\n|faint|p2a: Scizor\n|\n|upkeep\n|\n|t:|1701067103\n|switch|p2a: Weavile|Weavile, F|100\/100\n|-ability|p2a: Weavile|Pressure\n|turn|21\n|\n|t:|1701067123\n|switch|p1a: \u5bae\u672c \u6b66\u8535|Sandy Shocks, shiny|19\/100 tox\n|move|p2a: Weavile|Swords Dance|p2a: Weavile\n|-boost|p2a: Weavile|atk|2\n|\n|-damage|p1a: \u5bae\u672c \u6b66\u8535|13\/100 tox|[from] psn\n|upkeep\n|turn|22\n|\n|t:|1701067130\n|move|p2a: Weavile|Ice Shard|p1a: \u5bae\u672c \u6b66\u8535\n|-supereffective|p1a: \u5bae\u672c \u6b66\u8535\n|-damage|p1a: \u5bae\u672c \u6b66\u8535|0 fnt\n|faint|p1a: \u5bae\u672c \u6b66\u8535\n|-end|p1a: \u5bae\u672c \u6b66\u8535|Protosynthesis|[silent]\n|\n|upkeep\n|\n|t:|1701067136\n|switch|p1a: \u7adc\u9a0e\u58eb|Iron Valiant, shiny|100\/100\n|-enditem|p1a: \u7adc\u9a0e\u58eb|Booster Energy\n|-activate|p1a: \u7adc\u9a0e\u58eb|ability: Quark Drive|[fromitem]\n|-start|p1a: \u7adc\u9a0e\u58eb|quarkdrivespe\n|turn|23\n|\n|t:|1701067146\n|move|p1a: \u7adc\u9a0e\u58eb|Moonblast|p2a: Weavile\n|-supereffective|p2a: Weavile\n|-enditem|p2a: Weavile|Focus Sash\n|-damage|p2a: Weavile|1\/100\n|move|p2a: Weavile|Poison Jab|p1a: \u7adc\u9a0e\u58eb\n|-supereffective|p1a: \u7adc\u9a0e\u58eb\n|-damage|p1a: \u7adc\u9a0e\u58eb|0 fnt\n|faint|p1a: \u7adc\u9a0e\u58eb\n|-end|p1a: \u7adc\u9a0e\u58eb|Quark Drive|[silent]\n|\n|upkeep\n|\n|t:|1701067152\n|switch|p1a: \u30a2\u30eb\u30c6\u30de\u30a6\u30a7\u30dd\u30f3|Barraskewda, M, shiny|37\/100\n|turn|24\n|\n|t:|1701067157\n|move|p2a: Weavile|Ice Shard|p1a: \u30a2\u30eb\u30c6\u30de\u30a6\u30a7\u30dd\u30f3\n|-resisted|p1a: \u30a2\u30eb\u30c6\u30de\u30a6\u30a7\u30dd\u30f3\n|-crit|p1a: \u30a2\u30eb\u30c6\u30de\u30a6\u30a7\u30dd\u30f3\n|-damage|p1a: \u30a2\u30eb\u30c6\u30de\u30a6\u30a7\u30dd\u30f3|0 fnt\n|faint|p1a: \u30a2\u30eb\u30c6\u30de\u30a6\u30a7\u30dd\u30f3\n|\n|upkeep\n|\n|t:|1701067159\n|switch|p1a: \u30d9\u30d2\u30fc\u30e2\u30b9|Great Tusk, shiny|100\/100\n|-enditem|p1a: \u30d9\u30d2\u30fc\u30e2\u30b9|Booster Energy\n|-activate|p1a: \u30d9\u30d2\u30fc\u30e2\u30b9|ability: Protosynthesis|[fromitem]\n|-start|p1a: \u30d9\u30d2\u30fc\u30e2\u30b9|protosynthesisatk\n|turn|25\n|\n|t:|1701067167\n|-terastallize|p1a: \u30d9\u30d2\u30fc\u30e2\u30b9|Water\n|move|p2a: Weavile|Ice Shard|p1a: \u30d9\u30d2\u30fc\u30e2\u30b9\n|-resisted|p1a: \u30d9\u30d2\u30fc\u30e2\u30b9\n|-damage|p1a: \u30d9\u30d2\u30fc\u30e2\u30b9|87\/100\n|move|p1a: \u30d9\u30d2\u30fc\u30e2\u30b9|Rapid Spin|p2a: Weavile\n|-damage|p2a: Weavile|0 fnt\n|-boost|p1a: \u30d9\u30d2\u30fc\u30e2\u30b9|spe|1\n|faint|p2a: Weavile\n|\n|upkeep\n|\n|t:|1701067174\n|switch|p2a: Gardevoir|Gardevoir, F|100\/100\n|turn|26\n|\n|t:|1701067178\n|move|p1a: \u30d9\u30d2\u30fc\u30e2\u30b9|Earthquake|p2a: Gardevoir\n|-damage|p2a: Gardevoir|0 fnt\n|faint|p2a: Gardevoir\n|\n|win|Overripe\n|raw|Overripe's rating: 1282 &rarr; <strong>1303<\/strong><br \/>(+21 for winning)\n|raw|indecisive_squid's rating: 1230 &rarr; <strong>1209<\/strong><br \/>(-21 for losing)\n|l|\u2606indecisive_squid\n","uploadtime":1701067189,"views":2,"p1id":"overripe","p2id":"indecisivesquid","formatid":"gen9ou","rating":1209,"private":0,"password":""}