{"id":"gen9ou-1996069099","p1":"Skaraptor2.1","p2":"hzyy","format":"[Gen 9] OU","log":"|j|\u2606Skaraptor2.1\n|j|\u2606hzyy\n|t:|1700638929\n|gametype|singles\n|player|p1|Skaraptor2.1|bodybuilderf-gen9|1224\n|player|p2|hzyy|cynthia-gen4|1182\n|teamsize|p1|6\n|teamsize|p2|6\n|gen|9\n|tier|[Gen 9] OU\n|rated|\n|rule|Sleep Clause Mod: Limit one foe put to sleep\n|rule|Species Clause: Limit one of each Pok\u00e9mon\n|rule|OHKO Clause: OHKO moves are banned\n|rule|Evasion Items Clause: Evasion items are banned\n|rule|Evasion Moves Clause: Evasion moves are banned\n|rule|Endless Battle Clause: Forcing endless battles is banned\n|rule|HP Percentage Mod: HP is shown in percentages\n|clearpoke\n|poke|p1|Ribombee, M|\n|poke|p1|Ogerpon-Wellspring, F|\n|poke|p1|Corviknight, M|\n|poke|p1|Zamazenta-*|\n|poke|p1|Iron Valiant|\n|poke|p1|Kingambit, F|\n|poke|p2|Zoroark-Hisui, F|\n|poke|p2|Corviknight, F|\n|poke|p2|Dragapult, F|\n|poke|p2|Ogerpon-Wellspring, F|\n|poke|p2|Great Tusk|\n|poke|p2|Iron Moth|\n|teampreview\n|inactive|Battle timer is ON: inactive players will automatically lose when time's up. (requested by Skaraptor2.1)\n|\n|t:|1700638942\n|start\n|switch|p1a: Transfem|Ogerpon-Wellspring, F|100\/100\n|switch|p2a: Dragapult|Dragapult, F|100\/100\n|turn|1\n|\n|t:|1700638948\n|move|p1a: Transfem|Knock Off|p2a: Dragapult\n|-supereffective|p2a: Dragapult\n|-enditem|p2a: Dragapult|Focus Sash\n|-damage|p2a: Dragapult|1\/100\n|replace|p2a: Zoroark|Zoroark-Hisui, F\n|-end|p2a: Zoroark|Illusion\n|move|p2a: Zoroark|Comeuppance|p1a: Transfem\n|-damage|p1a: Transfem|0 fnt\n|faint|p1a: Transfem\n|\n|upkeep\n|\n|t:|1700638969\n|switch|p1a: Twink|Ribombee, M|100\/100\n|turn|2\n|\n|t:|1700638975\n|switch|p2a: Corviknight|Corviknight, F|100\/100\n|move|p1a: Twink|Moonblast|p2a: Corviknight\n|-resisted|p2a: Corviknight\n|-crit|p2a: Corviknight\n|-damage|p2a: Corviknight|78\/100\n|\n|upkeep\n|turn|3\n|\n|t:|1700638980\n|move|p1a: Twink|Stun Spore|p2a: Corviknight\n|-status|p2a: Corviknight|par\n|move|p2a: Corviknight|U-turn|p1a: Twink\n|-resisted|p1a: Twink\n|-damage|p1a: Twink|90\/100\n|\n|t:|1700638985\n|switch|p2a: Iron Moth|Iron Moth|100\/100|[from] U-turn\n|-enditem|p2a: Iron Moth|Booster Energy\n|-activate|p2a: Iron Moth|ability: Quark Drive|[fromitem]\n|-start|p2a: Iron Moth|quarkdrivespe\n|\n|upkeep\n|turn|4\n|\n|t:|1700638994\n|move|p2a: Iron Moth|Fiery Dance|p1a: Twink\n|-supereffective|p1a: Twink\n|-damage|p1a: Twink|0 fnt\n|-boost|p2a: Iron Moth|spa|1\n|faint|p1a: Twink\n|\n|upkeep\n|\n|t:|1700638996\n|switch|p1a: Bigender|Iron Valiant|100\/100\n|-enditem|p1a: Bigender|Booster Energy\n|-activate|p1a: Bigender|ability: Quark Drive|[fromitem]\n|-start|p1a: Bigender|quarkdrivespe\n|turn|5\n|\n|t:|1700639009\n|move|p1a: Bigender|Destiny Bond|p1a: Bigender\n|-singlemove|p1a: Bigender|Destiny Bond\n|move|p2a: Iron Moth|Sludge Wave|p1a: Bigender\n|-supereffective|p1a: Bigender\n|-damage|p1a: Bigender|0 fnt\n|faint|p1a: Bigender\n|-activate|p1a: Bigender|move: Destiny Bond\n|-end|p1a: Bigender|Quark Drive|[silent]\n|faint|p2a: Iron Moth\n|-end|p2a: Iron Moth|Quark Drive|[silent]\n|\n|upkeep\n|\n|t:|1700639024\n|switch|p1a: Defender of Trans|Zamazenta, shiny|100\/100\n|switch|p2a: Dragapult|Dragapult, F|1\/100\n|-ability|p1a: Defender of Trans|Dauntless Shield|boost\n|-boost|p1a: Defender of Trans|def|1\n|turn|6\n|\n|t:|1700639030\n|move|p1a: Defender of Trans|Crunch|p2a: Dragapult\n|-supereffective|p2a: Dragapult\n|-crit|p2a: Dragapult\n|-damage|p2a: Dragapult|0 fnt\n|replace|p2a: Zoroark|Zoroark-Hisui, F\n|-end|p2a: Zoroark|Illusion\n|faint|p2a: Zoroark\n|\n|upkeep\n|c|\u2606Skaraptor2.1|Crit mattered\n|l|\u2606Skaraptor2.1\n|inactive|Skaraptor2.1 disconnected and has a minute to reconnect!\n|player|p1|\n|\n|t:|1700639058\n|switch|p2a: Corviknight|Corviknight, F|78\/100 par\n|turn|7\n|j|\u2606Skaraptor2.1\n|inactive|Skaraptor2.1 reconnected and has 125 seconds left.\n|player|p1|Skaraptor2.1|bodybuilderf-gen9\n|\n|t:|1700639088\n|move|p1a: Defender of Trans|Iron Defense|p1a: Defender of Trans\n|-boost|p1a: Defender of Trans|def|2\n|cant|p2a: Corviknight|par\n|\n|upkeep\n|turn|8\n|\n|t:|1700639096\n|move|p1a: Defender of Trans|Iron Defense|p1a: Defender of Trans\n|-boost|p1a: Defender of Trans|def|2\n|move|p2a: Corviknight|Roost|p2a: Corviknight\n|-heal|p2a: Corviknight|100\/100 par\n|-singleturn|p2a: Corviknight|move: Roost\n|\n|upkeep\n|turn|9\n|\n|t:|1700639099\n|move|p1a: Defender of Trans|Body Press|p2a: Corviknight\n|-damage|p2a: Corviknight|18\/100 par\n|-damage|p1a: Defender of Trans|84\/100|[from] item: Rocky Helmet|[of] p2a: Corviknight\n|move|p2a: Corviknight|Body Press|p1a: Defender of Trans\n|-damage|p1a: Defender of Trans|79\/100\n|\n|-heal|p1a: Defender of Trans|85\/100|[from] item: Leftovers\n|upkeep\n|turn|10\n|-message|hzyy forfeited.\n|\n|win|Skaraptor2.1\n|raw|Skaraptor2.1's rating: 1224 &rarr; <strong>1246<\/strong><br \/>(+22 for winning)\n|raw|hzyy's rating: 1182 &rarr; <strong>1160<\/strong><br \/>(-22 for losing)\n|l|\u2606hzyy\n","uploadtime":1700639114,"views":0,"p1id":"skaraptor21","p2id":"hzyy","formatid":"gen9ou","rating":1160,"private":0,"password":""}