{"id":"gen9ou-1993919447","p1":"Zerwikaptur","p2":"Ruinous Tusk","format":"[Gen 9] OU","log":"|j|\u2606Zerwikaptur\n|j|\u2606Ruinous Tusk\n|t:|1700375455\n|gametype|singles\n|player|p1|Zerwikaptur|pokemaniac-gen3|1460\n|player|p2|Ruinous Tusk|hilbert|1387\n|teamsize|p1|6\n|teamsize|p2|6\n|gen|9\n|tier|[Gen 9] OU\n|rated|\n|rule|Sleep Clause Mod: Limit one foe put to sleep\n|rule|Species Clause: Limit one of each Pok\u00e9mon\n|rule|OHKO Clause: OHKO moves are banned\n|rule|Evasion Items Clause: Evasion items are banned\n|rule|Evasion Moves Clause: Evasion moves are banned\n|rule|Endless Battle Clause: Forcing endless battles is banned\n|rule|HP Percentage Mod: HP is shown in percentages\n|clearpoke\n|poke|p1|Ribombee, F|\n|poke|p1|Zoroark-Hisui, F|\n|poke|p1|Great Tusk|\n|poke|p1|Kingambit, F|\n|poke|p1|Cresselia, F|\n|poke|p1|Typhlosion-Hisui, M|\n|poke|p2|Pelipper, M|\n|poke|p2|Landorus-Therian, M|\n|poke|p2|Basculegion, M|\n|poke|p2|Samurott-Hisui, M|\n|poke|p2|Zapdos|\n|poke|p2|Kingambit, M|\n|teampreview\n|inactive|Battle timer is ON: inactive players will automatically lose when time's up. (requested by Ruinous Tusk)\n|\n|t:|1700375466\n|start\n|switch|p1a: Ribombee|Ribombee, F, shiny|100\/100\n|switch|p2a: Pelipper|Pelipper, M|100\/100\n|-weather|RainDance|[from] ability: Drizzle|[of] p2a: Pelipper\n|turn|1\n|\n|t:|1700375472\n|move|p1a: Ribombee|Shadow Ball|p2a: Pelipper\n|-damage|p2a: Pelipper|19\/100\n|move|p2a: Pelipper|Hurricane|p1a: Ribombee\n|-damage|p1a: Ribombee|28\/100\n|replace|p1a: Zoroark|Zoroark-Hisui, F, shiny\n|-end|p1a: Zoroark|Illusion\n|\n|-weather|RainDance|[upkeep]\n|upkeep\n|turn|2\n|\n|t:|1700375480\n|switch|p2a: Samurott|Samurott-Hisui, M|100\/100\n|move|p1a: Zoroark|Shadow Ball|p2a: Samurott\n|-resisted|p2a: Samurott\n|-damage|p2a: Samurott|55\/100\n|\n|-weather|RainDance|[upkeep]\n|upkeep\n|turn|3\n|\n|t:|1700375496\n|switch|p1a: Ribombee|Ribombee, F, shiny|100\/100\n|move|p2a: Samurott|Ceaseless Edge|p1a: Ribombee\n|-resisted|p1a: Ribombee\n|-damage|p1a: Ribombee|60\/100\n|-sidestart|p1: Zerwikaptur|Spikes\n|\n|-weather|RainDance|[upkeep]\n|upkeep\n|turn|4\n|\n|t:|1700375506\n|move|p1a: Ribombee|Sticky Web|p2a: Samurott\n|-sidestart|p2: Ruinous Tusk|move: Sticky Web\n|move|p2a: Samurott|Razor Shell|p1a: Ribombee\n|-damage|p1a: Ribombee|0 fnt\n|faint|p1a: Ribombee\n|\n|-weather|RainDance|[upkeep]\n|upkeep\n|\n|t:|1700375514\n|switch|p1a: Great Tusk|Great Tusk, shiny|100\/100\n|turn|5\n|\n|t:|1700375520\n|-terastallize|p1a: Great Tusk|Water\n|move|p2a: Samurott|Razor Shell|p1a: Great Tusk\n|-resisted|p1a: Great Tusk\n|-damage|p1a: Great Tusk|81\/100\n|move|p1a: Great Tusk|Stealth Rock|p2a: Samurott\n|-sidestart|p2: Ruinous Tusk|move: Stealth Rock\n|\n|-weather|RainDance|[upkeep]\n|upkeep\n|turn|6\n|\n|t:|1700375529\n|move|p2a: Samurott|Ceaseless Edge|p1a: Great Tusk\n|-damage|p1a: Great Tusk|59\/100\n|-sidestart|p1: Zerwikaptur|Spikes\n|move|p1a: Great Tusk|Rapid Spin|p2a: Samurott\n|-damage|p2a: Samurott|36\/100\n|-boost|p1a: Great Tusk|spe|1\n|-sideend|p1: Zerwikaptur|Spikes|[from] move: Rapid Spin|[of] p1a: Great Tusk\n|\n|-weather|RainDance|[upkeep]\n|upkeep\n|turn|7\n|\n|t:|1700375536\n|move|p1a: Great Tusk|Rapid Spin|p2a: Samurott\n|-damage|p2a: Samurott|17\/100\n|-boost|p1a: Great Tusk|spe|1\n|move|p2a: Samurott|Ceaseless Edge|p1a: Great Tusk\n|-damage|p1a: Great Tusk|39\/100\n|-sidestart|p1: Zerwikaptur|Spikes\n|\n|-weather|RainDance|[upkeep]\n|upkeep\n|turn|8\n|\n|t:|1700375543\n|switch|p2a: Zapdos|Zapdos|100\/100\n|move|p1a: Great Tusk|Rapid Spin|p2a: Zapdos\n|-damage|p2a: Zapdos|83\/100\n|-boost|p1a: Great Tusk|spe|1\n|-sideend|p1: Zerwikaptur|Spikes|[from] move: Rapid Spin|[of] p1a: Great Tusk\n|\n|-weather|none\n|upkeep\n|turn|9\n|\n|t:|1700375565\n|-end|p1a: Great Tusk|Protosynthesis|[silent]\n|switch|p1a: Cresselia|Cresselia, F, shiny|100\/100\n|move|p2a: Zapdos|Roost|p2a: Zapdos\n|-heal|p2a: Zapdos|100\/100\n|-singleturn|p2a: Zapdos|move: Roost\n|\n|upkeep\n|turn|10\n|\n|t:|1700375572\n|switch|p2a: Samurott|Samurott-Hisui, M|17\/100\n|move|p1a: Cresselia|Calm Mind|p1a: Cresselia\n|-boost|p1a: Cresselia|spa|1\n|-boost|p1a: Cresselia|spd|1\n|\n|upkeep\n|turn|11\n|\n|t:|1700375584\n|move|p2a: Samurott|Ceaseless Edge|p1a: Cresselia\n|-supereffective|p1a: Cresselia\n|-damage|p1a: Cresselia|42\/100\n|-sidestart|p1: Zerwikaptur|Spikes\n|move|p1a: Cresselia|Moonblast|p2a: Samurott\n|-supereffective|p2a: Samurott\n|-damage|p2a: Samurott|0 fnt\n|faint|p2a: Samurott\n|\n|-heal|p1a: Cresselia|48\/100|[from] item: Leftovers\n|upkeep\n|\n|t:|1700375597\n|switch|p2a: Basculegion|Basculegion, M|100\/100\n|-activate|p2a: Basculegion|move: Sticky Web\n|-unboost|p2a: Basculegion|spe|1\n|-damage|p2a: Basculegion|88\/100|[from] Stealth Rock\n|turn|12\n|\n|t:|1700375601\n|move|p1a: Cresselia|Moonlight|p1a: Cresselia\n|-heal|p1a: Cresselia|98\/100\n|move|p2a: Basculegion|Wave Crash|p1a: Cresselia\n|-crit|p1a: Cresselia\n|-damage|p1a: Cresselia|8\/100\n|-damage|p2a: Basculegion|53\/100|[from] Recoil\n|\n|-heal|p1a: Cresselia|14\/100|[from] item: Leftovers\n|upkeep\n|turn|13\n|\n|t:|1700375609\n|move|p1a: Cresselia|Moonlight|p1a: Cresselia\n|-heal|p1a: Cresselia|64\/100\n|move|p2a: Basculegion|Wave Crash|p1a: Cresselia\n|-damage|p1a: Cresselia|12\/100\n|-damage|p2a: Basculegion|33\/100|[from] Recoil\n|\n|-heal|p1a: Cresselia|19\/100|[from] item: Leftovers\n|upkeep\n|turn|14\n|\n|t:|1700375617\n|move|p1a: Cresselia|Moonlight|p1a: Cresselia\n|-heal|p1a: Cresselia|69\/100\n|move|p2a: Basculegion|Wave Crash|p1a: Cresselia\n|-damage|p1a: Cresselia|16\/100\n|-damage|p2a: Basculegion|13\/100|[from] Recoil\n|\n|-heal|p1a: Cresselia|22\/100|[from] item: Leftovers\n|upkeep\n|turn|15\n|\n|t:|1700375625\n|move|p1a: Cresselia|Moonlight|p1a: Cresselia\n|-heal|p1a: Cresselia|72\/100\n|move|p2a: Basculegion|Wave Crash|p1a: Cresselia\n|-damage|p1a: Cresselia|17\/100\n|-damage|p2a: Basculegion|0 fnt|[from] Recoil\n|faint|p2a: Basculegion\n|\n|-heal|p1a: Cresselia|23\/100|[from] item: Leftovers\n|upkeep\n|\n|t:|1700375640\n|switch|p2a: Kingambit|Kingambit, M|100\/100\n|-activate|p2a: Kingambit|move: Sticky Web\n|-unboost|p2a: Kingambit|spe|1\n|-damage|p2a: Kingambit|94\/100|[from] Stealth Rock\n|-activate|p2a: Kingambit|ability: Supreme Overlord\n|-start|p2a: Kingambit|fallen2|[silent]\n|turn|16\n|\n|t:|1700375648\n|move|p1a: Cresselia|Moonblast|p2a: Kingambit\n|-damage|p2a: Kingambit|65\/100\n|-unboost|p2a: Kingambit|spa|1\n|move|p2a: Kingambit|Swords Dance|p2a: Kingambit\n|-boost|p2a: Kingambit|atk|2\n|\n|-heal|p1a: Cresselia|30\/100|[from] item: Leftovers\n|upkeep\n|turn|17\n|\n|t:|1700375656\n|move|p1a: Cresselia|Moonlight|p1a: Cresselia\n|-heal|p1a: Cresselia|80\/100\n|move|p2a: Kingambit|Iron Head|p1a: Cresselia\n|-damage|p1a: Cresselia|11\/100\n|\n|-heal|p1a: Cresselia|17\/100|[from] item: Leftovers\n|upkeep\n|turn|18\n|\n|t:|1700375663\n|move|p2a: Kingambit|Sucker Punch|p1a: Cresselia\n|-supereffective|p1a: Cresselia\n|-damage|p1a: Cresselia|0 fnt\n|faint|p1a: Cresselia\n|\n|upkeep\n|\n|t:|1700375670\n|switch|p1a: Great Tusk|Great Tusk, shiny, tera:Water|39\/100\n|turn|19\n|\n|t:|1700375679\n|move|p2a: Kingambit|Sucker Punch||[still]\n|-fail|p2a: Kingambit\n|move|p1a: Great Tusk|Stealth Rock||[still]\n|-fail|p1a: Great Tusk\n|\n|upkeep\n|turn|20\n|\n|t:|1700375684\n|move|p2a: Kingambit|Sucker Punch|p1a: Great Tusk\n|-damage|p1a: Great Tusk|0 fnt\n|faint|p1a: Great Tusk\n|-end|p1a: Great Tusk|Protosynthesis|[silent]\n|\n|upkeep\n|\n|t:|1700375688\n|switch|p1a: Kingambit|Kingambit, F, shiny|100\/100\n|-damage|p1a: Kingambit|88\/100|[from] Spikes\n|-activate|p1a: Kingambit|ability: Supreme Overlord\n|-start|p1a: Kingambit|fallen3|[silent]\n|turn|21\n|\n|t:|1700375694\n|-terastallize|p2a: Kingambit|Fighting\n|move|p1a: Kingambit|Kowtow Cleave|p2a: Kingambit\n|-resisted|p2a: Kingambit\n|-damage|p2a: Kingambit|37\/100\n|move|p2a: Kingambit|Low Kick|p1a: Kingambit\n|-supereffective|p1a: Kingambit\n|-damage|p1a: Kingambit|0 fnt\n|faint|p1a: Kingambit\n|-end|p1a: Kingambit|fallen3|[silent]\n|\n|upkeep\n|\n|t:|1700375712\n|switch|p1a: Typhlosion|Typhlosion-Hisui, M, shiny|28\/100\n|-damage|p1a: Typhlosion|16\/100|[from] Spikes\n|turn|22\n|\n|t:|1700375717\n|switch|p1a: Typhlosion|Typhlosion-Hisui, M, shiny|100\/100\n|-damage|p1a: Typhlosion|88\/100|[from] Spikes\n|-end|p2a: Kingambit|fallen2|[silent]\n|switch|p2a: Pelipper|Pelipper, M|19\/100\n|-damage|p2a: Pelipper|0 fnt|[from] Stealth Rock\n|faint|p2a: Pelipper\n|\n|upkeep\n|\n|t:|1700375727\n|switch|p2a: Landorus|Landorus-Therian, M|100\/100\n|-damage|p2a: Landorus|88\/100|[from] Stealth Rock\n|-ability|p2a: Landorus|Intimidate|boost\n|-unboost|p1a: Typhlosion|atk|1\n|turn|23\n|\n|t:|1700375736\n|move|p1a: Typhlosion|Eruption|p2a: Landorus\n|-damage|p2a: Landorus|8\/100\n|move|p2a: Landorus|Sandsear Storm|p1a: Typhlosion\n|-supereffective|p1a: Typhlosion\n|-damage|p1a: Typhlosion|0 fnt\n|faint|p1a: Typhlosion\n|\n|upkeep\n|\n|t:|1700375743\n|switch|p1a: Zoroark|Zoroark-Hisui, F, shiny|16\/100\n|-damage|p1a: Zoroark|4\/100|[from] Spikes\n|turn|24\n|\n|t:|1700375748\n|move|p1a: Zoroark|Hyper Voice|p2a: Landorus\n|-damage|p2a: Landorus|0 fnt\n|faint|p2a: Landorus\n|\n|upkeep\n|\n|t:|1700375751\n|switch|p2a: Kingambit|Kingambit, M, tera:Fighting|37\/100\n|-activate|p2a: Kingambit|move: Sticky Web\n|-unboost|p2a: Kingambit|spe|1\n|-damage|p2a: Kingambit|31\/100|[from] Stealth Rock\n|-activate|p2a: Kingambit|ability: Supreme Overlord\n|-start|p2a: Kingambit|fallen4|[silent]\n|turn|25\n|\n|t:|1700375757\n|move|p2a: Kingambit|Sucker Punch|p1a: Zoroark\n|-supereffective|p1a: Zoroark\n|-damage|p1a: Zoroark|0 fnt\n|faint|p1a: Zoroark\n|\n|win|Ruinous Tusk\n|raw|Zerwikaptur's rating: 1460 &rarr; <strong>1436<\/strong><br \/>(-24 for losing)\n|raw|Ruinous Tusk's rating: 1387 &rarr; <strong>1411<\/strong><br \/>(+24 for winning)\n|l|\u2606Zerwikaptur\n","uploadtime":1700375761,"views":14,"p1id":"zerwikaptur","p2id":"ruinoustusk","formatid":"gen9ou","rating":1411,"private":0,"password":""}