{"id":"gen9ou-1990259712","p1":"bettergreen","p2":"TooNYTooNY","format":"[Gen 9] OU","log":"|j|\u2606bettergreen\n|j|\u2606TooNYTooNY\n|t:|1699946324\n|gametype|singles\n|player|p1|bettergreen|acetrainer|1260\n|player|p2|TooNYTooNY|swimmer|1311\n|teamsize|p1|6\n|teamsize|p2|6\n|gen|9\n|tier|[Gen 9] OU\n|rated|\n|rule|Sleep Clause Mod: Limit one foe put to sleep\n|rule|Species Clause: Limit one of each Pok\u00e9mon\n|rule|OHKO Clause: OHKO moves are banned\n|rule|Evasion Items Clause: Evasion items are banned\n|rule|Evasion Moves Clause: Evasion moves are banned\n|rule|Endless Battle Clause: Forcing endless battles is banned\n|rule|HP Percentage Mod: HP is shown in percentages\n|clearpoke\n|poke|p1|Amoonguss, M|\n|poke|p1|Gholdengo|\n|poke|p1|Zamazenta-*|\n|poke|p1|Ting-Lu|\n|poke|p1|Zapdos|\n|poke|p1|Slowking, F|\n|poke|p2|Kingambit, F|\n|poke|p2|Zamazenta-*|\n|poke|p2|Garganacl, M|\n|poke|p2|Clefable, F|\n|poke|p2|Walking Wake|\n|poke|p2|Decidueye, M|\n|teampreview\n|inactive|Battle timer is ON: inactive players will automatically lose when time's up. (requested by TooNYTooNY)\n|inactive|bettergreen has 120 seconds left.\n|inactive|TooNYTooNY has 120 seconds left.\n|\n|t:|1699946387\n|start\n|switch|p1a: Ting-Lu|Ting-Lu|100\/100\n|switch|p2a: Kingambit|Kingambit, F|100\/100\n|-ability|p1a: Ting-Lu|Vessel of Ruin\n|turn|1\n|\n|t:|1699946406\n|-end|p2a: Kingambit|fallenundefined|[silent]\n|switch|p2a: Walking Wake|Walking Wake|100\/100\n|move|p1a: Ting-Lu|Stealth Rock|p2a: Walking Wake\n|-sidestart|p2: TooNYTooNY|move: Stealth Rock\n|\n|upkeep\n|turn|2\n|\n|t:|1699946415\n|switch|p1a: Slowking|Slowking, F|100\/100\n|move|p2a: Walking Wake|Flip Turn|p1a: Slowking\n|-resisted|p1a: Slowking\n|-damage|p1a: Slowking|92\/100\n|\n|t:|1699946421\n|-end|p2a: Walking Wake|Protosynthesis|[silent]\n|switch|p2a: Decidueye|Decidueye, M|100\/100|[from] Flip Turn\n|\n|upkeep\n|turn|3\n|\n|t:|1699946438\n|switch|p1a: Amoonguss|Amoonguss, M|100\/100\n|move|p2a: Decidueye|Defog|p1a: Amoonguss\n|-unboost|p1a: Amoonguss|evasion|1\n|-sideend|p2: TooNYTooNY|Stealth Rock|[from] move: Defog|[of] p2a: Decidueye\n|\n|upkeep\n|turn|4\n|\n|t:|1699946457\n|move|p2a: Decidueye|U-turn|p1a: Amoonguss\n|-crit|p1a: Amoonguss\n|-damage|p1a: Amoonguss|84\/100\n|\n|t:|1699946460\n|switch|p2a: Garganacl|Garganacl, M|100\/100|[from] U-turn\n|move|p1a: Amoonguss|Sludge Bomb|p2a: Garganacl\n|-resisted|p2a: Garganacl\n|-damage|p2a: Garganacl|90\/100\n|\n|-heal|p2a: Garganacl|96\/100|[from] item: Leftovers\n|upkeep\n|turn|5\n|\n|t:|1699946469\n|move|p2a: Garganacl|Protect|p2a: Garganacl\n|-singleturn|p2a: Garganacl|Protect\n|move|p1a: Amoonguss|Worry Seed|p2a: Garganacl\n|-activate|p2a: Garganacl|move: Protect\n|\n|-heal|p2a: Garganacl|100\/100|[from] item: Leftovers\n|upkeep\n|turn|6\n|\n|t:|1699946488\n|switch|p2a: Decidueye|Decidueye, M|100\/100\n|move|p1a: Amoonguss|Worry Seed|p2a: Decidueye\n|-endability|p2a: Decidueye|Overgrow|[from] move: Worry Seed\n|-ability|p2a: Decidueye|Insomnia|[from] move: Worry Seed\n|\n|upkeep\n|turn|7\n|\n|t:|1699946500\n|move|p2a: Decidueye|U-turn|p1a: Amoonguss\n|-damage|p1a: Amoonguss|73\/100\n|\n|t:|1699946503\n|switch|p2a: Garganacl|Garganacl, M|100\/100|[from] U-turn\n|move|p1a: Amoonguss|Sludge Bomb|p2a: Garganacl\n|-resisted|p2a: Garganacl\n|-damage|p2a: Garganacl|89\/100\n|\n|-heal|p2a: Garganacl|95\/100|[from] item: Leftovers\n|upkeep\n|turn|8\n|\n|t:|1699946514\n|move|p2a: Garganacl|Protect|p2a: Garganacl\n|-singleturn|p2a: Garganacl|Protect\n|move|p1a: Amoonguss|Giga Drain|p2a: Garganacl\n|-activate|p2a: Garganacl|move: Protect\n|\n|-heal|p2a: Garganacl|100\/100|[from] item: Leftovers\n|upkeep\n|turn|9\n|\n|t:|1699946523\n|move|p2a: Garganacl|Salt Cure|p1a: Amoonguss\n|-damage|p1a: Amoonguss|62\/100\n|-start|p1a: Amoonguss|Salt Cure\n|move|p1a: Amoonguss|Giga Drain|p2a: Garganacl\n|-supereffective|p2a: Garganacl\n|-damage|p2a: Garganacl|67\/100\n|-heal|p1a: Amoonguss|77\/100|[from] drain|[of] p2a: Garganacl\n|\n|-heal|p2a: Garganacl|74\/100|[from] item: Leftovers\n|-damage|p1a: Amoonguss|65\/100|[from] Salt Cure\n|upkeep\n|turn|10\n|\n|t:|1699946535\n|switch|p2a: Decidueye|Decidueye, M|100\/100\n|move|p1a: Amoonguss|Worry Seed|p2a: Decidueye\n|-endability|p2a: Decidueye|Overgrow|[from] move: Worry Seed\n|-ability|p2a: Decidueye|Insomnia|[from] move: Worry Seed\n|\n|-damage|p1a: Amoonguss|52\/100|[from] Salt Cure\n|upkeep\n|turn|11\n|\n|t:|1699946548\n|switch|p1a: Zapdos|Zapdos|100\/100\n|move|p2a: Decidueye|Leaf Storm|p1a: Zapdos\n|-resisted|p1a: Zapdos\n|-damage|p1a: Zapdos|73\/100\n|-unboost|p2a: Decidueye|spa|2\n|\n|upkeep\n|turn|12\n|\n|t:|1699946559\n|switch|p2a: Clefable|Clefable, F|100\/100\n|move|p1a: Zapdos|Volt Switch|p2a: Clefable\n|-damage|p2a: Clefable|66\/100\n|-enditem|p2a: Clefable|Eject Button\n|\n|t:|1699946570\n|switch|p2a: Garganacl|Garganacl, M|74\/100\n|\n|-heal|p2a: Garganacl|80\/100|[from] item: Leftovers\n|upkeep\n|turn|13\n|\n|t:|1699946578\n|move|p1a: Zapdos|Volt Switch|p2a: Garganacl\n|-damage|p2a: Garganacl|49\/100\n|\n|t:|1699946584\n|switch|p1a: Zamazenta|Zamazenta|100\/100|[from] Volt Switch\n|-ability|p1a: Zamazenta|Dauntless Shield|boost\n|-boost|p1a: Zamazenta|def|1\n|move|p2a: Garganacl|Stealth Rock|p1a: Zamazenta\n|-sidestart|p1: bettergreen|move: Stealth Rock\n|\n|-heal|p2a: Garganacl|55\/100|[from] item: Leftovers\n|upkeep\n|turn|14\n|\n|t:|1699946601\n|switch|p2a: Clefable|Clefable, F|66\/100\n|move|p1a: Zamazenta|Close Combat|p2a: Clefable\n|-resisted|p2a: Clefable\n|-damage|p2a: Clefable|45\/100\n|-unboost|p1a: Zamazenta|def|1\n|-unboost|p1a: Zamazenta|spd|1\n|\n|upkeep\n|turn|15\n|\n|t:|1699946612\n|move|p2a: Clefable|Protect|p2a: Clefable\n|-singleturn|p2a: Clefable|Protect\n|move|p1a: Zamazenta|Heavy Slam|p2a: Clefable\n|-activate|p2a: Clefable|move: Protect\n|\n|upkeep\n|turn|16\n|\n|t:|1699946630\n|switch|p1a: Amoonguss|Amoonguss, M|85\/100\n|switch|p2a: Zamazenta|Zamazenta|100\/100\n|-ability|p2a: Zamazenta|Dauntless Shield|boost\n|-boost|p2a: Zamazenta|def|1\n|\n|upkeep\n|turn|17\n|\n|t:|1699946642\n|switch|p2a: Decidueye|Decidueye, M|100\/100\n|move|p1a: Amoonguss|Spore|p2a: Decidueye\n|-immune|p2a: Decidueye\n|\n|upkeep\n|turn|18\n|\n|t:|1699946654\n|move|p2a: Decidueye|U-turn|p1a: Amoonguss\n|-damage|p1a: Amoonguss|73\/100\n|\n|t:|1699946659\n|switch|p2a: Kingambit|Kingambit, F|100\/100|[from] U-turn\n|move|p1a: Amoonguss|Sludge Bomb|p2a: Kingambit\n|-immune|p2a: Kingambit\n|\n|upkeep\n|turn|19\n|\n|t:|1699946679\n|-terastallize|p2a: Kingambit|Dark\n|move|p2a: Kingambit|Kowtow Cleave|p1a: Amoonguss\n|-damage|p1a: Amoonguss|8\/100\n|move|p1a: Amoonguss|Spore|p2a: Kingambit\n|-status|p2a: Kingambit|slp|[from] move: Spore\n|\n|upkeep\n|turn|20\n|\n|t:|1699946688\n|switch|p1a: Zamazenta|Zamazenta|100\/100\n|cant|p2a: Kingambit|slp\n|\n|upkeep\n|turn|21\n|\n|t:|1699946702\n|-end|p2a: Kingambit|fallenundefined|[silent]\n|switch|p2a: Clefable|Clefable, F|45\/100\n|move|p1a: Zamazenta|Close Combat|p2a: Clefable\n|-resisted|p2a: Clefable\n|-damage|p2a: Clefable|24\/100\n|-unboost|p1a: Zamazenta|def|1\n|-unboost|p1a: Zamazenta|spd|1\n|\n|upkeep\n|turn|22\n|\n|t:|1699946716\n|switch|p2a: Zamazenta|Zamazenta|100\/100\n|move|p1a: Zamazenta|Heavy Slam|p2a: Zamazenta\n|-damage|p2a: Zamazenta|91\/100\n|\n|upkeep\n|turn|23\n|\n|t:|1699946733\n|switch|p1a: Slowking|Slowking, F|100\/100\n|move|p2a: Zamazenta|Iron Defense|p2a: Zamazenta\n|-boost|p2a: Zamazenta|def|2\n|\n|upkeep\n|turn|24\n|\n|t:|1699946740\n|move|p2a: Zamazenta|Crunch|p1a: Slowking\n|-supereffective|p1a: Slowking\n|-damage|p1a: Slowking|57\/100\n|move|p1a: Slowking|Scald|p2a: Zamazenta\n|-damage|p2a: Zamazenta|70\/100\n|\n|upkeep\n|turn|25\n|\n|t:|1699946752\n|switch|p2a: Decidueye|Decidueye, M|100\/100\n|-terastallize|p1a: Slowking|Fairy\n|move|p1a: Slowking|Scald|p2a: Decidueye\n|-resisted|p2a: Decidueye\n|-damage|p2a: Decidueye|91\/100\n|\n|upkeep\n|turn|26\n|\n|t:|1699946761\n|switch|p1a: Amoonguss|Amoonguss, M|41\/100\n|move|p2a: Decidueye|U-turn|p1a: Amoonguss\n|-damage|p1a: Amoonguss|29\/100\n|\n|t:|1699946768\n|switch|p2a: Walking Wake|Walking Wake|100\/100|[from] U-turn\n|\n|upkeep\n|turn|27\n|\n|t:|1699946777\n|switch|p1a: Slowking|Slowking, F, tera:Fairy|91\/100\n|move|p2a: Walking Wake|Draco Meteor|p1a: Slowking\n|-immune|p1a: Slowking\n|\n|upkeep\n|turn|28\n|\n|t:|1699946787\n|-end|p2a: Walking Wake|Protosynthesis|[silent]\n|switch|p2a: Kingambit|Kingambit, F, tera:Dark|100\/100 slp\n|move|p1a: Slowking|Future Sight|p2a: Kingambit\n|-start|p1a: Slowking|move: Future Sight\n|\n|upkeep\n|turn|29\n|\n|t:|1699946794\n|cant|p2a: Kingambit|slp\n|move|p1a: Slowking|Scald|p2a: Kingambit\n|-damage|p2a: Kingambit|69\/100 slp\n|\n|upkeep\n|turn|30\n|\n|t:|1699946801\n|switch|p1a: Ting-Lu|Ting-Lu|100\/100\n|-ability|p1a: Ting-Lu|Vessel of Ruin\n|cant|p2a: Kingambit|slp\n|\n|-end|p2a: Kingambit|move: Future Sight\n|-immune|p2a: Kingambit\n|upkeep\n|turn|31\n|\n|t:|1699946814\n|-end|p2a: Kingambit|fallenundefined|[silent]\n|switch|p2a: Walking Wake|Walking Wake|100\/100\n|move|p1a: Ting-Lu|Whirlwind|p2a: Walking Wake\n|-end|p2a: Walking Wake|Protosynthesis|[silent]\n|drag|p2a: Decidueye|Decidueye, M|91\/100\n|\n|upkeep\n|turn|32\n|\n|t:|1699946835\n|switch|p1a: Amoonguss|Amoonguss, M|63\/100\n|move|p2a: Decidueye|U-turn|p1a: Amoonguss\n|-damage|p1a: Amoonguss|50\/100\n|\n|t:|1699946850\n|switch|p2a: Kingambit|Kingambit, F, tera:Dark|69\/100 slp|[from] U-turn\n|\n|upkeep\n|turn|33\n|\n|t:|1699946872\n|switch|p1a: Ting-Lu|Ting-Lu|100\/100\n|-ability|p1a: Ting-Lu|Vessel of Ruin\n|-curestatus|p2a: Kingambit|slp|[msg]\n|move|p2a: Kingambit|Kowtow Cleave|p1a: Ting-Lu\n|-resisted|p1a: Ting-Lu\n|-damage|p1a: Ting-Lu|78\/100\n|\n|upkeep\n|turn|34\n|\n|t:|1699946881\n|move|p2a: Kingambit|Iron Head|p1a: Ting-Lu\n|-damage|p1a: Ting-Lu|53\/100\n|move|p1a: Ting-Lu|Stealth Rock|p2a: Kingambit\n|-sidestart|p2: TooNYTooNY|move: Stealth Rock\n|\n|upkeep\n|turn|35\n|\n|t:|1699946891\n|switch|p1a: Zamazenta|Zamazenta|100\/100\n|move|p2a: Kingambit|Iron Head|p1a: Zamazenta\n|-damage|p1a: Zamazenta|62\/100\n|\n|upkeep\n|turn|36\n|\n|t:|1699946904\n|-end|p2a: Kingambit|fallenundefined|[silent]\n|switch|p2a: Decidueye|Decidueye, M|91\/100\n|move|p1a: Zamazenta|Close Combat|p2a: Decidueye\n|-immune|p2a: Decidueye\n|\n|upkeep\n|turn|37\n|\n|t:|1699946920\n|switch|p2a: Zamazenta|Zamazenta|70\/100\n|-damage|p2a: Zamazenta|63\/100|[from] Stealth Rock\n|move|p1a: Zamazenta|Crunch|p2a: Zamazenta\n|-resisted|p2a: Zamazenta\n|-crit|p2a: Zamazenta\n|-damage|p2a: Zamazenta|50\/100\n|\n|upkeep\n|turn|38\n|\n|t:|1699946943\n|switch|p1a: Zapdos|Zapdos|73\/100\n|move|p2a: Zamazenta|Iron Defense|p2a: Zamazenta\n|-boost|p2a: Zamazenta|def|2\n|\n|upkeep\n|turn|39\n|\n|t:|1699946960\n|switch|p2a: Garganacl|Garganacl, M|55\/100\n|-damage|p2a: Garganacl|43\/100|[from] Stealth Rock\n|move|p1a: Zapdos|Hurricane|p2a: Garganacl|[miss]\n|-miss|p1a: Zapdos|p2a: Garganacl\n|\n|-heal|p2a: Garganacl|49\/100|[from] item: Leftovers\n|upkeep\n|turn|40\n|\n|t:|1699946968\n|move|p1a: Zapdos|Volt Switch|p2a: Garganacl\n|-damage|p2a: Garganacl|22\/100\n|\n|t:|1699946973\n|switch|p1a: Slowking|Slowking, F, tera:Fairy|100\/100|[from] Volt Switch\n|move|p2a: Garganacl|Recover|p2a: Garganacl\n|-heal|p2a: Garganacl|72\/100\n|\n|-heal|p2a: Garganacl|78\/100|[from] item: Leftovers\n|upkeep\n|turn|41\n|\n|t:|1699946993\n|move|p2a: Garganacl|Salt Cure|p1a: Slowking\n|-damage|p1a: Slowking|87\/100\n|-start|p1a: Slowking|Salt Cure\n|move|p1a: Slowking|Future Sight|p2a: Garganacl\n|-start|p1a: Slowking|move: Future Sight\n|\n|-heal|p2a: Garganacl|85\/100|[from] item: Leftovers\n|-damage|p1a: Slowking|74\/100|[from] Salt Cure\n|upkeep\n|turn|42\n|\n|t:|1699947001\n|switch|p2a: Kingambit|Kingambit, F, tera:Dark|69\/100\n|-damage|p2a: Kingambit|56\/100|[from] Stealth Rock\n|move|p1a: Slowking|Chilly Reception|p1a: Slowking\n|-weather|Snow\n|\n|t:|1699947007\n|switch|p1a: Zamazenta|Zamazenta|62\/100|[from] Chilly Reception\n|\n|-weather|Snow|[upkeep]\n|upkeep\n|turn|43\n|\n|t:|1699947020\n|-end|p2a: Kingambit|fallenundefined|[silent]\n|switch|p2a: Decidueye|Decidueye, M|91\/100\n|move|p1a: Zamazenta|Close Combat|p2a: Decidueye\n|-immune|p2a: Decidueye\n|\n|-weather|Snow|[upkeep]\n|-end|p2a: Decidueye|move: Future Sight\n|-damage|p2a: Decidueye|61\/100\n|upkeep\n|turn|44\n|\n|t:|1699947049\n|move|p1a: Zamazenta|Crunch|p2a: Decidueye\n|-supereffective|p2a: Decidueye\n|-damage|p2a: Decidueye|0 fnt\n|faint|p2a: Decidueye\n|\n|-weather|Snow|[upkeep]\n|upkeep\n|\n|t:|1699947059\n|switch|p2a: Walking Wake|Walking Wake|100\/100\n|-damage|p2a: Walking Wake|88\/100|[from] Stealth Rock\n|turn|45\n|\n|t:|1699947066\n|switch|p1a: Slowking|Slowking, F, tera:Fairy|100\/100\n|move|p2a: Walking Wake|Scald|p1a: Slowking\n|-damage|p1a: Slowking|64\/100\n|-status|p1a: Slowking|brn\n|\n|-weather|Snow|[upkeep]\n|-damage|p1a: Slowking|58\/100 brn|[from] brn\n|upkeep\n|turn|46\n|\n|t:|1699947076\n|move|p2a: Walking Wake|Scald|p1a: Slowking\n|-damage|p1a: Slowking|24\/100 brn\n|move|p1a: Slowking|Slack Off|p1a: Slowking\n|-heal|p1a: Slowking|75\/100 brn\n|\n|-weather|none\n|-damage|p1a: Slowking|68\/100 brn|[from] brn\n|upkeep\n|turn|47\n|\n|t:|1699947088\n|-end|p2a: Walking Wake|Protosynthesis|[silent]\n|switch|p2a: Garganacl|Garganacl, M|85\/100\n|-damage|p2a: Garganacl|72\/100|[from] Stealth Rock\n|move|p1a: Slowking|Chilly Reception|p1a: Slowking\n|-weather|Snow\n|\n|t:|1699947093\n|switch|p1a: Gholdengo|Gholdengo|100\/100|[from] Chilly Reception\n|-damage|p1a: Gholdengo|94\/100|[from] Stealth Rock\n|\n|-weather|Snow|[upkeep]\n|-heal|p2a: Garganacl|78\/100|[from] item: Leftovers\n|upkeep\n|turn|48\n|\n|t:|1699947103\n|switch|p2a: Kingambit|Kingambit, F, tera:Dark|56\/100\n|-damage|p2a: Kingambit|44\/100|[from] Stealth Rock\n|-activate|p2a: Kingambit|ability: Supreme Overlord\n|-start|p2a: Kingambit|fallen1|[silent]\n|move|p1a: Gholdengo|Make It Rain|p2a: Kingambit\n|-damage|p2a: Kingambit|0 fnt\n|-unboost|p1a: Gholdengo|spa|1\n|faint|p2a: Kingambit\n|-end|p2a: Kingambit|fallen1|[silent]\n|\n|-weather|Snow|[upkeep]\n|upkeep\n|\n|t:|1699947114\n|switch|p2a: Walking Wake|Walking Wake|88\/100\n|-damage|p2a: Walking Wake|76\/100|[from] Stealth Rock\n|turn|49\n|\n|t:|1699947131\n|switch|p1a: Amoonguss|Amoonguss, M|84\/100\n|move|p2a: Walking Wake|Flip Turn|p1a: Amoonguss\n|-resisted|p1a: Amoonguss\n|-damage|p1a: Amoonguss|78\/100\n|\n|t:|1699947140\n|-end|p2a: Walking Wake|Protosynthesis|[silent]\n|switch|p2a: Clefable|Clefable, F|24\/100|[from] Flip Turn\n|\n|-weather|Snow|[upkeep]\n|upkeep\n|turn|50\n|\n|t:|1699947155\n|move|p2a: Clefable|Wish|p2a: Clefable\n|move|p1a: Amoonguss|Sludge Bomb|p2a: Clefable\n|-supereffective|p2a: Clefable\n|-damage|p2a: Clefable|0 fnt\n|faint|p2a: Clefable\n|\n|-weather|Snow|[upkeep]\n|upkeep\n|\n|t:|1699947161\n|switch|p2a: Zamazenta|Zamazenta|50\/100\n|-damage|p2a: Zamazenta|44\/100|[from] Stealth Rock\n|turn|51\n|\n|t:|1699947165\n|move|p2a: Zamazenta|Iron Defense|p2a: Zamazenta\n|-boost|p2a: Zamazenta|def|2\n|move|p1a: Amoonguss|Spore|p2a: Zamazenta\n|-status|p2a: Zamazenta|slp|[from] move: Spore\n|-enditem|p2a: Zamazenta|Lum Berry|[eat]\n|-curestatus|p2a: Zamazenta|slp|[msg]\n|\n|-weather|none\n|-heal|p2a: Zamazenta|99\/100|[from] move: Wish|[wisher] Clefable\n|upkeep\n|turn|52\n|\n|t:|1699947178\n|move|p2a: Zamazenta|Body Press|p1a: Amoonguss\n|-resisted|p1a: Amoonguss\n|-damage|p1a: Amoonguss|49\/100\n|move|p1a: Amoonguss|Spore|p2a: Zamazenta\n|-status|p2a: Zamazenta|slp|[from] move: Spore\n|\n|upkeep\n|turn|53\n|\n|t:|1699947185\n|switch|p1a: Gholdengo|Gholdengo|94\/100\n|-damage|p1a: Gholdengo|88\/100|[from] Stealth Rock\n|cant|p2a: Zamazenta|slp\n|\n|upkeep\n|turn|54\n|\n|t:|1699947191\n|cant|p2a: Zamazenta|slp\n|move|p1a: Gholdengo|Make It Rain|p2a: Zamazenta\n|-damage|p2a: Zamazenta|25\/100 slp\n|-unboost|p1a: Gholdengo|spa|1\n|\n|upkeep\n|turn|55\n|\n|t:|1699947199\n|switch|p1a: Zamazenta|Zamazenta|62\/100\n|-curestatus|p2a: Zamazenta|slp|[msg]\n|move|p2a: Zamazenta|Crunch|p1a: Zamazenta\n|-resisted|p1a: Zamazenta\n|-damage|p1a: Zamazenta|53\/100\n|\n|upkeep\n|turn|56\n|\n|t:|1699947204\n|move|p1a: Zamazenta|Close Combat|p2a: Zamazenta\n|-damage|p2a: Zamazenta|6\/100\n|-unboost|p1a: Zamazenta|def|1\n|-unboost|p1a: Zamazenta|spd|1\n|move|p2a: Zamazenta|Body Press|p1a: Zamazenta\n|-damage|p1a: Zamazenta|0 fnt\n|faint|p1a: Zamazenta\n|\n|upkeep\n|\n|t:|1699947215\n|switch|p1a: Zapdos|Zapdos|73\/100\n|turn|57\n|\n|t:|1699947234\n|move|p2a: Zamazenta|Body Press|p1a: Zapdos\n|-resisted|p1a: Zapdos\n|-damage|p1a: Zapdos|25\/100\n|-status|p2a: Zamazenta|par|[from] ability: Static|[of] p1a: Zapdos\n|move|p1a: Zapdos|Volt Switch|p2a: Zamazenta\n|-damage|p2a: Zamazenta|0 fnt\n|faint|p2a: Zamazenta\n|\n|t:|1699947244\n|switch|p1a: Amoonguss|Amoonguss, M|82\/100|[from] Volt Switch\n|\n|upkeep\n|\n|t:|1699947247\n|switch|p2a: Walking Wake|Walking Wake|76\/100\n|-damage|p2a: Walking Wake|63\/100|[from] Stealth Rock\n|turn|58\n|\n|t:|1699947250\n|move|p2a: Walking Wake|Flamethrower|p1a: Amoonguss\n|-supereffective|p1a: Amoonguss\n|-damage|p1a: Amoonguss|3\/100\n|move|p1a: Amoonguss|Spore|p2a: Walking Wake\n|-status|p2a: Walking Wake|slp|[from] move: Spore\n|\n|upkeep\n|turn|59\n|\n|t:|1699947256\n|-end|p2a: Walking Wake|Protosynthesis|[silent]\n|switch|p2a: Garganacl|Garganacl, M|78\/100\n|-damage|p2a: Garganacl|66\/100|[from] Stealth Rock\n|move|p1a: Amoonguss|Giga Drain|p2a: Garganacl\n|-supereffective|p2a: Garganacl\n|-damage|p2a: Garganacl|27\/100\n|-heal|p1a: Amoonguss|21\/100|[from] drain|[of] p2a: Garganacl\n|\n|-heal|p2a: Garganacl|34\/100|[from] item: Leftovers\n|upkeep\n|turn|60\n|\n|t:|1699947265\n|move|p2a: Garganacl|Recover|p2a: Garganacl\n|-heal|p2a: Garganacl|84\/100\n|move|p1a: Amoonguss|Giga Drain|p2a: Garganacl\n|-supereffective|p2a: Garganacl\n|-damage|p2a: Garganacl|45\/100\n|-heal|p1a: Amoonguss|40\/100|[from] drain|[of] p2a: Garganacl\n|\n|-heal|p2a: Garganacl|51\/100|[from] item: Leftovers\n|upkeep\n|turn|61\n|\n|t:|1699947269\n|move|p2a: Garganacl|Salt Cure|p1a: Amoonguss\n|-damage|p1a: Amoonguss|30\/100\n|-start|p1a: Amoonguss|Salt Cure\n|move|p1a: Amoonguss|Giga Drain|p2a: Garganacl\n|-supereffective|p2a: Garganacl\n|-damage|p2a: Garganacl|15\/100\n|-heal|p1a: Amoonguss|46\/100|[from] drain|[of] p2a: Garganacl\n|\n|-heal|p2a: Garganacl|21\/100|[from] item: Leftovers\n|-damage|p1a: Amoonguss|34\/100|[from] Salt Cure\n|upkeep\n|turn|62\n|\n|t:|1699947274\n|switch|p1a: Gholdengo|Gholdengo|88\/100\n|-damage|p1a: Gholdengo|82\/100|[from] Stealth Rock\n|move|p2a: Garganacl|Recover|p2a: Garganacl\n|-heal|p2a: Garganacl|71\/100\n|\n|-heal|p2a: Garganacl|77\/100|[from] item: Leftovers\n|upkeep\n|turn|63\n|\n|t:|1699947277\n|switch|p2a: Walking Wake|Walking Wake|63\/100 slp\n|-damage|p2a: Walking Wake|51\/100 slp|[from] Stealth Rock\n|move|p1a: Gholdengo|Make It Rain|p2a: Walking Wake\n|-resisted|p2a: Walking Wake\n|-damage|p2a: Walking Wake|0 fnt\n|-unboost|p1a: Gholdengo|spa|1\n|faint|p2a: Walking Wake\n|-end|p2a: Walking Wake|Protosynthesis|[silent]\n|\n|upkeep\n|-message|TooNYTooNY forfeited.\n|\n|win|bettergreen\n|raw|bettergreen's rating: 1260 &rarr; <strong>1289<\/strong><br \/>(+29 for winning)\n|raw|TooNYTooNY's rating: 1311 &rarr; <strong>1288<\/strong><br \/>(-23 for losing)\n|l|\u2606TooNYTooNY\n","uploadtime":1699947294,"views":12,"p1id":"bettergreen","p2id":"toonytoony","formatid":"gen9ou","rating":1288,"private":0,"password":""}