{"id":"gen9ou-1993806489","p1":"BigSilverBilver","p2":"DiputadesIndecises","format":"[Gen 9] OU","log":"|j|\u2606BigSilverBilver\n|j|\u2606DiputadesIndecises\n|inactive|Battle timer is ON: inactive players will automatically lose when time's up.\n|t:|1700359584\n|gametype|singles\n|player|p1|BigSilverBilver|crasherwake|\n|player|p2|DiputadesIndecises|169|\n|teamsize|p1|3\n|teamsize|p2|3\n|gen|9\n|tier|[Gen 9] OU\n|rated|Tournament battle\n|rule|Sleep Clause Mod: Limit one foe put to sleep\n|rule|Species Clause: Limit one of each Pok\u00e9mon\n|rule|OHKO Clause: OHKO moves are banned\n|rule|Evasion Items Clause: Evasion items are banned\n|rule|Evasion Moves Clause: Evasion moves are banned\n|rule|Endless Battle Clause: Forcing endless battles is banned\n|rule|HP Percentage Mod: HP is shown in percentages\n|clearpoke\n|poke|p1|Toxapex, M|\n|poke|p1|Munchlax, F|\n|poke|p1|Polteageist|\n|poke|p2|Maushold-Four|\n|poke|p2|Zoroark-Hisui, F|\n|poke|p2|Amoonguss, F|\n|teampreview\n|j|*Lady Monita \u2746\n|inactive|BigSilverBilver has 120 seconds left.\n|\n|t:|1700359628\n|start\n|switch|p1a: Twiddle Diddle|Toxapex, M|100\/100\n|switch|p2a: Maushold|Maushold-Four|100\/100\n|turn|1\n|\n|t:|1700359632\n|move|p2a: Maushold|Tidy Up|p2a: Maushold\n|-boost|p2a: Maushold|atk|1\n|-boost|p2a: Maushold|spe|1\n|move|p1a: Twiddle Diddle|Toxic Spikes|p2a: Maushold\n|-sidestart|p2: DiputadesIndecises|move: Toxic Spikes\n|\n|upkeep\n|turn|2\n|\n|t:|1700359635\n|move|p2a: Maushold|Encore|p1a: Twiddle Diddle\n|-start|p1a: Twiddle Diddle|Encore\n|move|p1a: Twiddle Diddle|Toxic Spikes|p2a: Maushold\n|-sidestart|p2: DiputadesIndecises|move: Toxic Spikes\n|\n|upkeep\n|turn|3\n|j| DabBuster184\n|\n|t:|1700359641\n|switch|p1a: Munchlax|Munchlax, F|100\/100\n|move|p2a: Maushold|Population Bomb|p1a: Munchlax\n|-damage|p1a: Munchlax|84\/100\n|-damage|p1a: Munchlax|65\/100\n|-damage|p1a: Munchlax|47\/100\n|-damage|p1a: Munchlax|30\/100\n|-damage|p1a: Munchlax|11\/100\n|-damage|p1a: Munchlax|0 fnt\n|faint|p1a: Munchlax\n|-hitcount|p1: Munchlax|6\n|\n|upkeep\n|\n|t:|1700359642\n|switch|p1a: Twiddle Diddle|Toxapex, M|100\/100\n|turn|4\n|\n|t:|1700359648\n|move|p2a: Maushold|Population Bomb|p1a: Twiddle Diddle\n|-damage|p1a: Twiddle Diddle|90\/100\n|-damage|p1a: Twiddle Diddle|79\/100\n|-crit|p1a: Twiddle Diddle\n|-damage|p1a: Twiddle Diddle|62\/100\n|-damage|p1a: Twiddle Diddle|51\/100\n|-damage|p1a: Twiddle Diddle|40\/100\n|-damage|p1a: Twiddle Diddle|27\/100\n|-hitcount|p1a: Twiddle Diddle|6\n|move|p1a: Twiddle Diddle|Poison Jab|p2a: Maushold\n|-damage|p2a: Maushold|69\/100\n|\n|-heal|p1a: Twiddle Diddle|34\/100|[from] item: Black Sludge\n|upkeep\n|turn|5\n|\n|t:|1700359661\n|move|p2a: Maushold|Tidy Up|p2a: Maushold\n|-sideend|p2: DiputadesIndecises|Toxic Spikes\n|-activate|p2a: Maushold|move: Tidy Up\n|-boost|p2a: Maushold|atk|1\n|-boost|p2a: Maushold|spe|1\n|move|p1a: Twiddle Diddle|Recover|p1a: Twiddle Diddle\n|-heal|p1a: Twiddle Diddle|84\/100\n|\n|-heal|p1a: Twiddle Diddle|90\/100|[from] item: Black Sludge\n|upkeep\n|turn|6\n|\n|t:|1700359665\n|move|p2a: Maushold|Population Bomb|p1a: Twiddle Diddle\n|-damage|p1a: Twiddle Diddle|76\/100\n|-damage|p1a: Twiddle Diddle|61\/100\n|-damage|p1a: Twiddle Diddle|48\/100\n|-damage|p1a: Twiddle Diddle|33\/100\n|-damage|p1a: Twiddle Diddle|17\/100\n|-damage|p1a: Twiddle Diddle|2\/100\n|-damage|p1a: Twiddle Diddle|0 fnt\n|faint|p1a: Twiddle Diddle\n|-hitcount|p1: Twiddle Diddle|7\n|\n|upkeep\n|\n|t:|1700359667\n|switch|p1a: Polteageist|Polteageist|100\/100\n|turn|7\n|\n|t:|1700359677\n|move|p2a: Maushold|Tidy Up|p2a: Maushold\n|-boost|p2a: Maushold|atk|1\n|-boost|p2a: Maushold|spe|1\n|move|p1a: Polteageist|Dark Pulse|p2a: Maushold\n|-damage|p2a: Maushold|6\/100\n|-damage|p1a: Polteageist|91\/100|[from] item: Life Orb\n|\n|upkeep\n|turn|8\n|\n|t:|1700359683\n|move|p2a: Maushold|Encore|p1a: Polteageist\n|-start|p1a: Polteageist|Encore\n|move|p1a: Polteageist|Dark Pulse|p2a: Maushold\n|-damage|p2a: Maushold|0 fnt\n|faint|p2a: Maushold\n|-damage|p1a: Polteageist|81\/100|[from] item: Life Orb\n|\n|upkeep\n|\n|t:|1700359689\n|switch|p2a: Amoonguss|Amoonguss, F|100\/100\n|turn|9\n|\n|t:|1700359694\n|-terastallize|p2a: Amoonguss|Fairy\n|move|p2a: Amoonguss|Bitter Malice|p1a: Polteageist\n|-supereffective|p1a: Polteageist\n|-damage|p1a: Polteageist|0 fnt\n|faint|p1a: Polteageist\n|\n|win|DiputadesIndecises\n|n|\u2606BigSilverBilver|bigsilverbilver\n|n|\u2606DiputadesIndecises|diputadesindecises\n|n|*Lady Monita \u2746|ladymonita\n|n| DabBuster184|dabbuster184\n","uploadtime":1700359694,"views":8,"p1id":"bigsilverbilver","p2id":"diputadesindecises","formatid":"gen9ou","rating":0,"private":0,"password":""}