{"id":"gen9ou-1996372097","p1":"Idk224","p2":"Chaitanya15","format":"[Gen 9] OU","log":"|j|\u2606Idk224\n|j|\u2606Chaitanya15\n|t:|1700675731\n|gametype|singles\n|player|p1|Idk224|cynthia|1204\n|player|p2|Chaitanya15|101|1218\n|teamsize|p1|6\n|teamsize|p2|6\n|gen|9\n|tier|[Gen 9] OU\n|rated|\n|rule|Sleep Clause Mod: Limit one foe put to sleep\n|rule|Species Clause: Limit one of each Pok\u00e9mon\n|rule|OHKO Clause: OHKO moves are banned\n|rule|Evasion Items Clause: Evasion items are banned\n|rule|Evasion Moves Clause: Evasion moves are banned\n|rule|Endless Battle Clause: Forcing endless battles is banned\n|rule|HP Percentage Mod: HP is shown in percentages\n|clearpoke\n|poke|p1|Torkoal, M|\n|poke|p1|Great Tusk|\n|poke|p1|Walking Wake|\n|poke|p1|Garganacl, M|\n|poke|p1|Heatran, F|\n|poke|p1|Hatterene, F|\n|poke|p2|Dragonite, F|\n|poke|p2|Hatterene, F|\n|poke|p2|Greninja-*, M|\n|poke|p2|Rillaboom, F|\n|poke|p2|Iron Moth|\n|poke|p2|Iron Valiant|\n|teampreview\n|inactive|Battle timer is ON: inactive players will automatically lose when time's up. (requested by Chaitanya15)\n|\n|t:|1700675751\n|start\n|switch|p1a: Torkoal|Torkoal, M|100\/100\n|switch|p2a: Rillaboom|Rillaboom, F|100\/100\n|-fieldstart|move: Grassy Terrain|[from] ability: Grassy Surge|[of] p2a: Rillaboom\n|-enditem|p2a: Rillaboom|Grassy Seed\n|-boost|p2a: Rillaboom|def|1|[from] item: Grassy Seed\n|-weather|SunnyDay|[from] ability: Drought|[of] p1a: Torkoal\n|turn|1\n|\n|t:|1700675760\n|move|p2a: Rillaboom|Fake Out|p1a: Torkoal\n|-damage|p1a: Torkoal|91\/100\n|cant|p1a: Torkoal|flinch\n|\n|-weather|SunnyDay|[upkeep]\n|-heal|p1a: Torkoal|97\/100|[from] Grassy Terrain\n|upkeep\n|turn|2\n|\n|t:|1700675766\n|switch|p2a: Hatterene|Hatterene, F|100\/100\n|move|p1a: Torkoal|Stealth Rock|p2a: Hatterene\n|move|p2a: Hatterene|Stealth Rock|p1a: Torkoal|[from]ability: Magic Bounce\n|-sidestart|p1: Idk224|move: Stealth Rock\n|\n|-weather|SunnyDay|[upkeep]\n|-heal|p1a: Torkoal|100\/100|[from] Grassy Terrain\n|upkeep\n|turn|3\n|\n|t:|1700675774\n|move|p2a: Hatterene|Calm Mind|p2a: Hatterene\n|-boost|p2a: Hatterene|spa|1\n|-boost|p2a: Hatterene|spd|1\n|move|p1a: Torkoal|Overheat|p2a: Hatterene\n|-damage|p2a: Hatterene|59\/100\n|-unboost|p1a: Torkoal|spa|2\n|\n|-weather|SunnyDay|[upkeep]\n|-heal|p2a: Hatterene|65\/100|[from] Grassy Terrain\n|-heal|p2a: Hatterene|71\/100|[from] item: Leftovers\n|upkeep\n|turn|4\n|\n|t:|1700675784\n|switch|p1a: Heatran|Heatran, F|100\/100\n|-damage|p1a: Heatran|88\/100|[from] Stealth Rock\n|-item|p1a: Heatran|Air Balloon\n|move|p2a: Hatterene|Calm Mind|p2a: Hatterene\n|-boost|p2a: Hatterene|spa|1\n|-boost|p2a: Hatterene|spd|1\n|\n|-weather|SunnyDay|[upkeep]\n|-heal|p2a: Hatterene|77\/100|[from] Grassy Terrain\n|-heal|p2a: Hatterene|83\/100|[from] item: Leftovers\n|upkeep\n|turn|5\n|\n|t:|1700675796\n|move|p1a: Heatran|Magma Storm|p2a: Hatterene\n|-damage|p2a: Hatterene|51\/100\n|-activate|p2a: Hatterene|move: Magma Storm|[of] p1a: Heatran\n|move|p2a: Hatterene|Psychic|p1a: Heatran\n|-resisted|p1a: Heatran\n|-damage|p1a: Heatran|53\/100\n|-enditem|p1a: Heatran|Air Balloon\n|\n|-weather|SunnyDay|[upkeep]\n|-heal|p1a: Heatran|59\/100|[from] Grassy Terrain\n|-heal|p2a: Hatterene|57\/100|[from] Grassy Terrain\n|-heal|p2a: Hatterene|63\/100|[from] item: Leftovers\n|-damage|p2a: Hatterene|51\/100|[from] move: Magma Storm|[partiallytrapped]\n|-fieldend|move: Grassy Terrain\n|upkeep\n|turn|6\n|\n|t:|1700675809\n|move|p1a: Heatran|Magma Storm|p2a: Hatterene\n|-damage|p2a: Hatterene|16\/100\n|move|p2a: Hatterene|Psychic|p1a: Heatran\n|-resisted|p1a: Heatran\n|-damage|p1a: Heatran|24\/100\n|\n|-weather|SunnyDay|[upkeep]\n|-heal|p2a: Hatterene|22\/100|[from] item: Leftovers\n|-damage|p2a: Hatterene|9\/100|[from] move: Magma Storm|[partiallytrapped]\n|upkeep\n|turn|7\n|\n|t:|1700675830\n|move|p1a: Heatran|Earth Power|p2a: Hatterene\n|-damage|p2a: Hatterene|0 fnt\n|faint|p2a: Hatterene\n|\n|-weather|SunnyDay|[upkeep]\n|upkeep\n|inactive|Chaitanya15 has 120 seconds left.\n|\n|t:|1700675854\n|switch|p2a: Rillaboom|Rillaboom, F|100\/100\n|-fieldstart|move: Grassy Terrain|[from] ability: Grassy Surge|[of] p2a: Rillaboom\n|turn|8\n|inactive|Chaitanya15 has 120 seconds left.\n|inactive|Idk224 has 120 seconds left.\n|\n|t:|1700675879\n|move|p2a: Rillaboom|Fake Out|p1a: Heatran\n|-resisted|p1a: Heatran\n|-damage|p1a: Heatran|18\/100\n|cant|p1a: Heatran|flinch\n|\n|-weather|none\n|-heal|p1a: Heatran|24\/100|[from] Grassy Terrain\n|upkeep\n|turn|9\n|\n|t:|1700675887\n|move|p2a: Rillaboom|Knock Off|p1a: Heatran\n|-damage|p1a: Heatran|6\/100\n|move|p1a: Heatran|Will-O-Wisp|p2a: Rillaboom\n|-status|p2a: Rillaboom|brn\n|\n|-heal|p1a: Heatran|12\/100|[from] Grassy Terrain\n|-damage|p2a: Rillaboom|94\/100 brn|[from] brn\n|upkeep\n|turn|10\n|\n|t:|1700675902\n|switch|p1a: Torkoal|Torkoal, M|100\/100\n|-damage|p1a: Torkoal|76\/100|[from] Stealth Rock\n|-weather|SunnyDay|[from] ability: Drought|[of] p1a: Torkoal\n|move|p2a: Rillaboom|Knock Off|p1a: Torkoal\n|-damage|p1a: Torkoal|63\/100\n|-enditem|p1a: Torkoal|Heat Rock|[from] move: Knock Off|[of] p2a: Rillaboom\n|\n|-weather|SunnyDay|[upkeep]\n|-heal|p2a: Rillaboom|100\/100 brn|[from] Grassy Terrain\n|-heal|p1a: Torkoal|69\/100|[from] Grassy Terrain\n|-damage|p2a: Rillaboom|94\/100 brn|[from] brn\n|upkeep\n|turn|11\n|\n|t:|1700675915\n|move|p2a: Rillaboom|Acrobatics|p1a: Torkoal\n|-damage|p1a: Torkoal|56\/100\n|move|p1a: Torkoal|Rapid Spin|p2a: Rillaboom\n|-damage|p2a: Rillaboom|85\/100 brn\n|-boost|p1a: Torkoal|spe|1\n|-sideend|p1: Idk224|Stealth Rock|[from] move: Rapid Spin|[of] p1a: Torkoal\n|\n|-weather|SunnyDay|[upkeep]\n|-heal|p2a: Rillaboom|91\/100 brn|[from] Grassy Terrain\n|-heal|p1a: Torkoal|62\/100|[from] Grassy Terrain\n|-damage|p2a: Rillaboom|85\/100 brn|[from] brn\n|upkeep\n|turn|12\n|\n|t:|1700675928\n|move|p2a: Rillaboom|Acrobatics|p1a: Torkoal\n|-damage|p1a: Torkoal|49\/100\n|move|p1a: Torkoal|Overheat|p2a: Rillaboom\n|-supereffective|p2a: Rillaboom\n|-damage|p2a: Rillaboom|0 fnt\n|-unboost|p1a: Torkoal|spa|2\n|faint|p2a: Rillaboom\n|\n|-weather|SunnyDay|[upkeep]\n|-heal|p1a: Torkoal|55\/100|[from] Grassy Terrain\n|-fieldend|move: Grassy Terrain\n|upkeep\n|inactive|Chaitanya15 has 120 seconds left.\n|\n|t:|1700675947\n|switch|p2a: Greninja|Greninja, M|100\/100\n|turn|13\n|inactive|Chaitanya15 has 120 seconds left.\n|\n|t:|1700675955\n|switch|p1a: Hatterene|Hatterene, F|100\/100\n|move|p2a: Greninja|Dark Pulse|p1a: Hatterene\n|-crit|p1a: Hatterene\n|-damage|p1a: Hatterene|15\/100\n|\n|-weather|SunnyDay|[upkeep]\n|-heal|p1a: Hatterene|21\/100|[from] item: Leftovers\n|upkeep\n|turn|14\n|\n|t:|1700675973\n|switch|p1a: Garganacl|Garganacl, M|100\/100\n|move|p2a: Greninja|Dark Pulse|p1a: Garganacl\n|-damage|p1a: Garganacl|56\/100\n|\n|-weather|SunnyDay|[upkeep]\n|-heal|p1a: Garganacl|62\/100|[from] item: Leftovers\n|upkeep\n|turn|15\n|\n|t:|1700675982\n|move|p2a: Greninja|Dark Pulse|p1a: Garganacl\n|-damage|p1a: Garganacl|14\/100\n|move|p1a: Garganacl|Salt Cure|p2a: Greninja\n|-damage|p2a: Greninja|77\/100\n|-start|p2a: Greninja|Salt Cure\n|\n|-weather|SunnyDay|[upkeep]\n|-heal|p1a: Garganacl|20\/100|[from] item: Leftovers\n|-damage|p2a: Greninja|52\/100|[from] Salt Cure\n|upkeep\n|turn|16\n|\n|t:|1700675999\n|switch|p2a: Iron Valiant|Iron Valiant|100\/100\n|move|p1a: Garganacl|Recover|p1a: Garganacl\n|-heal|p1a: Garganacl|70\/100\n|\n|-weather|SunnyDay|[upkeep]\n|-heal|p1a: Garganacl|76\/100|[from] item: Leftovers\n|upkeep\n|turn|17\n|\n|t:|1700676013\n|switch|p1a: Heatran|Heatran, F|12\/100\n|move|p2a: Iron Valiant|Swords Dance|p2a: Iron Valiant\n|-boost|p2a: Iron Valiant|atk|2\n|\n|-weather|none\n|upkeep\n|turn|18\n|\n|t:|1700676021\n|move|p2a: Iron Valiant|Psycho Cut|p1a: Heatran\n|-resisted|p1a: Heatran\n|-damage|p1a: Heatran|0 fnt\n|faint|p1a: Heatran\n|-damage|p2a: Iron Valiant|91\/100|[from] item: Life Orb\n|\n|upkeep\n|\n|t:|1700676030\n|switch|p1a: Garganacl|Garganacl, M|76\/100\n|turn|19\n|\n|t:|1700676040\n|-terastallize|p1a: Garganacl|Flying\n|move|p2a: Iron Valiant|Close Combat|p1a: Garganacl\n|-resisted|p1a: Garganacl\n|-damage|p1a: Garganacl|30\/100\n|-unboost|p2a: Iron Valiant|def|1\n|-unboost|p2a: Iron Valiant|spd|1\n|-damage|p2a: Iron Valiant|81\/100|[from] item: Life Orb\n|move|p1a: Garganacl|Curse|p1a: Garganacl\n|-unboost|p1a: Garganacl|spe|1\n|-boost|p1a: Garganacl|atk|1\n|-boost|p1a: Garganacl|def|1\n|\n|-heal|p1a: Garganacl|36\/100|[from] item: Leftovers\n|upkeep\n|turn|20\n|\n|t:|1700676053\n|move|p2a: Iron Valiant|Moonblast|p1a: Garganacl\n|-damage|p1a: Garganacl|0 fnt\n|faint|p1a: Garganacl\n|-damage|p2a: Iron Valiant|71\/100|[from] item: Life Orb\n|\n|upkeep\n|\n|t:|1700676060\n|switch|p1a: Torkoal|Torkoal, M|55\/100\n|-weather|SunnyDay|[from] ability: Drought|[of] p1a: Torkoal\n|turn|21\n|\n|t:|1700676065\n|move|p2a: Iron Valiant|Close Combat|p1a: Torkoal\n|-damage|p1a: Torkoal|0 fnt\n|-unboost|p2a: Iron Valiant|def|1\n|-unboost|p2a: Iron Valiant|spd|1\n|faint|p1a: Torkoal\n|-damage|p2a: Iron Valiant|62\/100|[from] item: Life Orb\n|\n|-weather|SunnyDay|[upkeep]\n|upkeep\n|\n|t:|1700676067\n|switch|p1a: Walking Wake|Walking Wake|100\/100\n|-activate|p1a: Walking Wake|ability: Protosynthesis\n|-start|p1a: Walking Wake|protosynthesisspe\n|turn|22\n|\n|t:|1700676081\n|move|p1a: Walking Wake|Hydro Steam|p2a: Iron Valiant\n|-damage|p2a: Iron Valiant|0 fnt\n|faint|p2a: Iron Valiant\n|-end|p2a: Iron Valiant|Quark Drive|[silent]\n|\n|-weather|SunnyDay|[upkeep]\n|upkeep\n|\n|t:|1700676087\n|switch|p2a: Dragonite|Dragonite, F|100\/100\n|turn|23\n|\n|t:|1700676090\n|-end|p1a: Walking Wake|Protosynthesis|[silent]\n|switch|p1a: Great Tusk|Great Tusk|100\/100\n|-activate|p1a: Great Tusk|ability: Protosynthesis\n|-start|p1a: Great Tusk|protosynthesisatk\n|move|p2a: Dragonite|Dragon Claw|p1a: Great Tusk\n|-damage|p1a: Great Tusk|72\/100\n|\n|-weather|SunnyDay|[upkeep]\n|upkeep\n|turn|24\n|\n|t:|1700676099\n|switch|p2a: Greninja|Greninja, M|52\/100\n|move|p1a: Great Tusk|Knock Off|p2a: Greninja\n|-resisted|p2a: Greninja\n|-damage|p2a: Greninja|12\/100\n|-enditem|p2a: Greninja|Choice Specs|[from] move: Knock Off|[of] p1a: Great Tusk\n|\n|-weather|SunnyDay|[upkeep]\n|upkeep\n|turn|25\n|\n|t:|1700676109\n|move|p2a: Greninja|Surf|p1a: Great Tusk\n|-supereffective|p1a: Great Tusk\n|-damage|p1a: Great Tusk|37\/100\n|move|p1a: Great Tusk|Earthquake|p2a: Greninja\n|-damage|p2a: Greninja|0 fnt\n|faint|p2a: Greninja\n|\n|-weather|none\n|-end|p1a: Great Tusk|Protosynthesis\n|upkeep\n|\n|t:|1700676119\n|switch|p2a: Iron Moth|Iron Moth|100\/100\n|-enditem|p2a: Iron Moth|Booster Energy\n|-activate|p2a: Iron Moth|ability: Quark Drive|[fromitem]\n|-start|p2a: Iron Moth|quarkdrivespa\n|turn|26\n|\n|t:|1700676125\n|move|p2a: Iron Moth|Energy Ball|p1a: Great Tusk\n|-supereffective|p1a: Great Tusk\n|-damage|p1a: Great Tusk|0 fnt\n|faint|p1a: Great Tusk\n|-end|p1a: Great Tusk|Protosynthesis|[silent]\n|\n|upkeep\n|\n|t:|1700676128\n|switch|p1a: Walking Wake|Walking Wake|100\/100\n|turn|27\n|\n|t:|1700676142\n|move|p2a: Iron Moth|Sludge Wave|p1a: Walking Wake\n|-damage|p1a: Walking Wake|21\/100\n|move|p1a: Walking Wake|Hydro Steam|p2a: Iron Moth\n|-supereffective|p2a: Iron Moth\n|-damage|p2a: Iron Moth|0 fnt\n|faint|p2a: Iron Moth\n|-end|p2a: Iron Moth|Quark Drive|[silent]\n|\n|upkeep\n|\n|t:|1700676149\n|switch|p2a: Dragonite|Dragonite, F|100\/100\n|turn|28\n|\n|t:|1700676152\n|-terastallize|p2a: Dragonite|Normal\n|move|p2a: Dragonite|Extreme Speed|p1a: Walking Wake\n|-damage|p1a: Walking Wake|0 fnt\n|faint|p1a: Walking Wake\n|-end|p1a: Walking Wake|Protosynthesis|[silent]\n|\n|upkeep\n|\n|t:|1700676155\n|switch|p1a: Hatterene|Hatterene, F|21\/100\n|turn|29\n|\n|t:|1700676161\n|move|p2a: Dragonite|Extreme Speed|p1a: Hatterene\n|-damage|p1a: Hatterene|0 fnt\n|faint|p1a: Hatterene\n|\n|win|Chaitanya15\n|raw|Idk224's rating: 1204 &rarr; <strong>1180<\/strong><br \/>(-24 for losing)\n|raw|Chaitanya15's rating: 1218 &rarr; <strong>1242<\/strong><br \/>(+24 for winning)\n|c|\u2606Chaitanya15|gg\n","uploadtime":1700676181,"views":1,"p1id":"idk224","p2id":"chaitanya15","formatid":"gen9ou","rating":1180,"private":0,"password":""}