{"id":"gen9ou-1996942440","p1":"Yurokun","p2":"Onte bad","format":"[Gen 9] OU","log":"|j|\u2606Yurokun\n|j|\u2606Onte bad\n|t:|1700747720\n|gametype|singles\n|player|p1|Yurokun|shadowtriad|1130\n|player|p2|Onte bad|101|1222\n|teamsize|p1|6\n|teamsize|p2|6\n|gen|9\n|tier|[Gen 9] OU\n|rated|\n|rule|Sleep Clause Mod: Limit one foe put to sleep\n|rule|Species Clause: Limit one of each Pok\u00e9mon\n|rule|OHKO Clause: OHKO moves are banned\n|rule|Evasion Items Clause: Evasion items are banned\n|rule|Evasion Moves Clause: Evasion moves are banned\n|rule|Endless Battle Clause: Forcing endless battles is banned\n|rule|HP Percentage Mod: HP is shown in percentages\n|clearpoke\n|poke|p1|Garganacl, M|\n|poke|p1|Ogerpon, F|\n|poke|p1|Ceruledge, M|\n|poke|p1|Masquerain, F|\n|poke|p1|Kingambit, M|\n|poke|p1|Regidrago|\n|poke|p2|Regidrago|\n|poke|p2|Ribombee, M|\n|poke|p2|Scizor, M|\n|poke|p2|Slowking-Galar, M|\n|poke|p2|Breloom, F|\n|poke|p2|Quaquaval, F|\n|teampreview\n|\n|t:|1700747724\n|start\n|switch|p1a: Passiva Agressiva|Masquerain, F|100\/100\n|switch|p2a: Scizor|Scizor, M|100\/100\n|-ability|p1a: Passiva Agressiva|Intimidate|boost\n|-unboost|p2a: Scizor|atk|1\n|turn|1\n|\n|t:|1700747729\n|move|p1a: Passiva Agressiva|Sticky Web|p2a: Scizor\n|-sidestart|p2: Onte bad|move: Sticky Web\n|move|p2a: Scizor|Dual Wingbeat|p1a: Passiva Agressiva|[miss]\n|-miss|p2a: Scizor|p1a: Passiva Agressiva\n|\n|upkeep\n|turn|2\n|\n|t:|1700747738\n|switch|p1a: Pedro|Garganacl, M|100\/100\n|switch|p2a: Ribombee|Ribombee, M|100\/100\n|-activate|p2a: Ribombee|move: Sticky Web\n|-unboost|p2a: Ribombee|spe|1\n|\n|upkeep\n|turn|3\n|\n|t:|1700747745\n|move|p2a: Ribombee|Energy Ball|p1a: Pedro\n|-supereffective|p1a: Pedro\n|-damage|p1a: Pedro|54\/100\n|move|p1a: Pedro|Curse|p1a: Pedro\n|-unboost|p1a: Pedro|spe|1\n|-boost|p1a: Pedro|atk|1\n|-boost|p1a: Pedro|def|1\n|\n|upkeep\n|turn|4\n|\n|t:|1700747749\n|move|p2a: Ribombee|Sticky Web|p1a: Pedro\n|-sidestart|p1: Yurokun|move: Sticky Web\n|move|p1a: Pedro|Salt Cure|p2a: Ribombee\n|-supereffective|p2a: Ribombee\n|-damage|p2a: Ribombee|19\/100\n|\n|upkeep\n|turn|5\n|\n|t:|1700747768\n|move|p2a: Ribombee|Energy Ball|p1a: Pedro\n|-supereffective|p1a: Pedro\n|-damage|p1a: Pedro|9\/100\n|move|p1a: Pedro|Recover|p1a: Pedro\n|-heal|p1a: Pedro|59\/100\n|\n|upkeep\n|turn|6\n|\n|t:|1700747784\n|switch|p2a: Regidrago|Regidrago|100\/100\n|-activate|p2a: Regidrago|move: Sticky Web\n|-unboost|p2a: Regidrago|spe|1\n|move|p1a: Pedro|Salt Cure|p2a: Regidrago\n|-damage|p2a: Regidrago|78\/100\n|-start|p2a: Regidrago|Salt Cure\n|\n|-damage|p2a: Regidrago|66\/100|[from] Salt Cure\n|upkeep\n|turn|7\n|\n|t:|1700747788\n|switch|p2a: Breloom|Breloom, F|100\/100\n|-activate|p2a: Breloom|move: Sticky Web\n|-unboost|p2a: Breloom|spe|1\n|move|p1a: Pedro|Curse|p1a: Pedro\n|-unboost|p1a: Pedro|spe|1\n|-boost|p1a: Pedro|atk|1\n|-boost|p1a: Pedro|def|1\n|\n|upkeep\n|turn|8\n|\n|t:|1700747793\n|move|p2a: Breloom|Swords Dance|p2a: Breloom\n|-boost|p2a: Breloom|atk|2\n|move|p1a: Pedro|Recover|p1a: Pedro\n|-heal|p1a: Pedro|100\/100\n|\n|upkeep\n|turn|9\n|\n|t:|1700747800\n|move|p2a: Breloom|Bullet Seed|p1a: Pedro\n|-supereffective|p1a: Pedro\n|-crit|p1a: Pedro\n|-damage|p1a: Pedro|44\/100\n|-supereffective|p1a: Pedro\n|-damage|p1a: Pedro|24\/100\n|-supereffective|p1a: Pedro\n|-damage|p1a: Pedro|4\/100\n|-supereffective|p1a: Pedro\n|-damage|p1a: Pedro|0 fnt\n|faint|p1a: Pedro\n|-hitcount|p1: Pedro|4\n|\n|upkeep\n|\n|t:|1700747805\n|switch|p1a: Lengo Tengo|Ceruledge, M, shiny|100\/100\n|-activate|p1a: Lengo Tengo|move: Sticky Web\n|-unboost|p1a: Lengo Tengo|spe|1\n|turn|10\n|\n|t:|1700747808\n|move|p1a: Lengo Tengo|Bitter Blade|p2a: Breloom\n|-supereffective|p2a: Breloom\n|-enditem|p2a: Breloom|Focus Sash\n|-damage|p2a: Breloom|1\/100\n|move|p2a: Breloom|Rock Tomb|p1a: Lengo Tengo\n|-supereffective|p1a: Lengo Tengo\n|-damage|p1a: Lengo Tengo|0 fnt\n|faint|p1a: Lengo Tengo\n|\n|upkeep\n|-message|Yurokun forfeited.\n|\n|win|Onte bad\n|raw|Yurokun's rating: 1130 &rarr; <strong>1111<\/strong><br \/>(-19 for losing)\n|raw|Onte bad's rating: 1222 &rarr; <strong>1241<\/strong><br \/>(+19 for winning)\n|l|\u2606Yurokun\n","uploadtime":1700747816,"views":0,"p1id":"yurokun","p2id":"ontebad","formatid":"gen9ou","rating":1111,"private":0,"password":""}