{"id":"gen9ou-1992855702","p1":"Apoteosis","p2":"LegacyShowden","format":"[Gen 9] OU","log":"|j|\u2606Apoteosis\n|j|\u2606LegacyShowden\n|t:|1700241324\n|gametype|singles\n|player|p1|Apoteosis|101|1622\n|player|p2|LegacyShowden|rosa|1595\n|teamsize|p1|6\n|teamsize|p2|6\n|gen|9\n|tier|[Gen 9] OU\n|rated|\n|rule|Sleep Clause Mod: Limit one foe put to sleep\n|rule|Species Clause: Limit one of each Pok\u00e9mon\n|rule|OHKO Clause: OHKO moves are banned\n|rule|Evasion Items Clause: Evasion items are banned\n|rule|Evasion Moves Clause: Evasion moves are banned\n|rule|Endless Battle Clause: Forcing endless battles is banned\n|rule|HP Percentage Mod: HP is shown in percentages\n|clearpoke\n|poke|p1|Ninetales-Alola, M|\n|poke|p1|Slowbro-Galar, M|\n|poke|p1|Iron Hands|\n|poke|p1|Manaphy|\n|poke|p1|Moltres-Galar|\n|poke|p1|Cresselia, F|\n|poke|p2|Great Tusk|\n|poke|p2|Samurott-Hisui, M|\n|poke|p2|Dragapult, M|\n|poke|p2|Gholdengo|\n|poke|p2|Heatran, M|\n|poke|p2|Ogerpon-Wellspring, F|\n|teampreview\n|inactive|Battle timer is ON: inactive players will automatically lose when time's up. (requested by LegacyShowden)\n|\n|t:|1700241337\n|start\n|switch|p1a: Ninetales|Ninetales-Alola, M|100\/100\n|switch|p2a: Heatran|Heatran, M, shiny|100\/100\n|-weather|Snow|[from] ability: Snow Warning|[of] p1a: Ninetales\n|turn|1\n|\n|t:|1700241342\n|move|p1a: Ninetales|Aurora Veil|p1a: Ninetales\n|-sidestart|p1: Apoteosis|move: Aurora Veil\n|move|p2a: Heatran|Magma Storm|p1a: Ninetales\n|-supereffective|p1a: Ninetales\n|-damage|p1a: Ninetales|51\/100\n|-activate|p1a: Ninetales|move: Magma Storm|[of] p2a: Heatran\n|\n|-weather|Snow|[upkeep]\n|-damage|p1a: Ninetales|39\/100|[from] move: Magma Storm|[partiallytrapped]\n|upkeep\n|turn|2\n|\n|t:|1700241346\n|move|p1a: Ninetales|Encore|p2a: Heatran\n|-start|p2a: Heatran|Encore\n|move|p2a: Heatran|Magma Storm|p1a: Ninetales\n|-supereffective|p1a: Ninetales\n|-damage|p1a: Ninetales|0 fnt\n|faint|p1a: Ninetales\n|\n|-weather|Snow|[upkeep]\n|upkeep\n|\n|t:|1700241349\n|switch|p1a: Manaphy|Manaphy|100\/100\n|turn|3\n|\n|t:|1700241354\n|switch|p2a: Ogerpon|Ogerpon-Wellspring, F|100\/100\n|move|p1a: Manaphy|Tail Glow|p1a: Manaphy\n|-boost|p1a: Manaphy|spa|3\n|\n|-weather|Snow|[upkeep]\n|upkeep\n|turn|4\n|\n|t:|1700241365\n|-terastallize|p2a: Ogerpon|Water\n|detailschange|p2a: Ogerpon|Ogerpon-Wellspring-Tera, F, tera:Water\n|-ability|p2a: Ogerpon|Embody Aspect (Wellspring)|boost\n|-boost|p2a: Ogerpon|spd|1\n|-terastallize|p1a: Manaphy|Dragon\n|move|p2a: Ogerpon|Swords Dance|p2a: Ogerpon\n|-boost|p2a: Ogerpon|atk|2\n|move|p1a: Manaphy|Energy Ball|p2a: Ogerpon\n|-supereffective|p2a: Ogerpon\n|-damage|p2a: Ogerpon|3\/100\n|\n|-weather|Snow|[upkeep]\n|upkeep\n|turn|5\n|\n|t:|1700241375\n|move|p2a: Ogerpon|Ivy Cudgel|p1a: Manaphy|[anim] Ivy Cudgel Water\n|-resisted|p1a: Manaphy\n|-damage|p1a: Manaphy|63\/100\n|move|p1a: Manaphy|Energy Ball|p2a: Ogerpon\n|-supereffective|p2a: Ogerpon\n|-damage|p2a: Ogerpon|0 fnt\n|faint|p2a: Ogerpon\n|\n|-weather|none\n|upkeep\n|\n|t:|1700241379\n|switch|p2a: Dragapult|Dragapult, M, shiny|100\/100\n|turn|6\n|\n|t:|1700241385\n|move|p2a: Dragapult|Draco Meteor|p1a: Manaphy\n|-supereffective|p1a: Manaphy\n|-damage|p1a: Manaphy|0 fnt\n|-unboost|p2a: Dragapult|spa|2\n|faint|p1a: Manaphy\n|\n|upkeep\n|\n|t:|1700241390\n|switch|p1a: Moltres|Moltres-Galar|100\/100\n|turn|7\n|\n|t:|1700241397\n|switch|p2a: Heatran|Heatran, M, shiny|100\/100\n|move|p1a: Moltres|Nasty Plot|p1a: Moltres\n|-boost|p1a: Moltres|spa|2\n|\n|upkeep\n|turn|8\n|\n|t:|1700241402\n|move|p1a: Moltres|Agility|p1a: Moltres\n|-boost|p1a: Moltres|spe|2\n|move|p2a: Heatran|Magma Storm|p1a: Moltres\n|-damage|p1a: Moltres|81\/100\n|-activate|p1a: Moltres|move: Magma Storm|[of] p2a: Heatran\n|\n|-damage|p1a: Moltres|69\/100|[from] move: Magma Storm|[partiallytrapped]\n|-sideend|p1: Apoteosis|move: Aurora Veil\n|upkeep\n|turn|9\n|\n|t:|1700241407\n|move|p1a: Moltres|Fiery Wrath|p2a: Heatran\n|-damage|p2a: Heatran|51\/100\n|move|p2a: Heatran|Will-O-Wisp|p1a: Moltres\n|-status|p1a: Moltres|brn\n|\n|-heal|p2a: Heatran|57\/100|[from] item: Leftovers\n|-damage|p1a: Moltres|63\/100 brn|[from] brn\n|-damage|p1a: Moltres|50\/100 brn|[from] move: Magma Storm|[partiallytrapped]\n|upkeep\n|turn|10\n|\n|t:|1700241415\n|move|p1a: Moltres|Nasty Plot|p1a: Moltres\n|-boost|p1a: Moltres|spa|2\n|move|p2a: Heatran|Magma Storm|p1a: Moltres\n|-damage|p1a: Moltres|11\/100 brn\n|\n|-heal|p2a: Heatran|63\/100|[from] item: Leftovers\n|-damage|p1a: Moltres|5\/100 brn|[from] brn\n|-damage|p1a: Moltres|0 fnt|[from] move: Magma Storm|[partiallytrapped]\n|faint|p1a: Moltres\n|upkeep\n|\n|t:|1700241421\n|switch|p1a: Iron Hands|Iron Hands|100\/100\n|turn|11\n|\n|t:|1700241427\n|switch|p2a: Great Tusk|Great Tusk|100\/100\n|move|p1a: Iron Hands|Close Combat|p2a: Great Tusk\n|-damage|p2a: Great Tusk|45\/100\n|-unboost|p1a: Iron Hands|def|1\n|-unboost|p1a: Iron Hands|spd|1\n|-enditem|p2a: Great Tusk|Sitrus Berry|[eat]\n|-heal|p2a: Great Tusk|70\/100|[from] item: Sitrus Berry\n|\n|upkeep\n|turn|12\n|\n|t:|1700241432\n|-end|p1a: Iron Hands|Quark Drive|[silent]\n|switch|p1a: Cresselia|Cresselia, F|100\/100\n|move|p2a: Great Tusk|Ice Spinner|p1a: Cresselia\n|-damage|p1a: Cresselia|86\/100\n|\n|-heal|p1a: Cresselia|92\/100|[from] item: Leftovers\n|upkeep\n|turn|13\n|\n|t:|1700241441\n|-end|p2a: Great Tusk|Protosynthesis|[silent]\n|switch|p2a: Gholdengo|Gholdengo|100\/100\n|-item|p2a: Gholdengo|Air Balloon\n|move|p1a: Cresselia|Calm Mind|p1a: Cresselia\n|-boost|p1a: Cresselia|spa|1\n|-boost|p1a: Cresselia|spd|1\n|\n|-heal|p1a: Cresselia|98\/100|[from] item: Leftovers\n|upkeep\n|turn|14\n|\n|t:|1700241447\n|move|p1a: Cresselia|Calm Mind|p1a: Cresselia\n|-boost|p1a: Cresselia|spa|1\n|-boost|p1a: Cresselia|spd|1\n|move|p2a: Gholdengo|Thunder Wave|p1a: Cresselia\n|-status|p1a: Cresselia|par\n|\n|-heal|p1a: Cresselia|100\/100 par|[from] item: Leftovers\n|upkeep\n|turn|15\n|\n|t:|1700241449\n|move|p2a: Gholdengo|Hex|p1a: Cresselia\n|-supereffective|p1a: Cresselia\n|-damage|p1a: Cresselia|65\/100 par\n|cant|p1a: Cresselia|par\n|\n|-heal|p1a: Cresselia|71\/100 par|[from] item: Leftovers\n|upkeep\n|turn|16\n|\n|t:|1700241452\n|move|p2a: Gholdengo|Hex|p1a: Cresselia\n|-supereffective|p1a: Cresselia\n|-damage|p1a: Cresselia|33\/100 par\n|move|p1a: Cresselia|Moonlight|p1a: Cresselia\n|-heal|p1a: Cresselia|83\/100 par\n|\n|-heal|p1a: Cresselia|89\/100 par|[from] item: Leftovers\n|upkeep\n|turn|17\n|\n|t:|1700241455\n|move|p2a: Gholdengo|Hex|p1a: Cresselia\n|-supereffective|p1a: Cresselia\n|-damage|p1a: Cresselia|50\/100 par\n|cant|p1a: Cresselia|par\n|\n|-heal|p1a: Cresselia|56\/100 par|[from] item: Leftovers\n|upkeep\n|turn|18\n|\n|t:|1700241458\n|move|p2a: Gholdengo|Hex|p1a: Cresselia\n|-supereffective|p1a: Cresselia\n|-damage|p1a: Cresselia|19\/100 par\n|move|p1a: Cresselia|Moonlight|p1a: Cresselia\n|-heal|p1a: Cresselia|69\/100 par\n|\n|-heal|p1a: Cresselia|75\/100 par|[from] item: Leftovers\n|upkeep\n|turn|19\n|\n|t:|1700241460\n|move|p2a: Gholdengo|Hex|p1a: Cresselia\n|-supereffective|p1a: Cresselia\n|-damage|p1a: Cresselia|34\/100 par\n|cant|p1a: Cresselia|par\n|\n|-heal|p1a: Cresselia|40\/100 par|[from] item: Leftovers\n|upkeep\n|turn|20\n|\n|t:|1700241464\n|move|p2a: Gholdengo|Hex|p1a: Cresselia\n|-supereffective|p1a: Cresselia\n|-damage|p1a: Cresselia|3\/100 par\n|move|p1a: Cresselia|Moonlight|p1a: Cresselia\n|-heal|p1a: Cresselia|53\/100 par\n|\n|-heal|p1a: Cresselia|59\/100 par|[from] item: Leftovers\n|upkeep\n|turn|21\n|\n|t:|1700241467\n|move|p2a: Gholdengo|Hex|p1a: Cresselia\n|-supereffective|p1a: Cresselia\n|-damage|p1a: Cresselia|23\/100 par\n|cant|p1a: Cresselia|par\n|\n|-heal|p1a: Cresselia|29\/100 par|[from] item: Leftovers\n|upkeep\n|turn|22\n|\n|t:|1700241470\n|move|p2a: Gholdengo|Hex|p1a: Cresselia\n|-supereffective|p1a: Cresselia\n|-damage|p1a: Cresselia|0 fnt\n|faint|p1a: Cresselia\n|\n|upkeep\n|\n|t:|1700241472\n|switch|p1a: Slowbro|Slowbro-Galar, M|100\/100\n|turn|23\n|\n|t:|1700241476\n|switch|p2a: Heatran|Heatran, M, shiny|63\/100\n|move|p1a: Slowbro|Nasty Plot|p1a: Slowbro\n|-boost|p1a: Slowbro|spa|2\n|\n|-heal|p2a: Heatran|69\/100|[from] item: Leftovers\n|upkeep\n|turn|24\n|\n|t:|1700241485\n|move|p2a: Heatran|Earth Power|p1a: Slowbro\n|-supereffective|p1a: Slowbro\n|-damage|p1a: Slowbro|38\/100\n|-unboost|p1a: Slowbro|spd|1\n|move|p1a: Slowbro|Psychic|p2a: Heatran\n|-resisted|p2a: Heatran\n|-crit|p2a: Heatran\n|-damage|p2a: Heatran|33\/100\n|-unboost|p2a: Heatran|spd|1\n|\n|-heal|p2a: Heatran|39\/100|[from] item: Leftovers\n|upkeep\n|turn|25\n|\n|t:|1700241490\n|move|p2a: Heatran|Earth Power|p1a: Slowbro\n|-supereffective|p1a: Slowbro\n|-damage|p1a: Slowbro|0 fnt\n|faint|p1a: Slowbro\n|\n|-heal|p2a: Heatran|45\/100|[from] item: Leftovers\n|upkeep\n|\n|t:|1700241492\n|switch|p1a: Iron Hands|Iron Hands|100\/100\n|turn|26\n|\n|t:|1700241496\n|move|p2a: Heatran|Will-O-Wisp|p1a: Iron Hands\n|-status|p1a: Iron Hands|brn\n|move|p1a: Iron Hands|Close Combat|p2a: Heatran\n|-supereffective|p2a: Heatran\n|-damage|p2a: Heatran|0 fnt\n|-unboost|p1a: Iron Hands|def|1\n|-unboost|p1a: Iron Hands|spd|1\n|faint|p2a: Heatran\n|\n|-damage|p1a: Iron Hands|94\/100 brn|[from] brn\n|upkeep\n|-message|Apoteosis forfeited.\n|\n|win|LegacyShowden\n|raw|Apoteosis's rating: 1622 &rarr; <strong>1600<\/strong><br \/>(-22 for losing)\n|raw|LegacyShowden's rating: 1595 &rarr; <strong>1617<\/strong><br \/>(+22 for winning)\n|l|\u2606Apoteosis\n","uploadtime":1700241507,"views":10,"p1id":"apoteosis","p2id":"legacyshowden","formatid":"gen9ou","rating":1600,"private":0,"password":""}