{"id":"gen9ou-1997325388","p1":"TigerSpace02","p2":"MoEB_zaktrap182","format":"[Gen 9] OU","log":"|j|\u2606TigerSpace02\n|j|\u2606MoEB_zaktrap182\n|t:|1700789640\n|gametype|singles\n|player|p1|TigerSpace02|blackbelt-gen4dp|\n|player|p2|MoEB_zaktrap182|fisherman-gen4|\n|teamsize|p1|6\n|teamsize|p2|6\n|gen|9\n|tier|[Gen 9] OU\n|rule|Sleep Clause Mod: Limit one foe put to sleep\n|rule|Species Clause: Limit one of each Pok\u00e9mon\n|rule|OHKO Clause: OHKO moves are banned\n|rule|Evasion Items Clause: Evasion items are banned\n|rule|Evasion Moves Clause: Evasion moves are banned\n|rule|Endless Battle Clause: Forcing endless battles is banned\n|rule|HP Percentage Mod: HP is shown in percentages\n|clearpoke\n|poke|p1|Mandibuzz, F|\n|poke|p1|Jirachi|\n|poke|p1|Garchomp, F|\n|poke|p1|Slowking-Galar, F|\n|poke|p1|Ogerpon, F|\n|poke|p1|Tauros-Paldea-Aqua, M|\n|poke|p2|Dondozo, F|\n|poke|p2|Amoonguss, M|\n|poke|p2|Dragonite, F|\n|poke|p2|Cresselia, F|\n|poke|p2|Gholdengo|\n|poke|p2|Heatran, F|\n|teampreview\n|inactive|Battle timer is ON: inactive players will automatically lose when time's up. (requested by TigerSpace02)\n|inactive|TigerSpace02 has 270 seconds left.\n|\n|t:|1700789679\n|start\n|switch|p1a: Happy|Jirachi, shiny|100\/100\n|switch|p2a: Cresselia|Cresselia, F, shiny|100\/100\n|turn|1\n|\n|t:|1700789690\n|move|p1a: Happy|Doom Desire|p2a: Cresselia\n|-start|p1a: Happy|Doom Desire\n|move|p2a: Cresselia|Calm Mind|p2a: Cresselia\n|-boost|p2a: Cresselia|spa|1\n|-boost|p2a: Cresselia|spd|1\n|\n|upkeep\n|turn|2\n|\n|t:|1700789699\n|switch|p2a: Heatran|Heatran, F, shiny|100\/100\n|move|p1a: Happy|U-turn|p2a: Heatran\n|-resisted|p2a: Heatran\n|-damage|p2a: Heatran|98\/100\n|\n|t:|1700789725\n|switch|p1a: Tauros|Tauros-Paldea-Aqua, M, shiny|100\/100|[from] U-turn\n|-ability|p1a: Tauros|Intimidate|boost\n|-unboost|p2a: Heatran|atk|1\n|\n|upkeep\n|turn|3\n|\n|t:|1700789745\n|switch|p2a: Dondozo|Dondozo, F, shiny|100\/100\n|move|p1a: Tauros|Bulk Up|p1a: Tauros\n|-boost|p1a: Tauros|atk|1\n|-boost|p1a: Tauros|def|1\n|\n|-end|p2a: Dondozo|move: Doom Desire\n|-resisted|p2a: Dondozo\n|-crit|p2a: Dondozo\n|-damage|p2a: Dondozo|69\/100\n|-heal|p2a: Dondozo|75\/100|[from] item: Leftovers\n|upkeep\n|turn|4\n|inactive|TigerSpace02 has 270 seconds left.\n|inactive|TigerSpace02 has 240 seconds left.\n|\n|t:|1700789815\n|move|p1a: Tauros|Body Press|p2a: Dondozo\n|-damage|p2a: Dondozo|52\/100\n|move|p2a: Dondozo|Curse|p2a: Dondozo\n|-unboost|p2a: Dondozo|spe|1\n|-boost|p2a: Dondozo|atk|1\n|-boost|p2a: Dondozo|def|1\n|\n|-heal|p2a: Dondozo|59\/100|[from] item: Leftovers\n|upkeep\n|turn|5\n|\n|t:|1700789834\n|switch|p1a: Mandibuzz|Mandibuzz, F|100\/100\n|move|p2a: Dondozo|Rest|p2a: Dondozo\n|-status|p2a: Dondozo|slp|[from] move: Rest\n|-heal|p2a: Dondozo|100\/100 slp|[silent]\n|\n|upkeep\n|turn|6\n|\n|t:|1700789843\n|move|p1a: Mandibuzz|Foul Play|p2a: Dondozo\n|-damage|p2a: Dondozo|89\/100 slp\n|cant|p2a: Dondozo|slp\n|move|p2a: Dondozo|Sleep Talk|p2a: Dondozo\n|move|p2a: Dondozo|Liquidation|p1a: Mandibuzz|[from]move: Sleep Talk\n|-damage|p1a: Mandibuzz|74\/100\n|\n|-heal|p2a: Dondozo|95\/100 slp|[from] item: Leftovers\n|upkeep\n|turn|7\n|inactive|TigerSpace02 has 240 seconds left.\n|\n|t:|1700789858\n|cant|p2a: Dondozo|slp\n|move|p2a: Dondozo|Sleep Talk|p2a: Dondozo\n|move|p2a: Dondozo|Curse|p2a: Dondozo|[from]move: Sleep Talk\n|-unboost|p2a: Dondozo|spe|1\n|-boost|p2a: Dondozo|atk|1\n|-boost|p2a: Dondozo|def|1\n|move|p1a: Mandibuzz|Whirlwind|p2a: Dondozo\n|drag|p2a: Heatran|Heatran, F, shiny|98\/100\n|\n|upkeep\n|turn|8\n|inactive|TigerSpace02 has 240 seconds left.\n|\n|t:|1700789873\n|switch|p1a: Tauros|Tauros-Paldea-Aqua, M, shiny|100\/100\n|-ability|p1a: Tauros|Intimidate|boost\n|-unboost|p2a: Heatran|atk|1\n|move|p2a: Heatran|Magma Storm|p1a: Tauros\n|-resisted|p1a: Tauros\n|-damage|p1a: Tauros|67\/100\n|-activate|p1a: Tauros|move: Magma Storm|[of] p2a: Heatran\n|\n|-heal|p1a: Tauros|74\/100|[from] item: Leftovers\n|-damage|p1a: Tauros|61\/100|[from] move: Magma Storm|[partiallytrapped]\n|upkeep\n|turn|9\n|\n|t:|1700789892\n|-terastallize|p2a: Heatran|Water\n|move|p2a: Heatran|Earth Power|p1a: Tauros\n|-damage|p1a: Tauros|25\/100\n|move|p1a: Tauros|Bulk Up|p1a: Tauros\n|-boost|p1a: Tauros|atk|1\n|-boost|p1a: Tauros|def|1\n|\n|-heal|p1a: Tauros|31\/100|[from] item: Leftovers\n|-damage|p1a: Tauros|19\/100|[from] move: Magma Storm|[partiallytrapped]\n|upkeep\n|turn|10\n|inactive|TigerSpace02 has 240 seconds left.\n|\n|t:|1700789906\n|move|p2a: Heatran|Magma Storm|p1a: Tauros\n|-resisted|p1a: Tauros\n|-damage|p1a: Tauros|0 fnt\n|faint|p1a: Tauros\n|\n|upkeep\n|\n|t:|1700789914\n|switch|p1a: Slowking|Slowking-Galar, F|100\/100\n|turn|11\n|\n|t:|1700789917\n|move|p2a: Heatran|Earth Power|p1a: Slowking\n|-supereffective|p1a: Slowking\n|-damage|p1a: Slowking|56\/100\n|move|p1a: Slowking|Future Sight|p2a: Heatran\n|-start|p1a: Slowking|move: Future Sight\n|\n|-heal|p1a: Slowking|62\/100|[from] item: Black Sludge\n|upkeep\n|turn|12\n|inactive|TigerSpace02 has 240 seconds left.\n|\n|t:|1700789954\n|move|p2a: Heatran|Magma Storm|p1a: Slowking\n|-damage|p1a: Slowking|28\/100\n|-activate|p1a: Slowking|move: Magma Storm|[of] p2a: Heatran\n|move|p1a: Slowking|Trick|p2a: Heatran\n|-activate|p1a: Slowking|move: Trick|[of] p2a: Heatran\n|-item|p2a: Heatran|Black Sludge|[from] move: Trick\n|-item|p1a: Slowking|Assault Vest|[from] move: Trick\n|\n|-damage|p2a: Heatran|85\/100|[from] item: Black Sludge\n|-damage|p1a: Slowking|16\/100|[from] move: Magma Storm|[partiallytrapped]\n|upkeep\n|turn|13\n|inactive|MoEB_zaktrap182 has 270 seconds left.\n|\n|t:|1700789983\n|move|p2a: Heatran|Dark Pulse|p1a: Slowking\n|-supereffective|p1a: Slowking\n|-damage|p1a: Slowking|0 fnt\n|faint|p1a: Slowking\n|\n|-end|p2a: Heatran|move: Future Sight\n|-damage|p2a: Heatran|40\/100\n|-damage|p2a: Heatran|27\/100|[from] item: Black Sludge\n|upkeep\n|inactive|TigerSpace02 has 210 seconds left.\n|\n|t:|1700789994\n|switch|p1a: Happy|Jirachi, shiny|100\/100\n|turn|14\n|\n|t:|1700790001\n|move|p1a: Happy|Psyshock|p2a: Heatran\n|-damage|p2a: Heatran|1\/100\n|move|p2a: Heatran|Earth Power|p1a: Happy\n|-supereffective|p1a: Happy\n|-damage|p1a: Happy|44\/100\n|\n|-heal|p1a: Happy|50\/100|[from] item: Leftovers\n|-damage|p2a: Heatran|0 fnt|[from] item: Black Sludge\n|faint|p2a: Heatran\n|upkeep\n|\n|t:|1700790021\n|switch|p2a: Cresselia|Cresselia, F, shiny|100\/100\n|turn|15\n|\n|t:|1700790032\n|move|p1a: Happy|Doom Desire|p2a: Cresselia\n|-start|p1a: Happy|Doom Desire\n|move|p2a: Cresselia|Trick Room|p2a: Cresselia\n|-fieldstart|move: Trick Room|[of] p2a: Cresselia\n|\n|-heal|p1a: Happy|57\/100|[from] item: Leftovers\n|upkeep\n|turn|16\n|\n|t:|1700790048\n|switch|p2a: Dondozo|Dondozo, F, shiny|95\/100 slp\n|move|p1a: Happy|U-turn|p2a: Dondozo\n|-damage|p2a: Dondozo|87\/100 slp\n|\n|t:|1700790058\n|switch|p1a: Mandibuzz|Mandibuzz, F|74\/100|[from] U-turn\n|\n|-heal|p2a: Dondozo|93\/100 slp|[from] item: Leftovers\n|upkeep\n|turn|17\n|\n|t:|1700790066\n|-curestatus|p2a: Dondozo|slp|[msg]\n|move|p2a: Dondozo|Curse|p2a: Dondozo\n|-unboost|p2a: Dondozo|spe|1\n|-boost|p2a: Dondozo|atk|1\n|-boost|p2a: Dondozo|def|1\n|move|p1a: Mandibuzz|Whirlwind|p2a: Dondozo\n|drag|p2a: Gholdengo|Gholdengo|100\/100\n|\n|-end|p2a: Gholdengo|move: Doom Desire\n|-resisted|p2a: Gholdengo\n|-damage|p2a: Gholdengo|63\/100\n|upkeep\n|turn|18\n|\n|t:|1700790083\n|switch|p1a: Ogerpon|Ogerpon, F|100\/100\n|move|p2a: Gholdengo|Recover|p2a: Gholdengo\n|-heal|p2a: Gholdengo|100\/100\n|\n|upkeep\n|turn|19\n|\n|t:|1700790092\n|switch|p2a: Amoonguss|Amoonguss, M, shiny|100\/100\n|move|p1a: Ogerpon|Knock Off|p2a: Amoonguss\n|-damage|p2a: Amoonguss|71\/100\n|-enditem|p2a: Amoonguss|Black Sludge|[from] move: Knock Off|[of] p1a: Ogerpon\n|\n|-fieldend|move: Trick Room\n|upkeep\n|turn|20\n|\n|t:|1700790103\n|switch|p1a: Happy|Jirachi, shiny|57\/100\n|move|p2a: Amoonguss|Sludge Bomb|p1a: Happy\n|-immune|p1a: Happy\n|\n|-heal|p1a: Happy|63\/100|[from] item: Leftovers\n|upkeep\n|turn|21\n|inactive|TigerSpace02 has 210 seconds left.\n|\n|t:|1700790136\n|move|p1a: Happy|Doom Desire|p2a: Amoonguss\n|-start|p1a: Happy|Doom Desire\n|move|p2a: Amoonguss|Spore|p1a: Happy\n|-status|p1a: Happy|slp|[from] move: Spore\n|\n|-heal|p1a: Happy|69\/100 slp|[from] item: Leftovers\n|upkeep\n|turn|22\n|\n|t:|1700790151\n|switch|p2a: Dragonite|Dragonite, F, shiny|100\/100\n|cant|p1a: Happy|slp\n|\n|-heal|p1a: Happy|75\/100 slp|[from] item: Leftovers\n|upkeep\n|turn|23\n|\n|t:|1700790168\n|switch|p1a: Mandibuzz|Mandibuzz, F|74\/100\n|move|p2a: Dragonite|Dragon Dance|p2a: Dragonite\n|-boost|p2a: Dragonite|atk|1\n|-boost|p2a: Dragonite|spe|1\n|\n|-end|p2a: Dragonite|move: Doom Desire\n|-damage|p2a: Dragonite|76\/100\n|upkeep\n|turn|24\n|\n|t:|1700790188\n|move|p2a: Dragonite|Dragon Dance|p2a: Dragonite\n|-boost|p2a: Dragonite|atk|1\n|-boost|p2a: Dragonite|spe|1\n|move|p1a: Mandibuzz|Foul Play|p2a: Dragonite\n|-damage|p2a: Dragonite|0 fnt\n|faint|p2a: Dragonite\n|\n|upkeep\n|\n|t:|1700790197\n|switch|p2a: Gholdengo|Gholdengo|100\/100\n|turn|25\n|inactive|TigerSpace02 has 210 seconds left.\n|\n|t:|1700790233\n|switch|p1a: Garchomp|Garchomp, F|100\/100\n|move|p2a: Gholdengo|Nasty Plot|p2a: Gholdengo\n|-boost|p2a: Gholdengo|spa|2\n|\n|upkeep\n|turn|26\n|\n|t:|1700790240\n|move|p2a: Gholdengo|Dazzling Gleam|p1a: Garchomp\n|-supereffective|p1a: Garchomp\n|-damage|p1a: Garchomp|29\/100\n|move|p1a: Garchomp|Earthquake|p2a: Gholdengo\n|-supereffective|p2a: Gholdengo\n|-enditem|p2a: Gholdengo|Focus Sash\n|-damage|p2a: Gholdengo|1\/100\n|\n|-heal|p1a: Garchomp|35\/100|[from] item: Leftovers\n|upkeep\n|turn|27\n|inactive|TigerSpace02 has 210 seconds left.\n|\n|t:|1700790261\n|move|p2a: Gholdengo|Dazzling Gleam|p1a: Garchomp\n|-supereffective|p1a: Garchomp\n|-damage|p1a: Garchomp|0 fnt\n|faint|p1a: Garchomp\n|\n|upkeep\n|\n|t:|1700790271\n|switch|p1a: Ogerpon|Ogerpon, F|100\/100\n|turn|28\n|\n|t:|1700790289\n|move|p1a: Ogerpon|Knock Off|p2a: Gholdengo\n|-supereffective|p2a: Gholdengo\n|-damage|p2a: Gholdengo|0 fnt\n|faint|p2a: Gholdengo\n|\n|upkeep\n|\n|t:|1700790294\n|switch|p2a: Cresselia|Cresselia, F, shiny|100\/100\n|turn|29\n|inactive|TigerSpace02 has 210 seconds left.\n|\n|t:|1700790320\n|move|p1a: Ogerpon|Swords Dance|p1a: Ogerpon\n|-boost|p1a: Ogerpon|atk|2\n|move|p2a: Cresselia|Trick Room|p2a: Cresselia\n|-fieldstart|move: Trick Room|[of] p2a: Cresselia\n|\n|upkeep\n|turn|30\n|\n|t:|1700790334\n|move|p2a: Cresselia|Calm Mind|p2a: Cresselia\n|-boost|p2a: Cresselia|spa|1\n|-boost|p2a: Cresselia|spd|1\n|move|p1a: Ogerpon|Swords Dance|p1a: Ogerpon\n|-boost|p1a: Ogerpon|atk|2\n|\n|upkeep\n|turn|31\n|inactive|TigerSpace02 has 210 seconds left.\n|\n|t:|1700790350\n|move|p2a: Cresselia|Calm Mind|p2a: Cresselia\n|-boost|p2a: Cresselia|spa|1\n|-boost|p2a: Cresselia|spd|1\n|move|p1a: Ogerpon|Knock Off|p2a: Cresselia\n|-supereffective|p2a: Cresselia\n|-damage|p2a: Cresselia|0 fnt\n|-enditem|p2a: Cresselia|Mental Herb|[from] move: Knock Off|[of] p1a: Ogerpon\n|faint|p2a: Cresselia\n|\n|upkeep\n|\n|t:|1700790359\n|switch|p2a: Amoonguss|Amoonguss, M, shiny|100\/100\n|turn|32\n|inactive|TigerSpace02 has 210 seconds left.\n|\n|t:|1700790364\n|move|p2a: Amoonguss|Sludge Bomb|p1a: Ogerpon\n|-supereffective|p1a: Ogerpon\n|-damage|p1a: Ogerpon|35\/100\n|move|p1a: Ogerpon|Knock Off|p2a: Amoonguss\n|-damage|p2a: Amoonguss|38\/100\n|\n|upkeep\n|turn|33\n|\n|t:|1700790372\n|switch|p1a: Happy|Jirachi, shiny|75\/100 slp\n|move|p2a: Amoonguss|Sludge Bomb|p1a: Happy\n|-immune|p1a: Happy\n|\n|-heal|p1a: Happy|81\/100 slp|[from] item: Leftovers\n|-fieldend|move: Trick Room\n|upkeep\n|turn|34\n|\n|t:|1700790381\n|cant|p1a: Happy|slp\n|move|p2a: Amoonguss|Giga Drain|p1a: Happy\n|-resisted|p1a: Happy\n|-damage|p1a: Happy|70\/100 slp\n|-heal|p2a: Amoonguss|44\/100|[from] drain|[of] p1a: Happy\n|\n|-heal|p1a: Happy|76\/100 slp|[from] item: Leftovers\n|upkeep\n|turn|35\n|\n|t:|1700790391\n|switch|p2a: Dondozo|Dondozo, F, shiny|93\/100\n|cant|p1a: Happy|slp\n|\n|-heal|p1a: Happy|82\/100 slp|[from] item: Leftovers\n|-heal|p2a: Dondozo|99\/100|[from] item: Leftovers\n|upkeep\n|turn|36\n|inactive|TigerSpace02 has 240 seconds left.\n|\n|t:|1700790402\n|-curestatus|p1a: Happy|slp|[msg]\n|move|p1a: Happy|Doom Desire|p2a: Dondozo\n|-start|p1a: Happy|Doom Desire\n|move|p2a: Dondozo|Liquidation|p1a: Happy\n|-damage|p1a: Happy|54\/100\n|\n|-heal|p1a: Happy|60\/100|[from] item: Leftovers\n|-heal|p2a: Dondozo|100\/100|[from] item: Leftovers\n|upkeep\n|turn|37\n|\n|t:|1700790413\n|move|p1a: Happy|U-turn|p2a: Dondozo\n|-damage|p2a: Dondozo|92\/100\n|\n|t:|1700790417\n|switch|p1a: Ogerpon|Ogerpon, F|35\/100|[from] U-turn\n|move|p2a: Dondozo|Curse|p2a: Dondozo\n|-unboost|p2a: Dondozo|spe|1\n|-boost|p2a: Dondozo|atk|1\n|-boost|p2a: Dondozo|def|1\n|\n|-heal|p2a: Dondozo|99\/100|[from] item: Leftovers\n|upkeep\n|turn|38\n|\n|t:|1700790432\n|move|p1a: Ogerpon|Swords Dance|p1a: Ogerpon\n|-boost|p1a: Ogerpon|atk|2\n|move|p2a: Dondozo|Curse|p2a: Dondozo\n|-unboost|p2a: Dondozo|spe|1\n|-boost|p2a: Dondozo|atk|1\n|-boost|p2a: Dondozo|def|1\n|\n|-end|p2a: Dondozo|move: Doom Desire\n|-resisted|p2a: Dondozo\n|-damage|p2a: Dondozo|79\/100\n|-heal|p2a: Dondozo|85\/100|[from] item: Leftovers\n|upkeep\n|turn|39\n|inactive|MoEB_zaktrap182 has 270 seconds left.\n|\n|t:|1700790474\n|-terastallize|p1a: Ogerpon|Grass\n|detailschange|p1a: Ogerpon|Ogerpon-Teal-Tera, F, tera:Grass\n|-ability|p1a: Ogerpon|Embody Aspect (Teal)|boost\n|-boost|p1a: Ogerpon|spe|1\n|move|p1a: Ogerpon|Ivy Cudgel|p2a: Dondozo\n|-supereffective|p2a: Dondozo\n|-damage|p2a: Dondozo|52\/100\n|move|p2a: Dondozo|Liquidation|p1a: Ogerpon\n|-resisted|p1a: Ogerpon\n|-damage|p1a: Ogerpon|0 fnt\n|faint|p1a: Ogerpon\n|\n|-heal|p2a: Dondozo|58\/100|[from] item: Leftovers\n|upkeep\n|\n|t:|1700790484\n|switch|p1a: Mandibuzz|Mandibuzz, F|74\/100\n|turn|40\n|inactive|MoEB_zaktrap182 has 270 seconds left.\n|\n|t:|1700790506\n|move|p1a: Mandibuzz|Foul Play|p2a: Dondozo\n|-damage|p2a: Dondozo|48\/100\n|move|p2a: Dondozo|Liquidation|p1a: Mandibuzz\n|-damage|p1a: Mandibuzz|41\/100\n|\n|-heal|p2a: Dondozo|54\/100|[from] item: Leftovers\n|upkeep\n|turn|41\n|inactive|TigerSpace02 has 270 seconds left.\n|\n|t:|1700790519\n|move|p2a: Dondozo|Liquidation|p1a: Mandibuzz\n|-damage|p1a: Mandibuzz|10\/100\n|move|p1a: Mandibuzz|Whirlwind|p2a: Dondozo\n|drag|p2a: Amoonguss|Amoonguss, M, shiny|77\/100\n|\n|upkeep\n|turn|42\n|\n|t:|1700790532\n|move|p1a: Mandibuzz|Roost|p1a: Mandibuzz\n|-heal|p1a: Mandibuzz|60\/100\n|-singleturn|p1a: Mandibuzz|move: Roost\n|move|p2a: Amoonguss|Spore|p1a: Mandibuzz\n|-status|p1a: Mandibuzz|slp|[from] move: Spore\n|\n|upkeep\n|turn|43\n|inactive|TigerSpace02 has 270 seconds left.\n|\n|t:|1700790555\n|switch|p2a: Dondozo|Dondozo, F, shiny|54\/100\n|cant|p1a: Mandibuzz|slp\n|\n|-heal|p2a: Dondozo|61\/100|[from] item: Leftovers\n|upkeep\n|turn|44\n|\n|t:|1700790563\n|cant|p1a: Mandibuzz|slp\n|move|p2a: Dondozo|Curse|p2a: Dondozo\n|-unboost|p2a: Dondozo|spe|1\n|-boost|p2a: Dondozo|atk|1\n|-boost|p2a: Dondozo|def|1\n|\n|-heal|p2a: Dondozo|67\/100|[from] item: Leftovers\n|upkeep\n|turn|45\n|\n|t:|1700790571\n|move|p2a: Dondozo|Liquidation|p1a: Mandibuzz\n|-damage|p1a: Mandibuzz|37\/100 slp\n|cant|p1a: Mandibuzz|slp\n|\n|-heal|p2a: Dondozo|73\/100|[from] item: Leftovers\n|upkeep\n|turn|46\n|inactive|MoEB_zaktrap182 has 270 seconds left.\n|\n|t:|1700790579\n|-curestatus|p1a: Mandibuzz|slp|[msg]\n|move|p1a: Mandibuzz|Roost|p1a: Mandibuzz\n|-heal|p1a: Mandibuzz|87\/100\n|-singleturn|p1a: Mandibuzz|move: Roost\n|move|p2a: Dondozo|Liquidation|p1a: Mandibuzz\n|-damage|p1a: Mandibuzz|64\/100\n|\n|-heal|p2a: Dondozo|79\/100|[from] item: Leftovers\n|upkeep\n|turn|47\n|inactive|MoEB_zaktrap182 has 270 seconds left.\n|\n|t:|1700790591\n|move|p2a: Dondozo|Curse|p2a: Dondozo\n|-unboost|p2a: Dondozo|spe|1\n|-boost|p2a: Dondozo|atk|1\n|-boost|p2a: Dondozo|def|1\n|move|p1a: Mandibuzz|Whirlwind|p2a: Dondozo\n|drag|p2a: Amoonguss|Amoonguss, M, shiny|100\/100\n|\n|upkeep\n|turn|48\n|inactive|MoEB_zaktrap182 has 270 seconds left.\n|\n|t:|1700790603\n|move|p2a: Amoonguss|Spore|p1a: Mandibuzz\n|-status|p1a: Mandibuzz|slp|[from] move: Spore\n|cant|p1a: Mandibuzz|slp\n|\n|upkeep\n|turn|49\n|\n|t:|1700790609\n|switch|p1a: Happy|Jirachi, shiny|60\/100\n|move|p2a: Amoonguss|Sludge Bomb|p1a: Happy\n|-immune|p1a: Happy\n|\n|-heal|p1a: Happy|66\/100|[from] item: Leftovers\n|upkeep\n|turn|50\n|\n|t:|1700790617\n|switch|p2a: Dondozo|Dondozo, F, shiny|79\/100\n|move|p1a: Happy|Psyshock|p2a: Dondozo\n|-damage|p2a: Dondozo|58\/100\n|\n|-heal|p1a: Happy|72\/100|[from] item: Leftovers\n|-heal|p2a: Dondozo|64\/100|[from] item: Leftovers\n|upkeep\n|turn|51\n|\n|t:|1700790626\n|move|p1a: Happy|Psyshock|p2a: Dondozo\n|-damage|p2a: Dondozo|46\/100\n|move|p2a: Dondozo|Curse|p2a: Dondozo\n|-unboost|p2a: Dondozo|spe|1\n|-boost|p2a: Dondozo|atk|1\n|-boost|p2a: Dondozo|def|1\n|\n|-heal|p1a: Happy|78\/100|[from] item: Leftovers\n|-heal|p2a: Dondozo|52\/100|[from] item: Leftovers\n|upkeep\n|turn|52\n|\n|t:|1700790637\n|move|p1a: Happy|Doom Desire|p2a: Dondozo\n|-start|p1a: Happy|Doom Desire\n|move|p2a: Dondozo|Curse|p2a: Dondozo\n|-unboost|p2a: Dondozo|spe|1\n|-boost|p2a: Dondozo|atk|1\n|-boost|p2a: Dondozo|def|1\n|\n|-heal|p1a: Happy|84\/100|[from] item: Leftovers\n|-heal|p2a: Dondozo|58\/100|[from] item: Leftovers\n|upkeep\n|turn|53\n|\n|t:|1700790646\n|move|p1a: Happy|U-turn|p2a: Dondozo\n|-damage|p2a: Dondozo|54\/100\n|\n|t:|1700790649\n|switch|p1a: Mandibuzz|Mandibuzz, F|64\/100 slp|[from] U-turn\n|move|p2a: Dondozo|Rest|p2a: Dondozo\n|-status|p2a: Dondozo|slp|[from] move: Rest\n|-heal|p2a: Dondozo|100\/100 slp|[silent]\n|\n|upkeep\n|turn|54\n|\n|t:|1700790658\n|-curestatus|p1a: Mandibuzz|slp|[msg]\n|move|p1a: Mandibuzz|Roost|p1a: Mandibuzz\n|-heal|p1a: Mandibuzz|100\/100\n|-singleturn|p1a: Mandibuzz|move: Roost\n|cant|p2a: Dondozo|slp\n|move|p2a: Dondozo|Sleep Talk|p2a: Dondozo\n|move|p2a: Dondozo|Rest||[from]move: Sleep Talk|[still]\n|-fail|p2a: Dondozo\n|\n|-end|p2a: Dondozo|move: Doom Desire\n|-resisted|p2a: Dondozo\n|-damage|p2a: Dondozo|81\/100 slp\n|-heal|p2a: Dondozo|87\/100 slp|[from] item: Leftovers\n|upkeep\n|turn|55\n|\n|t:|1700790674\n|move|p1a: Mandibuzz|Foul Play|p2a: Dondozo\n|-damage|p2a: Dondozo|78\/100 slp\n|cant|p2a: Dondozo|slp\n|move|p2a: Dondozo|Sleep Talk|p2a: Dondozo\n|move|p2a: Dondozo|Curse|p2a: Dondozo|[from]move: Sleep Talk\n|-unboost|p2a: Dondozo|spe|1\n|-boost|p2a: Dondozo|atk|1\n|-boost|p2a: Dondozo|def|1\n|\n|-heal|p2a: Dondozo|84\/100 slp|[from] item: Leftovers\n|upkeep\n|turn|56\n|\n|t:|1700790687\n|-curestatus|p2a: Dondozo|slp|[msg]\n|move|p2a: Dondozo|Sleep Talk||[still]\n|-fail|p2a: Dondozo\n|move|p1a: Mandibuzz|Whirlwind|p2a: Dondozo\n|drag|p2a: Amoonguss|Amoonguss, M, shiny|100\/100\n|\n|upkeep\n|turn|57\n|\n|t:|1700790714\n|switch|p1a: Happy|Jirachi, shiny|84\/100\n|move|p2a: Amoonguss|Sludge Bomb|p1a: Happy\n|-immune|p1a: Happy\n|\n|-heal|p1a: Happy|91\/100|[from] item: Leftovers\n|upkeep\n|turn|58\n|\n|t:|1700790722\n|move|p1a: Happy|Psyshock|p2a: Amoonguss\n|-supereffective|p2a: Amoonguss\n|-damage|p2a: Amoonguss|37\/100\n|move|p2a: Amoonguss|Spore|p1a: Happy\n|-status|p1a: Happy|slp|[from] move: Spore\n|\n|-heal|p1a: Happy|97\/100 slp|[from] item: Leftovers\n|upkeep\n|turn|59\n|\n|t:|1700790738\n|switch|p2a: Dondozo|Dondozo, F, shiny|84\/100\n|cant|p1a: Happy|slp\n|\n|-heal|p1a: Happy|100\/100 slp|[from] item: Leftovers\n|-heal|p2a: Dondozo|90\/100|[from] item: Leftovers\n|upkeep\n|turn|60\n|\n|t:|1700790757\n|cant|p1a: Happy|slp\n|move|p2a: Dondozo|Curse|p2a: Dondozo\n|-unboost|p2a: Dondozo|spe|1\n|-boost|p2a: Dondozo|atk|1\n|-boost|p2a: Dondozo|def|1\n|\n|-heal|p2a: Dondozo|96\/100|[from] item: Leftovers\n|upkeep\n|turn|61\n|\n|t:|1700790770\n|-curestatus|p1a: Happy|slp|[msg]\n|move|p1a: Happy|Doom Desire|p2a: Dondozo\n|-start|p1a: Happy|Doom Desire\n|move|p2a: Dondozo|Curse|p2a: Dondozo\n|-unboost|p2a: Dondozo|spe|1\n|-boost|p2a: Dondozo|atk|1\n|-boost|p2a: Dondozo|def|1\n|\n|-heal|p2a: Dondozo|100\/100|[from] item: Leftovers\n|upkeep\n|turn|62\n|\n|t:|1700790790\n|move|p1a: Happy|Psyshock|p2a: Dondozo\n|-damage|p2a: Dondozo|90\/100\n|move|p2a: Dondozo|Curse|p2a: Dondozo\n|-unboost|p2a: Dondozo|spe|1\n|-boost|p2a: Dondozo|atk|1\n|-boost|p2a: Dondozo|def|1\n|\n|-heal|p2a: Dondozo|97\/100|[from] item: Leftovers\n|upkeep\n|turn|63\n|\n|t:|1700790800\n|move|p1a: Happy|U-turn|p2a: Dondozo\n|-damage|p2a: Dondozo|93\/100\n|\n|t:|1700790802\n|switch|p1a: Mandibuzz|Mandibuzz, F|100\/100|[from] U-turn\n|move|p2a: Dondozo|Curse|p2a: Dondozo\n|-unboost|p2a: Dondozo|spe|1\n|-boost|p2a: Dondozo|atk|1\n|-boost|p2a: Dondozo|def|1\n|\n|-end|p2a: Dondozo|move: Doom Desire\n|-resisted|p2a: Dondozo\n|-damage|p2a: Dondozo|74\/100\n|-heal|p2a: Dondozo|80\/100|[from] item: Leftovers\n|upkeep\n|turn|64\n|\n|t:|1700790814\n|move|p2a: Dondozo|Liquidation|p1a: Mandibuzz\n|-damage|p1a: Mandibuzz|50\/100\n|move|p1a: Mandibuzz|Whirlwind|p2a: Dondozo\n|drag|p2a: Amoonguss|Amoonguss, M, shiny|70\/100\n|\n|upkeep\n|turn|65\n|\n|t:|1700790822\n|move|p2a: Amoonguss|Sludge Bomb|p1a: Mandibuzz\n|-damage|p1a: Mandibuzz|25\/100\n|move|p1a: Mandibuzz|Whirlwind|p2a: Amoonguss\n|drag|p2a: Dondozo|Dondozo, F, shiny|80\/100\n|\n|-heal|p2a: Dondozo|86\/100|[from] item: Leftovers\n|upkeep\n|turn|66\n|\n|t:|1700790831\n|move|p1a: Mandibuzz|Roost|p1a: Mandibuzz\n|-heal|p1a: Mandibuzz|75\/100\n|-singleturn|p1a: Mandibuzz|move: Roost\n|move|p2a: Dondozo|Liquidation|p1a: Mandibuzz\n|-damage|p1a: Mandibuzz|59\/100\n|\n|-heal|p2a: Dondozo|92\/100|[from] item: Leftovers\n|upkeep\n|turn|67\n|\n|t:|1700790848\n|move|p1a: Mandibuzz|Foul Play|p2a: Dondozo\n|-damage|p2a: Dondozo|73\/100\n|move|p2a: Dondozo|Liquidation|p1a: Mandibuzz\n|-damage|p1a: Mandibuzz|42\/100\n|\n|-heal|p2a: Dondozo|79\/100|[from] item: Leftovers\n|upkeep\n|turn|68\n|\n|t:|1700790856\n|move|p1a: Mandibuzz|Foul Play|p2a: Dondozo\n|-damage|p2a: Dondozo|61\/100\n|move|p2a: Dondozo|Curse|p2a: Dondozo\n|-unboost|p2a: Dondozo|spe|1\n|-boost|p2a: Dondozo|atk|1\n|-boost|p2a: Dondozo|def|1\n|\n|-heal|p2a: Dondozo|67\/100|[from] item: Leftovers\n|upkeep\n|turn|69\n|\n|t:|1700790866\n|move|p1a: Mandibuzz|Roost|p1a: Mandibuzz\n|-heal|p1a: Mandibuzz|92\/100\n|-singleturn|p1a: Mandibuzz|move: Roost\n|move|p2a: Dondozo|Liquidation|p1a: Mandibuzz\n|-damage|p1a: Mandibuzz|65\/100\n|\n|-heal|p2a: Dondozo|74\/100|[from] item: Leftovers\n|upkeep\n|turn|70\n|inactive|TigerSpace02 has 270 seconds left.\n|\n|t:|1700790901\n|move|p2a: Dondozo|Liquidation|p1a: Mandibuzz\n|-damage|p1a: Mandibuzz|41\/100\n|move|p1a: Mandibuzz|Whirlwind|p2a: Dondozo\n|drag|p2a: Amoonguss|Amoonguss, M, shiny|100\/100\n|\n|upkeep\n|turn|71\n|\n|t:|1700790914\n|switch|p1a: Happy|Jirachi, shiny|100\/100\n|move|p2a: Amoonguss|Spore|p1a: Happy\n|-status|p1a: Happy|slp|[from] move: Spore\n|\n|upkeep\n|turn|72\n|\n|t:|1700790921\n|switch|p2a: Dondozo|Dondozo, F, shiny|74\/100\n|cant|p1a: Happy|slp\n|\n|-heal|p2a: Dondozo|80\/100|[from] item: Leftovers\n|upkeep\n|turn|73\n|inactive|TigerSpace02 has 270 seconds left.\n|\n|t:|1700790950\n|-curestatus|p1a: Happy|slp|[msg]\n|move|p1a: Happy|Psyshock|p2a: Dondozo\n|-damage|p2a: Dondozo|62\/100\n|move|p2a: Dondozo|Curse|p2a: Dondozo\n|-unboost|p2a: Dondozo|spe|1\n|-boost|p2a: Dondozo|atk|1\n|-boost|p2a: Dondozo|def|1\n|\n|-heal|p2a: Dondozo|68\/100|[from] item: Leftovers\n|upkeep\n|turn|74\n|inactive|TigerSpace02 has 270 seconds left.\n|\n|t:|1700790973\n|move|p1a: Happy|Doom Desire|p2a: Dondozo\n|-start|p1a: Happy|Doom Desire\n|move|p2a: Dondozo|Liquidation|p1a: Happy\n|-damage|p1a: Happy|60\/100\n|\n|-heal|p1a: Happy|66\/100|[from] item: Leftovers\n|-heal|p2a: Dondozo|75\/100|[from] item: Leftovers\n|upkeep\n|turn|75\n|inactive|TigerSpace02 has 270 seconds left.\n|\n|t:|1700790985\n|move|p1a: Happy|Psyshock|p2a: Dondozo\n|-damage|p2a: Dondozo|61\/100\n|move|p2a: Dondozo|Liquidation|p1a: Happy\n|-crit|p1a: Happy\n|-damage|p1a: Happy|2\/100\n|\n|-heal|p1a: Happy|8\/100|[from] item: Leftovers\n|-heal|p2a: Dondozo|68\/100|[from] item: Leftovers\n|upkeep\n|turn|76\n|\n|t:|1700790996\n|move|p1a: Happy|U-turn|p2a: Dondozo\n|-damage|p2a: Dondozo|62\/100\n|\n|t:|1700791004\n|switch|p1a: Mandibuzz|Mandibuzz, F|41\/100|[from] U-turn\n|move|p2a: Dondozo|Liquidation|p1a: Mandibuzz\n|-damage|p1a: Mandibuzz|16\/100\n|\n|-end|p2a: Dondozo|move: Doom Desire\n|-resisted|p2a: Dondozo\n|-damage|p2a: Dondozo|40\/100\n|-heal|p2a: Dondozo|46\/100|[from] item: Leftovers\n|upkeep\n|turn|77\n|\n|t:|1700791016\n|move|p1a: Mandibuzz|Roost|p1a: Mandibuzz\n|-heal|p1a: Mandibuzz|66\/100\n|-singleturn|p1a: Mandibuzz|move: Roost\n|move|p2a: Dondozo|Liquidation|p1a: Mandibuzz\n|-damage|p1a: Mandibuzz|41\/100\n|\n|-heal|p2a: Dondozo|52\/100|[from] item: Leftovers\n|upkeep\n|turn|78\n|\n|t:|1700791026\n|move|p1a: Mandibuzz|Roost|p1a: Mandibuzz\n|-heal|p1a: Mandibuzz|91\/100\n|-singleturn|p1a: Mandibuzz|move: Roost\n|move|p2a: Dondozo|Rest|p2a: Dondozo\n|-status|p2a: Dondozo|slp|[from] move: Rest\n|-heal|p2a: Dondozo|100\/100 slp|[silent]\n|\n|upkeep\n|turn|79\n|\n|t:|1700791049\n|cant|p2a: Dondozo|slp\n|move|p2a: Dondozo|Sleep Talk|p2a: Dondozo\n|move|p2a: Dondozo|Liquidation|p1a: Mandibuzz|[from]move: Sleep Talk\n|-damage|p1a: Mandibuzz|64\/100\n|move|p1a: Mandibuzz|Whirlwind|p2a: Dondozo\n|drag|p2a: Amoonguss|Amoonguss, M, shiny|100\/100\n|\n|upkeep\n|turn|80\n|\n|t:|1700791060\n|move|p1a: Mandibuzz|Foul Play|p2a: Amoonguss\n|-damage|p2a: Amoonguss|79\/100\n|move|p2a: Amoonguss|Spore|p1a: Mandibuzz\n|-status|p1a: Mandibuzz|slp|[from] move: Spore\n|\n|upkeep\n|turn|81\n|\n|t:|1700791066\n|switch|p2a: Dondozo|Dondozo, F, shiny|100\/100 slp\n|cant|p1a: Mandibuzz|slp\n|\n|upkeep\n|turn|82\n|inactive|TigerSpace02 has 270 seconds left.\n|\n|t:|1700791101\n|cant|p1a: Mandibuzz|slp\n|cant|p2a: Dondozo|slp\n|move|p2a: Dondozo|Sleep Talk|p2a: Dondozo\n|move|p2a: Dondozo|Curse|p2a: Dondozo|[from]move: Sleep Talk\n|-unboost|p2a: Dondozo|spe|1\n|-boost|p2a: Dondozo|atk|1\n|-boost|p2a: Dondozo|def|1\n|\n|upkeep\n|turn|83\n|\n|t:|1700791111\n|-curestatus|p1a: Mandibuzz|slp|[msg]\n|move|p1a: Mandibuzz|Foul Play|p2a: Dondozo\n|-damage|p2a: Dondozo|88\/100 slp\n|-curestatus|p2a: Dondozo|slp|[msg]\n|move|p2a: Dondozo|Liquidation|p1a: Mandibuzz\n|-damage|p1a: Mandibuzz|37\/100\n|\n|-heal|p2a: Dondozo|94\/100|[from] item: Leftovers\n|upkeep\n|turn|84\n|\n|t:|1700791122\n|move|p2a: Dondozo|Curse|p2a: Dondozo\n|-unboost|p2a: Dondozo|spe|1\n|-boost|p2a: Dondozo|atk|1\n|-boost|p2a: Dondozo|def|1\n|move|p1a: Mandibuzz|Whirlwind|p2a: Dondozo\n|drag|p2a: Amoonguss|Amoonguss, M, shiny|100\/100\n|\n|upkeep\n|turn|85\n|\n|t:|1700791131\n|move|p1a: Mandibuzz|Roost|p1a: Mandibuzz\n|-heal|p1a: Mandibuzz|87\/100\n|-singleturn|p1a: Mandibuzz|move: Roost\n|move|p2a: Amoonguss|Sludge Bomb|p1a: Mandibuzz\n|-damage|p1a: Mandibuzz|61\/100\n|\n|upkeep\n|turn|86\n|inactive|TigerSpace02 has 270 seconds left.\n|\n|t:|1700791163\n|move|p1a: Mandibuzz|Foul Play|p2a: Amoonguss\n|-damage|p2a: Amoonguss|80\/100\n|move|p2a: Amoonguss|Spore|p1a: Mandibuzz\n|-status|p1a: Mandibuzz|slp|[from] move: Spore\n|\n|upkeep\n|turn|87\n|\n|t:|1700791170\n|cant|p1a: Mandibuzz|slp\n|move|p2a: Amoonguss|Sludge Bomb|p1a: Mandibuzz\n|-damage|p1a: Mandibuzz|36\/100 slp\n|\n|upkeep\n|turn|88\n|\n|t:|1700791188\n|cant|p1a: Mandibuzz|slp\n|move|p2a: Amoonguss|Giga Drain|p1a: Mandibuzz\n|-resisted|p1a: Mandibuzz\n|-damage|p1a: Mandibuzz|26\/100 slp\n|-heal|p2a: Amoonguss|86\/100|[from] drain|[of] p1a: Mandibuzz\n|\n|upkeep\n|turn|89\n|\n|t:|1700791195\n|cant|p1a: Mandibuzz|slp\n|move|p2a: Amoonguss|Sludge Bomb|p1a: Mandibuzz\n|-damage|p1a: Mandibuzz|0 fnt\n|faint|p1a: Mandibuzz\n|\n|upkeep\n|\n|t:|1700791198\n|switch|p1a: Happy|Jirachi, shiny|8\/100\n|turn|90\n|\n|t:|1700791203\n|move|p1a: Happy|Psyshock|p2a: Amoonguss\n|-supereffective|p2a: Amoonguss\n|-damage|p2a: Amoonguss|22\/100\n|move|p2a: Amoonguss|Giga Drain|p1a: Happy\n|-resisted|p1a: Happy\n|-damage|p1a: Happy|0 fnt\n|-heal|p2a: Amoonguss|26\/100|[from] drain|[of] p1a: Happy\n|faint|p1a: Happy\n|\n|win|MoEB_zaktrap182\n","uploadtime":1700791214,"views":5,"p1id":"tigerspace02","p2id":"moebzaktrap182","formatid":"gen9ou","rating":0,"private":0,"password":""}