{"id":"gen9ou-1991230031","p1":"kutazzz","p2":"Thehombre","format":"[Gen 9] OU","log":"|j|\u2606kutazzz\n|j|\u2606Thehombre\n|t:|1700059397\n|gametype|singles\n|player|p1|kutazzz|shadowtriad|1068\n|player|p2|Thehombre|101|1149\n|teamsize|p1|6\n|teamsize|p2|6\n|gen|9\n|tier|[Gen 9] OU\n|rated|\n|rule|Sleep Clause Mod: Limit one foe put to sleep\n|rule|Species Clause: Limit one of each Pok\u00e9mon\n|rule|OHKO Clause: OHKO moves are banned\n|rule|Evasion Items Clause: Evasion items are banned\n|rule|Evasion Moves Clause: Evasion moves are banned\n|rule|Endless Battle Clause: Forcing endless battles is banned\n|rule|HP Percentage Mod: HP is shown in percentages\n|clearpoke\n|poke|p1|Kilowattrel, M|\n|poke|p1|Landorus-Therian, M|\n|poke|p1|Ursaluna, F|\n|poke|p1|Zapdos-Galar|\n|poke|p1|Dragapult, F|\n|poke|p1|Barraskewda, F|\n|poke|p2|Munkidori, M|\n|poke|p2|Dragapult, M|\n|poke|p2|Corviknight, M|\n|poke|p2|Ninetales-Alola, F|\n|poke|p2|Clefable, M|\n|poke|p2|Ogerpon-Cornerstone, F|\n|teampreview\n|inactive|Battle timer is ON: inactive players will automatically lose when time's up. (requested by Thehombre)\n|\n|t:|1700059404\n|start\n|switch|p1a: Kilowattrel|Kilowattrel, M, shiny|100\/100\n|switch|p2a: Ninetales|Ninetales-Alola, F|100\/100\n|-weather|Snow|[from] ability: Snow Warning|[of] p2a: Ninetales\n|turn|1\n|\n|t:|1700059423\n|move|p1a: Kilowattrel|Volt Switch|p2a: Ninetales\n|-damage|p2a: Ninetales|53\/100\n|-damage|p1a: Kilowattrel|91\/100|[from] item: Life Orb\n|\n|t:|1700059440\n|switch|p1a: Barraskewda|Barraskewda, F, shiny|100\/100|[from] Volt Switch\n|move|p2a: Ninetales|Aurora Veil|p2a: Ninetales\n|-sidestart|p2: Thehombre|move: Aurora Veil\n|\n|-weather|Snow|[upkeep]\n|upkeep\n|turn|2\n|\n|t:|1700059450\n|move|p1a: Barraskewda|Liquidation|p2a: Ninetales\n|-damage|p2a: Ninetales|22\/100\n|move|p2a: Ninetales|Misty Terrain|p2a: Ninetales\n|-fieldstart|move: Misty Terrain\n|\n|-weather|Snow|[upkeep]\n|upkeep\n|turn|3\n|\n|t:|1700059467\n|move|p1a: Barraskewda|Liquidation|p2a: Ninetales\n|-damage|p2a: Ninetales|0 fnt\n|faint|p2a: Ninetales\n|\n|-weather|Snow|[upkeep]\n|upkeep\n|\n|t:|1700059473\n|switch|p2a: Ogerpon|Ogerpon-Cornerstone, F|100\/100\n|turn|4\n|\n|t:|1700059480\n|move|p1a: Barraskewda|Liquidation|p2a: Ogerpon\n|-damage|p2a: Ogerpon|58\/100\n|move|p2a: Ogerpon|Swords Dance|p2a: Ogerpon\n|-boost|p2a: Ogerpon|atk|2\n|\n|-weather|Snow|[upkeep]\n|upkeep\n|turn|5\n|\n|t:|1700059492\n|switch|p1a: Kilowattrel|Kilowattrel, M, shiny|91\/100\n|move|p2a: Ogerpon|Horn Leech|p1a: Kilowattrel\n|-resisted|p1a: Kilowattrel\n|-damage|p1a: Kilowattrel|10\/100\n|-heal|p2a: Ogerpon|96\/100|[from] drain|[of] p1a: Kilowattrel\n|\n|-weather|none\n|upkeep\n|turn|6\n|\n|t:|1700059498\n|move|p1a: Kilowattrel|Air Slash|p2a: Ogerpon|[miss]\n|-miss|p1a: Kilowattrel|p2a: Ogerpon\n|move|p2a: Ogerpon|Trailblaze|p1a: Kilowattrel\n|-resisted|p1a: Kilowattrel\n|-damage|p1a: Kilowattrel|0 fnt\n|-boost|p2a: Ogerpon|spe|1\n|faint|p1a: Kilowattrel\n|\n|-fieldend|Misty Terrain\n|upkeep\n|inactive|kutazzz has 120 seconds left.\n|\n|t:|1700059528\n|switch|p1a: Landorus|Landorus-Therian, M, shiny|100\/100\n|-ability|p1a: Landorus|Intimidate|boost\n|-unboost|p2a: Ogerpon|atk|1\n|turn|7\n|\n|t:|1700059533\n|move|p2a: Ogerpon|Swords Dance|p2a: Ogerpon\n|-boost|p2a: Ogerpon|atk|2\n|move|p1a: Landorus|Brick Break|p2a: Ogerpon\n|-sideend|p2: Thehombre|move: Aurora Veil\n|-supereffective|p2a: Ogerpon\n|-damage|p2a: Ogerpon|14\/100\n|\n|upkeep\n|turn|8\n|\n|t:|1700059540\n|move|p2a: Ogerpon|Horn Leech|p1a: Landorus\n|-damage|p1a: Landorus|0 fnt\n|-heal|p2a: Ogerpon|67\/100|[from] drain|[of] p1a: Landorus\n|faint|p1a: Landorus\n|\n|upkeep\n|\n|t:|1700059549\n|switch|p1a: Barraskewda|Barraskewda, F, shiny|100\/100\n|turn|9\n|\n|t:|1700059552\n|-terastallize|p2a: Ogerpon|Rock\n|detailschange|p2a: Ogerpon|Ogerpon-Cornerstone-Tera, F, tera:Rock\n|-ability|p2a: Ogerpon|Embody Aspect (Cornerstone)|boost\n|-boost|p2a: Ogerpon|def|1\n|move|p1a: Barraskewda|Aqua Jet|p2a: Ogerpon\n|-supereffective|p2a: Ogerpon\n|-damage|p2a: Ogerpon|18\/100\n|move|p2a: Ogerpon|Horn Leech|p1a: Barraskewda\n|-supereffective|p1a: Barraskewda\n|-damage|p1a: Barraskewda|0 fnt\n|-heal|p2a: Ogerpon|62\/100|[from] drain|[of] p1a: Barraskewda\n|faint|p1a: Barraskewda\n|\n|upkeep\n|-message|kutazzz forfeited.\n|\n|win|Thehombre\n|raw|kutazzz's rating: 1068 &rarr; <strong>1052<\/strong><br \/>(-16 for losing)\n|raw|Thehombre's rating: 1149 &rarr; <strong>1168<\/strong><br \/>(+19 for winning)\n|l|\u2606kutazzz\n","uploadtime":1700059562,"views":5,"p1id":"kutazzz","p2id":"thehombre","formatid":"gen9ou","rating":1052,"private":0,"password":""}