{"id":"gen9ou-1996103935","p1":"indoraptorrrr","p2":"xiaoyang2004","format":"[Gen 9] OU","log":"|j|\u2606indoraptorrrr\n|j|\u2606xiaoyang2004\n|t:|1700644680\n|gametype|singles\n|player|p1|indoraptorrrr|cynthia|1351\n|player|p2|xiaoyang2004|lyra|1430\n|teamsize|p1|6\n|teamsize|p2|6\n|gen|9\n|tier|[Gen 9] OU\n|rated|\n|rule|Sleep Clause Mod: Limit one foe put to sleep\n|rule|Species Clause: Limit one of each Pok\u00e9mon\n|rule|OHKO Clause: OHKO moves are banned\n|rule|Evasion Items Clause: Evasion items are banned\n|rule|Evasion Moves Clause: Evasion moves are banned\n|rule|Endless Battle Clause: Forcing endless battles is banned\n|rule|HP Percentage Mod: HP is shown in percentages\n|clearpoke\n|poke|p1|Great Tusk|\n|poke|p1|Ribombee, F|\n|poke|p1|Ninetales-Alola, M|\n|poke|p1|Dragapult, M|\n|poke|p1|Manaphy|\n|poke|p1|Rillaboom, F|\n|poke|p2|Ribombee, F|\n|poke|p2|Gholdengo|\n|poke|p2|Dragapult, M|\n|poke|p2|Samurott-Hisui, M|\n|poke|p2|Ogerpon-Cornerstone, F|\n|poke|p2|Great Tusk|\n|teampreview\n|inactive|Battle timer is ON: inactive players will automatically lose when time's up. (requested by indoraptorrrr)\n|\n|t:|1700644698\n|start\n|switch|p1a: Ninetales|Ninetales-Alola, M|100\/100\n|switch|p2a: Ribombee|Ribombee, F, shiny|100\/100\n|-weather|Snow|[from] ability: Snow Warning|[of] p1a: Ninetales\n|turn|1\n|\n|t:|1700644707\n|move|p2a: Ribombee|Sticky Web|p1a: Ninetales\n|-sidestart|p1: indoraptorrrr|move: Sticky Web\n|move|p1a: Ninetales|Encore|p2a: Ribombee\n|-start|p2a: Ribombee|Encore\n|\n|-weather|Snow|[upkeep]\n|upkeep\n|turn|2\n|\n|t:|1700644729\n|switch|p2a: Gholdengo|Gholdengo|100\/100\n|move|p1a: Ninetales|Aurora Veil|p1a: Ninetales\n|-sidestart|p1: indoraptorrrr|move: Aurora Veil\n|\n|-weather|Snow|[upkeep]\n|upkeep\n|turn|3\n|\n|t:|1700644738\n|switch|p1a: Manaphy|Manaphy|100\/100\n|-activate|p1a: Manaphy|move: Sticky Web\n|-unboost|p1a: Manaphy|spe|1\n|move|p2a: Gholdengo|Nasty Plot|p2a: Gholdengo\n|-boost|p2a: Gholdengo|spa|2\n|\n|-weather|Snow|[upkeep]\n|upkeep\n|turn|4\n|\n|t:|1700644749\n|move|p2a: Gholdengo|Shadow Ball|p1a: Manaphy\n|-damage|p1a: Manaphy|72\/100\n|move|p1a: Manaphy|Take Heart|p1a: Manaphy\n|-boost|p1a: Manaphy|spa|1\n|-boost|p1a: Manaphy|spd|1\n|\n|-weather|Snow|[upkeep]\n|-heal|p1a: Manaphy|78\/100|[from] item: Leftovers\n|upkeep\n|turn|5\n|\n|t:|1700644769\n|move|p2a: Gholdengo|Nasty Plot|p2a: Gholdengo\n|-boost|p2a: Gholdengo|spa|2\n|move|p1a: Manaphy|Take Heart|p1a: Manaphy\n|-boost|p1a: Manaphy|spa|1\n|-boost|p1a: Manaphy|spd|1\n|\n|-weather|none\n|-heal|p1a: Manaphy|85\/100|[from] item: Leftovers\n|upkeep\n|turn|6\n|\n|t:|1700644779\n|move|p2a: Gholdengo|Nasty Plot|p2a: Gholdengo\n|-boost|p2a: Gholdengo|spa|2\n|move|p1a: Manaphy|Scald|p2a: Gholdengo\n|-damage|p2a: Gholdengo|25\/100\n|\n|-heal|p1a: Manaphy|91\/100|[from] item: Leftovers\n|upkeep\n|turn|7\n|\n|t:|1700644792\n|move|p2a: Gholdengo|Shadow Ball|p1a: Manaphy\n|-damage|p1a: Manaphy|61\/100\n|move|p1a: Manaphy|Scald|p2a: Gholdengo\n|-damage|p2a: Gholdengo|0 fnt\n|faint|p2a: Gholdengo\n|\n|-heal|p1a: Manaphy|67\/100|[from] item: Leftovers\n|upkeep\n|\n|t:|1700644811\n|switch|p2a: Samurott|Samurott-Hisui, M, shiny|100\/100\n|turn|8\n|\n|t:|1700644834\n|move|p2a: Samurott|Ceaseless Edge|p1a: Manaphy\n|-damage|p1a: Manaphy|48\/100\n|-sidestart|p1: indoraptorrrr|Spikes\n|move|p1a: Manaphy|Acid Armor|p1a: Manaphy\n|-boost|p1a: Manaphy|def|2\n|\n|-heal|p1a: Manaphy|54\/100|[from] item: Leftovers\n|upkeep\n|turn|9\n|\n|t:|1700644843\n|move|p2a: Samurott|Ceaseless Edge|p1a: Manaphy\n|-damage|p1a: Manaphy|44\/100\n|-sidestart|p1: indoraptorrrr|Spikes\n|move|p1a: Manaphy|Scald|p2a: Samurott\n|-resisted|p2a: Samurott\n|-damage|p2a: Samurott|42\/100\n|-status|p2a: Samurott|brn\n|\n|-heal|p1a: Manaphy|50\/100|[from] item: Leftovers\n|-damage|p2a: Samurott|36\/100 brn|[from] brn\n|-sideend|p1: indoraptorrrr|move: Aurora Veil\n|upkeep\n|turn|10\n|\n|t:|1700644856\n|move|p2a: Samurott|Ceaseless Edge|p1a: Manaphy\n|-damage|p1a: Manaphy|40\/100\n|-sidestart|p1: indoraptorrrr|Spikes\n|move|p1a: Manaphy|Scald|p2a: Samurott\n|-resisted|p2a: Samurott\n|-damage|p2a: Samurott|0 fnt\n|faint|p2a: Samurott\n|\n|-heal|p1a: Manaphy|46\/100|[from] item: Leftovers\n|upkeep\n|\n|t:|1700644866\n|switch|p2a: Ogerpon|Ogerpon-Cornerstone, F|100\/100\n|turn|11\n|\n|t:|1700644873\n|-terastallize|p1a: Manaphy|Poison\n|move|p2a: Ogerpon|Swords Dance|p2a: Ogerpon\n|-boost|p2a: Ogerpon|atk|2\n|move|p1a: Manaphy|Stored Power|p2a: Ogerpon\n|-ability|p2a: Ogerpon|Sturdy\n|-damage|p2a: Ogerpon|1\/100\n|\n|-heal|p1a: Manaphy|52\/100|[from] item: Leftovers\n|upkeep\n|turn|12\n|\n|t:|1700644885\n|move|p2a: Ogerpon|Ivy Cudgel|p1a: Manaphy|[anim] Ivy Cudgel Rock\n|-damage|p1a: Manaphy|0 fnt\n|faint|p1a: Manaphy\n|\n|upkeep\n|\n|t:|1700644890\n|switch|p1a: Rillaboom|Rillaboom, F|100\/100\n|-activate|p1a: Rillaboom|move: Sticky Web\n|-unboost|p1a: Rillaboom|spe|1\n|-damage|p1a: Rillaboom|75\/100|[from] Spikes\n|-fieldstart|move: Grassy Terrain|[from] ability: Grassy Surge|[of] p1a: Rillaboom\n|turn|13\n|\n|t:|1700644897\n|switch|p2a: Ribombee|Ribombee, F, shiny|100\/100\n|move|p1a: Rillaboom|Grassy Glide|p2a: Ribombee\n|-resisted|p2a: Ribombee\n|-damage|p2a: Ribombee|53\/100\n|-damage|p1a: Rillaboom|66\/100|[from] item: Life Orb\n|\n|-heal|p2a: Ribombee|59\/100|[from] Grassy Terrain\n|-heal|p1a: Rillaboom|72\/100|[from] Grassy Terrain\n|upkeep\n|turn|14\n|\n|t:|1700644909\n|switch|p1a: Ribombee|Ribombee, F, shiny|100\/100\n|-activate|p1a: Ribombee|move: Sticky Web\n|-unboost|p1a: Ribombee|spe|1\n|-damage|p1a: Ribombee|76\/100|[from] Spikes\n|move|p2a: Ribombee|Moonblast|p1a: Ribombee\n|-damage|p1a: Ribombee|2\/100\n|\n|-heal|p2a: Ribombee|65\/100|[from] Grassy Terrain\n|-heal|p1a: Ribombee|8\/100|[from] Grassy Terrain\n|upkeep\n|turn|15\n|\n|t:|1700644920\n|move|p2a: Ribombee|Moonblast|p1a: Ribombee\n|-damage|p1a: Ribombee|0 fnt\n|faint|p1a: Ribombee\n|\n|-heal|p2a: Ribombee|71\/100|[from] Grassy Terrain\n|upkeep\n|\n|t:|1700644925\n|switch|p1a: Dragapult|Dragapult, M|100\/100\n|turn|16\n|\n|t:|1700644940\n|move|p1a: Dragapult|Hex|p2a: Ribombee\n|-damage|p2a: Ribombee|18\/100\n|move|p2a: Ribombee|Moonblast|p1a: Dragapult\n|-supereffective|p1a: Dragapult\n|-damage|p1a: Dragapult|0 fnt\n|faint|p1a: Dragapult\n|\n|-heal|p2a: Ribombee|24\/100|[from] Grassy Terrain\n|upkeep\n|\n|t:|1700644943\n|switch|p1a: Ninetales|Ninetales-Alola, M|100\/100\n|-activate|p1a: Ninetales|move: Sticky Web\n|-unboost|p1a: Ninetales|spe|1\n|-damage|p1a: Ninetales|76\/100|[from] Spikes\n|-weather|Snow|[from] ability: Snow Warning|[of] p1a: Ninetales\n|turn|17\n|\n|t:|1700644958\n|move|p2a: Ribombee|Moonblast|p1a: Ninetales\n|-damage|p1a: Ninetales|28\/100\n|move|p1a: Ninetales|Freeze-Dry|p2a: Ribombee\n|-damage|p2a: Ribombee|0 fnt\n|faint|p2a: Ribombee\n|\n|-weather|Snow|[upkeep]\n|-heal|p1a: Ninetales|34\/100|[from] Grassy Terrain\n|-fieldend|move: Grassy Terrain\n|upkeep\n|\n|t:|1700644968\n|switch|p2a: Ogerpon|Ogerpon-Cornerstone, F|1\/100\n|turn|18\n|\n|t:|1700644974\n|move|p2a: Ogerpon|Ivy Cudgel|p1a: Ninetales|[anim] Ivy Cudgel Rock\n|-supereffective|p1a: Ninetales\n|-damage|p1a: Ninetales|0 fnt\n|faint|p1a: Ninetales\n|\n|-weather|Snow|[upkeep]\n|upkeep\n|\n|t:|1700644976\n|switch|p1a: Great Tusk|Great Tusk|100\/100\n|-activate|p1a: Great Tusk|move: Sticky Web\n|-unboost|p1a: Great Tusk|spe|1\n|-damage|p1a: Great Tusk|76\/100|[from] Spikes\n|turn|19\n|\n|t:|1700644988\n|switch|p2a: Dragapult|Dragapult, M, shiny|100\/100\n|move|p1a: Great Tusk|Knock Off|p2a: Dragapult\n|-supereffective|p2a: Dragapult\n|-damage|p2a: Dragapult|23\/100\n|-enditem|p2a: Dragapult|Choice Specs|[from] move: Knock Off|[of] p1a: Great Tusk\n|\n|-weather|Snow|[upkeep]\n|-heal|p1a: Great Tusk|82\/100|[from] item: Leftovers\n|upkeep\n|turn|20\n|\n|t:|1700644998\n|move|p2a: Dragapult|Draco Meteor|p1a: Great Tusk\n|-damage|p1a: Great Tusk|20\/100\n|-unboost|p2a: Dragapult|spa|2\n|move|p1a: Great Tusk|Knock Off|p2a: Dragapult\n|-supereffective|p2a: Dragapult\n|-damage|p2a: Dragapult|0 fnt\n|faint|p2a: Dragapult\n|\n|-weather|Snow|[upkeep]\n|-heal|p1a: Great Tusk|27\/100|[from] item: Leftovers\n|upkeep\n|\n|t:|1700645010\n|switch|p2a: Ogerpon|Ogerpon-Cornerstone, F|1\/100\n|turn|21\n|\n|t:|1700645015\n|move|p2a: Ogerpon|Horn Leech|p1a: Great Tusk\n|-supereffective|p1a: Great Tusk\n|-damage|p1a: Great Tusk|0 fnt\n|-heal|p2a: Ogerpon|20\/100|[from] drain|[of] p1a: Great Tusk\n|faint|p1a: Great Tusk\n|-end|p1a: Great Tusk|Protosynthesis|[silent]\n|\n|-weather|none\n|upkeep\n|\n|t:|1700645018\n|switch|p1a: Rillaboom|Rillaboom, F|72\/100\n|-activate|p1a: Rillaboom|move: Sticky Web\n|-unboost|p1a: Rillaboom|spe|1\n|-damage|p1a: Rillaboom|47\/100|[from] Spikes\n|-fieldstart|move: Grassy Terrain|[from] ability: Grassy Surge|[of] p1a: Rillaboom\n|turn|22\n|\n|t:|1700645030\n|move|p1a: Rillaboom|Grassy Glide|p2a: Ogerpon\n|-damage|p2a: Ogerpon|0 fnt\n|faint|p2a: Ogerpon\n|-damage|p1a: Rillaboom|37\/100|[from] item: Life Orb\n|\n|-heal|p1a: Rillaboom|43\/100|[from] Grassy Terrain\n|upkeep\n|\n|t:|1700645037\n|switch|p2a: Great Tusk|Great Tusk, shiny|100\/100\n|-enditem|p2a: Great Tusk|Booster Energy\n|-activate|p2a: Great Tusk|ability: Protosynthesis|[fromitem]\n|-start|p2a: Great Tusk|protosynthesisatk\n|turn|23\n|\n|t:|1700645043\n|-terastallize|p2a: Great Tusk|Fire\n|move|p1a: Rillaboom|Grassy Glide|p2a: Great Tusk\n|-resisted|p2a: Great Tusk\n|-damage|p2a: Great Tusk|80\/100\n|-damage|p1a: Rillaboom|34\/100|[from] item: Life Orb\n|move|p2a: Great Tusk|Ice Spinner|p1a: Rillaboom\n|-supereffective|p1a: Rillaboom\n|-damage|p1a: Rillaboom|0 fnt\n|-fieldend|move: Grassy Terrain\n|faint|p1a: Rillaboom\n|\n|win|xiaoyang2004\n|raw|indoraptorrrr's rating: 1351 &rarr; <strong>1335<\/strong><br \/>(-16 for losing)\n|raw|xiaoyang2004's rating: 1430 &rarr; <strong>1446<\/strong><br \/>(+16 for winning)\n|l|\u2606indoraptorrrr\n","uploadtime":1700645057,"views":4,"p1id":"indoraptorrrr","p2id":"xiaoyang2004","formatid":"gen9ou","rating":1335,"private":0,"password":""}