{"id":"gen9ou-1997356995","p1":"ookillemd-tan","p2":"illneverchooseyou","format":"[Gen 9] OU","log":"|j|\u2606ookillemd-tan\n|j|\u2606illneverchooseyou\n|t:|1700793624\n|gametype|singles\n|player|p1|ookillemd-tan|170|1563\n|player|p2|illneverchooseyou|psychic-gen4|1674\n|teamsize|p1|6\n|teamsize|p2|6\n|gen|9\n|tier|[Gen 9] OU\n|rated|\n|rule|Sleep Clause Mod: Limit one foe put to sleep\n|rule|Species Clause: Limit one of each Pok\u00e9mon\n|rule|OHKO Clause: OHKO moves are banned\n|rule|Evasion Items Clause: Evasion items are banned\n|rule|Evasion Moves Clause: Evasion moves are banned\n|rule|Endless Battle Clause: Forcing endless battles is banned\n|rule|HP Percentage Mod: HP is shown in percentages\n|clearpoke\n|poke|p1|Iron Valiant|\n|poke|p1|Alomomola, M|\n|poke|p1|Slowking-Galar, M|\n|poke|p1|Rillaboom, M|\n|poke|p1|Cinderace, M|\n|poke|p1|Samurott-Hisui, F|\n|poke|p2|Great Tusk|\n|poke|p2|Ursaluna, F|\n|poke|p2|Munkidori, M|\n|poke|p2|Slowking-Galar, F|\n|poke|p2|Alomomola, F|\n|poke|p2|Amoonguss, M|\n|teampreview\n|\n|t:|1700793647\n|start\n|switch|p1a: Iron Valiant|Iron Valiant|100\/100\n|switch|p2a: Munkidori|Munkidori, M|100\/100\n|turn|1\n|\n|t:|1700793657\n|move|p2a: Munkidori|U-turn|p1a: Iron Valiant\n|-resisted|p1a: Iron Valiant\n|-damage|p1a: Iron Valiant|97\/100\n|\n|t:|1700793664\n|switch|p2a: Amoonguss|Amoonguss, M, shiny|100\/100|[from] U-turn\n|move|p1a: Iron Valiant|Moonblast|p2a: Amoonguss\n|-resisted|p2a: Amoonguss\n|-damage|p2a: Amoonguss|75\/100\n|\n|upkeep\n|turn|2\n|\n|t:|1700793678\n|-end|p1a: Iron Valiant|Quark Drive|[silent]\n|switch|p1a: Slowking|Slowking-Galar, M|100\/100\n|move|p2a: Amoonguss|Spore|p1a: Slowking\n|-status|p1a: Slowking|slp|[from] move: Spore\n|\n|upkeep\n|turn|3\n|\n|t:|1700793684\n|switch|p2a: Ursaluna|Ursaluna, F|100\/100\n|cant|p1a: Slowking|slp\n|\n|-status|p2a: Ursaluna|brn|[from] item: Flame Orb\n|upkeep\n|turn|4\n|\n|t:|1700793729\n|switch|p1a: Alomomola|Alomomola, M|100\/100\n|move|p2a: Ursaluna|Facade|p1a: Alomomola\n|-damage|p1a: Alomomola|20\/100\n|\n|-damage|p2a: Ursaluna|94\/100 brn|[from] brn\n|upkeep\n|turn|5\n|\n|t:|1700793744\n|switch|p1a: Samurott|Samurott-Hisui, F|100\/100\n|move|p2a: Ursaluna|Facade|p1a: Samurott\n|-damage|p1a: Samurott|0 fnt\n|faint|p1a: Samurott\n|\n|-damage|p2a: Ursaluna|88\/100 brn|[from] brn\n|upkeep\n|\n|t:|1700793757\n|switch|p1a: Iron Valiant|Iron Valiant|97\/100\n|turn|6\n|\n|t:|1700793768\n|switch|p2a: Amoonguss|Amoonguss, M, shiny|100\/100\n|move|p1a: Iron Valiant|Psyshock|p2a: Amoonguss\n|-supereffective|p2a: Amoonguss\n|-damage|p2a: Amoonguss|27\/100\n|\n|upkeep\n|turn|7\n|\n|t:|1700793775\n|switch|p2a: Alomomola|Alomomola, F|100\/100\n|move|p1a: Iron Valiant|Psyshock|p2a: Alomomola\n|-damage|p2a: Alomomola|78\/100\n|\n|upkeep\n|turn|8\n|\n|t:|1700793780\n|-end|p1a: Iron Valiant|Quark Drive|[silent]\n|switch|p1a: Slowking|Slowking-Galar, M|100\/100 slp\n|move|p2a: Alomomola|Flip Turn|p1a: Slowking\n|-damage|p1a: Slowking|85\/100 slp\n|\n|t:|1700793784\n|switch|p2a: Ursaluna|Ursaluna, F|88\/100 brn|[from] Flip Turn\n|\n|-damage|p2a: Ursaluna|82\/100 brn|[from] brn\n|upkeep\n|turn|9\n|\n|t:|1700793792\n|switch|p1a: Iron Valiant|Iron Valiant|97\/100\n|move|p2a: Ursaluna|Facade|p1a: Iron Valiant\n|-damage|p1a: Iron Valiant|0 fnt\n|faint|p1a: Iron Valiant\n|-end|p1a: Iron Valiant|Quark Drive|[silent]\n|\n|-damage|p2a: Ursaluna|76\/100 brn|[from] brn\n|upkeep\n|\n|t:|1700793795\n|switch|p1a: Rillaboom|Rillaboom, M|100\/100\n|-fieldstart|move: Grassy Terrain|[from] ability: Grassy Surge|[of] p1a: Rillaboom\n|turn|10\n|\n|t:|1700793802\n|switch|p2a: Amoonguss|Amoonguss, M, shiny|60\/100\n|-terastallize|p1a: Rillaboom|Grass\n|move|p1a: Rillaboom|Wood Hammer|p2a: Amoonguss\n|-resisted|p2a: Amoonguss\n|-damage|p2a: Amoonguss|19\/100\n|-damage|p1a: Rillaboom|83\/100|[from] Recoil\n|\n|-heal|p1a: Rillaboom|90\/100|[from] Grassy Terrain\n|-heal|p2a: Amoonguss|25\/100|[from] Grassy Terrain\n|upkeep\n|turn|11\n|\n|t:|1700793830\n|switch|p2a: Great Tusk|Great Tusk|100\/100\n|move|p1a: Rillaboom|Wood Hammer|p2a: Great Tusk\n|-supereffective|p2a: Great Tusk\n|-damage|p2a: Great Tusk|0 fnt\n|faint|p2a: Great Tusk\n|-end|p2a: Great Tusk|Protosynthesis|[silent]\n|-damage|p1a: Rillaboom|54\/100|[from] Recoil\n|\n|-heal|p1a: Rillaboom|60\/100|[from] Grassy Terrain\n|upkeep\n|\n|t:|1700793845\n|switch|p2a: Amoonguss|Amoonguss, M, shiny|59\/100\n|turn|12\n|\n|t:|1700793856\n|switch|p1a: Slowking|Slowking-Galar, M|100\/100 slp\n|move|p2a: Amoonguss|Leaf Storm|p1a: Slowking\n|-resisted|p1a: Slowking\n|-damage|p1a: Slowking|86\/100 slp\n|-unboost|p2a: Amoonguss|spa|2\n|-enditem|p2a: Amoonguss|Eject Pack\n|\n|t:|1700793878\n|switch|p2a: Ursaluna|Ursaluna, F|76\/100 brn\n|\n|-heal|p2a: Ursaluna|82\/100 brn|[from] Grassy Terrain\n|-heal|p1a: Slowking|92\/100 slp|[from] Grassy Terrain\n|-damage|p2a: Ursaluna|76\/100 brn|[from] brn\n|upkeep\n|turn|13\n|\n|t:|1700793899\n|switch|p1a: Alomomola|Alomomola, M|54\/100\n|move|p2a: Ursaluna|Facade|p1a: Alomomola\n|-damage|p1a: Alomomola|0 fnt\n|faint|p1a: Alomomola\n|\n|-heal|p2a: Ursaluna|82\/100 brn|[from] Grassy Terrain\n|-damage|p2a: Ursaluna|76\/100 brn|[from] brn\n|upkeep\n|\n|t:|1700793901\n|switch|p1a: Rillaboom|Rillaboom, M, tera:Grass|60\/100\n|turn|14\n|\n|t:|1700793912\n|switch|p2a: Amoonguss|Amoonguss, M, shiny|92\/100\n|move|p1a: Rillaboom|U-turn|p2a: Amoonguss\n|-damage|p2a: Amoonguss|57\/100\n|\n|t:|1700793917\n|switch|p1a: Cinderace|Cinderace, M|100\/100|[from] U-turn\n|\n|-heal|p2a: Amoonguss|63\/100|[from] Grassy Terrain\n|-fieldend|move: Grassy Terrain\n|upkeep\n|turn|15\n|\n|t:|1700793927\n|switch|p2a: Alomomola|Alomomola, F|100\/100\n|move|p1a: Cinderace|U-turn|p2a: Alomomola\n|-start|p1a: Cinderace|typechange|Bug|[from] ability: Libero\n|-damage|p2a: Alomomola|82\/100\n|-damage|p1a: Cinderace|84\/100|[from] item: Rocky Helmet|[of] p2a: Alomomola\n|\n|t:|1700793930\n|switch|p1a: Slowking|Slowking-Galar, M|100\/100 slp|[from] U-turn\n|\n|upkeep\n|turn|16\n|\n|t:|1700793951\n|move|p2a: Alomomola|Flip Turn|p1a: Slowking\n|-damage|p1a: Slowking|83\/100 slp\n|\n|t:|1700793961\n|switch|p2a: Ursaluna|Ursaluna, F|76\/100 brn|[from] Flip Turn\n|cant|p1a: Slowking|slp\n|\n|-damage|p2a: Ursaluna|70\/100 brn|[from] brn\n|upkeep\n|turn|17\n|\n|t:|1700793972\n|switch|p1a: Cinderace|Cinderace, M|84\/100\n|move|p2a: Ursaluna|Facade|p1a: Cinderace\n|-damage|p1a: Cinderace|0 fnt\n|faint|p1a: Cinderace\n|\n|-damage|p2a: Ursaluna|64\/100 brn|[from] brn\n|upkeep\n|\n|t:|1700793974\n|switch|p1a: Rillaboom|Rillaboom, M, tera:Grass|60\/100\n|-fieldstart|move: Grassy Terrain|[from] ability: Grassy Surge|[of] p1a: Rillaboom\n|turn|18\n|\n|t:|1700793979\n|switch|p2a: Amoonguss|Amoonguss, M, shiny|96\/100\n|move|p1a: Rillaboom|Wood Hammer|p2a: Amoonguss\n|-resisted|p2a: Amoonguss\n|-damage|p2a: Amoonguss|53\/100\n|-damage|p1a: Rillaboom|42\/100|[from] Recoil\n|\n|-heal|p1a: Rillaboom|48\/100|[from] Grassy Terrain\n|-heal|p2a: Amoonguss|59\/100|[from] Grassy Terrain\n|upkeep\n|turn|19\n|\n|t:|1700793983\n|move|p1a: Rillaboom|Wood Hammer|p2a: Amoonguss\n|-resisted|p2a: Amoonguss\n|-damage|p2a: Amoonguss|16\/100\n|-damage|p1a: Rillaboom|30\/100|[from] Recoil\n|move|p2a: Amoonguss|Foul Play|p1a: Rillaboom\n|-damage|p1a: Rillaboom|0 fnt\n|faint|p1a: Rillaboom\n|\n|-heal|p2a: Amoonguss|22\/100|[from] Grassy Terrain\n|upkeep\n|\n|t:|1700793986\n|switch|p1a: Slowking|Slowking-Galar, M|100\/100 slp\n|turn|20\n|\n|t:|1700794000\n|switch|p2a: Ursaluna|Ursaluna, F|64\/100 brn\n|cant|p1a: Slowking|slp\n|\n|-heal|p2a: Ursaluna|70\/100 brn|[from] Grassy Terrain\n|-damage|p2a: Ursaluna|64\/100 brn|[from] brn\n|upkeep\n|turn|21\n|c|\u2606illneverchooseyou|Gg\n|\n|t:|1700794007\n|move|p2a: Ursaluna|Facade|p1a: Slowking\n|-damage|p1a: Slowking|0 fnt\n|faint|p1a: Slowking\n|\n|win|illneverchooseyou\n|raw|ookillemd-tan's rating: 1563 &rarr; <strong>1549<\/strong><br \/>(-14 for losing)\n|raw|illneverchooseyou's rating: 1674 &rarr; <strong>1688<\/strong><br \/>(+14 for winning)\n|l|\u2606ookillemd-tan\n","uploadtime":1700794228,"views":5,"p1id":"ookillemdtan","p2id":"illneverchooseyou","formatid":"gen9ou","rating":1549,"private":0,"password":""}