{"id":"gen9ou-1991474178","p1":"fatlumpofpoop","p2":"TotallyNotAutistic","format":"[Gen 9] OU","log":"|j|\u2606fatlumpofpoop\n|j|\u2606TotallyNotAutistic\n|t:|1700080258\n|gametype|singles\n|player|p1|fatlumpofpoop|265|1231\n|player|p2|TotallyNotAutistic|n|1312\n|teamsize|p1|6\n|teamsize|p2|6\n|gen|9\n|tier|[Gen 9] OU\n|rated|\n|rule|Sleep Clause Mod: Limit one foe put to sleep\n|rule|Species Clause: Limit one of each Pok\u00e9mon\n|rule|OHKO Clause: OHKO moves are banned\n|rule|Evasion Items Clause: Evasion items are banned\n|rule|Evasion Moves Clause: Evasion moves are banned\n|rule|Endless Battle Clause: Forcing endless battles is banned\n|rule|HP Percentage Mod: HP is shown in percentages\n|clearpoke\n|poke|p1|Scizor, M|\n|poke|p1|Pelipper, F|\n|poke|p1|Basculegion, M|\n|poke|p1|Goodra-Hisui, F|\n|poke|p1|Kilowattrel, F|\n|poke|p1|Great Tusk|\n|poke|p2|Cinderace, M|\n|poke|p2|Dragapult, M|\n|poke|p2|Gholdengo|\n|poke|p2|Corviknight, F|\n|poke|p2|Kingambit, M|\n|poke|p2|Toxapex, F|\n|teampreview\n|inactive|Battle timer is ON: inactive players will automatically lose when time's up. (requested by fatlumpofpoop)\n|\n|t:|1700080274\n|start\n|switch|p1a: Gulp|Pelipper, F|100\/100\n|switch|p2a: Gholdengo|Gholdengo|100\/100\n|-item|p2a: Gholdengo|Air Balloon\n|-weather|RainDance|[from] ability: Drizzle|[of] p1a: Gulp\n|turn|1\n|\n|t:|1700080286\n|move|p2a: Gholdengo|Shadow Ball|p1a: Gulp\n|-damage|p1a: Gulp|40\/100\n|-unboost|p1a: Gulp|spd|1\n|move|p1a: Gulp|U-turn|p2a: Gholdengo\n|-resisted|p2a: Gholdengo\n|-damage|p2a: Gholdengo|99\/100\n|-enditem|p2a: Gholdengo|Air Balloon\n|\n|t:|1700080295\n|switch|p1a: Rage|Great Tusk|100\/100|[from] U-turn\n|\n|-weather|RainDance|[upkeep]\n|upkeep\n|turn|2\n|\n|t:|1700080301\n|switch|p2a: Corviknight|Corviknight, F|100\/100\n|-ability|p2a: Corviknight|Pressure\n|move|p1a: Rage|Stealth Rock|p2a: Corviknight\n|-sidestart|p2: TotallyNotAutistic|move: Stealth Rock\n|\n|-weather|RainDance|[upkeep]\n|upkeep\n|turn|3\n|\n|t:|1700080309\n|move|p1a: Rage|Knock Off|p2a: Corviknight\n|-crit|p2a: Corviknight\n|-damage|p2a: Corviknight|75\/100\n|-damage|p1a: Rage|84\/100|[from] item: Rocky Helmet|[of] p2a: Corviknight\n|-enditem|p2a: Corviknight|Rocky Helmet|[from] move: Knock Off|[of] p1a: Rage\n|move|p2a: Corviknight|U-turn|p1a: Rage\n|-resisted|p1a: Rage\n|-damage|p1a: Rage|79\/100\n|-damage|p2a: Corviknight|59\/100|[from] item: Rocky Helmet|[of] p1a: Rage\n|inactive|TotallyNotAutistic has 120 seconds left.\n|\n|t:|1700080357\n|switch|p2a: Toxapex|Toxapex, F|100\/100|[from] U-turn\n|-damage|p2a: Toxapex|88\/100|[from] Stealth Rock\n|\n|-weather|RainDance|[upkeep]\n|-heal|p2a: Toxapex|94\/100|[from] item: Leftovers\n|upkeep\n|turn|4\n|\n|t:|1700080371\n|move|p1a: Rage|Knock Off|p2a: Toxapex\n|-damage|p2a: Toxapex|78\/100\n|-enditem|p2a: Toxapex|Leftovers|[from] move: Knock Off|[of] p1a: Rage\n|move|p2a: Toxapex|Surf|p1a: Rage\n|-supereffective|p1a: Rage\n|-damage|p1a: Rage|11\/100\n|\n|-weather|RainDance|[upkeep]\n|upkeep\n|turn|5\n|\n|t:|1700080378\n|move|p2a: Toxapex|Baneful Bunker|p2a: Toxapex\n|-singleturn|p2a: Toxapex|move: Protect\n|move|p1a: Rage|Earthquake|p2a: Toxapex\n|-activate|p2a: Toxapex|move: Protect\n|\n|-weather|RainDance|[upkeep]\n|upkeep\n|turn|6\n|inactive|TotallyNotAutistic has 120 seconds left.\n|\n|t:|1700080386\n|move|p1a: Rage|Earthquake|p2a: Toxapex\n|-supereffective|p2a: Toxapex\n|-damage|p2a: Toxapex|30\/100\n|move|p2a: Toxapex|Surf|p1a: Rage\n|-supereffective|p1a: Rage\n|-damage|p1a: Rage|0 fnt\n|faint|p1a: Rage\n|-end|p1a: Rage|Protosynthesis|[silent]\n|\n|-weather|RainDance|[upkeep]\n|upkeep\n|\n|t:|1700080402\n|switch|p1a: Storm|Kilowattrel, F|100\/100\n|turn|7\n|\n|t:|1700080410\n|move|p2a: Toxapex|Baneful Bunker|p2a: Toxapex\n|-singleturn|p2a: Toxapex|move: Protect\n|move|p1a: Storm|Volt Switch|p2a: Toxapex\n|-activate|p2a: Toxapex|move: Protect\n|\n|-weather|RainDance|[upkeep]\n|upkeep\n|turn|8\n|\n|t:|1700080430\n|switch|p2a: Gholdengo|Gholdengo|99\/100\n|-damage|p2a: Gholdengo|93\/100|[from] Stealth Rock\n|move|p1a: Storm|Volt Switch|p2a: Gholdengo\n|-crit|p2a: Gholdengo\n|-damage|p2a: Gholdengo|34\/100\n|-damage|p1a: Storm|91\/100|[from] item: Life Orb\n|\n|t:|1700080446\n|switch|p1a: Antisocial Club|Goodra-Hisui, F|100\/100|[from] Volt Switch\n|\n|-weather|none\n|upkeep\n|turn|9\n|\n|t:|1700080451\n|move|p2a: Gholdengo|Recover|p2a: Gholdengo\n|-heal|p2a: Gholdengo|84\/100\n|move|p1a: Antisocial Club|Hydro Pump|p2a: Gholdengo\n|-damage|p2a: Gholdengo|59\/100\n|\n|upkeep\n|turn|10\n|\n|t:|1700080462\n|switch|p2a: Toxapex|Toxapex, F|64\/100\n|-damage|p2a: Toxapex|51\/100|[from] Stealth Rock\n|move|p1a: Antisocial Club|Dragon Tail|p2a: Toxapex\n|-damage|p2a: Toxapex|39\/100\n|drag|p2a: Corviknight|Corviknight, F|59\/100\n|-damage|p2a: Corviknight|46\/100|[from] Stealth Rock\n|-ability|p2a: Corviknight|Pressure\n|\n|upkeep\n|turn|11\n|\n|t:|1700080472\n|switch|p1a: Gulp|Pelipper, F|40\/100\n|-weather|RainDance|[from] ability: Drizzle|[of] p1a: Gulp\n|move|p2a: Corviknight|Roost|p2a: Corviknight\n|-heal|p2a: Corviknight|96\/100\n|-singleturn|p2a: Corviknight|move: Roost\n|\n|-weather|RainDance|[upkeep]\n|upkeep\n|turn|12\n|\n|t:|1700080496\n|move|p2a: Corviknight|Brave Bird|p1a: Gulp\n|-damage|p1a: Gulp|14\/100\n|-damage|p2a: Corviknight|89\/100|[from] Recoil\n|move|p1a: Gulp|U-turn|p2a: Corviknight\n|-resisted|p2a: Corviknight\n|-damage|p2a: Corviknight|88\/100\n|\n|t:|1700080505\n|switch|p1a: Thrasher|Basculegion, M|100\/100|[from] U-turn\n|\n|-weather|RainDance|[upkeep]\n|upkeep\n|turn|13\n|\n|t:|1700080512\n|switch|p1a: Rolex|Scizor, M|100\/100\n|move|p2a: Corviknight|U-turn|p1a: Rolex\n|-resisted|p1a: Rolex\n|-damage|p1a: Rolex|93\/100\n|\n|t:|1700080515\n|switch|p2a: Cinderace|Cinderace, M|100\/100|[from] U-turn\n|\n|-weather|RainDance|[upkeep]\n|-heal|p1a: Rolex|99\/100|[from] item: Leftovers\n|upkeep\n|turn|14\n|\n|t:|1700080523\n|-terastallize|p1a: Rolex|Steel\n|move|p2a: Cinderace|Court Change|p2a: Cinderace\n|-start|p2a: Cinderace|typechange|Normal|[from] ability: Libero\n|-swapsideconditions\n|-activate|p2a: Cinderace|move: Court Change\n|move|p1a: Rolex|Knock Off|p2a: Cinderace\n|-damage|p2a: Cinderace|46\/100\n|-enditem|p2a: Cinderace|Heavy-Duty Boots|[from] move: Knock Off|[of] p1a: Rolex\n|\n|-weather|RainDance|[upkeep]\n|-heal|p1a: Rolex|100\/100|[from] item: Leftovers\n|upkeep\n|turn|15\n|\n|t:|1700080535\n|switch|p2a: Corviknight|Corviknight, F|88\/100\n|-ability|p2a: Corviknight|Pressure\n|move|p1a: Rolex|Bullet Punch|p2a: Corviknight\n|-resisted|p2a: Corviknight\n|-damage|p2a: Corviknight|74\/100\n|\n|-weather|RainDance|[upkeep]\n|upkeep\n|turn|16\n|\n|t:|1700080543\n|move|p2a: Corviknight|U-turn|p1a: Rolex\n|-resisted|p1a: Rolex\n|-damage|p1a: Rolex|93\/100\n|\n|t:|1700080550\n|switch|p2a: Toxapex|Toxapex, F|72\/100|[from] U-turn\n|move|p1a: Rolex|Swords Dance|p1a: Rolex\n|-boost|p1a: Rolex|atk|2\n|\n|-weather|RainDance|[upkeep]\n|-heal|p1a: Rolex|99\/100|[from] item: Leftovers\n|upkeep\n|turn|17\n|\n|t:|1700080557\n|move|p1a: Rolex|Bullet Punch|p2a: Toxapex\n|-resisted|p2a: Toxapex\n|-damage|p2a: Toxapex|43\/100\n|move|p2a: Toxapex|Haze|p2a: Toxapex\n|-clearallboost\n|\n|-weather|RainDance|[upkeep]\n|-heal|p1a: Rolex|100\/100|[from] item: Leftovers\n|upkeep\n|turn|18\n|\n|t:|1700080567\n|move|p1a: Rolex|Swords Dance|p1a: Rolex\n|-boost|p1a: Rolex|atk|2\n|move|p2a: Toxapex|Surf|p1a: Rolex\n|-damage|p1a: Rolex|67\/100\n|\n|-weather|none\n|-heal|p1a: Rolex|73\/100|[from] item: Leftovers\n|upkeep\n|turn|19\n|\n|t:|1700080575\n|move|p1a: Rolex|Bullet Punch|p2a: Toxapex\n|-resisted|p2a: Toxapex\n|-damage|p2a: Toxapex|14\/100\n|move|p2a: Toxapex|Haze|p2a: Toxapex\n|-clearallboost\n|\n|-heal|p1a: Rolex|79\/100|[from] item: Leftovers\n|upkeep\n|turn|20\n|\n|t:|1700080601\n|switch|p2a: Cinderace|Cinderace, M|46\/100\n|move|p1a: Rolex|Bullet Punch|p2a: Cinderace\n|-resisted|p2a: Cinderace\n|-damage|p2a: Cinderace|16\/100\n|\n|-heal|p1a: Rolex|85\/100|[from] item: Leftovers\n|upkeep\n|turn|21\n|\n|t:|1700080608\n|move|p2a: Cinderace|Sucker Punch|p1a: Rolex\n|-start|p2a: Cinderace|typechange|Dark|[from] ability: Libero\n|-damage|p1a: Rolex|54\/100\n|move|p1a: Rolex|Bullet Punch|p2a: Cinderace\n|-damage|p2a: Cinderace|0 fnt\n|faint|p2a: Cinderace\n|\n|-heal|p1a: Rolex|60\/100|[from] item: Leftovers\n|upkeep\n|\n|t:|1700080614\n|switch|p2a: Kingambit|Kingambit, M|100\/100\n|-activate|p2a: Kingambit|ability: Supreme Overlord\n|-start|p2a: Kingambit|fallen1|[silent]\n|turn|22\n|\n|t:|1700080621\n|move|p1a: Rolex|Close Combat|p2a: Kingambit\n|-supereffective|p2a: Kingambit\n|-damage|p2a: Kingambit|0 fnt\n|-unboost|p1a: Rolex|def|1\n|-unboost|p1a: Rolex|spd|1\n|faint|p2a: Kingambit\n|-end|p2a: Kingambit|fallen1|[silent]\n|\n|-heal|p1a: Rolex|66\/100|[from] item: Leftovers\n|upkeep\n|\n|t:|1700080627\n|switch|p2a: Gholdengo|Gholdengo|59\/100\n|turn|23\n|\n|t:|1700080633\n|switch|p1a: Gulp|Pelipper, F|14\/100\n|-damage|p1a: Gulp|0 fnt|[from] Stealth Rock\n|faint|p1a: Gulp\n|move|p2a: Gholdengo|Shadow Ball|p1: Gulp|[notarget]\n|-fail|p2a: Gholdengo\n|\n|upkeep\n|\n|t:|1700080663\n|switch|p1a: Storm|Kilowattrel, F|91\/100\n|-damage|p1a: Storm|66\/100|[from] Stealth Rock\n|turn|24\n|\n|t:|1700080669\n|move|p1a: Storm|Thunder|p2a: Gholdengo\n|-damage|p2a: Gholdengo|0 fnt\n|faint|p2a: Gholdengo\n|-damage|p1a: Storm|56\/100|[from] item: Life Orb\n|\n|upkeep\n|\n|t:|1700080677\n|switch|p2a: Dragapult|Dragapult, M|100\/100\n|turn|25\n|\n|t:|1700080680\n|switch|p1a: Antisocial Club|Goodra-Hisui, F|100\/100\n|-damage|p1a: Antisocial Club|94\/100|[from] Stealth Rock\n|move|p2a: Dragapult|Dragon Claw|p1a: Antisocial Club\n|-damage|p1a: Antisocial Club|43\/100\n|\n|upkeep\n|turn|26\n|\n|t:|1700080687\n|move|p2a: Dragapult|Dragon Claw|p1a: Antisocial Club\n|-damage|p1a: Antisocial Club|0 fnt\n|faint|p1a: Antisocial Club\n|\n|upkeep\n|\n|t:|1700080692\n|switch|p1a: Rolex|Scizor, M, tera:Steel|66\/100\n|-damage|p1a: Rolex|60\/100|[from] Stealth Rock\n|turn|27\n|\n|t:|1700080703\n|move|p2a: Dragapult|Dragon Claw|p1a: Rolex\n|-resisted|p1a: Rolex\n|-damage|p1a: Rolex|31\/100\n|move|p1a: Rolex|Swords Dance|p1a: Rolex\n|-boost|p1a: Rolex|atk|2\n|\n|-heal|p1a: Rolex|37\/100|[from] item: Leftovers\n|upkeep\n|turn|28\n|\n|t:|1700080711\n|move|p1a: Rolex|Bullet Punch|p2a: Dragapult\n|-damage|p2a: Dragapult|0 fnt\n|faint|p2a: Dragapult\n|\n|-heal|p1a: Rolex|44\/100|[from] item: Leftovers\n|upkeep\n|\n|t:|1700080719\n|switch|p2a: Corviknight|Corviknight, F|74\/100\n|-ability|p2a: Corviknight|Pressure\n|turn|29\n|\n|t:|1700080730\n|move|p2a: Corviknight|Brave Bird|p1a: Rolex\n|-resisted|p1a: Rolex\n|-crit|p1a: Rolex\n|-damage|p1a: Rolex|16\/100\n|-damage|p2a: Corviknight|66\/100|[from] Recoil\n|move|p1a: Rolex|Swords Dance|p1a: Rolex\n|-boost|p1a: Rolex|atk|2\n|\n|-heal|p1a: Rolex|22\/100|[from] item: Leftovers\n|upkeep\n|turn|30\n|\n|t:|1700080739\n|move|p2a: Corviknight|Brave Bird|p1a: Rolex\n|-resisted|p1a: Rolex\n|-damage|p1a: Rolex|3\/100\n|-damage|p2a: Corviknight|61\/100|[from] Recoil\n|move|p1a: Rolex|Close Combat|p2a: Corviknight\n|-damage|p2a: Corviknight|0 fnt\n|-unboost|p1a: Rolex|def|1\n|-unboost|p1a: Rolex|spd|1\n|faint|p2a: Corviknight\n|\n|-heal|p1a: Rolex|9\/100|[from] item: Leftovers\n|upkeep\n|\n|t:|1700080746\n|switch|p2a: Toxapex|Toxapex, F|47\/100\n|turn|31\n|-message|TotallyNotAutistic forfeited.\n|\n|win|fatlumpofpoop\n|raw|fatlumpofpoop's rating: 1231 &rarr; <strong>1262<\/strong><br \/>(+31 for winning)\n|raw|TotallyNotAutistic's rating: 1312 &rarr; <strong>1287<\/strong><br \/>(-25 for losing)\n|l|\u2606TotallyNotAutistic\n","uploadtime":1700080758,"views":8,"p1id":"fatlumpofpoop","p2id":"totallynotautistic","formatid":"gen9ou","rating":1262,"private":0,"password":""}