{"id":"gen9ou-1990987907","p1":"FlimFlamGlorious","p2":"Wakka02","format":"[Gen 9] OU","log":"|j|\u2606FlimFlamGlorious\n|j|\u2606Wakka02\n|inactive|Battle timer is ON: inactive players will automatically lose when time's up.\n|t:|1700023871\n|gametype|singles\n|player|p1|FlimFlamGlorious|266|\n|player|p2|Wakka02|169|\n|teamsize|p1|4\n|teamsize|p2|4\n|gen|9\n|tier|[Gen 9] OU\n|rated|Tournament battle\n|rule|Sleep Clause Mod: Limit one foe put to sleep\n|rule|Species Clause: Limit one of each Pok\u00e9mon\n|rule|OHKO Clause: OHKO moves are banned\n|rule|Evasion Items Clause: Evasion items are banned\n|rule|Evasion Moves Clause: Evasion moves are banned\n|rule|Endless Battle Clause: Forcing endless battles is banned\n|rule|HP Percentage Mod: HP is shown in percentages\n|clearpoke\n|poke|p1|Donphan, M|\n|poke|p1|Bisharp, F|\n|poke|p1|Nymble, M|\n|poke|p1|Drakloak, F|\n|poke|p2|Crawdaunt, M|\n|poke|p2|Spoink, F|\n|poke|p2|Clefairy, M|\n|poke|p2|Fletchinder, M|\n|teampreview\n|inactive|Wakka02 also wants the timer to be on.\n|j|*Lady Monita \u2746\n|c|\u2606Wakka02|your team\n|c|\u2606Wakka02|looks so much more intimidating than mine\n|c|\u2606Wakka02|QAQ\n|inactive|FlimFlamGlorious has 120 seconds left.\n|c|\u2606FlimFlamGlorious|I know, the Nymble is terrifying\n|j| munchkinp\n|\n|t:|1700023912\n|start\n|switch|p1a: John|Nymble, M|100\/100\n|switch|p2a: Clefairy|Clefairy, M|100\/100\n|turn|1\n|c|\u2606Wakka02|clearly the ace of the team\n|\n|t:|1700023920\n|move|p1a: John|First Impression|p2a: Clefairy\n|-resisted|p2a: Clefairy\n|-damage|p2a: Clefairy|69\/100\n|move|p2a: Clefairy|Reflect|p2a: Clefairy\n|-sidestart|p2: Wakka02|Reflect\n|\n|upkeep\n|turn|2\n|\n|t:|1700023929\n|switch|p2a: Fletchinder|Fletchinder, M|100\/100\n|move|p1a: John|U-turn|p2a: Fletchinder\n|-resisted|p2a: Fletchinder\n|-damage|p2a: Fletchinder|90\/100\n|\n|t:|1700023935\n|switch|p1a: The Eeper|Drakloak, F|100\/100|[from] U-turn\n|\n|upkeep\n|turn|3\n|\n|t:|1700023940\n|move|p1a: The Eeper|Reflect|p1a: The Eeper\n|-sidestart|p1: FlimFlamGlorious|Reflect\n|move|p2a: Fletchinder|U-turn|p1a: The Eeper\n|-resisted|p1a: The Eeper\n|-damage|p1a: The Eeper|87\/100\n|\n|t:|1700023945\n|switch|p2a: Crawdaunt|Crawdaunt, M|100\/100|[from] U-turn\n|\n|upkeep\n|turn|4\n|\n|t:|1700023955\n|move|p1a: The Eeper|U-turn|p2a: Crawdaunt\n|-supereffective|p2a: Crawdaunt\n|-damage|p2a: Crawdaunt|57\/100\n|\n|t:|1700023970\n|switch|p1a: Peanut|Donphan, M, shiny|100\/100|[from] U-turn\n|move|p2a: Crawdaunt|Crunch|p1a: Peanut\n|-damage|p1a: Peanut|73\/100\n|-damage|p2a: Crawdaunt|47\/100|[from] item: Life Orb\n|\n|upkeep\n|turn|5\n|\n|t:|1700023984\n|switch|p2a: Clefairy|Clefairy, M|69\/100\n|move|p1a: Peanut|Seed Bomb|p2a: Clefairy\n|-damage|p2a: Clefairy|41\/100\n|\n|-sideend|p2: Wakka02|Reflect\n|upkeep\n|turn|6\n|\n|t:|1700023992\n|move|p1a: Peanut|Seed Bomb|p2a: Clefairy\n|-damage|p2a: Clefairy|0 fnt\n|faint|p2a: Clefairy\n|\n|upkeep\n|\n|t:|1700024001\n|switch|p2a: Spoink|Spoink, F|100\/100\n|turn|7\n|l| munchkinp\n|\n|t:|1700024005\n|switch|p1a: John|Nymble, M|100\/100\n|move|p2a: Spoink|Psychic|p1a: John\n|-enditem|p1a: John|Focus Sash\n|-damage|p1a: John|1\/100\n|-unboost|p1a: John|spd|1\n|\n|upkeep\n|turn|8\n|j| horseradish2\n|l| horseradish2\n|\n|t:|1700024013\n|switch|p2a: Fletchinder|Fletchinder, M|90\/100\n|move|p1a: John|First Impression|p2a: Fletchinder\n|-resisted|p2a: Fletchinder\n|-damage|p2a: Fletchinder|62\/100\n|\n|upkeep\n|turn|9\n|\n|t:|1700024021\n|move|p1a: John|Sucker Punch||[still]\n|-fail|p1a: John\n|move|p2a: Fletchinder|Defog|p1a: John\n|-unboost|p1a: John|evasion|1\n|-sideend|p1: FlimFlamGlorious|Reflect\n|\n|upkeep\n|turn|10\n|\n|t:|1700024030\n|switch|p2a: Crawdaunt|Crawdaunt, M|47\/100\n|move|p1a: John|Sucker Punch||[still]\n|-fail|p1a: John\n|\n|upkeep\n|turn|11\n|\n|t:|1700024037\n|move|p2a: Crawdaunt|Aqua Jet|p1a: John\n|-damage|p1a: John|0 fnt\n|faint|p1a: John\n|-damage|p2a: Crawdaunt|37\/100|[from] item: Life Orb\n|\n|upkeep\n|\n|t:|1700024039\n|switch|p1a: The Eeper|Drakloak, F|87\/100\n|turn|12\n|\n|t:|1700024044\n|-terastallize|p2a: Crawdaunt|Fighting\n|move|p1a: The Eeper|U-turn|p2a: Crawdaunt\n|-resisted|p2a: Crawdaunt\n|-damage|p2a: Crawdaunt|26\/100\n|\n|t:|1700024049\n|switch|p1a: Peanut|Donphan, M, shiny|73\/100|[from] U-turn\n|move|p2a: Crawdaunt|Crunch|p1a: Peanut\n|-damage|p1a: Peanut|27\/100\n|-damage|p2a: Crawdaunt|16\/100|[from] item: Life Orb\n|\n|upkeep\n|turn|13\n|\n|t:|1700024065\n|-terastallize|p1a: Peanut|Water\n|move|p2a: Crawdaunt|Aqua Jet|p1a: Peanut\n|-resisted|p1a: Peanut\n|-damage|p1a: Peanut|17\/100\n|-damage|p2a: Crawdaunt|6\/100|[from] item: Life Orb\n|move|p1a: Peanut|Earthquake|p2a: Crawdaunt\n|-damage|p2a: Crawdaunt|0 fnt\n|faint|p2a: Crawdaunt\n|\n|upkeep\n|\n|t:|1700024072\n|switch|p2a: Spoink|Spoink, F|100\/100\n|turn|14\n|j| Lush Eagles\n|\n|t:|1700024082\n|move|p2a: Spoink|Dazzling Gleam|p1a: Peanut\n|-damage|p1a: Peanut|0 fnt\n|faint|p1a: Peanut\n|\n|upkeep\n|\n|t:|1700024085\n|switch|p1a: The Eeper|Drakloak, F|87\/100\n|turn|15\n|\n|t:|1700024089\n|move|p1a: The Eeper|Light Screen|p1a: The Eeper\n|-sidestart|p1: FlimFlamGlorious|move: Light Screen\n|move|p2a: Spoink|Dazzling Gleam|p1a: The Eeper\n|-supereffective|p1a: The Eeper\n|-crit|p1a: The Eeper\n|-damage|p1a: The Eeper|0 fnt\n|faint|p1a: The Eeper\n|\n|upkeep\n|\n|t:|1700024093\n|switch|p1a: Sacrifice|Bisharp, F, shiny|100\/100\n|turn|16\n|c|\u2606Wakka02|whoa\n|\n|t:|1700024098\n|move|p1a: Sacrifice|Swords Dance|p1a: Sacrifice\n|-boost|p1a: Sacrifice|atk|2\n|move|p2a: Spoink|Dazzling Gleam|p1a: Sacrifice\n|-damage|p1a: Sacrifice|85\/100\n|\n|upkeep\n|turn|17\n|\n|t:|1700024103\n|move|p1a: Sacrifice|Sucker Punch|p2a: Spoink\n|-supereffective|p2a: Spoink\n|-damage|p2a: Spoink|0 fnt\n|faint|p2a: Spoink\n|-damage|p1a: Sacrifice|75\/100|[from] item: Life Orb\n|\n|upkeep\n|\n|t:|1700024106\n|switch|p2a: Fletchinder|Fletchinder, M|62\/100\n|turn|18\n|\n|t:|1700024108\n|move|p1a: Sacrifice|Sucker Punch|p2a: Fletchinder\n|-damage|p2a: Fletchinder|0 fnt\n|faint|p2a: Fletchinder\n|-damage|p1a: Sacrifice|65\/100|[from] item: Life Orb\n|\n|win|FlimFlamGlorious\n|n|\u2606FlimFlamGlorious|flimflamglorious\n|n|\u2606Wakka02|wakka02\n|n|*Lady Monita \u2746|ladymonita\n|n| Lush Eagles|lusheagles\n","uploadtime":1700024109,"views":6,"p1id":"flimflamglorious","p2id":"wakka02","formatid":"gen9ou","rating":0,"private":0,"password":""}