{"id":"gen9ou-1992750851","p1":"Clownfish3","p2":"Az2qez","format":"[Gen 9] OU","log":"|j|\u2606Clownfish3\n|j|\u2606Az2qez\n|t:|1700232086\n|gametype|singles\n|player|p1|Clownfish3|swimmer-gen4|1141\n|player|p2|Az2qez|roughneck|1151\n|teamsize|p1|6\n|teamsize|p2|6\n|gen|9\n|tier|[Gen 9] OU\n|rated|\n|rule|Sleep Clause Mod: Limit one foe put to sleep\n|rule|Species Clause: Limit one of each Pok\u00e9mon\n|rule|OHKO Clause: OHKO moves are banned\n|rule|Evasion Items Clause: Evasion items are banned\n|rule|Evasion Moves Clause: Evasion moves are banned\n|rule|Endless Battle Clause: Forcing endless battles is banned\n|rule|HP Percentage Mod: HP is shown in percentages\n|clearpoke\n|poke|p1|Poliwrath, M|\n|poke|p1|Pelipper, M|\n|poke|p1|Overqwil, M|\n|poke|p1|Rillaboom, M|\n|poke|p1|Iron Treads|\n|poke|p1|Zapdos|\n|poke|p2|Great Tusk|\n|poke|p2|Rillaboom, F|\n|poke|p2|Gholdengo|\n|poke|p2|Samurott-Hisui, F|\n|poke|p2|Slowking-Galar, F|\n|poke|p2|Enamorus, F|\n|teampreview\n|inactive|Battle timer is ON: inactive players will automatically lose when time's up. (requested by Az2qez)\n|\n|t:|1700232101\n|start\n|switch|p1a: Pelipper|Pelipper, M|100\/100\n|switch|p2a: Samurott|Samurott-Hisui, F|100\/100\n|-weather|RainDance|[from] ability: Drizzle|[of] p1a: Pelipper\n|turn|1\n|\n|t:|1700232120\n|switch|p1a: Poliwrath|Poliwrath, M|100\/100\n|move|p2a: Samurott|Ceaseless Edge|p1a: Poliwrath|[miss]\n|-miss|p2a: Samurott|p1a: Poliwrath\n|\n|-weather|RainDance|[upkeep]\n|upkeep\n|turn|2\n|\n|t:|1700232131\n|move|p1a: Poliwrath|Belly Drum|p1a: Poliwrath\n|-damage|p1a: Poliwrath|50\/100\n|-setboost|p1a: Poliwrath|atk|6|[from] move: Belly Drum\n|-enditem|p1a: Poliwrath|Sitrus Berry|[eat]\n|-heal|p1a: Poliwrath|75\/100|[from] item: Sitrus Berry\n|move|p2a: Samurott|Ceaseless Edge|p1a: Poliwrath\n|-resisted|p1a: Poliwrath\n|-crit|p1a: Poliwrath\n|-damage|p1a: Poliwrath|37\/100\n|-sidestart|p1: Clownfish3|Spikes\n|\n|-weather|RainDance|[upkeep]\n|upkeep\n|turn|3\n|\n|t:|1700232149\n|move|p1a: Poliwrath|Drain Punch|p2a: Samurott\n|-supereffective|p2a: Samurott\n|-damage|p2a: Samurott|0 fnt\n|-heal|p1a: Poliwrath|87\/100|[from] drain|[of] p2a: Samurott\n|faint|p2a: Samurott\n|\n|-weather|RainDance|[upkeep]\n|upkeep\n|\n|t:|1700232155\n|switch|p2a: Rillaboom|Rillaboom, F|100\/100\n|-fieldstart|move: Grassy Terrain|[from] ability: Grassy Surge|[of] p2a: Rillaboom\n|turn|4\n|\n|t:|1700232162\n|-terastallize|p1a: Poliwrath|Poison\n|-terastallize|p2a: Rillaboom|Grass\n|move|p2a: Rillaboom|Grassy Glide|p1a: Poliwrath\n|-resisted|p1a: Poliwrath\n|-damage|p1a: Poliwrath|46\/100\n|move|p1a: Poliwrath|Tera Blast|p2a: Rillaboom|[anim] Tera Blast Poison\n|-supereffective|p2a: Rillaboom\n|-damage|p2a: Rillaboom|0 fnt\n|faint|p2a: Rillaboom\n|\n|-weather|RainDance|[upkeep]\n|-heal|p1a: Poliwrath|53\/100|[from] Grassy Terrain\n|upkeep\n|\n|t:|1700232174\n|switch|p2a: Great Tusk|Great Tusk|100\/100\n|turn|5\n|\n|t:|1700232179\n|move|p1a: Poliwrath|Liquidation|p2a: Great Tusk\n|-supereffective|p2a: Great Tusk\n|-damage|p2a: Great Tusk|0 fnt\n|faint|p2a: Great Tusk\n|-end|p2a: Great Tusk|Protosynthesis|[silent]\n|\n|-weather|RainDance|[upkeep]\n|-heal|p1a: Poliwrath|59\/100|[from] Grassy Terrain\n|upkeep\n|-message|Az2qez forfeited.\n|\n|win|Clownfish3\n|raw|Clownfish3's rating: 1141 &rarr; <strong>1167<\/strong><br \/>(+26 for winning)\n|raw|Az2qez's rating: 1151 &rarr; <strong>1125<\/strong><br \/>(-26 for losing)\n|l|\u2606Az2qez\n","uploadtime":1700232189,"views":9,"p1id":"clownfish3","p2id":"az2qez","formatid":"gen9ou","rating":1125,"private":0,"password":""}