{"id":"gen9ou-1990916530","p1":"Leonidas2342","p2":"POKEMONMANGAMER","format":"[Gen 9] OU","log":"|j|\u2606Leonidas2342\n|j|\u2606POKEMONMANGAMER\n|t:|1700014823\n|gametype|singles\n|player|p1|Leonidas2342|265|1193\n|player|p2|POKEMONMANGAMER|gentleman-gen4|1114\n|teamsize|p1|6\n|teamsize|p2|6\n|gen|9\n|tier|[Gen 9] OU\n|rated|\n|rule|Sleep Clause Mod: Limit one foe put to sleep\n|rule|Species Clause: Limit one of each Pok\u00e9mon\n|rule|OHKO Clause: OHKO moves are banned\n|rule|Evasion Items Clause: Evasion items are banned\n|rule|Evasion Moves Clause: Evasion moves are banned\n|rule|Endless Battle Clause: Forcing endless battles is banned\n|rule|HP Percentage Mod: HP is shown in percentages\n|clearpoke\n|poke|p1|Enamorus, F|\n|poke|p1|Landorus-Therian, M|\n|poke|p1|Cinderace, F|\n|poke|p1|Samurott-Hisui, M|\n|poke|p1|Gholdengo|\n|poke|p1|Chansey, F|\n|poke|p2|Garchomp, M|\n|poke|p2|Gholdengo|\n|poke|p2|Grimmsnarl, M|\n|poke|p2|Lilligant-Hisui, F|\n|poke|p2|Politoed, M|\n|poke|p2|Floatzel, F|\n|teampreview\n|inactive|Battle timer is ON: inactive players will automatically lose when time's up. (requested by Leonidas2342)\n|\n|t:|1700014842\n|start\n|switch|p1a: Landorus|Landorus-Therian, M|100\/100\n|switch|p2a: Garchomp|Garchomp, M|100\/100\n|-ability|p1a: Landorus|Intimidate|boost\n|-unboost|p2a: Garchomp|atk|1\n|turn|1\n|c|\u2606POKEMONMANGAMER|good luck and have fun\n|c|\u2606Leonidas2342|glhf\n|\n|t:|1700014858\n|switch|p2a: Grimmsnarl|Grimmsnarl, M, shiny|100\/100\n|move|p1a: Landorus|Earthquake|p2a: Grimmsnarl\n|-damage|p2a: Grimmsnarl|37\/100\n|\n|upkeep\n|turn|2\n|\n|t:|1700014870\n|move|p2a: Grimmsnarl|Trick|p1a: Landorus\n|-activate|p2a: Grimmsnarl|move: Trick|[of] p1a: Landorus\n|-item|p1a: Landorus|Lagging Tail|[from] move: Trick\n|-item|p2a: Grimmsnarl|Leftovers|[from] move: Trick\n|move|p1a: Landorus|Stealth Rock|p2a: Grimmsnarl\n|-sidestart|p2: POKEMONMANGAMER|move: Stealth Rock\n|\n|-heal|p2a: Grimmsnarl|43\/100|[from] item: Leftovers\n|upkeep\n|turn|3\n|\n|t:|1700014880\n|move|p2a: Grimmsnarl|Taunt|p1a: Landorus\n|-start|p1a: Landorus|move: Taunt\n|move|p1a: Landorus|Earthquake|p2a: Grimmsnarl\n|-damage|p2a: Grimmsnarl|0 fnt\n|faint|p2a: Grimmsnarl\n|\n|upkeep\n|\n|t:|1700014895\n|switch|p2a: Garchomp|Garchomp, M|100\/100\n|-damage|p2a: Garchomp|94\/100|[from] Stealth Rock\n|turn|4\n|c|\u2606Leonidas2342|I'm lucky I don't have rock polish on Landorus.\n|\n|t:|1700014913\n|move|p2a: Garchomp|Stealth Rock|p1a: Landorus\n|-sidestart|p1: Leonidas2342|move: Stealth Rock\n|move|p1a: Landorus|Earthquake|p2a: Garchomp\n|-damage|p2a: Garchomp|49\/100\n|\n|upkeep\n|turn|5\n|c|\u2606POKEMONMANGAMER|yeah\n|\n|t:|1700014920\n|move|p2a: Garchomp|Outrage|p1a: Landorus\n|-damage|p1a: Landorus|46\/100\n|move|p1a: Landorus|Earthquake|p2a: Garchomp\n|-damage|p2a: Garchomp|2\/100\n|-enditem|p2a: Garchomp|Figy Berry|[eat]\n|-heal|p2a: Garchomp|35\/100|[from] item: Figy Berry\n|\n|-end|p1a: Landorus|move: Taunt\n|upkeep\n|turn|6\n|\n|t:|1700014933\n|switch|p1a: Enamorus|Enamorus, F|100\/100\n|-damage|p1a: Enamorus|76\/100|[from] Stealth Rock\n|move|p2a: Garchomp|Outrage|p1a: Enamorus|[from]lockedmove\n|-immune|p1a: Enamorus\n|-start|p2a: Garchomp|confusion|[fatigue]\n|\n|upkeep\n|turn|7\n|\n|t:|1700014947\n|move|p1a: Enamorus|Superpower|p2a: Garchomp\n|-damage|p2a: Garchomp|2\/100\n|-boost|p1a: Enamorus|atk|1\n|-boost|p1a: Enamorus|def|1\n|-damage|p1a: Enamorus|63\/100|[from] ability: Rough Skin|[of] p2a: Garchomp\n|-activate|p2a: Garchomp|confusion\n|-damage|p2a: Garchomp|0 fnt|[from] confusion\n|faint|p2a: Garchomp\n|\n|upkeep\n|\n|t:|1700014962\n|switch|p2a: Gholdengo|Gholdengo, shiny|100\/100\n|-damage|p2a: Gholdengo|94\/100|[from] Stealth Rock\n|turn|8\n|\n|t:|1700014983\n|switch|p1a: Chansey|Chansey, F|100\/100\n|-damage|p1a: Chansey|88\/100|[from] Stealth Rock\n|move|p2a: Gholdengo|Make It Rain|p1a: Chansey\n|-damage|p1a: Chansey|73\/100\n|-unboost|p2a: Gholdengo|spa|1\n|\n|upkeep\n|turn|9\n|\n|t:|1700014994\n|switch|p2a: Politoed|Politoed, M, shiny|100\/100\n|-damage|p2a: Politoed|88\/100|[from] Stealth Rock\n|-weather|RainDance|[from] ability: Drizzle|[of] p2a: Politoed\n|move|p1a: Chansey|Chilling Water|p2a: Politoed\n|-resisted|p2a: Politoed\n|-damage|p2a: Politoed|84\/100\n|-unboost|p2a: Politoed|atk|1\n|\n|-weather|RainDance|[upkeep]\n|-heal|p2a: Politoed|91\/100|[from] item: Leftovers\n|upkeep\n|turn|10\n|\n|t:|1700015005\n|move|p2a: Politoed|Encore|p1a: Chansey\n|-start|p1a: Chansey|Encore\n|move|p1a: Chansey|Chilling Water|p2a: Politoed\n|-resisted|p2a: Politoed\n|-damage|p2a: Politoed|87\/100\n|-unboost|p2a: Politoed|atk|1\n|\n|-weather|RainDance|[upkeep]\n|-heal|p2a: Politoed|93\/100|[from] item: Leftovers\n|upkeep\n|turn|11\n|\n|t:|1700015014\n|switch|p2a: Gholdengo|Gholdengo, shiny|94\/100\n|-damage|p2a: Gholdengo|88\/100|[from] Stealth Rock\n|switch|p1a: Samurott|Samurott-Hisui, M|100\/100\n|-damage|p1a: Samurott|88\/100|[from] Stealth Rock\n|\n|-weather|RainDance|[upkeep]\n|upkeep\n|turn|12\n|\n|t:|1700015024\n|-terastallize|p2a: Gholdengo|Steel\n|move|p2a: Gholdengo|Trick|p1a: Samurott\n|-activate|p2a: Gholdengo|move: Trick|[of] p1a: Samurott\n|-item|p1a: Samurott|Choice Scarf|[from] move: Trick\n|-item|p2a: Gholdengo|Expert Belt|[from] move: Trick\n|move|p1a: Samurott|Ceaseless Edge|p2a: Gholdengo|[miss]\n|-miss|p1a: Samurott|p2a: Gholdengo\n|\n|-weather|RainDance|[upkeep]\n|upkeep\n|turn|13\n|\n|t:|1700015037\n|switch|p1a: Chansey|Chansey, F|73\/100\n|-damage|p1a: Chansey|60\/100|[from] Stealth Rock\n|move|p2a: Gholdengo|Make It Rain|p1a: Chansey\n|-damage|p1a: Chansey|39\/100\n|-unboost|p2a: Gholdengo|spa|1\n|\n|-weather|none\n|upkeep\n|turn|14\n|\n|t:|1700015047\n|move|p2a: Gholdengo|Nasty Plot|p2a: Gholdengo\n|-boost|p2a: Gholdengo|spa|2\n|move|p1a: Chansey|Soft-Boiled|p1a: Chansey\n|-heal|p1a: Chansey|89\/100\n|\n|upkeep\n|turn|15\n|\n|t:|1700015054\n|move|p2a: Gholdengo|Nasty Plot|p2a: Gholdengo\n|-boost|p2a: Gholdengo|spa|2\n|move|p1a: Chansey|Chilling Water|p2a: Gholdengo\n|-damage|p2a: Gholdengo|81\/100\n|-unboost|p2a: Gholdengo|atk|1\n|\n|upkeep\n|turn|16\n|\n|t:|1700015065\n|move|p2a: Gholdengo|Nasty Plot|p2a: Gholdengo\n|-boost|p2a: Gholdengo|spa|2\n|move|p1a: Chansey|Chilling Water|p2a: Gholdengo\n|-damage|p2a: Gholdengo|73\/100\n|-unboost|p2a: Gholdengo|atk|1\n|\n|upkeep\n|turn|17\n|\n|t:|1700015072\n|move|p2a: Gholdengo|Make It Rain|p1a: Chansey\n|-damage|p1a: Chansey|13\/100\n|-unboost|p2a: Gholdengo|spa|1\n|move|p1a: Chansey|Chilling Water|p2a: Gholdengo\n|-damage|p2a: Gholdengo|65\/100\n|-unboost|p2a: Gholdengo|atk|1\n|\n|upkeep\n|turn|18\n|\n|t:|1700015082\n|move|p2a: Gholdengo|Make It Rain|p1a: Chansey\n|-damage|p1a: Chansey|0 fnt\n|-unboost|p2a: Gholdengo|spa|1\n|faint|p1a: Chansey\n|\n|upkeep\n|\n|t:|1700015090\n|switch|p1a: Samurott|Samurott-Hisui, M|88\/100\n|-damage|p1a: Samurott|76\/100|[from] Stealth Rock\n|turn|19\n|\n|t:|1700015096\n|move|p1a: Samurott|Aqua Cutter|p2a: Gholdengo\n|-damage|p2a: Gholdengo|15\/100\n|move|p2a: Gholdengo|Trick|p1a: Samurott\n|-activate|p2a: Gholdengo|move: Trick|[of] p1a: Samurott\n|-item|p1a: Samurott|Expert Belt|[from] move: Trick\n|-item|p2a: Gholdengo|Choice Scarf|[from] move: Trick\n|\n|upkeep\n|turn|20\n|\n|t:|1700015105\n|move|p2a: Gholdengo|Make It Rain|p1a: Samurott\n|-resisted|p1a: Samurott\n|-damage|p1a: Samurott|0 fnt\n|-unboost|p2a: Gholdengo|spa|1\n|faint|p1a: Samurott\n|\n|upkeep\n|\n|t:|1700015120\n|switch|p1a: Gholdengo|Gholdengo|100\/100\n|-damage|p1a: Gholdengo|94\/100|[from] Stealth Rock\n|turn|21\n|\n|t:|1700015129\n|move|p2a: Gholdengo|Make It Rain|p1a: Gholdengo\n|-resisted|p1a: Gholdengo\n|-damage|p1a: Gholdengo|3\/100\n|-unboost|p2a: Gholdengo|spa|1\n|move|p1a: Gholdengo|Shadow Ball|p2a: Gholdengo\n|-damage|p2a: Gholdengo|0 fnt\n|faint|p2a: Gholdengo\n|\n|-heal|p1a: Gholdengo|10\/100|[from] item: Leftovers\n|upkeep\n|c|\u2606POKEMONMANGAMER|so close\n|\n|t:|1700015145\n|switch|p2a: Floatzel|Floatzel, F|100\/100\n|-damage|p2a: Floatzel|88\/100|[from] Stealth Rock\n|turn|22\n|\n|t:|1700015152\n|move|p2a: Floatzel|Flip Turn|p1a: Gholdengo\n|-damage|p1a: Gholdengo|0 fnt\n|faint|p1a: Gholdengo\n|\n|t:|1700015158\n|switch|p2a: Politoed|Politoed, M, shiny|93\/100|[from] Flip Turn\n|-damage|p2a: Politoed|80\/100|[from] Stealth Rock\n|-weather|RainDance|[from] ability: Drizzle|[of] p2a: Politoed\n|\n|-weather|RainDance|[upkeep]\n|-heal|p2a: Politoed|87\/100|[from] item: Leftovers\n|upkeep\n|\n|t:|1700015169\n|switch|p1a: Enamorus|Enamorus, F|63\/100\n|-damage|p1a: Enamorus|38\/100|[from] Stealth Rock\n|turn|23\n|\n|t:|1700015173\n|move|p1a: Enamorus|Superpower|p2a: Politoed\n|-damage|p2a: Politoed|47\/100\n|-boost|p1a: Enamorus|atk|1\n|-boost|p1a: Enamorus|def|1\n|move|p2a: Politoed|Ice Beam|p1a: Enamorus\n|-supereffective|p1a: Enamorus\n|-damage|p1a: Enamorus|0 fnt\n|faint|p1a: Enamorus\n|\n|-weather|RainDance|[upkeep]\n|-heal|p2a: Politoed|54\/100|[from] item: Leftovers\n|upkeep\n|c|\u2606POKEMONMANGAMER|politoed sweep?\n|\n|t:|1700015186\n|switch|p1a: Landorus|Landorus-Therian, M|46\/100\n|-damage|p1a: Landorus|34\/100|[from] Stealth Rock\n|-ability|p1a: Landorus|Intimidate|boost\n|-unboost|p2a: Politoed|atk|1\n|turn|24\n|\n|t:|1700015193\n|move|p2a: Politoed|Ice Beam|p1a: Landorus\n|-supereffective|p1a: Landorus\n|-damage|p1a: Landorus|0 fnt\n|faint|p1a: Landorus\n|\n|-weather|RainDance|[upkeep]\n|-heal|p2a: Politoed|60\/100|[from] item: Leftovers\n|upkeep\n|-message|Leonidas2342 forfeited.\n|\n|win|POKEMONMANGAMER\n|raw|Leonidas2342's rating: 1193 &rarr; <strong>1162<\/strong><br \/>(-31 for losing)\n|raw|POKEMONMANGAMER's rating: 1114 &rarr; <strong>1145<\/strong><br \/>(+31 for winning)\n|l|\u2606Leonidas2342\n","uploadtime":1700015209,"views":5,"p1id":"leonidas2342","p2id":"pokemonmangamer","formatid":"gen9ou","rating":1145,"private":0,"password":""}