{"id":"gen9ou-1997395254","p1":"xiaoyang2004","p2":"Moldy kk","format":"[Gen 9] OU","log":"|j|\u2606xiaoyang2004\n|j|\u2606Moldy kk\n|t:|1700798621\n|gametype|singles\n|player|p1|xiaoyang2004|lyra|1425\n|player|p2|Moldy kk|hilbert-wonderlauncher|1362\n|teamsize|p1|6\n|teamsize|p2|6\n|gen|9\n|tier|[Gen 9] OU\n|rated|\n|rule|Sleep Clause Mod: Limit one foe put to sleep\n|rule|Species Clause: Limit one of each Pok\u00e9mon\n|rule|OHKO Clause: OHKO moves are banned\n|rule|Evasion Items Clause: Evasion items are banned\n|rule|Evasion Moves Clause: Evasion moves are banned\n|rule|Endless Battle Clause: Forcing endless battles is banned\n|rule|HP Percentage Mod: HP is shown in percentages\n|clearpoke\n|poke|p1|Ribombee, F|\n|poke|p1|Gholdengo|\n|poke|p1|Dragapult, M|\n|poke|p1|Samurott-Hisui, M|\n|poke|p1|Ogerpon-Cornerstone, F|\n|poke|p1|Great Tusk|\n|poke|p2|Torkoal, M|\n|poke|p2|Walking Wake|\n|poke|p2|Lilligant-Hisui, F|\n|poke|p2|Ceruledge, M|\n|poke|p2|Great Tusk|\n|poke|p2|Hatterene, F|\n|teampreview\n|inactive|Battle timer is ON: inactive players will automatically lose when time's up. (requested by Moldy kk)\n|\n|t:|1700798646\n|start\n|switch|p1a: Samurott|Samurott-Hisui, M, shiny|100\/100\n|switch|p2a: Torkoal|Torkoal, M|100\/100\n|-weather|SunnyDay|[from] ability: Drought|[of] p2a: Torkoal\n|turn|1\n|\n|t:|1700798653\n|move|p1a: Samurott|Ceaseless Edge|p2a: Torkoal\n|-damage|p2a: Torkoal|74\/100\n|-sidestart|p2: Moldy kk|Spikes\n|move|p2a: Torkoal|Stealth Rock|p1a: Samurott\n|-sidestart|p1: xiaoyang2004|move: Stealth Rock\n|\n|-weather|SunnyDay|[upkeep]\n|upkeep\n|turn|2\n|\n|t:|1700798660\n|move|p1a: Samurott|Ceaseless Edge|p2a: Torkoal|[miss]\n|-miss|p1a: Samurott|p2a: Torkoal\n|move|p2a: Torkoal|Rapid Spin|p1a: Samurott\n|-damage|p1a: Samurott|88\/100\n|-boost|p2a: Torkoal|spe|1\n|-sideend|p2: Moldy kk|Spikes|[from] move: Rapid Spin|[of] p2a: Torkoal\n|\n|-weather|SunnyDay|[upkeep]\n|upkeep\n|turn|3\n|\n|t:|1700798668\n|switch|p2a: Hatterene|Hatterene, F|100\/100\n|move|p1a: Samurott|Ceaseless Edge|p2a: Hatterene|[miss]\n|-miss|p1a: Samurott|p2a: Hatterene\n|\n|-weather|SunnyDay|[upkeep]\n|upkeep\n|turn|4\n|\n|t:|1700798676\n|move|p1a: Samurott|Ceaseless Edge|p2a: Hatterene\n|-damage|p2a: Hatterene|48\/100\n|-sidestart|p2: Moldy kk|Spikes\n|-enditem|p2a: Hatterene|Eject Button\n|\n|t:|1700798681\n|switch|p2a: Lilligant|Lilligant-Hisui, F|100\/100\n|-damage|p2a: Lilligant|88\/100|[from] Spikes\n|\n|-weather|SunnyDay|[upkeep]\n|upkeep\n|turn|5\n|\n|t:|1700798690\n|move|p2a: Lilligant|Close Combat|p1a: Samurott\n|-supereffective|p1a: Samurott\n|-damage|p1a: Samurott|0 fnt\n|-unboost|p2a: Lilligant|def|1\n|-unboost|p2a: Lilligant|spd|1\n|faint|p1a: Samurott\n|\n|-weather|SunnyDay|[upkeep]\n|upkeep\n|\n|t:|1700798701\n|switch|p1a: Ribombee|Ribombee, F, shiny|100\/100\n|-damage|p1a: Ribombee|76\/100|[from] Stealth Rock\n|turn|6\n|\n|t:|1700798710\n|move|p2a: Lilligant|Ice Spinner|p1a: Ribombee\n|-damage|p1a: Ribombee|25\/100\n|move|p1a: Ribombee|Moonblast|p2a: Lilligant\n|-supereffective|p2a: Lilligant\n|-damage|p2a: Lilligant|0 fnt\n|faint|p2a: Lilligant\n|\n|-weather|SunnyDay|[upkeep]\n|upkeep\n|\n|t:|1700798717\n|switch|p2a: Great Tusk|Great Tusk|100\/100\n|-damage|p2a: Great Tusk|88\/100|[from] Spikes\n|-activate|p2a: Great Tusk|ability: Protosynthesis\n|-start|p2a: Great Tusk|protosynthesisspe\n|turn|7\n|\n|t:|1700798729\n|-terastallize|p1a: Ribombee|Ghost\n|move|p2a: Great Tusk|Rapid Spin|p1a: Ribombee\n|-immune|p1a: Ribombee\n|move|p1a: Ribombee|Stun Spore|p2a: Great Tusk|[miss]\n|-miss|p1a: Ribombee|p2a: Great Tusk\n|\n|-weather|SunnyDay|[upkeep]\n|-heal|p2a: Great Tusk|94\/100|[from] item: Leftovers\n|upkeep\n|turn|8\n|\n|t:|1700798743\n|switch|p1a: Great Tusk|Great Tusk, shiny|100\/100\n|-damage|p1a: Great Tusk|98\/100|[from] Stealth Rock\n|-activate|p1a: Great Tusk|ability: Protosynthesis\n|-start|p1a: Great Tusk|protosynthesisatk\n|move|p2a: Great Tusk|Knock Off|p1a: Great Tusk\n|-resisted|p1a: Great Tusk\n|-damage|p1a: Great Tusk|91\/100\n|\n|-weather|none\n|-end|p2a: Great Tusk|Protosynthesis\n|-end|p1a: Great Tusk|Protosynthesis\n|-heal|p2a: Great Tusk|100\/100|[from] item: Leftovers\n|upkeep\n|-enditem|p1a: Great Tusk|Booster Energy\n|-activate|p1a: Great Tusk|ability: Protosynthesis|[fromitem]\n|-start|p1a: Great Tusk|protosynthesisatk\n|turn|9\n|\n|t:|1700798758\n|move|p2a: Great Tusk|Rapid Spin|p1a: Great Tusk\n|-damage|p1a: Great Tusk|80\/100\n|-boost|p2a: Great Tusk|spe|1\n|-sideend|p2: Moldy kk|Spikes|[from] move: Rapid Spin|[of] p2a: Great Tusk\n|move|p1a: Great Tusk|Rapid Spin|p2a: Great Tusk\n|-damage|p2a: Great Tusk|86\/100\n|-boost|p1a: Great Tusk|spe|1\n|-sideend|p1: xiaoyang2004|Stealth Rock|[from] move: Rapid Spin|[of] p1a: Great Tusk\n|\n|-heal|p2a: Great Tusk|92\/100|[from] item: Leftovers\n|upkeep\n|turn|10\n|\n|t:|1700798771\n|-end|p2a: Great Tusk|Protosynthesis|[silent]\n|switch|p2a: Torkoal|Torkoal, M|74\/100\n|-weather|SunnyDay|[from] ability: Drought|[of] p2a: Torkoal\n|move|p1a: Great Tusk|Bulk Up|p1a: Great Tusk\n|-boost|p1a: Great Tusk|atk|1\n|-boost|p1a: Great Tusk|def|1\n|\n|-weather|SunnyDay|[upkeep]\n|upkeep\n|turn|11\n|\n|t:|1700798781\n|move|p1a: Great Tusk|Earthquake|p2a: Torkoal\n|-supereffective|p2a: Torkoal\n|-damage|p2a: Torkoal|0 fnt\n|faint|p2a: Torkoal\n|\n|-weather|SunnyDay|[upkeep]\n|upkeep\n|\n|t:|1700798783\n|switch|p2a: Walking Wake|Walking Wake|100\/100\n|-activate|p2a: Walking Wake|ability: Protosynthesis\n|-start|p2a: Walking Wake|protosynthesisspa\n|turn|12\n|\n|t:|1700798800\n|move|p1a: Great Tusk|Earthquake|p2a: Walking Wake\n|-damage|p2a: Walking Wake|0 fnt\n|faint|p2a: Walking Wake\n|-end|p2a: Walking Wake|Protosynthesis|[silent]\n|\n|-weather|SunnyDay|[upkeep]\n|upkeep\n|\n|t:|1700798803\n|switch|p2a: Ceruledge|Ceruledge, M|100\/100\n|turn|13\n|\n|t:|1700798817\n|move|p1a: Great Tusk|Earthquake|p2a: Ceruledge\n|-supereffective|p2a: Ceruledge\n|-enditem|p2a: Ceruledge|Focus Sash\n|-damage|p2a: Ceruledge|1\/100\n|-ability|p2a: Ceruledge|Weak Armor|boost\n|-unboost|p2a: Ceruledge|def|1\n|-boost|p2a: Ceruledge|spe|2\n|move|p2a: Ceruledge|Swords Dance|p2a: Ceruledge\n|-boost|p2a: Ceruledge|atk|2\n|\n|-weather|SunnyDay|[upkeep]\n|upkeep\n|turn|14\n|\n|t:|1700798833\n|move|p2a: Ceruledge|Solar Blade||[still]\n|-prepare|p2a: Ceruledge|Solar Blade\n|-anim|p2a: Ceruledge|Solar Blade|p1a: Great Tusk\n|-supereffective|p1a: Great Tusk\n|-damage|p1a: Great Tusk|5\/100\n|move|p1a: Great Tusk|Earthquake|p2a: Ceruledge\n|-supereffective|p2a: Ceruledge\n|-damage|p2a: Ceruledge|0 fnt\n|faint|p2a: Ceruledge\n|\n|-weather|SunnyDay|[upkeep]\n|upkeep\n|-message|Moldy kk forfeited.\n|\n|win|xiaoyang2004\n|raw|xiaoyang2004's rating: 1425 &rarr; <strong>1441<\/strong><br \/>(+16 for winning)\n|raw|Moldy kk's rating: 1362 &rarr; <strong>1346<\/strong><br \/>(-16 for losing)\n|l|\u2606Moldy kk\n","uploadtime":1700798845,"views":13,"p1id":"xiaoyang2004","p2id":"moldykk","formatid":"gen9ou","rating":1346,"private":0,"password":""}