{"id":"gen9ou-2000215417","p1":"schleachtamulti","p2":"iamhaxnoob","format":"[Gen 9] OU","log":"|j|\u2606schleachtamulti\n|j|\u2606iamhaxnoob\n|t:|1701173241\n|gametype|singles\n|player|p1|schleachtamulti|170|1476\n|player|p2|iamhaxnoob|101|1445\n|teamsize|p1|6\n|teamsize|p2|6\n|gen|9\n|tier|[Gen 9] OU\n|rated|\n|rule|Sleep Clause Mod: Limit one foe put to sleep\n|rule|Species Clause: Limit one of each Pok\u00e9mon\n|rule|OHKO Clause: OHKO moves are banned\n|rule|Evasion Items Clause: Evasion items are banned\n|rule|Evasion Moves Clause: Evasion moves are banned\n|rule|Endless Battle Clause: Forcing endless battles is banned\n|rule|HP Percentage Mod: HP is shown in percentages\n|clearpoke\n|poke|p1|Tinkaton, F|\n|poke|p1|Cinderace, F|\n|poke|p1|Ogerpon-Wellspring, F|\n|poke|p1|Thundurus-Therian, M|\n|poke|p1|Great Tusk|\n|poke|p1|Greninja-*, M|\n|poke|p2|Fezandipiti, M|\n|poke|p2|Iron Valiant|\n|poke|p2|Dragapult, F|\n|poke|p2|Rotom-Wash|\n|poke|p2|Ogerpon-Wellspring, F|\n|poke|p2|Great Tusk|\n|teampreview\n|inactive|Battle timer is ON: inactive players will automatically lose when time's up. (requested by schleachtamulti)\n|\n|t:|1701173260\n|start\n|switch|p1a: Cinderace|Cinderace, F|100\/100\n|switch|p2a: Great Tusk|Great Tusk|100\/100\n|turn|1\n|\n|t:|1701173267\n|move|p1a: Cinderace|U-turn|p2a: Great Tusk\n|-start|p1a: Cinderace|typechange|Bug|[from] ability: Libero\n|-resisted|p2a: Great Tusk\n|-damage|p2a: Great Tusk|92\/100\n|-damage|p1a: Cinderace|84\/100|[from] item: Rocky Helmet|[of] p2a: Great Tusk\n|\n|t:|1701173284\n|switch|p1a: Ogerpon|Ogerpon-Wellspring, F|100\/100|[from] U-turn\n|move|p2a: Great Tusk|Earthquake|p1a: Ogerpon\n|-resisted|p1a: Ogerpon\n|-damage|p1a: Ogerpon|71\/100\n|\n|upkeep\n|turn|2\n|\n|t:|1701173296\n|-end|p2a: Great Tusk|Protosynthesis|[silent]\n|switch|p2a: Rotom|Rotom-Wash|100\/100\n|move|p1a: Ogerpon|Knock Off|p2a: Rotom\n|-damage|p2a: Rotom|70\/100\n|-enditem|p2a: Rotom|Leftovers|[from] move: Knock Off|[of] p1a: Ogerpon\n|\n|upkeep\n|turn|3\n|\n|t:|1701173303\n|move|p2a: Rotom|Protect|p2a: Rotom\n|-singleturn|p2a: Rotom|Protect\n|move|p1a: Ogerpon|Horn Leech|p2a: Rotom\n|-activate|p2a: Rotom|move: Protect\n|\n|upkeep\n|turn|4\n|\n|t:|1701173309\n|-terastallize|p2a: Rotom|Dragon\n|move|p1a: Ogerpon|Knock Off|p2a: Rotom\n|-damage|p2a: Rotom|50\/100\n|move|p2a: Rotom|Thunder Wave|p1a: Ogerpon\n|-status|p1a: Ogerpon|par\n|\n|upkeep\n|turn|5\n|\n|t:|1701173324\n|switch|p1a: Thundurus|Thundurus-Therian, M|100\/100\n|move|p2a: Rotom|Volt Switch|p1a: Thundurus\n|-immune|p1a: Thundurus|[from] ability: Volt Absorb\n|\n|upkeep\n|turn|6\n|\n|t:|1701173332\n|move|p1a: Thundurus|Nasty Plot|p1a: Thundurus\n|-boost|p1a: Thundurus|spa|2\n|move|p2a: Rotom|Will-O-Wisp|p1a: Thundurus\n|-status|p1a: Thundurus|brn\n|\n|-damage|p1a: Thundurus|94\/100 brn|[from] brn\n|upkeep\n|turn|7\n|inactive|iamhaxnoob has 120 seconds left.\n|\n|t:|1701173373\n|move|p2a: Rotom|Protect|p2a: Rotom\n|-singleturn|p2a: Rotom|Protect\n|move|p1a: Thundurus|Sludge Bomb|p2a: Rotom\n|-activate|p2a: Rotom|move: Protect\n|\n|-damage|p1a: Thundurus|88\/100 brn|[from] brn\n|upkeep\n|turn|8\n|\n|t:|1701173393\n|switch|p2a: Dragapult|Dragapult, F|100\/100\n|move|p1a: Thundurus|Sludge Bomb|p2a: Dragapult\n|-resisted|p2a: Dragapult\n|-damage|p2a: Dragapult|58\/100\n|\n|-damage|p1a: Thundurus|82\/100 brn|[from] brn\n|upkeep\n|turn|9\n|\n|t:|1701173417\n|move|p2a: Dragapult|Hex|p1a: Thundurus\n|-damage|p1a: Thundurus|10\/100 brn\n|move|p1a: Thundurus|Thunderbolt|p2a: Dragapult\n|-resisted|p2a: Dragapult\n|-damage|p2a: Dragapult|0 fnt\n|faint|p2a: Dragapult\n|\n|-damage|p1a: Thundurus|4\/100 brn|[from] brn\n|upkeep\n|\n|t:|1701173425\n|switch|p2a: Ogerpon|Ogerpon-Wellspring, F|100\/100\n|turn|10\n|\n|t:|1701173430\n|move|p2a: Ogerpon|Trailblaze|p1a: Thundurus\n|-resisted|p1a: Thundurus\n|-damage|p1a: Thundurus|0 fnt\n|-boost|p2a: Ogerpon|spe|1\n|faint|p1a: Thundurus\n|\n|upkeep\n|\n|t:|1701173437\n|switch|p1a: Tinkaton|Tinkaton, F|100\/100\n|turn|11\n|\n|t:|1701173442\n|switch|p2a: Great Tusk|Great Tusk|92\/100\n|move|p1a: Tinkaton|Thunder Wave|p2a: Great Tusk\n|-immune|p2a: Great Tusk\n|\n|upkeep\n|turn|12\n|inactive|iamhaxnoob has 120 seconds left.\n|\n|t:|1701173451\n|switch|p1a: Great Tusk|Great Tusk|100\/100\n|-enditem|p1a: Great Tusk|Booster Energy\n|-activate|p1a: Great Tusk|ability: Protosynthesis|[fromitem]\n|-start|p1a: Great Tusk|protosynthesisatk\n|move|p2a: Great Tusk|Earthquake|p1a: Great Tusk\n|-damage|p1a: Great Tusk|67\/100\n|\n|upkeep\n|turn|13\n|\n|t:|1701173463\n|move|p1a: Great Tusk|Ice Spinner|p2a: Great Tusk\n|-supereffective|p2a: Great Tusk\n|-damage|p2a: Great Tusk|56\/100\n|-damage|p1a: Great Tusk|50\/100|[from] item: Rocky Helmet|[of] p2a: Great Tusk\n|move|p2a: Great Tusk|Ice Spinner|p1a: Great Tusk\n|-supereffective|p1a: Great Tusk\n|-damage|p1a: Great Tusk|16\/100\n|\n|upkeep\n|turn|14\n|\n|t:|1701173475\n|move|p1a: Great Tusk|Headlong Rush|p2a: Great Tusk\n|-damage|p2a: Great Tusk|14\/100\n|-unboost|p1a: Great Tusk|def|1\n|-unboost|p1a: Great Tusk|spd|1\n|-damage|p1a: Great Tusk|0 fnt|[from] item: Rocky Helmet|[of] p2a: Great Tusk\n|faint|p1a: Great Tusk\n|-end|p1a: Great Tusk|Protosynthesis|[silent]\n|move|p2a: Great Tusk|Rapid Spin|p1: Great Tusk|[notarget]\n|-fail|p2a: Great Tusk\n|\n|upkeep\n|\n|t:|1701173486\n|switch|p1a: Greninja|Greninja, M|100\/100\n|turn|15\n|\n|t:|1701173491\n|-end|p2a: Great Tusk|Protosynthesis|[silent]\n|switch|p2a: Fezandipiti|Fezandipiti, M|100\/100\n|move|p1a: Greninja|Ice Beam|p2a: Fezandipiti\n|-damage|p2a: Fezandipiti|82\/100\n|\n|upkeep\n|turn|16\n|\n|t:|1701173499\n|switch|p1a: Tinkaton|Tinkaton, F|100\/100\n|move|p2a: Fezandipiti|U-turn|p1a: Tinkaton\n|-resisted|p1a: Tinkaton\n|-crit|p1a: Tinkaton\n|-damage|p1a: Tinkaton|96\/100\n|-damage|p2a: Fezandipiti|65\/100|[from] item: Rocky Helmet|[of] p1a: Tinkaton\n|\n|t:|1701173507\n|switch|p2a: Great Tusk|Great Tusk|14\/100|[from] U-turn\n|\n|upkeep\n|turn|17\n|\n|t:|1701173520\n|move|p1a: Tinkaton|Play Rough|p2a: Great Tusk\n|-supereffective|p2a: Great Tusk\n|-damage|p2a: Great Tusk|0 fnt\n|-damage|p1a: Tinkaton|79\/100|[from] item: Rocky Helmet|[of] p2a: Great Tusk\n|faint|p2a: Great Tusk\n|-end|p2a: Great Tusk|Protosynthesis|[silent]\n|\n|upkeep\n|\n|t:|1701173537\n|switch|p2a: Rotom|Rotom-Wash, tera:Dragon|50\/100\n|turn|18\n|\n|t:|1701173550\n|switch|p1a: Greninja|Greninja, M|100\/100\n|move|p2a: Rotom|Volt Switch|p1a: Greninja\n|-supereffective|p1a: Greninja\n|-damage|p1a: Greninja|16\/100\n|\n|t:|1701173559\n|switch|p2a: Fezandipiti|Fezandipiti, M|65\/100|[from] Volt Switch\n|\n|upkeep\n|turn|19\n|\n|t:|1701173565\n|switch|p1a: Tinkaton|Tinkaton, F|79\/100\n|move|p2a: Fezandipiti|U-turn|p1a: Tinkaton\n|-resisted|p1a: Tinkaton\n|-damage|p1a: Tinkaton|76\/100\n|-damage|p2a: Fezandipiti|49\/100|[from] item: Rocky Helmet|[of] p1a: Tinkaton\n|\n|t:|1701173570\n|switch|p2a: Rotom|Rotom-Wash, tera:Dragon|50\/100|[from] U-turn\n|\n|upkeep\n|turn|20\n|\n|t:|1701173578\n|move|p1a: Tinkaton|Thunder Wave|p2a: Rotom|[miss]\n|-miss|p1a: Tinkaton|p2a: Rotom\n|move|p2a: Rotom|Volt Switch|p1a: Tinkaton\n|-damage|p1a: Tinkaton|52\/100\n|inactive|iamhaxnoob has 120 seconds left.\n|inactive|iamhaxnoob has 90 seconds left.\n|inactive|iamhaxnoob has 60 seconds left.\n|\n|t:|1701173684\n|switch|p2a: Fezandipiti|Fezandipiti, M|49\/100|[from] Volt Switch\n|\n|upkeep\n|turn|21\n|\n|t:|1701173691\n|move|p2a: Fezandipiti|Roost|p2a: Fezandipiti\n|-heal|p2a: Fezandipiti|99\/100\n|-singleturn|p2a: Fezandipiti|move: Roost\n|move|p1a: Tinkaton|Gigaton Hammer|p2a: Fezandipiti\n|-supereffective|p2a: Fezandipiti\n|-damage|p2a: Fezandipiti|9\/100\n|\n|upkeep\n|turn|22\n|\n|t:|1701173699\n|move|p2a: Fezandipiti|Roost|p2a: Fezandipiti\n|-heal|p2a: Fezandipiti|59\/100\n|-singleturn|p2a: Fezandipiti|move: Roost\n|move|p1a: Tinkaton|Thunder Wave|p2a: Fezandipiti\n|-status|p2a: Fezandipiti|par\n|\n|upkeep\n|turn|23\n|\n|t:|1701173707\n|move|p1a: Tinkaton|Gigaton Hammer|p2a: Fezandipiti\n|-supereffective|p2a: Fezandipiti\n|-damage|p2a: Fezandipiti|0 fnt\n|faint|p2a: Fezandipiti\n|\n|upkeep\n|\n|t:|1701173719\n|switch|p2a: Rotom|Rotom-Wash, tera:Dragon|50\/100\n|turn|24\n|\n|t:|1701173722\n|move|p1a: Tinkaton|Play Rough|p2a: Rotom\n|-supereffective|p2a: Rotom\n|-damage|p2a: Rotom|9\/100\n|move|p2a: Rotom|Volt Switch|p1a: Tinkaton\n|-damage|p1a: Tinkaton|30\/100\n|\n|t:|1701173729\n|switch|p2a: Ogerpon|Ogerpon-Wellspring, F|100\/100|[from] Volt Switch\n|\n|upkeep\n|turn|25\n|\n|t:|1701173736\n|move|p2a: Ogerpon|Ivy Cudgel|p1a: Tinkaton|[anim] Ivy Cudgel Water\n|-damage|p1a: Tinkaton|0 fnt\n|faint|p1a: Tinkaton\n|\n|upkeep\n|\n|t:|1701173746\n|switch|p1a: Cinderace|Cinderace, F|84\/100\n|turn|26\n|\n|t:|1701173755\n|switch|p2a: Rotom|Rotom-Wash, tera:Dragon|9\/100\n|move|p1a: Cinderace|Pyro Ball|p2a: Rotom\n|-resisted|p2a: Rotom\n|-damage|p2a: Rotom|0 fnt\n|faint|p2a: Rotom\n|\n|upkeep\n|inactive|iamhaxnoob has 90 seconds left.\n|\n|t:|1701173768\n|switch|p2a: Iron Valiant|Iron Valiant|100\/100\n|-enditem|p2a: Iron Valiant|Booster Energy\n|-activate|p2a: Iron Valiant|ability: Quark Drive|[fromitem]\n|-start|p2a: Iron Valiant|quarkdrivespe\n|turn|27\n|inactive|iamhaxnoob has 90 seconds left.\n|\n|t:|1701173793\n|switch|p1a: Ogerpon|Ogerpon-Wellspring, F|71\/100 par\n|move|p2a: Iron Valiant|Focus Blast|p1a: Ogerpon\n|-damage|p1a: Ogerpon|1\/100 par\n|\n|upkeep\n|turn|28\n|\n|t:|1701173802\n|move|p2a: Iron Valiant|Moonblast|p1a: Ogerpon\n|-damage|p1a: Ogerpon|0 fnt\n|faint|p1a: Ogerpon\n|\n|upkeep\n|\n|t:|1701173805\n|switch|p1a: Cinderace|Cinderace, F|84\/100\n|turn|29\n|\n|t:|1701173816\n|move|p2a: Iron Valiant|Focus Blast|p1a: Cinderace\n|-damage|p1a: Cinderace|3\/100\n|move|p1a: Cinderace|Pyro Ball|p2a: Iron Valiant\n|-damage|p2a: Iron Valiant|21\/100\n|\n|upkeep\n|turn|30\n|\n|t:|1701173824\n|move|p2a: Iron Valiant|Moonblast|p1a: Cinderace\n|-resisted|p1a: Cinderace\n|-damage|p1a: Cinderace|0 fnt\n|faint|p1a: Cinderace\n|\n|upkeep\n|\n|t:|1701173826\n|switch|p1a: Greninja|Greninja, M|16\/100\n|turn|31\n|\n|t:|1701173831\n|-end|p2a: Iron Valiant|Quark Drive|[silent]\n|switch|p2a: Ogerpon|Ogerpon-Wellspring, F|100\/100\n|move|p1a: Greninja|Water Shuriken|p2a: Ogerpon\n|-immune|p2a: Ogerpon|[from] ability: Water Absorb\n|\n|upkeep\n|turn|32\n|\n|t:|1701173840\n|move|p1a: Greninja|Dark Pulse|p2a: Ogerpon\n|-damage|p2a: Ogerpon|62\/100\n|move|p2a: Ogerpon|Trailblaze|p1a: Greninja\n|-supereffective|p1a: Greninja\n|-damage|p1a: Greninja|0 fnt\n|-boost|p2a: Ogerpon|spe|1\n|faint|p1a: Greninja\n|\n|win|iamhaxnoob\n|raw|schleachtamulti's rating: 1476 &rarr; <strong>1454<\/strong><br \/>(-22 for losing)\n|raw|iamhaxnoob's rating: 1445 &rarr; <strong>1467<\/strong><br \/>(+22 for winning)\n","uploadtime":1701173847,"views":2,"p1id":"schleachtamulti","p2id":"iamhaxnoob","formatid":"gen9ou","rating":1454,"private":0,"password":""}