{"id":"gen9ou-1988725738","p1":"renveilbrides","p2":"imadumshet","format":"[Gen 9] OU","log":"|j|\u2606renveilbrides\n|j|\u2606imadumshet\n|t:|1699755314\n|gametype|singles\n|player|p1|renveilbrides|cynthia|1063\n|player|p2|imadumshet|2|1076\n|teamsize|p1|6\n|teamsize|p2|6\n|gen|9\n|tier|[Gen 9] OU\n|rated|\n|rule|Sleep Clause Mod: Limit one foe put to sleep\n|rule|Species Clause: Limit one of each Pok\u00e9mon\n|rule|OHKO Clause: OHKO moves are banned\n|rule|Evasion Items Clause: Evasion items are banned\n|rule|Evasion Moves Clause: Evasion moves are banned\n|rule|Endless Battle Clause: Forcing endless battles is banned\n|rule|HP Percentage Mod: HP is shown in percentages\n|clearpoke\n|poke|p1|Great Tusk|\n|poke|p1|Armarouge, M|\n|poke|p1|Greninja-*, M|\n|poke|p1|Rotom-Mow|\n|poke|p1|Zamazenta-*|\n|poke|p1|Dragonite, M|\n|poke|p2|Gliscor, F|\n|poke|p2|Gholdengo|\n|poke|p2|Cinderace, M|\n|poke|p2|Kingambit, M|\n|poke|p2|Ogerpon-Wellspring, F|\n|poke|p2|Iron Valiant|\n|teampreview\n|inactive|Battle timer is ON: inactive players will automatically lose when time's up. (requested by imadumshet)\n|inactive|renveilbrides also wants the timer to be on.\n|c|\u2606renveilbrides|GLHF\n|c|\u2606imadumshet|u2\n|\n|t:|1699755326\n|start\n|switch|p1a: GBL|Rotom-Mow|100\/100\n|switch|p2a: Gliscor|Gliscor, F|100\/100\n|turn|1\n|\n|t:|1699755340\n|move|p2a: Gliscor|Protect|p2a: Gliscor\n|-singleturn|p2a: Gliscor|Protect\n|move|p1a: GBL|Leaf Storm|p2a: Gliscor\n|-activate|p2a: Gliscor|move: Protect\n|\n|-status|p2a: Gliscor|tox|[from] item: Toxic Orb\n|upkeep\n|turn|2\n|\n|t:|1699755349\n|move|p1a: GBL|Volt Switch|p2a: Gliscor\n|-immune|p2a: Gliscor\n|move|p2a: Gliscor|Knock Off|p1a: GBL\n|-damage|p1a: GBL|70\/100\n|-enditem|p1a: GBL|Leftovers|[from] move: Knock Off|[of] p2a: Gliscor\n|\n|upkeep\n|turn|3\n|c|\u2606renveilbrides|oopsie\n|c|\u2606imadumshet|bruh\n|\n|t:|1699755359\n|switch|p1a: Aswipe|Dragonite, M|100\/100\n|move|p2a: Gliscor|Spikes|p1a: Aswipe\n|-sidestart|p1: renveilbrides|Spikes\n|\n|upkeep\n|turn|4\n|\n|t:|1699755366\n|move|p2a: Gliscor|Knock Off|p1a: Aswipe\n|-damage|p1a: Aswipe|90\/100\n|-enditem|p1a: Aswipe|Heavy-Duty Boots|[from] move: Knock Off|[of] p2a: Gliscor\n|move|p1a: Aswipe|Ice Spinner|p2a: Gliscor\n|-supereffective|p2a: Gliscor\n|-damage|p2a: Gliscor|32\/100 tox\n|\n|-heal|p2a: Gliscor|44\/100 tox|[from] ability: Poison Heal\n|upkeep\n|turn|5\n|\n|t:|1699755375\n|move|p2a: Gliscor|Protect|p2a: Gliscor\n|-singleturn|p2a: Gliscor|Protect\n|move|p1a: Aswipe|Ice Spinner|p2a: Gliscor\n|-activate|p2a: Gliscor|move: Protect\n|\n|-heal|p2a: Gliscor|56\/100 tox|[from] ability: Poison Heal\n|upkeep\n|turn|6\n|\n|t:|1699755394\n|switch|p2a: Gholdengo|Gholdengo|100\/100\n|-item|p2a: Gholdengo|Air Balloon\n|move|p1a: Aswipe|Earthquake|p2a: Gholdengo\n|-immune|p2a: Gholdengo\n|\n|upkeep\n|turn|7\n|\n|t:|1699755406\n|move|p2a: Gholdengo|Nasty Plot|p2a: Gholdengo\n|-boost|p2a: Gholdengo|spa|2\n|move|p1a: Aswipe|Ice Spinner|p2a: Gholdengo\n|-resisted|p2a: Gholdengo\n|-damage|p2a: Gholdengo|82\/100\n|-enditem|p2a: Gholdengo|Air Balloon\n|\n|upkeep\n|turn|8\n|\n|t:|1699755418\n|move|p2a: Gholdengo|Shadow Ball|p1a: Aswipe\n|-damage|p1a: Aswipe|0 fnt\n|faint|p1a: Aswipe\n|\n|upkeep\n|\n|t:|1699755422\n|switch|p1a: pterodactyl|Armarouge, M|100\/100\n|-damage|p1a: pterodactyl|88\/100|[from] Spikes\n|turn|9\n|\n|t:|1699755427\n|move|p2a: Gholdengo|Shadow Ball|p1a: pterodactyl\n|-supereffective|p1a: pterodactyl\n|-damage|p1a: pterodactyl|0 fnt\n|faint|p1a: pterodactyl\n|\n|upkeep\n|\n|t:|1699755432\n|switch|p1a: Tusky|Great Tusk, shiny|100\/100\n|-damage|p1a: Tusky|88\/100|[from] Spikes\n|-enditem|p1a: Tusky|Booster Energy\n|-activate|p1a: Tusky|ability: Protosynthesis|[fromitem]\n|-start|p1a: Tusky|protosynthesisspe\n|turn|10\n|\n|t:|1699755449\n|move|p1a: Tusky|Headlong Rush|p2a: Gholdengo\n|-supereffective|p2a: Gholdengo\n|-crit|p2a: Gholdengo\n|-damage|p2a: Gholdengo|0 fnt\n|-unboost|p1a: Tusky|def|1\n|-unboost|p1a: Tusky|spd|1\n|faint|p2a: Gholdengo\n|\n|upkeep\n|\n|t:|1699755457\n|switch|p2a: Ogerpon|Ogerpon-Wellspring, F|100\/100\n|turn|11\n|\n|t:|1699755465\n|move|p1a: Tusky|Headlong Rush|p2a: Ogerpon\n|-resisted|p2a: Ogerpon\n|-damage|p2a: Ogerpon|64\/100\n|-unboost|p1a: Tusky|def|1\n|-unboost|p1a: Tusky|spd|1\n|move|p2a: Ogerpon|Ivy Cudgel|p1a: Tusky\n|-supereffective|p1a: Tusky\n|-damage|p1a: Tusky|0 fnt\n|faint|p1a: Tusky\n|-end|p1a: Tusky|Protosynthesis|[silent]\n|\n|upkeep\n|\n|t:|1699755473\n|switch|p1a: Gekkouga|Greninja, M|100\/100\n|-damage|p1a: Gekkouga|88\/100|[from] Spikes\n|turn|12\n|\n|t:|1699755480\n|move|p1a: Gekkouga|Grass Knot|p2a: Ogerpon\n|-damage|p2a: Ogerpon|37\/100\n|-damage|p1a: Gekkouga|78\/100|[from] item: Life Orb\n|move|p2a: Ogerpon|Horn Leech|p1a: Gekkouga\n|-supereffective|p1a: Gekkouga\n|-damage|p1a: Gekkouga|0 fnt\n|-heal|p2a: Ogerpon|74\/100|[from] drain|[of] p1a: Gekkouga\n|faint|p1a: Gekkouga\n|\n|upkeep\n|\n|t:|1699755492\n|switch|p1a: GBL|Rotom-Mow|70\/100\n|turn|13\n|\n|t:|1699755501\n|move|p2a: Ogerpon|U-turn|p1a: GBL\n|-supereffective|p1a: GBL\n|-damage|p1a: GBL|0 fnt\n|faint|p1a: GBL\n|\n|t:|1699755508\n|switch|p2a: Iron Valiant|Iron Valiant|100\/100|[from] U-turn\n|-enditem|p2a: Iron Valiant|Booster Energy\n|-activate|p2a: Iron Valiant|ability: Quark Drive|[fromitem]\n|-start|p2a: Iron Valiant|quarkdrivespe\n|\n|upkeep\n|c|\u2606imadumshet|man\n|\n|t:|1699755515\n|switch|p1a: ZaZa|Zamazenta|100\/100\n|-ability|p1a: ZaZa|Dauntless Shield|boost\n|-boost|p1a: ZaZa|def|1\n|turn|14\n|c|\u2606imadumshet|your team rly just got washed like that huh\n|\n|t:|1699755526\n|move|p2a: Iron Valiant|Spirit Break|p1a: ZaZa\n|-supereffective|p1a: ZaZa\n|-damage|p1a: ZaZa|50\/100\n|-unboost|p1a: ZaZa|spa|1\n|move|p1a: ZaZa|Heavy Slam|p2a: Iron Valiant\n|-supereffective|p2a: Iron Valiant\n|-damage|p2a: Iron Valiant|0 fnt\n|faint|p2a: Iron Valiant\n|-end|p2a: Iron Valiant|Quark Drive|[silent]\n|\n|upkeep\n|c|\u2606renveilbrides|yeah not my best work\n|\n|t:|1699755539\n|switch|p2a: Kingambit|Kingambit, M|100\/100\n|-activate|p2a: Kingambit|ability: Supreme Overlord\n|-start|p2a: Kingambit|fallen2|[silent]\n|turn|15\n|\n|t:|1699755547\n|-terastallize|p2a: Kingambit|Flying\n|move|p1a: ZaZa|Close Combat|p2a: Kingambit\n|-resisted|p2a: Kingambit\n|-damage|p2a: Kingambit|78\/100\n|-unboost|p1a: ZaZa|def|1\n|-unboost|p1a: ZaZa|spd|1\n|move|p2a: Kingambit|Swords Dance|p2a: Kingambit\n|-boost|p2a: Kingambit|atk|2\n|\n|-heal|p2a: Kingambit|84\/100|[from] item: Leftovers\n|upkeep\n|turn|16\n|\n|t:|1699755557\n|move|p2a: Kingambit|Sucker Punch|p1a: ZaZa\n|-resisted|p1a: ZaZa\n|-damage|p1a: ZaZa|1\/100\n|move|p1a: ZaZa|Stone Edge|p2a: Kingambit\n|-supereffective|p2a: Kingambit\n|-damage|p2a: Kingambit|34\/100\n|\n|-heal|p2a: Kingambit|40\/100|[from] item: Leftovers\n|upkeep\n|turn|17\n|\n|t:|1699755567\n|move|p2a: Kingambit|Sucker Punch|p1a: ZaZa\n|-resisted|p1a: ZaZa\n|-crit|p1a: ZaZa\n|-damage|p1a: ZaZa|0 fnt\n|faint|p1a: ZaZa\n|\n|win|imadumshet\n|raw|renveilbrides's rating: 1063 &rarr; <strong>1044<\/strong><br \/>(-19 for losing)\n|raw|imadumshet's rating: 1076 &rarr; <strong>1104<\/strong><br \/>(+28 for winning)\n|c|\u2606renveilbrides|ggs\n|c|\u2606imadumshet|gg\n","uploadtime":1699755575,"views":18,"p1id":"renveilbrides","p2id":"imadumshet","formatid":"gen9ou","rating":1044,"private":0,"password":""}