{"id":"gen9ou-1993131126","p1":"be7","p2":"Dingles Apetitosis","format":"[Gen 9] OU","log":"|j|\u2606be7\n|j|\u2606Dingles Apetitosis\n|t:|1700268434\n|gametype|singles\n|player|p1|be7|waitress-gen4|\n|player|p2|Dingles Apetitosis|265|\n|teamsize|p1|6\n|teamsize|p2|6\n|gen|9\n|tier|[Gen 9] OU\n|rule|Sleep Clause Mod: Limit one foe put to sleep\n|rule|Species Clause: Limit one of each Pok\u00e9mon\n|rule|OHKO Clause: OHKO moves are banned\n|rule|Evasion Items Clause: Evasion items are banned\n|rule|Evasion Moves Clause: Evasion moves are banned\n|rule|Endless Battle Clause: Forcing endless battles is banned\n|rule|HP Percentage Mod: HP is shown in percentages\n|clearpoke\n|poke|p1|Kingambit, M|\n|poke|p1|Glimmora, M|\n|poke|p1|Zamazenta-*|\n|poke|p1|Iron Valiant|\n|poke|p1|Iron Moth|\n|poke|p1|Ogerpon-Wellspring, F|\n|poke|p2|Enamorus, F|\n|poke|p2|Ting-Lu|\n|poke|p2|Corviknight, F|\n|poke|p2|Cinderace, F|\n|poke|p2|Ogerpon-Wellspring, F|\n|poke|p2|Dragapult, F|\n|teampreview\n|inactive|Battle timer is ON: inactive players will automatically lose when time's up. (requested by be7)\n|j| NaokiS2\n|j| Always Edgy\n|j| hgtfkflfl\n|c| NaokiS2|Que time gay beto\n|inactive|be7 has 270 seconds left.\n|c| NaokiS2|Pera nn tem greninja\n|c| Always Edgy|gay nada\n|c| Always Edgy|eu amo HO\n|c| NaokiS2|Pensei q era o time do always edgy\n|\n|t:|1700268473\n|start\n|switch|p1a: Glimmora|Glimmora, M|100\/100\n|switch|p2a: Dragapult|Dragapult, F|100\/100\n|turn|1\n|c| Always Edgy|nah\n|c| Always Edgy|o meu eh superior\n|j| danked out\n|c| Always Edgy|o melhor time de todos\n|c| NaokiS2|Aquele \u00e9 gay\n|c| NaokiS2|Mt gay\n|c|\u2606be7|calem a boca porra\n|c| Always Edgy|mt bom\n|raw|<div class=\"broadcast-red\"><strong>Moderated chat was set to +!<\/strong><br \/>Only users of rank + and higher can talk.<\/div>\n|\n|t:|1700268493\n|move|p2a: Dragapult|Draco Meteor|p1a: Glimmora\n|-damage|p1a: Glimmora|17\/100\n|-unboost|p2a: Dragapult|spa|2\n|move|p1a: Glimmora|Stealth Rock|p2a: Dragapult\n|-sidestart|p2: Dingles Apetitosis|move: Stealth Rock\n|\n|upkeep\n|turn|2\n|\n|t:|1700268497\n|move|p2a: Dragapult|Hex|p1a: Glimmora\n|-damage|p1a: Glimmora|0 fnt\n|faint|p1a: Glimmora\n|\n|upkeep\n|inactive|be7 has 270 seconds left.\n|\n|t:|1700268525\n|switch|p1a: Iron Moth|Iron Moth|100\/100\n|-enditem|p1a: Iron Moth|Booster Energy\n|-activate|p1a: Iron Moth|ability: Quark Drive|[fromitem]\n|-start|p1a: Iron Moth|quarkdrivespe\n|turn|3\n|\n|t:|1700268531\n|switch|p2a: Ting-Lu|Ting-Lu|100\/100\n|-damage|p2a: Ting-Lu|94\/100|[from] Stealth Rock\n|-ability|p2a: Ting-Lu|Vessel of Ruin\n|move|p1a: Iron Moth|Substitute|p1a: Iron Moth\n|-start|p1a: Iron Moth|Substitute\n|-damage|p1a: Iron Moth|76\/100\n|\n|-heal|p2a: Ting-Lu|100\/100|[from] item: Leftovers\n|upkeep\n|turn|4\n|raw|<div class=\"broadcast-blue\"><strong>Moderated chat was disabled!<\/strong><br \/>Anyone may talk now.<\/div>\n|\n|t:|1700268538\n|move|p1a: Iron Moth|Fiery Dance|p2a: Ting-Lu\n|-damage|p2a: Ting-Lu|85\/100\n|move|p2a: Ting-Lu|Whirlwind|p1a: Iron Moth\n|-end|p1a: Iron Moth|Quark Drive|[silent]\n|drag|p1a: Kingambit|Kingambit, M|100\/100\n|-activate|p1a: Kingambit|ability: Supreme Overlord\n|-start|p1a: Kingambit|fallen1|[silent]\n|\n|-heal|p2a: Ting-Lu|91\/100|[from] item: Leftovers\n|upkeep\n|turn|5\n|j| Soulgoldsilver123\n|\n|t:|1700268546\n|-end|p1a: Kingambit|fallen1|[silent]\n|switch|p1a: Iron Moth|Iron Moth|76\/100\n|switch|p2a: Corviknight|Corviknight, F|100\/100\n|-damage|p2a: Corviknight|88\/100|[from] Stealth Rock\n|-ability|p2a: Corviknight|Pressure\n|\n|upkeep\n|turn|6\n|\n|t:|1700268552\n|switch|p2a: Ting-Lu|Ting-Lu|91\/100\n|-damage|p2a: Ting-Lu|85\/100|[from] Stealth Rock\n|-ability|p2a: Ting-Lu|Vessel of Ruin\n|move|p1a: Iron Moth|Substitute|p1a: Iron Moth\n|-start|p1a: Iron Moth|Substitute\n|-damage|p1a: Iron Moth|51\/100\n|\n|-heal|p2a: Ting-Lu|91\/100|[from] item: Leftovers\n|upkeep\n|turn|7\n|c| NaokiS2|Cade o meu unifoof\n|\n|t:|1700268557\n|move|p1a: Iron Moth|Fiery Dance|p2a: Ting-Lu\n|-damage|p2a: Ting-Lu|75\/100\n|move|p2a: Ting-Lu|Whirlwind|p1a: Iron Moth\n|-end|p1a: Iron Moth|Quark Drive|[silent]\n|drag|p1a: Zamazenta|Zamazenta, shiny|100\/100\n|-ability|p1a: Zamazenta|Dauntless Shield|boost\n|-boost|p1a: Zamazenta|def|1\n|\n|-heal|p2a: Ting-Lu|81\/100|[from] item: Leftovers\n|upkeep\n|turn|8\n|\n|t:|1700268565\n|switch|p2a: Dragapult|Dragapult, F|100\/100\n|move|p1a: Zamazenta|Body Press|p2a: Dragapult\n|-immune|p2a: Dragapult\n|\n|upkeep\n|turn|9\n|c|\u2606be7|aha hahahahha\n|c|\u2606be7|ahhaha\n|\n|t:|1700268574\n|move|p2a: Dragapult|Will-O-Wisp|p1a: Zamazenta\n|-status|p1a: Zamazenta|brn\n|move|p1a: Zamazenta|Crunch|p2a: Dragapult\n|-supereffective|p2a: Dragapult\n|-damage|p2a: Dragapult|64\/100\n|\n|-damage|p1a: Zamazenta|94\/100 brn|[from] brn\n|upkeep\n|turn|10\n|c|\u2606be7|KKKKKKKKKKKKK\n|c|\u2606be7|ESQUECI O TERA\n|c|\u2606be7|eu vou coringar\n|\n|t:|1700268583\n|move|p2a: Dragapult|Hex|p1a: Zamazenta\n|-damage|p1a: Zamazenta|45\/100 brn\n|move|p1a: Zamazenta|Crunch|p2a: Dragapult\n|-supereffective|p2a: Dragapult\n|-damage|p2a: Dragapult|30\/100\n|\n|-heal|p1a: Zamazenta|51\/100 brn|[from] item: Leftovers\n|-damage|p1a: Zamazenta|45\/100 brn|[from] brn\n|upkeep\n|turn|11\n|\n|t:|1700268588\n|switch|p1a: Kingambit|Kingambit, M|100\/100\n|-activate|p1a: Kingambit|ability: Supreme Overlord\n|-start|p1a: Kingambit|fallen1|[silent]\n|move|p2a: Dragapult|Hex|p1a: Kingambit\n|-resisted|p1a: Kingambit\n|-damage|p1a: Kingambit|85\/100\n|\n|upkeep\n|turn|12\n|c| NaokiS2|Diga always edgy\n|\n|t:|1700268591\n|switch|p2a: Corviknight|Corviknight, F|88\/100\n|-damage|p2a: Corviknight|76\/100|[from] Stealth Rock\n|-ability|p2a: Corviknight|Pressure\n|-end|p1a: Kingambit|fallen1|[silent]\n|switch|p1a: Iron Moth|Iron Moth|51\/100\n|\n|upkeep\n|turn|13\n|\n|t:|1700268595\n|switch|p2a: Ting-Lu|Ting-Lu|81\/100\n|-damage|p2a: Ting-Lu|75\/100|[from] Stealth Rock\n|-ability|p2a: Ting-Lu|Vessel of Ruin\n|move|p1a: Iron Moth|Fiery Dance|p2a: Ting-Lu\n|-damage|p2a: Ting-Lu|58\/100\n|-boost|p1a: Iron Moth|spa|1\n|\n|-heal|p2a: Ting-Lu|65\/100|[from] item: Leftovers\n|upkeep\n|turn|14\n|c| NaokiS2|Diga oq o tera era\n|\n|t:|1700268601\n|move|p1a: Iron Moth|Dazzling Gleam|p2a: Ting-Lu\n|-supereffective|p2a: Ting-Lu\n|-damage|p2a: Ting-Lu|28\/100\n|move|p2a: Ting-Lu|Earthquake|p1a: Iron Moth\n|-supereffective|p1a: Iron Moth\n|-damage|p1a: Iron Moth|0 fnt\n|faint|p1a: Iron Moth\n|-end|p1a: Iron Moth|Quark Drive|[silent]\n|\n|-heal|p2a: Ting-Lu|34\/100|[from] item: Leftovers\n|upkeep\n|c| Always Edgy|meu time eh diferente\n|c| NaokiS2|Nao po\n|c| NaokiS2|O nosso meme\n|c| Always Edgy|ah\n|c| NaokiS2|Era obvio...\n|c| Always Edgy|era obvio.\n|\n|t:|1700268623\n|switch|p1a: Ogerpon|Ogerpon-Wellspring, F|100\/100\n|turn|15\n|\n|t:|1700268628\n|move|p1a: Ogerpon|Ivy Cudgel|p2a: Ting-Lu|[anim] Ivy Cudgel Water\n|-supereffective|p2a: Ting-Lu\n|-damage|p2a: Ting-Lu|0 fnt\n|faint|p2a: Ting-Lu\n|\n|upkeep\n|c| NaokiS2|Cade a sincronia\n|\n|t:|1700268632\n|switch|p2a: Cinderace|Cinderace, F|100\/100\n|turn|16\n|\n|t:|1700268645\n|switch|p1a: Zamazenta|Zamazenta, shiny|45\/100 brn\n|-terastallize|p2a: Cinderace|Fire\n|move|p2a: Cinderace|Pyro Ball|p1a: Zamazenta\n|-damage|p1a: Zamazenta|0 fnt\n|faint|p1a: Zamazenta\n|\n|upkeep\n|c| NaokiS2|Vamo x1 lc beto vo com time q eu buildei\n|\n|t:|1700268663\n|switch|p1a: Iron Valiant|Iron Valiant|100\/100\n|-enditem|p1a: Iron Valiant|Booster Energy\n|-activate|p1a: Iron Valiant|ability: Quark Drive|[fromitem]\n|-start|p1a: Iron Valiant|quarkdrivespe\n|turn|17\n|c| Always Edgy|NOSSA\n|c|\u2606be7|pode ser\n|\n|t:|1700268671\n|move|p1a: Iron Valiant|Hypnosis|p2a: Cinderace\n|-status|p2a: Cinderace|slp|[from] move: Hypnosis\n|cant|p2a: Cinderace|slp\n|\n|upkeep\n|turn|18\n|\n|t:|1700268674\n|move|p1a: Iron Valiant|Calm Mind|p1a: Iron Valiant\n|-boost|p1a: Iron Valiant|spa|1\n|-boost|p1a: Iron Valiant|spd|1\n|-curestatus|p2a: Cinderace|slp|[msg]\n|move|p2a: Cinderace|Pyro Ball|p1a: Iron Valiant\n|-damage|p1a: Iron Valiant|3\/100\n|\n|upkeep\n|turn|19\n|c| Always Edgy|be7 ele pensa que tu eh minino KKKKKKKKK\n|c| Always Edgy|ta te chamando logo pra LC\n|c| NaokiS2|Hj tu ta azarado\n|c|\u2606be7|eu n sei jogar ou\n|c| Always Edgy|logo em lc\n|c|\u2606be7|OU*\n|c| Always Edgy|ta achando q tu eh minino\n|c|\u2606be7|s\u00f3 manjo de pokemons lvl 5\n|c|\u2606be7|eu sou cabe\u00e7a Always Edgy\n|c|\u2606be7|!\n|c| Always Edgy|se esse cinderace fosse lv5\n|c| NaokiS2|Cade OU level 5\n|\n|t:|1700268704\n|move|p2a: Cinderace|Sucker Punch|p1a: Iron Valiant\n|-resisted|p1a: Iron Valiant\n|-damage|p1a: Iron Valiant|0 fnt\n|faint|p1a: Iron Valiant\n|-end|p1a: Iron Valiant|Quark Drive|[silent]\n|\n|upkeep\n|c| Always Edgy|o beto amassava\n|c| NaokiS2|When\n|\n|t:|1700268710\n|switch|p1a: Ogerpon|Ogerpon-Wellspring, F|100\/100\n|turn|20\n|\n|t:|1700268715\n|-terastallize|p1a: Ogerpon|Water\n|detailschange|p1a: Ogerpon|Ogerpon-Wellspring-Tera, F, tera:Water\n|-ability|p1a: Ogerpon|Embody Aspect (Wellspring)|boost\n|-boost|p1a: Ogerpon|spd|1\n|move|p2a: Cinderace|U-turn|p1a: Ogerpon\n|-damage|p1a: Ogerpon|71\/100\n|\n|t:|1700268719\n|switch|p2a: Ogerpon|Ogerpon-Wellspring, F|100\/100|[from] U-turn\n|-damage|p2a: Ogerpon|88\/100|[from] Stealth Rock\n|move|p1a: Ogerpon|Ivy Cudgel|p2a: Ogerpon|[anim] Ivy Cudgel Water\n|-heal|p2a: Ogerpon|100\/100|[from] ability: Water Absorb|[of] p1a: Ogerpon\n|\n|upkeep\n|turn|21\n|\n|t:|1700268727\n|move|p1a: Ogerpon|Power Whip|p2a: Ogerpon|[miss]\n|-miss|p1a: Ogerpon|p2a: Ogerpon\n|move|p2a: Ogerpon|Trailblaze|p1a: Ogerpon\n|-supereffective|p1a: Ogerpon\n|-damage|p1a: Ogerpon|0 fnt\n|-boost|p2a: Ogerpon|spe|1\n|faint|p1a: Ogerpon\n|\n|upkeep\n|c|\u2606be7|kkkkkkkkkk\n|-message|be7 forfeited.\n|\n|win|Dingles Apetitosis\n|l|\u2606be7\n|l|\u2606Dingles Apetitosis\n|c| Always Edgy|never gonna give u up\n|c| Always Edgy|never gonna let u down\n|l| Always Edgy\n","uploadtime":1700268747,"views":15,"p1id":"be7","p2id":"dinglesapetitosis","formatid":"gen9ou","rating":0,"private":0,"password":""}