{"id":"gen9ou-1991254276","p1":"uehwg3v3v","p2":"quanlotthanhnhi","format":"[Gen 9] OU","log":"|j|\u2606uehwg3v3v\n|j|\u2606quanlotthanhnhi\n|t:|1700061617\n|gametype|singles\n|player|p1|uehwg3v3v|265|1044\n|player|p2|quanlotthanhnhi|sage|1000\n|teamsize|p1|6\n|teamsize|p2|6\n|gen|9\n|tier|[Gen 9] OU\n|rated|\n|rule|Sleep Clause Mod: Limit one foe put to sleep\n|rule|Species Clause: Limit one of each Pok\u00e9mon\n|rule|OHKO Clause: OHKO moves are banned\n|rule|Evasion Items Clause: Evasion items are banned\n|rule|Evasion Moves Clause: Evasion moves are banned\n|rule|Endless Battle Clause: Forcing endless battles is banned\n|rule|HP Percentage Mod: HP is shown in percentages\n|clearpoke\n|poke|p1|Skeledirge, F|\n|poke|p1|Gholdengo|\n|poke|p1|Crawdaunt, M|\n|poke|p1|Dragonite, F|\n|poke|p1|Ogerpon-Wellspring, F|\n|poke|p1|Heatran, F|\n|poke|p2|Corviknight, F|\n|poke|p2|Mandibuzz, F|\n|poke|p2|Talonflame, F|\n|poke|p2|Kilowattrel, F|\n|poke|p2|Flamigo, M|\n|poke|p2|Altaria, M|\n|teampreview\n|inactive|Battle timer is ON: inactive players will automatically lose when time's up. (requested by uehwg3v3v)\n|\n|t:|1700061633\n|start\n|switch|p1a: Crawdaunt|Crawdaunt, M|100\/100\n|switch|p2a: Altaria|Altaria, M|100\/100\n|-ability|p2a: Altaria|Cloud Nine\n|turn|1\n|\n|t:|1700061642\n|move|p2a: Altaria|Dragon Dance|p2a: Altaria\n|-boost|p2a: Altaria|atk|1\n|-boost|p2a: Altaria|spe|1\n|move|p1a: Crawdaunt|Dragon Dance|p1a: Crawdaunt\n|-boost|p1a: Crawdaunt|atk|1\n|-boost|p1a: Crawdaunt|spe|1\n|\n|upkeep\n|turn|2\n|\n|t:|1700061650\n|move|p2a: Altaria|Play Rough|p1a: Crawdaunt\n|-supereffective|p1a: Crawdaunt\n|-damage|p1a: Crawdaunt|0 fnt\n|faint|p1a: Crawdaunt\n|\n|upkeep\n|\n|t:|1700061655\n|switch|p1a: Heatran|Heatran, F|100\/100\n|turn|3\n|\n|t:|1700061660\n|move|p2a: Altaria|Earthquake|p1a: Heatran\n|-supereffective|p1a: Heatran\n|-damage|p1a: Heatran|0 fnt\n|faint|p1a: Heatran\n|\n|upkeep\n|\n|t:|1700061663\n|switch|p1a: Dragonite|Dragonite, F|100\/100\n|turn|4\n|\n|t:|1700061673\n|-terastallize|p1a: Dragonite|Fire\n|move|p2a: Altaria|Dragon Claw|p1a: Dragonite\n|-damage|p1a: Dragonite|74\/100\n|move|p1a: Dragonite|Ice Spinner|p2a: Altaria\n|-supereffective|p2a: Altaria\n|-damage|p2a: Altaria|0 fnt\n|faint|p2a: Altaria\n|\n|upkeep\n|\n|t:|1700061690\n|switch|p2a: Corviknight|Corviknight, F|100\/100\n|turn|5\n|\n|t:|1700061696\n|switch|p1a: Skeledirge|Skeledirge, F|100\/100\n|move|p2a: Corviknight|Body Press|p1a: Skeledirge\n|-immune|p1a: Skeledirge\n|\n|upkeep\n|turn|6\n|\n|t:|1700061703\n|switch|p2a: Mandibuzz|Mandibuzz, F|100\/100\n|move|p1a: Skeledirge|Torch Song|p2a: Mandibuzz\n|-damage|p2a: Mandibuzz|81\/100\n|-boost|p1a: Skeledirge|spa|1\n|\n|-heal|p2a: Mandibuzz|87\/100|[from] item: Leftovers\n|upkeep\n|turn|7\n|\n|t:|1700061713\n|move|p2a: Mandibuzz|Toxic|p1a: Skeledirge\n|-status|p1a: Skeledirge|tox\n|move|p1a: Skeledirge|Will-O-Wisp|p2a: Mandibuzz|[miss]\n|-miss|p1a: Skeledirge|p2a: Mandibuzz\n|\n|-heal|p2a: Mandibuzz|93\/100|[from] item: Leftovers\n|-damage|p1a: Skeledirge|94\/100 tox|[from] psn\n|upkeep\n|turn|8\n|\n|t:|1700061723\n|move|p2a: Mandibuzz|Foul Play|p1a: Skeledirge\n|-supereffective|p1a: Skeledirge\n|-damage|p1a: Skeledirge|62\/100 tox\n|move|p1a: Skeledirge|Will-O-Wisp|p2a: Mandibuzz|[miss]\n|-miss|p1a: Skeledirge|p2a: Mandibuzz\n|\n|-heal|p2a: Mandibuzz|99\/100|[from] item: Leftovers\n|-heal|p1a: Skeledirge|68\/100 tox|[from] item: Leftovers\n|-damage|p1a: Skeledirge|56\/100 tox|[from] psn\n|upkeep\n|turn|9\n|\n|t:|1700061734\n|move|p2a: Mandibuzz|Taunt|p1a: Skeledirge\n|-start|p1a: Skeledirge|move: Taunt\n|cant|p1a: Skeledirge|move: Taunt|Will-O-Wisp\n|\n|-heal|p2a: Mandibuzz|100\/100|[from] item: Leftovers\n|-heal|p1a: Skeledirge|62\/100 tox|[from] item: Leftovers\n|-damage|p1a: Skeledirge|44\/100 tox|[from] psn\n|upkeep\n|turn|10\n|\n|t:|1700061744\n|switch|p1a: Ogerpon|Ogerpon-Wellspring, F|100\/100\n|move|p2a: Mandibuzz|Foul Play|p1a: Ogerpon\n|-damage|p1a: Ogerpon|43\/100\n|\n|upkeep\n|turn|11\n|\n|t:|1700061751\n|move|p1a: Ogerpon|Ivy Cudgel|p2a: Mandibuzz|[anim] Ivy Cudgel Water\n|-damage|p2a: Mandibuzz|59\/100\n|move|p2a: Mandibuzz|Toxic|p1a: Ogerpon\n|-status|p1a: Ogerpon|tox\n|\n|-heal|p2a: Mandibuzz|65\/100|[from] item: Leftovers\n|-damage|p1a: Ogerpon|37\/100 tox|[from] psn\n|upkeep\n|turn|12\n|\n|t:|1700061761\n|move|p1a: Ogerpon|Ivy Cudgel|p2a: Mandibuzz|[anim] Ivy Cudgel Water\n|-crit|p2a: Mandibuzz\n|-damage|p2a: Mandibuzz|0 fnt\n|faint|p2a: Mandibuzz\n|\n|-damage|p1a: Ogerpon|25\/100 tox|[from] psn\n|upkeep\n|\n|t:|1700061777\n|switch|p2a: Corviknight|Corviknight, F|100\/100\n|turn|13\n|\n|t:|1700061780\n|move|p1a: Ogerpon|Ivy Cudgel|p2a: Corviknight|[anim] Ivy Cudgel Water\n|-damage|p2a: Corviknight|58\/100\n|move|p2a: Corviknight|Roost|p2a: Corviknight\n|-heal|p2a: Corviknight|100\/100\n|-singleturn|p2a: Corviknight|move: Roost\n|\n|-damage|p1a: Ogerpon|7\/100 tox|[from] psn\n|upkeep\n|turn|14\n|\n|t:|1700061790\n|move|p1a: Ogerpon|Ivy Cudgel|p2a: Corviknight|[anim] Ivy Cudgel Water\n|-damage|p2a: Corviknight|52\/100\n|move|p2a: Corviknight|Roost|p2a: Corviknight\n|-heal|p2a: Corviknight|100\/100\n|-singleturn|p2a: Corviknight|move: Roost\n|\n|-damage|p1a: Ogerpon|0 fnt|[from] psn\n|faint|p1a: Ogerpon\n|upkeep\n|\n|t:|1700061793\n|switch|p1a: Skeledirge|Skeledirge, F|44\/100 tox\n|turn|15\n|\n|t:|1700061806\n|switch|p2a: Kilowattrel|Kilowattrel, F|100\/100\n|move|p1a: Skeledirge|Slack Off|p1a: Skeledirge\n|-heal|p1a: Skeledirge|94\/100 tox\n|\n|-heal|p1a: Skeledirge|99\/100 tox|[from] item: Leftovers\n|-damage|p1a: Skeledirge|94\/100 tox|[from] psn\n|upkeep\n|turn|16\n|\n|t:|1700061818\n|move|p2a: Kilowattrel|Hurricane|p1a: Skeledirge\n|-damage|p1a: Skeledirge|51\/100 tox\n|move|p1a: Skeledirge|Torch Song|p2a: Kilowattrel\n|-damage|p2a: Kilowattrel|47\/100\n|-boost|p1a: Skeledirge|spa|1\n|\n|-heal|p1a: Skeledirge|57\/100 tox|[from] item: Leftovers\n|-damage|p1a: Skeledirge|45\/100 tox|[from] psn\n|upkeep\n|turn|17\n|\n|t:|1700061829\n|switch|p1a: Gholdengo|Gholdengo|100\/100\n|move|p2a: Kilowattrel|Hurricane|p1a: Gholdengo\n|-resisted|p1a: Gholdengo\n|-damage|p1a: Gholdengo|70\/100\n|\n|upkeep\n|turn|18\n|\n|t:|1700061836\n|move|p1a: Gholdengo|Shadow Ball|p2a: Kilowattrel\n|-damage|p2a: Kilowattrel|0 fnt\n|faint|p2a: Kilowattrel\n|\n|upkeep\n|\n|t:|1700061842\n|switch|p2a: Talonflame|Talonflame, F|100\/100\n|turn|19\n|\n|t:|1700061846\n|switch|p1a: Skeledirge|Skeledirge, F|45\/100 tox\n|move|p2a: Talonflame|Flare Blitz|p1a: Skeledirge\n|-resisted|p1a: Skeledirge\n|-damage|p1a: Skeledirge|23\/100 tox\n|-damage|p2a: Talonflame|90\/100|[from] Recoil\n|\n|-heal|p1a: Skeledirge|29\/100 tox|[from] item: Leftovers\n|-damage|p1a: Skeledirge|23\/100 tox|[from] psn\n|upkeep\n|turn|20\n|\n|t:|1700061859\n|move|p2a: Talonflame|Brave Bird|p1a: Skeledirge\n|-damage|p1a: Skeledirge|0 fnt\n|faint|p1a: Skeledirge\n|-damage|p2a: Talonflame|80\/100|[from] Recoil\n|\n|upkeep\n|inactive|uehwg3v3v has 120 seconds left.\n|c|\u2606quanlotthanhnhi|comeon\n|inactive|uehwg3v3v has 90 seconds left.\n|l|\u2606uehwg3v3v\n|inactive|uehwg3v3v disconnected and has a minute to reconnect!\n|player|p1|\n|c|\u2606quanlotthanhnhi|fucku\n|c|\u2606quanlotthanhnhi|nooob\n|c|\u2606quanlotthanhnhi|fuckkkkkk\n|c|\u2606quanlotthanhnhi|fuckkkkkk\n|c|\u2606quanlotthanhnhi|dont run\n|c|\u2606quanlotthanhnhi|hh v\u1ee5 hhh\n|inactive|uehwg3v3v has 30 seconds to reconnect!\n|inactive|uehwg3v3v has 20 seconds to reconnect!\n|c|\u2606quanlotthanhnhi|fuckkkkku\n|inactive|uehwg3v3v has 15 seconds to reconnect!\n|c|\u2606quanlotthanhnhi|dont runnnnnn\n|inactive|uehwg3v3v has 10 seconds to reconnect!\n|c|\u2606quanlotthanhnhi|fucccccckkkkkk uuuuuuu\n|inactive|uehwg3v3v has 5 seconds to reconnect!\n|-message|uehwg3v3v lost due to inactivity.\n|\n|win|quanlotthanhnhi\n|raw|uehwg3v3v's rating: 1044 &rarr; <strong>1025<\/strong><br \/>(-19 for losing)\n|raw|quanlotthanhnhi's rating: 1000 &rarr; <strong>1045<\/strong><br \/>(+45 for winning)\n","uploadtime":1700061971,"views":4,"p1id":"uehwg3v3v","p2id":"quanlotthanhnhi","formatid":"gen9ou","rating":1025,"private":0,"password":""}