{"id":"gen9ou-1988521357","p1":"JustTweety","p2":"thiba","format":"[Gen 9] OU","log":"|j|\u2606JustTweety\n|j|\u2606thiba\n|t:|1699731850\n|gametype|singles\n|player|p1|JustTweety|silver|1057\n|player|p2|thiba|1|1141\n|teamsize|p1|6\n|teamsize|p2|6\n|gen|9\n|tier|[Gen 9] OU\n|rated|\n|rule|Sleep Clause Mod: Limit one foe put to sleep\n|rule|Species Clause: Limit one of each Pok\u00e9mon\n|rule|OHKO Clause: OHKO moves are banned\n|rule|Evasion Items Clause: Evasion items are banned\n|rule|Evasion Moves Clause: Evasion moves are banned\n|rule|Endless Battle Clause: Forcing endless battles is banned\n|rule|HP Percentage Mod: HP is shown in percentages\n|clearpoke\n|poke|p1|Kingambit, M|\n|poke|p1|Polteageist|\n|poke|p1|Cinderace, F|\n|poke|p1|Dragonite, F|\n|poke|p1|Clodsire, F|\n|poke|p1|Decidueye-Hisui, M|\n|poke|p2|Rillaboom, F|\n|poke|p2|Sneasler, F|\n|poke|p2|Zamazenta-*|\n|poke|p2|Heatran, M|\n|poke|p2|Hatterene, F|\n|poke|p2|Manaphy|\n|teampreview\n|inactive|Battle timer is ON: inactive players will automatically lose when time's up. (requested by thiba)\n|\n|t:|1699731868\n|start\n|switch|p1a: Itsdamfteapot|Polteageist|100\/100\n|switch|p2a: Rillaboom|Rillaboom, F|100\/100\n|-fieldstart|move: Grassy Terrain|[from] ability: Grassy Surge|[of] p2a: Rillaboom\n|turn|1\n|\n|t:|1699731877\n|move|p2a: Rillaboom|Grassy Glide|p1a: Itsdamfteapot\n|-enditem|p1a: Itsdamfteapot|Focus Sash\n|-damage|p1a: Itsdamfteapot|1\/100\n|-ability|p1a: Itsdamfteapot|Weak Armor|boost\n|-unboost|p1a: Itsdamfteapot|def|1\n|-boost|p1a: Itsdamfteapot|spe|2\n|move|p1a: Itsdamfteapot|Shell Smash|p1a: Itsdamfteapot\n|-unboost|p1a: Itsdamfteapot|def|1\n|-unboost|p1a: Itsdamfteapot|spd|1\n|-boost|p1a: Itsdamfteapot|atk|2\n|-boost|p1a: Itsdamfteapot|spa|2\n|-boost|p1a: Itsdamfteapot|spe|2\n|\n|-heal|p1a: Itsdamfteapot|7\/100|[from] Grassy Terrain\n|upkeep\n|turn|2\n|\n|t:|1699731893\n|move|p2a: Rillaboom|Grassy Glide|p1a: Itsdamfteapot\n|-damage|p1a: Itsdamfteapot|0 fnt\n|faint|p1a: Itsdamfteapot\n|\n|upkeep\n|\n|t:|1699731899\n|switch|p1a: Not a rabbit|Cinderace, F|100\/100\n|turn|3\n|\n|t:|1699731905\n|switch|p2a: Hatterene|Hatterene, F|100\/100\n|-enditem|p2a: Hatterene|Grassy Seed\n|-boost|p2a: Hatterene|def|1|[from] item: Grassy Seed\n|move|p1a: Not a rabbit|Pyro Ball|p2a: Hatterene\n|-damage|p2a: Hatterene|68\/100\n|\n|-heal|p2a: Hatterene|74\/100|[from] Grassy Terrain\n|upkeep\n|turn|4\n|\n|t:|1699731917\n|move|p1a: Not a rabbit|Iron Head|p2a: Hatterene\n|-start|p1a: Not a rabbit|typechange|Steel|[from] ability: Libero\n|-supereffective|p2a: Hatterene\n|-damage|p2a: Hatterene|30\/100\n|move|p2a: Hatterene|Nuzzle|p1a: Not a rabbit\n|-damage|p1a: Not a rabbit|97\/100\n|-status|p1a: Not a rabbit|par\n|\n|-heal|p1a: Not a rabbit|100\/100 par|[from] Grassy Terrain\n|-heal|p2a: Hatterene|36\/100|[from] Grassy Terrain\n|upkeep\n|turn|5\n|\n|t:|1699731929\n|switch|p2a: Heatran|Heatran, M|100\/100\n|-item|p2a: Heatran|Air Balloon\n|cant|p1a: Not a rabbit|par\n|\n|-fieldend|move: Grassy Terrain\n|upkeep\n|turn|6\n|\n|t:|1699731940\n|move|p2a: Heatran|Magma Storm|p1a: Not a rabbit\n|-supereffective|p1a: Not a rabbit\n|-damage|p1a: Not a rabbit|7\/100 par\n|-activate|p1a: Not a rabbit|move: Magma Storm|[of] p2a: Heatran\n|move|p1a: Not a rabbit|High Jump Kick|p2a: Heatran\n|-supereffective|p2a: Heatran\n|-damage|p2a: Heatran|27\/100\n|-enditem|p2a: Heatran|Air Balloon\n|-heal|p1a: Not a rabbit|16\/100 par|[from] item: Shell Bell|[of] p2a: Heatran\n|\n|-damage|p1a: Not a rabbit|4\/100 par|[from] move: Magma Storm|[partiallytrapped]\n|upkeep\n|turn|7\n|\n|t:|1699731955\n|move|p2a: Heatran|Earth Power|p1a: Not a rabbit\n|-supereffective|p1a: Not a rabbit\n|-damage|p1a: Not a rabbit|0 fnt\n|faint|p1a: Not a rabbit\n|\n|upkeep\n|\n|t:|1699731976\n|switch|p1a: PunchyOwl|Decidueye-Hisui, M|100\/100\n|turn|8\n|\n|t:|1699731980\n|move|p2a: Heatran|Will-O-Wisp|p1a: PunchyOwl\n|-status|p1a: PunchyOwl|brn\n|move|p1a: PunchyOwl|Close Combat|p2a: Heatran\n|-supereffective|p2a: Heatran\n|-damage|p2a: Heatran|0 fnt\n|-unboost|p1a: PunchyOwl|def|1\n|-unboost|p1a: PunchyOwl|spd|1\n|faint|p2a: Heatran\n|\n|-damage|p1a: PunchyOwl|94\/100 brn|[from] brn\n|upkeep\n|\n|t:|1699731987\n|switch|p2a: Rillaboom|Rillaboom, F|100\/100\n|-fieldstart|move: Grassy Terrain|[from] ability: Grassy Surge|[of] p2a: Rillaboom\n|turn|9\n|\n|t:|1699732001\n|move|p2a: Rillaboom|U-turn|p1a: PunchyOwl\n|-damage|p1a: PunchyOwl|33\/100 brn\n|\n|t:|1699732006\n|switch|p2a: Sneasler|Sneasler, F|100\/100|[from] U-turn\n|-enditem|p2a: Sneasler|Grassy Seed\n|-boost|p2a: Sneasler|def|1|[from] item: Grassy Seed\n|move|p1a: PunchyOwl|Bulk Up|p1a: PunchyOwl\n|-boost|p1a: PunchyOwl|atk|1\n|-boost|p1a: PunchyOwl|def|1\n|\n|-heal|p1a: PunchyOwl|39\/100 brn|[from] Grassy Terrain\n|-heal|p1a: PunchyOwl|45\/100 brn|[from] item: Leftovers\n|-damage|p1a: PunchyOwl|39\/100 brn|[from] brn\n|upkeep\n|turn|10\n|\n|t:|1699732021\n|move|p2a: Sneasler|Dire Claw|p1a: PunchyOwl\n|-supereffective|p1a: PunchyOwl\n|-damage|p1a: PunchyOwl|0 fnt\n|faint|p1a: PunchyOwl\n|\n|upkeep\n|\n|t:|1699732031\n|switch|p1a: Stupid|Clodsire, F|100\/100\n|turn|11\n|\n|t:|1699732040\n|switch|p2a: Hatterene|Hatterene, F|36\/100\n|move|p1a: Stupid|Yawn|p2a: Hatterene\n|move|p2a: Hatterene|Yawn|p1a: Stupid|[from]ability: Magic Bounce\n|-start|p1a: Stupid|move: Yawn|[of] p2a: Hatterene\n|\n|-heal|p2a: Hatterene|42\/100|[from] Grassy Terrain\n|upkeep\n|turn|12\n|\n|t:|1699732056\n|move|p2a: Hatterene|Nuzzle|p1a: Stupid\n|-immune|p1a: Stupid\n|move|p1a: Stupid|Earthquake|p2a: Hatterene\n|-damage|p2a: Hatterene|32\/100\n|\n|-heal|p2a: Hatterene|38\/100|[from] Grassy Terrain\n|-end|p1a: Stupid|move: Yawn|[silent]\n|-status|p1a: Stupid|slp\n|upkeep\n|turn|13\n|\n|t:|1699732066\n|switch|p2a: Manaphy|Manaphy|100\/100\n|cant|p1a: Stupid|slp\n|\n|-fieldend|move: Grassy Terrain\n|upkeep\n|turn|14\n|\n|t:|1699732073\n|cant|p1a: Stupid|slp\n|move|p2a: Manaphy|Take Heart|p2a: Manaphy\n|-boost|p2a: Manaphy|spa|1\n|-boost|p2a: Manaphy|spd|1\n|\n|upkeep\n|turn|15\n|\n|t:|1699732079\n|-curestatus|p1a: Stupid|slp|[msg]\n|move|p1a: Stupid|Protect|p1a: Stupid\n|-singleturn|p1a: Stupid|Protect\n|move|p2a: Manaphy|Take Heart|p2a: Manaphy\n|-boost|p2a: Manaphy|spa|1\n|-boost|p2a: Manaphy|spd|1\n|\n|upkeep\n|turn|16\n|\n|t:|1699732091\n|switch|p2a: Hatterene|Hatterene, F|38\/100\n|move|p1a: Stupid|Yawn|p2a: Hatterene\n|move|p2a: Hatterene|Yawn|p1a: Stupid|[from]ability: Magic Bounce\n|-start|p1a: Stupid|move: Yawn|[of] p2a: Hatterene\n|\n|upkeep\n|turn|17\n|\n|t:|1699732104\n|move|p2a: Hatterene|Draining Kiss|p1a: Stupid\n|-resisted|p1a: Stupid\n|-damage|p1a: Stupid|94\/100\n|-heal|p2a: Hatterene|45\/100|[from] drain|[of] p1a: Stupid\n|move|p1a: Stupid|Earthquake|p2a: Hatterene\n|-damage|p2a: Hatterene|20\/100\n|\n|-heal|p1a: Stupid|100\/100|[from] item: Black Sludge\n|-end|p1a: Stupid|move: Yawn|[silent]\n|-status|p1a: Stupid|slp\n|upkeep\n|turn|18\n|\n|t:|1699732130\n|cant|p1a: Stupid|slp\n|move|p2a: Hatterene|Calm Mind|p2a: Hatterene\n|-boost|p2a: Hatterene|spa|1\n|-boost|p2a: Hatterene|spd|1\n|\n|upkeep\n|turn|19\n|\n|t:|1699732136\n|cant|p1a: Stupid|slp\n|move|p2a: Hatterene|Draining Kiss|p1a: Stupid\n|-resisted|p1a: Stupid\n|-damage|p1a: Stupid|94\/100 slp\n|-heal|p2a: Hatterene|27\/100|[from] drain|[of] p1a: Stupid\n|\n|-heal|p1a: Stupid|99\/100 slp|[from] item: Black Sludge\n|upkeep\n|turn|20\n|\n|t:|1699732146\n|cant|p1a: Stupid|slp\n|move|p2a: Hatterene|Draining Kiss|p1a: Stupid\n|-resisted|p1a: Stupid\n|-damage|p1a: Stupid|94\/100 slp\n|-heal|p2a: Hatterene|34\/100|[from] drain|[of] p1a: Stupid\n|\n|-heal|p1a: Stupid|100\/100 slp|[from] item: Black Sludge\n|upkeep\n|turn|21\n|\n|t:|1699732163\n|-curestatus|p1a: Stupid|slp|[msg]\n|move|p1a: Stupid|Protect|p1a: Stupid\n|-singleturn|p1a: Stupid|Protect\n|move|p2a: Hatterene|Draining Kiss|p1a: Stupid\n|-activate|p1a: Stupid|move: Protect\n|\n|upkeep\n|turn|22\n|\n|t:|1699732171\n|move|p2a: Hatterene|Draining Kiss|p1a: Stupid\n|-resisted|p1a: Stupid\n|-damage|p1a: Stupid|94\/100\n|-heal|p2a: Hatterene|40\/100|[from] drain|[of] p1a: Stupid\n|move|p1a: Stupid|Earthquake|p2a: Hatterene\n|-damage|p2a: Hatterene|17\/100\n|\n|-heal|p1a: Stupid|100\/100|[from] item: Black Sludge\n|upkeep\n|turn|23\n|\n|t:|1699732182\n|move|p2a: Hatterene|Draining Kiss|p1a: Stupid\n|-resisted|p1a: Stupid\n|-damage|p1a: Stupid|94\/100\n|-heal|p2a: Hatterene|24\/100|[from] drain|[of] p1a: Stupid\n|move|p1a: Stupid|Earthquake|p2a: Hatterene\n|-damage|p2a: Hatterene|2\/100\n|\n|-heal|p1a: Stupid|100\/100|[from] item: Black Sludge\n|upkeep\n|turn|24\n|\n|t:|1699732196\n|move|p2a: Hatterene|Draining Kiss|p1a: Stupid\n|-resisted|p1a: Stupid\n|-damage|p1a: Stupid|94\/100\n|-heal|p2a: Hatterene|9\/100|[from] drain|[of] p1a: Stupid\n|move|p1a: Stupid|Earthquake|p2a: Hatterene\n|-damage|p2a: Hatterene|0 fnt\n|faint|p2a: Hatterene\n|\n|-heal|p1a: Stupid|100\/100|[from] item: Black Sludge\n|upkeep\n|\n|t:|1699732198\n|switch|p2a: Manaphy|Manaphy|100\/100\n|turn|25\n|\n|t:|1699732220\n|move|p2a: Manaphy|Acid Armor|p2a: Manaphy\n|-boost|p2a: Manaphy|def|2\n|move|p1a: Stupid|Yawn|p2a: Manaphy\n|-start|p2a: Manaphy|move: Yawn|[of] p1a: Stupid\n|\n|upkeep\n|turn|26\n|\n|t:|1699732229\n|switch|p2a: Sneasler|Sneasler, F|100\/100\n|move|p1a: Stupid|Earthquake|p2a: Sneasler\n|-supereffective|p2a: Sneasler\n|-damage|p2a: Sneasler|20\/100\n|\n|upkeep\n|turn|27\n|\n|t:|1699732237\n|switch|p2a: Rillaboom|Rillaboom, F|100\/100\n|-fieldstart|move: Grassy Terrain|[from] ability: Grassy Surge|[of] p2a: Rillaboom\n|move|p1a: Stupid|Recover||[still]\n|-fail|p1a: Stupid|heal\n|\n|upkeep\n|turn|28\n|\n|t:|1699732244\n|move|p2a: Rillaboom|U-turn|p1a: Stupid\n|-resisted|p1a: Stupid\n|-damage|p1a: Stupid|81\/100\n|\n|t:|1699732248\n|switch|p2a: Sneasler|Sneasler, F|20\/100|[from] U-turn\n|move|p1a: Stupid|Earthquake|p2a: Sneasler\n|-supereffective|p2a: Sneasler\n|-damage|p2a: Sneasler|0 fnt\n|faint|p2a: Sneasler\n|\n|-heal|p1a: Stupid|87\/100|[from] Grassy Terrain\n|-heal|p1a: Stupid|93\/100|[from] item: Black Sludge\n|upkeep\n|\n|t:|1699732251\n|switch|p2a: Manaphy|Manaphy|100\/100\n|turn|29\n|\n|t:|1699732262\n|move|p2a: Manaphy|Acid Armor|p2a: Manaphy\n|-boost|p2a: Manaphy|def|2\n|move|p1a: Stupid|Yawn|p2a: Manaphy\n|-start|p2a: Manaphy|move: Yawn|[of] p1a: Stupid\n|\n|-heal|p1a: Stupid|99\/100|[from] Grassy Terrain\n|-heal|p1a: Stupid|100\/100|[from] item: Black Sludge\n|upkeep\n|turn|30\n|\n|t:|1699732272\n|move|p2a: Manaphy|Acid Armor|p2a: Manaphy\n|-boost|p2a: Manaphy|def|2\n|move|p1a: Stupid|Earthquake|p2a: Manaphy\n|-damage|p2a: Manaphy|89\/100\n|\n|-heal|p2a: Manaphy|96\/100|[from] Grassy Terrain\n|-heal|p2a: Manaphy|100\/100|[from] item: Leftovers\n|-end|p2a: Manaphy|move: Yawn|[silent]\n|-status|p2a: Manaphy|slp\n|upkeep\n|turn|31\n|\n|t:|1699732297\n|switch|p1a: Bleach|Kingambit, M|100\/100\n|-activate|p1a: Bleach|ability: Supreme Overlord\n|-start|p1a: Bleach|fallen3|[silent]\n|cant|p2a: Manaphy|slp\n|\n|-fieldend|move: Grassy Terrain\n|upkeep\n|turn|32\n|\n|t:|1699732310\n|switch|p2a: Zamazenta|Zamazenta|100\/100\n|-ability|p2a: Zamazenta|Dauntless Shield|boost\n|-boost|p2a: Zamazenta|def|1\n|move|p1a: Bleach|Kowtow Cleave|p2a: Zamazenta\n|-resisted|p2a: Zamazenta\n|-damage|p2a: Zamazenta|84\/100\n|\n|-heal|p2a: Zamazenta|90\/100|[from] item: Leftovers\n|upkeep\n|turn|33\n|\n|t:|1699732324\n|move|p2a: Zamazenta|Body Press|p1a: Bleach\n|-supereffective|p1a: Bleach\n|-damage|p1a: Bleach|0 fnt\n|faint|p1a: Bleach\n|-end|p1a: Bleach|fallen3|[silent]\n|\n|-heal|p2a: Zamazenta|96\/100|[from] item: Leftovers\n|upkeep\n|inactive|JustTweety has 120 seconds left.\n|\n|t:|1699732337\n|switch|p1a: Stupid|Clodsire, F|100\/100\n|turn|34\n|\n|t:|1699732346\n|switch|p2a: Rillaboom|Rillaboom, F|100\/100\n|-fieldstart|move: Grassy Terrain|[from] ability: Grassy Surge|[of] p2a: Rillaboom\n|move|p1a: Stupid|Yawn|p2a: Rillaboom\n|-start|p2a: Rillaboom|move: Yawn|[of] p1a: Stupid\n|\n|upkeep\n|turn|35\n|\n|t:|1699732358\n|switch|p1a: Chubs|Dragonite, F|100\/100\n|move|p2a: Rillaboom|U-turn|p1a: Chubs\n|-resisted|p1a: Chubs\n|-damage|p1a: Chubs|91\/100\n|\n|t:|1699732360\n|switch|p2a: Zamazenta|Zamazenta|96\/100|[from] U-turn\n|\n|-heal|p2a: Zamazenta|100\/100|[from] Grassy Terrain\n|-heal|p1a: Chubs|98\/100|[from] item: Leftovers\n|upkeep\n|turn|36\n|\n|t:|1699732376\n|move|p2a: Zamazenta|Iron Defense|p2a: Zamazenta\n|-boost|p2a: Zamazenta|def|2\n|move|p1a: Chubs|Dragon Dance|p1a: Chubs\n|-boost|p1a: Chubs|atk|1\n|-boost|p1a: Chubs|spe|1\n|\n|-heal|p1a: Chubs|100\/100|[from] item: Leftovers\n|upkeep\n|turn|37\n|\n|t:|1699732389\n|move|p2a: Zamazenta|Iron Defense|p2a: Zamazenta\n|-boost|p2a: Zamazenta|def|2\n|move|p1a: Chubs|Ice Spinner|p2a: Zamazenta\n|-damage|p2a: Zamazenta|91\/100\n|-fieldend|move: Grassy Terrain\n|\n|-heal|p2a: Zamazenta|97\/100|[from] item: Leftovers\n|upkeep\n|turn|38\n|\n|t:|1699732401\n|move|p2a: Zamazenta|Body Press|p1a: Chubs\n|-resisted|p1a: Chubs\n|-damage|p1a: Chubs|75\/100\n|move|p1a: Chubs|Dragon Dance|p1a: Chubs\n|-boost|p1a: Chubs|atk|1\n|-boost|p1a: Chubs|spe|1\n|\n|-heal|p1a: Chubs|82\/100|[from] item: Leftovers\n|-heal|p2a: Zamazenta|100\/100|[from] item: Leftovers\n|upkeep\n|turn|39\n|\n|t:|1699732412\n|move|p1a: Chubs|Ice Spinner|p2a: Zamazenta\n|-damage|p2a: Zamazenta|87\/100\n|move|p2a: Zamazenta|Body Press|p1a: Chubs\n|-resisted|p1a: Chubs\n|-damage|p1a: Chubs|27\/100\n|\n|-heal|p1a: Chubs|33\/100|[from] item: Leftovers\n|-heal|p2a: Zamazenta|93\/100|[from] item: Leftovers\n|upkeep\n|turn|40\n|\n|t:|1699732424\n|move|p1a: Chubs|Earthquake|p2a: Zamazenta\n|-damage|p2a: Zamazenta|77\/100\n|move|p2a: Zamazenta|Body Press|p1a: Chubs\n|-resisted|p1a: Chubs\n|-damage|p1a: Chubs|0 fnt\n|faint|p1a: Chubs\n|\n|-heal|p2a: Zamazenta|83\/100|[from] item: Leftovers\n|upkeep\n|inactive|JustTweety has 120 seconds left.\n|\n|t:|1699732434\n|switch|p1a: Stupid|Clodsire, F|100\/100\n|turn|41\n|\n|t:|1699732437\n|move|p2a: Zamazenta|Iron Defense|p2a: Zamazenta\n|-boost|p2a: Zamazenta|def|2\n|move|p1a: Stupid|Yawn|p2a: Zamazenta\n|-start|p2a: Zamazenta|move: Yawn|[of] p1a: Stupid\n|\n|-heal|p2a: Zamazenta|89\/100|[from] item: Leftovers\n|upkeep\n|turn|42\n|\n|t:|1699732449\n|move|p1a: Stupid|Protect|p1a: Stupid\n|-singleturn|p1a: Stupid|Protect\n|move|p2a: Zamazenta|Body Press|p1a: Stupid\n|-activate|p1a: Stupid|move: Protect\n|\n|-heal|p2a: Zamazenta|96\/100|[from] item: Leftovers\n|-end|p2a: Zamazenta|move: Yawn|[silent]\n|-message|Sleep Clause Mod activated.\n|-hint|Sleep Clause Mod prevents players from putting more than one of their opponent's Pok\u00e9mon to sleep at a time\n|upkeep\n|turn|43\n|\n|t:|1699732460\n|move|p2a: Zamazenta|Body Press|p1a: Stupid\n|-resisted|p1a: Stupid\n|-damage|p1a: Stupid|79\/100\n|move|p1a: Stupid|Yawn|p2a: Zamazenta\n|-start|p2a: Zamazenta|move: Yawn|[of] p1a: Stupid\n|\n|-heal|p2a: Zamazenta|100\/100|[from] item: Leftovers\n|-heal|p1a: Stupid|85\/100|[from] item: Black Sludge\n|upkeep\n|turn|44\n|\n|t:|1699732470\n|move|p1a: Stupid|Protect|p1a: Stupid\n|-singleturn|p1a: Stupid|Protect\n|move|p2a: Zamazenta|Heavy Slam|p1a: Stupid\n|-activate|p1a: Stupid|move: Protect\n|\n|-heal|p1a: Stupid|91\/100|[from] item: Black Sludge\n|-end|p2a: Zamazenta|move: Yawn|[silent]\n|-message|Sleep Clause Mod activated.\n|-hint|Sleep Clause Mod prevents players from putting more than one of their opponent's Pok\u00e9mon to sleep at a time\n|upkeep\n|turn|45\n|\n|t:|1699732485\n|move|p2a: Zamazenta|Crunch|p1a: Stupid\n|-damage|p1a: Stupid|64\/100\n|move|p1a: Stupid|Earthquake|p2a: Zamazenta\n|-damage|p2a: Zamazenta|81\/100\n|\n|-heal|p2a: Zamazenta|87\/100|[from] item: Leftovers\n|-heal|p1a: Stupid|71\/100|[from] item: Black Sludge\n|upkeep\n|turn|46\n|inactive|JustTweety has 120 seconds left.\n|\n|t:|1699732502\n|move|p1a: Stupid|Protect|p1a: Stupid\n|-singleturn|p1a: Stupid|Protect\n|move|p2a: Zamazenta|Crunch|p1a: Stupid\n|-activate|p1a: Stupid|move: Protect\n|\n|-heal|p2a: Zamazenta|93\/100|[from] item: Leftovers\n|-heal|p1a: Stupid|77\/100|[from] item: Black Sludge\n|upkeep\n|turn|47\n|inactive|JustTweety has 120 seconds left.\n|\n|t:|1699732515\n|move|p2a: Zamazenta|Crunch|p1a: Stupid\n|-damage|p1a: Stupid|50\/100\n|move|p1a: Stupid|Earthquake|p2a: Zamazenta\n|-damage|p2a: Zamazenta|75\/100\n|\n|-heal|p2a: Zamazenta|81\/100|[from] item: Leftovers\n|-heal|p1a: Stupid|56\/100|[from] item: Black Sludge\n|upkeep\n|turn|48\n|\n|t:|1699732525\n|move|p2a: Zamazenta|Crunch|p1a: Stupid\n|-damage|p1a: Stupid|31\/100\n|move|p1a: Stupid|Recover|p1a: Stupid\n|-heal|p1a: Stupid|81\/100\n|\n|-heal|p2a: Zamazenta|87\/100|[from] item: Leftovers\n|-heal|p1a: Stupid|88\/100|[from] item: Black Sludge\n|upkeep\n|turn|49\n|\n|t:|1699732536\n|move|p1a: Stupid|Protect|p1a: Stupid\n|-singleturn|p1a: Stupid|Protect\n|move|p2a: Zamazenta|Crunch|p1a: Stupid\n|-activate|p1a: Stupid|move: Protect\n|\n|-heal|p2a: Zamazenta|93\/100|[from] item: Leftovers\n|-heal|p1a: Stupid|94\/100|[from] item: Black Sludge\n|upkeep\n|turn|50\n|\n|t:|1699732547\n|move|p2a: Zamazenta|Crunch|p1a: Stupid\n|-damage|p1a: Stupid|70\/100\n|-unboost|p1a: Stupid|def|1\n|move|p1a: Stupid|Recover|p1a: Stupid\n|-heal|p1a: Stupid|100\/100\n|\n|-heal|p2a: Zamazenta|99\/100|[from] item: Leftovers\n|upkeep\n|turn|51\n|\n|t:|1699732556\n|move|p2a: Zamazenta|Crunch|p1a: Stupid\n|-damage|p1a: Stupid|60\/100\n|move|p1a: Stupid|Earthquake|p2a: Zamazenta\n|-damage|p2a: Zamazenta|79\/100\n|\n|-heal|p2a: Zamazenta|85\/100|[from] item: Leftovers\n|-heal|p1a: Stupid|67\/100|[from] item: Black Sludge\n|upkeep\n|turn|52\n|\n|t:|1699732567\n|move|p1a: Stupid|Protect|p1a: Stupid\n|-singleturn|p1a: Stupid|Protect\n|move|p2a: Zamazenta|Crunch|p1a: Stupid\n|-activate|p1a: Stupid|move: Protect\n|\n|-heal|p2a: Zamazenta|92\/100|[from] item: Leftovers\n|-heal|p1a: Stupid|73\/100|[from] item: Black Sludge\n|upkeep\n|turn|53\n|\n|t:|1699732579\n|move|p2a: Zamazenta|Crunch|p1a: Stupid\n|-damage|p1a: Stupid|35\/100\n|move|p1a: Stupid|Earthquake|p2a: Zamazenta\n|-damage|p2a: Zamazenta|73\/100\n|\n|-heal|p2a: Zamazenta|79\/100|[from] item: Leftovers\n|-heal|p1a: Stupid|41\/100|[from] item: Black Sludge\n|upkeep\n|turn|54\n|\n|t:|1699732589\n|move|p2a: Zamazenta|Crunch|p1a: Stupid\n|-damage|p1a: Stupid|3\/100\n|move|p1a: Stupid|Recover|p1a: Stupid\n|-heal|p1a: Stupid|53\/100\n|\n|-heal|p2a: Zamazenta|85\/100|[from] item: Leftovers\n|-heal|p1a: Stupid|59\/100|[from] item: Black Sludge\n|upkeep\n|turn|55\n|\n|t:|1699732600\n|move|p2a: Zamazenta|Crunch|p1a: Stupid\n|-damage|p1a: Stupid|20\/100\n|move|p1a: Stupid|Recover|p1a: Stupid\n|-heal|p1a: Stupid|70\/100\n|\n|-heal|p2a: Zamazenta|91\/100|[from] item: Leftovers\n|-heal|p1a: Stupid|76\/100|[from] item: Black Sludge\n|upkeep\n|turn|56\n|\n|t:|1699732612\n|move|p2a: Zamazenta|Crunch|p1a: Stupid\n|-damage|p1a: Stupid|36\/100\n|move|p1a: Stupid|Recover|p1a: Stupid\n|-heal|p1a: Stupid|86\/100\n|\n|-heal|p2a: Zamazenta|98\/100|[from] item: Leftovers\n|-heal|p1a: Stupid|92\/100|[from] item: Black Sludge\n|upkeep\n|turn|57\n|\n|t:|1699732622\n|move|p2a: Zamazenta|Crunch|p1a: Stupid\n|-damage|p1a: Stupid|56\/100\n|move|p1a: Stupid|Yawn|p2a: Zamazenta\n|-start|p2a: Zamazenta|move: Yawn|[of] p1a: Stupid\n|\n|-heal|p2a: Zamazenta|100\/100|[from] item: Leftovers\n|-heal|p1a: Stupid|62\/100|[from] item: Black Sludge\n|upkeep\n|turn|58\n|\n|t:|1699732633\n|move|p2a: Zamazenta|Crunch|p1a: Stupid\n|-damage|p1a: Stupid|28\/100\n|move|p1a: Stupid|Recover|p1a: Stupid\n|-heal|p1a: Stupid|78\/100\n|\n|-heal|p1a: Stupid|84\/100|[from] item: Black Sludge\n|-end|p2a: Zamazenta|move: Yawn|[silent]\n|-message|Sleep Clause Mod activated.\n|-hint|Sleep Clause Mod prevents players from putting more than one of their opponent's Pok\u00e9mon to sleep at a time\n|upkeep\n|turn|59\n|\n|t:|1699732642\n|move|p1a: Stupid|Protect|p1a: Stupid\n|-singleturn|p1a: Stupid|Protect\n|move|p2a: Zamazenta|Crunch|p1a: Stupid\n|-activate|p1a: Stupid|move: Protect\n|\n|-heal|p1a: Stupid|90\/100|[from] item: Black Sludge\n|upkeep\n|turn|60\n|\n|t:|1699732652\n|move|p2a: Zamazenta|Crunch|p1a: Stupid\n|-damage|p1a: Stupid|51\/100\n|move|p1a: Stupid|Earthquake|p2a: Zamazenta\n|-damage|p2a: Zamazenta|79\/100\n|\n|-heal|p2a: Zamazenta|85\/100|[from] item: Leftovers\n|-heal|p1a: Stupid|57\/100|[from] item: Black Sludge\n|upkeep\n|turn|61\n|\n|t:|1699732665\n|move|p2a: Zamazenta|Crunch|p1a: Stupid\n|-damage|p1a: Stupid|21\/100\n|move|p1a: Stupid|Recover|p1a: Stupid\n|-heal|p1a: Stupid|71\/100\n|\n|-heal|p2a: Zamazenta|91\/100|[from] item: Leftovers\n|-heal|p1a: Stupid|78\/100|[from] item: Black Sludge\n|upkeep\n|turn|62\n|\n|t:|1699732676\n|move|p1a: Stupid|Protect|p1a: Stupid\n|-singleturn|p1a: Stupid|Protect\n|move|p2a: Zamazenta|Crunch|p1a: Stupid\n|-activate|p1a: Stupid|move: Protect\n|\n|-heal|p2a: Zamazenta|98\/100|[from] item: Leftovers\n|-heal|p1a: Stupid|84\/100|[from] item: Black Sludge\n|upkeep\n|turn|63\n|\n|t:|1699732690\n|move|p2a: Zamazenta|Crunch|p1a: Stupid\n|-damage|p1a: Stupid|46\/100\n|move|p1a: Stupid|Earthquake|p2a: Zamazenta\n|-damage|p2a: Zamazenta|77\/100\n|\n|-heal|p2a: Zamazenta|83\/100|[from] item: Leftovers\n|-heal|p1a: Stupid|52\/100|[from] item: Black Sludge\n|upkeep\n|turn|64\n|\n|t:|1699732700\n|switch|p2a: Rillaboom|Rillaboom, F|100\/100\n|-fieldstart|move: Grassy Terrain|[from] ability: Grassy Surge|[of] p2a: Rillaboom\n|move|p1a: Stupid|Yawn|p2a: Rillaboom\n|-start|p2a: Rillaboom|move: Yawn|[of] p1a: Stupid\n|\n|-heal|p1a: Stupid|58\/100|[from] Grassy Terrain\n|-heal|p1a: Stupid|65\/100|[from] item: Black Sludge\n|upkeep\n|turn|65\n|\n|t:|1699732711\n|switch|p2a: Zamazenta|Zamazenta|83\/100\n|move|p1a: Stupid|Protect||[still]\n|-fail|p1a: Stupid\n|\n|-heal|p2a: Zamazenta|89\/100|[from] Grassy Terrain\n|-heal|p2a: Zamazenta|95\/100|[from] item: Leftovers\n|-heal|p1a: Stupid|71\/100|[from] Grassy Terrain\n|-heal|p1a: Stupid|77\/100|[from] item: Black Sludge\n|upkeep\n|turn|66\n|\n|t:|1699732723\n|move|p1a: Stupid|Protect|p1a: Stupid\n|-singleturn|p1a: Stupid|Protect\n|move|p2a: Zamazenta|Crunch|p1a: Stupid\n|-activate|p1a: Stupid|move: Protect\n|\n|-heal|p2a: Zamazenta|100\/100|[from] Grassy Terrain\n|-heal|p1a: Stupid|83\/100|[from] Grassy Terrain\n|-heal|p1a: Stupid|90\/100|[from] item: Black Sludge\n|upkeep\n|turn|67\n|\n|t:|1699732734\n|move|p2a: Zamazenta|Crunch|p1a: Stupid\n|-damage|p1a: Stupid|56\/100\n|-unboost|p1a: Stupid|def|1\n|move|p1a: Stupid|Earthquake|p2a: Zamazenta\n|-damage|p2a: Zamazenta|90\/100\n|\n|-heal|p2a: Zamazenta|96\/100|[from] Grassy Terrain\n|-heal|p2a: Zamazenta|100\/100|[from] item: Leftovers\n|-heal|p1a: Stupid|62\/100|[from] Grassy Terrain\n|-heal|p1a: Stupid|68\/100|[from] item: Black Sludge\n|upkeep\n|turn|68\n|\n|t:|1699732748\n|switch|p2a: Manaphy|Manaphy|100\/100 slp\n|move|p1a: Stupid|Protect||[still]\n|-fail|p1a: Stupid\n|\n|-heal|p1a: Stupid|74\/100|[from] Grassy Terrain\n|-heal|p1a: Stupid|81\/100|[from] item: Black Sludge\n|-fieldend|move: Grassy Terrain\n|upkeep\n|turn|69\n|\n|t:|1699732757\n|switch|p2a: Rillaboom|Rillaboom, F|100\/100\n|-fieldstart|move: Grassy Terrain|[from] ability: Grassy Surge|[of] p2a: Rillaboom\n|move|p1a: Stupid|Earthquake|p2a: Rillaboom\n|-resisted|p2a: Rillaboom\n|-damage|p2a: Rillaboom|93\/100\n|\n|-heal|p2a: Rillaboom|99\/100|[from] Grassy Terrain\n|-heal|p1a: Stupid|87\/100|[from] Grassy Terrain\n|-heal|p1a: Stupid|93\/100|[from] item: Black Sludge\n|upkeep\n|turn|70\n|\n|t:|1699732772\n|switch|p2a: Zamazenta|Zamazenta|100\/100\n|move|p1a: Stupid|Protect||[still]\n|-fail|p1a: Stupid\n|\n|-heal|p1a: Stupid|99\/100|[from] Grassy Terrain\n|-heal|p1a: Stupid|100\/100|[from] item: Black Sludge\n|upkeep\n|turn|71\n|\n|t:|1699732783\n|move|p2a: Zamazenta|Body Press|p1a: Stupid\n|-resisted|p1a: Stupid\n|-damage|p1a: Stupid|55\/100\n|move|p1a: Stupid|Yawn|p2a: Zamazenta\n|-start|p2a: Zamazenta|move: Yawn|[of] p1a: Stupid\n|\n|-heal|p1a: Stupid|61\/100|[from] Grassy Terrain\n|-heal|p1a: Stupid|68\/100|[from] item: Black Sludge\n|upkeep\n|turn|72\n|\n|t:|1699732796\n|move|p1a: Stupid|Protect|p1a: Stupid\n|-singleturn|p1a: Stupid|Protect\n|move|p2a: Zamazenta|Iron Defense|p2a: Zamazenta\n|-boost|p2a: Zamazenta|def|2\n|\n|-heal|p1a: Stupid|74\/100|[from] Grassy Terrain\n|-heal|p1a: Stupid|80\/100|[from] item: Black Sludge\n|-end|p2a: Zamazenta|move: Yawn|[silent]\n|-message|Sleep Clause Mod activated.\n|-hint|Sleep Clause Mod prevents players from putting more than one of their opponent's Pok\u00e9mon to sleep at a time\n|upkeep\n|turn|73\n|\n|t:|1699732807\n|move|p2a: Zamazenta|Crunch|p1a: Stupid\n|-damage|p1a: Stupid|34\/100\n|move|p1a: Stupid|Yawn|p2a: Zamazenta\n|-start|p2a: Zamazenta|move: Yawn|[of] p1a: Stupid\n|\n|-heal|p1a: Stupid|40\/100|[from] Grassy Terrain\n|-heal|p1a: Stupid|46\/100|[from] item: Black Sludge\n|-fieldend|move: Grassy Terrain\n|upkeep\n|turn|74\n|\n|t:|1699732817\n|switch|p2a: Rillaboom|Rillaboom, F|99\/100\n|-fieldstart|move: Grassy Terrain|[from] ability: Grassy Surge|[of] p2a: Rillaboom\n|move|p1a: Stupid|Protect||[still]\n|-fail|p1a: Stupid\n|\n|-heal|p2a: Rillaboom|100\/100|[from] Grassy Terrain\n|-heal|p1a: Stupid|52\/100|[from] Grassy Terrain\n|-heal|p1a: Stupid|59\/100|[from] item: Black Sludge\n|upkeep\n|turn|75\n|\n|t:|1699732831\n|switch|p2a: Zamazenta|Zamazenta|100\/100\n|move|p1a: Stupid|Yawn|p2a: Zamazenta\n|-start|p2a: Zamazenta|move: Yawn|[of] p1a: Stupid\n|\n|-heal|p1a: Stupid|65\/100|[from] Grassy Terrain\n|-heal|p1a: Stupid|71\/100|[from] item: Black Sludge\n|upkeep\n|turn|76\n|\n|t:|1699732845\n|move|p1a: Stupid|Protect|p1a: Stupid\n|-singleturn|p1a: Stupid|Protect\n|move|p2a: Zamazenta|Iron Defense|p2a: Zamazenta\n|-boost|p2a: Zamazenta|def|2\n|\n|-heal|p1a: Stupid|77\/100|[from] Grassy Terrain\n|-heal|p1a: Stupid|84\/100|[from] item: Black Sludge\n|-end|p2a: Zamazenta|move: Yawn|[silent]\n|-message|Sleep Clause Mod activated.\n|-hint|Sleep Clause Mod prevents players from putting more than one of their opponent's Pok\u00e9mon to sleep at a time\n|upkeep\n|turn|77\n|\n|t:|1699732856\n|move|p2a: Zamazenta|Crunch|p1a: Stupid\n|-damage|p1a: Stupid|34\/100\n|move|p1a: Stupid|Yawn|p2a: Zamazenta\n|-start|p2a: Zamazenta|move: Yawn|[of] p1a: Stupid\n|\n|-heal|p1a: Stupid|40\/100|[from] Grassy Terrain\n|-heal|p1a: Stupid|47\/100|[from] item: Black Sludge\n|upkeep\n|turn|78\n|\n|t:|1699732868\n|switch|p2a: Manaphy|Manaphy|100\/100 slp\n|move|p1a: Stupid|Yawn||[still]\n|-fail|p1a: Stupid\n|\n|-heal|p1a: Stupid|53\/100|[from] Grassy Terrain\n|-heal|p1a: Stupid|59\/100|[from] item: Black Sludge\n|-fieldend|move: Grassy Terrain\n|upkeep\n|turn|79\n|\n|t:|1699732878\n|cant|p2a: Manaphy|slp\n|move|p1a: Stupid|Yawn||[still]\n|-fail|p1a: Stupid\n|\n|-heal|p1a: Stupid|65\/100|[from] item: Black Sludge\n|upkeep\n|turn|80\n|\n|t:|1699732886\n|cant|p2a: Manaphy|slp\n|move|p1a: Stupid|Yawn||[still]\n|-fail|p1a: Stupid\n|\n|-heal|p1a: Stupid|72\/100|[from] item: Black Sludge\n|upkeep\n|turn|81\n|\n|t:|1699732895\n|switch|p2a: Rillaboom|Rillaboom, F|100\/100\n|-fieldstart|move: Grassy Terrain|[from] ability: Grassy Surge|[of] p2a: Rillaboom\n|-activate|p1a: Stupid|move: Struggle\n|move|p1a: Stupid|Struggle|p2a: Rillaboom\n|-damage|p2a: Rillaboom|91\/100\n|-damage|p1a: Stupid|47\/100|[from] recoil\n|\n|-heal|p2a: Rillaboom|97\/100|[from] Grassy Terrain\n|-heal|p1a: Stupid|53\/100|[from] Grassy Terrain\n|-heal|p1a: Stupid|59\/100|[from] item: Black Sludge\n|upkeep\n|turn|82\n|\n|t:|1699732908\n|switch|p2a: Zamazenta|Zamazenta|100\/100\n|-activate|p1a: Stupid|move: Struggle\n|move|p1a: Stupid|Struggle|p2a: Zamazenta\n|-damage|p2a: Zamazenta|94\/100\n|-damage|p1a: Stupid|34\/100|[from] recoil\n|\n|-heal|p2a: Zamazenta|99\/100|[from] Grassy Terrain\n|-heal|p2a: Zamazenta|100\/100|[from] item: Leftovers\n|-heal|p1a: Stupid|40\/100|[from] Grassy Terrain\n|-heal|p1a: Stupid|47\/100|[from] item: Black Sludge\n|upkeep\n|turn|83\n|\n|t:|1699732924\n|switch|p2a: Manaphy|Manaphy|100\/100 slp\n|-activate|p1a: Stupid|move: Struggle\n|move|p1a: Stupid|Struggle|p2a: Manaphy\n|-damage|p2a: Manaphy|93\/100 slp\n|-damage|p1a: Stupid|22\/100|[from] recoil\n|\n|-heal|p2a: Manaphy|99\/100 slp|[from] Grassy Terrain\n|-heal|p2a: Manaphy|100\/100 slp|[from] item: Leftovers\n|-heal|p1a: Stupid|28\/100|[from] Grassy Terrain\n|-heal|p1a: Stupid|34\/100|[from] item: Black Sludge\n|upkeep\n|turn|84\n|\n|t:|1699732936\n|-curestatus|p2a: Manaphy|slp|[msg]\n|move|p2a: Manaphy|Acid Armor|p2a: Manaphy\n|-boost|p2a: Manaphy|def|2\n|-activate|p1a: Stupid|move: Struggle\n|move|p1a: Stupid|Struggle|p2a: Manaphy\n|-damage|p2a: Manaphy|94\/100\n|-damage|p1a: Stupid|9\/100|[from] recoil\n|\n|-heal|p2a: Manaphy|99\/100|[from] Grassy Terrain\n|-heal|p2a: Manaphy|100\/100|[from] item: Leftovers\n|-heal|p1a: Stupid|15\/100|[from] Grassy Terrain\n|-heal|p1a: Stupid|22\/100|[from] item: Black Sludge\n|upkeep\n|turn|85\n|\n|t:|1699732951\n|move|p2a: Manaphy|Acid Armor|p2a: Manaphy\n|-boost|p2a: Manaphy|def|2\n|-activate|p1a: Stupid|move: Struggle\n|move|p1a: Stupid|Struggle|p2a: Manaphy\n|-damage|p2a: Manaphy|94\/100\n|-damage|p1a: Stupid|0 fnt|[from] recoil\n|faint|p1a: Stupid\n|\n|win|thiba\n|raw|JustTweety's rating: 1057 &rarr; <strong>1043<\/strong><br \/>(-14 for losing)\n|raw|thiba's rating: 1141 &rarr; <strong>1160<\/strong><br \/>(+19 for winning)\n|c|\u2606JustTweety|Gg\n|l|\u2606thiba\n","uploadtime":1699733002,"views":35,"p1id":"justtweety","p2id":"thiba","formatid":"gen9ou","rating":1043,"private":0,"password":""}