{"id":"gen9ou-1989328167","p1":"vsalzar","p2":"Onte bad","format":"[Gen 9] OU","log":"|j|\u2606vsalzar\n|j|\u2606Onte bad\n|t:|1699836893\n|gametype|singles\n|player|p1|vsalzar|dancer|1213\n|player|p2|Onte bad|1|1114\n|teamsize|p1|6\n|teamsize|p2|6\n|gen|9\n|tier|[Gen 9] OU\n|rated|\n|rule|Sleep Clause Mod: Limit one foe put to sleep\n|rule|Species Clause: Limit one of each Pok\u00e9mon\n|rule|OHKO Clause: OHKO moves are banned\n|rule|Evasion Items Clause: Evasion items are banned\n|rule|Evasion Moves Clause: Evasion moves are banned\n|rule|Endless Battle Clause: Forcing endless battles is banned\n|rule|HP Percentage Mod: HP is shown in percentages\n|clearpoke\n|poke|p1|Skeledirge, M|\n|poke|p1|Clodsire, M|\n|poke|p1|Tatsugiri, F|\n|poke|p1|Iron Moth|\n|poke|p1|Staraptor, F|\n|poke|p1|Toxicroak, F|\n|poke|p2|Gholdengo|\n|poke|p2|Glimmora, F|\n|poke|p2|Ribombee, F|\n|poke|p2|Cinderace, F|\n|poke|p2|Dragonite, F|\n|poke|p2|Thundurus-Therian, M|\n|teampreview\n|inactive|Battle timer is ON: inactive players will automatically lose when time's up. (requested by vsalzar)\n|\n|t:|1699836920\n|start\n|switch|p1a: Clodsire|Clodsire, M, shiny|100\/100\n|switch|p2a: Cinderace|Cinderace, F|100\/100\n|turn|1\n|\n|t:|1699836925\n|move|p2a: Cinderace|U-turn|p1a: Clodsire\n|-start|p2a: Cinderace|typechange|Bug|[from] ability: Libero\n|-resisted|p1a: Clodsire\n|-damage|p1a: Clodsire|82\/100\n|\n|t:|1699836940\n|switch|p2a: Glimmora|Glimmora, F|100\/100|[from] U-turn\n|move|p1a: Clodsire|Earthquake|p2a: Glimmora\n|-supereffective|p2a: Glimmora\n|-enditem|p2a: Glimmora|Focus Sash\n|-damage|p2a: Glimmora|1\/100\n|-activate|p2a: Glimmora|ability: Toxic Debris\n|-sidestart|p1: vsalzar|move: Toxic Spikes\n|\n|-heal|p1a: Clodsire|88\/100|[from] item: Leftovers\n|upkeep\n|turn|2\n|\n|t:|1699836946\n|move|p2a: Glimmora|Stealth Rock|p1a: Clodsire\n|-sidestart|p1: vsalzar|move: Stealth Rock\n|move|p1a: Clodsire|Earthquake|p2a: Glimmora\n|-supereffective|p2a: Glimmora\n|-damage|p2a: Glimmora|0 fnt\n|-activate|p2a: Glimmora|ability: Toxic Debris\n|-sidestart|p1: vsalzar|move: Toxic Spikes\n|faint|p2a: Glimmora\n|\n|-heal|p1a: Clodsire|94\/100|[from] item: Leftovers\n|upkeep\n|\n|t:|1699836959\n|switch|p2a: Ribombee|Ribombee, F|100\/100\n|turn|3\n|\n|t:|1699836962\n|move|p2a: Ribombee|Sticky Web|p1a: Clodsire\n|-sidestart|p1: vsalzar|move: Sticky Web\n|move|p1a: Clodsire|Stealth Rock|p2a: Ribombee\n|-sidestart|p2: Onte bad|move: Stealth Rock\n|\n|-heal|p1a: Clodsire|99\/100|[from] item: Leftovers\n|upkeep\n|turn|4\n|\n|t:|1699836967\n|switch|p2a: Dragonite|Dragonite, F|100\/100\n|-damage|p2a: Dragonite|76\/100|[from] Stealth Rock\n|move|p1a: Clodsire|Toxic|p2a: Dragonite\n|-status|p2a: Dragonite|tox\n|-enditem|p2a: Dragonite|Lum Berry|[eat]\n|-curestatus|p2a: Dragonite|tox|[msg]\n|\n|-heal|p1a: Clodsire|100\/100|[from] item: Leftovers\n|upkeep\n|turn|5\n|\n|t:|1699836976\n|switch|p1a: Tatsugiri|Tatsugiri, F|100\/100\n|move|p2a: Dragonite|Earthquake|p1a: Tatsugiri\n|-damage|p1a: Tatsugiri|29\/100\n|\n|upkeep\n|turn|6\n|\n|t:|1699836980\n|move|p2a: Dragonite|Extreme Speed|p1a: Tatsugiri\n|-damage|p1a: Tatsugiri|0 fnt\n|faint|p1a: Tatsugiri\n|\n|upkeep\n|\n|t:|1699836989\n|switch|p1a: Toxicroak|Toxicroak, F|100\/100\n|-sideend|p1: vsalzar|move: Toxic Spikes|[of] p1a: Toxicroak\n|-damage|p1a: Toxicroak|94\/100|[from] Stealth Rock\n|-activate|p1a: Toxicroak|move: Sticky Web\n|-unboost|p1a: Toxicroak|spe|1\n|turn|7\n|\n|t:|1699837010\n|switch|p1a: Skeledirge|Skeledirge, M|100\/100\n|-damage|p1a: Skeledirge|76\/100|[from] Stealth Rock\n|-activate|p1a: Skeledirge|move: Sticky Web\n|-unboost|p1a: Skeledirge|spe|1\n|move|p2a: Dragonite|Roost|p2a: Dragonite\n|-heal|p2a: Dragonite|100\/100\n|-singleturn|p2a: Dragonite|move: Roost\n|\n|-heal|p1a: Skeledirge|82\/100|[from] item: Leftovers\n|upkeep\n|turn|8\n|inactive|Onte bad has 120 seconds left.\n|\n|t:|1699837040\n|switch|p2a: Ribombee|Ribombee, F|100\/100\n|-damage|p2a: Ribombee|76\/100|[from] Stealth Rock\n|move|p1a: Skeledirge|Will-O-Wisp|p2a: Ribombee\n|-status|p2a: Ribombee|brn\n|\n|-heal|p1a: Skeledirge|88\/100|[from] item: Leftovers\n|-damage|p2a: Ribombee|69\/100 brn|[from] brn\n|upkeep\n|turn|9\n|inactive|Onte bad has 120 seconds left.\n|inactive|vsalzar has 120 seconds left.\n|\n|t:|1699837082\n|switch|p1a: Iron Moth|Iron Moth|100\/100\n|-damage|p1a: Iron Moth|76\/100|[from] Stealth Rock\n|-activate|p1a: Iron Moth|move: Sticky Web\n|-unboost|p1a: Iron Moth|spe|1\n|move|p2a: Ribombee|Moonblast|p1a: Iron Moth\n|-resisted|p1a: Iron Moth\n|-damage|p1a: Iron Moth|65\/100\n|\n|-damage|p2a: Ribombee|63\/100 brn|[from] brn\n|upkeep\n|turn|10\n|inactive|Onte bad has 120 seconds left.\n|\n|t:|1699837101\n|move|p2a: Ribombee|Moonblast|p1a: Iron Moth\n|-resisted|p1a: Iron Moth\n|-damage|p1a: Iron Moth|55\/100\n|move|p1a: Iron Moth|Fiery Dance|p2a: Ribombee\n|-supereffective|p2a: Ribombee\n|-damage|p2a: Ribombee|0 fnt\n|faint|p2a: Ribombee\n|\n|upkeep\n|\n|t:|1699837105\n|switch|p2a: Dragonite|Dragonite, F|100\/100\n|-damage|p2a: Dragonite|76\/100|[from] Stealth Rock\n|turn|11\n|\n|t:|1699837114\n|move|p2a: Dragonite|Earthquake|p1a: Iron Moth\n|-supereffective|p1a: Iron Moth\n|-damage|p1a: Iron Moth|0 fnt\n|faint|p1a: Iron Moth\n|-end|p1a: Iron Moth|Quark Drive|[silent]\n|\n|upkeep\n|\n|t:|1699837118\n|switch|p1a: Skeledirge|Skeledirge, M|88\/100\n|-damage|p1a: Skeledirge|63\/100|[from] Stealth Rock\n|-activate|p1a: Skeledirge|move: Sticky Web\n|-unboost|p1a: Skeledirge|spe|1\n|turn|12\n|\n|t:|1699837126\n|switch|p2a: Gholdengo|Gholdengo|100\/100\n|-damage|p2a: Gholdengo|94\/100|[from] Stealth Rock\n|move|p1a: Skeledirge|Torch Song|p2a: Gholdengo\n|-supereffective|p2a: Gholdengo\n|-damage|p2a: Gholdengo|53\/100\n|-boost|p1a: Skeledirge|spa|1\n|\n|-heal|p2a: Gholdengo|59\/100|[from] item: Leftovers\n|-heal|p1a: Skeledirge|69\/100|[from] item: Leftovers\n|upkeep\n|turn|13\n|\n|t:|1699837130\n|-terastallize|p1a: Skeledirge|Normal\n|move|p2a: Gholdengo|Shadow Ball|p1a: Skeledirge\n|-immune|p1a: Skeledirge\n|move|p1a: Skeledirge|Torch Song|p2a: Gholdengo\n|-supereffective|p2a: Gholdengo\n|-damage|p2a: Gholdengo|0 fnt\n|-boost|p1a: Skeledirge|spa|1\n|faint|p2a: Gholdengo\n|\n|-heal|p1a: Skeledirge|75\/100|[from] item: Leftovers\n|upkeep\n|\n|t:|1699837133\n|switch|p2a: Cinderace|Cinderace, F|100\/100\n|turn|14\n|\n|t:|1699837138\n|move|p2a: Cinderace|High Jump Kick|p1a: Skeledirge\n|-start|p2a: Cinderace|typechange|Fighting|[from] ability: Libero\n|-supereffective|p1a: Skeledirge\n|-damage|p1a: Skeledirge|0 fnt\n|faint|p1a: Skeledirge\n|\n|upkeep\n|\n|t:|1699837153\n|switch|p1a: Clodsire|Clodsire, M, shiny|100\/100\n|-damage|p1a: Clodsire|94\/100|[from] Stealth Rock\n|-activate|p1a: Clodsire|move: Sticky Web\n|-unboost|p1a: Clodsire|spe|1\n|turn|15\n|\n|t:|1699837157\n|move|p2a: Cinderace|U-turn|p1a: Clodsire\n|-resisted|p1a: Clodsire\n|-damage|p1a: Clodsire|82\/100\n|\n|t:|1699837161\n|switch|p2a: Dragonite|Dragonite, F|76\/100|[from] U-turn\n|-damage|p2a: Dragonite|51\/100|[from] Stealth Rock\n|move|p1a: Clodsire|Toxic|p2a: Dragonite\n|-status|p2a: Dragonite|tox\n|\n|-heal|p1a: Clodsire|88\/100|[from] item: Leftovers\n|-damage|p2a: Dragonite|45\/100 tox|[from] psn\n|upkeep\n|turn|16\n|\n|t:|1699837174\n|move|p2a: Dragonite|Dragon Dance|p2a: Dragonite\n|-boost|p2a: Dragonite|atk|1\n|-boost|p2a: Dragonite|spe|1\n|move|p1a: Clodsire|Earthquake|p2a: Dragonite\n|-immune|p2a: Dragonite\n|\n|-heal|p1a: Clodsire|94\/100|[from] item: Leftovers\n|-damage|p2a: Dragonite|32\/100 tox|[from] psn\n|upkeep\n|turn|17\n|\n|t:|1699837182\n|move|p2a: Dragonite|Earthquake|p1a: Clodsire\n|-supereffective|p1a: Clodsire\n|-damage|p1a: Clodsire|10\/100\n|move|p1a: Clodsire|Earthquake|p2a: Dragonite\n|-immune|p2a: Dragonite\n|\n|-heal|p1a: Clodsire|17\/100|[from] item: Leftovers\n|-damage|p2a: Dragonite|14\/100 tox|[from] psn\n|upkeep\n|turn|18\n|\n|t:|1699837188\n|move|p2a: Dragonite|Earthquake|p1a: Clodsire\n|-supereffective|p1a: Clodsire\n|-damage|p1a: Clodsire|0 fnt\n|faint|p1a: Clodsire\n|\n|-damage|p2a: Dragonite|0 fnt|[from] psn\n|faint|p2a: Dragonite\n|upkeep\n|\n|t:|1699837210\n|switch|p2a: Cinderace|Cinderace, F|100\/100\n|switch|p1a: Staraptor|Staraptor, F, shiny|100\/100\n|-damage|p1a: Staraptor|75\/100|[from] Stealth Rock\n|turn|19\n|\n|t:|1699837224\n|move|p1a: Staraptor|Double-Edge|p2a: Cinderace\n|-damage|p2a: Cinderace|0 fnt\n|faint|p2a: Cinderace\n|-damage|p1a: Staraptor|45\/100|[from] Recoil\n|\n|upkeep\n|\n|t:|1699837228\n|switch|p2a: Thundurus|Thundurus-Therian, M|100\/100\n|-damage|p2a: Thundurus|76\/100|[from] Stealth Rock\n|turn|20\n|\n|t:|1699837232\n|move|p1a: Staraptor|Double-Edge|p2a: Thundurus\n|-damage|p2a: Thundurus|0 fnt\n|faint|p2a: Thundurus\n|-damage|p1a: Staraptor|21\/100|[from] Recoil\n|\n|win|vsalzar\n|raw|vsalzar's rating: 1213 &rarr; <strong>1231<\/strong><br \/>(+18 for winning)\n|raw|Onte bad's rating: 1114 &rarr; <strong>1096<\/strong><br \/>(-18 for losing)\n|c|\u2606Onte bad|ggs\n","uploadtime":1699837237,"views":8,"p1id":"vsalzar","p2id":"ontebad","formatid":"gen9ou","rating":1096,"private":0,"password":""}