{"id":"gen9ou-1988298285","p1":"tootpicks","p2":"Keytario","format":"[Gen 9] OU","log":"|j|\u2606tootpicks\n|j|\u2606Keytario\n|t:|1699704157\n|gametype|singles\n|player|p1|tootpicks|blue|1118\n|player|p2|Keytario|2|1136\n|teamsize|p1|6\n|teamsize|p2|6\n|gen|9\n|tier|[Gen 9] OU\n|rated|\n|rule|Sleep Clause Mod: Limit one foe put to sleep\n|rule|Species Clause: Limit one of each Pok\u00e9mon\n|rule|OHKO Clause: OHKO moves are banned\n|rule|Evasion Items Clause: Evasion items are banned\n|rule|Evasion Moves Clause: Evasion moves are banned\n|rule|Endless Battle Clause: Forcing endless battles is banned\n|rule|HP Percentage Mod: HP is shown in percentages\n|clearpoke\n|poke|p1|Kingambit, M|\n|poke|p1|Great Tusk|\n|poke|p1|Gliscor, M|\n|poke|p1|Milotic, F|\n|poke|p1|Dragapult, F|\n|poke|p1|Hatterene, F|\n|poke|p2|Avalugg, M|\n|poke|p2|Slowking-Galar, M|\n|poke|p2|Cetitan, M|\n|poke|p2|Ninetales-Alola, F|\n|poke|p2|Samurott-Hisui, M|\n|poke|p2|Gengar, F|\n|teampreview\n|\n|t:|1699704176\n|start\n|switch|p1a: eddie scissorhands|Gliscor, M|100\/100\n|switch|p2a: Gengar|Gengar, F|100\/100\n|turn|1\n|\n|t:|1699704184\n|move|p2a: Gengar|Toxic Spikes|p1a: eddie scissorhands\n|-sidestart|p1: tootpicks|move: Toxic Spikes\n|move|p1a: eddie scissorhands|Stealth Rock|p2a: Gengar\n|-sidestart|p2: Keytario|move: Stealth Rock\n|\n|-status|p1a: eddie scissorhands|tox|[from] item: Toxic Orb\n|upkeep\n|turn|2\n|\n|t:|1699704192\n|move|p2a: Gengar|Encore|p1a: eddie scissorhands\n|-start|p1a: eddie scissorhands|Encore\n|move|p1a: eddie scissorhands|Stealth Rock||[still]\n|-fail|p1a: eddie scissorhands\n|\n|upkeep\n|turn|3\n|\n|t:|1699704202\n|switch|p2a: Avalugg|Avalugg, M|100\/100\n|-damage|p2a: Avalugg|76\/100|[from] Stealth Rock\n|switch|p1a: rollem|Great Tusk|100\/100\n|-status|p1a: rollem|psn\n|-enditem|p1a: rollem|Booster Energy\n|-activate|p1a: rollem|ability: Protosynthesis|[fromitem]\n|-start|p1a: rollem|protosynthesisatk\n|\n|-heal|p2a: Avalugg|82\/100|[from] item: Leftovers\n|-damage|p1a: rollem|88\/100 psn|[from] psn\n|upkeep\n|turn|4\n|\n|t:|1699704217\n|-terastallize|p2a: Avalugg|Fighting\n|move|p1a: rollem|Headlong Rush|p2a: Avalugg\n|-damage|p2a: Avalugg|47\/100\n|-unboost|p1a: rollem|def|1\n|-unboost|p1a: rollem|spd|1\n|move|p2a: Avalugg|Rapid Spin|p1a: rollem\n|-damage|p1a: rollem|74\/100 psn\n|-boost|p2a: Avalugg|spe|1\n|-sideend|p2: Keytario|Stealth Rock|[from] move: Rapid Spin|[of] p2a: Avalugg\n|\n|-heal|p2a: Avalugg|54\/100|[from] item: Leftovers\n|-damage|p1a: rollem|61\/100 psn|[from] psn\n|upkeep\n|turn|5\n|\n|t:|1699704229\n|move|p1a: rollem|Rapid Spin|p2a: Avalugg\n|-damage|p2a: Avalugg|44\/100\n|-boost|p1a: rollem|spe|1\n|-sideend|p1: tootpicks|Toxic Spikes|[from] move: Rapid Spin|[of] p1a: rollem\n|move|p2a: Avalugg|Recover|p2a: Avalugg\n|-heal|p2a: Avalugg|94\/100\n|\n|-heal|p2a: Avalugg|99\/100|[from] item: Leftovers\n|-damage|p1a: rollem|49\/100 psn|[from] psn\n|upkeep\n|turn|6\n|\n|t:|1699704238\n|move|p1a: rollem|Headlong Rush|p2a: Avalugg\n|-damage|p2a: Avalugg|66\/100\n|-unboost|p1a: rollem|def|1\n|-unboost|p1a: rollem|spd|1\n|move|p2a: Avalugg|Iron Defense|p2a: Avalugg\n|-boost|p2a: Avalugg|def|2\n|\n|-heal|p2a: Avalugg|72\/100|[from] item: Leftovers\n|-damage|p1a: rollem|36\/100 psn|[from] psn\n|upkeep\n|turn|7\n|\n|t:|1699704247\n|-end|p1a: rollem|Protosynthesis|[silent]\n|switch|p1a: her majesty|Milotic, F, shiny|100\/100\n|move|p2a: Avalugg|Body Press|p1a: her majesty\n|-damage|p1a: her majesty|0 fnt\n|faint|p1a: her majesty\n|\n|-heal|p2a: Avalugg|78\/100|[from] item: Leftovers\n|upkeep\n|-message|tootpicks forfeited.\n|\n|win|Keytario\n|raw|tootpicks's rating: 1118 &rarr; <strong>1094<\/strong><br \/>(-24 for losing)\n|raw|Keytario's rating: 1136 &rarr; <strong>1160<\/strong><br \/>(+24 for winning)\n|l|\u2606tootpicks\n|c|\u2606Keytario|gg\n","uploadtime":1699704273,"views":21,"p1id":"tootpicks","p2id":"keytario","formatid":"gen9ou","rating":1094,"private":0,"password":""}