{"id":"gen9ou-1994800521","p1":"Chaitanya15","p2":"HerrKermit","format":"[Gen 9] OU","log":"|j|\u2606Chaitanya15\n|j|\u2606HerrKermit\n|t:|1700494007\n|gametype|singles\n|player|p1|Chaitanya15|170|1000\n|player|p2|HerrKermit|hoopster|1055\n|teamsize|p1|6\n|teamsize|p2|6\n|gen|9\n|tier|[Gen 9] OU\n|rated|\n|rule|Sleep Clause Mod: Limit one foe put to sleep\n|rule|Species Clause: Limit one of each Pok\u00e9mon\n|rule|OHKO Clause: OHKO moves are banned\n|rule|Evasion Items Clause: Evasion items are banned\n|rule|Evasion Moves Clause: Evasion moves are banned\n|rule|Endless Battle Clause: Forcing endless battles is banned\n|rule|HP Percentage Mod: HP is shown in percentages\n|clearpoke\n|poke|p1|Dragonite, M|\n|poke|p1|Hatterene, F|\n|poke|p1|Greninja-*, M|\n|poke|p1|Rillaboom, M|\n|poke|p1|Iron Moth|\n|poke|p1|Iron Valiant|\n|poke|p2|Iron Valiant|\n|poke|p2|Walking Wake|\n|poke|p2|Gholdengo|\n|poke|p2|Ninetales, M|\n|poke|p2|Ting-Lu|\n|poke|p2|Arcanine-Hisui, M|\n|teampreview\n|j| MrDrRubencio\n|inactive|Battle timer is ON: inactive players will automatically lose when time's up. (requested by HerrKermit)\n|\n|t:|1700494023\n|start\n|switch|p1a: Greninja|Greninja, M|100\/100\n|switch|p2a: Ninetales|Ninetales, M|100\/100\n|-weather|SunnyDay|[from] ability: Drought|[of] p2a: Ninetales\n|turn|1\n|\n|t:|1700494043\n|move|p1a: Greninja|Surf|p2a: Ninetales\n|-supereffective|p2a: Ninetales\n|-damage|p2a: Ninetales|47\/100\n|move|p2a: Ninetales|Roar|p1a: Greninja\n|drag|p1a: Rillaboom|Rillaboom, M|100\/100\n|-fieldstart|move: Grassy Terrain|[from] ability: Grassy Surge|[of] p1a: Rillaboom\n|-enditem|p1a: Rillaboom|Grassy Seed\n|-boost|p1a: Rillaboom|def|1|[from] item: Grassy Seed\n|\n|-weather|SunnyDay|[upkeep]\n|-heal|p2a: Ninetales|53\/100|[from] Grassy Terrain\n|upkeep\n|turn|2\n|\n|t:|1700494055\n|move|p1a: Rillaboom|Fake Out|p2a: Ninetales\n|-damage|p2a: Ninetales|35\/100\n|cant|p2a: Ninetales|flinch\n|\n|-weather|SunnyDay|[upkeep]\n|-heal|p2a: Ninetales|41\/100|[from] Grassy Terrain\n|upkeep\n|turn|3\n|\n|t:|1700494064\n|move|p1a: Rillaboom|Grassy Glide|p2a: Ninetales\n|-resisted|p2a: Ninetales\n|-damage|p2a: Ninetales|18\/100\n|move|p2a: Ninetales|Will-O-Wisp|p1a: Rillaboom\n|-status|p1a: Rillaboom|brn\n|\n|-weather|SunnyDay|[upkeep]\n|-heal|p2a: Ninetales|24\/100|[from] Grassy Terrain\n|-damage|p1a: Rillaboom|94\/100 brn|[from] brn\n|upkeep\n|turn|4\n|\n|t:|1700494074\n|switch|p2a: Gholdengo|Gholdengo|100\/100\n|move|p1a: Rillaboom|Knock Off|p2a: Gholdengo\n|-supereffective|p2a: Gholdengo\n|-damage|p2a: Gholdengo|74\/100\n|-enditem|p2a: Gholdengo|Leftovers|[from] move: Knock Off|[of] p1a: Rillaboom\n|\n|-weather|SunnyDay|[upkeep]\n|-heal|p1a: Rillaboom|100\/100 brn|[from] Grassy Terrain\n|-heal|p2a: Gholdengo|80\/100|[from] Grassy Terrain\n|-damage|p1a: Rillaboom|94\/100 brn|[from] brn\n|upkeep\n|turn|5\n|\n|t:|1700494089\n|move|p1a: Rillaboom|Knock Off|p2a: Gholdengo\n|-supereffective|p2a: Gholdengo\n|-damage|p2a: Gholdengo|62\/100\n|move|p2a: Gholdengo|Nasty Plot|p2a: Gholdengo\n|-boost|p2a: Gholdengo|spa|2\n|\n|-weather|SunnyDay|[upkeep]\n|-heal|p1a: Rillaboom|100\/100 brn|[from] Grassy Terrain\n|-heal|p2a: Gholdengo|68\/100|[from] Grassy Terrain\n|-damage|p1a: Rillaboom|94\/100 brn|[from] brn\n|-fieldend|move: Grassy Terrain\n|upkeep\n|turn|6\n|\n|t:|1700494102\n|move|p1a: Rillaboom|Knock Off|p2a: Gholdengo\n|-supereffective|p2a: Gholdengo\n|-damage|p2a: Gholdengo|50\/100\n|move|p2a: Gholdengo|Recover|p2a: Gholdengo\n|-heal|p2a: Gholdengo|99\/100\n|\n|-weather|SunnyDay|[upkeep]\n|-damage|p1a: Rillaboom|88\/100 brn|[from] brn\n|upkeep\n|turn|7\n|\n|t:|1700494111\n|switch|p1a: Greninja|Greninja, M|100\/100\n|move|p2a: Gholdengo|Nasty Plot|p2a: Gholdengo\n|-boost|p2a: Gholdengo|spa|2\n|\n|-weather|SunnyDay|[upkeep]\n|upkeep\n|turn|8\n|\n|t:|1700494129\n|move|p1a: Greninja|Dark Pulse|p2a: Gholdengo\n|-supereffective|p2a: Gholdengo\n|-damage|p2a: Gholdengo|1\/100\n|cant|p2a: Gholdengo|flinch\n|\n|-weather|none\n|upkeep\n|turn|9\n|\n|t:|1700494135\n|move|p1a: Greninja|Dark Pulse|p2a: Gholdengo\n|-supereffective|p2a: Gholdengo\n|-damage|p2a: Gholdengo|0 fnt\n|faint|p2a: Gholdengo\n|-ability|p1a: Greninja|Battle Bond|boost\n|-boost|p1a: Greninja|atk|1\n|-boost|p1a: Greninja|spa|1\n|-boost|p1a: Greninja|spe|1\n|-activate|p1a: Greninja|ability: Battle Bond\n|\n|upkeep\n|\n|t:|1700494142\n|switch|p2a: Iron Valiant|Iron Valiant|100\/100\n|turn|10\n|\n|t:|1700494152\n|switch|p1a: Iron Moth|Iron Moth|100\/100\n|-enditem|p1a: Iron Moth|Booster Energy\n|-activate|p1a: Iron Moth|ability: Quark Drive|[fromitem]\n|-start|p1a: Iron Moth|quarkdrivespa\n|-terastallize|p2a: Iron Valiant|Fairy\n|move|p2a: Iron Valiant|Moonblast|p1a: Iron Moth\n|-resisted|p1a: Iron Moth\n|-crit|p1a: Iron Moth\n|-damage|p1a: Iron Moth|69\/100\n|-damage|p2a: Iron Valiant|91\/100|[from] item: Life Orb\n|\n|upkeep\n|turn|11\n|\n|t:|1700494167\n|-end|p2a: Iron Valiant|Quark Drive|[silent]\n|switch|p2a: Ting-Lu|Ting-Lu|100\/100\n|-ability|p2a: Ting-Lu|Vessel of Ruin\n|move|p1a: Iron Moth|Sludge Wave|p2a: Ting-Lu\n|-resisted|p2a: Ting-Lu\n|-damage|p2a: Ting-Lu|88\/100\n|\n|-heal|p2a: Ting-Lu|94\/100|[from] item: Leftovers\n|upkeep\n|turn|12\n|\n|t:|1700494184\n|-end|p1a: Iron Moth|Quark Drive|[silent]\n|switch|p1a: Hatterene|Hatterene, F|100\/100\n|move|p2a: Ting-Lu|Stealth Rock|p1a: Hatterene\n|move|p1a: Hatterene|Stealth Rock|p2a: Ting-Lu|[from]ability: Magic Bounce\n|-sidestart|p2: HerrKermit|move: Stealth Rock\n|\n|-heal|p2a: Ting-Lu|99\/100|[from] item: Leftovers\n|upkeep\n|turn|13\n|inactive|HerrKermit has 120 seconds left.\n|\n|t:|1700494230\n|move|p2a: Ting-Lu|Stealth Rock|p1a: Hatterene\n|move|p1a: Hatterene|Stealth Rock||[from]ability: Magic Bounce|[still]\n|-fail|p1a: Hatterene\n|move|p1a: Hatterene|Calm Mind|p1a: Hatterene\n|-boost|p1a: Hatterene|spa|1\n|-boost|p1a: Hatterene|spd|1\n|\n|-heal|p2a: Ting-Lu|100\/100|[from] item: Leftovers\n|upkeep\n|turn|14\n|\n|t:|1700494241\n|move|p2a: Ting-Lu|Earthquake|p1a: Hatterene\n|-damage|p1a: Hatterene|59\/100\n|move|p1a: Hatterene|Calm Mind|p1a: Hatterene\n|-boost|p1a: Hatterene|spa|1\n|-boost|p1a: Hatterene|spd|1\n|\n|-heal|p1a: Hatterene|65\/100|[from] item: Leftovers\n|upkeep\n|turn|15\n|\n|t:|1700494249\n|move|p2a: Ting-Lu|Earthquake|p1a: Hatterene\n|-damage|p1a: Hatterene|23\/100\n|move|p1a: Hatterene|Draining Kiss|p2a: Ting-Lu\n|-supereffective|p2a: Ting-Lu\n|-damage|p2a: Ting-Lu|48\/100\n|-heal|p1a: Hatterene|87\/100|[from] drain|[of] p2a: Ting-Lu\n|\n|-heal|p2a: Ting-Lu|54\/100|[from] item: Leftovers\n|-heal|p1a: Hatterene|93\/100|[from] item: Leftovers\n|upkeep\n|turn|16\n|inactive|HerrKermit has 120 seconds left.\n|\n|t:|1700494270\n|move|p2a: Ting-Lu|Earthquake|p1a: Hatterene\n|-damage|p1a: Hatterene|54\/100\n|move|p1a: Hatterene|Draining Kiss|p2a: Ting-Lu\n|-supereffective|p2a: Ting-Lu\n|-damage|p2a: Ting-Lu|6\/100\n|-heal|p1a: Hatterene|100\/100|[from] drain|[of] p2a: Ting-Lu\n|\n|-heal|p2a: Ting-Lu|12\/100|[from] item: Leftovers\n|upkeep\n|turn|17\n|\n|t:|1700494279\n|move|p2a: Ting-Lu|Earthquake|p1a: Hatterene\n|-damage|p1a: Hatterene|61\/100\n|move|p1a: Hatterene|Draining Kiss|p2a: Ting-Lu\n|-supereffective|p2a: Ting-Lu\n|-damage|p2a: Ting-Lu|0 fnt\n|-heal|p1a: Hatterene|75\/100|[from] drain|[of] p2a: Ting-Lu\n|faint|p2a: Ting-Lu\n|\n|-heal|p1a: Hatterene|81\/100|[from] item: Leftovers\n|upkeep\n|inactive|HerrKermit has 120 seconds left.\n|\n|t:|1700494289\n|switch|p2a: Arcanine|Arcanine-Hisui, M|100\/100\n|-damage|p2a: Arcanine|75\/100|[from] Stealth Rock\n|turn|18\n|\n|t:|1700494295\n|move|p2a: Arcanine|Head Smash|p1a: Hatterene\n|-damage|p1a: Hatterene|0 fnt\n|faint|p1a: Hatterene\n|\n|upkeep\n|\n|t:|1700494305\n|switch|p1a: Greninja|Greninja, M|100\/100\n|turn|19\n|\n|t:|1700494311\n|switch|p2a: Ninetales|Ninetales, M|24\/100\n|-damage|p2a: Ninetales|0 fnt|[from] Stealth Rock\n|faint|p2a: Ninetales\n|move|p1a: Greninja|Surf|p2: Ninetales|[notarget]\n|-fail|p1a: Greninja\n|\n|upkeep\n|\n|t:|1700494317\n|switch|p2a: Arcanine|Arcanine-Hisui, M|75\/100\n|-damage|p2a: Arcanine|50\/100|[from] Stealth Rock\n|turn|20\n|\n|t:|1700494321\n|move|p2a: Arcanine|Wild Charge|p1a: Greninja\n|-supereffective|p1a: Greninja\n|-damage|p1a: Greninja|3\/100\n|move|p1a: Greninja|Surf|p2a: Arcanine\n|-supereffective|p2a: Arcanine\n|-damage|p2a: Arcanine|0 fnt\n|faint|p2a: Arcanine\n|\n|upkeep\n|\n|t:|1700494335\n|switch|p2a: Walking Wake|Walking Wake|100\/100\n|-damage|p2a: Walking Wake|88\/100|[from] Stealth Rock\n|turn|21\n|\n|t:|1700494339\n|move|p1a: Greninja|Surf|p2a: Walking Wake\n|-resisted|p2a: Walking Wake\n|-damage|p2a: Walking Wake|70\/100\n|move|p2a: Walking Wake|Weather Ball|p1a: Greninja\n|-damage|p1a: Greninja|0 fnt\n|faint|p1a: Greninja\n|\n|upkeep\n|\n|t:|1700494348\n|switch|p1a: Iron Valiant|Iron Valiant|100\/100\n|turn|22\n|\n|t:|1700494373\n|-end|p2a: Walking Wake|Protosynthesis|[silent]\n|switch|p2a: Iron Valiant|Iron Valiant, tera:Fairy|91\/100\n|-damage|p2a: Iron Valiant|78\/100|[from] Stealth Rock\n|move|p1a: Iron Valiant|Moonblast|p2a: Iron Valiant\n|-damage|p2a: Iron Valiant|0 fnt\n|faint|p2a: Iron Valiant\n|-end|p2a: Iron Valiant|Quark Drive|[silent]\n|-damage|p1a: Iron Valiant|91\/100|[from] item: Life Orb\n|\n|upkeep\n|\n|t:|1700494376\n|switch|p2a: Walking Wake|Walking Wake|70\/100\n|-damage|p2a: Walking Wake|58\/100|[from] Stealth Rock\n|turn|23\n|-message|HerrKermit forfeited.\n|\n|win|Chaitanya15\n|raw|Chaitanya15's rating: 1000 &rarr; <strong>1046<\/strong><br \/>(+46 for winning)\n|raw|HerrKermit's rating: 1055 &rarr; <strong>1034<\/strong><br \/>(-21 for losing)\n|l|\u2606HerrKermit\n","uploadtime":1700494394,"views":24,"p1id":"chaitanya15","p2id":"herrkermit","formatid":"gen9ou","rating":1034,"private":0,"password":""}