{"id":"gen9ou-1994177465","p1":"NYC Red","p2":"littleblue0010","format":"[Gen 9] OU","log":"|j|\u2606NYC Red\n|j|\u2606littleblue0010\n|t:|1700415720\n|gametype|singles\n|player|p1|NYC Red|266|1165\n|player|p2|littleblue0010|falkner|1105\n|teamsize|p1|6\n|teamsize|p2|6\n|gen|9\n|tier|[Gen 9] OU\n|rated|\n|rule|Sleep Clause Mod: Limit one foe put to sleep\n|rule|Species Clause: Limit one of each Pok\u00e9mon\n|rule|OHKO Clause: OHKO moves are banned\n|rule|Evasion Items Clause: Evasion items are banned\n|rule|Evasion Moves Clause: Evasion moves are banned\n|rule|Endless Battle Clause: Forcing endless battles is banned\n|rule|HP Percentage Mod: HP is shown in percentages\n|clearpoke\n|poke|p1|Ribombee, F|\n|poke|p1|Empoleon, M|\n|poke|p1|Gholdengo|\n|poke|p1|Great Tusk|\n|poke|p1|Greninja-*, M|\n|poke|p1|Iron Moth|\n|poke|p2|Ceruledge, M|\n|poke|p2|Hatterene, F|\n|poke|p2|Glimmora, M|\n|poke|p2|Sneasler, M|\n|poke|p2|Kingambit, M|\n|poke|p2|Cloyster, M|\n|teampreview\n|\n|t:|1700415727\n|start\n|switch|p1a: Baratie|Empoleon, M|100\/100\n|switch|p2a: Cloyster|Cloyster, M, shiny|100\/100\n|turn|1\n|\n|t:|1700415736\n|move|p2a: Cloyster|Shell Smash|p2a: Cloyster\n|-unboost|p2a: Cloyster|def|1\n|-unboost|p2a: Cloyster|spd|1\n|-boost|p2a: Cloyster|atk|2\n|-boost|p2a: Cloyster|spa|2\n|-boost|p2a: Cloyster|spe|2\n|move|p1a: Baratie|Stealth Rock|p2a: Cloyster\n|-sidestart|p2: littleblue0010|move: Stealth Rock\n|\n|upkeep\n|turn|2\n|\n|t:|1700415744\n|move|p2a: Cloyster|Icicle Spear|p1a: Baratie\n|-resisted|p1a: Baratie\n|-damage|p1a: Baratie|95\/100\n|-resisted|p1a: Baratie\n|-damage|p1a: Baratie|88\/100\n|-resisted|p1a: Baratie\n|-damage|p1a: Baratie|82\/100\n|-resisted|p1a: Baratie\n|-damage|p1a: Baratie|76\/100\n|-resisted|p1a: Baratie\n|-damage|p1a: Baratie|70\/100\n|-hitcount|p1a: Baratie|5\n|move|p1a: Baratie|Roar|p2a: Cloyster\n|drag|p2a: Ceruledge|Ceruledge, M, shiny|100\/100\n|-damage|p2a: Ceruledge|76\/100|[from] Stealth Rock\n|\n|-heal|p2a: Ceruledge|82\/100|[from] item: Leftovers\n|-heal|p1a: Baratie|76\/100|[from] item: Leftovers\n|upkeep\n|turn|3\n|inactive|Battle timer is ON: inactive players will automatically lose when time's up. (requested by NYC Red)\n|\n|t:|1700415761\n|-terastallize|p2a: Ceruledge|Fire\n|move|p2a: Ceruledge|Bitter Blade|p1a: Baratie\n|-damage|p1a: Baratie|18\/100\n|-heal|p2a: Ceruledge|100\/100|[from] drain|[of] p1a: Baratie\n|move|p1a: Baratie|Flip Turn|p2a: Ceruledge\n|-supereffective|p2a: Ceruledge\n|-damage|p2a: Ceruledge|54\/100\n|\n|t:|1700415773\n|switch|p1a: Amazon Lily|Ribombee, F|100\/100|[from] Flip Turn\n|\n|-heal|p2a: Ceruledge|61\/100|[from] item: Leftovers\n|upkeep\n|turn|4\n|\n|t:|1700415782\n|switch|p1a: Baratie|Empoleon, M|18\/100\n|move|p2a: Ceruledge|Bitter Blade|p1a: Baratie\n|-damage|p1a: Baratie|0 fnt\n|-heal|p2a: Ceruledge|72\/100|[from] drain|[of] p1a: Baratie\n|faint|p1a: Baratie\n|\n|-heal|p2a: Ceruledge|78\/100|[from] item: Leftovers\n|upkeep\n|\n|t:|1700415786\n|switch|p1a: Amazon Lily|Ribombee, F|100\/100\n|turn|5\n|\n|t:|1700415800\n|move|p1a: Amazon Lily|Sticky Web|p2a: Ceruledge\n|-sidestart|p2: littleblue0010|move: Sticky Web\n|move|p2a: Ceruledge|Poison Jab|p1a: Amazon Lily\n|-supereffective|p1a: Amazon Lily\n|-enditem|p1a: Amazon Lily|Focus Sash\n|-damage|p1a: Amazon Lily|1\/100\n|\n|-heal|p2a: Ceruledge|84\/100|[from] item: Leftovers\n|upkeep\n|turn|6\n|\n|t:|1700415808\n|move|p1a: Amazon Lily|Stun Spore|p2a: Ceruledge|[miss]\n|-miss|p1a: Amazon Lily|p2a: Ceruledge\n|move|p2a: Ceruledge|Poison Jab|p1a: Amazon Lily\n|-supereffective|p1a: Amazon Lily\n|-damage|p1a: Amazon Lily|0 fnt\n|faint|p1a: Amazon Lily\n|\n|-heal|p2a: Ceruledge|91\/100|[from] item: Leftovers\n|upkeep\n|\n|t:|1700415813\n|switch|p1a: Thriller Bark|Great Tusk|100\/100\n|turn|7\n|\n|t:|1700415821\n|move|p1a: Thriller Bark|Headlong Rush|p2a: Ceruledge\n|-supereffective|p2a: Ceruledge\n|-damage|p2a: Ceruledge|0 fnt\n|-unboost|p1a: Thriller Bark|def|1\n|-unboost|p1a: Thriller Bark|spd|1\n|faint|p2a: Ceruledge\n|\n|upkeep\n|\n|t:|1700415831\n|switch|p2a: Hatterene|Hatterene, F, shiny|100\/100\n|-damage|p2a: Hatterene|88\/100|[from] Stealth Rock\n|-activate|p2a: Hatterene|move: Sticky Web\n|-unboost|p2a: Hatterene|spe|1\n|turn|8\n|\n|t:|1700415838\n|move|p1a: Thriller Bark|Headlong Rush|p2a: Hatterene\n|-damage|p2a: Hatterene|19\/100\n|-unboost|p1a: Thriller Bark|def|1\n|-unboost|p1a: Thriller Bark|spd|1\n|move|p2a: Hatterene|Reflect|p2a: Hatterene\n|-sidestart|p2: littleblue0010|Reflect\n|\n|upkeep\n|turn|9\n|\n|t:|1700415858\n|move|p1a: Thriller Bark|Bulk Up|p1a: Thriller Bark\n|-boost|p1a: Thriller Bark|atk|1\n|-boost|p1a: Thriller Bark|def|1\n|move|p2a: Hatterene|Dazzling Gleam|p1a: Thriller Bark\n|-supereffective|p1a: Thriller Bark\n|-damage|p1a: Thriller Bark|0 fnt\n|faint|p1a: Thriller Bark\n|-end|p1a: Thriller Bark|Protosynthesis|[silent]\n|\n|upkeep\n|\n|t:|1700415864\n|switch|p1a: Sabaody|Greninja, M|100\/100\n|turn|10\n|\n|t:|1700415867\n|move|p1a: Sabaody|Spikes|p2a: Hatterene\n|move|p2a: Hatterene|Spikes|p1a: Sabaody|[from]ability: Magic Bounce\n|-sidestart|p1: NYC Red|Spikes\n|move|p2a: Hatterene|Dazzling Gleam|p1a: Sabaody\n|-supereffective|p1a: Sabaody\n|-damage|p1a: Sabaody|0 fnt\n|faint|p1a: Sabaody\n|\n|upkeep\n|-message|NYC Red forfeited.\n|\n|win|littleblue0010\n|raw|NYC Red's rating: 1165 &rarr; <strong>1136<\/strong><br \/>(-29 for losing)\n|raw|littleblue0010's rating: 1105 &rarr; <strong>1134<\/strong><br \/>(+29 for winning)\n|l|\u2606NYC Red\n","uploadtime":1700415884,"views":22,"p1id":"nycred","p2id":"littleblue0010","formatid":"gen9ou","rating":1134,"private":0,"password":""}