{"id":"gen9ou-1989774096","p1":"put the raw in men","p2":"Lardoh","format":"[Gen 9] OU","log":"|j|\u2606put the raw in men\n|j|\u2606Lardoh\n|t:|1699894585\n|gametype|singles\n|player|p1|put the raw in men|blackbelt-gen4dp|1649\n|player|p2|Lardoh|2|1702\n|teamsize|p1|6\n|teamsize|p2|6\n|gen|9\n|tier|[Gen 9] OU\n|rated|\n|rule|Sleep Clause Mod: Limit one foe put to sleep\n|rule|Species Clause: Limit one of each Pok\u00e9mon\n|rule|OHKO Clause: OHKO moves are banned\n|rule|Evasion Items Clause: Evasion items are banned\n|rule|Evasion Moves Clause: Evasion moves are banned\n|rule|Endless Battle Clause: Forcing endless battles is banned\n|rule|HP Percentage Mod: HP is shown in percentages\n|clearpoke\n|poke|p1|Dragapult, M|\n|poke|p1|Iron Valiant|\n|poke|p1|Great Tusk|\n|poke|p1|Kingambit, M|\n|poke|p1|Slowking-Galar, M|\n|poke|p1|Alomomola, F|\n|poke|p2|Iron Hands|\n|poke|p2|Mimikyu, F|\n|poke|p2|Hatterene, F|\n|poke|p2|Maushold|\n|poke|p2|Torkoal, M|\n|poke|p2|Hoopa-Unbound|\n|teampreview\n|inactive|Battle timer is ON: inactive players will automatically lose when time's up. (requested by Lardoh)\n|inactive|put the raw in men also wants the timer to be on.\n|\n|t:|1699894603\n|start\n|switch|p1a: Dragapult|Dragapult, M|100\/100\n|switch|p2a: Georgie|Hoopa-Unbound|100\/100\n|turn|1\n|\n|t:|1699894612\n|move|p1a: Dragapult|U-turn|p2a: Georgie\n|-supereffective|p2a: Georgie\n|-enditem|p2a: Georgie|Focus Sash\n|-damage|p2a: Georgie|1\/100\n|\n|t:|1699894618\n|switch|p1a: Slowking|Slowking-Galar, M|100\/100|[from] U-turn\n|move|p2a: Georgie|Trick Room|p2a: Georgie\n|-fieldstart|move: Trick Room|[of] p2a: Georgie\n|\n|upkeep\n|turn|2\n|\n|t:|1699894626\n|move|p1a: Slowking|Acid Spray|p2a: Georgie\n|-damage|p2a: Georgie|0 fnt\n|faint|p2a: Georgie\n|\n|upkeep\n|\n|t:|1699894628\n|switch|p2a: Young Shelldon|Torkoal, M|100\/100\n|-weather|SunnyDay|[from] ability: Drought|[of] p2a: Young Shelldon\n|turn|3\n|\n|t:|1699894632\n|-terastallize|p2a: Young Shelldon|Fire\n|move|p2a: Young Shelldon|Eruption|p1a: Slowking\n|-damage|p1a: Slowking|0 fnt\n|faint|p1a: Slowking\n|\n|-weather|SunnyDay|[upkeep]\n|upkeep\n|\n|t:|1699894647\n|switch|p1a: Alomomola|Alomomola, F|100\/100\n|turn|4\n|\n|t:|1699894649\n|move|p1a: Alomomola|Protect|p1a: Alomomola\n|-singleturn|p1a: Alomomola|Protect\n|move|p2a: Young Shelldon|Eruption|p1a: Alomomola\n|-activate|p1a: Alomomola|move: Protect\n|\n|-weather|SunnyDay|[upkeep]\n|upkeep\n|turn|5\n|\n|t:|1699894652\n|move|p2a: Young Shelldon|Eruption|p1a: Alomomola\n|-resisted|p1a: Alomomola\n|-damage|p1a: Alomomola|0 fnt\n|faint|p1a: Alomomola\n|\n|-weather|SunnyDay|[upkeep]\n|-fieldend|move: Trick Room\n|upkeep\n|\n|t:|1699894656\n|switch|p1a: Great Tusk|Great Tusk|100\/100\n|-activate|p1a: Great Tusk|ability: Protosynthesis\n|-start|p1a: Great Tusk|protosynthesisspe\n|turn|6\n|j| illuzionist test\n|\n|t:|1699894671\n|switch|p2a: Meemawchu|Mimikyu, F|100\/100\n|move|p1a: Great Tusk|Earthquake|p2a: Meemawchu\n|-activate|p2a: Meemawchu|ability: Disguise\n|-damage|p2a: Meemawchu|100\/100\n|detailschange|p2a: Meemawchu|Mimikyu-Busted, F\n|-damage|p2a: Meemawchu|88\/100|[from] pokemon: Mimikyu-Busted\n|\n|-weather|SunnyDay|[upkeep]\n|upkeep\n|turn|7\n|\n|t:|1699894674\n|move|p1a: Great Tusk|Earthquake|p2a: Meemawchu\n|-damage|p2a: Meemawchu|30\/100\n|move|p2a: Meemawchu|Trick Room|p2a: Meemawchu\n|-fieldstart|move: Trick Room|[of] p2a: Meemawchu\n|\n|-weather|none\n|-end|p1a: Great Tusk|Protosynthesis\n|upkeep\n|turn|8\n|\n|t:|1699894679\n|move|p2a: Meemawchu|Play Rough|p1a: Great Tusk\n|-supereffective|p1a: Great Tusk\n|-damage|p1a: Great Tusk|32\/100\n|-damage|p2a: Meemawchu|20\/100|[from] item: Life Orb\n|move|p1a: Great Tusk|Bulk Up|p1a: Great Tusk\n|-boost|p1a: Great Tusk|atk|1\n|-boost|p1a: Great Tusk|def|1\n|\n|-heal|p1a: Great Tusk|39\/100|[from] item: Leftovers\n|upkeep\n|turn|9\n|\n|t:|1699894685\n|move|p2a: Meemawchu|Destiny Bond|p2a: Meemawchu\n|-singlemove|p2a: Meemawchu|Destiny Bond\n|move|p1a: Great Tusk|Ice Spinner|p2a: Meemawchu\n|-damage|p2a: Meemawchu|0 fnt\n|faint|p2a: Meemawchu\n|-activate|p2a: Meemawchu|move: Destiny Bond\n|faint|p1a: Great Tusk\n|-end|p1a: Great Tusk|Protosynthesis|[silent]\n|\n|upkeep\n|\n|t:|1699894701\n|switch|p2a: Young Shelldon|Torkoal, M, tera:Fire|100\/100\n|switch|p1a: Dragapult|Dragapult, M|100\/100\n|-weather|SunnyDay|[from] ability: Drought|[of] p2a: Young Shelldon\n|turn|10\n|\n|t:|1699894707\n|move|p1a: Dragapult|Sucker Punch|p2a: Young Shelldon\n|-damage|p2a: Young Shelldon|73\/100\n|move|p2a: Young Shelldon|Eruption|p1a: Dragapult\n|-resisted|p1a: Dragapult\n|-crit|p1a: Dragapult\n|-damage|p1a: Dragapult|0 fnt\n|faint|p1a: Dragapult\n|\n|-weather|SunnyDay|[upkeep]\n|upkeep\n|\n|t:|1699894713\n|switch|p1a: Iron Valiant|Iron Valiant|100\/100\n|-enditem|p1a: Iron Valiant|Booster Energy\n|-activate|p1a: Iron Valiant|ability: Quark Drive|[fromitem]\n|-start|p1a: Iron Valiant|quarkdrivespe\n|turn|11\n|\n|t:|1699894716\n|move|p2a: Young Shelldon|Eruption|p1a: Iron Valiant\n|-damage|p1a: Iron Valiant|0 fnt\n|faint|p1a: Iron Valiant\n|-end|p1a: Iron Valiant|Quark Drive|[silent]\n|\n|-weather|SunnyDay|[upkeep]\n|-fieldend|move: Trick Room\n|upkeep\n|\n|t:|1699894718\n|switch|p1a: Kingambit|Kingambit, M|100\/100\n|-activate|p1a: Kingambit|ability: Supreme Overlord\n|-start|p1a: Kingambit|fallen5|[silent]\n|turn|12\n|j| 666gege\n|\n|t:|1699894726\n|switch|p2a: FamWenSheldonIsOn|Maushold, shiny|100\/100\n|-terastallize|p1a: Kingambit|Fairy\n|move|p1a: Kingambit|Swords Dance|p1a: Kingambit\n|-boost|p1a: Kingambit|atk|2\n|\n|-weather|SunnyDay|[upkeep]\n|upkeep\n|turn|13\n|-message|put the raw in men forfeited.\n|\n|win|Lardoh\n|raw|put the raw in men's rating: 1649 &rarr; <strong>1632<\/strong><br \/>(-17 for losing)\n|raw|Lardoh's rating: 1702 &rarr; <strong>1719<\/strong><br \/>(+17 for winning)\n|l|\u2606put the raw in men\n|l|\u2606Lardoh\n","uploadtime":1699894820,"views":12,"p1id":"puttherawinmen","p2id":"lardoh","formatid":"gen9ou","rating":1632,"private":0,"password":""}