{"id":"gen9ou-1989270489","p1":"gock glocker","p2":"rupaulandrescarlos","format":"[Gen 9] OU","log":"|j|\u2606gock glocker\n|j|\u2606rupaulandrescarlos\n|t:|1699830212\n|gametype|singles\n|player|p1|gock glocker|acerola-masters|1696\n|player|p2|rupaulandrescarlos|101|1735\n|teamsize|p1|6\n|teamsize|p2|6\n|gen|9\n|tier|[Gen 9] OU\n|rated|\n|rule|Sleep Clause Mod: Limit one foe put to sleep\n|rule|Species Clause: Limit one of each Pok\u00e9mon\n|rule|OHKO Clause: OHKO moves are banned\n|rule|Evasion Items Clause: Evasion items are banned\n|rule|Evasion Moves Clause: Evasion moves are banned\n|rule|Endless Battle Clause: Forcing endless battles is banned\n|rule|HP Percentage Mod: HP is shown in percentages\n|clearpoke\n|poke|p1|Great Tusk|\n|poke|p1|Dragonite, M|\n|poke|p1|Landorus-Therian, M|\n|poke|p1|Enamorus, F|\n|poke|p1|Kingambit, M|\n|poke|p1|Glimmora, F|\n|poke|p2|Zapdos|\n|poke|p2|Bisharp, F|\n|poke|p2|Kingambit, F|\n|poke|p2|Dusknoir, F|\n|poke|p2|Corviknight, F|\n|poke|p2|Clodsire, M|\n|teampreview\n|inactive|Battle timer is ON: inactive players will automatically lose when time's up. (requested by gock glocker)\n|inactive|gock glocker has 120 seconds left.\n|\n|t:|1699830275\n|start\n|switch|p1a: Glimmora|Glimmora, F|100\/100\n|switch|p2a: Zapdos|Zapdos|100\/100\n|-ability|p2a: Zapdos|Pressure\n|turn|1\n|\n|t:|1699830283\n|move|p2a: Zapdos|Substitute|p2a: Zapdos\n|-start|p2a: Zapdos|Substitute\n|-damage|p2a: Zapdos|76\/100\n|move|p1a: Glimmora|Power Gem|p2a: Zapdos\n|-supereffective|p2a: Zapdos\n|-end|p2a: Zapdos|Substitute\n|\n|-heal|p2a: Zapdos|82\/100|[from] item: Leftovers\n|upkeep\n|turn|2\n|\n|t:|1699830290\n|move|p2a: Zapdos|Substitute|p2a: Zapdos\n|-start|p2a: Zapdos|Substitute\n|-damage|p2a: Zapdos|57\/100\n|move|p1a: Glimmora|Stealth Rock|p2a: Zapdos\n|-sidestart|p2: rupaulandrescarlos|move: Stealth Rock\n|\n|-heal|p2a: Zapdos|63\/100|[from] item: Leftovers\n|upkeep\n|turn|3\n|\n|t:|1699830293\n|move|p2a: Zapdos|Thunder|p1a: Glimmora\n|-damage|p1a: Glimmora|31\/100\n|move|p1a: Glimmora|Power Gem|p2a: Zapdos\n|-supereffective|p2a: Zapdos\n|-end|p2a: Zapdos|Substitute\n|\n|-heal|p2a: Zapdos|69\/100|[from] item: Leftovers\n|upkeep\n|turn|4\n|\n|t:|1699830304\n|switch|p2a: Clodsire|Clodsire, M|100\/100\n|-damage|p2a: Clodsire|94\/100|[from] Stealth Rock\n|move|p1a: Glimmora|Power Gem|p2a: Clodsire\n|-resisted|p2a: Clodsire\n|-damage|p2a: Clodsire|84\/100\n|\n|-heal|p2a: Clodsire|90\/100|[from] item: Leftovers\n|upkeep\n|turn|5\n|\n|t:|1699830313\n|move|p1a: Glimmora|Energy Ball|p2a: Clodsire\n|-damage|p2a: Clodsire|72\/100\n|move|p2a: Clodsire|Toxic Spikes|p1a: Glimmora\n|-sidestart|p1: gock glocker|move: Toxic Spikes\n|\n|-heal|p2a: Clodsire|79\/100|[from] item: Leftovers\n|upkeep\n|turn|6\n|j| teamtester48\n|\n|t:|1699830322\n|move|p1a: Glimmora|Mortal Spin|p2a: Clodsire\n|-resisted|p2a: Clodsire\n|-crit|p2a: Clodsire\n|-damage|p2a: Clodsire|77\/100\n|-sideend|p1: gock glocker|Toxic Spikes|[from] move: Mortal Spin|[of] p1a: Glimmora\n|move|p2a: Clodsire|Toxic|p1a: Glimmora\n|-immune|p1a: Glimmora\n|\n|-heal|p2a: Clodsire|83\/100|[from] item: Leftovers\n|upkeep\n|turn|7\n|\n|t:|1699830327\n|move|p1a: Glimmora|Mortal Spin|p2a: Clodsire\n|-resisted|p2a: Clodsire\n|-damage|p2a: Clodsire|81\/100\n|move|p2a: Clodsire|Toxic Spikes|p1a: Glimmora\n|-sidestart|p1: gock glocker|move: Toxic Spikes\n|\n|-heal|p2a: Clodsire|87\/100|[from] item: Leftovers\n|upkeep\n|turn|8\n|\n|t:|1699830332\n|switch|p2a: Corviknight|Corviknight, F|100\/100\n|-damage|p2a: Corviknight|88\/100|[from] Stealth Rock\n|-ability|p2a: Corviknight|Pressure\n|move|p1a: Glimmora|Mortal Spin|p2a: Corviknight\n|-immune|p2a: Corviknight\n|\n|-heal|p2a: Corviknight|94\/100|[from] item: Leftovers\n|upkeep\n|turn|9\n|j| Antologyy\n|\n|t:|1699830336\n|move|p1a: Glimmora|Power Gem|p2a: Corviknight\n|-damage|p2a: Corviknight|50\/100\n|move|p2a: Corviknight|Body Press|p1a: Glimmora\n|-damage|p1a: Glimmora|0 fnt\n|-activate|p1a: Glimmora|ability: Toxic Debris\n|-sidestart|p2: rupaulandrescarlos|move: Toxic Spikes\n|faint|p1a: Glimmora\n|\n|-heal|p2a: Corviknight|56\/100|[from] item: Leftovers\n|upkeep\n|\n|t:|1699830348\n|switch|p1a: Landorus|Landorus-Therian, M|100\/100\n|-ability|p1a: Landorus|Intimidate|boost\n|-unboost|p2a: Corviknight|atk|1\n|turn|10\n|\n|t:|1699830352\n|move|p1a: Landorus|Substitute|p1a: Landorus\n|-start|p1a: Landorus|Substitute\n|-damage|p1a: Landorus|76\/100\n|move|p2a: Corviknight|Roost|p2a: Corviknight\n|-heal|p2a: Corviknight|100\/100\n|-singleturn|p2a: Corviknight|move: Roost\n|\n|-heal|p1a: Landorus|82\/100|[from] item: Leftovers\n|upkeep\n|turn|11\n|\n|t:|1699830356\n|move|p1a: Landorus|Bulk Up|p1a: Landorus\n|-boost|p1a: Landorus|atk|1\n|-boost|p1a: Landorus|def|1\n|move|p2a: Corviknight|U-turn|p1a: Landorus\n|-resisted|p1a: Landorus\n|-activate|p1a: Landorus|move: Substitute|[damage]\n|\n|t:|1699830362\n|switch|p2a: Clodsire|Clodsire, M|87\/100|[from] U-turn\n|-damage|p2a: Clodsire|81\/100|[from] Stealth Rock\n|-sideend|p2: rupaulandrescarlos|move: Toxic Spikes|[of] p2a: Clodsire\n|\n|-heal|p1a: Landorus|88\/100|[from] item: Leftovers\n|-heal|p2a: Clodsire|87\/100|[from] item: Leftovers\n|upkeep\n|turn|12\n|\n|t:|1699830369\n|switch|p2a: Corviknight|Corviknight, F|100\/100\n|-damage|p2a: Corviknight|88\/100|[from] Stealth Rock\n|-ability|p2a: Corviknight|Pressure\n|move|p1a: Landorus|Bulk Up|p1a: Landorus\n|-boost|p1a: Landorus|atk|1\n|-boost|p1a: Landorus|def|1\n|\n|-heal|p1a: Landorus|94\/100|[from] item: Leftovers\n|-heal|p2a: Corviknight|94\/100|[from] item: Leftovers\n|upkeep\n|turn|13\n|\n|t:|1699830372\n|move|p1a: Landorus|Bulk Up|p1a: Landorus\n|-boost|p1a: Landorus|atk|1\n|-boost|p1a: Landorus|def|1\n|move|p2a: Corviknight|U-turn|p1a: Landorus\n|-resisted|p1a: Landorus\n|-activate|p1a: Landorus|move: Substitute|[damage]\n|\n|t:|1699830377\n|switch|p2a: Dusknoir|Dusknoir, F|100\/100|[from] U-turn\n|-damage|p2a: Dusknoir|88\/100|[from] Stealth Rock\n|-ability|p2a: Dusknoir|Pressure\n|\n|-heal|p1a: Landorus|99\/100|[from] item: Leftovers\n|-heal|p2a: Dusknoir|94\/100|[from] item: Leftovers\n|upkeep\n|turn|14\n|\n|t:|1699830385\n|move|p2a: Dusknoir|Protect|p2a: Dusknoir\n|-singleturn|p2a: Dusknoir|Protect\n|move|p1a: Landorus|Earthquake|p2a: Dusknoir\n|-activate|p2a: Dusknoir|move: Protect\n|\n|-heal|p1a: Landorus|100\/100|[from] item: Leftovers\n|-heal|p2a: Dusknoir|100\/100|[from] item: Leftovers\n|upkeep\n|turn|15\n|\n|t:|1699830391\n|switch|p2a: Corviknight|Corviknight, F|94\/100\n|-damage|p2a: Corviknight|82\/100|[from] Stealth Rock\n|-ability|p2a: Corviknight|Pressure\n|move|p1a: Landorus|Bulk Up|p1a: Landorus\n|-boost|p1a: Landorus|atk|1\n|-boost|p1a: Landorus|def|1\n|\n|-heal|p2a: Corviknight|88\/100|[from] item: Leftovers\n|upkeep\n|turn|16\n|\n|t:|1699830395\n|move|p1a: Landorus|Bulk Up|p1a: Landorus\n|-boost|p1a: Landorus|atk|1\n|-boost|p1a: Landorus|def|1\n|move|p2a: Corviknight|U-turn|p1a: Landorus\n|-resisted|p1a: Landorus\n|-activate|p1a: Landorus|move: Substitute|[damage]\n|\n|t:|1699830397\n|switch|p2a: Dusknoir|Dusknoir, F|100\/100|[from] U-turn\n|-damage|p2a: Dusknoir|88\/100|[from] Stealth Rock\n|-ability|p2a: Dusknoir|Pressure\n|\n|-heal|p2a: Dusknoir|94\/100|[from] item: Leftovers\n|upkeep\n|turn|17\n|\n|t:|1699830400\n|move|p2a: Dusknoir|Protect|p2a: Dusknoir\n|-singleturn|p2a: Dusknoir|Protect\n|move|p1a: Landorus|Bulk Up|p1a: Landorus\n|-boost|p1a: Landorus|atk|1\n|-boost|p1a: Landorus|def|1\n|\n|-heal|p2a: Dusknoir|100\/100|[from] item: Leftovers\n|upkeep\n|turn|18\n|\n|t:|1699830407\n|move|p1a: Landorus|Earthquake|p2a: Dusknoir\n|-damage|p2a: Dusknoir|0 fnt\n|faint|p2a: Dusknoir\n|\n|upkeep\n|\n|t:|1699830411\n|switch|p2a: Zapdos|Zapdos|69\/100\n|-damage|p2a: Zapdos|44\/100|[from] Stealth Rock\n|-ability|p2a: Zapdos|Pressure\n|turn|19\n|\n|t:|1699830413\n|-terastallize|p1a: Landorus|Flying\n|move|p1a: Landorus|Tera Blast|p2a: Zapdos|[anim] Tera Blast Flying\n|-resisted|p2a: Zapdos\n|-damage|p2a: Zapdos|0 fnt\n|faint|p2a: Zapdos\n|\n|upkeep\n|-message|rupaulandrescarlos forfeited.\n|\n|win|gock glocker\n|raw|gock glocker's rating: 1696 &rarr; <strong>1718<\/strong><br \/>(+22 for winning)\n|raw|rupaulandrescarlos's rating: 1735 &rarr; <strong>1713<\/strong><br \/>(-22 for losing)\n|l|\u2606rupaulandrescarlos\n","uploadtime":1699830427,"views":11,"p1id":"gockglocker","p2id":"rupaulandrescarlos","formatid":"gen9ou","rating":1713,"private":0,"password":""}