{"id":"gen9ou-1997244750","p1":"Stormiidaniels","p2":"LandotheRandoPando","format":"[Gen 9] OU","log":"|j|\u2606Stormiidaniels\n|j|\u2606LandotheRandoPando\n|t:|1700779784\n|gametype|singles\n|player|p1|Stormiidaniels|swimmerf|1188\n|player|p2|LandotheRandoPando|hoopster|1232\n|teamsize|p1|6\n|teamsize|p2|6\n|gen|9\n|tier|[Gen 9] OU\n|rated|\n|rule|Sleep Clause Mod: Limit one foe put to sleep\n|rule|Species Clause: Limit one of each Pok\u00e9mon\n|rule|OHKO Clause: OHKO moves are banned\n|rule|Evasion Items Clause: Evasion items are banned\n|rule|Evasion Moves Clause: Evasion moves are banned\n|rule|Endless Battle Clause: Forcing endless battles is banned\n|rule|HP Percentage Mod: HP is shown in percentages\n|clearpoke\n|poke|p1|Quaquaval, F|\n|poke|p1|Dragonite, M|\n|poke|p1|Cinderace, M|\n|poke|p1|Meowscarada, M|\n|poke|p1|Jolteon, M|\n|poke|p1|Gardevoir, M|\n|poke|p2|Torkoal, F|\n|poke|p2|Walking Wake|\n|poke|p2|Great Tusk|\n|poke|p2|Gholdengo|\n|poke|p2|Leavanny, F|\n|poke|p2|Hatterene, F|\n|teampreview\n|\n|t:|1700779803\n|start\n|switch|p1a: Jolteon|Jolteon, M|100\/100\n|switch|p2a: Torkoal|Torkoal, F|100\/100\n|-weather|SunnyDay|[from] ability: Drought|[of] p2a: Torkoal\n|turn|1\n|\n|t:|1700779819\n|move|p1a: Jolteon|Thunder Wave|p2a: Torkoal|[miss]\n|-miss|p1a: Jolteon|p2a: Torkoal\n|move|p2a: Torkoal|Yawn|p1a: Jolteon\n|-start|p1a: Jolteon|move: Yawn|[of] p2a: Torkoal\n|\n|-weather|SunnyDay|[upkeep]\n|upkeep\n|turn|2\n|\n|t:|1700779830\n|switch|p1a: Quaquaval|Quaquaval, F, shiny|100\/100\n|switch|p2a: Hatterene|Hatterene, F|100\/100\n|\n|-weather|SunnyDay|[upkeep]\n|upkeep\n|turn|3\n|\n|t:|1700779841\n|-terastallize|p1a: Quaquaval|Water\n|move|p1a: Quaquaval|Aqua Step|p2a: Hatterene\n|-damage|p2a: Hatterene|82\/100\n|-boost|p1a: Quaquaval|spe|1\n|-enditem|p2a: Hatterene|Eject Button\n|\n|t:|1700779848\n|switch|p2a: Leavanny|Leavanny, F|100\/100\n|\n|-weather|SunnyDay|[upkeep]\n|upkeep\n|turn|4\n|\n|t:|1700779858\n|switch|p1a: Cinderace|Cinderace, M|100\/100\n|move|p2a: Leavanny|Leaf Blade|p1a: Cinderace\n|-resisted|p1a: Cinderace\n|-crit|p1a: Cinderace\n|-damage|p1a: Cinderace|67\/100\n|\n|-weather|SunnyDay|[upkeep]\n|upkeep\n|turn|5\n|\n|t:|1700779867\n|move|p2a: Leavanny|Knock Off|p1a: Cinderace\n|-damage|p1a: Cinderace|31\/100\n|-enditem|p1a: Cinderace|Figy Berry|[from] move: Knock Off|[of] p2a: Leavanny\n|move|p1a: Cinderace|Bulk Up|p1a: Cinderace\n|-start|p1a: Cinderace|typechange|Fighting|[from] ability: Libero\n|-boost|p1a: Cinderace|atk|1\n|-boost|p1a: Cinderace|def|1\n|\n|-weather|SunnyDay|[upkeep]\n|upkeep\n|turn|6\n|\n|t:|1700779880\n|move|p1a: Cinderace|Sucker Punch|p2a: Leavanny\n|-damage|p2a: Leavanny|58\/100\n|move|p2a: Leavanny|Leaf Blade|p1a: Cinderace\n|-damage|p1a: Cinderace|3\/100\n|\n|-weather|SunnyDay|[upkeep]\n|upkeep\n|turn|7\n|\n|t:|1700779889\n|move|p1a: Cinderace|Sucker Punch||[still]\n|-fail|p1a: Cinderace\n|move|p2a: Leavanny|Sticky Web|p1a: Cinderace\n|-sidestart|p1: Stormiidaniels|move: Sticky Web\n|\n|-weather|SunnyDay|[upkeep]\n|upkeep\n|turn|8\n|\n|t:|1700779895\n|move|p1a: Cinderace|Sucker Punch|p2a: Leavanny\n|-damage|p2a: Leavanny|19\/100\n|move|p2a: Leavanny|Leaf Blade|p1a: Cinderace\n|-damage|p1a: Cinderace|0 fnt\n|faint|p1a: Cinderace\n|\n|-weather|none\n|upkeep\n|\n|t:|1700779906\n|switch|p1a: Dragonite|Dragonite, M|100\/100\n|turn|9\n|\n|t:|1700779913\n|switch|p2a: Torkoal|Torkoal, F|100\/100\n|-weather|SunnyDay|[from] ability: Drought|[of] p2a: Torkoal\n|move|p1a: Dragonite|Extreme Speed|p2a: Torkoal\n|-damage|p2a: Torkoal|81\/100\n|\n|-weather|SunnyDay|[upkeep]\n|upkeep\n|turn|10\n|\n|t:|1700779927\n|move|p1a: Dragonite|Dragon Dance|p1a: Dragonite\n|-boost|p1a: Dragonite|atk|1\n|-boost|p1a: Dragonite|spe|1\n|move|p2a: Torkoal|Yawn|p1a: Dragonite\n|-start|p1a: Dragonite|move: Yawn|[of] p2a: Torkoal\n|\n|-weather|SunnyDay|[upkeep]\n|upkeep\n|turn|11\n|\n|t:|1700779943\n|switch|p1a: Quaquaval|Quaquaval, F, shiny, tera:Water|100\/100\n|-activate|p1a: Quaquaval|move: Sticky Web\n|-unboost|p1a: Quaquaval|spe|1\n|-enditem|p1a: Quaquaval|White Herb\n|-clearnegativeboost|p1a: Quaquaval|[silent]\n|switch|p2a: Gholdengo|Gholdengo|100\/100\n|-item|p2a: Gholdengo|Air Balloon\n|\n|-weather|SunnyDay|[upkeep]\n|upkeep\n|turn|12\n|\n|t:|1700779958\n|move|p1a: Quaquaval|Aqua Step|p2a: Gholdengo\n|-damage|p2a: Gholdengo|85\/100\n|-boost|p1a: Quaquaval|spe|1\n|-enditem|p2a: Gholdengo|Air Balloon\n|move|p2a: Gholdengo|Shadow Ball|p1a: Quaquaval\n|-damage|p1a: Quaquaval|57\/100\n|\n|-weather|SunnyDay|[upkeep]\n|upkeep\n|turn|13\n|\n|t:|1700779972\n|move|p1a: Quaquaval|Bulk Up|p1a: Quaquaval\n|-boost|p1a: Quaquaval|atk|1\n|-boost|p1a: Quaquaval|def|1\n|move|p2a: Gholdengo|Shadow Ball|p1a: Quaquaval\n|-damage|p1a: Quaquaval|13\/100\n|\n|-weather|SunnyDay|[upkeep]\n|upkeep\n|turn|14\n|\n|t:|1700779982\n|move|p1a: Quaquaval|Close Combat|p2a: Gholdengo\n|-immune|p2a: Gholdengo\n|move|p2a: Gholdengo|Shadow Ball|p1a: Quaquaval\n|-damage|p1a: Quaquaval|0 fnt\n|faint|p1a: Quaquaval\n|\n|-weather|SunnyDay|[upkeep]\n|upkeep\n|c|\u2606LandotheRandoPando|Oh\n|\n|t:|1700780008\n|switch|p1a: Meowscarada|Meowscarada, M, shiny|100\/100\n|-activate|p1a: Meowscarada|move: Sticky Web\n|-unboost|p1a: Meowscarada|spe|1\n|turn|15\n|\n|t:|1700780017\n|switch|p2a: Hatterene|Hatterene, F|82\/100\n|move|p1a: Meowscarada|Knock Off|p2a: Hatterene\n|-start|p1a: Meowscarada|typechange|Dark|[from] ability: Protean\n|-damage|p2a: Hatterene|54\/100\n|\n|-weather|SunnyDay|[upkeep]\n|upkeep\n|turn|16\n|\n|t:|1700780034\n|switch|p1a: Dragonite|Dragonite, M|100\/100\n|move|p2a: Hatterene|Draining Kiss|p1a: Dragonite\n|-supereffective|p1a: Dragonite\n|-damage|p1a: Dragonite|79\/100\n|-heal|p2a: Hatterene|71\/100|[from] drain|[of] p1a: Dragonite\n|-enditem|p1a: Dragonite|Weakness Policy\n|-boost|p1a: Dragonite|atk|2|[from] item: Weakness Policy\n|-boost|p1a: Dragonite|spa|2|[from] item: Weakness Policy\n|\n|-weather|none\n|upkeep\n|turn|17\n|\n|t:|1700780045\n|move|p1a: Dragonite|Iron Head|p2a: Hatterene\n|-supereffective|p2a: Hatterene\n|-damage|p2a: Hatterene|0 fnt\n|faint|p2a: Hatterene\n|\n|upkeep\n|\n|t:|1700780050\n|switch|p2a: Torkoal|Torkoal, F|81\/100\n|-weather|SunnyDay|[from] ability: Drought|[of] p2a: Torkoal\n|turn|18\n|\n|t:|1700780062\n|move|p1a: Dragonite|Dragon Dance|p1a: Dragonite\n|-boost|p1a: Dragonite|atk|1\n|-boost|p1a: Dragonite|spe|1\n|move|p2a: Torkoal|Yawn|p1a: Dragonite\n|-start|p1a: Dragonite|move: Yawn|[of] p2a: Torkoal\n|\n|-weather|SunnyDay|[upkeep]\n|upkeep\n|turn|19\n|\n|t:|1700780071\n|switch|p2a: Gholdengo|Gholdengo|85\/100\n|move|p1a: Dragonite|Outrage|p2a: Gholdengo\n|-resisted|p2a: Gholdengo\n|-damage|p2a: Gholdengo|39\/100\n|\n|-weather|SunnyDay|[upkeep]\n|-end|p1a: Dragonite|move: Yawn|[silent]\n|-status|p1a: Dragonite|slp\n|upkeep\n|turn|20\n|\n|t:|1700780086\n|cant|p1a: Dragonite|slp\n|move|p2a: Gholdengo|Recover|p2a: Gholdengo\n|-heal|p2a: Gholdengo|89\/100\n|\n|-weather|SunnyDay|[upkeep]\n|upkeep\n|turn|21\n|\n|t:|1700780098\n|switch|p1a: Meowscarada|Meowscarada, M, shiny|100\/100\n|-activate|p1a: Meowscarada|move: Sticky Web\n|-unboost|p1a: Meowscarada|spe|1\n|move|p2a: Gholdengo|Shadow Ball|p1a: Meowscarada\n|-resisted|p1a: Meowscarada\n|-damage|p1a: Meowscarada|74\/100\n|\n|-weather|SunnyDay|[upkeep]\n|upkeep\n|turn|22\n|\n|t:|1700780124\n|switch|p2a: Leavanny|Leavanny, F|19\/100\n|move|p1a: Meowscarada|Knock Off|p2a: Leavanny\n|-start|p1a: Meowscarada|typechange|Dark|[from] ability: Protean\n|-damage|p2a: Leavanny|0 fnt\n|-enditem|p2a: Leavanny|Focus Sash|[from] move: Knock Off|[of] p1a: Meowscarada\n|faint|p2a: Leavanny\n|\n|-weather|SunnyDay|[upkeep]\n|upkeep\n|\n|t:|1700780135\n|switch|p2a: Walking Wake|Walking Wake|100\/100\n|-activate|p2a: Walking Wake|ability: Protosynthesis\n|-start|p2a: Walking Wake|protosynthesisspa\n|turn|23\n|\n|t:|1700780141\n|move|p2a: Walking Wake|Hydro Steam|p1a: Meowscarada\n|-damage|p1a: Meowscarada|0 fnt\n|faint|p1a: Meowscarada\n|\n|-weather|SunnyDay|[upkeep]\n|upkeep\n|\n|t:|1700780153\n|switch|p1a: Gardevoir|Gardevoir, M|100\/100\n|-activate|p1a: Gardevoir|move: Sticky Web\n|-unboost|p1a: Gardevoir|spe|1\n|turn|24\n|\n|t:|1700780161\n|-terastallize|p2a: Walking Wake|Water\n|move|p2a: Walking Wake|Hydro Steam|p1a: Gardevoir\n|-damage|p1a: Gardevoir|0 fnt\n|faint|p1a: Gardevoir\n|\n|-weather|SunnyDay|[upkeep]\n|upkeep\n|\n|t:|1700780172\n|switch|p1a: Jolteon|Jolteon, M|100\/100\n|-activate|p1a: Jolteon|move: Sticky Web\n|-unboost|p1a: Jolteon|spe|1\n|turn|25\n|\n|t:|1700780181\n|move|p2a: Walking Wake|Hydro Steam|p1a: Jolteon\n|-enditem|p1a: Jolteon|Focus Sash\n|-damage|p1a: Jolteon|1\/100\n|move|p1a: Jolteon|Thunderbolt|p2a: Walking Wake\n|-supereffective|p2a: Walking Wake\n|-damage|p2a: Walking Wake|21\/100\n|\n|-weather|none\n|-end|p2a: Walking Wake|Protosynthesis\n|upkeep\n|turn|26\n|\n|t:|1700780195\n|-end|p2a: Walking Wake|Protosynthesis|[silent]\n|switch|p2a: Torkoal|Torkoal, F|81\/100\n|-weather|SunnyDay|[from] ability: Drought|[of] p2a: Torkoal\n|move|p1a: Jolteon|Thunder Wave|p2a: Torkoal\n|-status|p2a: Torkoal|par\n|\n|-weather|SunnyDay|[upkeep]\n|upkeep\n|turn|27\n|\n|t:|1700780210\n|switch|p2a: Great Tusk|Great Tusk|100\/100\n|-activate|p2a: Great Tusk|ability: Protosynthesis\n|-start|p2a: Great Tusk|protosynthesisatk\n|move|p1a: Jolteon|Volt Switch|p2a: Great Tusk\n|-immune|p2a: Great Tusk\n|\n|-weather|SunnyDay|[upkeep]\n|upkeep\n|turn|28\n|\n|t:|1700780221\n|move|p2a: Great Tusk|Ice Spinner|p1a: Jolteon\n|-damage|p1a: Jolteon|0 fnt\n|faint|p1a: Jolteon\n|\n|-weather|SunnyDay|[upkeep]\n|upkeep\n|c|\u2606LandotheRandoPando|Gg\n|\n|t:|1700780226\n|switch|p1a: Dragonite|Dragonite, M|79\/100 slp\n|turn|29\n|\n|t:|1700780231\n|move|p2a: Great Tusk|Ice Spinner|p1a: Dragonite\n|-supereffective|p1a: Dragonite\n|-damage|p1a: Dragonite|0 fnt\n|faint|p1a: Dragonite\n|\n|win|LandotheRandoPando\n|raw|Stormiidaniels's rating: 1188 &rarr; <strong>1166<\/strong><br \/>(-22 for losing)\n|raw|LandotheRandoPando's rating: 1232 &rarr; <strong>1254<\/strong><br \/>(+22 for winning)\n","uploadtime":1700780251,"views":6,"p1id":"stormiidaniels","p2id":"landotherandopando","formatid":"gen9ou","rating":1166,"private":0,"password":""}