{"id":"gen9ou-1992617924","p1":"Lazysans42","p2":"snotnosezill","format":"[Gen 9] OU","log":"|j|\u2606Lazysans42\n|j|\u2606snotnosezill\n|t:|1700215542\n|gametype|singles\n|player|p1|Lazysans42|265|1176\n|player|p2|snotnosezill|266|1122\n|teamsize|p1|6\n|teamsize|p2|6\n|gen|9\n|tier|[Gen 9] OU\n|rated|\n|rule|Sleep Clause Mod: Limit one foe put to sleep\n|rule|Species Clause: Limit one of each Pok\u00e9mon\n|rule|OHKO Clause: OHKO moves are banned\n|rule|Evasion Items Clause: Evasion items are banned\n|rule|Evasion Moves Clause: Evasion moves are banned\n|rule|Endless Battle Clause: Forcing endless battles is banned\n|rule|HP Percentage Mod: HP is shown in percentages\n|clearpoke\n|poke|p1|Iron Leaves|\n|poke|p1|Pincurchin, M|\n|poke|p1|Hawlucha, M|\n|poke|p1|Thundurus-Therian, M|\n|poke|p1|Dondozo, F|\n|poke|p1|Ceruledge, M|\n|poke|p2|Torkoal, F|\n|poke|p2|Skeledirge, M|\n|poke|p2|Heatran, M|\n|poke|p2|Moltres-Galar|\n|poke|p2|Walking Wake|\n|poke|p2|Scyther, M|\n|teampreview\n|inactive|Battle timer is ON: inactive players will automatically lose when time's up. (requested by Lazysans42)\n|\n|t:|1700215552\n|start\n|switch|p1a: Pincurchin|Pincurchin, M|100\/100\n|switch|p2a: Scyther|Scyther, M, shiny|100\/100\n|-fieldstart|move: Electric Terrain|[from] ability: Electric Surge|[of] p1a: Pincurchin\n|turn|1\n|inactive|Lazysans42 has 120 seconds left.\n|inactive|snotnosezill has 120 seconds left.\n|inactive|Lazysans42 has 90 seconds left.\n|inactive|snotnosezill has 90 seconds left.\n|inactive|Lazysans42 has 60 seconds left.\n|\n|t:|1700215648\n|-terastallize|p2a: Scyther|Fire\n|move|p2a: Scyther|Swords Dance|p2a: Scyther\n|-boost|p2a: Scyther|atk|2\n|move|p1a: Pincurchin|Thunder Wave|p2a: Scyther\n|-status|p2a: Scyther|par\n|\n|upkeep\n|turn|2\n|inactive|Lazysans42 has 60 seconds left.\n|\n|t:|1700215667\n|move|p2a: Scyther|Trailblaze|p1a: Pincurchin\n|-damage|p1a: Pincurchin|58\/100\n|-boost|p2a: Scyther|spe|1\n|move|p1a: Pincurchin|Liquidation|p2a: Scyther\n|-supereffective|p2a: Scyther\n|-damage|p2a: Scyther|63\/100 par\n|\n|-heal|p1a: Pincurchin|64\/100|[from] item: Leftovers\n|upkeep\n|turn|3\n|inactive|Lazysans42 has 60 seconds left.\n|\n|t:|1700215699\n|cant|p2a: Scyther|par\n|move|p1a: Pincurchin|Liquidation|p2a: Scyther\n|-supereffective|p2a: Scyther\n|-damage|p2a: Scyther|24\/100 par\n|-unboost|p2a: Scyther|def|1\n|\n|-heal|p1a: Pincurchin|70\/100|[from] item: Leftovers\n|upkeep\n|turn|4\n|\n|t:|1700215708\n|move|p2a: Scyther|Tera Blast|p1a: Pincurchin|[anim] Tera Blast Fire\n|-damage|p1a: Pincurchin|3\/100\n|move|p1a: Pincurchin|Liquidation|p2a: Scyther\n|-supereffective|p2a: Scyther\n|-damage|p2a: Scyther|0 fnt\n|faint|p2a: Scyther\n|\n|-heal|p1a: Pincurchin|9\/100|[from] item: Leftovers\n|upkeep\n|\n|t:|1700215719\n|switch|p2a: Walking Wake|Walking Wake|100\/100\n|-enditem|p2a: Walking Wake|Booster Energy\n|-activate|p2a: Walking Wake|ability: Protosynthesis|[fromitem]\n|-start|p2a: Walking Wake|protosynthesisspe\n|turn|5\n|inactive|Lazysans42 has 30 seconds left.\n|\n|t:|1700215755\n|switch|p1a: Dondozo|Dondozo, F|100\/100\n|move|p2a: Walking Wake|Dragon Pulse|p1a: Dondozo\n|-damage|p1a: Dondozo|57\/100\n|\n|-heal|p1a: Dondozo|63\/100|[from] item: Leftovers\n|-fieldend|move: Electric Terrain\n|upkeep\n|turn|6\n|inactive|Lazysans42 has 30 seconds left.\n|inactive|Lazysans42 has 20 seconds left.\n|inactive|Lazysans42 has 15 seconds left.\n|\n|t:|1700215776\n|switch|p1a: Thundurus|Thundurus-Therian, M|100\/100\n|move|p2a: Walking Wake|Dragon Pulse|p1a: Thundurus\n|-damage|p1a: Thundurus|46\/100\n|\n|upkeep\n|turn|7\n|inactive|Lazysans42 has 25 seconds left this turn.\n|inactive|Lazysans42 has 20 seconds left.\n|\n|t:|1700215784\n|move|p2a: Walking Wake|Dragon Pulse|p1a: Thundurus\n|-damage|p1a: Thundurus|0 fnt\n|faint|p1a: Thundurus\n|\n|upkeep\n|inactive|Lazysans42 has 25 seconds left this turn.\n|\n|t:|1700215788\n|switch|p1a: Ceruledge|Ceruledge, M|100\/100\n|turn|8\n|inactive|Lazysans42 has 30 seconds left.\n|\n|t:|1700215795\n|-terastallize|p1a: Ceruledge|Ghost\n|move|p2a: Walking Wake|Hydro Steam|p1a: Ceruledge\n|-damage|p1a: Ceruledge|49\/100\n|move|p1a: Ceruledge|Poltergeist||[still]\n|-fail|p1a: Ceruledge\n|\n|upkeep\n|turn|9\n|inactive|Lazysans42 has 30 seconds left.\n|inactive|snotnosezill has 90 seconds left.\n|\n|t:|1700215821\n|move|p1a: Ceruledge|Shadow Sneak|p2a: Walking Wake\n|-damage|p2a: Walking Wake|71\/100\n|move|p2a: Walking Wake|Hydro Steam|p1a: Ceruledge\n|-crit|p1a: Ceruledge\n|-damage|p1a: Ceruledge|0 fnt\n|faint|p1a: Ceruledge\n|\n|upkeep\n|inactive|Lazysans42 has 30 seconds left this turn.\n|c|\u2606Lazysans42|???\n|\n|t:|1700215831\n|switch|p1a: Pincurchin|Pincurchin, M|9\/100\n|-fieldstart|move: Electric Terrain|[from] ability: Electric Surge|[of] p1a: Pincurchin\n|turn|10\n|\n|t:|1700215836\n|move|p2a: Walking Wake|Dragon Pulse|p1a: Pincurchin\n|-damage|p1a: Pincurchin|0 fnt\n|faint|p1a: Pincurchin\n|\n|upkeep\n|\n|t:|1700215843\n|switch|p1a: Hawlucha|Hawlucha, M|100\/100\n|-enditem|p1a: Hawlucha|Electric Seed\n|-boost|p1a: Hawlucha|def|1|[from] item: Electric Seed\n|turn|11\n|inactive|snotnosezill has 90 seconds left.\n|\n|t:|1700215886\n|move|p1a: Hawlucha|Swords Dance|p1a: Hawlucha\n|-boost|p1a: Hawlucha|atk|2\n|move|p2a: Walking Wake|Dragon Pulse|p1a: Hawlucha\n|-damage|p1a: Hawlucha|28\/100\n|\n|upkeep\n|turn|12\n|\n|t:|1700215892\n|move|p1a: Hawlucha|Acrobatics|p2a: Walking Wake\n|-damage|p2a: Walking Wake|0 fnt\n|faint|p2a: Walking Wake\n|-end|p2a: Walking Wake|Protosynthesis|[silent]\n|\n|upkeep\n|\n|t:|1700215904\n|switch|p2a: Torkoal|Torkoal, F|100\/100\n|-weather|SunnyDay|[from] ability: Drought|[of] p2a: Torkoal\n|turn|13\n|\n|t:|1700215915\n|move|p1a: Hawlucha|Close Combat|p2a: Torkoal\n|-damage|p2a: Torkoal|13\/100\n|-unboost|p1a: Hawlucha|def|1\n|-unboost|p1a: Hawlucha|spd|1\n|move|p2a: Torkoal|Eruption|p1a: Hawlucha\n|-damage|p1a: Hawlucha|0 fnt\n|faint|p1a: Hawlucha\n|\n|-weather|SunnyDay|[upkeep]\n|upkeep\n|\n|t:|1700215923\n|switch|p1a: Iron Leaves|Iron Leaves|100\/100\n|-activate|p1a: Iron Leaves|ability: Quark Drive\n|-start|p1a: Iron Leaves|quarkdrivespe\n|turn|14\n|inactive|snotnosezill has 90 seconds left.\n|\n|t:|1700215937\n|switch|p2a: Heatran|Heatran, M|100\/100\n|-item|p2a: Heatran|Air Balloon\n|move|p1a: Iron Leaves|Psyblade|p2a: Heatran\n|-resisted|p2a: Heatran\n|-damage|p2a: Heatran|63\/100\n|-enditem|p2a: Heatran|Air Balloon\n|-damage|p1a: Iron Leaves|91\/100|[from] item: Life Orb\n|\n|-weather|SunnyDay|[upkeep]\n|-fieldend|move: Electric Terrain\n|-end|p1a: Iron Leaves|Quark Drive\n|upkeep\n|turn|15\n|inactive|Lazysans42 has 60 seconds left.\n|inactive|snotnosezill has 90 seconds left.\n|\n|t:|1700215965\n|move|p1a: Iron Leaves|Close Combat|p2a: Heatran\n|-supereffective|p2a: Heatran\n|-damage|p2a: Heatran|0 fnt\n|-unboost|p1a: Iron Leaves|def|1\n|-unboost|p1a: Iron Leaves|spd|1\n|faint|p2a: Heatran\n|-damage|p1a: Iron Leaves|81\/100|[from] item: Life Orb\n|\n|-weather|SunnyDay|[upkeep]\n|upkeep\n|\n|t:|1700215974\n|switch|p2a: Skeledirge|Skeledirge, M|100\/100\n|turn|16\n|\n|t:|1700215981\n|move|p1a: Iron Leaves|Psyblade|p2a: Skeledirge\n|-damage|p2a: Skeledirge|55\/100\n|-damage|p1a: Iron Leaves|71\/100|[from] item: Life Orb\n|move|p2a: Skeledirge|Torch Song|p1a: Iron Leaves\n|-supereffective|p1a: Iron Leaves\n|-damage|p1a: Iron Leaves|0 fnt\n|-boost|p2a: Skeledirge|spa|1\n|faint|p1a: Iron Leaves\n|-end|p1a: Iron Leaves|Quark Drive|[silent]\n|\n|-weather|SunnyDay|[upkeep]\n|upkeep\n|\n|t:|1700215987\n|switch|p1a: Dondozo|Dondozo, F|63\/100\n|turn|17\n|\n|t:|1700215996\n|move|p2a: Skeledirge|Sing|p1a: Dondozo|[miss]\n|-miss|p2a: Skeledirge|p1a: Dondozo\n|-enditem|p2a: Skeledirge|Blunder Policy\n|-boost|p2a: Skeledirge|spe|2\n|move|p1a: Dondozo|Waterfall|p2a: Skeledirge\n|-supereffective|p2a: Skeledirge\n|-damage|p2a: Skeledirge|33\/100\n|\n|-weather|SunnyDay|[upkeep]\n|-heal|p1a: Dondozo|69\/100|[from] item: Leftovers\n|upkeep\n|turn|18\n|\n|t:|1700216007\n|move|p2a: Skeledirge|Sing|p1a: Dondozo|[miss]\n|-miss|p2a: Skeledirge|p1a: Dondozo\n|move|p1a: Dondozo|Waterfall|p2a: Skeledirge\n|-supereffective|p2a: Skeledirge\n|-damage|p2a: Skeledirge|9\/100\n|\n|-weather|SunnyDay|[upkeep]\n|-heal|p1a: Dondozo|75\/100|[from] item: Leftovers\n|upkeep\n|turn|19\n|\n|t:|1700216019\n|move|p2a: Skeledirge|Sing|p1a: Dondozo|[miss]\n|-miss|p2a: Skeledirge|p1a: Dondozo\n|move|p1a: Dondozo|Waterfall|p2a: Skeledirge\n|-supereffective|p2a: Skeledirge\n|-damage|p2a: Skeledirge|0 fnt\n|faint|p2a: Skeledirge\n|\n|-weather|SunnyDay|[upkeep]\n|-heal|p1a: Dondozo|82\/100|[from] item: Leftovers\n|upkeep\n|\n|t:|1700216030\n|switch|p2a: Moltres|Moltres-Galar|100\/100\n|turn|20\n|\n|t:|1700216034\n|move|p2a: Moltres|Nasty Plot|p2a: Moltres\n|-boost|p2a: Moltres|spa|2\n|move|p1a: Dondozo|Curse|p1a: Dondozo\n|-unboost|p1a: Dondozo|spe|1\n|-boost|p1a: Dondozo|atk|1\n|-boost|p1a: Dondozo|def|1\n|\n|-weather|none\n|-heal|p1a: Dondozo|88\/100|[from] item: Leftovers\n|upkeep\n|turn|21\n|\n|t:|1700216051\n|move|p2a: Moltres|Taunt|p1a: Dondozo\n|-start|p1a: Dondozo|move: Taunt\n|cant|p1a: Dondozo|move: Taunt|Curse\n|\n|-heal|p1a: Dondozo|94\/100|[from] item: Leftovers\n|upkeep\n|turn|22\n|\n|t:|1700216058\n|move|p2a: Moltres|Nasty Plot|p2a: Moltres\n|-boost|p2a: Moltres|spa|2\n|move|p1a: Dondozo|Waterfall|p2a: Moltres\n|-damage|p2a: Moltres|51\/100\n|\n|-heal|p1a: Dondozo|99\/100|[from] item: Leftovers\n|upkeep\n|turn|23\n|\n|t:|1700216066\n|move|p2a: Moltres|Fiery Wrath|p1a: Dondozo\n|-crit|p1a: Dondozo\n|-damage|p1a: Dondozo|34\/100\n|move|p1a: Dondozo|Waterfall|p2a: Moltres\n|-damage|p2a: Moltres|6\/100\n|-ability|p2a: Moltres|Berserk|boost\n|-boost|p2a: Moltres|spa|1\n|-enditem|p2a: Moltres|Sitrus Berry|[eat]\n|-heal|p2a: Moltres|31\/100|[from] item: Sitrus Berry\n|\n|-heal|p1a: Dondozo|40\/100|[from] item: Leftovers\n|-end|p1a: Dondozo|move: Taunt\n|upkeep\n|turn|24\n|inactive|snotnosezill has 120 seconds left.\n|\n|t:|1700216079\n|move|p2a: Moltres|Fiery Wrath|p1a: Dondozo\n|-damage|p1a: Dondozo|0 fnt\n|faint|p1a: Dondozo\n|\n|win|snotnosezill\n|raw|Lazysans42's rating: 1176 &rarr; <strong>1147<\/strong><br \/>(-29 for losing)\n|raw|snotnosezill's rating: 1122 &rarr; <strong>1151<\/strong><br \/>(+29 for winning)\n","uploadtime":1700216088,"views":9,"p1id":"lazysans42","p2id":"snotnosezill","formatid":"gen9ou","rating":1147,"private":0,"password":""}