{"id":"gen9ou-1989608634","p1":"trialteam98","p2":"AMT StallMaster","format":"[Gen 9] OU","log":"|j|\u2606trialteam98\n|j|\u2606AMT StallMaster\n|t:|1699878306\n|gametype|singles\n|player|p1|trialteam98|lady-gen4|1224\n|player|p2|AMT StallMaster|silver-masters|1249\n|teamsize|p1|6\n|teamsize|p2|6\n|gen|9\n|tier|[Gen 9] OU\n|rated|\n|rule|Sleep Clause Mod: Limit one foe put to sleep\n|rule|Species Clause: Limit one of each Pok\u00e9mon\n|rule|OHKO Clause: OHKO moves are banned\n|rule|Evasion Items Clause: Evasion items are banned\n|rule|Evasion Moves Clause: Evasion moves are banned\n|rule|Endless Battle Clause: Forcing endless battles is banned\n|rule|HP Percentage Mod: HP is shown in percentages\n|clearpoke\n|poke|p1|Gardevoir, F|\n|poke|p1|Garchomp, F|\n|poke|p1|Dragapult, F|\n|poke|p1|Dragonite, F|\n|poke|p1|Gyarados, M|\n|poke|p1|Iron Treads|\n|poke|p2|Revavroom, M|\n|poke|p2|Weezing-Galar, F|\n|poke|p2|Amoonguss, M|\n|poke|p2|Glimmora, M|\n|poke|p2|Sneasler, M|\n|poke|p2|Iron Moth|\n|teampreview\n|\n|t:|1699878314\n|start\n|switch|p1a: Cynthia|Garchomp, F|100\/100\n|switch|p2a: Weezing|Weezing-Galar, F|100\/100\n|-fieldstart|move: Misty Terrain|[from] ability: Misty Surge|[of] p2a: Weezing\n|turn|1\n|inactive|Battle timer is ON: inactive players will automatically lose when time's up. (requested by AMT StallMaster)\n|\n|t:|1699878328\n|move|p1a: Cynthia|Iron Head|p2a: Weezing\n|-supereffective|p2a: Weezing\n|-damage|p2a: Weezing|62\/100\n|move|p2a: Weezing|Strange Steam|p1a: Cynthia\n|-supereffective|p1a: Cynthia\n|-damage|p1a: Cynthia|43\/100\n|\n|-heal|p2a: Weezing|68\/100|[from] item: Leftovers\n|upkeep\n|turn|2\n|\n|t:|1699878337\n|move|p1a: Cynthia|Stealth Rock|p2a: Weezing\n|-sidestart|p2: AMT StallMaster|move: Stealth Rock\n|move|p2a: Weezing|Strange Steam|p1a: Cynthia\n|-supereffective|p1a: Cynthia\n|-damage|p1a: Cynthia|0 fnt\n|faint|p1a: Cynthia\n|\n|-heal|p2a: Weezing|74\/100|[from] item: Leftovers\n|upkeep\n|\n|t:|1699878346\n|switch|p1a: Lance|Gyarados, M, shiny|100\/100\n|turn|3\n|\n|t:|1699878351\n|switch|p2a: Sneasler|Sneasler, M|100\/100\n|-damage|p2a: Sneasler|95\/100|[from] Stealth Rock\n|-enditem|p2a: Sneasler|Misty Seed\n|-boost|p2a: Sneasler|spd|1|[from] item: Misty Seed\n|move|p1a: Lance|Iron Head|p2a: Sneasler\n|-damage|p2a: Sneasler|48\/100\n|\n|upkeep\n|turn|4\n|\n|t:|1699878367\n|-terastallize|p2a: Sneasler|Flying\n|move|p2a: Sneasler|Acrobatics|p1a: Lance\n|-damage|p1a: Lance|23\/100\n|move|p1a: Lance|Iron Head|p2a: Sneasler\n|-damage|p2a: Sneasler|2\/100\n|\n|upkeep\n|turn|5\n|\n|t:|1699878377\n|switch|p1a: Steven|Iron Treads|100\/100\n|-enditem|p1a: Steven|Booster Energy\n|-activate|p1a: Steven|ability: Quark Drive|[fromitem]\n|-start|p1a: Steven|quarkdrivespe\n|move|p2a: Sneasler|Acrobatics|p1a: Steven\n|-resisted|p1a: Steven\n|-damage|p1a: Steven|71\/100\n|\n|-fieldend|Misty Terrain\n|upkeep\n|turn|6\n|\n|t:|1699878385\n|move|p2a: Sneasler|Close Combat|p1a: Steven\n|-supereffective|p1a: Steven\n|-damage|p1a: Steven|0 fnt\n|-unboost|p2a: Sneasler|def|1\n|-unboost|p2a: Sneasler|spd|1\n|faint|p1a: Steven\n|-end|p1a: Steven|Quark Drive|[silent]\n|\n|upkeep\n|\n|t:|1699878391\n|switch|p1a: Iris-Ash-Lance|Dragonite, F|100\/100\n|turn|7\n|\n|t:|1699878396\n|move|p1a: Iris-Ash-Lance|Extreme Speed|p2a: Sneasler\n|-crit|p2a: Sneasler\n|-damage|p2a: Sneasler|0 fnt\n|faint|p2a: Sneasler\n|\n|upkeep\n|\n|t:|1699878404\n|switch|p2a: Glimmora|Glimmora, M|100\/100\n|-damage|p2a: Glimmora|88\/100|[from] Stealth Rock\n|turn|8\n|inactive|trialteam98 has 120 seconds left.\n|\n|t:|1699878447\n|switch|p1a: Diantha|Gardevoir, F|100\/100\n|move|p2a: Glimmora|Mortal Spin|p1a: Diantha\n|-supereffective|p1a: Diantha\n|-damage|p1a: Diantha|79\/100\n|-status|p1a: Diantha|psn\n|-activate|p1a: Diantha|ability: Synchronize\n|-immune|p2a: Glimmora\n|-sideend|p2: AMT StallMaster|Stealth Rock|[from] move: Mortal Spin|[of] p2a: Glimmora\n|\n|-damage|p1a: Diantha|67\/100 psn|[from] psn\n|upkeep\n|turn|9\n|\n|t:|1699878460\n|switch|p2a: Weezing|Weezing-Galar, F|74\/100\n|-fieldstart|move: Misty Terrain|[from] ability: Misty Surge|[of] p2a: Weezing\n|move|p1a: Diantha|Psychic|p2a: Weezing\n|-supereffective|p2a: Weezing\n|-damage|p2a: Weezing|0 fnt\n|faint|p2a: Weezing\n|\n|-damage|p1a: Diantha|54\/100 psn|[from] psn\n|upkeep\n|\n|t:|1699878476\n|switch|p2a: Revavroom|Revavroom, M|100\/100\n|turn|10\n|inactive|trialteam98 has 120 seconds left.\n|\n|t:|1699878488\n|move|p1a: Diantha|Psychic|p2a: Revavroom\n|-damage|p2a: Revavroom|28\/100\n|move|p2a: Revavroom|Shift Gear|p2a: Revavroom\n|-boost|p2a: Revavroom|spe|2\n|-boost|p2a: Revavroom|atk|1\n|\n|-damage|p1a: Diantha|42\/100 psn|[from] psn\n|upkeep\n|turn|11\n|\n|t:|1699878494\n|move|p2a: Revavroom|Iron Head|p1a: Diantha\n|-supereffective|p1a: Diantha\n|-crit|p1a: Diantha\n|-damage|p1a: Diantha|0 fnt\n|faint|p1a: Diantha\n|\n|upkeep\n|\n|t:|1699878503\n|switch|p1a: Leon|Dragapult, F|100\/100\n|turn|12\n|\n|t:|1699878507\n|move|p1a: Leon|Sucker Punch|p2a: Revavroom\n|-damage|p2a: Revavroom|0 fnt\n|faint|p2a: Revavroom\n|-damage|p1a: Leon|91\/100|[from] item: Life Orb\n|\n|upkeep\n|\n|t:|1699878514\n|switch|p2a: Iron Moth|Iron Moth|100\/100\n|turn|13\n|\n|t:|1699878520\n|move|p2a: Iron Moth|Dazzling Gleam|p1a: Leon\n|-supereffective|p1a: Leon\n|-damage|p1a: Leon|12\/100\n|move|p1a: Leon|Psychic Fangs|p2a: Iron Moth\n|-supereffective|p2a: Iron Moth\n|-damage|p2a: Iron Moth|0 fnt\n|faint|p2a: Iron Moth\n|-end|p2a: Iron Moth|Quark Drive|[silent]\n|-damage|p1a: Leon|3\/100|[from] item: Life Orb\n|\n|-fieldend|Misty Terrain\n|upkeep\n|\n|t:|1699878530\n|switch|p2a: Amoonguss|Amoonguss, M|100\/100\n|turn|14\n|\n|t:|1699878536\n|move|p1a: Leon|Psychic Fangs|p2a: Amoonguss\n|-supereffective|p2a: Amoonguss\n|-damage|p2a: Amoonguss|43\/100\n|-damage|p1a: Leon|0 fnt|[from] item: Rocky Helmet|[of] p2a: Amoonguss\n|faint|p1a: Leon\n|move|p2a: Amoonguss|Foul Play|p1: Leon|[notarget]\n|-fail|p2a: Amoonguss\n|\n|upkeep\n|\n|t:|1699878545\n|switch|p1a: Lance|Gyarados, M, shiny|23\/100\n|turn|15\n|\n|t:|1699878553\n|move|p1a: Lance|Ice Fang|p2a: Amoonguss\n|-supereffective|p2a: Amoonguss\n|-damage|p2a: Amoonguss|7\/100\n|-damage|p1a: Lance|7\/100|[from] item: Rocky Helmet|[of] p2a: Amoonguss\n|move|p2a: Amoonguss|Giga Drain|p1a: Lance\n|-damage|p1a: Lance|0 fnt\n|-heal|p2a: Amoonguss|10\/100|[from] drain|[of] p1a: Lance\n|faint|p1a: Lance\n|\n|upkeep\n|\n|t:|1699878560\n|switch|p1a: Iris-Ash-Lance|Dragonite, F|100\/100\n|turn|16\n|\n|t:|1699878563\n|move|p1a: Iris-Ash-Lance|Fire Punch|p2a: Amoonguss\n|-supereffective|p2a: Amoonguss\n|-damage|p2a: Amoonguss|0 fnt\n|-damage|p1a: Iris-Ash-Lance|84\/100|[from] item: Rocky Helmet|[of] p2a: Amoonguss\n|faint|p2a: Amoonguss\n|\n|upkeep\n|\n|t:|1699878566\n|switch|p2a: Glimmora|Glimmora, M|88\/100\n|turn|17\n|\n|t:|1699878570\n|-terastallize|p1a: Iris-Ash-Lance|Normal\n|move|p2a: Glimmora|Mortal Spin|p1a: Iris-Ash-Lance\n|-damage|p1a: Iris-Ash-Lance|77\/100\n|-status|p1a: Iris-Ash-Lance|psn\n|move|p1a: Iris-Ash-Lance|Dragon Dance|p1a: Iris-Ash-Lance\n|-boost|p1a: Iris-Ash-Lance|atk|1\n|-boost|p1a: Iris-Ash-Lance|spe|1\n|\n|-damage|p1a: Iris-Ash-Lance|65\/100 psn|[from] psn\n|upkeep\n|turn|18\n|\n|t:|1699878576\n|move|p1a: Iris-Ash-Lance|Earthquake|p2a: Glimmora\n|-supereffective|p2a: Glimmora\n|-damage|p2a: Glimmora|0 fnt\n|-activate|p2a: Glimmora|ability: Toxic Debris\n|-sidestart|p1: trialteam98|move: Toxic Spikes\n|faint|p2a: Glimmora\n|\n|win|trialteam98\n|raw|trialteam98's rating: 1224 &rarr; <strong>1251<\/strong><br \/>(+27 for winning)\n|raw|AMT StallMaster's rating: 1249 &rarr; <strong>1222<\/strong><br \/>(-27 for losing)\n|l|\u2606AMT StallMaster\n","uploadtime":1699878580,"views":6,"p1id":"trialteam98","p2id":"amtstallmaster","formatid":"gen9ou","rating":1222,"private":0,"password":""}