{"id":"gen9ou-1988705175","p1":"vsalzar","p2":"Granny Pie","format":"[Gen 9] OU","log":"|j|\u2606vsalzar\n|j|\u2606Granny Pie\n|t:|1699752865\n|gametype|singles\n|player|p1|vsalzar|dancer|1262\n|player|p2|Granny Pie|medium|1335\n|teamsize|p1|6\n|teamsize|p2|6\n|gen|9\n|tier|[Gen 9] OU\n|rated|\n|rule|Sleep Clause Mod: Limit one foe put to sleep\n|rule|Species Clause: Limit one of each Pok\u00e9mon\n|rule|OHKO Clause: OHKO moves are banned\n|rule|Evasion Items Clause: Evasion items are banned\n|rule|Evasion Moves Clause: Evasion moves are banned\n|rule|Endless Battle Clause: Forcing endless battles is banned\n|rule|HP Percentage Mod: HP is shown in percentages\n|clearpoke\n|poke|p1|Skeledirge, M|\n|poke|p1|Clodsire, M|\n|poke|p1|Tatsugiri, F|\n|poke|p1|Iron Moth|\n|poke|p1|Staraptor, F|\n|poke|p1|Toxicroak, F|\n|poke|p2|Landorus-Therian, M|\n|poke|p2|Slowking-Galar, F|\n|poke|p2|Enamorus, F|\n|poke|p2|Dragapult, M|\n|poke|p2|Zapdos|\n|poke|p2|Dragonite, F|\n|teampreview\n|inactive|Battle timer is ON: inactive players will automatically lose when time's up. (requested by vsalzar)\n|\n|t:|1699752872\n|start\n|switch|p1a: Tatsugiri|Tatsugiri, F|100\/100\n|switch|p2a: Dragapult|Dragapult, M|100\/100\n|turn|1\n|\n|t:|1699752883\n|switch|p2a: Enamorus|Enamorus, F|100\/100\n|-terastallize|p1a: Tatsugiri|Fairy\n|move|p1a: Tatsugiri|Draco Meteor|p2a: Enamorus\n|-immune|p2a: Enamorus\n|\n|upkeep\n|turn|2\n|c|\u2606Granny Pie|Real\n|\n|t:|1699752899\n|switch|p1a: Iron Moth|Iron Moth|100\/100\n|move|p2a: Enamorus|Mystical Fire|p1a: Iron Moth\n|-resisted|p1a: Iron Moth\n|-damage|p1a: Iron Moth|80\/100\n|-unboost|p1a: Iron Moth|spa|1\n|\n|upkeep\n|turn|3\n|\n|t:|1699752913\n|switch|p2a: Slowking|Slowking-Galar, F|100\/100\n|move|p1a: Iron Moth|Sludge Wave|p2a: Slowking\n|-resisted|p2a: Slowking\n|-damage|p2a: Slowking|81\/100\n|\n|upkeep\n|turn|4\n|\n|t:|1699752918\n|-end|p1a: Iron Moth|Quark Drive|[silent]\n|switch|p1a: Clodsire|Clodsire, M, shiny|100\/100\n|move|p2a: Slowking|Future Sight|p1a: Clodsire\n|-start|p2a: Slowking|move: Future Sight\n|\n|upkeep\n|turn|5\n|\n|t:|1699752929\n|move|p2a: Slowking|Chilly Reception|p2a: Slowking\n|-weather|Snow\n|\n|t:|1699752943\n|switch|p2a: Landorus|Landorus-Therian, M|100\/100|[from] Chilly Reception\n|-ability|p2a: Landorus|Intimidate|boost\n|-unboost|p1a: Clodsire|atk|1\n|move|p1a: Clodsire|Stealth Rock|p2a: Landorus\n|-sidestart|p2: Granny Pie|move: Stealth Rock\n|\n|-weather|Snow|[upkeep]\n|upkeep\n|turn|6\n|\n|t:|1699752950\n|switch|p1a: Tatsugiri|Tatsugiri, F, tera:Fairy|100\/100\n|move|p2a: Landorus|U-turn|p1a: Tatsugiri\n|-resisted|p1a: Tatsugiri\n|-damage|p1a: Tatsugiri|78\/100\n|\n|t:|1699752965\n|switch|p2a: Slowking|Slowking-Galar, F|100\/100|[from] U-turn\n|\n|-weather|Snow|[upkeep]\n|-end|p1a: Tatsugiri|move: Future Sight\n|-damage|p1a: Tatsugiri|23\/100\n|upkeep\n|turn|7\n|\n|t:|1699752981\n|move|p1a: Tatsugiri|Draco Meteor|p2a: Slowking\n|-damage|p2a: Slowking|49\/100\n|-unboost|p1a: Tatsugiri|spa|2\n|move|p2a: Slowking|Future Sight|p1a: Tatsugiri\n|-start|p2a: Slowking|move: Future Sight\n|\n|-weather|Snow|[upkeep]\n|upkeep\n|turn|8\n|\n|t:|1699752991\n|move|p1a: Tatsugiri|Draco Meteor|p2a: Slowking\n|-damage|p2a: Slowking|24\/100\n|-unboost|p1a: Tatsugiri|spa|2\n|move|p2a: Slowking|Sludge Bomb|p1a: Tatsugiri\n|-supereffective|p1a: Tatsugiri\n|-damage|p1a: Tatsugiri|0 fnt\n|faint|p1a: Tatsugiri\n|\n|-weather|Snow|[upkeep]\n|upkeep\n|\n|t:|1699753004\n|switch|p1a: Staraptor|Staraptor, F, shiny|100\/100\n|turn|9\n|\n|t:|1699753008\n|switch|p2a: Landorus|Landorus-Therian, M|100\/100\n|-damage|p2a: Landorus|88\/100|[from] Stealth Rock\n|-ability|p2a: Landorus|Intimidate|boost\n|-unboost|p1a: Staraptor|atk|1\n|move|p1a: Staraptor|Brave Bird|p2a: Landorus\n|-damage|p2a: Landorus|30\/100\n|-damage|p1a: Staraptor|81\/100|[from] Recoil\n|\n|-weather|none\n|-end|p1a: Staraptor|move: Future Sight\n|-damage|p1a: Staraptor|6\/100\n|upkeep\n|turn|10\n|\n|t:|1699753023\n|switch|p1a: Skeledirge|Skeledirge, M|100\/100\n|move|p2a: Landorus|U-turn|p1a: Skeledirge\n|-resisted|p1a: Skeledirge\n|-damage|p1a: Skeledirge|96\/100\n|\n|t:|1699753040\n|switch|p2a: Slowking|Slowking-Galar, F|58\/100|[from] U-turn\n|\n|-heal|p1a: Skeledirge|100\/100|[from] item: Leftovers\n|upkeep\n|turn|11\n|\n|t:|1699753044\n|move|p1a: Skeledirge|Will-O-Wisp|p2a: Slowking\n|-status|p2a: Slowking|brn\n|move|p2a: Slowking|Future Sight|p1a: Skeledirge\n|-start|p2a: Slowking|move: Future Sight\n|\n|-damage|p2a: Slowking|52\/100 brn|[from] brn\n|upkeep\n|turn|12\n|\n|t:|1699753058\n|switch|p2a: Enamorus|Enamorus, F|100\/100\n|-damage|p2a: Enamorus|76\/100|[from] Stealth Rock\n|move|p1a: Skeledirge|Torch Song|p2a: Enamorus\n|-damage|p2a: Enamorus|33\/100\n|-boost|p1a: Skeledirge|spa|1\n|\n|upkeep\n|turn|13\n|\n|t:|1699753071\n|move|p2a: Enamorus|Earth Power|p1a: Skeledirge\n|-supereffective|p1a: Skeledirge\n|-damage|p1a: Skeledirge|0 fnt\n|faint|p1a: Skeledirge\n|\n|-hint|Future Sight did not hit because the target is fainted.\n|upkeep\n|\n|t:|1699753077\n|switch|p1a: Toxicroak|Toxicroak, F|100\/100\n|turn|14\n|\n|t:|1699753080\n|move|p1a: Toxicroak|Bullet Punch|p2a: Enamorus\n|-supereffective|p2a: Enamorus\n|-damage|p2a: Enamorus|0 fnt\n|faint|p2a: Enamorus\n|\n|upkeep\n|\n|t:|1699753085\n|switch|p2a: Landorus|Landorus-Therian, M|30\/100\n|-damage|p2a: Landorus|18\/100|[from] Stealth Rock\n|-ability|p2a: Landorus|Intimidate|boost\n|-unboost|p1a: Toxicroak|atk|1\n|turn|15\n|\n|t:|1699753094\n|move|p2a: Landorus|U-turn|p1a: Toxicroak\n|-resisted|p1a: Toxicroak\n|-damage|p1a: Toxicroak|91\/100\n|\n|t:|1699753098\n|switch|p2a: Slowking|Slowking-Galar, F|85\/100 brn|[from] U-turn\n|move|p1a: Toxicroak|Drain Punch|p2a: Slowking\n|-resisted|p2a: Slowking\n|-damage|p2a: Slowking|81\/100 brn\n|-heal|p1a: Toxicroak|93\/100|[from] drain|[of] p2a: Slowking\n|\n|-damage|p2a: Slowking|75\/100 brn|[from] brn\n|upkeep\n|turn|16\n|\n|t:|1699753125\n|switch|p1a: Iron Moth|Iron Moth|80\/100\n|move|p2a: Slowking|Future Sight|p1a: Iron Moth\n|-start|p2a: Slowking|move: Future Sight\n|\n|-damage|p2a: Slowking|69\/100 brn|[from] brn\n|upkeep\n|turn|17\n|\n|t:|1699753150\n|move|p1a: Iron Moth|Fiery Dance|p2a: Slowking\n|-damage|p2a: Slowking|14\/100 brn\n|move|p2a: Slowking|Thunder Wave|p1a: Iron Moth\n|-status|p1a: Iron Moth|par\n|\n|-damage|p2a: Slowking|8\/100 brn|[from] brn\n|upkeep\n|turn|18\n|\n|t:|1699753161\n|switch|p2a: Landorus|Landorus-Therian, M|18\/100\n|-damage|p2a: Landorus|6\/100|[from] Stealth Rock\n|-ability|p2a: Landorus|Intimidate|boost\n|-unboost|p1a: Iron Moth|atk|1\n|move|p1a: Iron Moth|Fiery Dance|p2a: Landorus\n|-crit|p2a: Landorus\n|-damage|p2a: Landorus|0 fnt\n|-boost|p1a: Iron Moth|spa|1\n|faint|p2a: Landorus\n|\n|-end|p1a: Iron Moth|move: Future Sight\n|-supereffective|p1a: Iron Moth\n|-damage|p1a: Iron Moth|0 fnt\n|faint|p1a: Iron Moth\n|-end|p1a: Iron Moth|Quark Drive|[silent]\n|upkeep\n|\n|t:|1699753175\n|switch|p1a: Staraptor|Staraptor, F, shiny|6\/100\n|switch|p2a: Slowking|Slowking-Galar, F|42\/100 brn\n|turn|19\n|\n|t:|1699753188\n|switch|p2a: Zapdos|Zapdos|100\/100\n|move|p1a: Staraptor|Brave Bird|p2a: Zapdos\n|-resisted|p2a: Zapdos\n|-damage|p2a: Zapdos|51\/100\n|-damage|p1a: Staraptor|0 fnt|[from] Recoil\n|faint|p1a: Staraptor\n|\n|upkeep\n|\n|t:|1699753195\n|switch|p1a: Clodsire|Clodsire, M, shiny|100\/100\n|turn|20\n|\n|t:|1699753205\n|move|p2a: Zapdos|Roost|p2a: Zapdos\n|-heal|p2a: Zapdos|100\/100\n|-singleturn|p2a: Zapdos|move: Roost\n|move|p1a: Clodsire|Toxic|p2a: Zapdos\n|-status|p2a: Zapdos|tox\n|\n|-damage|p2a: Zapdos|94\/100 tox|[from] psn\n|upkeep\n|turn|21\n|\n|t:|1699753212\n|switch|p2a: Slowking|Slowking-Galar, F|75\/100 brn\n|move|p1a: Clodsire|Earthquake|p2a: Slowking\n|-supereffective|p2a: Slowking\n|-damage|p2a: Slowking|33\/100 brn\n|\n|-damage|p2a: Slowking|27\/100 brn|[from] brn\n|upkeep\n|turn|22\n|\n|t:|1699753216\n|move|p2a: Slowking|Future Sight|p1a: Clodsire\n|-start|p2a: Slowking|move: Future Sight\n|move|p1a: Clodsire|Earthquake|p2a: Slowking\n|-supereffective|p2a: Slowking\n|-damage|p2a: Slowking|0 fnt\n|faint|p2a: Slowking\n|\n|upkeep\n|\n|t:|1699753218\n|switch|p2a: Dragapult|Dragapult, M|100\/100\n|-damage|p2a: Dragapult|88\/100|[from] Stealth Rock\n|turn|23\n|\n|t:|1699753220\n|move|p2a: Dragapult|Substitute|p2a: Dragapult\n|-start|p2a: Dragapult|Substitute\n|-damage|p2a: Dragapult|63\/100\n|move|p1a: Clodsire|Toxic||[still]\n|-fail|p1a: Clodsire\n|\n|-heal|p2a: Dragapult|69\/100|[from] item: Leftovers\n|upkeep\n|turn|24\n|\n|t:|1699753230\n|move|p2a: Dragapult|Dragon Darts|p1a: Clodsire\n|-damage|p1a: Clodsire|75\/100\n|-anim|p2a: Dragapult|Dragon Darts|p1a: Clodsire\n|-damage|p1a: Clodsire|47\/100\n|move|p1a: Clodsire|Earthquake|p2a: Dragapult\n|-crit|p2a: Dragapult\n|-end|p2a: Dragapult|Substitute\n|\n|-end|p1a: Clodsire|move: Future Sight\n|-supereffective|p1a: Clodsire\n|-damage|p1a: Clodsire|0 fnt\n|faint|p1a: Clodsire\n|-heal|p2a: Dragapult|75\/100|[from] item: Leftovers\n|upkeep\n|\n|t:|1699753244\n|switch|p1a: Toxicroak|Toxicroak, F|93\/100\n|turn|25\n|\n|t:|1699753249\n|-terastallize|p2a: Dragapult|Dragon\n|move|p2a: Dragapult|Dragon Darts|p1a: Toxicroak\n|-damage|p1a: Toxicroak|40\/100\n|-anim|p2a: Dragapult|Dragon Darts|p1a: Toxicroak\n|-damage|p1a: Toxicroak|0 fnt\n|faint|p1a: Toxicroak\n|\n|win|Granny Pie\n|raw|vsalzar's rating: 1262 &rarr; <strong>1242<\/strong><br \/>(-20 for losing)\n|raw|Granny Pie's rating: 1335 &rarr; <strong>1351<\/strong><br \/>(+16 for winning)\n|l|\u2606vsalzar\n","uploadtime":1699753255,"views":8,"p1id":"vsalzar","p2id":"grannypie","formatid":"gen9ou","rating":1242,"private":0,"password":""}