{"id":"gen9ou-1993337063","p1":"ChosenLotion","p2":"teacherba'sfan","format":"[Gen 9] OU","log":"|j|\u2606ChosenLotion\n|j|\u2606teacherba'sfan\n|t:|1700301105\n|gametype|singles\n|player|p1|ChosenLotion|1|1203\n|player|p2|teacherba'sfan|266|1192\n|teamsize|p1|6\n|teamsize|p2|6\n|gen|9\n|tier|[Gen 9] OU\n|rated|\n|rule|Sleep Clause Mod: Limit one foe put to sleep\n|rule|Species Clause: Limit one of each Pok\u00e9mon\n|rule|OHKO Clause: OHKO moves are banned\n|rule|Evasion Items Clause: Evasion items are banned\n|rule|Evasion Moves Clause: Evasion moves are banned\n|rule|Endless Battle Clause: Forcing endless battles is banned\n|rule|HP Percentage Mod: HP is shown in percentages\n|clearpoke\n|poke|p1|Ceruledge, F|\n|poke|p1|Torkoal, F|\n|poke|p1|Walking Wake|\n|poke|p1|Great Tusk|\n|poke|p1|Clodsire, F|\n|poke|p1|Dragonite, F|\n|poke|p2|Espeon, F|\n|poke|p2|Magnezone|\n|poke|p2|Milotic, F|\n|poke|p2|Infernape, F|\n|poke|p2|Gengar, F|\n|poke|p2|Dragonite, M|\n|teampreview\n|inactive|Battle timer is ON: inactive players will automatically lose when time's up. (requested by ChosenLotion)\n|\n|t:|1700301127\n|start\n|switch|p1a: Ceruledge|Ceruledge, F, shiny|100\/100\n|switch|p2a: Espeon|Espeon, F|100\/100\n|turn|1\n|\n|t:|1700301136\n|move|p1a: Ceruledge|Shadow Sneak|p2a: Espeon\n|-supereffective|p2a: Espeon\n|-damage|p2a: Espeon|23\/100\n|move|p2a: Espeon|Trick|p1a: Ceruledge\n|-activate|p2a: Espeon|move: Trick|[of] p1a: Ceruledge\n|-item|p1a: Ceruledge|Choice Scarf|[from] move: Trick\n|-item|p2a: Espeon|Focus Sash|[from] move: Trick\n|\n|upkeep\n|turn|2\n|\n|t:|1700301147\n|switch|p2a: Milotic|Milotic, F|100\/100\n|move|p1a: Ceruledge|Shadow Sneak|p2a: Milotic\n|-damage|p2a: Milotic|77\/100\n|\n|-heal|p2a: Milotic|83\/100|[from] item: Leftovers\n|upkeep\n|turn|3\n|\n|t:|1700301158\n|switch|p1a: Clodsire|Clodsire, F|100\/100\n|move|p2a: Milotic|Surf|p1a: Clodsire\n|-immune|p1a: Clodsire|[from] ability: Water Absorb\n|\n|-heal|p2a: Milotic|89\/100|[from] item: Leftovers\n|upkeep\n|turn|4\n|\n|t:|1700301167\n|switch|p2a: Espeon|Espeon, F|23\/100\n|move|p1a: Clodsire|Toxic|p2a: Espeon\n|move|p2a: Espeon|Toxic|p1a: Clodsire|[from]ability: Magic Bounce\n|-immune|p1a: Clodsire\n|\n|upkeep\n|turn|5\n|\n|t:|1700301185\n|move|p2a: Espeon|Shadow Ball|p1a: Clodsire\n|-damage|p1a: Clodsire|84\/100\n|-unboost|p1a: Clodsire|spd|1\n|move|p1a: Clodsire|Earthquake|p2a: Espeon\n|-damage|p2a: Espeon|0 fnt\n|faint|p2a: Espeon\n|\n|-heal|p1a: Clodsire|90\/100|[from] item: Leftovers\n|upkeep\n|\n|t:|1700301195\n|switch|p2a: Magnezone|Magnezone|100\/100\n|turn|6\n|\n|t:|1700301200\n|-terastallize|p2a: Magnezone|Fairy\n|move|p2a: Magnezone|Flash Cannon|p1a: Clodsire\n|-damage|p1a: Clodsire|55\/100\n|move|p1a: Clodsire|Earthquake|p2a: Magnezone\n|-damage|p2a: Magnezone|75\/100\n|\n|-heal|p1a: Clodsire|61\/100|[from] item: Leftovers\n|upkeep\n|turn|7\n|\n|t:|1700301211\n|move|p2a: Magnezone|Tera Blast|p1a: Clodsire|[anim] Tera Blast Fairy\n|-resisted|p1a: Clodsire\n|-damage|p1a: Clodsire|44\/100\n|move|p1a: Clodsire|Recover|p1a: Clodsire\n|-heal|p1a: Clodsire|94\/100\n|\n|-heal|p1a: Clodsire|99\/100|[from] item: Leftovers\n|upkeep\n|turn|8\n|\n|t:|1700301221\n|switch|p2a: Dragonite|Dragonite, M|100\/100\n|move|p1a: Clodsire|Toxic|p2a: Dragonite\n|-status|p2a: Dragonite|tox\n|\n|-heal|p1a: Clodsire|100\/100|[from] item: Leftovers\n|-damage|p2a: Dragonite|94\/100 tox|[from] psn\n|upkeep\n|turn|9\n|\n|t:|1700301235\n|switch|p1a: Ceruledge|Ceruledge, F, shiny|100\/100\n|move|p2a: Dragonite|Dragon Dance|p2a: Dragonite\n|-boost|p2a: Dragonite|atk|1\n|-boost|p2a: Dragonite|spe|1\n|\n|-damage|p2a: Dragonite|82\/100 tox|[from] psn\n|upkeep\n|turn|10\n|\n|t:|1700301246\n|move|p1a: Ceruledge|Bitter Blade|p2a: Dragonite\n|-resisted|p2a: Dragonite\n|-damage|p2a: Dragonite|56\/100 tox\n|move|p2a: Dragonite|Outrage|p1a: Ceruledge\n|-damage|p1a: Ceruledge|0 fnt\n|faint|p1a: Ceruledge\n|\n|-damage|p2a: Dragonite|37\/100 tox|[from] psn\n|upkeep\n|\n|t:|1700301263\n|switch|p1a: Torkoal|Torkoal, F, shiny|100\/100\n|-weather|SunnyDay|[from] ability: Drought|[of] p1a: Torkoal\n|turn|11\n|\n|t:|1700301277\n|move|p2a: Dragonite|Outrage|p1a: Torkoal|[from]lockedmove\n|-damage|p1a: Torkoal|38\/100\n|move|p1a: Torkoal|Stealth Rock|p2a: Dragonite\n|-sidestart|p2: teacherba'sfan|move: Stealth Rock\n|\n|-weather|SunnyDay|[upkeep]\n|-damage|p2a: Dragonite|12\/100 tox|[from] psn\n|upkeep\n|turn|12\n|\n|t:|1700301294\n|switch|p1a: Clodsire|Clodsire, F|100\/100\n|move|p2a: Dragonite|Outrage|p1a: Clodsire|[from]lockedmove\n|-damage|p1a: Clodsire|0 fnt\n|faint|p1a: Clodsire\n|-start|p2a: Dragonite|confusion|[fatigue]\n|\n|-weather|SunnyDay|[upkeep]\n|-damage|p2a: Dragonite|0 fnt|[from] psn\n|faint|p2a: Dragonite\n|upkeep\n|\n|t:|1700301307\n|switch|p2a: Infernape|Infernape, F|100\/100\n|switch|p1a: Walking Wake|Walking Wake|100\/100\n|-activate|p1a: Walking Wake|ability: Protosynthesis\n|-start|p1a: Walking Wake|protosynthesisspe\n|turn|13\n|\n|t:|1700301321\n|move|p2a: Infernape|Mach Punch|p1a: Walking Wake\n|-damage|p1a: Walking Wake|77\/100\n|move|p1a: Walking Wake|Hydro Steam|p2a: Infernape\n|-supereffective|p2a: Infernape\n|-damage|p2a: Infernape|0 fnt\n|faint|p2a: Infernape\n|\n|-weather|SunnyDay|[upkeep]\n|upkeep\n|\n|t:|1700301328\n|switch|p2a: Gengar|Gengar, F|100\/100\n|-damage|p2a: Gengar|88\/100|[from] Stealth Rock\n|turn|14\n|\n|t:|1700301338\n|-end|p1a: Walking Wake|Protosynthesis|[silent]\n|switch|p1a: Torkoal|Torkoal, F, shiny|38\/100\n|move|p2a: Gengar|Destiny Bond|p2a: Gengar\n|-singlemove|p2a: Gengar|Destiny Bond\n|\n|-weather|SunnyDay|[upkeep]\n|upkeep\n|turn|15\n|\n|t:|1700301350\n|move|p2a: Gengar|Shadow Ball|p1a: Torkoal\n|-damage|p1a: Torkoal|0 fnt\n|faint|p1a: Torkoal\n|\n|-weather|SunnyDay|[upkeep]\n|upkeep\n|\n|t:|1700301361\n|switch|p1a: Great Tusk|Great Tusk|100\/100\n|-activate|p1a: Great Tusk|ability: Protosynthesis\n|-start|p1a: Great Tusk|protosynthesisatk\n|turn|16\n|\n|t:|1700301368\n|move|p2a: Gengar|Destiny Bond|p2a: Gengar\n|-singlemove|p2a: Gengar|Destiny Bond\n|move|p1a: Great Tusk|Knock Off|p2a: Gengar\n|-supereffective|p2a: Gengar\n|-damage|p2a: Gengar|0 fnt\n|-start|p1a: Great Tusk|Disable|Knock Off|[from] ability: Cursed Body|[of] p2a: Gengar\n|-enditem|p2a: Gengar|Focus Sash|[from] move: Knock Off|[of] p1a: Great Tusk\n|faint|p2a: Gengar\n|-activate|p2a: Gengar|move: Destiny Bond\n|faint|p1a: Great Tusk\n|-end|p1a: Great Tusk|Protosynthesis|[silent]\n|\n|-weather|SunnyDay|[upkeep]\n|upkeep\n|\n|t:|1700301383\n|switch|p2a: Milotic|Milotic, F|89\/100\n|switch|p1a: Walking Wake|Walking Wake|77\/100\n|-activate|p1a: Walking Wake|ability: Protosynthesis\n|-start|p1a: Walking Wake|protosynthesisspe\n|-damage|p2a: Milotic|77\/100|[from] Stealth Rock\n|turn|17\n|\n|t:|1700301396\n|move|p1a: Walking Wake|Draco Meteor|p2a: Milotic\n|-damage|p2a: Milotic|20\/100\n|-unboost|p1a: Walking Wake|spa|2\n|move|p2a: Milotic|Recover|p2a: Milotic\n|-heal|p2a: Milotic|70\/100\n|\n|-weather|SunnyDay|[upkeep]\n|-heal|p2a: Milotic|76\/100|[from] item: Leftovers\n|upkeep\n|turn|18\n|\n|t:|1700301408\n|-end|p1a: Walking Wake|Protosynthesis|[silent]\n|switch|p1a: Dragonite|Dragonite, F, shiny|100\/100\n|move|p2a: Milotic|Recover|p2a: Milotic\n|-heal|p2a: Milotic|100\/100\n|\n|-weather|none\n|upkeep\n|turn|19\n|\n|t:|1700301415\n|move|p1a: Dragonite|Dragon Dance|p1a: Dragonite\n|-boost|p1a: Dragonite|atk|1\n|-boost|p1a: Dragonite|spe|1\n|move|p2a: Milotic|Ice Beam|p1a: Dragonite\n|-supereffective|p1a: Dragonite\n|-damage|p1a: Dragonite|60\/100\n|\n|upkeep\n|turn|20\n|\n|t:|1700301428\n|move|p1a: Dragonite|Roost|p1a: Dragonite\n|-heal|p1a: Dragonite|100\/100\n|-singleturn|p1a: Dragonite|move: Roost\n|move|p2a: Milotic|Ice Beam|p1a: Dragonite\n|-supereffective|p1a: Dragonite\n|-damage|p1a: Dragonite|81\/100\n|-status|p1a: Dragonite|frz\n|\n|upkeep\n|turn|21\n|\n|t:|1700301440\n|-curestatus|p1a: Dragonite|frz|[msg]\n|move|p1a: Dragonite|Roost|p1a: Dragonite\n|-heal|p1a: Dragonite|100\/100\n|-singleturn|p1a: Dragonite|move: Roost\n|move|p2a: Milotic|Ice Beam|p1a: Dragonite\n|-supereffective|p1a: Dragonite\n|-damage|p1a: Dragonite|80\/100\n|\n|upkeep\n|turn|22\n|\n|t:|1700301451\n|move|p1a: Dragonite|Extreme Speed|p2a: Milotic\n|-damage|p2a: Milotic|55\/100\n|move|p2a: Milotic|Haze|p2a: Milotic\n|-clearallboost\n|\n|-heal|p2a: Milotic|61\/100|[from] item: Leftovers\n|upkeep\n|turn|23\n|\n|t:|1700301467\n|move|p1a: Dragonite|Extreme Speed|p2a: Milotic\n|-damage|p2a: Milotic|28\/100\n|move|p2a: Milotic|Ice Beam|p1a: Dragonite\n|-supereffective|p1a: Dragonite\n|-damage|p1a: Dragonite|0 fnt\n|faint|p1a: Dragonite\n|\n|-heal|p2a: Milotic|35\/100|[from] item: Leftovers\n|upkeep\n|\n|t:|1700301477\n|switch|p1a: Walking Wake|Walking Wake|77\/100\n|turn|24\n|\n|t:|1700301487\n|-terastallize|p1a: Walking Wake|Fire\n|move|p1a: Walking Wake|Hydro Steam|p2a: Milotic\n|-resisted|p2a: Milotic\n|-damage|p2a: Milotic|19\/100\n|move|p2a: Milotic|Recover|p2a: Milotic\n|-heal|p2a: Milotic|69\/100\n|\n|-heal|p2a: Milotic|75\/100|[from] item: Leftovers\n|upkeep\n|turn|25\n|\n|t:|1700301498\n|move|p1a: Walking Wake|Hydro Steam|p2a: Milotic\n|-resisted|p2a: Milotic\n|-damage|p2a: Milotic|59\/100\n|move|p2a: Milotic|Surf|p1a: Walking Wake\n|-supereffective|p1a: Walking Wake\n|-damage|p1a: Walking Wake|11\/100\n|\n|-heal|p2a: Milotic|65\/100|[from] item: Leftovers\n|upkeep\n|turn|26\n|\n|t:|1700301507\n|move|p1a: Walking Wake|Hydro Steam|p2a: Milotic\n|-resisted|p2a: Milotic\n|-damage|p2a: Milotic|47\/100\n|move|p2a: Milotic|Surf|p1a: Walking Wake\n|-supereffective|p1a: Walking Wake\n|-damage|p1a: Walking Wake|0 fnt\n|faint|p1a: Walking Wake\n|-end|p1a: Walking Wake|Protosynthesis|[silent]\n|\n|win|teacherba'sfan\n|raw|ChosenLotion's rating: 1203 &rarr; <strong>1177<\/strong><br \/>(-26 for losing)\n|raw|teacherba&apos;sfan's rating: 1192 &rarr; <strong>1218<\/strong><br \/>(+26 for winning)\n|c|\u2606ChosenLotion|GG\n|l|\u2606ChosenLotion\n","uploadtime":1700301520,"views":14,"p1id":"chosenlotion","p2id":"teacherbasfan","formatid":"gen9ou","rating":1177,"private":0,"password":""}