{"id":"gen9ou-1989224213","p1":"Randomfire50","p2":"FIREER","format":"[Gen 9] OU","log":"|j|\u2606Randomfire50\n|j|\u2606FIREER\n|t:|1699825230\n|gametype|singles\n|player|p1|Randomfire50|marlon|1236\n|player|p2|FIREER|roughneck-gen4|1203\n|teamsize|p1|6\n|teamsize|p2|6\n|gen|9\n|tier|[Gen 9] OU\n|rated|\n|rule|Sleep Clause Mod: Limit one foe put to sleep\n|rule|Species Clause: Limit one of each Pok\u00e9mon\n|rule|OHKO Clause: OHKO moves are banned\n|rule|Evasion Items Clause: Evasion items are banned\n|rule|Evasion Moves Clause: Evasion moves are banned\n|rule|Endless Battle Clause: Forcing endless battles is banned\n|rule|HP Percentage Mod: HP is shown in percentages\n|clearpoke\n|poke|p1|Quaquaval, M|\n|poke|p1|Donphan, F|\n|poke|p1|Zapdos|\n|poke|p1|Gholdengo|\n|poke|p1|Samurott-Hisui, F|\n|poke|p1|Clefable, F|\n|poke|p2|Iron Moth|\n|poke|p2|Amoonguss, F|\n|poke|p2|Kommo-o, M|\n|poke|p2|Kingambit, M|\n|poke|p2|Azumarill, M|\n|poke|p2|Thundurus-Therian, M|\n|teampreview\n|inactive|Battle timer is ON: inactive players will automatically lose when time's up. (requested by FIREER)\n|\n|t:|1699825241\n|start\n|switch|p1a: Zapdos|Zapdos|100\/100\n|switch|p2a: Zeus|Thundurus-Therian, M|100\/100\n|turn|1\n|\n|t:|1699825251\n|switch|p1a: Clefable|Clefable, F|100\/100\n|move|p2a: Zeus|Thunderbolt|p1a: Clefable\n|-damage|p1a: Clefable|50\/100\n|\n|-heal|p1a: Clefable|56\/100|[from] item: Leftovers\n|upkeep\n|turn|2\n|\n|t:|1699825267\n|switch|p2a: Torrent|Azumarill, M, shiny|100\/100\n|move|p1a: Clefable|Wish|p1a: Clefable\n|\n|-heal|p1a: Clefable|62\/100|[from] item: Leftovers\n|upkeep\n|turn|3\n|\n|t:|1699825295\n|move|p2a: Torrent|Belly Drum|p2a: Torrent\n|-damage|p2a: Torrent|50\/100\n|-setboost|p2a: Torrent|atk|6|[from] move: Belly Drum\n|-enditem|p2a: Torrent|Sitrus Berry|[eat]\n|-heal|p2a: Torrent|75\/100|[from] item: Sitrus Berry\n|move|p1a: Clefable|Encore|p2a: Torrent\n|-start|p2a: Torrent|Encore\n|\n|-heal|p1a: Clefable|100\/100|[from] move: Wish|[wisher] Clefable\n|upkeep\n|turn|4\n|\n|t:|1699825306\n|switch|p1a: Zapdos|Zapdos|100\/100\n|move|p2a: Torrent|Belly Drum||[still]\n|-fail|p2a: Torrent\n|\n|upkeep\n|turn|5\n|\n|t:|1699825330\n|switch|p2a: Zeus|Thundurus-Therian, M|100\/100\n|move|p1a: Zapdos|Volt Switch|p2a: Zeus\n|-immune|p2a: Zeus|[from] ability: Volt Absorb\n|\n|upkeep\n|turn|6\n|\n|t:|1699825338\n|move|p2a: Zeus|Grass Knot|p1a: Zapdos\n|-resisted|p1a: Zapdos\n|-damage|p1a: Zapdos|74\/100\n|move|p1a: Zapdos|Heat Wave|p2a: Zeus\n|-damage|p2a: Zeus|59\/100\n|\n|upkeep\n|turn|7\n|\n|t:|1699825345\n|switch|p2a: Gusgus|Amoonguss, F, shiny|100\/100\n|move|p1a: Zapdos|Roost|p1a: Zapdos\n|-heal|p1a: Zapdos|100\/100\n|-singleturn|p1a: Zapdos|move: Roost\n|\n|upkeep\n|turn|8\n|\n|t:|1699825348\n|switch|p1a: Gholdengo|Gholdengo|100\/100\n|-item|p1a: Gholdengo|Air Balloon\n|move|p2a: Gusgus|Spore|p1a: Gholdengo\n|-immune|p1a: Gholdengo|[from] ability: Good as Gold\n|\n|upkeep\n|turn|9\n|inactive|FIREER has 120 seconds left.\n|\n|t:|1699825378\n|switch|p2a: Torrent|Azumarill, M, shiny|75\/100\n|move|p1a: Gholdengo|Nasty Plot|p1a: Gholdengo\n|-boost|p1a: Gholdengo|spa|2\n|\n|upkeep\n|turn|10\n|inactive|FIREER has 120 seconds left.\n|inactive|Randomfire50 has 120 seconds left.\n|inactive|Randomfire50 has 90 seconds left.\n|inactive|Randomfire50 has 60 seconds left.\n|\n|t:|1699825474\n|move|p2a: Torrent|Belly Drum|p2a: Torrent\n|-damage|p2a: Torrent|25\/100\n|-setboost|p2a: Torrent|atk|6|[from] move: Belly Drum\n|move|p1a: Gholdengo|Thunder Wave|p2a: Torrent\n|-status|p2a: Torrent|par\n|\n|upkeep\n|turn|11\n|inactive|Randomfire50 has 60 seconds left.\n|\n|t:|1699825481\n|move|p2a: Torrent|Aqua Jet|p1a: Gholdengo\n|-damage|p1a: Gholdengo|40\/100\n|-enditem|p1a: Gholdengo|Air Balloon\n|move|p1a: Gholdengo|Hex|p2a: Torrent\n|-damage|p2a: Torrent|0 fnt\n|faint|p2a: Torrent\n|\n|upkeep\n|\n|t:|1699825489\n|switch|p2a: Symbolism|Iron Moth|100\/100\n|-enditem|p2a: Symbolism|Booster Energy\n|-activate|p2a: Symbolism|ability: Quark Drive|[fromitem]\n|-start|p2a: Symbolism|quarkdrivespe\n|turn|12\n|inactive|Randomfire50 has 60 seconds left.\n|\n|t:|1699825506\n|move|p2a: Symbolism|Fiery Dance|p1a: Gholdengo\n|-supereffective|p1a: Gholdengo\n|-damage|p1a: Gholdengo|0 fnt\n|-boost|p2a: Symbolism|spa|1\n|faint|p1a: Gholdengo\n|\n|upkeep\n|\n|t:|1699825510\n|switch|p1a: Quaquaval|Quaquaval, M|100\/100\n|turn|13\n|\n|t:|1699825515\n|move|p2a: Symbolism|Substitute|p2a: Symbolism\n|-start|p2a: Symbolism|Substitute\n|-damage|p2a: Symbolism|76\/100\n|move|p1a: Quaquaval|Aqua Step|p2a: Symbolism\n|-supereffective|p2a: Symbolism\n|-end|p2a: Symbolism|Substitute\n|-boost|p1a: Quaquaval|spe|1\n|\n|upkeep\n|turn|14\n|\n|t:|1699825542\n|move|p2a: Symbolism|Sludge Wave|p1a: Quaquaval\n|-damage|p1a: Quaquaval|4\/100\n|-status|p1a: Quaquaval|psn\n|move|p1a: Quaquaval|Aqua Step|p2a: Symbolism\n|-supereffective|p2a: Symbolism\n|-damage|p2a: Symbolism|0 fnt\n|-boost|p1a: Quaquaval|spe|1\n|faint|p2a: Symbolism\n|-end|p2a: Symbolism|Quark Drive|[silent]\n|-ability|p1a: Quaquaval|Moxie|boost\n|-boost|p1a: Quaquaval|atk|1\n|\n|-damage|p1a: Quaquaval|0 fnt|[from] psn\n|faint|p1a: Quaquaval\n|upkeep\n|inactive|Randomfire50 has 90 seconds left.\n|\n|t:|1699825553\n|switch|p2a: Overgod|Kingambit, M, shiny|100\/100\n|switch|p1a: Samurott|Samurott-Hisui, F|100\/100\n|-activate|p2a: Overgod|ability: Supreme Overlord\n|-start|p2a: Overgod|fallen2|[silent]\n|turn|15\n|\n|t:|1699825558\n|move|p1a: Samurott|Knock Off|p2a: Overgod\n|-resisted|p2a: Overgod\n|-damage|p2a: Overgod|80\/100\n|-enditem|p2a: Overgod|Black Glasses|[from] move: Knock Off|[of] p1a: Samurott\n|move|p2a: Overgod|Swords Dance|p2a: Overgod\n|-boost|p2a: Overgod|atk|2\n|\n|upkeep\n|turn|16\n|\n|t:|1699825576\n|move|p1a: Samurott|Ceaseless Edge|p2a: Overgod\n|-resisted|p2a: Overgod\n|-damage|p2a: Overgod|60\/100\n|-sidestart|p2: FIREER|Spikes\n|move|p2a: Overgod|Iron Head|p1a: Samurott\n|-resisted|p1a: Samurott\n|-damage|p1a: Samurott|26\/100\n|\n|upkeep\n|turn|17\n|\n|t:|1699825595\n|move|p1a: Samurott|Ceaseless Edge|p2a: Overgod\n|-resisted|p2a: Overgod\n|-damage|p2a: Overgod|42\/100\n|-sidestart|p2: FIREER|Spikes\n|move|p2a: Overgod|Swords Dance|p2a: Overgod\n|-boost|p2a: Overgod|atk|2\n|\n|upkeep\n|turn|18\n|\n|t:|1699825602\n|move|p1a: Samurott|Ceaseless Edge|p2a: Overgod\n|-resisted|p2a: Overgod\n|-damage|p2a: Overgod|24\/100\n|-sidestart|p2: FIREER|Spikes\n|move|p2a: Overgod|Swords Dance|p2a: Overgod\n|-boost|p2a: Overgod|atk|2\n|\n|upkeep\n|turn|19\n|\n|t:|1699825607\n|move|p1a: Samurott|Aqua Jet|p2a: Overgod\n|-damage|p2a: Overgod|9\/100\n|move|p2a: Overgod|Sucker Punch||[still]\n|-fail|p2a: Overgod\n|\n|upkeep\n|turn|20\n|\n|t:|1699825620\n|move|p1a: Samurott|Aqua Jet|p2a: Overgod\n|-damage|p2a: Overgod|0 fnt\n|faint|p2a: Overgod\n|-end|p2a: Overgod|fallen2|[silent]\n|\n|upkeep\n|\n|t:|1699825623\n|switch|p2a: Zeus|Thundurus-Therian, M|59\/100\n|turn|21\n|\n|t:|1699825633\n|move|p1a: Samurott|Aqua Jet|p2a: Zeus\n|-damage|p2a: Zeus|31\/100\n|move|p2a: Zeus|Thunderbolt|p1a: Samurott\n|-supereffective|p1a: Samurott\n|-damage|p1a: Samurott|0 fnt\n|faint|p1a: Samurott\n|\n|upkeep\n|\n|t:|1699825641\n|switch|p1a: Zapdos|Zapdos|100\/100\n|turn|22\n|\n|t:|1699825645\n|move|p2a: Zeus|Thunderbolt|p1a: Zapdos\n|-damage|p1a: Zapdos|14\/100\n|move|p1a: Zapdos|Heat Wave|p2a: Zeus|[miss]\n|-miss|p1a: Zapdos|p2a: Zeus\n|\n|upkeep\n|turn|23\n|\n|t:|1699825650\n|move|p2a: Zeus|Thunderbolt|p1a: Zapdos\n|-damage|p1a: Zapdos|0 fnt\n|faint|p1a: Zapdos\n|\n|upkeep\n|\n|t:|1699825651\n|switch|p1a: Clefable|Clefable, F|100\/100\n|turn|24\n|\n|t:|1699825653\n|move|p2a: Zeus|Thunderbolt|p1a: Clefable\n|-damage|p1a: Clefable|52\/100\n|-status|p1a: Clefable|par\n|move|p1a: Clefable|Wish|p1a: Clefable\n|\n|-heal|p1a: Clefable|58\/100 par|[from] item: Leftovers\n|upkeep\n|turn|25\n|\n|t:|1699825657\n|move|p2a: Zeus|Thunderbolt|p1a: Clefable\n|-damage|p1a: Clefable|9\/100 par\n|move|p1a: Clefable|Moonblast|p2a: Zeus\n|-damage|p2a: Zeus|0 fnt\n|faint|p2a: Zeus\n|\n|-heal|p1a: Clefable|59\/100 par|[from] move: Wish|[wisher] Clefable\n|-heal|p1a: Clefable|65\/100 par|[from] item: Leftovers\n|upkeep\n|\n|t:|1699825662\n|switch|p2a: Gusgus|Amoonguss, F, shiny|100\/100\n|-damage|p2a: Gusgus|76\/100|[from] Spikes\n|turn|26\n|\n|t:|1699825667\n|move|p2a: Gusgus|Sludge Bomb|p1a: Clefable\n|-supereffective|p1a: Clefable\n|-damage|p1a: Clefable|28\/100 par\n|move|p1a: Clefable|Wish|p1a: Clefable\n|\n|-heal|p2a: Gusgus|82\/100|[from] item: Black Sludge\n|-heal|p1a: Clefable|34\/100 par|[from] item: Leftovers\n|upkeep\n|turn|27\n|\n|t:|1699825673\n|move|p1a: Clefable|Protect|p1a: Clefable\n|-singleturn|p1a: Clefable|Protect\n|move|p2a: Gusgus|Sludge Bomb|p1a: Clefable\n|-activate|p1a: Clefable|move: Protect\n|\n|-heal|p1a: Clefable|84\/100 par|[from] move: Wish|[wisher] Clefable\n|-heal|p2a: Gusgus|88\/100|[from] item: Black Sludge\n|-heal|p1a: Clefable|90\/100 par|[from] item: Leftovers\n|upkeep\n|turn|28\n|\n|t:|1699825678\n|move|p2a: Gusgus|Sludge Bomb|p1a: Clefable\n|-supereffective|p1a: Clefable\n|-damage|p1a: Clefable|56\/100 par\n|cant|p1a: Clefable|par\n|\n|-heal|p2a: Gusgus|94\/100|[from] item: Black Sludge\n|-heal|p1a: Clefable|62\/100 par|[from] item: Leftovers\n|upkeep\n|turn|29\n|\n|t:|1699825686\n|move|p2a: Gusgus|Sludge Bomb|p1a: Clefable\n|-supereffective|p1a: Clefable\n|-damage|p1a: Clefable|24\/100 par\n|move|p1a: Clefable|Wish|p1a: Clefable\n|\n|-heal|p2a: Gusgus|99\/100|[from] item: Black Sludge\n|-heal|p1a: Clefable|30\/100 par|[from] item: Leftovers\n|upkeep\n|turn|30\n|\n|t:|1699825691\n|move|p1a: Clefable|Protect|p1a: Clefable\n|-singleturn|p1a: Clefable|Protect\n|move|p2a: Gusgus|Sludge Bomb|p1a: Clefable\n|-activate|p1a: Clefable|move: Protect\n|\n|-heal|p1a: Clefable|80\/100 par|[from] move: Wish|[wisher] Clefable\n|-heal|p2a: Gusgus|100\/100|[from] item: Black Sludge\n|-heal|p1a: Clefable|86\/100 par|[from] item: Leftovers\n|upkeep\n|turn|31\n|\n|t:|1699825693\n|move|p2a: Gusgus|Sludge Bomb|p1a: Clefable\n|-supereffective|p1a: Clefable\n|-damage|p1a: Clefable|49\/100 par\n|move|p1a: Clefable|Wish|p1a: Clefable\n|\n|-heal|p1a: Clefable|55\/100 par|[from] item: Leftovers\n|upkeep\n|turn|32\n|\n|t:|1699825703\n|cant|p1a: Clefable|par\n|move|p2a: Gusgus|Sludge Bomb|p1a: Clefable\n|-supereffective|p1a: Clefable\n|-damage|p1a: Clefable|22\/100 par\n|\n|-heal|p1a: Clefable|72\/100 par|[from] move: Wish|[wisher] Clefable\n|-heal|p1a: Clefable|78\/100 par|[from] item: Leftovers\n|upkeep\n|turn|33\n|\n|t:|1699825712\n|move|p2a: Gusgus|Clear Smog|p1a: Clefable\n|-supereffective|p1a: Clefable\n|-damage|p1a: Clefable|57\/100 par\n|-clearboost|p1a: Clefable\n|move|p1a: Clefable|Wish|p1a: Clefable\n|\n|-heal|p1a: Clefable|63\/100 par|[from] item: Leftovers\n|upkeep\n|turn|34\n|\n|t:|1699825722\n|switch|p1a: Donphan|Donphan, F|100\/100\n|move|p2a: Gusgus|Clear Smog|p1a: Donphan\n|-resisted|p1a: Donphan\n|-damage|p1a: Donphan|91\/100\n|-clearboost|p1a: Donphan\n|\n|-heal|p1a: Donphan|100\/100|[from] move: Wish|[wisher] Clefable\n|upkeep\n|turn|35\n|\n|t:|1699825731\n|move|p1a: Donphan|Knock Off|p2a: Gusgus\n|-damage|p2a: Gusgus|76\/100\n|-enditem|p2a: Gusgus|Black Sludge|[from] move: Knock Off|[of] p1a: Donphan\n|move|p2a: Gusgus|Spore|p1a: Donphan\n|-status|p1a: Donphan|slp|[from] move: Spore\n|\n|upkeep\n|turn|36\n|-message|Randomfire50 forfeited.\n|\n|win|FIREER\n|raw|Randomfire50's rating: 1236 &rarr; <strong>1209<\/strong><br \/>(-27 for losing)\n|raw|FIREER's rating: 1203 &rarr; <strong>1230<\/strong><br \/>(+27 for winning)\n|l|\u2606Randomfire50\n","uploadtime":1699825746,"views":21,"p1id":"randomfire50","p2id":"fireer","formatid":"gen9ou","rating":1209,"private":0,"password":""}