{"id":"gen9ou-1993810742","p1":"gregoisback_","p2":"andrevc","format":"[Gen 9] OU","log":"|j|\u2606gregoisback_\n|j|\u2606andrevc\n|t:|1700360121\n|gametype|singles\n|player|p1|gregoisback_|nate|\n|player|p2|andrevc|nurse|\n|teamsize|p1|6\n|teamsize|p2|6\n|gen|9\n|tier|[Gen 9] OU\n|rule|Sleep Clause Mod: Limit one foe put to sleep\n|rule|Species Clause: Limit one of each Pok\u00e9mon\n|rule|OHKO Clause: OHKO moves are banned\n|rule|Evasion Items Clause: Evasion items are banned\n|rule|Evasion Moves Clause: Evasion moves are banned\n|rule|Endless Battle Clause: Forcing endless battles is banned\n|rule|HP Percentage Mod: HP is shown in percentages\n|clearpoke\n|poke|p1|Ribombee, M|\n|poke|p1|Gholdengo|\n|poke|p1|Ogerpon-Wellspring, F|\n|poke|p1|Iron Valiant|\n|poke|p1|Kingambit, M|\n|poke|p1|Dragonite, M|\n|poke|p2|Kingambit, M|\n|poke|p2|Glimmora, F|\n|poke|p2|Zamazenta-*|\n|poke|p2|Iron Valiant|\n|poke|p2|Iron Moth|\n|poke|p2|Ogerpon-Wellspring, F|\n|teampreview\n|inactive|Battle timer is ON: inactive players will automatically lose when time's up. (requested by andrevc)\n|inactive|gregoisback_ has 270 seconds left.\n|\n|t:|1700360163\n|start\n|switch|p1a: Ogerpon|Ogerpon-Wellspring, F|100\/100\n|switch|p2a: Glimmora|Glimmora, F|100\/100\n|turn|1\n|\n|t:|1700360173\n|switch|p2a: Ogerpon|Ogerpon-Wellspring, F|100\/100\n|move|p1a: Ogerpon|Ivy Cudgel|p2a: Ogerpon|[anim] Ivy Cudgel Water\n|-immune|p2a: Ogerpon|[from] ability: Water Absorb\n|\n|upkeep\n|turn|2\n|\n|t:|1700360203\n|switch|p1a: Ribombee|Ribombee, M, shiny|100\/100\n|move|p2a: Ogerpon|Power Whip|p1a: Ribombee\n|-resisted|p1a: Ribombee\n|-damage|p1a: Ribombee|29\/100\n|\n|upkeep\n|turn|3\n|inactive|andrevc has 270 seconds left.\n|\n|t:|1700360224\n|switch|p2a: Glimmora|Glimmora, F|100\/100\n|move|p1a: Ribombee|Sticky Web|p2a: Glimmora\n|-sidestart|p2: andrevc|move: Sticky Web\n|\n|upkeep\n|turn|4\n|inactive|gregoisback_ has 270 seconds left.\n|\n|t:|1700360244\n|switch|p1a: Iron Valiant|Iron Valiant|100\/100\n|move|p2a: Glimmora|Mortal Spin|p1a: Iron Valiant\n|-supereffective|p1a: Iron Valiant\n|-damage|p1a: Iron Valiant|83\/100\n|-status|p1a: Iron Valiant|psn\n|-sideend|p2: andrevc|Sticky Web|[from] move: Mortal Spin|[of] p2a: Glimmora\n|\n|-damage|p1a: Iron Valiant|71\/100 psn|[from] psn\n|upkeep\n|turn|5\n|inactive|gregoisback_ has 270 seconds left.\n|\n|t:|1700360267\n|move|p1a: Iron Valiant|Psyshock|p2a: Glimmora\n|-supereffective|p2a: Glimmora\n|-damage|p2a: Glimmora|3\/100\n|move|p2a: Glimmora|Stealth Rock|p1a: Iron Valiant\n|-sidestart|p1: gregoisback_|move: Stealth Rock\n|\n|-damage|p1a: Iron Valiant|58\/100 psn|[from] psn\n|upkeep\n|turn|6\n|inactive|andrevc has 270 seconds left.\n|\n|t:|1700360284\n|-end|p1a: Iron Valiant|Quark Drive|[silent]\n|switch|p1a: Ogerpon|Ogerpon-Wellspring, F|100\/100\n|-damage|p1a: Ogerpon|88\/100|[from] Stealth Rock\n|switch|p2a: Kingambit|Kingambit, M|100\/100\n|\n|upkeep\n|turn|7\n|inactive|andrevc has 270 seconds left.\n|inactive|gregoisback_ has 240 seconds left.\n|\n|t:|1700360315\n|-end|p2a: Kingambit|fallenundefined|[silent]\n|switch|p2a: Glimmora|Glimmora, F|3\/100\n|move|p1a: Ogerpon|Power Whip|p2a: Glimmora\n|-damage|p2a: Glimmora|0 fnt\n|-activate|p2a: Glimmora|ability: Toxic Debris\n|-sidestart|p1: gregoisback_|move: Toxic Spikes\n|faint|p2a: Glimmora\n|\n|upkeep\n|\n|t:|1700360328\n|switch|p2a: Zamazenta|Zamazenta, shiny|100\/100\n|-ability|p2a: Zamazenta|Dauntless Shield|boost\n|-boost|p2a: Zamazenta|def|1\n|turn|8\n|inactive|gregoisback_ has 240 seconds left.\n|\n|t:|1700360361\n|switch|p1a: Ribombee|Ribombee, M, shiny|29\/100\n|-damage|p1a: Ribombee|4\/100|[from] Stealth Rock\n|-status|p1a: Ribombee|psn\n|move|p2a: Zamazenta|Iron Defense|p2a: Zamazenta\n|-boost|p2a: Zamazenta|def|2\n|\n|-damage|p1a: Ribombee|0 fnt|[from] psn\n|faint|p1a: Ribombee\n|upkeep\n|\n|t:|1700360369\n|switch|p1a: Iron Valiant|Iron Valiant|58\/100 psn\n|-damage|p1a: Iron Valiant|52\/100 psn|[from] Stealth Rock\n|turn|9\n|inactive|andrevc has 270 seconds left.\n|\n|t:|1700360389\n|switch|p2a: Iron Moth|Iron Moth|100\/100\n|-enditem|p2a: Iron Moth|Booster Energy\n|-activate|p2a: Iron Moth|ability: Quark Drive|[fromitem]\n|-start|p2a: Iron Moth|quarkdrivespe\n|move|p1a: Iron Valiant|Moonblast|p2a: Iron Moth\n|-resisted|p2a: Iron Moth\n|-damage|p2a: Iron Moth|81\/100\n|\n|-damage|p1a: Iron Valiant|40\/100 psn|[from] psn\n|upkeep\n|turn|10\n|\n|t:|1700360405\n|-end|p1a: Iron Valiant|Quark Drive|[silent]\n|switch|p1a: Ogerpon|Ogerpon-Wellspring, F|88\/100\n|-damage|p1a: Ogerpon|76\/100|[from] Stealth Rock\n|-status|p1a: Ogerpon|psn\n|move|p2a: Iron Moth|Fiery Dance|p1a: Ogerpon\n|-damage|p1a: Ogerpon|31\/100 psn\n|-boost|p2a: Iron Moth|spa|1\n|\n|-damage|p1a: Ogerpon|19\/100 psn|[from] psn\n|upkeep\n|turn|11\n|\n|t:|1700360417\n|move|p2a: Iron Moth|Fiery Dance|p1a: Ogerpon\n|-damage|p1a: Ogerpon|0 fnt\n|faint|p1a: Ogerpon\n|\n|upkeep\n|\n|t:|1700360426\n|switch|p1a: Dragonite|Dragonite, M|100\/100\n|turn|12\n|\n|t:|1700360438\n|move|p2a: Iron Moth|Dazzling Gleam|p1a: Dragonite\n|-supereffective|p1a: Dragonite\n|-damage|p1a: Dragonite|59\/100\n|move|p1a: Dragonite|Earthquake|p2a: Iron Moth\n|-supereffective|p2a: Iron Moth\n|-damage|p2a: Iron Moth|0 fnt\n|faint|p2a: Iron Moth\n|-end|p2a: Iron Moth|Quark Drive|[silent]\n|\n|upkeep\n|\n|t:|1700360446\n|switch|p2a: Iron Valiant|Iron Valiant|100\/100\n|-enditem|p2a: Iron Valiant|Booster Energy\n|-activate|p2a: Iron Valiant|ability: Quark Drive|[fromitem]\n|-start|p2a: Iron Valiant|quarkdrivespe\n|turn|13\n|inactive|gregoisback_ has 210 seconds left.\n|inactive|gregoisback_ has 180 seconds left.\n|\n|t:|1700360513\n|-terastallize|p1a: Dragonite|Normal\n|move|p2a: Iron Valiant|Moonblast|p1a: Dragonite\n|-damage|p1a: Dragonite|11\/100\n|-unboost|p1a: Dragonite|spa|1\n|move|p1a: Dragonite|Earthquake|p2a: Iron Valiant\n|-damage|p2a: Iron Valiant|50\/100\n|\n|upkeep\n|turn|14\n|inactive|gregoisback_ has 180 seconds left.\n|\n|t:|1700360528\n|move|p1a: Dragonite|Extreme Speed|p2a: Iron Valiant\n|-damage|p2a: Iron Valiant|0 fnt\n|faint|p2a: Iron Valiant\n|-end|p2a: Iron Valiant|Quark Drive|[silent]\n|\n|upkeep\n|\n|t:|1700360533\n|switch|p2a: Zamazenta|Zamazenta, shiny|100\/100\n|turn|15\n|inactive|gregoisback_ has 180 seconds left.\n|\n|t:|1700360551\n|move|p1a: Dragonite|Extreme Speed|p2a: Zamazenta\n|-damage|p2a: Zamazenta|62\/100\n|move|p2a: Zamazenta|Body Press|p1a: Dragonite\n|-supereffective|p1a: Dragonite\n|-damage|p1a: Dragonite|0 fnt\n|faint|p1a: Dragonite\n|\n|-heal|p2a: Zamazenta|68\/100|[from] item: Leftovers\n|upkeep\n|inactive|gregoisback_ has 150 seconds left.\n|\n|t:|1700360586\n|switch|p1a: Gholdengo|Gholdengo|100\/100\n|-damage|p1a: Gholdengo|94\/100|[from] Stealth Rock\n|-item|p1a: Gholdengo|Air Balloon\n|turn|16\n|\n|t:|1700360608\n|switch|p2a: Ogerpon|Ogerpon-Wellspring, F|100\/100\n|move|p1a: Gholdengo|Make It Rain|p2a: Ogerpon\n|-resisted|p2a: Ogerpon\n|-damage|p2a: Ogerpon|64\/100\n|-unboost|p1a: Gholdengo|spa|1\n|\n|upkeep\n|turn|17\n|inactive|gregoisback_ has 150 seconds left.\n|\n|t:|1700360635\n|move|p2a: Ogerpon|Knock Off|p1a: Gholdengo\n|-supereffective|p1a: Gholdengo\n|-damage|p1a: Gholdengo|26\/100\n|-enditem|p1a: Gholdengo|Air Balloon\n|move|p1a: Gholdengo|Shadow Ball|p2a: Ogerpon\n|-damage|p2a: Ogerpon|28\/100\n|\n|upkeep\n|turn|18\n|\n|t:|1700360641\n|move|p2a: Ogerpon|Ivy Cudgel|p1a: Gholdengo|[anim] Ivy Cudgel Water\n|-crit|p1a: Gholdengo\n|-damage|p1a: Gholdengo|0 fnt\n|faint|p1a: Gholdengo\n|\n|upkeep\n|\n|t:|1700360661\n|switch|p1a: Iron Valiant|Iron Valiant|40\/100 psn\n|-damage|p1a: Iron Valiant|33\/100 psn|[from] Stealth Rock\n|turn|19\n|\n|t:|1700360668\n|move|p1a: Iron Valiant|Moonblast|p2a: Ogerpon\n|-damage|p2a: Ogerpon|0 fnt\n|faint|p2a: Ogerpon\n|\n|-damage|p1a: Iron Valiant|21\/100 psn|[from] psn\n|upkeep\n|\n|t:|1700360671\n|switch|p2a: Kingambit|Kingambit, M|100\/100\n|-activate|p2a: Kingambit|ability: Supreme Overlord\n|-start|p2a: Kingambit|fallen4|[silent]\n|turn|20\n|inactive|gregoisback_ has 150 seconds left.\n|\n|t:|1700360688\n|move|p2a: Kingambit|Sucker Punch|p1a: Iron Valiant\n|-resisted|p1a: Iron Valiant\n|-damage|p1a: Iron Valiant|0 fnt\n|faint|p1a: Iron Valiant\n|-end|p1a: Iron Valiant|Quark Drive|[silent]\n|\n|upkeep\n|\n|t:|1700360690\n|switch|p1a: Kingambit|Kingambit, M|100\/100\n|-activate|p1a: Kingambit|ability: Supreme Overlord\n|-start|p1a: Kingambit|fallen5|[silent]\n|turn|21\n|\n|t:|1700360699\n|move|p2a: Kingambit|Swords Dance|p2a: Kingambit\n|-boost|p2a: Kingambit|atk|2\n|move|p1a: Kingambit|Swords Dance|p1a: Kingambit\n|-boost|p1a: Kingambit|atk|2\n|\n|upkeep\n|turn|22\n|\n|t:|1700360708\n|move|p2a: Kingambit|Kowtow Cleave|p1a: Kingambit\n|-resisted|p1a: Kingambit\n|-damage|p1a: Kingambit|37\/100\n|move|p1a: Kingambit|Swords Dance|p1a: Kingambit\n|-boost|p1a: Kingambit|atk|2\n|\n|upkeep\n|turn|23\n|inactive|gregoisback_ has 150 seconds left.\n|inactive|andrevc has 270 seconds left.\n|\n|t:|1700360765\n|move|p2a: Kingambit|Sucker Punch|p1a: Kingambit\n|-resisted|p1a: Kingambit\n|-damage|p1a: Kingambit|0 fnt\n|faint|p1a: Kingambit\n|-end|p1a: Kingambit|fallen5|[silent]\n|\n|win|andrevc\n","uploadtime":1700360772,"views":10,"p1id":"gregoisback","p2id":"andrevc","formatid":"gen9ou","rating":0,"private":0,"password":""}