{"id":"gen9ou-1998266270","p1":"Goumsaal","p2":"Kamthapoet","format":"[Gen 9] OU","log":"|j|\u2606Goumsaal\n|j|\u2606Kamthapoet\n|t:|1700922171\n|gametype|singles\n|player|p1|Goumsaal|266|1422\n|player|p2|Kamthapoet|rei|1367\n|teamsize|p1|6\n|teamsize|p2|6\n|gen|9\n|tier|[Gen 9] OU\n|rated|\n|rule|Sleep Clause Mod: Limit one foe put to sleep\n|rule|Species Clause: Limit one of each Pok\u00e9mon\n|rule|OHKO Clause: OHKO moves are banned\n|rule|Evasion Items Clause: Evasion items are banned\n|rule|Evasion Moves Clause: Evasion moves are banned\n|rule|Endless Battle Clause: Forcing endless battles is banned\n|rule|HP Percentage Mod: HP is shown in percentages\n|clearpoke\n|poke|p1|Electrode-Hisui|\n|poke|p1|Cinderace, M|\n|poke|p1|Greninja-*, M|\n|poke|p1|Dragapult, M|\n|poke|p1|Landorus-Therian, M|\n|poke|p1|Corviknight, F|\n|poke|p2|Sandy Shocks|\n|poke|p2|Walking Wake|\n|poke|p2|Slowbro, M|\n|poke|p2|Ting-Lu|\n|poke|p2|Weavile, F|\n|poke|p2|Iron Valiant|\n|teampreview\n|\n|t:|1700922175\n|start\n|switch|p1a: Electrode|Electrode-Hisui|100\/100\n|switch|p2a: Sandy Shocks|Sandy Shocks|100\/100\n|-enditem|p2a: Sandy Shocks|Booster Energy\n|-activate|p2a: Sandy Shocks|ability: Protosynthesis|[fromitem]\n|-start|p2a: Sandy Shocks|protosynthesisspe\n|turn|1\n|inactive|Battle timer is ON: inactive players will automatically lose when time's up. (requested by Kamthapoet)\n|\n|t:|1700922194\n|-terastallize|p2a: Sandy Shocks|Ice\n|move|p2a: Sandy Shocks|Tera Blast|p1a: Electrode|[anim] Tera Blast Ice\n|-supereffective|p1a: Electrode\n|-damage|p1a: Electrode|0 fnt\n|faint|p1a: Electrode\n|\n|upkeep\n|\n|t:|1700922207\n|switch|p1a: Corviknight|Corviknight, F|100\/100\n|-ability|p1a: Corviknight|Pressure\n|turn|2\n|\n|t:|1700922211\n|move|p2a: Sandy Shocks|Thunderbolt|p1a: Corviknight\n|-supereffective|p1a: Corviknight\n|-damage|p1a: Corviknight|40\/100\n|move|p1a: Corviknight|Body Press|p2a: Sandy Shocks\n|-supereffective|p2a: Sandy Shocks\n|-damage|p2a: Sandy Shocks|58\/100\n|\n|upkeep\n|turn|3\n|\n|t:|1700922218\n|move|p2a: Sandy Shocks|Thunderbolt|p1a: Corviknight\n|-supereffective|p1a: Corviknight\n|-damage|p1a: Corviknight|0 fnt\n|faint|p1a: Corviknight\n|\n|upkeep\n|\n|t:|1700922228\n|switch|p1a: Cinderace|Cinderace, M|100\/100\n|turn|4\n|\n|t:|1700922232\n|move|p1a: Cinderace|Sucker Punch|p2a: Sandy Shocks\n|-start|p1a: Cinderace|typechange|Dark|[from] ability: Libero\n|-damage|p2a: Sandy Shocks|25\/100\n|move|p2a: Sandy Shocks|Earth Power|p1a: Cinderace\n|-damage|p1a: Cinderace|40\/100\n|\n|upkeep\n|turn|5\n|\n|t:|1700922239\n|move|p1a: Cinderace|Sucker Punch||[still]\n|-fail|p1a: Cinderace\n|move|p2a: Sandy Shocks|Stealth Rock|p1a: Cinderace\n|-sidestart|p1: Goumsaal|move: Stealth Rock\n|\n|upkeep\n|turn|6\n|\n|t:|1700922246\n|move|p1a: Cinderace|Sucker Punch|p2a: Sandy Shocks\n|-damage|p2a: Sandy Shocks|0 fnt\n|faint|p2a: Sandy Shocks\n|-end|p2a: Sandy Shocks|Protosynthesis|[silent]\n|\n|upkeep\n|\n|t:|1700922259\n|switch|p2a: Iron Valiant|Iron Valiant|100\/100\n|-enditem|p2a: Iron Valiant|Booster Energy\n|-activate|p2a: Iron Valiant|ability: Quark Drive|[fromitem]\n|-start|p2a: Iron Valiant|quarkdrivespe\n|turn|7\n|\n|t:|1700922264\n|move|p2a: Iron Valiant|Moonblast|p1a: Cinderace\n|-supereffective|p1a: Cinderace\n|-damage|p1a: Cinderace|0 fnt\n|faint|p1a: Cinderace\n|\n|upkeep\n|\n|t:|1700922270\n|switch|p1a: Landorus|Landorus-Therian, M|100\/100\n|-damage|p1a: Landorus|88\/100|[from] Stealth Rock\n|-ability|p1a: Landorus|Intimidate|boost\n|-unboost|p2a: Iron Valiant|atk|1\n|turn|8\n|\n|t:|1700922276\n|move|p2a: Iron Valiant|Moonblast|p1a: Landorus\n|-damage|p1a: Landorus|33\/100\n|move|p1a: Landorus|Earthquake|p2a: Iron Valiant\n|-damage|p2a: Iron Valiant|8\/100\n|\n|upkeep\n|turn|9\n|\n|t:|1700922283\n|move|p2a: Iron Valiant|Moonblast|p1a: Landorus\n|-damage|p1a: Landorus|0 fnt\n|faint|p1a: Landorus\n|\n|upkeep\n|\n|t:|1700922288\n|switch|p1a: Greninja|Greninja, M|100\/100\n|turn|10\n|\n|t:|1700922294\n|-end|p2a: Iron Valiant|Quark Drive|[silent]\n|switch|p2a: Walking Wake|Walking Wake|100\/100\n|-terastallize|p1a: Greninja|Water\n|move|p1a: Greninja|Surf|p2a: Walking Wake\n|-resisted|p2a: Walking Wake\n|-damage|p2a: Walking Wake|85\/100\n|\n|upkeep\n|turn|11\n|\n|t:|1700922303\n|move|p1a: Greninja|Dark Pulse|p2a: Walking Wake\n|-damage|p2a: Walking Wake|46\/100\n|move|p2a: Walking Wake|Draco Meteor|p1a: Greninja|[miss]\n|-miss|p2a: Walking Wake|p1a: Greninja\n|\n|upkeep\n|turn|12\n|\n|t:|1700922310\n|move|p1a: Greninja|Dark Pulse|p2a: Walking Wake\n|-damage|p2a: Walking Wake|4\/100\n|move|p2a: Walking Wake|Draco Meteor|p1a: Greninja\n|-damage|p1a: Greninja|0 fnt\n|-unboost|p2a: Walking Wake|spa|2\n|faint|p1a: Greninja\n|\n|upkeep\n|\n|t:|1700922319\n|switch|p1a: Dragapult|Dragapult, M|100\/100\n|turn|13\n|\n|t:|1700922323\n|move|p1a: Dragapult|Thunderbolt|p2a: Walking Wake\n|-damage|p2a: Walking Wake|0 fnt\n|faint|p2a: Walking Wake\n|-end|p2a: Walking Wake|Protosynthesis|[silent]\n|\n|upkeep\n|\n|t:|1700922327\n|switch|p2a: Ting-Lu|Ting-Lu|100\/100\n|-ability|p2a: Ting-Lu|Vessel of Ruin\n|turn|14\n|\n|t:|1700922331\n|move|p1a: Dragapult|U-turn|p2a: Ting-Lu\n|-supereffective|p2a: Ting-Lu\n|-damage|p2a: Ting-Lu|83\/100\n|move|p2a: Ting-Lu|Earthquake|p1a: Dragapult\n|-damage|p1a: Dragapult|45\/100\n|\n|-heal|p2a: Ting-Lu|89\/100|[from] item: Leftovers\n|upkeep\n|turn|15\n|\n|t:|1700922340\n|move|p1a: Dragapult|Draco Meteor|p2a: Ting-Lu|[miss]\n|-miss|p1a: Dragapult|p2a: Ting-Lu\n|move|p2a: Ting-Lu|Earthquake|p1a: Dragapult\n|-damage|p1a: Dragapult|0 fnt\n|faint|p1a: Dragapult\n|\n|win|Kamthapoet\n|raw|Goumsaal's rating: 1422 &rarr; <strong>1399<\/strong><br \/>(-23 for losing)\n|raw|Kamthapoet's rating: 1367 &rarr; <strong>1390<\/strong><br \/>(+23 for winning)\n","uploadtime":1700922349,"views":1,"p1id":"goumsaal","p2id":"kamthapoet","formatid":"gen9ou","rating":1390,"private":0,"password":""}