{"id":"gen9ou-1994544109","p1":"yibanxitw","p2":"YouJUnzhen","format":"[Gen 9] OU","log":"|j|\u2606yibanxitw\n|j|\u2606YouJUnzhen\n|t:|1700457312\n|gametype|singles\n|player|p1|yibanxitw|170|1362\n|player|p2|YouJUnzhen|2|1342\n|teamsize|p1|6\n|teamsize|p2|6\n|gen|9\n|tier|[Gen 9] OU\n|rated|\n|rule|Sleep Clause Mod: Limit one foe put to sleep\n|rule|Species Clause: Limit one of each Pok\u00e9mon\n|rule|OHKO Clause: OHKO moves are banned\n|rule|Evasion Items Clause: Evasion items are banned\n|rule|Evasion Moves Clause: Evasion moves are banned\n|rule|Endless Battle Clause: Forcing endless battles is banned\n|rule|HP Percentage Mod: HP is shown in percentages\n|clearpoke\n|poke|p1|Landorus-Therian, M|\n|poke|p1|Dragapult, M|\n|poke|p1|Ribombee, M|\n|poke|p1|Samurott-Hisui, F|\n|poke|p1|Gholdengo|\n|poke|p1|Kleavor, M|\n|poke|p2|Fezandipiti, M|\n|poke|p2|Iron Valiant|\n|poke|p2|Dragapult, M|\n|poke|p2|Rotom-Wash|\n|poke|p2|Ogerpon-Wellspring, F|\n|poke|p2|Great Tusk|\n|teampreview\n|inactive|Battle timer is ON: inactive players will automatically lose when time's up. (requested by yibanxitw)\n|\n|t:|1700457325\n|start\n|switch|p1a: Ribombee|Ribombee, M|100\/100\n|switch|p2a: Ogerpon|Ogerpon-Wellspring, F|100\/100\n|turn|1\n|\n|t:|1700457330\n|move|p1a: Ribombee|Sticky Web|p2a: Ogerpon\n|-sidestart|p2: YouJUnzhen|move: Sticky Web\n|move|p2a: Ogerpon|Trailblaze|p1a: Ribombee\n|-resisted|p1a: Ribombee\n|-damage|p1a: Ribombee|71\/100\n|-boost|p2a: Ogerpon|spe|1\n|\n|upkeep\n|turn|2\n|\n|t:|1700457338\n|move|p2a: Ogerpon|Ivy Cudgel|p1a: Ribombee|[anim] Ivy Cudgel Water\n|-damage|p1a: Ribombee|0 fnt\n|faint|p1a: Ribombee\n|\n|upkeep\n|\n|t:|1700457348\n|switch|p1a: Dragapult|Dragapult, M|100\/100\n|turn|3\n|\n|t:|1700457363\n|-terastallize|p1a: Dragapult|Dragon\n|move|p2a: Ogerpon|Zen Headbutt|p1a: Dragapult\n|-damage|p1a: Dragapult|55\/100\n|move|p1a: Dragapult|Dragon Darts|p2a: Ogerpon\n|-damage|p2a: Ogerpon|26\/100\n|-anim|p1a: Dragapult|Dragon Darts|p2a: Ogerpon\n|-damage|p2a: Ogerpon|0 fnt\n|faint|p2a: Ogerpon\n|\n|upkeep\n|\n|t:|1700457370\n|switch|p2a: Great Tusk|Great Tusk|100\/100\n|-activate|p2a: Great Tusk|move: Sticky Web\n|-unboost|p2a: Great Tusk|spe|1\n|turn|4\n|\n|t:|1700457380\n|switch|p1a: Gholdengo|Gholdengo|100\/100\n|-item|p1a: Gholdengo|Air Balloon\n|move|p2a: Great Tusk|Ice Spinner|p1a: Gholdengo\n|-resisted|p1a: Gholdengo\n|-damage|p1a: Gholdengo|88\/100\n|-enditem|p1a: Gholdengo|Air Balloon\n|\n|upkeep\n|turn|5\n|\n|t:|1700457389\n|move|p1a: Gholdengo|Make It Rain|p2a: Great Tusk\n|-damage|p2a: Great Tusk|35\/100\n|-unboost|p1a: Gholdengo|spa|1\n|move|p2a: Great Tusk|Earthquake|p1a: Gholdengo\n|-supereffective|p1a: Gholdengo\n|-damage|p1a: Gholdengo|0 fnt\n|faint|p1a: Gholdengo\n|\n|upkeep\n|\n|t:|1700457404\n|switch|p1a: Samurott|Samurott-Hisui, F|100\/100\n|turn|6\n|\n|t:|1700457409\n|-terastallize|p2a: Great Tusk|Dark\n|move|p1a: Samurott|Flip Turn|p2a: Great Tusk\n|-damage|p2a: Great Tusk|13\/100\n|-damage|p1a: Samurott|84\/100|[from] item: Rocky Helmet|[of] p2a: Great Tusk\n|\n|t:|1700457418\n|switch|p1a: Kleavor|Kleavor, M|100\/100|[from] Flip Turn\n|move|p2a: Great Tusk|Rapid Spin|p1a: Kleavor\n|-resisted|p1a: Kleavor\n|-damage|p1a: Kleavor|91\/100\n|-boost|p2a: Great Tusk|spe|1\n|-sideend|p2: YouJUnzhen|Sticky Web|[from] move: Rapid Spin|[of] p2a: Great Tusk\n|\n|upkeep\n|turn|7\n|\n|t:|1700457426\n|move|p1a: Kleavor|Stone Axe|p2a: Great Tusk\n|-damage|p2a: Great Tusk|0 fnt\n|-damage|p1a: Kleavor|74\/100|[from] item: Rocky Helmet|[of] p2a: Great Tusk\n|-sidestart|p2: YouJUnzhen|move: Stealth Rock\n|faint|p2a: Great Tusk\n|-end|p2a: Great Tusk|Protosynthesis|[silent]\n|\n|upkeep\n|\n|t:|1700457435\n|switch|p2a: Rotom|Rotom-Wash|100\/100\n|-damage|p2a: Rotom|88\/100|[from] Stealth Rock\n|turn|8\n|\n|t:|1700457439\n|move|p2a: Rotom|Protect|p2a: Rotom\n|-singleturn|p2a: Rotom|Protect\n|move|p1a: Kleavor|Stone Axe|p2a: Rotom\n|-activate|p2a: Rotom|move: Protect\n|\n|-heal|p2a: Rotom|94\/100|[from] item: Leftovers\n|upkeep\n|turn|9\n|\n|t:|1700457446\n|move|p1a: Kleavor|Stone Axe|p2a: Rotom\n|-damage|p2a: Rotom|39\/100\n|move|p2a: Rotom|Will-O-Wisp|p1a: Kleavor\n|-status|p1a: Kleavor|brn\n|\n|-heal|p2a: Rotom|45\/100|[from] item: Leftovers\n|-damage|p1a: Kleavor|68\/100 brn|[from] brn\n|upkeep\n|turn|10\n|\n|t:|1700457455\n|switch|p1a: Samurott|Samurott-Hisui, F|84\/100\n|move|p2a: Rotom|Protect||[still]\n|-fail|p2a: Rotom\n|\n|-heal|p2a: Rotom|51\/100|[from] item: Leftovers\n|upkeep\n|turn|11\n|\n|t:|1700457474\n|move|p2a: Rotom|Protect|p2a: Rotom\n|-singleturn|p2a: Rotom|Protect\n|move|p1a: Samurott|Ceaseless Edge|p2a: Rotom\n|-activate|p2a: Rotom|move: Protect\n|\n|-heal|p2a: Rotom|58\/100|[from] item: Leftovers\n|upkeep\n|turn|12\n|\n|t:|1700457484\n|move|p1a: Samurott|Ceaseless Edge|p2a: Rotom\n|-damage|p2a: Rotom|0 fnt\n|-sidestart|p2: YouJUnzhen|Spikes\n|faint|p2a: Rotom\n|\n|upkeep\n|\n|t:|1700457488\n|switch|p2a: Fezandipiti|Fezandipiti, M|100\/100\n|turn|13\n|\n|t:|1700457495\n|switch|p1a: Kleavor|Kleavor, M|68\/100 brn\n|move|p2a: Fezandipiti|Play Rough|p1a: Kleavor\n|-damage|p1a: Kleavor|32\/100 brn\n|\n|-damage|p1a: Kleavor|26\/100 brn|[from] brn\n|upkeep\n|turn|14\n|\n|t:|1700457504\n|move|p2a: Fezandipiti|Play Rough|p1a: Kleavor\n|-damage|p1a: Kleavor|0 fnt\n|faint|p1a: Kleavor\n|\n|upkeep\n|\n|t:|1700457509\n|switch|p1a: Landorus|Landorus-Therian, M|100\/100\n|-ability|p1a: Landorus|Intimidate|boost\n|-unboost|p2a: Fezandipiti|atk|1\n|turn|15\n|\n|t:|1700457518\n|move|p1a: Landorus|Earthquake|p2a: Fezandipiti\n|-supereffective|p2a: Fezandipiti\n|-damage|p2a: Fezandipiti|3\/100\n|move|p2a: Fezandipiti|Play Rough|p1a: Landorus\n|-damage|p1a: Landorus|79\/100\n|-status|p1a: Landorus|tox|[from] ability: Toxic Chain|[of] p2a: Fezandipiti\n|\n|-heal|p1a: Landorus|85\/100 tox|[from] item: Leftovers\n|-damage|p1a: Landorus|79\/100 tox|[from] psn\n|upkeep\n|turn|16\n|\n|t:|1700457528\n|move|p1a: Landorus|Block|p2a: Fezandipiti\n|-activate|p2a: Fezandipiti|trapped\n|move|p2a: Fezandipiti|Play Rough|p1a: Landorus\n|-damage|p1a: Landorus|58\/100 tox\n|\n|-heal|p1a: Landorus|64\/100 tox|[from] item: Leftovers\n|-damage|p1a: Landorus|52\/100 tox|[from] psn\n|upkeep\n|turn|17\n|\n|t:|1700457536\n|move|p1a: Landorus|Bulk Up|p1a: Landorus\n|-boost|p1a: Landorus|atk|1\n|-boost|p1a: Landorus|def|1\n|move|p2a: Fezandipiti|U-turn|p1a: Landorus\n|-resisted|p1a: Landorus\n|-damage|p1a: Landorus|49\/100 tox\n|\n|t:|1700457543\n|switch|p2a: Dragapult|Dragapult, M|100\/100|[from] U-turn\n|\n|-heal|p1a: Landorus|55\/100 tox|[from] item: Leftovers\n|-damage|p1a: Landorus|36\/100 tox|[from] psn\n|upkeep\n|turn|18\n|\n|t:|1700457549\n|move|p2a: Dragapult|Hex|p1a: Landorus\n|-damage|p1a: Landorus|0 fnt\n|faint|p1a: Landorus\n|\n|upkeep\n|\n|t:|1700457553\n|switch|p1a: Samurott|Samurott-Hisui, F|84\/100\n|turn|19\n|\n|t:|1700457561\n|move|p2a: Dragapult|Thunderbolt|p1a: Samurott\n|-supereffective|p1a: Samurott\n|-damage|p1a: Samurott|3\/100\n|move|p1a: Samurott|Ceaseless Edge|p2a: Dragapult\n|-supereffective|p2a: Dragapult\n|-damage|p2a: Dragapult|0 fnt\n|-sidestart|p2: YouJUnzhen|Spikes\n|faint|p2a: Dragapult\n|\n|upkeep\n|\n|t:|1700457572\n|switch|p2a: Fezandipiti|Fezandipiti, M|3\/100\n|turn|20\n|\n|t:|1700457575\n|move|p2a: Fezandipiti|Beat Up|p1a: Samurott\n|-resisted|p1a: Samurott\n|-damage|p1a: Samurott|1\/100\n|-resisted|p1a: Samurott\n|-damage|p1a: Samurott|0 fnt\n|faint|p1a: Samurott\n|-hitcount|p1: Samurott|2\n|\n|upkeep\n|\n|t:|1700457581\n|switch|p1a: Dragapult|Dragapult, M, tera:Dragon|55\/100\n|turn|21\n|\n|t:|1700457584\n|move|p1a: Dragapult|Phantom Force||[still]\n|-prepare|p1a: Dragapult|Phantom Force\n|move|p2a: Fezandipiti|Play Rough|p1a: Dragapult|[miss]\n|-miss|p2a: Fezandipiti|p1a: Dragapult\n|\n|upkeep\n|turn|22\n|\n|t:|1700457589\n|move|p1a: Dragapult|Phantom Force|p2a: Fezandipiti|[from]lockedmove\n|-damage|p2a: Fezandipiti|0 fnt\n|faint|p2a: Fezandipiti\n|\n|upkeep\n|\n|t:|1700457592\n|switch|p2a: Iron Valiant|Iron Valiant|100\/100\n|-damage|p2a: Iron Valiant|94\/100|[from] Stealth Rock\n|-damage|p2a: Iron Valiant|78\/100|[from] Spikes\n|-enditem|p2a: Iron Valiant|Booster Energy\n|-activate|p2a: Iron Valiant|ability: Quark Drive|[fromitem]\n|-start|p2a: Iron Valiant|quarkdrivespe\n|turn|23\n|\n|t:|1700457600\n|move|p2a: Iron Valiant|Moonblast|p1a: Dragapult\n|-supereffective|p1a: Dragapult\n|-damage|p1a: Dragapult|0 fnt\n|faint|p1a: Dragapult\n|\n|win|YouJUnzhen\n|raw|yibanxitw's rating: 1362 &rarr; <strong>1341<\/strong><br \/>(-21 for losing)\n|raw|YouJUnzhen's rating: 1342 &rarr; <strong>1363<\/strong><br \/>(+21 for winning)\n|l|\u2606yibanxitw\n","uploadtime":1700457612,"views":10,"p1id":"yibanxitw","p2id":"youjunzhen","formatid":"gen9ou","rating":1341,"private":0,"password":""}