{"id":"gen9ou-1988364142","p1":"ombix","p2":"LonevetZ1","format":"[Gen 9] OU","log":"|j|\u2606ombix\n|j|\u2606LonevetZ1\n|t:|1699714294\n|gametype|singles\n|player|p1|ombix|benga|1207\n|player|p2|LonevetZ1|giovanni|1249\n|teamsize|p1|6\n|teamsize|p2|6\n|gen|9\n|tier|[Gen 9] OU\n|rated|\n|rule|Sleep Clause Mod: Limit one foe put to sleep\n|rule|Species Clause: Limit one of each Pok\u00e9mon\n|rule|OHKO Clause: OHKO moves are banned\n|rule|Evasion Items Clause: Evasion items are banned\n|rule|Evasion Moves Clause: Evasion moves are banned\n|rule|Endless Battle Clause: Forcing endless battles is banned\n|rule|HP Percentage Mod: HP is shown in percentages\n|clearpoke\n|poke|p1|Rillaboom, F|\n|poke|p1|Ogerpon-Wellspring, F|\n|poke|p1|Sneasler, M|\n|poke|p1|Cinderace, F|\n|poke|p1|Garganacl, F|\n|poke|p1|Gliscor, M|\n|poke|p2|Rillaboom, M|\n|poke|p2|Cinderace, F|\n|poke|p2|Great Tusk|\n|poke|p2|Iron Valiant|\n|poke|p2|Sneasler, F|\n|poke|p2|Goodra-Hisui, M|\n|teampreview\n|inactive|Battle timer is ON: inactive players will automatically lose when time's up. (requested by LonevetZ1)\n|\n|t:|1699714303\n|start\n|switch|p1a: Rillaboom|Rillaboom, F|100\/100\n|switch|p2a: Big Boi|Great Tusk|100\/100\n|-fieldstart|move: Grassy Terrain|[from] ability: Grassy Surge|[of] p1a: Rillaboom\n|turn|1\n|\n|t:|1699714314\n|-end|p2a: Big Boi|Protosynthesis|[silent]\n|switch|p2a: TRY ME|Goodra-Hisui, M|100\/100\n|move|p1a: Rillaboom|Grassy Glide|p2a: TRY ME\n|-ability|p2a: TRY ME|Sap Sipper|boost\n|-boost|p2a: TRY ME|atk|1\n|\n|upkeep\n|turn|2\n|\n|t:|1699714347\n|move|p1a: Rillaboom|Swords Dance|p1a: Rillaboom\n|-boost|p1a: Rillaboom|atk|2\n|move|p2a: TRY ME|Draco Meteor|p1a: Rillaboom\n|-damage|p1a: Rillaboom|4\/100\n|-unboost|p2a: TRY ME|spa|2\n|\n|-heal|p1a: Rillaboom|10\/100|[from] Grassy Terrain\n|upkeep\n|turn|3\n|\n|t:|1699714359\n|switch|p2a: Big Boi|Great Tusk|100\/100\n|-terastallize|p1a: Rillaboom|Fairy\n|move|p1a: Rillaboom|Drain Punch|p2a: Big Boi\n|-damage|p2a: Big Boi|66\/100\n|-heal|p1a: Rillaboom|33\/100|[from] drain|[of] p2a: Big Boi\n|-damage|p1a: Rillaboom|16\/100|[from] item: Rocky Helmet|[of] p2a: Big Boi\n|\n|-heal|p2a: Big Boi|72\/100|[from] Grassy Terrain\n|-heal|p1a: Rillaboom|22\/100|[from] Grassy Terrain\n|upkeep\n|turn|4\n|\n|t:|1699714374\n|move|p1a: Rillaboom|Grassy Glide|p2a: Big Boi\n|-supereffective|p2a: Big Boi\n|-crit|p2a: Big Boi\n|-damage|p2a: Big Boi|0 fnt\n|-damage|p1a: Rillaboom|6\/100|[from] item: Rocky Helmet|[of] p2a: Big Boi\n|faint|p2a: Big Boi\n|-end|p2a: Big Boi|Protosynthesis|[silent]\n|\n|-heal|p1a: Rillaboom|12\/100|[from] Grassy Terrain\n|upkeep\n|\n|t:|1699714379\n|switch|p2a: Rabbo|Cinderace, F|100\/100\n|turn|5\n|\n|t:|1699714383\n|move|p1a: Rillaboom|Grassy Glide|p2a: Rabbo\n|-resisted|p2a: Rabbo\n|-damage|p2a: Rabbo|53\/100\n|move|p2a: Rabbo|Pyro Ball|p1a: Rillaboom\n|-damage|p1a: Rillaboom|0 fnt\n|faint|p1a: Rillaboom\n|\n|-heal|p2a: Rabbo|60\/100|[from] Grassy Terrain\n|upkeep\n|\n|t:|1699714390\n|switch|p1a: Sneasler|Sneasler, M|100\/100\n|-enditem|p1a: Sneasler|Grassy Seed\n|-boost|p1a: Sneasler|def|1|[from] item: Grassy Seed\n|turn|6\n|\n|t:|1699714397\n|move|p1a: Sneasler|Swords Dance|p1a: Sneasler\n|-boost|p1a: Sneasler|atk|2\n|move|p2a: Rabbo|Will-O-Wisp|p1a: Sneasler\n|-status|p1a: Sneasler|brn\n|\n|-heal|p2a: Rabbo|66\/100|[from] Grassy Terrain\n|-damage|p1a: Sneasler|95\/100 brn|[from] brn\n|upkeep\n|turn|7\n|\n|t:|1699714408\n|move|p1a: Sneasler|Dire Claw|p2a: Rabbo\n|-damage|p2a: Rabbo|13\/100\n|move|p2a: Rabbo|Pyro Ball|p1a: Sneasler\n|-damage|p1a: Sneasler|37\/100 brn\n|\n|-heal|p1a: Sneasler|43\/100 brn|[from] Grassy Terrain\n|-heal|p2a: Rabbo|19\/100|[from] Grassy Terrain\n|-damage|p1a: Sneasler|37\/100 brn|[from] brn\n|upkeep\n|turn|8\n|\n|t:|1699714413\n|move|p1a: Sneasler|Dire Claw|p2a: Rabbo\n|-damage|p2a: Rabbo|0 fnt\n|faint|p2a: Rabbo\n|\n|-heal|p1a: Sneasler|43\/100 brn|[from] Grassy Terrain\n|-damage|p1a: Sneasler|37\/100 brn|[from] brn\n|-fieldend|move: Grassy Terrain\n|upkeep\n|\n|t:|1699714425\n|switch|p2a: TRY ME|Goodra-Hisui, M|100\/100\n|turn|9\n|\n|t:|1699714431\n|-terastallize|p2a: TRY ME|Flying\n|move|p1a: Sneasler|Close Combat|p2a: TRY ME\n|-resisted|p2a: TRY ME\n|-damage|p2a: TRY ME|70\/100\n|-unboost|p1a: Sneasler|def|1\n|-unboost|p1a: Sneasler|spd|1\n|move|p2a: TRY ME|Draco Meteor|p1a: Sneasler\n|-damage|p1a: Sneasler|0 fnt\n|-unboost|p2a: TRY ME|spa|2\n|faint|p1a: Sneasler\n|\n|upkeep\n|\n|t:|1699714439\n|switch|p1a: Garganacl|Garganacl, F|100\/100\n|turn|10\n|\n|t:|1699714444\n|switch|p2a: Monke|Rillaboom, M|100\/100\n|-fieldstart|move: Grassy Terrain|[from] ability: Grassy Surge|[of] p2a: Monke\n|move|p1a: Garganacl|Body Press|p2a: Monke\n|-damage|p2a: Monke|70\/100\n|\n|-heal|p2a: Monke|76\/100|[from] Grassy Terrain\n|upkeep\n|turn|11\n|\n|t:|1699714448\n|move|p2a: Monke|Wood Hammer|p1a: Garganacl\n|-supereffective|p1a: Garganacl\n|-damage|p1a: Garganacl|0 fnt\n|faint|p1a: Garganacl\n|-damage|p2a: Monke|37\/100|[from] Recoil\n|\n|-heal|p2a: Monke|44\/100|[from] Grassy Terrain\n|upkeep\n|\n|t:|1699714454\n|switch|p1a: Gliscor|Gliscor, M|100\/100\n|turn|12\n|\n|t:|1699714466\n|switch|p2a: TRY ME|Goodra-Hisui, M, tera:Flying|70\/100\n|move|p1a: Gliscor|Earthquake|p2a: TRY ME\n|-immune|p2a: TRY ME\n|\n|-status|p1a: Gliscor|tox|[from] item: Toxic Orb\n|upkeep\n|turn|13\n|\n|t:|1699714479\n|move|p1a: Gliscor|Toxic|p2a: TRY ME\n|-status|p2a: TRY ME|tox\n|move|p2a: TRY ME|Surf|p1a: Gliscor\n|-supereffective|p1a: Gliscor\n|-damage|p1a: Gliscor|38\/100 tox\n|\n|-heal|p1a: Gliscor|51\/100 tox|[from] ability: Poison Heal\n|-damage|p2a: TRY ME|64\/100 tox|[from] psn\n|upkeep\n|turn|14\n|\n|t:|1699714494\n|switch|p2a: The ONE|Iron Valiant|100\/100\n|-enditem|p2a: The ONE|Booster Energy\n|-activate|p2a: The ONE|ability: Quark Drive|[fromitem]\n|-start|p2a: The ONE|quarkdrivespe\n|move|p1a: Gliscor|Protect||[still]\n|-fail|p1a: Gliscor\n|\n|-heal|p1a: Gliscor|63\/100 tox|[from] ability: Poison Heal\n|-fieldend|move: Grassy Terrain\n|upkeep\n|turn|15\n|\n|t:|1699714503\n|move|p2a: The ONE|Moonblast|p1a: Gliscor\n|-damage|p1a: Gliscor|7\/100 tox\n|move|p1a: Gliscor|Toxic|p2a: The ONE\n|-status|p2a: The ONE|tox\n|\n|-damage|p2a: The ONE|94\/100 tox|[from] psn\n|-heal|p1a: Gliscor|19\/100 tox|[from] ability: Poison Heal\n|upkeep\n|turn|16\n|\n|t:|1699714507\n|move|p1a: Gliscor|Protect|p1a: Gliscor\n|-singleturn|p1a: Gliscor|Protect\n|move|p2a: The ONE|Moonblast|p1a: Gliscor\n|-activate|p1a: Gliscor|move: Protect\n|\n|-damage|p2a: The ONE|82\/100 tox|[from] psn\n|-heal|p1a: Gliscor|32\/100 tox|[from] ability: Poison Heal\n|upkeep\n|turn|17\n|\n|t:|1699714518\n|move|p1a: Gliscor|Protect||[still]\n|-fail|p1a: Gliscor\n|move|p2a: The ONE|Moonblast|p1a: Gliscor\n|-damage|p1a: Gliscor|0 fnt\n|faint|p1a: Gliscor\n|\n|-damage|p2a: The ONE|63\/100 tox|[from] psn\n|upkeep\n|\n|t:|1699714532\n|switch|p1a: Ogerpon|Ogerpon-Wellspring, F|100\/100\n|turn|18\n|\n|t:|1699714539\n|move|p2a: The ONE|Thunderbolt|p1a: Ogerpon\n|-damage|p1a: Ogerpon|64\/100\n|move|p1a: Ogerpon|Ivy Cudgel|p2a: The ONE\n|-damage|p2a: The ONE|0 fnt\n|faint|p2a: The ONE\n|-end|p2a: The ONE|Quark Drive|[silent]\n|\n|upkeep\n|\n|t:|1699714545\n|switch|p2a: Monke|Rillaboom, M|44\/100\n|-fieldstart|move: Grassy Terrain|[from] ability: Grassy Surge|[of] p2a: Monke\n|turn|19\n|inactive|ombix has 120 seconds left.\n|\n|t:|1699714581\n|move|p1a: Ogerpon|Horn Leech|p2a: Monke\n|-resisted|p2a: Monke\n|-damage|p2a: Monke|15\/100\n|-heal|p1a: Ogerpon|80\/100|[from] drain|[of] p2a: Monke\n|move|p2a: Monke|U-turn|p1a: Ogerpon\n|-supereffective|p1a: Ogerpon\n|-damage|p1a: Ogerpon|0 fnt\n|faint|p1a: Ogerpon\n|\n|t:|1699714589\n|switch|p2a: Sorry I win!|Sneasler, F, shiny|100\/100|[from] U-turn\n|-enditem|p2a: Sorry I win!|Grassy Seed\n|-boost|p2a: Sorry I win!|def|1|[from] item: Grassy Seed\n|\n|upkeep\n|\n|t:|1699714592\n|switch|p1a: Cinderace|Cinderace, F|100\/100\n|turn|20\n|\n|t:|1699714597\n|move|p2a: Sorry I win!|Swords Dance|p2a: Sorry I win!\n|-boost|p2a: Sorry I win!|atk|2\n|move|p1a: Cinderace|Pyro Ball|p2a: Sorry I win!\n|-damage|p2a: Sorry I win!|50\/100\n|\n|-heal|p2a: Sorry I win!|57\/100|[from] Grassy Terrain\n|upkeep\n|turn|21\n|\n|t:|1699714600\n|move|p2a: Sorry I win!|Close Combat|p1a: Cinderace\n|-damage|p1a: Cinderace|0 fnt\n|-unboost|p2a: Sorry I win!|def|1\n|-unboost|p2a: Sorry I win!|spd|1\n|faint|p1a: Cinderace\n|\n|win|LonevetZ1\n|raw|ombix's rating: 1207 &rarr; <strong>1185<\/strong><br \/>(-22 for losing)\n|raw|LonevetZ1's rating: 1249 &rarr; <strong>1271<\/strong><br \/>(+22 for winning)\n|l|\u2606ombix\n|c|\u2606LonevetZ1|gg\n","uploadtime":1699714606,"views":15,"p1id":"ombix","p2id":"lonevetz1","formatid":"gen9ou","rating":1185,"private":0,"password":""}