{"id":"gen9ou-1997148865","p1":"819u50y18b5","p2":"Hoot-hoot Shiny","format":"[Gen 9] OU","log":"|j|\u2606819u50y18b5\n|j|\u2606Hoot-hoot Shiny\n|t:|1700769461\n|gametype|singles\n|player|p1|819u50y18b5|1|1760\n|player|p2|Hoot-hoot Shiny|burglar|1737\n|teamsize|p1|6\n|teamsize|p2|6\n|gen|9\n|tier|[Gen 9] OU\n|rated|\n|rule|Sleep Clause Mod: Limit one foe put to sleep\n|rule|Species Clause: Limit one of each Pok\u00e9mon\n|rule|OHKO Clause: OHKO moves are banned\n|rule|Evasion Items Clause: Evasion items are banned\n|rule|Evasion Moves Clause: Evasion moves are banned\n|rule|Endless Battle Clause: Forcing endless battles is banned\n|rule|HP Percentage Mod: HP is shown in percentages\n|clearpoke\n|poke|p1|Torkoal, M|\n|poke|p1|Cinderace, M|\n|poke|p1|Walking Wake|\n|poke|p1|Great Tusk|\n|poke|p1|Iron Moth|\n|poke|p1|Kingambit, F|\n|poke|p2|Zapdos|\n|poke|p2|Dragonite, F|\n|poke|p2|Garchomp, F|\n|poke|p2|Tyranitar, M|\n|poke|p2|Greninja-*, M|\n|poke|p2|Iron Valiant|\n|teampreview\n|inactive|Battle timer is ON: inactive players will automatically lose when time's up. (requested by 819u50y18b5)\n|\n|t:|1700769467\n|start\n|switch|p1a: Cinderace|Cinderace, M|100\/100\n|switch|p2a: Dragonite|Dragonite, F, shiny|100\/100\n|turn|1\n|\n|t:|1700769471\n|-terastallize|p2a: Dragonite|Normal\n|move|p2a: Dragonite|Extreme Speed|p1a: Cinderace\n|-damage|p1a: Cinderace|0 fnt\n|faint|p1a: Cinderace\n|\n|upkeep\n|\n|t:|1700769479\n|switch|p1a: Felipe VI|Kingambit, F|100\/100\n|-activate|p1a: Felipe VI|ability: Supreme Overlord\n|-start|p1a: Felipe VI|fallen1|[silent]\n|turn|2\n|\n|t:|1700769485\n|switch|p2a: Garchomp|Garchomp, F|100\/100\n|move|p1a: Felipe VI|Swords Dance|p1a: Felipe VI\n|-boost|p1a: Felipe VI|atk|2\n|\n|upkeep\n|turn|3\n|j| dfghhhg\n|\n|t:|1700769493\n|-terastallize|p1a: Felipe VI|Flying\n|move|p1a: Felipe VI|Tera Blast|p2a: Garchomp|[anim] Tera Blast Flying\n|-damage|p2a: Garchomp|32\/100\n|move|p2a: Garchomp|Dragon Tail|p1a: Felipe VI\n|-damage|p1a: Felipe VI|83\/100\n|-end|p1a: Felipe VI|fallen1|[silent]\n|drag|p1a: Dumbo|Great Tusk|100\/100\n|\n|upkeep\n|turn|4\n|\n|t:|1700769502\n|move|p1a: Dumbo|Ice Spinner|p2a: Garchomp\n|-supereffective|p2a: Garchomp\n|-damage|p2a: Garchomp|0 fnt\n|-damage|p1a: Dumbo|88\/100|[from] ability: Rough Skin|[of] p2a: Garchomp\n|-damage|p1a: Dumbo|72\/100|[from] item: Rocky Helmet|[of] p2a: Garchomp\n|faint|p2a: Garchomp\n|\n|-heal|p1a: Dumbo|78\/100|[from] item: Leftovers\n|upkeep\n|\n|t:|1700769507\n|switch|p2a: Zapdos|Zapdos|100\/100\n|turn|5\n|\n|t:|1700769512\n|-end|p1a: Dumbo|Protosynthesis|[silent]\n|switch|p1a: Torkoal|Torkoal, M|100\/100\n|-weather|SunnyDay|[from] ability: Drought|[of] p1a: Torkoal\n|move|p2a: Zapdos|Hurricane|p1a: Torkoal\n|-damage|p1a: Torkoal|47\/100\n|\n|-weather|SunnyDay|[upkeep]\n|upkeep\n|turn|6\n|\n|t:|1700769523\n|switch|p1a: Walking Wake|Walking Wake|100\/100\n|-activate|p1a: Walking Wake|ability: Protosynthesis\n|-start|p1a: Walking Wake|protosynthesisspe\n|move|p2a: Zapdos|Volt Switch|p1a: Walking Wake\n|-damage|p1a: Walking Wake|62\/100\n|\n|t:|1700769529\n|switch|p2a: Iron Valiant|Iron Valiant|100\/100|[from] Volt Switch\n|-enditem|p2a: Iron Valiant|Booster Energy\n|-activate|p2a: Iron Valiant|ability: Quark Drive|[fromitem]\n|-start|p2a: Iron Valiant|quarkdrivespe\n|\n|-weather|SunnyDay|[upkeep]\n|upkeep\n|turn|7\n|\n|t:|1700769540\n|-end|p1a: Walking Wake|Protosynthesis|[silent]\n|switch|p1a: Polilla de Hierro|Iron Moth|100\/100\n|-enditem|p1a: Polilla de Hierro|Booster Energy\n|-activate|p1a: Polilla de Hierro|ability: Quark Drive|[fromitem]\n|-start|p1a: Polilla de Hierro|quarkdrivespe\n|move|p2a: Iron Valiant|Close Combat|p1a: Polilla de Hierro\n|-resisted|p1a: Polilla de Hierro\n|-damage|p1a: Polilla de Hierro|63\/100\n|-unboost|p2a: Iron Valiant|def|1\n|-unboost|p2a: Iron Valiant|spd|1\n|\n|-weather|SunnyDay|[upkeep]\n|upkeep\n|turn|8\n|\n|t:|1700769545\n|-end|p2a: Iron Valiant|Quark Drive|[silent]\n|switch|p2a: Tyranitar|Tyranitar, M|100\/100\n|-weather|Sandstorm|[from] ability: Sand Stream|[of] p2a: Tyranitar\n|move|p1a: Polilla de Hierro|Fiery Dance|p2a: Tyranitar\n|-resisted|p2a: Tyranitar\n|-damage|p2a: Tyranitar|92\/100\n|\n|-weather|Sandstorm|[upkeep]\n|-damage|p1a: Polilla de Hierro|57\/100|[from] Sandstorm\n|upkeep\n|turn|9\n|j| tap water gang\n|\n|t:|1700769554\n|-end|p1a: Polilla de Hierro|Quark Drive|[silent]\n|switch|p1a: Dumbo|Great Tusk|78\/100\n|move|p2a: Tyranitar|Ice Beam|p1a: Dumbo\n|-supereffective|p1a: Dumbo\n|-damage|p1a: Dumbo|18\/100\n|\n|-weather|Sandstorm|[upkeep]\n|-heal|p1a: Dumbo|24\/100|[from] item: Leftovers\n|upkeep\n|turn|10\n|\n|t:|1700769564\n|switch|p2a: Dragonite|Dragonite, F, shiny, tera:Normal|100\/100\n|move|p1a: Dumbo|Rapid Spin|p2a: Dragonite\n|-damage|p2a: Dragonite|90\/100\n|-boost|p1a: Dumbo|spe|1\n|\n|-weather|Sandstorm|[upkeep]\n|-damage|p2a: Dragonite|84\/100|[from] Sandstorm\n|-heal|p1a: Dumbo|30\/100|[from] item: Leftovers\n|upkeep\n|turn|11\n|\n|t:|1700769574\n|move|p2a: Dragonite|Extreme Speed|p1a: Dumbo\n|-damage|p1a: Dumbo|0 fnt\n|faint|p1a: Dumbo\n|-end|p1a: Dumbo|Protosynthesis|[silent]\n|\n|-weather|Sandstorm|[upkeep]\n|-damage|p2a: Dragonite|78\/100|[from] Sandstorm\n|upkeep\n|\n|t:|1700769585\n|switch|p1a: Torkoal|Torkoal, M|47\/100\n|-weather|SunnyDay|[from] ability: Drought|[of] p1a: Torkoal\n|turn|12\n|\n|t:|1700769590\n|switch|p2a: Tyranitar|Tyranitar, M|92\/100\n|-weather|Sandstorm|[from] ability: Sand Stream|[of] p2a: Tyranitar\n|move|p1a: Torkoal|Yawn|p2a: Tyranitar\n|-start|p2a: Tyranitar|move: Yawn|[of] p1a: Torkoal\n|\n|-weather|Sandstorm|[upkeep]\n|-damage|p1a: Torkoal|41\/100|[from] Sandstorm\n|upkeep\n|turn|13\n|\n|t:|1700769595\n|switch|p2a: Dragonite|Dragonite, F, shiny, tera:Normal|78\/100\n|move|p1a: Torkoal|Stealth Rock|p2a: Dragonite\n|-sidestart|p2: Hoot-hoot Shiny|move: Stealth Rock\n|\n|-weather|Sandstorm|[upkeep]\n|-damage|p2a: Dragonite|71\/100|[from] Sandstorm\n|-damage|p1a: Torkoal|35\/100|[from] Sandstorm\n|upkeep\n|turn|14\n|\n|t:|1700769600\n|move|p2a: Dragonite|Extreme Speed|p1a: Torkoal\n|-damage|p1a: Torkoal|0 fnt\n|faint|p1a: Torkoal\n|\n|-weather|Sandstorm|[upkeep]\n|-damage|p2a: Dragonite|65\/100|[from] Sandstorm\n|upkeep\n|\n|t:|1700769609\n|switch|p1a: Felipe VI|Kingambit, F, tera:Flying|83\/100\n|-activate|p1a: Felipe VI|ability: Supreme Overlord\n|-start|p1a: Felipe VI|fallen3|[silent]\n|turn|15\n|\n|t:|1700769614\n|switch|p2a: Zapdos|Zapdos|100\/100\n|move|p1a: Felipe VI|Tera Blast|p2a: Zapdos|[anim] Tera Blast Flying\n|-resisted|p2a: Zapdos\n|-damage|p2a: Zapdos|74\/100\n|\n|-weather|Sandstorm|[upkeep]\n|-damage|p2a: Zapdos|68\/100|[from] Sandstorm\n|-damage|p1a: Felipe VI|77\/100|[from] Sandstorm\n|-heal|p1a: Felipe VI|83\/100|[from] item: Leftovers\n|upkeep\n|turn|16\n|\n|t:|1700769620\n|-end|p1a: Felipe VI|fallen3|[silent]\n|switch|p1a: Walking Wake|Walking Wake|62\/100\n|move|p2a: Zapdos|Volt Switch|p1a: Walking Wake\n|-damage|p1a: Walking Wake|22\/100\n|\n|t:|1700769623\n|switch|p2a: Dragonite|Dragonite, F, shiny, tera:Normal|65\/100|[from] Volt Switch\n|-damage|p2a: Dragonite|53\/100|[from] Stealth Rock\n|\n|-weather|none\n|upkeep\n|turn|17\n|\n|t:|1700769630\n|move|p2a: Dragonite|Extreme Speed|p1a: Walking Wake\n|-damage|p1a: Walking Wake|0 fnt\n|faint|p1a: Walking Wake\n|-end|p1a: Walking Wake|Protosynthesis|[silent]\n|\n|upkeep\n|\n|t:|1700769633\n|switch|p1a: Felipe VI|Kingambit, F, tera:Flying|83\/100\n|-activate|p1a: Felipe VI|ability: Supreme Overlord\n|-start|p1a: Felipe VI|fallen4|[silent]\n|turn|18\n|\n|t:|1700769640\n|-end|p1a: Felipe VI|fallen4|[silent]\n|switch|p1a: Polilla de Hierro|Iron Moth|57\/100\n|move|p2a: Dragonite|Extreme Speed|p1a: Polilla de Hierro\n|-damage|p1a: Polilla de Hierro|0 fnt\n|faint|p1a: Polilla de Hierro\n|-end|p1a: Polilla de Hierro|Quark Drive|[silent]\n|\n|upkeep\n|\n|t:|1700769642\n|switch|p1a: Felipe VI|Kingambit, F, tera:Flying|83\/100\n|-activate|p1a: Felipe VI|ability: Supreme Overlord\n|-start|p1a: Felipe VI|fallen5|[silent]\n|turn|19\n|\n|t:|1700769645\n|move|p2a: Dragonite|Extreme Speed|p1a: Felipe VI\n|-damage|p1a: Felipe VI|29\/100\n|move|p1a: Felipe VI|Tera Blast|p2a: Dragonite|[anim] Tera Blast Flying\n|-damage|p2a: Dragonite|0 fnt\n|faint|p2a: Dragonite\n|\n|-heal|p1a: Felipe VI|35\/100|[from] item: Leftovers\n|upkeep\n|\n|t:|1700769650\n|switch|p2a: Iron Valiant|Iron Valiant|100\/100\n|-damage|p2a: Iron Valiant|94\/100|[from] Stealth Rock\n|turn|20\n|\n|t:|1700769654\n|move|p2a: Iron Valiant|Moonblast|p1a: Felipe VI\n|-damage|p1a: Felipe VI|0 fnt\n|faint|p1a: Felipe VI\n|-end|p1a: Felipe VI|fallen5|[silent]\n|\n|win|Hoot-hoot Shiny\n|raw|819u50y18b5's rating: 1760 &rarr; <strong>1739<\/strong><br \/>(-21 for losing)\n|raw|Hoot-hoot Shiny's rating: 1737 &rarr; <strong>1758<\/strong><br \/>(+21 for winning)\n|l|\u2606819u50y18b5\n|l|\u2606Hoot-hoot Shiny\n","uploadtime":1700769696,"views":5,"p1id":"819u50y18b5","p2id":"hoothootshiny","formatid":"gen9ou","rating":1739,"private":0,"password":""}