{"id":"gen9ou-1990726641","p1":"Nightngale","p2":"LTitan9","format":"[Gen 9] OU","log":"|j|\u2606Nightngale\n|j|\u2606LTitan9\n|t:|1699995197\n|gametype|singles\n|player|p1|Nightngale|2|1361\n|player|p2|LTitan9|acetrainer|1262\n|teamsize|p1|6\n|teamsize|p2|6\n|gen|9\n|tier|[Gen 9] OU\n|rated|\n|rule|Sleep Clause Mod: Limit one foe put to sleep\n|rule|Species Clause: Limit one of each Pok\u00e9mon\n|rule|OHKO Clause: OHKO moves are banned\n|rule|Evasion Items Clause: Evasion items are banned\n|rule|Evasion Moves Clause: Evasion moves are banned\n|rule|Endless Battle Clause: Forcing endless battles is banned\n|rule|HP Percentage Mod: HP is shown in percentages\n|clearpoke\n|poke|p1|Ditto|\n|poke|p1|Clefable, F|\n|poke|p1|Sneasler, F|\n|poke|p1|Dragonite, F|\n|poke|p1|Rillaboom, M|\n|poke|p1|Dondozo, F|\n|poke|p2|Iron Valiant|\n|poke|p2|Corviknight, F|\n|poke|p2|Ogerpon-Wellspring, F|\n|poke|p2|Greninja-*, M|\n|poke|p2|Iron Moth|\n|poke|p2|Ting-Lu|\n|teampreview\n|inactive|Battle timer is ON: inactive players will automatically lose when time's up. (requested by Nightngale)\n|\n|t:|1699995207\n|start\n|switch|p1a: Dragon|Dragonite, F, shiny|100\/100\n|switch|p2a: Solcarona|Iron Moth|100\/100\n|-enditem|p2a: Solcarona|Booster Energy\n|-activate|p2a: Solcarona|ability: Quark Drive|[fromitem]\n|-start|p2a: Solcarona|quarkdrivespe\n|turn|1\n|\n|t:|1699995215\n|move|p2a: Solcarona|Substitute|p2a: Solcarona\n|-start|p2a: Solcarona|Substitute\n|-damage|p2a: Solcarona|76\/100\n|move|p1a: Dragon|Earthquake|p2a: Solcarona\n|-supereffective|p2a: Solcarona\n|-end|p2a: Solcarona|Substitute\n|\n|upkeep\n|turn|2\n|\n|t:|1699995219\n|-terastallize|p2a: Solcarona|Grass\n|move|p2a: Solcarona|Substitute|p2a: Solcarona\n|-start|p2a: Solcarona|Substitute\n|-damage|p2a: Solcarona|51\/100\n|move|p1a: Dragon|Earthquake|p2a: Solcarona\n|-resisted|p2a: Solcarona\n|-end|p2a: Solcarona|Substitute\n|\n|upkeep\n|turn|3\n|\n|t:|1699995228\n|move|p1a: Dragon|Extreme Speed|p2a: Solcarona\n|-damage|p2a: Solcarona|3\/100\n|move|p2a: Solcarona|Fiery Dance|p1a: Dragon\n|-resisted|p1a: Dragon\n|-damage|p1a: Dragon|92\/100\n|-boost|p2a: Solcarona|spa|1\n|\n|upkeep\n|turn|4\n|\n|t:|1699995233\n|move|p1a: Dragon|Extreme Speed|p2a: Solcarona\n|-damage|p2a: Solcarona|0 fnt\n|faint|p2a: Solcarona\n|-end|p2a: Solcarona|Quark Drive|[silent]\n|\n|upkeep\n|\n|t:|1699995237\n|switch|p2a: Galladavoir|Iron Valiant|100\/100\n|-enditem|p2a: Galladavoir|Booster Energy\n|-activate|p2a: Galladavoir|ability: Quark Drive|[fromitem]\n|-start|p2a: Galladavoir|quarkdrivespe\n|turn|5\n|\n|t:|1699995250\n|switch|p1a: posioncum|Sneasler, F|100\/100\n|-item|p1a: posioncum|Air Balloon\n|move|p2a: Galladavoir|Moonblast|p1a: posioncum\n|-damage|p1a: posioncum|41\/100\n|-enditem|p1a: posioncum|Air Balloon\n|\n|upkeep\n|turn|6\n|\n|t:|1699995259\n|-end|p2a: Galladavoir|Quark Drive|[silent]\n|switch|p2a: Corviknight|Corviknight, F|100\/100\n|-ability|p2a: Corviknight|Pressure\n|move|p1a: posioncum|Dire Claw|p2a: Corviknight\n|-immune|p2a: Corviknight\n|\n|upkeep\n|turn|7\n|\n|t:|1699995274\n|move|p1a: posioncum|U-turn|p2a: Corviknight\n|-resisted|p2a: Corviknight\n|-damage|p2a: Corviknight|96\/100\n|-damage|p1a: posioncum|25\/100|[from] item: Rocky Helmet|[of] p2a: Corviknight\n|\n|t:|1699995291\n|switch|p1a: Dragon|Dragonite, F, shiny|92\/100|[from] U-turn\n|move|p2a: Corviknight|Brave Bird|p1a: Dragon\n|-damage|p1a: Dragon|60\/100\n|-damage|p2a: Corviknight|86\/100|[from] Recoil\n|\n|upkeep\n|turn|8\n|\n|t:|1699995298\n|move|p1a: Dragon|Thunder Wave|p2a: Corviknight\n|-status|p2a: Corviknight|par\n|move|p2a: Corviknight|U-turn|p1a: Dragon\n|-resisted|p1a: Dragon\n|-damage|p1a: Dragon|53\/100\n|\n|t:|1699995305\n|switch|p2a: Galladavoir|Iron Valiant|100\/100|[from] U-turn\n|\n|upkeep\n|turn|9\n|\n|t:|1699995309\n|move|p1a: Dragon|Extreme Speed|p2a: Galladavoir\n|-damage|p2a: Galladavoir|61\/100\n|move|p2a: Galladavoir|Moonblast|p1a: Dragon\n|-supereffective|p1a: Dragon\n|-damage|p1a: Dragon|0 fnt\n|faint|p1a: Dragon\n|\n|upkeep\n|\n|t:|1699995314\n|switch|p1a: Ditcum|Ditto|100\/100\n|-transform|p1a: Ditcum|p2a: Galladavoir|[from] ability: Imposter\n|turn|10\n|\n|t:|1699995323\n|-end|p2a: Galladavoir|Quark Drive|[silent]\n|switch|p2a: Corviknight|Corviknight, F|86\/100 par\n|-ability|p2a: Corviknight|Pressure\n|move|p1a: Ditcum|Moonblast|p2a: Corviknight\n|-resisted|p2a: Corviknight\n|-damage|p2a: Corviknight|64\/100 par\n|-unboost|p2a: Corviknight|spa|1\n|\n|upkeep\n|turn|11\n|\n|t:|1699995330\n|-end|p1a: Ditcum|Quark Drive|[silent]\n|switch|p1a: Clefcum|Clefable, F|100\/100\n|move|p2a: Corviknight|Brave Bird|p1a: Clefcum\n|-damage|p1a: Clefcum|64\/100\n|-damage|p2a: Corviknight|53\/100 par|[from] Recoil\n|\n|upkeep\n|turn|12\n|\n|t:|1699995341\n|move|p1a: Clefcum|Cosmic Power|p1a: Clefcum\n|-boost|p1a: Clefcum|def|1\n|-boost|p1a: Clefcum|spd|1\n|cant|p2a: Corviknight|par\n|\n|upkeep\n|turn|13\n|\n|t:|1699995346\n|move|p1a: Clefcum|Cosmic Power|p1a: Clefcum\n|-boost|p1a: Clefcum|def|1\n|-boost|p1a: Clefcum|spd|1\n|move|p2a: Corviknight|Roost|p2a: Corviknight\n|-heal|p2a: Corviknight|100\/100 par\n|-singleturn|p2a: Corviknight|move: Roost\n|\n|upkeep\n|turn|14\n|\n|t:|1699995368\n|move|p1a: Clefcum|Moonlight|p1a: Clefcum\n|-heal|p1a: Clefcum|100\/100\n|cant|p2a: Corviknight|par\n|\n|upkeep\n|turn|15\n|-message|LTitan9 forfeited.\n|\n|win|Nightngale\n|raw|Nightngale's rating: 1361 &rarr; <strong>1375<\/strong><br \/>(+14 for winning)\n|raw|LTitan9's rating: 1262 &rarr; <strong>1244<\/strong><br \/>(-18 for losing)\n|l|\u2606LTitan9\n","uploadtime":1699995389,"views":10,"p1id":"nightngale","p2id":"ltitan9","formatid":"gen9ou","rating":1244,"private":0,"password":""}