{"id":"gen9ou-1988315231","p1":"Gnaark","p2":"Aleexq","format":"[Gen 9] OU","log":"|j|\u2606Gnaark\n|j|\u2606Aleexq\n|t:|1699707130\n|gametype|singles\n|player|p1|Gnaark|2|1625\n|player|p2|Aleexq|169|1510\n|teamsize|p1|6\n|teamsize|p2|6\n|gen|9\n|tier|[Gen 9] OU\n|rated|\n|rule|Sleep Clause Mod: Limit one foe put to sleep\n|rule|Species Clause: Limit one of each Pok\u00e9mon\n|rule|OHKO Clause: OHKO moves are banned\n|rule|Evasion Items Clause: Evasion items are banned\n|rule|Evasion Moves Clause: Evasion moves are banned\n|rule|Endless Battle Clause: Forcing endless battles is banned\n|rule|HP Percentage Mod: HP is shown in percentages\n|clearpoke\n|poke|p1|Weavile, F|\n|poke|p1|Iron Moth|\n|poke|p1|Rillaboom, M|\n|poke|p1|Dragapult, F|\n|poke|p1|Ogerpon-Cornerstone, F|\n|poke|p1|Greninja-*, M|\n|poke|p2|Great Tusk|\n|poke|p2|Pelipper, M|\n|poke|p2|Barraskewda, M|\n|poke|p2|Thundurus-Therian, M|\n|poke|p2|Overqwil, F|\n|poke|p2|Muk-Alola, M|\n|teampreview\n|\n|t:|1699707157\n|start\n|switch|p1a: Ogerpon|Ogerpon-Cornerstone, F|100\/100\n|switch|p2a: Muk|Muk-Alola, M|100\/100\n|turn|1\n|j| Kyurem\n|\n|t:|1699707170\n|move|p1a: Ogerpon|Ivy Cudgel|p2a: Muk\n|-damage|p2a: Muk|43\/100\n|move|p2a: Muk|Poison Jab|p1a: Ogerpon\n|-damage|p1a: Ogerpon|53\/100\n|\n|upkeep\n|turn|2\n|\n|t:|1699707175\n|switch|p2a: Great Tusk|Great Tusk, shiny|100\/100\n|move|p1a: Ogerpon|Ivy Cudgel|p2a: Great Tusk\n|-resisted|p2a: Great Tusk\n|-damage|p2a: Great Tusk|93\/100\n|\n|upkeep\n|turn|3\n|\n|t:|1699707182\n|move|p1a: Ogerpon|Power Whip|p2a: Great Tusk|[miss]\n|-miss|p1a: Ogerpon|p2a: Great Tusk\n|move|p2a: Great Tusk|Rapid Spin|p1a: Ogerpon\n|-resisted|p1a: Ogerpon\n|-damage|p1a: Ogerpon|44\/100\n|-boost|p2a: Great Tusk|spe|1\n|\n|upkeep\n|turn|4\n|\n|t:|1699707186\n|move|p1a: Ogerpon|Power Whip|p2a: Great Tusk\n|-supereffective|p2a: Great Tusk\n|-damage|p2a: Great Tusk|31\/100\n|-damage|p1a: Ogerpon|27\/100|[from] item: Rocky Helmet|[of] p2a: Great Tusk\n|move|p2a: Great Tusk|Body Press|p1a: Ogerpon\n|-supereffective|p1a: Ogerpon\n|-damage|p1a: Ogerpon|0 fnt\n|faint|p1a: Ogerpon\n|\n|upkeep\n|\n|t:|1699707211\n|switch|p1a: Weavile|Weavile, F|100\/100\n|-ability|p1a: Weavile|Pressure\n|turn|5\n|\n|t:|1699707232\n|move|p1a: Weavile|Icicle Crash|p2a: Great Tusk\n|-supereffective|p2a: Great Tusk\n|-damage|p2a: Great Tusk|0 fnt\n|faint|p2a: Great Tusk\n|-end|p2a: Great Tusk|Protosynthesis|[silent]\n|\n|upkeep\n|\n|t:|1699707234\n|switch|p2a: Pelipper|Pelipper, M|100\/100\n|-weather|RainDance|[from] ability: Drizzle|[of] p2a: Pelipper\n|turn|6\n|\n|t:|1699707254\n|move|p1a: Weavile|Knock Off|p2a: Pelipper\n|-damage|p2a: Pelipper|38\/100\n|-enditem|p2a: Pelipper|Damp Rock|[from] move: Knock Off|[of] p1a: Weavile\n|move|p2a: Pelipper|U-turn|p1a: Weavile\n|-supereffective|p1a: Weavile\n|-damage|p1a: Weavile|68\/100\n|inactive|Battle timer is ON: inactive players will automatically lose when time's up. (requested by Aleexq)\n|\n|t:|1699707257\n|switch|p2a: Barraskewda|Barraskewda, M|100\/100|[from] U-turn\n|\n|-weather|RainDance|[upkeep]\n|upkeep\n|turn|7\n|\n|t:|1699707273\n|move|p1a: Weavile|Ice Shard|p2a: Barraskewda\n|-resisted|p2a: Barraskewda\n|-damage|p2a: Barraskewda|77\/100\n|move|p2a: Barraskewda|Flip Turn|p1a: Weavile\n|-damage|p1a: Weavile|0 fnt\n|faint|p1a: Weavile\n|-damage|p2a: Barraskewda|67\/100|[from] item: Life Orb\n|\n|t:|1699707280\n|switch|p2a: Overqwil|Overqwil, F|100\/100|[from] Flip Turn\n|\n|-weather|RainDance|[upkeep]\n|upkeep\n|inactive|Gnaark has 120 seconds left.\n|\n|t:|1699707321\n|switch|p1a: Greninja|Greninja, M|100\/100\n|turn|8\n|\n|t:|1699707327\n|-terastallize|p2a: Overqwil|Water\n|move|p2a: Overqwil|Swords Dance|p2a: Overqwil\n|-boost|p2a: Overqwil|atk|2\n|move|p1a: Greninja|Surf|p2a: Overqwil\n|-resisted|p2a: Overqwil\n|-damage|p2a: Overqwil|57\/100\n|\n|-weather|RainDance|[upkeep]\n|upkeep\n|turn|9\n|inactive|Gnaark has 120 seconds left.\n|\n|t:|1699707362\n|switch|p1a: Dragapult|Dragapult, F|100\/100\n|move|p2a: Overqwil|Poison Jab|p1a: Dragapult\n|-resisted|p1a: Dragapult\n|-damage|p1a: Dragapult|40\/100\n|-status|p1a: Dragapult|psn\n|\n|-weather|RainDance|[upkeep]\n|-damage|p1a: Dragapult|28\/100 psn|[from] psn\n|upkeep\n|turn|10\n|\n|t:|1699707374\n|move|p2a: Overqwil|Poison Jab|p1a: Dragapult\n|-resisted|p1a: Dragapult\n|-damage|p1a: Dragapult|0 fnt\n|faint|p1a: Dragapult\n|\n|-weather|RainDance|[upkeep]\n|upkeep\n|inactive|Gnaark has 90 seconds left.\n|\n|t:|1699707397\n|switch|p1a: Rillaboom|Rillaboom, M|100\/100\n|-fieldstart|move: Grassy Terrain|[from] ability: Grassy Surge|[of] p1a: Rillaboom\n|turn|11\n|\n|t:|1699707417\n|move|p1a: Rillaboom|Grassy Glide|p2a: Overqwil\n|-supereffective|p2a: Overqwil\n|-damage|p2a: Overqwil|0 fnt\n|faint|p2a: Overqwil\n|\n|-weather|RainDance|[upkeep]\n|upkeep\n|\n|t:|1699707419\n|switch|p2a: Thundurus|Thundurus-Therian, M|100\/100\n|turn|12\n|\n|t:|1699707426\n|switch|p1a: Iron Moth|Iron Moth|100\/100\n|-enditem|p1a: Iron Moth|Booster Energy\n|-activate|p1a: Iron Moth|ability: Quark Drive|[fromitem]\n|-start|p1a: Iron Moth|quarkdrivespe\n|move|p2a: Thundurus|Thunder|p1a: Iron Moth\n|-damage|p1a: Iron Moth|11\/100\n|-status|p1a: Iron Moth|par\n|\n|-weather|RainDance|[upkeep]\n|-heal|p1a: Iron Moth|17\/100 par|[from] Grassy Terrain\n|upkeep\n|turn|13\n|inactive|Gnaark has 90 seconds left.\n|\n|t:|1699707436\n|move|p2a: Thundurus|Thunder|p1a: Iron Moth\n|-damage|p1a: Iron Moth|0 fnt\n|faint|p1a: Iron Moth\n|-end|p1a: Iron Moth|Quark Drive|[silent]\n|\n|-weather|none\n|upkeep\n|\n|t:|1699707438\n|switch|p1a: Greninja|Greninja, M|100\/100\n|turn|14\n|\n|t:|1699707446\n|move|p1a: Greninja|Ice Beam|p2a: Thundurus\n|-supereffective|p2a: Thundurus\n|-damage|p2a: Thundurus|29\/100\n|move|p2a: Thundurus|Thunder|p1a: Greninja\n|-supereffective|p1a: Greninja\n|-damage|p1a: Greninja|0 fnt\n|faint|p1a: Greninja\n|\n|upkeep\n|\n|t:|1699707457\n|switch|p1a: Rillaboom|Rillaboom, M|100\/100\n|turn|15\n|\n|t:|1699707465\n|switch|p2a: Pelipper|Pelipper, M|38\/100\n|-weather|RainDance|[from] ability: Drizzle|[of] p2a: Pelipper\n|-terastallize|p1a: Rillaboom|Grass\n|move|p1a: Rillaboom|Grassy Glide|p2a: Pelipper\n|-damage|p2a: Pelipper|0 fnt\n|faint|p2a: Pelipper\n|\n|-weather|RainDance|[upkeep]\n|-fieldend|move: Grassy Terrain\n|upkeep\n|\n|t:|1699707469\n|switch|p2a: Muk|Muk-Alola, M|43\/100\n|turn|16\n|\n|t:|1699707472\n|move|p1a: Rillaboom|Grassy Glide|p2a: Muk\n|-resisted|p2a: Muk\n|-damage|p2a: Muk|13\/100\n|move|p2a: Muk|Poison Jab|p1a: Rillaboom\n|-supereffective|p1a: Rillaboom\n|-crit|p1a: Rillaboom\n|-damage|p1a: Rillaboom|0 fnt\n|faint|p1a: Rillaboom\n|\n|win|Aleexq\n|raw|Gnaark's rating: 1625 &rarr; <strong>1599<\/strong><br \/>(-26 for losing)\n|raw|Aleexq's rating: 1510 &rarr; <strong>1536<\/strong><br \/>(+26 for winning)\n|l|\u2606Gnaark\n|l|\u2606Aleexq\n","uploadtime":1699707817,"views":18,"p1id":"gnaark","p2id":"aleexq","formatid":"gen9ou","rating":1536,"private":0,"password":""}