{"id":"gen9ou-1994739578","p1":"abstract119","p2":"Cranberru22","format":"[Gen 9] OU","log":"|j|\u2606abstract119\n|j|\u2606Cranberru22\n|t:|1700487778\n|gametype|singles\n|player|p1|abstract119|flannery|1031\n|player|p2|Cranberru22|2|1094\n|teamsize|p1|6\n|teamsize|p2|6\n|gen|9\n|tier|[Gen 9] OU\n|rated|\n|rule|Sleep Clause Mod: Limit one foe put to sleep\n|rule|Species Clause: Limit one of each Pok\u00e9mon\n|rule|OHKO Clause: OHKO moves are banned\n|rule|Evasion Items Clause: Evasion items are banned\n|rule|Evasion Moves Clause: Evasion moves are banned\n|rule|Endless Battle Clause: Forcing endless battles is banned\n|rule|HP Percentage Mod: HP is shown in percentages\n|clearpoke\n|poke|p1|Basculegion-F, F|\n|poke|p1|Pelipper, F|\n|poke|p1|Great Tusk|\n|poke|p1|Scizor, M|\n|poke|p1|Thundurus-Therian, M|\n|poke|p1|Moltres|\n|poke|p2|Torkoal, M|\n|poke|p2|Charizard, M|\n|poke|p2|Volcanion|\n|poke|p2|Pelipper, F|\n|poke|p2|Beartic, F|\n|poke|p2|Walking Wake|\n|teampreview\n|inactive|Battle timer is ON: inactive players will automatically lose when time's up. (requested by abstract119)\n|\n|t:|1700487792\n|start\n|switch|p1a: Thundurus|Thundurus-Therian, M|100\/100\n|switch|p2a: Torkoal|Torkoal, M|100\/100\n|-weather|SunnyDay|[from] ability: Drought|[of] p2a: Torkoal\n|turn|1\n|\n|t:|1700487798\n|move|p1a: Thundurus|Volt Switch|p2a: Torkoal\n|-damage|p2a: Torkoal|64\/100\n|\n|t:|1700487802\n|switch|p1a: Pelipper|Pelipper, F|100\/100|[from] Volt Switch\n|-weather|RainDance|[from] ability: Drizzle|[of] p1a: Pelipper\n|move|p2a: Torkoal|Yawn|p1a: Pelipper\n|-start|p1a: Pelipper|move: Yawn|[of] p2a: Torkoal\n|\n|-weather|RainDance|[upkeep]\n|upkeep\n|turn|2\n|\n|t:|1700487811\n|switch|p2a: Beartic|Beartic, F|100\/100\n|-terastallize|p1a: Pelipper|Electric\n|move|p1a: Pelipper|Tera Blast|p2a: Beartic|[anim] Tera Blast Electric\n|-damage|p2a: Beartic|39\/100\n|\n|-weather|RainDance|[upkeep]\n|-end|p1a: Pelipper|move: Yawn|[silent]\n|-status|p1a: Pelipper|slp\n|upkeep\n|turn|3\n|\n|t:|1700487818\n|switch|p1a: Great Tusk|Great Tusk|100\/100\n|move|p2a: Beartic|Icicle Crash|p1a: Great Tusk\n|-supereffective|p1a: Great Tusk\n|-damage|p1a: Great Tusk|24\/100\n|-damage|p2a: Beartic|29\/100|[from] item: Life Orb\n|\n|-weather|RainDance|[upkeep]\n|upkeep\n|turn|4\n|\n|t:|1700487822\n|move|p2a: Beartic|Liquidation|p1a: Great Tusk\n|-supereffective|p1a: Great Tusk\n|-damage|p1a: Great Tusk|0 fnt\n|faint|p1a: Great Tusk\n|-end|p1a: Great Tusk|Protosynthesis|[silent]\n|-damage|p2a: Beartic|20\/100|[from] item: Life Orb\n|\n|-weather|RainDance|[upkeep]\n|upkeep\n|\n|t:|1700487825\n|switch|p1a: Scizor|Scizor, M|100\/100\n|turn|5\n|\n|t:|1700487829\n|switch|p2a: Torkoal|Torkoal, M|64\/100\n|-weather|SunnyDay|[from] ability: Drought|[of] p2a: Torkoal\n|move|p1a: Scizor|Bullet Punch|p2a: Torkoal\n|-resisted|p2a: Torkoal\n|-damage|p2a: Torkoal|54\/100\n|\n|-weather|SunnyDay|[upkeep]\n|upkeep\n|turn|6\n|\n|t:|1700487833\n|move|p1a: Scizor|Rain Dance|p1a: Scizor\n|-weather|RainDance\n|move|p2a: Torkoal|Will-O-Wisp|p1a: Scizor\n|-status|p1a: Scizor|brn\n|\n|-weather|RainDance|[upkeep]\n|-damage|p1a: Scizor|94\/100 brn|[from] brn\n|upkeep\n|turn|7\n|\n|t:|1700487842\n|move|p1a: Scizor|U-turn|p2a: Torkoal\n|-resisted|p2a: Torkoal\n|-damage|p2a: Torkoal|48\/100\n|\n|t:|1700487847\n|switch|p1a: Thundurus|Thundurus-Therian, M|100\/100|[from] U-turn\n|move|p2a: Torkoal|Stealth Rock|p1a: Thundurus\n|-sidestart|p1: abstract119|move: Stealth Rock\n|\n|-weather|RainDance|[upkeep]\n|upkeep\n|turn|8\n|\n|t:|1700487850\n|switch|p2a: Walking Wake|Walking Wake|100\/100\n|-enditem|p2a: Walking Wake|Booster Energy\n|-activate|p2a: Walking Wake|ability: Protosynthesis|[fromitem]\n|-start|p2a: Walking Wake|protosynthesisspe\n|move|p1a: Thundurus|Volt Switch|p2a: Walking Wake\n|-damage|p2a: Walking Wake|52\/100\n|\n|t:|1700487859\n|switch|p1a: Basculegion|Basculegion-F, F|100\/100|[from] Volt Switch\n|-damage|p1a: Basculegion|88\/100|[from] Stealth Rock\n|\n|-weather|RainDance|[upkeep]\n|upkeep\n|turn|9\n|\n|t:|1700487870\n|switch|p1a: Scizor|Scizor, M|94\/100 brn\n|-damage|p1a: Scizor|82\/100 brn|[from] Stealth Rock\n|move|p2a: Walking Wake|Hurricane|p1a: Scizor\n|-damage|p1a: Scizor|50\/100 brn\n|-start|p1a: Scizor|confusion\n|\n|-weather|RainDance|[upkeep]\n|-damage|p1a: Scizor|44\/100 brn|[from] brn\n|upkeep\n|turn|10\n|\n|t:|1700487878\n|move|p2a: Walking Wake|Flamethrower|p1a: Scizor\n|-supereffective|p1a: Scizor\n|-damage|p1a: Scizor|0 fnt\n|faint|p1a: Scizor\n|\n|-weather|RainDance|[upkeep]\n|upkeep\n|\n|t:|1700487889\n|switch|p1a: Basculegion|Basculegion-F, F|88\/100\n|-damage|p1a: Basculegion|76\/100|[from] Stealth Rock\n|turn|11\n|\n|t:|1700487894\n|move|p2a: Walking Wake|Hurricane|p1a: Basculegion\n|-damage|p1a: Basculegion|34\/100\n|move|p1a: Basculegion|Wave Crash|p2a: Walking Wake\n|-resisted|p2a: Walking Wake\n|-damage|p2a: Walking Wake|21\/100\n|-damage|p1a: Basculegion|25\/100|[from] Recoil\n|\n|-weather|RainDance|[upkeep]\n|upkeep\n|turn|12\n|-message|abstract119 forfeited.\n|\n|win|Cranberru22\n|raw|abstract119's rating: 1031 &rarr; <strong>1019<\/strong><br \/>(-12 for losing)\n|raw|Cranberru22's rating: 1094 &rarr; <strong>1115<\/strong><br \/>(+21 for winning)\n|l|\u2606abstract119\n","uploadtime":1700487902,"views":4,"p1id":"abstract119","p2id":"cranberru22","formatid":"gen9ou","rating":1019,"private":0,"password":""}