{"id":"gen9ou-1995173034","p1":"Mr.X&Y97","p2":"s.daninja","format":"[Gen 9] OU","log":"|j|\u2606Mr.X&Y97\n|j|\u2606s.daninja\n|t:|1700530761\n|gametype|singles\n|player|p1|Mr.X&Y97|ingo|1579\n|player|p2|s.daninja|cynthia-gen4|1672\n|teamsize|p1|6\n|teamsize|p2|6\n|gen|9\n|tier|[Gen 9] OU\n|rated|\n|rule|Sleep Clause Mod: Limit one foe put to sleep\n|rule|Species Clause: Limit one of each Pok\u00e9mon\n|rule|OHKO Clause: OHKO moves are banned\n|rule|Evasion Items Clause: Evasion items are banned\n|rule|Evasion Moves Clause: Evasion moves are banned\n|rule|Endless Battle Clause: Forcing endless battles is banned\n|rule|HP Percentage Mod: HP is shown in percentages\n|clearpoke\n|poke|p1|Conkeldurr, M|\n|poke|p1|Dragonite, F|\n|poke|p1|Corviknight, F|\n|poke|p1|Iron Moth|\n|poke|p1|Weavile, F|\n|poke|p1|Kingambit, F|\n|poke|p2|Meowscarada, M|\n|poke|p2|Pawmot, F|\n|poke|p2|Ceruledge, F|\n|poke|p2|Greninja-*, M|\n|poke|p2|Maushold|\n|poke|p2|Iron Valiant|\n|teampreview\n|inactive|Battle timer is ON: inactive players will automatically lose when time's up. (requested by Mr.X&Y97)\n|\n|t:|1700530772\n|start\n|switch|p1a: Solar Wings|Iron Moth|100\/100\n|switch|p2a: Iron Valiant|Iron Valiant|100\/100\n|-enditem|p2a: Iron Valiant|Booster Energy\n|-activate|p2a: Iron Valiant|ability: Quark Drive|[fromitem]\n|-start|p2a: Iron Valiant|quarkdrivespe\n|-enditem|p1a: Solar Wings|Booster Energy\n|-activate|p1a: Solar Wings|ability: Quark Drive|[fromitem]\n|-start|p1a: Solar Wings|quarkdrivespe\n|turn|1\n|\n|t:|1700530791\n|move|p2a: Iron Valiant|Thunderbolt|p1a: Solar Wings\n|-damage|p1a: Solar Wings|76\/100\n|move|p1a: Solar Wings|Sludge Wave|p2a: Iron Valiant\n|-supereffective|p2a: Iron Valiant\n|-damage|p2a: Iron Valiant|0 fnt\n|faint|p2a: Iron Valiant\n|-end|p2a: Iron Valiant|Quark Drive|[silent]\n|\n|upkeep\n|\n|t:|1700530807\n|switch|p2a: Maushold|Maushold|100\/100\n|turn|2\n|\n|t:|1700530818\n|move|p1a: Solar Wings|Fiery Dance|p2a: Maushold\n|-damage|p2a: Maushold|39\/100\n|-boost|p1a: Solar Wings|spa|1\n|move|p2a: Maushold|Tidy Up|p2a: Maushold\n|-boost|p2a: Maushold|atk|1\n|-boost|p2a: Maushold|spe|1\n|\n|upkeep\n|turn|3\n|\n|t:|1700530825\n|move|p2a: Maushold|Population Bomb|p1a: Solar Wings\n|-damage|p1a: Solar Wings|51\/100\n|-damage|p1a: Solar Wings|28\/100\n|-damage|p1a: Solar Wings|5\/100\n|-damage|p1a: Solar Wings|0 fnt\n|faint|p1a: Solar Wings\n|-end|p1a: Solar Wings|Quark Drive|[silent]\n|-hitcount|p1: Solar Wings|4\n|\n|upkeep\n|\n|t:|1700530840\n|switch|p1a: Amorclad Faith|Corviknight, F|100\/100\n|-ability|p1a: Amorclad Faith|Pressure\n|turn|4\n|\n|t:|1700530848\n|switch|p2a: Panchi|Pawmot, F|100\/100\n|move|p1a: Amorclad Faith|Body Press|p2a: Panchi\n|-damage|p2a: Panchi|61\/100\n|\n|upkeep\n|turn|5\n|\n|t:|1700530863\n|move|p2a: Panchi|Nuzzle|p1a: Amorclad Faith\n|-supereffective|p1a: Amorclad Faith\n|-damage|p1a: Amorclad Faith|89\/100\n|-status|p1a: Amorclad Faith|par\n|move|p1a: Amorclad Faith|U-turn|p2a: Panchi\n|-resisted|p2a: Panchi\n|-damage|p2a: Panchi|50\/100\n|\n|t:|1700530870\n|switch|p1a: Smokin Conkle Pack|Conkeldurr, M|100\/100|[from] U-turn\n|\n|-status|p1a: Smokin Conkle Pack|brn|[from] item: Flame Orb\n|upkeep\n|turn|6\n|inactive|s.daninja has 120 seconds left.\n|\n|t:|1700530911\n|move|p1a: Smokin Conkle Pack|Mach Punch|p2a: Panchi\n|-damage|p2a: Panchi|0 fnt\n|faint|p2a: Panchi\n|\n|-damage|p1a: Smokin Conkle Pack|94\/100 brn|[from] brn\n|upkeep\n|\n|t:|1700530919\n|switch|p2a: Flaminhot|Ceruledge, F|100\/100\n|turn|7\n|\n|t:|1700530934\n|move|p2a: Flaminhot|Substitute|p2a: Flaminhot\n|-start|p2a: Flaminhot|Substitute\n|-damage|p2a: Flaminhot|76\/100\n|move|p1a: Smokin Conkle Pack|Knock Off|p2a: Flaminhot\n|-supereffective|p2a: Flaminhot\n|-end|p2a: Flaminhot|Substitute\n|\n|-heal|p2a: Flaminhot|82\/100|[from] item: Leftovers\n|-damage|p1a: Smokin Conkle Pack|88\/100 brn|[from] brn\n|upkeep\n|turn|8\n|inactive|s.daninja has 120 seconds left.\n|\n|t:|1700530957\n|-terastallize|p2a: Flaminhot|Grass\n|move|p2a: Flaminhot|Bulk Up|p2a: Flaminhot\n|-boost|p2a: Flaminhot|atk|1\n|-boost|p2a: Flaminhot|def|1\n|move|p1a: Smokin Conkle Pack|Knock Off|p2a: Flaminhot\n|-damage|p2a: Flaminhot|36\/100\n|-enditem|p2a: Flaminhot|Leftovers|[from] move: Knock Off|[of] p1a: Smokin Conkle Pack\n|\n|-damage|p1a: Smokin Conkle Pack|82\/100 brn|[from] brn\n|upkeep\n|turn|9\n|\n|t:|1700530978\n|-terastallize|p1a: Smokin Conkle Pack|Normal\n|move|p2a: Flaminhot|Bitter Blade|p1a: Smokin Conkle Pack\n|-damage|p1a: Smokin Conkle Pack|27\/100 brn\n|-heal|p2a: Flaminhot|73\/100|[from] drain|[of] p1a: Smokin Conkle Pack\n|move|p1a: Smokin Conkle Pack|Facade|p2a: Flaminhot\n|-damage|p2a: Flaminhot|0 fnt\n|faint|p2a: Flaminhot\n|\n|-damage|p1a: Smokin Conkle Pack|21\/100 brn|[from] brn\n|upkeep\n|inactive|s.daninja has 120 seconds left.\n|\n|t:|1700530991\n|switch|p2a: Xana|Meowscarada, M|100\/100\n|turn|10\n|\n|t:|1700530996\n|switch|p1a: Amorclad Faith|Corviknight, F|89\/100 par\n|-ability|p1a: Amorclad Faith|Pressure\n|move|p2a: Xana|Sucker Punch||[still]\n|-fail|p2a: Xana\n|\n|-heal|p1a: Amorclad Faith|95\/100 par|[from] item: Leftovers\n|upkeep\n|turn|11\n|\n|t:|1700530999\n|move|p2a: Xana|Knock Off|p1a: Amorclad Faith\n|-crit|p1a: Amorclad Faith\n|-damage|p1a: Amorclad Faith|46\/100 par\n|-enditem|p1a: Amorclad Faith|Leftovers|[from] move: Knock Off|[of] p2a: Xana\n|-damage|p2a: Xana|91\/100|[from] item: Life Orb\n|move|p1a: Amorclad Faith|Body Press|p2a: Xana\n|-supereffective|p2a: Xana\n|-damage|p2a: Xana|12\/100\n|\n|upkeep\n|turn|12\n|\n|t:|1700531004\n|move|p2a: Xana|Flower Trick|p1a: Amorclad Faith\n|-resisted|p1a: Amorclad Faith\n|-crit|p1a: Amorclad Faith\n|-damage|p1a: Amorclad Faith|32\/100 par\n|-damage|p2a: Xana|2\/100|[from] item: Life Orb\n|move|p1a: Amorclad Faith|Roost|p1a: Amorclad Faith\n|-heal|p1a: Amorclad Faith|82\/100 par\n|-singleturn|p1a: Amorclad Faith|move: Roost\n|\n|upkeep\n|turn|13\n|\n|t:|1700531009\n|switch|p2a: Greninja|Greninja, M|100\/100\n|move|p1a: Amorclad Faith|Roost|p1a: Amorclad Faith\n|-heal|p1a: Amorclad Faith|100\/100 par\n|-singleturn|p1a: Amorclad Faith|move: Roost\n|\n|upkeep\n|turn|14\n|\n|t:|1700531013\n|move|p2a: Greninja|Surf|p1a: Amorclad Faith\n|-damage|p1a: Amorclad Faith|53\/100 par\n|-damage|p2a: Greninja|91\/100|[from] item: Life Orb\n|move|p1a: Amorclad Faith|Body Press|p2a: Greninja\n|-supereffective|p2a: Greninja\n|-damage|p2a: Greninja|6\/100\n|\n|upkeep\n|turn|15\n|\n|t:|1700531018\n|move|p2a: Greninja|Ice Beam|p1a: Amorclad Faith\n|-damage|p1a: Amorclad Faith|21\/100 par\n|-damage|p2a: Greninja|0 fnt|[from] item: Life Orb\n|faint|p2a: Greninja\n|move|p1a: Amorclad Faith|U-turn|p2: Greninja|[notarget]\n|-fail|p1a: Amorclad Faith\n|\n|upkeep\n|\n|t:|1700531021\n|switch|p2a: Xana|Meowscarada, M|2\/100\n|turn|16\n|-message|s.daninja forfeited.\n|\n|win|Mr.X&Y97\n|raw|Mr.X&amp;Y97's rating: 1579 &rarr; <strong>1604<\/strong><br \/>(+25 for winning)\n|raw|s.daninja's rating: 1672 &rarr; <strong>1647<\/strong><br \/>(-25 for losing)\n|l|\u2606s.daninja\n|c|\u2606Mr.X&Y97|Ggs wp!\n","uploadtime":1700531038,"views":5,"p1id":"mrxy97","p2id":"sdaninja","formatid":"gen9ou","rating":1604,"private":0,"password":""}