{"id":"gen9ou-2000008264","p1":"ruby-yao","p2":"TaxesAreEvil","format":"[Gen 9] OU","log":"|j|\u2606ruby-yao\n|j|\u2606TaxesAreEvil\n|t:|1701140551\n|gametype|singles\n|player|p1|ruby-yao|lucas|1106\n|player|p2|TaxesAreEvil|backpacker|1078\n|teamsize|p1|6\n|teamsize|p2|6\n|gen|9\n|tier|[Gen 9] OU\n|rated|\n|rule|Sleep Clause Mod: Limit one foe put to sleep\n|rule|Species Clause: Limit one of each Pok\u00e9mon\n|rule|OHKO Clause: OHKO moves are banned\n|rule|Evasion Items Clause: Evasion items are banned\n|rule|Evasion Moves Clause: Evasion moves are banned\n|rule|Endless Battle Clause: Forcing endless battles is banned\n|rule|HP Percentage Mod: HP is shown in percentages\n|clearpoke\n|poke|p1|Pelipper, F|\n|poke|p1|Thundurus-Therian, M|\n|poke|p1|Azumarill, F|\n|poke|p1|Ogerpon-Wellspring, F|\n|poke|p1|Greninja-*, M|\n|poke|p1|Scizor, M|\n|poke|p2|Garchomp, M|\n|poke|p2|Thundurus, M|\n|poke|p2|Munkidori, M|\n|poke|p2|Kingambit, M|\n|poke|p2|Iron Moth|\n|poke|p2|Alomomola, M|\n|teampreview\n|inactive|Battle timer is ON: inactive players will automatically lose when time's up. (requested by ruby-yao)\n|\n|t:|1701140569\n|start\n|switch|p1a: \u6211\u4e0d\u4f1a\u55b7\u5c04|Azumarill, F, shiny|100\/100\n|switch|p2a: Munkidori|Munkidori, M|100\/100\n|turn|1\n|inactive|TaxesAreEvil has 120 seconds left.\n|\n|t:|1701140600\n|move|p2a: Munkidori|Trick|p1a: \u6211\u4e0d\u4f1a\u55b7\u5c04\n|-activate|p2a: Munkidori|move: Trick|[of] p1a: \u6211\u4e0d\u4f1a\u55b7\u5c04\n|-item|p1a: \u6211\u4e0d\u4f1a\u55b7\u5c04|Choice Scarf|[from] move: Trick\n|-item|p2a: Munkidori|Sitrus Berry|[from] move: Trick\n|move|p1a: \u6211\u4e0d\u4f1a\u55b7\u5c04|Belly Drum|p1a: \u6211\u4e0d\u4f1a\u55b7\u5c04\n|-damage|p1a: \u6211\u4e0d\u4f1a\u55b7\u5c04|50\/100\n|-setboost|p1a: \u6211\u4e0d\u4f1a\u55b7\u5c04|atk|6|[from] move: Belly Drum\n|\n|upkeep\n|turn|2\n|inactive|TaxesAreEvil has 120 seconds left.\n|\n|t:|1701140613\n|switch|p1a: \u6211\u4e0d\u4f1a\u4e0b\u96e8|Pelipper, F, shiny|100\/100\n|-weather|RainDance|[from] ability: Drizzle|[of] p1a: \u6211\u4e0d\u4f1a\u4e0b\u96e8\n|move|p2a: Munkidori|Hex|p1a: \u6211\u4e0d\u4f1a\u4e0b\u96e8\n|-damage|p1a: \u6211\u4e0d\u4f1a\u4e0b\u96e8|74\/100\n|\n|-weather|RainDance|[upkeep]\n|upkeep\n|turn|3\n|\n|t:|1701140621\n|move|p2a: Munkidori|Hex|p1a: \u6211\u4e0d\u4f1a\u4e0b\u96e8\n|-damage|p1a: \u6211\u4e0d\u4f1a\u4e0b\u96e8|47\/100\n|-status|p1a: \u6211\u4e0d\u4f1a\u4e0b\u96e8|tox|[from] ability: Toxic Chain|[of] p2a: Munkidori\n|move|p1a: \u6211\u4e0d\u4f1a\u4e0b\u96e8|Roost|p1a: \u6211\u4e0d\u4f1a\u4e0b\u96e8\n|-heal|p1a: \u6211\u4e0d\u4f1a\u4e0b\u96e8|97\/100 tox\n|-singleturn|p1a: \u6211\u4e0d\u4f1a\u4e0b\u96e8|move: Roost\n|\n|-weather|RainDance|[upkeep]\n|-damage|p1a: \u6211\u4e0d\u4f1a\u4e0b\u96e8|91\/100 tox|[from] psn\n|upkeep\n|turn|4\n|\n|t:|1701140633\n|move|p2a: Munkidori|Hex|p1a: \u6211\u4e0d\u4f1a\u4e0b\u96e8\n|-damage|p1a: \u6211\u4e0d\u4f1a\u4e0b\u96e8|40\/100 tox\n|move|p1a: \u6211\u4e0d\u4f1a\u4e0b\u96e8|Roost|p1a: \u6211\u4e0d\u4f1a\u4e0b\u96e8\n|-heal|p1a: \u6211\u4e0d\u4f1a\u4e0b\u96e8|90\/100 tox\n|-singleturn|p1a: \u6211\u4e0d\u4f1a\u4e0b\u96e8|move: Roost\n|\n|-weather|RainDance|[upkeep]\n|-damage|p1a: \u6211\u4e0d\u4f1a\u4e0b\u96e8|77\/100 tox|[from] psn\n|upkeep\n|turn|5\n|\n|t:|1701140641\n|move|p2a: Munkidori|Hex|p1a: \u6211\u4e0d\u4f1a\u4e0b\u96e8\n|-damage|p1a: \u6211\u4e0d\u4f1a\u4e0b\u96e8|23\/100 tox\n|move|p1a: \u6211\u4e0d\u4f1a\u4e0b\u96e8|U-turn|p2a: Munkidori\n|-damage|p2a: Munkidori|91\/100\n|\n|t:|1701140649\n|switch|p1a: \u6211\u4e0d\u4f1a\u6ce2\u52a8|Greninja, M|100\/100|[from] U-turn\n|\n|-weather|RainDance|[upkeep]\n|upkeep\n|turn|6\n|\n|t:|1701140657\n|switch|p2a: Alomomola|Alomomola, M|100\/100\n|move|p1a: \u6211\u4e0d\u4f1a\u6ce2\u52a8|Dark Pulse|p2a: Alomomola\n|-damage|p2a: Alomomola|48\/100\n|-damage|p1a: \u6211\u4e0d\u4f1a\u6ce2\u52a8|91\/100|[from] item: Life Orb\n|\n|-weather|RainDance|[upkeep]\n|upkeep\n|turn|7\n|\n|t:|1701140666\n|switch|p2a: Thundurus|Thundurus, M|100\/100\n|move|p1a: \u6211\u4e0d\u4f1a\u6ce2\u52a8|Dark Pulse|p2a: Thundurus\n|-damage|p2a: Thundurus|38\/100\n|-enditem|p2a: Thundurus|Red Card|[of] p1a: \u6211\u4e0d\u4f1a\u6ce2\u52a8\n|drag|p1a: \u6211\u4e0d\u4f1a\u5b50\u5f39|Scizor, M|100\/100\n|\n|-weather|RainDance|[upkeep]\n|upkeep\n|turn|8\n|\n|t:|1701140692\n|move|p1a: \u6211\u4e0d\u4f1a\u5b50\u5f39|Bullet Punch|p2a: Thundurus\n|-resisted|p2a: Thundurus\n|-damage|p2a: Thundurus|11\/100\n|move|p2a: Thundurus|Knock Off|p1a: \u6211\u4e0d\u4f1a\u5b50\u5f39\n|-damage|p1a: \u6211\u4e0d\u4f1a\u5b50\u5f39|68\/100\n|-enditem|p1a: \u6211\u4e0d\u4f1a\u5b50\u5f39|Expert Belt|[from] move: Knock Off|[of] p2a: Thundurus\n|\n|-weather|RainDance|[upkeep]\n|upkeep\n|turn|9\n|\n|t:|1701140706\n|switch|p2a: Garchomp|Garchomp, M|100\/100\n|move|p1a: \u6211\u4e0d\u4f1a\u5b50\u5f39|Bullet Punch|p2a: Garchomp\n|-damage|p2a: Garchomp|72\/100\n|-damage|p1a: \u6211\u4e0d\u4f1a\u5b50\u5f39|56\/100|[from] ability: Rough Skin|[of] p2a: Garchomp\n|\n|-weather|none\n|-heal|p2a: Garchomp|78\/100|[from] item: Leftovers\n|upkeep\n|turn|10\n|inactive|ruby-yao has 120 seconds left.\n|inactive|ruby-yao has 90 seconds left.\n|inactive|ruby-yao has 60 seconds left.\n|inactive|ruby-yao has 30 seconds left.\n|inactive|ruby-yao has 20 seconds left.\n|inactive|ruby-yao has 15 seconds left.\n|inactive|ruby-yao has 10 seconds left.\n|inactive|ruby-yao has 5 seconds left.\n|-message|ruby-yao lost due to inactivity.\n|\n|win|TaxesAreEvil\n|raw|ruby-yao's rating: 1106 &rarr; <strong>1079<\/strong><br \/>(-27 for losing)\n|raw|TaxesAreEvil's rating: 1078 &rarr; <strong>1109<\/strong><br \/>(+31 for winning)\n","uploadtime":1701140862,"views":12,"p1id":"rubyyao","p2id":"taxesareevil","formatid":"gen9ou","rating":1079,"private":0,"password":""}