{"id":"gen9ou-1996072378","p1":"Skaraptor2.1","p2":"Sabran IX","format":"[Gen 9] OU","log":"|j|\u2606Skaraptor2.1\n|j|\u2606Sabran IX\n|t:|1700639484\n|gametype|singles\n|player|p1|Skaraptor2.1|bodybuilderf-gen9|1264\n|player|p2|Sabran IX|korrina|1292\n|teamsize|p1|6\n|teamsize|p2|6\n|gen|9\n|tier|[Gen 9] OU\n|rated|\n|rule|Sleep Clause Mod: Limit one foe put to sleep\n|rule|Species Clause: Limit one of each Pok\u00e9mon\n|rule|OHKO Clause: OHKO moves are banned\n|rule|Evasion Items Clause: Evasion items are banned\n|rule|Evasion Moves Clause: Evasion moves are banned\n|rule|Endless Battle Clause: Forcing endless battles is banned\n|rule|HP Percentage Mod: HP is shown in percentages\n|clearpoke\n|poke|p1|Ribombee, M|\n|poke|p1|Ogerpon-Wellspring, F|\n|poke|p1|Corviknight, M|\n|poke|p1|Zamazenta-*|\n|poke|p1|Iron Valiant|\n|poke|p1|Kingambit, F|\n|poke|p2|Ceruledge, F|\n|poke|p2|Cinderace, F|\n|poke|p2|Corviknight, M|\n|poke|p2|Slowking-Galar, F|\n|poke|p2|Iron Valiant|\n|poke|p2|Rillaboom, M|\n|teampreview\n|inactive|Battle timer is ON: inactive players will automatically lose when time's up. (requested by Skaraptor2.1)\n|\n|t:|1700639488\n|start\n|switch|p1a: Transfem|Ogerpon-Wellspring, F|100\/100\n|switch|p2a: Slowking|Slowking-Galar, F|100\/100\n|turn|1\n|\n|t:|1700639493\n|move|p1a: Transfem|Swords Dance|p1a: Transfem\n|-boost|p1a: Transfem|atk|2\n|move|p2a: Slowking|Thunder Wave|p1a: Transfem\n|-status|p1a: Transfem|par\n|\n|upkeep\n|turn|2\n|\n|t:|1700639500\n|switch|p2a: Rillaboom|Rillaboom, M|100\/100\n|-fieldstart|move: Grassy Terrain|[from] ability: Grassy Surge|[of] p2a: Rillaboom\n|move|p1a: Transfem|Knock Off|p2a: Rillaboom\n|-damage|p2a: Rillaboom|11\/100\n|-enditem|p2a: Rillaboom|Choice Band|[from] move: Knock Off|[of] p1a: Transfem\n|\n|-heal|p2a: Rillaboom|17\/100|[from] Grassy Terrain\n|upkeep\n|turn|3\n|\n|t:|1700639508\n|move|p2a: Rillaboom|U-turn|p1a: Transfem\n|-supereffective|p1a: Transfem\n|-damage|p1a: Transfem|31\/100 par\n|\n|t:|1700639512\n|switch|p2a: Corviknight|Corviknight, M|100\/100|[from] U-turn\n|move|p1a: Transfem|Horn Leech|p2a: Corviknight\n|-resisted|p2a: Corviknight\n|-damage|p2a: Corviknight|83\/100\n|-heal|p1a: Transfem|43\/100 par|[from] drain|[of] p2a: Corviknight\n|-damage|p1a: Transfem|26\/100 par|[from] item: Rocky Helmet|[of] p2a: Corviknight\n|\n|-heal|p1a: Transfem|32\/100 par|[from] Grassy Terrain\n|upkeep\n|turn|4\n|\n|t:|1700639522\n|move|p1a: Transfem|Knock Off|p2a: Corviknight\n|-damage|p2a: Corviknight|33\/100\n|-damage|p1a: Transfem|16\/100 par|[from] item: Rocky Helmet|[of] p2a: Corviknight\n|-enditem|p2a: Corviknight|Rocky Helmet|[from] move: Knock Off|[of] p1a: Transfem\n|move|p2a: Corviknight|Brave Bird|p1a: Transfem\n|-supereffective|p1a: Transfem\n|-damage|p1a: Transfem|0 fnt\n|faint|p1a: Transfem\n|-damage|p2a: Corviknight|29\/100|[from] Recoil\n|\n|upkeep\n|\n|t:|1700639536\n|switch|p1a: Bigender|Iron Valiant|100\/100\n|-enditem|p1a: Bigender|Booster Energy\n|-activate|p1a: Bigender|ability: Quark Drive|[fromitem]\n|-start|p1a: Bigender|quarkdrivespe\n|turn|5\n|\n|t:|1700639539\n|move|p1a: Bigender|Thunderbolt|p2a: Corviknight\n|-supereffective|p2a: Corviknight\n|-damage|p2a: Corviknight|0 fnt\n|faint|p2a: Corviknight\n|\n|upkeep\n|\n|t:|1700639543\n|switch|p2a: Slowking|Slowking-Galar, F|100\/100\n|turn|6\n|\n|t:|1700639547\n|move|p1a: Bigender|Calm Mind|p1a: Bigender\n|-boost|p1a: Bigender|spa|1\n|-boost|p1a: Bigender|spd|1\n|move|p2a: Slowking|Future Sight|p1a: Bigender\n|-start|p2a: Slowking|move: Future Sight\n|\n|-fieldend|move: Grassy Terrain\n|upkeep\n|turn|7\n|\n|t:|1700639553\n|move|p1a: Bigender|Calm Mind|p1a: Bigender\n|-boost|p1a: Bigender|spa|1\n|-boost|p1a: Bigender|spd|1\n|move|p2a: Slowking|Sludge Bomb|p1a: Bigender\n|-supereffective|p1a: Bigender\n|-damage|p1a: Bigender|44\/100\n|-status|p1a: Bigender|psn\n|\n|-damage|p1a: Bigender|32\/100 psn|[from] psn\n|upkeep\n|turn|8\n|\n|t:|1700639558\n|move|p1a: Bigender|Destiny Bond|p1a: Bigender\n|-singlemove|p1a: Bigender|Destiny Bond\n|move|p2a: Slowking|Sludge Bomb|p1a: Bigender\n|-supereffective|p1a: Bigender\n|-crit|p1a: Bigender\n|-damage|p1a: Bigender|0 fnt\n|faint|p1a: Bigender\n|-activate|p1a: Bigender|move: Destiny Bond\n|-end|p1a: Bigender|Quark Drive|[silent]\n|faint|p2a: Slowking\n|\n|-hint|Future Sight did not hit because the target is fainted.\n|upkeep\n|\n|t:|1700639572\n|switch|p1a: Selling my soul|Corviknight, M|100\/100\n|switch|p2a: Rillaboom|Rillaboom, M|17\/100\n|-fieldstart|move: Grassy Terrain|[from] ability: Grassy Surge|[of] p2a: Rillaboom\n|-ability|p1a: Selling my soul|Pressure\n|turn|9\n|\n|t:|1700639579\n|switch|p2a: Cinderace|Cinderace, F|100\/100\n|move|p1a: Selling my soul|U-turn|p2a: Cinderace\n|-resisted|p2a: Cinderace\n|-damage|p2a: Cinderace|93\/100\n|\n|t:|1700639582\n|switch|p1a: Defender of Trans|Zamazenta, shiny|100\/100|[from] U-turn\n|-ability|p1a: Defender of Trans|Dauntless Shield|boost\n|-boost|p1a: Defender of Trans|def|1\n|\n|-heal|p2a: Cinderace|99\/100|[from] Grassy Terrain\n|upkeep\n|turn|10\n|\n|t:|1700639586\n|-terastallize|p1a: Defender of Trans|Fire\n|move|p2a: Cinderace|Will-O-Wisp|p1a: Defender of Trans|[miss]\n|-miss|p2a: Cinderace|p1a: Defender of Trans\n|move|p1a: Defender of Trans|Iron Defense|p1a: Defender of Trans\n|-boost|p1a: Defender of Trans|def|2\n|\n|-heal|p2a: Cinderace|100\/100|[from] Grassy Terrain\n|upkeep\n|turn|11\n|\n|t:|1700639599\n|move|p2a: Cinderace|U-turn|p1a: Defender of Trans\n|-resisted|p1a: Defender of Trans\n|-damage|p1a: Defender of Trans|98\/100\n|\n|t:|1700639609\n|switch|p2a: Ceruledge|Ceruledge, F|100\/100|[from] U-turn\n|move|p1a: Defender of Trans|Iron Defense|p1a: Defender of Trans\n|-boost|p1a: Defender of Trans|def|2\n|\n|-heal|p1a: Defender of Trans|100\/100|[from] Grassy Terrain\n|upkeep\n|turn|12\n|\n|t:|1700639630\n|move|p1a: Defender of Trans|Crunch|p2a: Ceruledge\n|-supereffective|p2a: Ceruledge\n|-damage|p2a: Ceruledge|37\/100\n|-unboost|p2a: Ceruledge|def|1\n|-ability|p2a: Ceruledge|Weak Armor|boost\n|-unboost|p2a: Ceruledge|def|1\n|-boost|p2a: Ceruledge|spe|2\n|move|p2a: Ceruledge|Swords Dance|p2a: Ceruledge\n|-boost|p2a: Ceruledge|atk|2\n|\n|-heal|p2a: Ceruledge|43\/100|[from] Grassy Terrain\n|upkeep\n|turn|13\n|\n|t:|1700639647\n|move|p2a: Ceruledge|Poltergeist|p1a: Defender of Trans\n|-activate|p1a: Defender of Trans|move: Poltergeist|Leftovers\n|-damage|p1a: Defender of Trans|80\/100\n|move|p1a: Defender of Trans|Crunch|p2a: Ceruledge\n|-supereffective|p2a: Ceruledge\n|-damage|p2a: Ceruledge|0 fnt\n|faint|p2a: Ceruledge\n|\n|-heal|p1a: Defender of Trans|86\/100|[from] Grassy Terrain\n|-heal|p1a: Defender of Trans|93\/100|[from] item: Leftovers\n|-fieldend|move: Grassy Terrain\n|upkeep\n|\n|t:|1700639652\n|switch|p2a: Iron Valiant|Iron Valiant|100\/100\n|turn|14\n|c|\u2606Sabran IX|if i dont get para on tb i lose\n|l|\u2606Skaraptor2.1\n|inactive|Skaraptor2.1 disconnected and has a minute to reconnect!\n|player|p1|\n|j|\u2606Skaraptor2.1\n|inactive|Skaraptor2.1 reconnected and has 110 seconds left.\n|player|p1|Skaraptor2.1|bodybuilderf-gen9\n|\n|t:|1700639698\n|move|p2a: Iron Valiant|Thunderbolt|p1a: Defender of Trans\n|-damage|p1a: Defender of Trans|56\/100\n|move|p1a: Defender of Trans|Heavy Slam|p2a: Iron Valiant\n|-supereffective|p2a: Iron Valiant\n|-damage|p2a: Iron Valiant|11\/100\n|\n|-heal|p1a: Defender of Trans|62\/100|[from] item: Leftovers\n|upkeep\n|turn|15\n|\n|t:|1700639710\n|move|p2a: Iron Valiant|Thunderbolt|p1a: Defender of Trans\n|-damage|p1a: Defender of Trans|26\/100\n|move|p1a: Defender of Trans|Heavy Slam|p2a: Iron Valiant\n|-supereffective|p2a: Iron Valiant\n|-damage|p2a: Iron Valiant|0 fnt\n|faint|p2a: Iron Valiant\n|-end|p2a: Iron Valiant|Quark Drive|[silent]\n|\n|-heal|p1a: Defender of Trans|32\/100|[from] item: Leftovers\n|upkeep\n|-message|Sabran IX forfeited.\n|\n|win|Skaraptor2.1\n|raw|Skaraptor2.1's rating: 1264 &rarr; <strong>1291<\/strong><br \/>(+27 for winning)\n|raw|Sabran IX's rating: 1292 &rarr; <strong>1265<\/strong><br \/>(-27 for losing)\n|l|\u2606Sabran IX\n","uploadtime":1700639719,"views":1,"p1id":"skaraptor21","p2id":"sabranix","formatid":"gen9ou","rating":1265,"private":0,"password":""}