{"id":"gen9ou-1999638091","p1":"Welcometoearth420","p2":"silver966409","format":"[Gen 9] OU","log":"|j|\u2606Welcometoearth420\n|j|\u2606silver966409\n|t:|1701103482\n|gametype|singles\n|player|p1|Welcometoearth420|169|1424\n|player|p2|silver966409|102|1401\n|teamsize|p1|6\n|teamsize|p2|6\n|gen|9\n|tier|[Gen 9] OU\n|rated|\n|rule|Sleep Clause Mod: Limit one foe put to sleep\n|rule|Species Clause: Limit one of each Pok\u00e9mon\n|rule|OHKO Clause: OHKO moves are banned\n|rule|Evasion Items Clause: Evasion items are banned\n|rule|Evasion Moves Clause: Evasion moves are banned\n|rule|Endless Battle Clause: Forcing endless battles is banned\n|rule|HP Percentage Mod: HP is shown in percentages\n|clearpoke\n|poke|p1|Toxapex, M|\n|poke|p1|Gholdengo|\n|poke|p1|Zamazenta-*|\n|poke|p1|Ting-Lu|\n|poke|p1|Zapdos|\n|poke|p1|Slowking-Galar, F|\n|poke|p2|Muk-Alola, M|\n|poke|p2|Rotom-Wash|\n|poke|p2|Iron Moth|\n|poke|p2|Amoonguss, M|\n|poke|p2|Brambleghast, M|\n|poke|p2|Kingambit, M|\n|teampreview\n|\n|t:|1701103488\n|start\n|switch|p1a: Ting-Lu|Ting-Lu|100\/100\n|switch|p2a: Rotom|Rotom-Wash|100\/100\n|-ability|p1a: Ting-Lu|Vessel of Ruin\n|turn|1\n|inactive|Battle timer is ON: inactive players will automatically lose when time's up. (requested by silver966409)\n|\n|t:|1701103499\n|switch|p1a: Gholdengo|Gholdengo|100\/100\n|move|p2a: Rotom|Trick|p1a: Gholdengo\n|-immune|p1a: Gholdengo|[from] ability: Good as Gold\n|\n|upkeep\n|turn|2\n|\n|t:|1701103507\n|switch|p2a: Kingambit|Kingambit, M|100\/100\n|move|p1a: Gholdengo|Shadow Ball|p2a: Kingambit\n|-resisted|p2a: Kingambit\n|-damage|p2a: Kingambit|80\/100\n|\n|upkeep\n|turn|3\n|\n|t:|1701103515\n|switch|p1a: Zamazenta|Zamazenta|100\/100\n|-ability|p1a: Zamazenta|Dauntless Shield|boost\n|-boost|p1a: Zamazenta|def|1\n|-end|p2a: Kingambit|fallenundefined|[silent]\n|switch|p2a: Rotom|Rotom-Wash|100\/100\n|\n|upkeep\n|turn|4\n|\n|t:|1701103525\n|move|p2a: Rotom|Trick|p1a: Zamazenta\n|-activate|p2a: Rotom|move: Trick|[of] p1a: Zamazenta\n|-item|p1a: Zamazenta|Choice Scarf|[from] move: Trick\n|-item|p2a: Rotom|Heavy-Duty Boots|[from] move: Trick\n|move|p1a: Zamazenta|Close Combat|p2a: Rotom\n|-damage|p2a: Rotom|27\/100\n|-unboost|p1a: Zamazenta|def|1\n|-unboost|p1a: Zamazenta|spd|1\n|\n|upkeep\n|turn|5\n|\n|t:|1701103533\n|switch|p2a: Brambleghast|Brambleghast, M|100\/100\n|move|p1a: Zamazenta|Close Combat|p2a: Brambleghast\n|-immune|p2a: Brambleghast\n|\n|upkeep\n|turn|6\n|\n|t:|1701103539\n|switch|p1a: Zapdos|Zapdos|100\/100\n|move|p2a: Brambleghast|Confuse Ray|p1a: Zapdos\n|-start|p1a: Zapdos|confusion\n|\n|upkeep\n|turn|7\n|\n|t:|1701103545\n|move|p2a: Brambleghast|Poltergeist|p1a: Zapdos\n|-activate|p1a: Zapdos|move: Poltergeist|Heavy-Duty Boots\n|-damage|p1a: Zapdos|65\/100\n|-activate|p1a: Zapdos|confusion\n|move|p1a: Zapdos|Hurricane|p2a: Brambleghast\n|-ability|p2a: Brambleghast|Wind Rider|boost\n|-boost|p2a: Brambleghast|atk|1\n|\n|upkeep\n|turn|8\n|\n|t:|1701103554\n|switch|p1a: Toxapex|Toxapex, M|100\/100\n|move|p2a: Brambleghast|Poltergeist|p1a: Toxapex\n|-activate|p1a: Toxapex|move: Poltergeist|Heavy-Duty Boots\n|-damage|p1a: Toxapex|50\/100\n|\n|upkeep\n|turn|9\n|\n|t:|1701103561\n|switch|p1a: Ting-Lu|Ting-Lu|100\/100\n|-ability|p1a: Ting-Lu|Vessel of Ruin\n|move|p2a: Brambleghast|Poltergeist|p1a: Ting-Lu\n|-activate|p1a: Ting-Lu|move: Poltergeist|Leftovers\n|-resisted|p1a: Ting-Lu\n|-damage|p1a: Ting-Lu|77\/100\n|\n|-heal|p1a: Ting-Lu|84\/100|[from] item: Leftovers\n|upkeep\n|turn|10\n|\n|t:|1701103572\n|switch|p2a: Rotom|Rotom-Wash|27\/100\n|move|p1a: Ting-Lu|Whirlwind|p2a: Rotom\n|drag|p2a: Muk|Muk-Alola, M|100\/100\n|\n|-heal|p1a: Ting-Lu|90\/100|[from] item: Leftovers\n|upkeep\n|turn|11\n|\n|t:|1701103584\n|move|p2a: Muk|Brick Break|p1a: Ting-Lu\n|-supereffective|p1a: Ting-Lu\n|-damage|p1a: Ting-Lu|65\/100\n|move|p1a: Ting-Lu|Stealth Rock|p2a: Muk\n|-sidestart|p2: silver966409|move: Stealth Rock\n|\n|-heal|p1a: Ting-Lu|71\/100|[from] item: Leftovers\n|upkeep\n|turn|12\n|\n|t:|1701103592\n|switch|p2a: Brambleghast|Brambleghast, M|100\/100\n|move|p1a: Ting-Lu|Earthquake|p2a: Brambleghast\n|-resisted|p2a: Brambleghast\n|-damage|p2a: Brambleghast|69\/100\n|\n|-heal|p1a: Ting-Lu|77\/100|[from] item: Leftovers\n|upkeep\n|turn|13\n|\n|t:|1701103599\n|switch|p1a: Gholdengo|Gholdengo|100\/100\n|move|p2a: Brambleghast|Rapid Spin|p1a: Gholdengo\n|-immune|p1a: Gholdengo\n|\n|upkeep\n|turn|14\n|\n|t:|1701103603\n|move|p1a: Gholdengo|Shadow Ball|p2a: Brambleghast\n|-supereffective|p2a: Brambleghast\n|-damage|p2a: Brambleghast|0 fnt\n|faint|p2a: Brambleghast\n|\n|upkeep\n|\n|t:|1701103610\n|switch|p2a: Iron Moth|Iron Moth|100\/100\n|-damage|p2a: Iron Moth|76\/100|[from] Stealth Rock\n|-enditem|p2a: Iron Moth|Booster Energy\n|-activate|p2a: Iron Moth|ability: Quark Drive|[fromitem]\n|-start|p2a: Iron Moth|quarkdrivespa\n|turn|15\n|\n|t:|1701103618\n|switch|p1a: Ting-Lu|Ting-Lu|77\/100\n|-ability|p1a: Ting-Lu|Vessel of Ruin\n|move|p2a: Iron Moth|Fiery Dance|p1a: Ting-Lu\n|-damage|p1a: Ting-Lu|55\/100\n|-boost|p2a: Iron Moth|spa|1\n|\n|-heal|p1a: Ting-Lu|61\/100|[from] item: Leftovers\n|upkeep\n|turn|16\n|\n|t:|1701103627\n|-terastallize|p2a: Iron Moth|Fairy\n|move|p2a: Iron Moth|Energy Ball|p1a: Ting-Lu\n|-supereffective|p1a: Ting-Lu\n|-damage|p1a: Ting-Lu|11\/100\n|move|p1a: Ting-Lu|Earthquake|p2a: Iron Moth\n|-damage|p2a: Iron Moth|6\/100\n|\n|-heal|p1a: Ting-Lu|17\/100|[from] item: Leftovers\n|upkeep\n|turn|17\n|\n|t:|1701103635\n|move|p2a: Iron Moth|Fiery Dance|p1a: Ting-Lu\n|-damage|p1a: Ting-Lu|0 fnt\n|-boost|p2a: Iron Moth|spa|1\n|faint|p1a: Ting-Lu\n|\n|upkeep\n|\n|t:|1701103637\n|switch|p1a: Zamazenta|Zamazenta|100\/100\n|turn|18\n|\n|t:|1701103644\n|move|p1a: Zamazenta|Crunch|p2a: Iron Moth\n|-resisted|p2a: Iron Moth\n|-damage|p2a: Iron Moth|0 fnt\n|faint|p2a: Iron Moth\n|-end|p2a: Iron Moth|Quark Drive|[silent]\n|\n|upkeep\n|\n|t:|1701103649\n|switch|p2a: Kingambit|Kingambit, M|80\/100\n|-damage|p2a: Kingambit|74\/100|[from] Stealth Rock\n|-activate|p2a: Kingambit|ability: Supreme Overlord\n|-start|p2a: Kingambit|fallen2|[silent]\n|turn|19\n|\n|t:|1701103657\n|switch|p1a: Zapdos|Zapdos|65\/100\n|move|p2a: Kingambit|Swords Dance|p2a: Kingambit\n|-boost|p2a: Kingambit|atk|2\n|\n|upkeep\n|turn|20\n|\n|t:|1701103663\n|move|p1a: Zapdos|Volt Switch|p2a: Kingambit\n|-damage|p2a: Kingambit|43\/100\n|\n|t:|1701103672\n|switch|p1a: Slowking|Slowking-Galar, F|100\/100|[from] Volt Switch\n|move|p2a: Kingambit|Night Slash|p1a: Slowking\n|-supereffective|p1a: Slowking\n|-damage|p1a: Slowking|0 fnt\n|faint|p1a: Slowking\n|\n|upkeep\n|\n|t:|1701103674\n|switch|p1a: Zamazenta|Zamazenta|100\/100\n|turn|21\n|\n|t:|1701103681\n|-end|p2a: Kingambit|fallen2|[silent]\n|switch|p2a: Rotom|Rotom-Wash|27\/100\n|move|p1a: Zamazenta|Close Combat|p2a: Rotom\n|-damage|p2a: Rotom|0 fnt\n|-unboost|p1a: Zamazenta|def|1\n|-unboost|p1a: Zamazenta|spd|1\n|faint|p2a: Rotom\n|\n|upkeep\n|\n|t:|1701103689\n|switch|p2a: Amoonguss|Amoonguss, M|100\/100\n|-damage|p2a: Amoonguss|88\/100|[from] Stealth Rock\n|turn|22\n|\n|t:|1701103693\n|switch|p1a: Gholdengo|Gholdengo|100\/100\n|switch|p2a: Kingambit|Kingambit, M|43\/100\n|-damage|p2a: Kingambit|37\/100|[from] Stealth Rock\n|-activate|p2a: Kingambit|ability: Supreme Overlord\n|-start|p2a: Kingambit|fallen3|[silent]\n|\n|upkeep\n|turn|23\n|\n|t:|1701103701\n|move|p2a: Kingambit|Sucker Punch||[still]\n|-fail|p2a: Kingambit\n|move|p1a: Gholdengo|Trick|p2a: Kingambit\n|-activate|p1a: Gholdengo|move: Trick|[of] p2a: Kingambit\n|-item|p2a: Kingambit|Choice Scarf|[from] move: Trick\n|-item|p1a: Gholdengo|Muscle Band|[from] move: Trick\n|\n|upkeep\n|turn|24\n|\n|t:|1701103711\n|switch|p1a: Zamazenta|Zamazenta|100\/100\n|move|p2a: Kingambit|Iron Head|p1a: Zamazenta\n|-damage|p1a: Zamazenta|50\/100\n|\n|upkeep\n|turn|25\n|\n|t:|1701103717\n|-end|p2a: Kingambit|fallen3|[silent]\n|switch|p2a: Amoonguss|Amoonguss, M|100\/100\n|-damage|p2a: Amoonguss|88\/100|[from] Stealth Rock\n|move|p1a: Zamazenta|Close Combat|p2a: Amoonguss\n|-resisted|p2a: Amoonguss\n|-crit|p2a: Amoonguss\n|-damage|p2a: Amoonguss|58\/100\n|-unboost|p1a: Zamazenta|def|1\n|-unboost|p1a: Zamazenta|spd|1\n|\n|-heal|p2a: Amoonguss|64\/100|[from] item: Leftovers\n|upkeep\n|turn|26\n|\n|t:|1701103727\n|switch|p1a: Gholdengo|Gholdengo|100\/100\n|move|p2a: Amoonguss|Sludge Bomb|p1a: Gholdengo\n|-immune|p1a: Gholdengo\n|\n|-heal|p2a: Amoonguss|70\/100|[from] item: Leftovers\n|upkeep\n|turn|27\n|\n|t:|1701103733\n|switch|p2a: Muk|Muk-Alola, M|100\/100\n|-damage|p2a: Muk|88\/100|[from] Stealth Rock\n|move|p1a: Gholdengo|Shadow Ball|p2a: Muk\n|-resisted|p2a: Muk\n|-damage|p2a: Muk|77\/100\n|\n|upkeep\n|turn|28\n|\n|t:|1701103742\n|switch|p1a: Toxapex|Toxapex, M|83\/100\n|move|p2a: Muk|Gunk Shot|p1a: Toxapex\n|-resisted|p1a: Toxapex\n|-damage|p1a: Toxapex|66\/100\n|\n|upkeep\n|turn|29\n|\n|t:|1701103748\n|switch|p2a: Amoonguss|Amoonguss, M|100\/100\n|-damage|p2a: Amoonguss|88\/100|[from] Stealth Rock\n|move|p1a: Toxapex|Surf|p2a: Amoonguss\n|-resisted|p2a: Amoonguss\n|-damage|p2a: Amoonguss|79\/100\n|\n|-heal|p2a: Amoonguss|85\/100|[from] item: Leftovers\n|upkeep\n|turn|30\n|\n|t:|1701103761\n|switch|p1a: Zapdos|Zapdos|65\/100\n|switch|p2a: Kingambit|Kingambit, M|37\/100\n|-damage|p2a: Kingambit|31\/100|[from] Stealth Rock\n|-activate|p2a: Kingambit|ability: Supreme Overlord\n|-start|p2a: Kingambit|fallen3|[silent]\n|\n|upkeep\n|turn|31\n|\n|t:|1701103771\n|move|p2a: Kingambit|Sucker Punch|p1a: Zapdos\n|-damage|p1a: Zapdos|29\/100\n|move|p1a: Zapdos|Volt Switch|p2a: Kingambit\n|-damage|p2a: Kingambit|1\/100\n|\n|t:|1701103776\n|switch|p1a: Toxapex|Toxapex, M|99\/100|[from] Volt Switch\n|\n|upkeep\n|turn|32\n|\n|t:|1701103781\n|move|p2a: Kingambit|Sucker Punch|p1a: Toxapex\n|-damage|p1a: Toxapex|62\/100\n|move|p1a: Toxapex|Surf|p2a: Kingambit\n|-damage|p2a: Kingambit|0 fnt\n|faint|p2a: Kingambit\n|-end|p2a: Kingambit|fallen3|[silent]\n|\n|upkeep\n|-message|silver966409 forfeited.\n|\n|win|Welcometoearth420\n|raw|Welcometoearth420's rating: 1424 &rarr; <strong>1443<\/strong><br \/>(+19 for winning)\n|raw|silver966409's rating: 1401 &rarr; <strong>1382<\/strong><br \/>(-19 for losing)\n|l|\u2606silver966409\n","uploadtime":1701103786,"views":3,"p1id":"welcometoearth420","p2id":"silver966409","formatid":"gen9ou","rating":1382,"private":0,"password":""}