{"id":"gen9ou-2000353366","p1":"Red Ragnor","p2":"BowlCutMonkeyAss","format":"[Gen 9] OU","log":"|j|\u2606Red Ragnor\n|j|\u2606BowlCutMonkeyAss\n|t:|1701187609\n|gametype|singles\n|player|p1|Red Ragnor|1|1167\n|player|p2|BowlCutMonkeyAss|galacticgrunt|1183\n|teamsize|p1|6\n|teamsize|p2|6\n|gen|9\n|tier|[Gen 9] OU\n|rated|\n|rule|Sleep Clause Mod: Limit one foe put to sleep\n|rule|Species Clause: Limit one of each Pok\u00e9mon\n|rule|OHKO Clause: OHKO moves are banned\n|rule|Evasion Items Clause: Evasion items are banned\n|rule|Evasion Moves Clause: Evasion moves are banned\n|rule|Endless Battle Clause: Forcing endless battles is banned\n|rule|HP Percentage Mod: HP is shown in percentages\n|clearpoke\n|poke|p1|Gholdengo|\n|poke|p1|Kingambit, F|\n|poke|p1|Slowking-Galar, M|\n|poke|p1|Landorus-Therian, M|\n|poke|p1|Ogerpon-Wellspring, F|\n|poke|p1|Iron Moth|\n|poke|p2|Garganacl, M|\n|poke|p2|Kingambit, M|\n|poke|p2|Rillaboom, F|\n|poke|p2|Armarouge, M|\n|poke|p2|Pawmot, F|\n|poke|p2|Gholdengo|\n|teampreview\n|\n|t:|1701187626\n|start\n|switch|p1a: Landorus|Landorus-Therian, M|100\/100\n|switch|p2a: Rillaboom|Rillaboom, F|100\/100\n|-fieldstart|move: Grassy Terrain|[from] ability: Grassy Surge|[of] p2a: Rillaboom\n|-ability|p1a: Landorus|Intimidate|boost\n|-unboost|p2a: Rillaboom|atk|1\n|turn|1\n|\n|t:|1701187638\n|move|p2a: Rillaboom|Drum Beating|p1a: Landorus\n|-damage|p1a: Landorus|73\/100\n|-unboost|p1a: Landorus|spe|1\n|move|p1a: Landorus|U-turn|p2a: Rillaboom\n|-supereffective|p2a: Rillaboom\n|-damage|p2a: Rillaboom|56\/100\n|-enditem|p2a: Rillaboom|Eject Button\n|\n|t:|1701187664\n|switch|p2a: Garganacl|Garganacl, M|100\/100\n|\n|-heal|p1a: Landorus|79\/100|[from] item: Leftovers\n|upkeep\n|turn|2\n|\n|t:|1701187674\n|move|p1a: Landorus|Stealth Rock|p2a: Garganacl\n|-sidestart|p2: BowlCutMonkeyAss|move: Stealth Rock\n|move|p2a: Garganacl|Curse|p2a: Garganacl\n|-unboost|p2a: Garganacl|spe|1\n|-boost|p2a: Garganacl|atk|1\n|-boost|p2a: Garganacl|def|1\n|\n|-heal|p1a: Landorus|85\/100|[from] item: Leftovers\n|upkeep\n|turn|3\n|\n|t:|1701187684\n|move|p1a: Landorus|Taunt|p2a: Garganacl\n|-start|p2a: Garganacl|move: Taunt\n|move|p2a: Garganacl|Salt Cure|p1a: Landorus\n|-damage|p1a: Landorus|71\/100\n|-start|p1a: Landorus|Salt Cure\n|\n|-heal|p1a: Landorus|77\/100|[from] item: Leftovers\n|-damage|p1a: Landorus|64\/100|[from] Salt Cure\n|upkeep\n|turn|4\n|\n|t:|1701187710\n|move|p1a: Landorus|U-turn|p2a: Garganacl\n|-damage|p2a: Garganacl|92\/100\n|\n|t:|1701187725\n|switch|p1a: Iron Moth|Iron Moth|100\/100|[from] U-turn\n|-enditem|p1a: Iron Moth|Booster Energy\n|-activate|p1a: Iron Moth|ability: Quark Drive|[fromitem]\n|-start|p1a: Iron Moth|quarkdrivespe\n|move|p2a: Garganacl|Earthquake|p1a: Iron Moth\n|-supereffective|p1a: Iron Moth\n|-damage|p1a: Iron Moth|3\/100\n|\n|-heal|p1a: Iron Moth|9\/100|[from] Grassy Terrain\n|-heal|p2a: Garganacl|98\/100|[from] Grassy Terrain\n|-heal|p2a: Garganacl|100\/100|[from] item: Leftovers\n|upkeep\n|turn|5\n|\n|t:|1701187739\n|move|p1a: Iron Moth|Energy Ball|p2a: Garganacl\n|-supereffective|p2a: Garganacl\n|-damage|p2a: Garganacl|40\/100\n|move|p2a: Garganacl|Salt Cure|p1a: Iron Moth\n|-supereffective|p1a: Iron Moth\n|-damage|p1a: Iron Moth|0 fnt\n|faint|p1a: Iron Moth\n|-end|p1a: Iron Moth|Quark Drive|[silent]\n|\n|-heal|p2a: Garganacl|46\/100|[from] Grassy Terrain\n|-heal|p2a: Garganacl|52\/100|[from] item: Leftovers\n|-end|p2a: Garganacl|move: Taunt\n|-fieldend|move: Grassy Terrain\n|upkeep\n|\n|t:|1701187752\n|switch|p1a: Gholdengo|Gholdengo|100\/100\n|turn|6\n|\n|t:|1701187766\n|-terastallize|p2a: Garganacl|Ghost\n|move|p1a: Gholdengo|Make It Rain|p2a: Garganacl\n|-damage|p2a: Garganacl|0 fnt\n|-unboost|p1a: Gholdengo|spa|1\n|faint|p2a: Garganacl\n|\n|upkeep\n|\n|t:|1701187784\n|switch|p2a: Pawmot|Pawmot, F|100\/100\n|-damage|p2a: Pawmot|94\/100|[from] Stealth Rock\n|turn|7\n|\n|t:|1701187791\n|switch|p1a: Landorus|Landorus-Therian, M|64\/100\n|-ability|p1a: Landorus|Intimidate|boost\n|-unboost|p2a: Pawmot|atk|1\n|move|p2a: Pawmot|Nuzzle|p1a: Landorus\n|-immune|p1a: Landorus\n|\n|-heal|p1a: Landorus|70\/100|[from] item: Leftovers\n|upkeep\n|turn|8\n|\n|t:|1701187818\n|move|p2a: Pawmot|Revival Blessing|p2a: Pawmot\n|\n|t:|1701187821\n|-heal|p2: Garganacl|50\/100|[from] move: Revival Blessing\n|move|p1a: Landorus|Earthquake|p2a: Pawmot\n|-supereffective|p2a: Pawmot\n|-damage|p2a: Pawmot|0 fnt\n|faint|p2a: Pawmot\n|\n|-heal|p1a: Landorus|76\/100|[from] item: Leftovers\n|upkeep\n|\n|t:|1701187831\n|switch|p2a: Rillaboom|Rillaboom, F|56\/100\n|-damage|p2a: Rillaboom|43\/100|[from] Stealth Rock\n|-fieldstart|move: Grassy Terrain|[from] ability: Grassy Surge|[of] p2a: Rillaboom\n|turn|9\n|\n|t:|1701187846\n|switch|p1a: Slowking|Slowking-Galar, M, shiny|100\/100\n|move|p2a: Rillaboom|U-turn|p1a: Slowking\n|-crit|p1a: Slowking\n|-damage|p1a: Slowking|59\/100\n|\n|t:|1701187857\n|switch|p2a: Gholdengo|Gholdengo|100\/100|[from] U-turn\n|-damage|p2a: Gholdengo|94\/100|[from] Stealth Rock\n|\n|-heal|p2a: Gholdengo|100\/100|[from] Grassy Terrain\n|-heal|p1a: Slowking|65\/100|[from] Grassy Terrain\n|upkeep\n|turn|10\n|\n|t:|1701187872\n|switch|p1a: Kingambit|Kingambit, F, shiny|100\/100\n|-activate|p1a: Kingambit|ability: Supreme Overlord\n|-start|p1a: Kingambit|fallen1|[silent]\n|move|p2a: Gholdengo|Trick|p1a: Kingambit\n|-activate|p2a: Gholdengo|move: Trick|[of] p1a: Kingambit\n|-item|p1a: Kingambit|Choice Specs|[from] move: Trick\n|-item|p2a: Gholdengo|Leftovers|[from] move: Trick\n|\n|upkeep\n|turn|11\n|\n|t:|1701187885\n|switch|p2a: Garganacl|Garganacl, M|50\/100\n|-damage|p2a: Garganacl|38\/100|[from] Stealth Rock\n|move|p1a: Kingambit|Kowtow Cleave|p2a: Garganacl\n|-damage|p2a: Garganacl|10\/100\n|\n|-heal|p2a: Garganacl|17\/100|[from] Grassy Terrain\n|-heal|p2a: Garganacl|23\/100|[from] item: Leftovers\n|upkeep\n|turn|12\n|\n|t:|1701187902\n|switch|p2a: Kingambit|Kingambit, M|100\/100\n|-damage|p2a: Kingambit|94\/100|[from] Stealth Rock\n|-activate|p2a: Kingambit|ability: Supreme Overlord\n|-start|p2a: Kingambit|fallen2|[silent]\n|move|p1a: Kingambit|Kowtow Cleave|p2a: Kingambit\n|-resisted|p2a: Kingambit\n|-damage|p2a: Kingambit|75\/100\n|\n|-heal|p2a: Kingambit|82\/100|[from] Grassy Terrain\n|upkeep\n|turn|13\n|\n|t:|1701187915\n|-end|p1a: Kingambit|fallen1|[silent]\n|switch|p1a: Landorus|Landorus-Therian, M|76\/100\n|-ability|p1a: Landorus|Intimidate|boost\n|-unboost|p2a: Kingambit|atk|1\n|move|p2a: Kingambit|Kowtow Cleave|p1a: Landorus\n|-damage|p1a: Landorus|48\/100\n|\n|-heal|p1a: Landorus|54\/100|[from] item: Leftovers\n|-heal|p2a: Kingambit|88\/100|[from] Grassy Terrain\n|-fieldend|move: Grassy Terrain\n|upkeep\n|turn|14\n|\n|t:|1701187940\n|-end|p2a: Kingambit|fallen2|[silent]\n|switch|p2a: Rillaboom|Rillaboom, F|43\/100\n|-damage|p2a: Rillaboom|31\/100|[from] Stealth Rock\n|-fieldstart|move: Grassy Terrain|[from] ability: Grassy Surge|[of] p2a: Rillaboom\n|move|p1a: Landorus|U-turn|p2a: Rillaboom\n|-supereffective|p2a: Rillaboom\n|-damage|p2a: Rillaboom|0 fnt\n|faint|p2a: Rillaboom\n|\n|t:|1701187955\n|switch|p1a: Ogerpon|Ogerpon-Wellspring, F|100\/100|[from] U-turn\n|\n|upkeep\n|\n|t:|1701187965\n|switch|p2a: Armarouge|Armarouge, M|100\/100\n|-damage|p2a: Armarouge|76\/100|[from] Stealth Rock\n|-enditem|p2a: Armarouge|Grassy Seed\n|-boost|p2a: Armarouge|def|1|[from] item: Grassy Seed\n|turn|15\n|\n|t:|1701187974\n|move|p1a: Ogerpon|Ivy Cudgel|p2a: Armarouge|[anim] Ivy Cudgel Water\n|-supereffective|p2a: Armarouge\n|-damage|p2a: Armarouge|11\/100\n|-ability|p2a: Armarouge|Weak Armor|boost\n|-unboost|p2a: Armarouge|def|1\n|-boost|p2a: Armarouge|spe|2\n|move|p2a: Armarouge|Calm Mind|p2a: Armarouge\n|-boost|p2a: Armarouge|spa|1\n|-boost|p2a: Armarouge|spd|1\n|\n|-heal|p2a: Armarouge|17\/100|[from] Grassy Terrain\n|upkeep\n|turn|16\n|\n|t:|1701187994\n|move|p2a: Armarouge|Stored Power|p1a: Ogerpon\n|-damage|p1a: Ogerpon|27\/100\n|move|p1a: Ogerpon|Horn Leech|p2a: Armarouge\n|-resisted|p2a: Armarouge\n|-damage|p2a: Armarouge|0 fnt\n|-heal|p1a: Ogerpon|38\/100|[from] drain|[of] p2a: Armarouge\n|faint|p2a: Armarouge\n|\n|-heal|p1a: Ogerpon|44\/100|[from] Grassy Terrain\n|upkeep\n|-message|BowlCutMonkeyAss forfeited.\n|\n|win|Red Ragnor\n|raw|Red Ragnor's rating: 1167 &rarr; <strong>1193<\/strong><br \/>(+26 for winning)\n|raw|BowlCutMonkeyAss's rating: 1183 &rarr; <strong>1157<\/strong><br \/>(-26 for losing)\n|l|\u2606BowlCutMonkeyAss\n","uploadtime":1701188009,"views":10,"p1id":"redragnor","p2id":"bowlcutmonkeyass","formatid":"gen9ou","rating":1157,"private":0,"password":""}