{"id":"gen9ou-1988535257","p1":"poquise","p2":"sekond","format":"[Gen 9] OU","log":"|j|\u2606poquise\n|j|\u2606sekond\n|t:|1699733374\n|gametype|singles\n|player|p1|poquise|doubleteam|1146\n|player|p2|sekond|pokemaniac|1062\n|teamsize|p1|6\n|teamsize|p2|6\n|gen|9\n|tier|[Gen 9] OU\n|rated|\n|rule|Sleep Clause Mod: Limit one foe put to sleep\n|rule|Species Clause: Limit one of each Pok\u00e9mon\n|rule|OHKO Clause: OHKO moves are banned\n|rule|Evasion Items Clause: Evasion items are banned\n|rule|Evasion Moves Clause: Evasion moves are banned\n|rule|Endless Battle Clause: Forcing endless battles is banned\n|rule|HP Percentage Mod: HP is shown in percentages\n|clearpoke\n|poke|p1|Jirachi|\n|poke|p1|Lucario, M|\n|poke|p1|Blissey, F|\n|poke|p1|Ribombee, M|\n|poke|p1|Cinderace, F|\n|poke|p1|Corviknight, F|\n|poke|p2|Dragapult, M|\n|poke|p2|Fezandipiti, M|\n|poke|p2|Garganacl, F|\n|poke|p2|Iron Moth|\n|poke|p2|Great Tusk|\n|poke|p2|Kingambit, F|\n|teampreview\n|\n|t:|1699733383\n|start\n|switch|p1a: Ribombee|Ribombee, M|100\/100\n|switch|p2a: Dragapult|Dragapult, M|100\/100\n|turn|1\n|\n|t:|1699733389\n|move|p2a: Dragapult|Flamethrower|p1a: Ribombee\n|-supereffective|p1a: Ribombee\n|-crit|p1a: Ribombee\n|-damage|p1a: Ribombee|4\/100\n|move|p1a: Ribombee|Sticky Web|p2a: Dragapult\n|-sidestart|p2: sekond|move: Sticky Web\n|\n|upkeep\n|turn|2\n|\n|t:|1699733395\n|move|p2a: Dragapult|Flamethrower|p1a: Ribombee\n|-supereffective|p1a: Ribombee\n|-damage|p1a: Ribombee|0 fnt\n|faint|p1a: Ribombee\n|\n|upkeep\n|\n|t:|1699733404\n|switch|p1a: Blissey|Blissey, F|100\/100\n|turn|3\n|\n|t:|1699733407\n|move|p2a: Dragapult|Dragon Dance|p2a: Dragapult\n|-boost|p2a: Dragapult|atk|1\n|-boost|p2a: Dragapult|spe|1\n|move|p1a: Blissey|Thunder Wave|p2a: Dragapult\n|-status|p2a: Dragapult|par\n|\n|upkeep\n|turn|4\n|\n|t:|1699733415\n|switch|p1a: Lucario|Lucario, M|100\/100\n|-terastallize|p2a: Dragapult|Dragon\n|move|p2a: Dragapult|Dragon Darts|p1a: Lucario\n|-resisted|p1a: Lucario\n|-damage|p1a: Lucario|53\/100\n|-anim|p2a: Dragapult|Dragon Darts|p1a: Lucario\n|-resisted|p1a: Lucario\n|-damage|p1a: Lucario|8\/100\n|\n|upkeep\n|turn|5\n|\n|t:|1699733427\n|move|p1a: Lucario|Flash Cannon|p2a: Dragapult\n|-damage|p2a: Dragapult|29\/100 par\n|-damage|p1a: Lucario|0 fnt|[from] item: Life Orb\n|faint|p1a: Lucario\n|cant|p2a: Dragapult|par\n|\n|upkeep\n|\n|t:|1699733433\n|switch|p1a: Jirachi|Jirachi|100\/100\n|turn|6\n|\n|t:|1699733439\n|move|p1a: Jirachi|Meteor Mash|p2a: Dragapult\n|-damage|p2a: Dragapult|0 fnt\n|faint|p2a: Dragapult\n|\n|upkeep\n|\n|t:|1699733447\n|switch|p2a: Iron Moth|Iron Moth|100\/100\n|-activate|p2a: Iron Moth|move: Sticky Web\n|-unboost|p2a: Iron Moth|spe|1\n|-enditem|p2a: Iron Moth|Booster Energy\n|-activate|p2a: Iron Moth|ability: Quark Drive|[fromitem]\n|-start|p2a: Iron Moth|quarkdrivespa\n|turn|7\n|\n|t:|1699733457\n|move|p1a: Jirachi|Zen Headbutt|p2a: Iron Moth\n|-supereffective|p2a: Iron Moth\n|-damage|p2a: Iron Moth|0 fnt\n|faint|p2a: Iron Moth\n|-end|p2a: Iron Moth|Quark Drive|[silent]\n|\n|upkeep\n|\n|t:|1699733465\n|switch|p2a: Kingambit|Kingambit, F|100\/100\n|-activate|p2a: Kingambit|ability: Supreme Overlord\n|-start|p2a: Kingambit|fallen2|[silent]\n|-item|p2a: Kingambit|Air Balloon\n|turn|8\n|\n|t:|1699733475\n|-terastallize|p1a: Jirachi|Fighting\n|move|p2a: Kingambit|Sucker Punch|p1a: Jirachi\n|-resisted|p1a: Jirachi\n|-damage|p1a: Jirachi|75\/100\n|move|p1a: Jirachi|Drain Punch|p2a: Kingambit\n|-supereffective|p2a: Kingambit\n|-damage|p2a: Kingambit|0 fnt\n|-heal|p1a: Jirachi|100\/100|[from] drain|[of] p2a: Kingambit\n|-enditem|p2a: Kingambit|Air Balloon\n|faint|p2a: Kingambit\n|-end|p2a: Kingambit|fallen2|[silent]\n|\n|upkeep\n|\n|t:|1699733484\n|switch|p2a: Fezandipiti|Fezandipiti, M|100\/100\n|-item|p2a: Fezandipiti|Air Balloon\n|turn|9\n|\n|t:|1699733488\n|move|p1a: Jirachi|Meteor Mash|p2a: Fezandipiti\n|-supereffective|p2a: Fezandipiti\n|-damage|p2a: Fezandipiti|9\/100\n|-enditem|p2a: Fezandipiti|Air Balloon\n|move|p2a: Fezandipiti|Play Rough|p1a: Jirachi\n|-supereffective|p1a: Jirachi\n|-damage|p1a: Jirachi|7\/100\n|\n|upkeep\n|turn|10\n|\n|t:|1699733498\n|move|p1a: Jirachi|Meteor Mash|p2a: Fezandipiti|[miss]\n|-miss|p1a: Jirachi|p2a: Fezandipiti\n|move|p2a: Fezandipiti|Roost|p2a: Fezandipiti\n|-heal|p2a: Fezandipiti|59\/100\n|-singleturn|p2a: Fezandipiti|move: Roost\n|\n|upkeep\n|turn|11\n|\n|t:|1699733507\n|move|p1a: Jirachi|Meteor Mash|p2a: Fezandipiti\n|-supereffective|p2a: Fezandipiti\n|-damage|p2a: Fezandipiti|0 fnt\n|-boost|p1a: Jirachi|atk|1\n|faint|p2a: Fezandipiti\n|\n|upkeep\n|\n|t:|1699733510\n|switch|p2a: Garganacl|Garganacl, F|100\/100\n|-activate|p2a: Garganacl|move: Sticky Web\n|-unboost|p2a: Garganacl|spe|1\n|turn|12\n|\n|t:|1699733518\n|move|p1a: Jirachi|Drain Punch|p2a: Garganacl\n|-supereffective|p2a: Garganacl\n|-damage|p2a: Garganacl|44\/100\n|-heal|p1a: Jirachi|40\/100|[from] drain|[of] p2a: Garganacl\n|move|p2a: Garganacl|Salt Cure|p1a: Jirachi\n|-resisted|p1a: Jirachi\n|-damage|p1a: Jirachi|32\/100\n|-start|p1a: Jirachi|Salt Cure\n|\n|-heal|p2a: Garganacl|50\/100|[from] item: Leftovers\n|-damage|p1a: Jirachi|19\/100|[from] Salt Cure\n|upkeep\n|turn|13\n|\n|t:|1699733529\n|move|p2a: Garganacl|Protect|p2a: Garganacl\n|-singleturn|p2a: Garganacl|Protect\n|move|p1a: Jirachi|Drain Punch|p2a: Garganacl\n|-activate|p2a: Garganacl|move: Protect\n|\n|-heal|p2a: Garganacl|56\/100|[from] item: Leftovers\n|-damage|p1a: Jirachi|7\/100|[from] Salt Cure\n|upkeep\n|turn|14\n|\n|t:|1699733539\n|move|p2a: Garganacl|Protect||[still]\n|-fail|p2a: Garganacl\n|move|p1a: Jirachi|Drain Punch|p2a: Garganacl\n|-supereffective|p2a: Garganacl\n|-damage|p2a: Garganacl|0 fnt\n|-heal|p1a: Jirachi|40\/100|[from] drain|[of] p2a: Garganacl\n|faint|p2a: Garganacl\n|\n|-damage|p1a: Jirachi|28\/100|[from] Salt Cure\n|upkeep\n|\n|t:|1699733544\n|switch|p2a: Great Tusk|Great Tusk|100\/100\n|-activate|p2a: Great Tusk|move: Sticky Web\n|-unboost|p2a: Great Tusk|spe|1\n|-enditem|p2a: Great Tusk|Booster Energy\n|-activate|p2a: Great Tusk|ability: Protosynthesis|[fromitem]\n|-start|p2a: Great Tusk|protosynthesisatk\n|turn|15\n|\n|t:|1699733556\n|move|p1a: Jirachi|Zen Headbutt|p2a: Great Tusk\n|-supereffective|p2a: Great Tusk\n|-crit|p2a: Great Tusk\n|-damage|p2a: Great Tusk|0 fnt\n|faint|p2a: Great Tusk\n|-end|p2a: Great Tusk|Protosynthesis|[silent]\n|\n|win|poquise\n|raw|poquise's rating: 1146 &rarr; <strong>1165<\/strong><br \/>(+19 for winning)\n|raw|sekond's rating: 1062 &rarr; <strong>1047<\/strong><br \/>(-15 for losing)\n|l|\u2606sekond\n|c|\u2606poquise|gg\n","uploadtime":1699733565,"views":12,"p1id":"poquise","p2id":"sekond","formatid":"gen9ou","rating":1047,"private":0,"password":""}