{"id":"gen9ou-1990547453","p1":"Akromancer","p2":"trevobo","format":"[Gen 9] OU","log":"|j|\u2606Akromancer\n|j|\u2606trevobo\n|t:|1699980440\n|gametype|singles\n|player|p1|Akromancer|102|1287\n|player|p2|trevobo|swimmer|1340\n|teamsize|p1|6\n|teamsize|p2|6\n|gen|9\n|tier|[Gen 9] OU\n|rated|\n|rule|Sleep Clause Mod: Limit one foe put to sleep\n|rule|Species Clause: Limit one of each Pok\u00e9mon\n|rule|OHKO Clause: OHKO moves are banned\n|rule|Evasion Items Clause: Evasion items are banned\n|rule|Evasion Moves Clause: Evasion moves are banned\n|rule|Endless Battle Clause: Forcing endless battles is banned\n|rule|HP Percentage Mod: HP is shown in percentages\n|clearpoke\n|poke|p1|Dragapult, M|\n|poke|p1|Landorus-Therian, M|\n|poke|p1|Manaphy|\n|poke|p1|Iron Moth|\n|poke|p1|Ogerpon-Cornerstone, F|\n|poke|p1|Kingambit, M|\n|poke|p2|Pelipper, M|\n|poke|p2|Rillaboom, F|\n|poke|p2|Sneasler, M|\n|poke|p2|Iron Valiant|\n|poke|p2|Iron Jugulis|\n|poke|p2|Poliwrath, F|\n|teampreview\n|\n|t:|1699980445\n|start\n|switch|p1a: Dragapult|Dragapult, M|100\/100\n|switch|p2a: Pelipper|Pelipper, M|100\/100\n|-weather|RainDance|[from] ability: Drizzle|[of] p2a: Pelipper\n|turn|1\n|\n|t:|1699980452\n|move|p1a: Dragapult|Thunder Wave|p2a: Pelipper\n|-status|p2a: Pelipper|par\n|move|p2a: Pelipper|Ice Beam|p1a: Dragapult\n|-supereffective|p1a: Dragapult\n|-damage|p1a: Dragapult|20\/100\n|\n|-weather|RainDance|[upkeep]\n|upkeep\n|turn|2\n|\n|t:|1699980459\n|move|p1a: Dragapult|U-turn|p2a: Pelipper\n|-resisted|p2a: Pelipper\n|-damage|p2a: Pelipper|88\/100 par\n|\n|t:|1699980465\n|switch|p1a: Manaphy|Manaphy|100\/100|[from] U-turn\n|move|p2a: Pelipper|Hydro Pump|p1a: Manaphy|[miss]\n|-miss|p2a: Pelipper|p1a: Manaphy\n|\n|-weather|RainDance|[upkeep]\n|upkeep\n|turn|3\n|\n|t:|1699980475\n|move|p1a: Manaphy|Take Heart|p1a: Manaphy\n|-boost|p1a: Manaphy|spa|1\n|-boost|p1a: Manaphy|spd|1\n|move|p2a: Pelipper|U-turn|p1a: Manaphy\n|-damage|p1a: Manaphy|96\/100\n|-damage|p2a: Pelipper|72\/100 par|[from] item: Rocky Helmet|[of] p1a: Manaphy\n|\n|t:|1699980480\n|switch|p2a: Rillaboom|Rillaboom, F|100\/100|[from] U-turn\n|-fieldstart|move: Grassy Terrain|[from] ability: Grassy Surge|[of] p2a: Rillaboom\n|\n|-weather|RainDance|[upkeep]\n|-heal|p1a: Manaphy|100\/100|[from] Grassy Terrain\n|upkeep\n|turn|4\n|\n|t:|1699980486\n|switch|p1a: Kingambit|Kingambit, M|100\/100\n|move|p2a: Rillaboom|Fake Out|p1a: Kingambit\n|-resisted|p1a: Kingambit\n|-damage|p1a: Kingambit|95\/100\n|\n|-weather|RainDance|[upkeep]\n|-heal|p1a: Kingambit|100\/100|[from] Grassy Terrain\n|upkeep\n|turn|5\n|\n|t:|1699980502\n|switch|p2a: Iron Valiant|Iron Valiant|100\/100\n|-enditem|p2a: Iron Valiant|Booster Energy\n|-activate|p2a: Iron Valiant|ability: Quark Drive|[fromitem]\n|-start|p2a: Iron Valiant|quarkdrivespe\n|-terastallize|p1a: Kingambit|Flying\n|move|p1a: Kingambit|Swords Dance|p1a: Kingambit\n|-boost|p1a: Kingambit|atk|2\n|\n|-weather|RainDance|[upkeep]\n|upkeep\n|turn|6\n|\n|t:|1699980514\n|move|p2a: Iron Valiant|Encore|p1a: Kingambit\n|-start|p1a: Kingambit|Encore\n|move|p1a: Kingambit|Swords Dance|p1a: Kingambit\n|-boost|p1a: Kingambit|atk|2\n|\n|-weather|RainDance|[upkeep]\n|upkeep\n|turn|7\n|\n|t:|1699980529\n|move|p2a: Iron Valiant|Swords Dance|p2a: Iron Valiant\n|-boost|p2a: Iron Valiant|atk|2\n|move|p1a: Kingambit|Swords Dance|p1a: Kingambit\n|-boost|p1a: Kingambit|atk|2\n|\n|-weather|RainDance|[upkeep]\n|upkeep\n|turn|8\n|inactive|Battle timer is ON: inactive players will automatically lose when time's up. (requested by Akromancer)\n|\n|t:|1699980543\n|-end|p1a: Kingambit|fallenundefined|[silent]\n|switch|p1a: Landorus|Landorus-Therian, M|100\/100\n|-ability|p1a: Landorus|Intimidate|boost\n|-unboost|p2a: Iron Valiant|atk|1\n|move|p2a: Iron Valiant|Swords Dance|p2a: Iron Valiant\n|-boost|p2a: Iron Valiant|atk|2\n|\n|-weather|none\n|upkeep\n|turn|9\n|\n|t:|1699980555\n|move|p2a: Iron Valiant|Spirit Break|p1a: Landorus\n|-damage|p1a: Landorus|0 fnt\n|faint|p1a: Landorus\n|\n|upkeep\n|\n|t:|1699980561\n|switch|p1a: Kingambit|Kingambit, M, tera:Flying|100\/100\n|-activate|p1a: Kingambit|ability: Supreme Overlord\n|-start|p1a: Kingambit|fallen1|[silent]\n|turn|10\n|\n|t:|1699980570\n|-terastallize|p2a: Iron Valiant|Fairy\n|move|p2a: Iron Valiant|Spirit Break|p1a: Kingambit\n|-damage|p1a: Kingambit|7\/100\n|-unboost|p1a: Kingambit|spa|1\n|move|p1a: Kingambit|Iron Head|p2a: Iron Valiant\n|-supereffective|p2a: Iron Valiant\n|-damage|p2a: Iron Valiant|0 fnt\n|faint|p2a: Iron Valiant\n|-end|p2a: Iron Valiant|Quark Drive|[silent]\n|\n|-heal|p1a: Kingambit|13\/100|[from] item: Leftovers\n|-fieldend|move: Grassy Terrain\n|upkeep\n|\n|t:|1699980578\n|switch|p2a: Rillaboom|Rillaboom, F|100\/100\n|-fieldstart|move: Grassy Terrain|[from] ability: Grassy Surge|[of] p2a: Rillaboom\n|turn|11\n|\n|t:|1699980585\n|move|p1a: Kingambit|Protect|p1a: Kingambit\n|-singleturn|p1a: Kingambit|Protect\n|move|p2a: Rillaboom|Fake Out|p1a: Kingambit\n|-activate|p1a: Kingambit|move: Protect\n|\n|-heal|p1a: Kingambit|19\/100|[from] item: Leftovers\n|upkeep\n|turn|12\n|\n|t:|1699980594\n|move|p2a: Rillaboom|Grassy Glide|p1a: Kingambit\n|-resisted|p1a: Kingambit\n|-damage|p1a: Kingambit|6\/100\n|move|p1a: Kingambit|Swords Dance|p1a: Kingambit\n|-boost|p1a: Kingambit|atk|2\n|\n|-heal|p1a: Kingambit|12\/100|[from] item: Leftovers\n|upkeep\n|turn|13\n|\n|t:|1699980602\n|move|p2a: Rillaboom|Grassy Glide|p1a: Kingambit\n|-resisted|p1a: Kingambit\n|-damage|p1a: Kingambit|0 fnt\n|faint|p1a: Kingambit\n|-end|p1a: Kingambit|fallen1|[silent]\n|\n|upkeep\n|\n|t:|1699980609\n|switch|p1a: Iron Moth|Iron Moth|100\/100\n|-enditem|p1a: Iron Moth|Booster Energy\n|-activate|p1a: Iron Moth|ability: Quark Drive|[fromitem]\n|-start|p1a: Iron Moth|quarkdrivespa\n|turn|14\n|\n|t:|1699980622\n|switch|p2a: Pelipper|Pelipper, M|72\/100 par\n|-weather|RainDance|[from] ability: Drizzle|[of] p2a: Pelipper\n|move|p1a: Iron Moth|Substitute|p1a: Iron Moth\n|-start|p1a: Iron Moth|Substitute\n|-damage|p1a: Iron Moth|76\/100\n|\n|-weather|RainDance|[upkeep]\n|-heal|p1a: Iron Moth|82\/100|[from] Grassy Terrain\n|upkeep\n|turn|15\n|\n|t:|1699980639\n|move|p1a: Iron Moth|Sludge Wave|p2a: Pelipper\n|-damage|p2a: Pelipper|0 fnt\n|faint|p2a: Pelipper\n|\n|-weather|RainDance|[upkeep]\n|-heal|p1a: Iron Moth|88\/100|[from] Grassy Terrain\n|upkeep\n|\n|t:|1699980649\n|switch|p2a: Poliwrath|Poliwrath, F|100\/100\n|turn|16\n|\n|t:|1699980658\n|move|p2a: Poliwrath|Liquidation|p1a: Iron Moth\n|-supereffective|p1a: Iron Moth\n|-end|p1a: Iron Moth|Substitute\n|move|p1a: Iron Moth|Sludge Wave|p2a: Poliwrath\n|-damage|p2a: Poliwrath|20\/100\n|-enditem|p2a: Poliwrath|Sitrus Berry|[eat]\n|-heal|p2a: Poliwrath|45\/100|[from] item: Sitrus Berry\n|\n|-weather|RainDance|[upkeep]\n|-heal|p2a: Poliwrath|51\/100|[from] Grassy Terrain\n|-heal|p1a: Iron Moth|94\/100|[from] Grassy Terrain\n|upkeep\n|turn|17\n|inactive|Akromancer has 120 seconds left.\n|\n|t:|1699980699\n|-end|p1a: Iron Moth|Quark Drive|[silent]\n|switch|p1a: Manaphy|Manaphy|100\/100\n|move|p2a: Poliwrath|Belly Drum|p2a: Poliwrath\n|-damage|p2a: Poliwrath|1\/100\n|-setboost|p2a: Poliwrath|atk|6|[from] move: Belly Drum\n|\n|-weather|RainDance|[upkeep]\n|-heal|p2a: Poliwrath|8\/100|[from] Grassy Terrain\n|upkeep\n|turn|18\n|\n|t:|1699980705\n|move|p2a: Poliwrath|Drain Punch|p1a: Manaphy\n|-damage|p1a: Manaphy|29\/100\n|-heal|p2a: Poliwrath|52\/100|[from] drain|[of] p1a: Manaphy\n|-damage|p2a: Poliwrath|36\/100|[from] item: Rocky Helmet|[of] p1a: Manaphy\n|move|p1a: Manaphy|Scald|p2a: Poliwrath\n|-resisted|p2a: Poliwrath\n|-damage|p2a: Poliwrath|14\/100\n|-status|p2a: Poliwrath|brn\n|\n|-weather|RainDance|[upkeep]\n|-heal|p2a: Poliwrath|20\/100 brn|[from] Grassy Terrain\n|-heal|p1a: Manaphy|35\/100|[from] Grassy Terrain\n|-damage|p2a: Poliwrath|14\/100 brn|[from] brn\n|-fieldend|move: Grassy Terrain\n|upkeep\n|turn|19\n|inactive|Akromancer has 120 seconds left.\n|\n|t:|1699980721\n|switch|p1a: Dragapult|Dragapult, M|20\/100\n|move|p2a: Poliwrath|Drain Punch|p1a: Dragapult\n|-immune|p1a: Dragapult\n|\n|-weather|RainDance|[upkeep]\n|-damage|p2a: Poliwrath|8\/100 brn|[from] brn\n|upkeep\n|turn|20\n|\n|t:|1699980731\n|move|p2a: Poliwrath|Liquidation|p1a: Dragapult\n|-resisted|p1a: Dragapult\n|-damage|p1a: Dragapult|0 fnt\n|faint|p1a: Dragapult\n|\n|-weather|RainDance|[upkeep]\n|-damage|p2a: Poliwrath|1\/100 brn|[from] brn\n|upkeep\n|\n|t:|1699980736\n|switch|p1a: Ogerpon|Ogerpon-Cornerstone, F|100\/100\n|turn|21\n|inactive|Akromancer has 120 seconds left.\n|\n|t:|1699980743\n|switch|p1a: Iron Moth|Iron Moth|94\/100\n|move|p2a: Poliwrath|Drain Punch|p1a: Iron Moth\n|-resisted|p1a: Iron Moth\n|-damage|p1a: Iron Moth|38\/100\n|-heal|p2a: Poliwrath|27\/100 brn|[from] drain|[of] p1a: Iron Moth\n|\n|-weather|none\n|-damage|p2a: Poliwrath|21\/100 brn|[from] brn\n|upkeep\n|turn|22\n|\n|t:|1699980748\n|move|p1a: Iron Moth|Morning Sun|p1a: Iron Moth\n|-heal|p1a: Iron Moth|88\/100\n|move|p2a: Poliwrath|Liquidation|p1a: Iron Moth\n|-supereffective|p1a: Iron Moth\n|-damage|p1a: Iron Moth|0 fnt\n|faint|p1a: Iron Moth\n|-end|p1a: Iron Moth|Quark Drive|[silent]\n|\n|-damage|p2a: Poliwrath|15\/100 brn|[from] brn\n|upkeep\n|\n|t:|1699980752\n|switch|p1a: Ogerpon|Ogerpon-Cornerstone, F|100\/100\n|turn|23\n|\n|t:|1699980760\n|move|p1a: Ogerpon|Knock Off|p2a: Poliwrath\n|-resisted|p2a: Poliwrath\n|-damage|p2a: Poliwrath|1\/100 brn\n|move|p2a: Poliwrath|Drain Punch|p1a: Ogerpon\n|-supereffective|p1a: Ogerpon\n|-ability|p1a: Ogerpon|Sturdy\n|-damage|p1a: Ogerpon|1\/100\n|-heal|p2a: Poliwrath|48\/100 brn|[from] drain|[of] p1a: Ogerpon\n|\n|-damage|p2a: Poliwrath|42\/100 brn|[from] brn\n|upkeep\n|turn|24\n|\n|t:|1699980766\n|move|p1a: Ogerpon|Ivy Cudgel|p2a: Poliwrath|[anim] Ivy Cudgel Rock\n|-resisted|p2a: Poliwrath\n|-damage|p2a: Poliwrath|7\/100 brn\n|move|p2a: Poliwrath|Drain Punch|p1a: Ogerpon\n|-supereffective|p1a: Ogerpon\n|-damage|p1a: Ogerpon|0 fnt\n|-heal|p2a: Poliwrath|8\/100 brn|[from] drain|[of] p1a: Ogerpon\n|faint|p1a: Ogerpon\n|\n|-damage|p2a: Poliwrath|1\/100 brn|[from] brn\n|upkeep\n|-message|Akromancer forfeited.\n|\n|win|trevobo\n|raw|Akromancer's rating: 1287 &rarr; <strong>1266<\/strong><br \/>(-21 for losing)\n|raw|trevobo's rating: 1340 &rarr; <strong>1357<\/strong><br \/>(+17 for winning)\n|l|\u2606Akromancer\n|c|\u2606trevobo|wow\n","uploadtime":1699980949,"views":5,"p1id":"akromancer","p2id":"trevobo","formatid":"gen9ou","rating":1266,"private":0,"password":""}