{"id":"gen9ou-1995273527","p1":"crotes69","p2":"adriyun","format":"[Gen 9] OU","log":"|j|\u2606crotes69\n|j|\u2606adriyun\n|t:|1700544920\n|gametype|singles\n|player|p1|crotes69|101|1560\n|player|p2|adriyun|blue|1509\n|teamsize|p1|6\n|teamsize|p2|6\n|gen|9\n|tier|[Gen 9] OU\n|rated|\n|rule|Sleep Clause Mod: Limit one foe put to sleep\n|rule|Species Clause: Limit one of each Pok\u00e9mon\n|rule|OHKO Clause: OHKO moves are banned\n|rule|Evasion Items Clause: Evasion items are banned\n|rule|Evasion Moves Clause: Evasion moves are banned\n|rule|Endless Battle Clause: Forcing endless battles is banned\n|rule|HP Percentage Mod: HP is shown in percentages\n|clearpoke\n|poke|p1|Enamorus, F|\n|poke|p1|Cinderace, M|\n|poke|p1|Rillaboom, F|\n|poke|p1|Clodsire, M|\n|poke|p1|Zapdos|\n|poke|p1|Kingambit, F|\n|poke|p2|Cinderace, M|\n|poke|p2|Kingambit, F|\n|poke|p2|Iron Moth|\n|poke|p2|Rotom-Wash|\n|poke|p2|Amoonguss, M|\n|poke|p2|Rillaboom, M|\n|teampreview\n|inactive|Battle timer is ON: inactive players will automatically lose when time's up. (requested by adriyun)\n|\n|t:|1700544933\n|start\n|switch|p1a: Zapdos|Zapdos|100\/100\n|switch|p2a: Cinderace|Cinderace, M|100\/100\n|turn|1\n|\n|t:|1700544937\n|move|p2a: Cinderace|Pyro Ball|p1a: Zapdos\n|-damage|p1a: Zapdos|63\/100\n|move|p1a: Zapdos|Hurricane|p2a: Cinderace\n|-damage|p2a: Cinderace|41\/100\n|\n|upkeep\n|turn|2\n|\n|t:|1700544951\n|move|p2a: Cinderace|U-turn|p1a: Zapdos\n|-resisted|p1a: Zapdos\n|-damage|p1a: Zapdos|56\/100\n|\n|t:|1700544953\n|switch|p2a: Amoonguss|Amoonguss, M|100\/100|[from] U-turn\n|move|p1a: Zapdos|Roost|p1a: Zapdos\n|-heal|p1a: Zapdos|100\/100\n|-singleturn|p1a: Zapdos|move: Roost\n|\n|upkeep\n|turn|3\n|\n|t:|1700544955\n|switch|p2a: Rotom|Rotom-Wash|100\/100\n|move|p1a: Zapdos|Hurricane|p2a: Rotom\n|-resisted|p2a: Rotom\n|-damage|p2a: Rotom|77\/100\n|-start|p2a: Rotom|confusion\n|\n|-heal|p2a: Rotom|84\/100|[from] item: Leftovers\n|upkeep\n|turn|4\n|\n|t:|1700544961\n|move|p1a: Zapdos|Volt Switch|p2a: Rotom\n|-damage|p2a: Rotom|52\/100\n|\n|t:|1700544975\n|switch|p1a: Rillaboom|Rillaboom, F|100\/100|[from] Volt Switch\n|-fieldstart|move: Grassy Terrain|[from] ability: Grassy Surge|[of] p1a: Rillaboom\n|-activate|p2a: Rotom|confusion\n|move|p2a: Rotom|Volt Switch|p1a: Rillaboom\n|-resisted|p1a: Rillaboom\n|-damage|p1a: Rillaboom|83\/100\n|\n|t:|1700544979\n|switch|p2a: Iron Moth|Iron Moth|100\/100|[from] Volt Switch\n|\n|-heal|p1a: Rillaboom|89\/100|[from] Grassy Terrain\n|upkeep\n|turn|5\n|\n|t:|1700544985\n|-end|p2a: Iron Moth|Quark Drive|[silent]\n|switch|p2a: Cinderace|Cinderace, M|41\/100\n|switch|p1a: Clodsire|Clodsire, M|100\/100\n|\n|-heal|p2a: Cinderace|47\/100|[from] Grassy Terrain\n|upkeep\n|turn|6\n|\n|t:|1700544991\n|move|p2a: Cinderace|Will-O-Wisp|p1a: Clodsire\n|-status|p1a: Clodsire|brn\n|move|p1a: Clodsire|High Horsepower|p2a: Cinderace\n|-supereffective|p2a: Cinderace\n|-damage|p2a: Cinderace|14\/100\n|\n|-heal|p2a: Cinderace|20\/100|[from] Grassy Terrain\n|-damage|p1a: Clodsire|94\/100 brn|[from] brn\n|upkeep\n|turn|7\n|\n|t:|1700544997\n|move|p2a: Cinderace|Pyro Ball|p1a: Clodsire\n|-damage|p1a: Clodsire|15\/100 brn\n|move|p1a: Clodsire|Toxic|p2a: Cinderace\n|-status|p2a: Cinderace|tox\n|\n|-heal|p2a: Cinderace|26\/100 tox|[from] Grassy Terrain\n|-heal|p1a: Clodsire|21\/100 brn|[from] Grassy Terrain\n|-heal|p1a: Clodsire|27\/100 brn|[from] item: Leftovers\n|-damage|p2a: Cinderace|20\/100 tox|[from] psn\n|-damage|p1a: Clodsire|21\/100 brn|[from] brn\n|upkeep\n|turn|8\n|\n|t:|1700545006\n|move|p2a: Cinderace|U-turn|p1a: Clodsire\n|-resisted|p1a: Clodsire\n|-damage|p1a: Clodsire|11\/100 brn\n|j| thebestever543\n|\n|t:|1700545011\n|switch|p2a: Rillaboom|Rillaboom, M|100\/100|[from] U-turn\n|move|p1a: Clodsire|Stealth Rock|p2a: Rillaboom\n|-sidestart|p2: adriyun|move: Stealth Rock\n|\n|-heal|p1a: Clodsire|17\/100 brn|[from] Grassy Terrain\n|-heal|p1a: Clodsire|23\/100 brn|[from] item: Leftovers\n|-damage|p1a: Clodsire|17\/100 brn|[from] brn\n|-fieldend|move: Grassy Terrain\n|upkeep\n|turn|9\n|\n|t:|1700545015\n|move|p2a: Rillaboom|U-turn|p1a: Clodsire\n|-resisted|p1a: Clodsire\n|-damage|p1a: Clodsire|0 fnt\n|faint|p1a: Clodsire\n|\n|t:|1700545018\n|switch|p2a: Cinderace|Cinderace, M|20\/100 tox|[from] U-turn\n|\n|-damage|p2a: Cinderace|14\/100 tox|[from] psn\n|upkeep\n|c| thebestever543|Name a generation 1-8\n|\n|t:|1700545031\n|switch|p1a: Rillaboom|Rillaboom, F|89\/100\n|-fieldstart|move: Grassy Terrain|[from] ability: Grassy Surge|[of] p1a: Rillaboom\n|turn|10\n|\n|t:|1700545035\n|move|p1a: Rillaboom|Grassy Glide|p2a: Cinderace\n|-resisted|p2a: Cinderace\n|-damage|p2a: Cinderace|0 fnt\n|faint|p2a: Cinderace\n|\n|-heal|p1a: Rillaboom|96\/100|[from] Grassy Terrain\n|upkeep\n|\n|t:|1700545038\n|switch|p2a: Iron Moth|Iron Moth|100\/100\n|turn|11\n|c|\u2606crotes69|6\n|c| thebestever543|Hmmmmmmmmm\n|inactive|crotes69 has 120 seconds left.\n|\n|t:|1700545073\n|switch|p1a: Enamorus|Enamorus, F|100\/100\n|move|p2a: Iron Moth|Sludge Wave|p1a: Enamorus\n|-supereffective|p1a: Enamorus\n|-damage|p1a: Enamorus|0 fnt\n|faint|p1a: Enamorus\n|\n|upkeep\n|inactive|crotes69 has 120 seconds left.\n|\n|t:|1700545078\n|switch|p1a: Kingambit|Kingambit, F|100\/100\n|-activate|p1a: Kingambit|ability: Supreme Overlord\n|-start|p1a: Kingambit|fallen2|[silent]\n|turn|12\n|\n|t:|1700545085\n|move|p2a: Iron Moth|Flamethrower|p1a: Kingambit\n|-supereffective|p1a: Kingambit\n|-damage|p1a: Kingambit|11\/100\n|move|p1a: Kingambit|Kowtow Cleave|p2a: Iron Moth\n|-damage|p2a: Iron Moth|0 fnt\n|faint|p2a: Iron Moth\n|-end|p2a: Iron Moth|Quark Drive|[silent]\n|\n|-heal|p1a: Kingambit|17\/100|[from] Grassy Terrain\n|-heal|p1a: Kingambit|23\/100|[from] item: Leftovers\n|upkeep\n|\n|t:|1700545090\n|switch|p2a: Rillaboom|Rillaboom, M|100\/100\n|-damage|p2a: Rillaboom|88\/100|[from] Stealth Rock\n|turn|13\n|\n|t:|1700545097\n|-end|p1a: Kingambit|fallen2|[silent]\n|switch|p1a: Zapdos|Zapdos|100\/100\n|move|p2a: Rillaboom|U-turn|p1a: Zapdos\n|-resisted|p1a: Zapdos\n|-damage|p1a: Zapdos|87\/100\n|\n|t:|1700545103\n|switch|p2a: Rotom|Rotom-Wash|52\/100|[from] U-turn\n|-damage|p2a: Rotom|40\/100|[from] Stealth Rock\n|\n|-heal|p2a: Rotom|46\/100|[from] item: Leftovers\n|upkeep\n|turn|14\n|\n|t:|1700545108\n|move|p2a: Rotom|Protect|p2a: Rotom\n|-singleturn|p2a: Rotom|Protect\n|move|p1a: Zapdos|Volt Switch|p2a: Rotom\n|-activate|p2a: Rotom|move: Protect\n|\n|-heal|p2a: Rotom|52\/100|[from] item: Leftovers\n|-fieldend|move: Grassy Terrain\n|upkeep\n|turn|15\n|\n|t:|1700545110\n|move|p1a: Zapdos|Volt Switch|p2a: Rotom\n|-damage|p2a: Rotom|22\/100\n|\n|t:|1700545117\n|switch|p1a: Rillaboom|Rillaboom, F|96\/100|[from] Volt Switch\n|-fieldstart|move: Grassy Terrain|[from] ability: Grassy Surge|[of] p1a: Rillaboom\n|move|p2a: Rotom|Hydro Pump|p1a: Rillaboom|[miss]\n|-miss|p2a: Rotom|p1a: Rillaboom\n|\n|-heal|p1a: Rillaboom|100\/100|[from] Grassy Terrain\n|-heal|p2a: Rotom|28\/100|[from] item: Leftovers\n|upkeep\n|turn|16\n|inactive|adriyun has 120 seconds left.\n|\n|t:|1700545153\n|move|p2a: Rotom|Protect|p2a: Rotom\n|-singleturn|p2a: Rotom|Protect\n|move|p1a: Rillaboom|U-turn|p2a: Rotom\n|-activate|p2a: Rotom|move: Protect\n|\n|-heal|p2a: Rotom|34\/100|[from] item: Leftovers\n|upkeep\n|turn|17\n|\n|t:|1700545156\n|move|p1a: Rillaboom|U-turn|p2a: Rotom\n|-damage|p2a: Rotom|4\/100\n|\n|t:|1700545161\n|switch|p1a: Zapdos|Zapdos|87\/100|[from] U-turn\n|move|p2a: Rotom|Thunder Wave|p1a: Zapdos\n|-immune|p1a: Zapdos\n|\n|-heal|p2a: Rotom|10\/100|[from] item: Leftovers\n|upkeep\n|turn|18\n|\n|t:|1700545165\n|move|p2a: Rotom|Protect|p2a: Rotom\n|-singleturn|p2a: Rotom|Protect\n|move|p1a: Zapdos|Volt Switch|p2a: Rotom\n|-activate|p2a: Rotom|move: Protect\n|\n|-heal|p2a: Rotom|17\/100|[from] item: Leftovers\n|upkeep\n|turn|19\n|\n|t:|1700545168\n|move|p1a: Zapdos|Volt Switch|p2a: Rotom\n|-damage|p2a: Rotom|0 fnt\n|faint|p2a: Rotom\n|\n|t:|1700545179\n|switch|p1a: Cinderace|Cinderace, M|100\/100|[from] Volt Switch\n|\n|-fieldend|move: Grassy Terrain\n|upkeep\n|\n|t:|1700545185\n|switch|p2a: Amoonguss|Amoonguss, M|100\/100\n|-damage|p2a: Amoonguss|88\/100|[from] Stealth Rock\n|turn|20\n|\n|t:|1700545191\n|switch|p1a: Rillaboom|Rillaboom, F|100\/100\n|-fieldstart|move: Grassy Terrain|[from] ability: Grassy Surge|[of] p1a: Rillaboom\n|-terastallize|p2a: Amoonguss|Water\n|move|p2a: Amoonguss|Spore|p1a: Rillaboom\n|-immune|p1a: Rillaboom\n|\n|-heal|p2a: Amoonguss|94\/100|[from] Grassy Terrain\n|upkeep\n|turn|21\n|\n|t:|1700545201\n|switch|p2a: Kingambit|Kingambit, F|100\/100\n|-damage|p2a: Kingambit|94\/100|[from] Stealth Rock\n|-activate|p2a: Kingambit|ability: Supreme Overlord\n|-start|p2a: Kingambit|fallen3|[silent]\n|move|p1a: Rillaboom|Wood Hammer|p2a: Kingambit\n|-resisted|p2a: Kingambit\n|-damage|p2a: Kingambit|49\/100\n|-damage|p1a: Rillaboom|83\/100|[from] Recoil\n|\n|-heal|p1a: Rillaboom|89\/100|[from] Grassy Terrain\n|-heal|p2a: Kingambit|55\/100|[from] Grassy Terrain\n|-heal|p2a: Kingambit|61\/100|[from] item: Leftovers\n|upkeep\n|turn|22\n|\n|t:|1700545213\n|-terastallize|p1a: Rillaboom|Grass\n|move|p1a: Rillaboom|Wood Hammer|p2a: Kingambit\n|-resisted|p2a: Kingambit\n|-damage|p2a: Kingambit|0 fnt\n|faint|p2a: Kingambit\n|-end|p2a: Kingambit|fallen3|[silent]\n|-damage|p1a: Rillaboom|66\/100|[from] Recoil\n|\n|-heal|p1a: Rillaboom|72\/100|[from] Grassy Terrain\n|upkeep\n|c|\u2606adriyun|broken pokemon\n|c|\u2606adriyun|gg\n|-message|adriyun forfeited.\n|\n|win|crotes69\n|raw|crotes69's rating: 1560 &rarr; <strong>1577<\/strong><br \/>(+17 for winning)\n|raw|adriyun's rating: 1509 &rarr; <strong>1492<\/strong><br \/>(-17 for losing)\n|l|\u2606adriyun\n|l| thebestever543\n|c|\u2606crotes69|u got the same one bro\n","uploadtime":1700545239,"views":3,"p1id":"crotes69","p2id":"adriyun","formatid":"gen9ou","rating":1492,"private":0,"password":""}