{"id":"gen9ou-1997383125","p1":"Letsdothis Atwork","p2":"Thehombre","format":"[Gen 9] OU","log":"|j|\u2606Letsdothis Atwork\n|j|\u2606Thehombre\n|t:|1700796984\n|gametype|singles\n|player|p1|Letsdothis Atwork|ghetsis-gen5bw|1363\n|player|p2|Thehombre|102|1257\n|teamsize|p1|6\n|teamsize|p2|6\n|gen|9\n|tier|[Gen 9] OU\n|rated|\n|rule|Sleep Clause Mod: Limit one foe put to sleep\n|rule|Species Clause: Limit one of each Pok\u00e9mon\n|rule|OHKO Clause: OHKO moves are banned\n|rule|Evasion Items Clause: Evasion items are banned\n|rule|Evasion Moves Clause: Evasion moves are banned\n|rule|Endless Battle Clause: Forcing endless battles is banned\n|rule|HP Percentage Mod: HP is shown in percentages\n|clearpoke\n|poke|p1|Pelipper, M|\n|poke|p1|Kleavor, F|\n|poke|p1|Gholdengo|\n|poke|p1|Charizard, M|\n|poke|p1|Barraskewda, M|\n|poke|p1|Garchomp, F|\n|poke|p2|Kingambit, M|\n|poke|p2|Ninetales-Alola, F|\n|poke|p2|Samurott-Hisui, M|\n|poke|p2|Masquerain, F|\n|poke|p2|Manaphy|\n|poke|p2|Maushold-Four|\n|teampreview\n|inactive|Battle timer is ON: inactive players will automatically lose when time's up. (requested by Thehombre)\n|\n|t:|1700796992\n|start\n|switch|p1a: Kleavor|Kleavor, F, shiny|100\/100\n|switch|p2a: Masquerain|Masquerain, F|100\/100\n|-ability|p2a: Masquerain|Intimidate|boost\n|-unboost|p1a: Kleavor|atk|1\n|turn|1\n|\n|t:|1700796998\n|move|p2a: Masquerain|Sticky Web|p1a: Kleavor\n|-sidestart|p1: Letsdothis Atwork|move: Sticky Web\n|move|p1a: Kleavor|Stone Axe|p2a: Masquerain\n|-supereffective|p2a: Masquerain\n|-enditem|p2a: Masquerain|Focus Sash\n|-damage|p2a: Masquerain|1\/100\n|-sidestart|p2: Thehombre|move: Stealth Rock\n|\n|upkeep\n|turn|2\n|\n|t:|1700797005\n|move|p1a: Kleavor|Quick Attack|p2a: Masquerain\n|-damage|p2a: Masquerain|0 fnt\n|faint|p2a: Masquerain\n|\n|upkeep\n|\n|t:|1700797009\n|switch|p2a: Manaphy|Manaphy|100\/100\n|-damage|p2a: Manaphy|88\/100|[from] Stealth Rock\n|turn|3\n|\n|t:|1700797012\n|move|p2a: Manaphy|Tail Glow|p2a: Manaphy\n|-boost|p2a: Manaphy|spa|3\n|move|p1a: Kleavor|Stone Axe|p2a: Manaphy\n|-damage|p2a: Manaphy|53\/100\n|\n|-heal|p2a: Manaphy|59\/100|[from] item: Leftovers\n|upkeep\n|turn|4\n|\n|t:|1700797017\n|move|p2a: Manaphy|Scald|p1a: Kleavor\n|-supereffective|p1a: Kleavor\n|-enditem|p1a: Kleavor|Focus Sash\n|-damage|p1a: Kleavor|1\/100\n|-status|p1a: Kleavor|brn\n|move|p1a: Kleavor|Defog|p2a: Manaphy\n|-unboost|p2a: Manaphy|evasion|1\n|-sideend|p2: Thehombre|Stealth Rock|[from] move: Defog|[of] p1a: Kleavor\n|-sideend|p1: Letsdothis Atwork|Sticky Web|[from] move: Defog|[of] p1a: Kleavor\n|\n|-heal|p2a: Manaphy|65\/100|[from] item: Leftovers\n|-damage|p1a: Kleavor|0 fnt|[from] brn\n|faint|p1a: Kleavor\n|upkeep\n|\n|t:|1700797032\n|switch|p1a: Pelipper|Pelipper, M, shiny|100\/100\n|-weather|RainDance|[from] ability: Drizzle|[of] p1a: Pelipper\n|turn|5\n|\n|t:|1700797036\n|move|p2a: Manaphy|Scald|p1a: Pelipper\n|-resisted|p1a: Pelipper\n|-damage|p1a: Pelipper|17\/100\n|move|p1a: Pelipper|U-turn|p2a: Manaphy\n|-damage|p2a: Manaphy|56\/100\n|\n|t:|1700797041\n|switch|p1a: Charizard|Charizard, M, shiny|100\/100|[from] U-turn\n|\n|-weather|RainDance|[upkeep]\n|-heal|p2a: Manaphy|62\/100|[from] item: Leftovers\n|upkeep\n|turn|6\n|\n|t:|1700797043\n|-terastallize|p1a: Charizard|Flying\n|move|p2a: Manaphy|Scald|p1a: Charizard\n|-damage|p1a: Charizard|0 fnt\n|faint|p1a: Charizard\n|\n|-weather|RainDance|[upkeep]\n|-heal|p2a: Manaphy|68\/100|[from] item: Leftovers\n|upkeep\n|-message|Letsdothis Atwork forfeited.\n|\n|win|Thehombre\n|raw|Letsdothis Atwork's rating: 1363 &rarr; <strong>1337<\/strong><br \/>(-26 for losing)\n|raw|Thehombre's rating: 1257 &rarr; <strong>1289<\/strong><br \/>(+32 for winning)\n|l|\u2606Letsdothis Atwork\n","uploadtime":1700797054,"views":4,"p1id":"letsdothisatwork","p2id":"thehombre","formatid":"gen9ou","rating":1289,"private":0,"password":""}