{"id":"gen9ou-1990975328","p1":"Ronni.Ronni","p2":"Thehombre","format":"[Gen 9] OU","log":"|j|\u2606Ronni.Ronni\n|j|\u2606Thehombre\n|t:|1700022067\n|gametype|singles\n|player|p1|Ronni.Ronni|266|1000\n|player|p2|Thehombre|1|1106\n|teamsize|p1|6\n|teamsize|p2|6\n|gen|9\n|tier|[Gen 9] OU\n|rated|\n|rule|Sleep Clause Mod: Limit one foe put to sleep\n|rule|Species Clause: Limit one of each Pok\u00e9mon\n|rule|OHKO Clause: OHKO moves are banned\n|rule|Evasion Items Clause: Evasion items are banned\n|rule|Evasion Moves Clause: Evasion moves are banned\n|rule|Endless Battle Clause: Forcing endless battles is banned\n|rule|HP Percentage Mod: HP is shown in percentages\n|clearpoke\n|poke|p1|Dragalge, F|\n|poke|p1|Jolteon, M|\n|poke|p1|Garchomp, M|\n|poke|p1|Blissey, F|\n|poke|p1|Eevee, M|\n|poke|p1|Toxapex, F|\n|poke|p2|Munkidori, M|\n|poke|p2|Dragapult, M|\n|poke|p2|Corviknight, M|\n|poke|p2|Ninetales-Alola, M|\n|poke|p2|Clefable, F|\n|poke|p2|Ogerpon-Cornerstone, F|\n|teampreview\n|\n|t:|1700022072\n|start\n|switch|p1a: Dragalge|Dragalge, F, shiny|100\/100\n|switch|p2a: Dragapult|Dragapult, M|100\/100\n|turn|1\n|inactive|Battle timer is ON: inactive players will automatically lose when time's up. (requested by Thehombre)\n|\n|t:|1700022087\n|-terastallize|p1a: Dragalge|Fairy\n|move|p2a: Dragapult|Dragon Dance|p2a: Dragapult\n|-boost|p2a: Dragapult|atk|1\n|-boost|p2a: Dragapult|spe|1\n|move|p1a: Dragalge|Dragon Pulse|p2a: Dragapult\n|-supereffective|p2a: Dragapult\n|-damage|p2a: Dragapult|29\/100\n|\n|upkeep\n|turn|2\n|\n|t:|1700022095\n|move|p2a: Dragapult|Phantom Force||[still]\n|-prepare|p2a: Dragapult|Phantom Force\n|move|p1a: Dragalge|Dragon Pulse|p2a: Dragapult|[miss]\n|-miss|p1a: Dragalge|p2a: Dragapult\n|\n|upkeep\n|turn|3\n|\n|t:|1700022100\n|move|p2a: Dragapult|Phantom Force|p1a: Dragalge|[from]lockedmove\n|-damage|p1a: Dragalge|19\/100\n|-status|p2a: Dragapult|psn|[from] ability: Poison Point|[of] p1a: Dragalge\n|move|p1a: Dragalge|Dragon Pulse|p2a: Dragapult\n|-supereffective|p2a: Dragapult\n|-damage|p2a: Dragapult|0 fnt\n|faint|p2a: Dragapult\n|\n|upkeep\n|\n|t:|1700022103\n|switch|p2a: Ninetales|Ninetales-Alola, M|100\/100\n|-weather|Snow|[from] ability: Snow Warning|[of] p2a: Ninetales\n|turn|4\n|\n|t:|1700022111\n|move|p2a: Ninetales|Aurora Veil|p2a: Ninetales\n|-sidestart|p2: Thehombre|move: Aurora Veil\n|move|p1a: Dragalge|Dragon Pulse|p2a: Ninetales\n|-immune|p2a: Ninetales\n|\n|-weather|Snow|[upkeep]\n|upkeep\n|turn|5\n|\n|t:|1700022125\n|move|p2a: Ninetales|Misty Terrain|p2a: Ninetales\n|-fieldstart|move: Misty Terrain\n|move|p1a: Dragalge|Dragon Pulse|p2a: Ninetales\n|-immune|p2a: Ninetales\n|\n|-weather|Snow|[upkeep]\n|upkeep\n|turn|6\n|\n|t:|1700022130\n|switch|p2a: Ogerpon|Ogerpon-Cornerstone, F|100\/100\n|move|p1a: Dragalge|Dragon Pulse|p2a: Ogerpon\n|-damage|p2a: Ogerpon|94\/100\n|\n|-weather|Snow|[upkeep]\n|upkeep\n|turn|7\n|\n|t:|1700022136\n|move|p2a: Ogerpon|Swords Dance|p2a: Ogerpon\n|-boost|p2a: Ogerpon|atk|2\n|move|p1a: Dragalge|Dragon Pulse|p2a: Ogerpon\n|-damage|p2a: Ogerpon|86\/100\n|\n|-weather|Snow|[upkeep]\n|upkeep\n|turn|8\n|\n|t:|1700022151\n|switch|p1a: Eevee|Eevee, M, shiny|100\/100\n|move|p2a: Ogerpon|Swords Dance|p2a: Ogerpon\n|-boost|p2a: Ogerpon|atk|2\n|\n|-weather|none\n|upkeep\n|turn|9\n|\n|t:|1700022156\n|move|p1a: Eevee|Protect|p1a: Eevee\n|-singleturn|p1a: Eevee|Protect\n|move|p2a: Ogerpon|Trailblaze|p1a: Eevee\n|-activate|p1a: Eevee|move: Protect\n|\n|-fieldend|Misty Terrain\n|upkeep\n|turn|10\n|\n|t:|1700022163\n|move|p2a: Ogerpon|Trailblaze|p1a: Eevee\n|-damage|p1a: Eevee|0 fnt\n|-boost|p2a: Ogerpon|spe|1\n|faint|p1a: Eevee\n|\n|upkeep\n|\n|t:|1700022177\n|switch|p1a: Dragalge|Dragalge, F, shiny, tera:Fairy|19\/100\n|turn|11\n|-message|Ronni.Ronni forfeited.\n|\n|win|Thehombre\n|raw|Ronni.Ronni's rating: 1000 &rarr; <strong>1000<\/strong><br \/>(+0 for losing)\n|raw|Thehombre's rating: 1106 &rarr; <strong>1124<\/strong><br \/>(+18 for winning)\n|l|\u2606Ronni.Ronni\n","uploadtime":1700022185,"views":7,"p1id":"ronnironni","p2id":"thehombre","formatid":"gen9ou","rating":1000,"private":0,"password":""}