{"id":"gen9ou-1994218116","p1":"Luck matter","p2":"jobey","format":"[Gen 9] OU","log":"|j|\u2606Luck matter\n|j|\u2606jobey\n|inactive|Battle timer is ON: inactive players will automatically lose when time's up.\n|t:|1700420098\n|gametype|singles\n|player|p1|Luck matter|169|\n|player|p2|jobey|265|\n|teamsize|p1|6\n|teamsize|p2|6\n|gen|9\n|tier|[Gen 9] OU\n|rated|Tournament battle\n|rule|Sleep Clause Mod: Limit one foe put to sleep\n|rule|Species Clause: Limit one of each Pok\u00e9mon\n|rule|OHKO Clause: OHKO moves are banned\n|rule|Evasion Items Clause: Evasion items are banned\n|rule|Evasion Moves Clause: Evasion moves are banned\n|rule|Endless Battle Clause: Forcing endless battles is banned\n|rule|HP Percentage Mod: HP is shown in percentages\n|clearpoke\n|poke|p1|Cinderace, F|\n|poke|p1|Dragapult, F|\n|poke|p1|Landorus-Therian, M|\n|poke|p1|Gholdengo|\n|poke|p1|Ceruledge, M|\n|poke|p1|Zamazenta-*|\n|poke|p2|Kingambit, F|\n|poke|p2|Glimmora, M|\n|poke|p2|Zamazenta-*|\n|poke|p2|Iron Valiant|\n|poke|p2|Iron Moth|\n|poke|p2|Ogerpon-Wellspring, F|\n|teampreview|6\n|j|*Lady Monita \u2746\n|inactive|Luck matter also wants the timer to be on.\n|inactive|Luck matter has 120 seconds left.\n|\n|t:|1700420131\n|start\n|switch|p1a: Landorus|Landorus-Therian, M|100\/100\n|switch|p2a: Glimmora|Glimmora, M|100\/100\n|-ability|p1a: Landorus|Intimidate|boost\n|-unboost|p2a: Glimmora|atk|1\n|turn|1\n|\n|t:|1700420149\n|move|p1a: Landorus|Earthquake|p2a: Glimmora\n|-supereffective|p2a: Glimmora\n|-enditem|p2a: Glimmora|Focus Sash\n|-damage|p2a: Glimmora|1\/100\n|-activate|p2a: Glimmora|ability: Toxic Debris\n|-sidestart|p1: Luck matter|move: Toxic Spikes\n|move|p2a: Glimmora|Stealth Rock|p1a: Landorus\n|-sidestart|p1: Luck matter|move: Stealth Rock\n|\n|upkeep\n|turn|2\n|\n|t:|1700420157\n|move|p1a: Landorus|Earthquake|p2a: Glimmora\n|-supereffective|p2a: Glimmora\n|-damage|p2a: Glimmora|0 fnt\n|-activate|p2a: Glimmora|ability: Toxic Debris\n|-sidestart|p1: Luck matter|move: Toxic Spikes\n|faint|p2a: Glimmora\n|\n|upkeep\n|\n|t:|1700420163\n|switch|p2a: Ogerpon|Ogerpon-Wellspring, F|100\/100\n|turn|3\n|\n|t:|1700420168\n|switch|p1a: Ceruledge|Ceruledge, M|100\/100\n|move|p2a: Ogerpon|Ivy Cudgel|p1a: Ceruledge|[anim] Ivy Cudgel Water\n|-supereffective|p1a: Ceruledge\n|-damage|p1a: Ceruledge|0 fnt\n|faint|p1a: Ceruledge\n|\n|upkeep\n|\n|t:|1700420171\n|switch|p1a: Cinderace|Cinderace, F|100\/100\n|turn|4\n|\n|t:|1700420182\n|move|p1a: Cinderace|Court Change|p1a: Cinderace\n|-start|p1a: Cinderace|typechange|Normal|[from] ability: Libero\n|-swapsideconditions\n|-activate|p1a: Cinderace|move: Court Change\n|move|p2a: Ogerpon|Trailblaze|p1a: Cinderace\n|-damage|p1a: Cinderace|58\/100\n|-boost|p2a: Ogerpon|spe|1\n|\n|upkeep\n|turn|5\n|\n|t:|1700420192\n|-terastallize|p2a: Ogerpon|Water\n|detailschange|p2a: Ogerpon|Ogerpon-Wellspring-Tera, F, tera:Water\n|-ability|p2a: Ogerpon|Embody Aspect (Wellspring)|boost\n|-boost|p2a: Ogerpon|spd|1\n|move|p2a: Ogerpon|Ivy Cudgel|p1a: Cinderace|[anim] Ivy Cudgel Water\n|-damage|p1a: Cinderace|0 fnt\n|faint|p1a: Cinderace\n|\n|upkeep\n|\n|t:|1700420200\n|switch|p1a: Dragapult|Dragapult, F|100\/100\n|turn|6\n|\n|t:|1700420208\n|move|p2a: Ogerpon|Knock Off|p1a: Dragapult\n|-supereffective|p1a: Dragapult\n|-damage|p1a: Dragapult|0 fnt\n|-enditem|p1a: Dragapult|Choice Band|[from] move: Knock Off|[of] p2a: Ogerpon\n|faint|p1a: Dragapult\n|\n|upkeep\n|\n|t:|1700420213\n|switch|p1a: Landorus|Landorus-Therian, M|100\/100\n|-ability|p1a: Landorus|Intimidate|boost\n|-unboost|p2a: Ogerpon|atk|1\n|turn|7\n|\n|t:|1700420220\n|-terastallize|p1a: Landorus|Flying\n|move|p2a: Ogerpon|Swords Dance|p2a: Ogerpon\n|-boost|p2a: Ogerpon|atk|2\n|move|p1a: Landorus|Earthquake|p2a: Ogerpon\n|-damage|p2a: Ogerpon|18\/100\n|\n|upkeep\n|turn|8\n|\n|t:|1700420227\n|move|p2a: Ogerpon|Ivy Cudgel|p1a: Landorus|[anim] Ivy Cudgel Water\n|-damage|p1a: Landorus|0 fnt\n|faint|p1a: Landorus\n|\n|upkeep\n|\n|t:|1700420229\n|switch|p1a: Zamazenta|Zamazenta|100\/100\n|-ability|p1a: Zamazenta|Dauntless Shield|boost\n|-boost|p1a: Zamazenta|def|1\n|turn|9\n|\n|t:|1700420235\n|move|p2a: Ogerpon|Ivy Cudgel|p1a: Zamazenta|[anim] Ivy Cudgel Water\n|-damage|p1a: Zamazenta|52\/100\n|move|p1a: Zamazenta|Iron Defense|p1a: Zamazenta\n|-boost|p1a: Zamazenta|def|2\n|\n|-heal|p1a: Zamazenta|58\/100|[from] item: Leftovers\n|upkeep\n|turn|10\n|\n|t:|1700420242\n|move|p2a: Ogerpon|Ivy Cudgel|p1a: Zamazenta|[anim] Ivy Cudgel Water\n|-damage|p1a: Zamazenta|26\/100\n|move|p1a: Zamazenta|Body Press|p2a: Ogerpon\n|-damage|p2a: Ogerpon|0 fnt\n|faint|p2a: Ogerpon\n|\n|-heal|p1a: Zamazenta|32\/100|[from] item: Leftovers\n|upkeep\n|\n|t:|1700420251\n|switch|p2a: Iron Valiant|Iron Valiant|100\/100\n|-status|p2a: Iron Valiant|tox\n|-damage|p2a: Iron Valiant|94\/100 tox|[from] Stealth Rock\n|-enditem|p2a: Iron Valiant|Booster Energy\n|-activate|p2a: Iron Valiant|ability: Quark Drive|[fromitem]\n|-start|p2a: Iron Valiant|quarkdrivespe\n|turn|11\n|\n|t:|1700420262\n|switch|p1a: Gholdengo|Gholdengo|100\/100\n|move|p2a: Iron Valiant|Moonblast|p1a: Gholdengo\n|-resisted|p1a: Gholdengo\n|-damage|p1a: Gholdengo|71\/100\n|\n|-damage|p2a: Iron Valiant|88\/100 tox|[from] psn\n|upkeep\n|turn|12\n|\n|t:|1700420270\n|-end|p2a: Iron Valiant|Quark Drive|[silent]\n|switch|p2a: Zamazenta|Zamazenta, shiny|100\/100\n|-status|p2a: Zamazenta|tox\n|-damage|p2a: Zamazenta|94\/100 tox|[from] Stealth Rock\n|-ability|p2a: Zamazenta|Dauntless Shield|boost\n|-boost|p2a: Zamazenta|def|1\n|move|p1a: Gholdengo|Shadow Ball|p2a: Zamazenta\n|-damage|p2a: Zamazenta|57\/100 tox\n|\n|-heal|p2a: Zamazenta|63\/100 tox|[from] item: Leftovers\n|-damage|p2a: Zamazenta|57\/100 tox|[from] psn\n|upkeep\n|turn|13\n|\n|t:|1700420281\n|move|p1a: Gholdengo|Shadow Ball|p2a: Zamazenta\n|-crit|p2a: Zamazenta\n|-damage|p2a: Zamazenta|0 fnt\n|faint|p2a: Zamazenta\n|\n|upkeep\n|\n|t:|1700420286\n|switch|p2a: Iron Moth|Iron Moth|100\/100\n|-sideend|p2: jobey|move: Toxic Spikes|[of] p2a: Iron Moth\n|-damage|p2a: Iron Moth|76\/100|[from] Stealth Rock\n|-enditem|p2a: Iron Moth|Booster Energy\n|-activate|p2a: Iron Moth|ability: Quark Drive|[fromitem]\n|-start|p2a: Iron Moth|quarkdrivespe\n|turn|14\n|\n|t:|1700420306\n|move|p2a: Iron Moth|Fiery Dance|p1a: Gholdengo\n|-supereffective|p1a: Gholdengo\n|-damage|p1a: Gholdengo|0 fnt\n|-boost|p2a: Iron Moth|spa|1\n|faint|p1a: Gholdengo\n|\n|upkeep\n|\n|t:|1700420309\n|switch|p1a: Zamazenta|Zamazenta|32\/100\n|turn|15\n|\n|t:|1700420314\n|move|p2a: Iron Moth|Dazzling Gleam|p1a: Zamazenta\n|-supereffective|p1a: Zamazenta\n|-crit|p1a: Zamazenta\n|-damage|p1a: Zamazenta|0 fnt\n|faint|p1a: Zamazenta\n|\n|win|jobey\n|n|\u2606Luck matter|luckmatter\n|n|\u2606jobey|jobey\n|n|*Lady Monita \u2746|ladymonita\n","uploadtime":1700420315,"views":8,"p1id":"luckmatter","p2id":"jobey","formatid":"gen9ou","rating":0,"private":0,"password":""}