{"id":"gen9ou-1993221269","p1":"iXant","p2":"mizdrev","format":"[Gen 9] OU","log":"|j|\u2606iXant\n|j|\u2606mizdrev\n|t:|1700279960\n|gametype|singles\n|player|p1|iXant|giovanni|1242\n|player|p2|mizdrev|bellelba|1136\n|teamsize|p1|6\n|teamsize|p2|6\n|gen|9\n|tier|[Gen 9] OU\n|rated|\n|rule|Sleep Clause Mod: Limit one foe put to sleep\n|rule|Species Clause: Limit one of each Pok\u00e9mon\n|rule|OHKO Clause: OHKO moves are banned\n|rule|Evasion Items Clause: Evasion items are banned\n|rule|Evasion Moves Clause: Evasion moves are banned\n|rule|Endless Battle Clause: Forcing endless battles is banned\n|rule|HP Percentage Mod: HP is shown in percentages\n|clearpoke\n|poke|p1|Toxapex, F|\n|poke|p1|Muk-Alola, M|\n|poke|p1|Weezing-Galar, M|\n|poke|p1|Grimmsnarl, M|\n|poke|p1|Clefable, F|\n|poke|p1|Armarouge, M|\n|poke|p2|Dragapult, F|\n|poke|p2|Kingambit, F|\n|poke|p2|Landorus-Therian, M|\n|poke|p2|Toxapex, F|\n|poke|p2|Corviknight, F|\n|poke|p2|Sneasler, F|\n|teampreview\n|c|\u2606iXant|I have a 39% chance\n|c|\u2606mizdrev|same\n|\n|t:|1700279995\n|start\n|switch|p1a: Grimmsnarl|Grimmsnarl, M|100\/100\n|switch|p2a: Dragapult|Dragapult, F, shiny|100\/100\n|turn|1\n|\n|t:|1700280007\n|move|p2a: Dragapult|U-turn|p1a: Grimmsnarl\n|-damage|p1a: Grimmsnarl|54\/100\n|\n|t:|1700280010\n|switch|p2a: Corviknight|Corviknight, F, shiny|100\/100|[from] U-turn\n|move|p1a: Grimmsnarl|Spirit Break|p2a: Corviknight\n|-resisted|p2a: Corviknight\n|-damage|p2a: Corviknight|87\/100\n|-ability|p2a: Corviknight|Mirror Armor\n|-unboost|p1a: Grimmsnarl|spa|1\n|\n|-heal|p2a: Corviknight|94\/100|[from] item: Leftovers\n|upkeep\n|turn|2\n|c|\u2606iXant|of course\n|\n|t:|1700280032\n|move|p1a: Grimmsnarl|Reflect|p1a: Grimmsnarl\n|-sidestart|p1: iXant|Reflect\n|move|p2a: Corviknight|Brave Bird|p1a: Grimmsnarl\n|-damage|p1a: Grimmsnarl|24\/100\n|-damage|p2a: Corviknight|84\/100|[from] Recoil\n|\n|-heal|p2a: Corviknight|90\/100|[from] item: Leftovers\n|upkeep\n|turn|3\n|\n|t:|1700280045\n|switch|p1a: Armarouge|Armarouge, M|100\/100\n|move|p2a: Corviknight|Brave Bird|p1a: Armarouge\n|-damage|p1a: Armarouge|79\/100\n|-ability|p1a: Armarouge|Weak Armor|boost\n|-unboost|p1a: Armarouge|def|1\n|-boost|p1a: Armarouge|spe|2\n|-damage|p2a: Corviknight|83\/100|[from] Recoil\n|\n|-heal|p2a: Corviknight|90\/100|[from] item: Leftovers\n|upkeep\n|turn|4\n|\n|t:|1700280063\n|switch|p2a: Toxapex|Toxapex, F, shiny|100\/100\n|move|p1a: Armarouge|Iron Defense|p1a: Armarouge\n|-boost|p1a: Armarouge|def|2\n|\n|upkeep\n|turn|5\n|\n|t:|1700280069\n|move|p1a: Armarouge|Stored Power|p2a: Toxapex\n|-supereffective|p2a: Toxapex\n|-damage|p2a: Toxapex|29\/100\n|move|p2a: Toxapex|Haze|p2a: Toxapex\n|-clearallboost\n|\n|-heal|p2a: Toxapex|36\/100|[from] item: Leftovers\n|upkeep\n|turn|6\n|\n|t:|1700280085\n|switch|p1a: Muk|Muk-Alola, M|100\/100\n|move|p2a: Toxapex|Recover|p2a: Toxapex\n|-heal|p2a: Toxapex|86\/100\n|\n|-heal|p2a: Toxapex|92\/100|[from] item: Leftovers\n|upkeep\n|turn|7\n|\n|t:|1700280094\n|move|p2a: Toxapex|Baneful Bunker|p2a: Toxapex\n|-singleturn|p2a: Toxapex|move: Protect\n|move|p1a: Muk|Knock Off|p2a: Toxapex\n|-activate|p2a: Toxapex|move: Protect\n|\n|-heal|p2a: Toxapex|98\/100|[from] item: Leftovers\n|upkeep\n|turn|8\n|\n|t:|1700280112\n|switch|p2a: Sneasler|Sneasler, F, shiny|100\/100\n|move|p1a: Muk|Knock Off|p2a: Sneasler\n|-resisted|p2a: Sneasler\n|-damage|p2a: Sneasler|60\/100\n|-enditem|p2a: Sneasler|Choice Band|[from] move: Knock Off|[of] p1a: Muk\n|\n|upkeep\n|turn|9\n|\n|t:|1700280125\n|move|p2a: Sneasler|Swords Dance|p2a: Sneasler\n|-boost|p2a: Sneasler|atk|2\n|move|p1a: Muk|Ice Punch|p2a: Sneasler\n|-damage|p2a: Sneasler|18\/100\n|\n|-sideend|p1: iXant|Reflect\n|upkeep\n|turn|10\n|\n|t:|1700280136\n|switch|p1a: Toxapex|Toxapex, F, shiny|100\/100\n|move|p2a: Sneasler|Acrobatics|p1a: Toxapex\n|-damage|p1a: Toxapex|58\/100\n|-damage|p2a: Sneasler|1\/100|[from] item: Rocky Helmet|[of] p1a: Toxapex\n|\n|upkeep\n|turn|11\n|\n|t:|1700280148\n|move|p2a: Sneasler|Acrobatics|p1a: Toxapex\n|-damage|p1a: Toxapex|11\/100\n|-damage|p2a: Sneasler|0 fnt|[from] item: Rocky Helmet|[of] p1a: Toxapex\n|faint|p2a: Sneasler\n|move|p1a: Toxapex|Recover|p1a: Toxapex\n|-heal|p1a: Toxapex|61\/100\n|\n|upkeep\n|\n|t:|1700280157\n|switch|p2a: Landorus|Landorus-Therian, M, shiny|100\/100\n|-ability|p2a: Landorus|Intimidate|boost\n|-unboost|p1a: Toxapex|atk|1\n|turn|12\n|\n|t:|1700280166\n|switch|p1a: Weezing|Weezing-Galar, M|100\/100\n|move|p2a: Landorus|Earthquake|p1a: Weezing\n|-immune|p1a: Weezing|[from] ability: Levitate\n|\n|upkeep\n|turn|13\n|\n|t:|1700280189\n|switch|p1a: Toxapex|Toxapex, F, shiny|94\/100\n|move|p2a: Landorus|Smack Down|p1a: Toxapex\n|-damage|p1a: Toxapex|82\/100\n|\n|upkeep\n|turn|14\n|\n|t:|1700280196\n|move|p1a: Toxapex|Baneful Bunker|p1a: Toxapex\n|-singleturn|p1a: Toxapex|move: Protect\n|move|p2a: Landorus|Smack Down|p1a: Toxapex\n|-activate|p1a: Toxapex|move: Protect\n|\n|upkeep\n|turn|15\n|\n|t:|1700280211\n|switch|p1a: Armarouge|Armarouge, M|79\/100\n|move|p2a: Landorus|Earthquake|p1a: Armarouge\n|-supereffective|p1a: Armarouge\n|-damage|p1a: Armarouge|0 fnt\n|faint|p1a: Armarouge\n|\n|upkeep\n|\n|t:|1700280216\n|switch|p1a: Grimmsnarl|Grimmsnarl, M|24\/100\n|turn|16\n|\n|t:|1700280225\n|move|p1a: Grimmsnarl|Parting Shot|p2a: Landorus\n|-unboost|p2a: Landorus|atk|1\n|-unboost|p2a: Landorus|spa|1\n|\n|t:|1700280228\n|switch|p1a: Clefable|Clefable, F|100\/100|[from] Parting Shot\n|move|p2a: Landorus|U-turn|p1a: Clefable\n|-resisted|p1a: Clefable\n|-damage|p1a: Clefable|91\/100\n|\n|t:|1700280234\n|switch|p2a: Corviknight|Corviknight, F, shiny|90\/100|[from] U-turn\n|\n|-heal|p2a: Corviknight|96\/100|[from] item: Leftovers\n|upkeep\n|turn|17\n|\n|t:|1700280243\n|switch|p1a: Toxapex|Toxapex, F, shiny|100\/100\n|move|p2a: Corviknight|Brave Bird|p1a: Toxapex\n|-damage|p1a: Toxapex|70\/100\n|-damage|p2a: Corviknight|79\/100|[from] item: Rocky Helmet|[of] p1a: Toxapex\n|-damage|p2a: Corviknight|72\/100|[from] Recoil\n|\n|-heal|p2a: Corviknight|78\/100|[from] item: Leftovers\n|upkeep\n|turn|18\n|\n|t:|1700280253\n|move|p2a: Corviknight|U-turn|p1a: Toxapex\n|-resisted|p1a: Toxapex\n|-damage|p1a: Toxapex|64\/100\n|-damage|p2a: Corviknight|61\/100|[from] item: Rocky Helmet|[of] p1a: Toxapex\n|\n|t:|1700280262\n|switch|p2a: Landorus|Landorus-Therian, M, shiny|100\/100|[from] U-turn\n|-ability|p2a: Landorus|Intimidate|boost\n|-unboost|p1a: Toxapex|atk|1\n|move|p1a: Toxapex|Infestation|p2a: Landorus\n|-resisted|p2a: Landorus\n|-damage|p2a: Landorus|98\/100\n|-activate|p2a: Landorus|move: Infestation|[of] p1a: Toxapex\n|-damage|p1a: Toxapex|47\/100|[from] item: Rocky Helmet|[of] p2a: Landorus\n|\n|-damage|p2a: Landorus|86\/100|[from] move: Infestation|[partiallytrapped]\n|upkeep\n|turn|19\n|\n|t:|1700280272\n|move|p1a: Toxapex|Baneful Bunker|p1a: Toxapex\n|-singleturn|p1a: Toxapex|move: Protect\n|move|p2a: Landorus|Smack Down|p1a: Toxapex\n|-activate|p1a: Toxapex|move: Protect\n|\n|-damage|p2a: Landorus|74\/100|[from] move: Infestation|[partiallytrapped]\n|upkeep\n|turn|20\n|\n|t:|1700280282\n|switch|p1a: Weezing|Weezing-Galar, M|100\/100\n|move|p2a: Landorus|Earthquake|p1a: Weezing\n|-immune|p1a: Weezing|[from] ability: Levitate\n|\n|-end|p2a: Landorus|Infestation|[partiallytrapped]|[silent]\n|upkeep\n|turn|21\n|\n|t:|1700280291\n|move|p2a: Landorus|Smack Down|p1a: Weezing\n|-damage|p1a: Weezing|84\/100\n|-start|p1a: Weezing|Smack Down\n|move|p1a: Weezing|Strange Steam|p2a: Landorus\n|-damage|p2a: Landorus|22\/100\n|\n|-heal|p1a: Weezing|90\/100|[from] item: Black Sludge\n|upkeep\n|turn|22\n|c|\u2606iXant|its never enough\n|\n|t:|1700280320\n|switch|p1a: Grimmsnarl|Grimmsnarl, M|24\/100\n|move|p2a: Landorus|Earthquake|p1a: Grimmsnarl\n|-damage|p1a: Grimmsnarl|0 fnt\n|faint|p1a: Grimmsnarl\n|\n|upkeep\n|\n|t:|1700280329\n|switch|p1a: Weezing|Weezing-Galar, M|90\/100\n|turn|23\n|\n|t:|1700280338\n|switch|p1a: Muk|Muk-Alola, M|100\/100\n|move|p2a: Landorus|U-turn|p1a: Muk\n|-damage|p1a: Muk|72\/100\n|\n|t:|1700280347\n|switch|p2a: Dragapult|Dragapult, F, shiny|100\/100|[from] U-turn\n|\n|upkeep\n|turn|24\n|\n|t:|1700280354\n|move|p2a: Dragapult|Dragon Darts|p1a: Muk\n|-damage|p1a: Muk|31\/100\n|-anim|p2a: Dragapult|Dragon Darts|p1a: Muk\n|-damage|p1a: Muk|0 fnt\n|faint|p1a: Muk\n|\n|upkeep\n|\n|t:|1700280364\n|switch|p1a: Clefable|Clefable, F|91\/100\n|turn|25\n|\n|t:|1700280375\n|switch|p2a: Kingambit|Kingambit, F, shiny|100\/100\n|-activate|p2a: Kingambit|ability: Supreme Overlord\n|-start|p2a: Kingambit|fallen1|[silent]\n|move|p1a: Clefable|Cosmic Power|p1a: Clefable\n|-boost|p1a: Clefable|def|1\n|-boost|p1a: Clefable|spd|1\n|\n|upkeep\n|turn|26\n|\n|t:|1700280386\n|move|p1a: Clefable|Moonblast|p2a: Kingambit\n|-damage|p2a: Kingambit|63\/100\n|move|p2a: Kingambit|Swords Dance|p2a: Kingambit\n|-boost|p2a: Kingambit|atk|2\n|\n|-heal|p2a: Kingambit|69\/100|[from] item: Leftovers\n|upkeep\n|turn|27\n|\n|t:|1700280402\n|switch|p1a: Toxapex|Toxapex, F, shiny|80\/100\n|move|p2a: Kingambit|Iron Head|p1a: Toxapex\n|-resisted|p1a: Toxapex\n|-damage|p1a: Toxapex|50\/100\n|-damage|p2a: Kingambit|52\/100|[from] item: Rocky Helmet|[of] p1a: Toxapex\n|\n|-heal|p2a: Kingambit|59\/100|[from] item: Leftovers\n|upkeep\n|turn|28\n|\n|t:|1700280410\n|move|p2a: Kingambit|Swords Dance|p2a: Kingambit\n|-boost|p2a: Kingambit|atk|2\n|move|p1a: Toxapex|Recover|p1a: Toxapex\n|-heal|p1a: Toxapex|99\/100\n|\n|-heal|p2a: Kingambit|65\/100|[from] item: Leftovers\n|upkeep\n|turn|29\n|\n|t:|1700280417\n|move|p2a: Kingambit|Swords Dance|p2a: Kingambit\n|-boost|p2a: Kingambit|atk|2\n|move|p1a: Toxapex|Infestation|p2a: Kingambit\n|-damage|p2a: Kingambit|62\/100\n|-activate|p2a: Kingambit|move: Infestation|[of] p1a: Toxapex\n|\n|-heal|p2a: Kingambit|68\/100|[from] item: Leftovers\n|-damage|p2a: Kingambit|56\/100|[from] move: Infestation|[partiallytrapped]\n|upkeep\n|turn|30\n|\n|t:|1700280426\n|move|p1a: Toxapex|Baneful Bunker|p1a: Toxapex\n|-singleturn|p1a: Toxapex|move: Protect\n|move|p2a: Kingambit|Kowtow Cleave|p1a: Toxapex\n|-activate|p1a: Toxapex|move: Protect\n|\n|-heal|p2a: Kingambit|62\/100|[from] item: Leftovers\n|-damage|p2a: Kingambit|50\/100|[from] move: Infestation|[partiallytrapped]\n|upkeep\n|turn|31\n|\n|t:|1700280435\n|move|p2a: Kingambit|Kowtow Cleave|p1a: Toxapex\n|-damage|p1a: Toxapex|0 fnt\n|-damage|p2a: Kingambit|33\/100|[from] item: Rocky Helmet|[of] p1a: Toxapex\n|faint|p1a: Toxapex\n|\n|-heal|p2a: Kingambit|39\/100|[from] item: Leftovers\n|-end|p2a: Kingambit|Infestation|[partiallytrapped]|[silent]\n|upkeep\n|\n|t:|1700280456\n|switch|p1a: Weezing|Weezing-Galar, M|90\/100\n|turn|32\n|\n|t:|1700280460\n|move|p1a: Weezing|Strange Steam|p2a: Kingambit\n|-damage|p2a: Kingambit|5\/100\n|move|p2a: Kingambit|Iron Head|p1a: Weezing\n|-supereffective|p1a: Weezing\n|-damage|p1a: Weezing|0 fnt\n|faint|p1a: Weezing\n|\n|-heal|p2a: Kingambit|11\/100|[from] item: Leftovers\n|upkeep\n|\n|t:|1700280465\n|switch|p1a: Clefable|Clefable, F|91\/100\n|turn|33\n|\n|t:|1700280470\n|-terastallize|p1a: Clefable|Fairy\n|move|p1a: Clefable|Moonblast|p2a: Kingambit\n|-damage|p2a: Kingambit|0 fnt\n|faint|p2a: Kingambit\n|-end|p2a: Kingambit|fallen1|[silent]\n|\n|upkeep\n|\n|t:|1700280480\n|switch|p2a: Corviknight|Corviknight, F, shiny|61\/100\n|turn|34\n|\n|t:|1700280483\n|move|p2a: Corviknight|Brave Bird|p1a: Clefable\n|-crit|p1a: Clefable\n|-damage|p1a: Clefable|9\/100\n|-damage|p2a: Corviknight|35\/100|[from] Recoil\n|move|p1a: Clefable|Wish|p1a: Clefable\n|\n|-heal|p2a: Corviknight|41\/100|[from] item: Leftovers\n|upkeep\n|turn|35\n|c|\u2606iXant|arenyo-\n|c|\u2606iXant|you know what\n|c|\u2606iXant|g\n|c|\u2606mizdrev|hey you lasted 35 turns\n|c|\u2606iXant|g\n|c|\u2606mizdrev|i still had fun\n|\n|t:|1700280518\n|move|p2a: Corviknight|Brave Bird|p1a: Clefable\n|-damage|p1a: Clefable|0 fnt\n|faint|p1a: Clefable\n|-damage|p2a: Corviknight|38\/100|[from] Recoil\n|\n|win|mizdrev\n|raw|iXant's rating: 1242 &rarr; <strong>1210<\/strong><br \/>(-32 for losing)\n|raw|mizdrev's rating: 1136 &rarr; <strong>1168<\/strong><br \/>(+32 for winning)\n|c|\u2606mizdrev|thanks for the game\n|c|\u2606iXant|u2\n|c|\u2606mizdrev|:D\n","uploadtime":1700280546,"views":12,"p1id":"ixant","p2id":"mizdrev","formatid":"gen9ou","rating":1168,"private":0,"password":""}