{"id":"gen9ou-1993221388","p1":"IceMercure","p2":"Juanp0093","format":"[Gen 9] OU","log":"|j|\u2606IceMercure\n|j|\u2606Juanp0093\n|t:|1700279977\n|gametype|singles\n|player|p1|IceMercure|266|1093\n|player|p2|Juanp0093|blue|1139\n|teamsize|p1|6\n|teamsize|p2|6\n|gen|9\n|tier|[Gen 9] OU\n|rated|\n|rule|Sleep Clause Mod: Limit one foe put to sleep\n|rule|Species Clause: Limit one of each Pok\u00e9mon\n|rule|OHKO Clause: OHKO moves are banned\n|rule|Evasion Items Clause: Evasion items are banned\n|rule|Evasion Moves Clause: Evasion moves are banned\n|rule|Endless Battle Clause: Forcing endless battles is banned\n|rule|HP Percentage Mod: HP is shown in percentages\n|clearpoke\n|poke|p1|Pelipper, F|\n|poke|p1|Amoonguss, F|\n|poke|p1|Kingambit, F|\n|poke|p1|Basculegion, M|\n|poke|p1|Iron Treads|\n|poke|p1|Manaphy|\n|poke|p2|Samurott-Hisui, F|\n|poke|p2|Ceruledge, F|\n|poke|p2|Thundurus-Therian, M|\n|poke|p2|Amoonguss, M|\n|poke|p2|Great Tusk|\n|poke|p2|Gholdengo|\n|teampreview\n|inactive|Battle timer is ON: inactive players will automatically lose when time's up. (requested by Juanp0093)\n|\n|t:|1700280010\n|start\n|switch|p1a: Pelipper|Pelipper, F|100\/100\n|switch|p2a: Thundurus|Thundurus-Therian, M|100\/100\n|-weather|RainDance|[from] ability: Drizzle|[of] p1a: Pelipper\n|turn|1\n|\n|t:|1700280020\n|switch|p1a: Iron Treads|Iron Treads|100\/100\n|move|p2a: Thundurus|Knock Off|p1a: Iron Treads\n|-damage|p1a: Iron Treads|84\/100\n|-enditem|p1a: Iron Treads|Leftovers|[from] move: Knock Off|[of] p2a: Thundurus\n|\n|-weather|RainDance|[upkeep]\n|upkeep\n|turn|2\n|\n|t:|1700280028\n|move|p1a: Iron Treads|Stealth Rock|p2a: Thundurus\n|-sidestart|p2: Juanp0093|move: Stealth Rock\n|move|p2a: Thundurus|Grass Knot|p1a: Iron Treads\n|-crit|p1a: Iron Treads\n|-damage|p1a: Iron Treads|0 fnt\n|faint|p1a: Iron Treads\n|-end|p1a: Iron Treads|Quark Drive|[silent]\n|\n|-weather|RainDance|[upkeep]\n|upkeep\n|\n|t:|1700280050\n|switch|p1a: Basculegion|Basculegion, M, shiny|100\/100\n|turn|3\n|\n|t:|1700280057\n|move|p1a: Basculegion|Ice Fang|p2a: Thundurus\n|-supereffective|p2a: Thundurus\n|-damage|p2a: Thundurus|0 fnt\n|faint|p2a: Thundurus\n|\n|-weather|RainDance|[upkeep]\n|upkeep\n|\n|t:|1700280062\n|switch|p2a: Samurott|Samurott-Hisui, F, shiny|100\/100\n|-damage|p2a: Samurott|88\/100|[from] Stealth Rock\n|turn|4\n|\n|t:|1700280071\n|move|p1a: Basculegion|Ice Fang|p2a: Samurott\n|-resisted|p2a: Samurott\n|-damage|p2a: Samurott|68\/100\n|move|p2a: Samurott|Ceaseless Edge|p1a: Basculegion\n|-supereffective|p1a: Basculegion\n|-damage|p1a: Basculegion|0 fnt\n|-sidestart|p1: IceMercure|Spikes\n|faint|p1a: Basculegion\n|\n|-weather|RainDance|[upkeep]\n|upkeep\n|\n|t:|1700280079\n|switch|p1a: Amoonguss|Amoonguss, F|100\/100\n|-damage|p1a: Amoonguss|88\/100|[from] Spikes\n|turn|5\n|\n|t:|1700280086\n|switch|p2a: Amoonguss|Amoonguss, M, shiny|100\/100\n|-damage|p2a: Amoonguss|88\/100|[from] Stealth Rock\n|move|p1a: Amoonguss|Spore|p2a: Amoonguss\n|-immune|p2a: Amoonguss\n|\n|-weather|RainDance|[upkeep]\n|upkeep\n|turn|6\n|\n|t:|1700280095\n|switch|p1a: Kingambit|Kingambit, F|100\/100\n|-damage|p1a: Kingambit|88\/100|[from] Spikes\n|-activate|p1a: Kingambit|ability: Supreme Overlord\n|-start|p1a: Kingambit|fallen2|[silent]\n|move|p2a: Amoonguss|Sludge Bomb|p1a: Kingambit\n|-immune|p1a: Kingambit\n|\n|-weather|RainDance|[upkeep]\n|-heal|p1a: Kingambit|94\/100|[from] item: Leftovers\n|upkeep\n|turn|7\n|\n|t:|1700280104\n|switch|p2a: Great Tusk|Great Tusk, shiny|100\/100\n|-damage|p2a: Great Tusk|97\/100|[from] Stealth Rock\n|move|p1a: Kingambit|Swords Dance|p1a: Kingambit\n|-boost|p1a: Kingambit|atk|2\n|\n|-weather|RainDance|[upkeep]\n|-heal|p2a: Great Tusk|100\/100|[from] item: Leftovers\n|-heal|p1a: Kingambit|100\/100|[from] item: Leftovers\n|upkeep\n|turn|8\n|\n|t:|1700280114\n|move|p2a: Great Tusk|Rapid Spin|p1a: Kingambit\n|-resisted|p1a: Kingambit\n|-damage|p1a: Kingambit|95\/100\n|-boost|p2a: Great Tusk|spe|1\n|-sideend|p2: Juanp0093|Stealth Rock|[from] move: Rapid Spin|[of] p2a: Great Tusk\n|move|p1a: Kingambit|Low Kick|p2a: Great Tusk\n|-damage|p2a: Great Tusk|48\/100\n|\n|-weather|none\n|-heal|p2a: Great Tusk|55\/100|[from] item: Leftovers\n|-heal|p1a: Kingambit|100\/100|[from] item: Leftovers\n|upkeep\n|turn|9\n|\n|t:|1700280125\n|move|p2a: Great Tusk|Earthquake|p1a: Kingambit\n|-supereffective|p1a: Kingambit\n|-damage|p1a: Kingambit|22\/100\n|move|p1a: Kingambit|Low Kick|p2a: Great Tusk\n|-damage|p2a: Great Tusk|0 fnt\n|faint|p2a: Great Tusk\n|-end|p2a: Great Tusk|Protosynthesis|[silent]\n|\n|-heal|p1a: Kingambit|28\/100|[from] item: Leftovers\n|upkeep\n|\n|t:|1700280136\n|switch|p2a: Samurott|Samurott-Hisui, F, shiny|68\/100\n|turn|10\n|\n|t:|1700280142\n|move|p1a: Kingambit|Sucker Punch|p2a: Samurott\n|-resisted|p2a: Samurott\n|-damage|p2a: Samurott|13\/100\n|move|p2a: Samurott|Sacred Sword|p1a: Kingambit\n|-supereffective|p1a: Kingambit\n|-damage|p1a: Kingambit|0 fnt\n|faint|p1a: Kingambit\n|-end|p1a: Kingambit|fallen2|[silent]\n|\n|upkeep\n|\n|t:|1700280155\n|switch|p1a: Manaphy|Manaphy|100\/100\n|-damage|p1a: Manaphy|88\/100|[from] Spikes\n|turn|11\n|\n|t:|1700280159\n|switch|p2a: Amoonguss|Amoonguss, M, shiny|100\/100\n|move|p1a: Manaphy|Tail Glow|p1a: Manaphy\n|-boost|p1a: Manaphy|spa|3\n|\n|-heal|p1a: Manaphy|94\/100|[from] item: Leftovers\n|upkeep\n|turn|12\n|\n|t:|1700280167\n|move|p1a: Manaphy|Energy Ball|p2a: Amoonguss\n|-resisted|p2a: Amoonguss\n|-damage|p2a: Amoonguss|89\/100\n|-enditem|p2a: Amoonguss|Red Card|[of] p1a: Manaphy\n|drag|p1a: Amoonguss|Amoonguss, F|100\/100\n|-damage|p1a: Amoonguss|88\/100|[from] Spikes\n|move|p2a: Amoonguss|Spore|p1a: Amoonguss\n|-immune|p1a: Amoonguss\n|\n|upkeep\n|turn|13\n|\n|t:|1700280182\n|move|p1a: Amoonguss|Foul Play|p2a: Amoonguss\n|-damage|p2a: Amoonguss|76\/100\n|move|p2a: Amoonguss|Sludge Bomb|p1a: Amoonguss\n|-damage|p1a: Amoonguss|66\/100\n|-enditem|p1a: Amoonguss|Eject Button\n|\n|t:|1700280190\n|switch|p1a: Pelipper|Pelipper, F|100\/100\n|-weather|RainDance|[from] ability: Drizzle|[of] p1a: Pelipper\n|\n|-weather|RainDance|[upkeep]\n|upkeep\n|turn|14\n|\n|t:|1700280199\n|switch|p2a: Gholdengo|Gholdengo, shiny|100\/100\n|move|p1a: Pelipper|Hurricane|p2a: Gholdengo\n|-resisted|p2a: Gholdengo\n|-crit|p2a: Gholdengo\n|-damage|p2a: Gholdengo|76\/100\n|\n|-weather|RainDance|[upkeep]\n|-heal|p2a: Gholdengo|82\/100|[from] item: Leftovers\n|upkeep\n|turn|15\n|\n|t:|1700280209\n|move|p2a: Gholdengo|Shadow Ball|p1a: Pelipper\n|-damage|p1a: Pelipper|49\/100\n|move|p1a: Pelipper|U-turn|p2a: Gholdengo\n|-resisted|p2a: Gholdengo\n|-damage|p2a: Gholdengo|80\/100\n|\n|t:|1700280214\n|switch|p1a: Amoonguss|Amoonguss, F|99\/100|[from] U-turn\n|-damage|p1a: Amoonguss|86\/100|[from] Spikes\n|\n|-weather|RainDance|[upkeep]\n|-heal|p2a: Gholdengo|86\/100|[from] item: Leftovers\n|upkeep\n|turn|16\n|\n|t:|1700280228\n|move|p2a: Gholdengo|Nasty Plot|p2a: Gholdengo\n|-boost|p2a: Gholdengo|spa|2\n|move|p1a: Amoonguss|Spore|p2a: Gholdengo\n|-immune|p2a: Gholdengo|[from] ability: Good as Gold\n|\n|-weather|RainDance|[upkeep]\n|-heal|p2a: Gholdengo|93\/100|[from] item: Leftovers\n|upkeep\n|turn|17\n|\n|t:|1700280239\n|move|p2a: Gholdengo|Make It Rain|p1a: Amoonguss\n|-damage|p1a: Amoonguss|0 fnt\n|-unboost|p2a: Gholdengo|spa|1\n|faint|p1a: Amoonguss\n|\n|-weather|RainDance|[upkeep]\n|-heal|p2a: Gholdengo|99\/100|[from] item: Leftovers\n|upkeep\n|-message|IceMercure forfeited.\n|\n|win|Juanp0093\n|raw|IceMercure's rating: 1093 &rarr; <strong>1072<\/strong><br \/>(-21 for losing)\n|raw|Juanp0093's rating: 1139 &rarr; <strong>1161<\/strong><br \/>(+22 for winning)\n|l|\u2606IceMercure\n","uploadtime":1700280427,"views":12,"p1id":"icemercure","p2id":"juanp0093","formatid":"gen9ou","rating":1072,"private":0,"password":""}