{"id":"gen9ou-1995346149","p1":"manaphymoments","p2":"Teo1212","format":"[Gen 9] OU","log":"|j|\u2606manaphymoments\n|j|\u2606Teo1212\n|t:|1700557451\n|gametype|singles\n|player|p1|manaphymoments|riley|1262\n|player|p2|Teo1212|rocketgrunt|1359\n|teamsize|p1|6\n|teamsize|p2|6\n|gen|9\n|tier|[Gen 9] OU\n|rated|\n|rule|Sleep Clause Mod: Limit one foe put to sleep\n|rule|Species Clause: Limit one of each Pok\u00e9mon\n|rule|OHKO Clause: OHKO moves are banned\n|rule|Evasion Items Clause: Evasion items are banned\n|rule|Evasion Moves Clause: Evasion moves are banned\n|rule|Endless Battle Clause: Forcing endless battles is banned\n|rule|HP Percentage Mod: HP is shown in percentages\n|clearpoke\n|poke|p1|Cresselia, F|\n|poke|p1|Garganacl, F|\n|poke|p1|Great Tusk|\n|poke|p1|Zamazenta-*|\n|poke|p1|Iron Moth|\n|poke|p1|Kingambit, M|\n|poke|p2|Glimmora, M|\n|poke|p2|Ribombee, F|\n|poke|p2|Gholdengo|\n|poke|p2|Manaphy|\n|poke|p2|Dragonite, M|\n|poke|p2|Ogerpon-Wellspring, F|\n|teampreview\n|inactive|Battle timer is ON: inactive players will automatically lose when time's up. (requested by Teo1212)\n|c|\u2606manaphymoments|hf\n|\n|t:|1700557470\n|start\n|switch|p1a: Iron Moth|Iron Moth|100\/100\n|switch|p2a: Ribombastick|Ribombee, F|100\/100\n|-enditem|p1a: Iron Moth|Booster Energy\n|-activate|p1a: Iron Moth|ability: Quark Drive|[fromitem]\n|-start|p1a: Iron Moth|quarkdrivespe\n|turn|1\n|c|\u2606Teo1212|U2\n|\n|t:|1700557476\n|move|p2a: Ribombastick|Trick|p1a: Iron Moth\n|-activate|p2a: Ribombastick|move: Trick|[of] p1a: Iron Moth\n|-item|p1a: Iron Moth|Choice Scarf|[from] move: Trick\n|-enditem|p2a: Ribombastick|Choice Scarf|[silent]|[from] move: Trick\n|move|p1a: Iron Moth|Substitute|p1a: Iron Moth\n|-start|p1a: Iron Moth|Substitute\n|-damage|p1a: Iron Moth|76\/100\n|\n|upkeep\n|turn|2\n|inactive|manaphymoments has 120 seconds left.\n|\n|t:|1700557524\n|-end|p1a: Iron Moth|Quark Drive|[silent]\n|switch|p1a: Garganacl|Garganacl, F|100\/100\n|move|p2a: Ribombastick|Stun Spore|p1a: Garganacl\n|-immune|p1a: Garganacl|[from] ability: Purifying Salt\n|\n|upkeep\n|turn|3\n|\n|t:|1700557531\n|move|p2a: Ribombastick|Sticky Web|p1a: Garganacl\n|-sidestart|p1: manaphymoments|move: Sticky Web\n|move|p1a: Garganacl|Iron Defense|p1a: Garganacl\n|-boost|p1a: Garganacl|def|2\n|\n|upkeep\n|turn|4\n|\n|t:|1700557535\n|move|p2a: Ribombastick|Trick|p1a: Garganacl\n|-activate|p2a: Ribombastick|move: Trick|[of] p1a: Garganacl\n|-enditem|p1a: Garganacl|Leftovers|[silent]|[from] move: Trick\n|-item|p2a: Ribombastick|Leftovers|[from] move: Trick\n|move|p1a: Garganacl|Iron Defense|p1a: Garganacl\n|-boost|p1a: Garganacl|def|2\n|\n|upkeep\n|turn|5\n|inactive|manaphymoments has 120 seconds left.\n|\n|t:|1700557546\n|switch|p2a: Ipkiss|Ogerpon-Wellspring, F|100\/100\n|move|p1a: Garganacl|Iron Defense|p1a: Garganacl\n|-boost|p1a: Garganacl|def|2\n|\n|upkeep\n|turn|6\n|\n|t:|1700557554\n|-terastallize|p1a: Garganacl|Water\n|move|p2a: Ipkiss|Encore|p1a: Garganacl\n|-start|p1a: Garganacl|Encore\n|move|p1a: Garganacl|Iron Defense|p1a: Garganacl\n|-boost|p1a: Garganacl|def|0\n|\n|upkeep\n|turn|7\n|\n|t:|1700557564\n|switch|p1a: Kingambit|Kingambit, M, shiny|100\/100\n|-activate|p1a: Kingambit|move: Sticky Web\n|-unboost|p1a: Kingambit|spe|1\n|move|p2a: Ipkiss|Trailblaze|p1a: Kingambit\n|-resisted|p1a: Kingambit\n|-damage|p1a: Kingambit|89\/100\n|-boost|p2a: Ipkiss|spe|1\n|\n|upkeep\n|turn|8\n|\n|t:|1700557574\n|-end|p1a: Kingambit|fallenundefined|[silent]\n|switch|p1a: Iron Moth|Iron Moth|76\/100\n|-activate|p1a: Iron Moth|move: Sticky Web\n|-unboost|p1a: Iron Moth|spe|1\n|move|p2a: Ipkiss|Swords Dance|p2a: Ipkiss\n|-boost|p2a: Ipkiss|atk|2\n|\n|upkeep\n|turn|9\n|\n|t:|1700557583\n|move|p2a: Ipkiss|Ivy Cudgel|p1a: Iron Moth|[anim] Ivy Cudgel Water\n|-supereffective|p1a: Iron Moth\n|-damage|p1a: Iron Moth|0 fnt\n|faint|p1a: Iron Moth\n|-end|p1a: Iron Moth|Quark Drive|[silent]\n|\n|upkeep\n|\n|t:|1700557603\n|switch|p1a: Zamazenta|Zamazenta|100\/100\n|-activate|p1a: Zamazenta|move: Sticky Web\n|-unboost|p1a: Zamazenta|spe|1\n|-ability|p1a: Zamazenta|Dauntless Shield|boost\n|-boost|p1a: Zamazenta|def|1\n|turn|10\n|\n|t:|1700557614\n|move|p2a: Ipkiss|Ivy Cudgel|p1a: Zamazenta|[anim] Ivy Cudgel Water\n|-damage|p1a: Zamazenta|33\/100\n|move|p1a: Zamazenta|Crunch|p2a: Ipkiss\n|-damage|p2a: Ipkiss|52\/100\n|-unboost|p2a: Ipkiss|def|1\n|\n|upkeep\n|turn|11\n|\n|t:|1700557620\n|move|p2a: Ipkiss|Ivy Cudgel|p1a: Zamazenta|[anim] Ivy Cudgel Water\n|-crit|p1a: Zamazenta\n|-damage|p1a: Zamazenta|0 fnt\n|faint|p1a: Zamazenta\n|\n|upkeep\n|\n|t:|1700557630\n|switch|p1a: Cresselia|Cresselia, F, shiny|100\/100\n|turn|12\n|\n|t:|1700557633\n|move|p2a: Ipkiss|Ivy Cudgel|p1a: Cresselia|[anim] Ivy Cudgel Water\n|-damage|p1a: Cresselia|34\/100\n|move|p1a: Cresselia|Calm Mind|p1a: Cresselia\n|-boost|p1a: Cresselia|spa|1\n|-boost|p1a: Cresselia|spd|1\n|\n|-heal|p1a: Cresselia|40\/100|[from] item: Leftovers\n|upkeep\n|turn|13\n|\n|t:|1700557645\n|move|p2a: Ipkiss|Encore|p1a: Cresselia\n|-start|p1a: Cresselia|Encore\n|move|p1a: Cresselia|Calm Mind|p1a: Cresselia\n|-boost|p1a: Cresselia|spa|1\n|-boost|p1a: Cresselia|spd|1\n|\n|-heal|p1a: Cresselia|46\/100|[from] item: Leftovers\n|upkeep\n|turn|14\n|\n|t:|1700557651\n|move|p2a: Ipkiss|Swords Dance|p2a: Ipkiss\n|-boost|p2a: Ipkiss|atk|2\n|move|p1a: Cresselia|Calm Mind|p1a: Cresselia\n|-boost|p1a: Cresselia|spa|1\n|-boost|p1a: Cresselia|spd|1\n|\n|-heal|p1a: Cresselia|52\/100|[from] item: Leftovers\n|upkeep\n|turn|15\n|\n|t:|1700557655\n|move|p2a: Ipkiss|Swords Dance|p2a: Ipkiss\n|-boost|p2a: Ipkiss|atk|2\n|move|p1a: Cresselia|Calm Mind|p1a: Cresselia\n|-boost|p1a: Cresselia|spa|1\n|-boost|p1a: Cresselia|spd|1\n|\n|-heal|p1a: Cresselia|58\/100|[from] item: Leftovers\n|-end|p1a: Cresselia|Encore\n|upkeep\n|turn|16\n|\n|t:|1700557658\n|move|p2a: Ipkiss|Encore|p1a: Cresselia\n|-start|p1a: Cresselia|Encore\n|move|p1a: Cresselia|Calm Mind|p1a: Cresselia\n|-boost|p1a: Cresselia|spa|1\n|-boost|p1a: Cresselia|spd|1\n|\n|-heal|p1a: Cresselia|64\/100|[from] item: Leftovers\n|upkeep\n|turn|17\n|\n|t:|1700557660\n|move|p2a: Ipkiss|Trailblaze|p1a: Cresselia\n|-damage|p1a: Cresselia|0 fnt\n|-boost|p2a: Ipkiss|spe|1\n|faint|p1a: Cresselia\n|\n|upkeep\n|\n|t:|1700557666\n|switch|p1a: Kingambit|Kingambit, M, shiny|89\/100\n|-activate|p1a: Kingambit|move: Sticky Web\n|-unboost|p1a: Kingambit|spe|1\n|-activate|p1a: Kingambit|ability: Supreme Overlord\n|-start|p1a: Kingambit|fallen3|[silent]\n|turn|18\n|\n|t:|1700557683\n|move|p1a: Kingambit|Sucker Punch|p2a: Ipkiss\n|-damage|p2a: Ipkiss|0 fnt\n|faint|p2a: Ipkiss\n|\n|upkeep\n|\n|t:|1700557686\n|switch|p2a: Ribombastick|Ribombee, F|100\/100\n|turn|19\n|\n|t:|1700557692\n|move|p2a: Ribombastick|Stun Spore|p1a: Kingambit\n|-status|p1a: Kingambit|par\n|-enditem|p1a: Kingambit|Lum Berry|[eat]\n|-curestatus|p1a: Kingambit|par|[msg]\n|move|p1a: Kingambit|Iron Head|p2a: Ribombastick\n|-supereffective|p2a: Ribombastick\n|-damage|p2a: Ribombastick|0 fnt\n|faint|p2a: Ribombastick\n|\n|upkeep\n|\n|t:|1700557699\n|switch|p2a: UwU|Dragonite, M|100\/100\n|turn|20\n|\n|t:|1700557705\n|move|p2a: UwU|Earthquake|p1a: Kingambit\n|-supereffective|p1a: Kingambit\n|-damage|p1a: Kingambit|26\/100\n|move|p1a: Kingambit|Kowtow Cleave|p2a: UwU\n|-damage|p2a: UwU|67\/100\n|\n|upkeep\n|turn|21\n|\n|t:|1700557712\n|-end|p1a: Kingambit|fallen3|[silent]\n|switch|p1a: Great Tusk|Great Tusk|100\/100\n|move|p2a: UwU|Roost|p2a: UwU\n|-heal|p2a: UwU|100\/100\n|-singleturn|p2a: UwU|move: Roost\n|\n|upkeep\n|turn|22\n|\n|t:|1700557716\n|move|p2a: UwU|Dragon Dance|p2a: UwU\n|-boost|p2a: UwU|atk|1\n|-boost|p2a: UwU|spe|1\n|move|p1a: Great Tusk|Ice Spinner|p2a: UwU\n|-supereffective|p2a: UwU\n|-damage|p2a: UwU|50\/100\n|-enditem|p2a: UwU|Weakness Policy\n|-boost|p2a: UwU|atk|2|[from] item: Weakness Policy\n|-boost|p2a: UwU|spa|2|[from] item: Weakness Policy\n|\n|upkeep\n|turn|23\n|c|\u2606manaphymoments|ggs\n|\n|t:|1700557729\n|-terastallize|p2a: UwU|Normal\n|move|p2a: UwU|Earthquake|p1a: Great Tusk\n|-damage|p1a: Great Tusk|50\/100\n|move|p1a: Great Tusk|Ice Spinner|p2a: UwU\n|-damage|p2a: UwU|22\/100\n|\n|upkeep\n|turn|24\n|inactive|Teo1212 has 120 seconds left.\n|\n|t:|1700557783\n|move|p2a: UwU|Extreme Speed|p1a: Great Tusk\n|-damage|p1a: Great Tusk|0 fnt\n|faint|p1a: Great Tusk\n|-end|p1a: Great Tusk|Protosynthesis|[silent]\n|\n|upkeep\n|\n|t:|1700557789\n|switch|p1a: Garganacl|Garganacl, F, tera:Water|100\/100\n|-activate|p1a: Garganacl|move: Sticky Web\n|-unboost|p1a: Garganacl|spe|1\n|turn|25\n|\n|t:|1700557796\n|move|p2a: UwU|Earthquake|p1a: Garganacl\n|-damage|p1a: Garganacl|35\/100\n|move|p1a: Garganacl|Body Press|p2a: UwU\n|-supereffective|p2a: UwU\n|-damage|p2a: UwU|0 fnt\n|faint|p2a: UwU\n|\n|upkeep\n|\n|t:|1700557804\n|switch|p2a: L'ovni|Gholdengo|100\/100\n|-item|p2a: L'ovni|Air Balloon\n|turn|26\n|\n|t:|1700557810\n|move|p2a: L'ovni|Shadow Ball|p1a: Garganacl\n|-damage|p1a: Garganacl|20\/100\n|move|p1a: Garganacl|Salt Cure|p2a: L'ovni\n|-resisted|p2a: L'ovni\n|-damage|p2a: L'ovni|93\/100\n|-start|p2a: L'ovni|Salt Cure\n|-enditem|p2a: L'ovni|Air Balloon\n|\n|-damage|p2a: L'ovni|68\/100|[from] Salt Cure\n|upkeep\n|turn|27\n|\n|t:|1700557817\n|move|p2a: L'ovni|Nasty Plot|p2a: L'ovni\n|-boost|p2a: L'ovni|spa|2\n|move|p1a: Garganacl|Recover|p1a: Garganacl\n|-heal|p1a: Garganacl|70\/100\n|\n|-damage|p2a: L'ovni|43\/100|[from] Salt Cure\n|upkeep\n|turn|28\n|\n|t:|1700557822\n|move|p2a: L'ovni|Shadow Ball|p1a: Garganacl\n|-damage|p1a: Garganacl|41\/100\n|-unboost|p1a: Garganacl|spd|1\n|move|p1a: Garganacl|Recover|p1a: Garganacl\n|-heal|p1a: Garganacl|91\/100\n|\n|-damage|p2a: L'ovni|18\/100|[from] Salt Cure\n|upkeep\n|turn|29\n|\n|t:|1700557838\n|switch|p1a: Kingambit|Kingambit, M, shiny|26\/100\n|-activate|p1a: Kingambit|move: Sticky Web\n|-unboost|p1a: Kingambit|spe|1\n|-activate|p1a: Kingambit|ability: Supreme Overlord\n|-start|p1a: Kingambit|fallen4|[silent]\n|move|p2a: L'ovni|Shadow Ball|p1a: Kingambit\n|-resisted|p1a: Kingambit\n|-damage|p1a: Kingambit|0 fnt\n|faint|p1a: Kingambit\n|-end|p1a: Kingambit|fallen4|[silent]\n|\n|-damage|p2a: L'ovni|0 fnt|[from] Salt Cure\n|faint|p2a: L'ovni\n|upkeep\n|\n|t:|1700557854\n|switch|p2a: Not Phione|Manaphy|100\/100\n|switch|p1a: Garganacl|Garganacl, F, tera:Water|91\/100\n|-activate|p1a: Garganacl|move: Sticky Web\n|-unboost|p1a: Garganacl|spe|1\n|turn|30\n|\n|t:|1700557859\n|move|p2a: Not Phione|Acid Armor|p2a: Not Phione\n|-boost|p2a: Not Phione|def|2\n|move|p1a: Garganacl|Salt Cure|p2a: Not Phione\n|-damage|p2a: Not Phione|95\/100\n|-start|p2a: Not Phione|Salt Cure\n|\n|-heal|p2a: Not Phione|100\/100|[from] item: Leftovers\n|-damage|p2a: Not Phione|76\/100|[from] Salt Cure\n|upkeep\n|turn|31\n|\n|t:|1700557863\n|move|p2a: Not Phione|Acid Armor|p2a: Not Phione\n|-boost|p2a: Not Phione|def|2\n|move|p1a: Garganacl|Iron Defense|p1a: Garganacl\n|-boost|p1a: Garganacl|def|2\n|\n|-heal|p2a: Not Phione|82\/100|[from] item: Leftovers\n|-damage|p2a: Not Phione|57\/100|[from] Salt Cure\n|upkeep\n|turn|32\n|\n|t:|1700557866\n|move|p2a: Not Phione|Take Heart|p2a: Not Phione\n|-boost|p2a: Not Phione|spa|1\n|-boost|p2a: Not Phione|spd|1\n|move|p1a: Garganacl|Iron Defense|p1a: Garganacl\n|-boost|p1a: Garganacl|def|2\n|\n|-heal|p2a: Not Phione|63\/100|[from] item: Leftovers\n|-damage|p2a: Not Phione|38\/100|[from] Salt Cure\n|upkeep\n|turn|33\n|\n|t:|1700557871\n|move|p2a: Not Phione|Stored Power|p1a: Garganacl\n|-damage|p1a: Garganacl|53\/100\n|move|p1a: Garganacl|Recover|p1a: Garganacl\n|-heal|p1a: Garganacl|100\/100\n|\n|-heal|p2a: Not Phione|45\/100|[from] item: Leftovers\n|-damage|p2a: Not Phione|20\/100|[from] Salt Cure\n|upkeep\n|turn|34\n|c|\u2606manaphymoments|ggs\n|\n|t:|1700557882\n|move|p2a: Not Phione|Stored Power|p1a: Garganacl\n|-damage|p1a: Garganacl|58\/100\n|move|p1a: Garganacl|Recover|p1a: Garganacl\n|-heal|p1a: Garganacl|100\/100\n|\n|-heal|p2a: Not Phione|26\/100|[from] item: Leftovers\n|-damage|p2a: Not Phione|1\/100|[from] Salt Cure\n|upkeep\n|turn|35\n|\n|t:|1700557890\n|move|p2a: Not Phione|Stored Power|p1a: Garganacl\n|-damage|p1a: Garganacl|62\/100\n|move|p1a: Garganacl|Recover|p1a: Garganacl\n|-heal|p1a: Garganacl|100\/100\n|\n|-heal|p2a: Not Phione|7\/100|[from] item: Leftovers\n|-damage|p2a: Not Phione|0 fnt|[from] Salt Cure\n|faint|p2a: Not Phione\n|upkeep\n|\n|t:|1700557893\n|switch|p2a: Uglymmora|Glimmora, M|100\/100\n|turn|36\n|\n|t:|1700557898\n|move|p2a: Uglymmora|Earth Power|p1a: Garganacl\n|-damage|p1a: Garganacl|80\/100\n|move|p1a: Garganacl|Body Press|p2a: Uglymmora\n|-damage|p2a: Uglymmora|14\/100\n|-activate|p2a: Uglymmora|ability: Toxic Debris\n|-sidestart|p1: manaphymoments|move: Toxic Spikes\n|\n|upkeep\n|turn|37\n|\n|t:|1700557901\n|move|p2a: Uglymmora|Sludge Bomb|p1a: Garganacl\n|-damage|p1a: Garganacl|47\/100\n|move|p1a: Garganacl|Body Press|p2a: Uglymmora\n|-damage|p2a: Uglymmora|0 fnt\n|-activate|p2a: Uglymmora|ability: Toxic Debris\n|-sidestart|p1: manaphymoments|move: Toxic Spikes\n|faint|p2a: Uglymmora\n|\n|win|manaphymoments\n|raw|manaphymoments's rating: 1262 &rarr; <strong>1294<\/strong><br \/>(+32 for winning)\n|raw|Teo1212's rating: 1359 &rarr; <strong>1334<\/strong><br \/>(-25 for losing)\n|l|\u2606Teo1212\n","uploadtime":1700557905,"views":8,"p1id":"manaphymoments","p2id":"teo1212","formatid":"gen9ou","rating":1294,"private":0,"password":""}