{"id":"gen9ou-1992907597","p1":"mm juice","p2":"cask","format":"[Gen 9] OU","log":"|j|\u2606mm juice\n|j|\u2606cask\n|t:|1700245796\n|gametype|singles\n|player|p1|mm juice|rancher|\n|player|p2|cask|erika|\n|teamsize|p1|6\n|teamsize|p2|6\n|gen|9\n|tier|[Gen 9] OU\n|rule|Sleep Clause Mod: Limit one foe put to sleep\n|rule|Species Clause: Limit one of each Pok\u00e9mon\n|rule|OHKO Clause: OHKO moves are banned\n|rule|Evasion Items Clause: Evasion items are banned\n|rule|Evasion Moves Clause: Evasion moves are banned\n|rule|Endless Battle Clause: Forcing endless battles is banned\n|rule|HP Percentage Mod: HP is shown in percentages\n|clearpoke\n|poke|p1|Iron Valiant|\n|poke|p1|Arcanine, M|\n|poke|p1|Ribombee, M|\n|poke|p1|Iron Treads|\n|poke|p1|Noivern, F|\n|poke|p1|Empoleon, F|\n|poke|p2|Meowscarada, F|\n|poke|p2|Gholdengo|\n|poke|p2|Talonflame, M|\n|poke|p2|Great Tusk|\n|poke|p2|Clodsire, M|\n|poke|p2|Quaquaval, M|\n|teampreview\n|\n|t:|1700245825\n|start\n|switch|p1a: Ribombee|Ribombee, M|100\/100\n|switch|p2a: The Hidden|Talonflame, M|100\/100\n|turn|1\n|\n|t:|1700245837\n|move|p2a: The Hidden|Brave Bird|p1a: Ribombee\n|-supereffective|p1a: Ribombee\n|-enditem|p1a: Ribombee|Focus Sash\n|-damage|p1a: Ribombee|1\/100\n|-damage|p2a: The Hidden|77\/100|[from] Recoil\n|move|p1a: Ribombee|Sticky Web|p2a: The Hidden\n|-sidestart|p2: cask|move: Sticky Web\n|\n|upkeep\n|turn|2\n|\n|t:|1700245862\n|switch|p1a: Empoleon|Empoleon, F|100\/100\n|move|p2a: The Hidden|Defog|p1a: Empoleon\n|-unboost|p1a: Empoleon|evasion|1\n|-ability|p1a: Empoleon|Competitive|boost\n|-boost|p1a: Empoleon|spa|2\n|-sideend|p2: cask|Sticky Web|[from] move: Defog|[of] p2a: The Hidden\n|\n|upkeep\n|turn|3\n|\n|t:|1700245883\n|move|p2a: The Hidden|U-turn|p1a: Empoleon\n|-resisted|p1a: Empoleon\n|-damage|p1a: Empoleon|94\/100\n|\n|t:|1700245887\n|switch|p2a: Voice of Hunger|Great Tusk|100\/100|[from] U-turn\n|move|p1a: Empoleon|Roar|p2a: Voice of Hunger\n|-end|p2a: Voice of Hunger|Protosynthesis|[silent]\n|drag|p2a: Whispering One|Gholdengo|100\/100\n|\n|-heal|p1a: Empoleon|99\/100|[from] item: Leftovers\n|upkeep\n|turn|4\n|\n|t:|1700245901\n|move|p2a: Whispering One|Thunder Wave|p1a: Empoleon\n|-status|p1a: Empoleon|par\n|move|p1a: Empoleon|Surf|p2a: Whispering One\n|-damage|p2a: Whispering One|36\/100\n|\n|-heal|p2a: Whispering One|42\/100|[from] item: Leftovers\n|-heal|p1a: Empoleon|100\/100 par|[from] item: Leftovers\n|upkeep\n|turn|5\n|\n|t:|1700245918\n|switch|p2a: El Hermano|Clodsire, M|100\/100\n|move|p1a: Empoleon|Roar|p2a: El Hermano\n|drag|p2a: Core Augur|Quaquaval, M|100\/100\n|\n|upkeep\n|turn|6\n|\n|t:|1700245946\n|switch|p1a: Noivern|Noivern, F|100\/100\n|-item|p2a: Core Augur|Leftovers|[from] ability: Frisk|[of] p1a: Noivern|[identify]\n|move|p2a: Core Augur|Bulk Up|p2a: Core Augur\n|-boost|p2a: Core Augur|atk|1\n|-boost|p2a: Core Augur|def|1\n|\n|upkeep\n|turn|7\n|\n|t:|1700245964\n|move|p1a: Noivern|Draco Meteor|p2a: Core Augur|[miss]\n|-miss|p1a: Noivern|p2a: Core Augur\n|move|p2a: Core Augur|Ice Spinner|p1a: Noivern\n|-supereffective|p1a: Noivern\n|-damage|p1a: Noivern|0 fnt\n|faint|p1a: Noivern\n|-ability|p2a: Core Augur|Moxie|boost\n|-boost|p2a: Core Augur|atk|1\n|\n|upkeep\n|\n|t:|1700245996\n|switch|p1a: Ribombee|Ribombee, M|1\/100\n|turn|8\n|\n|t:|1700246002\n|move|p1a: Ribombee|Moonblast|p2a: Core Augur\n|-supereffective|p2a: Core Augur\n|-damage|p2a: Core Augur|9\/100\n|move|p2a: Core Augur|Bulk Up|p2a: Core Augur\n|-boost|p2a: Core Augur|atk|1\n|-boost|p2a: Core Augur|def|1\n|\n|-heal|p2a: Core Augur|15\/100|[from] item: Leftovers\n|upkeep\n|turn|9\n|\n|t:|1700246019\n|switch|p2a: El Hermano|Clodsire, M|100\/100\n|move|p1a: Ribombee|Moonblast|p2a: El Hermano\n|-resisted|p2a: El Hermano\n|-damage|p2a: El Hermano|90\/100\n|\n|-heal|p2a: El Hermano|96\/100|[from] item: Leftovers\n|upkeep\n|turn|10\n|\n|t:|1700246033\n|move|p1a: Ribombee|Sticky Web|p2a: El Hermano\n|-sidestart|p2: cask|move: Sticky Web\n|move|p2a: El Hermano|Spikes|p1a: Ribombee\n|-sidestart|p1: mm juice|Spikes\n|\n|-heal|p2a: El Hermano|100\/100|[from] item: Leftovers\n|upkeep\n|turn|11\n|\n|t:|1700246039\n|move|p1a: Ribombee|U-turn|p2a: El Hermano\n|-resisted|p2a: El Hermano\n|-damage|p2a: El Hermano|93\/100\n|\n|t:|1700246042\n|switch|p1a: Iron Treads|Iron Treads|100\/100|[from] U-turn\n|-damage|p1a: Iron Treads|88\/100|[from] Spikes\n|move|p2a: El Hermano|Spikes|p1a: Iron Treads\n|-sidestart|p1: mm juice|Spikes\n|\n|-heal|p2a: El Hermano|99\/100|[from] item: Leftovers\n|upkeep\n|turn|12\n|\n|t:|1700246065\n|move|p1a: Iron Treads|Knock Off|p2a: El Hermano\n|-damage|p2a: El Hermano|70\/100\n|-enditem|p2a: El Hermano|Leftovers|[from] move: Knock Off|[of] p1a: Iron Treads\n|move|p2a: El Hermano|Earthquake|p1a: Iron Treads\n|-supereffective|p1a: Iron Treads\n|-damage|p1a: Iron Treads|45\/100\n|\n|upkeep\n|turn|13\n|\n|t:|1700246078\n|move|p1a: Iron Treads|Rapid Spin|p2a: El Hermano\n|-damage|p2a: El Hermano|53\/100\n|-boost|p1a: Iron Treads|spe|1\n|-sideend|p1: mm juice|Spikes|[from] move: Rapid Spin|[of] p1a: Iron Treads\n|move|p2a: El Hermano|Earthquake|p1a: Iron Treads\n|-supereffective|p1a: Iron Treads\n|-damage|p1a: Iron Treads|0 fnt\n|faint|p1a: Iron Treads\n|-end|p1a: Iron Treads|Quark Drive|[silent]\n|\n|upkeep\n|\n|t:|1700246094\n|switch|p1a: Arcanine|Arcanine, M|100\/100\n|-ability|p1a: Arcanine|Intimidate|boost\n|-unboost|p2a: El Hermano|atk|1\n|turn|14\n|\n|t:|1700246106\n|switch|p2a: Core Augur|Quaquaval, M|15\/100\n|-activate|p2a: Core Augur|move: Sticky Web\n|-unboost|p2a: Core Augur|spe|1\n|move|p1a: Arcanine|Flare Blitz|p2a: Core Augur\n|-resisted|p2a: Core Augur\n|-damage|p2a: Core Augur|0 fnt\n|faint|p2a: Core Augur\n|-damage|p1a: Arcanine|96\/100|[from] Recoil\n|\n|upkeep\n|\n|t:|1700246117\n|switch|p2a: The Hidden|Talonflame, M|77\/100\n|turn|15\n|\n|t:|1700246142\n|switch|p1a: Empoleon|Empoleon, F|100\/100 par\n|move|p2a: The Hidden|Defog|p1a: Empoleon\n|-unboost|p1a: Empoleon|evasion|1\n|-ability|p1a: Empoleon|Competitive|boost\n|-boost|p1a: Empoleon|spa|2\n|-sideend|p2: cask|Sticky Web|[from] move: Defog|[of] p2a: The Hidden\n|\n|upkeep\n|turn|16\n|\n|t:|1700246158\n|move|p2a: The Hidden|U-turn|p1a: Empoleon\n|-resisted|p1a: Empoleon\n|-damage|p1a: Empoleon|94\/100 par\n|\n|t:|1700246167\n|switch|p2a: Voice of Hunger|Great Tusk|100\/100|[from] U-turn\n|cant|p1a: Empoleon|par\n|\n|-heal|p1a: Empoleon|99\/100 par|[from] item: Leftovers\n|upkeep\n|turn|17\n|\n|t:|1700246198\n|switch|p1a: Ribombee|Ribombee, M|1\/100\n|move|p2a: Voice of Hunger|Close Combat|p1a: Ribombee\n|-resisted|p1a: Ribombee\n|-damage|p1a: Ribombee|0 fnt\n|-unboost|p2a: Voice of Hunger|def|1\n|-unboost|p2a: Voice of Hunger|spd|1\n|faint|p1a: Ribombee\n|\n|upkeep\n|\n|t:|1700246208\n|switch|p1a: Iron Valiant|Iron Valiant|100\/100\n|-enditem|p1a: Iron Valiant|Booster Energy\n|-activate|p1a: Iron Valiant|ability: Quark Drive|[fromitem]\n|-start|p1a: Iron Valiant|quarkdrivespe\n|turn|18\n|\n|t:|1700246218\n|-end|p2a: Voice of Hunger|Protosynthesis|[silent]\n|switch|p2a: El Hermano|Clodsire, M|53\/100\n|move|p1a: Iron Valiant|Moonblast|p2a: El Hermano\n|-resisted|p2a: El Hermano\n|-damage|p2a: El Hermano|41\/100\n|\n|upkeep\n|turn|19\n|\n|t:|1700246258\n|move|p1a: Iron Valiant|Psychic|p2a: El Hermano\n|-supereffective|p2a: El Hermano\n|-damage|p2a: El Hermano|9\/100\n|move|p2a: El Hermano|Recover|p2a: El Hermano\n|-heal|p2a: El Hermano|59\/100\n|\n|upkeep\n|turn|20\n|\n|t:|1700246265\n|move|p1a: Iron Valiant|Psychic|p2a: El Hermano\n|-supereffective|p2a: El Hermano\n|-damage|p2a: El Hermano|30\/100\n|move|p2a: El Hermano|Earthquake|p1a: Iron Valiant\n|-damage|p1a: Iron Valiant|67\/100\n|\n|upkeep\n|turn|21\n|\n|t:|1700246291\n|switch|p2a: The Hidden|Talonflame, M|77\/100\n|move|p1a: Iron Valiant|Psychic|p2a: The Hidden\n|-damage|p2a: The Hidden|36\/100\n|-unboost|p2a: The Hidden|spd|1\n|\n|upkeep\n|turn|22\n|\n|t:|1700246313\n|move|p1a: Iron Valiant|Thunderbolt|p2a: The Hidden\n|-supereffective|p2a: The Hidden\n|-damage|p2a: The Hidden|0 fnt\n|faint|p2a: The Hidden\n|\n|upkeep\n|\n|t:|1700246331\n|switch|p2a: Grand Cenobite|Meowscarada, F|100\/100\n|turn|23\n|\n|t:|1700246340\n|move|p2a: Grand Cenobite|Play Rough|p1a: Iron Valiant\n|-start|p2a: Grand Cenobite|typechange|Fairy|[from] ability: Protean\n|-supereffective|p1a: Iron Valiant\n|-damage|p1a: Iron Valiant|0 fnt\n|faint|p1a: Iron Valiant\n|-end|p1a: Iron Valiant|Quark Drive|[silent]\n|\n|upkeep\n|c|\u2606mm juice|gg\n|\n|t:|1700246350\n|switch|p1a: Arcanine|Arcanine, M|96\/100\n|-ability|p1a: Arcanine|Intimidate|boost\n|-unboost|p2a: Grand Cenobite|atk|1\n|turn|24\n|\n|t:|1700246370\n|switch|p2a: El Hermano|Clodsire, M|30\/100\n|move|p1a: Arcanine|Flare Blitz|p2a: El Hermano\n|-damage|p2a: El Hermano|0 fnt\n|faint|p2a: El Hermano\n|-damage|p1a: Arcanine|84\/100|[from] Recoil\n|\n|upkeep\n|\n|t:|1700246391\n|switch|p2a: Voice of Hunger|Great Tusk|100\/100\n|turn|25\n|\n|t:|1700246420\n|-terastallize|p1a: Arcanine|Water\n|-terastallize|p2a: Voice of Hunger|Water\n|move|p2a: Voice of Hunger|Earthquake|p1a: Arcanine\n|-damage|p1a: Arcanine|53\/100\n|move|p1a: Arcanine|Roar|p2a: Voice of Hunger\n|-end|p2a: Voice of Hunger|Protosynthesis|[silent]\n|drag|p2a: Grand Cenobite|Meowscarada, F|100\/100\n|\n|upkeep\n|turn|26\n|\n|t:|1700246438\n|switch|p1a: Empoleon|Empoleon, F|99\/100 par\n|move|p2a: Grand Cenobite|Flower Trick|p1a: Empoleon\n|-start|p2a: Grand Cenobite|typechange|Grass|[from] ability: Protean\n|-crit|p1a: Empoleon\n|-damage|p1a: Empoleon|50\/100 par\n|\n|-heal|p1a: Empoleon|56\/100 par|[from] item: Leftovers\n|upkeep\n|turn|27\n|\n|t:|1700246472\n|move|p2a: Grand Cenobite|Flower Trick|p1a: Empoleon\n|-crit|p1a: Empoleon\n|-damage|p1a: Empoleon|7\/100 par\n|cant|p1a: Empoleon|par\n|\n|-heal|p1a: Empoleon|14\/100 par|[from] item: Leftovers\n|upkeep\n|turn|28\n|\n|t:|1700246480\n|move|p2a: Grand Cenobite|Flower Trick|p1a: Empoleon\n|-crit|p1a: Empoleon\n|-damage|p1a: Empoleon|0 fnt\n|faint|p1a: Empoleon\n|\n|upkeep\n|\n|t:|1700246483\n|switch|p1a: Arcanine|Arcanine, M, tera:Water|53\/100\n|-ability|p1a: Arcanine|Intimidate|boost\n|-unboost|p2a: Grand Cenobite|atk|1\n|turn|29\n|\n|t:|1700246490\n|move|p2a: Grand Cenobite|Flower Trick|p1a: Arcanine\n|-supereffective|p1a: Arcanine\n|-crit|p1a: Arcanine\n|-damage|p1a: Arcanine|0 fnt\n|faint|p1a: Arcanine\n|\n|win|cask\n|l|\u2606mm juice\n","uploadtime":1700246500,"views":15,"p1id":"mmjuice","p2id":"cask","formatid":"gen9ou","rating":0,"private":0,"password":""}