{"id":"gen9ou-1991733152","p1":"Official Poyo","p2":"Phasmophobia","format":"[Gen 9] OU","log":"|j|\u2606Official Poyo\n|j|\u2606Phasmophobia\n|t:|1700108408\n|gametype|singles\n|player|p1|Official Poyo|richboy-gen4|1568\n|player|p2|Phasmophobia|101|1524\n|teamsize|p1|6\n|teamsize|p2|6\n|gen|9\n|tier|[Gen 9] OU\n|rated|\n|rule|Sleep Clause Mod: Limit one foe put to sleep\n|rule|Species Clause: Limit one of each Pok\u00e9mon\n|rule|OHKO Clause: OHKO moves are banned\n|rule|Evasion Items Clause: Evasion items are banned\n|rule|Evasion Moves Clause: Evasion moves are banned\n|rule|Endless Battle Clause: Forcing endless battles is banned\n|rule|HP Percentage Mod: HP is shown in percentages\n|clearpoke\n|poke|p1|Moltres|\n|poke|p1|Landorus-Therian, M|\n|poke|p1|Gholdengo|\n|poke|p1|Tatsugiri, M|\n|poke|p1|Iron Valiant|\n|poke|p1|Clefable, F|\n|poke|p2|Ninetales-Alola, F|\n|poke|p2|Kingambit, M|\n|poke|p2|Sinistcha-Masterpiece|\n|poke|p2|Alomomola, M|\n|poke|p2|Zapdos|\n|poke|p2|Great Tusk|\n|teampreview\n|\n|t:|1700108426\n|start\n|switch|p1a: Clefable|Clefable, F|100\/100\n|switch|p2a: Ninetales|Ninetales-Alola, F|100\/100\n|-weather|Snow|[from] ability: Snow Warning|[of] p2a: Ninetales\n|turn|1\n|\n|t:|1700108432\n|move|p2a: Ninetales|Aurora Veil|p2a: Ninetales\n|-sidestart|p2: Phasmophobia|move: Aurora Veil\n|move|p1a: Clefable|Thunder Wave|p2a: Ninetales\n|-status|p2a: Ninetales|par\n|\n|-weather|Snow|[upkeep]\n|upkeep\n|turn|2\n|\n|t:|1700108436\n|move|p2a: Ninetales|Encore|p1a: Clefable\n|-start|p1a: Clefable|Encore\n|move|p1a: Clefable|Thunder Wave|p2a: Ninetales|[miss]\n|-miss|p1a: Clefable|p2a: Ninetales\n|\n|-weather|Snow|[upkeep]\n|upkeep\n|turn|3\n|\n|t:|1700108443\n|switch|p2a: Zapdos|Zapdos|100\/100\n|switch|p1a: Moltres|Moltres|100\/100\n|\n|-weather|Snow|[upkeep]\n|upkeep\n|turn|4\n|\n|t:|1700108446\n|switch|p1a: Clefable|Clefable, F|100\/100\n|move|p2a: Zapdos|Hurricane|p1a: Clefable|[miss]\n|-miss|p2a: Zapdos|p1a: Clefable\n|\n|-weather|Snow|[upkeep]\n|upkeep\n|turn|5\n|\n|t:|1700108488\n|move|p2a: Zapdos|Volt Switch|p1a: Clefable\n|-damage|p1a: Clefable|73\/100\n|\n|t:|1700108494\n|switch|p2a: Kingambit|Kingambit, M|100\/100|[from] Volt Switch\n|move|p1a: Clefable|Moonblast|p2a: Kingambit\n|-damage|p2a: Kingambit|85\/100\n|\n|-weather|none\n|-heal|p1a: Clefable|79\/100|[from] item: Leftovers\n|-heal|p2a: Kingambit|91\/100|[from] item: Leftovers\n|upkeep\n|turn|6\n|\n|t:|1700108499\n|switch|p1a: Landorus|Landorus-Therian, M|100\/100\n|-ability|p1a: Landorus|Intimidate|boost\n|-unboost|p2a: Kingambit|atk|1\n|move|p2a: Kingambit|Swords Dance|p2a: Kingambit\n|-boost|p2a: Kingambit|atk|2\n|\n|-heal|p2a: Kingambit|97\/100|[from] item: Leftovers\n|upkeep\n|turn|7\n|\n|t:|1700108507\n|move|p1a: Landorus|Earthquake|p2a: Kingambit\n|-supereffective|p2a: Kingambit\n|-damage|p2a: Kingambit|63\/100\n|move|p2a: Kingambit|Kowtow Cleave|p1a: Landorus\n|-damage|p1a: Landorus|44\/100\n|-damage|p2a: Kingambit|47\/100|[from] item: Rocky Helmet|[of] p1a: Landorus\n|\n|-heal|p2a: Kingambit|53\/100|[from] item: Leftovers\n|upkeep\n|turn|8\n|\n|t:|1700108519\n|move|p1a: Landorus|Stealth Rock|p2a: Kingambit\n|-sidestart|p2: Phasmophobia|move: Stealth Rock\n|move|p2a: Kingambit|Kowtow Cleave|p1a: Landorus\n|-damage|p1a: Landorus|0 fnt\n|-damage|p2a: Kingambit|36\/100|[from] item: Rocky Helmet|[of] p1a: Landorus\n|faint|p1a: Landorus\n|\n|-heal|p2a: Kingambit|43\/100|[from] item: Leftovers\n|-sideend|p2: Phasmophobia|move: Aurora Veil\n|upkeep\n|\n|t:|1700108529\n|switch|p1a: Moltres|Moltres|100\/100\n|turn|9\n|\n|t:|1700108541\n|-end|p2a: Kingambit|fallenundefined|[silent]\n|switch|p2a: Alomomola|Alomomola, M|100\/100\n|-damage|p2a: Alomomola|88\/100|[from] Stealth Rock\n|move|p1a: Moltres|Flare Blitz|p2a: Alomomola\n|-resisted|p2a: Alomomola\n|-damage|p2a: Alomomola|65\/100\n|-damage|p1a: Moltres|89\/100|[from] Recoil\n|\n|-heal|p2a: Alomomola|71\/100|[from] item: Leftovers\n|upkeep\n|turn|10\n|\n|t:|1700108543\n|move|p1a: Moltres|U-turn|p2a: Alomomola\n|-damage|p2a: Alomomola|54\/100\n|\n|t:|1700108548\n|switch|p1a: Tatsugiri|Tatsugiri, M|100\/100|[from] U-turn\n|move|p2a: Alomomola|Wish|p2a: Alomomola\n|\n|-heal|p2a: Alomomola|60\/100|[from] item: Leftovers\n|upkeep\n|turn|11\n|\n|t:|1700108554\n|move|p1a: Tatsugiri|Rapid Spin|p2a: Alomomola\n|-damage|p2a: Alomomola|55\/100\n|-boost|p1a: Tatsugiri|spe|1\n|move|p2a: Alomomola|Mirror Coat||[still]\n|-fail|p2a: Alomomola\n|\n|-heal|p2a: Alomomola|100\/100|[from] move: Wish|[wisher] Alomomola\n|upkeep\n|turn|12\n|\n|t:|1700108559\n|move|p1a: Tatsugiri|Nasty Plot|p1a: Tatsugiri\n|-boost|p1a: Tatsugiri|spa|2\n|move|p2a: Alomomola|Wish|p2a: Alomomola\n|\n|upkeep\n|turn|13\n|\n|t:|1700108563\n|switch|p2a: Kingambit|Kingambit, M|43\/100\n|-damage|p2a: Kingambit|36\/100|[from] Stealth Rock\n|move|p1a: Tatsugiri|Nasty Plot|p1a: Tatsugiri\n|-boost|p1a: Tatsugiri|spa|2\n|\n|-heal|p2a: Kingambit|100\/100|[from] move: Wish|[wisher] Alomomola\n|upkeep\n|turn|14\n|\n|t:|1700108574\n|-end|p2a: Kingambit|fallenundefined|[silent]\n|switch|p2a: Ninetales|Ninetales-Alola, F|100\/100 par\n|-damage|p2a: Ninetales|76\/100 par|[from] Stealth Rock\n|-weather|Snow|[from] ability: Snow Warning|[of] p2a: Ninetales\n|-terastallize|p1a: Tatsugiri|Fairy\n|move|p1a: Tatsugiri|Surf|p2a: Ninetales\n|-damage|p2a: Ninetales|0 fnt\n|faint|p2a: Ninetales\n|\n|-weather|Snow|[upkeep]\n|upkeep\n|\n|t:|1700108582\n|switch|p2a: Zapdos|Zapdos|100\/100\n|turn|15\n|\n|t:|1700108585\n|move|p1a: Tatsugiri|Surf|p2a: Zapdos\n|-crit|p2a: Zapdos\n|-damage|p2a: Zapdos|0 fnt\n|faint|p2a: Zapdos\n|\n|-weather|Snow|[upkeep]\n|upkeep\n|\n|t:|1700108589\n|switch|p2a: Alomomola|Alomomola, M|100\/100\n|-damage|p2a: Alomomola|88\/100|[from] Stealth Rock\n|turn|16\n|\n|t:|1700108591\n|move|p1a: Tatsugiri|Nasty Plot|p1a: Tatsugiri\n|-boost|p1a: Tatsugiri|spa|2\n|move|p2a: Alomomola|Wish|p2a: Alomomola\n|\n|-weather|Snow|[upkeep]\n|-heal|p2a: Alomomola|94\/100|[from] item: Leftovers\n|upkeep\n|turn|17\n|\n|t:|1700108594\n|move|p1a: Tatsugiri|Draco Meteor|p2a: Alomomola|[miss]\n|-miss|p1a: Tatsugiri|p2a: Alomomola\n|move|p2a: Alomomola|Mirror Coat||[still]\n|-fail|p2a: Alomomola\n|\n|-weather|Snow|[upkeep]\n|-heal|p2a: Alomomola|100\/100|[from] move: Wish|[wisher] Alomomola\n|upkeep\n|turn|18\n|\n|t:|1700108597\n|move|p1a: Tatsugiri|Draco Meteor|p2a: Alomomola\n|-damage|p2a: Alomomola|0 fnt\n|-unboost|p1a: Tatsugiri|spa|2\n|faint|p2a: Alomomola\n|\n|-weather|none\n|upkeep\n|-message|Phasmophobia forfeited.\n|\n|win|Official Poyo\n|raw|Official Poyo's rating: 1568 &rarr; <strong>1585<\/strong><br \/>(+17 for winning)\n|raw|Phasmophobia's rating: 1524 &rarr; <strong>1507<\/strong><br \/>(-17 for losing)\n|l|\u2606Phasmophobia\n","uploadtime":1700108607,"views":9,"p1id":"officialpoyo","p2id":"phasmophobia","formatid":"gen9ou","rating":1507,"private":0,"password":""}