{"id":"gen9ou-1988713102","p1":"tigerharvest","p2":"Bagooska irl","format":"[Gen 9] OU","log":"|j|\u2606tigerharvest\n|j|\u2606Bagooska irl\n|t:|1699753802\n|gametype|singles\n|player|p1|tigerharvest|cynthia|1488\n|player|p2|Bagooska irl|waitress|1457\n|teamsize|p1|6\n|teamsize|p2|6\n|gen|9\n|tier|[Gen 9] OU\n|rated|\n|rule|Sleep Clause Mod: Limit one foe put to sleep\n|rule|Species Clause: Limit one of each Pok\u00e9mon\n|rule|OHKO Clause: OHKO moves are banned\n|rule|Evasion Items Clause: Evasion items are banned\n|rule|Evasion Moves Clause: Evasion moves are banned\n|rule|Endless Battle Clause: Forcing endless battles is banned\n|rule|HP Percentage Mod: HP is shown in percentages\n|clearpoke\n|poke|p1|Alomomola, F|\n|poke|p1|Slowking-Galar, F|\n|poke|p1|Kingambit, F|\n|poke|p1|Great Tusk|\n|poke|p1|Cinderace, F|\n|poke|p1|Thundurus-Therian, M|\n|poke|p2|Grimmsnarl, M|\n|poke|p2|Slowking-Galar, F|\n|poke|p2|Ogerpon-Wellspring, F|\n|poke|p2|Kingambit, F|\n|poke|p2|Tauros-Paldea-Blaze, M|\n|poke|p2|Dragapult, F|\n|teampreview\n|inactive|Battle timer is ON: inactive players will automatically lose when time's up. (requested by Bagooska irl)\n|\n|t:|1699753807\n|start\n|switch|p1a: Thundurus|Thundurus-Therian, M|100\/100\n|switch|p2a: Glowking|Slowking-Galar, F|100\/100\n|turn|1\n|\n|t:|1699753810\n|move|p1a: Thundurus|Volt Switch|p2a: Glowking\n|-damage|p2a: Glowking|53\/100\n|\n|t:|1699753817\n|switch|p1a: Great Tusk|Great Tusk|100\/100|[from] Volt Switch\n|move|p2a: Glowking|Future Sight|p1a: Great Tusk\n|-start|p2a: Glowking|move: Future Sight\n|\n|-heal|p2a: Glowking|59\/100|[from] item: Black Sludge\n|upkeep\n|turn|2\n|\n|t:|1699753826\n|switch|p2a: Tauros|Tauros-Paldea-Blaze, M|100\/100\n|-ability|p2a: Tauros|Intimidate|boost\n|-unboost|p1a: Great Tusk|atk|1\n|move|p1a: Great Tusk|Stealth Rock|p2a: Tauros\n|-sidestart|p2: Bagooska irl|move: Stealth Rock\n|\n|upkeep\n|turn|3\n|\n|t:|1699753832\n|-end|p1a: Great Tusk|Protosynthesis|[silent]\n|switch|p1a: Slowking|Slowking-Galar, F|100\/100\n|move|p2a: Tauros|Close Combat|p1a: Slowking\n|-resisted|p1a: Slowking\n|-damage|p1a: Slowking|77\/100\n|-unboost|p2a: Tauros|def|1\n|-unboost|p2a: Tauros|spd|1\n|\n|-end|p1a: Slowking|move: Future Sight\n|-damage|p1a: Slowking|53\/100\n|upkeep\n|turn|4\n|\n|t:|1699753845\n|switch|p2a: Dragapult|Dragapult, F|100\/100\n|-damage|p2a: Dragapult|88\/100|[from] Stealth Rock\n|move|p1a: Slowking|Future Sight|p2a: Dragapult\n|-start|p1a: Slowking|move: Future Sight\n|\n|upkeep\n|turn|5\n|inactive|tigerharvest has 120 seconds left.\n|\n|t:|1699753885\n|switch|p1a: Alomomola|Alomomola, F|100\/100\n|move|p2a: Dragapult|Draco Meteor|p1a: Alomomola\n|-damage|p1a: Alomomola|28\/100\n|-unboost|p2a: Dragapult|spa|2\n|-enditem|p1a: Alomomola|Red Card|[of] p2a: Dragapult\n|drag|p2a: Glowking|Slowking-Galar, F|93\/100\n|-damage|p2a: Glowking|80\/100|[from] Stealth Rock\n|\n|-heal|p2a: Glowking|86\/100|[from] item: Black Sludge\n|upkeep\n|turn|6\n|\n|t:|1699753899\n|move|p1a: Alomomola|Flip Turn|p2a: Glowking\n|-damage|p2a: Glowking|75\/100\n|\n|t:|1699753902\n|switch|p1a: Great Tusk|Great Tusk|100\/100|[from] Flip Turn\n|move|p2a: Glowking|Future Sight|p1a: Great Tusk\n|-start|p2a: Glowking|move: Future Sight\n|\n|-end|p2a: Glowking|move: Future Sight\n|-damage|p2a: Glowking|40\/100\n|-heal|p2a: Glowking|46\/100|[from] item: Black Sludge\n|upkeep\n|turn|7\n|inactive|tigerharvest has 120 seconds left.\n|\n|t:|1699753912\n|switch|p2a: Ogerpon|Ogerpon-Wellspring, F|100\/100\n|-damage|p2a: Ogerpon|88\/100|[from] Stealth Rock\n|move|p1a: Great Tusk|Headlong Rush|p2a: Ogerpon\n|-resisted|p2a: Ogerpon\n|-damage|p2a: Ogerpon|50\/100\n|-unboost|p1a: Great Tusk|def|1\n|-unboost|p1a: Great Tusk|spd|1\n|\n|upkeep\n|turn|8\n|\n|t:|1699753924\n|-end|p1a: Great Tusk|Protosynthesis|[silent]\n|switch|p1a: Slowking|Slowking-Galar, F|87\/100\n|move|p2a: Ogerpon|Ivy Cudgel|p1a: Slowking\n|-crit|p1a: Slowking\n|-damage|p1a: Slowking|0 fnt\n|faint|p1a: Slowking\n|\n|-hint|Future Sight did not hit because the target is fainted.\n|upkeep\n|\n|t:|1699753932\n|switch|p1a: Thundurus|Thundurus-Therian, M|100\/100\n|turn|9\n|\n|t:|1699753940\n|-terastallize|p2a: Ogerpon|Water\n|detailschange|p2a: Ogerpon|Ogerpon-Wellspring-Tera, F, tera:Water\n|-ability|p2a: Ogerpon|Embody Aspect (Wellspring)|boost\n|-boost|p2a: Ogerpon|spd|1\n|-terastallize|p1a: Thundurus|Flying\n|move|p2a: Ogerpon|Ivy Cudgel|p1a: Thundurus\n|-damage|p1a: Thundurus|0 fnt\n|faint|p1a: Thundurus\n|\n|upkeep\n|\n|t:|1699753956\n|switch|p1a: Cinderace|Cinderace, F|100\/100\n|turn|10\n|c|\u2606Bagooska irl|Yeah that kills sorry\n|c|\u2606Bagooska irl|Thundurus too scary\n|\n|t:|1699753968\n|switch|p2a: Tauros|Tauros-Paldea-Blaze, M|100\/100\n|-damage|p2a: Tauros|88\/100|[from] Stealth Rock\n|-ability|p2a: Tauros|Intimidate|boost\n|-unboost|p1a: Cinderace|atk|1\n|move|p1a: Cinderace|U-turn|p2a: Tauros\n|-start|p1a: Cinderace|typechange|Bug|[from] ability: Libero\n|-resisted|p2a: Tauros\n|-damage|p2a: Tauros|82\/100\n|\n|t:|1699753973\n|switch|p1a: Great Tusk|Great Tusk|100\/100|[from] U-turn\n|\n|upkeep\n|turn|11\n|\n|t:|1699753980\n|switch|p2a: Grimmsnarl|Grimmsnarl, M|100\/100\n|-damage|p2a: Grimmsnarl|88\/100|[from] Stealth Rock\n|move|p1a: Great Tusk|Headlong Rush|p2a: Grimmsnarl\n|-damage|p2a: Grimmsnarl|17\/100\n|-unboost|p1a: Great Tusk|def|1\n|-unboost|p1a: Great Tusk|spd|1\n|\n|upkeep\n|turn|12\n|\n|t:|1699753990\n|move|p2a: Grimmsnarl|Reflect|p2a: Grimmsnarl\n|-sidestart|p2: Bagooska irl|Reflect\n|move|p1a: Great Tusk|Headlong Rush|p2a: Grimmsnarl\n|-damage|p2a: Grimmsnarl|0 fnt\n|-unboost|p1a: Great Tusk|def|1\n|-unboost|p1a: Great Tusk|spd|1\n|faint|p2a: Grimmsnarl\n|\n|upkeep\n|\n|t:|1699753997\n|switch|p2a: Ogerpon|Ogerpon-Wellspring-Tera, F, tera:Water|50\/100\n|-damage|p2a: Ogerpon|38\/100|[from] Stealth Rock\n|-ability|p2a: Ogerpon|Embody Aspect (Wellspring)|boost\n|-boost|p2a: Ogerpon|spd|1\n|turn|13\n|\n|t:|1699754005\n|-end|p1a: Great Tusk|Protosynthesis|[silent]\n|switch|p1a: Alomomola|Alomomola, F|61\/100\n|move|p2a: Ogerpon|Power Whip|p1a: Alomomola\n|-supereffective|p1a: Alomomola\n|-damage|p1a: Alomomola|0 fnt\n|faint|p1a: Alomomola\n|\n|upkeep\n|\n|t:|1699754012\n|switch|p1a: Cinderace|Cinderace, F|100\/100\n|turn|14\n|\n|t:|1699754018\n|switch|p2a: Tauros|Tauros-Paldea-Blaze, M|82\/100\n|-damage|p2a: Tauros|69\/100|[from] Stealth Rock\n|-ability|p2a: Tauros|Intimidate|boost\n|-unboost|p1a: Cinderace|atk|1\n|move|p1a: Cinderace|Will-O-Wisp|p2a: Tauros\n|-immune|p2a: Tauros\n|\n|upkeep\n|turn|15\n|\n|t:|1699754021\n|move|p1a: Cinderace|U-turn|p2a: Tauros\n|-start|p1a: Cinderace|typechange|Bug|[from] ability: Libero\n|-resisted|p2a: Tauros\n|-damage|p2a: Tauros|66\/100\n|\n|t:|1699754024\n|switch|p1a: Great Tusk|Great Tusk|100\/100|[from] U-turn\n|move|p2a: Tauros|Close Combat|p1a: Great Tusk\n|-damage|p1a: Great Tusk|41\/100\n|-unboost|p2a: Tauros|def|1\n|-unboost|p2a: Tauros|spd|1\n|-damage|p2a: Tauros|50\/100|[from] item: Rocky Helmet|[of] p1a: Great Tusk\n|\n|upkeep\n|turn|16\n|\n|t:|1699754032\n|move|p2a: Tauros|Close Combat|p1a: Great Tusk\n|-damage|p1a: Great Tusk|0 fnt\n|-unboost|p2a: Tauros|def|1\n|-unboost|p2a: Tauros|spd|1\n|-damage|p2a: Tauros|33\/100|[from] item: Rocky Helmet|[of] p1a: Great Tusk\n|faint|p1a: Great Tusk\n|-end|p1a: Great Tusk|Protosynthesis|[silent]\n|\n|upkeep\n|\n|t:|1699754037\n|switch|p1a: Cinderace|Cinderace, F|100\/100\n|turn|17\n|\n|t:|1699754044\n|switch|p2a: Glowking|Slowking-Galar, F|79\/100\n|-damage|p2a: Glowking|67\/100|[from] Stealth Rock\n|move|p1a: Cinderace|Pyro Ball|p2a: Glowking\n|-damage|p2a: Glowking|45\/100\n|\n|-heal|p2a: Glowking|51\/100|[from] item: Black Sludge\n|upkeep\n|turn|18\n|\n|t:|1699754054\n|move|p1a: Cinderace|Pyro Ball|p2a: Glowking\n|-damage|p2a: Glowking|30\/100\n|move|p2a: Glowking|Chilly Reception|p2a: Glowking\n|-weather|Snow\n|\n|t:|1699754058\n|switch|p2a: Dragapult|Dragapult, F|88\/100|[from] Chilly Reception\n|-damage|p2a: Dragapult|76\/100|[from] Stealth Rock\n|\n|-weather|Snow|[upkeep]\n|upkeep\n|turn|19\n|\n|t:|1699754065\n|move|p2a: Dragapult|Draco Meteor|p1a: Cinderace\n|-damage|p1a: Cinderace|0 fnt\n|-unboost|p2a: Dragapult|spa|2\n|faint|p1a: Cinderace\n|\n|-weather|Snow|[upkeep]\n|-sideend|p2: Bagooska irl|Reflect\n|upkeep\n|\n|t:|1699754068\n|switch|p1a: Kingambit|Kingambit, F|100\/100\n|-activate|p1a: Kingambit|ability: Supreme Overlord\n|-start|p1a: Kingambit|fallen5|[silent]\n|turn|20\n|\n|t:|1699754075\n|switch|p2a: Tauros|Tauros-Paldea-Blaze, M|33\/100\n|-damage|p2a: Tauros|21\/100|[from] Stealth Rock\n|-ability|p2a: Tauros|Intimidate|boost\n|-unboost|p1a: Kingambit|atk|1\n|move|p1a: Kingambit|Swords Dance|p1a: Kingambit\n|-boost|p1a: Kingambit|atk|2\n|\n|-weather|Snow|[upkeep]\n|upkeep\n|turn|21\n|\n|t:|1699754082\n|switch|p2a: Ogerpon|Ogerpon-Wellspring-Tera, F, tera:Water|38\/100\n|-damage|p2a: Ogerpon|26\/100|[from] Stealth Rock\n|-ability|p2a: Ogerpon|Embody Aspect (Wellspring)|boost\n|-boost|p2a: Ogerpon|spd|1\n|move|p1a: Kingambit|Sucker Punch||[still]\n|-fail|p1a: Kingambit\n|\n|-weather|Snow|[upkeep]\n|upkeep\n|turn|22\n|\n|t:|1699754085\n|move|p1a: Kingambit|Sucker Punch|p2a: Ogerpon\n|-damage|p2a: Ogerpon|0 fnt\n|faint|p2a: Ogerpon\n|\n|-weather|none\n|upkeep\n|\n|t:|1699754088\n|switch|p2a: Tauros|Tauros-Paldea-Blaze, M|21\/100\n|-damage|p2a: Tauros|8\/100|[from] Stealth Rock\n|-ability|p2a: Tauros|Intimidate|boost\n|-unboost|p1a: Kingambit|atk|1\n|turn|23\n|\n|t:|1699754093\n|move|p1a: Kingambit|Sucker Punch|p2a: Tauros\n|-resisted|p2a: Tauros\n|-damage|p2a: Tauros|0 fnt\n|faint|p2a: Tauros\n|\n|upkeep\n|\n|t:|1699754094\n|switch|p2a: Kingambit|Kingambit, F|100\/100\n|-damage|p2a: Kingambit|94\/100|[from] Stealth Rock\n|-activate|p2a: Kingambit|ability: Supreme Overlord\n|-start|p2a: Kingambit|fallen3|[silent]\n|turn|24\n|\n|t:|1699754100\n|move|p2a: Kingambit|Low Kick|p1a: Kingambit\n|-supereffective|p1a: Kingambit\n|-damage|p1a: Kingambit|0 fnt\n|faint|p1a: Kingambit\n|-end|p1a: Kingambit|fallen5|[silent]\n|\n|win|Bagooska irl\n|raw|tigerharvest's rating: 1488 &rarr; <strong>1466<\/strong><br \/>(-22 for losing)\n|raw|Bagooska irl's rating: 1457 &rarr; <strong>1479<\/strong><br \/>(+22 for winning)\n|c|\u2606Bagooska irl|Gg\n","uploadtime":1699754110,"views":18,"p1id":"tigerharvest","p2id":"bagooskairl","formatid":"gen9ou","rating":1466,"private":0,"password":""}