{"id":"gen9ou-1996303490","p1":"RggV","p2":"jw0311","format":"[Gen 9] OU","log":"|j|\u2606RggV\n|j|\u2606jw0311\n|t:|1700669266\n|gametype|singles\n|player|p1|RggV|#wcop2023latinamerica|1694\n|player|p2|jw0311|ghetsis-gen5bw|1828\n|teamsize|p1|6\n|teamsize|p2|6\n|gen|9\n|tier|[Gen 9] OU\n|rated|\n|rule|Sleep Clause Mod: Limit one foe put to sleep\n|rule|Species Clause: Limit one of each Pok\u00e9mon\n|rule|OHKO Clause: OHKO moves are banned\n|rule|Evasion Items Clause: Evasion items are banned\n|rule|Evasion Moves Clause: Evasion moves are banned\n|rule|Endless Battle Clause: Forcing endless battles is banned\n|rule|HP Percentage Mod: HP is shown in percentages\n|clearpoke\n|poke|p1|Ribombee, F|\n|poke|p1|Infernape, F|\n|poke|p1|Gholdengo|\n|poke|p1|Manaphy|\n|poke|p1|Kingambit, F|\n|poke|p1|Landorus-Therian, M|\n|poke|p2|Dragapult, F|\n|poke|p2|Toxapex, M|\n|poke|p2|Iron Valiant|\n|poke|p2|Kingambit, M|\n|poke|p2|Great Tusk|\n|poke|p2|Dondozo, M|\n|teampreview\n|inactive|Battle timer is ON: inactive players will automatically lose when time's up. (requested by jw0311)\n|inactive|RggV also wants the timer to be on.\n|\n|t:|1700669283\n|start\n|switch|p1a: Ribombee|Ribombee, F|100\/100\n|switch|p2a: Toxapex|Toxapex, M|100\/100\n|turn|1\n|\n|t:|1700669285\n|move|p1a: Ribombee|Sticky Web|p2a: Toxapex\n|-sidestart|p2: jw0311|move: Sticky Web\n|move|p2a: Toxapex|Sludge Bomb|p1a: Ribombee\n|-supereffective|p1a: Ribombee\n|-enditem|p1a: Ribombee|Focus Sash\n|-damage|p1a: Ribombee|1\/100\n|\n|upkeep\n|turn|2\n|\n|t:|1700669288\n|move|p1a: Ribombee|Stun Spore|p2a: Toxapex\n|-status|p2a: Toxapex|par\n|move|p2a: Toxapex|Surf|p1a: Ribombee\n|-damage|p1a: Ribombee|0 fnt\n|faint|p1a: Ribombee\n|\n|upkeep\n|\n|t:|1700669291\n|switch|p1a: Landorus|Landorus-Therian, M|100\/100\n|-ability|p1a: Landorus|Intimidate|boost\n|-unboost|p2a: Toxapex|atk|1\n|turn|3\n|\n|t:|1700669295\n|move|p1a: Landorus|Earthquake|p2a: Toxapex\n|-supereffective|p2a: Toxapex\n|-damage|p2a: Toxapex|11\/100 par\n|move|p2a: Toxapex|Surf|p1a: Landorus\n|-supereffective|p1a: Landorus\n|-damage|p1a: Landorus|23\/100\n|\n|-heal|p1a: Landorus|29\/100|[from] item: Leftovers\n|upkeep\n|turn|4\n|\n|t:|1700669302\n|switch|p1a: McFries|Gholdengo|100\/100\n|-item|p1a: McFries|Air Balloon\n|cant|p2a: Toxapex|par\n|\n|upkeep\n|turn|5\n|\n|t:|1700669307\n|switch|p2a: Kingambit|Kingambit, M|100\/100\n|-activate|p2a: Kingambit|move: Sticky Web\n|-unboost|p2a: Kingambit|spe|1\n|move|p1a: McFries|Shadow Ball|p2a: Kingambit\n|-resisted|p2a: Kingambit\n|-damage|p2a: Kingambit|85\/100\n|-unboost|p2a: Kingambit|spd|1\n|\n|-heal|p2a: Kingambit|91\/100|[from] item: Leftovers\n|upkeep\n|turn|6\n|\n|t:|1700669311\n|switch|p1a: Kingambit|Kingambit, F|100\/100\n|-activate|p1a: Kingambit|ability: Supreme Overlord\n|-start|p1a: Kingambit|fallen1|[silent]\n|move|p2a: Kingambit|Kowtow Cleave|p1a: Kingambit\n|-resisted|p1a: Kingambit\n|-damage|p1a: Kingambit|80\/100\n|\n|-heal|p2a: Kingambit|97\/100|[from] item: Leftovers\n|upkeep\n|turn|7\n|\n|t:|1700669314\n|-end|p1a: Kingambit|fallen1|[silent]\n|switch|p1a: McFries|Gholdengo|100\/100\n|-item|p1a: McFries|Air Balloon\n|-end|p2a: Kingambit|fallenundefined|[silent]\n|switch|p2a: Great Tusk|Great Tusk|100\/100\n|-activate|p2a: Great Tusk|move: Sticky Web\n|-unboost|p2a: Great Tusk|spe|1\n|\n|upkeep\n|turn|8\n|\n|t:|1700669319\n|switch|p1a: Infernape|Infernape, F|100\/100\n|-end|p2a: Great Tusk|Protosynthesis|[silent]\n|switch|p2a: Kingambit|Kingambit, M|97\/100\n|-activate|p2a: Kingambit|move: Sticky Web\n|-unboost|p2a: Kingambit|spe|1\n|\n|-heal|p2a: Kingambit|100\/100|[from] item: Leftovers\n|upkeep\n|turn|9\n|\n|t:|1700669323\n|-end|p2a: Kingambit|fallenundefined|[silent]\n|switch|p2a: Toxapex|Toxapex, M|45\/100 par\n|-activate|p2a: Toxapex|move: Sticky Web\n|-unboost|p2a: Toxapex|spe|1\n|move|p1a: Infernape|Swords Dance|p1a: Infernape\n|-boost|p1a: Infernape|atk|2\n|\n|upkeep\n|turn|10\n|\n|t:|1700669327\n|move|p1a: Infernape|Fire Punch|p2a: Toxapex\n|-resisted|p2a: Toxapex\n|-damage|p2a: Toxapex|4\/100 par\n|cant|p2a: Toxapex|par\n|\n|upkeep\n|turn|11\n|\n|t:|1700669332\n|switch|p2a: Dondozo|Dondozo, M|100\/100\n|-activate|p2a: Dondozo|move: Sticky Web\n|-unboost|p2a: Dondozo|spe|1\n|move|p1a: Infernape|Swords Dance|p1a: Infernape\n|-boost|p1a: Infernape|atk|2\n|\n|upkeep\n|turn|12\n|\n|t:|1700669335\n|-terastallize|p1a: Infernape|Grass\n|move|p1a: Infernape|Grass Knot|p2a: Dondozo\n|-supereffective|p2a: Dondozo\n|-damage|p2a: Dondozo|13\/100\n|-damage|p1a: Infernape|84\/100|[from] item: Rocky Helmet|[of] p2a: Dondozo\n|move|p2a: Dondozo|Waterfall|p1a: Infernape\n|-resisted|p1a: Infernape\n|-damage|p1a: Infernape|65\/100\n|\n|upkeep\n|turn|13\n|\n|t:|1700669351\n|switch|p2a: Toxapex|Toxapex, M|37\/100 par\n|-activate|p2a: Toxapex|move: Sticky Web\n|-unboost|p2a: Toxapex|spe|1\n|move|p1a: Infernape|Grass Knot|p2a: Toxapex\n|-damage|p2a: Toxapex|29\/100 par\n|\n|upkeep\n|turn|14\n|\n|t:|1700669356\n|move|p1a: Infernape|Fire Punch|p2a: Toxapex\n|-resisted|p2a: Toxapex\n|-damage|p2a: Toxapex|0 fnt\n|faint|p2a: Toxapex\n|\n|upkeep\n|\n|t:|1700669358\n|switch|p2a: Iron Valiant|Iron Valiant|100\/100\n|-activate|p2a: Iron Valiant|move: Sticky Web\n|-unboost|p2a: Iron Valiant|spe|1\n|-enditem|p2a: Iron Valiant|Booster Energy\n|-activate|p2a: Iron Valiant|ability: Quark Drive|[fromitem]\n|-start|p2a: Iron Valiant|quarkdrivespa\n|turn|15\n|\n|t:|1700669363\n|move|p1a: Infernape|Fire Punch|p2a: Iron Valiant\n|-damage|p2a: Iron Valiant|0 fnt\n|faint|p2a: Iron Valiant\n|-end|p2a: Iron Valiant|Quark Drive|[silent]\n|\n|upkeep\n|\n|t:|1700669365\n|switch|p2a: Kingambit|Kingambit, M|100\/100\n|-activate|p2a: Kingambit|move: Sticky Web\n|-unboost|p2a: Kingambit|spe|1\n|-activate|p2a: Kingambit|ability: Supreme Overlord\n|-start|p2a: Kingambit|fallen2|[silent]\n|turn|16\n|\n|t:|1700669368\n|move|p1a: Infernape|Mach Punch|p2a: Kingambit\n|-supereffective|p2a: Kingambit\n|-damage|p2a: Kingambit|0 fnt\n|faint|p2a: Kingambit\n|-end|p2a: Kingambit|fallen2|[silent]\n|\n|upkeep\n|\n|t:|1700669371\n|switch|p2a: Great Tusk|Great Tusk|100\/100\n|-activate|p2a: Great Tusk|move: Sticky Web\n|-unboost|p2a: Great Tusk|spe|1\n|turn|17\n|\n|t:|1700669373\n|-terastallize|p2a: Great Tusk|Grass\n|move|p1a: Infernape|Fire Punch|p2a: Great Tusk\n|-supereffective|p2a: Great Tusk\n|-damage|p2a: Great Tusk|0 fnt\n|faint|p2a: Great Tusk\n|-end|p2a: Great Tusk|Protosynthesis|[silent]\n|\n|upkeep\n|-message|jw0311 forfeited.\n|\n|win|RggV\n|raw|RggV's rating: 1694 &rarr; <strong>1721<\/strong><br \/>(+27 for winning)\n|raw|jw0311's rating: 1828 &rarr; <strong>1801<\/strong><br \/>(-27 for losing)\n|l|\u2606jw0311\n","uploadtime":1700669389,"views":5,"p1id":"rggv","p2id":"jw0311","formatid":"gen9ou","rating":1721,"private":0,"password":""}