{"id":"gen9ou-1999665507","p1":"bgshbxciv","p2":"looooaicici","format":"[Gen 9] OU","log":"|j|\u2606bgshbxciv\n|j|\u2606looooaicici\n|t:|1701105935\n|gametype|singles\n|player|p1|bgshbxciv|101|1081\n|player|p2|looooaicici|dragontamer|1162\n|teamsize|p1|6\n|teamsize|p2|6\n|gen|9\n|tier|[Gen 9] OU\n|rated|\n|rule|Sleep Clause Mod: Limit one foe put to sleep\n|rule|Species Clause: Limit one of each Pok\u00e9mon\n|rule|OHKO Clause: OHKO moves are banned\n|rule|Evasion Items Clause: Evasion items are banned\n|rule|Evasion Moves Clause: Evasion moves are banned\n|rule|Endless Battle Clause: Forcing endless battles is banned\n|rule|HP Percentage Mod: HP is shown in percentages\n|clearpoke\n|poke|p1|Ting-Lu|\n|poke|p1|Great Tusk|\n|poke|p1|Toxapex, M|\n|poke|p1|Gholdengo|\n|poke|p1|Rotom-Wash|\n|poke|p1|Dragonite, M|\n|poke|p2|Iron Jugulis|\n|poke|p2|Ogerpon-Wellspring, F|\n|poke|p2|Tinkaton, F|\n|poke|p2|Iron Moth|\n|poke|p2|Great Tusk|\n|poke|p2|Dragapult, F|\n|teampreview\n|\n|t:|1701105941\n|start\n|switch|p1a: Rotom|Rotom-Wash|100\/100\n|switch|p2a: Ogerpon|Ogerpon-Wellspring, F|100\/100\n|turn|1\n|\n|t:|1701105949\n|move|p1a: Rotom|Trick||[still]\n|-fail|p1a: Rotom\n|move|p2a: Ogerpon|Spikes|p1a: Rotom\n|-sidestart|p1: bgshbxciv|Spikes\n|\n|upkeep\n|turn|2\n|\n|t:|1701105958\n|switch|p1a: Toxapex|Toxapex, M|100\/100\n|-damage|p1a: Toxapex|88\/100|[from] Spikes\n|move|p2a: Ogerpon|Ivy Cudgel|p1a: Toxapex|[anim] Ivy Cudgel Water\n|-resisted|p1a: Toxapex\n|-damage|p1a: Toxapex|70\/100\n|\n|upkeep\n|turn|3\n|\n|t:|1701105965\n|move|p2a: Ogerpon|U-turn|p1a: Toxapex\n|-resisted|p1a: Toxapex\n|-damage|p1a: Toxapex|61\/100\n|-damage|p2a: Ogerpon|84\/100|[from] item: Rocky Helmet|[of] p1a: Toxapex\n|\n|t:|1701105971\n|switch|p2a: Dragapult|Dragapult, F|100\/100|[from] U-turn\n|move|p1a: Toxapex|Toxic|p2a: Dragapult\n|-status|p2a: Dragapult|tox\n|\n|-damage|p2a: Dragapult|95\/100 tox|[from] psn\n|upkeep\n|turn|4\n|\n|t:|1701105985\n|switch|p1a: Ting-Lu|Ting-Lu|100\/100\n|-damage|p1a: Ting-Lu|88\/100|[from] Spikes\n|-ability|p1a: Ting-Lu|Vessel of Ruin\n|move|p2a: Dragapult|U-turn|p1a: Ting-Lu\n|-supereffective|p1a: Ting-Lu\n|-damage|p1a: Ting-Lu|74\/100\n|\n|t:|1701105991\n|switch|p2a: Ogerpon|Ogerpon-Wellspring, F|84\/100|[from] U-turn\n|\n|-heal|p1a: Ting-Lu|80\/100|[from] item: Leftovers\n|upkeep\n|turn|5\n|\n|t:|1701105997\n|switch|p1a: Toxapex|Toxapex, M|95\/100\n|-damage|p1a: Toxapex|82\/100|[from] Spikes\n|move|p2a: Ogerpon|Spikes|p1a: Toxapex\n|-sidestart|p1: bgshbxciv|Spikes\n|\n|upkeep\n|turn|6\n|\n|t:|1701106013\n|switch|p2a: Iron Moth|Iron Moth|100\/100\n|-enditem|p2a: Iron Moth|Booster Energy\n|-activate|p2a: Iron Moth|ability: Quark Drive|[fromitem]\n|-start|p2a: Iron Moth|quarkdrivespe\n|move|p1a: Toxapex|Toxic Spikes|p2a: Iron Moth\n|-sidestart|p2: looooaicici|move: Toxic Spikes\n|\n|upkeep\n|turn|7\n|\n|t:|1701106021\n|move|p2a: Iron Moth|Fiery Dance|p1a: Toxapex\n|-resisted|p1a: Toxapex\n|-damage|p1a: Toxapex|65\/100\n|move|p1a: Toxapex|Surf|p2a: Iron Moth\n|-supereffective|p2a: Iron Moth\n|-damage|p2a: Iron Moth|57\/100\n|\n|upkeep\n|turn|8\n|\n|t:|1701106028\n|move|p2a: Iron Moth|Psychic|p1a: Toxapex\n|-supereffective|p1a: Toxapex\n|-damage|p1a: Toxapex|17\/100\n|move|p1a: Toxapex|Surf|p2a: Iron Moth\n|-supereffective|p2a: Iron Moth\n|-damage|p2a: Iron Moth|13\/100\n|\n|upkeep\n|turn|9\n|\n|t:|1701106042\n|switch|p1a: Ting-Lu|Ting-Lu|80\/100\n|-damage|p1a: Ting-Lu|63\/100|[from] Spikes\n|-ability|p1a: Ting-Lu|Vessel of Ruin\n|move|p2a: Iron Moth|Sludge Wave|p1a: Ting-Lu\n|-resisted|p1a: Ting-Lu\n|-damage|p1a: Ting-Lu|48\/100\n|\n|-heal|p1a: Ting-Lu|54\/100|[from] item: Leftovers\n|upkeep\n|turn|10\n|\n|t:|1701106054\n|-end|p2a: Iron Moth|Quark Drive|[silent]\n|switch|p2a: Dragapult|Dragapult, F|95\/100 tox\n|move|p1a: Ting-Lu|Earthquake|p2a: Dragapult\n|-damage|p2a: Dragapult|40\/100 tox\n|\n|-heal|p1a: Ting-Lu|61\/100|[from] item: Leftovers\n|-damage|p2a: Dragapult|34\/100 tox|[from] psn\n|upkeep\n|turn|11\n|\n|t:|1701106063\n|move|p2a: Dragapult|Shadow Ball|p1a: Ting-Lu\n|-resisted|p1a: Ting-Lu\n|-damage|p1a: Ting-Lu|44\/100\n|-unboost|p1a: Ting-Lu|spd|1\n|move|p1a: Ting-Lu|Spikes|p2a: Dragapult\n|-sidestart|p2: looooaicici|Spikes\n|\n|-heal|p1a: Ting-Lu|50\/100|[from] item: Leftovers\n|-damage|p2a: Dragapult|22\/100 tox|[from] psn\n|upkeep\n|turn|12\n|\n|t:|1701106081\n|-terastallize|p2a: Dragapult|Ghost\n|move|p2a: Dragapult|Shadow Ball|p1a: Ting-Lu\n|-resisted|p1a: Ting-Lu\n|-damage|p1a: Ting-Lu|20\/100\n|move|p1a: Ting-Lu|Spikes|p2a: Dragapult\n|-sidestart|p2: looooaicici|Spikes\n|\n|-heal|p1a: Ting-Lu|27\/100|[from] item: Leftovers\n|-damage|p2a: Dragapult|4\/100 tox|[from] psn\n|upkeep\n|turn|13\n|\n|t:|1701106091\n|move|p2a: Dragapult|Shadow Ball|p1a: Ting-Lu\n|-resisted|p1a: Ting-Lu\n|-damage|p1a: Ting-Lu|0 fnt\n|faint|p1a: Ting-Lu\n|\n|-damage|p2a: Dragapult|0 fnt|[from] psn\n|faint|p2a: Dragapult\n|upkeep\n|\n|t:|1701106099\n|switch|p2a: Iron Moth|Iron Moth|13\/100\n|switch|p1a: Great Tusk|Great Tusk|100\/100\n|-sideend|p2: looooaicici|move: Toxic Spikes|[of] p2a: Iron Moth\n|-damage|p2a: Iron Moth|0 fnt|[from] Spikes\n|faint|p2a: Iron Moth\n|-end|p2a: Iron Moth|Quark Drive|[silent]\n|-damage|p1a: Great Tusk|84\/100|[from] Spikes\n|\n|t:|1701106104\n|switch|p2a: Great Tusk|Great Tusk|100\/100\n|-damage|p2a: Great Tusk|84\/100|[from] Spikes\n|-enditem|p2a: Great Tusk|Booster Energy\n|-activate|p2a: Great Tusk|ability: Protosynthesis|[fromitem]\n|-start|p2a: Great Tusk|protosynthesisspe\n|turn|14\n|\n|t:|1701106115\n|-end|p1a: Great Tusk|Protosynthesis|[silent]\n|switch|p1a: Gholdengo|Gholdengo|100\/100\n|-damage|p1a: Gholdengo|84\/100|[from] Spikes\n|move|p2a: Great Tusk|Bulk Up|p2a: Great Tusk\n|-boost|p2a: Great Tusk|atk|1\n|-boost|p2a: Great Tusk|def|1\n|\n|upkeep\n|turn|15\n|\n|t:|1701106123\n|move|p2a: Great Tusk|Headlong Rush|p1a: Gholdengo\n|-supereffective|p1a: Gholdengo\n|-damage|p1a: Gholdengo|0 fnt\n|-unboost|p2a: Great Tusk|def|1\n|-unboost|p2a: Great Tusk|spd|1\n|faint|p1a: Gholdengo\n|\n|upkeep\n|\n|t:|1701106130\n|switch|p1a: Rotom|Rotom-Wash|100\/100\n|turn|16\n|\n|t:|1701106135\n|move|p2a: Great Tusk|Rapid Spin|p1a: Rotom\n|-damage|p1a: Rotom|72\/100\n|-boost|p2a: Great Tusk|spe|1\n|-sideend|p2: looooaicici|Spikes|[from] move: Rapid Spin|[of] p2a: Great Tusk\n|move|p1a: Rotom|Hydro Pump|p2a: Great Tusk\n|-supereffective|p2a: Great Tusk\n|-damage|p2a: Great Tusk|0 fnt\n|faint|p2a: Great Tusk\n|-end|p2a: Great Tusk|Protosynthesis|[silent]\n|\n|upkeep\n|\n|t:|1701106141\n|switch|p2a: Ogerpon|Ogerpon-Wellspring, F|84\/100\n|turn|17\n|\n|t:|1701106147\n|switch|p1a: Toxapex|Toxapex, M|50\/100\n|-damage|p1a: Toxapex|34\/100|[from] Spikes\n|move|p2a: Ogerpon|Horn Leech|p1a: Toxapex\n|-damage|p1a: Toxapex|7\/100\n|-heal|p2a: Ogerpon|98\/100|[from] drain|[of] p1a: Toxapex\n|-damage|p2a: Ogerpon|81\/100|[from] item: Rocky Helmet|[of] p1a: Toxapex\n|\n|upkeep\n|turn|18\n|\n|t:|1701106159\n|move|p2a: Ogerpon|Ivy Cudgel|p1a: Toxapex|[anim] Ivy Cudgel Water\n|-resisted|p1a: Toxapex\n|-damage|p1a: Toxapex|0 fnt\n|faint|p1a: Toxapex\n|\n|upkeep\n|\n|t:|1701106168\n|switch|p1a: Rotom|Rotom-Wash|72\/100\n|turn|19\n|\n|t:|1701106173\n|move|p1a: Rotom|Will-O-Wisp|p2a: Ogerpon\n|-status|p2a: Ogerpon|brn\n|move|p2a: Ogerpon|Horn Leech|p1a: Rotom\n|-supereffective|p1a: Rotom\n|-damage|p1a: Rotom|8\/100\n|-heal|p2a: Ogerpon|100\/100 brn|[from] drain|[of] p1a: Rotom\n|\n|-damage|p2a: Ogerpon|95\/100 brn|[from] brn\n|upkeep\n|turn|20\n|\n|t:|1701106183\n|switch|p1a: Dragonite|Dragonite, M|100\/100\n|move|p2a: Ogerpon|U-turn|p1a: Dragonite\n|-resisted|p1a: Dragonite\n|-damage|p1a: Dragonite|97\/100\n|\n|t:|1701106188\n|switch|p2a: TWINKATON|Tinkaton, F|100\/100|[from] U-turn\n|-item|p2a: TWINKATON|Air Balloon\n|\n|upkeep\n|turn|21\n|\n|t:|1701106197\n|-terastallize|p1a: Dragonite|Ice\n|move|p2a: TWINKATON|Thunder Wave|p1a: Dragonite\n|-status|p1a: Dragonite|par\n|move|p1a: Dragonite|Dragon Dance|p1a: Dragonite\n|-boost|p1a: Dragonite|atk|1\n|-boost|p1a: Dragonite|spe|1\n|\n|upkeep\n|turn|22\n|\n|t:|1701106204\n|move|p2a: TWINKATON|Encore|p1a: Dragonite\n|-start|p1a: Dragonite|Encore\n|cant|p1a: Dragonite|par\n|\n|upkeep\n|turn|23\n|\n|t:|1701106211\n|switch|p2a: Iron Jugulis|Iron Jugulis|100\/100\n|-enditem|p2a: Iron Jugulis|Booster Energy\n|-activate|p2a: Iron Jugulis|ability: Quark Drive|[fromitem]\n|-start|p2a: Iron Jugulis|quarkdrivespe\n|switch|p1a: Great Tusk|Great Tusk|84\/100\n|-damage|p1a: Great Tusk|68\/100|[from] Spikes\n|\n|-heal|p1a: Great Tusk|74\/100|[from] item: Leftovers\n|upkeep\n|turn|24\n|\n|t:|1701106222\n|move|p2a: Iron Jugulis|Hurricane|p1a: Great Tusk|[miss]\n|-miss|p2a: Iron Jugulis|p1a: Great Tusk\n|move|p1a: Great Tusk|Rapid Spin|p2a: Iron Jugulis\n|-damage|p2a: Iron Jugulis|79\/100\n|-boost|p1a: Great Tusk|spe|1\n|-sideend|p1: bgshbxciv|Spikes|[from] move: Rapid Spin|[of] p1a: Great Tusk\n|\n|-heal|p1a: Great Tusk|80\/100|[from] item: Leftovers\n|upkeep\n|turn|25\n|\n|t:|1701106232\n|move|p2a: Iron Jugulis|Hurricane|p1a: Great Tusk\n|-supereffective|p1a: Great Tusk\n|-damage|p1a: Great Tusk|0 fnt\n|faint|p1a: Great Tusk\n|-end|p1a: Great Tusk|Protosynthesis|[silent]\n|\n|upkeep\n|\n|t:|1701106238\n|switch|p1a: Rotom|Rotom-Wash|8\/100\n|turn|26\n|\n|t:|1701106242\n|move|p2a: Iron Jugulis|Knock Off|p1a: Rotom\n|-damage|p1a: Rotom|0 fnt\n|-enditem|p1a: Rotom|Choice Scarf|[from] move: Knock Off|[of] p2a: Iron Jugulis\n|faint|p1a: Rotom\n|\n|upkeep\n|\n|t:|1701106250\n|switch|p1a: Dragonite|Dragonite, M, tera:Ice|97\/100 par\n|turn|27\n|\n|t:|1701106256\n|move|p2a: Iron Jugulis|Taunt|p1a: Dragonite\n|-start|p1a: Dragonite|move: Taunt\n|cant|p1a: Dragonite|par\n|\n|upkeep\n|turn|28\n|\n|t:|1701106260\n|move|p2a: Iron Jugulis|Hurricane|p1a: Dragonite|[miss]\n|-miss|p2a: Iron Jugulis|p1a: Dragonite\n|cant|p1a: Dragonite|par\n|\n|upkeep\n|turn|29\n|\n|t:|1701106266\n|move|p2a: Iron Jugulis|Hurricane|p1a: Dragonite\n|-damage|p1a: Dragonite|42\/100 par\n|move|p1a: Dragonite|Ice Punch|p2a: Iron Jugulis\n|-supereffective|p2a: Iron Jugulis\n|-damage|p2a: Iron Jugulis|0 fnt\n|faint|p2a: Iron Jugulis\n|-end|p2a: Iron Jugulis|Quark Drive|[silent]\n|-damage|p1a: Dragonite|32\/100 par|[from] item: Life Orb\n|\n|-end|p1a: Dragonite|move: Taunt\n|upkeep\n|\n|t:|1701106273\n|switch|p2a: TWINKATON|Tinkaton, F|100\/100\n|-item|p2a: TWINKATON|Air Balloon\n|turn|30\n|\n|t:|1701106279\n|cant|p1a: Dragonite|par\n|move|p2a: TWINKATON|Play Rough|p1a: Dragonite\n|-damage|p1a: Dragonite|4\/100 par\n|\n|upkeep\n|turn|31\n|\n|t:|1701106284\n|cant|p1a: Dragonite|par\n|move|p2a: TWINKATON|Play Rough|p1a: Dragonite\n|-damage|p1a: Dragonite|0 fnt\n|faint|p1a: Dragonite\n|\n|win|looooaicici\n|raw|bgshbxciv's rating: 1081 &rarr; <strong>1064<\/strong><br \/>(-17 for losing)\n|raw|looooaicici's rating: 1162 &rarr; <strong>1181<\/strong><br \/>(+19 for winning)\n","uploadtime":1701106287,"views":5,"p1id":"bgshbxciv","p2id":"looooaicici","formatid":"gen9ou","rating":1064,"private":0,"password":""}