{"id":"gen9ou-1991250384","p1":"dateukrainians.ua","p2":"dddddqweasdaqq","format":"[Gen 9] OU","log":"|j|\u2606dateukrainians.ua\n|j|\u2606dddddqweasdaqq\n|t:|1700061272\n|gametype|singles\n|player|p1|dateukrainians.ua|1|1035\n|player|p2|dddddqweasdaqq|gentleman|1000\n|teamsize|p1|6\n|teamsize|p2|6\n|gen|9\n|tier|[Gen 9] OU\n|rated|\n|rule|Sleep Clause Mod: Limit one foe put to sleep\n|rule|Species Clause: Limit one of each Pok\u00e9mon\n|rule|OHKO Clause: OHKO moves are banned\n|rule|Evasion Items Clause: Evasion items are banned\n|rule|Evasion Moves Clause: Evasion moves are banned\n|rule|Endless Battle Clause: Forcing endless battles is banned\n|rule|HP Percentage Mod: HP is shown in percentages\n|clearpoke\n|poke|p1|Gholdengo|\n|poke|p1|Electrode-Hisui|\n|poke|p1|Armarouge, F|\n|poke|p1|Tinkaton, F|\n|poke|p1|Dragapult, F|\n|poke|p1|Garchomp, F|\n|poke|p2|Zapdos|\n|poke|p2|Slowking-Galar, F|\n|poke|p2|Perrserker, F|\n|poke|p2|Great Tusk|\n|poke|p2|Crawdaunt, F|\n|poke|p2|Mandibuzz, F|\n|teampreview\n|\n|t:|1700061285\n|start\n|switch|p1a: Garchomp|Garchomp, F|100\/100\n|switch|p2a: Slowking|Slowking-Galar, F|100\/100\n|turn|1\n|\n|t:|1700061292\n|move|p1a: Garchomp|Stealth Rock|p2a: Slowking\n|-sidestart|p2: dddddqweasdaqq|move: Stealth Rock\n|move|p2a: Slowking|Ice Beam|p1a: Garchomp\n|-supereffective|p1a: Garchomp\n|-damage|p1a: Garchomp|16\/100\n|\n|-heal|p1a: Garchomp|22\/100|[from] item: Leftovers\n|upkeep\n|turn|2\n|\n|t:|1700061300\n|switch|p2a: Mandibuzz|Mandibuzz, F|100\/100\n|move|p1a: Garchomp|Dragon Tail|p2a: Mandibuzz\n|-damage|p2a: Mandibuzz|86\/100\n|drag|p2a: Great Tusk|Great Tusk, shiny|100\/100\n|-damage|p2a: Great Tusk|98\/100|[from] Stealth Rock\n|\n|-heal|p1a: Garchomp|28\/100|[from] item: Leftovers\n|-heal|p2a: Great Tusk|100\/100|[from] item: Leftovers\n|upkeep\n|turn|3\n|\n|t:|1700061312\n|move|p2a: Great Tusk|Stealth Rock|p1a: Garchomp\n|-sidestart|p1: dateukrainians.ua|move: Stealth Rock\n|move|p1a: Garchomp|Dragon Tail|p2a: Great Tusk\n|-damage|p2a: Great Tusk|89\/100\n|-end|p2a: Great Tusk|Protosynthesis|[silent]\n|drag|p2a: Slowking|Slowking-Galar, F|100\/100\n|\n|-heal|p1a: Garchomp|34\/100|[from] item: Leftovers\n|upkeep\n|turn|4\n|\n|t:|1700061320\n|switch|p2a: Mandibuzz|Mandibuzz, F|86\/100\n|move|p1a: Garchomp|Spikes|p2a: Mandibuzz\n|-sidestart|p2: dddddqweasdaqq|Spikes\n|\n|-heal|p1a: Garchomp|40\/100|[from] item: Leftovers\n|upkeep\n|turn|5\n|\n|t:|1700061331\n|move|p2a: Mandibuzz|Foul Play|p1a: Garchomp\n|-damage|p1a: Garchomp|4\/100\n|-damage|p2a: Mandibuzz|73\/100|[from] ability: Rough Skin|[of] p1a: Garchomp\n|move|p1a: Garchomp|Dragon Tail|p2a: Mandibuzz\n|-damage|p2a: Mandibuzz|59\/100\n|drag|p2a: Perrserker|Perrserker, F|100\/100\n|-damage|p2a: Perrserker|94\/100|[from] Stealth Rock\n|-damage|p2a: Perrserker|82\/100|[from] Spikes\n|\n|-heal|p1a: Garchomp|10\/100|[from] item: Leftovers\n|upkeep\n|turn|6\n|\n|t:|1700061345\n|switch|p2a: Great Tusk|Great Tusk, shiny|89\/100\n|-damage|p2a: Great Tusk|86\/100|[from] Stealth Rock\n|-damage|p2a: Great Tusk|73\/100|[from] Spikes\n|move|p1a: Garchomp|Dragon Tail|p2a: Great Tusk\n|-damage|p2a: Great Tusk|60\/100\n|-end|p2a: Great Tusk|Protosynthesis|[silent]\n|drag|p2a: Crawdaunt|Crawdaunt, F|100\/100\n|-damage|p2a: Crawdaunt|88\/100|[from] Stealth Rock\n|-damage|p2a: Crawdaunt|76\/100|[from] Spikes\n|\n|-heal|p1a: Garchomp|16\/100|[from] item: Leftovers\n|upkeep\n|turn|7\n|\n|t:|1700061354\n|move|p2a: Crawdaunt|Aqua Jet|p1a: Garchomp\n|-damage|p1a: Garchomp|0 fnt\n|-damage|p2a: Crawdaunt|63\/100|[from] ability: Rough Skin|[of] p1a: Garchomp\n|faint|p1a: Garchomp\n|\n|upkeep\n|\n|t:|1700061361\n|switch|p1a: Electrode|Electrode-Hisui|100\/100\n|turn|8\n|\n|t:|1700061370\n|switch|p2a: Slowking|Slowking-Galar, F|100\/100\n|move|p1a: Electrode|Leaf Storm|p2a: Slowking|[miss]\n|-miss|p1a: Electrode|p2a: Slowking\n|\n|upkeep\n|turn|9\n|\n|t:|1700061391\n|move|p1a: Electrode|Volt Switch|p2a: Slowking\n|-damage|p2a: Slowking|81\/100\n|\n|t:|1700061395\n|switch|p1a: Tinkaton|Tinkaton, F|100\/100|[from] Volt Switch\n|-damage|p1a: Tinkaton|94\/100|[from] Stealth Rock\n|-ability|p1a: Tinkaton|Mold Breaker\n|move|p2a: Slowking|Chilly Reception|p2a: Slowking\n|-weather|Snow\n|\n|t:|1700061405\n|switch|p2a: Perrserker|Perrserker, F|82\/100|[from] Chilly Reception\n|-damage|p2a: Perrserker|76\/100|[from] Stealth Rock\n|-damage|p2a: Perrserker|64\/100|[from] Spikes\n|\n|-weather|Snow|[upkeep]\n|-heal|p1a: Tinkaton|100\/100|[from] item: Leftovers\n|upkeep\n|turn|10\n|\n|t:|1700061416\n|move|p1a: Tinkaton|Knock Off|p2a: Perrserker\n|-damage|p2a: Perrserker|46\/100\n|-enditem|p2a: Perrserker|Iron Ball|[from] move: Knock Off|[of] p1a: Tinkaton\n|move|p2a: Perrserker|Gyro Ball|p1a: Tinkaton\n|-damage|p1a: Tinkaton|52\/100\n|\n|-weather|Snow|[upkeep]\n|-heal|p1a: Tinkaton|59\/100|[from] item: Leftovers\n|upkeep\n|turn|11\n|\n|t:|1700061434\n|move|p1a: Tinkaton|Gigaton Hammer|p2a: Perrserker\n|-resisted|p2a: Perrserker\n|-damage|p2a: Perrserker|26\/100\n|move|p2a: Perrserker|Fling||[still]\n|-fail|p2a: Perrserker\n|\n|-weather|Snow|[upkeep]\n|-heal|p1a: Tinkaton|65\/100|[from] item: Leftovers\n|upkeep\n|turn|12\n|\n|t:|1700061449\n|move|p1a: Tinkaton|Knock Off|p2a: Perrserker\n|-damage|p2a: Perrserker|14\/100\n|move|p2a: Perrserker|Gyro Ball|p1a: Tinkaton\n|-damage|p1a: Tinkaton|19\/100\n|\n|-weather|Snow|[upkeep]\n|-heal|p1a: Tinkaton|26\/100|[from] item: Leftovers\n|upkeep\n|turn|13\n|\n|t:|1700061462\n|move|p1a: Tinkaton|Gigaton Hammer|p2a: Perrserker\n|-resisted|p2a: Perrserker\n|-damage|p2a: Perrserker|0 fnt\n|faint|p2a: Perrserker\n|\n|-weather|none\n|-heal|p1a: Tinkaton|32\/100|[from] item: Leftovers\n|upkeep\n|\n|t:|1700061475\n|switch|p2a: Zapdos|Zapdos|100\/100\n|turn|14\n|\n|t:|1700061489\n|switch|p1a: Dragapult|Dragapult, F|100\/100\n|-damage|p1a: Dragapult|88\/100|[from] Stealth Rock\n|move|p2a: Zapdos|Volt Switch|p1a: Dragapult\n|-resisted|p1a: Dragapult\n|-damage|p1a: Dragapult|72\/100\n|\n|t:|1700061494\n|switch|p2a: Mandibuzz|Mandibuzz, F|59\/100|[from] Volt Switch\n|\n|upkeep\n|turn|15\n|\n|t:|1700061518\n|-terastallize|p1a: Dragapult|Dragon\n|move|p1a: Dragapult|Dragon Darts|p2a: Mandibuzz\n|-damage|p2a: Mandibuzz|43\/100\n|-anim|p1a: Dragapult|Dragon Darts|p2a: Mandibuzz\n|-damage|p2a: Mandibuzz|27\/100\n|move|p2a: Mandibuzz|Roost|p2a: Mandibuzz\n|-heal|p2a: Mandibuzz|77\/100\n|-singleturn|p2a: Mandibuzz|move: Roost\n|\n|upkeep\n|turn|16\n|\n|t:|1700061534\n|move|p1a: Dragapult|Reflect|p1a: Dragapult\n|-sidestart|p1: dateukrainians.ua|Reflect\n|move|p2a: Mandibuzz|Defog|p1a: Dragapult\n|-unboost|p1a: Dragapult|evasion|1\n|-sideend|p1: dateukrainians.ua|Reflect\n|-sideend|p1: dateukrainians.ua|Stealth Rock|[from] move: Defog|[of] p2a: Mandibuzz\n|-sideend|p2: dddddqweasdaqq|Spikes|[from] move: Defog|[of] p2a: Mandibuzz\n|-sideend|p2: dddddqweasdaqq|Stealth Rock|[from] move: Defog|[of] p2a: Mandibuzz\n|\n|upkeep\n|turn|17\n|\n|t:|1700061538\n|move|p1a: Dragapult|Light Screen|p1a: Dragapult\n|-sidestart|p1: dateukrainians.ua|move: Light Screen\n|move|p2a: Mandibuzz|Foul Play|p1a: Dragapult\n|-damage|p1a: Dragapult|25\/100\n|\n|upkeep\n|turn|18\n|\n|t:|1700061545\n|move|p1a: Dragapult|Dragon Darts|p2a: Mandibuzz\n|-damage|p2a: Mandibuzz|60\/100\n|-anim|p1a: Dragapult|Dragon Darts|p2a: Mandibuzz\n|-damage|p2a: Mandibuzz|45\/100\n|move|p2a: Mandibuzz|Defog|p1a: Dragapult\n|-unboost|p1a: Dragapult|evasion|1\n|-sideend|p1: dateukrainians.ua|move: Light Screen\n|\n|upkeep\n|turn|19\n|\n|t:|1700061549\n|move|p1a: Dragapult|Dragon Darts|p2a: Mandibuzz\n|-damage|p2a: Mandibuzz|29\/100\n|-anim|p1a: Dragapult|Dragon Darts|p2a: Mandibuzz\n|-damage|p2a: Mandibuzz|13\/100\n|move|p2a: Mandibuzz|Roost|p2a: Mandibuzz\n|-heal|p2a: Mandibuzz|63\/100\n|-singleturn|p2a: Mandibuzz|move: Roost\n|\n|upkeep\n|turn|20\n|\n|t:|1700061556\n|switch|p1a: Electrode|Electrode-Hisui|100\/100\n|move|p2a: Mandibuzz|Roost|p2a: Mandibuzz\n|-heal|p2a: Mandibuzz|100\/100\n|-singleturn|p2a: Mandibuzz|move: Roost\n|\n|upkeep\n|turn|21\n|\n|t:|1700061564\n|switch|p2a: Slowking|Slowking-Galar, F|100\/100\n|move|p1a: Electrode|Leaf Storm|p2a: Slowking\n|-resisted|p2a: Slowking\n|-damage|p2a: Slowking|82\/100\n|-unboost|p1a: Electrode|spa|2\n|\n|upkeep\n|turn|22\n|\n|t:|1700061574\n|move|p1a: Electrode|Volt Switch|p2a: Slowking\n|-damage|p2a: Slowking|73\/100\n|\n|t:|1700061578\n|switch|p1a: Gholdengo|Gholdengo|100\/100|[from] Volt Switch\n|move|p2a: Slowking|Trick Room|p2a: Slowking\n|-fieldstart|move: Trick Room|[of] p2a: Slowking\n|\n|upkeep\n|turn|23\n|\n|t:|1700061589\n|-terastallize|p2a: Slowking|Water\n|move|p2a: Slowking|Chilly Reception|p2a: Slowking\n|-weather|Snow\n|\n|t:|1700061596\n|switch|p2a: Great Tusk|Great Tusk, shiny|60\/100|[from] Chilly Reception\n|move|p1a: Gholdengo|Make It Rain|p2a: Great Tusk\n|-damage|p2a: Great Tusk|0 fnt\n|-unboost|p1a: Gholdengo|spa|1\n|faint|p2a: Great Tusk\n|-end|p2a: Great Tusk|Protosynthesis|[silent]\n|\n|-weather|Snow|[upkeep]\n|upkeep\n|\n|t:|1700061601\n|switch|p2a: Crawdaunt|Crawdaunt, F|63\/100\n|turn|24\n|\n|t:|1700061612\n|move|p2a: Crawdaunt|Knock Off|p1a: Gholdengo\n|-supereffective|p1a: Gholdengo\n|-damage|p1a: Gholdengo|0 fnt\n|-enditem|p1a: Gholdengo|Heavy-Duty Boots|[from] move: Knock Off|[of] p2a: Crawdaunt\n|faint|p1a: Gholdengo\n|\n|-weather|Snow|[upkeep]\n|upkeep\n|\n|t:|1700061616\n|switch|p1a: Electrode|Electrode-Hisui|100\/100\n|turn|25\n|\n|t:|1700061619\n|move|p2a: Crawdaunt|Knock Off|p1a: Electrode\n|-crit|p1a: Electrode\n|-damage|p1a: Electrode|0 fnt\n|-enditem|p1a: Electrode|Heavy-Duty Boots|[from] move: Knock Off|[of] p2a: Crawdaunt\n|faint|p1a: Electrode\n|\n|-weather|Snow|[upkeep]\n|upkeep\n|\n|t:|1700061625\n|switch|p1a: Dragapult|Dragapult, F, tera:Dragon|25\/100\n|turn|26\n|\n|t:|1700061628\n|move|p2a: Crawdaunt|Knock Off|p1a: Dragapult\n|-crit|p1a: Dragapult\n|-damage|p1a: Dragapult|0 fnt\n|-enditem|p1a: Dragapult|Light Clay|[from] move: Knock Off|[of] p2a: Crawdaunt\n|faint|p1a: Dragapult\n|\n|-weather|Snow|[upkeep]\n|-fieldend|move: Trick Room\n|upkeep\n|\n|t:|1700061630\n|switch|p1a: Armarouge|Armarouge, F|100\/100\n|turn|27\n|\n|t:|1700061643\n|move|p1a: Armarouge|Energy Ball|p2a: Crawdaunt\n|-supereffective|p2a: Crawdaunt\n|-damage|p2a: Crawdaunt|0 fnt\n|faint|p2a: Crawdaunt\n|\n|-weather|none\n|upkeep\n|\n|t:|1700061648\n|switch|p2a: Mandibuzz|Mandibuzz, F|100\/100\n|turn|28\n|\n|t:|1700061660\n|move|p1a: Armarouge|Psyshock|p2a: Mandibuzz\n|-immune|p2a: Mandibuzz\n|move|p2a: Mandibuzz|Foul Play|p1a: Armarouge\n|-supereffective|p1a: Armarouge\n|-damage|p1a: Armarouge|63\/100\n|-ability|p1a: Armarouge|Weak Armor|boost\n|-unboost|p1a: Armarouge|def|1\n|-boost|p1a: Armarouge|spe|2\n|\n|upkeep\n|turn|29\n|\n|t:|1700061669\n|move|p1a: Armarouge|Energy Ball|p2a: Mandibuzz\n|-resisted|p2a: Mandibuzz\n|-damage|p2a: Mandibuzz|87\/100\n|move|p2a: Mandibuzz|Foul Play|p1a: Armarouge\n|-supereffective|p1a: Armarouge\n|-damage|p1a: Armarouge|13\/100\n|-ability|p1a: Armarouge|Weak Armor|boost\n|-unboost|p1a: Armarouge|def|1\n|-boost|p1a: Armarouge|spe|2\n|\n|upkeep\n|turn|30\n|\n|t:|1700061674\n|move|p1a: Armarouge|Armor Cannon|p2a: Mandibuzz\n|-damage|p2a: Mandibuzz|35\/100\n|-unboost|p1a: Armarouge|def|1\n|-unboost|p1a: Armarouge|spd|1\n|move|p2a: Mandibuzz|Foul Play|p1a: Armarouge\n|-supereffective|p1a: Armarouge\n|-damage|p1a: Armarouge|0 fnt\n|faint|p1a: Armarouge\n|\n|upkeep\n|\n|t:|1700061678\n|switch|p1a: Tinkaton|Tinkaton, F|32\/100\n|-ability|p1a: Tinkaton|Mold Breaker\n|turn|31\n|\n|t:|1700061682\n|move|p1a: Tinkaton|Knock Off|p2a: Mandibuzz\n|-resisted|p2a: Mandibuzz\n|-damage|p2a: Mandibuzz|31\/100\n|-enditem|p2a: Mandibuzz|Heavy-Duty Boots|[from] move: Knock Off|[of] p1a: Tinkaton\n|move|p2a: Mandibuzz|Roost|p2a: Mandibuzz\n|-heal|p2a: Mandibuzz|81\/100\n|-singleturn|p2a: Mandibuzz|move: Roost\n|\n|-heal|p1a: Tinkaton|38\/100|[from] item: Leftovers\n|upkeep\n|turn|32\n|\n|t:|1700061686\n|move|p1a: Tinkaton|Gigaton Hammer|p2a: Mandibuzz\n|-damage|p2a: Mandibuzz|57\/100\n|move|p2a: Mandibuzz|Foul Play|p1a: Tinkaton\n|-resisted|p1a: Tinkaton\n|-damage|p1a: Tinkaton|25\/100\n|\n|-heal|p1a: Tinkaton|31\/100|[from] item: Leftovers\n|upkeep\n|turn|33\n|\n|t:|1700061690\n|move|p1a: Tinkaton|Encore|p2a: Mandibuzz\n|-start|p2a: Mandibuzz|Encore\n|move|p2a: Mandibuzz|Foul Play|p1a: Tinkaton\n|-resisted|p1a: Tinkaton\n|-damage|p1a: Tinkaton|18\/100\n|\n|-heal|p1a: Tinkaton|24\/100|[from] item: Leftovers\n|upkeep\n|turn|34\n|\n|t:|1700061696\n|move|p1a: Tinkaton|Gigaton Hammer|p2a: Mandibuzz\n|-damage|p2a: Mandibuzz|31\/100\n|move|p2a: Mandibuzz|Foul Play|p1a: Tinkaton\n|-resisted|p1a: Tinkaton\n|-damage|p1a: Tinkaton|11\/100\n|\n|-heal|p1a: Tinkaton|17\/100|[from] item: Leftovers\n|upkeep\n|turn|35\n|\n|t:|1700061699\n|move|p1a: Tinkaton|Knock Off|p2a: Mandibuzz\n|-resisted|p2a: Mandibuzz\n|-damage|p2a: Mandibuzz|28\/100\n|move|p2a: Mandibuzz|Foul Play|p1a: Tinkaton\n|-resisted|p1a: Tinkaton\n|-damage|p1a: Tinkaton|3\/100\n|\n|-heal|p1a: Tinkaton|9\/100|[from] item: Leftovers\n|-end|p2a: Mandibuzz|Encore\n|upkeep\n|turn|36\n|\n|t:|1700061702\n|move|p1a: Tinkaton|Gigaton Hammer|p2a: Mandibuzz\n|-damage|p2a: Mandibuzz|4\/100\n|move|p2a: Mandibuzz|Foul Play|p1a: Tinkaton\n|-resisted|p1a: Tinkaton\n|-damage|p1a: Tinkaton|0 fnt\n|faint|p1a: Tinkaton\n|\n|win|dddddqweasdaqq\n|raw|dateukrainians.ua's rating: 1035 &rarr; <strong>1018<\/strong><br \/>(-17 for losing)\n|raw|dddddqweasdaqq's rating: 1000 &rarr; <strong>1044<\/strong><br \/>(+44 for winning)\n|l|\u2606dateukrainians.ua\n","uploadtime":1700061706,"views":6,"p1id":"dateukrainiansua","p2id":"dddddqweasdaqq","formatid":"gen9ou","rating":1018,"private":0,"password":""}