{"id":"gen9ou-1992413106","p1":"randombattlzladder","p2":"Gutoso","format":"[Gen 9] OU","log":"|j|\u2606randombattlzladder\n|j|\u2606Gutoso\n|t:|1700184648\n|gametype|singles\n|player|p1|randombattlzladder|psychic-gen4|1423\n|player|p2|Gutoso|blue-gen3two|1390\n|teamsize|p1|6\n|teamsize|p2|6\n|gen|9\n|tier|[Gen 9] OU\n|rated|\n|rule|Sleep Clause Mod: Limit one foe put to sleep\n|rule|Species Clause: Limit one of each Pok\u00e9mon\n|rule|OHKO Clause: OHKO moves are banned\n|rule|Evasion Items Clause: Evasion items are banned\n|rule|Evasion Moves Clause: Evasion moves are banned\n|rule|Endless Battle Clause: Forcing endless battles is banned\n|rule|HP Percentage Mod: HP is shown in percentages\n|clearpoke\n|poke|p1|Dragapult, F|\n|poke|p1|Breloom, M|\n|poke|p1|Staraptor, F|\n|poke|p1|Pawmot, F|\n|poke|p1|Iron Valiant|\n|poke|p1|Greninja-*, M|\n|poke|p2|Jirachi|\n|poke|p2|Thundurus-Therian, M|\n|poke|p2|Weavile, F|\n|poke|p2|Salazzle, F|\n|poke|p2|Dragonite, M|\n|poke|p2|Hatterene, F|\n|teampreview\n|\n|t:|1700184663\n|start\n|switch|p1a: Dragapult|Dragapult, F|100\/100\n|switch|p2a: Thundurus|Thundurus-Therian, M|100\/100\n|turn|1\n|\n|t:|1700184672\n|move|p1a: Dragapult|Dragon Darts|p2a: Thundurus\n|-damage|p2a: Thundurus|37\/100\n|-anim|p1a: Dragapult|Dragon Darts|p2a: Thundurus\n|-damage|p2a: Thundurus|0 fnt\n|faint|p2a: Thundurus\n|\n|upkeep\n|\n|t:|1700184675\n|switch|p2a: Weavile|Weavile, F|100\/100\n|turn|2\n|l|\u2606randombattlzladder\n|player|p1|\n|inactive|Battle timer is ON: inactive players will automatically lose when time's up. (requested by Gutoso)\n|j|\u2606randombattlzladder\n|inactive|randombattlzladder reconnected and has 150 seconds left.\n|player|p1|randombattlzladder|psychic-gen4\n|\n|t:|1700184692\n|switch|p1a: Greninja|Greninja, M|100\/100\n|move|p2a: Weavile|Knock Off|p1a: Greninja\n|-resisted|p1a: Greninja\n|-damage|p1a: Greninja|60\/100\n|-enditem|p1a: Greninja|Choice Specs|[from] move: Knock Off|[of] p2a: Weavile\n|\n|upkeep\n|turn|3\n|\n|t:|1700184697\n|move|p2a: Weavile|Brick Break|p1a: Greninja\n|-supereffective|p1a: Greninja\n|-damage|p1a: Greninja|0 fnt\n|faint|p1a: Greninja\n|\n|upkeep\n|\n|t:|1700184705\n|switch|p1a: Pawmot|Pawmot, F|100\/100\n|turn|4\n|\n|t:|1700184708\n|switch|p2a: Hatterene|Hatterene, F|100\/100\n|move|p1a: Pawmot|Nuzzle|p2a: Hatterene\n|-damage|p2a: Hatterene|92\/100\n|-status|p2a: Hatterene|par\n|\n|upkeep\n|turn|5\n|\n|t:|1700184724\n|switch|p1a: Staraptor|Staraptor, F|100\/100\n|move|p2a: Hatterene|Dazzling Gleam|p1a: Staraptor\n|-damage|p1a: Staraptor|24\/100\n|\n|upkeep\n|turn|6\n|\n|t:|1700184736\n|switch|p1a: Dragapult|Dragapult, F|100\/100\n|switch|p2a: Jirachi|Jirachi|100\/100\n|\n|upkeep\n|turn|7\n|\n|t:|1700184750\n|move|p2a: Jirachi|Iron Head|p1a: Dragapult\n|-damage|p1a: Dragapult|50\/100\n|move|p1a: Dragapult|Phantom Force||[still]\n|-prepare|p1a: Dragapult|Phantom Force\n|\n|upkeep\n|turn|8\n|\n|t:|1700184762\n|switch|p2a: Weavile|Weavile, F|100\/100\n|move|p1a: Dragapult|Phantom Force|p2a: Weavile|[from]lockedmove\n|-resisted|p2a: Weavile\n|-crit|p2a: Weavile\n|-damage|p2a: Weavile|14\/100\n|\n|upkeep\n|turn|9\n|\n|t:|1700184771\n|switch|p1a: Iron Valiant|Iron Valiant|100\/100\n|-enditem|p1a: Iron Valiant|Booster Energy\n|-activate|p1a: Iron Valiant|ability: Quark Drive|[fromitem]\n|-start|p1a: Iron Valiant|quarkdrivespe\n|move|p2a: Weavile|Ice Shard|p1a: Iron Valiant\n|-damage|p1a: Iron Valiant|75\/100\n|\n|upkeep\n|turn|10\n|\n|t:|1700184779\n|switch|p2a: Salazzle|Salazzle, F|100\/100\n|move|p1a: Iron Valiant|Moonblast|p2a: Salazzle\n|-resisted|p2a: Salazzle\n|-damage|p2a: Salazzle|85\/100\n|\n|-heal|p2a: Salazzle|91\/100|[from] item: Black Sludge\n|upkeep\n|turn|11\n|\n|t:|1700184783\n|move|p1a: Iron Valiant|Destiny Bond|p1a: Iron Valiant\n|-singlemove|p1a: Iron Valiant|Destiny Bond\n|move|p2a: Salazzle|Toxic|p1a: Iron Valiant\n|-status|p1a: Iron Valiant|tox\n|\n|-heal|p2a: Salazzle|98\/100|[from] item: Black Sludge\n|-damage|p1a: Iron Valiant|68\/100 tox|[from] psn\n|upkeep\n|turn|12\n|\n|t:|1700184786\n|move|p1a: Iron Valiant|Encore|p2a: Salazzle\n|-start|p2a: Salazzle|Encore\n|move|p2a: Salazzle|Toxic|p1a: Iron Valiant\n|-fail|p1a: Iron Valiant|tox\n|\n|-heal|p2a: Salazzle|100\/100|[from] item: Black Sludge\n|-damage|p1a: Iron Valiant|56\/100 tox|[from] psn\n|upkeep\n|turn|13\n|\n|t:|1700184798\n|-end|p1a: Iron Valiant|Quark Drive|[silent]\n|switch|p1a: Pawmot|Pawmot, F|100\/100\n|switch|p2a: Weavile|Weavile, F|14\/100\n|\n|upkeep\n|turn|14\n|\n|t:|1700184809\n|move|p2a: Weavile|Knock Off|p1a: Pawmot\n|-resisted|p1a: Pawmot\n|-damage|p1a: Pawmot|71\/100\n|-enditem|p1a: Pawmot|Leppa Berry|[from] move: Knock Off|[of] p2a: Weavile\n|move|p1a: Pawmot|Revival Blessing|p1a: Pawmot\n|\n|t:|1700184812\n|-heal|p1: Greninja|50\/100|[from] move: Revival Blessing\n|\n|upkeep\n|turn|15\n|\n|t:|1700184819\n|switch|p2a: Hatterene|Hatterene, F|92\/100 par\n|move|p1a: Pawmot|Double Shock|p2a: Hatterene\n|-damage|p2a: Hatterene|39\/100 par\n|-start|p1a: Pawmot|typechange|???\/Fighting|[from] move: Double Shock\n|\n|upkeep\n|turn|16\n|\n|t:|1700184827\n|switch|p1a: Staraptor|Staraptor, F|24\/100\n|cant|p2a: Hatterene|par\n|\n|upkeep\n|turn|17\n|\n|t:|1700184830\n|move|p1a: Staraptor|Brave Bird|p2a: Hatterene\n|-damage|p2a: Hatterene|0 fnt\n|faint|p2a: Hatterene\n|-damage|p1a: Staraptor|14\/100|[from] Recoil\n|\n|upkeep\n|\n|t:|1700184835\n|switch|p2a: Weavile|Weavile, F|14\/100\n|turn|18\n|\n|t:|1700184837\n|move|p2a: Weavile|Ice Shard|p1a: Staraptor\n|-supereffective|p1a: Staraptor\n|-damage|p1a: Staraptor|0 fnt\n|faint|p1a: Staraptor\n|\n|upkeep\n|\n|t:|1700184843\n|switch|p1a: Greninja|Greninja, M|50\/100\n|turn|19\n|\n|t:|1700184849\n|move|p1a: Greninja|Water Shuriken|p2a: Weavile\n|-damage|p2a: Weavile|7\/100\n|-damage|p2a: Weavile|0 fnt\n|faint|p2a: Weavile\n|-ability|p1a: Greninja|Battle Bond|boost\n|-boost|p1a: Greninja|atk|1\n|-boost|p1a: Greninja|spa|1\n|-boost|p1a: Greninja|spe|1\n|-activate|p1a: Greninja|ability: Battle Bond\n|-hitcount|p2: Weavile|2\n|\n|upkeep\n|\n|t:|1700184856\n|switch|p2a: Dragonite|Dragonite, M|100\/100\n|turn|20\n|\n|t:|1700184858\n|-terastallize|p2a: Dragonite|Normal\n|move|p1a: Greninja|Dark Pulse|p2a: Dragonite\n|-damage|p2a: Dragonite|73\/100\n|move|p2a: Dragonite|Dragon Dance|p2a: Dragonite\n|-boost|p2a: Dragonite|atk|1\n|-boost|p2a: Dragonite|spe|1\n|\n|upkeep\n|turn|21\n|\n|t:|1700184867\n|move|p2a: Dragonite|Extreme Speed|p1a: Greninja\n|-damage|p1a: Greninja|0 fnt\n|faint|p1a: Greninja\n|\n|upkeep\n|\n|t:|1700184870\n|switch|p1a: Breloom|Breloom, M|100\/100\n|turn|22\n|\n|t:|1700184875\n|move|p2a: Dragonite|Extreme Speed|p1a: Breloom\n|-damage|p1a: Breloom|0 fnt\n|faint|p1a: Breloom\n|\n|upkeep\n|\n|t:|1700184879\n|switch|p1a: Dragapult|Dragapult, F|50\/100\n|turn|23\n|\n|t:|1700184884\n|move|p1a: Dragapult|Dragon Darts|p2a: Dragonite\n|-damage|p2a: Dragonite|28\/100\n|-anim|p1a: Dragapult|Dragon Darts|p2a: Dragonite\n|-damage|p2a: Dragonite|0 fnt\n|faint|p2a: Dragonite\n|\n|upkeep\n|\n|t:|1700184887\n|switch|p2a: Jirachi|Jirachi|100\/100\n|turn|24\n|\n|t:|1700184894\n|switch|p1a: Iron Valiant|Iron Valiant|56\/100 tox\n|move|p2a: Jirachi|Iron Head|p1a: Iron Valiant\n|-supereffective|p1a: Iron Valiant\n|-damage|p1a: Iron Valiant|0 fnt\n|faint|p1a: Iron Valiant\n|-end|p1a: Iron Valiant|Quark Drive|[silent]\n|\n|upkeep\n|\n|t:|1700184897\n|switch|p1a: Pawmot|Pawmot, F|71\/100\n|turn|25\n|\n|t:|1700184904\n|switch|p2a: Salazzle|Salazzle, F|100\/100\n|move|p1a: Pawmot|Nuzzle|p2a: Salazzle\n|-damage|p2a: Salazzle|89\/100\n|-status|p2a: Salazzle|par\n|\n|-heal|p2a: Salazzle|95\/100 par|[from] item: Black Sludge\n|upkeep\n|turn|26\n|\n|t:|1700184908\n|switch|p1a: Dragapult|Dragapult, F|50\/100\n|move|p2a: Salazzle|Toxic|p1a: Dragapult\n|-status|p1a: Dragapult|tox\n|\n|-heal|p2a: Salazzle|100\/100 par|[from] item: Black Sludge\n|-damage|p1a: Dragapult|44\/100 tox|[from] psn\n|upkeep\n|turn|27\n|\n|t:|1700184913\n|move|p2a: Salazzle|Protect|p2a: Salazzle\n|-singleturn|p2a: Salazzle|Protect\n|move|p1a: Dragapult|Dragon Darts|p2a: Salazzle\n|-activate|p2a: Salazzle|move: Protect\n|\n|-damage|p1a: Dragapult|32\/100 tox|[from] psn\n|upkeep\n|turn|28\n|\n|t:|1700184917\n|move|p1a: Dragapult|Dragon Darts|p2a: Salazzle\n|-damage|p2a: Salazzle|37\/100 par\n|-anim|p1a: Dragapult|Dragon Darts|p2a: Salazzle\n|-damage|p2a: Salazzle|0 fnt\n|faint|p2a: Salazzle\n|\n|-damage|p1a: Dragapult|14\/100 tox|[from] psn\n|upkeep\n|\n|t:|1700184918\n|switch|p2a: Jirachi|Jirachi|100\/100\n|turn|29\n|inactive|Gutoso has 120 seconds left.\n|\n|t:|1700184950\n|switch|p1a: Pawmot|Pawmot, F|71\/100\n|move|p2a: Jirachi|Iron Head|p1a: Pawmot\n|-resisted|p1a: Pawmot\n|-damage|p1a: Pawmot|48\/100\n|\n|upkeep\n|turn|30\n|\n|t:|1700184964\n|move|p2a: Jirachi|Iron Head|p1a: Pawmot\n|-resisted|p1a: Pawmot\n|-damage|p1a: Pawmot|26\/100\n|cant|p1a: Pawmot|flinch\n|\n|upkeep\n|turn|31\n|\n|t:|1700184967\n|move|p2a: Jirachi|Iron Head|p1a: Pawmot\n|-resisted|p1a: Pawmot\n|-damage|p1a: Pawmot|3\/100\n|cant|p1a: Pawmot|flinch\n|\n|upkeep\n|turn|32\n|\n|t:|1700184972\n|move|p2a: Jirachi|Iron Head|p1a: Pawmot\n|-resisted|p1a: Pawmot\n|-damage|p1a: Pawmot|0 fnt\n|faint|p1a: Pawmot\n|\n|upkeep\n|\n|t:|1700184973\n|switch|p1a: Dragapult|Dragapult, F|14\/100 tox\n|turn|33\n|\n|t:|1700184975\n|move|p1a: Dragapult|Sucker Punch|p2a: Jirachi\n|-supereffective|p2a: Jirachi\n|-damage|p2a: Jirachi|18\/100\n|move|p2a: Jirachi|Iron Head|p1a: Dragapult\n|-damage|p1a: Dragapult|0 fnt\n|faint|p1a: Dragapult\n|\n|win|Gutoso\n|raw|randombattlzladder's rating: 1423 &rarr; <strong>1401<\/strong><br \/>(-22 for losing)\n|raw|Gutoso's rating: 1390 &rarr; <strong>1412<\/strong><br \/>(+22 for winning)\n|l|\u2606randombattlzladder\n|c|\u2606Gutoso|gg\n","uploadtime":1700184984,"views":7,"p1id":"randombattlzladder","p2id":"gutoso","formatid":"gen9ou","rating":1401,"private":0,"password":""}