{"id":"gen9ou-1990113763","p1":"BKDAFEARLESS1","p2":"Lucasd.ferrari","format":"[Gen 9] OU","log":"|j|\u2606BKDAFEARLESS1\n|j|\u2606Lucasd.ferrari\n|t:|1699926011\n|gametype|singles\n|player|p1|BKDAFEARLESS1|hiker-gen4|1145\n|player|p2|Lucasd.ferrari|giovanni|1208\n|teamsize|p1|6\n|teamsize|p2|6\n|gen|9\n|tier|[Gen 9] OU\n|rated|\n|rule|Sleep Clause Mod: Limit one foe put to sleep\n|rule|Species Clause: Limit one of each Pok\u00e9mon\n|rule|OHKO Clause: OHKO moves are banned\n|rule|Evasion Items Clause: Evasion items are banned\n|rule|Evasion Moves Clause: Evasion moves are banned\n|rule|Endless Battle Clause: Forcing endless battles is banned\n|rule|HP Percentage Mod: HP is shown in percentages\n|clearpoke\n|poke|p1|Okidogi, M|\n|poke|p1|Salamence, F|\n|poke|p1|Kingambit, F|\n|poke|p1|Ogerpon, F|\n|poke|p1|Ursaluna, F|\n|poke|p1|Great Tusk|\n|poke|p2|Garchomp, M|\n|poke|p2|Kingambit, M|\n|poke|p2|Dragonite, F|\n|poke|p2|Gholdengo|\n|poke|p2|Iron Moth|\n|poke|p2|Enamorus, F|\n|teampreview\n|inactive|Battle timer is ON: inactive players will automatically lose when time's up. (requested by BKDAFEARLESS1)\n|\n|t:|1699926024\n|start\n|switch|p1a: Great Tusk|Great Tusk|100\/100\n|switch|p2a: Garchomp|Garchomp, M|100\/100\n|-enditem|p1a: Great Tusk|Booster Energy\n|-activate|p1a: Great Tusk|ability: Protosynthesis|[fromitem]\n|-start|p1a: Great Tusk|protosynthesisatk\n|turn|1\n|\n|t:|1699926035\n|move|p2a: Garchomp|Stealth Rock|p1a: Great Tusk\n|-sidestart|p1: BKDAFEARLESS1|move: Stealth Rock\n|move|p1a: Great Tusk|Bulk Up|p1a: Great Tusk\n|-boost|p1a: Great Tusk|atk|1\n|-boost|p1a: Great Tusk|def|1\n|\n|upkeep\n|turn|2\n|\n|t:|1699926043\n|move|p2a: Garchomp|Swords Dance|p2a: Garchomp\n|-boost|p2a: Garchomp|atk|2\n|move|p1a: Great Tusk|Knock Off|p2a: Garchomp\n|-damage|p2a: Garchomp|27\/100\n|-damage|p1a: Great Tusk|88\/100|[from] ability: Rough Skin|[of] p2a: Garchomp\n|-damage|p1a: Great Tusk|72\/100|[from] item: Rocky Helmet|[of] p2a: Garchomp\n|-enditem|p2a: Garchomp|Rocky Helmet|[from] move: Knock Off|[of] p1a: Great Tusk\n|\n|upkeep\n|turn|3\n|\n|t:|1699926062\n|move|p2a: Garchomp|Scale Shot|p1a: Great Tusk\n|-damage|p1a: Great Tusk|60\/100\n|-damage|p1a: Great Tusk|49\/100\n|-damage|p1a: Great Tusk|38\/100\n|-damage|p1a: Great Tusk|27\/100\n|-hitcount|p1a: Great Tusk|4\n|-unboost|p2a: Garchomp|def|1\n|-boost|p2a: Garchomp|spe|1\n|move|p1a: Great Tusk|Knock Off|p2a: Garchomp\n|-damage|p2a: Garchomp|0 fnt\n|-damage|p1a: Great Tusk|15\/100|[from] ability: Rough Skin|[of] p2a: Garchomp\n|faint|p2a: Garchomp\n|\n|upkeep\n|\n|t:|1699926080\n|switch|p2a: Iron Moth|Iron Moth|100\/100\n|-enditem|p2a: Iron Moth|Booster Energy\n|-activate|p2a: Iron Moth|ability: Quark Drive|[fromitem]\n|-start|p2a: Iron Moth|quarkdrivespa\n|turn|4\n|\n|t:|1699926086\n|move|p2a: Iron Moth|Fiery Dance|p1a: Great Tusk\n|-damage|p1a: Great Tusk|0 fnt\n|-boost|p2a: Iron Moth|spa|1\n|faint|p1a: Great Tusk\n|-end|p1a: Great Tusk|Protosynthesis|[silent]\n|\n|upkeep\n|\n|t:|1699926092\n|switch|p1a: Gigante|Ursaluna, F|100\/100\n|-damage|p1a: Gigante|94\/100|[from] Stealth Rock\n|turn|5\n|inactive|Lucasd.ferrari has 120 seconds left.\n|\n|t:|1699926130\n|-terastallize|p2a: Iron Moth|Grass\n|move|p2a: Iron Moth|Energy Ball|p1a: Gigante\n|-supereffective|p1a: Gigante\n|-damage|p1a: Gigante|0 fnt\n|faint|p1a: Gigante\n|\n|upkeep\n|\n|t:|1699926137\n|switch|p1a: Espada|Kingambit, F, shiny|100\/100\n|-damage|p1a: Espada|94\/100|[from] Stealth Rock\n|turn|6\n|inactive|Lucasd.ferrari has 120 seconds left.\n|\n|t:|1699926143\n|move|p1a: Espada|Sucker Punch|p2a: Iron Moth\n|-damage|p2a: Iron Moth|20\/100\n|move|p2a: Iron Moth|Fiery Dance|p1a: Espada\n|-supereffective|p1a: Espada\n|-damage|p1a: Espada|0 fnt\n|faint|p1a: Espada\n|\n|upkeep\n|\n|t:|1699926150\n|switch|p1a: Explorador|Ogerpon, F|100\/100\n|-damage|p1a: Explorador|88\/100|[from] Stealth Rock\n|turn|7\n|\n|t:|1699926155\n|move|p1a: Explorador|Knock Off|p2a: Iron Moth\n|-damage|p2a: Iron Moth|0 fnt\n|faint|p2a: Iron Moth\n|-end|p2a: Iron Moth|Quark Drive|[silent]\n|\n|upkeep\n|\n|t:|1699926164\n|switch|p2a: Dragonite|Dragonite, F|100\/100\n|turn|8\n|\n|t:|1699926171\n|switch|p1a: Los Diablo|Okidogi, M|100\/100\n|-damage|p1a: Los Diablo|94\/100|[from] Stealth Rock\n|move|p2a: Dragonite|Dragon Dance|p2a: Dragonite\n|-boost|p2a: Dragonite|atk|1\n|-boost|p2a: Dragonite|spe|1\n|\n|upkeep\n|turn|9\n|\n|t:|1699926182\n|move|p2a: Dragonite|Extreme Speed|p1a: Los Diablo\n|-damage|p1a: Los Diablo|55\/100\n|move|p1a: Los Diablo|Ice Punch|p2a: Dragonite\n|-supereffective|p2a: Dragonite\n|-damage|p2a: Dragonite|45\/100\n|-status|p2a: Dragonite|tox|[from] ability: Toxic Chain|[of] p1a: Los Diablo\n|\n|-damage|p2a: Dragonite|39\/100 tox|[from] psn\n|upkeep\n|turn|10\n|\n|t:|1699926197\n|switch|p2a: Gholdengo|Gholdengo|100\/100\n|-item|p2a: Gholdengo|Air Balloon\n|move|p1a: Los Diablo|Ice Punch|p2a: Gholdengo\n|-resisted|p2a: Gholdengo\n|-damage|p2a: Gholdengo|85\/100\n|-enditem|p2a: Gholdengo|Air Balloon\n|\n|upkeep\n|turn|11\n|\n|t:|1699926207\n|move|p2a: Gholdengo|Nasty Plot|p2a: Gholdengo\n|-boost|p2a: Gholdengo|spa|2\n|move|p1a: Los Diablo|High Horsepower|p2a: Gholdengo\n|-supereffective|p2a: Gholdengo\n|-damage|p2a: Gholdengo|8\/100\n|\n|upkeep\n|turn|12\n|\n|t:|1699926218\n|move|p2a: Gholdengo|Make It Rain|p1a: Los Diablo\n|-damage|p1a: Los Diablo|0 fnt\n|-unboost|p2a: Gholdengo|spa|1\n|faint|p1a: Los Diablo\n|\n|upkeep\n|\n|t:|1699926225\n|switch|p1a: Explorador|Ogerpon, F|88\/100\n|-damage|p1a: Explorador|76\/100|[from] Stealth Rock\n|turn|13\n|\n|t:|1699926231\n|move|p1a: Explorador|Ivy Cudgel|p2a: Gholdengo\n|-resisted|p2a: Gholdengo\n|-crit|p2a: Gholdengo\n|-damage|p2a: Gholdengo|0 fnt\n|faint|p2a: Gholdengo\n|\n|upkeep\n|\n|t:|1699926237\n|switch|p2a: Dragonite|Dragonite, F|39\/100 tox\n|turn|14\n|\n|t:|1699926241\n|move|p1a: Explorador|Ivy Cudgel|p2a: Dragonite\n|-resisted|p2a: Dragonite\n|-damage|p2a: Dragonite|26\/100 tox\n|move|p2a: Dragonite|Ice Spinner|p1a: Explorador\n|-supereffective|p1a: Explorador\n|-damage|p1a: Explorador|0 fnt\n|faint|p1a: Explorador\n|\n|-damage|p2a: Dragonite|20\/100 tox|[from] psn\n|upkeep\n|\n|t:|1699926249\n|switch|p1a: Continuar|Salamence, F|100\/100\n|-damage|p1a: Continuar|76\/100|[from] Stealth Rock\n|turn|15\n|\n|t:|1699926254\n|-terastallize|p1a: Continuar|Steel\n|move|p2a: Dragonite|Extreme Speed|p1a: Continuar\n|-resisted|p1a: Continuar\n|-damage|p1a: Continuar|57\/100\n|move|p1a: Continuar|Dragon Dance|p1a: Continuar\n|-boost|p1a: Continuar|atk|1\n|-boost|p1a: Continuar|spe|1\n|\n|-damage|p2a: Dragonite|8\/100 tox|[from] psn\n|upkeep\n|turn|16\n|\n|t:|1699926266\n|move|p1a: Continuar|Dragon Claw|p2a: Dragonite\n|-supereffective|p2a: Dragonite\n|-damage|p2a: Dragonite|0 fnt\n|faint|p2a: Dragonite\n|-ability|p1a: Continuar|Moxie|boost\n|-boost|p1a: Continuar|atk|1\n|\n|upkeep\n|\n|t:|1699926272\n|switch|p2a: Enamorus|Enamorus, F|100\/100\n|turn|17\n|\n|t:|1699926277\n|move|p1a: Continuar|Dual Wingbeat|p2a: Enamorus\n|-damage|p2a: Enamorus|28\/100\n|-damage|p2a: Enamorus|0 fnt\n|faint|p2a: Enamorus\n|-ability|p1a: Continuar|Moxie|boost\n|-boost|p1a: Continuar|atk|1\n|-hitcount|p2: Enamorus|2\n|\n|upkeep\n|\n|t:|1699926283\n|switch|p2a: Kingambit|Kingambit, M|100\/100\n|turn|18\n|\n|t:|1699926292\n|move|p2a: Kingambit|Sucker Punch|p1a: Continuar\n|-damage|p1a: Continuar|4\/100\n|move|p1a: Continuar|Earthquake|p2a: Kingambit\n|-supereffective|p2a: Kingambit\n|-damage|p2a: Kingambit|0 fnt\n|faint|p2a: Kingambit\n|\n|win|BKDAFEARLESS1\n|raw|BKDAFEARLESS1's rating: 1145 &rarr; <strong>1174<\/strong><br \/>(+29 for winning)\n|raw|Lucasd.ferrari's rating: 1208 &rarr; <strong>1179<\/strong><br \/>(-29 for losing)\n|c|\u2606BKDAFEARLESS1|gg\n","uploadtime":1699926302,"views":24,"p1id":"bkdafearless1","p2id":"lucasdferrari","formatid":"gen9ou","rating":1174,"private":0,"password":""}