{"id":"gen9ou-2000478043","p1":"SuperKamiMewtwo","p2":"fdafads","format":"[Gen 9] OU","log":"|j|\u2606SuperKamiMewtwo\n|j|\u2606fdafads\n|t:|1701198149\n|gametype|singles\n|player|p1|SuperKamiMewtwo|brawly|1161\n|player|p2|fdafads|lusamine-nihilego|1219\n|teamsize|p1|6\n|teamsize|p2|6\n|gen|9\n|tier|[Gen 9] OU\n|rated|\n|rule|Sleep Clause Mod: Limit one foe put to sleep\n|rule|Species Clause: Limit one of each Pok\u00e9mon\n|rule|OHKO Clause: OHKO moves are banned\n|rule|Evasion Items Clause: Evasion items are banned\n|rule|Evasion Moves Clause: Evasion moves are banned\n|rule|Endless Battle Clause: Forcing endless battles is banned\n|rule|HP Percentage Mod: HP is shown in percentages\n|clearpoke\n|poke|p1|Iron Valiant|\n|poke|p1|Gholdengo|\n|poke|p1|Greninja-*, M|\n|poke|p1|Zapdos|\n|poke|p1|Kingambit, F|\n|poke|p1|Iron Moth|\n|poke|p2|Corviknight, F|\n|poke|p2|Gholdengo|\n|poke|p2|Great Tusk|\n|poke|p2|Heatran, F|\n|poke|p2|Samurott-Hisui, F|\n|poke|p2|Hoopa-Unbound|\n|teampreview\n|inactive|Battle timer is ON: inactive players will automatically lose when time's up. (requested by SuperKamiMewtwo)\n|\n|t:|1701198169\n|start\n|switch|p1a: Gholdengo|Gholdengo|100\/100\n|switch|p2a: Heatran|Heatran, F|100\/100\n|-item|p2a: Heatran|Air Balloon\n|turn|1\n|\n|t:|1701198174\n|move|p2a: Heatran|Stealth Rock|p1a: Gholdengo\n|-sidestart|p1: SuperKamiMewtwo|move: Stealth Rock\n|move|p1a: Gholdengo|Thunder Wave|p2a: Heatran|[miss]\n|-miss|p1a: Gholdengo|p2a: Heatran\n|\n|upkeep\n|turn|2\n|\n|t:|1701198189\n|move|p2a: Heatran|Lava Plume|p1a: Gholdengo\n|-supereffective|p1a: Gholdengo\n|-damage|p1a: Gholdengo|30\/100\n|move|p1a: Gholdengo|Thunder Wave|p2a: Heatran\n|-status|p2a: Heatran|par\n|\n|-heal|p1a: Gholdengo|36\/100|[from] item: Leftovers\n|upkeep\n|turn|3\n|\n|t:|1701198194\n|move|p1a: Gholdengo|Recover|p1a: Gholdengo\n|-heal|p1a: Gholdengo|86\/100\n|cant|p2a: Heatran|par\n|\n|-heal|p1a: Gholdengo|92\/100|[from] item: Leftovers\n|upkeep\n|turn|4\n|\n|t:|1701198197\n|move|p1a: Gholdengo|Hex|p2a: Heatran\n|-damage|p2a: Heatran|57\/100 par\n|-enditem|p2a: Heatran|Air Balloon\n|move|p2a: Heatran|Lava Plume|p1a: Gholdengo\n|-supereffective|p1a: Gholdengo\n|-damage|p1a: Gholdengo|22\/100\n|-status|p1a: Gholdengo|brn\n|\n|-heal|p1a: Gholdengo|28\/100 brn|[from] item: Leftovers\n|-damage|p1a: Gholdengo|22\/100 brn|[from] brn\n|upkeep\n|turn|5\n|c|\u2606fdafads|cool strat man!\n|c|\u2606SuperKamiMewtwo|thanks\n|c|\u2606fdafads|I'm going to kill myself!\n|\n|t:|1701198218\n|move|p1a: Gholdengo|Recover|p1a: Gholdengo\n|-heal|p1a: Gholdengo|72\/100 brn\n|move|p2a: Heatran|Lava Plume|p1a: Gholdengo\n|-supereffective|p1a: Gholdengo\n|-damage|p1a: Gholdengo|8\/100 brn\n|\n|-heal|p1a: Gholdengo|15\/100 brn|[from] item: Leftovers\n|-damage|p1a: Gholdengo|8\/100 brn|[from] brn\n|upkeep\n|turn|6\n|\n|t:|1701198224\n|move|p1a: Gholdengo|Recover|p1a: Gholdengo\n|-heal|p1a: Gholdengo|58\/100 brn\n|move|p2a: Heatran|Lava Plume|p1a: Gholdengo\n|-supereffective|p1a: Gholdengo\n|-damage|p1a: Gholdengo|0 fnt\n|faint|p1a: Gholdengo\n|\n|upkeep\n|inactive|SuperKamiMewtwo has 120 seconds left.\n|\n|t:|1701198256\n|switch|p1a: Greninja|Greninja, M|100\/100\n|-damage|p1a: Greninja|88\/100|[from] Stealth Rock\n|turn|7\n|\n|t:|1701198269\n|move|p1a: Greninja|Surf|p2a: Heatran\n|-supereffective|p2a: Heatran\n|-damage|p2a: Heatran|0 fnt\n|faint|p2a: Heatran\n|-ability|p1a: Greninja|Battle Bond|boost\n|-boost|p1a: Greninja|atk|1\n|-boost|p1a: Greninja|spa|1\n|-boost|p1a: Greninja|spe|1\n|-activate|p1a: Greninja|ability: Battle Bond\n|-damage|p1a: Greninja|78\/100|[from] item: Life Orb\n|\n|upkeep\n|inactive|fdafads has 120 seconds left.\n|\n|t:|1701198315\n|switch|p2a: Gholdengo|Gholdengo, shiny|100\/100\n|turn|8\n|inactive|SuperKamiMewtwo has 120 seconds left.\n|\n|t:|1701198348\n|move|p1a: Greninja|Surf|p2a: Gholdengo\n|-damage|p2a: Gholdengo|28\/100\n|-damage|p1a: Greninja|69\/100|[from] item: Life Orb\n|move|p2a: Gholdengo|Thunder Wave|p1a: Greninja\n|-status|p1a: Greninja|par\n|\n|upkeep\n|turn|9\n|\n|t:|1701198353\n|cant|p1a: Greninja|par\n|move|p2a: Gholdengo|Make It Rain|p1a: Greninja\n|-resisted|p1a: Greninja\n|-damage|p1a: Greninja|20\/100 par\n|-unboost|p2a: Gholdengo|spa|1\n|\n|upkeep\n|turn|10\n|c|\u2606fdafads|I am also brainless!\n|inactive|fdafads has 120 seconds left.\n|c|\u2606fdafads|A pile of meat floating around through space!\n|\n|t:|1701198372\n|move|p1a: Greninja|Surf|p2a: Gholdengo\n|-damage|p2a: Gholdengo|0 fnt\n|faint|p2a: Gholdengo\n|-damage|p1a: Greninja|10\/100 par|[from] item: Life Orb\n|\n|upkeep\n|\n|t:|1701198381\n|switch|p2a: Hoopa|Hoopa-Unbound|100\/100\n|turn|11\n|\n|t:|1701198388\n|move|p2a: Hoopa|Hyperspace Fury|p1a: Greninja\n|-resisted|p1a: Greninja\n|-damage|p1a: Greninja|0 fnt\n|-unboost|p2a: Hoopa|def|1\n|faint|p1a: Greninja\n|\n|upkeep\n|inactive|SuperKamiMewtwo has 120 seconds left.\n|\n|t:|1701198413\n|switch|p1a: Kingambit|Kingambit, F|100\/100\n|-damage|p1a: Kingambit|94\/100|[from] Stealth Rock\n|-activate|p1a: Kingambit|ability: Supreme Overlord\n|-start|p1a: Kingambit|fallen2|[silent]\n|turn|12\n|\n|t:|1701198418\n|switch|p2a: Great Tusk|Great Tusk, shiny|100\/100\n|move|p1a: Kingambit|Kowtow Cleave|p2a: Great Tusk\n|-resisted|p2a: Great Tusk\n|-damage|p2a: Great Tusk|80\/100\n|\n|-heal|p1a: Kingambit|100\/100|[from] item: Leftovers\n|upkeep\n|turn|13\n|\n|t:|1701198434\n|-end|p1a: Kingambit|fallen2|[silent]\n|switch|p1a: Iron Moth|Iron Moth|100\/100\n|move|p2a: Great Tusk|Ice Spinner|p1a: Iron Moth\n|-resisted|p1a: Iron Moth\n|-damage|p1a: Iron Moth|65\/100\n|\n|upkeep\n|turn|14\n|\n|t:|1701198448\n|-end|p2a: Great Tusk|Protosynthesis|[silent]\n|switch|p2a: Hoopa|Hoopa-Unbound|100\/100\n|move|p1a: Iron Moth|Flamethrower|p2a: Hoopa\n|-damage|p2a: Hoopa|56\/100\n|\n|upkeep\n|turn|15\n|\n|t:|1701198458\n|move|p2a: Hoopa|Focus Blast|p1a: Iron Moth|[miss]\n|-miss|p2a: Hoopa|p1a: Iron Moth\n|move|p1a: Iron Moth|Flamethrower|p2a: Hoopa\n|-damage|p2a: Hoopa|9\/100\n|\n|upkeep\n|turn|16\n|\n|t:|1701198460\n|move|p2a: Hoopa|Focus Blast|p1a: Iron Moth\n|-resisted|p1a: Iron Moth\n|-damage|p1a: Iron Moth|43\/100\n|move|p1a: Iron Moth|Flamethrower|p2a: Hoopa\n|-damage|p2a: Hoopa|0 fnt\n|faint|p2a: Hoopa\n|\n|upkeep\n|\n|t:|1701198463\n|switch|p2a: Great Tusk|Great Tusk, shiny|80\/100\n|turn|17\n|\n|t:|1701198465\n|move|p1a: Iron Moth|Flamethrower|p2a: Great Tusk\n|-damage|p2a: Great Tusk|5\/100\n|move|p2a: Great Tusk|Headlong Rush|p1a: Iron Moth\n|-supereffective|p1a: Iron Moth\n|-damage|p1a: Iron Moth|0 fnt\n|-unboost|p2a: Great Tusk|def|1\n|-unboost|p2a: Great Tusk|spd|1\n|faint|p1a: Iron Moth\n|-end|p1a: Iron Moth|Quark Drive|[silent]\n|\n|upkeep\n|inactive|SuperKamiMewtwo has 120 seconds left.\n|inactive|SuperKamiMewtwo has 90 seconds left.\n|\n|t:|1701198556\n|switch|p1a: Iron Valiant|Iron Valiant|100\/100\n|-damage|p1a: Iron Valiant|94\/100|[from] Stealth Rock\n|-enditem|p1a: Iron Valiant|Booster Energy\n|-activate|p1a: Iron Valiant|ability: Quark Drive|[fromitem]\n|-start|p1a: Iron Valiant|quarkdrivespe\n|turn|18\n|\n|t:|1701198560\n|move|p1a: Iron Valiant|Moonblast|p2a: Great Tusk\n|-supereffective|p2a: Great Tusk\n|-damage|p2a: Great Tusk|0 fnt\n|faint|p2a: Great Tusk\n|-end|p2a: Great Tusk|Protosynthesis|[silent]\n|\n|upkeep\n|\n|t:|1701198562\n|switch|p2a: Corviknight|Corviknight, F, shiny|100\/100\n|-ability|p2a: Corviknight|Pressure\n|turn|19\n|\n|t:|1701198570\n|move|p1a: Iron Valiant|Thunderbolt|p2a: Corviknight\n|-supereffective|p2a: Corviknight\n|-damage|p2a: Corviknight|44\/100\n|move|p2a: Corviknight|Brave Bird|p1a: Iron Valiant\n|-supereffective|p1a: Iron Valiant\n|-damage|p1a: Iron Valiant|0 fnt\n|faint|p1a: Iron Valiant\n|-end|p1a: Iron Valiant|Quark Drive|[silent]\n|-damage|p2a: Corviknight|22\/100|[from] Recoil\n|\n|upkeep\n|\n|t:|1701198575\n|switch|p1a: Zapdos|Zapdos|100\/100\n|turn|20\n|\n|t:|1701198590\n|move|p1a: Zapdos|Thunderbolt|p2a: Corviknight\n|-supereffective|p2a: Corviknight\n|-damage|p2a: Corviknight|0 fnt\n|faint|p2a: Corviknight\n|\n|upkeep\n|\n|t:|1701198592\n|switch|p2a: Samurott|Samurott-Hisui, F, shiny|100\/100\n|turn|21\n|\n|t:|1701198605\n|move|p1a: Zapdos|Thunderbolt|p2a: Samurott\n|-supereffective|p2a: Samurott\n|-enditem|p2a: Samurott|Focus Sash\n|-damage|p2a: Samurott|1\/100\n|-status|p2a: Samurott|par\n|move|p2a: Samurott|Ceaseless Edge|p1a: Zapdos\n|-damage|p1a: Zapdos|62\/100\n|-sidestart|p1: SuperKamiMewtwo|Spikes\n|\n|upkeep\n|turn|22\n|\n|t:|1701198612\n|move|p2a: Samurott|Sucker Punch|p1a: Zapdos\n|-damage|p1a: Zapdos|21\/100\n|move|p1a: Zapdos|Thunderbolt|p2a: Samurott\n|-supereffective|p2a: Samurott\n|-damage|p2a: Samurott|0 fnt\n|faint|p2a: Samurott\n|\n|win|SuperKamiMewtwo\n|raw|SuperKamiMewtwo's rating: 1161 &rarr; <strong>1190<\/strong><br \/>(+29 for winning)\n|raw|fdafads's rating: 1219 &rarr; <strong>1190<\/strong><br \/>(-29 for losing)\n|l|\u2606fdafads\n","uploadtime":1701199008,"views":5,"p1id":"superkamimewtwo","p2id":"fdafads","formatid":"gen9ou","rating":1190,"private":0,"password":""}