{"id":"gen9ou-1993960292","p1":"JayMiighty","p2":"Rhyfinn08","format":"[Gen 9] OU","log":"|j|\u2606JayMiighty\n|j|\u2606Rhyfinn08\n|t:|1700383231\n|gametype|singles\n|player|p1|JayMiighty|101|1014\n|player|p2|Rhyfinn08|ninjaboy|1076\n|teamsize|p1|6\n|teamsize|p2|6\n|gen|9\n|tier|[Gen 9] OU\n|rated|\n|rule|Sleep Clause Mod: Limit one foe put to sleep\n|rule|Species Clause: Limit one of each Pok\u00e9mon\n|rule|OHKO Clause: OHKO moves are banned\n|rule|Evasion Items Clause: Evasion items are banned\n|rule|Evasion Moves Clause: Evasion moves are banned\n|rule|Endless Battle Clause: Forcing endless battles is banned\n|rule|HP Percentage Mod: HP is shown in percentages\n|clearpoke\n|poke|p1|Garchomp, F|\n|poke|p1|Azumarill, M|\n|poke|p1|Medicham, M|\n|poke|p1|Glalie, F|\n|poke|p1|Gyarados, M|\n|poke|p1|Torterra, M|\n|poke|p2|Slowking-Galar, M|\n|poke|p2|Thundurus-Therian, M|\n|poke|p2|Alomomola, F|\n|poke|p2|Cinderace, F|\n|poke|p2|Iron Valiant|\n|poke|p2|Dragonite, M|\n|teampreview\n|inactive|Battle timer is ON: inactive players will automatically lose when time's up. (requested by Rhyfinn08)\n|inactive|Rhyfinn08 has 120 seconds left.\n|\n|t:|1700383265\n|start\n|switch|p1a: Azumarill|Azumarill, M|100\/100\n|switch|p2a: Thundurus|Thundurus-Therian, M|100\/100\n|turn|1\n|\n|t:|1700383279\n|switch|p1a: Torterra|Torterra, M|100\/100\n|move|p2a: Thundurus|Volt Switch|p1a: Torterra\n|-immune|p1a: Torterra\n|\n|upkeep\n|turn|2\n|\n|t:|1700383308\n|switch|p2a: Slowking|Slowking-Galar, M|100\/100\n|switch|p1a: Glalie|Glalie, F|100\/100\n|\n|upkeep\n|turn|3\n|\n|t:|1700383318\n|move|p1a: Glalie|Earthquake|p2a: Slowking\n|-supereffective|p2a: Slowking\n|-damage|p2a: Slowking|51\/100\n|move|p2a: Slowking|Yawn|p1a: Glalie\n|-start|p1a: Glalie|move: Yawn|[of] p2a: Slowking\n|\n|upkeep\n|turn|4\n|\n|t:|1700383329\n|switch|p1a: Garchomp|Garchomp, F|100\/100\n|move|p2a: Slowking|Chilly Reception|p2a: Slowking\n|-weather|Snow\n|\n|t:|1700383347\n|switch|p2a: Thundurus|Thundurus-Therian, M|100\/100|[from] Chilly Reception\n|\n|-weather|Snow|[upkeep]\n|-status|p1a: Garchomp|brn|[from] item: Flame Orb\n|upkeep\n|turn|5\n|inactive|JayMiighty has 120 seconds left.\n|\n|t:|1700383373\n|-terastallize|p2a: Thundurus|Ice\n|move|p2a: Thundurus|Tera Blast|p1a: Garchomp|[anim] Tera Blast Ice\n|-supereffective|p1a: Garchomp\n|-damage|p1a: Garchomp|0 fnt\n|faint|p1a: Garchomp\n|\n|-weather|Snow|[upkeep]\n|upkeep\n|\n|t:|1700383396\n|switch|p1a: Medicham|Medicham, M, shiny|100\/100\n|turn|6\n|\n|t:|1700383403\n|switch|p2a: Alomomola|Alomomola, F|100\/100\n|move|p1a: Medicham|Close Combat|p2a: Alomomola\n|-damage|p2a: Alomomola|59\/100\n|-unboost|p1a: Medicham|def|1\n|-unboost|p1a: Medicham|spd|1\n|-damage|p1a: Medicham|84\/100|[from] item: Rocky Helmet|[of] p2a: Alomomola\n|\n|-weather|Snow|[upkeep]\n|upkeep\n|turn|7\n|\n|t:|1700383421\n|-singleturn|p1a: Medicham|move: Focus Punch\n|move|p2a: Alomomola|Wish|p2a: Alomomola\n|move|p1a: Medicham|Focus Punch|p2a: Alomomola\n|-damage|p2a: Alomomola|8\/100\n|-damage|p1a: Medicham|68\/100|[from] item: Rocky Helmet|[of] p2a: Alomomola\n|\n|-weather|Snow|[upkeep]\n|upkeep\n|turn|8\n|\n|t:|1700383431\n|move|p2a: Alomomola|Protect|p2a: Alomomola\n|-singleturn|p2a: Alomomola|Protect\n|move|p1a: Medicham|Close Combat|p2a: Alomomola\n|-activate|p2a: Alomomola|move: Protect\n|\n|-weather|none\n|-heal|p2a: Alomomola|58\/100|[from] move: Wish|[wisher] Alomomola\n|upkeep\n|turn|9\n|\n|t:|1700383444\n|-singleturn|p1a: Medicham|move: Focus Punch\n|move|p2a: Alomomola|Wish|p2a: Alomomola\n|move|p1a: Medicham|Focus Punch|p2a: Alomomola\n|-damage|p2a: Alomomola|8\/100\n|-damage|p1a: Medicham|51\/100|[from] item: Rocky Helmet|[of] p2a: Alomomola\n|\n|upkeep\n|turn|10\n|\n|t:|1700383457\n|-singleturn|p1a: Medicham|move: Focus Punch\n|move|p2a: Alomomola|Protect|p2a: Alomomola\n|-singleturn|p2a: Alomomola|Protect\n|move|p1a: Medicham|Focus Punch|p2a: Alomomola\n|-activate|p2a: Alomomola|move: Protect\n|\n|-heal|p2a: Alomomola|58\/100|[from] move: Wish|[wisher] Alomomola\n|upkeep\n|turn|11\n|\n|t:|1700383469\n|-singleturn|p1a: Medicham|move: Focus Punch\n|move|p2a: Alomomola|Scald|p1a: Medicham\n|-damage|p1a: Medicham|17\/100\n|-enditem|p1a: Medicham|Iapapa Berry|[eat]\n|-heal|p1a: Medicham|50\/100|[from] item: Iapapa Berry\n|cant|p1a: Medicham|Focus Punch|Focus Punch\n|\n|upkeep\n|turn|12\n|\n|t:|1700383481\n|move|p2a: Alomomola|Protect|p2a: Alomomola\n|-singleturn|p2a: Alomomola|Protect\n|move|p1a: Medicham|Close Combat|p2a: Alomomola\n|-activate|p2a: Alomomola|move: Protect\n|\n|upkeep\n|turn|13\n|\n|t:|1700383489\n|-singleturn|p1a: Medicham|move: Focus Punch\n|move|p2a: Alomomola|Wish|p2a: Alomomola\n|move|p1a: Medicham|Focus Punch|p2a: Alomomola\n|-damage|p2a: Alomomola|7\/100\n|-damage|p1a: Medicham|33\/100|[from] item: Rocky Helmet|[of] p2a: Alomomola\n|\n|upkeep\n|turn|14\n|\n|t:|1700383505\n|move|p1a: Medicham|Detect|p1a: Medicham\n|-singleturn|p1a: Medicham|Protect\n|move|p2a: Alomomola|Protect||[still]\n|-fail|p2a: Alomomola\n|\n|-heal|p2a: Alomomola|57\/100|[from] move: Wish|[wisher] Alomomola\n|upkeep\n|turn|15\n|\n|t:|1700383517\n|switch|p2a: Slowking|Slowking-Galar, M|84\/100\n|move|p1a: Medicham|Close Combat|p2a: Slowking\n|-resisted|p2a: Slowking\n|-damage|p2a: Slowking|63\/100\n|-unboost|p1a: Medicham|def|1\n|-unboost|p1a: Medicham|spd|1\n|\n|upkeep\n|turn|16\n|\n|t:|1700383527\n|move|p1a: Medicham|Zen Headbutt|p2a: Slowking\n|-damage|p2a: Slowking|13\/100\n|cant|p2a: Slowking|flinch\n|\n|upkeep\n|turn|17\n|\n|t:|1700383537\n|switch|p2a: Alomomola|Alomomola, F|90\/100\n|move|p1a: Medicham|Close Combat|p2a: Alomomola\n|-crit|p2a: Alomomola\n|-damage|p2a: Alomomola|28\/100\n|-unboost|p1a: Medicham|def|1\n|-unboost|p1a: Medicham|spd|1\n|-damage|p1a: Medicham|17\/100|[from] item: Rocky Helmet|[of] p2a: Alomomola\n|\n|upkeep\n|turn|18\n|\n|t:|1700383548\n|switch|p2a: Slowking|Slowking-Galar, M|46\/100\n|move|p1a: Medicham|Detect||[still]\n|-fail|p1a: Medicham\n|\n|upkeep\n|turn|19\n|\n|t:|1700383556\n|move|p1a: Medicham|Close Combat|p2a: Slowking\n|-resisted|p2a: Slowking\n|-damage|p2a: Slowking|27\/100\n|-unboost|p1a: Medicham|def|1\n|-unboost|p1a: Medicham|spd|1\n|move|p2a: Slowking|Chilly Reception|p2a: Slowking\n|-weather|Snow\n|\n|t:|1700383566\n|switch|p2a: Cinderace|Cinderace, F|100\/100|[from] Chilly Reception\n|\n|-weather|Snow|[upkeep]\n|upkeep\n|turn|20\n|\n|t:|1700383574\n|switch|p1a: Gyarados|Gyarados, M, shiny|100\/100\n|move|p2a: Cinderace|U-turn|p1a: Gyarados\n|-start|p2a: Cinderace|typechange|Bug|[from] ability: Libero\n|-resisted|p1a: Gyarados\n|-damage|p1a: Gyarados|83\/100\n|\n|t:|1700383585\n|switch|p2a: Thundurus|Thundurus-Therian, M, tera:Ice|100\/100|[from] U-turn\n|\n|-weather|Snow|[upkeep]\n|upkeep\n|turn|21\n|inactive|JayMiighty has 120 seconds left.\n|\n|t:|1700383606\n|move|p2a: Thundurus|Volt Switch|p1a: Gyarados\n|-supereffective|p1a: Gyarados\n|-damage|p1a: Gyarados|0 fnt\n|faint|p1a: Gyarados\n|\n|t:|1700383631\n|switch|p2a: Alomomola|Alomomola, F|62\/100|[from] Volt Switch\n|\n|-weather|Snow|[upkeep]\n|upkeep\n|\n|t:|1700383641\n|switch|p1a: Medicham|Medicham, M, shiny|17\/100\n|turn|22\n|\n|t:|1700383660\n|move|p2a: Alomomola|Protect|p2a: Alomomola\n|-singleturn|p2a: Alomomola|Protect\n|move|p1a: Medicham|Zen Headbutt|p2a: Alomomola\n|-activate|p2a: Alomomola|move: Protect\n|\n|-weather|Snow|[upkeep]\n|upkeep\n|turn|23\n|\n|t:|1700383675\n|-singleturn|p1a: Medicham|move: Focus Punch\n|move|p2a: Alomomola|Wish|p2a: Alomomola\n|move|p1a: Medicham|Focus Punch|p2a: Alomomola\n|-damage|p2a: Alomomola|12\/100\n|-damage|p1a: Medicham|0 fnt|[from] item: Rocky Helmet|[of] p2a: Alomomola\n|faint|p1a: Medicham\n|\n|-weather|none\n|upkeep\n|\n|t:|1700383688\n|switch|p1a: Torterra|Torterra, M|100\/100\n|turn|24\n|\n|t:|1700383703\n|move|p2a: Alomomola|Protect|p2a: Alomomola\n|-singleturn|p2a: Alomomola|Protect\n|move|p1a: Torterra|Shell Smash|p1a: Torterra\n|-unboost|p1a: Torterra|def|1\n|-unboost|p1a: Torterra|spd|1\n|-boost|p1a: Torterra|atk|2\n|-boost|p1a: Torterra|spa|2\n|-boost|p1a: Torterra|spe|2\n|\n|-heal|p2a: Alomomola|62\/100|[from] move: Wish|[wisher] Alomomola\n|upkeep\n|turn|25\n|\n|t:|1700383716\n|switch|p2a: Slowking|Slowking-Galar, M|60\/100\n|move|p1a: Torterra|Headlong Rush|p2a: Slowking\n|-supereffective|p2a: Slowking\n|-damage|p2a: Slowking|0 fnt\n|-unboost|p1a: Torterra|def|1\n|-unboost|p1a: Torterra|spd|1\n|faint|p2a: Slowking\n|-damage|p1a: Torterra|91\/100|[from] item: Life Orb\n|\n|upkeep\n|\n|t:|1700383733\n|switch|p2a: Thundurus|Thundurus-Therian, M, tera:Ice|100\/100\n|turn|26\n|\n|t:|1700383748\n|move|p2a: Thundurus|Tera Blast|p1a: Torterra|[anim] Tera Blast Ice\n|-supereffective|p1a: Torterra\n|-damage|p1a: Torterra|0 fnt\n|faint|p1a: Torterra\n|\n|upkeep\n|\n|t:|1700383756\n|switch|p1a: Azumarill|Azumarill, M|100\/100\n|turn|27\n|\n|t:|1700383761\n|switch|p2a: Alomomola|Alomomola, F|95\/100\n|move|p1a: Azumarill|Belly Drum|p1a: Azumarill\n|-damage|p1a: Azumarill|51\/100\n|-setboost|p1a: Azumarill|atk|6|[from] move: Belly Drum\n|\n|upkeep\n|turn|28\n|\n|t:|1700383773\n|move|p1a: Azumarill|Aqua Jet|p2a: Alomomola\n|-resisted|p2a: Alomomola\n|-damage|p2a: Alomomola|71\/100\n|-damage|p1a: Azumarill|34\/100|[from] item: Rocky Helmet|[of] p2a: Alomomola\n|move|p2a: Alomomola|Wish|p2a: Alomomola\n|\n|upkeep\n|turn|29\n|\n|t:|1700383784\n|move|p2a: Alomomola|Scald|p1a: Azumarill\n|-resisted|p1a: Azumarill\n|-damage|p1a: Azumarill|27\/100\n|-status|p1a: Azumarill|brn\n|move|p1a: Azumarill|Substitute|p1a: Azumarill\n|-start|p1a: Azumarill|Substitute\n|-damage|p1a: Azumarill|2\/100 brn\n|\n|-heal|p2a: Alomomola|100\/100|[from] move: Wish|[wisher] Alomomola\n|-damage|p1a: Azumarill|0 fnt|[from] brn\n|faint|p1a: Azumarill\n|upkeep\n|\n|t:|1700383797\n|switch|p1a: Glalie|Glalie, F|100\/100\n|turn|30\n|\n|t:|1700383807\n|move|p1a: Glalie|Icicle Crash|p2a: Alomomola\n|-resisted|p2a: Alomomola\n|-damage|p2a: Alomomola|93\/100\n|cant|p2a: Alomomola|flinch\n|\n|upkeep\n|turn|31\n|\n|t:|1700383815\n|move|p1a: Glalie|Earthquake|p2a: Alomomola\n|-damage|p2a: Alomomola|80\/100\n|move|p2a: Alomomola|Flip Turn|p1a: Glalie\n|-damage|p1a: Glalie|80\/100\n|\n|t:|1700383822\n|switch|p2a: Cinderace|Cinderace, F|100\/100|[from] Flip Turn\n|\n|-heal|p1a: Glalie|86\/100|[from] item: Leftovers\n|upkeep\n|turn|32\n|\n|t:|1700383831\n|move|p2a: Cinderace|High Jump Kick|p1a: Glalie\n|-start|p2a: Cinderace|typechange|Fighting|[from] ability: Libero\n|-supereffective|p1a: Glalie\n|-damage|p1a: Glalie|0 fnt\n|faint|p1a: Glalie\n|\n|win|Rhyfinn08\n|raw|JayMiighty's rating: 1014 &rarr; <strong>1004<\/strong><br \/>(-10 for losing)\n|raw|Rhyfinn08's rating: 1076 &rarr; <strong>1100<\/strong><br \/>(+24 for winning)\n","uploadtime":1700383836,"views":26,"p1id":"jaymiighty","p2id":"rhyfinn08","formatid":"gen9ou","rating":1004,"private":0,"password":""}