{"id":"gen9ou-2000493512","p1":"DiceyRice","p2":"Maric28","format":"[Gen 9] OU","log":"|j|\u2606DiceyRice\n|j|\u2606Maric28\n|t:|1701199462\n|gametype|singles\n|player|p1|DiceyRice|acerola|1528\n|player|p2|Maric28|101|1490\n|teamsize|p1|6\n|teamsize|p2|6\n|gen|9\n|tier|[Gen 9] OU\n|rated|\n|rule|Sleep Clause Mod: Limit one foe put to sleep\n|rule|Species Clause: Limit one of each Pok\u00e9mon\n|rule|OHKO Clause: OHKO moves are banned\n|rule|Evasion Items Clause: Evasion items are banned\n|rule|Evasion Moves Clause: Evasion moves are banned\n|rule|Endless Battle Clause: Forcing endless battles is banned\n|rule|HP Percentage Mod: HP is shown in percentages\n|clearpoke\n|poke|p1|Maushold|\n|poke|p1|Rillaboom, M|\n|poke|p1|Great Tusk|\n|poke|p1|Heatran, F|\n|poke|p1|Enamorus, F|\n|poke|p1|Kingambit, F|\n|poke|p2|Meowscarada, M|\n|poke|p2|Skeledirge, M|\n|poke|p2|Quaquaval, M|\n|poke|p2|Zoroark-Hisui, M|\n|poke|p2|Glimmora, F|\n|poke|p2|Mew|\n|teampreview\n|inactive|Battle timer is ON: inactive players will automatically lose when time's up. (requested by Maric28)\n|\n|t:|1701199499\n|start\n|switch|p1a: Big Tooth|Great Tusk|100\/100\n|switch|p2a: Meowscarada|Meowscarada, M|100\/100\n|turn|1\n|\n|t:|1701199520\n|-end|p1a: Big Tooth|Protosynthesis|[silent]\n|switch|p1a: Harambe|Rillaboom, M|100\/100\n|-fieldstart|move: Grassy Terrain|[from] ability: Grassy Surge|[of] p1a: Harambe\n|move|p2a: Meowscarada|Flower Trick|p1a: Harambe\n|-resisted|p1a: Harambe\n|-crit|p1a: Harambe\n|-damage|p1a: Harambe|68\/100\n|\n|-heal|p1a: Harambe|74\/100|[from] Grassy Terrain\n|upkeep\n|turn|2\n|\n|t:|1701199532\n|switch|p2a: Glimmora|Glimmora, F|100\/100\n|move|p1a: Harambe|U-turn|p2a: Glimmora\n|-resisted|p2a: Glimmora\n|-damage|p2a: Glimmora|76\/100\n|-activate|p2a: Glimmora|ability: Toxic Debris\n|-sidestart|p1: DiceyRice|move: Toxic Spikes\n|\n|t:|1701199536\n|switch|p1a: Gay|Enamorus, F|100\/100|[from] U-turn\n|\n|-heal|p2a: Glimmora|82\/100|[from] Grassy Terrain\n|upkeep\n|turn|3\n|\n|t:|1701199548\n|move|p1a: Gay|Earth Power|p2a: Glimmora\n|-supereffective|p2a: Glimmora\n|-damage|p2a: Glimmora|0 fnt\n|faint|p2a: Glimmora\n|\n|upkeep\n|inactive|Maric28 has 120 seconds left.\n|\n|t:|1701199570\n|switch|p2a: Mew|Mew|100\/100\n|turn|4\n|\n|t:|1701199599\n|switch|p1a: Mihawk|Kingambit, F|100\/100\n|move|p2a: Mew|Dragon Dance|p2a: Mew\n|-boost|p2a: Mew|atk|1\n|-boost|p2a: Mew|spe|1\n|\n|upkeep\n|turn|5\n|\n|t:|1701199607\n|move|p1a: Mihawk|Sucker Punch|p2a: Mew\n|-supereffective|p2a: Mew\n|-damage|p2a: Mew|16\/100\n|-enditem|p2a: Mew|Red Card|[of] p1a: Mihawk\n|-end|p1a: Mihawk|fallenundefined|[silent]\n|drag|p1a: Gay|Enamorus, F|100\/100\n|move|p2a: Mew|Earthquake|p1a: Gay\n|-immune|p1a: Gay\n|\n|-heal|p2a: Mew|22\/100|[from] Grassy Terrain\n|-fieldend|move: Grassy Terrain\n|upkeep\n|turn|6\n|\n|t:|1701199617\n|move|p1a: Gay|Moonblast|p2a: Mew\n|-damage|p2a: Mew|0 fnt\n|faint|p2a: Mew\n|\n|upkeep\n|\n|t:|1701199621\n|switch|p2a: Skeledirge|Skeledirge, M|100\/100\n|turn|7\n|\n|t:|1701199629\n|switch|p1a: Heatroach|Heatran, F|100\/100\n|switch|p2a: Quaquaval|Quaquaval, M|100\/100\n|\n|upkeep\n|turn|8\n|\n|t:|1701199639\n|switch|p1a: Gay|Enamorus, F|100\/100\n|-terastallize|p2a: Quaquaval|Water\n|move|p2a: Quaquaval|Aqua Step|p1a: Gay\n|-damage|p1a: Gay|0 fnt\n|-boost|p2a: Quaquaval|spe|1\n|faint|p1a: Gay\n|-ability|p2a: Quaquaval|Moxie|boost\n|-boost|p2a: Quaquaval|atk|1\n|\n|upkeep\n|\n|t:|1701199643\n|switch|p1a: Harambe|Rillaboom, M|74\/100\n|-status|p1a: Harambe|psn\n|-fieldstart|move: Grassy Terrain|[from] ability: Grassy Surge|[of] p1a: Harambe\n|turn|9\n|\n|t:|1701199655\n|switch|p2a: Skeledirge|Skeledirge, M|100\/100\n|move|p1a: Harambe|Grassy Glide|p2a: Skeledirge\n|-resisted|p2a: Skeledirge\n|-damage|p2a: Skeledirge|83\/100\n|\n|-heal|p1a: Harambe|80\/100 psn|[from] Grassy Terrain\n|-heal|p2a: Skeledirge|89\/100|[from] Grassy Terrain\n|-heal|p2a: Skeledirge|95\/100|[from] item: Leftovers\n|-damage|p1a: Harambe|68\/100 psn|[from] psn\n|upkeep\n|turn|10\n|\n|t:|1701199666\n|switch|p1a: Heatroach|Heatran, F|100\/100\n|move|p2a: Skeledirge|Shadow Ball|p1a: Heatroach\n|-damage|p1a: Heatroach|79\/100\n|-unboost|p1a: Heatroach|spd|1\n|\n|-heal|p1a: Heatroach|85\/100|[from] Grassy Terrain\n|-heal|p1a: Heatroach|92\/100|[from] item: Leftovers\n|-heal|p2a: Skeledirge|100\/100|[from] Grassy Terrain\n|upkeep\n|turn|11\n|\n|t:|1701199678\n|move|p1a: Heatroach|Earth Power|p2a: Skeledirge\n|-supereffective|p2a: Skeledirge\n|-damage|p2a: Skeledirge|42\/100\n|move|p2a: Skeledirge|Shadow Ball|p1a: Heatroach\n|-damage|p1a: Heatroach|70\/100\n|\n|-heal|p1a: Heatroach|77\/100|[from] Grassy Terrain\n|-heal|p1a: Heatroach|83\/100|[from] item: Leftovers\n|-heal|p2a: Skeledirge|48\/100|[from] Grassy Terrain\n|-heal|p2a: Skeledirge|54\/100|[from] item: Leftovers\n|upkeep\n|turn|12\n|\n|t:|1701199688\n|switch|p2a: Meowscarada|Meowscarada, M|100\/100\n|move|p1a: Heatroach|Earth Power|p2a: Meowscarada\n|-resisted|p2a: Meowscarada\n|-damage|p2a: Meowscarada|81\/100\n|\n|-heal|p2a: Meowscarada|87\/100|[from] Grassy Terrain\n|-heal|p1a: Heatroach|89\/100|[from] Grassy Terrain\n|-heal|p1a: Heatroach|95\/100|[from] item: Leftovers\n|upkeep\n|turn|13\n|\n|t:|1701199711\n|switch|p1a: Mihawk|Kingambit, F|100\/100\n|-activate|p1a: Mihawk|ability: Supreme Overlord\n|-start|p1a: Mihawk|fallen1|[silent]\n|move|p2a: Meowscarada|Trick|p1a: Mihawk\n|-activate|p2a: Meowscarada|move: Trick|[of] p1a: Mihawk\n|-item|p1a: Mihawk|Choice Scarf|[from] move: Trick\n|-item|p2a: Meowscarada|Leftovers|[from] move: Trick\n|\n|-heal|p2a: Meowscarada|93\/100|[from] Grassy Terrain\n|-heal|p2a: Meowscarada|99\/100|[from] item: Leftovers\n|-fieldend|move: Grassy Terrain\n|upkeep\n|turn|14\n|\n|t:|1701199722\n|move|p2a: Meowscarada|U-turn|p1a: Mihawk\n|-damage|p1a: Mihawk|84\/100\n|\n|t:|1701199727\n|switch|p2a: Quaquaval|Quaquaval, M, tera:Water|100\/100|[from] U-turn\n|move|p1a: Mihawk|Kowtow Cleave|p2a: Quaquaval\n|-crit|p2a: Quaquaval\n|-damage|p2a: Quaquaval|0 fnt\n|faint|p2a: Quaquaval\n|\n|upkeep\n|\n|t:|1701199736\n|switch|p2a: Meowscarada|Meowscarada, M|99\/100\n|turn|15\n|inactive|DiceyRice has 120 seconds left.\n|\n|t:|1701199769\n|move|p2a: Meowscarada|Flower Trick|p1a: Mihawk\n|-resisted|p1a: Mihawk\n|-crit|p1a: Mihawk\n|-damage|p1a: Mihawk|66\/100\n|move|p1a: Mihawk|Kowtow Cleave|p2a: Meowscarada\n|-resisted|p2a: Meowscarada\n|-damage|p2a: Meowscarada|53\/100\n|\n|-heal|p2a: Meowscarada|59\/100|[from] item: Leftovers\n|upkeep\n|turn|16\n|\n|t:|1701199786\n|move|p2a: Meowscarada|Flower Trick|p1a: Mihawk\n|-resisted|p1a: Mihawk\n|-crit|p1a: Mihawk\n|-damage|p1a: Mihawk|48\/100\n|move|p1a: Mihawk|Kowtow Cleave|p2a: Meowscarada\n|-resisted|p2a: Meowscarada\n|-damage|p2a: Meowscarada|14\/100\n|\n|-heal|p2a: Meowscarada|20\/100|[from] item: Leftovers\n|upkeep\n|turn|17\n|\n|t:|1701199797\n|move|p2a: Meowscarada|Flower Trick|p1a: Mihawk\n|-resisted|p1a: Mihawk\n|-crit|p1a: Mihawk\n|-damage|p1a: Mihawk|24\/100\n|move|p1a: Mihawk|Kowtow Cleave|p2a: Meowscarada\n|-resisted|p2a: Meowscarada\n|-damage|p2a: Meowscarada|0 fnt\n|faint|p2a: Meowscarada\n|\n|upkeep\n|\n|t:|1701199806\n|switch|p2a: Skeledirge|Skeledirge, M|100\/100\n|turn|18\n|\n|t:|1701199814\n|move|p2a: Skeledirge|Flamethrower|p1a: Mihawk\n|-supereffective|p1a: Mihawk\n|-damage|p1a: Mihawk|0 fnt\n|faint|p1a: Mihawk\n|-end|p1a: Mihawk|fallen1|[silent]\n|\n|upkeep\n|\n|t:|1701199818\n|switch|p1a: Heatroach|Heatran, F|95\/100\n|turn|19\n|\n|t:|1701199823\n|move|p2a: Skeledirge|Rain Dance|p2a: Skeledirge\n|-weather|RainDance\n|move|p1a: Heatroach|Magma Storm|p2a: Skeledirge\n|-damage|p2a: Skeledirge|59\/100\n|-activate|p2a: Skeledirge|move: Magma Storm|[of] p1a: Heatroach\n|replace|p2a: Zoroark|Zoroark-Hisui, M\n|-end|p2a: Zoroark|Illusion\n|\n|-weather|RainDance|[upkeep]\n|-heal|p1a: Heatroach|100\/100|[from] item: Leftovers\n|-damage|p2a: Zoroark|46\/100|[from] move: Magma Storm|[partiallytrapped]\n|upkeep\n|turn|20\n|\n|t:|1701199832\n|move|p2a: Zoroark|Shadow Ball|p1a: Heatroach\n|-damage|p1a: Heatroach|75\/100\n|move|p1a: Heatroach|Earth Power|p2a: Zoroark\n|-damage|p2a: Zoroark|0 fnt\n|faint|p2a: Zoroark\n|\n|-weather|RainDance|[upkeep]\n|-heal|p1a: Heatroach|81\/100|[from] item: Leftovers\n|upkeep\n|\n|t:|1701199845\n|switch|p2a: Skeledirge|Skeledirge, M|54\/100\n|turn|21\n|\n|t:|1701199850\n|move|p1a: Heatroach|Earth Power|p2a: Skeledirge\n|-supereffective|p2a: Skeledirge\n|-damage|p2a: Skeledirge|0 fnt\n|faint|p2a: Skeledirge\n|\n|win|DiceyRice\n|raw|DiceyRice's rating: 1528 &rarr; <strong>1546<\/strong><br \/>(+18 for winning)\n|raw|Maric28's rating: 1490 &rarr; <strong>1472<\/strong><br \/>(-18 for losing)\n|l|\u2606Maric28\n|l|\u2606DiceyRice\n|j|\u2606DiceyRice\n|player|p1|DiceyRice|acerola\n","uploadtime":1701200130,"views":2,"p1id":"diceyrice","p2id":"maric28","formatid":"gen9ou","rating":1472,"private":0,"password":""}