{"id":"gen9ou-1991132752","p1":"illuzionist test","p2":"OUHF Zam Zam","format":"[Gen 9] OU","log":"|j|\u2606illuzionist test\n|j|\u2606OUHF Zam Zam\n|t:|1700047914\n|gametype|singles\n|player|p1|illuzionist test|oak-gen1|1738\n|player|p2|OUHF Zam Zam|palmer|1878\n|teamsize|p1|6\n|teamsize|p2|6\n|gen|9\n|tier|[Gen 9] OU\n|rated|\n|rule|Sleep Clause Mod: Limit one foe put to sleep\n|rule|Species Clause: Limit one of each Pok\u00e9mon\n|rule|OHKO Clause: OHKO moves are banned\n|rule|Evasion Items Clause: Evasion items are banned\n|rule|Evasion Moves Clause: Evasion moves are banned\n|rule|Endless Battle Clause: Forcing endless battles is banned\n|rule|HP Percentage Mod: HP is shown in percentages\n|clearpoke\n|poke|p1|Torkoal, F|\n|poke|p1|Hatterene, F|\n|poke|p1|Lilligant, F|\n|poke|p1|Walking Wake|\n|poke|p1|Kingambit, F|\n|poke|p1|Landorus-Therian, M|\n|poke|p2|Weavile, F|\n|poke|p2|Zapdos|\n|poke|p2|Great Tusk|\n|poke|p2|Slowking-Galar, M|\n|poke|p2|Heatran, F|\n|poke|p2|Kingambit, M|\n|teampreview\n|inactive|Battle timer is ON: inactive players will automatically lose when time's up. (requested by OUHF Zam Zam)\n|j| fsausad95987\n|l| fsausad95987\n|\n|t:|1700047937\n|start\n|switch|p1a: Landorus|Landorus-Therian, M|100\/100\n|switch|p2a: Slowking|Slowking-Galar, M|100\/100\n|-ability|p1a: Landorus|Intimidate|boost\n|-unboost|p2a: Slowking|atk|1\n|turn|1\n|\n|t:|1700047944\n|switch|p2a: Heatran|Heatran, F|100\/100\n|-item|p2a: Heatran|Air Balloon\n|move|p1a: Landorus|U-turn|p2a: Heatran\n|-resisted|p2a: Heatran\n|-crit|p2a: Heatran\n|-damage|p2a: Heatran|93\/100\n|-enditem|p2a: Heatran|Air Balloon\n|\n|t:|1700047961\n|switch|p1a: Torkoal|Torkoal, F|100\/100|[from] U-turn\n|-weather|SunnyDay|[from] ability: Drought|[of] p1a: Torkoal\n|\n|-weather|SunnyDay|[upkeep]\n|upkeep\n|turn|2\n|\n|t:|1700047965\n|switch|p1a: Hatterene|Hatterene, F|100\/100\n|move|p2a: Heatran|Earth Power|p1a: Hatterene\n|-damage|p1a: Hatterene|75\/100\n|-enditem|p1a: Hatterene|Eject Button\n|\n|t:|1700047969\n|switch|p1a: Walking Wake|Walking Wake|100\/100\n|-activate|p1a: Walking Wake|ability: Protosynthesis\n|-start|p1a: Walking Wake|protosynthesisspa\n|\n|-weather|SunnyDay|[upkeep]\n|upkeep\n|turn|3\n|\n|t:|1700047996\n|-terastallize|p2a: Heatran|Grass\n|move|p1a: Walking Wake|Hydro Steam|p2a: Heatran\n|-resisted|p2a: Heatran\n|-crit|p2a: Heatran\n|-damage|p2a: Heatran|0 fnt\n|faint|p2a: Heatran\n|\n|-weather|SunnyDay|[upkeep]\n|upkeep\n|inactive|OUHF Zam Zam has 120 seconds left.\n|\n|t:|1700048028\n|switch|p2a: Kingambit|Kingambit, M|100\/100\n|-activate|p2a: Kingambit|ability: Supreme Overlord\n|-start|p2a: Kingambit|fallen1|[silent]\n|turn|4\n|\n|t:|1700048033\n|move|p2a: Kingambit|Sucker Punch|p1a: Walking Wake\n|-damage|p1a: Walking Wake|51\/100\n|move|p1a: Walking Wake|Hydro Steam|p2a: Kingambit\n|-damage|p2a: Kingambit|0 fnt\n|faint|p2a: Kingambit\n|-end|p2a: Kingambit|fallen1|[silent]\n|\n|-weather|SunnyDay|[upkeep]\n|upkeep\n|\n|t:|1700048037\n|switch|p2a: Weavile|Weavile, F|100\/100\n|-ability|p2a: Weavile|Pressure\n|turn|5\n|inactive|OUHF Zam Zam has 120 seconds left.\n|\n|t:|1700048049\n|-end|p1a: Walking Wake|Protosynthesis|[silent]\n|switch|p1a: Kingambit|Kingambit, F|100\/100\n|move|p2a: Weavile|Icicle Spear|p1a: Kingambit\n|-resisted|p1a: Kingambit\n|-damage|p1a: Kingambit|95\/100\n|-resisted|p1a: Kingambit\n|-damage|p1a: Kingambit|90\/100\n|-resisted|p1a: Kingambit\n|-damage|p1a: Kingambit|85\/100\n|-resisted|p1a: Kingambit\n|-damage|p1a: Kingambit|80\/100\n|-hitcount|p1a: Kingambit|4\n|\n|-weather|SunnyDay|[upkeep]\n|-heal|p1a: Kingambit|86\/100|[from] item: Leftovers\n|upkeep\n|turn|6\n|\n|t:|1700048060\n|move|p2a: Weavile|Low Kick|p1a: Kingambit\n|-supereffective|p1a: Kingambit\n|-damage|p1a: Kingambit|0 fnt\n|faint|p1a: Kingambit\n|-end|p1a: Kingambit|fallenundefined|[silent]\n|\n|-weather|SunnyDay|[upkeep]\n|upkeep\n|\n|t:|1700048064\n|switch|p1a: Lilligant|Lilligant, F, shiny|100\/100\n|turn|7\n|\n|t:|1700048080\n|switch|p2a: Slowking|Slowking-Galar, M|100\/100\n|move|p1a: Lilligant|Sleep Powder|p2a: Slowking\n|-status|p2a: Slowking|slp|[from] move: Sleep Powder\n|\n|-weather|SunnyDay|[upkeep]\n|upkeep\n|turn|8\n|\n|t:|1700048089\n|switch|p1a: Hatterene|Hatterene, F|75\/100\n|cant|p2a: Slowking|slp\n|\n|-weather|none\n|upkeep\n|turn|9\n|j| gosuBX\n|j| jcnjsandcmvlkm\n|\n|t:|1700048095\n|move|p1a: Hatterene|Healing Wish|p1a: Hatterene\n|faint|p1a: Hatterene\n|cant|p2a: Slowking|slp\n|\n|upkeep\n|\n|t:|1700048098\n|switch|p1a: Torkoal|Torkoal, F|100\/100\n|-weather|SunnyDay|[from] ability: Drought|[of] p1a: Torkoal\n|turn|10\n|\n|t:|1700048111\n|cant|p2a: Slowking|slp\n|move|p1a: Torkoal|Stealth Rock|p2a: Slowking\n|-sidestart|p2: OUHF Zam Zam|move: Stealth Rock\n|\n|-weather|SunnyDay|[upkeep]\n|upkeep\n|turn|11\n|\n|t:|1700048123\n|switch|p1a: Walking Wake|Walking Wake|51\/100\n|-heal|p1a: Walking Wake|100\/100|[from] move: Healing Wish\n|-activate|p1a: Walking Wake|ability: Protosynthesis\n|-start|p1a: Walking Wake|protosynthesisspa\n|-curestatus|p2a: Slowking|slp|[msg]\n|move|p2a: Slowking|Sludge Bomb|p1a: Walking Wake\n|-damage|p1a: Walking Wake|64\/100\n|\n|-weather|SunnyDay|[upkeep]\n|upkeep\n|turn|12\n|\n|t:|1700048149\n|move|p1a: Walking Wake|Hydro Steam|p2a: Slowking\n|-damage|p2a: Slowking|22\/100\n|move|p2a: Slowking|Sludge Bomb|p1a: Walking Wake\n|-damage|p1a: Walking Wake|26\/100\n|\n|-weather|SunnyDay|[upkeep]\n|upkeep\n|turn|13\n|inactive|OUHF Zam Zam has 120 seconds left.\n|\n|t:|1700048190\n|switch|p2a: Zapdos|Zapdos|100\/100\n|move|p1a: Walking Wake|Hydro Steam|p2a: Zapdos\n|-damage|p2a: Zapdos|0 fnt\n|faint|p2a: Zapdos\n|\n|-weather|SunnyDay|[upkeep]\n|upkeep\n|\n|t:|1700048192\n|switch|p2a: Weavile|Weavile, F|100\/100\n|-damage|p2a: Weavile|76\/100|[from] Stealth Rock\n|-ability|p2a: Weavile|Pressure\n|turn|14\n|j| Ctannn\n|\n|t:|1700048208\n|move|p2a: Weavile|Knock Off|p1a: Walking Wake\n|-damage|p1a: Walking Wake|0 fnt\n|-enditem|p1a: Walking Wake|Choice Specs|[from] move: Knock Off|[of] p2a: Weavile\n|faint|p1a: Walking Wake\n|-end|p1a: Walking Wake|Protosynthesis|[silent]\n|\n|-weather|SunnyDay|[upkeep]\n|upkeep\n|\n|t:|1700048211\n|switch|p1a: Lilligant|Lilligant, F, shiny|100\/100\n|turn|15\n|inactive|OUHF Zam Zam has 120 seconds left.\n|\n|t:|1700048238\n|-terastallize|p1a: Lilligant|Fire\n|move|p2a: Weavile|Ice Shard|p1a: Lilligant\n|-resisted|p1a: Lilligant\n|-damage|p1a: Lilligant|85\/100\n|move|p1a: Lilligant|Weather Ball|p2a: Weavile\n|-supereffective|p2a: Weavile\n|-damage|p2a: Weavile|0 fnt\n|faint|p2a: Weavile\n|-damage|p1a: Lilligant|75\/100|[from] item: Life Orb\n|\n|-weather|SunnyDay|[upkeep]\n|upkeep\n|\n|t:|1700048242\n|switch|p2a: Slowking|Slowking-Galar, M|55\/100\n|turn|16\n|\n|t:|1700048251\n|move|p1a: Lilligant|Weather Ball|p2a: Slowking\n|-damage|p2a: Slowking|0 fnt\n|faint|p2a: Slowking\n|-damage|p1a: Lilligant|65\/100|[from] item: Life Orb\n|\n|-weather|SunnyDay|[upkeep]\n|upkeep\n|-message|OUHF Zam Zam forfeited.\n|\n|win|illuzionist test\n|raw|illuzionist test's rating: 1738 &rarr; <strong>1766<\/strong><br \/>(+28 for winning)\n|raw|OUHF Zam Zam's rating: 1878 &rarr; <strong>1850<\/strong><br \/>(-28 for losing)\n|l|\u2606OUHF Zam Zam\n|l| jcnjsandcmvlkm\n|l| gosuBX\n|l| Ctannn\n","uploadtime":1700048930,"views":17,"p1id":"illuzionisttest","p2id":"ouhfzamzam","formatid":"gen9ou","rating":1766,"private":0,"password":""}