{"id":"gen9ou-1992757558","p1":"d18l","p2":"Pedro lopesbr","format":"[Gen 9] OU","log":"|j|\u2606d18l\n|j|\u2606Pedro lopesbr\n|t:|1700232732\n|gametype|singles\n|player|p1|d18l|backpacker|1719\n|player|p2|Pedro lopesbr|giovanni|1688\n|teamsize|p1|6\n|teamsize|p2|6\n|gen|9\n|tier|[Gen 9] OU\n|rated|\n|rule|Sleep Clause Mod: Limit one foe put to sleep\n|rule|Species Clause: Limit one of each Pok\u00e9mon\n|rule|OHKO Clause: OHKO moves are banned\n|rule|Evasion Items Clause: Evasion items are banned\n|rule|Evasion Moves Clause: Evasion moves are banned\n|rule|Endless Battle Clause: Forcing endless battles is banned\n|rule|HP Percentage Mod: HP is shown in percentages\n|clearpoke\n|poke|p1|Ribombee, F|\n|poke|p1|Gholdengo|\n|poke|p1|Great Tusk|\n|poke|p1|Kingambit, F|\n|poke|p1|Ogerpon-Wellspring, F|\n|poke|p1|Iron Moth|\n|poke|p2|Great Tusk|\n|poke|p2|Corviknight, M|\n|poke|p2|Greninja-*, M|\n|poke|p2|Slowking-Galar, F|\n|poke|p2|Dragapult, M|\n|poke|p2|Cinderace, M|\n|teampreview\n|\n|t:|1700232737\n|start\n|switch|p1a: Ribombee|Ribombee, F|100\/100\n|switch|p2a: Dragapult|Dragapult, M|100\/100\n|turn|1\n|\n|t:|1700232747\n|move|p2a: Dragapult|U-turn|p1a: Ribombee\n|-resisted|p1a: Ribombee\n|-damage|p1a: Ribombee|83\/100\n|\n|t:|1700232753\n|switch|p2a: Slowking|Slowking-Galar, F|100\/100|[from] U-turn\n|move|p1a: Ribombee|Stun Spore|p2a: Slowking\n|-status|p2a: Slowking|par\n|\n|upkeep\n|turn|2\n|\n|t:|1700232771\n|switch|p1a: Gholdengo|Gholdengo|100\/100\n|-item|p1a: Gholdengo|Air Balloon\n|move|p2a: Slowking|Flamethrower|p1a: Gholdengo\n|-supereffective|p1a: Gholdengo\n|-damage|p1a: Gholdengo|54\/100\n|-status|p1a: Gholdengo|brn\n|-enditem|p1a: Gholdengo|Air Balloon\n|\n|-damage|p1a: Gholdengo|48\/100 brn|[from] brn\n|upkeep\n|turn|3\n|\n|t:|1700232782\n|move|p1a: Gholdengo|Shadow Ball|p2a: Slowking\n|-supereffective|p2a: Slowking\n|-damage|p2a: Slowking|71\/100 par\n|cant|p2a: Slowking|par\n|\n|-damage|p1a: Gholdengo|42\/100 brn|[from] brn\n|upkeep\n|turn|4\n|\n|t:|1700232792\n|move|p1a: Gholdengo|Shadow Ball|p2a: Slowking\n|-supereffective|p2a: Slowking\n|-damage|p2a: Slowking|39\/100 par\n|move|p2a: Slowking|Flamethrower|p1a: Gholdengo\n|-supereffective|p1a: Gholdengo\n|-damage|p1a: Gholdengo|0 fnt\n|faint|p1a: Gholdengo\n|\n|upkeep\n|\n|t:|1700232826\n|switch|p1a: Ogerpon|Ogerpon-Wellspring, F|100\/100\n|turn|5\n|\n|t:|1700232831\n|switch|p2a: Corviknight|Corviknight, M|100\/100\n|-ability|p2a: Corviknight|Pressure\n|move|p1a: Ogerpon|Ivy Cudgel|p2a: Corviknight|[anim] Ivy Cudgel Water\n|-crit|p2a: Corviknight\n|-damage|p2a: Corviknight|47\/100\n|\n|upkeep\n|turn|6\n|\n|t:|1700232883\n|switch|p1a: Iron Moth|Iron Moth|100\/100\n|-enditem|p1a: Iron Moth|Booster Energy\n|-activate|p1a: Iron Moth|ability: Quark Drive|[fromitem]\n|-start|p1a: Iron Moth|quarkdrivespe\n|move|p2a: Corviknight|Roost|p2a: Corviknight\n|-heal|p2a: Corviknight|97\/100\n|-singleturn|p2a: Corviknight|move: Roost\n|\n|upkeep\n|turn|7\n|\n|t:|1700232891\n|switch|p2a: Slowking|Slowking-Galar, F|72\/100 par\n|move|p1a: Iron Moth|Substitute|p1a: Iron Moth\n|-start|p1a: Iron Moth|Substitute\n|-damage|p1a: Iron Moth|76\/100\n|\n|upkeep\n|turn|8\n|\n|t:|1700232896\n|move|p1a: Iron Moth|Fiery Dance|p2a: Slowking\n|-damage|p2a: Slowking|55\/100 par\n|move|p2a: Slowking|Surf|p1a: Iron Moth\n|-supereffective|p1a: Iron Moth\n|-end|p1a: Iron Moth|Substitute\n|\n|upkeep\n|turn|9\n|\n|t:|1700232904\n|-end|p1a: Iron Moth|Quark Drive|[silent]\n|switch|p1a: Ogerpon|Ogerpon-Wellspring, F|100\/100\n|move|p2a: Slowking|Surf|p1a: Ogerpon\n|-immune|p1a: Ogerpon|[from] ability: Water Absorb\n|\n|upkeep\n|turn|10\n|\n|t:|1700232915\n|switch|p2a: Corviknight|Corviknight, M|97\/100\n|-ability|p2a: Corviknight|Pressure\n|move|p1a: Ogerpon|Encore||[still]\n|-fail|p1a: Ogerpon\n|\n|upkeep\n|turn|11\n|\n|t:|1700232922\n|switch|p1a: Iron Moth|Iron Moth|76\/100\n|move|p2a: Corviknight|U-turn|p1a: Iron Moth\n|-resisted|p1a: Iron Moth\n|-damage|p1a: Iron Moth|71\/100\n|\n|t:|1700232931\n|switch|p2a: Dragapult|Dragapult, M|100\/100|[from] U-turn\n|\n|upkeep\n|turn|12\n|\n|t:|1700232935\n|move|p2a: Dragapult|Draco Meteor|p1a: Iron Moth\n|-damage|p1a: Iron Moth|0 fnt\n|-unboost|p2a: Dragapult|spa|2\n|faint|p1a: Iron Moth\n|-end|p1a: Iron Moth|Quark Drive|[silent]\n|\n|upkeep\n|\n|t:|1700232939\n|switch|p1a: Kingambit|Kingambit, F|100\/100\n|-activate|p1a: Kingambit|ability: Supreme Overlord\n|-start|p1a: Kingambit|fallen2|[silent]\n|turn|13\n|\n|t:|1700232946\n|switch|p2a: Great Tusk|Great Tusk|100\/100\n|move|p1a: Kingambit|Swords Dance|p1a: Kingambit\n|-boost|p1a: Kingambit|atk|2\n|\n|upkeep\n|turn|14\n|\n|t:|1700232954\n|-terastallize|p1a: Kingambit|Fairy\n|move|p2a: Great Tusk|Knock Off|p1a: Kingambit\n|-resisted|p1a: Kingambit\n|-damage|p1a: Kingambit|87\/100\n|-enditem|p1a: Kingambit|Leftovers|[from] move: Knock Off|[of] p2a: Great Tusk\n|move|p1a: Kingambit|Tera Blast|p2a: Great Tusk|[anim] Tera Blast Fairy\n|-supereffective|p2a: Great Tusk\n|-damage|p2a: Great Tusk|0 fnt\n|faint|p2a: Great Tusk\n|-end|p2a: Great Tusk|Protosynthesis|[silent]\n|\n|upkeep\n|\n|t:|1700232966\n|switch|p2a: Cinderace|Cinderace, M|100\/100\n|turn|15\n|\n|t:|1700232974\n|move|p2a: Cinderace|Sucker Punch|p1a: Kingambit\n|-start|p2a: Cinderace|typechange|Dark|[from] ability: Libero\n|-resisted|p1a: Kingambit\n|-damage|p1a: Kingambit|73\/100\n|move|p1a: Kingambit|Kowtow Cleave|p2a: Cinderace\n|-resisted|p2a: Cinderace\n|-damage|p2a: Cinderace|14\/100\n|\n|upkeep\n|turn|16\n|\n|t:|1700233010\n|move|p1a: Kingambit|Sucker Punch|p2a: Cinderace\n|-resisted|p2a: Cinderace\n|-damage|p2a: Cinderace|0 fnt\n|faint|p2a: Cinderace\n|\n|upkeep\n|\n|t:|1700233014\n|switch|p2a: Corviknight|Corviknight, M|97\/100\n|-ability|p2a: Corviknight|Pressure\n|turn|17\n|\n|t:|1700233018\n|move|p1a: Kingambit|Kowtow Cleave|p2a: Corviknight\n|-damage|p2a: Corviknight|28\/100\n|-damage|p1a: Kingambit|56\/100|[from] item: Rocky Helmet|[of] p2a: Corviknight\n|move|p2a: Corviknight|Brave Bird|p1a: Kingambit\n|-damage|p1a: Kingambit|29\/100\n|-damage|p2a: Corviknight|20\/100|[from] Recoil\n|\n|upkeep\n|turn|18\n|\n|t:|1700233027\n|move|p1a: Kingambit|Kowtow Cleave|p2a: Corviknight\n|-damage|p2a: Corviknight|0 fnt\n|-damage|p1a: Kingambit|12\/100|[from] item: Rocky Helmet|[of] p2a: Corviknight\n|faint|p2a: Corviknight\n|\n|upkeep\n|\n|t:|1700233032\n|switch|p2a: Greninja|Greninja, M|100\/100\n|turn|19\n|\n|t:|1700233036\n|-end|p1a: Kingambit|fallen2|[silent]\n|switch|p1a: Ogerpon|Ogerpon-Wellspring, F|100\/100\n|move|p2a: Greninja|Water Shuriken|p1a: Ogerpon\n|-immune|p1a: Ogerpon|[from] ability: Water Absorb\n|\n|upkeep\n|turn|20\n|\n|t:|1700233042\n|switch|p2a: Slowking|Slowking-Galar, F|88\/100 par\n|move|p1a: Ogerpon|Power Whip|p2a: Slowking\n|-resisted|p2a: Slowking\n|-crit|p2a: Slowking\n|-damage|p2a: Slowking|32\/100 par\n|\n|upkeep\n|turn|21\n|\n|t:|1700233045\n|move|p1a: Ogerpon|Ivy Cudgel|p2a: Slowking|[anim] Ivy Cudgel Water\n|-damage|p2a: Slowking|0 fnt\n|faint|p2a: Slowking\n|\n|upkeep\n|\n|t:|1700233047\n|switch|p2a: Dragapult|Dragapult, M|100\/100\n|turn|22\n|\n|t:|1700233054\n|switch|p1a: Great Tusk|Great Tusk|100\/100\n|-enditem|p1a: Great Tusk|Booster Energy\n|-activate|p1a: Great Tusk|ability: Protosynthesis|[fromitem]\n|-start|p1a: Great Tusk|protosynthesisspe\n|move|p2a: Dragapult|Shadow Ball|p1a: Great Tusk\n|-damage|p1a: Great Tusk|26\/100\n|\n|upkeep\n|turn|23\n|\n|t:|1700233096\n|move|p1a: Great Tusk|Knock Off|p2a: Dragapult\n|-supereffective|p2a: Dragapult\n|-damage|p2a: Dragapult|18\/100\n|-enditem|p2a: Dragapult|Choice Specs|[from] move: Knock Off|[of] p1a: Great Tusk\n|move|p2a: Dragapult|Shadow Ball|p1a: Great Tusk\n|-damage|p1a: Great Tusk|0 fnt\n|faint|p1a: Great Tusk\n|-end|p1a: Great Tusk|Protosynthesis|[silent]\n|\n|upkeep\n|\n|t:|1700233098\n|switch|p1a: Ribombee|Ribombee, F|83\/100\n|turn|24\n|\n|t:|1700233111\n|-terastallize|p2a: Dragapult|Ghost\n|move|p2a: Dragapult|Shadow Ball|p1a: Ribombee\n|-damage|p1a: Ribombee|0 fnt\n|faint|p1a: Ribombee\n|\n|upkeep\n|-message|d18l forfeited.\n|\n|win|Pedro lopesbr\n|raw|d18l's rating: 1719 &rarr; <strong>1697<\/strong><br \/>(-22 for losing)\n|raw|Pedro lopesbr's rating: 1688 &rarr; <strong>1710<\/strong><br \/>(+22 for winning)\n|l|\u2606Pedro lopesbr\n","uploadtime":1700233128,"views":10,"p1id":"d18l","p2id":"pedrolopesbr","formatid":"gen9ou","rating":1697,"private":0,"password":""}