{"id":"gen9ou-1989905075","p1":"MasterBlaster33","p2":"Vixen 4 Life","format":"[Gen 9] OU","log":"|j|\u2606MasterBlaster33\n|j|\u2606Vixen 4 Life\n|t:|1699905504\n|gametype|singles\n|player|p1|MasterBlaster33|2|1386\n|player|p2|Vixen 4 Life|penny|1301\n|teamsize|p1|6\n|teamsize|p2|6\n|gen|9\n|tier|[Gen 9] OU\n|rated|\n|rule|Sleep Clause Mod: Limit one foe put to sleep\n|rule|Species Clause: Limit one of each Pok\u00e9mon\n|rule|OHKO Clause: OHKO moves are banned\n|rule|Evasion Items Clause: Evasion items are banned\n|rule|Evasion Moves Clause: Evasion moves are banned\n|rule|Endless Battle Clause: Forcing endless battles is banned\n|rule|HP Percentage Mod: HP is shown in percentages\n|clearpoke\n|poke|p1|Kommo-o, F|\n|poke|p1|Jirachi|\n|poke|p1|Slowking-Galar, M|\n|poke|p1|Ting-Lu|\n|poke|p1|Toxapex, F|\n|poke|p1|Dragonite, M|\n|poke|p2|Overqwil, F|\n|poke|p2|Sinistcha-Masterpiece|\n|poke|p2|Gastrodon, M|\n|poke|p2|Eelektross, F|\n|poke|p2|Mandibuzz, F|\n|poke|p2|Krookodile, M|\n|teampreview\n|\n|t:|1699905530\n|start\n|switch|p1a: Jirachi|Jirachi|100\/100\n|switch|p2a: Krookodile|Krookodile, M|100\/100\n|-ability|p2a: Krookodile|Intimidate|boost\n|-unboost|p1a: Jirachi|atk|1\n|turn|1\n|\n|t:|1699905536\n|switch|p1a: Ting-Lu|Ting-Lu|100\/100\n|-ability|p1a: Ting-Lu|Vessel of Ruin\n|move|p2a: Krookodile|Stealth Rock|p1a: Ting-Lu\n|-sidestart|p1: MasterBlaster33|move: Stealth Rock\n|\n|upkeep\n|turn|2\n|\n|t:|1699905541\n|move|p2a: Krookodile|Knock Off|p1a: Ting-Lu\n|-resisted|p1a: Ting-Lu\n|-damage|p1a: Ting-Lu|90\/100\n|-enditem|p1a: Ting-Lu|Leftovers|[from] move: Knock Off|[of] p2a: Krookodile\n|move|p1a: Ting-Lu|Spikes|p2a: Krookodile\n|-sidestart|p2: Vixen 4 Life|Spikes\n|\n|upkeep\n|turn|3\n|\n|t:|1699905551\n|switch|p2a: Gastrodon|Gastrodon, M|100\/100\n|-damage|p2a: Gastrodon|88\/100|[from] Spikes\n|move|p1a: Ting-Lu|Ruination|p2a: Gastrodon\n|-damage|p2a: Gastrodon|44\/100\n|\n|-heal|p2a: Gastrodon|50\/100|[from] item: Leftovers\n|upkeep\n|turn|4\n|\n|t:|1699905559\n|move|p2a: Gastrodon|Spikes|p1a: Ting-Lu\n|-sidestart|p1: MasterBlaster33|Spikes\n|move|p1a: Ting-Lu|Whirlwind|p2a: Gastrodon\n|drag|p2a: Overqwil|Overqwil, F|100\/100\n|-damage|p2a: Overqwil|88\/100|[from] Spikes\n|-ability|p2a: Overqwil|Intimidate|boost\n|-unboost|p1a: Ting-Lu|atk|1\n|\n|-heal|p2a: Overqwil|94\/100|[from] item: Leftovers\n|upkeep\n|turn|5\n|\n|t:|1699905569\n|switch|p1a: Jirachi|Jirachi|100\/100\n|-damage|p1a: Jirachi|94\/100|[from] Stealth Rock\n|-damage|p1a: Jirachi|82\/100|[from] Spikes\n|move|p2a: Overqwil|Toxic Spikes|p1a: Jirachi\n|-sidestart|p1: MasterBlaster33|move: Toxic Spikes\n|\n|-heal|p2a: Overqwil|100\/100|[from] item: Leftovers\n|upkeep\n|turn|6\n|\n|t:|1699905577\n|switch|p2a: Krookodile|Krookodile, M|100\/100\n|-damage|p2a: Krookodile|88\/100|[from] Spikes\n|-ability|p2a: Krookodile|Intimidate|boost\n|-unboost|p1a: Jirachi|atk|1\n|move|p1a: Jirachi|Trick|p2a: Krookodile\n|-activate|p1a: Jirachi|move: Trick|[of] p2a: Krookodile\n|-item|p2a: Krookodile|Choice Scarf|[from] move: Trick\n|-item|p1a: Jirachi|Rocky Helmet|[from] move: Trick\n|\n|upkeep\n|turn|7\n|\n|t:|1699905591\n|switch|p1a: Ting-Lu|Ting-Lu|90\/100\n|-damage|p1a: Ting-Lu|84\/100|[from] Stealth Rock\n|-damage|p1a: Ting-Lu|72\/100|[from] Spikes\n|-status|p1a: Ting-Lu|psn\n|-ability|p1a: Ting-Lu|Vessel of Ruin\n|move|p2a: Krookodile|Knock Off|p1a: Ting-Lu\n|-resisted|p1a: Ting-Lu\n|-damage|p1a: Ting-Lu|65\/100 psn\n|\n|-damage|p1a: Ting-Lu|52\/100 psn|[from] psn\n|upkeep\n|turn|8\n|\n|t:|1699905603\n|switch|p2a: Gastrodon|Gastrodon, M|50\/100\n|-damage|p2a: Gastrodon|38\/100|[from] Spikes\n|move|p1a: Ting-Lu|Spikes|p2a: Gastrodon\n|-sidestart|p2: Vixen 4 Life|Spikes\n|\n|-heal|p2a: Gastrodon|44\/100|[from] item: Leftovers\n|-damage|p1a: Ting-Lu|40\/100 psn|[from] psn\n|upkeep\n|turn|9\n|\n|t:|1699905616\n|move|p2a: Gastrodon|Spikes|p1a: Ting-Lu\n|-sidestart|p1: MasterBlaster33|Spikes\n|move|p1a: Ting-Lu|Whirlwind|p2a: Gastrodon\n|drag|p2a: Overqwil|Overqwil, F|100\/100\n|-damage|p2a: Overqwil|84\/100|[from] Spikes\n|-ability|p2a: Overqwil|Intimidate|boost\n|-unboost|p1a: Ting-Lu|atk|1\n|\n|-heal|p2a: Overqwil|90\/100|[from] item: Leftovers\n|-damage|p1a: Ting-Lu|27\/100 psn|[from] psn\n|upkeep\n|turn|10\n|\n|t:|1699905633\n|move|p2a: Overqwil|Toxic Spikes|p1a: Ting-Lu\n|-sidestart|p1: MasterBlaster33|move: Toxic Spikes\n|move|p1a: Ting-Lu|Ruination|p2a: Overqwil\n|-damage|p2a: Overqwil|45\/100\n|\n|-heal|p2a: Overqwil|52\/100|[from] item: Leftovers\n|-damage|p1a: Ting-Lu|15\/100 psn|[from] psn\n|upkeep\n|turn|11\n|\n|t:|1699905640\n|move|p2a: Overqwil|Aqua Jet|p1a: Ting-Lu\n|-supereffective|p1a: Ting-Lu\n|-damage|p1a: Ting-Lu|4\/100 psn\n|move|p1a: Ting-Lu|Whirlwind|p2a: Overqwil\n|drag|p2a: Krookodile|Krookodile, M|88\/100\n|-damage|p2a: Krookodile|72\/100|[from] Spikes\n|-ability|p2a: Krookodile|Intimidate|boost\n|-unboost|p1a: Ting-Lu|atk|1\n|\n|-damage|p1a: Ting-Lu|0 fnt|[from] psn\n|faint|p1a: Ting-Lu\n|upkeep\n|\n|t:|1699905650\n|switch|p1a: Toxapex|Toxapex, F|100\/100\n|-damage|p1a: Toxapex|88\/100|[from] Stealth Rock\n|-damage|p1a: Toxapex|72\/100|[from] Spikes\n|-sideend|p1: MasterBlaster33|move: Toxic Spikes|[of] p1a: Toxapex\n|turn|12\n|\n|t:|1699905657\n|move|p2a: Krookodile|Knock Off|p1a: Toxapex\n|-damage|p1a: Toxapex|49\/100\n|-enditem|p1a: Toxapex|Leftovers|[from] move: Knock Off|[of] p2a: Krookodile\n|move|p1a: Toxapex|Recover|p1a: Toxapex\n|-heal|p1a: Toxapex|99\/100\n|\n|upkeep\n|turn|13\n|\n|t:|1699905665\n|switch|p2a: Sinistcha|Sinistcha-Masterpiece|100\/100\n|-damage|p2a: Sinistcha|84\/100|[from] Spikes\n|move|p1a: Toxapex|Surf|p2a: Sinistcha\n|-resisted|p2a: Sinistcha\n|-damage|p2a: Sinistcha|74\/100\n|\n|-heal|p2a: Sinistcha|80\/100|[from] item: Leftovers\n|upkeep\n|turn|14\n|\n|t:|1699905674\n|move|p2a: Sinistcha|Calm Mind|p2a: Sinistcha\n|-boost|p2a: Sinistcha|spa|1\n|-boost|p2a: Sinistcha|spd|1\n|move|p1a: Toxapex|Toxic|p2a: Sinistcha\n|-status|p2a: Sinistcha|tox\n|\n|-heal|p2a: Sinistcha|86\/100 tox|[from] item: Leftovers\n|-damage|p2a: Sinistcha|80\/100 tox|[from] psn\n|upkeep\n|turn|15\n|\n|t:|1699905681\n|move|p2a: Sinistcha|Calm Mind|p2a: Sinistcha\n|-boost|p2a: Sinistcha|spa|1\n|-boost|p2a: Sinistcha|spd|1\n|move|p1a: Toxapex|Haze|p1a: Toxapex\n|-clearallboost\n|\n|-heal|p2a: Sinistcha|86\/100 tox|[from] item: Leftovers\n|-damage|p2a: Sinistcha|74\/100 tox|[from] psn\n|upkeep\n|turn|16\n|\n|t:|1699905697\n|move|p2a: Sinistcha|Matcha Gotcha|p1a: Toxapex\n|-damage|p1a: Toxapex|71\/100\n|-heal|p2a: Sinistcha|86\/100 tox|[from] drain|[of] p1a: Toxapex\n|move|p1a: Toxapex|Surf|p2a: Sinistcha\n|-resisted|p2a: Sinistcha\n|-damage|p2a: Sinistcha|76\/100 tox\n|\n|-heal|p2a: Sinistcha|82\/100 tox|[from] item: Leftovers\n|-damage|p2a: Sinistcha|64\/100 tox|[from] psn\n|upkeep\n|turn|17\n|\n|t:|1699905706\n|move|p2a: Sinistcha|Calm Mind|p2a: Sinistcha\n|-boost|p2a: Sinistcha|spa|1\n|-boost|p2a: Sinistcha|spd|1\n|move|p1a: Toxapex|Recover|p1a: Toxapex\n|-heal|p1a: Toxapex|100\/100\n|\n|-heal|p2a: Sinistcha|70\/100 tox|[from] item: Leftovers\n|-damage|p2a: Sinistcha|45\/100 tox|[from] psn\n|upkeep\n|turn|18\n|\n|t:|1699905718\n|move|p2a: Sinistcha|Matcha Gotcha|p1a: Toxapex\n|-damage|p1a: Toxapex|58\/100\n|-heal|p2a: Sinistcha|64\/100 tox|[from] drain|[of] p1a: Toxapex\n|move|p1a: Toxapex|Haze|p1a: Toxapex\n|-clearallboost\n|\n|-heal|p2a: Sinistcha|70\/100 tox|[from] item: Leftovers\n|-damage|p2a: Sinistcha|40\/100 tox|[from] psn\n|upkeep\n|turn|19\n|\n|t:|1699905727\n|switch|p2a: Eelektross|Eelektross, F|100\/100\n|move|p1a: Toxapex|Recover|p1a: Toxapex\n|-heal|p1a: Toxapex|100\/100\n|\n|upkeep\n|turn|20\n|\n|t:|1699905736\n|switch|p1a: Slowking|Slowking-Galar, M|100\/100\n|-damage|p1a: Slowking|88\/100|[from] Stealth Rock\n|-damage|p1a: Slowking|72\/100|[from] Spikes\n|move|p2a: Eelektross|Volt Switch|p1a: Slowking\n|-damage|p1a: Slowking|61\/100\n|\n|t:|1699905745\n|switch|p2a: Overqwil|Overqwil, F|52\/100|[from] Volt Switch\n|-damage|p2a: Overqwil|35\/100|[from] Spikes\n|-ability|p2a: Overqwil|Intimidate|boost\n|-unboost|p1a: Slowking|atk|1\n|\n|-heal|p2a: Overqwil|41\/100|[from] item: Leftovers\n|upkeep\n|turn|21\n|\n|t:|1699905753\n|move|p2a: Overqwil|Crunch|p1a: Slowking\n|-supereffective|p1a: Slowking\n|-damage|p1a: Slowking|0 fnt\n|faint|p1a: Slowking\n|\n|-heal|p2a: Overqwil|47\/100|[from] item: Leftovers\n|upkeep\n|\n|t:|1699905763\n|switch|p1a: Jirachi|Jirachi|82\/100\n|-damage|p1a: Jirachi|76\/100|[from] Stealth Rock\n|-damage|p1a: Jirachi|59\/100|[from] Spikes\n|turn|22\n|\n|t:|1699905768\n|move|p1a: Jirachi|Stealth Rock|p2a: Overqwil\n|-sidestart|p2: Vixen 4 Life|move: Stealth Rock\n|move|p2a: Overqwil|Crunch|p1a: Jirachi\n|-supereffective|p1a: Jirachi\n|-damage|p1a: Jirachi|0 fnt\n|-damage|p2a: Overqwil|31\/100|[from] item: Rocky Helmet|[of] p1a: Jirachi\n|faint|p1a: Jirachi\n|\n|-heal|p2a: Overqwil|37\/100|[from] item: Leftovers\n|upkeep\n|\n|t:|1699905778\n|switch|p1a: Kommo-o|Kommo-o, F|100\/100\n|-damage|p1a: Kommo-o|94\/100|[from] Stealth Rock\n|-damage|p1a: Kommo-o|78\/100|[from] Spikes\n|turn|23\n|\n|t:|1699905785\n|move|p1a: Kommo-o|Clangorous Soul|p1a: Kommo-o\n|-boost|p1a: Kommo-o|atk|1\n|-boost|p1a: Kommo-o|def|1\n|-boost|p1a: Kommo-o|spa|1\n|-boost|p1a: Kommo-o|spd|1\n|-boost|p1a: Kommo-o|spe|1\n|-damage|p1a: Kommo-o|45\/100\n|-enditem|p1a: Kommo-o|Throat Spray\n|-boost|p1a: Kommo-o|spa|1|[from] item: Throat Spray\n|move|p2a: Overqwil|Crunch|p1a: Kommo-o\n|-resisted|p1a: Kommo-o\n|-damage|p1a: Kommo-o|35\/100\n|-unboost|p1a: Kommo-o|def|1\n|\n|-heal|p2a: Overqwil|43\/100|[from] item: Leftovers\n|upkeep\n|turn|24\n|\n|t:|1699905804\n|move|p2a: Overqwil|Aqua Jet|p1a: Kommo-o\n|-resisted|p1a: Kommo-o\n|-damage|p1a: Kommo-o|29\/100\n|move|p1a: Kommo-o|Boomburst|p2a: Overqwil\n|-damage|p2a: Overqwil|0 fnt\n|faint|p2a: Overqwil\n|\n|upkeep\n|\n|t:|1699905816\n|switch|p2a: Eelektross|Eelektross, F|100\/100\n|-damage|p2a: Eelektross|88\/100|[from] Stealth Rock\n|turn|25\n|\n|t:|1699905826\n|-terastallize|p1a: Kommo-o|Normal\n|-terastallize|p2a: Eelektross|Poison\n|move|p1a: Kommo-o|Boomburst|p2a: Eelektross\n|-damage|p2a: Eelektross|20\/100\n|move|p2a: Eelektross|Flamethrower|p1a: Kommo-o\n|-damage|p1a: Kommo-o|13\/100\n|-status|p1a: Kommo-o|brn\n|\n|-damage|p1a: Kommo-o|6\/100 brn|[from] brn\n|upkeep\n|turn|26\n|\n|t:|1699905838\n|move|p1a: Kommo-o|Boomburst|p2a: Eelektross\n|-damage|p2a: Eelektross|0 fnt\n|faint|p2a: Eelektross\n|\n|-damage|p1a: Kommo-o|0 fnt|[from] brn\n|faint|p1a: Kommo-o\n|upkeep\n|\n|t:|1699905844\n|switch|p1a: Dragonite|Dragonite, M|100\/100\n|switch|p2a: Mandibuzz|Mandibuzz, F|100\/100\n|turn|27\n|\n|t:|1699905850\n|move|p1a: Dragonite|Dragon Dance|p1a: Dragonite\n|-boost|p1a: Dragonite|atk|1\n|-boost|p1a: Dragonite|spe|1\n|move|p2a: Mandibuzz|Toxic|p1a: Dragonite\n|-status|p1a: Dragonite|tox\n|\n|-damage|p1a: Dragonite|94\/100 tox|[from] psn\n|upkeep\n|turn|28\n|\n|t:|1699905857\n|switch|p1a: Toxapex|Toxapex, F|100\/100\n|-damage|p1a: Toxapex|88\/100|[from] Stealth Rock\n|-damage|p1a: Toxapex|72\/100|[from] Spikes\n|move|p2a: Mandibuzz|Foul Play|p1a: Toxapex\n|-damage|p1a: Toxapex|59\/100\n|\n|upkeep\n|turn|29\n|c|\u2606MasterBlaster33|gg\n|\n|t:|1699905866\n|move|p2a: Mandibuzz|U-turn|p1a: Toxapex\n|-resisted|p1a: Toxapex\n|-damage|p1a: Toxapex|55\/100\n|\n|t:|1699905869\n|switch|p2a: Sinistcha|Sinistcha-Masterpiece|40\/100 tox|[from] U-turn\n|-damage|p2a: Sinistcha|23\/100 tox|[from] Spikes\n|-damage|p2a: Sinistcha|11\/100 tox|[from] Stealth Rock\n|move|p1a: Toxapex|Toxic|p2a: Sinistcha\n|-fail|p2a: Sinistcha|tox\n|\n|-heal|p2a: Sinistcha|17\/100 tox|[from] item: Leftovers\n|-damage|p2a: Sinistcha|11\/100 tox|[from] psn\n|upkeep\n|turn|30\n|-message|MasterBlaster33 forfeited.\n|\n|win|Vixen 4 Life\n|raw|MasterBlaster33's rating: 1386 &rarr; <strong>1361<\/strong><br \/>(-25 for losing)\n|raw|Vixen 4 Life's rating: 1301 &rarr; <strong>1326<\/strong><br \/>(+25 for winning)\n|l|\u2606MasterBlaster33\n","uploadtime":1699905877,"views":10,"p1id":"masterblaster33","p2id":"vixen4life","formatid":"gen9ou","rating":1326,"private":0,"password":""}