{"id":"gen9ou-1994545174","p1":"Gordowo","p2":"coolbluekid","format":"[Gen 9] OU","log":"|j|\u2606Gordowo\n|j|\u2606coolbluekid\n|t:|1700457479\n|gametype|singles\n|player|p1|Gordowo|101|1337\n|player|p2|coolbluekid|1|1286\n|teamsize|p1|6\n|teamsize|p2|6\n|gen|9\n|tier|[Gen 9] OU\n|rated|\n|rule|Sleep Clause Mod: Limit one foe put to sleep\n|rule|Species Clause: Limit one of each Pok\u00e9mon\n|rule|OHKO Clause: OHKO moves are banned\n|rule|Evasion Items Clause: Evasion items are banned\n|rule|Evasion Moves Clause: Evasion moves are banned\n|rule|Endless Battle Clause: Forcing endless battles is banned\n|rule|HP Percentage Mod: HP is shown in percentages\n|clearpoke\n|poke|p1|Pelipper, F|\n|poke|p1|Kilowattrel, F|\n|poke|p1|Tauros-Paldea-Aqua, M|\n|poke|p1|Iron Jugulis|\n|poke|p1|Barraskewda, F|\n|poke|p1|Brute Bonnet|\n|poke|p2|Torkoal, M|\n|poke|p2|Victreebel, M|\n|poke|p2|Charizard, F|\n|poke|p2|Walking Wake|\n|poke|p2|Iron Hands|\n|poke|p2|Ting-Lu|\n|teampreview\n|inactive|Battle timer is ON: inactive players will automatically lose when time's up. (requested by Gordowo)\n|inactive|coolbluekid has 120 seconds left.\n|\n|t:|1700457534\n|start\n|switch|p1a: Tauros|Tauros-Paldea-Aqua, M|100\/100\n|switch|p2a: Iron Hands|Iron Hands|100\/100\n|-ability|p1a: Tauros|Intimidate|boost\n|-unboost|p2a: Iron Hands|atk|1\n|turn|1\n|inactive|coolbluekid has 120 seconds left.\n|l|\u2606coolbluekid\n|inactive|coolbluekid disconnected and has a minute to reconnect!\n|player|p2|\n|inactive|coolbluekid has 30 seconds to reconnect!\n|j|\u2606coolbluekid\n|inactive|coolbluekid reconnected and has 75 seconds left.\n|player|p2|coolbluekid|1\n|\n|t:|1700457616\n|switch|p1a: Kilowattrel|Kilowattrel, F|100\/100\n|move|p2a: Iron Hands|Fake Out|p1a: Kilowattrel\n|-damage|p1a: Kilowattrel|82\/100\n|\n|upkeep\n|turn|2\n|\n|t:|1700457633\n|-end|p2a: Iron Hands|Quark Drive|[silent]\n|switch|p2a: Ting-Lu|Ting-Lu|100\/100\n|-ability|p2a: Ting-Lu|Vessel of Ruin\n|move|p1a: Kilowattrel|Hurricane|p2a: Ting-Lu\n|-damage|p2a: Ting-Lu|75\/100\n|-damage|p1a: Kilowattrel|72\/100|[from] item: Life Orb\n|\n|-heal|p2a: Ting-Lu|82\/100|[from] item: Leftovers\n|upkeep\n|turn|3\n|\n|t:|1700457648\n|switch|p1a: Pelipper|Pelipper, F|100\/100\n|-weather|RainDance|[from] ability: Drizzle|[of] p1a: Pelipper\n|move|p2a: Ting-Lu|Spikes|p1a: Pelipper\n|-sidestart|p1: Gordowo|Spikes\n|\n|-weather|RainDance|[upkeep]\n|-heal|p2a: Ting-Lu|88\/100|[from] item: Leftovers\n|upkeep\n|turn|4\n|\n|t:|1700457655\n|switch|p2a: Torkoal|Torkoal, M|100\/100\n|-weather|SunnyDay|[from] ability: Drought|[of] p2a: Torkoal\n|move|p1a: Pelipper|U-turn|p2a: Torkoal\n|-resisted|p2a: Torkoal\n|-damage|p2a: Torkoal|98\/100\n|\n|t:|1700457671\n|switch|p1a: Kilowattrel|Kilowattrel, F|72\/100|[from] U-turn\n|\n|-weather|SunnyDay|[upkeep]\n|-heal|p2a: Torkoal|100\/100|[from] item: Leftovers\n|upkeep\n|turn|5\n|\n|t:|1700457681\n|move|p1a: Kilowattrel|Weather Ball|p2a: Torkoal\n|-resisted|p2a: Torkoal\n|-damage|p2a: Torkoal|62\/100\n|-damage|p1a: Kilowattrel|62\/100|[from] item: Life Orb\n|move|p2a: Torkoal|Stealth Rock|p1a: Kilowattrel\n|-sidestart|p1: Gordowo|move: Stealth Rock\n|\n|-weather|SunnyDay|[upkeep]\n|-heal|p2a: Torkoal|69\/100|[from] item: Leftovers\n|upkeep\n|turn|6\n|\n|t:|1700457691\n|switch|p2a: Ting-Lu|Ting-Lu|88\/100\n|-ability|p2a: Ting-Lu|Vessel of Ruin\n|move|p1a: Kilowattrel|Hurricane|p2a: Ting-Lu|[miss]\n|-miss|p1a: Kilowattrel|p2a: Ting-Lu\n|\n|-weather|SunnyDay|[upkeep]\n|-heal|p2a: Ting-Lu|94\/100|[from] item: Leftovers\n|upkeep\n|turn|7\n|\n|t:|1700457700\n|move|p1a: Kilowattrel|Weather Ball|p2a: Ting-Lu\n|-damage|p2a: Ting-Lu|72\/100\n|-damage|p1a: Kilowattrel|52\/100|[from] item: Life Orb\n|move|p2a: Ting-Lu|Spikes|p1a: Kilowattrel\n|-sidestart|p1: Gordowo|Spikes\n|\n|-weather|SunnyDay|[upkeep]\n|-heal|p2a: Ting-Lu|78\/100|[from] item: Leftovers\n|upkeep\n|turn|8\n|inactive|coolbluekid has 90 seconds left.\n|\n|t:|1700457711\n|move|p1a: Kilowattrel|Weather Ball|p2a: Ting-Lu\n|-damage|p2a: Ting-Lu|52\/100\n|-damage|p1a: Kilowattrel|42\/100|[from] item: Life Orb\n|move|p2a: Ting-Lu|Ruination|p1a: Kilowattrel|[miss]\n|-miss|p2a: Ting-Lu|p1a: Kilowattrel\n|\n|-weather|none\n|-heal|p2a: Ting-Lu|58\/100|[from] item: Leftovers\n|upkeep\n|turn|9\n|\n|t:|1700457720\n|move|p1a: Kilowattrel|Hurricane|p2a: Ting-Lu\n|-damage|p2a: Ting-Lu|30\/100\n|-damage|p1a: Kilowattrel|32\/100|[from] item: Life Orb\n|move|p2a: Ting-Lu|Spikes|p1a: Kilowattrel\n|-sidestart|p1: Gordowo|Spikes\n|\n|-heal|p2a: Ting-Lu|36\/100|[from] item: Leftovers\n|upkeep\n|turn|10\n|\n|t:|1700457726\n|move|p1a: Kilowattrel|Hurricane|p2a: Ting-Lu\n|-damage|p2a: Ting-Lu|9\/100\n|-damage|p1a: Kilowattrel|22\/100|[from] item: Life Orb\n|move|p2a: Ting-Lu|Rest|p2a: Ting-Lu\n|-status|p2a: Ting-Lu|slp|[from] move: Rest\n|-heal|p2a: Ting-Lu|100\/100 slp|[silent]\n|\n|upkeep\n|turn|11\n|\n|t:|1700457742\n|switch|p1a: Brute Bonnet|Brute Bonnet|100\/100\n|-damage|p1a: Brute Bonnet|76\/100|[from] Spikes\n|-damage|p1a: Brute Bonnet|63\/100|[from] Stealth Rock\n|cant|p2a: Ting-Lu|slp\n|\n|-heal|p1a: Brute Bonnet|69\/100|[from] item: Leftovers\n|upkeep\n|turn|12\n|\n|t:|1700457752\n|switch|p2a: Iron Hands|Iron Hands|100\/100\n|move|p1a: Brute Bonnet|Seed Bomb|p2a: Iron Hands\n|-damage|p2a: Iron Hands|70\/100\n|\n|-heal|p1a: Brute Bonnet|75\/100|[from] item: Leftovers\n|upkeep\n|turn|13\n|\n|t:|1700457771\n|move|p1a: Brute Bonnet|Seed Bomb|p2a: Iron Hands\n|-damage|p2a: Iron Hands|40\/100\n|move|p2a: Iron Hands|Drain Punch|p1a: Brute Bonnet\n|-supereffective|p1a: Brute Bonnet\n|-damage|p1a: Brute Bonnet|0 fnt\n|-heal|p2a: Iron Hands|71\/100|[from] drain|[of] p1a: Brute Bonnet\n|faint|p1a: Brute Bonnet\n|-end|p1a: Brute Bonnet|Protosynthesis|[silent]\n|\n|upkeep\n|\n|t:|1700457784\n|switch|p1a: Kilowattrel|Kilowattrel, F|22\/100\n|-damage|p1a: Kilowattrel|0 fnt|[from] Stealth Rock\n|faint|p1a: Kilowattrel\n|\n|t:|1700457799\n|switch|p1a: Barraskewda|Barraskewda, F|100\/100\n|-damage|p1a: Barraskewda|76\/100|[from] Spikes\n|-damage|p1a: Barraskewda|64\/100|[from] Stealth Rock\n|turn|14\n|inactive|coolbluekid has 120 seconds left.\n|\n|t:|1700457808\n|move|p1a: Barraskewda|Liquidation|p2a: Iron Hands\n|-damage|p2a: Iron Hands|26\/100\n|move|p2a: Iron Hands|Thunder Punch|p1a: Barraskewda\n|-supereffective|p1a: Barraskewda\n|-damage|p1a: Barraskewda|0 fnt\n|faint|p1a: Barraskewda\n|\n|upkeep\n|\n|t:|1700457814\n|switch|p1a: Iron Jugulis|Iron Jugulis|100\/100\n|-damage|p1a: Iron Jugulis|76\/100|[from] Stealth Rock\n|-enditem|p1a: Iron Jugulis|Booster Energy\n|-activate|p1a: Iron Jugulis|ability: Quark Drive|[fromitem]\n|-start|p1a: Iron Jugulis|quarkdrivespe\n|turn|15\n|inactive|coolbluekid has 120 seconds left.\n|\n|t:|1700457829\n|move|p1a: Iron Jugulis|Hurricane|p2a: Iron Hands|[miss]\n|-miss|p1a: Iron Jugulis|p2a: Iron Hands\n|move|p2a: Iron Hands|Thunder Punch|p1a: Iron Jugulis\n|-supereffective|p1a: Iron Jugulis\n|-crit|p1a: Iron Jugulis\n|-damage|p1a: Iron Jugulis|0 fnt\n|faint|p1a: Iron Jugulis\n|-end|p1a: Iron Jugulis|Quark Drive|[silent]\n|\n|upkeep\n|-message|Gordowo forfeited.\n|\n|win|coolbluekid\n|raw|Gordowo's rating: 1337 &rarr; <strong>1314<\/strong><br \/>(-23 for losing)\n|raw|coolbluekid's rating: 1286 &rarr; <strong>1315<\/strong><br \/>(+29 for winning)\n|l|\u2606Gordowo\n","uploadtime":1700457853,"views":21,"p1id":"gordowo","p2id":"coolbluekid","formatid":"gen9ou","rating":1314,"private":0,"password":""}