{"id":"gen9ou-1996066986","p1":"Too_much_001","p2":"Skaraptor2.1","format":"[Gen 9] OU","log":"|j|\u2606Too_much_001\n|j|\u2606Skaraptor2.1\n|t:|1700638557\n|gametype|singles\n|player|p1|Too_much_001|lance|1239\n|player|p2|Skaraptor2.1|bodybuilderf-gen9|1196\n|teamsize|p1|6\n|teamsize|p2|6\n|gen|9\n|tier|[Gen 9] OU\n|rated|\n|rule|Sleep Clause Mod: Limit one foe put to sleep\n|rule|Species Clause: Limit one of each Pok\u00e9mon\n|rule|OHKO Clause: OHKO moves are banned\n|rule|Evasion Items Clause: Evasion items are banned\n|rule|Evasion Moves Clause: Evasion moves are banned\n|rule|Endless Battle Clause: Forcing endless battles is banned\n|rule|HP Percentage Mod: HP is shown in percentages\n|clearpoke\n|poke|p1|Torkoal, M|\n|poke|p1|Lilligant, F|\n|poke|p1|Charizard, F|\n|poke|p1|Walking Wake|\n|poke|p1|Leavanny, F|\n|poke|p1|Dragapult, M|\n|poke|p2|Ribombee, M|\n|poke|p2|Ogerpon-Wellspring, F|\n|poke|p2|Corviknight, F|\n|poke|p2|Zamazenta-*|\n|poke|p2|Iron Valiant|\n|poke|p2|Kingambit, F|\n|teampreview\n|inactive|Battle timer is ON: inactive players will automatically lose when time's up. (requested by Skaraptor2.1)\n|c|\u2606Too_much_001|Glhf\n|\n|t:|1700638570\n|start\n|switch|p1a: Torkoal|Torkoal, M, shiny|100\/100\n|switch|p2a: Transfem|Ogerpon-Wellspring, F|100\/100\n|-weather|SunnyDay|[from] ability: Drought|[of] p1a: Torkoal\n|turn|1\n|\n|t:|1700638580\n|move|p2a: Transfem|Knock Off|p1a: Torkoal\n|-damage|p1a: Torkoal|69\/100\n|-enditem|p1a: Torkoal|Heat Rock|[from] move: Knock Off|[of] p2a: Transfem\n|move|p1a: Torkoal|Clear Smog|p2a: Transfem\n|-supereffective|p2a: Transfem\n|-damage|p2a: Transfem|75\/100\n|-clearboost|p2a: Transfem\n|\n|-weather|SunnyDay|[upkeep]\n|upkeep\n|turn|2\n|\n|t:|1700638593\n|move|p2a: Transfem|Ivy Cudgel|p1a: Torkoal|[anim] Ivy Cudgel Water\n|-supereffective|p1a: Torkoal\n|-damage|p1a: Torkoal|29\/100\n|move|p1a: Torkoal|Overheat|p2a: Transfem\n|-damage|p2a: Transfem|3\/100\n|-unboost|p1a: Torkoal|spa|2\n|\n|-weather|SunnyDay|[upkeep]\n|upkeep\n|turn|3\n|\n|t:|1700638601\n|move|p2a: Transfem|Ivy Cudgel|p1a: Torkoal|[anim] Ivy Cudgel Water\n|-supereffective|p1a: Torkoal\n|-damage|p1a: Torkoal|0 fnt\n|faint|p1a: Torkoal\n|\n|-weather|SunnyDay|[upkeep]\n|upkeep\n|\n|t:|1700638606\n|switch|p1a: Dragapult|Dragapult, M, shiny|100\/100\n|turn|4\n|\n|t:|1700638608\n|move|p1a: Dragapult|U-turn|p2a: Transfem\n|-supereffective|p2a: Transfem\n|-damage|p2a: Transfem|0 fnt\n|faint|p2a: Transfem\n|\n|t:|1700638618\n|switch|p1a: Walking Wake|Walking Wake|100\/100|[from] U-turn\n|-activate|p1a: Walking Wake|ability: Protosynthesis\n|-start|p1a: Walking Wake|protosynthesisspa\n|\n|-weather|SunnyDay|[upkeep]\n|upkeep\n|\n|t:|1700638623\n|switch|p2a: Bigender|Iron Valiant|100\/100\n|-enditem|p2a: Bigender|Booster Energy\n|-activate|p2a: Bigender|ability: Quark Drive|[fromitem]\n|-start|p2a: Bigender|quarkdrivespe\n|turn|5\n|\n|t:|1700638626\n|-terastallize|p1a: Walking Wake|Poison\n|move|p2a: Bigender|Moonblast|p1a: Walking Wake\n|-resisted|p1a: Walking Wake\n|-damage|p1a: Walking Wake|74\/100\n|move|p1a: Walking Wake|Tera Blast|p2a: Bigender|[anim] Tera Blast Poison\n|-supereffective|p2a: Bigender\n|-damage|p2a: Bigender|0 fnt\n|faint|p2a: Bigender\n|-end|p2a: Bigender|Quark Drive|[silent]\n|\n|-weather|SunnyDay|[upkeep]\n|upkeep\n|\n|t:|1700638633\n|switch|p2a: Queengambit|Kingambit, F|100\/100\n|-activate|p2a: Queengambit|ability: Supreme Overlord\n|-start|p2a: Queengambit|fallen2|[silent]\n|turn|6\n|\n|t:|1700638642\n|-end|p1a: Walking Wake|Protosynthesis|[silent]\n|switch|p1a: Leavanny|Leavanny, F, shiny|100\/100\n|move|p2a: Queengambit|Sucker Punch||[still]\n|-fail|p2a: Queengambit\n|\n|-weather|SunnyDay|[upkeep]\n|upkeep\n|turn|7\n|\n|t:|1700638649\n|-end|p2a: Queengambit|fallen2|[silent]\n|switch|p2a: Selling my soul|Corviknight, F|100\/100\n|-ability|p2a: Selling my soul|Pressure\n|move|p1a: Leavanny|Lunge|p2a: Selling my soul\n|-resisted|p2a: Selling my soul\n|-damage|p2a: Selling my soul|89\/100\n|-unboost|p2a: Selling my soul|atk|1\n|-damage|p1a: Leavanny|91\/100|[from] item: Life Orb\n|\n|-weather|SunnyDay|[upkeep]\n|-heal|p2a: Selling my soul|96\/100|[from] item: Leftovers\n|upkeep\n|turn|8\n|\n|t:|1700638655\n|move|p1a: Leavanny|Knock Off|p2a: Selling my soul\n|-crit|p2a: Selling my soul\n|-damage|p2a: Selling my soul|43\/100\n|-enditem|p2a: Selling my soul|Leftovers|[from] move: Knock Off|[of] p1a: Leavanny\n|-damage|p1a: Leavanny|81\/100|[from] item: Life Orb\n|move|p2a: Selling my soul|Iron Defense|p2a: Selling my soul\n|-boost|p2a: Selling my soul|def|2\n|\n|-weather|none\n|upkeep\n|turn|9\n|\n|t:|1700638662\n|switch|p1a: Lilligant|Lilligant, F, shiny|100\/100\n|move|p2a: Selling my soul|Roost|p2a: Selling my soul\n|-heal|p2a: Selling my soul|93\/100\n|-singleturn|p2a: Selling my soul|move: Roost\n|\n|upkeep\n|turn|10\n|\n|t:|1700638672\n|move|p1a: Lilligant|Sunny Day|p1a: Lilligant\n|-weather|SunnyDay\n|move|p2a: Selling my soul|Body Press|p1a: Lilligant\n|-damage|p1a: Lilligant|44\/100\n|\n|-weather|SunnyDay|[upkeep]\n|-heal|p1a: Lilligant|50\/100|[from] item: Leftovers\n|upkeep\n|turn|11\n|\n|t:|1700638682\n|move|p1a: Lilligant|Weather Ball|p2a: Selling my soul\n|-supereffective|p2a: Selling my soul\n|-damage|p2a: Selling my soul|20\/100\n|move|p2a: Selling my soul|Iron Defense|p2a: Selling my soul\n|-boost|p2a: Selling my soul|def|2\n|\n|-weather|SunnyDay|[upkeep]\n|-heal|p1a: Lilligant|57\/100|[from] item: Leftovers\n|upkeep\n|turn|12\n|\n|t:|1700638689\n|move|p1a: Lilligant|Weather Ball|p2a: Selling my soul\n|-supereffective|p2a: Selling my soul\n|-damage|p2a: Selling my soul|0 fnt\n|faint|p2a: Selling my soul\n|\n|-weather|SunnyDay|[upkeep]\n|-heal|p1a: Lilligant|63\/100|[from] item: Leftovers\n|upkeep\n|\n|t:|1700638693\n|switch|p2a: Twink|Ribombee, M|100\/100\n|turn|13\n|\n|t:|1700638700\n|switch|p1a: Dragapult|Dragapult, M, shiny|100\/100\n|move|p2a: Twink|Skill Swap|p1a: Dragapult\n|-activate|p2a: Twink|move: Skill Swap|Clear Body|Shield Dust|[of] p1a: Dragapult\n|\n|-weather|SunnyDay|[upkeep]\n|upkeep\n|turn|14\n|\n|t:|1700638714\n|move|p1a: Dragapult|U-turn|p2a: Twink\n|-resisted|p2a: Twink\n|-crit|p2a: Twink\n|-damage|p2a: Twink|72\/100\n|\n|t:|1700638718\n|switch|p1a: Leavanny|Leavanny, F, shiny|81\/100|[from] U-turn\n|move|p2a: Twink|Sticky Web|p1a: Leavanny\n|-sidestart|p1: Too_much_001|move: Sticky Web\n|\n|-weather|none\n|upkeep\n|turn|15\n|l|\u2606Skaraptor2.1\n|inactive|Skaraptor2.1 disconnected and has a minute to reconnect!\n|player|p2|\n|j|\u2606Skaraptor2.1\n|inactive|Skaraptor2.1 reconnected and has 105 seconds left.\n|player|p2|Skaraptor2.1|bodybuilderf-gen9\n|\n|t:|1700638773\n|move|p2a: Twink|Moonblast|p1a: Leavanny\n|-damage|p1a: Leavanny|35\/100\n|move|p1a: Leavanny|Knock Off|p2a: Twink\n|-resisted|p2a: Twink\n|-damage|p2a: Twink|39\/100\n|-enditem|p2a: Twink|Focus Sash|[from] move: Knock Off|[of] p1a: Leavanny\n|-damage|p1a: Leavanny|25\/100|[from] item: Life Orb\n|\n|upkeep\n|turn|16\n|\n|t:|1700638787\n|move|p2a: Twink|Moonblast|p1a: Leavanny\n|-damage|p1a: Leavanny|0 fnt\n|faint|p1a: Leavanny\n|\n|upkeep\n|\n|t:|1700638791\n|switch|p1a: Lilligant|Lilligant, F, shiny|63\/100\n|-activate|p1a: Lilligant|move: Sticky Web\n|-unboost|p1a: Lilligant|spe|1\n|turn|17\n|\n|t:|1700638796\n|move|p2a: Twink|Skill Swap|p1a: Lilligant\n|-activate|p2a: Twink|move: Skill Swap|Chlorophyll|Clear Body|[of] p1a: Lilligant\n|move|p1a: Lilligant|Sunny Day|p1a: Lilligant\n|-weather|SunnyDay\n|\n|-weather|SunnyDay|[upkeep]\n|-heal|p1a: Lilligant|69\/100|[from] item: Leftovers\n|upkeep\n|turn|18\n|\n|t:|1700638803\n|move|p2a: Twink|Moonblast|p1a: Lilligant\n|-damage|p1a: Lilligant|20\/100\n|move|p1a: Lilligant|Weather Ball|p2a: Twink\n|-supereffective|p2a: Twink\n|-damage|p2a: Twink|0 fnt\n|faint|p2a: Twink\n|\n|-weather|SunnyDay|[upkeep]\n|-heal|p1a: Lilligant|26\/100|[from] item: Leftovers\n|upkeep\n|inactive|Skaraptor2.1 has 120 seconds left.\n|\n|t:|1700638811\n|switch|p2a: Defender of Trans|Zamazenta, shiny|100\/100\n|-ability|p2a: Defender of Trans|Dauntless Shield|boost\n|-boost|p2a: Defender of Trans|def|1\n|turn|19\n|\n|t:|1700638823\n|-terastallize|p2a: Defender of Trans|Fire\n|move|p2a: Defender of Trans|Iron Defense|p2a: Defender of Trans\n|-boost|p2a: Defender of Trans|def|2\n|move|p1a: Lilligant|Weather Ball|p2a: Defender of Trans\n|-resisted|p2a: Defender of Trans\n|-damage|p2a: Defender of Trans|80\/100\n|\n|-weather|SunnyDay|[upkeep]\n|-heal|p2a: Defender of Trans|87\/100|[from] item: Leftovers\n|-heal|p1a: Lilligant|32\/100|[from] item: Leftovers\n|upkeep\n|turn|20\n|\n|t:|1700638840\n|switch|p1a: Dragapult|Dragapult, M, shiny|100\/100\n|-activate|p1a: Dragapult|move: Sticky Web\n|-fail|p1a: Dragapult|unboost|[from] ability: Clear Body|[of] p1a: Dragapult\n|move|p2a: Defender of Trans|Heavy Slam|p1a: Dragapult\n|-damage|p1a: Dragapult|62\/100\n|\n|-weather|SunnyDay|[upkeep]\n|-heal|p2a: Defender of Trans|93\/100|[from] item: Leftovers\n|upkeep\n|turn|21\n|\n|t:|1700638852\n|move|p1a: Dragapult|Dragon Darts|p2a: Defender of Trans\n|-damage|p2a: Defender of Trans|85\/100\n|-anim|p1a: Dragapult|Dragon Darts|p2a: Defender of Trans\n|-damage|p2a: Defender of Trans|77\/100\n|move|p2a: Defender of Trans|Crunch|p1a: Dragapult\n|-supereffective|p1a: Dragapult\n|-damage|p1a: Dragapult|0 fnt\n|faint|p1a: Dragapult\n|\n|-weather|none\n|-heal|p2a: Defender of Trans|83\/100|[from] item: Leftovers\n|upkeep\n|\n|t:|1700638859\n|switch|p1a: Walking Wake|Walking Wake, tera:Poison|74\/100\n|-activate|p1a: Walking Wake|move: Sticky Web\n|-unboost|p1a: Walking Wake|spe|1\n|turn|22\n|\n|t:|1700638865\n|move|p2a: Defender of Trans|Body Press|p1a: Walking Wake\n|-resisted|p1a: Walking Wake\n|-damage|p1a: Walking Wake|21\/100\n|move|p1a: Walking Wake|Hydro Steam|p2a: Defender of Trans\n|-supereffective|p2a: Defender of Trans\n|-damage|p2a: Defender of Trans|11\/100\n|\n|-heal|p2a: Defender of Trans|17\/100|[from] item: Leftovers\n|upkeep\n|turn|23\n|\n|t:|1700638874\n|move|p2a: Defender of Trans|Body Press|p1a: Walking Wake\n|-resisted|p1a: Walking Wake\n|-damage|p1a: Walking Wake|0 fnt\n|faint|p1a: Walking Wake\n|-end|p1a: Walking Wake|Protosynthesis|[silent]\n|\n|-heal|p2a: Defender of Trans|23\/100|[from] item: Leftovers\n|upkeep\n|\n|t:|1700638877\n|switch|p1a: Charizard|Charizard, F, shiny|100\/100\n|turn|24\n|\n|t:|1700638886\n|move|p2a: Defender of Trans|Body Press|p1a: Charizard\n|-resisted|p1a: Charizard\n|-damage|p1a: Charizard|40\/100\n|move|p1a: Charizard|Air Slash|p2a: Defender of Trans\n|-damage|p2a: Defender of Trans|0 fnt\n|faint|p2a: Defender of Trans\n|\n|upkeep\n|\n|t:|1700638889\n|switch|p2a: Queengambit|Kingambit, F|100\/100\n|-activate|p2a: Queengambit|ability: Supreme Overlord\n|-start|p2a: Queengambit|fallen5|[silent]\n|turn|25\n|\n|t:|1700638895\n|switch|p1a: Lilligant|Lilligant, F, shiny|32\/100\n|-activate|p1a: Lilligant|move: Sticky Web\n|-unboost|p1a: Lilligant|spe|1\n|move|p2a: Queengambit|Swords Dance|p2a: Queengambit\n|-boost|p2a: Queengambit|atk|2\n|\n|-heal|p1a: Lilligant|38\/100|[from] item: Leftovers\n|upkeep\n|turn|26\n|\n|t:|1700638907\n|move|p1a: Lilligant|Sunny Day|p1a: Lilligant\n|-weather|SunnyDay\n|move|p2a: Queengambit|Iron Head|p1a: Lilligant\n|-damage|p1a: Lilligant|0 fnt\n|faint|p1a: Lilligant\n|\n|-weather|SunnyDay|[upkeep]\n|upkeep\n|\n|t:|1700638911\n|switch|p1a: Charizard|Charizard, F, shiny|40\/100\n|turn|27\n|\n|t:|1700638914\n|move|p2a: Queengambit|Sucker Punch|p1a: Charizard\n|-damage|p1a: Charizard|0 fnt\n|faint|p1a: Charizard\n|\n|win|Skaraptor2.1\n|raw|Too_much_001's rating: 1239 &rarr; <strong>1211<\/strong><br \/>(-28 for losing)\n|raw|Skaraptor2.1's rating: 1196 &rarr; <strong>1224<\/strong><br \/>(+28 for winning)\n","uploadtime":1700638917,"views":0,"p1id":"toomuch001","p2id":"skaraptor21","formatid":"gen9ou","rating":1211,"private":0,"password":""}