{"id":"gen9ou-1994289931","p1":"TImAndMobyBrainPop","p2":"Oreca2005","format":"[Gen 9] OU","log":"|j|\u2606TImAndMobyBrainPop\n|j|\u2606Oreca2005\n|t:|1700427537\n|gametype|singles\n|player|p1|TImAndMobyBrainPop|2|\n|player|p2|Oreca2005|riley|\n|teamsize|p1|6\n|teamsize|p2|6\n|gen|9\n|tier|[Gen 9] OU\n|rule|Sleep Clause Mod: Limit one foe put to sleep\n|rule|Species Clause: Limit one of each Pok\u00e9mon\n|rule|OHKO Clause: OHKO moves are banned\n|rule|Evasion Items Clause: Evasion items are banned\n|rule|Evasion Moves Clause: Evasion moves are banned\n|rule|Endless Battle Clause: Forcing endless battles is banned\n|rule|HP Percentage Mod: HP is shown in percentages\n|clearpoke\n|poke|p1|Glimmora, F|\n|poke|p1|Great Tusk|\n|poke|p1|Gyarados, M|\n|poke|p1|Rotom-Wash|\n|poke|p1|Sinistcha|\n|poke|p1|Ogerpon-Wellspring, F|\n|poke|p2|Ninetales-Alola, F|\n|poke|p2|Garchomp, M|\n|poke|p2|Ceruledge, F|\n|poke|p2|Sneasler, F|\n|poke|p2|Ogerpon-Wellspring, F|\n|poke|p2|Iron Valiant|\n|teampreview\n|\n|t:|1700427544\n|start\n|switch|p1a: Glimmora|Glimmora, F|100\/100\n|switch|p2a: Sneasler|Sneasler, F|100\/100\n|turn|1\n|\n|t:|1700427553\n|move|p2a: Sneasler|Swords Dance|p2a: Sneasler\n|-boost|p2a: Sneasler|atk|2\n|move|p1a: Glimmora|Stealth Rock|p2a: Sneasler\n|-sidestart|p2: Oreca2005|move: Stealth Rock\n|\n|upkeep\n|turn|2\n|\n|t:|1700427560\n|move|p1a: Glimmora|Spiky Shield|p1a: Glimmora\n|-singleturn|p1a: Glimmora|move: Protect\n|move|p2a: Sneasler|Close Combat|p1a: Glimmora\n|-activate|p1a: Glimmora|move: Protect\n|-damage|p2a: Sneasler|88\/100|[from] Spiky Shield|[of] p1a: Glimmora\n|\n|upkeep\n|turn|3\n|\n|t:|1700427569\n|switch|p1a: Sinistcha|Sinistcha|100\/100\n|move|p2a: Sneasler|Close Combat|p1a: Sinistcha\n|-immune|p1a: Sinistcha\n|\n|upkeep\n|turn|4\n|\n|t:|1700427584\n|move|p1a: Sinistcha|Protect|p1a: Sinistcha\n|-singleturn|p1a: Sinistcha|Protect\n|move|p2a: Sneasler|Dire Claw|p1a: Sinistcha\n|-activate|p1a: Sinistcha|move: Protect\n|\n|upkeep\n|turn|5\n|\n|t:|1700427596\n|switch|p1a: Glimmora|Glimmora, F|100\/100\n|move|p2a: Sneasler|Dire Claw|p1a: Glimmora\n|-resisted|p1a: Glimmora\n|-damage|p1a: Glimmora|83\/100\n|-status|p1a: Glimmora|slp\n|-activate|p1a: Glimmora|ability: Toxic Debris\n|-sidestart|p2: Oreca2005|move: Toxic Spikes\n|\n|-heal|p1a: Glimmora|89\/100 slp|[from] item: Leftovers\n|upkeep\n|turn|6\n|\n|t:|1700427617\n|cant|p1a: Glimmora|slp\n|move|p2a: Sneasler|Swords Dance|p2a: Sneasler\n|-boost|p2a: Sneasler|atk|2\n|\n|-heal|p1a: Glimmora|96\/100 slp|[from] item: Leftovers\n|upkeep\n|turn|7\n|\n|t:|1700427625\n|cant|p1a: Glimmora|slp\n|move|p2a: Sneasler|Swords Dance|p2a: Sneasler\n|-boost|p2a: Sneasler|atk|2\n|\n|-heal|p1a: Glimmora|100\/100 slp|[from] item: Leftovers\n|upkeep\n|turn|8\n|\n|t:|1700427632\n|cant|p1a: Glimmora|slp\n|move|p2a: Sneasler|Close Combat|p1a: Glimmora\n|-damage|p1a: Glimmora|0 fnt\n|-unboost|p2a: Sneasler|def|1\n|-unboost|p2a: Sneasler|spd|1\n|-activate|p1a: Glimmora|ability: Toxic Debris\n|-sidestart|p2: Oreca2005|move: Toxic Spikes\n|-enditem|p2a: Sneasler|White Herb\n|-clearnegativeboost|p2a: Sneasler|[silent]\n|faint|p1a: Glimmora\n|\n|upkeep\n|\n|t:|1700427655\n|switch|p1a: Great Tusk|Great Tusk|100\/100\n|turn|9\n|\n|t:|1700427667\n|-terastallize|p2a: Sneasler|Flying\n|move|p2a: Sneasler|Acrobatics|p1a: Great Tusk\n|-supereffective|p1a: Great Tusk\n|-damage|p1a: Great Tusk|0 fnt\n|faint|p1a: Great Tusk\n|-end|p1a: Great Tusk|Protosynthesis|[silent]\n|\n|upkeep\n|\n|t:|1700427672\n|switch|p1a: Gyarados|Gyarados, M|100\/100\n|turn|10\n|\n|t:|1700427695\n|-terastallize|p1a: Gyarados|Ground\n|move|p2a: Sneasler|Dire Claw|p1a: Gyarados\n|-resisted|p1a: Gyarados\n|-damage|p1a: Gyarados|1\/100\n|-status|p1a: Gyarados|psn\n|move|p1a: Gyarados|Waterfall|p2a: Sneasler\n|-damage|p2a: Sneasler|0 fnt\n|faint|p2a: Sneasler\n|-ability|p1a: Gyarados|Moxie|boost\n|-boost|p1a: Gyarados|atk|1\n|-damage|p1a: Gyarados|0 fnt|[from] item: Life Orb\n|faint|p1a: Gyarados\n|\n|upkeep\n|\n|t:|1700427714\n|switch|p2a: Garchomp|Garchomp, M|100\/100\n|switch|p1a: Ogerpon|Ogerpon-Wellspring, F|100\/100\n|-damage|p2a: Garchomp|94\/100|[from] Stealth Rock\n|-status|p2a: Garchomp|tox\n|turn|11\n|\n|t:|1700427724\n|move|p1a: Ogerpon|Leech Seed|p2a: Garchomp\n|-start|p2a: Garchomp|move: Leech Seed\n|move|p2a: Garchomp|Draco Meteor|p1a: Ogerpon\n|-damage|p1a: Ogerpon|68\/100\n|-unboost|p2a: Garchomp|spa|2\n|\n|-damage|p2a: Garchomp|82\/100 tox|[from] Leech Seed|[of] p1a: Ogerpon\n|-heal|p1a: Ogerpon|80\/100|[silent]\n|-damage|p2a: Garchomp|76\/100 tox|[from] psn\n|upkeep\n|turn|12\n|\n|t:|1700427733\n|move|p1a: Ogerpon|Spiky Shield|p1a: Ogerpon\n|-singleturn|p1a: Ogerpon|move: Protect\n|move|p2a: Garchomp|Swords Dance|p2a: Garchomp\n|-boost|p2a: Garchomp|atk|2\n|\n|-damage|p2a: Garchomp|64\/100 tox|[from] Leech Seed|[of] p1a: Ogerpon\n|-heal|p1a: Ogerpon|92\/100|[silent]\n|-damage|p2a: Garchomp|51\/100 tox|[from] psn\n|upkeep\n|turn|13\n|\n|t:|1700427742\n|move|p1a: Ogerpon|Ivy Cudgel|p2a: Garchomp|[anim] Ivy Cudgel Water\n|-crit|p2a: Garchomp\n|-damage|p2a: Garchomp|0 fnt\n|faint|p2a: Garchomp\n|\n|upkeep\n|\n|t:|1700427748\n|switch|p2a: Ceruledge|Ceruledge, F|100\/100\n|-damage|p2a: Ceruledge|76\/100|[from] Stealth Rock\n|-status|p2a: Ceruledge|tox\n|turn|14\n|\n|t:|1700427756\n|move|p1a: Ogerpon|Ivy Cudgel|p2a: Ceruledge|[anim] Ivy Cudgel Water\n|-supereffective|p2a: Ceruledge\n|-damage|p2a: Ceruledge|0 fnt\n|faint|p2a: Ceruledge\n|\n|upkeep\n|\n|t:|1700427763\n|switch|p2a: Ninetales|Ninetales-Alola, F|100\/100\n|-damage|p2a: Ninetales|76\/100|[from] Stealth Rock\n|-status|p2a: Ninetales|tox\n|-weather|Snow|[from] ability: Snow Warning|[of] p2a: Ninetales\n|turn|15\n|\n|t:|1700427771\n|move|p1a: Ogerpon|Ivy Cudgel|p2a: Ninetales|[anim] Ivy Cudgel Water\n|-damage|p2a: Ninetales|29\/100 tox\n|move|p2a: Ninetales|Aurora Veil|p2a: Ninetales\n|-sidestart|p2: Oreca2005|move: Aurora Veil\n|\n|-weather|Snow|[upkeep]\n|-damage|p2a: Ninetales|23\/100 tox|[from] psn\n|upkeep\n|turn|16\n|\n|t:|1700427779\n|move|p1a: Ogerpon|Ivy Cudgel|p2a: Ninetales|[anim] Ivy Cudgel Water\n|-damage|p2a: Ninetales|1\/100 tox\n|move|p2a: Ninetales|Blizzard|p1a: Ogerpon\n|-damage|p1a: Ogerpon|48\/100\n|\n|-weather|Snow|[upkeep]\n|-damage|p2a: Ninetales|0 fnt|[from] psn\n|faint|p2a: Ninetales\n|upkeep\n|\n|t:|1700427789\n|switch|p2a: Iron Valiant|Iron Valiant|100\/100\n|-damage|p2a: Iron Valiant|94\/100|[from] Stealth Rock\n|-status|p2a: Iron Valiant|tox\n|-enditem|p2a: Iron Valiant|Booster Energy\n|-activate|p2a: Iron Valiant|ability: Quark Drive|[fromitem]\n|-start|p2a: Iron Valiant|quarkdrivespe\n|turn|17\n|\n|t:|1700427798\n|move|p1a: Ogerpon|Spiky Shield|p1a: Ogerpon\n|-singleturn|p1a: Ogerpon|move: Protect\n|move|p2a: Iron Valiant|Spirit Break|p1a: Ogerpon\n|-activate|p1a: Ogerpon|move: Protect\n|-damage|p2a: Iron Valiant|82\/100 tox|[from] Spiky Shield|[of] p1a: Ogerpon\n|\n|-weather|Snow|[upkeep]\n|-damage|p2a: Iron Valiant|76\/100 tox|[from] psn\n|upkeep\n|turn|18\n|\n|t:|1700427808\n|move|p2a: Iron Valiant|Spirit Break|p1a: Ogerpon\n|-damage|p1a: Ogerpon|7\/100\n|-unboost|p1a: Ogerpon|spa|1\n|move|p1a: Ogerpon|Leech Seed|p2a: Iron Valiant\n|-start|p2a: Iron Valiant|move: Leech Seed\n|\n|-weather|Snow|[upkeep]\n|-damage|p2a: Iron Valiant|63\/100 tox|[from] Leech Seed|[of] p1a: Ogerpon\n|-heal|p1a: Ogerpon|17\/100|[silent]\n|-damage|p2a: Iron Valiant|51\/100 tox|[from] psn\n|upkeep\n|turn|19\n|\n|t:|1700427818\n|move|p1a: Ogerpon|Spiky Shield|p1a: Ogerpon\n|-singleturn|p1a: Ogerpon|move: Protect\n|move|p2a: Iron Valiant|Spirit Break|p1a: Ogerpon\n|-activate|p1a: Ogerpon|move: Protect\n|-damage|p2a: Iron Valiant|38\/100 tox|[from] Spiky Shield|[of] p1a: Ogerpon\n|\n|-weather|none\n|-damage|p2a: Iron Valiant|26\/100 tox|[from] Leech Seed|[of] p1a: Ogerpon\n|-heal|p1a: Ogerpon|27\/100|[silent]\n|-damage|p2a: Iron Valiant|7\/100 tox|[from] psn\n|upkeep\n|turn|20\n|\n|t:|1700427831\n|move|p2a: Iron Valiant|Close Combat|p1a: Ogerpon\n|-damage|p1a: Ogerpon|0 fnt\n|-unboost|p2a: Iron Valiant|def|1\n|-unboost|p2a: Iron Valiant|spd|1\n|faint|p1a: Ogerpon\n|\n|-damage|p2a: Iron Valiant|0 fnt|[from] psn\n|faint|p2a: Iron Valiant\n|-end|p2a: Iron Valiant|Quark Drive|[silent]\n|upkeep\n|\n|t:|1700427843\n|switch|p2a: Ogerpon|Ogerpon-Wellspring, F|100\/100\n|switch|p1a: Sinistcha|Sinistcha|100\/100\n|-damage|p2a: Ogerpon|88\/100|[from] Stealth Rock\n|-status|p2a: Ogerpon|tox\n|turn|21\n|\n|t:|1700427857\n|move|p2a: Ogerpon|Swords Dance|p2a: Ogerpon\n|-boost|p2a: Ogerpon|atk|2\n|move|p1a: Sinistcha|Strength Sap|p2a: Ogerpon\n|-unboost|p2a: Ogerpon|atk|1\n|\n|-damage|p2a: Ogerpon|82\/100 tox|[from] psn\n|upkeep\n|turn|22\n|\n|t:|1700427864\n|move|p2a: Ogerpon|Swords Dance|p2a: Ogerpon\n|-boost|p2a: Ogerpon|atk|2\n|move|p1a: Sinistcha|Strength Sap|p2a: Ogerpon\n|-unboost|p2a: Ogerpon|atk|1\n|\n|-damage|p2a: Ogerpon|70\/100 tox|[from] psn\n|-sideend|p2: Oreca2005|move: Aurora Veil\n|upkeep\n|turn|23\n|\n|t:|1700427872\n|move|p2a: Ogerpon|Giga Drain|p1a: Sinistcha\n|-resisted|p1a: Sinistcha\n|-damage|p1a: Sinistcha|91\/100\n|-heal|p2a: Ogerpon|76\/100 tox|[from] drain|[of] p1a: Sinistcha\n|move|p1a: Sinistcha|Strength Sap|p2a: Ogerpon\n|-unboost|p2a: Ogerpon|atk|1\n|-heal|p1a: Sinistcha|100\/100\n|\n|-damage|p2a: Ogerpon|58\/100 tox|[from] psn\n|upkeep\n|turn|24\n|\n|t:|1700427882\n|move|p2a: Ogerpon|Ivy Cudgel|p1a: Sinistcha|[anim] Ivy Cudgel Water\n|-resisted|p1a: Sinistcha\n|-damage|p1a: Sinistcha|63\/100\n|move|p1a: Sinistcha|Strength Sap|p2a: Ogerpon\n|-unboost|p2a: Ogerpon|atk|1\n|-heal|p1a: Sinistcha|100\/100\n|\n|-damage|p2a: Ogerpon|34\/100 tox|[from] psn\n|upkeep\n|turn|25\n|\n|t:|1700427890\n|move|p2a: Ogerpon|Ivy Cudgel|p1a: Sinistcha|[anim] Ivy Cudgel Water\n|-resisted|p1a: Sinistcha\n|-damage|p1a: Sinistcha|76\/100\n|move|p1a: Sinistcha|Shadow Ball|p2a: Ogerpon\n|-damage|p2a: Ogerpon|0 fnt\n|faint|p2a: Ogerpon\n|\n|win|TImAndMobyBrainPop\n","uploadtime":1700427956,"views":12,"p1id":"timandmobybrainpop","p2id":"oreca2005","formatid":"gen9ou","rating":0,"private":0,"password":""}