{"id":"gen9ou-1995159574","p1":"KT1120","p2":"godlycarrot","format":"[Gen 9] OU","log":"|j|\u2606KT1120\n|j|\u2606godlycarrot\n|t:|1700529235\n|gametype|singles\n|player|p1|KT1120|169|\n|player|p2|godlycarrot|unknown|\n|teamsize|p1|6\n|teamsize|p2|6\n|gen|9\n|tier|[Gen 9] OU\n|rule|Sleep Clause Mod: Limit one foe put to sleep\n|rule|Species Clause: Limit one of each Pok\u00e9mon\n|rule|OHKO Clause: OHKO moves are banned\n|rule|Evasion Items Clause: Evasion items are banned\n|rule|Evasion Moves Clause: Evasion moves are banned\n|rule|Endless Battle Clause: Forcing endless battles is banned\n|rule|HP Percentage Mod: HP is shown in percentages\n|clearpoke\n|poke|p1|Garganacl, M|\n|poke|p1|Great Tusk|\n|poke|p1|Gholdengo|\n|poke|p1|Iron Valiant|\n|poke|p1|Dragonite, F|\n|poke|p1|Zapdos|\n|poke|p2|Walking Wake|\n|poke|p2|Maushold-Four|\n|poke|p2|Dragonite, F|\n|poke|p2|Weezing-Galar, F|\n|poke|p2|Great Tusk|\n|poke|p2|Muk-Alola, F|\n|teampreview\n|inactive|Battle timer is ON: inactive players will automatically lose when time's up. (requested by KT1120)\n|c|\u2606godlycarrot|im gonna lose\n|c|\u2606godlycarrot|u know the sets to 1\/3 of my tean\n|c|\u2606KT1120|i havent played ou in a while u hav a chance\n|j| Hackez\n|c|\u2606godlycarrot|uh huh\n|c|\u2606godlycarrot|yea right\n|inactive|KT1120 has 270 seconds left.\n|inactive|godlycarrot has 270 seconds left.\n|c|\u2606godlycarrot|i bet u have the calc pulled up rn\n|c|\u2606KT1120|wat no i dont\n|c|\u2606godlycarrot|yea right\n|\n|t:|1700529289\n|start\n|switch|p1a: Great Tusk|Great Tusk|100\/100\n|switch|p2a: Weezing|Weezing-Galar, F|100\/100\n|turn|1\n|c| Hackez|its his natural instinct to pull out cacl\n|c| Hackez|kevin use nacl\n|inactive|godlycarrot has 270 seconds left.\n|\n|t:|1700529320\n|-end|p1a: Great Tusk|Protosynthesis|[silent]\n|switch|p1a: Zapdos|Zapdos|100\/100\n|move|p2a: Weezing|Strange Steam|p1a: Zapdos\n|-damage|p1a: Zapdos|61\/100\n|\n|upkeep\n|turn|2\n|c|\u2606KT1120|garganacl?\n|c| Hackez|no nacl\n|c|\u2606godlycarrot|bro said nacl\n|inactive|godlycarrot has 270 seconds left.\n|\n|t:|1700529337\n|switch|p2a: MUCK|Muk-Alola, F|100\/100\n|move|p1a: Zapdos|Hurricane|p2a: MUCK\n|-damage|p2a: MUCK|74\/100\n|-start|p2a: MUCK|confusion\n|\n|-heal|p2a: MUCK|80\/100|[from] item: Black Sludge\n|upkeep\n|turn|3\n|inactive|godlycarrot has 270 seconds left.\n|\n|t:|1700529347\n|switch|p1a: Great Tusk|Great Tusk|100\/100\n|-activate|p2a: MUCK|confusion\n|move|p2a: MUCK|Protect||[still]\n|-fail|p2a: MUCK\n|\n|-heal|p2a: MUCK|86\/100|[from] item: Black Sludge\n|upkeep\n|turn|4\n|\n|t:|1700529351\n|-activate|p2a: MUCK|confusion\n|-damage|p2a: MUCK|76\/100|[from] confusion\n|move|p1a: Great Tusk|Knock Off|p2a: MUCK\n|-resisted|p2a: MUCK\n|-damage|p2a: MUCK|59\/100\n|-enditem|p2a: MUCK|Black Sludge|[from] move: Knock Off|[of] p1a: Great Tusk\n|\n|upkeep\n|turn|5\n|c|\u2606godlycarrot|bro\n|c|\u2606godlycarrot|ggwp\n|\n|t:|1700529362\n|-end|p2a: MUCK|confusion\n|move|p2a: MUCK|Protect|p2a: MUCK\n|-singleturn|p2a: MUCK|Protect\n|move|p1a: Great Tusk|Stealth Rock|p2a: MUCK\n|-sidestart|p2: godlycarrot|move: Stealth Rock\n|\n|upkeep\n|turn|6\n|c|\u2606godlycarrot|im still very confused\n|c|\u2606KT1120|smh\n|inactive|godlycarrot has 270 seconds left.\n|\n|t:|1700529385\n|switch|p2a: Great Tusk|Great Tusk|100\/100\n|-damage|p2a: Great Tusk|97\/100|[from] Stealth Rock\n|move|p1a: Great Tusk|Knock Off|p2a: Great Tusk\n|-resisted|p2a: Great Tusk\n|-damage|p2a: Great Tusk|90\/100\n|-damage|p1a: Great Tusk|84\/100|[from] item: Rocky Helmet|[of] p2a: Great Tusk\n|-enditem|p2a: Great Tusk|Rocky Helmet|[from] move: Knock Off|[of] p1a: Great Tusk\n|\n|upkeep\n|turn|7\n|\n|t:|1700529392\n|-end|p1a: Great Tusk|Protosynthesis|[silent]\n|switch|p1a: Gholdengo|Gholdengo|100\/100\n|-item|p1a: Gholdengo|Air Balloon\n|move|p2a: Great Tusk|Earthquake|p1a: Gholdengo\n|-immune|p1a: Gholdengo\n|\n|upkeep\n|turn|8\n|c|\u2606godlycarrot|ahhhhhhhhhhhhhhhhhh\n|c|\u2606godlycarrot|runnnnnnnnnnnn\n|c|\u2606godlycarrot|its my arch nemesis\n|c|\u2606KT1120|lol\n|inactive|godlycarrot has 270 seconds left.\n|c|\u2606godlycarrot|its not gholdengo\n|c|\u2606godlycarrot|its the BALLOOOOOOON\n|c|\u2606godlycarrot|helppp @hackez\n|\n|t:|1700529434\n|-end|p2a: Great Tusk|Protosynthesis|[silent]\n|switch|p2a: Walking Wake|Walking Wake|100\/100\n|-damage|p2a: Walking Wake|88\/100|[from] Stealth Rock\n|move|p1a: Gholdengo|Make It Rain|p2a: Walking Wake\n|-resisted|p2a: Walking Wake\n|-damage|p2a: Walking Wake|56\/100\n|-unboost|p1a: Gholdengo|spa|1\n|\n|upkeep\n|turn|9\n|\n|t:|1700529451\n|switch|p1a: Zapdos|Zapdos|61\/100\n|move|p2a: Walking Wake|Flip Turn|p1a: Zapdos\n|-damage|p1a: Zapdos|43\/100\n|c| Hackez|just like use protect\n|\n|t:|1700529463\n|-end|p2a: Walking Wake|Protosynthesis|[silent]\n|switch|p2a: Weezing|Weezing-Galar, F|100\/100|[from] Flip Turn\n|-damage|p2a: Weezing|88\/100|[from] Stealth Rock\n|\n|upkeep\n|turn|10\n|c| Hackez|so he cant hit u\n|c| Hackez|ezpz\n|\n|t:|1700529471\n|move|p1a: Zapdos|Roost|p1a: Zapdos\n|-heal|p1a: Zapdos|93\/100\n|-singleturn|p1a: Zapdos|move: Roost\n|move|p2a: Weezing|Overheat|p1a: Zapdos|[miss]\n|-miss|p2a: Weezing|p1a: Zapdos\n|\n|upkeep\n|turn|11\n|c|\u2606godlycarrot|bro\n|c|\u2606godlycarrot|wtf  iss this\n|c|\u2606KT1120|why would u overheat smh\n|c|\u2606godlycarrot|gholdengo switch prediction\n|c|\u2606KT1120|why would i switch lol max spdef zapdos\n|inactive|godlycarrot has 240 seconds left.\n|c|\u2606godlycarrot|i didnt know that\n|c|\u2606godlycarrot|normally zappy is max def\n|\n|t:|1700529516\n|switch|p2a: MUCK|Muk-Alola, F|59\/100\n|-damage|p2a: MUCK|47\/100|[from] Stealth Rock\n|move|p1a: Zapdos|Discharge|p2a: MUCK\n|-damage|p2a: MUCK|25\/100\n|\n|upkeep\n|turn|12\n|\n|t:|1700529522\n|move|p1a: Zapdos|Hurricane|p2a: MUCK\n|-damage|p2a: MUCK|0 fnt\n|faint|p2a: MUCK\n|\n|upkeep\n|\n|t:|1700529525\n|switch|p2a: Maushold|Maushold-Four|100\/100\n|-damage|p2a: Maushold|88\/100|[from] Stealth Rock\n|turn|13\n|\n|t:|1700529538\n|switch|p1a: Gholdengo|Gholdengo|100\/100\n|-item|p1a: Gholdengo|Air Balloon\n|move|p2a: Maushold|Tidy Up|p2a: Maushold\n|-sideend|p2: godlycarrot|Stealth Rock\n|-activate|p2a: Maushold|move: Tidy Up\n|-boost|p2a: Maushold|atk|1\n|-boost|p2a: Maushold|spe|1\n|\n|upkeep\n|turn|14\n|c|\u2606godlycarrot|no more rocks for u nerd\n|\n|t:|1700529547\n|move|p2a: Maushold|Bite|p1a: Gholdengo\n|-supereffective|p1a: Gholdengo\n|-damage|p1a: Gholdengo|52\/100\n|-enditem|p1a: Gholdengo|Air Balloon\n|cant|p1a: Gholdengo|flinch\n|\n|upkeep\n|turn|15\n|c|\u2606KT1120|smh\n|\n|t:|1700529561\n|-terastallize|p2a: Maushold|Steel\n|move|p2a: Maushold|Tidy Up|p2a: Maushold\n|-boost|p2a: Maushold|atk|1\n|-boost|p2a: Maushold|spe|1\n|move|p1a: Gholdengo|Make It Rain|p2a: Maushold\n|-resisted|p2a: Maushold\n|-damage|p2a: Maushold|45\/100\n|-unboost|p1a: Gholdengo|spa|1\n|\n|upkeep\n|turn|16\n|\n|t:|1700529566\n|move|p2a: Maushold|Bite|p1a: Gholdengo\n|-supereffective|p1a: Gholdengo\n|-damage|p1a: Gholdengo|0 fnt\n|faint|p1a: Gholdengo\n|\n|upkeep\n|\n|t:|1700529575\n|switch|p1a: Zapdos|Zapdos|93\/100\n|turn|17\n|inactive|godlycarrot has 270 seconds left.\n|c|\u2606godlycarrot|i stg if ur thing has rocky helmet\n|c|\u2606godlycarrot|ima kms\n|\n|t:|1700529593\n|move|p2a: Maushold|Population Bomb|p1a: Zapdos\n|-damage|p1a: Zapdos|69\/100\n|-damage|p1a: Zapdos|45\/100\n|-status|p2a: Maushold|par|[from] ability: Static|[of] p1a: Zapdos\n|-damage|p1a: Zapdos|22\/100\n|-damage|p1a: Zapdos|0 fnt\n|faint|p1a: Zapdos\n|-hitcount|p1: Zapdos|4\n|\n|upkeep\n|c|\u2606KT1120|im going for the static\n|c|\u2606godlycarrot|ik\n|c|\u2606godlycarrot|but if ur other thingy does\n|c|\u2606godlycarrot|i stg\n|c|\u2606KT1120|then i wouldnt just switched into tusk lol\n|c|\u2606KT1120|*wouldve\n|inactive|KT1120 has 270 seconds left.\n|c|\u2606godlycarrot|o yea\n|\n|t:|1700529626\n|switch|p1a: Iron Valiant|Iron Valiant|100\/100\n|turn|18\n|c|\u2606godlycarrot|so its prolly lefties\n|inactive|godlycarrot has 270 seconds left.\n|c|\u2606godlycarrot|oh no\n|c|\u2606godlycarrot|here comes the scarf\n|inactive|KT1120 has 270 seconds left.\n|\n|t:|1700529637\n|move|p1a: Iron Valiant|Close Combat|p2a: Maushold\n|-supereffective|p2a: Maushold\n|-damage|p2a: Maushold|0 fnt\n|-unboost|p1a: Iron Valiant|def|1\n|-unboost|p1a: Iron Valiant|spd|1\n|faint|p2a: Maushold\n|\n|upkeep\n|inactive|godlycarrot has 270 seconds left.\n|\n|t:|1700529645\n|switch|p2a: Weezing|Weezing-Galar, F|88\/100\n|turn|19\n|\n|t:|1700529656\n|-end|p1a: Iron Valiant|Quark Drive|[silent]\n|switch|p1a: Great Tusk|Great Tusk|84\/100\n|move|p2a: Weezing|Strange Steam|p1a: Great Tusk\n|-supereffective|p1a: Great Tusk\n|-damage|p1a: Great Tusk|0 fnt\n|faint|p1a: Great Tusk\n|-end|p1a: Great Tusk|Protosynthesis|[silent]\n|\n|upkeep\n|\n|t:|1700529658\n|switch|p1a: Dragonite|Dragonite, F|100\/100\n|turn|20\n|\n|t:|1700529661\n|-terastallize|p1a: Dragonite|Normal\n|move|p1a: Dragonite|Dragon Dance|p1a: Dragonite\n|-boost|p1a: Dragonite|atk|1\n|-boost|p1a: Dragonite|spe|1\n|move|p2a: Weezing|Strange Steam|p1a: Dragonite\n|-damage|p1a: Dragonite|72\/100\n|\n|upkeep\n|turn|21\n|c|\u2606godlycarrot|c'mre boy\n|\n|t:|1700529672\n|move|p1a: Dragonite|Extreme Speed|p2a: Weezing\n|-damage|p2a: Weezing|11\/100\n|move|p2a: Weezing|Strange Steam|p1a: Dragonite\n|-damage|p1a: Dragonite|10\/100\n|-start|p1a: Dragonite|confusion\n|\n|upkeep\n|turn|22\n|c|\u2606godlycarrot|ok now\n|\n|t:|1700529681\n|switch|p2a: Great Tusk|Great Tusk|90\/100\n|-activate|p1a: Dragonite|confusion\n|move|p1a: Dragonite|Extreme Speed|p2a: Great Tusk\n|-damage|p2a: Great Tusk|55\/100\n|\n|upkeep\n|turn|23\n|\n|t:|1700529687\n|-activate|p1a: Dragonite|confusion\n|move|p1a: Dragonite|Ice Spinner|p2a: Great Tusk\n|-supereffective|p2a: Great Tusk\n|-damage|p2a: Great Tusk|8\/100\n|move|p2a: Great Tusk|Rapid Spin|p1a: Dragonite\n|-damage|p1a: Dragonite|0 fnt\n|-boost|p2a: Great Tusk|spe|1\n|faint|p1a: Dragonite\n|\n|upkeep\n|c|\u2606godlycarrot|smh no confusion\n|\n|t:|1700529694\n|switch|p1a: Iron Valiant|Iron Valiant|100\/100\n|turn|24\n|\n|t:|1700529700\n|move|p1a: Iron Valiant|Moonblast|p2a: Great Tusk\n|-supereffective|p2a: Great Tusk\n|-damage|p2a: Great Tusk|0 fnt\n|faint|p2a: Great Tusk\n|-end|p2a: Great Tusk|Protosynthesis|[silent]\n|\n|upkeep\n|inactive|godlycarrot has 270 seconds left.\n|\n|t:|1700529731\n|switch|p2a: Walking Wake|Walking Wake|56\/100\n|turn|25\n|\n|t:|1700529740\n|move|p2a: Walking Wake|Hydro Steam|p1a: Iron Valiant\n|-damage|p1a: Iron Valiant|14\/100\n|move|p1a: Iron Valiant|Moonblast|p2a: Walking Wake\n|-supereffective|p2a: Walking Wake\n|-damage|p2a: Walking Wake|0 fnt\n|faint|p2a: Walking Wake\n|-end|p2a: Walking Wake|Protosynthesis|[silent]\n|\n|upkeep\n|\n|t:|1700529745\n|switch|p2a: Dragonite|Dragonite, F|100\/100\n|turn|26\n|\n|t:|1700529750\n|move|p2a: Dragonite|Extreme Speed|p1a: Iron Valiant\n|-damage|p1a: Iron Valiant|0 fnt\n|faint|p1a: Iron Valiant\n|-end|p1a: Iron Valiant|Quark Drive|[silent]\n|\n|upkeep\n|\n|t:|1700529752\n|switch|p1a: Garganacl|Garganacl, M|100\/100\n|turn|27\n|\n|t:|1700529754\n|switch|p2a: Weezing|Weezing-Galar, F|11\/100\n|move|p1a: Garganacl|Curse|p1a: Garganacl\n|-unboost|p1a: Garganacl|spe|1\n|-boost|p1a: Garganacl|atk|1\n|-boost|p1a: Garganacl|def|1\n|\n|upkeep\n|turn|28\n|c| Hackez|omg is robert gonna win\n|c|\u2606godlycarrot|no\n|c|\u2606godlycarrot|he has curse\n|c|\u2606godlycarrot|curse u kevin\n|c|\u2606godlycarrot|son of a bitch\n|c|\u2606KT1120|lol\n|\n|t:|1700529770\n|move|p2a: Weezing|Strange Steam|p1a: Garganacl\n|-damage|p1a: Garganacl|49\/100\n|move|p1a: Garganacl|Salt Cure|p2a: Weezing\n|-damage|p2a: Weezing|0 fnt\n|faint|p2a: Weezing\n|\n|-heal|p1a: Garganacl|55\/100|[from] item: Leftovers\n|upkeep\n|\n|t:|1700529773\n|switch|p2a: Dragonite|Dragonite, F|100\/100\n|turn|29\n|\n|t:|1700529776\n|move|p2a: Dragonite|Earthquake|p1a: Garganacl\n|-supereffective|p1a: Garganacl\n|-damage|p1a: Garganacl|11\/100\n|move|p1a: Garganacl|Salt Cure|p2a: Dragonite\n|-supereffective|p2a: Dragonite\n|-damage|p2a: Dragonite|77\/100\n|-start|p2a: Dragonite|Salt Cure\n|\n|-heal|p1a: Garganacl|17\/100|[from] item: Leftovers\n|-damage|p2a: Dragonite|64\/100|[from] Salt Cure\n|upkeep\n|turn|30\n|c|\u2606godlycarrot|wait\n|c|\u2606godlycarrot|omg\n|c|\u2606godlycarrot|i win\n|c|\u2606KT1120|gg\n|c|\u2606godlycarrot|ez pz\n|\n|t:|1700529784\n|move|p2a: Dragonite|Earthquake|p1a: Garganacl\n|-supereffective|p1a: Garganacl\n|-damage|p1a: Garganacl|0 fnt\n|faint|p1a: Garganacl\n|\n|win|godlycarrot\n|c|\u2606godlycarrot|ahahahahahahhaha\\\n|c| Hackez|just e spead gogogogo\n|c| Hackez|omog he won\n|c|\u2606godlycarrot|SPECS WEEZING GOT A KILL\n|c|\u2606godlycarrot|i think\n|c|\u2606godlycarrot|did it?\n|c|\u2606godlycarrot|idk\n|c|\u2606KT1120|yea\n|c|\u2606godlycarrot|well it did a fuck ton of damage\n|l|\u2606KT1120\n|c|\u2606godlycarrot|dam kevin sucks\n","uploadtime":1700529816,"views":14,"p1id":"kt1120","p2id":"godlycarrot","formatid":"gen9ou","rating":0,"private":0,"password":""}