{"id":"gen9ou-1997907681","p1":"Hinatakarasuni","p2":"PERIKO0729","format":"[Gen 9] OU","log":"|j|\u2606Hinatakarasuni\n|j|\u2606PERIKO0729\n|t:|1700866119\n|gametype|singles\n|player|p1|Hinatakarasuni|benga|\n|player|p2|PERIKO0729|lucas|\n|teamsize|p1|6\n|teamsize|p2|6\n|gen|9\n|tier|[Gen 9] OU\n|rule|Sleep Clause Mod: Limit one foe put to sleep\n|rule|Species Clause: Limit one of each Pok\u00e9mon\n|rule|OHKO Clause: OHKO moves are banned\n|rule|Evasion Items Clause: Evasion items are banned\n|rule|Evasion Moves Clause: Evasion moves are banned\n|rule|Endless Battle Clause: Forcing endless battles is banned\n|rule|HP Percentage Mod: HP is shown in percentages\n|clearpoke\n|poke|p1|Samurott-Hisui, F|\n|poke|p1|Kingambit, F|\n|poke|p1|Sandy Shocks|\n|poke|p1|Gholdengo|\n|poke|p1|Iron Valiant|\n|poke|p1|Walking Wake|\n|poke|p2|Vikavolt, F|\n|poke|p2|Enamorus, F|\n|poke|p2|Great Tusk|\n|poke|p2|Gholdengo|\n|poke|p2|Kommo-o, M|\n|poke|p2|Iron Moth|\n|teampreview\n|inactive|Battle timer is ON: inactive players will automatically lose when time's up. (requested by PERIKO0729)\n|\n|t:|1700866129\n|start\n|switch|p1a: Iron Valiant|Iron Valiant|100\/100\n|switch|p2a: Vikavolt|Vikavolt, F|100\/100\n|-enditem|p1a: Iron Valiant|Booster Energy\n|-activate|p1a: Iron Valiant|ability: Quark Drive|[fromitem]\n|-start|p1a: Iron Valiant|quarkdrivespe\n|turn|1\n|\n|t:|1700866140\n|move|p1a: Iron Valiant|Swords Dance|p1a: Iron Valiant\n|-boost|p1a: Iron Valiant|atk|2\n|move|p2a: Vikavolt|Thunder Wave|p1a: Iron Valiant\n|-status|p1a: Iron Valiant|par\n|\n|upkeep\n|turn|2\n|\n|t:|1700866148\n|cant|p1a: Iron Valiant|par\n|move|p2a: Vikavolt|Sticky Web|p1a: Iron Valiant\n|-sidestart|p1: Hinatakarasuni|move: Sticky Web\n|\n|upkeep\n|turn|3\n|\n|t:|1700866154\n|move|p1a: Iron Valiant|Knock Off|p2a: Vikavolt\n|-damage|p2a: Vikavolt|25\/100\n|-enditem|p2a: Vikavolt|Focus Sash|[from] move: Knock Off|[of] p1a: Iron Valiant\n|move|p2a: Vikavolt|Volt Switch|p1a: Iron Valiant\n|-damage|p1a: Iron Valiant|26\/100 par\n|\n|t:|1700866172\n|switch|p2a: Enamorus|Enamorus, F, shiny|100\/100|[from] Volt Switch\n|\n|upkeep\n|turn|4\n|\n|t:|1700866183\n|move|p2a: Enamorus|Earth Power|p1a: Iron Valiant\n|-damage|p1a: Iron Valiant|0 fnt\n|faint|p1a: Iron Valiant\n|-end|p1a: Iron Valiant|Quark Drive|[silent]\n|-damage|p2a: Enamorus|91\/100|[from] item: Life Orb\n|\n|upkeep\n|\n|t:|1700866194\n|switch|p1a: Gholdengo|Gholdengo|100\/100\n|-item|p1a: Gholdengo|Air Balloon\n|turn|5\n|\n|t:|1700866203\n|move|p2a: Enamorus|Mystical Fire|p1a: Gholdengo\n|-supereffective|p1a: Gholdengo\n|-damage|p1a: Gholdengo|34\/100\n|-unboost|p1a: Gholdengo|spa|1\n|-enditem|p1a: Gholdengo|Air Balloon\n|-damage|p2a: Enamorus|81\/100|[from] item: Life Orb\n|move|p1a: Gholdengo|Thunder Wave|p2a: Enamorus|[miss]\n|-miss|p1a: Gholdengo|p2a: Enamorus\n|\n|upkeep\n|turn|6\n|\n|t:|1700866217\n|move|p2a: Enamorus|Mystical Fire|p1a: Gholdengo\n|-supereffective|p1a: Gholdengo\n|-damage|p1a: Gholdengo|0 fnt\n|faint|p1a: Gholdengo\n|-damage|p2a: Enamorus|71\/100|[from] item: Life Orb\n|\n|upkeep\n|c|\u2606Hinatakarasuni|Tremenda hax\n|\n|t:|1700866231\n|switch|p1a: Sandy Shocks|Sandy Shocks|100\/100\n|-activate|p1a: Sandy Shocks|move: Sticky Web\n|-unboost|p1a: Sandy Shocks|spe|1\n|-enditem|p1a: Sandy Shocks|Booster Energy\n|-activate|p1a: Sandy Shocks|ability: Protosynthesis|[fromitem]\n|-start|p1a: Sandy Shocks|protosynthesisspa\n|turn|7\n|\n|t:|1700866244\n|-terastallize|p1a: Sandy Shocks|Ice\n|move|p2a: Enamorus|Draining Kiss|p1a: Sandy Shocks\n|-damage|p1a: Sandy Shocks|58\/100\n|-heal|p2a: Enamorus|100\/100|[from] drain|[of] p1a: Sandy Shocks\n|-damage|p2a: Enamorus|91\/100|[from] item: Life Orb\n|move|p1a: Sandy Shocks|Tera Blast|p2a: Enamorus|[anim] Tera Blast Ice\n|-supereffective|p2a: Enamorus\n|-damage|p2a: Enamorus|0 fnt\n|faint|p2a: Enamorus\n|\n|upkeep\n|\n|t:|1700866258\n|switch|p2a: Iron Moth|Iron Moth|100\/100\n|-enditem|p2a: Iron Moth|Booster Energy\n|-activate|p2a: Iron Moth|ability: Quark Drive|[fromitem]\n|-start|p2a: Iron Moth|quarkdrivespe\n|turn|8\n|\n|t:|1700866268\n|move|p2a: Iron Moth|Fiery Dance|p1a: Sandy Shocks\n|-supereffective|p1a: Sandy Shocks\n|-crit|p1a: Sandy Shocks\n|-damage|p1a: Sandy Shocks|0 fnt\n|faint|p1a: Sandy Shocks\n|-end|p1a: Sandy Shocks|Protosynthesis|[silent]\n|\n|upkeep\n|\n|t:|1700866274\n|switch|p1a: Walking Wake|Walking Wake|100\/100\n|-activate|p1a: Walking Wake|move: Sticky Web\n|-unboost|p1a: Walking Wake|spe|1\n|-enditem|p1a: Walking Wake|Booster Energy\n|-activate|p1a: Walking Wake|ability: Protosynthesis|[fromitem]\n|-start|p1a: Walking Wake|protosynthesisspa\n|turn|9\n|\n|t:|1700866282\n|move|p2a: Iron Moth|Dazzling Gleam|p1a: Walking Wake\n|-supereffective|p1a: Walking Wake\n|-damage|p1a: Walking Wake|35\/100\n|move|p1a: Walking Wake|Agility|p1a: Walking Wake\n|-boost|p1a: Walking Wake|spe|2\n|\n|upkeep\n|turn|10\n|\n|t:|1700866290\n|move|p2a: Iron Moth|Dazzling Gleam|p1a: Walking Wake\n|-supereffective|p1a: Walking Wake\n|-damage|p1a: Walking Wake|0 fnt\n|faint|p1a: Walking Wake\n|-end|p1a: Walking Wake|Protosynthesis|[silent]\n|\n|upkeep\n|\n|t:|1700866295\n|switch|p1a: Kingambit|Kingambit, F|100\/100\n|-activate|p1a: Kingambit|move: Sticky Web\n|-unboost|p1a: Kingambit|spe|1\n|-activate|p1a: Kingambit|ability: Supreme Overlord\n|-start|p1a: Kingambit|fallen4|[silent]\n|turn|11\n|\n|t:|1700866309\n|-end|p2a: Iron Moth|Quark Drive|[silent]\n|switch|p2a: Vikavolt|Vikavolt, F|25\/100\n|move|p1a: Kingambit|Swords Dance|p1a: Kingambit\n|-boost|p1a: Kingambit|atk|2\n|\n|upkeep\n|turn|12\n|\n|t:|1700866316\n|move|p2a: Vikavolt|Thunder Wave|p1a: Kingambit\n|-status|p1a: Kingambit|par\n|move|p1a: Kingambit|Kowtow Cleave|p2a: Vikavolt\n|-damage|p2a: Vikavolt|0 fnt\n|faint|p2a: Vikavolt\n|\n|upkeep\n|\n|t:|1700866325\n|switch|p2a: Iron Moth|Iron Moth|100\/100\n|turn|13\n|\n|t:|1700866329\n|move|p1a: Kingambit|Sucker Punch|p2a: Iron Moth\n|-damage|p2a: Iron Moth|0 fnt\n|faint|p2a: Iron Moth\n|-end|p2a: Iron Moth|Quark Drive|[silent]\n|\n|upkeep\n|\n|t:|1700866336\n|switch|p2a: Kommo-o|Kommo-o, M|100\/100\n|turn|14\n|\n|t:|1700866343\n|move|p2a: Kommo-o|Clangorous Soul|p2a: Kommo-o\n|-boost|p2a: Kommo-o|atk|1\n|-boost|p2a: Kommo-o|def|1\n|-boost|p2a: Kommo-o|spa|1\n|-boost|p2a: Kommo-o|spd|1\n|-boost|p2a: Kommo-o|spe|1\n|-damage|p2a: Kommo-o|68\/100\n|cant|p1a: Kingambit|par\n|\n|-heal|p2a: Kommo-o|74\/100|[from] item: Leftovers\n|upkeep\n|turn|15\n|\n|t:|1700866354\n|move|p1a: Kingambit|Sucker Punch|p2a: Kommo-o\n|-resisted|p2a: Kommo-o\n|-damage|p2a: Kommo-o|38\/100\n|move|p2a: Kommo-o|Drain Punch|p1a: Kingambit\n|-supereffective|p1a: Kingambit\n|-damage|p1a: Kingambit|0 fnt\n|-heal|p2a: Kommo-o|100\/100|[from] drain|[of] p1a: Kingambit\n|faint|p1a: Kingambit\n|-end|p1a: Kingambit|fallen4|[silent]\n|\n|upkeep\n|-message|Hinatakarasuni forfeited.\n|\n|win|PERIKO0729\n|l|\u2606Hinatakarasuni\n","uploadtime":1700866374,"views":1,"p1id":"hinatakarasuni","p2id":"periko0729","formatid":"gen9ou","rating":0,"private":0,"password":""}