{"id":"gen9ou-1993049082","p1":"gaznapiront","p2":"KaiZX49","format":"[Gen 9] OU","log":"|j|\u2606gaznapiront\n|j|\u2606KaiZX49\n|t:|1700259119\n|gametype|singles\n|player|p1|gaznapiront|li|1197\n|player|p2|KaiZX49|1|1254\n|teamsize|p1|6\n|teamsize|p2|6\n|gen|9\n|tier|[Gen 9] OU\n|rated|\n|rule|Sleep Clause Mod: Limit one foe put to sleep\n|rule|Species Clause: Limit one of each Pok\u00e9mon\n|rule|OHKO Clause: OHKO moves are banned\n|rule|Evasion Items Clause: Evasion items are banned\n|rule|Evasion Moves Clause: Evasion moves are banned\n|rule|Endless Battle Clause: Forcing endless battles is banned\n|rule|HP Percentage Mod: HP is shown in percentages\n|clearpoke\n|poke|p1|Rillaboom, M|\n|poke|p1|Zapdos|\n|poke|p1|Garganacl, M|\n|poke|p1|Zamazenta-*|\n|poke|p1|Iron Moth|\n|poke|p1|Dondozo, F|\n|poke|p2|Espeon, M|\n|poke|p2|Cinderace, M|\n|poke|p2|Mimikyu, M|\n|poke|p2|Rotom-Wash|\n|poke|p2|Landorus-Therian, M|\n|poke|p2|Jumpluff, M|\n|teampreview\n|inactive|Battle timer is ON: inactive players will automatically lose when time's up. (requested by gaznapiront)\n|\n|t:|1700259137\n|start\n|switch|p1a: Iron Moth|Iron Moth|100\/100\n|switch|p2a: Espeon|Espeon, M|100\/100\n|-enditem|p1a: Iron Moth|Booster Energy\n|-activate|p1a: Iron Moth|ability: Quark Drive|[fromitem]\n|-start|p1a: Iron Moth|quarkdrivespe\n|turn|1\n|\n|t:|1700259147\n|move|p1a: Iron Moth|Fiery Dance|p2a: Espeon\n|-damage|p2a: Espeon|45\/100\n|-boost|p1a: Iron Moth|spa|1\n|move|p2a: Espeon|Psyshock|p1a: Iron Moth\n|-supereffective|p1a: Iron Moth\n|-damage|p1a: Iron Moth|0 fnt\n|faint|p1a: Iron Moth\n|-end|p1a: Iron Moth|Quark Drive|[silent]\n|\n|upkeep\n|\n|t:|1700259167\n|switch|p1a: Zamazenta|Zamazenta|100\/100\n|-ability|p1a: Zamazenta|Dauntless Shield|boost\n|-boost|p1a: Zamazenta|def|1\n|turn|2\n|\n|t:|1700259175\n|switch|p2a: Landorus|Landorus-Therian, M|100\/100\n|-ability|p2a: Landorus|Intimidate|boost\n|-unboost|p1a: Zamazenta|atk|1\n|move|p1a: Zamazenta|Trailblaze|p2a: Landorus\n|-damage|p2a: Landorus|87\/100\n|-boost|p1a: Zamazenta|spe|1\n|\n|upkeep\n|turn|3\n|\n|t:|1700259186\n|-terastallize|p1a: Zamazenta|Fairy\n|-terastallize|p2a: Landorus|Flying\n|move|p1a: Zamazenta|Play Rough|p2a: Landorus\n|-damage|p2a: Landorus|47\/100\n|move|p2a: Landorus|Tera Blast|p1a: Zamazenta|[anim] Tera Blast Flying\n|-damage|p1a: Zamazenta|59\/100\n|\n|upkeep\n|turn|4\n|\n|t:|1700259201\n|move|p1a: Zamazenta|Play Rough|p2a: Landorus\n|-damage|p2a: Landorus|9\/100\n|-unboost|p2a: Landorus|atk|1\n|move|p2a: Landorus|Tera Blast|p1a: Zamazenta|[anim] Tera Blast Flying\n|-damage|p1a: Zamazenta|35\/100\n|\n|upkeep\n|turn|5\n|\n|t:|1700259209\n|switch|p2a: Cinderace|Cinderace, M|100\/100\n|move|p1a: Zamazenta|Trailblaze|p2a: Cinderace\n|-resisted|p2a: Cinderace\n|-damage|p2a: Cinderace|92\/100\n|-boost|p1a: Zamazenta|spe|1\n|\n|upkeep\n|turn|6\n|\n|t:|1700259218\n|move|p1a: Zamazenta|Close Combat|p2a: Cinderace\n|-damage|p2a: Cinderace|18\/100\n|-unboost|p1a: Zamazenta|def|1\n|-unboost|p1a: Zamazenta|spd|1\n|move|p2a: Cinderace|Pyro Ball|p1a: Zamazenta|[miss]\n|-miss|p2a: Cinderace|p1a: Zamazenta\n|\n|upkeep\n|turn|7\n|\n|t:|1700259229\n|switch|p2a: Mimikyu|Mimikyu, M|100\/100\n|move|p1a: Zamazenta|Close Combat|p2a: Mimikyu\n|-immune|p2a: Mimikyu\n|\n|upkeep\n|turn|8\n|\n|t:|1700259239\n|switch|p1a: Garganacl|Garganacl, M|100\/100\n|move|p2a: Mimikyu|Play Rough|p1a: Garganacl\n|-damage|p1a: Garganacl|68\/100\n|-unboost|p1a: Garganacl|atk|1\n|-damage|p2a: Mimikyu|84\/100|[from] item: Rocky Helmet|[of] p1a: Garganacl\n|-damage|p2a: Mimikyu|74\/100|[from] item: Life Orb\n|\n|upkeep\n|turn|9\n|\n|t:|1700259250\n|switch|p2a: Jumpluff|Jumpluff, M|100\/100\n|move|p1a: Garganacl|Recover|p1a: Garganacl\n|-heal|p1a: Garganacl|100\/100\n|\n|upkeep\n|turn|10\n|\n|t:|1700259264\n|move|p2a: Jumpluff|Leech Seed|p1a: Garganacl\n|-start|p1a: Garganacl|move: Leech Seed\n|move|p1a: Garganacl|Salt Cure|p2a: Jumpluff\n|-supereffective|p2a: Jumpluff\n|-damage|p2a: Jumpluff|76\/100\n|-start|p2a: Jumpluff|Salt Cure\n|\n|-damage|p1a: Garganacl|88\/100|[from] Leech Seed|[of] p2a: Jumpluff\n|-heal|p2a: Jumpluff|93\/100|[silent]\n|-damage|p2a: Jumpluff|81\/100|[from] Salt Cure\n|upkeep\n|turn|11\n|\n|t:|1700259276\n|switch|p2a: Mimikyu|Mimikyu, M|74\/100\n|switch|p1a: Zapdos|Zapdos|100\/100\n|\n|upkeep\n|turn|12\n|\n|t:|1700259284\n|switch|p2a: Rotom|Rotom-Wash|100\/100\n|move|p1a: Zapdos|Air Cutter|p2a: Rotom\n|-resisted|p2a: Rotom\n|-damage|p2a: Rotom|88\/100\n|\n|-heal|p2a: Rotom|94\/100|[from] item: Leftovers\n|upkeep\n|turn|13\n|\n|t:|1700259296\n|switch|p1a: Garganacl|Garganacl, M|88\/100\n|move|p2a: Rotom|Will-O-Wisp|p1a: Garganacl\n|-immune|p1a: Garganacl|[from] ability: Purifying Salt\n|\n|-heal|p2a: Rotom|99\/100|[from] item: Leftovers\n|upkeep\n|turn|14\n|\n|t:|1700259305\n|move|p2a: Rotom|Will-O-Wisp|p1a: Garganacl\n|-immune|p1a: Garganacl|[from] ability: Purifying Salt\n|move|p1a: Garganacl|Salt Cure|p2a: Rotom\n|-damage|p2a: Rotom|91\/100\n|-start|p2a: Rotom|Salt Cure\n|\n|-heal|p2a: Rotom|97\/100|[from] item: Leftovers\n|-damage|p2a: Rotom|72\/100|[from] Salt Cure\n|upkeep\n|turn|15\n|\n|t:|1700259316\n|switch|p2a: Espeon|Espeon, M|45\/100\n|move|p1a: Garganacl|Iron Defense|p1a: Garganacl\n|-boost|p1a: Garganacl|def|2\n|\n|upkeep\n|turn|16\n|\n|t:|1700259322\n|switch|p1a: Zapdos|Zapdos|100\/100\n|move|p2a: Espeon|Trick|p1a: Zapdos\n|-activate|p2a: Espeon|move: Trick|[of] p1a: Zapdos\n|-item|p1a: Zapdos|Choice Specs|[from] move: Trick\n|-item|p2a: Espeon|Figy Berry|[from] move: Trick\n|\n|upkeep\n|turn|17\n|\n|t:|1700259330\n|switch|p2a: Rotom|Rotom-Wash|72\/100\n|move|p1a: Zapdos|Volt Switch|p2a: Rotom\n|-damage|p2a: Rotom|22\/100\n|\n|t:|1700259337\n|switch|p1a: Zamazenta|Zamazenta, tera:Fairy|35\/100|[from] Volt Switch\n|\n|-heal|p2a: Rotom|28\/100|[from] item: Leftovers\n|upkeep\n|turn|18\n|\n|t:|1700259350\n|move|p1a: Zamazenta|Trailblaze|p2a: Rotom\n|-supereffective|p2a: Rotom\n|-damage|p2a: Rotom|0 fnt\n|-boost|p1a: Zamazenta|spe|1\n|faint|p2a: Rotom\n|\n|upkeep\n|\n|t:|1700259357\n|switch|p2a: Jumpluff|Jumpluff, M|81\/100\n|turn|19\n|\n|t:|1700259365\n|switch|p1a: Zapdos|Zapdos|100\/100\n|move|p2a: Jumpluff|Leech Seed|p1a: Zapdos|[miss]\n|-miss|p2a: Jumpluff|p1a: Zapdos\n|\n|upkeep\n|turn|20\n|\n|t:|1700259375\n|move|p2a: Jumpluff|Leech Seed|p1a: Zapdos\n|-start|p1a: Zapdos|move: Leech Seed\n|move|p1a: Zapdos|Volt Switch|p2a: Jumpluff\n|-damage|p2a: Jumpluff|29\/100\n|\n|t:|1700259383\n|switch|p1a: Zamazenta|Zamazenta, tera:Fairy|35\/100|[from] Volt Switch\n|\n|upkeep\n|turn|21\n|\n|t:|1700259389\n|move|p1a: Zamazenta|Close Combat|p2a: Jumpluff\n|-resisted|p2a: Jumpluff\n|-damage|p2a: Jumpluff|0 fnt\n|-unboost|p1a: Zamazenta|def|1\n|-unboost|p1a: Zamazenta|spd|1\n|faint|p2a: Jumpluff\n|\n|upkeep\n|\n|t:|1700259400\n|switch|p2a: Landorus|Landorus-Therian, M, tera:Flying|9\/100\n|-ability|p2a: Landorus|Intimidate|boost\n|-unboost|p1a: Zamazenta|atk|1\n|turn|22\n|\n|t:|1700259409\n|move|p2a: Landorus|U-turn|p1a: Zamazenta\n|-resisted|p1a: Zamazenta\n|-damage|p1a: Zamazenta|15\/100\n|\n|t:|1700259413\n|switch|p2a: Mimikyu|Mimikyu, M|74\/100|[from] U-turn\n|move|p1a: Zamazenta|Trailblaze|p2a: Mimikyu\n|-activate|p2a: Mimikyu|ability: Disguise\n|-damage|p2a: Mimikyu|74\/100\n|-boost|p1a: Zamazenta|spe|1\n|detailschange|p2a: Mimikyu|Mimikyu-Busted, M\n|-damage|p2a: Mimikyu|62\/100|[from] pokemon: Mimikyu-Busted\n|\n|upkeep\n|turn|23\n|\n|t:|1700259428\n|switch|p1a: Garganacl|Garganacl, M|88\/100\n|move|p2a: Mimikyu|Shadow Sneak|p1a: Garganacl\n|-damage|p1a: Garganacl|81\/100\n|-damage|p2a: Mimikyu|46\/100|[from] item: Rocky Helmet|[of] p1a: Garganacl\n|-damage|p2a: Mimikyu|36\/100|[from] item: Life Orb\n|\n|upkeep\n|turn|24\n|l|\u2606KaiZX49\n|inactive|KaiZX49 disconnected and has a minute to reconnect!\n|player|p2|\n|inactive|KaiZX49 has 30 seconds to reconnect!\n|inactive|KaiZX49 has 20 seconds to reconnect!\n|inactive|KaiZX49 has 15 seconds to reconnect!\n|inactive|KaiZX49 has 10 seconds to reconnect!\n|inactive|KaiZX49 has 5 seconds to reconnect!\n|-message|KaiZX49 lost due to inactivity.\n|\n|win|gaznapiront\n|raw|gaznapiront's rating: 1197 &rarr; <strong>1226<\/strong><br \/>(+29 for winning)\n|raw|KaiZX49's rating: 1254 &rarr; <strong>1225<\/strong><br \/>(-29 for losing)\n","uploadtime":1700259517,"views":15,"p1id":"gaznapiront","p2id":"kaizx49","formatid":"gen9ou","rating":1225,"private":0,"password":""}