{"id":"gen9ou-1990514049","p1":"BigMacishere","p2":"45gd","format":"[Gen 9] OU","log":"|j|\u2606BigMacishere\n|j|\u260645gd\n|t:|1699977706\n|gametype|singles\n|player|p1|BigMacishere|chili|1062\n|player|p2|45gd|102|1024\n|teamsize|p1|6\n|teamsize|p2|6\n|gen|9\n|tier|[Gen 9] OU\n|rated|\n|rule|Sleep Clause Mod: Limit one foe put to sleep\n|rule|Species Clause: Limit one of each Pok\u00e9mon\n|rule|OHKO Clause: OHKO moves are banned\n|rule|Evasion Items Clause: Evasion items are banned\n|rule|Evasion Moves Clause: Evasion moves are banned\n|rule|Endless Battle Clause: Forcing endless battles is banned\n|rule|HP Percentage Mod: HP is shown in percentages\n|clearpoke\n|poke|p1|Great Tusk|\n|poke|p1|Heatran, F|\n|poke|p1|Gholdengo|\n|poke|p1|Ogerpon-Wellspring, F|\n|poke|p1|Dragonite, M|\n|poke|p1|Iron Valiant|\n|poke|p2|Azumarill, F|\n|poke|p2|Manaphy|\n|poke|p2|Slowbro, F|\n|poke|p2|Toxapex, M|\n|poke|p2|Greninja-*, M|\n|poke|p2|Ogerpon-Wellspring, F|\n|teampreview\n|inactive|Battle timer is ON: inactive players will automatically lose when time's up. (requested by BigMacishere)\n|\n|t:|1699977719\n|start\n|switch|p1a: Heatran|Heatran, F|100\/100\n|switch|p2a: Ogerpon|Ogerpon-Wellspring, F|100\/100\n|turn|1\n|\n|t:|1699977733\n|move|p2a: Ogerpon|Ivy Cudgel|p1a: Heatran|[anim] Ivy Cudgel Water\n|-supereffective|p1a: Heatran\n|-damage|p1a: Heatran|4\/100\n|move|p1a: Heatran|Stealth Rock|p2a: Ogerpon\n|-sidestart|p2: 45gd|move: Stealth Rock\n|\n|-heal|p1a: Heatran|10\/100|[from] item: Leftovers\n|upkeep\n|turn|2\n|\n|t:|1699977740\n|move|p2a: Ogerpon|Ivy Cudgel|p1a: Heatran|[anim] Ivy Cudgel Water\n|-supereffective|p1a: Heatran\n|-damage|p1a: Heatran|0 fnt\n|faint|p1a: Heatran\n|\n|upkeep\n|\n|t:|1699977752\n|switch|p1a: Dragonite|Dragonite, M|100\/100\n|turn|3\n|\n|t:|1699977757\n|move|p2a: Ogerpon|U-turn|p1a: Dragonite\n|-resisted|p1a: Dragonite\n|-damage|p1a: Dragonite|93\/100\n|\n|t:|1699977767\n|switch|p2a: Manaphy|Manaphy|100\/100|[from] U-turn\n|-damage|p2a: Manaphy|88\/100|[from] Stealth Rock\n|move|p1a: Dragonite|Dragon Dance|p1a: Dragonite\n|-boost|p1a: Dragonite|atk|1\n|-boost|p1a: Dragonite|spe|1\n|\n|-heal|p2a: Manaphy|94\/100|[from] item: Leftovers\n|upkeep\n|turn|4\n|\n|t:|1699977775\n|move|p1a: Dragonite|Extreme Speed|p2a: Manaphy\n|-damage|p2a: Manaphy|66\/100\n|move|p2a: Manaphy|Acid Armor|p2a: Manaphy\n|-boost|p2a: Manaphy|def|2\n|\n|-heal|p2a: Manaphy|72\/100|[from] item: Leftovers\n|upkeep\n|turn|5\n|\n|t:|1699977784\n|move|p1a: Dragonite|Extreme Speed|p2a: Manaphy\n|-damage|p2a: Manaphy|58\/100\n|move|p2a: Manaphy|Acid Armor|p2a: Manaphy\n|-boost|p2a: Manaphy|def|2\n|\n|-heal|p2a: Manaphy|64\/100|[from] item: Leftovers\n|upkeep\n|turn|6\n|\n|t:|1699977787\n|move|p1a: Dragonite|Dragon Dance|p1a: Dragonite\n|-boost|p1a: Dragonite|atk|1\n|-boost|p1a: Dragonite|spe|1\n|move|p2a: Manaphy|Scald|p1a: Dragonite\n|-resisted|p1a: Dragonite\n|-damage|p1a: Dragonite|80\/100\n|\n|-heal|p2a: Manaphy|70\/100|[from] item: Leftovers\n|upkeep\n|turn|7\n|\n|t:|1699977795\n|move|p1a: Dragonite|Earthquake|p2a: Manaphy\n|-damage|p2a: Manaphy|52\/100\n|move|p2a: Manaphy|Acid Armor|p2a: Manaphy\n|-boost|p2a: Manaphy|def|2\n|\n|-heal|p2a: Manaphy|59\/100|[from] item: Leftovers\n|upkeep\n|turn|8\n|\n|t:|1699977800\n|move|p1a: Dragonite|Dragon Dance|p1a: Dragonite\n|-boost|p1a: Dragonite|atk|1\n|-boost|p1a: Dragonite|spe|1\n|move|p2a: Manaphy|Scald|p1a: Dragonite\n|-resisted|p1a: Dragonite\n|-damage|p1a: Dragonite|66\/100\n|\n|-heal|p2a: Manaphy|65\/100|[from] item: Leftovers\n|upkeep\n|turn|9\n|\n|t:|1699977804\n|move|p1a: Dragonite|Earthquake|p2a: Manaphy\n|-crit|p2a: Manaphy\n|-damage|p2a: Manaphy|0 fnt\n|faint|p2a: Manaphy\n|\n|upkeep\n|-message|45gd forfeited.\n|\n|win|BigMacishere\n|raw|BigMacishere's rating: 1062 &rarr; <strong>1089<\/strong><br \/>(+27 for winning)\n|raw|45gd's rating: 1024 &rarr; <strong>1012<\/strong><br \/>(-12 for losing)\n|l|\u260645gd\n","uploadtime":1699977818,"views":5,"p1id":"bigmacishere","p2id":"45gd","formatid":"gen9ou","rating":1012,"private":0,"password":""}