{"id":"gen9ou-1991576046","p1":"tacodog 123412","p2":"2(H2O)","format":"[Gen 9] OU","log":"|j|\u2606tacodog 123412\n|j|\u26062(H2O)\n|t:|1700090108\n|gametype|singles\n|player|p1|tacodog 123412|kieran-festival|1584\n|player|p2|2(H2O)|chase|1648\n|teamsize|p1|6\n|teamsize|p2|6\n|gen|9\n|tier|[Gen 9] OU\n|rated|\n|rule|Sleep Clause Mod: Limit one foe put to sleep\n|rule|Species Clause: Limit one of each Pok\u00e9mon\n|rule|OHKO Clause: OHKO moves are banned\n|rule|Evasion Items Clause: Evasion items are banned\n|rule|Evasion Moves Clause: Evasion moves are banned\n|rule|Endless Battle Clause: Forcing endless battles is banned\n|rule|HP Percentage Mod: HP is shown in percentages\n|clearpoke\n|poke|p1|Weavile, F|\n|poke|p1|Amoonguss, M|\n|poke|p1|Garganacl, F|\n|poke|p1|Maushold|\n|poke|p1|Kingambit, M|\n|poke|p1|Samurott-Hisui, M|\n|poke|p2|Rillaboom, F|\n|poke|p2|Garganacl, F|\n|poke|p2|Great Tusk|\n|poke|p2|Heatran, M|\n|poke|p2|Zapdos|\n|poke|p2|Walking Wake|\n|teampreview\n|\n|t:|1700090111\n|start\n|switch|p1a: Garganacl|Garganacl, F|100\/100\n|switch|p2a: Zapdos|Zapdos|100\/100\n|turn|1\n|inactive|Battle timer is ON: inactive players will automatically lose when time's up. (requested by 2(H2O))\n|\n|t:|1700090114\n|move|p2a: Zapdos|Volt Switch|p1a: Garganacl\n|-damage|p1a: Garganacl|80\/100\n|\n|t:|1700090116\n|switch|p2a: Great Tusk|Great Tusk|100\/100|[from] Volt Switch\n|move|p1a: Garganacl|Iron Defense|p1a: Garganacl\n|-boost|p1a: Garganacl|def|2\n|\n|-heal|p1a: Garganacl|86\/100|[from] item: Leftovers\n|upkeep\n|turn|2\n|\n|t:|1700090122\n|-terastallize|p1a: Garganacl|Fairy\n|move|p2a: Great Tusk|Headlong Rush|p1a: Garganacl\n|-damage|p1a: Garganacl|69\/100\n|-unboost|p2a: Great Tusk|def|1\n|-unboost|p2a: Great Tusk|spd|1\n|move|p1a: Garganacl|Iron Defense|p1a: Garganacl\n|-boost|p1a: Garganacl|def|2\n|\n|-heal|p1a: Garganacl|75\/100|[from] item: Leftovers\n|upkeep\n|turn|3\n|\n|t:|1700090125\n|-end|p2a: Great Tusk|Protosynthesis|[silent]\n|switch|p2a: Heatran|Heatran, M|100\/100\n|move|p1a: Garganacl|Iron Defense|p1a: Garganacl\n|-boost|p1a: Garganacl|def|2\n|\n|-heal|p1a: Garganacl|82\/100|[from] item: Leftovers\n|upkeep\n|turn|4\n|\n|t:|1700090129\n|move|p2a: Heatran|Magma Storm|p1a: Garganacl\n|-damage|p1a: Garganacl|51\/100\n|-activate|p1a: Garganacl|move: Magma Storm|[of] p2a: Heatran\n|move|p1a: Garganacl|Salt Cure|p2a: Heatran\n|-damage|p2a: Heatran|90\/100\n|-start|p2a: Heatran|Salt Cure\n|\n|-heal|p2a: Heatran|96\/100|[from] item: Leftovers\n|-heal|p1a: Garganacl|57\/100|[from] item: Leftovers\n|-damage|p2a: Heatran|71\/100|[from] Salt Cure\n|-damage|p1a: Garganacl|45\/100|[from] move: Magma Storm|[partiallytrapped]\n|upkeep\n|turn|5\n|\n|t:|1700090132\n|move|p2a: Heatran|Taunt|p1a: Garganacl\n|-start|p1a: Garganacl|move: Taunt\n|cant|p1a: Garganacl|move: Taunt|Recover\n|\n|-heal|p2a: Heatran|77\/100|[from] item: Leftovers\n|-heal|p1a: Garganacl|51\/100|[from] item: Leftovers\n|-damage|p2a: Heatran|52\/100|[from] Salt Cure\n|-damage|p1a: Garganacl|39\/100|[from] move: Magma Storm|[partiallytrapped]\n|upkeep\n|turn|6\n|\n|t:|1700090136\n|move|p2a: Heatran|Magma Storm|p1a: Garganacl\n|-damage|p1a: Garganacl|10\/100\n|move|p1a: Garganacl|Body Press|p2a: Heatran\n|-supereffective|p2a: Heatran\n|-damage|p2a: Heatran|0 fnt\n|faint|p2a: Heatran\n|\n|-heal|p1a: Garganacl|16\/100|[from] item: Leftovers\n|-end|p1a: Garganacl|Magma Storm|[partiallytrapped]|[silent]\n|upkeep\n|\n|t:|1700090140\n|switch|p2a: Walking Wake|Walking Wake|100\/100\n|turn|7\n|\n|t:|1700090143\n|switch|p1a: Amoonguss|Amoonguss, M, shiny|100\/100\n|move|p2a: Walking Wake|Scald|p1a: Amoonguss\n|-resisted|p1a: Amoonguss\n|-damage|p1a: Amoonguss|83\/100\n|-enditem|p1a: Amoonguss|Red Card|[of] p2a: Walking Wake\n|-end|p2a: Walking Wake|Protosynthesis|[silent]\n|drag|p2a: Zapdos|Zapdos|100\/100\n|\n|upkeep\n|turn|8\n|\n|t:|1700090147\n|move|p2a: Zapdos|Hurricane|p1a: Amoonguss|[miss]\n|-miss|p2a: Zapdos|p1a: Amoonguss\n|move|p1a: Amoonguss|Spore|p2a: Zapdos\n|-status|p2a: Zapdos|slp|[from] move: Spore\n|\n|upkeep\n|turn|9\n|\n|t:|1700090149\n|switch|p1a: Garganacl|Garganacl, F, tera:Fairy|16\/100\n|cant|p2a: Zapdos|slp\n|\n|-heal|p1a: Garganacl|22\/100|[from] item: Leftovers\n|upkeep\n|turn|10\n|\n|t:|1700090151\n|-curestatus|p2a: Zapdos|slp|[msg]\n|move|p2a: Zapdos|Volt Switch|p1a: Garganacl\n|-damage|p1a: Garganacl|2\/100\n|\n|t:|1700090156\n|switch|p2a: Rillaboom|Rillaboom, F|100\/100|[from] Volt Switch\n|-fieldstart|move: Grassy Terrain|[from] ability: Grassy Surge|[of] p2a: Rillaboom\n|move|p1a: Garganacl|Recover|p1a: Garganacl\n|-heal|p1a: Garganacl|52\/100\n|\n|-heal|p1a: Garganacl|58\/100|[from] Grassy Terrain\n|-heal|p1a: Garganacl|64\/100|[from] item: Leftovers\n|upkeep\n|turn|11\n|\n|t:|1700090160\n|move|p2a: Rillaboom|U-turn|p1a: Garganacl\n|-resisted|p1a: Garganacl\n|-damage|p1a: Garganacl|52\/100\n|\n|t:|1700090165\n|switch|p2a: Garganacl|Garganacl, F|100\/100|[from] U-turn\n|move|p1a: Garganacl|Recover|p1a: Garganacl\n|-heal|p1a: Garganacl|100\/100\n|\n|upkeep\n|turn|12\n|\n|t:|1700090169\n|move|p1a: Garganacl|Iron Defense|p1a: Garganacl\n|-boost|p1a: Garganacl|def|2\n|move|p2a: Garganacl|Salt Cure|p1a: Garganacl\n|-damage|p1a: Garganacl|95\/100\n|-start|p1a: Garganacl|Salt Cure\n|\n|-heal|p1a: Garganacl|100\/100|[from] Grassy Terrain\n|-damage|p1a: Garganacl|88\/100|[from] Salt Cure\n|upkeep\n|turn|13\n|\n|t:|1700090171\n|move|p1a: Garganacl|Salt Cure|p2a: Garganacl\n|-damage|p2a: Garganacl|91\/100\n|-start|p2a: Garganacl|Salt Cure\n|move|p2a: Garganacl|Iron Defense|p2a: Garganacl\n|-boost|p2a: Garganacl|def|2\n|\n|-heal|p1a: Garganacl|94\/100|[from] Grassy Terrain\n|-heal|p1a: Garganacl|100\/100|[from] item: Leftovers\n|-heal|p2a: Garganacl|98\/100|[from] Grassy Terrain\n|-heal|p2a: Garganacl|100\/100|[from] item: Leftovers\n|-damage|p1a: Garganacl|88\/100|[from] Salt Cure\n|-damage|p2a: Garganacl|88\/100|[from] Salt Cure\n|upkeep\n|turn|14\n|\n|t:|1700090173\n|move|p1a: Garganacl|Iron Defense|p1a: Garganacl\n|-boost|p1a: Garganacl|def|2\n|move|p2a: Garganacl|Iron Defense|p2a: Garganacl\n|-boost|p2a: Garganacl|def|2\n|\n|-heal|p1a: Garganacl|94\/100|[from] Grassy Terrain\n|-heal|p1a: Garganacl|100\/100|[from] item: Leftovers\n|-heal|p2a: Garganacl|94\/100|[from] Grassy Terrain\n|-heal|p2a: Garganacl|100\/100|[from] item: Leftovers\n|-damage|p1a: Garganacl|88\/100|[from] Salt Cure\n|-damage|p2a: Garganacl|88\/100|[from] Salt Cure\n|-fieldend|move: Grassy Terrain\n|upkeep\n|turn|15\n|\n|t:|1700090175\n|-terastallize|p2a: Garganacl|Fairy\n|move|p1a: Garganacl|Iron Defense|p1a: Garganacl\n|-boost|p1a: Garganacl|def|2\n|move|p2a: Garganacl|Iron Defense|p2a: Garganacl\n|-boost|p2a: Garganacl|def|2\n|\n|-heal|p1a: Garganacl|94\/100|[from] item: Leftovers\n|-heal|p2a: Garganacl|94\/100|[from] item: Leftovers\n|-damage|p1a: Garganacl|82\/100|[from] Salt Cure\n|-damage|p2a: Garganacl|82\/100|[from] Salt Cure\n|upkeep\n|turn|16\n|\n|t:|1700090178\n|move|p1a: Garganacl|Body Press|p2a: Garganacl\n|-resisted|p2a: Garganacl\n|-damage|p2a: Garganacl|73\/100\n|move|p2a: Garganacl|Body Press|p1a: Garganacl\n|-resisted|p1a: Garganacl\n|-damage|p1a: Garganacl|74\/100\n|\n|-heal|p1a: Garganacl|80\/100|[from] item: Leftovers\n|-heal|p2a: Garganacl|80\/100|[from] item: Leftovers\n|-damage|p1a: Garganacl|68\/100|[from] Salt Cure\n|-damage|p2a: Garganacl|67\/100|[from] Salt Cure\n|upkeep\n|turn|17\n|\n|t:|1700090181\n|move|p1a: Garganacl|Body Press|p2a: Garganacl\n|-resisted|p2a: Garganacl\n|-damage|p2a: Garganacl|59\/100\n|move|p2a: Garganacl|Recover|p2a: Garganacl\n|-heal|p2a: Garganacl|100\/100\n|\n|-heal|p1a: Garganacl|74\/100|[from] item: Leftovers\n|-damage|p1a: Garganacl|62\/100|[from] Salt Cure\n|-damage|p2a: Garganacl|88\/100|[from] Salt Cure\n|upkeep\n|turn|18\n|\n|t:|1700090183\n|move|p1a: Garganacl|Body Press|p2a: Garganacl\n|-resisted|p2a: Garganacl\n|-damage|p2a: Garganacl|80\/100\n|move|p2a: Garganacl|Salt Cure|p1a: Garganacl\n|-damage|p1a: Garganacl|59\/100\n|\n|-heal|p1a: Garganacl|66\/100|[from] item: Leftovers\n|-heal|p2a: Garganacl|86\/100|[from] item: Leftovers\n|-damage|p1a: Garganacl|53\/100|[from] Salt Cure\n|-damage|p2a: Garganacl|74\/100|[from] Salt Cure\n|upkeep\n|turn|19\n|\n|t:|1700090187\n|move|p1a: Garganacl|Body Press|p2a: Garganacl\n|-resisted|p2a: Garganacl\n|-damage|p2a: Garganacl|66\/100\n|move|p2a: Garganacl|Salt Cure|p1a: Garganacl\n|-damage|p1a: Garganacl|51\/100\n|\n|-heal|p1a: Garganacl|57\/100|[from] item: Leftovers\n|-heal|p2a: Garganacl|73\/100|[from] item: Leftovers\n|-damage|p1a: Garganacl|45\/100|[from] Salt Cure\n|-damage|p2a: Garganacl|60\/100|[from] Salt Cure\n|upkeep\n|turn|20\n|\n|t:|1700090190\n|move|p1a: Garganacl|Recover|p1a: Garganacl\n|-heal|p1a: Garganacl|95\/100\n|move|p2a: Garganacl|Recover|p2a: Garganacl\n|-heal|p2a: Garganacl|100\/100\n|\n|-heal|p1a: Garganacl|100\/100|[from] item: Leftovers\n|-damage|p1a: Garganacl|88\/100|[from] Salt Cure\n|-damage|p2a: Garganacl|88\/100|[from] Salt Cure\n|upkeep\n|turn|21\n|\n|t:|1700090193\n|move|p1a: Garganacl|Salt Cure|p2a: Garganacl\n|-damage|p2a: Garganacl|85\/100\n|move|p2a: Garganacl|Body Press|p1a: Garganacl\n|-resisted|p1a: Garganacl\n|-damage|p1a: Garganacl|81\/100\n|\n|-heal|p1a: Garganacl|87\/100|[from] item: Leftovers\n|-heal|p2a: Garganacl|92\/100|[from] item: Leftovers\n|-damage|p1a: Garganacl|75\/100|[from] Salt Cure\n|-damage|p2a: Garganacl|79\/100|[from] Salt Cure\n|upkeep\n|turn|22\n|\n|t:|1700090196\n|move|p1a: Garganacl|Salt Cure|p2a: Garganacl\n|-damage|p2a: Garganacl|77\/100\n|move|p2a: Garganacl|Salt Cure|p1a: Garganacl\n|-damage|p1a: Garganacl|72\/100\n|\n|-heal|p1a: Garganacl|78\/100|[from] item: Leftovers\n|-heal|p2a: Garganacl|83\/100|[from] item: Leftovers\n|-damage|p1a: Garganacl|66\/100|[from] Salt Cure\n|-damage|p2a: Garganacl|70\/100|[from] Salt Cure\n|upkeep\n|turn|23\n|\n|t:|1700090206\n|switch|p1a: Maushold|Maushold|100\/100\n|move|p2a: Garganacl|Recover|p2a: Garganacl\n|-heal|p2a: Garganacl|100\/100\n|\n|-damage|p2a: Garganacl|88\/100|[from] Salt Cure\n|upkeep\n|turn|24\n|\n|t:|1700090208\n|switch|p2a: Zapdos|Zapdos|100\/100\n|move|p1a: Maushold|Encore||[still]\n|-fail|p1a: Maushold\n|\n|upkeep\n|turn|25\n|\n|t:|1700090214\n|switch|p1a: Garganacl|Garganacl, F, tera:Fairy|66\/100\n|move|p2a: Zapdos|Volt Switch|p1a: Garganacl\n|-damage|p1a: Garganacl|46\/100\n|\n|t:|1700090219\n|switch|p2a: Garganacl|Garganacl, F, tera:Fairy|88\/100|[from] Volt Switch\n|\n|-heal|p1a: Garganacl|52\/100|[from] item: Leftovers\n|-heal|p2a: Garganacl|94\/100|[from] item: Leftovers\n|upkeep\n|turn|26\n|\n|t:|1700090222\n|move|p1a: Garganacl|Recover|p1a: Garganacl\n|-heal|p1a: Garganacl|100\/100\n|move|p2a: Garganacl|Iron Defense|p2a: Garganacl\n|-boost|p2a: Garganacl|def|2\n|\n|-heal|p2a: Garganacl|100\/100|[from] item: Leftovers\n|upkeep\n|turn|27\n|\n|t:|1700090225\n|switch|p1a: Maushold|Maushold|100\/100\n|move|p2a: Garganacl|Salt Cure|p1a: Maushold\n|-damage|p1a: Maushold|79\/100\n|-start|p1a: Maushold|Salt Cure\n|\n|-damage|p1a: Maushold|67\/100|[from] Salt Cure\n|upkeep\n|turn|28\n|\n|t:|1700090228\n|switch|p1a: Garganacl|Garganacl, F, tera:Fairy|100\/100\n|move|p2a: Garganacl|Body Press|p1a: Garganacl\n|-resisted|p1a: Garganacl\n|-damage|p1a: Garganacl|84\/100\n|\n|-heal|p1a: Garganacl|90\/100|[from] item: Leftovers\n|upkeep\n|turn|29\n|\n|t:|1700090232\n|move|p1a: Garganacl|Salt Cure|p2a: Garganacl\n|-damage|p2a: Garganacl|96\/100\n|-start|p2a: Garganacl|Salt Cure\n|move|p2a: Garganacl|Salt Cure|p1a: Garganacl\n|-damage|p1a: Garganacl|80\/100\n|-start|p1a: Garganacl|Salt Cure\n|\n|-heal|p1a: Garganacl|86\/100|[from] item: Leftovers\n|-heal|p2a: Garganacl|100\/100|[from] item: Leftovers\n|-damage|p1a: Garganacl|74\/100|[from] Salt Cure\n|-damage|p2a: Garganacl|88\/100|[from] Salt Cure\n|upkeep\n|turn|30\n|\n|t:|1700090235\n|switch|p1a: Maushold|Maushold|67\/100\n|move|p2a: Garganacl|Iron Defense|p2a: Garganacl\n|-boost|p2a: Garganacl|def|2\n|\n|-heal|p2a: Garganacl|94\/100|[from] item: Leftovers\n|-damage|p2a: Garganacl|82\/100|[from] Salt Cure\n|upkeep\n|turn|31\n|\n|t:|1700090238\n|switch|p2a: Zapdos|Zapdos|100\/100\n|move|p1a: Maushold|Encore||[still]\n|-fail|p1a: Maushold\n|\n|upkeep\n|turn|32\n|\n|t:|1700090248\n|switch|p1a: Amoonguss|Amoonguss, M, shiny|100\/100\n|move|p2a: Zapdos|Volt Switch|p1a: Amoonguss\n|-resisted|p1a: Amoonguss\n|-damage|p1a: Amoonguss|86\/100\n|\n|t:|1700090251\n|switch|p2a: Garganacl|Garganacl, F, tera:Fairy|82\/100|[from] Volt Switch\n|\n|-heal|p2a: Garganacl|88\/100|[from] item: Leftovers\n|upkeep\n|turn|33\n|\n|t:|1700090254\n|move|p2a: Garganacl|Salt Cure|p1a: Amoonguss\n|-damage|p1a: Amoonguss|75\/100\n|-start|p1a: Amoonguss|Salt Cure\n|move|p1a: Amoonguss|Sludge Bomb|p2a: Garganacl\n|-supereffective|p2a: Garganacl\n|-damage|p2a: Garganacl|53\/100\n|\n|-heal|p2a: Garganacl|59\/100|[from] item: Leftovers\n|-damage|p1a: Amoonguss|63\/100|[from] Salt Cure\n|upkeep\n|turn|34\n|\n|t:|1700090258\n|move|p2a: Garganacl|Iron Defense|p2a: Garganacl\n|-boost|p2a: Garganacl|def|2\n|move|p1a: Amoonguss|Sludge Bomb|p2a: Garganacl\n|-supereffective|p2a: Garganacl\n|-damage|p2a: Garganacl|20\/100\n|\n|-heal|p2a: Garganacl|26\/100|[from] item: Leftovers\n|-damage|p1a: Amoonguss|50\/100|[from] Salt Cure\n|upkeep\n|turn|35\n|\n|t:|1700090260\n|move|p2a: Garganacl|Recover|p2a: Garganacl\n|-heal|p2a: Garganacl|76\/100\n|move|p1a: Amoonguss|Sludge Bomb|p2a: Garganacl\n|-supereffective|p2a: Garganacl\n|-damage|p2a: Garganacl|40\/100\n|\n|-heal|p2a: Garganacl|46\/100|[from] item: Leftovers\n|-damage|p1a: Amoonguss|38\/100|[from] Salt Cure\n|upkeep\n|turn|36\n|\n|t:|1700090266\n|move|p2a: Garganacl|Recover|p2a: Garganacl\n|-heal|p2a: Garganacl|96\/100\n|move|p1a: Amoonguss|Sludge Bomb|p2a: Garganacl\n|-supereffective|p2a: Garganacl\n|-damage|p2a: Garganacl|57\/100\n|\n|-heal|p2a: Garganacl|63\/100|[from] item: Leftovers\n|-damage|p1a: Amoonguss|25\/100|[from] Salt Cure\n|upkeep\n|turn|37\n|\n|t:|1700090269\n|switch|p1a: Garganacl|Garganacl, F, tera:Fairy|74\/100\n|move|p2a: Garganacl|Body Press|p1a: Garganacl\n|-resisted|p1a: Garganacl\n|-damage|p1a: Garganacl|58\/100\n|\n|-heal|p1a: Garganacl|64\/100|[from] item: Leftovers\n|-heal|p2a: Garganacl|69\/100|[from] item: Leftovers\n|upkeep\n|turn|38\n|\n|t:|1700090272\n|switch|p1a: Amoonguss|Amoonguss, M, shiny|59\/100\n|move|p2a: Garganacl|Salt Cure|p1a: Amoonguss\n|-damage|p1a: Amoonguss|48\/100\n|-start|p1a: Amoonguss|Salt Cure\n|\n|-heal|p2a: Garganacl|75\/100|[from] item: Leftovers\n|-damage|p1a: Amoonguss|35\/100|[from] Salt Cure\n|upkeep\n|turn|39\n|\n|t:|1700090274\n|switch|p1a: Garganacl|Garganacl, F, tera:Fairy|64\/100\n|move|p2a: Garganacl|Body Press|p1a: Garganacl\n|-resisted|p1a: Garganacl\n|-damage|p1a: Garganacl|49\/100\n|\n|-heal|p1a: Garganacl|55\/100|[from] item: Leftovers\n|-heal|p2a: Garganacl|82\/100|[from] item: Leftovers\n|upkeep\n|turn|40\n|\n|t:|1700090276\n|move|p1a: Garganacl|Recover|p1a: Garganacl\n|-heal|p1a: Garganacl|100\/100\n|move|p2a: Garganacl|Salt Cure|p1a: Garganacl\n|-damage|p1a: Garganacl|92\/100\n|-start|p1a: Garganacl|Salt Cure\n|\n|-heal|p1a: Garganacl|98\/100|[from] item: Leftovers\n|-heal|p2a: Garganacl|88\/100|[from] item: Leftovers\n|-damage|p1a: Garganacl|85\/100|[from] Salt Cure\n|upkeep\n|turn|41\n|\n|t:|1700090280\n|switch|p1a: Amoonguss|Amoonguss, M, shiny|69\/100\n|move|p2a: Garganacl|Iron Defense|p2a: Garganacl\n|-boost|p2a: Garganacl|def|2\n|\n|-heal|p2a: Garganacl|94\/100|[from] item: Leftovers\n|upkeep\n|turn|42\n|\n|t:|1700090282\n|move|p2a: Garganacl|Salt Cure|p1a: Amoonguss\n|-damage|p1a: Amoonguss|59\/100\n|-start|p1a: Amoonguss|Salt Cure\n|move|p1a: Amoonguss|Sludge Bomb|p2a: Garganacl\n|-supereffective|p2a: Garganacl\n|-damage|p2a: Garganacl|61\/100\n|\n|-heal|p2a: Garganacl|67\/100|[from] item: Leftovers\n|-damage|p1a: Amoonguss|46\/100|[from] Salt Cure\n|upkeep\n|turn|43\n|\n|t:|1700090285\n|move|p2a: Garganacl|Body Press|p1a: Amoonguss\n|-resisted|p1a: Amoonguss\n|-damage|p1a: Amoonguss|22\/100\n|move|p1a: Amoonguss|Sludge Bomb|p2a: Garganacl\n|-supereffective|p2a: Garganacl\n|-damage|p2a: Garganacl|32\/100\n|\n|-heal|p2a: Garganacl|39\/100|[from] item: Leftovers\n|-damage|p1a: Amoonguss|9\/100|[from] Salt Cure\n|upkeep\n|turn|44\n|\n|t:|1700090290\n|switch|p1a: Garganacl|Garganacl, F, tera:Fairy|85\/100\n|move|p2a: Garganacl|Recover|p2a: Garganacl\n|-heal|p2a: Garganacl|89\/100\n|\n|-heal|p1a: Garganacl|92\/100|[from] item: Leftovers\n|-heal|p2a: Garganacl|95\/100|[from] item: Leftovers\n|upkeep\n|turn|45\n|\n|t:|1700090292\n|move|p1a: Garganacl|Salt Cure|p2a: Garganacl\n|-damage|p2a: Garganacl|92\/100\n|-start|p2a: Garganacl|Salt Cure\n|move|p2a: Garganacl|Salt Cure|p1a: Garganacl\n|-damage|p1a: Garganacl|82\/100\n|-start|p1a: Garganacl|Salt Cure\n|\n|-heal|p1a: Garganacl|88\/100|[from] item: Leftovers\n|-heal|p2a: Garganacl|98\/100|[from] item: Leftovers\n|-damage|p1a: Garganacl|75\/100|[from] Salt Cure\n|-damage|p2a: Garganacl|86\/100|[from] Salt Cure\n|upkeep\n|turn|46\n|\n|t:|1700090295\n|move|p1a: Garganacl|Iron Defense|p1a: Garganacl\n|-boost|p1a: Garganacl|def|2\n|move|p2a: Garganacl|Body Press|p1a: Garganacl\n|-resisted|p1a: Garganacl\n|-damage|p1a: Garganacl|63\/100\n|\n|-heal|p1a: Garganacl|69\/100|[from] item: Leftovers\n|-heal|p2a: Garganacl|92\/100|[from] item: Leftovers\n|-damage|p1a: Garganacl|56\/100|[from] Salt Cure\n|-damage|p2a: Garganacl|79\/100|[from] Salt Cure\n|upkeep\n|turn|47\n|\n|t:|1700090299\n|move|p1a: Garganacl|Iron Defense|p1a: Garganacl\n|-boost|p1a: Garganacl|def|2\n|move|p2a: Garganacl|Body Press|p1a: Garganacl\n|-resisted|p1a: Garganacl\n|-damage|p1a: Garganacl|49\/100\n|\n|-heal|p1a: Garganacl|55\/100|[from] item: Leftovers\n|-heal|p2a: Garganacl|86\/100|[from] item: Leftovers\n|-damage|p1a: Garganacl|42\/100|[from] Salt Cure\n|-damage|p2a: Garganacl|73\/100|[from] Salt Cure\n|upkeep\n|turn|48\n|\n|t:|1700090303\n|move|p1a: Garganacl|Recover|p1a: Garganacl\n|-heal|p1a: Garganacl|92\/100\n|move|p2a: Garganacl|Salt Cure|p1a: Garganacl\n|-damage|p1a: Garganacl|89\/100\n|\n|-heal|p1a: Garganacl|95\/100|[from] item: Leftovers\n|-heal|p2a: Garganacl|79\/100|[from] item: Leftovers\n|-damage|p1a: Garganacl|83\/100|[from] Salt Cure\n|-damage|p2a: Garganacl|67\/100|[from] Salt Cure\n|upkeep\n|turn|49\n|\n|t:|1700090306\n|move|p1a: Garganacl|Body Press|p2a: Garganacl\n|-resisted|p2a: Garganacl\n|-damage|p2a: Garganacl|59\/100\n|move|p2a: Garganacl|Body Press|p1a: Garganacl\n|-resisted|p1a: Garganacl\n|-damage|p1a: Garganacl|75\/100\n|\n|-heal|p1a: Garganacl|81\/100|[from] item: Leftovers\n|-heal|p2a: Garganacl|65\/100|[from] item: Leftovers\n|-damage|p1a: Garganacl|69\/100|[from] Salt Cure\n|-damage|p2a: Garganacl|53\/100|[from] Salt Cure\n|upkeep\n|turn|50\n|\n|t:|1700090311\n|switch|p1a: Amoonguss|Amoonguss, M, shiny|43\/100\n|move|p2a: Garganacl|Body Press|p1a: Amoonguss\n|-resisted|p1a: Amoonguss\n|-damage|p1a: Amoonguss|17\/100\n|\n|-heal|p2a: Garganacl|59\/100|[from] item: Leftovers\n|-damage|p2a: Garganacl|46\/100|[from] Salt Cure\n|upkeep\n|turn|51\n|\n|t:|1700090317\n|switch|p1a: Garganacl|Garganacl, F, tera:Fairy|69\/100\n|move|p2a: Garganacl|Salt Cure|p1a: Garganacl\n|-damage|p1a: Garganacl|60\/100\n|-start|p1a: Garganacl|Salt Cure\n|\n|-heal|p1a: Garganacl|66\/100|[from] item: Leftovers\n|-heal|p2a: Garganacl|53\/100|[from] item: Leftovers\n|-damage|p1a: Garganacl|54\/100|[from] Salt Cure\n|-damage|p2a: Garganacl|40\/100|[from] Salt Cure\n|upkeep\n|turn|52\n|\n|t:|1700090321\n|switch|p1a: Amoonguss|Amoonguss, M, shiny|51\/100\n|move|p2a: Garganacl|Body Press|p1a: Amoonguss\n|-resisted|p1a: Amoonguss\n|-damage|p1a: Amoonguss|27\/100\n|\n|-heal|p2a: Garganacl|46\/100|[from] item: Leftovers\n|-damage|p2a: Garganacl|34\/100|[from] Salt Cure\n|upkeep\n|turn|53\n|\n|t:|1700090326\n|move|p2a: Garganacl|Recover|p2a: Garganacl\n|-heal|p2a: Garganacl|84\/100\n|move|p1a: Amoonguss|Sludge Bomb|p2a: Garganacl\n|-supereffective|p2a: Garganacl\n|-damage|p2a: Garganacl|47\/100\n|\n|-heal|p2a: Garganacl|54\/100|[from] item: Leftovers\n|-damage|p2a: Garganacl|41\/100|[from] Salt Cure\n|upkeep\n|turn|54\n|\n|t:|1700090328\n|move|p2a: Garganacl|Salt Cure|p1a: Amoonguss\n|-damage|p1a: Amoonguss|17\/100\n|-start|p1a: Amoonguss|Salt Cure\n|move|p1a: Amoonguss|Sludge Bomb|p2a: Garganacl\n|-supereffective|p2a: Garganacl\n|-damage|p2a: Garganacl|8\/100\n|\n|-heal|p2a: Garganacl|14\/100|[from] item: Leftovers\n|-damage|p2a: Garganacl|1\/100|[from] Salt Cure\n|-damage|p1a: Amoonguss|4\/100|[from] Salt Cure\n|upkeep\n|turn|55\n|\n|t:|1700090335\n|switch|p1a: Garganacl|Garganacl, F, tera:Fairy|54\/100\n|move|p2a: Garganacl|Recover|p2a: Garganacl\n|-heal|p2a: Garganacl|51\/100\n|\n|-heal|p1a: Garganacl|60\/100|[from] item: Leftovers\n|-heal|p2a: Garganacl|58\/100|[from] item: Leftovers\n|-damage|p2a: Garganacl|45\/100|[from] Salt Cure\n|upkeep\n|turn|56\n|\n|t:|1700090338\n|move|p1a: Garganacl|Salt Cure|p2a: Garganacl\n|-damage|p2a: Garganacl|42\/100\n|move|p2a: Garganacl|Salt Cure|p1a: Garganacl\n|-damage|p1a: Garganacl|51\/100\n|-start|p1a: Garganacl|Salt Cure\n|\n|-heal|p1a: Garganacl|57\/100|[from] item: Leftovers\n|-heal|p2a: Garganacl|48\/100|[from] item: Leftovers\n|-damage|p1a: Garganacl|45\/100|[from] Salt Cure\n|-damage|p2a: Garganacl|36\/100|[from] Salt Cure\n|upkeep\n|turn|57\n|\n|t:|1700090344\n|switch|p1a: Amoonguss|Amoonguss, M, shiny|38\/100\n|move|p2a: Garganacl|Body Press|p1a: Amoonguss\n|-resisted|p1a: Amoonguss\n|-damage|p1a: Amoonguss|13\/100\n|\n|-heal|p2a: Garganacl|42\/100|[from] item: Leftovers\n|-damage|p2a: Garganacl|29\/100|[from] Salt Cure\n|upkeep\n|turn|58\n|\n|t:|1700090346\n|switch|p1a: Garganacl|Garganacl, F, tera:Fairy|45\/100\n|move|p2a: Garganacl|Salt Cure|p1a: Garganacl\n|-damage|p1a: Garganacl|36\/100\n|-start|p1a: Garganacl|Salt Cure\n|\n|-heal|p1a: Garganacl|42\/100|[from] item: Leftovers\n|-heal|p2a: Garganacl|36\/100|[from] item: Leftovers\n|-damage|p1a: Garganacl|29\/100|[from] Salt Cure\n|-damage|p2a: Garganacl|23\/100|[from] Salt Cure\n|upkeep\n|turn|59\n|\n|t:|1700090347\n|move|p1a: Garganacl|Recover|p1a: Garganacl\n|-heal|p1a: Garganacl|79\/100\n|move|p2a: Garganacl|Body Press|p1a: Garganacl\n|-resisted|p1a: Garganacl\n|-damage|p1a: Garganacl|57\/100\n|\n|-heal|p1a: Garganacl|63\/100|[from] item: Leftovers\n|-heal|p2a: Garganacl|29\/100|[from] item: Leftovers\n|-damage|p1a: Garganacl|51\/100|[from] Salt Cure\n|-damage|p2a: Garganacl|17\/100|[from] Salt Cure\n|upkeep\n|turn|60\n|\n|t:|1700090352\n|move|p1a: Garganacl|Recover|p1a: Garganacl\n|-heal|p1a: Garganacl|100\/100\n|move|p2a: Garganacl|Body Press|p1a: Garganacl\n|-resisted|p1a: Garganacl\n|-damage|p1a: Garganacl|78\/100\n|\n|-heal|p1a: Garganacl|84\/100|[from] item: Leftovers\n|-heal|p2a: Garganacl|23\/100|[from] item: Leftovers\n|-damage|p1a: Garganacl|72\/100|[from] Salt Cure\n|-damage|p2a: Garganacl|11\/100|[from] Salt Cure\n|upkeep\n|turn|61\n|\n|t:|1700090355\n|switch|p1a: Amoonguss|Amoonguss, M, shiny|47\/100\n|move|p2a: Garganacl|Body Press|p1a: Amoonguss\n|-resisted|p1a: Amoonguss\n|-damage|p1a: Amoonguss|24\/100\n|\n|-heal|p2a: Garganacl|17\/100|[from] item: Leftovers\n|-damage|p2a: Garganacl|4\/100|[from] Salt Cure\n|upkeep\n|turn|62\n|\n|t:|1700090357\n|switch|p1a: Garganacl|Garganacl, F, tera:Fairy|72\/100\n|move|p2a: Garganacl|Salt Cure|p1a: Garganacl\n|-damage|p1a: Garganacl|63\/100\n|-start|p1a: Garganacl|Salt Cure\n|\n|-heal|p1a: Garganacl|69\/100|[from] item: Leftovers\n|-heal|p2a: Garganacl|11\/100|[from] item: Leftovers\n|-damage|p1a: Garganacl|57\/100|[from] Salt Cure\n|-damage|p2a: Garganacl|0 fnt|[from] Salt Cure\n|faint|p2a: Garganacl\n|upkeep\n|\n|t:|1700090361\n|switch|p2a: Walking Wake|Walking Wake|100\/100\n|turn|63\n|\n|t:|1700090364\n|move|p2a: Walking Wake|Knock Off|p1a: Garganacl\n|-resisted|p1a: Garganacl\n|-damage|p1a: Garganacl|51\/100\n|-enditem|p1a: Garganacl|Leftovers|[from] move: Knock Off|[of] p2a: Walking Wake\n|move|p1a: Garganacl|Salt Cure|p2a: Walking Wake\n|-crit|p2a: Walking Wake\n|-damage|p2a: Walking Wake|76\/100\n|-start|p2a: Walking Wake|Salt Cure\n|\n|-damage|p2a: Walking Wake|51\/100|[from] Salt Cure\n|-damage|p1a: Garganacl|39\/100|[from] Salt Cure\n|upkeep\n|turn|64\n|\n|t:|1700090369\n|move|p2a: Walking Wake|Scald|p1a: Garganacl\n|-damage|p1a: Garganacl|11\/100\n|move|p1a: Garganacl|Salt Cure|p2a: Walking Wake\n|-damage|p2a: Walking Wake|37\/100\n|\n|-damage|p2a: Walking Wake|12\/100|[from] Salt Cure\n|-damage|p1a: Garganacl|0 fnt|[from] Salt Cure\n|faint|p1a: Garganacl\n|upkeep\n|\n|t:|1700090372\n|switch|p1a: Maushold|Maushold|67\/100\n|turn|65\n|\n|t:|1700090379\n|switch|p1a: Amoonguss|Amoonguss, M, shiny|57\/100\n|-end|p2a: Walking Wake|Protosynthesis|[silent]\n|switch|p2a: Zapdos|Zapdos|100\/100\n|\n|upkeep\n|turn|66\n|\n|t:|1700090384\n|move|p2a: Zapdos|Volt Switch|p1a: Amoonguss\n|-resisted|p1a: Amoonguss\n|-damage|p1a: Amoonguss|44\/100\n|\n|t:|1700090387\n|switch|p2a: Walking Wake|Walking Wake|12\/100|[from] Volt Switch\n|move|p1a: Amoonguss|Spore|p2a: Walking Wake\n|-status|p2a: Walking Wake|slp|[from] move: Spore\n|\n|upkeep\n|turn|67\n|\n|t:|1700090390\n|-end|p2a: Walking Wake|Protosynthesis|[silent]\n|switch|p2a: Zapdos|Zapdos|100\/100\n|move|p1a: Amoonguss|Grass Knot|p2a: Zapdos\n|-resisted|p2a: Zapdos\n|-damage|p2a: Zapdos|88\/100\n|\n|upkeep\n|turn|68\n|\n|t:|1700090396\n|switch|p1a: Kingambit|Kingambit, M|100\/100\n|-activate|p1a: Kingambit|ability: Supreme Overlord\n|-start|p1a: Kingambit|fallen1|[silent]\n|move|p2a: Zapdos|Volt Switch|p1a: Kingambit\n|-damage|p1a: Kingambit|69\/100\n|\n|t:|1700090398\n|switch|p2a: Great Tusk|Great Tusk|100\/100|[from] Volt Switch\n|\n|-heal|p1a: Kingambit|75\/100|[from] item: Leftovers\n|upkeep\n|turn|69\n|\n|t:|1700090401\n|-end|p1a: Kingambit|fallen1|[silent]\n|switch|p1a: Amoonguss|Amoonguss, M, shiny|78\/100\n|move|p2a: Great Tusk|Headlong Rush|p1a: Amoonguss\n|-damage|p1a: Amoonguss|37\/100\n|-unboost|p2a: Great Tusk|def|1\n|-unboost|p2a: Great Tusk|spd|1\n|\n|upkeep\n|turn|70\n|\n|t:|1700090406\n|move|p2a: Great Tusk|Headlong Rush|p1a: Amoonguss\n|-damage|p1a: Amoonguss|1\/100\n|-unboost|p2a: Great Tusk|def|1\n|-unboost|p2a: Great Tusk|spd|1\n|move|p1a: Amoonguss|Grass Knot|p2a: Great Tusk\n|-supereffective|p2a: Great Tusk\n|-damage|p2a: Great Tusk|0 fnt\n|faint|p2a: Great Tusk\n|-end|p2a: Great Tusk|Protosynthesis|[silent]\n|\n|upkeep\n|\n|t:|1700090411\n|switch|p2a: Zapdos|Zapdos|88\/100\n|turn|71\n|\n|t:|1700090416\n|switch|p1a: Weavile|Weavile, F|100\/100\n|-ability|p1a: Weavile|Pressure\n|move|p2a: Zapdos|Volt Switch|p1a: Weavile\n|-damage|p1a: Weavile|62\/100\n|\n|t:|1700090418\n|switch|p2a: Rillaboom|Rillaboom, F|100\/100|[from] Volt Switch\n|-fieldstart|move: Grassy Terrain|[from] ability: Grassy Surge|[of] p2a: Rillaboom\n|\n|-heal|p1a: Weavile|68\/100|[from] Grassy Terrain\n|upkeep\n|turn|72\n|\n|t:|1700090429\n|move|p1a: Weavile|Ice Shard|p2a: Rillaboom\n|-supereffective|p2a: Rillaboom\n|-damage|p2a: Rillaboom|57\/100\n|move|p2a: Rillaboom|U-turn|p1a: Weavile\n|-supereffective|p1a: Weavile\n|-damage|p1a: Weavile|0 fnt\n|faint|p1a: Weavile\n|\n|t:|1700090431\n|switch|p2a: Zapdos|Zapdos|88\/100|[from] U-turn\n|\n|upkeep\n|\n|t:|1700090439\n|switch|p1a: Maushold|Maushold|67\/100\n|turn|73\n|\n|t:|1700090443\n|move|p1a: Maushold|Population Bomb|p2a: Zapdos\n|-damage|p2a: Zapdos|77\/100\n|-status|p1a: Maushold|par|[from] ability: Static|[of] p2a: Zapdos\n|-damage|p2a: Zapdos|67\/100\n|-damage|p2a: Zapdos|57\/100\n|-damage|p2a: Zapdos|48\/100\n|-damage|p2a: Zapdos|37\/100\n|-damage|p2a: Zapdos|26\/100\n|-damage|p2a: Zapdos|15\/100\n|-damage|p2a: Zapdos|4\/100\n|-damage|p2a: Zapdos|0 fnt\n|faint|p2a: Zapdos\n|-hitcount|p2: Zapdos|9\n|\n|-heal|p1a: Maushold|73\/100 par|[from] Grassy Terrain\n|upkeep\n|-message|2(H2O) forfeited.\n|\n|win|tacodog 123412\n|raw|tacodog 123412's rating: 1584 &rarr; <strong>1608<\/strong><br \/>(+24 for winning)\n|raw|2(H2O)'s rating: 1648 &rarr; <strong>1624<\/strong><br \/>(-24 for losing)\n|l|\u26062(H2O)\n","uploadtime":1700090452,"views":9,"p1id":"tacodog123412","p2id":"2h2o","formatid":"gen9ou","rating":1608,"private":0,"password":""}