{"id":"gen9ou-1993399160","p1":"F8S","p2":"Nikolobstar","format":"[Gen 9] OU","log":"|j|\u2606F8S\n|j|\u2606Nikolobstar\n|t:|1700312457\n|gametype|singles\n|player|p1|F8S|blue|\n|player|p2|Nikolobstar|lucas-gen4pt|\n|teamsize|p1|6\n|teamsize|p2|6\n|gen|9\n|tier|[Gen 9] OU\n|rule|Sleep Clause Mod: Limit one foe put to sleep\n|rule|Species Clause: Limit one of each Pok\u00e9mon\n|rule|OHKO Clause: OHKO moves are banned\n|rule|Evasion Items Clause: Evasion items are banned\n|rule|Evasion Moves Clause: Evasion moves are banned\n|rule|Endless Battle Clause: Forcing endless battles is banned\n|rule|HP Percentage Mod: HP is shown in percentages\n|clearpoke\n|poke|p1|Greninja-*, M|\n|poke|p1|Clodsire, M|\n|poke|p1|Slowking, F|\n|poke|p1|Zoroark-Hisui, M|\n|poke|p1|Frosmoth, F|\n|poke|p1|Hariyama, F|\n|poke|p2|Walking Wake|\n|poke|p2|Slowking, M|\n|poke|p2|Arcanine-Hisui, F|\n|poke|p2|Zoroark-Hisui, F|\n|poke|p2|Armarouge, F|\n|poke|p2|Vikavolt, M|\n|teampreview\n|inactive|Battle timer is ON: inactive players will automatically lose when time's up. (requested by F8S)\n|j| Corbinc\n|inactive|F8S has 270 seconds left.\n|\n|t:|1700312493\n|start\n|switch|p1a: Clodsire|Clodsire, M|100\/100\n|switch|p2a: Vikavolt|Vikavolt, M|100\/100\n|turn|1\n|inactive|Nikolobstar has 270 seconds left.\n|\n|t:|1700312540\n|move|p2a: Vikavolt|Trick|p1a: Clodsire\n|-activate|p2a: Vikavolt|move: Trick|[of] p1a: Clodsire\n|-item|p1a: Clodsire|Choice Scarf|[from] move: Trick\n|-item|p2a: Vikavolt|Leftovers|[from] move: Trick\n|move|p1a: Clodsire|Stealth Rock|p2a: Vikavolt\n|-sidestart|p2: Nikolobstar|move: Stealth Rock\n|\n|upkeep\n|turn|2\n|inactive|Nikolobstar has 240 seconds left.\n|inactive|F8S has 270 seconds left.\n|\n|t:|1700312578\n|switch|p2a: Vikavolt|Vikavolt, M|100\/100\n|-damage|p2a: Vikavolt|76\/100|[from] Stealth Rock\n|switch|p1a: Slowking|Slowking, F|100\/100\n|\n|upkeep\n|turn|3\n|inactive|F8S has 270 seconds left.\n|inactive|Nikolobstar has 240 seconds left.\n|\n|t:|1700312590\n|move|p2a: Vikavolt|Sticky Web|p1a: Slowking\n|-sidestart|p1: F8S|move: Sticky Web\n|move|p1a: Slowking|Chilly Reception|p1a: Slowking\n|-weather|Snow\n|\n|t:|1700312595\n|switch|p1a: Frosmoth|Frosmoth, F|100\/100|[from] Chilly Reception\n|\n|-weather|Snow|[upkeep]\n|upkeep\n|turn|4\n|inactive|Nikolobstar has 240 seconds left.\n|inactive|Nikolobstar has 210 seconds left.\n|\n|t:|1700312664\n|switch|p2a: Arcanine|Arcanine-Hisui, F|100\/100\n|-damage|p2a: Arcanine|75\/100|[from] Stealth Rock\n|move|p1a: Frosmoth|Quiver Dance|p1a: Frosmoth\n|-boost|p1a: Frosmoth|spa|1\n|-boost|p1a: Frosmoth|spd|1\n|-boost|p1a: Frosmoth|spe|1\n|\n|-weather|Snow|[upkeep]\n|upkeep\n|turn|5\n|inactive|Nikolobstar has 180 seconds left.\n|inactive|F8S has 270 seconds left.\n|inactive|Nikolobstar has 150 seconds left.\n|inactive|Nikolobstar has 120 seconds left.\n|\n|t:|1700312747\n|-terastallize|p1a: Frosmoth|Ground\n|-terastallize|p2a: Arcanine|Normal\n|move|p1a: Frosmoth|Tera Blast|p2a: Arcanine|[anim] Tera Blast Ground\n|-damage|p2a: Arcanine|5\/100\n|move|p2a: Arcanine|Head Smash|p1a: Frosmoth\n|-resisted|p1a: Frosmoth\n|-damage|p1a: Frosmoth|0 fnt\n|faint|p1a: Frosmoth\n|\n|-weather|Snow|[upkeep]\n|upkeep\n|inactive|F8S has 270 seconds left.\n|inactive|F8S has 240 seconds left.\n|\n|t:|1700312804\n|switch|p1a: Soft Hands|Hariyama, F|100\/100\n|-activate|p1a: Soft Hands|move: Sticky Web\n|-unboost|p1a: Soft Hands|spe|1\n|turn|6\n|inactive|Nikolobstar has 120 seconds left.\n|\n|t:|1700312819\n|move|p1a: Soft Hands|Bullet Punch|p2a: Arcanine\n|-damage|p2a: Arcanine|0 fnt\n|faint|p2a: Arcanine\n|\n|-weather|Snow|[upkeep]\n|upkeep\n|inactive|Nikolobstar has 120 seconds left.\n|\n|t:|1700312849\n|switch|p2a: Armarouge|Armarouge, F|100\/100\n|-damage|p2a: Armarouge|88\/100|[from] Stealth Rock\n|turn|7\n|inactive|F8S has 240 seconds left.\n|inactive|Nikolobstar has 90 seconds left.\n|inactive|F8S has 210 seconds left.\n|\n|t:|1700312893\n|switch|p1a: Slowking|Slowking, F|100\/100\n|move|p2a: Armarouge|Bitter Malice|p1a: Slowking\n|-supereffective|p1a: Slowking\n|-damage|p1a: Slowking|36\/100\n|-unboost|p1a: Slowking|atk|1\n|\n|-weather|none\n|-heal|p2a: Armarouge|94\/100|[from] item: Leftovers\n|upkeep\n|turn|8\n|inactive|F8S has 210 seconds left.\n|inactive|Nikolobstar has 60 seconds left.\n|\n|t:|1700312920\n|move|p2a: Armarouge|Bitter Malice|p1a: Slowking\n|-supereffective|p1a: Slowking\n|-damage|p1a: Slowking|0 fnt\n|faint|p1a: Slowking\n|\n|-heal|p2a: Armarouge|99\/100|[from] item: Leftovers\n|upkeep\n|inactive|F8S has 210 seconds left.\n|inactive|F8S has 180 seconds left.\n|\n|t:|1700312969\n|switch|p1a: Soft Hands|Hariyama, F|100\/100\n|-activate|p1a: Soft Hands|move: Sticky Web\n|-unboost|p1a: Soft Hands|spe|1\n|turn|9\n|inactive|Nikolobstar has 60 seconds left.\n|\n|t:|1700312978\n|move|p2a: Armarouge|Bitter Malice|p1a: Soft Hands\n|-damage|p1a: Soft Hands|63\/100\n|-unboost|p1a: Soft Hands|atk|1\n|move|p1a: Soft Hands|Belly Drum|p1a: Soft Hands\n|-damage|p1a: Soft Hands|13\/100\n|-setboost|p1a: Soft Hands|atk|6|[from] move: Belly Drum\n|-enditem|p1a: Soft Hands|Sitrus Berry|[eat]\n|-heal|p1a: Soft Hands|38\/100|[from] item: Sitrus Berry\n|\n|-heal|p2a: Armarouge|100\/100|[from] item: Leftovers\n|upkeep\n|turn|10\n|inactive|Nikolobstar has 60 seconds left.\n|\n|t:|1700312995\n|move|p1a: Soft Hands|Bullet Punch|p2a: Armarouge\n|-damage|p2a: Armarouge|0 fnt\n|replace|p2a: Zoroark|Zoroark-Hisui, F\n|-end|p2a: Zoroark|Illusion\n|faint|p2a: Zoroark\n|\n|upkeep\n|\n|t:|1700313019\n|switch|p2a: Armarouge|Armarouge, F|100\/100\n|-damage|p2a: Armarouge|76\/100|[from] Stealth Rock\n|turn|11\n|inactive|F8S has 180 seconds left.\n|inactive|Nikolobstar has 30 seconds left.\n|c|\u2606F8S|+6 252+ Atk Hariyama Bullet Punch vs. 0 HP \/ 0 Def Armarouge: 90-106 (28.9 - 34%) -- 2.9% chance to 3HKO\n|inactiveoff|Battle timer is now OFF.\n|\n|t:|1700313071\n|move|p1a: Soft Hands|Bullet Punch|p2a: Armarouge\n|-resisted|p2a: Armarouge\n|-damage|p2a: Armarouge|42\/100\n|-ability|p2a: Armarouge|Weak Armor|boost\n|-unboost|p2a: Armarouge|def|1\n|-boost|p2a: Armarouge|spe|2\n|move|p2a: Armarouge|Psyshock|p1a: Soft Hands\n|-supereffective|p1a: Soft Hands\n|-damage|p1a: Soft Hands|0 fnt\n|faint|p1a: Soft Hands\n|\n|upkeep\n|\n|t:|1700313076\n|switch|p1a: Clodsire|Clodsire, M|100\/100\n|-activate|p1a: Clodsire|move: Sticky Web\n|-unboost|p1a: Clodsire|spe|1\n|turn|12\n|\n|t:|1700313095\n|move|p2a: Armarouge|Psyshock|p1a: Clodsire\n|-supereffective|p1a: Clodsire\n|-damage|p1a: Clodsire|41\/100\n|move|p1a: Clodsire|Earthquake|p2a: Armarouge\n|-supereffective|p2a: Armarouge\n|-damage|p2a: Armarouge|0 fnt\n|faint|p2a: Armarouge\n|\n|upkeep\n|\n|t:|1700313114\n|switch|p2a: Slowking|Slowking, M|100\/100\n|turn|13\n|\n|t:|1700313125\n|move|p2a: Slowking|Scald|p1a: Clodsire\n|-supereffective|p1a: Clodsire\n|-damage|p1a: Clodsire|0 fnt\n|faint|p1a: Clodsire\n|\n|upkeep\n|\n|t:|1700313135\n|switch|p1a: Greninja|Greninja, M|100\/100\n|-activate|p1a: Greninja|move: Sticky Web\n|-unboost|p1a: Greninja|spe|1\n|turn|14\n|\n|t:|1700313153\n|move|p1a: Greninja|Shadow Ball|p2a: Slowking\n|-supereffective|p2a: Slowking\n|-damage|p2a: Slowking|39\/100\n|-unboost|p2a: Slowking|spd|1\n|move|p2a: Slowking|Chilly Reception|p2a: Slowking\n|-weather|Snow\n|\n|t:|1700313191\n|switch|p2a: Walking Wake|Walking Wake|100\/100|[from] Chilly Reception\n|-damage|p2a: Walking Wake|88\/100|[from] Stealth Rock\n|\n|-weather|Snow|[upkeep]\n|upkeep\n|turn|15\n|\n|t:|1700313206\n|move|p1a: Greninja|Shadow Ball|p2a: Walking Wake\n|-damage|p2a: Walking Wake|40\/100\n|move|p2a: Walking Wake|Draco Meteor|p1a: Greninja\n|-damage|p1a: Greninja|0 fnt\n|-unboost|p2a: Walking Wake|spa|2\n|replace|p1a: Zoroark|Zoroark-Hisui, M\n|-end|p1a: Zoroark|Illusion\n|faint|p1a: Zoroark\n|\n|-weather|Snow|[upkeep]\n|upkeep\n|\n|t:|1700313211\n|switch|p1a: Greninja|Greninja, M|100\/100\n|-activate|p1a: Greninja|move: Sticky Web\n|-unboost|p1a: Greninja|spe|1\n|turn|16\n|\n|t:|1700313227\n|move|p2a: Walking Wake|Draco Meteor|p1a: Greninja\n|-damage|p1a: Greninja|7\/100\n|-unboost|p2a: Walking Wake|spa|2\n|move|p1a: Greninja|Dark Pulse|p2a: Walking Wake\n|-start|p1a: Greninja|typechange|Dark|[from] ability: Protean\n|-damage|p2a: Walking Wake|0 fnt\n|faint|p2a: Walking Wake\n|-end|p2a: Walking Wake|Protosynthesis|[silent]\n|\n|-weather|Snow|[upkeep]\n|upkeep\n|\n|t:|1700313255\n|switch|p2a: Vikavolt|Vikavolt, M|76\/100\n|-damage|p2a: Vikavolt|51\/100|[from] Stealth Rock\n|turn|17\n|\n|t:|1700313260\n|move|p1a: Greninja|Dark Pulse|p2a: Vikavolt\n|-damage|p2a: Vikavolt|0 fnt\n|faint|p2a: Vikavolt\n|\n|-weather|Snow|[upkeep]\n|upkeep\n|\n|t:|1700313266\n|switch|p2a: Slowking|Slowking, M|73\/100\n|turn|18\n|\n|t:|1700313268\n|move|p1a: Greninja|Dark Pulse|p2a: Slowking\n|-supereffective|p2a: Slowking\n|-damage|p2a: Slowking|0 fnt\n|faint|p2a: Slowking\n|\n|win|F8S\n","uploadtime":1700313274,"views":16,"p1id":"f8s","p2id":"nikolobstar","formatid":"gen9ou","rating":0,"private":0,"password":""}