{"id":"gen9ou-1994643440","p1":"ReDemonic","p2":"Skaraptor2.1","format":"[Gen 9] OU","log":"|j|\u2606ReDemonic\n|j|\u2606Skaraptor2.1\n|t:|1700474417\n|gametype|singles\n|player|p1|ReDemonic|tucker-gen3|1367\n|player|p2|Skaraptor2.1|bodybuilderf-gen9|1312\n|teamsize|p1|6\n|teamsize|p2|6\n|gen|9\n|tier|[Gen 9] OU\n|rated|\n|rule|Sleep Clause Mod: Limit one foe put to sleep\n|rule|Species Clause: Limit one of each Pok\u00e9mon\n|rule|OHKO Clause: OHKO moves are banned\n|rule|Evasion Items Clause: Evasion items are banned\n|rule|Evasion Moves Clause: Evasion moves are banned\n|rule|Endless Battle Clause: Forcing endless battles is banned\n|rule|HP Percentage Mod: HP is shown in percentages\n|clearpoke\n|poke|p1|Kommo-o, M|\n|poke|p1|Goodra-Hisui, M|\n|poke|p1|Garganacl, M|\n|poke|p1|Kingambit, F|\n|poke|p1|Thundurus-Therian, M|\n|poke|p1|Mesprit|\n|poke|p2|Ribombee, M|\n|poke|p2|Ogerpon-Wellspring, F|\n|poke|p2|Great Tusk|\n|poke|p2|Zamazenta-*|\n|poke|p2|Iron Valiant|\n|poke|p2|Kingambit, F|\n|teampreview\n|inactive|Battle timer is ON: inactive players will automatically lose when time's up. (requested by Skaraptor2.1)\n|\n|t:|1700474427\n|start\n|switch|p1a: Kommo-o|Kommo-o, M|100\/100\n|switch|p2a: Twink|Ribombee, M|100\/100\n|turn|1\n|\n|t:|1700474431\n|-terastallize|p1a: Kommo-o|Steel\n|move|p2a: Twink|Stun Spore|p1a: Kommo-o\n|-status|p1a: Kommo-o|par\n|move|p1a: Kommo-o|Clangorous Soul|p1a: Kommo-o\n|-boost|p1a: Kommo-o|atk|1\n|-boost|p1a: Kommo-o|def|1\n|-boost|p1a: Kommo-o|spa|1\n|-boost|p1a: Kommo-o|spd|1\n|-boost|p1a: Kommo-o|spe|1\n|-damage|p1a: Kommo-o|68\/100 par\n|\n|-heal|p1a: Kommo-o|74\/100 par|[from] item: Leftovers\n|upkeep\n|turn|2\n|\n|t:|1700474437\n|move|p2a: Twink|Sticky Web|p1a: Kommo-o\n|-sidestart|p1: ReDemonic|move: Sticky Web\n|move|p1a: Kommo-o|Boomburst|p2a: Twink\n|-damage|p2a: Twink|22\/100\n|\n|-heal|p1a: Kommo-o|80\/100 par|[from] item: Leftovers\n|upkeep\n|turn|3\n|\n|t:|1700474441\n|move|p2a: Twink|Skill Swap|p1a: Kommo-o\n|-activate|p2a: Twink|move: Skill Swap|Bulletproof|Shield Dust|[of] p1a: Kommo-o\n|move|p1a: Kommo-o|Clangorous Soul|p1a: Kommo-o\n|-boost|p1a: Kommo-o|atk|1\n|-boost|p1a: Kommo-o|def|1\n|-boost|p1a: Kommo-o|spa|1\n|-boost|p1a: Kommo-o|spd|1\n|-boost|p1a: Kommo-o|spe|1\n|-damage|p1a: Kommo-o|47\/100 par\n|\n|-heal|p1a: Kommo-o|53\/100 par|[from] item: Leftovers\n|upkeep\n|turn|4\n|\n|t:|1700474449\n|move|p2a: Twink|Moonblast|p1a: Kommo-o\n|-resisted|p1a: Kommo-o\n|-damage|p1a: Kommo-o|43\/100 par\n|cant|p1a: Kommo-o|par\n|\n|-heal|p1a: Kommo-o|49\/100 par|[from] item: Leftovers\n|upkeep\n|turn|5\n|\n|t:|1700474453\n|move|p2a: Twink|Moonblast|p1a: Kommo-o\n|-resisted|p1a: Kommo-o\n|-damage|p1a: Kommo-o|38\/100 par\n|move|p1a: Kommo-o|Clangorous Soul|p1a: Kommo-o\n|-boost|p1a: Kommo-o|atk|1\n|-boost|p1a: Kommo-o|def|1\n|-boost|p1a: Kommo-o|spa|1\n|-boost|p1a: Kommo-o|spd|1\n|-boost|p1a: Kommo-o|spe|1\n|-damage|p1a: Kommo-o|5\/100 par\n|\n|-heal|p1a: Kommo-o|11\/100 par|[from] item: Leftovers\n|upkeep\n|turn|6\n|\n|t:|1700474459\n|move|p2a: Twink|Moonblast|p1a: Kommo-o\n|-resisted|p1a: Kommo-o\n|-damage|p1a: Kommo-o|4\/100 par\n|move|p1a: Kommo-o|Drain Punch|p2a: Twink\n|-resisted|p2a: Twink\n|-damage|p2a: Twink|0 fnt\n|-heal|p1a: Kommo-o|16\/100 par|[from] drain|[of] p2a: Twink\n|faint|p2a: Twink\n|\n|-heal|p1a: Kommo-o|22\/100 par|[from] item: Leftovers\n|upkeep\n|\n|t:|1700474467\n|switch|p2a: Transfem|Ogerpon-Wellspring, F|100\/100\n|turn|7\n|\n|t:|1700474470\n|cant|p1a: Kommo-o|par\n|move|p2a: Transfem|Ivy Cudgel|p1a: Kommo-o|[anim] Ivy Cudgel Water\n|-damage|p1a: Kommo-o|0 fnt\n|faint|p1a: Kommo-o\n|\n|upkeep\n|c|\u2606ReDemonic|i was robbed\n|\n|t:|1700474486\n|switch|p1a: Mesprit|Mesprit|100\/100\n|turn|8\n|\n|t:|1700474501\n|move|p2a: Transfem|Knock Off|p1a: Mesprit\n|-supereffective|p1a: Mesprit\n|-crit|p1a: Mesprit\n|-enditem|p1a: Mesprit|Colbur Berry|[eat]\n|-enditem|p1a: Mesprit|Colbur Berry|[weaken]\n|-damage|p1a: Mesprit|34\/100\n|move|p1a: Mesprit|Thunder Wave|p2a: Transfem\n|-status|p2a: Transfem|par\n|\n|upkeep\n|turn|9\n|c|\u2606ReDemonic|wow\n|c|\u2606Skaraptor2.1|?\n|inactive|ReDemonic has 120 seconds left.\n|c|\u2606Skaraptor2.1|Also you were not robbed, I outplayed you, just as colbur berry outplayed me here\n|c|\u2606ReDemonic|crit means my colbur berry didnt matter so i did all that planning for nothing\n|j| average phan 82.5\n|\n|t:|1700474561\n|switch|p1a: Goodra|Goodra-Hisui, M|100\/100\n|-activate|p1a: Goodra|move: Sticky Web\n|-unboost|p1a: Goodra|spe|1\n|move|p2a: Transfem|Horn Leech|p1a: Goodra\n|-resisted|p1a: Goodra\n|-damage|p1a: Goodra|90\/100\n|-ability|p1a: Goodra|Gooey\n|-unboost|p2a: Transfem|spe|1\n|\n|upkeep\n|turn|10\n|c|\u2606Skaraptor2.1|Do you make a team for each match?\n|\n|t:|1700474571\n|move|p2a: Transfem|Knock Off|p1a: Goodra\n|-damage|p1a: Goodra|53\/100\n|-ability|p1a: Goodra|Gooey\n|-unboost|p2a: Transfem|spe|1\n|-enditem|p1a: Goodra|Assault Vest|[from] move: Knock Off|[of] p2a: Transfem\n|move|p1a: Goodra|Draco Meteor|p2a: Transfem\n|-damage|p2a: Transfem|19\/100 par\n|-unboost|p1a: Goodra|spa|2\n|\n|upkeep\n|turn|11\n|j| great treads 96\n|\n|t:|1700474578\n|move|p1a: Goodra|Flamethrower|p2a: Transfem\n|-damage|p2a: Transfem|2\/100 par\n|move|p2a: Transfem|Knock Off|p1a: Goodra\n|-damage|p1a: Goodra|27\/100\n|-ability|p1a: Goodra|Gooey\n|-unboost|p2a: Transfem|spe|1\n|\n|upkeep\n|turn|12\n|\n|t:|1700474586\n|move|p1a: Goodra|Flamethrower|p2a: Transfem\n|-damage|p2a: Transfem|0 fnt\n|faint|p2a: Transfem\n|\n|upkeep\n|\n|t:|1700474591\n|switch|p2a: Raging Queer|Great Tusk|100\/100\n|turn|13\n|\n|t:|1700474594\n|move|p2a: Raging Queer|Earthquake|p1a: Goodra\n|-supereffective|p1a: Goodra\n|-damage|p1a: Goodra|0 fnt\n|faint|p1a: Goodra\n|\n|upkeep\n|\n|t:|1700474598\n|switch|p1a: Mesprit|Mesprit|34\/100\n|turn|14\n|\n|t:|1700474602\n|move|p1a: Mesprit|Psycho Cut|p2a: Raging Queer\n|-supereffective|p2a: Raging Queer\n|-damage|p2a: Raging Queer|65\/100\n|move|p2a: Raging Queer|Knock Off|p1a: Mesprit\n|-supereffective|p1a: Mesprit\n|-damage|p1a: Mesprit|0 fnt\n|faint|p1a: Mesprit\n|\n|upkeep\n|\n|t:|1700474609\n|switch|p1a: Thundurus|Thundurus-Therian, M|100\/100\n|turn|15\n|c| average phan 82.5|ReDemonic lead with ur wincon, inevitably get haxed by the turn 1 status\n|c|\u2606Skaraptor2.1|Psycho cut?\n|c| average phan 82.5|u robbed urself\n|\n|t:|1700474618\n|move|p1a: Thundurus|Grass Knot|p2a: Raging Queer\n|-supereffective|p2a: Raging Queer\n|-damage|p2a: Raging Queer|0 fnt\n|faint|p2a: Raging Queer\n|-end|p2a: Raging Queer|Protosynthesis|[silent]\n|\n|upkeep\n|\n|t:|1700474622\n|switch|p2a: Bigender|Iron Valiant|100\/100\n|-enditem|p2a: Bigender|Booster Energy\n|-activate|p2a: Bigender|ability: Quark Drive|[fromitem]\n|-start|p2a: Bigender|quarkdrivespe\n|turn|16\n|\n|t:|1700474625\n|move|p2a: Bigender|Destiny Bond|p2a: Bigender\n|-singlemove|p2a: Bigender|Destiny Bond\n|move|p1a: Thundurus|Volt Switch|p2a: Bigender\n|-crit|p2a: Bigender\n|-damage|p2a: Bigender|0 fnt\n|faint|p2a: Bigender\n|-activate|p2a: Bigender|move: Destiny Bond\n|-end|p2a: Bigender|Quark Drive|[silent]\n|faint|p1a: Thundurus\n|\n|upkeep\n|c| great treads 96|oh\n|\n|t:|1700474635\n|switch|p2a: Queengambit|Kingambit, F|100\/100\n|switch|p1a: Garganacl|Garganacl, M|100\/100\n|-activate|p2a: Queengambit|ability: Supreme Overlord\n|-start|p2a: Queengambit|fallen4|[silent]\n|-activate|p1a: Garganacl|move: Sticky Web\n|-unboost|p1a: Garganacl|spe|1\n|turn|17\n|\n|t:|1700474639\n|move|p2a: Queengambit|Swords Dance|p2a: Queengambit\n|-boost|p2a: Queengambit|atk|2\n|move|p1a: Garganacl|Body Press|p2a: Queengambit\n|-supereffective|p2a: Queengambit\n|-damage|p2a: Queengambit|33\/100\n|\n|-heal|p2a: Queengambit|39\/100|[from] item: Leftovers\n|upkeep\n|turn|18\n|\n|t:|1700474645\n|move|p2a: Queengambit|Low Kick|p1a: Garganacl\n|-supereffective|p1a: Garganacl\n|-damage|p1a: Garganacl|0 fnt\n|faint|p1a: Garganacl\n|\n|-heal|p2a: Queengambit|46\/100|[from] item: Leftovers\n|upkeep\n|\n|t:|1700474647\n|switch|p1a: Kingambit|Kingambit, F|100\/100\n|-activate|p1a: Kingambit|ability: Supreme Overlord\n|-start|p1a: Kingambit|fallen5|[silent]\n|turn|19\n|\n|t:|1700474653\n|move|p1a: Kingambit|Sucker Punch|p2a: Queengambit\n|-resisted|p2a: Queengambit\n|-damage|p2a: Queengambit|24\/100\n|move|p2a: Queengambit|Low Kick|p1a: Kingambit\n|-supereffective|p1a: Kingambit\n|-damage|p1a: Kingambit|0 fnt\n|faint|p1a: Kingambit\n|-end|p1a: Kingambit|fallen5|[silent]\n|\n|win|Skaraptor2.1\n|raw|ReDemonic's rating: 1367 &rarr; <strong>1344<\/strong><br \/>(-23 for losing)\n|raw|Skaraptor2.1's rating: 1312 &rarr; <strong>1335<\/strong><br \/>(+23 for winning)\n","uploadtime":1700474656,"views":10,"p1id":"redemonic","p2id":"skaraptor21","formatid":"gen9ou","rating":1335,"private":0,"password":""}