{"id":"gen9ou-1988821950","p1":"sidtherockjohnson","p2":"tehei","format":"[Gen 9] OU","log":"|j|\u2606sidtherockjohnson\n|j|\u2606tehei\n|t:|1699768306\n|gametype|singles\n|player|p1|sidtherockjohnson|266|1381\n|player|p2|tehei|266|1299\n|teamsize|p1|6\n|teamsize|p2|6\n|gen|9\n|tier|[Gen 9] OU\n|rated|\n|rule|Sleep Clause Mod: Limit one foe put to sleep\n|rule|Species Clause: Limit one of each Pok\u00e9mon\n|rule|OHKO Clause: OHKO moves are banned\n|rule|Evasion Items Clause: Evasion items are banned\n|rule|Evasion Moves Clause: Evasion moves are banned\n|rule|Endless Battle Clause: Forcing endless battles is banned\n|rule|HP Percentage Mod: HP is shown in percentages\n|clearpoke\n|poke|p1|Samurott-Hisui, F|\n|poke|p1|Great Tusk|\n|poke|p1|Clefable, M|\n|poke|p1|Arcanine-Hisui, M|\n|poke|p1|Gholdengo|\n|poke|p1|Zapdos|\n|poke|p2|Indeedee, M|\n|poke|p2|Hatterene, F|\n|poke|p2|Maushold|\n|poke|p2|Armarouge, F|\n|poke|p2|Polteageist|\n|poke|p2|Sneasler, M|\n|teampreview\n|inactive|Battle timer is ON: inactive players will automatically lose when time's up. (requested by tehei)\n|inactive|tehei has 120 seconds left.\n|inactive|tehei has 90 seconds left.\n|\n|t:|1699768391\n|start\n|switch|p1a: Zapdos|Zapdos|100\/100\n|switch|p2a: Maushold|Maushold|100\/100\n|turn|1\n|inactive|sidtherockjohnson has 120 seconds left.\n|\n|t:|1699768421\n|switch|p2a: Indeedee|Indeedee, M|100\/100\n|-fieldstart|move: Psychic Terrain|[from] ability: Psychic Surge|[of] p2a: Indeedee\n|move|p1a: Zapdos|Thunderbolt|p2a: Indeedee\n|-damage|p2a: Indeedee|43\/100\n|\n|upkeep\n|turn|2\n|\n|t:|1699768427\n|switch|p2a: Hatterene|Hatterene, F|100\/100\n|move|p1a: Zapdos|Thunderbolt|p2a: Hatterene\n|-damage|p2a: Hatterene|55\/100\n|-enditem|p2a: Hatterene|Eject Button\n|inactive|tehei has 120 seconds left.\n|\n|t:|1699768475\n|switch|p2a: Polteageist|Polteageist|100\/100\n|\n|upkeep\n|turn|3\n|\n|t:|1699768488\n|move|p1a: Zapdos|Thunderbolt|p2a: Polteageist\n|-damage|p2a: Polteageist|47\/100\n|move|p2a: Polteageist|Shell Smash|p2a: Polteageist\n|-unboost|p2a: Polteageist|def|1\n|-unboost|p2a: Polteageist|spd|1\n|-boost|p2a: Polteageist|atk|2\n|-boost|p2a: Polteageist|spa|2\n|-boost|p2a: Polteageist|spe|2\n|\n|upkeep\n|turn|4\n|\n|t:|1699768500\n|switch|p1a: Clefable|Clefable, M|100\/100\n|move|p2a: Polteageist|Stored Power|p1a: Clefable\n|-damage|p1a: Clefable|51\/100\n|\n|-heal|p1a: Clefable|57\/100|[from] item: Leftovers\n|upkeep\n|turn|5\n|\n|t:|1699768510\n|move|p2a: Polteageist|Stored Power|p1a: Clefable\n|-damage|p1a: Clefable|7\/100\n|move|p1a: Clefable|Thunder Wave|p2a: Polteageist\n|-status|p2a: Polteageist|par\n|\n|-heal|p1a: Clefable|13\/100|[from] item: Leftovers\n|upkeep\n|turn|6\n|\n|t:|1699768517\n|switch|p1a: Samurott|Samurott-Hisui, F|100\/100\n|move|p2a: Polteageist|Stored Power|p1a: Samurott\n|-immune|p1a: Samurott\n|\n|upkeep\n|turn|7\n|\n|t:|1699768530\n|move|p1a: Samurott|Ceaseless Edge|p2a: Polteageist\n|-supereffective|p2a: Polteageist\n|-damage|p2a: Polteageist|0 fnt\n|-sidestart|p2: tehei|Spikes\n|faint|p2a: Polteageist\n|\n|upkeep\n|\n|t:|1699768534\n|switch|p2a: Maushold|Maushold|100\/100\n|-damage|p2a: Maushold|88\/100|[from] Spikes\n|turn|8\n|\n|t:|1699768540\n|switch|p1a: Zapdos|Zapdos|100\/100\n|move|p2a: Maushold|Population Bomb|p1a: Zapdos\n|-damage|p1a: Zapdos|87\/100\n|-damage|p2a: Maushold|71\/100|[from] item: Rocky Helmet|[of] p1a: Zapdos\n|-status|p2a: Maushold|par|[from] ability: Static|[of] p1a: Zapdos\n|-damage|p1a: Zapdos|73\/100\n|-damage|p2a: Maushold|55\/100 par|[from] item: Rocky Helmet|[of] p1a: Zapdos\n|-damage|p1a: Zapdos|58\/100\n|-damage|p2a: Maushold|38\/100 par|[from] item: Rocky Helmet|[of] p1a: Zapdos\n|-damage|p1a: Zapdos|44\/100\n|-damage|p2a: Maushold|22\/100 par|[from] item: Rocky Helmet|[of] p1a: Zapdos\n|-damage|p1a: Zapdos|31\/100\n|-damage|p2a: Maushold|5\/100 par|[from] item: Rocky Helmet|[of] p1a: Zapdos\n|-damage|p1a: Zapdos|18\/100\n|-damage|p2a: Maushold|0 fnt|[from] item: Rocky Helmet|[of] p1a: Zapdos\n|faint|p2a: Maushold\n|-hitcount|p1a: Zapdos|6\n|\n|-fieldend|move: Psychic Terrain\n|upkeep\n|c|\u2606sidtherockjohnson|thats hilarious\n|\n|t:|1699768564\n|switch|p2a: Indeedee|Indeedee, M|43\/100\n|-damage|p2a: Indeedee|30\/100|[from] Spikes\n|-fieldstart|move: Psychic Terrain|[from] ability: Psychic Surge|[of] p2a: Indeedee\n|turn|9\n|inactive|tehei has 120 seconds left.\n|\n|t:|1699768582\n|move|p1a: Zapdos|Volt Switch|p2a: Indeedee\n|-damage|p2a: Indeedee|0 fnt\n|faint|p2a: Indeedee\n|\n|t:|1699768600\n|switch|p1a: Great Tusk|Great Tusk|100\/100|[from] Volt Switch\n|\n|upkeep\n|inactive|tehei has 120 seconds left.\n|\n|t:|1699768621\n|switch|p2a: Armarouge|Armarouge, F|100\/100\n|-damage|p2a: Armarouge|88\/100|[from] Spikes\n|turn|10\n|\n|t:|1699768640\n|-end|p1a: Great Tusk|Protosynthesis|[silent]\n|switch|p1a: Samurott|Samurott-Hisui, F|100\/100\n|move|p2a: Armarouge|Endure||[still]\n|-fail|p2a: Armarouge\n|\n|upkeep\n|turn|11\n|\n|t:|1699768650\n|move|p2a: Armarouge|Endure|p2a: Armarouge\n|-singleturn|p2a: Armarouge|move: Endure\n|move|p1a: Samurott|Razor Shell|p2a: Armarouge\n|-supereffective|p2a: Armarouge\n|-activate|p2a: Armarouge|move: Endure\n|-damage|p2a: Armarouge|1\/100\n|-ability|p2a: Armarouge|Weak Armor|boost\n|-unboost|p2a: Armarouge|def|1\n|-boost|p2a: Armarouge|spe|2\n|\n|upkeep\n|turn|12\n|-message|tehei forfeited.\n|\n|win|sidtherockjohnson\n|raw|sidtherockjohnson's rating: 1381 &rarr; <strong>1396<\/strong><br \/>(+15 for winning)\n|raw|tehei's rating: 1299 &rarr; <strong>1280<\/strong><br \/>(-19 for losing)\n|l|\u2606tehei\n","uploadtime":1699768664,"views":9,"p1id":"sidtherockjohnson","p2id":"tehei","formatid":"gen9ou","rating":1280,"private":0,"password":""}