{"id":"gen9ou-1995439135","p1":"poultrigeist","p2":"mcdab","format":"[Gen 9] OU","log":"|j|\u2606poultrigeist\n|j|\u2606mcdab\n|t:|1700570903\n|gametype|singles\n|player|p1|poultrigeist|ethan|1487\n|player|p2|mcdab|169|1604\n|teamsize|p1|6\n|teamsize|p2|6\n|gen|9\n|tier|[Gen 9] OU\n|rated|\n|rule|Sleep Clause Mod: Limit one foe put to sleep\n|rule|Species Clause: Limit one of each Pok\u00e9mon\n|rule|OHKO Clause: OHKO moves are banned\n|rule|Evasion Items Clause: Evasion items are banned\n|rule|Evasion Moves Clause: Evasion moves are banned\n|rule|Endless Battle Clause: Forcing endless battles is banned\n|rule|HP Percentage Mod: HP is shown in percentages\n|clearpoke\n|poke|p1|Cresselia, F|\n|poke|p1|Dragonite, M|\n|poke|p1|Samurott-Hisui, F|\n|poke|p1|Dragapult, F|\n|poke|p1|Iron Moth|\n|poke|p1|Great Tusk|\n|poke|p2|Cinderace, F|\n|poke|p2|Iron Moth|\n|poke|p2|Gastrodon, F|\n|poke|p2|Gholdengo|\n|poke|p2|Landorus-Therian, M|\n|poke|p2|Breloom, M|\n|teampreview\n|inactive|Battle timer is ON: inactive players will automatically lose when time's up. (requested by poultrigeist)\n|\n|t:|1700570926\n|start\n|switch|p1a: Dragapult|Dragapult, F|100\/100\n|switch|p2a: Breloom|Breloom, M|100\/100\n|turn|1\n|\n|t:|1700570936\n|switch|p2a: Gastrodon|Gastrodon, F|100\/100\n|move|p1a: Dragapult|Dragon Darts|p2a: Gastrodon\n|-damage|p2a: Gastrodon|77\/100\n|-anim|p1a: Dragapult|Dragon Darts|p2a: Gastrodon\n|-damage|p2a: Gastrodon|53\/100\n|\n|-heal|p2a: Gastrodon|59\/100|[from] item: Leftovers\n|upkeep\n|turn|2\n|\n|t:|1700570946\n|move|p1a: Dragapult|Dragon Darts|p2a: Gastrodon\n|-damage|p2a: Gastrodon|35\/100\n|-anim|p1a: Dragapult|Dragon Darts|p2a: Gastrodon\n|-damage|p2a: Gastrodon|12\/100\n|move|p2a: Gastrodon|Ice Beam|p1a: Dragapult\n|-supereffective|p1a: Dragapult\n|-damage|p1a: Dragapult|55\/100\n|\n|-heal|p2a: Gastrodon|18\/100|[from] item: Leftovers\n|upkeep\n|turn|3\n|\n|t:|1700570968\n|switch|p1a: Samurott|Samurott-Hisui, F|100\/100\n|move|p2a: Gastrodon|Ice Beam|p1a: Samurott\n|-resisted|p1a: Samurott\n|-damage|p1a: Samurott|87\/100\n|\n|-heal|p2a: Gastrodon|24\/100|[from] item: Leftovers\n|upkeep\n|turn|4\n|\n|t:|1700570974\n|switch|p2a: Breloom|Breloom, M|100\/100\n|move|p1a: Samurott|Ceaseless Edge|p2a: Breloom\n|-resisted|p2a: Breloom\n|-damage|p2a: Breloom|81\/100\n|-sidestart|p2: mcdab|Spikes\n|\n|-status|p2a: Breloom|tox|[from] item: Toxic Orb\n|upkeep\n|turn|5\n|inactive|poultrigeist has 120 seconds left.\n|inactive|poultrigeist has 90 seconds left.\n|inactive|poultrigeist has 60 seconds left.\n|\n|t:|1700571092\n|switch|p1a: Great Tusk|Great Tusk|100\/100\n|move|p2a: Breloom|Spore|p1a: Great Tusk\n|-status|p1a: Great Tusk|slp|[from] move: Spore\n|\n|-heal|p2a: Breloom|93\/100 tox|[from] ability: Poison Heal\n|upkeep\n|turn|6\n|\n|t:|1700571106\n|-end|p1a: Great Tusk|Protosynthesis|[silent]\n|switch|p1a: Dragapult|Dragapult, F|55\/100\n|move|p2a: Breloom|Substitute|p2a: Breloom\n|-start|p2a: Breloom|Substitute\n|-damage|p2a: Breloom|68\/100 tox\n|\n|-heal|p2a: Breloom|81\/100 tox|[from] ability: Poison Heal\n|upkeep\n|turn|7\n|\n|t:|1700571111\n|move|p1a: Dragapult|Reflect|p1a: Dragapult\n|-sidestart|p1: poultrigeist|Reflect\n|move|p2a: Breloom|Leech Seed|p1a: Dragapult\n|-start|p1a: Dragapult|move: Leech Seed\n|\n|-damage|p1a: Dragapult|42\/100|[from] Leech Seed|[of] p2a: Breloom\n|-heal|p2a: Breloom|95\/100 tox|[silent]\n|-heal|p2a: Breloom|100\/100 tox|[from] ability: Poison Heal\n|upkeep\n|turn|8\n|\n|t:|1700571122\n|move|p1a: Dragapult|Light Screen|p1a: Dragapult\n|-sidestart|p1: poultrigeist|move: Light Screen\n|move|p2a: Breloom|Substitute|p2a: Breloom\n|-fail|p2a: Breloom|move: Substitute\n|\n|-damage|p1a: Dragapult|30\/100|[from] Leech Seed|[of] p2a: Breloom\n|upkeep\n|turn|9\n|\n|t:|1700571125\n|move|p1a: Dragapult|Dragon Darts|p2a: Breloom\n|-activate|p2a: Breloom|move: Substitute|[damage]\n|-anim|p1a: Dragapult|Dragon Darts|p2a: Breloom\n|-end|p2a: Breloom|Substitute\n|move|p2a: Breloom|Substitute|p2a: Breloom\n|-start|p2a: Breloom|Substitute\n|-damage|p2a: Breloom|75\/100 tox\n|\n|-damage|p1a: Dragapult|18\/100|[from] Leech Seed|[of] p2a: Breloom\n|-heal|p2a: Breloom|90\/100 tox|[silent]\n|-heal|p2a: Breloom|100\/100 tox|[from] ability: Poison Heal\n|upkeep\n|turn|10\n|\n|t:|1700571132\n|move|p1a: Dragapult|Curse|p2a: Breloom\n|-start|p2a: Breloom|Curse|[of] p1a: Dragapult\n|-damage|p1a: Dragapult|0 fnt\n|faint|p1a: Dragapult\n|move|p2a: Breloom|Substitute|p2a: Breloom\n|-fail|p2a: Breloom|move: Substitute\n|\n|-damage|p2a: Breloom|75\/100 tox|[from] Curse\n|upkeep\n|c|\u2606mcdab|:O\n|inactive|poultrigeist has 60 seconds left.\n|\n|t:|1700571162\n|switch|p1a: Iron Moth|Iron Moth|100\/100\n|turn|11\n|\n|t:|1700571180\n|move|p1a: Iron Moth|Fiery Dance|p2a: Breloom\n|-supereffective|p2a: Breloom\n|-end|p2a: Breloom|Substitute\n|move|p2a: Breloom|Leech Seed|p1a: Iron Moth\n|-start|p1a: Iron Moth|move: Leech Seed\n|\n|-damage|p1a: Iron Moth|88\/100|[from] Leech Seed|[of] p2a: Breloom\n|-heal|p2a: Breloom|87\/100 tox|[silent]\n|-heal|p2a: Breloom|99\/100 tox|[from] ability: Poison Heal\n|-damage|p2a: Breloom|75\/100 tox|[from] Curse\n|upkeep\n|turn|12\n|inactive|poultrigeist has 60 seconds left.\n|\n|t:|1700571194\n|switch|p2a: Cinderace|Cinderace, F|100\/100\n|-damage|p2a: Cinderace|88\/100|[from] Spikes\n|move|p1a: Iron Moth|Fiery Dance|p2a: Cinderace\n|-resisted|p2a: Cinderace\n|-damage|p2a: Cinderace|57\/100\n|-boost|p1a: Iron Moth|spa|1\n|\n|-damage|p1a: Iron Moth|76\/100|[from] Leech Seed|[of] p2a: Cinderace\n|-heal|p2a: Cinderace|70\/100|[silent]\n|upkeep\n|turn|13\n|inactive|mcdab has 120 seconds left.\n|inactive|mcdab has 90 seconds left.\n|\n|t:|1700571276\n|-terastallize|p2a: Cinderace|Psychic\n|move|p2a: Cinderace|Zen Headbutt|p1a: Iron Moth|[miss]\n|-miss|p2a: Cinderace|p1a: Iron Moth\n|move|p1a: Iron Moth|Sludge Wave|p2a: Cinderace\n|-damage|p2a: Cinderace|0 fnt\n|faint|p2a: Cinderace\n|\n|upkeep\n|inactive|mcdab has 60 seconds left.\n|\n|t:|1700571306\n|switch|p2a: Landorus|Landorus-Therian, M|100\/100\n|-ability|p2a: Landorus|Intimidate|boost\n|-unboost|p1a: Iron Moth|atk|1\n|turn|14\n|\n|t:|1700571317\n|-end|p1a: Iron Moth|Quark Drive|[silent]\n|switch|p1a: Dragonite|Dragonite, M|100\/100\n|move|p2a: Landorus|Earthquake|p1a: Dragonite\n|-immune|p1a: Dragonite\n|\n|-sideend|p1: poultrigeist|Reflect\n|upkeep\n|turn|15\n|\n|t:|1700571330\n|move|p2a: Landorus|Stone Edge|p1a: Dragonite\n|-supereffective|p1a: Dragonite\n|-damage|p1a: Dragonite|61\/100\n|move|p1a: Dragonite|Dragon Dance|p1a: Dragonite\n|-boost|p1a: Dragonite|atk|1\n|-boost|p1a: Dragonite|spe|1\n|\n|-sideend|p1: poultrigeist|move: Light Screen\n|upkeep\n|turn|16\n|\n|t:|1700571337\n|move|p1a: Dragonite|Ice Spinner|p2a: Landorus\n|-supereffective|p2a: Landorus\n|-damage|p2a: Landorus|0 fnt\n|faint|p2a: Landorus\n|\n|upkeep\n|\n|t:|1700571343\n|switch|p2a: Gholdengo|Gholdengo|100\/100\n|-damage|p2a: Gholdengo|88\/100|[from] Spikes\n|turn|17\n|\n|t:|1700571347\n|move|p2a: Gholdengo|Make It Rain|p1a: Dragonite\n|-damage|p1a: Dragonite|0 fnt\n|-unboost|p2a: Gholdengo|spa|1\n|faint|p1a: Dragonite\n|\n|upkeep\n|inactive|poultrigeist has 90 seconds left.\n|\n|t:|1700571368\n|switch|p1a: Samurott|Samurott-Hisui, F|87\/100\n|turn|18\n|inactive|poultrigeist has 90 seconds left.\n|inactive|mcdab has 60 seconds left.\n|\n|t:|1700571410\n|switch|p2a: Gastrodon|Gastrodon, F|24\/100\n|-damage|p2a: Gastrodon|12\/100|[from] Spikes\n|switch|p1a: Iron Moth|Iron Moth|76\/100\n|\n|-heal|p2a: Gastrodon|18\/100|[from] item: Leftovers\n|upkeep\n|turn|19\n|inactive|poultrigeist has 90 seconds left.\n|\n|t:|1700571419\n|move|p1a: Iron Moth|Sludge Wave|p2a: Gastrodon\n|-resisted|p2a: Gastrodon\n|-damage|p2a: Gastrodon|2\/100\n|move|p2a: Gastrodon|Earth Power|p1a: Iron Moth\n|-supereffective|p1a: Iron Moth\n|-damage|p1a: Iron Moth|0 fnt\n|faint|p1a: Iron Moth\n|-end|p1a: Iron Moth|Quark Drive|[silent]\n|\n|-heal|p2a: Gastrodon|8\/100|[from] item: Leftovers\n|upkeep\n|inactive|poultrigeist has 90 seconds left.\n|\n|t:|1700571426\n|switch|p1a: Cresselia|Cresselia, F|100\/100\n|turn|20\n|inactive|mcdab has 60 seconds left.\n|\n|t:|1700571434\n|switch|p2a: Gholdengo|Gholdengo|88\/100\n|-damage|p2a: Gholdengo|76\/100|[from] Spikes\n|-terastallize|p1a: Cresselia|Poison\n|move|p1a: Cresselia|Calm Mind|p1a: Cresselia\n|-boost|p1a: Cresselia|spa|1\n|-boost|p1a: Cresselia|spd|1\n|\n|upkeep\n|turn|21\n|inactive|mcdab has 60 seconds left.\n|\n|t:|1700571473\n|switch|p2a: Gastrodon|Gastrodon, F|8\/100\n|-damage|p2a: Gastrodon|0 fnt|[from] Spikes\n|faint|p2a: Gastrodon\n|switch|p1a: Great Tusk|Great Tusk|100\/100 slp\n|\n|upkeep\n|\n|t:|1700571478\n|switch|p2a: Breloom|Breloom, M|75\/100 tox\n|-damage|p2a: Breloom|62\/100 tox|[from] Spikes\n|turn|22\n|\n|t:|1700571483\n|-end|p1a: Great Tusk|Protosynthesis|[silent]\n|switch|p1a: Cresselia|Cresselia, F, tera:Poison|100\/100\n|move|p2a: Breloom|Substitute|p2a: Breloom\n|-start|p2a: Breloom|Substitute\n|-damage|p2a: Breloom|37\/100 tox\n|\n|-heal|p2a: Breloom|50\/100 tox|[from] ability: Poison Heal\n|upkeep\n|turn|23\n|\n|t:|1700571489\n|move|p1a: Cresselia|Calm Mind|p1a: Cresselia\n|-boost|p1a: Cresselia|spa|1\n|-boost|p1a: Cresselia|spd|1\n|move|p2a: Breloom|Leech Seed|p1a: Cresselia\n|-start|p1a: Cresselia|move: Leech Seed\n|\n|-damage|p1a: Cresselia|88\/100|[from] Leech Seed|[of] p2a: Breloom\n|-heal|p2a: Breloom|67\/100 tox|[silent]\n|-heal|p2a: Breloom|79\/100 tox|[from] ability: Poison Heal\n|upkeep\n|turn|24\n|\n|t:|1700571492\n|-singleturn|p2a: Breloom|move: Focus Punch\n|move|p1a: Cresselia|Calm Mind|p1a: Cresselia\n|-boost|p1a: Cresselia|spa|1\n|-boost|p1a: Cresselia|spd|1\n|move|p2a: Breloom|Focus Punch|p1a: Cresselia\n|-resisted|p1a: Cresselia\n|-damage|p1a: Cresselia|70\/100\n|\n|-heal|p1a: Cresselia|76\/100|[from] item: Leftovers\n|-damage|p1a: Cresselia|64\/100|[from] Leech Seed|[of] p2a: Breloom\n|-heal|p2a: Breloom|96\/100 tox|[silent]\n|-heal|p2a: Breloom|100\/100 tox|[from] ability: Poison Heal\n|upkeep\n|turn|25\n|\n|t:|1700571498\n|-singleturn|p2a: Breloom|move: Focus Punch\n|move|p1a: Cresselia|Moonlight|p1a: Cresselia\n|-heal|p1a: Cresselia|100\/100\n|move|p2a: Breloom|Focus Punch|p1a: Cresselia\n|-resisted|p1a: Cresselia\n|-damage|p1a: Cresselia|83\/100\n|\n|-heal|p1a: Cresselia|89\/100|[from] item: Leftovers\n|-damage|p1a: Cresselia|77\/100|[from] Leech Seed|[of] p2a: Breloom\n|upkeep\n|turn|26\n|\n|t:|1700571504\n|-singleturn|p2a: Breloom|move: Focus Punch\n|move|p1a: Cresselia|Stored Power|p2a: Breloom\n|-supereffective|p2a: Breloom\n|-end|p2a: Breloom|Substitute\n|move|p2a: Breloom|Focus Punch|p1a: Cresselia\n|-resisted|p1a: Cresselia\n|-crit|p1a: Cresselia\n|-damage|p1a: Cresselia|53\/100\n|\n|-heal|p1a: Cresselia|59\/100|[from] item: Leftovers\n|-damage|p1a: Cresselia|47\/100|[from] Leech Seed|[of] p2a: Breloom\n|upkeep\n|turn|27\n|\n|t:|1700571508\n|move|p1a: Cresselia|Moonlight|p1a: Cresselia\n|-heal|p1a: Cresselia|97\/100\n|move|p2a: Breloom|Substitute|p2a: Breloom\n|-start|p2a: Breloom|Substitute\n|-damage|p2a: Breloom|75\/100 tox\n|\n|-heal|p1a: Cresselia|100\/100|[from] item: Leftovers\n|-damage|p1a: Cresselia|88\/100|[from] Leech Seed|[of] p2a: Breloom\n|-heal|p2a: Breloom|93\/100 tox|[silent]\n|-heal|p2a: Breloom|100\/100 tox|[from] ability: Poison Heal\n|upkeep\n|turn|28\n|\n|t:|1700571511\n|-singleturn|p2a: Breloom|move: Focus Punch\n|move|p1a: Cresselia|Moonblast|p2a: Breloom\n|-supereffective|p2a: Breloom\n|-end|p2a: Breloom|Substitute\n|move|p2a: Breloom|Focus Punch|p1a: Cresselia\n|-resisted|p1a: Cresselia\n|-damage|p1a: Cresselia|70\/100\n|\n|-heal|p1a: Cresselia|76\/100|[from] item: Leftovers\n|-damage|p1a: Cresselia|64\/100|[from] Leech Seed|[of] p2a: Breloom\n|upkeep\n|turn|29\n|\n|t:|1700571516\n|move|p1a: Cresselia|Moonblast|p2a: Breloom\n|-supereffective|p2a: Breloom\n|-damage|p2a: Breloom|0 fnt\n|faint|p2a: Breloom\n|\n|-heal|p1a: Cresselia|70\/100|[from] item: Leftovers\n|upkeep\n|\n|t:|1700571524\n|switch|p2a: Iron Moth|Iron Moth|100\/100\n|-damage|p2a: Iron Moth|88\/100|[from] Spikes\n|-enditem|p2a: Iron Moth|Booster Energy\n|-activate|p2a: Iron Moth|ability: Quark Drive|[fromitem]\n|-start|p2a: Iron Moth|quarkdrivespa\n|turn|30\n|\n|t:|1700571534\n|move|p2a: Iron Moth|Fiery Dance|p1a: Cresselia\n|-damage|p1a: Cresselia|50\/100\n|-boost|p2a: Iron Moth|spa|1\n|move|p1a: Cresselia|Calm Mind|p1a: Cresselia\n|-boost|p1a: Cresselia|spa|1\n|-boost|p1a: Cresselia|spd|1\n|\n|-heal|p1a: Cresselia|56\/100|[from] item: Leftovers\n|-damage|p1a: Cresselia|44\/100|[from] Leech Seed|[of] p2a: Iron Moth\n|-heal|p2a: Iron Moth|100\/100|[silent]\n|upkeep\n|turn|31\n|c|\u2606mcdab|:') gg\n|inactive|mcdab has 120 seconds left.\n|\n|t:|1700571540\n|move|p2a: Iron Moth|Fiery Dance|p1a: Cresselia\n|-damage|p1a: Cresselia|21\/100\n|move|p1a: Cresselia|Moonlight|p1a: Cresselia\n|-heal|p1a: Cresselia|71\/100\n|\n|-heal|p1a: Cresselia|77\/100|[from] item: Leftovers\n|-damage|p1a: Cresselia|65\/100|[from] Leech Seed|[of] p2a: Iron Moth\n|upkeep\n|turn|32\n|\n|t:|1700571548\n|move|p2a: Iron Moth|Fiery Dance|p1a: Cresselia\n|-damage|p1a: Cresselia|41\/100\n|move|p1a: Cresselia|Stored Power|p2a: Iron Moth\n|-supereffective|p2a: Iron Moth\n|-damage|p2a: Iron Moth|0 fnt\n|faint|p2a: Iron Moth\n|-end|p2a: Iron Moth|Quark Drive|[silent]\n|\n|-heal|p1a: Cresselia|47\/100|[from] item: Leftovers\n|upkeep\n|\n|t:|1700571550\n|switch|p2a: Gholdengo|Gholdengo|76\/100\n|-damage|p2a: Gholdengo|63\/100|[from] Spikes\n|turn|33\n|c|\u2606poultrigeist|gg\n|\n|t:|1700571556\n|move|p2a: Gholdengo|Make It Rain|p1a: Cresselia\n|-damage|p1a: Cresselia|29\/100\n|-unboost|p2a: Gholdengo|spa|1\n|move|p1a: Cresselia|Stored Power|p2a: Gholdengo\n|-resisted|p2a: Gholdengo\n|-damage|p2a: Gholdengo|9\/100\n|\n|-heal|p1a: Cresselia|35\/100|[from] item: Leftovers\n|-damage|p1a: Cresselia|23\/100|[from] Leech Seed|[of] p2a: Gholdengo\n|-heal|p2a: Gholdengo|26\/100|[silent]\n|upkeep\n|turn|34\n|\n|t:|1700571564\n|move|p2a: Gholdengo|Make It Rain|p1a: Cresselia\n|-damage|p1a: Cresselia|11\/100\n|-unboost|p2a: Gholdengo|spa|1\n|move|p1a: Cresselia|Stored Power|p2a: Gholdengo\n|-resisted|p2a: Gholdengo\n|-damage|p2a: Gholdengo|0 fnt\n|faint|p2a: Gholdengo\n|\n|win|poultrigeist\n|raw|poultrigeist's rating: 1487 &rarr; <strong>1513<\/strong><br \/>(+26 for winning)\n|raw|mcdab's rating: 1604 &rarr; <strong>1578<\/strong><br \/>(-26 for losing)\n|l|\u2606poultrigeist\n","uploadtime":1700571687,"views":4,"p1id":"poultrigeist","p2id":"mcdab","formatid":"gen9ou","rating":1513,"private":0,"password":""}