{"id":"gen9ou-1988447674","p1":"OkJuice100","p2":"CCQB","format":"[Gen 9] OU","log":"|j|\u2606OkJuice100\n|j|\u2606CCQB\n|t:|1699723964\n|gametype|singles\n|player|p1|OkJuice100|266|1207\n|player|p2|CCQB|youngster-gen4dp|1117\n|teamsize|p1|6\n|teamsize|p2|6\n|gen|9\n|tier|[Gen 9] OU\n|rated|\n|rule|Sleep Clause Mod: Limit one foe put to sleep\n|rule|Species Clause: Limit one of each Pok\u00e9mon\n|rule|OHKO Clause: OHKO moves are banned\n|rule|Evasion Items Clause: Evasion items are banned\n|rule|Evasion Moves Clause: Evasion moves are banned\n|rule|Endless Battle Clause: Forcing endless battles is banned\n|rule|HP Percentage Mod: HP is shown in percentages\n|clearpoke\n|poke|p1|Cinderace, F|\n|poke|p1|Greninja-*, F|\n|poke|p1|Slowking-Galar, M|\n|poke|p1|Pelipper, F|\n|poke|p1|Barraskewda, F|\n|poke|p1|Rillaboom, F|\n|poke|p2|Krookodile, F|\n|poke|p2|Clefable, M|\n|poke|p2|Slither Wing|\n|poke|p2|Zapdos|\n|poke|p2|Iron Treads|\n|poke|p2|Ogerpon-Wellspring, F|\n|teampreview\n|inactive|Battle timer is ON: inactive players will automatically lose when time's up. (requested by CCQB)\n|\n|t:|1699723974\n|start\n|switch|p1a: Cinderace|Cinderace, F|100\/100\n|switch|p2a: Zapdos|Zapdos|100\/100\n|turn|1\n|\n|t:|1699723981\n|move|p1a: Cinderace|U-turn|p2a: Zapdos\n|-start|p1a: Cinderace|typechange|Bug|[from] ability: Libero\n|-resisted|p2a: Zapdos\n|-damage|p2a: Zapdos|92\/100\n|-status|p1a: Cinderace|par|[from] ability: Static|[of] p2a: Zapdos\n|\n|t:|1699723986\n|switch|p1a: Slowking|Slowking-Galar, M|100\/100|[from] U-turn\n|move|p2a: Zapdos|Discharge|p1a: Slowking\n|-damage|p1a: Slowking|81\/100\n|\n|upkeep\n|turn|2\n|\n|t:|1699723994\n|move|p2a: Zapdos|Volt Switch|p1a: Slowking\n|-damage|p1a: Slowking|65\/100\n|\n|t:|1699723997\n|switch|p2a: Krookodile|Krookodile, F|100\/100|[from] Volt Switch\n|move|p1a: Slowking|Future Sight|p2a: Krookodile\n|-start|p1a: Slowking|move: Future Sight\n|\n|upkeep\n|turn|3\n|\n|t:|1699724001\n|switch|p1a: Rillaboom|Rillaboom, F|100\/100\n|-fieldstart|move: Grassy Terrain|[from] ability: Grassy Surge|[of] p1a: Rillaboom\n|move|p2a: Krookodile|Knock Off|p1a: Rillaboom\n|-damage|p1a: Rillaboom|56\/100\n|-enditem|p1a: Rillaboom|Leftovers|[from] move: Knock Off|[of] p2a: Krookodile\n|\n|-heal|p1a: Rillaboom|63\/100|[from] Grassy Terrain\n|upkeep\n|turn|4\n|\n|t:|1699724012\n|switch|p2a: Slither Wing|Slither Wing|100\/100\n|move|p1a: Rillaboom|Grassy Glide|p2a: Slither Wing\n|-resisted|p2a: Slither Wing\n|-damage|p2a: Slither Wing|86\/100\n|\n|-end|p2a: Slither Wing|move: Future Sight\n|-supereffective|p2a: Slither Wing\n|-damage|p2a: Slither Wing|0 fnt\n|faint|p2a: Slither Wing\n|-end|p2a: Slither Wing|Protosynthesis|[silent]\n|-heal|p1a: Rillaboom|69\/100|[from] Grassy Terrain\n|upkeep\n|\n|t:|1699724026\n|switch|p2a: Zapdos|Zapdos|92\/100\n|turn|5\n|\n|t:|1699724029\n|move|p1a: Rillaboom|Protect|p1a: Rillaboom\n|-singleturn|p1a: Rillaboom|Protect\n|move|p2a: Zapdos|Volt Switch|p1a: Rillaboom\n|-activate|p1a: Rillaboom|move: Protect\n|\n|-heal|p1a: Rillaboom|75\/100|[from] Grassy Terrain\n|upkeep\n|turn|6\n|\n|t:|1699724039\n|switch|p1a: Cinderace|Cinderace, F|100\/100 par\n|move|p2a: Zapdos|Heat Wave|p1a: Cinderace\n|-resisted|p1a: Cinderace\n|-damage|p1a: Cinderace|83\/100 par\n|\n|-heal|p1a: Cinderace|89\/100 par|[from] Grassy Terrain\n|upkeep\n|turn|7\n|\n|t:|1699724050\n|move|p2a: Zapdos|Discharge|p1a: Cinderace\n|-crit|p1a: Cinderace\n|-damage|p1a: Cinderace|8\/100 par\n|move|p1a: Cinderace|U-turn|p2a: Zapdos\n|-start|p1a: Cinderace|typechange|Bug|[from] ability: Libero\n|-resisted|p2a: Zapdos\n|-damage|p2a: Zapdos|82\/100\n|\n|t:|1699724059\n|switch|p1a: Slowking|Slowking-Galar, M|98\/100|[from] U-turn\n|\n|-heal|p1a: Slowking|100\/100|[from] Grassy Terrain\n|-fieldend|move: Grassy Terrain\n|upkeep\n|turn|8\n|\n|t:|1699724070\n|move|p2a: Zapdos|Volt Switch|p1a: Slowking\n|-damage|p1a: Slowking|85\/100\n|\n|t:|1699724073\n|switch|p2a: Krookodile|Krookodile, F|100\/100|[from] Volt Switch\n|move|p1a: Slowking|Hydro Pump|p2a: Krookodile\n|-supereffective|p2a: Krookodile\n|-damage|p2a: Krookodile|0 fnt\n|faint|p2a: Krookodile\n|\n|upkeep\n|-message|CCQB forfeited.\n|\n|win|OkJuice100\n|raw|OkJuice100's rating: 1207 &rarr; <strong>1226<\/strong><br \/>(+19 for winning)\n|raw|CCQB's rating: 1117 &rarr; <strong>1098<\/strong><br \/>(-19 for losing)\n|l|\u2606CCQB\n","uploadtime":1699724084,"views":21,"p1id":"okjuice100","p2id":"ccqb","formatid":"gen9ou","rating":1098,"private":0,"password":""}