{"id":"gen9ou-1991361129","p1":"Aeterna Act 2","p2":"Meeeerlinpinpin","format":"[Gen 9] OU","log":"|j|\u2606Aeterna Act 2\n|j|\u2606Meeeerlinpinpin\n|t:|1700070707\n|gametype|singles\n|player|p1|Aeterna Act 2|guitarist|1482\n|player|p2|Meeeerlinpinpin|whitney|1392\n|teamsize|p1|6\n|teamsize|p2|6\n|gen|9\n|tier|[Gen 9] OU\n|rated|\n|rule|Sleep Clause Mod: Limit one foe put to sleep\n|rule|Species Clause: Limit one of each Pok\u00e9mon\n|rule|OHKO Clause: OHKO moves are banned\n|rule|Evasion Items Clause: Evasion items are banned\n|rule|Evasion Moves Clause: Evasion moves are banned\n|rule|Endless Battle Clause: Forcing endless battles is banned\n|rule|HP Percentage Mod: HP is shown in percentages\n|clearpoke\n|poke|p1|Samurott-Hisui, M|\n|poke|p1|Great Tusk|\n|poke|p1|Iron Valiant|\n|poke|p1|Kingambit, M|\n|poke|p1|Enamorus, F|\n|poke|p1|Munkidori, M|\n|poke|p2|Ribombee, F|\n|poke|p2|Gholdengo|\n|poke|p2|Great Tusk|\n|poke|p2|Manaphy|\n|poke|p2|Iron Moth|\n|poke|p2|Dragonite, M|\n|teampreview\n|inactive|Battle timer is ON: inactive players will automatically lose when time's up. (requested by Meeeerlinpinpin)\n|\n|t:|1700070728\n|start\n|switch|p1a: Samurott|Samurott-Hisui, M|100\/100\n|switch|p2a: Arachn\u00e9e|Ribombee, F|100\/100\n|turn|1\n|\n|t:|1700070731\n|move|p1a: Samurott|Razor Shell|p2a: Arachn\u00e9e|[miss]\n|-miss|p1a: Samurott|p2a: Arachn\u00e9e\n|move|p2a: Arachn\u00e9e|Sticky Web|p1a: Samurott\n|-sidestart|p1: Aeterna Act 2|move: Sticky Web\n|\n|upkeep\n|turn|2\n|\n|t:|1700070739\n|switch|p1a: Munkidori|Munkidori, M|100\/100\n|move|p2a: Arachn\u00e9e|Moonblast|p1a: Munkidori\n|-resisted|p1a: Munkidori\n|-damage|p1a: Munkidori|79\/100\n|\n|upkeep\n|turn|3\n|\n|t:|1700070743\n|move|p2a: Arachn\u00e9e|Psychic|p1a: Munkidori\n|-damage|p1a: Munkidori|49\/100\n|move|p1a: Munkidori|Psychic|p2a: Arachn\u00e9e\n|-damage|p2a: Arachn\u00e9e|17\/100\n|\n|upkeep\n|turn|4\n|\n|t:|1700070754\n|move|p2a: Arachn\u00e9e|Stun Spore|p1a: Munkidori|[miss]\n|-miss|p2a: Arachn\u00e9e|p1a: Munkidori\n|move|p1a: Munkidori|U-turn|p2a: Arachn\u00e9e\n|-resisted|p2a: Arachn\u00e9e\n|-damage|p2a: Arachn\u00e9e|7\/100\n|\n|t:|1700070766\n|switch|p1a: Great Tusk|Great Tusk|100\/100|[from] U-turn\n|-activate|p1a: Great Tusk|move: Sticky Web\n|-unboost|p1a: Great Tusk|spe|1\n|-enditem|p1a: Great Tusk|Booster Energy\n|-activate|p1a: Great Tusk|ability: Protosynthesis|[fromitem]\n|-start|p1a: Great Tusk|protosynthesisatk\n|\n|upkeep\n|turn|5\n|\n|t:|1700070775\n|switch|p2a: Ficello|Gholdengo|100\/100\n|-item|p2a: Ficello|Air Balloon\n|-terastallize|p1a: Great Tusk|Steel\n|move|p1a: Great Tusk|Rapid Spin|p2a: Ficello\n|-immune|p2a: Ficello\n|\n|upkeep\n|turn|6\n|inactive|Meeeerlinpinpin has 120 seconds left.\n|\n|t:|1700070828\n|move|p2a: Ficello|Nasty Plot|p2a: Ficello\n|-boost|p2a: Ficello|spa|2\n|move|p1a: Great Tusk|Ice Spinner|p2a: Ficello\n|-resisted|p2a: Ficello\n|-damage|p2a: Ficello|82\/100\n|-enditem|p2a: Ficello|Air Balloon\n|\n|upkeep\n|turn|7\n|\n|t:|1700070835\n|move|p2a: Ficello|Make It Rain|p1a: Great Tusk\n|-resisted|p1a: Great Tusk\n|-damage|p1a: Great Tusk|4\/100\n|-unboost|p2a: Ficello|spa|1\n|move|p1a: Great Tusk|Headlong Rush|p2a: Ficello\n|-supereffective|p2a: Ficello\n|-damage|p2a: Ficello|0 fnt\n|-unboost|p1a: Great Tusk|def|1\n|-unboost|p1a: Great Tusk|spd|1\n|faint|p2a: Ficello\n|\n|upkeep\n|\n|t:|1700070842\n|switch|p2a: Arachn\u00e9e|Ribombee, F|7\/100\n|turn|8\n|\n|t:|1700070846\n|-end|p1a: Great Tusk|Protosynthesis|[silent]\n|switch|p1a: Munkidori|Munkidori, M|49\/100\n|move|p2a: Arachn\u00e9e|Psychic|p1a: Munkidori\n|-damage|p1a: Munkidori|18\/100\n|\n|upkeep\n|turn|9\n|\n|t:|1700070856\n|move|p2a: Arachn\u00e9e|Psychic|p1a: Munkidori\n|-damage|p1a: Munkidori|0 fnt\n|faint|p1a: Munkidori\n|\n|upkeep\n|\n|t:|1700070860\n|switch|p1a: Enamorus|Enamorus, F|100\/100\n|turn|10\n|\n|t:|1700070876\n|move|p1a: Enamorus|Moonblast|p2a: Arachn\u00e9e\n|-crit|p2a: Arachn\u00e9e\n|-damage|p2a: Arachn\u00e9e|0 fnt\n|faint|p2a: Arachn\u00e9e\n|\n|upkeep\n|\n|t:|1700070883\n|switch|p2a: Fear Me|Iron Moth|100\/100\n|-enditem|p2a: Fear Me|Booster Energy\n|-activate|p2a: Fear Me|ability: Quark Drive|[fromitem]\n|-start|p2a: Fear Me|quarkdrivespa\n|turn|11\n|\n|t:|1700070892\n|switch|p1a: Samurott|Samurott-Hisui, M|100\/100\n|-activate|p1a: Samurott|move: Sticky Web\n|-unboost|p1a: Samurott|spe|1\n|move|p2a: Fear Me|Fiery Dance|p1a: Samurott\n|-resisted|p1a: Samurott\n|-damage|p1a: Samurott|57\/100\n|-boost|p2a: Fear Me|spa|1\n|\n|upkeep\n|turn|12\n|\n|t:|1700070903\n|move|p2a: Fear Me|Dazzling Gleam|p1a: Samurott\n|-supereffective|p1a: Samurott\n|-damage|p1a: Samurott|0 fnt\n|faint|p1a: Samurott\n|\n|upkeep\n|\n|t:|1700070910\n|switch|p1a: Enamorus|Enamorus, F|100\/100\n|turn|13\n|\n|t:|1700070930\n|-end|p2a: Fear Me|Quark Drive|[silent]\n|switch|p2a: 2Strong4You|Manaphy|100\/100\n|move|p1a: Enamorus|Earth Power|p2a: 2Strong4You\n|-damage|p2a: 2Strong4You|69\/100\n|\n|-heal|p2a: 2Strong4You|76\/100|[from] item: Leftovers\n|upkeep\n|turn|14\n|\n|t:|1700070942\n|switch|p1a: Great Tusk|Great Tusk, tera:Steel|4\/100\n|-activate|p1a: Great Tusk|move: Sticky Web\n|-unboost|p1a: Great Tusk|spe|1\n|move|p2a: 2Strong4You|Tail Glow|p2a: 2Strong4You\n|-boost|p2a: 2Strong4You|spa|3\n|\n|-heal|p2a: 2Strong4You|82\/100|[from] item: Leftovers\n|upkeep\n|turn|15\n|\n|t:|1700070947\n|move|p2a: 2Strong4You|Surf|p1a: Great Tusk\n|-damage|p1a: Great Tusk|0 fnt\n|faint|p1a: Great Tusk\n|-end|p1a: Great Tusk|Protosynthesis|[silent]\n|\n|-heal|p2a: 2Strong4You|88\/100|[from] item: Leftovers\n|upkeep\n|\n|t:|1700070960\n|switch|p1a: Kingambit|Kingambit, M|100\/100\n|-activate|p1a: Kingambit|move: Sticky Web\n|-unboost|p1a: Kingambit|spe|1\n|-activate|p1a: Kingambit|ability: Supreme Overlord\n|-start|p1a: Kingambit|fallen3|[silent]\n|turn|16\n|\n|t:|1700070967\n|move|p2a: 2Strong4You|Surf|p1a: Kingambit\n|-damage|p1a: Kingambit|13\/100\n|move|p1a: Kingambit|Kowtow Cleave|p2a: 2Strong4You\n|-damage|p2a: 2Strong4You|17\/100\n|\n|-heal|p2a: 2Strong4You|23\/100|[from] item: Leftovers\n|-heal|p1a: Kingambit|20\/100|[from] item: Leftovers\n|upkeep\n|turn|17\n|\n|t:|1700070987\n|switch|p2a: Ganesh|Great Tusk|100\/100\n|move|p1a: Kingambit|Sucker Punch||[still]\n|-fail|p1a: Kingambit\n|\n|-heal|p1a: Kingambit|26\/100|[from] item: Leftovers\n|upkeep\n|turn|18\n|\n|t:|1700070997\n|-end|p1a: Kingambit|fallen3|[silent]\n|switch|p1a: Enamorus|Enamorus, F|100\/100\n|move|p2a: Ganesh|Close Combat|p1a: Enamorus\n|-resisted|p1a: Enamorus\n|-damage|p1a: Enamorus|75\/100\n|-unboost|p2a: Ganesh|def|1\n|-unboost|p2a: Ganesh|spd|1\n|\n|upkeep\n|turn|19\n|\n|t:|1700071009\n|move|p1a: Enamorus|Healing Wish|p1a: Enamorus\n|faint|p1a: Enamorus\n|move|p2a: Ganesh|Knock Off|p1: Enamorus|[notarget]\n|-fail|p2a: Ganesh\n|\n|upkeep\n|\n|t:|1700071020\n|switch|p1a: Kingambit|Kingambit, M|26\/100\n|-heal|p1a: Kingambit|100\/100|[from] move: Healing Wish\n|-activate|p1a: Kingambit|move: Sticky Web\n|-unboost|p1a: Kingambit|spe|1\n|-activate|p1a: Kingambit|ability: Supreme Overlord\n|-start|p1a: Kingambit|fallen4|[silent]\n|turn|20\n|\n|t:|1700071029\n|-end|p2a: Ganesh|Protosynthesis|[silent]\n|switch|p2a: 2Strong4You|Manaphy|23\/100\n|-end|p1a: Kingambit|fallen4|[silent]\n|switch|p1a: Iron Valiant|Iron Valiant|100\/100\n|-activate|p1a: Iron Valiant|move: Sticky Web\n|-unboost|p1a: Iron Valiant|spe|1\n|-enditem|p1a: Iron Valiant|Booster Energy\n|-activate|p1a: Iron Valiant|ability: Quark Drive|[fromitem]\n|-start|p1a: Iron Valiant|quarkdriveatk\n|\n|-heal|p2a: 2Strong4You|30\/100|[from] item: Leftovers\n|upkeep\n|turn|21\n|\n|t:|1700071038\n|move|p2a: 2Strong4You|Surf|p1a: Iron Valiant\n|-damage|p1a: Iron Valiant|32\/100\n|move|p1a: Iron Valiant|Knock Off|p2a: 2Strong4You\n|-damage|p2a: 2Strong4You|0 fnt\n|-enditem|p2a: 2Strong4You|Leftovers|[from] move: Knock Off|[of] p1a: Iron Valiant\n|faint|p2a: 2Strong4You\n|\n|upkeep\n|\n|t:|1700071046\n|switch|p2a: Fear Me|Iron Moth|100\/100\n|turn|22\n|\n|t:|1700071049\n|move|p2a: Fear Me|Fiery Dance|p1a: Iron Valiant\n|-damage|p1a: Iron Valiant|0 fnt\n|faint|p1a: Iron Valiant\n|-end|p1a: Iron Valiant|Quark Drive|[silent]\n|\n|upkeep\n|\n|t:|1700071050\n|switch|p1a: Kingambit|Kingambit, M|100\/100\n|-activate|p1a: Kingambit|move: Sticky Web\n|-unboost|p1a: Kingambit|spe|1\n|-activate|p1a: Kingambit|ability: Supreme Overlord\n|-start|p1a: Kingambit|fallen5|[silent]\n|turn|23\n|\n|t:|1700071054\n|move|p2a: Fear Me|Fiery Dance|p1a: Kingambit\n|-supereffective|p1a: Kingambit\n|-damage|p1a: Kingambit|7\/100\n|-boost|p2a: Fear Me|spa|1\n|move|p1a: Kingambit|Kowtow Cleave|p2a: Fear Me\n|-damage|p2a: Fear Me|0 fnt\n|faint|p2a: Fear Me\n|-end|p2a: Fear Me|Quark Drive|[silent]\n|\n|-heal|p1a: Kingambit|13\/100|[from] item: Leftovers\n|upkeep\n|\n|t:|1700071056\n|switch|p2a: FlyingPlush|Dragonite, M|100\/100\n|turn|24\n|\n|t:|1700071062\n|-terastallize|p2a: FlyingPlush|Normal\n|move|p2a: FlyingPlush|Extreme Speed|p1a: Kingambit\n|-resisted|p1a: Kingambit\n|-damage|p1a: Kingambit|0 fnt\n|faint|p1a: Kingambit\n|-end|p1a: Kingambit|fallen5|[silent]\n|\n|win|Meeeerlinpinpin\n|raw|Aeterna Act 2's rating: 1482 &rarr; <strong>1457<\/strong><br \/>(-25 for losing)\n|raw|Meeeerlinpinpin's rating: 1392 &rarr; <strong>1417<\/strong><br \/>(+25 for winning)\n|l|\u2606Aeterna Act 2\n|c|\u2606Meeeerlinpinpin|gg\n","uploadtime":1700071074,"views":13,"p1id":"aeternaact2","p2id":"meeeerlinpinpin","formatid":"gen9ou","rating":1417,"private":0,"password":""}