{"id":"gen9ou-1994037983","p1":"SweatyRon","p2":"Monkeking69","format":"[Gen 9] OU","log":"|j|\u2606SweatyRon\n|j|\u2606Monkeking69\n|t:|1700397948\n|gametype|singles\n|player|p1|SweatyRon|pokefan-gen4|1848\n|player|p2|Monkeking69|raihan-masters|1753\n|teamsize|p1|6\n|teamsize|p2|6\n|gen|9\n|tier|[Gen 9] OU\n|rated|\n|rule|Sleep Clause Mod: Limit one foe put to sleep\n|rule|Species Clause: Limit one of each Pok\u00e9mon\n|rule|OHKO Clause: OHKO moves are banned\n|rule|Evasion Items Clause: Evasion items are banned\n|rule|Evasion Moves Clause: Evasion moves are banned\n|rule|Endless Battle Clause: Forcing endless battles is banned\n|rule|HP Percentage Mod: HP is shown in percentages\n|clearpoke\n|poke|p1|Dragapult, F|\n|poke|p1|Meowscarada, F|\n|poke|p1|Dondozo, F|\n|poke|p1|Heatran, M|\n|poke|p1|Zapdos|\n|poke|p1|Great Tusk|\n|poke|p2|Arcanine-Hisui, M|\n|poke|p2|Dragapult, F|\n|poke|p2|Ogerpon-Wellspring, F|\n|poke|p2|Corviknight, M|\n|poke|p2|Great Tusk|\n|poke|p2|Alomomola, F|\n|teampreview\n|inactive|Battle timer is ON: inactive players will automatically lose when time's up. (requested by SweatyRon)\n|j| Ruinous Tusk\n|\n|t:|1700397962\n|start\n|switch|p1a: Zapdos|Zapdos|100\/100\n|switch|p2a: Sukuna|Arcanine-Hisui, M|100\/100\n|turn|1\n|\n|t:|1700397966\n|switch|p1a: Great Tusk|Great Tusk|100\/100\n|move|p2a: Sukuna|Flare Blitz|p1a: Great Tusk\n|-damage|p1a: Great Tusk|36\/100\n|\n|upkeep\n|turn|2\n|\n|t:|1700397973\n|switch|p2a: Itadori|Alomomola, F|100\/100\n|-end|p1a: Great Tusk|Protosynthesis|[silent]\n|switch|p1a: Heatran|Heatran, M|100\/100\n|\n|upkeep\n|turn|3\n|\n|t:|1700397976\n|switch|p1a: Zapdos|Zapdos|100\/100\n|move|p2a: Itadori|Flip Turn|p1a: Zapdos\n|-damage|p1a: Zapdos|87\/100\n|-damage|p2a: Itadori|84\/100|[from] item: Rocky Helmet|[of] p1a: Zapdos\n|\n|t:|1700397982\n|switch|p2a: Sukuna|Arcanine-Hisui, M|100\/100|[from] Flip Turn\n|\n|upkeep\n|turn|4\n|\n|t:|1700397984\n|switch|p1a: Heatran|Heatran, M|100\/100\n|move|p2a: Sukuna|Head Smash|p1a: Heatran|[miss]\n|-miss|p2a: Sukuna|p1a: Heatran\n|\n|upkeep\n|turn|5\n|\n|t:|1700397989\n|switch|p2a: Gojo|Dragapult, F|100\/100\n|switch|p1a: Great Tusk|Great Tusk|36\/100\n|\n|upkeep\n|turn|6\n|\n|t:|1700397995\n|-end|p1a: Great Tusk|Protosynthesis|[silent]\n|switch|p1a: Heatran|Heatran, M|100\/100\n|move|p2a: Gojo|Shadow Ball|p1a: Heatran\n|-damage|p1a: Heatran|70\/100\n|-unboost|p1a: Heatran|spd|1\n|\n|-heal|p1a: Heatran|76\/100|[from] item: Leftovers\n|upkeep\n|turn|7\n|\n|t:|1700397999\n|switch|p1a: Meowscarada|Meowscarada, F|100\/100\n|move|p2a: Gojo|Shadow Ball|p1a: Meowscarada\n|-resisted|p1a: Meowscarada\n|-damage|p1a: Meowscarada|60\/100\n|\n|upkeep\n|turn|8\n|\n|t:|1700398003\n|switch|p2a: Nanami|Corviknight, M|100\/100\n|-ability|p2a: Nanami|Pressure\n|move|p1a: Meowscarada|Knock Off|p2a: Nanami\n|-start|p1a: Meowscarada|typechange|Dark|[from] ability: Protean\n|-damage|p2a: Nanami|64\/100\n|-enditem|p2a: Nanami|Leftovers|[from] move: Knock Off|[of] p1a: Meowscarada\n|\n|upkeep\n|turn|9\n|\n|t:|1700398009\n|switch|p1a: Zapdos|Zapdos|87\/100\n|move|p2a: Nanami|Roost|p2a: Nanami\n|-heal|p2a: Nanami|100\/100\n|-singleturn|p2a: Nanami|move: Roost\n|\n|upkeep\n|turn|10\n|\n|t:|1700398015\n|move|p1a: Zapdos|Volt Switch|p2a: Nanami\n|-supereffective|p2a: Nanami\n|-damage|p2a: Nanami|58\/100\n|\n|t:|1700398020\n|switch|p1a: Great Tusk|Great Tusk|36\/100|[from] Volt Switch\n|move|p2a: Nanami|U-turn|p1a: Great Tusk\n|-resisted|p1a: Great Tusk\n|-damage|p1a: Great Tusk|31\/100\n|\n|t:|1700398027\n|switch|p2a: Gojo|Dragapult, F|100\/100|[from] U-turn\n|\n|upkeep\n|turn|11\n|\n|t:|1700398030\n|move|p2a: Gojo|Shadow Ball|p1a: Great Tusk\n|-damage|p1a: Great Tusk|0 fnt\n|faint|p1a: Great Tusk\n|-end|p1a: Great Tusk|Protosynthesis|[silent]\n|\n|upkeep\n|\n|t:|1700398035\n|switch|p1a: Heatran|Heatran, M|76\/100\n|turn|12\n|\n|t:|1700398040\n|switch|p2a: Itadori|Alomomola, F|100\/100\n|move|p1a: Heatran|Earth Power|p2a: Itadori\n|-crit|p2a: Itadori\n|-damage|p2a: Itadori|58\/100\n|\n|-heal|p1a: Heatran|82\/100|[from] item: Leftovers\n|upkeep\n|turn|13\n|\n|t:|1700398047\n|move|p1a: Heatran|Stealth Rock|p2a: Itadori\n|-sidestart|p2: Monkeking69|move: Stealth Rock\n|move|p2a: Itadori|Flip Turn|p1a: Heatran\n|-supereffective|p1a: Heatran\n|-damage|p1a: Heatran|56\/100\n|\n|t:|1700398051\n|switch|p2a: Toji|Great Tusk|100\/100|[from] Flip Turn\n|-damage|p2a: Toji|97\/100|[from] Stealth Rock\n|\n|-heal|p2a: Toji|100\/100|[from] item: Leftovers\n|-heal|p1a: Heatran|62\/100|[from] item: Leftovers\n|upkeep\n|turn|14\n|\n|t:|1700398055\n|switch|p1a: Zapdos|Zapdos|87\/100\n|move|p2a: Toji|Rapid Spin|p1a: Zapdos\n|-damage|p1a: Zapdos|73\/100\n|-boost|p2a: Toji|spe|1\n|-damage|p2a: Toji|84\/100|[from] item: Rocky Helmet|[of] p1a: Zapdos\n|-status|p2a: Toji|par|[from] ability: Static|[of] p1a: Zapdos\n|-sideend|p2: Monkeking69|Stealth Rock|[from] move: Rapid Spin|[of] p2a: Toji\n|\n|-heal|p2a: Toji|90\/100 par|[from] item: Leftovers\n|upkeep\n|turn|15\n|\n|t:|1700398060\n|-end|p2a: Toji|Protosynthesis|[silent]\n|switch|p2a: Gojo|Dragapult, F|100\/100\n|move|p1a: Zapdos|Volt Switch|p2a: Gojo\n|-resisted|p2a: Gojo\n|-damage|p2a: Gojo|82\/100\n|\n|t:|1700398066\n|switch|p1a: Meowscarada|Meowscarada, F|60\/100|[from] Volt Switch\n|\n|upkeep\n|turn|16\n|\n|t:|1700398070\n|switch|p2a: Nanami|Corviknight, M|58\/100\n|-ability|p2a: Nanami|Pressure\n|move|p1a: Meowscarada|Knock Off|p2a: Nanami\n|-start|p1a: Meowscarada|typechange|Dark|[from] ability: Protean\n|-damage|p2a: Nanami|31\/100\n|\n|upkeep\n|turn|17\n|\n|t:|1700398076\n|switch|p1a: Heatran|Heatran, M|62\/100\n|move|p2a: Nanami|Roost|p2a: Nanami\n|-heal|p2a: Nanami|81\/100\n|-singleturn|p2a: Nanami|move: Roost\n|\n|-heal|p1a: Heatran|68\/100|[from] item: Leftovers\n|upkeep\n|turn|18\n|\n|t:|1700398079\n|move|p1a: Heatran|Magma Storm|p2a: Nanami|[miss]\n|-miss|p1a: Heatran|p2a: Nanami\n|move|p2a: Nanami|Defog|p1a: Heatran\n|-unboost|p1a: Heatran|evasion|1\n|\n|-heal|p1a: Heatran|75\/100|[from] item: Leftovers\n|upkeep\n|turn|19\n|\n|t:|1700398087\n|switch|p2a: Itadori|Alomomola, F|92\/100\n|move|p1a: Heatran|Magma Storm|p2a: Itadori|[miss]\n|-miss|p1a: Heatran|p2a: Itadori\n|\n|-heal|p1a: Heatran|81\/100|[from] item: Leftovers\n|upkeep\n|turn|20\n|\n|t:|1700398093\n|switch|p1a: Zapdos|Zapdos|73\/100\n|move|p2a: Itadori|Flip Turn|p1a: Zapdos\n|-damage|p1a: Zapdos|61\/100\n|-damage|p2a: Itadori|75\/100|[from] item: Rocky Helmet|[of] p1a: Zapdos\n|\n|t:|1700398098\n|switch|p2a: Gojo|Dragapult, F|82\/100|[from] Flip Turn\n|\n|upkeep\n|turn|21\n|\n|t:|1700398102\n|move|p2a: Gojo|Shadow Ball|p1a: Zapdos\n|-damage|p1a: Zapdos|8\/100\n|move|p1a: Zapdos|Hurricane|p2a: Gojo\n|-damage|p2a: Gojo|21\/100\n|\n|upkeep\n|turn|22\n|\n|t:|1700398110\n|move|p2a: Gojo|Shadow Ball|p1a: Zapdos\n|-damage|p1a: Zapdos|0 fnt\n|faint|p1a: Zapdos\n|\n|upkeep\n|\n|t:|1700398113\n|switch|p1a: Meowscarada|Meowscarada, F|60\/100\n|turn|23\n|\n|t:|1700398119\n|switch|p2a: Itadori|Alomomola, F|100\/100\n|move|p1a: Meowscarada|U-turn|p2a: Itadori\n|-start|p1a: Meowscarada|typechange|Bug|[from] ability: Protean\n|-damage|p2a: Itadori|81\/100\n|-damage|p1a: Meowscarada|43\/100|[from] item: Rocky Helmet|[of] p2a: Itadori\n|\n|t:|1700398128\n|switch|p1a: Dragapult|Dragapult, F|100\/100|[from] U-turn\n|\n|upkeep\n|turn|24\n|\n|t:|1700398142\n|-terastallize|p1a: Dragapult|Dragon\n|move|p2a: Itadori|Protect|p2a: Itadori\n|-singleturn|p2a: Itadori|Protect\n|move|p1a: Dragapult|Dragon Darts|p2a: Itadori\n|-activate|p2a: Itadori|move: Protect\n|\n|upkeep\n|turn|25\n|\n|t:|1700398159\n|switch|p2a: Nanami|Corviknight, M|81\/100\n|-ability|p2a: Nanami|Pressure\n|move|p1a: Dragapult|Dragon Darts|p2a: Nanami\n|-resisted|p2a: Nanami\n|-damage|p2a: Nanami|58\/100\n|-anim|p1a: Dragapult|Dragon Darts|p2a: Nanami\n|-resisted|p2a: Nanami\n|-damage|p2a: Nanami|35\/100\n|\n|upkeep\n|turn|26\n|c|\u2606Monkeking69|good lord\n|\n|t:|1700398172\n|switch|p2a: Itadori|Alomomola, F|100\/100\n|move|p1a: Dragapult|Dragon Darts|p2a: Itadori\n|-damage|p2a: Itadori|71\/100\n|-anim|p1a: Dragapult|Dragon Darts|p2a: Itadori\n|-damage|p2a: Itadori|41\/100\n|\n|upkeep\n|turn|27\n|j| Too Many Caps\n|\n|t:|1700398179\n|-terastallize|p2a: Itadori|Fairy\n|move|p1a: Dragapult|Dragon Darts|p2a: Itadori\n|-immune|p2a: Itadori\n|move|p2a: Itadori|Wish|p2a: Itadori\n|\n|upkeep\n|turn|28\n|\n|t:|1700398193\n|switch|p1a: Heatran|Heatran, M|81\/100\n|move|p2a: Itadori|Flip Turn|p1a: Heatran\n|-supereffective|p1a: Heatran\n|-damage|p1a: Heatran|55\/100\n|\n|t:|1700398197\n|switch|p2a: Gojo|Dragapult, F|21\/100|[from] Flip Turn\n|\n|-heal|p2a: Gojo|100\/100|[from] move: Wish|[wisher] Itadori\n|-heal|p1a: Heatran|62\/100|[from] item: Leftovers\n|upkeep\n|turn|29\n|\n|t:|1700398203\n|move|p2a: Gojo|U-turn|p1a: Heatran\n|-resisted|p1a: Heatran\n|-damage|p1a: Heatran|58\/100\n|\n|t:|1700398206\n|switch|p2a: Sukuna|Arcanine-Hisui, M|100\/100|[from] U-turn\n|move|p1a: Heatran|Magma Storm|p2a: Sukuna|[miss]\n|-miss|p1a: Heatran|p2a: Sukuna\n|\n|-heal|p1a: Heatran|64\/100|[from] item: Leftovers\n|upkeep\n|turn|30\n|\n|t:|1700398208\n|move|p2a: Sukuna|Head Smash|p1a: Heatran\n|-damage|p1a: Heatran|0 fnt\n|faint|p1a: Heatran\n|\n|upkeep\n|-message|SweatyRon forfeited.\n|\n|win|Monkeking69\n|raw|SweatyRon's rating: 1848 &rarr; <strong>1823<\/strong><br \/>(-25 for losing)\n|raw|Monkeking69's rating: 1753 &rarr; <strong>1778<\/strong><br \/>(+25 for winning)\n|l|\u2606SweatyRon\n","uploadtime":1700398214,"views":10,"p1id":"sweatyron","p2id":"monkeking69","formatid":"gen9ou","rating":1778,"private":0,"password":""}