{"id":"gen9ou-1990081978","p1":"coolmanbestguy123","p2":"SDK04","format":"[Gen 9] OU","log":"|j|\u2606coolmanbestguy123\n|j|\u2606SDK04\n|inactive|Battle timer is ON: inactive players will automatically lose when time's up.\n|t:|1699922598\n|gametype|singles\n|player|p1|coolmanbestguy123|volo|\n|player|p2|SDK04|unknown|\n|teamsize|p1|6\n|teamsize|p2|6\n|gen|9\n|tier|[Gen 9] OU\n|rated|Tournament battle\n|rule|Sleep Clause Mod: Limit one foe put to sleep\n|rule|Species Clause: Limit one of each Pok\u00e9mon\n|rule|OHKO Clause: OHKO moves are banned\n|rule|Evasion Items Clause: Evasion items are banned\n|rule|Evasion Moves Clause: Evasion moves are banned\n|rule|Endless Battle Clause: Forcing endless battles is banned\n|rule|HP Percentage Mod: HP is shown in percentages\n|clearpoke\n|poke|p1|Charizard, F|\n|poke|p1|Torkoal, F|\n|poke|p1|Maushold|\n|poke|p1|Clefable, M|\n|poke|p1|Walking Wake|\n|poke|p1|Garchomp, F|\n|poke|p2|Ninetales-Alola, M|\n|poke|p2|Ogerpon-Wellspring, F|\n|poke|p2|Mew|\n|poke|p2|Kingambit, M|\n|poke|p2|Gholdengo|\n|poke|p2|Maushold|\n|teampreview\n|inactive|coolmanbestguy123 also wants the timer to be on.\n|j|@Disorient\n|j| env inspector\n|j| TheNewBrends11@!\n|\n|t:|1699922625\n|start\n|switch|p1a: Torkoal|Torkoal, F|100\/100\n|switch|p2a: cool window|Ninetales-Alola, M|100\/100\n|-weather|Snow|[from] ability: Snow Warning|[of] p2a: cool window\n|-weather|SunnyDay|[from] ability: Drought|[of] p1a: Torkoal\n|turn|1\n|j| The Great Eclipse\n|\n|t:|1699922634\n|move|p2a: cool window|Snowscape|p2a: cool window\n|-weather|Snow\n|move|p1a: Torkoal|Stealth Rock|p2a: cool window\n|-sidestart|p2: SDK04|move: Stealth Rock\n|\n|-weather|Snow|[upkeep]\n|upkeep\n|turn|2\n|\n|t:|1699922646\n|switch|p1a: Maushold|Maushold|100\/100\n|move|p2a: cool window|Aurora Veil|p2a: cool window\n|-sidestart|p2: SDK04|move: Aurora Veil\n|\n|-weather|Snow|[upkeep]\n|upkeep\n|turn|3\n|\n|t:|1699922652\n|switch|p1a: Torkoal|Torkoal, F|100\/100\n|-weather|SunnyDay|[from] ability: Drought|[of] p1a: Torkoal\n|switch|p2a: Malicious Charity|Gholdengo|100\/100\n|-damage|p2a: Malicious Charity|94\/100|[from] Stealth Rock\n|-item|p2a: Malicious Charity|Air Balloon\n|\n|-weather|SunnyDay|[upkeep]\n|upkeep\n|turn|4\n|\n|t:|1699922671\n|move|p2a: Malicious Charity|Nasty Plot|p2a: Malicious Charity\n|-boost|p2a: Malicious Charity|spa|2\n|move|p1a: Torkoal|Lava Plume|p2a: Malicious Charity\n|-supereffective|p2a: Malicious Charity\n|-damage|p2a: Malicious Charity|48\/100\n|-enditem|p2a: Malicious Charity|Air Balloon\n|\n|-weather|SunnyDay|[upkeep]\n|upkeep\n|turn|5\n|\n|t:|1699922686\n|switch|p1a: Maushold|Maushold|100\/100\n|move|p2a: Malicious Charity|Dazzling Gleam|p1a: Maushold\n|-damage|p1a: Maushold|13\/100\n|\n|-weather|SunnyDay|[upkeep]\n|upkeep\n|turn|6\n|c|@Disorient|I been just goin Zard on Gholds\n|\n|t:|1699922699\n|move|p1a: Maushold|Bite|p2a: Malicious Charity\n|-supereffective|p2a: Malicious Charity\n|-damage|p2a: Malicious Charity|23\/100\n|move|p2a: Malicious Charity|Dazzling Gleam|p1a: Maushold\n|-damage|p1a: Maushold|0 fnt\n|faint|p1a: Maushold\n|\n|-weather|SunnyDay|[upkeep]\n|upkeep\n|\n|t:|1699922706\n|switch|p1a: Charizard|Charizard, F|100\/100\n|turn|7\n|\n|t:|1699922711\n|move|p1a: Charizard|Flamethrower|p2a: Malicious Charity\n|-supereffective|p2a: Malicious Charity\n|-damage|p2a: Malicious Charity|0 fnt\n|faint|p2a: Malicious Charity\n|\n|-weather|SunnyDay|[upkeep]\n|-damage|p1a: Charizard|88\/100|[from] ability: Solar Power|[of] p1a: Charizard\n|upkeep\n|\n|t:|1699922719\n|switch|p2a: cool window|Ninetales-Alola, M|100\/100\n|-damage|p2a: cool window|76\/100|[from] Stealth Rock\n|-weather|Snow|[from] ability: Snow Warning|[of] p2a: cool window\n|turn|8\n|c|\u2606coolmanbestguy123|i missplayed :agony:\n|\n|t:|1699922725\n|move|p2a: cool window|Snowscape||[still]\n|-fail|p2a: cool window\n|move|p1a: Charizard|Flamethrower|p2a: cool window\n|-supereffective|p2a: cool window\n|-damage|p2a: cool window|15\/100\n|\n|-weather|Snow|[upkeep]\n|upkeep\n|turn|9\n|j| ShubhS98\n|j| SPEBSQSA\n|\n|t:|1699922751\n|move|p2a: cool window|Freeze-Dry|p1a: Charizard\n|-damage|p1a: Charizard|62\/100\n|move|p1a: Charizard|Flamethrower|p2a: cool window\n|-supereffective|p2a: cool window\n|-damage|p2a: cool window|0 fnt\n|faint|p2a: cool window\n|\n|-weather|Snow|[upkeep]\n|-sideend|p2: SDK04|move: Aurora Veil\n|upkeep\n|\n|t:|1699922753\n|switch|p2a: Maushold|Maushold|100\/100\n|-damage|p2a: Maushold|88\/100|[from] Stealth Rock\n|turn|10\n|\n|t:|1699922760\n|switch|p1a: Torkoal|Torkoal, F|100\/100\n|-weather|SunnyDay|[from] ability: Drought|[of] p1a: Torkoal\n|move|p2a: Maushold|Tidy Up|p2a: Maushold\n|-sideend|p2: SDK04|Stealth Rock\n|-activate|p2a: Maushold|move: Tidy Up\n|-boost|p2a: Maushold|atk|1\n|-boost|p2a: Maushold|spe|1\n|\n|-weather|SunnyDay|[upkeep]\n|upkeep\n|turn|11\n|\n|t:|1699922765\n|move|p2a: Maushold|Population Bomb|p1a: Torkoal\n|-damage|p1a: Torkoal|91\/100\n|-damage|p1a: Torkoal|82\/100\n|-damage|p1a: Torkoal|72\/100\n|-hitcount|p1a: Torkoal|3\n|move|p1a: Torkoal|Will-O-Wisp|p2a: Maushold\n|-status|p2a: Maushold|brn\n|\n|-weather|SunnyDay|[upkeep]\n|-damage|p2a: Maushold|82\/100 brn|[from] brn\n|upkeep\n|turn|12\n|c|\u2606coolmanbestguy123|unlucky\n|c|@Disorient|non wide lens\n|c|\u2606SDK04|It is Wide Lens\n|\n|t:|1699922793\n|switch|p1a: Walking Wake|Walking Wake|100\/100\n|-activate|p1a: Walking Wake|ability: Protosynthesis\n|-start|p1a: Walking Wake|protosynthesisspe\n|move|p2a: Maushold|Encore||[still]\n|-fail|p2a: Maushold\n|\n|-weather|SunnyDay|[upkeep]\n|-damage|p2a: Maushold|76\/100 brn|[from] brn\n|upkeep\n|turn|13\n|c|@Disorient|oh rip\n|c|\u2606SDK04|99% my ass\n|\n|t:|1699922801\n|move|p2a: Maushold|Population Bomb|p1a: Walking Wake\n|-damage|p1a: Walking Wake|92\/100\n|-damage|p1a: Walking Wake|83\/100\n|-damage|p1a: Walking Wake|74\/100\n|-crit|p1a: Walking Wake\n|-damage|p1a: Walking Wake|62\/100\n|-damage|p1a: Walking Wake|53\/100\n|-damage|p1a: Walking Wake|44\/100\n|-damage|p1a: Walking Wake|35\/100\n|-damage|p1a: Walking Wake|27\/100\n|-damage|p1a: Walking Wake|17\/100\n|-damage|p1a: Walking Wake|8\/100\n|-hitcount|p1a: Walking Wake|10\n|move|p1a: Walking Wake|Flamethrower|p2a: Maushold\n|-damage|p2a: Maushold|0 fnt\n|faint|p2a: Maushold\n|\n|-weather|SunnyDay|[upkeep]\n|upkeep\n|\n|t:|1699922813\n|switch|p2a: \u201cI win\u201d button|Ogerpon-Wellspring, F|100\/100\n|turn|14\n|\n|t:|1699922822\n|move|p1a: Walking Wake|Flamethrower|p2a: \u201cI win\u201d button\n|-damage|p2a: \u201cI win\u201d button|21\/100\n|move|p2a: \u201cI win\u201d button|Ivy Cudgel|p1a: Walking Wake\n|-resisted|p1a: Walking Wake\n|-damage|p1a: Walking Wake|0 fnt\n|faint|p1a: Walking Wake\n|-end|p1a: Walking Wake|Protosynthesis|[silent]\n|\n|-weather|SunnyDay|[upkeep]\n|upkeep\n|\n|t:|1699922830\n|switch|p1a: Clefable|Clefable, M|100\/100\n|turn|15\n|c|@Disorient|where the tera\n|\n|t:|1699922836\n|move|p2a: \u201cI win\u201d button|Ivy Cudgel|p1a: Clefable\n|-damage|p1a: Clefable|67\/100\n|move|p1a: Clefable|Moonblast|p2a: \u201cI win\u201d button\n|-damage|p2a: \u201cI win\u201d button|0 fnt\n|faint|p2a: \u201cI win\u201d button\n|\n|-weather|SunnyDay|[upkeep]\n|-heal|p1a: Clefable|73\/100|[from] item: Leftovers\n|upkeep\n|\n|t:|1699922838\n|switch|p2a: Cheese Demon|Mew|100\/100\n|turn|16\n|\n|t:|1699922851\n|switch|p1a: Torkoal|Torkoal, F|72\/100\n|move|p2a: Cheese Demon|Agility|p2a: Cheese Demon\n|-boost|p2a: Cheese Demon|spe|2\n|\n|-weather|SunnyDay|[upkeep]\n|upkeep\n|turn|17\n|j| IConsumeChairs\n|\n|t:|1699922855\n|move|p2a: Cheese Demon|Calm Mind|p2a: Cheese Demon\n|-boost|p2a: Cheese Demon|spa|1\n|-boost|p2a: Cheese Demon|spd|1\n|move|p1a: Torkoal|Will-O-Wisp|p2a: Cheese Demon|[miss]\n|-miss|p1a: Torkoal|p2a: Cheese Demon\n|\n|-weather|none\n|upkeep\n|turn|18\n|c|\u2606coolmanbestguy123|no healing\n|c|\u2606coolmanbestguy123|ru srs rn\n|\n|t:|1699922866\n|move|p2a: Cheese Demon|Calm Mind|p2a: Cheese Demon\n|-boost|p2a: Cheese Demon|spa|1\n|-boost|p2a: Cheese Demon|spd|1\n|move|p1a: Torkoal|Will-O-Wisp|p2a: Cheese Demon\n|-status|p2a: Cheese Demon|brn\n|-activate|p2a: Cheese Demon|ability: Synchronize\n|-immune|p1a: Torkoal\n|\n|-damage|p2a: Cheese Demon|94\/100 brn|[from] brn\n|upkeep\n|turn|19\n|\n|t:|1699922878\n|switch|p1a: Garchomp|Garchomp, F|100\/100\n|move|p2a: Cheese Demon|Calm Mind|p2a: Cheese Demon\n|-boost|p2a: Cheese Demon|spa|1\n|-boost|p2a: Cheese Demon|spd|1\n|\n|-heal|p2a: Cheese Demon|100\/100 brn|[from] item: Leftovers\n|-damage|p2a: Cheese Demon|94\/100 brn|[from] brn\n|upkeep\n|turn|20\n|\n|t:|1699922886\n|move|p2a: Cheese Demon|Draining Kiss|p1a: Garchomp\n|-supereffective|p1a: Garchomp\n|-damage|p1a: Garchomp|19\/100\n|-heal|p2a: Cheese Demon|100\/100 brn|[from] drain|[of] p1a: Garchomp\n|-damage|p2a: Cheese Demon|88\/100 brn|[from] ability: Rough Skin|[of] p1a: Garchomp\n|move|p1a: Garchomp|Substitute|p1a: Garchomp\n|-fail|p1a: Garchomp|move: Substitute|[weak]\n|\n|-heal|p2a: Cheese Demon|94\/100 brn|[from] item: Leftovers\n|-heal|p1a: Garchomp|25\/100|[from] item: Leftovers\n|-damage|p2a: Cheese Demon|88\/100 brn|[from] brn\n|upkeep\n|turn|21\n|j| Strategist Citrine\n|\n|t:|1699922892\n|move|p2a: Cheese Demon|Draining Kiss|p1a: Garchomp\n|-supereffective|p1a: Garchomp\n|-damage|p1a: Garchomp|0 fnt\n|-heal|p2a: Cheese Demon|100\/100 brn|[from] drain|[of] p1a: Garchomp\n|-damage|p2a: Cheese Demon|88\/100 brn|[from] ability: Rough Skin|[of] p1a: Garchomp\n|faint|p1a: Garchomp\n|\n|-heal|p2a: Cheese Demon|94\/100 brn|[from] item: Leftovers\n|-damage|p2a: Cheese Demon|88\/100 brn|[from] brn\n|upkeep\n|\n|t:|1699922897\n|switch|p1a: Torkoal|Torkoal, F|72\/100\n|-weather|SunnyDay|[from] ability: Drought|[of] p1a: Torkoal\n|turn|22\n|\n|t:|1699922911\n|move|p2a: Cheese Demon|Stored Power|p1a: Torkoal\n|-damage|p1a: Torkoal|0 fnt\n|faint|p1a: Torkoal\n|\n|-weather|SunnyDay|[upkeep]\n|-heal|p2a: Cheese Demon|94\/100 brn|[from] item: Leftovers\n|-damage|p2a: Cheese Demon|88\/100 brn|[from] brn\n|upkeep\n|\n|t:|1699922918\n|switch|p1a: Clefable|Clefable, M|73\/100\n|turn|23\n|\n|t:|1699922921\n|move|p2a: Cheese Demon|Stored Power|p1a: Clefable\n|-crit|p1a: Clefable\n|-damage|p1a: Clefable|0 fnt\n|faint|p1a: Clefable\n|\n|-weather|SunnyDay|[upkeep]\n|-heal|p2a: Cheese Demon|94\/100 brn|[from] item: Leftovers\n|-damage|p2a: Cheese Demon|88\/100 brn|[from] brn\n|upkeep\n|\n|t:|1699922924\n|switch|p1a: Charizard|Charizard, F|62\/100\n|turn|24\n|\n|t:|1699922928\n|-terastallize|p2a: Cheese Demon|Fairy\n|move|p2a: Cheese Demon|Draining Kiss|p1a: Charizard\n|-resisted|p1a: Charizard\n|-damage|p1a: Charizard|13\/100\n|-heal|p2a: Cheese Demon|100\/100 brn|[from] drain|[of] p1a: Charizard\n|move|p1a: Charizard|Overheat|p2a: Cheese Demon\n|-damage|p2a: Cheese Demon|25\/100 brn\n|-unboost|p1a: Charizard|spa|2\n|\n|-weather|SunnyDay|[upkeep]\n|-damage|p1a: Charizard|0 fnt|[from] ability: Solar Power|[of] p1a: Charizard\n|faint|p1a: Charizard\n|\n|win|SDK04\n|upkeep\n|n|\u2606coolmanbestguy123|coolmanbestguy123\n|n|\u2606SDK04|sdk04\n|n|+Disorient|disorient\n|n| env inspector|envinspector\n|n| TheNewBrends11@!|thenewbrends11\n|n| The Great Eclipse|thegreateclipse\n|n| ShubhS98|shubhs98\n|n| SPEBSQSA|spebsqsa\n|n| IConsumeChairs|iconsumechairs\n|n| Strategist Citrine|strategistcitrine\n","uploadtime":1699922935,"views":8,"p1id":"coolmanbestguy123","p2id":"sdk04","formatid":"gen9ou","rating":0,"private":0,"password":""}