{"id":"gen9ou-1997058008","p1":"Ombre Nomade","p2":"teszting","format":"[Gen 9] OU","log":"|j|\u2606Ombre Nomade\n|j|\u2606teszting\n|t:|1700760274\n|gametype|singles\n|player|p1|Ombre Nomade|rocketexecutive-gen2|1667\n|player|p2|teszting|acetrainersnowf|1682\n|teamsize|p1|6\n|teamsize|p2|6\n|gen|9\n|tier|[Gen 9] OU\n|rated|\n|rule|Sleep Clause Mod: Limit one foe put to sleep\n|rule|Species Clause: Limit one of each Pok\u00e9mon\n|rule|OHKO Clause: OHKO moves are banned\n|rule|Evasion Items Clause: Evasion items are banned\n|rule|Evasion Moves Clause: Evasion moves are banned\n|rule|Endless Battle Clause: Forcing endless battles is banned\n|rule|HP Percentage Mod: HP is shown in percentages\n|clearpoke\n|poke|p1|Zamazenta-*|\n|poke|p1|Ogerpon-Wellspring, F|\n|poke|p1|Great Tusk|\n|poke|p1|Enamorus, F|\n|poke|p1|Mandibuzz, F|\n|poke|p1|Heatran, F|\n|poke|p2|Great Tusk|\n|poke|p2|Tornadus-Therian, M|\n|poke|p2|Heatran, F|\n|poke|p2|Iron Valiant|\n|poke|p2|Toxapex, F|\n|poke|p2|Samurott-Hisui, M|\n|teampreview\n|\n|t:|1700760294\n|start\n|switch|p1a: Cameltoe|Ogerpon-Wellspring, F|100\/100\n|switch|p2a: Tornadus|Tornadus-Therian, M|100\/100\n|turn|1\n|inactive|Battle timer is ON: inactive players will automatically lose when time's up. (requested by Ombre Nomade)\n|\n|t:|1700760302\n|-terastallize|p1a: Cameltoe|Water\n|detailschange|p1a: Cameltoe|Ogerpon-Wellspring-Tera, F, tera:Water\n|-ability|p1a: Cameltoe|Embody Aspect (Wellspring)|boost\n|-boost|p1a: Cameltoe|spd|1\n|move|p2a: Tornadus|Bleakwind Storm|p1a: Cameltoe\n|-damage|p1a: Cameltoe|73\/100\n|move|p1a: Cameltoe|Knock Off|p2a: Tornadus\n|-damage|p2a: Tornadus|58\/100\n|-enditem|p2a: Tornadus|Assault Vest|[from] move: Knock Off|[of] p1a: Cameltoe\n|\n|upkeep\n|turn|2\n|\n|t:|1700760311\n|move|p2a: Tornadus|U-turn|p1a: Cameltoe\n|-damage|p1a: Cameltoe|54\/100\n|\n|t:|1700760314\n|switch|p2a: Toxapex|Toxapex, F|100\/100|[from] U-turn\n|move|p1a: Cameltoe|Ivy Cudgel|p2a: Toxapex|[anim] Ivy Cudgel Water\n|-resisted|p2a: Toxapex\n|-damage|p2a: Toxapex|73\/100\n|\n|-heal|p2a: Toxapex|79\/100|[from] item: Leftovers\n|upkeep\n|turn|3\n|\n|t:|1700760322\n|move|p1a: Cameltoe|U-turn|p2a: Toxapex\n|-resisted|p2a: Toxapex\n|-damage|p2a: Toxapex|71\/100\n|\n|t:|1700760324\n|switch|p1a: Gen4 Stans Rise Up|Heatran, F, shiny|100\/100|[from] U-turn\n|move|p2a: Toxapex|Haze|p2a: Toxapex\n|-clearallboost\n|\n|-heal|p2a: Toxapex|77\/100|[from] item: Leftovers\n|upkeep\n|turn|4\n|\n|t:|1700760332\n|switch|p2a: Tornadus|Tornadus-Therian, M|91\/100\n|move|p1a: Gen4 Stans Rise Up|Stealth Rock|p2a: Tornadus\n|-sidestart|p2: teszting|move: Stealth Rock\n|\n|upkeep\n|turn|5\n|\n|t:|1700760335\n|move|p2a: Tornadus|Knock Off|p1a: Gen4 Stans Rise Up\n|-damage|p1a: Gen4 Stans Rise Up|84\/100\n|-enditem|p1a: Gen4 Stans Rise Up|Leftovers|[from] move: Knock Off|[of] p2a: Tornadus\n|move|p1a: Gen4 Stans Rise Up|Magma Storm|p2a: Tornadus\n|-damage|p2a: Tornadus|49\/100\n|-activate|p2a: Tornadus|move: Magma Storm|[of] p1a: Gen4 Stans Rise Up\n|\n|-damage|p2a: Tornadus|36\/100|[from] move: Magma Storm|[partiallytrapped]\n|upkeep\n|turn|6\n|\n|t:|1700760338\n|move|p1a: Gen4 Stans Rise Up|Protect|p1a: Gen4 Stans Rise Up\n|-singleturn|p1a: Gen4 Stans Rise Up|Protect\n|move|p2a: Tornadus|U-turn|p1a: Gen4 Stans Rise Up\n|-activate|p1a: Gen4 Stans Rise Up|move: Protect\n|\n|-damage|p2a: Tornadus|24\/100|[from] move: Magma Storm|[partiallytrapped]\n|upkeep\n|turn|7\n|\n|t:|1700760341\n|move|p2a: Tornadus|U-turn|p1a: Gen4 Stans Rise Up\n|-resisted|p1a: Gen4 Stans Rise Up\n|-damage|p1a: Gen4 Stans Rise Up|81\/100\n|\n|t:|1700760349\n|switch|p2a: Great Tusk|Great Tusk|100\/100|[from] U-turn\n|move|p1a: Gen4 Stans Rise Up|Magma Storm|p2a: Great Tusk|[miss]\n|-miss|p1a: Gen4 Stans Rise Up|p2a: Great Tusk\n|\n|upkeep\n|turn|8\n|\n|t:|1700760356\n|switch|p1a: Corviknight Hater|Mandibuzz, F|100\/100\n|move|p2a: Great Tusk|Stealth Rock|p1a: Corviknight Hater\n|-sidestart|p1: Ombre Nomade|move: Stealth Rock\n|\n|upkeep\n|turn|9\n|\n|t:|1700760361\n|move|p2a: Great Tusk|Rapid Spin|p1a: Corviknight Hater\n|-damage|p1a: Corviknight Hater|89\/100\n|-boost|p2a: Great Tusk|spe|1\n|-sideend|p2: teszting|Stealth Rock|[from] move: Rapid Spin|[of] p2a: Great Tusk\n|move|p1a: Corviknight Hater|Toxic|p2a: Great Tusk\n|-status|p2a: Great Tusk|tox\n|\n|-damage|p2a: Great Tusk|94\/100 tox|[from] psn\n|upkeep\n|turn|10\n|\n|t:|1700760365\n|-end|p2a: Great Tusk|Protosynthesis|[silent]\n|switch|p2a: Iron Valiant|Iron Valiant|100\/100\n|move|p1a: Corviknight Hater|Knock Off|p2a: Iron Valiant\n|-resisted|p2a: Iron Valiant\n|-damage|p2a: Iron Valiant|93\/100\n|-enditem|p2a: Iron Valiant|Heavy-Duty Boots|[from] move: Knock Off|[of] p1a: Corviknight Hater\n|\n|upkeep\n|turn|11\n|\n|t:|1700760373\n|move|p2a: Iron Valiant|Moonblast|p1a: Corviknight Hater\n|-supereffective|p1a: Corviknight Hater\n|-damage|p1a: Corviknight Hater|28\/100\n|move|p1a: Corviknight Hater|Roost|p1a: Corviknight Hater\n|-heal|p1a: Corviknight Hater|78\/100\n|-singleturn|p1a: Corviknight Hater|move: Roost\n|\n|upkeep\n|turn|12\n|\n|t:|1700760381\n|move|p2a: Iron Valiant|Moonblast|p1a: Corviknight Hater\n|-supereffective|p1a: Corviknight Hater\n|-damage|p1a: Corviknight Hater|22\/100\n|move|p1a: Corviknight Hater|Toxic|p2a: Iron Valiant\n|-status|p2a: Iron Valiant|tox\n|\n|-damage|p2a: Iron Valiant|87\/100 tox|[from] psn\n|upkeep\n|turn|13\n|\n|t:|1700760395\n|switch|p1a: 8bitremix|Great Tusk|100\/100\n|-damage|p1a: 8bitremix|97\/100|[from] Stealth Rock\n|move|p2a: Iron Valiant|Close Combat|p1a: 8bitremix\n|-crit|p1a: 8bitremix\n|-damage|p1a: 8bitremix|50\/100\n|-unboost|p2a: Iron Valiant|def|1\n|-unboost|p2a: Iron Valiant|spd|1\n|\n|-heal|p1a: 8bitremix|57\/100|[from] item: Leftovers\n|-damage|p2a: Iron Valiant|75\/100 tox|[from] psn\n|upkeep\n|turn|14\n|\n|t:|1700760402\n|move|p2a: Iron Valiant|Moonblast|p1a: 8bitremix\n|-supereffective|p1a: 8bitremix\n|-damage|p1a: 8bitremix|0 fnt\n|faint|p1a: 8bitremix\n|-end|p1a: 8bitremix|Protosynthesis|[silent]\n|\n|-damage|p2a: Iron Valiant|56\/100 tox|[from] psn\n|upkeep\n|\n|t:|1700760407\n|switch|p1a: Dragosta Din Tei|Zamazenta|100\/100\n|-damage|p1a: Dragosta Din Tei|94\/100|[from] Stealth Rock\n|-ability|p1a: Dragosta Din Tei|Dauntless Shield|boost\n|-boost|p1a: Dragosta Din Tei|def|1\n|turn|15\n|\n|t:|1700760413\n|-end|p2a: Iron Valiant|Quark Drive|[silent]\n|switch|p2a: Toxapex|Toxapex, F|100\/100\n|move|p1a: Dragosta Din Tei|Heavy Slam|p2a: Toxapex\n|-resisted|p2a: Toxapex\n|-damage|p2a: Toxapex|90\/100\n|\n|-heal|p1a: Dragosta Din Tei|100\/100|[from] item: Leftovers\n|-heal|p2a: Toxapex|96\/100|[from] item: Leftovers\n|upkeep\n|turn|16\n|\n|t:|1700760416\n|move|p1a: Dragosta Din Tei|Substitute|p1a: Dragosta Din Tei\n|-start|p1a: Dragosta Din Tei|Substitute\n|-damage|p1a: Dragosta Din Tei|76\/100\n|move|p2a: Toxapex|Toxic Spikes|p1a: Dragosta Din Tei\n|-sidestart|p1: Ombre Nomade|move: Toxic Spikes\n|\n|-heal|p1a: Dragosta Din Tei|82\/100|[from] item: Leftovers\n|-heal|p2a: Toxapex|100\/100|[from] item: Leftovers\n|upkeep\n|turn|17\n|\n|t:|1700760423\n|move|p1a: Dragosta Din Tei|Body Press|p2a: Toxapex\n|-resisted|p2a: Toxapex\n|-damage|p2a: Toxapex|84\/100\n|move|p2a: Toxapex|Haze|p2a: Toxapex\n|-clearallboost\n|\n|-heal|p1a: Dragosta Din Tei|88\/100|[from] item: Leftovers\n|-heal|p2a: Toxapex|90\/100|[from] item: Leftovers\n|upkeep\n|turn|18\n|\n|t:|1700760425\n|move|p1a: Dragosta Din Tei|Iron Defense|p1a: Dragosta Din Tei\n|-boost|p1a: Dragosta Din Tei|def|2\n|move|p2a: Toxapex|Surf|p1a: Dragosta Din Tei\n|-activate|p1a: Dragosta Din Tei|move: Substitute|[damage]\n|\n|-heal|p1a: Dragosta Din Tei|94\/100|[from] item: Leftovers\n|-heal|p2a: Toxapex|97\/100|[from] item: Leftovers\n|upkeep\n|turn|19\n|\n|t:|1700760428\n|move|p1a: Dragosta Din Tei|Iron Defense|p1a: Dragosta Din Tei\n|-boost|p1a: Dragosta Din Tei|def|2\n|move|p2a: Toxapex|Haze|p2a: Toxapex\n|-clearallboost\n|\n|-heal|p1a: Dragosta Din Tei|100\/100|[from] item: Leftovers\n|-heal|p2a: Toxapex|100\/100|[from] item: Leftovers\n|upkeep\n|turn|20\n|\n|t:|1700760430\n|move|p1a: Dragosta Din Tei|Iron Defense|p1a: Dragosta Din Tei\n|-boost|p1a: Dragosta Din Tei|def|2\n|move|p2a: Toxapex|Surf|p1a: Dragosta Din Tei\n|-crit|p1a: Dragosta Din Tei\n|-end|p1a: Dragosta Din Tei|Substitute\n|\n|upkeep\n|turn|21\n|\n|t:|1700760435\n|switch|p1a: Gen4 Stans Rise Up|Heatran, F, shiny|81\/100\n|-damage|p1a: Gen4 Stans Rise Up|69\/100|[from] Stealth Rock\n|move|p2a: Toxapex|Haze|p2a: Toxapex\n|-clearallboost\n|\n|upkeep\n|turn|22\n|\n|t:|1700760459\n|move|p1a: Gen4 Stans Rise Up|Magma Storm|p2a: Toxapex\n|-resisted|p2a: Toxapex\n|-damage|p2a: Toxapex|84\/100\n|-activate|p2a: Toxapex|move: Magma Storm|[of] p1a: Gen4 Stans Rise Up\n|move|p2a: Toxapex|Surf|p1a: Gen4 Stans Rise Up\n|-supereffective|p1a: Gen4 Stans Rise Up\n|-damage|p1a: Gen4 Stans Rise Up|39\/100\n|\n|-heal|p2a: Toxapex|90\/100|[from] item: Leftovers\n|-damage|p2a: Toxapex|78\/100|[from] move: Magma Storm|[partiallytrapped]\n|upkeep\n|turn|23\n|\n|t:|1700760464\n|move|p1a: Gen4 Stans Rise Up|Protect|p1a: Gen4 Stans Rise Up\n|-singleturn|p1a: Gen4 Stans Rise Up|Protect\n|move|p2a: Toxapex|Recover|p2a: Toxapex\n|-heal|p2a: Toxapex|100\/100\n|\n|-damage|p2a: Toxapex|88\/100|[from] move: Magma Storm|[partiallytrapped]\n|upkeep\n|turn|24\n|\n|t:|1700760469\n|move|p1a: Gen4 Stans Rise Up|Earth Power|p2a: Toxapex\n|-supereffective|p2a: Toxapex\n|-damage|p2a: Toxapex|49\/100\n|move|p2a: Toxapex|Surf|p1a: Gen4 Stans Rise Up\n|-supereffective|p1a: Gen4 Stans Rise Up\n|-damage|p1a: Gen4 Stans Rise Up|12\/100\n|\n|-heal|p2a: Toxapex|55\/100|[from] item: Leftovers\n|-damage|p2a: Toxapex|43\/100|[from] move: Magma Storm|[partiallytrapped]\n|upkeep\n|turn|25\n|\n|t:|1700760473\n|move|p1a: Gen4 Stans Rise Up|Stealth Rock|p2a: Toxapex\n|-sidestart|p2: teszting|move: Stealth Rock\n|move|p2a: Toxapex|Recover|p2a: Toxapex\n|-heal|p2a: Toxapex|93\/100\n|\n|-heal|p2a: Toxapex|99\/100|[from] item: Leftovers\n|-damage|p2a: Toxapex|87\/100|[from] move: Magma Storm|[partiallytrapped]\n|upkeep\n|turn|26\n|\n|t:|1700760480\n|move|p1a: Gen4 Stans Rise Up|Earth Power|p2a: Toxapex\n|-supereffective|p2a: Toxapex\n|-damage|p2a: Toxapex|48\/100\n|move|p2a: Toxapex|Surf|p1a: Gen4 Stans Rise Up\n|-supereffective|p1a: Gen4 Stans Rise Up\n|-damage|p1a: Gen4 Stans Rise Up|0 fnt\n|faint|p1a: Gen4 Stans Rise Up\n|\n|-heal|p2a: Toxapex|54\/100|[from] item: Leftovers\n|-end|p2a: Toxapex|Magma Storm|[partiallytrapped]\n|upkeep\n|-message|Ombre Nomade forfeited.\n|\n|win|teszting\n|raw|Ombre Nomade's rating: 1667 &rarr; <strong>1648<\/strong><br \/>(-19 for losing)\n|raw|teszting's rating: 1682 &rarr; <strong>1701<\/strong><br \/>(+19 for winning)\n|l|\u2606Ombre Nomade\n","uploadtime":1700760504,"views":6,"p1id":"ombrenomade","p2id":"teszting","formatid":"gen9ou","rating":1648,"private":0,"password":""}