{"id":"gen9ou-1990999708","p1":"jghghjg","p2":"radiomahir903fm","format":"[Gen 9] OU","log":"|j|\u2606jghghjg\n|j|\u2606radiomahir903fm\n|t:|1700025696\n|gametype|singles\n|player|p1|jghghjg|pokemonbreeder-gen4|1282\n|player|p2|radiomahir903fm|iris|1190\n|teamsize|p1|6\n|teamsize|p2|6\n|gen|9\n|tier|[Gen 9] OU\n|rated|\n|rule|Sleep Clause Mod: Limit one foe put to sleep\n|rule|Species Clause: Limit one of each Pok\u00e9mon\n|rule|OHKO Clause: OHKO moves are banned\n|rule|Evasion Items Clause: Evasion items are banned\n|rule|Evasion Moves Clause: Evasion moves are banned\n|rule|Endless Battle Clause: Forcing endless battles is banned\n|rule|HP Percentage Mod: HP is shown in percentages\n|clearpoke\n|poke|p1|Golem, F|\n|poke|p1|Ogerpon-Cornerstone, F|\n|poke|p1|Hatterene, F|\n|poke|p1|Gholdengo|\n|poke|p1|Iron Valiant|\n|poke|p1|Greninja-*, M|\n|poke|p2|Ribombee, M|\n|poke|p2|Ogerpon-Wellspring, F|\n|poke|p2|Iron Moth|\n|poke|p2|Kingambit, F|\n|poke|p2|Gholdengo|\n|poke|p2|Iron Valiant|\n|teampreview\n|inactive|Battle timer is ON: inactive players will automatically lose when time's up. (requested by jghghjg)\n|inactive|radiomahir903fm has 120 seconds left.\n|c|\u2606radiomahir903fm|mono rock i fuck w it\n|\n|t:|1700025736\n|start\n|switch|p1a: Ogerpon|Ogerpon-Cornerstone, F|100\/100\n|switch|p2a: Ogerpon|Ogerpon-Wellspring, F|100\/100\n|turn|1\n|\n|t:|1700025745\n|move|p1a: Ogerpon|Spikes|p2a: Ogerpon\n|-sidestart|p2: radiomahir903fm|Spikes\n|move|p2a: Ogerpon|Ivy Cudgel|p1a: Ogerpon|[anim] Ivy Cudgel Water\n|-damage|p1a: Ogerpon|22\/100\n|\n|upkeep\n|turn|2\n|\n|t:|1700025752\n|move|p1a: Ogerpon|Spikes|p2a: Ogerpon\n|-sidestart|p2: radiomahir903fm|Spikes\n|move|p2a: Ogerpon|Ivy Cudgel|p1a: Ogerpon|[anim] Ivy Cudgel Water\n|-damage|p1a: Ogerpon|0 fnt\n|faint|p1a: Ogerpon\n|\n|upkeep\n|\n|t:|1700025754\n|switch|p1a: Golem|Golem, F|100\/100\n|turn|3\n|\n|t:|1700025757\n|move|p2a: Ogerpon|Ivy Cudgel|p1a: Golem|[anim] Ivy Cudgel Water\n|-supereffective|p1a: Golem\n|-ability|p1a: Golem|Sturdy\n|-damage|p1a: Golem|1\/100\n|move|p1a: Golem|Stealth Rock|p2a: Ogerpon\n|-sidestart|p2: radiomahir903fm|move: Stealth Rock\n|\n|upkeep\n|turn|4\n|-enditem|p1a: Golem|Custap Berry|[eat]\n|-activate|p1a: Golem|item: Custap Berry|[consumed]\n|\n|t:|1700025765\n|move|p1a: Golem|Explosion|p2a: Ogerpon\n|-damage|p2a: Ogerpon|0 fnt\n|faint|p1a: Golem\n|faint|p2a: Ogerpon\n|\n|upkeep\n|\n|t:|1700025788\n|switch|p2a: Gholdengo|Gholdengo|100\/100\n|switch|p1a: Iron Valiant|Iron Valiant|100\/100\n|-damage|p2a: Gholdengo|94\/100|[from] Stealth Rock\n|-item|p2a: Gholdengo|Air Balloon\n|-enditem|p1a: Iron Valiant|Booster Energy\n|-activate|p1a: Iron Valiant|ability: Quark Drive|[fromitem]\n|-start|p1a: Iron Valiant|quarkdrivespe\n|turn|5\n|\n|t:|1700025799\n|-terastallize|p2a: Gholdengo|Fairy\n|move|p1a: Iron Valiant|Knock Off|p2a: Gholdengo\n|-resisted|p2a: Gholdengo\n|-damage|p2a: Gholdengo|74\/100\n|-enditem|p2a: Gholdengo|Air Balloon\n|move|p2a: Gholdengo|Dazzling Gleam|p1a: Iron Valiant\n|-supereffective|p1a: Iron Valiant\n|-damage|p1a: Iron Valiant|0 fnt\n|faint|p1a: Iron Valiant\n|-end|p1a: Iron Valiant|Quark Drive|[silent]\n|\n|upkeep\n|\n|t:|1700025806\n|switch|p1a: Gholdengo|Gholdengo|100\/100\n|turn|6\n|\n|t:|1700025813\n|move|p2a: Gholdengo|Shadow Ball|p1a: Gholdengo\n|-supereffective|p1a: Gholdengo\n|-damage|p1a: Gholdengo|0 fnt\n|faint|p1a: Gholdengo\n|\n|upkeep\n|\n|t:|1700025820\n|switch|p1a: Greninja|Greninja, M|100\/100\n|turn|7\n|\n|t:|1700025838\n|move|p1a: Greninja|Surf|p2a: Gholdengo\n|-damage|p2a: Gholdengo|0 fnt\n|faint|p2a: Gholdengo\n|-ability|p1a: Greninja|Battle Bond|boost\n|-boost|p1a: Greninja|atk|1\n|-boost|p1a: Greninja|spa|1\n|-boost|p1a: Greninja|spe|1\n|-activate|p1a: Greninja|ability: Battle Bond\n|\n|upkeep\n|inactive|radiomahir903fm has 120 seconds left.\n|\n|t:|1700025872\n|switch|p2a: Iron Valiant|Iron Valiant|100\/100\n|-damage|p2a: Iron Valiant|84\/100|[from] Spikes\n|-damage|p2a: Iron Valiant|78\/100|[from] Stealth Rock\n|-enditem|p2a: Iron Valiant|Booster Energy\n|-activate|p2a: Iron Valiant|ability: Quark Drive|[fromitem]\n|-start|p2a: Iron Valiant|quarkdrivespe\n|turn|8\n|\n|t:|1700025876\n|move|p1a: Greninja|Surf|p2a: Iron Valiant\n|-damage|p2a: Iron Valiant|0 fnt\n|faint|p2a: Iron Valiant\n|-end|p2a: Iron Valiant|Quark Drive|[silent]\n|\n|upkeep\n|inactive|radiomahir903fm has 120 seconds left.\n|\n|t:|1700025891\n|switch|p2a: Ribombee|Ribombee, M|100\/100\n|-damage|p2a: Ribombee|84\/100|[from] Spikes\n|-damage|p2a: Ribombee|59\/100|[from] Stealth Rock\n|turn|9\n|\n|t:|1700025894\n|move|p1a: Greninja|Surf|p2a: Ribombee\n|-damage|p2a: Ribombee|0 fnt\n|faint|p2a: Ribombee\n|\n|upkeep\n|\n|t:|1700025898\n|switch|p2a: Kingambit|Kingambit, F|100\/100\n|-damage|p2a: Kingambit|84\/100|[from] Spikes\n|-damage|p2a: Kingambit|78\/100|[from] Stealth Rock\n|-activate|p2a: Kingambit|ability: Supreme Overlord\n|-start|p2a: Kingambit|fallen4|[silent]\n|turn|10\n|\n|t:|1700025900\n|move|p2a: Kingambit|Sucker Punch|p1a: Greninja\n|-resisted|p1a: Greninja\n|-damage|p1a: Greninja|54\/100\n|move|p1a: Greninja|Surf|p2a: Kingambit\n|-damage|p2a: Kingambit|0 fnt\n|faint|p2a: Kingambit\n|-end|p2a: Kingambit|fallen4|[silent]\n|\n|upkeep\n|-message|radiomahir903fm forfeited.\n|\n|win|jghghjg\n|raw|jghghjg's rating: 1282 &rarr; <strong>1301<\/strong><br \/>(+19 for winning)\n|raw|radiomahir903fm's rating: 1190 &rarr; <strong>1171<\/strong><br \/>(-19 for losing)\n|l|\u2606radiomahir903fm\n|l|\u2606jghghjg\n|j|\u2606jghghjg\n|player|p1|jghghjg|pokemonbreeder-gen4\n","uploadtime":1700025916,"views":11,"p1id":"jghghjg","p2id":"radiomahir903fm","formatid":"gen9ou","rating":1171,"private":0,"password":""}