{"id":"gen9ou-1990418792","p1":"Dimentio40","p2":"joshyt","format":"[Gen 9] OU","log":"|j|\u2606Dimentio40\n|j|\u2606joshyt\n|t:|1699969006\n|gametype|singles\n|player|p1|Dimentio40|psychic-gen4|1256\n|player|p2|joshyt|wattson|1361\n|teamsize|p1|6\n|teamsize|p2|6\n|gen|9\n|tier|[Gen 9] OU\n|rated|\n|rule|Sleep Clause Mod: Limit one foe put to sleep\n|rule|Species Clause: Limit one of each Pok\u00e9mon\n|rule|OHKO Clause: OHKO moves are banned\n|rule|Evasion Items Clause: Evasion items are banned\n|rule|Evasion Moves Clause: Evasion moves are banned\n|rule|Endless Battle Clause: Forcing endless battles is banned\n|rule|HP Percentage Mod: HP is shown in percentages\n|clearpoke\n|poke|p1|Iron Moth|\n|poke|p1|Kingambit, F|\n|poke|p1|Ogerpon-Wellspring, F|\n|poke|p1|Dragonite, F|\n|poke|p1|Zamazenta-*|\n|poke|p1|Great Tusk|\n|poke|p2|Gholdengo|\n|poke|p2|Samurott-Hisui, F|\n|poke|p2|Kingambit, F|\n|poke|p2|Enamorus, F|\n|poke|p2|Landorus-Therian, M|\n|poke|p2|Moltres|\n|teampreview\n|inactive|Battle timer is ON: inactive players will automatically lose when time's up. (requested by Dimentio40)\n|inactive|joshyt has 120 seconds left.\n|\n|t:|1699969043\n|start\n|switch|p1a: Ogerpon|Ogerpon-Wellspring, F|100\/100\n|switch|p2a: Moltres|Moltres|100\/100\n|turn|1\n|\n|t:|1699969052\n|-terastallize|p1a: Ogerpon|Water\n|detailschange|p1a: Ogerpon|Ogerpon-Wellspring-Tera, F, tera:Water\n|-ability|p1a: Ogerpon|Embody Aspect (Wellspring)|boost\n|-boost|p1a: Ogerpon|spd|1\n|move|p1a: Ogerpon|Ivy Cudgel|p2a: Moltres|[anim] Ivy Cudgel Water\n|-supereffective|p2a: Moltres\n|-damage|p2a: Moltres|0 fnt\n|faint|p2a: Moltres\n|\n|upkeep\n|\n|t:|1699969063\n|switch|p2a: Samurott|Samurott-Hisui, F|100\/100\n|turn|2\n|\n|t:|1699969079\n|move|p1a: Ogerpon|Trailblaze|p2a: Samurott\n|-supereffective|p2a: Samurott\n|-damage|p2a: Samurott|26\/100\n|-boost|p1a: Ogerpon|spe|1\n|move|p2a: Samurott|Ceaseless Edge|p1a: Ogerpon\n|-damage|p1a: Ogerpon|41\/100\n|-sidestart|p1: Dimentio40|Spikes\n|\n|-heal|p2a: Samurott|33\/100|[from] item: Leftovers\n|upkeep\n|turn|3\n|\n|t:|1699969092\n|move|p2a: Samurott|Sucker Punch|p1a: Ogerpon\n|-damage|p1a: Ogerpon|0 fnt\n|faint|p1a: Ogerpon\n|\n|-heal|p2a: Samurott|39\/100|[from] item: Leftovers\n|upkeep\n|\n|t:|1699969100\n|switch|p1a: Zamazenta|Zamazenta|100\/100\n|-damage|p1a: Zamazenta|88\/100|[from] Spikes\n|-ability|p1a: Zamazenta|Dauntless Shield|boost\n|-boost|p1a: Zamazenta|def|1\n|turn|4\n|\n|t:|1699969110\n|switch|p2a: Landorus|Landorus-Therian, M|100\/100\n|-ability|p2a: Landorus|Intimidate|boost\n|-unboost|p1a: Zamazenta|atk|1\n|move|p1a: Zamazenta|Play Rough|p2a: Landorus\n|-damage|p2a: Landorus|76\/100\n|\n|-heal|p2a: Landorus|82\/100|[from] item: Leftovers\n|upkeep\n|turn|5\n|\n|t:|1699969118\n|move|p1a: Zamazenta|Ice Fang|p2a: Landorus\n|-supereffective|p2a: Landorus\n|-damage|p2a: Landorus|11\/100\n|cant|p2a: Landorus|flinch\n|\n|-heal|p2a: Landorus|17\/100|[from] item: Leftovers\n|upkeep\n|turn|6\n|\n|t:|1699969126\n|switch|p2a: Gholdengo|Gholdengo|100\/100\n|move|p1a: Zamazenta|Ice Fang|p2a: Gholdengo\n|-resisted|p2a: Gholdengo\n|-damage|p2a: Gholdengo|93\/100\n|\n|upkeep\n|turn|7\n|\n|t:|1699969138\n|move|p2a: Gholdengo|Focus Blast|p1a: Zamazenta\n|-damage|p1a: Zamazenta|62\/100\n|move|p1a: Zamazenta|Crunch|p2a: Gholdengo\n|-supereffective|p2a: Gholdengo\n|-damage|p2a: Gholdengo|53\/100\n|\n|upkeep\n|turn|8\n|\n|t:|1699969144\n|switch|p2a: Enamorus|Enamorus, F|100\/100\n|move|p1a: Zamazenta|Crunch|p2a: Enamorus\n|-resisted|p2a: Enamorus\n|-damage|p2a: Enamorus|86\/100\n|\n|-heal|p2a: Enamorus|92\/100|[from] item: Leftovers\n|upkeep\n|turn|9\n|\n|t:|1699969151\n|-terastallize|p2a: Enamorus|Fairy\n|move|p1a: Zamazenta|Ice Fang|p2a: Enamorus\n|-damage|p2a: Enamorus|69\/100\n|-status|p2a: Enamorus|frz\n|cant|p2a: Enamorus|frz\n|\n|-heal|p2a: Enamorus|75\/100 frz|[from] item: Leftovers\n|upkeep\n|turn|10\n|\n|t:|1699969163\n|switch|p1a: Kingambit|Kingambit, F|100\/100\n|-damage|p1a: Kingambit|88\/100|[from] Spikes\n|-activate|p1a: Kingambit|ability: Supreme Overlord\n|-start|p1a: Kingambit|fallen1|[silent]\n|cant|p2a: Enamorus|frz\n|\n|-heal|p2a: Enamorus|81\/100 frz|[from] item: Leftovers\n|-heal|p1a: Kingambit|94\/100|[from] item: Leftovers\n|upkeep\n|turn|11\n|\n|t:|1699969173\n|cant|p2a: Enamorus|frz\n|move|p1a: Kingambit|Swords Dance|p1a: Kingambit\n|-boost|p1a: Kingambit|atk|2\n|\n|-heal|p2a: Enamorus|87\/100 frz|[from] item: Leftovers\n|-heal|p1a: Kingambit|100\/100|[from] item: Leftovers\n|upkeep\n|turn|12\n|\n|t:|1699969181\n|cant|p2a: Enamorus|frz\n|move|p1a: Kingambit|Iron Head|p2a: Enamorus\n|-supereffective|p2a: Enamorus\n|-damage|p2a: Enamorus|0 fnt\n|faint|p2a: Enamorus\n|\n|upkeep\n|-message|joshyt forfeited.\n|\n|win|Dimentio40\n|raw|Dimentio40's rating: 1256 &rarr; <strong>1288<\/strong><br \/>(+32 for winning)\n|raw|joshyt's rating: 1361 &rarr; <strong>1335<\/strong><br \/>(-26 for losing)\n|l|\u2606joshyt\n","uploadtime":1699969194,"views":8,"p1id":"dimentio40","p2id":"joshyt","formatid":"gen9ou","rating":1288,"private":0,"password":""}