{"id":"gen9ou-1993012806","p1":"spinosaured","p2":"Lukereyvn","format":"[Gen 9] OU","log":"|j|\u2606spinosaured\n|j|\u2606Lukereyvn\n|t:|1700255436\n|gametype|singles\n|player|p1|spinosaured|flannery|1233\n|player|p2|Lukereyvn|2|1138\n|teamsize|p1|6\n|teamsize|p2|6\n|gen|9\n|tier|[Gen 9] OU\n|rated|\n|rule|Sleep Clause Mod: Limit one foe put to sleep\n|rule|Species Clause: Limit one of each Pok\u00e9mon\n|rule|OHKO Clause: OHKO moves are banned\n|rule|Evasion Items Clause: Evasion items are banned\n|rule|Evasion Moves Clause: Evasion moves are banned\n|rule|Endless Battle Clause: Forcing endless battles is banned\n|rule|HP Percentage Mod: HP is shown in percentages\n|clearpoke\n|poke|p1|Sneasler, F|\n|poke|p1|Hatterene, F|\n|poke|p1|Rillaboom, F|\n|poke|p1|Heatran, M|\n|poke|p1|Great Tusk|\n|poke|p1|Kingambit, F|\n|poke|p2|Zamazenta-*|\n|poke|p2|Samurott-Hisui, F|\n|poke|p2|Iron Valiant|\n|poke|p2|Ceruledge, F|\n|poke|p2|Sneasler, F|\n|poke|p2|Cinderace, M|\n|teampreview\n|inactive|Battle timer is ON: inactive players will automatically lose when time's up. (requested by Lukereyvn)\n|\n|t:|1700255463\n|start\n|switch|p1a: Rillaboom|Rillaboom, F|100\/100\n|switch|p2a: Sneasler|Sneasler, F, shiny|100\/100\n|-fieldstart|move: Grassy Terrain|[from] ability: Grassy Surge|[of] p1a: Rillaboom\n|turn|1\n|\n|t:|1700255485\n|switch|p1a: Great Tusk|Great Tusk|100\/100\n|move|p2a: Sneasler|Fake Out|p1a: Great Tusk\n|-enditem|p2a: Sneasler|Normal Gem|[from] gem\n|-damage|p1a: Great Tusk|87\/100\n|\n|-heal|p1a: Great Tusk|93\/100|[from] Grassy Terrain\n|upkeep\n|turn|2\n|\n|t:|1700255501\n|-terastallize|p2a: Sneasler|Flying\n|move|p2a: Sneasler|Swords Dance|p2a: Sneasler\n|-boost|p2a: Sneasler|atk|2\n|move|p1a: Great Tusk|Knock Off|p2a: Sneasler\n|-damage|p2a: Sneasler|63\/100\n|\n|-heal|p1a: Great Tusk|99\/100|[from] Grassy Terrain\n|upkeep\n|turn|3\n|inactive|spinosaured has 120 seconds left.\n|n|!Lukereyvn|lukereyvn\n|\n|t:|1700255544\n|move|p2a: Sneasler|Dire Claw|p1a: Great Tusk\n|-resisted|p1a: Great Tusk\n|-damage|p1a: Great Tusk|68\/100\n|move|p1a: Great Tusk|Close Combat|p2a: Sneasler\n|-resisted|p2a: Sneasler\n|-damage|p2a: Sneasler|13\/100\n|-unboost|p1a: Great Tusk|def|1\n|-unboost|p1a: Great Tusk|spd|1\n|\n|-heal|p1a: Great Tusk|74\/100|[from] Grassy Terrain\n|upkeep\n|turn|4\n|inactive|spinosaured has 90 seconds left.\n|\n|t:|1700255561\n|move|p2a: Sneasler|Dire Claw|p1a: Great Tusk\n|-resisted|p1a: Great Tusk\n|-damage|p1a: Great Tusk|28\/100\n|-status|p1a: Great Tusk|psn\n|move|p1a: Great Tusk|Close Combat|p2a: Sneasler\n|-resisted|p2a: Sneasler\n|-damage|p2a: Sneasler|0 fnt\n|-unboost|p1a: Great Tusk|def|1\n|-unboost|p1a: Great Tusk|spd|1\n|faint|p2a: Sneasler\n|\n|-heal|p1a: Great Tusk|34\/100 psn|[from] Grassy Terrain\n|-damage|p1a: Great Tusk|22\/100 psn|[from] psn\n|upkeep\n|\n|t:|1700255570\n|switch|p2a: Ceruledge|Ceruledge, F, shiny|100\/100\n|turn|5\n|\n|t:|1700255580\n|-end|p1a: Great Tusk|Protosynthesis|[silent]\n|switch|p1a: Heatran|Heatran, M|100\/100\n|move|p2a: Ceruledge|Swords Dance|p2a: Ceruledge\n|-boost|p2a: Ceruledge|atk|2\n|\n|-fieldend|move: Grassy Terrain\n|upkeep\n|turn|6\n|\n|t:|1700255591\n|move|p2a: Ceruledge|Poltergeist|p1a: Heatran\n|-activate|p1a: Heatran|move: Poltergeist|Leftovers\n|-damage|p1a: Heatran|15\/100\n|move|p1a: Heatran|Earth Power|p2a: Ceruledge\n|-supereffective|p2a: Ceruledge\n|-damage|p2a: Ceruledge|38\/100\n|\n|-heal|p1a: Heatran|21\/100|[from] item: Leftovers\n|upkeep\n|turn|7\n|inactive|spinosaured has 90 seconds left.\n|\n|t:|1700255621\n|switch|p1a: Great Tusk|Great Tusk|22\/100 psn\n|move|p2a: Ceruledge|Shadow Sneak|p1a: Great Tusk\n|-damage|p1a: Great Tusk|0 fnt\n|faint|p1a: Great Tusk\n|-end|p1a: Great Tusk|Protosynthesis|[silent]\n|\n|upkeep\n|\n|t:|1700255636\n|switch|p1a: Sneasler|Sneasler, F|100\/100\n|turn|8\n|\n|t:|1700255647\n|move|p1a: Sneasler|Dire Claw|p2a: Ceruledge\n|-resisted|p2a: Ceruledge\n|-damage|p2a: Ceruledge|5\/100\n|-status|p2a: Ceruledge|par\n|-ability|p2a: Ceruledge|Weak Armor|boost\n|-unboost|p2a: Ceruledge|def|1\n|-boost|p2a: Ceruledge|spe|2\n|cant|p2a: Ceruledge|par\n|\n|upkeep\n|turn|9\n|\n|t:|1700255659\n|move|p1a: Sneasler|Dire Claw|p2a: Ceruledge\n|-resisted|p2a: Ceruledge\n|-damage|p2a: Ceruledge|0 fnt\n|faint|p2a: Ceruledge\n|\n|upkeep\n|\n|t:|1700255663\n|switch|p2a: Zamazenta|Zamazenta, shiny|100\/100\n|-ability|p2a: Zamazenta|Dauntless Shield|boost\n|-boost|p2a: Zamazenta|def|1\n|turn|10\n|\n|t:|1700255678\n|move|p2a: Zamazenta|Substitute|p2a: Zamazenta\n|-start|p2a: Zamazenta|Substitute\n|-damage|p2a: Zamazenta|76\/100\n|move|p1a: Sneasler|Dire Claw|p2a: Zamazenta\n|-end|p2a: Zamazenta|Substitute\n|\n|-heal|p2a: Zamazenta|82\/100|[from] item: Leftovers\n|upkeep\n|turn|11\n|\n|t:|1700255687\n|move|p2a: Zamazenta|Iron Defense|p2a: Zamazenta\n|-boost|p2a: Zamazenta|def|2\n|move|p1a: Sneasler|Dire Claw|p2a: Zamazenta\n|-damage|p2a: Zamazenta|65\/100\n|\n|-heal|p2a: Zamazenta|71\/100|[from] item: Leftovers\n|upkeep\n|turn|12\n|inactive|spinosaured has 90 seconds left.\n|\n|t:|1700255693\n|move|p2a: Zamazenta|Substitute|p2a: Zamazenta\n|-start|p2a: Zamazenta|Substitute\n|-damage|p2a: Zamazenta|46\/100\n|move|p1a: Sneasler|Swords Dance|p1a: Sneasler\n|-boost|p1a: Sneasler|atk|2\n|\n|-heal|p2a: Zamazenta|52\/100|[from] item: Leftovers\n|upkeep\n|turn|13\n|\n|t:|1700255697\n|move|p2a: Zamazenta|Iron Defense|p2a: Zamazenta\n|-boost|p2a: Zamazenta|def|2\n|move|p1a: Sneasler|Dire Claw|p2a: Zamazenta\n|-activate|p2a: Zamazenta|move: Substitute|[damage]\n|\n|-heal|p2a: Zamazenta|59\/100|[from] item: Leftovers\n|upkeep\n|turn|14\n|\n|t:|1700255703\n|move|p2a: Zamazenta|Iron Defense|p2a: Zamazenta\n|-boost|p2a: Zamazenta|def|1\n|move|p1a: Sneasler|Dire Claw|p2a: Zamazenta\n|-end|p2a: Zamazenta|Substitute\n|\n|-heal|p2a: Zamazenta|65\/100|[from] item: Leftovers\n|upkeep\n|turn|15\n|\n|t:|1700255714\n|move|p2a: Zamazenta|Body Press|p1a: Sneasler\n|-resisted|p1a: Sneasler\n|-damage|p1a: Sneasler|0 fnt\n|faint|p1a: Sneasler\n|\n|-heal|p2a: Zamazenta|71\/100|[from] item: Leftovers\n|upkeep\n|\n|t:|1700255725\n|switch|p1a: Rillaboom|Rillaboom, F|100\/100\n|-fieldstart|move: Grassy Terrain|[from] ability: Grassy Surge|[of] p1a: Rillaboom\n|turn|16\n|\n|t:|1700255737\n|move|p2a: Zamazenta|Substitute|p2a: Zamazenta\n|-start|p2a: Zamazenta|Substitute\n|-damage|p2a: Zamazenta|46\/100\n|move|p1a: Rillaboom|U-turn|p2a: Zamazenta\n|-resisted|p2a: Zamazenta\n|-activate|p2a: Zamazenta|move: Substitute|[damage]\n|-message|spinosaured forfeited.\n|\n|win|Lukereyvn\n|raw|spinosaured's rating: 1233 &rarr; <strong>1201<\/strong><br \/>(-32 for losing)\n|raw|Lukereyvn's rating: 1138 &rarr; <strong>1170<\/strong><br \/>(+32 for winning)\n|l|\u2606spinosaured\n","uploadtime":1700255540,"views":11,"p1id":"spinosaured","p2id":"lukereyvn","formatid":"gen9ou","rating":1170,"private":0,"password":""}