{"id":"gen9ou-1999543593","p1":"qzxasy","p2":"kram_2","format":"[Gen 9] OU","log":"|j|\u2606qzxasy\n|j|\u2606kram_2\n|t:|1701094475\n|gametype|singles\n|player|p1|qzxasy|plasmagruntf|1049\n|player|p2|kram_2|medium|1144\n|teamsize|p1|6\n|teamsize|p2|6\n|gen|9\n|tier|[Gen 9] OU\n|rated|\n|rule|Sleep Clause Mod: Limit one foe put to sleep\n|rule|Species Clause: Limit one of each Pok\u00e9mon\n|rule|OHKO Clause: OHKO moves are banned\n|rule|Evasion Items Clause: Evasion items are banned\n|rule|Evasion Moves Clause: Evasion moves are banned\n|rule|Endless Battle Clause: Forcing endless battles is banned\n|rule|HP Percentage Mod: HP is shown in percentages\n|clearpoke\n|poke|p1|Weavile, M|\n|poke|p1|Garchomp, M|\n|poke|p1|Ceruledge, M|\n|poke|p1|Iron Valiant|\n|poke|p1|Gastrodon, M|\n|poke|p1|Maushold-Four|\n|poke|p2|Ursaluna, M|\n|poke|p2|Vikavolt, M|\n|poke|p2|Maushold-Four|\n|poke|p2|Dragonite, F|\n|poke|p2|Zoroark-Hisui, F|\n|poke|p2|Slaking, M|\n|teampreview\n|inactive|Battle timer is ON: inactive players will automatically lose when time's up. (requested by kram_2)\n|c|\u2606qzxasy|we both have annoy mons\n|\n|t:|1701094504\n|start\n|switch|p1a: Maushold|Maushold-Four|100\/100\n|switch|p2a: Zoroark\u2010Hisui|Vikavolt, M|100\/100\n|turn|1\n|\n|t:|1701094522\n|move|p1a: Maushold|Population Bomb|p2a: Zoroark\u2010Hisui\n|-damage|p2a: Zoroark\u2010Hisui|91\/100\n|-damage|p2a: Zoroark\u2010Hisui|81\/100\n|-damage|p2a: Zoroark\u2010Hisui|70\/100\n|-damage|p2a: Zoroark\u2010Hisui|60\/100\n|-damage|p2a: Zoroark\u2010Hisui|49\/100\n|-damage|p2a: Zoroark\u2010Hisui|40\/100\n|-damage|p2a: Zoroark\u2010Hisui|31\/100\n|-hitcount|p2a: Zoroark\u2010Hisui|7\n|move|p2a: Zoroark\u2010Hisui|Thunder Wave|p1a: Maushold\n|-status|p1a: Maushold|par\n|\n|upkeep\n|turn|2\n|\n|t:|1701094538\n|move|p1a: Maushold|Population Bomb|p2a: Zoroark\u2010Hisui\n|-damage|p2a: Zoroark\u2010Hisui|21\/100\n|-enditem|p2a: Zoroark\u2010Hisui|Aguav Berry|[eat]\n|-heal|p2a: Zoroark\u2010Hisui|55\/100|[from] item: Aguav Berry\n|-damage|p2a: Zoroark\u2010Hisui|45\/100\n|-damage|p2a: Zoroark\u2010Hisui|35\/100\n|-damage|p2a: Zoroark\u2010Hisui|26\/100\n|-damage|p2a: Zoroark\u2010Hisui|16\/100\n|-damage|p2a: Zoroark\u2010Hisui|7\/100\n|-damage|p2a: Zoroark\u2010Hisui|0 fnt\n|faint|p2a: Zoroark\u2010Hisui\n|-hitcount|p2: Zoroark\u2010Hisui|7\n|\n|upkeep\n|\n|t:|1701094542\n|switch|p2a: Muishouden|Maushold-Four|100\/100\n|turn|3\n|\n|t:|1701094553\n|move|p2a: Muishouden|U-turn|p1a: Maushold\n|-damage|p1a: Maushold|73\/100 par\n|\n|t:|1701094556\n|switch|p2a: W rizz|Slaking, M|100\/100|[from] U-turn\n|cant|p1a: Maushold|par\n|\n|upkeep\n|turn|4\n|\n|t:|1701094574\n|move|p2a: W rizz|Hyper Voice|p1a: Maushold\n|-damage|p1a: Maushold|0 fnt\n|faint|p1a: Maushold\n|\n|upkeep\n|\n|t:|1701094586\n|switch|p1a: Weavile|Weavile, M, shiny|100\/100\n|-ability|p1a: Weavile|Pressure\n|turn|5\n|\n|t:|1701094596\n|move|p1a: Weavile|Blizzard|p2a: W rizz\n|-damage|p2a: W rizz|39\/100\n|replace|p2a: mama? sorry.|Zoroark-Hisui, F, shiny\n|-end|p2a: mama? sorry.|Illusion\n|move|p2a: mama? sorry.|Hyper Voice|p1a: Weavile\n|-damage|p1a: Weavile|0 fnt\n|faint|p1a: Weavile\n|\n|upkeep\n|\n|t:|1701094604\n|switch|p1a: Gastrodon|Gastrodon, M, shiny|100\/100\n|turn|6\n|\n|t:|1701094609\n|move|p2a: mama? sorry.|Hyper Voice|p1a: Gastrodon\n|-damage|p1a: Gastrodon|36\/100\n|move|p1a: Gastrodon|Weather Ball|p2a: mama? sorry.\n|-immune|p2a: mama? sorry.\n|\n|upkeep\n|turn|7\n|\n|t:|1701094619\n|move|p2a: mama? sorry.|Hyper Voice|p1a: Gastrodon\n|-damage|p1a: Gastrodon|0 fnt\n|faint|p1a: Gastrodon\n|\n|upkeep\n|\n|t:|1701094627\n|switch|p1a: Iron Valiant|Iron Valiant, shiny|100\/100\n|turn|8\n|\n|t:|1701094632\n|move|p1a: Iron Valiant|Ice Punch|p2a: mama? sorry.\n|-damage|p2a: mama? sorry.|0 fnt\n|faint|p2a: mama? sorry.\n|\n|upkeep\n|\n|t:|1701094642\n|switch|p2a: W rizz|Slaking, M|100\/100\n|turn|9\n|\n|t:|1701094651\n|move|p1a: Iron Valiant|Ice Punch|p2a: W rizz\n|-damage|p2a: W rizz|69\/100\n|move|p2a: W rizz|Giga Impact|p1a: Iron Valiant\n|-damage|p1a: Iron Valiant|0 fnt\n|-mustrecharge|p2a: W rizz\n|faint|p1a: Iron Valiant\n|-end|p1a: Iron Valiant|Quark Drive|[silent]\n|\n|upkeep\n|\n|t:|1701094659\n|switch|p1a: Ceruledge|Ceruledge, M, shiny|100\/100\n|turn|10\n|\n|t:|1701094665\n|cant|p2a: W rizz|recharge\n|move|p1a: Ceruledge|Phantom Force||[still]\n|-prepare|p1a: Ceruledge|Phantom Force\n|\n|upkeep\n|turn|11\n|\n|t:|1701094688\n|switch|p2a: Fred|Ursaluna, M|100\/100\n|move|p1a: Ceruledge|Phantom Force|p2a: Fred|[from]lockedmove\n|-immune|p2a: Fred\n|\n|-status|p2a: Fred|brn|[from] item: Flame Orb\n|upkeep\n|turn|12\n|\n|t:|1701094698\n|move|p1a: Ceruledge|Phantom Force||[still]\n|-prepare|p1a: Ceruledge|Phantom Force\n|move|p2a: Fred|Headlong Rush|p1a: Ceruledge|[miss]\n|-miss|p2a: Fred|p1a: Ceruledge\n|\n|-damage|p2a: Fred|94\/100 brn|[from] brn\n|upkeep\n|turn|13\n|\n|t:|1701094708\n|move|p1a: Ceruledge|Phantom Force|p2a: Fred|[from]lockedmove\n|-immune|p2a: Fred\n|move|p2a: Fred|Headlong Rush|p1a: Ceruledge\n|-supereffective|p1a: Ceruledge\n|-damage|p1a: Ceruledge|0 fnt\n|-unboost|p2a: Fred|def|1\n|-unboost|p2a: Fred|spd|1\n|faint|p1a: Ceruledge\n|\n|-damage|p2a: Fred|88\/100 brn|[from] brn\n|upkeep\n|\n|t:|1701094718\n|switch|p1a: Garchomp|Garchomp, M, shiny|100\/100\n|turn|14\n|\n|t:|1701094731\n|move|p1a: Garchomp|Earthquake|p2a: Fred\n|-damage|p2a: Fred|0 fnt\n|faint|p2a: Fred\n|\n|upkeep\n|\n|t:|1701094736\n|switch|p2a: Drakenpoeier|Dragonite, F|100\/100\n|turn|15\n|\n|t:|1701094742\n|-terastallize|p2a: Drakenpoeier|Normal\n|move|p1a: Garchomp|Earthquake|p2a: Drakenpoeier\n|-damage|p2a: Drakenpoeier|64\/100\n|move|p2a: Drakenpoeier|Outrage|p1a: Garchomp\n|-supereffective|p1a: Garchomp\n|-damage|p1a: Garchomp|0 fnt\n|-damage|p2a: Drakenpoeier|51\/100|[from] ability: Rough Skin|[of] p1a: Garchomp\n|faint|p1a: Garchomp\n|-damage|p2a: Drakenpoeier|41\/100|[from] item: Life Orb\n|\n|win|kram_2\n|raw|qzxasy's rating: 1049 &rarr; <strong>1036<\/strong><br \/>(-13 for losing)\n|raw|kram_2's rating: 1144 &rarr; <strong>1162<\/strong><br \/>(+18 for winning)\n|l|\u2606qzxasy\n|c|\u2606kram_2|are you ok?\n","uploadtime":1701094771,"views":8,"p1id":"qzxasy","p2id":"kram2","formatid":"gen9ou","rating":1036,"private":0,"password":""}