{"id":"gen9ou-1993636516","p1":"mathismathin","p2":"get ewrecked","format":"[Gen 9] OU","log":"|j|\u2606mathismathin\n|j|\u2606get ewrecked\n|t:|1700340067\n|gametype|singles\n|player|p1|mathismathin|nate|1800\n|player|p2|get ewrecked|102|1854\n|teamsize|p1|6\n|teamsize|p2|6\n|gen|9\n|tier|[Gen 9] OU\n|rated|\n|rule|Sleep Clause Mod: Limit one foe put to sleep\n|rule|Species Clause: Limit one of each Pok\u00e9mon\n|rule|OHKO Clause: OHKO moves are banned\n|rule|Evasion Items Clause: Evasion items are banned\n|rule|Evasion Moves Clause: Evasion moves are banned\n|rule|Endless Battle Clause: Forcing endless battles is banned\n|rule|HP Percentage Mod: HP is shown in percentages\n|clearpoke\n|poke|p1|Wo-Chien|\n|poke|p1|Weezing-Galar, M|\n|poke|p1|Blissey, F|\n|poke|p1|Cyclizar, F|\n|poke|p1|Alomomola, F|\n|poke|p1|Corviknight, F|\n|poke|p2|Zapdos|\n|poke|p2|Ogerpon-Wellspring, F|\n|poke|p2|Cinderace, M|\n|poke|p2|Corviknight, F|\n|poke|p2|Okidogi, M|\n|poke|p2|Ting-Lu|\n|teampreview\n|inactive|Battle timer is ON: inactive players will automatically lose when time's up. (requested by get ewrecked)\n|\n|t:|1700340083\n|start\n|switch|p1a: Cyclizar|Cyclizar, F|100\/100\n|switch|p2a: Okidogi|Okidogi, M|100\/100\n|turn|1\n|\n|t:|1700340088\n|move|p1a: Cyclizar|U-turn|p2a: Okidogi\n|-resisted|p2a: Okidogi\n|-damage|p2a: Okidogi|98\/100\n|\n|t:|1700340090\n|switch|p1a: Weezing|Weezing-Galar, M|100\/100|[from] U-turn\n|-ability|p1a: Weezing|Neutralizing Gas\n|move|p2a: Okidogi|Drain Punch|p1a: Weezing\n|-resisted|p1a: Weezing\n|-damage|p1a: Weezing|95\/100\n|-heal|p2a: Okidogi|100\/100|[from] drain|[of] p1a: Weezing\n|\n|upkeep\n|turn|2\n|\n|t:|1700340099\n|switch|p2a: Cinderace|Cinderace, M|100\/100\n|move|p1a: Weezing|Will-O-Wisp|p2a: Cinderace|[miss]\n|-miss|p1a: Weezing|p2a: Cinderace\n|\n|upkeep\n|turn|3\n|\n|t:|1700340110\n|switch|p2a: Ting-Lu|Ting-Lu|100\/100\n|move|p1a: Weezing|Sludge Bomb|p2a: Ting-Lu\n|-resisted|p2a: Ting-Lu\n|-damage|p2a: Ting-Lu|92\/100\n|\n|-heal|p2a: Ting-Lu|98\/100|[from] item: Leftovers\n|upkeep\n|turn|4\n|\n|t:|1700340118\n|move|p1a: Weezing|Will-O-Wisp|p2a: Ting-Lu\n|-status|p2a: Ting-Lu|brn\n|move|p2a: Ting-Lu|Earthquake|p1a: Weezing\n|-supereffective|p1a: Weezing\n|-damage|p1a: Weezing|68\/100\n|\n|-heal|p2a: Ting-Lu|100\/100 brn|[from] item: Leftovers\n|-damage|p2a: Ting-Lu|94\/100 brn|[from] brn\n|upkeep\n|turn|5\n|j| SwabbyYabby\n|j| srtyjj\n|\n|t:|1700340124\n|move|p1a: Weezing|Pain Split|p2a: Ting-Lu\n|-sethp|p2a: Ting-Lu|69\/100 brn|[from] move: Pain Split|[silent]\n|-sethp|p1a: Weezing|100\/100|[from] move: Pain Split\n|move|p2a: Ting-Lu|Ruination|p1a: Weezing\n|-damage|p1a: Weezing|50\/100\n|\n|-heal|p2a: Ting-Lu|76\/100 brn|[from] item: Leftovers\n|-damage|p2a: Ting-Lu|69\/100 brn|[from] brn\n|upkeep\n|turn|6\n|\n|t:|1700340132\n|-end|p1a: Weezing|ability: Neutralizing Gas\n|-ability|p2a: Ting-Lu|Vessel of Ruin\n|switch|p1a: Wo-Chien|Wo-Chien|100\/100\n|-ability|p1a: Wo-Chien|Tablets of Ruin\n|move|p2a: Ting-Lu|Ruination|p1a: Wo-Chien\n|-damage|p1a: Wo-Chien|50\/100\n|\n|-heal|p1a: Wo-Chien|57\/100|[from] item: Leftovers\n|-heal|p2a: Ting-Lu|76\/100 brn|[from] item: Leftovers\n|-damage|p2a: Ting-Lu|69\/100 brn|[from] brn\n|upkeep\n|turn|7\n|\n|t:|1700340141\n|move|p1a: Wo-Chien|Knock Off|p2a: Ting-Lu\n|-resisted|p2a: Ting-Lu\n|-damage|p2a: Ting-Lu|61\/100 brn\n|-enditem|p2a: Ting-Lu|Leftovers|[from] move: Knock Off|[of] p1a: Wo-Chien\n|move|p2a: Ting-Lu|Whirlwind|p1a: Wo-Chien\n|drag|p1a: Weezing|Weezing-Galar, M|50\/100\n|-ability|p1a: Weezing|Neutralizing Gas\n|\n|-damage|p2a: Ting-Lu|55\/100 brn|[from] brn\n|upkeep\n|turn|8\n|j| LordDarkSkin\n|\n|t:|1700340148\n|move|p1a: Weezing|Pain Split|p2a: Ting-Lu\n|-sethp|p2a: Ting-Lu|44\/100 brn|[from] move: Pain Split|[silent]\n|-sethp|p1a: Weezing|67\/100|[from] move: Pain Split\n|move|p2a: Ting-Lu|Ruination|p1a: Weezing\n|-damage|p1a: Weezing|34\/100\n|\n|-damage|p2a: Ting-Lu|38\/100 brn|[from] brn\n|upkeep\n|turn|9\n|\n|t:|1700340154\n|-end|p1a: Weezing|ability: Neutralizing Gas\n|-ability|p2a: Ting-Lu|Vessel of Ruin\n|switch|p1a: Wo-Chien|Wo-Chien|57\/100\n|-ability|p1a: Wo-Chien|Tablets of Ruin\n|move|p2a: Ting-Lu|Earthquake|p1a: Wo-Chien\n|-resisted|p1a: Wo-Chien\n|-damage|p1a: Wo-Chien|51\/100\n|\n|-heal|p1a: Wo-Chien|57\/100|[from] item: Leftovers\n|-damage|p2a: Ting-Lu|31\/100 brn|[from] brn\n|upkeep\n|turn|10\n|\n|t:|1700340158\n|move|p1a: Wo-Chien|Leech Seed|p2a: Ting-Lu|[miss]\n|-miss|p1a: Wo-Chien|p2a: Ting-Lu\n|move|p2a: Ting-Lu|Whirlwind|p1a: Wo-Chien\n|drag|p1a: Weezing|Weezing-Galar, M|34\/100\n|-ability|p1a: Weezing|Neutralizing Gas\n|\n|-damage|p2a: Ting-Lu|25\/100 brn|[from] brn\n|upkeep\n|turn|11\n|\n|t:|1700340163\n|-end|p1a: Weezing|ability: Neutralizing Gas\n|-ability|p2a: Ting-Lu|Vessel of Ruin\n|switch|p1a: Alomomola|Alomomola, F|100\/100\n|move|p2a: Ting-Lu|Ruination|p1a: Alomomola\n|-damage|p1a: Alomomola|50\/100\n|\n|-heal|p1a: Alomomola|57\/100|[from] item: Leftovers\n|-damage|p2a: Ting-Lu|19\/100 brn|[from] brn\n|upkeep\n|turn|12\n|\n|t:|1700340172\n|switch|p2a: Ogerpon|Ogerpon-Wellspring, F|100\/100\n|move|p1a: Alomomola|Wish|p1a: Alomomola\n|\n|-heal|p1a: Alomomola|63\/100|[from] item: Leftovers\n|upkeep\n|turn|13\n|\n|t:|1700340187\n|switch|p1a: Wo-Chien|Wo-Chien|57\/100\n|-ability|p1a: Wo-Chien|Tablets of Ruin\n|move|p2a: Ogerpon|Zen Headbutt|p1a: Wo-Chien\n|-immune|p1a: Wo-Chien\n|\n|-heal|p1a: Wo-Chien|100\/100|[from] move: Wish|[wisher] Alomomola\n|upkeep\n|turn|14\n|\n|t:|1700340196\n|switch|p2a: Okidogi|Okidogi, M|100\/100\n|move|p1a: Wo-Chien|Knock Off|p2a: Okidogi\n|-resisted|p2a: Okidogi\n|-damage|p2a: Okidogi|88\/100\n|-enditem|p2a: Okidogi|Leftovers|[from] move: Knock Off|[of] p1a: Wo-Chien\n|\n|upkeep\n|turn|15\n|\n|t:|1700340203\n|switch|p1a: Corviknight|Corviknight, F|100\/100\n|-ability|p1a: Corviknight|Pressure\n|move|p2a: Okidogi|Poison Jab|p1a: Corviknight\n|-immune|p1a: Corviknight\n|\n|upkeep\n|turn|16\n|\n|t:|1700340208\n|switch|p1a: Weezing|Weezing-Galar, M|34\/100\n|-ability|p1a: Weezing|Neutralizing Gas\n|move|p2a: Okidogi|Knock Off|p1a: Weezing\n|-resisted|p1a: Weezing\n|-damage|p1a: Weezing|26\/100\n|-enditem|p1a: Weezing|Heavy-Duty Boots|[from] move: Knock Off|[of] p2a: Okidogi\n|\n|upkeep\n|turn|17\n|j| eeferrrerere\n|\n|t:|1700340214\n|move|p2a: Okidogi|Poison Jab|p1a: Weezing\n|-damage|p1a: Weezing|2\/100\n|move|p1a: Weezing|Will-O-Wisp|p2a: Okidogi\n|-status|p2a: Okidogi|brn\n|\n|-damage|p2a: Okidogi|82\/100 brn|[from] brn\n|upkeep\n|turn|18\n|j| kuhihuihihhuhi\n|\n|t:|1700340219\n|-end|p1a: Weezing|ability: Neutralizing Gas\n|switch|p1a: Corviknight|Corviknight, F|100\/100\n|-ability|p1a: Corviknight|Pressure\n|move|p2a: Okidogi|Knock Off|p1a: Corviknight\n|-damage|p1a: Corviknight|91\/100\n|-enditem|p1a: Corviknight|Leftovers|[from] move: Knock Off|[of] p2a: Okidogi\n|\n|-damage|p2a: Okidogi|76\/100 brn|[from] brn\n|upkeep\n|turn|19\n|\n|t:|1700340224\n|move|p2a: Okidogi|Bulk Up|p2a: Okidogi\n|-boost|p2a: Okidogi|atk|1\n|-boost|p2a: Okidogi|def|1\n|move|p1a: Corviknight|Iron Defense|p1a: Corviknight\n|-boost|p1a: Corviknight|def|2\n|\n|-damage|p2a: Okidogi|70\/100 brn|[from] brn\n|upkeep\n|turn|20\n|\n|t:|1700340228\n|move|p2a: Okidogi|Bulk Up|p2a: Okidogi\n|-boost|p2a: Okidogi|atk|1\n|-boost|p2a: Okidogi|def|1\n|move|p1a: Corviknight|Iron Head|p2a: Okidogi\n|-damage|p2a: Okidogi|60\/100 brn\n|\n|-damage|p2a: Okidogi|54\/100 brn|[from] brn\n|upkeep\n|turn|21\n|\n|t:|1700340230\n|move|p2a: Okidogi|Bulk Up|p2a: Okidogi\n|-boost|p2a: Okidogi|atk|1\n|-boost|p2a: Okidogi|def|1\n|move|p1a: Corviknight|Iron Defense|p1a: Corviknight\n|-boost|p1a: Corviknight|def|2\n|\n|-damage|p2a: Okidogi|48\/100 brn|[from] brn\n|upkeep\n|turn|22\n|\n|t:|1700340232\n|move|p2a: Okidogi|Bulk Up|p2a: Okidogi\n|-boost|p2a: Okidogi|atk|1\n|-boost|p2a: Okidogi|def|1\n|move|p1a: Corviknight|Iron Defense|p1a: Corviknight\n|-boost|p1a: Corviknight|def|2\n|\n|-damage|p2a: Okidogi|42\/100 brn|[from] brn\n|upkeep\n|turn|23\n|\n|t:|1700340234\n|move|p2a: Okidogi|Drain Punch|p1a: Corviknight\n|-damage|p1a: Corviknight|84\/100\n|-heal|p2a: Okidogi|45\/100 brn|[from] drain|[of] p1a: Corviknight\n|move|p1a: Corviknight|Body Press|p2a: Okidogi\n|-resisted|p2a: Okidogi\n|-damage|p2a: Okidogi|33\/100 brn\n|\n|-damage|p2a: Okidogi|27\/100 brn|[from] brn\n|upkeep\n|turn|24\n|\n|t:|1700340241\n|move|p2a: Okidogi|Drain Punch|p1a: Corviknight\n|-damage|p1a: Corviknight|76\/100\n|-heal|p2a: Okidogi|31\/100 brn|[from] drain|[of] p1a: Corviknight\n|move|p1a: Corviknight|Body Press|p2a: Okidogi\n|-resisted|p2a: Okidogi\n|-damage|p2a: Okidogi|19\/100 brn\n|\n|-damage|p2a: Okidogi|13\/100 brn|[from] brn\n|upkeep\n|turn|25\n|\n|t:|1700340243\n|move|p2a: Okidogi|Drain Punch|p1a: Corviknight\n|-damage|p1a: Corviknight|69\/100\n|-heal|p2a: Okidogi|17\/100 brn|[from] drain|[of] p1a: Corviknight\n|move|p1a: Corviknight|Body Press|p2a: Okidogi\n|-resisted|p2a: Okidogi\n|-damage|p2a: Okidogi|4\/100 brn\n|\n|-damage|p2a: Okidogi|0 fnt|[from] brn\n|faint|p2a: Okidogi\n|upkeep\n|\n|t:|1700340245\n|switch|p2a: Zapdos|Zapdos|100\/100\n|turn|26\n|\n|t:|1700340248\n|switch|p1a: Cyclizar|Cyclizar, F|100\/100\n|move|p2a: Zapdos|U-turn|p1a: Cyclizar\n|-damage|p1a: Cyclizar|81\/100\n|\n|t:|1700340263\n|switch|p2a: Corviknight|Corviknight, F|100\/100|[from] U-turn\n|-ability|p2a: Corviknight|Pressure\n|\n|upkeep\n|turn|27\n|\n|t:|1700340267\n|switch|p1a: Alomomola|Alomomola, F|96\/100\n|move|p2a: Corviknight|Body Press|p1a: Alomomola\n|-damage|p1a: Alomomola|81\/100\n|\n|-heal|p1a: Alomomola|87\/100|[from] item: Leftovers\n|upkeep\n|turn|28\n|\n|t:|1700340269\n|move|p2a: Corviknight|U-turn|p1a: Alomomola\n|-damage|p1a: Alomomola|79\/100\n|\n|t:|1700340274\n|switch|p2a: Zapdos|Zapdos|100\/100|[from] U-turn\n|move|p1a: Alomomola|Wish|p1a: Alomomola\n|\n|-heal|p1a: Alomomola|85\/100|[from] item: Leftovers\n|upkeep\n|turn|29\n|\n|t:|1700340278\n|move|p2a: Zapdos|U-turn|p1a: Alomomola\n|-damage|p1a: Alomomola|77\/100\n|\n|t:|1700340281\n|switch|p2a: Ogerpon|Ogerpon-Wellspring, F|100\/100|[from] U-turn\n|move|p1a: Alomomola|Flip Turn|p2a: Ogerpon\n|-immune|p2a: Ogerpon|[from] ability: Water Absorb\n|\n|-heal|p1a: Alomomola|100\/100|[from] move: Wish|[wisher] Alomomola\n|upkeep\n|turn|30\n|\n|t:|1700340289\n|switch|p2a: Cinderace|Cinderace, M|100\/100\n|switch|p1a: Wo-Chien|Wo-Chien|100\/100\n|-ability|p1a: Wo-Chien|Tablets of Ruin\n|\n|upkeep\n|turn|31\n|\n|t:|1700340291\n|switch|p1a: Alomomola|Alomomola, F|100\/100\n|move|p2a: Cinderace|U-turn|p1a: Alomomola\n|-start|p2a: Cinderace|typechange|Bug|[from] ability: Libero\n|-damage|p1a: Alomomola|78\/100\n|j| isoptera\n|\n|t:|1700340302\n|switch|p2a: Zapdos|Zapdos|100\/100|[from] U-turn\n|\n|-heal|p1a: Alomomola|84\/100|[from] item: Leftovers\n|upkeep\n|turn|32\n|j| Van Pyro\n|\n|t:|1700340306\n|move|p2a: Zapdos|U-turn|p1a: Alomomola\n|-damage|p1a: Alomomola|76\/100\n|\n|t:|1700340310\n|switch|p2a: Ogerpon|Ogerpon-Wellspring, F|100\/100|[from] U-turn\n|move|p1a: Alomomola|Mirror Coat||[still]\n|-fail|p1a: Alomomola\n|\n|-heal|p1a: Alomomola|82\/100|[from] item: Leftovers\n|upkeep\n|turn|33\n|j| CutePokesOnly\n|\n|t:|1700340321\n|switch|p2a: Cinderace|Cinderace, M|100\/100\n|switch|p1a: Wo-Chien|Wo-Chien|100\/100\n|-ability|p1a: Wo-Chien|Tablets of Ruin\n|\n|upkeep\n|turn|34\n|\n|t:|1700340324\n|switch|p1a: Alomomola|Alomomola, F|100\/100\n|move|p2a: Cinderace|U-turn|p1a: Alomomola\n|-start|p2a: Cinderace|typechange|Bug|[from] ability: Libero\n|-damage|p1a: Alomomola|80\/100\n|\n|t:|1700340326\n|switch|p2a: Zapdos|Zapdos|100\/100|[from] U-turn\n|\n|-heal|p1a: Alomomola|86\/100|[from] item: Leftovers\n|upkeep\n|turn|35\n|\n|t:|1700340329\n|move|p2a: Zapdos|U-turn|p1a: Alomomola\n|-damage|p1a: Alomomola|79\/100\n|j| dfghhhg\n|\n|t:|1700340333\n|switch|p2a: Ogerpon|Ogerpon-Wellspring, F|100\/100|[from] U-turn\n|move|p1a: Alomomola|Mirror Coat||[still]\n|-fail|p1a: Alomomola\n|\n|-heal|p1a: Alomomola|85\/100|[from] item: Leftovers\n|upkeep\n|turn|36\n|\n|t:|1700340338\n|switch|p2a: Zapdos|Zapdos|100\/100\n|switch|p1a: Wo-Chien|Wo-Chien|100\/100\n|-ability|p1a: Wo-Chien|Tablets of Ruin\n|\n|upkeep\n|turn|37\n|\n|t:|1700340342\n|switch|p1a: Blissey|Blissey, F|100\/100\n|move|p2a: Zapdos|Hurricane|p1a: Blissey\n|-damage|p1a: Blissey|82\/100\n|-start|p1a: Blissey|confusion\n|\n|upkeep\n|turn|38\n|\n|t:|1700340346\n|move|p2a: Zapdos|U-turn|p1a: Blissey\n|-damage|p1a: Blissey|68\/100\n|\n|t:|1700340349\n|switch|p2a: Ogerpon|Ogerpon-Wellspring, F|100\/100|[from] U-turn\n|-activate|p1a: Blissey|confusion\n|move|p1a: Blissey|Stealth Rock|p2a: Ogerpon\n|-sidestart|p2: get ewrecked|move: Stealth Rock\n|\n|upkeep\n|turn|39\n|\n|t:|1700340354\n|switch|p2a: Cinderace|Cinderace, M|100\/100\n|switch|p1a: Wo-Chien|Wo-Chien|100\/100\n|-ability|p1a: Wo-Chien|Tablets of Ruin\n|\n|upkeep\n|turn|40\n|\n|t:|1700340357\n|move|p2a: Cinderace|Court Change|p2a: Cinderace\n|-start|p2a: Cinderace|typechange|Normal|[from] ability: Libero\n|-swapsideconditions\n|-activate|p2a: Cinderace|move: Court Change\n|move|p1a: Wo-Chien|Knock Off|p2a: Cinderace\n|-damage|p2a: Cinderace|59\/100\n|-enditem|p2a: Cinderace|Heavy-Duty Boots|[from] move: Knock Off|[of] p1a: Wo-Chien\n|\n|upkeep\n|turn|41\n|\n|t:|1700340362\n|switch|p1a: Alomomola|Alomomola, F|100\/100\n|-damage|p1a: Alomomola|88\/100|[from] Stealth Rock\n|move|p2a: Cinderace|U-turn|p1a: Alomomola\n|-damage|p1a: Alomomola|74\/100\n|\n|t:|1700340364\n|switch|p2a: Zapdos|Zapdos|100\/100|[from] U-turn\n|\n|-heal|p1a: Alomomola|80\/100|[from] item: Leftovers\n|upkeep\n|turn|42\n|\n|t:|1700340367\n|move|p1a: Alomomola|Protect|p1a: Alomomola\n|-singleturn|p1a: Alomomola|Protect\n|move|p2a: Zapdos|U-turn|p1a: Alomomola\n|-activate|p1a: Alomomola|move: Protect\n|\n|-heal|p1a: Alomomola|86\/100|[from] item: Leftovers\n|upkeep\n|turn|43\n|\n|t:|1700340370\n|move|p2a: Zapdos|Thunderbolt|p1a: Alomomola\n|-supereffective|p1a: Alomomola\n|-damage|p1a: Alomomola|10\/100\n|move|p1a: Alomomola|Wish|p1a: Alomomola\n|\n|-heal|p1a: Alomomola|16\/100|[from] item: Leftovers\n|upkeep\n|turn|44\n|\n|t:|1700340375\n|move|p1a: Alomomola|Protect|p1a: Alomomola\n|-singleturn|p1a: Alomomola|Protect\n|move|p2a: Zapdos|Thunderbolt|p1a: Alomomola\n|-activate|p1a: Alomomola|move: Protect\n|\n|-heal|p1a: Alomomola|66\/100|[from] move: Wish|[wisher] Alomomola\n|-heal|p1a: Alomomola|72\/100|[from] item: Leftovers\n|upkeep\n|turn|45\n|\n|t:|1700340377\n|switch|p1a: Cyclizar|Cyclizar, F|100\/100\n|move|p2a: Zapdos|Thunderbolt|p1a: Cyclizar\n|-resisted|p1a: Cyclizar\n|-damage|p1a: Cyclizar|75\/100\n|\n|upkeep\n|turn|46\n|\n|t:|1700340383\n|move|p2a: Zapdos|Hurricane|p1a: Cyclizar\n|-damage|p1a: Cyclizar|13\/100\n|-start|p1a: Cyclizar|confusion\n|-activate|p1a: Cyclizar|confusion\n|-damage|p1a: Cyclizar|2\/100|[from] confusion\n|\n|upkeep\n|turn|47\n|\n|t:|1700340389\n|switch|p1a: Alomomola|Alomomola, F|100\/100\n|-damage|p1a: Alomomola|88\/100|[from] Stealth Rock\n|move|p2a: Zapdos|Thunderbolt|p1a: Alomomola\n|-supereffective|p1a: Alomomola\n|-damage|p1a: Alomomola|8\/100\n|\n|-heal|p1a: Alomomola|14\/100|[from] item: Leftovers\n|upkeep\n|turn|48\n|\n|t:|1700340393\n|switch|p1a: Blissey|Blissey, F|68\/100\n|move|p2a: Zapdos|Hurricane|p1a: Blissey\n|-damage|p1a: Blissey|52\/100\n|\n|upkeep\n|turn|49\n|\n|t:|1700340396\n|move|p2a: Zapdos|U-turn|p1a: Blissey\n|-damage|p1a: Blissey|38\/100\n|c| LordDarkSkin|you notbeating this stall man\n|\n|t:|1700340400\n|switch|p2a: Cinderace|Cinderace, M|59\/100|[from] U-turn\n|move|p1a: Blissey|Soft-Boiled|p1a: Blissey\n|-heal|p1a: Blissey|88\/100\n|\n|upkeep\n|turn|50\n|\n|t:|1700340408\n|switch|p1a: Weezing|Weezing-Galar, M|2\/100\n|-ability|p1a: Weezing|Neutralizing Gas\n|-damage|p1a: Weezing|0 fnt|[from] Stealth Rock\n|faint|p1a: Weezing\n|-end|p1a: Weezing|ability: Neutralizing Gas\n|move|p2a: Cinderace|U-turn|p1: Weezing|[notarget]\n|-fail|p2a: Cinderace\n|\n|upkeep\n|\n|t:|1700340411\n|switch|p1a: Alomomola|Alomomola, F|47\/100\n|-damage|p1a: Alomomola|35\/100|[from] Stealth Rock\n|turn|51\n|c| LordDarkSkin|shi tragic\n|\n|t:|1700340416\n|switch|p2a: Zapdos|Zapdos|100\/100\n|move|p1a: Alomomola|Wish|p1a: Alomomola\n|\n|-heal|p1a: Alomomola|41\/100|[from] item: Leftovers\n|upkeep\n|turn|52\n|\n|t:|1700340421\n|move|p1a: Alomomola|Protect|p1a: Alomomola\n|-singleturn|p1a: Alomomola|Protect\n|move|p2a: Zapdos|U-turn|p1a: Alomomola\n|-activate|p1a: Alomomola|move: Protect\n|\n|-heal|p1a: Alomomola|91\/100|[from] move: Wish|[wisher] Alomomola\n|-heal|p1a: Alomomola|97\/100|[from] item: Leftovers\n|upkeep\n|turn|53\n|\n|t:|1700340425\n|move|p2a: Zapdos|Thunderbolt|p1a: Alomomola\n|-supereffective|p1a: Alomomola\n|-damage|p1a: Alomomola|16\/100\n|move|p1a: Alomomola|Wish|p1a: Alomomola\n|\n|-heal|p1a: Alomomola|22\/100|[from] item: Leftovers\n|upkeep\n|turn|54\n|\n|t:|1700340429\n|move|p1a: Alomomola|Protect|p1a: Alomomola\n|-singleturn|p1a: Alomomola|Protect\n|move|p2a: Zapdos|U-turn|p1a: Alomomola\n|-activate|p1a: Alomomola|move: Protect\n|\n|-heal|p1a: Alomomola|72\/100|[from] move: Wish|[wisher] Alomomola\n|-heal|p1a: Alomomola|78\/100|[from] item: Leftovers\n|upkeep\n|turn|55\n|\n|t:|1700340432\n|-terastallize|p1a: Alomomola|Ghost\n|move|p2a: Zapdos|Thunderbolt|p1a: Alomomola\n|-damage|p1a: Alomomola|40\/100\n|move|p1a: Alomomola|Mirror Coat|p2a: Zapdos\n|-damage|p2a: Zapdos|0 fnt\n|faint|p2a: Zapdos\n|\n|-heal|p1a: Alomomola|46\/100|[from] item: Leftovers\n|upkeep\n|\n|t:|1700340439\n|switch|p2a: Ogerpon|Ogerpon-Wellspring, F|100\/100\n|turn|56\n|\n|t:|1700340441\n|switch|p2a: Cinderace|Cinderace, M|59\/100\n|switch|p1a: Wo-Chien|Wo-Chien|100\/100\n|-damage|p1a: Wo-Chien|88\/100|[from] Stealth Rock\n|-ability|p1a: Wo-Chien|Tablets of Ruin\n|\n|-heal|p1a: Wo-Chien|94\/100|[from] item: Leftovers\n|upkeep\n|turn|57\n|\n|t:|1700340447\n|switch|p1a: Alomomola|Alomomola, F, tera:Ghost|79\/100\n|-damage|p1a: Alomomola|67\/100|[from] Stealth Rock\n|move|p2a: Cinderace|U-turn|p1a: Alomomola\n|-start|p2a: Cinderace|typechange|Bug|[from] ability: Libero\n|-resisted|p1a: Alomomola\n|-damage|p1a: Alomomola|56\/100\n|\n|t:|1700340456\n|switch|p2a: Ogerpon|Ogerpon-Wellspring, F|100\/100|[from] U-turn\n|\n|-heal|p1a: Alomomola|62\/100|[from] item: Leftovers\n|upkeep\n|turn|58\n|\n|t:|1700340460\n|switch|p2a: Cinderace|Cinderace, M|59\/100\n|move|p1a: Alomomola|Wish|p1a: Alomomola\n|\n|-heal|p1a: Alomomola|68\/100|[from] item: Leftovers\n|upkeep\n|turn|59\n|\n|t:|1700340469\n|switch|p2a: Ogerpon|Ogerpon-Wellspring, F|100\/100\n|move|p1a: Alomomola|Protect||[still]\n|-fail|p1a: Alomomola\n|\n|-heal|p1a: Alomomola|100\/100|[from] move: Wish|[wisher] Alomomola\n|upkeep\n|turn|60\n|\n|t:|1700340473\n|move|p2a: Ogerpon|Swords Dance|p2a: Ogerpon\n|-boost|p2a: Ogerpon|atk|2\n|move|p1a: Alomomola|Flip Turn|p2a: Ogerpon\n|-immune|p2a: Ogerpon|[from] ability: Water Absorb\n|\n|upkeep\n|turn|61\n|\n|t:|1700340479\n|switch|p1a: Wo-Chien|Wo-Chien|94\/100\n|-damage|p1a: Wo-Chien|82\/100|[from] Stealth Rock\n|-ability|p1a: Wo-Chien|Tablets of Ruin\n|-terastallize|p2a: Ogerpon|Water\n|detailschange|p2a: Ogerpon|Ogerpon-Wellspring-Tera, F, tera:Water\n|-ability|p2a: Ogerpon|Embody Aspect (Wellspring)|boost\n|-boost|p2a: Ogerpon|spd|1\n|move|p2a: Ogerpon|Ivy Cudgel|p1a: Wo-Chien|[anim] Ivy Cudgel Water\n|-resisted|p1a: Wo-Chien\n|-damage|p1a: Wo-Chien|33\/100\n|\n|-heal|p1a: Wo-Chien|39\/100|[from] item: Leftovers\n|upkeep\n|turn|62\n|c|\u2606mathismathin|gg\n|-message|mathismathin forfeited.\n|\n|win|get ewrecked\n|raw|mathismathin's rating: 1800 &rarr; <strong>1783<\/strong><br \/>(-17 for losing)\n|raw|get ewrecked's rating: 1854 &rarr; <strong>1871<\/strong><br \/>(+17 for winning)\n|c|\u2606get ewrecked|gg\n|l|\u2606mathismathin\n|c|\u2606get ewrecked|who was yappin\n|l| kuhihuihihhuhi\n|l| Van Pyro\n|l| isoptera\n|l| eeferrrerere\n|j| kuhihuihihhuhi\n|l| kuhihuihihhuhi\n|l| srtyjj\n","uploadtime":1700340492,"views":11,"p1id":"mathismathin","p2id":"getewrecked","formatid":"gen9ou","rating":1783,"private":0,"password":""}