{"id":"gen9ou-1991961778","p1":"Pokeblox1678","p2":"wyverbal","format":"[Gen 9] OU","log":"|j|\u2606Pokeblox1678\n|j|\u2606wyverbal\n|t:|1700142903\n|gametype|singles\n|player|p1|Pokeblox1678|265|1164\n|player|p2|wyverbal|101|1164\n|teamsize|p1|6\n|teamsize|p2|6\n|gen|9\n|tier|[Gen 9] OU\n|rated|\n|rule|Sleep Clause Mod: Limit one foe put to sleep\n|rule|Species Clause: Limit one of each Pok\u00e9mon\n|rule|OHKO Clause: OHKO moves are banned\n|rule|Evasion Items Clause: Evasion items are banned\n|rule|Evasion Moves Clause: Evasion moves are banned\n|rule|Endless Battle Clause: Forcing endless battles is banned\n|rule|HP Percentage Mod: HP is shown in percentages\n|clearpoke\n|poke|p1|Decidueye-Hisui, M|\n|poke|p1|Heatran, M|\n|poke|p1|Crawdaunt, M|\n|poke|p1|Ribombee, M|\n|poke|p1|Landorus-Therian, M|\n|poke|p1|Gholdengo|\n|poke|p2|Dipplin, F|\n|poke|p2|Enamorus-Therian, F|\n|poke|p2|Swalot, F|\n|poke|p2|Okidogi, M|\n|poke|p2|Flareon, F|\n|poke|p2|Dondozo, F|\n|teampreview\n|inactive|Battle timer is ON: inactive players will automatically lose when time's up. (requested by wyverbal)\n|\n|t:|1700142918\n|start\n|switch|p1a: Ribombee|Ribombee, M|100\/100\n|switch|p2a: Enamorus|Enamorus-Therian, F, shiny|100\/100\n|turn|1\n|\n|t:|1700142921\n|move|p1a: Ribombee|Sticky Web|p2a: Enamorus\n|-sidestart|p2: wyverbal|move: Sticky Web\n|move|p2a: Enamorus|Agility|p2a: Enamorus\n|-boost|p2a: Enamorus|spe|2\n|\n|upkeep\n|turn|2\n|\n|t:|1700142930\n|move|p2a: Enamorus|Moonblast|p1a: Ribombee\n|-damage|p1a: Ribombee|32\/100\n|move|p1a: Ribombee|Moonblast|p2a: Enamorus\n|-damage|p2a: Enamorus|61\/100\n|\n|upkeep\n|turn|3\n|\n|t:|1700142936\n|move|p2a: Enamorus|Moonblast|p1a: Ribombee\n|-damage|p1a: Ribombee|0 fnt\n|faint|p1a: Ribombee\n|\n|upkeep\n|\n|t:|1700142950\n|switch|p1a: Gholdengo|Gholdengo|100\/100\n|turn|4\n|\n|t:|1700142955\n|-terastallize|p2a: Enamorus|Ground\n|move|p2a: Enamorus|Earth Power|p1a: Gholdengo\n|-supereffective|p1a: Gholdengo\n|-damage|p1a: Gholdengo|0 fnt\n|faint|p1a: Gholdengo\n|\n|upkeep\n|\n|t:|1700142960\n|switch|p1a: Crawdaunt|Crawdaunt, M|100\/100\n|turn|5\n|\n|t:|1700142964\n|move|p1a: Crawdaunt|Aqua Jet|p2a: Enamorus\n|-supereffective|p2a: Enamorus\n|-damage|p2a: Enamorus|0 fnt\n|faint|p2a: Enamorus\n|\n|upkeep\n|\n|t:|1700142974\n|switch|p2a: Okidogi|Okidogi, M|100\/100\n|-activate|p2a: Okidogi|move: Sticky Web\n|-unboost|p2a: Okidogi|spe|1\n|turn|6\n|\n|t:|1700142980\n|switch|p1a: Landorus|Landorus-Therian, M|100\/100\n|-ability|p1a: Landorus|Intimidate|boost\n|-ability|p2a: Okidogi|Guard Dog|boost\n|-boost|p2a: Okidogi|atk|1\n|move|p2a: Okidogi|Bulk Up|p2a: Okidogi\n|-boost|p2a: Okidogi|atk|1\n|-boost|p2a: Okidogi|def|1\n|\n|upkeep\n|turn|7\n|\n|t:|1700142992\n|move|p1a: Landorus|Taunt|p2a: Okidogi\n|-start|p2a: Okidogi|move: Taunt\n|move|p2a: Okidogi|Drain Punch|p1a: Landorus\n|-resisted|p1a: Landorus\n|-damage|p1a: Landorus|51\/100\n|\n|-heal|p1a: Landorus|57\/100|[from] item: Leftovers\n|upkeep\n|turn|8\n|\n|t:|1700143001\n|move|p1a: Landorus|Earthquake|p2a: Okidogi\n|-supereffective|p2a: Okidogi\n|-damage|p2a: Okidogi|43\/100\n|-enditem|p2a: Okidogi|Sitrus Berry|[eat]\n|-heal|p2a: Okidogi|68\/100|[from] item: Sitrus Berry\n|move|p2a: Okidogi|Drain Punch|p1a: Landorus\n|-resisted|p1a: Landorus\n|-damage|p1a: Landorus|10\/100\n|-heal|p2a: Okidogi|88\/100|[from] drain|[of] p1a: Landorus\n|\n|-heal|p1a: Landorus|16\/100|[from] item: Leftovers\n|upkeep\n|turn|9\n|\n|t:|1700143013\n|move|p1a: Landorus|Earthquake|p2a: Okidogi\n|-supereffective|p2a: Okidogi\n|-damage|p2a: Okidogi|23\/100\n|move|p2a: Okidogi|Drain Punch|p1a: Landorus\n|-resisted|p1a: Landorus\n|-damage|p1a: Landorus|0 fnt\n|-heal|p2a: Okidogi|30\/100|[from] drain|[of] p1a: Landorus\n|faint|p1a: Landorus\n|\n|-end|p2a: Okidogi|move: Taunt\n|upkeep\n|\n|t:|1700143019\n|switch|p1a: Crawdaunt|Crawdaunt, M|100\/100\n|turn|10\n|\n|t:|1700143026\n|move|p1a: Crawdaunt|Crabhammer|p2a: Okidogi|[miss]\n|-miss|p1a: Crawdaunt|p2a: Okidogi\n|move|p2a: Okidogi|Drain Punch|p1a: Crawdaunt\n|-supereffective|p1a: Crawdaunt\n|-damage|p1a: Crawdaunt|0 fnt\n|-heal|p2a: Okidogi|73\/100|[from] drain|[of] p1a: Crawdaunt\n|faint|p1a: Crawdaunt\n|\n|upkeep\n|\n|t:|1700143038\n|switch|p1a: Heatran|Heatran, M|100\/100\n|turn|11\n|\n|t:|1700143043\n|-terastallize|p1a: Heatran|Flying\n|move|p1a: Heatran|Magma Storm|p2a: Okidogi|[miss]\n|-miss|p1a: Heatran|p2a: Okidogi\n|move|p2a: Okidogi|Drain Punch|p1a: Heatran\n|-resisted|p1a: Heatran\n|-damage|p1a: Heatran|66\/100\n|-heal|p2a: Okidogi|91\/100|[from] drain|[of] p1a: Heatran\n|\n|upkeep\n|turn|12\n|\n|t:|1700143051\n|move|p1a: Heatran|Magma Storm|p2a: Okidogi\n|-damage|p2a: Okidogi|21\/100\n|-activate|p2a: Okidogi|move: Magma Storm|[of] p1a: Heatran\n|-damage|p1a: Heatran|56\/100|[from] item: Life Orb\n|move|p2a: Okidogi|Poison Jab|p1a: Heatran\n|-damage|p1a: Heatran|0 fnt\n|faint|p1a: Heatran\n|\n|-end|p2a: Okidogi|Magma Storm|[partiallytrapped]|[silent]\n|upkeep\n|\n|t:|1700143056\n|switch|p1a: Decidueye|Decidueye-Hisui, M, shiny|100\/100\n|turn|13\n|\n|t:|1700143067\n|move|p1a: Decidueye|Leaf Blade|p2a: Okidogi\n|-resisted|p2a: Okidogi\n|-damage|p2a: Okidogi|8\/100\n|move|p2a: Okidogi|Drain Punch|p1a: Decidueye\n|-damage|p1a: Decidueye|14\/100\n|-heal|p2a: Okidogi|51\/100|[from] drain|[of] p1a: Decidueye\n|\n|upkeep\n|turn|14\n|\n|t:|1700143075\n|move|p1a: Decidueye|Leaf Blade|p2a: Okidogi\n|-resisted|p2a: Okidogi\n|-damage|p2a: Okidogi|39\/100\n|move|p2a: Okidogi|Drain Punch|p1a: Decidueye\n|-damage|p1a: Decidueye|0 fnt\n|-heal|p2a: Okidogi|45\/100|[from] drain|[of] p1a: Decidueye\n|faint|p1a: Decidueye\n|\n|win|wyverbal\n|raw|Pokeblox1678's rating: 1164 &rarr; <strong>1139<\/strong><br \/>(-25 for losing)\n|raw|wyverbal's rating: 1164 &rarr; <strong>1189<\/strong><br \/>(+25 for winning)\n|l|\u2606Pokeblox1678\n","uploadtime":1700143083,"views":13,"p1id":"pokeblox1678","p2id":"wyverbal","formatid":"gen9ou","rating":1139,"private":0,"password":""}