{"id":"gen9ou-2000155524","p1":"looooaicici","p2":"MafeIsMental","format":"[Gen 9] OU","log":"|j|\u2606looooaicici\n|j|\u2606MafeIsMental\n|t:|1701164401\n|gametype|singles\n|player|p1|looooaicici|dragontamer|1175\n|player|p2|MafeIsMental|rocketgruntf|1182\n|teamsize|p1|6\n|teamsize|p2|6\n|gen|9\n|tier|[Gen 9] OU\n|rated|\n|rule|Sleep Clause Mod: Limit one foe put to sleep\n|rule|Species Clause: Limit one of each Pok\u00e9mon\n|rule|OHKO Clause: OHKO moves are banned\n|rule|Evasion Items Clause: Evasion items are banned\n|rule|Evasion Moves Clause: Evasion moves are banned\n|rule|Endless Battle Clause: Forcing endless battles is banned\n|rule|HP Percentage Mod: HP is shown in percentages\n|clearpoke\n|poke|p1|Iron Jugulis|\n|poke|p1|Ogerpon-Wellspring, F|\n|poke|p1|Tinkaton, F|\n|poke|p1|Iron Moth|\n|poke|p1|Great Tusk|\n|poke|p1|Dragapult, F|\n|poke|p2|Hatterene, F|\n|poke|p2|Toxapex, F|\n|poke|p2|Great Tusk|\n|poke|p2|Grimmsnarl, M|\n|poke|p2|Skeledirge, M|\n|poke|p2|Greninja-*, M|\n|teampreview\n|inactive|Battle timer is ON: inactive players will automatically lose when time's up. (requested by MafeIsMental)\n|\n|t:|1701164407\n|start\n|switch|p1a: Iron Jugulis|Iron Jugulis|100\/100\n|switch|p2a: Uncle Jerry|Grimmsnarl, M|100\/100\n|-enditem|p1a: Iron Jugulis|Booster Energy\n|-activate|p1a: Iron Jugulis|ability: Quark Drive|[fromitem]\n|-start|p1a: Iron Jugulis|quarkdrivespe\n|turn|1\n|\n|t:|1701164413\n|move|p2a: Uncle Jerry|Light Screen|p2a: Uncle Jerry\n|-sidestart|p2: MafeIsMental|move: Light Screen\n|move|p1a: Iron Jugulis|Knock Off|p2a: Uncle Jerry\n|-resisted|p2a: Uncle Jerry\n|-damage|p2a: Uncle Jerry|93\/100\n|-enditem|p2a: Uncle Jerry|Light Clay|[from] move: Knock Off|[of] p1a: Iron Jugulis\n|\n|upkeep\n|turn|2\n|\n|t:|1701164418\n|move|p2a: Uncle Jerry|Reflect|p2a: Uncle Jerry\n|-sidestart|p2: MafeIsMental|Reflect\n|move|p1a: Iron Jugulis|Earth Power|p2a: Uncle Jerry\n|-damage|p2a: Uncle Jerry|82\/100\n|\n|upkeep\n|turn|3\n|\n|t:|1701164437\n|switch|p2a: DeathPex|Toxapex, F|100\/100\n|move|p1a: Iron Jugulis|Hurricane|p2a: DeathPex\n|-damage|p2a: DeathPex|77\/100\n|\n|-heal|p2a: DeathPex|83\/100|[from] item: Black Sludge\n|upkeep\n|turn|4\n|\n|t:|1701164453\n|move|p1a: Iron Jugulis|Earth Power|p2a: DeathPex\n|-supereffective|p2a: DeathPex\n|-damage|p2a: DeathPex|59\/100\n|move|p2a: DeathPex|Infestation|p1a: Iron Jugulis\n|-damage|p1a: Iron Jugulis|96\/100\n|-activate|p1a: Iron Jugulis|move: Infestation|[of] p2a: DeathPex\n|\n|-heal|p2a: DeathPex|66\/100|[from] item: Black Sludge\n|-damage|p1a: Iron Jugulis|84\/100|[from] move: Infestation|[partiallytrapped]\n|upkeep\n|turn|5\n|\n|t:|1701164459\n|move|p1a: Iron Jugulis|Knock Off|p2a: DeathPex\n|-damage|p2a: DeathPex|58\/100\n|-enditem|p2a: DeathPex|Black Sludge|[from] move: Knock Off|[of] p1a: Iron Jugulis\n|move|p2a: DeathPex|Recover|p2a: DeathPex\n|-heal|p2a: DeathPex|100\/100\n|\n|-damage|p1a: Iron Jugulis|71\/100|[from] move: Infestation|[partiallytrapped]\n|upkeep\n|turn|6\n|\n|t:|1701164473\n|move|p1a: Iron Jugulis|Taunt|p2a: DeathPex\n|-start|p2a: DeathPex|move: Taunt\n|cant|p2a: DeathPex|move: Taunt|Toxic\n|\n|-damage|p1a: Iron Jugulis|59\/100|[from] move: Infestation|[partiallytrapped]\n|-sideend|p2: MafeIsMental|Reflect\n|upkeep\n|turn|7\n|\n|t:|1701164478\n|move|p1a: Iron Jugulis|Earth Power|p2a: DeathPex\n|-supereffective|p2a: DeathPex\n|-damage|p2a: DeathPex|76\/100\n|-unboost|p2a: DeathPex|spd|1\n|move|p2a: DeathPex|Infestation|p1a: Iron Jugulis\n|-damage|p1a: Iron Jugulis|55\/100\n|\n|-damage|p1a: Iron Jugulis|42\/100|[from] move: Infestation|[partiallytrapped]\n|upkeep\n|turn|8\n|\n|t:|1701164489\n|switch|p2a: Uncle Jerry|Grimmsnarl, M|82\/100\n|move|p1a: Iron Jugulis|Hurricane|p2a: Uncle Jerry\n|-damage|p2a: Uncle Jerry|63\/100\n|\n|-end|p1a: Iron Jugulis|Infestation|[partiallytrapped]\n|-sideend|p2: MafeIsMental|move: Light Screen\n|upkeep\n|turn|9\n|\n|t:|1701164496\n|move|p2a: Uncle Jerry|Light Screen|p2a: Uncle Jerry\n|-sidestart|p2: MafeIsMental|move: Light Screen\n|move|p1a: Iron Jugulis|Hurricane|p2a: Uncle Jerry|[miss]\n|-miss|p1a: Iron Jugulis|p2a: Uncle Jerry\n|\n|upkeep\n|turn|10\n|\n|t:|1701164502\n|move|p2a: Uncle Jerry|Reflect|p2a: Uncle Jerry\n|-sidestart|p2: MafeIsMental|Reflect\n|move|p1a: Iron Jugulis|Taunt|p2a: Uncle Jerry\n|-start|p2a: Uncle Jerry|move: Taunt\n|\n|upkeep\n|turn|11\n|\n|t:|1701164508\n|switch|p2a: DeathPex|Toxapex, F|100\/100\n|move|p1a: Iron Jugulis|Earth Power|p2a: DeathPex\n|-supereffective|p2a: DeathPex\n|-damage|p2a: DeathPex|75\/100\n|\n|upkeep\n|turn|12\n|\n|t:|1701164528\n|move|p1a: Iron Jugulis|Earth Power|p2a: DeathPex\n|-supereffective|p2a: DeathPex\n|-damage|p2a: DeathPex|52\/100\n|move|p2a: DeathPex|Infestation|p1a: Iron Jugulis\n|-damage|p1a: Iron Jugulis|38\/100\n|-activate|p1a: Iron Jugulis|move: Infestation|[of] p2a: DeathPex\n|\n|-damage|p1a: Iron Jugulis|26\/100|[from] move: Infestation|[partiallytrapped]\n|upkeep\n|turn|13\n|\n|t:|1701164537\n|switch|p2a: HatTrick|Hatterene, F|100\/100\n|move|p1a: Iron Jugulis|Taunt|p2a: HatTrick\n|move|p2a: HatTrick|Taunt|p1a: Iron Jugulis|[from]ability: Magic Bounce\n|-start|p1a: Iron Jugulis|move: Taunt\n|\n|-end|p1a: Iron Jugulis|Infestation|[partiallytrapped]|[silent]\n|-sideend|p2: MafeIsMental|move: Light Screen\n|upkeep\n|turn|14\n|\n|t:|1701164550\n|switch|p2a: Uncle Jerry|Grimmsnarl, M|63\/100\n|move|p1a: Iron Jugulis|Knock Off|p2a: Uncle Jerry\n|-resisted|p2a: Uncle Jerry\n|-damage|p2a: Uncle Jerry|60\/100\n|\n|-sideend|p2: MafeIsMental|Reflect\n|upkeep\n|turn|15\n|\n|t:|1701164554\n|move|p2a: Uncle Jerry|Light Screen|p2a: Uncle Jerry\n|-sidestart|p2: MafeIsMental|move: Light Screen\n|move|p1a: Iron Jugulis|Hurricane|p2a: Uncle Jerry|[miss]\n|-miss|p1a: Iron Jugulis|p2a: Uncle Jerry\n|\n|upkeep\n|turn|16\n|\n|t:|1701164557\n|move|p2a: Uncle Jerry|Reflect|p2a: Uncle Jerry\n|-sidestart|p2: MafeIsMental|Reflect\n|move|p1a: Iron Jugulis|Hurricane|p2a: Uncle Jerry|[miss]\n|-miss|p1a: Iron Jugulis|p2a: Uncle Jerry\n|\n|-end|p1a: Iron Jugulis|move: Taunt\n|upkeep\n|turn|17\n|\n|t:|1701164572\n|switch|p2a: DeathPex|Toxapex, F|85\/100\n|move|p1a: Iron Jugulis|Hurricane|p2a: DeathPex\n|-damage|p2a: DeathPex|60\/100\n|-start|p2a: DeathPex|confusion\n|\n|upkeep\n|turn|18\n|\n|t:|1701164579\n|move|p1a: Iron Jugulis|Earth Power|p2a: DeathPex\n|-supereffective|p2a: DeathPex\n|-damage|p2a: DeathPex|36\/100\n|-activate|p2a: DeathPex|confusion\n|-damage|p2a: DeathPex|33\/100|[from] confusion\n|\n|upkeep\n|turn|19\n|\n|t:|1701164585\n|switch|p2a: Kermit|Greninja, M|100\/100\n|move|p1a: Iron Jugulis|Taunt|p2a: Kermit\n|-start|p2a: Kermit|move: Taunt\n|\n|-sideend|p2: MafeIsMental|move: Light Screen\n|upkeep\n|turn|20\n|\n|t:|1701164594\n|move|p1a: Iron Jugulis|Hurricane|p2a: Kermit\n|-damage|p2a: Kermit|15\/100\n|move|p2a: Kermit|Ice Beam|p1a: Iron Jugulis\n|-start|p2a: Kermit|typechange|Ice|[from] ability: Protean\n|-supereffective|p1a: Iron Jugulis\n|-damage|p1a: Iron Jugulis|0 fnt\n|faint|p1a: Iron Jugulis\n|-end|p1a: Iron Jugulis|Quark Drive|[silent]\n|\n|-sideend|p2: MafeIsMental|Reflect\n|upkeep\n|\n|t:|1701164602\n|switch|p1a: Iron Moth|Iron Moth|100\/100\n|-enditem|p1a: Iron Moth|Booster Energy\n|-activate|p1a: Iron Moth|ability: Quark Drive|[fromitem]\n|-start|p1a: Iron Moth|quarkdrivespe\n|turn|21\n|\n|t:|1701164606\n|switch|p2a: Skeliboi|Skeledirge, M|100\/100\n|move|p1a: Iron Moth|Fiery Dance|p2a: Skeliboi\n|-resisted|p2a: Skeliboi\n|-damage|p2a: Skeliboi|86\/100\n|\n|upkeep\n|turn|22\n|\n|t:|1701164618\n|move|p1a: Iron Moth|Psychic|p2a: Skeliboi\n|-damage|p2a: Skeliboi|65\/100\n|move|p2a: Skeliboi|Torch Song|p1a: Iron Moth\n|-resisted|p1a: Iron Moth\n|-damage|p1a: Iron Moth|84\/100\n|-boost|p2a: Skeliboi|spa|1\n|\n|upkeep\n|turn|23\n|\n|t:|1701164625\n|-end|p1a: Iron Moth|Quark Drive|[silent]\n|switch|p1a: Ogerpon|Ogerpon-Wellspring, F|100\/100\n|move|p2a: Skeliboi|Slack Off|p2a: Skeliboi\n|-heal|p2a: Skeliboi|100\/100\n|\n|upkeep\n|turn|24\n|\n|t:|1701164627\n|switch|p2a: DeathPex|Toxapex, F|66\/100\n|move|p1a: Ogerpon|Ivy Cudgel|p2a: DeathPex|[anim] Ivy Cudgel Water\n|-resisted|p2a: DeathPex\n|-damage|p2a: DeathPex|49\/100\n|\n|upkeep\n|turn|25\n|\n|t:|1701164640\n|move|p1a: Ogerpon|Spikes|p2a: DeathPex\n|-sidestart|p2: MafeIsMental|Spikes\n|move|p2a: DeathPex|Recover|p2a: DeathPex\n|-heal|p2a: DeathPex|99\/100\n|\n|upkeep\n|turn|26\n|\n|t:|1701164651\n|move|p1a: Ogerpon|U-turn|p2a: DeathPex\n|-resisted|p2a: DeathPex\n|-damage|p2a: DeathPex|90\/100\n|\n|t:|1701164653\n|switch|p1a: TWINKATON|Tinkaton, F|100\/100|[from] U-turn\n|-item|p1a: TWINKATON|Air Balloon\n|move|p2a: DeathPex|Infestation|p1a: TWINKATON\n|-resisted|p1a: TWINKATON\n|-damage|p1a: TWINKATON|99\/100\n|-activate|p1a: TWINKATON|move: Infestation|[of] p2a: DeathPex\n|-enditem|p1a: TWINKATON|Air Balloon\n|\n|-damage|p1a: TWINKATON|88\/100|[from] move: Infestation|[partiallytrapped]\n|upkeep\n|turn|27\n|\n|t:|1701164658\n|switch|p2a: Tuskanor|Great Tusk|100\/100\n|move|p1a: TWINKATON|Thunder Wave|p2a: Tuskanor\n|-immune|p2a: Tuskanor\n|\n|-end|p1a: TWINKATON|Infestation|[partiallytrapped]|[silent]\n|upkeep\n|turn|28\n|\n|t:|1701164675\n|move|p1a: TWINKATON|Play Rough|p2a: Tuskanor|[miss]\n|-miss|p1a: TWINKATON|p2a: Tuskanor\n|move|p2a: Tuskanor|Knock Off|p1a: TWINKATON\n|-resisted|p1a: TWINKATON\n|-damage|p1a: TWINKATON|75\/100\n|-enditem|p2a: Tuskanor|Heavy-Duty Boots|[silent]|[from] ability: Pickpocket|[of] p2a: Tuskanor\n|-item|p1a: TWINKATON|Heavy-Duty Boots|[from] ability: Pickpocket|[of] p2a: Tuskanor\n|\n|upkeep\n|turn|29\n|\n|t:|1701164680\n|move|p1a: TWINKATON|Encore|p2a: Tuskanor\n|-start|p2a: Tuskanor|Encore\n|move|p2a: Tuskanor|Knock Off|p1a: TWINKATON\n|-resisted|p1a: TWINKATON\n|-damage|p1a: TWINKATON|57\/100\n|-enditem|p1a: TWINKATON|Heavy-Duty Boots|[from] move: Knock Off|[of] p2a: Tuskanor\n|\n|upkeep\n|turn|30\n|\n|t:|1701164695\n|-end|p2a: Tuskanor|Protosynthesis|[silent]\n|switch|p2a: Skeliboi|Skeledirge, M|100\/100\n|move|p1a: TWINKATON|Play Rough|p2a: Skeliboi|[miss]\n|-miss|p1a: TWINKATON|p2a: Skeliboi\n|\n|upkeep\n|turn|31\n|\n|t:|1701164700\n|switch|p1a: Ogerpon|Ogerpon-Wellspring, F|100\/100\n|move|p2a: Skeliboi|Will-O-Wisp|p1a: Ogerpon\n|-status|p1a: Ogerpon|brn\n|\n|-damage|p1a: Ogerpon|95\/100 brn|[from] brn\n|upkeep\n|turn|32\n|\n|t:|1701164720\n|-terastallize|p2a: Skeliboi|Fairy\n|move|p1a: Ogerpon|Ivy Cudgel|p2a: Skeliboi|[anim] Ivy Cudgel Water\n|-damage|p2a: Skeliboi|78\/100\n|move|p2a: Skeliboi|Torch Song|p1a: Ogerpon\n|-damage|p1a: Ogerpon|57\/100 brn\n|-boost|p2a: Skeliboi|spa|1\n|\n|-damage|p1a: Ogerpon|51\/100 brn|[from] brn\n|upkeep\n|turn|33\n|\n|t:|1701164724\n|move|p1a: Ogerpon|Spikes|p2a: Skeliboi\n|-sidestart|p2: MafeIsMental|Spikes\n|move|p2a: Skeliboi|Slack Off|p2a: Skeliboi\n|-heal|p2a: Skeliboi|100\/100\n|\n|-damage|p1a: Ogerpon|45\/100 brn|[from] brn\n|upkeep\n|turn|34\n|\n|t:|1701164742\n|switch|p1a: Iron Moth|Iron Moth|84\/100\n|move|p2a: Skeliboi|Torch Song|p1a: Iron Moth\n|-resisted|p1a: Iron Moth\n|-damage|p1a: Iron Moth|61\/100\n|-boost|p2a: Skeliboi|spa|1\n|\n|upkeep\n|turn|35\n|\n|t:|1701164747\n|move|p1a: Iron Moth|Sludge Wave|p2a: Skeliboi\n|-supereffective|p2a: Skeliboi\n|-damage|p2a: Skeliboi|26\/100\n|move|p2a: Skeliboi|Hex|p1a: Iron Moth\n|-crit|p1a: Iron Moth\n|-damage|p1a: Iron Moth|0 fnt\n|faint|p1a: Iron Moth\n|-end|p1a: Iron Moth|Quark Drive|[silent]\n|\n|upkeep\n|\n|t:|1701164753\n|switch|p1a: Dragapult|Dragapult, F|100\/100\n|turn|36\n|\n|t:|1701164760\n|move|p1a: Dragapult|Shadow Ball|p2a: Skeliboi\n|-damage|p2a: Skeliboi|0 fnt\n|faint|p2a: Skeliboi\n|\n|upkeep\n|\n|t:|1701164767\n|switch|p2a: Uncle Jerry|Grimmsnarl, M|60\/100\n|-damage|p2a: Uncle Jerry|44\/100|[from] Spikes\n|turn|37\n|\n|t:|1701164772\n|switch|p1a: TWINKATON|Tinkaton, F|57\/100\n|move|p2a: Uncle Jerry|Light Screen|p2a: Uncle Jerry\n|-sidestart|p2: MafeIsMental|move: Light Screen\n|\n|upkeep\n|turn|38\n|\n|t:|1701164779\n|move|p2a: Uncle Jerry|Parting Shot|p1a: TWINKATON\n|-unboost|p1a: TWINKATON|atk|1\n|-unboost|p1a: TWINKATON|spa|1\n|\n|t:|1701164782\n|switch|p2a: Tuskanor|Great Tusk|100\/100|[from] Parting Shot\n|-damage|p2a: Tuskanor|84\/100|[from] Spikes\n|move|p1a: TWINKATON|Play Rough|p2a: Tuskanor\n|-supereffective|p2a: Tuskanor\n|-damage|p2a: Tuskanor|59\/100\n|\n|upkeep\n|turn|39\n|\n|t:|1701164790\n|switch|p1a: Ogerpon|Ogerpon-Wellspring, F|45\/100 brn\n|move|p2a: Tuskanor|Rapid Spin|p1a: Ogerpon\n|-damage|p1a: Ogerpon|20\/100 brn\n|-boost|p2a: Tuskanor|spe|1\n|-sideend|p2: MafeIsMental|Spikes|[from] move: Rapid Spin|[of] p2a: Tuskanor\n|\n|-damage|p1a: Ogerpon|14\/100 brn|[from] brn\n|upkeep\n|turn|40\n|\n|t:|1701164799\n|move|p2a: Tuskanor|Knock Off|p1a: Ogerpon\n|-damage|p1a: Ogerpon|0 fnt\n|faint|p1a: Ogerpon\n|\n|upkeep\n|\n|t:|1701164803\n|switch|p1a: Great Tusk|Great Tusk|100\/100\n|-enditem|p1a: Great Tusk|Booster Energy\n|-activate|p1a: Great Tusk|ability: Protosynthesis|[fromitem]\n|-start|p1a: Great Tusk|protosynthesisspe\n|turn|41\n|\n|t:|1701164811\n|move|p2a: Tuskanor|Ice Spinner|p1a: Great Tusk\n|-supereffective|p1a: Great Tusk\n|-damage|p1a: Great Tusk|65\/100\n|move|p1a: Great Tusk|Bulk Up|p1a: Great Tusk\n|-boost|p1a: Great Tusk|atk|1\n|-boost|p1a: Great Tusk|def|1\n|\n|-sideend|p2: MafeIsMental|move: Light Screen\n|upkeep\n|turn|42\n|\n|t:|1701164820\n|move|p1a: Great Tusk|Bulk Up|p1a: Great Tusk\n|-boost|p1a: Great Tusk|atk|1\n|-boost|p1a: Great Tusk|def|1\n|move|p2a: Tuskanor|Ice Spinner|p1a: Great Tusk\n|-supereffective|p1a: Great Tusk\n|-damage|p1a: Great Tusk|49\/100\n|\n|upkeep\n|turn|43\n|\n|t:|1701164825\n|-end|p2a: Tuskanor|Protosynthesis|[silent]\n|switch|p2a: Uncle Jerry|Grimmsnarl, M|44\/100\n|move|p1a: Great Tusk|Ice Spinner|p2a: Uncle Jerry\n|-damage|p2a: Uncle Jerry|0 fnt\n|faint|p2a: Uncle Jerry\n|\n|upkeep\n|\n|t:|1701164839\n|switch|p2a: DeathPex|Toxapex, F|100\/100\n|turn|44\n|\n|t:|1701164844\n|-terastallize|p1a: Great Tusk|Poison\n|move|p1a: Great Tusk|Headlong Rush|p2a: DeathPex\n|-supereffective|p2a: DeathPex\n|-damage|p2a: DeathPex|0 fnt\n|-unboost|p1a: Great Tusk|def|1\n|-unboost|p1a: Great Tusk|spd|1\n|faint|p2a: DeathPex\n|\n|upkeep\n|-message|MafeIsMental forfeited.\n|\n|win|looooaicici\n|raw|looooaicici's rating: 1122 &rarr; <strong>1151<\/strong><br \/>(+29 for winning)\n|raw|MafeIsMental's rating: 1182 &rarr; <strong>1153<\/strong><br \/>(-29 for losing)\n|l|\u2606MafeIsMental\n","uploadtime":1701164853,"views":2,"p1id":"looooaicici","p2id":"mafeismental","formatid":"gen9ou","rating":1151,"private":0,"password":""}