{"id":"gen9ou-1989679298","p1":"littensalt","p2":"yumalegoat","format":"[Gen 9] OU","log":"|j|\u2606littensalt\n|j|\u2606yumalegoat\n|t:|1699886149\n|gametype|singles\n|player|p1|littensalt|calem|1371\n|player|p2|yumalegoat|101|1392\n|teamsize|p1|6\n|teamsize|p2|6\n|gen|9\n|tier|[Gen 9] OU\n|rated|\n|rule|Sleep Clause Mod: Limit one foe put to sleep\n|rule|Species Clause: Limit one of each Pok\u00e9mon\n|rule|OHKO Clause: OHKO moves are banned\n|rule|Evasion Items Clause: Evasion items are banned\n|rule|Evasion Moves Clause: Evasion moves are banned\n|rule|Endless Battle Clause: Forcing endless battles is banned\n|rule|HP Percentage Mod: HP is shown in percentages\n|clearpoke\n|poke|p1|Thundurus-Therian, M|\n|poke|p1|Weezing-Galar, F|\n|poke|p1|Cinderace, F|\n|poke|p1|Dragapult, M|\n|poke|p1|Greninja-*, M|\n|poke|p1|Zamazenta-*|\n|poke|p2|Pelipper, F|\n|poke|p2|Manaphy|\n|poke|p2|Iron Treads|\n|poke|p2|Zapdos|\n|poke|p2|Azumarill, F|\n|poke|p2|Basculegion, M|\n|teampreview\n|inactive|Battle timer is ON: inactive players will automatically lose when time's up. (requested by yumalegoat)\n|\n|t:|1699886153\n|start\n|switch|p1a: KIDS SEE GHOST|Dragapult, M, shiny|100\/100\n|switch|p2a: Pelipper|Pelipper, F|100\/100\n|-weather|RainDance|[from] ability: Drizzle|[of] p2a: Pelipper\n|turn|1\n|\n|t:|1699886161\n|move|p1a: KIDS SEE GHOST|U-turn|p2a: Pelipper\n|-resisted|p2a: Pelipper\n|-damage|p2a: Pelipper|92\/100\n|\n|t:|1699886164\n|switch|p1a: wheezy outta here|Weezing-Galar, F, shiny|100\/100|[from] U-turn\n|-ability|p1a: wheezy outta here|Neutralizing Gas\n|move|p2a: Pelipper|U-turn|p1a: wheezy outta here\n|-resisted|p1a: wheezy outta here\n|-damage|p1a: wheezy outta here|99\/100\n|-damage|p2a: Pelipper|76\/100|[from] item: Rocky Helmet|[of] p1a: wheezy outta here\n|\n|t:|1699886184\n|switch|p2a: Iron Treads|Iron Treads|100\/100|[from] U-turn\n|\n|-weather|RainDance|[upkeep]\n|upkeep\n|turn|2\n|\n|t:|1699886193\n|move|p2a: Iron Treads|Stealth Rock|p1a: wheezy outta here\n|-sidestart|p1: littensalt|move: Stealth Rock\n|move|p1a: wheezy outta here|Will-O-Wisp|p2a: Iron Treads\n|-status|p2a: Iron Treads|brn\n|\n|-weather|RainDance|[upkeep]\n|-damage|p2a: Iron Treads|94\/100 brn|[from] brn\n|upkeep\n|turn|3\n|\n|t:|1699886200\n|move|p2a: Iron Treads|Knock Off|p1a: wheezy outta here\n|-resisted|p1a: wheezy outta here\n|-damage|p1a: wheezy outta here|95\/100\n|-damage|p2a: Iron Treads|78\/100 brn|[from] item: Rocky Helmet|[of] p1a: wheezy outta here\n|-enditem|p1a: wheezy outta here|Rocky Helmet|[from] move: Knock Off|[of] p2a: Iron Treads\n|move|p1a: wheezy outta here|Strange Steam|p2a: Iron Treads\n|-resisted|p2a: Iron Treads\n|-crit|p2a: Iron Treads\n|-damage|p2a: Iron Treads|55\/100 brn\n|\n|-weather|RainDance|[upkeep]\n|-heal|p2a: Iron Treads|61\/100 brn|[from] item: Leftovers\n|-damage|p2a: Iron Treads|55\/100 brn|[from] brn\n|upkeep\n|turn|4\n|\n|t:|1699886215\n|-end|p2a: Iron Treads|Quark Drive|[silent]\n|switch|p2a: Manaphy|Manaphy|100\/100\n|move|p1a: wheezy outta here|Strange Steam|p2a: Manaphy\n|-damage|p2a: Manaphy|74\/100\n|\n|-weather|RainDance|[upkeep]\n|-heal|p2a: Manaphy|80\/100|[from] item: Leftovers\n|upkeep\n|turn|5\n|\n|t:|1699886224\n|move|p2a: Manaphy|Tail Glow|p2a: Manaphy\n|-boost|p2a: Manaphy|spa|3\n|move|p1a: wheezy outta here|Haze|p1a: wheezy outta here\n|-clearallboost\n|\n|-weather|RainDance|[upkeep]\n|-heal|p2a: Manaphy|86\/100|[from] item: Leftovers\n|upkeep\n|turn|6\n|\n|t:|1699886232\n|move|p2a: Manaphy|Surf|p1a: wheezy outta here\n|-crit|p1a: wheezy outta here\n|-damage|p1a: wheezy outta here|0 fnt\n|faint|p1a: wheezy outta here\n|-end|p1a: wheezy outta here|ability: Neutralizing Gas\n|\n|-weather|RainDance|[upkeep]\n|-heal|p2a: Manaphy|93\/100|[from] item: Leftovers\n|upkeep\n|\n|t:|1699886239\n|switch|p1a: FRANCHISE|Cinderace, F|100\/100\n|turn|7\n|\n|t:|1699886253\n|move|p1a: FRANCHISE|Court Change|p1a: FRANCHISE\n|-start|p1a: FRANCHISE|typechange|Normal|[from] ability: Libero\n|-swapsideconditions\n|-activate|p1a: FRANCHISE|move: Court Change\n|move|p2a: Manaphy|Surf|p1a: FRANCHISE\n|-damage|p1a: FRANCHISE|18\/100\n|\n|-weather|RainDance|[upkeep]\n|-heal|p2a: Manaphy|99\/100|[from] item: Leftovers\n|upkeep\n|turn|8\n|\n|t:|1699886262\n|move|p1a: FRANCHISE|U-turn|p2a: Manaphy\n|-damage|p2a: Manaphy|76\/100\n|\n|t:|1699886270\n|switch|p1a: KIDS SEE GHOST|Dragapult, M, shiny|100\/100|[from] U-turn\n|move|p2a: Manaphy|Surf|p1a: KIDS SEE GHOST\n|-resisted|p1a: KIDS SEE GHOST\n|-damage|p1a: KIDS SEE GHOST|63\/100\n|\n|-weather|none\n|-heal|p2a: Manaphy|82\/100|[from] item: Leftovers\n|upkeep\n|turn|9\n|\n|t:|1699886285\n|switch|p2a: Zapdos|Zapdos|100\/100\n|move|p1a: KIDS SEE GHOST|Draco Meteor|p2a: Zapdos\n|-damage|p2a: Zapdos|4\/100\n|-unboost|p1a: KIDS SEE GHOST|spa|2\n|\n|upkeep\n|turn|10\n|\n|t:|1699886295\n|switch|p1a: Thundurus|Thundurus-Therian, M, shiny|100\/100\n|switch|p2a: Pelipper|Pelipper, F|76\/100\n|-damage|p2a: Pelipper|51\/100|[from] Stealth Rock\n|-weather|RainDance|[from] ability: Drizzle|[of] p2a: Pelipper\n|\n|-weather|RainDance|[upkeep]\n|upkeep\n|turn|11\n|\n|t:|1699886305\n|-terastallize|p2a: Pelipper|Ground\n|move|p1a: Thundurus|Volt Switch|p2a: Pelipper\n|-immune|p2a: Pelipper\n|move|p2a: Pelipper|U-turn|p1a: Thundurus\n|-resisted|p1a: Thundurus\n|-damage|p1a: Thundurus|94\/100\n|\n|t:|1699886312\n|switch|p2a: Iron Treads|Iron Treads|55\/100 brn|[from] U-turn\n|-damage|p2a: Iron Treads|52\/100 brn|[from] Stealth Rock\n|\n|-weather|RainDance|[upkeep]\n|-heal|p2a: Iron Treads|58\/100 brn|[from] item: Leftovers\n|-damage|p2a: Iron Treads|52\/100 brn|[from] brn\n|upkeep\n|turn|12\n|\n|t:|1699886320\n|switch|p1a: KIDS SEE GHOST|Dragapult, M, shiny|63\/100\n|move|p2a: Iron Treads|Knock Off|p1a: KIDS SEE GHOST\n|-supereffective|p1a: KIDS SEE GHOST\n|-damage|p1a: KIDS SEE GHOST|27\/100\n|-enditem|p1a: KIDS SEE GHOST|Choice Specs|[from] move: Knock Off|[of] p2a: Iron Treads\n|\n|-weather|RainDance|[upkeep]\n|-heal|p2a: Iron Treads|58\/100 brn|[from] item: Leftovers\n|-damage|p2a: Iron Treads|52\/100 brn|[from] brn\n|upkeep\n|turn|13\n|\n|t:|1699886336\n|move|p1a: KIDS SEE GHOST|U-turn|p2a: Iron Treads\n|-resisted|p2a: Iron Treads\n|-damage|p2a: Iron Treads|46\/100 brn\n|\n|t:|1699886339\n|switch|p1a: N95|Greninja, M|100\/100|[from] U-turn\n|move|p2a: Iron Treads|Stealth Rock|p1a: N95\n|-sidestart|p1: littensalt|move: Stealth Rock\n|\n|-weather|RainDance|[upkeep]\n|-heal|p2a: Iron Treads|52\/100 brn|[from] item: Leftovers\n|-damage|p2a: Iron Treads|46\/100 brn|[from] brn\n|upkeep\n|turn|14\n|\n|t:|1699886360\n|-end|p2a: Iron Treads|Quark Drive|[silent]\n|switch|p2a: Basculegion|Basculegion, M|100\/100\n|-damage|p2a: Basculegion|88\/100|[from] Stealth Rock\n|move|p1a: N95|Hydro Pump|p2a: Basculegion\n|-resisted|p2a: Basculegion\n|-damage|p2a: Basculegion|33\/100\n|-damage|p1a: N95|91\/100|[from] item: Life Orb\n|\n|-weather|RainDance|[upkeep]\n|upkeep\n|turn|15\n|\n|t:|1699886372\n|switch|p1a: Zamazenta|Zamazenta|100\/100\n|-damage|p1a: Zamazenta|94\/100|[from] Stealth Rock\n|-ability|p1a: Zamazenta|Dauntless Shield|boost\n|-boost|p1a: Zamazenta|def|1\n|move|p2a: Basculegion|Wave Crash|p1a: Zamazenta\n|-damage|p1a: Zamazenta|36\/100\n|-damage|p2a: Basculegion|13\/100|[from] Recoil\n|\n|-weather|RainDance|[upkeep]\n|-heal|p1a: Zamazenta|42\/100|[from] item: Leftovers\n|upkeep\n|turn|16\n|\n|t:|1699886382\n|move|p2a: Basculegion|Wave Crash|p1a: Zamazenta\n|-damage|p1a: Zamazenta|0 fnt\n|faint|p1a: Zamazenta\n|-damage|p2a: Basculegion|0 fnt|[from] Recoil\n|faint|p2a: Basculegion\n|\n|-weather|RainDance|[upkeep]\n|upkeep\n|\n|t:|1699886397\n|switch|p1a: KIDS SEE GHOST|Dragapult, M, shiny|27\/100\n|switch|p2a: Zapdos|Zapdos|4\/100\n|-damage|p1a: KIDS SEE GHOST|14\/100|[from] Stealth Rock\n|turn|17\n|\n|t:|1699886407\n|switch|p2a: Iron Treads|Iron Treads|46\/100 brn\n|-damage|p2a: Iron Treads|43\/100 brn|[from] Stealth Rock\n|move|p1a: KIDS SEE GHOST|Shadow Ball|p2a: Iron Treads\n|-crit|p2a: Iron Treads\n|-damage|p2a: Iron Treads|0 fnt\n|faint|p2a: Iron Treads\n|-end|p2a: Iron Treads|Quark Drive|[silent]\n|\n|-weather|none\n|upkeep\n|\n|t:|1699886419\n|switch|p2a: Pelipper|Pelipper, F, tera:Ground|51\/100\n|-damage|p2a: Pelipper|45\/100|[from] Stealth Rock\n|-weather|RainDance|[from] ability: Drizzle|[of] p2a: Pelipper\n|turn|18\n|\n|t:|1699886430\n|move|p1a: KIDS SEE GHOST|Shadow Ball|p2a: Pelipper\n|-damage|p2a: Pelipper|12\/100\n|move|p2a: Pelipper|Knock Off|p1a: KIDS SEE GHOST\n|-supereffective|p1a: KIDS SEE GHOST\n|-damage|p1a: KIDS SEE GHOST|0 fnt\n|faint|p1a: KIDS SEE GHOST\n|\n|-weather|RainDance|[upkeep]\n|upkeep\n|\n|t:|1699886435\n|switch|p1a: N95|Greninja, M|91\/100\n|-damage|p1a: N95|78\/100|[from] Stealth Rock\n|turn|19\n|\n|t:|1699886444\n|switch|p2a: Manaphy|Manaphy|82\/100\n|-damage|p2a: Manaphy|70\/100|[from] Stealth Rock\n|move|p1a: N95|Dark Pulse|p2a: Manaphy\n|-damage|p2a: Manaphy|22\/100\n|-damage|p1a: N95|69\/100|[from] item: Life Orb\n|\n|-weather|RainDance|[upkeep]\n|-heal|p2a: Manaphy|28\/100|[from] item: Leftovers\n|upkeep\n|turn|20\n|\n|t:|1699886459\n|move|p1a: N95|Dark Pulse|p2a: Manaphy\n|-damage|p2a: Manaphy|0 fnt\n|faint|p2a: Manaphy\n|-ability|p1a: N95|Battle Bond|boost\n|-boost|p1a: N95|atk|1\n|-boost|p1a: N95|spa|1\n|-boost|p1a: N95|spe|1\n|-activate|p1a: N95|ability: Battle Bond\n|-damage|p1a: N95|59\/100|[from] item: Life Orb\n|\n|-weather|RainDance|[upkeep]\n|upkeep\n|\n|t:|1699886470\n|switch|p2a: Azumarill|Azumarill, F|100\/100\n|-damage|p2a: Azumarill|88\/100|[from] Stealth Rock\n|turn|21\n|\n|t:|1699886474\n|move|p1a: N95|Hydro Pump|p2a: Azumarill\n|-resisted|p2a: Azumarill\n|-damage|p2a: Azumarill|22\/100\n|-enditem|p2a: Azumarill|Sitrus Berry|[eat]\n|-heal|p2a: Azumarill|47\/100|[from] item: Sitrus Berry\n|-damage|p1a: N95|49\/100|[from] item: Life Orb\n|move|p2a: Azumarill|Play Rough|p1a: N95\n|-supereffective|p1a: N95\n|-damage|p1a: N95|0 fnt\n|faint|p1a: N95\n|\n|-weather|RainDance|[upkeep]\n|upkeep\n|\n|t:|1699886488\n|switch|p1a: Thundurus|Thundurus-Therian, M, shiny|94\/100\n|-damage|p1a: Thundurus|69\/100|[from] Stealth Rock\n|turn|22\n|\n|t:|1699886494\n|switch|p2a: Pelipper|Pelipper, F, tera:Ground|12\/100\n|-damage|p2a: Pelipper|6\/100|[from] Stealth Rock\n|-terastallize|p1a: Thundurus|Flying\n|move|p1a: Thundurus|Tera Blast|p2a: Pelipper|[anim] Tera Blast Flying\n|-damage|p2a: Pelipper|0 fnt\n|faint|p2a: Pelipper\n|\n|-weather|RainDance|[upkeep]\n|upkeep\n|\n|t:|1699886507\n|switch|p2a: Azumarill|Azumarill, F|47\/100\n|-damage|p2a: Azumarill|34\/100|[from] Stealth Rock\n|turn|23\n|\n|t:|1699886511\n|move|p2a: Azumarill|Aqua Jet|p1a: Thundurus\n|-damage|p1a: Thundurus|39\/100\n|move|p1a: Thundurus|Tera Blast|p2a: Azumarill|[anim] Tera Blast Flying\n|-damage|p2a: Azumarill|0 fnt\n|faint|p2a: Azumarill\n|\n|-weather|RainDance|[upkeep]\n|upkeep\n|-message|yumalegoat forfeited.\n|\n|win|littensalt\n|raw|littensalt's rating: 1371 &rarr; <strong>1392<\/strong><br \/>(+21 for winning)\n|raw|yumalegoat's rating: 1392 &rarr; <strong>1371<\/strong><br \/>(-21 for losing)\n|l|\u2606yumalegoat\n","uploadtime":1699886522,"views":6,"p1id":"littensalt","p2id":"yumalegoat","formatid":"gen9ou","rating":1371,"private":0,"password":""}