{"id":"gen9ou-1997095560","p1":"5-Sternis-in","p2":"Fly Enby","format":"[Gen 9] OU","log":"|j|\u26065-Sternis-in\n|j|\u2606Fly Enby\n|t:|1700764041\n|gametype|singles\n|player|p1|5-Sternis-in|pokefanf-gen4|1215\n|player|p2|Fly Enby|buck|1142\n|teamsize|p1|6\n|teamsize|p2|6\n|gen|9\n|tier|[Gen 9] OU\n|rated|\n|rule|Sleep Clause Mod: Limit one foe put to sleep\n|rule|Species Clause: Limit one of each Pok\u00e9mon\n|rule|OHKO Clause: OHKO moves are banned\n|rule|Evasion Items Clause: Evasion items are banned\n|rule|Evasion Moves Clause: Evasion moves are banned\n|rule|Endless Battle Clause: Forcing endless battles is banned\n|rule|HP Percentage Mod: HP is shown in percentages\n|clearpoke\n|poke|p1|Hawlucha, F|\n|poke|p1|Skeledirge, M|\n|poke|p1|Rillaboom, M|\n|poke|p1|Kingambit, M|\n|poke|p1|Dragapult, F|\n|poke|p1|Ogerpon-Cornerstone, F|\n|poke|p2|Kingambit, F|\n|poke|p2|Hatterene, F|\n|poke|p2|Lycanroc, F|\n|poke|p2|Forretress, M|\n|poke|p2|Tyranitar, F|\n|poke|p2|Houndstone, M|\n|teampreview\n|inactive|Battle timer is ON: inactive players will automatically lose when time's up. (requested by Fly Enby)\n|\n|t:|1700764067\n|start\n|switch|p1a: Ogerpon|Ogerpon-Cornerstone, F|100\/100\n|switch|p2a: Tyranitar|Tyranitar, F|100\/100\n|-weather|Sandstorm|[from] ability: Sand Stream|[of] p2a: Tyranitar\n|turn|1\n|\n|t:|1700764086\n|switch|p2a: Forretress|Forretress, M|100\/100\n|move|p1a: Ogerpon|Horn Leech|p2a: Forretress\n|-resisted|p2a: Forretress\n|-damage|p2a: Forretress|95\/100\n|\n|-weather|Sandstorm|[upkeep]\n|-heal|p2a: Forretress|100\/100|[from] item: Leftovers\n|upkeep\n|turn|2\n|\n|t:|1700764095\n|move|p1a: Ogerpon|Spikes|p2a: Forretress\n|-sidestart|p2: Fly Enby|Spikes\n|move|p2a: Forretress|Spikes|p1a: Ogerpon\n|-sidestart|p1: 5-Sternis-in|Spikes\n|\n|-weather|Sandstorm|[upkeep]\n|upkeep\n|turn|3\n|\n|t:|1700764102\n|move|p1a: Ogerpon|Encore|p2a: Forretress\n|-start|p2a: Forretress|Encore\n|move|p2a: Forretress|Spikes|p1a: Ogerpon\n|-sidestart|p1: 5-Sternis-in|Spikes\n|\n|-weather|Sandstorm|[upkeep]\n|upkeep\n|turn|4\n|\n|t:|1700764109\n|switch|p2a: Hatterene|Hatterene, F|100\/100\n|-damage|p2a: Hatterene|88\/100|[from] Spikes\n|move|p1a: Ogerpon|Ivy Cudgel|p2a: Hatterene|[anim] Ivy Cudgel Rock\n|-damage|p2a: Hatterene|23\/100\n|\n|-weather|Sandstorm|[upkeep]\n|-damage|p2a: Hatterene|17\/100|[from] Sandstorm\n|-heal|p2a: Hatterene|23\/100|[from] item: Leftovers\n|upkeep\n|turn|5\n|\n|t:|1700764120\n|switch|p2a: Houndstone|Houndstone, M|100\/100\n|-damage|p2a: Houndstone|88\/100|[from] Spikes\n|move|p1a: Ogerpon|Ivy Cudgel|p2a: Houndstone|[anim] Ivy Cudgel Rock\n|-damage|p2a: Houndstone|14\/100\n|\n|-weather|Sandstorm|[upkeep]\n|upkeep\n|turn|6\n|\n|t:|1700764126\n|move|p2a: Houndstone|Poltergeist|p1a: Ogerpon\n|-activate|p1a: Ogerpon|move: Poltergeist|Cornerstone Mask\n|-ability|p1a: Ogerpon|Sturdy\n|-damage|p1a: Ogerpon|1\/100\n|move|p1a: Ogerpon|Horn Leech|p2a: Houndstone\n|-damage|p2a: Houndstone|0 fnt\n|-heal|p1a: Ogerpon|7\/100|[from] drain|[of] p2a: Houndstone\n|faint|p2a: Houndstone\n|\n|-weather|Sandstorm|[upkeep]\n|upkeep\n|\n|t:|1700764144\n|switch|p2a: Forretress|Forretress, M|100\/100\n|-damage|p2a: Forretress|88\/100|[from] Spikes\n|turn|7\n|\n|t:|1700764151\n|switch|p1a: Skeledirge|Skeledirge, M|100\/100\n|move|p2a: Forretress|Rapid Spin|p1a: Skeledirge\n|-immune|p1a: Skeledirge\n|\n|-weather|Sandstorm|[upkeep]\n|-damage|p1a: Skeledirge|94\/100|[from] Sandstorm\n|-heal|p2a: Forretress|94\/100|[from] item: Leftovers\n|upkeep\n|turn|8\n|\n|t:|1700764157\n|switch|p2a: Tyranitar|Tyranitar, F|100\/100\n|-damage|p2a: Tyranitar|88\/100|[from] Spikes\n|move|p1a: Skeledirge|Torch Song|p2a: Tyranitar\n|-resisted|p2a: Tyranitar\n|-damage|p2a: Tyranitar|82\/100\n|-boost|p1a: Skeledirge|spa|1\n|\n|-weather|none\n|upkeep\n|turn|9\n|\n|t:|1700764164\n|switch|p1a: Ogerpon|Ogerpon-Cornerstone, F|7\/100\n|-damage|p1a: Ogerpon|0 fnt|[from] Spikes\n|faint|p1a: Ogerpon\n|move|p2a: Tyranitar|Dark Pulse|p1: Ogerpon|[notarget]\n|-fail|p2a: Tyranitar\n|\n|upkeep\n|\n|t:|1700764189\n|switch|p1a: Kingambit|Kingambit, M|100\/100\n|-damage|p1a: Kingambit|84\/100|[from] Spikes\n|-activate|p1a: Kingambit|ability: Supreme Overlord\n|-start|p1a: Kingambit|fallen1|[silent]\n|turn|10\n|\n|t:|1700764201\n|switch|p2a: Forretress|Forretress, M|94\/100\n|-damage|p2a: Forretress|82\/100|[from] Spikes\n|move|p1a: Kingambit|Low Kick|p2a: Forretress\n|-damage|p2a: Forretress|60\/100\n|\n|-heal|p2a: Forretress|66\/100|[from] item: Leftovers\n|upkeep\n|turn|11\n|\n|t:|1700764208\n|-end|p1a: Kingambit|fallen1|[silent]\n|switch|p1a: Skeledirge|Skeledirge, M|94\/100\n|move|p2a: Forretress|Volt Switch|p1a: Skeledirge\n|-damage|p1a: Skeledirge|85\/100\n|\n|t:|1700764215\n|switch|p2a: Tyranitar|Tyranitar, F|82\/100|[from] Volt Switch\n|-damage|p2a: Tyranitar|69\/100|[from] Spikes\n|-weather|Sandstorm|[from] ability: Sand Stream|[of] p2a: Tyranitar\n|\n|-weather|Sandstorm|[upkeep]\n|-damage|p1a: Skeledirge|79\/100|[from] Sandstorm\n|upkeep\n|turn|12\n|\n|t:|1700764224\n|switch|p1a: Kingambit|Kingambit, M|84\/100\n|-damage|p1a: Kingambit|68\/100|[from] Spikes\n|-activate|p1a: Kingambit|ability: Supreme Overlord\n|-start|p1a: Kingambit|fallen1|[silent]\n|move|p2a: Tyranitar|Dragon Tail|p1a: Kingambit\n|-resisted|p1a: Kingambit\n|-damage|p1a: Kingambit|61\/100\n|-end|p1a: Kingambit|fallen1|[silent]\n|drag|p1a: Hawlucha|Hawlucha, F|100\/100\n|\n|-weather|Sandstorm|[upkeep]\n|-damage|p1a: Hawlucha|94\/100|[from] Sandstorm\n|upkeep\n|turn|13\n|\n|t:|1700764243\n|switch|p2a: Forretress|Forretress, M|66\/100\n|-damage|p2a: Forretress|53\/100|[from] Spikes\n|move|p1a: Hawlucha|Close Combat|p2a: Forretress\n|-damage|p2a: Forretress|22\/100\n|-unboost|p1a: Hawlucha|def|1\n|-unboost|p1a: Hawlucha|spd|1\n|\n|-weather|Sandstorm|[upkeep]\n|-damage|p1a: Hawlucha|88\/100|[from] Sandstorm\n|-heal|p2a: Forretress|28\/100|[from] item: Leftovers\n|upkeep\n|turn|14\n|\n|t:|1700764253\n|move|p1a: Hawlucha|Close Combat|p2a: Forretress\n|-damage|p2a: Forretress|0 fnt\n|-unboost|p1a: Hawlucha|def|1\n|-unboost|p1a: Hawlucha|spd|1\n|faint|p2a: Forretress\n|\n|-weather|Sandstorm|[upkeep]\n|-damage|p1a: Hawlucha|82\/100|[from] Sandstorm\n|upkeep\n|\n|t:|1700764257\n|switch|p2a: Lycanroc|Lycanroc, F|100\/100\n|-damage|p2a: Lycanroc|88\/100|[from] Spikes\n|turn|15\n|\n|t:|1700764268\n|switch|p1a: Kingambit|Kingambit, M|61\/100\n|-damage|p1a: Kingambit|44\/100|[from] Spikes\n|-activate|p1a: Kingambit|ability: Supreme Overlord\n|-start|p1a: Kingambit|fallen1|[silent]\n|move|p2a: Lycanroc|Stone Edge|p1a: Kingambit\n|-resisted|p1a: Kingambit\n|-crit|p1a: Kingambit\n|-damage|p1a: Kingambit|9\/100\n|\n|-weather|Sandstorm|[upkeep]\n|upkeep\n|turn|16\n|\n|t:|1700764284\n|switch|p2a: Kingambit|Kingambit, F|100\/100\n|-damage|p2a: Kingambit|88\/100|[from] Spikes\n|-activate|p2a: Kingambit|ability: Supreme Overlord\n|-start|p2a: Kingambit|fallen2|[silent]\n|move|p1a: Kingambit|Sucker Punch||[still]\n|-fail|p1a: Kingambit\n|\n|-weather|Sandstorm|[upkeep]\n|-heal|p2a: Kingambit|94\/100|[from] item: Leftovers\n|upkeep\n|turn|17\n|\n|t:|1700764290\n|move|p2a: Kingambit|Sucker Punch|p1a: Kingambit\n|-resisted|p1a: Kingambit\n|-damage|p1a: Kingambit|0 fnt\n|faint|p1a: Kingambit\n|-end|p1a: Kingambit|fallen1|[silent]\n|\n|-weather|Sandstorm|[upkeep]\n|-heal|p2a: Kingambit|100\/100|[from] item: Leftovers\n|upkeep\n|\n|t:|1700764294\n|switch|p1a: Skeledirge|Skeledirge, M|79\/100\n|turn|18\n|\n|t:|1700764300\n|-end|p2a: Kingambit|fallen2|[silent]\n|switch|p2a: Hatterene|Hatterene, F|23\/100\n|-damage|p2a: Hatterene|11\/100|[from] Spikes\n|move|p1a: Skeledirge|Will-O-Wisp|p2a: Hatterene\n|move|p2a: Hatterene|Will-O-Wisp|p1a: Skeledirge|[from]ability: Magic Bounce\n|-immune|p1a: Skeledirge\n|\n|-weather|none\n|-heal|p2a: Hatterene|17\/100|[from] item: Leftovers\n|upkeep\n|turn|19\n|\n|t:|1700764309\n|move|p1a: Skeledirge|Hex|p2a: Hatterene\n|-supereffective|p2a: Hatterene\n|-damage|p2a: Hatterene|0 fnt\n|faint|p2a: Hatterene\n|\n|upkeep\n|\n|t:|1700764312\n|switch|p2a: Tyranitar|Tyranitar, F|69\/100\n|-damage|p2a: Tyranitar|57\/100|[from] Spikes\n|-weather|Sandstorm|[from] ability: Sand Stream|[of] p2a: Tyranitar\n|turn|20\n|\n|t:|1700764318\n|switch|p1a: Dragapult|Dragapult, F|100\/100\n|move|p2a: Tyranitar|Stealth Rock|p1a: Dragapult\n|-sidestart|p1: 5-Sternis-in|move: Stealth Rock\n|\n|-weather|Sandstorm|[upkeep]\n|-damage|p1a: Dragapult|95\/100|[from] Sandstorm\n|upkeep\n|turn|21\n|\n|t:|1700764329\n|move|p1a: Dragapult|Thunder Wave|p2a: Tyranitar\n|-status|p2a: Tyranitar|par\n|move|p2a: Tyranitar|Dark Pulse|p1a: Dragapult\n|-supereffective|p1a: Dragapult\n|-damage|p1a: Dragapult|0 fnt\n|faint|p1a: Dragapult\n|\n|-weather|Sandstorm|[upkeep]\n|upkeep\n|\n|t:|1700764337\n|switch|p1a: Hawlucha|Hawlucha, F|82\/100\n|-damage|p1a: Hawlucha|70\/100|[from] Stealth Rock\n|turn|22\n|\n|t:|1700764340\n|move|p1a: Hawlucha|Close Combat|p2a: Tyranitar\n|-supereffective|p2a: Tyranitar\n|-damage|p2a: Tyranitar|0 fnt\n|-unboost|p1a: Hawlucha|def|1\n|-unboost|p1a: Hawlucha|spd|1\n|faint|p2a: Tyranitar\n|\n|-weather|Sandstorm|[upkeep]\n|-damage|p1a: Hawlucha|64\/100|[from] Sandstorm\n|upkeep\n|\n|t:|1700764344\n|switch|p2a: Lycanroc|Lycanroc, F|88\/100\n|-damage|p2a: Lycanroc|76\/100|[from] Spikes\n|turn|23\n|\n|t:|1700764352\n|switch|p1a: Skeledirge|Skeledirge, M|79\/100\n|-terastallize|p2a: Lycanroc|Ice\n|move|p2a: Lycanroc|Tera Blast|p1a: Skeledirge|[anim] Tera Blast Ice\n|-resisted|p1a: Skeledirge\n|-damage|p1a: Skeledirge|63\/100\n|\n|-weather|Sandstorm|[upkeep]\n|-damage|p1a: Skeledirge|57\/100|[from] Sandstorm\n|upkeep\n|turn|24\n|\n|t:|1700764360\n|move|p2a: Lycanroc|Stone Edge|p1a: Skeledirge\n|-supereffective|p1a: Skeledirge\n|-damage|p1a: Skeledirge|0 fnt\n|faint|p1a: Skeledirge\n|\n|-weather|Sandstorm|[upkeep]\n|upkeep\n|\n|t:|1700764362\n|switch|p1a: Rillaboom|Rillaboom, M|100\/100\n|-fieldstart|move: Grassy Terrain|[from] ability: Grassy Surge|[of] p1a: Rillaboom\n|turn|25\n|\n|t:|1700764368\n|move|p1a: Rillaboom|Grassy Glide|p2a: Lycanroc\n|-damage|p2a: Lycanroc|6\/100\n|move|p2a: Lycanroc|Tera Blast|p1a: Rillaboom|[anim] Tera Blast Ice\n|-supereffective|p1a: Rillaboom\n|-damage|p1a: Rillaboom|14\/100\n|\n|-weather|Sandstorm|[upkeep]\n|-damage|p1a: Rillaboom|7\/100|[from] Sandstorm\n|-heal|p2a: Lycanroc|12\/100|[from] Grassy Terrain\n|-heal|p1a: Rillaboom|14\/100|[from] Grassy Terrain\n|upkeep\n|turn|26\n|\n|t:|1700764373\n|move|p1a: Rillaboom|Grassy Glide|p2a: Lycanroc\n|-damage|p2a: Lycanroc|0 fnt\n|faint|p2a: Lycanroc\n|\n|-weather|Sandstorm|[upkeep]\n|-damage|p1a: Rillaboom|7\/100|[from] Sandstorm\n|-heal|p1a: Rillaboom|14\/100|[from] Grassy Terrain\n|upkeep\n|\n|t:|1700764378\n|switch|p2a: Kingambit|Kingambit, F|100\/100\n|-damage|p2a: Kingambit|88\/100|[from] Spikes\n|-activate|p2a: Kingambit|ability: Supreme Overlord\n|-start|p2a: Kingambit|fallen5|[silent]\n|turn|27\n|\n|t:|1700764383\n|move|p1a: Rillaboom|Knock Off|p2a: Kingambit\n|-resisted|p2a: Kingambit\n|-damage|p2a: Kingambit|75\/100\n|-enditem|p2a: Kingambit|Leftovers|[from] move: Knock Off|[of] p1a: Rillaboom\n|move|p2a: Kingambit|Swords Dance|p2a: Kingambit\n|-boost|p2a: Kingambit|atk|2\n|\n|-weather|none\n|-heal|p1a: Rillaboom|20\/100|[from] Grassy Terrain\n|-heal|p2a: Kingambit|82\/100|[from] Grassy Terrain\n|upkeep\n|turn|28\n|\n|t:|1700764391\n|-terastallize|p1a: Rillaboom|Fire\n|move|p2a: Kingambit|Sucker Punch|p1a: Rillaboom\n|-damage|p1a: Rillaboom|0 fnt\n|faint|p1a: Rillaboom\n|\n|-heal|p2a: Kingambit|88\/100|[from] Grassy Terrain\n|upkeep\n|\n|t:|1700764393\n|switch|p1a: Hawlucha|Hawlucha, F|64\/100\n|-damage|p1a: Hawlucha|51\/100|[from] Stealth Rock\n|-enditem|p1a: Hawlucha|Grassy Seed\n|-boost|p1a: Hawlucha|def|1|[from] item: Grassy Seed\n|turn|29\n|\n|t:|1700764400\n|move|p2a: Kingambit|Sucker Punch||[still]\n|-fail|p2a: Kingambit\n|move|p1a: Hawlucha|Swords Dance|p1a: Hawlucha\n|-boost|p1a: Hawlucha|atk|2\n|\n|-heal|p2a: Kingambit|94\/100|[from] Grassy Terrain\n|-fieldend|move: Grassy Terrain\n|upkeep\n|turn|30\n|\n|t:|1700764403\n|move|p2a: Kingambit|Sucker Punch|p1a: Hawlucha\n|-resisted|p1a: Hawlucha\n|-damage|p1a: Hawlucha|0 fnt\n|faint|p1a: Hawlucha\n|\n|win|Fly Enby\n|raw|5-Sternis-in's rating: 1215 &rarr; <strong>1185<\/strong><br \/>(-30 for losing)\n|raw|Fly Enby's rating: 1142 &rarr; <strong>1172<\/strong><br \/>(+30 for winning)\n|l|\u26065-Sternis-in\n","uploadtime":1700764453,"views":4,"p1id":"5sternisin","p2id":"flyenby","formatid":"gen9ou","rating":1172,"private":0,"password":""}