{"id":"gen9ou-1993868720","p1":"ookillemd-tan","p2":"iron tusk 69","format":"[Gen 9] OU","log":"|j|\u2606ookillemd-tan\n|j|\u2606iron tusk 69\n|t:|1700367627\n|gametype|singles\n|player|p1|ookillemd-tan|170|1685\n|player|p2|iron tusk 69|biker-gen4|1757\n|teamsize|p1|6\n|teamsize|p2|6\n|gen|9\n|tier|[Gen 9] OU\n|rated|\n|rule|Sleep Clause Mod: Limit one foe put to sleep\n|rule|Species Clause: Limit one of each Pok\u00e9mon\n|rule|OHKO Clause: OHKO moves are banned\n|rule|Evasion Items Clause: Evasion items are banned\n|rule|Evasion Moves Clause: Evasion moves are banned\n|rule|Endless Battle Clause: Forcing endless battles is banned\n|rule|HP Percentage Mod: HP is shown in percentages\n|clearpoke\n|poke|p1|Iron Valiant|\n|poke|p1|Alomomola, M|\n|poke|p1|Slowking-Galar, M|\n|poke|p1|Rillaboom, F|\n|poke|p1|Cinderace, F|\n|poke|p1|Samurott-Hisui, F|\n|poke|p2|Samurott-Hisui, M|\n|poke|p2|Iron Moth|\n|poke|p2|Kingambit, F|\n|poke|p2|Ogerpon-Wellspring, F|\n|poke|p2|Iron Valiant|\n|poke|p2|Zamazenta-*|\n|teampreview\n|\n|t:|1700367632\n|start\n|switch|p1a: Alomomola|Alomomola, M|100\/100\n|switch|p2a: Gliscorless Edge|Samurott-Hisui, M|100\/100\n|turn|1\n|inactive|Battle timer is ON: inactive players will automatically lose when time's up. (requested by iron tusk 69)\n|\n|t:|1700367644\n|move|p2a: Gliscorless Edge|Ceaseless Edge|p1a: Alomomola|[miss]\n|-miss|p2a: Gliscorless Edge|p1a: Alomomola\n|move|p1a: Alomomola|Flip Turn|p2a: Gliscorless Edge\n|-resisted|p2a: Gliscorless Edge\n|-damage|p2a: Gliscorless Edge|95\/100\n|\n|t:|1700367647\n|switch|p1a: Rillaboom|Rillaboom, F|100\/100|[from] Flip Turn\n|-fieldstart|move: Grassy Terrain|[from] ability: Grassy Surge|[of] p1a: Rillaboom\n|\n|-heal|p2a: Gliscorless Edge|100\/100|[from] Grassy Terrain\n|upkeep\n|turn|2\n|\n|t:|1700367658\n|move|p1a: Rillaboom|U-turn|p2a: Gliscorless Edge\n|-supereffective|p2a: Gliscorless Edge\n|-damage|p2a: Gliscorless Edge|41\/100\n|\n|t:|1700367662\n|switch|p1a: Cinderace|Cinderace, F|100\/100|[from] U-turn\n|move|p2a: Gliscorless Edge|Ceaseless Edge|p1a: Cinderace\n|-damage|p1a: Cinderace|50\/100\n|-sidestart|p1: ookillemd-tan|Spikes\n|\n|-heal|p1a: Cinderace|56\/100|[from] Grassy Terrain\n|-heal|p2a: Gliscorless Edge|47\/100|[from] Grassy Terrain\n|-heal|p2a: Gliscorless Edge|54\/100|[from] item: Leftovers\n|upkeep\n|turn|3\n|\n|t:|1700367674\n|switch|p2a: Freezing Sun|Iron Moth|100\/100\n|-enditem|p2a: Freezing Sun|Booster Energy\n|-activate|p2a: Freezing Sun|ability: Quark Drive|[fromitem]\n|-start|p2a: Freezing Sun|quarkdrivespe\n|move|p1a: Cinderace|U-turn|p2a: Freezing Sun\n|-start|p1a: Cinderace|typechange|Bug|[from] ability: Libero\n|-resisted|p2a: Freezing Sun\n|-damage|p2a: Freezing Sun|87\/100\n|\n|t:|1700367679\n|switch|p1a: Samurott|Samurott-Hisui, F|100\/100|[from] U-turn\n|-damage|p1a: Samurott|88\/100|[from] Spikes\n|\n|-heal|p2a: Freezing Sun|93\/100|[from] Grassy Terrain\n|-heal|p1a: Samurott|94\/100|[from] Grassy Terrain\n|upkeep\n|turn|4\n|\n|t:|1700367690\n|move|p2a: Freezing Sun|Discharge|p1a: Samurott\n|-supereffective|p1a: Samurott\n|-damage|p1a: Samurott|0 fnt\n|faint|p1a: Samurott\n|\n|-heal|p2a: Freezing Sun|99\/100|[from] Grassy Terrain\n|upkeep\n|\n|t:|1700367696\n|switch|p1a: Slowking|Slowking-Galar, M|100\/100\n|turn|5\n|\n|t:|1700367707\n|-end|p2a: Freezing Sun|Quark Drive|[silent]\n|switch|p2a: Gliscorless Edge|Samurott-Hisui, M|54\/100\n|move|p1a: Slowking|Chilly Reception|p1a: Slowking\n|-weather|Snow\n|\n|t:|1700367726\n|switch|p1a: Cinderace|Cinderace, F|56\/100|[from] Chilly Reception\n|\n|-weather|Snow|[upkeep]\n|-heal|p1a: Cinderace|62\/100|[from] Grassy Terrain\n|-heal|p2a: Gliscorless Edge|60\/100|[from] Grassy Terrain\n|-heal|p2a: Gliscorless Edge|66\/100|[from] item: Leftovers\n|-fieldend|move: Grassy Terrain\n|upkeep\n|turn|6\n|\n|t:|1700367731\n|switch|p2a: Freezing Sun|Iron Moth|99\/100\n|move|p1a: Cinderace|U-turn|p2a: Freezing Sun\n|-start|p1a: Cinderace|typechange|Bug|[from] ability: Libero\n|-resisted|p2a: Freezing Sun\n|-damage|p2a: Freezing Sun|87\/100\n|\n|t:|1700367736\n|switch|p1a: Slowking|Slowking-Galar, M|100\/100|[from] U-turn\n|\n|-weather|Snow|[upkeep]\n|upkeep\n|turn|7\n|\n|t:|1700367739\n|-end|p2a: Freezing Sun|Quark Drive|[silent]\n|switch|p2a: Gliscorless Edge|Samurott-Hisui, M|66\/100\n|move|p1a: Slowking|Future Sight|p2a: Gliscorless Edge\n|-start|p1a: Slowking|move: Future Sight\n|\n|-weather|Snow|[upkeep]\n|-heal|p2a: Gliscorless Edge|72\/100|[from] item: Leftovers\n|upkeep\n|turn|8\n|\n|t:|1700367744\n|switch|p1a: Alomomola|Alomomola, M|100\/100\n|move|p2a: Gliscorless Edge|Ceaseless Edge|p1a: Alomomola\n|-damage|p1a: Alomomola|80\/100\n|-sidestart|p1: ookillemd-tan|Spikes\n|\n|-weather|Snow|[upkeep]\n|-heal|p2a: Gliscorless Edge|79\/100|[from] item: Leftovers\n|upkeep\n|turn|9\n|\n|t:|1700367751\n|move|p2a: Gliscorless Edge|Ceaseless Edge|p1a: Alomomola\n|-damage|p1a: Alomomola|60\/100\n|-sidestart|p1: ookillemd-tan|Spikes\n|move|p1a: Alomomola|Flip Turn|p2a: Gliscorless Edge\n|-resisted|p2a: Gliscorless Edge\n|-damage|p2a: Gliscorless Edge|73\/100\n|inactive|ookillemd-tan has 120 seconds left.\n|j| Roshino\n|inactive|ookillemd-tan has 90 seconds left.\n|\n|t:|1700367826\n|switch|p1a: Cinderace|Cinderace, F|62\/100|[from] Flip Turn\n|\n|-weather|none\n|-end|p2a: Gliscorless Edge|move: Future Sight\n|-immune|p2a: Gliscorless Edge\n|-heal|p2a: Gliscorless Edge|79\/100|[from] item: Leftovers\n|upkeep\n|turn|10\n|j| Ctannn\n|inactive|iron tusk 69 has 120 seconds left.\n|\n|t:|1700367870\n|move|p1a: Cinderace|Court Change|p1a: Cinderace\n|-start|p1a: Cinderace|typechange|Normal|[from] ability: Libero\n|-swapsideconditions\n|-activate|p1a: Cinderace|move: Court Change\n|move|p2a: Gliscorless Edge|Ceaseless Edge|p1a: Cinderace\n|-damage|p1a: Cinderace|10\/100\n|-sidestart|p1: ookillemd-tan|Spikes\n|\n|-heal|p2a: Gliscorless Edge|85\/100|[from] item: Leftovers\n|upkeep\n|turn|11\n|\n|t:|1700367881\n|move|p1a: Cinderace|U-turn|p2a: Gliscorless Edge\n|-supereffective|p2a: Gliscorless Edge\n|-damage|p2a: Gliscorless Edge|54\/100\n|\n|t:|1700367882\n|switch|p1a: Iron Valiant|Iron Valiant|100\/100|[from] U-turn\n|-damage|p1a: Iron Valiant|88\/100|[from] Spikes\n|move|p2a: Gliscorless Edge|Ceaseless Edge|p1a: Iron Valiant\n|-resisted|p1a: Iron Valiant\n|-damage|p1a: Iron Valiant|76\/100\n|-sidestart|p1: ookillemd-tan|Spikes\n|\n|-heal|p2a: Gliscorless Edge|60\/100|[from] item: Leftovers\n|upkeep\n|turn|12\n|inactive|iron tusk 69 has 120 seconds left.\n|\n|t:|1700367891\n|move|p1a: Iron Valiant|Thunderbolt|p2a: Gliscorless Edge\n|-supereffective|p2a: Gliscorless Edge\n|-damage|p2a: Gliscorless Edge|0 fnt\n|faint|p2a: Gliscorless Edge\n|\n|upkeep\n|\n|t:|1700367895\n|switch|p2a: Freezing Sun|Iron Moth|87\/100\n|-damage|p2a: Freezing Sun|62\/100|[from] Spikes\n|turn|13\n|\n|t:|1700367903\n|-end|p1a: Iron Valiant|Quark Drive|[silent]\n|switch|p1a: Slowking|Slowking-Galar, M|100\/100\n|move|p2a: Freezing Sun|Sludge Wave|p1a: Slowking\n|-resisted|p1a: Slowking\n|-damage|p1a: Slowking|88\/100\n|\n|upkeep\n|turn|14\n|\n|t:|1700367911\n|move|p2a: Freezing Sun|Fiery Dance|p1a: Slowking\n|-damage|p1a: Slowking|65\/100\n|move|p1a: Slowking|Chilly Reception|p1a: Slowking\n|-weather|Snow\n|\n|t:|1700367921\n|switch|p1a: Iron Valiant|Iron Valiant|76\/100|[from] Chilly Reception\n|-damage|p1a: Iron Valiant|59\/100|[from] Spikes\n|\n|-weather|Snow|[upkeep]\n|upkeep\n|turn|15\n|inactive|ookillemd-tan has 120 seconds left.\n|j| OUFC Mu Xuanyin\n|\n|t:|1700367951\n|move|p1a: Iron Valiant|Psyshock|p2a: Freezing Sun\n|-supereffective|p2a: Freezing Sun\n|-damage|p2a: Freezing Sun|0 fnt\n|faint|p2a: Freezing Sun\n|-end|p2a: Freezing Sun|Quark Drive|[silent]\n|\n|-weather|Snow|[upkeep]\n|upkeep\n|j| srtyjj\n|\n|t:|1700367959\n|switch|p2a: It's Oger|Ogerpon-Wellspring, F|100\/100\n|-damage|p2a: It's Oger|76\/100|[from] Spikes\n|turn|16\n|j| pipisuave\n|\n|t:|1700367966\n|-end|p1a: Iron Valiant|Quark Drive|[silent]\n|switch|p1a: Cinderace|Cinderace, F|10\/100\n|move|p2a: It's Oger|Horn Leech|p1a: Cinderace\n|-resisted|p1a: Cinderace\n|-crit|p1a: Cinderace\n|-damage|p1a: Cinderace|0 fnt\n|-heal|p2a: It's Oger|81\/100|[from] drain|[of] p1a: Cinderace\n|faint|p1a: Cinderace\n|\n|-weather|Snow|[upkeep]\n|upkeep\n|\n|t:|1700367972\n|switch|p1a: Rillaboom|Rillaboom, F|100\/100\n|-damage|p1a: Rillaboom|84\/100|[from] Spikes\n|-fieldstart|move: Grassy Terrain|[from] ability: Grassy Surge|[of] p1a: Rillaboom\n|turn|17\n|j| simplegent\n|\n|t:|1700367980\n|switch|p2a: GAMBIT SWITCHIN|Zamazenta|100\/100\n|-damage|p2a: GAMBIT SWITCHIN|76\/100|[from] Spikes\n|-ability|p2a: GAMBIT SWITCHIN|Dauntless Shield|boost\n|-boost|p2a: GAMBIT SWITCHIN|def|1\n|move|p1a: Rillaboom|U-turn|p2a: GAMBIT SWITCHIN\n|-resisted|p2a: GAMBIT SWITCHIN\n|-damage|p2a: GAMBIT SWITCHIN|68\/100\n|\n|t:|1700367986\n|switch|p1a: Slowking|Slowking-Galar, M|98\/100|[from] U-turn\n|\n|-weather|Snow|[upkeep]\n|-heal|p2a: GAMBIT SWITCHIN|74\/100|[from] Grassy Terrain\n|-heal|p2a: GAMBIT SWITCHIN|80\/100|[from] item: Leftovers\n|-heal|p1a: Slowking|100\/100|[from] Grassy Terrain\n|upkeep\n|turn|18\n|inactive|ookillemd-tan has 120 seconds left.\n|\n|t:|1700368000\n|move|p2a: GAMBIT SWITCHIN|Crunch|p1a: Slowking\n|-supereffective|p1a: Slowking\n|-damage|p1a: Slowking|58\/100\n|move|p1a: Slowking|Future Sight|p2a: GAMBIT SWITCHIN\n|-start|p1a: Slowking|move: Future Sight\n|\n|-weather|none\n|-heal|p2a: GAMBIT SWITCHIN|86\/100|[from] Grassy Terrain\n|-heal|p2a: GAMBIT SWITCHIN|92\/100|[from] item: Leftovers\n|-heal|p1a: Slowking|64\/100|[from] Grassy Terrain\n|upkeep\n|turn|19\n|\n|t:|1700368006\n|move|p2a: GAMBIT SWITCHIN|Crunch|p1a: Slowking\n|-supereffective|p1a: Slowking\n|-damage|p1a: Slowking|23\/100\n|move|p1a: Slowking|Chilly Reception|p1a: Slowking\n|-weather|Snow\n|\n|t:|1700368016\n|switch|p1a: Alomomola|Alomomola, M|93\/100|[from] Chilly Reception\n|\n|-weather|Snow|[upkeep]\n|-heal|p2a: GAMBIT SWITCHIN|98\/100|[from] Grassy Terrain\n|-heal|p2a: GAMBIT SWITCHIN|100\/100|[from] item: Leftovers\n|-heal|p1a: Alomomola|99\/100|[from] Grassy Terrain\n|upkeep\n|turn|20\n|\n|t:|1700368024\n|move|p2a: GAMBIT SWITCHIN|Body Press|p1a: Alomomola\n|-damage|p1a: Alomomola|61\/100\n|move|p1a: Alomomola|Wish|p1a: Alomomola\n|\n|-weather|Snow|[upkeep]\n|-end|p2a: GAMBIT SWITCHIN|move: Future Sight\n|-supereffective|p2a: GAMBIT SWITCHIN\n|-damage|p2a: GAMBIT SWITCHIN|16\/100\n|-heal|p2a: GAMBIT SWITCHIN|22\/100|[from] Grassy Terrain\n|-heal|p2a: GAMBIT SWITCHIN|28\/100|[from] item: Leftovers\n|-heal|p1a: Alomomola|67\/100|[from] Grassy Terrain\n|upkeep\n|turn|21\n|\n|t:|1700368044\n|move|p2a: GAMBIT SWITCHIN|Iron Defense|p2a: GAMBIT SWITCHIN\n|-boost|p2a: GAMBIT SWITCHIN|def|2\n|move|p1a: Alomomola|Flip Turn|p2a: GAMBIT SWITCHIN\n|-damage|p2a: GAMBIT SWITCHIN|23\/100\n|\n|t:|1700368047\n|switch|p1a: Iron Valiant|Iron Valiant|59\/100|[from] Flip Turn\n|-damage|p1a: Iron Valiant|43\/100|[from] Spikes\n|\n|-weather|Snow|[upkeep]\n|-heal|p1a: Iron Valiant|100\/100|[from] move: Wish|[wisher] Alomomola\n|-heal|p2a: GAMBIT SWITCHIN|29\/100|[from] Grassy Terrain\n|-heal|p2a: GAMBIT SWITCHIN|35\/100|[from] item: Leftovers\n|-fieldend|move: Grassy Terrain\n|upkeep\n|turn|22\n|\n|t:|1700368057\n|move|p1a: Iron Valiant|Moonblast|p2a: GAMBIT SWITCHIN\n|-supereffective|p2a: GAMBIT SWITCHIN\n|-damage|p2a: GAMBIT SWITCHIN|0 fnt\n|faint|p2a: GAMBIT SWITCHIN\n|\n|-weather|Snow|[upkeep]\n|upkeep\n|\n|t:|1700368064\n|switch|p2a: Ogregone|Iron Valiant|100\/100\n|-damage|p2a: Ogregone|76\/100|[from] Spikes\n|-enditem|p2a: Ogregone|Booster Energy\n|-activate|p2a: Ogregone|ability: Quark Drive|[fromitem]\n|-start|p2a: Ogregone|quarkdrivespe\n|turn|23\n|j| Ouvt frfr\n|\n|t:|1700368076\n|-end|p1a: Iron Valiant|Quark Drive|[silent]\n|switch|p1a: Slowking|Slowking-Galar, M|56\/100\n|move|p2a: Ogregone|Close Combat|p1a: Slowking\n|-resisted|p1a: Slowking\n|-damage|p1a: Slowking|39\/100\n|-unboost|p2a: Ogregone|def|1\n|-unboost|p2a: Ogregone|spd|1\n|\n|-weather|none\n|upkeep\n|turn|24\n|\n|t:|1700368083\n|switch|p1a: Alomomola|Alomomola, M|100\/100\n|move|p2a: Ogregone|Knock Off|p1a: Alomomola\n|-damage|p1a: Alomomola|81\/100\n|-enditem|p1a: Alomomola|Heavy-Duty Boots|[from] move: Knock Off|[of] p2a: Ogregone\n|\n|upkeep\n|turn|25\n|c|\u2606iron tusk 69|fuck\n|c|\u2606iron tusk 69|misread\n|\n|t:|1700368088\n|move|p2a: Ogregone|Swords Dance|p2a: Ogregone\n|-boost|p2a: Ogregone|atk|2\n|move|p1a: Alomomola|Flip Turn|p2a: Ogregone\n|-damage|p2a: Ogregone|44\/100\n|l| Ctannn\n|\n|t:|1700368090\n|switch|p1a: Rillaboom|Rillaboom, F|84\/100|[from] Flip Turn\n|-damage|p1a: Rillaboom|68\/100|[from] Spikes\n|-fieldstart|move: Grassy Terrain|[from] ability: Grassy Surge|[of] p1a: Rillaboom\n|\n|-heal|p2a: Ogregone|50\/100|[from] Grassy Terrain\n|-heal|p1a: Rillaboom|74\/100|[from] Grassy Terrain\n|upkeep\n|turn|26\n|\n|t:|1700368093\n|move|p1a: Rillaboom|Grassy Glide|p2a: Ogregone\n|-damage|p2a: Ogregone|0 fnt\n|faint|p2a: Ogregone\n|-end|p2a: Ogregone|Quark Drive|[silent]\n|\n|-heal|p1a: Rillaboom|80\/100|[from] Grassy Terrain\n|upkeep\n|\n|t:|1700368099\n|switch|p2a: It's Oger|Ogerpon-Wellspring, F|81\/100\n|-damage|p2a: It's Oger|56\/100|[from] Spikes\n|turn|27\n|j| Ctannn\n|\n|t:|1700368105\n|move|p1a: Rillaboom|Grassy Glide|p2a: It's Oger\n|-damage|p2a: It's Oger|0 fnt\n|faint|p2a: It's Oger\n|\n|-heal|p1a: Rillaboom|86\/100|[from] Grassy Terrain\n|upkeep\n|\n|t:|1700368108\n|switch|p2a: Rigged Suspect|Kingambit, F|100\/100\n|-damage|p2a: Rigged Suspect|76\/100|[from] Spikes\n|-activate|p2a: Rigged Suspect|ability: Supreme Overlord\n|-start|p2a: Rigged Suspect|fallen5|[silent]\n|turn|28\n|\n|t:|1700368121\n|switch|p1a: Iron Valiant|Iron Valiant|100\/100\n|-damage|p1a: Iron Valiant|84\/100|[from] Spikes\n|move|p2a: Rigged Suspect|Kowtow Cleave|p1a: Iron Valiant\n|-resisted|p1a: Iron Valiant\n|-damage|p1a: Iron Valiant|58\/100\n|\n|-heal|p1a: Iron Valiant|65\/100|[from] Grassy Terrain\n|-heal|p2a: Rigged Suspect|82\/100|[from] Grassy Terrain\n|-heal|p2a: Rigged Suspect|88\/100|[from] item: Leftovers\n|upkeep\n|turn|29\n|inactive|ookillemd-tan has 120 seconds left.\n|\n|t:|1700368166\n|-terastallize|p2a: Rigged Suspect|Fairy\n|move|p1a: Iron Valiant|Moonblast|p2a: Rigged Suspect\n|-damage|p2a: Rigged Suspect|25\/100\n|move|p2a: Rigged Suspect|Tera Blast|p1a: Iron Valiant|[anim] Tera Blast Fairy\n|-supereffective|p1a: Iron Valiant\n|-damage|p1a: Iron Valiant|0 fnt\n|faint|p1a: Iron Valiant\n|-end|p1a: Iron Valiant|Quark Drive|[silent]\n|\n|-heal|p2a: Rigged Suspect|31\/100|[from] Grassy Terrain\n|-heal|p2a: Rigged Suspect|37\/100|[from] item: Leftovers\n|-fieldend|move: Grassy Terrain\n|upkeep\n|c|\u2606iron tusk 69|gg\n|\n|t:|1700368176\n|switch|p1a: Rillaboom|Rillaboom, F|86\/100\n|-damage|p1a: Rillaboom|70\/100|[from] Spikes\n|-fieldstart|move: Grassy Terrain|[from] ability: Grassy Surge|[of] p1a: Rillaboom\n|turn|30\n|c|\u2606ookillemd-tan|gg\n|l| Ouvt frfr\n|-message|iron tusk 69 forfeited.\n|\n|win|ookillemd-tan\n|raw|ookillemd-tan's rating: 1685 &rarr; <strong>1709<\/strong><br \/>(+24 for winning)\n|raw|iron tusk 69's rating: 1757 &rarr; <strong>1733<\/strong><br \/>(-24 for losing)\n|l|\u2606iron tusk 69\n|l|\u2606ookillemd-tan\n|l| Roshino\n|l| srtyjj\n|l| simplegent\n|l| Ctannn\n|l| pipisuave\n","uploadtime":1700368706,"views":30,"p1id":"ookillemdtan","p2id":"irontusk69","formatid":"gen9ou","rating":1709,"private":0,"password":""}