{"id":"gen9ou-1996779581","p1":"OrionTheCat","p2":"BraveBuddy","format":"[Gen 9] OU","log":"|j|\u2606OrionTheCat\n|j|\u2606BraveBuddy\n|t:|1700723984\n|gametype|singles\n|player|p1|OrionTheCat|n-masters|1157\n|player|p2|BraveBuddy|waiter-gen4|1153\n|teamsize|p1|6\n|teamsize|p2|6\n|gen|9\n|tier|[Gen 9] OU\n|rated|\n|rule|Sleep Clause Mod: Limit one foe put to sleep\n|rule|Species Clause: Limit one of each Pok\u00e9mon\n|rule|OHKO Clause: OHKO moves are banned\n|rule|Evasion Items Clause: Evasion items are banned\n|rule|Evasion Moves Clause: Evasion moves are banned\n|rule|Endless Battle Clause: Forcing endless battles is banned\n|rule|HP Percentage Mod: HP is shown in percentages\n|clearpoke\n|poke|p1|Pelipper, M|\n|poke|p1|Amoonguss, F|\n|poke|p1|Basculegion-F, F|\n|poke|p1|Manaphy|\n|poke|p1|Corviknight, F|\n|poke|p1|Iron Treads|\n|poke|p2|Great Tusk|\n|poke|p2|Corviknight, M|\n|poke|p2|Gholdengo|\n|poke|p2|Rillaboom, M|\n|poke|p2|Kingambit, F|\n|poke|p2|Ogerpon-Wellspring, F|\n|teampreview\n|inactive|Battle timer is ON: inactive players will automatically lose when time's up. (requested by OrionTheCat)\n|\n|t:|1700723995\n|start\n|switch|p1a: birb|Pelipper, M|100\/100\n|switch|p2a: Monkey|Rillaboom, M, shiny|100\/100\n|-fieldstart|move: Grassy Terrain|[from] ability: Grassy Surge|[of] p2a: Monkey\n|-weather|RainDance|[from] ability: Drizzle|[of] p1a: birb\n|turn|1\n|\n|t:|1700724006\n|switch|p1a: armored birb|Corviknight, F|100\/100\n|-ability|p1a: armored birb|Pressure\n|move|p2a: Monkey|Protect||[still]\n|-fail|p2a: Monkey\n|\n|-weather|RainDance|[upkeep]\n|upkeep\n|turn|2\n|\n|t:|1700724012\n|move|p2a: Monkey|U-turn|p1a: armored birb\n|-resisted|p1a: armored birb\n|-damage|p1a: armored birb|97\/100\n|-damage|p2a: Monkey|84\/100|[from] item: Rocky Helmet|[of] p1a: armored birb\n|\n|t:|1700724019\n|switch|p2a: Golden Freddy|Gholdengo|100\/100|[from] U-turn\n|move|p1a: armored birb|Brave Bird|p2a: Golden Freddy\n|-resisted|p2a: Golden Freddy\n|-damage|p2a: Golden Freddy|79\/100\n|-damage|p1a: armored birb|91\/100|[from] Recoil\n|\n|-weather|RainDance|[upkeep]\n|-heal|p2a: Golden Freddy|85\/100|[from] Grassy Terrain\n|upkeep\n|turn|3\n|\n|t:|1700724040\n|move|p2a: Golden Freddy|Trick|p1a: armored birb\n|-activate|p2a: Golden Freddy|move: Trick|[of] p1a: armored birb\n|-item|p1a: armored birb|Choice Scarf|[from] move: Trick\n|-item|p2a: Golden Freddy|Rocky Helmet|[from] move: Trick\n|move|p1a: armored birb|U-turn|p2a: Golden Freddy\n|-resisted|p2a: Golden Freddy\n|-damage|p2a: Golden Freddy|81\/100\n|-damage|p1a: armored birb|75\/100|[from] item: Rocky Helmet|[of] p2a: Golden Freddy\n|\n|t:|1700724049\n|switch|p1a: Duke Fishron|Basculegion-F, F|100\/100|[from] U-turn\n|\n|-weather|RainDance|[upkeep]\n|-heal|p2a: Golden Freddy|87\/100|[from] Grassy Terrain\n|upkeep\n|turn|4\n|\n|t:|1700724060\n|switch|p2a: ShitGambit|Kingambit, F|100\/100\n|move|p1a: Duke Fishron|Shadow Ball|p2a: ShitGambit\n|-resisted|p2a: ShitGambit\n|-damage|p2a: ShitGambit|75\/100\n|\n|-weather|RainDance|[upkeep]\n|-heal|p2a: ShitGambit|81\/100|[from] Grassy Terrain\n|-heal|p2a: ShitGambit|88\/100|[from] item: Leftovers\n|upkeep\n|turn|5\n|\n|t:|1700724066\n|switch|p1a: armored birb|Corviknight, F|75\/100\n|-ability|p1a: armored birb|Pressure\n|move|p2a: ShitGambit|Kowtow Cleave|p1a: armored birb\n|-crit|p1a: armored birb\n|-damage|p1a: armored birb|30\/100\n|\n|-weather|RainDance|[upkeep]\n|-heal|p2a: ShitGambit|94\/100|[from] Grassy Terrain\n|-heal|p2a: ShitGambit|99\/100|[from] item: Leftovers\n|-fieldend|move: Grassy Terrain\n|upkeep\n|turn|6\n|\n|t:|1700724071\n|move|p2a: ShitGambit|Sucker Punch||[still]\n|-fail|p2a: ShitGambit\n|move|p1a: armored birb|Roost|p1a: armored birb\n|-heal|p1a: armored birb|80\/100\n|-singleturn|p1a: armored birb|move: Roost\n|\n|-weather|RainDance|[upkeep]\n|-heal|p2a: ShitGambit|100\/100|[from] item: Leftovers\n|upkeep\n|turn|7\n|\n|t:|1700724075\n|move|p1a: armored birb|Roost|p1a: armored birb\n|-heal|p1a: armored birb|100\/100\n|-singleturn|p1a: armored birb|move: Roost\n|move|p2a: ShitGambit|Stealth Rock|p1a: armored birb\n|-sidestart|p1: OrionTheCat|move: Stealth Rock\n|\n|-weather|RainDance|[upkeep]\n|upkeep\n|turn|8\n|\n|t:|1700724080\n|switch|p1a: spain without a|Iron Treads|100\/100\n|-damage|p1a: spain without a|97\/100|[from] Stealth Rock\n|move|p2a: ShitGambit|Kowtow Cleave|p1a: spain without a\n|-damage|p1a: spain without a|55\/100\n|\n|-weather|none\n|upkeep\n|turn|9\n|\n|t:|1700724090\n|move|p2a: ShitGambit|Protect|p2a: ShitGambit\n|-singleturn|p2a: ShitGambit|Protect\n|move|p1a: spain without a|Rapid Spin|p2a: ShitGambit\n|-activate|p2a: ShitGambit|move: Protect\n|\n|upkeep\n|turn|10\n|\n|t:|1700724105\n|-end|p2a: ShitGambit|fallenundefined|[silent]\n|switch|p2a: sILVERS|Corviknight, M, shiny|100\/100\n|move|p1a: spain without a|Earthquake|p2a: sILVERS\n|-immune|p2a: sILVERS\n|\n|upkeep\n|turn|11\n|\n|t:|1700724111\n|move|p1a: spain without a|Volt Switch|p2a: sILVERS\n|-supereffective|p2a: sILVERS\n|-crit|p2a: sILVERS\n|-damage|p2a: sILVERS|66\/100\n|\n|t:|1700724118\n|-end|p1a: spain without a|Quark Drive|[silent]\n|switch|p1a: armored birb|Corviknight, F|100\/100|[from] Volt Switch\n|-damage|p1a: armored birb|88\/100|[from] Stealth Rock\n|-ability|p1a: armored birb|Pressure\n|move|p2a: sILVERS|Body Press|p1a: armored birb\n|-damage|p1a: armored birb|73\/100\n|\n|-heal|p2a: sILVERS|72\/100|[from] item: Leftovers\n|upkeep\n|turn|12\n|\n|t:|1700724129\n|move|p1a: armored birb|Defog|p2a: sILVERS\n|-ability|p2a: sILVERS|Mirror Armor\n|-unboost|p1a: armored birb|evasion|1\n|-sideend|p1: OrionTheCat|Stealth Rock|[from] move: Defog|[of] p1a: armored birb\n|move|p2a: sILVERS|Body Press|p1a: armored birb\n|-damage|p1a: armored birb|56\/100\n|\n|-heal|p2a: sILVERS|78\/100|[from] item: Leftovers\n|upkeep\n|turn|13\n|\n|t:|1700724142\n|switch|p1a: birb|Pelipper, M|100\/100\n|-weather|RainDance|[from] ability: Drizzle|[of] p1a: birb\n|move|p2a: sILVERS|Body Press|p1a: birb\n|-resisted|p1a: birb\n|-damage|p1a: birb|91\/100\n|\n|-weather|RainDance|[upkeep]\n|-heal|p2a: sILVERS|85\/100|[from] item: Leftovers\n|upkeep\n|turn|14\n|\n|t:|1700724150\n|switch|p1a: friend shaped|Manaphy|100\/100\n|move|p2a: sILVERS|U-turn|p1a: friend shaped\n|-damage|p1a: friend shaped|87\/100\n|\n|t:|1700724156\n|switch|p2a: Monkey|Rillaboom, M, shiny|84\/100|[from] U-turn\n|-fieldstart|move: Grassy Terrain|[from] ability: Grassy Surge|[of] p2a: Monkey\n|\n|-weather|RainDance|[upkeep]\n|-heal|p1a: friend shaped|93\/100|[from] Grassy Terrain\n|-heal|p1a: friend shaped|99\/100|[from] item: Leftovers\n|-heal|p2a: Monkey|90\/100|[from] Grassy Terrain\n|-heal|p2a: Monkey|96\/100|[from] item: Leftovers\n|upkeep\n|turn|15\n|\n|t:|1700724161\n|-terastallize|p1a: friend shaped|Grass\n|move|p2a: Monkey|Grassy Glide|p1a: friend shaped\n|-resisted|p1a: friend shaped\n|-damage|p1a: friend shaped|81\/100\n|move|p1a: friend shaped|Tail Glow|p1a: friend shaped\n|-boost|p1a: friend shaped|spa|3\n|\n|-weather|RainDance|[upkeep]\n|-heal|p1a: friend shaped|87\/100|[from] Grassy Terrain\n|-heal|p1a: friend shaped|93\/100|[from] item: Leftovers\n|-heal|p2a: Monkey|100\/100|[from] Grassy Terrain\n|upkeep\n|turn|16\n|\n|t:|1700724169\n|move|p1a: friend shaped|Surf|p2a: Monkey\n|-resisted|p2a: Monkey\n|-damage|p2a: Monkey|0 fnt\n|faint|p2a: Monkey\n|\n|-weather|RainDance|[upkeep]\n|-heal|p1a: friend shaped|99\/100|[from] Grassy Terrain\n|-heal|p1a: friend shaped|100\/100|[from] item: Leftovers\n|upkeep\n|\n|t:|1700724184\n|switch|p2a: sILVERS|Corviknight, M, shiny|85\/100\n|turn|17\n|\n|t:|1700724189\n|move|p1a: friend shaped|Surf|p2a: sILVERS\n|-damage|p2a: sILVERS|0 fnt\n|faint|p2a: sILVERS\n|\n|-weather|RainDance|[upkeep]\n|upkeep\n|\n|t:|1700724205\n|switch|p2a: Scream 5|Ogerpon-Wellspring, F|100\/100\n|turn|18\n|\n|t:|1700724218\n|move|p2a: Scream 5|Spiky Shield|p2a: Scream 5\n|-singleturn|p2a: Scream 5|move: Protect\n|move|p1a: friend shaped|Energy Ball|p2a: Scream 5\n|-activate|p2a: Scream 5|move: Protect\n|\n|-weather|RainDance|[upkeep]\n|-fieldend|move: Grassy Terrain\n|upkeep\n|turn|19\n|\n|t:|1700724229\n|move|p1a: friend shaped|Energy Ball|p2a: Scream 5\n|-damage|p2a: Scream 5|0 fnt\n|faint|p2a: Scream 5\n|\n|-weather|RainDance|[upkeep]\n|upkeep\n|\n|t:|1700724236\n|switch|p2a: Golden Freddy|Gholdengo|87\/100\n|turn|20\n|\n|t:|1700724239\n|move|p1a: friend shaped|Surf|p2a: Golden Freddy\n|-damage|p2a: Golden Freddy|0 fnt\n|faint|p2a: Golden Freddy\n|\n|-weather|none\n|upkeep\n|\n|t:|1700724244\n|switch|p2a: ShitGambit|Kingambit, F|100\/100\n|-activate|p2a: ShitGambit|ability: Supreme Overlord\n|-start|p2a: ShitGambit|fallen4|[silent]\n|turn|21\n|\n|t:|1700724249\n|move|p2a: ShitGambit|Protect|p2a: ShitGambit\n|-singleturn|p2a: ShitGambit|Protect\n|move|p1a: friend shaped|Surf|p2a: ShitGambit\n|-activate|p2a: ShitGambit|move: Protect\n|\n|upkeep\n|turn|22\n|\n|t:|1700724254\n|move|p1a: friend shaped|Surf|p2a: ShitGambit\n|-damage|p2a: ShitGambit|5\/100\n|move|p2a: ShitGambit|Kowtow Cleave|p1a: friend shaped\n|-damage|p1a: friend shaped|31\/100\n|\n|-heal|p1a: friend shaped|37\/100|[from] item: Leftovers\n|-heal|p2a: ShitGambit|11\/100|[from] item: Leftovers\n|upkeep\n|turn|23\n|\n|t:|1700724260\n|move|p2a: ShitGambit|Sucker Punch||[still]\n|-fail|p2a: ShitGambit\n|move|p1a: friend shaped|Tail Glow|p1a: friend shaped\n|-boost|p1a: friend shaped|spa|3\n|\n|-heal|p1a: friend shaped|43\/100|[from] item: Leftovers\n|-heal|p2a: ShitGambit|18\/100|[from] item: Leftovers\n|upkeep\n|turn|24\n|\n|t:|1700724265\n|move|p2a: ShitGambit|Sucker Punch||[still]\n|-fail|p2a: ShitGambit\n|move|p1a: friend shaped|Tail Glow|p1a: friend shaped\n|-boost|p1a: friend shaped|spa|0\n|\n|-heal|p1a: friend shaped|49\/100|[from] item: Leftovers\n|-heal|p2a: ShitGambit|24\/100|[from] item: Leftovers\n|upkeep\n|turn|25\n|\n|t:|1700724269\n|move|p2a: ShitGambit|Protect|p2a: ShitGambit\n|-singleturn|p2a: ShitGambit|Protect\n|move|p1a: friend shaped|Surf|p2a: ShitGambit\n|-activate|p2a: ShitGambit|move: Protect\n|\n|-heal|p1a: friend shaped|56\/100|[from] item: Leftovers\n|-heal|p2a: ShitGambit|30\/100|[from] item: Leftovers\n|upkeep\n|turn|26\n|\n|t:|1700724274\n|move|p2a: ShitGambit|Sucker Punch||[still]\n|-fail|p2a: ShitGambit\n|move|p1a: friend shaped|Tail Glow|p1a: friend shaped\n|-boost|p1a: friend shaped|spa|0\n|\n|-heal|p1a: friend shaped|62\/100|[from] item: Leftovers\n|-heal|p2a: ShitGambit|36\/100|[from] item: Leftovers\n|upkeep\n|turn|27\n|\n|t:|1700724280\n|move|p2a: ShitGambit|Sucker Punch||[still]\n|-fail|p2a: ShitGambit\n|move|p1a: friend shaped|Tail Glow|p1a: friend shaped\n|-boost|p1a: friend shaped|spa|0\n|\n|-heal|p1a: friend shaped|68\/100|[from] item: Leftovers\n|-heal|p2a: ShitGambit|42\/100|[from] item: Leftovers\n|upkeep\n|turn|28\n|\n|t:|1700724289\n|move|p2a: ShitGambit|Protect|p2a: ShitGambit\n|-singleturn|p2a: ShitGambit|Protect\n|move|p1a: friend shaped|Tail Glow|p1a: friend shaped\n|-boost|p1a: friend shaped|spa|0\n|\n|-heal|p1a: friend shaped|74\/100|[from] item: Leftovers\n|-heal|p2a: ShitGambit|49\/100|[from] item: Leftovers\n|upkeep\n|turn|29\n|\n|t:|1700724294\n|move|p1a: friend shaped|Tail Glow|p1a: friend shaped\n|-boost|p1a: friend shaped|spa|0\n|move|p2a: ShitGambit|Kowtow Cleave|p1a: friend shaped\n|-damage|p1a: friend shaped|5\/100\n|\n|-heal|p1a: friend shaped|11\/100|[from] item: Leftovers\n|-heal|p2a: ShitGambit|55\/100|[from] item: Leftovers\n|upkeep\n|turn|30\n|\n|t:|1700724298\n|move|p2a: ShitGambit|Sucker Punch||[still]\n|-fail|p2a: ShitGambit\n|move|p1a: friend shaped|Tail Glow|p1a: friend shaped\n|-boost|p1a: friend shaped|spa|0\n|\n|-heal|p1a: friend shaped|17\/100|[from] item: Leftovers\n|-heal|p2a: ShitGambit|61\/100|[from] item: Leftovers\n|upkeep\n|turn|31\n|\n|t:|1700724304\n|move|p2a: ShitGambit|Protect|p2a: ShitGambit\n|-singleturn|p2a: ShitGambit|Protect\n|move|p1a: friend shaped|Surf|p2a: ShitGambit\n|-activate|p2a: ShitGambit|move: Protect\n|\n|-heal|p1a: friend shaped|23\/100|[from] item: Leftovers\n|-heal|p2a: ShitGambit|67\/100|[from] item: Leftovers\n|upkeep\n|turn|32\n|\n|t:|1700724309\n|move|p2a: ShitGambit|Sucker Punch||[still]\n|-fail|p2a: ShitGambit\n|move|p1a: friend shaped|Tail Glow|p1a: friend shaped\n|-boost|p1a: friend shaped|spa|0\n|\n|-heal|p1a: friend shaped|29\/100|[from] item: Leftovers\n|-heal|p2a: ShitGambit|73\/100|[from] item: Leftovers\n|upkeep\n|turn|33\n|\n|t:|1700724314\n|move|p1a: friend shaped|Surf|p2a: ShitGambit\n|-damage|p2a: ShitGambit|0 fnt\n|faint|p2a: ShitGambit\n|-end|p2a: ShitGambit|fallen4|[silent]\n|\n|-heal|p1a: friend shaped|35\/100|[from] item: Leftovers\n|upkeep\n|\n|t:|1700724316\n|switch|p2a: ELEPHANT|Great Tusk, shiny|100\/100\n|turn|34\n|\n|t:|1700724320\n|-terastallize|p2a: ELEPHANT|Grass\n|move|p1a: friend shaped|Surf|p2a: ELEPHANT\n|-resisted|p2a: ELEPHANT\n|-damage|p2a: ELEPHANT|0 fnt\n|faint|p2a: ELEPHANT\n|-end|p2a: ELEPHANT|Protosynthesis|[silent]\n|\n|win|OrionTheCat\n|raw|OrionTheCat's rating: 1157 &rarr; <strong>1182<\/strong><br \/>(+25 for winning)\n|raw|BraveBuddy's rating: 1153 &rarr; <strong>1128<\/strong><br \/>(-25 for losing)\n|l|\u2606BraveBuddy\n","uploadtime":1700724331,"views":3,"p1id":"orionthecat","p2id":"bravebuddy","formatid":"gen9ou","rating":1128,"private":0,"password":""}