{"id":"gen9ou-1994200522","p1":"poty's","p2":"podarakia44","format":"[Gen 9] OU","log":"|j|\u2606poty's\n|j|\u2606podarakia44\n|t:|1700418212\n|gametype|singles\n|player|p1|poty's|roxie|1080\n|player|p2|podarakia44|flannery|1106\n|teamsize|p1|6\n|teamsize|p2|6\n|gen|9\n|tier|[Gen 9] OU\n|rated|\n|rule|Sleep Clause Mod: Limit one foe put to sleep\n|rule|Species Clause: Limit one of each Pok\u00e9mon\n|rule|OHKO Clause: OHKO moves are banned\n|rule|Evasion Items Clause: Evasion items are banned\n|rule|Evasion Moves Clause: Evasion moves are banned\n|rule|Endless Battle Clause: Forcing endless battles is banned\n|rule|HP Percentage Mod: HP is shown in percentages\n|clearpoke\n|poke|p1|Clodsire, F|\n|poke|p1|Skeledirge, F|\n|poke|p1|Dragapult, M|\n|poke|p1|Rotom-Wash|\n|poke|p1|Kingambit, F|\n|poke|p1|Great Tusk|\n|poke|p2|Tinkaton, F|\n|poke|p2|Skeledirge, M|\n|poke|p2|Zamazenta-*|\n|poke|p2|Greninja-*, M|\n|poke|p2|Zapdos|\n|poke|p2|Great Tusk|\n|teampreview\n|\n|t:|1700418239\n|start\n|switch|p1a: Rotom|Rotom-Wash|100\/100\n|switch|p2a: kitrino peos|Zapdos, shiny|100\/100\n|turn|1\n|\n|t:|1700418248\n|move|p1a: Rotom|Volt Switch|p2a: kitrino peos\n|-damage|p2a: kitrino peos|78\/100\n|\n|t:|1700418252\n|switch|p1a: Clodsire|Clodsire, F|100\/100|[from] Volt Switch\n|move|p2a: kitrino peos|Discharge|p1a: Clodsire\n|-immune|p1a: Clodsire\n|\n|upkeep\n|turn|2\n|\n|t:|1700418264\n|move|p2a: kitrino peos|U-turn|p1a: Clodsire\n|-resisted|p1a: Clodsire\n|-damage|p1a: Clodsire|93\/100\n|\n|t:|1700418269\n|switch|p2a: aretoula|Tinkaton, F|100\/100|[from] U-turn\n|-ability|p2a: aretoula|Mold Breaker\n|move|p1a: Clodsire|Yawn|p2a: aretoula\n|-start|p2a: aretoula|move: Yawn|[of] p1a: Clodsire\n|\n|-heal|p1a: Clodsire|99\/100|[from] item: Black Sludge\n|upkeep\n|turn|3\n|\n|t:|1700418294\n|switch|p1a: Rotom|Rotom-Wash|100\/100\n|move|p2a: aretoula|Knock Off|p1a: Rotom\n|-damage|p1a: Rotom|83\/100\n|-enditem|p1a: Rotom|Choice Scarf|[from] move: Knock Off|[of] p2a: aretoula\n|\n|-end|p2a: aretoula|move: Yawn|[silent]\n|-status|p2a: aretoula|slp\n|upkeep\n|turn|4\n|\n|t:|1700418312\n|switch|p2a: kitrino peos|Zapdos, shiny|78\/100\n|move|p1a: Rotom|Will-O-Wisp|p2a: kitrino peos\n|-status|p2a: kitrino peos|brn\n|\n|-damage|p2a: kitrino peos|72\/100 brn|[from] brn\n|upkeep\n|turn|5\n|\n|t:|1700418322\n|move|p1a: Rotom|Hydro Pump|p2a: kitrino peos\n|-damage|p2a: kitrino peos|31\/100 brn\n|move|p2a: kitrino peos|U-turn|p1a: Rotom\n|-damage|p1a: Rotom|76\/100\n|\n|t:|1700418332\n|switch|p2a: great babis|Great Tusk|100\/100|[from] U-turn\n|\n|upkeep\n|turn|6\n|\n|t:|1700418341\n|move|p1a: Rotom|Will-O-Wisp|p2a: great babis\n|-status|p2a: great babis|brn\n|move|p2a: great babis|Earthquake|p1a: Rotom\n|-immune|p1a: Rotom|[from] ability: Levitate\n|\n|-damage|p2a: great babis|94\/100 brn|[from] brn\n|upkeep\n|turn|7\n|\n|t:|1700418376\n|-end|p2a: great babis|Protosynthesis|[silent]\n|switch|p2a: ranga|Zamazenta|100\/100\n|-ability|p2a: ranga|Dauntless Shield|boost\n|-boost|p2a: ranga|def|1\n|move|p1a: Rotom|Hydro Pump|p2a: ranga\n|-damage|p2a: ranga|65\/100\n|\n|-heal|p2a: ranga|71\/100|[from] item: Leftovers\n|upkeep\n|turn|8\n|\n|t:|1700418385\n|move|p2a: ranga|Iron Defense|p2a: ranga\n|-boost|p2a: ranga|def|2\n|move|p1a: Rotom|Will-O-Wisp|p2a: ranga\n|-status|p2a: ranga|brn\n|\n|-heal|p2a: ranga|77\/100 brn|[from] item: Leftovers\n|-damage|p2a: ranga|71\/100 brn|[from] brn\n|upkeep\n|turn|9\n|\n|t:|1700418396\n|move|p2a: ranga|Body Press|p1a: Rotom\n|-damage|p1a: Rotom|33\/100\n|move|p1a: Rotom|Volt Switch|p2a: ranga\n|-damage|p2a: ranga|49\/100 brn\n|\n|t:|1700418400\n|switch|p1a: Skeledirge|Skeledirge, F|100\/100|[from] Volt Switch\n|\n|-heal|p2a: ranga|55\/100 brn|[from] item: Leftovers\n|-damage|p2a: ranga|49\/100 brn|[from] brn\n|upkeep\n|turn|10\n|\n|t:|1700418411\n|move|p2a: ranga|Crunch|p1a: Skeledirge\n|-supereffective|p1a: Skeledirge\n|-damage|p1a: Skeledirge|84\/100\n|move|p1a: Skeledirge|Torch Song|p2a: ranga\n|-damage|p2a: ranga|20\/100 brn\n|-boost|p1a: Skeledirge|spa|1\n|\n|-heal|p2a: ranga|26\/100 brn|[from] item: Leftovers\n|-heal|p1a: Skeledirge|90\/100|[from] item: Leftovers\n|-damage|p2a: ranga|20\/100 brn|[from] brn\n|upkeep\n|turn|11\n|\n|t:|1700418427\n|move|p2a: ranga|Body Press|p1a: Skeledirge\n|-immune|p1a: Skeledirge\n|move|p1a: Skeledirge|Torch Song|p2a: ranga\n|-damage|p2a: ranga|0 fnt\n|-boost|p1a: Skeledirge|spa|1\n|faint|p2a: ranga\n|\n|-heal|p1a: Skeledirge|96\/100|[from] item: Leftovers\n|upkeep\n|\n|t:|1700418441\n|switch|p2a: crocodilino|Skeledirge, M|100\/100\n|turn|12\n|\n|t:|1700418463\n|switch|p2a: zoro|Greninja, M|100\/100\n|move|p1a: Skeledirge|Torch Song|p2a: zoro\n|-resisted|p2a: zoro\n|-damage|p2a: zoro|52\/100\n|-boost|p1a: Skeledirge|spa|1\n|\n|-heal|p1a: Skeledirge|100\/100|[from] item: Leftovers\n|upkeep\n|turn|13\n|\n|t:|1700418473\n|switch|p1a: Clodsire|Clodsire, F|99\/100\n|move|p2a: zoro|Water Shuriken|p1a: Clodsire\n|-heal|p1a: Clodsire|100\/100|[from] ability: Water Absorb|[of] p2a: zoro\n|\n|upkeep\n|turn|14\n|\n|t:|1700418487\n|switch|p2a: great babis|Great Tusk|94\/100 brn\n|move|p1a: Clodsire|Stealth Rock|p2a: great babis\n|-sidestart|p2: podarakia44|move: Stealth Rock\n|\n|-damage|p2a: great babis|88\/100 brn|[from] brn\n|upkeep\n|turn|15\n|\n|t:|1700418507\n|switch|p1a: Great Tusk|Great Tusk|100\/100\n|move|p2a: great babis|Rapid Spin|p1a: Great Tusk\n|-damage|p1a: Great Tusk|97\/100\n|-boost|p2a: great babis|spe|1\n|-sideend|p2: podarakia44|Stealth Rock|[from] move: Rapid Spin|[of] p2a: great babis\n|\n|-heal|p1a: Great Tusk|100\/100|[from] item: Leftovers\n|-damage|p2a: great babis|82\/100 brn|[from] brn\n|upkeep\n|turn|16\n|\n|t:|1700418545\n|-end|p2a: great babis|Protosynthesis|[silent]\n|switch|p2a: zoro|Greninja, M|52\/100\n|move|p1a: Great Tusk|Knock Off|p2a: zoro\n|-resisted|p2a: zoro\n|-damage|p2a: zoro|27\/100\n|-enditem|p2a: zoro|Life Orb|[from] move: Knock Off|[of] p1a: Great Tusk\n|\n|upkeep\n|turn|17\n|\n|t:|1700418554\n|-end|p1a: Great Tusk|Protosynthesis|[silent]\n|switch|p1a: Clodsire|Clodsire, F|100\/100\n|move|p2a: zoro|Water Shuriken|p1a: Clodsire\n|-immune|p1a: Clodsire|[from] ability: Water Absorb\n|\n|upkeep\n|turn|18\n|\n|t:|1700418563\n|move|p2a: zoro|Dark Pulse|p1a: Clodsire\n|-damage|p1a: Clodsire|83\/100\n|cant|p1a: Clodsire|flinch\n|\n|-heal|p1a: Clodsire|89\/100|[from] item: Black Sludge\n|upkeep\n|turn|19\n|\n|t:|1700418572\n|move|p2a: zoro|Ice Beam|p1a: Clodsire\n|-supereffective|p1a: Clodsire\n|-damage|p1a: Clodsire|59\/100\n|-status|p1a: Clodsire|frz\n|cant|p1a: Clodsire|frz\n|\n|-heal|p1a: Clodsire|66\/100 frz|[from] item: Black Sludge\n|upkeep\n|turn|20\n|\n|t:|1700418580\n|move|p2a: zoro|Ice Beam|p1a: Clodsire\n|-supereffective|p1a: Clodsire\n|-damage|p1a: Clodsire|36\/100 frz\n|cant|p1a: Clodsire|frz\n|\n|-heal|p1a: Clodsire|42\/100 frz|[from] item: Black Sludge\n|upkeep\n|turn|21\n|\n|t:|1700418589\n|move|p2a: zoro|Ice Beam|p1a: Clodsire\n|-supereffective|p1a: Clodsire\n|-damage|p1a: Clodsire|15\/100 frz\n|cant|p1a: Clodsire|frz\n|\n|-heal|p1a: Clodsire|21\/100 frz|[from] item: Black Sludge\n|upkeep\n|turn|22\n|\n|t:|1700418602\n|switch|p1a: Kingambit|Kingambit, F|100\/100\n|move|p2a: zoro|Ice Beam|p1a: Kingambit\n|-resisted|p1a: Kingambit\n|-damage|p1a: Kingambit|84\/100\n|\n|-heal|p1a: Kingambit|91\/100|[from] item: Leftovers\n|upkeep\n|turn|23\n|\n|t:|1700418615\n|move|p2a: zoro|Water Shuriken|p1a: Kingambit\n|-damage|p1a: Kingambit|83\/100\n|-crit|p1a: Kingambit\n|-damage|p1a: Kingambit|71\/100\n|-damage|p1a: Kingambit|64\/100\n|-damage|p1a: Kingambit|56\/100\n|-hitcount|p1a: Kingambit|4\n|move|p1a: Kingambit|Iron Head|p2a: zoro\n|-resisted|p2a: zoro\n|-damage|p2a: zoro|0 fnt\n|faint|p2a: zoro\n|\n|-heal|p1a: Kingambit|62\/100|[from] item: Leftovers\n|upkeep\n|\n|t:|1700418630\n|switch|p2a: crocodilino|Skeledirge, M|100\/100\n|turn|24\n|\n|t:|1700418635\n|-end|p1a: Kingambit|fallenundefined|[silent]\n|switch|p1a: Clodsire|Clodsire, F|21\/100 frz\n|move|p2a: crocodilino|Will-O-Wisp||[still]\n|-fail|p2a: crocodilino\n|\n|-heal|p1a: Clodsire|27\/100 frz|[from] item: Black Sludge\n|upkeep\n|turn|25\n|\n|t:|1700418646\n|move|p2a: crocodilino|Torch Song|p1a: Clodsire\n|-damage|p1a: Clodsire|12\/100 frz\n|-boost|p2a: crocodilino|spa|1\n|-curestatus|p1a: Clodsire|frz|[msg]\n|move|p1a: Clodsire|Recover|p1a: Clodsire\n|-heal|p1a: Clodsire|62\/100\n|\n|-heal|p1a: Clodsire|68\/100|[from] item: Black Sludge\n|upkeep\n|turn|26\n|-message|podarakia44 forfeited.\n|\n|win|poty's\n|raw|poty&apos;s's rating: 1080 &rarr; <strong>1110<\/strong><br \/>(+30 for winning)\n|raw|podarakia44's rating: 1106 &rarr; <strong>1079<\/strong><br \/>(-27 for losing)\n|l|\u2606podarakia44\n","uploadtime":1700418662,"views":7,"p1id":"potys","p2id":"podarakia44","formatid":"gen9ou","rating":1079,"private":0,"password":""}