{"id":"gen9ou-1993452478","p1":"Horrific17","p2":"Not Hell","format":"[Gen 9] OU","log":"|j|\u2606Horrific17\n|j|\u2606Not Hell\n|t:|1700319688\n|gametype|singles\n|player|p1|Horrific17|acetrainerf-gen4dp|\n|player|p2|Not Hell|flint|\n|teamsize|p1|6\n|teamsize|p2|6\n|gen|9\n|tier|[Gen 9] OU\n|rule|Sleep Clause Mod: Limit one foe put to sleep\n|rule|Species Clause: Limit one of each Pok\u00e9mon\n|rule|OHKO Clause: OHKO moves are banned\n|rule|Evasion Items Clause: Evasion items are banned\n|rule|Evasion Moves Clause: Evasion moves are banned\n|rule|Endless Battle Clause: Forcing endless battles is banned\n|rule|HP Percentage Mod: HP is shown in percentages\n|clearpoke\n|poke|p1|Samurott-Hisui, M|\n|poke|p1|Thundurus, M|\n|poke|p1|Dragapult, M|\n|poke|p1|Torterra, M|\n|poke|p1|Fezandipiti, M|\n|poke|p1|Hoopa-Unbound|\n|poke|p2|Noivern, F|\n|poke|p2|Politoed, F|\n|poke|p2|Corviknight, M|\n|poke|p2|Breloom, M|\n|poke|p2|Landorus-Therian, M|\n|poke|p2|Barraskewda, M|\n|teampreview\n|c|\u2606Not Hell|Yooooo turtleeee\n|c|\u2606Not Hell|sick\n|c|\u2606Horrific17|the turt\n|c|\u2606Horrific17|gl\n|c|\u2606Not Hell|gl man\n|\n|t:|1700319717\n|start\n|switch|p1a: Horton 229|Dragapult, M|100\/100\n|switch|p2a: Landorus|Landorus-Therian, M|100\/100\n|-ability|p2a: Landorus|Intimidate|boost\n|-fail|p1a: Horton 229|unboost|[from] ability: Clear Body|[of] p1a: Horton 229\n|turn|1\n|\n|t:|1700319726\n|move|p2a: Landorus|U-turn|p1a: Horton 229\n|-resisted|p1a: Horton 229\n|-crit|p1a: Horton 229\n|-damage|p1a: Horton 229|79\/100\n|\n|t:|1700319729\n|switch|p2a: Corviknight|Corviknight, M|100\/100|[from] U-turn\n|-ability|p2a: Corviknight|Pressure\n|move|p1a: Horton 229|U-turn|p2a: Corviknight\n|-resisted|p2a: Corviknight\n|-damage|p2a: Corviknight|97\/100\n|-damage|p1a: Horton 229|63\/100|[from] item: Rocky Helmet|[of] p2a: Corviknight\n|\n|t:|1700319733\n|switch|p1a: Storm Approaching|Thundurus, M|100\/100|[from] U-turn\n|\n|upkeep\n|turn|2\n|\n|t:|1700319764\n|-terastallize|p1a: Storm Approaching|Ice\n|move|p1a: Storm Approaching|Tera Blast|p2a: Corviknight|[anim] Tera Blast Ice\n|-damage|p2a: Corviknight|56\/100\n|move|p2a: Corviknight|U-turn|p1a: Storm Approaching\n|-damage|p1a: Storm Approaching|79\/100\n|\n|t:|1700319781\n|switch|p2a: Landorus|Landorus-Therian, M|100\/100|[from] U-turn\n|-ability|p2a: Landorus|Intimidate|boost\n|-unboost|p1a: Storm Approaching|atk|1\n|\n|upkeep\n|turn|3\n|\n|t:|1700319796\n|switch|p1a: Methuselah|Torterra, M|100\/100\n|move|p2a: Landorus|U-turn|p1a: Methuselah\n|-supereffective|p1a: Methuselah\n|-damage|p1a: Methuselah|47\/100\n|\n|t:|1700319806\n|switch|p2a: Noivern|Noivern, F|100\/100|[from] U-turn\n|\n|upkeep\n|turn|4\n|\n|t:|1700319820\n|switch|p1a: Fezandipidi Toilet|Fezandipiti, M|100\/100\n|move|p2a: Noivern|Boomburst|p1a: Fezandipidi Toilet\n|-damage|p1a: Fezandipidi Toilet|55\/100\n|\n|-heal|p1a: Fezandipidi Toilet|61\/100|[from] item: Leftovers\n|upkeep\n|turn|5\n|\n|t:|1700319828\n|switch|p2a: Politoed|Politoed, F|100\/100\n|-weather|RainDance|[from] ability: Drizzle|[of] p2a: Politoed\n|move|p1a: Fezandipidi Toilet|Roost|p1a: Fezandipidi Toilet\n|-heal|p1a: Fezandipidi Toilet|100\/100\n|-singleturn|p1a: Fezandipidi Toilet|move: Roost\n|\n|-weather|RainDance|[upkeep]\n|upkeep\n|turn|6\n|\n|t:|1700319836\n|switch|p2a: Landorus|Landorus-Therian, M|100\/100\n|-ability|p2a: Landorus|Intimidate|boost\n|-unboost|p1a: Fezandipidi Toilet|atk|1\n|move|p1a: Fezandipidi Toilet|Beat Up|p2a: Landorus\n|-damage|p2a: Landorus|98\/100\n|-damage|p2a: Landorus|95\/100\n|-status|p2a: Landorus|tox|[from] ability: Toxic Chain|[of] p1a: Fezandipidi Toilet\n|-damage|p2a: Landorus|93\/100 tox\n|-damage|p2a: Landorus|90\/100 tox\n|-damage|p2a: Landorus|88\/100 tox\n|-damage|p2a: Landorus|85\/100 tox\n|-hitcount|p2a: Landorus|6\n|\n|-weather|RainDance|[upkeep]\n|-damage|p2a: Landorus|79\/100 tox|[from] psn\n|upkeep\n|turn|7\n|\n|t:|1700319852\n|switch|p1a: Methuselah|Torterra, M|47\/100\n|move|p2a: Landorus|Earthquake|p1a: Methuselah\n|-resisted|p1a: Methuselah\n|-damage|p1a: Methuselah|22\/100\n|\n|-weather|RainDance|[upkeep]\n|-damage|p2a: Landorus|67\/100 tox|[from] psn\n|upkeep\n|turn|8\n|\n|t:|1700319861\n|move|p2a: Landorus|Earthquake|p1a: Methuselah\n|-resisted|p1a: Methuselah\n|-damage|p1a: Methuselah|0 fnt\n|faint|p1a: Methuselah\n|\n|-weather|RainDance|[upkeep]\n|-damage|p2a: Landorus|49\/100 tox|[from] psn\n|upkeep\n|\n|t:|1700319886\n|switch|p1a: Horton 229|Dragapult, M|63\/100\n|turn|9\n|\n|t:|1700319896\n|move|p2a: Landorus|Earthquake|p1a: Horton 229\n|-damage|p1a: Horton 229|0 fnt\n|faint|p1a: Horton 229\n|\n|-weather|none\n|-damage|p2a: Landorus|25\/100 tox|[from] psn\n|upkeep\n|\n|t:|1700319912\n|switch|p1a: \u0627\u0644\u0641 \u0644\u064a\u0644\u0629 \u0648 \u0644\u064a\u0644\u0629|Hoopa-Unbound|100\/100\n|turn|10\n|\n|t:|1700319928\n|move|p2a: Landorus|Earthquake|p1a: \u0627\u0644\u0641 \u0644\u064a\u0644\u0629 \u0648 \u0644\u064a\u0644\u0629\n|-damage|p1a: \u0627\u0644\u0641 \u0644\u064a\u0644\u0629 \u0648 \u0644\u064a\u0644\u0629|3\/100\n|-enditem|p1a: \u0627\u0644\u0641 \u0644\u064a\u0644\u0629 \u0648 \u0644\u064a\u0644\u0629|Salac Berry|[eat]\n|-boost|p1a: \u0627\u0644\u0641 \u0644\u064a\u0644\u0629 \u0648 \u0644\u064a\u0644\u0629|spe|1|[from] item: Salac Berry\n|move|p1a: \u0627\u0644\u0641 \u0644\u064a\u0644\u0629 \u0648 \u0644\u064a\u0644\u0629|Dark Pulse|p2a: Landorus\n|-damage|p2a: Landorus|0 fnt\n|faint|p2a: Landorus\n|\n|upkeep\n|\n|t:|1700319937\n|switch|p2a: Breloom|Breloom, M|100\/100\n|turn|11\n|\n|t:|1700319945\n|switch|p1a: Fezandipidi Toilet|Fezandipiti, M|100\/100\n|move|p2a: Breloom|Mach Punch|p1a: Fezandipidi Toilet\n|-resisted|p1a: Fezandipidi Toilet\n|-damage|p1a: Fezandipidi Toilet|93\/100\n|\n|-heal|p1a: Fezandipidi Toilet|99\/100|[from] item: Leftovers\n|upkeep\n|turn|12\n|\n|t:|1700319957\n|move|p1a: Fezandipidi Toilet|Moonblast|p2a: Breloom\n|-supereffective|p2a: Breloom\n|-damage|p2a: Breloom|8\/100\n|-unboost|p2a: Breloom|spa|1\n|move|p2a: Breloom|Spore|p1a: Fezandipidi Toilet\n|-status|p1a: Fezandipidi Toilet|slp|[from] move: Spore\n|\n|-heal|p1a: Fezandipidi Toilet|100\/100 slp|[from] item: Leftovers\n|upkeep\n|turn|13\n|\n|t:|1700319978\n|switch|p2a: Barraskewda|Barraskewda, M|100\/100\n|cant|p1a: Fezandipidi Toilet|slp\n|\n|upkeep\n|turn|14\n|\n|t:|1700319988\n|switch|p1a: \u0627\u0644\u0641 \u0644\u064a\u0644\u0629 \u0648 \u0644\u064a\u0644\u0629|Hoopa-Unbound|3\/100\n|-terastallize|p2a: Barraskewda|Ground\n|move|p2a: Barraskewda|Tera Blast|p1a: \u0627\u0644\u0641 \u0644\u064a\u0644\u0629 \u0648 \u0644\u064a\u0644\u0629|[anim] Tera Blast Ground\n|-damage|p1a: \u0627\u0644\u0641 \u0644\u064a\u0644\u0629 \u0648 \u0644\u064a\u0644\u0629|0 fnt\n|faint|p1a: \u0627\u0644\u0641 \u0644\u064a\u0644\u0629 \u0648 \u0644\u064a\u0644\u0629\n|\n|upkeep\n|\n|t:|1700319994\n|switch|p1a: Otterheimer|Samurott-Hisui, M|100\/100\n|turn|15\n|j| flufi\n|\n|t:|1700320031\n|switch|p2a: Noivern|Noivern, F|100\/100\n|move|p1a: Otterheimer|Ceaseless Edge|p2a: Noivern\n|-damage|p2a: Noivern|35\/100\n|-sidestart|p2: Not Hell|Spikes\n|\n|upkeep\n|turn|16\n|\n|t:|1700320043\n|move|p1a: Otterheimer|Ceaseless Edge|p2a: Noivern\n|-damage|p2a: Noivern|0 fnt\n|-sidestart|p2: Not Hell|Spikes\n|faint|p2a: Noivern\n|\n|upkeep\n|\n|t:|1700320046\n|switch|p2a: Corviknight|Corviknight, M|56\/100\n|-ability|p2a: Corviknight|Pressure\n|turn|17\n|\n|t:|1700320066\n|move|p1a: Otterheimer|Ceaseless Edge|p2a: Corviknight\n|-damage|p2a: Corviknight|27\/100\n|-damage|p1a: Otterheimer|84\/100|[from] item: Rocky Helmet|[of] p2a: Corviknight\n|-sidestart|p2: Not Hell|Spikes\n|move|p2a: Corviknight|Defog|p1a: Otterheimer\n|-unboost|p1a: Otterheimer|evasion|1\n|-sideend|p2: Not Hell|Spikes|[from] move: Defog|[of] p2a: Corviknight\n|\n|upkeep\n|turn|18\n|\n|t:|1700320083\n|move|p1a: Otterheimer|Ceaseless Edge|p2a: Corviknight\n|-damage|p2a: Corviknight|0 fnt\n|-damage|p1a: Otterheimer|67\/100|[from] item: Rocky Helmet|[of] p2a: Corviknight\n|-sidestart|p2: Not Hell|Spikes\n|faint|p2a: Corviknight\n|\n|upkeep\n|\n|t:|1700320091\n|switch|p2a: Breloom|Breloom, M|8\/100\n|-damage|p2a: Breloom|0 fnt|[from] Spikes\n|faint|p2a: Breloom\n|\n|t:|1700320094\n|switch|p2a: Politoed|Politoed, F|100\/100\n|-damage|p2a: Politoed|88\/100|[from] Spikes\n|-weather|RainDance|[from] ability: Drizzle|[of] p2a: Politoed\n|turn|19\n|\n|t:|1700320109\n|move|p1a: Otterheimer|Ceaseless Edge|p2a: Politoed\n|-damage|p2a: Politoed|36\/100\n|-sidestart|p2: Not Hell|Spikes\n|move|p2a: Politoed|Surf|p1a: Otterheimer\n|-resisted|p1a: Otterheimer\n|-damage|p1a: Otterheimer|34\/100\n|\n|-weather|RainDance|[upkeep]\n|-heal|p2a: Politoed|42\/100|[from] item: Leftovers\n|upkeep\n|turn|20\n|\n|t:|1700320122\n|move|p1a: Otterheimer|Ceaseless Edge|p2a: Politoed\n|-damage|p2a: Politoed|0 fnt\n|-sidestart|p2: Not Hell|Spikes\n|faint|p2a: Politoed\n|\n|-weather|RainDance|[upkeep]\n|upkeep\n|\n|t:|1700320125\n|switch|p2a: Barraskewda|Barraskewda, M, tera:Ground|100\/100\n|-damage|p2a: Barraskewda|76\/100|[from] Spikes\n|turn|21\n|\n|t:|1700320147\n|switch|p1a: Fezandipidi Toilet|Fezandipiti, M|100\/100 slp\n|move|p2a: Barraskewda|Liquidation|p1a: Fezandipidi Toilet\n|-damage|p1a: Fezandipidi Toilet|0 fnt\n|faint|p1a: Fezandipidi Toilet\n|\n|-weather|RainDance|[upkeep]\n|upkeep\n|\n|t:|1700320151\n|switch|p1a: Storm Approaching|Thundurus, M, tera:Ice|79\/100\n|turn|22\n|\n|t:|1700320156\n|move|p1a: Storm Approaching|Thunder Wave|p2a: Barraskewda\n|-immune|p2a: Barraskewda\n|move|p2a: Barraskewda|Liquidation|p1a: Storm Approaching\n|-damage|p1a: Storm Approaching|0 fnt\n|faint|p1a: Storm Approaching\n|\n|-weather|RainDance|[upkeep]\n|upkeep\n|c|\u2606Horrific17|oh its a ground\n|c|\u2606Horrific17|fuck\n|c| flufi|LOL\n|\n|t:|1700320165\n|switch|p1a: Otterheimer|Samurott-Hisui, M|34\/100\n|turn|23\n|c| flufi|yikes\n|\n|t:|1700320173\n|move|p2a: Barraskewda|Liquidation|p1a: Otterheimer\n|-resisted|p1a: Otterheimer\n|-damage|p1a: Otterheimer|0 fnt\n|faint|p1a: Otterheimer\n|\n|win|Not Hell\n|c|\u2606Horrific17|gg\n|c|\u2606Not Hell|ggg\n|l|\u2606Horrific17\n|j|\u2606Horrific17\n|player|p1|Horrific17|acetrainerf-gen4dp\n","uploadtime":1700320184,"views":23,"p1id":"horrific17","p2id":"nothell","formatid":"gen9ou","rating":0,"private":0,"password":""}