{"id":"gen9ou-1994865198","p1":"derevocsidi","p2":"Chaitanya15","format":"[Gen 9] OU","log":"|j|\u2606derevocsidi\n|j|\u2606Chaitanya15\n|t:|1700499857\n|gametype|singles\n|player|p1|derevocsidi|n|1205\n|player|p2|Chaitanya15|170|1161\n|teamsize|p1|6\n|teamsize|p2|6\n|gen|9\n|tier|[Gen 9] OU\n|rated|\n|rule|Sleep Clause Mod: Limit one foe put to sleep\n|rule|Species Clause: Limit one of each Pok\u00e9mon\n|rule|OHKO Clause: OHKO moves are banned\n|rule|Evasion Items Clause: Evasion items are banned\n|rule|Evasion Moves Clause: Evasion moves are banned\n|rule|Endless Battle Clause: Forcing endless battles is banned\n|rule|HP Percentage Mod: HP is shown in percentages\n|clearpoke\n|poke|p1|Vikavolt, M|\n|poke|p1|Kommo-o, F|\n|poke|p1|Ninetales-Alola, M|\n|poke|p1|Great Tusk|\n|poke|p1|Mew|\n|poke|p1|Iron Moth|\n|poke|p2|Dragonite, F|\n|poke|p2|Hatterene, F|\n|poke|p2|Greninja-*, M|\n|poke|p2|Rillaboom, M|\n|poke|p2|Iron Moth|\n|poke|p2|Iron Valiant|\n|teampreview\n|inactive|Battle timer is ON: inactive players will automatically lose when time's up. (requested by derevocsidi)\n|\n|t:|1700499874\n|start\n|switch|p1a: Vikavolt|Vikavolt, M|100\/100\n|switch|p2a: Iron Moth|Iron Moth|100\/100\n|-enditem|p2a: Iron Moth|Booster Energy\n|-activate|p2a: Iron Moth|ability: Quark Drive|[fromitem]\n|-start|p2a: Iron Moth|quarkdrivespa\n|turn|1\n|\n|t:|1700499883\n|move|p2a: Iron Moth|Fiery Dance|p1a: Vikavolt\n|-supereffective|p1a: Vikavolt\n|-enditem|p1a: Vikavolt|Focus Sash\n|-damage|p1a: Vikavolt|1\/100\n|move|p1a: Vikavolt|Sticky Web|p2a: Iron Moth\n|-sidestart|p2: Chaitanya15|move: Sticky Web\n|\n|upkeep\n|turn|2\n|\n|t:|1700499894\n|switch|p1a: Iron Moth|Iron Moth|100\/100\n|move|p2a: Iron Moth|Fiery Dance|p1a: Iron Moth\n|-resisted|p1a: Iron Moth\n|-damage|p1a: Iron Moth|73\/100\n|\n|upkeep\n|turn|3\n|\n|t:|1700499901\n|-terastallize|p2a: Iron Moth|Ground\n|move|p1a: Iron Moth|Discharge|p2a: Iron Moth\n|-immune|p2a: Iron Moth\n|move|p2a: Iron Moth|Tera Blast|p1a: Iron Moth|[anim] Tera Blast Ground\n|-supereffective|p1a: Iron Moth\n|-damage|p1a: Iron Moth|0 fnt\n|faint|p1a: Iron Moth\n|-end|p1a: Iron Moth|Quark Drive|[silent]\n|\n|upkeep\n|\n|t:|1700499916\n|switch|p1a: Ninetales|Ninetales-Alola, M|100\/100\n|-weather|Snow|[from] ability: Snow Warning|[of] p1a: Ninetales\n|turn|4\n|\n|t:|1700499925\n|move|p2a: Iron Moth|Sludge Wave|p1a: Ninetales\n|-supereffective|p1a: Ninetales\n|-damage|p1a: Ninetales|0 fnt\n|faint|p1a: Ninetales\n|\n|-weather|Snow|[upkeep]\n|upkeep\n|c|\u2606derevocsidi|Wait that doesn't make any sense\n|inactive|derevocsidi has 120 seconds left.\n|c|\u2606Chaitanya15|what?\n|c|\u2606derevocsidi|I mean if ur special atk is higher than speed\n|c|\u2606derevocsidi|Shouldn't ninetales outspeed\n|c|\u2606derevocsidi|\ud83e\udd23\n|\n|t:|1700499981\n|switch|p1a: Great Tusk|Great Tusk|100\/100\n|turn|5\n|c|\u2606Chaitanya15|my speed is at max\n|c|\u2606Chaitanya15|350\n|c|\u2606derevocsidi|Ooh\n|c|\u2606Chaitanya15|ninetail's is 348\n|\n|t:|1700500006\n|move|p2a: Iron Moth|Energy Ball|p1a: Great Tusk\n|-supereffective|p1a: Great Tusk\n|-damage|p1a: Great Tusk|0 fnt\n|faint|p1a: Great Tusk\n|-end|p1a: Great Tusk|Protosynthesis|[silent]\n|\n|-weather|Snow|[upkeep]\n|upkeep\n|c|\u2606derevocsidi|Oh that makes sense\n|\n|t:|1700500014\n|switch|p1a: Vikavolt|Vikavolt, M|1\/100\n|turn|6\n|\n|t:|1700500020\n|move|p2a: Iron Moth|Fiery Dance|p1a: Vikavolt\n|-supereffective|p1a: Vikavolt\n|-damage|p1a: Vikavolt|0 fnt\n|-boost|p2a: Iron Moth|spa|1\n|faint|p1a: Vikavolt\n|\n|-weather|Snow|[upkeep]\n|upkeep\n|\n|t:|1700500033\n|switch|p1a: Mew|Mew|100\/100\n|turn|7\n|\n|t:|1700500041\n|move|p2a: Iron Moth|Sludge Wave|p1a: Mew\n|-damage|p1a: Mew|20\/100\n|move|p1a: Mew|Stealth Rock|p2a: Iron Moth\n|-sidestart|p2: Chaitanya15|move: Stealth Rock\n|\n|-weather|Snow|[upkeep]\n|-heal|p1a: Mew|26\/100|[from] item: Leftovers\n|upkeep\n|turn|8\n|\n|t:|1700500060\n|move|p2a: Iron Moth|Fiery Dance|p1a: Mew\n|-damage|p1a: Mew|0 fnt\n|faint|p1a: Mew\n|\n|-weather|none\n|upkeep\n|\n|t:|1700500064\n|switch|p1a: Kommo-o|Kommo-o, F|100\/100\n|turn|9\n|\n|t:|1700500074\n|move|p2a: Iron Moth|Tera Blast|p1a: Kommo-o|[anim] Tera Blast Ground\n|-damage|p1a: Kommo-o|12\/100\n|-enditem|p1a: Kommo-o|Sitrus Berry|[eat]\n|-heal|p1a: Kommo-o|37\/100|[from] item: Sitrus Berry\n|move|p1a: Kommo-o|Drain Punch|p2a: Iron Moth\n|-damage|p2a: Iron Moth|45\/100\n|-heal|p1a: Kommo-o|66\/100|[from] drain|[of] p2a: Iron Moth\n|\n|upkeep\n|turn|10\n|\n|t:|1700500085\n|-terastallize|p1a: Kommo-o|Dragon\n|move|p2a: Iron Moth|Tera Blast|p1a: Kommo-o|[anim] Tera Blast Ground\n|-damage|p1a: Kommo-o|0 fnt\n|faint|p1a: Kommo-o\n|\n|win|Chaitanya15\n|raw|derevocsidi's rating: 1205 &rarr; <strong>1177<\/strong><br \/>(-28 for losing)\n|raw|Chaitanya15's rating: 1161 &rarr; <strong>1189<\/strong><br \/>(+28 for winning)\n|c|\u2606derevocsidi|GG\n|c|\u2606Chaitanya15|gg\n|c|\u2606derevocsidi|I think I'm using a trash team\n|c|\u2606Chaitanya15|your team is good\n|l|\u2606derevocsidi\n","uploadtime":1700500098,"views":12,"p1id":"derevocsidi","p2id":"chaitanya15","formatid":"gen9ou","rating":1177,"private":0,"password":""}