{"id":"gen9ou-1992460570","p1":"Official Poyo","p2":"Ihatelife48","format":"[Gen 9] OU","log":"|j|\u2606Official Poyo\n|j|\u2606Ihatelife48\n|t:|1700190305\n|gametype|singles\n|player|p1|Official Poyo|richboy-gen4|1583\n|player|p2|Ihatelife48|ghetsis|1497\n|teamsize|p1|6\n|teamsize|p2|6\n|gen|9\n|tier|[Gen 9] OU\n|rated|\n|rule|Sleep Clause Mod: Limit one foe put to sleep\n|rule|Species Clause: Limit one of each Pok\u00e9mon\n|rule|OHKO Clause: OHKO moves are banned\n|rule|Evasion Items Clause: Evasion items are banned\n|rule|Evasion Moves Clause: Evasion moves are banned\n|rule|Endless Battle Clause: Forcing endless battles is banned\n|rule|HP Percentage Mod: HP is shown in percentages\n|clearpoke\n|poke|p1|Tatsugiri-Droopy, F|\n|poke|p1|Iron Valiant|\n|poke|p1|Alomomola, F|\n|poke|p1|Landorus-Therian, M|\n|poke|p1|Dragapult, F|\n|poke|p1|Slowking-Galar, F|\n|poke|p2|Garchomp, M|\n|poke|p2|Cinderace, F|\n|poke|p2|Amoonguss, M|\n|poke|p2|Zamazenta-*|\n|poke|p2|Zapdos|\n|poke|p2|Iron Valiant|\n|teampreview\n|inactive|Battle timer is ON: inactive players will automatically lose when time's up. (requested by Ihatelife48)\n|\n|t:|1700190316\n|start\n|switch|p1a: Dragapult|Dragapult, F|100\/100\n|switch|p2a: Cinderace|Cinderace, F|100\/100\n|turn|1\n|\n|t:|1700190318\n|move|p1a: Dragapult|Thunder Wave|p2a: Cinderace\n|-status|p2a: Cinderace|par\n|move|p2a: Cinderace|U-turn|p1a: Dragapult\n|-resisted|p1a: Dragapult\n|-damage|p1a: Dragapult|89\/100\n|\n|t:|1700190324\n|switch|p2a: Iron Valiant|Iron Valiant, shiny|100\/100|[from] U-turn\n|-enditem|p2a: Iron Valiant|Booster Energy\n|-activate|p2a: Iron Valiant|ability: Quark Drive|[fromitem]\n|-start|p2a: Iron Valiant|quarkdrivespe\n|\n|-heal|p1a: Dragapult|96\/100|[from] item: Leftovers\n|upkeep\n|turn|2\n|\n|t:|1700190328\n|switch|p1a: Alomomola|Alomomola, F|100\/100\n|move|p2a: Iron Valiant|Moonblast|p1a: Alomomola\n|-damage|p1a: Alomomola|51\/100\n|-enditem|p1a: Alomomola|Red Card|[of] p2a: Iron Valiant\n|-end|p2a: Iron Valiant|Quark Drive|[silent]\n|drag|p2a: Amoonguss|Amoonguss, M, shiny|100\/100\n|\n|upkeep\n|turn|3\n|\n|t:|1700190333\n|move|p1a: Alomomola|Acrobatics|p2a: Amoonguss\n|-supereffective|p2a: Amoonguss\n|-damage|p2a: Amoonguss|68\/100\n|-damage|p1a: Alomomola|34\/100|[from] item: Rocky Helmet|[of] p2a: Amoonguss\n|move|p2a: Amoonguss|Giga Drain|p1a: Alomomola\n|-supereffective|p1a: Alomomola\n|-damage|p1a: Alomomola|0 fnt\n|-heal|p2a: Amoonguss|88\/100|[from] drain|[of] p1a: Alomomola\n|faint|p1a: Alomomola\n|\n|upkeep\n|\n|t:|1700190344\n|switch|p1a: Slowking|Slowking-Galar, F|100\/100\n|turn|4\n|\n|t:|1700190352\n|switch|p2a: It\u2019s Garchover|Garchomp, M|100\/100\n|move|p1a: Slowking|Future Sight|p2a: It\u2019s Garchover\n|-start|p1a: Slowking|move: Future Sight\n|\n|upkeep\n|turn|5\n|\n|t:|1700190356\n|move|p2a: It\u2019s Garchover|Scale Shot|p1a: Slowking\n|-damage|p1a: Slowking|86\/100\n|-damage|p1a: Slowking|73\/100\n|-damage|p1a: Slowking|60\/100\n|-damage|p1a: Slowking|47\/100\n|-damage|p1a: Slowking|33\/100\n|-hitcount|p1a: Slowking|5\n|-unboost|p2a: It\u2019s Garchover|def|1\n|-boost|p2a: It\u2019s Garchover|spe|1\n|move|p1a: Slowking|Ice Beam|p2a: It\u2019s Garchover\n|-supereffective|p2a: It\u2019s Garchover\n|-damage|p2a: It\u2019s Garchover|1\/100\n|\n|upkeep\n|turn|6\n|\n|t:|1700190360\n|switch|p1a: Landorus|Landorus-Therian, M|100\/100\n|-ability|p1a: Landorus|Intimidate|boost\n|-unboost|p2a: It\u2019s Garchover|atk|1\n|move|p2a: It\u2019s Garchover|Earthquake|p1a: Landorus\n|-immune|p1a: Landorus\n|\n|-end|p2a: It\u2019s Garchover|move: Future Sight\n|-damage|p2a: It\u2019s Garchover|0 fnt\n|faint|p2a: It\u2019s Garchover\n|upkeep\n|\n|t:|1700190376\n|switch|p2a: Amoonguss|Amoonguss, M, shiny|100\/100\n|turn|7\n|\n|t:|1700190382\n|move|p1a: Landorus|Stealth Rock|p2a: Amoonguss\n|-sidestart|p2: Ihatelife48|move: Stealth Rock\n|move|p2a: Amoonguss|Toxic|p1a: Landorus\n|-status|p1a: Landorus|tox\n|\n|-damage|p1a: Landorus|94\/100 tox|[from] psn\n|upkeep\n|turn|8\n|\n|t:|1700190387\n|move|p1a: Landorus|Earthquake|p2a: Amoonguss\n|-damage|p2a: Amoonguss|54\/100\n|move|p2a: Amoonguss|Giga Drain|p1a: Landorus\n|-damage|p1a: Landorus|65\/100 tox\n|-heal|p2a: Amoonguss|65\/100|[from] drain|[of] p1a: Landorus\n|\n|-heal|p1a: Landorus|71\/100 tox|[from] item: Leftovers\n|-damage|p1a: Landorus|59\/100 tox|[from] psn\n|upkeep\n|turn|9\n|\n|t:|1700190394\n|switch|p1a: Slowking|Slowking-Galar, F|66\/100\n|move|p2a: Amoonguss|Synthesis|p2a: Amoonguss\n|-heal|p2a: Amoonguss|100\/100\n|\n|upkeep\n|turn|10\n|\n|t:|1700190398\n|move|p2a: Amoonguss|Sludge Bomb|p1a: Slowking\n|-resisted|p1a: Slowking\n|-damage|p1a: Slowking|61\/100\n|move|p1a: Slowking|Future Sight|p2a: Amoonguss\n|-start|p1a: Slowking|move: Future Sight\n|\n|upkeep\n|turn|11\n|\n|t:|1700190401\n|move|p2a: Amoonguss|Giga Drain|p1a: Slowking\n|-resisted|p1a: Slowking\n|-damage|p1a: Slowking|57\/100\n|move|p1a: Slowking|Psyshock|p2a: Amoonguss\n|-supereffective|p2a: Amoonguss\n|-damage|p2a: Amoonguss|48\/100\n|\n|upkeep\n|turn|12\n|\n|t:|1700190406\n|switch|p1a: Landorus|Landorus-Therian, M|59\/100 tox\n|-ability|p1a: Landorus|Intimidate|boost\n|-unboost|p2a: Amoonguss|atk|1\n|move|p2a: Amoonguss|Synthesis|p2a: Amoonguss\n|-heal|p2a: Amoonguss|97\/100\n|\n|-end|p2a: Amoonguss|move: Future Sight\n|-supereffective|p2a: Amoonguss\n|-damage|p2a: Amoonguss|19\/100\n|-heal|p1a: Landorus|65\/100 tox|[from] item: Leftovers\n|-damage|p1a: Landorus|59\/100 tox|[from] psn\n|upkeep\n|turn|13\n|\n|t:|1700190414\n|move|p1a: Landorus|U-turn|p2a: Amoonguss\n|-damage|p2a: Amoonguss|0 fnt\n|-damage|p1a: Landorus|42\/100 tox|[from] item: Rocky Helmet|[of] p2a: Amoonguss\n|faint|p2a: Amoonguss\n|\n|t:|1700190417\n|switch|p1a: Slowking|Slowking-Galar, F|90\/100|[from] U-turn\n|\n|upkeep\n|\n|t:|1700190419\n|switch|p2a: Cinderace|Cinderace, F|100\/100 par\n|turn|14\n|\n|t:|1700190423\n|switch|p1a: Landorus|Landorus-Therian, M|42\/100 tox\n|-ability|p1a: Landorus|Intimidate|boost\n|-unboost|p2a: Cinderace|atk|1\n|move|p2a: Cinderace|Court Change|p2a: Cinderace\n|-swapsideconditions\n|-activate|p2a: Cinderace|move: Court Change\n|\n|-heal|p1a: Landorus|49\/100 tox|[from] item: Leftovers\n|-damage|p1a: Landorus|42\/100 tox|[from] psn\n|upkeep\n|turn|15\n|\n|t:|1700190429\n|switch|p2a: Zapdos|Zapdos|100\/100\n|move|p1a: Landorus|Stealth Rock|p2a: Zapdos\n|-sidestart|p2: Ihatelife48|move: Stealth Rock\n|\n|-heal|p1a: Landorus|49\/100 tox|[from] item: Leftovers\n|-damage|p1a: Landorus|36\/100 tox|[from] psn\n|upkeep\n|turn|16\n|\n|t:|1700190431\n|move|p1a: Landorus|Stone Edge|p2a: Zapdos\n|-supereffective|p2a: Zapdos\n|-damage|p2a: Zapdos|28\/100\n|move|p2a: Zapdos|Hurricane|p1a: Landorus|[miss]\n|-miss|p2a: Zapdos|p1a: Landorus\n|\n|-heal|p1a: Landorus|42\/100 tox|[from] item: Leftovers\n|-damage|p1a: Landorus|24\/100 tox|[from] psn\n|upkeep\n|turn|17\n|\n|t:|1700190440\n|move|p1a: Landorus|U-turn|p2a: Zapdos\n|-resisted|p2a: Zapdos\n|-damage|p2a: Zapdos|14\/100\n|\n|t:|1700190443\n|switch|p1a: Dragapult|Dragapult, F|96\/100|[from] U-turn\n|-damage|p1a: Dragapult|83\/100|[from] Stealth Rock\n|move|p2a: Zapdos|U-turn|p1a: Dragapult\n|-resisted|p1a: Dragapult\n|-damage|p1a: Dragapult|75\/100\n|\n|t:|1700190449\n|switch|p2a: Iron Valiant|Iron Valiant, shiny|100\/100|[from] U-turn\n|-damage|p2a: Iron Valiant|94\/100|[from] Stealth Rock\n|\n|-heal|p1a: Dragapult|81\/100|[from] item: Leftovers\n|upkeep\n|turn|18\n|\n|t:|1700190453\n|switch|p1a: Landorus|Landorus-Therian, M|24\/100 tox\n|-damage|p1a: Landorus|11\/100 tox|[from] Stealth Rock\n|-ability|p1a: Landorus|Intimidate|boost\n|-unboost|p2a: Iron Valiant|atk|1\n|move|p2a: Iron Valiant|Moonblast|p1a: Landorus\n|-damage|p1a: Landorus|0 fnt\n|faint|p1a: Landorus\n|\n|upkeep\n|\n|t:|1700190454\n|switch|p1a: Slowking|Slowking-Galar, F|100\/100\n|-damage|p1a: Slowking|88\/100|[from] Stealth Rock\n|turn|19\n|\n|t:|1700190463\n|-end|p2a: Iron Valiant|Quark Drive|[silent]\n|switch|p2a: Zapdos|Zapdos|14\/100\n|move|p1a: Slowking|Sludge Bomb|p2a: Zapdos\n|-damage|p2a: Zapdos|0 fnt\n|faint|p2a: Zapdos\n|\n|upkeep\n|\n|t:|1700190471\n|switch|p2a: Zamazenta|Zamazenta|100\/100\n|-damage|p2a: Zamazenta|94\/100|[from] Stealth Rock\n|-ability|p2a: Zamazenta|Dauntless Shield|boost\n|-boost|p2a: Zamazenta|def|1\n|turn|20\n|\n|t:|1700190481\n|-terastallize|p2a: Zamazenta|Steel\n|move|p2a: Zamazenta|Substitute|p2a: Zamazenta\n|-start|p2a: Zamazenta|Substitute\n|-damage|p2a: Zamazenta|69\/100\n|move|p1a: Slowking|Future Sight|p2a: Zamazenta\n|-start|p1a: Slowking|move: Future Sight\n|\n|-heal|p2a: Zamazenta|75\/100|[from] item: Leftovers\n|upkeep\n|turn|21\n|\n|t:|1700190487\n|switch|p1a: Dragapult|Dragapult, F|81\/100\n|-damage|p1a: Dragapult|69\/100|[from] Stealth Rock\n|move|p2a: Zamazenta|Iron Defense|p2a: Zamazenta\n|-boost|p2a: Zamazenta|def|2\n|\n|-heal|p1a: Dragapult|75\/100|[from] item: Leftovers\n|-heal|p2a: Zamazenta|82\/100|[from] item: Leftovers\n|upkeep\n|turn|22\n|\n|t:|1700190488\n|move|p1a: Dragapult|Thunder Wave|p2a: Zamazenta\n|-status|p2a: Zamazenta|par\n|cant|p2a: Zamazenta|par\n|\n|-end|p2a: Zamazenta|move: Future Sight\n|-resisted|p2a: Zamazenta\n|-activate|p2a: Zamazenta|move: Substitute|[damage]\n|-heal|p1a: Dragapult|81\/100|[from] item: Leftovers\n|-heal|p2a: Zamazenta|88\/100 par|[from] item: Leftovers\n|upkeep\n|turn|23\n|\n|t:|1700190493\n|-terastallize|p1a: Dragapult|Ghost\n|move|p1a: Dragapult|Hex|p2a: Zamazenta\n|-crit|p2a: Zamazenta\n|-damage|p2a: Zamazenta|13\/100 par\n|cant|p2a: Zamazenta|par\n|\n|-heal|p1a: Dragapult|87\/100|[from] item: Leftovers\n|-heal|p2a: Zamazenta|19\/100 par|[from] item: Leftovers\n|upkeep\n|turn|24\n|\n|t:|1700190499\n|move|p1a: Dragapult|Hex|p2a: Zamazenta\n|-damage|p2a: Zamazenta|0 fnt\n|faint|p2a: Zamazenta\n|\n|-heal|p1a: Dragapult|93\/100|[from] item: Leftovers\n|upkeep\n|\n|t:|1700190501\n|switch|p2a: Iron Valiant|Iron Valiant, shiny|94\/100\n|-damage|p2a: Iron Valiant|88\/100|[from] Stealth Rock\n|turn|25\n|\n|t:|1700190503\n|move|p1a: Dragapult|Hex|p2a: Iron Valiant\n|-damage|p2a: Iron Valiant|24\/100\n|move|p2a: Iron Valiant|Moonblast|p1a: Dragapult\n|-damage|p1a: Dragapult|29\/100\n|\n|-heal|p1a: Dragapult|35\/100|[from] item: Leftovers\n|upkeep\n|turn|26\n|\n|t:|1700190508\n|move|p1a: Dragapult|Hex|p2a: Iron Valiant\n|-damage|p2a: Iron Valiant|0 fnt\n|faint|p2a: Iron Valiant\n|-end|p2a: Iron Valiant|Quark Drive|[silent]\n|\n|-heal|p1a: Dragapult|41\/100|[from] item: Leftovers\n|upkeep\n|l|\u2606Ihatelife48\n|inactive|Ihatelife48 disconnected and has a minute to reconnect!\n|player|p2|\n|inactive|Ihatelife48 has 30 seconds to reconnect!\n|inactive|Ihatelife48 has 20 seconds to reconnect!\n|inactive|Ihatelife48 has 15 seconds to reconnect!\n|inactive|Ihatelife48 has 10 seconds to reconnect!\n|inactive|Ihatelife48 has 5 seconds to reconnect!\n|-message|Ihatelife48 lost due to inactivity.\n|\n|win|Official Poyo\n|raw|Official Poyo's rating: 1583 &rarr; <strong>1598<\/strong><br \/>(+15 for winning)\n|raw|Ihatelife48's rating: 1497 &rarr; <strong>1482<\/strong><br \/>(-15 for losing)\n","uploadtime":1700190571,"views":8,"p1id":"officialpoyo","p2id":"ihatelife48","formatid":"gen9ou","rating":1482,"private":0,"password":""}