{"id":"gen9ou-1990729844","p1":"koffingwoffing","p2":"CelestialEvolution","format":"[Gen 9] OU","log":"|j|\u2606koffingwoffing\n|j|\u2606CelestialEvolution\n|inactive|Battle timer is ON: inactive players will automatically lose when time's up.\n|t:|1699995483\n|gametype|singles\n|player|p1|koffingwoffing|will-gen2|\n|player|p2|CelestialEvolution|winona|\n|teamsize|p1|6\n|teamsize|p2|6\n|gen|9\n|tier|[Gen 9] OU\n|rated|Tournament battle\n|rule|Sleep Clause Mod: Limit one foe put to sleep\n|rule|Species Clause: Limit one of each Pok\u00e9mon\n|rule|OHKO Clause: OHKO moves are banned\n|rule|Evasion Items Clause: Evasion items are banned\n|rule|Evasion Moves Clause: Evasion moves are banned\n|rule|Endless Battle Clause: Forcing endless battles is banned\n|rule|HP Percentage Mod: HP is shown in percentages\n|clearpoke\n|poke|p1|Arcanine-Hisui, M|\n|poke|p1|Basculegion-F, F|\n|poke|p1|Shiftry, F|\n|poke|p1|Frosmoth, F|\n|poke|p1|Mismagius, F|\n|poke|p1|Salazzle, F|\n|poke|p2|Shiftry, F|\n|poke|p2|Arcanine, M|\n|poke|p2|Salazzle, F|\n|poke|p2|Frosmoth, M|\n|poke|p2|Basculegion, M|\n|poke|p2|Mismagius, M|\n|teampreview\n|j|*Lady Monita \u2746\n|j|^HEAVY-DUTY B0OTY\n|j| Im dumb srly\n|c|\u2606koffingwoffing|glhf\n|j| apoto\n|\n|t:|1699995495\n|start\n|switch|p1a: Shiftry|Shiftry, F|100\/100\n|switch|p2a: Shiftry|Shiftry, F|100\/100\n|turn|1\n|c|\u2606CelestialEvolution|U2\n|\n|t:|1699995500\n|move|p2a: Shiftry|Tailwind|p2a: Shiftry\n|-sidestart|p2: CelestialEvolution|move: Tailwind\n|-ability|p2a: Shiftry|Wind Rider|boost\n|-boost|p2a: Shiftry|atk|1\n|move|p1a: Shiftry|Tailwind|p1a: Shiftry\n|-sidestart|p1: koffingwoffing|move: Tailwind\n|-ability|p1a: Shiftry|Wind Rider|boost\n|-boost|p1a: Shiftry|atk|1\n|\n|upkeep\n|turn|2\n|\n|t:|1699995509\n|move|p1a: Shiftry|Low Kick|p2a: Shiftry\n|-supereffective|p2a: Shiftry\n|-enditem|p2a: Shiftry|Focus Sash\n|-damage|p2a: Shiftry|1\/100\n|move|p2a: Shiftry|Knock Off|p1a: Shiftry\n|-resisted|p1a: Shiftry\n|-damage|p1a: Shiftry|53\/100\n|-enditem|p1a: Shiftry|Focus Sash|[from] move: Knock Off|[of] p2a: Shiftry\n|\n|upkeep\n|turn|3\n|\n|t:|1699995519\n|move|p1a: Shiftry|Knock Off|p2a: Shiftry\n|-resisted|p2a: Shiftry\n|-damage|p2a: Shiftry|0 fnt\n|faint|p2a: Shiftry\n|\n|upkeep\n|\n|t:|1699995523\n|switch|p2a: Mismagius|Mismagius, M|100\/100\n|turn|4\n|\n|t:|1699995535\n|move|p2a: Mismagius|Dazzling Gleam|p1a: Shiftry\n|-supereffective|p1a: Shiftry\n|-damage|p1a: Shiftry|0 fnt\n|faint|p1a: Shiftry\n|\n|-sideend|p2: CelestialEvolution|move: Tailwind\n|-sideend|p1: koffingwoffing|move: Tailwind\n|upkeep\n|\n|t:|1699995549\n|switch|p1a: Salazzle|Salazzle, F|100\/100\n|turn|5\n|\n|t:|1699995553\n|switch|p2a: Basculegion|Basculegion, M|100\/100\n|move|p1a: Salazzle|Substitute|p1a: Salazzle\n|-start|p1a: Salazzle|Substitute\n|-damage|p1a: Salazzle|76\/100\n|\n|-heal|p1a: Salazzle|82\/100|[from] item: Leftovers\n|upkeep\n|turn|6\n|\n|t:|1699995557\n|move|p1a: Salazzle|Protect|p1a: Salazzle\n|-singleturn|p1a: Salazzle|Protect\n|move|p2a: Basculegion|Wave Crash|p1a: Salazzle\n|-activate|p1a: Salazzle|move: Protect\n|\n|-heal|p1a: Salazzle|88\/100|[from] item: Leftovers\n|upkeep\n|turn|7\n|\n|t:|1699995562\n|move|p1a: Salazzle|Toxic|p2a: Basculegion\n|-status|p2a: Basculegion|tox\n|move|p2a: Basculegion|Wave Crash|p1a: Salazzle\n|-supereffective|p1a: Salazzle\n|-end|p1a: Salazzle|Substitute\n|-damage|p2a: Basculegion|94\/100 tox|[from] Recoil|[of] p1a: Salazzle\n|\n|-heal|p1a: Salazzle|94\/100|[from] item: Leftovers\n|-damage|p2a: Basculegion|88\/100 tox|[from] psn\n|upkeep\n|turn|8\n|\n|t:|1699995567\n|move|p1a: Salazzle|Substitute|p1a: Salazzle\n|-start|p1a: Salazzle|Substitute\n|-damage|p1a: Salazzle|70\/100\n|move|p2a: Basculegion|Wave Crash|p1a: Salazzle\n|-supereffective|p1a: Salazzle\n|-end|p1a: Salazzle|Substitute\n|-damage|p2a: Basculegion|82\/100 tox|[from] Recoil|[of] p1a: Salazzle\n|\n|-heal|p1a: Salazzle|76\/100|[from] item: Leftovers\n|-damage|p2a: Basculegion|70\/100 tox|[from] psn\n|upkeep\n|turn|9\n|j| SnakeL\n|j| caustin1010\n|\n|t:|1699995572\n|move|p1a: Salazzle|Protect|p1a: Salazzle\n|-singleturn|p1a: Salazzle|Protect\n|move|p2a: Basculegion|Aqua Jet|p1a: Salazzle\n|-activate|p1a: Salazzle|move: Protect\n|\n|-heal|p1a: Salazzle|82\/100|[from] item: Leftovers\n|-damage|p2a: Basculegion|51\/100 tox|[from] psn\n|upkeep\n|turn|10\n|\n|t:|1699995593\n|switch|p1a: Basculegion|Basculegion-F, F|100\/100\n|move|p2a: Basculegion|Flip Turn|p1a: Basculegion\n|-resisted|p1a: Basculegion\n|-damage|p1a: Basculegion|76\/100\n|\n|t:|1699995599\n|switch|p2a: Mismagius|Mismagius, M|100\/100|[from] Flip Turn\n|\n|upkeep\n|turn|11\n|\n|t:|1699995609\n|switch|p1a: Frosmoth|Frosmoth, F|100\/100\n|move|p2a: Mismagius|Shadow Ball|p1a: Frosmoth\n|-damage|p1a: Frosmoth|76\/100\n|-unboost|p1a: Frosmoth|spd|1\n|\n|upkeep\n|turn|12\n|j| Pr0d1gy181\n|\n|t:|1699995622\n|move|p2a: Mismagius|Shadow Ball|p1a: Frosmoth\n|-damage|p1a: Frosmoth|42\/100\n|-unboost|p1a: Frosmoth|spd|1\n|move|p1a: Frosmoth|Quiver Dance|p1a: Frosmoth\n|-boost|p1a: Frosmoth|spa|1\n|-boost|p1a: Frosmoth|spd|1\n|-boost|p1a: Frosmoth|spe|1\n|\n|upkeep\n|turn|13\n|\n|t:|1699995635\n|move|p2a: Mismagius|Shadow Ball|p1a: Frosmoth\n|-damage|p1a: Frosmoth|8\/100\n|move|p1a: Frosmoth|Ice Beam|p2a: Mismagius\n|-damage|p2a: Mismagius|12\/100\n|\n|upkeep\n|turn|14\n|\n|t:|1699995653\n|move|p2a: Mismagius|Shadow Ball|p1a: Frosmoth\n|-crit|p1a: Frosmoth\n|-damage|p1a: Frosmoth|0 fnt\n|faint|p1a: Frosmoth\n|\n|upkeep\n|l| caustin1010\n|\n|t:|1699995658\n|switch|p1a: Salazzle|Salazzle, F|82\/100\n|turn|15\n|\n|t:|1699995665\n|move|p2a: Mismagius|Shadow Ball|p1a: Salazzle\n|-damage|p1a: Salazzle|28\/100\n|move|p1a: Salazzle|Flamethrower|p2a: Mismagius\n|-damage|p2a: Mismagius|0 fnt\n|faint|p2a: Mismagius\n|\n|-heal|p1a: Salazzle|34\/100|[from] item: Leftovers\n|upkeep\n|\n|t:|1699995684\n|switch|p2a: Basculegion|Basculegion, M|51\/100 tox\n|turn|16\n|\n|t:|1699995689\n|move|p1a: Salazzle|Protect|p1a: Salazzle\n|-singleturn|p1a: Salazzle|Protect\n|move|p2a: Basculegion|Aqua Jet|p1a: Salazzle\n|-activate|p1a: Salazzle|move: Protect\n|\n|-heal|p1a: Salazzle|40\/100|[from] item: Leftovers\n|-damage|p2a: Basculegion|45\/100 tox|[from] psn\n|upkeep\n|turn|17\n|\n|t:|1699995695\n|switch|p1a: Basculegion|Basculegion-F, F|76\/100\n|move|p2a: Basculegion|Aqua Jet|p1a: Basculegion\n|-resisted|p1a: Basculegion\n|-damage|p1a: Basculegion|58\/100\n|\n|-damage|p2a: Basculegion|33\/100 tox|[from] psn\n|upkeep\n|turn|18\n|\n|t:|1699995710\n|move|p1a: Basculegion|Shadow Ball|p2a: Basculegion\n|-supereffective|p2a: Basculegion\n|-damage|p2a: Basculegion|0 fnt\n|faint|p2a: Basculegion\n|\n|upkeep\n|\n|t:|1699995725\n|switch|p2a: Frosmoth|Frosmoth, M, shiny|100\/100\n|turn|19\n|\n|t:|1699995732\n|-terastallize|p1a: Basculegion|Rock\n|move|p1a: Basculegion|Tera Blast|p2a: Frosmoth|[anim] Tera Blast Rock\n|-supereffective|p2a: Frosmoth\n|-damage|p2a: Frosmoth|0 fnt\n|faint|p2a: Frosmoth\n|\n|upkeep\n|\n|t:|1699995741\n|switch|p2a: Arcanine|Arcanine, M|100\/100\n|-ability|p2a: Arcanine|Intimidate|boost\n|-unboost|p1a: Basculegion|atk|1\n|turn|20\n|\n|t:|1699995748\n|move|p2a: Arcanine|Flare Blitz|p1a: Basculegion\n|-resisted|p1a: Basculegion\n|-crit|p1a: Basculegion\n|-damage|p1a: Basculegion|9\/100\n|-damage|p2a: Arcanine|81\/100|[from] Recoil\n|move|p1a: Basculegion|Tera Blast|p2a: Arcanine|[anim] Tera Blast Rock\n|-supereffective|p2a: Arcanine\n|-damage|p2a: Arcanine|0 fnt\n|faint|p2a: Arcanine\n|\n|upkeep\n|\n|t:|1699995752\n|switch|p2a: Salazzle|Salazzle, F|100\/100\n|turn|21\n|\n|t:|1699995756\n|-terastallize|p2a: Salazzle|Dragon\n|move|p2a: Salazzle|Nasty Plot|p2a: Salazzle\n|-boost|p2a: Salazzle|spa|2\n|move|p1a: Basculegion|Tera Blast|p2a: Salazzle|[anim] Tera Blast Rock\n|-damage|p2a: Salazzle|15\/100\n|\n|upkeep\n|turn|22\n|\n|t:|1699995764\n|move|p2a: Salazzle|Dragon Pulse|p1a: Basculegion\n|-damage|p1a: Basculegion|0 fnt\n|faint|p1a: Basculegion\n|\n|upkeep\n|\n|t:|1699995773\n|switch|p1a: Mismagius|Mismagius, F|100\/100\n|turn|23\n|\n|t:|1699995776\n|move|p2a: Salazzle|Dragon Pulse|p1a: Mismagius\n|-crit|p1a: Mismagius\n|-damage|p1a: Mismagius|0 fnt\n|faint|p1a: Mismagius\n|\n|upkeep\n|j| BD9prince\n|\n|t:|1699995782\n|switch|p1a: Arcanine|Arcanine-Hisui, M|100\/100\n|turn|24\n|\n|t:|1699995786\n|move|p1a: Arcanine|Flare Blitz|p2a: Salazzle\n|-resisted|p2a: Salazzle\n|-damage|p2a: Salazzle|0 fnt\n|faint|p2a: Salazzle\n|\n|win|koffingwoffing\n|n|\u2606koffingwoffing|koffingwoffing\n|n|\u2606CelestialEvolution|celestialevolution\n|n|*Lady Monita \u2746|ladymonita\n|n| HEAVY-DUTY B0OTY|heavydutyb0oty\n|n| Im dumb srly|imdumbsrly\n|n| apoto|apoto\n|n| SnakeL|snakel\n|n| Pr0d1gy181|pr0d1gy181\n|n| BD9prince|bd9prince\n","uploadtime":1699995788,"views":5,"p1id":"koffingwoffing","p2id":"celestialevolution","formatid":"gen9ou","rating":0,"private":0,"password":""}