{"id":"gen9ou-1993285712","p1":"Clair117","p2":"Swizzlle","format":"[Gen 9] OU","log":"|j|\u2606Clair117\n|j|\u2606Swizzlle\n|t:|1700290435\n|gametype|singles\n|player|p1|Clair117|courtney|1401\n|player|p2|Swizzlle|ingo|1348\n|teamsize|p1|6\n|teamsize|p2|6\n|gen|9\n|tier|[Gen 9] OU\n|rated|\n|rule|Sleep Clause Mod: Limit one foe put to sleep\n|rule|Species Clause: Limit one of each Pok\u00e9mon\n|rule|OHKO Clause: OHKO moves are banned\n|rule|Evasion Items Clause: Evasion items are banned\n|rule|Evasion Moves Clause: Evasion moves are banned\n|rule|Endless Battle Clause: Forcing endless battles is banned\n|rule|HP Percentage Mod: HP is shown in percentages\n|clearpoke\n|poke|p1|Great Tusk|\n|poke|p1|Corviknight, F|\n|poke|p1|Indeedee, M|\n|poke|p1|Polteageist|\n|poke|p1|Garganacl, F|\n|poke|p1|Ogerpon-Wellspring, F|\n|poke|p2|Mudsdale, M|\n|poke|p2|Bellibolt, M|\n|poke|p2|Brambleghast, M|\n|poke|p2|Conkeldurr, F|\n|poke|p2|Umbreon, M|\n|poke|p2|Ursaring, M|\n|teampreview\n|\n|t:|1700290445\n|start\n|switch|p1a: Ogerpon|Ogerpon-Wellspring, F|100\/100\n|switch|p2a: Mudsdale|Mudsdale, M|100\/100\n|turn|1\n|\n|t:|1700290452\n|switch|p2a: Umbreon|Umbreon, M|100\/100\n|move|p1a: Ogerpon|Swords Dance|p1a: Ogerpon\n|-boost|p1a: Ogerpon|atk|2\n|\n|upkeep\n|turn|2\n|\n|t:|1700290458\n|move|p1a: Ogerpon|Ivy Cudgel|p2a: Umbreon|[anim] Ivy Cudgel Water\n|-damage|p2a: Umbreon|26\/100\n|move|p2a: Umbreon|Foul Play|p1a: Ogerpon\n|-damage|p1a: Ogerpon|0 fnt\n|faint|p1a: Ogerpon\n|\n|-heal|p2a: Umbreon|32\/100|[from] item: Leftovers\n|upkeep\n|\n|t:|1700290467\n|switch|p1a: Great Tusk|Great Tusk|100\/100\n|-enditem|p1a: Great Tusk|Booster Energy\n|-activate|p1a: Great Tusk|ability: Protosynthesis|[fromitem]\n|-start|p1a: Great Tusk|protosynthesisspe\n|turn|3\n|\n|t:|1700290474\n|switch|p2a: Mudsdale|Mudsdale, M|100\/100\n|move|p1a: Great Tusk|Stealth Rock|p2a: Mudsdale\n|-sidestart|p2: Swizzlle|move: Stealth Rock\n|\n|upkeep\n|turn|4\n|\n|t:|1700290480\n|-end|p1a: Great Tusk|Protosynthesis|[silent]\n|switch|p1a: Indeedee|Indeedee, M|100\/100\n|-fieldstart|move: Psychic Terrain|[from] ability: Psychic Surge|[of] p1a: Indeedee\n|move|p2a: Mudsdale|Stealth Rock|p1a: Indeedee\n|-sidestart|p1: Clair117|move: Stealth Rock\n|\n|upkeep\n|turn|5\n|\n|t:|1700290493\n|switch|p2a: Ursaring|Ursaring, M|100\/100\n|-damage|p2a: Ursaring|88\/100|[from] Stealth Rock\n|move|p1a: Indeedee|Dazzling Gleam|p2a: Ursaring\n|-damage|p2a: Ursaring|75\/100\n|\n|upkeep\n|turn|6\n|\n|t:|1700290501\n|move|p1a: Indeedee|Psychic|p2a: Ursaring\n|-damage|p2a: Ursaring|45\/100\n|move|p2a: Ursaring|Bulk Up|p2a: Ursaring\n|-boost|p2a: Ursaring|atk|1\n|-boost|p2a: Ursaring|def|1\n|\n|upkeep\n|turn|7\n|\n|t:|1700290508\n|move|p1a: Indeedee|Encore|p2a: Ursaring\n|-start|p2a: Ursaring|Encore\n|move|p2a: Ursaring|Bulk Up|p2a: Ursaring\n|-boost|p2a: Ursaring|atk|1\n|-boost|p2a: Ursaring|def|1\n|\n|upkeep\n|turn|8\n|\n|t:|1700290514\n|move|p1a: Indeedee|Dazzling Gleam|p2a: Ursaring\n|-damage|p2a: Ursaring|31\/100\n|move|p2a: Ursaring|Bulk Up|p2a: Ursaring\n|-boost|p2a: Ursaring|atk|1\n|-boost|p2a: Ursaring|def|1\n|\n|upkeep\n|turn|9\n|\n|t:|1700290522\n|switch|p2a: Umbreon|Umbreon, M|32\/100\n|-damage|p2a: Umbreon|19\/100|[from] Stealth Rock\n|move|p1a: Indeedee|Psychic|p2a: Umbreon\n|-immune|p2a: Umbreon\n|\n|-heal|p2a: Umbreon|25\/100|[from] item: Leftovers\n|upkeep\n|turn|10\n|\n|t:|1700290531\n|move|p2a: Umbreon|Protect|p2a: Umbreon\n|-singleturn|p2a: Umbreon|Protect\n|move|p1a: Indeedee|Dazzling Gleam|p2a: Umbreon\n|-activate|p2a: Umbreon|move: Protect\n|\n|-heal|p2a: Umbreon|31\/100|[from] item: Leftovers\n|upkeep\n|turn|11\n|\n|t:|1700290540\n|switch|p2a: Ursaring|Ursaring, M|31\/100\n|-damage|p2a: Ursaring|19\/100|[from] Stealth Rock\n|move|p1a: Indeedee|Encore||[still]\n|-fail|p1a: Indeedee\n|\n|-fieldend|move: Psychic Terrain\n|upkeep\n|turn|12\n|\n|t:|1700290548\n|move|p1a: Indeedee|Psychic|p2a: Ursaring\n|-damage|p2a: Ursaring|0 fnt\n|faint|p2a: Ursaring\n|\n|upkeep\n|\n|t:|1700290555\n|switch|p2a: Bellibolt|Bellibolt, M|100\/100\n|-damage|p2a: Bellibolt|88\/100|[from] Stealth Rock\n|turn|13\n|\n|t:|1700290561\n|switch|p1a: Garganacl|Garganacl, F|100\/100\n|-damage|p1a: Garganacl|88\/100|[from] Stealth Rock\n|move|p2a: Bellibolt|Toxic|p1a: Garganacl\n|-immune|p1a: Garganacl|[from] ability: Purifying Salt\n|\n|-heal|p2a: Bellibolt|94\/100|[from] item: Leftovers\n|-heal|p1a: Garganacl|94\/100|[from] item: Leftovers\n|upkeep\n|turn|14\n|\n|t:|1700290572\n|switch|p2a: Conkeldurr|Conkeldurr, F|100\/100\n|-damage|p2a: Conkeldurr|94\/100|[from] Stealth Rock\n|move|p1a: Garganacl|Curse|p1a: Garganacl\n|-unboost|p1a: Garganacl|spe|1\n|-boost|p1a: Garganacl|atk|1\n|-boost|p1a: Garganacl|def|1\n|\n|-heal|p1a: Garganacl|100\/100|[from] item: Leftovers\n|-status|p2a: Conkeldurr|brn|[from] item: Flame Orb\n|upkeep\n|turn|15\n|\n|t:|1700290584\n|switch|p1a: Corviknight|Corviknight, F|100\/100\n|-damage|p1a: Corviknight|88\/100|[from] Stealth Rock\n|-ability|p1a: Corviknight|Pressure\n|move|p2a: Conkeldurr|Knock Off|p1a: Corviknight\n|-damage|p1a: Corviknight|53\/100\n|-enditem|p1a: Corviknight|Leftovers|[from] move: Knock Off|[of] p2a: Conkeldurr\n|\n|-damage|p2a: Conkeldurr|88\/100 brn|[from] brn\n|upkeep\n|turn|16\n|\n|t:|1700290603\n|move|p1a: Corviknight|Defog|p2a: Conkeldurr\n|-unboost|p2a: Conkeldurr|evasion|1\n|-sideend|p2: Swizzlle|Stealth Rock|[from] move: Defog|[of] p1a: Corviknight\n|-sideend|p1: Clair117|Stealth Rock|[from] move: Defog|[of] p1a: Corviknight\n|move|p2a: Conkeldurr|Close Combat|p1a: Corviknight\n|-damage|p1a: Corviknight|0 fnt\n|-unboost|p2a: Conkeldurr|def|1\n|-unboost|p2a: Conkeldurr|spd|1\n|faint|p1a: Corviknight\n|\n|-damage|p2a: Conkeldurr|82\/100 brn|[from] brn\n|upkeep\n|\n|t:|1700290616\n|switch|p1a: Polteageist|Polteageist|100\/100\n|turn|17\n|\n|t:|1700290621\n|switch|p2a: Mudsdale|Mudsdale, M|100\/100\n|move|p1a: Polteageist|Shell Smash|p1a: Polteageist\n|-unboost|p1a: Polteageist|def|1\n|-unboost|p1a: Polteageist|spd|1\n|-boost|p1a: Polteageist|atk|2\n|-boost|p1a: Polteageist|spa|2\n|-boost|p1a: Polteageist|spe|2\n|\n|upkeep\n|turn|18\n|inactive|Battle timer is ON: inactive players will automatically lose when time's up. (requested by Clair117)\n|inactive|Swizzlle has 120 seconds left.\n|\n|t:|1700290696\n|switch|p2a: Umbreon|Umbreon, M|31\/100\n|move|p1a: Polteageist|Shell Smash|p1a: Polteageist\n|-unboost|p1a: Polteageist|def|1\n|-unboost|p1a: Polteageist|spd|1\n|-boost|p1a: Polteageist|atk|2\n|-boost|p1a: Polteageist|spa|2\n|-boost|p1a: Polteageist|spe|2\n|\n|-heal|p2a: Umbreon|38\/100|[from] item: Leftovers\n|upkeep\n|turn|19\n|\n|t:|1700290707\n|move|p1a: Polteageist|Shadow Ball|p2a: Umbreon\n|-resisted|p2a: Umbreon\n|-damage|p2a: Umbreon|0 fnt\n|faint|p2a: Umbreon\n|\n|upkeep\n|\n|t:|1700290715\n|switch|p2a: Brambleghast|Brambleghast, M|100\/100\n|turn|20\n|\n|t:|1700290718\n|-terastallize|p1a: Polteageist|Fighting\n|move|p2a: Brambleghast|Shadow Sneak|p1a: Polteageist\n|-damage|p1a: Polteageist|23\/100\n|-ability|p1a: Polteageist|Weak Armor|boost\n|-unboost|p1a: Polteageist|def|1\n|-boost|p1a: Polteageist|spe|2\n|move|p1a: Polteageist|Shadow Ball|p2a: Brambleghast\n|-supereffective|p2a: Brambleghast\n|-damage|p2a: Brambleghast|0 fnt\n|faint|p2a: Brambleghast\n|\n|upkeep\n|\n|t:|1700290730\n|switch|p2a: Conkeldurr|Conkeldurr, F|82\/100 brn\n|turn|21\n|\n|t:|1700290739\n|switch|p1a: Indeedee|Indeedee, M|100\/100\n|-fieldstart|move: Psychic Terrain|[from] ability: Psychic Surge|[of] p1a: Indeedee\n|move|p2a: Conkeldurr|Mach Punch|p1a: Indeedee\n|-activate|p1a: Indeedee|move: Psychic Terrain\n|\n|-damage|p2a: Conkeldurr|76\/100 brn|[from] brn\n|upkeep\n|turn|22\n|\n|t:|1700290748\n|switch|p2a: Bellibolt|Bellibolt, M|94\/100\n|move|p1a: Indeedee|Healing Wish|p1a: Indeedee\n|faint|p1a: Indeedee\n|\n|-heal|p2a: Bellibolt|100\/100|[from] item: Leftovers\n|upkeep\n|\n|t:|1700290754\n|switch|p1a: Polteageist|Polteageist, tera:Fighting|23\/100\n|-heal|p1a: Polteageist|100\/100|[from] move: Healing Wish\n|turn|23\n|\n|t:|1700290760\n|move|p1a: Polteageist|Shell Smash|p1a: Polteageist\n|-unboost|p1a: Polteageist|def|1\n|-unboost|p1a: Polteageist|spd|1\n|-boost|p1a: Polteageist|atk|2\n|-boost|p1a: Polteageist|spa|2\n|-boost|p1a: Polteageist|spe|2\n|move|p2a: Bellibolt|Toxic|p1a: Polteageist\n|-status|p1a: Polteageist|tox\n|\n|-damage|p1a: Polteageist|94\/100 tox|[from] psn\n|upkeep\n|turn|24\n|\n|t:|1700290770\n|move|p1a: Polteageist|Stored Power|p2a: Bellibolt\n|-damage|p2a: Bellibolt|23\/100\n|-start|p2a: Bellibolt|Charge|Stored Power|[from] ability: Electromorphosis\n|move|p2a: Bellibolt|Thunderbolt|p1a: Polteageist\n|-damage|p1a: Polteageist|0 fnt\n|faint|p1a: Polteageist\n|-end|p2a: Bellibolt|Charge|[silent]\n|\n|-heal|p2a: Bellibolt|29\/100|[from] item: Leftovers\n|upkeep\n|\n|t:|1700290785\n|switch|p1a: Garganacl|Garganacl, F|100\/100\n|turn|25\n|\n|t:|1700290791\n|switch|p2a: Conkeldurr|Conkeldurr, F|76\/100 brn\n|move|p1a: Garganacl|Curse|p1a: Garganacl\n|-unboost|p1a: Garganacl|spe|1\n|-boost|p1a: Garganacl|atk|1\n|-boost|p1a: Garganacl|def|1\n|\n|-damage|p2a: Conkeldurr|70\/100 brn|[from] brn\n|upkeep\n|turn|26\n|\n|t:|1700290800\n|move|p2a: Conkeldurr|Close Combat|p1a: Garganacl\n|-supereffective|p1a: Garganacl\n|-damage|p1a: Garganacl|23\/100\n|-unboost|p2a: Conkeldurr|def|1\n|-unboost|p2a: Conkeldurr|spd|1\n|move|p1a: Garganacl|Curse|p1a: Garganacl\n|-unboost|p1a: Garganacl|spe|1\n|-boost|p1a: Garganacl|atk|1\n|-boost|p1a: Garganacl|def|1\n|\n|-heal|p1a: Garganacl|29\/100|[from] item: Leftovers\n|-damage|p2a: Conkeldurr|64\/100 brn|[from] brn\n|upkeep\n|turn|27\n|\n|t:|1700290816\n|switch|p1a: Great Tusk|Great Tusk|100\/100\n|move|p2a: Conkeldurr|Close Combat|p1a: Great Tusk\n|-damage|p1a: Great Tusk|38\/100\n|-unboost|p2a: Conkeldurr|def|1\n|-unboost|p2a: Conkeldurr|spd|1\n|\n|-damage|p2a: Conkeldurr|58\/100 brn|[from] brn\n|upkeep\n|turn|28\n|\n|t:|1700290826\n|switch|p2a: Mudsdale|Mudsdale, M|100\/100\n|move|p1a: Great Tusk|Headlong Rush|p2a: Mudsdale\n|-damage|p2a: Mudsdale|71\/100\n|-unboost|p1a: Great Tusk|def|1\n|-unboost|p1a: Great Tusk|spd|1\n|-ability|p2a: Mudsdale|Stamina|boost\n|-boost|p2a: Mudsdale|def|1\n|\n|-heal|p2a: Mudsdale|77\/100|[from] item: Leftovers\n|-fieldend|move: Psychic Terrain\n|upkeep\n|turn|29\n|\n|t:|1700290837\n|move|p1a: Great Tusk|Ice Spinner|p2a: Mudsdale\n|-supereffective|p2a: Mudsdale\n|-damage|p2a: Mudsdale|57\/100\n|-ability|p2a: Mudsdale|Stamina|boost\n|-boost|p2a: Mudsdale|def|1\n|move|p2a: Mudsdale|Body Press|p1a: Great Tusk\n|-damage|p1a: Great Tusk|0 fnt\n|faint|p1a: Great Tusk\n|-end|p1a: Great Tusk|Protosynthesis|[silent]\n|\n|-heal|p2a: Mudsdale|63\/100|[from] item: Leftovers\n|upkeep\n|\n|t:|1700290840\n|switch|p1a: Garganacl|Garganacl, F|29\/100\n|turn|30\n|-message|Clair117 forfeited.\n|\n|win|Swizzlle\n|raw|Clair117's rating: 1401 &rarr; <strong>1378<\/strong><br \/>(-23 for losing)\n|raw|Swizzlle's rating: 1348 &rarr; <strong>1371<\/strong><br \/>(+23 for winning)\n|l|\u2606Clair117\n|c|\u2606Swizzlle|gg\n","uploadtime":1700290862,"views":11,"p1id":"clair117","p2id":"swizzlle","formatid":"gen9ou","rating":1371,"private":0,"password":""}