{"id":"gen9ou-1991753798","p1":"moolacat","p2":"Syvird","format":"[Gen 9] OU","log":"|j|\u2606moolacat\n|j|\u2606Syvird\n|t:|1700111427\n|gametype|singles\n|player|p1|moolacat|gardenia|1339\n|player|p2|Syvird|1|1321\n|teamsize|p1|6\n|teamsize|p2|6\n|gen|9\n|tier|[Gen 9] OU\n|rated|\n|rule|Sleep Clause Mod: Limit one foe put to sleep\n|rule|Species Clause: Limit one of each Pok\u00e9mon\n|rule|OHKO Clause: OHKO moves are banned\n|rule|Evasion Items Clause: Evasion items are banned\n|rule|Evasion Moves Clause: Evasion moves are banned\n|rule|Endless Battle Clause: Forcing endless battles is banned\n|rule|HP Percentage Mod: HP is shown in percentages\n|clearpoke\n|poke|p1|Poliwrath, F|\n|poke|p1|Pelipper, F|\n|poke|p1|Politoed, M|\n|poke|p1|Barraskewda, M|\n|poke|p1|Indeedee, M|\n|poke|p1|Kilowattrel, M|\n|poke|p2|Okidogi, M|\n|poke|p2|Zapdos|\n|poke|p2|Ogerpon-Wellspring, F|\n|poke|p2|Corviknight, M|\n|poke|p2|Cinderace, M|\n|poke|p2|Ting-Lu|\n|teampreview\n|inactive|Battle timer is ON: inactive players will automatically lose when time's up. (requested by Syvird)\n|\n|t:|1700111443\n|start\n|switch|p1a: Indeedee|Indeedee, M|100\/100\n|switch|p2a: Zapdos|Zapdos|100\/100\n|-fieldstart|move: Psychic Terrain|[from] ability: Psychic Surge|[of] p1a: Indeedee\n|turn|1\n|\n|t:|1700111451\n|move|p2a: Zapdos|U-turn|p1a: Indeedee\n|-supereffective|p1a: Indeedee\n|-damage|p1a: Indeedee|55\/100\n|\n|t:|1700111457\n|switch|p2a: Ting-Lu|Ting-Lu|100\/100|[from] U-turn\n|-ability|p2a: Ting-Lu|Vessel of Ruin\n|move|p1a: Indeedee|Psychic|p2a: Ting-Lu\n|-immune|p2a: Ting-Lu\n|\n|upkeep\n|turn|2\n|\n|t:|1700111465\n|switch|p1a: Pelipper|Pelipper, F|100\/100\n|-weather|RainDance|[from] ability: Drizzle|[of] p1a: Pelipper\n|switch|p2a: Zapdos|Zapdos|100\/100\n|\n|-weather|RainDance|[upkeep]\n|upkeep\n|turn|3\n|\n|t:|1700111482\n|switch|p1a: Kilowattrel|Kilowattrel, M|100\/100\n|move|p2a: Zapdos|U-turn|p1a: Kilowattrel\n|-resisted|p1a: Kilowattrel\n|-damage|p1a: Kilowattrel|88\/100\n|\n|t:|1700111499\n|switch|p2a: Ting-Lu|Ting-Lu|100\/100|[from] U-turn\n|-ability|p2a: Ting-Lu|Vessel of Ruin\n|\n|-weather|RainDance|[upkeep]\n|upkeep\n|turn|4\n|\n|t:|1700111505\n|switch|p1a: Poliwrath|Poliwrath, F|100\/100\n|move|p2a: Ting-Lu|Stone Edge|p1a: Poliwrath\n|-resisted|p1a: Poliwrath\n|-damage|p1a: Poliwrath|86\/100\n|\n|-weather|RainDance|[upkeep]\n|upkeep\n|turn|5\n|inactive|Syvird has 120 seconds left.\n|\n|t:|1700111526\n|switch|p2a: Corviknight|Corviknight, M|100\/100\n|-ability|p2a: Corviknight|Pressure\n|move|p1a: Poliwrath|Belly Drum|p1a: Poliwrath\n|-damage|p1a: Poliwrath|36\/100\n|-setboost|p1a: Poliwrath|atk|6|[from] move: Belly Drum\n|-enditem|p1a: Poliwrath|Sitrus Berry|[eat]\n|-heal|p1a: Poliwrath|61\/100|[from] item: Sitrus Berry\n|\n|-weather|RainDance|[upkeep]\n|upkeep\n|turn|6\n|inactive|Syvird has 120 seconds left.\n|\n|t:|1700111542\n|switch|p2a: Ogerpon|Ogerpon-Wellspring, F|100\/100\n|move|p1a: Poliwrath|Drain Punch|p2a: Ogerpon\n|-damage|p2a: Ogerpon|0 fnt\n|-heal|p1a: Poliwrath|100\/100|[from] drain|[of] p2a: Ogerpon\n|faint|p2a: Ogerpon\n|\n|-weather|RainDance|[upkeep]\n|upkeep\n|\n|t:|1700111551\n|switch|p2a: Okidogi|Okidogi, M|100\/100\n|turn|7\n|inactive|Syvird has 120 seconds left.\n|\n|t:|1700111558\n|move|p1a: Poliwrath|Liquidation|p2a: Okidogi\n|-damage|p2a: Okidogi|0 fnt\n|faint|p2a: Okidogi\n|\n|-weather|RainDance|[upkeep]\n|upkeep\n|-message|Syvird forfeited.\n|\n|win|moolacat\n|raw|moolacat's rating: 1339 &rarr; <strong>1358<\/strong><br \/>(+19 for winning)\n|raw|Syvird's rating: 1321 &rarr; <strong>1302<\/strong><br \/>(-19 for losing)\n|l|\u2606Syvird\n|c|\u2606moolacat|frug\n","uploadtime":1700111569,"views":9,"p1id":"moolacat","p2id":"syvird","formatid":"gen9ou","rating":1302,"private":0,"password":""}