{"id":"gen9ou-1993912222","p1":"enderbeast201","p2":"Slither Moth 13","format":"[Gen 9] OU","log":"|j|\u2606enderbeast201\n|j|\u2606Slither Moth 13\n|t:|1700374239\n|gametype|singles\n|player|p1|enderbeast201|benga|1085\n|player|p2|Slither Moth 13|biker-gen4|1083\n|teamsize|p1|6\n|teamsize|p2|6\n|gen|9\n|tier|[Gen 9] OU\n|rated|\n|rule|Sleep Clause Mod: Limit one foe put to sleep\n|rule|Species Clause: Limit one of each Pok\u00e9mon\n|rule|OHKO Clause: OHKO moves are banned\n|rule|Evasion Items Clause: Evasion items are banned\n|rule|Evasion Moves Clause: Evasion moves are banned\n|rule|Endless Battle Clause: Forcing endless battles is banned\n|rule|HP Percentage Mod: HP is shown in percentages\n|clearpoke\n|poke|p1|Kingambit, F|\n|poke|p1|Glimmora, F|\n|poke|p1|Zamazenta-*|\n|poke|p1|Iron Valiant|\n|poke|p1|Iron Moth|\n|poke|p1|Ogerpon-Wellspring, F|\n|poke|p2|Ribombee, M|\n|poke|p2|Samurott-Hisui, F|\n|poke|p2|Glimmora, F|\n|poke|p2|Gholdengo|\n|poke|p2|Iron Treads|\n|poke|p2|Kingambit, F|\n|teampreview\n|inactive|Battle timer is ON: inactive players will automatically lose when time's up. (requested by enderbeast201)\n|j| Hamsandwitchy\n|j| Psyspam Enjoyer\n|c| Hamsandwitchy|enderbeast get'em\n|\n|t:|1700374277\n|start\n|switch|p1a: Glimmora|Glimmora, F|100\/100\n|switch|p2a: WEB META|Ribombee, M|100\/100\n|turn|1\n|c|\u2606enderbeast201|trying\n|j| Keychain OTG\n|j| Revilo6000\n|\n|t:|1700374283\n|move|p2a: WEB META|Sticky Web|p1a: Glimmora\n|-sidestart|p1: enderbeast201|move: Sticky Web\n|move|p1a: Glimmora|Stealth Rock|p2a: WEB META\n|-sidestart|p2: Slither Moth 13|move: Stealth Rock\n|\n|upkeep\n|turn|2\n|\n|t:|1700374288\n|switch|p2a: EVIL META|Gholdengo|100\/100\n|-damage|p2a: EVIL META|94\/100|[from] Stealth Rock\n|move|p1a: Glimmora|Mortal Spin|p2a: EVIL META\n|-immune|p2a: EVIL META\n|\n|upkeep\n|turn|3\n|c| Psyspam Enjoyer|if I see this goddamn wellspring ho team one more time dude\n|\n|t:|1700374310\n|move|p1a: Glimmora|Earth Power|p2a: EVIL META\n|-supereffective|p2a: EVIL META\n|-damage|p2a: EVIL META|51\/100\n|move|p2a: EVIL META|Light Screen|p2a: EVIL META\n|-sidestart|p2: Slither Moth 13|move: Light Screen\n|\n|upkeep\n|turn|4\n|\n|t:|1700374319\n|move|p1a: Glimmora|Earth Power|p2a: EVIL META\n|-supereffective|p2a: EVIL META\n|-crit|p2a: EVIL META\n|-damage|p2a: EVIL META|0 fnt\n|faint|p2a: EVIL META\n|\n|upkeep\n|c|\u2606Slither Moth 13|MOTHER HO\n|c|\u2606enderbeast201|:)\n|\n|t:|1700374327\n|switch|p2a: IRON TUSK 69|Iron Treads|100\/100\n|-damage|p2a: IRON TUSK 69|97\/100|[from] Stealth Rock\n|-enditem|p2a: IRON TUSK 69|Booster Energy\n|-activate|p2a: IRON TUSK 69|ability: Quark Drive|[fromitem]\n|-start|p2a: IRON TUSK 69|quarkdrivespe\n|turn|5\n|\n|t:|1700374340\n|move|p2a: IRON TUSK 69|Rapid Spin|p1a: Glimmora\n|-resisted|p1a: Glimmora\n|-damage|p1a: Glimmora|94\/100\n|-boost|p2a: IRON TUSK 69|spe|1\n|-activate|p1a: Glimmora|ability: Toxic Debris\n|-sidestart|p2: Slither Moth 13|move: Toxic Spikes\n|-sideend|p2: Slither Moth 13|Toxic Spikes|[from] move: Rapid Spin|[of] p2a: IRON TUSK 69\n|-sideend|p2: Slither Moth 13|Stealth Rock|[from] move: Rapid Spin|[of] p2a: IRON TUSK 69\n|move|p1a: Glimmora|Earth Power|p2a: IRON TUSK 69\n|-supereffective|p2a: IRON TUSK 69\n|-damage|p2a: IRON TUSK 69|50\/100\n|\n|upkeep\n|turn|6\n|c| Psyspam Enjoyer|screensdengho might have cooked if it weren't for the crit\n|c|\u2606Slither Moth 13|GAMER MOMENT INCOMING\n|\n|t:|1700374350\n|move|p2a: IRON TUSK 69|Steel Beam|p1a: Glimmora|[miss]\n|-miss|p2a: IRON TUSK 69|p1a: Glimmora\n|-damage|p2a: IRON TUSK 69|0 fnt|[from] steelbeam\n|faint|p2a: IRON TUSK 69\n|-end|p2a: IRON TUSK 69|Quark Drive|[silent]\n|move|p1a: Glimmora|Earth Power|p2: IRON TUSK 69|[notarget]\n|-fail|p1a: Glimmora\n|\n|upkeep\n|c| Psyspam Enjoyer|it's over\n|c|\u2606enderbeast201|:3\n|c|\u2606Slither Moth 13|GAMER MOMENT PREEMPTED\n|c| Hamsandwitchy|GLIM SWEEP\n|\n|t:|1700374366\n|switch|p2a: TSPIKE META|Glimmora, F|100\/100\n|turn|7\n|c| Psyspam Enjoyer|GLIM SWEEP BABY\n|\n|t:|1700374387\n|move|p1a: Glimmora|Earth Power|p2a: TSPIKE META\n|-supereffective|p2a: TSPIKE META\n|-damage|p2a: TSPIKE META|22\/100\n|-unboost|p2a: TSPIKE META|spd|1\n|move|p2a: TSPIKE META|Earth Power|p1a: Glimmora\n|-supereffective|p1a: Glimmora\n|-damage|p1a: Glimmora|0 fnt\n|faint|p1a: Glimmora\n|\n|upkeep\n|c|\u2606enderbeast201|D:\n|c|\u2606Slither Moth 13|WEBS UP\n|c|\u2606Slither Moth 13|MISSION SUCCESS\n|\n|t:|1700374398\n|switch|p1a: Ogerpon|Ogerpon-Wellspring, F|100\/100\n|-activate|p1a: Ogerpon|move: Sticky Web\n|-unboost|p1a: Ogerpon|spe|1\n|turn|8\n|c|\u2606Slither Moth 13|THEY WILL NEVER COME BACK\n|\n|t:|1700374412\n|move|p2a: TSPIKE META|Mortal Spin|p1a: Ogerpon\n|-supereffective|p1a: Ogerpon\n|-damage|p1a: Ogerpon|85\/100\n|-status|p1a: Ogerpon|psn\n|move|p1a: Ogerpon|Ivy Cudgel|p2a: TSPIKE META|[anim] Ivy Cudgel Water\n|-supereffective|p2a: TSPIKE META\n|-damage|p2a: TSPIKE META|0 fnt\n|faint|p2a: TSPIKE META\n|\n|-damage|p1a: Ogerpon|72\/100 psn|[from] psn\n|upkeep\n|\n|t:|1700374424\n|switch|p2a: SPIKE META|Samurott-Hisui, F|100\/100\n|turn|9\n|\n|t:|1700374438\n|move|p2a: SPIKE META|Ceaseless Edge|p1a: Ogerpon\n|-damage|p1a: Ogerpon|26\/100 psn\n|-sidestart|p1: enderbeast201|Spikes\n|move|p1a: Ogerpon|Power Whip|p2a: SPIKE META\n|-supereffective|p2a: SPIKE META\n|-damage|p2a: SPIKE META|0 fnt\n|faint|p2a: SPIKE META\n|\n|-damage|p1a: Ogerpon|14\/100 psn|[from] psn\n|upkeep\n|\n|t:|1700374447\n|switch|p2a: WEB META|Ribombee, M|100\/100\n|turn|10\n|\n|t:|1700374458\n|move|p2a: WEB META|Quiver Dance|p2a: WEB META\n|-boost|p2a: WEB META|spa|1\n|-boost|p2a: WEB META|spd|1\n|-boost|p2a: WEB META|spe|1\n|move|p1a: Ogerpon|Ivy Cudgel|p2a: WEB META|[anim] Ivy Cudgel Water\n|-enditem|p2a: WEB META|Focus Sash\n|-damage|p2a: WEB META|1\/100\n|\n|-damage|p1a: Ogerpon|1\/100 psn|[from] psn\n|-sideend|p2: Slither Moth 13|move: Light Screen\n|upkeep\n|turn|11\n|\n|t:|1700374468\n|move|p2a: WEB META|Moonblast|p1a: Ogerpon\n|-damage|p1a: Ogerpon|0 fnt\n|faint|p1a: Ogerpon\n|\n|upkeep\n|\n|t:|1700374480\n|switch|p1a: Iron Moth|Iron Moth|100\/100\n|-activate|p1a: Iron Moth|move: Sticky Web\n|-unboost|p1a: Iron Moth|spe|1\n|-damage|p1a: Iron Moth|88\/100|[from] Spikes\n|-enditem|p1a: Iron Moth|Booster Energy\n|-activate|p1a: Iron Moth|ability: Quark Drive|[fromitem]\n|-start|p1a: Iron Moth|quarkdrivespa\n|turn|12\n|\n|t:|1700374496\n|move|p2a: WEB META|Stun Spore|p1a: Iron Moth\n|-status|p1a: Iron Moth|par\n|move|p1a: Iron Moth|Fiery Dance|p2a: WEB META\n|-supereffective|p2a: WEB META\n|-damage|p2a: WEB META|0 fnt\n|-boost|p1a: Iron Moth|spa|1\n|faint|p2a: WEB META\n|\n|upkeep\n|\n|t:|1700374500\n|switch|p2a: Rigged Suspect|Kingambit, F|100\/100\n|-activate|p2a: Rigged Suspect|ability: Supreme Overlord\n|-start|p2a: Rigged Suspect|fallen5|[silent]\n|turn|13\n|\n|t:|1700374511\n|move|p2a: Rigged Suspect|Kowtow Cleave|p1a: Iron Moth\n|-damage|p1a: Iron Moth|0 fnt\n|faint|p1a: Iron Moth\n|-end|p1a: Iron Moth|Quark Drive|[silent]\n|\n|upkeep\n|\n|t:|1700374519\n|switch|p1a: Iron Valiant|Iron Valiant|100\/100\n|-activate|p1a: Iron Valiant|move: Sticky Web\n|-unboost|p1a: Iron Valiant|spe|1\n|-damage|p1a: Iron Valiant|88\/100|[from] Spikes\n|-enditem|p1a: Iron Valiant|Booster Energy\n|-activate|p1a: Iron Valiant|ability: Quark Drive|[fromitem]\n|-start|p1a: Iron Valiant|quarkdrivespa\n|turn|14\n|\n|t:|1700374541\n|-terastallize|p1a: Iron Valiant|Fairy\n|-terastallize|p2a: Rigged Suspect|Fairy\n|move|p1a: Iron Valiant|Hypnosis|p2a: Rigged Suspect|[miss]\n|-miss|p1a: Iron Valiant|p2a: Rigged Suspect\n|move|p2a: Rigged Suspect|Tera Blast|p1a: Iron Valiant|[anim] Tera Blast Fairy\n|-damage|p1a: Iron Valiant|2\/100\n|\n|upkeep\n|turn|15\n|c|\u2606enderbeast201|DAMN\n|c| Hamsandwitchy|do it again\n|inactive|enderbeast201 has 120 seconds left.\n|\n|t:|1700374556\n|move|p1a: Iron Valiant|Hypnosis|p2a: Rigged Suspect|[miss]\n|-miss|p1a: Iron Valiant|p2a: Rigged Suspect\n|move|p2a: Rigged Suspect|Tera Blast|p1a: Iron Valiant|[anim] Tera Blast Fairy\n|-damage|p1a: Iron Valiant|0 fnt\n|faint|p1a: Iron Valiant\n|-end|p1a: Iron Valiant|Quark Drive|[silent]\n|\n|upkeep\n|c| Hamsandwitchy|NO\n|c|\u2606enderbeast201|DAMN\n|inactive|enderbeast201 has 120 seconds left.\n|c|\u2606Slither Moth 13|bruh\n|\n|t:|1700374563\n|switch|p1a: Zamazenta|Zamazenta, shiny|100\/100\n|-activate|p1a: Zamazenta|move: Sticky Web\n|-unboost|p1a: Zamazenta|spe|1\n|-damage|p1a: Zamazenta|88\/100|[from] Spikes\n|-ability|p1a: Zamazenta|Dauntless Shield|boost\n|-boost|p1a: Zamazenta|def|1\n|turn|16\n|c| Hamsandwitchy|pink dog\n|inactive|enderbeast201 has 120 seconds left.\n|\n|t:|1700374584\n|move|p1a: Zamazenta|Stone Edge|p2a: Rigged Suspect\n|-crit|p2a: Rigged Suspect\n|-damage|p2a: Rigged Suspect|65\/100\n|move|p2a: Rigged Suspect|Swords Dance|p2a: Rigged Suspect\n|-boost|p2a: Rigged Suspect|atk|2\n|\n|-heal|p1a: Zamazenta|94\/100|[from] item: Leftovers\n|-heal|p2a: Rigged Suspect|71\/100|[from] item: Leftovers\n|upkeep\n|turn|17\n|c|\u2606enderbeast201|nah gg\n|l| Hamsandwitchy\n|c| Revilo6000|this is a rather unfortunate way to go out\n|inactive|Slither Moth 13 has 120 seconds left.\n|c|\u2606enderbeast201|for sure\n|c|\u2606enderbeast201|webs got m\n|\n|t:|1700374623\n|move|p1a: Zamazenta|Stone Edge|p2a: Rigged Suspect\n|-damage|p2a: Rigged Suspect|48\/100\n|move|p2a: Rigged Suspect|Tera Blast|p1a: Zamazenta|[anim] Tera Blast Fairy\n|-supereffective|p1a: Zamazenta\n|-damage|p1a: Zamazenta|0 fnt\n|faint|p1a: Zamazenta\n|\n|-heal|p2a: Rigged Suspect|54\/100|[from] item: Leftovers\n|upkeep\n|\n|t:|1700374631\n|switch|p1a: Kingambit|Kingambit, F|100\/100\n|-activate|p1a: Kingambit|move: Sticky Web\n|-unboost|p1a: Kingambit|spe|1\n|-damage|p1a: Kingambit|88\/100|[from] Spikes\n|-activate|p1a: Kingambit|ability: Supreme Overlord\n|-start|p1a: Kingambit|fallen5|[silent]\n|turn|18\n|\n|t:|1700374644\n|move|p2a: Rigged Suspect|Tera Blast|p1a: Kingambit|[anim] Tera Blast Fairy\n|-damage|p1a: Kingambit|0 fnt\n|faint|p1a: Kingambit\n|-end|p1a: Kingambit|fallen5|[silent]\n|\n|win|Slither Moth 13\n|raw|enderbeast201's rating: 1085 &rarr; <strong>1062<\/strong><br \/>(-23 for losing)\n|raw|Slither Moth 13's rating: 1083 &rarr; <strong>1111<\/strong><br \/>(+28 for winning)\n","uploadtime":1700374325,"views":8,"p1id":"enderbeast201","p2id":"slithermoth13","formatid":"gen9ou","rating":1062,"private":0,"password":""}