{"id":"gen9ou-1990330053","p1":"ZachPlay","p2":"dracoreon","format":"[Gen 9] OU","log":"|j|\u2606ZachPlay\n|j|\u2606dracoreon\n|t:|1699957723\n|gametype|singles\n|player|p1|ZachPlay|ginchiyo-conquest|1081\n|player|p2|dracoreon|adaman|1081\n|teamsize|p1|6\n|teamsize|p2|6\n|gen|9\n|tier|[Gen 9] OU\n|rated|\n|rule|Sleep Clause Mod: Limit one foe put to sleep\n|rule|Species Clause: Limit one of each Pok\u00e9mon\n|rule|OHKO Clause: OHKO moves are banned\n|rule|Evasion Items Clause: Evasion items are banned\n|rule|Evasion Moves Clause: Evasion moves are banned\n|rule|Endless Battle Clause: Forcing endless battles is banned\n|rule|HP Percentage Mod: HP is shown in percentages\n|clearpoke\n|poke|p1|Staraptor, M|\n|poke|p1|Ting-Lu|\n|poke|p1|Ogerpon, F|\n|poke|p1|Slowking-Galar, M|\n|poke|p1|Mienshao, F|\n|poke|p1|Scizor, F|\n|poke|p2|Ninetales-Alola, F|\n|poke|p2|Enamorus, F|\n|poke|p2|Skeledirge, F|\n|poke|p2|Great Tusk|\n|poke|p2|Ceruledge, M|\n|poke|p2|Cinderace, M|\n|teampreview\n|\n|t:|1699957737\n|start\n|switch|p1a: Scizor|Scizor, F|100\/100\n|switch|p2a: belle delfox|Ninetales-Alola, F, shiny|100\/100\n|-weather|Snow|[from] ability: Snow Warning|[of] p2a: belle delfox\n|turn|1\n|\n|t:|1699957746\n|move|p1a: Scizor|Bullet Punch|p2a: belle delfox\n|-supereffective|p2a: belle delfox\n|-damage|p2a: belle delfox|0 fnt\n|faint|p2a: belle delfox\n|\n|-weather|Snow|[upkeep]\n|upkeep\n|\n|t:|1699957756\n|switch|p2a: tic tac|Skeledirge, F, shiny|100\/100\n|turn|2\n|\n|t:|1699957764\n|switch|p1a: Slowking|Slowking-Galar, M|100\/100\n|move|p2a: tic tac|Torch Song|p1a: Slowking\n|-damage|p1a: Slowking|83\/100\n|-boost|p2a: tic tac|spa|1\n|\n|-weather|Snow|[upkeep]\n|upkeep\n|turn|3\n|\n|t:|1699957785\n|switch|p1a: Ting-Lu|Ting-Lu|100\/100\n|-ability|p1a: Ting-Lu|Vessel of Ruin\n|move|p2a: tic tac|Shadow Ball|p1a: Ting-Lu\n|-resisted|p1a: Ting-Lu\n|-damage|p1a: Ting-Lu|85\/100\n|\n|-weather|Snow|[upkeep]\n|-heal|p1a: Ting-Lu|91\/100|[from] item: Leftovers\n|upkeep\n|turn|4\n|\n|t:|1699957808\n|-terastallize|p2a: tic tac|Fairy\n|move|p2a: tic tac|Torch Song|p1a: Ting-Lu\n|-damage|p1a: Ting-Lu|59\/100\n|-boost|p2a: tic tac|spa|1\n|move|p1a: Ting-Lu|Stealth Rock|p2a: tic tac\n|-sidestart|p2: dracoreon|move: Stealth Rock\n|\n|-weather|Snow|[upkeep]\n|-heal|p1a: Ting-Lu|65\/100|[from] item: Leftovers\n|upkeep\n|turn|5\n|inactive|Battle timer is ON: inactive players will automatically lose when time's up. (requested by dracoreon)\n|\n|t:|1699957873\n|move|p2a: tic tac|Tera Blast|p1a: Ting-Lu|[anim] Tera Blast Fairy\n|-supereffective|p1a: Ting-Lu\n|-damage|p1a: Ting-Lu|0 fnt\n|faint|p1a: Ting-Lu\n|\n|-weather|none\n|upkeep\n|\n|t:|1699957881\n|switch|p1a: Mienshao|Mienshao, F|100\/100\n|turn|6\n|\n|t:|1699957892\n|move|p1a: Mienshao|Fake Out|p2a: tic tac\n|-damage|p2a: tic tac|87\/100\n|-damage|p1a: Mienshao|91\/100|[from] item: Life Orb\n|cant|p2a: tic tac|flinch\n|\n|upkeep\n|turn|7\n|\n|t:|1699957901\n|move|p1a: Mienshao|Poison Jab|p2a: tic tac\n|-supereffective|p2a: tic tac\n|-damage|p2a: tic tac|32\/100\n|-damage|p1a: Mienshao|81\/100|[from] item: Life Orb\n|move|p2a: tic tac|Tera Blast|p1a: Mienshao|[anim] Tera Blast Fairy\n|-supereffective|p1a: Mienshao\n|-damage|p1a: Mienshao|0 fnt\n|faint|p1a: Mienshao\n|\n|upkeep\n|\n|t:|1699957905\n|switch|p1a: Scizor|Scizor, F|100\/100\n|turn|8\n|\n|t:|1699957924\n|switch|p2a: Cr 7|Cinderace, M|100\/100\n|move|p1a: Scizor|Bullet Punch|p2a: Cr 7\n|-resisted|p2a: Cr 7\n|-damage|p2a: Cr 7|78\/100\n|\n|upkeep\n|turn|9\n|\n|t:|1699957933\n|move|p2a: Cr 7|Pyro Ball|p1a: Scizor\n|-supereffective|p1a: Scizor\n|-damage|p1a: Scizor|0 fnt\n|faint|p1a: Scizor\n|\n|upkeep\n|\n|t:|1699957937\n|switch|p1a: Staraptor|Staraptor, M|100\/100\n|turn|10\n|\n|t:|1699957960\n|move|p1a: Staraptor|Brave Bird|p2a: Cr 7\n|-damage|p2a: Cr 7|0 fnt\n|faint|p2a: Cr 7\n|-damage|p1a: Staraptor|76\/100|[from] Recoil\n|\n|upkeep\n|\n|t:|1699957971\n|switch|p2a: tic tac|Skeledirge, F, shiny, tera:Fairy|32\/100\n|turn|11\n|\n|t:|1699957974\n|move|p1a: Staraptor|Brave Bird|p2a: tic tac\n|-damage|p2a: tic tac|0 fnt\n|faint|p2a: tic tac\n|-damage|p1a: Staraptor|62\/100|[from] Recoil\n|\n|upkeep\n|\n|t:|1699957977\n|switch|p2a: Ceruledge|Ceruledge, M|100\/100\n|-damage|p2a: Ceruledge|76\/100|[from] Stealth Rock\n|turn|12\n|\n|t:|1699957988\n|move|p1a: Staraptor|Brave Bird|p2a: Ceruledge\n|-damage|p2a: Ceruledge|0 fnt\n|faint|p2a: Ceruledge\n|-damage|p1a: Staraptor|39\/100|[from] Recoil\n|\n|upkeep\n|\n|t:|1699957996\n|switch|p2a: Enamorus|Enamorus, F|100\/100\n|-damage|p2a: Enamorus|76\/100|[from] Stealth Rock\n|turn|13\n|\n|t:|1699958001\n|move|p1a: Staraptor|Brave Bird|p2a: Enamorus\n|-damage|p2a: Enamorus|0 fnt\n|faint|p2a: Enamorus\n|-damage|p1a: Staraptor|16\/100|[from] Recoil\n|\n|upkeep\n|\n|t:|1699958008\n|switch|p2a: Mega-Donphan|Great Tusk, shiny|100\/100\n|turn|14\n|\n|t:|1699958012\n|-terastallize|p1a: Staraptor|Flying\n|move|p1a: Staraptor|Brave Bird|p2a: Mega-Donphan\n|-supereffective|p2a: Mega-Donphan\n|-damage|p2a: Mega-Donphan|0 fnt\n|faint|p2a: Mega-Donphan\n|-end|p2a: Mega-Donphan|Protosynthesis|[silent]\n|-damage|p1a: Staraptor|0 fnt|[from] Recoil\n|faint|p1a: Staraptor\n|\n|win|ZachPlay\n|raw|ZachPlay's rating: 1081 &rarr; <strong>1109<\/strong><br \/>(+28 for winning)\n|raw|dracoreon's rating: 1081 &rarr; <strong>1059<\/strong><br \/>(-22 for losing)\n|l|\u2606dracoreon\n","uploadtime":1699958018,"views":16,"p1id":"zachplay","p2id":"dracoreon","formatid":"gen9ou","rating":1059,"private":0,"password":""}