{"id":"gen9ou-1993516765","p1":"Staymox","p2":"UdAngel","format":"[Gen 9] OU","log":"|j|\u2606Staymox\n|j|\u2606UdAngel\n|t:|1700327082\n|gametype|singles\n|player|p1|Staymox|marshal|1458\n|player|p2|UdAngel|170|1435\n|teamsize|p1|6\n|teamsize|p2|6\n|gen|9\n|tier|[Gen 9] OU\n|rated|\n|rule|Sleep Clause Mod: Limit one foe put to sleep\n|rule|Species Clause: Limit one of each Pok\u00e9mon\n|rule|OHKO Clause: OHKO moves are banned\n|rule|Evasion Items Clause: Evasion items are banned\n|rule|Evasion Moves Clause: Evasion moves are banned\n|rule|Endless Battle Clause: Forcing endless battles is banned\n|rule|HP Percentage Mod: HP is shown in percentages\n|clearpoke\n|poke|p1|Kingambit, M|\n|poke|p1|Great Tusk|\n|poke|p1|Dragapult, F|\n|poke|p1|Ogerpon-Wellspring, F|\n|poke|p1|Blissey, F|\n|poke|p1|Zapdos|\n|poke|p2|Ceruledge, M|\n|poke|p2|Rillaboom, M|\n|poke|p2|Ogerpon-Wellspring, F|\n|poke|p2|Enamorus, F|\n|poke|p2|Ninetales-Alola, F|\n|poke|p2|Great Tusk|\n|teampreview\n|inactive|Battle timer is ON: inactive players will automatically lose when time's up. (requested by Staymox)\n|\n|t:|1700327098\n|start\n|switch|p1a: Dragapult|Dragapult, F|100\/100\n|switch|p2a: Ninetales|Ninetales-Alola, F|100\/100\n|-weather|Snow|[from] ability: Snow Warning|[of] p2a: Ninetales\n|turn|1\n|\n|t:|1700327105\n|move|p1a: Dragapult|Flamethrower|p2a: Ninetales\n|-supereffective|p2a: Ninetales\n|-damage|p2a: Ninetales|28\/100\n|move|p2a: Ninetales|Aurora Veil|p2a: Ninetales\n|-sidestart|p2: UdAngel|move: Aurora Veil\n|\n|-weather|Snow|[upkeep]\n|upkeep\n|turn|2\n|\n|t:|1700327130\n|switch|p2a: Enamorus|Enamorus, F|100\/100\n|move|p1a: Dragapult|Flamethrower|p2a: Enamorus\n|-damage|p2a: Enamorus|41\/100\n|\n|-weather|Snow|[upkeep]\n|upkeep\n|turn|3\n|\n|t:|1700327142\n|switch|p1a: Blissey|Blissey, F|100\/100\n|move|p2a: Enamorus|Moonblast|p1a: Blissey\n|-damage|p1a: Blissey|73\/100\n|\n|-weather|Snow|[upkeep]\n|upkeep\n|turn|4\n|\n|t:|1700327150\n|switch|p2a: Rillaboom|Rillaboom, M|100\/100\n|-fieldstart|move: Grassy Terrain|[from] ability: Grassy Surge|[of] p2a: Rillaboom\n|move|p1a: Blissey|Stealth Rock|p2a: Rillaboom\n|-sidestart|p2: UdAngel|move: Stealth Rock\n|\n|-weather|Snow|[upkeep]\n|-heal|p1a: Blissey|80\/100|[from] Grassy Terrain\n|upkeep\n|turn|5\n|\n|t:|1700327161\n|switch|p1a: Zapdos|Zapdos|100\/100\n|move|p2a: Rillaboom|U-turn|p1a: Zapdos\n|-resisted|p1a: Zapdos\n|-crit|p1a: Zapdos\n|-damage|p1a: Zapdos|79\/100\n|\n|t:|1700327175\n|switch|p2a: Ogerpon|Ogerpon-Wellspring, F|100\/100|[from] U-turn\n|-damage|p2a: Ogerpon|88\/100|[from] Stealth Rock\n|\n|-weather|none\n|-heal|p2a: Ogerpon|94\/100|[from] Grassy Terrain\n|upkeep\n|turn|6\n|\n|t:|1700327183\n|move|p2a: Ogerpon|Swords Dance|p2a: Ogerpon\n|-boost|p2a: Ogerpon|atk|2\n|move|p1a: Zapdos|Hurricane|p2a: Ogerpon\n|-supereffective|p2a: Ogerpon\n|-damage|p2a: Ogerpon|40\/100\n|-start|p2a: Ogerpon|confusion\n|\n|-heal|p2a: Ogerpon|46\/100|[from] Grassy Terrain\n|upkeep\n|turn|7\n|\n|t:|1700327195\n|-activate|p2a: Ogerpon|confusion\n|move|p2a: Ogerpon|Ivy Cudgel|p1a: Zapdos|[anim] Ivy Cudgel Water\n|-crit|p1a: Zapdos\n|-damage|p1a: Zapdos|0 fnt\n|faint|p1a: Zapdos\n|\n|-heal|p2a: Ogerpon|52\/100|[from] Grassy Terrain\n|upkeep\n|\n|t:|1700327198\n|switch|p1a: Dragapult|Dragapult, F|100\/100\n|turn|8\n|\n|t:|1700327206\n|-terastallize|p1a: Dragapult|Ghost\n|move|p1a: Dragapult|Shadow Ball|p2a: Ogerpon\n|-damage|p2a: Ogerpon|0 fnt\n|faint|p2a: Ogerpon\n|\n|-sideend|p2: UdAngel|move: Aurora Veil\n|-fieldend|move: Grassy Terrain\n|upkeep\n|\n|t:|1700327215\n|switch|p2a: Rillaboom|Rillaboom, M|100\/100\n|-damage|p2a: Rillaboom|88\/100|[from] Stealth Rock\n|-fieldstart|move: Grassy Terrain|[from] ability: Grassy Surge|[of] p2a: Rillaboom\n|turn|9\n|\n|t:|1700327221\n|move|p2a: Rillaboom|Grassy Glide|p1a: Dragapult\n|-damage|p1a: Dragapult|31\/100\n|move|p1a: Dragapult|Shadow Ball|p2a: Rillaboom\n|-damage|p2a: Rillaboom|0 fnt\n|faint|p2a: Rillaboom\n|\n|-heal|p1a: Dragapult|37\/100|[from] Grassy Terrain\n|upkeep\n|\n|t:|1700327231\n|switch|p2a: Ceruledge|Ceruledge, M|100\/100\n|-damage|p2a: Ceruledge|76\/100|[from] Stealth Rock\n|turn|10\n|\n|t:|1700327236\n|switch|p1a: Great Tusk|Great Tusk|100\/100\n|move|p2a: Ceruledge|Shadow Sneak|p1a: Great Tusk\n|-damage|p1a: Great Tusk|87\/100\n|\n|-heal|p1a: Great Tusk|93\/100|[from] Grassy Terrain\n|-heal|p1a: Great Tusk|99\/100|[from] item: Leftovers\n|-heal|p2a: Ceruledge|82\/100|[from] Grassy Terrain\n|upkeep\n|turn|11\n|\n|t:|1700327247\n|-terastallize|p2a: Ceruledge|Grass\n|move|p1a: Great Tusk|Knock Off|p2a: Ceruledge\n|-damage|p2a: Ceruledge|43\/100\n|-ability|p2a: Ceruledge|Weak Armor|boost\n|-unboost|p2a: Ceruledge|def|1\n|-boost|p2a: Ceruledge|spe|2\n|-enditem|p2a: Ceruledge|Focus Sash|[from] move: Knock Off|[of] p1a: Great Tusk\n|move|p2a: Ceruledge|Swords Dance|p2a: Ceruledge\n|-boost|p2a: Ceruledge|atk|2\n|\n|-heal|p2a: Ceruledge|50\/100|[from] Grassy Terrain\n|-heal|p1a: Great Tusk|100\/100|[from] Grassy Terrain\n|upkeep\n|turn|12\n|\n|t:|1700327261\n|move|p2a: Ceruledge|Bitter Blade|p1a: Great Tusk\n|-damage|p1a: Great Tusk|42\/100\n|-heal|p2a: Ceruledge|94\/100|[from] drain|[of] p1a: Great Tusk\n|move|p1a: Great Tusk|Knock Off|p2a: Ceruledge\n|-damage|p2a: Ceruledge|54\/100\n|-ability|p2a: Ceruledge|Weak Armor|boost\n|-unboost|p2a: Ceruledge|def|1\n|-boost|p2a: Ceruledge|spe|2\n|\n|-heal|p2a: Ceruledge|60\/100|[from] Grassy Terrain\n|-heal|p1a: Great Tusk|48\/100|[from] Grassy Terrain\n|-heal|p1a: Great Tusk|54\/100|[from] item: Leftovers\n|upkeep\n|turn|13\n|\n|t:|1700327275\n|move|p2a: Ceruledge|Bitter Blade|p1a: Great Tusk\n|-damage|p1a: Great Tusk|0 fnt\n|-heal|p2a: Ceruledge|99\/100|[from] drain|[of] p1a: Great Tusk\n|faint|p1a: Great Tusk\n|-end|p1a: Great Tusk|Protosynthesis|[silent]\n|\n|-heal|p2a: Ceruledge|100\/100|[from] Grassy Terrain\n|-fieldend|move: Grassy Terrain\n|upkeep\n|\n|t:|1700327279\n|switch|p1a: Ogerpon|Ogerpon-Wellspring, F|100\/100\n|turn|14\n|\n|t:|1700327286\n|move|p2a: Ceruledge|Bitter Blade|p1a: Ogerpon\n|-damage|p1a: Ogerpon|0 fnt\n|faint|p1a: Ogerpon\n|\n|upkeep\n|\n|t:|1700327291\n|switch|p1a: Kingambit|Kingambit, M|100\/100\n|-activate|p1a: Kingambit|ability: Supreme Overlord\n|-start|p1a: Kingambit|fallen3|[silent]\n|turn|15\n|\n|t:|1700327296\n|move|p1a: Kingambit|Sucker Punch|p2a: Ceruledge\n|-damage|p2a: Ceruledge|0 fnt\n|faint|p2a: Ceruledge\n|\n|upkeep\n|\n|t:|1700327302\n|switch|p2a: Great Tusk|Great Tusk|100\/100\n|turn|16\n|\n|t:|1700327309\n|-end|p1a: Kingambit|fallen3|[silent]\n|switch|p1a: Blissey|Blissey, F|80\/100\n|move|p2a: Great Tusk|Rapid Spin|p1a: Blissey\n|-damage|p1a: Blissey|64\/100\n|-boost|p2a: Great Tusk|spe|1\n|-sideend|p2: UdAngel|Stealth Rock|[from] move: Rapid Spin|[of] p2a: Great Tusk\n|\n|upkeep\n|turn|17\n|\n|t:|1700327317\n|move|p2a: Great Tusk|Rapid Spin|p1a: Blissey\n|-damage|p1a: Blissey|48\/100\n|-boost|p2a: Great Tusk|spe|1\n|move|p1a: Blissey|Stealth Rock|p2a: Great Tusk\n|-sidestart|p2: UdAngel|move: Stealth Rock\n|\n|upkeep\n|turn|18\n|\n|t:|1700327324\n|move|p2a: Great Tusk|Close Combat|p1a: Blissey\n|-supereffective|p1a: Blissey\n|-damage|p1a: Blissey|0 fnt\n|-unboost|p2a: Great Tusk|def|1\n|-unboost|p2a: Great Tusk|spd|1\n|faint|p1a: Blissey\n|\n|upkeep\n|\n|t:|1700327326\n|switch|p1a: Dragapult|Dragapult, F, tera:Ghost|37\/100\n|turn|19\n|\n|t:|1700327333\n|move|p2a: Great Tusk|Ice Spinner|p1a: Dragapult\n|-damage|p1a: Dragapult|0 fnt\n|faint|p1a: Dragapult\n|\n|upkeep\n|\n|t:|1700327337\n|switch|p1a: Kingambit|Kingambit, M|100\/100\n|-activate|p1a: Kingambit|ability: Supreme Overlord\n|-start|p1a: Kingambit|fallen5|[silent]\n|turn|20\n|\n|t:|1700327341\n|move|p2a: Great Tusk|Close Combat|p1a: Kingambit\n|-supereffective|p1a: Kingambit\n|-damage|p1a: Kingambit|0 fnt\n|-unboost|p2a: Great Tusk|def|1\n|-unboost|p2a: Great Tusk|spd|1\n|faint|p1a: Kingambit\n|-end|p1a: Kingambit|fallen5|[silent]\n|\n|win|UdAngel\n|raw|Staymox's rating: 1458 &rarr; <strong>1437<\/strong><br \/>(-21 for losing)\n|raw|UdAngel's rating: 1435 &rarr; <strong>1456<\/strong><br \/>(+21 for winning)\n|l|\u2606Staymox\n","uploadtime":1700327357,"views":17,"p1id":"staymox","p2id":"udangel","formatid":"gen9ou","rating":1437,"private":0,"password":""}