{"id":"gen9ou-1997990787","p1":"Anisstad","p2":"maralli","format":"[Gen 9] OU","log":"|j|\u2606Anisstad\n|j|\u2606maralli\n|t:|1700876160\n|gametype|singles\n|player|p1|Anisstad|2|1374\n|player|p2|maralli|266|1412\n|teamsize|p1|6\n|teamsize|p2|6\n|gen|9\n|tier|[Gen 9] OU\n|rated|\n|rule|Sleep Clause Mod: Limit one foe put to sleep\n|rule|Species Clause: Limit one of each Pok\u00e9mon\n|rule|OHKO Clause: OHKO moves are banned\n|rule|Evasion Items Clause: Evasion items are banned\n|rule|Evasion Moves Clause: Evasion moves are banned\n|rule|Endless Battle Clause: Forcing endless battles is banned\n|rule|HP Percentage Mod: HP is shown in percentages\n|clearpoke\n|poke|p1|Zapdos|\n|poke|p1|Overqwil, F|\n|poke|p1|Barraskewda, F|\n|poke|p1|Goodra-Hisui, F|\n|poke|p1|Pelipper, M|\n|poke|p1|Drednaw, F|\n|poke|p2|Dragapult, M|\n|poke|p2|Hatterene, F|\n|poke|p2|Ogerpon-Cornerstone, F|\n|poke|p2|Weezing-Galar, M|\n|poke|p2|Heatran, M|\n|poke|p2|Landorus-Therian, M|\n|teampreview\n|\n|t:|1700876167\n|start\n|switch|p1a: Goodra|Goodra-Hisui, F|100\/100\n|switch|p2a: Ogerpon|Ogerpon-Cornerstone, F|100\/100\n|turn|1\n|\n|t:|1700876178\n|move|p2a: Ogerpon|U-turn|p1a: Goodra\n|-resisted|p1a: Goodra\n|-damage|p1a: Goodra|88\/100\n|\n|t:|1700876181\n|switch|p2a: Heatran|Heatran, M|100\/100|[from] U-turn\n|move|p1a: Goodra|Flash Cannon|p2a: Heatran\n|-resisted|p2a: Heatran\n|-damage|p2a: Heatran|94\/100\n|\n|-heal|p2a: Heatran|99\/100|[from] item: Leftovers\n|upkeep\n|turn|2\n|\n|t:|1700876196\n|move|p2a: Heatran|Magma Storm|p1a: Goodra\n|-damage|p1a: Goodra|67\/100\n|-activate|p1a: Goodra|move: Magma Storm|[of] p2a: Heatran\n|move|p1a: Goodra|Hydro Pump|p2a: Heatran\n|-supereffective|p2a: Heatran\n|-damage|p2a: Heatran|44\/100\n|\n|-heal|p2a: Heatran|50\/100|[from] item: Leftovers\n|-damage|p1a: Goodra|55\/100|[from] move: Magma Storm|[partiallytrapped]\n|upkeep\n|turn|3\n|\n|t:|1700876235\n|move|p2a: Heatran|Earth Power|p1a: Goodra\n|-supereffective|p1a: Goodra\n|-damage|p1a: Goodra|28\/100\n|-unboost|p1a: Goodra|spd|1\n|move|p1a: Goodra|Hydro Pump|p2a: Heatran\n|-supereffective|p2a: Heatran\n|-damage|p2a: Heatran|1\/100\n|\n|-heal|p2a: Heatran|7\/100|[from] item: Leftovers\n|-damage|p1a: Goodra|16\/100|[from] move: Magma Storm|[partiallytrapped]\n|upkeep\n|turn|4\n|\n|t:|1700876246\n|move|p2a: Heatran|Earth Power|p1a: Goodra\n|-supereffective|p1a: Goodra\n|-damage|p1a: Goodra|0 fnt\n|faint|p1a: Goodra\n|\n|-heal|p2a: Heatran|13\/100|[from] item: Leftovers\n|upkeep\n|\n|t:|1700876254\n|switch|p1a: Pelipper|Pelipper, M|100\/100\n|-weather|RainDance|[from] ability: Drizzle|[of] p1a: Pelipper\n|turn|5\n|\n|t:|1700876259\n|move|p2a: Heatran|Magma Storm|p1a: Pelipper\n|-resisted|p1a: Pelipper\n|-damage|p1a: Pelipper|84\/100\n|-activate|p1a: Pelipper|move: Magma Storm|[of] p2a: Heatran\n|move|p1a: Pelipper|Chilling Water|p2a: Heatran\n|-supereffective|p2a: Heatran\n|-damage|p2a: Heatran|0 fnt\n|faint|p2a: Heatran\n|\n|-weather|RainDance|[upkeep]\n|-end|p1a: Pelipper|Magma Storm|[partiallytrapped]|[silent]\n|upkeep\n|\n|t:|1700876263\n|switch|p2a: Ogerpon|Ogerpon-Cornerstone, F|100\/100\n|turn|6\n|\n|t:|1700876287\n|move|p2a: Ogerpon|Ivy Cudgel|p1a: Pelipper|[anim] Ivy Cudgel Rock\n|-supereffective|p1a: Pelipper\n|-damage|p1a: Pelipper|0 fnt\n|faint|p1a: Pelipper\n|\n|-weather|RainDance|[upkeep]\n|upkeep\n|\n|t:|1700876306\n|switch|p1a: Barraskewda|Barraskewda, F|100\/100\n|turn|7\n|\n|t:|1700876314\n|switch|p2a: Hatterene|Hatterene, F|100\/100\n|move|p1a: Barraskewda|Close Combat|p2a: Hatterene\n|-resisted|p2a: Hatterene\n|-damage|p2a: Hatterene|87\/100\n|-unboost|p1a: Barraskewda|def|1\n|-unboost|p1a: Barraskewda|spd|1\n|-enditem|p2a: Hatterene|Eject Button\n|-damage|p1a: Barraskewda|91\/100|[from] item: Life Orb\n|\n|t:|1700876323\n|switch|p2a: Weezing|Weezing-Galar, M|100\/100\n|\n|-weather|RainDance|[upkeep]\n|upkeep\n|turn|8\n|\n|t:|1700876333\n|switch|p1a: Drednaw|Drednaw, F|100\/100\n|move|p2a: Weezing|Will-O-Wisp|p1a: Drednaw|[miss]\n|-miss|p2a: Weezing|p1a: Drednaw\n|\n|-weather|RainDance|[upkeep]\n|upkeep\n|turn|9\n|\n|t:|1700876341\n|move|p1a: Drednaw|Shell Smash|p1a: Drednaw\n|-unboost|p1a: Drednaw|def|1\n|-unboost|p1a: Drednaw|spd|1\n|-boost|p1a: Drednaw|atk|2\n|-boost|p1a: Drednaw|spa|2\n|-boost|p1a: Drednaw|spe|2\n|-enditem|p1a: Drednaw|White Herb\n|-clearnegativeboost|p1a: Drednaw|[silent]\n|move|p2a: Weezing|Will-O-Wisp|p1a: Drednaw\n|-status|p1a: Drednaw|brn\n|\n|-weather|RainDance|[upkeep]\n|-damage|p1a: Drednaw|94\/100 brn|[from] brn\n|upkeep\n|turn|10\n|\n|t:|1700876353\n|move|p1a: Drednaw|Shell Smash|p1a: Drednaw\n|-unboost|p1a: Drednaw|def|1\n|-unboost|p1a: Drednaw|spd|1\n|-boost|p1a: Drednaw|atk|2\n|-boost|p1a: Drednaw|spa|2\n|-boost|p1a: Drednaw|spe|2\n|move|p2a: Weezing|Clear Smog|p1a: Drednaw\n|-resisted|p1a: Drednaw\n|-damage|p1a: Drednaw|74\/100 brn\n|-clearboost|p1a: Drednaw\n|\n|-weather|RainDance|[upkeep]\n|-damage|p1a: Drednaw|68\/100 brn|[from] brn\n|upkeep\n|turn|11\n|\n|t:|1700876369\n|move|p1a: Drednaw|Earthquake|p2a: Weezing\n|-immune|p2a: Weezing|[from] ability: Levitate\n|move|p2a: Weezing|Clear Smog|p1a: Drednaw\n|-resisted|p1a: Drednaw\n|-damage|p1a: Drednaw|54\/100 brn\n|-clearboost|p1a: Drednaw\n|\n|-weather|RainDance|[upkeep]\n|-damage|p1a: Drednaw|47\/100 brn|[from] brn\n|upkeep\n|turn|12\n|\n|t:|1700876380\n|switch|p1a: Zapdos|Zapdos|100\/100\n|move|p2a: Weezing|Clear Smog|p1a: Zapdos\n|-damage|p1a: Zapdos|83\/100\n|-clearboost|p1a: Zapdos\n|\n|-weather|none\n|upkeep\n|turn|13\n|\n|t:|1700876390\n|switch|p2a: Landorus|Landorus-Therian, M|100\/100\n|-ability|p2a: Landorus|Intimidate|boost\n|-unboost|p1a: Zapdos|atk|1\n|move|p1a: Zapdos|Hurricane|p2a: Landorus\n|-damage|p2a: Landorus|32\/100\n|-start|p2a: Landorus|confusion\n|\n|upkeep\n|turn|14\n|\n|t:|1700876399\n|-activate|p2a: Landorus|confusion\n|move|p2a: Landorus|Stone Edge|p1a: Zapdos|[miss]\n|-miss|p2a: Landorus|p1a: Zapdos\n|move|p1a: Zapdos|Ancient Power|p2a: Landorus\n|-damage|p2a: Landorus|6\/100\n|-boost|p1a: Zapdos|atk|1\n|-boost|p1a: Zapdos|def|1\n|-boost|p1a: Zapdos|spa|1\n|-boost|p1a: Zapdos|spd|1\n|-boost|p1a: Zapdos|spe|1\n|\n|upkeep\n|turn|15\n|c|\u2606maralli|dam\n|\n|t:|1700876414\n|-activate|p2a: Landorus|confusion\n|-damage|p2a: Landorus|0 fnt|[from] confusion\n|faint|p2a: Landorus\n|move|p1a: Zapdos|Ancient Power|p2: Landorus|[notarget]\n|-fail|p1a: Zapdos\n|\n|upkeep\n|\n|t:|1700876431\n|switch|p2a: Ogerpon|Ogerpon-Cornerstone, F|100\/100\n|turn|16\n|\n|t:|1700876460\n|move|p1a: Zapdos|Hurricane|p2a: Ogerpon\n|-damage|p2a: Ogerpon|19\/100\n|move|p2a: Ogerpon|Ivy Cudgel|p1a: Zapdos|[anim] Ivy Cudgel Rock\n|-supereffective|p1a: Zapdos\n|-damage|p1a: Zapdos|27\/100\n|\n|upkeep\n|turn|17\n|\n|t:|1700876477\n|move|p1a: Zapdos|Roost|p1a: Zapdos\n|-heal|p1a: Zapdos|77\/100\n|-singleturn|p1a: Zapdos|move: Roost\n|move|p2a: Ogerpon|Ivy Cudgel|p1a: Zapdos|[anim] Ivy Cudgel Rock\n|-damage|p1a: Zapdos|47\/100\n|\n|upkeep\n|turn|18\n|\n|t:|1700876487\n|move|p1a: Zapdos|Roost|p1a: Zapdos\n|-heal|p1a: Zapdos|97\/100\n|-singleturn|p1a: Zapdos|move: Roost\n|move|p2a: Ogerpon|Ivy Cudgel|p1a: Zapdos|[anim] Ivy Cudgel Rock\n|-damage|p1a: Zapdos|70\/100\n|\n|upkeep\n|turn|19\n|\n|t:|1700876494\n|move|p1a: Zapdos|Ancient Power|p2a: Ogerpon\n|-damage|p2a: Ogerpon|0 fnt\n|-boost|p1a: Zapdos|atk|1\n|-boost|p1a: Zapdos|def|1\n|-boost|p1a: Zapdos|spa|1\n|-boost|p1a: Zapdos|spd|1\n|-boost|p1a: Zapdos|spe|1\n|faint|p2a: Ogerpon\n|\n|upkeep\n|c|\u2606maralli|yeah of course\n|\n|t:|1700876505\n|switch|p2a: Weezing|Weezing-Galar, M|100\/100\n|turn|20\n|\n|t:|1700876516\n|-terastallize|p2a: Weezing|Electric\n|move|p1a: Zapdos|Hurricane|p2a: Weezing\n|-resisted|p2a: Weezing\n|-damage|p2a: Weezing|29\/100\n|-start|p2a: Weezing|confusion\n|-activate|p2a: Weezing|confusion\n|-damage|p2a: Weezing|24\/100|[from] confusion\n|\n|-heal|p2a: Weezing|30\/100|[from] item: Leftovers\n|upkeep\n|turn|21\n|\n|t:|1700876527\n|move|p1a: Zapdos|Ancient Power|p2a: Weezing\n|-damage|p2a: Weezing|0 fnt\n|faint|p2a: Weezing\n|\n|upkeep\n|\n|t:|1700876531\n|switch|p2a: Dragapult|Dragapult, M|100\/100\n|turn|22\n|\n|t:|1700876536\n|move|p1a: Zapdos|Hurricane|p2a: Dragapult|[miss]\n|-miss|p1a: Zapdos|p2a: Dragapult\n|move|p2a: Dragapult|Dragon Darts|p1a: Zapdos\n|-damage|p1a: Zapdos|56\/100\n|-anim|p2a: Dragapult|Dragon Darts|p1a: Zapdos\n|-damage|p1a: Zapdos|42\/100\n|\n|upkeep\n|turn|23\n|\n|t:|1700876545\n|move|p1a: Zapdos|Roost|p1a: Zapdos\n|-heal|p1a: Zapdos|92\/100\n|-singleturn|p1a: Zapdos|move: Roost\n|move|p2a: Dragapult|Dragon Darts|p1a: Zapdos\n|-damage|p1a: Zapdos|78\/100\n|-anim|p2a: Dragapult|Dragon Darts|p1a: Zapdos\n|-damage|p1a: Zapdos|65\/100\n|\n|upkeep\n|turn|24\n|\n|t:|1700876553\n|move|p1a: Zapdos|Hurricane|p2a: Dragapult\n|-damage|p2a: Dragapult|0 fnt\n|faint|p2a: Dragapult\n|\n|upkeep\n|\n|t:|1700876556\n|switch|p2a: Hatterene|Hatterene, F|87\/100\n|turn|25\n|\n|t:|1700876562\n|move|p1a: Zapdos|Hurricane|p2a: Hatterene\n|-damage|p2a: Hatterene|0 fnt\n|faint|p2a: Hatterene\n|\n|win|Anisstad\n|raw|Anisstad's rating: 1374 &rarr; <strong>1397<\/strong><br \/>(+23 for winning)\n|raw|maralli's rating: 1433 &rarr; <strong>1410<\/strong><br \/>(-23 for losing)\n|l|\u2606Anisstad\n","uploadtime":1700876575,"views":10,"p1id":"anisstad","p2id":"maralli","formatid":"gen9ou","rating":1397,"private":0,"password":""}