{"id":"gen9ou-1992625048","p1":"air force wans","p2":"Zapsuki","format":"[Gen 9] OU","log":"|j|\u2606air force wans\n|j|\u2606Zapsuki\n|t:|1700216671\n|gametype|singles\n|player|p1|air force wans|unknown|1547\n|player|p2|Zapsuki|serena-masters2|1664\n|teamsize|p1|6\n|teamsize|p2|6\n|gen|9\n|tier|[Gen 9] OU\n|rated|\n|rule|Sleep Clause Mod: Limit one foe put to sleep\n|rule|Species Clause: Limit one of each Pok\u00e9mon\n|rule|OHKO Clause: OHKO moves are banned\n|rule|Evasion Items Clause: Evasion items are banned\n|rule|Evasion Moves Clause: Evasion moves are banned\n|rule|Endless Battle Clause: Forcing endless battles is banned\n|rule|HP Percentage Mod: HP is shown in percentages\n|clearpoke\n|poke|p1|Samurott-Hisui, M|\n|poke|p1|Iron Treads|\n|poke|p1|Dragonite, F|\n|poke|p1|Ceruledge, F|\n|poke|p1|Dragapult, F|\n|poke|p1|Iron Valiant|\n|poke|p2|Dragonite, F|\n|poke|p2|Garchomp, M|\n|poke|p2|Kommo-o, F|\n|poke|p2|Dragapult, M|\n|poke|p2|Tinkaton, F|\n|poke|p2|Walking Wake|\n|teampreview\n|inactive|Battle timer is ON: inactive players will automatically lose when time's up. (requested by Zapsuki)\n|\n|t:|1700216685\n|start\n|switch|p1a: Iron Treads|Iron Treads|100\/100\n|switch|p2a: Walking Wake|Walking Wake|100\/100\n|-enditem|p1a: Iron Treads|Booster Energy\n|-activate|p1a: Iron Treads|ability: Quark Drive|[fromitem]\n|-start|p1a: Iron Treads|quarkdrivespe\n|turn|1\n|\n|t:|1700216699\n|move|p1a: Iron Treads|Stealth Rock|p2a: Walking Wake\n|-sidestart|p2: Zapsuki|move: Stealth Rock\n|move|p2a: Walking Wake|Scald|p1a: Iron Treads\n|-supereffective|p1a: Iron Treads\n|-damage|p1a: Iron Treads|0 fnt\n|faint|p1a: Iron Treads\n|-end|p1a: Iron Treads|Quark Drive|[silent]\n|\n|upkeep\n|\n|t:|1700216703\n|switch|p1a: Samurott|Samurott-Hisui, M|100\/100\n|turn|2\n|\n|t:|1700216707\n|move|p2a: Walking Wake|Draco Meteor|p1a: Samurott\n|-damage|p1a: Samurott|2\/100\n|-unboost|p2a: Walking Wake|spa|2\n|-enditem|p2a: Walking Wake|Eject Pack\n|\n|t:|1700216709\n|-end|p2a: Walking Wake|Protosynthesis|[silent]\n|switch|p2a: Garchomp|Garchomp, M|100\/100\n|-damage|p2a: Garchomp|94\/100|[from] Stealth Rock\n|move|p1a: Samurott|Ceaseless Edge|p2a: Garchomp\n|-damage|p2a: Garchomp|47\/100\n|-damage|p1a: Samurott|0 fnt|[from] ability: Rough Skin|[of] p2a: Garchomp\n|faint|p1a: Samurott\n|\n|upkeep\n|\n|t:|1700216719\n|switch|p1a: Iron Valiant|Iron Valiant|100\/100\n|-enditem|p1a: Iron Valiant|Booster Energy\n|-activate|p1a: Iron Valiant|ability: Quark Drive|[fromitem]\n|-start|p1a: Iron Valiant|quarkdrivespe\n|turn|3\n|\n|t:|1700216735\n|move|p1a: Iron Valiant|Calm Mind|p1a: Iron Valiant\n|-boost|p1a: Iron Valiant|spa|1\n|-boost|p1a: Iron Valiant|spd|1\n|move|p2a: Garchomp|Earthquake|p1a: Iron Valiant\n|-damage|p1a: Iron Valiant|45\/100\n|\n|upkeep\n|turn|4\n|\n|t:|1700216740\n|switch|p2a: Tinkaton|Tinkaton, F, shiny|100\/100\n|-damage|p2a: Tinkaton|94\/100|[from] Stealth Rock\n|-ability|p2a: Tinkaton|Mold Breaker\n|move|p1a: Iron Valiant|Moonblast|p2a: Tinkaton\n|-resisted|p2a: Tinkaton\n|-damage|p2a: Tinkaton|71\/100\n|\n|-heal|p2a: Tinkaton|77\/100|[from] item: Leftovers\n|upkeep\n|turn|5\n|\n|t:|1700216765\n|move|p1a: Iron Valiant|Vacuum Wave|p2a: Tinkaton\n|-damage|p2a: Tinkaton|59\/100\n|move|p2a: Tinkaton|Thunder Wave|p1a: Iron Valiant\n|-status|p1a: Iron Valiant|par\n|\n|-heal|p2a: Tinkaton|65\/100|[from] item: Leftovers\n|upkeep\n|turn|6\n|\n|t:|1700216770\n|move|p1a: Iron Valiant|Vacuum Wave|p2a: Tinkaton\n|-crit|p2a: Tinkaton\n|-damage|p2a: Tinkaton|35\/100\n|move|p2a: Tinkaton|Gigaton Hammer|p1a: Iron Valiant\n|-supereffective|p1a: Iron Valiant\n|-damage|p1a: Iron Valiant|0 fnt\n|faint|p1a: Iron Valiant\n|-end|p1a: Iron Valiant|Quark Drive|[silent]\n|\n|-heal|p2a: Tinkaton|41\/100|[from] item: Leftovers\n|upkeep\n|\n|t:|1700216774\n|switch|p1a: Ceruledge|Ceruledge, F|100\/100\n|-item|p1a: Ceruledge|Air Balloon\n|turn|7\n|\n|t:|1700216784\n|move|p1a: Ceruledge|Bitter Blade|p2a: Tinkaton\n|-supereffective|p2a: Tinkaton\n|-damage|p2a: Tinkaton|0 fnt\n|faint|p2a: Tinkaton\n|\n|upkeep\n|\n|t:|1700216801\n|switch|p2a: Walking Wake|Walking Wake|100\/100\n|-damage|p2a: Walking Wake|88\/100|[from] Stealth Rock\n|turn|8\n|inactive|Zapsuki has 120 seconds left.\n|\n|t:|1700216829\n|-terastallize|p1a: Ceruledge|Grass\n|move|p2a: Walking Wake|Scald|p1a: Ceruledge\n|-resisted|p1a: Ceruledge\n|-damage|p1a: Ceruledge|78\/100\n|-enditem|p1a: Ceruledge|Air Balloon\n|move|p1a: Ceruledge|Bulk Up|p1a: Ceruledge\n|-boost|p1a: Ceruledge|atk|1\n|-boost|p1a: Ceruledge|def|1\n|\n|upkeep\n|turn|9\n|inactive|Zapsuki has 120 seconds left.\n|\n|t:|1700216859\n|move|p2a: Walking Wake|Scald|p1a: Ceruledge\n|-resisted|p1a: Ceruledge\n|-damage|p1a: Ceruledge|58\/100\n|move|p1a: Ceruledge|Bitter Blade|p2a: Walking Wake\n|-resisted|p2a: Walking Wake\n|-damage|p2a: Walking Wake|68\/100\n|-heal|p1a: Ceruledge|70\/100|[from] drain|[of] p2a: Walking Wake\n|\n|upkeep\n|turn|10\n|inactive|Zapsuki has 90 seconds left.\n|\n|t:|1700216885\n|move|p2a: Walking Wake|Scald|p1a: Ceruledge\n|-resisted|p1a: Ceruledge\n|-damage|p1a: Ceruledge|48\/100\n|move|p1a: Ceruledge|Bulk Up|p1a: Ceruledge\n|-boost|p1a: Ceruledge|atk|1\n|-boost|p1a: Ceruledge|def|1\n|\n|upkeep\n|turn|11\n|\n|t:|1700216888\n|move|p2a: Walking Wake|Draco Meteor|p1a: Ceruledge\n|-damage|p1a: Ceruledge|0 fnt\n|-unboost|p2a: Walking Wake|spa|2\n|faint|p1a: Ceruledge\n|\n|upkeep\n|\n|t:|1700216897\n|switch|p1a: Dragapult|Dragapult, F|100\/100\n|turn|12\n|\n|t:|1700216912\n|move|p1a: Dragapult|Thunder Wave|p2a: Walking Wake|[miss]\n|-miss|p1a: Dragapult|p2a: Walking Wake\n|move|p2a: Walking Wake|Draco Meteor|p1a: Dragapult\n|-supereffective|p1a: Dragapult\n|-damage|p1a: Dragapult|13\/100\n|-unboost|p2a: Walking Wake|spa|2\n|\n|upkeep\n|turn|13\n|\n|t:|1700216917\n|move|p1a: Dragapult|Draco Meteor|p2a: Walking Wake\n|-supereffective|p2a: Walking Wake\n|-damage|p2a: Walking Wake|0 fnt\n|-unboost|p1a: Dragapult|spa|2\n|faint|p2a: Walking Wake\n|-end|p2a: Walking Wake|Protosynthesis|[silent]\n|\n|upkeep\n|\n|t:|1700216936\n|switch|p2a: Kommo-o|Kommo-o, F|100\/100\n|turn|14\n|\n|t:|1700216948\n|move|p1a: Dragapult|Thunder Wave|p2a: Kommo-o\n|-status|p2a: Kommo-o|par\n|move|p2a: Kommo-o|Flash Cannon|p1a: Dragapult\n|-damage|p1a: Dragapult|0 fnt\n|faint|p1a: Dragapult\n|\n|upkeep\n|\n|t:|1700216954\n|switch|p1a: Dragonite|Dragonite, F|100\/100\n|turn|15\n|inactive|Zapsuki has 90 seconds left.\n|\n|t:|1700216980\n|move|p1a: Dragonite|Outrage|p2a: Kommo-o\n|-supereffective|p2a: Kommo-o\n|-damage|p2a: Kommo-o|0 fnt\n|faint|p2a: Kommo-o\n|\n|upkeep\n|\n|t:|1700216983\n|switch|p2a: Dragapult|Dragapult, M|100\/100\n|turn|16\n|\n|t:|1700216985\n|-terastallize|p2a: Dragapult|Fairy\n|move|p2a: Dragapult|Dragon Darts|p1a: Dragonite\n|-supereffective|p1a: Dragonite\n|-damage|p1a: Dragonite|77\/100\n|-anim|p2a: Dragapult|Dragon Darts|p1a: Dragonite\n|-supereffective|p1a: Dragonite\n|-damage|p1a: Dragonite|32\/100\n|move|p1a: Dragonite|Outrage|p2a: Dragapult|[from]lockedmove\n|-immune|p2a: Dragapult\n|\n|upkeep\n|turn|17\n|\n|t:|1700216988\n|move|p2a: Dragapult|Dragon Darts|p1a: Dragonite\n|-supereffective|p1a: Dragonite\n|-damage|p1a: Dragonite|0 fnt\n|faint|p1a: Dragonite\n|\n|win|Zapsuki\n|raw|air force wans's rating: 1547 &rarr; <strong>1533<\/strong><br \/>(-14 for losing)\n|raw|Zapsuki's rating: 1664 &rarr; <strong>1678<\/strong><br \/>(+14 for winning)\n|l|\u2606air force wans\n","uploadtime":1700217008,"views":12,"p1id":"airforcewans","p2id":"zapsuki","formatid":"gen9ou","rating":1533,"private":0,"password":""}