{"id":"gen9ou-1990283715","p1":"Seaslugg22","p2":"Squi101","format":"[Gen 9] OU","log":"|j|\u2606Seaslugg22\n|j|\u2606Squi101\n|t:|1699950467\n|gametype|singles\n|player|p1|Seaslugg22|grusha|1247\n|player|p2|Squi101|169|1308\n|teamsize|p1|6\n|teamsize|p2|6\n|gen|9\n|tier|[Gen 9] OU\n|rated|\n|rule|Sleep Clause Mod: Limit one foe put to sleep\n|rule|Species Clause: Limit one of each Pok\u00e9mon\n|rule|OHKO Clause: OHKO moves are banned\n|rule|Evasion Items Clause: Evasion items are banned\n|rule|Evasion Moves Clause: Evasion moves are banned\n|rule|Endless Battle Clause: Forcing endless battles is banned\n|rule|HP Percentage Mod: HP is shown in percentages\n|clearpoke\n|poke|p1|Cinderace, M|\n|poke|p1|Indeedee, M|\n|poke|p1|Dragapult, M|\n|poke|p1|Sneasler, M|\n|poke|p1|Slowking-Galar, M|\n|poke|p1|Dondozo, M|\n|poke|p2|Thundurus-Therian, M|\n|poke|p2|Sinistcha|\n|poke|p2|Ogerpon-Wellspring, F|\n|poke|p2|Torkoal, M|\n|poke|p2|Kingambit, M|\n|poke|p2|Blissey, F|\n|teampreview\n|inactive|Battle timer is ON: inactive players will automatically lose when time's up. (requested by Seaslugg22)\n|\n|t:|1699950487\n|start\n|switch|p1a: Dragapult|Dragapult, M|100\/100\n|switch|p2a: Ogerpon|Ogerpon-Wellspring, F|100\/100\n|turn|1\n|\n|t:|1699950495\n|move|p1a: Dragapult|U-turn|p2a: Ogerpon\n|-supereffective|p2a: Ogerpon\n|-damage|p2a: Ogerpon|7\/100\n|\n|t:|1699950497\n|switch|p1a: Dondozo|Dondozo, M|100\/100|[from] U-turn\n|move|p2a: Ogerpon|Spikes|p1a: Dondozo\n|-sidestart|p1: Seaslugg22|Spikes\n|\n|upkeep\n|turn|2\n|\n|t:|1699950503\n|move|p2a: Ogerpon|Taunt|p1a: Dondozo\n|-start|p1a: Dondozo|move: Taunt\n|move|p1a: Dondozo|Liquidation|p2a: Ogerpon\n|-heal|p2a: Ogerpon|32\/100|[from] ability: Water Absorb|[of] p1a: Dondozo\n|\n|upkeep\n|turn|3\n|\n|t:|1699950510\n|move|p2a: Ogerpon|Spikes|p1a: Dondozo\n|-sidestart|p1: Seaslugg22|Spikes\n|move|p1a: Dondozo|Body Press|p2a: Ogerpon\n|-damage|p2a: Ogerpon|0 fnt\n|faint|p2a: Ogerpon\n|\n|upkeep\n|\n|t:|1699950517\n|switch|p2a: Thundurus|Thundurus-Therian, M, shiny|100\/100\n|turn|4\n|\n|t:|1699950521\n|switch|p1a: Slowking|Slowking-Galar, M|100\/100\n|move|p2a: Thundurus|Volt Switch|p1a: Slowking\n|-damage|p1a: Slowking|64\/100\n|\n|t:|1699950527\n|switch|p2a: Kingambit|Kingambit, M|100\/100|[from] Volt Switch\n|-activate|p2a: Kingambit|ability: Supreme Overlord\n|-start|p2a: Kingambit|fallen1|[silent]\n|\n|upkeep\n|turn|5\n|\n|t:|1699950539\n|switch|p1a: Dondozo|Dondozo, M|100\/100\n|-damage|p1a: Dondozo|84\/100|[from] Spikes\n|move|p2a: Kingambit|Kowtow Cleave|p1a: Dondozo\n|-damage|p1a: Dondozo|55\/100\n|-damage|p2a: Kingambit|84\/100|[from] item: Rocky Helmet|[of] p1a: Dondozo\n|\n|upkeep\n|turn|6\n|\n|t:|1699950549\n|-end|p2a: Kingambit|fallen1|[silent]\n|switch|p2a: Sinistcha|Sinistcha|100\/100\n|switch|p1a: Dragapult|Dragapult, M|100\/100\n|-damage|p1a: Dragapult|84\/100|[from] Spikes\n|\n|upkeep\n|turn|7\n|\n|t:|1699950562\n|move|p1a: Dragapult|Dragon Darts|p2a: Sinistcha\n|-damage|p2a: Sinistcha|75\/100\n|-anim|p1a: Dragapult|Dragon Darts|p2a: Sinistcha\n|-damage|p2a: Sinistcha|49\/100\n|move|p2a: Sinistcha|Strength Sap|p1a: Dragapult\n|-unboost|p1a: Dragapult|atk|1\n|-heal|p2a: Sinistcha|100\/100\n|\n|upkeep\n|turn|8\n|\n|t:|1699950577\n|switch|p1a: Indeedee|Indeedee, M|100\/100\n|-damage|p1a: Indeedee|84\/100|[from] Spikes\n|-fieldstart|move: Psychic Terrain|[from] ability: Psychic Surge|[of] p1a: Indeedee\n|move|p2a: Sinistcha|Strength Sap|p1a: Indeedee\n|-unboost|p1a: Indeedee|atk|1\n|\n|upkeep\n|turn|9\n|\n|t:|1699950586\n|move|p1a: Indeedee|Trick|p2a: Sinistcha\n|-activate|p1a: Indeedee|move: Trick|[of] p2a: Sinistcha\n|-item|p2a: Sinistcha|Choice Scarf|[from] move: Trick\n|-item|p1a: Indeedee|Leftovers|[from] move: Trick\n|move|p2a: Sinistcha|Matcha Gotcha|p1a: Indeedee\n|-damage|p1a: Indeedee|38\/100\n|\n|-heal|p1a: Indeedee|44\/100|[from] item: Leftovers\n|upkeep\n|turn|10\n|\n|t:|1699950596\n|switch|p2a: Kingambit|Kingambit, M|84\/100\n|-activate|p2a: Kingambit|ability: Supreme Overlord\n|-start|p2a: Kingambit|fallen1|[silent]\n|move|p1a: Indeedee|Healing Wish|p1a: Indeedee\n|faint|p1a: Indeedee\n|\n|upkeep\n|\n|t:|1699950599\n|switch|p1a: Sneasler|Sneasler, M|100\/100\n|-damage|p1a: Sneasler|84\/100|[from] Spikes\n|-enditem|p1a: Sneasler|Psychic Seed\n|-boost|p1a: Sneasler|spd|1|[from] item: Psychic Seed\n|turn|11\n|\n|t:|1699950615\n|-terastallize|p1a: Sneasler|Flying\n|move|p1a: Sneasler|Close Combat|p2a: Kingambit\n|-supereffective|p2a: Kingambit\n|-crit|p2a: Kingambit\n|-damage|p2a: Kingambit|0 fnt\n|-unboost|p1a: Sneasler|def|1\n|-unboost|p1a: Sneasler|spd|1\n|faint|p2a: Kingambit\n|-end|p2a: Kingambit|fallen1|[silent]\n|\n|upkeep\n|\n|t:|1699950626\n|switch|p2a: Torkoal|Torkoal, M|100\/100\n|-weather|SunnyDay|[from] ability: Drought|[of] p2a: Torkoal\n|turn|12\n|\n|t:|1699950637\n|move|p1a: Sneasler|Dire Claw|p2a: Torkoal\n|-damage|p2a: Torkoal|66\/100\n|-status|p2a: Torkoal|psn\n|move|p2a: Torkoal|Lava Plume|p1a: Sneasler\n|-damage|p1a: Sneasler|12\/100\n|\n|-weather|SunnyDay|[upkeep]\n|-heal|p2a: Torkoal|72\/100 psn|[from] item: Leftovers\n|-damage|p2a: Torkoal|60\/100 psn|[from] psn\n|-fieldend|move: Psychic Terrain\n|upkeep\n|turn|13\n|\n|t:|1699950651\n|switch|p1a: Cinderace|Cinderace, M|100\/100\n|move|p2a: Torkoal|Lava Plume|p1a: Cinderace\n|-resisted|p1a: Cinderace\n|-damage|p1a: Cinderace|61\/100\n|\n|-weather|SunnyDay|[upkeep]\n|-heal|p2a: Torkoal|66\/100 psn|[from] item: Leftovers\n|-damage|p2a: Torkoal|54\/100 psn|[from] psn\n|upkeep\n|turn|14\n|\n|t:|1699950660\n|move|p1a: Cinderace|Court Change|p1a: Cinderace\n|-start|p1a: Cinderace|typechange|Normal|[from] ability: Libero\n|-swapsideconditions\n|-activate|p1a: Cinderace|move: Court Change\n|move|p2a: Torkoal|Rapid Spin|p1a: Cinderace\n|-damage|p1a: Cinderace|47\/100\n|-boost|p2a: Torkoal|spe|1\n|-sideend|p2: Squi101|Spikes|[from] move: Rapid Spin|[of] p2a: Torkoal\n|\n|-weather|SunnyDay|[upkeep]\n|-heal|p2a: Torkoal|60\/100 psn|[from] item: Leftovers\n|-damage|p2a: Torkoal|48\/100 psn|[from] psn\n|upkeep\n|turn|15\n|\n|t:|1699950671\n|move|p1a: Cinderace|U-turn|p2a: Torkoal\n|-resisted|p2a: Torkoal\n|-damage|p2a: Torkoal|40\/100 psn\n|\n|t:|1699950677\n|switch|p1a: Sneasler|Sneasler, M, tera:Flying|12\/100|[from] U-turn\n|-heal|p1a: Sneasler|100\/100|[from] move: Healing Wish\n|move|p2a: Torkoal|Solar Beam||[still]\n|-prepare|p2a: Torkoal|Solar Beam\n|-anim|p2a: Torkoal|Solar Beam|p1a: Sneasler\n|-resisted|p1a: Sneasler\n|-damage|p1a: Sneasler|77\/100\n|\n|-weather|SunnyDay|[upkeep]\n|-heal|p2a: Torkoal|46\/100 psn|[from] item: Leftovers\n|-damage|p2a: Torkoal|33\/100 psn|[from] psn\n|upkeep\n|turn|16\n|\n|t:|1699950688\n|switch|p1a: Slowking|Slowking-Galar, M|97\/100\n|move|p2a: Torkoal|Lava Plume|p1a: Slowking\n|-damage|p1a: Slowking|69\/100\n|\n|-weather|none\n|-heal|p2a: Torkoal|40\/100 psn|[from] item: Leftovers\n|-damage|p2a: Torkoal|27\/100 psn|[from] psn\n|upkeep\n|turn|17\n|\n|t:|1699950710\n|switch|p2a: Thundurus|Thundurus-Therian, M, shiny|100\/100\n|move|p1a: Slowking|Future Sight|p2a: Thundurus\n|-start|p1a: Slowking|move: Future Sight\n|\n|upkeep\n|turn|18\n|\n|t:|1699950720\n|move|p2a: Thundurus|Thunderbolt|p1a: Slowking\n|-damage|p1a: Slowking|23\/100\n|move|p1a: Slowking|Chilly Reception|p1a: Slowking\n|-weather|Snow\n|\n|t:|1699950726\n|switch|p1a: Dragapult|Dragapult, M|84\/100|[from] Chilly Reception\n|\n|-weather|Snow|[upkeep]\n|upkeep\n|turn|19\n|\n|t:|1699950735\n|switch|p2a: Torkoal|Torkoal, M|27\/100 psn\n|-weather|SunnyDay|[from] ability: Drought|[of] p2a: Torkoal\n|move|p1a: Dragapult|Dragon Darts|p2a: Torkoal\n|-damage|p2a: Torkoal|0 fnt\n|faint|p2a: Torkoal\n|\n|-weather|SunnyDay|[upkeep]\n|-hint|Future Sight did not hit because the target is fainted.\n|upkeep\n|\n|t:|1699950744\n|switch|p2a: Sinistcha|Sinistcha|100\/100\n|turn|20\n|\n|t:|1699950754\n|switch|p1a: Slowking|Slowking-Galar, M|56\/100\n|move|p2a: Sinistcha|Shadow Ball|p1a: Slowking\n|-supereffective|p1a: Slowking\n|-damage|p1a: Slowking|18\/100\n|\n|-weather|SunnyDay|[upkeep]\n|upkeep\n|turn|21\n|\n|t:|1699950761\n|switch|p1a: Dondozo|Dondozo, M|55\/100\n|move|p2a: Sinistcha|Shadow Ball|p1a: Dondozo\n|-damage|p1a: Dondozo|23\/100\n|\n|-weather|SunnyDay|[upkeep]\n|upkeep\n|turn|22\n|\n|t:|1699950774\n|move|p2a: Sinistcha|Shadow Ball|p1a: Dondozo\n|-damage|p1a: Dondozo|0 fnt\n|faint|p1a: Dondozo\n|\n|-weather|SunnyDay|[upkeep]\n|upkeep\n|\n|t:|1699950776\n|switch|p1a: Cinderace|Cinderace, M|47\/100\n|turn|23\n|\n|t:|1699950786\n|move|p1a: Cinderace|Pyro Ball|p2a: Sinistcha\n|-supereffective|p2a: Sinistcha\n|-damage|p2a: Sinistcha|38\/100\n|move|p2a: Sinistcha|Shadow Ball|p1a: Cinderace\n|-damage|p1a: Cinderace|0 fnt\n|faint|p1a: Cinderace\n|\n|-weather|none\n|upkeep\n|\n|t:|1699950792\n|switch|p1a: Dragapult|Dragapult, M|84\/100\n|turn|24\n|\n|t:|1699950810\n|-terastallize|p2a: Sinistcha|Steel\n|move|p1a: Dragapult|Dragon Darts|p2a: Sinistcha\n|-resisted|p2a: Sinistcha\n|-crit|p2a: Sinistcha\n|-damage|p2a: Sinistcha|16\/100\n|-anim|p1a: Dragapult|Dragon Darts|p2a: Sinistcha\n|-resisted|p2a: Sinistcha\n|-damage|p2a: Sinistcha|2\/100\n|move|p2a: Sinistcha|Shadow Ball|p1a: Dragapult\n|-supereffective|p1a: Dragapult\n|-damage|p1a: Dragapult|0 fnt\n|faint|p1a: Dragapult\n|\n|upkeep\n|\n|t:|1699950813\n|switch|p1a: Sneasler|Sneasler, M, tera:Flying|77\/100\n|turn|25\n|\n|t:|1699950823\n|move|p1a: Sneasler|Acrobatics|p2a: Sinistcha\n|-resisted|p2a: Sinistcha\n|-damage|p2a: Sinistcha|0 fnt\n|faint|p2a: Sinistcha\n|\n|upkeep\n|\n|t:|1699950828\n|switch|p2a: Thundurus|Thundurus-Therian, M, shiny|100\/100\n|turn|26\n|\n|t:|1699950836\n|move|p1a: Sneasler|Dire Claw|p2a: Thundurus\n|-damage|p2a: Thundurus|25\/100\n|-status|p2a: Thundurus|slp\n|cant|p2a: Thundurus|slp\n|\n|upkeep\n|turn|27\n|\n|t:|1699950843\n|move|p1a: Sneasler|Dire Claw|p2a: Thundurus\n|-damage|p2a: Thundurus|0 fnt\n|faint|p2a: Thundurus\n|\n|upkeep\n|c|\u2606Squi101|...\n|c|\u2606Squi101|:(\n|\n|t:|1699950851\n|switch|p2a: Blissey|Blissey, F|100\/100\n|turn|28\n|\n|t:|1699950858\n|move|p1a: Sneasler|Close Combat|p2a: Blissey\n|-supereffective|p2a: Blissey\n|-damage|p2a: Blissey|0 fnt\n|-unboost|p1a: Sneasler|def|1\n|-unboost|p1a: Sneasler|spd|1\n|faint|p2a: Blissey\n|\n|win|Seaslugg22\n|raw|Seaslugg22's rating: 1247 &rarr; <strong>1276<\/strong><br \/>(+29 for winning)\n|raw|Squi101's rating: 1308 &rarr; <strong>1285<\/strong><br \/>(-23 for losing)\n|l|\u2606Seaslugg22\n","uploadtime":1699950872,"views":8,"p1id":"seaslugg22","p2id":"squi101","formatid":"gen9ou","rating":1276,"private":0,"password":""}