{"id":"gen9ou-1999471824","p1":"Aman1210","p2":"Skaraptor2.1","format":"[Gen 9] OU","log":"|j|\u2606Aman1210\n|j|\u2606Skaraptor2.1\n|t:|1701085687\n|gametype|singles\n|player|p1|Aman1210|1|1352\n|player|p2|Skaraptor2.1|bodybuilderf-gen9|1342\n|teamsize|p1|6\n|teamsize|p2|6\n|gen|9\n|tier|[Gen 9] OU\n|rated|\n|rule|Sleep Clause Mod: Limit one foe put to sleep\n|rule|Species Clause: Limit one of each Pok\u00e9mon\n|rule|OHKO Clause: OHKO moves are banned\n|rule|Evasion Items Clause: Evasion items are banned\n|rule|Evasion Moves Clause: Evasion moves are banned\n|rule|Endless Battle Clause: Forcing endless battles is banned\n|rule|HP Percentage Mod: HP is shown in percentages\n|clearpoke\n|poke|p1|Dragapult, M|\n|poke|p1|Landorus-Therian, M|\n|poke|p1|Heatran, M|\n|poke|p1|Dondozo, M|\n|poke|p1|Zapdos|\n|poke|p1|Cinderace, F|\n|poke|p2|Ribombee, M|\n|poke|p2|Ogerpon-Wellspring, F|\n|poke|p2|Cinderace, M|\n|poke|p2|Zamazenta-*|\n|poke|p2|Iron Valiant|\n|poke|p2|Kingambit, F|\n|teampreview\n|inactive|Battle timer is ON: inactive players will automatically lose when time's up. (requested by Skaraptor2.1)\n|\n|t:|1701085692\n|start\n|switch|p1a: Landorus|Landorus-Therian, M|100\/100\n|switch|p2a: Transfem|Ogerpon-Wellspring, F|100\/100\n|-ability|p1a: Landorus|Intimidate|boost\n|-unboost|p2a: Transfem|atk|1\n|turn|1\n|\n|t:|1701085709\n|move|p1a: Landorus|U-turn|p2a: Transfem\n|-supereffective|p2a: Transfem\n|-damage|p2a: Transfem|19\/100\n|\n|t:|1701085713\n|switch|p1a: Dondozo|Dondozo, M|100\/100|[from] U-turn\n|move|p2a: Transfem|Knock Off|p1a: Dondozo\n|-damage|p1a: Dondozo|80\/100\n|-damage|p2a: Transfem|2\/100|[from] item: Rocky Helmet|[of] p1a: Dondozo\n|-enditem|p1a: Dondozo|Rocky Helmet|[from] move: Knock Off|[of] p2a: Transfem\n|\n|upkeep\n|turn|2\n|\n|t:|1701085724\n|move|p2a: Transfem|Horn Leech|p1a: Dondozo\n|-supereffective|p1a: Dondozo\n|-damage|p1a: Dondozo|36\/100\n|-heal|p2a: Transfem|39\/100|[from] drain|[of] p1a: Dondozo\n|move|p1a: Dondozo|Body Slam|p2a: Transfem\n|-damage|p2a: Transfem|12\/100\n|\n|upkeep\n|turn|3\n|\n|t:|1701085735\n|switch|p1a: Zapdos|Zapdos|100\/100\n|-ability|p1a: Zapdos|Pressure\n|move|p2a: Transfem|Ivy Cudgel|p1a: Zapdos|[anim] Ivy Cudgel Water\n|-damage|p1a: Zapdos|53\/100\n|\n|upkeep\n|turn|4\n|\n|t:|1701085742\n|move|p2a: Transfem|Knock Off|p1a: Zapdos\n|-damage|p1a: Zapdos|22\/100\n|-enditem|p1a: Zapdos|Heavy-Duty Boots|[from] move: Knock Off|[of] p2a: Transfem\n|move|p1a: Zapdos|Volt Switch|p2a: Transfem\n|-damage|p2a: Transfem|0 fnt\n|faint|p2a: Transfem\n|\n|t:|1701085749\n|switch|p1a: Landorus|Landorus-Therian, M|100\/100|[from] Volt Switch\n|\n|upkeep\n|\n|t:|1701085764\n|switch|p2a: Queengambit|Kingambit, F|100\/100\n|-activate|p2a: Queengambit|ability: Supreme Overlord\n|-start|p2a: Queengambit|fallen1|[silent]\n|turn|5\n|\n|t:|1701085770\n|move|p1a: Landorus|Earthquake|p2a: Queengambit\n|-supereffective|p2a: Queengambit\n|-damage|p2a: Queengambit|12\/100\n|move|p2a: Queengambit|Swords Dance|p2a: Queengambit\n|-boost|p2a: Queengambit|atk|2\n|\n|-heal|p2a: Queengambit|19\/100|[from] item: Leftovers\n|upkeep\n|turn|6\n|\n|t:|1701085782\n|switch|p1a: Dondozo|Dondozo, M|36\/100\n|move|p2a: Queengambit|Sucker Punch||[still]\n|-fail|p2a: Queengambit\n|\n|-heal|p2a: Queengambit|25\/100|[from] item: Leftovers\n|upkeep\n|turn|7\n|\n|t:|1701085790\n|move|p2a: Queengambit|Low Kick|p1a: Dondozo\n|-damage|p1a: Dondozo|10\/100\n|move|p1a: Dondozo|Liquidation|p2a: Queengambit\n|-damage|p2a: Queengambit|1\/100\n|-unboost|p2a: Queengambit|def|1\n|\n|-heal|p2a: Queengambit|8\/100|[from] item: Leftovers\n|upkeep\n|turn|8\n|\n|t:|1701085799\n|move|p2a: Queengambit|Iron Head|p1a: Dondozo\n|-resisted|p1a: Dondozo\n|-damage|p1a: Dondozo|0 fnt\n|faint|p1a: Dondozo\n|\n|-heal|p2a: Queengambit|14\/100|[from] item: Leftovers\n|upkeep\n|\n|t:|1701085806\n|switch|p1a: Landorus|Landorus-Therian, M|100\/100\n|-ability|p1a: Landorus|Intimidate|boost\n|-unboost|p2a: Queengambit|atk|1\n|turn|9\n|\n|t:|1701085813\n|move|p2a: Queengambit|Sucker Punch|p1a: Landorus\n|-damage|p1a: Landorus|20\/100\n|move|p1a: Landorus|Earthquake|p2a: Queengambit\n|-supereffective|p2a: Queengambit\n|-damage|p2a: Queengambit|0 fnt\n|faint|p2a: Queengambit\n|-end|p2a: Queengambit|fallen1|[silent]\n|\n|upkeep\n|\n|t:|1701085823\n|switch|p2a: Bigender|Iron Valiant|100\/100\n|-enditem|p2a: Bigender|Booster Energy\n|-activate|p2a: Bigender|ability: Quark Drive|[fromitem]\n|-start|p2a: Bigender|quarkdrivespe\n|turn|10\n|\n|t:|1701085826\n|-terastallize|p1a: Landorus|Ground\n|move|p2a: Bigender|Moonblast|p1a: Landorus\n|-damage|p1a: Landorus|0 fnt\n|faint|p1a: Landorus\n|\n|upkeep\n|c|\u2606Skaraptor2.1|N O\n|\n|t:|1701085838\n|switch|p1a: Cinderace|Cinderace, F|100\/100\n|turn|11\n|\n|t:|1701085843\n|move|p2a: Bigender|Destiny Bond|p2a: Bigender\n|-singlemove|p2a: Bigender|Destiny Bond\n|move|p1a: Cinderace|Pyro Ball|p2a: Bigender\n|-damage|p2a: Bigender|25\/100\n|\n|upkeep\n|turn|12\n|\n|t:|1701085852\n|move|p2a: Bigender|Thunderbolt|p1a: Cinderace\n|-crit|p1a: Cinderace\n|-damage|p1a: Cinderace|39\/100\n|-status|p1a: Cinderace|par\n|move|p1a: Cinderace|Pyro Ball|p2a: Bigender\n|-damage|p2a: Bigender|0 fnt\n|faint|p2a: Bigender\n|-end|p2a: Bigender|Quark Drive|[silent]\n|\n|upkeep\n|\n|t:|1701085865\n|switch|p2a: Twink again|Cinderace, M|100\/100\n|turn|13\n|\n|t:|1701085874\n|switch|p1a: Zapdos|Zapdos|22\/100\n|-ability|p1a: Zapdos|Pressure\n|move|p2a: Twink again|High Jump Kick|p1a: Zapdos\n|-start|p2a: Twink again|typechange|Fighting|[from] ability: Libero\n|-resisted|p1a: Zapdos\n|-damage|p1a: Zapdos|0 fnt\n|faint|p1a: Zapdos\n|\n|upkeep\n|\n|t:|1701085887\n|switch|p1a: Dragapult|Dragapult, M|100\/100\n|turn|14\n|\n|t:|1701085889\n|switch|p2a: Defender of Trans|Zamazenta, shiny|100\/100\n|-ability|p2a: Defender of Trans|Dauntless Shield|boost\n|-boost|p2a: Defender of Trans|def|1\n|move|p1a: Dragapult|Dragon Dance|p1a: Dragapult\n|-boost|p1a: Dragapult|atk|1\n|-boost|p1a: Dragapult|spe|1\n|\n|upkeep\n|turn|15\n|\n|t:|1701085901\n|move|p1a: Dragapult|Dragon Darts|p2a: Defender of Trans\n|-damage|p2a: Defender of Trans|78\/100\n|-anim|p1a: Dragapult|Dragon Darts|p2a: Defender of Trans\n|-damage|p2a: Defender of Trans|58\/100\n|-damage|p1a: Dragapult|91\/100|[from] item: Life Orb\n|move|p2a: Defender of Trans|Iron Defense|p2a: Defender of Trans\n|-boost|p2a: Defender of Trans|def|2\n|\n|-heal|p2a: Defender of Trans|64\/100|[from] item: Leftovers\n|upkeep\n|turn|16\n|\n|t:|1701085912\n|move|p1a: Dragapult|Dragon Dance|p1a: Dragapult\n|-boost|p1a: Dragapult|atk|1\n|-boost|p1a: Dragapult|spe|1\n|move|p2a: Defender of Trans|Iron Defense|p2a: Defender of Trans\n|-boost|p2a: Defender of Trans|def|2\n|\n|-heal|p2a: Defender of Trans|70\/100|[from] item: Leftovers\n|upkeep\n|turn|17\n|\n|t:|1701085915\n|move|p1a: Dragapult|Dragon Dance|p1a: Dragapult\n|-boost|p1a: Dragapult|atk|1\n|-boost|p1a: Dragapult|spe|1\n|move|p2a: Defender of Trans|Iron Defense|p2a: Defender of Trans\n|-boost|p2a: Defender of Trans|def|1\n|\n|-heal|p2a: Defender of Trans|76\/100|[from] item: Leftovers\n|upkeep\n|turn|18\n|\n|t:|1701085919\n|move|p1a: Dragapult|Dragon Dance|p1a: Dragapult\n|-boost|p1a: Dragapult|atk|1\n|-boost|p1a: Dragapult|spe|1\n|move|p2a: Defender of Trans|Crunch|p1a: Dragapult\n|-supereffective|p1a: Dragapult\n|-damage|p1a: Dragapult|23\/100\n|\n|-heal|p2a: Defender of Trans|82\/100|[from] item: Leftovers\n|upkeep\n|turn|19\n|\n|t:|1701085922\n|move|p1a: Dragapult|Flamethrower|p2a: Defender of Trans\n|-damage|p2a: Defender of Trans|60\/100\n|-damage|p1a: Dragapult|13\/100|[from] item: Life Orb\n|move|p2a: Defender of Trans|Crunch|p1a: Dragapult\n|-supereffective|p1a: Dragapult\n|-crit|p1a: Dragapult\n|-damage|p1a: Dragapult|0 fnt\n|faint|p1a: Dragapult\n|\n|-heal|p2a: Defender of Trans|66\/100|[from] item: Leftovers\n|upkeep\n|-message|Aman1210 forfeited.\n|\n|win|Skaraptor2.1\n|raw|Aman1210's rating: 1352 &rarr; <strong>1331<\/strong><br \/>(-21 for losing)\n|raw|Skaraptor2.1's rating: 1342 &rarr; <strong>1363<\/strong><br \/>(+21 for winning)\n|l|\u2606Aman1210\n","uploadtime":1701085931,"views":2,"p1id":"aman1210","p2id":"skaraptor21","formatid":"gen9ou","rating":1331,"private":0,"password":""}