{"id":"gen9ou-1988823050","p1":"Granny Pie","p2":"Test4823","format":"[Gen 9] OU","log":"|j|\u2606Granny Pie\n|j|\u2606Test4823\n|t:|1699768485\n|gametype|singles\n|player|p1|Granny Pie|medium|1303\n|player|p2|Test4823|101|1354\n|teamsize|p1|6\n|teamsize|p2|6\n|gen|9\n|tier|[Gen 9] OU\n|rated|\n|rule|Sleep Clause Mod: Limit one foe put to sleep\n|rule|Species Clause: Limit one of each Pok\u00e9mon\n|rule|OHKO Clause: OHKO moves are banned\n|rule|Evasion Items Clause: Evasion items are banned\n|rule|Evasion Moves Clause: Evasion moves are banned\n|rule|Endless Battle Clause: Forcing endless battles is banned\n|rule|HP Percentage Mod: HP is shown in percentages\n|clearpoke\n|poke|p1|Landorus-Therian, M|\n|poke|p1|Slowking-Galar, F|\n|poke|p1|Enamorus, F|\n|poke|p1|Dragapult, F|\n|poke|p1|Zapdos|\n|poke|p1|Dragonite, F|\n|poke|p2|Enamorus, F|\n|poke|p2|Toxapex, F|\n|poke|p2|Meowscarada, M|\n|poke|p2|Heatran, M|\n|poke|p2|Goodra-Hisui, M|\n|poke|p2|Landorus-Therian, M|\n|teampreview\n|inactive|Battle timer is ON: inactive players will automatically lose when time's up. (requested by Test4823)\n|\n|t:|1699768497\n|start\n|switch|p1a: Dragapult|Dragapult, F|100\/100\n|switch|p2a: Landorus|Landorus-Therian, M|100\/100\n|-ability|p2a: Landorus|Intimidate|boost\n|-unboost|p1a: Dragapult|atk|1\n|turn|1\n|\n|t:|1699768508\n|switch|p2a: Toxapex|Toxapex, F|100\/100\n|move|p1a: Dragapult|Substitute|p1a: Dragapult\n|-start|p1a: Dragapult|Substitute\n|-damage|p1a: Dragapult|76\/100\n|\n|-heal|p1a: Dragapult|82\/100|[from] item: Leftovers\n|upkeep\n|turn|2\n|\n|t:|1699768512\n|move|p1a: Dragapult|Dragon Dance|p1a: Dragapult\n|-boost|p1a: Dragapult|atk|1\n|-boost|p1a: Dragapult|spe|1\n|move|p2a: Toxapex|Ice Beam|p1a: Dragapult\n|-supereffective|p1a: Dragapult\n|-end|p1a: Dragapult|Substitute\n|\n|-heal|p1a: Dragapult|88\/100|[from] item: Leftovers\n|upkeep\n|turn|3\n|\n|t:|1699768521\n|move|p1a: Dragapult|Phantom Force||[still]\n|-prepare|p1a: Dragapult|Phantom Force\n|move|p2a: Toxapex|Ice Beam|p1a: Dragapult|[miss]\n|-miss|p2a: Toxapex|p1a: Dragapult\n|\n|-heal|p1a: Dragapult|94\/100|[from] item: Leftovers\n|upkeep\n|turn|4\n|\n|t:|1699768525\n|move|p1a: Dragapult|Phantom Force|p2a: Toxapex|[from]lockedmove\n|-damage|p2a: Toxapex|67\/100\n|move|p2a: Toxapex|Ice Beam|p1a: Dragapult\n|-supereffective|p1a: Dragapult\n|-damage|p1a: Dragapult|36\/100\n|\n|-heal|p1a: Dragapult|42\/100|[from] item: Leftovers\n|upkeep\n|turn|5\n|\n|t:|1699768533\n|switch|p1a: Slowking|Slowking-Galar, F|100\/100\n|move|p2a: Toxapex|Ice Beam|p1a: Slowking\n|-damage|p1a: Slowking|84\/100\n|\n|upkeep\n|turn|6\n|\n|t:|1699768543\n|switch|p2a: Goodra|Goodra-Hisui, M|100\/100\n|move|p1a: Slowking|Future Sight|p2a: Goodra\n|-start|p1a: Slowking|move: Future Sight\n|\n|upkeep\n|turn|7\n|\n|t:|1699768548\n|move|p1a: Slowking|Thunder Wave|p2a: Goodra\n|-status|p2a: Goodra|par\n|move|p2a: Goodra|Dragon Tail|p1a: Slowking\n|-damage|p1a: Slowking|68\/100\n|drag|p1a: Dragapult|Dragapult, F|42\/100\n|\n|-heal|p1a: Dragapult|48\/100|[from] item: Leftovers\n|upkeep\n|turn|8\n|\n|t:|1699768556\n|move|p1a: Dragapult|Substitute|p1a: Dragapult\n|-start|p1a: Dragapult|Substitute\n|-damage|p1a: Dragapult|23\/100\n|cant|p2a: Goodra|par\n|\n|-end|p2a: Goodra|move: Future Sight\n|-resisted|p2a: Goodra\n|-damage|p2a: Goodra|87\/100 par\n|-heal|p1a: Dragapult|29\/100|[from] item: Leftovers\n|-heal|p2a: Goodra|93\/100 par|[from] item: Leftovers\n|upkeep\n|turn|9\n|\n|t:|1699768561\n|switch|p2a: Meowscarada|Meowscarada, M|100\/100\n|move|p1a: Dragapult|Dragon Dance|p1a: Dragapult\n|-boost|p1a: Dragapult|atk|1\n|-boost|p1a: Dragapult|spe|1\n|\n|-heal|p1a: Dragapult|35\/100|[from] item: Leftovers\n|upkeep\n|turn|10\n|\n|t:|1699768577\n|switch|p2a: Goodra|Goodra-Hisui, M|93\/100 par\n|move|p1a: Dragapult|Dragon Darts|p2a: Goodra\n|-damage|p2a: Goodra|58\/100 par\n|-anim|p1a: Dragapult|Dragon Darts|p2a: Goodra\n|-damage|p2a: Goodra|22\/100 par\n|\n|-heal|p1a: Dragapult|41\/100|[from] item: Leftovers\n|-heal|p2a: Goodra|28\/100 par|[from] item: Leftovers\n|upkeep\n|turn|11\n|\n|t:|1699768586\n|switch|p2a: Enamorus|Enamorus, F|100\/100\n|move|p1a: Dragapult|Dragon Darts|p2a: Enamorus\n|-immune|p2a: Enamorus\n|\n|-heal|p1a: Dragapult|47\/100|[from] item: Leftovers\n|upkeep\n|turn|12\n|\n|t:|1699768595\n|move|p1a: Dragapult|Phantom Force||[still]\n|-prepare|p1a: Dragapult|Phantom Force\n|move|p2a: Enamorus|Moonblast|p1a: Dragapult|[miss]\n|-miss|p2a: Enamorus|p1a: Dragapult\n|\n|-heal|p1a: Dragapult|53\/100|[from] item: Leftovers\n|upkeep\n|turn|13\n|\n|t:|1699768598\n|-terastallize|p2a: Enamorus|Normal\n|move|p1a: Dragapult|Phantom Force|p2a: Enamorus|[from]lockedmove\n|-immune|p2a: Enamorus\n|move|p2a: Enamorus|Moonblast|p1a: Dragapult\n|-supereffective|p1a: Dragapult\n|-end|p1a: Dragapult|Substitute\n|-damage|p2a: Enamorus|91\/100|[from] item: Life Orb\n|\n|-heal|p1a: Dragapult|59\/100|[from] item: Leftovers\n|upkeep\n|turn|14\n|c|\u2606Granny Pie|Real af\n|c|\u2606Test4823|thanks, i'll a little nervous though\n|\n|t:|1699768621\n|switch|p2a: Toxapex|Toxapex, F|99\/100\n|move|p1a: Dragapult|Dragon Darts|p2a: Toxapex\n|-damage|p2a: Toxapex|71\/100\n|-anim|p1a: Dragapult|Dragon Darts|p2a: Toxapex\n|-damage|p2a: Toxapex|42\/100\n|\n|-heal|p1a: Dragapult|65\/100|[from] item: Leftovers\n|upkeep\n|turn|15\n|\n|t:|1699768624\n|move|p1a: Dragapult|Dragon Darts|p2a: Toxapex\n|-damage|p2a: Toxapex|15\/100\n|-anim|p1a: Dragapult|Dragon Darts|p2a: Toxapex\n|-damage|p2a: Toxapex|0 fnt\n|faint|p2a: Toxapex\n|\n|-heal|p1a: Dragapult|71\/100|[from] item: Leftovers\n|upkeep\n|\n|t:|1699768635\n|switch|p2a: Meowscarada|Meowscarada, M|100\/100\n|turn|16\n|\n|t:|1699768641\n|move|p2a: Meowscarada|Sucker Punch||[still]\n|-fail|p2a: Meowscarada\n|move|p1a: Dragapult|Substitute|p1a: Dragapult\n|-start|p1a: Dragapult|Substitute\n|-damage|p1a: Dragapult|46\/100\n|\n|-heal|p1a: Dragapult|52\/100|[from] item: Leftovers\n|upkeep\n|turn|17\n|\n|t:|1699768648\n|switch|p2a: Goodra|Goodra-Hisui, M|28\/100 par\n|move|p1a: Dragapult|Dragon Darts|p2a: Goodra\n|-damage|p2a: Goodra|0 fnt\n|faint|p2a: Goodra\n|\n|-heal|p1a: Dragapult|58\/100|[from] item: Leftovers\n|upkeep\n|\n|t:|1699768657\n|switch|p2a: Heatran|Heatran, M|100\/100\n|-item|p2a: Heatran|Air Balloon\n|turn|18\n|\n|t:|1699768663\n|move|p1a: Dragapult|Phantom Force||[still]\n|-prepare|p1a: Dragapult|Phantom Force\n|move|p2a: Heatran|Earth Power|p1a: Dragapult|[miss]\n|-miss|p2a: Heatran|p1a: Dragapult\n|\n|-heal|p1a: Dragapult|64\/100|[from] item: Leftovers\n|upkeep\n|turn|19\n|\n|t:|1699768666\n|move|p1a: Dragapult|Phantom Force|p2a: Heatran|[from]lockedmove\n|-damage|p2a: Heatran|48\/100\n|-enditem|p2a: Heatran|Air Balloon\n|move|p2a: Heatran|Earth Power|p1a: Dragapult\n|-end|p1a: Dragapult|Substitute\n|\n|-heal|p1a: Dragapult|70\/100|[from] item: Leftovers\n|upkeep\n|turn|20\n|\n|t:|1699768685\n|switch|p2a: Enamorus|Enamorus, F, tera:Normal|91\/100\n|move|p1a: Dragapult|Phantom Force||[still]\n|-prepare|p1a: Dragapult|Phantom Force\n|\n|-heal|p1a: Dragapult|76\/100|[from] item: Leftovers\n|upkeep\n|turn|21\n|\n|t:|1699768690\n|move|p1a: Dragapult|Phantom Force|p2a: Enamorus|[from]lockedmove\n|-immune|p2a: Enamorus\n|move|p2a: Enamorus|Moonblast|p1a: Dragapult\n|-supereffective|p1a: Dragapult\n|-damage|p1a: Dragapult|0 fnt\n|faint|p1a: Dragapult\n|-damage|p2a: Enamorus|81\/100|[from] item: Life Orb\n|\n|upkeep\n|c|\u2606Granny Pie|Holy shit\n|c|\u2606Test4823|terrifying\n|\n|t:|1699768709\n|switch|p1a: Dragonite|Dragonite, F|100\/100\n|turn|22\n|c|\u2606Test4823|you still probably have this though\n|\n|t:|1699768714\n|-terastallize|p1a: Dragonite|Normal\n|move|p1a: Dragonite|Extreme Speed|p2a: Enamorus\n|-damage|p2a: Enamorus|0 fnt\n|faint|p2a: Enamorus\n|\n|upkeep\n|c|\u2606Test4823|lol\n|\n|t:|1699768736\n|switch|p2a: Meowscarada|Meowscarada, M|100\/100\n|turn|23\n|\n|t:|1699768742\n|move|p1a: Dragonite|Extreme Speed|p2a: Meowscarada\n|-damage|p2a: Meowscarada|0 fnt\n|faint|p2a: Meowscarada\n|\n|upkeep\n|\n|t:|1699768751\n|switch|p2a: Landorus|Landorus-Therian, M|100\/100\n|-ability|p2a: Landorus|Intimidate|boost\n|-unboost|p1a: Dragonite|atk|1\n|turn|24\n|\n|t:|1699768754\n|switch|p1a: Landorus|Landorus-Therian, M|100\/100\n|-ability|p1a: Landorus|Intimidate|boost\n|-unboost|p2a: Landorus|atk|1\n|move|p2a: Landorus|Earthquake|p1a: Landorus\n|-immune|p1a: Landorus\n|\n|upkeep\n|turn|25\n|\n|t:|1699768761\n|switch|p2a: Heatran|Heatran, M|48\/100\n|move|p1a: Landorus|U-turn|p2a: Heatran\n|-resisted|p2a: Heatran\n|-damage|p2a: Heatran|44\/100\n|\n|t:|1699768782\n|switch|p1a: Zapdos|Zapdos|100\/100|[from] U-turn\n|\n|upkeep\n|turn|26\n|\n|t:|1699768785\n|move|p1a: Zapdos|Thunderbolt|p2a: Heatran\n|-damage|p2a: Heatran|3\/100\n|move|p2a: Heatran|Magma Storm|p1a: Zapdos\n|-damage|p1a: Zapdos|33\/100\n|-activate|p1a: Zapdos|move: Magma Storm|[of] p2a: Heatran\n|\n|-damage|p1a: Zapdos|21\/100|[from] move: Magma Storm|[partiallytrapped]\n|upkeep\n|turn|27\n|\n|t:|1699768793\n|switch|p2a: Landorus|Landorus-Therian, M|100\/100\n|-ability|p2a: Landorus|Intimidate|boost\n|-unboost|p1a: Zapdos|atk|1\n|move|p1a: Zapdos|Volt Switch|p2a: Landorus\n|-immune|p2a: Landorus\n|\n|-end|p1a: Zapdos|Magma Storm|[partiallytrapped]|[silent]\n|upkeep\n|turn|28\n|\n|t:|1699768798\n|move|p2a: Landorus|Stone Edge|p1a: Zapdos\n|-supereffective|p1a: Zapdos\n|-damage|p1a: Zapdos|0 fnt\n|faint|p1a: Zapdos\n|\n|upkeep\n|\n|t:|1699768806\n|switch|p1a: Dragonite|Dragonite, F, tera:Normal|100\/100\n|turn|29\n|\n|t:|1699768813\n|move|p2a: Landorus|Stone Edge|p1a: Dragonite\n|-damage|p1a: Dragonite|81\/100\n|move|p1a: Dragonite|Outrage|p2a: Landorus\n|-damage|p2a: Landorus|0 fnt\n|faint|p2a: Landorus\n|\n|upkeep\n|\n|t:|1699768816\n|switch|p2a: Heatran|Heatran, M|3\/100\n|turn|30\n|c|\u2606Test4823|thought that'd do more\n|\n|t:|1699768827\n|move|p1a: Dragonite|Outrage|p2a: Heatran|[from]lockedmove\n|-resisted|p2a: Heatran\n|-damage|p2a: Heatran|0 fnt\n|faint|p2a: Heatran\n|-start|p1a: Dragonite|confusion|[fatigue]\n|\n|win|Granny Pie\n|raw|Granny Pie's rating: 1303 &rarr; <strong>1326<\/strong><br \/>(+23 for winning)\n|raw|Test4823's rating: 1354 &rarr; <strong>1331<\/strong><br \/>(-23 for losing)\n|c|\u2606Test4823|gg\n|c|\u2606Granny Pie|gg\n","uploadtime":1699768835,"views":9,"p1id":"grannypie","p2id":"test4823","formatid":"gen9ou","rating":1326,"private":0,"password":""}