{"id":"gen9ou-1992259748","p1":"clumsy_phanpy","p2":"squi101","format":"[Gen 9] OU","log":"|j|\u2606clumsy_phanpy\n|j|\u2606squi101\n|t:|1700168554\n|gametype|singles\n|player|p1|clumsy_phanpy|pokemaniac|1157\n|player|p2|squi101|2|1175\n|teamsize|p1|6\n|teamsize|p2|6\n|gen|9\n|tier|[Gen 9] OU\n|rated|\n|rule|Sleep Clause Mod: Limit one foe put to sleep\n|rule|Species Clause: Limit one of each Pok\u00e9mon\n|rule|OHKO Clause: OHKO moves are banned\n|rule|Evasion Items Clause: Evasion items are banned\n|rule|Evasion Moves Clause: Evasion moves are banned\n|rule|Endless Battle Clause: Forcing endless battles is banned\n|rule|HP Percentage Mod: HP is shown in percentages\n|clearpoke\n|poke|p1|Talonflame, F|\n|poke|p1|Ogerpon-Wellspring, F|\n|poke|p1|Rillaboom, M|\n|poke|p1|Iron Moth|\n|poke|p1|Grimmsnarl, M|\n|poke|p1|Goodra-Hisui, M|\n|poke|p2|Rillaboom, M|\n|poke|p2|Sneasler, F|\n|poke|p2|Kingambit, F|\n|poke|p2|Slowking-Galar, M|\n|poke|p2|Ting-Lu|\n|poke|p2|Cinderace, M|\n|teampreview\n|\n|t:|1700168562\n|start\n|switch|p1a: M.A.B.E|Iron Moth|100\/100\n|switch|p2a: Rillaboom|Rillaboom, M|100\/100\n|-fieldstart|move: Grassy Terrain|[from] ability: Grassy Surge|[of] p2a: Rillaboom\n|turn|1\n|inactive|Battle timer is ON: inactive players will automatically lose when time's up. (requested by squi101)\n|\n|t:|1700168571\n|switch|p2a: Slowking|Slowking-Galar, M|100\/100\n|move|p1a: M.A.B.E|Psychic|p2a: Slowking\n|-damage|p2a: Slowking|79\/100\n|\n|-heal|p2a: Slowking|85\/100|[from] Grassy Terrain\n|upkeep\n|turn|2\n|\n|t:|1700168578\n|-end|p1a: M.A.B.E|Quark Drive|[silent]\n|switch|p1a: Slaid|Grimmsnarl, M|100\/100\n|move|p2a: Slowking|Future Sight|p1a: Slaid\n|-start|p2a: Slowking|move: Future Sight\n|\n|-heal|p2a: Slowking|91\/100|[from] Grassy Terrain\n|upkeep\n|turn|3\n|\n|t:|1700168584\n|move|p1a: Slaid|Light Screen|p1a: Slaid\n|-sidestart|p1: clumsy_phanpy|move: Light Screen\n|move|p2a: Slowking|Sludge Bomb|p1a: Slaid\n|-supereffective|p1a: Slaid\n|-damage|p1a: Slaid|71\/100\n|\n|-heal|p1a: Slaid|78\/100|[from] Grassy Terrain\n|-heal|p2a: Slowking|97\/100|[from] Grassy Terrain\n|upkeep\n|turn|4\n|\n|t:|1700168591\n|move|p1a: Slaid|Reflect|p1a: Slaid\n|-sidestart|p1: clumsy_phanpy|Reflect\n|move|p2a: Slowking|Chilly Reception|p2a: Slowking\n|-weather|Snow\n|\n|t:|1700168597\n|switch|p2a: Kingambit|Kingambit, F|100\/100|[from] Chilly Reception\n|\n|-weather|Snow|[upkeep]\n|-end|p1a: Slaid|move: Future Sight\n|-immune|p1a: Slaid\n|-heal|p1a: Slaid|84\/100|[from] Grassy Terrain\n|upkeep\n|turn|5\n|\n|t:|1700168604\n|switch|p1a: Ash|Talonflame, F|100\/100\n|-end|p2a: Kingambit|fallenundefined|[silent]\n|switch|p2a: Ting-Lu|Ting-Lu|100\/100\n|-ability|p2a: Ting-Lu|Vessel of Ruin\n|\n|-weather|Snow|[upkeep]\n|-fieldend|move: Grassy Terrain\n|upkeep\n|turn|6\n|\n|t:|1700168613\n|move|p1a: Ash|Will-O-Wisp|p2a: Ting-Lu|[miss]\n|-miss|p1a: Ash|p2a: Ting-Lu\n|move|p2a: Ting-Lu|Stone Edge|p1a: Ash\n|-supereffective|p1a: Ash\n|-damage|p1a: Ash|41\/100\n|\n|-weather|Snow|[upkeep]\n|upkeep\n|turn|7\n|\n|t:|1700168624\n|switch|p2a: Cinderace|Cinderace, M|100\/100\n|move|p1a: Ash|Roost|p1a: Ash\n|-heal|p1a: Ash|92\/100\n|-singleturn|p1a: Ash|move: Roost\n|\n|-weather|Snow|[upkeep]\n|upkeep\n|turn|8\n|\n|t:|1700168637\n|move|p1a: Ash|Dual Wingbeat|p2a: Cinderace\n|-damage|p2a: Cinderace|83\/100\n|-damage|p2a: Cinderace|65\/100\n|-hitcount|p2a: Cinderace|2\n|move|p2a: Cinderace|Court Change|p2a: Cinderace\n|-start|p2a: Cinderace|typechange|Normal|[from] ability: Libero\n|-swapsideconditions\n|-activate|p2a: Cinderace|move: Court Change\n|\n|-weather|none\n|upkeep\n|turn|9\n|\n|t:|1700168648\n|move|p1a: Ash|Dual Wingbeat|p2a: Cinderace|[miss]\n|-miss|p1a: Ash|p2a: Cinderace\n|move|p2a: Cinderace|U-turn|p1a: Ash\n|-resisted|p1a: Ash\n|-damage|p1a: Ash|82\/100\n|-damage|p2a: Cinderace|55\/100|[from] item: Life Orb\n|\n|t:|1700168657\n|switch|p2a: Ting-Lu|Ting-Lu|100\/100|[from] U-turn\n|-ability|p2a: Ting-Lu|Vessel of Ruin\n|\n|upkeep\n|turn|10\n|\n|t:|1700168669\n|switch|p1a: Sheldon|Goodra-Hisui, M, shiny|100\/100\n|switch|p2a: Cinderace|Cinderace, M|55\/100\n|\n|-sideend|p2: squi101|move: Light Screen\n|upkeep\n|turn|11\n|\n|t:|1700168677\n|move|p2a: Cinderace|Pyro Ball|p1a: Sheldon\n|-damage|p1a: Sheldon|35\/100\n|-damage|p2a: Cinderace|45\/100|[from] item: Life Orb\n|move|p1a: Sheldon|Acid Armor|p1a: Sheldon\n|-boost|p1a: Sheldon|def|2\n|\n|-heal|p1a: Sheldon|41\/100|[from] item: Leftovers\n|-sideend|p2: squi101|Reflect\n|upkeep\n|turn|12\n|\n|t:|1700168689\n|move|p1a: Sheldon|Protect|p1a: Sheldon\n|-singleturn|p1a: Sheldon|Protect\n|move|p2a: Cinderace|Pyro Ball|p1a: Sheldon\n|-activate|p1a: Sheldon|move: Protect\n|\n|-heal|p1a: Sheldon|47\/100|[from] item: Leftovers\n|upkeep\n|turn|13\n|\n|t:|1700168695\n|move|p2a: Cinderace|Pyro Ball|p1a: Sheldon\n|-damage|p1a: Sheldon|14\/100\n|-status|p1a: Sheldon|brn\n|-damage|p2a: Cinderace|35\/100|[from] item: Life Orb\n|move|p1a: Sheldon|Acid Armor|p1a: Sheldon\n|-boost|p1a: Sheldon|def|2\n|\n|-heal|p1a: Sheldon|20\/100 brn|[from] item: Leftovers\n|-damage|p1a: Sheldon|14\/100 brn|[from] brn\n|upkeep\n|turn|14\n|\n|t:|1700168709\n|move|p2a: Cinderace|Sucker Punch|p1a: Sheldon\n|-start|p2a: Cinderace|typechange|Dark|[from] ability: Libero\n|-damage|p1a: Sheldon|2\/100 brn\n|-damage|p2a: Cinderace|25\/100|[from] item: Life Orb\n|move|p1a: Sheldon|Body Press|p2a: Cinderace\n|-supereffective|p2a: Cinderace\n|-damage|p2a: Cinderace|0 fnt\n|faint|p2a: Cinderace\n|\n|-heal|p1a: Sheldon|8\/100 brn|[from] item: Leftovers\n|-damage|p1a: Sheldon|2\/100 brn|[from] brn\n|upkeep\n|\n|t:|1700168724\n|switch|p2a: Rillaboom|Rillaboom, M|100\/100\n|-fieldstart|move: Grassy Terrain|[from] ability: Grassy Surge|[of] p2a: Rillaboom\n|turn|15\n|\n|t:|1700168728\n|move|p1a: Sheldon|Protect|p1a: Sheldon\n|-singleturn|p1a: Sheldon|Protect\n|move|p2a: Rillaboom|U-turn|p1a: Sheldon\n|-activate|p1a: Sheldon|move: Protect\n|\n|-heal|p1a: Sheldon|8\/100 brn|[from] Grassy Terrain\n|-heal|p1a: Sheldon|14\/100 brn|[from] item: Leftovers\n|-damage|p1a: Sheldon|8\/100 brn|[from] brn\n|upkeep\n|turn|16\n|\n|t:|1700168736\n|move|p2a: Rillaboom|U-turn|p1a: Sheldon\n|-resisted|p1a: Sheldon\n|-damage|p1a: Sheldon|3\/100 brn\n|\n|t:|1700168743\n|switch|p2a: Slowking|Slowking-Galar, M|100\/100|[from] U-turn\n|move|p1a: Sheldon|Body Press|p2a: Slowking\n|-resisted|p2a: Slowking\n|-damage|p2a: Slowking|93\/100\n|\n|-heal|p1a: Sheldon|9\/100 brn|[from] Grassy Terrain\n|-heal|p1a: Sheldon|15\/100 brn|[from] item: Leftovers\n|-heal|p2a: Slowking|99\/100|[from] Grassy Terrain\n|-damage|p1a: Sheldon|9\/100 brn|[from] brn\n|upkeep\n|turn|17\n|\n|t:|1700168755\n|move|p1a: Sheldon|Flash Cannon|p2a: Slowking\n|-crit|p2a: Slowking\n|-damage|p2a: Slowking|72\/100\n|move|p2a: Slowking|Future Sight|p1a: Sheldon\n|-start|p2a: Slowking|move: Future Sight\n|\n|-heal|p1a: Sheldon|15\/100 brn|[from] Grassy Terrain\n|-heal|p1a: Sheldon|21\/100 brn|[from] item: Leftovers\n|-heal|p2a: Slowking|78\/100|[from] Grassy Terrain\n|-damage|p1a: Sheldon|15\/100 brn|[from] brn\n|upkeep\n|turn|18\n|\n|t:|1700168766\n|move|p1a: Sheldon|Flash Cannon|p2a: Slowking\n|-damage|p2a: Slowking|61\/100\n|-unboost|p2a: Slowking|spd|1\n|move|p2a: Slowking|Chilly Reception|p2a: Slowking\n|-weather|Snow\n|inactive|squi101 has 120 seconds left.\n|\n|t:|1700168794\n|switch|p2a: Ting-Lu|Ting-Lu|100\/100|[from] Chilly Reception\n|-ability|p2a: Ting-Lu|Vessel of Ruin\n|\n|-weather|Snow|[upkeep]\n|-heal|p1a: Sheldon|21\/100 brn|[from] Grassy Terrain\n|-heal|p1a: Sheldon|27\/100 brn|[from] item: Leftovers\n|-damage|p1a: Sheldon|21\/100 brn|[from] brn\n|upkeep\n|turn|19\n|inactive|squi101 has 120 seconds left.\n|\n|t:|1700168805\n|switch|p2a: Slowking|Slowking-Galar, M|94\/100\n|move|p1a: Sheldon|Protect||[still]\n|-fail|p1a: Sheldon\n|\n|-weather|Snow|[upkeep]\n|-end|p1a: Sheldon|move: Future Sight\n|-resisted|p1a: Sheldon\n|-damage|p1a: Sheldon|9\/100 brn\n|-heal|p1a: Sheldon|15\/100 brn|[from] Grassy Terrain\n|-heal|p1a: Sheldon|21\/100 brn|[from] item: Leftovers\n|-heal|p2a: Slowking|99\/100|[from] Grassy Terrain\n|-damage|p1a: Sheldon|15\/100 brn|[from] brn\n|-fieldend|move: Grassy Terrain\n|upkeep\n|turn|20\n|inactive|squi101 has 120 seconds left.\n|\n|t:|1700168818\n|move|p1a: Sheldon|Flash Cannon|p2a: Slowking\n|-crit|p2a: Slowking\n|-damage|p2a: Slowking|72\/100\n|move|p2a: Slowking|Chilly Reception|p2a: Slowking\n|inactive|squi101 has 120 seconds left.\n|\n|t:|1700168825\n|switch|p2a: Ting-Lu|Ting-Lu|100\/100|[from] Chilly Reception\n|-ability|p2a: Ting-Lu|Vessel of Ruin\n|\n|-weather|Snow|[upkeep]\n|-heal|p1a: Sheldon|21\/100 brn|[from] item: Leftovers\n|-damage|p1a: Sheldon|15\/100 brn|[from] brn\n|upkeep\n|turn|21\n|\n|t:|1700168833\n|move|p1a: Sheldon|Body Press|p2a: Ting-Lu\n|-supereffective|p2a: Ting-Lu\n|-damage|p2a: Ting-Lu|68\/100\n|move|p2a: Ting-Lu|Spikes|p1a: Sheldon\n|-sidestart|p1: clumsy_phanpy|Spikes\n|\n|-weather|Snow|[upkeep]\n|-heal|p1a: Sheldon|21\/100 brn|[from] item: Leftovers\n|-heal|p2a: Ting-Lu|74\/100|[from] item: Leftovers\n|-damage|p1a: Sheldon|15\/100 brn|[from] brn\n|upkeep\n|turn|22\n|\n|t:|1700168842\n|move|p1a: Sheldon|Acid Armor|p1a: Sheldon\n|-boost|p1a: Sheldon|def|2\n|move|p2a: Ting-Lu|Whirlwind|p1a: Sheldon\n|drag|p1a: Camilla|Ogerpon-Wellspring, F|100\/100\n|-damage|p1a: Camilla|88\/100|[from] Spikes\n|\n|-weather|none\n|-heal|p2a: Ting-Lu|81\/100|[from] item: Leftovers\n|upkeep\n|turn|23\n|\n|t:|1700168862\n|switch|p2a: Slowking|Slowking-Galar, M|100\/100\n|move|p1a: Camilla|Knock Off|p2a: Slowking\n|-supereffective|p2a: Slowking\n|-damage|p2a: Slowking|23\/100\n|-enditem|p2a: Slowking|Heavy-Duty Boots|[from] move: Knock Off|[of] p1a: Camilla\n|\n|upkeep\n|turn|24\n|inactive|squi101 has 120 seconds left.\n|\n|t:|1700168890\n|switch|p2a: Ting-Lu|Ting-Lu|81\/100\n|-ability|p2a: Ting-Lu|Vessel of Ruin\n|move|p1a: Camilla|Ivy Cudgel|p2a: Ting-Lu|[anim] Ivy Cudgel Water\n|-supereffective|p2a: Ting-Lu\n|-damage|p2a: Ting-Lu|15\/100\n|\n|-heal|p2a: Ting-Lu|21\/100|[from] item: Leftovers\n|upkeep\n|turn|25\n|\n|t:|1700168899\n|move|p1a: Camilla|Ivy Cudgel|p2a: Ting-Lu|[anim] Ivy Cudgel Water\n|-supereffective|p2a: Ting-Lu\n|-damage|p2a: Ting-Lu|0 fnt\n|faint|p2a: Ting-Lu\n|\n|upkeep\n|\n|t:|1700168904\n|switch|p2a: Rillaboom|Rillaboom, M|100\/100\n|-fieldstart|move: Grassy Terrain|[from] ability: Grassy Surge|[of] p2a: Rillaboom\n|turn|26\n|\n|t:|1700168913\n|switch|p1a: Sheldon|Goodra-Hisui, M, shiny|15\/100 brn\n|-damage|p1a: Sheldon|3\/100 brn|[from] Spikes\n|move|p2a: Rillaboom|U-turn|p1a: Sheldon\n|-resisted|p1a: Sheldon\n|-damage|p1a: Sheldon|0 fnt\n|faint|p1a: Sheldon\n|inactive|squi101 has 120 seconds left.\n|\n|t:|1700168933\n|switch|p2a: Kingambit|Kingambit, F|100\/100|[from] U-turn\n|-activate|p2a: Kingambit|ability: Supreme Overlord\n|-start|p2a: Kingambit|fallen2|[silent]\n|\n|upkeep\n|\n|t:|1700168936\n|switch|p1a: Ash|Talonflame, F|82\/100\n|turn|27\n|inactive|squi101 has 120 seconds left.\n|\n|t:|1700168949\n|move|p2a: Kingambit|Sucker Punch||[still]\n|-fail|p2a: Kingambit\n|move|p1a: Ash|Defog|p2a: Kingambit\n|-unboost|p2a: Kingambit|evasion|1\n|-sideend|p1: clumsy_phanpy|Spikes|[from] move: Defog|[of] p1a: Ash\n|-fieldend|move: Grassy Terrain\n|\n|upkeep\n|turn|28\n|\n|t:|1700168957\n|move|p2a: Kingambit|Sucker Punch||[still]\n|-fail|p2a: Kingambit\n|move|p1a: Ash|Will-O-Wisp|p2a: Kingambit\n|-status|p2a: Kingambit|brn\n|\n|-damage|p2a: Kingambit|94\/100 brn|[from] brn\n|upkeep\n|turn|29\n|\n|t:|1700168966\n|switch|p1a: Slaid|Grimmsnarl, M|84\/100\n|move|p2a: Kingambit|Sucker Punch||[still]\n|-fail|p2a: Kingambit\n|\n|-damage|p2a: Kingambit|88\/100 brn|[from] brn\n|upkeep\n|turn|30\n|\n|t:|1700168974\n|move|p1a: Slaid|Reflect|p1a: Slaid\n|-sidestart|p1: clumsy_phanpy|Reflect\n|move|p2a: Kingambit|Iron Head|p1a: Slaid\n|-supereffective|p1a: Slaid\n|-damage|p1a: Slaid|51\/100\n|\n|-damage|p2a: Kingambit|82\/100 brn|[from] brn\n|upkeep\n|turn|31\n|\n|t:|1700168982\n|switch|p1a: Ash|Talonflame, F|82\/100\n|move|p2a: Kingambit|Swords Dance|p2a: Kingambit\n|-boost|p2a: Kingambit|atk|2\n|\n|-damage|p2a: Kingambit|76\/100 brn|[from] brn\n|upkeep\n|turn|32\n|\n|t:|1700168995\n|move|p1a: Ash|Dual Wingbeat|p2a: Kingambit\n|-resisted|p2a: Kingambit\n|-damage|p2a: Kingambit|71\/100 brn\n|-resisted|p2a: Kingambit\n|-damage|p2a: Kingambit|67\/100 brn\n|-hitcount|p2a: Kingambit|2\n|move|p2a: Kingambit|Swords Dance|p2a: Kingambit\n|-boost|p2a: Kingambit|atk|2\n|\n|-damage|p2a: Kingambit|61\/100 brn|[from] brn\n|upkeep\n|turn|33\n|\n|t:|1700169007\n|switch|p1a: Bipin|Rillaboom, M|100\/100\n|-fieldstart|move: Grassy Terrain|[from] ability: Grassy Surge|[of] p1a: Bipin\n|move|p2a: Kingambit|Sucker Punch||[still]\n|-fail|p2a: Kingambit\n|\n|-heal|p2a: Kingambit|67\/100 brn|[from] Grassy Terrain\n|-damage|p2a: Kingambit|61\/100 brn|[from] brn\n|upkeep\n|turn|34\n|\n|t:|1700169017\n|move|p1a: Bipin|Knock Off|p2a: Kingambit\n|-resisted|p2a: Kingambit\n|-damage|p2a: Kingambit|47\/100 brn\n|-enditem|p2a: Kingambit|Black Glasses|[from] move: Knock Off|[of] p1a: Bipin\n|move|p2a: Kingambit|Kowtow Cleave|p1a: Bipin\n|-damage|p1a: Bipin|55\/100\n|\n|-heal|p1a: Bipin|61\/100|[from] Grassy Terrain\n|-heal|p2a: Kingambit|53\/100 brn|[from] Grassy Terrain\n|-damage|p2a: Kingambit|47\/100 brn|[from] brn\n|upkeep\n|turn|35\n|\n|t:|1700169032\n|switch|p1a: Slaid|Grimmsnarl, M|51\/100\n|move|p2a: Kingambit|Swords Dance|p2a: Kingambit\n|-boost|p2a: Kingambit|atk|2\n|\n|-heal|p1a: Slaid|57\/100|[from] Grassy Terrain\n|-heal|p2a: Kingambit|53\/100 brn|[from] Grassy Terrain\n|-damage|p2a: Kingambit|47\/100 brn|[from] brn\n|upkeep\n|turn|36\n|\n|t:|1700169043\n|move|p1a: Slaid|Spirit Break|p2a: Kingambit\n|-damage|p2a: Kingambit|21\/100 brn\n|-unboost|p2a: Kingambit|spa|1\n|move|p2a: Kingambit|Iron Head|p1a: Slaid\n|-supereffective|p1a: Slaid\n|-damage|p1a: Slaid|0 fnt\n|faint|p1a: Slaid\n|\n|-heal|p2a: Kingambit|27\/100 brn|[from] Grassy Terrain\n|-damage|p2a: Kingambit|21\/100 brn|[from] brn\n|upkeep\n|\n|t:|1700169051\n|switch|p1a: Ash|Talonflame, F|82\/100\n|turn|37\n|\n|t:|1700169063\n|move|p1a: Ash|Dual Wingbeat|p2a: Kingambit\n|-resisted|p2a: Kingambit\n|-damage|p2a: Kingambit|17\/100 brn\n|-resisted|p2a: Kingambit\n|-damage|p2a: Kingambit|13\/100 brn\n|-hitcount|p2a: Kingambit|2\n|move|p2a: Kingambit|Kowtow Cleave|p1a: Ash\n|-damage|p1a: Ash|3\/100\n|\n|-heal|p2a: Kingambit|19\/100 brn|[from] Grassy Terrain\n|-damage|p2a: Kingambit|13\/100 brn|[from] brn\n|-sideend|p1: clumsy_phanpy|Reflect\n|-fieldend|move: Grassy Terrain\n|upkeep\n|turn|38\n|\n|t:|1700169074\n|move|p2a: Kingambit|Sucker Punch|p1a: Ash\n|-damage|p1a: Ash|0 fnt\n|faint|p1a: Ash\n|\n|-damage|p2a: Kingambit|6\/100 brn|[from] brn\n|upkeep\n|\n|t:|1700169079\n|switch|p1a: Camilla|Ogerpon-Wellspring, F|88\/100\n|turn|39\n|\n|t:|1700169083\n|move|p1a: Camilla|Swords Dance|p1a: Camilla\n|-boost|p1a: Camilla|atk|2\n|move|p2a: Kingambit|Kowtow Cleave|p1a: Camilla\n|-damage|p1a: Camilla|0 fnt\n|faint|p1a: Camilla\n|\n|-damage|p2a: Kingambit|0 fnt|[from] brn\n|faint|p2a: Kingambit\n|-end|p2a: Kingambit|fallen2|[silent]\n|upkeep\n|\n|t:|1700169097\n|switch|p1a: Bipin|Rillaboom, M|61\/100\n|switch|p2a: Rillaboom|Rillaboom, M|100\/100\n|-fieldstart|move: Grassy Terrain|[from] ability: Grassy Surge|[of] p2a: Rillaboom\n|turn|40\n|\n|t:|1700169108\n|move|p2a: Rillaboom|Knock Off|p1a: Bipin\n|-damage|p1a: Bipin|3\/100\n|-enditem|p1a: Bipin|Assault Vest|[from] move: Knock Off|[of] p2a: Rillaboom\n|move|p1a: Bipin|U-turn|p2a: Rillaboom\n|-supereffective|p2a: Rillaboom\n|-damage|p2a: Rillaboom|40\/100\n|\n|t:|1700169112\n|switch|p1a: M.A.B.E|Iron Moth|100\/100|[from] U-turn\n|\n|-heal|p2a: Rillaboom|46\/100|[from] Grassy Terrain\n|upkeep\n|turn|41\n|\n|t:|1700169118\n|move|p1a: M.A.B.E|Fiery Dance|p2a: Rillaboom\n|-supereffective|p2a: Rillaboom\n|-damage|p2a: Rillaboom|0 fnt\n|faint|p2a: Rillaboom\n|\n|upkeep\n|\n|t:|1700169131\n|switch|p2a: Slowking|Slowking-Galar, M|57\/100\n|turn|42\n|\n|t:|1700169137\n|move|p1a: M.A.B.E|Fiery Dance|p2a: Slowking\n|-damage|p2a: Slowking|29\/100\n|move|p2a: Slowking|Future Sight|p1a: M.A.B.E\n|-start|p2a: Slowking|move: Future Sight\n|\n|-heal|p2a: Slowking|35\/100|[from] Grassy Terrain\n|upkeep\n|turn|43\n|\n|t:|1700169143\n|move|p1a: M.A.B.E|Fiery Dance|p2a: Slowking\n|-damage|p2a: Slowking|5\/100\n|-boost|p1a: M.A.B.E|spa|1\n|move|p2a: Slowking|Slack Off|p2a: Slowking\n|-heal|p2a: Slowking|55\/100\n|\n|-heal|p2a: Slowking|61\/100|[from] Grassy Terrain\n|upkeep\n|turn|44\n|\n|t:|1700169168\n|-terastallize|p1a: M.A.B.E|Grass\n|move|p1a: M.A.B.E|Fiery Dance|p2a: Slowking\n|-damage|p2a: Slowking|16\/100\n|move|p2a: Slowking|Chilly Reception|p2a: Slowking\n|-weather|Snow\n|\n|t:|1700169177\n|switch|p2a: Sneasler|Sneasler, F|100\/100|[from] Chilly Reception\n|-enditem|p2a: Sneasler|Grassy Seed\n|-boost|p2a: Sneasler|def|1|[from] item: Grassy Seed\n|\n|-weather|Snow|[upkeep]\n|-end|p1a: M.A.B.E|move: Future Sight\n|-damage|p1a: M.A.B.E|50\/100\n|-heal|p1a: M.A.B.E|56\/100|[from] Grassy Terrain\n|-fieldend|move: Grassy Terrain\n|upkeep\n|turn|45\n|inactive|squi101 has 120 seconds left.\n|\n|t:|1700169193\n|-terastallize|p2a: Sneasler|Flying\n|move|p2a: Sneasler|Acrobatics|p1a: M.A.B.E\n|-supereffective|p1a: M.A.B.E\n|-damage|p1a: M.A.B.E|0 fnt\n|faint|p1a: M.A.B.E\n|-end|p1a: M.A.B.E|Quark Drive|[silent]\n|\n|-weather|Snow|[upkeep]\n|upkeep\n|-message|clumsy_phanpy forfeited.\n|\n|win|squi101\n|raw|clumsy_phanpy's rating: 1157 &rarr; <strong>1133<\/strong><br \/>(-24 for losing)\n|raw|squi101's rating: 1175 &rarr; <strong>1199<\/strong><br \/>(+24 for winning)\n|l|\u2606clumsy_phanpy\n","uploadtime":1700169206,"views":10,"p1id":"clumsyphanpy","p2id":"squi101","formatid":"gen9ou","rating":1133,"private":0,"password":""}