{"id":"gen9ou-1991241137","p1":"krisma15","p2":"edgypunishment","format":"[Gen 9] OU","log":"|j|\u2606krisma15\n|j|\u2606edgypunishment\n|t:|1700060436\n|gametype|singles\n|player|p1|krisma15|102|1000\n|player|p2|edgypunishment|dawn|1113\n|teamsize|p1|6\n|teamsize|p2|6\n|gen|9\n|tier|[Gen 9] OU\n|rated|\n|rule|Sleep Clause Mod: Limit one foe put to sleep\n|rule|Species Clause: Limit one of each Pok\u00e9mon\n|rule|OHKO Clause: OHKO moves are banned\n|rule|Evasion Items Clause: Evasion items are banned\n|rule|Evasion Moves Clause: Evasion moves are banned\n|rule|Endless Battle Clause: Forcing endless battles is banned\n|rule|HP Percentage Mod: HP is shown in percentages\n|clearpoke\n|poke|p1|Ditto|\n|poke|p1|Dragapult, M|\n|poke|p1|Zapdos|\n|poke|p1|Great Tusk|\n|poke|p1|Landorus-Therian, M|\n|poke|p1|Florges, F|\n|poke|p2|Cetitan, M|\n|poke|p2|Ninetales-Alola, F|\n|poke|p2|Froslass, F|\n|poke|p2|Sandslash-Alola, M|\n|poke|p2|Cloyster, M|\n|poke|p2|Mamoswine, M|\n|teampreview\n|\n|t:|1700060453\n|start\n|switch|p1a: Dragapult|Dragapult, M|100\/100\n|switch|p2a: Cetitan|Cetitan, M|100\/100\n|turn|1\n|\n|t:|1700060462\n|move|p1a: Dragapult|U-turn|p2a: Cetitan\n|-damage|p2a: Cetitan|79\/100\n|\n|t:|1700060474\n|switch|p1a: Zapdos|Zapdos|100\/100|[from] U-turn\n|move|p2a: Cetitan|Ice Spinner|p1a: Zapdos\n|-supereffective|p1a: Zapdos\n|-damage|p1a: Zapdos|19\/100\n|\n|-heal|p1a: Zapdos|25\/100|[from] item: Leftovers\n|upkeep\n|turn|2\n|\n|t:|1700060490\n|move|p2a: Cetitan|Ice Shard|p1a: Zapdos\n|-supereffective|p1a: Zapdos\n|-damage|p1a: Zapdos|0 fnt\n|faint|p1a: Zapdos\n|\n|upkeep\n|\n|t:|1700060497\n|switch|p1a: Great Tusk|Great Tusk|100\/100\n|turn|3\n|\n|t:|1700060509\n|move|p1a: Great Tusk|Close Combat|p2a: Cetitan\n|-supereffective|p2a: Cetitan\n|-damage|p2a: Cetitan|0 fnt\n|-unboost|p1a: Great Tusk|def|1\n|-unboost|p1a: Great Tusk|spd|1\n|faint|p2a: Cetitan\n|\n|upkeep\n|\n|t:|1700060531\n|switch|p2a: Froslass|Froslass, F|100\/100\n|turn|4\n|\n|t:|1700060535\n|-end|p1a: Great Tusk|Protosynthesis|[silent]\n|switch|p1a: Florges|Florges, F|100\/100\n|move|p2a: Froslass|Shadow Ball|p1a: Florges\n|-damage|p1a: Florges|69\/100\n|\n|upkeep\n|turn|5\n|\n|t:|1700060548\n|switch|p2a: Mamoswine|Mamoswine, M|100\/100\n|move|p1a: Florges|Chilling Water|p2a: Mamoswine\n|-supereffective|p2a: Mamoswine\n|-damage|p2a: Mamoswine|51\/100\n|-unboost|p2a: Mamoswine|atk|1\n|\n|upkeep\n|turn|6\n|inactive|Battle timer is ON: inactive players will automatically lose when time's up. (requested by krisma15)\n|\n|t:|1700060576\n|move|p2a: Mamoswine|Stealth Rock|p1a: Florges\n|-sidestart|p1: krisma15|move: Stealth Rock\n|move|p1a: Florges|Chilling Water|p2a: Mamoswine\n|-supereffective|p2a: Mamoswine\n|-damage|p2a: Mamoswine|0 fnt\n|faint|p2a: Mamoswine\n|\n|upkeep\n|\n|t:|1700060584\n|switch|p2a: Ninetales|Ninetales-Alola, F|100\/100\n|-weather|Snow|[from] ability: Snow Warning|[of] p2a: Ninetales\n|turn|7\n|\n|t:|1700060590\n|switch|p1a: Great Tusk|Great Tusk|100\/100\n|-damage|p1a: Great Tusk|98\/100|[from] Stealth Rock\n|move|p2a: Ninetales|Aurora Veil|p2a: Ninetales\n|-sidestart|p2: edgypunishment|move: Aurora Veil\n|\n|-weather|Snow|[upkeep]\n|upkeep\n|turn|8\n|\n|t:|1700060598\n|move|p2a: Ninetales|Blizzard|p1a: Great Tusk\n|-supereffective|p1a: Great Tusk\n|-damage|p1a: Great Tusk|15\/100\n|-status|p1a: Great Tusk|frz\n|cant|p1a: Great Tusk|frz\n|\n|-weather|Snow|[upkeep]\n|upkeep\n|turn|9\n|\n|t:|1700060607\n|move|p2a: Ninetales|Blizzard|p1a: Great Tusk\n|-supereffective|p1a: Great Tusk\n|-damage|p1a: Great Tusk|0 fnt\n|faint|p1a: Great Tusk\n|-end|p1a: Great Tusk|Protosynthesis|[silent]\n|\n|-weather|Snow|[upkeep]\n|upkeep\n|\n|t:|1700060613\n|switch|p1a: Dragapult|Dragapult, M|100\/100\n|-damage|p1a: Dragapult|88\/100|[from] Stealth Rock\n|turn|10\n|\n|t:|1700060621\n|-terastallize|p1a: Dragapult|Normal\n|move|p1a: Dragapult|Dragon Dance|p1a: Dragapult\n|-boost|p1a: Dragapult|atk|1\n|-boost|p1a: Dragapult|spe|1\n|move|p2a: Ninetales|Blizzard|p1a: Dragapult\n|-damage|p1a: Dragapult|30\/100\n|\n|-weather|Snow|[upkeep]\n|upkeep\n|turn|11\n|\n|t:|1700060631\n|move|p1a: Dragapult|Acrobatics|p2a: Ninetales\n|-damage|p2a: Ninetales|72\/100\n|move|p2a: Ninetales|Blizzard|p1a: Dragapult\n|-damage|p1a: Dragapult|0 fnt\n|faint|p1a: Dragapult\n|\n|-weather|Snow|[upkeep]\n|-sideend|p2: edgypunishment|move: Aurora Veil\n|upkeep\n|\n|t:|1700060637\n|switch|p1a: Florges|Florges, F|69\/100\n|-damage|p1a: Florges|56\/100|[from] Stealth Rock\n|turn|12\n|\n|t:|1700060645\n|move|p2a: Ninetales|Aurora Veil|p2a: Ninetales\n|-sidestart|p2: edgypunishment|move: Aurora Veil\n|move|p1a: Florges|Psychic|p2a: Ninetales\n|-damage|p2a: Ninetales|43\/100\n|\n|-weather|Snow|[upkeep]\n|upkeep\n|turn|13\n|\n|t:|1700060653\n|move|p2a: Ninetales|Blizzard|p1a: Florges\n|-damage|p1a: Florges|29\/100\n|move|p1a: Florges|Psychic|p2a: Ninetales\n|-damage|p2a: Ninetales|18\/100\n|\n|-weather|Snow|[upkeep]\n|upkeep\n|turn|14\n|\n|t:|1700060667\n|switch|p2a: Froslass|Froslass, F|100\/100\n|move|p1a: Florges|Psychic|p2a: Froslass\n|-damage|p2a: Froslass|61\/100\n|-start|p1a: Florges|Disable|Psychic|[from] ability: Cursed Body|[of] p2a: Froslass\n|\n|-weather|none\n|upkeep\n|turn|15\n|\n|t:|1700060676\n|move|p2a: Froslass|Shadow Ball|p1a: Florges\n|-damage|p1a: Florges|0 fnt\n|faint|p1a: Florges\n|\n|upkeep\n|\n|t:|1700060683\n|switch|p1a: Ditto|Ditto|100\/100\n|-damage|p1a: Ditto|88\/100|[from] Stealth Rock\n|-transform|p1a: Ditto|p2a: Froslass|[from] ability: Imposter\n|turn|16\n|\n|t:|1700060691\n|switch|p2a: Ninetales|Ninetales-Alola, F|18\/100\n|-weather|Snow|[from] ability: Snow Warning|[of] p2a: Ninetales\n|move|p1a: Ditto|Shadow Ball|p2a: Ninetales\n|-damage|p2a: Ninetales|0 fnt\n|faint|p2a: Ninetales\n|\n|-weather|Snow|[upkeep]\n|-sideend|p2: edgypunishment|move: Aurora Veil\n|upkeep\n|\n|t:|1700060708\n|switch|p2a: Sandslash|Sandslash-Alola, M|100\/100\n|turn|17\n|\n|t:|1700060712\n|move|p1a: Ditto|Shadow Ball|p2a: Sandslash\n|-damage|p2a: Sandslash|52\/100\n|move|p2a: Sandslash|Iron Head|p1a: Ditto\n|-supereffective|p1a: Ditto\n|-damage|p1a: Ditto|0 fnt\n|-start|p2a: Sandslash|Disable|Iron Head|[from] ability: Cursed Body|[of] p1a: Ditto\n|faint|p1a: Ditto\n|-damage|p2a: Sandslash|42\/100|[from] item: Life Orb\n|\n|-weather|Snow|[upkeep]\n|upkeep\n|\n|t:|1700060718\n|switch|p1a: Landorus|Landorus-Therian, M|100\/100\n|-damage|p1a: Landorus|88\/100|[from] Stealth Rock\n|-ability|p1a: Landorus|Intimidate|boost\n|-unboost|p2a: Sandslash|atk|1\n|turn|18\n|\n|t:|1700060729\n|move|p2a: Sandslash|Ice Spinner|p1a: Landorus\n|-supereffective|p1a: Landorus\n|-damage|p1a: Landorus|0 fnt\n|faint|p1a: Landorus\n|-damage|p2a: Sandslash|32\/100|[from] item: Life Orb\n|\n|win|edgypunishment\n|raw|krisma15's rating: 1000 &rarr; <strong>1000<\/strong><br \/>(+0 for losing)\n|raw|edgypunishment's rating: 1095 &rarr; <strong>1114<\/strong><br \/>(+19 for winning)\n|l|\u2606krisma15\n","uploadtime":1700060739,"views":5,"p1id":"krisma15","p2id":"edgypunishment","formatid":"gen9ou","rating":1000,"private":0,"password":""}