{"id":"gen9ou-1993917939","p1":"Nitro524","p2":"acvo1","format":"[Gen 9] OU","log":"|j|\u2606Nitro524\n|j|\u2606acvo1\n|t:|1700375197\n|gametype|singles\n|player|p1|Nitro524|hilbert|1351\n|player|p2|acvo1|harlequin|1272\n|teamsize|p1|6\n|teamsize|p2|6\n|gen|9\n|tier|[Gen 9] OU\n|rated|\n|rule|Sleep Clause Mod: Limit one foe put to sleep\n|rule|Species Clause: Limit one of each Pok\u00e9mon\n|rule|OHKO Clause: OHKO moves are banned\n|rule|Evasion Items Clause: Evasion items are banned\n|rule|Evasion Moves Clause: Evasion moves are banned\n|rule|Endless Battle Clause: Forcing endless battles is banned\n|rule|HP Percentage Mod: HP is shown in percentages\n|clearpoke\n|poke|p1|Zamazenta-*|\n|poke|p1|Hoopa-Unbound|\n|poke|p1|Garganacl, F|\n|poke|p1|Great Tusk|\n|poke|p1|Zapdos|\n|poke|p1|Scizor, M|\n|poke|p2|Dragapult, M|\n|poke|p2|Skeledirge, F|\n|poke|p2|Mandibuzz, F|\n|poke|p2|Weezing-Galar, F|\n|poke|p2|Milotic, F|\n|poke|p2|Clodsire, F|\n|teampreview\n|inactive|Battle timer is ON: inactive players will automatically lose when time's up. (requested by Nitro524)\n|inactive|acvo1 has 120 seconds left.\n|\n|t:|1700375243\n|start\n|switch|p1a: Hoopa|Hoopa-Unbound|100\/100\n|switch|p2a: Weezing|Weezing-Galar, F|100\/100\n|-ability|p2a: Weezing|Neutralizing Gas\n|turn|1\n|\n|t:|1700375272\n|move|p1a: Hoopa|Knock Off|p2a: Weezing\n|-resisted|p2a: Weezing\n|-damage|p2a: Weezing|82\/100\n|-enditem|p2a: Weezing|Leftovers|[from] move: Knock Off|[of] p1a: Hoopa\n|move|p2a: Weezing|Will-O-Wisp|p1a: Hoopa\n|-status|p1a: Hoopa|brn\n|\n|-damage|p1a: Hoopa|95\/100 brn|[from] brn\n|upkeep\n|turn|2\n|\n|t:|1700375285\n|move|p1a: Hoopa|Psychic|p2a: Weezing\n|-supereffective|p2a: Weezing\n|-damage|p2a: Weezing|0 fnt\n|faint|p2a: Weezing\n|-end|p2a: Weezing|ability: Neutralizing Gas\n|\n|-damage|p1a: Hoopa|89\/100 brn|[from] brn\n|upkeep\n|\n|t:|1700375296\n|switch|p2a: Milotic|Milotic, F|100\/100\n|turn|3\n|inactive|Nitro524 has 120 seconds left.\n|\n|t:|1700375324\n|move|p1a: Hoopa|Thunderbolt|p2a: Milotic\n|-supereffective|p2a: Milotic\n|-damage|p2a: Milotic|52\/100\n|move|p2a: Milotic|Scald|p1a: Hoopa\n|-damage|p1a: Hoopa|71\/100 brn\n|\n|-damage|p1a: Hoopa|65\/100 brn|[from] brn\n|upkeep\n|turn|4\n|\n|t:|1700375332\n|move|p1a: Hoopa|Thunderbolt|p2a: Milotic\n|-supereffective|p2a: Milotic\n|-damage|p2a: Milotic|5\/100\n|move|p2a: Milotic|Mirror Coat|p1a: Hoopa\n|-immune|p1a: Hoopa\n|\n|-damage|p1a: Hoopa|59\/100 brn|[from] brn\n|upkeep\n|turn|5\n|c|\u2606Nitro524|rip\n|c|\u2606acvo1|lol yeah mb\n|c|\u2606Nitro524|nw\n|\n|t:|1700375357\n|switch|p2a: Clodsire|Clodsire, F|100\/100\n|move|p1a: Hoopa|Thunderbolt|p2a: Clodsire\n|-immune|p2a: Clodsire\n|\n|-damage|p1a: Hoopa|53\/100 brn|[from] brn\n|upkeep\n|turn|6\n|\n|t:|1700375382\n|switch|p1a: Zapdos|Zapdos|100\/100\n|-terastallize|p2a: Clodsire|Water\n|move|p2a: Clodsire|Earthquake|p1a: Zapdos\n|-immune|p1a: Zapdos\n|\n|upkeep\n|turn|7\n|\n|t:|1700375389\n|move|p1a: Zapdos|Discharge|p2a: Clodsire\n|-supereffective|p2a: Clodsire\n|-damage|p2a: Clodsire|59\/100\n|move|p2a: Clodsire|Toxic|p1a: Zapdos\n|-status|p1a: Zapdos|tox\n|\n|-heal|p2a: Clodsire|65\/100|[from] item: Leftovers\n|-damage|p1a: Zapdos|94\/100 tox|[from] psn\n|upkeep\n|turn|8\n|\n|t:|1700375398\n|move|p1a: Zapdos|Discharge|p2a: Clodsire\n|-supereffective|p2a: Clodsire\n|-damage|p2a: Clodsire|26\/100\n|move|p2a: Clodsire|Recover|p2a: Clodsire\n|-heal|p2a: Clodsire|76\/100\n|\n|-heal|p2a: Clodsire|82\/100|[from] item: Leftovers\n|-damage|p1a: Zapdos|82\/100 tox|[from] psn\n|upkeep\n|turn|9\n|\n|t:|1700375411\n|move|p1a: Zapdos|Discharge|p2a: Clodsire\n|-supereffective|p2a: Clodsire\n|-damage|p2a: Clodsire|44\/100\n|move|p2a: Clodsire|Recover|p2a: Clodsire\n|-heal|p2a: Clodsire|94\/100\n|\n|-heal|p2a: Clodsire|99\/100|[from] item: Leftovers\n|-damage|p1a: Zapdos|64\/100 tox|[from] psn\n|upkeep\n|turn|10\n|\n|t:|1700375423\n|move|p1a: Zapdos|Discharge|p2a: Clodsire\n|-supereffective|p2a: Clodsire\n|-damage|p2a: Clodsire|61\/100\n|move|p2a: Clodsire|Spikes|p1a: Zapdos\n|-sidestart|p1: Nitro524|Spikes\n|\n|-heal|p2a: Clodsire|67\/100|[from] item: Leftovers\n|-damage|p1a: Zapdos|40\/100 tox|[from] psn\n|upkeep\n|turn|11\n|\n|t:|1700375431\n|switch|p1a: Garganacl|Garganacl, F|100\/100\n|-damage|p1a: Garganacl|88\/100|[from] Spikes\n|move|p2a: Clodsire|Spikes|p1a: Garganacl\n|-sidestart|p1: Nitro524|Spikes\n|\n|-heal|p1a: Garganacl|94\/100|[from] item: Leftovers\n|-heal|p2a: Clodsire|74\/100|[from] item: Leftovers\n|upkeep\n|turn|12\n|\n|t:|1700375450\n|switch|p2a: Milotic|Milotic, F|5\/100\n|move|p1a: Garganacl|Salt Cure|p2a: Milotic\n|-crit|p2a: Milotic\n|-damage|p2a: Milotic|0 fnt\n|faint|p2a: Milotic\n|\n|-heal|p1a: Garganacl|100\/100|[from] item: Leftovers\n|upkeep\n|c|\u2606Nitro524|crit totally mattered\n|\n|t:|1700375469\n|switch|p2a: Dragapult|Dragapult, M|100\/100\n|turn|13\n|\n|t:|1700375479\n|move|p2a: Dragapult|Draco Meteor|p1a: Garganacl\n|-damage|p1a: Garganacl|49\/100\n|-unboost|p2a: Dragapult|spa|2\n|move|p1a: Garganacl|Curse|p1a: Garganacl\n|-unboost|p1a: Garganacl|spe|1\n|-boost|p1a: Garganacl|atk|1\n|-boost|p1a: Garganacl|def|1\n|\n|-heal|p1a: Garganacl|55\/100|[from] item: Leftovers\n|upkeep\n|turn|14\n|\n|t:|1700375492\n|switch|p2a: Mandibuzz|Mandibuzz, F|100\/100\n|move|p1a: Garganacl|Recover|p1a: Garganacl\n|-heal|p1a: Garganacl|100\/100\n|\n|upkeep\n|turn|15\n|\n|t:|1700375501\n|move|p2a: Mandibuzz|Iron Defense|p2a: Mandibuzz\n|-boost|p2a: Mandibuzz|def|2\n|move|p1a: Garganacl|Salt Cure|p2a: Mandibuzz\n|-supereffective|p2a: Mandibuzz\n|-damage|p2a: Mandibuzz|89\/100\n|-start|p2a: Mandibuzz|Salt Cure\n|\n|-damage|p2a: Mandibuzz|76\/100|[from] Salt Cure\n|upkeep\n|turn|16\n|\n|t:|1700375511\n|move|p2a: Mandibuzz|Foul Play|p1a: Garganacl\n|-damage|p1a: Garganacl|78\/100\n|move|p1a: Garganacl|Curse|p1a: Garganacl\n|-unboost|p1a: Garganacl|spe|1\n|-boost|p1a: Garganacl|atk|1\n|-boost|p1a: Garganacl|def|1\n|\n|-heal|p1a: Garganacl|84\/100|[from] item: Leftovers\n|-damage|p2a: Mandibuzz|64\/100|[from] Salt Cure\n|upkeep\n|turn|17\n|\n|t:|1700375520\n|move|p2a: Mandibuzz|Foul Play|p1a: Garganacl\n|-damage|p1a: Garganacl|62\/100\n|move|p1a: Garganacl|Salt Cure|p2a: Mandibuzz\n|-supereffective|p2a: Mandibuzz\n|-damage|p2a: Mandibuzz|47\/100\n|\n|-heal|p1a: Garganacl|68\/100|[from] item: Leftovers\n|-damage|p2a: Mandibuzz|34\/100|[from] Salt Cure\n|upkeep\n|turn|18\n|\n|t:|1700375531\n|move|p2a: Mandibuzz|Roost|p2a: Mandibuzz\n|-heal|p2a: Mandibuzz|84\/100\n|-singleturn|p2a: Mandibuzz|move: Roost\n|move|p1a: Garganacl|Curse|p1a: Garganacl\n|-unboost|p1a: Garganacl|spe|1\n|-boost|p1a: Garganacl|atk|1\n|-boost|p1a: Garganacl|def|1\n|\n|-heal|p1a: Garganacl|75\/100|[from] item: Leftovers\n|-damage|p2a: Mandibuzz|72\/100|[from] Salt Cure\n|upkeep\n|turn|19\n|-message|acvo1 forfeited.\n|\n|win|Nitro524\n|raw|Nitro524's rating: 1336 &rarr; <strong>1352<\/strong><br \/>(+16 for winning)\n|raw|acvo1's rating: 1272 &rarr; <strong>1252<\/strong><br \/>(-20 for losing)\n|l|\u2606acvo1\n","uploadtime":1700375538,"views":23,"p1id":"nitro524","p2id":"acvo1","formatid":"gen9ou","rating":1252,"private":0,"password":""}