{"id":"gen9ou-1998373213","p1":"dragonbrrr","p2":"Wylderrr","format":"[Gen 9] OU","log":"|j|\u2606dragonbrrr\n|j|\u2606Wylderrr\n|t:|1700935081\n|gametype|singles\n|player|p1|dragonbrrr|unknownf|1512\n|player|p2|Wylderrr|colress|1537\n|teamsize|p1|6\n|teamsize|p2|6\n|gen|9\n|tier|[Gen 9] OU\n|rated|\n|rule|Sleep Clause Mod: Limit one foe put to sleep\n|rule|Species Clause: Limit one of each Pok\u00e9mon\n|rule|OHKO Clause: OHKO moves are banned\n|rule|Evasion Items Clause: Evasion items are banned\n|rule|Evasion Moves Clause: Evasion moves are banned\n|rule|Endless Battle Clause: Forcing endless battles is banned\n|rule|HP Percentage Mod: HP is shown in percentages\n|clearpoke\n|poke|p1|Skeledirge, F|\n|poke|p1|Corviknight, F|\n|poke|p1|Clefable, F|\n|poke|p1|Dragapult, F|\n|poke|p1|Blissey, F|\n|poke|p1|Clodsire, F|\n|poke|p2|Landorus-Therian, M|\n|poke|p2|Iron Treads|\n|poke|p2|Ogerpon-Wellspring, F|\n|poke|p2|Dragapult, F|\n|poke|p2|Kingambit, M|\n|poke|p2|Enamorus, F|\n|teampreview\n|inactive|Battle timer is ON: inactive players will automatically lose when time's up. (requested by Wylderrr)\n|\n|t:|1700935108\n|start\n|switch|p1a: Corviknight|Corviknight, F|100\/100\n|switch|p2a: Iron Treads|Iron Treads|100\/100\n|-ability|p1a: Corviknight|Pressure\n|turn|1\n|\n|t:|1700935117\n|move|p2a: Iron Treads|Stealth Rock|p1a: Corviknight\n|-sidestart|p1: dragonbrrr|move: Stealth Rock\n|move|p1a: Corviknight|Taunt|p2a: Iron Treads\n|-start|p2a: Iron Treads|move: Taunt\n|\n|upkeep\n|turn|2\n|\n|t:|1700935122\n|move|p2a: Iron Treads|Volt Switch|p1a: Corviknight\n|-supereffective|p1a: Corviknight\n|-damage|p1a: Corviknight|77\/100\n|\n|t:|1700935125\n|-end|p2a: Iron Treads|Quark Drive|[silent]\n|switch|p2a: Landorus|Landorus-Therian, M|100\/100|[from] Volt Switch\n|-ability|p2a: Landorus|Intimidate|boost\n|-unboost|p1a: Corviknight|atk|1\n|move|p1a: Corviknight|Iron Defense|p1a: Corviknight\n|-boost|p1a: Corviknight|def|2\n|\n|upkeep\n|turn|3\n|\n|t:|1700935133\n|move|p2a: Landorus|Calm Mind|p2a: Landorus\n|-boost|p2a: Landorus|spa|1\n|-boost|p2a: Landorus|spd|1\n|move|p1a: Corviknight|Iron Defense|p1a: Corviknight\n|-boost|p1a: Corviknight|def|2\n|\n|upkeep\n|turn|4\n|c|\u2606dragonbrrr|:(\n|c|\u2606Wylderrr|lol\n|\n|t:|1700935153\n|switch|p1a: Blissey|Blissey, F|100\/100\n|move|p2a: Landorus|Calm Mind|p2a: Landorus\n|-boost|p2a: Landorus|spa|1\n|-boost|p2a: Landorus|spd|1\n|\n|upkeep\n|turn|5\n|\n|t:|1700935174\n|switch|p2a: Ogerpon|Ogerpon-Wellspring, F|100\/100\n|move|p1a: Blissey|Stealth Rock|p2a: Ogerpon\n|-sidestart|p2: Wylderrr|move: Stealth Rock\n|\n|upkeep\n|turn|6\n|\n|t:|1700935182\n|move|p1a: Blissey|Protect|p1a: Blissey\n|-singleturn|p1a: Blissey|Protect\n|move|p2a: Ogerpon|U-turn|p1a: Blissey\n|-activate|p1a: Blissey|move: Protect\n|\n|upkeep\n|turn|7\n|\n|t:|1700935195\n|switch|p1a: Dragapult|Dragapult, F|100\/100\n|move|p2a: Ogerpon|Ivy Cudgel|p1a: Dragapult|[anim] Ivy Cudgel Water\n|-resisted|p1a: Dragapult\n|-damage|p1a: Dragapult|57\/100\n|\n|upkeep\n|turn|8\n|\n|t:|1700935205\n|move|p1a: Dragapult|Will-O-Wisp|p2a: Ogerpon\n|-status|p2a: Ogerpon|brn\n|move|p2a: Ogerpon|U-turn|p1a: Dragapult\n|-resisted|p1a: Dragapult\n|-damage|p1a: Dragapult|48\/100\n|inactive|Wylderrr has 120 seconds left.\n|inactive|Wylderrr has 90 seconds left.\n|\n|t:|1700935265\n|switch|p2a: Iron Treads|Iron Treads|100\/100|[from] U-turn\n|\n|upkeep\n|turn|9\n|\n|t:|1700935278\n|move|p1a: Dragapult|U-turn|p2a: Iron Treads\n|-resisted|p2a: Iron Treads\n|-damage|p2a: Iron Treads|94\/100\n|\n|t:|1700935291\n|switch|p1a: Corviknight|Corviknight, F|77\/100|[from] U-turn\n|-ability|p1a: Corviknight|Pressure\n|move|p2a: Iron Treads|Earthquake|p1a: Corviknight\n|-immune|p1a: Corviknight\n|\n|upkeep\n|turn|10\n|\n|t:|1700935306\n|move|p2a: Iron Treads|Volt Switch|p1a: Corviknight\n|-supereffective|p1a: Corviknight\n|-damage|p1a: Corviknight|57\/100\n|\n|t:|1700935309\n|-end|p2a: Iron Treads|Quark Drive|[silent]\n|switch|p2a: Enamorus|Enamorus, F|100\/100|[from] Volt Switch\n|move|p1a: Corviknight|Roost|p1a: Corviknight\n|-heal|p1a: Corviknight|100\/100\n|-singleturn|p1a: Corviknight|move: Roost\n|\n|upkeep\n|turn|11\n|inactive|Wylderrr has 120 seconds left.\n|\n|t:|1700935326\n|switch|p2a: Kingambit|Kingambit, M|100\/100\n|-damage|p2a: Kingambit|94\/100|[from] Stealth Rock\n|switch|p1a: Clodsire|Clodsire, F|100\/100\n|\n|-heal|p2a: Kingambit|100\/100|[from] item: Leftovers\n|upkeep\n|turn|12\n|\n|t:|1700935339\n|switch|p1a: Corviknight|Corviknight, F|100\/100\n|-ability|p1a: Corviknight|Pressure\n|move|p2a: Kingambit|Swords Dance|p2a: Kingambit\n|-boost|p2a: Kingambit|atk|2\n|\n|upkeep\n|turn|13\n|\n|t:|1700935352\n|-terastallize|p2a: Kingambit|Fairy\n|move|p1a: Corviknight|Iron Defense|p1a: Corviknight\n|-boost|p1a: Corviknight|def|2\n|move|p2a: Kingambit|Swords Dance|p2a: Kingambit\n|-boost|p2a: Kingambit|atk|2\n|\n|upkeep\n|turn|14\n|\n|t:|1700935358\n|move|p1a: Corviknight|Iron Defense|p1a: Corviknight\n|-boost|p1a: Corviknight|def|2\n|move|p2a: Kingambit|Kowtow Cleave|p1a: Corviknight\n|-damage|p1a: Corviknight|69\/100\n|\n|upkeep\n|turn|15\n|\n|t:|1700935366\n|move|p1a: Corviknight|Taunt|p2a: Kingambit\n|-start|p2a: Kingambit|move: Taunt\n|move|p2a: Kingambit|Kowtow Cleave|p1a: Corviknight\n|-damage|p1a: Corviknight|37\/100\n|\n|upkeep\n|turn|16\n|\n|t:|1700935375\n|-end|p2a: Kingambit|fallenundefined|[silent]\n|switch|p2a: Dragapult|Dragapult, F|100\/100\n|-damage|p2a: Dragapult|88\/100|[from] Stealth Rock\n|move|p1a: Corviknight|Iron Defense|p1a: Corviknight\n|-boost|p1a: Corviknight|def|2\n|\n|-heal|p2a: Dragapult|94\/100|[from] item: Leftovers\n|upkeep\n|turn|17\n|\n|t:|1700935385\n|switch|p1a: clefunable|Clefable, F|100\/100\n|move|p2a: Dragapult|Hex|p1a: clefunable\n|-damage|p1a: clefunable|74\/100\n|\n|-heal|p2a: Dragapult|99\/100|[from] item: Leftovers\n|-heal|p1a: clefunable|80\/100|[from] item: Leftovers\n|upkeep\n|turn|18\n|\n|t:|1700935388\n|move|p2a: Dragapult|Substitute|p2a: Dragapult\n|-start|p2a: Dragapult|Substitute\n|-damage|p2a: Dragapult|75\/100\n|move|p1a: clefunable|Knock Off|p2a: Dragapult\n|-supereffective|p2a: Dragapult\n|-end|p2a: Dragapult|Substitute\n|\n|-heal|p2a: Dragapult|81\/100|[from] item: Leftovers\n|-heal|p1a: clefunable|86\/100|[from] item: Leftovers\n|upkeep\n|turn|19\n|\n|t:|1700935398\n|move|p2a: Dragapult|Will-O-Wisp|p1a: clefunable\n|-status|p1a: clefunable|brn\n|move|p1a: clefunable|Knock Off|p2a: Dragapult\n|-supereffective|p2a: Dragapult\n|-damage|p2a: Dragapult|59\/100\n|-enditem|p2a: Dragapult|Leftovers|[from] move: Knock Off|[of] p1a: clefunable\n|\n|-heal|p1a: clefunable|92\/100 brn|[from] item: Leftovers\n|upkeep\n|turn|20\n|\n|t:|1700935406\n|move|p2a: Dragapult|Substitute|p2a: Dragapult\n|-start|p2a: Dragapult|Substitute\n|-damage|p2a: Dragapult|35\/100\n|move|p1a: clefunable|Moonblast|p2a: Dragapult\n|-supereffective|p2a: Dragapult\n|-end|p2a: Dragapult|Substitute\n|\n|-heal|p1a: clefunable|98\/100 brn|[from] item: Leftovers\n|upkeep\n|turn|21\n|\n|t:|1700935411\n|move|p2a: Dragapult|Hex|p1a: clefunable\n|-damage|p1a: clefunable|44\/100 brn\n|move|p1a: clefunable|Knock Off|p2a: Dragapult\n|-supereffective|p2a: Dragapult\n|-damage|p2a: Dragapult|20\/100\n|\n|-heal|p1a: clefunable|50\/100 brn|[from] item: Leftovers\n|upkeep\n|turn|22\n|\n|t:|1700935414\n|move|p1a: clefunable|Protect|p1a: clefunable\n|-singleturn|p1a: clefunable|Protect\n|move|p2a: Dragapult|Hex|p1a: clefunable\n|-activate|p1a: clefunable|move: Protect\n|\n|-heal|p1a: clefunable|56\/100 brn|[from] item: Leftovers\n|upkeep\n|turn|23\n|\n|t:|1700935432\n|move|p2a: Dragapult|Hex|p1a: clefunable\n|-damage|p1a: clefunable|5\/100 brn\n|move|p1a: clefunable|Wish|p1a: clefunable\n|\n|-heal|p1a: clefunable|11\/100 brn|[from] item: Leftovers\n|upkeep\n|turn|24\n|\n|t:|1700935448\n|switch|p2a: Kingambit|Kingambit, M, tera:Fairy|100\/100\n|-damage|p2a: Kingambit|88\/100|[from] Stealth Rock\n|move|p1a: clefunable|Protect||[still]\n|-fail|p1a: clefunable\n|\n|-heal|p1a: clefunable|61\/100 brn|[from] move: Wish|[wisher] clefunable\n|-heal|p1a: clefunable|67\/100 brn|[from] item: Leftovers\n|-heal|p2a: Kingambit|94\/100|[from] item: Leftovers\n|upkeep\n|turn|25\n|\n|t:|1700935472\n|move|p1a: clefunable|Knock Off|p2a: Kingambit\n|-resisted|p2a: Kingambit\n|-damage|p2a: Kingambit|91\/100\n|-enditem|p2a: Kingambit|Leftovers|[from] move: Knock Off|[of] p1a: clefunable\n|move|p2a: Kingambit|Swords Dance|p2a: Kingambit\n|-boost|p2a: Kingambit|atk|2\n|\n|-heal|p1a: clefunable|73\/100 brn|[from] item: Leftovers\n|upkeep\n|turn|26\n|\n|t:|1700935485\n|move|p1a: clefunable|Protect|p1a: clefunable\n|-singleturn|p1a: clefunable|Protect\n|move|p2a: Kingambit|Swords Dance|p2a: Kingambit\n|-boost|p2a: Kingambit|atk|2\n|\n|-heal|p1a: clefunable|79\/100 brn|[from] item: Leftovers\n|upkeep\n|turn|27\n|inactive|dragonbrrr has 120 seconds left.\n|\n|t:|1700935505\n|switch|p1a: Blissey|Blissey, F|100\/100\n|move|p2a: Kingambit|Iron Head|p1a: Blissey\n|-damage|p1a: Blissey|0 fnt\n|faint|p1a: Blissey\n|\n|upkeep\n|inactive|dragonbrrr has 120 seconds left.\n|\n|t:|1700935517\n|switch|p1a: Dragapult|Dragapult, F|48\/100\n|turn|28\n|\n|t:|1700935524\n|move|p1a: Dragapult|Will-O-Wisp|p2a: Kingambit\n|-status|p2a: Kingambit|brn\n|move|p2a: Kingambit|Kowtow Cleave|p1a: Dragapult\n|-supereffective|p1a: Dragapult\n|-damage|p1a: Dragapult|0 fnt\n|faint|p1a: Dragapult\n|\n|-damage|p2a: Kingambit|85\/100 brn|[from] brn\n|upkeep\n|inactive|dragonbrrr has 120 seconds left.\n|\n|t:|1700935543\n|switch|p1a: Skeledirge|Skeledirge, F|100\/100\n|turn|29\n|inactive|dragonbrrr has 120 seconds left.\n|\n|t:|1700935564\n|-terastallize|p1a: Skeledirge|Water\n|move|p1a: Skeledirge|Torch Song|p2a: Kingambit\n|-damage|p2a: Kingambit|57\/100 brn\n|-boost|p1a: Skeledirge|spa|1\n|move|p2a: Kingambit|Kowtow Cleave|p1a: Skeledirge\n|-damage|p1a: Skeledirge|86\/100\n|\n|-damage|p2a: Kingambit|51\/100 brn|[from] brn\n|upkeep\n|turn|30\n|inactive|Wylderrr has 120 seconds left.\n|\n|t:|1700935610\n|-end|p2a: Kingambit|fallenundefined|[silent]\n|switch|p2a: Iron Treads|Iron Treads|94\/100\n|move|p1a: Skeledirge|Hex|p2a: Iron Treads\n|-damage|p2a: Iron Treads|52\/100\n|\n|upkeep\n|turn|31\n|\n|t:|1700935618\n|switch|p1a: Clodsire|Clodsire, F|100\/100\n|move|p2a: Iron Treads|Rapid Spin|p1a: Clodsire\n|-damage|p1a: Clodsire|87\/100\n|-boost|p2a: Iron Treads|spe|1\n|-sideend|p2: Wylderrr|Stealth Rock|[from] move: Rapid Spin|[of] p2a: Iron Treads\n|\n|upkeep\n|turn|32\n|\n|t:|1700935635\n|switch|p1a: Corviknight|Corviknight, F|37\/100\n|-ability|p1a: Corviknight|Pressure\n|move|p2a: Iron Treads|Earthquake|p1a: Corviknight\n|-immune|p1a: Corviknight\n|\n|upkeep\n|turn|33\n|\n|t:|1700935647\n|switch|p1a: Clodsire|Clodsire, F|87\/100\n|move|p2a: Iron Treads|Volt Switch|p1a: Clodsire\n|-immune|p1a: Clodsire\n|\n|upkeep\n|turn|34\n|\n|t:|1700935657\n|switch|p1a: Corviknight|Corviknight, F|37\/100\n|-ability|p1a: Corviknight|Pressure\n|move|p2a: Iron Treads|Earthquake|p1a: Corviknight\n|-immune|p1a: Corviknight\n|\n|upkeep\n|turn|35\n|\n|t:|1700935671\n|switch|p1a: clefunable|Clefable, F|79\/100 brn\n|move|p2a: Iron Treads|Volt Switch|p1a: clefunable\n|-damage|p1a: clefunable|68\/100 brn\n|inactive|Wylderrr has 120 seconds left.\n|\n|t:|1700935722\n|-end|p2a: Iron Treads|Quark Drive|[silent]\n|switch|p2a: Dragapult|Dragapult, F|20\/100|[from] Volt Switch\n|\n|-heal|p1a: clefunable|74\/100 brn|[from] item: Leftovers\n|upkeep\n|turn|36\n|inactive|dragonbrrr has 120 seconds left.\n|\n|t:|1700935732\n|move|p1a: clefunable|Protect|p1a: clefunable\n|-singleturn|p1a: clefunable|Protect\n|move|p2a: Dragapult|Hex|p1a: clefunable\n|-activate|p1a: clefunable|move: Protect\n|\n|-heal|p1a: clefunable|80\/100 brn|[from] item: Leftovers\n|upkeep\n|turn|37\n|inactive|dragonbrrr has 120 seconds left.\n|\n|t:|1700935742\n|move|p2a: Dragapult|Hex|p1a: clefunable\n|-damage|p1a: clefunable|29\/100 brn\n|move|p1a: clefunable|Wish|p1a: clefunable\n|\n|-heal|p1a: clefunable|35\/100 brn|[from] item: Leftovers\n|upkeep\n|turn|38\n|\n|t:|1700935751\n|switch|p2a: Enamorus|Enamorus, F|100\/100\n|move|p1a: clefunable|Protect||[still]\n|-fail|p1a: clefunable\n|\n|-heal|p1a: clefunable|85\/100 brn|[from] move: Wish|[wisher] clefunable\n|-heal|p1a: clefunable|91\/100 brn|[from] item: Leftovers\n|upkeep\n|turn|39\n|\n|t:|1700935762\n|move|p2a: Enamorus|Calm Mind|p2a: Enamorus\n|-boost|p2a: Enamorus|spa|1\n|-boost|p2a: Enamorus|spd|1\n|move|p1a: clefunable|Knock Off|p2a: Enamorus\n|-resisted|p2a: Enamorus\n|-damage|p2a: Enamorus|95\/100\n|-enditem|p2a: Enamorus|Heavy-Duty Boots|[from] move: Knock Off|[of] p1a: clefunable\n|\n|-heal|p1a: clefunable|97\/100 brn|[from] item: Leftovers\n|upkeep\n|turn|40\n|\n|t:|1700935766\n|switch|p1a: Clodsire|Clodsire, F|87\/100\n|move|p2a: Enamorus|Calm Mind|p2a: Enamorus\n|-boost|p2a: Enamorus|spa|1\n|-boost|p2a: Enamorus|spd|1\n|\n|upkeep\n|turn|41\n|\n|t:|1700935781\n|move|p2a: Enamorus|Earth Power|p1a: Clodsire\n|-supereffective|p1a: Clodsire\n|-damage|p1a: Clodsire|20\/100\n|move|p1a: Clodsire|Toxic|p2a: Enamorus\n|-status|p2a: Enamorus|tox\n|\n|-damage|p2a: Enamorus|88\/100 tox|[from] psn\n|upkeep\n|turn|42\n|\n|t:|1700935801\n|switch|p1a: Corviknight|Corviknight, F|37\/100\n|-ability|p1a: Corviknight|Pressure\n|move|p2a: Enamorus|Earth Power|p1a: Corviknight\n|-immune|p1a: Corviknight\n|\n|-damage|p2a: Enamorus|76\/100 tox|[from] psn\n|upkeep\n|turn|43\n|\n|t:|1700935822\n|switch|p1a: clefunable|Clefable, F|97\/100 brn\n|move|p2a: Enamorus|Moonblast|p1a: clefunable\n|-damage|p1a: clefunable|6\/100 brn\n|\n|-heal|p1a: clefunable|12\/100 brn|[from] item: Leftovers\n|-damage|p2a: Enamorus|57\/100 tox|[from] psn\n|upkeep\n|turn|44\n|\n|t:|1700935830\n|move|p1a: clefunable|Protect|p1a: clefunable\n|-singleturn|p1a: clefunable|Protect\n|move|p2a: Enamorus|Moonblast|p1a: clefunable\n|-activate|p1a: clefunable|move: Protect\n|\n|-heal|p1a: clefunable|18\/100 brn|[from] item: Leftovers\n|-damage|p2a: Enamorus|32\/100 tox|[from] psn\n|upkeep\n|turn|45\n|\n|t:|1700935849\n|switch|p1a: Clodsire|Clodsire, F|20\/100\n|move|p2a: Enamorus|Moonblast|p1a: Clodsire\n|-resisted|p1a: Clodsire\n|-damage|p1a: Clodsire|0 fnt\n|faint|p1a: Clodsire\n|\n|-damage|p2a: Enamorus|1\/100 tox|[from] psn\n|upkeep\n|\n|t:|1700935857\n|switch|p1a: clefunable|Clefable, F|18\/100 brn\n|turn|46\n|inactive|Wylderrr has 120 seconds left.\n|inactive|Wylderrr has 90 seconds left.\n|inactive|Wylderrr has 60 seconds left.\n|inactive|Wylderrr has 30 seconds left.\n|inactive|dragonbrrr has 120 seconds left.\n|inactive|Wylderrr has 20 seconds left.\n|inactive|Wylderrr has 15 seconds left.\n|inactive|Wylderrr has 10 seconds left.\n|inactive|Wylderrr has 5 seconds left.\n|-message|Wylderrr lost due to inactivity.\n|\n|win|dragonbrrr\n|raw|dragonbrrr's rating: 1512 &rarr; <strong>1533<\/strong><br \/>(+21 for winning)\n|raw|Wylderrr's rating: 1537 &rarr; <strong>1516<\/strong><br \/>(-21 for losing)\n","uploadtime":1700936012,"views":1,"p1id":"dragonbrrr","p2id":"wylderrr","formatid":"gen9ou","rating":1516,"private":0,"password":""}