{"id":"gen9ou-1999585524","p1":"liaoya","p2":"lajt","format":"[Gen 9] OU","log":"|j|\u2606liaoya\n|j|\u2606lajt\n|t:|1701098656\n|gametype|singles\n|player|p1|liaoya|petrel|1533\n|player|p2|lajt|sightseerf|1600\n|teamsize|p1|6\n|teamsize|p2|6\n|gen|9\n|tier|[Gen 9] OU\n|rated|\n|rule|Sleep Clause Mod: Limit one foe put to sleep\n|rule|Species Clause: Limit one of each Pok\u00e9mon\n|rule|OHKO Clause: OHKO moves are banned\n|rule|Evasion Items Clause: Evasion items are banned\n|rule|Evasion Moves Clause: Evasion moves are banned\n|rule|Endless Battle Clause: Forcing endless battles is banned\n|rule|HP Percentage Mod: HP is shown in percentages\n|clearpoke\n|poke|p1|Drifblim, M|\n|poke|p1|Garganacl, M|\n|poke|p1|Umbreon, M|\n|poke|p1|Rotom-Wash|\n|poke|p1|Glimmora, M|\n|poke|p1|Espeon, F|\n|poke|p2|Glimmora, M|\n|poke|p2|Ceruledge, F|\n|poke|p2|Dragonite, M|\n|poke|p2|Iron Valiant|\n|poke|p2|Kingambit, M|\n|poke|p2|Ogerpon-Wellspring, F|\n|teampreview\n|inactive|Battle timer is ON: inactive players will automatically lose when time's up. (requested by lajt)\n|\n|t:|1701098665\n|start\n|switch|p1a: Rotom|Rotom-Wash|100\/100\n|switch|p2a: Glimmora|Glimmora, M|100\/100\n|turn|1\n|\n|t:|1701098670\n|move|p1a: Rotom|Volt Switch|p2a: Glimmora\n|-damage|p2a: Glimmora|61\/100\n|\n|t:|1701098673\n|switch|p1a: Espeon|Espeon, F|100\/100|[from] Volt Switch\n|move|p2a: Glimmora|Stealth Rock|p1a: Espeon\n|move|p1a: Espeon|Stealth Rock|p2a: Glimmora|[from]ability: Magic Bounce\n|-sidestart|p2: lajt|move: Stealth Rock\n|\n|upkeep\n|turn|2\n|\n|t:|1701098678\n|switch|p2a: Kingambit|Kingambit, M|100\/100\n|-damage|p2a: Kingambit|94\/100|[from] Stealth Rock\n|move|p1a: Espeon|Psyshock|p2a: Kingambit\n|-immune|p2a: Kingambit\n|\n|-heal|p2a: Kingambit|100\/100|[from] item: Leftovers\n|upkeep\n|turn|3\n|\n|t:|1701098686\n|switch|p1a: Rotom|Rotom-Wash|100\/100\n|move|p2a: Kingambit|Kowtow Cleave|p1a: Rotom\n|-damage|p1a: Rotom|52\/100\n|\n|upkeep\n|turn|4\n|\n|t:|1701098693\n|-end|p2a: Kingambit|fallenundefined|[silent]\n|switch|p2a: Glimmora|Glimmora, M|61\/100\n|-damage|p2a: Glimmora|49\/100|[from] Stealth Rock\n|move|p1a: Rotom|Will-O-Wisp|p2a: Glimmora\n|-status|p2a: Glimmora|brn\n|\n|-damage|p2a: Glimmora|43\/100 brn|[from] brn\n|upkeep\n|turn|5\n|j| Seleukos\n|\n|t:|1701098701\n|switch|p1a: Garganacl|Garganacl, M, shiny|100\/100\n|move|p2a: Glimmora|Mortal Spin|p1a: Garganacl\n|-resisted|p1a: Garganacl\n|-damage|p1a: Garganacl|99\/100\n|-sideend|p2: lajt|Stealth Rock|[from] move: Mortal Spin|[of] p2a: Glimmora\n|\n|-heal|p1a: Garganacl|100\/100|[from] item: Leftovers\n|-damage|p2a: Glimmora|37\/100 brn|[from] brn\n|upkeep\n|turn|6\n|\n|t:|1701098710\n|move|p2a: Glimmora|Earth Power|p1a: Garganacl\n|-supereffective|p1a: Garganacl\n|-damage|p1a: Garganacl|58\/100\n|move|p1a: Garganacl|Salt Cure|p2a: Glimmora\n|-damage|p2a: Glimmora|19\/100 brn\n|-start|p2a: Glimmora|Salt Cure\n|-activate|p2a: Glimmora|ability: Toxic Debris\n|-sidestart|p1: liaoya|move: Toxic Spikes\n|\n|-heal|p1a: Garganacl|64\/100|[from] item: Leftovers\n|-damage|p2a: Glimmora|13\/100 brn|[from] brn\n|-damage|p2a: Glimmora|0 fnt|[from] Salt Cure\n|faint|p2a: Glimmora\n|upkeep\n|\n|t:|1701098727\n|switch|p2a: Ogerpon|Ogerpon-Wellspring, F|100\/100\n|turn|7\n|\n|t:|1701098736\n|switch|p1a: Glimmora|Glimmora, M|100\/100\n|-sideend|p1: liaoya|move: Toxic Spikes|[of] p1a: Glimmora\n|move|p2a: Ogerpon|Ivy Cudgel|p1a: Glimmora|[anim] Ivy Cudgel Water\n|-supereffective|p1a: Glimmora\n|-damage|p1a: Glimmora|16\/100\n|-activate|p1a: Glimmora|ability: Toxic Debris\n|-sidestart|p2: lajt|move: Toxic Spikes\n|\n|upkeep\n|turn|8\n|\n|t:|1701098744\n|move|p2a: Ogerpon|Ivy Cudgel|p1a: Glimmora|[anim] Ivy Cudgel Water\n|-supereffective|p1a: Glimmora\n|-damage|p1a: Glimmora|0 fnt\n|-activate|p1a: Glimmora|ability: Toxic Debris\n|-sidestart|p2: lajt|move: Toxic Spikes\n|faint|p1a: Glimmora\n|\n|upkeep\n|\n|t:|1701098751\n|switch|p1a: Umbreon|Umbreon, M, shiny|100\/100\n|turn|9\n|\n|t:|1701098756\n|move|p2a: Ogerpon|Swords Dance|p2a: Ogerpon\n|-boost|p2a: Ogerpon|atk|2\n|move|p1a: Umbreon|Foul Play|p2a: Ogerpon\n|-damage|p2a: Ogerpon|0 fnt\n|faint|p2a: Ogerpon\n|\n|upkeep\n|\n|t:|1701098763\n|switch|p2a: Iron Valiant|Iron Valiant|100\/100\n|-status|p2a: Iron Valiant|tox\n|-enditem|p2a: Iron Valiant|Booster Energy\n|-activate|p2a: Iron Valiant|ability: Quark Drive|[fromitem]\n|-start|p2a: Iron Valiant|quarkdrivespe\n|turn|10\n|\n|t:|1701098769\n|move|p1a: Umbreon|Protect|p1a: Umbreon\n|-singleturn|p1a: Umbreon|Protect\n|move|p2a: Iron Valiant|Moonblast|p1a: Umbreon\n|-activate|p1a: Umbreon|move: Protect\n|\n|-damage|p2a: Iron Valiant|94\/100 tox|[from] psn\n|upkeep\n|turn|11\n|\n|t:|1701098775\n|switch|p1a: Espeon|Espeon, F|100\/100\n|move|p2a: Iron Valiant|Moonblast|p1a: Espeon\n|-damage|p1a: Espeon|55\/100\n|-unboost|p1a: Espeon|spa|1\n|\n|-damage|p2a: Iron Valiant|82\/100 tox|[from] psn\n|upkeep\n|turn|12\n|\n|t:|1701098779\n|move|p2a: Iron Valiant|Knock Off|p1a: Espeon\n|-supereffective|p1a: Espeon\n|-damage|p1a: Espeon|0 fnt\n|-enditem|p1a: Espeon|Choice Scarf|[from] move: Knock Off|[of] p2a: Iron Valiant\n|faint|p1a: Espeon\n|\n|-damage|p2a: Iron Valiant|63\/100 tox|[from] psn\n|upkeep\n|\n|t:|1701098788\n|switch|p1a: Drifblim|Drifblim, M|100\/100\n|turn|13\n|\n|t:|1701098791\n|move|p2a: Iron Valiant|Knock Off|p1a: Drifblim\n|-supereffective|p1a: Drifblim\n|-damage|p1a: Drifblim|12\/100\n|-enditem|p1a: Drifblim|Choice Scarf|[from] move: Knock Off|[of] p2a: Iron Valiant\n|move|p1a: Drifblim|Destiny Bond|p1a: Drifblim\n|-singlemove|p1a: Drifblim|Destiny Bond\n|\n|-damage|p2a: Iron Valiant|38\/100 tox|[from] psn\n|upkeep\n|turn|14\n|\n|t:|1701098805\n|move|p2a: Iron Valiant|Knock Off|p1a: Drifblim\n|-supereffective|p1a: Drifblim\n|-damage|p1a: Drifblim|0 fnt\n|-damage|p2a: Iron Valiant|13\/100 tox|[from] ability: Aftermath|[of] p1a: Drifblim\n|faint|p1a: Drifblim\n|-activate|p1a: Drifblim|move: Destiny Bond\n|faint|p2a: Iron Valiant\n|-end|p2a: Iron Valiant|Quark Drive|[silent]\n|\n|upkeep\n|\n|t:|1701098811\n|switch|p2a: Kingambit|Kingambit, M|100\/100\n|switch|p1a: Umbreon|Umbreon, M, shiny|100\/100\n|-activate|p2a: Kingambit|ability: Supreme Overlord\n|-start|p2a: Kingambit|fallen3|[silent]\n|turn|15\n|\n|t:|1701098815\n|move|p1a: Umbreon|Yawn|p2a: Kingambit\n|-start|p2a: Kingambit|move: Yawn|[of] p1a: Umbreon\n|move|p2a: Kingambit|Iron Head|p1a: Umbreon\n|-damage|p1a: Umbreon|64\/100\n|\n|-heal|p1a: Umbreon|70\/100|[from] item: Leftovers\n|upkeep\n|turn|16\n|\n|t:|1701098822\n|-end|p2a: Kingambit|fallen3|[silent]\n|switch|p2a: Dragonite|Dragonite, M|100\/100\n|move|p1a: Umbreon|Wish|p1a: Umbreon\n|\n|-heal|p1a: Umbreon|76\/100|[from] item: Leftovers\n|upkeep\n|turn|17\n|\n|t:|1701098831\n|switch|p2a: Kingambit|Kingambit, M|100\/100\n|-activate|p2a: Kingambit|ability: Supreme Overlord\n|-start|p2a: Kingambit|fallen3|[silent]\n|move|p1a: Umbreon|Foul Play|p2a: Kingambit\n|-resisted|p2a: Kingambit\n|-damage|p2a: Kingambit|79\/100\n|\n|-heal|p1a: Umbreon|100\/100|[from] move: Wish|[wisher] Umbreon\n|-heal|p2a: Kingambit|85\/100|[from] item: Leftovers\n|upkeep\n|turn|18\n|\n|t:|1701098835\n|move|p1a: Umbreon|Yawn|p2a: Kingambit\n|-start|p2a: Kingambit|move: Yawn|[of] p1a: Umbreon\n|move|p2a: Kingambit|Iron Head|p1a: Umbreon\n|-damage|p1a: Umbreon|62\/100\n|\n|-heal|p1a: Umbreon|68\/100|[from] item: Leftovers\n|-heal|p2a: Kingambit|91\/100|[from] item: Leftovers\n|upkeep\n|turn|19\n|\n|t:|1701098844\n|move|p1a: Umbreon|Foul Play|p2a: Kingambit\n|-resisted|p2a: Kingambit\n|-damage|p2a: Kingambit|71\/100\n|move|p2a: Kingambit|Swords Dance|p2a: Kingambit\n|-boost|p2a: Kingambit|atk|2\n|\n|-heal|p1a: Umbreon|74\/100|[from] item: Leftovers\n|-heal|p2a: Kingambit|77\/100|[from] item: Leftovers\n|-end|p2a: Kingambit|move: Yawn|[silent]\n|-status|p2a: Kingambit|slp\n|upkeep\n|turn|20\n|\n|t:|1701098851\n|move|p1a: Umbreon|Foul Play|p2a: Kingambit\n|-resisted|p2a: Kingambit\n|-damage|p2a: Kingambit|35\/100 slp\n|cant|p2a: Kingambit|slp\n|\n|-heal|p1a: Umbreon|80\/100|[from] item: Leftovers\n|-heal|p2a: Kingambit|41\/100 slp|[from] item: Leftovers\n|upkeep\n|turn|21\n|\n|t:|1701098859\n|move|p1a: Umbreon|Foul Play|p2a: Kingambit\n|-resisted|p2a: Kingambit\n|-crit|p2a: Kingambit\n|-damage|p2a: Kingambit|0 fnt\n|faint|p2a: Kingambit\n|-end|p2a: Kingambit|fallen3|[silent]\n|\n|-heal|p1a: Umbreon|87\/100|[from] item: Leftovers\n|upkeep\n|\n|t:|1701098862\n|switch|p2a: Dragonite|Dragonite, M|100\/100\n|turn|22\n|-message|lajt forfeited.\n|\n|win|liaoya\n|raw|liaoya's rating: 1533 &rarr; <strong>1557<\/strong><br \/>(+24 for winning)\n|raw|lajt's rating: 1600 &rarr; <strong>1576<\/strong><br \/>(-24 for losing)\n|l|\u2606lajt\n","uploadtime":1701098868,"views":5,"p1id":"liaoya","p2id":"lajt","formatid":"gen9ou","rating":1557,"private":0,"password":""}