{"id":"gen9ou-1994346348","p1":"Foodflavoredfood","p2":"Leonardobug","format":"[Gen 9] OU","log":"|j|\u2606Foodflavoredfood\n|j|\u2606Leonardobug\n|t:|1700433542\n|gametype|singles\n|player|p1|Foodflavoredfood|102|1394\n|player|p2|Leonardobug|benga|1364\n|teamsize|p1|6\n|teamsize|p2|6\n|gen|9\n|tier|[Gen 9] OU\n|rated|\n|rule|Sleep Clause Mod: Limit one foe put to sleep\n|rule|Species Clause: Limit one of each Pok\u00e9mon\n|rule|OHKO Clause: OHKO moves are banned\n|rule|Evasion Items Clause: Evasion items are banned\n|rule|Evasion Moves Clause: Evasion moves are banned\n|rule|Endless Battle Clause: Forcing endless battles is banned\n|rule|HP Percentage Mod: HP is shown in percentages\n|clearpoke\n|poke|p1|Meowscarada, M|\n|poke|p1|Zapdos|\n|poke|p1|Great Tusk|\n|poke|p1|Gholdengo|\n|poke|p1|Ting-Lu|\n|poke|p1|Arcanine-Hisui, M|\n|poke|p2|Ribombee, M|\n|poke|p2|Manaphy|\n|poke|p2|Kingambit, M|\n|poke|p2|Great Tusk|\n|poke|p2|Iron Moth|\n|poke|p2|Gholdengo|\n|teampreview\n|inactive|Battle timer is ON: inactive players will automatically lose when time's up. (requested by Leonardobug)\n|\n|t:|1700433554\n|start\n|switch|p1a: Meowscarada|Meowscarada, M|100\/100\n|switch|p2a: abeia|Ribombee, M|100\/100\n|turn|1\n|\n|t:|1700433562\n|move|p1a: Meowscarada|U-turn|p2a: abeia\n|-start|p1a: Meowscarada|typechange|Bug|[from] ability: Protean\n|-resisted|p2a: abeia\n|-damage|p2a: abeia|71\/100\n|\n|t:|1700433564\n|switch|p1a: Arcanine|Arcanine-Hisui, M|100\/100|[from] U-turn\n|move|p2a: abeia|Stun Spore|p1a: Arcanine|[miss]\n|-miss|p2a: abeia|p1a: Arcanine\n|\n|upkeep\n|turn|2\n|\n|t:|1700433573\n|-terastallize|p1a: Arcanine|Normal\n|move|p1a: Arcanine|Extreme Speed|p2a: abeia\n|-damage|p2a: abeia|0 fnt\n|faint|p2a: abeia\n|\n|upkeep\n|\n|t:|1700433587\n|switch|p2a: aqua|Manaphy|100\/100\n|turn|3\n|\n|t:|1700433590\n|switch|p1a: Ting-Lu|Ting-Lu|100\/100\n|-ability|p1a: Ting-Lu|Vessel of Ruin\n|move|p2a: aqua|Acid Armor|p2a: aqua\n|-boost|p2a: aqua|def|2\n|\n|upkeep\n|turn|4\n|\n|t:|1700433595\n|move|p2a: aqua|Scald|p1a: Ting-Lu\n|-supereffective|p1a: Ting-Lu\n|-damage|p1a: Ting-Lu|65\/100\n|-status|p1a: Ting-Lu|brn\n|move|p1a: Ting-Lu|Whirlwind|p2a: aqua\n|drag|p2a: oro|Gholdengo|100\/100\n|-item|p2a: oro|Air Balloon\n|\n|-heal|p1a: Ting-Lu|72\/100 brn|[from] item: Leftovers\n|-damage|p1a: Ting-Lu|65\/100 brn|[from] brn\n|upkeep\n|turn|5\n|\n|t:|1700433602\n|move|p2a: oro|Focus Blast|p1a: Ting-Lu\n|-supereffective|p1a: Ting-Lu\n|-damage|p1a: Ting-Lu|26\/100 brn\n|-unboost|p1a: Ting-Lu|spd|1\n|move|p1a: Ting-Lu|Stealth Rock|p2a: oro\n|-sidestart|p2: Leonardobug|move: Stealth Rock\n|\n|-heal|p1a: Ting-Lu|32\/100 brn|[from] item: Leftovers\n|-damage|p1a: Ting-Lu|26\/100 brn|[from] brn\n|upkeep\n|turn|6\n|\n|t:|1700433614\n|switch|p2a: lefante|Great Tusk|100\/100\n|switch|p1a: Zapdos|Zapdos|100\/100\n|\n|upkeep\n|turn|7\n|\n|t:|1700433620\n|-terastallize|p2a: lefante|Ice\n|move|p2a: lefante|Ice Spinner|p1a: Zapdos\n|-supereffective|p1a: Zapdos\n|-damage|p1a: Zapdos|44\/100\n|-status|p2a: lefante|par|[from] ability: Static|[of] p1a: Zapdos\n|move|p1a: Zapdos|Hurricane|p2a: lefante|[miss]\n|-miss|p1a: Zapdos|p2a: lefante\n|\n|upkeep\n|turn|8\n|\n|t:|1700433633\n|move|p1a: Zapdos|Roost|p1a: Zapdos\n|-heal|p1a: Zapdos|94\/100\n|-singleturn|p1a: Zapdos|move: Roost\n|move|p2a: lefante|Rapid Spin|p1a: Zapdos\n|-damage|p1a: Zapdos|80\/100\n|-boost|p2a: lefante|spe|1\n|-sideend|p2: Leonardobug|Stealth Rock|[from] move: Rapid Spin|[of] p2a: lefante\n|\n|upkeep\n|turn|9\n|\n|t:|1700433642\n|move|p2a: lefante|Ice Spinner|p1a: Zapdos\n|-supereffective|p1a: Zapdos\n|-crit|p1a: Zapdos\n|-damage|p1a: Zapdos|0 fnt\n|faint|p1a: Zapdos\n|\n|upkeep\n|c|\u2606Foodflavoredfood|Holy fucking shit bro\n|c|\u2606Foodflavoredfood|How lucky are you\n|c|\u2606Leonardobug|le crit\n|\n|t:|1700433661\n|switch|p1a: Gholdengo|Gholdengo|100\/100\n|turn|10\n|\n|t:|1700433665\n|move|p1a: Gholdengo|Make It Rain|p2a: lefante\n|-supereffective|p2a: lefante\n|-damage|p2a: lefante|0 fnt\n|-unboost|p1a: Gholdengo|spa|1\n|faint|p2a: lefante\n|-end|p2a: lefante|Protosynthesis|[silent]\n|\n|upkeep\n|\n|t:|1700433668\n|switch|p2a: aqua|Manaphy|100\/100\n|turn|11\n|\n|t:|1700433673\n|switch|p1a: Ting-Lu|Ting-Lu|26\/100 brn\n|-ability|p1a: Ting-Lu|Vessel of Ruin\n|move|p2a: aqua|Take Heart|p2a: aqua\n|-boost|p2a: aqua|spa|1\n|-boost|p2a: aqua|spd|1\n|\n|-heal|p1a: Ting-Lu|32\/100 brn|[from] item: Leftovers\n|-damage|p1a: Ting-Lu|26\/100 brn|[from] brn\n|upkeep\n|turn|12\n|\n|t:|1700433675\n|move|p2a: aqua|Scald|p1a: Ting-Lu\n|-supereffective|p1a: Ting-Lu\n|-damage|p1a: Ting-Lu|0 fnt\n|faint|p1a: Ting-Lu\n|\n|upkeep\n|\n|t:|1700433687\n|switch|p1a: Gholdengo|Gholdengo|100\/100\n|turn|13\n|\n|t:|1700433696\n|move|p1a: Gholdengo|Trick|p2a: aqua\n|-activate|p1a: Gholdengo|move: Trick|[of] p2a: aqua\n|-item|p2a: aqua|Choice Scarf|[from] move: Trick\n|-item|p1a: Gholdengo|Leftovers|[from] move: Trick\n|move|p2a: aqua|Take Heart|p2a: aqua\n|-boost|p2a: aqua|spa|1\n|-boost|p2a: aqua|spd|1\n|\n|upkeep\n|turn|14\n|c|\u2606Leonardobug|:(\n|\n|t:|1700433718\n|move|p2a: aqua|Take Heart|p2a: aqua\n|-boost|p2a: aqua|spa|1\n|-boost|p2a: aqua|spd|1\n|move|p1a: Gholdengo|Thunderbolt|p2a: aqua\n|-supereffective|p2a: aqua\n|-damage|p2a: aqua|78\/100\n|\n|upkeep\n|turn|15\n|\n|t:|1700433723\n|move|p2a: aqua|Take Heart|p2a: aqua\n|-boost|p2a: aqua|spa|1\n|-boost|p2a: aqua|spd|1\n|move|p1a: Gholdengo|Thunderbolt|p2a: aqua\n|-supereffective|p2a: aqua\n|-damage|p2a: aqua|59\/100\n|-status|p2a: aqua|par\n|\n|upkeep\n|turn|16\n|\n|t:|1700433727\n|move|p1a: Gholdengo|Thunderbolt|p2a: aqua\n|-supereffective|p2a: aqua\n|-damage|p2a: aqua|42\/100 par\n|cant|p2a: aqua|par\n|\n|upkeep\n|turn|17\n|\n|t:|1700433730\n|move|p1a: Gholdengo|Thunderbolt|p2a: aqua\n|-supereffective|p2a: aqua\n|-damage|p2a: aqua|25\/100 par\n|cant|p2a: aqua|par\n|\n|upkeep\n|turn|18\n|\n|t:|1700433732\n|move|p1a: Gholdengo|Thunderbolt|p2a: aqua\n|-supereffective|p2a: aqua\n|-damage|p2a: aqua|5\/100 par\n|move|p2a: aqua|Take Heart|p2a: aqua\n|-boost|p2a: aqua|spa|1\n|-boost|p2a: aqua|spd|1\n|-curestatus|p2a: aqua|par|[msg]\n|\n|upkeep\n|turn|19\n|\n|t:|1700433737\n|move|p2a: aqua|Take Heart|p2a: aqua\n|-boost|p2a: aqua|spa|1\n|-boost|p2a: aqua|spd|1\n|move|p1a: Gholdengo|Thunderbolt|p2a: aqua\n|-supereffective|p2a: aqua\n|-damage|p2a: aqua|0 fnt\n|faint|p2a: aqua\n|\n|upkeep\n|\n|t:|1700433761\n|switch|p2a: mosquit|Iron Moth|100\/100\n|-enditem|p2a: mosquit|Booster Energy\n|-activate|p2a: mosquit|ability: Quark Drive|[fromitem]\n|-start|p2a: mosquit|quarkdrivespe\n|turn|20\n|\n|t:|1700433777\n|move|p2a: mosquit|Substitute|p2a: mosquit\n|-start|p2a: mosquit|Substitute\n|-damage|p2a: mosquit|75\/100\n|move|p1a: Gholdengo|Shadow Ball|p2a: mosquit\n|-end|p2a: mosquit|Substitute\n|\n|upkeep\n|turn|21\n|\n|t:|1700433791\n|move|p2a: mosquit|Fiery Dance|p1a: Gholdengo\n|-supereffective|p1a: Gholdengo\n|-damage|p1a: Gholdengo|7\/100\n|move|p1a: Gholdengo|Shadow Ball|p2a: mosquit\n|-damage|p2a: mosquit|38\/100\n|\n|-heal|p1a: Gholdengo|13\/100|[from] item: Leftovers\n|upkeep\n|turn|22\n|\n|t:|1700433796\n|move|p2a: mosquit|Fiery Dance|p1a: Gholdengo\n|-supereffective|p1a: Gholdengo\n|-damage|p1a: Gholdengo|0 fnt\n|-boost|p2a: mosquit|spa|1\n|faint|p1a: Gholdengo\n|\n|upkeep\n|\n|t:|1700433798\n|switch|p1a: Arcanine|Arcanine-Hisui, M, tera:Normal|100\/100\n|turn|23\n|\n|t:|1700433803\n|-end|p2a: mosquit|Quark Drive|[silent]\n|switch|p2a: oro|Gholdengo|100\/100\n|-item|p2a: oro|Air Balloon\n|move|p1a: Arcanine|Extreme Speed|p2a: oro\n|-immune|p2a: oro\n|\n|upkeep\n|turn|24\n|\n|t:|1700433815\n|switch|p1a: Meowscarada|Meowscarada, M|100\/100\n|move|p2a: oro|Focus Blast|p1a: Meowscarada\n|-supereffective|p1a: Meowscarada\n|-damage|p1a: Meowscarada|0 fnt\n|faint|p1a: Meowscarada\n|\n|upkeep\n|\n|t:|1700433836\n|switch|p1a: Arcanine|Arcanine-Hisui, M, tera:Normal|100\/100\n|turn|25\n|\n|t:|1700433840\n|switch|p2a: mosquit|Iron Moth|38\/100\n|move|p1a: Arcanine|Flare Blitz|p2a: mosquit\n|-resisted|p2a: mosquit\n|-damage|p2a: mosquit|0 fnt\n|faint|p2a: mosquit\n|-end|p2a: mosquit|Quark Drive|[silent]\n|\n|upkeep\n|\n|t:|1700433848\n|switch|p2a: oro|Gholdengo|100\/100\n|-item|p2a: oro|Air Balloon\n|turn|26\n|\n|t:|1700433851\n|move|p1a: Arcanine|Flare Blitz|p2a: oro\n|-supereffective|p2a: oro\n|-damage|p2a: oro|0 fnt\n|-enditem|p2a: oro|Air Balloon\n|faint|p2a: oro\n|\n|upkeep\n|\n|t:|1700433854\n|switch|p2a: cara|Kingambit, M|100\/100\n|-activate|p2a: cara|ability: Supreme Overlord\n|-start|p2a: cara|fallen5|[silent]\n|turn|27\n|\n|t:|1700433856\n|move|p2a: cara|Sucker Punch|p1a: Arcanine\n|-damage|p1a: Arcanine|6\/100\n|move|p1a: Arcanine|Flare Blitz|p2a: cara\n|-supereffective|p2a: cara\n|-damage|p2a: cara|0 fnt\n|faint|p2a: cara\n|-end|p2a: cara|fallen5|[silent]\n|\n|win|Foodflavoredfood\n|raw|Foodflavoredfood's rating: 1394 &rarr; <strong>1412<\/strong><br \/>(+18 for winning)\n|raw|Leonardobug's rating: 1364 &rarr; <strong>1346<\/strong><br \/>(-18 for losing)\n|c|\u2606Foodflavoredfood|gg\n|c|\u2606Leonardobug|gg\n|l|\u2606Leonardobug\n","uploadtime":1700433867,"views":7,"p1id":"foodflavoredfood","p2id":"leonardobug","formatid":"gen9ou","rating":1346,"private":0,"password":""}