{"id":"gen9ou-1995877897","p1":"Zabbaman","p2":"Onte bad","format":"[Gen 9] OU","log":"|j|\u2606Zabbaman\n|j|\u2606Onte bad\n|t:|1700612651\n|gametype|singles\n|player|p1|Zabbaman|170|1342\n|player|p2|Onte bad|169|1252\n|teamsize|p1|6\n|teamsize|p2|6\n|gen|9\n|tier|[Gen 9] OU\n|rated|\n|rule|Sleep Clause Mod: Limit one foe put to sleep\n|rule|Species Clause: Limit one of each Pok\u00e9mon\n|rule|OHKO Clause: OHKO moves are banned\n|rule|Evasion Items Clause: Evasion items are banned\n|rule|Evasion Moves Clause: Evasion moves are banned\n|rule|Endless Battle Clause: Forcing endless battles is banned\n|rule|HP Percentage Mod: HP is shown in percentages\n|clearpoke\n|poke|p1|Empoleon, F|\n|poke|p1|Heatran, M|\n|poke|p1|Meowscarada, M|\n|poke|p1|Enamorus, F|\n|poke|p1|Dragonite, M|\n|poke|p1|Glimmora, F|\n|poke|p2|Regidrago|\n|poke|p2|Ribombee, M|\n|poke|p2|Scizor, M|\n|poke|p2|Slowking-Galar, F|\n|poke|p2|Breloom, M|\n|poke|p2|Quaquaval, M|\n|teampreview\n|inactive|Battle timer is ON: inactive players will automatically lose when time's up. (requested by Zabbaman)\n|\n|t:|1700612661\n|start\n|switch|p1a: Glimmora|Glimmora, F|100\/100\n|switch|p2a: Scizor|Scizor, M|100\/100\n|turn|1\n|\n|t:|1700612668\n|switch|p1a: Heatran|Heatran, M, shiny|100\/100\n|-item|p1a: Heatran|Air Balloon\n|move|p2a: Scizor|Bullet Punch|p1a: Heatran\n|-resisted|p1a: Heatran\n|-damage|p1a: Heatran|91\/100\n|-enditem|p1a: Heatran|Air Balloon\n|\n|upkeep\n|turn|2\n|\n|t:|1700612677\n|switch|p2a: Quaquaval|Quaquaval, M|100\/100\n|move|p1a: Heatran|Stealth Rock|p2a: Quaquaval\n|-sidestart|p2: Onte bad|move: Stealth Rock\n|\n|upkeep\n|turn|3\n|\n|t:|1700612696\n|-terastallize|p1a: Heatran|Flying\n|move|p2a: Quaquaval|Rapid Spin|p1a: Heatran\n|-damage|p1a: Heatran|79\/100\n|-boost|p2a: Quaquaval|spe|1\n|-sideend|p2: Onte bad|Stealth Rock|[from] move: Rapid Spin|[of] p2a: Quaquaval\n|move|p1a: Heatran|Will-O-Wisp|p2a: Quaquaval\n|-status|p2a: Quaquaval|brn\n|\n|-damage|p2a: Quaquaval|94\/100 brn|[from] brn\n|upkeep\n|turn|4\n|\n|t:|1700612711\n|switch|p2a: Slowking|Slowking-Galar, F|100\/100\n|move|p1a: Heatran|Stealth Rock|p2a: Slowking\n|-sidestart|p2: Onte bad|move: Stealth Rock\n|\n|upkeep\n|turn|5\n|\n|t:|1700612722\n|switch|p1a: Empoleon|Empoleon, F, shiny|100\/100\n|move|p2a: Slowking|Future Sight|p1a: Empoleon\n|-start|p2a: Slowking|move: Future Sight\n|\n|upkeep\n|turn|6\n|\n|t:|1700612731\n|switch|p2a: Quaquaval|Quaquaval, M|94\/100 brn\n|move|p1a: Empoleon|Knock Off|p2a: Quaquaval\n|-resisted|p2a: Quaquaval\n|-damage|p2a: Quaquaval|81\/100 brn\n|-enditem|p2a: Quaquaval|Heavy-Duty Boots|[from] move: Knock Off|[of] p1a: Empoleon\n|\n|-damage|p2a: Quaquaval|75\/100 brn|[from] brn\n|upkeep\n|turn|7\n|\n|t:|1700612747\n|switch|p1a: Heatran|Heatran, M, shiny, tera:Flying|79\/100\n|move|p2a: Quaquaval|Rapid Spin|p1a: Heatran\n|-damage|p1a: Heatran|72\/100\n|-boost|p2a: Quaquaval|spe|1\n|-sideend|p2: Onte bad|Stealth Rock|[from] move: Rapid Spin|[of] p2a: Quaquaval\n|\n|-end|p1a: Heatran|move: Future Sight\n|-damage|p1a: Heatran|31\/100\n|-damage|p2a: Quaquaval|69\/100 brn|[from] brn\n|upkeep\n|turn|8\n|\n|t:|1700612759\n|move|p2a: Quaquaval|Ice Spinner|p1a: Heatran\n|-supereffective|p1a: Heatran\n|-damage|p1a: Heatran|9\/100\n|move|p1a: Heatran|Magma Storm|p2a: Quaquaval|[miss]\n|-miss|p1a: Heatran|p2a: Quaquaval\n|\n|-damage|p2a: Quaquaval|63\/100 brn|[from] brn\n|upkeep\n|turn|9\n|\n|t:|1700612767\n|move|p1a: Heatran|Protect|p1a: Heatran\n|-singleturn|p1a: Heatran|Protect\n|move|p2a: Quaquaval|Aqua Step|p1a: Heatran\n|-activate|p1a: Heatran|move: Protect\n|\n|-damage|p2a: Quaquaval|56\/100 brn|[from] brn\n|upkeep\n|turn|10\n|\n|t:|1700612786\n|switch|p1a: Dragonite|Dragonite, M, shiny|100\/100\n|move|p2a: Quaquaval|Aqua Step|p1a: Dragonite\n|-resisted|p1a: Dragonite\n|-damage|p1a: Dragonite|95\/100\n|-boost|p2a: Quaquaval|spe|1\n|\n|-damage|p2a: Quaquaval|50\/100 brn|[from] brn\n|upkeep\n|turn|11\n|\n|t:|1700612791\n|move|p2a: Quaquaval|Ice Spinner|p1a: Dragonite\n|-supereffective|p1a: Dragonite\n|-damage|p1a: Dragonite|32\/100\n|move|p1a: Dragonite|Dragon Dance|p1a: Dragonite\n|-boost|p1a: Dragonite|atk|1\n|-boost|p1a: Dragonite|spe|1\n|\n|-damage|p2a: Quaquaval|44\/100 brn|[from] brn\n|upkeep\n|turn|12\n|\n|t:|1700612796\n|move|p1a: Dragonite|Extreme Speed|p2a: Quaquaval\n|-damage|p2a: Quaquaval|0 fnt\n|faint|p2a: Quaquaval\n|\n|upkeep\n|\n|t:|1700612801\n|switch|p2a: Breloom|Breloom, M|100\/100\n|turn|13\n|\n|t:|1700612807\n|move|p1a: Dragonite|Extreme Speed|p2a: Breloom\n|-damage|p2a: Breloom|26\/100\n|move|p2a: Breloom|Rock Tomb|p1a: Dragonite\n|-supereffective|p1a: Dragonite\n|-damage|p1a: Dragonite|0 fnt\n|faint|p1a: Dragonite\n|\n|upkeep\n|l|\u2606Zabbaman\n|inactive|Zabbaman disconnected and has a minute to reconnect!\n|player|p1|\n|inactive|Zabbaman has 30 seconds to reconnect!\n|inactive|Zabbaman has 20 seconds to reconnect!\n|inactive|Zabbaman has 15 seconds to reconnect!\n|inactive|Zabbaman has 10 seconds to reconnect!\n|inactive|Zabbaman has 5 seconds to reconnect!\n|-message|Zabbaman lost due to inactivity.\n|\n|win|Onte bad\n|raw|Zabbaman's rating: 1342 &rarr; <strong>1317<\/strong><br \/>(-25 for losing)\n|raw|Onte bad's rating: 1252 &rarr; <strong>1283<\/strong><br \/>(+31 for winning)\n","uploadtime":1700612887,"views":9,"p1id":"zabbaman","p2id":"ontebad","formatid":"gen9ou","rating":1283,"private":0,"password":""}