{"id":"gen9ou-1992120078","p1":"Akiiel","p2":"Skaraptor2.1","format":"[Gen 9] OU","log":"|j|\u2606Akiiel\n|j|\u2606Skaraptor2.1\n|t:|1700156726\n|gametype|singles\n|player|p1|Akiiel|n|1233\n|player|p2|Skaraptor2.1|emma|1287\n|teamsize|p1|6\n|teamsize|p2|6\n|gen|9\n|tier|[Gen 9] OU\n|rated|\n|rule|Sleep Clause Mod: Limit one foe put to sleep\n|rule|Species Clause: Limit one of each Pok\u00e9mon\n|rule|OHKO Clause: OHKO moves are banned\n|rule|Evasion Items Clause: Evasion items are banned\n|rule|Evasion Moves Clause: Evasion moves are banned\n|rule|Endless Battle Clause: Forcing endless battles is banned\n|rule|HP Percentage Mod: HP is shown in percentages\n|clearpoke\n|poke|p1|Ogerpon-Wellspring, F|\n|poke|p1|Kilowattrel, F|\n|poke|p1|Garganacl, F|\n|poke|p1|Corviknight, M|\n|poke|p1|Pelipper, F|\n|poke|p1|Kingambit, M|\n|poke|p2|Ribombee, M|\n|poke|p2|Ogerpon-Wellspring, F|\n|poke|p2|Great Tusk|\n|poke|p2|Iron Moth|\n|poke|p2|Iron Valiant|\n|poke|p2|Kingambit, F|\n|teampreview\n|inactive|Battle timer is ON: inactive players will automatically lose when time's up. (requested by Skaraptor2.1)\n|\n|t:|1700156736\n|start\n|switch|p1a: Pelipper|Pelipper, F|100\/100\n|switch|p2a: Twink|Ribombee, M|100\/100\n|-weather|RainDance|[from] ability: Drizzle|[of] p1a: Pelipper\n|turn|1\n|\n|t:|1700156740\n|move|p2a: Twink|Sticky Web|p1a: Pelipper\n|-sidestart|p1: Akiiel|move: Sticky Web\n|move|p1a: Pelipper|Hurricane|p2a: Twink\n|-supereffective|p2a: Twink\n|-enditem|p2a: Twink|Focus Sash\n|-damage|p2a: Twink|1\/100\n|\n|-weather|RainDance|[upkeep]\n|upkeep\n|turn|2\n|\n|t:|1700156750\n|switch|p1a: Corviknight|Corviknight, M|100\/100\n|-ability|p1a: Corviknight|Pressure\n|move|p2a: Twink|Stun Spore|p1a: Corviknight\n|-status|p1a: Corviknight|par\n|\n|-weather|RainDance|[upkeep]\n|upkeep\n|turn|3\n|\n|t:|1700156759\n|move|p2a: Twink|Skill Swap|p1a: Corviknight\n|-activate|p2a: Twink|move: Skill Swap|Pressure|Shield Dust|[of] p1a: Corviknight\n|-ability|p2a: Twink|Pressure\n|move|p1a: Corviknight|Defog|p2a: Twink\n|-unboost|p2a: Twink|evasion|1\n|-sideend|p1: Akiiel|Sticky Web|[from] move: Defog|[of] p1a: Corviknight\n|\n|-weather|RainDance|[upkeep]\n|upkeep\n|turn|4\n|\n|t:|1700156768\n|move|p2a: Twink|Sticky Web|p1a: Corviknight\n|-sidestart|p1: Akiiel|move: Sticky Web\n|move|p1a: Corviknight|U-turn|p2a: Twink\n|-resisted|p2a: Twink\n|-damage|p2a: Twink|0 fnt\n|faint|p2a: Twink\n|\n|t:|1700156772\n|switch|p1a: Kilowattrel|Kilowattrel, F|100\/100|[from] U-turn\n|\n|-weather|RainDance|[upkeep]\n|upkeep\n|\n|t:|1700156782\n|switch|p2a: Solar Panels|Iron Moth|100\/100\n|-enditem|p2a: Solar Panels|Booster Energy\n|-activate|p2a: Solar Panels|ability: Quark Drive|[fromitem]\n|-start|p2a: Solar Panels|quarkdrivespe\n|turn|5\n|\n|t:|1700156787\n|move|p2a: Solar Panels|Sludge Wave|p1a: Kilowattrel\n|-damage|p1a: Kilowattrel|5\/100\n|move|p1a: Kilowattrel|Weather Ball|p2a: Solar Panels\n|-supereffective|p2a: Solar Panels\n|-damage|p2a: Solar Panels|0 fnt\n|faint|p2a: Solar Panels\n|-end|p2a: Solar Panels|Quark Drive|[silent]\n|\n|-weather|none\n|upkeep\n|\n|t:|1700156794\n|switch|p2a: Bigender|Iron Valiant|100\/100\n|-enditem|p2a: Bigender|Booster Energy\n|-activate|p2a: Bigender|ability: Quark Drive|[fromitem]\n|-start|p2a: Bigender|quarkdrivespe\n|turn|6\n|\n|t:|1700156799\n|switch|p1a: Corviknight|Corviknight, M|100\/100 par\n|-ability|p1a: Corviknight|Pressure\n|move|p2a: Bigender|Calm Mind|p2a: Bigender\n|-boost|p2a: Bigender|spa|1\n|-boost|p2a: Bigender|spd|1\n|\n|upkeep\n|turn|7\n|\n|t:|1700156804\n|-terastallize|p2a: Bigender|Electric\n|move|p2a: Bigender|Thunderbolt|p1a: Corviknight\n|-supereffective|p1a: Corviknight\n|-damage|p1a: Corviknight|0 fnt\n|faint|p1a: Corviknight\n|\n|upkeep\n|\n|t:|1700156809\n|switch|p1a: Pelipper|Pelipper, F|100\/100\n|-weather|RainDance|[from] ability: Drizzle|[of] p1a: Pelipper\n|turn|8\n|\n|t:|1700156813\n|switch|p1a: Kilowattrel|Kilowattrel, F|5\/100\n|move|p2a: Bigender|Thunderbolt|p1a: Kilowattrel\n|-heal|p1a: Kilowattrel|30\/100|[from] ability: Volt Absorb|[of] p2a: Bigender\n|\n|-weather|RainDance|[upkeep]\n|upkeep\n|turn|9\n|\n|t:|1700156828\n|move|p2a: Bigender|Moonblast|p1a: Kilowattrel\n|-damage|p1a: Kilowattrel|0 fnt\n|faint|p1a: Kilowattrel\n|\n|-weather|RainDance|[upkeep]\n|upkeep\n|\n|t:|1700156837\n|switch|p1a: Ogerpon|Ogerpon-Wellspring, F|100\/100\n|-activate|p1a: Ogerpon|move: Sticky Web\n|-unboost|p1a: Ogerpon|spe|1\n|turn|10\n|\n|t:|1700156842\n|move|p2a: Bigender|Moonblast|p1a: Ogerpon\n|-crit|p1a: Ogerpon\n|-damage|p1a: Ogerpon|0 fnt\n|faint|p1a: Ogerpon\n|\n|-weather|RainDance|[upkeep]\n|upkeep\n|\n|t:|1700156847\n|switch|p1a: Garganacl|Garganacl, F|100\/100\n|-activate|p1a: Garganacl|move: Sticky Web\n|-unboost|p1a: Garganacl|spe|1\n|turn|11\n|\n|t:|1700156858\n|move|p2a: Bigender|Moonblast|p1a: Garganacl\n|-damage|p1a: Garganacl|39\/100\n|move|p1a: Garganacl|Salt Cure|p2a: Bigender\n|-damage|p2a: Bigender|84\/100\n|-start|p2a: Bigender|Salt Cure\n|\n|-weather|RainDance|[upkeep]\n|-heal|p1a: Garganacl|45\/100|[from] item: Leftovers\n|-damage|p2a: Bigender|71\/100|[from] Salt Cure\n|upkeep\n|turn|12\n|\n|t:|1700156872\n|move|p1a: Garganacl|Protect|p1a: Garganacl\n|-singleturn|p1a: Garganacl|Protect\n|move|p2a: Bigender|Calm Mind|p2a: Bigender\n|-boost|p2a: Bigender|spa|1\n|-boost|p2a: Bigender|spd|1\n|\n|-weather|none\n|-heal|p1a: Garganacl|51\/100|[from] item: Leftovers\n|-damage|p2a: Bigender|59\/100|[from] Salt Cure\n|upkeep\n|turn|13\n|\n|t:|1700156880\n|switch|p1a: Pelipper|Pelipper, F|100\/100\n|-weather|RainDance|[from] ability: Drizzle|[of] p1a: Pelipper\n|move|p2a: Bigender|Moonblast|p1a: Pelipper\n|-damage|p1a: Pelipper|0 fnt\n|faint|p1a: Pelipper\n|\n|-weather|RainDance|[upkeep]\n|-damage|p2a: Bigender|47\/100|[from] Salt Cure\n|upkeep\n|\n|t:|1700156886\n|switch|p1a: Garganacl|Garganacl, F|51\/100\n|-activate|p1a: Garganacl|move: Sticky Web\n|-unboost|p1a: Garganacl|spe|1\n|turn|14\n|\n|t:|1700156892\n|move|p2a: Bigender|Moonblast|p1a: Garganacl\n|-damage|p1a: Garganacl|0 fnt\n|faint|p1a: Garganacl\n|\n|-weather|RainDance|[upkeep]\n|-damage|p2a: Bigender|34\/100|[from] Salt Cure\n|upkeep\n|\n|t:|1700156894\n|switch|p1a: Kingambit|Kingambit, M|100\/100\n|-activate|p1a: Kingambit|move: Sticky Web\n|-unboost|p1a: Kingambit|spe|1\n|-activate|p1a: Kingambit|ability: Supreme Overlord\n|-start|p1a: Kingambit|fallen5|[silent]\n|turn|15\n|\n|t:|1700156900\n|move|p2a: Bigender|Destiny Bond|p2a: Bigender\n|-singlemove|p2a: Bigender|Destiny Bond\n|move|p1a: Kingambit|Iron Head|p2a: Bigender\n|-resisted|p2a: Bigender\n|-damage|p2a: Bigender|0 fnt\n|faint|p2a: Bigender\n|-activate|p2a: Bigender|move: Destiny Bond\n|-end|p2a: Bigender|Quark Drive|[silent]\n|faint|p1a: Kingambit\n|-end|p1a: Kingambit|fallen5|[silent]\n|\n|win|Skaraptor2.1\n|raw|Akiiel's rating: 1233 &rarr; <strong>1212<\/strong><br \/>(-21 for losing)\n|raw|Skaraptor2.1's rating: 1287 &rarr; <strong>1308<\/strong><br \/>(+21 for winning)\n","uploadtime":1700156907,"views":8,"p1id":"akiiel","p2id":"skaraptor21","formatid":"gen9ou","rating":1212,"private":0,"password":""}