{"id":"gen9ou-1996309344","p1":"TR23 testing","p2":"Heihachi Mishima","format":"[Gen 9] OU","log":"|j|\u2606TR23 testing\n|j|\u2606Heihachi Mishima\n|t:|1700669821\n|gametype|singles\n|player|p1|TR23 testing|266|1513\n|player|p2|Heihachi Mishima|bruno-gen1|1486\n|teamsize|p1|6\n|teamsize|p2|6\n|gen|9\n|tier|[Gen 9] OU\n|rated|\n|rule|Sleep Clause Mod: Limit one foe put to sleep\n|rule|Species Clause: Limit one of each Pok\u00e9mon\n|rule|OHKO Clause: OHKO moves are banned\n|rule|Evasion Items Clause: Evasion items are banned\n|rule|Evasion Moves Clause: Evasion moves are banned\n|rule|Endless Battle Clause: Forcing endless battles is banned\n|rule|HP Percentage Mod: HP is shown in percentages\n|clearpoke\n|poke|p1|Dragonite, M|\n|poke|p1|Gholdengo|\n|poke|p1|Iron Treads|\n|poke|p1|Iron Valiant|\n|poke|p1|Manaphy|\n|poke|p1|Zamazenta-*|\n|poke|p2|Weavile, F|\n|poke|p2|Gholdengo|\n|poke|p2|Ogerpon-Wellspring, F|\n|poke|p2|Enamorus, F|\n|poke|p2|Slowking-Galar, F|\n|poke|p2|Great Tusk|\n|teampreview\n|inactive|Battle timer is ON: inactive players will automatically lose when time's up. (requested by Heihachi Mishima)\n|inactive|Heihachi Mishima has 120 seconds left.\n|\n|t:|1700669877\n|start\n|switch|p1a: Iron Treads|Iron Treads|100\/100\n|switch|p2a: Katara \ud83c\udf0a|Ogerpon-Wellspring, F|100\/100\n|-enditem|p1a: Iron Treads|Booster Energy\n|-activate|p1a: Iron Treads|ability: Quark Drive|[fromitem]\n|-start|p1a: Iron Treads|quarkdrivespe\n|turn|1\n|\n|t:|1700669884\n|move|p1a: Iron Treads|Stealth Rock|p2a: Katara \ud83c\udf0a\n|-sidestart|p2: Heihachi Mishima|move: Stealth Rock\n|move|p2a: Katara \ud83c\udf0a|Ivy Cudgel|p1a: Iron Treads|[anim] Ivy Cudgel Water\n|-supereffective|p1a: Iron Treads\n|-damage|p1a: Iron Treads|0 fnt\n|faint|p1a: Iron Treads\n|-end|p1a: Iron Treads|Quark Drive|[silent]\n|\n|upkeep\n|\n|t:|1700669905\n|switch|p1a: Dragonite|Dragonite, M|100\/100\n|turn|2\n|\n|t:|1700669909\n|switch|p2a: Jack the Drought|Great Tusk|100\/100\n|-damage|p2a: Jack the Drought|98\/100|[from] Stealth Rock\n|move|p1a: Dragonite|Dragon Dance|p1a: Dragonite\n|-boost|p1a: Dragonite|atk|1\n|-boost|p1a: Dragonite|spe|1\n|\n|-heal|p2a: Jack the Drought|100\/100|[from] item: Leftovers\n|upkeep\n|turn|3\n|\n|t:|1700669917\n|move|p1a: Dragonite|Dragon Dance|p1a: Dragonite\n|-boost|p1a: Dragonite|atk|1\n|-boost|p1a: Dragonite|spe|1\n|move|p2a: Jack the Drought|Ice Spinner|p1a: Dragonite\n|-supereffective|p1a: Dragonite\n|-damage|p1a: Dragonite|48\/100\n|\n|upkeep\n|turn|4\n|\n|t:|1700669931\n|move|p1a: Dragonite|Earthquake|p2a: Jack the Drought\n|-damage|p2a: Jack the Drought|55\/100\n|move|p2a: Jack the Drought|Rapid Spin|p1a: Dragonite\n|-damage|p1a: Dragonite|31\/100\n|-boost|p2a: Jack the Drought|spe|1\n|-sideend|p2: Heihachi Mishima|Stealth Rock|[from] move: Rapid Spin|[of] p2a: Jack the Drought\n|\n|-heal|p2a: Jack the Drought|61\/100|[from] item: Leftovers\n|upkeep\n|turn|5\n|\n|t:|1700669947\n|move|p1a: Dragonite|Earthquake|p2a: Jack the Drought\n|-damage|p2a: Jack the Drought|11\/100\n|move|p2a: Jack the Drought|Ice Spinner|p1a: Dragonite\n|-supereffective|p1a: Dragonite\n|-damage|p1a: Dragonite|0 fnt\n|faint|p1a: Dragonite\n|\n|-heal|p2a: Jack the Drought|17\/100|[from] item: Leftovers\n|upkeep\n|\n|t:|1700669965\n|switch|p1a: Gholdengo|Gholdengo|100\/100\n|-item|p1a: Gholdengo|Air Balloon\n|turn|6\n|\n|t:|1700669992\n|move|p2a: Jack the Drought|Ice Spinner|p1a: Gholdengo\n|-resisted|p1a: Gholdengo\n|-damage|p1a: Gholdengo|88\/100\n|-enditem|p1a: Gholdengo|Air Balloon\n|move|p1a: Gholdengo|Shadow Ball|p2a: Jack the Drought\n|-crit|p2a: Jack the Drought\n|-damage|p2a: Jack the Drought|0 fnt\n|faint|p2a: Jack the Drought\n|-end|p2a: Jack the Drought|Protosynthesis|[silent]\n|\n|upkeep\n|inactive|Heihachi Mishima has 120 seconds left.\n|\n|t:|1700670006\n|switch|p2a: Slowking|Slowking-Galar, F|100\/100\n|turn|7\n|\n|t:|1700670013\n|move|p1a: Gholdengo|Shadow Ball|p2a: Slowking\n|-supereffective|p2a: Slowking\n|-damage|p2a: Slowking|47\/100\n|move|p2a: Slowking|Future Sight|p1a: Gholdengo\n|-start|p2a: Slowking|move: Future Sight\n|\n|upkeep\n|turn|8\n|\n|t:|1700670018\n|switch|p2a: Shadow \ud83d\udc8e|Weavile, F|100\/100\n|-ability|p2a: Shadow \ud83d\udc8e|Pressure\n|move|p1a: Gholdengo|Shadow Ball|p2a: Shadow \ud83d\udc8e\n|-resisted|p2a: Shadow \ud83d\udc8e\n|-damage|p2a: Shadow \ud83d\udc8e|73\/100\n|\n|upkeep\n|turn|9\n|\n|t:|1700670024\n|move|p2a: Shadow \ud83d\udc8e|Knock Off|p1a: Gholdengo\n|-supereffective|p1a: Gholdengo\n|-damage|p1a: Gholdengo|15\/100\n|move|p1a: Gholdengo|Make It Rain|p2a: Shadow \ud83d\udc8e\n|-supereffective|p2a: Shadow \ud83d\udc8e\n|-damage|p2a: Shadow \ud83d\udc8e|0 fnt\n|-unboost|p1a: Gholdengo|spa|1\n|faint|p2a: Shadow \ud83d\udc8e\n|\n|-end|p1a: Gholdengo|move: Future Sight\n|-resisted|p1a: Gholdengo\n|-damage|p1a: Gholdengo|0 fnt\n|faint|p1a: Gholdengo\n|upkeep\n|\n|t:|1700670033\n|switch|p2a: Slowking|Slowking-Galar, F|80\/100\n|switch|p1a: Manaphy|Manaphy|100\/100\n|turn|10\n|\n|t:|1700670042\n|move|p1a: Manaphy|Take Heart|p1a: Manaphy\n|-boost|p1a: Manaphy|spa|1\n|-boost|p1a: Manaphy|spd|1\n|move|p2a: Slowking|Future Sight|p1a: Manaphy\n|-start|p2a: Slowking|move: Future Sight\n|\n|upkeep\n|turn|11\n|\n|t:|1700670045\n|move|p1a: Manaphy|Acid Armor|p1a: Manaphy\n|-boost|p1a: Manaphy|def|2\n|move|p2a: Slowking|Chilly Reception|p2a: Slowking\n|-weather|Snow\n|\n|t:|1700670047\n|switch|p2a: Katara \ud83c\udf0a|Ogerpon-Wellspring, F|100\/100|[from] Chilly Reception\n|\n|-weather|Snow|[upkeep]\n|upkeep\n|turn|12\n|\n|t:|1700670071\n|-terastallize|p1a: Manaphy|Dragon\n|move|p2a: Katara \ud83c\udf0a|Encore|p1a: Manaphy\n|-start|p1a: Manaphy|Encore\n|move|p1a: Manaphy|Acid Armor|p1a: Manaphy\n|-boost|p1a: Manaphy|def|2\n|\n|-weather|Snow|[upkeep]\n|-end|p1a: Manaphy|move: Future Sight\n|-damage|p1a: Manaphy|75\/100\n|-heal|p1a: Manaphy|81\/100|[from] item: Leftovers\n|upkeep\n|turn|13\n|\n|t:|1700670082\n|switch|p1a: Zamazenta|Zamazenta|100\/100\n|-ability|p1a: Zamazenta|Dauntless Shield|boost\n|-boost|p1a: Zamazenta|def|1\n|move|p2a: Katara \ud83c\udf0a|Ivy Cudgel|p1a: Zamazenta|[anim] Ivy Cudgel Water\n|-damage|p1a: Zamazenta|70\/100\n|\n|-weather|Snow|[upkeep]\n|-heal|p1a: Zamazenta|77\/100|[from] item: Leftovers\n|upkeep\n|turn|14\n|\n|t:|1700670088\n|switch|p2a: Slan \ud83d\udc8b|Enamorus, F|100\/100\n|move|p1a: Zamazenta|Iron Defense|p1a: Zamazenta\n|-boost|p1a: Zamazenta|def|2\n|\n|-weather|Snow|[upkeep]\n|-heal|p1a: Zamazenta|83\/100|[from] item: Leftovers\n|upkeep\n|turn|15\n|\n|t:|1700670092\n|-terastallize|p2a: Slan \ud83d\udc8b|Fairy\n|move|p2a: Slan \ud83d\udc8b|Moonblast|p1a: Zamazenta\n|-supereffective|p1a: Zamazenta\n|-damage|p1a: Zamazenta|0 fnt\n|faint|p1a: Zamazenta\n|\n|-weather|none\n|upkeep\n|\n|t:|1700670097\n|switch|p1a: Iron Valiant|Iron Valiant|100\/100\n|-enditem|p1a: Iron Valiant|Booster Energy\n|-activate|p1a: Iron Valiant|ability: Quark Drive|[fromitem]\n|-start|p1a: Iron Valiant|quarkdrivespe\n|turn|16\n|\n|t:|1700670106\n|move|p1a: Iron Valiant|Destiny Bond|p1a: Iron Valiant\n|-singlemove|p1a: Iron Valiant|Destiny Bond\n|move|p2a: Slan \ud83d\udc8b|Moonblast|p1a: Iron Valiant\n|-supereffective|p1a: Iron Valiant\n|-damage|p1a: Iron Valiant|0 fnt\n|faint|p1a: Iron Valiant\n|-activate|p1a: Iron Valiant|move: Destiny Bond\n|-end|p1a: Iron Valiant|Quark Drive|[silent]\n|faint|p2a: Slan \ud83d\udc8b\n|\n|upkeep\n|\n|t:|1700670115\n|switch|p1a: Manaphy|Manaphy, tera:Dragon|81\/100\n|switch|p2a: Katara \ud83c\udf0a|Ogerpon-Wellspring, F|100\/100\n|turn|17\n|\n|t:|1700670131\n|move|p2a: Katara \ud83c\udf0a|Ivy Cudgel|p1a: Manaphy|[anim] Ivy Cudgel Water\n|-resisted|p1a: Manaphy\n|-damage|p1a: Manaphy|55\/100\n|move|p1a: Manaphy|Acid Armor|p1a: Manaphy\n|-boost|p1a: Manaphy|def|2\n|\n|-heal|p1a: Manaphy|61\/100|[from] item: Leftovers\n|upkeep\n|turn|18\n|\n|t:|1700670135\n|move|p2a: Katara \ud83c\udf0a|Encore|p1a: Manaphy\n|-start|p1a: Manaphy|Encore\n|move|p1a: Manaphy|Acid Armor|p1a: Manaphy\n|-boost|p1a: Manaphy|def|2\n|\n|-heal|p1a: Manaphy|67\/100|[from] item: Leftovers\n|upkeep\n|turn|19\n|c|\u2606Heihachi Mishima|g\n|\n|t:|1700670146\n|move|p2a: Katara \ud83c\udf0a|Ivy Cudgel|p1a: Manaphy|[anim] Ivy Cudgel Water\n|-resisted|p1a: Manaphy\n|-damage|p1a: Manaphy|59\/100\n|move|p1a: Manaphy|Acid Armor|p1a: Manaphy\n|-boost|p1a: Manaphy|def|2\n|\n|-heal|p1a: Manaphy|65\/100|[from] item: Leftovers\n|upkeep\n|turn|20\n|\n|t:|1700670154\n|move|p2a: Katara \ud83c\udf0a|Ivy Cudgel|p1a: Manaphy|[anim] Ivy Cudgel Water\n|-resisted|p1a: Manaphy\n|-damage|p1a: Manaphy|58\/100\n|move|p1a: Manaphy|Acid Armor|p1a: Manaphy\n|-boost|p1a: Manaphy|def|0\n|\n|-heal|p1a: Manaphy|65\/100|[from] item: Leftovers\n|-end|p1a: Manaphy|Encore\n|upkeep\n|turn|21\n|\n|t:|1700670158\n|move|p2a: Katara \ud83c\udf0a|Encore|p1a: Manaphy\n|-start|p1a: Manaphy|Encore\n|move|p1a: Manaphy|Acid Armor|p1a: Manaphy\n|-boost|p1a: Manaphy|def|0\n|\n|-heal|p1a: Manaphy|71\/100|[from] item: Leftovers\n|upkeep\n|turn|22\n|\n|t:|1700670161\n|switch|p2a: SickboyRari \ud83d\udcb0|Gholdengo|100\/100\n|-item|p2a: SickboyRari \ud83d\udcb0|Air Balloon\n|move|p1a: Manaphy|Acid Armor|p1a: Manaphy\n|-boost|p1a: Manaphy|def|0\n|\n|-heal|p1a: Manaphy|77\/100|[from] item: Leftovers\n|upkeep\n|turn|23\n|\n|t:|1700670192\n|move|p1a: Manaphy|Acid Armor|p1a: Manaphy\n|-boost|p1a: Manaphy|def|0\n|move|p2a: SickboyRari \ud83d\udcb0|Make It Rain|p1a: Manaphy\n|-damage|p1a: Manaphy|36\/100\n|-unboost|p2a: SickboyRari \ud83d\udcb0|spa|1\n|\n|-heal|p1a: Manaphy|42\/100|[from] item: Leftovers\n|-end|p1a: Manaphy|Encore\n|upkeep\n|turn|24\n|\n|t:|1700670203\n|switch|p2a: Katara \ud83c\udf0a|Ogerpon-Wellspring, F|100\/100\n|move|p1a: Manaphy|Stored Power|p2a: Katara \ud83c\udf0a\n|-damage|p2a: Katara \ud83c\udf0a|60\/100\n|\n|-heal|p1a: Manaphy|48\/100|[from] item: Leftovers\n|upkeep\n|turn|25\n|\n|t:|1700670208\n|move|p2a: Katara \ud83c\udf0a|Encore|p1a: Manaphy\n|-start|p1a: Manaphy|Encore\n|move|p1a: Manaphy|Stored Power|p2a: Katara \ud83c\udf0a\n|-damage|p2a: Katara \ud83c\udf0a|23\/100\n|\n|-heal|p1a: Manaphy|55\/100|[from] item: Leftovers\n|upkeep\n|turn|26\n|\n|t:|1700670211\n|switch|p2a: SickboyRari \ud83d\udcb0|Gholdengo|100\/100\n|-item|p2a: SickboyRari \ud83d\udcb0|Air Balloon\n|move|p1a: Manaphy|Stored Power|p2a: SickboyRari \ud83d\udcb0\n|-resisted|p2a: SickboyRari \ud83d\udcb0\n|-damage|p2a: SickboyRari \ud83d\udcb0|84\/100\n|-enditem|p2a: SickboyRari \ud83d\udcb0|Air Balloon\n|\n|-heal|p1a: Manaphy|61\/100|[from] item: Leftovers\n|upkeep\n|turn|27\n|\n|t:|1700670214\n|move|p1a: Manaphy|Stored Power|p2a: SickboyRari \ud83d\udcb0\n|-resisted|p2a: SickboyRari \ud83d\udcb0\n|-damage|p2a: SickboyRari \ud83d\udcb0|66\/100\n|move|p2a: SickboyRari \ud83d\udcb0|Make It Rain|p1a: Manaphy\n|-damage|p1a: Manaphy|15\/100\n|-unboost|p2a: SickboyRari \ud83d\udcb0|spa|1\n|\n|-heal|p1a: Manaphy|21\/100|[from] item: Leftovers\n|-end|p1a: Manaphy|Encore\n|upkeep\n|turn|28\n|\n|t:|1700670224\n|move|p1a: Manaphy|Stored Power|p2a: SickboyRari \ud83d\udcb0\n|-resisted|p2a: SickboyRari \ud83d\udcb0\n|-damage|p2a: SickboyRari \ud83d\udcb0|49\/100\n|move|p2a: SickboyRari \ud83d\udcb0|Make It Rain|p1a: Manaphy\n|-damage|p1a: Manaphy|0 fnt\n|-unboost|p2a: SickboyRari \ud83d\udcb0|spa|1\n|faint|p1a: Manaphy\n|\n|win|Heihachi Mishima\n|raw|TR23 testing's rating: 1513 &rarr; <strong>1491<\/strong><br \/>(-22 for losing)\n|raw|Heihachi Mishima's rating: 1486 &rarr; <strong>1508<\/strong><br \/>(+22 for winning)\n","uploadtime":1700670228,"views":1,"p1id":"tr23testing","p2id":"heihachimishima","formatid":"gen9ou","rating":1491,"private":0,"password":""}