{"id":"gen9ou-1989393853","p1":"Auburn Hills","p2":"jiuyuansi_Z","format":"[Gen 9] OU","log":"|j|\u2606Auburn Hills\n|j|\u203djiuyuansi_Z\n|t:|1699844620\n|gametype|singles\n|player|p1|Auburn Hills|alder|1649\n|player|p2|jiuyuansi_Z|2|1521\n|teamsize|p1|6\n|teamsize|p2|6\n|gen|9\n|tier|[Gen 9] OU\n|rated|\n|rule|Sleep Clause Mod: Limit one foe put to sleep\n|rule|Species Clause: Limit one of each Pok\u00e9mon\n|rule|OHKO Clause: OHKO moves are banned\n|rule|Evasion Items Clause: Evasion items are banned\n|rule|Evasion Moves Clause: Evasion moves are banned\n|rule|Endless Battle Clause: Forcing endless battles is banned\n|rule|HP Percentage Mod: HP is shown in percentages\n|clearpoke\n|poke|p1|Iron Moth|\n|poke|p1|Umbreon, F|\n|poke|p1|Garchomp, M|\n|poke|p1|Glimmora, F|\n|poke|p1|Gholdengo|\n|poke|p1|Dragonite, F|\n|poke|p2|Rillaboom, F|\n|poke|p2|Sneasler, M|\n|poke|p2|Dragapult, F|\n|poke|p2|Ursaluna, M|\n|poke|p2|Samurott-Hisui, M|\n|poke|p2|Iron Moth|\n|teampreview\n|j| ferragamo belt\n|\n|t:|1699844634\n|start\n|switch|p1a: Julia Jacklin|Glimmora, F|100\/100\n|switch|p2a: Ursaluna|Ursaluna, M|100\/100\n|turn|1\n|\n|t:|1699844638\n|move|p1a: Julia Jacklin|Stealth Rock|p2a: Ursaluna\n|-sidestart|p2: jiuyuansi_Z|move: Stealth Rock\n|move|p2a: Ursaluna|Ice Punch|p1a: Julia Jacklin\n|-damage|p1a: Julia Jacklin|65\/100\n|-activate|p1a: Julia Jacklin|ability: Toxic Debris\n|-sidestart|p2: jiuyuansi_Z|move: Toxic Spikes\n|\n|-status|p2a: Ursaluna|brn|[from] item: Flame Orb\n|upkeep\n|turn|2\n|\n|t:|1699844651\n|move|p1a: Julia Jacklin|Earth Power|p2a: Ursaluna\n|-damage|p2a: Ursaluna|72\/100 brn\n|move|p2a: Ursaluna|Ice Punch|p1a: Julia Jacklin\n|-damage|p1a: Julia Jacklin|7\/100\n|-activate|p1a: Julia Jacklin|ability: Toxic Debris\n|-sidestart|p2: jiuyuansi_Z|move: Toxic Spikes\n|\n|-damage|p2a: Ursaluna|66\/100 brn|[from] brn\n|upkeep\n|turn|3\n|\n|t:|1699844657\n|move|p1a: Julia Jacklin|Earth Power|p2a: Ursaluna\n|-damage|p2a: Ursaluna|38\/100 brn\n|-unboost|p2a: Ursaluna|spd|1\n|move|p2a: Ursaluna|Facade|p1a: Julia Jacklin\n|-resisted|p1a: Julia Jacklin\n|-damage|p1a: Julia Jacklin|0 fnt\n|faint|p1a: Julia Jacklin\n|\n|-damage|p2a: Ursaluna|32\/100 brn|[from] brn\n|upkeep\n|\n|t:|1699844665\n|switch|p1a: Carly Rae|Iron Moth|100\/100\n|-enditem|p1a: Carly Rae|Booster Energy\n|-activate|p1a: Carly Rae|ability: Quark Drive|[fromitem]\n|-start|p1a: Carly Rae|quarkdrivespe\n|turn|4\n|\n|t:|1699844673\n|move|p1a: Carly Rae|Fiery Dance|p2a: Ursaluna\n|-damage|p2a: Ursaluna|0 fnt\n|-boost|p1a: Carly Rae|spa|1\n|faint|p2a: Ursaluna\n|\n|upkeep\n|\n|t:|1699844681\n|switch|p2a: Samurott|Samurott-Hisui, M|100\/100\n|-damage|p2a: Samurott|88\/100|[from] Stealth Rock\n|-status|p2a: Samurott|tox\n|turn|5\n|\n|t:|1699844689\n|move|p1a: Carly Rae|Discharge|p2a: Samurott\n|-supereffective|p2a: Samurott\n|-damage|p2a: Samurott|0 fnt\n|faint|p2a: Samurott\n|\n|upkeep\n|-message|jiuyuansi_Z forfeited.\n|\n|win|Auburn Hills\n|raw|Auburn Hills's rating: 1649 &rarr; <strong>1662<\/strong><br \/>(+13 for winning)\n|raw|jiuyuansi_Z's rating: 1521 &rarr; <strong>1508<\/strong><br \/>(-13 for losing)\n|l|\u203djiuyuansi_Z\n|l|\u2606Auburn Hills\n","uploadtime":1699844699,"views":23,"p1id":"auburnhills","p2id":"jiuyuansiz","formatid":"gen9ou","rating":1508,"private":0,"password":""}