{"id":"gen9ou-1994178743","p1":"Jeusu","p2":"possibile tenere","format":"[Gen 9] OU","log":"|j|\u2606Jeusu\n|j|\u2606possibile tenere\n|t:|1700415854\n|gametype|singles\n|player|p1|Jeusu|plasmagruntf|1223\n|player|p2|possibile tenere|170|1222\n|teamsize|p1|6\n|teamsize|p2|6\n|gen|9\n|tier|[Gen 9] OU\n|rated|\n|rule|Sleep Clause Mod: Limit one foe put to sleep\n|rule|Species Clause: Limit one of each Pok\u00e9mon\n|rule|OHKO Clause: OHKO moves are banned\n|rule|Evasion Items Clause: Evasion items are banned\n|rule|Evasion Moves Clause: Evasion moves are banned\n|rule|Endless Battle Clause: Forcing endless battles is banned\n|rule|HP Percentage Mod: HP is shown in percentages\n|clearpoke\n|poke|p1|Rillaboom, M|\n|poke|p1|Iron Moth|\n|poke|p1|Dondozo, M|\n|poke|p1|Clodsire, F|\n|poke|p1|Iron Treads|\n|poke|p1|Haxorus, F|\n|poke|p2|Ting-Lu|\n|poke|p2|Gholdengo|\n|poke|p2|Enamorus, F|\n|poke|p2|Great Tusk|\n|poke|p2|Volcanion|\n|poke|p2|Amoonguss, M|\n|teampreview\n|inactive|Battle timer is ON: inactive players will automatically lose when time's up. (requested by possibile tenere)\n|\n|t:|1700415872\n|start\n|switch|p1a: Iron Moth|Iron Moth|100\/100\n|switch|p2a: Great Tusk|Great Tusk|100\/100\n|turn|1\n|\n|t:|1700415878\n|move|p1a: Iron Moth|U-turn|p2a: Great Tusk\n|-resisted|p2a: Great Tusk\n|-damage|p2a: Great Tusk|97\/100\n|-damage|p1a: Iron Moth|84\/100|[from] item: Rocky Helmet|[of] p2a: Great Tusk\n|\n|t:|1700415888\n|-end|p1a: Iron Moth|Quark Drive|[silent]\n|switch|p1a: Rillaboom|Rillaboom, M|100\/100|[from] U-turn\n|-fieldstart|move: Grassy Terrain|[from] ability: Grassy Surge|[of] p1a: Rillaboom\n|move|p2a: Great Tusk|Rapid Spin|p1a: Rillaboom\n|-damage|p1a: Rillaboom|81\/100\n|-boost|p2a: Great Tusk|spe|1\n|\n|-heal|p2a: Great Tusk|100\/100|[from] Grassy Terrain\n|-heal|p1a: Rillaboom|88\/100|[from] Grassy Terrain\n|upkeep\n|turn|2\n|\n|t:|1700415898\n|-end|p2a: Great Tusk|Protosynthesis|[silent]\n|switch|p2a: Gholdengo|Gholdengo|100\/100\n|move|p1a: Rillaboom|Grassy Glide|p2a: Gholdengo\n|-resisted|p2a: Gholdengo\n|-damage|p2a: Gholdengo|69\/100\n|\n|-heal|p2a: Gholdengo|75\/100|[from] Grassy Terrain\n|-heal|p1a: Rillaboom|94\/100|[from] Grassy Terrain\n|upkeep\n|turn|3\n|\n|t:|1700415910\n|switch|p1a: Clodsire|Clodsire, F|100\/100\n|move|p2a: Gholdengo|Shadow Ball|p1a: Clodsire\n|-damage|p1a: Clodsire|76\/100\n|\n|-heal|p2a: Gholdengo|81\/100|[from] Grassy Terrain\n|-heal|p1a: Clodsire|82\/100|[from] Grassy Terrain\n|-heal|p1a: Clodsire|88\/100|[from] item: Black Sludge\n|upkeep\n|turn|4\n|\n|t:|1700415917\n|switch|p2a: Great Tusk|Great Tusk|100\/100\n|move|p1a: Clodsire|Stealth Rock|p2a: Great Tusk\n|-sidestart|p2: possibile tenere|move: Stealth Rock\n|\n|-heal|p1a: Clodsire|95\/100|[from] Grassy Terrain\n|-heal|p1a: Clodsire|100\/100|[from] item: Black Sludge\n|upkeep\n|turn|5\n|\n|t:|1700415924\n|switch|p1a: Dondozo|Dondozo, M|100\/100\n|move|p2a: Great Tusk|Ice Spinner|p1a: Dondozo\n|-resisted|p1a: Dondozo\n|-damage|p1a: Dondozo|94\/100\n|-fieldend|move: Grassy Terrain\n|\n|-heal|p1a: Dondozo|99\/100|[from] item: Leftovers\n|upkeep\n|turn|6\n|\n|t:|1700415936\n|switch|p1a: Iron Moth|Iron Moth|84\/100\n|move|p2a: Great Tusk|Rapid Spin|p1a: Iron Moth\n|-damage|p1a: Iron Moth|56\/100\n|-boost|p2a: Great Tusk|spe|1\n|-sideend|p2: possibile tenere|Stealth Rock|[from] move: Rapid Spin|[of] p2a: Great Tusk\n|\n|upkeep\n|turn|7\n|\n|t:|1700415941\n|move|p1a: Iron Moth|Energy Ball|p2a: Great Tusk\n|-supereffective|p2a: Great Tusk\n|-damage|p2a: Great Tusk|8\/100\n|move|p2a: Great Tusk|Earthquake|p1a: Iron Moth\n|-supereffective|p1a: Iron Moth\n|-damage|p1a: Iron Moth|0 fnt\n|faint|p1a: Iron Moth\n|-end|p1a: Iron Moth|Quark Drive|[silent]\n|\n|upkeep\n|\n|t:|1700415952\n|switch|p1a: Baby Girl|Haxorus, F|100\/100\n|-ability|p1a: Baby Girl|Mold Breaker\n|turn|8\n|\n|t:|1700415956\n|move|p2a: Great Tusk|Ice Spinner|p1a: Baby Girl\n|-supereffective|p1a: Baby Girl\n|-damage|p1a: Baby Girl|35\/100\n|move|p1a: Baby Girl|Iron Head|p2a: Great Tusk\n|-damage|p2a: Great Tusk|0 fnt\n|-damage|p1a: Baby Girl|19\/100|[from] item: Rocky Helmet|[of] p2a: Great Tusk\n|faint|p2a: Great Tusk\n|-end|p2a: Great Tusk|Protosynthesis|[silent]\n|\n|upkeep\n|\n|t:|1700415966\n|switch|p2a: Enamorus|Enamorus, F|100\/100\n|turn|9\n|\n|t:|1700415975\n|switch|p1a: Iron Treads|Iron Treads|100\/100\n|move|p2a: Enamorus|Earth Power|p1a: Iron Treads\n|-supereffective|p1a: Iron Treads\n|-damage|p1a: Iron Treads|55\/100\n|\n|upkeep\n|turn|10\n|\n|t:|1700415982\n|switch|p2a: Ting-Lu|Ting-Lu|100\/100\n|-ability|p2a: Ting-Lu|Vessel of Ruin\n|move|p1a: Iron Treads|Volt Switch|p2a: Ting-Lu\n|-immune|p2a: Ting-Lu\n|\n|upkeep\n|turn|11\n|inactive|possibile tenere has 120 seconds left.\n|inactive|possibile tenere has 90 seconds left.\n|\n|t:|1700416061\n|-end|p1a: Iron Treads|Quark Drive|[silent]\n|switch|p1a: Rillaboom|Rillaboom, M|94\/100\n|-fieldstart|move: Grassy Terrain|[from] ability: Grassy Surge|[of] p1a: Rillaboom\n|move|p2a: Ting-Lu|Spikes|p1a: Rillaboom\n|-sidestart|p1: Jeusu|Spikes\n|\n|-heal|p1a: Rillaboom|99\/100|[from] Grassy Terrain\n|upkeep\n|turn|12\n|\n|t:|1700416074\n|move|p1a: Rillaboom|Wood Hammer|p2a: Ting-Lu\n|-supereffective|p2a: Ting-Lu\n|-damage|p2a: Ting-Lu|0 fnt\n|faint|p2a: Ting-Lu\n|-damage|p1a: Rillaboom|50\/100|[from] Recoil\n|\n|-heal|p1a: Rillaboom|56\/100|[from] Grassy Terrain\n|upkeep\n|\n|t:|1700416083\n|switch|p2a: Gholdengo|Gholdengo|81\/100\n|turn|13\n|\n|t:|1700416091\n|switch|p1a: Clodsire|Clodsire, F|100\/100\n|-damage|p1a: Clodsire|88\/100|[from] Spikes\n|move|p2a: Gholdengo|Make It Rain|p1a: Clodsire\n|-damage|p1a: Clodsire|52\/100\n|-unboost|p2a: Gholdengo|spa|1\n|\n|-heal|p2a: Gholdengo|87\/100|[from] Grassy Terrain\n|-heal|p1a: Clodsire|58\/100|[from] Grassy Terrain\n|-heal|p1a: Clodsire|65\/100|[from] item: Black Sludge\n|upkeep\n|turn|14\n|inactive|possibile tenere has 90 seconds left.\n|-message|possibile tenere forfeited.\n|\n|win|Jeusu\n|raw|Jeusu's rating: 1223 &rarr; <strong>1248<\/strong><br \/>(+25 for winning)\n|raw|possibile tenere's rating: 1222 &rarr; <strong>1197<\/strong><br \/>(-25 for losing)\n|l|\u2606possibile tenere\n","uploadtime":1700416211,"views":9,"p1id":"jeusu","p2id":"possibiletenere","formatid":"gen9ou","rating":1197,"private":0,"password":""}