{"id":"gen9ou-1992309004","p1":"Psyc0x","p2":"Shinytra","format":"[Gen 9] OU","log":"|j|\u2606Psyc0x\n|j|\u2606Shinytra\n|t:|1700173227\n|gametype|singles\n|player|p1|Psyc0x|doubleteam|1405\n|player|p2|Shinytra|102|1443\n|teamsize|p1|6\n|teamsize|p2|6\n|gen|9\n|tier|[Gen 9] OU\n|rated|\n|rule|Sleep Clause Mod: Limit one foe put to sleep\n|rule|Species Clause: Limit one of each Pok\u00e9mon\n|rule|OHKO Clause: OHKO moves are banned\n|rule|Evasion Items Clause: Evasion items are banned\n|rule|Evasion Moves Clause: Evasion moves are banned\n|rule|Endless Battle Clause: Forcing endless battles is banned\n|rule|HP Percentage Mod: HP is shown in percentages\n|clearpoke\n|poke|p1|Kingambit, M|\n|poke|p1|Great Tusk|\n|poke|p1|Dragapult, M|\n|poke|p1|Ogerpon-Wellspring, F|\n|poke|p1|Blissey, F|\n|poke|p1|Zapdos|\n|poke|p2|Glimmora, M|\n|poke|p2|Ceruledge, M|\n|poke|p2|Ogerpon-Wellspring, F|\n|poke|p2|Kingambit, M|\n|poke|p2|Dragonite, F|\n|poke|p2|Enamorus, F|\n|teampreview\n|\n|t:|1700173243\n|start\n|switch|p1a: Great Tusk|Great Tusk|100\/100\n|switch|p2a: Glimmora|Glimmora, M|100\/100\n|turn|1\n|\n|t:|1700173252\n|-terastallize|p1a: Great Tusk|Steel\n|-terastallize|p2a: Glimmora|Grass\n|move|p1a: Great Tusk|Earthquake|p2a: Glimmora\n|-resisted|p2a: Glimmora\n|-damage|p2a: Glimmora|75\/100\n|-activate|p2a: Glimmora|ability: Toxic Debris\n|-sidestart|p1: Psyc0x|move: Toxic Spikes\n|move|p2a: Glimmora|Energy Ball|p1a: Great Tusk\n|-resisted|p1a: Great Tusk\n|-damage|p1a: Great Tusk|70\/100\n|\n|-heal|p1a: Great Tusk|76\/100|[from] item: Leftovers\n|upkeep\n|turn|2\n|\n|t:|1700173268\n|move|p1a: Great Tusk|Rapid Spin|p2a: Glimmora\n|-damage|p2a: Glimmora|57\/100\n|-boost|p1a: Great Tusk|spe|1\n|-activate|p2a: Glimmora|ability: Toxic Debris\n|-sidestart|p1: Psyc0x|move: Toxic Spikes\n|-sideend|p1: Psyc0x|Toxic Spikes|[from] move: Rapid Spin|[of] p1a: Great Tusk\n|move|p2a: Glimmora|Mortal Spin|p1a: Great Tusk\n|-immune|p1a: Great Tusk\n|\n|-heal|p1a: Great Tusk|82\/100|[from] item: Leftovers\n|upkeep\n|turn|3\n|\n|t:|1700173282\n|move|p1a: Great Tusk|Knock Off|p2a: Glimmora\n|-damage|p2a: Glimmora|21\/100\n|-activate|p2a: Glimmora|ability: Toxic Debris\n|-sidestart|p1: Psyc0x|move: Toxic Spikes\n|-enditem|p2a: Glimmora|Focus Sash|[from] move: Knock Off|[of] p1a: Great Tusk\n|move|p2a: Glimmora|Stealth Rock|p1a: Great Tusk\n|-sidestart|p1: Psyc0x|move: Stealth Rock\n|\n|-heal|p1a: Great Tusk|88\/100|[from] item: Leftovers\n|upkeep\n|turn|4\n|\n|t:|1700173290\n|move|p1a: Great Tusk|Rapid Spin|p2a: Glimmora\n|-damage|p2a: Glimmora|2\/100\n|-boost|p1a: Great Tusk|spe|1\n|-activate|p2a: Glimmora|ability: Toxic Debris\n|-sidestart|p1: Psyc0x|move: Toxic Spikes\n|-sideend|p1: Psyc0x|Toxic Spikes|[from] move: Rapid Spin|[of] p1a: Great Tusk\n|-sideend|p1: Psyc0x|Stealth Rock|[from] move: Rapid Spin|[of] p1a: Great Tusk\n|move|p2a: Glimmora|Stealth Rock|p1a: Great Tusk\n|-sidestart|p1: Psyc0x|move: Stealth Rock\n|\n|-heal|p1a: Great Tusk|95\/100|[from] item: Leftovers\n|upkeep\n|turn|5\n|\n|t:|1700173299\n|switch|p2a: Ceruledge|Ceruledge, M|100\/100\n|move|p1a: Great Tusk|Rapid Spin|p2a: Ceruledge\n|-immune|p2a: Ceruledge\n|\n|-heal|p1a: Great Tusk|100\/100|[from] item: Leftovers\n|upkeep\n|turn|6\n|\n|t:|1700173311\n|move|p1a: Great Tusk|Earthquake|p2a: Ceruledge\n|-supereffective|p2a: Ceruledge\n|-enditem|p2a: Ceruledge|Focus Sash\n|-damage|p2a: Ceruledge|1\/100\n|-ability|p2a: Ceruledge|Weak Armor|boost\n|-unboost|p2a: Ceruledge|def|1\n|-boost|p2a: Ceruledge|spe|2\n|move|p2a: Ceruledge|Swords Dance|p2a: Ceruledge\n|-boost|p2a: Ceruledge|atk|2\n|\n|upkeep\n|turn|7\n|\n|t:|1700173324\n|-end|p1a: Great Tusk|Protosynthesis|[silent]\n|switch|p1a: Zapdos|Zapdos|100\/100\n|move|p2a: Ceruledge|Bitter Blade|p1a: Zapdos\n|-damage|p1a: Zapdos|29\/100\n|-heal|p2a: Ceruledge|48\/100|[from] drain|[of] p1a: Zapdos\n|-status|p2a: Ceruledge|par|[from] ability: Static|[of] p1a: Zapdos\n|\n|upkeep\n|turn|8\n|c|\u2606Shinytra|...\n|\n|t:|1700173348\n|cant|p2a: Ceruledge|par\n|move|p1a: Zapdos|Volt Switch|p2a: Ceruledge\n|-damage|p2a: Ceruledge|15\/100 par\n|\n|t:|1700173353\n|switch|p1a: Ogerpon|Ogerpon-Wellspring, F|100\/100|[from] Volt Switch\n|-damage|p1a: Ogerpon|88\/100|[from] Stealth Rock\n|\n|upkeep\n|turn|9\n|\n|t:|1700173360\n|move|p2a: Ceruledge|Shadow Sneak|p1a: Ogerpon\n|-damage|p1a: Ogerpon|36\/100\n|move|p1a: Ogerpon|Ivy Cudgel|p2a: Ceruledge|[anim] Ivy Cudgel Water\n|-supereffective|p2a: Ceruledge\n|-crit|p2a: Ceruledge\n|-damage|p2a: Ceruledge|0 fnt\n|faint|p2a: Ceruledge\n|\n|upkeep\n|\n|t:|1700173377\n|switch|p2a: Kingambit|Kingambit, M|100\/100\n|-activate|p2a: Kingambit|ability: Supreme Overlord\n|-start|p2a: Kingambit|fallen1|[silent]\n|turn|10\n|\n|t:|1700173383\n|move|p1a: Ogerpon|Ivy Cudgel|p2a: Kingambit|[anim] Ivy Cudgel Water\n|-damage|p2a: Kingambit|52\/100\n|move|p2a: Kingambit|Swords Dance|p2a: Kingambit\n|-boost|p2a: Kingambit|atk|2\n|\n|upkeep\n|turn|11\n|\n|t:|1700173388\n|move|p2a: Kingambit|Sucker Punch||[still]\n|-fail|p2a: Kingambit\n|move|p1a: Ogerpon|Encore|p2a: Kingambit\n|-start|p2a: Kingambit|Encore\n|\n|upkeep\n|turn|12\n|\n|t:|1700173399\n|switch|p1a: Great Tusk|Great Tusk, tera:Steel|100\/100\n|-damage|p1a: Great Tusk|94\/100|[from] Stealth Rock\n|-end|p2a: Kingambit|fallen1|[silent]\n|switch|p2a: Glimmora|Glimmora, M, tera:Grass|2\/100\n|\n|-heal|p1a: Great Tusk|100\/100|[from] item: Leftovers\n|upkeep\n|turn|13\n|\n|t:|1700173415\n|switch|p2a: Enamorus|Enamorus, F|100\/100\n|move|p1a: Great Tusk|Rapid Spin|p2a: Enamorus\n|-damage|p2a: Enamorus|78\/100\n|-boost|p1a: Great Tusk|spe|1\n|-sideend|p1: Psyc0x|Stealth Rock|[from] move: Rapid Spin|[of] p1a: Great Tusk\n|\n|upkeep\n|turn|14\n|\n|t:|1700173421\n|move|p2a: Enamorus|Earth Power|p1a: Great Tusk\n|-supereffective|p1a: Great Tusk\n|-damage|p1a: Great Tusk|15\/100\n|move|p1a: Great Tusk|Knock Off|p2a: Enamorus\n|-resisted|p2a: Enamorus\n|-damage|p2a: Enamorus|57\/100\n|-enditem|p2a: Enamorus|Choice Scarf|[from] move: Knock Off|[of] p1a: Great Tusk\n|\n|-heal|p1a: Great Tusk|21\/100|[from] item: Leftovers\n|upkeep\n|turn|15\n|\n|t:|1700173441\n|-end|p1a: Great Tusk|Protosynthesis|[silent]\n|switch|p1a: Blissey|Blissey, F|100\/100\n|switch|p2a: Dragonite|Dragonite, F|100\/100\n|\n|upkeep\n|turn|16\n|\n|t:|1700173447\n|move|p2a: Dragonite|Dragon Dance|p2a: Dragonite\n|-boost|p2a: Dragonite|atk|1\n|-boost|p2a: Dragonite|spe|1\n|move|p1a: Blissey|Seismic Toss|p2a: Dragonite\n|-damage|p2a: Dragonite|70\/100\n|\n|upkeep\n|turn|17\n|\n|t:|1700173457\n|move|p2a: Dragonite|Dragon Dance|p2a: Dragonite\n|-boost|p2a: Dragonite|atk|1\n|-boost|p2a: Dragonite|spe|1\n|move|p1a: Blissey|Seismic Toss|p2a: Dragonite\n|-damage|p2a: Dragonite|39\/100\n|\n|upkeep\n|turn|18\n|\n|t:|1700173463\n|move|p2a: Dragonite|Roost|p2a: Dragonite\n|-heal|p2a: Dragonite|89\/100\n|-singleturn|p2a: Dragonite|move: Roost\n|move|p1a: Blissey|Seismic Toss|p2a: Dragonite\n|-damage|p2a: Dragonite|58\/100\n|\n|upkeep\n|turn|19\n|\n|t:|1700173475\n|switch|p1a: Zapdos|Zapdos|29\/100\n|move|p2a: Dragonite|Roost|p2a: Dragonite\n|-heal|p2a: Dragonite|100\/100\n|-singleturn|p2a: Dragonite|move: Roost\n|\n|upkeep\n|turn|20\n|\n|t:|1700173482\n|move|p2a: Dragonite|Extreme Speed|p1a: Zapdos\n|-damage|p1a: Zapdos|0 fnt\n|-status|p2a: Dragonite|par|[from] ability: Static|[of] p1a: Zapdos\n|faint|p1a: Zapdos\n|\n|upkeep\n|\n|t:|1700173489\n|switch|p1a: Dragapult|Dragapult, M|100\/100\n|turn|21\n|\n|t:|1700173494\n|move|p1a: Dragapult|U-turn|p2a: Dragonite\n|-resisted|p2a: Dragonite\n|-damage|p2a: Dragonite|96\/100 par\n|\n|t:|1700173497\n|switch|p1a: Ogerpon|Ogerpon-Wellspring, F|36\/100|[from] U-turn\n|move|p2a: Dragonite|Earthquake|p1a: Ogerpon\n|-resisted|p1a: Ogerpon\n|-damage|p1a: Ogerpon|0 fnt\n|faint|p1a: Ogerpon\n|\n|upkeep\n|\n|t:|1700173503\n|switch|p1a: Dragapult|Dragapult, M|100\/100\n|turn|22\n|\n|t:|1700173507\n|move|p1a: Dragapult|Draco Meteor|p2a: Dragonite|[miss]\n|-miss|p1a: Dragapult|p2a: Dragonite\n|cant|p2a: Dragonite|par\n|\n|upkeep\n|turn|23\n|\n|t:|1700173522\n|switch|p1a: Kingambit|Kingambit, M|100\/100\n|-activate|p1a: Kingambit|ability: Supreme Overlord\n|-start|p1a: Kingambit|fallen2|[silent]\n|switch|p2a: Enamorus|Enamorus, F|57\/100\n|\n|upkeep\n|turn|24\n|\n|t:|1700173529\n|move|p2a: Enamorus|Earth Power|p1a: Kingambit\n|-supereffective|p1a: Kingambit\n|-damage|p1a: Kingambit|27\/100\n|move|p1a: Kingambit|Iron Head|p2a: Enamorus\n|-supereffective|p2a: Enamorus\n|-damage|p2a: Enamorus|0 fnt\n|faint|p2a: Enamorus\n|\n|upkeep\n|\n|t:|1700173540\n|switch|p2a: Ogerpon|Ogerpon-Wellspring, F|100\/100\n|turn|25\n|\n|t:|1700173545\n|move|p2a: Ogerpon|Ivy Cudgel|p1a: Kingambit|[anim] Ivy Cudgel Water\n|-crit|p1a: Kingambit\n|-damage|p1a: Kingambit|0 fnt\n|faint|p1a: Kingambit\n|-end|p1a: Kingambit|fallen2|[silent]\n|\n|upkeep\n|\n|t:|1700173551\n|switch|p1a: Dragapult|Dragapult, M|100\/100\n|turn|26\n|\n|t:|1700173561\n|switch|p2a: Glimmora|Glimmora, M, tera:Grass|2\/100\n|move|p1a: Dragapult|U-turn|p2a: Glimmora\n|-supereffective|p2a: Glimmora\n|-damage|p2a: Glimmora|0 fnt\n|-activate|p2a: Glimmora|ability: Toxic Debris\n|-sidestart|p1: Psyc0x|move: Toxic Spikes\n|faint|p2a: Glimmora\n|\n|t:|1700173572\n|switch|p1a: Great Tusk|Great Tusk, tera:Steel|21\/100|[from] U-turn\n|\n|-heal|p1a: Great Tusk|27\/100|[from] item: Leftovers\n|upkeep\n|\n|t:|1700173585\n|switch|p2a: Ogerpon|Ogerpon-Wellspring, F|100\/100\n|turn|27\n|\n|t:|1700173589\n|move|p2a: Ogerpon|Ivy Cudgel|p1a: Great Tusk|[anim] Ivy Cudgel Water\n|-crit|p1a: Great Tusk\n|-damage|p1a: Great Tusk|0 fnt\n|faint|p1a: Great Tusk\n|-end|p1a: Great Tusk|Protosynthesis|[silent]\n|\n|upkeep\n|\n|t:|1700173593\n|switch|p1a: Dragapult|Dragapult, M|100\/100\n|-status|p1a: Dragapult|psn\n|turn|28\n|\n|t:|1700173608\n|move|p1a: Dragapult|Draco Meteor|p2a: Ogerpon\n|-damage|p2a: Ogerpon|0 fnt\n|-unboost|p1a: Dragapult|spa|2\n|faint|p2a: Ogerpon\n|\n|-damage|p1a: Dragapult|88\/100 psn|[from] psn\n|upkeep\n|\n|t:|1700173617\n|switch|p2a: Kingambit|Kingambit, M|52\/100\n|-activate|p2a: Kingambit|ability: Supreme Overlord\n|-start|p2a: Kingambit|fallen4|[silent]\n|turn|29\n|\n|t:|1700173635\n|move|p2a: Kingambit|Sucker Punch|p1a: Dragapult\n|-supereffective|p1a: Dragapult\n|-damage|p1a: Dragapult|0 fnt\n|faint|p1a: Dragapult\n|\n|upkeep\n|-message|Psyc0x forfeited.\n|\n|win|Shinytra\n|raw|Psyc0x's rating: 1405 &rarr; <strong>1387<\/strong><br \/>(-18 for losing)\n|raw|Shinytra's rating: 1443 &rarr; <strong>1461<\/strong><br \/>(+18 for winning)\n|l|\u2606Psyc0x\n","uploadtime":1700173672,"views":8,"p1id":"psyc0x","p2id":"shinytra","formatid":"gen9ou","rating":1387,"private":0,"password":""}