{"id":"gen9ou-1996274803","p1":"Grotn2","p2":"Outdated Ahh Team","format":"[Gen 9] OU","log":"|j|\u2606Grotn2\n|j|\u2606Outdated Ahh Team\n|t:|1700666485\n|gametype|singles\n|player|p1|Grotn2|265|1514\n|player|p2|Outdated Ahh Team|will-gen2|1596\n|teamsize|p1|6\n|teamsize|p2|6\n|gen|9\n|tier|[Gen 9] OU\n|rated|\n|rule|Sleep Clause Mod: Limit one foe put to sleep\n|rule|Species Clause: Limit one of each Pok\u00e9mon\n|rule|OHKO Clause: OHKO moves are banned\n|rule|Evasion Items Clause: Evasion items are banned\n|rule|Evasion Moves Clause: Evasion moves are banned\n|rule|Endless Battle Clause: Forcing endless battles is banned\n|rule|HP Percentage Mod: HP is shown in percentages\n|clearpoke\n|poke|p1|Landorus-Therian, M|\n|poke|p1|Corviknight, M|\n|poke|p1|Arcanine-Hisui, M|\n|poke|p1|Thundurus-Therian, M|\n|poke|p1|Garchomp, F|\n|poke|p1|Ogerpon-Wellspring, F|\n|poke|p2|Dragonite, F|\n|poke|p2|Gholdengo|\n|poke|p2|Samurott-Hisui, M|\n|poke|p2|Enamorus, F|\n|poke|p2|Slowking-Galar, M|\n|poke|p2|Great Tusk|\n|teampreview\n|inactive|Battle timer is ON: inactive players will automatically lose when time's up. (requested by Outdated Ahh Team)\n|\n|t:|1700666506\n|start\n|switch|p1a: Corviknight|Corviknight, M|100\/100\n|switch|p2a: Tuskuthy the Great|Great Tusk|100\/100\n|-ability|p1a: Corviknight|Pressure\n|turn|1\n|\n|t:|1700666509\n|move|p2a: Tuskuthy the Great|Stealth Rock|p1a: Corviknight\n|-sidestart|p1: Grotn2|move: Stealth Rock\n|move|p1a: Corviknight|Brave Bird|p2a: Tuskuthy the Great\n|-supereffective|p2a: Tuskuthy the Great\n|-damage|p2a: Tuskuthy the Great|65\/100\n|-damage|p1a: Corviknight|88\/100|[from] Recoil\n|\n|-heal|p2a: Tuskuthy the Great|72\/100|[from] item: Leftovers\n|upkeep\n|turn|2\n|j| Seleukos\n|\n|t:|1700666514\n|-end|p2a: Tuskuthy the Great|Protosynthesis|[silent]\n|switch|p2a: Trippie Redd|Gholdengo|100\/100\n|-item|p2a: Trippie Redd|Air Balloon\n|move|p1a: Corviknight|U-turn|p2a: Trippie Redd\n|-resisted|p2a: Trippie Redd\n|-damage|p2a: Trippie Redd|98\/100\n|-enditem|p2a: Trippie Redd|Air Balloon\n|\n|t:|1700666516\n|switch|p1a: Landorus|Landorus-Therian, M|100\/100|[from] U-turn\n|-damage|p1a: Landorus|88\/100|[from] Stealth Rock\n|-ability|p1a: Landorus|Intimidate|boost\n|-unboost|p2a: Trippie Redd|atk|1\n|\n|-heal|p1a: Landorus|94\/100|[from] item: Leftovers\n|upkeep\n|turn|3\n|\n|t:|1700666521\n|move|p2a: Trippie Redd|Recover|p2a: Trippie Redd\n|-heal|p2a: Trippie Redd|100\/100\n|move|p1a: Landorus|Stealth Rock|p2a: Trippie Redd\n|-sidestart|p2: Outdated Ahh Team|move: Stealth Rock\n|\n|-heal|p1a: Landorus|99\/100|[from] item: Leftovers\n|upkeep\n|turn|4\n|\n|t:|1700666523\n|move|p2a: Trippie Redd|Shadow Ball|p1a: Landorus\n|-damage|p1a: Landorus|72\/100\n|move|p1a: Landorus|Earthquake|p2a: Trippie Redd\n|-supereffective|p2a: Trippie Redd\n|-damage|p2a: Trippie Redd|39\/100\n|\n|-heal|p1a: Landorus|79\/100|[from] item: Leftovers\n|upkeep\n|turn|5\n|\n|t:|1700666530\n|switch|p2a: Boa Hancock \ud83d\udc8b|Enamorus, F|100\/100\n|-damage|p2a: Boa Hancock \ud83d\udc8b|76\/100|[from] Stealth Rock\n|move|p1a: Landorus|U-turn|p2a: Boa Hancock \ud83d\udc8b\n|-resisted|p2a: Boa Hancock \ud83d\udc8b\n|-damage|p2a: Boa Hancock \ud83d\udc8b|67\/100\n|\n|t:|1700666534\n|switch|p1a: Thundurus|Thundurus-Therian, M|100\/100|[from] U-turn\n|\n|upkeep\n|turn|6\n|\n|t:|1700666542\n|switch|p1a: Corviknight|Corviknight, M|88\/100\n|-damage|p1a: Corviknight|76\/100|[from] Stealth Rock\n|-ability|p1a: Corviknight|Pressure\n|-terastallize|p2a: Boa Hancock \ud83d\udc8b|Fairy\n|move|p2a: Boa Hancock \ud83d\udc8b|Moonblast|p1a: Corviknight\n|-resisted|p1a: Corviknight\n|-damage|p1a: Corviknight|44\/100\n|-unboost|p1a: Corviknight|spa|1\n|\n|upkeep\n|turn|7\n|\n|t:|1700666548\n|move|p2a: Boa Hancock \ud83d\udc8b|Moonblast|p1a: Corviknight\n|-resisted|p1a: Corviknight\n|-damage|p1a: Corviknight|11\/100\n|move|p1a: Corviknight|Roost|p1a: Corviknight\n|-heal|p1a: Corviknight|61\/100\n|-singleturn|p1a: Corviknight|move: Roost\n|\n|upkeep\n|turn|8\n|\n|t:|1700666552\n|switch|p2a: Trippie Redd|Gholdengo|39\/100\n|-damage|p2a: Trippie Redd|32\/100|[from] Stealth Rock\n|move|p1a: Corviknight|Roost|p1a: Corviknight\n|-heal|p1a: Corviknight|100\/100\n|-singleturn|p1a: Corviknight|move: Roost\n|\n|upkeep\n|turn|9\n|\n|t:|1700666556\n|switch|p1a: Landorus|Landorus-Therian, M|79\/100\n|-damage|p1a: Landorus|66\/100|[from] Stealth Rock\n|-ability|p1a: Landorus|Intimidate|boost\n|-unboost|p2a: Trippie Redd|atk|1\n|move|p2a: Trippie Redd|Recover|p2a: Trippie Redd\n|-heal|p2a: Trippie Redd|82\/100\n|\n|-heal|p1a: Landorus|72\/100|[from] item: Leftovers\n|upkeep\n|turn|10\n|\n|t:|1700666559\n|move|p2a: Trippie Redd|Shadow Ball|p1a: Landorus\n|-damage|p1a: Landorus|48\/100\n|-unboost|p1a: Landorus|spd|1\n|move|p1a: Landorus|Earthquake|p2a: Trippie Redd\n|-supereffective|p2a: Trippie Redd\n|-damage|p2a: Trippie Redd|22\/100\n|\n|-heal|p1a: Landorus|54\/100|[from] item: Leftovers\n|upkeep\n|turn|11\n|\n|t:|1700666562\n|move|p2a: Trippie Redd|Shadow Ball|p1a: Landorus\n|-damage|p1a: Landorus|18\/100\n|move|p1a: Landorus|U-turn|p2a: Trippie Redd\n|-resisted|p2a: Trippie Redd\n|-damage|p2a: Trippie Redd|18\/100\n|\n|t:|1700666565\n|switch|p1a: Thundurus|Thundurus-Therian, M|100\/100|[from] U-turn\n|\n|upkeep\n|turn|12\n|\n|t:|1700666569\n|switch|p2a: Tuskuthy the Great|Great Tusk|72\/100\n|-damage|p2a: Tuskuthy the Great|69\/100|[from] Stealth Rock\n|move|p1a: Thundurus|Volt Switch|p2a: Tuskuthy the Great\n|-immune|p2a: Tuskuthy the Great\n|\n|-heal|p2a: Tuskuthy the Great|75\/100|[from] item: Leftovers\n|upkeep\n|turn|13\n|\n|t:|1700666573\n|-end|p2a: Tuskuthy the Great|Protosynthesis|[silent]\n|switch|p2a: Slowking-Crowned|Slowking-Galar, M|100\/100\n|-terastallize|p1a: Thundurus|Ice\n|move|p1a: Thundurus|Tera Blast|p2a: Slowking-Crowned|[anim] Tera Blast Ice\n|-crit|p2a: Slowking-Crowned\n|-damage|p2a: Slowking-Crowned|62\/100\n|\n|upkeep\n|turn|14\n|\n|t:|1700666574\n|move|p1a: Thundurus|Volt Switch|p2a: Slowking-Crowned\n|-damage|p2a: Slowking-Crowned|41\/100\n|\n|t:|1700666577\n|switch|p1a: Landorus|Landorus-Therian, M|18\/100|[from] Volt Switch\n|-damage|p1a: Landorus|5\/100|[from] Stealth Rock\n|-ability|p1a: Landorus|Intimidate|boost\n|-unboost|p2a: Slowking-Crowned|atk|1\n|move|p2a: Slowking-Crowned|Chilly Reception|p2a: Slowking-Crowned\n|-weather|Snow\n|\n|t:|1700666594\n|switch|p2a: Trippie Redd|Gholdengo|18\/100|[from] Chilly Reception\n|-damage|p2a: Trippie Redd|12\/100|[from] Stealth Rock\n|\n|-weather|Snow|[upkeep]\n|-heal|p1a: Landorus|11\/100|[from] item: Leftovers\n|upkeep\n|turn|15\n|\n|t:|1700666597\n|move|p2a: Trippie Redd|Shadow Ball|p1a: Landorus\n|-damage|p1a: Landorus|0 fnt\n|faint|p1a: Landorus\n|\n|-weather|Snow|[upkeep]\n|upkeep\n|\n|t:|1700666601\n|switch|p1a: Thundurus|Thundurus-Therian, M, tera:Ice|100\/100\n|turn|16\n|\n|t:|1700666610\n|move|p1a: Thundurus|Thunderbolt|p2a: Trippie Redd\n|-damage|p2a: Trippie Redd|0 fnt\n|faint|p2a: Trippie Redd\n|\n|-weather|Snow|[upkeep]\n|upkeep\n|\n|t:|1700666624\n|switch|p2a: Boa Hancock \ud83d\udc8b|Enamorus, F, tera:Fairy|67\/100\n|-damage|p2a: Boa Hancock \ud83d\udc8b|54\/100|[from] Stealth Rock\n|turn|17\n|\n|t:|1700666626\n|switch|p1a: Corviknight|Corviknight, M|100\/100\n|-damage|p1a: Corviknight|88\/100|[from] Stealth Rock\n|-ability|p1a: Corviknight|Pressure\n|move|p2a: Boa Hancock \ud83d\udc8b|Mystical Fire|p1a: Corviknight\n|-supereffective|p1a: Corviknight\n|-damage|p1a: Corviknight|32\/100\n|-unboost|p1a: Corviknight|spa|1\n|\n|-weather|Snow|[upkeep]\n|upkeep\n|turn|18\n|\n|t:|1700666633\n|switch|p1a: Garchomp|Garchomp, F|100\/100\n|-damage|p1a: Garchomp|94\/100|[from] Stealth Rock\n|move|p2a: Boa Hancock \ud83d\udc8b|Mystical Fire|p1a: Garchomp\n|-resisted|p1a: Garchomp\n|-damage|p1a: Garchomp|79\/100\n|-unboost|p1a: Garchomp|spa|1\n|\n|-weather|none\n|upkeep\n|turn|19\n|\n|t:|1700666637\n|switch|p2a: Tuskuthy the Great|Great Tusk|75\/100\n|-damage|p2a: Tuskuthy the Great|72\/100|[from] Stealth Rock\n|move|p1a: Garchomp|Substitute|p1a: Garchomp\n|-start|p1a: Garchomp|Substitute\n|-damage|p1a: Garchomp|54\/100\n|\n|-heal|p2a: Tuskuthy the Great|78\/100|[from] item: Leftovers\n|upkeep\n|turn|20\n|\n|t:|1700666641\n|move|p1a: Garchomp|Earthquake|p2a: Tuskuthy the Great\n|-damage|p2a: Tuskuthy the Great|53\/100\n|move|p2a: Tuskuthy the Great|Earthquake|p1a: Garchomp\n|-end|p1a: Garchomp|Substitute\n|\n|-heal|p2a: Tuskuthy the Great|59\/100|[from] item: Leftovers\n|upkeep\n|turn|21\n|\n|t:|1700666647\n|switch|p1a: Corviknight|Corviknight, M|32\/100\n|-damage|p1a: Corviknight|19\/100|[from] Stealth Rock\n|-ability|p1a: Corviknight|Pressure\n|move|p2a: Tuskuthy the Great|Ice Spinner|p1a: Corviknight\n|-damage|p1a: Corviknight|6\/100\n|-damage|p2a: Tuskuthy the Great|43\/100|[from] item: Rocky Helmet|[of] p1a: Corviknight\n|\n|-heal|p2a: Tuskuthy the Great|49\/100|[from] item: Leftovers\n|upkeep\n|turn|22\n|\n|t:|1700666650\n|move|p2a: Tuskuthy the Great|Ice Spinner|p1a: Corviknight\n|-damage|p1a: Corviknight|0 fnt\n|-damage|p2a: Tuskuthy the Great|32\/100|[from] item: Rocky Helmet|[of] p1a: Corviknight\n|faint|p1a: Corviknight\n|\n|-heal|p2a: Tuskuthy the Great|38\/100|[from] item: Leftovers\n|upkeep\n|\n|t:|1700666659\n|switch|p1a: Ogerpon|Ogerpon-Wellspring, F|100\/100\n|-damage|p1a: Ogerpon|88\/100|[from] Stealth Rock\n|turn|23\n|\n|t:|1700666670\n|-end|p2a: Tuskuthy the Great|Protosynthesis|[silent]\n|switch|p2a: Kaido|Dragonite, F|100\/100\n|-damage|p2a: Kaido|76\/100|[from] Stealth Rock\n|move|p1a: Ogerpon|Trailblaze|p2a: Kaido\n|-resisted|p2a: Kaido\n|-damage|p2a: Kaido|68\/100\n|-boost|p1a: Ogerpon|spe|1\n|\n|-heal|p2a: Kaido|74\/100|[from] item: Leftovers\n|upkeep\n|turn|24\n|\n|t:|1700666673\n|move|p1a: Ogerpon|Ivy Cudgel|p2a: Kaido|[anim] Ivy Cudgel Water\n|-resisted|p2a: Kaido\n|-damage|p2a: Kaido|43\/100\n|move|p2a: Kaido|Dragon Dance|p2a: Kaido\n|-boost|p2a: Kaido|atk|1\n|-boost|p2a: Kaido|spe|1\n|\n|-heal|p2a: Kaido|49\/100|[from] item: Leftovers\n|upkeep\n|turn|25\n|\n|t:|1700666688\n|move|p1a: Ogerpon|Encore|p2a: Kaido\n|-start|p2a: Kaido|Encore\n|move|p2a: Kaido|Dragon Dance|p2a: Kaido\n|-boost|p2a: Kaido|atk|1\n|-boost|p2a: Kaido|spe|1\n|\n|-heal|p2a: Kaido|56\/100|[from] item: Leftovers\n|upkeep\n|turn|26\n|\n|t:|1700666705\n|move|p1a: Ogerpon|Ivy Cudgel|p2a: Kaido|[anim] Ivy Cudgel Water\n|-resisted|p2a: Kaido\n|-damage|p2a: Kaido|25\/100\n|move|p2a: Kaido|Dragon Dance|p2a: Kaido\n|-boost|p2a: Kaido|atk|1\n|-boost|p2a: Kaido|spe|1\n|\n|-heal|p2a: Kaido|31\/100|[from] item: Leftovers\n|upkeep\n|turn|27\n|\n|t:|1700666708\n|move|p2a: Kaido|Dragon Dance|p2a: Kaido\n|-boost|p2a: Kaido|atk|1\n|-boost|p2a: Kaido|spe|1\n|move|p1a: Ogerpon|Ivy Cudgel|p2a: Kaido|[anim] Ivy Cudgel Water\n|-resisted|p2a: Kaido\n|-damage|p2a: Kaido|1\/100\n|\n|-heal|p2a: Kaido|8\/100|[from] item: Leftovers\n|-end|p2a: Kaido|Encore\n|upkeep\n|turn|28\n|\n|t:|1700666719\n|move|p2a: Kaido|Brick Break|p1a: Ogerpon\n|-damage|p1a: Ogerpon|0 fnt\n|faint|p1a: Ogerpon\n|\n|-heal|p2a: Kaido|14\/100|[from] item: Leftovers\n|upkeep\n|\n|t:|1700666722\n|switch|p1a: Arcanine|Arcanine-Hisui, M|100\/100\n|-damage|p1a: Arcanine|76\/100|[from] Stealth Rock\n|turn|29\n|c|\u2606Grotn2|The low roll cudgel:(\n|inactive|Outdated Ahh Team has 120 seconds left.\n|\n|t:|1700666780\n|move|p1a: Arcanine|Extreme Speed|p2a: Kaido\n|-damage|p2a: Kaido|0 fnt\n|faint|p2a: Kaido\n|\n|upkeep\n|\n|t:|1700666782\n|switch|p2a: Tuskuthy the Great|Great Tusk|38\/100\n|-damage|p2a: Tuskuthy the Great|35\/100|[from] Stealth Rock\n|turn|30\n|c|\u2606Grotn2|Spamming trailblaze won me the game I think so my fault tbh\n|\n|t:|1700666792\n|switch|p1a: Garchomp|Garchomp, F|54\/100\n|-damage|p1a: Garchomp|48\/100|[from] Stealth Rock\n|move|p2a: Tuskuthy the Great|Rapid Spin|p1a: Garchomp\n|-damage|p1a: Garchomp|33\/100\n|-boost|p2a: Tuskuthy the Great|spe|1\n|-damage|p2a: Tuskuthy the Great|23\/100|[from] ability: Rough Skin|[of] p1a: Garchomp\n|-sideend|p2: Outdated Ahh Team|Stealth Rock|[from] move: Rapid Spin|[of] p2a: Tuskuthy the Great\n|\n|-heal|p2a: Tuskuthy the Great|29\/100|[from] item: Leftovers\n|upkeep\n|turn|31\n|c|\u2606Outdated Ahh Team|shoulda sd'd off rip\n|c|\u2606Grotn2|Hmmm\n|\n|t:|1700666808\n|move|p2a: Tuskuthy the Great|Earthquake|p1a: Garchomp\n|-damage|p1a: Garchomp|0 fnt\n|faint|p1a: Garchomp\n|\n|-heal|p2a: Tuskuthy the Great|35\/100|[from] item: Leftovers\n|upkeep\n|c|\u2606Grotn2|Maybe\n|\n|t:|1700666818\n|switch|p1a: Arcanine|Arcanine-Hisui, M|76\/100\n|-damage|p1a: Arcanine|51\/100|[from] Stealth Rock\n|turn|32\n|\n|t:|1700666827\n|move|p1a: Arcanine|Flare Blitz|p2a: Tuskuthy the Great\n|-damage|p2a: Tuskuthy the Great|6\/100\n|move|p2a: Tuskuthy the Great|Earthquake|p1a: Arcanine\n|-supereffective|p1a: Arcanine\n|-damage|p1a: Arcanine|0 fnt\n|faint|p1a: Arcanine\n|\n|-heal|p2a: Tuskuthy the Great|12\/100|[from] item: Leftovers\n|upkeep\n|\n|t:|1700666831\n|switch|p1a: Thundurus|Thundurus-Therian, M, tera:Ice|100\/100\n|turn|33\n|\n|t:|1700666833\n|move|p2a: Tuskuthy the Great|Earthquake|p1a: Thundurus\n|-damage|p1a: Thundurus|35\/100\n|move|p1a: Thundurus|Tera Blast|p2a: Tuskuthy the Great|[anim] Tera Blast Ice\n|-supereffective|p2a: Tuskuthy the Great\n|-damage|p2a: Tuskuthy the Great|0 fnt\n|faint|p2a: Tuskuthy the Great\n|-end|p2a: Tuskuthy the Great|Protosynthesis|[silent]\n|\n|upkeep\n|\n|t:|1700666836\n|switch|p2a: Boa Hancock \ud83d\udc8b|Enamorus, F, tera:Fairy|54\/100\n|turn|34\n|c|\u2606Grotn2|Gg\n|c|\u2606Outdated Ahh Team|gg regardless\n|c|\u2606Outdated Ahh Team|wp\n|\n|t:|1700666846\n|move|p2a: Boa Hancock \ud83d\udc8b|Mystical Fire|p1a: Thundurus\n|-supereffective|p1a: Thundurus\n|-damage|p1a: Thundurus|0 fnt\n|faint|p1a: Thundurus\n|\n|win|Outdated Ahh Team\n|raw|Grotn2's rating: 1514 &rarr; <strong>1499<\/strong><br \/>(-15 for losing)\n|raw|Outdated Ahh Team's rating: 1596 &rarr; <strong>1611<\/strong><br \/>(+15 for winning)\n","uploadtime":1700666853,"views":0,"p1id":"grotn2","p2id":"outdatedahhteam","formatid":"gen9ou","rating":1499,"private":0,"password":""}