{"id":"gen9ou-1989282889","p1":"Black sheeps","p2":"FireCC1","format":"[Gen 9] OU","log":"|j|\u2606Black sheeps\n|j|\u2606FireCC1\n|t:|1699831623\n|gametype|singles\n|player|p1|Black sheeps|roxie|\n|player|p2|FireCC1|ghetsis-gen5bw|\n|teamsize|p1|6\n|teamsize|p2|6\n|gen|9\n|tier|[Gen 9] OU\n|rule|Sleep Clause Mod: Limit one foe put to sleep\n|rule|Species Clause: Limit one of each Pok\u00e9mon\n|rule|OHKO Clause: OHKO moves are banned\n|rule|Evasion Items Clause: Evasion items are banned\n|rule|Evasion Moves Clause: Evasion moves are banned\n|rule|Endless Battle Clause: Forcing endless battles is banned\n|rule|HP Percentage Mod: HP is shown in percentages\n|clearpoke\n|poke|p1|Gholdengo|\n|poke|p1|Tornadus-Therian, M|\n|poke|p1|Cloyster, F|\n|poke|p1|Ambipom, F|\n|poke|p1|Masquerain, M|\n|poke|p1|Electrode-Hisui|\n|poke|p2|Greninja-*, M|\n|poke|p2|Clefable, F|\n|poke|p2|Ting-Lu|\n|poke|p2|Gengar, M|\n|poke|p2|Haxorus, M|\n|poke|p2|Rotom-Wash|\n|teampreview\n|c|\u2606Black sheeps|Suerte\n|\n|t:|1699831634\n|start\n|switch|p1a: Masquerain|Masquerain, M|100\/100\n|switch|p2a: Clefable|Clefable, F|100\/100\n|-ability|p1a: Masquerain|Intimidate|boost\n|-unboost|p2a: Clefable|atk|1\n|turn|1\n|\n|t:|1699831643\n|move|p2a: Clefable|Protect|p2a: Clefable\n|-singleturn|p2a: Clefable|Protect\n|move|p1a: Masquerain|Sticky Web|p2a: Clefable\n|-sidestart|p2: FireCC1|move: Sticky Web\n|\n|upkeep\n|turn|2\n|\n|t:|1699831651\n|switch|p1a: Gholdengo|Gholdengo|100\/100\n|move|p2a: Clefable|Moonblast|p1a: Gholdengo\n|-resisted|p1a: Gholdengo\n|-damage|p1a: Gholdengo|83\/100\n|\n|upkeep\n|turn|3\n|\n|t:|1699831662\n|switch|p2a: Greninja|Greninja, M|100\/100\n|-activate|p2a: Greninja|move: Sticky Web\n|-unboost|p2a: Greninja|spe|1\n|move|p1a: Gholdengo|Trick|p2a: Greninja\n|-activate|p1a: Gholdengo|move: Trick|[of] p2a: Greninja\n|-item|p2a: Greninja|Choice Specs|[from] move: Trick\n|-item|p1a: Gholdengo|Life Orb|[from] move: Trick\n|\n|upkeep\n|turn|4\n|\n|t:|1699831677\n|move|p1a: Gholdengo|Focus Blast|p2a: Greninja\n|-supereffective|p2a: Greninja\n|-damage|p2a: Greninja|0 fnt\n|faint|p2a: Greninja\n|-damage|p1a: Gholdengo|73\/100|[from] item: Life Orb\n|\n|upkeep\n|\n|t:|1699831688\n|switch|p2a: Haxorus|Haxorus, M|100\/100\n|-activate|p2a: Haxorus|move: Sticky Web\n|-unboost|p2a: Haxorus|spe|1\n|-ability|p2a: Haxorus|Mold Breaker\n|turn|5\n|\n|t:|1699831698\n|move|p1a: Gholdengo|Make It Rain|p2a: Haxorus\n|-damage|p2a: Haxorus|0 fnt\n|-unboost|p1a: Gholdengo|spa|1\n|faint|p2a: Haxorus\n|-damage|p1a: Gholdengo|63\/100|[from] item: Life Orb\n|\n|upkeep\n|\n|t:|1699831710\n|switch|p2a: Rotom|Rotom-Wash|100\/100\n|turn|6\n|\n|t:|1699831724\n|switch|p1a: Electrode|Electrode-Hisui|100\/100\n|move|p2a: Rotom|Hydro Pump|p1a: Electrode\n|-resisted|p1a: Electrode\n|-damage|p1a: Electrode|71\/100\n|\n|upkeep\n|turn|7\n|\n|t:|1699831736\n|move|p1a: Electrode|Volt Switch|p2a: Rotom\n|-damage|p2a: Rotom|72\/100\n|\n|t:|1699831744\n|switch|p1a: Gholdengo|Gholdengo|63\/100|[from] Volt Switch\n|move|p2a: Rotom|Volt Switch|p1a: Gholdengo\n|-damage|p1a: Gholdengo|34\/100\n|\n|t:|1699831753\n|switch|p2a: Gengar|Gengar, M|100\/100|[from] Volt Switch\n|-activate|p2a: Gengar|move: Sticky Web\n|-unboost|p2a: Gengar|spe|1\n|\n|upkeep\n|turn|8\n|\n|t:|1699831761\n|move|p1a: Gholdengo|Shadow Ball|p2a: Gengar\n|-supereffective|p2a: Gengar\n|-damage|p2a: Gengar|0 fnt\n|faint|p2a: Gengar\n|-damage|p1a: Gholdengo|24\/100|[from] item: Life Orb\n|\n|upkeep\n|\n|t:|1699831772\n|switch|p2a: Ting-Lu|Ting-Lu|100\/100\n|-activate|p2a: Ting-Lu|move: Sticky Web\n|-unboost|p2a: Ting-Lu|spe|1\n|-ability|p2a: Ting-Lu|Vessel of Ruin\n|turn|9\n|\n|t:|1699831784\n|move|p1a: Gholdengo|Make It Rain|p2a: Ting-Lu\n|-damage|p2a: Ting-Lu|54\/100\n|-unboost|p1a: Gholdengo|spa|1\n|-damage|p1a: Gholdengo|14\/100|[from] item: Life Orb\n|move|p2a: Ting-Lu|Heavy Slam|p1a: Gholdengo\n|-resisted|p1a: Gholdengo\n|-damage|p1a: Gholdengo|0 fnt\n|faint|p1a: Gholdengo\n|\n|-heal|p2a: Ting-Lu|60\/100|[from] item: Leftovers\n|upkeep\n|\n|t:|1699831802\n|switch|p1a: Cloyster|Cloyster, F|100\/100\n|turn|10\n|\n|t:|1699831809\n|move|p1a: Cloyster|Shell Smash|p1a: Cloyster\n|-unboost|p1a: Cloyster|def|1\n|-unboost|p1a: Cloyster|spd|1\n|-boost|p1a: Cloyster|atk|2\n|-boost|p1a: Cloyster|spa|2\n|-boost|p1a: Cloyster|spe|2\n|move|p2a: Ting-Lu|Earth Power|p1a: Cloyster\n|-damage|p1a: Cloyster|22\/100\n|\n|-heal|p2a: Ting-Lu|67\/100|[from] item: Leftovers\n|upkeep\n|turn|11\n|\n|t:|1699831822\n|move|p1a: Cloyster|Waterfall|p2a: Ting-Lu\n|-supereffective|p2a: Ting-Lu\n|-damage|p2a: Ting-Lu|8\/100\n|cant|p2a: Ting-Lu|flinch\n|\n|-heal|p2a: Ting-Lu|14\/100|[from] item: Leftovers\n|upkeep\n|turn|12\n|\n|t:|1699831832\n|move|p1a: Cloyster|Waterfall|p2a: Ting-Lu\n|-supereffective|p2a: Ting-Lu\n|-damage|p2a: Ting-Lu|0 fnt\n|faint|p2a: Ting-Lu\n|\n|upkeep\n|\n|t:|1699831844\n|switch|p2a: Rotom|Rotom-Wash|72\/100\n|turn|13\n|\n|t:|1699831854\n|move|p1a: Cloyster|Icicle Spear|p2a: Rotom\n|-resisted|p2a: Rotom\n|-damage|p2a: Rotom|59\/100\n|-resisted|p2a: Rotom\n|-damage|p2a: Rotom|46\/100\n|-resisted|p2a: Rotom\n|-damage|p2a: Rotom|33\/100\n|-resisted|p2a: Rotom\n|-damage|p2a: Rotom|20\/100\n|-resisted|p2a: Rotom\n|-damage|p2a: Rotom|8\/100\n|-hitcount|p2a: Rotom|5\n|move|p2a: Rotom|Volt Switch|p1a: Cloyster\n|-supereffective|p1a: Cloyster\n|-damage|p1a: Cloyster|0 fnt\n|faint|p1a: Cloyster\n|\n|t:|1699831867\n|switch|p2a: Clefable|Clefable, F|100\/100|[from] Volt Switch\n|-activate|p2a: Clefable|move: Sticky Web\n|-unboost|p2a: Clefable|spe|1\n|\n|upkeep\n|\n|t:|1699831873\n|switch|p1a: Ambipom|Ambipom, F|100\/100\n|turn|14\n|\n|t:|1699831894\n|move|p1a: Ambipom|Fury Swipes|p2a: Clefable\n|-damage|p2a: Clefable|87\/100\n|-damage|p2a: Clefable|74\/100\n|-damage|p2a: Clefable|61\/100\n|-damage|p2a: Clefable|49\/100\n|-damage|p2a: Clefable|35\/100\n|-hitcount|p2a: Clefable|5\n|move|p2a: Clefable|Wish|p2a: Clefable\n|\n|-heal|p2a: Clefable|41\/100|[from] item: Leftovers\n|upkeep\n|turn|15\n|\n|t:|1699831908\n|move|p1a: Ambipom|Fury Swipes|p2a: Clefable\n|-damage|p2a: Clefable|27\/100\n|-damage|p2a: Clefable|14\/100\n|-damage|p2a: Clefable|1\/100\n|-damage|p2a: Clefable|0 fnt\n|faint|p2a: Clefable\n|-hitcount|p2: Clefable|4\n|\n|upkeep\n|\n|t:|1699831917\n|switch|p2a: Rotom|Rotom-Wash|8\/100\n|turn|16\n|\n|t:|1699831922\n|move|p1a: Ambipom|Fury Swipes|p2a: Rotom\n|-damage|p2a: Rotom|0 fnt\n|faint|p2a: Rotom\n|-hitcount|p2: Rotom|1\n|\n|win|Black sheeps\n","uploadtime":1699831930,"views":62,"p1id":"blacksheeps","p2id":"firecc1","formatid":"gen9ou","rating":0,"private":0,"password":""}