{"id":"gen9ou-1997655554","p1":"Arbyte","p2":"Sargenbob","format":"[Gen 9] OU","log":"|j|\u2606Arbyte\n|j|\u2606Sargenbob\n|t:|1700838193\n|gametype|singles\n|player|p1|Arbyte|265|1076\n|player|p2|Sargenbob|red|1121\n|teamsize|p1|6\n|teamsize|p2|6\n|gen|9\n|tier|[Gen 9] OU\n|rated|\n|rule|Sleep Clause Mod: Limit one foe put to sleep\n|rule|Species Clause: Limit one of each Pok\u00e9mon\n|rule|OHKO Clause: OHKO moves are banned\n|rule|Evasion Items Clause: Evasion items are banned\n|rule|Evasion Moves Clause: Evasion moves are banned\n|rule|Endless Battle Clause: Forcing endless battles is banned\n|rule|HP Percentage Mod: HP is shown in percentages\n|clearpoke\n|poke|p1|Walking Wake|\n|poke|p1|Greninja-*, M|\n|poke|p1|Ceruledge, M|\n|poke|p1|Ogerpon-Cornerstone, F|\n|poke|p1|Orthworm, M|\n|poke|p1|Blissey, F|\n|poke|p2|Okidogi, M|\n|poke|p2|Meowscarada, F|\n|poke|p2|Heatran, F|\n|poke|p2|Tornadus-Therian, M|\n|poke|p2|Iron Treads|\n|poke|p2|Rotom-Wash|\n|teampreview\n|inactive|Battle timer is ON: inactive players will automatically lose when time's up. (requested by Sargenbob)\n|\n|t:|1700838203\n|start\n|switch|p1a: Greninja|Greninja, M, shiny|100\/100\n|switch|p2a: Galliard|Heatran, F, shiny|100\/100\n|turn|1\n|\n|t:|1700838213\n|move|p1a: Greninja|U-turn|p2a: Galliard\n|-start|p1a: Greninja|typechange|Bug|[from] ability: Protean\n|-resisted|p2a: Galliard\n|-damage|p2a: Galliard|97\/100\n|-status|p1a: Greninja|brn|[from] ability: Flame Body|[of] p2a: Galliard\n|\n|t:|1700838219\n|switch|p1a: Blissey|Blissey, F|100\/100|[from] U-turn\n|move|p2a: Galliard|Stealth Rock|p1a: Blissey\n|-sidestart|p1: Arbyte|move: Stealth Rock\n|\n|-heal|p2a: Galliard|100\/100|[from] item: Leftovers\n|upkeep\n|turn|2\n|\n|t:|1700838228\n|move|p2a: Galliard|Magma Storm|p1a: Blissey\n|-damage|p1a: Blissey|88\/100\n|-activate|p1a: Blissey|move: Magma Storm|[of] p2a: Galliard\n|move|p1a: Blissey|Stealth Rock|p2a: Galliard\n|-sidestart|p2: Sargenbob|move: Stealth Rock\n|\n|-heal|p1a: Blissey|94\/100|[from] item: Leftovers\n|-damage|p1a: Blissey|81\/100|[from] move: Magma Storm|[partiallytrapped]\n|upkeep\n|turn|3\n|\n|t:|1700838240\n|switch|p2a: Dumbo|Iron Treads|100\/100\n|-damage|p2a: Dumbo|97\/100|[from] Stealth Rock\n|-item|p2a: Dumbo|Air Balloon\n|move|p1a: Blissey|Thunder Wave|p2a: Dumbo\n|-immune|p2a: Dumbo\n|\n|-heal|p1a: Blissey|88\/100|[from] item: Leftovers\n|-end|p1a: Blissey|Magma Storm|[partiallytrapped]|[silent]\n|upkeep\n|turn|4\n|\n|t:|1700838252\n|switch|p1a: Ceruledge|Ceruledge, M|100\/100\n|move|p2a: Dumbo|Knock Off|p1a: Ceruledge\n|-supereffective|p1a: Ceruledge\n|-damage|p1a: Ceruledge|8\/100\n|-ability|p1a: Ceruledge|Weak Armor|boost\n|-unboost|p1a: Ceruledge|def|1\n|-boost|p1a: Ceruledge|spe|2\n|-enditem|p1a: Ceruledge|Heavy-Duty Boots|[from] move: Knock Off|[of] p2a: Dumbo\n|\n|upkeep\n|turn|5\n|\n|t:|1700838263\n|move|p1a: Ceruledge|Bitter Blade|p2a: Dumbo\n|-supereffective|p2a: Dumbo\n|-damage|p2a: Dumbo|11\/100\n|-heal|p1a: Ceruledge|56\/100|[from] drain|[of] p2a: Dumbo\n|-enditem|p2a: Dumbo|Air Balloon\n|move|p2a: Dumbo|Knock Off|p1a: Ceruledge\n|-supereffective|p1a: Ceruledge\n|-damage|p1a: Ceruledge|0 fnt\n|faint|p1a: Ceruledge\n|\n|upkeep\n|\n|t:|1700838276\n|switch|p1a: Greninja|Greninja, M, shiny|100\/100 brn\n|-damage|p1a: Greninja|88\/100 brn|[from] Stealth Rock\n|turn|6\n|\n|t:|1700838285\n|move|p1a: Greninja|Ice Beam|p2a: Dumbo\n|-start|p1a: Greninja|typechange|Ice|[from] ability: Protean\n|-damage|p2a: Dumbo|0 fnt\n|faint|p2a: Dumbo\n|-end|p2a: Dumbo|Quark Drive|[silent]\n|\n|-damage|p1a: Greninja|82\/100 brn|[from] brn\n|upkeep\n|\n|t:|1700838292\n|switch|p2a: Okaydogi|Okidogi, M|100\/100\n|-damage|p2a: Okaydogi|94\/100|[from] Stealth Rock\n|turn|7\n|\n|t:|1700838300\n|switch|p1a: Orthworm|Orthworm, M, shiny|100\/100\n|-damage|p1a: Orthworm|94\/100|[from] Stealth Rock\n|move|p2a: Okaydogi|Drain Punch|p1a: Orthworm\n|-supereffective|p1a: Orthworm\n|-damage|p1a: Orthworm|53\/100\n|-heal|p2a: Okaydogi|100\/100|[from] drain|[of] p1a: Orthworm\n|\n|-heal|p1a: Orthworm|59\/100|[from] item: Leftovers\n|upkeep\n|turn|8\n|\n|t:|1700838315\n|-terastallize|p1a: Orthworm|Ghost\n|move|p2a: Okaydogi|Substitute|p2a: Okaydogi\n|-start|p2a: Okaydogi|Substitute\n|-damage|p2a: Okaydogi|75\/100\n|move|p1a: Orthworm|Metal Burst||[still]\n|-fail|p1a: Orthworm\n|\n|-heal|p2a: Okaydogi|82\/100|[from] item: Leftovers\n|-heal|p1a: Orthworm|65\/100|[from] item: Leftovers\n|upkeep\n|turn|9\n|\n|t:|1700838327\n|move|p2a: Okaydogi|Poison Fang|p1a: Orthworm\n|-resisted|p1a: Orthworm\n|-damage|p1a: Orthworm|59\/100\n|move|p1a: Orthworm|Iron Defense|p1a: Orthworm\n|-boost|p1a: Orthworm|def|2\n|\n|-heal|p2a: Okaydogi|88\/100|[from] item: Leftovers\n|-heal|p1a: Orthworm|65\/100|[from] item: Leftovers\n|upkeep\n|turn|10\n|\n|t:|1700838337\n|move|p2a: Okaydogi|Poison Fang|p1a: Orthworm\n|-resisted|p1a: Orthworm\n|-damage|p1a: Orthworm|61\/100\n|-status|p1a: Orthworm|tox\n|move|p1a: Orthworm|Body Press|p2a: Okaydogi\n|-resisted|p2a: Okaydogi\n|-end|p2a: Okaydogi|Substitute\n|\n|-heal|p2a: Okaydogi|94\/100|[from] item: Leftovers\n|-heal|p1a: Orthworm|67\/100 tox|[from] item: Leftovers\n|-damage|p1a: Orthworm|61\/100 tox|[from] psn\n|upkeep\n|turn|11\n|\n|t:|1700838350\n|move|p2a: Okaydogi|Substitute|p2a: Okaydogi\n|-start|p2a: Okaydogi|Substitute\n|-damage|p2a: Okaydogi|69\/100\n|move|p1a: Orthworm|Body Press|p2a: Okaydogi\n|-resisted|p2a: Okaydogi\n|-end|p2a: Okaydogi|Substitute\n|\n|-heal|p2a: Okaydogi|75\/100|[from] item: Leftovers\n|-heal|p1a: Orthworm|67\/100 tox|[from] item: Leftovers\n|-damage|p1a: Orthworm|55\/100 tox|[from] psn\n|upkeep\n|turn|12\n|\n|t:|1700838365\n|move|p2a: Okaydogi|Poison Fang|p1a: Orthworm\n|-resisted|p1a: Orthworm\n|-damage|p1a: Orthworm|52\/100 tox\n|move|p1a: Orthworm|Body Press|p2a: Okaydogi\n|-resisted|p2a: Okaydogi\n|-crit|p2a: Okaydogi\n|-damage|p2a: Okaydogi|38\/100\n|\n|-heal|p2a: Okaydogi|44\/100|[from] item: Leftovers\n|-heal|p1a: Orthworm|58\/100 tox|[from] item: Leftovers\n|-damage|p1a: Orthworm|39\/100 tox|[from] psn\n|upkeep\n|turn|13\n|\n|t:|1700838377\n|move|p2a: Okaydogi|Substitute|p2a: Okaydogi\n|-start|p2a: Okaydogi|Substitute\n|-damage|p2a: Okaydogi|19\/100\n|move|p1a: Orthworm|Body Press|p2a: Okaydogi\n|-resisted|p2a: Okaydogi\n|-crit|p2a: Okaydogi\n|-end|p2a: Okaydogi|Substitute\n|\n|-heal|p2a: Okaydogi|25\/100|[from] item: Leftovers\n|-heal|p1a: Orthworm|46\/100 tox|[from] item: Leftovers\n|-damage|p1a: Orthworm|21\/100 tox|[from] psn\n|upkeep\n|turn|14\n|\n|t:|1700838390\n|move|p2a: Okaydogi|Poison Fang|p1a: Orthworm\n|-resisted|p1a: Orthworm\n|-damage|p1a: Orthworm|18\/100 tox\n|move|p1a: Orthworm|Body Press|p2a: Okaydogi\n|-resisted|p2a: Okaydogi\n|-damage|p2a: Okaydogi|0 fnt\n|faint|p2a: Okaydogi\n|\n|-heal|p1a: Orthworm|24\/100 tox|[from] item: Leftovers\n|-damage|p1a: Orthworm|0 fnt|[from] psn\n|faint|p1a: Orthworm\n|upkeep\n|\n|t:|1700838402\n|switch|p2a: Jon's Waifu|Meowscarada, F|100\/100\n|switch|p1a: Greninja|Greninja, M, shiny|82\/100 brn\n|-damage|p2a: Jon's Waifu|88\/100|[from] Stealth Rock\n|-damage|p1a: Greninja|70\/100 brn|[from] Stealth Rock\n|turn|15\n|\n|t:|1700838413\n|move|p2a: Jon's Waifu|U-turn|p1a: Greninja\n|-start|p2a: Jon's Waifu|typechange|Bug|[from] ability: Protean\n|-supereffective|p1a: Greninja\n|-damage|p1a: Greninja|0 fnt\n|faint|p1a: Greninja\n|\n|t:|1700838418\n|switch|p2a: Volt|Rotom-Wash, shiny|100\/100|[from] U-turn\n|-damage|p2a: Volt|88\/100|[from] Stealth Rock\n|\n|-heal|p2a: Volt|94\/100|[from] item: Leftovers\n|upkeep\n|\n|t:|1700838426\n|switch|p1a: Ogerpon|Ogerpon-Cornerstone, F|100\/100\n|-damage|p1a: Ogerpon|88\/100|[from] Stealth Rock\n|turn|16\n|\n|t:|1700838432\n|move|p1a: Ogerpon|Trailblaze|p2a: Volt\n|-supereffective|p2a: Volt\n|-damage|p2a: Volt|27\/100\n|-boost|p1a: Ogerpon|spe|1\n|move|p2a: Volt|Will-O-Wisp|p1a: Ogerpon\n|-status|p1a: Ogerpon|brn\n|\n|-heal|p2a: Volt|33\/100|[from] item: Leftovers\n|-damage|p1a: Ogerpon|82\/100 brn|[from] brn\n|upkeep\n|turn|17\n|\n|t:|1700838444\n|switch|p2a: Galliard|Heatran, F, shiny|100\/100\n|-damage|p2a: Galliard|88\/100|[from] Stealth Rock\n|move|p1a: Ogerpon|Knock Off|p2a: Galliard\n|-damage|p2a: Galliard|73\/100\n|-enditem|p2a: Galliard|Leftovers|[from] move: Knock Off|[of] p1a: Ogerpon\n|\n|-damage|p1a: Ogerpon|76\/100 brn|[from] brn\n|upkeep\n|turn|18\n|\n|t:|1700838458\n|switch|p1a: Walking Wake|Walking Wake|100\/100\n|-damage|p1a: Walking Wake|88\/100|[from] Stealth Rock\n|move|p2a: Galliard|Magma Storm|p1a: Walking Wake\n|-resisted|p1a: Walking Wake\n|-damage|p1a: Walking Wake|80\/100\n|-activate|p1a: Walking Wake|move: Magma Storm|[of] p2a: Galliard\n|\n|-damage|p1a: Walking Wake|67\/100|[from] move: Magma Storm|[partiallytrapped]\n|upkeep\n|turn|19\n|\n|t:|1700838470\n|move|p2a: Galliard|Protect|p2a: Galliard\n|-singleturn|p2a: Galliard|Protect\n|move|p1a: Walking Wake|Hydro Steam|p2a: Galliard\n|-activate|p2a: Galliard|move: Protect\n|\n|-damage|p1a: Walking Wake|55\/100|[from] move: Magma Storm|[partiallytrapped]\n|upkeep\n|turn|20\n|\n|t:|1700838486\n|switch|p2a: Fendrall|Tornadus-Therian, M, shiny|100\/100\n|move|p1a: Walking Wake|Draco Meteor|p2a: Fendrall\n|-damage|p2a: Fendrall|23\/100\n|-unboost|p1a: Walking Wake|spa|2\n|\n|-end|p1a: Walking Wake|Magma Storm|[partiallytrapped]|[silent]\n|upkeep\n|turn|21\n|\n|t:|1700838499\n|-end|p1a: Walking Wake|Protosynthesis|[silent]\n|switch|p1a: Blissey|Blissey, F|88\/100\n|-damage|p1a: Blissey|75\/100|[from] Stealth Rock\n|move|p2a: Fendrall|Bleakwind Storm|p1a: Blissey\n|-damage|p1a: Blissey|63\/100\n|\n|-heal|p1a: Blissey|69\/100|[from] item: Leftovers\n|upkeep\n|turn|22\n|\n|t:|1700838509\n|move|p2a: Fendrall|Focus Blast|p1a: Blissey\n|-supereffective|p1a: Blissey\n|-damage|p1a: Blissey|50\/100\n|move|p1a: Blissey|Thunder Wave|p2a: Fendrall\n|-status|p2a: Fendrall|par\n|\n|-heal|p1a: Blissey|56\/100|[from] item: Leftovers\n|upkeep\n|turn|23\n|\n|t:|1700838518\n|move|p2a: Fendrall|Focus Blast|p1a: Blissey|[miss]\n|-miss|p2a: Fendrall|p1a: Blissey\n|move|p1a: Blissey|Seismic Toss|p2a: Fendrall\n|-damage|p2a: Fendrall|0 fnt\n|faint|p2a: Fendrall\n|\n|-heal|p1a: Blissey|62\/100|[from] item: Leftovers\n|upkeep\n|\n|t:|1700838527\n|switch|p2a: Jon's Waifu|Meowscarada, F|88\/100\n|-damage|p2a: Jon's Waifu|76\/100|[from] Stealth Rock\n|turn|24\n|\n|t:|1700838533\n|switch|p1a: Walking Wake|Walking Wake|55\/100\n|-damage|p1a: Walking Wake|42\/100|[from] Stealth Rock\n|move|p2a: Jon's Waifu|Knock Off|p1a: Walking Wake\n|-start|p2a: Jon's Waifu|typechange|Dark|[from] ability: Protean\n|-damage|p1a: Walking Wake|0 fnt\n|-enditem|p1a: Walking Wake|Assault Vest|[from] move: Knock Off|[of] p2a: Jon's Waifu\n|faint|p1a: Walking Wake\n|-end|p1a: Walking Wake|Protosynthesis|[silent]\n|\n|upkeep\n|\n|t:|1700838545\n|switch|p1a: Ogerpon|Ogerpon-Cornerstone, F|76\/100 brn\n|-damage|p1a: Ogerpon|64\/100 brn|[from] Stealth Rock\n|turn|25\n|\n|t:|1700838552\n|move|p2a: Jon's Waifu|Knock Off|p1a: Ogerpon\n|-damage|p1a: Ogerpon|8\/100 brn\n|move|p1a: Ogerpon|Ivy Cudgel|p2a: Jon's Waifu|[anim] Ivy Cudgel Rock\n|-damage|p2a: Jon's Waifu|28\/100\n|\n|-damage|p1a: Ogerpon|2\/100 brn|[from] brn\n|upkeep\n|turn|26\n|\n|t:|1700838562\n|move|p2a: Jon's Waifu|Knock Off|p1a: Ogerpon\n|-damage|p1a: Ogerpon|0 fnt\n|faint|p1a: Ogerpon\n|\n|upkeep\n|\n|t:|1700838566\n|switch|p1a: Blissey|Blissey, F|62\/100\n|-damage|p1a: Blissey|50\/100|[from] Stealth Rock\n|turn|27\n|\n|t:|1700838570\n|move|p2a: Jon's Waifu|Knock Off|p1a: Blissey\n|-damage|p1a: Blissey|0 fnt\n|-enditem|p1a: Blissey|Leftovers|[from] move: Knock Off|[of] p2a: Jon's Waifu\n|faint|p1a: Blissey\n|\n|win|Sargenbob\n|raw|Arbyte's rating: 1076 &rarr; <strong>1057<\/strong><br \/>(-19 for losing)\n|raw|Sargenbob's rating: 1121 &rarr; <strong>1143<\/strong><br \/>(+22 for winning)\n","uploadtime":1700838574,"views":9,"p1id":"arbyte","p2id":"sargenbob","formatid":"gen9ou","rating":1057,"private":0,"password":""}