{"id":"gen9ou-1996385192","p1":"skrongall","p2":"Y04N29","format":"[Gen 9] OU","log":"|j|\u2606skrongall\n|j|\u2606Y04N29\n|t:|1700676997\n|gametype|singles\n|player|p1|skrongall|sabrina|1181\n|player|p2|Y04N29|lucas-gen4pt|1150\n|teamsize|p1|6\n|teamsize|p2|6\n|gen|9\n|tier|[Gen 9] OU\n|rated|\n|rule|Sleep Clause Mod: Limit one foe put to sleep\n|rule|Species Clause: Limit one of each Pok\u00e9mon\n|rule|OHKO Clause: OHKO moves are banned\n|rule|Evasion Items Clause: Evasion items are banned\n|rule|Evasion Moves Clause: Evasion moves are banned\n|rule|Endless Battle Clause: Forcing endless battles is banned\n|rule|HP Percentage Mod: HP is shown in percentages\n|clearpoke\n|poke|p1|Dragapult, F|\n|poke|p1|Corviknight, F|\n|poke|p1|Grafaiai, F|\n|poke|p1|Toedscruel, M|\n|poke|p1|Skeledirge, F|\n|poke|p1|Garganacl, M|\n|poke|p2|Quaquaval, M|\n|poke|p2|Pawmot, M|\n|poke|p2|Iron Moth|\n|poke|p2|Garganacl, F|\n|poke|p2|Revavroom, F|\n|poke|p2|Arboliva, F|\n|teampreview\n|inactive|Battle timer is ON: inactive players will automatically lose when time's up. (requested by skrongall)\n|inactive|Y04N29 has 120 seconds left.\n|\n|t:|1700677058\n|start\n|switch|p1a: Dragapult|Dragapult, F|100\/100\n|switch|p2a: Garganacl|Garganacl, F|100\/100\n|turn|1\n|\n|t:|1700677063\n|move|p1a: Dragapult|U-turn|p2a: Garganacl\n|-damage|p2a: Garganacl|91\/100\n|\n|t:|1700677070\n|switch|p1a: Toedscruel|Toedscruel, M|100\/100|[from] U-turn\n|move|p2a: Garganacl|Salt Cure|p1a: Toedscruel\n|-resisted|p1a: Toedscruel\n|-damage|p1a: Toedscruel|91\/100\n|-start|p1a: Toedscruel|Salt Cure\n|\n|-heal|p2a: Garganacl|97\/100|[from] item: Leftovers\n|-damage|p1a: Toedscruel|79\/100|[from] Salt Cure\n|upkeep\n|turn|2\n|\n|t:|1700677076\n|move|p2a: Garganacl|Stealth Rock|p1a: Toedscruel\n|-sidestart|p1: skrongall|move: Stealth Rock\n|move|p1a: Toedscruel|Spore|p2a: Garganacl\n|-status|p2a: Garganacl|slp|[from] move: Spore\n|\n|-heal|p2a: Garganacl|100\/100 slp|[from] item: Leftovers\n|-damage|p1a: Toedscruel|67\/100|[from] Salt Cure\n|upkeep\n|turn|3\n|\n|t:|1700677089\n|cant|p2a: Garganacl|slp\n|move|p1a: Toedscruel|Spikes|p2a: Garganacl\n|-sidestart|p2: Y04N29|Spikes\n|\n|-damage|p1a: Toedscruel|54\/100|[from] Salt Cure\n|upkeep\n|turn|4\n|\n|t:|1700677093\n|cant|p2a: Garganacl|slp\n|move|p1a: Toedscruel|Earth Power|p2a: Garganacl\n|-supereffective|p2a: Garganacl\n|-damage|p2a: Garganacl|43\/100 slp\n|-unboost|p2a: Garganacl|spd|1\n|\n|-heal|p2a: Garganacl|49\/100 slp|[from] item: Leftovers\n|-damage|p1a: Toedscruel|42\/100|[from] Salt Cure\n|upkeep\n|turn|5\n|\n|t:|1700677099\n|move|p1a: Toedscruel|Earth Power|p2a: Garganacl\n|-supereffective|p2a: Garganacl\n|-damage|p2a: Garganacl|0 fnt\n|faint|p2a: Garganacl\n|\n|-damage|p1a: Toedscruel|30\/100|[from] Salt Cure\n|upkeep\n|\n|t:|1700677112\n|switch|p2a: Pawmot|Pawmot, M|100\/100\n|-damage|p2a: Pawmot|88\/100|[from] Spikes\n|turn|6\n|\n|t:|1700677119\n|move|p2a: Pawmot|Ice Punch|p1a: Toedscruel\n|-supereffective|p1a: Toedscruel\n|-damage|p1a: Toedscruel|0 fnt\n|faint|p1a: Toedscruel\n|\n|upkeep\n|\n|t:|1700677130\n|switch|p1a: Skeledirge|Skeledirge, F|100\/100\n|turn|7\n|\n|t:|1700677139\n|move|p2a: Pawmot|Thunder Punch|p1a: Skeledirge\n|-damage|p1a: Skeledirge|61\/100\n|move|p1a: Skeledirge|Will-O-Wisp|p2a: Pawmot|[miss]\n|-miss|p1a: Skeledirge|p2a: Pawmot\n|\n|upkeep\n|turn|8\n|\n|t:|1700677146\n|switch|p2a: Iron Moth|Iron Moth|100\/100\n|-damage|p2a: Iron Moth|88\/100|[from] Spikes\n|-enditem|p2a: Iron Moth|Booster Energy\n|-activate|p2a: Iron Moth|ability: Quark Drive|[fromitem]\n|-start|p2a: Iron Moth|quarkdrivespa\n|move|p1a: Skeledirge|Slack Off|p1a: Skeledirge\n|-heal|p1a: Skeledirge|100\/100\n|\n|upkeep\n|turn|9\n|\n|t:|1700677156\n|move|p2a: Iron Moth|Discharge|p1a: Skeledirge\n|-damage|p1a: Skeledirge|72\/100\n|move|p1a: Skeledirge|Torch Song|p2a: Iron Moth\n|-resisted|p2a: Iron Moth\n|-damage|p2a: Iron Moth|73\/100\n|-boost|p1a: Skeledirge|spa|1\n|\n|upkeep\n|turn|10\n|\n|t:|1700677165\n|move|p2a: Iron Moth|Discharge|p1a: Skeledirge\n|-damage|p1a: Skeledirge|45\/100\n|move|p1a: Skeledirge|Torch Song|p2a: Iron Moth\n|-resisted|p2a: Iron Moth\n|-damage|p2a: Iron Moth|49\/100\n|-boost|p1a: Skeledirge|spa|1\n|\n|upkeep\n|turn|11\n|\n|t:|1700677170\n|move|p2a: Iron Moth|Discharge|p1a: Skeledirge\n|-damage|p1a: Skeledirge|15\/100\n|move|p1a: Skeledirge|Slack Off|p1a: Skeledirge\n|-heal|p1a: Skeledirge|65\/100\n|\n|upkeep\n|turn|12\n|\n|t:|1700677180\n|move|p2a: Iron Moth|Discharge|p1a: Skeledirge\n|-damage|p1a: Skeledirge|35\/100\n|move|p1a: Skeledirge|Slack Off|p1a: Skeledirge\n|-heal|p1a: Skeledirge|85\/100\n|\n|upkeep\n|turn|13\n|\n|t:|1700677185\n|move|p2a: Iron Moth|Discharge|p1a: Skeledirge\n|-damage|p1a: Skeledirge|54\/100\n|-status|p1a: Skeledirge|par\n|move|p1a: Skeledirge|Hex|p2a: Iron Moth\n|-damage|p2a: Iron Moth|0 fnt\n|faint|p2a: Iron Moth\n|-end|p2a: Iron Moth|Quark Drive|[silent]\n|\n|upkeep\n|\n|t:|1700677194\n|switch|p2a: Quaquaval|Quaquaval, M|100\/100\n|-damage|p2a: Quaquaval|88\/100|[from] Spikes\n|turn|14\n|\n|t:|1700677204\n|switch|p1a: Corviknight|Corviknight, F|100\/100\n|-damage|p1a: Corviknight|88\/100|[from] Stealth Rock\n|-ability|p1a: Corviknight|Pressure\n|-terastallize|p2a: Quaquaval|Water\n|move|p2a: Quaquaval|Aqua Step|p1a: Corviknight\n|-damage|p1a: Corviknight|43\/100\n|-boost|p2a: Quaquaval|spe|1\n|-damage|p2a: Quaquaval|72\/100|[from] item: Rocky Helmet|[of] p1a: Corviknight\n|\n|upkeep\n|turn|15\n|\n|t:|1700677213\n|-terastallize|p1a: Corviknight|Dragon\n|move|p2a: Quaquaval|Aqua Step|p1a: Corviknight\n|-resisted|p1a: Corviknight\n|-damage|p1a: Corviknight|18\/100\n|-boost|p2a: Quaquaval|spe|1\n|-damage|p2a: Quaquaval|55\/100|[from] item: Rocky Helmet|[of] p1a: Corviknight\n|move|p1a: Corviknight|Roost|p1a: Corviknight\n|-heal|p1a: Corviknight|68\/100\n|\n|upkeep\n|turn|16\n|\n|t:|1700677227\n|move|p2a: Quaquaval|Aqua Step|p1a: Corviknight\n|-resisted|p1a: Corviknight\n|-damage|p1a: Corviknight|46\/100\n|-boost|p2a: Quaquaval|spe|1\n|-damage|p2a: Quaquaval|39\/100|[from] item: Rocky Helmet|[of] p1a: Corviknight\n|move|p1a: Corviknight|Roost|p1a: Corviknight\n|-heal|p1a: Corviknight|96\/100\n|\n|upkeep\n|turn|17\n|\n|t:|1700677232\n|move|p2a: Quaquaval|Aqua Step|p1a: Corviknight\n|-resisted|p1a: Corviknight\n|-damage|p1a: Corviknight|71\/100\n|-boost|p2a: Quaquaval|spe|1\n|-damage|p2a: Quaquaval|23\/100|[from] item: Rocky Helmet|[of] p1a: Corviknight\n|move|p1a: Corviknight|Body Press|p2a: Quaquaval\n|-damage|p2a: Quaquaval|0 fnt\n|faint|p2a: Quaquaval\n|\n|upkeep\n|\n|t:|1700677241\n|switch|p2a: Pawmot|Pawmot, M|88\/100\n|-damage|p2a: Pawmot|76\/100|[from] Spikes\n|turn|18\n|\n|t:|1700677247\n|switch|p1a: Grafaiai|Grafaiai, F|100\/100\n|move|p2a: Pawmot|Ice Punch|p1a: Grafaiai\n|-damage|p1a: Grafaiai|44\/100\n|\n|upkeep\n|turn|19\n|\n|t:|1700677259\n|move|p1a: Grafaiai|Encore|p2a: Pawmot\n|-start|p2a: Pawmot|Encore\n|move|p2a: Pawmot|Ice Punch|p1a: Grafaiai\n|-damage|p1a: Grafaiai|0 fnt\n|faint|p1a: Grafaiai\n|\n|upkeep\n|\n|t:|1700677261\n|switch|p1a: Skeledirge|Skeledirge, F|54\/100 par\n|turn|20\n|\n|t:|1700677277\n|switch|p2a: Revavroom|Revavroom, F|100\/100\n|-damage|p2a: Revavroom|88\/100|[from] Spikes\n|move|p1a: Skeledirge|Torch Song|p2a: Revavroom\n|-supereffective|p2a: Revavroom\n|-damage|p2a: Revavroom|0 fnt\n|-boost|p1a: Skeledirge|spa|1\n|faint|p2a: Revavroom\n|\n|upkeep\n|\n|t:|1700677290\n|switch|p2a: Arboliva|Arboliva, F|100\/100\n|-damage|p2a: Arboliva|88\/100|[from] Spikes\n|turn|21\n|\n|t:|1700677296\n|move|p2a: Arboliva|Leech Seed|p1a: Skeledirge\n|-start|p1a: Skeledirge|move: Leech Seed\n|cant|p1a: Skeledirge|par\n|\n|-damage|p1a: Skeledirge|42\/100 par|[from] Leech Seed|[of] p2a: Arboliva\n|-heal|p2a: Arboliva|100\/100|[silent]\n|upkeep\n|turn|22\n|\n|t:|1700677305\n|move|p2a: Arboliva|Solar Beam||[still]\n|-prepare|p2a: Arboliva|Solar Beam\n|move|p1a: Skeledirge|Torch Song|p2a: Arboliva\n|-supereffective|p2a: Arboliva\n|-damage|p2a: Arboliva|40\/100\n|-boost|p1a: Skeledirge|spa|1\n|-enditem|p2a: Arboliva|Sitrus Berry|[eat]\n|-heal|p2a: Arboliva|65\/100|[from] item: Sitrus Berry\n|\n|-damage|p1a: Skeledirge|29\/100 par|[from] Leech Seed|[of] p2a: Arboliva\n|-heal|p2a: Arboliva|79\/100|[silent]\n|-item|p2a: Arboliva|Sitrus Berry|[from] ability: Harvest\n|upkeep\n|turn|23\n|\n|t:|1700677312\n|move|p2a: Arboliva|Solar Beam|p1a: Skeledirge|[from]lockedmove\n|-resisted|p1a: Skeledirge\n|-damage|p1a: Skeledirge|11\/100 par\n|cant|p1a: Skeledirge|par\n|\n|-damage|p1a: Skeledirge|0 fnt|[from] Leech Seed|[of] p2a: Arboliva\n|-heal|p2a: Arboliva|91\/100|[silent]\n|faint|p1a: Skeledirge\n|upkeep\n|c|\u2606skrongall|holy lucky\n|\n|t:|1700677326\n|switch|p1a: Corviknight|Corviknight, F, tera:Dragon|71\/100\n|-damage|p1a: Corviknight|59\/100|[from] Stealth Rock\n|-ability|p1a: Corviknight|Pressure\n|turn|24\n|\n|t:|1700677332\n|move|p1a: Corviknight|Roost|p1a: Corviknight\n|-heal|p1a: Corviknight|100\/100\n|move|p2a: Arboliva|Leech Seed|p1a: Corviknight\n|-start|p1a: Corviknight|move: Leech Seed\n|\n|-damage|p1a: Corviknight|88\/100|[from] Leech Seed|[of] p2a: Arboliva\n|-heal|p2a: Arboliva|100\/100|[silent]\n|upkeep\n|turn|25\n|\n|t:|1700677335\n|move|p1a: Corviknight|Body Press|p2a: Arboliva\n|-supereffective|p2a: Arboliva\n|-damage|p2a: Arboliva|44\/100\n|-enditem|p2a: Arboliva|Sitrus Berry|[eat]\n|-heal|p2a: Arboliva|69\/100|[from] item: Sitrus Berry\n|move|p2a: Arboliva|Sunny Day|p2a: Arboliva\n|-weather|SunnyDay\n|\n|-weather|SunnyDay|[upkeep]\n|-damage|p1a: Corviknight|76\/100|[from] Leech Seed|[of] p2a: Arboliva\n|-heal|p2a: Arboliva|83\/100|[silent]\n|-item|p2a: Arboliva|Sitrus Berry|[from] ability: Harvest\n|upkeep\n|turn|26\n|\n|t:|1700677343\n|move|p1a: Corviknight|U-turn|p2a: Arboliva\n|-supereffective|p2a: Arboliva\n|-damage|p2a: Arboliva|50\/100\n|-enditem|p2a: Arboliva|Sitrus Berry|[eat]\n|-heal|p2a: Arboliva|75\/100|[from] item: Sitrus Berry\n|\n|t:|1700677346\n|switch|p1a: Dragapult|Dragapult, F|100\/100|[from] U-turn\n|move|p2a: Arboliva|Weather Ball|p1a: Dragapult\n|-resisted|p1a: Dragapult\n|-damage|p1a: Dragapult|71\/100\n|\n|-weather|SunnyDay|[upkeep]\n|-item|p2a: Arboliva|Sitrus Berry|[from] ability: Harvest\n|upkeep\n|turn|27\n|\n|t:|1700677362\n|move|p1a: Dragapult|U-turn|p2a: Arboliva\n|-supereffective|p2a: Arboliva\n|-damage|p2a: Arboliva|40\/100\n|-enditem|p2a: Arboliva|Sitrus Berry|[eat]\n|-heal|p2a: Arboliva|65\/100|[from] item: Sitrus Berry\n|\n|t:|1700677365\n|switch|p1a: Corviknight|Corviknight, F, tera:Dragon|76\/100|[from] U-turn\n|-damage|p1a: Corviknight|64\/100|[from] Stealth Rock\n|-ability|p1a: Corviknight|Pressure\n|move|p2a: Arboliva|Solar Beam||[still]\n|-prepare|p2a: Arboliva|Solar Beam\n|-anim|p2a: Arboliva|Solar Beam|p1a: Corviknight\n|-resisted|p1a: Corviknight\n|-damage|p1a: Corviknight|39\/100\n|\n|-weather|SunnyDay|[upkeep]\n|-item|p2a: Arboliva|Sitrus Berry|[from] ability: Harvest\n|upkeep\n|turn|28\n|\n|t:|1700677369\n|move|p1a: Corviknight|Roost|p1a: Corviknight\n|-heal|p1a: Corviknight|89\/100\n|move|p2a: Arboliva|Leech Seed|p1a: Corviknight\n|-start|p1a: Corviknight|move: Leech Seed\n|\n|-weather|SunnyDay|[upkeep]\n|-damage|p1a: Corviknight|77\/100|[from] Leech Seed|[of] p2a: Arboliva\n|-heal|p2a: Arboliva|78\/100|[silent]\n|upkeep\n|turn|29\n|\n|t:|1700677375\n|move|p1a: Corviknight|Body Press|p2a: Arboliva\n|-supereffective|p2a: Arboliva\n|-damage|p2a: Arboliva|26\/100\n|-enditem|p2a: Arboliva|Sitrus Berry|[eat]\n|-heal|p2a: Arboliva|51\/100|[from] item: Sitrus Berry\n|move|p2a: Arboliva|Solar Beam||[still]\n|-prepare|p2a: Arboliva|Solar Beam\n|-anim|p2a: Arboliva|Solar Beam|p1a: Corviknight\n|-resisted|p1a: Corviknight\n|-crit|p1a: Corviknight\n|-damage|p1a: Corviknight|42\/100\n|\n|-weather|none\n|-damage|p1a: Corviknight|30\/100|[from] Leech Seed|[of] p2a: Arboliva\n|-heal|p2a: Arboliva|65\/100|[silent]\n|-item|p2a: Arboliva|Sitrus Berry|[from] ability: Harvest\n|upkeep\n|turn|30\n|\n|t:|1700677391\n|move|p1a: Corviknight|Body Press|p2a: Arboliva\n|-supereffective|p2a: Arboliva\n|-damage|p2a: Arboliva|12\/100\n|-enditem|p2a: Arboliva|Sitrus Berry|[eat]\n|-heal|p2a: Arboliva|36\/100|[from] item: Sitrus Berry\n|move|p2a: Arboliva|Sunny Day|p2a: Arboliva\n|-weather|SunnyDay\n|\n|-weather|SunnyDay|[upkeep]\n|-damage|p1a: Corviknight|18\/100|[from] Leech Seed|[of] p2a: Arboliva\n|-heal|p2a: Arboliva|50\/100|[silent]\n|-item|p2a: Arboliva|Sitrus Berry|[from] ability: Harvest\n|upkeep\n|-enditem|p2a: Arboliva|Sitrus Berry|[eat]\n|-heal|p2a: Arboliva|75\/100|[from] item: Sitrus Berry\n|turn|31\n|\n|t:|1700677396\n|move|p1a: Corviknight|Body Press|p2a: Arboliva\n|-supereffective|p2a: Arboliva\n|-damage|p2a: Arboliva|20\/100\n|move|p2a: Arboliva|Solar Beam||[still]\n|-prepare|p2a: Arboliva|Solar Beam\n|-anim|p2a: Arboliva|Solar Beam|p1a: Corviknight\n|-resisted|p1a: Corviknight\n|-damage|p1a: Corviknight|0 fnt\n|faint|p1a: Corviknight\n|\n|-weather|SunnyDay|[upkeep]\n|-item|p2a: Arboliva|Sitrus Berry|[from] ability: Harvest\n|upkeep\n|-enditem|p2a: Arboliva|Sitrus Berry|[eat]\n|-heal|p2a: Arboliva|45\/100|[from] item: Sitrus Berry\n|\n|t:|1700677404\n|switch|p1a: Dragapult|Dragapult, F|71\/100\n|turn|32\n|\n|t:|1700677420\n|move|p1a: Dragapult|Draco Meteor|p2a: Arboliva\n|-damage|p2a: Arboliva|6\/100\n|-unboost|p1a: Dragapult|spa|2\n|move|p2a: Arboliva|Leech Seed|p1a: Dragapult\n|-start|p1a: Dragapult|move: Leech Seed\n|\n|-weather|SunnyDay|[upkeep]\n|-damage|p1a: Dragapult|58\/100|[from] Leech Seed|[of] p2a: Arboliva\n|-heal|p2a: Arboliva|16\/100|[silent]\n|-item|p2a: Arboliva|Sitrus Berry|[from] ability: Harvest\n|upkeep\n|-enditem|p2a: Arboliva|Sitrus Berry|[eat]\n|-heal|p2a: Arboliva|41\/100|[from] item: Sitrus Berry\n|turn|33\n|\n|t:|1700677426\n|move|p1a: Dragapult|U-turn|p2a: Arboliva\n|-supereffective|p2a: Arboliva\n|-damage|p2a: Arboliva|4\/100\n|\n|t:|1700677430\n|switch|p1a: Garganacl|Garganacl, M|100\/100|[from] U-turn\n|-damage|p1a: Garganacl|88\/100|[from] Stealth Rock\n|move|p2a: Arboliva|Solar Beam||[still]\n|-prepare|p2a: Arboliva|Solar Beam\n|-anim|p2a: Arboliva|Solar Beam|p1a: Garganacl\n|-supereffective|p1a: Garganacl\n|-damage|p1a: Garganacl|17\/100\n|\n|-weather|SunnyDay|[upkeep]\n|-heal|p1a: Garganacl|23\/100|[from] item: Leftovers\n|-item|p2a: Arboliva|Sitrus Berry|[from] ability: Harvest\n|upkeep\n|-enditem|p2a: Arboliva|Sitrus Berry|[eat]\n|-heal|p2a: Arboliva|29\/100|[from] item: Sitrus Berry\n|turn|34\n|c|\u2606skrongall|HOLY SHIT DIE ALREADY\n|\n|t:|1700677448\n|switch|p1a: Dragapult|Dragapult, F|58\/100\n|move|p2a: Arboliva|Leech Seed|p1a: Dragapult|[miss]\n|-miss|p2a: Arboliva|p1a: Dragapult\n|\n|-weather|none\n|upkeep\n|turn|35\n|\n|t:|1700677459\n|move|p1a: Dragapult|U-turn|p2a: Arboliva\n|-supereffective|p2a: Arboliva\n|-damage|p2a: Arboliva|0 fnt\n|faint|p2a: Arboliva\n|\n|t:|1700677461\n|switch|p1a: Garganacl|Garganacl, M|23\/100|[from] U-turn\n|-damage|p1a: Garganacl|11\/100|[from] Stealth Rock\n|\n|-heal|p1a: Garganacl|17\/100|[from] item: Leftovers\n|upkeep\n|\n|t:|1700677464\n|switch|p2a: Pawmot|Pawmot, M|76\/100\n|-damage|p2a: Pawmot|63\/100|[from] Spikes\n|turn|36\n|c|\u2606skrongall|FINALLY\n|\n|t:|1700677471\n|move|p2a: Pawmot|Ice Punch|p1a: Garganacl\n|-damage|p1a: Garganacl|0 fnt\n|faint|p1a: Garganacl\n|\n|upkeep\n|\n|t:|1700677473\n|switch|p1a: Dragapult|Dragapult, F|58\/100\n|turn|37\n|\n|t:|1700677477\n|move|p1a: Dragapult|Will-O-Wisp|p2a: Pawmot\n|-status|p2a: Pawmot|brn\n|move|p2a: Pawmot|Ice Punch|p1a: Dragapult\n|-supereffective|p1a: Dragapult\n|-damage|p1a: Dragapult|15\/100\n|\n|-damage|p2a: Pawmot|57\/100 brn|[from] brn\n|upkeep\n|turn|38\n|c|\u2606Y04N29|gg\n|inactive|skrongall has 120 seconds left.\n|\n|t:|1700677527\n|move|p1a: Dragapult|Hex|p2a: Pawmot\n|-crit|p2a: Pawmot\n|-damage|p2a: Pawmot|0 fnt\n|faint|p2a: Pawmot\n|\n|win|skrongall\n|raw|skrongall's rating: 1181 &rarr; <strong>1204<\/strong><br \/>(+23 for winning)\n|raw|Y04N29's rating: 1150 &rarr; <strong>1127<\/strong><br \/>(-23 for losing)\n","uploadtime":1700677440,"views":1,"p1id":"skrongall","p2id":"y04n29","formatid":"gen9ou","rating":1127,"private":0,"password":""}