{"id":"gen9ou-1999757232","p1":"RovaRed","p2":"Spiquer","format":"[Gen 9] OU","log":"|j|\u2606RovaRed\n|j|\u2606Spiquer\n|t:|1701113970\n|gametype|singles\n|player|p1|RovaRed|wicke|1360\n|player|p2|Spiquer|gambler|1338\n|teamsize|p1|6\n|teamsize|p2|6\n|gen|9\n|tier|[Gen 9] OU\n|rated|\n|rule|Sleep Clause Mod: Limit one foe put to sleep\n|rule|Species Clause: Limit one of each Pok\u00e9mon\n|rule|OHKO Clause: OHKO moves are banned\n|rule|Evasion Items Clause: Evasion items are banned\n|rule|Evasion Moves Clause: Evasion moves are banned\n|rule|Endless Battle Clause: Forcing endless battles is banned\n|rule|HP Percentage Mod: HP is shown in percentages\n|clearpoke\n|poke|p1|Haxorus, F|\n|poke|p1|Great Tusk|\n|poke|p1|Ribombee, M|\n|poke|p1|Iron Valiant|\n|poke|p1|Gholdengo|\n|poke|p1|Iron Moth|\n|poke|p2|Ogerpon, F|\n|poke|p2|Dragonite, F|\n|poke|p2|Great Tusk|\n|poke|p2|Iron Valiant|\n|poke|p2|Ceruledge, F|\n|poke|p2|Sinistcha|\n|teampreview\n|\n|t:|1701113986\n|start\n|switch|p1a: Buck Bumble|Ribombee, M, shiny|100\/100\n|switch|p2a: Iron Valiant|Iron Valiant|100\/100\n|-enditem|p2a: Iron Valiant|Booster Energy\n|-activate|p2a: Iron Valiant|ability: Quark Drive|[fromitem]\n|-start|p2a: Iron Valiant|quarkdrivespe\n|turn|1\n|\n|t:|1701113997\n|move|p2a: Iron Valiant|Shadow Ball|p1a: Buck Bumble\n|-damage|p1a: Buck Bumble|54\/100\n|move|p1a: Buck Bumble|Moonblast|p2a: Iron Valiant\n|-supereffective|p2a: Iron Valiant\n|-damage|p2a: Iron Valiant|0 fnt\n|faint|p2a: Iron Valiant\n|-end|p2a: Iron Valiant|Quark Drive|[silent]\n|\n|upkeep\n|\n|t:|1701114010\n|switch|p2a: Ceruledge|Ceruledge, F|100\/100\n|turn|2\n|\n|t:|1701114017\n|move|p1a: Buck Bumble|Stun Spore|p2a: Ceruledge\n|-status|p2a: Ceruledge|par\n|move|p2a: Ceruledge|Bitter Blade|p1a: Buck Bumble\n|-supereffective|p1a: Buck Bumble\n|-damage|p1a: Buck Bumble|0 fnt\n|faint|p1a: Buck Bumble\n|\n|upkeep\n|\n|t:|1701114026\n|switch|p1a: Ruby Tuesday|Haxorus, F, shiny|100\/100\n|-ability|p1a: Ruby Tuesday|Mold Breaker\n|turn|3\n|\n|t:|1701114033\n|move|p1a: Ruby Tuesday|Scale Shot|p2a: Ceruledge\n|-damage|p2a: Ceruledge|80\/100 par\n|-damage|p2a: Ceruledge|57\/100 par\n|-damage|p2a: Ceruledge|36\/100 par\n|-damage|p2a: Ceruledge|16\/100 par\n|-damage|p2a: Ceruledge|0 fnt\n|faint|p2a: Ceruledge\n|-hitcount|p2: Ceruledge|5\n|-unboost|p1a: Ruby Tuesday|def|1\n|-boost|p1a: Ruby Tuesday|spe|1\n|\n|upkeep\n|\n|t:|1701114047\n|switch|p2a: Great Tusk|Great Tusk|100\/100\n|turn|4\n|\n|t:|1701114062\n|switch|p1a: Old Money|Gholdengo|100\/100\n|-item|p1a: Old Money|Air Balloon\n|move|p2a: Great Tusk|Ice Spinner|p1a: Old Money\n|-resisted|p1a: Old Money\n|-damage|p1a: Old Money|88\/100\n|-enditem|p1a: Old Money|Air Balloon\n|\n|upkeep\n|turn|5\n|\n|t:|1701114087\n|move|p1a: Old Money|Make It Rain|p2a: Great Tusk\n|-damage|p2a: Great Tusk|59\/100\n|-unboost|p1a: Old Money|spa|1\n|move|p2a: Great Tusk|Headlong Rush|p1a: Old Money\n|-supereffective|p1a: Old Money\n|-damage|p1a: Old Money|0 fnt\n|-unboost|p2a: Great Tusk|def|1\n|-unboost|p2a: Great Tusk|spd|1\n|faint|p1a: Old Money\n|\n|upkeep\n|\n|t:|1701114098\n|switch|p1a: Ruby Tuesday|Haxorus, F, shiny|100\/100\n|-ability|p1a: Ruby Tuesday|Mold Breaker\n|turn|6\n|\n|t:|1701114109\n|-terastallize|p1a: Ruby Tuesday|Steel\n|move|p1a: Ruby Tuesday|Swords Dance|p1a: Ruby Tuesday\n|-boost|p1a: Ruby Tuesday|atk|2\n|move|p2a: Great Tusk|Ice Spinner|p1a: Ruby Tuesday\n|-resisted|p1a: Ruby Tuesday\n|-damage|p1a: Ruby Tuesday|82\/100\n|\n|upkeep\n|turn|7\n|\n|t:|1701114118\n|move|p1a: Ruby Tuesday|Scale Shot|p2a: Great Tusk\n|-damage|p2a: Great Tusk|25\/100\n|-damage|p2a: Great Tusk|0 fnt\n|faint|p2a: Great Tusk\n|-end|p2a: Great Tusk|Protosynthesis|[silent]\n|-hitcount|p2: Great Tusk|2\n|-unboost|p1a: Ruby Tuesday|def|1\n|-boost|p1a: Ruby Tuesday|spe|1\n|\n|upkeep\n|\n|t:|1701114129\n|switch|p2a: Sinistcha|Sinistcha|100\/100\n|turn|8\n|\n|t:|1701114135\n|move|p1a: Ruby Tuesday|Scale Shot|p2a: Sinistcha|[miss]\n|-miss|p1a: Ruby Tuesday|p2a: Sinistcha\n|move|p2a: Sinistcha|Strength Sap|p1a: Ruby Tuesday\n|-unboost|p1a: Ruby Tuesday|atk|1\n|\n|upkeep\n|turn|9\n|\n|t:|1701114145\n|move|p1a: Ruby Tuesday|Scale Shot|p2a: Sinistcha\n|-damage|p2a: Sinistcha|79\/100\n|-damage|p2a: Sinistcha|60\/100\n|-damage|p2a: Sinistcha|41\/100\n|-damage|p2a: Sinistcha|20\/100\n|-hitcount|p2a: Sinistcha|4\n|-unboost|p1a: Ruby Tuesday|def|1\n|-boost|p1a: Ruby Tuesday|spe|1\n|move|p2a: Sinistcha|Calm Mind|p2a: Sinistcha\n|-boost|p2a: Sinistcha|spa|1\n|-boost|p2a: Sinistcha|spd|1\n|\n|-heal|p2a: Sinistcha|26\/100|[from] item: Leftovers\n|upkeep\n|turn|10\n|\n|t:|1701114160\n|move|p1a: Ruby Tuesday|Scale Shot|p2a: Sinistcha\n|-damage|p2a: Sinistcha|7\/100\n|-damage|p2a: Sinistcha|0 fnt\n|faint|p2a: Sinistcha\n|-hitcount|p2: Sinistcha|2\n|-unboost|p1a: Ruby Tuesday|def|1\n|-boost|p1a: Ruby Tuesday|spe|1\n|\n|upkeep\n|\n|t:|1701114173\n|switch|p2a: Ogerpon|Ogerpon, F|100\/100\n|turn|11\n|\n|t:|1701114178\n|-terastallize|p2a: Ogerpon|Grass\n|detailschange|p2a: Ogerpon|Ogerpon-Teal-Tera, F, tera:Grass\n|-ability|p2a: Ogerpon|Embody Aspect (Teal)|boost\n|-boost|p2a: Ogerpon|spe|1\n|move|p1a: Ruby Tuesday|Scale Shot|p2a: Ogerpon\n|-damage|p2a: Ogerpon|71\/100\n|-damage|p2a: Ogerpon|45\/100\n|-damage|p2a: Ogerpon|16\/100\n|-damage|p2a: Ogerpon|0 fnt\n|faint|p2a: Ogerpon\n|-hitcount|p2: Ogerpon|4\n|-unboost|p1a: Ruby Tuesday|def|1\n|-boost|p1a: Ruby Tuesday|spe|1\n|\n|upkeep\n|\n|t:|1701114191\n|switch|p2a: Dragonite|Dragonite, F|100\/100\n|turn|12\n|\n|t:|1701114196\n|move|p2a: Dragonite|Extreme Speed|p1a: Ruby Tuesday\n|-resisted|p1a: Ruby Tuesday\n|-damage|p1a: Ruby Tuesday|26\/100\n|move|p1a: Ruby Tuesday|Scale Shot|p2a: Dragonite\n|-supereffective|p2a: Dragonite\n|-damage|p2a: Dragonite|55\/100\n|-supereffective|p2a: Dragonite\n|-damage|p2a: Dragonite|6\/100\n|-supereffective|p2a: Dragonite\n|-damage|p2a: Dragonite|0 fnt\n|faint|p2a: Dragonite\n|-hitcount|p2: Dragonite|3\n|\n|win|RovaRed\n|raw|RovaRed's rating: 1360 &rarr; <strong>1379<\/strong><br \/>(+19 for winning)\n|raw|Spiquer's rating: 1338 &rarr; <strong>1319<\/strong><br \/>(-19 for losing)\n|l|\u2606Spiquer\n","uploadtime":1701114226,"views":3,"p1id":"rovared","p2id":"spiquer","formatid":"gen9ou","rating":1319,"private":0,"password":""}