{"id":"gen9ou-1996417812","p1":"Andrews Finn3","p2":"ycyuciyv","format":"[Gen 9] OU","log":"|j|\u2606Andrews Finn3\n|j|\u2606ycyuciyv\n|t:|1700680064\n|gametype|singles\n|player|p1|Andrews Finn3|steven|1150\n|player|p2|ycyuciyv|1|1114\n|teamsize|p1|6\n|teamsize|p2|6\n|gen|9\n|tier|[Gen 9] OU\n|rated|\n|rule|Sleep Clause Mod: Limit one foe put to sleep\n|rule|Species Clause: Limit one of each Pok\u00e9mon\n|rule|OHKO Clause: OHKO moves are banned\n|rule|Evasion Items Clause: Evasion items are banned\n|rule|Evasion Moves Clause: Evasion moves are banned\n|rule|Endless Battle Clause: Forcing endless battles is banned\n|rule|HP Percentage Mod: HP is shown in percentages\n|clearpoke\n|poke|p1|Alomomola, F|\n|poke|p1|Slowking-Galar, F|\n|poke|p1|Kingambit, F|\n|poke|p1|Great Tusk|\n|poke|p1|Cinderace, F|\n|poke|p1|Thundurus-Therian, M|\n|poke|p2|Greninja-*, M|\n|poke|p2|Rillaboom, F|\n|poke|p2|Hatterene, F|\n|poke|p2|Grafaiai, M|\n|poke|p2|Landorus-Therian, M|\n|poke|p2|Ceruledge, F|\n|teampreview\n|\n|t:|1700680078\n|start\n|switch|p1a: Great Tusk|Great Tusk|100\/100\n|switch|p2a: Landorus|Landorus-Therian, M|100\/100\n|-ability|p2a: Landorus|Intimidate|boost\n|-unboost|p1a: Great Tusk|atk|1\n|turn|1\n|\n|t:|1700680084\n|move|p1a: Great Tusk|Stealth Rock|p2a: Landorus\n|-sidestart|p2: ycyuciyv|move: Stealth Rock\n|move|p2a: Landorus|Stealth Rock|p1a: Great Tusk\n|-sidestart|p1: Andrews Finn3|move: Stealth Rock\n|\n|upkeep\n|turn|2\n|\n|t:|1700680088\n|move|p1a: Great Tusk|Rapid Spin|p2a: Landorus\n|-damage|p2a: Landorus|93\/100\n|-boost|p1a: Great Tusk|spe|1\n|-damage|p1a: Great Tusk|84\/100|[from] item: Rocky Helmet|[of] p2a: Landorus\n|-sideend|p1: Andrews Finn3|Stealth Rock|[from] move: Rapid Spin|[of] p1a: Great Tusk\n|move|p2a: Landorus|Grass Knot|p1a: Great Tusk\n|-supereffective|p1a: Great Tusk\n|-damage|p1a: Great Tusk|3\/100\n|-damage|p2a: Landorus|76\/100|[from] item: Rocky Helmet|[of] p1a: Great Tusk\n|\n|upkeep\n|turn|3\n|\n|t:|1700680097\n|move|p1a: Great Tusk|Ice Spinner|p2a: Landorus\n|-supereffective|p2a: Landorus\n|-damage|p2a: Landorus|24\/100\n|-damage|p1a: Great Tusk|0 fnt|[from] item: Rocky Helmet|[of] p2a: Landorus\n|faint|p1a: Great Tusk\n|-end|p1a: Great Tusk|Protosynthesis|[silent]\n|move|p2a: Landorus|Stealth Rock|p1: Great Tusk\n|-sidestart|p1: Andrews Finn3|move: Stealth Rock\n|\n|upkeep\n|\n|t:|1700680118\n|switch|p1a: Cinderace|Cinderace, F|100\/100\n|turn|4\n|\n|t:|1700680125\n|move|p1a: Cinderace|U-turn|p2a: Landorus\n|-start|p1a: Cinderace|typechange|Bug|[from] ability: Libero\n|-resisted|p2a: Landorus\n|-damage|p2a: Landorus|12\/100\n|-damage|p1a: Cinderace|84\/100|[from] item: Rocky Helmet|[of] p2a: Landorus\n|\n|t:|1700680131\n|switch|p1a: Alomomola|Alomomola, F|100\/100|[from] U-turn\n|-damage|p1a: Alomomola|88\/100|[from] Stealth Rock\n|move|p2a: Landorus|Earthquake|p1a: Alomomola\n|-damage|p1a: Alomomola|61\/100\n|-enditem|p1a: Alomomola|Red Card|[of] p2a: Landorus\n|drag|p2a: Hatterene|Hatterene, F|100\/100\n|-damage|p2a: Hatterene|88\/100|[from] Stealth Rock\n|\n|-heal|p2a: Hatterene|94\/100|[from] item: Leftovers\n|upkeep\n|turn|5\n|\n|t:|1700680141\n|move|p1a: Alomomola|Wish|p1a: Alomomola\n|move|p2a: Hatterene|Calm Mind|p2a: Hatterene\n|-boost|p2a: Hatterene|spa|1\n|-boost|p2a: Hatterene|spd|1\n|\n|-heal|p2a: Hatterene|99\/100|[from] item: Leftovers\n|upkeep\n|turn|6\n|\n|t:|1700680145\n|move|p1a: Alomomola|Flip Turn|p2a: Hatterene\n|-damage|p2a: Hatterene|82\/100\n|\n|t:|1700680149\n|switch|p1a: Slowking|Slowking-Galar, F|100\/100|[from] Flip Turn\n|move|p2a: Hatterene|Calm Mind|p2a: Hatterene\n|-boost|p2a: Hatterene|spa|1\n|-boost|p2a: Hatterene|spd|1\n|\n|-heal|p2a: Hatterene|88\/100|[from] item: Leftovers\n|upkeep\n|turn|7\n|\n|t:|1700680153\n|move|p2a: Hatterene|Shadow Ball|p1a: Slowking\n|-supereffective|p1a: Slowking\n|-damage|p1a: Slowking|32\/100\n|move|p1a: Slowking|Sludge Bomb|p2a: Hatterene\n|-supereffective|p2a: Hatterene\n|-damage|p2a: Hatterene|55\/100\n|\n|-heal|p2a: Hatterene|61\/100|[from] item: Leftovers\n|upkeep\n|turn|8\n|\n|t:|1700680161\n|switch|p1a: Kingambit|Kingambit, F|100\/100\n|-damage|p1a: Kingambit|94\/100|[from] Stealth Rock\n|-activate|p1a: Kingambit|ability: Supreme Overlord\n|-start|p1a: Kingambit|fallen1|[silent]\n|move|p2a: Hatterene|Shadow Ball|p1a: Kingambit\n|-resisted|p1a: Kingambit\n|-damage|p1a: Kingambit|62\/100\n|\n|-heal|p1a: Kingambit|68\/100|[from] item: Leftovers\n|-heal|p2a: Hatterene|67\/100|[from] item: Leftovers\n|upkeep\n|turn|9\n|\n|t:|1700680173\n|move|p1a: Kingambit|Kowtow Cleave|p2a: Hatterene\n|-damage|p2a: Hatterene|10\/100\n|move|p2a: Hatterene|Draining Kiss|p1a: Kingambit\n|-damage|p1a: Kingambit|13\/100\n|-heal|p2a: Hatterene|61\/100|[from] drain|[of] p1a: Kingambit\n|\n|-heal|p1a: Kingambit|19\/100|[from] item: Leftovers\n|-heal|p2a: Hatterene|67\/100|[from] item: Leftovers\n|upkeep\n|turn|10\n|\n|t:|1700680180\n|move|p1a: Kingambit|Iron Head|p2a: Hatterene\n|-supereffective|p2a: Hatterene\n|-damage|p2a: Hatterene|0 fnt\n|faint|p2a: Hatterene\n|\n|-heal|p1a: Kingambit|26\/100|[from] item: Leftovers\n|upkeep\n|\n|t:|1700680186\n|switch|p2a: Landorus|Landorus-Therian, M|12\/100\n|-damage|p2a: Landorus|0 fnt|[from] Stealth Rock\n|faint|p2a: Landorus\n|\n|t:|1700680192\n|switch|p2a: Greninja|Greninja, M|100\/100\n|-damage|p2a: Greninja|88\/100|[from] Stealth Rock\n|turn|11\n|\n|t:|1700680199\n|-end|p1a: Kingambit|fallen1|[silent]\n|switch|p1a: Thundurus|Thundurus-Therian, M|100\/100\n|-damage|p1a: Thundurus|76\/100|[from] Stealth Rock\n|move|p2a: Greninja|Hydro Pump|p1a: Thundurus\n|-start|p2a: Greninja|typechange|Water|[from] ability: Protean\n|-damage|p1a: Thundurus|0 fnt\n|faint|p1a: Thundurus\n|-damage|p2a: Greninja|78\/100|[from] item: Life Orb\n|\n|upkeep\n|\n|t:|1700680216\n|switch|p1a: Alomomola|Alomomola, F|95\/100\n|-damage|p1a: Alomomola|82\/100|[from] Stealth Rock\n|turn|12\n|\n|t:|1700680226\n|move|p2a: Greninja|U-turn|p1a: Alomomola\n|-damage|p1a: Alomomola|71\/100\n|-damage|p2a: Greninja|69\/100|[from] item: Life Orb\n|\n|t:|1700680227\n|switch|p2a: Grafaiai|Grafaiai, M|100\/100|[from] U-turn\n|-damage|p2a: Grafaiai|88\/100|[from] Stealth Rock\n|move|p1a: Alomomola|Wish|p1a: Alomomola\n|\n|upkeep\n|turn|13\n|\n|t:|1700680236\n|switch|p1a: Kingambit|Kingambit, F|26\/100\n|-damage|p1a: Kingambit|19\/100|[from] Stealth Rock\n|-activate|p1a: Kingambit|ability: Supreme Overlord\n|-start|p1a: Kingambit|fallen2|[silent]\n|move|p2a: Grafaiai|Switcheroo|p1a: Kingambit\n|-hint|Since gen 7, Dark is immune to Prankster moves.\n|-immune|p1a: Kingambit\n|\n|-heal|p1a: Kingambit|78\/100|[from] move: Wish|[wisher] Alomomola\n|-heal|p1a: Kingambit|84\/100|[from] item: Leftovers\n|upkeep\n|turn|14\n|\n|t:|1700680249\n|switch|p2a: Greninja|Greninja, M|69\/100\n|-damage|p2a: Greninja|56\/100|[from] Stealth Rock\n|move|p1a: Kingambit|Iron Head|p2a: Greninja\n|-resisted|p2a: Greninja\n|-damage|p2a: Greninja|12\/100\n|\n|-heal|p1a: Kingambit|91\/100|[from] item: Leftovers\n|upkeep\n|turn|15\n|\n|t:|1700680261\n|move|p1a: Kingambit|Sucker Punch|p2a: Greninja\n|-resisted|p2a: Greninja\n|-damage|p2a: Greninja|0 fnt\n|faint|p2a: Greninja\n|\n|-heal|p1a: Kingambit|97\/100|[from] item: Leftovers\n|upkeep\n|\n|t:|1700680265\n|switch|p2a: Rillaboom|Rillaboom, F|100\/100\n|-damage|p2a: Rillaboom|88\/100|[from] Stealth Rock\n|-fieldstart|move: Grassy Terrain|[from] ability: Grassy Surge|[of] p2a: Rillaboom\n|-enditem|p2a: Rillaboom|Grassy Seed\n|-boost|p2a: Rillaboom|def|1|[from] item: Grassy Seed\n|turn|16\n|\n|t:|1700680272\n|-end|p1a: Kingambit|fallen2|[silent]\n|switch|p1a: Cinderace|Cinderace, F|84\/100\n|move|p2a: Rillaboom|Swords Dance|p2a: Rillaboom\n|-boost|p2a: Rillaboom|atk|2\n|\n|-heal|p1a: Cinderace|90\/100|[from] Grassy Terrain\n|-heal|p2a: Rillaboom|94\/100|[from] Grassy Terrain\n|upkeep\n|turn|17\n|\n|t:|1700680282\n|-terastallize|p2a: Rillaboom|Fighting\n|move|p1a: Cinderace|Pyro Ball|p2a: Rillaboom\n|-damage|p2a: Rillaboom|49\/100\n|move|p2a: Rillaboom|Drain Punch|p1a: Cinderace\n|-damage|p1a: Cinderace|0 fnt\n|-heal|p2a: Rillaboom|89\/100|[from] drain|[of] p1a: Cinderace\n|faint|p1a: Cinderace\n|\n|-heal|p2a: Rillaboom|95\/100|[from] Grassy Terrain\n|upkeep\n|\n|t:|1700680295\n|switch|p1a: Alomomola|Alomomola, F|100\/100\n|-damage|p1a: Alomomola|88\/100|[from] Stealth Rock\n|turn|18\n|\n|t:|1700680302\n|-terastallize|p1a: Alomomola|Flying\n|move|p2a: Rillaboom|Grassy Glide|p1a: Alomomola\n|-resisted|p1a: Alomomola\n|-damage|p1a: Alomomola|66\/100\n|move|p1a: Alomomola|Scald|p2a: Rillaboom\n|-damage|p2a: Rillaboom|76\/100\n|\n|-heal|p2a: Rillaboom|83\/100|[from] Grassy Terrain\n|upkeep\n|turn|19\n|\n|t:|1700680312\n|move|p2a: Rillaboom|Swords Dance|p2a: Rillaboom\n|-boost|p2a: Rillaboom|atk|2\n|move|p1a: Alomomola|Scald|p2a: Rillaboom\n|-crit|p2a: Rillaboom\n|-damage|p2a: Rillaboom|56\/100\n|-status|p2a: Rillaboom|brn\n|\n|-heal|p2a: Rillaboom|62\/100 brn|[from] Grassy Terrain\n|-damage|p2a: Rillaboom|56\/100 brn|[from] brn\n|upkeep\n|turn|20\n|\n|t:|1700680319\n|move|p2a: Rillaboom|Swords Dance|p2a: Rillaboom\n|-boost|p2a: Rillaboom|atk|2\n|move|p1a: Alomomola|Acrobatics|p2a: Rillaboom\n|-supereffective|p2a: Rillaboom\n|-damage|p2a: Rillaboom|10\/100 brn\n|\n|-heal|p2a: Rillaboom|17\/100 brn|[from] Grassy Terrain\n|-damage|p2a: Rillaboom|10\/100 brn|[from] brn\n|-fieldend|move: Grassy Terrain\n|upkeep\n|turn|21\n|\n|t:|1700680328\n|move|p2a: Rillaboom|Drain Punch|p1a: Alomomola\n|-resisted|p1a: Alomomola\n|-damage|p1a: Alomomola|44\/100\n|-heal|p2a: Rillaboom|25\/100 brn|[from] drain|[of] p1a: Alomomola\n|move|p1a: Alomomola|Flip Turn|p2a: Rillaboom\n|-damage|p2a: Rillaboom|13\/100 brn\n|\n|t:|1700680342\n|switch|p1a: Slowking|Slowking-Galar, F|66\/100|[from] Flip Turn\n|\n|-damage|p2a: Rillaboom|7\/100 brn|[from] brn\n|upkeep\n|turn|22\n|\n|t:|1700680354\n|move|p2a: Rillaboom|High Horsepower|p1a: Slowking\n|-supereffective|p1a: Slowking\n|-damage|p1a: Slowking|0 fnt\n|faint|p1a: Slowking\n|\n|-damage|p2a: Rillaboom|0 fnt|[from] brn\n|faint|p2a: Rillaboom\n|upkeep\n|\n|t:|1700680359\n|switch|p2a: Grafaiai|Grafaiai, M|88\/100\n|switch|p1a: Kingambit|Kingambit, F|97\/100\n|-damage|p2a: Grafaiai|76\/100|[from] Stealth Rock\n|-damage|p1a: Kingambit|91\/100|[from] Stealth Rock\n|-activate|p1a: Kingambit|ability: Supreme Overlord\n|-start|p1a: Kingambit|fallen4|[silent]\n|turn|23\n|\n|t:|1700680366\n|move|p2a: Grafaiai|Foul Play|p1a: Kingambit\n|-resisted|p1a: Kingambit\n|-damage|p1a: Kingambit|77\/100\n|move|p1a: Kingambit|Kowtow Cleave|p2a: Grafaiai\n|-damage|p2a: Grafaiai|0 fnt\n|faint|p2a: Grafaiai\n|\n|-heal|p1a: Kingambit|83\/100|[from] item: Leftovers\n|upkeep\n|\n|t:|1700680369\n|switch|p2a: Ceruledge|Ceruledge, F|100\/100\n|-damage|p2a: Ceruledge|76\/100|[from] Stealth Rock\n|turn|24\n|\n|t:|1700680373\n|move|p1a: Kingambit|Sucker Punch|p2a: Ceruledge\n|-supereffective|p2a: Ceruledge\n|-damage|p2a: Ceruledge|0 fnt\n|faint|p2a: Ceruledge\n|\n|win|Andrews Finn3\n|raw|Andrews Finn3's rating: 1150 &rarr; <strong>1172<\/strong><br \/>(+22 for winning)\n|raw|ycyuciyv's rating: 1114 &rarr; <strong>1092<\/strong><br \/>(-22 for losing)\n|l|\u2606ycyuciyv\n","uploadtime":1700680385,"views":0,"p1id":"andrewsfinn3","p2id":"ycyuciyv","formatid":"gen9ou","rating":1092,"private":0,"password":""}