{"id":"gen9ou-1989883444","p1":"THEGOLDENLEG","p2":"Agent Chaka","format":"[Gen 9] OU","log":"|j|\u2606THEGOLDENLEG\n|j|\u2606Agent Chaka\n|t:|1699903686\n|gametype|singles\n|player|p1|THEGOLDENLEG|blackbelt-gen4dp|1319\n|player|p2|Agent Chaka|rocketgrunt|1396\n|teamsize|p1|6\n|teamsize|p2|6\n|gen|9\n|tier|[Gen 9] OU\n|rated|\n|rule|Sleep Clause Mod: Limit one foe put to sleep\n|rule|Species Clause: Limit one of each Pok\u00e9mon\n|rule|OHKO Clause: OHKO moves are banned\n|rule|Evasion Items Clause: Evasion items are banned\n|rule|Evasion Moves Clause: Evasion moves are banned\n|rule|Endless Battle Clause: Forcing endless battles is banned\n|rule|HP Percentage Mod: HP is shown in percentages\n|clearpoke\n|poke|p1|Hatterene, F|\n|poke|p1|Kingambit, M|\n|poke|p1|Iron Valiant|\n|poke|p1|Garchomp, F|\n|poke|p1|Amoonguss, F|\n|poke|p1|Heatran, M|\n|poke|p2|Dragapult, M|\n|poke|p2|Heatran, M|\n|poke|p2|Great Tusk|\n|poke|p2|Amoonguss, M|\n|poke|p2|Weavile, M|\n|poke|p2|Enamorus, F|\n|teampreview\n|inactive|Battle timer is ON: inactive players will automatically lose when time's up. (requested by Agent Chaka)\n|c|\u2606Agent Chaka|gl hf\n|\n|t:|1699903709\n|start\n|switch|p1a: Garchomp|Garchomp, F|100\/100\n|switch|p2a: Fuji|Heatran, M, shiny|100\/100\n|-item|p2a: Fuji|Air Balloon\n|turn|1\n|inactive|THEGOLDENLEG has 120 seconds left.\n|\n|t:|1699903741\n|move|p1a: Garchomp|Stealth Rock|p2a: Fuji\n|-sidestart|p2: Agent Chaka|move: Stealth Rock\n|move|p2a: Fuji|Will-O-Wisp|p1a: Garchomp\n|-status|p1a: Garchomp|brn\n|\n|-damage|p1a: Garchomp|94\/100 brn|[from] brn\n|upkeep\n|turn|2\n|\n|t:|1699903747\n|move|p1a: Garchomp|Draco Meteor|p2a: Fuji\n|-resisted|p2a: Fuji\n|-damage|p2a: Fuji|71\/100\n|-unboost|p1a: Garchomp|spa|2\n|-enditem|p2a: Fuji|Air Balloon\n|-damage|p1a: Garchomp|85\/100 brn|[from] item: Life Orb\n|move|p2a: Fuji|Stealth Rock|p1a: Garchomp\n|-sidestart|p1: THEGOLDENLEG|move: Stealth Rock\n|\n|-damage|p1a: Garchomp|78\/100 brn|[from] brn\n|upkeep\n|turn|3\n|\n|t:|1699903770\n|switch|p2a: Djina|Enamorus, F, shiny|100\/100\n|move|p1a: Garchomp|Earthquake|p2a: Djina\n|-immune|p2a: Djina\n|\n|-damage|p1a: Garchomp|72\/100 brn|[from] brn\n|upkeep\n|turn|4\n|\n|t:|1699903777\n|switch|p1a: Kingambit|Kingambit, M|100\/100\n|-damage|p1a: Kingambit|94\/100|[from] Stealth Rock\n|move|p2a: Djina|Calm Mind|p2a: Djina\n|-boost|p2a: Djina|spa|1\n|-boost|p2a: Djina|spd|1\n|\n|upkeep\n|turn|5\n|\n|t:|1699903800\n|move|p2a: Djina|Moonblast|p1a: Kingambit\n|-damage|p1a: Kingambit|24\/100\n|move|p1a: Kingambit|Iron Head|p2a: Djina\n|-supereffective|p2a: Djina\n|-crit|p2a: Djina\n|-damage|p2a: Djina|0 fnt\n|-start|p1a: Kingambit|Attract|[from] ability: Cute Charm|[of] p2a: Djina\n|faint|p2a: Djina\n|-end|p1a: Kingambit|Attract|[silent]\n|\n|upkeep\n|\n|t:|1699903807\n|switch|p2a: Manny|Great Tusk, shiny|100\/100\n|-damage|p2a: Manny|98\/100|[from] Stealth Rock\n|turn|6\n|\n|t:|1699903811\n|move|p2a: Manny|Earthquake|p1a: Kingambit\n|-supereffective|p1a: Kingambit\n|-damage|p1a: Kingambit|0 fnt\n|faint|p1a: Kingambit\n|-end|p1a: Kingambit|fallenundefined|[silent]\n|\n|-heal|p2a: Manny|100\/100|[from] item: Leftovers\n|upkeep\n|\n|t:|1699903825\n|switch|p1a: Amoonguss|Amoonguss, F|100\/100\n|-damage|p1a: Amoonguss|88\/100|[from] Stealth Rock\n|turn|7\n|\n|t:|1699903829\n|-end|p2a: Manny|Protosynthesis|[silent]\n|switch|p2a: Red Sus|Amoonguss, M|100\/100\n|-damage|p2a: Red Sus|88\/100|[from] Stealth Rock\n|move|p1a: Amoonguss|Giga Drain|p2a: Red Sus\n|-resisted|p2a: Red Sus\n|-damage|p2a: Red Sus|84\/100\n|-heal|p1a: Amoonguss|90\/100|[from] drain|[of] p2a: Red Sus\n|-enditem|p2a: Red Sus|Red Card|[of] p1a: Amoonguss\n|drag|p1a: Heatran|Heatran, M|100\/100\n|-damage|p1a: Heatran|88\/100|[from] Stealth Rock\n|\n|upkeep\n|turn|8\n|\n|t:|1699903839\n|switch|p2a: Fuji|Heatran, M, shiny|71\/100\n|-damage|p2a: Fuji|59\/100|[from] Stealth Rock\n|move|p1a: Heatran|Magma Storm|p2a: Fuji\n|-start|p2a: Fuji|ability: Flash Fire\n|\n|upkeep\n|turn|9\n|c|\u2606THEGOLDENLEG|ill bet the game on a 50 50\n|c|\u2606THEGOLDENLEG|will you?\n|c|\u2606Agent Chaka|yeah\n|\n|t:|1699903865\n|move|p2a: Fuji|Earth Power|p1a: Heatran\n|-supereffective|p1a: Heatran\n|-damage|p1a: Heatran|0 fnt\n|faint|p1a: Heatran\n|\n|upkeep\n|\n|t:|1699903871\n|switch|p1a: Garchomp|Garchomp, F|72\/100 brn\n|-damage|p1a: Garchomp|66\/100 brn|[from] Stealth Rock\n|turn|10\n|c|\u2606THEGOLDENLEG|unofrt\n|c|\u2606THEGOLDENLEG|unfort*\n|\n|t:|1699903881\n|-end|p2a: Fuji|ability: Flash Fire|[silent]\n|switch|p2a: Manny|Great Tusk, shiny|100\/100\n|-damage|p2a: Manny|98\/100|[from] Stealth Rock\n|move|p1a: Garchomp|Earthquake|p2a: Manny\n|-damage|p2a: Manny|79\/100\n|-damage|p1a: Garchomp|56\/100 brn|[from] item: Life Orb\n|\n|-heal|p2a: Manny|85\/100|[from] item: Leftovers\n|-damage|p1a: Garchomp|50\/100 brn|[from] brn\n|upkeep\n|turn|11\n|\n|t:|1699903891\n|-end|p2a: Manny|Protosynthesis|[silent]\n|switch|p2a: Red Sus|Amoonguss, M|100\/100\n|-damage|p2a: Red Sus|88\/100|[from] Stealth Rock\n|move|p1a: Garchomp|Draco Meteor|p2a: Red Sus\n|-damage|p2a: Red Sus|48\/100\n|-unboost|p1a: Garchomp|spa|2\n|-damage|p1a: Garchomp|40\/100 brn|[from] item: Life Orb\n|\n|-damage|p1a: Garchomp|34\/100 brn|[from] brn\n|upkeep\n|turn|12\n|\n|t:|1699903904\n|switch|p1a: Amoonguss|Amoonguss, F|100\/100\n|-damage|p1a: Amoonguss|88\/100|[from] Stealth Rock\n|move|p2a: Red Sus|Giga Drain|p1a: Amoonguss\n|-resisted|p1a: Amoonguss\n|-damage|p1a: Amoonguss|83\/100\n|-heal|p2a: Red Sus|51\/100|[from] drain|[of] p1a: Amoonguss\n|\n|upkeep\n|turn|13\n|\n|t:|1699903912\n|switch|p2a: Fuji|Heatran, M, shiny|59\/100\n|-damage|p2a: Fuji|47\/100|[from] Stealth Rock\n|move|p1a: Amoonguss|Sludge Bomb|p2a: Fuji\n|-immune|p2a: Fuji\n|\n|upkeep\n|turn|14\n|\n|t:|1699903921\n|move|p2a: Fuji|Magma Storm|p1a: Amoonguss\n|-supereffective|p1a: Amoonguss\n|-damage|p1a: Amoonguss|0 fnt\n|faint|p1a: Amoonguss\n|\n|upkeep\n|c|\u2606THEGOLDENLEG|fuck it we ball\n|\n|t:|1699903936\n|switch|p1a: Iron Valiant|Iron Valiant|100\/100\n|-damage|p1a: Iron Valiant|94\/100|[from] Stealth Rock\n|-enditem|p1a: Iron Valiant|Booster Energy\n|-activate|p1a: Iron Valiant|ability: Quark Drive|[fromitem]\n|-start|p1a: Iron Valiant|quarkdrivespe\n|turn|15\n|\n|t:|1699903964\n|-terastallize|p2a: Fuji|Flying\n|move|p1a: Iron Valiant|Close Combat|p2a: Fuji\n|-resisted|p2a: Fuji\n|-damage|p2a: Fuji|19\/100\n|-unboost|p1a: Iron Valiant|def|1\n|-unboost|p1a: Iron Valiant|spd|1\n|move|p2a: Fuji|Magma Storm|p1a: Iron Valiant\n|-damage|p1a: Iron Valiant|0 fnt\n|faint|p1a: Iron Valiant\n|-end|p1a: Iron Valiant|Quark Drive|[silent]\n|\n|upkeep\n|-message|THEGOLDENLEG forfeited.\n|\n|win|Agent Chaka\n|raw|THEGOLDENLEG's rating: 1319 &rarr; <strong>1303<\/strong><br \/>(-16 for losing)\n|raw|Agent Chaka's rating: 1396 &rarr; <strong>1412<\/strong><br \/>(+16 for winning)\n|l|\u2606THEGOLDENLEG\n","uploadtime":1699903977,"views":10,"p1id":"thegoldenleg","p2id":"agentchaka","formatid":"gen9ou","rating":1303,"private":0,"password":""}