{"id":"gen9ou-1992003980","p1":"ss_wobblewok","p2":"Luxcalum","format":"[Gen 9] OU","log":"|j|\u2606ss_wobblewok\n|j|\u2606Luxcalum\n|t:|1700146900\n|gametype|singles\n|player|p1|ss_wobblewok|parasollady|1332\n|player|p2|Luxcalum|266|1317\n|teamsize|p1|6\n|teamsize|p2|6\n|gen|9\n|tier|[Gen 9] OU\n|rated|\n|rule|Sleep Clause Mod: Limit one foe put to sleep\n|rule|Species Clause: Limit one of each Pok\u00e9mon\n|rule|OHKO Clause: OHKO moves are banned\n|rule|Evasion Items Clause: Evasion items are banned\n|rule|Evasion Moves Clause: Evasion moves are banned\n|rule|Endless Battle Clause: Forcing endless battles is banned\n|rule|HP Percentage Mod: HP is shown in percentages\n|clearpoke\n|poke|p1|Iron Moth|\n|poke|p1|Rillaboom, M|\n|poke|p1|Zamazenta-*|\n|poke|p1|Manaphy|\n|poke|p1|Heatran, F|\n|poke|p1|Great Tusk|\n|poke|p2|Kingambit, F|\n|poke|p2|Greninja-*, M|\n|poke|p2|Ogerpon-Wellspring, F|\n|poke|p2|Great Tusk|\n|poke|p2|Dragapult, M|\n|poke|p2|Tornadus-Therian, M|\n|teampreview\n|\n|t:|1700146907\n|start\n|switch|p1a: Heatran|Heatran, F|100\/100\n|switch|p2a: Tornadus|Tornadus-Therian, M|100\/100\n|-item|p1a: Heatran|Air Balloon\n|turn|1\n|\n|t:|1700146917\n|move|p2a: Tornadus|Nasty Plot|p2a: Tornadus\n|-boost|p2a: Tornadus|spa|2\n|move|p1a: Heatran|Power Gem|p2a: Tornadus\n|-supereffective|p2a: Tornadus\n|-damage|p2a: Tornadus|21\/100\n|\n|upkeep\n|turn|2\n|\n|t:|1700146925\n|move|p2a: Tornadus|Focus Blast|p1a: Heatran|[miss]\n|-miss|p2a: Tornadus|p1a: Heatran\n|move|p1a: Heatran|Stealth Rock|p2a: Tornadus\n|-sidestart|p2: Luxcalum|move: Stealth Rock\n|\n|upkeep\n|turn|3\n|\n|t:|1700146931\n|move|p2a: Tornadus|Focus Blast|p1a: Heatran\n|-supereffective|p1a: Heatran\n|-damage|p1a: Heatran|0 fnt\n|-enditem|p1a: Heatran|Air Balloon\n|faint|p1a: Heatran\n|-damage|p2a: Tornadus|11\/100|[from] item: Life Orb\n|\n|upkeep\n|\n|t:|1700146934\n|switch|p1a: Rillaboom|Rillaboom, M|100\/100\n|-fieldstart|move: Grassy Terrain|[from] ability: Grassy Surge|[of] p1a: Rillaboom\n|turn|4\n|\n|t:|1700146953\n|switch|p2a: Kingambit|Kingambit, F|100\/100\n|-damage|p2a: Kingambit|94\/100|[from] Stealth Rock\n|move|p1a: Rillaboom|Grassy Glide|p2a: Kingambit\n|-resisted|p2a: Kingambit\n|-damage|p2a: Kingambit|74\/100\n|\n|-heal|p2a: Kingambit|80\/100|[from] Grassy Terrain\n|upkeep\n|turn|5\n|\n|t:|1700146973\n|switch|p1a: Zamazenta|Zamazenta|100\/100\n|-ability|p1a: Zamazenta|Dauntless Shield|boost\n|-boost|p1a: Zamazenta|def|1\n|move|p2a: Kingambit|Kowtow Cleave|p1a: Zamazenta\n|-resisted|p1a: Zamazenta\n|-damage|p1a: Zamazenta|82\/100\n|\n|-heal|p1a: Zamazenta|88\/100|[from] Grassy Terrain\n|-heal|p1a: Zamazenta|94\/100|[from] item: Leftovers\n|-heal|p2a: Kingambit|87\/100|[from] Grassy Terrain\n|upkeep\n|turn|6\n|\n|t:|1700146982\n|-end|p2a: Kingambit|fallenundefined|[silent]\n|switch|p2a: Dragapult|Dragapult, M|100\/100\n|-damage|p2a: Dragapult|88\/100|[from] Stealth Rock\n|move|p1a: Zamazenta|Iron Defense|p1a: Zamazenta\n|-boost|p1a: Zamazenta|def|2\n|\n|-heal|p2a: Dragapult|94\/100|[from] Grassy Terrain\n|-heal|p1a: Zamazenta|100\/100|[from] Grassy Terrain\n|upkeep\n|turn|7\n|\n|t:|1700146988\n|move|p2a: Dragapult|Will-O-Wisp|p1a: Zamazenta\n|-status|p1a: Zamazenta|brn\n|move|p1a: Zamazenta|Play Rough|p2a: Dragapult\n|-supereffective|p2a: Dragapult\n|-damage|p2a: Dragapult|52\/100\n|\n|-heal|p2a: Dragapult|58\/100|[from] Grassy Terrain\n|-damage|p1a: Zamazenta|94\/100 brn|[from] brn\n|upkeep\n|turn|8\n|\n|t:|1700147007\n|switch|p2a: Great Tusk|Great Tusk|100\/100\n|-damage|p2a: Great Tusk|98\/100|[from] Stealth Rock\n|move|p1a: Zamazenta|Play Rough|p2a: Great Tusk|[miss]\n|-miss|p1a: Zamazenta|p2a: Great Tusk\n|\n|-heal|p1a: Zamazenta|100\/100 brn|[from] Grassy Terrain\n|-heal|p2a: Great Tusk|100\/100|[from] Grassy Terrain\n|-damage|p1a: Zamazenta|94\/100 brn|[from] brn\n|-fieldend|move: Grassy Terrain\n|upkeep\n|turn|9\n|\n|t:|1700147014\n|move|p1a: Zamazenta|Play Rough|p2a: Great Tusk|[miss]\n|-miss|p1a: Zamazenta|p2a: Great Tusk\n|move|p2a: Great Tusk|Rapid Spin|p1a: Zamazenta\n|-damage|p1a: Zamazenta|87\/100 brn\n|-boost|p2a: Great Tusk|spe|1\n|-sideend|p2: Luxcalum|Stealth Rock|[from] move: Rapid Spin|[of] p2a: Great Tusk\n|\n|-heal|p1a: Zamazenta|93\/100 brn|[from] item: Leftovers\n|-damage|p1a: Zamazenta|87\/100 brn|[from] brn\n|upkeep\n|turn|10\n|c|\u2606ss_wobblewok|Thats unreal\n|\n|t:|1700147023\n|move|p1a: Zamazenta|Play Rough|p2a: Great Tusk\n|-supereffective|p2a: Great Tusk\n|-damage|p2a: Great Tusk|81\/100\n|move|p2a: Great Tusk|Bulk Up|p2a: Great Tusk\n|-boost|p2a: Great Tusk|atk|1\n|-boost|p2a: Great Tusk|def|1\n|\n|-heal|p1a: Zamazenta|93\/100 brn|[from] item: Leftovers\n|-heal|p2a: Great Tusk|87\/100|[from] item: Leftovers\n|-damage|p1a: Zamazenta|87\/100 brn|[from] brn\n|upkeep\n|turn|11\n|\n|t:|1700147040\n|switch|p1a: Rillaboom|Rillaboom, M|100\/100\n|-fieldstart|move: Grassy Terrain|[from] ability: Grassy Surge|[of] p1a: Rillaboom\n|move|p2a: Great Tusk|Bulk Up|p2a: Great Tusk\n|-boost|p2a: Great Tusk|atk|1\n|-boost|p2a: Great Tusk|def|1\n|\n|-heal|p2a: Great Tusk|93\/100|[from] Grassy Terrain\n|-heal|p2a: Great Tusk|99\/100|[from] item: Leftovers\n|upkeep\n|turn|12\n|\n|t:|1700147049\n|move|p2a: Great Tusk|Bulk Up|p2a: Great Tusk\n|-boost|p2a: Great Tusk|atk|1\n|-boost|p2a: Great Tusk|def|1\n|move|p1a: Rillaboom|Wood Hammer|p2a: Great Tusk\n|-supereffective|p2a: Great Tusk\n|-damage|p2a: Great Tusk|37\/100\n|-damage|p1a: Rillaboom|74\/100|[from] Recoil\n|\n|-heal|p2a: Great Tusk|43\/100|[from] Grassy Terrain\n|-heal|p2a: Great Tusk|49\/100|[from] item: Leftovers\n|-heal|p1a: Rillaboom|80\/100|[from] Grassy Terrain\n|upkeep\n|turn|13\n|\n|t:|1700147078\n|move|p2a: Great Tusk|Knock Off|p1a: Rillaboom\n|-damage|p1a: Rillaboom|0 fnt\n|-enditem|p1a: Rillaboom|Choice Band|[from] move: Knock Off|[of] p2a: Great Tusk\n|faint|p1a: Rillaboom\n|\n|-heal|p2a: Great Tusk|56\/100|[from] Grassy Terrain\n|-heal|p2a: Great Tusk|62\/100|[from] item: Leftovers\n|upkeep\n|\n|t:|1700147087\n|switch|p1a: Manaphy|Manaphy|100\/100\n|turn|14\n|\n|t:|1700147103\n|move|p1a: Manaphy|Hydro Pump|p2a: Great Tusk|[miss]\n|-miss|p1a: Manaphy|p2a: Great Tusk\n|move|p2a: Great Tusk|Knock Off|p1a: Manaphy\n|-damage|p1a: Manaphy|0 fnt\n|-enditem|p1a: Manaphy|Leftovers|[from] move: Knock Off|[of] p2a: Great Tusk\n|faint|p1a: Manaphy\n|\n|-heal|p2a: Great Tusk|68\/100|[from] Grassy Terrain\n|-heal|p2a: Great Tusk|74\/100|[from] item: Leftovers\n|upkeep\n|\n|t:|1700147139\n|switch|p1a: Iron Moth|Iron Moth|100\/100\n|-item|p1a: Iron Moth|Air Balloon\n|turn|15\n|\n|t:|1700147144\n|move|p1a: Iron Moth|Dazzling Gleam|p2a: Great Tusk\n|-supereffective|p2a: Great Tusk\n|-damage|p2a: Great Tusk|0 fnt\n|faint|p2a: Great Tusk\n|-end|p2a: Great Tusk|Protosynthesis|[silent]\n|\n|-fieldend|move: Grassy Terrain\n|upkeep\n|\n|t:|1700147154\n|switch|p2a: Greninja|Greninja, M|100\/100\n|turn|16\n|\n|t:|1700147168\n|-terastallize|p1a: Iron Moth|Fairy\n|move|p2a: Greninja|Surf|p1a: Iron Moth\n|-damage|p1a: Iron Moth|43\/100\n|-enditem|p1a: Iron Moth|Air Balloon\n|-damage|p2a: Greninja|91\/100|[from] item: Life Orb\n|move|p1a: Iron Moth|Dazzling Gleam|p2a: Greninja\n|-supereffective|p2a: Greninja\n|-damage|p2a: Greninja|0 fnt\n|faint|p2a: Greninja\n|\n|upkeep\n|\n|t:|1700147183\n|switch|p2a: Tornadus|Tornadus-Therian, M|44\/100\n|turn|17\n|\n|t:|1700147187\n|move|p2a: Tornadus|Bleakwind Storm|p1a: Iron Moth|[miss]\n|-miss|p2a: Tornadus|p1a: Iron Moth\n|move|p1a: Iron Moth|Discharge|p2a: Tornadus\n|-supereffective|p2a: Tornadus\n|-damage|p2a: Tornadus|0 fnt\n|faint|p2a: Tornadus\n|\n|upkeep\n|\n|t:|1700147195\n|switch|p2a: Dragapult|Dragapult, M|58\/100\n|turn|18\n|\n|t:|1700147200\n|-terastallize|p2a: Dragapult|Ghost\n|move|p2a: Dragapult|Tera Blast|p1a: Iron Moth|[anim] Tera Blast Ghost\n|-damage|p1a: Iron Moth|0 fnt\n|faint|p1a: Iron Moth\n|-end|p1a: Iron Moth|Quark Drive|[silent]\n|\n|upkeep\n|\n|t:|1700147234\n|switch|p1a: Zamazenta|Zamazenta|87\/100 brn\n|turn|19\n|\n|t:|1700147238\n|move|p2a: Dragapult|Tera Blast|p1a: Zamazenta|[anim] Tera Blast Ghost\n|-damage|p1a: Zamazenta|42\/100 brn\n|move|p1a: Zamazenta|Crunch|p2a: Dragapult\n|-supereffective|p2a: Dragapult\n|-damage|p2a: Dragapult|25\/100\n|\n|-heal|p1a: Zamazenta|48\/100 brn|[from] item: Leftovers\n|-damage|p1a: Zamazenta|42\/100 brn|[from] brn\n|upkeep\n|turn|20\n|\n|t:|1700147244\n|move|p2a: Dragapult|Tera Blast|p1a: Zamazenta|[anim] Tera Blast Ghost\n|-damage|p1a: Zamazenta|0 fnt\n|faint|p1a: Zamazenta\n|\n|upkeep\n|\n|t:|1700147246\n|switch|p1a: Great Tusk|Great Tusk|100\/100\n|turn|21\n|\n|t:|1700147256\n|move|p2a: Dragapult|Tera Blast|p1a: Great Tusk|[anim] Tera Blast Ghost\n|-damage|p1a: Great Tusk|63\/100\n|move|p1a: Great Tusk|Headlong Rush|p2a: Dragapult\n|-damage|p2a: Dragapult|0 fnt\n|-unboost|p1a: Great Tusk|def|1\n|-unboost|p1a: Great Tusk|spd|1\n|faint|p2a: Dragapult\n|\n|-heal|p1a: Great Tusk|69\/100|[from] item: Leftovers\n|upkeep\n|\n|t:|1700147263\n|switch|p2a: Ogerpon|Ogerpon-Wellspring, F|100\/100\n|turn|22\n|\n|t:|1700147271\n|move|p2a: Ogerpon|Ivy Cudgel|p1a: Great Tusk|[anim] Ivy Cudgel Water\n|-supereffective|p1a: Great Tusk\n|-damage|p1a: Great Tusk|0 fnt\n|faint|p1a: Great Tusk\n|-end|p1a: Great Tusk|Protosynthesis|[silent]\n|\n|win|Luxcalum\n|raw|ss_wobblewok's rating: 1332 &rarr; <strong>1311<\/strong><br \/>(-21 for losing)\n|raw|Luxcalum's rating: 1317 &rarr; <strong>1338<\/strong><br \/>(+21 for winning)\n|c|\u2606ss_wobblewok|You suck\n|c|\u2606ss_wobblewok|Qlot\n|l|\u2606ss_wobblewok\n|c|\u2606Luxcalum|Why?\n|j|\u2606ss_wobblewok\n|player|p1|ss_wobblewok|parasollady\n","uploadtime":1700147290,"views":9,"p1id":"sswobblewok","p2id":"luxcalum","formatid":"gen9ou","rating":1311,"private":0,"password":""}