{"id":"gen9ou-1997268569","p1":"C4REAL","p2":"byanar","format":"[Gen 9] OU","log":"|j|\u2606C4REAL\n|j|\u2606byanar\n|t:|1700782601\n|gametype|singles\n|player|p1|C4REAL|266|1294\n|player|p2|byanar|rosa|1364\n|teamsize|p1|6\n|teamsize|p2|6\n|gen|9\n|tier|[Gen 9] OU\n|rated|\n|rule|Sleep Clause Mod: Limit one foe put to sleep\n|rule|Species Clause: Limit one of each Pok\u00e9mon\n|rule|OHKO Clause: OHKO moves are banned\n|rule|Evasion Items Clause: Evasion items are banned\n|rule|Evasion Moves Clause: Evasion moves are banned\n|rule|Endless Battle Clause: Forcing endless battles is banned\n|rule|HP Percentage Mod: HP is shown in percentages\n|clearpoke\n|poke|p1|Torkoal, M|\n|poke|p1|Great Tusk|\n|poke|p1|Walking Wake|\n|poke|p1|Iron Moth|\n|poke|p1|Slither Wing|\n|poke|p1|Dragapult, M|\n|poke|p2|Kingambit, M|\n|poke|p2|Iron Valiant|\n|poke|p2|Dragapult, F|\n|poke|p2|Samurott-Hisui, F|\n|poke|p2|Enamorus, F|\n|poke|p2|Heatran, F|\n|teampreview\n|inactive|Battle timer is ON: inactive players will automatically lose when time's up. (requested by byanar)\n|\n|t:|1700782624\n|start\n|switch|p1a: Torkoal|Torkoal, M|100\/100\n|switch|p2a: Samurott|Samurott-Hisui, F|100\/100\n|-weather|SunnyDay|[from] ability: Drought|[of] p1a: Torkoal\n|turn|1\n|\n|t:|1700782628\n|move|p2a: Samurott|Ceaseless Edge|p1a: Torkoal\n|-damage|p1a: Torkoal|79\/100\n|-sidestart|p1: C4REAL|Spikes\n|move|p1a: Torkoal|Stealth Rock|p2a: Samurott\n|-sidestart|p2: byanar|move: Stealth Rock\n|\n|-weather|SunnyDay|[upkeep]\n|upkeep\n|turn|2\n|\n|t:|1700782638\n|switch|p1a: Slither Wing|Slither Wing|100\/100\n|-damage|p1a: Slither Wing|88\/100|[from] Spikes\n|-activate|p1a: Slither Wing|ability: Protosynthesis\n|-start|p1a: Slither Wing|protosynthesisatk\n|move|p2a: Samurott|Flip Turn|p1a: Slither Wing\n|-damage|p1a: Slither Wing|76\/100\n|\n|t:|1700782644\n|switch|p2a: Enamorus|Enamorus, F|100\/100|[from] Flip Turn\n|\n|-weather|SunnyDay|[upkeep]\n|upkeep\n|turn|3\n|\n|t:|1700782650\n|-end|p1a: Slither Wing|Protosynthesis|[silent]\n|switch|p1a: Iron Moth|Iron Moth|100\/100\n|-damage|p1a: Iron Moth|88\/100|[from] Spikes\n|move|p2a: Enamorus|Moonblast|p1a: Iron Moth\n|-resisted|p1a: Iron Moth\n|-damage|p1a: Iron Moth|74\/100\n|\n|-weather|SunnyDay|[upkeep]\n|upkeep\n|turn|4\n|\n|t:|1700782658\n|switch|p2a: Samurott|Samurott-Hisui, F|100\/100\n|-damage|p2a: Samurott|88\/100|[from] Stealth Rock\n|-end|p1a: Iron Moth|Quark Drive|[silent]\n|switch|p1a: Walking Wake|Walking Wake|100\/100\n|-damage|p1a: Walking Wake|88\/100|[from] Spikes\n|-activate|p1a: Walking Wake|ability: Protosynthesis\n|-start|p1a: Walking Wake|protosynthesisspa\n|\n|-weather|SunnyDay|[upkeep]\n|upkeep\n|turn|5\n|\n|t:|1700782667\n|move|p1a: Walking Wake|Hydro Steam|p2a: Samurott\n|-resisted|p2a: Samurott\n|-damage|p2a: Samurott|49\/100\n|move|p2a: Samurott|Ceaseless Edge|p1a: Walking Wake\n|-damage|p1a: Walking Wake|51\/100\n|-sidestart|p1: C4REAL|Spikes\n|\n|-weather|SunnyDay|[upkeep]\n|upkeep\n|turn|6\n|\n|t:|1700782679\n|move|p1a: Walking Wake|Hydro Steam|p2a: Samurott\n|-resisted|p2a: Samurott\n|-damage|p2a: Samurott|12\/100\n|move|p2a: Samurott|Ceaseless Edge|p1a: Walking Wake\n|-damage|p1a: Walking Wake|13\/100\n|-sidestart|p1: C4REAL|Spikes\n|\n|-weather|SunnyDay|[upkeep]\n|upkeep\n|turn|7\n|\n|t:|1700782683\n|move|p2a: Samurott|Sucker Punch|p1a: Walking Wake\n|-damage|p1a: Walking Wake|0 fnt\n|faint|p1a: Walking Wake\n|-end|p1a: Walking Wake|Protosynthesis|[silent]\n|\n|-weather|SunnyDay|[upkeep]\n|upkeep\n|\n|t:|1700782690\n|switch|p1a: Torkoal|Torkoal, M|79\/100\n|-damage|p1a: Torkoal|54\/100|[from] Spikes\n|turn|8\n|\n|t:|1700782693\n|move|p2a: Samurott|Flip Turn|p1a: Torkoal\n|-supereffective|p1a: Torkoal\n|-damage|p1a: Torkoal|40\/100\n|\n|t:|1700782694\n|switch|p2a: Dragapult|Dragapult, F|100\/100|[from] Flip Turn\n|-damage|p2a: Dragapult|88\/100|[from] Stealth Rock\n|move|p1a: Torkoal|Rapid Spin|p2a: Dragapult\n|-immune|p2a: Dragapult\n|\n|-weather|none\n|upkeep\n|turn|9\n|-message|C4REAL forfeited.\n|\n|win|byanar\n|raw|C4REAL's rating: 1294 &rarr; <strong>1274<\/strong><br \/>(-20 for losing)\n|raw|byanar's rating: 1364 &rarr; <strong>1380<\/strong><br \/>(+16 for winning)\n|l|\u2606C4REAL\n","uploadtime":1700782710,"views":9,"p1id":"c4real","p2id":"byanar","formatid":"gen9ou","rating":1274,"private":0,"password":""}