{"id":"gen9ou-1992636850","p1":"The_Don999","p2":"noell07","format":"[Gen 9] OU","log":"|j|\u2606The_Don999\n|j|\u2606noell07\n|t:|1700218447\n|gametype|singles\n|player|p1|The_Don999|drayden|1000\n|player|p2|noell07|102|1000\n|teamsize|p1|6\n|teamsize|p2|6\n|gen|9\n|tier|[Gen 9] OU\n|rated|\n|rule|Sleep Clause Mod: Limit one foe put to sleep\n|rule|Species Clause: Limit one of each Pok\u00e9mon\n|rule|OHKO Clause: OHKO moves are banned\n|rule|Evasion Items Clause: Evasion items are banned\n|rule|Evasion Moves Clause: Evasion moves are banned\n|rule|Endless Battle Clause: Forcing endless battles is banned\n|rule|HP Percentage Mod: HP is shown in percentages\n|clearpoke\n|poke|p1|Ceruledge, F|\n|poke|p1|Ninetales-Alola, M|\n|poke|p1|Samurott-Hisui, F|\n|poke|p1|Dragonite, F|\n|poke|p1|Corviknight, F|\n|poke|p1|Gholdengo|\n|poke|p2|Pelipper, F|\n|poke|p2|Corviknight, M|\n|poke|p2|Ogerpon-Wellspring, F|\n|poke|p2|Slowking-Galar, M|\n|poke|p2|Zapdos|\n|poke|p2|Samurott-Hisui, F|\n|teampreview\n|inactive|Battle timer is ON: inactive players will automatically lose when time's up. (requested by noell07)\n|\n|t:|1700218460\n|start\n|switch|p1a: Aurora|Ninetales-Alola, M|100\/100\n|switch|p2a: Pelipper|Pelipper, F|100\/100\n|-weather|Snow|[from] ability: Snow Warning|[of] p1a: Aurora\n|-weather|RainDance|[from] ability: Drizzle|[of] p2a: Pelipper\n|turn|1\n|\n|t:|1700218482\n|switch|p1a: Denero|Gholdengo|100\/100\n|move|p2a: Pelipper|U-turn|p1a: Denero\n|-resisted|p1a: Denero\n|-damage|p1a: Denero|98\/100\n|\n|t:|1700218489\n|switch|p2a: Samurott|Samurott-Hisui, F|100\/100|[from] U-turn\n|\n|-weather|RainDance|[upkeep]\n|upkeep\n|turn|2\n|\n|t:|1700218497\n|move|p2a: Samurott|Ceaseless Edge|p1a: Denero\n|-supereffective|p1a: Denero\n|-damage|p1a: Denero|0 fnt\n|-sidestart|p1: The_Don999|Spikes\n|faint|p1a: Denero\n|-damage|p2a: Samurott|91\/100|[from] item: Life Orb\n|\n|-weather|RainDance|[upkeep]\n|upkeep\n|\n|t:|1700218513\n|switch|p1a: Aurora|Ninetales-Alola, M|100\/100\n|-damage|p1a: Aurora|88\/100|[from] Spikes\n|-weather|Snow|[from] ability: Snow Warning|[of] p1a: Aurora\n|turn|3\n|\n|t:|1700218522\n|move|p2a: Samurott|Flip Turn|p1a: Aurora\n|-damage|p1a: Aurora|65\/100\n|-damage|p2a: Samurott|81\/100|[from] item: Life Orb\n|\n|t:|1700218530\n|switch|p2a: Zapdos|Zapdos|100\/100|[from] Flip Turn\n|-ability|p2a: Zapdos|Pressure\n|move|p1a: Aurora|Aurora Veil|p1a: Aurora\n|-sidestart|p1: The_Don999|move: Aurora Veil\n|\n|-weather|Snow|[upkeep]\n|upkeep\n|turn|4\n|\n|t:|1700218544\n|move|p2a: Zapdos|Tailwind|p2a: Zapdos\n|-sidestart|p2: noell07|move: Tailwind\n|move|p1a: Aurora|Ice Beam|p2a: Zapdos\n|-supereffective|p2a: Zapdos\n|-damage|p2a: Zapdos|26\/100\n|\n|-weather|Snow|[upkeep]\n|-heal|p2a: Zapdos|32\/100|[from] item: Leftovers\n|upkeep\n|turn|5\n|\n|t:|1700218557\n|switch|p2a: Pelipper|Pelipper, F|100\/100\n|-weather|RainDance|[from] ability: Drizzle|[of] p2a: Pelipper\n|move|p1a: Aurora|Ice Beam|p2a: Pelipper\n|-damage|p2a: Pelipper|66\/100\n|\n|-weather|RainDance|[upkeep]\n|upkeep\n|turn|6\n|\n|t:|1700218577\n|switch|p1a: Barney|Dragonite, F|100\/100\n|move|p2a: Pelipper|Hurricane|p1a: Barney\n|-damage|p1a: Barney|91\/100\n|\n|-weather|RainDance|[upkeep]\n|-heal|p1a: Barney|97\/100|[from] item: Leftovers\n|upkeep\n|turn|7\n|\n|t:|1700218589\n|move|p2a: Pelipper|U-turn|p1a: Barney\n|-resisted|p1a: Barney\n|-damage|p1a: Barney|95\/100\n|\n|t:|1700218595\n|switch|p2a: Slowking|Slowking-Galar, M|100\/100|[from] U-turn\n|move|p1a: Barney|Dragon Dance|p1a: Barney\n|-boost|p1a: Barney|atk|1\n|-boost|p1a: Barney|spe|1\n|\n|-weather|RainDance|[upkeep]\n|-heal|p1a: Barney|100\/100|[from] item: Leftovers\n|-sideend|p2: noell07|move: Tailwind\n|-sideend|p1: The_Don999|move: Aurora Veil\n|upkeep\n|turn|8\n|inactive|The_Don999 has 120 seconds left.\n|\n|t:|1700218622\n|move|p1a: Barney|Dragon Pulse|p2a: Slowking\n|-damage|p2a: Slowking|77\/100\n|-enditem|p2a: Slowking|Eject Button\n|\n|t:|1700218633\n|switch|p2a: Samurott|Samurott-Hisui, F|81\/100\n|\n|-weather|RainDance|[upkeep]\n|upkeep\n|turn|9\n|inactive|The_Don999 has 120 seconds left.\n|\n|t:|1700218651\n|switch|p1a: Aurora|Ninetales-Alola, M|65\/100\n|-damage|p1a: Aurora|53\/100|[from] Spikes\n|-weather|Snow|[from] ability: Snow Warning|[of] p1a: Aurora\n|move|p2a: Samurott|Ceaseless Edge|p1a: Aurora\n|-resisted|p1a: Aurora\n|-damage|p1a: Aurora|35\/100\n|-sidestart|p1: The_Don999|Spikes\n|-damage|p2a: Samurott|71\/100|[from] item: Life Orb\n|\n|-weather|Snow|[upkeep]\n|upkeep\n|turn|10\n|inactive|The_Don999 has 120 seconds left.\n|\n|t:|1700218689\n|switch|p1a: Musashi|Samurott-Hisui, F|100\/100\n|-damage|p1a: Musashi|84\/100|[from] Spikes\n|move|p2a: Samurott|Flip Turn|p1a: Musashi\n|-resisted|p1a: Musashi\n|-damage|p1a: Musashi|62\/100\n|-damage|p2a: Samurott|61\/100|[from] item: Life Orb\n|\n|t:|1700218702\n|switch|p2a: Pelipper|Pelipper, F|66\/100|[from] Flip Turn\n|-weather|RainDance|[from] ability: Drizzle|[of] p2a: Pelipper\n|\n|-weather|RainDance|[upkeep]\n|upkeep\n|turn|11\n|\n|t:|1700218717\n|move|p1a: Musashi|Ceaseless Edge|p2a: Pelipper\n|-crit|p2a: Pelipper\n|-damage|p2a: Pelipper|11\/100\n|-sidestart|p2: noell07|Spikes\n|move|p2a: Pelipper|Hurricane|p1a: Musashi\n|-damage|p1a: Musashi|6\/100\n|\n|-weather|RainDance|[upkeep]\n|upkeep\n|turn|12\n|\n|t:|1700218729\n|switch|p2a: Corviknight|Corviknight, M|100\/100\n|-ability|p2a: Corviknight|Pressure\n|move|p1a: Musashi|Ceaseless Edge|p2a: Corviknight\n|-damage|p2a: Corviknight|76\/100\n|-sidestart|p2: noell07|Spikes\n|\n|-weather|RainDance|[upkeep]\n|upkeep\n|turn|13\n|\n|t:|1700218745\n|move|p1a: Musashi|Aqua Cutter|p2a: Corviknight\n|-crit|p2a: Corviknight\n|-damage|p2a: Corviknight|9\/100\n|move|p2a: Corviknight|U-turn|p1a: Musashi\n|-supereffective|p1a: Musashi\n|-damage|p1a: Musashi|0 fnt\n|faint|p1a: Musashi\n|\n|t:|1700218747\n|switch|p2a: Samurott|Samurott-Hisui, F|61\/100|[from] U-turn\n|-damage|p2a: Samurott|44\/100|[from] Spikes\n|\n|-weather|RainDance|[upkeep]\n|upkeep\n|inactive|The_Don999 has 90 seconds left.\n|\n|t:|1700218768\n|switch|p1a: Karusuman|Corviknight, F|100\/100\n|turn|14\n|inactive|The_Don999 has 90 seconds left.\n|\n|t:|1700218775\n|move|p2a: Samurott|Razor Shell|p1a: Karusuman\n|-damage|p1a: Karusuman|15\/100\n|-ability|p1a: Karusuman|Mirror Armor\n|-unboost|p2a: Samurott|def|1\n|-damage|p2a: Samurott|34\/100|[from] item: Life Orb\n|move|p1a: Karusuman|Reflect|p1a: Karusuman\n|-sidestart|p1: The_Don999|Reflect\n|\n|-weather|RainDance|[upkeep]\n|-heal|p1a: Karusuman|21\/100|[from] item: Leftovers\n|upkeep\n|turn|15\n|inactive|The_Don999 has 90 seconds left.\n|\n|t:|1700218797\n|switch|p1a: Barney|Dragonite, F|100\/100\n|move|p2a: Samurott|Flip Turn|p1a: Barney\n|-resisted|p1a: Barney\n|-damage|p1a: Barney|92\/100\n|-damage|p2a: Samurott|24\/100|[from] item: Life Orb\n|\n|t:|1700218806\n|switch|p2a: Slowking|Slowking-Galar, M|100\/100|[from] Flip Turn\n|-damage|p2a: Slowking|84\/100|[from] Spikes\n|\n|-weather|RainDance|[upkeep]\n|-heal|p1a: Barney|98\/100|[from] item: Leftovers\n|upkeep\n|turn|16\n|inactive|The_Don999 has 90 seconds left.\n|\n|t:|1700218819\n|move|p1a: Barney|Air Slash|p2a: Slowking\n|-damage|p2a: Slowking|61\/100\n|move|p2a: Slowking|Future Sight|p1a: Barney\n|-start|p2a: Slowking|move: Future Sight\n|\n|-weather|RainDance|[upkeep]\n|-heal|p1a: Barney|100\/100|[from] item: Leftovers\n|upkeep\n|turn|17\n|inactive|The_Don999 has 90 seconds left.\n|\n|t:|1700218831\n|move|p1a: Barney|Air Slash|p2a: Slowking\n|-damage|p2a: Slowking|41\/100\n|move|p2a: Slowking|Slack Off|p2a: Slowking\n|-heal|p2a: Slowking|91\/100\n|\n|-weather|none\n|upkeep\n|turn|18\n|inactive|The_Don999 has 90 seconds left.\n|\n|t:|1700218842\n|move|p1a: Barney|Air Slash|p2a: Slowking\n|-damage|p2a: Slowking|71\/100\n|move|p2a: Slowking|Ice Beam|p1a: Barney\n|-supereffective|p1a: Barney\n|-damage|p1a: Barney|48\/100\n|\n|-end|p1a: Barney|move: Future Sight\n|-damage|p1a: Barney|0 fnt\n|faint|p1a: Barney\n|-sideend|p1: The_Don999|Reflect\n|upkeep\n|\n|t:|1700218857\n|switch|p1a: Zero|Ceruledge, F|100\/100\n|-damage|p1a: Zero|84\/100|[from] Spikes\n|turn|19\n|\n|t:|1700218866\n|switch|p2a: Ogerpon|Ogerpon-Wellspring, F|100\/100\n|-damage|p2a: Ogerpon|84\/100|[from] Spikes\n|move|p1a: Zero|Bitter Blade|p2a: Ogerpon\n|-damage|p2a: Ogerpon|26\/100\n|-heal|p1a: Zero|100\/100|[from] drain|[of] p2a: Ogerpon\n|\n|upkeep\n|turn|20\n|\n|t:|1700218876\n|move|p2a: Ogerpon|Ivy Cudgel|p1a: Zero|[anim] Ivy Cudgel Water\n|-supereffective|p1a: Zero\n|-damage|p1a: Zero|0 fnt\n|faint|p1a: Zero\n|\n|upkeep\n|\n|t:|1700218883\n|switch|p1a: Aurora|Ninetales-Alola, M|35\/100\n|-damage|p1a: Aurora|18\/100|[from] Spikes\n|-weather|Snow|[from] ability: Snow Warning|[of] p1a: Aurora\n|turn|21\n|\n|t:|1700218892\n|move|p2a: Ogerpon|Horn Leech|p1a: Aurora\n|-damage|p1a: Aurora|0 fnt\n|-heal|p2a: Ogerpon|34\/100|[from] drain|[of] p1a: Aurora\n|faint|p1a: Aurora\n|\n|-weather|Snow|[upkeep]\n|upkeep\n|\n|t:|1700218903\n|switch|p1a: Karusuman|Corviknight, F|21\/100\n|turn|22\n|\n|t:|1700218913\n|move|p2a: Ogerpon|Ivy Cudgel|p1a: Karusuman|[anim] Ivy Cudgel Water\n|-damage|p1a: Karusuman|0 fnt\n|faint|p1a: Karusuman\n|\n|win|noell07\n|raw|The_Don999's rating: 1000 &rarr; <strong>1000<\/strong><br \/>(+0 for losing)\n|raw|noell07's rating: 1000 &rarr; <strong>1040<\/strong><br \/>(+40 for winning)\n|l|\u2606The_Don999\n","uploadtime":1700218925,"views":8,"p1id":"thedon999","p2id":"noell07","formatid":"gen9ou","rating":1000,"private":0,"password":""}