{"id":"gen9ou-1991415135","p1":"saijin_0","p2":"KOTONOHOUSE","format":"[Gen 9] OU","log":"|j|\u2606saijin_0\n|j|\u2606KOTONOHOUSE\n|t:|1700075174\n|gametype|singles\n|player|p1|saijin_0|102|1426\n|player|p2|KOTONOHOUSE|unknown|1521\n|teamsize|p1|6\n|teamsize|p2|6\n|gen|9\n|tier|[Gen 9] OU\n|rated|\n|rule|Sleep Clause Mod: Limit one foe put to sleep\n|rule|Species Clause: Limit one of each Pok\u00e9mon\n|rule|OHKO Clause: OHKO moves are banned\n|rule|Evasion Items Clause: Evasion items are banned\n|rule|Evasion Moves Clause: Evasion moves are banned\n|rule|Endless Battle Clause: Forcing endless battles is banned\n|rule|HP Percentage Mod: HP is shown in percentages\n|clearpoke\n|poke|p1|Politoed, M|\n|poke|p1|Greninja-*, M|\n|poke|p1|Landorus-Therian, M|\n|poke|p1|Rillaboom, F|\n|poke|p1|Basculegion, M|\n|poke|p1|Iron Jugulis|\n|poke|p2|Great Tusk|\n|poke|p2|Kingambit, F|\n|poke|p2|Ogerpon-Wellspring, F|\n|poke|p2|Heatran, M|\n|poke|p2|Iron Valiant|\n|poke|p2|Scizor, M|\n|teampreview\n|\n|t:|1700075188\n|start\n|switch|p1a: Landorus|Landorus-Therian, M|100\/100\n|switch|p2a: Ogerpon|Ogerpon-Wellspring, F|100\/100\n|-ability|p1a: Landorus|Intimidate|boost\n|-unboost|p2a: Ogerpon|atk|1\n|turn|1\n|inactive|Battle timer is ON: inactive players will automatically lose when time's up. (requested by KOTONOHOUSE)\n|\n|t:|1700075212\n|switch|p1a: Greninja|Greninja, M|100\/100\n|move|p2a: Ogerpon|Ivy Cudgel|p1a: Greninja|[anim] Ivy Cudgel Water\n|-resisted|p1a: Greninja\n|-damage|p1a: Greninja|70\/100\n|\n|upkeep\n|turn|2\n|\n|t:|1700075222\n|move|p1a: Greninja|Gunk Shot|p2a: Ogerpon\n|-supereffective|p2a: Ogerpon\n|-damage|p2a: Ogerpon|5\/100\n|-damage|p1a: Greninja|60\/100|[from] item: Life Orb\n|move|p2a: Ogerpon|Horn Leech|p1a: Greninja\n|-supereffective|p1a: Greninja\n|-damage|p1a: Greninja|0 fnt\n|-heal|p2a: Ogerpon|34\/100|[from] drain|[of] p1a: Greninja\n|faint|p1a: Greninja\n|\n|upkeep\n|\n|t:|1700075241\n|switch|p1a: Rillaboom|Rillaboom, F|100\/100\n|-fieldstart|move: Grassy Terrain|[from] ability: Grassy Surge|[of] p1a: Rillaboom\n|turn|3\n|\n|t:|1700075246\n|move|p1a: Rillaboom|Grassy Glide|p2a: Ogerpon\n|-damage|p2a: Ogerpon|0 fnt\n|faint|p2a: Ogerpon\n|\n|upkeep\n|\n|t:|1700075253\n|switch|p2a: Heatran|Heatran, M|100\/100\n|turn|4\n|\n|t:|1700075266\n|switch|p1a: Politoed|Politoed, M|100\/100\n|-weather|RainDance|[from] ability: Drizzle|[of] p1a: Politoed\n|move|p2a: Heatran|Magma Storm|p1a: Politoed\n|-resisted|p1a: Politoed\n|-damage|p1a: Politoed|93\/100\n|-activate|p1a: Politoed|move: Magma Storm|[of] p2a: Heatran\n|\n|-weather|RainDance|[upkeep]\n|-heal|p1a: Politoed|99\/100|[from] Grassy Terrain\n|-damage|p1a: Politoed|87\/100|[from] move: Magma Storm|[partiallytrapped]\n|upkeep\n|turn|5\n|\n|t:|1700075281\n|-terastallize|p2a: Heatran|Grass\n|move|p2a: Heatran|Stealth Rock|p1a: Politoed\n|-sidestart|p1: saijin_0|move: Stealth Rock\n|move|p1a: Politoed|Surf|p2a: Heatran\n|-resisted|p2a: Heatran\n|-damage|p2a: Heatran|87\/100\n|\n|-weather|RainDance|[upkeep]\n|-heal|p2a: Heatran|94\/100|[from] Grassy Terrain\n|-heal|p1a: Politoed|93\/100|[from] Grassy Terrain\n|-heal|p2a: Heatran|99\/100|[from] item: Leftovers\n|-damage|p1a: Politoed|81\/100|[from] move: Magma Storm|[partiallytrapped]\n|upkeep\n|turn|6\n|\n|t:|1700075296\n|move|p2a: Heatran|Earth Power|p1a: Politoed\n|-damage|p1a: Politoed|63\/100\n|move|p1a: Politoed|Hypnosis|p2a: Heatran|[miss]\n|-miss|p1a: Politoed|p2a: Heatran\n|\n|-weather|RainDance|[upkeep]\n|-heal|p1a: Politoed|69\/100|[from] Grassy Terrain\n|-heal|p2a: Heatran|100\/100|[from] Grassy Terrain\n|-damage|p1a: Politoed|56\/100|[from] move: Magma Storm|[partiallytrapped]\n|upkeep\n|turn|7\n|\n|t:|1700075310\n|move|p1a: Politoed|Hypnosis|p2a: Heatran\n|-status|p2a: Heatran|slp|[from] move: Hypnosis\n|cant|p2a: Heatran|slp\n|\n|-weather|RainDance|[upkeep]\n|-heal|p1a: Politoed|63\/100|[from] Grassy Terrain\n|-damage|p1a: Politoed|50\/100|[from] move: Magma Storm|[partiallytrapped]\n|-fieldend|move: Grassy Terrain\n|upkeep\n|turn|8\n|\n|t:|1700075331\n|-curestatus|p2a: Heatran|slp|[msg]\n|move|p2a: Heatran|Magma Storm|p1a: Politoed\n|-resisted|p1a: Politoed\n|-damage|p1a: Politoed|43\/100\n|move|p1a: Politoed|Haze|p1a: Politoed\n|-clearallboost\n|\n|-weather|RainDance|[upkeep]\n|-damage|p1a: Politoed|30\/100|[from] move: Magma Storm|[partiallytrapped]\n|upkeep\n|turn|9\n|\n|t:|1700075342\n|move|p1a: Politoed|Hypnosis|p2a: Heatran\n|-status|p2a: Heatran|slp|[from] move: Hypnosis\n|cant|p2a: Heatran|slp\n|\n|-weather|RainDance|[upkeep]\n|-end|p1a: Politoed|Magma Storm|[partiallytrapped]\n|upkeep\n|turn|10\n|\n|t:|1700075356\n|switch|p1a: Landorus|Landorus-Therian, M|100\/100\n|-damage|p1a: Landorus|88\/100|[from] Stealth Rock\n|-ability|p1a: Landorus|Intimidate|boost\n|-unboost|p2a: Heatran|atk|1\n|cant|p2a: Heatran|slp\n|\n|-weather|RainDance|[upkeep]\n|upkeep\n|turn|11\n|\n|t:|1700075366\n|move|p1a: Landorus|U-turn|p2a: Heatran\n|-supereffective|p2a: Heatran\n|-damage|p2a: Heatran|68\/100 slp\n|\n|t:|1700075373\n|switch|p1a: Iron Jugulis|Iron Jugulis|100\/100|[from] U-turn\n|-damage|p1a: Iron Jugulis|76\/100|[from] Stealth Rock\n|-enditem|p1a: Iron Jugulis|Booster Energy\n|-activate|p1a: Iron Jugulis|ability: Quark Drive|[fromitem]\n|-start|p1a: Iron Jugulis|quarkdrivespe\n|-curestatus|p2a: Heatran|slp|[msg]\n|move|p2a: Heatran|Magma Storm|p1a: Iron Jugulis\n|-damage|p1a: Iron Jugulis|48\/100\n|-activate|p1a: Iron Jugulis|move: Magma Storm|[of] p2a: Heatran\n|\n|-weather|none\n|-heal|p2a: Heatran|74\/100|[from] item: Leftovers\n|-damage|p1a: Iron Jugulis|36\/100|[from] move: Magma Storm|[partiallytrapped]\n|upkeep\n|turn|12\n|\n|t:|1700075388\n|move|p2a: Heatran|Protect|p2a: Heatran\n|-singleturn|p2a: Heatran|Protect\n|move|p1a: Iron Jugulis|Hurricane|p2a: Heatran\n|-activate|p2a: Heatran|move: Protect\n|\n|-heal|p2a: Heatran|80\/100|[from] item: Leftovers\n|-damage|p1a: Iron Jugulis|23\/100|[from] move: Magma Storm|[partiallytrapped]\n|upkeep\n|turn|13\n|\n|t:|1700075398\n|move|p1a: Iron Jugulis|Hurricane|p2a: Heatran\n|-supereffective|p2a: Heatran\n|-damage|p2a: Heatran|11\/100\n|move|p2a: Heatran|Magma Storm|p1a: Iron Jugulis|[miss]\n|-miss|p2a: Heatran|p1a: Iron Jugulis\n|\n|-heal|p2a: Heatran|18\/100|[from] item: Leftovers\n|-damage|p1a: Iron Jugulis|11\/100|[from] move: Magma Storm|[partiallytrapped]\n|upkeep\n|turn|14\n|\n|t:|1700075408\n|move|p2a: Heatran|Protect|p2a: Heatran\n|-singleturn|p2a: Heatran|Protect\n|move|p1a: Iron Jugulis|Knock Off|p2a: Heatran\n|-activate|p2a: Heatran|move: Protect\n|\n|-heal|p2a: Heatran|24\/100|[from] item: Leftovers\n|-damage|p1a: Iron Jugulis|0 fnt|[from] move: Magma Storm|[partiallytrapped]\n|faint|p1a: Iron Jugulis\n|-end|p1a: Iron Jugulis|Quark Drive|[silent]\n|upkeep\n|\n|t:|1700075428\n|switch|p1a: Landorus|Landorus-Therian, M|88\/100\n|-damage|p1a: Landorus|76\/100|[from] Stealth Rock\n|-ability|p1a: Landorus|Intimidate|boost\n|-unboost|p2a: Heatran|atk|1\n|turn|15\n|\n|t:|1700075442\n|switch|p2a: Great Tusk|Great Tusk|100\/100\n|-enditem|p2a: Great Tusk|Booster Energy\n|-activate|p2a: Great Tusk|ability: Protosynthesis|[fromitem]\n|-start|p2a: Great Tusk|protosynthesisspe\n|move|p1a: Landorus|U-turn|p2a: Great Tusk\n|-resisted|p2a: Great Tusk\n|-damage|p2a: Great Tusk|94\/100\n|\n|t:|1700075454\n|switch|p1a: Politoed|Politoed, M|30\/100|[from] U-turn\n|-damage|p1a: Politoed|18\/100|[from] Stealth Rock\n|-weather|RainDance|[from] ability: Drizzle|[of] p1a: Politoed\n|\n|-weather|RainDance|[upkeep]\n|upkeep\n|turn|16\n|\n|t:|1700075463\n|move|p2a: Great Tusk|Knock Off|p1a: Politoed\n|-damage|p1a: Politoed|0 fnt\n|-enditem|p1a: Politoed|Damp Rock|[from] move: Knock Off|[of] p2a: Great Tusk\n|faint|p1a: Politoed\n|\n|-weather|RainDance|[upkeep]\n|upkeep\n|\n|t:|1700075467\n|switch|p1a: Basculegion|Basculegion, M|100\/100\n|-damage|p1a: Basculegion|88\/100|[from] Stealth Rock\n|turn|17\n|\n|t:|1700075474\n|move|p1a: Basculegion|Wave Crash|p2a: Great Tusk\n|-supereffective|p2a: Great Tusk\n|-damage|p2a: Great Tusk|0 fnt\n|faint|p2a: Great Tusk\n|-end|p2a: Great Tusk|Protosynthesis|[silent]\n|-damage|p1a: Basculegion|53\/100|[from] Recoil\n|\n|-weather|RainDance|[upkeep]\n|upkeep\n|\n|t:|1700075487\n|switch|p2a: Kingambit|Kingambit, F|100\/100\n|-activate|p2a: Kingambit|ability: Supreme Overlord\n|-start|p2a: Kingambit|fallen2|[silent]\n|turn|18\n|\n|t:|1700075499\n|switch|p1a: Landorus|Landorus-Therian, M|76\/100\n|-damage|p1a: Landorus|64\/100|[from] Stealth Rock\n|-ability|p1a: Landorus|Intimidate|boost\n|-unboost|p2a: Kingambit|atk|1\n|move|p2a: Kingambit|Sucker Punch||[still]\n|-fail|p2a: Kingambit\n|\n|-weather|RainDance|[upkeep]\n|upkeep\n|turn|19\n|\n|t:|1700075513\n|move|p1a: Landorus|Sandsear Storm|p2a: Kingambit\n|-supereffective|p2a: Kingambit\n|-damage|p2a: Kingambit|35\/100\n|move|p2a: Kingambit|Swords Dance|p2a: Kingambit\n|-boost|p2a: Kingambit|atk|2\n|\n|-weather|RainDance|[upkeep]\n|-heal|p2a: Kingambit|41\/100|[from] item: Leftovers\n|upkeep\n|turn|20\n|\n|t:|1700075522\n|move|p2a: Kingambit|Sucker Punch||[still]\n|-fail|p2a: Kingambit\n|move|p1a: Landorus|Stealth Rock|p2a: Kingambit\n|-sidestart|p2: KOTONOHOUSE|move: Stealth Rock\n|\n|-weather|RainDance|[upkeep]\n|-heal|p2a: Kingambit|47\/100|[from] item: Leftovers\n|upkeep\n|turn|21\n|\n|t:|1700075533\n|move|p2a: Kingambit|Sucker Punch|p1a: Landorus\n|-damage|p1a: Landorus|16\/100\n|-enditem|p1a: Landorus|Eject Button\n|\n|t:|1700075549\n|switch|p1a: Rillaboom|Rillaboom, F|100\/100\n|-damage|p1a: Rillaboom|88\/100|[from] Stealth Rock\n|-fieldstart|move: Grassy Terrain|[from] ability: Grassy Surge|[of] p1a: Rillaboom\n|\n|-weather|RainDance|[upkeep]\n|-heal|p1a: Rillaboom|94\/100|[from] Grassy Terrain\n|-heal|p2a: Kingambit|53\/100|[from] Grassy Terrain\n|-heal|p2a: Kingambit|59\/100|[from] item: Leftovers\n|upkeep\n|turn|22\n|\n|t:|1700075561\n|-terastallize|p1a: Rillaboom|Grass\n|move|p2a: Kingambit|Sucker Punch|p1a: Rillaboom\n|-damage|p1a: Rillaboom|25\/100\n|move|p1a: Rillaboom|Wood Hammer|p2a: Kingambit\n|-resisted|p2a: Kingambit\n|-damage|p2a: Kingambit|0 fnt\n|faint|p2a: Kingambit\n|-end|p2a: Kingambit|fallen2|[silent]\n|-damage|p1a: Rillaboom|5\/100|[from] Recoil\n|\n|-weather|none\n|-heal|p1a: Rillaboom|11\/100|[from] Grassy Terrain\n|upkeep\n|\n|t:|1700075578\n|switch|p2a: Scizor|Scizor, M|100\/100\n|-damage|p2a: Scizor|88\/100|[from] Stealth Rock\n|turn|23\n|\n|t:|1700075583\n|move|p2a: Scizor|Bullet Punch|p1a: Rillaboom\n|-damage|p1a: Rillaboom|0 fnt\n|faint|p1a: Rillaboom\n|-damage|p2a: Scizor|78\/100|[from] item: Life Orb\n|\n|-heal|p2a: Scizor|84\/100|[from] Grassy Terrain\n|upkeep\n|\n|t:|1700075611\n|switch|p1a: Basculegion|Basculegion, M|53\/100\n|-damage|p1a: Basculegion|41\/100|[from] Stealth Rock\n|turn|24\n|\n|t:|1700075636\n|move|p2a: Scizor|Bullet Punch|p1a: Basculegion\n|-resisted|p1a: Basculegion\n|-damage|p1a: Basculegion|11\/100\n|-damage|p2a: Scizor|75\/100|[from] item: Life Orb\n|move|p1a: Basculegion|Flip Turn|p2a: Scizor\n|-damage|p2a: Scizor|33\/100\n|\n|t:|1700075641\n|switch|p1a: Landorus|Landorus-Therian, M|16\/100|[from] Flip Turn\n|-damage|p1a: Landorus|4\/100|[from] Stealth Rock\n|-ability|p1a: Landorus|Intimidate|boost\n|-unboost|p2a: Scizor|atk|1\n|\n|-heal|p2a: Scizor|39\/100|[from] Grassy Terrain\n|upkeep\n|turn|25\n|\n|t:|1700075650\n|move|p2a: Scizor|Bullet Punch|p1a: Landorus\n|-damage|p1a: Landorus|0 fnt\n|faint|p1a: Landorus\n|-damage|p2a: Scizor|29\/100|[from] item: Life Orb\n|\n|-heal|p2a: Scizor|35\/100|[from] Grassy Terrain\n|-fieldend|move: Grassy Terrain\n|upkeep\n|\n|t:|1700075654\n|switch|p1a: Basculegion|Basculegion, M|11\/100\n|-damage|p1a: Basculegion|0 fnt|[from] Stealth Rock\n|faint|p1a: Basculegion\n|\n|win|KOTONOHOUSE\n|raw|saijin_0's rating: 1426 &rarr; <strong>1411<\/strong><br \/>(-15 for losing)\n|raw|KOTONOHOUSE's rating: 1521 &rarr; <strong>1536<\/strong><br \/>(+15 for winning)\n|l|\u2606saijin_0\n|c|\u2606KOTONOHOUSE|gg\n","uploadtime":1700075673,"views":7,"p1id":"saijin0","p2id":"kotonohouse","formatid":"gen9ou","rating":1411,"private":0,"password":""}