{"id":"gen9ou-1993814503","p1":"rftyguhiujk","p2":"Ace427","format":"[Gen 9] OU","log":"|j|\u2606rftyguhiujk\n|j|\u2606Ace427\n|t:|1700360595\n|gametype|singles\n|player|p1|rftyguhiujk|1|1000\n|player|p2|Ace427|birdkeeper-gen6|1080\n|teamsize|p1|2\n|teamsize|p2|6\n|gen|9\n|tier|[Gen 9] OU\n|rated|\n|rule|Sleep Clause Mod: Limit one foe put to sleep\n|rule|Species Clause: Limit one of each Pok\u00e9mon\n|rule|OHKO Clause: OHKO moves are banned\n|rule|Evasion Items Clause: Evasion items are banned\n|rule|Evasion Moves Clause: Evasion moves are banned\n|rule|Endless Battle Clause: Forcing endless battles is banned\n|rule|HP Percentage Mod: HP is shown in percentages\n|clearpoke\n|poke|p1|Cetitan, F|\n|poke|p1|Slowking, M|\n|poke|p2|Iron Moth|\n|poke|p2|Great Tusk|\n|poke|p2|Moltres|\n|poke|p2|Samurott-Hisui, F|\n|poke|p2|Garganacl, F|\n|poke|p2|Kingambit, F|\n|teampreview\n|\n|t:|1700360627\n|start\n|switch|p1a: Slowking|Slowking, M|100\/100\n|switch|p2a: Zeus|Great Tusk|100\/100\n|turn|1\n|\n|t:|1700360632\n|move|p2a: Zeus|Taunt|p1a: Slowking\n|-immune|p1a: Slowking|[from] ability: Oblivious\n|move|p1a: Slowking|Chilly Reception|p1a: Slowking\n|-weather|Snow\n|\n|t:|1700360639\n|switch|p1a: Cetitan|Cetitan, F|100\/100|[from] Chilly Reception\n|\n|-weather|Snow|[upkeep]\n|upkeep\n|turn|2\n|\n|t:|1700360650\n|move|p1a: Cetitan|Belly Drum|p1a: Cetitan\n|-damage|p1a: Cetitan|51\/100\n|-setboost|p1a: Cetitan|atk|6|[from] move: Belly Drum\n|move|p2a: Zeus|Knock Off|p1a: Cetitan\n|-damage|p1a: Cetitan|33\/100\n|-enditem|p1a: Cetitan|Aguav Berry|[from] move: Knock Off|[of] p2a: Zeus\n|\n|-weather|Snow|[upkeep]\n|upkeep\n|turn|3\n|\n|t:|1700360662\n|move|p1a: Cetitan|Icicle Crash|p2a: Zeus\n|-supereffective|p2a: Zeus\n|-damage|p2a: Zeus|0 fnt\n|faint|p2a: Zeus\n|-end|p2a: Zeus|Protosynthesis|[silent]\n|\n|-weather|Snow|[upkeep]\n|upkeep\n|\n|t:|1700360671\n|switch|p2a: Phoenix|Moltres|100\/100\n|turn|4\n|\n|t:|1700360709\n|-terastallize|p2a: Phoenix|Water\n|move|p1a: Cetitan|Icicle Crash|p2a: Phoenix\n|-resisted|p2a: Phoenix\n|-damage|p2a: Phoenix|10\/100\n|move|p2a: Phoenix|Flamethrower|p1a: Cetitan\n|-supereffective|p1a: Cetitan\n|-damage|p1a: Cetitan|0 fnt\n|faint|p1a: Cetitan\n|\n|-weather|Snow|[upkeep]\n|upkeep\n|\n|t:|1700360717\n|switch|p1a: Slowking|Slowking, M|100\/100\n|turn|5\n|\n|t:|1700360721\n|move|p2a: Phoenix|U-turn|p1a: Slowking\n|-supereffective|p1a: Slowking\n|-crit|p1a: Slowking\n|-damage|p1a: Slowking|51\/100\n|-message|rftyguhiujk forfeited.\n|\n|win|Ace427\n|raw|rftyguhiujk's rating: 1000 &rarr; <strong>1000<\/strong><br \/>(+0 for losing)\n|raw|Ace427's rating: 1080 &rarr; <strong>1102<\/strong><br \/>(+22 for winning)\n|l|\u2606rftyguhiujk\n","uploadtime":1700360729,"views":17,"p1id":"rftyguhiujk","p2id":"ace427","formatid":"gen9ou","rating":1000,"private":0,"password":""}