{"id":"gen9ou-1992021490","p1":"FittedCrib04","p2":"manshit","format":"[Gen 9] OU","log":"|j|\u2606FittedCrib04\n|j|\u2606manshit\n|t:|1700148429\n|gametype|singles\n|player|p1|FittedCrib04|2|1157\n|player|p2|manshit|169|1226\n|teamsize|p1|6\n|teamsize|p2|6\n|gen|9\n|tier|[Gen 9] OU\n|rated|\n|rule|Sleep Clause Mod: Limit one foe put to sleep\n|rule|Species Clause: Limit one of each Pok\u00e9mon\n|rule|OHKO Clause: OHKO moves are banned\n|rule|Evasion Items Clause: Evasion items are banned\n|rule|Evasion Moves Clause: Evasion moves are banned\n|rule|Endless Battle Clause: Forcing endless battles is banned\n|rule|HP Percentage Mod: HP is shown in percentages\n|clearpoke\n|poke|p1|Froslass, F|\n|poke|p1|Mandibuzz, F|\n|poke|p1|Cresselia, F|\n|poke|p1|Dachsbun, F|\n|poke|p1|Kilowattrel, F|\n|poke|p1|Kleavor, M|\n|poke|p2|Armarouge, M|\n|poke|p2|Pincurchin, M|\n|poke|p2|Iron Leaves|\n|poke|p2|Basculegion-F, F|\n|poke|p2|Slither Wing|\n|poke|p2|Tornadus, M|\n|teampreview\n|\n|t:|1700148435\n|start\n|switch|p1a: Kleavor|Kleavor, M|100\/100\n|switch|p2a: Slither Wing|Slither Wing|100\/100\n|-enditem|p2a: Slither Wing|Booster Energy\n|-activate|p2a: Slither Wing|ability: Protosynthesis|[fromitem]\n|-start|p2a: Slither Wing|protosynthesisspe\n|turn|1\n|\n|t:|1700148441\n|move|p2a: Slither Wing|Bulk Up|p2a: Slither Wing\n|-boost|p2a: Slither Wing|atk|1\n|-boost|p2a: Slither Wing|def|1\n|move|p1a: Kleavor|Stone Axe|p2a: Slither Wing\n|-damage|p2a: Slither Wing|65\/100\n|-sidestart|p2: manshit|move: Stealth Rock\n|\n|upkeep\n|turn|2\n|\n|t:|1700148451\n|move|p2a: Slither Wing|Leech Life|p1a: Kleavor\n|-damage|p1a: Kleavor|34\/100\n|-heal|p2a: Slither Wing|96\/100|[from] drain|[of] p1a: Kleavor\n|move|p1a: Kleavor|Substitute|p1a: Kleavor\n|-start|p1a: Kleavor|Substitute\n|-damage|p1a: Kleavor|9\/100\n|\n|upkeep\n|turn|3\n|\n|t:|1700148458\n|move|p2a: Slither Wing|Bulk Up|p2a: Slither Wing\n|-boost|p2a: Slither Wing|atk|1\n|-boost|p2a: Slither Wing|def|1\n|move|p1a: Kleavor|Stone Axe|p2a: Slither Wing\n|-damage|p2a: Slither Wing|71\/100\n|\n|upkeep\n|turn|4\n|\n|t:|1700148468\n|move|p2a: Slither Wing|Leech Life|p1a: Kleavor\n|-end|p1a: Kleavor|Substitute\n|-heal|p2a: Slither Wing|82\/100|[from] drain|[of] p1a: Kleavor\n|move|p1a: Kleavor|Stone Axe|p2a: Slither Wing\n|-damage|p2a: Slither Wing|56\/100\n|\n|upkeep\n|turn|5\n|\n|t:|1700148470\n|move|p2a: Slither Wing|Leech Life|p1a: Kleavor\n|-damage|p1a: Kleavor|0 fnt\n|-heal|p2a: Slither Wing|60\/100|[from] drain|[of] p1a: Kleavor\n|faint|p1a: Kleavor\n|\n|upkeep\n|\n|t:|1700148477\n|switch|p1a: Dachsbun|Dachsbun, F|100\/100\n|turn|6\n|\n|t:|1700148485\n|-terastallize|p2a: Slither Wing|Fire\n|move|p2a: Slither Wing|Flare Blitz|p1a: Dachsbun\n|-ability|p1a: Dachsbun|Well-Baked Body|boost\n|-boost|p1a: Dachsbun|def|2\n|move|p1a: Dachsbun|Roar|p2a: Slither Wing\n|-end|p2a: Slither Wing|Protosynthesis|[silent]\n|drag|p2a: Basculegion|Basculegion-F, F, shiny|100\/100\n|-damage|p2a: Basculegion|88\/100|[from] Stealth Rock\n|\n|upkeep\n|turn|7\n|\n|t:|1700148497\n|switch|p1a: Mandibuzz|Mandibuzz, F|100\/100\n|move|p2a: Basculegion|Hydro Pump|p1a: Mandibuzz\n|-damage|p1a: Mandibuzz|14\/100\n|\n|upkeep\n|turn|8\n|\n|t:|1700148503\n|switch|p1a: Cresselia|Cresselia, F|100\/100\n|move|p2a: Basculegion|Hydro Pump|p1a: Cresselia|[miss]\n|-miss|p2a: Basculegion|p1a: Cresselia\n|\n|upkeep\n|turn|9\n|\n|t:|1700148511\n|switch|p2a: Pincurchin|Pincurchin, M|100\/100\n|-damage|p2a: Pincurchin|88\/100|[from] Stealth Rock\n|-fieldstart|move: Electric Terrain|[from] ability: Electric Surge|[of] p2a: Pincurchin\n|move|p1a: Cresselia|Thunder Wave|p2a: Pincurchin\n|-immune|p2a: Pincurchin\n|\n|upkeep\n|turn|10\n|inactive|Battle timer is ON: inactive players will automatically lose when time's up. (requested by manshit)\n|\n|t:|1700148529\n|switch|p1a: Froslass|Froslass, F|100\/100\n|move|p2a: Pincurchin|Toxic Spikes|p1a: Froslass\n|-sidestart|p1: FittedCrib04|move: Toxic Spikes\n|\n|upkeep\n|turn|11\n|\n|t:|1700148533\n|move|p1a: Froslass|Spikes|p2a: Pincurchin\n|-sidestart|p2: manshit|Spikes\n|move|p2a: Pincurchin|Toxic Spikes|p1a: Froslass\n|-sidestart|p1: FittedCrib04|move: Toxic Spikes\n|\n|upkeep\n|turn|12\n|\n|t:|1700148540\n|move|p1a: Froslass|Ice Beam|p2a: Pincurchin\n|-damage|p2a: Pincurchin|41\/100\n|move|p2a: Pincurchin|Spikes|p1a: Froslass\n|-sidestart|p1: FittedCrib04|Spikes\n|\n|upkeep\n|turn|13\n|\n|t:|1700148545\n|move|p1a: Froslass|Ice Beam|p2a: Pincurchin\n|-damage|p2a: Pincurchin|0 fnt\n|faint|p2a: Pincurchin\n|\n|upkeep\n|\n|t:|1700148548\n|switch|p2a: Iron Leaves|Iron Leaves|100\/100\n|-damage|p2a: Iron Leaves|88\/100|[from] Stealth Rock\n|-damage|p2a: Iron Leaves|76\/100|[from] Spikes\n|-activate|p2a: Iron Leaves|ability: Quark Drive\n|-start|p2a: Iron Leaves|quarkdrivespe\n|-enditem|p2a: Iron Leaves|Electric Seed\n|-boost|p2a: Iron Leaves|def|1|[from] item: Electric Seed\n|turn|14\n|\n|t:|1700148555\n|move|p2a: Iron Leaves|Psyblade|p1a: Froslass\n|-damage|p1a: Froslass|9\/100\n|move|p1a: Froslass|Ice Beam|p2a: Iron Leaves\n|-supereffective|p2a: Iron Leaves\n|-damage|p2a: Iron Leaves|17\/100\n|\n|upkeep\n|turn|15\n|\n|t:|1700148573\n|move|p2a: Iron Leaves|Trailblaze|p1a: Froslass\n|-damage|p1a: Froslass|0 fnt\n|-boost|p2a: Iron Leaves|spe|1\n|faint|p1a: Froslass\n|\n|upkeep\n|\n|t:|1700148575\n|switch|p1a: Kilowattrel|Kilowattrel, F|100\/100\n|turn|16\n|\n|t:|1700148588\n|move|p2a: Iron Leaves|Psyblade|p1a: Kilowattrel\n|-enditem|p1a: Kilowattrel|Focus Sash\n|-damage|p1a: Kilowattrel|1\/100\n|move|p1a: Kilowattrel|Air Slash|p2a: Iron Leaves\n|-supereffective|p2a: Iron Leaves\n|-damage|p2a: Iron Leaves|0 fnt\n|faint|p2a: Iron Leaves\n|-end|p2a: Iron Leaves|Quark Drive|[silent]\n|\n|-fieldend|move: Electric Terrain\n|upkeep\n|\n|t:|1700148593\n|switch|p2a: Slither Wing|Slither Wing, tera:Fire|60\/100\n|-damage|p2a: Slither Wing|35\/100|[from] Stealth Rock\n|-damage|p2a: Slither Wing|23\/100|[from] Spikes\n|turn|17\n|\n|t:|1700148610\n|switch|p1a: Dachsbun|Dachsbun, F|100\/100\n|-status|p1a: Dachsbun|tox\n|-damage|p1a: Dachsbun|88\/100 tox|[from] Spikes\n|move|p2a: Slither Wing|Leech Life|p1a: Dachsbun\n|-resisted|p1a: Dachsbun\n|-damage|p1a: Dachsbun|76\/100 tox\n|-heal|p2a: Slither Wing|29\/100|[from] drain|[of] p1a: Dachsbun\n|\n|-heal|p1a: Dachsbun|82\/100 tox|[from] item: Leftovers\n|-damage|p1a: Dachsbun|76\/100 tox|[from] psn\n|upkeep\n|turn|18\n|\n|t:|1700148628\n|move|p2a: Slither Wing|Leech Life|p1a: Dachsbun\n|-resisted|p1a: Dachsbun\n|-damage|p1a: Dachsbun|64\/100 tox\n|-heal|p2a: Slither Wing|36\/100|[from] drain|[of] p1a: Dachsbun\n|move|p1a: Dachsbun|Roar|p2a: Slither Wing\n|-end|p2a: Slither Wing|Protosynthesis|[silent]\n|drag|p2a: Armarouge|Armarouge, M, shiny|100\/100\n|-damage|p2a: Armarouge|76\/100|[from] Stealth Rock\n|-damage|p2a: Armarouge|63\/100|[from] Spikes\n|\n|-heal|p1a: Dachsbun|70\/100 tox|[from] item: Leftovers\n|-damage|p1a: Dachsbun|58\/100 tox|[from] psn\n|upkeep\n|turn|19\n|\n|t:|1700148635\n|move|p2a: Armarouge|Psychic|p1a: Dachsbun\n|-damage|p1a: Dachsbun|0 fnt\n|faint|p1a: Dachsbun\n|\n|upkeep\n|\n|t:|1700148641\n|switch|p1a: Kilowattrel|Kilowattrel, F|1\/100\n|turn|20\n|\n|t:|1700148653\n|move|p1a: Kilowattrel|Volt Switch|p2a: Armarouge\n|-damage|p2a: Armarouge|27\/100\n|\n|t:|1700148656\n|switch|p1a: Mandibuzz|Mandibuzz, F|14\/100|[from] Volt Switch\n|move|p2a: Armarouge|Psychic|p1a: Mandibuzz\n|-immune|p1a: Mandibuzz\n|\n|upkeep\n|turn|21\n|\n|t:|1700148662\n|move|p2a: Armarouge|Armor Cannon|p1a: Mandibuzz\n|-damage|p1a: Mandibuzz|0 fnt\n|-unboost|p2a: Armarouge|def|1\n|-unboost|p2a: Armarouge|spd|1\n|faint|p1a: Mandibuzz\n|\n|upkeep\n|\n|t:|1700148665\n|switch|p1a: Kilowattrel|Kilowattrel, F|1\/100\n|turn|22\n|\n|t:|1700148673\n|move|p1a: Kilowattrel|Volt Switch|p2a: Armarouge\n|-damage|p2a: Armarouge|0 fnt\n|faint|p2a: Armarouge\n|\n|t:|1700148676\n|switch|p1a: Cresselia|Cresselia, F|100\/100|[from] Volt Switch\n|\n|upkeep\n|\n|t:|1700148683\n|switch|p2a: Tornadus|Tornadus, M|100\/100\n|-damage|p2a: Tornadus|76\/100|[from] Stealth Rock\n|turn|23\n|\n|t:|1700148689\n|move|p2a: Tornadus|Taunt|p1a: Cresselia\n|-start|p1a: Cresselia|move: Taunt\n|cant|p1a: Cresselia|move: Taunt|Thunder Wave\n|\n|upkeep\n|turn|24\n|\n|t:|1700148694\n|move|p2a: Tornadus|Nasty Plot|p2a: Tornadus\n|-boost|p2a: Tornadus|spa|2\n|move|p1a: Cresselia|Moonblast|p2a: Tornadus\n|-damage|p2a: Tornadus|54\/100\n|-unboost|p2a: Tornadus|spa|1\n|\n|upkeep\n|turn|25\n|\n|t:|1700148706\n|move|p2a: Tornadus|Bleakwind Storm|p1a: Cresselia\n|-damage|p1a: Cresselia|60\/100\n|move|p1a: Cresselia|Moonblast|p2a: Tornadus\n|-damage|p2a: Tornadus|32\/100\n|\n|-heal|p1a: Cresselia|66\/100|[from] item: Leftovers\n|-end|p1a: Cresselia|move: Taunt\n|upkeep\n|turn|26\n|\n|t:|1700148710\n|switch|p1a: Kilowattrel|Kilowattrel, F|1\/100\n|move|p2a: Tornadus|Bleakwind Storm|p1a: Kilowattrel\n|-resisted|p1a: Kilowattrel\n|-damage|p1a: Kilowattrel|0 fnt\n|faint|p1a: Kilowattrel\n|\n|upkeep\n|\n|t:|1700148714\n|switch|p1a: Cresselia|Cresselia, F|66\/100\n|turn|27\n|\n|t:|1700148722\n|move|p2a: Tornadus|Taunt|p1a: Cresselia\n|-start|p1a: Cresselia|move: Taunt\n|move|p1a: Cresselia|Moonblast|p2a: Tornadus\n|-damage|p2a: Tornadus|9\/100\n|\n|-heal|p1a: Cresselia|72\/100|[from] item: Leftovers\n|upkeep\n|turn|28\n|\n|t:|1700148724\n|move|p2a: Tornadus|Bleakwind Storm|p1a: Cresselia\n|-damage|p1a: Cresselia|38\/100\n|move|p1a: Cresselia|Moonblast|p2a: Tornadus\n|-crit|p2a: Tornadus\n|-damage|p2a: Tornadus|0 fnt\n|faint|p2a: Tornadus\n|\n|-heal|p1a: Cresselia|44\/100|[from] item: Leftovers\n|upkeep\n|\n|t:|1700148727\n|switch|p2a: Basculegion|Basculegion-F, F, shiny|88\/100\n|-damage|p2a: Basculegion|76\/100|[from] Stealth Rock\n|-damage|p2a: Basculegion|63\/100|[from] Spikes\n|turn|29\n|\n|t:|1700148732\n|-terastallize|p1a: Cresselia|Fairy\n|move|p1a: Cresselia|Moonblast|p2a: Basculegion\n|-damage|p2a: Basculegion|39\/100\n|move|p2a: Basculegion|Shadow Ball|p1a: Cresselia\n|-damage|p1a: Cresselia|10\/100\n|\n|-heal|p1a: Cresselia|16\/100|[from] item: Leftovers\n|-end|p1a: Cresselia|move: Taunt\n|upkeep\n|turn|30\n|\n|t:|1700148743\n|move|p1a: Cresselia|Moonlight|p1a: Cresselia\n|-heal|p1a: Cresselia|66\/100\n|move|p2a: Basculegion|Shadow Ball|p1a: Cresselia\n|-damage|p1a: Cresselia|30\/100\n|\n|-heal|p1a: Cresselia|37\/100|[from] item: Leftovers\n|upkeep\n|turn|31\n|\n|t:|1700148750\n|move|p1a: Cresselia|Thunder Wave|p2a: Basculegion\n|-status|p2a: Basculegion|par\n|move|p2a: Basculegion|Shadow Ball|p1a: Cresselia\n|-damage|p1a: Cresselia|1\/100\n|\n|-heal|p1a: Cresselia|7\/100|[from] item: Leftovers\n|upkeep\n|turn|32\n|\n|t:|1700148757\n|move|p1a: Cresselia|Moonlight|p1a: Cresselia\n|-heal|p1a: Cresselia|57\/100\n|move|p2a: Basculegion|Shadow Ball|p1a: Cresselia\n|-damage|p1a: Cresselia|18\/100\n|\n|-heal|p1a: Cresselia|24\/100|[from] item: Leftovers\n|upkeep\n|turn|33\n|\n|t:|1700148761\n|move|p1a: Cresselia|Moonlight|p1a: Cresselia\n|-heal|p1a: Cresselia|74\/100\n|cant|p2a: Basculegion|par\n|\n|-heal|p1a: Cresselia|80\/100|[from] item: Leftovers\n|upkeep\n|turn|34\n|\n|t:|1700148767\n|move|p1a: Cresselia|Calm Mind|p1a: Cresselia\n|-boost|p1a: Cresselia|spa|1\n|-boost|p1a: Cresselia|spd|1\n|move|p2a: Basculegion|Shadow Ball|p1a: Cresselia\n|-damage|p1a: Cresselia|55\/100\n|-unboost|p1a: Cresselia|spd|1\n|\n|-heal|p1a: Cresselia|61\/100|[from] item: Leftovers\n|upkeep\n|turn|35\n|\n|t:|1700148773\n|move|p1a: Cresselia|Calm Mind|p1a: Cresselia\n|-boost|p1a: Cresselia|spa|1\n|-boost|p1a: Cresselia|spd|1\n|move|p2a: Basculegion|Shadow Ball|p1a: Cresselia\n|-damage|p1a: Cresselia|38\/100\n|\n|-heal|p1a: Cresselia|44\/100|[from] item: Leftovers\n|upkeep\n|turn|36\n|\n|t:|1700148778\n|move|p1a: Cresselia|Moonlight|p1a: Cresselia\n|-heal|p1a: Cresselia|94\/100\n|move|p2a: Basculegion|Shadow Ball|p1a: Cresselia\n|-damage|p1a: Cresselia|70\/100\n|\n|-heal|p1a: Cresselia|76\/100|[from] item: Leftovers\n|upkeep\n|turn|37\n|\n|t:|1700148783\n|move|p1a: Cresselia|Moonblast|p2a: Basculegion\n|-damage|p2a: Basculegion|0 fnt\n|faint|p2a: Basculegion\n|\n|-heal|p1a: Cresselia|82\/100|[from] item: Leftovers\n|upkeep\n|\n|t:|1700148786\n|switch|p2a: Slither Wing|Slither Wing, tera:Fire|36\/100\n|-damage|p2a: Slither Wing|11\/100|[from] Stealth Rock\n|-damage|p2a: Slither Wing|0 fnt|[from] Spikes\n|faint|p2a: Slither Wing\n|-end|p2a: Slither Wing|Protosynthesis|[silent]\n|\n|win|FittedCrib04\n|raw|FittedCrib04's rating: 1157 &rarr; <strong>1187<\/strong><br \/>(+30 for winning)\n|raw|manshit's rating: 1226 &rarr; <strong>1196<\/strong><br \/>(-30 for losing)\n","uploadtime":1700148788,"views":6,"p1id":"fittedcrib04","p2id":"manshit","formatid":"gen9ou","rating":1187,"private":0,"password":""}