{"id":"gen9ou-1995850099","p1":"Kenpachikyouraku","p2":"jp_leal19","format":"[Gen 9] OU","log":"|j|\u2606Kenpachikyouraku\n|j|\u2606jp_leal19\n|t:|1700609501\n|gametype|singles\n|player|p1|Kenpachikyouraku|cynthia|\n|player|p2|jp_leal19|leon-tower|\n|teamsize|p1|6\n|teamsize|p2|6\n|gen|9\n|tier|[Gen 9] OU\n|rule|Sleep Clause Mod: Limit one foe put to sleep\n|rule|Species Clause: Limit one of each Pok\u00e9mon\n|rule|OHKO Clause: OHKO moves are banned\n|rule|Evasion Items Clause: Evasion items are banned\n|rule|Evasion Moves Clause: Evasion moves are banned\n|rule|Endless Battle Clause: Forcing endless battles is banned\n|rule|HP Percentage Mod: HP is shown in percentages\n|clearpoke\n|poke|p1|Infernape, F|\n|poke|p1|Ursaluna, F|\n|poke|p1|Quagsire, F|\n|poke|p1|Lilligant-Hisui, F|\n|poke|p1|Gastrodon, M|\n|poke|p1|Okidogi, M|\n|poke|p2|Dragonite, M|\n|poke|p2|Mandibuzz, F|\n|poke|p2|Corviknight, M|\n|poke|p2|Enamorus, F|\n|poke|p2|Klefki, M|\n|poke|p2|Scizor, M|\n|teampreview\n|c|\u2606jp_leal19|Ih\n|j| quizumba\n|j| AkechiKenichi\n|c|\u2606jp_leal19|Mudou foi tudo\n|c|\u2606Kenpachikyouraku|Eae kkkkk\n|c|\u2606jp_leal19|N\u00e3o estoy preparado\n|c|\u2606Kenpachikyouraku|Scizor vey,scrr\n|c|\u2606jp_leal19|Bom jogo Kenpachi\n|c| quizumba|mudou o time inteiro o sacana\n|c|\u2606Kenpachikyouraku|Pra ti tbm,vamo nessa\n|c|\u2606jp_leal19|Miss\u00e3o parar o Quagsire seugue on\n|c|\u2606jp_leal19|trouxe o outro primo agr\n|inactive|Battle timer is ON: inactive players will automatically lose when time's up. (requested by Kenpachikyouraku)\n|\n|t:|1700609593\n|start\n|switch|p1a: Gastrodon|Gastrodon, M|100\/100\n|switch|p2a: Trafalgar Law|Mandibuzz, F, shiny|100\/100\n|turn|1\n|\n|t:|1700609611\n|move|p2a: Trafalgar Law|Knock Off|p1a: Gastrodon\n|-damage|p1a: Gastrodon|68\/100\n|-activate|p1a: Gastrodon|ability: Sticky Hold\n|move|p1a: Gastrodon|Ice Beam|p2a: Trafalgar Law\n|-supereffective|p2a: Trafalgar Law\n|-damage|p2a: Trafalgar Law|67\/100\n|\n|upkeep\n|turn|2\n|l|\u2606Kenpachikyouraku\n|inactive|Kenpachikyouraku disconnected and has 300 seconds to reconnect!\n|player|p1|\n|j| PerhapsXolas\n|j|\u2606Kenpachikyouraku\n|inactive|Kenpachikyouraku reconnected and has 290 seconds left.\n|player|p1|Kenpachikyouraku|cynthia\n|c|\u2606jp_leal19|oxe\n|c|\u2606jp_leal19|caiu de novo?\n|inactive|Kenpachikyouraku has 270 seconds left.\n|c|\u2606Kenpachikyouraku|Ta dando lag pqp\n|c|\u2606jp_leal19|puts\n|c|\u2606Kenpachikyouraku|Mas ainda da\n|c|\u2606jp_leal19|ok\n|\n|t:|1700609665\n|switch|p2a: Eutass Kid|Klefki, M, shiny|100\/100\n|switch|p1a: Okidogi|Okidogi, M|100\/100\n|\n|upkeep\n|turn|3\n|\n|t:|1700609683\n|move|p2a: Eutass Kid|Thunder Wave|p1a: Okidogi\n|-status|p1a: Okidogi|par\n|move|p1a: Okidogi|Knock Off|p2a: Eutass Kid\n|-resisted|p2a: Eutass Kid\n|-damage|p2a: Eutass Kid|85\/100\n|-enditem|p2a: Eutass Kid|Toxic Orb|[from] move: Knock Off|[of] p1a: Okidogi\n|\n|upkeep\n|turn|4\n|inactive|Kenpachikyouraku has 240 seconds left.\n|\n|t:|1700609707\n|switch|p2a: X-Drake|Enamorus, F, shiny|100\/100\n|move|p1a: Okidogi|Brick Break|p2a: X-Drake\n|-resisted|p2a: X-Drake\n|-damage|p2a: X-Drake|84\/100\n|-start|p1a: Okidogi|Attract|[from] ability: Cute Charm|[of] p2a: X-Drake\n|\n|upkeep\n|turn|5\n|inactive|Kenpachikyouraku has 240 seconds left.\n|\n|t:|1700609726\n|switch|p1a: Gastrodon|Gastrodon, M|68\/100\n|move|p2a: X-Drake|Grass Knot|p1a: Gastrodon\n|-supereffective|p1a: Gastrodon\n|-crit|p1a: Gastrodon\n|-enditem|p1a: Gastrodon|Rindo Berry|[eat]\n|-enditem|p1a: Gastrodon|Rindo Berry|[weaken]\n|-damage|p1a: Gastrodon|0 fnt\n|faint|p1a: Gastrodon\n|\n|upkeep\n|inactive|Kenpachikyouraku has 210 seconds left.\n|\n|t:|1700609760\n|switch|p1a: Lilligant|Lilligant-Hisui, F|100\/100\n|turn|6\n|\n|t:|1700609769\n|switch|p2a: Eutass Kid|Klefki, M, shiny|85\/100\n|move|p1a: Lilligant|Victory Dance|p1a: Lilligant\n|-boost|p1a: Lilligant|atk|1\n|-boost|p1a: Lilligant|def|1\n|-boost|p1a: Lilligant|spe|1\n|\n|upkeep\n|turn|7\n|\n|t:|1700609778\n|move|p1a: Lilligant|Substitute|p1a: Lilligant\n|-start|p1a: Lilligant|Substitute\n|-damage|p1a: Lilligant|76\/100\n|move|p2a: Eutass Kid|Dazzling Gleam|p1a: Lilligant\n|-supereffective|p1a: Lilligant\n|-end|p1a: Lilligant|Substitute\n|\n|upkeep\n|turn|8\n|\n|t:|1700609788\n|-terastallize|p1a: Lilligant|Steel\n|move|p1a: Lilligant|Substitute|p1a: Lilligant\n|-start|p1a: Lilligant|Substitute\n|-damage|p1a: Lilligant|51\/100\n|move|p2a: Eutass Kid|Dazzling Gleam|p1a: Lilligant\n|-resisted|p1a: Lilligant\n|-activate|p1a: Lilligant|move: Substitute|[damage]\n|\n|upkeep\n|turn|9\n|\n|t:|1700609798\n|switch|p2a: Luffy (C)|Dragonite, M|100\/100\n|move|p1a: Lilligant|Victory Dance|p1a: Lilligant\n|-boost|p1a: Lilligant|atk|1\n|-boost|p1a: Lilligant|def|1\n|-boost|p1a: Lilligant|spe|1\n|\n|upkeep\n|turn|10\n|j| LipeZero\n|\n|t:|1700609808\n|-terastallize|p2a: Luffy (C)|Fighting\n|move|p1a: Lilligant|Ice Spinner|p2a: Luffy (C)\n|-damage|p2a: Luffy (C)|74\/100\n|move|p2a: Luffy (C)|Earthquake|p1a: Lilligant\n|-supereffective|p1a: Lilligant\n|-end|p1a: Lilligant|Substitute\n|\n|upkeep\n|turn|11\n|inactive|Kenpachikyouraku has 240 seconds left.\n|\n|t:|1700609820\n|move|p1a: Lilligant|Brick Break|p2a: Luffy (C)\n|-damage|p2a: Luffy (C)|0 fnt\n|faint|p2a: Luffy (C)\n|\n|upkeep\n|l| LipeZero\n|\n|t:|1700609826\n|switch|p2a: Trafalgar Law|Mandibuzz, F, shiny|67\/100\n|turn|12\n|\n|t:|1700609834\n|move|p1a: Lilligant|Substitute|p1a: Lilligant\n|-start|p1a: Lilligant|Substitute\n|-damage|p1a: Lilligant|26\/100\n|move|p2a: Trafalgar Law|Bone Rush|p1a: Lilligant\n|-supereffective|p1a: Lilligant\n|-activate|p1a: Lilligant|move: Substitute|[damage]\n|-supereffective|p1a: Lilligant\n|-activate|p1a: Lilligant|move: Substitute|[damage]\n|-supereffective|p1a: Lilligant\n|-end|p1a: Lilligant|Substitute\n|-supereffective|p1a: Lilligant\n|-damage|p1a: Lilligant|18\/100\n|-hitcount|p1a: Lilligant|4\n|\n|upkeep\n|turn|13\n|\n|t:|1700609848\n|move|p1a: Lilligant|Ice Spinner|p2a: Trafalgar Law\n|-supereffective|p2a: Trafalgar Law\n|-damage|p2a: Trafalgar Law|0 fnt\n|faint|p2a: Trafalgar Law\n|\n|upkeep\n|j| random numero 12\n|\n|t:|1700609856\n|switch|p2a: X-Drake|Enamorus, F, shiny|84\/100\n|turn|14\n|\n|t:|1700609860\n|move|p1a: Lilligant|Ice Spinner|p2a: X-Drake\n|-supereffective|p2a: X-Drake\n|-damage|p2a: X-Drake|0 fnt\n|faint|p2a: X-Drake\n|\n|upkeep\n|\n|t:|1700609874\n|switch|p2a: Killer|Corviknight, M, shiny|100\/100\n|turn|15\n|\n|t:|1700609889\n|move|p1a: Lilligant|Brick Break|p2a: Killer\n|-damage|p2a: Killer|47\/100\n|-damage|p1a: Lilligant|1\/100|[from] item: Rocky Helmet|[of] p2a: Killer\n|move|p2a: Killer|Brave Bird|p1a: Lilligant\n|-resisted|p1a: Lilligant\n|-damage|p1a: Lilligant|0 fnt\n|faint|p1a: Lilligant\n|-damage|p2a: Killer|47\/100|[from] Recoil\n|\n|upkeep\n|\n|t:|1700609898\n|switch|p1a: Tapa buraco|Infernape, F|100\/100\n|turn|16\n|\n|t:|1700609906\n|switch|p2a: Eutass Kid|Klefki, M, shiny|85\/100\n|move|p1a: Tapa buraco|Flamethrower|p2a: Eutass Kid\n|-supereffective|p2a: Eutass Kid\n|-damage|p2a: Eutass Kid|0 fnt\n|faint|p2a: Eutass Kid\n|-damage|p1a: Tapa buraco|91\/100|[from] item: Life Orb\n|\n|upkeep\n|\n|t:|1700609923\n|switch|p2a: Roronoa Zoro|Scizor, M|100\/100\n|turn|17\n|\n|t:|1700609929\n|move|p1a: Tapa buraco|Flamethrower|p2a: Roronoa Zoro\n|-supereffective|p2a: Roronoa Zoro\n|-damage|p2a: Roronoa Zoro|0 fnt\n|faint|p2a: Roronoa Zoro\n|-damage|p1a: Tapa buraco|81\/100|[from] item: Life Orb\n|\n|upkeep\n|\n|t:|1700609935\n|switch|p2a: Killer|Corviknight, M, shiny|47\/100\n|turn|18\n|\n|t:|1700609945\n|move|p1a: Tapa buraco|Flamethrower|p2a: Killer\n|-supereffective|p2a: Killer\n|-damage|p2a: Killer|0 fnt\n|faint|p2a: Killer\n|-damage|p1a: Tapa buraco|71\/100|[from] item: Life Orb\n|\n|win|Kenpachikyouraku\n|c|\u2606jp_leal19|gg\n|c| PerhapsXolas|gg kenpas\n|c|\u2606Kenpachikyouraku|Gg cara,mt obg pela batalha do seculo\n","uploadtime":1700609957,"views":13,"p1id":"kenpachikyouraku","p2id":"jpleal19","formatid":"gen9ou","rating":0,"private":0,"password":""}