{"id":"gen9ou-1989056597","p1":"LupinoFTW","p2":"Rookie the Wolf","format":"[Gen 9] OU","log":"|j|\u2606LupinoFTW\n|j|\u2606Rookie the Wolf\n|t:|1699807359\n|gametype|singles\n|player|p1|LupinoFTW|blaine|\n|player|p2|Rookie the Wolf|benga|\n|teamsize|p1|6\n|teamsize|p2|6\n|gen|9\n|tier|[Gen 9] OU\n|rule|Sleep Clause Mod: Limit one foe put to sleep\n|rule|Species Clause: Limit one of each Pok\u00e9mon\n|rule|OHKO Clause: OHKO moves are banned\n|rule|Evasion Items Clause: Evasion items are banned\n|rule|Evasion Moves Clause: Evasion moves are banned\n|rule|Endless Battle Clause: Forcing endless battles is banned\n|rule|HP Percentage Mod: HP is shown in percentages\n|clearpoke\n|poke|p1|Kingambit, F|\n|poke|p1|Infernape, F|\n|poke|p1|Tauros-Paldea-Aqua, M|\n|poke|p1|Snorlax, F|\n|poke|p1|Clefable, F|\n|poke|p1|Sandy Shocks|\n|poke|p2|Wo-Chien|\n|poke|p2|Pelipper, F|\n|poke|p2|Tinkaton, F|\n|poke|p2|Zapdos|\n|poke|p2|Spiritomb, F|\n|poke|p2|Glastrier|\n|teampreview\n|j| Due Lipa\n|j| LuichoX\n|c| Due Lipa|gl hf\n|\n|t:|1699807445\n|start\n|switch|p1a: Toro E|Tauros-Paldea-Aqua, M|100\/100\n|switch|p2a: Tinkaton|Tinkaton, F, shiny|100\/100\n|-ability|p1a: Toro E|Intimidate|boost\n|-unboost|p2a: Tinkaton|atk|1\n|-ability|p2a: Tinkaton|Mold Breaker\n|turn|1\n|\n|t:|1699807456\n|move|p1a: Toro E|Bulk Up|p1a: Toro E\n|-boost|p1a: Toro E|atk|1\n|-boost|p1a: Toro E|def|1\n|move|p2a: Tinkaton|Thunder Wave|p1a: Toro E\n|-status|p1a: Toro E|par\n|\n|upkeep\n|turn|2\n|c| Due Lipa|TORO E\n|c| LuichoX|JAJAJA\n|\n|t:|1699807487\n|move|p2a: Tinkaton|Knock Off|p1a: Toro E\n|-resisted|p1a: Toro E\n|-damage|p1a: Toro E|96\/100 par\n|-enditem|p1a: Toro E|Leftovers|[from] move: Knock Off|[of] p2a: Tinkaton\n|move|p1a: Toro E|Raging Bull|p2a: Tinkaton\n|-damage|p2a: Tinkaton|32\/100\n|\n|-heal|p2a: Tinkaton|38\/100|[from] item: Leftovers\n|upkeep\n|turn|3\n|c| Due Lipa|VAMOS TORO E\n|c| Due Lipa|zamn\n|c| Due Lipa|\ud83e\udd2a\n|\n|t:|1699807505\n|switch|p2a: Wo-Chien|Wo-Chien|100\/100\n|-ability|p2a: Wo-Chien|Tablets of Ruin\n|switch|p1a: Sandy Shamone|Sandy Shocks|100\/100\n|-enditem|p1a: Sandy Shamone|Booster Energy\n|-activate|p1a: Sandy Shamone|ability: Protosynthesis|[fromitem]\n|-start|p1a: Sandy Shamone|protosynthesisspe\n|\n|upkeep\n|turn|4\n|\n|t:|1699807527\n|move|p1a: Sandy Shamone|Stealth Rock|p2a: Wo-Chien\n|-sidestart|p2: Rookie the Wolf|move: Stealth Rock\n|move|p2a: Wo-Chien|Leech Seed|p1a: Sandy Shamone\n|-start|p1a: Sandy Shamone|move: Leech Seed\n|\n|-damage|p1a: Sandy Shamone|88\/100|[from] Leech Seed|[of] p2a: Wo-Chien\n|upkeep\n|turn|5\n|\n|t:|1699807541\n|-end|p1a: Sandy Shamone|Protosynthesis|[silent]\n|switch|p1a: Toro E|Tauros-Paldea-Aqua, M|96\/100 par\n|-ability|p1a: Toro E|Intimidate|boost\n|-unboost|p2a: Wo-Chien|atk|1\n|move|p2a: Wo-Chien|Power Whip|p1a: Toro E\n|-supereffective|p1a: Toro E\n|-damage|p1a: Toro E|46\/100 par\n|\n|upkeep\n|turn|6\n|\n|t:|1699807551\n|switch|p1a: Marin Kawasaki|Clefable, F|100\/100\n|move|p2a: Wo-Chien|Leech Seed|p1a: Marin Kawasaki\n|-start|p1a: Marin Kawasaki|move: Leech Seed\n|\n|upkeep\n|turn|7\n|\n|t:|1699807560\n|move|p2a: Wo-Chien|Knock Off|p1a: Marin Kawasaki\n|-resisted|p1a: Marin Kawasaki\n|-damage|p1a: Marin Kawasaki|93\/100\n|-enditem|p1a: Marin Kawasaki|Leftovers|[from] move: Knock Off|[of] p2a: Wo-Chien\n|move|p1a: Marin Kawasaki|Thunder Wave|p2a: Wo-Chien\n|-status|p2a: Wo-Chien|par\n|\n|upkeep\n|turn|8\n|c| Due Lipa|MARIN ZAAAAAMN \ud83e\udd2a\ud83e\udd2a\n|\n|t:|1699807587\n|switch|p2a: Spiritomb|Spiritomb, F|100\/100\n|move|p1a: Marin Kawasaki|Knock Off|p2a: Spiritomb\n|-damage|p2a: Spiritomb|85\/100\n|-enditem|p2a: Spiritomb|Heavy-Duty Boots|[from] move: Knock Off|[of] p1a: Marin Kawasaki\n|\n|upkeep\n|turn|9\n|\n|t:|1699807597\n|move|p1a: Marin Kawasaki|Moonblast|p2a: Spiritomb\n|-supereffective|p2a: Spiritomb\n|-damage|p2a: Spiritomb|22\/100\n|-unboost|p2a: Spiritomb|spa|1\n|move|p2a: Spiritomb|Trick Room|p2a: Spiritomb\n|-fieldstart|move: Trick Room|[of] p2a: Spiritomb\n|\n|upkeep\n|turn|10\n|c| Due Lipa|tricky room\n|c| Due Lipa|como le afecta esto al toro e\n|\n|t:|1699807638\n|move|p2a: Spiritomb|Shadow Sneak|p1a: Marin Kawasaki\n|-damage|p1a: Marin Kawasaki|79\/100\n|move|p1a: Marin Kawasaki|Knock Off|p2a: Spiritomb\n|-damage|p2a: Spiritomb|12\/100\n|\n|upkeep\n|turn|11\n|\n|t:|1699807661\n|move|p2a: Spiritomb|Shadow Sneak|p1a: Marin Kawasaki\n|-damage|p1a: Marin Kawasaki|64\/100\n|move|p1a: Marin Kawasaki|Thunder Wave|p2a: Spiritomb\n|-status|p2a: Spiritomb|par\n|\n|upkeep\n|turn|12\n|\n|t:|1699807679\n|move|p2a: Spiritomb|Will-O-Wisp|p1a: Marin Kawasaki\n|-status|p1a: Marin Kawasaki|brn\n|move|p1a: Marin Kawasaki|Moonlight|p1a: Marin Kawasaki\n|-heal|p1a: Marin Kawasaki|100\/100 brn\n|\n|upkeep\n|turn|13\n|\n|t:|1699807688\n|move|p1a: Marin Kawasaki|Thunder Wave|p2a: Spiritomb\n|-fail|p2a: Spiritomb|par\n|cant|p2a: Spiritomb|par\n|\n|-fieldend|move: Trick Room\n|upkeep\n|turn|14\n|\n|t:|1699807695\n|move|p1a: Marin Kawasaki|Moonblast|p2a: Spiritomb\n|-supereffective|p2a: Spiritomb\n|-damage|p2a: Spiritomb|0 fnt\n|faint|p2a: Spiritomb\n|\n|upkeep\n|\n|t:|1699807718\n|switch|p2a: Pelipper|Pelipper, F|100\/100\n|-weather|RainDance|[from] ability: Drizzle|[of] p2a: Pelipper\n|turn|15\n|\n|t:|1699807725\n|move|p1a: Marin Kawasaki|Knock Off|p2a: Pelipper\n|-damage|p2a: Pelipper|95\/100\n|-enditem|p2a: Pelipper|Heavy-Duty Boots|[from] move: Knock Off|[of] p1a: Marin Kawasaki\n|move|p2a: Pelipper|U-turn|p1a: Marin Kawasaki\n|-resisted|p1a: Marin Kawasaki\n|-damage|p1a: Marin Kawasaki|97\/100 brn\n|\n|t:|1699807732\n|switch|p2a: Zapdos|Zapdos|100\/100|[from] U-turn\n|\n|-weather|RainDance|[upkeep]\n|upkeep\n|turn|16\n|\n|t:|1699807740\n|move|p2a: Zapdos|Hurricane|p1a: Marin Kawasaki\n|-damage|p1a: Marin Kawasaki|49\/100 brn\n|-start|p1a: Marin Kawasaki|confusion\n|-activate|p1a: Marin Kawasaki|confusion\n|move|p1a: Marin Kawasaki|Knock Off|p2a: Zapdos\n|-damage|p2a: Zapdos|91\/100\n|-enditem|p2a: Zapdos|Heavy-Duty Boots|[from] move: Knock Off|[of] p1a: Marin Kawasaki\n|\n|-weather|RainDance|[upkeep]\n|upkeep\n|turn|17\n|\n|t:|1699807750\n|switch|p1a: Sandy Shamone|Sandy Shocks|88\/100\n|move|p2a: Zapdos|Hurricane|p1a: Sandy Shamone\n|-resisted|p1a: Sandy Shamone\n|-damage|p1a: Sandy Shamone|52\/100\n|\n|-weather|RainDance|[upkeep]\n|upkeep\n|turn|18\n|\n|t:|1699807766\n|switch|p2a: Wo-Chien|Wo-Chien|100\/100 par\n|-damage|p2a: Wo-Chien|88\/100 par|[from] Stealth Rock\n|-ability|p2a: Wo-Chien|Tablets of Ruin\n|move|p1a: Sandy Shamone|Thunderbolt|p2a: Wo-Chien\n|-resisted|p2a: Wo-Chien\n|-damage|p2a: Wo-Chien|77\/100 par\n|\n|-weather|RainDance|[upkeep]\n|-heal|p2a: Wo-Chien|83\/100 par|[from] item: Leftovers\n|upkeep\n|turn|19\n|\n|t:|1699807823\n|-terastallize|p1a: Sandy Shamone|Ice\n|move|p1a: Sandy Shamone|Tera Blast|p2a: Wo-Chien|[anim] Tera Blast Ice\n|-supereffective|p2a: Wo-Chien\n|-damage|p2a: Wo-Chien|42\/100 par\n|move|p2a: Wo-Chien|Power Whip|p1a: Sandy Shamone\n|-damage|p1a: Sandy Shamone|10\/100\n|\n|-weather|none\n|-heal|p2a: Wo-Chien|49\/100 par|[from] item: Leftovers\n|upkeep\n|turn|20\n|\n|t:|1699807836\n|-end|p1a: Sandy Shamone|Protosynthesis|[silent]\n|switch|p1a: Marin Kawasaki|Clefable, F|49\/100 brn\n|move|p2a: Wo-Chien|Leech Seed|p1a: Marin Kawasaki\n|-start|p1a: Marin Kawasaki|move: Leech Seed\n|\n|-heal|p2a: Wo-Chien|55\/100 par|[from] item: Leftovers\n|upkeep\n|turn|21\n|\n|t:|1699807858\n|switch|p2a: Tinkaton|Tinkaton, F, shiny|38\/100\n|-damage|p2a: Tinkaton|32\/100|[from] Stealth Rock\n|-ability|p2a: Tinkaton|Mold Breaker\n|move|p1a: Marin Kawasaki|Moonlight|p1a: Marin Kawasaki\n|-heal|p1a: Marin Kawasaki|99\/100 brn\n|\n|-heal|p2a: Tinkaton|38\/100|[from] item: Leftovers\n|upkeep\n|turn|22\n|\n|t:|1699807886\n|switch|p2a: Pelipper|Pelipper, F|95\/100\n|-damage|p2a: Pelipper|70\/100|[from] Stealth Rock\n|-weather|RainDance|[from] ability: Drizzle|[of] p2a: Pelipper\n|switch|p1a: Toro E|Tauros-Paldea-Aqua, M|46\/100 par\n|-ability|p1a: Toro E|Intimidate|boost\n|-unboost|p2a: Pelipper|atk|1\n|\n|-weather|RainDance|[upkeep]\n|upkeep\n|turn|23\n|\n|t:|1699807905\n|switch|p1a: Marin Kawasaki|Clefable, F|99\/100 brn\n|move|p2a: Pelipper|Hurricane|p1a: Marin Kawasaki\n|-damage|p1a: Marin Kawasaki|63\/100 brn\n|\n|-weather|RainDance|[upkeep]\n|upkeep\n|turn|24\n|\n|t:|1699807930\n|move|p1a: Marin Kawasaki|Moonblast|p2a: Pelipper\n|-damage|p2a: Pelipper|22\/100\n|move|p2a: Pelipper|Surf|p1a: Marin Kawasaki\n|-damage|p1a: Marin Kawasaki|22\/100 brn\n|\n|-weather|RainDance|[upkeep]\n|upkeep\n|turn|25\n|\n|t:|1699807945\n|switch|p2a: Tinkaton|Tinkaton, F, shiny|38\/100\n|-damage|p2a: Tinkaton|32\/100|[from] Stealth Rock\n|-ability|p2a: Tinkaton|Mold Breaker\n|move|p1a: Marin Kawasaki|Moonblast|p2a: Tinkaton\n|-resisted|p2a: Tinkaton\n|-damage|p2a: Tinkaton|21\/100\n|-unboost|p2a: Tinkaton|spa|1\n|\n|-weather|RainDance|[upkeep]\n|-heal|p2a: Tinkaton|27\/100|[from] item: Leftovers\n|upkeep\n|turn|26\n|\n|t:|1699807961\n|switch|p1a: Toro E|Tauros-Paldea-Aqua, M|46\/100 par\n|-ability|p1a: Toro E|Intimidate|boost\n|-unboost|p2a: Tinkaton|atk|1\n|move|p2a: Tinkaton|Gigaton Hammer|p1a: Toro E\n|-resisted|p1a: Toro E\n|-damage|p1a: Toro E|29\/100 par\n|\n|-weather|none\n|-heal|p2a: Tinkaton|33\/100|[from] item: Leftovers\n|upkeep\n|turn|27\n|\n|t:|1699807980\n|switch|p2a: Wo-Chien|Wo-Chien|55\/100 par\n|-damage|p2a: Wo-Chien|42\/100 par|[from] Stealth Rock\n|-ability|p2a: Wo-Chien|Tablets of Ruin\n|cant|p1a: Toro E|par\n|\n|-heal|p2a: Wo-Chien|49\/100 par|[from] item: Leftovers\n|upkeep\n|turn|28\n|\n|t:|1699807991\n|move|p1a: Toro E|Close Combat|p2a: Wo-Chien\n|-supereffective|p2a: Wo-Chien\n|-damage|p2a: Wo-Chien|0 fnt\n|-unboost|p1a: Toro E|def|1\n|-unboost|p1a: Toro E|spd|1\n|faint|p2a: Wo-Chien\n|\n|upkeep\n|\n|t:|1699808003\n|switch|p2a: Zapdos|Zapdos|91\/100\n|-damage|p2a: Zapdos|66\/100|[from] Stealth Rock\n|turn|29\n|\n|t:|1699808011\n|move|p2a: Zapdos|Thunderbolt|p1a: Toro E\n|-supereffective|p1a: Toro E\n|-damage|p1a: Toro E|0 fnt\n|faint|p1a: Toro E\n|\n|upkeep\n|\n|t:|1699808042\n|switch|p1a: Sandy Shamone|Sandy Shocks, tera:Ice|10\/100\n|turn|30\n|\n|t:|1699808057\n|move|p1a: Sandy Shamone|Tera Blast|p2a: Zapdos|[anim] Tera Blast Ice\n|-supereffective|p2a: Zapdos\n|-damage|p2a: Zapdos|0 fnt\n|faint|p2a: Zapdos\n|\n|upkeep\n|\n|t:|1699808068\n|switch|p2a: Tinkaton|Tinkaton, F, shiny|33\/100\n|-damage|p2a: Tinkaton|27\/100|[from] Stealth Rock\n|-ability|p2a: Tinkaton|Mold Breaker\n|turn|31\n|\n|t:|1699808078\n|move|p1a: Sandy Shamone|Thunderbolt|p2a: Tinkaton\n|-damage|p2a: Tinkaton|0 fnt\n|faint|p2a: Tinkaton\n|\n|upkeep\n|\n|t:|1699808083\n|switch|p2a: Pelipper|Pelipper, F|22\/100\n|-damage|p2a: Pelipper|0 fnt|[from] Stealth Rock\n|faint|p2a: Pelipper\n|\n|t:|1699808087\n|switch|p2a: Glastrier|Glastrier|100\/100\n|-damage|p2a: Glastrier|75\/100|[from] Stealth Rock\n|turn|32\n|\n|t:|1699808094\n|-terastallize|p2a: Glastrier|Ground\n|move|p1a: Sandy Shamone|Thunderbolt|p2a: Glastrier\n|-immune|p2a: Glastrier\n|move|p2a: Glastrier|Substitute|p2a: Glastrier\n|-start|p2a: Glastrier|Substitute\n|-damage|p2a: Glastrier|50\/100\n|\n|-heal|p2a: Glastrier|57\/100|[from] item: Leftovers\n|upkeep\n|turn|33\n|c| Due Lipa|YOOOO\n|c| LuichoX|HE CRAZY\n|c| Due Lipa|GLASTIER IS BACK\n|c| LuichoX|WATCH THIS SWEEP\n|\n|t:|1699808121\n|move|p1a: Sandy Shamone|Tera Blast|p2a: Glastrier|[anim] Tera Blast Ice\n|-supereffective|p2a: Glastrier\n|-end|p2a: Glastrier|Substitute\n|move|p2a: Glastrier|Swords Dance|p2a: Glastrier\n|-boost|p2a: Glastrier|atk|2\n|\n|-heal|p2a: Glastrier|63\/100|[from] item: Leftovers\n|upkeep\n|turn|34\n|\n|t:|1699808132\n|move|p1a: Sandy Shamone|Tera Blast|p2a: Glastrier|[anim] Tera Blast Ice\n|-supereffective|p2a: Glastrier\n|-damage|p2a: Glastrier|3\/100\n|move|p2a: Glastrier|Stomping Tantrum|p1a: Sandy Shamone\n|-damage|p1a: Sandy Shamone|0 fnt\n|faint|p1a: Sandy Shamone\n|-end|p1a: Sandy Shamone|Protosynthesis|[silent]\n|-ability|p2a: Glastrier|Chilling Neigh|boost\n|-boost|p2a: Glastrier|atk|1\n|\n|-heal|p2a: Glastrier|9\/100|[from] item: Leftovers\n|upkeep\n|c| Due Lipa|it\u2019s joever\n|\n|t:|1699808137\n|switch|p1a: can he beat goku|Infernape, F|100\/100\n|turn|35\n|c| LuichoX|STRONGEST MFER ALIVE\n|\n|t:|1699808146\n|move|p1a: can he beat goku|Vacuum Wave|p2a: Glastrier\n|-damage|p2a: Glastrier|0 fnt\n|faint|p2a: Glastrier\n|\n|win|LupinoFTW\n|c| LuichoX|como aguanto ese tera blast\n|c| LuichoX|rip\n|l|\u2606Rookie the Wolf\n","uploadtime":1699808158,"views":21,"p1id":"lupinoftw","p2id":"rookiethewolf","formatid":"gen9ou","rating":0,"private":0,"password":""}