{"id":"gen9ou-2000131472","p1":"Cakecool","p2":"Vicenpro_64","format":"[Gen 9] OU","log":"|j|\u2606Cakecool\n|j|\u2606Vicenpro_64\n|inactive|Battle timer is ON: inactive players will automatically lose when time's up.\n|t:|1701160432\n|gametype|singles\n|j|*Lady Monita \u2746\n|player|p1|Cakecool|1|\n|player|p2|Vicenpro_64|gentleman-gen4|\n|teamsize|p1|6\n|teamsize|p2|6\n|gen|9\n|tier|[Gen 9] OU\n|rated|Tournament battle\n|rule|Sleep Clause Mod: Limit one foe put to sleep\n|rule|Species Clause: Limit one of each Pok\u00e9mon\n|rule|OHKO Clause: OHKO moves are banned\n|rule|Evasion Items Clause: Evasion items are banned\n|rule|Evasion Moves Clause: Evasion moves are banned\n|rule|Endless Battle Clause: Forcing endless battles is banned\n|rule|HP Percentage Mod: HP is shown in percentages\n|rule|Scalemons Mod: Every Pokemon's stats, barring HP, are scaled to come as close to a BST of 600 as possible\n|clearpoke\n|poke|p1|Electrode|\n|poke|p1|Skeledirge, M|\n|poke|p1|Cetitan, F|\n|poke|p1|Bronzong|\n|poke|p1|Amoonguss, M|\n|poke|p1|Altaria, F|\n|poke|p2|Kingambit, F|\n|poke|p2|Glimmora, M|\n|poke|p2|Gholdengo|\n|poke|p2|Iron Valiant|\n|poke|p2|Great Tusk|\n|poke|p2|Dragonite, M|\n|teampreview\n|\n|t:|1701160439\n|start\n|switch|p1a: Skeledirge|Skeledirge, M|100\/100\n|switch|p2a: Glimmora|Glimmora, M|100\/100\n|turn|1\n|j| Mik-Gor\n|\n|t:|1701160457\n|move|p2a: Glimmora|Spikes|p1a: Skeledirge\n|-sidestart|p1: Cakecool|Spikes\n|move|p1a: Skeledirge|Torch Song|p2a: Glimmora\n|-resisted|p2a: Glimmora\n|-damage|p2a: Glimmora|83\/100\n|-boost|p1a: Skeledirge|spa|1\n|\n|upkeep\n|turn|2\n|\n|t:|1701160465\n|move|p2a: Glimmora|Stealth Rock|p1a: Skeledirge\n|-sidestart|p1: Cakecool|move: Stealth Rock\n|move|p1a: Skeledirge|Earth Power|p2a: Glimmora\n|-supereffective|p2a: Glimmora\n|-damage|p2a: Glimmora|0 fnt\n|faint|p2a: Glimmora\n|\n|upkeep\n|j| poketough\n|\n|t:|1701160479\n|switch|p2a: Great Tusk|Great Tusk|100\/100\n|turn|3\n|\n|t:|1701160484\n|move|p2a: Great Tusk|Earthquake|p1a: Skeledirge\n|-supereffective|p1a: Skeledirge\n|-damage|p1a: Skeledirge|26\/100\n|move|p1a: Skeledirge|Earth Power|p2a: Great Tusk\n|-damage|p2a: Great Tusk|46\/100\n|\n|-heal|p2a: Great Tusk|52\/100|[from] item: Leftovers\n|upkeep\n|turn|4\n|\n|t:|1701160492\n|move|p2a: Great Tusk|Earthquake|p1a: Skeledirge\n|-supereffective|p1a: Skeledirge\n|-damage|p1a: Skeledirge|0 fnt\n|faint|p1a: Skeledirge\n|\n|-heal|p2a: Great Tusk|59\/100|[from] item: Leftovers\n|upkeep\n|\n|t:|1701160498\n|switch|p1a: Cetitan|Cetitan, F|100\/100\n|turn|5\n|c| Mik-Gor|\u00ba-\u00ba\n|\n|t:|1701160508\n|-end|p2a: Great Tusk|Protosynthesis|[silent]\n|switch|p2a: Iron Valiant|Iron Valiant|100\/100\n|move|p1a: Cetitan|Earthquake|p2a: Iron Valiant\n|-crit|p2a: Iron Valiant\n|-damage|p2a: Iron Valiant|42\/100\n|\n|upkeep\n|turn|6\n|l| poketough\n|\n|t:|1701160521\n|move|p2a: Iron Valiant|Moonblast|p1a: Cetitan\n|-damage|p1a: Cetitan|63\/100\n|move|p1a: Cetitan|Earthquake|p2a: Iron Valiant\n|-damage|p2a: Iron Valiant|3\/100\n|\n|upkeep\n|turn|7\n|\n|t:|1701160528\n|move|p2a: Iron Valiant|Moonblast|p1a: Cetitan\n|-damage|p1a: Cetitan|19\/100\n|move|p1a: Cetitan|Earthquake|p2a: Iron Valiant\n|-damage|p2a: Iron Valiant|0 fnt\n|faint|p2a: Iron Valiant\n|-end|p2a: Iron Valiant|Quark Drive|[silent]\n|\n|upkeep\n|\n|t:|1701160532\n|switch|p2a: Gholdengo|Gholdengo|100\/100\n|-item|p2a: Gholdengo|Air Balloon\n|turn|8\n|\n|t:|1701160538\n|move|p2a: Gholdengo|Shadow Ball|p1a: Cetitan\n|-damage|p1a: Cetitan|0 fnt\n|faint|p1a: Cetitan\n|\n|upkeep\n|\n|t:|1701160543\n|switch|p1a: Electrode|Electrode|100\/100\n|turn|9\n|inactive|Vicenpro_64 has 120 seconds left.\n|\n|t:|1701160577\n|move|p1a: Electrode|Thunderbolt|p2a: Gholdengo\n|-damage|p2a: Gholdengo|67\/100\n|-enditem|p2a: Gholdengo|Air Balloon\n|move|p2a: Gholdengo|Shadow Ball|p1a: Electrode\n|-damage|p1a: Electrode|43\/100\n|-unboost|p1a: Electrode|spd|1\n|\n|upkeep\n|turn|10\n|\n|t:|1701160587\n|move|p1a: Electrode|Volt Switch|p2a: Gholdengo\n|-damage|p2a: Gholdengo|41\/100\n|\n|t:|1701160592\n|switch|p1a: Bronzong|Bronzong|100\/100|[from] Volt Switch\n|-damage|p1a: Bronzong|88\/100|[from] Spikes\n|-damage|p1a: Bronzong|82\/100|[from] Stealth Rock\n|move|p2a: Gholdengo|Shadow Ball|p1a: Bronzong\n|-supereffective|p1a: Bronzong\n|-crit|p1a: Bronzong\n|-damage|p1a: Bronzong|0 fnt\n|faint|p1a: Bronzong\n|\n|upkeep\n|c|\u2606Vicenpro_64|creo que esta la gano\n|\n|t:|1701160602\n|switch|p1a: Altaria|Altaria, F|100\/100\n|turn|11\n|c| Mik-Gor|lo dudo\n|\n|t:|1701160615\n|move|p1a: Altaria|Will-O-Wisp|p2a: Gholdengo\n|-immune|p2a: Gholdengo|[from] ability: Good as Gold\n|move|p2a: Gholdengo|Make It Rain|p1a: Altaria\n|-damage|p1a: Altaria|42\/100\n|-unboost|p2a: Gholdengo|spa|1\n|\n|upkeep\n|turn|12\n|c|\u2606Vicenpro_64|que noob\n|c| Mik-Gor|pero confia en ti mismo\n|\n|t:|1701160625\n|move|p1a: Altaria|Roost|p1a: Altaria\n|-heal|p1a: Altaria|92\/100\n|-singleturn|p1a: Altaria|move: Roost\n|move|p2a: Gholdengo|Recover|p2a: Gholdengo\n|-heal|p2a: Gholdengo|91\/100\n|\n|upkeep\n|turn|13\n|\n|t:|1701160635\n|move|p1a: Altaria|Brave Bird|p2a: Gholdengo\n|-resisted|p2a: Gholdengo\n|-damage|p2a: Gholdengo|73\/100\n|-damage|p1a: Altaria|86\/100|[from] Recoil\n|move|p2a: Gholdengo|Nasty Plot|p2a: Gholdengo\n|-boost|p2a: Gholdengo|spa|2\n|\n|upkeep\n|turn|14\n|c|\u2606Vicenpro_64|determinacion\n|\n|t:|1701160646\n|switch|p1a: Electrode|Electrode|43\/100\n|move|p2a: Gholdengo|Nasty Plot|p2a: Gholdengo\n|-boost|p2a: Gholdengo|spa|2\n|\n|upkeep\n|turn|15\n|\n|t:|1701160653\n|move|p1a: Electrode|Thunderbolt|p2a: Gholdengo\n|-damage|p2a: Gholdengo|42\/100\n|move|p2a: Gholdengo|Make It Rain|p1a: Electrode\n|-resisted|p1a: Electrode\n|-damage|p1a: Electrode|0 fnt\n|-unboost|p2a: Gholdengo|spa|1\n|faint|p1a: Electrode\n|\n|upkeep\n|\n|t:|1701160663\n|switch|p1a: Amoonguss|Amoonguss, M|100\/100\n|-damage|p1a: Amoonguss|88\/100|[from] Spikes\n|-damage|p1a: Amoonguss|76\/100|[from] Stealth Rock\n|turn|16\n|c|\u2606Vicenpro_64|me lo va a dormir\n|c| Mik-Gor|among us\n|c| Mik-Gor|sus\n|c|\u2606Vicenpro_64|pero goldengo no puede dormir\n|\n|t:|1701160681\n|move|p2a: Gholdengo|Make It Rain|p1a: Amoonguss\n|-crit|p1a: Amoonguss\n|-damage|p1a: Amoonguss|0 fnt\n|-unboost|p2a: Gholdengo|spa|1\n|faint|p1a: Amoonguss\n|\n|upkeep\n|\n|t:|1701160688\n|switch|p1a: Altaria|Altaria, F|86\/100\n|turn|17\n|c|\u2606Vicenpro_64|sus\n|\n|t:|1701160694\n|move|p1a: Altaria|Brave Bird|p2a: Gholdengo\n|-resisted|p2a: Gholdengo\n|-damage|p2a: Gholdengo|23\/100\n|-damage|p1a: Altaria|79\/100|[from] Recoil\n|move|p2a: Gholdengo|Make It Rain|p1a: Altaria\n|-damage|p1a: Altaria|0 fnt\n|-unboost|p2a: Gholdengo|spa|1\n|faint|p1a: Altaria\n|\n|win|Vicenpro_64\n|n|\u2606Cakecool|cakecool\n|n|\u2606Vicenpro_64|vicenpro64\n|n|*Lady Monita \u2746|ladymonita\n|n| Mik-Gor|mikgor\n","uploadtime":1701160695,"views":2,"p1id":"cakecool","p2id":"vicenpro64","formatid":"gen9ou","rating":0,"private":0,"password":""}