{"id":"gen9ou-1991688301","p1":"BCDefault","p2":"kirimissing","format":"[Gen 9] OU","log":"|j|\u2606BCDefault\n|j|\u2606kirimissing\n|t:|1700102828\n|gametype|singles\n|player|p1|BCDefault|worker|1216\n|player|p2|kirimissing|raifort|1121\n|teamsize|p1|6\n|teamsize|p2|6\n|gen|9\n|tier|[Gen 9] OU\n|rated|\n|rule|Sleep Clause Mod: Limit one foe put to sleep\n|rule|Species Clause: Limit one of each Pok\u00e9mon\n|rule|OHKO Clause: OHKO moves are banned\n|rule|Evasion Items Clause: Evasion items are banned\n|rule|Evasion Moves Clause: Evasion moves are banned\n|rule|Endless Battle Clause: Forcing endless battles is banned\n|rule|HP Percentage Mod: HP is shown in percentages\n|clearpoke\n|poke|p1|Lucario, F|\n|poke|p1|Gyarados, F|\n|poke|p1|Ninetales-Alola, F|\n|poke|p1|Garganacl, M|\n|poke|p1|Great Tusk|\n|poke|p1|Ceruledge, M|\n|poke|p2|Alomomola, M|\n|poke|p2|Glimmora, M|\n|poke|p2|Ninetales-Alola, M|\n|poke|p2|Ogerpon, F|\n|poke|p2|Landorus-Therian, M|\n|poke|p2|Gholdengo|\n|teampreview\n|\n|t:|1700102843\n|start\n|switch|p1a: Gyarados|Gyarados, F|100\/100\n|switch|p2a: Gholdengo|Gholdengo|100\/100\n|-ability|p1a: Gyarados|Intimidate|boost\n|-unboost|p2a: Gholdengo|atk|1\n|turn|1\n|\n|t:|1700102851\n|move|p1a: Gyarados|Dragon Dance|p1a: Gyarados\n|-boost|p1a: Gyarados|atk|1\n|-boost|p1a: Gyarados|spe|1\n|move|p2a: Gholdengo|Nasty Plot|p2a: Gholdengo\n|-boost|p2a: Gholdengo|spa|2\n|\n|upkeep\n|turn|2\n|\n|t:|1700102889\n|move|p1a: Gyarados|Crunch|p2a: Gholdengo\n|-supereffective|p2a: Gholdengo\n|-damage|p2a: Gholdengo|19\/100\n|move|p2a: Gholdengo|Shadow Ball|p1a: Gyarados\n|-damage|p1a: Gyarados|12\/100\n|\n|-heal|p2a: Gholdengo|25\/100|[from] item: Leftovers\n|upkeep\n|turn|3\n|\n|t:|1700102897\n|switch|p2a: Landorus|Landorus-Therian, M|100\/100\n|-ability|p2a: Landorus|Intimidate|boost\n|-unboost|p1a: Gyarados|atk|1\n|move|p1a: Gyarados|Crunch|p2a: Landorus\n|-damage|p2a: Landorus|72\/100\n|\n|upkeep\n|turn|4\n|\n|t:|1700102901\n|move|p1a: Gyarados|Waterfall|p2a: Landorus\n|-supereffective|p2a: Landorus\n|-damage|p2a: Landorus|0 fnt\n|faint|p2a: Landorus\n|\n|upkeep\n|\n|t:|1700102904\n|switch|p2a: Ninetales|Ninetales-Alola, M|100\/100\n|-weather|Snow|[from] ability: Snow Warning|[of] p2a: Ninetales\n|turn|5\n|\n|t:|1700102908\n|move|p1a: Gyarados|Waterfall|p2a: Ninetales\n|-damage|p2a: Ninetales|62\/100\n|move|p2a: Ninetales|Freeze-Dry|p1a: Gyarados\n|-supereffective|p1a: Gyarados\n|-damage|p1a: Gyarados|0 fnt\n|faint|p1a: Gyarados\n|\n|-weather|Snow|[upkeep]\n|upkeep\n|\n|t:|1700102931\n|switch|p1a: Lucario|Lucario, F|100\/100\n|turn|6\n|\n|t:|1700102935\n|switch|p2a: Gholdengo|Gholdengo|25\/100\n|move|p1a: Lucario|Swords Dance|p1a: Lucario\n|-boost|p1a: Lucario|atk|2\n|\n|-weather|Snow|[upkeep]\n|-heal|p2a: Gholdengo|31\/100|[from] item: Leftovers\n|upkeep\n|turn|7\n|\n|t:|1700102939\n|move|p1a: Lucario|Earthquake|p2a: Gholdengo\n|-supereffective|p2a: Gholdengo\n|-damage|p2a: Gholdengo|0 fnt\n|faint|p2a: Gholdengo\n|-damage|p1a: Lucario|91\/100|[from] item: Life Orb\n|\n|-weather|Snow|[upkeep]\n|upkeep\n|\n|t:|1700102945\n|switch|p2a: Glimmora|Glimmora, M|100\/100\n|turn|8\n|\n|t:|1700102950\n|-terastallize|p1a: Lucario|Normal\n|move|p1a: Lucario|Earthquake|p2a: Glimmora\n|-supereffective|p2a: Glimmora\n|-crit|p2a: Glimmora\n|-damage|p2a: Glimmora|0 fnt\n|faint|p2a: Glimmora\n|-damage|p1a: Lucario|81\/100|[from] item: Life Orb\n|\n|-weather|Snow|[upkeep]\n|upkeep\n|\n|t:|1700102955\n|switch|p2a: Ogerpon|Ogerpon, F|100\/100\n|turn|9\n|\n|t:|1700102959\n|-terastallize|p2a: Ogerpon|Grass\n|detailschange|p2a: Ogerpon|Ogerpon-Teal-Tera, F, tera:Grass\n|-ability|p2a: Ogerpon|Embody Aspect (Teal)|boost\n|-boost|p2a: Ogerpon|spe|1\n|move|p1a: Lucario|Extreme Speed|p2a: Ogerpon\n|-damage|p2a: Ogerpon|0 fnt\n|faint|p2a: Ogerpon\n|-damage|p1a: Lucario|71\/100|[from] item: Life Orb\n|\n|-weather|none\n|upkeep\n|-message|kirimissing forfeited.\n|\n|win|BCDefault\n|raw|BCDefault's rating: 1216 &rarr; <strong>1234<\/strong><br \/>(+18 for winning)\n|raw|kirimissing's rating: 1121 &rarr; <strong>1103<\/strong><br \/>(-18 for losing)\n|l|\u2606kirimissing\n","uploadtime":1700102973,"views":7,"p1id":"bcdefault","p2id":"kirimissing","formatid":"gen9ou","rating":1103,"private":0,"password":""}