{"id":"gen9ou-1994369403","p1":"Snepes","p2":"nosymegahugo","format":"[Gen 9] OU","log":"|j|\u2606Snepes\n|j|\u2606nosymegahugo\n|t:|1700436079\n|gametype|singles\n|player|p1|Snepes|falkner|1100\n|player|p2|nosymegahugo|2|1154\n|teamsize|p1|6\n|teamsize|p2|6\n|gen|9\n|tier|[Gen 9] OU\n|rated|\n|rule|Sleep Clause Mod: Limit one foe put to sleep\n|rule|Species Clause: Limit one of each Pok\u00e9mon\n|rule|OHKO Clause: OHKO moves are banned\n|rule|Evasion Items Clause: Evasion items are banned\n|rule|Evasion Moves Clause: Evasion moves are banned\n|rule|Endless Battle Clause: Forcing endless battles is banned\n|rule|HP Percentage Mod: HP is shown in percentages\n|clearpoke\n|poke|p1|Cinderace, M|\n|poke|p1|Ogerpon-Wellspring, F|\n|poke|p1|Thundurus-Therian, M|\n|poke|p1|Rillaboom, F|\n|poke|p1|Great Tusk|\n|poke|p1|Corviknight, F|\n|poke|p2|Glimmora, F|\n|poke|p2|Alomomola, F|\n|poke|p2|Tyranitar, F|\n|poke|p2|Trevenant, F|\n|poke|p2|Garchomp, M|\n|poke|p2|Corviknight, M|\n|teampreview\n|inactive|Battle timer is ON: inactive players will automatically lose when time's up. (requested by nosymegahugo)\n|\n|t:|1700436097\n|start\n|switch|p1a: Thundurus|Thundurus-Therian, M|100\/100\n|switch|p2a: Spattk punisher|Tyranitar, F|100\/100\n|-weather|Sandstorm|[from] ability: Sand Stream|[of] p2a: Spattk punisher\n|turn|1\n|\n|t:|1700436101\n|move|p1a: Thundurus|Volt Switch|p2a: Spattk punisher\n|-damage|p2a: Spattk punisher|89\/100\n|\n|t:|1700436108\n|switch|p1a: Great Tusk|Great Tusk|100\/100|[from] Volt Switch\n|move|p2a: Spattk punisher|Knock Off|p1a: Great Tusk\n|-resisted|p1a: Great Tusk\n|-damage|p1a: Great Tusk|86\/100\n|-enditem|p1a: Great Tusk|Leftovers|[from] move: Knock Off|[of] p2a: Spattk punisher\n|\n|-weather|Sandstorm|[upkeep]\n|upkeep\n|turn|2\n|\n|t:|1700436115\n|switch|p2a: Phys punisher|Garchomp, M|100\/100\n|move|p1a: Great Tusk|Stealth Rock|p2a: Phys punisher\n|-sidestart|p2: nosymegahugo|move: Stealth Rock\n|\n|-weather|Sandstorm|[upkeep]\n|upkeep\n|turn|3\n|\n|t:|1700436120\n|move|p1a: Great Tusk|Ice Spinner|p2a: Phys punisher\n|-supereffective|p2a: Phys punisher\n|-damage|p2a: Phys punisher|38\/100\n|-damage|p1a: Great Tusk|73\/100|[from] ability: Rough Skin|[of] p2a: Phys punisher\n|move|p2a: Phys punisher|Stealth Rock|p1a: Great Tusk\n|-sidestart|p1: Snepes|move: Stealth Rock\n|\n|-weather|Sandstorm|[upkeep]\n|upkeep\n|turn|4\n|\n|t:|1700436128\n|switch|p2a: Phys punisher 2|Corviknight, M|100\/100\n|-damage|p2a: Phys punisher 2|88\/100|[from] Stealth Rock\n|-ability|p2a: Phys punisher 2|Pressure\n|move|p1a: Great Tusk|Rapid Spin|p2a: Phys punisher 2\n|-resisted|p2a: Phys punisher 2\n|-damage|p2a: Phys punisher 2|83\/100\n|-boost|p1a: Great Tusk|spe|1\n|-damage|p1a: Great Tusk|57\/100|[from] item: Rocky Helmet|[of] p2a: Phys punisher 2\n|-sideend|p1: Snepes|Stealth Rock|[from] move: Rapid Spin|[of] p1a: Great Tusk\n|\n|-weather|Sandstorm|[upkeep]\n|upkeep\n|turn|5\n|\n|t:|1700436134\n|-end|p1a: Great Tusk|Protosynthesis|[silent]\n|switch|p1a: Thundurus|Thundurus-Therian, M|100\/100\n|move|p2a: Phys punisher 2|Defog|p1a: Thundurus\n|-unboost|p1a: Thundurus|evasion|1\n|-sideend|p2: nosymegahugo|Stealth Rock|[from] move: Defog|[of] p2a: Phys punisher 2\n|\n|-weather|none\n|upkeep\n|turn|6\n|\n|t:|1700436142\n|switch|p2a: Spatrk punisher 2|Trevenant, F|100\/100\n|move|p1a: Thundurus|Nasty Plot|p1a: Thundurus\n|-boost|p1a: Thundurus|spa|2\n|\n|upkeep\n|turn|7\n|\n|t:|1700436146\n|move|p1a: Thundurus|Volt Switch|p2a: Spatrk punisher 2\n|-resisted|p2a: Spatrk punisher 2\n|-damage|p2a: Spatrk punisher 2|68\/100\n|-enditem|p2a: Spatrk punisher 2|Rowap Berry|[eat]\n|-damage|p1a: Thundurus|88\/100|[from] item: Rowap Berry|[of] p2a: Spatrk punisher 2\n|\n|t:|1700436150\n|switch|p1a: Cinderace|Cinderace, M|100\/100|[from] Volt Switch\n|move|p2a: Spatrk punisher 2|Leech Seed|p1a: Cinderace\n|-start|p1a: Cinderace|move: Leech Seed\n|\n|-damage|p1a: Cinderace|88\/100|[from] Leech Seed|[of] p2a: Spatrk punisher 2\n|-heal|p2a: Spatrk punisher 2|78\/100|[silent]\n|-item|p2a: Spatrk punisher 2|Rowap Berry|[from] ability: Harvest\n|upkeep\n|turn|8\n|\n|t:|1700436155\n|move|p2a: Spatrk punisher 2|Protect|p2a: Spatrk punisher 2\n|-singleturn|p2a: Spatrk punisher 2|Protect\n|move|p1a: Cinderace|U-turn|p2a: Spatrk punisher 2\n|-start|p1a: Cinderace|typechange|Bug|[from] ability: Libero\n|-activate|p2a: Spatrk punisher 2|move: Protect\n|\n|-damage|p1a: Cinderace|76\/100|[from] Leech Seed|[of] p2a: Spatrk punisher 2\n|-heal|p2a: Spatrk punisher 2|88\/100|[silent]\n|upkeep\n|turn|9\n|\n|t:|1700436163\n|switch|p2a: Phys punisher|Garchomp, M|38\/100\n|move|p1a: Cinderace|Pyro Ball|p2a: Phys punisher\n|-resisted|p2a: Phys punisher\n|-damage|p2a: Phys punisher|25\/100\n|\n|-damage|p1a: Cinderace|64\/100|[from] Leech Seed|[of] p2a: Phys punisher\n|-heal|p2a: Phys punisher|34\/100|[silent]\n|upkeep\n|turn|10\n|\n|t:|1700436174\n|switch|p1a: Great Tusk|Great Tusk|57\/100\n|switch|p2a: Alomomola|Alomomola, F|100\/100\n|\n|upkeep\n|turn|11\n|\n|t:|1700436179\n|move|p1a: Great Tusk|Stealth Rock|p2a: Alomomola\n|-sidestart|p2: nosymegahugo|move: Stealth Rock\n|move|p2a: Alomomola|Wish|p2a: Alomomola\n|\n|upkeep\n|turn|12\n|\n|t:|1700436183\n|-end|p1a: Great Tusk|Protosynthesis|[silent]\n|switch|p1a: Corviknight|Corviknight, F|100\/100\n|-ability|p1a: Corviknight|Pressure\n|move|p2a: Alomomola|Flip Turn|p1a: Corviknight\n|-damage|p1a: Corviknight|89\/100\n|-damage|p2a: Alomomola|84\/100|[from] item: Rocky Helmet|[of] p1a: Corviknight\n|\n|t:|1700436185\n|switch|p2a: Phys punisher|Garchomp, M|34\/100|[from] Flip Turn\n|\n|-heal|p2a: Phys punisher|97\/100|[from] move: Wish|[wisher] Alomomola\n|upkeep\n|turn|13\n|\n|t:|1700436190\n|move|p2a: Phys punisher|Stealth Rock|p1a: Corviknight\n|-sidestart|p1: Snepes|move: Stealth Rock\n|move|p1a: Corviknight|Iron Defense|p1a: Corviknight\n|-boost|p1a: Corviknight|def|2\n|\n|upkeep\n|turn|14\n|\n|t:|1700436193\n|move|p1a: Corviknight|Iron Defense|p1a: Corviknight\n|-boost|p1a: Corviknight|def|2\n|move|p2a: Phys punisher|Dragon Tail|p1a: Corviknight\n|-resisted|p1a: Corviknight\n|-damage|p1a: Corviknight|85\/100\n|-damage|p2a: Phys punisher|81\/100|[from] item: Rocky Helmet|[of] p1a: Corviknight\n|drag|p1a: Rillaboom|Rillaboom, F|100\/100\n|-damage|p1a: Rillaboom|88\/100|[from] Stealth Rock\n|-fieldstart|move: Grassy Terrain|[from] ability: Grassy Surge|[of] p1a: Rillaboom\n|\n|-heal|p1a: Rillaboom|94\/100|[from] Grassy Terrain\n|-heal|p2a: Phys punisher|87\/100|[from] Grassy Terrain\n|upkeep\n|turn|15\n|\n|t:|1700436202\n|move|p1a: Rillaboom|Wood Hammer|p2a: Phys punisher\n|-damage|p2a: Phys punisher|14\/100\n|-damage|p1a: Rillaboom|82\/100|[from] ability: Rough Skin|[of] p2a: Phys punisher\n|-damage|p1a: Rillaboom|52\/100|[from] Recoil\n|move|p2a: Phys punisher|Spikes|p1a: Rillaboom\n|-sidestart|p1: Snepes|Spikes\n|\n|-heal|p1a: Rillaboom|59\/100|[from] Grassy Terrain\n|-heal|p2a: Phys punisher|20\/100|[from] Grassy Terrain\n|upkeep\n|turn|16\n|\n|t:|1700436206\n|move|p1a: Rillaboom|Wood Hammer|p2a: Phys punisher\n|-damage|p2a: Phys punisher|0 fnt\n|-damage|p1a: Rillaboom|46\/100|[from] ability: Rough Skin|[of] p2a: Phys punisher\n|faint|p2a: Phys punisher\n|-damage|p1a: Rillaboom|38\/100|[from] Recoil\n|\n|-heal|p1a: Rillaboom|44\/100|[from] Grassy Terrain\n|upkeep\n|\n|t:|1700436215\n|switch|p2a: Spattk punisher|Tyranitar, F|89\/100\n|-damage|p2a: Spattk punisher|77\/100|[from] Stealth Rock\n|-weather|Sandstorm|[from] ability: Sand Stream|[of] p2a: Spattk punisher\n|turn|17\n|\n|t:|1700436220\n|switch|p2a: Phys punisher 2|Corviknight, M|83\/100\n|-damage|p2a: Phys punisher 2|70\/100|[from] Stealth Rock\n|-ability|p2a: Phys punisher 2|Pressure\n|move|p1a: Rillaboom|Wood Hammer|p2a: Phys punisher 2\n|-resisted|p2a: Phys punisher 2\n|-damage|p2a: Phys punisher 2|53\/100\n|-damage|p1a: Rillaboom|28\/100|[from] item: Rocky Helmet|[of] p2a: Phys punisher 2\n|-damage|p1a: Rillaboom|21\/100|[from] Recoil\n|\n|-weather|Sandstorm|[upkeep]\n|-damage|p1a: Rillaboom|15\/100|[from] Sandstorm\n|-heal|p1a: Rillaboom|21\/100|[from] Grassy Terrain\n|upkeep\n|turn|18\n|\n|t:|1700436224\n|switch|p1a: Great Tusk|Great Tusk|57\/100\n|-damage|p1a: Great Tusk|54\/100|[from] Stealth Rock\n|-damage|p1a: Great Tusk|42\/100|[from] Spikes\n|move|p2a: Phys punisher 2|Roost|p2a: Phys punisher 2\n|-heal|p2a: Phys punisher 2|100\/100\n|-singleturn|p2a: Phys punisher 2|move: Roost\n|\n|-weather|Sandstorm|[upkeep]\n|-heal|p1a: Great Tusk|48\/100|[from] Grassy Terrain\n|-fieldend|move: Grassy Terrain\n|upkeep\n|turn|19\n|\n|t:|1700436227\n|move|p1a: Great Tusk|Rapid Spin|p2a: Phys punisher 2\n|-resisted|p2a: Phys punisher 2\n|-damage|p2a: Phys punisher 2|96\/100\n|-boost|p1a: Great Tusk|spe|1\n|-damage|p1a: Great Tusk|31\/100|[from] item: Rocky Helmet|[of] p2a: Phys punisher 2\n|-sideend|p1: Snepes|Spikes|[from] move: Rapid Spin|[of] p1a: Great Tusk\n|-sideend|p1: Snepes|Stealth Rock|[from] move: Rapid Spin|[of] p1a: Great Tusk\n|move|p2a: Phys punisher 2|Body Press|p1a: Great Tusk\n|-damage|p1a: Great Tusk|14\/100\n|\n|-weather|Sandstorm|[upkeep]\n|upkeep\n|turn|20\n|\n|t:|1700436239\n|-end|p1a: Great Tusk|Protosynthesis|[silent]\n|switch|p1a: Thundurus|Thundurus-Therian, M|88\/100\n|move|p2a: Phys punisher 2|U-turn|p1a: Thundurus\n|-resisted|p1a: Thundurus\n|-damage|p1a: Thundurus|77\/100\n|\n|t:|1700436241\n|switch|p2a: Spatrk punisher 2|Trevenant, F|88\/100|[from] U-turn\n|-damage|p2a: Spatrk punisher 2|76\/100|[from] Stealth Rock\n|\n|-weather|Sandstorm|[upkeep]\n|-damage|p1a: Thundurus|71\/100|[from] Sandstorm\n|-damage|p2a: Spatrk punisher 2|70\/100|[from] Sandstorm\n|upkeep\n|turn|21\n|\n|t:|1700436247\n|move|p1a: Thundurus|Volt Switch|p2a: Spatrk punisher 2\n|-resisted|p2a: Spatrk punisher 2\n|-damage|p2a: Spatrk punisher 2|54\/100\n|-enditem|p2a: Spatrk punisher 2|Rowap Berry|[eat]\n|-damage|p1a: Thundurus|58\/100|[from] item: Rowap Berry|[of] p2a: Spatrk punisher 2\n|\n|t:|1700436249\n|switch|p1a: Rillaboom|Rillaboom, F|21\/100|[from] Volt Switch\n|-fieldstart|move: Grassy Terrain|[from] ability: Grassy Surge|[of] p1a: Rillaboom\n|move|p2a: Spatrk punisher 2|Leech Seed|p1a: Rillaboom\n|-immune|p1a: Rillaboom\n|\n|-weather|none\n|-heal|p1a: Rillaboom|27\/100|[from] Grassy Terrain\n|-heal|p2a: Spatrk punisher 2|60\/100|[from] Grassy Terrain\n|upkeep\n|turn|22\n|\n|t:|1700436254\n|move|p2a: Spatrk punisher 2|Protect|p2a: Spatrk punisher 2\n|-singleturn|p2a: Spatrk punisher 2|Protect\n|move|p1a: Rillaboom|Knock Off|p2a: Spatrk punisher 2\n|-activate|p2a: Spatrk punisher 2|move: Protect\n|\n|-heal|p1a: Rillaboom|34\/100|[from] Grassy Terrain\n|-heal|p2a: Spatrk punisher 2|66\/100|[from] Grassy Terrain\n|upkeep\n|turn|23\n|\n|t:|1700436263\n|switch|p1a: Cinderace|Cinderace, M|64\/100\n|switch|p2a: Phys punisher 2|Corviknight, M|96\/100\n|-damage|p2a: Phys punisher 2|83\/100|[from] Stealth Rock\n|-ability|p2a: Phys punisher 2|Pressure\n|\n|-heal|p1a: Cinderace|70\/100|[from] Grassy Terrain\n|upkeep\n|turn|24\n|\n|t:|1700436271\n|switch|p2a: No steel|Glimmora, F|100\/100\n|-damage|p2a: No steel|88\/100|[from] Stealth Rock\n|-item|p2a: No steel|Air Balloon\n|move|p1a: Cinderace|Will-O-Wisp|p2a: No steel\n|-status|p2a: No steel|brn\n|\n|-heal|p1a: Cinderace|76\/100|[from] Grassy Terrain\n|-damage|p2a: No steel|82\/100 brn|[from] brn\n|upkeep\n|turn|25\n|\n|t:|1700436279\n|move|p1a: Cinderace|U-turn|p2a: No steel\n|-start|p1a: Cinderace|typechange|Bug|[from] ability: Libero\n|-resisted|p2a: No steel\n|-damage|p2a: No steel|65\/100 brn\n|-enditem|p2a: No steel|Air Balloon\n|\n|t:|1700436282\n|switch|p1a: Corviknight|Corviknight, F|85\/100|[from] U-turn\n|-ability|p1a: Corviknight|Pressure\n|move|p2a: No steel|Toxic|p1a: Corviknight\n|-status|p1a: Corviknight|tox\n|\n|-heal|p2a: No steel|71\/100 brn|[from] Grassy Terrain\n|-damage|p1a: Corviknight|79\/100 tox|[from] psn\n|-damage|p2a: No steel|65\/100 brn|[from] brn\n|-fieldend|move: Grassy Terrain\n|upkeep\n|turn|26\n|\n|t:|1700436288\n|move|p2a: No steel|Toxic Spikes|p1a: Corviknight\n|-sidestart|p1: Snepes|move: Toxic Spikes\n|move|p1a: Corviknight|U-turn|p2a: No steel\n|-resisted|p2a: No steel\n|-damage|p2a: No steel|57\/100 brn\n|\n|t:|1700436306\n|switch|p1a: Thundurus|Thundurus-Therian, M|58\/100|[from] U-turn\n|\n|-damage|p2a: No steel|51\/100 brn|[from] brn\n|upkeep\n|turn|27\n|\n|t:|1700436311\n|move|p1a: Thundurus|Nasty Plot|p1a: Thundurus\n|-boost|p1a: Thundurus|spa|2\n|move|p2a: No steel|Toxic|p1a: Thundurus\n|-status|p1a: Thundurus|tox\n|\n|-damage|p1a: Thundurus|52\/100 tox|[from] psn\n|-damage|p2a: No steel|45\/100 brn|[from] brn\n|upkeep\n|turn|28\n|\n|t:|1700436317\n|move|p1a: Thundurus|Volt Switch|p2a: No steel\n|-damage|p2a: No steel|0 fnt\n|faint|p2a: No steel\n|\n|t:|1700436322\n|switch|p1a: Corviknight|Corviknight, F|79\/100 tox|[from] Volt Switch\n|-ability|p1a: Corviknight|Pressure\n|\n|-damage|p1a: Corviknight|73\/100 tox|[from] psn\n|upkeep\n|\n|t:|1700436325\n|switch|p2a: Spatrk punisher 2|Trevenant, F|66\/100\n|-damage|p2a: Spatrk punisher 2|54\/100|[from] Stealth Rock\n|turn|29\n|\n|t:|1700436350\n|move|p1a: Corviknight|U-turn|p2a: Spatrk punisher 2\n|-damage|p2a: Spatrk punisher 2|37\/100\n|\n|t:|1700436353\n|switch|p1a: Great Tusk|Great Tusk|14\/100|[from] U-turn\n|-status|p1a: Great Tusk|psn\n|move|p2a: Spatrk punisher 2|Leech Seed|p1a: Great Tusk\n|-start|p1a: Great Tusk|move: Leech Seed\n|\n|-damage|p1a: Great Tusk|2\/100 psn|[from] Leech Seed|[of] p2a: Spatrk punisher 2\n|-heal|p2a: Spatrk punisher 2|50\/100|[silent]\n|-damage|p1a: Great Tusk|0 fnt|[from] psn\n|faint|p1a: Great Tusk\n|-end|p1a: Great Tusk|Protosynthesis|[silent]\n|upkeep\n|inactive|Snepes has 120 seconds left.\n|c|\u2606nosymegahugo|Trevenant is surprisingly nice\n|\n|t:|1700436379\n|switch|p1a: Cinderace|Cinderace, M|76\/100\n|turn|30\n|\n|t:|1700436386\n|move|p2a: Spatrk punisher 2|Protect|p2a: Spatrk punisher 2\n|-singleturn|p2a: Spatrk punisher 2|Protect\n|move|p1a: Cinderace|Pyro Ball|p2a: Spatrk punisher 2\n|-activate|p2a: Spatrk punisher 2|move: Protect\n|\n|-item|p2a: Spatrk punisher 2|Rowap Berry|[from] ability: Harvest\n|upkeep\n|turn|31\n|\n|t:|1700436391\n|move|p1a: Cinderace|Will-O-Wisp|p2a: Spatrk punisher 2\n|-status|p2a: Spatrk punisher 2|brn\n|move|p2a: Spatrk punisher 2|Leech Seed|p1a: Cinderace\n|-start|p1a: Cinderace|move: Leech Seed\n|\n|-damage|p1a: Cinderace|63\/100|[from] Leech Seed|[of] p2a: Spatrk punisher 2\n|-heal|p2a: Spatrk punisher 2|60\/100 brn|[silent]\n|-damage|p2a: Spatrk punisher 2|54\/100 brn|[from] brn\n|upkeep\n|turn|32\n|\n|t:|1700436397\n|switch|p1a: Corviknight|Corviknight, F|73\/100 tox\n|-ability|p1a: Corviknight|Pressure\n|move|p2a: Spatrk punisher 2|Protect||[still]\n|-fail|p2a: Spatrk punisher 2\n|\n|-damage|p1a: Corviknight|67\/100 tox|[from] psn\n|-damage|p2a: Spatrk punisher 2|48\/100 brn|[from] brn\n|upkeep\n|turn|33\n|\n|t:|1700436400\n|move|p1a: Corviknight|Roost|p1a: Corviknight\n|-heal|p1a: Corviknight|100\/100 tox\n|-singleturn|p1a: Corviknight|move: Roost\n|move|p2a: Spatrk punisher 2|Leech Seed|p1a: Corviknight\n|-start|p1a: Corviknight|move: Leech Seed\n|\n|-damage|p1a: Corviknight|88\/100 tox|[from] Leech Seed|[of] p2a: Spatrk punisher 2\n|-heal|p2a: Spatrk punisher 2|61\/100 brn|[silent]\n|-damage|p1a: Corviknight|76\/100 tox|[from] psn\n|-damage|p2a: Spatrk punisher 2|55\/100 brn|[from] brn\n|upkeep\n|turn|34\n|\n|t:|1700436407\n|switch|p1a: Cinderace|Cinderace, M|63\/100\n|move|p2a: Spatrk punisher 2|Protect||[still]\n|-fail|p2a: Spatrk punisher 2\n|\n|-damage|p2a: Spatrk punisher 2|49\/100 brn|[from] brn\n|upkeep\n|turn|35\n|\n|t:|1700436412\n|switch|p2a: Spattk punisher|Tyranitar, F|77\/100\n|-damage|p2a: Spattk punisher|65\/100|[from] Stealth Rock\n|-weather|Sandstorm|[from] ability: Sand Stream|[of] p2a: Spattk punisher\n|move|p1a: Cinderace|Pyro Ball|p2a: Spattk punisher\n|-resisted|p2a: Spattk punisher\n|-damage|p2a: Spattk punisher|44\/100\n|\n|-weather|Sandstorm|[upkeep]\n|-damage|p1a: Cinderace|57\/100|[from] Sandstorm\n|upkeep\n|turn|36\n|\n|t:|1700436420\n|switch|p2a: Alomomola|Alomomola, F|100\/100\n|move|p1a: Cinderace|U-turn|p2a: Alomomola\n|-start|p1a: Cinderace|typechange|Bug|[from] ability: Libero\n|-damage|p2a: Alomomola|83\/100\n|\n|t:|1700436430\n|switch|p1a: Thundurus|Thundurus-Therian, M|52\/100 tox|[from] U-turn\n|\n|-weather|Sandstorm|[upkeep]\n|-damage|p1a: Thundurus|46\/100 tox|[from] Sandstorm\n|-damage|p2a: Alomomola|77\/100|[from] Sandstorm\n|-damage|p1a: Thundurus|40\/100 tox|[from] psn\n|upkeep\n|turn|37\n|\n|t:|1700436435\n|switch|p2a: Spatrk punisher 2|Trevenant, F|49\/100 brn\n|-damage|p2a: Spatrk punisher 2|37\/100 brn|[from] Stealth Rock\n|move|p1a: Thundurus|Volt Switch|p2a: Spatrk punisher 2\n|-resisted|p2a: Spatrk punisher 2\n|-damage|p2a: Spatrk punisher 2|21\/100 brn\n|-enditem|p2a: Spatrk punisher 2|Rowap Berry|[eat]\n|-damage|p1a: Thundurus|28\/100 tox|[from] item: Rowap Berry|[of] p2a: Spatrk punisher 2\n|\n|t:|1700436439\n|switch|p1a: Cinderace|Cinderace, M|57\/100|[from] Volt Switch\n|\n|-weather|Sandstorm|[upkeep]\n|-damage|p1a: Cinderace|51\/100|[from] Sandstorm\n|-damage|p2a: Spatrk punisher 2|14\/100 brn|[from] Sandstorm\n|-damage|p2a: Spatrk punisher 2|8\/100 brn|[from] brn\n|-item|p2a: Spatrk punisher 2|Rowap Berry|[from] ability: Harvest\n|upkeep\n|turn|38\n|\n|t:|1700436442\n|move|p1a: Cinderace|U-turn|p2a: Spatrk punisher 2\n|-start|p1a: Cinderace|typechange|Bug|[from] ability: Libero\n|-damage|p2a: Spatrk punisher 2|0 fnt\n|faint|p2a: Spatrk punisher 2\n|\n|t:|1700436449\n|switch|p1a: Corviknight|Corviknight, F|76\/100 tox|[from] U-turn\n|-ability|p1a: Corviknight|Pressure\n|\n|-weather|Sandstorm|[upkeep]\n|-damage|p1a: Corviknight|70\/100 tox|[from] psn\n|upkeep\n|\n|t:|1700436451\n|switch|p2a: Alomomola|Alomomola, F|100\/100\n|turn|39\n|\n|t:|1700436456\n|move|p1a: Corviknight|U-turn|p2a: Alomomola\n|-damage|p2a: Alomomola|93\/100\n|\n|t:|1700436467\n|switch|p1a: Ogerpon|Ogerpon-Wellspring, F|100\/100|[from] U-turn\n|-status|p1a: Ogerpon|psn\n|move|p2a: Alomomola|Wish|p2a: Alomomola\n|\n|-weather|none\n|-damage|p1a: Ogerpon|88\/100 psn|[from] psn\n|upkeep\n|turn|40\n|\n|t:|1700436471\n|switch|p2a: Phys punisher 2|Corviknight, M|83\/100\n|-damage|p2a: Phys punisher 2|71\/100|[from] Stealth Rock\n|-ability|p2a: Phys punisher 2|Pressure\n|move|p1a: Ogerpon|Spikes|p2a: Phys punisher 2\n|-sidestart|p2: nosymegahugo|Spikes\n|\n|-heal|p2a: Phys punisher 2|100\/100|[from] move: Wish|[wisher] Alomomola\n|-damage|p1a: Ogerpon|76\/100 psn|[from] psn\n|upkeep\n|turn|41\n|\n|t:|1700436474\n|move|p1a: Ogerpon|Spikes|p2a: Phys punisher 2\n|-sidestart|p2: nosymegahugo|Spikes\n|move|p2a: Phys punisher 2|Defog|p1a: Ogerpon\n|-unboost|p1a: Ogerpon|evasion|1\n|-sideend|p1: Snepes|Toxic Spikes|[from] move: Defog|[of] p2a: Phys punisher 2\n|-sideend|p2: nosymegahugo|Spikes|[from] move: Defog|[of] p2a: Phys punisher 2\n|-sideend|p2: nosymegahugo|Stealth Rock|[from] move: Defog|[of] p2a: Phys punisher 2\n|\n|-damage|p1a: Ogerpon|64\/100 psn|[from] psn\n|upkeep\n|turn|42\n|\n|t:|1700436501\n|switch|p1a: Corviknight|Corviknight, F|70\/100 tox\n|-ability|p1a: Corviknight|Pressure\n|move|p2a: Phys punisher 2|U-turn|p1a: Corviknight\n|-resisted|p1a: Corviknight\n|-damage|p1a: Corviknight|67\/100 tox\n|-damage|p2a: Phys punisher 2|84\/100|[from] item: Rocky Helmet|[of] p1a: Corviknight\n|\n|t:|1700436503\n|switch|p2a: Alomomola|Alomomola, F|100\/100|[from] U-turn\n|\n|-damage|p1a: Corviknight|61\/100 tox|[from] psn\n|upkeep\n|turn|43\n|\n|t:|1700436506\n|move|p1a: Corviknight|Roost|p1a: Corviknight\n|-heal|p1a: Corviknight|100\/100 tox\n|-singleturn|p1a: Corviknight|move: Roost\n|move|p2a: Alomomola|Wish|p2a: Alomomola\n|\n|-damage|p1a: Corviknight|88\/100 tox|[from] psn\n|upkeep\n|turn|44\n|\n|t:|1700436514\n|move|p1a: Corviknight|U-turn|p2a: Alomomola\n|-damage|p2a: Alomomola|92\/100\n|\n|t:|1700436521\n|switch|p1a: Rillaboom|Rillaboom, F|34\/100|[from] U-turn\n|-fieldstart|move: Grassy Terrain|[from] ability: Grassy Surge|[of] p1a: Rillaboom\n|move|p2a: Alomomola|Flip Turn|p1a: Rillaboom\n|-resisted|p1a: Rillaboom\n|-damage|p1a: Rillaboom|26\/100\n|\n|t:|1700436525\n|switch|p2a: Spattk punisher|Tyranitar, F|44\/100|[from] Flip Turn\n|-weather|Sandstorm|[from] ability: Sand Stream|[of] p2a: Spattk punisher\n|\n|-weather|Sandstorm|[upkeep]\n|-damage|p1a: Rillaboom|20\/100|[from] Sandstorm\n|-heal|p2a: Spattk punisher|100\/100|[from] move: Wish|[wisher] Alomomola\n|-heal|p1a: Rillaboom|26\/100|[from] Grassy Terrain\n|upkeep\n|turn|45\n|\n|t:|1700436531\n|switch|p2a: Phys punisher 2|Corviknight, M|84\/100\n|-ability|p2a: Phys punisher 2|Pressure\n|move|p1a: Rillaboom|Knock Off|p2a: Phys punisher 2\n|-damage|p2a: Phys punisher 2|52\/100\n|-damage|p1a: Rillaboom|10\/100|[from] item: Rocky Helmet|[of] p2a: Phys punisher 2\n|-enditem|p2a: Phys punisher 2|Rocky Helmet|[from] move: Knock Off|[of] p1a: Rillaboom\n|\n|-weather|Sandstorm|[upkeep]\n|-damage|p1a: Rillaboom|3\/100|[from] Sandstorm\n|-heal|p1a: Rillaboom|10\/100|[from] Grassy Terrain\n|upkeep\n|turn|46\n|\n|t:|1700436535\n|switch|p1a: Corviknight|Corviknight, F|88\/100 tox\n|-ability|p1a: Corviknight|Pressure\n|move|p2a: Phys punisher 2|Roost|p2a: Phys punisher 2\n|-heal|p2a: Phys punisher 2|100\/100\n|-singleturn|p2a: Phys punisher 2|move: Roost\n|\n|-weather|Sandstorm|[upkeep]\n|-damage|p1a: Corviknight|82\/100 tox|[from] psn\n|upkeep\n|turn|47\n|\n|t:|1700436540\n|move|p1a: Corviknight|Iron Defense|p1a: Corviknight\n|-boost|p1a: Corviknight|def|2\n|move|p2a: Phys punisher 2|Body Press|p1a: Corviknight\n|-damage|p1a: Corviknight|71\/100 tox\n|-damage|p2a: Phys punisher 2|84\/100|[from] item: Rocky Helmet|[of] p1a: Corviknight\n|\n|-weather|Sandstorm|[upkeep]\n|-damage|p1a: Corviknight|59\/100 tox|[from] psn\n|upkeep\n|turn|48\n|\n|t:|1700436547\n|switch|p2a: Alomomola|Alomomola, F|100\/100\n|move|p1a: Corviknight|Body Press|p2a: Alomomola\n|-damage|p2a: Alomomola|80\/100\n|\n|-weather|none\n|-heal|p2a: Alomomola|87\/100|[from] Grassy Terrain\n|-damage|p1a: Corviknight|41\/100 tox|[from] psn\n|-fieldend|move: Grassy Terrain\n|upkeep\n|turn|49\n|\n|t:|1700436553\n|move|p1a: Corviknight|U-turn|p2a: Alomomola\n|-damage|p2a: Alomomola|78\/100\n|\n|t:|1700436557\n|switch|p1a: Rillaboom|Rillaboom, F|10\/100|[from] U-turn\n|-fieldstart|move: Grassy Terrain|[from] ability: Grassy Surge|[of] p1a: Rillaboom\n|move|p2a: Alomomola|Scald|p1a: Rillaboom\n|-resisted|p1a: Rillaboom\n|-damage|p1a: Rillaboom|0 fnt\n|faint|p1a: Rillaboom\n|\n|-heal|p2a: Alomomola|85\/100|[from] Grassy Terrain\n|upkeep\n|\n|t:|1700436565\n|switch|p1a: Thundurus|Thundurus-Therian, M|28\/100 tox\n|turn|50\n|\n|t:|1700436567\n|switch|p2a: Spattk punisher|Tyranitar, F|100\/100\n|-weather|Sandstorm|[from] ability: Sand Stream|[of] p2a: Spattk punisher\n|move|p1a: Thundurus|Volt Switch|p2a: Spattk punisher\n|-damage|p2a: Spattk punisher|88\/100\n|\n|t:|1700436570\n|switch|p1a: Cinderace|Cinderace, M|51\/100|[from] Volt Switch\n|\n|-weather|Sandstorm|[upkeep]\n|-damage|p1a: Cinderace|45\/100|[from] Sandstorm\n|-heal|p1a: Cinderace|51\/100|[from] Grassy Terrain\n|-heal|p2a: Spattk punisher|95\/100|[from] Grassy Terrain\n|upkeep\n|turn|51\n|\n|t:|1700436574\n|switch|p2a: Alomomola|Alomomola, F|100\/100\n|move|p1a: Cinderace|U-turn|p2a: Alomomola\n|-start|p1a: Cinderace|typechange|Bug|[from] ability: Libero\n|-damage|p2a: Alomomola|82\/100\n|\n|t:|1700436579\n|switch|p1a: Thundurus|Thundurus-Therian, M|28\/100 tox|[from] U-turn\n|\n|-weather|Sandstorm|[upkeep]\n|-damage|p1a: Thundurus|22\/100 tox|[from] Sandstorm\n|-damage|p2a: Alomomola|76\/100|[from] Sandstorm\n|-heal|p2a: Alomomola|82\/100|[from] Grassy Terrain\n|-damage|p1a: Thundurus|16\/100 tox|[from] psn\n|upkeep\n|turn|52\n|\n|t:|1700436582\n|move|p2a: Alomomola|Protect|p2a: Alomomola\n|-singleturn|p2a: Alomomola|Protect\n|move|p1a: Thundurus|Volt Switch|p2a: Alomomola\n|-activate|p2a: Alomomola|move: Protect\n|\n|-weather|Sandstorm|[upkeep]\n|-damage|p1a: Thundurus|10\/100 tox|[from] Sandstorm\n|-damage|p2a: Alomomola|76\/100|[from] Sandstorm\n|-heal|p2a: Alomomola|82\/100|[from] Grassy Terrain\n|-damage|p1a: Thundurus|0 fnt|[from] psn\n|faint|p1a: Thundurus\n|upkeep\n|-message|Snepes forfeited.\n|\n|win|nosymegahugo\n|raw|Snepes's rating: 1121 &rarr; <strong>1098<\/strong><br \/>(-23 for losing)\n|raw|nosymegahugo's rating: 1154 &rarr; <strong>1177<\/strong><br \/>(+23 for winning)\n|l|\u2606Snepes\n","uploadtime":1700436590,"views":13,"p1id":"snepes","p2id":"nosymegahugo","formatid":"gen9ou","rating":1098,"private":0,"password":""}