{"id":"gen9ou-1990913727","p1":"Mymomsaidyourmom","p2":"captpallet","format":"[Gen 9] OU","log":"|j|\u2606Mymomsaidyourmom\n|j|\u2606captpallet\n|t:|1700014500\n|gametype|singles\n|player|p1|Mymomsaidyourmom|ltsurge|1223\n|player|p2|captpallet|169|1179\n|teamsize|p1|6\n|teamsize|p2|6\n|gen|9\n|tier|[Gen 9] OU\n|rated|\n|rule|Sleep Clause Mod: Limit one foe put to sleep\n|rule|Species Clause: Limit one of each Pok\u00e9mon\n|rule|OHKO Clause: OHKO moves are banned\n|rule|Evasion Items Clause: Evasion items are banned\n|rule|Evasion Moves Clause: Evasion moves are banned\n|rule|Endless Battle Clause: Forcing endless battles is banned\n|rule|HP Percentage Mod: HP is shown in percentages\n|clearpoke\n|poke|p1|Yanmega, M|\n|poke|p1|Iron Treads|\n|poke|p1|Volcanion|\n|poke|p1|Iron Valiant|\n|poke|p1|Sneasler, M|\n|poke|p1|Kingambit, M|\n|poke|p2|Empoleon, M|\n|poke|p2|Dragonite, M|\n|poke|p2|Skeledirge, M|\n|poke|p2|Meowscarada, M|\n|poke|p2|Hatterene, F|\n|poke|p2|Landorus-Therian, M|\n|teampreview\n|\n|t:|1700014518\n|start\n|switch|p1a: Iron Treads|Iron Treads|100\/100\n|switch|p2a: Hatterene|Hatterene, F|100\/100\n|-enditem|p1a: Iron Treads|Booster Energy\n|-activate|p1a: Iron Treads|ability: Quark Drive|[fromitem]\n|-start|p1a: Iron Treads|quarkdrivespe\n|turn|1\n|\n|t:|1700014524\n|move|p1a: Iron Treads|Steel Beam|p2a: Hatterene\n|-supereffective|p2a: Hatterene\n|-crit|p2a: Hatterene\n|-damage|p2a: Hatterene|0 fnt\n|-damage|p1a: Iron Treads|50\/100|[from] steelbeam\n|faint|p2a: Hatterene\n|\n|upkeep\n|\n|t:|1700014531\n|switch|p2a: Landorus|Landorus-Therian, M|100\/100\n|-ability|p2a: Landorus|Intimidate|boost\n|-unboost|p1a: Iron Treads|atk|1\n|turn|2\n|\n|t:|1700014535\n|move|p1a: Iron Treads|Stealth Rock|p2a: Landorus\n|-sidestart|p2: captpallet|move: Stealth Rock\n|move|p2a: Landorus|Stealth Rock|p1a: Iron Treads\n|-sidestart|p1: Mymomsaidyourmom|move: Stealth Rock\n|\n|upkeep\n|turn|3\n|\n|t:|1700014539\n|move|p1a: Iron Treads|Rapid Spin|p2a: Landorus\n|-damage|p2a: Landorus|93\/100\n|-boost|p1a: Iron Treads|spe|1\n|-sideend|p1: Mymomsaidyourmom|Stealth Rock|[from] move: Rapid Spin|[of] p1a: Iron Treads\n|move|p2a: Landorus|Earthquake|p1a: Iron Treads\n|-supereffective|p1a: Iron Treads\n|-damage|p1a: Iron Treads|0 fnt\n|faint|p1a: Iron Treads\n|-end|p1a: Iron Treads|Quark Drive|[silent]\n|\n|-heal|p2a: Landorus|99\/100|[from] item: Leftovers\n|upkeep\n|\n|t:|1700014561\n|switch|p1a: Yanmega|Yanmega, M|100\/100\n|turn|4\n|\n|t:|1700014566\n|move|p1a: Yanmega|Air Slash|p2a: Landorus\n|-damage|p2a: Landorus|65\/100\n|move|p2a: Landorus|Taunt|p1a: Yanmega\n|-start|p1a: Yanmega|move: Taunt\n|\n|-heal|p2a: Landorus|71\/100|[from] item: Leftovers\n|-ability|p1a: Yanmega|Speed Boost|boost\n|-boost|p1a: Yanmega|spe|1\n|upkeep\n|turn|5\n|\n|t:|1700014574\n|move|p1a: Yanmega|Air Slash|p2a: Landorus\n|-damage|p2a: Landorus|37\/100\n|cant|p2a: Landorus|flinch\n|\n|-heal|p2a: Landorus|43\/100|[from] item: Leftovers\n|-ability|p1a: Yanmega|Speed Boost|boost\n|-boost|p1a: Yanmega|spe|1\n|upkeep\n|turn|6\n|\n|t:|1700014585\n|switch|p2a: Empoleon|Empoleon, M|100\/100\n|-damage|p2a: Empoleon|94\/100|[from] Stealth Rock\n|move|p1a: Yanmega|Air Slash|p2a: Empoleon\n|-resisted|p2a: Empoleon\n|-damage|p2a: Empoleon|76\/100\n|\n|-heal|p2a: Empoleon|82\/100|[from] item: Leftovers\n|-ability|p1a: Yanmega|Speed Boost|boost\n|-boost|p1a: Yanmega|spe|1\n|upkeep\n|turn|7\n|\n|t:|1700014599\n|switch|p1a: Volcanion|Volcanion|100\/100\n|move|p2a: Empoleon|Yawn|p1a: Volcanion\n|-start|p1a: Volcanion|move: Yawn|[of] p2a: Empoleon\n|\n|-heal|p2a: Empoleon|88\/100|[from] item: Leftovers\n|upkeep\n|turn|8\n|\n|t:|1700014614\n|switch|p2a: Skeledirge|Skeledirge, M|100\/100\n|-damage|p2a: Skeledirge|76\/100|[from] Stealth Rock\n|switch|p1a: Sneasler|Sneasler, M|100\/100\n|-item|p1a: Sneasler|Air Balloon\n|\n|-heal|p2a: Skeledirge|82\/100|[from] item: Leftovers\n|upkeep\n|turn|9\n|\n|t:|1700014625\n|move|p1a: Sneasler|Dire Claw|p2a: Skeledirge\n|-resisted|p2a: Skeledirge\n|-damage|p2a: Skeledirge|68\/100\n|move|p2a: Skeledirge|Will-O-Wisp|p1a: Sneasler\n|-status|p1a: Sneasler|brn\n|\n|-heal|p2a: Skeledirge|74\/100|[from] item: Leftovers\n|-damage|p1a: Sneasler|95\/100 brn|[from] brn\n|upkeep\n|turn|10\n|\n|t:|1700014636\n|move|p1a: Sneasler|Dire Claw|p2a: Skeledirge\n|-resisted|p2a: Skeledirge\n|-damage|p2a: Skeledirge|67\/100\n|move|p2a: Skeledirge|Torch Song|p1a: Sneasler\n|-damage|p1a: Sneasler|52\/100 brn\n|-boost|p2a: Skeledirge|spa|1\n|-enditem|p1a: Sneasler|Air Balloon\n|\n|-heal|p2a: Skeledirge|73\/100|[from] item: Leftovers\n|-damage|p1a: Sneasler|46\/100 brn|[from] brn\n|upkeep\n|turn|11\n|\n|t:|1700014644\n|move|p1a: Sneasler|Dire Claw|p2a: Skeledirge\n|-resisted|p2a: Skeledirge\n|-crit|p2a: Skeledirge\n|-damage|p2a: Skeledirge|62\/100\n|-status|p2a: Skeledirge|psn\n|move|p2a: Skeledirge|Slack Off|p2a: Skeledirge\n|-heal|p2a: Skeledirge|100\/100 psn\n|\n|-damage|p2a: Skeledirge|88\/100 psn|[from] psn\n|-damage|p1a: Sneasler|40\/100 brn|[from] brn\n|upkeep\n|turn|12\n|\n|t:|1700014652\n|switch|p1a: Volcanion|Volcanion|100\/100\n|move|p2a: Skeledirge|Torch Song|p1a: Volcanion\n|-resisted|p1a: Volcanion\n|-damage|p1a: Volcanion|88\/100\n|-boost|p2a: Skeledirge|spa|1\n|\n|-heal|p2a: Skeledirge|94\/100 psn|[from] item: Leftovers\n|-damage|p2a: Skeledirge|82\/100 psn|[from] psn\n|upkeep\n|turn|13\n|\n|t:|1700014659\n|move|p1a: Volcanion|Steam Eruption|p2a: Skeledirge\n|-supereffective|p2a: Skeledirge\n|-damage|p2a: Skeledirge|0 fnt\n|faint|p2a: Skeledirge\n|\n|upkeep\n|\n|t:|1700014666\n|switch|p2a: Landorus|Landorus-Therian, M|43\/100\n|-damage|p2a: Landorus|30\/100|[from] Stealth Rock\n|-ability|p2a: Landorus|Intimidate|boost\n|-unboost|p1a: Volcanion|atk|1\n|turn|14\n|\n|t:|1700014682\n|switch|p1a: Yanmega|Yanmega, M|100\/100\n|move|p2a: Landorus|Earthquake|p1a: Yanmega\n|-immune|p1a: Yanmega\n|\n|-heal|p2a: Landorus|36\/100|[from] item: Leftovers\n|upkeep\n|turn|15\n|\n|t:|1700014711\n|move|p1a: Yanmega|Air Slash|p2a: Landorus\n|-damage|p2a: Landorus|2\/100\n|cant|p2a: Landorus|flinch\n|\n|-heal|p2a: Landorus|8\/100|[from] item: Leftovers\n|-ability|p1a: Yanmega|Speed Boost|boost\n|-boost|p1a: Yanmega|spe|1\n|upkeep\n|turn|16\n|\n|t:|1700014715\n|move|p1a: Yanmega|Bug Buzz|p2a: Landorus\n|-resisted|p2a: Landorus\n|-damage|p2a: Landorus|0 fnt\n|faint|p2a: Landorus\n|-enditem|p1a: Yanmega|Throat Spray\n|-boost|p1a: Yanmega|spa|1|[from] item: Throat Spray\n|\n|-ability|p1a: Yanmega|Speed Boost|boost\n|-boost|p1a: Yanmega|spe|1\n|upkeep\n|\n|t:|1700014721\n|switch|p2a: Meowscarada|Meowscarada, M|100\/100\n|turn|17\n|\n|t:|1700014729\n|move|p1a: Yanmega|Bug Buzz|p2a: Meowscarada\n|-supereffective|p2a: Meowscarada\n|-damage|p2a: Meowscarada|0 fnt\n|faint|p2a: Meowscarada\n|\n|-ability|p1a: Yanmega|Speed Boost|boost\n|-boost|p1a: Yanmega|spe|1\n|upkeep\n|\n|t:|1700014733\n|switch|p2a: Empoleon|Empoleon, M|88\/100\n|-damage|p2a: Empoleon|82\/100|[from] Stealth Rock\n|turn|18\n|\n|t:|1700014741\n|move|p1a: Yanmega|Bug Buzz|p2a: Empoleon\n|-resisted|p2a: Empoleon\n|-damage|p2a: Empoleon|48\/100\n|move|p2a: Empoleon|Surf|p1a: Yanmega\n|-damage|p1a: Yanmega|41\/100\n|\n|-heal|p2a: Empoleon|54\/100|[from] item: Leftovers\n|-ability|p1a: Yanmega|Speed Boost|boost\n|-boost|p1a: Yanmega|spe|1\n|upkeep\n|turn|19\n|\n|t:|1700014747\n|move|p1a: Yanmega|Bug Buzz|p2a: Empoleon\n|-resisted|p2a: Empoleon\n|-damage|p2a: Empoleon|17\/100\n|move|p2a: Empoleon|Roost|p2a: Empoleon\n|-heal|p2a: Empoleon|67\/100\n|-singleturn|p2a: Empoleon|move: Roost\n|\n|-heal|p2a: Empoleon|73\/100|[from] item: Leftovers\n|-ability|p1a: Yanmega|Speed Boost|boost\n|-boost|p1a: Yanmega|spe|1\n|upkeep\n|turn|20\n|\n|t:|1700014755\n|move|p1a: Yanmega|Bug Buzz|p2a: Empoleon\n|-resisted|p2a: Empoleon\n|-damage|p2a: Empoleon|35\/100\n|-unboost|p2a: Empoleon|spd|1\n|-ability|p2a: Empoleon|Competitive|boost\n|-boost|p2a: Empoleon|spa|2\n|move|p2a: Empoleon|Roost|p2a: Empoleon\n|-heal|p2a: Empoleon|85\/100\n|-singleturn|p2a: Empoleon|move: Roost\n|\n|-heal|p2a: Empoleon|91\/100|[from] item: Leftovers\n|-ability|p1a: Yanmega|Speed Boost|boost\n|-boost|p1a: Yanmega|spe|1\n|upkeep\n|turn|21\n|\n|t:|1700014766\n|move|p1a: Yanmega|Bug Buzz|p2a: Empoleon\n|-resisted|p2a: Empoleon\n|-crit|p2a: Empoleon\n|-damage|p2a: Empoleon|5\/100\n|move|p2a: Empoleon|Flash Cannon|p1a: Yanmega\n|-damage|p1a: Yanmega|0 fnt\n|faint|p1a: Yanmega\n|\n|-heal|p2a: Empoleon|11\/100|[from] item: Leftovers\n|upkeep\n|\n|t:|1700014773\n|switch|p1a: Iron Valiant|Iron Valiant|100\/100\n|-enditem|p1a: Iron Valiant|Booster Energy\n|-activate|p1a: Iron Valiant|ability: Quark Drive|[fromitem]\n|-start|p1a: Iron Valiant|quarkdrivespe\n|turn|22\n|\n|t:|1700014779\n|move|p1a: Iron Valiant|Thunderbolt|p2a: Empoleon\n|-supereffective|p2a: Empoleon\n|-damage|p2a: Empoleon|0 fnt\n|faint|p2a: Empoleon\n|\n|upkeep\n|\n|t:|1700014782\n|switch|p2a: Dragonite|Dragonite, M|100\/100\n|turn|23\n|\n|t:|1700014788\n|move|p1a: Iron Valiant|Moonblast|p2a: Dragonite\n|-supereffective|p2a: Dragonite\n|-damage|p2a: Dragonite|49\/100\n|move|p2a: Dragonite|Dragon Dance|p2a: Dragonite\n|-boost|p2a: Dragonite|atk|1\n|-boost|p2a: Dragonite|spe|1\n|\n|upkeep\n|turn|24\n|\n|t:|1700014834\n|-terastallize|p2a: Dragonite|Normal\n|move|p1a: Iron Valiant|Encore|p2a: Dragonite\n|-start|p2a: Dragonite|Encore\n|move|p2a: Dragonite|Dragon Dance|p2a: Dragonite\n|-boost|p2a: Dragonite|atk|1\n|-boost|p2a: Dragonite|spe|1\n|\n|upkeep\n|turn|25\n|\n|t:|1700014849\n|-terastallize|p1a: Iron Valiant|Electric\n|move|p2a: Dragonite|Dragon Dance|p2a: Dragonite\n|-boost|p2a: Dragonite|atk|1\n|-boost|p2a: Dragonite|spe|1\n|move|p1a: Iron Valiant|Thunderbolt|p2a: Dragonite\n|-damage|p2a: Dragonite|0 fnt\n|faint|p2a: Dragonite\n|\n|win|Mymomsaidyourmom\n|raw|Mymomsaidyourmom's rating: 1223 &rarr; <strong>1245<\/strong><br \/>(+22 for winning)\n|raw|captpallet's rating: 1179 &rarr; <strong>1157<\/strong><br \/>(-22 for losing)\n|c|\u2606captpallet|got em\n|l|\u2606captpallet\n","uploadtime":1700014891,"views":12,"p1id":"mymomsaidyourmom","p2id":"captpallet","formatid":"gen9ou","rating":1157,"private":0,"password":""}