{"id":"gen9ou-1993020577","p1":"Welcometoearth420","p2":"BasedAlphaMale","format":"[Gen 9] OU","log":"|j|\u2606Welcometoearth420\n|j|\u2606BasedAlphaMale\n|t:|1700256185\n|gametype|singles\n|player|p1|Welcometoearth420|169|1519\n|player|p2|BasedAlphaMale|102|1421\n|teamsize|p1|6\n|teamsize|p2|6\n|gen|9\n|tier|[Gen 9] OU\n|rated|\n|rule|Sleep Clause Mod: Limit one foe put to sleep\n|rule|Species Clause: Limit one of each Pok\u00e9mon\n|rule|OHKO Clause: OHKO moves are banned\n|rule|Evasion Items Clause: Evasion items are banned\n|rule|Evasion Moves Clause: Evasion moves are banned\n|rule|Endless Battle Clause: Forcing endless battles is banned\n|rule|HP Percentage Mod: HP is shown in percentages\n|clearpoke\n|poke|p1|Corviknight, M|\n|poke|p1|Dragapult, M|\n|poke|p1|Slowking-Galar, M|\n|poke|p1|Alomomola, M|\n|poke|p1|Iron Valiant|\n|poke|p1|Tornadus-Therian, M|\n|poke|p2|Rillaboom, F|\n|poke|p2|Sneasler, F|\n|poke|p2|Gholdengo|\n|poke|p2|Great Tusk|\n|poke|p2|Goodra-Hisui, M|\n|poke|p2|Garganacl, M|\n|teampreview\n|j| Cloontang\n|\n|t:|1700256199\n|start\n|switch|p1a: Dragapult|Dragapult, M|100\/100\n|switch|p2a: Goodra|Goodra-Hisui, M|100\/100\n|turn|1\n|\n|t:|1700256204\n|move|p1a: Dragapult|U-turn|p2a: Goodra\n|-resisted|p2a: Goodra\n|-damage|p2a: Goodra|93\/100\n|-ability|p2a: Goodra|Gooey\n|-unboost|p1a: Dragapult|spe|1\n|\n|t:|1700256206\n|switch|p1a: Tornadus|Tornadus-Therian, M|100\/100|[from] U-turn\n|move|p2a: Goodra|Knock Off|p1a: Tornadus\n|-damage|p1a: Tornadus|77\/100\n|-enditem|p1a: Tornadus|Assault Vest|[from] move: Knock Off|[of] p2a: Goodra\n|\n|upkeep\n|turn|2\n|\n|t:|1700256214\n|move|p1a: Tornadus|Knock Off|p2a: Goodra\n|-damage|p2a: Goodra|73\/100\n|-ability|p2a: Goodra|Gooey\n|-unboost|p1a: Tornadus|spe|1\n|-enditem|p2a: Goodra|Assault Vest|[from] move: Knock Off|[of] p1a: Tornadus\n|move|p2a: Goodra|Dragon Tail|p1a: Tornadus\n|-damage|p1a: Tornadus|55\/100\n|drag|p1a: Corviknight|Corviknight, M|100\/100\n|\n|upkeep\n|turn|3\n|\n|t:|1700256229\n|switch|p2a: Rillaboom|Rillaboom, F|100\/100\n|-fieldstart|move: Grassy Terrain|[from] ability: Grassy Surge|[of] p2a: Rillaboom\n|move|p1a: Corviknight|Body Press|p2a: Rillaboom\n|-damage|p2a: Rillaboom|72\/100\n|\n|-heal|p2a: Rillaboom|78\/100|[from] Grassy Terrain\n|upkeep\n|turn|4\n|\n|t:|1700256232\n|switch|p2a: Gholdengo|Gholdengo|100\/100\n|move|p1a: Corviknight|Brave Bird|p2a: Gholdengo\n|-resisted|p2a: Gholdengo\n|-damage|p2a: Gholdengo|87\/100\n|-damage|p1a: Corviknight|96\/100|[from] Recoil\n|\n|-heal|p2a: Gholdengo|93\/100|[from] Grassy Terrain\n|-heal|p2a: Gholdengo|99\/100|[from] item: Leftovers\n|upkeep\n|turn|5\n|\n|t:|1700256242\n|switch|p1a: Tornadus|Tornadus-Therian, M|89\/100\n|move|p2a: Gholdengo|Shadow Ball|p1a: Tornadus\n|-damage|p1a: Tornadus|60\/100\n|\n|-heal|p2a: Gholdengo|100\/100|[from] Grassy Terrain\n|upkeep\n|turn|6\n|\n|t:|1700256249\n|switch|p2a: Goodra|Goodra-Hisui, M|73\/100\n|move|p1a: Tornadus|U-turn|p2a: Goodra\n|-resisted|p2a: Goodra\n|-damage|p2a: Goodra|67\/100\n|-ability|p2a: Goodra|Gooey\n|-unboost|p1a: Tornadus|spe|1\n|\n|t:|1700256257\n|switch|p1a: Corviknight|Corviknight, M|96\/100|[from] U-turn\n|\n|-heal|p2a: Goodra|73\/100|[from] Grassy Terrain\n|upkeep\n|turn|7\n|\n|t:|1700256262\n|switch|p2a: Gholdengo|Gholdengo|100\/100\n|move|p1a: Corviknight|Body Press|p2a: Gholdengo\n|-immune|p2a: Gholdengo\n|\n|-fieldend|move: Grassy Terrain\n|upkeep\n|turn|8\n|\n|t:|1700256274\n|switch|p2a: Garganacl|Garganacl, M|100\/100\n|switch|p1a: Tornadus|Tornadus-Therian, M|94\/100\n|\n|upkeep\n|turn|9\n|\n|t:|1700256279\n|move|p1a: Tornadus|U-turn|p2a: Garganacl\n|-damage|p2a: Garganacl|92\/100\n|\n|t:|1700256281\n|switch|p1a: Iron Valiant|Iron Valiant|100\/100|[from] U-turn\n|-enditem|p1a: Iron Valiant|Booster Energy\n|-activate|p1a: Iron Valiant|ability: Quark Drive|[fromitem]\n|-start|p1a: Iron Valiant|quarkdrivespe\n|move|p2a: Garganacl|Curse|p2a: Garganacl\n|-unboost|p2a: Garganacl|spe|1\n|-boost|p2a: Garganacl|atk|1\n|-boost|p2a: Garganacl|def|1\n|\n|-heal|p2a: Garganacl|98\/100|[from] item: Leftovers\n|upkeep\n|turn|10\n|\n|t:|1700256286\n|switch|p2a: Gholdengo|Gholdengo|100\/100\n|move|p1a: Iron Valiant|Swords Dance|p1a: Iron Valiant\n|-boost|p1a: Iron Valiant|atk|2\n|\n|upkeep\n|turn|11\n|\n|t:|1700256303\n|switch|p2a: Goodra|Goodra-Hisui, M|73\/100\n|move|p1a: Iron Valiant|Knock Off|p2a: Goodra\n|-damage|p2a: Goodra|28\/100\n|-ability|p2a: Goodra|Gooey\n|-unboost|p1a: Iron Valiant|spe|1\n|\n|upkeep\n|turn|12\n|\n|t:|1700256309\n|move|p1a: Iron Valiant|Spirit Break|p2a: Goodra\n|-damage|p2a: Goodra|0 fnt\n|-ability|p2a: Goodra|Gooey\n|-unboost|p1a: Iron Valiant|spe|1\n|faint|p2a: Goodra\n|\n|upkeep\n|\n|t:|1700256337\n|switch|p2a: Great Tusk|Great Tusk|100\/100\n|turn|13\n|\n|t:|1700256342\n|-end|p1a: Iron Valiant|Quark Drive|[silent]\n|switch|p1a: Alomomola|Alomomola, M|100\/100\n|move|p2a: Great Tusk|Headlong Rush|p1a: Alomomola\n|-damage|p1a: Alomomola|68\/100\n|-unboost|p2a: Great Tusk|def|1\n|-unboost|p2a: Great Tusk|spd|1\n|\n|upkeep\n|turn|14\n|\n|t:|1700256346\n|-end|p2a: Great Tusk|Protosynthesis|[silent]\n|switch|p2a: Rillaboom|Rillaboom, F|78\/100\n|-fieldstart|move: Grassy Terrain|[from] ability: Grassy Surge|[of] p2a: Rillaboom\n|move|p1a: Alomomola|Scald|p2a: Rillaboom\n|-resisted|p2a: Rillaboom\n|-damage|p2a: Rillaboom|70\/100\n|-status|p2a: Rillaboom|brn\n|\n|-heal|p2a: Rillaboom|76\/100 brn|[from] Grassy Terrain\n|-heal|p1a: Alomomola|74\/100|[from] Grassy Terrain\n|-damage|p2a: Rillaboom|70\/100 brn|[from] brn\n|upkeep\n|turn|15\n|\n|t:|1700256355\n|move|p2a: Rillaboom|Knock Off|p1a: Alomomola\n|-damage|p1a: Alomomola|60\/100\n|-enditem|p1a: Alomomola|Heavy-Duty Boots|[from] move: Knock Off|[of] p2a: Rillaboom\n|move|p1a: Alomomola|Flip Turn|p2a: Rillaboom\n|-resisted|p2a: Rillaboom\n|-damage|p2a: Rillaboom|61\/100 brn\n|\n|t:|1700256361\n|switch|p1a: Dragapult|Dragapult, M|100\/100|[from] Flip Turn\n|\n|-heal|p2a: Rillaboom|68\/100 brn|[from] Grassy Terrain\n|-damage|p2a: Rillaboom|61\/100 brn|[from] brn\n|upkeep\n|turn|16\n|\n|t:|1700256380\n|move|p1a: Dragapult|Shadow Ball|p2a: Rillaboom\n|-damage|p2a: Rillaboom|0 fnt\n|faint|p2a: Rillaboom\n|\n|upkeep\n|\n|t:|1700256384\n|switch|p2a: Garganacl|Garganacl, M|98\/100\n|turn|17\n|\n|t:|1700256391\n|switch|p1a: Iron Valiant|Iron Valiant|100\/100\n|move|p2a: Garganacl|Stealth Rock|p1a: Iron Valiant\n|-sidestart|p1: Welcometoearth420|move: Stealth Rock\n|\n|-heal|p2a: Garganacl|100\/100|[from] Grassy Terrain\n|upkeep\n|turn|18\n|\n|t:|1700256397\n|move|p1a: Iron Valiant|Swords Dance|p1a: Iron Valiant\n|-boost|p1a: Iron Valiant|atk|2\n|move|p2a: Garganacl|Salt Cure|p1a: Iron Valiant\n|-resisted|p1a: Iron Valiant\n|-damage|p1a: Iron Valiant|92\/100\n|-start|p1a: Iron Valiant|Salt Cure\n|\n|-heal|p1a: Iron Valiant|98\/100|[from] Grassy Terrain\n|-damage|p1a: Iron Valiant|86\/100|[from] Salt Cure\n|-fieldend|move: Grassy Terrain\n|upkeep\n|turn|19\n|\n|t:|1700256401\n|move|p1a: Iron Valiant|Close Combat|p2a: Garganacl\n|-supereffective|p2a: Garganacl\n|-damage|p2a: Garganacl|0 fnt\n|-unboost|p1a: Iron Valiant|def|1\n|-unboost|p1a: Iron Valiant|spd|1\n|faint|p2a: Garganacl\n|\n|-damage|p1a: Iron Valiant|74\/100|[from] Salt Cure\n|upkeep\n|-message|BasedAlphaMale forfeited.\n|\n|win|Welcometoearth420\n|raw|Welcometoearth420's rating: 1496 &rarr; <strong>1512<\/strong><br \/>(+16 for winning)\n|raw|BasedAlphaMale's rating: 1421 &rarr; <strong>1405<\/strong><br \/>(-16 for losing)\n|l|\u2606BasedAlphaMale\n","uploadtime":1700256415,"views":12,"p1id":"welcometoearth420","p2id":"basedalphamale","formatid":"gen9ou","rating":1405,"private":0,"password":""}