{"id":"gen9ou-2000461407","p1":"Fantastomagic3","p2":"txxray","format":"[Gen 9] OU","log":"|j|\u2606Fantastomagic3\n|j|\u2606txxray\n|t:|1701196768\n|gametype|singles\n|player|p1|Fantastomagic3|dawn-gen4pt|1208\n|player|p2|txxray|265|1303\n|teamsize|p1|6\n|teamsize|p2|6\n|gen|9\n|tier|[Gen 9] OU\n|rated|\n|rule|Sleep Clause Mod: Limit one foe put to sleep\n|rule|Species Clause: Limit one of each Pok\u00e9mon\n|rule|OHKO Clause: OHKO moves are banned\n|rule|Evasion Items Clause: Evasion items are banned\n|rule|Evasion Moves Clause: Evasion moves are banned\n|rule|Endless Battle Clause: Forcing endless battles is banned\n|rule|HP Percentage Mod: HP is shown in percentages\n|clearpoke\n|poke|p1|Ribombee, F|\n|poke|p1|Gholdengo|\n|poke|p1|Hatterene, F|\n|poke|p1|Toxapex, F|\n|poke|p1|Zangoose, M|\n|poke|p1|Garchomp, F|\n|poke|p2|Slowking-Galar, M|\n|poke|p2|Alomomola, M|\n|poke|p2|Dondozo, M|\n|poke|p2|Corviknight, F|\n|poke|p2|Toxapex, F|\n|poke|p2|Blissey, F|\n|teampreview\n|inactive|Battle timer is ON: inactive players will automatically lose when time's up. (requested by Fantastomagic3)\n|inactive|Fantastomagic3 has 120 seconds left.\n|\n|t:|1701196800\n|start\n|switch|p1a: Ribombee|Ribombee, F|100\/100\n|switch|p2a: Blissey|Blissey, F, shiny|100\/100\n|turn|1\n|\n|t:|1701196808\n|switch|p1a: Hatterene|Hatterene, F|100\/100\n|move|p2a: Blissey|Flamethrower|p1a: Hatterene\n|-damage|p1a: Hatterene|84\/100\n|\n|-heal|p1a: Hatterene|90\/100|[from] item: Leftovers\n|upkeep\n|turn|2\n|\n|t:|1701196813\n|-terastallize|p2a: Blissey|Dark\n|move|p2a: Blissey|Calm Mind|p2a: Blissey\n|-boost|p2a: Blissey|spa|1\n|-boost|p2a: Blissey|spd|1\n|move|p1a: Hatterene|Calm Mind|p1a: Hatterene\n|-boost|p1a: Hatterene|spa|1\n|-boost|p1a: Hatterene|spd|1\n|\n|-heal|p1a: Hatterene|96\/100|[from] item: Leftovers\n|upkeep\n|turn|3\n|\n|t:|1701196819\n|move|p2a: Blissey|Calm Mind|p2a: Blissey\n|-boost|p2a: Blissey|spa|1\n|-boost|p2a: Blissey|spd|1\n|move|p1a: Hatterene|Calm Mind|p1a: Hatterene\n|-boost|p1a: Hatterene|spa|1\n|-boost|p1a: Hatterene|spd|1\n|\n|-heal|p1a: Hatterene|100\/100|[from] item: Leftovers\n|upkeep\n|turn|4\n|\n|t:|1701196824\n|move|p2a: Blissey|Calm Mind|p2a: Blissey\n|-boost|p2a: Blissey|spa|1\n|-boost|p2a: Blissey|spd|1\n|move|p1a: Hatterene|Calm Mind|p1a: Hatterene\n|-boost|p1a: Hatterene|spa|1\n|-boost|p1a: Hatterene|spd|1\n|\n|upkeep\n|turn|5\n|\n|t:|1701196832\n|switch|p1a: Zangoose|Zangoose, M|100\/100\n|move|p2a: Blissey|Calm Mind|p2a: Blissey\n|-boost|p2a: Blissey|spa|1\n|-boost|p2a: Blissey|spd|1\n|\n|-status|p1a: Zangoose|tox|[from] item: Toxic Orb\n|upkeep\n|turn|6\n|\n|t:|1701196845\n|switch|p2a: Toxapex|Toxapex, F|100\/100\n|move|p1a: Zangoose|Facade|p2a: Toxapex\n|-damage|p2a: Toxapex|22\/100\n|\n|-damage|p1a: Zangoose|95\/100 tox|[from] psn\n|upkeep\n|turn|7\n|\n|t:|1701196854\n|switch|p2a: Corviknight|Corviknight, F|100\/100\n|-ability|p2a: Corviknight|Pressure\n|move|p1a: Zangoose|Swords Dance|p1a: Zangoose\n|-boost|p1a: Zangoose|atk|2\n|\n|-damage|p1a: Zangoose|83\/100 tox|[from] psn\n|upkeep\n|turn|8\n|\n|t:|1701196857\n|switch|p2a: Dondozo|Dondozo, M|100\/100\n|move|p1a: Zangoose|Close Combat|p2a: Dondozo\n|-damage|p2a: Dondozo|75\/100\n|-unboost|p1a: Zangoose|def|1\n|-unboost|p1a: Zangoose|spd|1\n|\n|-damage|p1a: Zangoose|65\/100 tox|[from] psn\n|upkeep\n|turn|9\n|\n|t:|1701196862\n|-terastallize|p1a: Zangoose|Normal\n|move|p1a: Zangoose|Facade|p2a: Dondozo\n|-damage|p2a: Dondozo|13\/100\n|move|p2a: Dondozo|Body Press|p1a: Zangoose\n|-supereffective|p1a: Zangoose\n|-damage|p1a: Zangoose|0 fnt\n|faint|p1a: Zangoose\n|\n|upkeep\n|\n|t:|1701196887\n|switch|p1a: Gholdengo|Gholdengo|100\/100\n|-item|p1a: Gholdengo|Air Balloon\n|turn|10\n|\n|t:|1701196906\n|switch|p2a: Blissey|Blissey, F, shiny, tera:Dark|100\/100\n|move|p1a: Gholdengo|Shadow Ball|p2a: Blissey\n|-resisted|p2a: Blissey\n|-damage|p2a: Blissey|94\/100\n|\n|upkeep\n|turn|11\n|\n|t:|1701196910\n|switch|p1a: Garchomp|Garchomp, F|100\/100\n|move|p2a: Blissey|Calm Mind|p2a: Blissey\n|-boost|p2a: Blissey|spa|1\n|-boost|p2a: Blissey|spd|1\n|\n|upkeep\n|turn|12\n|\n|t:|1701196916\n|switch|p2a: Alomomola|Alomomola, M|100\/100\n|move|p1a: Garchomp|Swords Dance|p1a: Garchomp\n|-boost|p1a: Garchomp|atk|2\n|\n|upkeep\n|turn|13\n|\n|t:|1701196919\n|move|p1a: Garchomp|Scale Shot|p2a: Alomomola\n|-damage|p2a: Alomomola|87\/100\n|-damage|p2a: Alomomola|72\/100\n|-damage|p2a: Alomomola|57\/100\n|-damage|p2a: Alomomola|44\/100\n|-damage|p2a: Alomomola|29\/100\n|-hitcount|p2a: Alomomola|5\n|-unboost|p1a: Garchomp|def|1\n|-boost|p1a: Garchomp|spe|1\n|move|p2a: Alomomola|Wish|p2a: Alomomola\n|\n|upkeep\n|turn|14\n|\n|t:|1701196933\n|move|p2a: Alomomola|Protect|p2a: Alomomola\n|-singleturn|p2a: Alomomola|Protect\n|move|p1a: Garchomp|Earthquake|p2a: Alomomola\n|-activate|p2a: Alomomola|move: Protect\n|\n|-heal|p2a: Alomomola|79\/100|[from] move: Wish|[wisher] Alomomola\n|upkeep\n|turn|15\n|\n|t:|1701196939\n|move|p1a: Garchomp|Scale Shot|p2a: Alomomola\n|-damage|p2a: Alomomola|66\/100\n|-damage|p2a: Alomomola|52\/100\n|-damage|p2a: Alomomola|37\/100\n|-damage|p2a: Alomomola|24\/100\n|-hitcount|p2a: Alomomola|4\n|-unboost|p1a: Garchomp|def|1\n|-boost|p1a: Garchomp|spe|1\n|move|p2a: Alomomola|Wish|p2a: Alomomola\n|\n|upkeep\n|turn|16\n|\n|t:|1701196948\n|switch|p2a: Corviknight|Corviknight, F|100\/100\n|-ability|p2a: Corviknight|Pressure\n|move|p1a: Garchomp|Swords Dance|p1a: Garchomp\n|-boost|p1a: Garchomp|atk|2\n|\n|upkeep\n|turn|17\n|\n|t:|1701196951\n|move|p1a: Garchomp|Scale Shot|p2a: Corviknight\n|-resisted|p2a: Corviknight\n|-crit|p2a: Corviknight\n|-damage|p2a: Corviknight|76\/100\n|-resisted|p2a: Corviknight\n|-damage|p2a: Corviknight|61\/100\n|-resisted|p2a: Corviknight\n|-damage|p2a: Corviknight|44\/100\n|-resisted|p2a: Corviknight\n|-damage|p2a: Corviknight|27\/100\n|-resisted|p2a: Corviknight\n|-damage|p2a: Corviknight|12\/100\n|-hitcount|p2a: Corviknight|5\n|-unboost|p1a: Garchomp|def|1\n|-boost|p1a: Garchomp|spe|1\n|move|p2a: Corviknight|Body Press|p1a: Garchomp\n|-damage|p1a: Garchomp|49\/100\n|-damage|p2a: Corviknight|0 fnt|[from] ability: Rough Skin|[of] p1a: Garchomp\n|faint|p2a: Corviknight\n|\n|upkeep\n|c|\u2606Fantastomagic3|BRUH\n|\n|t:|1701196971\n|switch|p2a: Alomomola|Alomomola, M|57\/100\n|turn|18\n|\n|t:|1701196976\n|move|p1a: Garchomp|Earthquake|p2a: Alomomola\n|-damage|p2a: Alomomola|0 fnt\n|faint|p2a: Alomomola\n|\n|upkeep\n|l|\u2606txxray\n|inactive|txxray disconnected and has a minute to reconnect!\n|player|p2|\n|inactive|txxray has 30 seconds to reconnect!\n|inactive|txxray has 20 seconds to reconnect!\n|inactive|txxray has 15 seconds to reconnect!\n|inactive|txxray has 10 seconds to reconnect!\n|inactive|txxray has 5 seconds to reconnect!\n|-message|txxray lost due to inactivity.\n|\n|win|Fantastomagic3\n|raw|Fantastomagic3's rating: 1208 &rarr; <strong>1240<\/strong><br \/>(+32 for winning)\n|raw|txxray's rating: 1303 &rarr; <strong>1278<\/strong><br \/>(-25 for losing)\n","uploadtime":1701197068,"views":10,"p1id":"fantastomagic3","p2id":"txxray","formatid":"gen9ou","rating":1240,"private":0,"password":""}