{"id":"gen9ou-1994532658","p1":"ThatOneSweat1234","p2":"Simpleton 2","format":"[Gen 9] OU","log":"|j|\u2606ThatOneSweat1234\n|j|\u2606Simpleton 2\n|t:|1700455604\n|gametype|singles\n|player|p1|ThatOneSweat1234|1|1090\n|player|p2|Simpleton 2|hilbert|1043\n|teamsize|p1|6\n|teamsize|p2|6\n|gen|9\n|tier|[Gen 9] OU\n|rated|\n|rule|Sleep Clause Mod: Limit one foe put to sleep\n|rule|Species Clause: Limit one of each Pok\u00e9mon\n|rule|OHKO Clause: OHKO moves are banned\n|rule|Evasion Items Clause: Evasion items are banned\n|rule|Evasion Moves Clause: Evasion moves are banned\n|rule|Endless Battle Clause: Forcing endless battles is banned\n|rule|HP Percentage Mod: HP is shown in percentages\n|clearpoke\n|poke|p1|Maushold-Four|\n|poke|p1|Ambipom, M|\n|poke|p1|Dipplin, M|\n|poke|p1|Victreebel, F|\n|poke|p1|Kingambit, M|\n|poke|p1|Greninja-*, M|\n|poke|p2|Numel, M|\n|poke|p2|Ribombee, F|\n|poke|p2|Ting-Lu|\n|poke|p2|Ninetales-Alola, F|\n|poke|p2|Gholdengo|\n|poke|p2|Clefable, F|\n|teampreview\n|inactive|Battle timer is ON: inactive players will automatically lose when time's up. (requested by ThatOneSweat1234)\n|\n|t:|1700455616\n|start\n|switch|p1a: Ambipom|Ambipom, M|100\/100\n|switch|p2a: Ribombee|Ribombee, F|100\/100\n|turn|1\n|\n|t:|1700455623\n|move|p1a: Ambipom|Fake Out|p2a: Ribombee\n|-damage|p2a: Ribombee|41\/100\n|move|p2a: Ribombee|Sticky Web|p1a: Ambipom\n|-sidestart|p1: ThatOneSweat1234|move: Sticky Web\n|\n|upkeep\n|turn|2\n|c|\u2606ThatOneSweat1234|shield dust?\n|\n|t:|1700455642\n|move|p2a: Ribombee|Stun Spore|p1a: Ambipom|[miss]\n|-miss|p2a: Ribombee|p1a: Ambipom\n|move|p1a: Ambipom|Double Hit|p2a: Ribombee\n|-damage|p2a: Ribombee|0 fnt\n|faint|p2a: Ribombee\n|-hitcount|p2: Ribombee|1\n|\n|upkeep\n|\n|t:|1700455652\n|switch|p2a: Ting-Lu|Ting-Lu|100\/100\n|-ability|p2a: Ting-Lu|Vessel of Ruin\n|turn|3\n|\n|t:|1700455665\n|move|p1a: Ambipom|Double Hit|p2a: Ting-Lu\n|-damage|p2a: Ting-Lu|87\/100\n|-damage|p2a: Ting-Lu|72\/100\n|-hitcount|p2a: Ting-Lu|2\n|move|p2a: Ting-Lu|Stealth Rock|p1a: Ambipom\n|-sidestart|p1: ThatOneSweat1234|move: Stealth Rock\n|\n|-heal|p2a: Ting-Lu|79\/100|[from] item: Leftovers\n|upkeep\n|turn|4\n|\n|t:|1700455679\n|move|p1a: Ambipom|Knock Off|p2a: Ting-Lu\n|-resisted|p2a: Ting-Lu\n|-damage|p2a: Ting-Lu|71\/100\n|-enditem|p2a: Ting-Lu|Leftovers|[from] move: Knock Off|[of] p1a: Ambipom\n|move|p2a: Ting-Lu|Whirlwind|p1a: Ambipom\n|drag|p1a: Dipplin|Dipplin, M|100\/100\n|-activate|p1a: Dipplin|move: Sticky Web\n|-unboost|p1a: Dipplin|spe|1\n|-damage|p1a: Dipplin|88\/100|[from] Stealth Rock\n|\n|upkeep\n|turn|5\n|\n|t:|1700455693\n|move|p2a: Ting-Lu|Memento|p1a: Dipplin\n|-unboost|p1a: Dipplin|atk|2\n|-unboost|p1a: Dipplin|spa|2\n|faint|p2a: Ting-Lu\n|move|p1a: Dipplin|Giga Drain|p2: Ting-Lu|[notarget]\n|-fail|p1a: Dipplin\n|\n|upkeep\n|\n|t:|1700455699\n|switch|p2a: Ninetales|Ninetales-Alola, F|100\/100\n|-weather|Snow|[from] ability: Snow Warning|[of] p2a: Ninetales\n|turn|6\n|\n|t:|1700455717\n|switch|p1a: Greninja|Greninja, M, shiny|100\/100\n|-activate|p1a: Greninja|move: Sticky Web\n|-unboost|p1a: Greninja|spe|1\n|-damage|p1a: Greninja|88\/100|[from] Stealth Rock\n|move|p2a: Ninetales|Aurora Veil|p2a: Ninetales\n|-sidestart|p2: Simpleton 2|move: Aurora Veil\n|\n|-weather|Snow|[upkeep]\n|upkeep\n|turn|7\n|\n|t:|1700455733\n|move|p2a: Ninetales|Hypnosis|p1a: Greninja\n|-status|p1a: Greninja|slp|[from] move: Hypnosis\n|cant|p1a: Greninja|slp\n|\n|-weather|Snow|[upkeep]\n|upkeep\n|turn|8\n|\n|t:|1700455747\n|switch|p2a: Gholdengo|Gholdengo|100\/100\n|switch|p1a: Kingambit|Kingambit, M|100\/100\n|-activate|p1a: Kingambit|move: Sticky Web\n|-unboost|p1a: Kingambit|spe|1\n|-damage|p1a: Kingambit|94\/100|[from] Stealth Rock\n|\n|-weather|Snow|[upkeep]\n|upkeep\n|turn|9\n|\n|t:|1700455760\n|move|p1a: Kingambit|Sucker Punch||[still]\n|-fail|p1a: Kingambit\n|move|p2a: Gholdengo|Thunder Wave|p1a: Kingambit\n|-status|p1a: Kingambit|par\n|\n|-weather|Snow|[upkeep]\n|upkeep\n|turn|10\n|\n|t:|1700455766\n|switch|p2a: Ninetales|Ninetales-Alola, F|100\/100\n|move|p1a: Kingambit|Kowtow Cleave|p2a: Ninetales\n|-resisted|p2a: Ninetales\n|-damage|p2a: Ninetales|82\/100\n|\n|-weather|none\n|upkeep\n|turn|11\n|\n|t:|1700455780\n|-terastallize|p1a: Kingambit|Ghost\n|move|p2a: Ninetales|Encore|p1a: Kingambit\n|-start|p1a: Kingambit|Encore\n|move|p1a: Kingambit|Kowtow Cleave|p2a: Ninetales\n|-resisted|p2a: Ninetales\n|-damage|p2a: Ninetales|54\/100\n|\n|upkeep\n|turn|12\n|\n|t:|1700455790\n|switch|p2a: Clefable|Clefable, F|100\/100\n|-end|p1a: Kingambit|fallenundefined|[silent]\n|switch|p1a: Maushold|Maushold-Four|100\/100\n|-activate|p1a: Maushold|move: Sticky Web\n|-unboost|p1a: Maushold|spe|1\n|-damage|p1a: Maushold|88\/100|[from] Stealth Rock\n|\n|upkeep\n|turn|13\n|\n|t:|1700455804\n|move|p1a: Maushold|Tidy Up|p1a: Maushold\n|-sideend|p1: ThatOneSweat1234|Stealth Rock\n|-sideend|p1: ThatOneSweat1234|Sticky Web\n|-activate|p1a: Maushold|move: Tidy Up\n|-boost|p1a: Maushold|atk|1\n|-boost|p1a: Maushold|spe|1\n|move|p2a: Clefable|Thunder Wave|p1a: Maushold\n|-status|p1a: Maushold|par\n|\n|-sideend|p2: Simpleton 2|move: Aurora Veil\n|upkeep\n|turn|14\n|\n|t:|1700455819\n|move|p1a: Maushold|Protect|p1a: Maushold\n|-singleturn|p1a: Maushold|Protect\n|move|p2a: Clefable|Encore|p1a: Maushold\n|-activate|p1a: Maushold|move: Protect\n|\n|upkeep\n|turn|15\n|\n|t:|1700455825\n|cant|p1a: Maushold|par\n|move|p2a: Clefable|Knock Off|p1a: Maushold\n|-damage|p1a: Maushold|63\/100 par\n|-enditem|p1a: Maushold|Wide Lens|[from] move: Knock Off|[of] p2a: Clefable\n|\n|upkeep\n|turn|16\n|\n|t:|1700455830\n|move|p1a: Maushold|Population Bomb|p2a: Clefable\n|-damage|p2a: Clefable|93\/100\n|-damage|p2a: Clefable|83\/100\n|-damage|p2a: Clefable|74\/100\n|-damage|p2a: Clefable|65\/100\n|-damage|p2a: Clefable|57\/100\n|-damage|p2a: Clefable|49\/100\n|-hitcount|p2a: Clefable|6\n|-enditem|p2a: Clefable|Red Card|[of] p1a: Maushold\n|drag|p1a: Kingambit|Kingambit, M, tera:Ghost|94\/100 par\n|move|p2a: Clefable|Encore||[still]\n|-fail|p2a: Clefable\n|\n|upkeep\n|turn|17\n|\n|t:|1700455849\n|move|p2a: Clefable|Knock Off|p1a: Kingambit\n|-supereffective|p1a: Kingambit\n|-damage|p1a: Kingambit|71\/100 par\n|-enditem|p1a: Kingambit|Assault Vest|[from] move: Knock Off|[of] p2a: Clefable\n|move|p1a: Kingambit|Iron Head|p2a: Clefable\n|-supereffective|p2a: Clefable\n|-damage|p2a: Clefable|0 fnt\n|faint|p2a: Clefable\n|\n|upkeep\n|\n|t:|1700455855\n|switch|p2a: Gholdengo|Gholdengo|100\/100\n|turn|18\n|\n|t:|1700455861\n|move|p1a: Kingambit|Sucker Punch||[still]\n|-fail|p1a: Kingambit\n|move|p2a: Gholdengo|Trick|p1a: Kingambit\n|-activate|p2a: Gholdengo|move: Trick|[of] p1a: Kingambit\n|-item|p1a: Kingambit|Choice Scarf|[from] move: Trick\n|-enditem|p2a: Gholdengo|Choice Scarf|[silent]|[from] move: Trick\n|\n|upkeep\n|turn|19\n|\n|t:|1700455867\n|move|p2a: Gholdengo|Memento|p1a: Kingambit\n|-unboost|p1a: Kingambit|atk|2\n|-unboost|p1a: Kingambit|spa|2\n|faint|p2a: Gholdengo\n|cant|p1a: Kingambit|par\n|\n|upkeep\n|\n|t:|1700455872\n|switch|p2a: Ninetales|Ninetales-Alola, F|54\/100\n|-weather|Snow|[from] ability: Snow Warning|[of] p2a: Ninetales\n|turn|20\n|c|\u2606ThatOneSweat1234|why meento\n|\n|t:|1700455892\n|-end|p1a: Kingambit|fallenundefined|[silent]\n|switch|p1a: Maushold|Maushold-Four|63\/100 par\n|move|p2a: Ninetales|Aurora Veil|p2a: Ninetales\n|-sidestart|p2: Simpleton 2|move: Aurora Veil\n|\n|-weather|Snow|[upkeep]\n|upkeep\n|turn|21\n|\n|t:|1700455900\n|move|p2a: Ninetales|Aurora Veil||[still]\n|-fail|p2a: Ninetales\n|cant|p1a: Maushold|par\n|\n|-weather|Snow|[upkeep]\n|upkeep\n|turn|22\n|\n|t:|1700455904\n|move|p2a: Ninetales|Moonblast|p1a: Maushold\n|-damage|p1a: Maushold|10\/100 par\n|move|p1a: Maushold|Population Bomb|p2a: Ninetales\n|-damage|p2a: Ninetales|46\/100\n|-damage|p2a: Ninetales|38\/100\n|-damage|p2a: Ninetales|29\/100\n|-damage|p2a: Ninetales|21\/100\n|-damage|p2a: Ninetales|12\/100\n|-damage|p2a: Ninetales|4\/100\n|-hitcount|p2a: Ninetales|6\n|\n|-weather|Snow|[upkeep]\n|upkeep\n|turn|23\n|\n|t:|1700455919\n|move|p1a: Maushold|Protect|p1a: Maushold\n|-singleturn|p1a: Maushold|Protect\n|move|p2a: Ninetales|Moonblast|p1a: Maushold\n|-activate|p1a: Maushold|move: Protect\n|\n|-weather|Snow|[upkeep]\n|upkeep\n|turn|24\n|\n|t:|1700455927\n|move|p2a: Ninetales|Moonblast|p1a: Maushold\n|-crit|p1a: Maushold\n|-damage|p1a: Maushold|0 fnt\n|faint|p1a: Maushold\n|\n|-weather|none\n|upkeep\n|\n|t:|1700455936\n|switch|p1a: Ambipom|Ambipom, M|100\/100\n|turn|25\n|\n|t:|1700455942\n|move|p1a: Ambipom|Fake Out|p2a: Ninetales\n|-damage|p2a: Ninetales|0 fnt\n|faint|p2a: Ninetales\n|\n|upkeep\n|\n|t:|1700455945\n|switch|p2a: Numel|Numel, M|100\/100\n|turn|26\n|\n|t:|1700455954\n|move|p1a: Ambipom|Knock Off|p2a: Numel\n|-damage|p2a: Numel|85\/100\n|-enditem|p2a: Numel|Eviolite|[from] move: Knock Off|[of] p1a: Ambipom\n|move|p2a: Numel|Stockpile|p2a: Numel\n|-start|p2a: Numel|stockpile1\n|-boost|p2a: Numel|def|2\n|-boost|p2a: Numel|spd|2\n|\n|upkeep\n|turn|27\n|inactive|ThatOneSweat1234 has 120 seconds left.\n|\n|t:|1700455989\n|move|p1a: Ambipom|Double Hit|p2a: Numel\n|-damage|p2a: Numel|75\/100\n|-damage|p2a: Numel|64\/100\n|-hitcount|p2a: Numel|2\n|move|p2a: Numel|Stockpile|p2a: Numel\n|-start|p2a: Numel|stockpile2\n|-boost|p2a: Numel|def|2\n|-boost|p2a: Numel|spd|2\n|\n|-sideend|p2: Simpleton 2|move: Aurora Veil\n|upkeep\n|turn|28\n|inactive|ThatOneSweat1234 has 120 seconds left.\n|\n|t:|1700456001\n|move|p1a: Ambipom|Double Hit|p2a: Numel\n|-damage|p2a: Numel|49\/100\n|-damage|p2a: Numel|34\/100\n|-hitcount|p2a: Numel|2\n|move|p2a: Numel|Stockpile|p2a: Numel\n|-start|p2a: Numel|stockpile3\n|-boost|p2a: Numel|def|2\n|-boost|p2a: Numel|spd|2\n|\n|upkeep\n|turn|29\n|\n|t:|1700456011\n|move|p1a: Ambipom|Double Hit|p2a: Numel\n|-damage|p2a: Numel|21\/100\n|-damage|p2a: Numel|10\/100\n|-hitcount|p2a: Numel|2\n|move|p2a: Numel|Rest|p2a: Numel\n|-status|p2a: Numel|slp|[from] move: Rest\n|-heal|p2a: Numel|100\/100 slp|[silent]\n|\n|upkeep\n|turn|30\n|inactive|ThatOneSweat1234 has 120 seconds left.\n|\n|t:|1700456028\n|move|p1a: Ambipom|Double Hit|p2a: Numel\n|-damage|p2a: Numel|89\/100 slp\n|-damage|p2a: Numel|78\/100 slp\n|-hitcount|p2a: Numel|2\n|cant|p2a: Numel|slp\n|\n|upkeep\n|turn|31\n|\n|t:|1700456034\n|move|p1a: Ambipom|Double Hit|p2a: Numel\n|-damage|p2a: Numel|66\/100 slp\n|-damage|p2a: Numel|55\/100 slp\n|-hitcount|p2a: Numel|2\n|cant|p2a: Numel|slp\n|\n|upkeep\n|turn|32\n|inactive|Simpleton 2 has 120 seconds left.\n|\n|t:|1700456066\n|switch|p1a: Greninja|Greninja, M, shiny|88\/100 slp\n|-curestatus|p2a: Numel|slp|[msg]\n|move|p2a: Numel|Flame Charge|p1a: Greninja\n|-resisted|p1a: Greninja\n|-damage|p1a: Greninja|78\/100 slp\n|-boost|p2a: Numel|spe|2\n|\n|upkeep\n|turn|33\n|inactive|Simpleton 2 has 120 seconds left.\n|inactive|ThatOneSweat1234 has 120 seconds left.\n|\n|t:|1700456102\n|-terastallize|p2a: Numel|Fighting\n|-curestatus|p1a: Greninja|slp|[msg]\n|move|p1a: Greninja|Hydro Pump|p2a: Numel\n|-start|p1a: Greninja|typechange|Water|[from] ability: Protean\n|-damage|p2a: Numel|30\/100\n|-damage|p1a: Greninja|68\/100|[from] item: Life Orb\n|move|p2a: Numel|Flame Charge|p1a: Greninja\n|-resisted|p1a: Greninja\n|-damage|p1a: Greninja|57\/100\n|-boost|p2a: Numel|spe|2\n|\n|upkeep\n|turn|34\n|inactive|Simpleton 2 has 120 seconds left.\n|\n|t:|1700456120\n|move|p1a: Greninja|Dark Pulse|p2a: Numel\n|-resisted|p2a: Numel\n|-damage|p2a: Numel|24\/100\n|-damage|p1a: Greninja|48\/100|[from] item: Life Orb\n|move|p2a: Numel|Rest|p2a: Numel\n|-status|p2a: Numel|slp|[from] move: Rest\n|-heal|p2a: Numel|100\/100 slp|[silent]\n|\n|upkeep\n|turn|35\n|\n|t:|1700456130\n|move|p1a: Greninja|Hydro Pump|p2a: Numel|[miss]\n|-miss|p1a: Greninja|p2a: Numel\n|cant|p2a: Numel|slp\n|\n|upkeep\n|turn|36\n|\n|t:|1700456136\n|move|p1a: Greninja|Hydro Pump|p2a: Numel\n|-damage|p2a: Numel|76\/100 slp\n|-damage|p1a: Greninja|38\/100|[from] item: Life Orb\n|cant|p2a: Numel|slp\n|\n|upkeep\n|turn|37\n|\n|t:|1700456142\n|move|p1a: Greninja|Hydro Pump|p2a: Numel\n|-damage|p2a: Numel|51\/100 slp\n|-damage|p1a: Greninja|28\/100|[from] item: Life Orb\n|-curestatus|p2a: Numel|slp|[msg]\n|move|p2a: Numel|Flame Charge|p1a: Greninja\n|-resisted|p1a: Greninja\n|-damage|p1a: Greninja|18\/100\n|-boost|p2a: Numel|spe|2\n|\n|upkeep\n|turn|38\n|inactive|ThatOneSweat1234 has 120 seconds left.\n|\n|t:|1700456156\n|move|p2a: Numel|Body Press|p1a: Greninja\n|-damage|p1a: Greninja|0 fnt\n|faint|p1a: Greninja\n|\n|upkeep\n|\n|t:|1700456172\n|switch|p1a: Ambipom|Ambipom, M|100\/100\n|turn|39\n|\n|t:|1700456176\n|move|p1a: Ambipom|Fake Out|p2a: Numel\n|-damage|p2a: Numel|38\/100\n|cant|p2a: Numel|flinch\n|\n|upkeep\n|turn|40\n|\n|t:|1700456181\n|move|p2a: Numel|Rest|p2a: Numel\n|-status|p2a: Numel|slp|[from] move: Rest\n|-heal|p2a: Numel|100\/100 slp|[silent]\n|move|p1a: Ambipom|Double Hit|p2a: Numel|[miss]\n|-miss|p1a: Ambipom|p2a: Numel\n|\n|upkeep\n|turn|41\n|\n|t:|1700456188\n|switch|p1a: Victreebel|Victreebel, F|100\/100\n|cant|p2a: Numel|slp\n|\n|upkeep\n|turn|42\n|\n|t:|1700456195\n|cant|p2a: Numel|slp\n|move|p1a: Victreebel|Sunny Day|p1a: Victreebel\n|-weather|SunnyDay\n|\n|-weather|SunnyDay|[upkeep]\n|upkeep\n|turn|43\n|\n|t:|1700456212\n|move|p1a: Victreebel|Energy Ball|p2a: Numel\n|-damage|p2a: Numel|76\/100 slp\n|-damage|p1a: Victreebel|91\/100|[from] item: Life Orb\n|-curestatus|p2a: Numel|slp|[msg]\n|move|p2a: Numel|Flame Charge|p1a: Victreebel\n|-supereffective|p1a: Victreebel\n|-damage|p1a: Victreebel|33\/100\n|\n|-weather|SunnyDay|[upkeep]\n|upkeep\n|turn|44\n|\n|t:|1700456222\n|move|p1a: Victreebel|Energy Ball|p2a: Numel\n|-damage|p2a: Numel|53\/100\n|-damage|p1a: Victreebel|23\/100|[from] item: Life Orb\n|move|p2a: Numel|Flame Charge|p1a: Victreebel\n|-supereffective|p1a: Victreebel\n|-damage|p1a: Victreebel|0 fnt\n|faint|p1a: Victreebel\n|\n|-weather|SunnyDay|[upkeep]\n|upkeep\n|\n|t:|1700456231\n|switch|p1a: Dipplin|Dipplin, M|88\/100\n|turn|45\n|\n|t:|1700456237\n|move|p2a: Numel|Body Press|p1a: Dipplin\n|-damage|p1a: Dipplin|48\/100\n|move|p1a: Dipplin|Growth|p1a: Dipplin\n|-boost|p1a: Dipplin|atk|2\n|-boost|p1a: Dipplin|spa|2\n|\n|-weather|SunnyDay|[upkeep]\n|upkeep\n|turn|46\n|\n|t:|1700456244\n|move|p2a: Numel|Body Press|p1a: Dipplin\n|-damage|p1a: Dipplin|8\/100\n|move|p1a: Dipplin|Giga Drain|p2a: Numel\n|-damage|p2a: Numel|31\/100\n|-heal|p1a: Dipplin|16\/100|[from] drain|[of] p2a: Numel\n|\n|-weather|none\n|upkeep\n|turn|47\n|\n|t:|1700456255\n|move|p2a: Numel|Body Press|p1a: Dipplin\n|-damage|p1a: Dipplin|0 fnt\n|faint|p1a: Dipplin\n|\n|upkeep\n|\n|t:|1700456260\n|switch|p1a: Ambipom|Ambipom, M|100\/100\n|turn|48\n|\n|t:|1700456263\n|move|p1a: Ambipom|Fake Out|p2a: Numel\n|-damage|p2a: Numel|17\/100\n|cant|p2a: Numel|flinch\n|\n|upkeep\n|turn|49\n|\n|t:|1700456270\n|move|p2a: Numel|Rest|p2a: Numel\n|-status|p2a: Numel|slp|[from] move: Rest\n|-heal|p2a: Numel|100\/100 slp|[silent]\n|move|p1a: Ambipom|Double Hit|p2a: Numel\n|-damage|p2a: Numel|89\/100 slp\n|-damage|p2a: Numel|78\/100 slp\n|-hitcount|p2a: Numel|2\n|\n|upkeep\n|turn|50\n|c|\u2606ThatOneSweat1234|aw hell nah man\n|\n|t:|1700456283\n|cant|p2a: Numel|slp\n|move|p1a: Ambipom|Tera Blast|p2a: Numel\n|-damage|p2a: Numel|68\/100 slp\n|\n|upkeep\n|turn|51\n|\n|t:|1700456292\n|cant|p2a: Numel|slp\n|move|p1a: Ambipom|Double Hit|p2a: Numel|[miss]\n|-miss|p1a: Ambipom|p2a: Numel\n|\n|upkeep\n|turn|52\n|\n|t:|1700456298\n|-curestatus|p2a: Numel|slp|[msg]\n|move|p2a: Numel|Body Press|p1a: Ambipom\n|-supereffective|p1a: Ambipom\n|-damage|p1a: Ambipom|0 fnt\n|faint|p1a: Ambipom\n|\n|upkeep\n|\n|t:|1700456303\n|switch|p1a: Kingambit|Kingambit, M, tera:Ghost|71\/100 par\n|-activate|p1a: Kingambit|ability: Supreme Overlord\n|-start|p1a: Kingambit|fallen5|[silent]\n|turn|53\n|\n|t:|1700456318\n|move|p2a: Numel|Flame Charge|p1a: Kingambit\n|-damage|p1a: Kingambit|63\/100 par\n|move|p1a: Kingambit|Iron Head|p2a: Numel\n|-damage|p2a: Numel|39\/100\n|\n|upkeep\n|turn|54\n|\n|t:|1700456326\n|move|p2a: Numel|Flame Charge|p1a: Kingambit\n|-damage|p1a: Kingambit|54\/100 par\n|move|p1a: Kingambit|Iron Head|p2a: Numel\n|-damage|p2a: Numel|12\/100\n|\n|upkeep\n|turn|55\n|\n|t:|1700456332\n|move|p2a: Numel|Rest|p2a: Numel\n|-status|p2a: Numel|slp|[from] move: Rest\n|-heal|p2a: Numel|100\/100 slp|[silent]\n|move|p1a: Kingambit|Iron Head|p2a: Numel\n|-damage|p2a: Numel|72\/100 slp\n|\n|upkeep\n|turn|56\n|\n|t:|1700456338\n|cant|p2a: Numel|slp\n|move|p1a: Kingambit|Iron Head|p2a: Numel\n|-damage|p2a: Numel|42\/100 slp\n|\n|upkeep\n|turn|57\n|\n|t:|1700456343\n|cant|p2a: Numel|slp\n|cant|p1a: Kingambit|par\n|\n|upkeep\n|turn|58\n|\n|t:|1700456348\n|-curestatus|p2a: Numel|slp|[msg]\n|move|p2a: Numel|Flame Charge|p1a: Kingambit\n|-damage|p1a: Kingambit|46\/100 par\n|move|p1a: Kingambit|Iron Head|p2a: Numel\n|-damage|p2a: Numel|14\/100\n|\n|upkeep\n|turn|59\n|\n|t:|1700456355\n|move|p2a: Numel|Rest|p2a: Numel\n|-status|p2a: Numel|slp|[from] move: Rest\n|-heal|p2a: Numel|100\/100 slp|[silent]\n|move|p1a: Kingambit|Iron Head|p2a: Numel\n|-crit|p2a: Numel\n|-damage|p2a: Numel|0 fnt\n|faint|p2a: Numel\n|\n|win|ThatOneSweat1234\n|raw|ThatOneSweat1234's rating: 1090 &rarr; <strong>1113<\/strong><br \/>(+23 for winning)\n|raw|Simpleton 2's rating: 1043 &rarr; <strong>1029<\/strong><br \/>(-14 for losing)\n|c|\u2606ThatOneSweat1234|CRIT LESGOOO\n|c|\u2606ThatOneSweat1234|gg\n|l|\u2606ThatOneSweat1234\n","uploadtime":1700456375,"views":10,"p1id":"thatonesweat1234","p2id":"simpleton2","formatid":"gen9ou","rating":1029,"private":0,"password":""}