{"id":"gen9ou-1993762882","p1":"jouos","p2":"Winterbub","format":"[Gen 9] OU","log":"|j|\u2606jouos\n|j|\u2606Winterbub\n|t:|1700354316\n|gametype|singles\n|player|p1|jouos|cynthia-masters|1406\n|player|p2|Winterbub|cynthia|1552\n|teamsize|p1|6\n|teamsize|p2|6\n|gen|9\n|tier|[Gen 9] OU\n|rated|\n|rule|Sleep Clause Mod: Limit one foe put to sleep\n|rule|Species Clause: Limit one of each Pok\u00e9mon\n|rule|OHKO Clause: OHKO moves are banned\n|rule|Evasion Items Clause: Evasion items are banned\n|rule|Evasion Moves Clause: Evasion moves are banned\n|rule|Endless Battle Clause: Forcing endless battles is banned\n|rule|HP Percentage Mod: HP is shown in percentages\n|clearpoke\n|poke|p1|Samurott-Hisui, F|\n|poke|p1|Cinderace, F|\n|poke|p1|Heatran, F|\n|poke|p1|Iron Valiant|\n|poke|p1|Toxapex, M|\n|poke|p1|Dragonite, F|\n|poke|p2|Glimmora, F|\n|poke|p2|Greninja-*, M|\n|poke|p2|Iron Valiant|\n|poke|p2|Dragonite, F|\n|poke|p2|Kingambit, F|\n|poke|p2|Iron Moth|\n|teampreview\n|inactive|Battle timer is ON: inactive players will automatically lose when time's up. (requested by Winterbub)\n|\n|t:|1700354333\n|start\n|switch|p1a: Samurott|Samurott-Hisui, F|100\/100\n|switch|p2a: Glimmora|Glimmora, F|100\/100\n|turn|1\n|\n|t:|1700354346\n|move|p1a: Samurott|Flip Turn|p2a: Glimmora\n|-supereffective|p2a: Glimmora\n|-crit|p2a: Glimmora\n|-damage|p2a: Glimmora|6\/100\n|-activate|p2a: Glimmora|ability: Toxic Debris\n|-sidestart|p1: jouos|move: Toxic Spikes\n|\n|t:|1700354351\n|switch|p1a: Dragonite|Dragonite, F|100\/100|[from] Flip Turn\n|move|p2a: Glimmora|Mortal Spin|p1a: Dragonite\n|-damage|p1a: Dragonite|97\/100\n|-status|p1a: Dragonite|psn\n|\n|-damage|p1a: Dragonite|85\/100 psn|[from] psn\n|upkeep\n|turn|2\n|\n|t:|1700354362\n|move|p2a: Glimmora|Stealth Rock|p1a: Dragonite\n|-sidestart|p1: jouos|move: Stealth Rock\n|move|p1a: Dragonite|Earthquake|p2a: Glimmora\n|-supereffective|p2a: Glimmora\n|-damage|p2a: Glimmora|0 fnt\n|-activate|p2a: Glimmora|ability: Toxic Debris\n|-sidestart|p1: jouos|move: Toxic Spikes\n|faint|p2a: Glimmora\n|\n|-damage|p1a: Dragonite|73\/100 psn|[from] psn\n|upkeep\n|\n|t:|1700354367\n|switch|p2a: Greninja|Greninja, M|100\/100\n|turn|3\n|inactive|jouos has 120 seconds left.\n|inactive|jouos has 90 seconds left.\n|\n|t:|1700354428\n|switch|p2a: Dragonite|Dragonite, F|100\/100\n|move|p1a: Dragonite|Extreme Speed|p2a: Dragonite\n|-damage|p2a: Dragonite|84\/100\n|\n|-damage|p1a: Dragonite|61\/100 psn|[from] psn\n|upkeep\n|turn|4\n|inactive|jouos has 90 seconds left.\n|\n|t:|1700354466\n|switch|p1a: Toxapex|Toxapex, M|100\/100\n|-sideend|p1: jouos|move: Toxic Spikes|[of] p1a: Toxapex\n|-damage|p1a: Toxapex|88\/100|[from] Stealth Rock\n|move|p2a: Dragonite|Dragon Dance|p2a: Dragonite\n|-boost|p2a: Dragonite|atk|1\n|-boost|p2a: Dragonite|spe|1\n|\n|-heal|p1a: Toxapex|94\/100|[from] item: Black Sludge\n|upkeep\n|turn|5\n|\n|t:|1700354470\n|move|p2a: Dragonite|Earthquake|p1a: Toxapex\n|-supereffective|p1a: Toxapex\n|-damage|p1a: Toxapex|21\/100\n|move|p1a: Toxapex|Haze|p1a: Toxapex\n|-clearallboost\n|\n|-heal|p1a: Toxapex|27\/100|[from] item: Black Sludge\n|upkeep\n|turn|6\n|\n|t:|1700354478\n|switch|p1a: Iron Valiant|Iron Valiant|100\/100\n|-damage|p1a: Iron Valiant|94\/100|[from] Stealth Rock\n|-enditem|p1a: Iron Valiant|Booster Energy\n|-activate|p1a: Iron Valiant|ability: Quark Drive|[fromitem]\n|-start|p1a: Iron Valiant|quarkdrivespa\n|move|p2a: Dragonite|Earthquake|p1a: Iron Valiant\n|-damage|p1a: Iron Valiant|42\/100\n|\n|upkeep\n|turn|7\n|\n|t:|1700354485\n|move|p2a: Dragonite|Extreme Speed|p1a: Iron Valiant\n|-damage|p1a: Iron Valiant|0 fnt\n|faint|p1a: Iron Valiant\n|-end|p1a: Iron Valiant|Quark Drive|[silent]\n|\n|upkeep\n|\n|t:|1700354494\n|switch|p1a: Cinderace|Cinderace, F|100\/100\n|turn|8\n|\n|t:|1700354502\n|move|p1a: Cinderace|Court Change|p1a: Cinderace\n|-start|p1a: Cinderace|typechange|Normal|[from] ability: Libero\n|-swapsideconditions\n|-activate|p1a: Cinderace|move: Court Change\n|move|p2a: Dragonite|Earthquake|p1a: Cinderace\n|-damage|p1a: Cinderace|45\/100\n|\n|upkeep\n|turn|9\n|\n|t:|1700354513\n|move|p1a: Cinderace|Gunk Shot|p2a: Dragonite\n|-damage|p2a: Dragonite|38\/100\n|move|p2a: Dragonite|Earthquake|p1a: Cinderace\n|-damage|p1a: Cinderace|0 fnt\n|faint|p1a: Cinderace\n|\n|upkeep\n|\n|t:|1700354521\n|switch|p1a: Samurott|Samurott-Hisui, F|100\/100\n|turn|10\n|\n|t:|1700354525\n|move|p2a: Dragonite|Extreme Speed|p1a: Samurott\n|-damage|p1a: Samurott|58\/100\n|move|p1a: Samurott|Ceaseless Edge|p2a: Dragonite\n|-damage|p2a: Dragonite|0 fnt\n|-sidestart|p2: Winterbub|Spikes\n|faint|p2a: Dragonite\n|\n|upkeep\n|\n|t:|1700354533\n|switch|p2a: Iron Valiant|Iron Valiant|100\/100\n|-damage|p2a: Iron Valiant|94\/100|[from] Stealth Rock\n|-damage|p2a: Iron Valiant|82\/100|[from] Spikes\n|-enditem|p2a: Iron Valiant|Booster Energy\n|-activate|p2a: Iron Valiant|ability: Quark Drive|[fromitem]\n|-start|p2a: Iron Valiant|quarkdrivespe\n|turn|11\n|inactive|jouos has 120 seconds left.\n|\n|t:|1700354541\n|switch|p1a: Toxapex|Toxapex, M|61\/100\n|move|p2a: Iron Valiant|Close Combat|p1a: Toxapex\n|-resisted|p1a: Toxapex\n|-damage|p1a: Toxapex|46\/100\n|-unboost|p2a: Iron Valiant|def|1\n|-unboost|p2a: Iron Valiant|spd|1\n|\n|-heal|p1a: Toxapex|52\/100|[from] item: Black Sludge\n|upkeep\n|turn|12\n|\n|t:|1700354554\n|move|p2a: Iron Valiant|Shadow Ball|p1a: Toxapex\n|-damage|p1a: Toxapex|30\/100\n|move|p1a: Toxapex|Recover|p1a: Toxapex\n|-heal|p1a: Toxapex|80\/100\n|\n|-heal|p1a: Toxapex|86\/100|[from] item: Black Sludge\n|upkeep\n|turn|13\n|inactive|jouos has 120 seconds left.\n|inactive|jouos has 90 seconds left.\n|\n|t:|1700354621\n|switch|p1a: Heatran|Heatran, F|100\/100\n|move|p2a: Iron Valiant|Encore||[still]\n|-fail|p2a: Iron Valiant\n|\n|upkeep\n|turn|14\n|\n|t:|1700354631\n|switch|p1a: Toxapex|Toxapex, M|100\/100\n|move|p2a: Iron Valiant|Close Combat|p1a: Toxapex\n|-resisted|p1a: Toxapex\n|-crit|p1a: Toxapex\n|-damage|p1a: Toxapex|76\/100\n|-unboost|p2a: Iron Valiant|def|1\n|-unboost|p2a: Iron Valiant|spd|1\n|\n|-heal|p1a: Toxapex|82\/100|[from] item: Black Sludge\n|upkeep\n|turn|15\n|\n|t:|1700354640\n|-end|p2a: Iron Valiant|Quark Drive|[silent]\n|switch|p2a: Iron Moth|Iron Moth|100\/100\n|-damage|p2a: Iron Moth|76\/100|[from] Stealth Rock\n|-damage|p2a: Iron Moth|63\/100|[from] Spikes\n|-enditem|p2a: Iron Moth|Booster Energy\n|-activate|p2a: Iron Moth|ability: Quark Drive|[fromitem]\n|-start|p2a: Iron Moth|quarkdrivespa\n|move|p1a: Toxapex|Liquidation|p2a: Iron Moth\n|-supereffective|p2a: Iron Moth\n|-damage|p2a: Iron Moth|0 fnt\n|faint|p2a: Iron Moth\n|-end|p2a: Iron Moth|Quark Drive|[silent]\n|\n|-heal|p1a: Toxapex|89\/100|[from] item: Black Sludge\n|upkeep\n|\n|t:|1700354653\n|switch|p2a: Kingambit|Kingambit, F|100\/100\n|-damage|p2a: Kingambit|94\/100|[from] Stealth Rock\n|-activate|p2a: Kingambit|ability: Supreme Overlord\n|-start|p2a: Kingambit|fallen3|[silent]\n|-item|p2a: Kingambit|Air Balloon\n|turn|16\n|inactive|jouos has 90 seconds left.\n|inactive|jouos has 60 seconds left.\n|\n|t:|1700354694\n|switch|p1a: Samurott|Samurott-Hisui, F|58\/100\n|move|p2a: Kingambit|Swords Dance|p2a: Kingambit\n|-boost|p2a: Kingambit|atk|2\n|\n|upkeep\n|turn|17\n|\n|t:|1700354703\n|-terastallize|p2a: Kingambit|Flying\n|move|p1a: Samurott|Sacred Sword|p2a: Kingambit\n|-resisted|p2a: Kingambit\n|-damage|p2a: Kingambit|79\/100\n|-enditem|p2a: Kingambit|Air Balloon\n|move|p2a: Kingambit|Low Kick|p1a: Samurott\n|-supereffective|p1a: Samurott\n|-damage|p1a: Samurott|0 fnt\n|faint|p1a: Samurott\n|\n|upkeep\n|inactive|jouos has 60 seconds left.\n|\n|t:|1700354726\n|switch|p1a: Dragonite|Dragonite, F|61\/100 psn\n|turn|18\n|\n|t:|1700354733\n|move|p2a: Kingambit|Sucker Punch||[still]\n|-fail|p2a: Kingambit\n|move|p1a: Dragonite|Roost|p1a: Dragonite\n|-heal|p1a: Dragonite|100\/100 psn\n|-singleturn|p1a: Dragonite|move: Roost\n|\n|-damage|p1a: Dragonite|88\/100 psn|[from] psn\n|upkeep\n|turn|19\n|\n|t:|1700354740\n|move|p1a: Dragonite|Dragon Dance|p1a: Dragonite\n|-boost|p1a: Dragonite|atk|1\n|-boost|p1a: Dragonite|spe|1\n|move|p2a: Kingambit|Iron Head|p1a: Dragonite\n|-damage|p1a: Dragonite|0 fnt\n|faint|p1a: Dragonite\n|\n|upkeep\n|\n|t:|1700354746\n|switch|p1a: Heatran|Heatran, F|100\/100\n|turn|20\n|\n|t:|1700354751\n|-terastallize|p1a: Heatran|Grass\n|move|p2a: Kingambit|Sucker Punch|p1a: Heatran\n|-damage|p1a: Heatran|10\/100\n|move|p1a: Heatran|Magma Storm|p2a: Kingambit\n|-damage|p2a: Kingambit|39\/100\n|-activate|p2a: Kingambit|move: Magma Storm|[of] p1a: Heatran\n|\n|-heal|p1a: Heatran|16\/100|[from] item: Leftovers\n|-damage|p2a: Kingambit|27\/100|[from] move: Magma Storm|[partiallytrapped]\n|upkeep\n|turn|21\n|\n|t:|1700354761\n|move|p1a: Heatran|Will-O-Wisp|p2a: Kingambit\n|-status|p2a: Kingambit|brn\n|move|p2a: Kingambit|Iron Head|p1a: Heatran\n|-damage|p1a: Heatran|0 fnt\n|faint|p1a: Heatran\n|\n|-damage|p2a: Kingambit|20\/100 brn|[from] brn\n|-end|p2a: Kingambit|Magma Storm|[partiallytrapped]|[silent]\n|upkeep\n|\n|t:|1700354765\n|switch|p1a: Toxapex|Toxapex, M|100\/100\n|turn|22\n|inactive|jouos has 90 seconds left.\n|\n|t:|1700354775\n|move|p2a: Kingambit|Iron Head|p1a: Toxapex\n|-resisted|p1a: Toxapex\n|-damage|p1a: Toxapex|84\/100\n|move|p1a: Toxapex|Toxic Spikes|p2a: Kingambit\n|-sidestart|p2: Winterbub|move: Toxic Spikes\n|\n|-heal|p1a: Toxapex|90\/100|[from] item: Black Sludge\n|-damage|p2a: Kingambit|14\/100 brn|[from] brn\n|upkeep\n|turn|23\n|inactive|jouos has 90 seconds left.\n|\n|t:|1700354781\n|-end|p2a: Kingambit|fallen3|[silent]\n|switch|p2a: Iron Valiant|Iron Valiant|82\/100\n|-damage|p2a: Iron Valiant|76\/100|[from] Stealth Rock\n|-damage|p2a: Iron Valiant|63\/100|[from] Spikes\n|-status|p2a: Iron Valiant|psn\n|move|p1a: Toxapex|Haze|p1a: Toxapex\n|-clearallboost\n|\n|-heal|p1a: Toxapex|96\/100|[from] item: Black Sludge\n|-damage|p2a: Iron Valiant|51\/100 psn|[from] psn\n|upkeep\n|turn|24\n|\n|t:|1700354790\n|move|p2a: Iron Valiant|Encore|p1a: Toxapex\n|-start|p1a: Toxapex|Encore\n|move|p1a: Toxapex|Haze|p1a: Toxapex\n|-clearallboost\n|\n|-heal|p1a: Toxapex|100\/100|[from] item: Black Sludge\n|-damage|p2a: Iron Valiant|38\/100 psn|[from] psn\n|upkeep\n|turn|25\n|\n|t:|1700354797\n|-end|p2a: Iron Valiant|Quark Drive|[silent]\n|switch|p2a: Kingambit|Kingambit, F, tera:Flying|14\/100 brn\n|-damage|p2a: Kingambit|0 fnt|[from] Stealth Rock\n|faint|p2a: Kingambit\n|-end|p2a: Kingambit|fallen3|[silent]\n|move|p1a: Toxapex|Haze|p1a: Toxapex\n|-clearallboost\n|\n|upkeep\n|\n|t:|1700354800\n|switch|p2a: Greninja|Greninja, M|100\/100\n|-damage|p2a: Greninja|88\/100|[from] Stealth Rock\n|-damage|p2a: Greninja|76\/100|[from] Spikes\n|-status|p2a: Greninja|psn\n|turn|26\n|\n|t:|1700354806\n|move|p2a: Greninja|Dark Pulse|p1a: Toxapex\n|-damage|p1a: Toxapex|62\/100\n|-damage|p2a: Greninja|66\/100 psn|[from] item: Life Orb\n|move|p1a: Toxapex|Haze|p1a: Toxapex\n|-clearallboost\n|\n|-heal|p1a: Toxapex|68\/100|[from] item: Black Sludge\n|-damage|p2a: Greninja|54\/100 psn|[from] psn\n|-end|p1a: Toxapex|Encore\n|upkeep\n|turn|27\n|inactive|jouos has 120 seconds left.\n|\n|t:|1700354814\n|move|p2a: Greninja|Dark Pulse|p1a: Toxapex\n|-damage|p1a: Toxapex|26\/100\n|-damage|p2a: Greninja|44\/100 psn|[from] item: Life Orb\n|move|p1a: Toxapex|Recover|p1a: Toxapex\n|-heal|p1a: Toxapex|76\/100\n|\n|-heal|p1a: Toxapex|83\/100|[from] item: Black Sludge\n|-damage|p2a: Greninja|32\/100 psn|[from] psn\n|upkeep\n|turn|28\n|inactive|jouos has 120 seconds left.\n|\n|t:|1700354825\n|move|p2a: Greninja|Dark Pulse|p1a: Toxapex\n|-damage|p1a: Toxapex|46\/100\n|-damage|p2a: Greninja|22\/100 psn|[from] item: Life Orb\n|move|p1a: Toxapex|Recover|p1a: Toxapex\n|-heal|p1a: Toxapex|96\/100\n|\n|-heal|p1a: Toxapex|100\/100|[from] item: Black Sludge\n|-damage|p2a: Greninja|10\/100 psn|[from] psn\n|upkeep\n|turn|29\n|\n|t:|1700354830\n|move|p2a: Greninja|Dark Pulse|p1a: Toxapex\n|-damage|p1a: Toxapex|59\/100\n|-damage|p2a: Greninja|0 fnt|[from] item: Life Orb\n|faint|p2a: Greninja\n|move|p1a: Toxapex|Liquidation|p2: Greninja|[notarget]\n|-fail|p1a: Toxapex\n|\n|-heal|p1a: Toxapex|66\/100|[from] item: Black Sludge\n|upkeep\n|c|\u2606Winterbub|Gg\n|\n|t:|1700354839\n|switch|p2a: Iron Valiant|Iron Valiant|38\/100 psn\n|-damage|p2a: Iron Valiant|32\/100 psn|[from] Stealth Rock\n|-damage|p2a: Iron Valiant|20\/100 psn|[from] Spikes\n|turn|30\n|\n|t:|1700354843\n|move|p2a: Iron Valiant|Shadow Ball|p1a: Toxapex\n|-damage|p1a: Toxapex|42\/100\n|move|p1a: Toxapex|Liquidation|p2a: Iron Valiant\n|-damage|p2a: Iron Valiant|0 fnt\n|faint|p2a: Iron Valiant\n|-end|p2a: Iron Valiant|Quark Drive|[silent]\n|\n|win|jouos\n|raw|jouos's rating: 1406 &rarr; <strong>1434<\/strong><br \/>(+28 for winning)\n|raw|Winterbub's rating: 1552 &rarr; <strong>1524<\/strong><br \/>(-28 for losing)\n|c|\u2606jouos|gg\n","uploadtime":1700354848,"views":23,"p1id":"jouos","p2id":"winterbub","formatid":"gen9ou","rating":1434,"private":0,"password":""}