{"id":"gen9ou-1996082047","p1":"vicky_1109","p2":"6bg","format":"[Gen 9] OU","log":"|j|\u2606vicky_1109\n|j|\u26066bg\n|t:|1700641133\n|gametype|singles\n|player|p1|vicky_1109|red|1103\n|player|p2|6bg|yellow|1000\n|teamsize|p1|6\n|teamsize|p2|6\n|gen|9\n|tier|[Gen 9] OU\n|rated|\n|rule|Sleep Clause Mod: Limit one foe put to sleep\n|rule|Species Clause: Limit one of each Pok\u00e9mon\n|rule|OHKO Clause: OHKO moves are banned\n|rule|Evasion Items Clause: Evasion items are banned\n|rule|Evasion Moves Clause: Evasion moves are banned\n|rule|Endless Battle Clause: Forcing endless battles is banned\n|rule|HP Percentage Mod: HP is shown in percentages\n|clearpoke\n|poke|p1|Iron Jugulis|\n|poke|p1|Ogerpon-Wellspring, F|\n|poke|p1|Tinkaton, F|\n|poke|p1|Iron Moth|\n|poke|p1|Great Tusk|\n|poke|p1|Dragapult, F|\n|poke|p2|Shaymin|\n|poke|p2|Zapdos|\n|poke|p2|Lycanroc-Dusk, F|\n|poke|p2|Heatran, M|\n|poke|p2|Scizor, M|\n|poke|p2|Ogerpon-Wellspring, F|\n|teampreview\n|\n|t:|1700641152\n|start\n|switch|p1a: Tinkaton|Tinkaton, F|100\/100\n|switch|p2a: Shaymin|Shaymin|100\/100\n|-item|p1a: Tinkaton|Air Balloon\n|turn|1\n|\n|t:|1700641166\n|switch|p2a: Heatran|Heatran, M|100\/100\n|move|p1a: Tinkaton|Thunder Wave|p2a: Heatran\n|-status|p2a: Heatran|par\n|\n|upkeep\n|turn|2\n|\n|t:|1700641177\n|move|p1a: Tinkaton|Stealth Rock|p2a: Heatran\n|-sidestart|p2: 6bg|move: Stealth Rock\n|cant|p2a: Heatran|par\n|\n|upkeep\n|turn|3\n|\n|t:|1700641189\n|switch|p1a: Great Tusk|Great Tusk|100\/100\n|-enditem|p1a: Great Tusk|Booster Energy\n|-activate|p1a: Great Tusk|ability: Protosynthesis|[fromitem]\n|-start|p1a: Great Tusk|protosynthesisatk\n|cant|p2a: Heatran|par\n|\n|upkeep\n|turn|4\n|\n|t:|1700641198\n|switch|p2a: Shaymin|Shaymin|100\/100\n|-damage|p2a: Shaymin|88\/100|[from] Stealth Rock\n|move|p1a: Great Tusk|Rapid Spin|p2a: Shaymin\n|-damage|p2a: Shaymin|66\/100\n|-boost|p1a: Great Tusk|spe|1\n|\n|upkeep\n|turn|5\n|\n|t:|1700641207\n|move|p2a: Shaymin|Seed Flare|p1a: Great Tusk\n|-supereffective|p1a: Great Tusk\n|-damage|p1a: Great Tusk|0 fnt\n|faint|p1a: Great Tusk\n|-end|p1a: Great Tusk|Protosynthesis|[silent]\n|\n|upkeep\n|\n|t:|1700641213\n|switch|p1a: Iron Moth|Iron Moth|100\/100\n|-enditem|p1a: Iron Moth|Booster Energy\n|-activate|p1a: Iron Moth|ability: Quark Drive|[fromitem]\n|-start|p1a: Iron Moth|quarkdrivespa\n|turn|6\n|\n|t:|1700641225\n|switch|p2a: Lycanroc|Lycanroc-Dusk, F|100\/100\n|-damage|p2a: Lycanroc|88\/100|[from] Stealth Rock\n|move|p1a: Iron Moth|Fiery Dance|p2a: Lycanroc\n|-resisted|p2a: Lycanroc\n|-damage|p2a: Lycanroc|44\/100\n|-boost|p1a: Iron Moth|spa|1\n|\n|upkeep\n|turn|7\n|\n|t:|1700641238\n|move|p2a: Lycanroc|Accelerock|p1a: Iron Moth\n|-supereffective|p1a: Iron Moth\n|-damage|p1a: Iron Moth|0 fnt\n|faint|p1a: Iron Moth\n|-end|p1a: Iron Moth|Quark Drive|[silent]\n|\n|upkeep\n|\n|t:|1700641243\n|switch|p1a: Iron Jugulis|Iron Jugulis|100\/100\n|-enditem|p1a: Iron Jugulis|Booster Energy\n|-activate|p1a: Iron Jugulis|ability: Quark Drive|[fromitem]\n|-start|p1a: Iron Jugulis|quarkdrivespe\n|turn|8\n|\n|t:|1700641257\n|switch|p2a: Zapdos|Zapdos|100\/100\n|-terastallize|p1a: Iron Jugulis|Steel\n|move|p1a: Iron Jugulis|Earth Power|p2a: Zapdos\n|-immune|p2a: Zapdos\n|\n|upkeep\n|turn|9\n|\n|t:|1700641270\n|move|p1a: Iron Jugulis|Knock Off|p2a: Zapdos\n|-damage|p2a: Zapdos|74\/100\n|-enditem|p2a: Zapdos|Heavy-Duty Boots|[from] move: Knock Off|[of] p1a: Iron Jugulis\n|move|p2a: Zapdos|Heat Wave|p1a: Iron Jugulis\n|-supereffective|p1a: Iron Jugulis\n|-damage|p1a: Iron Jugulis|31\/100\n|\n|upkeep\n|turn|10\n|\n|t:|1700641282\n|move|p1a: Iron Jugulis|Hurricane|p2a: Zapdos\n|-resisted|p2a: Zapdos\n|-damage|p2a: Zapdos|46\/100\n|move|p2a: Zapdos|Volt Switch|p1a: Iron Jugulis\n|-damage|p1a: Iron Jugulis|0 fnt\n|faint|p1a: Iron Jugulis\n|-end|p1a: Iron Jugulis|Quark Drive|[silent]\n|\n|t:|1700641300\n|switch|p2a: Scizor|Scizor, M|100\/100|[from] Volt Switch\n|-damage|p2a: Scizor|88\/100|[from] Stealth Rock\n|\n|-heal|p2a: Scizor|94\/100|[from] item: Leftovers\n|upkeep\n|\n|t:|1700641317\n|switch|p1a: Ogerpon|Ogerpon-Wellspring, F|100\/100\n|turn|11\n|\n|t:|1700641323\n|move|p1a: Ogerpon|Horn Leech|p2a: Scizor\n|-resisted|p2a: Scizor\n|-damage|p2a: Scizor|84\/100\n|move|p2a: Scizor|U-turn|p1a: Ogerpon\n|-supereffective|p1a: Ogerpon\n|-damage|p1a: Ogerpon|4\/100\n|-message|vicky_1109 forfeited.\n|\n|win|6bg\n|raw|vicky_1109's rating: 1103 &rarr; <strong>1071<\/strong><br \/>(-32 for losing)\n|raw|6bg's rating: 1000 &rarr; <strong>1052<\/strong><br \/>(+52 for winning)\n|l|\u2606vicky_1109\n","uploadtime":1700641331,"views":0,"p1id":"vicky1109","p2id":"6bg","formatid":"gen9ou","rating":1052,"private":0,"password":""}