{"id":"gen9ou-1990001730","p1":"DLCSILV","p2":"Eucalipto69!","format":"[Gen 9] OU","log":"|j|\u2606DLCSILV\n|j|\u2606Eucalipto69!\n|t:|1699914230\n|gametype|singles\n|player|p1|DLCSILV|ghetsis|1552\n|player|p2|Eucalipto69!|alder|1660\n|teamsize|p1|6\n|teamsize|p2|6\n|gen|9\n|tier|[Gen 9] OU\n|rated|\n|rule|Sleep Clause Mod: Limit one foe put to sleep\n|rule|Species Clause: Limit one of each Pok\u00e9mon\n|rule|OHKO Clause: OHKO moves are banned\n|rule|Evasion Items Clause: Evasion items are banned\n|rule|Evasion Moves Clause: Evasion moves are banned\n|rule|Endless Battle Clause: Forcing endless battles is banned\n|rule|HP Percentage Mod: HP is shown in percentages\n|clearpoke\n|poke|p1|Alomomola, M|\n|poke|p1|Ting-Lu|\n|poke|p1|Zamazenta-*|\n|poke|p1|Slowking-Galar, M|\n|poke|p1|Moltres|\n|poke|p1|Sinistcha|\n|poke|p2|Scizor, F|\n|poke|p2|Dragapult, F|\n|poke|p2|Kilowattrel, M|\n|poke|p2|Samurott-Hisui, M|\n|poke|p2|Great Tusk|\n|poke|p2|Ogerpon-Cornerstone, F|\n|teampreview\n|inactive|Battle timer is ON: inactive players will automatically lose when time's up. (requested by DLCSILV)\n|\n|t:|1699914244\n|start\n|switch|p1a: Ting-Lu|Ting-Lu|100\/100\n|switch|p2a: Dragapult|Dragapult, F|100\/100\n|-ability|p1a: Ting-Lu|Vessel of Ruin\n|turn|1\n|\n|t:|1699914250\n|move|p2a: Dragapult|Will-O-Wisp|p1a: Ting-Lu\n|-status|p1a: Ting-Lu|brn\n|move|p1a: Ting-Lu|Ruination|p2a: Dragapult\n|-damage|p2a: Dragapult|50\/100\n|\n|-heal|p2a: Dragapult|57\/100|[from] item: Leftovers\n|-damage|p1a: Ting-Lu|94\/100 brn|[from] brn\n|upkeep\n|turn|2\n|\n|t:|1699914256\n|switch|p2a: Great Tusk|Great Tusk|100\/100\n|move|p1a: Ting-Lu|Spikes|p2a: Great Tusk\n|-sidestart|p2: Eucalipto69!|Spikes\n|\n|-heal|p1a: Ting-Lu|100\/100 brn|[from] item: Leftovers\n|-damage|p1a: Ting-Lu|94\/100 brn|[from] brn\n|upkeep\n|turn|3\n|\n|t:|1699914262\n|switch|p1a: Sinistcha|Sinistcha|100\/100\n|move|p2a: Great Tusk|Stealth Rock|p1a: Sinistcha\n|-sidestart|p1: DLCSILV|move: Stealth Rock\n|\n|upkeep\n|turn|4\n|\n|t:|1699914270\n|-end|p2a: Great Tusk|Protosynthesis|[silent]\n|switch|p2a: Scizor|Scizor, F|100\/100\n|move|p1a: Sinistcha|Calm Mind|p1a: Sinistcha\n|-boost|p1a: Sinistcha|spa|1\n|-boost|p1a: Sinistcha|spd|1\n|\n|upkeep\n|turn|5\n|\n|t:|1699914275\n|move|p1a: Sinistcha|Strength Sap|p2a: Scizor\n|-unboost|p2a: Scizor|atk|1\n|move|p2a: Scizor|Knock Off|p1a: Sinistcha\n|-supereffective|p1a: Sinistcha\n|-crit|p1a: Sinistcha\n|-damage|p1a: Sinistcha|22\/100\n|-enditem|p1a: Sinistcha|Heavy-Duty Boots|[from] move: Knock Off|[of] p2a: Scizor\n|\n|upkeep\n|turn|6\n|\n|t:|1699914280\n|move|p2a: Scizor|Bullet Punch|p1a: Sinistcha\n|-damage|p1a: Sinistcha|6\/100\n|move|p1a: Sinistcha|Strength Sap|p2a: Scizor\n|-unboost|p2a: Scizor|atk|1\n|-heal|p1a: Sinistcha|82\/100\n|\n|upkeep\n|turn|7\n|\n|t:|1699914286\n|move|p1a: Sinistcha|Shadow Ball|p2a: Scizor\n|-damage|p2a: Scizor|42\/100\n|move|p2a: Scizor|U-turn|p1a: Sinistcha\n|-damage|p1a: Sinistcha|67\/100\n|\n|t:|1699914297\n|switch|p2a: Samurott|Samurott-Hisui, M|100\/100|[from] U-turn\n|-damage|p2a: Samurott|88\/100|[from] Spikes\n|\n|upkeep\n|turn|8\n|\n|t:|1699914305\n|-terastallize|p1a: Sinistcha|Poison\n|move|p2a: Samurott|Ceaseless Edge|p1a: Sinistcha\n|-damage|p1a: Sinistcha|32\/100\n|-sidestart|p1: DLCSILV|Spikes\n|move|p1a: Sinistcha|Matcha Gotcha|p2a: Samurott\n|-supereffective|p2a: Samurott\n|-damage|p2a: Samurott|0 fnt\n|-heal|p1a: Sinistcha|81\/100|[from] drain|[of] p2a: Samurott\n|faint|p2a: Samurott\n|\n|upkeep\n|\n|t:|1699914326\n|switch|p2a: Great Tusk|Great Tusk|100\/100\n|-damage|p2a: Great Tusk|88\/100|[from] Spikes\n|turn|9\n|\n|t:|1699914329\n|switch|p1a: Moltres|Moltres|100\/100\n|move|p2a: Great Tusk|Earthquake|p1a: Moltres\n|-immune|p1a: Moltres\n|\n|upkeep\n|turn|10\n|\n|t:|1699914336\n|-end|p2a: Great Tusk|Protosynthesis|[silent]\n|switch|p2a: Dragapult|Dragapult, F|57\/100\n|-damage|p2a: Dragapult|44\/100|[from] Spikes\n|move|p1a: Moltres|U-turn|p2a: Dragapult\n|-resisted|p2a: Dragapult\n|-damage|p2a: Dragapult|35\/100\n|\n|t:|1699914339\n|switch|p1a: Ting-Lu|Ting-Lu|94\/100 brn|[from] U-turn\n|-damage|p1a: Ting-Lu|88\/100 brn|[from] Stealth Rock\n|-damage|p1a: Ting-Lu|76\/100 brn|[from] Spikes\n|-ability|p1a: Ting-Lu|Vessel of Ruin\n|\n|-heal|p2a: Dragapult|41\/100|[from] item: Leftovers\n|-heal|p1a: Ting-Lu|82\/100 brn|[from] item: Leftovers\n|-damage|p1a: Ting-Lu|76\/100 brn|[from] brn\n|upkeep\n|turn|11\n|\n|t:|1699914354\n|switch|p2a: Scizor|Scizor, F|42\/100\n|move|p1a: Ting-Lu|Spikes|p2a: Scizor\n|-sidestart|p2: Eucalipto69!|Spikes\n|\n|-heal|p1a: Ting-Lu|82\/100 brn|[from] item: Leftovers\n|-damage|p1a: Ting-Lu|76\/100 brn|[from] brn\n|upkeep\n|turn|12\n|\n|t:|1699914368\n|move|p2a: Scizor|Defog|p1a: Ting-Lu\n|-unboost|p1a: Ting-Lu|evasion|1\n|-sideend|p1: DLCSILV|Spikes|[from] move: Defog|[of] p2a: Scizor\n|-sideend|p1: DLCSILV|Stealth Rock|[from] move: Defog|[of] p2a: Scizor\n|-sideend|p2: Eucalipto69!|Spikes|[from] move: Defog|[of] p2a: Scizor\n|move|p1a: Ting-Lu|Spikes|p2a: Scizor\n|-sidestart|p2: Eucalipto69!|Spikes\n|\n|-heal|p1a: Ting-Lu|82\/100 brn|[from] item: Leftovers\n|-damage|p1a: Ting-Lu|76\/100 brn|[from] brn\n|upkeep\n|turn|13\n|\n|t:|1699914374\n|switch|p1a: Moltres|Moltres|100\/100\n|move|p2a: Scizor|Knock Off|p1a: Moltres\n|-damage|p1a: Moltres|74\/100\n|-enditem|p1a: Moltres|Heavy-Duty Boots|[from] move: Knock Off|[of] p2a: Scizor\n|\n|upkeep\n|turn|14\n|\n|t:|1699914388\n|switch|p2a: Dragapult|Dragapult, F|41\/100\n|-damage|p2a: Dragapult|28\/100|[from] Spikes\n|move|p1a: Moltres|Flamethrower|p2a: Dragapult\n|-resisted|p2a: Dragapult\n|-damage|p2a: Dragapult|3\/100\n|\n|-heal|p2a: Dragapult|9\/100|[from] item: Leftovers\n|upkeep\n|turn|15\n|\n|t:|1699914395\n|move|p2a: Dragapult|Hydro Pump|p1a: Moltres\n|-supereffective|p1a: Moltres\n|-damage|p1a: Moltres|15\/100\n|move|p1a: Moltres|Roost|p1a: Moltres\n|-heal|p1a: Moltres|65\/100\n|-singleturn|p1a: Moltres|move: Roost\n|\n|-heal|p2a: Dragapult|15\/100|[from] item: Leftovers\n|upkeep\n|turn|16\n|c|\u2606DLCSILV|wtf\n|\n|t:|1699914410\n|move|p2a: Dragapult|Hydro Pump|p1a: Moltres\n|-supereffective|p1a: Moltres\n|-damage|p1a: Moltres|2\/100\n|move|p1a: Moltres|Flamethrower|p2a: Dragapult\n|-resisted|p2a: Dragapult\n|-damage|p2a: Dragapult|0 fnt\n|faint|p2a: Dragapult\n|\n|upkeep\n|c|\u2606DLCSILV|bro thinks we still in gliscor meta\n|\n|t:|1699914417\n|switch|p2a: Kilowattrel|Kilowattrel, M|100\/100\n|turn|17\n|\n|t:|1699914420\n|switch|p1a: Ting-Lu|Ting-Lu|76\/100 brn\n|-ability|p1a: Ting-Lu|Vessel of Ruin\n|move|p2a: Kilowattrel|U-turn|p1a: Ting-Lu\n|-supereffective|p1a: Ting-Lu\n|-damage|p1a: Ting-Lu|64\/100 brn\n|\n|t:|1699914427\n|switch|p2a: Scizor|Scizor, F|42\/100|[from] U-turn\n|\n|-heal|p1a: Ting-Lu|70\/100 brn|[from] item: Leftovers\n|-damage|p1a: Ting-Lu|64\/100 brn|[from] brn\n|upkeep\n|turn|18\n|\n|t:|1699914434\n|move|p2a: Scizor|U-turn|p1a: Ting-Lu\n|-supereffective|p1a: Ting-Lu\n|-damage|p1a: Ting-Lu|22\/100 brn\n|\n|t:|1699914440\n|switch|p2a: Great Tusk|Great Tusk|88\/100|[from] U-turn\n|-damage|p2a: Great Tusk|76\/100|[from] Spikes\n|move|p1a: Ting-Lu|Ruination|p2a: Great Tusk\n|-damage|p2a: Great Tusk|38\/100\n|\n|-heal|p1a: Ting-Lu|28\/100 brn|[from] item: Leftovers\n|-damage|p1a: Ting-Lu|22\/100 brn|[from] brn\n|upkeep\n|turn|19\n|\n|t:|1699914446\n|switch|p1a: Moltres|Moltres|2\/100\n|move|p2a: Great Tusk|Rapid Spin|p1a: Moltres\n|-crit|p1a: Moltres\n|-damage|p1a: Moltres|0 fnt\n|-boost|p2a: Great Tusk|spe|1\n|-sideend|p2: Eucalipto69!|Spikes|[from] move: Rapid Spin|[of] p2a: Great Tusk\n|faint|p1a: Moltres\n|\n|upkeep\n|\n|t:|1699914453\n|switch|p1a: Alomomola|Alomomola, M|100\/100\n|turn|20\n|\n|t:|1699914459\n|-end|p2a: Great Tusk|Protosynthesis|[silent]\n|switch|p2a: Scizor|Scizor, F|42\/100\n|move|p1a: Alomomola|Scald|p2a: Scizor\n|-damage|p2a: Scizor|26\/100\n|\n|upkeep\n|turn|21\n|\n|t:|1699914466\n|move|p1a: Alomomola|Scald|p2a: Scizor\n|-damage|p2a: Scizor|9\/100\n|move|p2a: Scizor|Knock Off|p1a: Alomomola\n|-damage|p1a: Alomomola|80\/100\n|-enditem|p1a: Alomomola|Heavy-Duty Boots|[from] move: Knock Off|[of] p2a: Scizor\n|\n|upkeep\n|turn|22\n|\n|t:|1699914474\n|switch|p2a: Kilowattrel|Kilowattrel, M|100\/100\n|move|p1a: Alomomola|Scald|p2a: Kilowattrel\n|-damage|p2a: Kilowattrel|74\/100\n|\n|upkeep\n|turn|23\n|\n|t:|1699914480\n|switch|p1a: Ting-Lu|Ting-Lu|22\/100 brn\n|-ability|p1a: Ting-Lu|Vessel of Ruin\n|move|p2a: Kilowattrel|U-turn|p1a: Ting-Lu\n|-supereffective|p1a: Ting-Lu\n|-damage|p1a: Ting-Lu|9\/100 brn\n|\n|t:|1699914488\n|switch|p2a: Scizor|Scizor, F|9\/100|[from] U-turn\n|\n|-heal|p1a: Ting-Lu|15\/100 brn|[from] item: Leftovers\n|-damage|p1a: Ting-Lu|9\/100 brn|[from] brn\n|upkeep\n|turn|24\n|\n|t:|1699914494\n|switch|p1a: Alomomola|Alomomola, M|100\/100\n|move|p2a: Scizor|U-turn|p1a: Alomomola\n|-damage|p1a: Alomomola|79\/100\n|\n|t:|1699914506\n|switch|p2a: Kilowattrel|Kilowattrel, M|74\/100|[from] U-turn\n|\n|upkeep\n|turn|25\n|\n|t:|1699914510\n|move|p1a: Alomomola|Protect|p1a: Alomomola\n|-singleturn|p1a: Alomomola|Protect\n|move|p2a: Kilowattrel|Thunderbolt|p1a: Alomomola\n|-activate|p1a: Alomomola|move: Protect\n|\n|upkeep\n|turn|26\n|\n|t:|1699914515\n|switch|p2a: Scizor|Scizor, F|9\/100\n|switch|p1a: Ting-Lu|Ting-Lu|9\/100 brn\n|-ability|p1a: Ting-Lu|Vessel of Ruin\n|\n|-heal|p1a: Ting-Lu|15\/100 brn|[from] item: Leftovers\n|-damage|p1a: Ting-Lu|9\/100 brn|[from] brn\n|upkeep\n|turn|27\n|\n|t:|1699914519\n|switch|p1a: Alomomola|Alomomola, M|100\/100\n|move|p2a: Scizor|U-turn|p1a: Alomomola\n|-damage|p1a: Alomomola|79\/100\n|\n|t:|1699914529\n|switch|p2a: Ogerpon|Ogerpon-Cornerstone, F|100\/100|[from] U-turn\n|\n|upkeep\n|turn|28\n|inactive|DLCSILV has 120 seconds left.\n|\n|t:|1699914564\n|move|p2a: Ogerpon|Swords Dance|p2a: Ogerpon\n|-boost|p2a: Ogerpon|atk|2\n|move|p1a: Alomomola|Scald|p2a: Ogerpon\n|-damage|p2a: Ogerpon|85\/100\n|\n|upkeep\n|turn|29\n|\n|t:|1699914573\n|switch|p1a: Ting-Lu|Ting-Lu|9\/100 brn\n|-ability|p1a: Ting-Lu|Vessel of Ruin\n|move|p2a: Ogerpon|Horn Leech|p1a: Ting-Lu\n|-supereffective|p1a: Ting-Lu\n|-damage|p1a: Ting-Lu|0 fnt\n|-heal|p2a: Ogerpon|93\/100|[from] drain|[of] p1a: Ting-Lu\n|faint|p1a: Ting-Lu\n|\n|upkeep\n|\n|t:|1699914577\n|switch|p1a: Zamazenta|Zamazenta|100\/100\n|-ability|p1a: Zamazenta|Dauntless Shield|boost\n|-boost|p1a: Zamazenta|def|1\n|turn|30\n|\n|t:|1699914580\n|switch|p2a: Great Tusk|Great Tusk|38\/100\n|move|p1a: Zamazenta|Close Combat|p2a: Great Tusk\n|-crit|p2a: Great Tusk\n|-damage|p2a: Great Tusk|0 fnt\n|-unboost|p1a: Zamazenta|def|1\n|-unboost|p1a: Zamazenta|spd|1\n|-damage|p1a: Zamazenta|84\/100|[from] item: Rocky Helmet|[of] p2a: Great Tusk\n|faint|p2a: Great Tusk\n|-end|p2a: Great Tusk|Protosynthesis|[silent]\n|\n|upkeep\n|\n|t:|1699914589\n|switch|p2a: Kilowattrel|Kilowattrel, M|74\/100\n|turn|31\n|\n|t:|1699914592\n|move|p2a: Kilowattrel|Air Slash|p1a: Zamazenta\n|-supereffective|p1a: Zamazenta\n|-damage|p1a: Zamazenta|0 fnt\n|faint|p1a: Zamazenta\n|\n|upkeep\n|\n|t:|1699914599\n|switch|p1a: Slowking|Slowking-Galar, M|100\/100\n|turn|32\n|\n|t:|1699914611\n|switch|p2a: Scizor|Scizor, F|9\/100\n|move|p1a: Slowking|Future Sight|p2a: Scizor\n|-start|p1a: Slowking|move: Future Sight\n|\n|upkeep\n|turn|33\n|\n|t:|1699914617\n|switch|p1a: Sinistcha|Sinistcha, tera:Poison|81\/100\n|move|p2a: Scizor|Knock Off|p1a: Sinistcha\n|-damage|p1a: Sinistcha|63\/100\n|\n|upkeep\n|turn|34\n|\n|t:|1699914625\n|move|p1a: Sinistcha|Calm Mind|p1a: Sinistcha\n|-boost|p1a: Sinistcha|spa|1\n|-boost|p1a: Sinistcha|spd|1\n|move|p2a: Scizor|Knock Off|p1a: Sinistcha\n|-damage|p1a: Sinistcha|46\/100\n|\n|-end|p2a: Scizor|move: Future Sight\n|-resisted|p2a: Scizor\n|-damage|p2a: Scizor|0 fnt\n|faint|p2a: Scizor\n|upkeep\n|\n|t:|1699914628\n|switch|p2a: Ogerpon|Ogerpon-Cornerstone, F|93\/100\n|turn|35\n|\n|t:|1699914632\n|move|p2a: Ogerpon|Encore|p1a: Sinistcha\n|-start|p1a: Sinistcha|Encore\n|move|p1a: Sinistcha|Calm Mind|p1a: Sinistcha\n|-boost|p1a: Sinistcha|spa|1\n|-boost|p1a: Sinistcha|spd|1\n|\n|upkeep\n|turn|36\n|\n|t:|1699914639\n|switch|p1a: Slowking|Slowking-Galar, M|100\/100\n|move|p2a: Ogerpon|Swords Dance|p2a: Ogerpon\n|-boost|p2a: Ogerpon|atk|2\n|\n|upkeep\n|turn|37\n|\n|t:|1699914645\n|-terastallize|p2a: Ogerpon|Rock\n|detailschange|p2a: Ogerpon|Ogerpon-Cornerstone-Tera, F, tera:Rock\n|-ability|p2a: Ogerpon|Embody Aspect (Cornerstone)|boost\n|-boost|p2a: Ogerpon|def|1\n|move|p2a: Ogerpon|Ivy Cudgel|p1a: Slowking\n|-damage|p1a: Slowking|0 fnt\n|faint|p1a: Slowking\n|\n|upkeep\n|\n|t:|1699914649\n|switch|p1a: Alomomola|Alomomola, M|100\/100\n|turn|38\n|\n|t:|1699914653\n|move|p2a: Ogerpon|Horn Leech|p1a: Alomomola\n|-supereffective|p1a: Alomomola\n|-damage|p1a: Alomomola|3\/100\n|-heal|p2a: Ogerpon|100\/100|[from] drain|[of] p1a: Alomomola\n|move|p1a: Alomomola|Scald|p2a: Ogerpon\n|-supereffective|p2a: Ogerpon\n|-damage|p2a: Ogerpon|71\/100\n|\n|upkeep\n|turn|39\n|c|\u2606DLCSILV|I swear to god\n|c|\u2606DLCSILV|my burn luck\n|c|\u2606DLCSILV|is so fricken bad\n|\n|t:|1699914673\n|move|p2a: Ogerpon|Horn Leech|p1a: Alomomola\n|-supereffective|p1a: Alomomola\n|-damage|p1a: Alomomola|0 fnt\n|-heal|p2a: Ogerpon|73\/100|[from] drain|[of] p1a: Alomomola\n|faint|p1a: Alomomola\n|\n|upkeep\n|\n|t:|1699914674\n|switch|p1a: Sinistcha|Sinistcha, tera:Poison|46\/100\n|turn|40\n|c|\u2606Eucalipto69!|Sword again\n|\n|t:|1699914683\n|move|p2a: Ogerpon|Ivy Cudgel|p1a: Sinistcha\n|-damage|p1a: Sinistcha|0 fnt\n|faint|p1a: Sinistcha\n|\n|win|Eucalipto69!\n|raw|DLCSILV's rating: 1552 &rarr; <strong>1538<\/strong><br \/>(-14 for losing)\n|raw|Eucalipto69!'s rating: 1660 &rarr; <strong>1674<\/strong><br \/>(+14 for winning)\n|c|\u2606DLCSILV|lol true\n|l|\u2606DLCSILV\n","uploadtime":1699914707,"views":26,"p1id":"dlcsilv","p2id":"eucalipto69","formatid":"gen9ou","rating":1538,"private":0,"password":""}