{"id":"gen9ou-1990765602","p1":"maxmonke27","p2":"IronFury","format":"[Gen 9] OU","log":"|j|\u2606maxmonke27\n|j|\u2606IronFury\n|t:|1699998736\n|gametype|singles\n|player|p1|maxmonke27|biker-gen4|1101\n|player|p2|IronFury|ingo|1070\n|teamsize|p1|6\n|teamsize|p2|6\n|gen|9\n|tier|[Gen 9] OU\n|rated|\n|rule|Sleep Clause Mod: Limit one foe put to sleep\n|rule|Species Clause: Limit one of each Pok\u00e9mon\n|rule|OHKO Clause: OHKO moves are banned\n|rule|Evasion Items Clause: Evasion items are banned\n|rule|Evasion Moves Clause: Evasion moves are banned\n|rule|Endless Battle Clause: Forcing endless battles is banned\n|rule|HP Percentage Mod: HP is shown in percentages\n|clearpoke\n|poke|p1|Cloyster, F|\n|poke|p1|Lurantis, F|\n|poke|p1|Dragapult, F|\n|poke|p1|Hoopa-Unbound|\n|poke|p1|Clefable, F|\n|poke|p1|Landorus-Therian, M|\n|poke|p2|Poliwrath, F|\n|poke|p2|Pelipper, M|\n|poke|p2|Overqwil, F|\n|poke|p2|Rillaboom, M|\n|poke|p2|Iron Treads|\n|poke|p2|Zapdos|\n|teampreview\n|\n|t:|1699998741\n|start\n|switch|p1a: Cloyster|Cloyster, F, shiny|100\/100\n|switch|p2a: Pelipper|Pelipper, M|100\/100\n|-weather|RainDance|[from] ability: Drizzle|[of] p2a: Pelipper\n|turn|1\n|\n|t:|1699998750\n|move|p1a: Cloyster|Icicle Spear|p2a: Pelipper\n|-damage|p2a: Pelipper|92\/100\n|-damage|p2a: Pelipper|84\/100\n|-damage|p2a: Pelipper|76\/100\n|-damage|p2a: Pelipper|68\/100\n|-damage|p2a: Pelipper|59\/100\n|-hitcount|p2a: Pelipper|5\n|move|p2a: Pelipper|U-turn|p1a: Cloyster\n|-damage|p1a: Cloyster|93\/100\n|\n|t:|1699998763\n|switch|p2a: Poliwrath|Poliwrath, F|100\/100|[from] U-turn\n|\n|-weather|RainDance|[upkeep]\n|upkeep\n|turn|2\n|\n|t:|1699998772\n|move|p2a: Poliwrath|Belly Drum|p2a: Poliwrath\n|-damage|p2a: Poliwrath|50\/100\n|-setboost|p2a: Poliwrath|atk|6|[from] move: Belly Drum\n|-enditem|p2a: Poliwrath|Sitrus Berry|[eat]\n|-heal|p2a: Poliwrath|75\/100|[from] item: Sitrus Berry\n|move|p1a: Cloyster|Liquidation|p2a: Poliwrath\n|-resisted|p2a: Poliwrath\n|-damage|p2a: Poliwrath|54\/100\n|\n|-weather|RainDance|[upkeep]\n|upkeep\n|turn|3\n|\n|t:|1699998783\n|switch|p1a: Dragapult|Dragapult, F, shiny|100\/100\n|move|p2a: Poliwrath|Drain Punch|p1a: Dragapult\n|-immune|p1a: Dragapult\n|\n|-weather|RainDance|[upkeep]\n|upkeep\n|turn|4\n|\n|t:|1699998790\n|move|p2a: Poliwrath|Liquidation|p1a: Dragapult\n|-resisted|p1a: Dragapult\n|-damage|p1a: Dragapult|0 fnt\n|faint|p1a: Dragapult\n|\n|-weather|RainDance|[upkeep]\n|upkeep\n|\n|t:|1699998799\n|switch|p1a: Hoopa|Hoopa-Unbound|100\/100\n|turn|5\n|\n|t:|1699998804\n|move|p2a: Poliwrath|Drain Punch|p1a: Hoopa\n|-damage|p1a: Hoopa|0 fnt\n|-heal|p2a: Poliwrath|100\/100|[from] drain|[of] p1a: Hoopa\n|faint|p1a: Hoopa\n|\n|-weather|RainDance|[upkeep]\n|upkeep\n|\n|t:|1699998814\n|switch|p1a: Lurantis|Lurantis, F, shiny|100\/100\n|turn|6\n|\n|t:|1699998818\n|move|p2a: Poliwrath|Drain Punch|p1a: Lurantis\n|-damage|p1a: Lurantis|0 fnt\n|faint|p1a: Lurantis\n|\n|-weather|RainDance|[upkeep]\n|upkeep\n|\n|t:|1699998827\n|switch|p1a: Cloyster|Cloyster, F, shiny|93\/100\n|turn|7\n|\n|t:|1699998830\n|move|p2a: Poliwrath|Drain Punch|p1a: Cloyster\n|-supereffective|p1a: Cloyster\n|-damage|p1a: Cloyster|0 fnt\n|faint|p1a: Cloyster\n|\n|-weather|RainDance|[upkeep]\n|upkeep\n|\n|t:|1699998836\n|switch|p1a: Landorus|Landorus-Therian, M|100\/100\n|-ability|p1a: Landorus|Intimidate|boost\n|-unboost|p2a: Poliwrath|atk|1\n|turn|8\n|\n|t:|1699998841\n|move|p2a: Poliwrath|Liquidation|p1a: Landorus\n|-supereffective|p1a: Landorus\n|-damage|p1a: Landorus|0 fnt\n|faint|p1a: Landorus\n|\n|-weather|none\n|upkeep\n|\n|t:|1699998847\n|switch|p1a: Clefable|Clefable, F, shiny|100\/100\n|turn|9\n|\n|t:|1699998851\n|-terastallize|p2a: Poliwrath|Poison\n|move|p2a: Poliwrath|Tera Blast|p1a: Clefable|[anim] Tera Blast Poison\n|-supereffective|p1a: Clefable\n|-damage|p1a: Clefable|0 fnt\n|faint|p1a: Clefable\n|\n|win|IronFury\n|raw|maxmonke27's rating: 1101 &rarr; <strong>1074<\/strong><br \/>(-27 for losing)\n|raw|IronFury's rating: 1070 &rarr; <strong>1102<\/strong><br \/>(+32 for winning)\n|l|\u2606maxmonke27\n","uploadtime":1699998861,"views":7,"p1id":"maxmonke27","p2id":"ironfury","formatid":"gen9ou","rating":1074,"private":0,"password":""}