{"id":"gen9ou-1992687024","p1":"Lasagna Crustle","p2":"nkjhgijoijhb","format":"[Gen 9] OU","log":"|j|\u2606Lasagna Crustle\n|j|\u2606nkjhgijoijhb\n|t:|1700225266\n|gametype|singles\n|player|p1|Lasagna Crustle|lady-gen4|1396\n|player|p2|nkjhgijoijhb|red|1441\n|teamsize|p1|6\n|teamsize|p2|6\n|gen|9\n|tier|[Gen 9] OU\n|rated|\n|rule|Sleep Clause Mod: Limit one foe put to sleep\n|rule|Species Clause: Limit one of each Pok\u00e9mon\n|rule|OHKO Clause: OHKO moves are banned\n|rule|Evasion Items Clause: Evasion items are banned\n|rule|Evasion Moves Clause: Evasion moves are banned\n|rule|Endless Battle Clause: Forcing endless battles is banned\n|rule|HP Percentage Mod: HP is shown in percentages\n|clearpoke\n|poke|p1|Rillaboom, F|\n|poke|p1|Ribombee, F|\n|poke|p1|Sneasler, F|\n|poke|p1|Hatterene, F|\n|poke|p1|Walking Wake|\n|poke|p1|Kingambit, F|\n|poke|p2|Sandy Shocks|\n|poke|p2|Frosmoth, M|\n|poke|p2|Iron Moth|\n|poke|p2|Dragapult, F|\n|poke|p2|Great Tusk|\n|poke|p2|Braviary-Hisui, M|\n|teampreview\n|inactive|Battle timer is ON: inactive players will automatically lose when time's up. (requested by nkjhgijoijhb)\n|\n|t:|1700225281\n|start\n|switch|p1a: Cheap Webs|Ribombee, F|100\/100\n|switch|p2a: Iron Moth|Iron Moth|100\/100\n|-enditem|p2a: Iron Moth|Booster Energy\n|-activate|p2a: Iron Moth|ability: Quark Drive|[fromitem]\n|-start|p2a: Iron Moth|quarkdrivespe\n|turn|1\n|\n|t:|1700225287\n|move|p2a: Iron Moth|Substitute|p2a: Iron Moth\n|-start|p2a: Iron Moth|Substitute\n|-damage|p2a: Iron Moth|76\/100\n|move|p1a: Cheap Webs|Sticky Web|p2a: Iron Moth\n|-sidestart|p2: nkjhgijoijhb|move: Sticky Web\n|\n|upkeep\n|turn|2\n|\n|t:|1700225291\n|move|p2a: Iron Moth|Fiery Dance|p1a: Cheap Webs\n|-supereffective|p1a: Cheap Webs\n|-enditem|p1a: Cheap Webs|Focus Sash\n|-damage|p1a: Cheap Webs|1\/100\n|move|p1a: Cheap Webs|Psychic|p2a: Iron Moth\n|-supereffective|p2a: Iron Moth\n|-end|p2a: Iron Moth|Substitute\n|\n|upkeep\n|turn|3\n|\n|t:|1700225297\n|move|p2a: Iron Moth|Fiery Dance|p1a: Cheap Webs\n|-supereffective|p1a: Cheap Webs\n|-damage|p1a: Cheap Webs|0 fnt\n|-boost|p2a: Iron Moth|spa|1\n|faint|p1a: Cheap Webs\n|\n|upkeep\n|\n|t:|1700225306\n|switch|p1a: Cheap Nuke|Walking Wake|100\/100\n|-enditem|p1a: Cheap Nuke|Booster Energy\n|-activate|p1a: Cheap Nuke|ability: Protosynthesis|[fromitem]\n|-start|p1a: Cheap Nuke|protosynthesisspa\n|turn|4\n|\n|t:|1700225320\n|move|p2a: Iron Moth|Sludge Wave|p1a: Cheap Nuke\n|-damage|p1a: Cheap Nuke|19\/100\n|move|p1a: Cheap Nuke|Agility|p1a: Cheap Nuke\n|-boost|p1a: Cheap Nuke|spe|2\n|\n|upkeep\n|turn|5\n|\n|t:|1700225339\n|move|p1a: Cheap Nuke|Scald|p2a: Iron Moth\n|-supereffective|p2a: Iron Moth\n|-damage|p2a: Iron Moth|0 fnt\n|faint|p2a: Iron Moth\n|-end|p2a: Iron Moth|Quark Drive|[silent]\n|\n|upkeep\n|\n|t:|1700225356\n|switch|p2a: Dragapult|Dragapult, F|100\/100\n|-activate|p2a: Dragapult|move: Sticky Web\n|-unboost|p2a: Dragapult|spe|1\n|turn|6\n|\n|t:|1700225361\n|move|p1a: Cheap Nuke|Draco Meteor|p2a: Dragapult\n|-supereffective|p2a: Dragapult\n|-enditem|p2a: Dragapult|Focus Sash\n|-damage|p2a: Dragapult|1\/100\n|-unboost|p1a: Cheap Nuke|spa|2\n|move|p2a: Dragapult|Dragon Darts|p1a: Cheap Nuke\n|-supereffective|p1a: Cheap Nuke\n|-damage|p1a: Cheap Nuke|0 fnt\n|faint|p1a: Cheap Nuke\n|-end|p1a: Cheap Nuke|Protosynthesis|[silent]\n|\n|upkeep\n|\n|t:|1700225368\n|switch|p1a: Cheap Drums|Rillaboom, F|100\/100\n|-fieldstart|move: Grassy Terrain|[from] ability: Grassy Surge|[of] p1a: Cheap Drums\n|turn|7\n|\n|t:|1700225373\n|move|p1a: Cheap Drums|Grassy Glide|p2a: Dragapult\n|-resisted|p2a: Dragapult\n|-damage|p2a: Dragapult|0 fnt\n|faint|p2a: Dragapult\n|\n|upkeep\n|\n|t:|1700225380\n|switch|p2a: Braviary|Braviary-Hisui, M|100\/100\n|turn|8\n|\n|t:|1700225388\n|move|p1a: Cheap Drums|U-turn|p2a: Braviary\n|-damage|p2a: Braviary|74\/100\n|\n|t:|1700225390\n|switch|p1a: Cheap Fuck You|Hatterene, F, shiny|100\/100|[from] U-turn\n|-enditem|p1a: Cheap Fuck You|Grassy Seed\n|-boost|p1a: Cheap Fuck You|def|1|[from] item: Grassy Seed\n|move|p2a: Braviary|Agility|p2a: Braviary\n|-boost|p2a: Braviary|spe|2\n|\n|upkeep\n|turn|9\n|\n|t:|1700225397\n|move|p2a: Braviary|Hurricane|p1a: Cheap Fuck You\n|-damage|p1a: Cheap Fuck You|32\/100\n|move|p1a: Cheap Fuck You|Calm Mind|p1a: Cheap Fuck You\n|-boost|p1a: Cheap Fuck You|spa|1\n|-boost|p1a: Cheap Fuck You|spd|1\n|\n|-heal|p1a: Cheap Fuck You|38\/100|[from] Grassy Terrain\n|upkeep\n|turn|10\n|\n|t:|1700225404\n|move|p2a: Braviary|Hurricane|p1a: Cheap Fuck You\n|-damage|p1a: Cheap Fuck You|0 fnt\n|faint|p1a: Cheap Fuck You\n|\n|upkeep\n|\n|t:|1700225409\n|switch|p1a: Cheap Claws|Sneasler, F|100\/100\n|-enditem|p1a: Cheap Claws|Grassy Seed\n|-boost|p1a: Cheap Claws|def|1|[from] item: Grassy Seed\n|turn|11\n|\n|t:|1700225418\n|-terastallize|p1a: Cheap Claws|Dark\n|move|p1a: Cheap Claws|Swords Dance|p1a: Cheap Claws\n|-boost|p1a: Cheap Claws|atk|2\n|move|p2a: Braviary|Psychic|p1a: Cheap Claws\n|-immune|p1a: Cheap Claws\n|\n|-fieldend|move: Grassy Terrain\n|upkeep\n|turn|12\n|inactive|nkjhgijoijhb has 120 seconds left.\n|\n|t:|1700225456\n|move|p1a: Cheap Claws|Lash Out|p2a: Braviary\n|-supereffective|p2a: Braviary\n|-damage|p2a: Braviary|0 fnt\n|faint|p2a: Braviary\n|\n|upkeep\n|\n|t:|1700225458\n|switch|p2a: Great Tusk|Great Tusk|100\/100\n|-activate|p2a: Great Tusk|move: Sticky Web\n|-unboost|p2a: Great Tusk|spe|1\n|-enditem|p2a: Great Tusk|Booster Energy\n|-activate|p2a: Great Tusk|ability: Protosynthesis|[fromitem]\n|-start|p2a: Great Tusk|protosynthesisatk\n|turn|13\n|inactive|nkjhgijoijhb has 120 seconds left.\n|\n|t:|1700225472\n|move|p1a: Cheap Claws|Close Combat|p2a: Great Tusk\n|-damage|p2a: Great Tusk|0 fnt\n|-unboost|p1a: Cheap Claws|def|1\n|-unboost|p1a: Cheap Claws|spd|1\n|faint|p2a: Great Tusk\n|-end|p2a: Great Tusk|Protosynthesis|[silent]\n|\n|upkeep\n|\n|t:|1700225476\n|switch|p2a: Frosmoth|Frosmoth, M|100\/100\n|turn|14\n|\n|t:|1700225483\n|-terastallize|p2a: Frosmoth|Ground\n|move|p1a: Cheap Claws|Swords Dance|p1a: Cheap Claws\n|-boost|p1a: Cheap Claws|atk|2\n|move|p2a: Frosmoth|Ice Beam|p1a: Cheap Claws\n|-damage|p1a: Cheap Claws|20\/100\n|\n|upkeep\n|turn|15\n|-message|nkjhgijoijhb forfeited.\n|\n|win|Lasagna Crustle\n|raw|Lasagna Crustle's rating: 1396 &rarr; <strong>1419<\/strong><br \/>(+23 for winning)\n|raw|nkjhgijoijhb's rating: 1441 &rarr; <strong>1418<\/strong><br \/>(-23 for losing)\n|l|\u2606nkjhgijoijhb\n","uploadtime":1700225501,"views":18,"p1id":"lasagnacrustle","p2id":"nkjhgijoijhb","formatid":"gen9ou","rating":1418,"private":0,"password":""}