{"id":"gen9ou-1991272005","p1":"Gymbrogaymer","p2":"Deez nuzt","format":"[Gen 9] OU","log":"|j|\u2606Gymbrogaymer\n|j|\u2606Deez nuzt\n|t:|1700063161\n|gametype|singles\n|player|p1|Gymbrogaymer|norman|1615\n|player|p2|Deez nuzt|fantina|1699\n|teamsize|p1|6\n|teamsize|p2|6\n|gen|9\n|tier|[Gen 9] OU\n|rated|\n|rule|Sleep Clause Mod: Limit one foe put to sleep\n|rule|Species Clause: Limit one of each Pok\u00e9mon\n|rule|OHKO Clause: OHKO moves are banned\n|rule|Evasion Items Clause: Evasion items are banned\n|rule|Evasion Moves Clause: Evasion moves are banned\n|rule|Endless Battle Clause: Forcing endless battles is banned\n|rule|HP Percentage Mod: HP is shown in percentages\n|clearpoke\n|poke|p1|Dondozo, F|\n|poke|p1|Skeledirge, F|\n|poke|p1|Iron Hands|\n|poke|p1|Walking Wake|\n|poke|p1|Cinderace, F|\n|poke|p1|Iron Valiant|\n|poke|p2|Ting-Lu|\n|poke|p2|Great Tusk|\n|poke|p2|Greninja-*, F|\n|poke|p2|Dragapult, M|\n|poke|p2|Heatran, F|\n|poke|p2|Zapdos|\n|teampreview\n|\n|t:|1700063197\n|start\n|switch|p1a: Walking Wake|Walking Wake|100\/100\n|switch|p2a: Dragapult|Dragapult, M|100\/100\n|-enditem|p1a: Walking Wake|Booster Energy\n|-activate|p1a: Walking Wake|ability: Protosynthesis|[fromitem]\n|-start|p1a: Walking Wake|protosynthesisspa\n|turn|1\n|inactive|Battle timer is ON: inactive players will automatically lose when time's up. (requested by Deez nuzt)\n|\n|t:|1700063214\n|move|p2a: Dragapult|U-turn|p1a: Walking Wake\n|-damage|p1a: Walking Wake|69\/100\n|\n|t:|1700063218\n|switch|p2a: Zapdos|Zapdos|100\/100|[from] U-turn\n|move|p1a: Walking Wake|Draco Meteor|p2a: Zapdos\n|-crit|p2a: Zapdos\n|-damage|p2a: Zapdos|2\/100\n|-unboost|p1a: Walking Wake|spa|2\n|\n|upkeep\n|turn|2\n|\n|t:|1700063229\n|move|p1a: Walking Wake|Agility|p1a: Walking Wake\n|-boost|p1a: Walking Wake|spe|2\n|move|p2a: Zapdos|Roost|p2a: Zapdos\n|-heal|p2a: Zapdos|52\/100\n|-singleturn|p2a: Zapdos|move: Roost\n|\n|upkeep\n|turn|3\n|\n|t:|1700063237\n|move|p1a: Walking Wake|Draco Meteor|p2a: Zapdos\n|-damage|p2a: Zapdos|21\/100\n|-unboost|p1a: Walking Wake|spa|2\n|move|p2a: Zapdos|Roost|p2a: Zapdos\n|-heal|p2a: Zapdos|71\/100\n|-singleturn|p2a: Zapdos|move: Roost\n|\n|upkeep\n|turn|4\n|c|\u2606Deez nuzt|Nah bff\n|c|\u2606Deez nuzt|Bfr\n|\n|t:|1700063250\n|-end|p1a: Walking Wake|Protosynthesis|[silent]\n|switch|p1a: Iron Hands|Iron Hands|100\/100\n|-enditem|p1a: Iron Hands|Booster Energy\n|-activate|p1a: Iron Hands|ability: Quark Drive|[fromitem]\n|-start|p1a: Iron Hands|quarkdriveatk\n|move|p2a: Zapdos|Roost|p2a: Zapdos\n|-heal|p2a: Zapdos|100\/100\n|-singleturn|p2a: Zapdos|move: Roost\n|\n|upkeep\n|turn|5\n|\n|t:|1700063260\n|move|p2a: Zapdos|Volt Switch|p1a: Iron Hands\n|-resisted|p1a: Iron Hands\n|-damage|p1a: Iron Hands|88\/100\n|\n|t:|1700063271\n|switch|p2a: Great Tusk|Great Tusk|100\/100|[from] Volt Switch\n|move|p1a: Iron Hands|Swords Dance|p1a: Iron Hands\n|-boost|p1a: Iron Hands|atk|2\n|\n|upkeep\n|turn|6\n|\n|t:|1700063278\n|move|p2a: Great Tusk|Earthquake|p1a: Iron Hands\n|-supereffective|p1a: Iron Hands\n|-damage|p1a: Iron Hands|37\/100\n|move|p1a: Iron Hands|Ice Punch|p2a: Great Tusk\n|-supereffective|p2a: Great Tusk\n|-damage|p2a: Great Tusk|26\/100\n|-damage|p1a: Iron Hands|20\/100|[from] item: Rocky Helmet|[of] p2a: Great Tusk\n|\n|upkeep\n|turn|7\n|\n|t:|1700063288\n|move|p2a: Great Tusk|Earthquake|p1a: Iron Hands\n|-supereffective|p1a: Iron Hands\n|-damage|p1a: Iron Hands|0 fnt\n|faint|p1a: Iron Hands\n|-end|p1a: Iron Hands|Quark Drive|[silent]\n|\n|upkeep\n|\n|t:|1700063296\n|switch|p1a: Walking Wake|Walking Wake|69\/100\n|turn|8\n|inactive|Gymbrogaymer has 120 seconds left.\n|\n|t:|1700063332\n|-end|p2a: Great Tusk|Protosynthesis|[silent]\n|switch|p2a: Zapdos|Zapdos|100\/100\n|move|p1a: Walking Wake|Agility|p1a: Walking Wake\n|-boost|p1a: Walking Wake|spe|2\n|\n|upkeep\n|turn|9\n|inactive|Gymbrogaymer has 120 seconds left.\n|\n|t:|1700063343\n|move|p1a: Walking Wake|Hydro Steam|p2a: Zapdos\n|-damage|p2a: Zapdos|70\/100\n|move|p2a: Zapdos|Discharge|p1a: Walking Wake\n|-damage|p1a: Walking Wake|35\/100\n|\n|upkeep\n|turn|10\n|inactive|Gymbrogaymer has 120 seconds left.\n|\n|t:|1700063354\n|move|p1a: Walking Wake|Hydro Steam|p2a: Zapdos\n|-damage|p2a: Zapdos|40\/100\n|move|p2a: Zapdos|Roost|p2a: Zapdos\n|-heal|p2a: Zapdos|90\/100\n|-singleturn|p2a: Zapdos|move: Roost\n|\n|upkeep\n|turn|11\n|inactive|Gymbrogaymer has 120 seconds left.\n|\n|t:|1700063362\n|move|p1a: Walking Wake|Hydro Steam|p2a: Zapdos\n|-damage|p2a: Zapdos|57\/100\n|move|p2a: Zapdos|Roost|p2a: Zapdos\n|-heal|p2a: Zapdos|100\/100\n|-singleturn|p2a: Zapdos|move: Roost\n|\n|upkeep\n|turn|12\n|\n|t:|1700063370\n|move|p1a: Walking Wake|Hydro Steam|p2a: Zapdos\n|-damage|p2a: Zapdos|69\/100\n|move|p2a: Zapdos|Discharge|p1a: Walking Wake\n|-damage|p1a: Walking Wake|0 fnt\n|faint|p1a: Walking Wake\n|-end|p1a: Walking Wake|Protosynthesis|[silent]\n|\n|upkeep\n|\n|t:|1700063380\n|switch|p1a: Cinderace|Cinderace, F|100\/100\n|turn|13\n|\n|t:|1700063388\n|switch|p2a: Great Tusk|Great Tusk|26\/100\n|move|p1a: Cinderace|Pyro Ball|p2a: Great Tusk|[miss]\n|-miss|p1a: Cinderace|p2a: Great Tusk\n|\n|upkeep\n|turn|14\n|\n|t:|1700063394\n|move|p1a: Cinderace|Pyro Ball|p2a: Great Tusk\n|-crit|p2a: Great Tusk\n|-damage|p2a: Great Tusk|0 fnt\n|faint|p2a: Great Tusk\n|-end|p2a: Great Tusk|Protosynthesis|[silent]\n|\n|upkeep\n|\n|t:|1700063404\n|switch|p2a: Greninja|Greninja, F|100\/100\n|turn|15\n|\n|t:|1700063424\n|switch|p1a: Iron Valiant|Iron Valiant|100\/100\n|-enditem|p1a: Iron Valiant|Booster Energy\n|-activate|p1a: Iron Valiant|ability: Quark Drive|[fromitem]\n|-start|p1a: Iron Valiant|quarkdrivespe\n|move|p2a: Greninja|Surf|p1a: Iron Valiant\n|-start|p2a: Greninja|typechange|Water|[from] ability: Protean\n|-damage|p1a: Iron Valiant|36\/100\n|\n|upkeep\n|turn|16\n|\n|t:|1700063436\n|switch|p2a: Ting-Lu|Ting-Lu|100\/100\n|-ability|p2a: Ting-Lu|Vessel of Ruin\n|move|p1a: Iron Valiant|Moonblast|p2a: Ting-Lu\n|-supereffective|p2a: Ting-Lu\n|-damage|p2a: Ting-Lu|48\/100\n|\n|upkeep\n|turn|17\n|\n|t:|1700063445\n|move|p1a: Iron Valiant|Moonblast|p2a: Ting-Lu\n|-supereffective|p2a: Ting-Lu\n|-damage|p2a: Ting-Lu|0 fnt\n|faint|p2a: Ting-Lu\n|\n|upkeep\n|\n|t:|1700063448\n|switch|p2a: Heatran|Heatran, F|100\/100\n|turn|18\n|\n|t:|1700063452\n|move|p1a: Iron Valiant|Aura Sphere|p2a: Heatran\n|-supereffective|p2a: Heatran\n|-damage|p2a: Heatran|53\/100\n|move|p2a: Heatran|Earth Power|p1a: Iron Valiant\n|-damage|p1a: Iron Valiant|0 fnt\n|faint|p1a: Iron Valiant\n|-end|p1a: Iron Valiant|Quark Drive|[silent]\n|\n|-heal|p2a: Heatran|60\/100|[from] item: Leftovers\n|upkeep\n|\n|t:|1700063463\n|switch|p1a: Cinderace|Cinderace, F|100\/100\n|turn|19\n|\n|t:|1700063467\n|switch|p2a: Dragapult|Dragapult, M|100\/100\n|move|p1a: Cinderace|High Jump Kick|p2a: Dragapult\n|-start|p1a: Cinderace|typechange|Fighting|[from] ability: Libero\n|-immune|p2a: Dragapult\n|-damage|p1a: Cinderace|51\/100|[from] highjumpkick\n|\n|upkeep\n|turn|20\n|\n|t:|1700063478\n|move|p2a: Dragapult|Dragon Darts|p1a: Cinderace\n|-damage|p1a: Cinderace|0 fnt\n|faint|p1a: Cinderace\n|\n|upkeep\n|\n|t:|1700063495\n|switch|p1a: Skeledirge|Skeledirge, F|100\/100\n|turn|21\n|\n|t:|1700063503\n|-terastallize|p1a: Skeledirge|Fairy\n|move|p2a: Dragapult|Dragon Darts|p1a: Skeledirge\n|-immune|p1a: Skeledirge\n|move|p1a: Skeledirge|Hex|p2a: Dragapult\n|-supereffective|p2a: Dragapult\n|-damage|p2a: Dragapult|30\/100\n|\n|upkeep\n|turn|22\n|\n|t:|1700063514\n|switch|p2a: Heatran|Heatran, F|60\/100\n|move|p1a: Skeledirge|Hex|p2a: Heatran\n|-damage|p2a: Heatran|43\/100\n|\n|-heal|p2a: Heatran|49\/100|[from] item: Leftovers\n|upkeep\n|turn|23\n|\n|t:|1700063522\n|switch|p1a: Dondozo|Dondozo, F|100\/100\n|move|p2a: Heatran|Magma Storm|p1a: Dondozo\n|-resisted|p1a: Dondozo\n|-crit|p1a: Dondozo\n|-damage|p1a: Dondozo|81\/100\n|-activate|p1a: Dondozo|move: Magma Storm|[of] p2a: Heatran\n|\n|-heal|p2a: Heatran|56\/100|[from] item: Leftovers\n|-heal|p1a: Dondozo|87\/100|[from] item: Leftovers\n|-damage|p1a: Dondozo|74\/100|[from] move: Magma Storm|[partiallytrapped]\n|upkeep\n|turn|24\n|\n|t:|1700063533\n|switch|p2a: Zapdos|Zapdos|69\/100\n|move|p1a: Dondozo|Sleep Talk||[still]\n|-fail|p1a: Dondozo\n|\n|-heal|p1a: Dondozo|80\/100|[from] item: Leftovers\n|-end|p1a: Dondozo|Magma Storm|[partiallytrapped]|[silent]\n|upkeep\n|turn|25\n|\n|t:|1700063540\n|move|p2a: Zapdos|Discharge|p1a: Dondozo\n|-supereffective|p1a: Dondozo\n|-damage|p1a: Dondozo|36\/100\n|move|p1a: Dondozo|Avalanche|p2a: Zapdos\n|-supereffective|p2a: Zapdos\n|-damage|p2a: Zapdos|12\/100\n|\n|-heal|p1a: Dondozo|42\/100|[from] item: Leftovers\n|upkeep\n|turn|26\n|\n|t:|1700063550\n|switch|p1a: Skeledirge|Skeledirge, F, tera:Fairy|100\/100\n|move|p2a: Zapdos|Roost|p2a: Zapdos\n|-heal|p2a: Zapdos|62\/100\n|-singleturn|p2a: Zapdos|move: Roost\n|\n|upkeep\n|turn|27\n|\n|t:|1700063558\n|move|p2a: Zapdos|Discharge|p1a: Skeledirge\n|-damage|p1a: Skeledirge|75\/100\n|move|p1a: Skeledirge|Hex|p2a: Zapdos\n|-crit|p2a: Zapdos\n|-damage|p2a: Zapdos|38\/100\n|\n|-heal|p1a: Skeledirge|81\/100|[from] item: Leftovers\n|upkeep\n|turn|28\n|\n|t:|1700063567\n|move|p2a: Zapdos|Discharge|p1a: Skeledirge\n|-damage|p1a: Skeledirge|57\/100\n|move|p1a: Skeledirge|Will-O-Wisp|p2a: Zapdos|[miss]\n|-miss|p1a: Skeledirge|p2a: Zapdos\n|\n|-heal|p1a: Skeledirge|63\/100|[from] item: Leftovers\n|upkeep\n|turn|29\n|\n|t:|1700063575\n|move|p2a: Zapdos|Discharge|p1a: Skeledirge\n|-damage|p1a: Skeledirge|39\/100\n|move|p1a: Skeledirge|Slack Off|p1a: Skeledirge\n|-heal|p1a: Skeledirge|89\/100\n|\n|-heal|p1a: Skeledirge|95\/100|[from] item: Leftovers\n|upkeep\n|turn|30\n|\n|t:|1700063583\n|move|p2a: Zapdos|Discharge|p1a: Skeledirge\n|-damage|p1a: Skeledirge|71\/100\n|move|p1a: Skeledirge|Torch Song|p2a: Zapdos\n|-damage|p2a: Zapdos|17\/100\n|-boost|p1a: Skeledirge|spa|1\n|\n|-heal|p1a: Skeledirge|77\/100|[from] item: Leftovers\n|upkeep\n|turn|31\n|\n|t:|1700063595\n|move|p2a: Zapdos|Discharge|p1a: Skeledirge\n|-damage|p1a: Skeledirge|52\/100\n|move|p1a: Skeledirge|Hex|p2a: Zapdos\n|-damage|p2a: Zapdos|0 fnt\n|faint|p2a: Zapdos\n|\n|-heal|p1a: Skeledirge|59\/100|[from] item: Leftovers\n|upkeep\n|\n|t:|1700063602\n|switch|p2a: Heatran|Heatran, F|56\/100\n|turn|32\n|\n|t:|1700063607\n|move|p2a: Heatran|Taunt|p1a: Skeledirge\n|-start|p1a: Skeledirge|move: Taunt\n|move|p1a: Skeledirge|Hex|p2a: Heatran\n|-damage|p2a: Heatran|33\/100\n|\n|-heal|p2a: Heatran|39\/100|[from] item: Leftovers\n|-heal|p1a: Skeledirge|65\/100|[from] item: Leftovers\n|upkeep\n|turn|33\n|\n|t:|1700063617\n|move|p2a: Heatran|Magma Storm|p1a: Skeledirge\n|-damage|p1a: Skeledirge|35\/100\n|-activate|p1a: Skeledirge|move: Magma Storm|[of] p2a: Heatran\n|move|p1a: Skeledirge|Hex|p2a: Heatran\n|-damage|p2a: Heatran|18\/100\n|\n|-heal|p2a: Heatran|24\/100|[from] item: Leftovers\n|-heal|p1a: Skeledirge|41\/100|[from] item: Leftovers\n|-damage|p1a: Skeledirge|29\/100|[from] move: Magma Storm|[partiallytrapped]\n|upkeep\n|turn|34\n|\n|t:|1700063629\n|move|p2a: Heatran|Earth Power|p1a: Skeledirge\n|-damage|p1a: Skeledirge|11\/100\n|move|p1a: Skeledirge|Hex|p2a: Heatran\n|-damage|p2a: Heatran|1\/100\n|\n|-heal|p2a: Heatran|7\/100|[from] item: Leftovers\n|-heal|p1a: Skeledirge|17\/100|[from] item: Leftovers\n|-damage|p1a: Skeledirge|5\/100|[from] move: Magma Storm|[partiallytrapped]\n|-end|p1a: Skeledirge|move: Taunt\n|upkeep\n|turn|35\n|\n|t:|1700063641\n|move|p2a: Heatran|Earth Power|p1a: Skeledirge\n|-damage|p1a: Skeledirge|0 fnt\n|faint|p1a: Skeledirge\n|\n|-heal|p2a: Heatran|14\/100|[from] item: Leftovers\n|upkeep\n|inactive|Gymbrogaymer has 120 seconds left.\n|l|\u2606Gymbrogaymer\n|inactive|Gymbrogaymer disconnected and has a minute to reconnect!\n|player|p1|\n|c|\u2606Deez nuzt|Wow\n|c|\u2606Deez nuzt|We\n|c|\u2606Deez nuzt|Wow\n|inactive|Gymbrogaymer has 30 seconds to reconnect!\n|inactive|Gymbrogaymer has 20 seconds to reconnect!\n|inactive|Gymbrogaymer has 15 seconds to reconnect!\n|inactive|Gymbrogaymer has 10 seconds to reconnect!\n|inactive|Gymbrogaymer has 5 seconds to reconnect!\n|-message|Gymbrogaymer lost due to inactivity.\n|\n|win|Deez nuzt\n|raw|Gymbrogaymer's rating: 1615 &rarr; <strong>1600<\/strong><br \/>(-15 for losing)\n|raw|Deez nuzt's rating: 1699 &rarr; <strong>1714<\/strong><br \/>(+15 for winning)\n","uploadtime":1700063737,"views":20,"p1id":"gymbrogaymer","p2id":"deeznuzt","formatid":"gen9ou","rating":1600,"private":0,"password":""}