{"id":"gen9ou-1989284703","p1":"PekPicPek","p2":"andrewm0n","format":"[Gen 9] OU","log":"|j|\u2606PekPicPek\n|j|\u2606andrewm0n\n|t:|1699831830\n|gametype|singles\n|player|p1|PekPicPek|chuck|1721\n|player|p2|andrewm0n|swimmerf|1667\n|teamsize|p1|6\n|teamsize|p2|6\n|gen|9\n|tier|[Gen 9] OU\n|rated|\n|rule|Sleep Clause Mod: Limit one foe put to sleep\n|rule|Species Clause: Limit one of each Pok\u00e9mon\n|rule|OHKO Clause: OHKO moves are banned\n|rule|Evasion Items Clause: Evasion items are banned\n|rule|Evasion Moves Clause: Evasion moves are banned\n|rule|Endless Battle Clause: Forcing endless battles is banned\n|rule|HP Percentage Mod: HP is shown in percentages\n|clearpoke\n|poke|p1|Great Tusk|\n|poke|p1|Dragapult, M|\n|poke|p1|Kingambit, F|\n|poke|p1|Klawf, F|\n|poke|p1|Azumarill, M|\n|poke|p1|Moltres|\n|poke|p2|Alomomola, F|\n|poke|p2|Rillaboom, M|\n|poke|p2|Maushold-Four|\n|poke|p2|Dragapult, M|\n|poke|p2|Ursaluna, M|\n|poke|p2|Kingambit, M|\n|teampreview\n|\n|t:|1699831874\n|start\n|switch|p1a: Klawf|Klawf, F|100\/100\n|switch|p2a: Ursaluna|Ursaluna, M, shiny|100\/100\n|turn|1\n|\n|t:|1699831882\n|move|p1a: Klawf|Stealth Rock|p2a: Ursaluna\n|-sidestart|p2: andrewm0n|move: Stealth Rock\n|move|p2a: Ursaluna|Headlong Rush|p1a: Klawf\n|-supereffective|p1a: Klawf\n|-enditem|p1a: Klawf|Focus Sash\n|-damage|p1a: Klawf|1\/100\n|-unboost|p2a: Ursaluna|def|1\n|-unboost|p2a: Ursaluna|spd|1\n|-ability|p1a: Klawf|Anger Shell|boost\n|-boost|p1a: Klawf|atk|1\n|-boost|p1a: Klawf|spa|1\n|-boost|p1a: Klawf|spe|1\n|-unboost|p1a: Klawf|def|1\n|-unboost|p1a: Klawf|spd|1\n|\n|-status|p2a: Ursaluna|brn|[from] item: Flame Orb\n|upkeep\n|turn|2\n|\n|t:|1699831888\n|switch|p2a: Alomomola|Alomomola, F, shiny|100\/100\n|-damage|p2a: Alomomola|88\/100|[from] Stealth Rock\n|move|p1a: Klawf|Endeavor|p2a: Alomomola\n|-damage|p2a: Alomomola|1\/100\n|-damage|p1a: Klawf|0 fnt|[from] item: Rocky Helmet|[of] p2a: Alomomola\n|faint|p1a: Klawf\n|\n|upkeep\n|\n|t:|1699831898\n|switch|p1a: Great Tusk|Great Tusk|100\/100\n|-enditem|p1a: Great Tusk|Booster Energy\n|-activate|p1a: Great Tusk|ability: Protosynthesis|[fromitem]\n|-start|p1a: Great Tusk|protosynthesisatk\n|turn|3\n|\n|t:|1699831906\n|switch|p2a: Rillaboom|Rillaboom, M, shiny|100\/100\n|-damage|p2a: Rillaboom|88\/100|[from] Stealth Rock\n|-fieldstart|move: Grassy Terrain|[from] ability: Grassy Surge|[of] p2a: Rillaboom\n|move|p1a: Great Tusk|Ice Spinner|p2a: Rillaboom\n|-supereffective|p2a: Rillaboom\n|-damage|p2a: Rillaboom|13\/100\n|-fieldend|move: Grassy Terrain\n|\n|upkeep\n|turn|4\n|\n|t:|1699831952\n|move|p1a: Great Tusk|Rapid Spin|p2a: Rillaboom\n|-damage|p2a: Rillaboom|0 fnt\n|-boost|p1a: Great Tusk|spe|1\n|faint|p2a: Rillaboom\n|\n|upkeep\n|\n|t:|1699831958\n|switch|p2a: Dragapult|Dragapult, M, shiny|100\/100\n|-damage|p2a: Dragapult|88\/100|[from] Stealth Rock\n|turn|5\n|\n|t:|1699831960\n|move|p1a: Great Tusk|Ice Spinner|p2a: Dragapult\n|-supereffective|p2a: Dragapult\n|-damage|p2a: Dragapult|0 fnt\n|faint|p2a: Dragapult\n|\n|upkeep\n|-message|andrewm0n forfeited.\n|\n|win|PekPicPek\n|raw|PekPicPek's rating: 1721 &rarr; <strong>1738<\/strong><br \/>(+17 for winning)\n|raw|andrewm0n's rating: 1667 &rarr; <strong>1650<\/strong><br \/>(-17 for losing)\n|l|\u2606andrewm0n\n|c|\u2606PekPicPek|KAWWLFF\n","uploadtime":1699831974,"views":15,"p1id":"pekpicpek","p2id":"andrewm0n","formatid":"gen9ou","rating":1650,"private":0,"password":""}