{"id":"gen9ou-1995503121","p1":"dsppp","p2":"Peratest","format":"[Gen 9] OU","log":"|j|\u2606dsppp\n|j|\u203dPeratest\n|t:|1700577736\n|gametype|singles\n|player|p1|dsppp|101|1627\n|player|p2|Peratest|linebacker|1645\n|teamsize|p1|6\n|teamsize|p2|6\n|gen|9\n|tier|[Gen 9] OU\n|rated|\n|rule|Sleep Clause Mod: Limit one foe put to sleep\n|rule|Species Clause: Limit one of each Pok\u00e9mon\n|rule|OHKO Clause: OHKO moves are banned\n|rule|Evasion Items Clause: Evasion items are banned\n|rule|Evasion Moves Clause: Evasion moves are banned\n|rule|Endless Battle Clause: Forcing endless battles is banned\n|rule|HP Percentage Mod: HP is shown in percentages\n|clearpoke\n|poke|p1|Rillaboom, M|\n|poke|p1|Hawlucha, M|\n|poke|p1|Great Tusk|\n|poke|p1|Heatran, M|\n|poke|p1|Zapdos|\n|poke|p1|Walking Wake|\n|poke|p2|Ogerpon, F|\n|poke|p2|Cinderace, M|\n|poke|p2|Ursaluna, M|\n|poke|p2|Corviknight, M|\n|poke|p2|Clodsire, M|\n|poke|p2|Samurott-Hisui, M|\n|teampreview\n|\n|t:|1700577750\n|start\n|switch|p1a: Rillaboom|Rillaboom, M|100\/100\n|switch|p2a: Samurott|Samurott-Hisui, M, shiny|100\/100\n|-fieldstart|move: Grassy Terrain|[from] ability: Grassy Surge|[of] p1a: Rillaboom\n|turn|1\n|inactive|Battle timer is ON: inactive players will automatically lose when time's up. (requested by dsppp)\n|\n|t:|1700577759\n|switch|p2a: Corviknight|Corviknight, M, shiny|100\/100\n|-ability|p2a: Corviknight|Pressure\n|move|p1a: Rillaboom|U-turn|p2a: Corviknight\n|-resisted|p2a: Corviknight\n|-damage|p2a: Corviknight|94\/100\n|-damage|p1a: Rillaboom|84\/100|[from] item: Rocky Helmet|[of] p2a: Corviknight\n|\n|t:|1700577764\n|switch|p1a: Walking Wake|Walking Wake|100\/100|[from] U-turn\n|\n|upkeep\n|turn|2\n|\n|t:|1700577770\n|switch|p2a: Clodsire|Clodsire, M, shiny|100\/100\n|move|p1a: Walking Wake|Scald|p2a: Clodsire\n|-immune|p2a: Clodsire|[from] ability: Water Absorb\n|\n|upkeep\n|turn|3\n|\n|t:|1700577786\n|-end|p1a: Walking Wake|Protosynthesis|[silent]\n|switch|p1a: Great Tusk|Great Tusk|100\/100\n|switch|p2a: Samurott|Samurott-Hisui, M, shiny|100\/100\n|\n|upkeep\n|turn|4\n|\n|t:|1700577798\n|move|p2a: Samurott|Razor Shell|p1a: Great Tusk\n|-supereffective|p1a: Great Tusk\n|-damage|p1a: Great Tusk|31\/100\n|move|p1a: Great Tusk|Close Combat|p2a: Samurott\n|-supereffective|p2a: Samurott\n|-damage|p2a: Samurott|0 fnt\n|-unboost|p1a: Great Tusk|def|1\n|-unboost|p1a: Great Tusk|spd|1\n|faint|p2a: Samurott\n|\n|-heal|p1a: Great Tusk|37\/100|[from] Grassy Terrain\n|-heal|p1a: Great Tusk|43\/100|[from] item: Leftovers\n|upkeep\n|\n|t:|1700577811\n|switch|p2a: Ogerpon|Ogerpon, F|100\/100\n|turn|5\n|\n|t:|1700577819\n|-end|p1a: Great Tusk|Protosynthesis|[silent]\n|switch|p1a: Heatran|Heatran, M|100\/100\n|-terastallize|p2a: Ogerpon|Grass\n|detailschange|p2a: Ogerpon|Ogerpon-Teal-Tera, F, tera:Grass\n|-ability|p2a: Ogerpon|Embody Aspect (Teal)|boost\n|-boost|p2a: Ogerpon|spe|1\n|move|p2a: Ogerpon|Ivy Cudgel|p1a: Heatran\n|-resisted|p1a: Heatran\n|-damage|p1a: Heatran|79\/100\n|\n|-heal|p1a: Heatran|86\/100|[from] Grassy Terrain\n|-heal|p1a: Heatran|92\/100|[from] item: Leftovers\n|-fieldend|move: Grassy Terrain\n|upkeep\n|turn|6\n|\n|t:|1700577833\n|move|p2a: Ogerpon|Low Kick|p1a: Heatran\n|-supereffective|p1a: Heatran\n|-damage|p1a: Heatran|20\/100\n|-status|p2a: Ogerpon|brn|[from] ability: Flame Body|[of] p1a: Heatran\n|move|p1a: Heatran|Stealth Rock|p2a: Ogerpon\n|-sidestart|p2: Peratest|move: Stealth Rock\n|\n|-heal|p1a: Heatran|26\/100|[from] item: Leftovers\n|-damage|p2a: Ogerpon|95\/100 brn|[from] brn\n|upkeep\n|turn|7\n|\n|t:|1700577844\n|-terastallize|p1a: Heatran|Ghost\n|move|p2a: Ogerpon|Knock Off|p1a: Heatran\n|-supereffective|p1a: Heatran\n|-damage|p1a: Heatran|0 fnt\n|-enditem|p1a: Heatran|Leftovers|[from] move: Knock Off|[of] p2a: Ogerpon\n|faint|p1a: Heatran\n|\n|-damage|p2a: Ogerpon|89\/100 brn|[from] brn\n|upkeep\n|\n|t:|1700577856\n|switch|p1a: Rillaboom|Rillaboom, M|84\/100\n|-fieldstart|move: Grassy Terrain|[from] ability: Grassy Surge|[of] p1a: Rillaboom\n|turn|8\n|\n|t:|1700577861\n|move|p2a: Ogerpon|U-turn|p1a: Rillaboom\n|-supereffective|p1a: Rillaboom\n|-damage|p1a: Rillaboom|57\/100\n|\n|t:|1700577867\n|switch|p2a: Corviknight|Corviknight, M, shiny|94\/100|[from] U-turn\n|-damage|p2a: Corviknight|82\/100|[from] Stealth Rock\n|-ability|p2a: Corviknight|Pressure\n|move|p1a: Rillaboom|U-turn|p2a: Corviknight\n|-resisted|p2a: Corviknight\n|-damage|p2a: Corviknight|76\/100\n|-damage|p1a: Rillaboom|40\/100|[from] item: Rocky Helmet|[of] p2a: Corviknight\n|\n|t:|1700577877\n|switch|p1a: Zapdos|Zapdos|100\/100|[from] U-turn\n|\n|upkeep\n|turn|9\n|\n|t:|1700577883\n|switch|p1a: Great Tusk|Great Tusk|43\/100\n|move|p2a: Corviknight|U-turn|p1a: Great Tusk\n|-resisted|p1a: Great Tusk\n|-damage|p1a: Great Tusk|38\/100\n|\n|t:|1700577890\n|switch|p2a: Ogerpon|Ogerpon-Teal-Tera, F, tera:Grass|89\/100 brn|[from] U-turn\n|-damage|p2a: Ogerpon|76\/100 brn|[from] Stealth Rock\n|-ability|p2a: Ogerpon|Embody Aspect (Teal)|boost\n|-boost|p2a: Ogerpon|spe|1\n|\n|-heal|p2a: Ogerpon|82\/100 brn|[from] Grassy Terrain\n|-heal|p1a: Great Tusk|44\/100|[from] Grassy Terrain\n|-heal|p1a: Great Tusk|50\/100|[from] item: Leftovers\n|-damage|p2a: Ogerpon|76\/100 brn|[from] brn\n|upkeep\n|turn|10\n|\n|t:|1700577902\n|-end|p1a: Great Tusk|Protosynthesis|[silent]\n|switch|p1a: Zapdos|Zapdos|100\/100\n|move|p2a: Ogerpon|Ivy Cudgel|p1a: Zapdos\n|-resisted|p1a: Zapdos\n|-damage|p1a: Zapdos|81\/100\n|\n|-heal|p2a: Ogerpon|82\/100 brn|[from] Grassy Terrain\n|-damage|p2a: Ogerpon|76\/100 brn|[from] brn\n|upkeep\n|turn|11\n|\n|t:|1700577915\n|move|p2a: Ogerpon|U-turn|p1a: Zapdos\n|-resisted|p1a: Zapdos\n|-damage|p1a: Zapdos|75\/100\n|\n|t:|1700577918\n|switch|p2a: Clodsire|Clodsire, M, shiny|100\/100|[from] U-turn\n|-damage|p2a: Clodsire|94\/100|[from] Stealth Rock\n|move|p1a: Zapdos|Hurricane|p2a: Clodsire\n|-damage|p2a: Clodsire|70\/100\n|\n|-heal|p2a: Clodsire|76\/100|[from] Grassy Terrain\n|-heal|p2a: Clodsire|82\/100|[from] item: Leftovers\n|upkeep\n|turn|12\n|\n|t:|1700577929\n|switch|p1a: Great Tusk|Great Tusk|50\/100\n|move|p2a: Clodsire|Toxic|p1a: Great Tusk\n|-status|p1a: Great Tusk|tox\n|\n|-heal|p1a: Great Tusk|56\/100 tox|[from] Grassy Terrain\n|-heal|p1a: Great Tusk|63\/100 tox|[from] item: Leftovers\n|-heal|p2a: Clodsire|88\/100|[from] Grassy Terrain\n|-heal|p2a: Clodsire|95\/100|[from] item: Leftovers\n|-damage|p1a: Great Tusk|56\/100 tox|[from] psn\n|-fieldend|move: Grassy Terrain\n|upkeep\n|turn|13\n|\n|t:|1700577942\n|move|p1a: Great Tusk|Close Combat|p2a: Clodsire\n|-resisted|p2a: Clodsire\n|-damage|p2a: Clodsire|57\/100\n|-unboost|p1a: Great Tusk|def|1\n|-unboost|p1a: Great Tusk|spd|1\n|move|p2a: Clodsire|Stealth Rock|p1a: Great Tusk\n|-sidestart|p1: dsppp|move: Stealth Rock\n|\n|-heal|p1a: Great Tusk|63\/100 tox|[from] item: Leftovers\n|-heal|p2a: Clodsire|63\/100|[from] item: Leftovers\n|-damage|p1a: Great Tusk|50\/100 tox|[from] psn\n|upkeep\n|turn|14\n|\n|t:|1700577955\n|move|p1a: Great Tusk|Headlong Rush|p2a: Clodsire\n|-supereffective|p2a: Clodsire\n|-damage|p2a: Clodsire|0 fnt\n|-unboost|p1a: Great Tusk|def|1\n|-unboost|p1a: Great Tusk|spd|1\n|faint|p2a: Clodsire\n|\n|-heal|p1a: Great Tusk|56\/100 tox|[from] item: Leftovers\n|-damage|p1a: Great Tusk|38\/100 tox|[from] psn\n|upkeep\n|\n|t:|1700577970\n|switch|p2a: Corviknight|Corviknight, M, shiny|76\/100\n|-damage|p2a: Corviknight|64\/100|[from] Stealth Rock\n|-ability|p2a: Corviknight|Pressure\n|turn|15\n|\n|t:|1700577975\n|move|p1a: Great Tusk|Rapid Spin|p2a: Corviknight\n|-resisted|p2a: Corviknight\n|-damage|p2a: Corviknight|59\/100\n|-boost|p1a: Great Tusk|spe|1\n|-damage|p1a: Great Tusk|21\/100 tox|[from] item: Rocky Helmet|[of] p2a: Corviknight\n|-sideend|p1: dsppp|Stealth Rock|[from] move: Rapid Spin|[of] p1a: Great Tusk\n|move|p2a: Corviknight|Roost|p2a: Corviknight\n|-heal|p2a: Corviknight|100\/100\n|-singleturn|p2a: Corviknight|move: Roost\n|\n|-heal|p1a: Great Tusk|27\/100 tox|[from] item: Leftovers\n|-damage|p1a: Great Tusk|3\/100 tox|[from] psn\n|upkeep\n|turn|16\n|\n|t:|1700577989\n|move|p1a: Great Tusk|Close Combat|p2a: Corviknight\n|-damage|p2a: Corviknight|61\/100\n|-unboost|p1a: Great Tusk|def|1\n|-unboost|p1a: Great Tusk|spd|1\n|-damage|p1a: Great Tusk|0 fnt|[from] item: Rocky Helmet|[of] p2a: Corviknight\n|faint|p1a: Great Tusk\n|-end|p1a: Great Tusk|Protosynthesis|[silent]\n|move|p2a: Corviknight|Roost|p2a: Corviknight\n|-heal|p2a: Corviknight|100\/100\n|-singleturn|p2a: Corviknight|move: Roost\n|\n|upkeep\n|\n|t:|1700577999\n|switch|p1a: Walking Wake|Walking Wake|100\/100\n|turn|17\n|\n|t:|1700578004\n|switch|p2a: Ogerpon|Ogerpon-Teal-Tera, F, tera:Grass|76\/100 brn\n|-damage|p2a: Ogerpon|64\/100 brn|[from] Stealth Rock\n|-ability|p2a: Ogerpon|Embody Aspect (Teal)|boost\n|-boost|p2a: Ogerpon|spe|1\n|move|p1a: Walking Wake|Scald|p2a: Ogerpon\n|-resisted|p2a: Ogerpon\n|-damage|p2a: Ogerpon|28\/100 brn\n|\n|-damage|p2a: Ogerpon|22\/100 brn|[from] brn\n|upkeep\n|turn|18\n|\n|t:|1700578022\n|-end|p1a: Walking Wake|Protosynthesis|[silent]\n|switch|p1a: Zapdos|Zapdos|75\/100\n|move|p2a: Ogerpon|Knock Off|p1a: Zapdos\n|-damage|p1a: Zapdos|60\/100\n|-enditem|p1a: Zapdos|Heavy-Duty Boots|[from] move: Knock Off|[of] p2a: Ogerpon\n|\n|-damage|p2a: Ogerpon|16\/100 brn|[from] brn\n|upkeep\n|turn|19\n|\n|t:|1700578033\n|move|p2a: Ogerpon|Ivy Cudgel|p1a: Zapdos\n|-resisted|p1a: Zapdos\n|-damage|p1a: Zapdos|44\/100\n|move|p1a: Zapdos|Roost|p1a: Zapdos\n|-heal|p1a: Zapdos|94\/100\n|-singleturn|p1a: Zapdos|move: Roost\n|\n|-damage|p2a: Ogerpon|10\/100 brn|[from] brn\n|upkeep\n|turn|20\n|\n|t:|1700578044\n|move|p2a: Ogerpon|U-turn|p1a: Zapdos\n|-resisted|p1a: Zapdos\n|-damage|p1a: Zapdos|89\/100\n|\n|t:|1700578046\n|switch|p2a: Ursaluna|Ursaluna, M, shiny|100\/100|[from] U-turn\n|-damage|p2a: Ursaluna|94\/100|[from] Stealth Rock\n|move|p1a: Zapdos|Roost|p1a: Zapdos\n|-heal|p1a: Zapdos|100\/100\n|-singleturn|p1a: Zapdos|move: Roost\n|\n|upkeep\n|turn|21\n|\n|t:|1700578056\n|move|p1a: Zapdos|Hurricane|p2a: Ursaluna\n|-damage|p2a: Ursaluna|68\/100\n|move|p2a: Ursaluna|Ice Punch|p1a: Zapdos\n|-supereffective|p1a: Zapdos\n|-damage|p1a: Zapdos|48\/100\n|\n|upkeep\n|turn|22\n|\n|t:|1700578067\n|move|p1a: Zapdos|Hurricane|p2a: Ursaluna\n|-damage|p2a: Ursaluna|45\/100\n|-start|p2a: Ursaluna|confusion\n|-activate|p2a: Ursaluna|confusion\n|move|p2a: Ursaluna|Body Slam|p1a: Zapdos\n|-damage|p1a: Zapdos|2\/100\n|\n|upkeep\n|turn|23\n|\n|t:|1700578083\n|move|p1a: Zapdos|Hurricane|p2a: Ursaluna\n|-damage|p2a: Ursaluna|18\/100\n|-activate|p2a: Ursaluna|confusion\n|-damage|p2a: Ursaluna|6\/100|[from] confusion\n|\n|upkeep\n|turn|24\n|\n|t:|1700578089\n|move|p1a: Zapdos|Hurricane|p2a: Ursaluna|[miss]\n|-miss|p1a: Zapdos|p2a: Ursaluna\n|-activate|p2a: Ursaluna|confusion\n|-damage|p2a: Ursaluna|0 fnt|[from] confusion\n|faint|p2a: Ursaluna\n|\n|upkeep\n|\n|t:|1700578100\n|switch|p2a: Cinderace|Cinderace, M, shiny|100\/100\n|turn|25\n|\n|t:|1700578104\n|move|p2a: Cinderace|Pyro Ball|p1a: Zapdos\n|-damage|p1a: Zapdos|0 fnt\n|faint|p1a: Zapdos\n|\n|upkeep\n|\n|t:|1700578111\n|switch|p1a: Walking Wake|Walking Wake|100\/100\n|turn|26\n|\n|t:|1700578115\n|move|p2a: Cinderace|Court Change|p2a: Cinderace\n|-start|p2a: Cinderace|typechange|Normal|[from] ability: Libero\n|-swapsideconditions\n|-activate|p2a: Cinderace|move: Court Change\n|move|p1a: Walking Wake|Scald|p2a: Cinderace\n|-damage|p2a: Cinderace|8\/100\n|\n|upkeep\n|turn|27\n|\n|t:|1700578124\n|move|p2a: Cinderace|U-turn|p1a: Walking Wake\n|-crit|p1a: Walking Wake\n|-damage|p1a: Walking Wake|61\/100\n|\n|t:|1700578127\n|switch|p2a: Ogerpon|Ogerpon-Teal-Tera, F, tera:Grass|10\/100 brn|[from] U-turn\n|-ability|p2a: Ogerpon|Embody Aspect (Teal)|boost\n|-boost|p2a: Ogerpon|spe|1\n|move|p1a: Walking Wake|Scald|p2a: Ogerpon\n|-resisted|p2a: Ogerpon\n|-damage|p2a: Ogerpon|0 fnt\n|faint|p2a: Ogerpon\n|\n|upkeep\n|\n|t:|1700578137\n|switch|p2a: Cinderace|Cinderace, M, shiny|8\/100\n|turn|28\n|\n|t:|1700578144\n|-end|p1a: Walking Wake|Protosynthesis|[silent]\n|switch|p1a: Hawlucha|Hawlucha, M|100\/100\n|-damage|p1a: Hawlucha|88\/100|[from] Stealth Rock\n|move|p2a: Cinderace|Sucker Punch||[still]\n|-fail|p2a: Cinderace\n|\n|upkeep\n|turn|29\n|\n|t:|1700578154\n|move|p2a: Cinderace|Pyro Ball|p1a: Hawlucha\n|-damage|p1a: Hawlucha|0 fnt\n|faint|p1a: Hawlucha\n|\n|upkeep\n|\n|t:|1700578161\n|switch|p1a: Rillaboom|Rillaboom, M|40\/100\n|-damage|p1a: Rillaboom|28\/100|[from] Stealth Rock\n|-fieldstart|move: Grassy Terrain|[from] ability: Grassy Surge|[of] p1a: Rillaboom\n|turn|30\n|\n|t:|1700578166\n|move|p2a: Cinderace|Sucker Punch|p1a: Rillaboom\n|-start|p2a: Cinderace|typechange|Dark|[from] ability: Libero\n|-damage|p1a: Rillaboom|0 fnt\n|faint|p1a: Rillaboom\n|\n|-heal|p2a: Cinderace|14\/100|[from] Grassy Terrain\n|upkeep\n|\n|t:|1700578169\n|switch|p1a: Walking Wake|Walking Wake|61\/100\n|-damage|p1a: Walking Wake|49\/100|[from] Stealth Rock\n|turn|31\n|\n|t:|1700578178\n|move|p2a: Cinderace|Sucker Punch|p1a: Walking Wake\n|-damage|p1a: Walking Wake|12\/100\n|move|p1a: Walking Wake|Flamethrower|p2a: Cinderace\n|-damage|p2a: Cinderace|0 fnt\n|faint|p2a: Cinderace\n|\n|-heal|p1a: Walking Wake|18\/100|[from] Grassy Terrain\n|upkeep\n|\n|t:|1700578188\n|switch|p2a: Corviknight|Corviknight, M, shiny|100\/100\n|-ability|p2a: Corviknight|Pressure\n|turn|32\n|\n|t:|1700578193\n|move|p1a: Walking Wake|Flamethrower|p2a: Corviknight\n|-supereffective|p2a: Corviknight\n|-damage|p2a: Corviknight|13\/100\n|move|p2a: Corviknight|Brave Bird|p1a: Walking Wake\n|-damage|p1a: Walking Wake|0 fnt\n|faint|p1a: Walking Wake\n|-end|p1a: Walking Wake|Protosynthesis|[silent]\n|-damage|p2a: Corviknight|8\/100|[from] Recoil\n|\n|win|Peratest\n|raw|dsppp's rating: 1627 &rarr; <strong>1608<\/strong><br \/>(-19 for losing)\n|raw|Peratest's rating: 1645 &rarr; <strong>1664<\/strong><br \/>(+19 for winning)\n|l|\u2606dsppp\n","uploadtime":1700578208,"views":10,"p1id":"dsppp","p2id":"peratest","formatid":"gen9ou","rating":1608,"private":0,"password":""}