{"id":"gen9ou-1988569428","p1":"BLJ Mario","p2":"karpmer","format":"[Gen 9] OU","log":"|j|\u2606BLJ Mario\n|j|\u2606karpmer\n|t:|1699737169\n|gametype|singles\n|player|p1|BLJ Mario|blue-gen2|1081\n|player|p2|karpmer|hugh|1089\n|teamsize|p1|6\n|teamsize|p2|6\n|gen|9\n|tier|[Gen 9] OU\n|rated|\n|rule|Sleep Clause Mod: Limit one foe put to sleep\n|rule|Species Clause: Limit one of each Pok\u00e9mon\n|rule|OHKO Clause: OHKO moves are banned\n|rule|Evasion Items Clause: Evasion items are banned\n|rule|Evasion Moves Clause: Evasion moves are banned\n|rule|Endless Battle Clause: Forcing endless battles is banned\n|rule|HP Percentage Mod: HP is shown in percentages\n|clearpoke\n|poke|p1|Empoleon, M|\n|poke|p1|Cinderace, M|\n|poke|p1|Iron Valiant|\n|poke|p1|Corviknight, F|\n|poke|p1|Landorus-Therian, M|\n|poke|p1|Garchomp, M|\n|poke|p2|Dragapult, M|\n|poke|p2|Rillaboom, F|\n|poke|p2|Iron Moth|\n|poke|p2|Ribombee, F|\n|poke|p2|Great Tusk|\n|poke|p2|Gholdengo|\n|teampreview\n|inactive|Battle timer is ON: inactive players will automatically lose when time's up. (requested by karpmer)\n|\n|t:|1699737182\n|start\n|switch|p1a: Landorus|Landorus-Therian, M|100\/100\n|switch|p2a: Dragapult|Dragapult, M|100\/100\n|-ability|p1a: Landorus|Intimidate|boost\n|-unboost|p2a: Dragapult|atk|1\n|turn|1\n|\n|t:|1699737187\n|move|p2a: Dragapult|Will-O-Wisp|p1a: Landorus\n|-status|p1a: Landorus|brn\n|move|p1a: Landorus|Stealth Rock|p2a: Dragapult\n|-sidestart|p2: karpmer|move: Stealth Rock\n|\n|-damage|p1a: Landorus|94\/100 brn|[from] brn\n|upkeep\n|turn|2\n|\n|t:|1699737192\n|move|p2a: Dragapult|U-turn|p1a: Landorus\n|-resisted|p1a: Landorus\n|-damage|p1a: Landorus|88\/100 brn\n|-damage|p2a: Dragapult|84\/100|[from] item: Rocky Helmet|[of] p1a: Landorus\n|-damage|p2a: Dragapult|74\/100|[from] item: Life Orb\n|\n|t:|1699737195\n|switch|p2a: Great Tusk|Great Tusk|100\/100|[from] U-turn\n|-damage|p2a: Great Tusk|98\/100|[from] Stealth Rock\n|move|p1a: Landorus|U-turn|p2a: Great Tusk\n|-resisted|p2a: Great Tusk\n|-damage|p2a: Great Tusk|94\/100\n|-damage|p1a: Landorus|71\/100 brn|[from] item: Rocky Helmet|[of] p2a: Great Tusk\n|\n|t:|1699737205\n|switch|p1a: PINGU|Empoleon, M, shiny|100\/100|[from] U-turn\n|\n|upkeep\n|turn|3\n|\n|t:|1699737212\n|-terastallize|p1a: PINGU|Ghost\n|move|p2a: Great Tusk|Rapid Spin|p1a: PINGU\n|-immune|p1a: PINGU\n|move|p1a: PINGU|Knock Off|p2a: Great Tusk\n|-resisted|p2a: Great Tusk\n|-damage|p2a: Great Tusk|87\/100\n|-damage|p1a: PINGU|84\/100|[from] item: Rocky Helmet|[of] p2a: Great Tusk\n|-enditem|p2a: Great Tusk|Rocky Helmet|[from] move: Knock Off|[of] p1a: PINGU\n|\n|-heal|p1a: PINGU|90\/100|[from] item: Leftovers\n|upkeep\n|turn|4\n|c|\u2606karpmer|gross\n|\n|t:|1699737223\n|move|p2a: Great Tusk|Knock Off|p1a: PINGU\n|-supereffective|p1a: PINGU\n|-damage|p1a: PINGU|20\/100\n|-enditem|p1a: PINGU|Leftovers|[from] move: Knock Off|[of] p2a: Great Tusk\n|move|p1a: PINGU|Hydro Pump|p2a: Great Tusk\n|-supereffective|p2a: Great Tusk\n|-damage|p2a: Great Tusk|0 fnt\n|faint|p2a: Great Tusk\n|-end|p2a: Great Tusk|Protosynthesis|[silent]\n|\n|upkeep\n|\n|t:|1699737241\n|switch|p2a: Dragapult|Dragapult, M|74\/100\n|-damage|p2a: Dragapult|62\/100|[from] Stealth Rock\n|turn|5\n|\n|t:|1699737245\n|move|p2a: Dragapult|Dragon Darts|p1a: PINGU\n|-damage|p1a: PINGU|0 fnt\n|faint|p1a: PINGU\n|-damage|p2a: Dragapult|52\/100|[from] item: Life Orb\n|\n|upkeep\n|\n|t:|1699737258\n|switch|p1a: Iron Valiant|Iron Valiant|100\/100\n|-enditem|p1a: Iron Valiant|Booster Energy\n|-activate|p1a: Iron Valiant|ability: Quark Drive|[fromitem]\n|-start|p1a: Iron Valiant|quarkdrivespe\n|turn|6\n|\n|t:|1699737277\n|move|p1a: Iron Valiant|Knock Off|p2a: Dragapult\n|-supereffective|p2a: Dragapult\n|-damage|p2a: Dragapult|0 fnt\n|-enditem|p2a: Dragapult|Life Orb|[from] move: Knock Off|[of] p1a: Iron Valiant\n|faint|p2a: Dragapult\n|\n|upkeep\n|\n|t:|1699737283\n|switch|p2a: Rillaboom|Rillaboom, F|100\/100\n|-damage|p2a: Rillaboom|88\/100|[from] Stealth Rock\n|-fieldstart|move: Grassy Terrain|[from] ability: Grassy Surge|[of] p2a: Rillaboom\n|turn|7\n|\n|t:|1699737304\n|move|p2a: Rillaboom|Grassy Glide|p1a: Iron Valiant\n|-damage|p1a: Iron Valiant|25\/100\n|move|p1a: Iron Valiant|Swords Dance|p1a: Iron Valiant\n|-boost|p1a: Iron Valiant|atk|2\n|\n|-heal|p1a: Iron Valiant|32\/100|[from] Grassy Terrain\n|-heal|p2a: Rillaboom|94\/100|[from] Grassy Terrain\n|upkeep\n|turn|8\n|\n|t:|1699737321\n|-end|p1a: Iron Valiant|Quark Drive|[silent]\n|switch|p1a: Cinderace|Cinderace, M|100\/100\n|move|p2a: Rillaboom|Grassy Glide|p1a: Cinderace\n|-resisted|p1a: Cinderace\n|-damage|p1a: Cinderace|60\/100\n|\n|-heal|p1a: Cinderace|66\/100|[from] Grassy Terrain\n|-heal|p2a: Rillaboom|100\/100|[from] Grassy Terrain\n|upkeep\n|turn|9\n|\n|t:|1699737328\n|switch|p2a: Iron Moth|Iron Moth|100\/100\n|-damage|p2a: Iron Moth|76\/100|[from] Stealth Rock\n|-enditem|p2a: Iron Moth|Booster Energy\n|-activate|p2a: Iron Moth|ability: Quark Drive|[fromitem]\n|-start|p2a: Iron Moth|quarkdrivespa\n|move|p1a: Cinderace|Pyro Ball|p2a: Iron Moth\n|-resisted|p2a: Iron Moth\n|-damage|p2a: Iron Moth|24\/100\n|\n|-heal|p1a: Cinderace|72\/100|[from] Grassy Terrain\n|-heal|p2a: Iron Moth|30\/100|[from] Grassy Terrain\n|upkeep\n|turn|10\n|c|\u2606karpmer|pathetic\n|inactive|BLJ Mario has 120 seconds left.\n|c|\u2606BLJ Mario|why\n|\n|t:|1699737361\n|move|p1a: Cinderace|Sucker Punch|p2a: Iron Moth\n|-start|p1a: Cinderace|typechange|Dark|[from] ability: Libero\n|-damage|p2a: Iron Moth|0 fnt\n|faint|p2a: Iron Moth\n|-end|p2a: Iron Moth|Quark Drive|[silent]\n|\n|-heal|p1a: Cinderace|78\/100|[from] Grassy Terrain\n|upkeep\n|\n|t:|1699737365\n|switch|p2a: Ribombee|Ribombee, F|100\/100\n|-damage|p2a: Ribombee|76\/100|[from] Stealth Rock\n|turn|11\n|inactive|BLJ Mario has 120 seconds left.\n|\n|t:|1699737379\n|-terastallize|p2a: Ribombee|Fire\n|move|p1a: Cinderace|U-turn|p2a: Ribombee\n|-resisted|p2a: Ribombee\n|-damage|p2a: Ribombee|54\/100\n|inactive|BLJ Mario has 120 seconds left.\n|c|\u2606karpmer|sick game\n|\n|t:|1699737392\n|switch|p1a: Landorus|Landorus-Therian, M|71\/100 brn|[from] U-turn\n|-ability|p1a: Landorus|Intimidate|boost\n|-unboost|p2a: Ribombee|atk|1\n|move|p2a: Ribombee|Quiver Dance|p2a: Ribombee\n|-boost|p2a: Ribombee|spa|1\n|-boost|p2a: Ribombee|spd|1\n|-boost|p2a: Ribombee|spe|1\n|\n|-heal|p2a: Ribombee|60\/100|[from] Grassy Terrain\n|-damage|p1a: Landorus|65\/100 brn|[from] brn\n|-fieldend|move: Grassy Terrain\n|upkeep\n|turn|12\n|inactive|BLJ Mario has 120 seconds left.\n|\n|t:|1699737411\n|move|p2a: Ribombee|Draining Kiss|p1a: Landorus\n|-damage|p1a: Landorus|17\/100 brn\n|-heal|p2a: Ribombee|100\/100|[from] drain|[of] p1a: Landorus\n|-damage|p2a: Ribombee|84\/100|[from] item: Rocky Helmet|[of] p1a: Landorus\n|-damage|p2a: Ribombee|74\/100|[from] item: Life Orb\n|move|p1a: Landorus|U-turn|p2a: Ribombee\n|-resisted|p2a: Ribombee\n|-damage|p2a: Ribombee|62\/100\n|\n|t:|1699737415\n|switch|p1a: Corviknight|Corviknight, F|100\/100|[from] U-turn\n|-ability|p1a: Corviknight|Pressure\n|\n|upkeep\n|turn|13\n|inactive|BLJ Mario has 120 seconds left.\n|c|\u2606BLJ Mario|i am just throwing the game why\n|inactive|BLJ Mario has 90 seconds left.\n|\n|t:|1699737453\n|move|p2a: Ribombee|Tera Blast|p1a: Corviknight|[anim] Tera Blast Fire\n|-supereffective|p1a: Corviknight\n|-damage|p1a: Corviknight|0 fnt\n|faint|p1a: Corviknight\n|-damage|p2a: Ribombee|52\/100|[from] item: Life Orb\n|\n|upkeep\n|inactive|BLJ Mario has 90 seconds left.\n|c|\u2606karpmer|why are you throwing it\n|c|\u2606karpmer|just quit\n|\n|t:|1699737464\n|switch|p1a: Cinderace|Cinderace, M|78\/100\n|turn|14\n|c|\u2606karpmer|save time\n|\n|t:|1699737471\n|move|p1a: Cinderace|Sucker Punch||[still]\n|-fail|p1a: Cinderace\n|move|p2a: Ribombee|Quiver Dance|p2a: Ribombee\n|-boost|p2a: Ribombee|spa|1\n|-boost|p2a: Ribombee|spd|1\n|-boost|p2a: Ribombee|spe|1\n|\n|upkeep\n|turn|15\n|\n|t:|1699737482\n|move|p1a: Cinderace|Sucker Punch||[still]\n|-fail|p1a: Cinderace\n|move|p2a: Ribombee|Quiver Dance|p2a: Ribombee\n|-boost|p2a: Ribombee|spa|1\n|-boost|p2a: Ribombee|spd|1\n|-boost|p2a: Ribombee|spe|1\n|\n|upkeep\n|turn|16\n|\n|t:|1699737493\n|switch|p2a: Gholdengo|Gholdengo|100\/100\n|-damage|p2a: Gholdengo|94\/100|[from] Stealth Rock\n|move|p1a: Cinderace|Sucker Punch||[still]\n|-fail|p1a: Cinderace\n|\n|upkeep\n|turn|17\n|\n|t:|1699737499\n|move|p2a: Gholdengo|Shadow Ball|p1a: Cinderace\n|-damage|p1a: Cinderace|21\/100\n|-unboost|p1a: Cinderace|spd|1\n|move|p1a: Cinderace|Pyro Ball|p2a: Gholdengo\n|-supereffective|p2a: Gholdengo\n|-damage|p2a: Gholdengo|0 fnt\n|faint|p2a: Gholdengo\n|\n|upkeep\n|\n|t:|1699737502\n|switch|p2a: Rillaboom|Rillaboom, F|100\/100\n|-damage|p2a: Rillaboom|88\/100|[from] Stealth Rock\n|-fieldstart|move: Grassy Terrain|[from] ability: Grassy Surge|[of] p2a: Rillaboom\n|turn|18\n|inactive|BLJ Mario has 120 seconds left.\n|\n|t:|1699737514\n|switch|p1a: Landorus|Landorus-Therian, M|17\/100 brn\n|-ability|p1a: Landorus|Intimidate|boost\n|-unboost|p2a: Rillaboom|atk|1\n|move|p2a: Rillaboom|Grassy Glide|p1a: Landorus\n|-damage|p1a: Landorus|0 fnt\n|-damage|p2a: Rillaboom|72\/100|[from] item: Rocky Helmet|[of] p1a: Landorus\n|faint|p1a: Landorus\n|\n|-heal|p2a: Rillaboom|78\/100|[from] Grassy Terrain\n|upkeep\n|\n|t:|1699737536\n|switch|p1a: Cinderace|Cinderace, M|21\/100\n|turn|19\n|\n|t:|1699737539\n|move|p2a: Rillaboom|Grassy Glide|p1a: Cinderace\n|-resisted|p1a: Cinderace\n|-damage|p1a: Cinderace|0 fnt\n|faint|p1a: Cinderace\n|\n|-heal|p2a: Rillaboom|84\/100|[from] Grassy Terrain\n|upkeep\n|\n|t:|1699737551\n|switch|p1a: Iron Valiant|Iron Valiant|32\/100\n|turn|20\n|c|\u2606karpmer|too strong.\n|\n|t:|1699737563\n|move|p2a: Rillaboom|Grassy Glide|p1a: Iron Valiant\n|-damage|p1a: Iron Valiant|0 fnt\n|faint|p1a: Iron Valiant\n|-end|p1a: Iron Valiant|Quark Drive|[silent]\n|\n|-heal|p2a: Rillaboom|90\/100|[from] Grassy Terrain\n|upkeep\n|\n|t:|1699737566\n|switch|p1a: Garchomp|Garchomp, M|100\/100\n|turn|21\n|c|\u2606karpmer|gg im champ\n|\n|t:|1699737580\n|switch|p2a: Ribombee|Ribombee, F, tera:Fire|52\/100\n|-damage|p2a: Ribombee|27\/100|[from] Stealth Rock\n|move|p1a: Garchomp|Earthquake|p2a: Ribombee\n|-supereffective|p2a: Ribombee\n|-damage|p2a: Ribombee|0 fnt\n|faint|p2a: Ribombee\n|\n|upkeep\n|\n|t:|1699737583\n|switch|p2a: Rillaboom|Rillaboom, F|90\/100\n|-damage|p2a: Rillaboom|78\/100|[from] Stealth Rock\n|turn|22\n|inactive|BLJ Mario has 120 seconds left.\n|inactive|BLJ Mario has 90 seconds left.\n|inactive|BLJ Mario has 60 seconds left.\n|c|\u2606karpmer|gg\n|\n|t:|1699737649\n|move|p2a: Rillaboom|Grassy Glide|p1a: Garchomp\n|-damage|p1a: Garchomp|51\/100\n|-damage|p2a: Rillaboom|66\/100|[from] ability: Rough Skin|[of] p1a: Garchomp\n|-damage|p2a: Rillaboom|49\/100|[from] item: Rocky Helmet|[of] p1a: Garchomp\n|move|p1a: Garchomp|Dragon Tail|p2a: Rillaboom\n|-damage|p2a: Rillaboom|19\/100\n|\n|-heal|p1a: Garchomp|57\/100|[from] Grassy Terrain\n|-heal|p2a: Rillaboom|25\/100|[from] Grassy Terrain\n|-fieldend|move: Grassy Terrain\n|upkeep\n|turn|23\n|c|\u2606karpmer|wow\n|c|\u2606karpmer|inches\n|inactive|BLJ Mario has 60 seconds left.\n|\n|t:|1699737663\n|move|p1a: Garchomp|Earthquake|p2a: Rillaboom\n|-resisted|p2a: Rillaboom\n|-damage|p2a: Rillaboom|3\/100\n|move|p2a: Rillaboom|Grassy Glide|p1a: Garchomp\n|-damage|p1a: Garchomp|25\/100\n|-damage|p2a: Rillaboom|0 fnt|[from] ability: Rough Skin|[of] p1a: Garchomp\n|faint|p2a: Rillaboom\n|\n|win|BLJ Mario\n|raw|BLJ Mario's rating: 1081 &rarr; <strong>1109<\/strong><br \/>(+28 for winning)\n|raw|karpmer's rating: 1089 &rarr; <strong>1065<\/strong><br \/>(-24 for losing)\n|c|\u2606karpmer|such crap\n|c|\u2606karpmer|lame\n|c|\u2606karpmer|u stink\n|l|\u2606karpmer\n|c|\u2606BLJ Mario|gg\n","uploadtime":1699737713,"views":26,"p1id":"bljmario","p2id":"karpmer","formatid":"gen9ou","rating":1065,"private":0,"password":""}