{"id":"gen9ou-1989195038","p1":"Safenritharnix","p2":"Iaamadogtor","format":"[Gen 9] OU","log":"|j|\u2606Safenritharnix\n|j|\u2606Iaamadogtor\n|t:|1699822178\n|gametype|singles\n|player|p1|Safenritharnix|colress|1170\n|player|p2|Iaamadogtor|102|1129\n|teamsize|p1|6\n|teamsize|p2|6\n|gen|9\n|tier|[Gen 9] OU\n|rated|\n|rule|Sleep Clause Mod: Limit one foe put to sleep\n|rule|Species Clause: Limit one of each Pok\u00e9mon\n|rule|OHKO Clause: OHKO moves are banned\n|rule|Evasion Items Clause: Evasion items are banned\n|rule|Evasion Moves Clause: Evasion moves are banned\n|rule|Endless Battle Clause: Forcing endless battles is banned\n|rule|HP Percentage Mod: HP is shown in percentages\n|clearpoke\n|poke|p1|Dusknoir, F|\n|poke|p1|Dragapult, F|\n|poke|p1|Gholdengo|\n|poke|p1|Chandelure, M|\n|poke|p1|Ceruledge, F|\n|poke|p1|Gengar, F|\n|poke|p2|Glimmora, F|\n|poke|p2|Dragapult, M|\n|poke|p2|Samurott-Hisui, F|\n|poke|p2|Zamazenta-*|\n|poke|p2|Hatterene, F|\n|poke|p2|Ting-Lu|\n|teampreview\n|inactive|Battle timer is ON: inactive players will automatically lose when time's up. (requested by Iaamadogtor)\n|\n|t:|1699822202\n|start\n|switch|p1a: Chandelure|Chandelure, M|100\/100\n|switch|p2a: Samurott|Samurott-Hisui, F|100\/100\n|turn|1\n|\n|t:|1699822209\n|move|p2a: Samurott|Ceaseless Edge|p1a: Chandelure\n|-supereffective|p1a: Chandelure\n|-damage|p1a: Chandelure|12\/100\n|-status|p2a: Samurott|brn|[from] ability: Flame Body|[of] p1a: Chandelure\n|-sidestart|p1: Safenritharnix|Spikes\n|move|p1a: Chandelure|Acid Armor|p1a: Chandelure\n|-boost|p1a: Chandelure|def|2\n|\n|-heal|p1a: Chandelure|18\/100|[from] item: Leftovers\n|-damage|p2a: Samurott|94\/100 brn|[from] brn\n|upkeep\n|turn|2\n|\n|t:|1699822220\n|move|p2a: Samurott|Ceaseless Edge|p1a: Chandelure|[miss]\n|-miss|p2a: Samurott|p1a: Chandelure\n|move|p1a: Chandelure|Dark Pulse|p2a: Samurott\n|-resisted|p2a: Samurott\n|-damage|p2a: Samurott|74\/100 brn\n|\n|-heal|p1a: Chandelure|24\/100|[from] item: Leftovers\n|-damage|p2a: Samurott|68\/100 brn|[from] brn\n|upkeep\n|turn|3\n|\n|t:|1699822223\n|move|p2a: Samurott|Ceaseless Edge|p1a: Chandelure|[miss]\n|-miss|p2a: Samurott|p1a: Chandelure\n|move|p1a: Chandelure|Dark Pulse|p2a: Samurott\n|-resisted|p2a: Samurott\n|-damage|p2a: Samurott|48\/100 brn\n|\n|-heal|p1a: Chandelure|30\/100|[from] item: Leftovers\n|-damage|p2a: Samurott|41\/100 brn|[from] brn\n|upkeep\n|turn|4\n|\n|t:|1699822226\n|move|p2a: Samurott|Ceaseless Edge|p1a: Chandelure\n|-supereffective|p1a: Chandelure\n|-damage|p1a: Chandelure|9\/100\n|-sidestart|p1: Safenritharnix|Spikes\n|move|p1a: Chandelure|Dark Pulse|p2a: Samurott\n|-resisted|p2a: Samurott\n|-damage|p2a: Samurott|24\/100 brn\n|\n|-heal|p1a: Chandelure|15\/100|[from] item: Leftovers\n|-damage|p2a: Samurott|17\/100 brn|[from] brn\n|upkeep\n|turn|5\n|\n|t:|1699822231\n|move|p2a: Samurott|Ceaseless Edge|p1a: Chandelure\n|-supereffective|p1a: Chandelure\n|-damage|p1a: Chandelure|0 fnt\n|-sidestart|p1: Safenritharnix|Spikes\n|faint|p1a: Chandelure\n|\n|-damage|p2a: Samurott|11\/100 brn|[from] brn\n|upkeep\n|\n|t:|1699822237\n|switch|p1a: Dragapult|Dragapult, F|100\/100\n|turn|6\n|\n|t:|1699822243\n|move|p2a: Samurott|Ceaseless Edge|p1a: Dragapult\n|-supereffective|p1a: Dragapult\n|-damage|p1a: Dragapult|32\/100\n|move|p1a: Dragapult|Dragon Darts|p2a: Samurott\n|-damage|p2a: Samurott|0 fnt\n|faint|p2a: Samurott\n|\n|upkeep\n|\n|t:|1699822253\n|switch|p2a: Zamazenta|Zamazenta|100\/100\n|-ability|p2a: Zamazenta|Dauntless Shield|boost\n|-boost|p2a: Zamazenta|def|1\n|turn|7\n|\n|t:|1699822259\n|move|p1a: Dragapult|Will-O-Wisp|p2a: Zamazenta\n|-status|p2a: Zamazenta|brn\n|move|p2a: Zamazenta|Crunch|p1a: Dragapult\n|-supereffective|p1a: Dragapult\n|-damage|p1a: Dragapult|0 fnt\n|faint|p1a: Dragapult\n|\n|-damage|p2a: Zamazenta|94\/100 brn|[from] brn\n|upkeep\n|\n|t:|1699822264\n|switch|p1a: Dusknoir|Dusknoir, F, shiny|100\/100\n|-damage|p1a: Dusknoir|76\/100|[from] Spikes\n|-ability|p1a: Dusknoir|Pressure\n|turn|8\n|\n|t:|1699822272\n|-terastallize|p1a: Dusknoir|Fire\n|move|p2a: Zamazenta|Crunch|p1a: Dusknoir\n|-damage|p1a: Dusknoir|66\/100\n|-unboost|p1a: Dusknoir|def|1\n|move|p1a: Dusknoir|Curse|p1a: Dusknoir\n|-unboost|p1a: Dusknoir|spe|1\n|-boost|p1a: Dusknoir|atk|1\n|-boost|p1a: Dusknoir|def|1\n|\n|-heal|p2a: Zamazenta|100\/100 brn|[from] item: Leftovers\n|-heal|p1a: Dusknoir|73\/100|[from] item: Leftovers\n|-damage|p2a: Zamazenta|94\/100 brn|[from] brn\n|upkeep\n|turn|9\n|\n|t:|1699822287\n|switch|p2a: Ting-Lu|Ting-Lu|100\/100\n|-ability|p2a: Ting-Lu|Vessel of Ruin\n|move|p1a: Dusknoir|Curse|p1a: Dusknoir\n|-unboost|p1a: Dusknoir|spe|1\n|-boost|p1a: Dusknoir|atk|1\n|-boost|p1a: Dusknoir|def|1\n|\n|-heal|p1a: Dusknoir|79\/100|[from] item: Leftovers\n|upkeep\n|turn|10\n|\n|t:|1699822295\n|move|p2a: Ting-Lu|Earthquake|p1a: Dusknoir\n|-supereffective|p1a: Dusknoir\n|-damage|p1a: Dusknoir|32\/100\n|move|p1a: Dusknoir|Poltergeist|p2a: Ting-Lu\n|-activate|p2a: Ting-Lu|move: Poltergeist|Rocky Helmet\n|-resisted|p2a: Ting-Lu\n|-damage|p2a: Ting-Lu|79\/100\n|\n|-heal|p1a: Dusknoir|38\/100|[from] item: Leftovers\n|upkeep\n|turn|11\n|\n|t:|1699822302\n|move|p2a: Ting-Lu|Earthquake|p1a: Dusknoir\n|-supereffective|p1a: Dusknoir\n|-damage|p1a: Dusknoir|0 fnt\n|faint|p1a: Dusknoir\n|\n|upkeep\n|\n|t:|1699822312\n|switch|p1a: Gholdengo|Gholdengo|100\/100\n|-damage|p1a: Gholdengo|76\/100|[from] Spikes\n|turn|12\n|\n|t:|1699822320\n|move|p1a: Gholdengo|Focus Blast|p2a: Ting-Lu\n|-supereffective|p2a: Ting-Lu\n|-damage|p2a: Ting-Lu|2\/100\n|move|p2a: Ting-Lu|Earthquake|p1a: Gholdengo\n|-supereffective|p1a: Gholdengo\n|-damage|p1a: Gholdengo|0 fnt\n|faint|p1a: Gholdengo\n|\n|upkeep\n|\n|t:|1699822328\n|switch|p1a: Gengar|Gengar, F|100\/100\n|-damage|p1a: Gengar|75\/100|[from] Spikes\n|turn|13\n|\n|t:|1699822338\n|move|p1a: Gengar|Toxic Spikes|p2a: Ting-Lu\n|-sidestart|p2: Iaamadogtor|move: Toxic Spikes\n|move|p2a: Ting-Lu|Stealth Rock|p1a: Gengar\n|-sidestart|p1: Safenritharnix|move: Stealth Rock\n|\n|upkeep\n|turn|14\n|\n|t:|1699822347\n|move|p1a: Gengar|Knock Off|p2a: Ting-Lu\n|-resisted|p2a: Ting-Lu\n|-damage|p2a: Ting-Lu|0 fnt\n|-damage|p1a: Gengar|59\/100|[from] item: Rocky Helmet|[of] p2a: Ting-Lu\n|-enditem|p2a: Ting-Lu|Rocky Helmet|[from] move: Knock Off|[of] p1a: Gengar\n|faint|p2a: Ting-Lu\n|\n|upkeep\n|\n|t:|1699822355\n|switch|p2a: Dragapult|Dragapult, M, shiny|100\/100\n|-status|p2a: Dragapult|psn\n|turn|15\n|\n|t:|1699822359\n|move|p2a: Dragapult|Tera Blast|p1a: Gengar\n|-immune|p1a: Gengar\n|move|p1a: Gengar|Destiny Bond|p1a: Gengar\n|-singlemove|p1a: Gengar|Destiny Bond\n|\n|-damage|p2a: Dragapult|88\/100 psn|[from] psn\n|upkeep\n|turn|16\n|\n|t:|1699822365\n|-terastallize|p2a: Dragapult|Ghost\n|move|p2a: Dragapult|Tera Blast|p1a: Gengar|[anim] Tera Blast Ghost\n|-supereffective|p1a: Gengar\n|-crit|p1a: Gengar\n|-damage|p1a: Gengar|0 fnt\n|faint|p1a: Gengar\n|-activate|p1a: Gengar|move: Destiny Bond\n|faint|p2a: Dragapult\n|\n|upkeep\n|\n|t:|1699822373\n|switch|p2a: Zamazenta|Zamazenta|94\/100 brn\n|switch|p1a: Ceruledge|Ceruledge, F|100\/100\n|-damage|p1a: Ceruledge|76\/100|[from] Spikes\n|-damage|p1a: Ceruledge|51\/100|[from] Stealth Rock\n|turn|17\n|\n|t:|1699822380\n|move|p2a: Zamazenta|Crunch|p1a: Ceruledge\n|-supereffective|p1a: Ceruledge\n|-damage|p1a: Ceruledge|22\/100\n|-unboost|p1a: Ceruledge|def|1\n|-ability|p1a: Ceruledge|Weak Armor|boost\n|-unboost|p1a: Ceruledge|def|1\n|-boost|p1a: Ceruledge|spe|2\n|-enditem|p1a: Ceruledge|White Herb\n|-clearnegativeboost|p1a: Ceruledge|[silent]\n|move|p1a: Ceruledge|Swords Dance|p1a: Ceruledge\n|-boost|p1a: Ceruledge|atk|2\n|\n|-heal|p2a: Zamazenta|100\/100 brn|[from] item: Leftovers\n|-damage|p2a: Zamazenta|94\/100 brn|[from] brn\n|upkeep\n|turn|18\n|\n|t:|1699822384\n|move|p1a: Ceruledge|Bitter Blade|p2a: Zamazenta\n|-damage|p2a: Zamazenta|29\/100 brn\n|-heal|p1a: Ceruledge|65\/100|[from] drain|[of] p2a: Zamazenta\n|move|p2a: Zamazenta|Crunch|p1a: Ceruledge\n|-supereffective|p1a: Ceruledge\n|-damage|p1a: Ceruledge|35\/100\n|-ability|p1a: Ceruledge|Weak Armor|boost\n|-unboost|p1a: Ceruledge|def|1\n|-boost|p1a: Ceruledge|spe|2\n|\n|-heal|p2a: Zamazenta|36\/100 brn|[from] item: Leftovers\n|-damage|p2a: Zamazenta|29\/100 brn|[from] brn\n|upkeep\n|turn|19\n|\n|t:|1699822397\n|move|p1a: Ceruledge|Bitter Blade|p2a: Zamazenta\n|-damage|p2a: Zamazenta|0 fnt\n|-heal|p1a: Ceruledge|54\/100|[from] drain|[of] p2a: Zamazenta\n|faint|p2a: Zamazenta\n|\n|upkeep\n|\n|t:|1699822402\n|switch|p2a: Glimmora|Glimmora, F, shiny|100\/100\n|-sideend|p2: Iaamadogtor|move: Toxic Spikes|[of] p2a: Glimmora\n|turn|20\n|\n|t:|1699822408\n|move|p1a: Ceruledge|Bitter Blade|p2a: Glimmora\n|-resisted|p2a: Glimmora\n|-damage|p2a: Glimmora|45\/100\n|-heal|p1a: Ceruledge|84\/100|[from] drain|[of] p2a: Glimmora\n|-activate|p2a: Glimmora|ability: Toxic Debris\n|-sidestart|p1: Safenritharnix|move: Toxic Spikes\n|move|p2a: Glimmora|Earth Power|p1a: Ceruledge\n|-supereffective|p1a: Ceruledge\n|-damage|p1a: Ceruledge|12\/100\n|\n|upkeep\n|turn|21\n|\n|t:|1699822415\n|move|p1a: Ceruledge|Psycho Cut|p2a: Glimmora\n|-supereffective|p2a: Glimmora\n|-crit|p2a: Glimmora\n|-damage|p2a: Glimmora|0 fnt\n|-activate|p2a: Glimmora|ability: Toxic Debris\n|-sidestart|p1: Safenritharnix|move: Toxic Spikes\n|faint|p2a: Glimmora\n|\n|upkeep\n|\n|t:|1699822417\n|switch|p2a: Hatterene|Hatterene, F|100\/100\n|turn|22\n|\n|t:|1699822429\n|move|p1a: Ceruledge|Poltergeist|p2a: Hatterene\n|-activate|p2a: Hatterene|move: Poltergeist|Eject Button\n|-supereffective|p2a: Hatterene\n|-damage|p2a: Hatterene|0 fnt\n|faint|p2a: Hatterene\n|\n|win|Safenritharnix\n|raw|Safenritharnix's rating: 1170 &rarr; <strong>1192<\/strong><br \/>(+22 for winning)\n|raw|Iaamadogtor's rating: 1129 &rarr; <strong>1107<\/strong><br \/>(-22 for losing)\n|l|\u2606Iaamadogtor\n","uploadtime":1699822440,"views":10,"p1id":"safenritharnix","p2id":"iaamadogtor","formatid":"gen9ou","rating":1107,"private":0,"password":""}