{"id":"gen9ou-1998154194","p1":"h-313","p2":"poketough","format":"[Gen 9] OU","log":"|j|\u2606h-313\n|j|\u2606poketough\n|inactive|Battle timer is ON: inactive players will automatically lose when time's up.\n|t:|1700901969\n|gametype|singles\n|player|p1|h-313|169|\n|player|p2|poketough|emmet|\n|teamsize|p1|4\n|teamsize|p2|4\n|gen|9\n|tier|[Gen 9] OU\n|rated|Tournament battle\n|rule|Sleep Clause Mod: Limit one foe put to sleep\n|rule|Species Clause: Limit one of each Pok\u00e9mon\n|rule|OHKO Clause: OHKO moves are banned\n|rule|Evasion Items Clause: Evasion items are banned\n|rule|Evasion Moves Clause: Evasion moves are banned\n|rule|Endless Battle Clause: Forcing endless battles is banned\n|rule|HP Percentage Mod: HP is shown in percentages\n|clearpoke\n|poke|p1|Fletchinder, M|\n|poke|p1|Dragapult, M|\n|poke|p1|Igglybuff, M|\n|poke|p1|Chansey, F|\n|poke|p2|Chesnaught, F|\n|poke|p2|Geodude-Alola, M|\n|poke|p2|Cinderace, F|\n|poke|p2|Tinkatuff, F|\n|teampreview\n|j|*Lady Monita \u2746\n|inactive|h-313 also wants the timer to be on.\n|inactive|poketough also wants the timer to be on.\n|j| mommy_shynx\n|inactive|h-313 has 120 seconds left.\n|inactive|poketough has 120 seconds left.\n|c|\u2606h-313|hf\n|c|\u2606h-313|pretty nice team\n|inactive|poketough has 90 seconds left.\n|c|\u2606poketough|hf\n|c|\u2606poketough|urs too\n|c|\u2606h-313|i prefer offense but got two super bulkers\n|inactive|poketough has 60 seconds left.\n|\n|t:|1700902076\n|start\n|switch|p1a: Igglybuff|Igglybuff, M|100\/100\n|switch|p2a: Geodude|Geodude-Alola, M|100\/100\n|turn|1\n|\n|t:|1700902083\n|move|p2a: Geodude|Stealth Rock|p1a: Igglybuff\n|-sidestart|p1: h-313|move: Stealth Rock\n|move|p1a: Igglybuff|Dazzling Gleam|p2a: Geodude\n|-damage|p2a: Geodude|8\/100\n|\n|upkeep\n|turn|2\n|\n|t:|1700902087\n|move|p2a: Geodude|Explosion|p1a: Igglybuff\n|-damage|p1a: Igglybuff|0 fnt\n|faint|p2a: Geodude\n|faint|p1a: Igglybuff\n|\n|upkeep\n|\n|t:|1700902096\n|switch|p2a: Cinderace|Cinderace, F, shiny|100\/100\n|switch|p1a: Fletchinder|Fletchinder, M|100\/100\n|-damage|p1a: Fletchinder|51\/100|[from] Stealth Rock\n|turn|3\n|\n|t:|1700902105\n|move|p2a: Cinderace|Pyro Ball|p1a: Fletchinder\n|-resisted|p1a: Fletchinder\n|-damage|p1a: Fletchinder|0 fnt\n|faint|p1a: Fletchinder\n|-damage|p2a: Cinderace|91\/100|[from] item: Life Orb\n|\n|upkeep\n|\n|t:|1700902108\n|switch|p1a: Dragapult|Dragapult, M|100\/100\n|-damage|p1a: Dragapult|88\/100|[from] Stealth Rock\n|turn|4\n|\n|t:|1700902123\n|move|p2a: Cinderace|Sucker Punch||[still]\n|-fail|p2a: Cinderace\n|move|p1a: Dragapult|Dragon Dance|p1a: Dragapult\n|-boost|p1a: Dragapult|atk|1\n|-boost|p1a: Dragapult|spe|1\n|\n|upkeep\n|turn|5\n|\n|t:|1700902131\n|-terastallize|p1a: Dragapult|Dragon\n|move|p1a: Dragapult|Dragon Darts|p2a: Cinderace\n|-damage|p2a: Cinderace|13\/100\n|-anim|p1a: Dragapult|Dragon Darts|p2a: Cinderace\n|-damage|p2a: Cinderace|0 fnt\n|faint|p2a: Cinderace\n|\n|upkeep\n|\n|t:|1700902133\n|switch|p2a: Tinkatuff|Tinkatuff, F|100\/100\n|-ability|p2a: Tinkatuff|Mold Breaker\n|turn|6\n|\n|t:|1700902138\n|move|p1a: Dragapult|Phantom Force||[still]\n|-prepare|p1a: Dragapult|Phantom Force\n|move|p2a: Tinkatuff|Thunder Wave|p1a: Dragapult|[miss]\n|-miss|p2a: Tinkatuff|p1a: Dragapult\n|\n|upkeep\n|turn|7\n|\n|t:|1700902141\n|move|p1a: Dragapult|Phantom Force|p2a: Tinkatuff|[from]lockedmove\n|-damage|p2a: Tinkatuff|16\/100\n|move|p2a: Tinkatuff|Thunder Wave|p1a: Dragapult\n|-status|p1a: Dragapult|par\n|\n|upkeep\n|turn|8\n|\n|t:|1700902146\n|move|p1a: Dragapult|Phantom Force||[still]\n|-prepare|p1a: Dragapult|Phantom Force\n|move|p2a: Tinkatuff|Reflect|p2a: Tinkatuff\n|-sidestart|p2: poketough|Reflect\n|\n|upkeep\n|turn|9\n|\n|t:|1700902149\n|move|p1a: Dragapult|Phantom Force|p2a: Tinkatuff|[from]lockedmove\n|-damage|p2a: Tinkatuff|0 fnt\n|faint|p2a: Tinkatuff\n|\n|upkeep\n|\n|t:|1700902152\n|switch|p2a: Chesnaught|Chesnaught, F, shiny|100\/100\n|turn|10\n|c|\u2606h-313|reflect aw\n|\n|t:|1700902158\n|-terastallize|p2a: Chesnaught|Steel\n|move|p1a: Dragapult|Dragon Darts|p2a: Chesnaught\n|-resisted|p2a: Chesnaught\n|-damage|p2a: Chesnaught|89\/100\n|-anim|p1a: Dragapult|Dragon Darts|p2a: Chesnaught\n|-resisted|p2a: Chesnaught\n|-damage|p2a: Chesnaught|77\/100\n|move|p2a: Chesnaught|Swords Dance|p2a: Chesnaught\n|-boost|p2a: Chesnaught|atk|2\n|\n|upkeep\n|turn|11\n|\n|t:|1700902164\n|move|p1a: Dragapult|Phantom Force||[still]\n|-prepare|p1a: Dragapult|Phantom Force\n|move|p2a: Chesnaught|Knock Off|p1a: Dragapult|[miss]\n|-miss|p2a: Chesnaught|p1a: Dragapult\n|\n|upkeep\n|turn|12\n|\n|t:|1700902166\n|move|p1a: Dragapult|Phantom Force|p2a: Chesnaught|[from]lockedmove\n|-damage|p2a: Chesnaught|42\/100\n|move|p2a: Chesnaught|Knock Off|p1a: Dragapult\n|-damage|p1a: Dragapult|0 fnt\n|-enditem|p1a: Dragapult|Focus Sash|[from] move: Knock Off|[of] p2a: Chesnaught\n|faint|p1a: Dragapult\n|-damage|p2a: Chesnaught|33\/100|[from] item: Life Orb\n|\n|-sideend|p2: poketough|Reflect\n|upkeep\n|\n|t:|1700902169\n|switch|p1a: Chansey|Chansey, F|100\/100\n|-damage|p1a: Chansey|88\/100|[from] Stealth Rock\n|turn|13\n|\n|t:|1700902174\n|move|p2a: Chesnaught|Drain Punch|p1a: Chansey\n|-supereffective|p1a: Chansey\n|-damage|p1a: Chansey|0 fnt\n|-heal|p2a: Chesnaught|100\/100|[from] drain|[of] p1a: Chansey\n|faint|p1a: Chansey\n|-damage|p2a: Chesnaught|91\/100|[from] item: Life Orb\n|\n|win|poketough\n|n|\u2606h-313|h313\n|n|\u2606poketough|poketough\n|n|*Lady Monita \u2746|ladymonita\n|n| mommy_shynx|mommyshynx\n","uploadtime":1700902175,"views":2,"p1id":"h313","p2id":"poketough","formatid":"gen9ou","rating":0,"private":0,"password":""}