{"id":"gen9ou-1989015243","p1":"Pearsquare","p2":"gordesy","format":"[Gen 9] OU","log":"|j|\u2606Pearsquare\n|j|\u2606gordesy\n|t:|1699802427\n|gametype|singles\n|player|p1|Pearsquare|caitlin|1076\n|player|p2|gordesy|1|1172\n|teamsize|p1|6\n|teamsize|p2|6\n|gen|9\n|tier|[Gen 9] OU\n|rated|\n|rule|Sleep Clause Mod: Limit one foe put to sleep\n|rule|Species Clause: Limit one of each Pok\u00e9mon\n|rule|OHKO Clause: OHKO moves are banned\n|rule|Evasion Items Clause: Evasion items are banned\n|rule|Evasion Moves Clause: Evasion moves are banned\n|rule|Endless Battle Clause: Forcing endless battles is banned\n|rule|HP Percentage Mod: HP is shown in percentages\n|clearpoke\n|poke|p1|Meloetta|\n|poke|p1|Gardevoir, F|\n|poke|p1|Ninetales-Alola, M|\n|poke|p1|Ceruledge, F|\n|poke|p1|Lilligant-Hisui, F|\n|poke|p1|Tatsugiri, F|\n|poke|p2|Alomomola, F|\n|poke|p2|Kingambit, M|\n|poke|p2|Dragapult, M|\n|poke|p2|Great Tusk|\n|poke|p2|Skeledirge, M|\n|poke|p2|Corviknight, F|\n|teampreview\n|\n|t:|1699802453\n|start\n|switch|p1a: Lolani|Tatsugiri, F|100\/100\n|switch|p2a: Orpheus|Skeledirge, M|100\/100\n|turn|1\n|\n|t:|1699802480\n|switch|p2a: Alomomola|Alomomola, F|100\/100\n|move|p1a: Lolani|Nasty Plot|p1a: Lolani\n|-boost|p1a: Lolani|spa|2\n|\n|upkeep\n|turn|2\n|\n|t:|1699802504\n|move|p1a: Lolani|Protect|p1a: Lolani\n|-singleturn|p1a: Lolani|Protect\n|move|p2a: Alomomola|Play Rough|p1a: Lolani\n|-activate|p1a: Lolani|move: Protect\n|\n|upkeep\n|turn|3\n|\n|t:|1699802523\n|switch|p2a: Orpheus|Skeledirge, M|100\/100\n|move|p1a: Lolani|Draco Meteor|p2a: Orpheus\n|-damage|p2a: Orpheus|36\/100\n|-unboost|p1a: Lolani|spa|2\n|\n|upkeep\n|turn|4\n|\n|t:|1699802547\n|switch|p2a: Corviknight|Corviknight, F|100\/100\n|-ability|p2a: Corviknight|Pressure\n|move|p1a: Lolani|Nasty Plot|p1a: Lolani\n|-boost|p1a: Lolani|spa|2\n|\n|upkeep\n|turn|5\n|\n|t:|1699802572\n|move|p1a: Lolani|Draco Meteor|p2a: Corviknight\n|-resisted|p2a: Corviknight\n|-damage|p2a: Corviknight|32\/100\n|-unboost|p1a: Lolani|spa|2\n|move|p2a: Corviknight|Iron Head|p1a: Lolani\n|-resisted|p1a: Lolani\n|-damage|p1a: Lolani|71\/100\n|\n|upkeep\n|turn|6\n|\n|t:|1699802582\n|switch|p2a: Alomomola|Alomomola, F|100\/100\n|move|p1a: Lolani|Surf|p2a: Alomomola\n|-resisted|p2a: Alomomola\n|-damage|p2a: Alomomola|75\/100\n|\n|-heal|p2a: Alomomola|81\/100|[from] item: Leftovers\n|upkeep\n|turn|7\n|\n|t:|1699802590\n|move|p1a: Lolani|Protect|p1a: Lolani\n|-singleturn|p1a: Lolani|Protect\n|move|p2a: Alomomola|Light Screen|p2a: Alomomola\n|-sidestart|p2: gordesy|move: Light Screen\n|\n|-heal|p2a: Alomomola|87\/100|[from] item: Leftovers\n|upkeep\n|turn|8\n|\n|t:|1699802626\n|switch|p1a: Fluff|Ninetales-Alola, M|100\/100\n|-weather|Snow|[from] ability: Snow Warning|[of] p1a: Fluff\n|move|p2a: Alomomola|Wish|p2a: Alomomola\n|\n|-weather|Snow|[upkeep]\n|-heal|p2a: Alomomola|93\/100|[from] item: Leftovers\n|upkeep\n|turn|9\n|\n|t:|1699802633\n|switch|p2a: Orpheus|Skeledirge, M|36\/100\n|move|p1a: Fluff|Aurora Veil|p1a: Fluff\n|-sidestart|p1: Pearsquare|move: Aurora Veil\n|\n|-weather|Snow|[upkeep]\n|-heal|p2a: Orpheus|100\/100|[from] move: Wish|[wisher] Alomomola\n|upkeep\n|turn|10\n|\n|t:|1699802677\n|switch|p1a: Lin|Ceruledge, F|100\/100\n|switch|p2a: Great Tusk|Great Tusk|100\/100\n|\n|-weather|Snow|[upkeep]\n|upkeep\n|turn|11\n|\n|t:|1699802702\n|-terastallize|p1a: Lin|Fairy\n|move|p1a: Lin|Bulk Up|p1a: Lin\n|-boost|p1a: Lin|atk|1\n|-boost|p1a: Lin|def|1\n|move|p2a: Great Tusk|Earthquake|p1a: Lin\n|-damage|p1a: Lin|74\/100\n|\n|-weather|Snow|[upkeep]\n|-sideend|p2: gordesy|move: Light Screen\n|upkeep\n|turn|12\n|\n|t:|1699802718\n|move|p1a: Lin|Bitter Blade|p2a: Great Tusk\n|-damage|p2a: Great Tusk|54\/100\n|-heal|p1a: Lin|100\/100|[from] drain|[of] p2a: Great Tusk\n|-damage|p1a: Lin|84\/100|[from] item: Rocky Helmet|[of] p2a: Great Tusk\n|move|p2a: Great Tusk|Close Combat|p1a: Lin\n|-resisted|p1a: Lin\n|-damage|p1a: Lin|69\/100\n|-unboost|p2a: Great Tusk|def|1\n|-unboost|p2a: Great Tusk|spd|1\n|\n|-weather|none\n|upkeep\n|turn|13\n|\n|t:|1699802735\n|move|p1a: Lin|Bitter Blade|p2a: Great Tusk\n|-damage|p2a: Great Tusk|0 fnt\n|-heal|p1a: Lin|100\/100|[from] drain|[of] p2a: Great Tusk\n|-damage|p1a: Lin|84\/100|[from] item: Rocky Helmet|[of] p2a: Great Tusk\n|faint|p2a: Great Tusk\n|-end|p2a: Great Tusk|Protosynthesis|[silent]\n|\n|upkeep\n|\n|t:|1699802747\n|switch|p2a: Shogun|Kingambit, M|100\/100\n|-activate|p2a: Shogun|ability: Supreme Overlord\n|-start|p2a: Shogun|fallen1|[silent]\n|turn|14\n|\n|t:|1699802758\n|-end|p2a: Shogun|fallen1|[silent]\n|switch|p2a: Alomomola|Alomomola, F|93\/100\n|move|p1a: Lin|Bitter Blade|p2a: Alomomola\n|-resisted|p2a: Alomomola\n|-damage|p2a: Alomomola|66\/100\n|-heal|p1a: Lin|100\/100|[from] drain|[of] p2a: Alomomola\n|\n|-heal|p2a: Alomomola|72\/100|[from] item: Leftovers\n|upkeep\n|turn|15\n|\n|t:|1699802771\n|move|p1a: Lin|Shadow Sneak|p2a: Alomomola\n|-damage|p2a: Alomomola|49\/100\n|move|p2a: Alomomola|Wish|p2a: Alomomola\n|\n|-heal|p2a: Alomomola|55\/100|[from] item: Leftovers\n|upkeep\n|turn|16\n|\n|t:|1699802778\n|move|p1a: Lin|Bulk Up|p1a: Lin\n|-boost|p1a: Lin|atk|1\n|-boost|p1a: Lin|def|1\n|move|p2a: Alomomola|Liquidation|p1a: Lin\n|-damage|p1a: Lin|90\/100\n|\n|-heal|p2a: Alomomola|100\/100|[from] move: Wish|[wisher] Alomomola\n|-sideend|p1: Pearsquare|move: Aurora Veil\n|upkeep\n|turn|17\n|\n|t:|1699802796\n|move|p1a: Lin|Taunt|p2a: Alomomola\n|-start|p2a: Alomomola|move: Taunt\n|cant|p2a: Alomomola|move: Taunt|Wish\n|\n|upkeep\n|turn|18\n|\n|t:|1699802802\n|move|p1a: Lin|Bulk Up|p1a: Lin\n|-boost|p1a: Lin|atk|1\n|-boost|p1a: Lin|def|1\n|move|p2a: Alomomola|Liquidation|p1a: Lin\n|-damage|p1a: Lin|72\/100\n|\n|upkeep\n|turn|19\n|\n|t:|1699802831\n|switch|p2a: Shogun|Kingambit, M|100\/100\n|-activate|p2a: Shogun|ability: Supreme Overlord\n|-start|p2a: Shogun|fallen1|[silent]\n|move|p1a: Lin|Bulk Up|p1a: Lin\n|-boost|p1a: Lin|atk|1\n|-boost|p1a: Lin|def|1\n|\n|upkeep\n|turn|20\n|\n|t:|1699802848\n|-terastallize|p2a: Shogun|Flying\n|move|p1a: Lin|Bitter Blade|p2a: Shogun\n|-damage|p2a: Shogun|4\/100\n|-heal|p1a: Lin|100\/100|[from] drain|[of] p2a: Shogun\n|move|p2a: Shogun|Kowtow Cleave|p1a: Lin\n|-resisted|p1a: Lin\n|-damage|p1a: Lin|85\/100\n|\n|upkeep\n|turn|21\n|-message|gordesy forfeited.\n|\n|win|Pearsquare\n|raw|Pearsquare's rating: 1076 &rarr; <strong>1112<\/strong><br \/>(+36 for winning)\n|raw|gordesy's rating: 1172 &rarr; <strong>1140<\/strong><br \/>(-32 for losing)\n|l|\u2606gordesy\n","uploadtime":1699802863,"views":20,"p1id":"pearsquare","p2id":"gordesy","formatid":"gen9ou","rating":1112,"private":0,"password":""}