{"id":"gen9ou-1995615647","p1":"Emarad0r","p2":"aectrosilly","format":"[Gen 9] OU","log":"|j|\u2606Emarad0r\n|j|\u2606aectrosilly\n|t:|1700587743\n|gametype|singles\n|player|p1|Emarad0r|drayden|1140\n|player|p2|aectrosilly|acetrainersnowf|1060\n|teamsize|p1|6\n|teamsize|p2|6\n|gen|9\n|tier|[Gen 9] OU\n|rated|\n|rule|Sleep Clause Mod: Limit one foe put to sleep\n|rule|Species Clause: Limit one of each Pok\u00e9mon\n|rule|OHKO Clause: OHKO moves are banned\n|rule|Evasion Items Clause: Evasion items are banned\n|rule|Evasion Moves Clause: Evasion moves are banned\n|rule|Endless Battle Clause: Forcing endless battles is banned\n|rule|HP Percentage Mod: HP is shown in percentages\n|clearpoke\n|poke|p1|Zapdos|\n|poke|p1|Ludicolo, F|\n|poke|p1|Dragapult, F|\n|poke|p1|Kingambit, M|\n|poke|p1|Conkeldurr, F|\n|poke|p1|Iron Valiant|\n|poke|p2|Ninetales-Alola, M|\n|poke|p2|Maushold|\n|poke|p2|Leavanny, F|\n|poke|p2|Mamoswine, F|\n|poke|p2|Rotom-Wash|\n|poke|p2|Kommo-o, F|\n|teampreview\n|inactive|Battle timer is ON: inactive players will automatically lose when time's up. (requested by Emarad0r)\n|\n|t:|1700587749\n|start\n|switch|p1a: Zapdos|Zapdos|100\/100\n|switch|p2a: Ninetales|Ninetales-Alola, M|100\/100\n|-weather|Snow|[from] ability: Snow Warning|[of] p2a: Ninetales\n|turn|1\n|\n|t:|1700587755\n|move|p2a: Ninetales|Aurora Veil|p2a: Ninetales\n|-sidestart|p2: aectrosilly|move: Aurora Veil\n|move|p1a: Zapdos|Rain Dance|p1a: Zapdos\n|-weather|RainDance\n|\n|-weather|RainDance|[upkeep]\n|upkeep\n|turn|2\n|\n|t:|1700587770\n|switch|p2a: Maushold|Maushold|100\/100\n|switch|p1a: Dragapult|Dragapult, F|100\/100\n|\n|-weather|RainDance|[upkeep]\n|upkeep\n|turn|3\n|\n|t:|1700587776\n|move|p1a: Dragapult|Light Screen|p1a: Dragapult\n|-sidestart|p1: Emarad0r|move: Light Screen\n|move|p2a: Maushold|Tidy Up|p2a: Maushold\n|-boost|p2a: Maushold|atk|1\n|-boost|p2a: Maushold|spe|1\n|\n|-weather|RainDance|[upkeep]\n|upkeep\n|turn|4\n|\n|t:|1700587782\n|move|p2a: Maushold|Bite|p1a: Dragapult\n|-supereffective|p1a: Dragapult\n|-damage|p1a: Dragapult|15\/100\n|move|p1a: Dragapult|Reflect|p1a: Dragapult\n|-sidestart|p1: Emarad0r|Reflect\n|\n|-weather|RainDance|[upkeep]\n|upkeep\n|turn|5\n|\n|t:|1700587788\n|move|p2a: Maushold|Bite|p1a: Dragapult\n|-supereffective|p1a: Dragapult\n|-damage|p1a: Dragapult|0 fnt\n|-start|p2a: Maushold|Disable|Bite|[from] ability: Cursed Body|[of] p1a: Dragapult\n|faint|p1a: Dragapult\n|\n|-weather|RainDance|[upkeep]\n|upkeep\n|l|\u2606aectrosilly\n|inactive|aectrosilly disconnected and has a minute to reconnect!\n|player|p2|\n|inactive|Emarad0r has 120 seconds left.\n|j|\u2606aectrosilly\n|inactive|aectrosilly reconnected.\n|player|p2|aectrosilly|acetrainersnowf\n|inactive|Emarad0r has 90 seconds left.\n|\n|t:|1700587856\n|switch|p1a: Zapdos|Zapdos|100\/100\n|turn|6\n|\n|t:|1700587860\n|move|p2a: Maushold|Population Bomb|p1a: Zapdos\n|-damage|p1a: Zapdos|91\/100\n|-status|p2a: Maushold|par|[from] ability: Static|[of] p1a: Zapdos\n|-damage|p1a: Zapdos|81\/100\n|-damage|p1a: Zapdos|71\/100\n|-damage|p1a: Zapdos|61\/100\n|-damage|p1a: Zapdos|51\/100\n|-damage|p1a: Zapdos|43\/100\n|-damage|p1a: Zapdos|34\/100\n|-damage|p1a: Zapdos|25\/100\n|-damage|p1a: Zapdos|16\/100\n|-damage|p1a: Zapdos|6\/100\n|-hitcount|p1a: Zapdos|10\n|move|p1a: Zapdos|Thunder|p2a: Maushold\n|-damage|p2a: Maushold|68\/100 par\n|\n|-weather|RainDance|[upkeep]\n|upkeep\n|turn|7\n|inactive|Emarad0r has 90 seconds left.\n|\n|t:|1700587878\n|move|p1a: Zapdos|Hurricane|p2a: Maushold\n|-damage|p2a: Maushold|33\/100 par\n|-start|p2a: Maushold|confusion\n|-activate|p2a: Maushold|confusion\n|move|p2a: Maushold|Population Bomb|p1a: Zapdos\n|-damage|p1a: Zapdos|0 fnt\n|faint|p1a: Zapdos\n|-hitcount|p1: Zapdos|1\n|\n|-weather|RainDance|[upkeep]\n|upkeep\n|inactive|Emarad0r has 90 seconds left.\n|\n|t:|1700587888\n|switch|p1a: Ludicolo|Ludicolo, F|100\/100\n|turn|8\n|\n|t:|1700587892\n|move|p1a: Ludicolo|Weather Ball|p2a: Maushold\n|-damage|p2a: Maushold|0 fnt\n|faint|p2a: Maushold\n|-damage|p1a: Ludicolo|91\/100|[from] item: Life Orb\n|\n|-weather|none\n|-sideend|p2: aectrosilly|move: Aurora Veil\n|upkeep\n|\n|t:|1700587899\n|switch|p2a: Ninetales|Ninetales-Alola, M|100\/100\n|-weather|Snow|[from] ability: Snow Warning|[of] p2a: Ninetales\n|turn|9\n|\n|t:|1700587903\n|move|p2a: Ninetales|Aurora Veil|p2a: Ninetales\n|-sidestart|p2: aectrosilly|move: Aurora Veil\n|move|p1a: Ludicolo|Rain Dance|p1a: Ludicolo\n|-weather|RainDance\n|\n|-weather|RainDance|[upkeep]\n|upkeep\n|turn|10\n|inactive|Emarad0r has 120 seconds left.\n|\n|t:|1700587916\n|switch|p2a: Leavanny|Leavanny, F, shiny|100\/100\n|move|p1a: Ludicolo|Weather Ball|p2a: Leavanny\n|-resisted|p2a: Leavanny\n|-damage|p2a: Leavanny|72\/100\n|-damage|p1a: Ludicolo|81\/100|[from] item: Life Orb\n|\n|-weather|RainDance|[upkeep]\n|-sideend|p1: Emarad0r|move: Light Screen\n|upkeep\n|turn|11\n|inactive|Emarad0r has 120 seconds left.\n|\n|t:|1700587924\n|move|p1a: Ludicolo|Ice Beam|p2a: Leavanny\n|-supereffective|p2a: Leavanny\n|-damage|p2a: Leavanny|21\/100\n|-enditem|p2a: Leavanny|Weakness Policy\n|-boost|p2a: Leavanny|atk|2|[from] item: Weakness Policy\n|-boost|p2a: Leavanny|spa|2|[from] item: Weakness Policy\n|-damage|p1a: Ludicolo|71\/100|[from] item: Life Orb\n|move|p2a: Leavanny|Swords Dance|p2a: Leavanny\n|-boost|p2a: Leavanny|atk|2\n|\n|-weather|RainDance|[upkeep]\n|-sideend|p1: Emarad0r|Reflect\n|upkeep\n|turn|12\n|\n|t:|1700587935\n|move|p1a: Ludicolo|Ice Beam|p2a: Leavanny\n|-supereffective|p2a: Leavanny\n|-damage|p2a: Leavanny|0 fnt\n|faint|p2a: Leavanny\n|-damage|p1a: Ludicolo|61\/100|[from] item: Life Orb\n|\n|-weather|RainDance|[upkeep]\n|upkeep\n|\n|t:|1700587953\n|switch|p2a: Mamoswine|Mamoswine, F|100\/100\n|turn|13\n|\n|t:|1700587961\n|move|p1a: Ludicolo|Giga Drain|p2a: Mamoswine\n|-supereffective|p2a: Mamoswine\n|-damage|p2a: Mamoswine|61\/100\n|-heal|p1a: Ludicolo|88\/100|[from] drain|[of] p2a: Mamoswine\n|-damage|p1a: Ludicolo|78\/100|[from] item: Life Orb\n|move|p2a: Mamoswine|Knock Off|p1a: Ludicolo\n|-damage|p1a: Ludicolo|21\/100\n|-enditem|p1a: Ludicolo|Life Orb|[from] move: Knock Off|[of] p2a: Mamoswine\n|\n|-weather|none\n|upkeep\n|turn|14\n|\n|t:|1700587972\n|-terastallize|p2a: Mamoswine|Grass\n|move|p1a: Ludicolo|Giga Drain|p2a: Mamoswine\n|-resisted|p2a: Mamoswine\n|-damage|p2a: Mamoswine|54\/100\n|-heal|p1a: Ludicolo|26\/100|[from] drain|[of] p2a: Mamoswine\n|move|p2a: Mamoswine|Trailblaze|p1a: Ludicolo\n|-damage|p1a: Ludicolo|0 fnt\n|-boost|p2a: Mamoswine|spe|1\n|faint|p1a: Ludicolo\n|\n|upkeep\n|\n|t:|1700587992\n|switch|p1a: Iron Valiant|Iron Valiant|100\/100\n|-enditem|p1a: Iron Valiant|Booster Energy\n|-activate|p1a: Iron Valiant|ability: Quark Drive|[fromitem]\n|-start|p1a: Iron Valiant|quarkdrivespe\n|turn|15\n|\n|t:|1700588002\n|move|p1a: Iron Valiant|Moonblast|p2a: Mamoswine\n|-damage|p2a: Mamoswine|34\/100\n|move|p2a: Mamoswine|Trailblaze|p1a: Iron Valiant\n|-damage|p1a: Iron Valiant|57\/100\n|-boost|p2a: Mamoswine|spe|1\n|\n|upkeep\n|turn|16\n|\n|t:|1700588013\n|move|p1a: Iron Valiant|Moonblast|p2a: Mamoswine\n|-damage|p2a: Mamoswine|14\/100\n|move|p2a: Mamoswine|Earthquake|p1a: Iron Valiant\n|-damage|p1a: Iron Valiant|0 fnt\n|faint|p1a: Iron Valiant\n|-end|p1a: Iron Valiant|Quark Drive|[silent]\n|\n|-sideend|p2: aectrosilly|move: Aurora Veil\n|upkeep\n|\n|t:|1700588020\n|switch|p1a: Conkeldurr|Conkeldurr, F|100\/100\n|turn|17\n|\n|t:|1700588025\n|move|p2a: Mamoswine|Earthquake|p1a: Conkeldurr\n|-damage|p1a: Conkeldurr|49\/100\n|move|p1a: Conkeldurr|Earthquake|p2a: Mamoswine\n|-resisted|p2a: Mamoswine\n|-damage|p2a: Mamoswine|0 fnt\n|faint|p2a: Mamoswine\n|\n|-status|p1a: Conkeldurr|brn|[from] item: Flame Orb\n|upkeep\n|\n|t:|1700588034\n|switch|p2a: Ninetales|Ninetales-Alola, M|100\/100\n|-weather|Snow|[from] ability: Snow Warning|[of] p2a: Ninetales\n|turn|18\n|\n|t:|1700588041\n|move|p2a: Ninetales|Aurora Veil|p2a: Ninetales\n|-sidestart|p2: aectrosilly|move: Aurora Veil\n|move|p1a: Conkeldurr|Facade|p2a: Ninetales\n|-damage|p2a: Ninetales|57\/100\n|\n|-weather|Snow|[upkeep]\n|-damage|p1a: Conkeldurr|43\/100 brn|[from] brn\n|upkeep\n|turn|19\n|\n|t:|1700588048\n|move|p2a: Ninetales|Moonblast|p1a: Conkeldurr\n|-supereffective|p1a: Conkeldurr\n|-damage|p1a: Conkeldurr|0 fnt\n|faint|p1a: Conkeldurr\n|\n|-weather|Snow|[upkeep]\n|upkeep\n|\n|t:|1700588054\n|switch|p1a: Kingambit|Kingambit, M|100\/100\n|-activate|p1a: Kingambit|ability: Supreme Overlord\n|-start|p1a: Kingambit|fallen5|[silent]\n|turn|20\n|\n|t:|1700588068\n|-terastallize|p1a: Kingambit|Fairy\n|move|p2a: Ninetales|Moonblast|p1a: Kingambit\n|-damage|p1a: Kingambit|64\/100\n|-unboost|p1a: Kingambit|spa|1\n|move|p1a: Kingambit|Iron Head|p2a: Ninetales\n|-supereffective|p2a: Ninetales\n|-damage|p2a: Ninetales|0 fnt\n|faint|p2a: Ninetales\n|\n|-weather|Snow|[upkeep]\n|-heal|p1a: Kingambit|70\/100|[from] item: Leftovers\n|upkeep\n|\n|t:|1700588077\n|switch|p2a: Kommo-o|Kommo-o, F|100\/100\n|turn|21\n|\n|t:|1700588087\n|move|p2a: Kommo-o|Flash Cannon|p1a: Kingambit\n|-supereffective|p1a: Kingambit\n|-damage|p1a: Kingambit|18\/100\n|move|p1a: Kingambit|Kowtow Cleave|p2a: Kommo-o\n|-resisted|p2a: Kommo-o\n|-damage|p2a: Kommo-o|84\/100\n|\n|-weather|Snow|[upkeep]\n|-heal|p1a: Kingambit|25\/100|[from] item: Leftovers\n|upkeep\n|turn|22\n|\n|t:|1700588095\n|move|p2a: Kommo-o|Flash Cannon|p1a: Kingambit\n|-supereffective|p1a: Kingambit\n|-damage|p1a: Kingambit|0 fnt\n|faint|p1a: Kingambit\n|-end|p1a: Kingambit|fallen5|[silent]\n|\n|win|aectrosilly\n|raw|Emarad0r's rating: 1140 &rarr; <strong>1109<\/strong><br \/>(-31 for losing)\n|raw|aectrosilly's rating: 1060 &rarr; <strong>1098<\/strong><br \/>(+38 for winning)\n|c|\u2606aectrosilly|ggs\n|c|\u2606Emarad0r|gg\n|l|\u2606Emarad0r\n|l|\u2606aectrosilly\n|j|\u2606aectrosilly\n|player|p2|aectrosilly|acetrainersnowf\n","uploadtime":1700588129,"views":8,"p1id":"emarad0r","p2id":"aectrosilly","formatid":"gen9ou","rating":1098,"private":0,"password":""}