{"id":"gen9ou-1993174182","p1":"GamerSwag1337","p2":"deetznutzzzz","format":"[Gen 9] OU","log":"|j|\u2606GamerSwag1337\n|j|\u203ddeetznutzzzz\n|t:|1700273843\n|gametype|singles\n|player|p1|GamerSwag1337|pokekid|1225\n|player|p2|deetznutzzzz|265|1230\n|teamsize|p1|6\n|teamsize|p2|6\n|gen|9\n|tier|[Gen 9] OU\n|rated|\n|rule|Sleep Clause Mod: Limit one foe put to sleep\n|rule|Species Clause: Limit one of each Pok\u00e9mon\n|rule|OHKO Clause: OHKO moves are banned\n|rule|Evasion Items Clause: Evasion items are banned\n|rule|Evasion Moves Clause: Evasion moves are banned\n|rule|Endless Battle Clause: Forcing endless battles is banned\n|rule|HP Percentage Mod: HP is shown in percentages\n|clearpoke\n|poke|p1|Iron Valiant|\n|poke|p1|Ribombee, M|\n|poke|p1|Gholdengo|\n|poke|p1|Kingambit, F|\n|poke|p1|Great Tusk|\n|poke|p1|Iron Moth|\n|poke|p2|Fezandipiti, M|\n|poke|p2|Walking Wake|\n|poke|p2|Cinderace, F|\n|poke|p2|Empoleon, F|\n|poke|p2|Landorus-Therian, M|\n|poke|p2|Great Tusk|\n|teampreview\n|inactive|Battle timer is ON: inactive players will automatically lose when time's up. (requested by GamerSwag1337)\n|inactive|deetznutzzzz has 120 seconds left.\n|\n|t:|1700273910\n|start\n|switch|p1a: Fart Tusk|Great Tusk|100\/100\n|switch|p2a: Great Tusk|Great Tusk|100\/100\n|-enditem|p1a: Fart Tusk|Booster Energy\n|-activate|p1a: Fart Tusk|ability: Protosynthesis|[fromitem]\n|-start|p1a: Fart Tusk|protosynthesisspe\n|turn|1\n|\n|t:|1700273924\n|move|p1a: Fart Tusk|Bulk Up|p1a: Fart Tusk\n|-boost|p1a: Fart Tusk|atk|1\n|-boost|p1a: Fart Tusk|def|1\n|move|p2a: Great Tusk|Stealth Rock|p1a: Fart Tusk\n|-sidestart|p1: GamerSwag1337|move: Stealth Rock\n|\n|upkeep\n|turn|2\n|\n|t:|1700273932\n|-end|p2a: Great Tusk|Protosynthesis|[silent]\n|switch|p2a: Landorus|Landorus-Therian, M|100\/100\n|-ability|p2a: Landorus|Intimidate|boost\n|-unboost|p1a: Fart Tusk|atk|1\n|move|p1a: Fart Tusk|Bulk Up|p1a: Fart Tusk\n|-boost|p1a: Fart Tusk|atk|1\n|-boost|p1a: Fart Tusk|def|1\n|\n|upkeep\n|turn|3\n|\n|t:|1700273941\n|-terastallize|p2a: Landorus|Water\n|move|p1a: Fart Tusk|Bulk Up|p1a: Fart Tusk\n|-boost|p1a: Fart Tusk|atk|1\n|-boost|p1a: Fart Tusk|def|1\n|move|p2a: Landorus|Bulk Up|p2a: Landorus\n|-boost|p2a: Landorus|atk|1\n|-boost|p2a: Landorus|def|1\n|\n|upkeep\n|turn|4\n|\n|t:|1700273950\n|move|p1a: Fart Tusk|Rapid Spin|p2a: Landorus\n|-damage|p2a: Landorus|80\/100\n|-boost|p1a: Fart Tusk|spe|1\n|-sideend|p1: GamerSwag1337|Stealth Rock|[from] move: Rapid Spin|[of] p1a: Fart Tusk\n|move|p2a: Landorus|Bulk Up|p2a: Landorus\n|-boost|p2a: Landorus|atk|1\n|-boost|p2a: Landorus|def|1\n|\n|-heal|p2a: Landorus|86\/100|[from] item: Leftovers\n|upkeep\n|turn|5\n|\n|t:|1700273959\n|move|p1a: Fart Tusk|Earthquake|p2a: Landorus\n|-damage|p2a: Landorus|44\/100\n|move|p2a: Landorus|Bulk Up|p2a: Landorus\n|-boost|p2a: Landorus|atk|1\n|-boost|p2a: Landorus|def|1\n|\n|-heal|p2a: Landorus|50\/100|[from] item: Leftovers\n|upkeep\n|turn|6\n|\n|t:|1700273966\n|move|p1a: Fart Tusk|Bulk Up|p1a: Fart Tusk\n|-boost|p1a: Fart Tusk|atk|1\n|-boost|p1a: Fart Tusk|def|1\n|move|p2a: Landorus|Earthquake|p1a: Fart Tusk\n|-damage|p1a: Fart Tusk|70\/100\n|\n|-heal|p2a: Landorus|57\/100|[from] item: Leftovers\n|upkeep\n|turn|7\n|\n|t:|1700273973\n|move|p1a: Fart Tusk|Knock Off|p2a: Landorus\n|-crit|p2a: Landorus\n|-damage|p2a: Landorus|0 fnt\n|-enditem|p2a: Landorus|Leftovers|[from] move: Knock Off|[of] p1a: Fart Tusk\n|faint|p2a: Landorus\n|\n|upkeep\n|\n|t:|1700273978\n|switch|p2a: Walking Wake|Walking Wake|100\/100\n|turn|8\n|\n|t:|1700273985\n|move|p1a: Fart Tusk|Earthquake|p2a: Walking Wake\n|-damage|p2a: Walking Wake|0 fnt\n|faint|p2a: Walking Wake\n|-end|p2a: Walking Wake|Protosynthesis|[silent]\n|\n|upkeep\n|-message|deetznutzzzz forfeited.\n|\n|win|GamerSwag1337\n|raw|GamerSwag1337's rating: 1225 &rarr; <strong>1250<\/strong><br \/>(+25 for winning)\n|raw|deetznutzzzz's rating: 1230 &rarr; <strong>1205<\/strong><br \/>(-25 for losing)\n|l|\u203ddeetznutzzzz\n","uploadtime":1700274000,"views":17,"p1id":"gamerswag1337","p2id":"deetznutzzzz","formatid":"gen9ou","rating":1205,"private":0,"password":""}