{"id":"gen9ou-1996814053","p1":"Chabbott918","p2":"nathanie","format":"[Gen 9] OU","log":"|j|\u2606Chabbott918\n|j|\u2606nathanie\n|t:|1700729636\n|gametype|singles\n|player|p1|Chabbott918|raifort|1506\n|player|p2|nathanie|169|1517\n|teamsize|p1|6\n|teamsize|p2|6\n|gen|9\n|tier|[Gen 9] OU\n|rated|\n|rule|Sleep Clause Mod: Limit one foe put to sleep\n|rule|Species Clause: Limit one of each Pok\u00e9mon\n|rule|OHKO Clause: OHKO moves are banned\n|rule|Evasion Items Clause: Evasion items are banned\n|rule|Evasion Moves Clause: Evasion moves are banned\n|rule|Endless Battle Clause: Forcing endless battles is banned\n|rule|HP Percentage Mod: HP is shown in percentages\n|clearpoke\n|poke|p1|Cresselia, F|\n|poke|p1|Iron Valiant|\n|poke|p1|Garganacl, M|\n|poke|p1|Landorus-Therian, M|\n|poke|p1|Greninja-*, M|\n|poke|p1|Maushold-Four|\n|poke|p2|Clefable, F|\n|poke|p2|Great Tusk|\n|poke|p2|Rillaboom, M|\n|poke|p2|Dragonite, F|\n|poke|p2|Greninja-*, M|\n|poke|p2|Iron Moth|\n|teampreview\n|\n|t:|1700729651\n|start\n|switch|p1a: Landorus|Landorus-Therian, M, shiny|100\/100\n|switch|p2a: Clefable|Clefable, F|100\/100\n|-ability|p1a: Landorus|Intimidate|boost\n|-unboost|p2a: Clefable|atk|1\n|turn|1\n|\n|t:|1700729658\n|move|p1a: Landorus|Stealth Rock|p2a: Clefable\n|-sidestart|p2: nathanie|move: Stealth Rock\n|move|p2a: Clefable|Stealth Rock|p1a: Landorus\n|-sidestart|p1: Chabbott918|move: Stealth Rock\n|\n|upkeep\n|turn|2\n|\n|t:|1700729661\n|move|p1a: Landorus|U-turn|p2a: Clefable\n|-resisted|p2a: Clefable\n|-damage|p2a: Clefable|92\/100\n|\n|t:|1700729664\n|switch|p1a: Garganacl|Garganacl, M|100\/100|[from] U-turn\n|-damage|p1a: Garganacl|88\/100|[from] Stealth Rock\n|move|p2a: Clefable|Moonblast|p1a: Garganacl\n|-damage|p1a: Garganacl|67\/100\n|\n|-heal|p2a: Clefable|98\/100|[from] item: Leftovers\n|-heal|p1a: Garganacl|73\/100|[from] item: Leftovers\n|upkeep\n|turn|3\n|\n|t:|1700729668\n|move|p2a: Clefable|Focus Blast|p1a: Garganacl\n|-supereffective|p1a: Garganacl\n|-damage|p1a: Garganacl|36\/100\n|-unboost|p1a: Garganacl|spd|1\n|move|p1a: Garganacl|Salt Cure|p2a: Clefable\n|-damage|p2a: Clefable|88\/100\n|-start|p2a: Clefable|Salt Cure\n|\n|-heal|p2a: Clefable|94\/100|[from] item: Leftovers\n|-heal|p1a: Garganacl|42\/100|[from] item: Leftovers\n|upkeep\n|turn|4\n|\n|t:|1700729683\n|switch|p1a: Cresselia|Cresselia, F, shiny|100\/100\n|-damage|p1a: Cresselia|88\/100|[from] Stealth Rock\n|move|p2a: Clefable|Focus Blast|p1a: Cresselia\n|-resisted|p1a: Cresselia\n|-damage|p1a: Cresselia|80\/100\n|\n|-heal|p2a: Clefable|99\/100|[from] item: Leftovers\n|upkeep\n|turn|5\n|\n|t:|1700729693\n|switch|p2a: Rillaboom|Rillaboom, M|100\/100\n|-damage|p2a: Rillaboom|88\/100|[from] Stealth Rock\n|-fieldstart|move: Grassy Terrain|[from] ability: Grassy Surge|[of] p2a: Rillaboom\n|move|p1a: Cresselia|Calm Mind|p1a: Cresselia\n|-boost|p1a: Cresselia|spa|1\n|-boost|p1a: Cresselia|spd|1\n|\n|-heal|p2a: Rillaboom|94\/100|[from] Grassy Terrain\n|upkeep\n|turn|6\n|\n|t:|1700729704\n|-terastallize|p1a: Cresselia|Poison\n|move|p2a: Rillaboom|Knock Off|p1a: Cresselia\n|-damage|p1a: Cresselia|51\/100\n|-enditem|p1a: Cresselia|Covert Cloak|[from] move: Knock Off|[of] p2a: Rillaboom\n|move|p1a: Cresselia|Calm Mind|p1a: Cresselia\n|-boost|p1a: Cresselia|spa|1\n|-boost|p1a: Cresselia|spd|1\n|\n|-heal|p2a: Rillaboom|100\/100|[from] Grassy Terrain\n|upkeep\n|turn|7\n|\n|t:|1700729714\n|switch|p2a: Dragonite|Dragonite, F|100\/100\n|move|p1a: Cresselia|Moonlight|p1a: Cresselia\n|-heal|p1a: Cresselia|100\/100\n|\n|upkeep\n|turn|8\n|\n|t:|1700729720\n|move|p2a: Dragonite|Dragon Dance|p2a: Dragonite\n|-boost|p2a: Dragonite|atk|1\n|-boost|p2a: Dragonite|spe|1\n|move|p1a: Cresselia|Moonblast|p2a: Dragonite\n|-supereffective|p2a: Dragonite\n|-damage|p2a: Dragonite|64\/100\n|-unboost|p2a: Dragonite|spa|1\n|\n|upkeep\n|turn|9\n|\n|t:|1700729731\n|-terastallize|p2a: Dragonite|Normal\n|move|p2a: Dragonite|Extreme Speed|p1a: Cresselia\n|-damage|p1a: Cresselia|62\/100\n|move|p1a: Cresselia|Stored Power|p2a: Dragonite\n|-damage|p2a: Dragonite|4\/100\n|\n|-heal|p2a: Dragonite|10\/100|[from] Grassy Terrain\n|-fieldend|move: Grassy Terrain\n|upkeep\n|turn|10\n|\n|t:|1700729740\n|move|p2a: Dragonite|Dragon Dance|p2a: Dragonite\n|-boost|p2a: Dragonite|atk|1\n|-boost|p2a: Dragonite|spe|1\n|move|p1a: Cresselia|Stored Power|p2a: Dragonite\n|-damage|p2a: Dragonite|0 fnt\n|faint|p2a: Dragonite\n|\n|upkeep\n|\n|t:|1700729761\n|switch|p2a: Iron Moth|Iron Moth|100\/100\n|-damage|p2a: Iron Moth|76\/100|[from] Stealth Rock\n|-enditem|p2a: Iron Moth|Booster Energy\n|-activate|p2a: Iron Moth|ability: Quark Drive|[fromitem]\n|-start|p2a: Iron Moth|quarkdrivespe\n|turn|11\n|\n|t:|1700729767\n|move|p2a: Iron Moth|Fiery Dance|p1a: Cresselia\n|-damage|p1a: Cresselia|49\/100\n|move|p1a: Cresselia|Stored Power|p2a: Iron Moth\n|-supereffective|p2a: Iron Moth\n|-damage|p2a: Iron Moth|0 fnt\n|faint|p2a: Iron Moth\n|-end|p2a: Iron Moth|Quark Drive|[silent]\n|\n|upkeep\n|\n|t:|1700729771\n|switch|p2a: Greninja|Greninja, M|100\/100\n|-damage|p2a: Greninja|88\/100|[from] Stealth Rock\n|turn|12\n|\n|t:|1700729777\n|move|p2a: Greninja|Dark Pulse|p1a: Cresselia\n|-damage|p1a: Cresselia|38\/100\n|cant|p1a: Cresselia|flinch\n|\n|upkeep\n|turn|13\n|\n|t:|1700729783\n|move|p2a: Greninja|Dark Pulse|p1a: Cresselia\n|-damage|p1a: Cresselia|26\/100\n|cant|p1a: Cresselia|flinch\n|\n|upkeep\n|turn|14\n|\n|t:|1700729790\n|move|p2a: Greninja|Dark Pulse|p1a: Cresselia\n|-damage|p1a: Cresselia|14\/100\n|move|p1a: Cresselia|Moonlight|p1a: Cresselia\n|-heal|p1a: Cresselia|64\/100\n|\n|upkeep\n|turn|15\n|\n|t:|1700729796\n|move|p2a: Greninja|Hydro Pump|p1a: Cresselia|[miss]\n|-miss|p2a: Greninja|p1a: Cresselia\n|move|p1a: Cresselia|Moonblast|p2a: Greninja\n|-supereffective|p2a: Greninja\n|-crit|p2a: Greninja\n|-damage|p2a: Greninja|0 fnt\n|faint|p2a: Greninja\n|\n|upkeep\n|\n|t:|1700729802\n|switch|p2a: Rillaboom|Rillaboom, M|100\/100\n|-damage|p2a: Rillaboom|88\/100|[from] Stealth Rock\n|-fieldstart|move: Grassy Terrain|[from] ability: Grassy Surge|[of] p2a: Rillaboom\n|turn|16\n|\n|t:|1700729807\n|move|p2a: Rillaboom|Wood Hammer|p1a: Cresselia\n|-resisted|p1a: Cresselia\n|-damage|p1a: Cresselia|30\/100\n|-damage|p2a: Rillaboom|74\/100|[from] Recoil\n|move|p1a: Cresselia|Stored Power|p2a: Rillaboom\n|-damage|p2a: Rillaboom|7\/100\n|\n|-heal|p2a: Rillaboom|13\/100|[from] Grassy Terrain\n|upkeep\n|turn|17\n|inactive|Battle timer is ON: inactive players will automatically lose when time's up. (requested by nathanie)\n|\n|t:|1700729817\n|switch|p1a: Landorus|Landorus-Therian, M, shiny|100\/100\n|-damage|p1a: Landorus|88\/100|[from] Stealth Rock\n|-ability|p1a: Landorus|Intimidate|boost\n|-unboost|p2a: Rillaboom|atk|1\n|move|p2a: Rillaboom|Wood Hammer|p1a: Landorus\n|-damage|p1a: Landorus|20\/100\n|-damage|p2a: Rillaboom|0 fnt|[from] item: Rocky Helmet|[of] p1a: Landorus\n|faint|p2a: Rillaboom\n|\n|upkeep\n|\n|t:|1700729832\n|switch|p2a: Great Tusk|Great Tusk|100\/100\n|-damage|p2a: Great Tusk|98\/100|[from] Stealth Rock\n|-enditem|p2a: Great Tusk|Booster Energy\n|-activate|p2a: Great Tusk|ability: Protosynthesis|[fromitem]\n|-start|p2a: Great Tusk|protosynthesisspe\n|turn|18\n|\n|t:|1700729849\n|move|p2a: Great Tusk|Bulk Up|p2a: Great Tusk\n|-boost|p2a: Great Tusk|atk|1\n|-boost|p2a: Great Tusk|def|1\n|move|p1a: Landorus|U-turn|p2a: Great Tusk\n|-resisted|p2a: Great Tusk\n|-damage|p2a: Great Tusk|93\/100\n|\n|t:|1700729854\n|switch|p1a: Iron Valiant|Iron Valiant|100\/100|[from] U-turn\n|-damage|p1a: Iron Valiant|94\/100|[from] Stealth Rock\n|-enditem|p1a: Iron Valiant|Booster Energy\n|-activate|p1a: Iron Valiant|ability: Quark Drive|[fromitem]\n|-start|p1a: Iron Valiant|quarkdrivespe\n|\n|-heal|p1a: Iron Valiant|100\/100|[from] Grassy Terrain\n|-heal|p2a: Great Tusk|99\/100|[from] Grassy Terrain\n|upkeep\n|turn|19\n|\n|t:|1700729868\n|move|p1a: Iron Valiant|Encore|p2a: Great Tusk\n|-start|p2a: Great Tusk|Encore\n|move|p2a: Great Tusk|Bulk Up|p2a: Great Tusk\n|-boost|p2a: Great Tusk|atk|1\n|-boost|p2a: Great Tusk|def|1\n|\n|-heal|p2a: Great Tusk|100\/100|[from] Grassy Terrain\n|upkeep\n|turn|20\n|\n|t:|1700729873\n|move|p1a: Iron Valiant|Calm Mind|p1a: Iron Valiant\n|-boost|p1a: Iron Valiant|spa|1\n|-boost|p1a: Iron Valiant|spd|1\n|move|p2a: Great Tusk|Bulk Up|p2a: Great Tusk\n|-boost|p2a: Great Tusk|atk|1\n|-boost|p2a: Great Tusk|def|1\n|\n|-fieldend|move: Grassy Terrain\n|upkeep\n|turn|21\n|\n|t:|1700729876\n|move|p1a: Iron Valiant|Calm Mind|p1a: Iron Valiant\n|-boost|p1a: Iron Valiant|spa|1\n|-boost|p1a: Iron Valiant|spd|1\n|move|p2a: Great Tusk|Bulk Up|p2a: Great Tusk\n|-boost|p2a: Great Tusk|atk|1\n|-boost|p2a: Great Tusk|def|1\n|\n|-end|p2a: Great Tusk|Encore\n|upkeep\n|turn|22\n|\n|t:|1700729879\n|move|p1a: Iron Valiant|Encore|p2a: Great Tusk\n|-start|p2a: Great Tusk|Encore\n|move|p2a: Great Tusk|Bulk Up|p2a: Great Tusk\n|-boost|p2a: Great Tusk|atk|1\n|-boost|p2a: Great Tusk|def|1\n|\n|upkeep\n|turn|23\n|\n|t:|1700729883\n|-end|p2a: Great Tusk|Protosynthesis|[silent]\n|switch|p2a: Clefable|Clefable, F|99\/100\n|move|p1a: Iron Valiant|Calm Mind|p1a: Iron Valiant\n|-boost|p1a: Iron Valiant|spa|1\n|-boost|p1a: Iron Valiant|spd|1\n|\n|-heal|p2a: Clefable|100\/100|[from] item: Leftovers\n|upkeep\n|turn|24\n|-message|nathanie forfeited.\n|\n|win|Chabbott918\n|raw|Chabbott918's rating: 1506 &rarr; <strong>1527<\/strong><br \/>(+21 for winning)\n|raw|nathanie's rating: 1517 &rarr; <strong>1496<\/strong><br \/>(-21 for losing)\n|l|\u2606nathanie\n","uploadtime":1700729895,"views":6,"p1id":"chabbott918","p2id":"nathanie","formatid":"gen9ou","rating":1496,"private":0,"password":""}