{"id":"gen9ou-1994502806","p1":"Cranberru22","p2":"younggunnumb","format":"[Gen 9] OU","log":"|j|\u2606Cranberru22\n|j|\u2606younggunnumb\n|t:|1700451574\n|gametype|singles\n|player|p1|Cranberru22|265|1075\n|player|p2|younggunnumb|102|1118\n|teamsize|p1|6\n|teamsize|p2|6\n|gen|9\n|tier|[Gen 9] OU\n|rated|\n|rule|Sleep Clause Mod: Limit one foe put to sleep\n|rule|Species Clause: Limit one of each Pok\u00e9mon\n|rule|OHKO Clause: OHKO moves are banned\n|rule|Evasion Items Clause: Evasion items are banned\n|rule|Evasion Moves Clause: Evasion moves are banned\n|rule|Endless Battle Clause: Forcing endless battles is banned\n|rule|HP Percentage Mod: HP is shown in percentages\n|clearpoke\n|poke|p1|Maushold|\n|poke|p1|Toxapex, F|\n|poke|p1|Blissey, F|\n|poke|p1|Salazzle, F|\n|poke|p1|Toedscruel, F|\n|poke|p1|Enamorus-Therian, F|\n|poke|p2|Dragapult, F|\n|poke|p2|Greninja-*, M|\n|poke|p2|Sneasler, F|\n|poke|p2|Zamazenta-*|\n|poke|p2|Blissey, F|\n|poke|p2|Great Tusk|\n|teampreview\n|\n|t:|1700451588\n|start\n|switch|p1a: Unpoisonable?|Salazzle, F|100\/100\n|switch|p2a: Great Tusk|Great Tusk|100\/100\n|turn|1\n|\n|t:|1700451599\n|-terastallize|p1a: Unpoisonable?|Flying\n|move|p1a: Unpoisonable?|Toxic|p2a: Great Tusk\n|-status|p2a: Great Tusk|tox\n|move|p2a: Great Tusk|Knock Off|p1a: Unpoisonable?\n|-damage|p1a: Unpoisonable?|42\/100\n|-enditem|p1a: Unpoisonable?|Heavy-Duty Boots|[from] move: Knock Off|[of] p2a: Great Tusk\n|\n|-damage|p2a: Great Tusk|94\/100 tox|[from] psn\n|upkeep\n|turn|2\n|\n|t:|1700451614\n|move|p1a: Unpoisonable?|Sludge Bomb|p2a: Great Tusk\n|-resisted|p2a: Great Tusk\n|-crit|p2a: Great Tusk\n|-damage|p2a: Great Tusk|54\/100 tox\n|move|p2a: Great Tusk|Stealth Rock|p1a: Unpoisonable?\n|-sidestart|p1: Cranberru22|move: Stealth Rock\n|\n|-damage|p2a: Great Tusk|41\/100 tox|[from] psn\n|upkeep\n|turn|3\n|\n|t:|1700451627\n|-end|p2a: Great Tusk|Protosynthesis|[silent]\n|switch|p2a: Blissey|Blissey, F|100\/100\n|move|p1a: Unpoisonable?|Sludge Bomb|p2a: Blissey\n|-damage|p2a: Blissey|85\/100\n|\n|upkeep\n|turn|4\n|\n|t:|1700451638\n|move|p1a: Unpoisonable?|Toxic|p2a: Blissey\n|-status|p2a: Blissey|tox\n|move|p2a: Blissey|Seismic Toss|p1a: Unpoisonable?\n|-damage|p1a: Unpoisonable?|6\/100\n|\n|-damage|p2a: Blissey|79\/100 tox|[from] psn\n|upkeep\n|turn|5\n|\n|t:|1700451646\n|switch|p1a: Divorcehold|Maushold|100\/100\n|-damage|p1a: Divorcehold|88\/100|[from] Stealth Rock\n|move|p2a: Blissey|Seismic Toss|p1a: Divorcehold\n|-damage|p1a: Divorcehold|60\/100\n|\n|-damage|p2a: Blissey|67\/100 tox|[from] psn\n|upkeep\n|turn|6\n|\n|t:|1700451656\n|-curestatus|p2a: Blissey|tox|[from] ability: Natural Cure\n|switch|p2a: Great Tusk|Great Tusk|41\/100 tox\n|move|p1a: Divorcehold|Tidy Up|p1a: Divorcehold\n|-sideend|p1: Cranberru22|Stealth Rock\n|-activate|p1a: Divorcehold|move: Tidy Up\n|-boost|p1a: Divorcehold|atk|1\n|-boost|p1a: Divorcehold|spe|1\n|\n|-damage|p2a: Great Tusk|35\/100 tox|[from] psn\n|upkeep\n|turn|7\n|\n|t:|1700451671\n|move|p1a: Divorcehold|U-turn|p2a: Great Tusk\n|-resisted|p2a: Great Tusk\n|-damage|p2a: Great Tusk|30\/100 tox\n|-damage|p1a: Divorcehold|43\/100|[from] item: Rocky Helmet|[of] p2a: Great Tusk\n|\n|t:|1700451673\n|switch|p1a: Unpoisonable?|Salazzle, F, tera:Flying|6\/100|[from] U-turn\n|move|p2a: Great Tusk|Knock Off|p1a: Unpoisonable?\n|-damage|p1a: Unpoisonable?|0 fnt\n|faint|p1a: Unpoisonable?\n|\n|-damage|p2a: Great Tusk|18\/100 tox|[from] psn\n|upkeep\n|\n|t:|1700451683\n|switch|p1a: Divorcehold|Maushold|43\/100\n|turn|8\n|\n|t:|1700451689\n|move|p1a: Divorcehold|U-turn|p2a: Great Tusk\n|-resisted|p2a: Great Tusk\n|-damage|p2a: Great Tusk|15\/100 tox\n|-damage|p1a: Divorcehold|27\/100|[from] item: Rocky Helmet|[of] p2a: Great Tusk\n|\n|t:|1700451700\n|switch|p1a: Fuck off dengo|Toedscruel, F|100\/100|[from] U-turn\n|move|p2a: Great Tusk|Stealth Rock|p1a: Fuck off dengo\n|-sidestart|p1: Cranberru22|move: Stealth Rock\n|\n|-damage|p2a: Great Tusk|0 fnt|[from] psn\n|faint|p2a: Great Tusk\n|-end|p2a: Great Tusk|Protosynthesis|[silent]\n|upkeep\n|\n|t:|1700451717\n|switch|p2a: Sneasler|Sneasler, F|100\/100\n|turn|9\n|inactive|Battle timer is ON: inactive players will automatically lose when time's up. (requested by Cranberru22)\n|\n|t:|1700451720\n|move|p2a: Sneasler|Dire Claw|p1a: Fuck off dengo\n|-damage|p1a: Fuck off dengo|37\/100\n|-status|p1a: Fuck off dengo|psn\n|move|p1a: Fuck off dengo|Earth Power|p2a: Sneasler\n|-supereffective|p2a: Sneasler\n|-damage|p2a: Sneasler|9\/100\n|\n|-damage|p1a: Fuck off dengo|25\/100 psn|[from] psn\n|upkeep\n|turn|10\n|\n|t:|1700451732\n|move|p2a: Sneasler|Dire Claw|p1a: Fuck off dengo\n|-damage|p1a: Fuck off dengo|0 fnt\n|faint|p1a: Fuck off dengo\n|\n|upkeep\n|\n|t:|1700451736\n|switch|p1a: Divorcehold|Maushold|27\/100\n|-damage|p1a: Divorcehold|14\/100|[from] Stealth Rock\n|-enditem|p1a: Divorcehold|Aguav Berry|[eat]\n|-heal|p1a: Divorcehold|48\/100|[from] item: Aguav Berry\n|-heal|p1a: Divorcehold|81\/100|[from] ability: Cheek Pouch\n|turn|11\n|\n|t:|1700451746\n|switch|p1a: Pandemic|Toxapex, F|100\/100\n|-damage|p1a: Pandemic|88\/100|[from] Stealth Rock\n|move|p2a: Sneasler|Close Combat|p1a: Pandemic\n|-resisted|p1a: Pandemic\n|-damage|p1a: Pandemic|67\/100\n|-unboost|p2a: Sneasler|def|1\n|-unboost|p2a: Sneasler|spd|1\n|\n|-heal|p1a: Pandemic|74\/100|[from] item: Leftovers\n|upkeep\n|turn|12\n|\n|t:|1700451767\n|switch|p2a: Blissey|Blissey, F|67\/100\n|move|p1a: Pandemic|Infestation|p2a: Blissey\n|-damage|p2a: Blissey|66\/100\n|-activate|p2a: Blissey|move: Infestation|[of] p1a: Pandemic\n|\n|-heal|p1a: Pandemic|80\/100|[from] item: Leftovers\n|-damage|p2a: Blissey|53\/100|[from] move: Infestation|[partiallytrapped]\n|upkeep\n|turn|13\n|\n|t:|1700451778\n|move|p2a: Blissey|Soft-Boiled|p2a: Blissey\n|-heal|p2a: Blissey|100\/100\n|move|p1a: Pandemic|Toxic|p2a: Blissey\n|-status|p2a: Blissey|tox\n|\n|-heal|p1a: Pandemic|86\/100|[from] item: Leftovers\n|-damage|p2a: Blissey|94\/100 tox|[from] psn\n|-damage|p2a: Blissey|82\/100 tox|[from] move: Infestation|[partiallytrapped]\n|upkeep\n|turn|14\n|\n|t:|1700451792\n|move|p2a: Blissey|Seismic Toss|p1a: Pandemic\n|-damage|p1a: Pandemic|53\/100\n|move|p1a: Pandemic|Infestation|p2a: Blissey\n|-damage|p2a: Blissey|81\/100 tox\n|\n|-heal|p1a: Pandemic|59\/100|[from] item: Leftovers\n|-damage|p2a: Blissey|68\/100 tox|[from] psn\n|-damage|p2a: Blissey|56\/100 tox|[from] move: Infestation|[partiallytrapped]\n|upkeep\n|turn|15\n|\n|t:|1700451801\n|move|p2a: Blissey|Thunder Wave|p1a: Pandemic|[miss]\n|-miss|p2a: Blissey|p1a: Pandemic\n|move|p1a: Pandemic|Recover|p1a: Pandemic\n|-heal|p1a: Pandemic|100\/100\n|\n|-damage|p2a: Blissey|37\/100 tox|[from] psn\n|-damage|p2a: Blissey|25\/100 tox|[from] move: Infestation|[partiallytrapped]\n|upkeep\n|turn|16\n|\n|t:|1700451814\n|switch|p1a: I hate this|Blissey, F|100\/100\n|-damage|p1a: I hate this|88\/100|[from] Stealth Rock\n|move|p2a: Blissey|Thunder Wave|p1a: I hate this\n|-status|p1a: I hate this|par\n|\n|-heal|p1a: I hate this|94\/100 par|[from] item: Leftovers\n|-damage|p2a: Blissey|0 fnt|[from] psn\n|faint|p2a: Blissey\n|upkeep\n|\n|t:|1700451839\n|switch|p2a: Greninja|Greninja, M|100\/100\n|turn|17\n|\n|t:|1700451846\n|move|p2a: Greninja|U-turn|p1a: I hate this\n|-start|p2a: Greninja|typechange|Bug|[from] ability: Protean\n|-damage|p1a: I hate this|32\/100 par\n|\n|t:|1700451853\n|switch|p2a: Sneasler|Sneasler, F|9\/100|[from] U-turn\n|move|p1a: I hate this|Heal Bell|p1a: I hate this\n|-activate|p1a: I hate this|move: Heal Bell\n|-curestatus|p1a: I hate this|par|[msg]\n|\n|-heal|p1a: I hate this|39\/100|[from] item: Leftovers\n|upkeep\n|turn|18\n|\n|t:|1700451864\n|move|p2a: Sneasler|Close Combat|p1a: I hate this\n|-supereffective|p1a: I hate this\n|-crit|p1a: I hate this\n|-damage|p1a: I hate this|0 fnt\n|-unboost|p2a: Sneasler|def|1\n|-unboost|p2a: Sneasler|spd|1\n|faint|p1a: I hate this\n|\n|upkeep\n|\n|t:|1700451866\n|switch|p1a: Divorcehold|Maushold|81\/100\n|-damage|p1a: Divorcehold|69\/100|[from] Stealth Rock\n|turn|19\n|\n|t:|1700451882\n|move|p1a: Divorcehold|Tidy Up|p1a: Divorcehold\n|-sideend|p1: Cranberru22|Stealth Rock\n|-activate|p1a: Divorcehold|move: Tidy Up\n|-boost|p1a: Divorcehold|atk|1\n|-boost|p1a: Divorcehold|spe|1\n|move|p2a: Sneasler|Close Combat|p1a: Divorcehold\n|-supereffective|p1a: Divorcehold\n|-damage|p1a: Divorcehold|0 fnt\n|-unboost|p2a: Sneasler|def|1\n|-unboost|p2a: Sneasler|spd|1\n|faint|p1a: Divorcehold\n|\n|upkeep\n|\n|t:|1700451887\n|switch|p1a: Pandemic|Toxapex, F|100\/100\n|turn|20\n|\n|t:|1700451895\n|move|p2a: Sneasler|Fling|p1a: Pandemic\n|-damage|p1a: Pandemic|72\/100\n|-enditem|p2a: Sneasler|Big Nugget|[from] move: Fling\n|move|p1a: Pandemic|Infestation|p2a: Sneasler\n|-resisted|p2a: Sneasler\n|-damage|p2a: Sneasler|7\/100\n|-activate|p2a: Sneasler|move: Infestation|[of] p1a: Pandemic\n|\n|-heal|p1a: Pandemic|78\/100|[from] item: Leftovers\n|-damage|p2a: Sneasler|0 fnt|[from] move: Infestation|[partiallytrapped]\n|faint|p2a: Sneasler\n|upkeep\n|inactive|younggunnumb has 120 seconds left.\n|\n|t:|1700451932\n|switch|p2a: Dragapult|Dragapult, F|100\/100\n|turn|21\n|inactive|younggunnumb has 120 seconds left.\n|\n|t:|1700451937\n|move|p2a: Dragapult|Dragon Dance|p2a: Dragapult\n|-boost|p2a: Dragapult|atk|1\n|-boost|p2a: Dragapult|spe|1\n|move|p1a: Pandemic|Toxic|p2a: Dragapult\n|-status|p2a: Dragapult|tox\n|\n|-heal|p1a: Pandemic|84\/100|[from] item: Leftovers\n|-damage|p2a: Dragapult|95\/100 tox|[from] psn\n|upkeep\n|turn|22\n|inactive|younggunnumb has 120 seconds left.\n|\n|t:|1700451949\n|move|p1a: Pandemic|Baneful Bunker|p1a: Pandemic\n|-singleturn|p1a: Pandemic|move: Protect\n|move|p2a: Dragapult|Dragon Darts|p1a: Pandemic\n|-activate|p1a: Pandemic|move: Protect\n|\n|-heal|p1a: Pandemic|90\/100|[from] item: Leftovers\n|-damage|p2a: Dragapult|83\/100 tox|[from] psn\n|upkeep\n|turn|23\n|\n|t:|1700451956\n|move|p2a: Dragapult|Dragon Darts|p1a: Pandemic\n|-damage|p1a: Pandemic|61\/100\n|-anim|p2a: Dragapult|Dragon Darts|p1a: Pandemic\n|-damage|p1a: Pandemic|28\/100\n|-damage|p2a: Dragapult|73\/100 tox|[from] item: Life Orb\n|move|p1a: Pandemic|Recover|p1a: Pandemic\n|-heal|p1a: Pandemic|78\/100\n|\n|-heal|p1a: Pandemic|84\/100|[from] item: Leftovers\n|-damage|p2a: Dragapult|55\/100 tox|[from] psn\n|upkeep\n|turn|24\n|\n|t:|1700451967\n|move|p2a: Dragapult|Dragon Dance|p2a: Dragapult\n|-boost|p2a: Dragapult|atk|1\n|-boost|p2a: Dragapult|spe|1\n|move|p1a: Pandemic|Infestation|p2a: Dragapult\n|-resisted|p2a: Dragapult\n|-damage|p2a: Dragapult|53\/100 tox\n|-activate|p2a: Dragapult|move: Infestation|[of] p1a: Pandemic\n|\n|-heal|p1a: Pandemic|91\/100|[from] item: Leftovers\n|-damage|p2a: Dragapult|29\/100 tox|[from] psn\n|-damage|p2a: Dragapult|17\/100 tox|[from] move: Infestation|[partiallytrapped]\n|upkeep\n|turn|25\n|inactive|younggunnumb has 120 seconds left.\n|\n|t:|1700451984\n|switch|p2a: Zamazenta|Zamazenta|100\/100\n|-ability|p2a: Zamazenta|Dauntless Shield|boost\n|-boost|p2a: Zamazenta|def|1\n|move|p1a: Pandemic|Baneful Bunker||[still]\n|-fail|p1a: Pandemic\n|\n|-heal|p1a: Pandemic|97\/100|[from] item: Leftovers\n|upkeep\n|turn|26\n|inactive|younggunnumb has 120 seconds left.\n|\n|t:|1700452003\n|-terastallize|p2a: Zamazenta|Steel\n|move|p2a: Zamazenta|Crunch|p1a: Pandemic\n|-damage|p1a: Pandemic|80\/100\n|move|p1a: Pandemic|Toxic|p2a: Zamazenta\n|-immune|p2a: Zamazenta\n|\n|-heal|p1a: Pandemic|86\/100|[from] item: Leftovers\n|upkeep\n|turn|27\n|inactive|younggunnumb has 120 seconds left.\n|\n|t:|1700452012\n|move|p2a: Zamazenta|Crunch|p1a: Pandemic\n|-damage|p1a: Pandemic|71\/100\n|-unboost|p1a: Pandemic|def|1\n|move|p1a: Pandemic|Infestation|p2a: Zamazenta\n|-resisted|p2a: Zamazenta\n|-damage|p2a: Zamazenta|99\/100\n|-activate|p2a: Zamazenta|move: Infestation|[of] p1a: Pandemic\n|\n|-heal|p1a: Pandemic|77\/100|[from] item: Leftovers\n|-damage|p2a: Zamazenta|87\/100|[from] move: Infestation|[partiallytrapped]\n|upkeep\n|turn|28\n|inactive|younggunnumb has 120 seconds left.\n|\n|t:|1700452023\n|move|p1a: Pandemic|Baneful Bunker|p1a: Pandemic\n|-singleturn|p1a: Pandemic|move: Protect\n|move|p2a: Zamazenta|Heavy Slam|p1a: Pandemic\n|-activate|p1a: Pandemic|move: Protect\n|\n|-heal|p1a: Pandemic|84\/100|[from] item: Leftovers\n|-damage|p2a: Zamazenta|75\/100|[from] move: Infestation|[partiallytrapped]\n|upkeep\n|turn|29\n|inactive|younggunnumb has 120 seconds left.\n|\n|t:|1700452060\n|move|p2a: Zamazenta|Crunch|p1a: Pandemic\n|-damage|p1a: Pandemic|59\/100\n|move|p1a: Pandemic|Infestation|p2a: Zamazenta\n|-resisted|p2a: Zamazenta\n|-damage|p2a: Zamazenta|74\/100\n|\n|-heal|p1a: Pandemic|65\/100|[from] item: Leftovers\n|-damage|p2a: Zamazenta|62\/100|[from] move: Infestation|[partiallytrapped]\n|upkeep\n|turn|30\n|\n|t:|1700452069\n|move|p2a: Zamazenta|Crunch|p1a: Pandemic\n|-damage|p1a: Pandemic|42\/100\n|move|p1a: Pandemic|Recover|p1a: Pandemic\n|-heal|p1a: Pandemic|92\/100\n|\n|-heal|p1a: Pandemic|98\/100|[from] item: Leftovers\n|-damage|p2a: Zamazenta|49\/100|[from] move: Infestation|[partiallytrapped]\n|upkeep\n|turn|31\n|\n|t:|1700452082\n|move|p1a: Pandemic|Baneful Bunker|p1a: Pandemic\n|-singleturn|p1a: Pandemic|move: Protect\n|move|p2a: Zamazenta|Crunch|p1a: Pandemic\n|-activate|p1a: Pandemic|move: Protect\n|\n|-heal|p1a: Pandemic|100\/100|[from] item: Leftovers\n|-damage|p2a: Zamazenta|37\/100|[from] move: Infestation|[partiallytrapped]\n|upkeep\n|turn|32\n|\n|t:|1700452095\n|move|p2a: Zamazenta|Crunch|p1a: Pandemic\n|-crit|p1a: Pandemic\n|-damage|p1a: Pandemic|68\/100\n|move|p1a: Pandemic|Recover|p1a: Pandemic\n|-heal|p1a: Pandemic|100\/100\n|\n|-end|p2a: Zamazenta|Infestation|[partiallytrapped]\n|upkeep\n|turn|33\n|\n|t:|1700452107\n|move|p2a: Zamazenta|Crunch|p1a: Pandemic\n|-damage|p1a: Pandemic|75\/100\n|move|p1a: Pandemic|Infestation|p2a: Zamazenta\n|-resisted|p2a: Zamazenta\n|-damage|p2a: Zamazenta|36\/100\n|-activate|p2a: Zamazenta|move: Infestation|[of] p1a: Pandemic\n|\n|-heal|p1a: Pandemic|82\/100|[from] item: Leftovers\n|-damage|p2a: Zamazenta|24\/100|[from] move: Infestation|[partiallytrapped]\n|upkeep\n|turn|34\n|\n|t:|1700452116\n|move|p1a: Pandemic|Baneful Bunker|p1a: Pandemic\n|-singleturn|p1a: Pandemic|move: Protect\n|move|p2a: Zamazenta|Crunch|p1a: Pandemic\n|-activate|p1a: Pandemic|move: Protect\n|\n|-heal|p1a: Pandemic|88\/100|[from] item: Leftovers\n|-damage|p2a: Zamazenta|12\/100|[from] move: Infestation|[partiallytrapped]\n|upkeep\n|turn|35\n|\n|t:|1700452124\n|move|p2a: Zamazenta|Crunch|p1a: Pandemic\n|-damage|p1a: Pandemic|66\/100\n|move|p1a: Pandemic|Recover|p1a: Pandemic\n|-heal|p1a: Pandemic|100\/100\n|\n|-damage|p2a: Zamazenta|0 fnt|[from] move: Infestation|[partiallytrapped]\n|faint|p2a: Zamazenta\n|upkeep\n|\n|t:|1700452145\n|switch|p2a: Dragapult|Dragapult, F|17\/100 tox\n|turn|36\n|\n|t:|1700452150\n|move|p2a: Dragapult|Dragon Darts|p1a: Pandemic\n|-damage|p1a: Pandemic|71\/100\n|-anim|p2a: Dragapult|Dragon Darts|p1a: Pandemic\n|-damage|p1a: Pandemic|41\/100\n|-damage|p2a: Dragapult|7\/100 tox|[from] item: Life Orb\n|move|p1a: Pandemic|Recover|p1a: Pandemic\n|-heal|p1a: Pandemic|91\/100\n|\n|-heal|p1a: Pandemic|98\/100|[from] item: Leftovers\n|-damage|p2a: Dragapult|1\/100 tox|[from] psn\n|upkeep\n|turn|37\n|\n|t:|1700452165\n|move|p1a: Pandemic|Baneful Bunker|p1a: Pandemic\n|-singleturn|p1a: Pandemic|move: Protect\n|move|p2a: Dragapult|Dragon Darts|p1a: Pandemic\n|-activate|p1a: Pandemic|move: Protect\n|\n|-heal|p1a: Pandemic|100\/100|[from] item: Leftovers\n|-damage|p2a: Dragapult|0 fnt|[from] psn\n|faint|p2a: Dragapult\n|upkeep\n|-message|younggunnumb forfeited.\n|\n|win|Cranberru22\n|raw|Cranberru22's rating: 1075 &rarr; <strong>1107<\/strong><br \/>(+32 for winning)\n|raw|younggunnumb's rating: 1118 &rarr; <strong>1090<\/strong><br \/>(-28 for losing)\n|l|\u2606younggunnumb\n","uploadtime":1700452175,"views":25,"p1id":"cranberru22","p2id":"younggunnumb","formatid":"gen9ou","rating":1090,"private":0,"password":""}