{"id":"gen9ou-1995367881","p1":"Xelnage2006","p2":"takingnoteskinda","format":"[Gen 9] OU","log":"|j|\u2606Xelnage2006\n|j|\u2606takingnoteskinda\n|t:|1700560931\n|gametype|singles\n|player|p1|Xelnage2006|giovanni|1372\n|player|p2|takingnoteskinda|170|1428\n|teamsize|p1|6\n|teamsize|p2|6\n|gen|9\n|tier|[Gen 9] OU\n|rated|\n|rule|Sleep Clause Mod: Limit one foe put to sleep\n|rule|Species Clause: Limit one of each Pok\u00e9mon\n|rule|OHKO Clause: OHKO moves are banned\n|rule|Evasion Items Clause: Evasion items are banned\n|rule|Evasion Moves Clause: Evasion moves are banned\n|rule|Endless Battle Clause: Forcing endless battles is banned\n|rule|HP Percentage Mod: HP is shown in percentages\n|clearpoke\n|poke|p1|Dragapult, M|\n|poke|p1|Zamazenta-*|\n|poke|p1|Iron Moth|\n|poke|p1|Glimmora, F|\n|poke|p1|Corviknight, M|\n|poke|p1|Hatterene, F|\n|poke|p2|Torkoal, F|\n|poke|p2|Walking Wake|\n|poke|p2|Great Tusk|\n|poke|p2|Kingambit, F|\n|poke|p2|Brute Bonnet|\n|poke|p2|Cinderace, M|\n|teampreview\n|inactive|Battle timer is ON: inactive players will automatically lose when time's up. (requested by Xelnage2006)\n|\n|t:|1700560959\n|start\n|switch|p1a: Glimmora|Glimmora, F, shiny|100\/100\n|switch|p2a: Torkoal|Torkoal, F|100\/100\n|-weather|SunnyDay|[from] ability: Drought|[of] p2a: Torkoal\n|turn|1\n|inactive|takingnoteskinda has 120 seconds left.\n|\n|t:|1700561001\n|switch|p2a: Great Tusk|Great Tusk|100\/100\n|-activate|p2a: Great Tusk|ability: Protosynthesis\n|-start|p2a: Great Tusk|protosynthesisatk\n|move|p1a: Glimmora|Earth Power|p2a: Great Tusk\n|-damage|p2a: Great Tusk|50\/100\n|\n|-weather|SunnyDay|[upkeep]\n|-heal|p2a: Great Tusk|56\/100|[from] item: Leftovers\n|upkeep\n|turn|2\n|\n|t:|1700561016\n|move|p2a: Great Tusk|Earthquake|p1a: Glimmora\n|-supereffective|p1a: Glimmora\n|-enditem|p1a: Glimmora|Focus Sash\n|-damage|p1a: Glimmora|1\/100\n|-activate|p1a: Glimmora|ability: Toxic Debris\n|-sidestart|p2: takingnoteskinda|move: Toxic Spikes\n|move|p1a: Glimmora|Earth Power|p2a: Great Tusk\n|-damage|p2a: Great Tusk|0 fnt\n|faint|p2a: Great Tusk\n|-end|p2a: Great Tusk|Protosynthesis|[silent]\n|\n|-weather|SunnyDay|[upkeep]\n|upkeep\n|inactive|takingnoteskinda has 120 seconds left.\n|\n|t:|1700561051\n|switch|p2a: Torkoal|Torkoal, F|100\/100\n|-status|p2a: Torkoal|psn\n|turn|3\n|\n|t:|1700561055\n|-terastallize|p2a: Torkoal|Flying\n|move|p1a: Glimmora|Stealth Rock|p2a: Torkoal\n|-sidestart|p2: takingnoteskinda|move: Stealth Rock\n|move|p2a: Torkoal|Rapid Spin|p1a: Glimmora\n|-resisted|p1a: Glimmora\n|-damage|p1a: Glimmora|0 fnt\n|-boost|p2a: Torkoal|spe|1\n|-activate|p1a: Glimmora|ability: Toxic Debris\n|-sidestart|p2: takingnoteskinda|move: Toxic Spikes\n|-sideend|p2: takingnoteskinda|Toxic Spikes|[from] move: Rapid Spin|[of] p2a: Torkoal\n|-sideend|p2: takingnoteskinda|Stealth Rock|[from] move: Rapid Spin|[of] p2a: Torkoal\n|faint|p1a: Glimmora\n|\n|-weather|SunnyDay|[upkeep]\n|-damage|p2a: Torkoal|88\/100 psn|[from] psn\n|upkeep\n|\n|t:|1700561067\n|switch|p1a: Iron Moth|Iron Moth, shiny|100\/100\n|-enditem|p1a: Iron Moth|Booster Energy\n|-activate|p1a: Iron Moth|ability: Quark Drive|[fromitem]\n|-start|p1a: Iron Moth|quarkdrivespe\n|turn|4\n|\n|t:|1700561082\n|switch|p2a: Walking Wake|Walking Wake|100\/100\n|-activate|p2a: Walking Wake|ability: Protosynthesis\n|-start|p2a: Walking Wake|protosynthesisspe\n|move|p1a: Iron Moth|Fiery Dance|p2a: Walking Wake\n|-resisted|p2a: Walking Wake\n|-damage|p2a: Walking Wake|83\/100\n|\n|-weather|SunnyDay|[upkeep]\n|upkeep\n|turn|5\n|\n|t:|1700561091\n|move|p1a: Iron Moth|Substitute|p1a: Iron Moth\n|-start|p1a: Iron Moth|Substitute\n|-damage|p1a: Iron Moth|76\/100\n|move|p2a: Walking Wake|Hydro Steam|p1a: Iron Moth\n|-supereffective|p1a: Iron Moth\n|-end|p1a: Iron Moth|Substitute\n|\n|-weather|SunnyDay|[upkeep]\n|upkeep\n|turn|6\n|\n|t:|1700561103\n|move|p1a: Iron Moth|Sludge Wave|p2a: Walking Wake\n|-damage|p2a: Walking Wake|31\/100\n|move|p2a: Walking Wake|Hydro Steam|p1a: Iron Moth\n|-supereffective|p1a: Iron Moth\n|-damage|p1a: Iron Moth|0 fnt\n|faint|p1a: Iron Moth\n|-end|p1a: Iron Moth|Quark Drive|[silent]\n|\n|-weather|SunnyDay|[upkeep]\n|upkeep\n|\n|t:|1700561111\n|switch|p1a: Hatterene|Hatterene, F, shiny|100\/100\n|turn|7\n|\n|t:|1700561116\n|-end|p2a: Walking Wake|Protosynthesis|[silent]\n|switch|p2a: Cinderace|Cinderace, M|100\/100\n|move|p1a: Hatterene|Nuzzle|p2a: Cinderace\n|-damage|p2a: Cinderace|94\/100\n|-status|p2a: Cinderace|par\n|\n|-weather|SunnyDay|[upkeep]\n|upkeep\n|turn|8\n|\n|t:|1700561123\n|switch|p1a: Zamazenta|Zamazenta|100\/100\n|-ability|p1a: Zamazenta|Dauntless Shield|boost\n|-boost|p1a: Zamazenta|def|1\n|move|p2a: Cinderace|Pyro Ball|p1a: Zamazenta\n|-damage|p1a: Zamazenta|51\/100\n|\n|-weather|none\n|-heal|p1a: Zamazenta|57\/100|[from] item: Leftovers\n|upkeep\n|turn|9\n|\n|t:|1700561129\n|switch|p2a: Torkoal|Torkoal, F, tera:Flying|88\/100 psn\n|-weather|SunnyDay|[from] ability: Drought|[of] p2a: Torkoal\n|move|p1a: Zamazenta|Iron Defense|p1a: Zamazenta\n|-boost|p1a: Zamazenta|def|2\n|\n|-weather|SunnyDay|[upkeep]\n|-heal|p1a: Zamazenta|64\/100|[from] item: Leftovers\n|-damage|p2a: Torkoal|76\/100 psn|[from] psn\n|upkeep\n|turn|10\n|\n|t:|1700561143\n|move|p1a: Zamazenta|Substitute|p1a: Zamazenta\n|-start|p1a: Zamazenta|Substitute\n|-damage|p1a: Zamazenta|39\/100\n|move|p2a: Torkoal|Yawn||[still]\n|-fail|p2a: Torkoal\n|\n|-weather|SunnyDay|[upkeep]\n|-heal|p1a: Zamazenta|45\/100|[from] item: Leftovers\n|-damage|p2a: Torkoal|64\/100 psn|[from] psn\n|upkeep\n|turn|11\n|\n|t:|1700561152\n|move|p1a: Zamazenta|Crunch|p2a: Torkoal\n|-damage|p2a: Torkoal|47\/100 psn\n|move|p2a: Torkoal|Lava Plume|p1a: Zamazenta\n|-end|p1a: Zamazenta|Substitute\n|\n|-weather|SunnyDay|[upkeep]\n|-heal|p1a: Zamazenta|51\/100|[from] item: Leftovers\n|-damage|p2a: Torkoal|35\/100 psn|[from] psn\n|upkeep\n|turn|12\n|\n|t:|1700561161\n|move|p1a: Zamazenta|Substitute|p1a: Zamazenta\n|-start|p1a: Zamazenta|Substitute\n|-damage|p1a: Zamazenta|26\/100\n|move|p2a: Torkoal|Lava Plume|p1a: Zamazenta\n|-end|p1a: Zamazenta|Substitute\n|\n|-weather|SunnyDay|[upkeep]\n|-heal|p1a: Zamazenta|32\/100|[from] item: Leftovers\n|-damage|p2a: Torkoal|23\/100 psn|[from] psn\n|upkeep\n|turn|13\n|\n|t:|1700561172\n|move|p1a: Zamazenta|Substitute|p1a: Zamazenta\n|-start|p1a: Zamazenta|Substitute\n|-damage|p1a: Zamazenta|7\/100\n|move|p2a: Torkoal|Lava Plume|p1a: Zamazenta\n|-end|p1a: Zamazenta|Substitute\n|\n|-weather|SunnyDay|[upkeep]\n|-heal|p1a: Zamazenta|13\/100|[from] item: Leftovers\n|-damage|p2a: Torkoal|10\/100 psn|[from] psn\n|upkeep\n|turn|14\n|\n|t:|1700561190\n|switch|p2a: Kingambit|Kingambit, F|100\/100\n|-activate|p2a: Kingambit|ability: Supreme Overlord\n|-start|p2a: Kingambit|fallen1|[silent]\n|-item|p2a: Kingambit|Air Balloon\n|move|p1a: Zamazenta|Crunch|p2a: Kingambit\n|-resisted|p2a: Kingambit\n|-damage|p2a: Kingambit|89\/100\n|-enditem|p2a: Kingambit|Air Balloon\n|\n|-weather|SunnyDay|[upkeep]\n|-heal|p1a: Zamazenta|20\/100|[from] item: Leftovers\n|upkeep\n|turn|15\n|\n|t:|1700561200\n|move|p1a: Zamazenta|Iron Defense|p1a: Zamazenta\n|-boost|p1a: Zamazenta|def|2\n|move|p2a: Kingambit|Iron Head|p1a: Zamazenta\n|-damage|p1a: Zamazenta|6\/100\n|\n|-weather|SunnyDay|[upkeep]\n|-heal|p1a: Zamazenta|12\/100|[from] item: Leftovers\n|upkeep\n|turn|16\n|\n|t:|1700561216\n|move|p1a: Zamazenta|Body Press|p2a: Kingambit\n|-supereffective|p2a: Kingambit\n|-damage|p2a: Kingambit|0 fnt\n|faint|p2a: Kingambit\n|-end|p2a: Kingambit|fallen1|[silent]\n|\n|-weather|none\n|-heal|p1a: Zamazenta|18\/100|[from] item: Leftovers\n|upkeep\n|\n|t:|1700561218\n|switch|p2a: Walking Wake|Walking Wake|31\/100\n|turn|17\n|\n|t:|1700561233\n|move|p1a: Zamazenta|Body Press|p2a: Walking Wake\n|-damage|p2a: Walking Wake|0 fnt\n|faint|p2a: Walking Wake\n|-end|p2a: Walking Wake|Protosynthesis|[silent]\n|\n|-heal|p1a: Zamazenta|24\/100|[from] item: Leftovers\n|upkeep\n|c|\u2606takingnoteskinda|oh\n|c|\u2606takingnoteskinda|lol\n|\n|t:|1700561260\n|switch|p2a: Torkoal|Torkoal, F, tera:Flying|10\/100 psn\n|-weather|SunnyDay|[from] ability: Drought|[of] p2a: Torkoal\n|turn|18\n|\n|t:|1700561270\n|move|p1a: Zamazenta|Crunch|p2a: Torkoal\n|-damage|p2a: Torkoal|0 fnt\n|faint|p2a: Torkoal\n|\n|-weather|SunnyDay|[upkeep]\n|-heal|p1a: Zamazenta|30\/100|[from] item: Leftovers\n|upkeep\n|c|\u2606Xelnage2006|bruh\n|-message|takingnoteskinda forfeited.\n|\n|win|Xelnage2006\n|raw|Xelnage2006's rating: 1372 &rarr; <strong>1396<\/strong><br \/>(+24 for winning)\n|raw|takingnoteskinda's rating: 1449 &rarr; <strong>1425<\/strong><br \/>(-24 for losing)\n|l|\u2606takingnoteskinda\n","uploadtime":1700561285,"views":1,"p1id":"xelnage2006","p2id":"takingnoteskinda","formatid":"gen9ou","rating":1396,"private":0,"password":""}