{"id":"gen9ou-1998307070","p1":"Pressure is Cool","p2":"NeoZ Pigeon","format":"[Gen 9] OU","log":"|j|\u2606Pressure is Cool\n|j|\u2606NeoZ Pigeon\n|t:|1700927455\n|gametype|singles\n|player|p1|Pressure is Cool|pokemonbreeder-gen4|1328\n|player|p2|NeoZ Pigeon|101|1352\n|teamsize|p1|6\n|teamsize|p2|6\n|gen|9\n|tier|[Gen 9] OU\n|rated|\n|rule|Sleep Clause Mod: Limit one foe put to sleep\n|rule|Species Clause: Limit one of each Pok\u00e9mon\n|rule|OHKO Clause: OHKO moves are banned\n|rule|Evasion Items Clause: Evasion items are banned\n|rule|Evasion Moves Clause: Evasion moves are banned\n|rule|Endless Battle Clause: Forcing endless battles is banned\n|rule|HP Percentage Mod: HP is shown in percentages\n|clearpoke\n|poke|p1|Overqwil, M|\n|poke|p1|Empoleon, F|\n|poke|p1|Zapdos|\n|poke|p1|Walking Wake|\n|poke|p1|Tornadus-Therian, M|\n|poke|p1|Great Tusk|\n|poke|p2|Blissey, F|\n|poke|p2|Hatterene, F|\n|poke|p2|Walking Wake|\n|poke|p2|Samurott-Hisui, F|\n|poke|p2|Gholdengo|\n|poke|p2|Great Tusk|\n|teampreview\n|inactive|Battle timer is ON: inactive players will automatically lose when time's up. (requested by Pressure is Cool)\n|\n|t:|1700927461\n|start\n|switch|p1a: Overqwil|Overqwil, M|100\/100\n|switch|p2a: Samurott|Samurott-Hisui, F, shiny|100\/100\n|-ability|p1a: Overqwil|Intimidate|boost\n|-unboost|p2a: Samurott|atk|1\n|turn|1\n|\n|t:|1700927468\n|move|p2a: Samurott|Sacred Sword|p1a: Overqwil\n|-damage|p1a: Overqwil|77\/100\n|move|p1a: Overqwil|Toxic|p2a: Samurott\n|-status|p2a: Samurott|tox\n|\n|-heal|p1a: Overqwil|83\/100|[from] item: Leftovers\n|-damage|p2a: Samurott|94\/100 tox|[from] psn\n|upkeep\n|turn|2\n|\n|t:|1700927476\n|switch|p2a: Hatterene|Hatterene, F|100\/100\n|move|p1a: Overqwil|Barb Barrage|p2a: Hatterene\n|-supereffective|p2a: Hatterene\n|-damage|p2a: Hatterene|64\/100\n|\n|-heal|p1a: Overqwil|90\/100|[from] item: Leftovers\n|-heal|p2a: Hatterene|70\/100|[from] item: Leftovers\n|upkeep\n|turn|3\n|\n|t:|1700927483\n|switch|p2a: Gholdengo|Gholdengo|100\/100\n|move|p1a: Overqwil|Barb Barrage|p2a: Gholdengo\n|-immune|p2a: Gholdengo\n|\n|-heal|p1a: Overqwil|96\/100|[from] item: Leftovers\n|upkeep\n|turn|4\n|\n|t:|1700927490\n|switch|p1a: Empoleon|Empoleon, F|100\/100\n|move|p2a: Gholdengo|Make It Rain|p1a: Empoleon\n|-resisted|p1a: Empoleon\n|-damage|p1a: Empoleon|90\/100\n|-unboost|p2a: Gholdengo|spa|1\n|\n|-heal|p1a: Empoleon|96\/100|[from] item: Leftovers\n|upkeep\n|turn|5\n|\n|t:|1700927496\n|switch|p2a: Samurott|Samurott-Hisui, F, shiny|94\/100 tox\n|move|p1a: Empoleon|Flip Turn|p2a: Samurott\n|-resisted|p2a: Samurott\n|-damage|p2a: Samurott|82\/100 tox\n|\n|t:|1700927498\n|switch|p1a: Overqwil|Overqwil, M|96\/100|[from] Flip Turn\n|-ability|p1a: Overqwil|Intimidate|boost\n|-unboost|p2a: Samurott|atk|1\n|\n|-heal|p1a: Overqwil|100\/100|[from] item: Leftovers\n|-damage|p2a: Samurott|76\/100 tox|[from] psn\n|upkeep\n|turn|6\n|\n|t:|1700927501\n|move|p2a: Samurott|Flip Turn|p1a: Overqwil\n|-damage|p1a: Overqwil|85\/100\n|\n|t:|1700927506\n|switch|p2a: Great Tusk|Great Tusk|100\/100|[from] Flip Turn\n|move|p1a: Overqwil|Spikes|p2a: Great Tusk\n|-sidestart|p2: NeoZ Pigeon|Spikes\n|\n|-heal|p1a: Overqwil|91\/100|[from] item: Leftovers\n|upkeep\n|turn|7\n|\n|t:|1700927510\n|switch|p1a: Zapdos|Zapdos|100\/100\n|move|p2a: Great Tusk|Rapid Spin|p1a: Zapdos\n|-damage|p1a: Zapdos|90\/100\n|-boost|p2a: Great Tusk|spe|1\n|-sideend|p2: NeoZ Pigeon|Spikes|[from] move: Rapid Spin|[of] p2a: Great Tusk\n|\n|upkeep\n|turn|8\n|\n|t:|1700927519\n|-end|p2a: Great Tusk|Protosynthesis|[silent]\n|switch|p2a: Blissey|Blissey, F, shiny|100\/100\n|move|p1a: Zapdos|Hurricane|p2a: Blissey\n|-damage|p2a: Blissey|87\/100\n|-start|p2a: Blissey|confusion\n|\n|-heal|p2a: Blissey|94\/100|[from] item: Leftovers\n|upkeep\n|turn|9\n|\n|t:|1700927541\n|move|p1a: Zapdos|Volt Switch|p2a: Blissey\n|-damage|p2a: Blissey|86\/100\n|\n|t:|1700927545\n|switch|p1a: Empoleon|Empoleon, F|96\/100|[from] Volt Switch\n|-activate|p2a: Blissey|confusion\n|-damage|p2a: Blissey|84\/100|[from] confusion\n|\n|-heal|p2a: Blissey|90\/100|[from] item: Leftovers\n|-heal|p1a: Empoleon|100\/100|[from] item: Leftovers\n|upkeep\n|turn|10\n|\n|t:|1700927553\n|-activate|p2a: Blissey|confusion\n|-damage|p2a: Blissey|88\/100|[from] confusion\n|move|p1a: Empoleon|Knock Off|p2a: Blissey\n|-crit|p2a: Blissey\n|-damage|p2a: Blissey|30\/100\n|-enditem|p2a: Blissey|Leftovers|[from] move: Knock Off|[of] p1a: Empoleon\n|\n|upkeep\n|turn|11\n|\n|t:|1700927557\n|-activate|p2a: Blissey|confusion\n|-damage|p2a: Blissey|28\/100|[from] confusion\n|move|p1a: Empoleon|Flip Turn|p2a: Blissey\n|-damage|p2a: Blissey|0 fnt\n|faint|p2a: Blissey\n|c|\u2606Pressure is Cool|I\u2019m sorry\n|\n|t:|1700927581\n|switch|p1a: Zapdos|Zapdos|90\/100|[from] Flip Turn\n|\n|upkeep\n|\n|t:|1700927588\n|switch|p2a: Samurott|Samurott-Hisui, F, shiny|76\/100 tox\n|turn|12\n|\n|t:|1700927592\n|move|p2a: Samurott|Ceaseless Edge|p1a: Zapdos|[miss]\n|-miss|p2a: Samurott|p1a: Zapdos\n|move|p1a: Zapdos|Volt Switch|p2a: Samurott\n|-supereffective|p2a: Samurott\n|-damage|p2a: Samurott|0 fnt\n|faint|p2a: Samurott\n|-message|NeoZ Pigeon forfeited.\n|\n|win|Pressure is Cool\n|raw|Pressure is Cool's rating: 1328 &rarr; <strong>1349<\/strong><br \/>(+21 for winning)\n|raw|NeoZ Pigeon's rating: 1352 &rarr; <strong>1331<\/strong><br \/>(-21 for losing)\n|l|\u2606NeoZ Pigeon\n","uploadtime":1700927608,"views":19,"p1id":"pressureiscool","p2id":"neozpigeon","formatid":"gen9ou","rating":1331,"private":0,"password":""}