{"id":"gen9ou-1988804724","p1":"whowasinparis11","p2":"Rocketboss09","format":"[Gen 9] OU","log":"|j|\u2606whowasinparis11\n|j|\u2606Rocketboss09\n|t:|1699765606\n|gametype|singles\n|player|p1|whowasinparis11|ghetsis|1536\n|player|p2|Rocketboss09|dawn|1546\n|teamsize|p1|6\n|teamsize|p2|6\n|gen|9\n|tier|[Gen 9] OU\n|rated|\n|rule|Sleep Clause Mod: Limit one foe put to sleep\n|rule|Species Clause: Limit one of each Pok\u00e9mon\n|rule|OHKO Clause: OHKO moves are banned\n|rule|Evasion Items Clause: Evasion items are banned\n|rule|Evasion Moves Clause: Evasion moves are banned\n|rule|Endless Battle Clause: Forcing endless battles is banned\n|rule|HP Percentage Mod: HP is shown in percentages\n|clearpoke\n|poke|p1|Heatran, M|\n|poke|p1|Hatterene, F|\n|poke|p1|Ursaluna, M|\n|poke|p1|Sneasler, F|\n|poke|p1|Rillaboom, F|\n|poke|p1|Iron Valiant|\n|poke|p2|Umbreon, M|\n|poke|p2|Quaquaval, M|\n|poke|p2|Glimmora, M|\n|poke|p2|Gyarados, M|\n|poke|p2|Dragonite, M|\n|poke|p2|Hoopa-Unbound|\n|teampreview\n|\n|t:|1699765626\n|start\n|switch|p1a: Rillaboom|Rillaboom, F|100\/100\n|switch|p2a: Glimmora|Glimmora, M|100\/100\n|-fieldstart|move: Grassy Terrain|[from] ability: Grassy Surge|[of] p1a: Rillaboom\n|turn|1\n|\n|t:|1699765635\n|switch|p1a: Hatterene|Hatterene, F|100\/100\n|move|p2a: Glimmora|Sludge Wave|p1a: Hatterene\n|-supereffective|p1a: Hatterene\n|-enditem|p1a: Hatterene|Focus Sash\n|-damage|p1a: Hatterene|1\/100\n|\n|-heal|p1a: Hatterene|7\/100|[from] Grassy Terrain\n|upkeep\n|turn|2\n|\n|t:|1699765656\n|switch|p1a: Heatran|Heatran, M|100\/100\n|-item|p1a: Heatran|Air Balloon\n|move|p2a: Glimmora|Earth Power|p1a: Heatran\n|-immune|p1a: Heatran\n|\n|upkeep\n|turn|3\n|\n|t:|1699765665\n|move|p1a: Heatran|Earth Power|p2a: Glimmora\n|-supereffective|p2a: Glimmora\n|-crit|p2a: Glimmora\n|-enditem|p2a: Glimmora|Focus Sash\n|-damage|p2a: Glimmora|1\/100\n|move|p2a: Glimmora|Power Gem|p1a: Heatran\n|-damage|p1a: Heatran|52\/100\n|-enditem|p1a: Heatran|Air Balloon\n|\n|-heal|p1a: Heatran|58\/100|[from] Grassy Terrain\n|-heal|p2a: Glimmora|7\/100|[from] Grassy Terrain\n|upkeep\n|turn|4\n|inactive|Battle timer is ON: inactive players will automatically lose when time's up. (requested by whowasinparis11)\n|\n|t:|1699765684\n|switch|p2a: Gyarados|Gyarados, M, shiny|100\/100\n|move|p1a: Heatran|Earth Power|p2a: Gyarados\n|-immune|p2a: Gyarados\n|\n|-heal|p1a: Heatran|65\/100|[from] Grassy Terrain\n|upkeep\n|turn|5\n|\n|t:|1699765694\n|switch|p1a: Rillaboom|Rillaboom, F|100\/100\n|move|p2a: Gyarados|Dragon Dance|p2a: Gyarados\n|-boost|p2a: Gyarados|atk|1\n|-boost|p2a: Gyarados|spe|1\n|\n|-fieldend|move: Grassy Terrain\n|upkeep\n|turn|6\n|inactive|whowasinparis11 has 120 seconds left.\n|inactive|whowasinparis11 has 90 seconds left.\n|inactive|whowasinparis11 has 60 seconds left.\n|\n|t:|1699765790\n|move|p2a: Gyarados|Ice Fang|p1a: Rillaboom\n|-supereffective|p1a: Rillaboom\n|-damage|p1a: Rillaboom|34\/100\n|move|p1a: Rillaboom|U-turn|p2a: Gyarados\n|-resisted|p2a: Gyarados\n|-damage|p2a: Gyarados|83\/100\n|\n|t:|1699765818\n|switch|p1a: Hatterene|Hatterene, F|7\/100|[from] U-turn\n|\n|upkeep\n|turn|7\n|\n|t:|1699765840\n|move|p2a: Gyarados|Waterfall|p1a: Hatterene\n|-damage|p1a: Hatterene|0 fnt\n|faint|p1a: Hatterene\n|-ability|p2a: Gyarados|Moxie|boost\n|-boost|p2a: Gyarados|atk|1\n|\n|upkeep\n|\n|t:|1699765843\n|switch|p1a: Ursaluna|Ursaluna, M|100\/100\n|turn|8\n|\n|t:|1699765849\n|move|p2a: Gyarados|Waterfall|p1a: Ursaluna\n|-supereffective|p1a: Ursaluna\n|-damage|p1a: Ursaluna|0 fnt\n|faint|p1a: Ursaluna\n|-ability|p2a: Gyarados|Moxie|boost\n|-boost|p2a: Gyarados|atk|1\n|\n|upkeep\n|\n|t:|1699765853\n|switch|p1a: Rillaboom|Rillaboom, F|34\/100\n|-fieldstart|move: Grassy Terrain|[from] ability: Grassy Surge|[of] p1a: Rillaboom\n|turn|9\n|inactive|whowasinparis11 has 60 seconds left.\n|\n|t:|1699765858\n|move|p1a: Rillaboom|Grassy Glide|p2a: Gyarados\n|-damage|p2a: Gyarados|28\/100\n|move|p2a: Gyarados|Ice Fang|p1a: Rillaboom\n|-supereffective|p1a: Rillaboom\n|-damage|p1a: Rillaboom|0 fnt\n|faint|p1a: Rillaboom\n|-ability|p2a: Gyarados|Moxie|boost\n|-boost|p2a: Gyarados|atk|1\n|\n|upkeep\n|\n|t:|1699765861\n|switch|p1a: Iron Valiant|Iron Valiant|100\/100\n|-enditem|p1a: Iron Valiant|Booster Energy\n|-activate|p1a: Iron Valiant|ability: Quark Drive|[fromitem]\n|-start|p1a: Iron Valiant|quarkdrivespa\n|turn|10\n|\n|t:|1699765874\n|move|p1a: Iron Valiant|Vacuum Wave|p2a: Gyarados\n|-resisted|p2a: Gyarados\n|-damage|p2a: Gyarados|14\/100\n|move|p2a: Gyarados|Waterfall|p1a: Iron Valiant\n|-damage|p1a: Iron Valiant|0 fnt\n|faint|p1a: Iron Valiant\n|-end|p1a: Iron Valiant|Quark Drive|[silent]\n|-ability|p2a: Gyarados|Moxie|boost\n|-boost|p2a: Gyarados|atk|1\n|\n|upkeep\n|-message|whowasinparis11 forfeited.\n|\n|win|Rocketboss09\n|raw|whowasinparis11's rating: 1536 &rarr; <strong>1517<\/strong><br \/>(-19 for losing)\n|raw|Rocketboss09's rating: 1546 &rarr; <strong>1565<\/strong><br \/>(+19 for winning)\n","uploadtime":1699765888,"views":10,"p1id":"whowasinparis11","p2id":"rocketboss09","formatid":"gen9ou","rating":1517,"private":0,"password":""}