{"id":"gen9ou-1989929448","p1":"Rulicar","p2":"el meu","format":"[Gen 9] OU","log":"|j|\u2606Rulicar\n|j|\u2606el meu\n|t:|1699907616\n|gametype|singles\n|player|p1|Rulicar|169|\n|player|p2|el meu|unknownf|\n|teamsize|p1|6\n|teamsize|p2|6\n|gen|9\n|tier|[Gen 9] OU\n|rule|Sleep Clause Mod: Limit one foe put to sleep\n|rule|Species Clause: Limit one of each Pok\u00e9mon\n|rule|OHKO Clause: OHKO moves are banned\n|rule|Evasion Items Clause: Evasion items are banned\n|rule|Evasion Moves Clause: Evasion moves are banned\n|rule|Endless Battle Clause: Forcing endless battles is banned\n|rule|HP Percentage Mod: HP is shown in percentages\n|clearpoke\n|poke|p1|Maushold|\n|poke|p1|Amoonguss, F|\n|poke|p1|Heatran, F|\n|poke|p1|Zapdos|\n|poke|p1|Landorus-Therian, M|\n|poke|p1|Gholdengo|\n|poke|p2|Garganacl, M|\n|poke|p2|Ogerpon-Wellspring, F|\n|poke|p2|Dragapult, F|\n|poke|p2|Enamorus, F|\n|poke|p2|Zapdos|\n|poke|p2|Great Tusk|\n|teampreview\n|c|\u2606el meu|suerteee\n|c|\u2606Rulicar|igualmente\n|\n|t:|1699907700\n|start\n|switch|p1a: Landorus|Landorus-Therian, M|100\/100\n|switch|p2a: Great Tusk|Great Tusk|100\/100\n|-ability|p1a: Landorus|Intimidate|boost\n|-unboost|p2a: Great Tusk|atk|1\n|-enditem|p2a: Great Tusk|Booster Energy\n|-activate|p2a: Great Tusk|ability: Protosynthesis|[fromitem]\n|-start|p2a: Great Tusk|protosynthesisspe\n|turn|1\n|\n|t:|1699907720\n|move|p2a: Great Tusk|Ice Spinner|p1a: Landorus\n|-supereffective|p1a: Landorus\n|-damage|p1a: Landorus|57\/100\n|-damage|p2a: Great Tusk|84\/100|[from] item: Rocky Helmet|[of] p1a: Landorus\n|move|p1a: Landorus|Grass Knot|p2a: Great Tusk\n|-supereffective|p2a: Great Tusk\n|-damage|p2a: Great Tusk|22\/100\n|\n|upkeep\n|turn|2\n|\n|t:|1699907766\n|-end|p2a: Great Tusk|Protosynthesis|[silent]\n|switch|p2a: Gen 9|Ogerpon-Wellspring, F|100\/100\n|move|p1a: Landorus|Earthquake|p2a: Gen 9\n|-resisted|p2a: Gen 9\n|-damage|p2a: Gen 9|69\/100\n|\n|upkeep\n|turn|3\n|\n|t:|1699907801\n|switch|p1a: Zapdos|Zapdos|100\/100\n|move|p2a: Gen 9|Horn Leech|p1a: Zapdos\n|-resisted|p1a: Zapdos\n|-damage|p1a: Zapdos|75\/100\n|-heal|p2a: Gen 9|84\/100|[from] drain|[of] p1a: Zapdos\n|-status|p2a: Gen 9|par|[from] ability: Static|[of] p1a: Zapdos\n|\n|upkeep\n|turn|4\n|\n|t:|1699907838\n|switch|p2a: Great Tusk|Great Tusk|22\/100\n|move|p1a: Zapdos|Hurricane|p2a: Great Tusk\n|-supereffective|p2a: Great Tusk\n|-damage|p2a: Great Tusk|0 fnt\n|faint|p2a: Great Tusk\n|-end|p2a: Great Tusk|Protosynthesis|[silent]\n|\n|upkeep\n|\n|t:|1699907852\n|switch|p2a: Meu|Garganacl, M|100\/100\n|turn|5\n|\n|t:|1699907877\n|move|p1a: Zapdos|Volt Switch|p2a: Meu\n|-damage|p2a: Meu|75\/100\n|\n|t:|1699907884\n|switch|p1a: Landorus|Landorus-Therian, M|57\/100|[from] Volt Switch\n|-ability|p1a: Landorus|Intimidate|boost\n|-unboost|p2a: Meu|atk|1\n|move|p2a: Meu|Salt Cure|p1a: Landorus\n|-damage|p1a: Landorus|51\/100\n|-start|p1a: Landorus|Salt Cure\n|\n|-heal|p2a: Meu|81\/100|[from] item: Leftovers\n|-damage|p1a: Landorus|39\/100|[from] Salt Cure\n|upkeep\n|turn|6\n|\n|t:|1699907902\n|switch|p2a: y CM|Zapdos|100\/100\n|move|p1a: Landorus|Grass Knot|p2a: y CM\n|-resisted|p2a: y CM\n|-damage|p2a: y CM|91\/100\n|-status|p1a: Landorus|par|[from] ability: Static|[of] p2a: y CM\n|\n|-damage|p1a: Landorus|26\/100 par|[from] Salt Cure\n|upkeep\n|turn|7\n|\n|t:|1699907930\n|move|p2a: y CM|Hurricane|p1a: Landorus\n|-damage|p1a: Landorus|0 fnt\n|faint|p1a: Landorus\n|\n|upkeep\n|\n|t:|1699907960\n|switch|p1a: Heatran|Heatran, F|100\/100\n|turn|8\n|\n|t:|1699907988\n|move|p2a: y CM|Hurricane|p1a: Heatran\n|-resisted|p1a: Heatran\n|-damage|p1a: Heatran|74\/100\n|move|p1a: Heatran|Magma Storm|p2a: y CM\n|-damage|p2a: y CM|39\/100\n|-activate|p2a: y CM|move: Magma Storm|[of] p1a: Heatran\n|\n|-heal|p1a: Heatran|80\/100|[from] item: Leftovers\n|-damage|p2a: y CM|26\/100|[from] move: Magma Storm|[partiallytrapped]\n|upkeep\n|turn|9\n|\n|t:|1699908029\n|move|p1a: Heatran|Protect|p1a: Heatran\n|-singleturn|p1a: Heatran|Protect\n|move|p2a: y CM|Hurricane|p1a: Heatran\n|-activate|p1a: Heatran|move: Protect\n|\n|-heal|p1a: Heatran|86\/100|[from] item: Leftovers\n|-damage|p2a: y CM|14\/100|[from] move: Magma Storm|[partiallytrapped]\n|upkeep\n|turn|10\n|\n|t:|1699908046\n|move|p2a: y CM|Hurricane|p1a: Heatran\n|-resisted|p1a: Heatran\n|-damage|p1a: Heatran|58\/100\n|move|p1a: Heatran|Earth Power|p2a: y CM\n|-immune|p2a: y CM\n|\n|-heal|p1a: Heatran|64\/100|[from] item: Leftovers\n|-damage|p2a: y CM|1\/100|[from] move: Magma Storm|[partiallytrapped]\n|upkeep\n|turn|11\n|\n|t:|1699908055\n|move|p1a: Heatran|Protect|p1a: Heatran\n|-singleturn|p1a: Heatran|Protect\n|move|p2a: y CM|Hurricane|p1a: Heatran\n|-activate|p1a: Heatran|move: Protect\n|\n|-heal|p1a: Heatran|70\/100|[from] item: Leftovers\n|-damage|p2a: y CM|0 fnt|[from] move: Magma Storm|[partiallytrapped]\n|faint|p2a: y CM\n|upkeep\n|\n|t:|1699908068\n|switch|p2a: Gen 9|Ogerpon-Wellspring, F|84\/100 par\n|turn|12\n|\n|t:|1699908089\n|move|p1a: Heatran|Magma Storm|p2a: Gen 9\n|-damage|p2a: Gen 9|33\/100 par\n|-activate|p2a: Gen 9|move: Magma Storm|[of] p1a: Heatran\n|move|p2a: Gen 9|Horn Leech|p1a: Heatran\n|-resisted|p1a: Heatran\n|-damage|p1a: Heatran|61\/100\n|-heal|p2a: Gen 9|38\/100 par|[from] drain|[of] p1a: Heatran\n|\n|-heal|p1a: Heatran|68\/100|[from] item: Leftovers\n|-damage|p2a: Gen 9|26\/100 par|[from] move: Magma Storm|[partiallytrapped]\n|upkeep\n|turn|13\n|c|\u2606el meu|wao que missclick\n|\n|t:|1699908105\n|move|p1a: Heatran|Magma Storm|p2a: Gen 9\n|-damage|p2a: Gen 9|0 fnt\n|faint|p2a: Gen 9\n|\n|-heal|p1a: Heatran|74\/100|[from] item: Leftovers\n|upkeep\n|\n|t:|1699908116\n|switch|p2a: Meu|Garganacl, M|81\/100\n|turn|14\n|\n|t:|1699908127\n|-terastallize|p2a: Meu|Fairy\n|move|p1a: Heatran|Earth Power|p2a: Meu\n|-damage|p2a: Meu|59\/100\n|move|p2a: Meu|Salt Cure|p1a: Heatran\n|-damage|p1a: Heatran|62\/100\n|-start|p1a: Heatran|Salt Cure\n|\n|-heal|p1a: Heatran|68\/100|[from] item: Leftovers\n|-heal|p2a: Meu|66\/100|[from] item: Leftovers\n|-damage|p1a: Heatran|43\/100|[from] Salt Cure\n|upkeep\n|turn|15\n|\n|t:|1699908149\n|move|p2a: Meu|Protect|p2a: Meu\n|-singleturn|p2a: Meu|Protect\n|move|p1a: Heatran|Magma Storm|p2a: Meu\n|-activate|p2a: Meu|move: Protect\n|\n|-heal|p1a: Heatran|49\/100|[from] item: Leftovers\n|-heal|p2a: Meu|72\/100|[from] item: Leftovers\n|-damage|p1a: Heatran|25\/100|[from] Salt Cure\n|upkeep\n|turn|16\n|\n|t:|1699908171\n|move|p1a: Heatran|Magma Storm|p2a: Meu\n|-damage|p2a: Meu|36\/100\n|-activate|p2a: Meu|move: Magma Storm|[of] p1a: Heatran\n|move|p2a: Meu|Recover|p2a: Meu\n|-heal|p2a: Meu|86\/100\n|\n|-heal|p1a: Heatran|31\/100|[from] item: Leftovers\n|-heal|p2a: Meu|92\/100|[from] item: Leftovers\n|-damage|p1a: Heatran|6\/100|[from] Salt Cure\n|-damage|p2a: Meu|80\/100|[from] move: Magma Storm|[partiallytrapped]\n|upkeep\n|turn|17\n|\n|t:|1699908187\n|switch|p1a: Amoonguss|Amoonguss, F|100\/100\n|move|p2a: Meu|Protect||[still]\n|-fail|p2a: Meu\n|\n|-heal|p2a: Meu|86\/100|[from] item: Leftovers\n|-end|p2a: Meu|Magma Storm|[partiallytrapped]|[silent]\n|upkeep\n|turn|18\n|\n|t:|1699908203\n|move|p2a: Meu|Salt Cure|p1a: Amoonguss\n|-damage|p1a: Amoonguss|90\/100\n|-start|p1a: Amoonguss|Salt Cure\n|-enditem|p1a: Amoonguss|Red Card|[of] p2a: Meu\n|drag|p2a: Ganador|Enamorus, F|100\/100\n|move|p1a: Amoonguss|Spore|p2a: Ganador\n|-status|p2a: Ganador|slp|[from] move: Spore\n|\n|-damage|p1a: Amoonguss|78\/100|[from] Salt Cure\n|upkeep\n|turn|19\n|\n|t:|1699908223\n|switch|p1a: Maushold|Maushold|100\/100\n|cant|p2a: Ganador|slp\n|\n|upkeep\n|turn|20\n|\n|t:|1699908244\n|move|p1a: Maushold|Tidy Up|p1a: Maushold\n|-boost|p1a: Maushold|atk|1\n|-boost|p1a: Maushold|spe|1\n|cant|p2a: Ganador|slp\n|\n|upkeep\n|turn|21\n|\n|t:|1699908262\n|move|p1a: Maushold|Population Bomb|p2a: Ganador\n|-damage|p2a: Ganador|75\/100 slp\n|-damage|p2a: Ganador|51\/100 slp\n|-damage|p2a: Ganador|25\/100 slp\n|-damage|p2a: Ganador|0 fnt\n|faint|p2a: Ganador\n|-hitcount|p2: Ganador|4\n|\n|upkeep\n|\n|t:|1699908282\n|switch|p2a: PML|Dragapult, F|100\/100\n|turn|22\n|\n|t:|1699908299\n|move|p1a: Maushold|Bite|p2a: PML\n|-supereffective|p2a: PML\n|-damage|p2a: PML|15\/100\n|cant|p2a: PML|flinch\n|\n|upkeep\n|turn|23\n|\n|t:|1699908305\n|move|p2a: PML|Sucker Punch|p1a: Maushold\n|-damage|p1a: Maushold|57\/100\n|-damage|p2a: PML|5\/100|[from] item: Life Orb\n|move|p1a: Maushold|Bite|p2a: PML\n|-supereffective|p2a: PML\n|-damage|p2a: PML|0 fnt\n|faint|p2a: PML\n|\n|upkeep\n|\n|t:|1699908313\n|switch|p2a: Meu|Garganacl, M, tera:Fairy|86\/100\n|turn|24\n|\n|t:|1699908320\n|move|p1a: Maushold|Population Bomb|p2a: Meu\n|-damage|p2a: Meu|77\/100\n|-crit|p2a: Meu\n|-damage|p2a: Meu|64\/100\n|-damage|p2a: Meu|55\/100\n|-damage|p2a: Meu|46\/100\n|-damage|p2a: Meu|38\/100\n|-damage|p2a: Meu|29\/100\n|-damage|p2a: Meu|20\/100\n|-crit|p2a: Meu\n|-damage|p2a: Meu|5\/100\n|-crit|p2a: Meu\n|-damage|p2a: Meu|0 fnt\n|faint|p2a: Meu\n|-hitcount|p2: Meu|9\n|\n|win|Rulicar\n|c|\u2606Rulicar|gg\n|c|\u2606el meu|gg\n|c|\u2606Rulicar|la pasas tu?\n","uploadtime":1699908340,"views":23,"p1id":"rulicar","p2id":"elmeu","formatid":"gen9ou","rating":0,"private":0,"password":""}