{"id":"gen9ou-1994742130","p1":"Cachxlot","p2":"schoolplayer753","format":"[Gen 9] OU","log":"|j|\u2606Cachxlot\n|j|\u2606schoolplayer753\n|t:|1700488065\n|gametype|singles\n|player|p1|Cachxlot|mars|1191\n|player|p2|schoolplayer753|2|1126\n|teamsize|p1|6\n|teamsize|p2|6\n|gen|9\n|tier|[Gen 9] OU\n|rated|\n|rule|Sleep Clause Mod: Limit one foe put to sleep\n|rule|Species Clause: Limit one of each Pok\u00e9mon\n|rule|OHKO Clause: OHKO moves are banned\n|rule|Evasion Items Clause: Evasion items are banned\n|rule|Evasion Moves Clause: Evasion moves are banned\n|rule|Endless Battle Clause: Forcing endless battles is banned\n|rule|HP Percentage Mod: HP is shown in percentages\n|clearpoke\n|poke|p1|Rillaboom, M|\n|poke|p1|Iron Moth|\n|poke|p1|Zamazenta-*|\n|poke|p1|Ogerpon-Wellspring, F|\n|poke|p1|Heatran, F|\n|poke|p1|Hatterene, F|\n|poke|p2|Kingambit, F|\n|poke|p2|Thundurus-Therian, M|\n|poke|p2|Heatran, F|\n|poke|p2|Rillaboom, F|\n|poke|p2|Iron Valiant|\n|poke|p2|Great Tusk|\n|teampreview\n|c|\u2606Cachxlot|gl chimptoid\n|\n|t:|1700488076\n|start\n|switch|p1a: Rillaboom|Rillaboom, M|100\/100\n|switch|p2a: no|Thundurus-Therian, M|100\/100\n|-fieldstart|move: Grassy Terrain|[from] ability: Grassy Surge|[of] p1a: Rillaboom\n|turn|1\n|\n|t:|1700488087\n|move|p2a: no|Agility|p2a: no\n|-boost|p2a: no|spe|2\n|move|p1a: Rillaboom|Wood Hammer|p2a: no\n|-resisted|p2a: no\n|-damage|p2a: no|6\/100\n|-damage|p1a: Rillaboom|76\/100|[from] Recoil\n|\n|-heal|p1a: Rillaboom|82\/100|[from] Grassy Terrain\n|upkeep\n|turn|2\n|c|\u2606schoolplayer753|wew\n|\n|t:|1700488101\n|switch|p1a: Hatterene|Hatterene, F|100\/100\n|-enditem|p1a: Hatterene|Grassy Seed\n|-boost|p1a: Hatterene|def|1|[from] item: Grassy Seed\n|move|p2a: no|Tera Blast|p1a: Hatterene\n|-damage|p1a: Hatterene|66\/100\n|\n|-heal|p1a: Hatterene|72\/100|[from] Grassy Terrain\n|upkeep\n|turn|3\n|\n|t:|1700488109\n|move|p2a: no|Thunderbolt|p1a: Hatterene\n|-damage|p1a: Hatterene|18\/100\n|move|p1a: Hatterene|Draining Kiss|p2a: no\n|-damage|p2a: no|0 fnt\n|-heal|p1a: Hatterene|22\/100|[from] drain|[of] p2a: no\n|faint|p2a: no\n|\n|-heal|p1a: Hatterene|28\/100|[from] Grassy Terrain\n|upkeep\n|\n|t:|1700488123\n|switch|p2a: no hoes|Iron Valiant|100\/100\n|-enditem|p2a: no hoes|Booster Energy\n|-activate|p2a: no hoes|ability: Quark Drive|[fromitem]\n|-start|p2a: no hoes|quarkdrivespe\n|turn|4\n|\n|t:|1700488129\n|-terastallize|p2a: no hoes|Steel\n|move|p2a: no hoes|Calm Mind|p2a: no hoes\n|-boost|p2a: no hoes|spa|1\n|-boost|p2a: no hoes|spd|1\n|move|p1a: Hatterene|Draining Kiss|p2a: no hoes\n|-resisted|p2a: no hoes\n|-damage|p2a: no hoes|87\/100\n|-heal|p1a: Hatterene|37\/100|[from] drain|[of] p2a: no hoes\n|\n|-heal|p2a: no hoes|93\/100|[from] Grassy Terrain\n|-heal|p1a: Hatterene|43\/100|[from] Grassy Terrain\n|upkeep\n|turn|5\n|\n|t:|1700488138\n|move|p2a: no hoes|Moonblast|p1a: Hatterene\n|-damage|p1a: Hatterene|0 fnt\n|faint|p1a: Hatterene\n|\n|-heal|p2a: no hoes|99\/100|[from] Grassy Terrain\n|-fieldend|move: Grassy Terrain\n|upkeep\n|\n|t:|1700488144\n|switch|p1a: Heatran|Heatran, F|100\/100\n|-item|p1a: Heatran|Air Balloon\n|turn|6\n|\n|t:|1700488148\n|-terastallize|p1a: Heatran|Ghost\n|move|p2a: no hoes|Aura Sphere|p1a: Heatran\n|-immune|p1a: Heatran\n|move|p1a: Heatran|Magma Storm|p2a: no hoes\n|-supereffective|p2a: no hoes\n|-damage|p2a: no hoes|0 fnt\n|faint|p2a: no hoes\n|-end|p2a: no hoes|Quark Drive|[silent]\n|\n|upkeep\n|\n|t:|1700488155\n|switch|p2a: swiss knife|Kingambit, F|100\/100\n|-activate|p2a: swiss knife|ability: Supreme Overlord\n|-start|p2a: swiss knife|fallen2|[silent]\n|turn|7\n|c|\u2606schoolplayer753|u got me with this one\n|\n|t:|1700488175\n|move|p1a: Heatran|Will-O-Wisp|p2a: swiss knife\n|-status|p2a: swiss knife|brn\n|move|p2a: swiss knife|Swords Dance|p2a: swiss knife\n|-boost|p2a: swiss knife|atk|2\n|\n|-damage|p2a: swiss knife|94\/100 brn|[from] brn\n|upkeep\n|turn|8\n|\n|t:|1700488182\n|move|p2a: swiss knife|Sucker Punch|p1a: Heatran\n|-supereffective|p1a: Heatran\n|-damage|p1a: Heatran|19\/100\n|-enditem|p1a: Heatran|Air Balloon\n|move|p1a: Heatran|Magma Storm|p2a: swiss knife|[miss]\n|-miss|p1a: Heatran|p2a: swiss knife\n|\n|-heal|p2a: swiss knife|100\/100 brn|[from] item: Leftovers\n|-damage|p2a: swiss knife|94\/100 brn|[from] brn\n|upkeep\n|turn|9\n|c|\u2606Cachxlot|you lucky chimp\n|\n|t:|1700488194\n|move|p1a: Heatran|Earth Power|p2a: swiss knife\n|-supereffective|p2a: swiss knife\n|-damage|p2a: swiss knife|44\/100 brn\n|move|p2a: swiss knife|Swords Dance|p2a: swiss knife\n|-boost|p2a: swiss knife|atk|2\n|\n|-heal|p2a: swiss knife|50\/100 brn|[from] item: Leftovers\n|-damage|p2a: swiss knife|44\/100 brn|[from] brn\n|upkeep\n|turn|10\n|\n|t:|1700488199\n|move|p2a: swiss knife|Sucker Punch|p1a: Heatran\n|-supereffective|p1a: Heatran\n|-damage|p1a: Heatran|0 fnt\n|faint|p1a: Heatran\n|\n|-heal|p2a: swiss knife|50\/100 brn|[from] item: Leftovers\n|-damage|p2a: swiss knife|44\/100 brn|[from] brn\n|upkeep\n|\n|t:|1700488202\n|switch|p1a: Zamazenta|Zamazenta|100\/100\n|-ability|p1a: Zamazenta|Dauntless Shield|boost\n|-boost|p1a: Zamazenta|def|1\n|turn|11\n|\n|t:|1700488206\n|move|p1a: Zamazenta|Body Press|p2a: swiss knife\n|-supereffective|p2a: swiss knife\n|-damage|p2a: swiss knife|0 fnt\n|faint|p2a: swiss knife\n|-end|p2a: swiss knife|fallen2|[silent]\n|\n|upkeep\n|\n|t:|1700488221\n|switch|p2a: hot mom|Heatran, F|100\/100\n|-item|p2a: hot mom|Air Balloon\n|turn|12\n|\n|t:|1700488227\n|move|p1a: Zamazenta|Body Press|p2a: hot mom\n|-supereffective|p2a: hot mom\n|-damage|p2a: hot mom|4\/100\n|-enditem|p2a: hot mom|Air Balloon\n|move|p2a: hot mom|Magma Storm|p1a: Zamazenta\n|-damage|p1a: Zamazenta|61\/100\n|-activate|p1a: Zamazenta|move: Magma Storm|[of] p2a: hot mom\n|\n|-heal|p1a: Zamazenta|67\/100|[from] item: Leftovers\n|-damage|p1a: Zamazenta|55\/100|[from] move: Magma Storm|[partiallytrapped]\n|upkeep\n|turn|13\n|c|\u2606schoolplayer753|ggs\n|\n|t:|1700488239\n|move|p2a: hot mom|Protect|p2a: hot mom\n|-singleturn|p2a: hot mom|Protect\n|move|p1a: Zamazenta|Body Press|p2a: hot mom\n|-activate|p2a: hot mom|move: Protect\n|\n|-heal|p1a: Zamazenta|61\/100|[from] item: Leftovers\n|-damage|p1a: Zamazenta|48\/100|[from] move: Magma Storm|[partiallytrapped]\n|upkeep\n|turn|14\n|c|\u2606Cachxlot|gg black man\n|c|\u2606schoolplayer753|how u know im black\n|c|\u2606schoolplayer753|buddy-\n|c|\u2606Cachxlot|the smell\n|\n|t:|1700488260\n|move|p1a: Zamazenta|Body Press|p2a: hot mom\n|-supereffective|p2a: hot mom\n|-damage|p2a: hot mom|0 fnt\n|faint|p2a: hot mom\n|\n|-heal|p1a: Zamazenta|55\/100|[from] item: Leftovers\n|-end|p1a: Zamazenta|Magma Storm|[partiallytrapped]|[silent]\n|upkeep\n|inactive|Battle timer is ON: inactive players will automatically lose when time's up. (requested by Cachxlot)\n|n|!schoolplayer753|schoolplayer753\n|\n|t:|1700488283\n|switch|p2a: Great Tusk|Great Tusk|100\/100\n|-enditem|p2a: Great Tusk|Booster Energy\n|-activate|p2a: Great Tusk|ability: Protosynthesis|[fromitem]\n|-start|p2a: Great Tusk|protosynthesisatk\n|turn|15\n|\n|t:|1700488298\n|move|p1a: Zamazenta|Body Press|p2a: Great Tusk\n|-damage|p2a: Great Tusk|58\/100\n|move|p2a: Great Tusk|Headlong Rush|p1a: Zamazenta\n|-damage|p1a: Zamazenta|8\/100\n|-unboost|p2a: Great Tusk|def|1\n|-unboost|p2a: Great Tusk|spd|1\n|\n|-heal|p1a: Zamazenta|14\/100|[from] item: Leftovers\n|upkeep\n|turn|16\n|\n|t:|1700488304\n|-end|p2a: Great Tusk|Protosynthesis|[silent]\n|switch|p2a: harambe|Rillaboom, F|100\/100\n|-fieldstart|move: Grassy Terrain|[from] ability: Grassy Surge|[of] p2a: harambe\n|move|p1a: Zamazenta|Body Press|p2a: harambe\n|-damage|p2a: harambe|34\/100\n|\n|-heal|p1a: Zamazenta|20\/100|[from] Grassy Terrain\n|-heal|p1a: Zamazenta|27\/100|[from] item: Leftovers\n|-heal|p2a: harambe|40\/100|[from] Grassy Terrain\n|upkeep\n|turn|17\n|\n|t:|1700488307\n|move|p2a: harambe|Grassy Glide|p1a: Zamazenta\n|-damage|p1a: Zamazenta|0 fnt\n|faint|p1a: Zamazenta\n|\n|-heal|p2a: harambe|47\/100|[from] Grassy Terrain\n|upkeep\n|\n|t:|1700488312\n|switch|p1a: Iron Moth|Iron Moth|100\/100\n|-enditem|p1a: Iron Moth|Booster Energy\n|-activate|p1a: Iron Moth|ability: Quark Drive|[fromitem]\n|-start|p1a: Iron Moth|quarkdrivespe\n|turn|18\n|-message|schoolplayer753 forfeited.\n|\n|win|Cachxlot\n|raw|Cachxlot's rating: 1191 &rarr; <strong>1211<\/strong><br \/>(+20 for winning)\n|raw|schoolplayer753's rating: 1126 &rarr; <strong>1106<\/strong><br \/>(-20 for losing)\n","uploadtime":1700488274,"views":4,"p1id":"cachxlot","p2id":"schoolplayer753","formatid":"gen9ou","rating":1106,"private":0,"password":""}