{"id":"gen9ou-1989441091","p1":"protohetero","p2":"gangamstyle69","format":"[Gen 9] OU","log":"|j|\u2606protohetero\n|j|\u2606gangamstyle69\n|t:|1699850901\n|gametype|singles\n|player|p1|protohetero|102|1244\n|player|p2|gangamstyle69|2|1306\n|teamsize|p1|6\n|teamsize|p2|6\n|gen|9\n|tier|[Gen 9] OU\n|rated|\n|rule|Sleep Clause Mod: Limit one foe put to sleep\n|rule|Species Clause: Limit one of each Pok\u00e9mon\n|rule|OHKO Clause: OHKO moves are banned\n|rule|Evasion Items Clause: Evasion items are banned\n|rule|Evasion Moves Clause: Evasion moves are banned\n|rule|Endless Battle Clause: Forcing endless battles is banned\n|rule|HP Percentage Mod: HP is shown in percentages\n|clearpoke\n|poke|p1|Enamorus-Therian, F|\n|poke|p1|Samurott-Hisui, M|\n|poke|p1|Iron Hands|\n|poke|p1|Gholdengo|\n|poke|p1|Glimmora, F|\n|poke|p1|Ninetales-Alola, F|\n|poke|p2|Ogerpon-Wellspring, F|\n|poke|p2|Landorus-Therian, M|\n|poke|p2|Weavile, F|\n|poke|p2|Dragapult, M|\n|poke|p2|Cinderace, M|\n|poke|p2|Clodsire, M|\n|teampreview\n|inactive|Battle timer is ON: inactive players will automatically lose when time's up. (requested by protohetero)\n|\n|t:|1699850918\n|start\n|switch|p1a: Glimmora|Glimmora, F|100\/100\n|switch|p2a: Landorus|Landorus-Therian, M|100\/100\n|-ability|p2a: Landorus|Intimidate|boost\n|-unboost|p1a: Glimmora|atk|1\n|turn|1\n|\n|t:|1699850934\n|move|p2a: Landorus|Earthquake|p1a: Glimmora\n|-supereffective|p1a: Glimmora\n|-enditem|p1a: Glimmora|Focus Sash\n|-damage|p1a: Glimmora|1\/100\n|-activate|p1a: Glimmora|ability: Toxic Debris\n|-sidestart|p2: gangamstyle69|move: Toxic Spikes\n|move|p1a: Glimmora|Stealth Rock|p2a: Landorus\n|-sidestart|p2: gangamstyle69|move: Stealth Rock\n|\n|upkeep\n|turn|2\n|inactive|gangamstyle69 has 120 seconds left.\n|\n|t:|1699850972\n|move|p2a: Landorus|Earthquake|p1a: Glimmora\n|-supereffective|p1a: Glimmora\n|-crit|p1a: Glimmora\n|-damage|p1a: Glimmora|0 fnt\n|-activate|p1a: Glimmora|ability: Toxic Debris\n|-sidestart|p2: gangamstyle69|move: Toxic Spikes\n|faint|p1a: Glimmora\n|\n|upkeep\n|\n|t:|1699850975\n|switch|p1a: Ninetales|Ninetales-Alola, F|100\/100\n|-weather|Snow|[from] ability: Snow Warning|[of] p1a: Ninetales\n|turn|3\n|\n|t:|1699850981\n|switch|p2a: Cinderace|Cinderace, M|100\/100\n|switch|p1a: Enamorus|Enamorus-Therian, F|100\/100\n|\n|-weather|Snow|[upkeep]\n|upkeep\n|turn|4\n|\n|t:|1699850987\n|move|p2a: Cinderace|Court Change|p2a: Cinderace\n|-swapsideconditions\n|-activate|p2a: Cinderace|move: Court Change\n|move|p1a: Enamorus|Agility|p1a: Enamorus\n|-boost|p1a: Enamorus|spe|2\n|\n|-weather|Snow|[upkeep]\n|upkeep\n|turn|5\n|\n|t:|1699850997\n|move|p1a: Enamorus|Earth Power|p2a: Cinderace\n|-supereffective|p2a: Cinderace\n|-damage|p2a: Cinderace|0 fnt\n|faint|p2a: Cinderace\n|-damage|p1a: Enamorus|91\/100|[from] item: Life Orb\n|\n|-weather|Snow|[upkeep]\n|upkeep\n|inactive|gangamstyle69 has 120 seconds left.\n|\n|t:|1699851018\n|switch|p2a: Weavile|Weavile, F|100\/100\n|-ability|p2a: Weavile|Pressure\n|turn|6\n|\n|t:|1699851034\n|-terastallize|p1a: Enamorus|Fairy\n|move|p2a: Weavile|Ice Shard|p1a: Enamorus\n|-damage|p1a: Enamorus|61\/100\n|move|p1a: Enamorus|Draining Kiss|p2a: Weavile\n|-supereffective|p2a: Weavile\n|-damage|p2a: Weavile|0 fnt\n|-heal|p1a: Enamorus|100\/100|[from] drain|[of] p2a: Weavile\n|faint|p2a: Weavile\n|-damage|p1a: Enamorus|91\/100|[from] item: Life Orb\n|\n|-weather|Snow|[upkeep]\n|upkeep\n|\n|t:|1699851044\n|switch|p2a: Dragapult|Dragapult, M|100\/100\n|turn|7\n|\n|t:|1699851047\n|move|p2a: Dragapult|Shadow Ball|p1a: Enamorus\n|-damage|p1a: Enamorus|53\/100\n|-unboost|p1a: Enamorus|spd|1\n|move|p1a: Enamorus|Draining Kiss|p2a: Dragapult\n|-supereffective|p2a: Dragapult\n|-damage|p2a: Dragapult|0 fnt\n|-heal|p1a: Enamorus|100\/100|[from] drain|[of] p2a: Dragapult\n|faint|p2a: Dragapult\n|-damage|p1a: Enamorus|91\/100|[from] item: Life Orb\n|\n|-weather|none\n|upkeep\n|\n|t:|1699851052\n|switch|p2a: Ogerpon|Ogerpon-Wellspring, F|100\/100\n|turn|8\n|\n|t:|1699851054\n|move|p1a: Enamorus|Moonblast|p2a: Ogerpon\n|-damage|p2a: Ogerpon|0 fnt\n|faint|p2a: Ogerpon\n|-damage|p1a: Enamorus|81\/100|[from] item: Life Orb\n|\n|upkeep\n|-message|gangamstyle69 forfeited.\n|\n|win|protohetero\n|raw|protohetero's rating: 1244 &rarr; <strong>1273<\/strong><br \/>(+29 for winning)\n|raw|gangamstyle69's rating: 1306 &rarr; <strong>1282<\/strong><br \/>(-24 for losing)\n|l|\u2606gangamstyle69\n","uploadtime":1699851060,"views":16,"p1id":"protohetero","p2id":"gangamstyle69","formatid":"gen9ou","rating":1273,"private":0,"password":""}