{"id":"gen9ou-1988291845","p1":"jlmoea","p2":"jaineel","format":"[Gen 9] OU","log":"|j|\u2606jlmoea\n|j|\u2606jaineel\n|t:|1699702944\n|gametype|singles\n|player|p1|jlmoea|265|1103\n|player|p2|jaineel|alder|1182\n|teamsize|p1|6\n|teamsize|p2|6\n|gen|9\n|tier|[Gen 9] OU\n|rated|\n|rule|Sleep Clause Mod: Limit one foe put to sleep\n|rule|Species Clause: Limit one of each Pok\u00e9mon\n|rule|OHKO Clause: OHKO moves are banned\n|rule|Evasion Items Clause: Evasion items are banned\n|rule|Evasion Moves Clause: Evasion moves are banned\n|rule|Endless Battle Clause: Forcing endless battles is banned\n|rule|HP Percentage Mod: HP is shown in percentages\n|clearpoke\n|poke|p1|Clodsire, F|\n|poke|p1|Gliscor, M|\n|poke|p1|Talonflame, F|\n|poke|p1|Dondozo, M|\n|poke|p1|Toxapex, M|\n|poke|p1|Blissey, F|\n|poke|p2|Dragapult, M|\n|poke|p2|Rillaboom, F|\n|poke|p2|Cinderace, M|\n|poke|p2|Gliscor, M|\n|poke|p2|Zapdos|\n|poke|p2|Sneasler, M|\n|teampreview\n|inactive|Battle timer is ON: inactive players will automatically lose when time's up. (requested by jlmoea)\n|inactive|jaineel also wants the timer to be on.\n|\n|t:|1699702952\n|start\n|switch|p1a: Talonflame|Talonflame, F|100\/100\n|switch|p2a: Zapdos|Zapdos|100\/100\n|turn|1\n|\n|t:|1699702957\n|switch|p1a: Clodsire|Clodsire, F|100\/100\n|switch|p2a: Rillaboom|Rillaboom, F|100\/100\n|-fieldstart|move: Grassy Terrain|[from] ability: Grassy Surge|[of] p2a: Rillaboom\n|\n|upkeep\n|turn|2\n|\n|t:|1699702967\n|switch|p2a: Gliscor|Gliscor, M|100\/100\n|switch|p1a: Talonflame|Talonflame, F|100\/100\n|\n|-status|p2a: Gliscor|tox|[from] item: Toxic Orb\n|upkeep\n|turn|3\n|\n|t:|1699702974\n|switch|p1a: Dondozo|Dondozo, M|100\/100\n|move|p2a: Gliscor|Toxic|p1a: Dondozo\n|-status|p1a: Dondozo|tox\n|\n|-damage|p1a: Dondozo|94\/100 tox|[from] psn\n|upkeep\n|turn|4\n|\n|t:|1699702981\n|move|p2a: Gliscor|Knock Off|p1a: Dondozo\n|-damage|p1a: Dondozo|84\/100 tox\n|-enditem|p1a: Dondozo|Heavy-Duty Boots|[from] move: Knock Off|[of] p2a: Gliscor\n|move|p1a: Dondozo|Avalanche|p2a: Gliscor\n|-supereffective|p2a: Gliscor\n|-damage|p2a: Gliscor|37\/100 tox\n|\n|-heal|p1a: Dondozo|90\/100 tox|[from] Grassy Terrain\n|-heal|p2a: Gliscor|50\/100 tox|[from] ability: Poison Heal\n|-damage|p1a: Dondozo|78\/100 tox|[from] psn\n|upkeep\n|turn|5\n|\n|t:|1699702987\n|switch|p1a: Gliscor|Gliscor, M, shiny|100\/100\n|move|p2a: Gliscor|Protect||[still]\n|-fail|p2a: Gliscor\n|\n|-heal|p2a: Gliscor|62\/100 tox|[from] ability: Poison Heal\n|-fieldend|move: Grassy Terrain\n|-status|p1a: Gliscor|tox|[from] item: Toxic Orb\n|upkeep\n|turn|6\n|\n|t:|1699702993\n|move|p1a: Gliscor|Spikes|p2a: Gliscor\n|-sidestart|p2: jaineel|Spikes\n|move|p2a: Gliscor|Knock Off|p1a: Gliscor\n|-damage|p1a: Gliscor|88\/100 tox\n|-enditem|p1a: Gliscor|Toxic Orb|[from] move: Knock Off|[of] p2a: Gliscor\n|\n|-heal|p2a: Gliscor|75\/100 tox|[from] ability: Poison Heal\n|-heal|p1a: Gliscor|100\/100 tox|[from] ability: Poison Heal\n|upkeep\n|turn|7\n|\n|t:|1699703005\n|switch|p2a: Dragapult|Dragapult, M|100\/100\n|-damage|p2a: Dragapult|88\/100|[from] Spikes\n|move|p1a: Gliscor|Toxic|p2a: Dragapult\n|-status|p2a: Dragapult|tox\n|\n|-damage|p2a: Dragapult|82\/100 tox|[from] psn\n|upkeep\n|turn|8\n|\n|t:|1699703018\n|move|p1a: Gliscor|Protect|p1a: Gliscor\n|-singleturn|p1a: Gliscor|Protect\n|move|p2a: Dragapult|Surf|p1a: Gliscor\n|-activate|p1a: Gliscor|move: Protect\n|\n|-damage|p2a: Dragapult|70\/100 tox|[from] psn\n|upkeep\n|turn|9\n|\n|t:|1699703021\n|switch|p1a: Blissey|Blissey, F, shiny|100\/100\n|move|p2a: Dragapult|Surf|p1a: Blissey\n|-damage|p1a: Blissey|90\/100\n|\n|-damage|p2a: Dragapult|52\/100 tox|[from] psn\n|upkeep\n|turn|10\n|\n|t:|1699703031\n|switch|p2a: Zapdos|Zapdos|100\/100\n|move|p1a: Blissey|Stealth Rock|p2a: Zapdos\n|-sidestart|p2: jaineel|move: Stealth Rock\n|\n|upkeep\n|turn|11\n|\n|t:|1699703037\n|switch|p1a: Clodsire|Clodsire, F|100\/100\n|move|p2a: Zapdos|Thunder Wave|p1a: Clodsire\n|-immune|p1a: Clodsire\n|\n|upkeep\n|turn|12\n|\n|t:|1699703047\n|switch|p2a: Dragapult|Dragapult, M|52\/100 tox\n|-damage|p2a: Dragapult|40\/100 tox|[from] Spikes\n|-damage|p2a: Dragapult|28\/100 tox|[from] Stealth Rock\n|move|p1a: Clodsire|Toxic|p2a: Dragapult\n|-fail|p2a: Dragapult|tox\n|\n|-damage|p2a: Dragapult|22\/100 tox|[from] psn\n|upkeep\n|turn|13\n|\n|t:|1699703061\n|switch|p2a: Cinderace|Cinderace, M|100\/100\n|switch|p1a: Blissey|Blissey, F, shiny|90\/100\n|\n|upkeep\n|turn|14\n|\n|t:|1699703068\n|switch|p1a: Gliscor|Gliscor, M, shiny|100\/100 tox\n|move|p2a: Cinderace|Court Change|p2a: Cinderace\n|-start|p2a: Cinderace|typechange|Normal|[from] ability: Libero\n|-swapsideconditions\n|-activate|p2a: Cinderace|move: Court Change\n|\n|upkeep\n|turn|15\n|\n|t:|1699703074\n|move|p2a: Cinderace|U-turn|p1a: Gliscor\n|-resisted|p1a: Gliscor\n|-damage|p1a: Gliscor|94\/100 tox\n|\n|t:|1699703081\n|switch|p2a: Dragapult|Dragapult, M|22\/100 tox|[from] U-turn\n|move|p1a: Gliscor|Spikes|p2a: Dragapult\n|-sidestart|p2: jaineel|Spikes\n|\n|-damage|p2a: Dragapult|16\/100 tox|[from] psn\n|-heal|p1a: Gliscor|100\/100 tox|[from] ability: Poison Heal\n|upkeep\n|turn|16\n|\n|t:|1699703092\n|switch|p1a: Blissey|Blissey, F, shiny|90\/100\n|move|p2a: Dragapult|Draco Meteor|p1a: Blissey\n|-damage|p1a: Blissey|66\/100\n|-unboost|p2a: Dragapult|spa|2\n|\n|-damage|p2a: Dragapult|4\/100 tox|[from] psn\n|upkeep\n|turn|17\n|\n|t:|1699703094\n|move|p2a: Dragapult|Draco Meteor|p1a: Blissey\n|-damage|p1a: Blissey|54\/100\n|-unboost|p2a: Dragapult|spa|2\n|move|p1a: Blissey|Stealth Rock|p2a: Dragapult\n|-sidestart|p2: jaineel|move: Stealth Rock\n|\n|-damage|p2a: Dragapult|0 fnt|[from] psn\n|faint|p2a: Dragapult\n|upkeep\n|\n|t:|1699703106\n|switch|p2a: Cinderace|Cinderace, M|100\/100\n|turn|18\n|\n|t:|1699703110\n|switch|p1a: Gliscor|Gliscor, M, shiny|100\/100 tox\n|-damage|p1a: Gliscor|88\/100 tox|[from] Stealth Rock\n|move|p2a: Cinderace|U-turn|p1a: Gliscor\n|-start|p2a: Cinderace|typechange|Bug|[from] ability: Libero\n|-resisted|p1a: Gliscor\n|-damage|p1a: Gliscor|79\/100 tox\n|\n|t:|1699703115\n|switch|p2a: Rillaboom|Rillaboom, F|100\/100|[from] U-turn\n|-damage|p2a: Rillaboom|88\/100|[from] Spikes\n|-damage|p2a: Rillaboom|76\/100|[from] Stealth Rock\n|-fieldstart|move: Grassy Terrain|[from] ability: Grassy Surge|[of] p2a: Rillaboom\n|\n|-heal|p2a: Rillaboom|82\/100|[from] Grassy Terrain\n|-heal|p1a: Gliscor|91\/100 tox|[from] ability: Poison Heal\n|upkeep\n|turn|19\n|\n|t:|1699703118\n|move|p1a: Gliscor|Toxic|p2a: Rillaboom\n|-status|p2a: Rillaboom|tox\n|move|p2a: Rillaboom|U-turn|p1a: Gliscor\n|-resisted|p1a: Gliscor\n|-damage|p1a: Gliscor|83\/100 tox\n|\n|t:|1699703120\n|switch|p2a: Sneasler|Sneasler, M|100\/100|[from] U-turn\n|-damage|p2a: Sneasler|88\/100|[from] Spikes\n|-damage|p2a: Sneasler|82\/100|[from] Stealth Rock\n|-enditem|p2a: Sneasler|Grassy Seed\n|-boost|p2a: Sneasler|def|1|[from] item: Grassy Seed\n|\n|-heal|p2a: Sneasler|88\/100|[from] Grassy Terrain\n|-heal|p1a: Gliscor|96\/100 tox|[from] ability: Poison Heal\n|upkeep\n|turn|20\n|\n|t:|1699703123\n|move|p2a: Sneasler|Swords Dance|p2a: Sneasler\n|-boost|p2a: Sneasler|atk|2\n|move|p1a: Gliscor|Earthquake|p2a: Sneasler\n|-supereffective|p2a: Sneasler\n|-damage|p2a: Sneasler|50\/100\n|\n|-heal|p2a: Sneasler|56\/100|[from] Grassy Terrain\n|-heal|p1a: Gliscor|100\/100 tox|[from] ability: Poison Heal\n|upkeep\n|turn|21\n|\n|t:|1699703128\n|switch|p1a: Dondozo|Dondozo, M|78\/100 tox\n|-damage|p1a: Dondozo|65\/100 tox|[from] Spikes\n|-damage|p1a: Dondozo|53\/100 tox|[from] Stealth Rock\n|move|p2a: Sneasler|Swords Dance|p2a: Sneasler\n|-boost|p2a: Sneasler|atk|2\n|\n|-heal|p2a: Sneasler|62\/100|[from] Grassy Terrain\n|-heal|p1a: Dondozo|59\/100 tox|[from] Grassy Terrain\n|-damage|p1a: Dondozo|53\/100 tox|[from] psn\n|upkeep\n|turn|22\n|\n|t:|1699703135\n|-terastallize|p2a: Sneasler|Flying\n|move|p2a: Sneasler|Acrobatics|p1a: Dondozo\n|-damage|p1a: Dondozo|25\/100 tox\n|move|p1a: Dondozo|Rest|p1a: Dondozo\n|-status|p1a: Dondozo|slp|[from] move: Rest\n|-heal|p1a: Dondozo|100\/100 slp|[silent]\n|\n|-fieldend|move: Grassy Terrain\n|upkeep\n|turn|23\n|\n|t:|1699703140\n|move|p2a: Sneasler|Dire Claw|p1a: Dondozo\n|-damage|p1a: Dondozo|81\/100 slp\n|cant|p1a: Dondozo|slp\n|move|p1a: Dondozo|Sleep Talk|p1a: Dondozo\n|move|p1a: Dondozo|Avalanche|p2a: Sneasler|[from]move: Sleep Talk\n|-supereffective|p2a: Sneasler\n|-damage|p2a: Sneasler|0 fnt\n|faint|p2a: Sneasler\n|\n|upkeep\n|\n|t:|1699703148\n|switch|p2a: Zapdos|Zapdos|100\/100\n|turn|24\n|\n|t:|1699703151\n|switch|p1a: Clodsire|Clodsire, F|100\/100\n|move|p2a: Zapdos|Hurricane|p1a: Clodsire\n|-damage|p1a: Clodsire|68\/100\n|\n|upkeep\n|turn|25\n|\n|t:|1699703156\n|move|p2a: Zapdos|Hurricane|p1a: Clodsire\n|-damage|p1a: Clodsire|34\/100\n|move|p1a: Clodsire|Toxic|p2a: Zapdos\n|-status|p2a: Zapdos|tox\n|\n|-damage|p2a: Zapdos|94\/100 tox|[from] psn\n|upkeep\n|turn|26\n|\n|t:|1699703168\n|move|p2a: Zapdos|Volt Switch|p1a: Clodsire\n|-immune|p1a: Clodsire\n|move|p1a: Clodsire|Recover|p1a: Clodsire\n|-heal|p1a: Clodsire|84\/100\n|\n|-damage|p2a: Zapdos|82\/100 tox|[from] psn\n|upkeep\n|turn|27\n|\n|t:|1699703172\n|switch|p1a: Blissey|Blissey, F, shiny|54\/100\n|move|p2a: Zapdos|Hurricane|p1a: Blissey\n|-damage|p1a: Blissey|38\/100\n|-start|p1a: Blissey|confusion\n|\n|-damage|p2a: Zapdos|64\/100 tox|[from] psn\n|upkeep\n|turn|28\n|\n|t:|1699703176\n|switch|p1a: Clodsire|Clodsire, F|84\/100\n|move|p2a: Zapdos|Thunder Wave|p1a: Clodsire\n|-immune|p1a: Clodsire\n|\n|-damage|p2a: Zapdos|40\/100 tox|[from] psn\n|upkeep\n|turn|29\n|\n|t:|1699703179\n|move|p2a: Zapdos|Hurricane|p1a: Clodsire|[miss]\n|-miss|p2a: Zapdos|p1a: Clodsire\n|move|p1a: Clodsire|Earthquake|p2a: Zapdos\n|-immune|p2a: Zapdos\n|\n|-damage|p2a: Zapdos|10\/100 tox|[from] psn\n|upkeep\n|turn|30\n|\n|t:|1699703181\n|move|p2a: Zapdos|Hurricane|p1a: Clodsire\n|-damage|p1a: Clodsire|52\/100\n|move|p1a: Clodsire|Earthquake|p2a: Zapdos\n|-immune|p2a: Zapdos\n|\n|-damage|p2a: Zapdos|0 fnt|[from] psn\n|faint|p2a: Zapdos\n|upkeep\n|c|\u2606jaineel|ofc\n|\n|t:|1699703191\n|switch|p2a: Gliscor|Gliscor, M|75\/100 tox\n|-damage|p2a: Gliscor|62\/100 tox|[from] Stealth Rock\n|turn|31\n|\n|t:|1699703208\n|switch|p1a: Gliscor|Gliscor, M, shiny|100\/100 tox\n|-damage|p1a: Gliscor|88\/100 tox|[from] Stealth Rock\n|move|p2a: Gliscor|Knock Off|p1a: Gliscor\n|-damage|p1a: Gliscor|78\/100 tox\n|\n|-heal|p2a: Gliscor|75\/100 tox|[from] ability: Poison Heal\n|-heal|p1a: Gliscor|91\/100 tox|[from] ability: Poison Heal\n|upkeep\n|turn|32\n|\n|t:|1699703219\n|switch|p2a: Cinderace|Cinderace, M|100\/100\n|move|p1a: Gliscor|Spikes|p2a: Cinderace\n|-sidestart|p2: jaineel|Spikes\n|\n|-heal|p1a: Gliscor|100\/100 tox|[from] ability: Poison Heal\n|upkeep\n|turn|33\n|\n|t:|1699703232\n|move|p2a: Cinderace|U-turn|p1a: Gliscor\n|-start|p2a: Cinderace|typechange|Bug|[from] ability: Libero\n|-resisted|p1a: Gliscor\n|-damage|p1a: Gliscor|91\/100 tox\n|\n|t:|1699703240\n|switch|p2a: Rillaboom|Rillaboom, F|82\/100 tox|[from] U-turn\n|-damage|p2a: Rillaboom|65\/100 tox|[from] Spikes\n|-damage|p2a: Rillaboom|53\/100 tox|[from] Stealth Rock\n|-fieldstart|move: Grassy Terrain|[from] ability: Grassy Surge|[of] p2a: Rillaboom\n|move|p1a: Gliscor|Toxic|p2a: Rillaboom\n|-fail|p2a: Rillaboom|tox\n|\n|-heal|p2a: Rillaboom|59\/100 tox|[from] Grassy Terrain\n|-heal|p1a: Gliscor|100\/100 tox|[from] ability: Poison Heal\n|-damage|p2a: Rillaboom|53\/100 tox|[from] psn\n|upkeep\n|turn|34\n|\n|t:|1699703258\n|move|p1a: Gliscor|Spikes|p2a: Rillaboom\n|-sidestart|p2: jaineel|Spikes\n|move|p2a: Rillaboom|Wood Hammer|p1a: Gliscor\n|-damage|p1a: Gliscor|34\/100 tox\n|-damage|p2a: Rillaboom|34\/100 tox|[from] Recoil\n|\n|-heal|p2a: Rillaboom|40\/100 tox|[from] Grassy Terrain\n|-heal|p1a: Gliscor|47\/100 tox|[from] ability: Poison Heal\n|-damage|p2a: Rillaboom|27\/100 tox|[from] psn\n|upkeep\n|turn|35\n|\n|t:|1699703264\n|move|p1a: Gliscor|Protect|p1a: Gliscor\n|-singleturn|p1a: Gliscor|Protect\n|move|p2a: Rillaboom|Wood Hammer|p1a: Gliscor\n|-activate|p1a: Gliscor|move: Protect\n|\n|-heal|p2a: Rillaboom|34\/100 tox|[from] Grassy Terrain\n|-heal|p1a: Gliscor|59\/100 tox|[from] ability: Poison Heal\n|-damage|p2a: Rillaboom|15\/100 tox|[from] psn\n|upkeep\n|turn|36\n|\n|t:|1699703267\n|switch|p1a: Talonflame|Talonflame, F|100\/100\n|move|p2a: Rillaboom|Wood Hammer|p1a: Talonflame\n|-resisted|p1a: Talonflame\n|-damage|p1a: Talonflame|75\/100\n|-damage|p2a: Rillaboom|7\/100 tox|[from] Recoil\n|\n|-heal|p2a: Rillaboom|14\/100 tox|[from] Grassy Terrain\n|-damage|p2a: Rillaboom|0 fnt|[from] psn\n|faint|p2a: Rillaboom\n|upkeep\n|-message|jaineel forfeited.\n|\n|win|jlmoea\n|raw|jlmoea's rating: 1103 &rarr; <strong>1134<\/strong><br \/>(+31 for winning)\n|raw|jaineel's rating: 1182 &rarr; <strong>1151<\/strong><br \/>(-31 for losing)\n|l|\u2606jaineel\n","uploadtime":1699703273,"views":15,"p1id":"jlmoea","p2id":"jaineel","formatid":"gen9ou","rating":1134,"private":0,"password":""}