{"id":"gen9ou-1992637228","p1":"Zelcra","p2":"slash.skip","format":"[Gen 9] OU","log":"|j|\u2606Zelcra\n|j|\u2606slash.skip\n|inactive|Battle timer is ON: inactive players will automatically lose when time's up.\n|t:|1700218500\n|gametype|singles\n|player|p1|Zelcra|piers|\n|player|p2|slash.skip|swimmerf|\n|teamsize|p1|3\n|teamsize|p2|3\n|gen|9\n|tier|[Gen 9] OU\n|rated|Tournament battle\n|rule|Sleep Clause Mod: Limit one foe put to sleep\n|rule|Species Clause: Limit one of each Pok\u00e9mon\n|rule|OHKO Clause: OHKO moves are banned\n|rule|Evasion Items Clause: Evasion items are banned\n|rule|Evasion Moves Clause: Evasion moves are banned\n|rule|Endless Battle Clause: Forcing endless battles is banned\n|rule|HP Percentage Mod: HP is shown in percentages\n|clearpoke\n|poke|p1|Hariyama, F|\n|poke|p1|Sprigatito, F|\n|poke|p1|Gholdengo|\n|poke|p2|Eelektross, F|\n|poke|p2|Glimmet, F|\n|poke|p2|Sandshrew-Alola, M|\n|teampreview\n|j|*Lady Monita \u2746\n|inactive|Zelcra also wants the timer to be on.\n|\n|t:|1700218508\n|start\n|switch|p1a: Gholdengo|Gholdengo|100\/100\n|switch|p2a: Glimmet|Glimmet, F|100\/100\n|turn|1\n|\n|t:|1700218514\n|move|p1a: Gholdengo|Make It Rain|p2a: Glimmet\n|-supereffective|p2a: Glimmet\n|-enditem|p2a: Glimmet|Focus Sash\n|-damage|p2a: Glimmet|1\/100\n|-unboost|p1a: Gholdengo|spa|1\n|move|p2a: Glimmet|Stealth Rock|p1a: Gholdengo\n|-sidestart|p1: Zelcra|move: Stealth Rock\n|\n|upkeep\n|turn|2\n|\n|t:|1700218525\n|move|p1a: Gholdengo|Make It Rain|p2a: Glimmet\n|-supereffective|p2a: Glimmet\n|-damage|p2a: Glimmet|0 fnt\n|-unboost|p1a: Gholdengo|spa|1\n|faint|p2a: Glimmet\n|\n|upkeep\n|\n|t:|1700218541\n|switch|p2a: Sandshrew|Sandshrew-Alola, M|100\/100\n|turn|3\n|\n|t:|1700218548\n|switch|p1a: Hariyama|Hariyama, F|100\/100\n|-damage|p1a: Hariyama|94\/100|[from] Stealth Rock\n|move|p2a: Sandshrew|Knock Off|p1a: Hariyama\n|-resisted|p1a: Hariyama\n|-damage|p1a: Hariyama|80\/100\n|-enditem|p1a: Hariyama|Flame Orb|[from] move: Knock Off|[of] p2a: Sandshrew\n|\n|upkeep\n|turn|4\n|\n|t:|1700218565\n|move|p1a: Hariyama|Close Combat|p2a: Sandshrew\n|-supereffective|p2a: Sandshrew\n|-damage|p2a: Sandshrew|0 fnt\n|-unboost|p1a: Hariyama|def|1\n|-unboost|p1a: Hariyama|spd|1\n|-damage|p1a: Hariyama|63\/100|[from] item: Rocky Helmet|[of] p2a: Sandshrew\n|faint|p2a: Sandshrew\n|\n|upkeep\n|\n|t:|1700218572\n|switch|p2a: Eelektross|Eelektross, F|100\/100\n|turn|5\n|\n|t:|1700218584\n|move|p1a: Hariyama|Close Combat|p2a: Eelektross\n|-damage|p2a: Eelektross|24\/100\n|-unboost|p1a: Hariyama|def|1\n|-unboost|p1a: Hariyama|spd|1\n|move|p2a: Eelektross|Dragon Tail|p1a: Hariyama\n|-damage|p1a: Hariyama|32\/100\n|drag|p1a: Gholdengo|Gholdengo|100\/100\n|-damage|p1a: Gholdengo|94\/100|[from] Stealth Rock\n|\n|-heal|p2a: Eelektross|30\/100|[from] item: Leftovers\n|upkeep\n|turn|6\n|\n|t:|1700218597\n|-terastallize|p2a: Eelektross|Steel\n|move|p1a: Gholdengo|Shadow Ball|p2a: Eelektross\n|-damage|p2a: Eelektross|0 fnt\n|faint|p2a: Eelektross\n|\n|win|Zelcra\n|n|\u2606Zelcra|zelcra\n|n|\u2606slash.skip|slashskip\n|n|*Lady Monita \u2746|ladymonita\n","uploadtime":1700218598,"views":8,"p1id":"zelcra","p2id":"slashskip","formatid":"gen9ou","rating":0,"private":0,"password":""}