{"id":"gen9ou-1993762567","p1":"littensalt","p2":"CrazyPiggy14","format":"[Gen 9] OU","log":"|j|\u2606littensalt\n|j|\u2606CrazyPiggy14\n|t:|1700354276\n|gametype|singles\n|player|p1|littensalt|calem-masters|1337\n|player|p2|CrazyPiggy14|hoopster|1226\n|teamsize|p1|6\n|teamsize|p2|6\n|gen|9\n|tier|[Gen 9] OU\n|rated|\n|rule|Sleep Clause Mod: Limit one foe put to sleep\n|rule|Species Clause: Limit one of each Pok\u00e9mon\n|rule|OHKO Clause: OHKO moves are banned\n|rule|Evasion Items Clause: Evasion items are banned\n|rule|Evasion Moves Clause: Evasion moves are banned\n|rule|Endless Battle Clause: Forcing endless battles is banned\n|rule|HP Percentage Mod: HP is shown in percentages\n|clearpoke\n|poke|p1|Thundurus-Therian, M|\n|poke|p1|Weezing-Galar, M|\n|poke|p1|Cinderace, M|\n|poke|p1|Dragapult, M|\n|poke|p1|Ting-Lu|\n|poke|p1|Zamazenta-*|\n|poke|p2|Garchomp, F|\n|poke|p2|Ninetales-Alola, F|\n|poke|p2|Slowking-Galar, F|\n|poke|p2|Gholdengo|\n|poke|p2|Landorus-Therian, M|\n|poke|p2|Iron Moth|\n|teampreview\n|inactive|Battle timer is ON: inactive players will automatically lose when time's up. (requested by CrazyPiggy14)\n|\n|t:|1700354289\n|start\n|switch|p1a: FRANCHISE|Cinderace, M|100\/100\n|switch|p2a: Landorus|Landorus-Therian, M|100\/100\n|-ability|p2a: Landorus|Intimidate|boost\n|-unboost|p1a: FRANCHISE|atk|1\n|turn|1\n|\n|t:|1700354292\n|move|p1a: FRANCHISE|U-turn|p2a: Landorus\n|-start|p1a: FRANCHISE|typechange|Bug|[from] ability: Libero\n|-resisted|p2a: Landorus\n|-damage|p2a: Landorus|93\/100\n|-damage|p1a: FRANCHISE|84\/100|[from] item: Rocky Helmet|[of] p2a: Landorus\n|\n|t:|1700354295\n|switch|p1a: 5g|Thundurus-Therian, M, shiny|100\/100|[from] U-turn\n|move|p2a: Landorus|Stealth Rock|p1a: 5g\n|-sidestart|p1: littensalt|move: Stealth Rock\n|\n|upkeep\n|turn|2\n|\n|t:|1700354303\n|switch|p1a: wheezy outta here|Weezing-Galar, M, shiny|100\/100\n|-ability|p1a: wheezy outta here|Neutralizing Gas\n|-damage|p1a: wheezy outta here|88\/100|[from] Stealth Rock\n|move|p2a: Landorus|U-turn|p1a: wheezy outta here\n|-resisted|p1a: wheezy outta here\n|-damage|p1a: wheezy outta here|85\/100\n|-damage|p2a: Landorus|76\/100|[from] item: Rocky Helmet|[of] p1a: wheezy outta here\n|\n|t:|1700354317\n|switch|p2a: Slowking|Slowking-Galar, F|100\/100|[from] U-turn\n|\n|upkeep\n|turn|3\n|\n|t:|1700354327\n|move|p1a: wheezy outta here|Will-O-Wisp|p2a: Slowking\n|-status|p2a: Slowking|brn\n|move|p2a: Slowking|Future Sight|p1a: wheezy outta here\n|-start|p2a: Slowking|move: Future Sight\n|\n|-damage|p2a: Slowking|94\/100 brn|[from] brn\n|upkeep\n|turn|4\n|\n|t:|1700354341\n|move|p1a: wheezy outta here|Pain Split|p2a: Slowking\n|-sethp|p2a: Slowking|83\/100 brn|[from] move: Pain Split|[silent]\n|-sethp|p1a: wheezy outta here|98\/100|[from] move: Pain Split\n|move|p2a: Slowking|Sludge Bomb|p1a: wheezy outta here\n|-damage|p1a: wheezy outta here|48\/100\n|\n|-damage|p2a: Slowking|77\/100 brn|[from] brn\n|upkeep\n|turn|5\n|\n|t:|1700354355\n|-end|p1a: wheezy outta here|ability: Neutralizing Gas\n|switch|p1a: Ting-Lu|Ting-Lu|100\/100\n|-damage|p1a: Ting-Lu|94\/100|[from] Stealth Rock\n|-ability|p1a: Ting-Lu|Vessel of Ruin\n|move|p2a: Slowking|Surf|p1a: Ting-Lu\n|-supereffective|p1a: Ting-Lu\n|-damage|p1a: Ting-Lu|74\/100\n|\n|-end|p1a: Ting-Lu|move: Future Sight\n|-immune|p1a: Ting-Lu\n|-heal|p1a: Ting-Lu|80\/100|[from] item: Leftovers\n|-damage|p2a: Slowking|71\/100 brn|[from] brn\n|upkeep\n|turn|6\n|\n|t:|1700354366\n|move|p1a: Ting-Lu|Ruination|p2a: Slowking\n|-damage|p2a: Slowking|36\/100 brn\n|move|p2a: Slowking|Future Sight|p1a: Ting-Lu\n|-start|p2a: Slowking|move: Future Sight\n|\n|-heal|p1a: Ting-Lu|86\/100|[from] item: Leftovers\n|-damage|p2a: Slowking|29\/100 brn|[from] brn\n|upkeep\n|turn|7\n|\n|t:|1700354377\n|switch|p2a: Landorus|Landorus-Therian, M|76\/100\n|-ability|p2a: Landorus|Intimidate|boost\n|-unboost|p1a: Ting-Lu|atk|1\n|move|p1a: Ting-Lu|Earthquake|p2a: Landorus\n|-immune|p2a: Landorus\n|\n|-heal|p1a: Ting-Lu|93\/100|[from] item: Leftovers\n|upkeep\n|turn|8\n|\n|t:|1700354385\n|move|p2a: Landorus|Grass Knot|p1a: Ting-Lu\n|-supereffective|p1a: Ting-Lu\n|-damage|p1a: Ting-Lu|71\/100\n|move|p1a: Ting-Lu|Whirlwind|p2a: Landorus\n|drag|p2a: Iron Moth|Iron Moth|100\/100\n|-enditem|p2a: Iron Moth|Booster Energy\n|-activate|p2a: Iron Moth|ability: Quark Drive|[fromitem]\n|-start|p2a: Iron Moth|quarkdrivespe\n|\n|-end|p1a: Ting-Lu|move: Future Sight\n|-immune|p1a: Ting-Lu\n|-heal|p1a: Ting-Lu|77\/100|[from] item: Leftovers\n|upkeep\n|turn|9\n|\n|t:|1700354398\n|move|p2a: Iron Moth|Fiery Dance|p1a: Ting-Lu\n|-damage|p1a: Ting-Lu|61\/100\n|move|p1a: Ting-Lu|Earthquake|p2a: Iron Moth\n|-supereffective|p2a: Iron Moth\n|-damage|p2a: Iron Moth|0 fnt\n|faint|p2a: Iron Moth\n|-end|p2a: Iron Moth|Quark Drive|[silent]\n|\n|-heal|p1a: Ting-Lu|68\/100|[from] item: Leftovers\n|upkeep\n|\n|t:|1700354407\n|switch|p2a: Ninetales|Ninetales-Alola, F|100\/100\n|-weather|Snow|[from] ability: Snow Warning|[of] p2a: Ninetales\n|turn|10\n|\n|t:|1700354412\n|switch|p1a: FRANCHISE|Cinderace, M|84\/100\n|move|p2a: Ninetales|Aurora Veil|p2a: Ninetales\n|-sidestart|p2: CrazyPiggy14|move: Aurora Veil\n|\n|-weather|Snow|[upkeep]\n|upkeep\n|turn|11\n|\n|t:|1700354419\n|switch|p2a: Slowking|Slowking-Galar, F|63\/100 brn\n|move|p1a: FRANCHISE|Pyro Ball|p2a: Slowking\n|-damage|p2a: Slowking|34\/100 brn\n|\n|-weather|Snow|[upkeep]\n|-damage|p2a: Slowking|28\/100 brn|[from] brn\n|upkeep\n|turn|12\n|\n|t:|1700354422\n|move|p1a: FRANCHISE|Pyro Ball|p2a: Slowking\n|-damage|p2a: Slowking|0 fnt\n|faint|p2a: Slowking\n|\n|-weather|Snow|[upkeep]\n|upkeep\n|\n|t:|1700354426\n|switch|p2a: Garchomp|Garchomp, F|100\/100\n|turn|13\n|\n|t:|1700354428\n|move|p1a: FRANCHISE|Court Change|p1a: FRANCHISE\n|-start|p1a: FRANCHISE|typechange|Normal|[from] ability: Libero\n|-swapsideconditions\n|-activate|p1a: FRANCHISE|move: Court Change\n|move|p2a: Garchomp|Swords Dance|p2a: Garchomp\n|-boost|p2a: Garchomp|atk|2\n|\n|-weather|Snow|[upkeep]\n|upkeep\n|turn|14\n|\n|t:|1700354433\n|move|p1a: FRANCHISE|U-turn|p2a: Garchomp\n|-damage|p2a: Garchomp|78\/100\n|-damage|p1a: FRANCHISE|72\/100|[from] ability: Rough Skin|[of] p2a: Garchomp\n|\n|t:|1700354435\n|switch|p1a: wheezy outta here|Weezing-Galar, M, shiny|48\/100|[from] U-turn\n|-ability|p1a: wheezy outta here|Neutralizing Gas\n|move|p2a: Garchomp|Earthquake|p1a: wheezy outta here\n|-supereffective|p1a: wheezy outta here\n|-damage|p1a: wheezy outta here|0 fnt\n|faint|p1a: wheezy outta here\n|-end|p1a: wheezy outta here|ability: Neutralizing Gas\n|\n|-weather|none\n|upkeep\n|\n|t:|1700354454\n|switch|p1a: KIDS SEE GHOST|Dragapult, M, shiny|100\/100\n|turn|15\n|\n|t:|1700354460\n|switch|p2a: Ninetales|Ninetales-Alola, F|100\/100\n|-damage|p2a: Ninetales|76\/100|[from] Stealth Rock\n|-weather|Snow|[from] ability: Snow Warning|[of] p2a: Ninetales\n|move|p1a: KIDS SEE GHOST|Shadow Ball|p2a: Ninetales\n|-damage|p2a: Ninetales|23\/100\n|\n|-weather|Snow|[upkeep]\n|upkeep\n|turn|16\n|\n|t:|1700354465\n|move|p1a: KIDS SEE GHOST|Shadow Ball|p2a: Ninetales\n|-damage|p2a: Ninetales|0 fnt\n|faint|p2a: Ninetales\n|\n|-weather|Snow|[upkeep]\n|upkeep\n|\n|t:|1700354468\n|switch|p2a: Landorus|Landorus-Therian, M|76\/100\n|-damage|p2a: Landorus|64\/100|[from] Stealth Rock\n|-ability|p2a: Landorus|Intimidate|boost\n|-unboost|p1a: KIDS SEE GHOST|atk|1\n|turn|17\n|\n|t:|1700354472\n|move|p1a: KIDS SEE GHOST|Shadow Ball|p2a: Landorus\n|-damage|p2a: Landorus|9\/100\n|move|p2a: Landorus|Stealth Rock|p1a: KIDS SEE GHOST\n|-sidestart|p1: littensalt|move: Stealth Rock\n|\n|-weather|Snow|[upkeep]\n|-sideend|p1: littensalt|move: Aurora Veil\n|upkeep\n|turn|18\n|-message|CrazyPiggy14 forfeited.\n|\n|win|littensalt\n|raw|littensalt's rating: 1337 &rarr; <strong>1351<\/strong><br \/>(+14 for winning)\n|raw|CrazyPiggy14's rating: 1226 &rarr; <strong>1209<\/strong><br \/>(-17 for losing)\n|l|\u2606CrazyPiggy14\n","uploadtime":1700354483,"views":16,"p1id":"littensalt","p2id":"crazypiggy14","formatid":"gen9ou","rating":1209,"private":0,"password":""}