{"id":"gen9ou-1988416749","p1":"winstrol abuser","p2":"Welcometoearth420","format":"[Gen 9] OU","log":"|j|\u2606winstrol abuser\n|j|\u2606Welcometoearth420\n|t:|1699720620\n|gametype|singles\n|player|p1|winstrol abuser|1|1450\n|player|p2|Welcometoearth420|169|1515\n|teamsize|p1|6\n|teamsize|p2|6\n|gen|9\n|tier|[Gen 9] OU\n|rated|\n|rule|Sleep Clause Mod: Limit one foe put to sleep\n|rule|Species Clause: Limit one of each Pok\u00e9mon\n|rule|OHKO Clause: OHKO moves are banned\n|rule|Evasion Items Clause: Evasion items are banned\n|rule|Evasion Moves Clause: Evasion moves are banned\n|rule|Endless Battle Clause: Forcing endless battles is banned\n|rule|HP Percentage Mod: HP is shown in percentages\n|clearpoke\n|poke|p1|Sandy Shocks|\n|poke|p1|Gholdengo|\n|poke|p1|Samurott-Hisui, F|\n|poke|p1|Sneasler, M|\n|poke|p1|Dragapult, M|\n|poke|p1|Rillaboom, M|\n|poke|p2|Slowking-Galar, F|\n|poke|p2|Rillaboom, F|\n|poke|p2|Sneasler, M|\n|poke|p2|Skeledirge, F|\n|poke|p2|Enamorus, F|\n|poke|p2|Sinistcha|\n|teampreview\n|\n|t:|1699720627\n|start\n|switch|p1a: Sandy Shocks|Sandy Shocks|100\/100\n|switch|p2a: Rillaboom|Rillaboom, F|100\/100\n|-fieldstart|move: Grassy Terrain|[from] ability: Grassy Surge|[of] p2a: Rillaboom\n|turn|1\n|\n|t:|1699720637\n|-terastallize|p1a: Sandy Shocks|Ice\n|move|p2a: Rillaboom|Grassy Glide|p1a: Sandy Shocks\n|-crit|p1a: Sandy Shocks\n|-damage|p1a: Sandy Shocks|35\/100\n|move|p1a: Sandy Shocks|Tera Blast|p2a: Rillaboom|[anim] Tera Blast Ice\n|-supereffective|p2a: Rillaboom\n|-damage|p2a: Rillaboom|2\/100\n|\n|-heal|p1a: Sandy Shocks|41\/100|[from] Grassy Terrain\n|-heal|p2a: Rillaboom|8\/100|[from] Grassy Terrain\n|upkeep\n|turn|2\n|\n|t:|1699720647\n|-end|p1a: Sandy Shocks|Protosynthesis|[silent]\n|switch|p1a: Gholdengo|Gholdengo|100\/100\n|move|p2a: Rillaboom|Grassy Glide|p1a: Gholdengo\n|-resisted|p1a: Gholdengo\n|-damage|p1a: Gholdengo|78\/100\n|\n|-heal|p1a: Gholdengo|84\/100|[from] Grassy Terrain\n|-heal|p2a: Rillaboom|14\/100|[from] Grassy Terrain\n|upkeep\n|turn|3\n|\n|t:|1699720662\n|switch|p2a: Slowking|Slowking-Galar, F|100\/100\n|move|p1a: Gholdengo|Trick|p2a: Slowking\n|-activate|p1a: Gholdengo|move: Trick|[of] p2a: Slowking\n|-item|p2a: Slowking|Choice Scarf|[from] move: Trick\n|-item|p1a: Gholdengo|Assault Vest|[from] move: Trick\n|\n|-heal|p1a: Gholdengo|90\/100|[from] Grassy Terrain\n|upkeep\n|turn|4\n|\n|t:|1699720673\n|switch|p2a: Skeledirge|Skeledirge, F|100\/100\n|move|p1a: Gholdengo|Shadow Ball|p2a: Skeledirge\n|-supereffective|p2a: Skeledirge\n|-damage|p2a: Skeledirge|23\/100\n|\n|-heal|p1a: Gholdengo|96\/100|[from] Grassy Terrain\n|-heal|p2a: Skeledirge|29\/100|[from] Grassy Terrain\n|upkeep\n|turn|5\n|\n|t:|1699720681\n|move|p1a: Gholdengo|Shadow Ball|p2a: Skeledirge\n|-supereffective|p2a: Skeledirge\n|-damage|p2a: Skeledirge|0 fnt\n|faint|p2a: Skeledirge\n|\n|-heal|p1a: Gholdengo|100\/100|[from] Grassy Terrain\n|upkeep\n|\n|t:|1699720683\n|switch|p2a: Enamorus|Enamorus, F|100\/100\n|turn|6\n|\n|t:|1699720693\n|move|p2a: Enamorus|Earth Power|p1a: Gholdengo\n|-supereffective|p1a: Gholdengo\n|-damage|p1a: Gholdengo|48\/100\n|move|p1a: Gholdengo|Make It Rain|p2a: Enamorus\n|-supereffective|p2a: Enamorus\n|-damage|p2a: Enamorus|0 fnt\n|-unboost|p1a: Gholdengo|spa|1\n|faint|p2a: Enamorus\n|\n|-heal|p1a: Gholdengo|54\/100|[from] Grassy Terrain\n|upkeep\n|\n|t:|1699720700\n|switch|p2a: Sinistcha|Sinistcha|100\/100\n|-enditem|p2a: Sinistcha|Grassy Seed\n|-boost|p2a: Sinistcha|def|1|[from] item: Grassy Seed\n|turn|7\n|\n|t:|1699720713\n|switch|p1a: Samurott|Samurott-Hisui, F|100\/100\n|-terastallize|p2a: Sinistcha|Poison\n|move|p2a: Sinistcha|Calm Mind|p2a: Sinistcha\n|-boost|p2a: Sinistcha|spa|1\n|-boost|p2a: Sinistcha|spd|1\n|\n|upkeep\n|turn|8\n|\n|t:|1699720728\n|switch|p1a: Sandy Shocks|Sandy Shocks, tera:Ice|41\/100\n|move|p2a: Sinistcha|Calm Mind|p2a: Sinistcha\n|-boost|p2a: Sinistcha|spa|1\n|-boost|p2a: Sinistcha|spd|1\n|\n|-heal|p1a: Sandy Shocks|47\/100|[from] Grassy Terrain\n|-fieldend|move: Grassy Terrain\n|upkeep\n|turn|9\n|\n|t:|1699720735\n|move|p1a: Sandy Shocks|Earth Power|p2a: Sinistcha\n|-supereffective|p2a: Sinistcha\n|-damage|p2a: Sinistcha|37\/100\n|move|p2a: Sinistcha|Matcha Gotcha|p1a: Sandy Shocks\n|-damage|p1a: Sandy Shocks|0 fnt\n|-heal|p2a: Sinistcha|58\/100|[from] drain|[of] p1a: Sandy Shocks\n|faint|p1a: Sandy Shocks\n|-end|p1a: Sandy Shocks|Protosynthesis|[silent]\n|\n|upkeep\n|\n|t:|1699720754\n|switch|p1a: Rillaboom|Rillaboom, M|100\/100\n|-fieldstart|move: Grassy Terrain|[from] ability: Grassy Surge|[of] p1a: Rillaboom\n|turn|10\n|\n|t:|1699720760\n|move|p1a: Rillaboom|Wood Hammer|p2a: Sinistcha\n|-resisted|p2a: Sinistcha\n|-damage|p2a: Sinistcha|28\/100\n|-damage|p1a: Rillaboom|90\/100|[from] Recoil\n|move|p2a: Sinistcha|Strength Sap|p1a: Rillaboom\n|-unboost|p1a: Rillaboom|atk|1\n|-heal|p2a: Sinistcha|100\/100\n|\n|-heal|p1a: Rillaboom|96\/100|[from] Grassy Terrain\n|upkeep\n|turn|11\n|\n|t:|1699720770\n|switch|p1a: Gholdengo|Gholdengo|54\/100\n|move|p2a: Sinistcha|Calm Mind|p2a: Sinistcha\n|-boost|p2a: Sinistcha|spa|1\n|-boost|p2a: Sinistcha|spd|1\n|\n|-heal|p1a: Gholdengo|60\/100|[from] Grassy Terrain\n|upkeep\n|turn|12\n|-message|winstrol abuser forfeited.\n|\n|win|Welcometoearth420\n|raw|winstrol abuser's rating: 1450 &rarr; <strong>1434<\/strong><br \/>(-16 for losing)\n|raw|Welcometoearth420's rating: 1515 &rarr; <strong>1531<\/strong><br \/>(+16 for winning)\n|l|\u2606winstrol abuser\n|l|\u2606Welcometoearth420\n|j|\u2606Welcometoearth420\n|player|p2|Welcometoearth420|169\n","uploadtime":1699720783,"views":15,"p1id":"winstrolabuser","p2id":"welcometoearth420","formatid":"gen9ou","rating":1434,"private":0,"password":""}