{"id":"gen9ou-1993054294","p1":"kidgaetz","p2":"RSGM","format":"[Gen 9] OU","log":"|j|\u2606kidgaetz\n|j|\u2606RSGM\n|t:|1700259673\n|gametype|singles\n|player|p1|kidgaetz|265|1307\n|player|p2|RSGM|morty|1199\n|teamsize|p1|6\n|teamsize|p2|6\n|gen|9\n|tier|[Gen 9] OU\n|rated|\n|rule|Sleep Clause Mod: Limit one foe put to sleep\n|rule|Species Clause: Limit one of each Pok\u00e9mon\n|rule|OHKO Clause: OHKO moves are banned\n|rule|Evasion Items Clause: Evasion items are banned\n|rule|Evasion Moves Clause: Evasion moves are banned\n|rule|Endless Battle Clause: Forcing endless battles is banned\n|rule|HP Percentage Mod: HP is shown in percentages\n|clearpoke\n|poke|p1|Gholdengo|\n|poke|p1|Kingambit, F|\n|poke|p1|Ceruledge, M|\n|poke|p1|Iron Valiant|\n|poke|p1|Dragonite, M|\n|poke|p1|Weezing-Galar, F|\n|poke|p2|Sneasler, F|\n|poke|p2|Skeledirge, M|\n|poke|p2|Rillaboom, M|\n|poke|p2|Kingambit, M|\n|poke|p2|Dragapult, M|\n|poke|p2|Ogerpon-Cornerstone, F|\n|teampreview\n|inactive|Battle timer is ON: inactive players will automatically lose when time's up. (requested by kidgaetz)\n|\n|t:|1700259683\n|start\n|switch|p1a: Ceruledge|Ceruledge, M|100\/100\n|switch|p2a: Rillaboom|Rillaboom, M|100\/100\n|-fieldstart|move: Grassy Terrain|[from] ability: Grassy Surge|[of] p2a: Rillaboom\n|turn|1\n|\n|t:|1700259690\n|-terastallize|p2a: Rillaboom|Fire\n|move|p2a: Rillaboom|Swords Dance|p2a: Rillaboom\n|-boost|p2a: Rillaboom|atk|2\n|move|p1a: Ceruledge|Bitter Blade|p2a: Rillaboom\n|-resisted|p2a: Rillaboom\n|-damage|p2a: Rillaboom|77\/100\n|\n|-heal|p2a: Rillaboom|83\/100|[from] Grassy Terrain\n|upkeep\n|turn|2\n|\n|t:|1700259717\n|switch|p1a: Dragonite|Dragonite, M|100\/100\n|move|p2a: Rillaboom|Knock Off|p1a: Dragonite\n|-damage|p1a: Dragonite|63\/100\n|-enditem|p1a: Dragonite|Heavy-Duty Boots|[from] move: Knock Off|[of] p2a: Rillaboom\n|\n|-heal|p2a: Rillaboom|90\/100|[from] Grassy Terrain\n|upkeep\n|turn|3\n|\n|t:|1700259736\n|switch|p2a: Ogerpon|Ogerpon-Cornerstone, F|100\/100\n|move|p1a: Dragonite|Earthquake|p2a: Ogerpon\n|-damage|p2a: Ogerpon|77\/100\n|\n|-heal|p2a: Ogerpon|83\/100|[from] Grassy Terrain\n|upkeep\n|turn|4\n|\n|t:|1700259744\n|move|p2a: Ogerpon|Spikes|p1a: Dragonite\n|-sidestart|p1: kidgaetz|Spikes\n|move|p1a: Dragonite|Dragon Dance|p1a: Dragonite\n|-boost|p1a: Dragonite|atk|1\n|-boost|p1a: Dragonite|spe|1\n|\n|-heal|p2a: Ogerpon|89\/100|[from] Grassy Terrain\n|upkeep\n|turn|5\n|\n|t:|1700259752\n|move|p2a: Ogerpon|Encore|p1a: Dragonite\n|-start|p1a: Dragonite|Encore\n|move|p1a: Dragonite|Dragon Dance|p1a: Dragonite\n|-boost|p1a: Dragonite|atk|1\n|-boost|p1a: Dragonite|spe|1\n|\n|-heal|p2a: Ogerpon|95\/100|[from] Grassy Terrain\n|-fieldend|move: Grassy Terrain\n|upkeep\n|turn|6\n|\n|t:|1700259766\n|move|p1a: Dragonite|Dragon Dance|p1a: Dragonite\n|-boost|p1a: Dragonite|atk|1\n|-boost|p1a: Dragonite|spe|1\n|move|p2a: Ogerpon|Spikes|p1a: Dragonite\n|-sidestart|p1: kidgaetz|Spikes\n|\n|upkeep\n|turn|7\n|\n|t:|1700259771\n|move|p1a: Dragonite|Dragon Dance|p1a: Dragonite\n|-boost|p1a: Dragonite|atk|1\n|-boost|p1a: Dragonite|spe|1\n|move|p2a: Ogerpon|Ivy Cudgel|p1a: Dragonite|[anim] Ivy Cudgel Rock\n|-supereffective|p1a: Dragonite\n|-damage|p1a: Dragonite|0 fnt\n|faint|p1a: Dragonite\n|\n|upkeep\n|\n|t:|1700259792\n|switch|p1a: Weezing|Weezing-Galar, F|100\/100\n|turn|8\n|\n|t:|1700259797\n|move|p2a: Ogerpon|Spikes|p1a: Weezing\n|-sidestart|p1: kidgaetz|Spikes\n|move|p1a: Weezing|Will-O-Wisp|p2a: Ogerpon\n|-status|p2a: Ogerpon|brn\n|\n|-damage|p2a: Ogerpon|89\/100 brn|[from] brn\n|upkeep\n|turn|9\n|\n|t:|1700259810\n|move|p2a: Ogerpon|Encore|p1a: Weezing\n|-start|p1a: Weezing|Encore\n|move|p1a: Weezing|Will-O-Wisp|p2a: Ogerpon\n|-fail|p2a: Ogerpon|brn\n|\n|-damage|p2a: Ogerpon|83\/100 brn|[from] brn\n|upkeep\n|turn|10\n|inactive|RSGM has 120 seconds left.\n|\n|t:|1700259849\n|move|p2a: Ogerpon|Ivy Cudgel|p1a: Weezing|[anim] Ivy Cudgel Rock\n|-damage|p1a: Weezing|71\/100\n|move|p1a: Weezing|Will-O-Wisp|p2a: Ogerpon\n|-fail|p2a: Ogerpon|brn\n|\n|-heal|p1a: Weezing|77\/100|[from] item: Leftovers\n|-damage|p2a: Ogerpon|77\/100 brn|[from] brn\n|upkeep\n|turn|11\n|inactive|RSGM has 120 seconds left.\n|\n|t:|1700259874\n|move|p2a: Ogerpon|Ivy Cudgel|p1a: Weezing|[anim] Ivy Cudgel Rock\n|-damage|p1a: Weezing|47\/100\n|move|p1a: Weezing|Will-O-Wisp|p2a: Ogerpon\n|-fail|p2a: Ogerpon|brn\n|\n|-heal|p1a: Weezing|53\/100|[from] item: Leftovers\n|-damage|p2a: Ogerpon|71\/100 brn|[from] brn\n|-end|p1a: Weezing|Encore\n|upkeep\n|turn|12\n|\n|t:|1700259889\n|switch|p1a: Iron Valiant|Iron Valiant|100\/100\n|-damage|p1a: Iron Valiant|76\/100|[from] Spikes\n|-enditem|p1a: Iron Valiant|Booster Energy\n|-activate|p1a: Iron Valiant|ability: Quark Drive|[fromitem]\n|-start|p1a: Iron Valiant|quarkdrivespe\n|move|p2a: Ogerpon|Ivy Cudgel|p1a: Iron Valiant|[anim] Ivy Cudgel Rock\n|-resisted|p1a: Iron Valiant\n|-crit|p1a: Iron Valiant\n|-damage|p1a: Iron Valiant|48\/100\n|\n|-damage|p2a: Ogerpon|65\/100 brn|[from] brn\n|upkeep\n|turn|13\n|\n|t:|1700259901\n|move|p1a: Iron Valiant|Hex|p2a: Ogerpon\n|-damage|p2a: Ogerpon|11\/100 brn\n|move|p2a: Ogerpon|Encore|p1a: Iron Valiant\n|-start|p1a: Iron Valiant|Encore\n|\n|-damage|p2a: Ogerpon|5\/100 brn|[from] brn\n|upkeep\n|turn|14\n|\n|t:|1700259908\n|switch|p2a: Kingambit|Kingambit, M|100\/100\n|move|p1a: Iron Valiant|Hex|p2a: Kingambit\n|-resisted|p2a: Kingambit\n|-damage|p2a: Kingambit|89\/100\n|\n|upkeep\n|turn|15\n|inactive|kidgaetz has 120 seconds left.\n|inactive|kidgaetz has 90 seconds left.\n|inactive|kidgaetz has 60 seconds left.\n|inactive|kidgaetz has 30 seconds left.\n|inactive|kidgaetz has 20 seconds left.\n|inactive|kidgaetz has 15 seconds left.\n|inactive|kidgaetz has 10 seconds left.\n|inactive|kidgaetz has 5 seconds left.\n|\n|t:|1700260056\n|-end|p1a: Iron Valiant|Quark Drive|[silent]\n|switch|p1a: Kingambit|Kingambit, F|100\/100\n|-damage|p1a: Kingambit|76\/100|[from] Spikes\n|-activate|p1a: Kingambit|ability: Supreme Overlord\n|-start|p1a: Kingambit|fallen1|[silent]\n|move|p2a: Kingambit|Swords Dance|p2a: Kingambit\n|-boost|p2a: Kingambit|atk|2\n|\n|-heal|p1a: Kingambit|82\/100|[from] item: Leftovers\n|upkeep\n|turn|16\n|inactive|kidgaetz has 15 seconds left this turn.\n|inactive|kidgaetz has 10 seconds left.\n|\n|t:|1700260064\n|move|p2a: Kingambit|Low Kick|p1a: Kingambit\n|-supereffective|p1a: Kingambit\n|-crit|p1a: Kingambit\n|-damage|p1a: Kingambit|0 fnt\n|faint|p1a: Kingambit\n|-end|p1a: Kingambit|fallen1|[silent]\n|\n|upkeep\n|inactive|kidgaetz has 15 seconds left this turn.\n|inactive|kidgaetz has 10 seconds left.\n|\n|t:|1700260072\n|switch|p1a: Ceruledge|Ceruledge, M|100\/100\n|turn|17\n|inactive|kidgaetz has 20 seconds left this turn.\n|\n|t:|1700260077\n|-terastallize|p1a: Ceruledge|Dark\n|move|p2a: Kingambit|Sucker Punch|p1a: Ceruledge\n|-resisted|p1a: Ceruledge\n|-damage|p1a: Ceruledge|58\/100\n|-ability|p1a: Ceruledge|Weak Armor|boost\n|-unboost|p1a: Ceruledge|def|1\n|-boost|p1a: Ceruledge|spe|2\n|move|p1a: Ceruledge|Bitter Blade|p2a: Kingambit\n|-supereffective|p2a: Kingambit\n|-damage|p2a: Kingambit|5\/100\n|-heal|p1a: Ceruledge|100\/100|[from] drain|[of] p2a: Kingambit\n|\n|upkeep\n|turn|18\n|inactive|kidgaetz has 30 seconds left this turn.\n|inactive|kidgaetz has 20 seconds left.\n|\n|t:|1700260089\n|move|p1a: Ceruledge|Shadow Sneak|p2a: Kingambit\n|-resisted|p2a: Kingambit\n|-damage|p2a: Kingambit|0 fnt\n|faint|p2a: Kingambit\n|-end|p2a: Kingambit|fallenundefined|[silent]\n|\n|upkeep\n|inactive|kidgaetz has 25 seconds left this turn.\n|\n|t:|1700260104\n|switch|p2a: Rillaboom|Rillaboom, M, tera:Fire|90\/100\n|-fieldstart|move: Grassy Terrain|[from] ability: Grassy Surge|[of] p2a: Rillaboom\n|turn|19\n|inactive|kidgaetz has 30 seconds left.\n|\n|t:|1700260112\n|move|p2a: Rillaboom|Grassy Glide|p1a: Ceruledge\n|-damage|p1a: Ceruledge|31\/100\n|-ability|p1a: Ceruledge|Weak Armor|boost\n|-unboost|p1a: Ceruledge|def|1\n|-boost|p1a: Ceruledge|spe|2\n|move|p1a: Ceruledge|Night Slash|p2a: Rillaboom\n|-damage|p2a: Rillaboom|53\/100\n|\n|-heal|p1a: Ceruledge|37\/100|[from] Grassy Terrain\n|-heal|p2a: Rillaboom|59\/100|[from] Grassy Terrain\n|upkeep\n|turn|20\n|inactive|kidgaetz has 30 seconds left.\n|\n|t:|1700260126\n|move|p1a: Ceruledge|Shadow Sneak|p2a: Rillaboom\n|-damage|p2a: Rillaboom|37\/100\n|move|p2a: Rillaboom|Grassy Glide|p1a: Ceruledge\n|-damage|p1a: Ceruledge|0 fnt\n|faint|p1a: Ceruledge\n|\n|-heal|p2a: Rillaboom|44\/100|[from] Grassy Terrain\n|upkeep\n|inactive|kidgaetz has 30 seconds left.\n|\n|t:|1700260134\n|switch|p1a: Weezing|Weezing-Galar, F|53\/100\n|turn|21\n|\n|t:|1700260141\n|move|p2a: Rillaboom|Knock Off|p1a: Weezing\n|-resisted|p1a: Weezing\n|-damage|p1a: Weezing|34\/100\n|-enditem|p1a: Weezing|Leftovers|[from] move: Knock Off|[of] p2a: Rillaboom\n|move|p1a: Weezing|Strange Steam|p2a: Rillaboom\n|-resisted|p2a: Rillaboom\n|-damage|p2a: Rillaboom|23\/100\n|\n|-heal|p2a: Rillaboom|29\/100|[from] Grassy Terrain\n|upkeep\n|turn|22\n|\n|t:|1700260151\n|move|p2a: Rillaboom|Tera Blast|p1a: Weezing|[anim] Tera Blast Fire\n|-damage|p1a: Weezing|0 fnt\n|faint|p1a: Weezing\n|\n|-heal|p2a: Rillaboom|36\/100|[from] Grassy Terrain\n|upkeep\n|\n|t:|1700260161\n|switch|p1a: Iron Valiant|Iron Valiant|48\/100\n|-damage|p1a: Iron Valiant|23\/100|[from] Spikes\n|turn|23\n|\n|t:|1700260167\n|switch|p2a: Sneasler|Sneasler, F|100\/100\n|-enditem|p2a: Sneasler|Grassy Seed\n|-boost|p2a: Sneasler|def|1|[from] item: Grassy Seed\n|move|p1a: Iron Valiant|Thunderbolt|p2a: Sneasler\n|-damage|p2a: Sneasler|61\/100\n|\n|-heal|p2a: Sneasler|67\/100|[from] Grassy Terrain\n|-heal|p1a: Iron Valiant|30\/100|[from] Grassy Terrain\n|-fieldend|move: Grassy Terrain\n|upkeep\n|turn|24\n|\n|t:|1700260181\n|move|p2a: Sneasler|Dire Claw|p1a: Iron Valiant\n|-supereffective|p1a: Iron Valiant\n|-damage|p1a: Iron Valiant|0 fnt\n|faint|p1a: Iron Valiant\n|-end|p1a: Iron Valiant|Quark Drive|[silent]\n|\n|upkeep\n|\n|t:|1700260185\n|switch|p1a: Gholdengo|Gholdengo|100\/100\n|-damage|p1a: Gholdengo|76\/100|[from] Spikes\n|turn|25\n|\n|t:|1700260189\n|move|p2a: Sneasler|Shadow Claw|p1a: Gholdengo\n|-supereffective|p1a: Gholdengo\n|-damage|p1a: Gholdengo|14\/100\n|move|p1a: Gholdengo|Nasty Plot|p1a: Gholdengo\n|-boost|p1a: Gholdengo|spa|2\n|\n|-heal|p1a: Gholdengo|20\/100|[from] item: Leftovers\n|upkeep\n|turn|26\n|\n|t:|1700260197\n|move|p2a: Sneasler|Shadow Claw|p1a: Gholdengo\n|-supereffective|p1a: Gholdengo\n|-damage|p1a: Gholdengo|0 fnt\n|faint|p1a: Gholdengo\n|\n|win|RSGM\n|raw|kidgaetz's rating: 1307 &rarr; <strong>1281<\/strong><br \/>(-26 for losing)\n|raw|RSGM's rating: 1199 &rarr; <strong>1232<\/strong><br \/>(+33 for winning)\n","uploadtime":1700260233,"views":12,"p1id":"kidgaetz","p2id":"rsgm","formatid":"gen9ou","rating":1232,"private":0,"password":""}