{"id":"gen9ou-1992710174","p1":"snotnosezill","p2":"sptea","format":"[Gen 9] OU","log":"|j|\u2606snotnosezill\n|j|\u2606sptea\n|t:|1700227872\n|gametype|singles\n|player|p1|snotnosezill|266|1121\n|player|p2|sptea|266|1089\n|teamsize|p1|6\n|teamsize|p2|6\n|gen|9\n|tier|[Gen 9] OU\n|rated|\n|rule|Sleep Clause Mod: Limit one foe put to sleep\n|rule|Species Clause: Limit one of each Pok\u00e9mon\n|rule|OHKO Clause: OHKO moves are banned\n|rule|Evasion Items Clause: Evasion items are banned\n|rule|Evasion Moves Clause: Evasion moves are banned\n|rule|Endless Battle Clause: Forcing endless battles is banned\n|rule|HP Percentage Mod: HP is shown in percentages\n|clearpoke\n|poke|p1|Ninetales, F|\n|poke|p1|Skeledirge, F|\n|poke|p1|Heatran, M|\n|poke|p1|Walking Wake|\n|poke|p1|Moltres-Galar|\n|poke|p1|Landorus-Therian, M|\n|poke|p2|Mienshao, F|\n|poke|p2|Crawdaunt, F|\n|poke|p2|Zapdos|\n|poke|p2|Great Tusk|\n|poke|p2|Alomomola, F|\n|poke|p2|Overqwil, M|\n|teampreview\n|\n|t:|1700227881\n|start\n|switch|p1a: Landorus|Landorus-Therian, M|100\/100\n|switch|p2a: Alomomola|Alomomola, F|100\/100\n|-ability|p1a: Landorus|Intimidate|boost\n|-unboost|p2a: Alomomola|atk|1\n|turn|1\n|\n|t:|1700227942\n|move|p1a: Landorus|U-turn|p2a: Alomomola\n|-damage|p2a: Alomomola|86\/100\n|inactive|Battle timer is ON: inactive players will automatically lose when time's up. (requested by snotnosezill)\n|\n|t:|1700227966\n|switch|p1a: Ninetales|Ninetales, F|100\/100|[from] U-turn\n|-weather|SunnyDay|[from] ability: Drought|[of] p1a: Ninetales\n|move|p2a: Alomomola|Rain Dance|p2a: Alomomola\n|-weather|RainDance\n|\n|-weather|RainDance|[upkeep]\n|upkeep\n|turn|2\n|\n|t:|1700227980\n|-terastallize|p1a: Ninetales|Grass\n|move|p1a: Ninetales|Hypnosis|p2a: Alomomola|[miss]\n|-miss|p1a: Ninetales|p2a: Alomomola\n|move|p2a: Alomomola|Flip Turn|p1a: Ninetales\n|-resisted|p1a: Ninetales\n|-damage|p1a: Ninetales|90\/100\n|\n|t:|1700227990\n|switch|p2a: Mienshao|Mienshao, F|100\/100|[from] Flip Turn\n|\n|-weather|RainDance|[upkeep]\n|upkeep\n|turn|3\n|\n|t:|1700228019\n|switch|p1a: Skeledirge|Skeledirge, F|100\/100\n|move|p2a: Mienshao|Ice Spinner|p1a: Skeledirge\n|-resisted|p1a: Skeledirge\n|-damage|p1a: Skeledirge|88\/100\n|\n|-weather|RainDance|[upkeep]\n|upkeep\n|turn|4\n|inactive|snotnosezill has 120 seconds left.\n|\n|t:|1700228056\n|switch|p1a: Ninetales|Ninetales, F, tera:Grass|90\/100\n|-weather|SunnyDay|[from] ability: Drought|[of] p1a: Ninetales\n|move|p2a: Mienshao|U-turn|p1a: Ninetales\n|-supereffective|p1a: Ninetales\n|-damage|p1a: Ninetales|33\/100\n|\n|t:|1700228079\n|switch|p2a: Great Tusk|Great Tusk|100\/100|[from] U-turn\n|-activate|p2a: Great Tusk|ability: Protosynthesis\n|-start|p2a: Great Tusk|protosynthesisatk\n|\n|-weather|SunnyDay|[upkeep]\n|upkeep\n|turn|5\n|\n|t:|1700228091\n|-end|p2a: Great Tusk|Protosynthesis|[silent]\n|switch|p2a: Overqwil|Overqwil, M|100\/100\n|switch|p1a: Moltres|Moltres-Galar|100\/100\n|\n|-weather|SunnyDay|[upkeep]\n|upkeep\n|turn|6\n|\n|t:|1700228116\n|move|p2a: Overqwil|Barb Barrage|p1a: Moltres\n|-damage|p1a: Moltres|65\/100\n|-status|p1a: Moltres|psn\n|move|p1a: Moltres|Taunt|p2a: Overqwil\n|-start|p2a: Overqwil|move: Taunt\n|\n|-weather|SunnyDay|[upkeep]\n|-damage|p1a: Moltres|53\/100 psn|[from] psn\n|upkeep\n|turn|7\n|inactive|sptea has 120 seconds left.\n|\n|t:|1700228147\n|switch|p1a: Heatran|Heatran, M|100\/100\n|-item|p1a: Heatran|Air Balloon\n|move|p2a: Overqwil|Barb Barrage|p1a: Heatran\n|-immune|p1a: Heatran\n|\n|-weather|SunnyDay|[upkeep]\n|upkeep\n|turn|8\n|\n|t:|1700228156\n|move|p2a: Overqwil|Crunch|p1a: Heatran\n|-damage|p1a: Heatran|64\/100\n|-status|p2a: Overqwil|brn|[from] ability: Flame Body|[of] p1a: Heatran\n|-enditem|p1a: Heatran|Air Balloon\n|move|p1a: Heatran|Magma Storm|p2a: Overqwil\n|-damage|p2a: Overqwil|0 fnt\n|faint|p2a: Overqwil\n|\n|-weather|SunnyDay|[upkeep]\n|upkeep\n|inactive|sptea has 120 seconds left.\n|\n|t:|1700228171\n|switch|p2a: Zapdos|Zapdos|100\/100\n|turn|9\n|\n|t:|1700228174\n|move|p1a: Heatran|Protect|p1a: Heatran\n|-singleturn|p1a: Heatran|Protect\n|move|p2a: Zapdos|Heat Wave|p1a: Heatran\n|-activate|p1a: Heatran|move: Protect\n|\n|-weather|SunnyDay|[upkeep]\n|upkeep\n|turn|10\n|inactive|snotnosezill has 120 seconds left.\n|\n|t:|1700228182\n|move|p1a: Heatran|Magma Storm|p2a: Zapdos\n|-damage|p2a: Zapdos|28\/100\n|-activate|p2a: Zapdos|move: Magma Storm|[of] p1a: Heatran\n|move|p2a: Zapdos|Heat Wave|p1a: Heatran\n|-damage|p1a: Heatran|9\/100\n|\n|-weather|SunnyDay|[upkeep]\n|-heal|p2a: Zapdos|34\/100|[from] item: Leftovers\n|-damage|p2a: Zapdos|22\/100|[from] move: Magma Storm|[partiallytrapped]\n|upkeep\n|turn|11\n|inactive|snotnosezill has 120 seconds left.\n|\n|t:|1700228192\n|move|p1a: Heatran|Protect|p1a: Heatran\n|-singleturn|p1a: Heatran|Protect\n|move|p2a: Zapdos|Volt Switch|p1a: Heatran\n|-activate|p1a: Heatran|move: Protect\n|\n|-weather|none\n|-heal|p2a: Zapdos|28\/100|[from] item: Leftovers\n|-damage|p2a: Zapdos|15\/100|[from] move: Magma Storm|[partiallytrapped]\n|upkeep\n|turn|12\n|inactive|snotnosezill has 120 seconds left.\n|\n|t:|1700228203\n|switch|p1a: Landorus|Landorus-Therian, M|100\/100\n|-ability|p1a: Landorus|Intimidate|boost\n|-unboost|p2a: Zapdos|atk|1\n|move|p2a: Zapdos|Volt Switch|p1a: Landorus\n|-immune|p1a: Landorus\n|\n|-heal|p2a: Zapdos|22\/100|[from] item: Leftovers\n|-end|p2a: Zapdos|Magma Storm|[partiallytrapped]|[silent]\n|upkeep\n|turn|13\n|inactive|snotnosezill has 120 seconds left.\n|inactive|snotnosezill has 90 seconds left.\n|\n|t:|1700228248\n|move|p1a: Landorus|Stone Edge|p2a: Zapdos|[miss]\n|-miss|p1a: Landorus|p2a: Zapdos\n|move|p2a: Zapdos|Roost|p2a: Zapdos\n|-heal|p2a: Zapdos|72\/100\n|-singleturn|p2a: Zapdos|move: Roost\n|\n|-heal|p2a: Zapdos|78\/100|[from] item: Leftovers\n|upkeep\n|turn|14\n|\n|t:|1700228257\n|switch|p2a: Great Tusk|Great Tusk|100\/100\n|-enditem|p2a: Great Tusk|Booster Energy\n|-activate|p2a: Great Tusk|ability: Protosynthesis|[fromitem]\n|-start|p2a: Great Tusk|protosynthesisatk\n|move|p1a: Landorus|Stone Edge|p2a: Great Tusk|[miss]\n|-miss|p1a: Landorus|p2a: Great Tusk\n|\n|upkeep\n|turn|15\n|inactive|snotnosezill has 90 seconds left.\n|c|\u2606snotnosezill|So lucky\n|c|\u2606sptea|yeah\n|c|\u2606sptea|why flame body though?\n|inactive|snotnosezill has 60 seconds left.\n|\n|t:|1700228315\n|switch|p1a: Walking Wake|Walking Wake|100\/100\n|-enditem|p1a: Walking Wake|Booster Energy\n|-activate|p1a: Walking Wake|ability: Protosynthesis|[fromitem]\n|-start|p1a: Walking Wake|protosynthesisspe\n|move|p2a: Great Tusk|Stone Edge|p1a: Walking Wake\n|-damage|p1a: Walking Wake|49\/100\n|\n|upkeep\n|turn|16\n|\n|t:|1700228324\n|move|p1a: Walking Wake|Hydro Steam|p2a: Great Tusk\n|-supereffective|p2a: Great Tusk\n|-damage|p2a: Great Tusk|0 fnt\n|faint|p2a: Great Tusk\n|-end|p2a: Great Tusk|Protosynthesis|[silent]\n|\n|upkeep\n|\n|t:|1700228329\n|switch|p2a: Mienshao|Mienshao, F|100\/100\n|turn|17\n|inactive|snotnosezill has 60 seconds left.\n|\n|t:|1700228356\n|move|p2a: Mienshao|Fake Out|p1a: Walking Wake\n|-damage|p1a: Walking Wake|34\/100\n|cant|p1a: Walking Wake|flinch\n|\n|upkeep\n|turn|18\n|\n|t:|1700228376\n|move|p1a: Walking Wake|Dragon Pulse|p2a: Mienshao\n|-damage|p2a: Mienshao|56\/100\n|move|p2a: Mienshao|Drain Punch|p1a: Walking Wake\n|-damage|p1a: Walking Wake|0 fnt\n|-heal|p2a: Mienshao|73\/100|[from] drain|[of] p1a: Walking Wake\n|faint|p1a: Walking Wake\n|-end|p1a: Walking Wake|Protosynthesis|[silent]\n|\n|upkeep\n|c|\u2606snotnosezill|Mistake\n|c|\u2606snotnosezill|Should be flash\n|inactive|snotnosezill has 30 seconds left.\n|c|\u2606sptea|ah\n|inactive|snotnosezill has 20 seconds left.\n|inactive|snotnosezill has 15 seconds left.\n|inactive|snotnosezill has 10 seconds left.\n|\n|t:|1700228426\n|switch|p1a: Landorus|Landorus-Therian, M|100\/100\n|-ability|p1a: Landorus|Intimidate|boost\n|-unboost|p2a: Mienshao|atk|1\n|turn|19\n|inactive|snotnosezill has 20 seconds left this turn.\n|inactive|snotnosezill has 15 seconds left.\n|inactive|snotnosezill has 10 seconds left.\n|inactive|snotnosezill has 5 seconds left.\n|\n|t:|1700228441\n|move|p1a: Landorus|Earthquake|p2a: Mienshao\n|-damage|p2a: Mienshao|0 fnt\n|faint|p2a: Mienshao\n|\n|upkeep\n|inactive|snotnosezill has 10 seconds left this turn.\n|\n|t:|1700228455\n|switch|p2a: Alomomola|Alomomola, F|100\/100\n|turn|20\n|inactive|snotnosezill has 20 seconds left this turn.\n|inactive|snotnosezill has 15 seconds left.\n|inactive|snotnosezill has 10 seconds left.\n|inactive|snotnosezill has 5 seconds left.\n|\n|t:|1700228473\n|switch|p1a: Ninetales|Ninetales, F, tera:Grass|33\/100\n|-weather|SunnyDay|[from] ability: Drought|[of] p1a: Ninetales\n|move|p2a: Alomomola|Flip Turn|p1a: Ninetales\n|-resisted|p1a: Ninetales\n|-damage|p1a: Ninetales|28\/100\n|inactive|snotnosezill has 10 seconds left this turn.\n|\n|t:|1700228487\n|switch|p2a: Zapdos|Zapdos|78\/100|[from] Flip Turn\n|\n|-weather|SunnyDay|[upkeep]\n|-heal|p2a: Zapdos|84\/100|[from] item: Leftovers\n|upkeep\n|turn|21\n|inactive|snotnosezill has 20 seconds left this turn.\n|inactive|snotnosezill has 15 seconds left.\n|inactive|snotnosezill has 10 seconds left.\n|\n|t:|1700228500\n|switch|p1a: Landorus|Landorus-Therian, M|100\/100\n|-ability|p1a: Landorus|Intimidate|boost\n|-unboost|p2a: Zapdos|atk|1\n|move|p2a: Zapdos|Heat Wave|p1a: Landorus\n|-damage|p1a: Landorus|24\/100\n|\n|-weather|SunnyDay|[upkeep]\n|-heal|p2a: Zapdos|90\/100|[from] item: Leftovers\n|upkeep\n|turn|22\n|inactive|snotnosezill has 20 seconds left this turn.\n|inactive|snotnosezill has 15 seconds left.\n|\n|t:|1700228510\n|switch|p2a: Alomomola|Alomomola, F|100\/100\n|move|p1a: Landorus|Stone Edge|p2a: Alomomola|[miss]\n|-miss|p1a: Landorus|p2a: Alomomola\n|\n|-weather|SunnyDay|[upkeep]\n|upkeep\n|turn|23\n|inactive|snotnosezill has 25 seconds left this turn.\n|inactive|snotnosezill has 20 seconds left.\n|c|\u2606sptea|damn\n|\n|t:|1700228519\n|switch|p1a: Heatran|Heatran, M|9\/100\n|move|p2a: Alomomola|Wish|p2a: Alomomola\n|\n|-weather|SunnyDay|[upkeep]\n|upkeep\n|turn|24\n|inactive|snotnosezill has 30 seconds left this turn.\n|\n|t:|1700228527\n|move|p1a: Heatran|Magma Storm|p2a: Alomomola\n|-resisted|p2a: Alomomola\n|-damage|p2a: Alomomola|58\/100\n|-activate|p2a: Alomomola|move: Magma Storm|[of] p1a: Heatran\n|move|p2a: Alomomola|Scald|p1a: Heatran\n|-supereffective|p1a: Heatran\n|-damage|p1a: Heatran|0 fnt\n|faint|p1a: Heatran\n|\n|-weather|SunnyDay|[upkeep]\n|-heal|p2a: Alomomola|100\/100|[from] move: Wish|[wisher] Alomomola\n|-end|p2a: Alomomola|Magma Storm|[partiallytrapped]|[silent]\n|upkeep\n|inactive|snotnosezill has 30 seconds left this turn.\n|inactive|snotnosezill has 20 seconds left.\n|\n|t:|1700228542\n|switch|p1a: Skeledirge|Skeledirge, F|88\/100\n|turn|25\n|inactive|snotnosezill has 30 seconds left this turn.\n|\n|t:|1700228545\n|move|p1a: Skeledirge|Sing|p2a: Alomomola\n|-status|p2a: Alomomola|slp|[from] move: Sing\n|cant|p2a: Alomomola|slp\n|\n|-weather|SunnyDay|[upkeep]\n|upkeep\n|turn|26\n|\n|t:|1700228552\n|move|p1a: Skeledirge|Torch Song|p2a: Alomomola\n|-resisted|p2a: Alomomola\n|-damage|p2a: Alomomola|61\/100 slp\n|-boost|p1a: Skeledirge|spa|1\n|cant|p2a: Alomomola|slp\n|\n|-weather|SunnyDay|[upkeep]\n|upkeep\n|turn|27\n|\n|t:|1700228560\n|move|p1a: Skeledirge|Torch Song|p2a: Alomomola\n|-resisted|p2a: Alomomola\n|-damage|p2a: Alomomola|8\/100 slp\n|-boost|p1a: Skeledirge|spa|1\n|-curestatus|p2a: Alomomola|slp|[msg]\n|move|p2a: Alomomola|Rain Dance|p2a: Alomomola\n|-weather|RainDance\n|\n|-weather|RainDance|[upkeep]\n|upkeep\n|turn|28\n|\n|t:|1700228570\n|switch|p2a: Zapdos|Zapdos|90\/100\n|move|p1a: Skeledirge|Torch Song|p2a: Zapdos\n|-damage|p2a: Zapdos|49\/100\n|-boost|p1a: Skeledirge|spa|1\n|\n|-weather|RainDance|[upkeep]\n|-heal|p2a: Zapdos|56\/100|[from] item: Leftovers\n|upkeep\n|turn|29\n|\n|t:|1700228585\n|move|p2a: Zapdos|Thunder|p1a: Skeledirge\n|-damage|p1a: Skeledirge|19\/100\n|move|p1a: Skeledirge|Sing|p2a: Zapdos\n|-status|p2a: Zapdos|slp|[from] move: Sing\n|\n|-weather|RainDance|[upkeep]\n|-heal|p2a: Zapdos|62\/100 slp|[from] item: Leftovers\n|upkeep\n|turn|30\n|\n|t:|1700228596\n|switch|p2a: Alomomola|Alomomola, F|41\/100\n|move|p1a: Skeledirge|Torch Song|p2a: Alomomola\n|-resisted|p2a: Alomomola\n|-damage|p2a: Alomomola|14\/100\n|-boost|p1a: Skeledirge|spa|1\n|\n|-weather|RainDance|[upkeep]\n|upkeep\n|turn|31\n|\n|t:|1700228605\n|switch|p2a: Zapdos|Zapdos|62\/100 slp\n|move|p1a: Skeledirge|Torch Song|p2a: Zapdos\n|-damage|p2a: Zapdos|0 fnt\n|-boost|p1a: Skeledirge|spa|1\n|faint|p2a: Zapdos\n|\n|-weather|RainDance|[upkeep]\n|upkeep\n|\n|t:|1700228613\n|switch|p2a: Crawdaunt|Crawdaunt, F|100\/100\n|turn|32\n|inactive|snotnosezill has 60 seconds left.\n|inactive|snotnosezill has 30 seconds left.\n|inactive|snotnosezill has 20 seconds left.\n|inactive|snotnosezill has 15 seconds left.\n|inactive|snotnosezill has 10 seconds left.\n|inactive|snotnosezill has 5 seconds left.\n|\n|t:|1700228677\n|move|p2a: Crawdaunt|Dragon Dance|p2a: Crawdaunt\n|-boost|p2a: Crawdaunt|atk|1\n|-boost|p2a: Crawdaunt|spe|1\n|move|p1a: Skeledirge|Torch Song|p2a: Crawdaunt\n|-resisted|p2a: Crawdaunt\n|-damage|p2a: Crawdaunt|30\/100\n|-boost|p1a: Skeledirge|spa|1\n|\n|-weather|RainDance|[upkeep]\n|upkeep\n|turn|33\n|inactive|snotnosezill has 15 seconds left this turn.\n|inactive|snotnosezill has 10 seconds left.\n|inactive|snotnosezill has 5 seconds left.\n|\n|t:|1700228696\n|move|p2a: Crawdaunt|Aqua Jet|p1a: Skeledirge\n|-supereffective|p1a: Skeledirge\n|-damage|p1a: Skeledirge|0 fnt\n|faint|p1a: Skeledirge\n|\n|-weather|RainDance|[upkeep]\n|upkeep\n|inactive|snotnosezill has 10 seconds left this turn.\n|inactive|snotnosezill has 5 seconds left.\n|\n|t:|1700228703\n|switch|p1a: Ninetales|Ninetales, F, tera:Grass|28\/100\n|-weather|SunnyDay|[from] ability: Drought|[of] p1a: Ninetales\n|turn|34\n|inactive|snotnosezill has 15 seconds left this turn.\n|inactive|snotnosezill has 10 seconds left.\n|\n|t:|1700228715\n|-terastallize|p2a: Crawdaunt|Water\n|move|p2a: Crawdaunt|Aqua Jet|p1a: Ninetales\n|-resisted|p1a: Ninetales\n|-damage|p1a: Ninetales|14\/100\n|move|p1a: Ninetales|Will-O-Wisp|p2a: Crawdaunt\n|-status|p2a: Crawdaunt|brn\n|\n|-weather|SunnyDay|[upkeep]\n|-damage|p2a: Crawdaunt|24\/100 brn|[from] brn\n|upkeep\n|turn|35\n|inactive|snotnosezill has 20 seconds left this turn.\n|inactive|snotnosezill has 15 seconds left.\n|inactive|snotnosezill has 10 seconds left.\n|\n|t:|1700228728\n|move|p2a: Crawdaunt|Aqua Jet|p1a: Ninetales\n|-resisted|p1a: Ninetales\n|-damage|p1a: Ninetales|6\/100\n|move|p1a: Ninetales|Healing Wish|p1a: Ninetales\n|faint|p1a: Ninetales\n|\n|-weather|SunnyDay|[upkeep]\n|-damage|p2a: Crawdaunt|18\/100 brn|[from] brn\n|upkeep\n|inactive|snotnosezill has 15 seconds left this turn.\n|inactive|snotnosezill has 10 seconds left.\n|inactive|snotnosezill has 5 seconds left.\n|\n|t:|1700228742\n|switch|p1a: Moltres|Moltres-Galar|53\/100 psn\n|-heal|p1a: Moltres|100\/100|[from] move: Healing Wish\n|turn|36\n|inactive|snotnosezill has 15 seconds left this turn.\n|inactive|snotnosezill has 10 seconds left.\n|\n|t:|1700228748\n|move|p2a: Crawdaunt|Knock Off|p1a: Moltres\n|-resisted|p1a: Moltres\n|-damage|p1a: Moltres|78\/100\n|-enditem|p1a: Moltres|Sitrus Berry|[from] move: Knock Off|[of] p2a: Crawdaunt\n|move|p1a: Moltres|Fiery Wrath|p2a: Crawdaunt\n|-damage|p2a: Crawdaunt|0 fnt\n|faint|p2a: Crawdaunt\n|\n|-weather|SunnyDay|[upkeep]\n|upkeep\n|inactive|snotnosezill has 15 seconds left this turn.\n|\n|t:|1700228751\n|switch|p2a: Alomomola|Alomomola, F|47\/100\n|turn|37\n|inactive|snotnosezill has 25 seconds left this turn.\n|c|\u2606sptea|gg\n|inactive|snotnosezill has 20 seconds left.\n|\n|t:|1700228761\n|move|p1a: Moltres|Taunt|p2a: Alomomola\n|-start|p2a: Alomomola|move: Taunt\n|cant|p2a: Alomomola|move: Taunt|Wish\n|\n|-weather|SunnyDay|[upkeep]\n|upkeep\n|turn|38\n|inactive|snotnosezill has 30 seconds left this turn.\n|\n|t:|1700228769\n|move|p1a: Moltres|Nasty Plot|p1a: Moltres\n|-boost|p1a: Moltres|spa|2\n|move|p2a: Alomomola|Scald|p1a: Moltres\n|-damage|p1a: Moltres|72\/100\n|-status|p1a: Moltres|brn\n|\n|-weather|SunnyDay|[upkeep]\n|-damage|p1a: Moltres|66\/100 brn|[from] brn\n|upkeep\n|turn|39\n|inactive|snotnosezill has 30 seconds left.\n|\n|t:|1700228782\n|move|p1a: Moltres|Fiery Wrath|p2a: Alomomola\n|-crit|p2a: Alomomola\n|-damage|p2a: Alomomola|0 fnt\n|faint|p2a: Alomomola\n|\n|win|snotnosezill\n|raw|snotnosezill's rating: 1121 &rarr; <strong>1144<\/strong><br \/>(+23 for winning)\n|raw|sptea's rating: 1089 &rarr; <strong>1068<\/strong><br \/>(-21 for losing)\n|l|\u2606sptea\n|c|\u2606snotnosezill|Gg\n","uploadtime":1700228790,"views":13,"p1id":"snotnosezill","p2id":"sptea","formatid":"gen9ou","rating":1068,"private":0,"password":""}