{"id":"gen9ou-1995660075","p1":"DeaVyx","p2":"Frishitos","format":"[Gen 9] OU","log":"|j|\u2606DeaVyx\n|j|\u2606Frishitos\n|t:|1700591635\n|gametype|singles\n|player|p1|DeaVyx|102|1244\n|player|p2|Frishitos|roxie|1238\n|teamsize|p1|6\n|teamsize|p2|6\n|gen|9\n|tier|[Gen 9] OU\n|rated|\n|rule|Sleep Clause Mod: Limit one foe put to sleep\n|rule|Species Clause: Limit one of each Pok\u00e9mon\n|rule|OHKO Clause: OHKO moves are banned\n|rule|Evasion Items Clause: Evasion items are banned\n|rule|Evasion Moves Clause: Evasion moves are banned\n|rule|Endless Battle Clause: Forcing endless battles is banned\n|rule|HP Percentage Mod: HP is shown in percentages\n|clearpoke\n|poke|p1|Clodsire, M|\n|poke|p1|Dragonite, F|\n|poke|p1|Arcanine, F|\n|poke|p1|Corviknight, F|\n|poke|p1|Zapdos|\n|poke|p1|Gengar, M|\n|poke|p2|Noivern, M|\n|poke|p2|Cresselia, F|\n|poke|p2|Azelf|\n|poke|p2|Cinderace, F|\n|poke|p2|Grimmsnarl, M|\n|poke|p2|Volcanion|\n|teampreview\n|inactive|Battle timer is ON: inactive players will automatically lose when time's up. (requested by Frishitos)\n|\n|t:|1700591649\n|start\n|switch|p1a: Clodsire|Clodsire, M, shiny|100\/100\n|switch|p2a: Moody Blues|Azelf|100\/100\n|turn|1\n|\n|t:|1700591656\n|move|p2a: Moody Blues|Psychic|p1a: Clodsire\n|-supereffective|p1a: Clodsire\n|-damage|p1a: Clodsire|29\/100\n|-damage|p2a: Moody Blues|91\/100|[from] item: Life Orb\n|move|p1a: Clodsire|Toxic|p2a: Moody Blues\n|-status|p2a: Moody Blues|tox\n|\n|-heal|p1a: Clodsire|36\/100|[from] item: Leftovers\n|-damage|p2a: Moody Blues|84\/100 tox|[from] psn\n|upkeep\n|turn|2\n|\n|t:|1700591667\n|switch|p1a: Corviknight|Corviknight, F, shiny|100\/100\n|move|p2a: Moody Blues|Psychic|p1a: Corviknight\n|-resisted|p1a: Corviknight\n|-damage|p1a: Corviknight|69\/100\n|-damage|p2a: Moody Blues|74\/100 tox|[from] item: Life Orb\n|\n|-damage|p2a: Moody Blues|62\/100 tox|[from] psn\n|upkeep\n|turn|3\n|\n|t:|1700591677\n|move|p2a: Moody Blues|Thunderbolt|p1a: Corviknight\n|-supereffective|p1a: Corviknight\n|-damage|p1a: Corviknight|0 fnt\n|faint|p1a: Corviknight\n|-damage|p2a: Moody Blues|52\/100 tox|[from] item: Life Orb\n|\n|-damage|p2a: Moody Blues|34\/100 tox|[from] psn\n|upkeep\n|\n|t:|1700591689\n|switch|p1a: Gengar|Gengar, M|100\/100\n|turn|4\n|\n|t:|1700591694\n|switch|p2a: Born This Way|Grimmsnarl, M, shiny|100\/100\n|move|p1a: Gengar|Shadow Ball|p2a: Born This Way\n|-resisted|p2a: Born This Way\n|-damage|p2a: Born This Way|73\/100\n|\n|upkeep\n|turn|5\n|\n|t:|1700591701\n|switch|p1a: Clodsire|Clodsire, M, shiny|36\/100\n|move|p2a: Born This Way|Sucker Punch||[still]\n|-fail|p2a: Born This Way\n|\n|-heal|p1a: Clodsire|42\/100|[from] item: Leftovers\n|upkeep\n|turn|6\n|\n|t:|1700591707\n|move|p2a: Born This Way|Taunt|p1a: Clodsire\n|-start|p1a: Clodsire|move: Taunt\n|cant|p1a: Clodsire|move: Taunt|Recover\n|\n|-heal|p1a: Clodsire|48\/100|[from] item: Leftovers\n|upkeep\n|turn|7\n|\n|t:|1700591713\n|move|p2a: Born This Way|Parting Shot|p1a: Clodsire\n|-unboost|p1a: Clodsire|atk|1\n|-unboost|p1a: Clodsire|spa|1\n|\n|t:|1700591729\n|switch|p2a: In a Silent Way|Noivern, M|100\/100|[from] Parting Shot\n|move|p1a: Clodsire|Earthquake|p2a: In a Silent Way\n|-immune|p2a: In a Silent Way\n|\n|-heal|p1a: Clodsire|54\/100|[from] item: Leftovers\n|upkeep\n|turn|8\n|\n|t:|1700591742\n|switch|p1a: Zapdos|Zapdos|100\/100\n|move|p2a: In a Silent Way|Boomburst|p1a: Zapdos\n|-damage|p1a: Zapdos|52\/100\n|-damage|p2a: In a Silent Way|91\/100|[from] item: Life Orb\n|\n|-heal|p1a: Zapdos|58\/100|[from] item: Leftovers\n|upkeep\n|turn|9\n|\n|t:|1700591757\n|move|p2a: In a Silent Way|Draco Meteor|p1a: Zapdos\n|-damage|p1a: Zapdos|0 fnt\n|-unboost|p2a: In a Silent Way|spa|2\n|faint|p1a: Zapdos\n|-damage|p2a: In a Silent Way|81\/100|[from] item: Life Orb\n|\n|upkeep\n|\n|t:|1700591775\n|switch|p1a: Dragonite|Dragonite, F|100\/100\n|turn|10\n|\n|t:|1700591783\n|switch|p2a: C-Moon|Cresselia, F, shiny|100\/100\n|-terastallize|p1a: Dragonite|Ground\n|move|p1a: Dragonite|Dragon Dance|p1a: Dragonite\n|-boost|p1a: Dragonite|atk|1\n|-boost|p1a: Dragonite|spe|1\n|\n|upkeep\n|turn|11\n|\n|t:|1700591791\n|-terastallize|p2a: C-Moon|Electric\n|move|p1a: Dragonite|Dragon Dance|p1a: Dragonite\n|-boost|p1a: Dragonite|atk|1\n|-boost|p1a: Dragonite|spe|1\n|move|p2a: C-Moon|Reflect|p2a: C-Moon\n|-sidestart|p2: Frishitos|Reflect\n|\n|upkeep\n|turn|12\n|\n|t:|1700591809\n|switch|p2a: Moody Blues|Azelf|34\/100 tox\n|move|p1a: Dragonite|Extreme Speed|p2a: Moody Blues\n|-damage|p2a: Moody Blues|0 fnt\n|faint|p2a: Moody Blues\n|\n|upkeep\n|\n|t:|1700591821\n|switch|p2a: Born This Way|Grimmsnarl, M, shiny|73\/100\n|turn|13\n|\n|t:|1700591831\n|move|p2a: Born This Way|Fake Out|p1a: Dragonite\n|-damage|p1a: Dragonite|89\/100\n|-damage|p2a: Born This Way|63\/100|[from] item: Life Orb\n|cant|p1a: Dragonite|flinch\n|\n|upkeep\n|turn|14\n|\n|t:|1700591849\n|move|p2a: Born This Way|Sucker Punch||[still]\n|-fail|p2a: Born This Way\n|move|p1a: Dragonite|Dragon Dance|p1a: Dragonite\n|-boost|p1a: Dragonite|atk|1\n|-boost|p1a: Dragonite|spe|1\n|\n|upkeep\n|turn|15\n|\n|t:|1700591873\n|move|p1a: Dragonite|Extreme Speed|p2a: Born This Way\n|-damage|p2a: Born This Way|23\/100\n|move|p2a: Born This Way|Sucker Punch||[still]\n|-fail|p2a: Born This Way\n|\n|upkeep\n|turn|16\n|\n|t:|1700591880\n|move|p1a: Dragonite|Extreme Speed|p2a: Born This Way\n|-crit|p2a: Born This Way\n|-damage|p2a: Born This Way|0 fnt\n|faint|p2a: Born This Way\n|\n|upkeep\n|\n|t:|1700591902\n|switch|p2a: In a Silent Way|Noivern, M|81\/100\n|turn|17\n|\n|t:|1700591917\n|move|p1a: Dragonite|Extreme Speed|p2a: In a Silent Way\n|-damage|p2a: In a Silent Way|26\/100\n|move|p2a: In a Silent Way|Draco Meteor|p1a: Dragonite\n|-damage|p1a: Dragonite|17\/100\n|-unboost|p2a: In a Silent Way|spa|2\n|-damage|p2a: In a Silent Way|16\/100|[from] item: Life Orb\n|\n|upkeep\n|turn|18\n|\n|t:|1700591925\n|move|p1a: Dragonite|Extreme Speed|p2a: In a Silent Way\n|-damage|p2a: In a Silent Way|0 fnt\n|faint|p2a: In a Silent Way\n|\n|-sideend|p2: Frishitos|Reflect\n|upkeep\n|\n|t:|1700591931\n|switch|p2a: C-Moon|Cresselia, F, shiny, tera:Electric|100\/100\n|turn|19\n|\n|t:|1700591939\n|move|p1a: Dragonite|Extreme Speed|p2a: C-Moon\n|-damage|p2a: C-Moon|60\/100\n|move|p2a: C-Moon|Reflect|p2a: C-Moon\n|-sidestart|p2: Frishitos|Reflect\n|\n|upkeep\n|turn|20\n|\n|t:|1700591949\n|move|p1a: Dragonite|Extreme Speed|p2a: C-Moon\n|-damage|p2a: C-Moon|41\/100\n|move|p2a: C-Moon|Moonlight|p2a: C-Moon\n|-heal|p2a: C-Moon|91\/100\n|\n|upkeep\n|turn|21\n|\n|t:|1700591970\n|move|p1a: Dragonite|Extreme Speed|p2a: C-Moon\n|-damage|p2a: C-Moon|71\/100\n|move|p2a: C-Moon|Light Screen|p2a: C-Moon\n|-sidestart|p2: Frishitos|move: Light Screen\n|\n|upkeep\n|turn|22\n|\n|t:|1700591977\n|move|p1a: Dragonite|Fly||[still]\n|-prepare|p1a: Dragonite|Fly\n|move|p2a: C-Moon|Moonlight|p2a: C-Moon\n|-heal|p2a: C-Moon|100\/100\n|\n|upkeep\n|turn|23\n|\n|t:|1700591984\n|move|p1a: Dragonite|Fly|p2a: C-Moon|[from]lockedmove\n|-resisted|p2a: C-Moon\n|-damage|p2a: C-Moon|84\/100\n|move|p2a: C-Moon|Thunder Wave|p1a: Dragonite\n|-immune|p1a: Dragonite\n|\n|upkeep\n|turn|24\n|\n|t:|1700592003\n|switch|p2a: Catch the Rainbow|Volcanion|100\/100\n|move|p1a: Dragonite|Fly||[still]\n|-prepare|p1a: Dragonite|Fly\n|\n|upkeep\n|turn|25\n|\n|t:|1700592014\n|move|p1a: Dragonite|Fly|p2a: Catch the Rainbow|[from]lockedmove\n|-damage|p2a: Catch the Rainbow|35\/100\n|move|p2a: Catch the Rainbow|Steam Eruption|p1a: Dragonite\n|-supereffective|p1a: Dragonite\n|-damage|p1a: Dragonite|0 fnt\n|faint|p1a: Dragonite\n|\n|upkeep\n|\n|t:|1700592023\n|switch|p1a: Gengar|Gengar, M|100\/100\n|turn|26\n|\n|t:|1700592048\n|move|p1a: Gengar|Shadow Ball|p2a: Catch the Rainbow\n|-damage|p2a: Catch the Rainbow|21\/100\n|move|p2a: Catch the Rainbow|Earth Power|p1a: Gengar\n|-supereffective|p1a: Gengar\n|-damage|p1a: Gengar|0 fnt\n|faint|p1a: Gengar\n|\n|-sideend|p2: Frishitos|Reflect\n|upkeep\n|\n|t:|1700592063\n|switch|p1a: Arcanine|Arcanine, F|100\/100\n|-ability|p1a: Arcanine|Intimidate|boost\n|-unboost|p2a: Catch the Rainbow|atk|1\n|turn|27\n|inactive|DeaVyx has 120 seconds left.\n|\n|t:|1700592078\n|switch|p2a: C-Moon|Cresselia, F, shiny, tera:Electric|84\/100\n|move|p1a: Arcanine|Play Rough|p2a: C-Moon\n|-damage|p2a: C-Moon|62\/100\n|\n|upkeep\n|turn|28\n|\n|t:|1700592084\n|switch|p1a: Clodsire|Clodsire, M, shiny|54\/100\n|move|p2a: C-Moon|Thunder Wave|p1a: Clodsire\n|-immune|p1a: Clodsire\n|\n|-heal|p1a: Clodsire|61\/100|[from] item: Leftovers\n|-sideend|p2: Frishitos|move: Light Screen\n|upkeep\n|turn|29\n|\n|t:|1700592092\n|switch|p2a: Catch the Rainbow|Volcanion|21\/100\n|move|p1a: Clodsire|Recover|p1a: Clodsire\n|-heal|p1a: Clodsire|100\/100\n|\n|upkeep\n|turn|30\n|\n|t:|1700592100\n|move|p2a: Catch the Rainbow|Steam Eruption|p1a: Clodsire\n|-supereffective|p1a: Clodsire\n|-damage|p1a: Clodsire|38\/100\n|-status|p1a: Clodsire|brn\n|move|p1a: Clodsire|Earthquake|p2a: Catch the Rainbow\n|-supereffective|p2a: Catch the Rainbow\n|-damage|p2a: Catch the Rainbow|0 fnt\n|faint|p2a: Catch the Rainbow\n|\n|-heal|p1a: Clodsire|45\/100 brn|[from] item: Leftovers\n|-damage|p1a: Clodsire|38\/100 brn|[from] brn\n|upkeep\n|inactive|Frishitos has 120 seconds left.\n|inactive|Frishitos has 90 seconds left.\n|\n|t:|1700592164\n|switch|p2a: Planet Waves|Cinderace, F|100\/100\n|turn|31\n|inactive|Frishitos has 90 seconds left.\n|\n|t:|1700592178\n|switch|p1a: Arcanine|Arcanine, F|100\/100\n|-ability|p1a: Arcanine|Intimidate|boost\n|-unboost|p2a: Planet Waves|atk|1\n|move|p2a: Planet Waves|Pyro Ball|p1a: Arcanine\n|-resisted|p1a: Arcanine\n|-damage|p1a: Arcanine|61\/100\n|\n|upkeep\n|turn|32\n|\n|t:|1700592195\n|switch|p2a: C-Moon|Cresselia, F, shiny, tera:Electric|62\/100\n|move|p1a: Arcanine|Play Rough|p2a: C-Moon\n|-damage|p2a: C-Moon|40\/100\n|\n|upkeep\n|turn|33\n|\n|t:|1700592203\n|switch|p1a: Clodsire|Clodsire, M, shiny|38\/100 brn\n|move|p2a: C-Moon|Reflect|p2a: C-Moon\n|-sidestart|p2: Frishitos|Reflect\n|\n|-heal|p1a: Clodsire|45\/100 brn|[from] item: Leftovers\n|-damage|p1a: Clodsire|38\/100 brn|[from] brn\n|upkeep\n|turn|34\n|\n|t:|1700592211\n|move|p2a: C-Moon|Light Screen|p2a: C-Moon\n|-sidestart|p2: Frishitos|move: Light Screen\n|move|p1a: Clodsire|Recover|p1a: Clodsire\n|-heal|p1a: Clodsire|88\/100 brn\n|\n|-heal|p1a: Clodsire|95\/100 brn|[from] item: Leftovers\n|-damage|p1a: Clodsire|88\/100 brn|[from] brn\n|upkeep\n|turn|35\n|\n|t:|1700592220\n|switch|p2a: Planet Waves|Cinderace, F|100\/100\n|move|p1a: Clodsire|Stealth Rock|p2a: Planet Waves\n|-sidestart|p2: Frishitos|move: Stealth Rock\n|\n|-heal|p1a: Clodsire|95\/100 brn|[from] item: Leftovers\n|-damage|p1a: Clodsire|88\/100 brn|[from] brn\n|upkeep\n|turn|36\n|inactive|Frishitos has 120 seconds left.\n|\n|t:|1700592232\n|move|p2a: Planet Waves|Pyro Ball|p1a: Clodsire\n|-damage|p1a: Clodsire|0 fnt\n|faint|p1a: Clodsire\n|\n|upkeep\n|\n|t:|1700592236\n|switch|p1a: Arcanine|Arcanine, F|61\/100\n|-ability|p1a: Arcanine|Intimidate|boost\n|-unboost|p2a: Planet Waves|atk|1\n|turn|37\n|\n|t:|1700592244\n|switch|p2a: C-Moon|Cresselia, F, shiny, tera:Electric|40\/100\n|-damage|p2a: C-Moon|27\/100|[from] Stealth Rock\n|move|p1a: Arcanine|Play Rough|p2a: C-Moon\n|-damage|p2a: C-Moon|17\/100\n|\n|upkeep\n|turn|38\n|\n|t:|1700592250\n|move|p1a: Arcanine|Play Rough|p2a: C-Moon\n|-damage|p2a: C-Moon|7\/100\n|-unboost|p2a: C-Moon|atk|1\n|move|p2a: C-Moon|Moonlight|p2a: C-Moon\n|-heal|p2a: C-Moon|57\/100\n|\n|upkeep\n|turn|39\n|\n|t:|1700592257\n|move|p1a: Arcanine|Play Rough|p2a: C-Moon\n|-damage|p2a: C-Moon|46\/100\n|move|p2a: C-Moon|Moonlight|p2a: C-Moon\n|-heal|p2a: C-Moon|96\/100\n|\n|upkeep\n|turn|40\n|-message|DeaVyx forfeited.\n|\n|win|Frishitos\n|raw|DeaVyx's rating: 1244 &rarr; <strong>1219<\/strong><br \/>(-25 for losing)\n|raw|Frishitos's rating: 1238 &rarr; <strong>1263<\/strong><br \/>(+25 for winning)\n|l|\u2606DeaVyx\n","uploadtime":1700592270,"views":0,"p1id":"deavyx","p2id":"frishitos","formatid":"gen9ou","rating":1219,"private":0,"password":""}