{"id":"gen9ou-1995001651","p1":"trhtrht","p2":"alejandrolpda","format":"[Gen 9] OU","log":"|j|\u2606trhtrht\n|j|\u2606alejandrolpda\n|t:|1700512226\n|gametype|singles\n|player|p1|trhtrht|265|1199\n|player|p2|alejandrolpda|266|1179\n|teamsize|p1|6\n|teamsize|p2|6\n|gen|9\n|tier|[Gen 9] OU\n|rated|\n|rule|Sleep Clause Mod: Limit one foe put to sleep\n|rule|Species Clause: Limit one of each Pok\u00e9mon\n|rule|OHKO Clause: OHKO moves are banned\n|rule|Evasion Items Clause: Evasion items are banned\n|rule|Evasion Moves Clause: Evasion moves are banned\n|rule|Endless Battle Clause: Forcing endless battles is banned\n|rule|HP Percentage Mod: HP is shown in percentages\n|clearpoke\n|poke|p1|Ninetales-Alola, M|\n|poke|p1|Great Tusk|\n|poke|p1|Hatterene, F|\n|poke|p1|Iron Moth|\n|poke|p1|Zamazenta-*|\n|poke|p1|Dragonite, F|\n|poke|p2|Ninetales-Alola, F|\n|poke|p2|Articuno|\n|poke|p2|Froslass, F|\n|poke|p2|Dragalge, F|\n|poke|p2|Arcanine-Hisui, M|\n|poke|p2|Abomasnow, M|\n|teampreview\n|inactive|Battle timer is ON: inactive players will automatically lose when time's up. (requested by alejandrolpda)\n|\n|t:|1700512253\n|start\n|switch|p1a: Zamazenta|Zamazenta|100\/100\n|switch|p2a: Froslass|Froslass, F, shiny|100\/100\n|-ability|p1a: Zamazenta|Dauntless Shield|boost\n|-boost|p1a: Zamazenta|def|1\n|turn|1\n|\n|t:|1700512266\n|move|p1a: Zamazenta|Substitute|p1a: Zamazenta\n|-start|p1a: Zamazenta|Substitute\n|-damage|p1a: Zamazenta|75\/100\n|move|p2a: Froslass|Thunder Wave|p1a: Zamazenta|[miss]\n|-miss|p2a: Froslass|p1a: Zamazenta\n|\n|-heal|p1a: Zamazenta|82\/100|[from] item: Leftovers\n|upkeep\n|turn|2\n|\n|t:|1700512275\n|move|p1a: Zamazenta|Crunch|p2a: Froslass\n|-supereffective|p2a: Froslass\n|-damage|p2a: Froslass|42\/100\n|move|p2a: Froslass|Hex|p1a: Zamazenta\n|-activate|p1a: Zamazenta|move: Substitute|[damage]\n|\n|-heal|p1a: Zamazenta|88\/100|[from] item: Leftovers\n|upkeep\n|turn|3\n|\n|t:|1700512285\n|move|p1a: Zamazenta|Crunch|p2a: Froslass\n|-supereffective|p2a: Froslass\n|-damage|p2a: Froslass|0 fnt\n|faint|p2a: Froslass\n|\n|-heal|p1a: Zamazenta|94\/100|[from] item: Leftovers\n|upkeep\n|\n|t:|1700512300\n|switch|p2a: Articuno|Articuno, shiny|100\/100\n|-ability|p2a: Articuno|Pressure\n|turn|4\n|\n|t:|1700512306\n|move|p1a: Zamazenta|Iron Defense|p1a: Zamazenta\n|-boost|p1a: Zamazenta|def|2\n|move|p2a: Articuno|Air Slash|p1a: Zamazenta\n|-supereffective|p1a: Zamazenta\n|-end|p1a: Zamazenta|Substitute\n|\n|-heal|p1a: Zamazenta|99\/100|[from] item: Leftovers\n|upkeep\n|turn|5\n|\n|t:|1700512314\n|move|p1a: Zamazenta|Body Press|p2a: Articuno\n|-damage|p2a: Articuno|43\/100\n|move|p2a: Articuno|Haze|p2a: Articuno\n|-clearallboost\n|\n|-heal|p1a: Zamazenta|100\/100|[from] item: Leftovers\n|-heal|p2a: Articuno|49\/100|[from] item: Leftovers\n|upkeep\n|turn|6\n|\n|t:|1700512327\n|switch|p1a: Iron Moth|Iron Moth|100\/100\n|-enditem|p1a: Iron Moth|Booster Energy\n|-activate|p1a: Iron Moth|ability: Quark Drive|[fromitem]\n|-start|p1a: Iron Moth|quarkdrivespe\n|move|p2a: Articuno|Air Slash|p1a: Iron Moth\n|-damage|p1a: Iron Moth|72\/100\n|\n|-heal|p2a: Articuno|55\/100|[from] item: Leftovers\n|upkeep\n|turn|7\n|\n|t:|1700512339\n|switch|p2a: Dragalge|Dragalge, F, shiny|100\/100\n|move|p1a: Iron Moth|Fiery Dance|p2a: Dragalge\n|-resisted|p2a: Dragalge\n|-damage|p2a: Dragalge|89\/100\n|-boost|p1a: Iron Moth|spa|1\n|\n|upkeep\n|turn|8\n|\n|t:|1700512347\n|move|p1a: Iron Moth|Substitute|p1a: Iron Moth\n|-start|p1a: Iron Moth|Substitute\n|-damage|p1a: Iron Moth|47\/100\n|move|p2a: Dragalge|Scald|p1a: Iron Moth\n|-supereffective|p1a: Iron Moth\n|-end|p1a: Iron Moth|Substitute\n|\n|upkeep\n|turn|9\n|\n|t:|1700512372\n|-end|p1a: Iron Moth|Quark Drive|[silent]\n|switch|p1a: Ninetales|Ninetales-Alola, M|100\/100\n|-weather|Snow|[from] ability: Snow Warning|[of] p1a: Ninetales\n|move|p2a: Dragalge|Scald|p1a: Ninetales\n|-damage|p1a: Ninetales|74\/100\n|\n|-weather|Snow|[upkeep]\n|upkeep\n|turn|10\n|\n|t:|1700512383\n|move|p1a: Ninetales|Encore|p2a: Dragalge\n|-start|p2a: Dragalge|Encore\n|move|p2a: Dragalge|Scald|p1a: Ninetales\n|-damage|p1a: Ninetales|48\/100\n|-status|p1a: Ninetales|brn\n|\n|-weather|Snow|[upkeep]\n|-damage|p1a: Ninetales|42\/100 brn|[from] brn\n|upkeep\n|turn|11\n|\n|t:|1700512405\n|switch|p2a: Articuno|Articuno, shiny|55\/100\n|-ability|p2a: Articuno|Pressure\n|move|p1a: Ninetales|Aurora Veil|p1a: Ninetales\n|-sidestart|p1: trhtrht|move: Aurora Veil\n|\n|-weather|Snow|[upkeep]\n|-heal|p2a: Articuno|61\/100|[from] item: Leftovers\n|-damage|p1a: Ninetales|36\/100 brn|[from] brn\n|upkeep\n|turn|12\n|\n|t:|1700512416\n|switch|p1a: Hatterene|Hatterene, F|100\/100\n|move|p2a: Articuno|Roost|p2a: Articuno\n|-heal|p2a: Articuno|100\/100\n|-singleturn|p2a: Articuno|move: Roost\n|\n|-weather|Snow|[upkeep]\n|upkeep\n|turn|13\n|\n|t:|1700512429\n|switch|p2a: Ninetales|Ninetales-Alola, F, shiny|100\/100\n|move|p1a: Hatterene|Mystical Fire|p2a: Ninetales\n|-supereffective|p2a: Ninetales\n|-damage|p2a: Ninetales|56\/100\n|-unboost|p2a: Ninetales|spa|1\n|\n|-weather|none\n|upkeep\n|turn|14\n|\n|t:|1700512445\n|move|p2a: Ninetales|Aurora Veil||[still]\n|-fail|p2a: Ninetales\n|move|p1a: Hatterene|Calm Mind|p1a: Hatterene\n|-boost|p1a: Hatterene|spa|1\n|-boost|p1a: Hatterene|spd|1\n|\n|upkeep\n|turn|15\n|\n|t:|1700512450\n|move|p2a: Ninetales|Snowscape|p2a: Ninetales\n|-weather|Snow\n|move|p1a: Hatterene|Calm Mind|p1a: Hatterene\n|-boost|p1a: Hatterene|spa|1\n|-boost|p1a: Hatterene|spd|1\n|\n|-weather|Snow|[upkeep]\n|upkeep\n|turn|16\n|\n|t:|1700512456\n|move|p2a: Ninetales|Aurora Veil|p2a: Ninetales\n|-sidestart|p2: alejandrolpda|move: Aurora Veil\n|move|p1a: Hatterene|Mystical Fire|p2a: Ninetales\n|-supereffective|p2a: Ninetales\n|-damage|p2a: Ninetales|12\/100\n|-unboost|p2a: Ninetales|spa|1\n|\n|-weather|Snow|[upkeep]\n|upkeep\n|turn|17\n|\n|t:|1700512464\n|switch|p2a: Articuno|Articuno, shiny|100\/100\n|-ability|p2a: Articuno|Pressure\n|move|p1a: Hatterene|Calm Mind|p1a: Hatterene\n|-boost|p1a: Hatterene|spa|1\n|-boost|p1a: Hatterene|spd|1\n|\n|-weather|Snow|[upkeep]\n|upkeep\n|turn|18\n|\n|t:|1700512484\n|switch|p1a: Iron Moth|Iron Moth|47\/100\n|move|p2a: Articuno|Haze|p2a: Articuno\n|-clearallboost\n|\n|-weather|Snow|[upkeep]\n|-sideend|p1: trhtrht|move: Aurora Veil\n|upkeep\n|turn|19\n|\n|t:|1700512494\n|-end|p1a: Iron Moth|Quark Drive|[silent]\n|switch|p1a: Dragonite|Dragonite, F|100\/100\n|move|p2a: Articuno|Air Slash|p1a: Dragonite\n|-damage|p1a: Dragonite|88\/100\n|\n|-weather|none\n|upkeep\n|turn|20\n|\n|t:|1700512504\n|switch|p1a: Hatterene|Hatterene, F|100\/100\n|move|p2a: Articuno|Freeze-Dry|p1a: Hatterene\n|-damage|p1a: Hatterene|75\/100\n|\n|-heal|p1a: Hatterene|81\/100|[from] item: Leftovers\n|upkeep\n|turn|21\n|\n|t:|1700512512\n|switch|p2a: Abomasnow|Abomasnow, M, shiny|100\/100\n|-weather|Snow|[from] ability: Snow Warning|[of] p2a: Abomasnow\n|move|p1a: Hatterene|Mystical Fire|p2a: Abomasnow\n|-supereffective|p2a: Abomasnow\n|-damage|p2a: Abomasnow|54\/100\n|-unboost|p2a: Abomasnow|spa|1\n|\n|-weather|Snow|[upkeep]\n|-heal|p1a: Hatterene|87\/100|[from] item: Leftovers\n|upkeep\n|turn|22\n|\n|t:|1700512522\n|switch|p2a: Arcanine|Arcanine-Hisui, M|100\/100\n|move|p1a: Hatterene|Calm Mind|p1a: Hatterene\n|-boost|p1a: Hatterene|spa|1\n|-boost|p1a: Hatterene|spd|1\n|\n|-weather|Snow|[upkeep]\n|-heal|p1a: Hatterene|93\/100|[from] item: Leftovers\n|upkeep\n|turn|23\n|\n|t:|1700512550\n|switch|p1a: Iron Moth|Iron Moth|47\/100\n|move|p2a: Arcanine|Head Smash|p1a: Iron Moth|[miss]\n|-miss|p2a: Arcanine|p1a: Iron Moth\n|\n|-weather|Snow|[upkeep]\n|-sideend|p2: alejandrolpda|move: Aurora Veil\n|upkeep\n|turn|24\n|\n|t:|1700512559\n|switch|p2a: Dragalge|Dragalge, F, shiny|89\/100\n|move|p1a: Iron Moth|Energy Ball|p2a: Dragalge\n|-resisted|p2a: Dragalge\n|-damage|p2a: Dragalge|85\/100\n|\n|-weather|Snow|[upkeep]\n|upkeep\n|turn|25\n|\n|t:|1700512566\n|move|p1a: Iron Moth|Sludge Wave|p2a: Dragalge\n|-resisted|p2a: Dragalge\n|-crit|p2a: Dragalge\n|-damage|p2a: Dragalge|66\/100\n|move|p2a: Dragalge|Scald|p1a: Iron Moth\n|-supereffective|p1a: Iron Moth\n|-damage|p1a: Iron Moth|0 fnt\n|faint|p1a: Iron Moth\n|-end|p1a: Iron Moth|Quark Drive|[silent]\n|\n|-weather|Snow|[upkeep]\n|upkeep\n|\n|t:|1700512575\n|switch|p1a: Hatterene|Hatterene, F|93\/100\n|turn|26\n|\n|t:|1700512587\n|move|p2a: Dragalge|Sludge Bomb|p1a: Hatterene\n|-supereffective|p1a: Hatterene\n|-damage|p1a: Hatterene|0 fnt\n|faint|p1a: Hatterene\n|\n|-weather|Snow|[upkeep]\n|upkeep\n|inactive|trhtrht has 120 seconds left.\n|\n|t:|1700512618\n|switch|p1a: Ninetales|Ninetales-Alola, M|36\/100 brn\n|turn|27\n|\n|t:|1700512623\n|move|p1a: Ninetales|Aurora Veil|p1a: Ninetales\n|-sidestart|p1: trhtrht|move: Aurora Veil\n|move|p2a: Dragalge|Sludge Bomb|p1a: Ninetales\n|-supereffective|p1a: Ninetales\n|-damage|p1a: Ninetales|0 fnt\n|faint|p1a: Ninetales\n|\n|-weather|Snow|[upkeep]\n|upkeep\n|\n|t:|1700512628\n|switch|p1a: Great Tusk|Great Tusk|100\/100\n|-enditem|p1a: Great Tusk|Booster Energy\n|-activate|p1a: Great Tusk|ability: Protosynthesis|[fromitem]\n|-start|p1a: Great Tusk|protosynthesisspe\n|turn|28\n|\n|t:|1700512639\n|move|p1a: Great Tusk|Headlong Rush|p2a: Dragalge\n|-supereffective|p2a: Dragalge\n|-damage|p2a: Dragalge|0 fnt\n|-unboost|p1a: Great Tusk|def|1\n|-unboost|p1a: Great Tusk|spd|1\n|faint|p2a: Dragalge\n|\n|-weather|none\n|upkeep\n|\n|t:|1700512650\n|switch|p2a: Articuno|Articuno, shiny|100\/100\n|-ability|p2a: Articuno|Pressure\n|turn|29\n|\n|t:|1700512658\n|-terastallize|p1a: Great Tusk|Ice\n|move|p1a: Great Tusk|Bulk Up|p1a: Great Tusk\n|-boost|p1a: Great Tusk|atk|1\n|-boost|p1a: Great Tusk|def|1\n|move|p2a: Articuno|Air Slash|p1a: Great Tusk\n|-damage|p1a: Great Tusk|77\/100\n|\n|upkeep\n|turn|30\n|\n|t:|1700512669\n|move|p1a: Great Tusk|Close Combat|p2a: Articuno\n|-damage|p2a: Articuno|52\/100\n|-unboost|p1a: Great Tusk|def|1\n|-unboost|p1a: Great Tusk|spd|1\n|move|p2a: Articuno|Haze|p2a: Articuno\n|-clearallboost\n|\n|-heal|p2a: Articuno|58\/100|[from] item: Leftovers\n|upkeep\n|turn|31\n|\n|t:|1700512678\n|move|p1a: Great Tusk|Bulk Up|p1a: Great Tusk\n|-boost|p1a: Great Tusk|atk|1\n|-boost|p1a: Great Tusk|def|1\n|move|p2a: Articuno|Air Slash|p1a: Great Tusk\n|-damage|p1a: Great Tusk|61\/100\n|\n|-heal|p2a: Articuno|64\/100|[from] item: Leftovers\n|upkeep\n|turn|32\n|\n|t:|1700512685\n|move|p1a: Great Tusk|Close Combat|p2a: Articuno\n|-damage|p2a: Articuno|10\/100\n|-unboost|p1a: Great Tusk|def|1\n|-unboost|p1a: Great Tusk|spd|1\n|move|p2a: Articuno|Air Slash|p1a: Great Tusk\n|-damage|p1a: Great Tusk|37\/100\n|\n|-heal|p2a: Articuno|16\/100|[from] item: Leftovers\n|upkeep\n|turn|33\n|\n|t:|1700512701\n|move|p1a: Great Tusk|Ice Spinner|p2a: Articuno\n|-damage|p2a: Articuno|0 fnt\n|faint|p2a: Articuno\n|\n|upkeep\n|inactive|alejandrolpda has 120 seconds left.\n|\n|t:|1700512722\n|switch|p2a: Arcanine|Arcanine-Hisui, M|100\/100\n|turn|34\n|\n|t:|1700512728\n|-terastallize|p2a: Arcanine|Rock\n|move|p1a: Great Tusk|Close Combat|p2a: Arcanine\n|-supereffective|p2a: Arcanine\n|-damage|p2a: Arcanine|0 fnt\n|-unboost|p1a: Great Tusk|def|1\n|-unboost|p1a: Great Tusk|spd|1\n|faint|p2a: Arcanine\n|\n|-sideend|p1: trhtrht|move: Aurora Veil\n|upkeep\n|-message|alejandrolpda forfeited.\n|\n|win|trhtrht\n|raw|trhtrht's rating: 1199 &rarr; <strong>1223<\/strong><br \/>(+24 for winning)\n|raw|alejandrolpda's rating: 1179 &rarr; <strong>1155<\/strong><br \/>(-24 for losing)\n|l|\u2606alejandrolpda\n","uploadtime":1700512741,"views":6,"p1id":"trhtrht","p2id":"alejandrolpda","formatid":"gen9ou","rating":1155,"private":0,"password":""}