{"id":"gen9ou-1998159661","p1":"vilosa","p2":"jzhuc1841","format":"[Gen 9] OU","log":"|j|\u2606vilosa\n|j|\u2606jzhuc1841\n|t:|1700903165\n|gametype|singles\n|player|p1|vilosa|akari|1507\n|player|p2|jzhuc1841|hilbert-wonderlauncher|1590\n|teamsize|p1|6\n|teamsize|p2|6\n|gen|9\n|tier|[Gen 9] OU\n|rated|\n|rule|Sleep Clause Mod: Limit one foe put to sleep\n|rule|Species Clause: Limit one of each Pok\u00e9mon\n|rule|OHKO Clause: OHKO moves are banned\n|rule|Evasion Items Clause: Evasion items are banned\n|rule|Evasion Moves Clause: Evasion moves are banned\n|rule|Endless Battle Clause: Forcing endless battles is banned\n|rule|HP Percentage Mod: HP is shown in percentages\n|clearpoke\n|poke|p1|Kingambit, M|\n|poke|p1|Ogerpon-Wellspring, F|\n|poke|p1|Samurott-Hisui, M|\n|poke|p1|Gholdengo|\n|poke|p1|Great Tusk|\n|poke|p1|Enamorus, F|\n|poke|p2|Ogerpon-Wellspring, F|\n|poke|p2|Kingambit, M|\n|poke|p2|Iron Moth|\n|poke|p2|Iron Valiant|\n|poke|p2|Zamazenta-*|\n|poke|p2|Glimmora, M|\n|teampreview\n|\n|t:|1700903172\n|start\n|switch|p1a: Samurott|Samurott-Hisui, M|100\/100\n|switch|p2a: Glimmora|Glimmora, M|100\/100\n|-item|p2a: Glimmora|Air Balloon\n|turn|1\n|inactive|Battle timer is ON: inactive players will automatically lose when time's up. (requested by vilosa)\n|\n|t:|1700903181\n|move|p1a: Samurott|Ceaseless Edge|p2a: Glimmora\n|-damage|p2a: Glimmora|44\/100\n|-activate|p2a: Glimmora|ability: Toxic Debris\n|-sidestart|p1: vilosa|move: Toxic Spikes\n|-enditem|p2a: Glimmora|Air Balloon\n|-sidestart|p2: jzhuc1841|Spikes\n|move|p2a: Glimmora|Sludge Wave|p1a: Samurott\n|-damage|p1a: Samurott|26\/100\n|\n|upkeep\n|turn|2\n|\n|t:|1700903192\n|move|p1a: Samurott|Ceaseless Edge|p2a: Glimmora\n|-damage|p2a: Glimmora|0 fnt\n|-activate|p2a: Glimmora|ability: Toxic Debris\n|-sidestart|p1: vilosa|move: Toxic Spikes\n|-sidestart|p2: jzhuc1841|Spikes\n|faint|p2a: Glimmora\n|\n|upkeep\n|\n|t:|1700903197\n|switch|p2a: Iron Moth|Iron Moth|100\/100\n|-damage|p2a: Iron Moth|84\/100|[from] Spikes\n|-enditem|p2a: Iron Moth|Booster Energy\n|-activate|p2a: Iron Moth|ability: Quark Drive|[fromitem]\n|-start|p2a: Iron Moth|quarkdrivespe\n|turn|3\n|\n|t:|1700903205\n|move|p2a: Iron Moth|Energy Ball|p1a: Samurott\n|-supereffective|p1a: Samurott\n|-damage|p1a: Samurott|0 fnt\n|faint|p1a: Samurott\n|\n|upkeep\n|\n|t:|1700903208\n|switch|p1a: Great Tusk|Great Tusk|100\/100\n|-status|p1a: Great Tusk|tox\n|turn|4\n|\n|t:|1700903215\n|-terastallize|p1a: Great Tusk|Poison\n|move|p2a: Iron Moth|Energy Ball|p1a: Great Tusk\n|-resisted|p1a: Great Tusk\n|-damage|p1a: Great Tusk|81\/100 tox\n|-unboost|p1a: Great Tusk|spd|1\n|move|p1a: Great Tusk|Headlong Rush|p2a: Iron Moth\n|-supereffective|p2a: Iron Moth\n|-damage|p2a: Iron Moth|0 fnt\n|-unboost|p1a: Great Tusk|def|1\n|-unboost|p1a: Great Tusk|spd|1\n|faint|p2a: Iron Moth\n|-end|p2a: Iron Moth|Quark Drive|[silent]\n|\n|-damage|p1a: Great Tusk|75\/100 tox|[from] psn\n|upkeep\n|\n|t:|1700903224\n|switch|p2a: Iron Valiant|Iron Valiant|100\/100\n|-damage|p2a: Iron Valiant|84\/100|[from] Spikes\n|-enditem|p2a: Iron Valiant|Booster Energy\n|-activate|p2a: Iron Valiant|ability: Quark Drive|[fromitem]\n|-start|p2a: Iron Valiant|quarkdrivespe\n|turn|5\n|\n|t:|1700903231\n|-end|p1a: Great Tusk|Protosynthesis|[silent]\n|switch|p1a: Enamorus|Enamorus, F|100\/100\n|move|p2a: Iron Valiant|Psyshock|p1a: Enamorus\n|-damage|p1a: Enamorus|55\/100\n|\n|upkeep\n|turn|6\n|\n|t:|1700903239\n|move|p2a: Iron Valiant|Moonblast|p1a: Enamorus\n|-damage|p1a: Enamorus|0 fnt\n|faint|p1a: Enamorus\n|\n|upkeep\n|\n|t:|1700903243\n|switch|p1a: Great Tusk|Great Tusk, tera:Poison|75\/100 tox\n|-sideend|p1: vilosa|move: Toxic Spikes|[of] p1a: Great Tusk\n|turn|7\n|\n|t:|1700903249\n|move|p2a: Iron Valiant|Psyshock|p1a: Great Tusk\n|-supereffective|p1a: Great Tusk\n|-damage|p1a: Great Tusk|46\/100 tox\n|move|p1a: Great Tusk|Rapid Spin|p2a: Iron Valiant\n|-crit|p2a: Iron Valiant\n|-damage|p2a: Iron Valiant|55\/100\n|-boost|p1a: Great Tusk|spe|1\n|\n|-damage|p1a: Great Tusk|40\/100 tox|[from] psn\n|upkeep\n|turn|8\n|\n|t:|1700903261\n|move|p2a: Iron Valiant|Thunderbolt|p1a: Great Tusk\n|-damage|p1a: Great Tusk|3\/100 tox\n|move|p1a: Great Tusk|Headlong Rush|p2a: Iron Valiant\n|-damage|p2a: Iron Valiant|0 fnt\n|-unboost|p1a: Great Tusk|def|1\n|-unboost|p1a: Great Tusk|spd|1\n|faint|p2a: Iron Valiant\n|-end|p2a: Iron Valiant|Quark Drive|[silent]\n|\n|-damage|p1a: Great Tusk|0 fnt|[from] psn\n|faint|p1a: Great Tusk\n|-end|p1a: Great Tusk|Protosynthesis|[silent]\n|upkeep\n|\n|t:|1700903274\n|switch|p2a: Zamazenta|Zamazenta|100\/100\n|switch|p1a: Ogerpon|Ogerpon-Wellspring, F|100\/100\n|-damage|p2a: Zamazenta|84\/100|[from] Spikes\n|-ability|p2a: Zamazenta|Dauntless Shield|boost\n|-boost|p2a: Zamazenta|def|1\n|turn|9\n|\n|t:|1700903282\n|switch|p1a: Gholdengo|Gholdengo|100\/100\n|-item|p1a: Gholdengo|Air Balloon\n|move|p2a: Zamazenta|Substitute|p2a: Zamazenta\n|-start|p2a: Zamazenta|Substitute\n|-damage|p2a: Zamazenta|59\/100\n|\n|-heal|p2a: Zamazenta|65\/100|[from] item: Leftovers\n|upkeep\n|turn|10\n|\n|t:|1700903286\n|move|p2a: Zamazenta|Crunch|p1a: Gholdengo\n|-supereffective|p1a: Gholdengo\n|-damage|p1a: Gholdengo|52\/100\n|-enditem|p1a: Gholdengo|Air Balloon\n|move|p1a: Gholdengo|Dazzling Gleam|p2a: Zamazenta\n|-supereffective|p2a: Zamazenta\n|-end|p2a: Zamazenta|Substitute\n|\n|-heal|p2a: Zamazenta|71\/100|[from] item: Leftovers\n|upkeep\n|turn|11\n|\n|t:|1700903295\n|-terastallize|p2a: Zamazenta|Steel\n|move|p2a: Zamazenta|Substitute|p2a: Zamazenta\n|-start|p2a: Zamazenta|Substitute\n|-damage|p2a: Zamazenta|46\/100\n|move|p1a: Gholdengo|Dazzling Gleam|p2a: Zamazenta\n|-resisted|p2a: Zamazenta\n|-activate|p2a: Zamazenta|move: Substitute|[damage]\n|\n|-heal|p2a: Zamazenta|52\/100|[from] item: Leftovers\n|upkeep\n|turn|12\n|\n|t:|1700903302\n|move|p2a: Zamazenta|Iron Defense|p2a: Zamazenta\n|-boost|p2a: Zamazenta|def|2\n|move|p1a: Gholdengo|Shadow Ball|p2a: Zamazenta\n|-end|p2a: Zamazenta|Substitute\n|\n|-heal|p2a: Zamazenta|59\/100|[from] item: Leftovers\n|upkeep\n|turn|13\n|\n|t:|1700903306\n|move|p2a: Zamazenta|Crunch|p1a: Gholdengo\n|-supereffective|p1a: Gholdengo\n|-damage|p1a: Gholdengo|0 fnt\n|faint|p1a: Gholdengo\n|\n|-heal|p2a: Zamazenta|65\/100|[from] item: Leftovers\n|upkeep\n|\n|t:|1700903315\n|switch|p1a: Ogerpon|Ogerpon-Wellspring, F|100\/100\n|turn|14\n|\n|t:|1700903319\n|move|p2a: Zamazenta|Body Press|p1a: Ogerpon\n|-damage|p1a: Ogerpon|0 fnt\n|faint|p1a: Ogerpon\n|\n|-heal|p2a: Zamazenta|71\/100|[from] item: Leftovers\n|upkeep\n|-message|vilosa forfeited.\n|\n|win|jzhuc1841\n|raw|vilosa's rating: 1507 &rarr; <strong>1492<\/strong><br \/>(-15 for losing)\n|raw|jzhuc1841's rating: 1590 &rarr; <strong>1605<\/strong><br \/>(+15 for winning)\n|l|\u2606vilosa\n|c|\u2606jzhuc1841|gg\n","uploadtime":1700903331,"views":1,"p1id":"vilosa","p2id":"jzhuc1841","formatid":"gen9ou","rating":1492,"private":0,"password":""}