{"id":"gen9ou-1988652073","p1":"dumass777","p2":"aceman2798","format":"[Gen 9] OU","log":"|j|\u2606dumass777\n|j|\u2606aceman2798\n|t:|1699746455\n|gametype|singles\n|player|p1|dumass777|rei|\n|player|p2|aceman2798|byron|\n|teamsize|p1|4\n|teamsize|p2|5\n|gen|9\n|tier|[Gen 9] OU\n|rule|Sleep Clause Mod: Limit one foe put to sleep\n|rule|Species Clause: Limit one of each Pok\u00e9mon\n|rule|OHKO Clause: OHKO moves are banned\n|rule|Evasion Items Clause: Evasion items are banned\n|rule|Evasion Moves Clause: Evasion moves are banned\n|rule|Endless Battle Clause: Forcing endless battles is banned\n|rule|HP Percentage Mod: HP is shown in percentages\n|clearpoke\n|poke|p1|Chesnaught, M|\n|poke|p1|Rillaboom, F|\n|poke|p1|Appletun, F|\n|poke|p1|Meowscarada, F|\n|poke|p2|Ursaluna, F|\n|poke|p2|Braviary, M|\n|poke|p2|Dudunsparce-*, F|\n|poke|p2|Wyrdeer, M|\n|poke|p2|Gholdengo|\n|teampreview\n|c|\u2606dumass777|good luck fam\n|j| guzmfran\n|c|\u2606dumass777|why do you have gholdengo\n|c| guzmfran|He is Special\n|c|\u2606aceman2798|special treatment :)\n|j| Tubaguia_Ofc\n|c|\u2606dumass777|bruh\n|c| guzmfran|He win a tournament\n|c|\u2606dumass777|aight\n|c|\u2606aceman2798|just lead meow\n|c| guzmfran|Before this one\n|\n|t:|1699746528\n|start\n|switch|p1a: Meowscarada|Meowscarada, F|100\/100\n|switch|p2a: Braviary|Braviary, M|100\/100\n|turn|1\n|\n|t:|1699746536\n|move|p1a: Meowscarada|Power Gem|p2a: Braviary\n|-start|p1a: Meowscarada|typechange|Rock|[from] ability: Protean\n|-supereffective|p2a: Braviary\n|-damage|p2a: Braviary|27\/100\n|move|p2a: Braviary|Bulk Up|p2a: Braviary\n|-boost|p2a: Braviary|atk|1\n|-boost|p2a: Braviary|def|1\n|\n|upkeep\n|turn|2\n|c| guzmfran|Gg\n|\n|t:|1699746549\n|switch|p1a: Rillaboom|Rillaboom, F, shiny|100\/100\n|-fieldstart|move: Grassy Terrain|[from] ability: Grassy Surge|[of] p1a: Rillaboom\n|switch|p2a: Dudunsparce|Dudunsparce, F|100\/100\n|\n|upkeep\n|turn|3\n|\n|t:|1699746565\n|move|p1a: Rillaboom|U-turn|p2a: Dudunsparce\n|-damage|p2a: Dudunsparce|75\/100\n|-ability|p2a: Dudunsparce|Rattled|boost\n|-boost|p2a: Dudunsparce|spe|1\n|\n|t:|1699746571\n|switch|p1a: Chesnaught|Chesnaught, M|100\/100|[from] U-turn\n|move|p2a: Dudunsparce|Glare|p1a: Chesnaught\n|-status|p1a: Chesnaught|par\n|\n|-heal|p2a: Dudunsparce|81\/100|[from] Grassy Terrain\n|-heal|p2a: Dudunsparce|87\/100|[from] item: Leftovers\n|upkeep\n|turn|4\n|\n|t:|1699746584\n|switch|p1a: Meowscarada|Meowscarada, F|100\/100\n|move|p2a: Dudunsparce|Air Slash|p1a: Meowscarada\n|-supereffective|p1a: Meowscarada\n|-damage|p1a: Meowscarada|52\/100\n|\n|-heal|p1a: Meowscarada|58\/100|[from] Grassy Terrain\n|-heal|p2a: Dudunsparce|93\/100|[from] Grassy Terrain\n|-heal|p2a: Dudunsparce|99\/100|[from] item: Leftovers\n|upkeep\n|turn|5\n|l| Tubaguia_Ofc\n|\n|t:|1699746597\n|move|p1a: Meowscarada|Aura Sphere|p2a: Dudunsparce\n|-start|p1a: Meowscarada|typechange|Fighting|[from] ability: Protean\n|-supereffective|p2a: Dudunsparce\n|-damage|p2a: Dudunsparce|33\/100\n|move|p2a: Dudunsparce|Glare|p1a: Meowscarada\n|-status|p1a: Meowscarada|par\n|\n|-heal|p1a: Meowscarada|64\/100 par|[from] Grassy Terrain\n|-heal|p2a: Dudunsparce|39\/100|[from] Grassy Terrain\n|-heal|p2a: Dudunsparce|45\/100|[from] item: Leftovers\n|upkeep\n|turn|6\n|\n|t:|1699746608\n|switch|p1a: Rillaboom|Rillaboom, F, shiny|100\/100\n|switch|p2a: Wyrdeer|Wyrdeer, M|100\/100\n|\n|-fieldend|move: Grassy Terrain\n|upkeep\n|turn|7\n|\n|t:|1699746636\n|-terastallize|p2a: Wyrdeer|Normal\n|move|p1a: Rillaboom|U-turn|p2a: Wyrdeer\n|-crit|p2a: Wyrdeer\n|-damage|p2a: Wyrdeer|35\/100\n|\n|t:|1699746651\n|switch|p1a: Chesnaught|Chesnaught, M|100\/100 par|[from] U-turn\n|move|p2a: Wyrdeer|Trick|p1a: Chesnaught\n|-activate|p2a: Wyrdeer|move: Trick|[of] p1a: Chesnaught\n|-item|p1a: Chesnaught|Lagging Tail|[from] move: Trick\n|-item|p2a: Wyrdeer|Leftovers|[from] move: Trick\n|\n|-heal|p2a: Wyrdeer|41\/100|[from] item: Leftovers\n|upkeep\n|turn|8\n|\n|t:|1699746675\n|switch|p2a: Gholdengo|Gholdengo|100\/100\n|cant|p1a: Chesnaught|par\n|\n|upkeep\n|turn|9\n|j| LogIce\n|\n|t:|1699746680\n|switch|p1a: Appletun|Appletun, F|100\/100\n|move|p2a: Gholdengo|Thunder Wave|p1a: Appletun\n|-status|p1a: Appletun|par\n|\n|upkeep\n|turn|10\n|j| Tubaguia_Ofc\n|l| guzmfran\n|j| guzmfran\n|c|\u2606dumass777|gg ghold 6-0s my team\n|\n|t:|1699746721\n|move|p1a: Appletun|Protect|p1a: Appletun\n|-singleturn|p1a: Appletun|Protect\n|move|p2a: Gholdengo|Hex|p1a: Appletun\n|-activate|p1a: Appletun|move: Protect\n|\n|upkeep\n|turn|11\n|c| guzmfran|U mean 5.0\n|c|\u2606dumass777|yh\n|\n|t:|1699746744\n|move|p2a: Gholdengo|Hex|p1a: Appletun\n|-damage|p1a: Appletun|64\/100 par\n|move|p1a: Appletun|Body Press|p2a: Gholdengo\n|-immune|p2a: Gholdengo\n|\n|-heal|p1a: Appletun|70\/100 par|[from] item: Leftovers\n|upkeep\n|turn|12\n|\n|t:|1699746752\n|move|p1a: Appletun|Protect|p1a: Appletun\n|-singleturn|p1a: Appletun|Protect\n|move|p2a: Gholdengo|Flash Cannon|p1a: Appletun\n|-activate|p1a: Appletun|move: Protect\n|\n|-heal|p1a: Appletun|76\/100 par|[from] item: Leftovers\n|upkeep\n|turn|13\n|\n|t:|1699746759\n|move|p2a: Gholdengo|Flash Cannon|p1a: Appletun\n|-crit|p1a: Appletun\n|-damage|p1a: Appletun|40\/100 par\n|cant|p1a: Appletun|par\n|\n|-heal|p1a: Appletun|46\/100 par|[from] item: Leftovers\n|upkeep\n|turn|14\n|\n|t:|1699746763\n|move|p2a: Gholdengo|Flash Cannon|p1a: Appletun\n|-damage|p1a: Appletun|22\/100 par\n|move|p1a: Appletun|Body Press|p2a: Gholdengo\n|-immune|p2a: Gholdengo\n|\n|-heal|p1a: Appletun|28\/100 par|[from] item: Leftovers\n|upkeep\n|turn|15\n|\n|t:|1699746766\n|move|p2a: Gholdengo|Hex|p1a: Appletun\n|-damage|p1a: Appletun|0 fnt\n|faint|p1a: Appletun\n|\n|upkeep\n|\n|t:|1699746768\n|switch|p1a: Rillaboom|Rillaboom, F, shiny|100\/100\n|-fieldstart|move: Grassy Terrain|[from] ability: Grassy Surge|[of] p1a: Rillaboom\n|turn|16\n|c| guzmfran|Stompimg to that Guy my men\n|\n|t:|1699746817\n|move|p2a: Gholdengo|Thunder Wave|p1a: Rillaboom|[miss]\n|-miss|p2a: Gholdengo|p1a: Rillaboom\n|move|p1a: Rillaboom|Drain Punch|p2a: Gholdengo\n|-immune|p2a: Gholdengo\n|\n|upkeep\n|turn|17\n|\n|t:|1699746828\n|switch|p1a: Meowscarada|Meowscarada, F|64\/100 par\n|move|p2a: Gholdengo|Thunder Wave|p1a: Meowscarada\n|-fail|p1a: Meowscarada|par\n|\n|-heal|p1a: Meowscarada|70\/100 par|[from] Grassy Terrain\n|upkeep\n|turn|18\n|\n|t:|1699746846\n|switch|p2a: Wyrdeer|Wyrdeer, M, tera:Normal|41\/100\n|move|p1a: Meowscarada|Knock Off|p2a: Wyrdeer\n|-start|p1a: Meowscarada|typechange|Dark|[from] ability: Protean\n|-damage|p2a: Wyrdeer|1\/100\n|-enditem|p2a: Wyrdeer|Leftovers|[from] move: Knock Off|[of] p1a: Meowscarada\n|\n|-heal|p1a: Meowscarada|77\/100 par|[from] Grassy Terrain\n|-heal|p2a: Wyrdeer|7\/100|[from] Grassy Terrain\n|upkeep\n|turn|19\n|c|\u2606dumass777|mb\n|\n|t:|1699746857\n|switch|p2a: Dudunsparce|Dudunsparce, F|45\/100\n|move|p1a: Meowscarada|Knock Off|p2a: Dudunsparce\n|-damage|p2a: Dudunsparce|21\/100\n|-ability|p2a: Dudunsparce|Rattled|boost\n|-boost|p2a: Dudunsparce|spe|1\n|-enditem|p2a: Dudunsparce|Leftovers|[from] move: Knock Off|[of] p1a: Meowscarada\n|\n|-heal|p1a: Meowscarada|83\/100 par|[from] Grassy Terrain\n|-heal|p2a: Dudunsparce|27\/100|[from] Grassy Terrain\n|upkeep\n|turn|20\n|\n|t:|1699746870\n|switch|p1a: Chesnaught|Chesnaught, M|100\/100 par\n|move|p2a: Dudunsparce|Roost|p2a: Dudunsparce\n|-heal|p2a: Dudunsparce|77\/100\n|-singleturn|p2a: Dudunsparce|move: Roost\n|\n|-heal|p2a: Dudunsparce|84\/100|[from] Grassy Terrain\n|-fieldend|move: Grassy Terrain\n|upkeep\n|turn|21\n|\n|t:|1699746879\n|move|p2a: Dudunsparce|Stealth Rock|p1a: Chesnaught\n|-sidestart|p1: dumass777|move: Stealth Rock\n|move|p1a: Chesnaught|Body Press|p2a: Dudunsparce\n|-supereffective|p2a: Dudunsparce\n|-damage|p2a: Dudunsparce|31\/100\n|\n|upkeep\n|turn|22\n|j| MtyMiltanks\n|\n|t:|1699746888\n|switch|p2a: Gholdengo|Gholdengo|100\/100\n|move|p1a: Chesnaught|Body Press|p2a: Gholdengo\n|-immune|p2a: Gholdengo\n|\n|upkeep\n|turn|23\n|\n|t:|1699746950\n|move|p1a: Chesnaught|Spiky Shield|p1a: Chesnaught\n|-singleturn|p1a: Chesnaught|move: Protect\n|move|p2a: Gholdengo|Hex|p1a: Chesnaught\n|-activate|p1a: Chesnaught|move: Protect\n|\n|upkeep\n|turn|24\n|\n|t:|1699746959\n|move|p2a: Gholdengo|Thunder Wave|p1a: Chesnaught\n|-fail|p1a: Chesnaught|par\n|move|p1a: Chesnaught|Body Press|p2a: Gholdengo\n|-immune|p2a: Gholdengo\n|\n|upkeep\n|turn|25\n|\n|t:|1699746970\n|switch|p2a: Braviary|Braviary, M|27\/100\n|cant|p1a: Chesnaught|par\n|\n|upkeep\n|turn|26\n|\n|t:|1699746980\n|move|p2a: Braviary|Roost|p2a: Braviary\n|-heal|p2a: Braviary|77\/100\n|-singleturn|p2a: Braviary|move: Roost\n|move|p1a: Chesnaught|Leech Seed|p2a: Braviary|[miss]\n|-miss|p1a: Chesnaught|p2a: Braviary\n|\n|upkeep\n|turn|27\n|\n|t:|1699746994\n|move|p2a: Braviary|Bulk Up|p2a: Braviary\n|-boost|p2a: Braviary|atk|1\n|-boost|p2a: Braviary|def|1\n|move|p1a: Chesnaught|Body Press|p2a: Braviary\n|-damage|p2a: Braviary|44\/100\n|\n|upkeep\n|turn|28\n|\n|t:|1699747002\n|move|p2a: Braviary|Roost|p2a: Braviary\n|-heal|p2a: Braviary|94\/100\n|-singleturn|p2a: Braviary|move: Roost\n|move|p1a: Chesnaught|Leech Seed|p2a: Braviary\n|-start|p2a: Braviary|move: Leech Seed\n|\n|-damage|p2a: Braviary|81\/100|[from] Leech Seed|[of] p1a: Chesnaught\n|upkeep\n|turn|29\n|\n|t:|1699747012\n|move|p2a: Braviary|Agility|p2a: Braviary\n|-boost|p2a: Braviary|spe|2\n|cant|p1a: Chesnaught|par\n|\n|-damage|p2a: Braviary|69\/100|[from] Leech Seed|[of] p1a: Chesnaught\n|upkeep\n|turn|30\n|\n|t:|1699747017\n|move|p1a: Chesnaught|Spiky Shield|p1a: Chesnaught\n|-singleturn|p1a: Chesnaught|move: Protect\n|move|p2a: Braviary|Acrobatics|p1a: Chesnaught\n|-activate|p1a: Chesnaught|move: Protect\n|-damage|p2a: Braviary|56\/100|[from] Spiky Shield|[of] p1a: Chesnaught\n|\n|-damage|p2a: Braviary|44\/100|[from] Leech Seed|[of] p1a: Chesnaught\n|upkeep\n|turn|31\n|\n|t:|1699747022\n|move|p2a: Braviary|Acrobatics|p1a: Chesnaught\n|-supereffective|p1a: Chesnaught\n|-damage|p1a: Chesnaught|0 fnt\n|faint|p1a: Chesnaught\n|\n|upkeep\n|\n|t:|1699747025\n|switch|p1a: Rillaboom|Rillaboom, F, shiny|100\/100\n|-damage|p1a: Rillaboom|88\/100|[from] Stealth Rock\n|-fieldstart|move: Grassy Terrain|[from] ability: Grassy Surge|[of] p1a: Rillaboom\n|turn|32\n|\n|t:|1699747041\n|-terastallize|p1a: Rillaboom|Grass\n|move|p1a: Rillaboom|Grassy Glide|p2a: Braviary\n|-resisted|p2a: Braviary\n|-damage|p2a: Braviary|15\/100\n|move|p2a: Braviary|Acrobatics|p1a: Rillaboom\n|-supereffective|p1a: Rillaboom\n|-crit|p1a: Rillaboom\n|-damage|p1a: Rillaboom|0 fnt\n|faint|p1a: Rillaboom\n|\n|upkeep\n|\n|t:|1699747047\n|switch|p1a: Meowscarada|Meowscarada, F|83\/100 par\n|-damage|p1a: Meowscarada|70\/100 par|[from] Stealth Rock\n|turn|33\n|c|\u2606dumass777|ggwp\n|c|\u2606aceman2798|gg\n|\n|t:|1699747059\n|move|p2a: Braviary|Acrobatics|p1a: Meowscarada\n|-supereffective|p1a: Meowscarada\n|-damage|p1a: Meowscarada|0 fnt\n|faint|p1a: Meowscarada\n|\n|win|aceman2798\n|l|\u2606dumass777\n|l| Tubaguia_Ofc\n","uploadtime":1699747065,"views":55,"p1id":"dumass777","p2id":"aceman2798","formatid":"gen9ou","rating":0,"private":0,"password":""}