{"id":"gen9ou-1989264803","p1":"tombrady2014","p2":"littensalt","format":"[Gen 9] OU","log":"|j|\u2606tombrady2014\n|j|\u2606littensalt\n|t:|1699829577\n|gametype|singles\n|player|p1|tombrady2014|crasherwake|1230\n|player|p2|littensalt|calem|1296\n|teamsize|p1|6\n|teamsize|p2|6\n|gen|9\n|tier|[Gen 9] OU\n|rated|\n|rule|Sleep Clause Mod: Limit one foe put to sleep\n|rule|Species Clause: Limit one of each Pok\u00e9mon\n|rule|OHKO Clause: OHKO moves are banned\n|rule|Evasion Items Clause: Evasion items are banned\n|rule|Evasion Moves Clause: Evasion moves are banned\n|rule|Endless Battle Clause: Forcing endless battles is banned\n|rule|HP Percentage Mod: HP is shown in percentages\n|clearpoke\n|poke|p1|Ogerpon, F|\n|poke|p1|Moltres|\n|poke|p1|Great Tusk|\n|poke|p1|Kingambit, M|\n|poke|p1|Greninja-*, M|\n|poke|p1|Dragapult, F|\n|poke|p2|Thundurus-Therian, M|\n|poke|p2|Weezing-Galar, M|\n|poke|p2|Cinderace, M|\n|poke|p2|Dragapult, F|\n|poke|p2|Greninja-*, M|\n|poke|p2|Landorus-Therian, M|\n|teampreview\n|inactive|Battle timer is ON: inactive players will automatically lose when time's up. (requested by tombrady2014)\n|\n|t:|1699829584\n|start\n|switch|p1a: Dragapult|Dragapult, F|100\/100\n|switch|p2a: Thundurus|Thundurus-Therian, M, shiny|100\/100\n|turn|1\n|\n|t:|1699829591\n|move|p1a: Dragapult|Draco Meteor|p2a: Thundurus\n|-damage|p2a: Thundurus|0 fnt\n|-unboost|p1a: Dragapult|spa|2\n|faint|p2a: Thundurus\n|\n|upkeep\n|\n|t:|1699829603\n|switch|p2a: Landorus|Landorus-Therian, M, shiny|100\/100\n|-ability|p2a: Landorus|Intimidate|boost\n|-unboost|p1a: Dragapult|atk|1\n|turn|2\n|\n|t:|1699829616\n|switch|p1a: Its so ogre|Ogerpon, F|100\/100\n|move|p2a: Landorus|Swords Dance|p2a: Landorus\n|-boost|p2a: Landorus|atk|2\n|\n|upkeep\n|turn|3\n|\n|t:|1699829621\n|move|p1a: Its so ogre|Ivy Cudgel|p2a: Landorus\n|-damage|p2a: Landorus|57\/100\n|move|p2a: Landorus|Taunt|p1a: Its so ogre\n|-start|p1a: Its so ogre|move: Taunt\n|\n|-heal|p2a: Landorus|63\/100|[from] item: Leftovers\n|upkeep\n|turn|4\n|\n|t:|1699829635\n|switch|p2a: wheezy outta here|Weezing-Galar, M, shiny|100\/100\n|-ability|p2a: wheezy outta here|Neutralizing Gas\n|move|p1a: Its so ogre|Ivy Cudgel|p2a: wheezy outta here\n|-resisted|p2a: wheezy outta here\n|-crit|p2a: wheezy outta here\n|-damage|p2a: wheezy outta here|70\/100\n|\n|upkeep\n|turn|5\n|\n|t:|1699829651\n|switch|p1a: Kingambit|Kingambit, M|100\/100\n|move|p2a: wheezy outta here|Will-O-Wisp|p1a: Kingambit\n|-status|p1a: Kingambit|brn\n|\n|-damage|p1a: Kingambit|94\/100 brn|[from] brn\n|upkeep\n|turn|6\n|\n|t:|1699829658\n|move|p1a: Kingambit|Iron Head|p2a: wheezy outta here\n|-supereffective|p2a: wheezy outta here\n|-damage|p2a: wheezy outta here|41\/100\n|-damage|p1a: Kingambit|78\/100 brn|[from] item: Rocky Helmet|[of] p2a: wheezy outta here\n|cant|p2a: wheezy outta here|flinch\n|\n|-heal|p1a: Kingambit|84\/100 brn|[from] item: Leftovers\n|-damage|p1a: Kingambit|78\/100 brn|[from] brn\n|upkeep\n|turn|7\n|\n|t:|1699829663\n|move|p1a: Kingambit|Iron Head|p2a: wheezy outta here\n|-supereffective|p2a: wheezy outta here\n|-damage|p2a: wheezy outta here|8\/100\n|-damage|p1a: Kingambit|61\/100 brn|[from] item: Rocky Helmet|[of] p2a: wheezy outta here\n|move|p2a: wheezy outta here|Pain Split|p1a: Kingambit\n|-sethp|p1a: Kingambit|35\/100 brn|[from] move: Pain Split|[silent]\n|-sethp|p2a: wheezy outta here|36\/100|[from] move: Pain Split\n|\n|-heal|p1a: Kingambit|41\/100 brn|[from] item: Leftovers\n|-damage|p1a: Kingambit|35\/100 brn|[from] brn\n|upkeep\n|turn|8\n|\n|t:|1699829670\n|-end|p2a: wheezy outta here|ability: Neutralizing Gas\n|switch|p2a: Landorus|Landorus-Therian, M, shiny|63\/100\n|-ability|p2a: Landorus|Intimidate|boost\n|-unboost|p1a: Kingambit|atk|1\n|move|p1a: Kingambit|Swords Dance|p1a: Kingambit\n|-boost|p1a: Kingambit|atk|2\n|\n|-heal|p2a: Landorus|69\/100|[from] item: Leftovers\n|-heal|p1a: Kingambit|41\/100 brn|[from] item: Leftovers\n|-damage|p1a: Kingambit|35\/100 brn|[from] brn\n|upkeep\n|turn|9\n|\n|t:|1699829677\n|move|p1a: Kingambit|Sucker Punch|p2a: Landorus\n|-damage|p2a: Landorus|46\/100\n|move|p2a: Landorus|Earthquake|p1a: Kingambit\n|-supereffective|p1a: Kingambit\n|-damage|p1a: Kingambit|0 fnt\n|faint|p1a: Kingambit\n|-end|p1a: Kingambit|fallenundefined|[silent]\n|\n|-heal|p2a: Landorus|52\/100|[from] item: Leftovers\n|upkeep\n|\n|t:|1699829682\n|switch|p1a: Moltres|Moltres|100\/100\n|turn|10\n|\n|t:|1699829688\n|move|p1a: Moltres|Will-O-Wisp|p2a: Landorus\n|-status|p2a: Landorus|brn\n|move|p2a: Landorus|Smack Down|p1a: Moltres\n|-supereffective|p1a: Moltres\n|-damage|p1a: Moltres|75\/100\n|-start|p1a: Moltres|Smack Down\n|\n|-heal|p2a: Landorus|58\/100 brn|[from] item: Leftovers\n|-damage|p2a: Landorus|52\/100 brn|[from] brn\n|upkeep\n|turn|11\n|\n|t:|1699829701\n|switch|p1a: Its so ogre|Ogerpon, F|100\/100\n|move|p2a: Landorus|Swords Dance|p2a: Landorus\n|-boost|p2a: Landorus|atk|2\n|\n|-heal|p2a: Landorus|58\/100 brn|[from] item: Leftovers\n|-damage|p2a: Landorus|52\/100 brn|[from] brn\n|upkeep\n|turn|12\n|\n|t:|1699829707\n|switch|p2a: wheezy outta here|Weezing-Galar, M, shiny|36\/100\n|-ability|p2a: wheezy outta here|Neutralizing Gas\n|move|p1a: Its so ogre|Ivy Cudgel|p2a: wheezy outta here\n|-resisted|p2a: wheezy outta here\n|-damage|p2a: wheezy outta here|17\/100\n|\n|upkeep\n|turn|13\n|\n|t:|1699829714\n|move|p1a: Its so ogre|Ivy Cudgel|p2a: wheezy outta here\n|-resisted|p2a: wheezy outta here\n|-damage|p2a: wheezy outta here|0 fnt\n|faint|p2a: wheezy outta here\n|-end|p2a: wheezy outta here|ability: Neutralizing Gas\n|\n|upkeep\n|\n|t:|1699829721\n|switch|p2a: FRANCHISE|Cinderace, M|100\/100\n|turn|14\n|\n|t:|1699829733\n|switch|p1a: Dragapult|Dragapult, F|100\/100\n|move|p2a: FRANCHISE|U-turn|p1a: Dragapult\n|-start|p2a: FRANCHISE|typechange|Bug|[from] ability: Libero\n|-resisted|p1a: Dragapult\n|-damage|p1a: Dragapult|79\/100\n|\n|t:|1699829739\n|switch|p2a: Landorus|Landorus-Therian, M, shiny|52\/100 brn|[from] U-turn\n|-ability|p2a: Landorus|Intimidate|boost\n|-unboost|p1a: Dragapult|atk|1\n|\n|-heal|p2a: Landorus|58\/100 brn|[from] item: Leftovers\n|-damage|p2a: Landorus|52\/100 brn|[from] brn\n|upkeep\n|turn|15\n|\n|t:|1699829745\n|move|p1a: Dragapult|Shadow Ball|p2a: Landorus\n|-damage|p2a: Landorus|1\/100 brn\n|move|p2a: Landorus|Swords Dance|p2a: Landorus\n|-boost|p2a: Landorus|atk|2\n|\n|-heal|p2a: Landorus|7\/100 brn|[from] item: Leftovers\n|-damage|p2a: Landorus|1\/100 brn|[from] brn\n|upkeep\n|turn|16\n|\n|t:|1699829754\n|move|p1a: Dragapult|Shadow Ball|p2a: Landorus\n|-damage|p2a: Landorus|0 fnt\n|faint|p2a: Landorus\n|\n|upkeep\n|\n|t:|1699829757\n|switch|p2a: N95|Greninja, M|100\/100\n|turn|17\n|\n|t:|1699829761\n|switch|p1a: Its so ogre|Ogerpon, F|100\/100\n|move|p2a: N95|Grass Knot|p1a: Its so ogre\n|-resisted|p1a: Its so ogre\n|-damage|p1a: Its so ogre|86\/100\n|-damage|p2a: N95|91\/100|[from] item: Life Orb\n|\n|upkeep\n|turn|18\n|\n|t:|1699829769\n|switch|p2a: FRANCHISE|Cinderace, M|100\/100\n|-terastallize|p1a: Its so ogre|Grass\n|detailschange|p1a: Its so ogre|Ogerpon-Teal-Tera, F, tera:Grass\n|-ability|p1a: Its so ogre|Embody Aspect (Teal)|boost\n|-boost|p1a: Its so ogre|spe|1\n|move|p1a: Its so ogre|Ivy Cudgel|p2a: FRANCHISE\n|-resisted|p2a: FRANCHISE\n|-damage|p2a: FRANCHISE|40\/100\n|\n|upkeep\n|turn|19\n|\n|t:|1699829779\n|move|p1a: Its so ogre|Ivy Cudgel|p2a: FRANCHISE\n|-resisted|p2a: FRANCHISE\n|-damage|p2a: FRANCHISE|0 fnt\n|faint|p2a: FRANCHISE\n|\n|upkeep\n|\n|t:|1699829780\n|switch|p2a: KIDS SEE GHOST|Dragapult, F, shiny|100\/100\n|turn|20\n|\n|t:|1699829788\n|move|p1a: Its so ogre|Knock Off|p2a: KIDS SEE GHOST\n|-supereffective|p2a: KIDS SEE GHOST\n|-damage|p2a: KIDS SEE GHOST|11\/100\n|-enditem|p2a: KIDS SEE GHOST|Choice Specs|[from] move: Knock Off|[of] p1a: Its so ogre\n|move|p2a: KIDS SEE GHOST|Draco Meteor|p1a: Its so ogre\n|-damage|p1a: Its so ogre|14\/100\n|-unboost|p2a: KIDS SEE GHOST|spa|2\n|\n|upkeep\n|turn|21\n|\n|t:|1699829795\n|move|p1a: Its so ogre|Ivy Cudgel|p2a: KIDS SEE GHOST\n|-resisted|p2a: KIDS SEE GHOST\n|-damage|p2a: KIDS SEE GHOST|0 fnt\n|faint|p2a: KIDS SEE GHOST\n|\n|upkeep\n|\n|t:|1699829796\n|switch|p2a: N95|Greninja, M|91\/100\n|turn|22\n|\n|t:|1699829798\n|-terastallize|p2a: N95|Water\n|move|p2a: N95|Water Shuriken|p1a: Its so ogre\n|-resisted|p1a: Its so ogre\n|-damage|p1a: Its so ogre|7\/100\n|-resisted|p1a: Its so ogre\n|-damage|p1a: Its so ogre|0 fnt\n|faint|p1a: Its so ogre\n|-ability|p2a: N95|Battle Bond|boost\n|-boost|p2a: N95|atk|1\n|-boost|p2a: N95|spa|1\n|-boost|p2a: N95|spe|1\n|-activate|p2a: N95|ability: Battle Bond\n|-hitcount|p1: Its so ogre|2\n|-damage|p2a: N95|81\/100|[from] item: Life Orb\n|\n|upkeep\n|\n|t:|1699829806\n|switch|p1a: Dragapult|Dragapult, F|79\/100\n|turn|23\n|\n|t:|1699829809\n|move|p2a: N95|Dark Pulse|p1a: Dragapult\n|-supereffective|p1a: Dragapult\n|-damage|p1a: Dragapult|0 fnt\n|faint|p1a: Dragapult\n|-damage|p2a: N95|71\/100|[from] item: Life Orb\n|\n|upkeep\n|\n|t:|1699829820\n|switch|p1a: Moltres|Moltres|75\/100\n|turn|24\n|\n|t:|1699829823\n|move|p2a: N95|Water Shuriken|p1a: Moltres\n|-supereffective|p1a: Moltres\n|-damage|p1a: Moltres|40\/100\n|-supereffective|p1a: Moltres\n|-damage|p1a: Moltres|10\/100\n|-supereffective|p1a: Moltres\n|-crit|p1a: Moltres\n|-damage|p1a: Moltres|0 fnt\n|faint|p1a: Moltres\n|-hitcount|p1: Moltres|3\n|-damage|p2a: N95|61\/100|[from] item: Life Orb\n|\n|upkeep\n|\n|t:|1699829828\n|switch|p1a: Great Tusk|Great Tusk|100\/100\n|turn|25\n|\n|t:|1699829832\n|move|p2a: N95|Grass Knot|p1a: Great Tusk\n|-supereffective|p1a: Great Tusk\n|-damage|p1a: Great Tusk|0 fnt\n|faint|p1a: Great Tusk\n|-end|p1a: Great Tusk|Protosynthesis|[silent]\n|-damage|p2a: N95|51\/100|[from] item: Life Orb\n|\n|upkeep\n|\n|t:|1699829838\n|switch|p1a: Greninja|Greninja, M|100\/100\n|turn|26\n|\n|t:|1699829847\n|move|p2a: N95|Grass Knot|p1a: Greninja\n|-supereffective|p1a: Greninja\n|-damage|p1a: Greninja|0 fnt\n|faint|p1a: Greninja\n|-damage|p2a: N95|42\/100|[from] item: Life Orb\n|\n|win|littensalt\n|raw|tombrady2014's rating: 1230 &rarr; <strong>1210<\/strong><br \/>(-20 for losing)\n|raw|littensalt's rating: 1296 &rarr; <strong>1316<\/strong><br \/>(+20 for winning)\n|l|\u2606tombrady2014\n|c|\u2606littensalt|ggwp\n","uploadtime":1699829858,"views":27,"p1id":"tombrady2014","p2id":"littensalt","formatid":"gen9ou","rating":1210,"private":0,"password":""}