{"id":"gen9ou-1993046452","p1":"DYLAN32162","p2":"andy1510","format":"[Gen 9] OU","log":"|j|\u2606DYLAN32162\n|j|\u2606andy1510\n|t:|1700258844\n|gametype|singles\n|player|p1|DYLAN32162|170|1474\n|player|p2|andy1510|youngster-gen4dp|1455\n|teamsize|p1|6\n|teamsize|p2|6\n|gen|9\n|tier|[Gen 9] OU\n|rated|\n|rule|Sleep Clause Mod: Limit one foe put to sleep\n|rule|Species Clause: Limit one of each Pok\u00e9mon\n|rule|OHKO Clause: OHKO moves are banned\n|rule|Evasion Items Clause: Evasion items are banned\n|rule|Evasion Moves Clause: Evasion moves are banned\n|rule|Endless Battle Clause: Forcing endless battles is banned\n|rule|HP Percentage Mod: HP is shown in percentages\n|clearpoke\n|poke|p1|Gholdengo|\n|poke|p1|Pelipper, F|\n|poke|p1|Landorus-Therian, M|\n|poke|p1|Zamazenta-*|\n|poke|p1|Glimmora, F|\n|poke|p1|Kingambit, F|\n|poke|p2|Slowking-Galar, M|\n|poke|p2|Alomomola, F|\n|poke|p2|Goodra-Hisui, F|\n|poke|p2|Cyclizar, M|\n|poke|p2|Skeledirge, M|\n|poke|p2|Mamoswine, F|\n|teampreview\n|inactive|Battle timer is ON: inactive players will automatically lose when time's up. (requested by andy1510)\n|\n|t:|1700258876\n|start\n|switch|p1a: Pelipper|Pelipper, F|100\/100\n|switch|p2a: Goodra|Goodra-Hisui, F|100\/100\n|-weather|RainDance|[from] ability: Drizzle|[of] p1a: Pelipper\n|turn|1\n|\n|t:|1700258882\n|move|p1a: Pelipper|U-turn|p2a: Goodra\n|-resisted|p2a: Goodra\n|-crit|p2a: Goodra\n|-damage|p2a: Goodra|94\/100\n|\n|t:|1700258886\n|switch|p1a: Zamazenta|Zamazenta|100\/100|[from] U-turn\n|-ability|p1a: Zamazenta|Dauntless Shield|boost\n|-boost|p1a: Zamazenta|def|1\n|move|p2a: Goodra|Draco Meteor|p1a: Zamazenta\n|-damage|p1a: Zamazenta|41\/100\n|-unboost|p2a: Goodra|spa|2\n|\n|-weather|RainDance|[upkeep]\n|upkeep\n|turn|2\n|\n|t:|1700258893\n|switch|p2a: Skeledirge|Skeledirge, M|100\/100\n|move|p1a: Zamazenta|Crunch|p2a: Skeledirge\n|-supereffective|p2a: Skeledirge\n|-damage|p2a: Skeledirge|43\/100\n|\n|-weather|RainDance|[upkeep]\n|upkeep\n|turn|3\n|\n|t:|1700258897\n|switch|p2a: Alomomola|Alomomola, F|100\/100\n|move|p1a: Zamazenta|Crunch|p2a: Alomomola\n|-damage|p2a: Alomomola|79\/100\n|\n|-weather|RainDance|[upkeep]\n|-heal|p2a: Alomomola|85\/100|[from] item: Leftovers\n|upkeep\n|turn|4\n|\n|t:|1700258908\n|move|p1a: Zamazenta|Crunch|p2a: Alomomola\n|-damage|p2a: Alomomola|63\/100\n|move|p2a: Alomomola|Scald|p1a: Zamazenta\n|-damage|p1a: Zamazenta|23\/100\n|\n|-weather|RainDance|[upkeep]\n|-heal|p2a: Alomomola|69\/100|[from] item: Leftovers\n|upkeep\n|turn|5\n|\n|t:|1700258915\n|switch|p1a: Pelipper|Pelipper, F|100\/100\n|move|p2a: Alomomola|Scald|p1a: Pelipper\n|-resisted|p1a: Pelipper\n|-damage|p1a: Pelipper|87\/100\n|\n|-weather|RainDance|[upkeep]\n|-heal|p2a: Alomomola|75\/100|[from] item: Leftovers\n|upkeep\n|turn|6\n|\n|t:|1700258919\n|switch|p2a: Goodra|Goodra-Hisui, F|94\/100\n|move|p1a: Pelipper|U-turn|p2a: Goodra\n|-resisted|p2a: Goodra\n|-damage|p2a: Goodra|91\/100\n|\n|t:|1700258925\n|switch|p1a: Landorus|Landorus-Therian, M|100\/100|[from] U-turn\n|-ability|p1a: Landorus|Intimidate|boost\n|-unboost|p2a: Goodra|atk|1\n|\n|-weather|RainDance|[upkeep]\n|upkeep\n|turn|7\n|\n|t:|1700258929\n|switch|p2a: Alomomola|Alomomola, F|100\/100\n|move|p1a: Landorus|Sandsear Storm|p2a: Alomomola\n|-damage|p2a: Alomomola|48\/100\n|\n|-weather|RainDance|[upkeep]\n|-heal|p2a: Alomomola|54\/100|[from] item: Leftovers\n|upkeep\n|turn|8\n|\n|t:|1700258943\n|move|p2a: Alomomola|Protect|p2a: Alomomola\n|-singleturn|p2a: Alomomola|Protect\n|move|p1a: Landorus|Sandsear Storm|p2a: Alomomola\n|-activate|p2a: Alomomola|move: Protect\n|\n|-weather|none\n|-heal|p2a: Alomomola|60\/100|[from] item: Leftovers\n|upkeep\n|turn|9\n|\n|t:|1700258947\n|move|p1a: Landorus|U-turn|p2a: Alomomola\n|-damage|p2a: Alomomola|50\/100\n|\n|t:|1700258950\n|switch|p1a: Pelipper|Pelipper, F|87\/100|[from] U-turn\n|-weather|RainDance|[from] ability: Drizzle|[of] p1a: Pelipper\n|move|p2a: Alomomola|Flip Turn|p1a: Pelipper\n|-resisted|p1a: Pelipper\n|-damage|p1a: Pelipper|77\/100\n|\n|t:|1700258963\n|switch|p2a: Goodra|Goodra-Hisui, F|91\/100|[from] Flip Turn\n|\n|-weather|RainDance|[upkeep]\n|upkeep\n|turn|10\n|\n|t:|1700258968\n|move|p1a: Pelipper|U-turn|p2a: Goodra\n|-resisted|p2a: Goodra\n|-damage|p2a: Goodra|87\/100\n|\n|t:|1700258971\n|switch|p1a: Zamazenta|Zamazenta|23\/100|[from] U-turn\n|move|p2a: Goodra|Draco Meteor|p1a: Zamazenta\n|-damage|p1a: Zamazenta|0 fnt\n|-unboost|p2a: Goodra|spa|2\n|faint|p1a: Zamazenta\n|\n|-weather|RainDance|[upkeep]\n|upkeep\n|\n|t:|1700258977\n|switch|p1a: Landorus|Landorus-Therian, M|100\/100\n|-ability|p1a: Landorus|Intimidate|boost\n|-unboost|p2a: Goodra|atk|1\n|turn|11\n|\n|t:|1700258982\n|switch|p2a: Cyclizar|Cyclizar, M|100\/100\n|move|p1a: Landorus|Sandsear Storm|p2a: Cyclizar\n|-damage|p2a: Cyclizar|66\/100\n|\n|-weather|RainDance|[upkeep]\n|upkeep\n|turn|12\n|\n|t:|1700258989\n|move|p1a: Landorus|Sandsear Storm|p2a: Cyclizar\n|-damage|p2a: Cyclizar|34\/100\n|move|p2a: Cyclizar|Knock Off|p1a: Landorus\n|-damage|p1a: Landorus|70\/100\n|-enditem|p1a: Landorus|Heavy-Duty Boots|[from] move: Knock Off|[of] p2a: Cyclizar\n|\n|-weather|RainDance|[upkeep]\n|upkeep\n|turn|13\n|\n|t:|1700258999\n|switch|p2a: Slowking|Slowking-Galar, M|100\/100\n|move|p1a: Landorus|Sandsear Storm|p2a: Slowking\n|-supereffective|p2a: Slowking\n|-damage|p2a: Slowking|48\/100\n|\n|-weather|RainDance|[upkeep]\n|-heal|p2a: Slowking|54\/100|[from] item: Leftovers\n|upkeep\n|turn|14\n|\n|t:|1700259006\n|move|p1a: Landorus|Sandsear Storm|p2a: Slowking\n|-supereffective|p2a: Slowking\n|-damage|p2a: Slowking|4\/100\n|move|p2a: Slowking|Chilly Reception|p2a: Slowking\n|-weather|Snow\n|\n|t:|1700259009\n|switch|p2a: Mamoswine|Mamoswine, F|100\/100|[from] Chilly Reception\n|\n|-weather|Snow|[upkeep]\n|upkeep\n|turn|15\n|\n|t:|1700259012\n|switch|p1a: Pelipper|Pelipper, F|77\/100\n|-weather|RainDance|[from] ability: Drizzle|[of] p1a: Pelipper\n|move|p2a: Mamoswine|Ice Shard|p1a: Pelipper\n|-damage|p1a: Pelipper|49\/100\n|\n|-weather|RainDance|[upkeep]\n|upkeep\n|turn|16\n|\n|t:|1700259019\n|switch|p2a: Alomomola|Alomomola, F|84\/100\n|move|p1a: Pelipper|U-turn|p2a: Alomomola\n|-damage|p2a: Alomomola|79\/100\n|\n|t:|1700259032\n|switch|p1a: Landorus|Landorus-Therian, M|70\/100|[from] U-turn\n|-ability|p1a: Landorus|Intimidate|boost\n|-unboost|p2a: Alomomola|atk|1\n|\n|-weather|RainDance|[upkeep]\n|-heal|p2a: Alomomola|85\/100|[from] item: Leftovers\n|upkeep\n|turn|17\n|\n|t:|1700259047\n|-terastallize|p1a: Landorus|Flying\n|move|p1a: Landorus|Sandsear Storm|p2a: Alomomola\n|-damage|p2a: Alomomola|36\/100\n|move|p2a: Alomomola|Scald|p1a: Landorus\n|-damage|p1a: Landorus|45\/100\n|\n|-weather|RainDance|[upkeep]\n|-heal|p2a: Alomomola|42\/100|[from] item: Leftovers\n|upkeep\n|turn|18\n|\n|t:|1700259063\n|switch|p2a: Slowking|Slowking-Galar, M|37\/100\n|move|p1a: Landorus|Tera Blast|p2a: Slowking|[anim] Tera Blast Flying\n|-damage|p2a: Slowking|7\/100\n|\n|-weather|RainDance|[upkeep]\n|-heal|p2a: Slowking|13\/100|[from] item: Leftovers\n|upkeep\n|turn|19\n|\n|t:|1700259073\n|switch|p2a: Goodra|Goodra-Hisui, F|87\/100\n|move|p1a: Landorus|Tera Blast|p2a: Goodra|[anim] Tera Blast Flying\n|-resisted|p2a: Goodra\n|-damage|p2a: Goodra|77\/100\n|\n|-weather|RainDance|[upkeep]\n|upkeep\n|turn|20\n|\n|t:|1700259076\n|move|p1a: Landorus|Sandsear Storm|p2a: Goodra\n|-supereffective|p2a: Goodra\n|-damage|p2a: Goodra|35\/100\n|-status|p2a: Goodra|brn\n|move|p2a: Goodra|Ice Beam|p1a: Landorus\n|-supereffective|p1a: Landorus\n|-damage|p1a: Landorus|0 fnt\n|faint|p1a: Landorus\n|\n|-weather|RainDance|[upkeep]\n|-damage|p2a: Goodra|29\/100 brn|[from] brn\n|upkeep\n|\n|t:|1700259084\n|switch|p1a: Kingambit|Kingambit, F|100\/100\n|-activate|p1a: Kingambit|ability: Supreme Overlord\n|-start|p1a: Kingambit|fallen2|[silent]\n|turn|21\n|\n|t:|1700259092\n|switch|p2a: Alomomola|Alomomola, F|75\/100\n|move|p1a: Kingambit|Kowtow Cleave|p2a: Alomomola\n|-damage|p2a: Alomomola|42\/100\n|\n|-weather|RainDance|[upkeep]\n|-heal|p2a: Alomomola|48\/100|[from] item: Leftovers\n|upkeep\n|turn|22\n|\n|t:|1700259100\n|-end|p1a: Kingambit|fallen2|[silent]\n|switch|p1a: Pelipper|Pelipper, F|49\/100\n|move|p2a: Alomomola|Wish|p2a: Alomomola\n|\n|-weather|none\n|-heal|p2a: Alomomola|55\/100|[from] item: Leftovers\n|upkeep\n|turn|23\n|\n|t:|1700259107\n|switch|p2a: Goodra|Goodra-Hisui, F|29\/100 brn\n|move|p1a: Pelipper|Roost|p1a: Pelipper\n|-heal|p1a: Pelipper|99\/100\n|-singleturn|p1a: Pelipper|move: Roost\n|\n|-heal|p2a: Goodra|100\/100 brn|[from] move: Wish|[wisher] Alomomola\n|-damage|p2a: Goodra|94\/100 brn|[from] brn\n|upkeep\n|turn|24\n|\n|t:|1700259115\n|switch|p1a: Kingambit|Kingambit, F|100\/100\n|-activate|p1a: Kingambit|ability: Supreme Overlord\n|-start|p1a: Kingambit|fallen2|[silent]\n|move|p2a: Goodra|Draco Meteor|p1a: Kingambit\n|-resisted|p1a: Kingambit\n|-damage|p1a: Kingambit|67\/100\n|-unboost|p2a: Goodra|spa|2\n|\n|-heal|p1a: Kingambit|73\/100|[from] item: Leftovers\n|-damage|p2a: Goodra|88\/100 brn|[from] brn\n|upkeep\n|turn|25\n|\n|t:|1700259121\n|switch|p2a: Alomomola|Alomomola, F|88\/100\n|move|p1a: Kingambit|Stealth Rock|p2a: Alomomola\n|-sidestart|p2: andy1510|move: Stealth Rock\n|\n|-heal|p1a: Kingambit|79\/100|[from] item: Leftovers\n|-heal|p2a: Alomomola|94\/100|[from] item: Leftovers\n|upkeep\n|turn|26\n|\n|t:|1700259125\n|-end|p1a: Kingambit|fallen2|[silent]\n|switch|p1a: Pelipper|Pelipper, F|99\/100\n|-weather|RainDance|[from] ability: Drizzle|[of] p1a: Pelipper\n|move|p2a: Alomomola|Wish|p2a: Alomomola\n|\n|-weather|RainDance|[upkeep]\n|-heal|p2a: Alomomola|99\/100|[from] item: Leftovers\n|upkeep\n|turn|27\n|\n|t:|1700259129\n|switch|p2a: Slowking|Slowking-Galar, M|46\/100\n|-damage|p2a: Slowking|34\/100|[from] Stealth Rock\n|move|p1a: Pelipper|U-turn|p2a: Slowking\n|-damage|p2a: Slowking|25\/100\n|\n|t:|1700259132\n|switch|p1a: Kingambit|Kingambit, F|79\/100|[from] U-turn\n|-activate|p1a: Kingambit|ability: Supreme Overlord\n|-start|p1a: Kingambit|fallen2|[silent]\n|\n|-weather|RainDance|[upkeep]\n|-heal|p2a: Slowking|93\/100|[from] move: Wish|[wisher] Alomomola\n|-heal|p1a: Kingambit|85\/100|[from] item: Leftovers\n|-heal|p2a: Slowking|99\/100|[from] item: Leftovers\n|upkeep\n|turn|28\n|\n|t:|1700259138\n|switch|p2a: Alomomola|Alomomola, F|100\/100\n|-damage|p2a: Alomomola|88\/100|[from] Stealth Rock\n|move|p1a: Kingambit|Kowtow Cleave|p2a: Alomomola\n|-damage|p2a: Alomomola|58\/100\n|\n|-weather|RainDance|[upkeep]\n|-heal|p1a: Kingambit|92\/100|[from] item: Leftovers\n|-heal|p2a: Alomomola|65\/100|[from] item: Leftovers\n|upkeep\n|turn|29\n|\n|t:|1700259145\n|-end|p1a: Kingambit|fallen2|[silent]\n|switch|p1a: Pelipper|Pelipper, F|99\/100\n|move|p2a: Alomomola|Wish|p2a: Alomomola\n|\n|-weather|RainDance|[upkeep]\n|-heal|p2a: Alomomola|71\/100|[from] item: Leftovers\n|upkeep\n|turn|30\n|\n|t:|1700259156\n|move|p1a: Pelipper|U-turn|p2a: Alomomola\n|-damage|p2a: Alomomola|66\/100\n|\n|t:|1700259158\n|switch|p1a: Gholdengo|Gholdengo|100\/100|[from] U-turn\n|-item|p1a: Gholdengo|Air Balloon\n|move|p2a: Alomomola|Flip Turn|p1a: Gholdengo\n|-damage|p1a: Gholdengo|76\/100\n|-enditem|p1a: Gholdengo|Air Balloon\n|\n|t:|1700259166\n|switch|p2a: Cyclizar|Cyclizar, M|67\/100|[from] Flip Turn\n|-damage|p2a: Cyclizar|54\/100|[from] Stealth Rock\n|\n|-weather|RainDance|[upkeep]\n|-heal|p2a: Cyclizar|100\/100|[from] move: Wish|[wisher] Alomomola\n|upkeep\n|turn|31\n|c|\u2606DYLAN32162|stupid fish\n|\n|t:|1700259176\n|switch|p1a: Glimmora|Glimmora, F|100\/100\n|move|p2a: Cyclizar|Knock Off|p1a: Glimmora\n|-damage|p1a: Glimmora|65\/100\n|-activate|p1a: Glimmora|ability: Toxic Debris\n|-sidestart|p2: andy1510|move: Toxic Spikes\n|-enditem|p1a: Glimmora|Focus Sash|[from] move: Knock Off|[of] p2a: Cyclizar\n|\n|-weather|RainDance|[upkeep]\n|upkeep\n|turn|32\n|c|\u2606andy1510|Alomomola?\n|\n|t:|1700259186\n|move|p1a: Glimmora|Mortal Spin|p2a: Cyclizar\n|-damage|p2a: Cyclizar|89\/100\n|-status|p2a: Cyclizar|psn\n|move|p2a: Cyclizar|Rapid Spin|p1a: Glimmora\n|-resisted|p1a: Glimmora\n|-damage|p1a: Glimmora|51\/100\n|-boost|p2a: Cyclizar|spe|1\n|-activate|p1a: Glimmora|ability: Toxic Debris\n|-sidestart|p2: andy1510|move: Toxic Spikes\n|-sideend|p2: andy1510|Toxic Spikes|[from] move: Rapid Spin|[of] p2a: Cyclizar\n|-sideend|p2: andy1510|Stealth Rock|[from] move: Rapid Spin|[of] p2a: Cyclizar\n|\n|-weather|RainDance|[upkeep]\n|-damage|p2a: Cyclizar|76\/100 psn|[from] psn\n|upkeep\n|turn|33\n|\n|t:|1700259196\n|move|p2a: Cyclizar|U-turn|p1a: Glimmora\n|-resisted|p1a: Glimmora\n|-damage|p1a: Glimmora|39\/100\n|-activate|p1a: Glimmora|ability: Toxic Debris\n|-sidestart|p2: andy1510|move: Toxic Spikes\n|\n|t:|1700259200\n|switch|p2a: Goodra|Goodra-Hisui, F|88\/100 brn|[from] U-turn\n|move|p1a: Glimmora|Power Gem|p2a: Goodra\n|-resisted|p2a: Goodra\n|-damage|p2a: Goodra|79\/100 brn\n|\n|-weather|none\n|-damage|p2a: Goodra|73\/100 brn|[from] brn\n|upkeep\n|turn|34\n|\n|t:|1700259206\n|switch|p1a: Gholdengo|Gholdengo|76\/100\n|move|p2a: Goodra|Flash Cannon|p1a: Gholdengo\n|-resisted|p1a: Gholdengo\n|-damage|p1a: Gholdengo|61\/100\n|-unboost|p1a: Gholdengo|spd|1\n|\n|-damage|p2a: Goodra|67\/100 brn|[from] brn\n|upkeep\n|turn|35\n|\n|t:|1700259211\n|move|p1a: Gholdengo|Recover|p1a: Gholdengo\n|-heal|p1a: Gholdengo|100\/100\n|move|p2a: Goodra|Flamethrower|p1a: Gholdengo\n|-supereffective|p1a: Gholdengo\n|-damage|p1a: Gholdengo|33\/100\n|\n|-damage|p2a: Goodra|61\/100 brn|[from] brn\n|upkeep\n|turn|36\n|\n|t:|1700259218\n|switch|p1a: Pelipper|Pelipper, F|99\/100\n|-weather|RainDance|[from] ability: Drizzle|[of] p1a: Pelipper\n|move|p2a: Goodra|Draco Meteor|p1a: Pelipper\n|-damage|p1a: Pelipper|14\/100\n|-unboost|p2a: Goodra|spa|2\n|\n|-weather|RainDance|[upkeep]\n|-damage|p2a: Goodra|55\/100 brn|[from] brn\n|upkeep\n|turn|37\n|\n|t:|1700259223\n|move|p1a: Pelipper|Roost|p1a: Pelipper\n|-heal|p1a: Pelipper|64\/100\n|-singleturn|p1a: Pelipper|move: Roost\n|move|p2a: Goodra|Draco Meteor|p1a: Pelipper\n|-damage|p1a: Pelipper|17\/100\n|-unboost|p2a: Goodra|spa|2\n|\n|-weather|RainDance|[upkeep]\n|-damage|p2a: Goodra|49\/100 brn|[from] brn\n|upkeep\n|turn|38\n|\n|t:|1700259228\n|switch|p2a: Slowking|Slowking-Galar, M|100\/100\n|-sideend|p2: andy1510|move: Toxic Spikes|[of] p2a: Slowking\n|move|p1a: Pelipper|Roost|p1a: Pelipper\n|-heal|p1a: Pelipper|67\/100\n|-singleturn|p1a: Pelipper|move: Roost\n|\n|-weather|RainDance|[upkeep]\n|upkeep\n|turn|39\n|\n|t:|1700259231\n|move|p1a: Pelipper|U-turn|p2a: Slowking\n|-damage|p2a: Slowking|92\/100\n|\n|t:|1700259233\n|switch|p1a: Kingambit|Kingambit, F|92\/100|[from] U-turn\n|-activate|p1a: Kingambit|ability: Supreme Overlord\n|-start|p1a: Kingambit|fallen2|[silent]\n|move|p2a: Slowking|Chilly Reception|p2a: Slowking\n|-weather|Snow\n|c|\u2606DYLAN32162|nothing dies\n|\n|t:|1700259248\n|switch|p2a: Skeledirge|Skeledirge, M|43\/100|[from] Chilly Reception\n|\n|-weather|Snow|[upkeep]\n|-heal|p1a: Kingambit|98\/100|[from] item: Leftovers\n|upkeep\n|turn|40\n|\n|t:|1700259254\n|move|p2a: Skeledirge|Will-O-Wisp|p1a: Kingambit\n|-status|p1a: Kingambit|brn\n|move|p1a: Kingambit|Kowtow Cleave|p2a: Skeledirge\n|-supereffective|p2a: Skeledirge\n|-damage|p2a: Skeledirge|0 fnt\n|faint|p2a: Skeledirge\n|\n|-weather|Snow|[upkeep]\n|-heal|p1a: Kingambit|100\/100 brn|[from] item: Leftovers\n|-damage|p1a: Kingambit|94\/100 brn|[from] brn\n|upkeep\n|c|\u2606andy1510|There you go.\n|\n|t:|1700259270\n|switch|p2a: Alomomola|Alomomola, F|99\/100\n|turn|41\n|c|\u2606DYLAN32162|could never miss\n|\n|t:|1700259276\n|move|p1a: Kingambit|Stealth Rock|p2a: Alomomola\n|-sidestart|p2: andy1510|move: Stealth Rock\n|move|p2a: Alomomola|Wish|p2a: Alomomola\n|\n|-weather|Snow|[upkeep]\n|-heal|p1a: Kingambit|100\/100 brn|[from] item: Leftovers\n|-heal|p2a: Alomomola|100\/100|[from] item: Leftovers\n|-damage|p1a: Kingambit|94\/100 brn|[from] brn\n|upkeep\n|turn|42\n|c|\u2606andy1510|The will-o-wisp?\n|c|\u2606DYLAN32162|yea\n|\n|t:|1700259297\n|move|p1a: Kingambit|Kowtow Cleave|p2a: Alomomola\n|-damage|p2a: Alomomola|83\/100\n|move|p2a: Alomomola|Flip Turn|p1a: Kingambit\n|-damage|p1a: Kingambit|82\/100 brn\n|c|\u2606andy1510|Yep, that would have been a possibility.\n|\n|t:|1700259312\n|switch|p2a: Goodra|Goodra-Hisui, F|49\/100 brn|[from] Flip Turn\n|-damage|p2a: Goodra|43\/100 brn|[from] Stealth Rock\n|\n|-weather|Snow|[upkeep]\n|-heal|p2a: Goodra|100\/100 brn|[from] move: Wish|[wisher] Alomomola\n|-heal|p1a: Kingambit|89\/100 brn|[from] item: Leftovers\n|-damage|p2a: Goodra|94\/100 brn|[from] brn\n|-damage|p1a: Kingambit|82\/100 brn|[from] brn\n|upkeep\n|turn|43\n|\n|t:|1700259337\n|switch|p2a: Alomomola|Alomomola, F|100\/100\n|-damage|p2a: Alomomola|88\/100|[from] Stealth Rock\n|move|p1a: Kingambit|Kowtow Cleave|p2a: Alomomola\n|-damage|p2a: Alomomola|74\/100\n|\n|-weather|none\n|-heal|p1a: Kingambit|89\/100 brn|[from] item: Leftovers\n|-heal|p2a: Alomomola|80\/100|[from] item: Leftovers\n|-damage|p1a: Kingambit|82\/100 brn|[from] brn\n|upkeep\n|turn|44\n|\n|t:|1700259345\n|move|p1a: Kingambit|Kowtow Cleave|p2a: Alomomola\n|-damage|p2a: Alomomola|63\/100\n|move|p2a: Alomomola|Flip Turn|p1a: Kingambit\n|-damage|p1a: Kingambit|71\/100 brn\n|\n|t:|1700259351\n|switch|p2a: Mamoswine|Mamoswine, F|100\/100|[from] Flip Turn\n|-damage|p2a: Mamoswine|88\/100|[from] Stealth Rock\n|\n|-heal|p1a: Kingambit|77\/100 brn|[from] item: Leftovers\n|-damage|p1a: Kingambit|71\/100 brn|[from] brn\n|upkeep\n|turn|45\n|\n|t:|1700259356\n|move|p2a: Mamoswine|Earthquake|p1a: Kingambit\n|-supereffective|p1a: Kingambit\n|-damage|p1a: Kingambit|0 fnt\n|faint|p1a: Kingambit\n|-end|p1a: Kingambit|fallen2|[silent]\n|\n|upkeep\n|\n|t:|1700259361\n|switch|p1a: Pelipper|Pelipper, F|67\/100\n|-weather|RainDance|[from] ability: Drizzle|[of] p1a: Pelipper\n|turn|46\n|\n|t:|1700259369\n|switch|p2a: Cyclizar|Cyclizar, M|100\/100 psn\n|-damage|p2a: Cyclizar|88\/100 psn|[from] Stealth Rock\n|move|p1a: Pelipper|U-turn|p2a: Cyclizar\n|-damage|p2a: Cyclizar|75\/100 psn\n|\n|t:|1700259380\n|switch|p1a: Glimmora|Glimmora, F|39\/100|[from] U-turn\n|\n|-weather|RainDance|[upkeep]\n|-damage|p2a: Cyclizar|62\/100 psn|[from] psn\n|upkeep\n|turn|47\n|\n|t:|1700259388\n|move|p1a: Glimmora|Power Gem|p2a: Cyclizar\n|-damage|p2a: Cyclizar|29\/100 psn\n|move|p2a: Cyclizar|Rapid Spin|p1a: Glimmora\n|-resisted|p1a: Glimmora\n|-damage|p1a: Glimmora|27\/100\n|-boost|p2a: Cyclizar|spe|1\n|-activate|p1a: Glimmora|ability: Toxic Debris\n|-sidestart|p2: andy1510|move: Toxic Spikes\n|-sideend|p2: andy1510|Toxic Spikes|[from] move: Rapid Spin|[of] p2a: Cyclizar\n|-sideend|p2: andy1510|Stealth Rock|[from] move: Rapid Spin|[of] p2a: Cyclizar\n|\n|-weather|RainDance|[upkeep]\n|-damage|p2a: Cyclizar|17\/100 psn|[from] psn\n|upkeep\n|turn|48\n|\n|t:|1700259400\n|switch|p2a: Goodra|Goodra-Hisui, F|94\/100 brn\n|move|p1a: Glimmora|Earth Power|p2a: Goodra\n|-supereffective|p2a: Goodra\n|-damage|p2a: Goodra|68\/100 brn\n|\n|-weather|RainDance|[upkeep]\n|-damage|p2a: Goodra|62\/100 brn|[from] brn\n|upkeep\n|turn|49\n|inactive|DYLAN32162 has 120 seconds left.\n|\n|t:|1700259449\n|move|p1a: Glimmora|Earth Power|p2a: Goodra\n|-supereffective|p2a: Goodra\n|-damage|p2a: Goodra|37\/100 brn\n|move|p2a: Goodra|Draco Meteor|p1a: Glimmora\n|-damage|p1a: Glimmora|0 fnt\n|-unboost|p2a: Goodra|spa|2\n|faint|p1a: Glimmora\n|\n|-weather|RainDance|[upkeep]\n|-damage|p2a: Goodra|31\/100 brn|[from] brn\n|upkeep\n|\n|t:|1700259456\n|switch|p1a: Gholdengo|Gholdengo|33\/100\n|turn|50\n|\n|t:|1700259469\n|switch|p2a: Slowking|Slowking-Galar, M|100\/100\n|move|p1a: Gholdengo|Recover|p1a: Gholdengo\n|-heal|p1a: Gholdengo|83\/100\n|\n|-weather|RainDance|[upkeep]\n|upkeep\n|turn|51\n|inactive|DYLAN32162 has 120 seconds left.\n|\n|t:|1700259479\n|move|p1a: Gholdengo|Nasty Plot|p1a: Gholdengo\n|-boost|p1a: Gholdengo|spa|2\n|move|p2a: Slowking|Chilly Reception|p2a: Slowking\n|-weather|Snow\n|\n|t:|1700259498\n|switch|p2a: Alomomola|Alomomola, F|96\/100|[from] Chilly Reception\n|\n|-weather|Snow|[upkeep]\n|-heal|p2a: Alomomola|100\/100|[from] item: Leftovers\n|upkeep\n|turn|52\n|inactive|DYLAN32162 has 120 seconds left.\n|\n|t:|1700259520\n|move|p1a: Gholdengo|Shadow Ball|p2a: Alomomola\n|-damage|p2a: Alomomola|24\/100\n|move|p2a: Alomomola|Wish|p2a: Alomomola\n|\n|-weather|Snow|[upkeep]\n|-heal|p2a: Alomomola|30\/100|[from] item: Leftovers\n|upkeep\n|turn|53\n|\n|t:|1700259528\n|switch|p2a: Cyclizar|Cyclizar, M|50\/100 psn\n|move|p1a: Gholdengo|Nasty Plot|p1a: Gholdengo\n|-boost|p1a: Gholdengo|spa|2\n|\n|-weather|Snow|[upkeep]\n|-heal|p2a: Cyclizar|100\/100 psn|[from] move: Wish|[wisher] Alomomola\n|-damage|p2a: Cyclizar|88\/100 psn|[from] psn\n|upkeep\n|turn|54\n|\n|t:|1700259536\n|move|p2a: Cyclizar|Knock Off|p1a: Gholdengo\n|-supereffective|p1a: Gholdengo\n|-damage|p1a: Gholdengo|49\/100\n|move|p1a: Gholdengo|Make It Rain|p2a: Cyclizar\n|-damage|p2a: Cyclizar|0 fnt\n|-unboost|p1a: Gholdengo|spa|1\n|faint|p2a: Cyclizar\n|\n|-weather|Snow|[upkeep]\n|upkeep\n|\n|t:|1700259545\n|switch|p2a: Slowking|Slowking-Galar, M|100\/100\n|turn|55\n|\n|t:|1700259551\n|-terastallize|p2a: Slowking|Poison\n|move|p1a: Gholdengo|Recover|p1a: Gholdengo\n|-heal|p1a: Gholdengo|99\/100\n|move|p2a: Slowking|Fire Blast|p1a: Gholdengo|[miss]\n|-miss|p2a: Slowking|p1a: Gholdengo\n|\n|-weather|none\n|upkeep\n|turn|56\n|\n|t:|1700259558\n|move|p1a: Gholdengo|Shadow Ball|p2a: Slowking\n|-damage|p2a: Slowking|52\/100\n|move|p2a: Slowking|Fire Blast|p1a: Gholdengo\n|-supereffective|p1a: Gholdengo\n|-damage|p1a: Gholdengo|60\/100\n|\n|-heal|p2a: Slowking|58\/100|[from] item: Leftovers\n|upkeep\n|turn|57\n|inactive|DYLAN32162 has 120 seconds left.\n|\n|t:|1700259590\n|move|p1a: Gholdengo|Recover|p1a: Gholdengo\n|-heal|p1a: Gholdengo|100\/100\n|move|p2a: Slowking|Fire Blast|p1a: Gholdengo\n|-supereffective|p1a: Gholdengo\n|-damage|p1a: Gholdengo|62\/100\n|\n|-heal|p2a: Slowking|64\/100|[from] item: Leftovers\n|upkeep\n|turn|58\n|\n|t:|1700259593\n|move|p1a: Gholdengo|Recover|p1a: Gholdengo\n|-heal|p1a: Gholdengo|100\/100\n|move|p2a: Slowking|Fire Blast|p1a: Gholdengo\n|-supereffective|p1a: Gholdengo\n|-damage|p1a: Gholdengo|63\/100\n|\n|-heal|p2a: Slowking|70\/100|[from] item: Leftovers\n|upkeep\n|turn|59\n|\n|t:|1700259599\n|move|p1a: Gholdengo|Recover|p1a: Gholdengo\n|-heal|p1a: Gholdengo|100\/100\n|move|p2a: Slowking|Fire Blast|p1a: Gholdengo\n|-supereffective|p1a: Gholdengo\n|-damage|p1a: Gholdengo|59\/100\n|\n|-heal|p2a: Slowking|76\/100|[from] item: Leftovers\n|upkeep\n|turn|60\n|\n|t:|1700259604\n|move|p1a: Gholdengo|Recover|p1a: Gholdengo\n|-heal|p1a: Gholdengo|100\/100\n|move|p2a: Slowking|Fire Blast|p1a: Gholdengo\n|-supereffective|p1a: Gholdengo\n|-damage|p1a: Gholdengo|61\/100\n|\n|-heal|p2a: Slowking|82\/100|[from] item: Leftovers\n|upkeep\n|turn|61\n|c|\u2606DYLAN32162|well the odds of hitting 7 of 8 are like 7 percent\n|\n|t:|1700259626\n|move|p1a: Gholdengo|Recover|p1a: Gholdengo\n|-heal|p1a: Gholdengo|100\/100\n|move|p2a: Slowking|Fire Blast|p1a: Gholdengo\n|-supereffective|p1a: Gholdengo\n|-damage|p1a: Gholdengo|62\/100\n|\n|-heal|p2a: Slowking|88\/100|[from] item: Leftovers\n|upkeep\n|turn|62\n|c|\u2606DYLAN32162|but sick\n|c|\u2606andy1510|Unfortunate, sorry about that.\n|\n|t:|1700259651\n|move|p1a: Gholdengo|Shadow Ball|p2a: Slowking\n|-damage|p2a: Slowking|40\/100\n|move|p2a: Slowking|Fire Blast|p1a: Gholdengo\n|-supereffective|p1a: Gholdengo\n|-damage|p1a: Gholdengo|22\/100\n|\n|-heal|p2a: Slowking|46\/100|[from] item: Leftovers\n|upkeep\n|turn|63\n|c|\u2606DYLAN32162|bro wtf\n|\n|t:|1700259663\n|switch|p2a: Goodra|Goodra-Hisui, F|31\/100 brn\n|move|p1a: Gholdengo|Shadow Ball|p2a: Goodra\n|-damage|p2a: Goodra|0 fnt\n|faint|p2a: Goodra\n|\n|upkeep\n|\n|t:|1700259668\n|switch|p2a: Slowking|Slowking-Galar, M, tera:Poison|79\/100\n|turn|64\n|c|\u2606DYLAN32162|couldnt miss if you tried\n|c|\u2606andy1510|If it makes you feel better, I've run out of PP.\n|\n|t:|1700259688\n|move|p1a: Gholdengo|Shadow Ball|p2a: Slowking\n|-damage|p2a: Slowking|28\/100\n|move|p2a: Slowking|Future Sight|p1a: Gholdengo\n|-start|p2a: Slowking|move: Future Sight\n|\n|-heal|p2a: Slowking|34\/100|[from] item: Leftovers\n|upkeep\n|turn|65\n|c|\u2606DYLAN32162|yea i just mentioned you get 8\n|\n|t:|1700259699\n|move|p1a: Gholdengo|Shadow Ball|p2a: Slowking\n|-crit|p2a: Slowking\n|-damage|p2a: Slowking|0 fnt\n|faint|p2a: Slowking\n|\n|upkeep\n|c|\u2606andy1510|Sorry, I missed that message.\n|\n|t:|1700259717\n|switch|p2a: Alomomola|Alomomola, F|64\/100\n|turn|66\n|c|\u2606DYLAN32162|you also hit 7 of the 8\n|\n|t:|1700259735\n|move|p2a: Alomomola|Protect|p2a: Alomomola\n|-singleturn|p2a: Alomomola|Protect\n|move|p1a: Gholdengo|Shadow Ball|p2a: Alomomola\n|-activate|p2a: Alomomola|move: Protect\n|\n|-end|p1a: Gholdengo|move: Future Sight\n|-resisted|p1a: Gholdengo\n|-damage|p1a: Gholdengo|5\/100\n|-heal|p2a: Alomomola|70\/100|[from] item: Leftovers\n|upkeep\n|turn|67\n|\n|t:|1700259746\n|move|p1a: Gholdengo|Shadow Ball|p2a: Alomomola\n|-damage|p2a: Alomomola|0 fnt\n|faint|p2a: Alomomola\n|\n|upkeep\n|\n|t:|1700259750\n|switch|p2a: Mamoswine|Mamoswine, F|88\/100\n|turn|68\n|c|\u2606DYLAN32162|no shot you just threw like that lmao\n|\n|t:|1700259763\n|move|p2a: Mamoswine|Ice Shard|p1a: Gholdengo\n|-resisted|p1a: Gholdengo\n|-damage|p1a: Gholdengo|0 fnt\n|faint|p1a: Gholdengo\n|\n|upkeep\n|\n|t:|1700259766\n|switch|p1a: Pelipper|Pelipper, F|67\/100\n|-weather|RainDance|[from] ability: Drizzle|[of] p1a: Pelipper\n|turn|69\n|\n|t:|1700259775\n|move|p2a: Mamoswine|Ice Shard|p1a: Pelipper\n|-damage|p1a: Pelipper|39\/100\n|move|p1a: Pelipper|Roost|p1a: Pelipper\n|-heal|p1a: Pelipper|89\/100\n|-singleturn|p1a: Pelipper|move: Roost\n|\n|-weather|RainDance|[upkeep]\n|upkeep\n|turn|70\n|\n|t:|1700259780\n|move|p2a: Mamoswine|Ice Shard|p1a: Pelipper\n|-damage|p1a: Pelipper|63\/100\n|move|p1a: Pelipper|Surf|p2a: Mamoswine\n|-supereffective|p2a: Mamoswine\n|-damage|p2a: Mamoswine|0 fnt\n|faint|p2a: Mamoswine\n|\n|win|DYLAN32162\n|raw|DYLAN32162's rating: 1474 &rarr; <strong>1493<\/strong><br \/>(+19 for winning)\n|raw|andy1510's rating: 1455 &rarr; <strong>1436<\/strong><br \/>(-19 for losing)\n|c|\u2606andy1510|Good game, well played.\n|c|\u2606DYLAN32162|cb?\n|c|\u2606andy1510|CB?\n|c|\u2606DYLAN32162|choice band?\n|c|\u2606andy1510|Sorry, yes.\n|c|\u2606DYLAN32162|your team is not very good against hazards and knock\n|c|\u2606andy1510|I try to account for the hazards with Cyclizar.\n|c|\u2606andy1510|But knocking does do a number on some members of my team.\n|c|\u2606DYLAN32162|its really not enough\n|c|\u2606andy1510|Maybe I can try replacing Mamoswine with Great Tusk?\n|c|\u2606DYLAN32162|u have to be boots everything\n|c|\u2606andy1510|Though I do like Mamoswine a lot. Boots are on Skeledirge.\n|c|\u2606DYLAN32162|no i would go like av swine find something to replace skelederg if the fish and king are defensive piviots\n|c|\u2606andy1510|The Skeledirge is primary for Kingambit. They have a dark tera type.\n|c|\u2606andy1510|The tera type also allows me to handle stored power sweepers.\n|c|\u2606andy1510|I do like the assault vest idea, since all my moves are attacks anyway, but I want to maximize the power of my ice shard.\n|c|\u2606DYLAN32162|i mean the dog on my team takes care of king and is good against all of the tier\n|c|\u2606andy1510|I also like the utility of recovery and will-o-wisp.\n|c|\u2606DYLAN32162|and av mamo is so good\n|c|\u2606DYLAN32162|if thats the case drop slowking\n|c|\u2606andy1510|I feel like the SpD stat is too low on Mamoswine for assault vest to make them legitimately bulky.\n|c|\u2606andy1510|I like regenerator with the pivot move.\n|c|\u2606DYLAN32162|yea but it eats alot of hits and has the best offensive type in the game\n|c|\u2606andy1510|Yes, that and ice electric types are, I hear, the best offensive typings.\n|c|\u2606DYLAN32162|and i dont know if you have it but i would go 0 iv in speed and negative speed on the fish to be slow and flip turn\n|c|\u2606andy1510|I do have that, thank you for the suggestion anyway.\n|c|\u2606andy1510|I do see your point with Slowking, maybe I'll try somebody else.\n|c|\u2606DYLAN32162|you really need some more offensive pressure rocks spikes and run like dragon tail on goodra and or cycle would be insane\n|c|\u2606andy1510|Do you think leaning into more direct offense is a good idea?\n|c|\u2606andy1510|A hazard setter would be very nice, I'll see what I can do in that department.\n|c|\u2606DYLAN32162|i mean hazards would be great\n|c|\u2606andy1510|Agreed.\n|c|\u2606DYLAN32162|i assume you are av goodra?\n|c|\u2606andy1510|Yes.\n|c|\u2606DYLAN32162|i would use earthquake instead of flame too tbh it hits pex too\n|c|\u2606andy1510|Mixed attacker? An interesting proposal.\n|c|\u2606DYLAN32162|you also have to not be afraid to use mamo if you went mamo and just clicked you wouldve beat me\n|c|\u2606DYLAN32162|yea i like ice dragon tail earthquake and the last move is up to you draco is strong but idk if its the best\n|c|\u2606andy1510|I'm pretty sure I wasn't going to survive Gholdengo, so I had to ice shard.\n|c|\u2606DYLAN32162|i was slower lol\n|c|\u2606DYLAN32162|i was max hp max spdf\n|c|\u2606andy1510|Really? Mamoswine was at 259.\n|c|\u2606DYLAN32162|yea i was way slower lol\n|c|\u2606andy1510|Oh wow, nevermind then, good to know.\n|c|\u2606DYLAN32162|yea most golds dont run speed and are defensive on either side\n|c|\u2606andy1510|I'll see if I can replace either ice beam or flamethrower on Goodra with earthquake.\n|c|\u2606DYLAN32162|i would replace flame youd be weaker to corv but dragon tail covers\n|c|\u2606andy1510|Oh yeah, and since earthquake helps replace the steel utility flamethrower has.\n|c|\u2606andy1510|Thank you very much for all these suggestions.\n|c|\u2606DYLAN32162|yea no problem\n|c|\u2606andy1510|Good luck with your next match.\n","uploadtime":1700260827,"views":11,"p1id":"dylan32162","p2id":"andy1510","formatid":"gen9ou","rating":1436,"private":0,"password":""}