{"id":"gen9ou-1994926443","p1":"Kyu20","p2":"Syimmy23","format":"[Gen 9] OU","log":"|j|\u2606Kyu20\n|j|\u2606Syimmy23\n|t:|1700505307\n|gametype|singles\n|player|p1|Kyu20|cynthia|\n|player|p2|Syimmy23|170|\n|teamsize|p1|6\n|teamsize|p2|6\n|gen|9\n|tier|[Gen 9] OU\n|rule|Sleep Clause Mod: Limit one foe put to sleep\n|rule|Species Clause: Limit one of each Pok\u00e9mon\n|rule|OHKO Clause: OHKO moves are banned\n|rule|Evasion Items Clause: Evasion items are banned\n|rule|Evasion Moves Clause: Evasion moves are banned\n|rule|Endless Battle Clause: Forcing endless battles is banned\n|rule|HP Percentage Mod: HP is shown in percentages\n|clearpoke\n|poke|p1|Ceruledge, M|\n|poke|p1|Hippowdon, F|\n|poke|p1|Corviknight, M|\n|poke|p1|Dusclops, M|\n|poke|p1|Clefable, F|\n|poke|p1|Dragapult, F|\n|poke|p2|Alomomola, F|\n|poke|p2|Slowking-Galar, F|\n|poke|p2|Kingambit, F|\n|poke|p2|Great Tusk|\n|poke|p2|Cinderace, F|\n|poke|p2|Thundurus-Therian, M|\n|teampreview\n|\n|t:|1700505321\n|start\n|switch|p1a: Clefable|Clefable, F|100\/100\n|switch|p2a: Great Tusk|Great Tusk|100\/100\n|turn|1\n|\n|t:|1700505331\n|-end|p2a: Great Tusk|Protosynthesis|[silent]\n|switch|p2a: Slowking|Slowking-Galar, F|100\/100\n|move|p1a: Clefable|Moonblast|p2a: Slowking\n|-resisted|p2a: Slowking\n|-damage|p2a: Slowking|87\/100\n|-unboost|p2a: Slowking|spa|1\n|\n|upkeep\n|turn|2\n|\n|t:|1700505341\n|switch|p1a: Corviknight|Corviknight, M, shiny|100\/100\n|-ability|p1a: Corviknight|Pressure\n|move|p2a: Slowking|Future Sight|p1a: Corviknight\n|-start|p2a: Slowking|move: Future Sight\n|\n|upkeep\n|turn|3\n|\n|t:|1700505353\n|move|p1a: Corviknight|Brave Bird|p2a: Slowking\n|-crit|p2a: Slowking\n|-damage|p2a: Slowking|12\/100\n|-damage|p1a: Corviknight|76\/100|[from] Recoil\n|-damage|p1a: Corviknight|66\/100|[from] item: Life Orb\n|move|p2a: Slowking|Chilly Reception|p2a: Slowking\n|-weather|Snow\n|\n|t:|1700505365\n|switch|p2a: Thundurus|Thundurus-Therian, M|100\/100|[from] Chilly Reception\n|\n|-weather|Snow|[upkeep]\n|upkeep\n|turn|4\n|\n|t:|1700505378\n|switch|p1a: Hippowdon|Hippowdon, F|100\/100\n|-weather|Sandstorm|[from] ability: Sand Stream|[of] p1a: Hippowdon\n|move|p2a: Thundurus|Grass Knot|p1a: Hippowdon\n|-supereffective|p1a: Hippowdon\n|-damage|p1a: Hippowdon|0 fnt\n|faint|p1a: Hippowdon\n|\n|-weather|Sandstorm|[upkeep]\n|-damage|p2a: Thundurus|94\/100|[from] Sandstorm\n|-hint|Future Sight did not hit because the target is fainted.\n|upkeep\n|\n|t:|1700505392\n|switch|p1a: Dusclops|Dusclops, M, shiny|100\/100\n|-ability|p1a: Dusclops|Pressure\n|turn|5\n|\n|t:|1700505402\n|switch|p2a: Alomomola|Alomomola, F|100\/100\n|move|p1a: Dusclops|Will-O-Wisp|p2a: Alomomola\n|-status|p2a: Alomomola|brn\n|\n|-weather|Sandstorm|[upkeep]\n|-damage|p2a: Alomomola|94\/100 brn|[from] Sandstorm\n|-damage|p1a: Dusclops|95\/100|[from] Sandstorm\n|-damage|p2a: Alomomola|88\/100 brn|[from] brn\n|upkeep\n|turn|6\n|\n|t:|1700505412\n|move|p2a: Alomomola|Wish|p2a: Alomomola\n|move|p1a: Dusclops|Hex|p2a: Alomomola\n|-damage|p2a: Alomomola|59\/100 brn\n|-enditem|p2a: Alomomola|Red Card|[of] p1a: Dusclops\n|drag|p1a: Ceruledge|Ceruledge, M|100\/100\n|\n|-weather|Sandstorm|[upkeep]\n|-damage|p1a: Ceruledge|94\/100|[from] Sandstorm\n|-damage|p2a: Alomomola|53\/100 brn|[from] Sandstorm\n|-damage|p2a: Alomomola|47\/100 brn|[from] brn\n|upkeep\n|turn|7\n|\n|t:|1700505424\n|-terastallize|p1a: Ceruledge|Bug\n|move|p1a: Ceruledge|Swords Dance|p1a: Ceruledge\n|-boost|p1a: Ceruledge|atk|2\n|move|p2a: Alomomola|Scald|p1a: Ceruledge\n|-damage|p1a: Ceruledge|78\/100\n|\n|-weather|Sandstorm|[upkeep]\n|-damage|p1a: Ceruledge|72\/100|[from] Sandstorm\n|-damage|p2a: Alomomola|41\/100 brn|[from] Sandstorm\n|-heal|p2a: Alomomola|91\/100 brn|[from] move: Wish|[wisher] Alomomola\n|-damage|p2a: Alomomola|85\/100 brn|[from] brn\n|upkeep\n|turn|8\n|\n|t:|1700505438\n|move|p1a: Ceruledge|Poltergeist||[still]\n|-fail|p1a: Ceruledge\n|move|p2a: Alomomola|Scald|p1a: Ceruledge\n|-damage|p1a: Ceruledge|55\/100\n|-status|p1a: Ceruledge|brn\n|\n|-weather|none\n|-damage|p1a: Ceruledge|49\/100 brn|[from] brn\n|-damage|p2a: Alomomola|78\/100 brn|[from] brn\n|upkeep\n|turn|9\n|\n|t:|1700505453\n|move|p1a: Ceruledge|Swords Dance|p1a: Ceruledge\n|-boost|p1a: Ceruledge|atk|2\n|move|p2a: Alomomola|Wish|p2a: Alomomola\n|\n|-damage|p1a: Ceruledge|43\/100 brn|[from] brn\n|-damage|p2a: Alomomola|72\/100 brn|[from] brn\n|upkeep\n|turn|10\n|\n|t:|1700505459\n|move|p1a: Ceruledge|Swords Dance|p1a: Ceruledge\n|-boost|p1a: Ceruledge|atk|2\n|move|p2a: Alomomola|Scald|p1a: Ceruledge\n|-damage|p1a: Ceruledge|26\/100 brn\n|\n|-heal|p2a: Alomomola|100\/100 brn|[from] move: Wish|[wisher] Alomomola\n|-damage|p1a: Ceruledge|20\/100 brn|[from] brn\n|-damage|p2a: Alomomola|94\/100 brn|[from] brn\n|upkeep\n|turn|11\n|\n|t:|1700505472\n|move|p1a: Ceruledge|Shadow Sneak|p2a: Alomomola\n|-damage|p2a: Alomomola|68\/100 brn\n|move|p2a: Alomomola|Wish|p2a: Alomomola\n|\n|-damage|p1a: Ceruledge|14\/100 brn|[from] brn\n|-damage|p2a: Alomomola|62\/100 brn|[from] brn\n|upkeep\n|turn|12\n|\n|t:|1700505480\n|move|p1a: Ceruledge|Shadow Sneak|p2a: Alomomola\n|-damage|p2a: Alomomola|37\/100 brn\n|move|p2a: Alomomola|Flip Turn|p1a: Ceruledge\n|-damage|p1a: Ceruledge|2\/100 brn\n|-ability|p1a: Ceruledge|Weak Armor|boost\n|-unboost|p1a: Ceruledge|def|1\n|-boost|p1a: Ceruledge|spe|2\n|\n|t:|1700505488\n|switch|p2a: Slowking|Slowking-Galar, F|45\/100|[from] Flip Turn\n|\n|-heal|p2a: Slowking|100\/100|[from] move: Wish|[wisher] Alomomola\n|-damage|p1a: Ceruledge|0 fnt|[from] brn\n|faint|p1a: Ceruledge\n|upkeep\n|\n|t:|1700505502\n|switch|p1a: Dusclops|Dusclops, M, shiny|95\/100\n|-ability|p1a: Dusclops|Pressure\n|turn|13\n|\n|t:|1700505511\n|move|p1a: Dusclops|Will-O-Wisp|p2a: Slowking\n|-status|p2a: Slowking|brn\n|move|p2a: Slowking|Future Sight|p1a: Dusclops\n|-start|p2a: Slowking|move: Future Sight\n|\n|-damage|p2a: Slowking|94\/100 brn|[from] brn\n|upkeep\n|turn|14\n|\n|t:|1700505522\n|move|p1a: Dusclops|Hex|p2a: Slowking\n|-supereffective|p2a: Slowking\n|-damage|p2a: Slowking|60\/100 brn\n|move|p2a: Slowking|Chilly Reception|p2a: Slowking\n|-weather|Snow\n|\n|t:|1700505537\n|switch|p2a: Thundurus|Thundurus-Therian, M|94\/100|[from] Chilly Reception\n|\n|-weather|Snow|[upkeep]\n|upkeep\n|turn|15\n|\n|t:|1700505547\n|move|p2a: Thundurus|Knock Off|p1a: Dusclops\n|-supereffective|p1a: Dusclops\n|-damage|p1a: Dusclops|70\/100\n|-enditem|p1a: Dusclops|Eviolite|[from] move: Knock Off|[of] p2a: Thundurus\n|move|p1a: Dusclops|Disable|p2a: Thundurus\n|-start|p2a: Thundurus|Disable|Knock Off\n|\n|-weather|Snow|[upkeep]\n|-end|p1a: Dusclops|move: Future Sight\n|-damage|p1a: Dusclops|36\/100\n|upkeep\n|turn|16\n|\n|t:|1700505558\n|switch|p2a: Cinderace|Cinderace, F|100\/100\n|move|p1a: Dusclops|Hex|p2a: Cinderace\n|-damage|p2a: Cinderace|80\/100\n|\n|-weather|Snow|[upkeep]\n|upkeep\n|turn|17\n|\n|t:|1700505568\n|move|p1a: Dusclops|Protect|p1a: Dusclops\n|-singleturn|p1a: Dusclops|Protect\n|move|p2a: Cinderace|Pyro Ball|p1a: Dusclops\n|-activate|p1a: Dusclops|move: Protect\n|\n|-weather|Snow|[upkeep]\n|upkeep\n|turn|18\n|\n|t:|1700505576\n|move|p2a: Cinderace|Pyro Ball|p1a: Dusclops\n|-damage|p1a: Dusclops|0 fnt\n|faint|p1a: Dusclops\n|\n|-weather|none\n|upkeep\n|\n|t:|1700505583\n|switch|p1a: Dragapult|Dragapult, F|100\/100\n|turn|19\n|\n|t:|1700505591\n|switch|p2a: Kingambit|Kingambit, F|100\/100\n|move|p1a: Dragapult|Surf|p2a: Kingambit\n|-damage|p2a: Kingambit|73\/100\n|\n|-heal|p2a: Kingambit|79\/100|[from] item: Leftovers\n|upkeep\n|turn|20\n|\n|t:|1700505608\n|switch|p1a: Corviknight|Corviknight, M, shiny|66\/100\n|-ability|p1a: Corviknight|Pressure\n|-terastallize|p2a: Kingambit|Flying\n|move|p2a: Kingambit|Swords Dance|p2a: Kingambit\n|-boost|p2a: Kingambit|atk|2\n|\n|-heal|p2a: Kingambit|85\/100|[from] item: Leftovers\n|upkeep\n|turn|21\n|\n|t:|1700505617\n|switch|p1a: Clefable|Clefable, F|100\/100\n|move|p2a: Kingambit|Kowtow Cleave|p1a: Clefable\n|-resisted|p1a: Clefable\n|-damage|p1a: Clefable|48\/100\n|\n|-heal|p1a: Clefable|55\/100|[from] item: Leftovers\n|-heal|p2a: Kingambit|91\/100|[from] item: Leftovers\n|upkeep\n|turn|22\n|\n|t:|1700505626\n|move|p1a: Clefable|Ice Beam|p2a: Kingambit\n|-supereffective|p2a: Kingambit\n|-damage|p2a: Kingambit|35\/100\n|move|p2a: Kingambit|Iron Head|p1a: Clefable\n|-supereffective|p1a: Clefable\n|-damage|p1a: Clefable|0 fnt\n|faint|p1a: Clefable\n|\n|-heal|p2a: Kingambit|41\/100|[from] item: Leftovers\n|upkeep\n|\n|t:|1700505632\n|switch|p1a: Dragapult|Dragapult, F|100\/100\n|turn|23\n|\n|t:|1700505642\n|move|p2a: Kingambit|Sucker Punch|p1a: Dragapult\n|-supereffective|p1a: Dragapult\n|-damage|p1a: Dragapult|0 fnt\n|faint|p1a: Dragapult\n|\n|-heal|p2a: Kingambit|47\/100|[from] item: Leftovers\n|upkeep\n|\n|t:|1700505645\n|switch|p1a: Corviknight|Corviknight, M, shiny|66\/100\n|-ability|p1a: Corviknight|Pressure\n|turn|24\n|\n|t:|1700505653\n|move|p1a: Corviknight|Brave Bird|p2a: Kingambit\n|-damage|p2a: Kingambit|12\/100\n|-damage|p1a: Corviknight|55\/100|[from] Recoil\n|-damage|p1a: Corviknight|45\/100|[from] item: Life Orb\n|move|p2a: Kingambit|Kowtow Cleave|p1a: Corviknight\n|-crit|p1a: Corviknight\n|-damage|p1a: Corviknight|0 fnt\n|faint|p1a: Corviknight\n|\n|win|Syimmy23\n|c|\u2606Syimmy23|Gg\n|l|\u2606Kyu20\n","uploadtime":1700505672,"views":21,"p1id":"kyu20","p2id":"syimmy23","formatid":"gen9ou","rating":0,"private":0,"password":""}