{"id":"gen9ou-1989061312","p1":"shakdaddy8","p2":"Thefatguinea","format":"[Gen 9] OU","log":"|j|\u2606shakdaddy8\n|j|\u203dThefatguinea\n|t:|1699807897\n|gametype|singles\n|player|p1|shakdaddy8|170|1249\n|player|p2|Thefatguinea|linebacker|1322\n|teamsize|p1|6\n|teamsize|p2|6\n|gen|9\n|tier|[Gen 9] OU\n|rated|\n|rule|Sleep Clause Mod: Limit one foe put to sleep\n|rule|Species Clause: Limit one of each Pok\u00e9mon\n|rule|OHKO Clause: OHKO moves are banned\n|rule|Evasion Items Clause: Evasion items are banned\n|rule|Evasion Moves Clause: Evasion moves are banned\n|rule|Endless Battle Clause: Forcing endless battles is banned\n|rule|HP Percentage Mod: HP is shown in percentages\n|clearpoke\n|poke|p1|Dragonite, F|\n|poke|p1|Great Tusk|\n|poke|p1|Iron Moth|\n|poke|p1|Torkoal, M|\n|poke|p1|Ting-Lu|\n|poke|p1|Walking Wake|\n|poke|p2|Zapdos-Galar|\n|poke|p2|Ceruledge, F|\n|poke|p2|Manaphy|\n|poke|p2|Lokix, F|\n|poke|p2|Weezing-Galar, F|\n|poke|p2|Clodsire, F|\n|teampreview\n|inactive|Battle timer is ON: inactive players will automatically lose when time's up. (requested by shakdaddy8)\n|\n|t:|1699807913\n|start\n|switch|p1a: Ting-Lu|Ting-Lu|100\/100\n|switch|p2a: Zapdos|Zapdos-Galar|100\/100\n|-ability|p1a: Ting-Lu|Vessel of Ruin\n|turn|1\n|\n|t:|1699807918\n|move|p2a: Zapdos|Bulk Up|p2a: Zapdos\n|-boost|p2a: Zapdos|atk|1\n|-boost|p2a: Zapdos|def|1\n|move|p1a: Ting-Lu|Stealth Rock|p2a: Zapdos\n|-sidestart|p2: Thefatguinea|move: Stealth Rock\n|\n|upkeep\n|turn|2\n|\n|t:|1699807921\n|move|p2a: Zapdos|Bulk Up|p2a: Zapdos\n|-boost|p2a: Zapdos|atk|1\n|-boost|p2a: Zapdos|def|1\n|move|p1a: Ting-Lu|Whirlwind|p2a: Zapdos\n|drag|p2a: Clodsire|Clodsire, F|100\/100\n|-damage|p2a: Clodsire|94\/100|[from] Stealth Rock\n|\n|-heal|p2a: Clodsire|100\/100|[from] item: Leftovers\n|upkeep\n|turn|3\n|\n|t:|1699807930\n|move|p1a: Ting-Lu|Body Press|p2a: Clodsire\n|-resisted|p2a: Clodsire\n|-damage|p2a: Clodsire|88\/100\n|move|p2a: Clodsire|Toxic|p1a: Ting-Lu\n|-status|p1a: Ting-Lu|tox\n|\n|-heal|p2a: Clodsire|94\/100|[from] item: Leftovers\n|-damage|p1a: Ting-Lu|94\/100 tox|[from] psn\n|upkeep\n|turn|4\n|\n|t:|1699807938\n|switch|p1a: Walking Wake|Walking Wake|100\/100\n|move|p2a: Clodsire|Stealth Rock|p1a: Walking Wake\n|-sidestart|p1: shakdaddy8|move: Stealth Rock\n|\n|-heal|p2a: Clodsire|99\/100|[from] item: Leftovers\n|upkeep\n|turn|5\n|\n|t:|1699807941\n|move|p1a: Walking Wake|Hydro Steam|p2a: Clodsire\n|-supereffective|p2a: Clodsire\n|-damage|p2a: Clodsire|30\/100\n|move|p2a: Clodsire|Toxic|p1a: Walking Wake\n|-status|p1a: Walking Wake|tox\n|\n|-heal|p2a: Clodsire|36\/100|[from] item: Leftovers\n|-damage|p1a: Walking Wake|94\/100 tox|[from] psn\n|upkeep\n|turn|6\n|\n|t:|1699807947\n|switch|p2a: Weezing|Weezing-Galar, F|100\/100\n|-damage|p2a: Weezing|88\/100|[from] Stealth Rock\n|move|p1a: Walking Wake|Hydro Steam|p2a: Weezing\n|-damage|p2a: Weezing|7\/100\n|\n|-damage|p1a: Walking Wake|82\/100 tox|[from] psn\n|upkeep\n|turn|7\n|\n|t:|1699807952\n|move|p1a: Walking Wake|Hydro Steam|p2a: Weezing\n|-damage|p2a: Weezing|0 fnt\n|faint|p2a: Weezing\n|\n|-damage|p1a: Walking Wake|64\/100 tox|[from] psn\n|upkeep\n|\n|t:|1699807958\n|switch|p2a: Manaphy|Manaphy|100\/100\n|-damage|p2a: Manaphy|88\/100|[from] Stealth Rock\n|turn|8\n|\n|t:|1699807970\n|-end|p1a: Walking Wake|Protosynthesis|[silent]\n|switch|p1a: Ting-Lu|Ting-Lu|94\/100 tox\n|-damage|p1a: Ting-Lu|88\/100 tox|[from] Stealth Rock\n|-ability|p1a: Ting-Lu|Vessel of Ruin\n|move|p2a: Manaphy|Take Heart|p2a: Manaphy\n|-boost|p2a: Manaphy|spa|1\n|-boost|p2a: Manaphy|spd|1\n|\n|-heal|p2a: Manaphy|94\/100|[from] item: Leftovers\n|-heal|p1a: Ting-Lu|94\/100 tox|[from] item: Leftovers\n|-damage|p1a: Ting-Lu|88\/100 tox|[from] psn\n|upkeep\n|turn|9\n|\n|t:|1699807974\n|move|p2a: Manaphy|Tail Glow|p2a: Manaphy\n|-boost|p2a: Manaphy|spa|3\n|move|p1a: Ting-Lu|Whirlwind|p2a: Manaphy\n|drag|p2a: Zapdos|Zapdos-Galar|100\/100\n|-damage|p2a: Zapdos|88\/100|[from] Stealth Rock\n|\n|-heal|p2a: Zapdos|94\/100|[from] item: Leftovers\n|-heal|p1a: Ting-Lu|94\/100 tox|[from] item: Leftovers\n|-damage|p1a: Ting-Lu|82\/100 tox|[from] psn\n|upkeep\n|turn|10\n|\n|t:|1699807985\n|switch|p1a: Torkoal|Torkoal, M|100\/100\n|-damage|p1a: Torkoal|76\/100|[from] Stealth Rock\n|-weather|SunnyDay|[from] ability: Drought|[of] p1a: Torkoal\n|move|p2a: Zapdos|Bulk Up|p2a: Zapdos\n|-boost|p2a: Zapdos|atk|1\n|-boost|p2a: Zapdos|def|1\n|\n|-weather|SunnyDay|[upkeep]\n|-heal|p2a: Zapdos|100\/100|[from] item: Leftovers\n|upkeep\n|turn|11\n|\n|t:|1699807993\n|move|p2a: Zapdos|Protect|p2a: Zapdos\n|-singleturn|p2a: Zapdos|Protect\n|move|p1a: Torkoal|Rapid Spin|p2a: Zapdos\n|-activate|p2a: Zapdos|move: Protect\n|\n|-weather|SunnyDay|[upkeep]\n|upkeep\n|turn|12\n|\n|t:|1699808001\n|move|p2a: Zapdos|Bulk Up|p2a: Zapdos\n|-boost|p2a: Zapdos|atk|1\n|-boost|p2a: Zapdos|def|1\n|move|p1a: Torkoal|Solar Beam||[still]\n|-prepare|p1a: Torkoal|Solar Beam\n|-anim|p1a: Torkoal|Solar Beam|p2a: Zapdos\n|-resisted|p2a: Zapdos\n|-damage|p2a: Zapdos|81\/100\n|\n|-weather|SunnyDay|[upkeep]\n|-heal|p2a: Zapdos|88\/100|[from] item: Leftovers\n|upkeep\n|turn|13\n|\n|t:|1699808005\n|move|p2a: Zapdos|Thunderous Kick|p1a: Torkoal\n|-damage|p1a: Torkoal|5\/100\n|-unboost|p1a: Torkoal|def|1\n|move|p1a: Torkoal|Clear Smog|p2a: Zapdos\n|-damage|p2a: Zapdos|71\/100\n|-clearboost|p2a: Zapdos\n|\n|-weather|SunnyDay|[upkeep]\n|-heal|p2a: Zapdos|77\/100|[from] item: Leftovers\n|upkeep\n|turn|14\n|\n|t:|1699808011\n|move|p2a: Zapdos|Protect|p2a: Zapdos\n|-singleturn|p2a: Zapdos|Protect\n|move|p1a: Torkoal|Rapid Spin|p2a: Zapdos\n|-activate|p2a: Zapdos|move: Protect\n|\n|-weather|SunnyDay|[upkeep]\n|-heal|p2a: Zapdos|83\/100|[from] item: Leftovers\n|upkeep\n|turn|15\n|\n|t:|1699808014\n|move|p2a: Zapdos|Thunderous Kick|p1a: Torkoal\n|-damage|p1a: Torkoal|0 fnt\n|faint|p1a: Torkoal\n|\n|-weather|SunnyDay|[upkeep]\n|-heal|p2a: Zapdos|89\/100|[from] item: Leftovers\n|upkeep\n|\n|t:|1699808017\n|switch|p1a: Walking Wake|Walking Wake|64\/100 tox\n|-damage|p1a: Walking Wake|51\/100 tox|[from] Stealth Rock\n|-activate|p1a: Walking Wake|ability: Protosynthesis\n|-start|p1a: Walking Wake|protosynthesisspe\n|turn|16\n|\n|t:|1699808022\n|move|p1a: Walking Wake|Hydro Steam|p2a: Zapdos\n|-damage|p2a: Zapdos|0 fnt\n|faint|p2a: Zapdos\n|\n|-weather|SunnyDay|[upkeep]\n|-damage|p1a: Walking Wake|45\/100 tox|[from] psn\n|upkeep\n|\n|t:|1699808026\n|switch|p2a: Manaphy|Manaphy|94\/100\n|-damage|p2a: Manaphy|82\/100|[from] Stealth Rock\n|turn|17\n|\n|t:|1699808045\n|-end|p1a: Walking Wake|Protosynthesis|[silent]\n|switch|p1a: Ting-Lu|Ting-Lu|82\/100 tox\n|-damage|p1a: Ting-Lu|76\/100 tox|[from] Stealth Rock\n|-ability|p1a: Ting-Lu|Vessel of Ruin\n|move|p2a: Manaphy|Take Heart|p2a: Manaphy\n|-boost|p2a: Manaphy|spa|1\n|-boost|p2a: Manaphy|spd|1\n|\n|-weather|none\n|-heal|p2a: Manaphy|88\/100|[from] item: Leftovers\n|-heal|p1a: Ting-Lu|82\/100 tox|[from] item: Leftovers\n|-damage|p1a: Ting-Lu|76\/100 tox|[from] psn\n|upkeep\n|turn|18\n|\n|t:|1699808053\n|move|p2a: Manaphy|Tail Glow|p2a: Manaphy\n|-boost|p2a: Manaphy|spa|3\n|move|p1a: Ting-Lu|Whirlwind|p2a: Manaphy\n|drag|p2a: Ceruledge|Ceruledge, F|100\/100\n|\n|-heal|p1a: Ting-Lu|82\/100 tox|[from] item: Leftovers\n|-damage|p1a: Ting-Lu|69\/100 tox|[from] psn\n|upkeep\n|turn|19\n|\n|t:|1699808064\n|move|p2a: Ceruledge|Bulk Up|p2a: Ceruledge\n|-boost|p2a: Ceruledge|atk|1\n|-boost|p2a: Ceruledge|def|1\n|move|p1a: Ting-Lu|Earthquake|p2a: Ceruledge\n|-supereffective|p2a: Ceruledge\n|-damage|p2a: Ceruledge|41\/100\n|\n|-heal|p1a: Ting-Lu|76\/100 tox|[from] item: Leftovers\n|-damage|p1a: Ting-Lu|57\/100 tox|[from] psn\n|upkeep\n|turn|20\n|\n|t:|1699808066\n|move|p2a: Ceruledge|Bitter Blade|p1a: Ting-Lu\n|-damage|p1a: Ting-Lu|28\/100 tox\n|-heal|p2a: Ceruledge|62\/100|[from] drain|[of] p1a: Ting-Lu\n|move|p1a: Ting-Lu|Earthquake|p2a: Ceruledge\n|-supereffective|p2a: Ceruledge\n|-crit|p2a: Ceruledge\n|-damage|p2a: Ceruledge|0 fnt\n|faint|p2a: Ceruledge\n|\n|-heal|p1a: Ting-Lu|34\/100 tox|[from] item: Leftovers\n|-damage|p1a: Ting-Lu|9\/100 tox|[from] psn\n|upkeep\n|\n|t:|1699808069\n|switch|p2a: Lokix|Lokix, F|100\/100\n|turn|21\n|c|\u2606shakdaddy8|what are u doing\n|\n|t:|1699808081\n|move|p2a: Lokix|Swords Dance|p2a: Lokix\n|-boost|p2a: Lokix|atk|2\n|move|p1a: Ting-Lu|Whirlwind|p2a: Lokix\n|drag|p2a: Clodsire|Clodsire, F|36\/100\n|-damage|p2a: Clodsire|30\/100|[from] Stealth Rock\n|\n|-heal|p1a: Ting-Lu|15\/100 tox|[from] item: Leftovers\n|-heal|p2a: Clodsire|36\/100|[from] item: Leftovers\n|-damage|p1a: Ting-Lu|0 fnt|[from] psn\n|faint|p1a: Ting-Lu\n|upkeep\n|inactive|shakdaddy8 has 120 seconds left.\n|\n|t:|1699808120\n|switch|p1a: Iron Moth|Iron Moth|100\/100\n|-damage|p1a: Iron Moth|76\/100|[from] Stealth Rock\n|-enditem|p1a: Iron Moth|Booster Energy\n|-activate|p1a: Iron Moth|ability: Quark Drive|[fromitem]\n|-start|p1a: Iron Moth|quarkdrivespa\n|turn|22\n|\n|t:|1699808138\n|-terastallize|p1a: Iron Moth|Grass\n|move|p1a: Iron Moth|Fiery Dance|p2a: Clodsire\n|-damage|p2a: Clodsire|6\/100\n|-boost|p1a: Iron Moth|spa|1\n|move|p2a: Clodsire|Recover|p2a: Clodsire\n|-heal|p2a: Clodsire|56\/100\n|\n|-heal|p2a: Clodsire|62\/100|[from] item: Leftovers\n|upkeep\n|turn|23\n|\n|t:|1699808141\n|move|p1a: Iron Moth|Energy Ball|p2a: Clodsire\n|-crit|p2a: Clodsire\n|-damage|p2a: Clodsire|14\/100\n|move|p2a: Clodsire|Toxic|p1a: Iron Moth\n|-status|p1a: Iron Moth|tox\n|\n|-heal|p2a: Clodsire|20\/100|[from] item: Leftovers\n|-damage|p1a: Iron Moth|70\/100 tox|[from] psn\n|upkeep\n|turn|24\n|\n|t:|1699808145\n|move|p1a: Iron Moth|Fiery Dance|p2a: Clodsire\n|-damage|p2a: Clodsire|0 fnt\n|-boost|p1a: Iron Moth|spa|1\n|faint|p2a: Clodsire\n|\n|-damage|p1a: Iron Moth|58\/100 tox|[from] psn\n|upkeep\n|\n|t:|1699808147\n|switch|p2a: Lokix|Lokix, F|100\/100\n|turn|25\n|\n|t:|1699808153\n|move|p2a: Lokix|Sucker Punch|p1a: Iron Moth\n|-damage|p1a: Iron Moth|5\/100 tox\n|move|p1a: Iron Moth|Fiery Dance|p2a: Lokix\n|-supereffective|p2a: Lokix\n|-damage|p2a: Lokix|0 fnt\n|faint|p2a: Lokix\n|\n|-damage|p1a: Iron Moth|0 fnt|[from] psn\n|faint|p1a: Iron Moth\n|-end|p1a: Iron Moth|Quark Drive|[silent]\n|upkeep\n|\n|t:|1699808163\n|switch|p1a: Great Tusk|Great Tusk|100\/100\n|switch|p2a: Manaphy|Manaphy|88\/100\n|-damage|p1a: Great Tusk|98\/100|[from] Stealth Rock\n|-damage|p2a: Manaphy|76\/100|[from] Stealth Rock\n|turn|26\n|\n|t:|1699808167\n|move|p1a: Great Tusk|Close Combat|p2a: Manaphy\n|-damage|p2a: Manaphy|29\/100\n|-unboost|p1a: Great Tusk|def|1\n|-unboost|p1a: Great Tusk|spd|1\n|move|p2a: Manaphy|Tail Glow|p2a: Manaphy\n|-boost|p2a: Manaphy|spa|3\n|\n|-heal|p1a: Great Tusk|100\/100|[from] item: Leftovers\n|-heal|p2a: Manaphy|35\/100|[from] item: Leftovers\n|upkeep\n|turn|27\n|\n|t:|1699808172\n|move|p1a: Great Tusk|Close Combat|p2a: Manaphy\n|-crit|p2a: Manaphy\n|-damage|p2a: Manaphy|0 fnt\n|-unboost|p1a: Great Tusk|def|1\n|-unboost|p1a: Great Tusk|spd|1\n|faint|p2a: Manaphy\n|\n|win|shakdaddy8\n|raw|shakdaddy8's rating: 1249 &rarr; <strong>1279<\/strong><br \/>(+30 for winning)\n|raw|Thefatguinea's rating: 1322 &rarr; <strong>1298<\/strong><br \/>(-24 for losing)\n","uploadtime":1699808129,"views":11,"p1id":"shakdaddy8","p2id":"thefatguinea","formatid":"gen9ou","rating":1279,"private":0,"password":""}