{"id":"gen9ou-1994092525","p1":"Sheab","p2":"koodagameplay","format":"[Gen 9] OU","log":"|j|\u2606Sheab\n|j|\u2606koodagameplay\n|t:|1700405870\n|gametype|singles\n|player|p1|Sheab|unknown|1053\n|player|p2|koodagameplay|pokemonbreederf-gen4|1089\n|teamsize|p1|6\n|teamsize|p2|6\n|gen|9\n|tier|[Gen 9] OU\n|rated|\n|rule|Sleep Clause Mod: Limit one foe put to sleep\n|rule|Species Clause: Limit one of each Pok\u00e9mon\n|rule|OHKO Clause: OHKO moves are banned\n|rule|Evasion Items Clause: Evasion items are banned\n|rule|Evasion Moves Clause: Evasion moves are banned\n|rule|Endless Battle Clause: Forcing endless battles is banned\n|rule|HP Percentage Mod: HP is shown in percentages\n|clearpoke\n|poke|p1|Kingambit, M|\n|poke|p1|Clodsire, F|\n|poke|p1|Iron Valiant|\n|poke|p1|Charizard, M|\n|poke|p1|Dragapult, F|\n|poke|p1|Walking Wake|\n|poke|p2|Ribombee, F|\n|poke|p2|Azelf|\n|poke|p2|Scyther, M|\n|poke|p2|Kingambit, M|\n|poke|p2|Tornadus-Therian, M|\n|poke|p2|Cinderace, M|\n|teampreview\n|inactive|Battle timer is ON: inactive players will automatically lose when time's up. (requested by koodagameplay)\n|\n|t:|1700405880\n|start\n|switch|p1a: Charizard|Charizard, M, shiny|100\/100\n|switch|p2a: Azelf|Azelf|100\/100\n|turn|1\n|\n|t:|1700405898\n|move|p2a: Azelf|Stealth Rock|p1a: Charizard\n|-sidestart|p1: Sheab|move: Stealth Rock\n|move|p1a: Charizard|Dragon Dance|p1a: Charizard\n|-boost|p1a: Charizard|atk|1\n|-boost|p1a: Charizard|spe|1\n|\n|upkeep\n|turn|2\n|\n|t:|1700405908\n|move|p1a: Charizard|Dragon Pulse|p2a: Azelf\n|-damage|p2a: Azelf|55\/100\n|move|p2a: Azelf|Explosion|p1a: Charizard\n|-damage|p1a: Charizard|0 fnt\n|faint|p2a: Azelf\n|faint|p1a: Charizard\n|\n|upkeep\n|\n|t:|1700405923\n|switch|p2a: Ribombee|Ribombee, F, shiny|100\/100\n|switch|p1a: Clodsire|Clodsire, F, shiny|100\/100\n|-damage|p1a: Clodsire|94\/100|[from] Stealth Rock\n|turn|3\n|\n|t:|1700405931\n|move|p2a: Ribombee|Sticky Web|p1a: Clodsire\n|-sidestart|p1: Sheab|move: Sticky Web\n|move|p1a: Clodsire|Iron Head|p2a: Ribombee\n|-supereffective|p2a: Ribombee\n|-damage|p2a: Ribombee|13\/100\n|\n|upkeep\n|turn|4\n|\n|t:|1700405942\n|move|p2a: Ribombee|Tailwind|p2a: Ribombee\n|-sidestart|p2: koodagameplay|move: Tailwind\n|move|p1a: Clodsire|Iron Head|p2a: Ribombee\n|-supereffective|p2a: Ribombee\n|-damage|p2a: Ribombee|0 fnt\n|faint|p2a: Ribombee\n|\n|upkeep\n|\n|t:|1700405957\n|switch|p2a: Scyther|Scyther, M|100\/100\n|turn|5\n|\n|t:|1700405963\n|-terastallize|p2a: Scyther|Flying\n|move|p2a: Scyther|Dual Wingbeat|p1a: Clodsire\n|-damage|p1a: Clodsire|51\/100\n|-damage|p1a: Clodsire|6\/100\n|-hitcount|p1a: Clodsire|2\n|move|p1a: Clodsire|Sludge Bomb|p2a: Scyther\n|-damage|p2a: Scyther|77\/100\n|-status|p2a: Scyther|psn\n|\n|-damage|p2a: Scyther|65\/100 psn|[from] psn\n|upkeep\n|turn|6\n|\n|t:|1700405979\n|move|p2a: Scyther|Dual Wingbeat|p1a: Clodsire\n|-damage|p1a: Clodsire|0 fnt\n|faint|p1a: Clodsire\n|-hitcount|p1: Clodsire|1\n|\n|-damage|p2a: Scyther|52\/100 psn|[from] psn\n|upkeep\n|\n|t:|1700405992\n|switch|p1a: Dragapult|Dragapult, F|100\/100\n|turn|7\n|\n|t:|1700406000\n|move|p2a: Scyther|Dual Wingbeat|p1a: Dragapult\n|-damage|p1a: Dragapult|36\/100\n|-damage|p1a: Dragapult|0 fnt\n|faint|p1a: Dragapult\n|-hitcount|p1: Dragapult|2\n|\n|-damage|p2a: Scyther|40\/100 psn|[from] psn\n|-sideend|p2: koodagameplay|move: Tailwind\n|upkeep\n|\n|t:|1700406010\n|switch|p1a: Iron Valiant|Iron Valiant|100\/100\n|-damage|p1a: Iron Valiant|94\/100|[from] Stealth Rock\n|-activate|p1a: Iron Valiant|move: Sticky Web\n|-unboost|p1a: Iron Valiant|spe|1\n|-enditem|p1a: Iron Valiant|Booster Energy\n|-activate|p1a: Iron Valiant|ability: Quark Drive|[fromitem]\n|-start|p1a: Iron Valiant|quarkdrivespa\n|turn|8\n|\n|t:|1700406024\n|move|p2a: Scyther|Dual Wingbeat|p1a: Iron Valiant\n|-supereffective|p1a: Iron Valiant\n|-damage|p1a: Iron Valiant|0 fnt\n|faint|p1a: Iron Valiant\n|-end|p1a: Iron Valiant|Quark Drive|[silent]\n|-hitcount|p1: Iron Valiant|1\n|\n|-damage|p2a: Scyther|27\/100 psn|[from] psn\n|upkeep\n|\n|t:|1700406032\n|switch|p1a: Walking Wake|Walking Wake|100\/100\n|-damage|p1a: Walking Wake|88\/100|[from] Stealth Rock\n|-activate|p1a: Walking Wake|move: Sticky Web\n|-unboost|p1a: Walking Wake|spe|1\n|-enditem|p1a: Walking Wake|Booster Energy\n|-activate|p1a: Walking Wake|ability: Protosynthesis|[fromitem]\n|-start|p1a: Walking Wake|protosynthesisspa\n|turn|9\n|\n|t:|1700406043\n|move|p2a: Scyther|Dual Wingbeat|p1a: Walking Wake\n|-damage|p1a: Walking Wake|42\/100\n|-damage|p1a: Walking Wake|0 fnt\n|faint|p1a: Walking Wake\n|-end|p1a: Walking Wake|Protosynthesis|[silent]\n|-hitcount|p1: Walking Wake|2\n|\n|-damage|p2a: Scyther|15\/100 psn|[from] psn\n|upkeep\n|\n|t:|1700406052\n|switch|p1a: Kingambit|Kingambit, M, shiny|100\/100\n|-damage|p1a: Kingambit|94\/100|[from] Stealth Rock\n|-activate|p1a: Kingambit|move: Sticky Web\n|-unboost|p1a: Kingambit|spe|1\n|-activate|p1a: Kingambit|ability: Supreme Overlord\n|-start|p1a: Kingambit|fallen5|[silent]\n|turn|10\n|\n|t:|1700406062\n|move|p1a: Kingambit|Sucker Punch|p2a: Scyther\n|-damage|p2a: Scyther|0 fnt\n|faint|p2a: Scyther\n|\n|upkeep\n|\n|t:|1700406069\n|switch|p2a: Cinderace|Cinderace, M|100\/100\n|turn|11\n|\n|t:|1700406077\n|move|p1a: Kingambit|Sucker Punch|p2a: Cinderace\n|-damage|p2a: Cinderace|15\/100\n|move|p2a: Cinderace|Flame Charge|p1a: Kingambit\n|-supereffective|p1a: Kingambit\n|-damage|p1a: Kingambit|59\/100\n|-boost|p2a: Cinderace|spe|1\n|\n|-status|p2a: Cinderace|tox|[from] item: Toxic Orb\n|upkeep\n|turn|12\n|\n|t:|1700406094\n|move|p2a: Cinderace|Sucker Punch|p1a: Kingambit\n|-start|p2a: Cinderace|typechange|Dark|[from] ability: Libero\n|-resisted|p1a: Kingambit\n|-damage|p1a: Kingambit|46\/100\n|move|p1a: Kingambit|Sucker Punch||[still]\n|-fail|p1a: Kingambit\n|\n|-damage|p2a: Cinderace|9\/100 tox|[from] psn\n|upkeep\n|turn|13\n|\n|t:|1700406111\n|move|p2a: Cinderace|Sucker Punch|p1a: Kingambit\n|-resisted|p1a: Kingambit\n|-damage|p1a: Kingambit|34\/100\n|move|p1a: Kingambit|Kowtow Cleave|p2a: Cinderace\n|-resisted|p2a: Cinderace\n|-damage|p2a: Cinderace|0 fnt\n|faint|p2a: Cinderace\n|\n|upkeep\n|\n|t:|1700406121\n|switch|p2a: Tornadus|Tornadus-Therian, M|100\/100\n|turn|14\n|\n|t:|1700406128\n|move|p1a: Kingambit|Sucker Punch|p2a: Tornadus\n|-damage|p2a: Tornadus|21\/100\n|move|p2a: Tornadus|Chilling Water|p1a: Kingambit\n|-damage|p1a: Kingambit|19\/100\n|-unboost|p1a: Kingambit|atk|1\n|\n|upkeep\n|turn|15\n|\n|t:|1700406138\n|move|p1a: Kingambit|Sucker Punch|p2a: Tornadus\n|-damage|p2a: Tornadus|0 fnt\n|faint|p2a: Tornadus\n|\n|upkeep\n|\n|t:|1700406143\n|switch|p2a: Kingambit|Kingambit, M|100\/100\n|-activate|p2a: Kingambit|ability: Supreme Overlord\n|-start|p2a: Kingambit|fallen5|[silent]\n|turn|16\n|\n|t:|1700406150\n|move|p2a: Kingambit|Sucker Punch|p1a: Kingambit\n|-resisted|p1a: Kingambit\n|-damage|p1a: Kingambit|0 fnt\n|faint|p1a: Kingambit\n|-end|p1a: Kingambit|fallen5|[silent]\n|\n|win|koodagameplay\n|raw|Sheab's rating: 1053 &rarr; <strong>1037<\/strong><br \/>(-16 for losing)\n|raw|koodagameplay's rating: 1089 &rarr; <strong>1113<\/strong><br \/>(+24 for winning)\n|c|\u2606koodagameplay|gg\n|l|\u2606Sheab\n","uploadtime":1700406295,"views":5,"p1id":"sheab","p2id":"koodagameplay","formatid":"gen9ou","rating":1037,"private":0,"password":""}