{"id":"gen9ou-1989369913","p1":"tritheguy","p2":"IFDCOACH","format":"[Gen 9] OU","log":"|j|\u2606tritheguy\n|j|\u2606IFDCOACH\n|t:|1699841756\n|gametype|singles\n|player|p1|tritheguy|101|1115\n|player|p2|IFDCOACH|worker|1155\n|teamsize|p1|6\n|teamsize|p2|6\n|gen|9\n|tier|[Gen 9] OU\n|rated|\n|rule|Sleep Clause Mod: Limit one foe put to sleep\n|rule|Species Clause: Limit one of each Pok\u00e9mon\n|rule|OHKO Clause: OHKO moves are banned\n|rule|Evasion Items Clause: Evasion items are banned\n|rule|Evasion Moves Clause: Evasion moves are banned\n|rule|Endless Battle Clause: Forcing endless battles is banned\n|rule|HP Percentage Mod: HP is shown in percentages\n|clearpoke\n|poke|p1|Landorus-Therian, M|\n|poke|p1|Pelipper, F|\n|poke|p1|Walking Wake|\n|poke|p1|Barraskewda, M|\n|poke|p1|Zapdos|\n|poke|p1|Great Tusk|\n|poke|p2|Meowscarada, F|\n|poke|p2|Thundurus-Therian, M|\n|poke|p2|Milotic, F|\n|poke|p2|Iron Valiant|\n|poke|p2|Slowking-Galar, M|\n|poke|p2|Infernape, M|\n|teampreview\n|\n|t:|1699841763\n|start\n|switch|p1a: sadist|Pelipper, F|100\/100\n|switch|p2a: Slowking|Slowking-Galar, M, shiny|100\/100\n|-weather|RainDance|[from] ability: Drizzle|[of] p1a: sadist\n|turn|1\n|\n|t:|1699841769\n|move|p1a: sadist|U-turn|p2a: Slowking\n|-damage|p2a: Slowking|94\/100\n|-damage|p1a: sadist|84\/100|[from] item: Rocky Helmet|[of] p2a: Slowking\n|\n|t:|1699841774\n|switch|p1a: zzz|Zapdos|100\/100|[from] U-turn\n|move|p2a: Slowking|Chilly Reception|p2a: Slowking\n|-weather|Snow\n|\n|t:|1699841794\n|switch|p2a: Thundurus|Thundurus-Therian, M, shiny|100\/100|[from] Chilly Reception\n|\n|-weather|Snow|[upkeep]\n|upkeep\n|turn|2\n|\n|t:|1699841811\n|switch|p1a: Great Tusk|Great Tusk|100\/100\n|move|p2a: Thundurus|Grass Knot|p1a: Great Tusk\n|-supereffective|p1a: Great Tusk\n|-crit|p1a: Great Tusk\n|-damage|p1a: Great Tusk|19\/100\n|\n|-weather|Snow|[upkeep]\n|upkeep\n|turn|3\n|\n|t:|1699841817\n|-end|p1a: Great Tusk|Protosynthesis|[silent]\n|switch|p1a: hiroshima|Walking Wake|100\/100\n|move|p2a: Thundurus|Grass Knot|p1a: hiroshima\n|-damage|p1a: hiroshima|49\/100\n|\n|-weather|Snow|[upkeep]\n|upkeep\n|turn|4\n|\n|t:|1699841825\n|move|p2a: Thundurus|Grass Knot|p1a: hiroshima\n|-damage|p1a: hiroshima|0 fnt\n|faint|p1a: hiroshima\n|-end|p1a: hiroshima|Protosynthesis|[silent]\n|\n|-weather|Snow|[upkeep]\n|upkeep\n|\n|t:|1699841843\n|switch|p1a: sadist|Pelipper, F|84\/100\n|-weather|RainDance|[from] ability: Drizzle|[of] p1a: sadist\n|turn|5\n|\n|t:|1699841848\n|switch|p2a: Slowking|Slowking-Galar, M, shiny|100\/100\n|move|p1a: sadist|U-turn|p2a: Slowking\n|-damage|p2a: Slowking|94\/100\n|-damage|p1a: sadist|68\/100|[from] item: Rocky Helmet|[of] p2a: Slowking\n|\n|t:|1699841866\n|switch|p1a: gliscor 2|Landorus-Therian, M|100\/100|[from] U-turn\n|-ability|p1a: gliscor 2|Intimidate|boost\n|-unboost|p2a: Slowking|atk|1\n|\n|-weather|RainDance|[upkeep]\n|upkeep\n|turn|6\n|\n|t:|1699841872\n|switch|p2a: Thundurus|Thundurus-Therian, M, shiny|100\/100\n|move|p1a: gliscor 2|Sandsear Storm|p2a: Thundurus\n|-immune|p2a: Thundurus\n|\n|-weather|RainDance|[upkeep]\n|upkeep\n|turn|7\n|\n|t:|1699841880\n|switch|p1a: Great Tusk|Great Tusk|19\/100\n|-terastallize|p2a: Thundurus|Ice\n|move|p2a: Thundurus|Tera Blast|p1a: Great Tusk|[anim] Tera Blast Ice\n|-supereffective|p1a: Great Tusk\n|-damage|p1a: Great Tusk|0 fnt\n|faint|p1a: Great Tusk\n|-end|p1a: Great Tusk|Protosynthesis|[silent]\n|\n|-weather|RainDance|[upkeep]\n|upkeep\n|\n|t:|1699841885\n|switch|p1a: homecoming|Barraskewda, M|100\/100\n|turn|8\n|\n|t:|1699841891\n|switch|p2a: Slowking|Slowking-Galar, M, shiny|100\/100\n|move|p1a: homecoming|Close Combat|p2a: Slowking\n|-resisted|p2a: Slowking\n|-damage|p2a: Slowking|88\/100\n|-unboost|p1a: homecoming|def|1\n|-unboost|p1a: homecoming|spd|1\n|-damage|p1a: homecoming|84\/100|[from] item: Rocky Helmet|[of] p2a: Slowking\n|\n|-weather|RainDance|[upkeep]\n|upkeep\n|turn|9\n|\n|t:|1699841902\n|switch|p1a: gliscor 2|Landorus-Therian, M|100\/100\n|-ability|p1a: gliscor 2|Intimidate|boost\n|-unboost|p2a: Slowking|atk|1\n|move|p2a: Slowking|Chilly Reception|p2a: Slowking\n|-weather|Snow\n|-message|tritheguy forfeited.\n|\n|win|IFDCOACH\n|raw|tritheguy's rating: 1115 &rarr; <strong>1093<\/strong><br \/>(-22 for losing)\n|raw|IFDCOACH's rating: 1155 &rarr; <strong>1177<\/strong><br \/>(+22 for winning)\n|l|\u2606tritheguy\n","uploadtime":1699841914,"views":58,"p1id":"tritheguy","p2id":"ifdcoach","formatid":"gen9ou","rating":1093,"private":0,"password":""}