{"id":"gen9ou-1996289694","p1":"guzmfran","p2":"meykii","format":"[Gen 9] OU","log":"|j|\u2606guzmfran\n|j|\u2606meykii\n|t:|1700667941\n|gametype|singles\n|player|p1|guzmfran|ninjaboy|\n|player|p2|meykii|169|\n|teamsize|p1|4\n|teamsize|p2|4\n|gen|9\n|tier|[Gen 9] OU\n|rule|Sleep Clause Mod: Limit one foe put to sleep\n|rule|Species Clause: Limit one of each Pok\u00e9mon\n|rule|OHKO Clause: OHKO moves are banned\n|rule|Evasion Items Clause: Evasion items are banned\n|rule|Evasion Moves Clause: Evasion moves are banned\n|rule|Endless Battle Clause: Forcing endless battles is banned\n|rule|HP Percentage Mod: HP is shown in percentages\n|clearpoke\n|poke|p1|Gholdengo|\n|poke|p1|Dragonite, F|\n|poke|p1|Skeledirge, M|\n|poke|p1|Corviknight, F|\n|poke|p2|Kleavor, F|\n|poke|p2|Clodsire, F|\n|poke|p2|Sandy Shocks|\n|poke|p2|Grimmsnarl, M|\n|teampreview\n|c|\u2606meykii|glhf go easy on me kay >.<\n|\n|t:|1700667973\n|start\n|switch|p1a: Gholdengo|Gholdengo|100\/100\n|switch|p2a: Kleavor|Kleavor, F|100\/100\n|turn|1\n|\n|t:|1700667988\n|switch|p2a: Clodsire|Clodsire, F|100\/100\n|move|p1a: Gholdengo|Make It Rain|p2a: Clodsire\n|-damage|p2a: Clodsire|61\/100\n|-unboost|p1a: Gholdengo|spa|1\n|\n|-heal|p2a: Clodsire|67\/100|[from] item: Leftovers\n|upkeep\n|turn|2\n|\n|t:|1700668008\n|switch|p1a: Corviknight|Corviknight, F|100\/100\n|-ability|p1a: Corviknight|Pressure\n|switch|p2a: Sandy Shocks|Sandy Shocks|100\/100\n|\n|upkeep\n|turn|3\n|\n|t:|1700668059\n|-terastallize|p1a: Corviknight|Ghost\n|move|p2a: Sandy Shocks|Thunderbolt|p1a: Corviknight\n|-crit|p1a: Corviknight\n|-damage|p1a: Corviknight|48\/100\n|move|p1a: Corviknight|Bulk Up|p1a: Corviknight\n|-boost|p1a: Corviknight|atk|1\n|-boost|p1a: Corviknight|def|1\n|\n|upkeep\n|turn|4\n|\n|t:|1700668079\n|move|p2a: Sandy Shocks|Volt Switch|p1a: Corviknight\n|-damage|p1a: Corviknight|17\/100\n|\n|t:|1700668151\n|-end|p2a: Sandy Shocks|Protosynthesis|[silent]\n|switch|p2a: Kleavor|Kleavor, F|100\/100|[from] Volt Switch\n|move|p1a: Corviknight|Body Press|p2a: Kleavor\n|-damage|p2a: Kleavor|61\/100\n|\n|upkeep\n|turn|5\n|\n|t:|1700668169\n|switch|p1a: Gholdengo|Gholdengo|100\/100\n|move|p2a: Kleavor|Stone Axe|p1a: Gholdengo\n|-resisted|p1a: Gholdengo\n|-damage|p1a: Gholdengo|57\/100\n|-sidestart|p1: guzmfran|move: Stealth Rock\n|\n|upkeep\n|turn|6\n|\n|t:|1700668181\n|switch|p2a: Clodsire|Clodsire, F|67\/100\n|move|p1a: Gholdengo|Trick|p2a: Clodsire\n|-activate|p1a: Gholdengo|move: Trick|[of] p2a: Clodsire\n|-item|p2a: Clodsire|Choice Scarf|[from] move: Trick\n|-item|p1a: Gholdengo|Leftovers|[from] move: Trick\n|\n|-heal|p1a: Gholdengo|63\/100|[from] item: Leftovers\n|upkeep\n|turn|7\n|\n|t:|1700668200\n|move|p1a: Gholdengo|Recover|p1a: Gholdengo\n|-heal|p1a: Gholdengo|100\/100\n|move|p2a: Clodsire|Recover|p2a: Clodsire\n|-heal|p2a: Clodsire|100\/100\n|\n|upkeep\n|turn|8\n|\n|t:|1700668213\n|switch|p2a: Sandy Shocks|Sandy Shocks|100\/100\n|move|p1a: Gholdengo|Shadow Ball|p2a: Sandy Shocks\n|-damage|p2a: Sandy Shocks|49\/100\n|\n|upkeep\n|turn|9\n|\n|t:|1700668244\n|move|p2a: Sandy Shocks|Earth Power|p1a: Gholdengo\n|-supereffective|p1a: Gholdengo\n|-damage|p1a: Gholdengo|0 fnt\n|faint|p1a: Gholdengo\n|\n|upkeep\n|\n|t:|1700668249\n|switch|p1a: Dragonite|Dragonite, F|100\/100\n|-damage|p1a: Dragonite|75\/100|[from] Stealth Rock\n|turn|10\n|\n|t:|1700668290\n|-end|p2a: Sandy Shocks|Protosynthesis|[silent]\n|switch|p2a: Grimmsnarl|Grimmsnarl, M|100\/100\n|move|p1a: Dragonite|Dragon Dance|p1a: Dragonite\n|-boost|p1a: Dragonite|atk|1\n|-boost|p1a: Dragonite|spe|1\n|\n|upkeep\n|turn|11\n|\n|t:|1700668317\n|move|p1a: Dragonite|Iron Head|p2a: Grimmsnarl\n|-supereffective|p2a: Grimmsnarl\n|-crit|p2a: Grimmsnarl\n|-damage|p2a: Grimmsnarl|0 fnt\n|faint|p2a: Grimmsnarl\n|\n|upkeep\n|\n|t:|1700668321\n|switch|p2a: Clodsire|Clodsire, F|100\/100\n|turn|12\n|\n|t:|1700668364\n|move|p1a: Dragonite|Outrage|p2a: Clodsire\n|-damage|p2a: Clodsire|50\/100\n|move|p2a: Clodsire|Counter|p1a: Dragonite\n|-damage|p1a: Dragonite|0 fnt\n|faint|p1a: Dragonite\n|\n|upkeep\n|\n|t:|1700668372\n|switch|p1a: Corviknight|Corviknight, F, tera:Ghost|17\/100\n|-damage|p1a: Corviknight|4\/100|[from] Stealth Rock\n|-ability|p1a: Corviknight|Pressure\n|turn|13\n|\n|t:|1700668378\n|switch|p2a: Kleavor|Kleavor, F|61\/100\n|move|p1a: Corviknight|Roost|p1a: Corviknight\n|-heal|p1a: Corviknight|54\/100\n|\n|upkeep\n|turn|14\n|\n|t:|1700668398\n|move|p2a: Kleavor|Night Slash|p1a: Corviknight\n|-supereffective|p1a: Corviknight\n|-damage|p1a: Corviknight|0 fnt\n|-damage|p2a: Kleavor|45\/100|[from] item: Rocky Helmet|[of] p1a: Corviknight\n|faint|p1a: Corviknight\n|\n|upkeep\n|\n|t:|1700668404\n|switch|p1a: Skeledirge|Skeledirge, M|100\/100\n|-damage|p1a: Skeledirge|75\/100|[from] Stealth Rock\n|turn|15\n|\n|t:|1700668415\n|move|p2a: Kleavor|Night Slash|p1a: Skeledirge\n|-supereffective|p1a: Skeledirge\n|-damage|p1a: Skeledirge|0 fnt\n|faint|p1a: Skeledirge\n|\n|win|meykii\n|c|\u2606meykii|gg v wp soz for being slow\n|l|\u2606guzmfran\n|j| Horse95\n|j| Sencopion\n|l| Sencopion\n|j| Kakashihatake101\n|l| Horse95\n|l| Kakashihatake101\n|j| RexxFox\n|l| RexxFox\n|j| RexxFox\n|l| RexxFox\n|j| IcyZoroark\n|l| IcyZoroark\n|l|\u2606meykii\n|j| LogIce\n","uploadtime":1700668422,"views":14,"p1id":"guzmfran","p2id":"meykii","formatid":"gen9ou","rating":0,"private":0,"password":""}