{"id":"gen9ou-1994435617","p1":"Joker040921","p2":"Test new pok3s","format":"[Gen 9] OU","log":"|j|\u2606Joker040921\n|j|\u2606Test new pok3s\n|t:|1700443659\n|gametype|singles\n|player|p1|Joker040921|169|1070\n|player|p2|Test new pok3s|collector|1094\n|teamsize|p1|6\n|teamsize|p2|6\n|gen|9\n|tier|[Gen 9] OU\n|rated|\n|rule|Sleep Clause Mod: Limit one foe put to sleep\n|rule|Species Clause: Limit one of each Pok\u00e9mon\n|rule|OHKO Clause: OHKO moves are banned\n|rule|Evasion Items Clause: Evasion items are banned\n|rule|Evasion Moves Clause: Evasion moves are banned\n|rule|Endless Battle Clause: Forcing endless battles is banned\n|rule|HP Percentage Mod: HP is shown in percentages\n|clearpoke\n|poke|p1|Great Tusk|\n|poke|p1|Iron Valiant|\n|poke|p1|Glimmora, F|\n|poke|p1|Gholdengo|\n|poke|p1|Moltres|\n|poke|p1|Sandy Shocks|\n|poke|p2|Avalugg, M|\n|poke|p2|Passimian, M|\n|poke|p2|Kricketune, M|\n|poke|p2|Klefki, F|\n|poke|p2|Oricorio-Sensu, F|\n|poke|p2|Samurott-Hisui, F|\n|teampreview\n|\n|t:|1700443674\n|start\n|switch|p1a: Glimmora|Glimmora, F|100\/100\n|switch|p2a: Klefki|Klefki, F|100\/100\n|turn|1\n|\n|t:|1700443683\n|move|p1a: Glimmora|Stealth Rock|p2a: Klefki\n|-sidestart|p2: Test new pok3s|move: Stealth Rock\n|move|p2a: Klefki|Steel Beam|p1a: Glimmora\n|-supereffective|p1a: Glimmora\n|-enditem|p1a: Glimmora|Focus Sash\n|-damage|p1a: Glimmora|1\/100\n|-damage|p2a: Klefki|50\/100|[from] steelbeam\n|\n|upkeep\n|turn|2\n|\n|t:|1700443693\n|switch|p1a: Moltres|Moltres|100\/100\n|switch|p2a: Oricorio|Oricorio-Sensu, F|100\/100\n|\n|upkeep\n|turn|3\n|\n|t:|1700443702\n|switch|p1a: Gholdengo|Gholdengo|100\/100\n|move|p2a: Oricorio|Defog|p1a: Gholdengo\n|-immune|p1a: Gholdengo|[from] ability: Good as Gold\n|\n|upkeep\n|turn|4\n|\n|t:|1700443713\n|-terastallize|p1a: Gholdengo|Steel\n|move|p2a: Oricorio|Defog|p1a: Gholdengo\n|-immune|p1a: Gholdengo|[from] ability: Good as Gold\n|move|p1a: Gholdengo|Shadow Ball|p2a: Oricorio\n|-supereffective|p2a: Oricorio\n|-damage|p2a: Oricorio|0 fnt\n|faint|p2a: Oricorio\n|\n|upkeep\n|inactive|Battle timer is ON: inactive players will automatically lose when time's up. (requested by Joker040921)\n|\n|t:|1700443728\n|switch|p2a: Passimian|Passimian, M|100\/100\n|-damage|p2a: Passimian|94\/100|[from] Stealth Rock\n|turn|5\n|\n|t:|1700443738\n|switch|p1a: Glimmora|Glimmora, F|1\/100\n|move|p2a: Passimian|U-turn|p1a: Glimmora\n|-resisted|p1a: Glimmora\n|-damage|p1a: Glimmora|0 fnt\n|-activate|p1a: Glimmora|ability: Toxic Debris\n|-sidestart|p2: Test new pok3s|move: Toxic Spikes\n|faint|p1a: Glimmora\n|\n|t:|1700443752\n|switch|p2a: Kricketune|Kricketune, M|100\/100|[from] U-turn\n|\n|upkeep\n|\n|t:|1700443766\n|switch|p1a: Great Tusk|Great Tusk|100\/100\n|turn|6\n|\n|t:|1700443779\n|move|p1a: Great Tusk|Rapid Spin|p2a: Kricketune\n|-damage|p2a: Kricketune|66\/100\n|-boost|p1a: Great Tusk|spe|1\n|move|p2a: Kricketune|Pounce|p1a: Great Tusk\n|-resisted|p1a: Great Tusk\n|-damage|p1a: Great Tusk|91\/100\n|-unboost|p1a: Great Tusk|spe|1\n|\n|upkeep\n|turn|7\n|\n|t:|1700443788\n|move|p1a: Great Tusk|Knock Off|p2a: Kricketune\n|-damage|p2a: Kricketune|0 fnt\n|-enditem|p2a: Kricketune|Heavy-Duty Boots|[from] move: Knock Off|[of] p1a: Great Tusk\n|faint|p2a: Kricketune\n|\n|upkeep\n|\n|t:|1700443796\n|switch|p2a: Klefki|Klefki, F|50\/100\n|-damage|p2a: Klefki|44\/100|[from] Stealth Rock\n|turn|8\n|\n|t:|1700443826\n|-end|p1a: Great Tusk|Protosynthesis|[silent]\n|switch|p1a: Moltres|Moltres|100\/100\n|move|p2a: Klefki|Switcheroo|p1a: Moltres\n|-activate|p2a: Klefki|move: Trick|[of] p1a: Moltres\n|-item|p1a: Moltres|Choice Specs|[from] move: Switcheroo\n|-item|p2a: Klefki|Leftovers|[from] move: Switcheroo\n|\n|-heal|p2a: Klefki|50\/100|[from] item: Leftovers\n|upkeep\n|turn|9\n|inactive|Joker040921 has 120 seconds left.\n|\n|t:|1700443844\n|move|p2a: Klefki|Switcheroo|p1a: Moltres\n|-activate|p2a: Klefki|move: Trick|[of] p1a: Moltres\n|-item|p1a: Moltres|Leftovers|[from] move: Switcheroo\n|-item|p2a: Klefki|Choice Specs|[from] move: Switcheroo\n|move|p1a: Moltres|U-turn|p2a: Klefki\n|-resisted|p2a: Klefki\n|-damage|p2a: Klefki|45\/100\n|inactive|Joker040921 has 120 seconds left.\n|\n|t:|1700443853\n|switch|p1a: Sandy Shocks|Sandy Shocks|100\/100|[from] U-turn\n|\n|upkeep\n|turn|10\n|\n|t:|1700443860\n|move|p1a: Sandy Shocks|Sunny Day|p1a: Sandy Shocks\n|-weather|SunnyDay\n|-activate|p1a: Sandy Shocks|ability: Protosynthesis\n|-start|p1a: Sandy Shocks|protosynthesisspa\n|move|p2a: Klefki|Draining Kiss|p1a: Sandy Shocks\n|-damage|p1a: Sandy Shocks|67\/100\n|-heal|p2a: Klefki|76\/100|[from] drain|[of] p1a: Sandy Shocks\n|\n|-weather|SunnyDay|[upkeep]\n|upkeep\n|turn|11\n|\n|t:|1700443871\n|move|p1a: Sandy Shocks|Earth Power|p2a: Klefki\n|-supereffective|p2a: Klefki\n|-damage|p2a: Klefki|0 fnt\n|faint|p2a: Klefki\n|\n|-weather|SunnyDay|[upkeep]\n|upkeep\n|\n|t:|1700443881\n|switch|p2a: Passimian|Passimian, M|94\/100\n|-damage|p2a: Passimian|88\/100|[from] Stealth Rock\n|-status|p2a: Passimian|psn\n|turn|12\n|inactive|Joker040921 has 120 seconds left.\n|\n|t:|1700443908\n|move|p2a: Passimian|Earthquake|p1a: Sandy Shocks\n|-supereffective|p1a: Sandy Shocks\n|-damage|p1a: Sandy Shocks|0 fnt\n|faint|p1a: Sandy Shocks\n|-end|p1a: Sandy Shocks|Protosynthesis|[silent]\n|\n|-weather|SunnyDay|[upkeep]\n|-damage|p2a: Passimian|76\/100 psn|[from] psn\n|upkeep\n|\n|t:|1700443919\n|switch|p1a: Moltres|Moltres|100\/100\n|turn|13\n|\n|t:|1700443926\n|switch|p2a: Avalugg|Avalugg, M|100\/100\n|-damage|p2a: Avalugg|76\/100|[from] Stealth Rock\n|-status|p2a: Avalugg|psn\n|move|p1a: Moltres|Fire Blast|p2a: Avalugg\n|-supereffective|p2a: Avalugg\n|-damage|p2a: Avalugg|0 fnt\n|faint|p2a: Avalugg\n|\n|-weather|SunnyDay|[upkeep]\n|upkeep\n|\n|t:|1700443938\n|switch|p2a: Samurott|Samurott-Hisui, F|100\/100\n|-damage|p2a: Samurott|88\/100|[from] Stealth Rock\n|-status|p2a: Samurott|psn\n|turn|14\n|inactive|Joker040921 has 120 seconds left.\n|\n|t:|1700443951\n|move|p1a: Moltres|Hurricane|p2a: Samurott|[miss]\n|-miss|p1a: Moltres|p2a: Samurott\n|move|p2a: Samurott|Focus Energy|p2a: Samurott\n|-start|p2a: Samurott|move: Focus Energy\n|\n|-weather|none\n|-damage|p2a: Samurott|76\/100 psn|[from] psn\n|upkeep\n|turn|15\n|inactive|Joker040921 has 120 seconds left.\n|\n|t:|1700443964\n|move|p1a: Moltres|Hurricane|p2a: Samurott|[miss]\n|-miss|p1a: Moltres|p2a: Samurott\n|move|p2a: Samurott|Aqua Cutter|p1a: Moltres\n|-supereffective|p1a: Moltres\n|-crit|p1a: Moltres\n|-damage|p1a: Moltres|0 fnt\n|faint|p1a: Moltres\n|\n|-damage|p2a: Samurott|63\/100 psn|[from] psn\n|upkeep\n|inactive|Joker040921 has 120 seconds left.\n|\n|t:|1700443977\n|switch|p1a: Iron Valiant|Iron Valiant|100\/100\n|turn|16\n|inactive|Joker040921 has 120 seconds left.\n|\n|t:|1700443987\n|move|p1a: Iron Valiant|Moonblast|p2a: Samurott\n|-supereffective|p2a: Samurott\n|-damage|p2a: Samurott|0 fnt\n|faint|p2a: Samurott\n|\n|upkeep\n|\n|t:|1700443993\n|switch|p2a: Passimian|Passimian, M|76\/100 psn\n|-damage|p2a: Passimian|70\/100 psn|[from] Stealth Rock\n|turn|17\n|\n|t:|1700444001\n|-terastallize|p2a: Passimian|Ground\n|move|p1a: Iron Valiant|Moonblast|p2a: Passimian\n|-damage|p2a: Passimian|0 fnt\n|faint|p2a: Passimian\n|\n|win|Joker040921\n|raw|Joker040921's rating: 1070 &rarr; <strong>1102<\/strong><br \/>(+32 for winning)\n|raw|Test new pok3s's rating: 1094 &rarr; <strong>1068<\/strong><br \/>(-26 for losing)\n|l|\u2606Test new pok3s\n","uploadtime":1700444008,"views":26,"p1id":"joker040921","p2id":"testnewpok3s","formatid":"gen9ou","rating":1068,"private":0,"password":""}