{"id":"gen9ou-1988673757","p1":"ButaYaroSama","p2":"luchito420","format":"[Gen 9] OU","log":"|j|\u2606ButaYaroSama\n|j|\u2606luchito420\n|t:|1699749030\n|gametype|singles\n|player|p1|ButaYaroSama|102|1278\n|player|p2|luchito420|unknown|1194\n|teamsize|p1|6\n|teamsize|p2|6\n|gen|9\n|tier|[Gen 9] OU\n|rated|\n|rule|Sleep Clause Mod: Limit one foe put to sleep\n|rule|Species Clause: Limit one of each Pok\u00e9mon\n|rule|OHKO Clause: OHKO moves are banned\n|rule|Evasion Items Clause: Evasion items are banned\n|rule|Evasion Moves Clause: Evasion moves are banned\n|rule|Endless Battle Clause: Forcing endless battles is banned\n|rule|HP Percentage Mod: HP is shown in percentages\n|clearpoke\n|poke|p1|Ceruledge, M|\n|poke|p1|Corviknight, F|\n|poke|p1|Blissey, F|\n|poke|p1|Kingambit, F|\n|poke|p1|Ting-Lu|\n|poke|p1|Rillaboom, F|\n|poke|p2|Ninetales-Alola, F|\n|poke|p2|Heatran, F|\n|poke|p2|Toxapex, M|\n|poke|p2|Gliscor, F|\n|poke|p2|Hatterene, F|\n|poke|p2|Kingambit, F|\n|teampreview\n|inactive|Battle timer is ON: inactive players will automatically lose when time's up. (requested by ButaYaroSama)\n|\n|t:|1699749043\n|start\n|switch|p1a: Rillaboom|Rillaboom, F|100\/100\n|switch|p2a: Ninetales|Ninetales-Alola, F|100\/100\n|-weather|Snow|[from] ability: Snow Warning|[of] p2a: Ninetales\n|-fieldstart|move: Grassy Terrain|[from] ability: Grassy Surge|[of] p1a: Rillaboom\n|turn|1\n|inactive|ButaYaroSama has 120 seconds left.\n|\n|t:|1699749074\n|switch|p1a: Ceruledge|Ceruledge, M|100\/100\n|move|p2a: Ninetales|Aurora Veil|p2a: Ninetales\n|-sidestart|p2: luchito420|move: Aurora Veil\n|\n|-weather|Snow|[upkeep]\n|upkeep\n|turn|2\n|inactive|luchito420 has 120 seconds left.\n|inactive|luchito420 has 90 seconds left.\n|\n|t:|1699749127\n|switch|p2a: Gliscor|Gliscor, F|100\/100\n|move|p1a: Ceruledge|Swords Dance|p1a: Ceruledge\n|-boost|p1a: Ceruledge|atk|2\n|\n|-weather|Snow|[upkeep]\n|-status|p2a: Gliscor|tox|[from] item: Toxic Orb\n|upkeep\n|turn|3\n|\n|t:|1699749136\n|move|p1a: Ceruledge|Swords Dance|p1a: Ceruledge\n|-boost|p1a: Ceruledge|atk|2\n|move|p2a: Gliscor|Swords Dance|p2a: Gliscor\n|-boost|p2a: Gliscor|atk|2\n|\n|-weather|Snow|[upkeep]\n|upkeep\n|turn|4\n|\n|t:|1699749146\n|move|p1a: Ceruledge|Shadow Claw|p2a: Gliscor\n|-damage|p2a: Gliscor|69\/100 tox\n|move|p2a: Gliscor|Swords Dance|p2a: Gliscor\n|-boost|p2a: Gliscor|atk|2\n|\n|-weather|Snow|[upkeep]\n|-heal|p2a: Gliscor|82\/100 tox|[from] ability: Poison Heal\n|upkeep\n|turn|5\n|\n|t:|1699749157\n|move|p1a: Ceruledge|Swords Dance|p1a: Ceruledge\n|-boost|p1a: Ceruledge|atk|2\n|move|p2a: Gliscor|Earthquake|p1a: Ceruledge\n|-supereffective|p1a: Ceruledge\n|-enditem|p1a: Ceruledge|Focus Sash\n|-damage|p1a: Ceruledge|1\/100\n|\n|-weather|none\n|-heal|p1a: Ceruledge|7\/100|[from] Grassy Terrain\n|-heal|p2a: Gliscor|94\/100 tox|[from] ability: Poison Heal\n|-fieldend|move: Grassy Terrain\n|upkeep\n|turn|6\n|\n|t:|1699749168\n|move|p1a: Ceruledge|Shadow Claw|p2a: Gliscor\n|-damage|p2a: Gliscor|54\/100 tox\n|move|p2a: Gliscor|Earthquake|p1a: Ceruledge\n|-supereffective|p1a: Ceruledge\n|-damage|p1a: Ceruledge|0 fnt\n|faint|p1a: Ceruledge\n|\n|-heal|p2a: Gliscor|67\/100 tox|[from] ability: Poison Heal\n|upkeep\n|inactive|ButaYaroSama has 120 seconds left.\n|\n|t:|1699749191\n|switch|p1a: Corviknight|Corviknight, F|100\/100\n|-ability|p1a: Corviknight|Pressure\n|turn|7\n|inactive|luchito420 has 120 seconds left.\n|\n|t:|1699749207\n|move|p2a: Gliscor|Swords Dance|p2a: Gliscor\n|-boost|p2a: Gliscor|atk|2\n|move|p1a: Corviknight|Body Press|p2a: Gliscor\n|-resisted|p2a: Gliscor\n|-damage|p2a: Gliscor|63\/100 tox\n|\n|-heal|p2a: Gliscor|76\/100 tox|[from] ability: Poison Heal\n|upkeep\n|turn|8\n|\n|t:|1699749215\n|move|p2a: Gliscor|Facade|p1a: Corviknight\n|-resisted|p1a: Corviknight\n|-damage|p1a: Corviknight|66\/100\n|-damage|p2a: Gliscor|59\/100 tox|[from] item: Rocky Helmet|[of] p1a: Corviknight\n|move|p1a: Corviknight|Iron Defense|p1a: Corviknight\n|-boost|p1a: Corviknight|def|2\n|\n|-heal|p2a: Gliscor|72\/100 tox|[from] ability: Poison Heal\n|-sideend|p2: luchito420|move: Aurora Veil\n|upkeep\n|turn|9\n|inactive|luchito420 has 120 seconds left.\n|\n|t:|1699749249\n|switch|p2a: Ninetales|Ninetales-Alola, F|100\/100\n|-weather|Snow|[from] ability: Snow Warning|[of] p2a: Ninetales\n|move|p1a: Corviknight|Body Press|p2a: Ninetales\n|-damage|p2a: Ninetales|62\/100\n|\n|-weather|Snow|[upkeep]\n|upkeep\n|turn|10\n|\n|t:|1699749264\n|move|p2a: Ninetales|Aurora Veil|p2a: Ninetales\n|-sidestart|p2: luchito420|move: Aurora Veil\n|move|p1a: Corviknight|Iron Defense|p1a: Corviknight\n|-boost|p1a: Corviknight|def|2\n|\n|-weather|Snow|[upkeep]\n|upkeep\n|turn|11\n|inactive|luchito420 has 120 seconds left.\n|\n|t:|1699749271\n|move|p2a: Ninetales|Encore|p1a: Corviknight\n|-start|p1a: Corviknight|Encore\n|move|p1a: Corviknight|Iron Defense|p1a: Corviknight\n|-boost|p1a: Corviknight|def|2\n|\n|-weather|Snow|[upkeep]\n|upkeep\n|turn|12\n|\n|t:|1699749280\n|switch|p2a: Heatran|Heatran, F|100\/100\n|switch|p1a: Kingambit|Kingambit, F|100\/100\n|-activate|p1a: Kingambit|ability: Supreme Overlord\n|-start|p1a: Kingambit|fallen1|[silent]\n|-item|p1a: Kingambit|Air Balloon\n|\n|-weather|Snow|[upkeep]\n|upkeep\n|turn|13\n|\n|t:|1699749298\n|-end|p1a: Kingambit|fallen1|[silent]\n|switch|p1a: Ting-Lu|Ting-Lu|100\/100\n|-ability|p1a: Ting-Lu|Vessel of Ruin\n|move|p2a: Heatran|Lava Plume|p1a: Ting-Lu\n|-damage|p1a: Ting-Lu|74\/100\n|\n|-weather|none\n|-heal|p1a: Ting-Lu|80\/100|[from] item: Leftovers\n|upkeep\n|turn|14\n|inactive|luchito420 has 120 seconds left.\n|\n|t:|1699749319\n|switch|p2a: Hatterene|Hatterene, F|100\/100\n|move|p1a: Ting-Lu|Throat Chop|p2a: Hatterene\n|-damage|p2a: Hatterene|86\/100\n|-start|p2a: Hatterene|Throat Chop|[silent]\n|\n|-heal|p1a: Ting-Lu|86\/100|[from] item: Leftovers\n|upkeep\n|turn|15\n|inactive|luchito420 has 120 seconds left.\n|\n|t:|1699749332\n|switch|p1a: Rillaboom|Rillaboom, F|100\/100\n|-fieldstart|move: Grassy Terrain|[from] ability: Grassy Surge|[of] p1a: Rillaboom\n|move|p2a: Hatterene|Draining Kiss|p1a: Rillaboom\n|-damage|p1a: Rillaboom|59\/100\n|-heal|p2a: Hatterene|100\/100|[from] drain|[of] p1a: Rillaboom\n|\n|-heal|p1a: Rillaboom|65\/100|[from] Grassy Terrain\n|-end|p2a: Hatterene|Throat Chop|[silent]\n|upkeep\n|turn|16\n|inactive|luchito420 has 120 seconds left.\n|\n|t:|1699749345\n|move|p1a: Rillaboom|U-turn|p2a: Hatterene\n|-damage|p2a: Hatterene|80\/100\n|\n|t:|1699749354\n|switch|p1a: Corviknight|Corviknight, F|66\/100|[from] U-turn\n|-ability|p1a: Corviknight|Pressure\n|move|p2a: Hatterene|Nuzzle|p1a: Corviknight\n|-supereffective|p1a: Corviknight\n|-damage|p1a: Corviknight|62\/100\n|-status|p1a: Corviknight|par\n|-damage|p2a: Hatterene|64\/100|[from] item: Rocky Helmet|[of] p1a: Corviknight\n|\n|-heal|p2a: Hatterene|70\/100|[from] Grassy Terrain\n|upkeep\n|turn|17\n|inactive|luchito420 has 120 seconds left.\n|inactive|luchito420 has 90 seconds left.\n|\n|t:|1699749407\n|switch|p2a: Ninetales|Ninetales-Alola, F|62\/100\n|-weather|Snow|[from] ability: Snow Warning|[of] p2a: Ninetales\n|move|p1a: Corviknight|Roost|p1a: Corviknight\n|-heal|p1a: Corviknight|100\/100 par\n|-singleturn|p1a: Corviknight|move: Roost\n|\n|-weather|Snow|[upkeep]\n|-heal|p2a: Ninetales|68\/100|[from] Grassy Terrain\n|-sideend|p2: luchito420|move: Aurora Veil\n|upkeep\n|turn|18\n|inactive|luchito420 has 90 seconds left.\n|\n|t:|1699749418\n|switch|p1a: Blissey|Blissey, F|100\/100\n|move|p2a: Ninetales|Encore||[still]\n|-fail|p2a: Ninetales\n|\n|-weather|Snow|[upkeep]\n|-heal|p2a: Ninetales|74\/100|[from] Grassy Terrain\n|upkeep\n|turn|19\n|inactive|luchito420 has 90 seconds left.\n|\n|t:|1699749425\n|move|p2a: Ninetales|Aurora Veil|p2a: Ninetales\n|-sidestart|p2: luchito420|move: Aurora Veil\n|move|p1a: Blissey|Thunder Wave|p2a: Ninetales\n|-status|p2a: Ninetales|par\n|\n|-weather|Snow|[upkeep]\n|-heal|p2a: Ninetales|80\/100 par|[from] Grassy Terrain\n|-fieldend|move: Grassy Terrain\n|upkeep\n|turn|20\n|inactive|luchito420 has 90 seconds left.\n|\n|t:|1699749457\n|switch|p2a: Hatterene|Hatterene, F|70\/100\n|move|p1a: Blissey|Heal Bell|p1a: Blissey\n|-activate|p1a: Blissey|move: Heal Bell\n|-curestatus|p1: Corviknight|par|[msg]\n|\n|-weather|Snow|[upkeep]\n|upkeep\n|turn|21\n|\n|t:|1699749471\n|switch|p1a: Corviknight|Corviknight, F|100\/100\n|-ability|p1a: Corviknight|Pressure\n|move|p2a: Hatterene|Nuzzle|p1a: Corviknight\n|-supereffective|p1a: Corviknight\n|-damage|p1a: Corviknight|96\/100\n|-status|p1a: Corviknight|par\n|-damage|p2a: Hatterene|53\/100|[from] item: Rocky Helmet|[of] p1a: Corviknight\n|\n|-weather|none\n|upkeep\n|turn|22\n|\n|t:|1699749481\n|switch|p2a: Heatran|Heatran, F|100\/100\n|move|p1a: Corviknight|Defog|p2a: Heatran\n|-unboost|p2a: Heatran|evasion|1\n|-sideend|p2: luchito420|move: Aurora Veil\n|\n|upkeep\n|turn|23\n|\n|t:|1699749490\n|switch|p1a: Ting-Lu|Ting-Lu|86\/100\n|-ability|p1a: Ting-Lu|Vessel of Ruin\n|move|p2a: Heatran|Stealth Rock|p1a: Ting-Lu\n|-sidestart|p1: ButaYaroSama|move: Stealth Rock\n|\n|-heal|p1a: Ting-Lu|93\/100|[from] item: Leftovers\n|upkeep\n|turn|24\n|\n|t:|1699749498\n|switch|p2a: Hatterene|Hatterene, F|53\/100\n|move|p1a: Ting-Lu|Throat Chop|p2a: Hatterene\n|-damage|p2a: Hatterene|20\/100\n|-start|p2a: Hatterene|Throat Chop|[silent]\n|\n|-heal|p1a: Ting-Lu|99\/100|[from] item: Leftovers\n|upkeep\n|turn|25\n|\n|t:|1699749510\n|move|p1a: Ting-Lu|Throat Chop|p2a: Hatterene\n|-damage|p2a: Hatterene|0 fnt\n|faint|p2a: Hatterene\n|\n|-heal|p1a: Ting-Lu|100\/100|[from] item: Leftovers\n|upkeep\n|inactive|luchito420 has 90 seconds left.\n|\n|t:|1699749543\n|switch|p2a: Toxapex|Toxapex, M|100\/100\n|turn|26\n|\n|t:|1699749551\n|move|p1a: Ting-Lu|Stealth Rock|p2a: Toxapex\n|-sidestart|p2: luchito420|move: Stealth Rock\n|move|p2a: Toxapex|Infestation|p1a: Ting-Lu\n|-supereffective|p1a: Ting-Lu\n|-damage|p1a: Ting-Lu|97\/100\n|-activate|p1a: Ting-Lu|move: Infestation|[of] p2a: Toxapex\n|\n|-heal|p1a: Ting-Lu|100\/100|[from] item: Leftovers\n|-damage|p1a: Ting-Lu|88\/100|[from] move: Infestation|[partiallytrapped]\n|upkeep\n|turn|27\n|\n|t:|1699749559\n|move|p1a: Ting-Lu|Spikes|p2a: Toxapex\n|-sidestart|p2: luchito420|Spikes\n|move|p2a: Toxapex|Toxic|p1a: Ting-Lu\n|-status|p1a: Ting-Lu|tox\n|\n|-heal|p1a: Ting-Lu|94\/100 tox|[from] item: Leftovers\n|-damage|p1a: Ting-Lu|88\/100 tox|[from] psn\n|-damage|p1a: Ting-Lu|76\/100 tox|[from] move: Infestation|[partiallytrapped]\n|upkeep\n|turn|28\n|inactive|luchito420 has 90 seconds left.\n|inactive|luchito420 has 60 seconds left.\n|\n|t:|1699749601\n|move|p1a: Ting-Lu|Spikes|p2a: Toxapex\n|-sidestart|p2: luchito420|Spikes\n|move|p2a: Toxapex|Infestation|p1a: Ting-Lu\n|-supereffective|p1a: Ting-Lu\n|-damage|p1a: Ting-Lu|72\/100 tox\n|\n|-heal|p1a: Ting-Lu|79\/100 tox|[from] item: Leftovers\n|-damage|p1a: Ting-Lu|66\/100 tox|[from] psn\n|-damage|p1a: Ting-Lu|54\/100 tox|[from] move: Infestation|[partiallytrapped]\n|upkeep\n|turn|29\n|\n|t:|1699749609\n|move|p2a: Toxapex|Infestation|p1a: Ting-Lu\n|-supereffective|p1a: Ting-Lu\n|-damage|p1a: Ting-Lu|51\/100 tox\n|move|p1a: Ting-Lu|Whirlwind|p2a: Toxapex\n|drag|p2a: Kingambit|Kingambit, F|100\/100\n|-damage|p2a: Kingambit|94\/100|[from] Stealth Rock\n|-damage|p2a: Kingambit|78\/100|[from] Spikes\n|-activate|p2a: Kingambit|ability: Supreme Overlord\n|-start|p2a: Kingambit|fallen1|[silent]\n|\n|-heal|p2a: Kingambit|84\/100|[from] item: Leftovers\n|-heal|p1a: Ting-Lu|57\/100 tox|[from] item: Leftovers\n|-damage|p1a: Ting-Lu|38\/100 tox|[from] psn\n|-end|p1a: Ting-Lu|Infestation|[partiallytrapped]|[silent]\n|upkeep\n|turn|30\n|inactive|luchito420 has 60 seconds left.\n|\n|t:|1699749644\n|move|p2a: Kingambit|Iron Head|p1a: Ting-Lu\n|-damage|p1a: Ting-Lu|15\/100 tox\n|cant|p1a: Ting-Lu|flinch\n|\n|-heal|p2a: Kingambit|90\/100|[from] item: Leftovers\n|-heal|p1a: Ting-Lu|22\/100 tox|[from] item: Leftovers\n|-damage|p1a: Ting-Lu|0 fnt|[from] psn\n|faint|p1a: Ting-Lu\n|upkeep\n|inactive|ButaYaroSama has 120 seconds left.\n|\n|t:|1699749656\n|switch|p1a: Blissey|Blissey, F|100\/100\n|-damage|p1a: Blissey|88\/100|[from] Stealth Rock\n|turn|31\n|inactive|luchito420 has 60 seconds left.\n|\n|t:|1699749676\n|-end|p2a: Kingambit|fallen1|[silent]\n|switch|p2a: Gliscor|Gliscor, F|72\/100 tox\n|-damage|p2a: Gliscor|59\/100 tox|[from] Stealth Rock\n|move|p1a: Blissey|Heal Bell|p1a: Blissey\n|-activate|p1a: Blissey|move: Heal Bell\n|-curestatus|p1: Corviknight|par|[msg]\n|\n|-heal|p1a: Blissey|94\/100|[from] item: Leftovers\n|-heal|p2a: Gliscor|72\/100 tox|[from] ability: Poison Heal\n|upkeep\n|turn|32\n|\n|t:|1699749692\n|switch|p1a: Rillaboom|Rillaboom, F|65\/100\n|-damage|p1a: Rillaboom|53\/100|[from] Stealth Rock\n|-fieldstart|move: Grassy Terrain|[from] ability: Grassy Surge|[of] p1a: Rillaboom\n|move|p2a: Gliscor|Swords Dance|p2a: Gliscor\n|-boost|p2a: Gliscor|atk|2\n|\n|-heal|p1a: Rillaboom|59\/100|[from] Grassy Terrain\n|-heal|p2a: Gliscor|84\/100 tox|[from] ability: Poison Heal\n|upkeep\n|turn|33\n|\n|t:|1699749703\n|-terastallize|p1a: Rillaboom|Grass\n|move|p1a: Rillaboom|Wood Hammer|p2a: Gliscor\n|-damage|p2a: Gliscor|0 fnt\n|faint|p2a: Gliscor\n|-damage|p1a: Rillaboom|31\/100|[from] Recoil\n|\n|-heal|p1a: Rillaboom|37\/100|[from] Grassy Terrain\n|upkeep\n|inactive|luchito420 has 60 seconds left.\n|\n|t:|1699749726\n|switch|p2a: Kingambit|Kingambit, F|90\/100\n|-damage|p2a: Kingambit|84\/100|[from] Stealth Rock\n|-damage|p2a: Kingambit|67\/100|[from] Spikes\n|-activate|p2a: Kingambit|ability: Supreme Overlord\n|-start|p2a: Kingambit|fallen2|[silent]\n|turn|34\n|\n|t:|1699749734\n|switch|p1a: Corviknight|Corviknight, F|96\/100\n|-damage|p1a: Corviknight|83\/100|[from] Stealth Rock\n|-ability|p1a: Corviknight|Pressure\n|move|p2a: Kingambit|Sucker Punch||[still]\n|-fail|p2a: Kingambit\n|\n|-heal|p2a: Kingambit|74\/100|[from] Grassy Terrain\n|-heal|p2a: Kingambit|80\/100|[from] item: Leftovers\n|upkeep\n|turn|35\n|inactive|luchito420 has 60 seconds left.\n|\n|t:|1699749755\n|-end|p2a: Kingambit|fallen2|[silent]\n|switch|p2a: Heatran|Heatran, F|100\/100\n|-damage|p2a: Heatran|88\/100|[from] Stealth Rock\n|-damage|p2a: Heatran|71\/100|[from] Spikes\n|move|p1a: Corviknight|Body Press|p2a: Heatran\n|-supereffective|p2a: Heatran\n|-damage|p2a: Heatran|28\/100\n|\n|-heal|p2a: Heatran|35\/100|[from] Grassy Terrain\n|-heal|p2a: Heatran|41\/100|[from] item: Leftovers\n|upkeep\n|turn|36\n|\n|t:|1699749766\n|switch|p1a: Blissey|Blissey, F|94\/100\n|-damage|p1a: Blissey|82\/100|[from] Stealth Rock\n|move|p2a: Heatran|Lava Plume|p1a: Blissey\n|-damage|p1a: Blissey|65\/100\n|\n|-heal|p2a: Heatran|47\/100|[from] Grassy Terrain\n|-heal|p2a: Heatran|53\/100|[from] item: Leftovers\n|-heal|p1a: Blissey|72\/100|[from] Grassy Terrain\n|-heal|p1a: Blissey|78\/100|[from] item: Leftovers\n|-fieldend|move: Grassy Terrain\n|upkeep\n|turn|37\n|\n|t:|1699749777\n|move|p2a: Heatran|Taunt|p1a: Blissey\n|-start|p1a: Blissey|move: Taunt\n|cant|p1a: Blissey|move: Taunt|Thunder Wave\n|\n|-heal|p2a: Heatran|60\/100|[from] item: Leftovers\n|-heal|p1a: Blissey|84\/100|[from] item: Leftovers\n|upkeep\n|turn|38\n|\n|t:|1699749788\n|move|p2a: Heatran|Lava Plume|p1a: Blissey\n|-damage|p1a: Blissey|67\/100\n|-status|p1a: Blissey|brn\n|move|p1a: Blissey|Shadow Ball|p2a: Heatran\n|-damage|p2a: Heatran|46\/100\n|\n|-heal|p2a: Heatran|52\/100|[from] item: Leftovers\n|-heal|p1a: Blissey|73\/100 brn|[from] item: Leftovers\n|-damage|p1a: Blissey|67\/100 brn|[from] brn\n|upkeep\n|turn|39\n|\n|t:|1699749798\n|move|p2a: Heatran|Lava Plume|p1a: Blissey\n|-damage|p1a: Blissey|50\/100 brn\n|move|p1a: Blissey|Shadow Ball|p2a: Heatran\n|-damage|p2a: Heatran|40\/100\n|\n|-heal|p2a: Heatran|46\/100|[from] item: Leftovers\n|-heal|p1a: Blissey|56\/100 brn|[from] item: Leftovers\n|-damage|p1a: Blissey|50\/100 brn|[from] brn\n|-end|p1a: Blissey|move: Taunt\n|upkeep\n|turn|40\n|inactive|luchito420 has 60 seconds left.\n|\n|t:|1699749808\n|move|p2a: Heatran|Taunt|p1a: Blissey\n|-start|p1a: Blissey|move: Taunt\n|move|p1a: Blissey|Shadow Ball|p2a: Heatran\n|-damage|p2a: Heatran|34\/100\n|\n|-heal|p2a: Heatran|40\/100|[from] item: Leftovers\n|-heal|p1a: Blissey|56\/100 brn|[from] item: Leftovers\n|-damage|p1a: Blissey|50\/100 brn|[from] brn\n|upkeep\n|turn|41\n|\n|t:|1699749817\n|move|p2a: Heatran|Lava Plume|p1a: Blissey\n|-damage|p1a: Blissey|32\/100 brn\n|move|p1a: Blissey|Shadow Ball|p2a: Heatran\n|-damage|p2a: Heatran|28\/100\n|\n|-heal|p2a: Heatran|34\/100|[from] item: Leftovers\n|-heal|p1a: Blissey|38\/100 brn|[from] item: Leftovers\n|-damage|p1a: Blissey|32\/100 brn|[from] brn\n|upkeep\n|turn|42\n|\n|t:|1699749829\n|move|p2a: Heatran|Lava Plume|p1a: Blissey\n|-damage|p1a: Blissey|15\/100 brn\n|move|p1a: Blissey|Shadow Ball|p2a: Heatran\n|-damage|p2a: Heatran|21\/100\n|\n|-heal|p2a: Heatran|28\/100|[from] item: Leftovers\n|-heal|p1a: Blissey|21\/100 brn|[from] item: Leftovers\n|-damage|p1a: Blissey|15\/100 brn|[from] brn\n|-end|p1a: Blissey|move: Taunt\n|upkeep\n|turn|43\n|inactive|ButaYaroSama has 120 seconds left.\n|\n|t:|1699749878\n|-curestatus|p1a: Blissey|brn|[from] ability: Natural Cure\n|switch|p1a: Kingambit|Kingambit, F|100\/100\n|-damage|p1a: Kingambit|94\/100|[from] Stealth Rock\n|-activate|p1a: Kingambit|ability: Supreme Overlord\n|-start|p1a: Kingambit|fallen2|[silent]\n|-item|p1a: Kingambit|Air Balloon\n|move|p2a: Heatran|Lava Plume|p1a: Kingambit\n|-supereffective|p1a: Kingambit\n|-damage|p1a: Kingambit|5\/100\n|-enditem|p1a: Kingambit|Air Balloon\n|\n|-heal|p2a: Heatran|34\/100|[from] item: Leftovers\n|upkeep\n|turn|44\n|\n|t:|1699749899\n|move|p1a: Kingambit|Sucker Punch|p2a: Heatran\n|-damage|p2a: Heatran|0 fnt\n|faint|p2a: Heatran\n|\n|upkeep\n|\n|t:|1699749912\n|switch|p2a: Toxapex|Toxapex, M|100\/100\n|-damage|p2a: Toxapex|88\/100|[from] Stealth Rock\n|-damage|p2a: Toxapex|72\/100|[from] Spikes\n|turn|45\n|\n|t:|1699749924\n|-end|p1a: Kingambit|fallen2|[silent]\n|switch|p1a: Corviknight|Corviknight, F|83\/100\n|-damage|p1a: Corviknight|71\/100|[from] Stealth Rock\n|-ability|p1a: Corviknight|Pressure\n|move|p2a: Toxapex|Infestation|p1a: Corviknight\n|-resisted|p1a: Corviknight\n|-damage|p1a: Corviknight|70\/100\n|-activate|p1a: Corviknight|move: Infestation|[of] p2a: Toxapex\n|-damage|p2a: Toxapex|55\/100|[from] item: Rocky Helmet|[of] p1a: Corviknight\n|\n|-heal|p2a: Toxapex|61\/100|[from] item: Black Sludge\n|-damage|p1a: Corviknight|58\/100|[from] move: Infestation|[partiallytrapped]\n|upkeep\n|turn|46\n|\n|t:|1699749936\n|switch|p2a: Ninetales|Ninetales-Alola, F|80\/100 par\n|-damage|p2a: Ninetales|55\/100 par|[from] Stealth Rock\n|-damage|p2a: Ninetales|39\/100 par|[from] Spikes\n|-weather|Snow|[from] ability: Snow Warning|[of] p2a: Ninetales\n|move|p1a: Corviknight|Defog|p2a: Ninetales\n|-unboost|p2a: Ninetales|evasion|1\n|-sideend|p2: luchito420|Spikes|[from] move: Defog|[of] p1a: Corviknight\n|-sideend|p2: luchito420|Stealth Rock|[from] move: Defog|[of] p1a: Corviknight\n|-sideend|p1: ButaYaroSama|Stealth Rock|[from] move: Defog|[of] p1a: Corviknight\n|\n|-weather|Snow|[upkeep]\n|-end|p1a: Corviknight|Infestation|[partiallytrapped]|[silent]\n|upkeep\n|turn|47\n|\n|t:|1699749959\n|switch|p1a: Blissey|Blissey, F|15\/100\n|move|p2a: Ninetales|Aurora Veil|p2a: Ninetales\n|-sidestart|p2: luchito420|move: Aurora Veil\n|\n|-weather|Snow|[upkeep]\n|-heal|p1a: Blissey|21\/100|[from] item: Leftovers\n|upkeep\n|turn|48\n|inactive|luchito420 has 90 seconds left.\n|\n|t:|1699749974\n|switch|p2a: Kingambit|Kingambit, F|80\/100\n|-activate|p2a: Kingambit|ability: Supreme Overlord\n|-start|p2a: Kingambit|fallen3|[silent]\n|move|p1a: Blissey|Soft-Boiled|p1a: Blissey\n|-heal|p1a: Blissey|71\/100\n|\n|-weather|Snow|[upkeep]\n|-heal|p1a: Blissey|77\/100|[from] item: Leftovers\n|-heal|p2a: Kingambit|86\/100|[from] item: Leftovers\n|upkeep\n|turn|49\n|inactive|luchito420 has 90 seconds left.\n|\n|t:|1699749982\n|move|p1a: Blissey|Thunder Wave|p2a: Kingambit\n|-status|p2a: Kingambit|par\n|move|p2a: Kingambit|Substitute|p2a: Kingambit\n|-start|p2a: Kingambit|Substitute\n|-damage|p2a: Kingambit|61\/100 par\n|\n|-weather|Snow|[upkeep]\n|-heal|p1a: Blissey|84\/100|[from] item: Leftovers\n|-heal|p2a: Kingambit|67\/100 par|[from] item: Leftovers\n|upkeep\n|turn|50\n|\n|t:|1699749994\n|switch|p1a: Corviknight|Corviknight, F|58\/100\n|-ability|p1a: Corviknight|Pressure\n|cant|p2a: Kingambit|par\n|\n|-weather|none\n|-heal|p2a: Kingambit|73\/100 par|[from] item: Leftovers\n|upkeep\n|turn|51\n|inactive|luchito420 has 90 seconds left.\n|-message|luchito420 forfeited.\n|\n|win|ButaYaroSama\n|raw|ButaYaroSama's rating: 1278 &rarr; <strong>1297<\/strong><br \/>(+19 for winning)\n|raw|luchito420's rating: 1194 &rarr; <strong>1175<\/strong><br \/>(-19 for losing)\n|l|\u2606luchito420\n","uploadtime":1699750039,"views":9,"p1id":"butayarosama","p2id":"luchito420","formatid":"gen9ou","rating":1175,"private":0,"password":""}