{"id":"gen9ou-1990709130","p1":"Welcometoearth420","p2":"Ohdadyespls","format":"[Gen 9] OU","log":"|j|\u2606Welcometoearth420\n|j|\u2606Ohdadyespls\n|t:|1699993691\n|gametype|singles\n|player|p1|Welcometoearth420|265|1578\n|player|p2|Ohdadyespls|elesa|1690\n|teamsize|p1|6\n|teamsize|p2|6\n|gen|9\n|tier|[Gen 9] OU\n|rated|\n|rule|Sleep Clause Mod: Limit one foe put to sleep\n|rule|Species Clause: Limit one of each Pok\u00e9mon\n|rule|OHKO Clause: OHKO moves are banned\n|rule|Evasion Items Clause: Evasion items are banned\n|rule|Evasion Moves Clause: Evasion moves are banned\n|rule|Endless Battle Clause: Forcing endless battles is banned\n|rule|HP Percentage Mod: HP is shown in percentages\n|clearpoke\n|poke|p1|Corviknight, M|\n|poke|p1|Dragapult, F|\n|poke|p1|Slowking-Galar, M|\n|poke|p1|Mandibuzz, F|\n|poke|p1|Iron Valiant|\n|poke|p1|Milotic, F|\n|poke|p2|Gholdengo|\n|poke|p2|Ribombee, M|\n|poke|p2|Samurott-Hisui, M|\n|poke|p2|Iron Valiant|\n|poke|p2|Iron Moth|\n|poke|p2|Great Tusk|\n|teampreview\n|\n|t:|1699993713\n|start\n|switch|p1a: Dragapult|Dragapult, F|100\/100\n|switch|p2a: Iron Valiant|Iron Valiant|100\/100\n|-enditem|p2a: Iron Valiant|Booster Energy\n|-activate|p2a: Iron Valiant|ability: Quark Drive|[fromitem]\n|-start|p2a: Iron Valiant|quarkdrivespe\n|turn|1\n|\n|t:|1699993720\n|switch|p1a: Slowking|Slowking-Galar, M|100\/100\n|move|p2a: Iron Valiant|Moonblast|p1a: Slowking\n|-resisted|p1a: Slowking\n|-crit|p1a: Slowking\n|-damage|p1a: Slowking|85\/100\n|\n|upkeep\n|turn|2\n|inactive|Battle timer is ON: inactive players will automatically lose when time's up. (requested by Ohdadyespls)\n|\n|t:|1699993728\n|move|p2a: Iron Valiant|Knock Off|p1a: Slowking\n|-supereffective|p1a: Slowking\n|-damage|p1a: Slowking|36\/100\n|-enditem|p1a: Slowking|Assault Vest|[from] move: Knock Off|[of] p2a: Iron Valiant\n|move|p1a: Slowking|Sludge Bomb|p2a: Iron Valiant\n|-supereffective|p2a: Iron Valiant\n|-damage|p2a: Iron Valiant|0 fnt\n|faint|p2a: Iron Valiant\n|-end|p2a: Iron Valiant|Quark Drive|[silent]\n|\n|upkeep\n|\n|t:|1699993732\n|switch|p2a: Samurott|Samurott-Hisui, M|100\/100\n|turn|3\n|\n|t:|1699993739\n|switch|p1a: Corviknight|Corviknight, M|100\/100\n|move|p2a: Samurott|Ceaseless Edge|p1a: Corviknight\n|-damage|p1a: Corviknight|69\/100\n|-damage|p2a: Samurott|84\/100|[from] item: Rocky Helmet|[of] p1a: Corviknight\n|-sidestart|p1: Welcometoearth420|Spikes\n|\n|upkeep\n|turn|4\n|\n|t:|1699993747\n|switch|p2a: Gholdengo|Gholdengo|100\/100\n|-item|p2a: Gholdengo|Air Balloon\n|move|p1a: Corviknight|Defog|p2a: Gholdengo\n|-immune|p2a: Gholdengo|[from] ability: Good as Gold\n|\n|upkeep\n|turn|5\n|\n|t:|1699993752\n|switch|p1a: Milotic|Milotic, F|100\/100\n|move|p2a: Gholdengo|Nasty Plot|p2a: Gholdengo\n|-boost|p2a: Gholdengo|spa|2\n|\n|upkeep\n|turn|6\n|\n|t:|1699993755\n|move|p2a: Gholdengo|Nasty Plot|p2a: Gholdengo\n|-boost|p2a: Gholdengo|spa|2\n|move|p1a: Milotic|Haze|p1a: Milotic\n|-clearallboost\n|\n|upkeep\n|turn|7\n|\n|t:|1699993763\n|move|p2a: Gholdengo|Nasty Plot|p2a: Gholdengo\n|-boost|p2a: Gholdengo|spa|2\n|move|p1a: Milotic|Flip Turn|p2a: Gholdengo\n|-damage|p2a: Gholdengo|92\/100\n|-enditem|p2a: Gholdengo|Air Balloon\n|\n|t:|1699993769\n|switch|p1a: Dragapult|Dragapult, F|100\/100|[from] Flip Turn\n|-damage|p1a: Dragapult|88\/100|[from] Spikes\n|\n|upkeep\n|turn|8\n|\n|t:|1699993778\n|move|p1a: Dragapult|Shadow Ball|p2a: Gholdengo\n|-supereffective|p2a: Gholdengo\n|-damage|p2a: Gholdengo|0 fnt\n|faint|p2a: Gholdengo\n|\n|upkeep\n|\n|t:|1699993789\n|switch|p2a: Samurott|Samurott-Hisui, M|84\/100\n|turn|9\n|\n|t:|1699993792\n|switch|p1a: Corviknight|Corviknight, M|69\/100\n|move|p2a: Samurott|Ceaseless Edge|p1a: Corviknight\n|-damage|p1a: Corviknight|42\/100\n|-damage|p2a: Samurott|67\/100|[from] item: Rocky Helmet|[of] p1a: Corviknight\n|-sidestart|p1: Welcometoearth420|Spikes\n|\n|upkeep\n|turn|10\n|\n|t:|1699993797\n|-terastallize|p2a: Samurott|Water\n|move|p2a: Samurott|Aqua Cutter|p1a: Corviknight\n|-damage|p1a: Corviknight|2\/100\n|move|p1a: Corviknight|Roost|p1a: Corviknight\n|-heal|p1a: Corviknight|52\/100\n|-singleturn|p1a: Corviknight|move: Roost\n|\n|upkeep\n|turn|11\n|-message|Ohdadyespls forfeited.\n|\n|win|Welcometoearth420\n|raw|Welcometoearth420's rating: 1578 &rarr; <strong>1604<\/strong><br \/>(+26 for winning)\n|raw|Ohdadyespls's rating: 1690 &rarr; <strong>1664<\/strong><br \/>(-26 for losing)\n|l|\u2606Ohdadyespls\n","uploadtime":1699993811,"views":6,"p1id":"welcometoearth420","p2id":"ohdadyespls","formatid":"gen9ou","rating":1604,"private":0,"password":""}