{"id":"gen9ou-1993535387","p1":"The Lazy Onee","p2":"elcorazontucun","format":"[Gen 9] OU","log":"|j|\u2606The Lazy Onee\n|j|\u2606elcorazontucun\n|t:|1700329104\n|gametype|singles\n|player|p1|The Lazy Onee|dahlia|1437\n|player|p2|elcorazontucun|gentleman-gen4|1500\n|teamsize|p1|6\n|teamsize|p2|6\n|gen|9\n|tier|[Gen 9] OU\n|rated|\n|rule|Sleep Clause Mod: Limit one foe put to sleep\n|rule|Species Clause: Limit one of each Pok\u00e9mon\n|rule|OHKO Clause: OHKO moves are banned\n|rule|Evasion Items Clause: Evasion items are banned\n|rule|Evasion Moves Clause: Evasion moves are banned\n|rule|Endless Battle Clause: Forcing endless battles is banned\n|rule|HP Percentage Mod: HP is shown in percentages\n|clearpoke\n|poke|p1|Alomomola, F|\n|poke|p1|Slowking-Galar, F|\n|poke|p1|Kingambit, F|\n|poke|p1|Great Tusk|\n|poke|p1|Cinderace, F|\n|poke|p1|Thundurus-Therian, M|\n|poke|p2|Ribombee, M|\n|poke|p2|Weavile, F|\n|poke|p2|Kingambit, F|\n|poke|p2|Iron Moth|\n|poke|p2|Heatran, F|\n|poke|p2|Landorus-Therian, M|\n|teampreview\n|inactive|Battle timer is ON: inactive players will automatically lose when time's up. (requested by elcorazontucun)\n|\n|t:|1700329134\n|start\n|switch|p1a: Thundurus|Thundurus-Therian, M|100\/100\n|switch|p2a: Landorus|Landorus-Therian, M|100\/100\n|-ability|p2a: Landorus|Intimidate|boost\n|-unboost|p1a: Thundurus|atk|1\n|turn|1\n|\n|t:|1700329148\n|switch|p1a: Great Tusk|Great Tusk|100\/100\n|move|p2a: Landorus|Stone Edge|p1a: Great Tusk\n|-resisted|p1a: Great Tusk\n|-damage|p1a: Great Tusk|94\/100\n|\n|upkeep\n|turn|2\n|\n|t:|1700329157\n|switch|p2a: Weavile|Weavile, F|100\/100\n|-ability|p2a: Weavile|Pressure\n|move|p1a: Great Tusk|Stealth Rock|p2a: Weavile\n|-sidestart|p2: elcorazontucun|move: Stealth Rock\n|\n|upkeep\n|turn|3\n|\n|t:|1700329171\n|-end|p1a: Great Tusk|Protosynthesis|[silent]\n|switch|p1a: Alomomola|Alomomola, F|100\/100\n|move|p2a: Weavile|Ice Spinner|p1a: Alomomola\n|-resisted|p1a: Alomomola\n|-damage|p1a: Alomomola|83\/100\n|-enditem|p1a: Alomomola|Red Card|[of] p2a: Weavile\n|drag|p2a: Iron Moth|Iron Moth|100\/100\n|-damage|p2a: Iron Moth|75\/100|[from] Stealth Rock\n|-enditem|p2a: Iron Moth|Booster Energy\n|-activate|p2a: Iron Moth|ability: Quark Drive|[fromitem]\n|-start|p2a: Iron Moth|quarkdrivespe\n|\n|upkeep\n|turn|4\n|\n|t:|1700329180\n|move|p2a: Iron Moth|Energy Ball|p1a: Alomomola\n|-supereffective|p1a: Alomomola\n|-damage|p1a: Alomomola|25\/100\n|move|p1a: Alomomola|Flip Turn|p2a: Iron Moth\n|-supereffective|p2a: Iron Moth\n|-damage|p2a: Iron Moth|28\/100\n|\n|t:|1700329187\n|switch|p1a: Slowking|Slowking-Galar, F|100\/100|[from] Flip Turn\n|\n|upkeep\n|turn|5\n|\n|t:|1700329198\n|move|p2a: Iron Moth|Fiery Dance|p1a: Slowking\n|-damage|p1a: Slowking|76\/100\n|move|p1a: Slowking|Future Sight|p2a: Iron Moth\n|-start|p1a: Slowking|move: Future Sight\n|\n|upkeep\n|turn|6\n|\n|t:|1700329203\n|move|p2a: Iron Moth|Fiery Dance|p1a: Slowking\n|-crit|p1a: Slowking\n|-damage|p1a: Slowking|38\/100\n|move|p1a: Slowking|Chilly Reception|p1a: Slowking\n|-weather|Snow\n|\n|t:|1700329210\n|switch|p1a: Alomomola|Alomomola, F|58\/100|[from] Chilly Reception\n|\n|-weather|Snow|[upkeep]\n|upkeep\n|turn|7\n|\n|t:|1700329219\n|switch|p1a: Slowking|Slowking-Galar, F|72\/100\n|move|p2a: Iron Moth|Energy Ball|p1a: Slowking\n|-resisted|p1a: Slowking\n|-damage|p1a: Slowking|63\/100\n|\n|-weather|Snow|[upkeep]\n|-end|p2a: Iron Moth|move: Future Sight\n|-supereffective|p2a: Iron Moth\n|-damage|p2a: Iron Moth|0 fnt\n|faint|p2a: Iron Moth\n|-end|p2a: Iron Moth|Quark Drive|[silent]\n|upkeep\n|\n|t:|1700329222\n|switch|p2a: Heatran|Heatran, F|100\/100\n|-damage|p2a: Heatran|88\/100|[from] Stealth Rock\n|turn|8\n|\n|t:|1700329236\n|move|p2a: Heatran|Stealth Rock|p1a: Slowking\n|-sidestart|p1: The Lazy Onee|move: Stealth Rock\n|move|p1a: Slowking|Chilly Reception|p1a: Slowking\n|\n|t:|1700329240\n|switch|p1a: Great Tusk|Great Tusk|94\/100|[from] Chilly Reception\n|-damage|p1a: Great Tusk|91\/100|[from] Stealth Rock\n|\n|-weather|Snow|[upkeep]\n|-heal|p2a: Heatran|94\/100|[from] item: Leftovers\n|upkeep\n|turn|9\n|\n|t:|1700329248\n|switch|p2a: Landorus|Landorus-Therian, M|100\/100\n|-damage|p2a: Landorus|88\/100|[from] Stealth Rock\n|-ability|p2a: Landorus|Intimidate|boost\n|-unboost|p1a: Great Tusk|atk|1\n|move|p1a: Great Tusk|Rapid Spin|p2a: Landorus\n|-damage|p2a: Landorus|74\/100\n|-boost|p1a: Great Tusk|spe|1\n|-sideend|p1: The Lazy Onee|Stealth Rock|[from] move: Rapid Spin|[of] p1a: Great Tusk\n|\n|-weather|Snow|[upkeep]\n|upkeep\n|turn|10\n|\n|t:|1700329259\n|-end|p1a: Great Tusk|Protosynthesis|[silent]\n|switch|p1a: Alomomola|Alomomola, F|91\/100\n|move|p2a: Landorus|U-turn|p1a: Alomomola\n|-damage|p1a: Alomomola|74\/100\n|\n|t:|1700329266\n|switch|p2a: Heatran|Heatran, F|94\/100|[from] U-turn\n|-damage|p2a: Heatran|82\/100|[from] Stealth Rock\n|\n|-weather|none\n|-heal|p2a: Heatran|88\/100|[from] item: Leftovers\n|upkeep\n|turn|11\n|\n|t:|1700329271\n|move|p2a: Heatran|Will-O-Wisp|p1a: Alomomola|[miss]\n|-miss|p2a: Heatran|p1a: Alomomola\n|move|p1a: Alomomola|Flip Turn|p2a: Heatran\n|-supereffective|p2a: Heatran\n|-damage|p2a: Heatran|60\/100\n|\n|t:|1700329275\n|switch|p1a: Great Tusk|Great Tusk|91\/100|[from] Flip Turn\n|\n|-heal|p2a: Heatran|66\/100|[from] item: Leftovers\n|upkeep\n|turn|12\n|\n|t:|1700329281\n|-terastallize|p2a: Heatran|Bug\n|move|p1a: Great Tusk|Headlong Rush|p2a: Heatran\n|-resisted|p2a: Heatran\n|-damage|p2a: Heatran|39\/100\n|-unboost|p1a: Great Tusk|def|1\n|-unboost|p1a: Great Tusk|spd|1\n|move|p2a: Heatran|Will-O-Wisp|p1a: Great Tusk\n|-status|p1a: Great Tusk|brn\n|\n|-heal|p2a: Heatran|46\/100|[from] item: Leftovers\n|-damage|p1a: Great Tusk|85\/100 brn|[from] brn\n|upkeep\n|turn|13\n|\n|t:|1700329288\n|-end|p1a: Great Tusk|Protosynthesis|[silent]\n|switch|p1a: Alomomola|Alomomola, F|100\/100\n|move|p2a: Heatran|Stealth Rock|p1a: Alomomola\n|-sidestart|p1: The Lazy Onee|move: Stealth Rock\n|\n|-heal|p2a: Heatran|52\/100|[from] item: Leftovers\n|upkeep\n|turn|14\n|\n|t:|1700329293\n|move|p2a: Heatran|Will-O-Wisp|p1a: Alomomola\n|-status|p1a: Alomomola|brn\n|move|p1a: Alomomola|Acrobatics|p2a: Heatran\n|-supereffective|p2a: Heatran\n|-damage|p2a: Heatran|34\/100\n|\n|-heal|p2a: Heatran|40\/100|[from] item: Leftovers\n|-damage|p1a: Alomomola|94\/100 brn|[from] brn\n|upkeep\n|turn|15\n|\n|t:|1700329296\n|move|p2a: Heatran|Magma Storm|p1a: Alomomola|[miss]\n|-miss|p2a: Heatran|p1a: Alomomola\n|move|p1a: Alomomola|Flip Turn|p2a: Heatran\n|-damage|p2a: Heatran|33\/100\n|\n|t:|1700329300\n|switch|p1a: Cinderace|Cinderace, F|100\/100|[from] Flip Turn\n|\n|-heal|p2a: Heatran|40\/100|[from] item: Leftovers\n|upkeep\n|turn|16\n|\n|t:|1700329305\n|move|p1a: Cinderace|U-turn|p2a: Heatran\n|-start|p1a: Cinderace|typechange|Bug|[from] ability: Libero\n|-damage|p2a: Heatran|12\/100\n|\n|t:|1700329308\n|switch|p1a: Alomomola|Alomomola, F|100\/100 brn|[from] U-turn\n|-damage|p1a: Alomomola|88\/100 brn|[from] Stealth Rock\n|move|p2a: Heatran|Earth Power|p1a: Alomomola\n|-damage|p1a: Alomomola|66\/100 brn\n|\n|-heal|p2a: Heatran|18\/100|[from] item: Leftovers\n|-damage|p1a: Alomomola|60\/100 brn|[from] brn\n|upkeep\n|turn|17\n|\n|t:|1700329311\n|move|p2a: Heatran|Magma Storm|p1a: Alomomola\n|-resisted|p1a: Alomomola\n|-damage|p1a: Alomomola|39\/100 brn\n|-activate|p1a: Alomomola|move: Magma Storm|[of] p2a: Heatran\n|move|p1a: Alomomola|Flip Turn|p2a: Heatran\n|-damage|p2a: Heatran|10\/100\n|\n|t:|1700329314\n|switch|p1a: Cinderace|Cinderace, F|100\/100|[from] Flip Turn\n|\n|-heal|p2a: Heatran|17\/100|[from] item: Leftovers\n|upkeep\n|turn|18\n|\n|t:|1700329319\n|move|p1a: Cinderace|U-turn|p2a: Heatran\n|-start|p1a: Cinderace|typechange|Bug|[from] ability: Libero\n|-damage|p2a: Heatran|0 fnt\n|faint|p2a: Heatran\n|\n|t:|1700329323\n|switch|p1a: Alomomola|Alomomola, F|72\/100 brn|[from] U-turn\n|-damage|p1a: Alomomola|60\/100 brn|[from] Stealth Rock\n|\n|-damage|p1a: Alomomola|54\/100 brn|[from] brn\n|upkeep\n|\n|t:|1700329333\n|switch|p2a: Ribombee|Ribombee, M|100\/100\n|-damage|p2a: Ribombee|76\/100|[from] Stealth Rock\n|turn|19\n|\n|t:|1700329337\n|move|p2a: Ribombee|Skill Swap|p1a: Alomomola\n|-activate|p2a: Ribombee|move: Skill Swap|Regenerator|Shield Dust|[of] p1a: Alomomola\n|move|p1a: Alomomola|Flip Turn|p2a: Ribombee\n|-damage|p2a: Ribombee|60\/100\n|\n|t:|1700329351\n|switch|p1a: Cinderace|Cinderace, F|100\/100|[from] Flip Turn\n|\n|upkeep\n|turn|20\n|\n|t:|1700329356\n|move|p2a: Ribombee|Stun Spore|p1a: Cinderace\n|-status|p1a: Cinderace|par\n|cant|p1a: Cinderace|par\n|\n|upkeep\n|turn|21\n|\n|t:|1700329363\n|switch|p2a: Landorus|Landorus-Therian, M|74\/100\n|-damage|p2a: Landorus|61\/100|[from] Stealth Rock\n|-ability|p2a: Landorus|Intimidate|boost\n|-unboost|p1a: Cinderace|atk|1\n|move|p1a: Cinderace|Court Change|p1a: Cinderace\n|-start|p1a: Cinderace|typechange|Normal|[from] ability: Libero\n|-swapsideconditions\n|-activate|p1a: Cinderace|move: Court Change\n|\n|upkeep\n|turn|22\n|\n|t:|1700329373\n|switch|p1a: Alomomola|Alomomola, F|54\/100 brn\n|-damage|p1a: Alomomola|41\/100 brn|[from] Stealth Rock\n|move|p2a: Landorus|Earthquake|p1a: Alomomola\n|-damage|p1a: Alomomola|10\/100 brn\n|\n|-damage|p1a: Alomomola|3\/100 brn|[from] brn\n|upkeep\n|turn|23\n|\n|t:|1700329381\n|switch|p1a: Thundurus|Thundurus-Therian, M|100\/100\n|-damage|p1a: Thundurus|76\/100|[from] Stealth Rock\n|move|p2a: Landorus|Earthquake|p1a: Thundurus\n|-immune|p1a: Thundurus\n|\n|upkeep\n|turn|24\n|\n|t:|1700329388\n|switch|p2a: Ribombee|Ribombee, M|93\/100\n|-damage|p2a: Ribombee|68\/100|[from] Stealth Rock\n|move|p1a: Thundurus|Volt Switch|p2a: Ribombee\n|-damage|p2a: Ribombee|0 fnt\n|faint|p2a: Ribombee\n|\n|t:|1700329398\n|switch|p1a: Great Tusk|Great Tusk|85\/100 brn|[from] Volt Switch\n|-damage|p1a: Great Tusk|82\/100 brn|[from] Stealth Rock\n|\n|-damage|p1a: Great Tusk|76\/100 brn|[from] brn\n|upkeep\n|\n|t:|1700329408\n|switch|p2a: Weavile|Weavile, F|100\/100\n|-damage|p2a: Weavile|76\/100|[from] Stealth Rock\n|-ability|p2a: Weavile|Pressure\n|turn|25\n|\n|t:|1700329436\n|-end|p1a: Great Tusk|Protosynthesis|[silent]\n|switch|p1a: Slowking|Slowking-Galar, F|97\/100\n|move|p2a: Weavile|Ice Spinner|p1a: Slowking\n|-damage|p1a: Slowking|36\/100\n|\n|upkeep\n|turn|26\n|\n|t:|1700329448\n|move|p2a: Weavile|Ice Spinner|p1a: Slowking\n|-damage|p1a: Slowking|0 fnt\n|faint|p1a: Slowking\n|\n|upkeep\n|\n|t:|1700329452\n|switch|p1a: Cinderace|Cinderace, F|100\/100 par\n|turn|27\n|\n|t:|1700329455\n|switch|p2a: Landorus|Landorus-Therian, M|61\/100\n|-damage|p2a: Landorus|49\/100|[from] Stealth Rock\n|-ability|p2a: Landorus|Intimidate|boost\n|-unboost|p1a: Cinderace|atk|1\n|cant|p1a: Cinderace|par\n|\n|upkeep\n|turn|28\n|\n|t:|1700329464\n|switch|p1a: Alomomola|Alomomola, F|37\/100 brn\n|-damage|p1a: Alomomola|24\/100 brn|[from] Stealth Rock\n|move|p2a: Landorus|Stone Edge|p1a: Alomomola|[miss]\n|-miss|p2a: Landorus|p1a: Alomomola\n|\n|-damage|p1a: Alomomola|18\/100 brn|[from] brn\n|upkeep\n|turn|29\n|\n|t:|1700329470\n|move|p2a: Landorus|Stone Edge|p1a: Alomomola\n|-crit|p1a: Alomomola\n|-damage|p1a: Alomomola|0 fnt\n|faint|p1a: Alomomola\n|\n|upkeep\n|\n|t:|1700329474\n|switch|p1a: Great Tusk|Great Tusk|76\/100 brn\n|-damage|p1a: Great Tusk|73\/100 brn|[from] Stealth Rock\n|turn|30\n|\n|t:|1700329477\n|switch|p2a: Weavile|Weavile, F|76\/100\n|-damage|p2a: Weavile|51\/100|[from] Stealth Rock\n|-ability|p2a: Weavile|Pressure\n|move|p1a: Great Tusk|Rapid Spin|p2a: Weavile\n|-damage|p2a: Weavile|35\/100\n|-boost|p1a: Great Tusk|spe|1\n|-sideend|p1: The Lazy Onee|Stealth Rock|[from] move: Rapid Spin|[of] p1a: Great Tusk\n|\n|-damage|p1a: Great Tusk|67\/100 brn|[from] brn\n|upkeep\n|turn|31\n|\n|t:|1700329483\n|move|p1a: Great Tusk|Headlong Rush|p2a: Weavile\n|-damage|p2a: Weavile|0 fnt\n|-unboost|p1a: Great Tusk|def|1\n|-unboost|p1a: Great Tusk|spd|1\n|faint|p2a: Weavile\n|\n|-damage|p1a: Great Tusk|60\/100 brn|[from] brn\n|upkeep\n|\n|t:|1700329486\n|switch|p2a: Landorus|Landorus-Therian, M|49\/100\n|-damage|p2a: Landorus|37\/100|[from] Stealth Rock\n|-ability|p2a: Landorus|Intimidate|boost\n|-unboost|p1a: Great Tusk|atk|1\n|turn|32\n|\n|t:|1700329501\n|move|p2a: Landorus|Earthquake|p1a: Great Tusk\n|-damage|p1a: Great Tusk|0 fnt\n|faint|p1a: Great Tusk\n|-end|p1a: Great Tusk|Protosynthesis|[silent]\n|\n|upkeep\n|\n|t:|1700329505\n|switch|p1a: Thundurus|Thundurus-Therian, M|76\/100\n|turn|33\n|\n|t:|1700329517\n|switch|p2a: Kingambit|Kingambit, F|100\/100\n|-damage|p2a: Kingambit|94\/100|[from] Stealth Rock\n|-activate|p2a: Kingambit|ability: Supreme Overlord\n|-start|p2a: Kingambit|fallen4|[silent]\n|move|p1a: Thundurus|Volt Switch|p2a: Kingambit\n|-damage|p2a: Kingambit|42\/100\n|inactive|The Lazy Onee has 120 seconds left.\n|\n|t:|1700329547\n|switch|p1a: Cinderace|Cinderace, F|100\/100 par|[from] Volt Switch\n|\n|-heal|p2a: Kingambit|48\/100|[from] item: Leftovers\n|upkeep\n|turn|34\n|\n|t:|1700329557\n|cant|p1a: Cinderace|par\n|move|p2a: Kingambit|Kowtow Cleave|p1a: Cinderace\n|-damage|p1a: Cinderace|4\/100 par\n|\n|-heal|p2a: Kingambit|54\/100|[from] item: Leftovers\n|upkeep\n|turn|35\n|\n|t:|1700329561\n|cant|p1a: Cinderace|par\n|move|p2a: Kingambit|Kowtow Cleave|p1a: Cinderace\n|-damage|p1a: Cinderace|0 fnt\n|faint|p1a: Cinderace\n|\n|-heal|p2a: Kingambit|60\/100|[from] item: Leftovers\n|upkeep\n|\n|t:|1700329574\n|switch|p1a: Kingambit|Kingambit, F|100\/100\n|-activate|p1a: Kingambit|ability: Supreme Overlord\n|-start|p1a: Kingambit|fallen4|[silent]\n|turn|36\n|\n|t:|1700329582\n|move|p1a: Kingambit|Iron Head|p2a: Kingambit\n|-resisted|p2a: Kingambit\n|-damage|p2a: Kingambit|37\/100\n|move|p2a: Kingambit|Swords Dance|p2a: Kingambit\n|-boost|p2a: Kingambit|atk|2\n|\n|-heal|p2a: Kingambit|43\/100|[from] item: Leftovers\n|upkeep\n|turn|37\n|\n|t:|1700329589\n|move|p1a: Kingambit|Iron Head|p2a: Kingambit\n|-resisted|p2a: Kingambit\n|-damage|p2a: Kingambit|20\/100\n|move|p2a: Kingambit|Iron Head|p1a: Kingambit\n|-resisted|p1a: Kingambit\n|-damage|p1a: Kingambit|52\/100\n|\n|-heal|p1a: Kingambit|58\/100|[from] item: Leftovers\n|-heal|p2a: Kingambit|26\/100|[from] item: Leftovers\n|upkeep\n|turn|38\n|\n|t:|1700329596\n|move|p1a: Kingambit|Iron Head|p2a: Kingambit\n|-resisted|p2a: Kingambit\n|-damage|p2a: Kingambit|3\/100\n|move|p2a: Kingambit|Kowtow Cleave|p1a: Kingambit\n|-resisted|p1a: Kingambit\n|-damage|p1a: Kingambit|6\/100\n|\n|-heal|p1a: Kingambit|12\/100|[from] item: Leftovers\n|-heal|p2a: Kingambit|9\/100|[from] item: Leftovers\n|upkeep\n|turn|39\n|\n|t:|1700329601\n|move|p2a: Kingambit|Sucker Punch|p1a: Kingambit\n|-resisted|p1a: Kingambit\n|-damage|p1a: Kingambit|0 fnt\n|faint|p1a: Kingambit\n|-end|p1a: Kingambit|fallen4|[silent]\n|\n|-heal|p2a: Kingambit|15\/100|[from] item: Leftovers\n|upkeep\n|\n|t:|1700329607\n|switch|p1a: Thundurus|Thundurus-Therian, M|76\/100\n|turn|40\n|\n|t:|1700329615\n|-terastallize|p1a: Thundurus|Flying\n|move|p2a: Kingambit|Sucker Punch|p1a: Thundurus\n|-damage|p1a: Thundurus|0 fnt\n|faint|p1a: Thundurus\n|\n|win|elcorazontucun\n|raw|The Lazy Onee's rating: 1437 &rarr; <strong>1421<\/strong><br \/>(-16 for losing)\n|raw|elcorazontucun's rating: 1500 &rarr; <strong>1516<\/strong><br \/>(+16 for winning)\n|l|\u2606The Lazy Onee\n","uploadtime":1700329633,"views":9,"p1id":"thelazyonee","p2id":"elcorazontucun","formatid":"gen9ou","rating":1421,"private":0,"password":""}