{"id":"gen9ou-1990866655","p1":"SwoobatFan2001","p2":"botlohan","format":"[Gen 9] OU","log":"|j|\u2606SwoobatFan2001\n|j|\u2606botlohan\n|t:|1700009245\n|gametype|singles\n|player|p1|SwoobatFan2001|richboy|1045\n|player|p2|botlohan|policeman-gen4|1003\n|teamsize|p1|6\n|teamsize|p2|6\n|gen|9\n|tier|[Gen 9] OU\n|rated|\n|rule|Sleep Clause Mod: Limit one foe put to sleep\n|rule|Species Clause: Limit one of each Pok\u00e9mon\n|rule|OHKO Clause: OHKO moves are banned\n|rule|Evasion Items Clause: Evasion items are banned\n|rule|Evasion Moves Clause: Evasion moves are banned\n|rule|Endless Battle Clause: Forcing endless battles is banned\n|rule|HP Percentage Mod: HP is shown in percentages\n|clearpoke\n|poke|p1|Slowking, F|\n|poke|p1|Dragapult, F|\n|poke|p1|Garchomp, M|\n|poke|p1|Jirachi|\n|poke|p1|Tauros-Paldea-Aqua, M|\n|poke|p1|Cinderace, F|\n|poke|p2|Meowscarada, F|\n|poke|p2|Iron Hands|\n|poke|p2|Tinkaton, F|\n|poke|p2|Slowking-Galar, F|\n|poke|p2|Ceruledge, F|\n|poke|p2|Landorus-Therian, M|\n|teampreview\n|inactive|Battle timer is ON: inactive players will automatically lose when time's up. (requested by botlohan)\n|\n|t:|1700009280\n|start\n|switch|p1a: Slowking|Slowking, F|100\/100\n|switch|p2a: Iron Hands|Iron Hands|100\/100\n|turn|1\n|\n|t:|1700009295\n|switch|p1a: Jirachi|Jirachi|100\/100\n|move|p2a: Iron Hands|Volt Switch|p1a: Jirachi\n|-damage|p1a: Jirachi|86\/100\n|\n|t:|1700009305\n|-end|p2a: Iron Hands|Quark Drive|[silent]\n|switch|p2a: Slowking|Slowking-Galar, F|100\/100|[from] Volt Switch\n|\n|-heal|p1a: Jirachi|93\/100|[from] item: Leftovers\n|upkeep\n|turn|2\n|\n|t:|1700009329\n|move|p1a: Jirachi|Doom Desire|p2a: Slowking\n|-start|p1a: Jirachi|Doom Desire\n|move|p2a: Slowking|Psychic|p1a: Jirachi\n|-resisted|p1a: Jirachi\n|-damage|p1a: Jirachi|81\/100\n|\n|-heal|p1a: Jirachi|87\/100|[from] item: Leftovers\n|upkeep\n|turn|3\n|\n|t:|1700009334\n|switch|p2a: Ceruledge|Ceruledge, F|100\/100\n|move|p1a: Jirachi|U-turn|p2a: Ceruledge\n|-resisted|p2a: Ceruledge\n|-damage|p2a: Ceruledge|96\/100\n|-ability|p2a: Ceruledge|Weak Armor|boost\n|-unboost|p2a: Ceruledge|def|1\n|-boost|p2a: Ceruledge|spe|2\n|\n|t:|1700009346\n|switch|p1a: Tauros|Tauros-Paldea-Aqua, M|100\/100|[from] U-turn\n|-ability|p1a: Tauros|Intimidate|boost\n|-unboost|p2a: Ceruledge|atk|1\n|\n|-heal|p2a: Ceruledge|100\/100|[from] item: Leftovers\n|upkeep\n|turn|4\n|\n|t:|1700009366\n|switch|p2a: Iron Hands|Iron Hands|100\/100\n|move|p1a: Tauros|Bulk Up|p1a: Tauros\n|-boost|p1a: Tauros|atk|1\n|-boost|p1a: Tauros|def|1\n|\n|-end|p2a: Iron Hands|move: Doom Desire\n|-resisted|p2a: Iron Hands\n|-damage|p2a: Iron Hands|71\/100\n|-heal|p2a: Iron Hands|77\/100|[from] item: Leftovers\n|upkeep\n|turn|5\n|\n|t:|1700009377\n|move|p1a: Tauros|Protect|p1a: Tauros\n|-singleturn|p1a: Tauros|Protect\n|move|p2a: Iron Hands|Earthquake|p1a: Tauros\n|-activate|p1a: Tauros|move: Protect\n|\n|-heal|p2a: Iron Hands|83\/100|[from] item: Leftovers\n|upkeep\n|turn|6\n|\n|t:|1700009389\n|move|p1a: Tauros|Bulk Up|p1a: Tauros\n|-boost|p1a: Tauros|atk|1\n|-boost|p1a: Tauros|def|1\n|move|p2a: Iron Hands|Earthquake|p1a: Tauros\n|-damage|p1a: Tauros|87\/100\n|\n|-heal|p1a: Tauros|93\/100|[from] item: Leftovers\n|-heal|p2a: Iron Hands|90\/100|[from] item: Leftovers\n|upkeep\n|turn|7\n|\n|t:|1700009395\n|-end|p2a: Iron Hands|Quark Drive|[silent]\n|switch|p2a: Tinkaton|Tinkaton, F|100\/100\n|move|p1a: Tauros|Bulk Up|p1a: Tauros\n|-boost|p1a: Tauros|atk|1\n|-boost|p1a: Tauros|def|1\n|\n|-heal|p1a: Tauros|99\/100|[from] item: Leftovers\n|upkeep\n|turn|8\n|\n|t:|1700009421\n|move|p2a: Tinkaton|Knock Off|p1a: Tauros\n|-resisted|p1a: Tauros\n|-damage|p1a: Tauros|96\/100\n|-enditem|p1a: Tauros|Leftovers|[from] move: Knock Off|[of] p2a: Tinkaton\n|move|p1a: Tauros|Body Press|p2a: Tinkaton\n|-damage|p2a: Tinkaton|0 fnt\n|faint|p2a: Tinkaton\n|\n|upkeep\n|\n|t:|1700009426\n|switch|p2a: Slowking|Slowking-Galar, F|100\/100\n|turn|9\n|\n|t:|1700009436\n|move|p1a: Tauros|Protect|p1a: Tauros\n|-singleturn|p1a: Tauros|Protect\n|move|p2a: Slowking|Psychic|p1a: Tauros\n|-activate|p1a: Tauros|move: Protect\n|\n|upkeep\n|turn|10\n|\n|t:|1700009442\n|move|p1a: Tauros|Raging Bull|p2a: Slowking\n|-damage|p2a: Slowking|14\/100\n|move|p2a: Slowking|Surf|p1a: Tauros\n|-resisted|p1a: Tauros\n|-damage|p1a: Tauros|77\/100\n|\n|-heal|p2a: Slowking|20\/100|[from] item: Leftovers\n|upkeep\n|turn|11\n|-message|botlohan forfeited.\n|\n|win|SwoobatFan2001\n|raw|SwoobatFan2001's rating: 1045 &rarr; <strong>1074<\/strong><br \/>(+29 for winning)\n|raw|botlohan's rating: 1003 &rarr; <strong>1000<\/strong><br \/>(-3 for losing)\n|l|\u2606botlohan\n","uploadtime":1700009455,"views":12,"p1id":"swoobatfan2001","p2id":"botlohan","formatid":"gen9ou","rating":1000,"private":0,"password":""}