{"id":"gen9ou-1995867372","p1":"Zulneily","p2":"GetSlagged","format":"[Gen 9] OU","log":"|j|\u2606Zulneily\n|j|\u2606GetSlagged\n|t:|1700611444\n|gametype|singles\n|player|p1|Zulneily|hilda-wonderlauncher|1264\n|player|p2|GetSlagged|ariana|1259\n|teamsize|p1|6\n|teamsize|p2|6\n|gen|9\n|tier|[Gen 9] OU\n|rated|\n|rule|Sleep Clause Mod: Limit one foe put to sleep\n|rule|Species Clause: Limit one of each Pok\u00e9mon\n|rule|OHKO Clause: OHKO moves are banned\n|rule|Evasion Items Clause: Evasion items are banned\n|rule|Evasion Moves Clause: Evasion moves are banned\n|rule|Endless Battle Clause: Forcing endless battles is banned\n|rule|HP Percentage Mod: HP is shown in percentages\n|clearpoke\n|poke|p1|Great Tusk|\n|poke|p1|Gholdengo|\n|poke|p1|Ogerpon, F|\n|poke|p1|Iron Moth|\n|poke|p1|Gastrodon-East, M|\n|poke|p1|Enamorus, F|\n|poke|p2|Maushold|\n|poke|p2|Samurott-Hisui, M|\n|poke|p2|Kingambit, M|\n|poke|p2|Garganacl, F|\n|poke|p2|Amoonguss, M|\n|poke|p2|Weavile, F|\n|teampreview\n|inactive|Battle timer is ON: inactive players will automatically lose when time's up. (requested by Zulneily)\n|\n|t:|1700611470\n|start\n|switch|p1a: Enamorus|Enamorus, F|100\/100\n|switch|p2a: Samurott|Samurott-Hisui, M, shiny|100\/100\n|turn|1\n|\n|t:|1700611475\n|move|p2a: Samurott|Aqua Jet|p1a: Enamorus\n|-damage|p1a: Enamorus|59\/100\n|move|p1a: Enamorus|Superpower|p2a: Samurott\n|-supereffective|p2a: Samurott\n|-damage|p2a: Samurott|27\/100\n|-boost|p1a: Enamorus|atk|1\n|-boost|p1a: Enamorus|def|1\n|\n|upkeep\n|turn|2\n|\n|t:|1700611479\n|move|p2a: Samurott|Aqua Jet|p1a: Enamorus\n|-damage|p1a: Enamorus|29\/100\n|move|p1a: Enamorus|Superpower|p2a: Samurott\n|-supereffective|p2a: Samurott\n|-damage|p2a: Samurott|0 fnt\n|-boost|p1a: Enamorus|atk|1\n|-boost|p1a: Enamorus|def|1\n|faint|p2a: Samurott\n|\n|upkeep\n|\n|t:|1700611483\n|switch|p2a: Maushold|Maushold|100\/100\n|turn|3\n|\n|t:|1700611487\n|-terastallize|p2a: Maushold|Ghost\n|move|p1a: Enamorus|Superpower|p2a: Maushold\n|-immune|p2a: Maushold\n|move|p2a: Maushold|Population Bomb|p1a: Enamorus\n|-damage|p1a: Enamorus|19\/100\n|-damage|p1a: Enamorus|8\/100\n|-damage|p1a: Enamorus|0 fnt\n|faint|p1a: Enamorus\n|-hitcount|p1: Enamorus|3\n|\n|upkeep\n|\n|t:|1700611496\n|switch|p1a: Great Tusk|Great Tusk|100\/100\n|turn|4\n|\n|t:|1700611506\n|move|p2a: Maushold|Population Bomb|p1a: Great Tusk\n|-damage|p1a: Great Tusk|95\/100\n|-damage|p1a: Great Tusk|89\/100\n|-damage|p1a: Great Tusk|84\/100\n|-damage|p1a: Great Tusk|79\/100\n|-damage|p1a: Great Tusk|73\/100\n|-damage|p1a: Great Tusk|68\/100\n|-damage|p1a: Great Tusk|63\/100\n|-damage|p1a: Great Tusk|58\/100\n|-damage|p1a: Great Tusk|53\/100\n|-damage|p1a: Great Tusk|48\/100\n|-hitcount|p1a: Great Tusk|10\n|move|p1a: Great Tusk|Knock Off|p2a: Maushold\n|-supereffective|p2a: Maushold\n|-crit|p2a: Maushold\n|-damage|p2a: Maushold|0 fnt\n|-enditem|p2a: Maushold|Wide Lens|[from] move: Knock Off|[of] p1a: Great Tusk\n|faint|p2a: Maushold\n|\n|-heal|p1a: Great Tusk|54\/100|[from] item: Leftovers\n|upkeep\n|\n|t:|1700611510\n|switch|p2a: Weavile|Weavile, F|100\/100\n|-ability|p2a: Weavile|Pressure\n|turn|5\n|\n|t:|1700611523\n|-end|p1a: Great Tusk|Protosynthesis|[silent]\n|switch|p1a: Iron Moth|Iron Moth|100\/100\n|-enditem|p1a: Iron Moth|Booster Energy\n|-activate|p1a: Iron Moth|ability: Quark Drive|[fromitem]\n|-start|p1a: Iron Moth|quarkdrivespe\n|move|p2a: Weavile|Swords Dance|p2a: Weavile\n|-boost|p2a: Weavile|atk|2\n|\n|upkeep\n|turn|6\n|\n|t:|1700611535\n|move|p1a: Iron Moth|Substitute|p1a: Iron Moth\n|-start|p1a: Iron Moth|Substitute\n|-damage|p1a: Iron Moth|76\/100\n|move|p2a: Weavile|Knock Off|p1a: Iron Moth\n|-end|p1a: Iron Moth|Substitute\n|\n|upkeep\n|turn|7\n|\n|t:|1700611549\n|move|p1a: Iron Moth|Fiery Dance|p2a: Weavile\n|-supereffective|p2a: Weavile\n|-damage|p2a: Weavile|0 fnt\n|-boost|p1a: Iron Moth|spa|1\n|faint|p2a: Weavile\n|\n|upkeep\n|\n|t:|1700611552\n|switch|p2a: Amoonguss|Amoonguss, M, shiny|100\/100\n|turn|8\n|\n|t:|1700611560\n|move|p1a: Iron Moth|Substitute|p1a: Iron Moth\n|-start|p1a: Iron Moth|Substitute\n|-damage|p1a: Iron Moth|51\/100\n|move|p2a: Amoonguss|Spore||[still]\n|-fail|p2a: Amoonguss\n|\n|upkeep\n|turn|9\n|-message|GetSlagged forfeited.\n|\n|win|Zulneily\n|raw|Zulneily's rating: 1264 &rarr; <strong>1289<\/strong><br \/>(+25 for winning)\n|raw|GetSlagged's rating: 1259 &rarr; <strong>1234<\/strong><br \/>(-25 for losing)\n|l|\u2606GetSlagged\n","uploadtime":1700611584,"views":4,"p1id":"zulneily","p2id":"getslagged","formatid":"gen9ou","rating":1234,"private":0,"password":""}