{"id":"gen9ou-1988977463","p1":"articunit","p2":"nergb","format":"[Gen 9] OU","log":"|j|\u2606articunit\n|j|\u2606nergb\n|t:|1699797402\n|gametype|singles\n|player|p1|articunit|youngn|1112\n|player|p2|nergb|1|1080\n|teamsize|p1|6\n|teamsize|p2|6\n|gen|9\n|tier|[Gen 9] OU\n|rated|\n|rule|Sleep Clause Mod: Limit one foe put to sleep\n|rule|Species Clause: Limit one of each Pok\u00e9mon\n|rule|OHKO Clause: OHKO moves are banned\n|rule|Evasion Items Clause: Evasion items are banned\n|rule|Evasion Moves Clause: Evasion moves are banned\n|rule|Endless Battle Clause: Forcing endless battles is banned\n|rule|HP Percentage Mod: HP is shown in percentages\n|clearpoke\n|poke|p1|Samurott-Hisui, M|\n|poke|p1|Blissey, F|\n|poke|p1|Alomomola, F|\n|poke|p1|Zapdos|\n|poke|p1|Gholdengo|\n|poke|p1|Sneasler, M|\n|poke|p2|Ribombee, M|\n|poke|p2|Skeledirge, F|\n|poke|p2|Sinistcha-Masterpiece|\n|poke|p2|Toxicroak, F|\n|poke|p2|Donphan, M|\n|poke|p2|Goodra-Hisui, M|\n|teampreview\n|\n|t:|1699797451\n|start\n|switch|p1a: Zapdos|Zapdos, shiny|100\/100\n|switch|p2a: Ribombee|Ribombee, M|100\/100\n|turn|1\n|inactive|Battle timer is ON: inactive players will automatically lose when time's up. (requested by articunit)\n|\n|t:|1699797486\n|switch|p1a: Sneasler|Sneasler, M, shiny|100\/100\n|move|p2a: Ribombee|Sticky Web|p1a: Sneasler\n|-sidestart|p1: articunit|move: Sticky Web\n|\n|upkeep\n|turn|2\n|\n|t:|1699797495\n|move|p1a: Sneasler|Fake Out|p2a: Ribombee\n|-damage|p2a: Ribombee|71\/100\n|move|p2a: Ribombee|Moonblast|p1a: Sneasler\n|-crit|p1a: Sneasler\n|-damage|p1a: Sneasler|16\/100\n|\n|upkeep\n|turn|3\n|\n|t:|1699797502\n|move|p2a: Ribombee|Moonblast|p1a: Sneasler\n|-damage|p1a: Sneasler|0 fnt\n|faint|p1a: Sneasler\n|\n|upkeep\n|\n|t:|1699797515\n|switch|p1a: Gholdengo|Gholdengo, shiny|100\/100\n|-activate|p1a: Gholdengo|move: Sticky Web\n|-unboost|p1a: Gholdengo|spe|1\n|turn|4\n|\n|t:|1699797528\n|move|p2a: Ribombee|Switcheroo|p1a: Gholdengo\n|-immune|p1a: Gholdengo|[from] ability: Good as Gold\n|move|p1a: Gholdengo|Shadow Ball|p2a: Ribombee\n|-damage|p2a: Ribombee|2\/100\n|\n|upkeep\n|turn|5\n|\n|t:|1699797535\n|move|p2a: Ribombee|Moonblast|p1a: Gholdengo\n|-resisted|p1a: Gholdengo\n|-damage|p1a: Gholdengo|76\/100\n|move|p1a: Gholdengo|Shadow Ball|p2a: Ribombee\n|-damage|p2a: Ribombee|0 fnt\n|faint|p2a: Ribombee\n|\n|upkeep\n|\n|t:|1699797549\n|switch|p2a: Donphan|Donphan, M|100\/100\n|turn|6\n|\n|t:|1699797559\n|switch|p1a: Alomomola|Alomomola, F, shiny|100\/100\n|move|p2a: Donphan|Earthquake|p1a: Alomomola\n|-damage|p1a: Alomomola|56\/100\n|\n|upkeep\n|turn|7\n|\n|t:|1699797580\n|switch|p2a: Toxicroak|Toxicroak, F|100\/100\n|move|p1a: Alomomola|Scald|p2a: Toxicroak\n|-immune|p2a: Toxicroak|[from] ability: Dry Skin\n|\n|upkeep\n|turn|8\n|inactive|articunit has 120 seconds left.\n|\n|t:|1699797600\n|switch|p1a: Zapdos|Zapdos, shiny|100\/100\n|move|p2a: Toxicroak|Fake Out|p1a: Zapdos\n|-damage|p1a: Zapdos|86\/100\n|-status|p2a: Toxicroak|par|[from] ability: Static|[of] p1a: Zapdos\n|\n|upkeep\n|turn|9\n|inactive|articunit has 120 seconds left.\n|\n|t:|1699797614\n|switch|p2a: Donphan|Donphan, M|100\/100\n|move|p1a: Zapdos|Volt Switch|p2a: Donphan\n|-immune|p2a: Donphan\n|\n|upkeep\n|turn|10\n|inactive|articunit has 120 seconds left.\n|\n|t:|1699797631\n|switch|p1a: Alomomola|Alomomola, F, shiny|89\/100\n|move|p2a: Donphan|Ice Shard|p1a: Alomomola\n|-resisted|p1a: Alomomola\n|-damage|p1a: Alomomola|84\/100\n|\n|upkeep\n|turn|11\n|inactive|articunit has 120 seconds left.\n|\n|t:|1699797643\n|switch|p2a: Toxicroak|Toxicroak, F|100\/100 par\n|move|p1a: Alomomola|Wish|p1a: Alomomola\n|\n|upkeep\n|turn|12\n|inactive|articunit has 120 seconds left.\n|\n|t:|1699797658\n|switch|p1a: Gholdengo|Gholdengo, shiny|76\/100\n|-activate|p1a: Gholdengo|move: Sticky Web\n|-unboost|p1a: Gholdengo|spe|1\n|move|p2a: Toxicroak|Poison Jab|p1a: Gholdengo\n|-immune|p1a: Gholdengo\n|\n|-heal|p1a: Gholdengo|100\/100|[from] move: Wish|[wisher] Alomomola\n|upkeep\n|turn|13\n|inactive|articunit has 120 seconds left.\n|\n|t:|1699797668\n|move|p2a: Toxicroak|Sucker Punch|p1a: Gholdengo\n|-supereffective|p1a: Gholdengo\n|-damage|p1a: Gholdengo|55\/100\n|move|p1a: Gholdengo|Shadow Ball|p2a: Toxicroak\n|-damage|p2a: Toxicroak|37\/100 par\n|\n|upkeep\n|turn|14\n|\n|t:|1699797675\n|move|p2a: Toxicroak|Sucker Punch||[still]\n|-fail|p2a: Toxicroak\n|move|p1a: Gholdengo|Recover|p1a: Gholdengo\n|-heal|p1a: Gholdengo|100\/100\n|\n|upkeep\n|turn|15\n|\n|t:|1699797687\n|move|p2a: Toxicroak|Sucker Punch||[still]\n|-fail|p2a: Toxicroak\n|move|p1a: Gholdengo|Nasty Plot|p1a: Gholdengo\n|-boost|p1a: Gholdengo|spa|2\n|\n|upkeep\n|turn|16\n|\n|t:|1699797698\n|cant|p2a: Toxicroak|par\n|move|p1a: Gholdengo|Nasty Plot|p1a: Gholdengo\n|-boost|p1a: Gholdengo|spa|2\n|\n|upkeep\n|turn|17\n|\n|t:|1699797709\n|-terastallize|p1a: Gholdengo|Fighting\n|cant|p2a: Toxicroak|par\n|move|p1a: Gholdengo|Shadow Ball|p2a: Toxicroak\n|-damage|p2a: Toxicroak|0 fnt\n|faint|p2a: Toxicroak\n|\n|upkeep\n|\n|t:|1699797716\n|switch|p2a: Skeledirge|Skeledirge, F|100\/100\n|turn|18\n|\n|t:|1699797727\n|move|p1a: Gholdengo|Shadow Ball|p2a: Skeledirge\n|-supereffective|p2a: Skeledirge\n|-damage|p2a: Skeledirge|12\/100\n|move|p2a: Skeledirge|Torch Song|p1a: Gholdengo\n|-damage|p1a: Gholdengo|55\/100\n|-boost|p2a: Skeledirge|spa|1\n|-enditem|p2a: Skeledirge|Throat Spray\n|-boost|p2a: Skeledirge|spa|1|[from] item: Throat Spray\n|\n|upkeep\n|turn|19\n|-message|nergb forfeited.\n|\n|win|articunit\n|raw|articunit's rating: 1112 &rarr; <strong>1135<\/strong><br \/>(+23 for winning)\n|raw|nergb's rating: 1080 &rarr; <strong>1060<\/strong><br \/>(-20 for losing)\n|l|\u2606nergb\n","uploadtime":1699797748,"views":13,"p1id":"articunit","p2id":"nergb","formatid":"gen9ou","rating":1060,"private":0,"password":""}