{"id":"gen9ou-1993284379","p1":"whichjuanz","p2":"Eucalipto69!","format":"[Gen 9] OU","log":"|j|\u2606whichjuanz\n|j|\u2606Eucalipto69!\n|t:|1700290170\n|gametype|singles\n|player|p1|whichjuanz|hiker-gen4|1551\n|player|p2|Eucalipto69!|alder|1592\n|teamsize|p1|6\n|teamsize|p2|6\n|gen|9\n|tier|[Gen 9] OU\n|rated|\n|rule|Sleep Clause Mod: Limit one foe put to sleep\n|rule|Species Clause: Limit one of each Pok\u00e9mon\n|rule|OHKO Clause: OHKO moves are banned\n|rule|Evasion Items Clause: Evasion items are banned\n|rule|Evasion Moves Clause: Evasion moves are banned\n|rule|Endless Battle Clause: Forcing endless battles is banned\n|rule|HP Percentage Mod: HP is shown in percentages\n|clearpoke\n|poke|p1|Primeape, F|\n|poke|p1|Alomomola, M|\n|poke|p1|Pawmot, F|\n|poke|p1|Gardevoir, F|\n|poke|p1|Maushold-Four|\n|poke|p1|Kingambit, M|\n|poke|p2|Scizor, F|\n|poke|p2|Dragapult, M|\n|poke|p2|Kilowattrel, M|\n|poke|p2|Samurott-Hisui, F|\n|poke|p2|Great Tusk|\n|poke|p2|Ogerpon-Cornerstone, F|\n|teampreview\n|inactive|Battle timer is ON: inactive players will automatically lose when time's up. (requested by whichjuanz)\n|inactive|Eucalipto69! has 120 seconds left.\n|\n|t:|1700290230\n|start\n|switch|p1a: Maushold|Maushold-Four|100\/100\n|switch|p2a: Samurott|Samurott-Hisui, F, shiny|100\/100\n|turn|1\n|\n|t:|1700290232\n|switch|p2a: Great Tusk|Great Tusk|100\/100\n|move|p1a: Maushold|Population Bomb|p2a: Great Tusk\n|-damage|p2a: Great Tusk|95\/100\n|-damage|p1a: Maushold|84\/100|[from] item: Rocky Helmet|[of] p2a: Great Tusk\n|-damage|p2a: Great Tusk|90\/100\n|-damage|p1a: Maushold|67\/100|[from] item: Rocky Helmet|[of] p2a: Great Tusk\n|-damage|p2a: Great Tusk|85\/100\n|-damage|p1a: Maushold|51\/100|[from] item: Rocky Helmet|[of] p2a: Great Tusk\n|-damage|p2a: Great Tusk|79\/100\n|-damage|p1a: Maushold|34\/100|[from] item: Rocky Helmet|[of] p2a: Great Tusk\n|-damage|p2a: Great Tusk|74\/100\n|-damage|p1a: Maushold|17\/100|[from] item: Rocky Helmet|[of] p2a: Great Tusk\n|-damage|p2a: Great Tusk|69\/100\n|-damage|p1a: Maushold|1\/100|[from] item: Rocky Helmet|[of] p2a: Great Tusk\n|-damage|p2a: Great Tusk|64\/100\n|-damage|p1a: Maushold|0 fnt|[from] item: Rocky Helmet|[of] p2a: Great Tusk\n|faint|p1a: Maushold\n|-hitcount|p2a: Great Tusk|7\n|\n|upkeep\n|\n|t:|1700290235\n|switch|p1a: Gardevoir|Gardevoir, F|100\/100\n|turn|2\n|\n|t:|1700290242\n|-end|p2a: Great Tusk|Protosynthesis|[silent]\n|switch|p2a: Scizor|Scizor, F|100\/100\n|-ability|p1a: Gardevoir|Technician|[from] ability: Trace|[of] p2a: Scizor\n|move|p1a: Gardevoir|Trick|p2a: Scizor\n|-activate|p1a: Gardevoir|move: Trick|[of] p2a: Scizor\n|-item|p2a: Scizor|Choice Scarf|[from] move: Trick\n|-item|p1a: Gardevoir|Heavy-Duty Boots|[from] move: Trick\n|\n|upkeep\n|turn|3\n|\n|t:|1700290249\n|switch|p1a: Alomomola|Alomomola, M|100\/100\n|move|p2a: Scizor|U-turn|p1a: Alomomola\n|-damage|p1a: Alomomola|80\/100\n|\n|t:|1700290253\n|switch|p2a: Kilowattrel|Kilowattrel, M|100\/100|[from] U-turn\n|\n|-heal|p1a: Alomomola|86\/100|[from] item: Leftovers\n|upkeep\n|turn|4\n|\n|t:|1700290273\n|move|p1a: Alomomola|Protect|p1a: Alomomola\n|-singleturn|p1a: Alomomola|Protect\n|move|p2a: Kilowattrel|U-turn|p1a: Alomomola\n|-activate|p1a: Alomomola|move: Protect\n|\n|-heal|p1a: Alomomola|92\/100|[from] item: Leftovers\n|upkeep\n|turn|5\n|\n|t:|1700290291\n|move|p2a: Kilowattrel|U-turn|p1a: Alomomola\n|-damage|p1a: Alomomola|87\/100\n|\n|t:|1700290296\n|switch|p2a: Samurott|Samurott-Hisui, F, shiny|100\/100|[from] U-turn\n|move|p1a: Alomomola|Wish|p1a: Alomomola\n|\n|-heal|p1a: Alomomola|93\/100|[from] item: Leftovers\n|upkeep\n|turn|6\n|\n|t:|1700290303\n|move|p2a: Samurott|Ceaseless Edge|p1a: Alomomola\n|-damage|p1a: Alomomola|68\/100\n|-sidestart|p1: whichjuanz|Spikes\n|move|p1a: Alomomola|Flip Turn|p2a: Samurott\n|-resisted|p2a: Samurott\n|-damage|p2a: Samurott|93\/100\n|\n|t:|1700290306\n|switch|p1a: Pawmot|Pawmot, F|100\/100|[from] Flip Turn\n|-damage|p1a: Pawmot|88\/100|[from] Spikes\n|\n|-heal|p1a: Pawmot|100\/100|[from] move: Wish|[wisher] Alomomola\n|upkeep\n|turn|7\n|inactive|Eucalipto69! has 120 seconds left.\n|\n|t:|1700290344\n|switch|p2a: Kilowattrel|Kilowattrel, M|100\/100\n|move|p1a: Pawmot|Revival Blessing|p1a: Pawmot\n|-enditem|p1a: Pawmot|Leppa Berry|[eat]\n|-activate|p1a: Pawmot|item: Leppa Berry|Revival Blessing|[consumed]\n|\n|t:|1700290347\n|-heal|p1: Maushold|50\/100|[from] move: Revival Blessing\n|\n|upkeep\n|turn|8\n|\n|t:|1700290354\n|switch|p1a: Gardevoir|Gardevoir, F|100\/100\n|-ability|p1a: Gardevoir|Volt Absorb|[from] ability: Trace|[of] p2a: Kilowattrel\n|move|p2a: Kilowattrel|Air Slash|p1a: Gardevoir\n|-damage|p1a: Gardevoir|67\/100\n|\n|upkeep\n|turn|9\n|\n|t:|1700290359\n|move|p2a: Kilowattrel|Air Slash|p1a: Gardevoir\n|-damage|p1a: Gardevoir|32\/100\n|cant|p1a: Gardevoir|flinch\n|\n|upkeep\n|turn|10\n|\n|t:|1700290363\n|switch|p1a: Kingambit|Kingambit, M|100\/100\n|-damage|p1a: Kingambit|88\/100|[from] Spikes\n|-activate|p1a: Kingambit|ability: Supreme Overlord\n|-start|p1a: Kingambit|fallen1|[silent]\n|move|p2a: Kilowattrel|Air Slash|p1a: Kingambit\n|-resisted|p1a: Kingambit\n|-damage|p1a: Kingambit|77\/100\n|\n|upkeep\n|turn|11\n|\n|t:|1700290369\n|switch|p2a: Samurott|Samurott-Hisui, F, shiny|93\/100\n|-terastallize|p1a: Kingambit|Flying\n|move|p1a: Kingambit|Tera Blast|p2a: Samurott|[anim] Tera Blast Flying\n|-damage|p2a: Samurott|39\/100\n|\n|upkeep\n|turn|12\n|\n|t:|1700290394\n|-end|p1a: Kingambit|fallen1|[silent]\n|switch|p1a: Alomomola|Alomomola, M|100\/100\n|-damage|p1a: Alomomola|88\/100|[from] Spikes\n|move|p2a: Samurott|Aqua Cutter|p1a: Alomomola\n|-resisted|p1a: Alomomola\n|-crit|p1a: Alomomola\n|-damage|p1a: Alomomola|68\/100\n|\n|-heal|p1a: Alomomola|74\/100|[from] item: Leftovers\n|upkeep\n|turn|13\n|\n|t:|1700290407\n|move|p2a: Samurott|Ceaseless Edge|p1a: Alomomola|[miss]\n|-miss|p2a: Samurott|p1a: Alomomola\n|move|p1a: Alomomola|Wish|p1a: Alomomola\n|\n|-heal|p1a: Alomomola|80\/100|[from] item: Leftovers\n|upkeep\n|turn|14\n|\n|t:|1700290410\n|move|p2a: Samurott|Ceaseless Edge|p1a: Alomomola\n|-damage|p1a: Alomomola|53\/100\n|-sidestart|p1: whichjuanz|Spikes\n|move|p1a: Alomomola|Flip Turn|p2a: Samurott\n|-resisted|p2a: Samurott\n|-damage|p2a: Samurott|31\/100\n|\n|t:|1700290416\n|switch|p1a: Maushold|Maushold-Four|50\/100|[from] Flip Turn\n|-damage|p1a: Maushold|34\/100|[from] Spikes\n|\n|-heal|p1a: Maushold|100\/100|[from] move: Wish|[wisher] Alomomola\n|upkeep\n|turn|15\n|\n|t:|1700290436\n|-terastallize|p2a: Samurott|Ghost\n|move|p1a: Maushold|Tidy Up|p1a: Maushold\n|-sideend|p1: whichjuanz|Spikes\n|-activate|p1a: Maushold|move: Tidy Up\n|-boost|p1a: Maushold|atk|1\n|-boost|p1a: Maushold|spe|1\n|move|p2a: Samurott|Sacred Sword|p1a: Maushold\n|-supereffective|p1a: Maushold\n|-damage|p1a: Maushold|0 fnt\n|faint|p1a: Maushold\n|\n|upkeep\n|\n|t:|1700290441\n|switch|p1a: Pawmot|Pawmot, F|100\/100\n|turn|16\n|inactive|Eucalipto69! has 120 seconds left.\n|\n|t:|1700290473\n|switch|p2a: Kilowattrel|Kilowattrel, M|100\/100\n|move|p1a: Pawmot|Double Shock|p2a: Kilowattrel\n|-immune|p2a: Kilowattrel|[from] ability: Volt Absorb\n|\n|upkeep\n|turn|17\n|\n|t:|1700290489\n|move|p2a: Kilowattrel|Air Slash|p1a: Pawmot\n|-damage|p1a: Pawmot|44\/100\n|move|p1a: Pawmot|Revival Blessing|p1a: Pawmot\n|\n|t:|1700290491\n|-heal|p1: Maushold|50\/100|[from] move: Revival Blessing\n|\n|upkeep\n|turn|18\n|\n|t:|1700290501\n|switch|p1a: Kingambit|Kingambit, M, tera:Flying|77\/100\n|-activate|p1a: Kingambit|ability: Supreme Overlord\n|-start|p1a: Kingambit|fallen2|[silent]\n|move|p2a: Kilowattrel|Air Slash|p1a: Kingambit\n|-damage|p1a: Kingambit|54\/100\n|\n|upkeep\n|turn|19\n|\n|t:|1700290506\n|switch|p2a: Great Tusk|Great Tusk|64\/100\n|move|p1a: Kingambit|Kowtow Cleave|p2a: Great Tusk\n|-resisted|p2a: Great Tusk\n|-damage|p2a: Great Tusk|50\/100\n|-damage|p1a: Kingambit|38\/100|[from] item: Rocky Helmet|[of] p2a: Great Tusk\n|\n|upkeep\n|turn|20\n|inactive|Eucalipto69! has 120 seconds left.\n|\n|t:|1700290552\n|move|p2a: Great Tusk|Ice Spinner|p1a: Kingambit\n|-supereffective|p1a: Kingambit\n|-damage|p1a: Kingambit|6\/100\n|move|p1a: Kingambit|Tera Blast|p2a: Great Tusk|[anim] Tera Blast Flying\n|-supereffective|p2a: Great Tusk\n|-damage|p2a: Great Tusk|0 fnt\n|faint|p2a: Great Tusk\n|-end|p2a: Great Tusk|Protosynthesis|[silent]\n|\n|upkeep\n|\n|t:|1700290558\n|switch|p2a: Samurott|Samurott-Hisui, F, shiny, tera:Ghost|31\/100\n|turn|21\n|\n|t:|1700290562\n|-end|p1a: Kingambit|fallen2|[silent]\n|switch|p1a: Alomomola|Alomomola, M|87\/100\n|move|p2a: Samurott|Aqua Jet|p1a: Alomomola\n|-resisted|p1a: Alomomola\n|-damage|p1a: Alomomola|81\/100\n|\n|-heal|p1a: Alomomola|87\/100|[from] item: Leftovers\n|upkeep\n|turn|22\n|\n|t:|1700290565\n|move|p2a: Samurott|Ceaseless Edge|p1a: Alomomola\n|-damage|p1a: Alomomola|61\/100\n|-sidestart|p1: whichjuanz|Spikes\n|move|p1a: Alomomola|Wish|p1a: Alomomola\n|\n|-heal|p1a: Alomomola|67\/100|[from] item: Leftovers\n|upkeep\n|turn|23\n|\n|t:|1700290568\n|move|p2a: Samurott|Ceaseless Edge|p1a: Alomomola\n|-crit|p1a: Alomomola\n|-damage|p1a: Alomomola|26\/100\n|-sidestart|p1: whichjuanz|Spikes\n|move|p1a: Alomomola|Flip Turn|p2a: Samurott\n|-damage|p2a: Samurott|16\/100\n|\n|t:|1700290571\n|switch|p1a: Kingambit|Kingambit, M, tera:Flying|6\/100|[from] Flip Turn\n|-activate|p1a: Kingambit|ability: Supreme Overlord\n|-start|p1a: Kingambit|fallen2|[silent]\n|\n|-heal|p1a: Kingambit|72\/100|[from] move: Wish|[wisher] Alomomola\n|upkeep\n|turn|24\n|\n|t:|1700290586\n|-end|p1a: Kingambit|fallen2|[silent]\n|switch|p1a: Alomomola|Alomomola, M|59\/100\n|-damage|p1a: Alomomola|42\/100|[from] Spikes\n|move|p2a: Samurott|Aqua Jet|p1a: Alomomola\n|-resisted|p1a: Alomomola\n|-damage|p1a: Alomomola|37\/100\n|\n|-heal|p1a: Alomomola|44\/100|[from] item: Leftovers\n|upkeep\n|turn|25\n|\n|t:|1700290589\n|move|p2a: Samurott|Ceaseless Edge|p1a: Alomomola|[miss]\n|-miss|p2a: Samurott|p1a: Alomomola\n|move|p1a: Alomomola|Wish|p1a: Alomomola\n|\n|-heal|p1a: Alomomola|50\/100|[from] item: Leftovers\n|upkeep\n|turn|26\n|\n|t:|1700290593\n|move|p2a: Samurott|Ceaseless Edge|p1a: Alomomola\n|-damage|p1a: Alomomola|22\/100\n|-sidestart|p1: whichjuanz|Spikes\n|move|p1a: Alomomola|Flip Turn|p2a: Samurott\n|-damage|p2a: Samurott|1\/100\n|\n|t:|1700290599\n|switch|p1a: Gardevoir|Gardevoir, F|32\/100|[from] Flip Turn\n|-ability|p1a: Gardevoir|Sharpness|[from] ability: Trace|[of] p2a: Samurott\n|\n|-heal|p1a: Gardevoir|100\/100|[from] move: Wish|[wisher] Alomomola\n|upkeep\n|turn|27\n|inactive|Eucalipto69! has 120 seconds left.\n|\n|t:|1700290636\n|switch|p1a: Pawmot|Pawmot, F|44\/100\n|-damage|p1a: Pawmot|19\/100|[from] Spikes\n|move|p2a: Samurott|Aqua Jet|p1a: Pawmot\n|-damage|p1a: Pawmot|0 fnt\n|faint|p1a: Pawmot\n|\n|upkeep\n|\n|t:|1700290640\n|switch|p1a: Alomomola|Alomomola, M|56\/100\n|-damage|p1a: Alomomola|31\/100|[from] Spikes\n|turn|28\n|\n|t:|1700290646\n|move|p1a: Alomomola|Protect|p1a: Alomomola\n|-singleturn|p1a: Alomomola|Protect\n|move|p2a: Samurott|Ceaseless Edge|p1a: Alomomola\n|-activate|p1a: Alomomola|move: Protect\n|\n|-heal|p1a: Alomomola|37\/100|[from] item: Leftovers\n|upkeep\n|turn|29\n|\n|t:|1700290648\n|move|p2a: Samurott|Ceaseless Edge|p1a: Alomomola\n|-crit|p1a: Alomomola\n|-damage|p1a: Alomomola|0 fnt\n|faint|p1a: Alomomola\n|\n|upkeep\n|\n|t:|1700290653\n|switch|p1a: Maushold|Maushold-Four|50\/100\n|-damage|p1a: Maushold|25\/100|[from] Spikes\n|turn|30\n|\n|t:|1700290658\n|move|p2a: Samurott|Aqua Jet|p1a: Maushold\n|-damage|p1a: Maushold|0 fnt\n|faint|p1a: Maushold\n|\n|upkeep\n|\n|t:|1700290661\n|switch|p1a: Primeape|Primeape, F|100\/100\n|-damage|p1a: Primeape|76\/100|[from] Spikes\n|turn|31\n|\n|t:|1700290665\n|move|p2a: Samurott|Aqua Jet|p1a: Primeape\n|-damage|p1a: Primeape|54\/100\n|move|p1a: Primeape|Bulk Up|p1a: Primeape\n|-boost|p1a: Primeape|atk|1\n|-boost|p1a: Primeape|def|1\n|\n|upkeep\n|turn|32\n|\n|t:|1700290670\n|move|p2a: Samurott|Aqua Jet|p1a: Primeape\n|-damage|p1a: Primeape|39\/100\n|move|p1a: Primeape|Rage Fist|p2a: Samurott\n|-supereffective|p2a: Samurott\n|-damage|p2a: Samurott|0 fnt\n|faint|p2a: Samurott\n|\n|upkeep\n|\n|t:|1700290673\n|switch|p2a: Kilowattrel|Kilowattrel, M|100\/100\n|turn|33\n|\n|t:|1700290676\n|move|p2a: Kilowattrel|Thunderbolt|p1a: Primeape\n|-damage|p1a: Primeape|14\/100\n|move|p1a: Primeape|Rage Fist|p2a: Kilowattrel\n|-damage|p2a: Kilowattrel|0 fnt\n|faint|p2a: Kilowattrel\n|\n|upkeep\n|\n|t:|1700290686\n|switch|p2a: Dragapult|Dragapult, M|100\/100\n|turn|34\n|\n|t:|1700290689\n|move|p2a: Dragapult|Dragon Darts|p1a: Primeape\n|-damage|p1a: Primeape|0 fnt\n|faint|p1a: Primeape\n|\n|upkeep\n|\n|t:|1700290691\n|switch|p1a: Gardevoir|Gardevoir, F|100\/100\n|-ability|p1a: Gardevoir|Infiltrator|[from] ability: Trace|[of] p2a: Dragapult\n|turn|35\n|\n|t:|1700290703\n|move|p2a: Dragapult|Hex|p1a: Gardevoir\n|-supereffective|p1a: Gardevoir\n|-crit|p1a: Gardevoir\n|-damage|p1a: Gardevoir|9\/100\n|move|p1a: Gardevoir|Moonblast|p2a: Dragapult\n|-supereffective|p2a: Dragapult\n|-damage|p2a: Dragapult|0 fnt\n|faint|p2a: Dragapult\n|\n|upkeep\n|\n|t:|1700290708\n|switch|p2a: Ogerpon|Ogerpon-Cornerstone, F|100\/100\n|turn|36\n|\n|t:|1700290710\n|move|p2a: Ogerpon|Ivy Cudgel|p1a: Gardevoir|[anim] Ivy Cudgel Rock\n|-damage|p1a: Gardevoir|0 fnt\n|faint|p1a: Gardevoir\n|\n|upkeep\n|\n|t:|1700290712\n|switch|p1a: Kingambit|Kingambit, M, tera:Flying|72\/100\n|-activate|p1a: Kingambit|ability: Supreme Overlord\n|-start|p1a: Kingambit|fallen5|[silent]\n|turn|37\n|\n|t:|1700290715\n|move|p2a: Ogerpon|Ivy Cudgel|p1a: Kingambit|[anim] Ivy Cudgel Rock\n|-supereffective|p1a: Kingambit\n|-crit|p1a: Kingambit\n|-damage|p1a: Kingambit|0 fnt\n|faint|p1a: Kingambit\n|-end|p1a: Kingambit|fallen5|[silent]\n|\n|win|Eucalipto69!\n|raw|whichjuanz's rating: 1551 &rarr; <strong>1533<\/strong><br \/>(-18 for losing)\n|raw|Eucalipto69!'s rating: 1592 &rarr; <strong>1610<\/strong><br \/>(+18 for winning)\n|l|\u2606whichjuanz\n","uploadtime":1700290731,"views":19,"p1id":"whichjuanz","p2id":"eucalipto69","formatid":"gen9ou","rating":1533,"private":0,"password":""}