{"id":"gen9ou-1994590025","p1":"SweatyRon","p2":"Audio Peel","format":"[Gen 9] OU","log":"|j|\u2606SweatyRon\n|j|\u2606Audio Peel\n|t:|1700465355\n|gametype|singles\n|player|p1|SweatyRon|pokefan-gen4|1775\n|player|p2|Audio Peel|101|1765\n|teamsize|p1|6\n|teamsize|p2|6\n|gen|9\n|tier|[Gen 9] OU\n|rated|\n|rule|Sleep Clause Mod: Limit one foe put to sleep\n|rule|Species Clause: Limit one of each Pok\u00e9mon\n|rule|OHKO Clause: OHKO moves are banned\n|rule|Evasion Items Clause: Evasion items are banned\n|rule|Evasion Moves Clause: Evasion moves are banned\n|rule|Endless Battle Clause: Forcing endless battles is banned\n|rule|HP Percentage Mod: HP is shown in percentages\n|clearpoke\n|poke|p1|Dragapult, F|\n|poke|p1|Meowscarada, F|\n|poke|p1|Dondozo, F|\n|poke|p1|Heatran, F|\n|poke|p1|Zapdos|\n|poke|p1|Great Tusk|\n|poke|p2|Garganacl, F|\n|poke|p2|Dragonite, F|\n|poke|p2|Slowking-Galar, M|\n|poke|p2|Zamazenta-*|\n|poke|p2|Manaphy|\n|poke|p2|Ogerpon-Wellspring, F|\n|teampreview\n|inactive|Battle timer is ON: inactive players will automatically lose when time's up. (requested by SweatyRon)\n|j| Ctannn\n|\n|t:|1700465378\n|start\n|switch|p1a: Dragapult|Dragapult, F|100\/100\n|switch|p2a: Zamazenta|Zamazenta|100\/100\n|-ability|p2a: Zamazenta|Dauntless Shield|boost\n|-boost|p2a: Zamazenta|def|1\n|turn|1\n|\n|t:|1700465383\n|switch|p1a: Zapdos|Zapdos|100\/100\n|move|p2a: Zamazenta|Crunch|p1a: Zapdos\n|-damage|p1a: Zapdos|68\/100\n|-damage|p2a: Zamazenta|84\/100|[from] item: Rocky Helmet|[of] p1a: Zapdos\n|\n|upkeep\n|turn|2\n|\n|t:|1700465390\n|switch|p2a: Garganacl|Garganacl, F|100\/100\n|move|p1a: Zapdos|Volt Switch|p2a: Garganacl\n|-damage|p2a: Garganacl|82\/100\n|\n|t:|1700465400\n|switch|p1a: Heatran|Heatran, F|100\/100|[from] Volt Switch\n|\n|-heal|p2a: Garganacl|89\/100|[from] item: Leftovers\n|upkeep\n|turn|3\n|\n|t:|1700465405\n|switch|p2a: Manaphy|Manaphy|100\/100\n|move|p1a: Heatran|Magma Storm|p2a: Manaphy\n|-resisted|p2a: Manaphy\n|-damage|p2a: Manaphy|78\/100\n|-activate|p2a: Manaphy|move: Magma Storm|[of] p1a: Heatran\n|\n|-heal|p2a: Manaphy|84\/100|[from] item: Leftovers\n|-damage|p2a: Manaphy|72\/100|[from] move: Magma Storm|[partiallytrapped]\n|upkeep\n|turn|4\n|\n|t:|1700465417\n|move|p2a: Manaphy|Tail Glow|p2a: Manaphy\n|-boost|p2a: Manaphy|spa|3\n|move|p1a: Heatran|Earth Power|p2a: Manaphy\n|-damage|p2a: Manaphy|48\/100\n|\n|-heal|p2a: Manaphy|54\/100|[from] item: Leftovers\n|-damage|p2a: Manaphy|42\/100|[from] move: Magma Storm|[partiallytrapped]\n|upkeep\n|turn|5\n|\n|t:|1700465425\n|switch|p1a: Dondozo|Dondozo, F|100\/100\n|move|p2a: Manaphy|Ice Beam|p1a: Dondozo\n|-resisted|p1a: Dondozo\n|-damage|p1a: Dondozo|90\/100\n|\n|-heal|p2a: Manaphy|48\/100|[from] item: Leftovers\n|-heal|p1a: Dondozo|96\/100|[from] item: Leftovers\n|-end|p2a: Manaphy|Magma Storm|[partiallytrapped]|[silent]\n|upkeep\n|turn|6\n|\n|t:|1700465432\n|switch|p1a: Zapdos|Zapdos|68\/100\n|move|p2a: Manaphy|Ice Beam|p1a: Zapdos\n|-supereffective|p1a: Zapdos\n|-damage|p1a: Zapdos|0 fnt\n|faint|p1a: Zapdos\n|\n|-heal|p2a: Manaphy|54\/100|[from] item: Leftovers\n|upkeep\n|\n|t:|1700465439\n|switch|p1a: Dragapult|Dragapult, F|100\/100\n|turn|7\n|\n|t:|1700465445\n|switch|p2a: Garganacl|Garganacl, F|89\/100\n|-terastallize|p1a: Dragapult|Dragon\n|move|p1a: Dragapult|Dragon Darts|p2a: Garganacl\n|-damage|p2a: Garganacl|51\/100\n|-anim|p1a: Dragapult|Dragon Darts|p2a: Garganacl\n|-damage|p2a: Garganacl|16\/100\n|\n|-heal|p2a: Garganacl|23\/100|[from] item: Leftovers\n|upkeep\n|turn|8\n|\n|t:|1700465452\n|-terastallize|p2a: Garganacl|Fairy\n|move|p1a: Dragapult|Dragon Darts|p2a: Garganacl\n|-immune|p2a: Garganacl\n|move|p2a: Garganacl|Recover|p2a: Garganacl\n|-heal|p2a: Garganacl|73\/100\n|\n|-heal|p2a: Garganacl|79\/100|[from] item: Leftovers\n|upkeep\n|turn|9\n|\n|t:|1700465458\n|switch|p1a: Great Tusk|Great Tusk|100\/100\n|move|p2a: Garganacl|Salt Cure|p1a: Great Tusk\n|-resisted|p1a: Great Tusk\n|-damage|p1a: Great Tusk|98\/100\n|-start|p1a: Great Tusk|Salt Cure\n|\n|-heal|p2a: Garganacl|85\/100|[from] item: Leftovers\n|-damage|p1a: Great Tusk|86\/100|[from] Salt Cure\n|upkeep\n|turn|10\n|\n|t:|1700465464\n|switch|p2a: Manaphy|Manaphy|54\/100\n|move|p1a: Great Tusk|Knock Off|p2a: Manaphy\n|-damage|p2a: Manaphy|25\/100\n|-enditem|p2a: Manaphy|Leftovers|[from] move: Knock Off|[of] p1a: Great Tusk\n|\n|-damage|p1a: Great Tusk|73\/100|[from] Salt Cure\n|upkeep\n|turn|11\n|\n|t:|1700465470\n|move|p2a: Manaphy|Ice Beam|p1a: Great Tusk\n|-supereffective|p1a: Great Tusk\n|-damage|p1a: Great Tusk|32\/100\n|move|p1a: Great Tusk|Earthquake|p2a: Manaphy\n|-damage|p2a: Manaphy|0 fnt\n|faint|p2a: Manaphy\n|\n|-damage|p1a: Great Tusk|20\/100|[from] Salt Cure\n|upkeep\n|l| Ctannn\n|\n|t:|1700465478\n|switch|p2a: Ogerpon|Ogerpon-Wellspring, F|100\/100\n|turn|12\n|\n|t:|1700465482\n|move|p2a: Ogerpon|Trailblaze|p1a: Great Tusk\n|-supereffective|p1a: Great Tusk\n|-damage|p1a: Great Tusk|0 fnt\n|-boost|p2a: Ogerpon|spe|1\n|faint|p1a: Great Tusk\n|-end|p1a: Great Tusk|Protosynthesis|[silent]\n|\n|upkeep\n|\n|t:|1700465486\n|switch|p1a: Meowscarada|Meowscarada, F|100\/100\n|turn|13\n|\n|t:|1700465490\n|switch|p2a: Zamazenta|Zamazenta|84\/100\n|move|p1a: Meowscarada|U-turn|p2a: Zamazenta\n|-start|p1a: Meowscarada|typechange|Bug|[from] ability: Protean\n|-resisted|p2a: Zamazenta\n|-damage|p2a: Zamazenta|68\/100\n|\n|t:|1700465493\n|switch|p1a: Dragapult|Dragapult, F, tera:Dragon|100\/100|[from] U-turn\n|\n|upkeep\n|turn|14\n|\n|t:|1700465497\n|move|p2a: Zamazenta|Close Combat|p1a: Dragapult\n|-damage|p1a: Dragapult|0 fnt\n|-unboost|p2a: Zamazenta|def|1\n|-unboost|p2a: Zamazenta|spd|1\n|faint|p1a: Dragapult\n|\n|upkeep\n|-message|SweatyRon forfeited.\n|\n|win|Audio Peel\n|raw|SweatyRon's rating: 1775 &rarr; <strong>1754<\/strong><br \/>(-21 for losing)\n|raw|Audio Peel's rating: 1765 &rarr; <strong>1786<\/strong><br \/>(+21 for winning)\n|l|\u2606SweatyRon\n","uploadtime":1700465504,"views":10,"p1id":"sweatyron","p2id":"audiopeel","formatid":"gen9ou","rating":1754,"private":0,"password":""}