{"id":"gen9ou-1996015786","p1":"groovythunder","p2":"G00FYG00B3R","format":"[Gen 9] OU","log":"|j|\u2606groovythunder\n|j|\u2606G00FYG00B3R\n|t:|1700629738\n|gametype|singles\n|player|p1|groovythunder|1|1456\n|player|p2|G00FYG00B3R|adaman|1369\n|teamsize|p1|6\n|teamsize|p2|6\n|gen|9\n|tier|[Gen 9] OU\n|rated|\n|rule|Sleep Clause Mod: Limit one foe put to sleep\n|rule|Species Clause: Limit one of each Pok\u00e9mon\n|rule|OHKO Clause: OHKO moves are banned\n|rule|Evasion Items Clause: Evasion items are banned\n|rule|Evasion Moves Clause: Evasion moves are banned\n|rule|Endless Battle Clause: Forcing endless battles is banned\n|rule|HP Percentage Mod: HP is shown in percentages\n|clearpoke\n|poke|p1|Ogerpon-Wellspring, F|\n|poke|p1|Iron Valiant|\n|poke|p1|Goodra-Hisui, M|\n|poke|p1|Corviknight, M|\n|poke|p1|Ting-Lu|\n|poke|p1|Gholdengo|\n|poke|p2|Zapdos|\n|poke|p2|Cinderace, F|\n|poke|p2|Ting-Lu|\n|poke|p2|Corviknight, M|\n|poke|p2|Okidogi, M|\n|poke|p2|Ogerpon-Wellspring, F|\n|teampreview\n|inactive|Battle timer is ON: inactive players will automatically lose when time's up. (requested by G00FYG00B3R)\n|\n|t:|1700629766\n|start\n|switch|p1a: Ting-Lu|Ting-Lu|100\/100\n|switch|p2a: BELLIGOL|Cinderace, F|100\/100\n|-ability|p1a: Ting-Lu|Vessel of Ruin\n|turn|1\n|\n|t:|1700629770\n|move|p2a: BELLIGOL|U-turn|p1a: Ting-Lu\n|-start|p2a: BELLIGOL|typechange|Bug|[from] ability: Libero\n|-supereffective|p1a: Ting-Lu\n|-damage|p1a: Ting-Lu|71\/100\n|\n|t:|1700629775\n|switch|p2a: Cash Corvi|Corviknight, M|100\/100|[from] U-turn\n|-ability|p2a: Cash Corvi|Pressure\n|move|p1a: Ting-Lu|Earthquake|p2a: Cash Corvi\n|-immune|p2a: Cash Corvi\n|\n|-heal|p1a: Ting-Lu|77\/100|[from] item: Leftovers\n|upkeep\n|turn|2\n|\n|t:|1700629781\n|move|p2a: Cash Corvi|U-turn|p1a: Ting-Lu\n|-supereffective|p1a: Ting-Lu\n|-damage|p1a: Ting-Lu|66\/100\n|\n|t:|1700629784\n|switch|p2a: BELLIGOL|Cinderace, F|100\/100|[from] U-turn\n|move|p1a: Ting-Lu|Stealth Rock|p2a: BELLIGOL\n|-sidestart|p2: G00FYG00B3R|move: Stealth Rock\n|\n|-heal|p1a: Ting-Lu|72\/100|[from] item: Leftovers\n|upkeep\n|turn|3\n|\n|t:|1700629799\n|move|p2a: BELLIGOL|Court Change|p2a: BELLIGOL\n|-start|p2a: BELLIGOL|typechange|Normal|[from] ability: Libero\n|-swapsideconditions\n|-activate|p2a: BELLIGOL|move: Court Change\n|move|p1a: Ting-Lu|Stealth Rock|p2a: BELLIGOL\n|-sidestart|p2: G00FYG00B3R|move: Stealth Rock\n|\n|-heal|p1a: Ting-Lu|79\/100|[from] item: Leftovers\n|upkeep\n|turn|4\n|\n|t:|1700629808\n|move|p2a: BELLIGOL|U-turn|p1a: Ting-Lu\n|-supereffective|p1a: Ting-Lu\n|-damage|p1a: Ting-Lu|60\/100\n|\n|t:|1700629814\n|switch|p2a: Ogerpon De River|Ogerpon-Wellspring, F|100\/100|[from] U-turn\n|-damage|p2a: Ogerpon De River|88\/100|[from] Stealth Rock\n|move|p1a: Ting-Lu|Spikes|p2a: Ogerpon De River\n|-sidestart|p2: G00FYG00B3R|Spikes\n|\n|-heal|p1a: Ting-Lu|67\/100|[from] item: Leftovers\n|upkeep\n|turn|5\n|\n|t:|1700629829\n|switch|p1a: Corviknight|Corviknight, M|100\/100\n|-damage|p1a: Corviknight|88\/100|[from] Stealth Rock\n|-ability|p1a: Corviknight|Pressure\n|move|p2a: Ogerpon De River|Power Whip|p1a: Corviknight|[miss]\n|-miss|p2a: Ogerpon De River|p1a: Corviknight\n|\n|upkeep\n|turn|6\n|\n|t:|1700629850\n|-terastallize|p2a: Ogerpon De River|Water\n|detailschange|p2a: Ogerpon De River|Ogerpon-Wellspring-Tera, F, tera:Water\n|-ability|p2a: Ogerpon De River|Embody Aspect (Wellspring)|boost\n|-boost|p2a: Ogerpon De River|spd|1\n|move|p2a: Ogerpon De River|Swords Dance|p2a: Ogerpon De River\n|-boost|p2a: Ogerpon De River|atk|2\n|move|p1a: Corviknight|U-turn|p2a: Ogerpon De River\n|-damage|p2a: Ogerpon De River|70\/100\n|\n|t:|1700629872\n|switch|p1a: Goodra|Goodra-Hisui, M|100\/100|[from] U-turn\n|-damage|p1a: Goodra|94\/100|[from] Stealth Rock\n|\n|-heal|p1a: Goodra|100\/100|[from] item: Leftovers\n|upkeep\n|turn|7\n|\n|t:|1700629882\n|move|p2a: Ogerpon De River|Zen Headbutt|p1a: Goodra\n|-resisted|p1a: Goodra\n|-damage|p1a: Goodra|76\/100\n|-ability|p1a: Goodra|Gooey\n|-unboost|p2a: Ogerpon De River|spe|1\n|cant|p1a: Goodra|flinch\n|\n|-heal|p1a: Goodra|82\/100|[from] item: Leftovers\n|upkeep\n|turn|8\n|\n|t:|1700629895\n|switch|p2a: Ting Louie XIII|Ting-Lu|100\/100\n|-damage|p2a: Ting Louie XIII|94\/100|[from] Stealth Rock\n|-damage|p2a: Ting Louie XIII|82\/100|[from] Spikes\n|-ability|p2a: Ting Louie XIII|Vessel of Ruin\n|move|p1a: Goodra|Acid Armor|p1a: Goodra\n|-boost|p1a: Goodra|def|2\n|\n|-heal|p1a: Goodra|88\/100|[from] item: Leftovers\n|-heal|p2a: Ting Louie XIII|88\/100|[from] item: Leftovers\n|upkeep\n|turn|9\n|\n|t:|1700629902\n|move|p1a: Goodra|Dragon Tail|p2a: Ting Louie XIII\n|-damage|p2a: Ting Louie XIII|78\/100\n|drag|p2a: Cash Corvi|Corviknight, M|100\/100\n|-damage|p2a: Cash Corvi|88\/100|[from] Stealth Rock\n|-ability|p2a: Cash Corvi|Pressure\n|\n|-heal|p1a: Goodra|94\/100|[from] item: Leftovers\n|upkeep\n|turn|10\n|\n|t:|1700629909\n|move|p2a: Cash Corvi|U-turn|p1a: Goodra\n|-resisted|p1a: Goodra\n|-damage|p1a: Goodra|92\/100\n|-ability|p1a: Goodra|Gooey\n|-unboost|p2a: Cash Corvi|spe|1\n|\n|t:|1700629912\n|switch|p2a: Frank Zappa|Zapdos|100\/100|[from] U-turn\n|move|p1a: Goodra|Acid Armor|p1a: Goodra\n|-boost|p1a: Goodra|def|2\n|\n|-heal|p1a: Goodra|98\/100|[from] item: Leftovers\n|upkeep\n|turn|11\n|\n|t:|1700629921\n|move|p2a: Frank Zappa|Thunderbolt|p1a: Goodra\n|-resisted|p1a: Goodra\n|-damage|p1a: Goodra|84\/100\n|-status|p1a: Goodra|par\n|move|p1a: Goodra|Body Press|p2a: Frank Zappa\n|-resisted|p2a: Frank Zappa\n|-damage|p2a: Frank Zappa|57\/100\n|\n|-heal|p1a: Goodra|90\/100 par|[from] item: Leftovers\n|upkeep\n|turn|12\n|\n|t:|1700629929\n|move|p2a: Frank Zappa|U-turn|p1a: Goodra\n|-resisted|p1a: Goodra\n|-damage|p1a: Goodra|89\/100 par\n|-ability|p1a: Goodra|Gooey\n|-unboost|p2a: Frank Zappa|spe|1\n|\n|t:|1700629930\n|switch|p2a: Ting Louie XIII|Ting-Lu|78\/100|[from] U-turn\n|-damage|p2a: Ting Louie XIII|71\/100|[from] Stealth Rock\n|-damage|p2a: Ting Louie XIII|59\/100|[from] Spikes\n|-ability|p2a: Ting Louie XIII|Vessel of Ruin\n|cant|p1a: Goodra|par\n|\n|-heal|p2a: Ting Louie XIII|65\/100|[from] item: Leftovers\n|-heal|p1a: Goodra|95\/100 par|[from] item: Leftovers\n|upkeep\n|turn|13\n|\n|t:|1700629936\n|cant|p1a: Goodra|par\n|move|p2a: Ting Louie XIII|Whirlwind|p1a: Goodra\n|drag|p1a: Ting-Lu|Ting-Lu|67\/100\n|-damage|p1a: Ting-Lu|60\/100|[from] Stealth Rock\n|-ability|p1a: Ting-Lu|Vessel of Ruin\n|\n|-heal|p2a: Ting Louie XIII|71\/100|[from] item: Leftovers\n|-heal|p1a: Ting-Lu|67\/100|[from] item: Leftovers\n|upkeep\n|turn|14\n|\n|t:|1700629942\n|switch|p2a: I am 50 cent.|Okidogi, M|100\/100\n|-damage|p2a: I am 50 cent.|94\/100|[from] Stealth Rock\n|-damage|p2a: I am 50 cent.|82\/100|[from] Spikes\n|move|p1a: Ting-Lu|Spikes|p2a: I am 50 cent.\n|-sidestart|p2: G00FYG00B3R|Spikes\n|\n|-heal|p2a: I am 50 cent.|88\/100|[from] item: Leftovers\n|-heal|p1a: Ting-Lu|73\/100|[from] item: Leftovers\n|upkeep\n|turn|15\n|\n|t:|1700629955\n|move|p2a: I am 50 cent.|Bulk Up|p2a: I am 50 cent.\n|-boost|p2a: I am 50 cent.|atk|1\n|-boost|p2a: I am 50 cent.|def|1\n|move|p1a: Ting-Lu|Spikes|p2a: I am 50 cent.\n|-sidestart|p2: G00FYG00B3R|Spikes\n|\n|-heal|p2a: I am 50 cent.|94\/100|[from] item: Leftovers\n|-heal|p1a: Ting-Lu|79\/100|[from] item: Leftovers\n|upkeep\n|turn|16\n|\n|t:|1700629960\n|switch|p1a: Goodra|Goodra-Hisui, M|95\/100 par\n|-damage|p1a: Goodra|89\/100 par|[from] Stealth Rock\n|move|p2a: I am 50 cent.|Drain Punch|p1a: Goodra\n|-supereffective|p1a: Goodra\n|-damage|p1a: Goodra|19\/100 par\n|-heal|p2a: I am 50 cent.|100\/100|[from] drain|[of] p1a: Goodra\n|-ability|p1a: Goodra|Gooey\n|-unboost|p2a: I am 50 cent.|spe|1\n|\n|-heal|p1a: Goodra|25\/100 par|[from] item: Leftovers\n|upkeep\n|turn|17\n|\n|t:|1700629969\n|move|p2a: I am 50 cent.|Knock Off|p1a: Goodra\n|-damage|p1a: Goodra|0 fnt\n|-ability|p1a: Goodra|Gooey\n|-unboost|p2a: I am 50 cent.|spe|1\n|-enditem|p1a: Goodra|Leftovers|[from] move: Knock Off|[of] p2a: I am 50 cent.\n|faint|p1a: Goodra\n|\n|upkeep\n|\n|t:|1700629996\n|switch|p1a: Gholdengo|Gholdengo|100\/100\n|-damage|p1a: Gholdengo|94\/100|[from] Stealth Rock\n|-item|p1a: Gholdengo|Air Balloon\n|turn|18\n|\n|t:|1700630004\n|move|p1a: Gholdengo|Nasty Plot|p1a: Gholdengo\n|-boost|p1a: Gholdengo|spa|2\n|move|p2a: I am 50 cent.|Knock Off|p1a: Gholdengo\n|-supereffective|p1a: Gholdengo\n|-damage|p1a: Gholdengo|28\/100\n|-enditem|p1a: Gholdengo|Air Balloon\n|\n|upkeep\n|turn|19\n|\n|t:|1700630019\n|switch|p2a: Ting Louie XIII|Ting-Lu|71\/100\n|-damage|p2a: Ting Louie XIII|65\/100|[from] Stealth Rock\n|-damage|p2a: Ting Louie XIII|40\/100|[from] Spikes\n|-ability|p2a: Ting Louie XIII|Vessel of Ruin\n|move|p1a: Gholdengo|Make It Rain|p2a: Ting Louie XIII\n|-damage|p2a: Ting Louie XIII|0 fnt\n|-unboost|p1a: Gholdengo|spa|1\n|faint|p2a: Ting Louie XIII\n|\n|upkeep\n|\n|t:|1700630026\n|switch|p2a: BELLIGOL|Cinderace, F|100\/100\n|turn|20\n|\n|t:|1700630037\n|move|p2a: BELLIGOL|Pyro Ball|p1a: Gholdengo|[miss]\n|-miss|p2a: BELLIGOL|p1a: Gholdengo\n|move|p1a: Gholdengo|Shadow Ball|p2a: BELLIGOL\n|-damage|p2a: BELLIGOL|19\/100\n|\n|upkeep\n|turn|21\n|\n|t:|1700630047\n|move|p2a: BELLIGOL|Pyro Ball|p1a: Gholdengo\n|-supereffective|p1a: Gholdengo\n|-damage|p1a: Gholdengo|0 fnt\n|faint|p1a: Gholdengo\n|\n|upkeep\n|\n|t:|1700630051\n|switch|p1a: Iron Valiant|Iron Valiant|100\/100\n|-damage|p1a: Iron Valiant|94\/100|[from] Stealth Rock\n|-enditem|p1a: Iron Valiant|Booster Energy\n|-activate|p1a: Iron Valiant|ability: Quark Drive|[fromitem]\n|-start|p1a: Iron Valiant|quarkdrivespe\n|turn|22\n|\n|t:|1700630062\n|move|p1a: Iron Valiant|Moonblast|p2a: BELLIGOL\n|-resisted|p2a: BELLIGOL\n|-damage|p2a: BELLIGOL|0 fnt\n|faint|p2a: BELLIGOL\n|\n|upkeep\n|\n|t:|1700630069\n|switch|p2a: Ogerpon De River|Ogerpon-Wellspring-Tera, F, tera:Water|70\/100\n|-damage|p2a: Ogerpon De River|58\/100|[from] Stealth Rock\n|-damage|p2a: Ogerpon De River|33\/100|[from] Spikes\n|-ability|p2a: Ogerpon De River|Embody Aspect (Wellspring)|boost\n|-boost|p2a: Ogerpon De River|spd|1\n|turn|23\n|\n|t:|1700630076\n|move|p1a: Iron Valiant|Thunderbolt|p2a: Ogerpon De River\n|-supereffective|p2a: Ogerpon De River\n|-damage|p2a: Ogerpon De River|0 fnt\n|faint|p2a: Ogerpon De River\n|\n|upkeep\n|\n|t:|1700630079\n|switch|p2a: Frank Zappa|Zapdos|57\/100\n|turn|24\n|\n|t:|1700630085\n|-terastallize|p1a: Iron Valiant|Electric\n|move|p1a: Iron Valiant|Moonblast|p2a: Frank Zappa\n|-damage|p2a: Frank Zappa|0 fnt\n|faint|p2a: Frank Zappa\n|\n|upkeep\n|\n|t:|1700630090\n|switch|p2a: I am 50 cent.|Okidogi, M|100\/100\n|-damage|p2a: I am 50 cent.|94\/100|[from] Stealth Rock\n|-damage|p2a: I am 50 cent.|70\/100|[from] Spikes\n|turn|25\n|\n|t:|1700630095\n|move|p1a: Iron Valiant|Thunderbolt|p2a: I am 50 cent.\n|-damage|p2a: I am 50 cent.|33\/100\n|move|p2a: I am 50 cent.|Drain Punch|p1a: Iron Valiant\n|-damage|p1a: Iron Valiant|52\/100\n|-heal|p2a: I am 50 cent.|49\/100|[from] drain|[of] p1a: Iron Valiant\n|\n|-heal|p2a: I am 50 cent.|56\/100|[from] item: Leftovers\n|upkeep\n|turn|26\n|\n|t:|1700630103\n|move|p1a: Iron Valiant|Thunderbolt|p2a: I am 50 cent.\n|-damage|p2a: I am 50 cent.|18\/100\n|move|p2a: I am 50 cent.|Drain Punch|p1a: Iron Valiant\n|-damage|p1a: Iron Valiant|11\/100\n|-heal|p2a: I am 50 cent.|34\/100|[from] drain|[of] p1a: Iron Valiant\n|-status|p1a: Iron Valiant|tox|[from] ability: Toxic Chain|[of] p2a: I am 50 cent.\n|\n|-heal|p2a: I am 50 cent.|40\/100|[from] item: Leftovers\n|-damage|p1a: Iron Valiant|5\/100 tox|[from] psn\n|upkeep\n|turn|27\n|\n|t:|1700630110\n|move|p1a: Iron Valiant|Destiny Bond|p1a: Iron Valiant\n|-singlemove|p1a: Iron Valiant|Destiny Bond\n|move|p2a: I am 50 cent.|Bulk Up|p2a: I am 50 cent.\n|-boost|p2a: I am 50 cent.|atk|1\n|-boost|p2a: I am 50 cent.|def|1\n|\n|-heal|p2a: I am 50 cent.|46\/100|[from] item: Leftovers\n|-damage|p1a: Iron Valiant|0 fnt|[from] psn\n|faint|p1a: Iron Valiant\n|-end|p1a: Iron Valiant|Quark Drive|[silent]\n|upkeep\n|\n|t:|1700630116\n|switch|p1a: Ogerpon|Ogerpon-Wellspring, F|100\/100\n|-damage|p1a: Ogerpon|88\/100|[from] Stealth Rock\n|turn|28\n|\n|t:|1700630126\n|move|p1a: Ogerpon|Ivy Cudgel|p2a: I am 50 cent.|[anim] Ivy Cudgel Water\n|-damage|p2a: I am 50 cent.|15\/100\n|move|p2a: I am 50 cent.|Drain Punch|p1a: Ogerpon\n|-damage|p1a: Ogerpon|25\/100\n|-heal|p2a: I am 50 cent.|40\/100|[from] drain|[of] p1a: Ogerpon\n|\n|-heal|p2a: I am 50 cent.|46\/100|[from] item: Leftovers\n|upkeep\n|turn|29\n|\n|t:|1700630133\n|move|p1a: Ogerpon|Ivy Cudgel|p2a: I am 50 cent.|[anim] Ivy Cudgel Water\n|-damage|p2a: I am 50 cent.|15\/100\n|move|p2a: I am 50 cent.|Drain Punch|p1a: Ogerpon\n|-damage|p1a: Ogerpon|0 fnt\n|-heal|p2a: I am 50 cent.|25\/100|[from] drain|[of] p1a: Ogerpon\n|faint|p1a: Ogerpon\n|\n|-heal|p2a: I am 50 cent.|31\/100|[from] item: Leftovers\n|upkeep\n|\n|t:|1700630138\n|switch|p1a: Corviknight|Corviknight, M|88\/100\n|-damage|p1a: Corviknight|76\/100|[from] Stealth Rock\n|-ability|p1a: Corviknight|Pressure\n|turn|30\n|\n|t:|1700630147\n|move|p2a: I am 50 cent.|Drain Punch|p1a: Corviknight\n|-crit|p1a: Corviknight\n|-damage|p1a: Corviknight|29\/100\n|-heal|p2a: I am 50 cent.|54\/100|[from] drain|[of] p1a: Corviknight\n|-damage|p2a: I am 50 cent.|37\/100|[from] item: Rocky Helmet|[of] p1a: Corviknight\n|move|p1a: Corviknight|Body Press|p2a: I am 50 cent.\n|-resisted|p2a: I am 50 cent.\n|-damage|p2a: I am 50 cent.|30\/100\n|\n|-heal|p2a: I am 50 cent.|36\/100|[from] item: Leftovers\n|upkeep\n|turn|31\n|\n|t:|1700630152\n|move|p2a: I am 50 cent.|Bulk Up|p2a: I am 50 cent.\n|-boost|p2a: I am 50 cent.|atk|1\n|-boost|p2a: I am 50 cent.|def|1\n|move|p1a: Corviknight|Roost|p1a: Corviknight\n|-heal|p1a: Corviknight|79\/100\n|-singleturn|p1a: Corviknight|move: Roost\n|\n|-heal|p2a: I am 50 cent.|42\/100|[from] item: Leftovers\n|upkeep\n|turn|32\n|-message|groovythunder forfeited.\n|\n|win|G00FYG00B3R\n|raw|groovythunder's rating: 1456 &rarr; <strong>1431<\/strong><br \/>(-25 for losing)\n|raw|G00FYG00B3R's rating: 1369 &rarr; <strong>1394<\/strong><br \/>(+25 for winning)\n|l|\u2606groovythunder\n","uploadtime":1700630165,"views":5,"p1id":"groovythunder","p2id":"g00fyg00b3r","formatid":"gen9ou","rating":1394,"private":0,"password":""}