{"id":"gen9ou-1996761143","p1":"Ceo O Wo Chien","p2":"spicy piquant","format":"[Gen 9] OU","log":"|j|\u2606Ceo O Wo Chien\n|j|\u2606spicy piquant\n|t:|1700720751\n|gametype|singles\n|player|p1|Ceo O Wo Chien|ghetsis-gen5bw|1727\n|player|p2|spicy piquant|170|1673\n|teamsize|p1|6\n|teamsize|p2|6\n|gen|9\n|tier|[Gen 9] OU\n|rated|\n|rule|Sleep Clause Mod: Limit one foe put to sleep\n|rule|Species Clause: Limit one of each Pok\u00e9mon\n|rule|OHKO Clause: OHKO moves are banned\n|rule|Evasion Items Clause: Evasion items are banned\n|rule|Evasion Moves Clause: Evasion moves are banned\n|rule|Endless Battle Clause: Forcing endless battles is banned\n|rule|HP Percentage Mod: HP is shown in percentages\n|clearpoke\n|poke|p1|Iron Valiant|\n|poke|p1|Hydreigon, F|\n|poke|p1|Slowking-Galar, M|\n|poke|p1|Cinderace, F|\n|poke|p1|Alomomola, M|\n|poke|p1|Kingambit, F|\n|poke|p2|Iron Valiant|\n|poke|p2|Gholdengo|\n|poke|p2|Cinderace, M|\n|poke|p2|Toxapex, M|\n|poke|p2|Corviknight, M|\n|poke|p2|Ursaluna, M|\n|teampreview\n|inactive|Battle timer is ON: inactive players will automatically lose when time's up. (requested by Ceo O Wo Chien)\n|\n|t:|1700720766\n|start\n|switch|p1a: Slowking|Slowking-Galar, M|100\/100\n|switch|p2a: Ursaluna|Ursaluna, M|100\/100\n|turn|1\n|\n|t:|1700720772\n|move|p2a: Ursaluna|Earthquake|p1a: Slowking\n|-supereffective|p1a: Slowking\n|-damage|p1a: Slowking|0 fnt\n|faint|p1a: Slowking\n|\n|-status|p2a: Ursaluna|brn|[from] item: Flame Orb\n|upkeep\n|\n|t:|1700720778\n|switch|p1a: Hydreigon|Hydreigon, F|100\/100\n|turn|2\n|\n|t:|1700720782\n|-terastallize|p1a: Hydreigon|Steel\n|move|p1a: Hydreigon|Nasty Plot|p1a: Hydreigon\n|-boost|p1a: Hydreigon|spa|2\n|move|p2a: Ursaluna|Facade|p1a: Hydreigon\n|-resisted|p1a: Hydreigon\n|-damage|p1a: Hydreigon|34\/100\n|\n|-heal|p1a: Hydreigon|40\/100|[from] item: Leftovers\n|-damage|p2a: Ursaluna|94\/100 brn|[from] brn\n|upkeep\n|turn|3\n|\n|t:|1700720794\n|switch|p2a: Iron Valiant|Iron Valiant|100\/100\n|-enditem|p2a: Iron Valiant|Booster Energy\n|-activate|p2a: Iron Valiant|ability: Quark Drive|[fromitem]\n|-start|p2a: Iron Valiant|quarkdrivespe\n|move|p1a: Hydreigon|Dark Pulse|p2a: Iron Valiant\n|-resisted|p2a: Iron Valiant\n|-damage|p2a: Iron Valiant|59\/100\n|\n|-heal|p1a: Hydreigon|46\/100|[from] item: Leftovers\n|upkeep\n|turn|4\n|\n|t:|1700720804\n|switch|p1a: Alomomola|Alomomola, M|100\/100\n|move|p2a: Iron Valiant|Close Combat|p1a: Alomomola\n|-damage|p1a: Alomomola|67\/100\n|-unboost|p2a: Iron Valiant|def|1\n|-unboost|p2a: Iron Valiant|spd|1\n|\n|upkeep\n|turn|5\n|\n|t:|1700720808\n|move|p2a: Iron Valiant|Moonblast|p1a: Alomomola\n|-damage|p1a: Alomomola|21\/100\n|move|p1a: Alomomola|Wish|p1a: Alomomola\n|\n|upkeep\n|turn|6\n|\n|t:|1700720813\n|move|p1a: Alomomola|Protect|p1a: Alomomola\n|-singleturn|p1a: Alomomola|Protect\n|move|p2a: Iron Valiant|Close Combat|p1a: Alomomola\n|-activate|p1a: Alomomola|move: Protect\n|\n|-heal|p1a: Alomomola|71\/100|[from] move: Wish|[wisher] Alomomola\n|upkeep\n|turn|7\n|\n|t:|1700720817\n|move|p2a: Iron Valiant|Moonblast|p1a: Alomomola\n|-damage|p1a: Alomomola|27\/100\n|move|p1a: Alomomola|Wish|p1a: Alomomola\n|\n|upkeep\n|turn|8\n|\n|t:|1700720825\n|-end|p2a: Iron Valiant|Quark Drive|[silent]\n|switch|p2a: Ursaluna|Ursaluna, M|94\/100 brn\n|move|p1a: Alomomola|Protect||[still]\n|-fail|p1a: Alomomola\n|\n|-heal|p1a: Alomomola|77\/100|[from] move: Wish|[wisher] Alomomola\n|-damage|p2a: Ursaluna|88\/100 brn|[from] brn\n|upkeep\n|turn|9\n|\n|t:|1700720830\n|move|p2a: Ursaluna|Facade|p1a: Alomomola\n|-damage|p1a: Alomomola|4\/100\n|move|p1a: Alomomola|Scald|p2a: Ursaluna\n|-supereffective|p2a: Ursaluna\n|-damage|p2a: Ursaluna|63\/100 brn\n|\n|-damage|p2a: Ursaluna|57\/100 brn|[from] brn\n|upkeep\n|turn|10\n|\n|t:|1700720836\n|move|p1a: Alomomola|Protect|p1a: Alomomola\n|-singleturn|p1a: Alomomola|Protect\n|move|p2a: Ursaluna|Facade|p1a: Alomomola\n|-activate|p1a: Alomomola|move: Protect\n|\n|-damage|p2a: Ursaluna|51\/100 brn|[from] brn\n|upkeep\n|turn|11\n|-message|Ceo O Wo Chien forfeited.\n|\n|win|spicy piquant\n|raw|Ceo O Wo Chien's rating: 1727 &rarr; <strong>1704<\/strong><br \/>(-23 for losing)\n|raw|spicy piquant's rating: 1673 &rarr; <strong>1696<\/strong><br \/>(+23 for winning)\n|l|\u2606Ceo O Wo Chien\n|l|\u2606spicy piquant\n","uploadtime":1700720883,"views":3,"p1id":"ceoowochien","p2id":"spicypiquant","formatid":"gen9ou","rating":1696,"private":0,"password":""}