{"id":"gen9ou-1997604699","p1":"Stormiidaniels","p2":"Youngster kraig","format":"[Gen 9] OU","log":"|j|\u203dStormiidaniels\n|j|\u2606Youngster kraig\n|t:|1700831910\n|gametype|singles\n|player|p1|Stormiidaniels|swimmerf|1102\n|player|p2|Youngster kraig|102|1026\n|teamsize|p1|6\n|teamsize|p2|6\n|gen|9\n|tier|[Gen 9] OU\n|rated|\n|rule|Sleep Clause Mod: Limit one foe put to sleep\n|rule|Species Clause: Limit one of each Pok\u00e9mon\n|rule|OHKO Clause: OHKO moves are banned\n|rule|Evasion Items Clause: Evasion items are banned\n|rule|Evasion Moves Clause: Evasion moves are banned\n|rule|Endless Battle Clause: Forcing endless battles is banned\n|rule|HP Percentage Mod: HP is shown in percentages\n|clearpoke\n|poke|p1|Quaquaval, F|\n|poke|p1|Dragonite, M|\n|poke|p1|Cinderace, F|\n|poke|p1|Meowscarada, M|\n|poke|p1|Jolteon, F|\n|poke|p1|Gardevoir, F|\n|poke|p2|Dragonite, F|\n|poke|p2|Landorus-Therian, M|\n|poke|p2|Salamence, M|\n|poke|p2|Zapdos|\n|poke|p2|Enamorus, F|\n|poke|p2|Mandibuzz, F|\n|teampreview\n|inactive|Battle timer is ON: inactive players will automatically lose when time's up. (requested by Stormiidaniels)\n|\n|t:|1700831919\n|start\n|switch|p1a: Dragonite|Dragonite, M|100\/100\n|switch|p2a: Salamence|Salamence, M|100\/100\n|-ability|p2a: Salamence|Intimidate|boost\n|-unboost|p1a: Dragonite|atk|1\n|turn|1\n|\n|t:|1700831930\n|move|p2a: Salamence|Dragon Claw|p1a: Dragonite\n|-supereffective|p1a: Dragonite\n|-damage|p1a: Dragonite|61\/100\n|-enditem|p1a: Dragonite|Weakness Policy\n|-boost|p1a: Dragonite|atk|2|[from] item: Weakness Policy\n|-boost|p1a: Dragonite|spa|2|[from] item: Weakness Policy\n|move|p1a: Dragonite|Dragon Dance|p1a: Dragonite\n|-boost|p1a: Dragonite|atk|1\n|-boost|p1a: Dragonite|spe|1\n|\n|upkeep\n|turn|2\n|\n|t:|1700831946\n|move|p1a: Dragonite|Iron Head|p2a: Salamence\n|-damage|p2a: Salamence|37\/100\n|cant|p2a: Salamence|flinch\n|\n|upkeep\n|turn|3\n|\n|t:|1700831955\n|move|p1a: Dragonite|Iron Head|p2a: Salamence\n|-damage|p2a: Salamence|0 fnt\n|faint|p2a: Salamence\n|\n|upkeep\n|\n|t:|1700831957\n|switch|p2a: Landorus|Landorus-Therian, M|100\/100\n|-ability|p2a: Landorus|Intimidate|boost\n|-unboost|p1a: Dragonite|atk|1\n|turn|4\n|\n|t:|1700831964\n|move|p2a: Landorus|Stone Edge|p1a: Dragonite\n|-supereffective|p1a: Dragonite\n|-damage|p1a: Dragonite|0 fnt\n|faint|p1a: Dragonite\n|\n|upkeep\n|\n|t:|1700831972\n|switch|p1a: Quaquaval|Quaquaval, F, shiny|100\/100\n|turn|5\n|\n|t:|1700831984\n|switch|p2a: Zapdos|Zapdos|100\/100\n|move|p1a: Quaquaval|Aqua Step|p2a: Zapdos\n|-damage|p2a: Zapdos|60\/100\n|-boost|p1a: Quaquaval|spe|1\n|-status|p1a: Quaquaval|par|[from] ability: Static|[of] p2a: Zapdos\n|\n|upkeep\n|turn|6\n|\n|t:|1700831997\n|switch|p1a: Jolteon|Jolteon, F|100\/100\n|move|p2a: Zapdos|Thunderbolt|p1a: Jolteon\n|-immune|p1a: Jolteon|[from] ability: Volt Absorb\n|\n|upkeep\n|turn|7\n|\n|t:|1700832009\n|-terastallize|p2a: Zapdos|Electric\n|move|p1a: Jolteon|Thunderbolt|p2a: Zapdos\n|-resisted|p2a: Zapdos\n|-damage|p2a: Zapdos|39\/100\n|move|p2a: Zapdos|Heat Wave|p1a: Jolteon\n|-damage|p1a: Jolteon|66\/100\n|\n|upkeep\n|turn|8\n|\n|t:|1700832018\n|move|p1a: Jolteon|Shadow Ball|p2a: Zapdos\n|-damage|p2a: Zapdos|12\/100\n|-unboost|p2a: Zapdos|spd|1\n|move|p2a: Zapdos|Heat Wave|p1a: Jolteon|[miss]\n|-miss|p2a: Zapdos|p1a: Jolteon\n|\n|upkeep\n|turn|9\n|\n|t:|1700832028\n|move|p1a: Jolteon|Shadow Ball|p2a: Zapdos\n|-damage|p2a: Zapdos|0 fnt\n|faint|p2a: Zapdos\n|\n|upkeep\n|\n|t:|1700832033\n|switch|p2a: Landorus|Landorus-Therian, M|100\/100\n|-ability|p2a: Landorus|Intimidate|boost\n|-unboost|p1a: Jolteon|atk|1\n|turn|10\n|\n|t:|1700832039\n|move|p2a: Landorus|Earthquake|p1a: Jolteon\n|-supereffective|p1a: Jolteon\n|-damage|p1a: Jolteon|0 fnt\n|faint|p1a: Jolteon\n|\n|upkeep\n|\n|t:|1700832045\n|switch|p1a: Quaquaval|Quaquaval, F, shiny|100\/100 par\n|turn|11\n|\n|t:|1700832051\n|switch|p2a: Dragonite|Dragonite, F|100\/100\n|move|p1a: Quaquaval|Aqua Step|p2a: Dragonite\n|-resisted|p2a: Dragonite\n|-damage|p2a: Dragonite|93\/100\n|-boost|p1a: Quaquaval|spe|1\n|\n|upkeep\n|turn|12\n|\n|t:|1700832064\n|cant|p1a: Quaquaval|par\n|move|p2a: Dragonite|Dragon Claw|p1a: Quaquaval\n|-damage|p1a: Quaquaval|51\/100 par\n|\n|upkeep\n|turn|13\n|\n|t:|1700832074\n|move|p1a: Quaquaval|Close Combat|p2a: Dragonite\n|-resisted|p2a: Dragonite\n|-damage|p2a: Dragonite|69\/100\n|-unboost|p1a: Quaquaval|def|1\n|-unboost|p1a: Quaquaval|spd|1\n|-enditem|p1a: Quaquaval|White Herb\n|-clearnegativeboost|p1a: Quaquaval|[silent]\n|move|p2a: Dragonite|Dragon Claw|p1a: Quaquaval\n|-damage|p1a: Quaquaval|0 fnt\n|faint|p1a: Quaquaval\n|\n|upkeep\n|\n|t:|1700832087\n|switch|p1a: Gardevoir|Gardevoir, F|100\/100\n|turn|14\n|inactive|Youngster kraig has 120 seconds left.\n|\n|t:|1700832119\n|switch|p2a: Landorus|Landorus-Therian, M|100\/100\n|-ability|p2a: Landorus|Intimidate|boost\n|-unboost|p1a: Gardevoir|atk|1\n|move|p1a: Gardevoir|Reflect|p1a: Gardevoir\n|-sidestart|p1: Stormiidaniels|Reflect\n|\n|upkeep\n|turn|15\n|\n|t:|1700832131\n|move|p2a: Landorus|U-turn|p1a: Gardevoir\n|-damage|p1a: Gardevoir|81\/100\n|\n|t:|1700832134\n|switch|p2a: Enamorus|Enamorus, F|100\/100|[from] U-turn\n|move|p1a: Gardevoir|Moonblast|p2a: Enamorus\n|-damage|p2a: Enamorus|41\/100\n|-boost|p2a: Enamorus|spa|1\n|-enditem|p1a: Gardevoir|Mirror Herb\n|-boost|p1a: Gardevoir|spa|1|[from] item: Mirror Herb\n|\n|upkeep\n|turn|16\n|inactive|Youngster kraig has 120 seconds left.\n|\n|t:|1700832160\n|move|p2a: Enamorus|Mystical Fire|p1a: Gardevoir\n|-damage|p1a: Gardevoir|21\/100\n|-unboost|p1a: Gardevoir|spa|1\n|move|p1a: Gardevoir|Moonblast|p2a: Enamorus\n|-damage|p2a: Enamorus|0 fnt\n|faint|p2a: Enamorus\n|\n|upkeep\n|\n|t:|1700832168\n|switch|p2a: Mandibuzz|Mandibuzz, F|100\/100\n|turn|17\n|\n|t:|1700832173\n|move|p2a: Mandibuzz|Knock Off|p1a: Gardevoir\n|-damage|p1a: Gardevoir|4\/100\n|move|p1a: Gardevoir|Moonblast|p2a: Mandibuzz\n|-supereffective|p2a: Mandibuzz\n|-damage|p2a: Mandibuzz|14\/100\n|\n|upkeep\n|turn|18\n|\n|t:|1700832181\n|move|p2a: Mandibuzz|Knock Off|p1a: Gardevoir\n|-damage|p1a: Gardevoir|0 fnt\n|faint|p1a: Gardevoir\n|\n|-sideend|p1: Stormiidaniels|Reflect\n|upkeep\n|\n|t:|1700832198\n|switch|p1a: Cinderace|Cinderace, F|100\/100\n|turn|19\n|\n|t:|1700832209\n|move|p1a: Cinderace|Pyro Ball|p2a: Mandibuzz\n|-damage|p2a: Mandibuzz|0 fnt\n|faint|p2a: Mandibuzz\n|\n|upkeep\n|\n|t:|1700832213\n|switch|p2a: Dragonite|Dragonite, F|69\/100\n|turn|20\n|\n|t:|1700832229\n|move|p1a: Cinderace|Sucker Punch|p2a: Dragonite\n|-start|p1a: Cinderace|typechange|Dark|[from] ability: Libero\n|-damage|p2a: Dragonite|41\/100\n|move|p2a: Dragonite|Earthquake|p1a: Cinderace\n|-damage|p1a: Cinderace|57\/100\n|\n|upkeep\n|turn|21\n|\n|t:|1700832240\n|move|p2a: Dragonite|Extreme Speed|p1a: Cinderace\n|-damage|p1a: Cinderace|18\/100\n|-enditem|p1a: Cinderace|Figy Berry|[eat]\n|-heal|p1a: Cinderace|51\/100|[from] item: Figy Berry\n|move|p1a: Cinderace|Pyro Ball|p2a: Dragonite\n|-resisted|p2a: Dragonite\n|-damage|p2a: Dragonite|26\/100\n|\n|upkeep\n|turn|22\n|\n|t:|1700832249\n|move|p2a: Dragonite|Extreme Speed|p1a: Cinderace\n|-damage|p1a: Cinderace|14\/100\n|move|p1a: Cinderace|Sucker Punch||[still]\n|-fail|p1a: Cinderace\n|\n|upkeep\n|turn|23\n|\n|t:|1700832256\n|move|p2a: Dragonite|Extreme Speed|p1a: Cinderace\n|-damage|p1a: Cinderace|0 fnt\n|faint|p1a: Cinderace\n|\n|upkeep\n|\n|t:|1700832262\n|switch|p1a: Meowscarada|Meowscarada, M, shiny|100\/100\n|turn|24\n|\n|t:|1700832270\n|move|p1a: Meowscarada|Play Rough|p2a: Dragonite\n|-start|p1a: Meowscarada|typechange|Fairy|[from] ability: Protean\n|-supereffective|p2a: Dragonite\n|-damage|p2a: Dragonite|0 fnt\n|faint|p2a: Dragonite\n|\n|upkeep\n|\n|t:|1700832274\n|switch|p2a: Landorus|Landorus-Therian, M|100\/100\n|-ability|p2a: Landorus|Intimidate|boost\n|-unboost|p1a: Meowscarada|atk|1\n|turn|25\n|\n|t:|1700832288\n|-terastallize|p1a: Meowscarada|Grass\n|move|p2a: Landorus|Earthquake|p1a: Meowscarada\n|-resisted|p1a: Meowscarada\n|-crit|p1a: Meowscarada\n|-damage|p1a: Meowscarada|39\/100\n|move|p1a: Meowscarada|Flower Trick|p2a: Landorus\n|-crit|p2a: Landorus\n|-damage|p2a: Landorus|31\/100\n|\n|upkeep\n|turn|26\n|\n|t:|1700832298\n|move|p2a: Landorus|Earthquake|p1a: Meowscarada\n|-resisted|p1a: Meowscarada\n|-damage|p1a: Meowscarada|0 fnt\n|faint|p1a: Meowscarada\n|\n|win|Youngster kraig\n|raw|Stormiidaniels's rating: 1102 &rarr; <strong>1072<\/strong><br \/>(-30 for losing)\n|raw|Youngster kraig's rating: 1026 &rarr; <strong>1070<\/strong><br \/>(+44 for winning)\n","uploadtime":1700832309,"views":3,"p1id":"stormiidaniels","p2id":"youngsterkraig","formatid":"gen9ou","rating":1070,"private":0,"password":""}