{"id":"gen9ou-1991755159","p1":"TurboKaiSm64","p2":"cazz23","format":"[Gen 9] OU","log":"|j|\u2606TurboKaiSm64\n|j|\u2606cazz23\n|t:|1700111646\n|gametype|singles\n|player|p1|TurboKaiSm64|lucas-gen4pt|\n|player|p2|cazz23|hilda-wonderlauncher|\n|teamsize|p1|6\n|teamsize|p2|6\n|gen|9\n|tier|[Gen 9] OU\n|rule|Sleep Clause Mod: Limit one foe put to sleep\n|rule|Species Clause: Limit one of each Pok\u00e9mon\n|rule|OHKO Clause: OHKO moves are banned\n|rule|Evasion Items Clause: Evasion items are banned\n|rule|Evasion Moves Clause: Evasion moves are banned\n|rule|Endless Battle Clause: Forcing endless battles is banned\n|rule|HP Percentage Mod: HP is shown in percentages\n|clearpoke\n|poke|p1|Rillaboom, F|\n|poke|p1|Iron Moth|\n|poke|p1|Dondozo, M|\n|poke|p1|Meowscarada, M|\n|poke|p1|Garchomp, F|\n|poke|p1|Ninetales-Alola, F|\n|poke|p2|Rotom-Wash|\n|poke|p2|Meowscarada, F|\n|poke|p2|Ting-Lu|\n|poke|p2|Gholdengo|\n|poke|p2|Great Tusk|\n|poke|p2|Iron Valiant|\n|teampreview\n|j| SpaceBear9\n|c|\u2606TurboKaiSm64|gl hf\n|l| SpaceBear9\n|c|\u2606cazz23|glhf\n|\n|t:|1700111731\n|start\n|switch|p1a: Rillaboom|Rillaboom, F|100\/100\n|switch|p2a: Gholdengo|Gholdengo|100\/100\n|-fieldstart|move: Grassy Terrain|[from] ability: Grassy Surge|[of] p1a: Rillaboom\n|turn|1\n|\n|t:|1700111773\n|move|p2a: Gholdengo|Shadow Ball|p1a: Rillaboom\n|-damage|p1a: Rillaboom|72\/100\n|-unboost|p1a: Rillaboom|spd|1\n|move|p1a: Rillaboom|Trailblaze|p2a: Gholdengo\n|-resisted|p2a: Gholdengo\n|-damage|p2a: Gholdengo|81\/100\n|-boost|p1a: Rillaboom|spe|1\n|\n|-heal|p1a: Rillaboom|78\/100|[from] Grassy Terrain\n|-heal|p2a: Gholdengo|87\/100|[from] Grassy Terrain\n|upkeep\n|turn|2\n|\n|t:|1700111800\n|move|p1a: Rillaboom|Wood Hammer|p2a: Gholdengo\n|-resisted|p2a: Gholdengo\n|-damage|p2a: Gholdengo|42\/100\n|-damage|p1a: Rillaboom|66\/100|[from] Recoil\n|move|p2a: Gholdengo|Make It Rain|p1a: Rillaboom\n|-damage|p1a: Rillaboom|2\/100\n|-unboost|p2a: Gholdengo|spa|1\n|\n|-heal|p1a: Rillaboom|8\/100|[from] Grassy Terrain\n|-heal|p2a: Gholdengo|48\/100|[from] Grassy Terrain\n|upkeep\n|turn|3\n|\n|t:|1700111836\n|switch|p1a: Meowscarada|Meowscarada, M|100\/100\n|-terastallize|p2a: Gholdengo|Fighting\n|move|p2a: Gholdengo|Recover|p2a: Gholdengo\n|-heal|p2a: Gholdengo|98\/100\n|\n|-heal|p2a: Gholdengo|100\/100|[from] Grassy Terrain\n|upkeep\n|turn|4\n|\n|t:|1700111863\n|move|p1a: Meowscarada|Play Rough|p2a: Gholdengo\n|-start|p1a: Meowscarada|typechange|Fairy|[from] ability: Protean\n|-supereffective|p2a: Gholdengo\n|-damage|p2a: Gholdengo|0 fnt\n|faint|p2a: Gholdengo\n|\n|upkeep\n|j| SpaceBear9\n|l| SpaceBear9\n|c|\u2606TurboKaiSm64|surpise fairy attack lol\n|c|\u2606cazz23|yeah, spooked me\n|c|\u2606cazz23|i have litteraly no counter\n|c|\u2606TurboKaiSm64|oh shit lol\n|\n|t:|1700111981\n|switch|p2a: Ting-Lu|Ting-Lu|100\/100\n|-ability|p2a: Ting-Lu|Vessel of Ruin\n|turn|5\n|\n|t:|1700112024\n|move|p1a: Meowscarada|Play Rough|p2a: Ting-Lu\n|-supereffective|p2a: Ting-Lu\n|-damage|p2a: Ting-Lu|31\/100\n|move|p2a: Ting-Lu|Whirlwind|p1a: Meowscarada\n|drag|p1a: Ninetales|Ninetales-Alola, F|100\/100\n|-weather|Snow|[from] ability: Snow Warning|[of] p1a: Ninetales\n|\n|-weather|Snow|[upkeep]\n|-heal|p2a: Ting-Lu|37\/100|[from] Grassy Terrain\n|-fieldend|move: Grassy Terrain\n|upkeep\n|turn|6\n|\n|t:|1700112049\n|move|p1a: Ninetales|Aurora Veil|p1a: Ninetales\n|-sidestart|p1: TurboKaiSm64|move: Aurora Veil\n|move|p2a: Ting-Lu|Zen Headbutt|p1a: Ninetales\n|-damage|p1a: Ninetales|92\/100\n|\n|-weather|Snow|[upkeep]\n|-heal|p1a: Ninetales|98\/100|[from] item: Leftovers\n|upkeep\n|turn|7\n|c|\u2606TurboKaiSm64|prolly the worst mon whirlwind could've brought in for you lol\n|\n|t:|1700112073\n|move|p1a: Ninetales|Blizzard|p2a: Ting-Lu\n|-supereffective|p2a: Ting-Lu\n|-damage|p2a: Ting-Lu|0 fnt\n|faint|p2a: Ting-Lu\n|\n|-weather|Snow|[upkeep]\n|-heal|p1a: Ninetales|100\/100|[from] item: Leftovers\n|upkeep\n|j| SpaceBear9\n|\n|t:|1700112097\n|switch|p2a: Meowscarada|Meowscarada, F|100\/100\n|turn|8\n|\n|t:|1700112113\n|move|p2a: Meowscarada|Knock Off|p1a: Ninetales\n|-start|p2a: Meowscarada|typechange|Dark|[from] ability: Protean\n|-resisted|p1a: Ninetales\n|-damage|p1a: Ninetales|91\/100\n|-enditem|p1a: Ninetales|Leftovers|[from] move: Knock Off|[of] p2a: Meowscarada\n|move|p1a: Ninetales|Moonblast|p2a: Meowscarada\n|-supereffective|p2a: Meowscarada\n|-damage|p2a: Meowscarada|0 fnt\n|faint|p2a: Meowscarada\n|\n|-weather|Snow|[upkeep]\n|upkeep\n|\n|t:|1700112127\n|switch|p2a: Iron Valiant|Iron Valiant|100\/100\n|-enditem|p2a: Iron Valiant|Booster Energy\n|-activate|p2a: Iron Valiant|ability: Quark Drive|[fromitem]\n|-start|p2a: Iron Valiant|quarkdrivespe\n|turn|9\n|\n|t:|1700112140\n|move|p2a: Iron Valiant|Close Combat|p1a: Ninetales\n|-damage|p1a: Ninetales|69\/100\n|-unboost|p2a: Iron Valiant|def|1\n|-unboost|p2a: Iron Valiant|spd|1\n|move|p1a: Ninetales|Moonblast|p2a: Iron Valiant\n|-supereffective|p2a: Iron Valiant\n|-damage|p2a: Iron Valiant|0 fnt\n|faint|p2a: Iron Valiant\n|-end|p2a: Iron Valiant|Quark Drive|[silent]\n|\n|-weather|none\n|upkeep\n|\n|t:|1700112150\n|switch|p2a: Rotom|Rotom-Wash, shiny|100\/100\n|turn|10\n|\n|t:|1700112178\n|move|p1a: Ninetales|Moonblast|p2a: Rotom\n|-damage|p2a: Rotom|60\/100\n|move|p2a: Rotom|Thunderbolt|p1a: Ninetales\n|-damage|p1a: Ninetales|53\/100\n|\n|-heal|p2a: Rotom|66\/100|[from] item: Leftovers\n|-sideend|p1: TurboKaiSm64|move: Aurora Veil\n|upkeep\n|turn|11\n|\n|t:|1700112185\n|move|p1a: Ninetales|Moonblast|p2a: Rotom\n|-damage|p2a: Rotom|20\/100\n|-unboost|p2a: Rotom|spa|1\n|move|p2a: Rotom|Hydro Pump|p1a: Ninetales\n|-damage|p1a: Ninetales|29\/100\n|\n|-heal|p2a: Rotom|26\/100|[from] item: Leftovers\n|upkeep\n|turn|12\n|\n|t:|1700112193\n|move|p1a: Ninetales|Moonblast|p2a: Rotom\n|-damage|p2a: Rotom|0 fnt\n|faint|p2a: Rotom\n|\n|upkeep\n|\n|t:|1700112198\n|switch|p2a: Great Tusk|Great Tusk|100\/100\n|turn|13\n|\n|t:|1700112209\n|move|p2a: Great Tusk|Headlong Rush|p1a: Ninetales\n|-damage|p1a: Ninetales|0 fnt\n|-unboost|p2a: Great Tusk|def|1\n|-unboost|p2a: Great Tusk|spd|1\n|faint|p1a: Ninetales\n|\n|upkeep\n|\n|t:|1700112221\n|switch|p1a: Meowscarada|Meowscarada, M|100\/100\n|turn|14\n|\n|t:|1700112229\n|move|p1a: Meowscarada|Flower Trick|p2a: Great Tusk\n|-start|p1a: Meowscarada|typechange|Grass|[from] ability: Protean\n|-supereffective|p2a: Great Tusk\n|-crit|p2a: Great Tusk\n|-damage|p2a: Great Tusk|0 fnt\n|faint|p2a: Great Tusk\n|-end|p2a: Great Tusk|Protosynthesis|[silent]\n|\n|win|TurboKaiSm64\n|c|\u2606TurboKaiSm64|gg\n","uploadtime":1700112239,"views":8,"p1id":"turbokaism64","p2id":"cazz23","formatid":"gen9ou","rating":0,"private":0,"password":""}