{"id":"gen9ou-1996441781","p1":"punkmag","p2":"rihimera","format":"[Gen 9] OU","log":"|j|\u2606punkmag\n|j|\u2606rihimera\n|t:|1700682359\n|gametype|singles\n|player|p1|punkmag|waitress-gen4|1235\n|player|p2|rihimera|skier|1146\n|teamsize|p1|6\n|teamsize|p2|6\n|gen|9\n|tier|[Gen 9] OU\n|rated|\n|rule|Sleep Clause Mod: Limit one foe put to sleep\n|rule|Species Clause: Limit one of each Pok\u00e9mon\n|rule|OHKO Clause: OHKO moves are banned\n|rule|Evasion Items Clause: Evasion items are banned\n|rule|Evasion Moves Clause: Evasion moves are banned\n|rule|Endless Battle Clause: Forcing endless battles is banned\n|rule|HP Percentage Mod: HP is shown in percentages\n|clearpoke\n|poke|p1|Ogerpon-Wellspring, F|\n|poke|p1|Rillaboom, F|\n|poke|p1|Iron Moth|\n|poke|p1|Iron Valiant|\n|poke|p1|Dragonite, M|\n|poke|p1|Mandibuzz, F|\n|poke|p2|Iron Leaves|\n|poke|p2|Iron Moth|\n|poke|p2|Forretress, M|\n|poke|p2|Thundurus, M|\n|poke|p2|Iron Valiant|\n|poke|p2|Iron Treads|\n|teampreview\n|inactive|Battle timer is ON: inactive players will automatically lose when time's up. (requested by punkmag)\n|\n|t:|1700682383\n|start\n|switch|p1a: Orge Flowers|Ogerpon-Wellspring, F|100\/100\n|switch|p2a: Thundurus|Thundurus, M|100\/100\n|turn|1\n|\n|t:|1700682395\n|move|p2a: Thundurus|Thunder Wave|p1a: Orge Flowers\n|-status|p1a: Orge Flowers|par\n|move|p1a: Orge Flowers|Ivy Cudgel|p2a: Thundurus|[anim] Ivy Cudgel Water\n|-damage|p2a: Thundurus|31\/100\n|\n|upkeep\n|turn|2\n|\n|t:|1700682407\n|move|p2a: Thundurus|Volt Switch|p1a: Orge Flowers\n|-damage|p1a: Orge Flowers|65\/100 par\n|\n|t:|1700682415\n|switch|p2a: Iron Leaves|Iron Leaves|100\/100|[from] Volt Switch\n|move|p1a: Orge Flowers|Ivy Cudgel|p2a: Iron Leaves|[anim] Ivy Cudgel Water\n|-resisted|p2a: Iron Leaves\n|-damage|p2a: Iron Leaves|63\/100\n|\n|upkeep\n|turn|3\n|\n|t:|1700682427\n|move|p2a: Iron Leaves|Leaf Blade|p1a: Orge Flowers\n|-damage|p1a: Orge Flowers|0 fnt\n|faint|p1a: Orge Flowers\n|-damage|p2a: Iron Leaves|53\/100|[from] item: Life Orb\n|\n|upkeep\n|inactive|punkmag has 120 seconds left.\n|\n|t:|1700682454\n|switch|p1a: Mandibuzz|Mandibuzz, F|100\/100\n|turn|4\n|\n|t:|1700682462\n|-end|p2a: Iron Leaves|Quark Drive|[silent]\n|switch|p2a: Thundurus|Thundurus, M|31\/100\n|move|p1a: Mandibuzz|Foul Play|p2a: Thundurus\n|-damage|p2a: Thundurus|0 fnt\n|faint|p2a: Thundurus\n|\n|upkeep\n|\n|t:|1700682471\n|switch|p2a: Iron Valiant|Iron Valiant|100\/100\n|turn|5\n|\n|t:|1700682482\n|move|p2a: Iron Valiant|Moonblast|p1a: Mandibuzz\n|-supereffective|p1a: Mandibuzz\n|-damage|p1a: Mandibuzz|2\/100\n|-unboost|p1a: Mandibuzz|spa|1\n|move|p1a: Mandibuzz|U-turn|p2a: Iron Valiant\n|-resisted|p2a: Iron Valiant\n|-damage|p2a: Iron Valiant|95\/100\n|inactive|punkmag has 120 seconds left.\n|\n|t:|1700682502\n|switch|p1a: Clash at Iron Head|Iron Moth|100\/100|[from] U-turn\n|-enditem|p1a: Clash at Iron Head|Booster Energy\n|-activate|p1a: Clash at Iron Head|ability: Quark Drive|[fromitem]\n|-start|p1a: Clash at Iron Head|quarkdrivespa\n|\n|upkeep\n|turn|6\n|inactive|punkmag has 120 seconds left.\n|\n|t:|1700682519\n|-end|p2a: Iron Valiant|Quark Drive|[silent]\n|switch|p2a: Iron Treads|Iron Treads|100\/100\n|move|p1a: Clash at Iron Head|Fiery Dance|p2a: Iron Treads\n|-supereffective|p2a: Iron Treads\n|-crit|p2a: Iron Treads\n|-damage|p2a: Iron Treads|0 fnt\n|faint|p2a: Iron Treads\n|-end|p2a: Iron Treads|Quark Drive|[silent]\n|\n|upkeep\n|\n|t:|1700682532\n|switch|p2a: Forretress|Forretress, M|100\/100\n|turn|7\n|\n|t:|1700682538\n|-terastallize|p2a: Forretress|Fire\n|move|p1a: Clash at Iron Head|Fiery Dance|p2a: Forretress\n|-resisted|p2a: Forretress\n|-damage|p2a: Forretress|62\/100\n|move|p2a: Forretress|Stealth Rock|p1a: Clash at Iron Head\n|-sidestart|p1: punkmag|move: Stealth Rock\n|\n|-heal|p2a: Forretress|68\/100|[from] item: Leftovers\n|upkeep\n|turn|8\n|\n|t:|1700682546\n|move|p1a: Clash at Iron Head|Substitute|p1a: Clash at Iron Head\n|-start|p1a: Clash at Iron Head|Substitute\n|-damage|p1a: Clash at Iron Head|76\/100\n|move|p2a: Forretress|Volt Switch|p1a: Clash at Iron Head\n|-activate|p1a: Clash at Iron Head|move: Substitute|[damage]\n|\n|t:|1700682556\n|switch|p2a: Iron Moth|Iron Moth|100\/100|[from] Volt Switch\n|\n|upkeep\n|turn|9\n|\n|t:|1700682561\n|move|p1a: Clash at Iron Head|Fiery Dance|p2a: Iron Moth\n|-resisted|p2a: Iron Moth\n|-damage|p2a: Iron Moth|71\/100\n|move|p2a: Iron Moth|Discharge|p1a: Clash at Iron Head\n|-end|p1a: Clash at Iron Head|Substitute\n|\n|upkeep\n|turn|10\n|\n|t:|1700682568\n|move|p1a: Clash at Iron Head|Fiery Dance|p2a: Iron Moth\n|-resisted|p2a: Iron Moth\n|-damage|p2a: Iron Moth|42\/100\n|-boost|p1a: Clash at Iron Head|spa|1\n|move|p2a: Iron Moth|Discharge|p1a: Clash at Iron Head\n|-damage|p1a: Clash at Iron Head|43\/100\n|\n|upkeep\n|turn|11\n|\n|t:|1700682581\n|move|p1a: Clash at Iron Head|Sludge Wave|p2a: Iron Moth\n|-resisted|p2a: Iron Moth\n|-crit|p2a: Iron Moth\n|-damage|p2a: Iron Moth|0 fnt\n|faint|p2a: Iron Moth\n|-end|p2a: Iron Moth|Quark Drive|[silent]\n|\n|upkeep\n|\n|t:|1700682586\n|switch|p2a: Iron Valiant|Iron Valiant|95\/100\n|turn|12\n|\n|t:|1700682596\n|-terastallize|p1a: Clash at Iron Head|Dark\n|move|p2a: Iron Valiant|Thunderbolt|p1a: Clash at Iron Head\n|-damage|p1a: Clash at Iron Head|13\/100\n|move|p1a: Clash at Iron Head|Sludge Wave|p2a: Iron Valiant\n|-supereffective|p2a: Iron Valiant\n|-damage|p2a: Iron Valiant|0 fnt\n|faint|p2a: Iron Valiant\n|-end|p2a: Iron Valiant|Quark Drive|[silent]\n|\n|upkeep\n|\n|t:|1700682605\n|switch|p2a: Forretress|Forretress, M, tera:Fire|68\/100\n|turn|13\n|\n|t:|1700682608\n|move|p1a: Clash at Iron Head|Sludge Wave|p2a: Forretress\n|-damage|p2a: Forretress|0 fnt\n|faint|p2a: Forretress\n|\n|upkeep\n|\n|t:|1700682611\n|switch|p2a: Iron Leaves|Iron Leaves|53\/100\n|turn|14\n|-message|rihimera forfeited.\n|\n|win|punkmag\n|raw|punkmag's rating: 1235 &rarr; <strong>1254<\/strong><br \/>(+19 for winning)\n|raw|rihimera's rating: 1146 &rarr; <strong>1127<\/strong><br \/>(-19 for losing)\n|l|\u2606rihimera\n","uploadtime":1700682627,"views":0,"p1id":"punkmag","p2id":"rihimera","formatid":"gen9ou","rating":1127,"private":0,"password":""}