{"id":"gen9ou-1994810738","p1":"Theimpactassault","p2":"Hashtag JagSwag","format":"[Gen 9] OU","log":"|j|\u2606Theimpactassault\n|j|\u2606Hashtag JagSwag\n|t:|1700494959\n|gametype|singles\n|player|p1|Theimpactassault|hilda|1459\n|player|p2|Hashtag JagSwag|1|1443\n|teamsize|p1|6\n|teamsize|p2|6\n|gen|9\n|tier|[Gen 9] OU\n|rated|\n|rule|Sleep Clause Mod: Limit one foe put to sleep\n|rule|Species Clause: Limit one of each Pok\u00e9mon\n|rule|OHKO Clause: OHKO moves are banned\n|rule|Evasion Items Clause: Evasion items are banned\n|rule|Evasion Moves Clause: Evasion moves are banned\n|rule|Endless Battle Clause: Forcing endless battles is banned\n|rule|HP Percentage Mod: HP is shown in percentages\n|clearpoke\n|poke|p1|Samurott-Hisui, M|\n|poke|p1|Arcanine-Hisui, M|\n|poke|p1|Corviknight, M|\n|poke|p1|Clodsire, M|\n|poke|p1|Forretress, M|\n|poke|p1|Meowscarada, F|\n|poke|p2|Garchomp, M|\n|poke|p2|Iron Moth|\n|poke|p2|Corviknight, M|\n|poke|p2|Ting-Lu|\n|poke|p2|Iron Valiant|\n|poke|p2|Ogerpon-Wellspring, F|\n|teampreview\n|\n|t:|1700494968\n|start\n|switch|p1a: Meowscarada|Meowscarada, F|100\/100\n|switch|p2a: Iron Moth|Iron Moth|100\/100\n|-enditem|p2a: Iron Moth|Booster Energy\n|-activate|p2a: Iron Moth|ability: Quark Drive|[fromitem]\n|-start|p2a: Iron Moth|quarkdrivespe\n|turn|1\n|\n|t:|1700494976\n|move|p1a: Meowscarada|U-turn|p2a: Iron Moth\n|-start|p1a: Meowscarada|typechange|Bug|[from] ability: Protean\n|-resisted|p2a: Iron Moth\n|-damage|p2a: Iron Moth|90\/100\n|\n|t:|1700494978\n|switch|p1a: Arcanine|Arcanine-Hisui, M|100\/100|[from] U-turn\n|move|p2a: Iron Moth|Fiery Dance|p1a: Arcanine\n|-resisted|p1a: Arcanine\n|-damage|p1a: Arcanine|89\/100\n|-boost|p2a: Iron Moth|spa|1\n|\n|upkeep\n|turn|2\n|\n|t:|1700494993\n|move|p2a: Iron Moth|Substitute|p2a: Iron Moth\n|-start|p2a: Iron Moth|Substitute\n|-damage|p2a: Iron Moth|65\/100\n|move|p1a: Arcanine|Head Smash|p2a: Iron Moth\n|-supereffective|p2a: Iron Moth\n|-end|p2a: Iron Moth|Substitute\n|\n|upkeep\n|turn|3\n|\n|t:|1700495002\n|-end|p2a: Iron Moth|Quark Drive|[silent]\n|switch|p2a: Corviknight|Corviknight, M|100\/100\n|-ability|p2a: Corviknight|Pressure\n|move|p1a: Arcanine|Head Smash|p2a: Corviknight\n|-damage|p2a: Corviknight|51\/100\n|-damage|p1a: Arcanine|72\/100|[from] item: Rocky Helmet|[of] p2a: Corviknight\n|\n|upkeep\n|turn|4\n|\n|t:|1700495023\n|switch|p1a: Corviknight|Corviknight, M|100\/100\n|-ability|p1a: Corviknight|Pressure\n|switch|p2a: Garchomp|Garchomp, M|100\/100\n|\n|upkeep\n|turn|5\n|\n|t:|1700495032\n|switch|p2a: Iron Moth|Iron Moth|65\/100\n|move|p1a: Corviknight|Substitute|p1a: Corviknight\n|-start|p1a: Corviknight|Substitute\n|-damage|p1a: Corviknight|75\/100\n|\n|-heal|p1a: Corviknight|82\/100|[from] item: Leftovers\n|upkeep\n|turn|6\n|\n|t:|1700495038\n|switch|p1a: Clodsire|Clodsire, M|100\/100\n|move|p2a: Iron Moth|Fiery Dance|p1a: Clodsire\n|-damage|p1a: Clodsire|80\/100\n|\n|-heal|p1a: Clodsire|86\/100|[from] item: Black Sludge\n|upkeep\n|turn|7\n|\n|t:|1700495049\n|-end|p2a: Iron Moth|Quark Drive|[silent]\n|switch|p2a: Ting-Lu|Ting-Lu|100\/100\n|-ability|p2a: Ting-Lu|Vessel of Ruin\n|switch|p1a: Samurott|Samurott-Hisui, M, shiny|100\/100\n|\n|upkeep\n|turn|8\n|\n|t:|1700495061\n|move|p1a: Samurott|Swords Dance|p1a: Samurott\n|-boost|p1a: Samurott|atk|2\n|move|p2a: Ting-Lu|Stealth Rock|p1a: Samurott\n|-sidestart|p1: Theimpactassault|move: Stealth Rock\n|\n|upkeep\n|turn|9\n|\n|t:|1700495063\n|-terastallize|p1a: Samurott|Water\n|move|p1a: Samurott|Razor Shell|p2a: Ting-Lu\n|-supereffective|p2a: Ting-Lu\n|-damage|p2a: Ting-Lu|0 fnt\n|faint|p2a: Ting-Lu\n|\n|upkeep\n|\n|t:|1700495073\n|switch|p2a: Ogerpon|Ogerpon-Wellspring, F|100\/100\n|turn|10\n|\n|t:|1700495079\n|switch|p1a: Forretress|Forretress, M|100\/100\n|move|p2a: Ogerpon|Power Whip|p1a: Forretress\n|-resisted|p1a: Forretress\n|-damage|p1a: Forretress|90\/100\n|\n|upkeep\n|turn|11\n|\n|t:|1700495084\n|-terastallize|p2a: Ogerpon|Water\n|detailschange|p2a: Ogerpon|Ogerpon-Wellspring-Tera, F, tera:Water\n|-ability|p2a: Ogerpon|Embody Aspect (Wellspring)|boost\n|-boost|p2a: Ogerpon|spd|1\n|move|p2a: Ogerpon|Ivy Cudgel|p1a: Forretress|[anim] Ivy Cudgel Water\n|-damage|p1a: Forretress|50\/100\n|move|p1a: Forretress|Rapid Spin|p2a: Ogerpon\n|-damage|p2a: Ogerpon|86\/100\n|-boost|p1a: Forretress|spe|1\n|-sideend|p1: Theimpactassault|Stealth Rock|[from] move: Rapid Spin|[of] p1a: Forretress\n|\n|upkeep\n|turn|12\n|\n|t:|1700495093\n|switch|p1a: Clodsire|Clodsire, M|86\/100\n|move|p2a: Ogerpon|Ivy Cudgel|p1a: Clodsire|[anim] Ivy Cudgel Water\n|-heal|p1a: Clodsire|100\/100|[from] ability: Water Absorb|[of] p2a: Ogerpon\n|\n|upkeep\n|turn|13\n|\n|t:|1700495102\n|switch|p2a: Garchomp|Garchomp, M|100\/100\n|move|p1a: Clodsire|Toxic|p2a: Garchomp\n|-status|p2a: Garchomp|tox\n|\n|-damage|p2a: Garchomp|94\/100 tox|[from] psn\n|upkeep\n|turn|14\n|\n|t:|1700495110\n|switch|p2a: Iron Moth|Iron Moth|65\/100\n|switch|p1a: Corviknight|Corviknight, M|82\/100\n|-ability|p1a: Corviknight|Pressure\n|\n|-heal|p1a: Corviknight|88\/100|[from] item: Leftovers\n|upkeep\n|turn|15\n|\n|t:|1700495118\n|switch|p1a: Clodsire|Clodsire, M|100\/100\n|move|p2a: Iron Moth|Energy Ball|p1a: Clodsire\n|-damage|p1a: Clodsire|84\/100\n|\n|-heal|p1a: Clodsire|90\/100|[from] item: Black Sludge\n|upkeep\n|turn|16\n|\n|t:|1700495130\n|-end|p2a: Iron Moth|Quark Drive|[silent]\n|switch|p2a: Garchomp|Garchomp, M|94\/100 tox\n|move|p1a: Clodsire|Earthquake|p2a: Garchomp\n|-damage|p2a: Garchomp|67\/100 tox\n|\n|-heal|p1a: Clodsire|96\/100|[from] item: Black Sludge\n|-damage|p2a: Garchomp|61\/100 tox|[from] psn\n|upkeep\n|turn|17\n|\n|t:|1700495143\n|move|p1a: Clodsire|Protect|p1a: Clodsire\n|-singleturn|p1a: Clodsire|Protect\n|move|p2a: Garchomp|Earthquake|p1a: Clodsire\n|-activate|p1a: Clodsire|move: Protect\n|\n|-heal|p1a: Clodsire|100\/100|[from] item: Black Sludge\n|-damage|p2a: Garchomp|49\/100 tox|[from] psn\n|upkeep\n|turn|18\n|\n|t:|1700495150\n|switch|p2a: Iron Valiant|Iron Valiant|100\/100\n|-enditem|p2a: Iron Valiant|Booster Energy\n|-activate|p2a: Iron Valiant|ability: Quark Drive|[fromitem]\n|-start|p2a: Iron Valiant|quarkdrivespe\n|switch|p1a: Corviknight|Corviknight, M|88\/100\n|-ability|p1a: Corviknight|Pressure\n|\n|-heal|p1a: Corviknight|94\/100|[from] item: Leftovers\n|upkeep\n|turn|19\n|\n|t:|1700495160\n|switch|p1a: Clodsire|Clodsire, M|100\/100\n|move|p2a: Iron Valiant|Thunderbolt|p1a: Clodsire\n|-immune|p1a: Clodsire\n|\n|upkeep\n|turn|20\n|\n|t:|1700495169\n|move|p2a: Iron Valiant|Shadow Ball|p1a: Clodsire\n|-damage|p1a: Clodsire|86\/100\n|move|p1a: Clodsire|Toxic|p2a: Iron Valiant\n|-status|p2a: Iron Valiant|tox\n|\n|-heal|p1a: Clodsire|93\/100|[from] item: Black Sludge\n|-damage|p2a: Iron Valiant|94\/100 tox|[from] psn\n|upkeep\n|turn|21\n|\n|t:|1700495177\n|-end|p2a: Iron Valiant|Quark Drive|[silent]\n|switch|p2a: Garchomp|Garchomp, M|49\/100 tox\n|move|p1a: Clodsire|Earthquake|p2a: Garchomp\n|-damage|p2a: Garchomp|21\/100 tox\n|\n|-heal|p1a: Clodsire|99\/100|[from] item: Black Sludge\n|-damage|p2a: Garchomp|15\/100 tox|[from] psn\n|upkeep\n|turn|22\n|-message|Hashtag JagSwag forfeited.\n|\n|win|Theimpactassault\n|raw|Theimpactassault's rating: 1459 &rarr; <strong>1478<\/strong><br \/>(+19 for winning)\n|raw|Hashtag JagSwag's rating: 1443 &rarr; <strong>1424<\/strong><br \/>(-19 for losing)\n|l|\u2606Hashtag JagSwag\n","uploadtime":1700495195,"views":5,"p1id":"theimpactassault","p2id":"hashtagjagswag","formatid":"gen9ou","rating":1424,"private":0,"password":""}