{"id":"gen9ou-1989563019","p1":"jhuygukhl","p2":"onlyironuser","format":"[Gen 9] OU","log":"|j|\u2606jhuygukhl\n|j|\u2606onlyironuser\n|t:|1699871808\n|gametype|singles\n|player|p1|jhuygukhl|169|1000\n|player|p2|onlyironuser|wattson|1000\n|teamsize|p1|6\n|teamsize|p2|6\n|gen|9\n|tier|[Gen 9] OU\n|rated|\n|rule|Sleep Clause Mod: Limit one foe put to sleep\n|rule|Species Clause: Limit one of each Pok\u00e9mon\n|rule|OHKO Clause: OHKO moves are banned\n|rule|Evasion Items Clause: Evasion items are banned\n|rule|Evasion Moves Clause: Evasion moves are banned\n|rule|Endless Battle Clause: Forcing endless battles is banned\n|rule|HP Percentage Mod: HP is shown in percentages\n|clearpoke\n|poke|p1|Clefable, M|\n|poke|p1|Dondozo, F|\n|poke|p1|Tornadus-Therian, M|\n|poke|p1|Toxapex, F|\n|poke|p1|Blissey, F|\n|poke|p1|Gastrodon, M|\n|poke|p2|Torkoal, M|\n|poke|p2|Meloetta|\n|poke|p2|Jirachi|\n|poke|p2|Greninja-*, M|\n|poke|p2|Typhlosion-Hisui, F|\n|poke|p2|Pelipper, F|\n|teampreview\n|inactive|Battle timer is ON: inactive players will automatically lose when time's up. (requested by onlyironuser)\n|\n|t:|1699871811\n|start\n|switch|p1a: Flying Dutchman|Tornadus-Therian, M|100\/100\n|switch|p2a: Meloetta|Meloetta|100\/100\n|turn|1\n|\n|t:|1699871814\n|move|p2a: Meloetta|Relic Song|p1a: Flying Dutchman\n|-damage|p1a: Flying Dutchman|57\/100\n|-formechange|p2a: Meloetta|Meloetta-Pirouette|[msg]\n|move|p1a: Flying Dutchman|Knock Off|p2a: Meloetta\n|-resisted|p2a: Meloetta\n|-damage|p2a: Meloetta|90\/100\n|-enditem|p2a: Meloetta|Choice Scarf|[from] move: Knock Off|[of] p1a: Flying Dutchman\n|\n|upkeep\n|turn|2\n|\n|t:|1699871823\n|switch|p1a: Apex Predator|Toxapex, F|100\/100\n|move|p2a: Meloetta|Relic Song|p1a: Apex Predator\n|-damage|p1a: Apex Predator|84\/100\n|-formechange|p2a: Meloetta|Meloetta|[msg]\n|\n|upkeep\n|turn|3\n|\n|t:|1699871832\n|move|p2a: Meloetta|Relic Song|p1a: Apex Predator\n|-damage|p1a: Apex Predator|59\/100\n|-formechange|p2a: Meloetta|Meloetta-Pirouette|[msg]\n|move|p1a: Apex Predator|Toxic|p2a: Meloetta\n|-status|p2a: Meloetta|tox\n|\n|-damage|p2a: Meloetta|83\/100 tox|[from] psn\n|upkeep\n|turn|4\n|\n|t:|1699871840\n|switch|p1a: Flying Dutchman|Tornadus-Therian, M|90\/100\n|move|p2a: Meloetta|Relic Song|p1a: Flying Dutchman\n|-damage|p1a: Flying Dutchman|58\/100\n|-formechange|p2a: Meloetta|Meloetta|[msg]\n|\n|-damage|p2a: Meloetta|71\/100 tox|[from] psn\n|upkeep\n|turn|5\n|\n|t:|1699871848\n|move|p1a: Flying Dutchman|U-turn|p2a: Meloetta\n|-supereffective|p2a: Meloetta\n|-damage|p2a: Meloetta|36\/100 tox\n|\n|t:|1699871852\n|switch|p1a: G\u00f6tterd\u00e4mmerung|Blissey, F|100\/100|[from] U-turn\n|move|p2a: Meloetta|Relic Song|p1a: G\u00f6tterd\u00e4mmerung\n|-damage|p1a: G\u00f6tterd\u00e4mmerung|90\/100\n|-formechange|p2a: Meloetta|Meloetta-Pirouette|[msg]\n|\n|-damage|p2a: Meloetta|18\/100 tox|[from] psn\n|upkeep\n|turn|6\n|\n|t:|1699871860\n|move|p1a: G\u00f6tterd\u00e4mmerung|Protect|p1a: G\u00f6tterd\u00e4mmerung\n|-singleturn|p1a: G\u00f6tterd\u00e4mmerung|Protect\n|move|p2a: Meloetta|Psyshock|p1a: G\u00f6tterd\u00e4mmerung\n|-activate|p1a: G\u00f6tterd\u00e4mmerung|move: Protect\n|\n|-damage|p2a: Meloetta|0 fnt|[from] psn\n|faint|p2a: Meloetta\n|upkeep\n|\n|t:|1699871866\n|switch|p2a: Jirachi|Jirachi|100\/100\n|turn|7\n|\n|t:|1699871873\n|switch|p1a: Landkreuzer|Gastrodon, M|100\/100\n|move|p2a: Jirachi|Ice Punch|p1a: Landkreuzer\n|-damage|p1a: Landkreuzer|85\/100\n|\n|upkeep\n|turn|8\n|\n|t:|1699871887\n|move|p2a: Jirachi|Ice Punch|p1a: Landkreuzer\n|-damage|p1a: Landkreuzer|68\/100\n|move|p1a: Landkreuzer|Earth Power|p2a: Jirachi\n|-supereffective|p2a: Jirachi\n|-damage|p2a: Jirachi|39\/100\n|\n|upkeep\n|turn|9\n|\n|t:|1699871916\n|move|p2a: Jirachi|Ice Punch|p1a: Landkreuzer\n|-damage|p1a: Landkreuzer|53\/100\n|move|p1a: Landkreuzer|Recover|p1a: Landkreuzer\n|-heal|p1a: Landkreuzer|100\/100\n|\n|upkeep\n|turn|10\n|\n|t:|1699871921\n|move|p2a: Jirachi|Ice Punch|p1a: Landkreuzer\n|-damage|p1a: Landkreuzer|84\/100\n|move|p1a: Landkreuzer|Earth Power|p2a: Jirachi\n|-supereffective|p2a: Jirachi\n|-damage|p2a: Jirachi|0 fnt\n|faint|p2a: Jirachi\n|\n|upkeep\n|\n|t:|1699871925\n|switch|p2a: Torkoal|Torkoal, M|100\/100\n|-weather|SunnyDay|[from] ability: Drought|[of] p2a: Torkoal\n|turn|11\n|c|\u2606jhuygukhl|fishing for freezes, huh?\n|\n|t:|1699871937\n|switch|p1a: Apex Predator|Toxapex, F|93\/100\n|move|p2a: Torkoal|Yawn|p1a: Apex Predator\n|-start|p1a: Apex Predator|move: Yawn|[of] p2a: Torkoal\n|\n|-weather|SunnyDay|[upkeep]\n|upkeep\n|turn|12\n|\n|t:|1699871944\n|switch|p1a: Flying Dutchman|Tornadus-Therian, M|91\/100\n|switch|p2a: Typhlosion|Typhlosion-Hisui, F|100\/100\n|-item|p1a: Flying Dutchman|Heavy-Duty Boots|[from] ability: Frisk|[of] p2a: Typhlosion|[identify]\n|\n|-weather|SunnyDay|[upkeep]\n|upkeep\n|turn|13\n|\n|t:|1699871952\n|-terastallize|p2a: Typhlosion|Fire\n|move|p2a: Typhlosion|Eruption|p1a: Flying Dutchman\n|-damage|p1a: Flying Dutchman|0 fnt\n|faint|p1a: Flying Dutchman\n|\n|-weather|SunnyDay|[upkeep]\n|upkeep\n|\n|t:|1699871961\n|switch|p1a: Apex Predator|Toxapex, F|100\/100\n|turn|14\n|\n|t:|1699871964\n|move|p2a: Typhlosion|Eruption|p1a: Apex Predator\n|-resisted|p1a: Apex Predator\n|-damage|p1a: Apex Predator|55\/100\n|move|p1a: Apex Predator|Toxic|p2a: Typhlosion\n|-status|p2a: Typhlosion|tox\n|\n|-weather|SunnyDay|[upkeep]\n|-damage|p2a: Typhlosion|95\/100 tox|[from] psn\n|upkeep\n|turn|15\n|\n|t:|1699871968\n|move|p2a: Typhlosion|Eruption|p1a: Apex Predator\n|-resisted|p1a: Apex Predator\n|-damage|p1a: Apex Predator|14\/100\n|move|p1a: Apex Predator|Recover|p1a: Apex Predator\n|-heal|p1a: Apex Predator|64\/100\n|\n|-weather|SunnyDay|[upkeep]\n|-damage|p2a: Typhlosion|83\/100 tox|[from] psn\n|upkeep\n|turn|16\n|\n|t:|1699871975\n|switch|p2a: Pelipper|Pelipper, F|100\/100\n|-weather|RainDance|[from] ability: Drizzle|[of] p2a: Pelipper\n|switch|p1a: G\u00f6tterd\u00e4mmerung|Blissey, F|90\/100\n|\n|-weather|RainDance|[upkeep]\n|upkeep\n|turn|17\n|\n|t:|1699871981\n|switch|p1a: Apex Predator|Toxapex, F|98\/100\n|move|p2a: Pelipper|U-turn|p1a: Apex Predator\n|-resisted|p1a: Apex Predator\n|-damage|p1a: Apex Predator|94\/100\n|\n|t:|1699871986\n|switch|p2a: Greninja|Greninja, M|100\/100|[from] U-turn\n|\n|-weather|RainDance|[upkeep]\n|upkeep\n|turn|18\n|\n|t:|1699871990\n|move|p2a: Greninja|Grass Knot|p1a: Apex Predator\n|-damage|p1a: Apex Predator|85\/100\n|move|p1a: Apex Predator|Toxic|p2a: Greninja\n|-status|p2a: Greninja|tox\n|\n|-weather|RainDance|[upkeep]\n|-damage|p2a: Greninja|95\/100 tox|[from] psn\n|upkeep\n|turn|19\n|-message|onlyironuser forfeited.\n|\n|win|jhuygukhl\n|raw|jhuygukhl's rating: 1000 &rarr; <strong>1040<\/strong><br \/>(+40 for winning)\n|raw|onlyironuser's rating: 1000 &rarr; <strong>1000<\/strong><br \/>(+0 for losing)\n|l|\u2606onlyironuser\n|c|\u2606jhuygukhl|GG\n|c|\u2606jhuygukhl|GG MR FREEZE FISHERMAN\n","uploadtime":1699872006,"views":7,"p1id":"jhuygukhl","p2id":"onlyironuser","formatid":"gen9ou","rating":1000,"private":0,"password":""}