{"id":"gen9ou-1990584055","p1":"LoopiOne","p2":"ahjjs","format":"[Gen 9] OU","log":"|j|\u2606LoopiOne\n|j|\u2606ahjjs\n|t:|1699983407\n|gametype|singles\n|player|p1|LoopiOne|169|1253\n|player|p2|ahjjs|170|1309\n|teamsize|p1|6\n|teamsize|p2|6\n|gen|9\n|tier|[Gen 9] OU\n|rated|\n|rule|Sleep Clause Mod: Limit one foe put to sleep\n|rule|Species Clause: Limit one of each Pok\u00e9mon\n|rule|OHKO Clause: OHKO moves are banned\n|rule|Evasion Items Clause: Evasion items are banned\n|rule|Evasion Moves Clause: Evasion moves are banned\n|rule|Endless Battle Clause: Forcing endless battles is banned\n|rule|HP Percentage Mod: HP is shown in percentages\n|clearpoke\n|poke|p1|Blissey, F|\n|poke|p1|Kingambit, F|\n|poke|p1|Dragapult, F|\n|poke|p1|Great Tusk|\n|poke|p1|Gholdengo|\n|poke|p1|Ogerpon-Wellspring, F|\n|poke|p2|Landorus-Therian, M|\n|poke|p2|Kingambit, F|\n|poke|p2|Ogerpon-Wellspring, F|\n|poke|p2|Alomomola, M|\n|poke|p2|Toxapex, M|\n|poke|p2|Gholdengo|\n|teampreview\n|inactive|Battle timer is ON: inactive players will automatically lose when time's up. (requested by ahjjs)\n|\n|t:|1699983430\n|start\n|switch|p1a: Ogerpon|Ogerpon-Wellspring, F|100\/100\n|switch|p2a: Ogerpon|Ogerpon-Wellspring, F|100\/100\n|turn|1\n|\n|t:|1699983454\n|move|p2a: Ogerpon|Spikes|p1a: Ogerpon\n|-sidestart|p1: LoopiOne|Spikes\n|move|p1a: Ogerpon|Swords Dance|p1a: Ogerpon\n|-boost|p1a: Ogerpon|atk|2\n|\n|upkeep\n|turn|2\n|\n|t:|1699983461\n|move|p1a: Ogerpon|Wood Hammer|p2a: Ogerpon\n|-damage|p2a: Ogerpon|0 fnt\n|faint|p2a: Ogerpon\n|-damage|p1a: Ogerpon|68\/100|[from] Recoil\n|\n|upkeep\n|\n|t:|1699983468\n|switch|p2a: Landorus|Landorus-Therian, M|100\/100\n|-ability|p2a: Landorus|Intimidate|boost\n|-unboost|p1a: Ogerpon|atk|1\n|turn|3\n|\n|t:|1699983476\n|switch|p2a: Alomomola|Alomomola, M|100\/100\n|move|p1a: Ogerpon|Ivy Cudgel|p2a: Alomomola|[anim] Ivy Cudgel Water\n|-resisted|p2a: Alomomola\n|-damage|p2a: Alomomola|77\/100\n|\n|upkeep\n|turn|4\n|\n|t:|1699983490\n|switch|p2a: Landorus|Landorus-Therian, M|100\/100\n|-ability|p2a: Landorus|Intimidate|boost\n|-unboost|p1a: Ogerpon|atk|1\n|move|p1a: Ogerpon|Swords Dance|p1a: Ogerpon\n|-boost|p1a: Ogerpon|atk|2\n|\n|upkeep\n|turn|5\n|\n|t:|1699983501\n|move|p1a: Ogerpon|Wood Hammer|p2a: Landorus\n|-damage|p2a: Landorus|9\/100\n|-damage|p1a: Ogerpon|51\/100|[from] item: Rocky Helmet|[of] p2a: Landorus\n|-damage|p1a: Ogerpon|13\/100|[from] Recoil\n|move|p2a: Landorus|U-turn|p1a: Ogerpon\n|-supereffective|p1a: Ogerpon\n|-damage|p1a: Ogerpon|0 fnt\n|faint|p1a: Ogerpon\n|\n|t:|1699983514\n|switch|p2a: Gholdengo|Gholdengo|100\/100|[from] U-turn\n|\n|upkeep\n|\n|t:|1699983523\n|switch|p1a: Kingambit|Kingambit, F|100\/100\n|-damage|p1a: Kingambit|88\/100|[from] Spikes\n|-activate|p1a: Kingambit|ability: Supreme Overlord\n|-start|p1a: Kingambit|fallen1|[silent]\n|turn|6\n|\n|t:|1699983534\n|move|p2a: Gholdengo|Trick|p1a: Kingambit\n|-activate|p2a: Gholdengo|move: Trick|[of] p1a: Kingambit\n|-item|p1a: Kingambit|Choice Scarf|[from] move: Trick\n|-item|p2a: Gholdengo|White Herb|[from] move: Trick\n|move|p1a: Kingambit|Swords Dance|p1a: Kingambit\n|-boost|p1a: Kingambit|atk|2\n|\n|upkeep\n|turn|7\n|\n|t:|1699983555\n|-end|p1a: Kingambit|fallen1|[silent]\n|switch|p1a: Blissey|Blissey, F|100\/100\n|-damage|p1a: Blissey|88\/100|[from] Spikes\n|move|p2a: Gholdengo|Shadow Ball|p1a: Blissey\n|-immune|p1a: Blissey\n|\n|-heal|p1a: Blissey|94\/100|[from] item: Leftovers\n|upkeep\n|turn|8\n|\n|t:|1699983563\n|switch|p2a: Toxapex|Toxapex, M|100\/100\n|move|p1a: Blissey|Stealth Rock|p2a: Toxapex\n|-sidestart|p2: ahjjs|move: Stealth Rock\n|\n|-heal|p1a: Blissey|99\/100|[from] item: Leftovers\n|upkeep\n|turn|9\n|\n|t:|1699983572\n|move|p1a: Blissey|Thunder Wave|p2a: Toxapex\n|-status|p2a: Toxapex|par\n|move|p2a: Toxapex|Toxic|p1a: Blissey\n|-status|p1a: Blissey|tox\n|\n|-heal|p1a: Blissey|100\/100 tox|[from] item: Leftovers\n|-damage|p1a: Blissey|94\/100 tox|[from] psn\n|upkeep\n|turn|10\n|\n|t:|1699983584\n|-curestatus|p1a: Blissey|tox|[from] ability: Natural Cure\n|switch|p1a: Great Tusk|Great Tusk|100\/100\n|-damage|p1a: Great Tusk|88\/100|[from] Spikes\n|switch|p2a: Alomomola|Alomomola, M|100\/100\n|\n|upkeep\n|turn|11\n|\n|t:|1699983593\n|-end|p1a: Great Tusk|Protosynthesis|[silent]\n|switch|p1a: Blissey|Blissey, F|94\/100\n|-damage|p1a: Blissey|82\/100|[from] Spikes\n|move|p2a: Alomomola|Whirlpool|p1a: Blissey\n|-damage|p1a: Blissey|79\/100\n|-activate|p1a: Blissey|move: Whirlpool|[of] p2a: Alomomola\n|\n|-heal|p1a: Blissey|86\/100|[from] item: Leftovers\n|-damage|p1a: Blissey|73\/100|[from] move: Whirlpool|[partiallytrapped]\n|upkeep\n|turn|12\n|\n|t:|1699983603\n|move|p1a: Blissey|Thunder Wave|p2a: Alomomola\n|-status|p2a: Alomomola|par\n|move|p2a: Alomomola|Flip Turn|p1a: Blissey\n|-damage|p1a: Blissey|59\/100\n|\n|t:|1699983609\n|switch|p2a: Toxapex|Toxapex, M|100\/100 par|[from] Flip Turn\n|-damage|p2a: Toxapex|88\/100 par|[from] Stealth Rock\n|\n|-heal|p1a: Blissey|66\/100|[from] item: Leftovers\n|-heal|p2a: Toxapex|94\/100 par|[from] item: Leftovers\n|-end|p1a: Blissey|Whirlpool|[partiallytrapped]|[silent]\n|upkeep\n|turn|13\n|\n|t:|1699983619\n|move|p1a: Blissey|Soft-Boiled|p1a: Blissey\n|-heal|p1a: Blissey|100\/100\n|cant|p2a: Toxapex|par\n|\n|-heal|p2a: Toxapex|100\/100 par|[from] item: Leftovers\n|upkeep\n|turn|14\n|\n|t:|1699983630\n|move|p1a: Blissey|Seismic Toss|p2a: Toxapex\n|-damage|p2a: Toxapex|68\/100 par\n|cant|p2a: Toxapex|par\n|\n|-heal|p2a: Toxapex|74\/100 par|[from] item: Leftovers\n|upkeep\n|turn|15\n|\n|t:|1699983640\n|move|p1a: Blissey|Seismic Toss|p2a: Toxapex\n|-damage|p2a: Toxapex|41\/100 par\n|move|p2a: Toxapex|Toxic|p1a: Blissey\n|-status|p1a: Blissey|tox\n|\n|-heal|p2a: Toxapex|47\/100 par|[from] item: Leftovers\n|-damage|p1a: Blissey|94\/100 tox|[from] psn\n|upkeep\n|turn|16\n|\n|t:|1699983652\n|-curestatus|p1a: Blissey|tox|[from] ability: Natural Cure\n|switch|p1a: Kingambit|Kingambit, F|88\/100\n|-damage|p1a: Kingambit|76\/100|[from] Spikes\n|-activate|p1a: Kingambit|ability: Supreme Overlord\n|-start|p1a: Kingambit|fallen1|[silent]\n|switch|p2a: Alomomola|Alomomola, M|100\/100 par\n|\n|upkeep\n|turn|17\n|\n|t:|1699983669\n|move|p1a: Kingambit|Kowtow Cleave|p2a: Alomomola\n|-damage|p2a: Alomomola|70\/100 par\n|cant|p2a: Alomomola|par\n|\n|upkeep\n|turn|18\n|\n|t:|1699983674\n|move|p1a: Kingambit|Kowtow Cleave|p2a: Alomomola\n|-damage|p2a: Alomomola|42\/100 par\n|move|p2a: Alomomola|Flip Turn|p1a: Kingambit\n|-damage|p1a: Kingambit|63\/100\n|\n|t:|1699983684\n|switch|p2a: Kingambit|Kingambit, F|100\/100|[from] Flip Turn\n|-activate|p2a: Kingambit|ability: Supreme Overlord\n|-start|p2a: Kingambit|fallen1|[silent]\n|\n|upkeep\n|turn|19\n|\n|t:|1699983693\n|-end|p1a: Kingambit|fallen1|[silent]\n|switch|p1a: Great Tusk|Great Tusk|88\/100\n|-damage|p1a: Great Tusk|76\/100|[from] Spikes\n|move|p2a: Kingambit|Kowtow Cleave|p1a: Great Tusk\n|-resisted|p1a: Great Tusk\n|-damage|p1a: Great Tusk|60\/100\n|\n|upkeep\n|turn|20\n|\n|t:|1699983702\n|-end|p2a: Kingambit|fallen1|[silent]\n|switch|p2a: Alomomola|Alomomola, M|75\/100 par\n|move|p1a: Great Tusk|Rapid Spin|p2a: Alomomola\n|-damage|p2a: Alomomola|66\/100 par\n|-boost|p1a: Great Tusk|spe|1\n|-sideend|p1: LoopiOne|Spikes|[from] move: Rapid Spin|[of] p1a: Great Tusk\n|\n|upkeep\n|turn|21\n|\n|t:|1699983720\n|-end|p1a: Great Tusk|Protosynthesis|[silent]\n|switch|p1a: Blissey|Blissey, F|94\/100\n|move|p2a: Alomomola|Whirlpool|p1a: Blissey|[miss]\n|-miss|p2a: Alomomola|p1a: Blissey\n|\n|-heal|p1a: Blissey|100\/100|[from] item: Leftovers\n|upkeep\n|turn|22\n|\n|t:|1699983728\n|move|p1a: Blissey|Seismic Toss|p2a: Alomomola\n|-damage|p2a: Alomomola|47\/100 par\n|move|p2a: Alomomola|Whirlpool|p1a: Blissey|[miss]\n|-miss|p2a: Alomomola|p1a: Blissey\n|\n|upkeep\n|turn|23\n|\n|t:|1699983734\n|move|p1a: Blissey|Seismic Toss|p2a: Alomomola\n|-damage|p2a: Alomomola|29\/100 par\n|move|p2a: Alomomola|Wish|p2a: Alomomola\n|\n|upkeep\n|turn|24\n|\n|t:|1699983740\n|move|p2a: Alomomola|Protect|p2a: Alomomola\n|-singleturn|p2a: Alomomola|Protect\n|move|p1a: Blissey|Seismic Toss|p2a: Alomomola\n|-activate|p2a: Alomomola|move: Protect\n|\n|-heal|p2a: Alomomola|79\/100 par|[from] move: Wish|[wisher] Alomomola\n|upkeep\n|turn|25\n|\n|t:|1699983754\n|move|p1a: Blissey|Seismic Toss|p2a: Alomomola\n|-damage|p2a: Alomomola|60\/100 par\n|cant|p2a: Alomomola|par\n|\n|upkeep\n|turn|26\n|\n|t:|1699983760\n|move|p1a: Blissey|Seismic Toss|p2a: Alomomola\n|-damage|p2a: Alomomola|41\/100 par\n|move|p2a: Alomomola|Whirlpool|p1a: Blissey\n|-damage|p1a: Blissey|98\/100\n|-activate|p1a: Blissey|move: Whirlpool|[of] p2a: Alomomola\n|\n|-heal|p1a: Blissey|100\/100|[from] item: Leftovers\n|-damage|p1a: Blissey|88\/100|[from] move: Whirlpool|[partiallytrapped]\n|upkeep\n|turn|27\n|\n|t:|1699983769\n|move|p1a: Blissey|Seismic Toss|p2a: Alomomola\n|-damage|p2a: Alomomola|22\/100 par\n|cant|p2a: Alomomola|par\n|\n|-heal|p1a: Blissey|94\/100|[from] item: Leftovers\n|-damage|p1a: Blissey|82\/100|[from] move: Whirlpool|[partiallytrapped]\n|upkeep\n|turn|28\n|\n|t:|1699983776\n|move|p1a: Blissey|Seismic Toss|p2a: Alomomola\n|-damage|p2a: Alomomola|4\/100 par\n|move|p2a: Alomomola|Wish|p2a: Alomomola\n|\n|-heal|p1a: Blissey|88\/100|[from] item: Leftovers\n|-damage|p1a: Blissey|75\/100|[from] move: Whirlpool|[partiallytrapped]\n|upkeep\n|turn|29\n|\n|t:|1699983785\n|move|p2a: Alomomola|Protect|p2a: Alomomola\n|-singleturn|p2a: Alomomola|Protect\n|move|p1a: Blissey|Seismic Toss|p2a: Alomomola\n|-activate|p2a: Alomomola|move: Protect\n|\n|-heal|p2a: Alomomola|54\/100 par|[from] move: Wish|[wisher] Alomomola\n|-heal|p1a: Blissey|82\/100|[from] item: Leftovers\n|-damage|p1a: Blissey|69\/100|[from] move: Whirlpool|[partiallytrapped]\n|upkeep\n|turn|30\n|\n|t:|1699983795\n|move|p1a: Blissey|Seismic Toss|p2a: Alomomola\n|-damage|p2a: Alomomola|35\/100 par\n|move|p2a: Alomomola|Wish|p2a: Alomomola\n|\n|-heal|p1a: Blissey|75\/100|[from] item: Leftovers\n|-damage|p1a: Blissey|63\/100|[from] move: Whirlpool|[partiallytrapped]\n|upkeep\n|turn|31\n|\n|t:|1699983803\n|move|p1a: Blissey|Soft-Boiled|p1a: Blissey\n|-heal|p1a: Blissey|100\/100\n|move|p2a: Alomomola|Whirlpool|p1a: Blissey\n|-damage|p1a: Blissey|98\/100\n|\n|-heal|p2a: Alomomola|85\/100 par|[from] move: Wish|[wisher] Alomomola\n|-heal|p1a: Blissey|100\/100|[from] item: Leftovers\n|-end|p1a: Blissey|Whirlpool|[partiallytrapped]\n|upkeep\n|turn|32\n|\n|t:|1699983812\n|switch|p1a: Gholdengo|Gholdengo|100\/100\n|-item|p1a: Gholdengo|Air Balloon\n|move|p2a: Alomomola|Whirlpool|p1a: Gholdengo\n|-damage|p1a: Gholdengo|95\/100\n|-activate|p1a: Gholdengo|move: Whirlpool|[of] p2a: Alomomola\n|-enditem|p1a: Gholdengo|Air Balloon\n|\n|-damage|p1a: Gholdengo|82\/100|[from] move: Whirlpool|[partiallytrapped]\n|upkeep\n|turn|33\n|\n|t:|1699983824\n|move|p1a: Gholdengo|Nasty Plot|p1a: Gholdengo\n|-boost|p1a: Gholdengo|spa|2\n|cant|p2a: Alomomola|par\n|\n|-damage|p1a: Gholdengo|70\/100|[from] move: Whirlpool|[partiallytrapped]\n|upkeep\n|turn|34\n|\n|t:|1699983831\n|switch|p2a: Toxapex|Toxapex, M|80\/100 par\n|-damage|p2a: Toxapex|68\/100 par|[from] Stealth Rock\n|move|p1a: Gholdengo|Shadow Ball|p2a: Toxapex\n|-damage|p2a: Toxapex|20\/100 par\n|\n|-heal|p2a: Toxapex|26\/100 par|[from] item: Leftovers\n|-end|p1a: Gholdengo|Whirlpool|[partiallytrapped]|[silent]\n|upkeep\n|turn|35\n|\n|t:|1699983847\n|switch|p2a: Landorus|Landorus-Therian, M|9\/100\n|-damage|p2a: Landorus|0 fnt|[from] Stealth Rock\n|faint|p2a: Landorus\n|move|p1a: Gholdengo|Shadow Ball|p2: Landorus|[notarget]\n|-fail|p1a: Gholdengo\n|\n|upkeep\n|\n|t:|1699983861\n|switch|p2a: Gholdengo|Gholdengo|100\/100\n|-damage|p2a: Gholdengo|94\/100|[from] Stealth Rock\n|turn|36\n|\n|t:|1699983870\n|switch|p1a: Blissey|Blissey, F|100\/100\n|move|p2a: Gholdengo|Shadow Ball|p1a: Blissey\n|-immune|p1a: Blissey\n|\n|upkeep\n|turn|37\n|\n|t:|1699983880\n|switch|p2a: Alomomola|Alomomola, M|100\/100 par\n|switch|p1a: Gholdengo|Gholdengo|70\/100\n|\n|upkeep\n|turn|38\n|\n|t:|1699983886\n|move|p1a: Gholdengo|Nasty Plot|p1a: Gholdengo\n|-boost|p1a: Gholdengo|spa|2\n|move|p2a: Alomomola|Whirlpool|p1a: Gholdengo\n|-damage|p1a: Gholdengo|63\/100\n|-activate|p1a: Gholdengo|move: Whirlpool|[of] p2a: Alomomola\n|\n|-damage|p1a: Gholdengo|51\/100|[from] move: Whirlpool|[partiallytrapped]\n|upkeep\n|turn|39\n|\n|t:|1699983895\n|move|p1a: Gholdengo|Recover|p1a: Gholdengo\n|-heal|p1a: Gholdengo|100\/100\n|move|p2a: Alomomola|Wish|p2a: Alomomola\n|\n|-damage|p1a: Gholdengo|88\/100|[from] move: Whirlpool|[partiallytrapped]\n|upkeep\n|turn|40\n|\n|t:|1699983902\n|move|p1a: Gholdengo|Shadow Ball|p2a: Alomomola\n|-damage|p2a: Alomomola|0 fnt\n|faint|p2a: Alomomola\n|\n|-end|p1a: Gholdengo|Whirlpool|[partiallytrapped]|[silent]\n|upkeep\n|-message|ahjjs forfeited.\n|\n|win|LoopiOne\n|raw|LoopiOne's rating: 1253 &rarr; <strong>1282<\/strong><br \/>(+29 for winning)\n|raw|ahjjs's rating: 1309 &rarr; <strong>1286<\/strong><br \/>(-23 for losing)\n|l|\u2606ahjjs\n","uploadtime":1699983918,"views":5,"p1id":"loopione","p2id":"ahjjs","formatid":"gen9ou","rating":1282,"private":0,"password":""}