{"id":"gen9ou-1997121195","p1":"DaisyDice","p2":"TacobellBathroom24","format":"[Gen 9] OU","log":"|j|\u2606DaisyDice\n|j|\u2606TacobellBathroom24\n|t:|1700766635\n|gametype|singles\n|player|p1|DaisyDice|lady-gen4|1000\n|player|p2|TacobellBathroom24|2|1060\n|teamsize|p1|6\n|teamsize|p2|6\n|gen|9\n|tier|[Gen 9] OU\n|rated|\n|rule|Sleep Clause Mod: Limit one foe put to sleep\n|rule|Species Clause: Limit one of each Pok\u00e9mon\n|rule|OHKO Clause: OHKO moves are banned\n|rule|Evasion Items Clause: Evasion items are banned\n|rule|Evasion Moves Clause: Evasion moves are banned\n|rule|Endless Battle Clause: Forcing endless battles is banned\n|rule|HP Percentage Mod: HP is shown in percentages\n|clearpoke\n|poke|p1|Hatterene, F|\n|poke|p1|Garganacl, F|\n|poke|p1|Corviknight, M|\n|poke|p1|Dondozo, F|\n|poke|p1|Ting-Lu|\n|poke|p1|Weavile, M|\n|poke|p2|Rotom-Heat|\n|poke|p2|Jirachi|\n|poke|p2|Rillaboom, M|\n|poke|p2|Kommo-o, M|\n|poke|p2|Dondozo, M|\n|poke|p2|Grimmsnarl, M|\n|teampreview\n|\n|t:|1700766644\n|start\n|switch|p1a: Gino|Ting-Lu|100\/100\n|switch|p2a: Kommo-o|Kommo-o, M|100\/100\n|-ability|p1a: Gino|Vessel of Ruin\n|turn|1\n|\n|t:|1700766653\n|move|p2a: Kommo-o|Clangorous Soul|p2a: Kommo-o\n|-boost|p2a: Kommo-o|atk|1\n|-boost|p2a: Kommo-o|def|1\n|-boost|p2a: Kommo-o|spa|1\n|-boost|p2a: Kommo-o|spd|1\n|-boost|p2a: Kommo-o|spe|1\n|-damage|p2a: Kommo-o|68\/100\n|move|p1a: Gino|Stealth Rock|p2a: Kommo-o\n|-sidestart|p2: TacobellBathroom24|move: Stealth Rock\n|\n|-heal|p2a: Kommo-o|74\/100|[from] item: Leftovers\n|upkeep\n|turn|2\n|\n|t:|1700766665\n|move|p2a: Kommo-o|Drain Punch|p1a: Gino\n|-supereffective|p1a: Gino\n|-damage|p1a: Gino|38\/100\n|-heal|p2a: Kommo-o|100\/100|[from] drain|[of] p1a: Gino\n|move|p1a: Gino|Whirlwind|p2a: Kommo-o\n|drag|p2a: Grimmsnarl|Grimmsnarl, M|100\/100\n|-damage|p2a: Grimmsnarl|88\/100|[from] Stealth Rock\n|\n|-heal|p2a: Grimmsnarl|94\/100|[from] item: Leftovers\n|-heal|p1a: Gino|44\/100|[from] item: Leftovers\n|upkeep\n|turn|3\n|\n|t:|1700766678\n|move|p2a: Grimmsnarl|Play Rough|p1a: Gino\n|-supereffective|p1a: Gino\n|-damage|p1a: Gino|0 fnt\n|faint|p1a: Gino\n|\n|-heal|p2a: Grimmsnarl|99\/100|[from] item: Leftovers\n|upkeep\n|\n|t:|1700766691\n|switch|p1a: Ruther|Garganacl, F, shiny|100\/100\n|turn|4\n|\n|t:|1700766698\n|move|p2a: Grimmsnarl|Parting Shot|p1a: Ruther\n|-unboost|p1a: Ruther|atk|1\n|-unboost|p1a: Ruther|spa|1\n|\n|t:|1700766704\n|switch|p2a: Rillaboom|Rillaboom, M|100\/100|[from] Parting Shot\n|-damage|p2a: Rillaboom|88\/100|[from] Stealth Rock\n|-fieldstart|move: Grassy Terrain|[from] ability: Grassy Surge|[of] p2a: Rillaboom\n|-enditem|p2a: Rillaboom|Grassy Seed\n|-boost|p2a: Rillaboom|def|1|[from] item: Grassy Seed\n|move|p1a: Ruther|Salt Cure|p2a: Rillaboom\n|-damage|p2a: Rillaboom|82\/100\n|-start|p2a: Rillaboom|Salt Cure\n|\n|-heal|p2a: Rillaboom|88\/100|[from] Grassy Terrain\n|-damage|p2a: Rillaboom|76\/100|[from] Salt Cure\n|upkeep\n|turn|5\n|\n|t:|1700766724\n|switch|p1a: The Grandma|Hatterene, F, shiny|100\/100\n|move|p2a: Rillaboom|Swords Dance|p2a: Rillaboom\n|-boost|p2a: Rillaboom|atk|2\n|\n|-heal|p2a: Rillaboom|82\/100|[from] Grassy Terrain\n|-damage|p2a: Rillaboom|70\/100|[from] Salt Cure\n|upkeep\n|turn|6\n|\n|t:|1700766735\n|-terastallize|p1a: The Grandma|Fire\n|move|p2a: Rillaboom|Knock Off|p1a: The Grandma\n|-damage|p1a: The Grandma|44\/100\n|-enditem|p1a: The Grandma|Leftovers|[from] move: Knock Off|[of] p2a: Rillaboom\n|move|p1a: The Grandma|Mystical Fire|p2a: Rillaboom\n|-supereffective|p2a: Rillaboom\n|-damage|p2a: Rillaboom|0 fnt\n|faint|p2a: Rillaboom\n|\n|-heal|p1a: The Grandma|50\/100|[from] Grassy Terrain\n|upkeep\n|\n|t:|1700766742\n|switch|p2a: Dondozo|Dondozo, M, shiny|100\/100\n|-damage|p2a: Dondozo|88\/100|[from] Stealth Rock\n|turn|7\n|\n|t:|1700766756\n|switch|p1a: Spaghetti Chef|Dondozo, F, shiny|100\/100\n|move|p2a: Dondozo|Wave Crash|p1a: Spaghetti Chef\n|-resisted|p1a: Spaghetti Chef\n|-damage|p1a: Spaghetti Chef|91\/100\n|-damage|p2a: Dondozo|85\/100|[from] Recoil\n|\n|-heal|p2a: Dondozo|91\/100|[from] Grassy Terrain\n|-heal|p1a: Spaghetti Chef|97\/100|[from] Grassy Terrain\n|-heal|p2a: Dondozo|97\/100|[from] item: Leftovers\n|-heal|p1a: Spaghetti Chef|100\/100|[from] item: Leftovers\n|upkeep\n|turn|8\n|\n|t:|1700766772\n|move|p2a: Dondozo|Body Press|p1a: Spaghetti Chef\n|-crit|p1a: Spaghetti Chef\n|-damage|p1a: Spaghetti Chef|82\/100\n|move|p1a: Spaghetti Chef|Curse|p1a: Spaghetti Chef\n|-unboost|p1a: Spaghetti Chef|spe|1\n|-boost|p1a: Spaghetti Chef|atk|1\n|-boost|p1a: Spaghetti Chef|def|1\n|\n|-heal|p2a: Dondozo|100\/100|[from] Grassy Terrain\n|-heal|p1a: Spaghetti Chef|88\/100|[from] Grassy Terrain\n|-heal|p1a: Spaghetti Chef|94\/100|[from] item: Leftovers\n|-fieldend|move: Grassy Terrain\n|upkeep\n|turn|9\n|\n|t:|1700766788\n|move|p2a: Dondozo|Yawn|p1a: Spaghetti Chef\n|-start|p1a: Spaghetti Chef|move: Yawn|[of] p2a: Dondozo\n|move|p1a: Spaghetti Chef|Curse|p1a: Spaghetti Chef\n|-unboost|p1a: Spaghetti Chef|spe|1\n|-boost|p1a: Spaghetti Chef|atk|1\n|-boost|p1a: Spaghetti Chef|def|1\n|\n|-heal|p1a: Spaghetti Chef|99\/100|[from] item: Leftovers\n|upkeep\n|turn|10\n|\n|t:|1700766797\n|switch|p1a: Khonjin|Corviknight, M|100\/100\n|-ability|p1a: Khonjin|Pressure\n|move|p2a: Dondozo|Protect||[still]\n|-fail|p2a: Dondozo\n|\n|upkeep\n|turn|11\n|\n|t:|1700766808\n|move|p1a: Khonjin|Brave Bird|p2a: Dondozo\n|-damage|p2a: Dondozo|83\/100\n|-damage|p1a: Khonjin|93\/100|[from] Recoil\n|move|p2a: Dondozo|Wave Crash|p1a: Khonjin\n|-damage|p1a: Khonjin|59\/100\n|-damage|p2a: Dondozo|74\/100|[from] Recoil\n|\n|-heal|p1a: Khonjin|65\/100|[from] item: Leftovers\n|-heal|p2a: Dondozo|80\/100|[from] item: Leftovers\n|upkeep\n|turn|12\n|\n|t:|1700766831\n|switch|p1a: Spaghetti Chef|Dondozo, F, shiny|99\/100\n|move|p2a: Dondozo|Wave Crash|p1a: Spaghetti Chef\n|-resisted|p1a: Spaghetti Chef\n|-damage|p1a: Spaghetti Chef|91\/100\n|-damage|p2a: Dondozo|77\/100|[from] Recoil\n|\n|-heal|p1a: Spaghetti Chef|97\/100|[from] item: Leftovers\n|-heal|p2a: Dondozo|83\/100|[from] item: Leftovers\n|upkeep\n|turn|13\n|\n|t:|1700766841\n|move|p2a: Dondozo|Yawn|p1a: Spaghetti Chef\n|-start|p1a: Spaghetti Chef|move: Yawn|[of] p2a: Dondozo\n|move|p1a: Spaghetti Chef|Body Press|p2a: Dondozo\n|-damage|p2a: Dondozo|71\/100\n|\n|-heal|p1a: Spaghetti Chef|100\/100|[from] item: Leftovers\n|-heal|p2a: Dondozo|77\/100|[from] item: Leftovers\n|upkeep\n|turn|14\n|\n|t:|1700766850\n|switch|p1a: Ruther|Garganacl, F, shiny|100\/100\n|move|p2a: Dondozo|Body Press|p1a: Ruther\n|-supereffective|p1a: Ruther\n|-damage|p1a: Ruther|64\/100\n|\n|-heal|p1a: Ruther|70\/100|[from] item: Leftovers\n|-heal|p2a: Dondozo|83\/100|[from] item: Leftovers\n|upkeep\n|turn|15\n|\n|t:|1700766859\n|move|p2a: Dondozo|Wave Crash|p1a: Ruther\n|-supereffective|p1a: Ruther\n|-damage|p1a: Ruther|20\/100\n|-damage|p2a: Dondozo|70\/100|[from] Recoil\n|move|p1a: Ruther|Salt Cure|p2a: Dondozo\n|-damage|p2a: Dondozo|64\/100\n|-start|p2a: Dondozo|Salt Cure\n|\n|-heal|p1a: Ruther|26\/100|[from] item: Leftovers\n|-heal|p2a: Dondozo|70\/100|[from] item: Leftovers\n|-damage|p2a: Dondozo|45\/100|[from] Salt Cure\n|upkeep\n|turn|16\n|\n|t:|1700766875\n|move|p1a: Ruther|Recover|p1a: Ruther\n|-heal|p1a: Ruther|76\/100\n|move|p2a: Dondozo|Wave Crash|p1a: Ruther\n|-supereffective|p1a: Ruther\n|-damage|p1a: Ruther|23\/100\n|-damage|p2a: Dondozo|31\/100|[from] Recoil\n|\n|-heal|p1a: Ruther|29\/100|[from] item: Leftovers\n|-heal|p2a: Dondozo|37\/100|[from] item: Leftovers\n|-damage|p2a: Dondozo|12\/100|[from] Salt Cure\n|upkeep\n|turn|17\n|\n|t:|1700766893\n|switch|p1a: Spaghetti Chef|Dondozo, F, shiny|100\/100\n|move|p2a: Dondozo|Wave Crash|p1a: Spaghetti Chef\n|-resisted|p1a: Spaghetti Chef\n|-damage|p1a: Spaghetti Chef|92\/100\n|-damage|p2a: Dondozo|9\/100|[from] Recoil\n|\n|-heal|p1a: Spaghetti Chef|98\/100|[from] item: Leftovers\n|-heal|p2a: Dondozo|15\/100|[from] item: Leftovers\n|-damage|p2a: Dondozo|0 fnt|[from] Salt Cure\n|faint|p2a: Dondozo\n|upkeep\n|\n|t:|1700766896\n|switch|p2a: Kommo-o|Kommo-o, M|100\/100\n|-damage|p2a: Kommo-o|94\/100|[from] Stealth Rock\n|turn|18\n|\n|t:|1700766914\n|move|p2a: Kommo-o|Clangorous Soul|p2a: Kommo-o\n|-boost|p2a: Kommo-o|atk|1\n|-boost|p2a: Kommo-o|def|1\n|-boost|p2a: Kommo-o|spa|1\n|-boost|p2a: Kommo-o|spd|1\n|-boost|p2a: Kommo-o|spe|1\n|-damage|p2a: Kommo-o|61\/100\n|move|p1a: Spaghetti Chef|Body Press|p2a: Kommo-o\n|-damage|p2a: Kommo-o|32\/100\n|\n|-heal|p2a: Kommo-o|38\/100|[from] item: Leftovers\n|-heal|p1a: Spaghetti Chef|100\/100|[from] item: Leftovers\n|upkeep\n|turn|19\n|\n|t:|1700766928\n|move|p2a: Kommo-o|Drain Punch|p1a: Spaghetti Chef\n|-damage|p1a: Spaghetti Chef|83\/100\n|-heal|p2a: Kommo-o|54\/100|[from] drain|[of] p1a: Spaghetti Chef\n|move|p1a: Spaghetti Chef|Body Press|p2a: Kommo-o\n|-damage|p2a: Kommo-o|26\/100\n|\n|-heal|p2a: Kommo-o|32\/100|[from] item: Leftovers\n|-heal|p1a: Spaghetti Chef|89\/100|[from] item: Leftovers\n|upkeep\n|turn|20\n|\n|t:|1700766938\n|move|p2a: Kommo-o|Clanging Scales|p1a: Spaghetti Chef\n|-damage|p1a: Spaghetti Chef|49\/100\n|-unboost|p2a: Kommo-o|def|1\n|move|p1a: Spaghetti Chef|Body Press|p2a: Kommo-o\n|-damage|p2a: Kommo-o|5\/100\n|\n|-heal|p2a: Kommo-o|11\/100|[from] item: Leftovers\n|-heal|p1a: Spaghetti Chef|56\/100|[from] item: Leftovers\n|upkeep\n|turn|21\n|\n|t:|1700766949\n|move|p2a: Kommo-o|Clanging Scales|p1a: Spaghetti Chef\n|-damage|p1a: Spaghetti Chef|21\/100\n|-unboost|p2a: Kommo-o|def|1\n|move|p1a: Spaghetti Chef|Wave Crash|p2a: Kommo-o\n|-resisted|p2a: Kommo-o\n|-damage|p2a: Kommo-o|0 fnt\n|faint|p2a: Kommo-o\n|-damage|p1a: Spaghetti Chef|19\/100|[from] Recoil\n|\n|-heal|p1a: Spaghetti Chef|25\/100|[from] item: Leftovers\n|upkeep\n|\n|t:|1700766961\n|switch|p2a: Rotom|Rotom-Heat, shiny|100\/100\n|-damage|p2a: Rotom|75\/100|[from] Stealth Rock\n|turn|22\n|\n|t:|1700766972\n|switch|p1a: The Grandma|Hatterene, F, shiny, tera:Fire|50\/100\n|-terastallize|p2a: Rotom|Steel\n|move|p2a: Rotom|Volt Switch|p1a: The Grandma\n|-damage|p1a: The Grandma|22\/100\n|\n|t:|1700766991\n|switch|p2a: Jirachi|Jirachi, shiny|100\/100|[from] Volt Switch\n|-damage|p2a: Jirachi|94\/100|[from] Stealth Rock\n|\n|-heal|p2a: Jirachi|100\/100|[from] item: Leftovers\n|upkeep\n|turn|23\n|\n|t:|1700767002\n|move|p2a: Jirachi|Iron Head|p1a: The Grandma\n|-resisted|p1a: The Grandma\n|-damage|p1a: The Grandma|9\/100\n|cant|p1a: The Grandma|flinch\n|\n|upkeep\n|turn|24\n|\n|t:|1700767014\n|move|p2a: Jirachi|Iron Head|p1a: The Grandma\n|-resisted|p1a: The Grandma\n|-damage|p1a: The Grandma|0 fnt\n|faint|p1a: The Grandma\n|\n|upkeep\n|\n|t:|1700767025\n|switch|p1a: Khonjin's Dad|Weavile, M|100\/100\n|-ability|p1a: Khonjin's Dad|Pressure\n|turn|25\n|\n|t:|1700767031\n|move|p1a: Khonjin's Dad|Knock Off|p2a: Jirachi\n|-supereffective|p2a: Jirachi\n|-damage|p2a: Jirachi|0 fnt\n|-enditem|p2a: Jirachi|Leftovers|[from] move: Knock Off|[of] p1a: Khonjin's Dad\n|faint|p2a: Jirachi\n|\n|upkeep\n|-message|TacobellBathroom24 forfeited.\n|\n|win|DaisyDice\n|raw|DaisyDice's rating: 1000 &rarr; <strong>1047<\/strong><br \/>(+47 for winning)\n|raw|TacobellBathroom24's rating: 1060 &rarr; <strong>1038<\/strong><br \/>(-22 for losing)\n|l|\u2606TacobellBathroom24\n","uploadtime":1700767048,"views":9,"p1id":"daisydice","p2id":"tacobellbathroom24","formatid":"gen9ou","rating":1038,"private":0,"password":""}