{"id":"gen9ou-1991738149","p1":"defnotapenguin","p2":"Roddy22","format":"[Gen 9] OU","log":"|j|\u2606defnotapenguin\n|j|\u2606Roddy22\n|t:|1700109083\n|gametype|singles\n|player|p1|defnotapenguin|cameraman|1069\n|player|p2|Roddy22|169|1087\n|teamsize|p1|6\n|teamsize|p2|6\n|gen|9\n|tier|[Gen 9] OU\n|rated|\n|rule|Sleep Clause Mod: Limit one foe put to sleep\n|rule|Species Clause: Limit one of each Pok\u00e9mon\n|rule|OHKO Clause: OHKO moves are banned\n|rule|Evasion Items Clause: Evasion items are banned\n|rule|Evasion Moves Clause: Evasion moves are banned\n|rule|Endless Battle Clause: Forcing endless battles is banned\n|rule|HP Percentage Mod: HP is shown in percentages\n|clearpoke\n|poke|p1|Alomomola, F|\n|poke|p1|Samurott-Hisui, M|\n|poke|p1|Breloom, M|\n|poke|p1|Manaphy|\n|poke|p1|Landorus-Therian, M|\n|poke|p1|Dragonite, F|\n|poke|p2|Magnezone|\n|poke|p2|Dondozo, F|\n|poke|p2|Mamoswine, F|\n|poke|p2|Dragapult, F|\n|poke|p2|Cinderace, F|\n|poke|p2|Amoonguss, F|\n|teampreview\n|inactive|Battle timer is ON: inactive players will automatically lose when time's up. (requested by defnotapenguin)\n|\n|t:|1700109097\n|start\n|switch|p1a: Alomomola|Alomomola, F|100\/100\n|switch|p2a: Cinderace|Cinderace, F|100\/100\n|turn|1\n|\n|t:|1700109108\n|move|p2a: Cinderace|U-turn|p1a: Alomomola\n|-start|p2a: Cinderace|typechange|Bug|[from] ability: Libero\n|-crit|p1a: Alomomola\n|-damage|p1a: Alomomola|67\/100\n|\n|t:|1700109119\n|switch|p2a: Magnezone|Magnezone|100\/100|[from] U-turn\n|move|p1a: Alomomola|Scald|p2a: Magnezone\n|-damage|p2a: Magnezone|82\/100\n|\n|upkeep\n|turn|2\n|inactive|defnotapenguin has 120 seconds left.\n|\n|t:|1700109152\n|switch|p1a: Dragonite|Dragonite, F|100\/100\n|move|p2a: Magnezone|Flash Cannon|p1a: Dragonite\n|-damage|p1a: Dragonite|54\/100\n|\n|upkeep\n|turn|3\n|inactive|Roddy22 has 120 seconds left.\n|inactive|Roddy22 has 90 seconds left.\n|\n|t:|1700109210\n|switch|p2a: Amoonguss|Amoonguss, F|100\/100\n|move|p1a: Dragonite|Fire Punch|p2a: Amoonguss\n|-supereffective|p2a: Amoonguss\n|-damage|p2a: Amoonguss|36\/100\n|-enditem|p2a: Amoonguss|Red Card|[of] p1a: Dragonite\n|drag|p1a: Alomomola|Alomomola, F|99\/100\n|\n|upkeep\n|turn|4\n|inactive|Roddy22 has 90 seconds left.\n|\n|t:|1700109222\n|switch|p1a: Breloom|Breloom, M|100\/100\n|move|p2a: Amoonguss|Giga Drain|p1a: Breloom\n|-resisted|p1a: Breloom\n|-damage|p1a: Breloom|84\/100\n|-heal|p2a: Amoonguss|42\/100|[from] drain|[of] p1a: Breloom\n|\n|-status|p1a: Breloom|tox|[from] item: Toxic Orb\n|upkeep\n|turn|5\n|inactive|Roddy22 has 90 seconds left.\n|\n|t:|1700109237\n|switch|p2a: Dondozo|Dondozo, F|100\/100\n|move|p1a: Breloom|Rock Slide|p2a: Dondozo\n|-damage|p2a: Dondozo|88\/100\n|\n|-heal|p1a: Breloom|96\/100 tox|[from] ability: Poison Heal\n|upkeep\n|turn|6\n|inactive|Roddy22 has 90 seconds left.\n|inactive|Roddy22 has 60 seconds left.\n|\n|t:|1700109285\n|switch|p2a: Magnezone|Magnezone|82\/100\n|move|p1a: Breloom|Bullet Seed|p2a: Magnezone\n|-resisted|p2a: Magnezone\n|-damage|p2a: Magnezone|75\/100\n|-resisted|p2a: Magnezone\n|-damage|p2a: Magnezone|68\/100\n|-resisted|p2a: Magnezone\n|-damage|p2a: Magnezone|61\/100\n|-hitcount|p2a: Magnezone|3\n|\n|-heal|p1a: Breloom|100\/100 tox|[from] ability: Poison Heal\n|upkeep\n|turn|7\n|inactive|Roddy22 has 60 seconds left.\n|\n|t:|1700109318\n|switch|p1a: Landorus|Landorus-Therian, M|100\/100\n|-ability|p1a: Landorus|Intimidate|boost\n|-unboost|p2a: Magnezone|atk|1\n|move|p2a: Magnezone|Flash Cannon|p1a: Landorus\n|-damage|p1a: Landorus|0 fnt\n|faint|p1a: Landorus\n|\n|upkeep\n|inactive|defnotapenguin has 120 seconds left.\n|\n|t:|1700109330\n|switch|p1a: Dragonite|Dragonite, F|54\/100\n|turn|8\n|inactive|Roddy22 has 30 seconds left.\n|inactive|Roddy22 has 20 seconds left.\n|inactive|Roddy22 has 15 seconds left.\n|inactive|Roddy22 has 10 seconds left.\n|\n|t:|1700109372\n|switch|p2a: Dragapult|Dragapult, F|100\/100\n|-terastallize|p1a: Dragonite|Normal\n|move|p1a: Dragonite|Fire Punch|p2a: Dragapult\n|-resisted|p2a: Dragapult\n|-damage|p2a: Dragapult|69\/100\n|\n|upkeep\n|turn|9\n|inactive|Roddy22 has 20 seconds left this turn.\n|inactive|Roddy22 has 15 seconds left.\n|inactive|Roddy22 has 10 seconds left.\n|inactive|Roddy22 has 5 seconds left.\n|\n|t:|1700109389\n|switch|p1a: Wellspringphy|Manaphy|100\/100\n|move|p2a: Dragapult|Flamethrower|p1a: Wellspringphy\n|-resisted|p1a: Wellspringphy\n|-damage|p1a: Wellspringphy|85\/100\n|\n|-heal|p1a: Wellspringphy|91\/100|[from] item: Leftovers\n|upkeep\n|turn|10\n|inactive|Roddy22 has 15 seconds left this turn.\n|inactive|Roddy22 has 10 seconds left.\n|\n|t:|1700109399\n|switch|p2a: Amoonguss|Amoonguss, F|75\/100\n|move|p1a: Wellspringphy|Tail Glow|p1a: Wellspringphy\n|-boost|p1a: Wellspringphy|spa|3\n|\n|-heal|p1a: Wellspringphy|97\/100|[from] item: Leftovers\n|upkeep\n|turn|11\n|inactive|Roddy22 has 20 seconds left this turn.\n|inactive|Roddy22 has 15 seconds left.\n|inactive|Roddy22 has 10 seconds left.\n|\n|t:|1700109409\n|switch|p2a: Dondozo|Dondozo, F|88\/100\n|move|p1a: Wellspringphy|Ice Beam|p2a: Dondozo\n|-resisted|p2a: Dondozo\n|-damage|p2a: Dondozo|74\/100\n|\n|-heal|p1a: Wellspringphy|100\/100|[from] item: Leftovers\n|upkeep\n|turn|12\n|inactive|Roddy22 has 20 seconds left this turn.\n|inactive|Roddy22 has 15 seconds left.\n|\n|t:|1700109417\n|move|p1a: Wellspringphy|Energy Ball|p2a: Dondozo\n|-supereffective|p2a: Dondozo\n|-damage|p2a: Dondozo|18\/100\n|move|p2a: Dondozo|Body Press|p1a: Wellspringphy\n|-damage|p1a: Wellspringphy|75\/100\n|\n|-heal|p1a: Wellspringphy|81\/100|[from] item: Leftovers\n|upkeep\n|turn|13\n|inactive|Roddy22 has 25 seconds left this turn.\n|inactive|Roddy22 has 20 seconds left.\n|inactive|Roddy22 has 15 seconds left.\n|\n|t:|1700109431\n|switch|p2a: Amoonguss|Amoonguss, F|100\/100\n|move|p1a: Wellspringphy|Energy Ball|p2a: Amoonguss\n|-resisted|p2a: Amoonguss\n|-damage|p2a: Amoonguss|85\/100\n|\n|-heal|p1a: Wellspringphy|88\/100|[from] item: Leftovers\n|upkeep\n|turn|14\n|inactive|Roddy22 has 25 seconds left this turn.\n|inactive|Roddy22 has 20 seconds left.\n|\n|t:|1700109440\n|move|p1a: Wellspringphy|Ice Beam|p2a: Amoonguss\n|-supereffective|p2a: Amoonguss\n|-damage|p2a: Amoonguss|0 fnt\n|faint|p2a: Amoonguss\n|\n|-heal|p1a: Wellspringphy|94\/100|[from] item: Leftovers\n|upkeep\n|inactive|Roddy22 has 25 seconds left this turn.\n|inactive|Roddy22 has 20 seconds left.\n|\n|t:|1700109447\n|switch|p2a: Magnezone|Magnezone|61\/100\n|turn|15\n|inactive|Roddy22 has 30 seconds left this turn.\n|\n|t:|1700109461\n|move|p1a: Wellspringphy|Surf|p2a: Magnezone\n|-damage|p2a: Magnezone|0 fnt\n|faint|p2a: Magnezone\n|\n|-heal|p1a: Wellspringphy|99\/100|[from] item: Leftovers\n|upkeep\n|inactive|Roddy22 has 30 seconds left.\n|\n|t:|1700109470\n|switch|p2a: Dondozo|Dondozo, F|18\/100\n|turn|16\n|-message|Roddy22 forfeited.\n|\n|win|defnotapenguin\n|raw|defnotapenguin's rating: 1069 &rarr; <strong>1100<\/strong><br \/>(+31 for winning)\n|raw|Roddy22's rating: 1087 &rarr; <strong>1063<\/strong><br \/>(-24 for losing)\n|c|\u2606defnotapenguin|gg\n|c|\u2606Roddy22|gg\n|l|\u2606Roddy22\n","uploadtime":1700109494,"views":10,"p1id":"defnotapenguin","p2id":"roddy22","formatid":"gen9ou","rating":1063,"private":0,"password":""}