{"id":"gen9ou-1998000414","p1":"maybenotxand","p2":"Jo Seph GD","format":"[Gen 9] OU","log":"|j|\u2606maybenotxand\n|j|\u2606Jo Seph GD\n|t:|1700877339\n|gametype|singles\n|player|p1|maybenotxand|dawn|\n|player|p2|Jo Seph GD|hilbert-wonderlauncher|\n|teamsize|p1|6\n|teamsize|p2|6\n|gen|9\n|tier|[Gen 9] OU\n|rule|Sleep Clause Mod: Limit one foe put to sleep\n|rule|Species Clause: Limit one of each Pok\u00e9mon\n|rule|OHKO Clause: OHKO moves are banned\n|rule|Evasion Items Clause: Evasion items are banned\n|rule|Evasion Moves Clause: Evasion moves are banned\n|rule|Endless Battle Clause: Forcing endless battles is banned\n|rule|HP Percentage Mod: HP is shown in percentages\n|clearpoke\n|poke|p1|Ceruledge, F|\n|poke|p1|Meowscarada, F|\n|poke|p1|Torkoal, M|\n|poke|p1|Samurott-Hisui, F|\n|poke|p1|Scizor, F|\n|poke|p1|Sylveon, F|\n|poke|p2|Rillaboom, M|\n|poke|p2|Slowking-Galar, M|\n|poke|p2|Manaphy|\n|poke|p2|Pelipper, F|\n|poke|p2|Armarouge, F|\n|poke|p2|Landorus-Therian, M|\n|teampreview\n|\n|t:|1700877364\n|start\n|switch|p1a: Hot Turtle|Torkoal, M, shiny|100\/100\n|switch|p2a: Pelipper|Pelipper, F, shiny|100\/100\n|-weather|RainDance|[from] ability: Drizzle|[of] p2a: Pelipper\n|-weather|SunnyDay|[from] ability: Drought|[of] p1a: Hot Turtle\n|turn|1\n|\n|t:|1700877378\n|switch|p2a: Armarouge|Armarouge, F|100\/100\n|switch|p1a: Reaper|Scizor, F|100\/100\n|\n|-weather|SunnyDay|[upkeep]\n|upkeep\n|turn|2\n|\n|t:|1700877386\n|switch|p1a: Fryden|Ceruledge, F|100\/100\n|move|p2a: Armarouge|Flamethrower|p1a: Fryden\n|-start|p1a: Fryden|ability: Flash Fire\n|\n|-weather|SunnyDay|[upkeep]\n|upkeep\n|turn|3\n|\n|t:|1700877396\n|switch|p2a: Pelipper|Pelipper, F, shiny|100\/100\n|-weather|RainDance|[from] ability: Drizzle|[of] p2a: Pelipper\n|-terastallize|p1a: Fryden|Grass\n|move|p1a: Fryden|Solar Blade||[still]\n|-prepare|p1a: Fryden|Solar Blade\n|\n|-weather|RainDance|[upkeep]\n|upkeep\n|turn|4\n|\n|t:|1700877408\n|switch|p2a: Slowking|Slowking-Galar, M, shiny|100\/100\n|move|p1a: Fryden|Solar Blade|p2a: Slowking|[from]lockedmove\n|-resisted|p2a: Slowking\n|-damage|p2a: Slowking|83\/100\n|\n|-weather|RainDance|[upkeep]\n|-heal|p2a: Slowking|89\/100|[from] item: Black Sludge\n|upkeep\n|turn|5\n|\n|t:|1700877426\n|-end|p1a: Fryden|ability: Flash Fire|[silent]\n|switch|p1a: Piplott|Samurott-Hisui, F|100\/100\n|move|p2a: Slowking|Toxic Spikes|p1a: Piplott\n|-sidestart|p1: maybenotxand|move: Toxic Spikes\n|\n|-weather|RainDance|[upkeep]\n|-heal|p2a: Slowking|95\/100|[from] item: Black Sludge\n|upkeep\n|turn|6\n|\n|t:|1700877442\n|switch|p2a: Rillaboom|Rillaboom, M|100\/100\n|-fieldstart|move: Grassy Terrain|[from] ability: Grassy Surge|[of] p2a: Rillaboom\n|move|p1a: Piplott|Ceaseless Edge|p2a: Rillaboom\n|-damage|p2a: Rillaboom|48\/100\n|-sidestart|p2: Jo Seph GD|Spikes\n|\n|-weather|RainDance|[upkeep]\n|-heal|p2a: Rillaboom|54\/100|[from] Grassy Terrain\n|-heal|p2a: Rillaboom|60\/100|[from] item: Leftovers\n|upkeep\n|turn|7\n|\n|t:|1700877452\n|move|p1a: Piplott|Swords Dance|p1a: Piplott\n|-boost|p1a: Piplott|atk|2\n|move|p2a: Rillaboom|Drum Beating|p1a: Piplott\n|-supereffective|p1a: Piplott\n|-enditem|p1a: Piplott|Focus Sash\n|-damage|p1a: Piplott|1\/100\n|-unboost|p1a: Piplott|spe|1\n|\n|-weather|RainDance|[upkeep]\n|-heal|p2a: Rillaboom|66\/100|[from] Grassy Terrain\n|-heal|p2a: Rillaboom|72\/100|[from] item: Leftovers\n|-heal|p1a: Piplott|7\/100|[from] Grassy Terrain\n|upkeep\n|turn|8\n|\n|t:|1700877465\n|move|p1a: Piplott|Sucker Punch|p2a: Rillaboom\n|-damage|p2a: Rillaboom|2\/100\n|move|p2a: Rillaboom|Drum Beating|p1a: Piplott\n|-supereffective|p1a: Piplott\n|-damage|p1a: Piplott|0 fnt\n|faint|p1a: Piplott\n|\n|-weather|RainDance|[upkeep]\n|-heal|p2a: Rillaboom|8\/100|[from] Grassy Terrain\n|-heal|p2a: Rillaboom|14\/100|[from] item: Leftovers\n|upkeep\n|\n|t:|1700877482\n|switch|p1a: Reaper|Scizor, F|100\/100\n|turn|9\n|\n|t:|1700877486\n|switch|p2a: Armarouge|Armarouge, F|100\/100\n|-damage|p2a: Armarouge|88\/100|[from] Spikes\n|move|p1a: Reaper|Bullet Punch|p2a: Armarouge\n|-resisted|p2a: Armarouge\n|-damage|p2a: Armarouge|65\/100\n|-ability|p2a: Armarouge|Weak Armor|boost\n|-unboost|p2a: Armarouge|def|1\n|-boost|p2a: Armarouge|spe|2\n|-damage|p1a: Reaper|90\/100|[from] item: Life Orb\n|\n|-weather|RainDance|[upkeep]\n|-heal|p2a: Armarouge|71\/100|[from] Grassy Terrain\n|-heal|p1a: Reaper|96\/100|[from] Grassy Terrain\n|upkeep\n|turn|10\n|\n|t:|1700877512\n|switch|p1a: Ribbons|Sylveon, F, shiny|100\/100\n|-status|p1a: Ribbons|psn\n|-terastallize|p2a: Armarouge|Ghost\n|move|p2a: Armarouge|Tera Blast|p1a: Ribbons|[anim] Tera Blast Ghost\n|-damage|p1a: Ribbons|46\/100 psn\n|\n|-weather|none\n|-heal|p2a: Armarouge|77\/100|[from] Grassy Terrain\n|-heal|p1a: Ribbons|52\/100 psn|[from] Grassy Terrain\n|-damage|p1a: Ribbons|39\/100 psn|[from] psn\n|-fieldend|move: Grassy Terrain\n|upkeep\n|turn|11\n|\n|t:|1700877532\n|move|p1a: Ribbons|Protect|p1a: Ribbons\n|-singleturn|p1a: Ribbons|Protect\n|move|p2a: Armarouge|Tera Blast|p1a: Ribbons|[anim] Tera Blast Ghost\n|-activate|p1a: Ribbons|move: Protect\n|\n|-damage|p1a: Ribbons|27\/100 psn|[from] psn\n|upkeep\n|turn|12\n|\n|t:|1700877550\n|switch|p1a: Hot Turtle|Torkoal, M, shiny|100\/100\n|-status|p1a: Hot Turtle|psn\n|-weather|SunnyDay|[from] ability: Drought|[of] p1a: Hot Turtle\n|move|p2a: Armarouge|Tera Blast|p1a: Hot Turtle|[anim] Tera Blast Ghost\n|-damage|p1a: Hot Turtle|38\/100 psn\n|\n|-weather|SunnyDay|[upkeep]\n|-damage|p1a: Hot Turtle|25\/100 psn|[from] psn\n|upkeep\n|turn|13\n|\n|t:|1700877566\n|switch|p2a: Pelipper|Pelipper, F, shiny|100\/100\n|-weather|RainDance|[from] ability: Drizzle|[of] p2a: Pelipper\n|move|p1a: Hot Turtle|Will-O-Wisp|p2a: Pelipper\n|-status|p2a: Pelipper|brn\n|\n|-weather|RainDance|[upkeep]\n|-damage|p1a: Hot Turtle|13\/100 psn|[from] psn\n|-damage|p2a: Pelipper|94\/100 brn|[from] brn\n|upkeep\n|turn|14\n|\n|t:|1700877580\n|switch|p1a: L Pokemon|Meowscarada, F|100\/100\n|-status|p1a: L Pokemon|psn\n|move|p2a: Pelipper|U-turn|p1a: L Pokemon\n|-supereffective|p1a: L Pokemon\n|-damage|p1a: L Pokemon|75\/100 psn\n|\n|t:|1700877602\n|switch|p2a: Armarouge|Armarouge, F, tera:Ghost|77\/100|[from] U-turn\n|-damage|p2a: Armarouge|65\/100|[from] Spikes\n|\n|-weather|RainDance|[upkeep]\n|-damage|p1a: L Pokemon|62\/100 psn|[from] psn\n|upkeep\n|turn|15\n|\n|t:|1700877621\n|move|p1a: L Pokemon|Shadow Claw|p2a: Armarouge\n|-start|p1a: L Pokemon|typechange|Ghost|[from] ability: Protean\n|-supereffective|p2a: Armarouge\n|-damage|p2a: Armarouge|0 fnt\n|faint|p2a: Armarouge\n|\n|-weather|RainDance|[upkeep]\n|-damage|p1a: L Pokemon|50\/100 psn|[from] psn\n|upkeep\n|\n|t:|1700877654\n|switch|p2a: Manaphy|Manaphy|100\/100\n|-damage|p2a: Manaphy|88\/100|[from] Spikes\n|turn|16\n|\n|t:|1700877661\n|move|p2a: Manaphy|Protect|p2a: Manaphy\n|-singleturn|p2a: Manaphy|Protect\n|move|p1a: L Pokemon|Shadow Claw|p2a: Manaphy\n|-activate|p2a: Manaphy|move: Protect\n|\n|-weather|RainDance|[upkeep]\n|-damage|p1a: L Pokemon|38\/100 psn|[from] psn\n|upkeep\n|turn|17\n|\n|t:|1700877677\n|switch|p2a: Landorus|Landorus-Therian, M, shiny|100\/100\n|-ability|p2a: Landorus|Intimidate|boost\n|-unboost|p1a: L Pokemon|atk|1\n|move|p1a: L Pokemon|Shadow Claw|p2a: Landorus\n|-damage|p2a: Landorus|76\/100\n|\n|-weather|RainDance|[upkeep]\n|-damage|p1a: L Pokemon|25\/100 psn|[from] psn\n|upkeep\n|turn|18\n|\n|t:|1700877693\n|switch|p1a: Fryden|Ceruledge, F, tera:Grass|100\/100\n|move|p2a: Landorus|Tera Blast|p1a: Fryden\n|-damage|p1a: Fryden|76\/100\n|\n|-weather|RainDance|[upkeep]\n|upkeep\n|turn|19\n|\n|t:|1700877704\n|switch|p2a: Slowking|Slowking-Galar, M, shiny|100\/100\n|-damage|p2a: Slowking|88\/100|[from] Spikes\n|move|p1a: Fryden|Shadow Sneak|p2a: Slowking\n|-supereffective|p2a: Slowking\n|-damage|p2a: Slowking|42\/100\n|\n|-weather|RainDance|[upkeep]\n|-heal|p2a: Slowking|48\/100|[from] item: Black Sludge\n|upkeep\n|turn|20\n|\n|t:|1700877714\n|move|p1a: Fryden|Shadow Sneak|p2a: Slowking\n|-supereffective|p2a: Slowking\n|-damage|p2a: Slowking|8\/100\n|move|p2a: Slowking|Sludge Bomb|p1a: Fryden\n|-supereffective|p1a: Fryden\n|-damage|p1a: Fryden|0 fnt\n|faint|p1a: Fryden\n|\n|-weather|none\n|-heal|p2a: Slowking|14\/100|[from] item: Black Sludge\n|upkeep\n|\n|t:|1700877723\n|switch|p1a: Reaper|Scizor, F|96\/100\n|turn|21\n|\n|t:|1700877733\n|switch|p2a: Manaphy|Manaphy|88\/100\n|-damage|p2a: Manaphy|76\/100|[from] Spikes\n|move|p1a: Reaper|Bullet Punch|p2a: Manaphy\n|-resisted|p2a: Manaphy\n|-crit|p2a: Manaphy\n|-damage|p2a: Manaphy|40\/100\n|-damage|p1a: Reaper|86\/100|[from] item: Life Orb\n|\n|upkeep\n|turn|22\n|\n|t:|1700877742\n|move|p2a: Manaphy|Scald|p1a: Reaper\n|-damage|p1a: Reaper|39\/100\n|move|p1a: Reaper|Close Combat|p2a: Manaphy\n|-damage|p2a: Manaphy|0 fnt\n|-unboost|p1a: Reaper|def|1\n|-unboost|p1a: Reaper|spd|1\n|faint|p2a: Manaphy\n|-damage|p1a: Reaper|29\/100|[from] item: Life Orb\n|\n|upkeep\n|\n|t:|1700877752\n|switch|p2a: Pelipper|Pelipper, F, shiny|94\/100 brn\n|-weather|RainDance|[from] ability: Drizzle|[of] p2a: Pelipper\n|turn|23\n|\n|t:|1700877760\n|move|p1a: Reaper|Tailwind|p1a: Reaper\n|-sidestart|p1: maybenotxand|move: Tailwind\n|move|p2a: Pelipper|Hurricane|p1a: Reaper\n|-damage|p1a: Reaper|0 fnt\n|faint|p1a: Reaper\n|\n|-weather|RainDance|[upkeep]\n|-damage|p2a: Pelipper|88\/100 brn|[from] brn\n|upkeep\n|\n|t:|1700877768\n|switch|p1a: L Pokemon|Meowscarada, F|25\/100 psn\n|turn|24\n|\n|t:|1700877773\n|move|p2a: Pelipper|Protect|p2a: Pelipper\n|-singleturn|p2a: Pelipper|Protect\n|move|p1a: L Pokemon|Flower Trick|p2a: Pelipper\n|-start|p1a: L Pokemon|typechange|Grass|[from] ability: Protean\n|-activate|p2a: Pelipper|move: Protect\n|\n|-weather|RainDance|[upkeep]\n|-damage|p1a: L Pokemon|13\/100 psn|[from] psn\n|-damage|p2a: Pelipper|82\/100 brn|[from] brn\n|upkeep\n|turn|25\n|\n|t:|1700877786\n|switch|p1a: Ribbons|Sylveon, F, shiny|27\/100 psn\n|switch|p2a: Slowking|Slowking-Galar, M, shiny|48\/100\n|-damage|p2a: Slowking|35\/100|[from] Spikes\n|\n|-weather|RainDance|[upkeep]\n|-heal|p2a: Slowking|41\/100|[from] item: Black Sludge\n|-damage|p1a: Ribbons|15\/100 psn|[from] psn\n|upkeep\n|turn|26\n|\n|t:|1700877797\n|move|p1a: Ribbons|Protect|p1a: Ribbons\n|-singleturn|p1a: Ribbons|Protect\n|move|p2a: Slowking|Sludge Bomb|p1a: Ribbons\n|-activate|p1a: Ribbons|move: Protect\n|\n|-weather|RainDance|[upkeep]\n|-heal|p2a: Slowking|47\/100|[from] item: Black Sludge\n|-damage|p1a: Ribbons|2\/100 psn|[from] psn\n|-sideend|p1: maybenotxand|move: Tailwind\n|upkeep\n|turn|27\n|\n|t:|1700877815\n|switch|p2a: Pelipper|Pelipper, F, shiny|82\/100 brn\n|move|p1a: Ribbons|Yawn||[still]\n|-fail|p1a: Ribbons\n|\n|-weather|RainDance|[upkeep]\n|-damage|p1a: Ribbons|0 fnt|[from] psn\n|faint|p1a: Ribbons\n|-damage|p2a: Pelipper|76\/100 brn|[from] brn\n|upkeep\n|\n|t:|1700877823\n|switch|p1a: L Pokemon|Meowscarada, F|13\/100 psn\n|turn|28\n|\n|t:|1700877830\n|move|p1a: L Pokemon|Sucker Punch|p2a: Pelipper\n|-start|p1a: L Pokemon|typechange|Dark|[from] ability: Protean\n|-damage|p2a: Pelipper|36\/100 brn\n|move|p2a: Pelipper|U-turn|p1a: L Pokemon\n|-supereffective|p1a: L Pokemon\n|-damage|p1a: L Pokemon|0 fnt\n|faint|p1a: L Pokemon\n|\n|t:|1700877840\n|switch|p2a: Slowking|Slowking-Galar, M, shiny|81\/100|[from] U-turn\n|-damage|p2a: Slowking|68\/100|[from] Spikes\n|\n|-weather|RainDance|[upkeep]\n|-heal|p2a: Slowking|74\/100|[from] item: Black Sludge\n|upkeep\n|\n|t:|1700877843\n|switch|p1a: Hot Turtle|Torkoal, M, shiny|13\/100 psn\n|-weather|SunnyDay|[from] ability: Drought|[of] p1a: Hot Turtle\n|turn|29\n|\n|t:|1700877854\n|move|p2a: Slowking|Sludge Bomb|p1a: Hot Turtle\n|-damage|p1a: Hot Turtle|0 fnt\n|faint|p1a: Hot Turtle\n|\n|win|Jo Seph GD\n|l|\u2606maybenotxand\n","uploadtime":1700877862,"views":12,"p1id":"maybenotxand","p2id":"josephgd","formatid":"gen9ou","rating":0,"private":0,"password":""}