{"id":"gen9ou-1996943297","p1":"Joaaquinmp","p2":"Onte bad","format":"[Gen 9] OU","log":"|j|\u2606Joaaquinmp\n|j|\u2606Onte bad\n|t:|1700747822\n|gametype|singles\n|player|p1|Joaaquinmp|scientist-gen4|1293\n|player|p2|Onte bad|101|1241\n|teamsize|p1|6\n|teamsize|p2|6\n|gen|9\n|tier|[Gen 9] OU\n|rated|\n|rule|Sleep Clause Mod: Limit one foe put to sleep\n|rule|Species Clause: Limit one of each Pok\u00e9mon\n|rule|OHKO Clause: OHKO moves are banned\n|rule|Evasion Items Clause: Evasion items are banned\n|rule|Evasion Moves Clause: Evasion moves are banned\n|rule|Endless Battle Clause: Forcing endless battles is banned\n|rule|HP Percentage Mod: HP is shown in percentages\n|clearpoke\n|poke|p1|Iron Jugulis|\n|poke|p1|Ogerpon-Wellspring, F|\n|poke|p1|Tinkaton, F|\n|poke|p1|Iron Moth|\n|poke|p1|Great Tusk|\n|poke|p1|Dragapult, M|\n|poke|p2|Regidrago|\n|poke|p2|Ribombee, M|\n|poke|p2|Scizor, M|\n|poke|p2|Slowking-Galar, M|\n|poke|p2|Breloom, M|\n|poke|p2|Quaquaval, F|\n|teampreview\n|\n|t:|1700747843\n|start\n|switch|p1a: Iron Jugulis|Iron Jugulis|100\/100\n|switch|p2a: Quaquaval|Quaquaval, F|100\/100\n|-enditem|p1a: Iron Jugulis|Booster Energy\n|-activate|p1a: Iron Jugulis|ability: Quark Drive|[fromitem]\n|-start|p1a: Iron Jugulis|quarkdrivespe\n|turn|1\n|\n|t:|1700747851\n|move|p1a: Iron Jugulis|Hurricane|p2a: Quaquaval\n|-supereffective|p2a: Quaquaval\n|-damage|p2a: Quaquaval|0 fnt\n|faint|p2a: Quaquaval\n|\n|upkeep\n|\n|t:|1700747860\n|switch|p2a: Ribombee|Ribombee, M|100\/100\n|turn|2\n|inactive|Battle timer is ON: inactive players will automatically lose when time's up. (requested by Joaaquinmp)\n|\n|t:|1700747864\n|move|p1a: Iron Jugulis|Taunt|p2a: Ribombee\n|-start|p2a: Ribombee|move: Taunt\n|move|p2a: Ribombee|Moonblast|p1a: Iron Jugulis\n|-supereffective|p1a: Iron Jugulis\n|-damage|p1a: Iron Jugulis|0 fnt\n|faint|p1a: Iron Jugulis\n|-end|p1a: Iron Jugulis|Quark Drive|[silent]\n|\n|upkeep\n|\n|t:|1700747879\n|switch|p1a: Dragapult|Dragapult, M|100\/100\n|turn|3\n|\n|t:|1700747883\n|move|p1a: Dragapult|U-turn|p2a: Ribombee\n|-resisted|p2a: Ribombee\n|-damage|p2a: Ribombee|83\/100\n|\n|t:|1700747893\n|switch|p1a: Ogerpon|Ogerpon-Wellspring, F|100\/100|[from] U-turn\n|move|p2a: Ribombee|Moonblast|p1a: Ogerpon\n|-damage|p1a: Ogerpon|51\/100\n|\n|upkeep\n|turn|4\n|\n|t:|1700747903\n|move|p2a: Ribombee|Bug Buzz|p1a: Ogerpon\n|-supereffective|p1a: Ogerpon\n|-damage|p1a: Ogerpon|0 fnt\n|faint|p1a: Ogerpon\n|\n|-end|p2a: Ribombee|move: Taunt\n|upkeep\n|\n|t:|1700747915\n|switch|p1a: Iron Moth|Iron Moth|100\/100\n|-enditem|p1a: Iron Moth|Booster Energy\n|-activate|p1a: Iron Moth|ability: Quark Drive|[fromitem]\n|-start|p1a: Iron Moth|quarkdrivespe\n|turn|5\n|\n|t:|1700747920\n|switch|p2a: Slowking|Slowking-Galar, M|100\/100\n|move|p1a: Iron Moth|Fiery Dance|p2a: Slowking\n|-damage|p2a: Slowking|78\/100\n|\n|upkeep\n|turn|6\n|inactive|Joaaquinmp has 120 seconds left.\n|\n|t:|1700747965\n|-end|p1a: Iron Moth|Quark Drive|[silent]\n|switch|p1a: TWINKATON|Tinkaton, F|100\/100\n|-item|p1a: TWINKATON|Air Balloon\n|move|p2a: Slowking|Future Sight|p1a: TWINKATON\n|-start|p2a: Slowking|move: Future Sight\n|\n|upkeep\n|turn|7\n|\n|t:|1700747975\n|switch|p2a: Scizor|Scizor, M|100\/100\n|move|p1a: TWINKATON|Thunder Wave|p2a: Scizor\n|-status|p2a: Scizor|par\n|\n|upkeep\n|turn|8\n|\n|t:|1700747983\n|switch|p2a: Slowking|Slowking-Galar, M|100\/100\n|move|p1a: TWINKATON|Stealth Rock|p2a: Slowking\n|-sidestart|p2: Onte bad|move: Stealth Rock\n|\n|-end|p1a: TWINKATON|move: Future Sight\n|-resisted|p1a: TWINKATON\n|-damage|p1a: TWINKATON|75\/100\n|-enditem|p1a: TWINKATON|Air Balloon\n|upkeep\n|turn|9\n|inactive|Joaaquinmp has 120 seconds left.\n|\n|t:|1700747999\n|move|p1a: TWINKATON|Thunder Wave|p2a: Slowking\n|-status|p2a: Slowking|par\n|cant|p2a: Slowking|par\n|\n|upkeep\n|turn|10\n|inactive|Joaaquinmp has 120 seconds left.\n|\n|t:|1700748010\n|switch|p1a: Great Tusk|Great Tusk|100\/100\n|-enditem|p1a: Great Tusk|Booster Energy\n|-activate|p1a: Great Tusk|ability: Protosynthesis|[fromitem]\n|-start|p1a: Great Tusk|protosynthesisspe\n|move|p2a: Slowking|Flamethrower|p1a: Great Tusk\n|-damage|p1a: Great Tusk|62\/100\n|\n|upkeep\n|turn|11\n|inactive|Joaaquinmp has 120 seconds left.\n|\n|t:|1700748023\n|switch|p2a: Scizor|Scizor, M|100\/100 par\n|-damage|p2a: Scizor|88\/100 par|[from] Stealth Rock\n|move|p1a: Great Tusk|Headlong Rush|p2a: Scizor\n|-damage|p2a: Scizor|35\/100 par\n|-unboost|p1a: Great Tusk|def|1\n|-unboost|p1a: Great Tusk|spd|1\n|\n|upkeep\n|turn|12\n|\n|t:|1700748032\n|move|p2a: Scizor|Bullet Punch|p1a: Great Tusk\n|-damage|p1a: Great Tusk|13\/100\n|move|p1a: Great Tusk|Headlong Rush|p2a: Scizor\n|-damage|p2a: Scizor|0 fnt\n|-unboost|p1a: Great Tusk|def|1\n|-unboost|p1a: Great Tusk|spd|1\n|faint|p2a: Scizor\n|\n|upkeep\n|\n|t:|1700748044\n|switch|p2a: Breloom|Breloom, M|100\/100\n|-damage|p2a: Breloom|94\/100|[from] Stealth Rock\n|turn|13\n|\n|t:|1700748053\n|move|p2a: Breloom|Mach Punch|p1a: Great Tusk\n|-damage|p1a: Great Tusk|0 fnt\n|faint|p1a: Great Tusk\n|-end|p1a: Great Tusk|Protosynthesis|[silent]\n|\n|upkeep\n|\n|t:|1700748057\n|switch|p1a: Iron Moth|Iron Moth|100\/100\n|turn|14\n|\n|t:|1700748076\n|-terastallize|p2a: Breloom|Fighting\n|move|p1a: Iron Moth|Fiery Dance|p2a: Breloom\n|-damage|p2a: Breloom|19\/100\n|move|p2a: Breloom|Rock Tomb|p1a: Iron Moth\n|-supereffective|p1a: Iron Moth\n|-damage|p1a: Iron Moth|10\/100\n|-unboost|p1a: Iron Moth|spe|1\n|\n|upkeep\n|turn|15\n|\n|t:|1700748085\n|-end|p1a: Iron Moth|Quark Drive|[silent]\n|switch|p1a: Dragapult|Dragapult, M|100\/100\n|move|p2a: Breloom|Mach Punch|p1a: Dragapult\n|-immune|p1a: Dragapult\n|\n|upkeep\n|turn|16\n|\n|t:|1700748096\n|move|p1a: Dragapult|Shadow Ball|p2a: Breloom\n|-damage|p2a: Breloom|0 fnt\n|faint|p2a: Breloom\n|\n|upkeep\n|\n|t:|1700748098\n|switch|p2a: Slowking|Slowking-Galar, M|100\/100 par\n|-damage|p2a: Slowking|88\/100 par|[from] Stealth Rock\n|turn|17\n|\n|t:|1700748113\n|-terastallize|p1a: Dragapult|Ghost\n|move|p1a: Dragapult|Shadow Ball|p2a: Slowking\n|-supereffective|p2a: Slowking\n|-damage|p2a: Slowking|16\/100 par\n|move|p2a: Slowking|Ice Beam|p1a: Dragapult\n|-damage|p1a: Dragapult|61\/100\n|\n|upkeep\n|turn|18\n|\n|t:|1700748132\n|switch|p2a: Ribombee|Ribombee, M|83\/100\n|-damage|p2a: Ribombee|58\/100|[from] Stealth Rock\n|move|p1a: Dragapult|Shadow Ball|p2a: Ribombee\n|-damage|p2a: Ribombee|0 fnt\n|faint|p2a: Ribombee\n|\n|upkeep\n|\n|t:|1700748134\n|switch|p2a: Regidrago|Regidrago|100\/100\n|-damage|p2a: Regidrago|88\/100|[from] Stealth Rock\n|turn|19\n|inactive|Joaaquinmp has 120 seconds left.\n|\n|t:|1700748175\n|switch|p1a: TWINKATON|Tinkaton, F|75\/100\n|move|p2a: Regidrago|Draco Meteor|p1a: TWINKATON\n|-immune|p1a: TWINKATON\n|\n|upkeep\n|turn|20\n|\n|t:|1700748190\n|switch|p2a: Slowking|Slowking-Galar, M|49\/100 par\n|-damage|p2a: Slowking|37\/100 par|[from] Stealth Rock\n|move|p1a: TWINKATON|Play Rough|p2a: Slowking\n|-resisted|p2a: Slowking\n|-damage|p2a: Slowking|23\/100 par\n|\n|upkeep\n|turn|21\n|\n|t:|1700748198\n|switch|p1a: Iron Moth|Iron Moth|10\/100\n|switch|p2a: Regidrago|Regidrago|88\/100\n|-damage|p2a: Regidrago|76\/100|[from] Stealth Rock\n|\n|upkeep\n|turn|22\n|\n|t:|1700748205\n|move|p1a: Iron Moth|Dazzling Gleam|p2a: Regidrago\n|-supereffective|p2a: Regidrago\n|-damage|p2a: Regidrago|15\/100\n|move|p2a: Regidrago|Earth Power|p1a: Iron Moth\n|-supereffective|p1a: Iron Moth\n|-crit|p1a: Iron Moth\n|-damage|p1a: Iron Moth|0 fnt\n|faint|p1a: Iron Moth\n|-end|p1a: Iron Moth|Quark Drive|[silent]\n|\n|upkeep\n|\n|t:|1700748212\n|switch|p1a: Dragapult|Dragapult, M, tera:Ghost|61\/100\n|turn|23\n|\n|t:|1700748217\n|move|p1a: Dragapult|Shadow Ball|p2a: Regidrago\n|-damage|p2a: Regidrago|0 fnt\n|faint|p2a: Regidrago\n|\n|upkeep\n|c|\u2606Onte bad|ggs\n|\n|t:|1700748219\n|switch|p2a: Slowking|Slowking-Galar, M|57\/100 par\n|-damage|p2a: Slowking|44\/100 par|[from] Stealth Rock\n|turn|24\n|\n|t:|1700748221\n|move|p1a: Dragapult|Shadow Ball|p2a: Slowking\n|-supereffective|p2a: Slowking\n|-damage|p2a: Slowking|0 fnt\n|faint|p2a: Slowking\n|\n|win|Joaaquinmp\n|raw|Joaaquinmp's rating: 1293 &rarr; <strong>1314<\/strong><br \/>(+21 for winning)\n|raw|Onte bad's rating: 1241 &rarr; <strong>1220<\/strong><br \/>(-21 for losing)\n","uploadtime":1700748224,"views":0,"p1id":"joaaquinmp","p2id":"ontebad","formatid":"gen9ou","rating":1220,"private":0,"password":""}