{"id":"gen9ou-1997073118","p1":"Lux2821","p2":"Pretendigotaname","format":"[Gen 9] OU","log":"|j|\u2606Lux2821\n|j|\u2606Pretendigotaname\n|t:|1700761775\n|gametype|singles\n|player|p1|Lux2821|lusamine-nihilego|\n|player|p2|Pretendigotaname|dawn-gen4pt|\n|teamsize|p1|6\n|teamsize|p2|6\n|gen|9\n|tier|[Gen 9] OU\n|rule|Sleep Clause Mod: Limit one foe put to sleep\n|rule|Species Clause: Limit one of each Pok\u00e9mon\n|rule|OHKO Clause: OHKO moves are banned\n|rule|Evasion Items Clause: Evasion items are banned\n|rule|Evasion Moves Clause: Evasion moves are banned\n|rule|Endless Battle Clause: Forcing endless battles is banned\n|rule|HP Percentage Mod: HP is shown in percentages\n|clearpoke\n|poke|p1|Iron Valiant|\n|poke|p1|Cinderace, M|\n|poke|p1|Gholdengo|\n|poke|p1|Ogerpon-Wellspring, F|\n|poke|p1|Iron Moth|\n|poke|p1|Landorus-Therian, M|\n|poke|p2|Landorus-Therian, M|\n|poke|p2|Dragapult, M|\n|poke|p2|Ogerpon-Wellspring, F|\n|poke|p2|Wattrel, L1, M|\n|poke|p2|Heatran, M|\n|poke|p2|Iron Valiant|\n|teampreview\n|inactive|Battle timer is ON: inactive players will automatically lose when time's up. (requested by Lux2821)\n|c|\u2606Pretendigotaname|glhf\n|c|\u2606Lux2821|u2\n|\n|t:|1700761801\n|start\n|switch|p1a: Hazard Switcheroo|Cinderace, M|100\/100\n|switch|p2a: Heatran|Heatran, M|100\/100\n|turn|1\n|\n|t:|1700761804\n|move|p1a: Hazard Switcheroo|High Jump Kick|p2a: Heatran|[miss]\n|-start|p1a: Hazard Switcheroo|typechange|Fighting|[from] ability: Libero\n|-miss|p1a: Hazard Switcheroo|p2a: Heatran\n|-damage|p1a: Hazard Switcheroo|51\/100|[from] highjumpkick\n|move|p2a: Heatran|Dragon Pulse|p1a: Hazard Switcheroo\n|-damage|p1a: Hazard Switcheroo|5\/100\n|\n|upkeep\n|turn|2\n|\n|t:|1700761808\n|move|p1a: Hazard Switcheroo|High Jump Kick|p2a: Heatran\n|-supereffective|p2a: Heatran\n|-crit|p2a: Heatran\n|-damage|p2a: Heatran|0 fnt\n|faint|p2a: Heatran\n|\n|upkeep\n|c|\u2606Lux2821|i hate this\n|\n|t:|1700761815\n|switch|p2a: Dragapult|Dragapult, M|100\/100\n|turn|3\n|\n|t:|1700761822\n|switch|p1a: Hammer Head|Landorus-Therian, M|100\/100\n|-ability|p1a: Hammer Head|Intimidate|boost\n|-fail|p2a: Dragapult|unboost|[from] ability: Clear Body|[of] p2a: Dragapult\n|move|p2a: Dragapult|Phantom Force||[still]\n|-prepare|p2a: Dragapult|Phantom Force\n|\n|upkeep\n|turn|4\n|c|\u2606Pretendigotaname|remember\n|c|\u2606Pretendigotaname|if it not 100% accurate\n|c|\u2606Lux2821|no\n|c|\u2606Pretendigotaname|it is 50% accurate\n|\n|t:|1700761844\n|move|p1a: Hammer Head|Stealth Rock|p2a: Dragapult\n|-sidestart|p2: Pretendigotaname|move: Stealth Rock\n|move|p2a: Dragapult|Phantom Force|p1a: Hammer Head|[from]lockedmove\n|-damage|p1a: Hammer Head|52\/100\n|\n|upkeep\n|turn|5\n|\n|t:|1700761852\n|switch|p1a: Monarch|Iron Valiant|100\/100\n|-enditem|p1a: Monarch|Booster Energy\n|-activate|p1a: Monarch|ability: Quark Drive|[fromitem]\n|-start|p1a: Monarch|quarkdrivespe\n|move|p2a: Dragapult|Phantom Force||[still]\n|-prepare|p2a: Dragapult|Phantom Force\n|\n|upkeep\n|turn|6\n|\n|t:|1700761858\n|move|p1a: Monarch|Calm Mind|p1a: Monarch\n|-boost|p1a: Monarch|spa|1\n|-boost|p1a: Monarch|spd|1\n|move|p2a: Dragapult|Phantom Force|p1a: Monarch|[from]lockedmove\n|-damage|p1a: Monarch|43\/100\n|\n|upkeep\n|turn|7\n|\n|t:|1700761864\n|move|p1a: Monarch|Moonblast|p2a: Dragapult\n|-supereffective|p2a: Dragapult\n|-damage|p2a: Dragapult|0 fnt\n|faint|p2a: Dragapult\n|\n|upkeep\n|\n|t:|1700761870\n|switch|p2a: Landorus|Landorus-Therian, M|100\/100\n|-damage|p2a: Landorus|88\/100|[from] Stealth Rock\n|-ability|p2a: Landorus|Intimidate|boost\n|-unboost|p1a: Monarch|atk|1\n|turn|8\n|\n|t:|1700761874\n|move|p1a: Monarch|Moonblast|p2a: Landorus\n|-damage|p2a: Landorus|27\/100\n|move|p2a: Landorus|Earthquake|p1a: Monarch\n|-damage|p1a: Monarch|0 fnt\n|faint|p1a: Monarch\n|-end|p1a: Monarch|Quark Drive|[silent]\n|\n|upkeep\n|\n|t:|1700761883\n|switch|p1a: Sad Moments|Ogerpon-Wellspring, F|100\/100\n|turn|9\n|c|\u2606Pretendigotaname|special valiant is hurting my head\n|\n|t:|1700761891\n|move|p1a: Sad Moments|Horn Leech|p2a: Landorus\n|-damage|p2a: Landorus|0 fnt\n|faint|p2a: Landorus\n|\n|upkeep\n|\n|t:|1700761898\n|switch|p2a: Iron Valiant|Iron Valiant|100\/100\n|-damage|p2a: Iron Valiant|94\/100|[from] Stealth Rock\n|-enditem|p2a: Iron Valiant|Booster Energy\n|-activate|p2a: Iron Valiant|ability: Quark Drive|[fromitem]\n|-start|p2a: Iron Valiant|quarkdriveatk\n|turn|10\n|c|\u2606Lux2821|special valiant W\n|\n|t:|1700761907\n|-terastallize|p1a: Sad Moments|Water\n|detailschange|p1a: Sad Moments|Ogerpon-Wellspring-Tera, F, tera:Water\n|-ability|p1a: Sad Moments|Embody Aspect (Wellspring)|boost\n|-boost|p1a: Sad Moments|spd|1\n|move|p1a: Sad Moments|Spiky Shield|p1a: Sad Moments\n|-singleturn|p1a: Sad Moments|move: Protect\n|move|p2a: Iron Valiant|Spirit Break|p1a: Sad Moments\n|-activate|p1a: Sad Moments|move: Protect\n|-damage|p2a: Iron Valiant|82\/100|[from] Spiky Shield|[of] p1a: Sad Moments\n|\n|upkeep\n|turn|11\n|\n|t:|1700761919\n|move|p1a: Sad Moments|Ivy Cudgel|p2a: Iron Valiant|[anim] Ivy Cudgel Water\n|-damage|p2a: Iron Valiant|0 fnt\n|faint|p2a: Iron Valiant\n|-end|p2a: Iron Valiant|Quark Drive|[silent]\n|\n|upkeep\n|\n|t:|1700761922\n|switch|p2a: Ogerpon|Ogerpon-Wellspring, F|100\/100\n|-damage|p2a: Ogerpon|88\/100|[from] Stealth Rock\n|turn|12\n|c|\u2606Pretendigotaname|gg\n|\n|t:|1700761924\n|move|p1a: Sad Moments|Horn Leech|p2a: Ogerpon\n|-damage|p2a: Ogerpon|33\/100\n|move|p2a: Ogerpon|Horn Leech|p1a: Sad Moments\n|-supereffective|p1a: Sad Moments\n|-damage|p1a: Sad Moments|0 fnt\n|-heal|p2a: Ogerpon|83\/100|[from] drain|[of] p1a: Sad Moments\n|faint|p1a: Sad Moments\n|\n|upkeep\n|c|\u2606Lux2821|gg\n|\n|t:|1700761934\n|switch|p1a: Hazard Switcheroo|Cinderace, M|5\/100\n|turn|13\n|\n|t:|1700761939\n|move|p1a: Hazard Switcheroo|High Jump Kick|p2a: Ogerpon\n|-start|p1a: Hazard Switcheroo|typechange|Fighting|[from] ability: Libero\n|-damage|p2a: Ogerpon|3\/100\n|move|p2a: Ogerpon|Ivy Cudgel|p1a: Hazard Switcheroo|[anim] Ivy Cudgel Water\n|-damage|p1a: Hazard Switcheroo|0 fnt\n|faint|p1a: Hazard Switcheroo\n|\n|upkeep\n|\n|t:|1700761944\n|switch|p1a: Hammer Head|Landorus-Therian, M|52\/100\n|-ability|p1a: Hammer Head|Intimidate|boost\n|-unboost|p2a: Ogerpon|atk|1\n|turn|14\n|\n|t:|1700761946\n|move|p1a: Hammer Head|U-turn|p2a: Ogerpon\n|-supereffective|p2a: Ogerpon\n|-crit|p2a: Ogerpon\n|-damage|p2a: Ogerpon|0 fnt\n|faint|p2a: Ogerpon\n|\n|t:|1700761950\n|switch|p1a: Cheeseeee|Gholdengo|100\/100|[from] U-turn\n|-item|p1a: Cheeseeee|Air Balloon\n|\n|upkeep\n|\n|t:|1700761952\n|switch|p2a: Wattrel|Wattrel, L1, M|100\/100\n|-damage|p2a: Wattrel|75\/100|[from] Stealth Rock\n|turn|15\n|\n|t:|1700761955\n|move|p1a: Cheeseeee|Nasty Plot|p1a: Cheeseeee\n|-boost|p1a: Cheeseeee|spa|2\n|move|p2a: Wattrel|Endeavor|p1a: Cheeseeee\n|-immune|p1a: Cheeseeee\n|\n|upkeep\n|turn|16\n|\n|t:|1700761957\n|move|p1a: Cheeseeee|Nasty Plot|p1a: Cheeseeee\n|-boost|p1a: Cheeseeee|spa|2\n|move|p2a: Wattrel|Endeavor|p1a: Cheeseeee\n|-immune|p1a: Cheeseeee\n|\n|upkeep\n|turn|17\n|\n|t:|1700761959\n|move|p1a: Cheeseeee|Nasty Plot|p1a: Cheeseeee\n|-boost|p1a: Cheeseeee|spa|2\n|move|p2a: Wattrel|Endeavor|p1a: Cheeseeee\n|-immune|p1a: Cheeseeee\n|\n|upkeep\n|turn|18\n|\n|t:|1700761961\n|move|p2a: Wattrel|Protect|p2a: Wattrel\n|-singleturn|p2a: Wattrel|Protect\n|move|p1a: Cheeseeee|Nasty Plot|p1a: Cheeseeee\n|-boost|p1a: Cheeseeee|spa|0\n|\n|upkeep\n|turn|19\n|\n|t:|1700761963\n|move|p2a: Wattrel|Protect||[still]\n|-fail|p2a: Wattrel\n|move|p1a: Cheeseeee|Nasty Plot|p1a: Cheeseeee\n|-boost|p1a: Cheeseeee|spa|0\n|\n|upkeep\n|turn|20\n|c|\u2606Pretendigotaname|why\n|c|\u2606Lux2821|eh\n|\n|t:|1700761972\n|move|p2a: Wattrel|Protect|p2a: Wattrel\n|-singleturn|p2a: Wattrel|Protect\n|move|p1a: Cheeseeee|Nasty Plot|p1a: Cheeseeee\n|-boost|p1a: Cheeseeee|spa|0\n|\n|upkeep\n|turn|21\n|c|\u2606Lux2821|idk\n|\n|t:|1700761975\n|move|p2a: Wattrel|Quick Attack|p1a: Cheeseeee\n|-immune|p1a: Cheeseeee\n|move|p1a: Cheeseeee|Nasty Plot|p1a: Cheeseeee\n|-boost|p1a: Cheeseeee|spa|0\n|\n|upkeep\n|turn|22\n|\n|t:|1700761977\n|move|p1a: Cheeseeee|Nasty Plot|p1a: Cheeseeee\n|-boost|p1a: Cheeseeee|spa|0\n|move|p2a: Wattrel|Endeavor|p1a: Cheeseeee\n|-immune|p1a: Cheeseeee\n|\n|upkeep\n|turn|23\n|\n|t:|1700761979\n|move|p2a: Wattrel|Quick Attack|p1a: Cheeseeee\n|-immune|p1a: Cheeseeee\n|move|p1a: Cheeseeee|Nasty Plot|p1a: Cheeseeee\n|-boost|p1a: Cheeseeee|spa|0\n|\n|upkeep\n|turn|24\n|\n|t:|1700761982\n|move|p2a: Wattrel|Quick Attack|p1a: Cheeseeee\n|-immune|p1a: Cheeseeee\n|move|p1a: Cheeseeee|Nasty Plot|p1a: Cheeseeee\n|-boost|p1a: Cheeseeee|spa|0\n|\n|upkeep\n|turn|25\n|\n|t:|1700761985\n|move|p1a: Cheeseeee|Nasty Plot|p1a: Cheeseeee\n|-boost|p1a: Cheeseeee|spa|0\n|move|p2a: Wattrel|Endeavor|p1a: Cheeseeee\n|-immune|p1a: Cheeseeee\n|\n|upkeep\n|turn|26\n|\n|t:|1700761987\n|move|p2a: Wattrel|Quick Attack|p1a: Cheeseeee\n|-immune|p1a: Cheeseeee\n|move|p1a: Cheeseeee|Nasty Plot|p1a: Cheeseeee\n|-boost|p1a: Cheeseeee|spa|0\n|\n|upkeep\n|turn|27\n|\n|t:|1700761990\n|move|p1a: Cheeseeee|Nasty Plot|p1a: Cheeseeee\n|-boost|p1a: Cheeseeee|spa|0\n|move|p2a: Wattrel|Endeavor|p1a: Cheeseeee\n|-immune|p1a: Cheeseeee\n|\n|upkeep\n|turn|28\n|\n|t:|1700761991\n|move|p1a: Cheeseeee|Nasty Plot|p1a: Cheeseeee\n|-boost|p1a: Cheeseeee|spa|0\n|move|p2a: Wattrel|Endeavor|p1a: Cheeseeee\n|-immune|p1a: Cheeseeee\n|\n|upkeep\n|turn|29\n|\n|t:|1700761994\n|move|p1a: Cheeseeee|Nasty Plot|p1a: Cheeseeee\n|-boost|p1a: Cheeseeee|spa|0\n|move|p2a: Wattrel|Endeavor|p1a: Cheeseeee\n|-immune|p1a: Cheeseeee\n|\n|upkeep\n|turn|30\n|\n|t:|1700761995\n|move|p2a: Wattrel|Quick Attack|p1a: Cheeseeee\n|-immune|p1a: Cheeseeee\n|move|p1a: Cheeseeee|Nasty Plot|p1a: Cheeseeee\n|-boost|p1a: Cheeseeee|spa|0\n|\n|upkeep\n|turn|31\n|\n|t:|1700761999\n|switch|p1a: Hammer Head|Landorus-Therian, M|52\/100\n|-ability|p1a: Hammer Head|Intimidate|boost\n|-unboost|p2a: Wattrel|atk|1\n|move|p2a: Wattrel|Quick Attack|p1a: Hammer Head\n|-damage|p1a: Hammer Head|52\/100\n|\n|upkeep\n|turn|32\n|\n|t:|1700762005\n|switch|p1a: Cheeseeee|Gholdengo|100\/100\n|-item|p1a: Cheeseeee|Air Balloon\n|move|p2a: Wattrel|Quick Attack|p1a: Cheeseeee\n|-immune|p1a: Cheeseeee\n|\n|upkeep\n|turn|33\n|\n|t:|1700762008\n|switch|p1a: Hammer Head|Landorus-Therian, M|52\/100\n|-ability|p1a: Hammer Head|Intimidate|boost\n|-unboost|p2a: Wattrel|atk|1\n|move|p2a: Wattrel|Quick Attack|p1a: Hammer Head\n|-damage|p1a: Hammer Head|52\/100\n|\n|upkeep\n|turn|34\n|\n|t:|1700762010\n|switch|p1a: Cheeseeee|Gholdengo|100\/100\n|-item|p1a: Cheeseeee|Air Balloon\n|move|p2a: Wattrel|Quick Attack|p1a: Cheeseeee\n|-immune|p1a: Cheeseeee\n|\n|upkeep\n|turn|35\n|\n|t:|1700762018\n|switch|p1a: Hammer Head|Landorus-Therian, M|52\/100\n|-ability|p1a: Hammer Head|Intimidate|boost\n|-unboost|p2a: Wattrel|atk|1\n|move|p2a: Wattrel|Quick Attack|p1a: Hammer Head\n|-damage|p1a: Hammer Head|51\/100\n|\n|upkeep\n|turn|36\n|\n|t:|1700762021\n|switch|p1a: Cheeseeee|Gholdengo|100\/100\n|-item|p1a: Cheeseeee|Air Balloon\n|move|p2a: Wattrel|Quick Attack|p1a: Cheeseeee\n|-immune|p1a: Cheeseeee\n|\n|upkeep\n|turn|37\n|\n|t:|1700762024\n|switch|p1a: Hammer Head|Landorus-Therian, M|51\/100\n|-ability|p1a: Hammer Head|Intimidate|boost\n|-unboost|p2a: Wattrel|atk|1\n|move|p2a: Wattrel|Quick Attack|p1a: Hammer Head\n|-damage|p1a: Hammer Head|51\/100\n|\n|upkeep\n|turn|38\n|\n|t:|1700762026\n|switch|p1a: Cheeseeee|Gholdengo|100\/100\n|-item|p1a: Cheeseeee|Air Balloon\n|move|p2a: Wattrel|Quick Attack|p1a: Cheeseeee\n|-immune|p1a: Cheeseeee\n|\n|upkeep\n|turn|39\n|\n|t:|1700762029\n|switch|p1a: Hammer Head|Landorus-Therian, M|51\/100\n|-ability|p1a: Hammer Head|Intimidate|boost\n|-unboost|p2a: Wattrel|atk|1\n|move|p2a: Wattrel|Protect||[still]\n|-fail|p2a: Wattrel\n|\n|upkeep\n|turn|40\n|\n|t:|1700762042\n|move|p2a: Wattrel|Protect|p2a: Wattrel\n|-singleturn|p2a: Wattrel|Protect\n|move|p1a: Hammer Head|Stealth Rock||[still]\n|-fail|p1a: Hammer Head\n|\n|upkeep\n|turn|41\n|\n|t:|1700762045\n|move|p2a: Wattrel|Quick Attack|p1a: Hammer Head\n|-damage|p1a: Hammer Head|51\/100\n|move|p1a: Hammer Head|Stealth Rock||[still]\n|-fail|p1a: Hammer Head\n|\n|upkeep\n|turn|42\n|\n|t:|1700762047\n|move|p2a: Wattrel|Quick Attack|p1a: Hammer Head\n|-damage|p1a: Hammer Head|50\/100\n|move|p1a: Hammer Head|Stealth Rock||[still]\n|-fail|p1a: Hammer Head\n|\n|upkeep\n|turn|43\n|\n|t:|1700762050\n|move|p2a: Wattrel|Quick Attack|p1a: Hammer Head\n|-damage|p1a: Hammer Head|50\/100\n|move|p1a: Hammer Head|Stealth Rock||[still]\n|-fail|p1a: Hammer Head\n|\n|upkeep\n|turn|44\n|\n|t:|1700762053\n|move|p2a: Wattrel|Quick Attack|p1a: Hammer Head\n|-damage|p1a: Hammer Head|50\/100\n|move|p1a: Hammer Head|Stealth Rock||[still]\n|-fail|p1a: Hammer Head\n|\n|upkeep\n|turn|45\n|\n|t:|1700762056\n|-terastallize|p2a: Wattrel|Electric\n|move|p2a: Wattrel|Quick Attack|p1a: Hammer Head\n|-damage|p1a: Hammer Head|49\/100\n|move|p1a: Hammer Head|Stealth Rock||[still]\n|-fail|p1a: Hammer Head\n|\n|upkeep\n|turn|46\n|\n|t:|1700762059\n|move|p2a: Wattrel|Quick Attack|p1a: Hammer Head\n|-damage|p1a: Hammer Head|49\/100\n|move|p1a: Hammer Head|Stealth Rock||[still]\n|-fail|p1a: Hammer Head\n|\n|upkeep\n|turn|47\n|\n|t:|1700762061\n|move|p2a: Wattrel|Quick Attack|p1a: Hammer Head\n|-damage|p1a: Hammer Head|49\/100\n|move|p1a: Hammer Head|Stealth Rock||[still]\n|-fail|p1a: Hammer Head\n|\n|upkeep\n|turn|48\n|\n|t:|1700762063\n|move|p2a: Wattrel|Quick Attack|p1a: Hammer Head\n|-damage|p1a: Hammer Head|48\/100\n|move|p1a: Hammer Head|Stealth Rock||[still]\n|-fail|p1a: Hammer Head\n|\n|upkeep\n|turn|49\n|\n|t:|1700762065\n|move|p2a: Wattrel|Quick Attack|p1a: Hammer Head\n|-damage|p1a: Hammer Head|48\/100\n|move|p1a: Hammer Head|Stealth Rock||[still]\n|-fail|p1a: Hammer Head\n|\n|upkeep\n|turn|50\n|\n|t:|1700762067\n|move|p2a: Wattrel|Quick Attack|p1a: Hammer Head\n|-damage|p1a: Hammer Head|48\/100\n|move|p1a: Hammer Head|Stealth Rock||[still]\n|-fail|p1a: Hammer Head\n|\n|upkeep\n|turn|51\n|\n|t:|1700762069\n|move|p2a: Wattrel|Quick Attack|p1a: Hammer Head\n|-damage|p1a: Hammer Head|48\/100\n|move|p1a: Hammer Head|Stealth Rock||[still]\n|-fail|p1a: Hammer Head\n|\n|upkeep\n|turn|52\n|\n|t:|1700762073\n|move|p2a: Wattrel|Quick Attack|p1a: Hammer Head\n|-damage|p1a: Hammer Head|47\/100\n|move|p1a: Hammer Head|Stealth Rock||[still]\n|-fail|p1a: Hammer Head\n|\n|upkeep\n|turn|53\n|\n|t:|1700762074\n|move|p2a: Wattrel|Quick Attack|p1a: Hammer Head\n|-damage|p1a: Hammer Head|47\/100\n|move|p1a: Hammer Head|Stealth Rock||[still]\n|-fail|p1a: Hammer Head\n|\n|upkeep\n|turn|54\n|\n|t:|1700762077\n|move|p2a: Wattrel|Quick Attack|p1a: Hammer Head\n|-damage|p1a: Hammer Head|47\/100\n|move|p1a: Hammer Head|Stealth Rock||[still]\n|-fail|p1a: Hammer Head\n|\n|upkeep\n|turn|55\n|\n|t:|1700762080\n|move|p2a: Wattrel|Quick Attack|p1a: Hammer Head\n|-damage|p1a: Hammer Head|46\/100\n|move|p1a: Hammer Head|Stealth Rock||[still]\n|-fail|p1a: Hammer Head\n|\n|upkeep\n|turn|56\n|\n|t:|1700762083\n|switch|p1a: Cheeseeee|Gholdengo|100\/100\n|-item|p1a: Cheeseeee|Air Balloon\n|move|p2a: Wattrel|Quick Attack|p1a: Cheeseeee\n|-immune|p1a: Cheeseeee\n|\n|upkeep\n|turn|57\n|c|\u2606Pretendigotaname|why\n|c|\u2606Pretendigotaname|just why\n|\n|t:|1700762089\n|switch|p1a: Hammer Head|Landorus-Therian, M|46\/100\n|-ability|p1a: Hammer Head|Intimidate|boost\n|-unboost|p2a: Wattrel|atk|1\n|move|p2a: Wattrel|Quick Attack|p1a: Hammer Head\n|-damage|p1a: Hammer Head|46\/100\n|\n|upkeep\n|turn|58\n|\n|t:|1700762093\n|switch|p1a: Cheeseeee|Gholdengo|100\/100\n|-item|p1a: Cheeseeee|Air Balloon\n|move|p2a: Wattrel|Quick Attack|p1a: Cheeseeee\n|-immune|p1a: Cheeseeee\n|\n|upkeep\n|turn|59\n|c|\u2606Pretendigotaname|for what reason\n|\n|t:|1700762097\n|switch|p1a: Hammer Head|Landorus-Therian, M|46\/100\n|-ability|p1a: Hammer Head|Intimidate|boost\n|-unboost|p2a: Wattrel|atk|0\n|move|p2a: Wattrel|Quick Attack|p1a: Hammer Head\n|-damage|p1a: Hammer Head|45\/100\n|\n|upkeep\n|turn|60\n|\n|t:|1700762099\n|switch|p1a: Cheeseeee|Gholdengo|100\/100\n|-item|p1a: Cheeseeee|Air Balloon\n|move|p2a: Wattrel|Quick Attack|p1a: Cheeseeee\n|-immune|p1a: Cheeseeee\n|\n|upkeep\n|turn|61\n|\n|t:|1700762101\n|switch|p1a: Hammer Head|Landorus-Therian, M|45\/100\n|-ability|p1a: Hammer Head|Intimidate|boost\n|-unboost|p2a: Wattrel|atk|0\n|move|p2a: Wattrel|Quick Attack|p1a: Hammer Head\n|-damage|p1a: Hammer Head|45\/100\n|\n|upkeep\n|turn|62\n|\n|t:|1700762103\n|switch|p1a: Cheeseeee|Gholdengo|100\/100\n|-item|p1a: Cheeseeee|Air Balloon\n|move|p2a: Wattrel|Quick Attack|p1a: Cheeseeee\n|-immune|p1a: Cheeseeee\n|\n|upkeep\n|turn|63\n|\n|t:|1700762106\n|switch|p1a: Hammer Head|Landorus-Therian, M|45\/100\n|-ability|p1a: Hammer Head|Intimidate|boost\n|-unboost|p2a: Wattrel|atk|0\n|move|p2a: Wattrel|Quick Attack|p1a: Hammer Head\n|-damage|p1a: Hammer Head|45\/100\n|\n|upkeep\n|turn|64\n|\n|t:|1700762108\n|switch|p1a: Cheeseeee|Gholdengo|100\/100\n|-item|p1a: Cheeseeee|Air Balloon\n|move|p2a: Wattrel|Quick Attack|p1a: Cheeseeee\n|-immune|p1a: Cheeseeee\n|\n|upkeep\n|turn|65\n|\n|t:|1700762110\n|switch|p1a: Hammer Head|Landorus-Therian, M|45\/100\n|-ability|p1a: Hammer Head|Intimidate|boost\n|-unboost|p2a: Wattrel|atk|0\n|move|p2a: Wattrel|Quick Attack|p1a: Hammer Head\n|-damage|p1a: Hammer Head|44\/100\n|\n|upkeep\n|turn|66\n|\n|t:|1700762113\n|switch|p1a: Cheeseeee|Gholdengo|100\/100\n|-item|p1a: Cheeseeee|Air Balloon\n|move|p2a: Wattrel|Quick Attack|p1a: Cheeseeee\n|-immune|p1a: Cheeseeee\n|\n|upkeep\n|turn|67\n|\n|t:|1700762119\n|switch|p1a: Hammer Head|Landorus-Therian, M|44\/100\n|-ability|p1a: Hammer Head|Intimidate|boost\n|-unboost|p2a: Wattrel|atk|0\n|move|p2a: Wattrel|Quick Attack|p1a: Hammer Head\n|-damage|p1a: Hammer Head|44\/100\n|\n|upkeep\n|turn|68\n|\n|t:|1700762123\n|switch|p1a: Cheeseeee|Gholdengo|100\/100\n|-item|p1a: Cheeseeee|Air Balloon\n|move|p2a: Wattrel|Protect||[still]\n|-fail|p2a: Wattrel\n|\n|upkeep\n|turn|69\n|\n|t:|1700762126\n|switch|p1a: Hammer Head|Landorus-Therian, M|44\/100\n|-ability|p1a: Hammer Head|Intimidate|boost\n|-unboost|p2a: Wattrel|atk|0\n|move|p2a: Wattrel|Quick Attack|p1a: Hammer Head\n|-damage|p1a: Hammer Head|43\/100\n|\n|upkeep\n|turn|70\n|\n|t:|1700762128\n|switch|p1a: Cheeseeee|Gholdengo|100\/100\n|-item|p1a: Cheeseeee|Air Balloon\n|move|p2a: Wattrel|Quick Attack|p1a: Cheeseeee\n|-immune|p1a: Cheeseeee\n|\n|upkeep\n|turn|71\n|\n|t:|1700762132\n|switch|p1a: Hammer Head|Landorus-Therian, M|43\/100\n|-ability|p1a: Hammer Head|Intimidate|boost\n|-unboost|p2a: Wattrel|atk|0\n|move|p2a: Wattrel|Quick Attack|p1a: Hammer Head\n|-damage|p1a: Hammer Head|43\/100\n|\n|upkeep\n|turn|72\n|\n|t:|1700762135\n|switch|p1a: Cheeseeee|Gholdengo|100\/100\n|-item|p1a: Cheeseeee|Air Balloon\n|move|p2a: Wattrel|Quick Attack|p1a: Cheeseeee\n|-immune|p1a: Cheeseeee\n|\n|upkeep\n|turn|73\n|\n|t:|1700762139\n|switch|p1a: Hammer Head|Landorus-Therian, M|43\/100\n|-ability|p1a: Hammer Head|Intimidate|boost\n|-unboost|p2a: Wattrel|atk|0\n|move|p2a: Wattrel|Quick Attack|p1a: Hammer Head\n|-damage|p1a: Hammer Head|43\/100\n|\n|upkeep\n|turn|74\n|\n|t:|1700762141\n|move|p2a: Wattrel|Quick Attack|p1a: Hammer Head\n|-damage|p1a: Hammer Head|43\/100\n|move|p1a: Hammer Head|Stealth Rock||[still]\n|-fail|p1a: Hammer Head\n|\n|upkeep\n|turn|75\n|\n|t:|1700762143\n|move|p2a: Wattrel|Quick Attack|p1a: Hammer Head\n|-damage|p1a: Hammer Head|42\/100\n|move|p1a: Hammer Head|Stealth Rock||[still]\n|-fail|p1a: Hammer Head\n|\n|upkeep\n|turn|76\n|\n|t:|1700762147\n|move|p2a: Wattrel|Quick Attack|p1a: Hammer Head\n|-damage|p1a: Hammer Head|42\/100\n|move|p1a: Hammer Head|Stealth Rock||[still]\n|-fail|p1a: Hammer Head\n|\n|upkeep\n|turn|77\n|\n|t:|1700762149\n|move|p2a: Wattrel|Protect|p2a: Wattrel\n|-singleturn|p2a: Wattrel|Protect\n|move|p1a: Hammer Head|Stealth Rock||[still]\n|-fail|p1a: Hammer Head\n|\n|upkeep\n|turn|78\n|\n|t:|1700762152\n|move|p2a: Wattrel|Protect||[still]\n|-fail|p2a: Wattrel\n|move|p1a: Hammer Head|Stealth Rock||[still]\n|-fail|p1a: Hammer Head\n|\n|upkeep\n|turn|79\n|\n|t:|1700762155\n|move|p2a: Wattrel|Protect|p2a: Wattrel\n|-singleturn|p2a: Wattrel|Protect\n|move|p1a: Hammer Head|Stealth Rock||[still]\n|-fail|p1a: Hammer Head\n|\n|upkeep\n|turn|80\n|\n|t:|1700762157\n|move|p2a: Wattrel|Protect||[still]\n|-fail|p2a: Wattrel\n|move|p1a: Hammer Head|Stealth Rock||[still]\n|-fail|p1a: Hammer Head\n|\n|upkeep\n|turn|81\n|\n|t:|1700762160\n|move|p2a: Wattrel|Protect|p2a: Wattrel\n|-singleturn|p2a: Wattrel|Protect\n|move|p1a: Hammer Head|Stealth Rock||[still]\n|-fail|p1a: Hammer Head\n|\n|upkeep\n|turn|82\n|\n|t:|1700762164\n|move|p2a: Wattrel|Protect||[still]\n|-fail|p2a: Wattrel\n|move|p1a: Hammer Head|Stealth Rock||[still]\n|-fail|p1a: Hammer Head\n|\n|upkeep\n|turn|83\n|\n|t:|1700762169\n|move|p2a: Wattrel|Protect|p2a: Wattrel\n|-singleturn|p2a: Wattrel|Protect\n|move|p1a: Hammer Head|Stealth Rock||[still]\n|-fail|p1a: Hammer Head\n|\n|upkeep\n|turn|84\n|\n|t:|1700762172\n|move|p2a: Wattrel|Protect||[still]\n|-fail|p2a: Wattrel\n|move|p1a: Hammer Head|Stealth Rock||[still]\n|-fail|p1a: Hammer Head\n|\n|upkeep\n|turn|85\n|\n|t:|1700762174\n|move|p2a: Wattrel|Protect|p2a: Wattrel\n|-singleturn|p2a: Wattrel|Protect\n|move|p1a: Hammer Head|Stealth Rock||[still]\n|-fail|p1a: Hammer Head\n|\n|upkeep\n|turn|86\n|\n|t:|1700762178\n|move|p2a: Wattrel|Protect|p2a: Wattrel\n|-singleturn|p2a: Wattrel|Protect\n|move|p1a: Hammer Head|Stealth Rock||[still]\n|-fail|p1a: Hammer Head\n|\n|upkeep\n|turn|87\n|\n|t:|1700762181\n|move|p1a: Hammer Head|Stealth Rock||[still]\n|-fail|p1a: Hammer Head\n|-activate|p2a: Wattrel|move: Struggle\n|move|p2a: Wattrel|Struggle|p1a: Hammer Head\n|-damage|p1a: Hammer Head|42\/100\n|-damage|p2a: Wattrel|50\/100|[from] recoil\n|\n|upkeep\n|turn|88\n|\n|t:|1700762193\n|switch|p1a: Cheeseeee|Gholdengo|100\/100\n|-item|p1a: Cheeseeee|Air Balloon\n|-activate|p2a: Wattrel|move: Struggle\n|move|p2a: Wattrel|Struggle|p1a: Cheeseeee\n|-damage|p1a: Cheeseeee|99\/100\n|-enditem|p1a: Cheeseeee|Air Balloon\n|-damage|p2a: Wattrel|25\/100|[from] recoil\n|\n|upkeep\n|turn|89\n|\n|t:|1700762203\n|move|p1a: Cheeseeee|Shadow Ball|p2a: Wattrel\n|-damage|p2a: Wattrel|0 fnt\n|faint|p2a: Wattrel\n|\n|win|Lux2821\n|c|\u2606Pretendigotaname|gg\n|c|\u2606Lux2821|gg\n","uploadtime":1700762208,"views":8,"p1id":"lux2821","p2id":"pretendigotaname","formatid":"gen9ou","rating":0,"private":0,"password":""}