{"id":"gen9ou-1989359790","p1":"UwUKittenFemboy","p2":"Airwave15","format":"[Gen 9] OU","log":"|j|\u2606UwUKittenFemboy\n|j|\u2606Airwave15\n|t:|1699840559\n|gametype|singles\n|player|p1|UwUKittenFemboy|aromalady|1000\n|player|p2|Airwave15|sabrina|1014\n|teamsize|p1|6\n|teamsize|p2|6\n|gen|9\n|tier|[Gen 9] OU\n|rated|\n|rule|Sleep Clause Mod: Limit one foe put to sleep\n|rule|Species Clause: Limit one of each Pok\u00e9mon\n|rule|OHKO Clause: OHKO moves are banned\n|rule|Evasion Items Clause: Evasion items are banned\n|rule|Evasion Moves Clause: Evasion moves are banned\n|rule|Endless Battle Clause: Forcing endless battles is banned\n|rule|HP Percentage Mod: HP is shown in percentages\n|clearpoke\n|poke|p1|Slowking-Galar, M|\n|poke|p1|Ting-Lu|\n|poke|p1|Corviknight, F|\n|poke|p1|Rotom-Wash|\n|poke|p1|Cinderace, M|\n|poke|p1|Iron Valiant|\n|poke|p2|Tinkaton, F|\n|poke|p2|Clefable, F|\n|poke|p2|Espeon, F|\n|poke|p2|Meowscarada, F|\n|poke|p2|Ceruledge, M|\n|poke|p2|Dondozo, F|\n|teampreview\n|c|\u2606UwUKittenFemboy|glhf!\n|\n|t:|1699840571\n|start\n|switch|p1a: Rotom|Rotom-Wash|100\/100\n|switch|p2a: Meowscarada|Meowscarada, F|100\/100\n|turn|1\n|\n|t:|1699840580\n|move|p2a: Meowscarada|Taunt|p1a: Rotom\n|-start|p1a: Rotom|move: Taunt\n|move|p1a: Rotom|Volt Switch|p2a: Meowscarada\n|-resisted|p2a: Meowscarada\n|-damage|p2a: Meowscarada|78\/100\n|\n|t:|1699840589\n|switch|p1a: Cinderace|Cinderace, M|100\/100|[from] Volt Switch\n|\n|upkeep\n|turn|2\n|\n|t:|1699840604\n|-terastallize|p2a: Meowscarada|Ghost\n|move|p2a: Meowscarada|Spikes|p1a: Cinderace\n|-sidestart|p1: UwUKittenFemboy|Spikes\n|move|p1a: Cinderace|Pyro Ball|p2a: Meowscarada\n|-damage|p2a: Meowscarada|6\/100\n|\n|upkeep\n|turn|3\n|\n|t:|1699840614\n|switch|p2a: Ceruledge|Ceruledge, M|100\/100\n|move|p1a: Cinderace|U-turn|p2a: Ceruledge\n|-resisted|p2a: Ceruledge\n|-damage|p2a: Ceruledge|95\/100\n|\n|t:|1699840623\n|switch|p1a: Slowking|Slowking-Galar, M|100\/100|[from] U-turn\n|\n|upkeep\n|turn|4\n|\n|t:|1699840628\n|move|p2a: Ceruledge|Bulk Up|p2a: Ceruledge\n|-boost|p2a: Ceruledge|atk|1\n|-boost|p2a: Ceruledge|def|1\n|move|p1a: Slowking|Future Sight|p2a: Ceruledge\n|-start|p1a: Slowking|move: Future Sight\n|\n|upkeep\n|turn|5\n|\n|t:|1699840642\n|move|p2a: Ceruledge|Bulk Up|p2a: Ceruledge\n|-boost|p2a: Ceruledge|atk|1\n|-boost|p2a: Ceruledge|def|1\n|move|p1a: Slowking|Thunder Wave|p2a: Ceruledge\n|-status|p2a: Ceruledge|par\n|\n|upkeep\n|turn|6\n|\n|t:|1699840652\n|switch|p1a: Iron Valiant|Iron Valiant|100\/100\n|-damage|p1a: Iron Valiant|88\/100|[from] Spikes\n|cant|p2a: Ceruledge|par\n|\n|-end|p2a: Ceruledge|move: Future Sight\n|-damage|p2a: Ceruledge|62\/100 par\n|upkeep\n|turn|7\n|\n|t:|1699840661\n|move|p1a: Iron Valiant|Shadow Ball|p2a: Ceruledge\n|-supereffective|p2a: Ceruledge\n|-damage|p2a: Ceruledge|10\/100 par\n|-unboost|p2a: Ceruledge|spd|1\n|move|p2a: Ceruledge|Bitter Blade|p1a: Iron Valiant\n|-damage|p1a: Iron Valiant|0 fnt\n|-heal|p2a: Ceruledge|45\/100 par|[from] drain|[of] p1a: Iron Valiant\n|faint|p1a: Iron Valiant\n|-end|p1a: Iron Valiant|Quark Drive|[silent]\n|\n|upkeep\n|\n|t:|1699840675\n|switch|p1a: Slowking|Slowking-Galar, M|100\/100\n|turn|8\n|\n|t:|1699840682\n|move|p2a: Ceruledge|Bitter Blade|p1a: Slowking\n|-damage|p1a: Slowking|40\/100\n|-heal|p2a: Ceruledge|79\/100 par|[from] drain|[of] p1a: Slowking\n|move|p1a: Slowking|Sludge Bomb|p2a: Ceruledge\n|-resisted|p2a: Ceruledge\n|-damage|p2a: Ceruledge|60\/100 par\n|\n|upkeep\n|turn|9\n|\n|t:|1699840698\n|switch|p1a: Ting-Lu|Ting-Lu|100\/100\n|-damage|p1a: Ting-Lu|88\/100|[from] Spikes\n|-ability|p1a: Ting-Lu|Vessel of Ruin\n|cant|p2a: Ceruledge|par\n|\n|-heal|p1a: Ting-Lu|94\/100|[from] item: Leftovers\n|upkeep\n|turn|10\n|\n|t:|1699840709\n|move|p1a: Ting-Lu|Earthquake|p2a: Ceruledge\n|-supereffective|p2a: Ceruledge\n|-damage|p2a: Ceruledge|18\/100 par\n|move|p2a: Ceruledge|Close Combat|p1a: Ting-Lu\n|-supereffective|p1a: Ting-Lu\n|-damage|p1a: Ting-Lu|28\/100\n|-unboost|p2a: Ceruledge|def|1\n|-unboost|p2a: Ceruledge|spd|1\n|\n|-heal|p1a: Ting-Lu|34\/100|[from] item: Leftovers\n|upkeep\n|turn|11\n|\n|t:|1699840728\n|switch|p2a: Dondozo|Dondozo, F|100\/100\n|move|p1a: Ting-Lu|Earthquake|p2a: Dondozo\n|-damage|p2a: Dondozo|84\/100\n|\n|-heal|p1a: Ting-Lu|40\/100|[from] item: Leftovers\n|upkeep\n|turn|12\n|\n|t:|1699840753\n|move|p1a: Ting-Lu|Stealth Rock|p2a: Dondozo\n|-sidestart|p2: Airwave15|move: Stealth Rock\n|move|p2a: Dondozo|Wave Crash|p1a: Ting-Lu\n|-supereffective|p1a: Ting-Lu\n|-damage|p1a: Ting-Lu|0 fnt\n|faint|p1a: Ting-Lu\n|-damage|p2a: Dondozo|71\/100|[from] Recoil\n|\n|upkeep\n|\n|t:|1699840761\n|switch|p1a: Corviknight|Corviknight, F|100\/100\n|-ability|p1a: Corviknight|Pressure\n|turn|13\n|\n|t:|1699840776\n|move|p1a: Corviknight|Defog|p2a: Dondozo\n|-unboost|p2a: Dondozo|evasion|1\n|-sideend|p2: Airwave15|Stealth Rock|[from] move: Defog|[of] p1a: Corviknight\n|-sideend|p1: UwUKittenFemboy|Spikes|[from] move: Defog|[of] p1a: Corviknight\n|move|p2a: Dondozo|Body Press|p1a: Corviknight\n|-damage|p1a: Corviknight|83\/100\n|-damage|p2a: Dondozo|54\/100|[from] item: Rocky Helmet|[of] p1a: Corviknight\n|\n|upkeep\n|turn|14\n|\n|t:|1699840788\n|switch|p1a: Rotom|Rotom-Wash|100\/100\n|move|p2a: Dondozo|Rest|p2a: Dondozo\n|-status|p2a: Dondozo|slp|[from] move: Rest\n|-heal|p2a: Dondozo|100\/100 slp|[silent]\n|\n|upkeep\n|turn|15\n|\n|t:|1699840798\n|move|p1a: Rotom|Volt Switch|p2a: Dondozo\n|-supereffective|p2a: Dondozo\n|-crit|p2a: Dondozo\n|-damage|p2a: Dondozo|34\/100 slp\n|\n|t:|1699840810\n|switch|p1a: Corviknight|Corviknight, F|83\/100|[from] Volt Switch\n|-ability|p1a: Corviknight|Pressure\n|cant|p2a: Dondozo|slp\n|move|p2a: Dondozo|Sleep Talk|p2a: Dondozo\n|move|p2a: Dondozo|Body Press|p1a: Corviknight|[from]move: Sleep Talk\n|-damage|p1a: Corviknight|67\/100\n|-damage|p2a: Dondozo|17\/100 slp|[from] item: Rocky Helmet|[of] p1a: Corviknight\n|\n|upkeep\n|turn|16\n|\n|t:|1699840829\n|switch|p2a: Clefable|Clefable, F|100\/100\n|move|p1a: Corviknight|U-turn|p2a: Clefable\n|-resisted|p2a: Clefable\n|-damage|p2a: Clefable|95\/100\n|\n|t:|1699840838\n|switch|p1a: Slowking|Slowking-Galar, M|73\/100|[from] U-turn\n|\n|-heal|p2a: Clefable|100\/100|[from] item: Leftovers\n|upkeep\n|turn|17\n|\n|t:|1699840847\n|move|p2a: Clefable|Stealth Rock|p1a: Slowking\n|-sidestart|p1: UwUKittenFemboy|move: Stealth Rock\n|move|p1a: Slowking|Sludge Bomb|p2a: Clefable\n|-supereffective|p2a: Clefable\n|-damage|p2a: Clefable|31\/100\n|-status|p2a: Clefable|psn\n|\n|-heal|p2a: Clefable|38\/100 psn|[from] item: Leftovers\n|upkeep\n|turn|18\n|\n|t:|1699840864\n|move|p2a: Clefable|Knock Off|p1a: Slowking\n|-supereffective|p1a: Slowking\n|-damage|p1a: Slowking|48\/100\n|-enditem|p1a: Slowking|Heavy-Duty Boots|[from] move: Knock Off|[of] p2a: Clefable\n|move|p1a: Slowking|Sludge Bomb|p2a: Clefable\n|-supereffective|p2a: Clefable\n|-damage|p2a: Clefable|0 fnt\n|faint|p2a: Clefable\n|\n|upkeep\n|\n|t:|1699840880\n|switch|p2a: Ceruledge|Ceruledge, M|18\/100 par\n|turn|19\n|\n|t:|1699840886\n|move|p2a: Ceruledge|Bitter Blade|p1a: Slowking\n|-damage|p1a: Slowking|18\/100\n|-heal|p2a: Ceruledge|34\/100 par|[from] drain|[of] p1a: Slowking\n|move|p1a: Slowking|Thunder Wave|p2a: Ceruledge\n|-fail|p2a: Ceruledge|par\n|\n|upkeep\n|turn|20\n|\n|t:|1699840894\n|switch|p1a: Corviknight|Corviknight, F|67\/100\n|-damage|p1a: Corviknight|55\/100|[from] Stealth Rock\n|-ability|p1a: Corviknight|Pressure\n|move|p2a: Ceruledge|Bitter Blade|p1a: Corviknight\n|-supereffective|p1a: Corviknight\n|-damage|p1a: Corviknight|9\/100\n|-heal|p2a: Ceruledge|60\/100 par|[from] drain|[of] p1a: Corviknight\n|-damage|p2a: Ceruledge|43\/100 par|[from] item: Rocky Helmet|[of] p1a: Corviknight\n|\n|upkeep\n|turn|21\n|\n|t:|1699840918\n|move|p2a: Ceruledge|Shadow Sneak|p1a: Corviknight\n|-damage|p1a: Corviknight|0 fnt\n|-damage|p2a: Ceruledge|27\/100 par|[from] item: Rocky Helmet|[of] p1a: Corviknight\n|faint|p1a: Corviknight\n|\n|upkeep\n|\n|t:|1699840926\n|switch|p1a: Rotom|Rotom-Wash|100\/100\n|-damage|p1a: Rotom|88\/100|[from] Stealth Rock\n|turn|22\n|\n|t:|1699840935\n|switch|p2a: Dondozo|Dondozo, F|17\/100 slp\n|move|p1a: Rotom|Hydro Pump|p2a: Dondozo|[miss]\n|-miss|p1a: Rotom|p2a: Dondozo\n|\n|upkeep\n|turn|23\n|\n|t:|1699840945\n|move|p1a: Rotom|Hydro Pump|p2a: Dondozo\n|-resisted|p2a: Dondozo\n|-damage|p2a: Dondozo|0 fnt\n|faint|p2a: Dondozo\n|\n|upkeep\n|\n|t:|1699840955\n|switch|p2a: Tinkaton|Tinkaton, F|100\/100\n|-ability|p2a: Tinkaton|Mold Breaker\n|turn|24\n|\n|t:|1699840973\n|switch|p1a: Cinderace|Cinderace, M|100\/100\n|move|p2a: Tinkaton|Gigaton Hammer|p1a: Cinderace\n|-resisted|p1a: Cinderace\n|-damage|p1a: Cinderace|53\/100\n|-damage|p2a: Tinkaton|91\/100|[from] item: Life Orb\n|\n|upkeep\n|turn|25\n|\n|t:|1699840986\n|switch|p2a: Ceruledge|Ceruledge, M|27\/100 par\n|move|p1a: Cinderace|Pyro Ball|p2a: Ceruledge\n|-start|p2a: Ceruledge|ability: Flash Fire\n|\n|upkeep\n|turn|26\n|\n|t:|1699841005\n|switch|p1a: Rotom|Rotom-Wash|88\/100\n|-damage|p1a: Rotom|75\/100|[from] Stealth Rock\n|move|p2a: Ceruledge|Close Combat|p1a: Rotom\n|-damage|p1a: Rotom|50\/100\n|-unboost|p2a: Ceruledge|def|1\n|-unboost|p2a: Ceruledge|spd|1\n|\n|upkeep\n|turn|27\n|\n|t:|1699841015\n|-end|p2a: Ceruledge|ability: Flash Fire|[silent]\n|switch|p2a: Tinkaton|Tinkaton, F|91\/100\n|-ability|p2a: Tinkaton|Mold Breaker\n|move|p1a: Rotom|Volt Switch|p2a: Tinkaton\n|-damage|p2a: Tinkaton|65\/100\n|\n|t:|1699841022\n|switch|p1a: Cinderace|Cinderace, M|53\/100|[from] Volt Switch\n|\n|upkeep\n|turn|28\n|\n|t:|1699841036\n|move|p1a: Cinderace|Pyro Ball|p2a: Tinkaton\n|-supereffective|p2a: Tinkaton\n|-damage|p2a: Tinkaton|0 fnt\n|faint|p2a: Tinkaton\n|\n|upkeep\n|\n|t:|1699841041\n|switch|p2a: Meowscarada|Meowscarada, F, tera:Ghost|6\/100\n|turn|29\n|\n|t:|1699841048\n|switch|p2a: Ceruledge|Ceruledge, M|27\/100 par\n|move|p1a: Cinderace|U-turn|p2a: Ceruledge\n|-resisted|p2a: Ceruledge\n|-damage|p2a: Ceruledge|22\/100 par\n|\n|t:|1699841057\n|switch|p1a: Rotom|Rotom-Wash|50\/100|[from] U-turn\n|-damage|p1a: Rotom|37\/100|[from] Stealth Rock\n|\n|upkeep\n|turn|30\n|\n|t:|1699841066\n|move|p1a: Rotom|Protect|p1a: Rotom\n|-singleturn|p1a: Rotom|Protect\n|cant|p2a: Ceruledge|par\n|\n|upkeep\n|turn|31\n|\n|t:|1699841073\n|switch|p1a: Slowking|Slowking-Galar, M|51\/100\n|-damage|p1a: Slowking|39\/100|[from] Stealth Rock\n|move|p2a: Ceruledge|Close Combat|p1a: Slowking\n|-resisted|p1a: Slowking\n|-damage|p1a: Slowking|32\/100\n|-unboost|p2a: Ceruledge|def|1\n|-unboost|p2a: Ceruledge|spd|1\n|\n|upkeep\n|turn|32\n|\n|t:|1699841086\n|move|p2a: Ceruledge|Bitter Blade|p1a: Slowking\n|-damage|p1a: Slowking|2\/100\n|-heal|p2a: Ceruledge|39\/100 par|[from] drain|[of] p1a: Slowking\n|move|p1a: Slowking|Sludge Bomb|p2a: Ceruledge\n|-resisted|p2a: Ceruledge\n|-damage|p2a: Ceruledge|21\/100 par\n|\n|upkeep\n|turn|33\n|\n|t:|1699841094\n|cant|p2a: Ceruledge|par\n|move|p1a: Slowking|Thunder Wave|p2a: Ceruledge\n|-fail|p2a: Ceruledge|par\n|\n|upkeep\n|turn|34\n|\n|t:|1699841100\n|move|p2a: Ceruledge|Shadow Sneak|p1a: Slowking\n|-supereffective|p1a: Slowking\n|-damage|p1a: Slowking|0 fnt\n|faint|p1a: Slowking\n|\n|upkeep\n|\n|t:|1699841105\n|switch|p1a: Cinderace|Cinderace, M|53\/100\n|turn|35\n|\n|t:|1699841112\n|move|p1a: Cinderace|Pyro Ball|p2a: Ceruledge\n|-start|p2a: Ceruledge|ability: Flash Fire\n|move|p2a: Ceruledge|Close Combat|p1a: Cinderace\n|-crit|p1a: Cinderace\n|-damage|p1a: Cinderace|0 fnt\n|-unboost|p2a: Ceruledge|def|1\n|-unboost|p2a: Ceruledge|spd|1\n|faint|p1a: Cinderace\n|\n|upkeep\n|\n|t:|1699841120\n|switch|p1a: Rotom|Rotom-Wash|37\/100\n|-damage|p1a: Rotom|25\/100|[from] Stealth Rock\n|turn|36\n|\n|t:|1699841127\n|-terastallize|p1a: Rotom|Ghost\n|move|p1a: Rotom|Hydro Pump|p2a: Ceruledge|[miss]\n|-miss|p1a: Rotom|p2a: Ceruledge\n|move|p2a: Ceruledge|Close Combat|p1a: Rotom\n|-immune|p1a: Rotom\n|\n|upkeep\n|turn|37\n|\n|t:|1699841135\n|move|p2a: Ceruledge|Shadow Sneak|p1a: Rotom\n|-supereffective|p1a: Rotom\n|-damage|p1a: Rotom|0 fnt\n|faint|p1a: Rotom\n|\n|win|Airwave15\n|raw|UwUKittenFemboy's rating: 1000 &rarr; <strong>1000<\/strong><br \/>(+0 for losing)\n|raw|Airwave15's rating: 1014 &rarr; <strong>1050<\/strong><br \/>(+36 for winning)\n|c|\u2606UwUKittenFemboy|gg\n","uploadtime":1699841143,"views":27,"p1id":"uwukittenfemboy","p2id":"airwave15","formatid":"gen9ou","rating":1000,"private":0,"password":""}