{"id":"gen9ou-1991965265","p1":"Agent PERI","p2":"Zovafire","format":"[Gen 9] OU","log":"|j|\u2606Agent PERI\n|j|\u2606Zovafire\n|t:|1700143255\n|gametype|singles\n|player|p1|Agent PERI|101|1469\n|player|p2|Zovafire|roxie|1473\n|teamsize|p1|6\n|teamsize|p2|6\n|gen|9\n|tier|[Gen 9] OU\n|rated|\n|rule|Sleep Clause Mod: Limit one foe put to sleep\n|rule|Species Clause: Limit one of each Pok\u00e9mon\n|rule|OHKO Clause: OHKO moves are banned\n|rule|Evasion Items Clause: Evasion items are banned\n|rule|Evasion Moves Clause: Evasion moves are banned\n|rule|Endless Battle Clause: Forcing endless battles is banned\n|rule|HP Percentage Mod: HP is shown in percentages\n|clearpoke\n|poke|p1|Mienshao, M|\n|poke|p1|Weavile, M|\n|poke|p1|Slowking-Galar, F|\n|poke|p1|Zapdos|\n|poke|p1|Ting-Lu|\n|poke|p1|Walking Wake|\n|poke|p2|Great Tusk|\n|poke|p2|Ogerpon-Wellspring, F|\n|poke|p2|Hatterene, F|\n|poke|p2|Kingambit, M|\n|poke|p2|Meowscarada, F|\n|poke|p2|Ninetales-Alola, F|\n|teampreview\n|inactive|Battle timer is ON: inactive players will automatically lose when time's up. (requested by Zovafire)\n|\n|t:|1700143267\n|start\n|switch|p1a: Zapdos|Zapdos|100\/100\n|switch|p2a: Shiver Tails|Ninetales-Alola, F|100\/100\n|-weather|Snow|[from] ability: Snow Warning|[of] p2a: Shiver Tails\n|turn|1\n|\n|t:|1700143273\n|move|p2a: Shiver Tails|Aurora Veil|p2a: Shiver Tails\n|-sidestart|p2: Zovafire|move: Aurora Veil\n|move|p1a: Zapdos|U-turn|p2a: Shiver Tails\n|-resisted|p2a: Shiver Tails\n|-damage|p2a: Shiver Tails|98\/100\n|\n|t:|1700143285\n|switch|p1a: Slowking|Slowking-Galar, F|100\/100|[from] U-turn\n|\n|-weather|Snow|[upkeep]\n|upkeep\n|turn|2\n|\n|t:|1700143293\n|switch|p2a: Great Tusk|Great Tusk|100\/100\n|-enditem|p2a: Great Tusk|Booster Energy\n|-activate|p2a: Great Tusk|ability: Protosynthesis|[fromitem]\n|-start|p2a: Great Tusk|protosynthesisspe\n|move|p1a: Slowking|Chilly Reception|p1a: Slowking\n|\n|t:|1700143302\n|switch|p1a: Walking Wake|Walking Wake|100\/100|[from] Chilly Reception\n|\n|-weather|Snow|[upkeep]\n|upkeep\n|turn|3\n|\n|t:|1700143308\n|move|p2a: Great Tusk|Bulk Up|p2a: Great Tusk\n|-boost|p2a: Great Tusk|atk|1\n|-boost|p2a: Great Tusk|def|1\n|move|p1a: Walking Wake|Hydro Pump|p2a: Great Tusk|[miss]\n|-miss|p1a: Walking Wake|p2a: Great Tusk\n|\n|-weather|Snow|[upkeep]\n|upkeep\n|turn|4\n|\n|t:|1700143313\n|-end|p1a: Walking Wake|Protosynthesis|[silent]\n|switch|p1a: Zapdos|Zapdos|100\/100\n|move|p2a: Great Tusk|Bulk Up|p2a: Great Tusk\n|-boost|p2a: Great Tusk|atk|1\n|-boost|p2a: Great Tusk|def|1\n|\n|-weather|Snow|[upkeep]\n|upkeep\n|turn|5\n|\n|t:|1700143323\n|move|p2a: Great Tusk|Bulk Up|p2a: Great Tusk\n|-boost|p2a: Great Tusk|atk|1\n|-boost|p2a: Great Tusk|def|1\n|move|p1a: Zapdos|Hurricane|p2a: Great Tusk\n|-supereffective|p2a: Great Tusk\n|-damage|p2a: Great Tusk|43\/100\n|-start|p2a: Great Tusk|confusion\n|\n|-weather|none\n|upkeep\n|turn|6\n|\n|t:|1700143331\n|-activate|p2a: Great Tusk|confusion\n|move|p2a: Great Tusk|Ice Spinner|p1a: Zapdos\n|-supereffective|p1a: Zapdos\n|-damage|p1a: Zapdos|19\/100\n|-status|p2a: Great Tusk|par|[from] ability: Static|[of] p1a: Zapdos\n|move|p1a: Zapdos|Hurricane|p2a: Great Tusk\n|-supereffective|p2a: Great Tusk\n|-damage|p2a: Great Tusk|0 fnt\n|faint|p2a: Great Tusk\n|-end|p2a: Great Tusk|Protosynthesis|[silent]\n|\n|upkeep\n|\n|t:|1700143335\n|switch|p2a: Wellspring Cudgel|Ogerpon-Wellspring, F|100\/100\n|turn|7\n|\n|t:|1700143344\n|switch|p1a: Slowking|Slowking-Galar, F|100\/100\n|move|p2a: Wellspring Cudgel|Ivy Cudgel|p1a: Slowking|[anim] Ivy Cudgel Water\n|-damage|p1a: Slowking|38\/100\n|\n|upkeep\n|turn|8\n|\n|t:|1700143358\n|switch|p1a: Walking Wake|Walking Wake|100\/100\n|-terastallize|p2a: Wellspring Cudgel|Water\n|detailschange|p2a: Wellspring Cudgel|Ogerpon-Wellspring-Tera, F, tera:Water\n|-ability|p2a: Wellspring Cudgel|Embody Aspect (Wellspring)|boost\n|-boost|p2a: Wellspring Cudgel|spd|1\n|move|p2a: Wellspring Cudgel|Ivy Cudgel|p1a: Walking Wake|[anim] Ivy Cudgel Water\n|-resisted|p1a: Walking Wake\n|-damage|p1a: Walking Wake|81\/100\n|\n|-sideend|p2: Zovafire|move: Aurora Veil\n|upkeep\n|turn|9\n|\n|t:|1700143362\n|move|p2a: Wellspring Cudgel|Power Whip|p1a: Walking Wake\n|-damage|p1a: Walking Wake|10\/100\n|move|p1a: Walking Wake|Draco Meteor|p2a: Wellspring Cudgel\n|-damage|p2a: Wellspring Cudgel|26\/100\n|-unboost|p1a: Walking Wake|spa|2\n|\n|upkeep\n|turn|10\n|\n|t:|1700143371\n|-end|p1a: Walking Wake|Protosynthesis|[silent]\n|switch|p1a: Zapdos|Zapdos|19\/100\n|move|p2a: Wellspring Cudgel|Ivy Cudgel|p1a: Zapdos|[anim] Ivy Cudgel Water\n|-damage|p1a: Zapdos|0 fnt\n|faint|p1a: Zapdos\n|\n|upkeep\n|\n|t:|1700143380\n|switch|p1a: Weavile|Weavile, M|100\/100\n|-ability|p1a: Weavile|Pressure\n|turn|11\n|\n|t:|1700143383\n|switch|p2a: Shiver Tails|Ninetales-Alola, F|98\/100\n|-weather|Snow|[from] ability: Snow Warning|[of] p2a: Shiver Tails\n|move|p1a: Weavile|Knock Off|p2a: Shiver Tails\n|-resisted|p2a: Shiver Tails\n|-damage|p2a: Shiver Tails|77\/100\n|-enditem|p2a: Shiver Tails|Light Clay|[from] move: Knock Off|[of] p1a: Weavile\n|\n|-weather|Snow|[upkeep]\n|upkeep\n|turn|12\n|\n|t:|1700143398\n|switch|p1a: Walking Wake|Walking Wake|10\/100\n|move|p2a: Shiver Tails|Aurora Veil|p2a: Shiver Tails\n|-sidestart|p2: Zovafire|move: Aurora Veil\n|\n|-weather|Snow|[upkeep]\n|upkeep\n|turn|13\n|\n|t:|1700143402\n|move|p2a: Shiver Tails|Freeze-Dry|p1a: Walking Wake\n|-supereffective|p1a: Walking Wake\n|-damage|p1a: Walking Wake|0 fnt\n|faint|p1a: Walking Wake\n|-end|p1a: Walking Wake|Protosynthesis|[silent]\n|\n|-weather|Snow|[upkeep]\n|upkeep\n|\n|t:|1700143408\n|switch|p1a: Slowking|Slowking-Galar, F|71\/100\n|turn|14\n|\n|t:|1700143413\n|move|p2a: Shiver Tails|Moonblast|p1a: Slowking\n|-resisted|p1a: Slowking\n|-damage|p1a: Slowking|63\/100\n|move|p1a: Slowking|Chilly Reception|p1a: Slowking\n|\n|t:|1700143422\n|switch|p1a: Ting-Lu|Ting-Lu|100\/100|[from] Chilly Reception\n|-ability|p1a: Ting-Lu|Vessel of Ruin\n|\n|-weather|Snow|[upkeep]\n|upkeep\n|turn|15\n|\n|t:|1700143428\n|switch|p2a: Wellspring Cudgel|Ogerpon-Wellspring-Tera, F, tera:Water|26\/100\n|-ability|p2a: Wellspring Cudgel|Embody Aspect (Wellspring)|boost\n|-boost|p2a: Wellspring Cudgel|spd|1\n|switch|p1a: Slowking|Slowking-Galar, F|97\/100\n|\n|-weather|none\n|upkeep\n|turn|16\n|\n|t:|1700143440\n|move|p2a: Wellspring Cudgel|Swords Dance|p2a: Wellspring Cudgel\n|-boost|p2a: Wellspring Cudgel|atk|2\n|move|p1a: Slowking|Chilly Reception|p1a: Slowking\n|-weather|Snow\n|\n|t:|1700143445\n|switch|p1a: Weavile|Weavile, M|100\/100|[from] Chilly Reception\n|-ability|p1a: Weavile|Pressure\n|\n|-weather|Snow|[upkeep]\n|-sideend|p2: Zovafire|move: Aurora Veil\n|upkeep\n|turn|17\n|\n|t:|1700143450\n|move|p1a: Weavile|Knock Off|p2a: Wellspring Cudgel\n|-damage|p2a: Wellspring Cudgel|0 fnt\n|faint|p2a: Wellspring Cudgel\n|\n|-weather|Snow|[upkeep]\n|upkeep\n|\n|t:|1700143452\n|switch|p2a: Purring Mask|Meowscarada, F, shiny|100\/100\n|turn|18\n|\n|t:|1700143456\n|move|p2a: Purring Mask|Low Kick|p1a: Weavile\n|-start|p2a: Purring Mask|typechange|Fighting|[from] ability: Protean\n|-supereffective|p1a: Weavile\n|-damage|p1a: Weavile|0 fnt\n|faint|p1a: Weavile\n|\n|-weather|Snow|[upkeep]\n|upkeep\n|\n|t:|1700143462\n|switch|p1a: Slowking|Slowking-Galar, F|100\/100\n|turn|19\n|\n|t:|1700143465\n|switch|p2a: Shiver Tails|Ninetales-Alola, F|77\/100\n|move|p1a: Slowking|Chilly Reception|p1a: Slowking\n|\n|t:|1700143469\n|switch|p1a: Ting-Lu|Ting-Lu|100\/100|[from] Chilly Reception\n|-ability|p1a: Ting-Lu|Vessel of Ruin\n|\n|-weather|Snow|[upkeep]\n|upkeep\n|turn|20\n|\n|t:|1700143474\n|move|p2a: Shiver Tails|Aurora Veil|p2a: Shiver Tails\n|-sidestart|p2: Zovafire|move: Aurora Veil\n|move|p1a: Ting-Lu|Earthquake|p2a: Shiver Tails\n|-damage|p2a: Shiver Tails|62\/100\n|\n|-weather|none\n|upkeep\n|turn|21\n|\n|t:|1700143482\n|move|p2a: Shiver Tails|Freeze-Dry|p1a: Ting-Lu\n|-supereffective|p1a: Ting-Lu\n|-damage|p1a: Ting-Lu|81\/100\n|move|p1a: Ting-Lu|Whirlwind|p2a: Shiver Tails\n|drag|p2a: Purring Mask|Meowscarada, F, shiny|100\/100\n|\n|-heal|p1a: Ting-Lu|88\/100|[from] item: Leftovers\n|upkeep\n|turn|22\n|\n|t:|1700143503\n|move|p2a: Purring Mask|Knock Off|p1a: Ting-Lu\n|-start|p2a: Purring Mask|typechange|Dark|[from] ability: Protean\n|-resisted|p1a: Ting-Lu\n|-damage|p1a: Ting-Lu|77\/100\n|-enditem|p1a: Ting-Lu|Leftovers|[from] move: Knock Off|[of] p2a: Purring Mask\n|move|p1a: Ting-Lu|Stealth Rock|p2a: Purring Mask\n|-sidestart|p2: Zovafire|move: Stealth Rock\n|\n|upkeep\n|turn|23\n|\n|t:|1700143509\n|switch|p2a: Shiver Tails|Ninetales-Alola, F|62\/100\n|-damage|p2a: Shiver Tails|37\/100|[from] Stealth Rock\n|-weather|Snow|[from] ability: Snow Warning|[of] p2a: Shiver Tails\n|move|p1a: Ting-Lu|Earthquake|p2a: Shiver Tails\n|-damage|p2a: Shiver Tails|21\/100\n|\n|-weather|Snow|[upkeep]\n|upkeep\n|turn|24\n|\n|t:|1700143516\n|move|p2a: Shiver Tails|Moonblast|p1a: Ting-Lu\n|-supereffective|p1a: Ting-Lu\n|-damage|p1a: Ting-Lu|48\/100\n|move|p1a: Ting-Lu|Spikes|p2a: Shiver Tails\n|-sidestart|p2: Zovafire|Spikes\n|\n|-weather|Snow|[upkeep]\n|-sideend|p2: Zovafire|move: Aurora Veil\n|upkeep\n|turn|25\n|\n|t:|1700143526\n|switch|p2a: Fungal Witch|Hatterene, F|100\/100\n|-damage|p2a: Fungal Witch|88\/100|[from] Stealth Rock\n|-damage|p2a: Fungal Witch|76\/100|[from] Spikes\n|move|p1a: Ting-Lu|Earthquake|p2a: Fungal Witch\n|-damage|p2a: Fungal Witch|46\/100\n|\n|-weather|Snow|[upkeep]\n|-heal|p2a: Fungal Witch|52\/100|[from] item: Leftovers\n|upkeep\n|turn|26\n|\n|t:|1700143535\n|move|p1a: Ting-Lu|Earthquake|p2a: Fungal Witch\n|-damage|p2a: Fungal Witch|21\/100\n|move|p2a: Fungal Witch|Calm Mind|p2a: Fungal Witch\n|-boost|p2a: Fungal Witch|spa|1\n|-boost|p2a: Fungal Witch|spd|1\n|\n|-weather|Snow|[upkeep]\n|-heal|p2a: Fungal Witch|27\/100|[from] item: Leftovers\n|upkeep\n|turn|27\n|\n|t:|1700143538\n|move|p1a: Ting-Lu|Earthquake|p2a: Fungal Witch\n|-damage|p2a: Fungal Witch|0 fnt\n|faint|p2a: Fungal Witch\n|\n|-weather|none\n|upkeep\n|\n|t:|1700143544\n|switch|p2a: Iron Overlord|Kingambit, M|100\/100\n|-damage|p2a: Iron Overlord|94\/100|[from] Stealth Rock\n|-damage|p2a: Iron Overlord|82\/100|[from] Spikes\n|-activate|p2a: Iron Overlord|ability: Supreme Overlord\n|-start|p2a: Iron Overlord|fallen3|[silent]\n|turn|28\n|\n|t:|1700143550\n|move|p2a: Iron Overlord|Swords Dance|p2a: Iron Overlord\n|-boost|p2a: Iron Overlord|atk|2\n|move|p1a: Ting-Lu|Whirlwind|p2a: Iron Overlord\n|-end|p2a: Iron Overlord|fallen3|[silent]\n|drag|p2a: Shiver Tails|Ninetales-Alola, F|21\/100\n|-damage|p2a: Shiver Tails|0 fnt|[from] Stealth Rock\n|faint|p2a: Shiver Tails\n|\n|upkeep\n|\n|t:|1700143557\n|switch|p2a: Iron Overlord|Kingambit, M|82\/100\n|-damage|p2a: Iron Overlord|76\/100|[from] Stealth Rock\n|-damage|p2a: Iron Overlord|64\/100|[from] Spikes\n|-activate|p2a: Iron Overlord|ability: Supreme Overlord\n|-start|p2a: Iron Overlord|fallen4|[silent]\n|turn|29\n|\n|t:|1700143563\n|move|p2a: Iron Overlord|Brick Break|p1a: Ting-Lu\n|-supereffective|p1a: Ting-Lu\n|-damage|p1a: Ting-Lu|8\/100\n|move|p1a: Ting-Lu|Earthquake|p2a: Iron Overlord\n|-supereffective|p2a: Iron Overlord\n|-damage|p2a: Iron Overlord|0 fnt\n|faint|p2a: Iron Overlord\n|-end|p2a: Iron Overlord|fallen4|[silent]\n|\n|upkeep\n|\n|t:|1700143567\n|switch|p2a: Purring Mask|Meowscarada, F, shiny|100\/100\n|-damage|p2a: Purring Mask|88\/100|[from] Stealth Rock\n|-damage|p2a: Purring Mask|76\/100|[from] Spikes\n|turn|30\n|\n|t:|1700143575\n|move|p2a: Purring Mask|Knock Off|p1a: Ting-Lu\n|-start|p2a: Purring Mask|typechange|Dark|[from] ability: Protean\n|-resisted|p1a: Ting-Lu\n|-damage|p1a: Ting-Lu|0 fnt\n|faint|p1a: Ting-Lu\n|\n|upkeep\n|\n|t:|1700143578\n|switch|p1a: Mienshao|Mienshao, M|100\/100\n|turn|31\n|\n|t:|1700143581\n|move|p2a: Purring Mask|Knock Off|p1a: Mienshao\n|-resisted|p1a: Mienshao\n|-damage|p1a: Mienshao|54\/100\n|-enditem|p1a: Mienshao|Life Orb|[from] move: Knock Off|[of] p2a: Purring Mask\n|move|p1a: Mienshao|Close Combat|p2a: Purring Mask\n|-supereffective|p2a: Purring Mask\n|-damage|p2a: Purring Mask|0 fnt\n|-unboost|p1a: Mienshao|def|1\n|-unboost|p1a: Mienshao|spd|1\n|faint|p2a: Purring Mask\n|\n|win|Agent PERI\n|raw|Agent PERI's rating: 1469 &rarr; <strong>1489<\/strong><br \/>(+20 for winning)\n|raw|Zovafire's rating: 1473 &rarr; <strong>1453<\/strong><br \/>(-20 for losing)\n","uploadtime":1700143585,"views":11,"p1id":"agentperi","p2id":"zovafire","formatid":"gen9ou","rating":1453,"private":0,"password":""}