{"id":"gen9ou-1991612241","p1":"alt no. 597","p2":"palestjade","format":"[Gen 9] OU","log":"|j|\u2606alt no. 597\n|j|\u2606palestjade\n|t:|1700094153\n|gametype|singles\n|player|p1|alt no. 597|acetrainersnowf|1743\n|player|p2|palestjade|n|1664\n|teamsize|p1|6\n|teamsize|p2|6\n|gen|9\n|tier|[Gen 9] OU\n|rated|\n|rule|Sleep Clause Mod: Limit one foe put to sleep\n|rule|Species Clause: Limit one of each Pok\u00e9mon\n|rule|OHKO Clause: OHKO moves are banned\n|rule|Evasion Items Clause: Evasion items are banned\n|rule|Evasion Moves Clause: Evasion moves are banned\n|rule|Endless Battle Clause: Forcing endless battles is banned\n|rule|HP Percentage Mod: HP is shown in percentages\n|clearpoke\n|poke|p1|Clefable, F|\n|poke|p1|Rillaboom, F|\n|poke|p1|Heatran, F|\n|poke|p1|Great Tusk|\n|poke|p1|Dragapult, F|\n|poke|p1|Zapdos|\n|poke|p2|Dragapult, F|\n|poke|p2|Maushold-Four|\n|poke|p2|Iron Valiant|\n|poke|p2|Ceruledge, M|\n|poke|p2|Ninetales-Alola, F|\n|poke|p2|Kingambit, F|\n|teampreview\n|inactive|Battle timer is ON: inactive players will automatically lose when time's up. (requested by palestjade)\n|j| SageModeMaster2\n|inactive|alt no. 597 has 120 seconds left.\n|\n|t:|1700094184\n|start\n|switch|p1a: Clefable|Clefable, F|100\/100\n|switch|p2a: kris|Ceruledge, M|100\/100\n|turn|1\n|\n|t:|1700094193\n|move|p2a: kris|Bulk Up|p2a: kris\n|-boost|p2a: kris|atk|1\n|-boost|p2a: kris|def|1\n|move|p1a: Clefable|Stealth Rock|p2a: kris\n|-sidestart|p2: palestjade|move: Stealth Rock\n|\n|upkeep\n|turn|2\n|\n|t:|1700094204\n|switch|p1a: Zapdos|Zapdos|100\/100\n|move|p2a: kris|Bitter Blade|p1a: Zapdos\n|-damage|p1a: Zapdos|38\/100\n|-status|p2a: kris|par|[from] ability: Static|[of] p1a: Zapdos\n|\n|upkeep\n|turn|3\n|\n|t:|1700094208\n|move|p1a: Zapdos|Hurricane|p2a: kris\n|-damage|p2a: kris|59\/100 par\n|-start|p2a: kris|confusion\n|-activate|p2a: kris|confusion\n|move|p2a: kris|Bitter Blade|p1a: Zapdos\n|-damage|p1a: Zapdos|0 fnt\n|-heal|p2a: kris|79\/100 par|[from] drain|[of] p1a: Zapdos\n|faint|p1a: Zapdos\n|\n|upkeep\n|\n|t:|1700094221\n|switch|p1a: Great Tusk|Great Tusk|100\/100\n|-enditem|p1a: Great Tusk|Booster Energy\n|-activate|p1a: Great Tusk|ability: Protosynthesis|[fromitem]\n|-start|p1a: Great Tusk|protosynthesisatk\n|turn|4\n|\n|t:|1700094224\n|-terastallize|p2a: kris|Bug\n|move|p1a: Great Tusk|Head Smash|p2a: kris\n|-supereffective|p2a: kris\n|-damage|p2a: kris|0 fnt\n|faint|p2a: kris\n|-damage|p1a: Great Tusk|63\/100|[from] Recoil\n|\n|upkeep\n|c|\u2606palestjade|LOL WHAT\n|\n|t:|1700094238\n|switch|p2a: aurora|Ninetales-Alola, F|100\/100\n|-damage|p2a: aurora|76\/100|[from] Stealth Rock\n|-weather|Snow|[from] ability: Snow Warning|[of] p2a: aurora\n|turn|5\n|\n|t:|1700094256\n|-end|p1a: Great Tusk|Protosynthesis|[silent]\n|switch|p1a: Heatran|Heatran, F|100\/100\n|-item|p1a: Heatran|Air Balloon\n|move|p2a: aurora|Aurora Veil|p2a: aurora\n|-sidestart|p2: palestjade|move: Aurora Veil\n|\n|-weather|Snow|[upkeep]\n|upkeep\n|turn|6\n|\n|t:|1700094259\n|move|p2a: aurora|Hypnosis|p1a: Heatran|[miss]\n|-miss|p2a: aurora|p1a: Heatran\n|move|p1a: Heatran|Magma Storm|p2a: aurora\n|-supereffective|p2a: aurora\n|-damage|p2a: aurora|30\/100\n|-activate|p2a: aurora|move: Magma Storm|[of] p1a: Heatran\n|\n|-weather|Snow|[upkeep]\n|-damage|p2a: aurora|18\/100|[from] move: Magma Storm|[partiallytrapped]\n|upkeep\n|turn|7\n|\n|t:|1700094272\n|switch|p1a: Clefable|Clefable, F|100\/100\n|move|p2a: aurora|Hypnosis|p1a: Clefable\n|-status|p1a: Clefable|slp|[from] move: Hypnosis\n|\n|-weather|Snow|[upkeep]\n|-end|p2a: aurora|Magma Storm|[partiallytrapped]|[silent]\n|upkeep\n|turn|8\n|\n|t:|1700094276\n|switch|p2a: loving family|Maushold-Four|100\/100\n|-damage|p2a: loving family|88\/100|[from] Stealth Rock\n|switch|p1a: Heatran|Heatran, F|100\/100\n|-item|p1a: Heatran|Air Balloon\n|\n|-weather|Snow|[upkeep]\n|upkeep\n|turn|9\n|\n|t:|1700094283\n|move|p2a: loving family|Tidy Up|p2a: loving family\n|-sideend|p2: palestjade|Stealth Rock\n|-activate|p2a: loving family|move: Tidy Up\n|-boost|p2a: loving family|atk|1\n|-boost|p2a: loving family|spe|1\n|move|p1a: Heatran|Will-O-Wisp|p2a: loving family\n|-status|p2a: loving family|brn\n|\n|-weather|none\n|-damage|p2a: loving family|82\/100 brn|[from] brn\n|upkeep\n|turn|10\n|\n|t:|1700094298\n|switch|p1a: Dragapult|Dragapult, F|100\/100\n|move|p2a: loving family|Tidy Up|p2a: loving family\n|-boost|p2a: loving family|atk|1\n|-boost|p2a: loving family|spe|1\n|\n|-damage|p2a: loving family|76\/100 brn|[from] brn\n|upkeep\n|turn|11\n|\n|t:|1700094304\n|move|p2a: loving family|Bite|p1a: Dragapult\n|-supereffective|p1a: Dragapult\n|-damage|p1a: Dragapult|39\/100\n|move|p1a: Dragapult|Draco Meteor|p2a: loving family\n|-damage|p2a: loving family|12\/100 brn\n|-unboost|p1a: Dragapult|spa|2\n|\n|-damage|p2a: loving family|5\/100 brn|[from] brn\n|upkeep\n|turn|12\n|\n|t:|1700094311\n|move|p2a: loving family|Bite|p1a: Dragapult\n|-supereffective|p1a: Dragapult\n|-damage|p1a: Dragapult|0 fnt\n|faint|p1a: Dragapult\n|\n|-damage|p2a: loving family|0 fnt|[from] brn\n|faint|p2a: loving family\n|-sideend|p2: palestjade|move: Aurora Veil\n|upkeep\n|inactive|palestjade has 120 seconds left.\n|\n|t:|1700094342\n|switch|p1a: Rillaboom|Rillaboom, F|100\/100\n|switch|p2a: aurora|Ninetales-Alola, F|18\/100\n|-weather|Snow|[from] ability: Snow Warning|[of] p2a: aurora\n|-fieldstart|move: Grassy Terrain|[from] ability: Grassy Surge|[of] p1a: Rillaboom\n|turn|13\n|\n|t:|1700094347\n|move|p1a: Rillaboom|Grassy Glide|p2a: aurora\n|-damage|p2a: aurora|0 fnt\n|faint|p2a: aurora\n|\n|-weather|Snow|[upkeep]\n|upkeep\n|inactive|palestjade has 120 seconds left.\n|\n|t:|1700094358\n|switch|p2a: gender|Iron Valiant|100\/100\n|-enditem|p2a: gender|Booster Energy\n|-activate|p2a: gender|ability: Quark Drive|[fromitem]\n|-start|p2a: gender|quarkdrivespe\n|turn|14\n|\n|t:|1700094365\n|move|p2a: gender|Moonblast|p1a: Rillaboom\n|-damage|p1a: Rillaboom|50\/100\n|move|p1a: Rillaboom|Swords Dance|p1a: Rillaboom\n|-boost|p1a: Rillaboom|atk|2\n|\n|-weather|Snow|[upkeep]\n|-heal|p1a: Rillaboom|57\/100|[from] Grassy Terrain\n|upkeep\n|turn|15\n|\n|t:|1700094371\n|move|p1a: Rillaboom|Grassy Glide|p2a: gender\n|-damage|p2a: gender|0 fnt\n|faint|p2a: gender\n|-end|p2a: gender|Quark Drive|[silent]\n|\n|-weather|Snow|[upkeep]\n|-heal|p1a: Rillaboom|63\/100|[from] Grassy Terrain\n|upkeep\n|\n|t:|1700094375\n|switch|p2a: life's a drag|Dragapult, F|100\/100\n|turn|16\n|inactive|alt no. 597 has 120 seconds left.\n|\n|t:|1700094408\n|move|p1a: Rillaboom|Grassy Glide|p2a: life's a drag\n|-resisted|p2a: life's a drag\n|-damage|p2a: life's a drag|50\/100\n|move|p2a: life's a drag|Draco Meteor|p1a: Rillaboom\n|-damage|p1a: Rillaboom|0 fnt\n|-unboost|p2a: life's a drag|spa|2\n|faint|p1a: Rillaboom\n|\n|-weather|Snow|[upkeep]\n|-heal|p2a: life's a drag|56\/100|[from] Grassy Terrain\n|upkeep\n|inactive|alt no. 597 has 120 seconds left.\n|\n|t:|1700094416\n|switch|p1a: Heatran|Heatran, F|100\/100\n|-item|p1a: Heatran|Air Balloon\n|turn|17\n|\n|t:|1700094426\n|switch|p2a: deadcoin|Kingambit, F|100\/100\n|-activate|p2a: deadcoin|ability: Supreme Overlord\n|-start|p2a: deadcoin|fallen4|[silent]\n|move|p1a: Heatran|Earth Power|p2a: deadcoin\n|-supereffective|p2a: deadcoin\n|-damage|p2a: deadcoin|40\/100\n|\n|-weather|none\n|-heal|p2a: deadcoin|46\/100|[from] Grassy Terrain\n|-fieldend|move: Grassy Terrain\n|upkeep\n|turn|18\n|\n|t:|1700094434\n|-end|p2a: deadcoin|fallen4|[silent]\n|switch|p2a: life's a drag|Dragapult, F|56\/100\n|move|p1a: Heatran|Earth Power|p2a: life's a drag\n|-damage|p2a: life's a drag|20\/100\n|\n|upkeep\n|turn|19\n|\n|t:|1700094437\n|move|p2a: life's a drag|Hydro Pump|p1a: Heatran\n|-supereffective|p1a: Heatran\n|-damage|p1a: Heatran|40\/100\n|-enditem|p1a: Heatran|Air Balloon\n|move|p1a: Heatran|Earth Power|p2a: life's a drag\n|-damage|p2a: life's a drag|0 fnt\n|faint|p2a: life's a drag\n|\n|upkeep\n|\n|t:|1700094442\n|switch|p2a: deadcoin|Kingambit, F|46\/100\n|-activate|p2a: deadcoin|ability: Supreme Overlord\n|-start|p2a: deadcoin|fallen5|[silent]\n|turn|20\n|\n|t:|1700094449\n|move|p1a: Heatran|Taunt|p2a: deadcoin\n|-start|p2a: deadcoin|move: Taunt\n|move|p2a: deadcoin|Kowtow Cleave|p1a: Heatran\n|-damage|p1a: Heatran|0 fnt\n|faint|p1a: Heatran\n|\n|upkeep\n|\n|t:|1700094452\n|switch|p1a: Great Tusk|Great Tusk|63\/100\n|turn|21\n|\n|t:|1700094455\n|move|p1a: Great Tusk|Headlong Rush|p2a: deadcoin\n|-supereffective|p2a: deadcoin\n|-damage|p2a: deadcoin|0 fnt\n|-unboost|p1a: Great Tusk|def|1\n|-unboost|p1a: Great Tusk|spd|1\n|faint|p2a: deadcoin\n|-end|p2a: deadcoin|fallen5|[silent]\n|\n|win|alt no. 597\n|raw|alt no. 597's rating: 1743 &rarr; <strong>1759<\/strong><br \/>(+16 for winning)\n|raw|palestjade's rating: 1664 &rarr; <strong>1648<\/strong><br \/>(-16 for losing)\n|c|\u2606alt no. 597|gg\n|c|\u2606palestjade|gg\n|l|\u2606palestjade\n|l| SageModeMaster2\n","uploadtime":1700094463,"views":15,"p1id":"altno597","p2id":"palestjade","formatid":"gen9ou","rating":1648,"private":0,"password":""}