{"id":"gen9ou-1990983757","p1":"CyanConure","p2":"BeastTamer68","format":"[Gen 9] OU","log":"|j|\u2606CyanConure\n|j|\u2606BeastTamer68\n|t:|1700023262\n|gametype|singles\n|player|p1|CyanConure|falkner|1448\n|player|p2|BeastTamer68|265|1449\n|teamsize|p1|6\n|teamsize|p2|6\n|gen|9\n|tier|[Gen 9] OU\n|rated|\n|rule|Sleep Clause Mod: Limit one foe put to sleep\n|rule|Species Clause: Limit one of each Pok\u00e9mon\n|rule|OHKO Clause: OHKO moves are banned\n|rule|Evasion Items Clause: Evasion items are banned\n|rule|Evasion Moves Clause: Evasion moves are banned\n|rule|Endless Battle Clause: Forcing endless battles is banned\n|rule|HP Percentage Mod: HP is shown in percentages\n|clearpoke\n|poke|p1|Corviknight, F|\n|poke|p1|Ogerpon-Wellspring, F|\n|poke|p1|Grimmsnarl, M|\n|poke|p1|Garganacl, M|\n|poke|p1|Manaphy|\n|poke|p1|Gholdengo|\n|poke|p2|Quagsire, M|\n|poke|p2|Corviknight, F|\n|poke|p2|Iron Valiant|\n|poke|p2|Kingambit, M|\n|poke|p2|Arcanine-Hisui, F|\n|poke|p2|Ogerpon-Wellspring, F|\n|teampreview\n|inactive|Battle timer is ON: inactive players will automatically lose when time's up. (requested by CyanConure)\n|\n|t:|1700023273\n|start\n|switch|p1a: Gnome|Grimmsnarl, M, shiny|100\/100\n|switch|p2a: Ogerpon|Ogerpon-Wellspring, F|100\/100\n|turn|1\n|\n|t:|1700023280\n|switch|p2a: Kingambit|Kingambit, M, shiny|100\/100\n|move|p1a: Gnome|Taunt|p2a: Kingambit\n|-hint|Since gen 7, Dark is immune to Prankster moves.\n|-immune|p2a: Kingambit\n|\n|upkeep\n|turn|2\n|\n|t:|1700023299\n|switch|p1a: Dream|Ogerpon-Wellspring, F|100\/100\n|move|p2a: Kingambit|Kowtow Cleave|p1a: Dream\n|-damage|p1a: Dream|37\/100\n|\n|upkeep\n|turn|3\n|\n|t:|1700023308\n|move|p2a: Kingambit|Sucker Punch||[still]\n|-fail|p2a: Kingambit\n|move|p1a: Dream|Swords Dance|p1a: Dream\n|-boost|p1a: Dream|atk|2\n|\n|upkeep\n|turn|4\n|\n|t:|1700023314\n|move|p2a: Kingambit|Sucker Punch||[still]\n|-fail|p2a: Kingambit\n|move|p1a: Dream|Encore|p2a: Kingambit\n|-start|p2a: Kingambit|Encore\n|\n|upkeep\n|turn|5\n|\n|t:|1700023321\n|switch|p2a: Corviknight|Corviknight, F|100\/100\n|-ability|p2a: Corviknight|Pressure\n|move|p1a: Dream|Swords Dance|p1a: Dream\n|-boost|p1a: Dream|atk|2\n|\n|upkeep\n|turn|6\n|\n|t:|1700023331\n|move|p1a: Dream|Ivy Cudgel|p2a: Corviknight|[anim] Ivy Cudgel Water\n|-damage|p2a: Corviknight|0 fnt\n|faint|p2a: Corviknight\n|\n|upkeep\n|\n|t:|1700023336\n|switch|p2a: Kingambit|Kingambit, M, shiny|100\/100\n|turn|7\n|\n|t:|1700023341\n|switch|p1a: Gnome|Grimmsnarl, M, shiny|100\/100\n|move|p2a: Kingambit|Kowtow Cleave|p1a: Gnome\n|-resisted|p1a: Gnome\n|-damage|p1a: Gnome|86\/100\n|\n|upkeep\n|turn|8\n|\n|t:|1700023348\n|move|p1a: Gnome|Reflect|p1a: Gnome\n|-sidestart|p1: CyanConure|Reflect\n|move|p2a: Kingambit|Iron Head|p1a: Gnome\n|-supereffective|p1a: Gnome\n|-damage|p1a: Gnome|23\/100\n|\n|upkeep\n|turn|9\n|\n|t:|1700023354\n|move|p1a: Gnome|Light Screen|p1a: Gnome\n|-sidestart|p1: CyanConure|move: Light Screen\n|move|p2a: Kingambit|Brick Break|p1a: Gnome\n|-sideend|p1: CyanConure|Reflect\n|-sideend|p1: CyanConure|move: Light Screen\n|-damage|p1a: Gnome|0 fnt\n|faint|p1a: Gnome\n|\n|upkeep\n|\n|t:|1700023381\n|switch|p1a: Manaphy|Manaphy|100\/100\n|turn|10\n|\n|t:|1700023385\n|switch|p2a: Quagsire|Quagsire, M, shiny|100\/100\n|move|p1a: Manaphy|Scald|p2a: Quagsire\n|-damage|p2a: Quagsire|64\/100\n|\n|-heal|p2a: Quagsire|70\/100|[from] item: Leftovers\n|upkeep\n|turn|11\n|\n|t:|1700023395\n|switch|p1a: Garganacl|Garganacl, M|100\/100\n|switch|p2a: Iron Valiant|Iron Valiant, shiny|100\/100\n|\n|upkeep\n|turn|12\n|\n|t:|1700023403\n|move|p2a: Iron Valiant|Trick|p1a: Garganacl\n|-activate|p2a: Iron Valiant|move: Trick|[of] p1a: Garganacl\n|-item|p1a: Garganacl|Choice Specs|[from] move: Trick\n|-item|p2a: Iron Valiant|Leftovers|[from] move: Trick\n|move|p1a: Garganacl|Iron Defense|p1a: Garganacl\n|-boost|p1a: Garganacl|def|2\n|\n|upkeep\n|turn|13\n|\n|t:|1700023418\n|switch|p1a: Gholdengo|Gholdengo|100\/100\n|move|p2a: Iron Valiant|Moonblast|p1a: Gholdengo\n|-resisted|p1a: Gholdengo\n|-damage|p1a: Gholdengo|71\/100\n|\n|upkeep\n|turn|14\n|\n|t:|1700023427\n|-end|p2a: Iron Valiant|Quark Drive|[silent]\n|switch|p2a: Kingambit|Kingambit, M, shiny|100\/100\n|move|p1a: Gholdengo|Focus Blast|p2a: Kingambit\n|-supereffective|p2a: Kingambit\n|-damage|p2a: Kingambit|0 fnt\n|faint|p2a: Kingambit\n|\n|upkeep\n|l|\u2606BeastTamer68\n|inactive|BeastTamer68 disconnected and has a minute to reconnect!\n|player|p2|\n|c|\u2606CyanConure|Lmfao\n|inactive|BeastTamer68 has 30 seconds to reconnect!\n|inactive|BeastTamer68 has 20 seconds to reconnect!\n|inactive|BeastTamer68 has 15 seconds to reconnect!\n|inactive|BeastTamer68 has 10 seconds to reconnect!\n|inactive|BeastTamer68 has 5 seconds to reconnect!\n|-message|BeastTamer68 lost due to inactivity.\n|\n|win|CyanConure\n|raw|CyanConure's rating: 1448 &rarr; <strong>1468<\/strong><br \/>(+20 for winning)\n|raw|BeastTamer68's rating: 1449 &rarr; <strong>1429<\/strong><br \/>(-20 for losing)\n|c|\u2606CyanConure|Ownaged\n","uploadtime":1700023504,"views":13,"p1id":"cyanconure","p2id":"beasttamer68","formatid":"gen9ou","rating":1429,"private":0,"password":""}