{"id":"gen9ou-1991221482","p1":"ddddqweasd","p2":"Relish Toast","format":"[Gen 9] OU","log":"|j|\u2606ddddqweasd\n|j|\u2606Relish Toast\n|t:|1700058585\n|gametype|singles\n|player|p1|ddddqweasd|gentleman|1117\n|player|p2|Relish Toast|kieran-festival|1203\n|teamsize|p1|6\n|teamsize|p2|6\n|gen|9\n|tier|[Gen 9] OU\n|rated|\n|rule|Sleep Clause Mod: Limit one foe put to sleep\n|rule|Species Clause: Limit one of each Pok\u00e9mon\n|rule|OHKO Clause: OHKO moves are banned\n|rule|Evasion Items Clause: Evasion items are banned\n|rule|Evasion Moves Clause: Evasion moves are banned\n|rule|Endless Battle Clause: Forcing endless battles is banned\n|rule|HP Percentage Mod: HP is shown in percentages\n|clearpoke\n|poke|p1|Zapdos|\n|poke|p1|Slowking-Galar, M|\n|poke|p1|Perrserker, F|\n|poke|p1|Great Tusk|\n|poke|p1|Crawdaunt, F|\n|poke|p1|Mandibuzz, F|\n|poke|p2|Ogerpon-Cornerstone, F|\n|poke|p2|Alomomola, M|\n|poke|p2|Glimmora, M|\n|poke|p2|Landorus-Therian, M|\n|poke|p2|Lycanroc-Dusk, F|\n|poke|p2|Thundurus-Therian, M|\n|teampreview\n|inactive|Battle timer is ON: inactive players will automatically lose when time's up. (requested by Relish Toast)\n|inactive|ddddqweasd has 120 seconds left.\n|\n|t:|1700058622\n|start\n|switch|p1a: Slowking|Slowking-Galar, M|100\/100\n|switch|p2a: Landorus|Landorus-Therian, M|100\/100\n|-ability|p2a: Landorus|Intimidate|boost\n|-unboost|p1a: Slowking|atk|1\n|turn|1\n|\n|t:|1700058642\n|switch|p1a: Mandibuzz|Mandibuzz, F|100\/100\n|move|p2a: Landorus|Stealth Rock|p1a: Mandibuzz\n|-sidestart|p1: ddddqweasd|move: Stealth Rock\n|\n|upkeep\n|turn|2\n|\n|t:|1700058648\n|move|p2a: Landorus|Taunt|p1a: Mandibuzz\n|-start|p1a: Mandibuzz|move: Taunt\n|cant|p1a: Mandibuzz|move: Taunt|Defog\n|\n|upkeep\n|turn|3\n|\n|t:|1700058655\n|move|p2a: Landorus|Earthquake|p1a: Mandibuzz\n|-immune|p1a: Mandibuzz\n|move|p1a: Mandibuzz|U-turn|p2a: Landorus\n|-resisted|p2a: Landorus\n|-crit|p2a: Landorus\n|-damage|p2a: Landorus|93\/100\n|-damage|p1a: Mandibuzz|84\/100|[from] item: Rocky Helmet|[of] p2a: Landorus\n|\n|t:|1700058662\n|switch|p1a: Great Tusk|Great Tusk, shiny|100\/100|[from] U-turn\n|-damage|p1a: Great Tusk|98\/100|[from] Stealth Rock\n|\n|-heal|p1a: Great Tusk|100\/100|[from] item: Leftovers\n|upkeep\n|turn|4\n|\n|t:|1700058671\n|move|p2a: Landorus|U-turn|p1a: Great Tusk\n|-resisted|p1a: Great Tusk\n|-damage|p1a: Great Tusk|95\/100\n|\n|t:|1700058676\n|switch|p2a: Alomomola|Alomomola, M|100\/100|[from] U-turn\n|move|p1a: Great Tusk|Stealth Rock|p2a: Alomomola\n|-sidestart|p2: Relish Toast|move: Stealth Rock\n|\n|-heal|p1a: Great Tusk|100\/100|[from] item: Leftovers\n|upkeep\n|turn|5\n|\n|t:|1700058684\n|-end|p1a: Great Tusk|Protosynthesis|[silent]\n|switch|p1a: Slowking|Slowking-Galar, M|100\/100\n|move|p2a: Alomomola|Wish|p2a: Alomomola\n|\n|upkeep\n|turn|6\n|\n|t:|1700058690\n|move|p2a: Alomomola|Flip Turn|p1a: Slowking\n|-damage|p1a: Slowking|89\/100\n|\n|t:|1700058698\n|switch|p2a: Glimmora|Glimmora, M|100\/100|[from] Flip Turn\n|-damage|p2a: Glimmora|88\/100|[from] Stealth Rock\n|move|p1a: Slowking|Future Sight|p2a: Glimmora\n|-start|p1a: Slowking|move: Future Sight\n|\n|-heal|p2a: Glimmora|100\/100|[from] move: Wish|[wisher] Alomomola\n|upkeep\n|turn|7\n|\n|t:|1700058711\n|-terastallize|p2a: Glimmora|Flying\n|move|p2a: Glimmora|Ancient Power|p1a: Slowking\n|-damage|p1a: Slowking|67\/100\n|move|p1a: Slowking|Chilly Reception|p1a: Slowking\n|-weather|Snow\n|\n|t:|1700058724\n|switch|p1a: Perrserker|Perrserker, F|100\/100|[from] Chilly Reception\n|-damage|p1a: Perrserker|94\/100|[from] Stealth Rock\n|\n|-weather|Snow|[upkeep]\n|upkeep\n|turn|8\n|\n|t:|1700058738\n|move|p2a: Glimmora|Earth Power|p1a: Perrserker\n|-supereffective|p1a: Perrserker\n|-damage|p1a: Perrserker|3\/100\n|move|p1a: Perrserker|Iron Head|p2a: Glimmora\n|-damage|p2a: Glimmora|39\/100\n|\n|-weather|Snow|[upkeep]\n|-end|p2a: Glimmora|move: Future Sight\n|-damage|p2a: Glimmora|0 fnt\n|faint|p2a: Glimmora\n|upkeep\n|\n|t:|1700058749\n|switch|p2a: Landorus|Landorus-Therian, M|93\/100\n|-damage|p2a: Landorus|80\/100|[from] Stealth Rock\n|-ability|p2a: Landorus|Intimidate|boost\n|-unboost|p1a: Perrserker|atk|1\n|turn|9\n|\n|t:|1700058756\n|switch|p1a: Great Tusk|Great Tusk, shiny|100\/100\n|-damage|p1a: Great Tusk|98\/100|[from] Stealth Rock\n|move|p2a: Landorus|U-turn|p1a: Great Tusk\n|-resisted|p1a: Great Tusk\n|-damage|p1a: Great Tusk|92\/100\n|\n|t:|1700058762\n|switch|p2a: Thundurus|Thundurus-Therian, M|100\/100|[from] U-turn\n|-damage|p2a: Thundurus|76\/100|[from] Stealth Rock\n|\n|-weather|Snow|[upkeep]\n|-heal|p1a: Great Tusk|98\/100|[from] item: Leftovers\n|upkeep\n|turn|10\n|\n|t:|1700058770\n|-end|p1a: Great Tusk|Protosynthesis|[silent]\n|switch|p1a: Perrserker|Perrserker, F|3\/100\n|-damage|p1a: Perrserker|0 fnt|[from] Stealth Rock\n|faint|p1a: Perrserker\n|move|p2a: Thundurus|Grass Knot|p1: Perrserker|[notarget]\n|-fail|p2a: Thundurus\n|\n|-weather|Snow|[upkeep]\n|upkeep\n|\n|t:|1700058777\n|switch|p1a: Slowking|Slowking-Galar, M|99\/100\n|turn|11\n|\n|t:|1700058784\n|move|p2a: Thundurus|Dark Pulse|p1a: Slowking\n|-supereffective|p1a: Slowking\n|-damage|p1a: Slowking|31\/100\n|-damage|p2a: Thundurus|66\/100|[from] item: Life Orb\n|move|p1a: Slowking|Future Sight|p2a: Thundurus\n|-start|p1a: Slowking|move: Future Sight\n|\n|-weather|none\n|upkeep\n|turn|12\n|\n|t:|1700058808\n|switch|p1a: Mandibuzz|Mandibuzz, F|84\/100\n|move|p2a: Thundurus|Grass Knot|p1a: Mandibuzz\n|-resisted|p1a: Mandibuzz\n|-damage|p1a: Mandibuzz|69\/100\n|-damage|p2a: Thundurus|56\/100|[from] item: Life Orb\n|\n|upkeep\n|turn|13\n|\n|t:|1700058817\n|move|p2a: Thundurus|Volt Switch|p1a: Mandibuzz\n|-supereffective|p1a: Mandibuzz\n|-damage|p1a: Mandibuzz|0 fnt\n|faint|p1a: Mandibuzz\n|-damage|p2a: Thundurus|46\/100|[from] item: Life Orb\n|\n|t:|1700058826\n|switch|p2a: Alomomola|Alomomola, M|100\/100|[from] Volt Switch\n|-damage|p2a: Alomomola|88\/100|[from] Stealth Rock\n|\n|-end|p2a: Alomomola|move: Future Sight\n|-damage|p2a: Alomomola|36\/100\n|-heal|p2a: Alomomola|42\/100|[from] item: Leftovers\n|upkeep\n|\n|t:|1700058838\n|switch|p1a: Crawdaunt|Crawdaunt, F|100\/100\n|-damage|p1a: Crawdaunt|88\/100|[from] Stealth Rock\n|turn|14\n|\n|t:|1700058842\n|switch|p2a: Landorus|Landorus-Therian, M|80\/100\n|-damage|p2a: Landorus|68\/100|[from] Stealth Rock\n|-ability|p2a: Landorus|Intimidate|boost\n|-unboost|p1a: Crawdaunt|atk|1\n|move|p1a: Crawdaunt|Knock Off|p2a: Landorus\n|-damage|p2a: Landorus|3\/100\n|-damage|p1a: Crawdaunt|71\/100|[from] item: Rocky Helmet|[of] p2a: Landorus\n|-enditem|p2a: Landorus|Rocky Helmet|[from] move: Knock Off|[of] p1a: Crawdaunt\n|\n|upkeep\n|turn|15\n|\n|t:|1700058852\n|switch|p1a: Great Tusk|Great Tusk, shiny|98\/100\n|-damage|p1a: Great Tusk|95\/100|[from] Stealth Rock\n|move|p2a: Landorus|U-turn|p1a: Great Tusk\n|-resisted|p1a: Great Tusk\n|-damage|p1a: Great Tusk|90\/100\n|\n|t:|1700058861\n|switch|p2a: Alomomola|Alomomola, M|76\/100|[from] U-turn\n|-damage|p2a: Alomomola|63\/100|[from] Stealth Rock\n|\n|-heal|p1a: Great Tusk|96\/100|[from] item: Leftovers\n|-heal|p2a: Alomomola|69\/100|[from] item: Leftovers\n|upkeep\n|turn|16\n|\n|t:|1700058877\n|-end|p1a: Great Tusk|Protosynthesis|[silent]\n|switch|p1a: Slowking|Slowking-Galar, M|64\/100\n|move|p2a: Alomomola|Flip Turn|p1a: Slowking\n|-damage|p1a: Slowking|50\/100\n|\n|t:|1700058887\n|switch|p2a: Thundurus|Thundurus-Therian, M|46\/100|[from] Flip Turn\n|-damage|p2a: Thundurus|21\/100|[from] Stealth Rock\n|\n|upkeep\n|turn|17\n|\n|t:|1700058909\n|move|p2a: Thundurus|Grass Knot|p1a: Slowking\n|-resisted|p1a: Slowking\n|-damage|p1a: Slowking|33\/100\n|-damage|p2a: Thundurus|11\/100|[from] item: Life Orb\n|move|p1a: Slowking|Ice Beam|p2a: Thundurus\n|-supereffective|p2a: Thundurus\n|-damage|p2a: Thundurus|0 fnt\n|faint|p2a: Thundurus\n|\n|upkeep\n|\n|t:|1700058927\n|switch|p2a: Lycanroc|Lycanroc-Dusk, F|100\/100\n|-damage|p2a: Lycanroc|88\/100|[from] Stealth Rock\n|turn|18\n|\n|t:|1700058934\n|switch|p1a: Great Tusk|Great Tusk, shiny|96\/100\n|-damage|p1a: Great Tusk|93\/100|[from] Stealth Rock\n|move|p2a: Lycanroc|Psychic Fangs|p1a: Great Tusk\n|-supereffective|p1a: Great Tusk\n|-damage|p1a: Great Tusk|54\/100\n|\n|-heal|p1a: Great Tusk|60\/100|[from] item: Leftovers\n|upkeep\n|turn|19\n|\n|t:|1700058958\n|move|p2a: Lycanroc|Psychic Fangs|p1a: Great Tusk\n|-supereffective|p1a: Great Tusk\n|-damage|p1a: Great Tusk|21\/100\n|move|p1a: Great Tusk|Earthquake|p2a: Lycanroc\n|-supereffective|p2a: Lycanroc\n|-damage|p2a: Lycanroc|0 fnt\n|faint|p2a: Lycanroc\n|\n|-heal|p1a: Great Tusk|27\/100|[from] item: Leftovers\n|upkeep\n|\n|t:|1700058966\n|switch|p2a: Ogerpon|Ogerpon-Cornerstone, F|100\/100\n|-damage|p2a: Ogerpon|88\/100|[from] Stealth Rock\n|turn|20\n|\n|t:|1700058970\n|move|p2a: Ogerpon|Horn Leech|p1a: Great Tusk\n|-supereffective|p1a: Great Tusk\n|-damage|p1a: Great Tusk|0 fnt\n|-heal|p2a: Ogerpon|100\/100|[from] drain|[of] p1a: Great Tusk\n|faint|p1a: Great Tusk\n|-end|p1a: Great Tusk|Protosynthesis|[silent]\n|\n|upkeep\n|\n|t:|1700058997\n|switch|p1a: Slowking|Slowking-Galar, M|66\/100\n|turn|21\n|\n|t:|1700059011\n|move|p2a: Ogerpon|Ivy Cudgel|p1a: Slowking|[anim] Ivy Cudgel Rock\n|-damage|p1a: Slowking|24\/100\n|move|p1a: Slowking|Trick Room|p1a: Slowking\n|-fieldstart|move: Trick Room|[of] p1a: Slowking\n|\n|upkeep\n|turn|22\n|\n|t:|1700059023\n|switch|p2a: Landorus|Landorus-Therian, M|3\/100\n|-damage|p2a: Landorus|0 fnt|[from] Stealth Rock\n|faint|p2a: Landorus\n|move|p1a: Slowking|Ice Beam|p2: Landorus|[notarget]\n|-fail|p1a: Slowking\n|\n|upkeep\n|\n|t:|1700059032\n|switch|p2a: Alomomola|Alomomola, M|100\/100\n|-damage|p2a: Alomomola|88\/100|[from] Stealth Rock\n|turn|23\n|\n|t:|1700059036\n|switch|p1a: Zapdos|Zapdos|100\/100\n|move|p2a: Alomomola|Flip Turn|p1a: Zapdos\n|-damage|p1a: Zapdos|83\/100\n|-status|p2a: Alomomola|par|[from] ability: Static|[of] p1a: Zapdos\n|\n|t:|1700059042\n|switch|p2a: Ogerpon|Ogerpon-Cornerstone, F|100\/100|[from] Flip Turn\n|-damage|p2a: Ogerpon|88\/100|[from] Stealth Rock\n|\n|upkeep\n|turn|24\n|\n|t:|1700059065\n|switch|p2a: Alomomola|Alomomola, M|100\/100 par\n|-damage|p2a: Alomomola|88\/100 par|[from] Stealth Rock\n|-terastallize|p1a: Zapdos|Fairy\n|move|p1a: Zapdos|Volt Switch|p2a: Alomomola\n|-supereffective|p2a: Alomomola\n|-damage|p2a: Alomomola|17\/100 par\n|inactive|ddddqweasd has 120 seconds left.\n|\n|t:|1700059097\n|switch|p1a: Crawdaunt|Crawdaunt, F|71\/100|[from] Volt Switch\n|-damage|p1a: Crawdaunt|59\/100|[from] Stealth Rock\n|\n|-heal|p2a: Alomomola|23\/100 par|[from] item: Leftovers\n|upkeep\n|turn|25\n|\n|t:|1700059105\n|move|p2a: Alomomola|Protect|p2a: Alomomola\n|-singleturn|p2a: Alomomola|Protect\n|move|p1a: Crawdaunt|Knock Off|p2a: Alomomola\n|-activate|p2a: Alomomola|move: Protect\n|\n|-heal|p2a: Alomomola|29\/100 par|[from] item: Leftovers\n|-fieldend|move: Trick Room\n|upkeep\n|turn|26\n|\n|t:|1700059115\n|move|p1a: Crawdaunt|Knock Off|p2a: Alomomola\n|-damage|p2a: Alomomola|0 fnt\n|-enditem|p2a: Alomomola|Leftovers|[from] move: Knock Off|[of] p1a: Crawdaunt\n|faint|p2a: Alomomola\n|\n|upkeep\n|\n|t:|1700059118\n|switch|p2a: Ogerpon|Ogerpon-Cornerstone, F|88\/100\n|-damage|p2a: Ogerpon|76\/100|[from] Stealth Rock\n|turn|27\n|\n|t:|1700059131\n|move|p2a: Ogerpon|Swords Dance|p2a: Ogerpon\n|-boost|p2a: Ogerpon|atk|2\n|move|p1a: Crawdaunt|Knock Off|p2a: Ogerpon\n|-damage|p2a: Ogerpon|0 fnt\n|faint|p2a: Ogerpon\n|\n|win|ddddqweasd\n|raw|ddddqweasd's rating: 1117 &rarr; <strong>1148<\/strong><br \/>(+31 for winning)\n|raw|Relish Toast's rating: 1203 &rarr; <strong>1172<\/strong><br \/>(-31 for losing)\n","uploadtime":1700059136,"views":5,"p1id":"ddddqweasd","p2id":"relishtoast","formatid":"gen9ou","rating":1148,"private":0,"password":""}