{"id":"gen9ou-1990286374","p1":"RSDPM","p2":"SuspiciousGoober76","format":"[Gen 9] OU","log":"|j|\u2606RSDPM\n|j|\u2606SuspiciousGoober76\n|t:|1699950908\n|gametype|singles\n|player|p1|RSDPM|riley|1249\n|player|p2|SuspiciousGoober76|pokefan|1144\n|teamsize|p1|6\n|teamsize|p2|6\n|gen|9\n|tier|[Gen 9] OU\n|rated|\n|rule|Sleep Clause Mod: Limit one foe put to sleep\n|rule|Species Clause: Limit one of each Pok\u00e9mon\n|rule|OHKO Clause: OHKO moves are banned\n|rule|Evasion Items Clause: Evasion items are banned\n|rule|Evasion Moves Clause: Evasion moves are banned\n|rule|Endless Battle Clause: Forcing endless battles is banned\n|rule|HP Percentage Mod: HP is shown in percentages\n|clearpoke\n|poke|p1|Wyrdeer, M|\n|poke|p1|Kleavor, M|\n|poke|p1|Ursaluna, M|\n|poke|p1|Basculegion-F, F|\n|poke|p1|Sneasler, M|\n|poke|p1|Overqwil, M|\n|poke|p2|Ribombee, F|\n|poke|p2|Iron Moth|\n|poke|p2|Kingambit, F|\n|poke|p2|Ogerpon-Wellspring, F|\n|poke|p2|Gholdengo|\n|poke|p2|Enamorus, F|\n|teampreview\n|\n|t:|1699950916\n|start\n|switch|p1a: Wyrdeer|Wyrdeer, M|100\/100\n|switch|p2a: Ribombee|Ribombee, F|100\/100\n|turn|1\n|\n|t:|1699950926\n|move|p2a: Ribombee|Sticky Web|p1a: Wyrdeer\n|-sidestart|p1: RSDPM|move: Sticky Web\n|move|p1a: Wyrdeer|Agility|p1a: Wyrdeer\n|-boost|p1a: Wyrdeer|spe|2\n|\n|upkeep\n|turn|2\n|\n|t:|1699950932\n|move|p1a: Wyrdeer|Calm Mind|p1a: Wyrdeer\n|-boost|p1a: Wyrdeer|spa|1\n|-boost|p1a: Wyrdeer|spd|1\n|move|p2a: Ribombee|Stun Spore|p1a: Wyrdeer\n|-ability|p1a: Wyrdeer|Sap Sipper|boost\n|-boost|p1a: Wyrdeer|atk|1\n|\n|upkeep\n|turn|3\n|\n|t:|1699950941\n|switch|p2a: Kingambit|Kingambit, F|100\/100\n|move|p1a: Wyrdeer|Stored Power|p2a: Kingambit\n|-immune|p2a: Kingambit\n|\n|upkeep\n|turn|4\n|\n|t:|1699950964\n|-terastallize|p1a: Wyrdeer|Fighting\n|move|p1a: Wyrdeer|Tera Blast|p2a: Kingambit|[anim] Tera Blast Fighting\n|-supereffective|p2a: Kingambit\n|-damage|p2a: Kingambit|0 fnt\n|faint|p2a: Kingambit\n|-end|p2a: Kingambit|fallenundefined|[silent]\n|\n|upkeep\n|\n|t:|1699950970\n|switch|p2a: Ribombee|Ribombee, F|100\/100\n|turn|5\n|\n|t:|1699950984\n|move|p1a: Wyrdeer|Stored Power|p2a: Ribombee\n|-enditem|p2a: Ribombee|Focus Sash\n|-damage|p2a: Ribombee|1\/100\n|move|p2a: Ribombee|Quiver Dance|p2a: Ribombee\n|-boost|p2a: Ribombee|spa|1\n|-boost|p2a: Ribombee|spd|1\n|-boost|p2a: Ribombee|spe|1\n|\n|upkeep\n|turn|6\n|\n|t:|1699950992\n|move|p2a: Ribombee|Moonblast|p1a: Wyrdeer\n|-supereffective|p1a: Wyrdeer\n|-damage|p1a: Wyrdeer|8\/100\n|-enditem|p1a: Wyrdeer|Weakness Policy\n|-boost|p1a: Wyrdeer|atk|2|[from] item: Weakness Policy\n|-boost|p1a: Wyrdeer|spa|2|[from] item: Weakness Policy\n|move|p1a: Wyrdeer|Stored Power|p2a: Ribombee\n|-damage|p2a: Ribombee|0 fnt\n|faint|p2a: Ribombee\n|\n|upkeep\n|\n|t:|1699950999\n|switch|p2a: Gholdengo|Gholdengo|100\/100\n|-item|p2a: Gholdengo|Air Balloon\n|turn|7\n|\n|t:|1699951006\n|move|p1a: Wyrdeer|Stored Power|p2a: Gholdengo\n|-resisted|p2a: Gholdengo\n|-damage|p2a: Gholdengo|0 fnt\n|-enditem|p2a: Gholdengo|Air Balloon\n|faint|p2a: Gholdengo\n|\n|upkeep\n|\n|t:|1699951012\n|switch|p2a: Enamorus|Enamorus, F|100\/100\n|turn|8\n|\n|t:|1699951019\n|move|p1a: Wyrdeer|Stored Power|p2a: Enamorus\n|-damage|p2a: Enamorus|0 fnt\n|faint|p2a: Enamorus\n|\n|upkeep\n|-message|SuspiciousGoober76 forfeited.\n|\n|win|RSDPM\n|raw|RSDPM's rating: 1249 &rarr; <strong>1267<\/strong><br \/>(+18 for winning)\n|raw|SuspiciousGoober76's rating: 1144 &rarr; <strong>1126<\/strong><br \/>(-18 for losing)\n|l|\u2606SuspiciousGoober76\n","uploadtime":1699951034,"views":9,"p1id":"rsdpm","p2id":"suspiciousgoober76","formatid":"gen9ou","rating":1126,"private":0,"password":""}