{"id":"gen9ou-1993464060","p1":"LegacyShowden","p2":"Mastif61","format":"[Gen 9] OU","log":"|j|\u2606LegacyShowden\n|j|\u2606Mastif61\n|t:|1700321071\n|gametype|singles\n|player|p1|LegacyShowden|rosa|1602\n|player|p2|Mastif61|acetrainer|1527\n|teamsize|p1|6\n|teamsize|p2|6\n|gen|9\n|tier|[Gen 9] OU\n|rated|\n|rule|Sleep Clause Mod: Limit one foe put to sleep\n|rule|Species Clause: Limit one of each Pok\u00e9mon\n|rule|OHKO Clause: OHKO moves are banned\n|rule|Evasion Items Clause: Evasion items are banned\n|rule|Evasion Moves Clause: Evasion moves are banned\n|rule|Endless Battle Clause: Forcing endless battles is banned\n|rule|HP Percentage Mod: HP is shown in percentages\n|clearpoke\n|poke|p1|Landorus-Therian, M|\n|poke|p1|Samurott-Hisui, M|\n|poke|p1|Dragapult, M|\n|poke|p1|Iron Valiant|\n|poke|p1|Heatran, M|\n|poke|p1|Corviknight, M|\n|poke|p2|Sneasler, F|\n|poke|p2|Enamorus, F|\n|poke|p2|Blissey, F|\n|poke|p2|Corviknight, M|\n|poke|p2|Ogerpon-Wellspring, F|\n|poke|p2|Iron Moth|\n|teampreview\n|inactive|Battle timer is ON: inactive players will automatically lose when time's up. (requested by LegacyShowden)\n|\n|t:|1700321084\n|start\n|switch|p1a: Landorus|Landorus-Therian, M|100\/100\n|switch|p2a: Sneasler|Sneasler, F|100\/100\n|-ability|p1a: Landorus|Intimidate|boost\n|-unboost|p2a: Sneasler|atk|1\n|turn|1\n|\n|t:|1700321093\n|move|p2a: Sneasler|Fake Out|p1a: Landorus\n|-damage|p1a: Landorus|90\/100\n|-status|p1a: Landorus|psn|[from] ability: Poison Touch|[of] p2a: Sneasler\n|cant|p1a: Landorus|flinch\n|\n|-damage|p1a: Landorus|77\/100 psn|[from] psn\n|upkeep\n|turn|2\n|\n|t:|1700321105\n|switch|p2a: Corviknight|Corviknight, M|100\/100\n|-ability|p2a: Corviknight|Pressure\n|move|p1a: Landorus|Stealth Rock|p2a: Corviknight\n|-sidestart|p2: Mastif61|move: Stealth Rock\n|\n|-damage|p1a: Landorus|65\/100 psn|[from] psn\n|upkeep\n|turn|3\n|\n|t:|1700321112\n|switch|p1a: Corviknight|Corviknight, M, shiny|100\/100\n|-ability|p1a: Corviknight|Pressure\n|move|p2a: Corviknight|Defog|p1a: Corviknight\n|-unboost|p1a: Corviknight|evasion|1\n|-sideend|p2: Mastif61|Stealth Rock|[from] move: Defog|[of] p2a: Corviknight\n|\n|upkeep\n|turn|4\n|\n|t:|1700321125\n|switch|p2a: Ogerpon|Ogerpon-Wellspring, F|100\/100\n|move|p1a: Corviknight|U-turn|p2a: Ogerpon\n|-supereffective|p2a: Ogerpon\n|-damage|p2a: Ogerpon|65\/100\n|\n|t:|1700321129\n|switch|p1a: Landorus|Landorus-Therian, M|65\/100 psn|[from] U-turn\n|-ability|p1a: Landorus|Intimidate|boost\n|-unboost|p2a: Ogerpon|atk|1\n|\n|-damage|p1a: Landorus|52\/100 psn|[from] psn\n|upkeep\n|turn|5\n|\n|t:|1700321139\n|move|p1a: Landorus|U-turn|p2a: Ogerpon\n|-supereffective|p2a: Ogerpon\n|-damage|p2a: Ogerpon|0 fnt\n|faint|p2a: Ogerpon\n|\n|t:|1700321149\n|switch|p1a: Corviknight|Corviknight, M, shiny|100\/100|[from] U-turn\n|-ability|p1a: Corviknight|Pressure\n|\n|upkeep\n|\n|t:|1700321154\n|switch|p2a: Iron Moth|Iron Moth|100\/100\n|-enditem|p2a: Iron Moth|Booster Energy\n|-activate|p2a: Iron Moth|ability: Quark Drive|[fromitem]\n|-start|p2a: Iron Moth|quarkdrivespe\n|turn|6\n|\n|t:|1700321162\n|switch|p1a: Heatran|Heatran, M, shiny|100\/100\n|move|p2a: Iron Moth|Substitute|p2a: Iron Moth\n|-start|p2a: Iron Moth|Substitute\n|-damage|p2a: Iron Moth|76\/100\n|\n|upkeep\n|turn|7\n|\n|t:|1700321166\n|-terastallize|p2a: Iron Moth|Ground\n|move|p2a: Iron Moth|Tera Blast|p1a: Heatran|[anim] Tera Blast Ground\n|-supereffective|p1a: Heatran\n|-damage|p1a: Heatran|0 fnt\n|faint|p1a: Heatran\n|\n|upkeep\n|\n|t:|1700321171\n|switch|p1a: Dragapult|Dragapult, M, shiny|100\/100\n|turn|8\n|\n|t:|1700321180\n|move|p2a: Iron Moth|Tera Blast|p1a: Dragapult|[anim] Tera Blast Ground\n|-damage|p1a: Dragapult|41\/100\n|move|p1a: Dragapult|Draco Meteor|p2a: Iron Moth\n|-damage|p2a: Iron Moth|0 fnt\n|-unboost|p1a: Dragapult|spa|2\n|faint|p2a: Iron Moth\n|-end|p2a: Iron Moth|Quark Drive|[silent]\n|\n|upkeep\n|\n|t:|1700321188\n|switch|p2a: Enamorus|Enamorus, F|100\/100\n|turn|9\n|\n|t:|1700321197\n|move|p1a: Dragapult|Draco Meteor|p2a: Enamorus\n|-immune|p2a: Enamorus\n|move|p2a: Enamorus|Substitute|p2a: Enamorus\n|-start|p2a: Enamorus|Substitute\n|-damage|p2a: Enamorus|76\/100\n|\n|-heal|p2a: Enamorus|82\/100|[from] item: Leftovers\n|upkeep\n|turn|10\n|\n|t:|1700321203\n|switch|p1a: Landorus|Landorus-Therian, M|52\/100 psn\n|-ability|p1a: Landorus|Intimidate|boost\n|-immune|p2a: Enamorus\n|move|p2a: Enamorus|Calm Mind|p2a: Enamorus\n|-boost|p2a: Enamorus|spa|1\n|-boost|p2a: Enamorus|spd|1\n|\n|-heal|p2a: Enamorus|88\/100|[from] item: Leftovers\n|-damage|p1a: Landorus|40\/100 psn|[from] psn\n|upkeep\n|turn|11\n|\n|t:|1700321212\n|move|p1a: Landorus|Stone Edge|p2a: Enamorus\n|-supereffective|p2a: Enamorus\n|-crit|p2a: Enamorus\n|-end|p2a: Enamorus|Substitute\n|move|p2a: Enamorus|Moonblast|p1a: Landorus\n|-damage|p1a: Landorus|0 fnt\n|faint|p1a: Landorus\n|\n|-heal|p2a: Enamorus|94\/100|[from] item: Leftovers\n|upkeep\n|\n|t:|1700321217\n|switch|p1a: Dragapult|Dragapult, M, shiny|41\/100\n|turn|12\n|\n|t:|1700321222\n|switch|p2a: Blissey|Blissey, F|100\/100\n|move|p1a: Dragapult|Shadow Ball|p2a: Blissey\n|-immune|p2a: Blissey\n|\n|upkeep\n|turn|13\n|\n|t:|1700321232\n|switch|p1a: Samurott|Samurott-Hisui, M|100\/100\n|move|p2a: Blissey|Thunder Wave|p1a: Samurott\n|-status|p1a: Samurott|par\n|\n|upkeep\n|turn|14\n|\n|t:|1700321240\n|switch|p2a: Corviknight|Corviknight, M|100\/100\n|-ability|p2a: Corviknight|Pressure\n|move|p1a: Samurott|Aqua Cutter|p2a: Corviknight\n|-damage|p2a: Corviknight|57\/100\n|\n|-heal|p2a: Corviknight|64\/100|[from] item: Leftovers\n|upkeep\n|turn|15\n|\n|t:|1700321261\n|switch|p1a: Corviknight|Corviknight, M, shiny|100\/100\n|-ability|p1a: Corviknight|Pressure\n|move|p2a: Corviknight|Body Press|p1a: Corviknight\n|-damage|p1a: Corviknight|84\/100\n|-damage|p2a: Corviknight|47\/100|[from] item: Rocky Helmet|[of] p1a: Corviknight\n|\n|-heal|p2a: Corviknight|53\/100|[from] item: Leftovers\n|upkeep\n|turn|16\n|\n|t:|1700321272\n|move|p2a: Corviknight|Roost|p2a: Corviknight\n|-heal|p2a: Corviknight|100\/100\n|-singleturn|p2a: Corviknight|move: Roost\n|move|p1a: Corviknight|U-turn|p2a: Corviknight\n|-resisted|p2a: Corviknight\n|-damage|p2a: Corviknight|96\/100\n|\n|t:|1700321276\n|switch|p1a: Dragapult|Dragapult, M, shiny|41\/100|[from] U-turn\n|\n|-heal|p2a: Corviknight|100\/100|[from] item: Leftovers\n|upkeep\n|turn|17\n|\n|t:|1700321279\n|switch|p2a: Blissey|Blissey, F|100\/100\n|move|p1a: Dragapult|Flamethrower|p2a: Blissey\n|-damage|p2a: Blissey|87\/100\n|-status|p2a: Blissey|brn\n|\n|-damage|p2a: Blissey|80\/100 brn|[from] brn\n|upkeep\n|turn|18\n|\n|t:|1700321288\n|switch|p1a: Samurott|Samurott-Hisui, M|100\/100 par\n|move|p2a: Blissey|Stealth Rock|p1a: Samurott\n|-sidestart|p1: LegacyShowden|move: Stealth Rock\n|\n|-damage|p2a: Blissey|74\/100 brn|[from] brn\n|upkeep\n|turn|19\n|\n|t:|1700321298\n|-curestatus|p2a: Blissey|brn|[from] ability: Natural Cure\n|switch|p2a: Corviknight|Corviknight, M|100\/100\n|-ability|p2a: Corviknight|Pressure\n|move|p1a: Samurott|Aqua Cutter|p2a: Corviknight\n|-damage|p2a: Corviknight|56\/100\n|\n|-heal|p2a: Corviknight|62\/100|[from] item: Leftovers\n|upkeep\n|turn|20\n|\n|t:|1700321316\n|switch|p2a: Enamorus|Enamorus, F|94\/100\n|move|p1a: Samurott|Aqua Cutter|p2a: Enamorus\n|-damage|p2a: Enamorus|0 fnt\n|faint|p2a: Enamorus\n|\n|upkeep\n|-message|Mastif61 forfeited.\n|\n|win|LegacyShowden\n|raw|LegacyShowden's rating: 1602 &rarr; <strong>1618<\/strong><br \/>(+16 for winning)\n|raw|Mastif61's rating: 1527 &rarr; <strong>1511<\/strong><br \/>(-16 for losing)\n|l|\u2606Mastif61\n","uploadtime":1700321326,"views":13,"p1id":"legacyshowden","p2id":"mastif61","formatid":"gen9ou","rating":1511,"private":0,"password":""}