{"id":"gen9ou-1991630143","p1":"Oliver is God","p2":"ckjr1","format":"[Gen 9] OU","log":"|j|\u2606Oliver is God\n|j|\u2606ckjr1\n|t:|1700096163\n|gametype|singles\n|player|p1|Oliver is God|hiker-gen4|1000\n|player|p2|ckjr1|cynthia-gen4|1087\n|teamsize|p1|6\n|teamsize|p2|6\n|gen|9\n|tier|[Gen 9] OU\n|rated|\n|rule|Sleep Clause Mod: Limit one foe put to sleep\n|rule|Species Clause: Limit one of each Pok\u00e9mon\n|rule|OHKO Clause: OHKO moves are banned\n|rule|Evasion Items Clause: Evasion items are banned\n|rule|Evasion Moves Clause: Evasion moves are banned\n|rule|Endless Battle Clause: Forcing endless battles is banned\n|rule|HP Percentage Mod: HP is shown in percentages\n|clearpoke\n|poke|p1|Weezing-Galar, M|\n|poke|p1|Alomomola, M|\n|poke|p1|Greninja-*, M|\n|poke|p1|Ting-Lu|\n|poke|p1|Gholdengo|\n|poke|p1|Tsareena, F|\n|poke|p2|Alomomola, F|\n|poke|p2|Garchomp, M|\n|poke|p2|Cinderace, F|\n|poke|p2|Thundurus-Therian, M|\n|poke|p2|Kingambit, M|\n|poke|p2|Slowking-Galar, F|\n|teampreview\n|inactive|Battle timer is ON: inactive players will automatically lose when time's up. (requested by ckjr1)\n|\n|t:|1700096185\n|start\n|switch|p1a: Ting-Lu|Ting-Lu|100\/100\n|switch|p2a: Garchomp|Garchomp, M|100\/100\n|-ability|p1a: Ting-Lu|Vessel of Ruin\n|turn|1\n|\n|t:|1700096194\n|move|p2a: Garchomp|Stealth Rock|p1a: Ting-Lu\n|-sidestart|p1: Oliver is God|move: Stealth Rock\n|move|p1a: Ting-Lu|Spikes|p2a: Garchomp\n|-sidestart|p2: ckjr1|Spikes\n|\n|upkeep\n|turn|2\n|\n|t:|1700096201\n|switch|p1a: Weezing|Weezing-Galar, M|100\/100\n|-damage|p1a: Weezing|88\/100|[from] Stealth Rock\n|move|p2a: Garchomp|Swords Dance|p2a: Garchomp\n|-boost|p2a: Garchomp|atk|2\n|\n|-heal|p1a: Weezing|94\/100|[from] item: Leftovers\n|upkeep\n|turn|3\n|\n|t:|1700096217\n|switch|p2a: Kingambit|Kingambit, M|100\/100\n|-damage|p2a: Kingambit|88\/100|[from] Spikes\n|move|p1a: Weezing|Will-O-Wisp|p2a: Kingambit|[miss]\n|-miss|p1a: Weezing|p2a: Kingambit\n|\n|-heal|p1a: Weezing|99\/100|[from] item: Leftovers\n|-heal|p2a: Kingambit|94\/100|[from] item: Leftovers\n|upkeep\n|turn|4\n|\n|t:|1700096225\n|-end|p2a: Kingambit|fallenundefined|[silent]\n|switch|p2a: Cinderace|Cinderace, F|100\/100\n|move|p1a: Weezing|Will-O-Wisp|p2a: Cinderace\n|-immune|p2a: Cinderace\n|\n|-heal|p1a: Weezing|100\/100|[from] item: Leftovers\n|upkeep\n|turn|5\n|\n|t:|1700096236\n|move|p2a: Cinderace|Will-O-Wisp|p1a: Weezing\n|-status|p1a: Weezing|brn\n|move|p1a: Weezing|Will-O-Wisp|p2a: Cinderace\n|-immune|p2a: Cinderace\n|\n|-damage|p1a: Weezing|94\/100 brn|[from] brn\n|upkeep\n|turn|6\n|\n|t:|1700096243\n|switch|p1a: Alomomola|Alomomola, M|100\/100\n|-damage|p1a: Alomomola|88\/100|[from] Stealth Rock\n|move|p2a: Cinderace|Pyro Ball|p1a: Alomomola\n|-resisted|p1a: Alomomola\n|-damage|p1a: Alomomola|74\/100\n|-enditem|p1a: Alomomola|Red Card|[of] p2a: Cinderace\n|drag|p2a: Alomomola|Alomomola, F|100\/100\n|-damage|p2a: Alomomola|88\/100|[from] Spikes\n|\n|upkeep\n|turn|7\n|\n|t:|1700096253\n|switch|p1a: Tsareena|Tsareena, F|100\/100\n|move|p2a: Alomomola|Wish|p2a: Alomomola\n|\n|upkeep\n|turn|8\n|\n|t:|1700096269\n|move|p1a: Tsareena|Power Whip|p2a: Alomomola\n|-supereffective|p2a: Alomomola\n|-damage|p2a: Alomomola|14\/100\n|-enditem|p2a: Alomomola|Red Card|[of] p1a: Tsareena\n|drag|p1a: Weezing|Weezing-Galar, M|94\/100 brn\n|-damage|p1a: Weezing|82\/100 brn|[from] Stealth Rock\n|move|p2a: Alomomola|Flip Turn|p1a: Weezing\n|-damage|p1a: Weezing|69\/100 brn\n|\n|t:|1700096282\n|switch|p2a: Slowking|Slowking-Galar, F|100\/100|[from] Flip Turn\n|\n|-heal|p1a: Weezing|75\/100 brn|[from] item: Leftovers\n|-damage|p1a: Weezing|69\/100 brn|[from] brn\n|upkeep\n|turn|9\n|\n|t:|1700096291\n|move|p1a: Weezing|Toxic Spikes|p2a: Slowking\n|-sidestart|p2: ckjr1|move: Toxic Spikes\n|move|p2a: Slowking|Future Sight|p1a: Weezing\n|-start|p2a: Slowking|move: Future Sight\n|\n|-heal|p1a: Weezing|75\/100 brn|[from] item: Leftovers\n|-damage|p1a: Weezing|69\/100 brn|[from] brn\n|upkeep\n|turn|10\n|\n|t:|1700096298\n|move|p1a: Weezing|Will-O-Wisp|p2a: Slowking\n|-status|p2a: Slowking|brn\n|move|p2a: Slowking|Chilly Reception|p2a: Slowking\n|-weather|Snow\n|\n|t:|1700096301\n|switch|p2a: Cinderace|Cinderace, F|100\/100|[from] Chilly Reception\n|\n|-weather|Snow|[upkeep]\n|-heal|p1a: Weezing|75\/100 brn|[from] item: Leftovers\n|-damage|p1a: Weezing|69\/100 brn|[from] brn\n|upkeep\n|turn|11\n|\n|t:|1700096318\n|switch|p2a: Slowking|Slowking-Galar, F|100\/100 brn\n|-sideend|p2: ckjr1|move: Toxic Spikes|[of] p2a: Slowking\n|switch|p1a: Ting-Lu|Ting-Lu|100\/100\n|-damage|p1a: Ting-Lu|94\/100|[from] Stealth Rock\n|-ability|p1a: Ting-Lu|Vessel of Ruin\n|\n|-weather|Snow|[upkeep]\n|-end|p1a: Ting-Lu|move: Future Sight\n|-immune|p1a: Ting-Lu\n|-heal|p1a: Ting-Lu|100\/100|[from] item: Leftovers\n|-damage|p2a: Slowking|94\/100 brn|[from] brn\n|upkeep\n|turn|12\n|\n|t:|1700096333\n|move|p1a: Ting-Lu|Ruination|p2a: Slowking\n|-damage|p2a: Slowking|47\/100 brn\n|move|p2a: Slowking|Chilly Reception|p2a: Slowking\n|\n|t:|1700096337\n|switch|p2a: Thundurus|Thundurus-Therian, M|100\/100|[from] Chilly Reception\n|\n|-weather|Snow|[upkeep]\n|upkeep\n|turn|13\n|\n|t:|1700096343\n|move|p2a: Thundurus|Grass Knot|p1a: Ting-Lu\n|-supereffective|p1a: Ting-Lu\n|-damage|p1a: Ting-Lu|41\/100\n|move|p1a: Ting-Lu|Ruination|p2a: Thundurus\n|-damage|p2a: Thundurus|51\/100\n|\n|-weather|Snow|[upkeep]\n|-heal|p1a: Ting-Lu|48\/100|[from] item: Leftovers\n|upkeep\n|turn|14\n|\n|t:|1700096352\n|switch|p1a: Tsareena|Tsareena, F|100\/100\n|move|p2a: Thundurus|Grass Knot|p1a: Tsareena\n|-resisted|p1a: Tsareena\n|-damage|p1a: Tsareena|89\/100\n|\n|-weather|none\n|upkeep\n|turn|15\n|\n|t:|1700096364\n|switch|p2a: Slowking|Slowking-Galar, F|81\/100 brn\n|move|p1a: Tsareena|Knock Off|p2a: Slowking\n|-supereffective|p2a: Slowking\n|-damage|p2a: Slowking|28\/100 brn\n|-enditem|p2a: Slowking|Heavy-Duty Boots|[from] move: Knock Off|[of] p1a: Tsareena\n|\n|-damage|p2a: Slowking|22\/100 brn|[from] brn\n|upkeep\n|turn|16\n|\n|t:|1700096374\n|switch|p2a: Garchomp|Garchomp, M|100\/100\n|-damage|p2a: Garchomp|88\/100|[from] Spikes\n|move|p1a: Tsareena|Knock Off|p2a: Garchomp\n|-damage|p2a: Garchomp|56\/100\n|-damage|p1a: Tsareena|76\/100|[from] ability: Rough Skin|[of] p2a: Garchomp\n|-enditem|p2a: Garchomp|Loaded Dice|[from] move: Knock Off|[of] p1a: Tsareena\n|\n|upkeep\n|turn|17\n|\n|t:|1700096388\n|move|p2a: Garchomp|Scale Shot|p1a: Tsareena\n|-damage|p1a: Tsareena|62\/100\n|-damage|p1a: Tsareena|45\/100\n|-hitcount|p1a: Tsareena|2\n|-unboost|p2a: Garchomp|def|1\n|-boost|p2a: Garchomp|spe|1\n|move|p1a: Tsareena|Rapid Spin|p2a: Garchomp\n|-damage|p2a: Garchomp|34\/100\n|-boost|p1a: Tsareena|spe|1\n|-damage|p1a: Tsareena|33\/100|[from] ability: Rough Skin|[of] p2a: Garchomp\n|-sideend|p1: Oliver is God|Stealth Rock|[from] move: Rapid Spin|[of] p1a: Tsareena\n|\n|upkeep\n|turn|18\n|\n|t:|1700096397\n|switch|p1a: Weezing|Weezing-Galar, M|69\/100 brn\n|move|p2a: Garchomp|Scale Shot|p1a: Weezing\n|-immune|p1a: Weezing\n|\n|-heal|p1a: Weezing|75\/100 brn|[from] item: Leftovers\n|-damage|p1a: Weezing|69\/100 brn|[from] brn\n|upkeep\n|turn|19\n|\n|t:|1700096405\n|switch|p2a: Cinderace|Cinderace, F|100\/100\n|switch|p1a: Greninja|Greninja, M|100\/100\n|\n|upkeep\n|turn|20\n|\n|t:|1700096411\n|switch|p2a: Alomomola|Alomomola, F|48\/100\n|-damage|p2a: Alomomola|35\/100|[from] Spikes\n|move|p1a: Greninja|Hydro Pump|p2a: Alomomola\n|-resisted|p2a: Alomomola\n|-damage|p2a: Alomomola|5\/100\n|-damage|p1a: Greninja|91\/100|[from] item: Life Orb\n|\n|upkeep\n|turn|21\n|\n|t:|1700096419\n|move|p1a: Greninja|Dark Pulse|p2a: Alomomola\n|-damage|p2a: Alomomola|0 fnt\n|faint|p2a: Alomomola\n|-ability|p1a: Greninja|Battle Bond|boost\n|-boost|p1a: Greninja|atk|1\n|-boost|p1a: Greninja|spa|1\n|-boost|p1a: Greninja|spe|1\n|-activate|p1a: Greninja|ability: Battle Bond\n|-damage|p1a: Greninja|81\/100|[from] item: Life Orb\n|\n|upkeep\n|\n|t:|1700096422\n|switch|p2a: Cinderace|Cinderace, F|100\/100\n|turn|22\n|\n|t:|1700096432\n|-terastallize|p2a: Cinderace|Grass\n|move|p1a: Greninja|Hydro Pump|p2a: Cinderace\n|-resisted|p2a: Cinderace\n|-damage|p2a: Cinderace|31\/100\n|-damage|p1a: Greninja|71\/100|[from] item: Life Orb\n|move|p2a: Cinderace|U-turn|p1a: Greninja\n|-supereffective|p1a: Greninja\n|-damage|p1a: Greninja|0 fnt\n|faint|p1a: Greninja\n|\n|t:|1700096437\n|switch|p2a: Garchomp|Garchomp, M|34\/100|[from] U-turn\n|-damage|p2a: Garchomp|22\/100|[from] Spikes\n|\n|upkeep\n|\n|t:|1700096458\n|switch|p1a: Ting-Lu|Ting-Lu|48\/100\n|-ability|p1a: Ting-Lu|Vessel of Ruin\n|turn|23\n|\n|t:|1700096463\n|move|p2a: Garchomp|Swords Dance|p2a: Garchomp\n|-boost|p2a: Garchomp|atk|2\n|move|p1a: Ting-Lu|Earthquake|p2a: Garchomp\n|-damage|p2a: Garchomp|0 fnt\n|faint|p2a: Garchomp\n|\n|-heal|p1a: Ting-Lu|54\/100|[from] item: Leftovers\n|upkeep\n|\n|t:|1700096466\n|switch|p2a: Cinderace|Cinderace, F, tera:Grass|31\/100\n|turn|24\n|\n|t:|1700096486\n|switch|p1a: Alomomola|Alomomola, M|100\/100\n|move|p2a: Cinderace|U-turn|p1a: Alomomola\n|-damage|p1a: Alomomola|89\/100\n|\n|t:|1700096489\n|switch|p2a: Thundurus|Thundurus-Therian, M|51\/100|[from] U-turn\n|\n|upkeep\n|turn|25\n|\n|t:|1700096497\n|switch|p1a: Ting-Lu|Ting-Lu|54\/100\n|-ability|p1a: Ting-Lu|Vessel of Ruin\n|move|p2a: Thundurus|Grass Knot|p1a: Ting-Lu\n|-supereffective|p1a: Ting-Lu\n|-damage|p1a: Ting-Lu|0 fnt\n|faint|p1a: Ting-Lu\n|\n|upkeep\n|\n|t:|1700096508\n|switch|p1a: Gholdengo|Gholdengo|100\/100\n|-item|p1a: Gholdengo|Air Balloon\n|turn|26\n|\n|t:|1700096515\n|switch|p2a: Cinderace|Cinderace, F, tera:Grass|31\/100\n|move|p1a: Gholdengo|Thunder Wave|p2a: Cinderace\n|-status|p2a: Cinderace|par\n|\n|upkeep\n|turn|27\n|\n|t:|1700096521\n|move|p1a: Gholdengo|Hex|p2a: Cinderace\n|-damage|p2a: Cinderace|0 fnt\n|faint|p2a: Cinderace\n|\n|upkeep\n|\n|t:|1700096525\n|switch|p2a: Thundurus|Thundurus-Therian, M|51\/100\n|turn|28\n|\n|t:|1700096531\n|move|p2a: Thundurus|Volt Switch|p1a: Gholdengo\n|-damage|p1a: Gholdengo|42\/100\n|-enditem|p1a: Gholdengo|Air Balloon\n|\n|t:|1700096533\n|switch|p2a: Kingambit|Kingambit, M|94\/100|[from] Volt Switch\n|-damage|p2a: Kingambit|82\/100|[from] Spikes\n|-activate|p2a: Kingambit|ability: Supreme Overlord\n|-start|p2a: Kingambit|fallen3|[silent]\n|move|p1a: Gholdengo|Recover|p1a: Gholdengo\n|-heal|p1a: Gholdengo|92\/100\n|\n|-heal|p2a: Kingambit|88\/100|[from] item: Leftovers\n|upkeep\n|turn|29\n|\n|t:|1700096542\n|switch|p1a: Alomomola|Alomomola, M|100\/100\n|move|p2a: Kingambit|Kowtow Cleave|p1a: Alomomola\n|-damage|p1a: Alomomola|65\/100\n|\n|-heal|p2a: Kingambit|94\/100|[from] item: Leftovers\n|upkeep\n|turn|30\n|\n|t:|1700096549\n|move|p2a: Kingambit|Swords Dance|p2a: Kingambit\n|-boost|p2a: Kingambit|atk|2\n|move|p1a: Alomomola|Flip Turn|p2a: Kingambit\n|-damage|p2a: Kingambit|81\/100\n|\n|t:|1700096553\n|switch|p1a: Tsareena|Tsareena, F|33\/100|[from] Flip Turn\n|\n|-heal|p2a: Kingambit|87\/100|[from] item: Leftovers\n|upkeep\n|turn|31\n|\n|t:|1700096556\n|move|p2a: Kingambit|Sucker Punch||[still]\n|cant|p1a: Tsareena|ability: Queenly Majesty|Sucker Punch|[of] p2a: Kingambit\n|move|p1a: Tsareena|Low Kick|p2a: Kingambit\n|-supereffective|p2a: Kingambit\n|-damage|p2a: Kingambit|0 fnt\n|faint|p2a: Kingambit\n|-end|p2a: Kingambit|fallen3|[silent]\n|\n|upkeep\n|\n|t:|1700096558\n|switch|p2a: Thundurus|Thundurus-Therian, M|51\/100\n|turn|32\n|\n|t:|1700096576\n|switch|p1a: Weezing|Weezing-Galar, M|69\/100 brn\n|move|p2a: Thundurus|Volt Switch|p1a: Weezing\n|-damage|p1a: Weezing|0 fnt\n|faint|p1a: Weezing\n|\n|t:|1700096578\n|switch|p2a: Slowking|Slowking-Galar, F|55\/100 brn|[from] Volt Switch\n|-damage|p2a: Slowking|43\/100 brn|[from] Spikes\n|\n|-damage|p2a: Slowking|37\/100 brn|[from] brn\n|upkeep\n|\n|t:|1700096587\n|switch|p1a: Gholdengo|Gholdengo|92\/100\n|turn|33\n|\n|t:|1700096593\n|move|p1a: Gholdengo|Hex|p2a: Slowking\n|-supereffective|p2a: Slowking\n|-damage|p2a: Slowking|0 fnt\n|faint|p2a: Slowking\n|\n|upkeep\n|\n|t:|1700096594\n|switch|p2a: Thundurus|Thundurus-Therian, M|51\/100\n|turn|34\n|\n|t:|1700096608\n|move|p2a: Thundurus|Volt Switch|p1a: Gholdengo\n|-damage|p1a: Gholdengo|33\/100\n|move|p1a: Gholdengo|Hex|p2a: Thundurus\n|-damage|p2a: Thundurus|15\/100\n|\n|upkeep\n|turn|35\n|\n|t:|1700096614\n|move|p2a: Thundurus|Volt Switch|p1a: Gholdengo\n|-damage|p1a: Gholdengo|0 fnt\n|faint|p1a: Gholdengo\n|\n|upkeep\n|\n|t:|1700096616\n|switch|p1a: Tsareena|Tsareena, F|33\/100\n|turn|36\n|\n|t:|1700096619\n|move|p2a: Thundurus|Volt Switch|p1a: Tsareena\n|-resisted|p1a: Tsareena\n|-damage|p1a: Tsareena|1\/100\n|move|p1a: Tsareena|Knock Off|p2a: Thundurus\n|-damage|p2a: Thundurus|0 fnt\n|-enditem|p2a: Thundurus|Choice Specs|[from] move: Knock Off|[of] p1a: Tsareena\n|faint|p2a: Thundurus\n|\n|win|Oliver is God\n|raw|Oliver is God's rating: 1046 &rarr; <strong>1083<\/strong><br \/>(+37 for winning)\n|raw|ckjr1's rating: 1087 &rarr; <strong>1061<\/strong><br \/>(-26 for losing)\n|l|\u2606ckjr1\n","uploadtime":1700096650,"views":38,"p1id":"oliverisgod","p2id":"ckjr1","formatid":"gen9ou","rating":1061,"private":0,"password":""}