{"id":"gen9ou-1998128975","p1":"Trainer Willie","p2":"Blad_okay","format":"[Gen 9] OU","log":"|j|\u2606Trainer Willie\n|j|\u2606Blad_okay\n|t:|1700896673\n|gametype|singles\n|player|p1|Trainer Willie|169|1142\n|player|p2|Blad_okay|265|1238\n|teamsize|p1|6\n|teamsize|p2|6\n|gen|9\n|tier|[Gen 9] OU\n|rated|\n|rule|Sleep Clause Mod: Limit one foe put to sleep\n|rule|Species Clause: Limit one of each Pok\u00e9mon\n|rule|OHKO Clause: OHKO moves are banned\n|rule|Evasion Items Clause: Evasion items are banned\n|rule|Evasion Moves Clause: Evasion moves are banned\n|rule|Endless Battle Clause: Forcing endless battles is banned\n|rule|HP Percentage Mod: HP is shown in percentages\n|clearpoke\n|poke|p1|Meowscarada, M|\n|poke|p1|Tinkaton, F|\n|poke|p1|Gallade, M|\n|poke|p1|Gholdengo|\n|poke|p1|Pawmot, F|\n|poke|p1|Revavroom, F|\n|poke|p2|Zapdos|\n|poke|p2|Alomomola, F|\n|poke|p2|Cinderace, F|\n|poke|p2|Garganacl, M|\n|poke|p2|Rillaboom, F|\n|poke|p2|Hoopa-Unbound|\n|teampreview\n|\n|t:|1700896699\n|start\n|switch|p1a: Revavroom|Revavroom, F|100\/100\n|switch|p2a: Cinderace|Cinderace, F|100\/100\n|turn|1\n|\n|t:|1700896708\n|move|p2a: Cinderace|Pyro Ball|p1a: Revavroom|[miss]\n|-miss|p2a: Cinderace|p1a: Revavroom\n|move|p1a: Revavroom|Parting Shot|p2a: Cinderace\n|-unboost|p2a: Cinderace|atk|1\n|-unboost|p2a: Cinderace|spa|1\n|\n|t:|1700896730\n|switch|p1a: Pawmot|Pawmot, F, shiny|100\/100|[from] Parting Shot\n|\n|upkeep\n|turn|2\n|\n|t:|1700896739\n|switch|p2a: Rillaboom|Rillaboom, F|100\/100\n|-fieldstart|move: Grassy Terrain|[from] ability: Grassy Surge|[of] p2a: Rillaboom\n|move|p1a: Pawmot|Agility|p1a: Pawmot\n|-boost|p1a: Pawmot|spe|2\n|\n|upkeep\n|turn|3\n|\n|t:|1700896759\n|switch|p1a: Revavroom|Revavroom, F|100\/100\n|move|p2a: Rillaboom|Wood Hammer|p1a: Revavroom\n|-resisted|p1a: Revavroom\n|-damage|p1a: Revavroom|67\/100\n|-damage|p2a: Rillaboom|91\/100|[from] Recoil\n|\n|-heal|p1a: Revavroom|73\/100|[from] Grassy Terrain\n|-heal|p2a: Rillaboom|98\/100|[from] Grassy Terrain\n|upkeep\n|turn|4\n|\n|t:|1700896778\n|switch|p2a: Cinderace|Cinderace, F|100\/100\n|move|p1a: Revavroom|Gunk Shot|p2a: Cinderace\n|-damage|p2a: Cinderace|10\/100\n|\n|-heal|p2a: Cinderace|16\/100|[from] Grassy Terrain\n|-heal|p1a: Revavroom|79\/100|[from] Grassy Terrain\n|upkeep\n|turn|5\n|\n|t:|1700896788\n|move|p2a: Cinderace|Pyro Ball|p1a: Revavroom\n|-supereffective|p1a: Revavroom\n|-damage|p1a: Revavroom|0 fnt\n|faint|p1a: Revavroom\n|\n|-heal|p2a: Cinderace|22\/100|[from] Grassy Terrain\n|upkeep\n|\n|t:|1700896794\n|switch|p1a: Meowscarada|Meowscarada, M|100\/100\n|turn|6\n|\n|t:|1700896804\n|switch|p2a: Zapdos|Zapdos|100\/100\n|move|p1a: Meowscarada|Knock Off|p2a: Zapdos\n|-damage|p2a: Zapdos|60\/100\n|-enditem|p2a: Zapdos|Heavy-Duty Boots|[from] move: Knock Off|[of] p1a: Meowscarada\n|\n|-fieldend|move: Grassy Terrain\n|upkeep\n|turn|7\n|\n|t:|1700896811\n|move|p1a: Meowscarada|U-turn|p2a: Zapdos\n|-resisted|p2a: Zapdos\n|-damage|p2a: Zapdos|49\/100\n|-status|p1a: Meowscarada|par|[from] ability: Static|[of] p2a: Zapdos\n|\n|t:|1700896816\n|switch|p1a: Tinkaton|Tinkaton, F|100\/100|[from] U-turn\n|-ability|p1a: Tinkaton|Mold Breaker\n|move|p2a: Zapdos|Hurricane|p1a: Tinkaton|[miss]\n|-miss|p2a: Zapdos|p1a: Tinkaton\n|\n|upkeep\n|turn|8\n|\n|t:|1700896826\n|move|p1a: Tinkaton|Sweet Kiss|p2a: Zapdos\n|-start|p2a: Zapdos|confusion\n|-activate|p2a: Zapdos|confusion\n|move|p2a: Zapdos|Volt Switch|p1a: Tinkaton\n|-damage|p1a: Tinkaton|70\/100\n|\n|t:|1700896833\n|switch|p2a: Garganacl|Garganacl, M|100\/100|[from] Volt Switch\n|\n|upkeep\n|turn|9\n|\n|t:|1700896840\n|move|p1a: Tinkaton|Gigaton Hammer|p2a: Garganacl\n|-supereffective|p2a: Garganacl\n|-damage|p2a: Garganacl|41\/100\n|move|p2a: Garganacl|Curse|p2a: Garganacl\n|-unboost|p2a: Garganacl|spe|1\n|-boost|p2a: Garganacl|atk|1\n|-boost|p2a: Garganacl|def|1\n|\n|-heal|p2a: Garganacl|47\/100|[from] item: Leftovers\n|upkeep\n|turn|10\n|\n|t:|1700896846\n|-terastallize|p2a: Garganacl|Electric\n|move|p1a: Tinkaton|Sweet Kiss|p2a: Garganacl\n|-start|p2a: Garganacl|confusion\n|-activate|p2a: Garganacl|confusion\n|move|p2a: Garganacl|Curse|p2a: Garganacl\n|-unboost|p2a: Garganacl|spe|1\n|-boost|p2a: Garganacl|atk|1\n|-boost|p2a: Garganacl|def|1\n|\n|-heal|p2a: Garganacl|53\/100|[from] item: Leftovers\n|upkeep\n|turn|11\n|\n|t:|1700896853\n|move|p1a: Tinkaton|Reflect|p1a: Tinkaton\n|-sidestart|p1: Trainer Willie|Reflect\n|-activate|p2a: Garganacl|confusion\n|move|p2a: Garganacl|Curse|p2a: Garganacl\n|-unboost|p2a: Garganacl|spe|1\n|-boost|p2a: Garganacl|atk|1\n|-boost|p2a: Garganacl|def|1\n|\n|-heal|p2a: Garganacl|59\/100|[from] item: Leftovers\n|upkeep\n|turn|12\n|\n|t:|1700896857\n|switch|p1a: Meowscarada|Meowscarada, M|100\/100 par\n|-activate|p2a: Garganacl|confusion\n|move|p2a: Garganacl|Curse|p2a: Garganacl\n|-unboost|p2a: Garganacl|spe|1\n|-boost|p2a: Garganacl|atk|1\n|-boost|p2a: Garganacl|def|1\n|\n|-heal|p2a: Garganacl|65\/100|[from] item: Leftovers\n|upkeep\n|turn|13\n|\n|t:|1700896861\n|cant|p1a: Meowscarada|par\n|-end|p2a: Garganacl|confusion\n|move|p2a: Garganacl|Recover|p2a: Garganacl\n|-heal|p2a: Garganacl|100\/100\n|\n|upkeep\n|turn|14\n|\n|t:|1700896868\n|cant|p1a: Meowscarada|par\n|move|p2a: Garganacl|Curse|p2a: Garganacl\n|-unboost|p2a: Garganacl|spe|1\n|-boost|p2a: Garganacl|atk|1\n|-boost|p2a: Garganacl|def|1\n|\n|upkeep\n|turn|15\n|\n|t:|1700896874\n|move|p1a: Meowscarada|Knock Off|p2a: Garganacl\n|-damage|p2a: Garganacl|94\/100\n|-enditem|p2a: Garganacl|Leftovers|[from] move: Knock Off|[of] p1a: Meowscarada\n|move|p2a: Garganacl|Curse|p2a: Garganacl\n|-unboost|p2a: Garganacl|spe|1\n|-boost|p2a: Garganacl|atk|1\n|-boost|p2a: Garganacl|def|1\n|\n|upkeep\n|turn|16\n|\n|t:|1700896879\n|move|p1a: Meowscarada|Flower Trick|p2a: Garganacl\n|-crit|p2a: Garganacl\n|-damage|p2a: Garganacl|69\/100\n|move|p2a: Garganacl|Salt Cure|p1a: Meowscarada\n|-damage|p1a: Meowscarada|56\/100 par\n|-start|p1a: Meowscarada|Salt Cure\n|-enditem|p1a: Meowscarada|Red Card|[of] p2a: Garganacl\n|drag|p2a: Rillaboom|Rillaboom, F|98\/100\n|-fieldstart|move: Grassy Terrain|[from] ability: Grassy Surge|[of] p2a: Rillaboom\n|\n|-heal|p2a: Rillaboom|100\/100|[from] Grassy Terrain\n|-heal|p1a: Meowscarada|62\/100 par|[from] Grassy Terrain\n|-damage|p1a: Meowscarada|50\/100 par|[from] Salt Cure\n|upkeep\n|turn|17\n|\n|t:|1700896889\n|move|p2a: Rillaboom|Drain Punch|p1a: Meowscarada\n|-supereffective|p1a: Meowscarada\n|-damage|p1a: Meowscarada|0 fnt\n|faint|p1a: Meowscarada\n|\n|upkeep\n|\n|t:|1700896904\n|switch|p1a: Gholdengo|Gholdengo|100\/100\n|turn|18\n|\n|t:|1700896920\n|switch|p2a: Alomomola|Alomomola, F|100\/100\n|move|p1a: Gholdengo|Thunder Wave|p2a: Alomomola\n|-status|p2a: Alomomola|par\n|\n|-sideend|p1: Trainer Willie|Reflect\n|upkeep\n|turn|19\n|\n|t:|1700896933\n|switch|p1a: Tinkaton|Tinkaton, F|70\/100\n|-ability|p1a: Tinkaton|Mold Breaker\n|move|p2a: Alomomola|Wish|p2a: Alomomola\n|\n|-heal|p1a: Tinkaton|76\/100|[from] Grassy Terrain\n|upkeep\n|turn|20\n|\n|t:|1700896948\n|move|p1a: Tinkaton|Sweet Kiss|p2a: Alomomola|[miss]\n|-miss|p1a: Tinkaton|p2a: Alomomola\n|move|p2a: Alomomola|Flip Turn|p1a: Tinkaton\n|-damage|p1a: Tinkaton|54\/100\n|\n|t:|1700896952\n|switch|p2a: Cinderace|Cinderace, F|22\/100|[from] Flip Turn\n|\n|-heal|p2a: Cinderace|100\/100|[from] move: Wish|[wisher] Alomomola\n|-heal|p1a: Tinkaton|60\/100|[from] Grassy Terrain\n|-fieldend|move: Grassy Terrain\n|upkeep\n|turn|21\n|\n|t:|1700896957\n|move|p2a: Cinderace|Pyro Ball|p1a: Tinkaton|[miss]\n|-miss|p2a: Cinderace|p1a: Tinkaton\n|move|p1a: Tinkaton|Reflect|p1a: Tinkaton\n|-sidestart|p1: Trainer Willie|Reflect\n|\n|upkeep\n|turn|22\n|\n|t:|1700896964\n|move|p2a: Cinderace|Pyro Ball|p1a: Tinkaton\n|-supereffective|p1a: Tinkaton\n|-damage|p1a: Tinkaton|0 fnt\n|faint|p1a: Tinkaton\n|\n|upkeep\n|\n|t:|1700896981\n|switch|p1a: Pawmot|Pawmot, F, shiny|100\/100\n|turn|23\n|\n|t:|1700896984\n|move|p2a: Cinderace|Pyro Ball|p1a: Pawmot\n|-damage|p1a: Pawmot|52\/100\n|-status|p1a: Pawmot|brn\n|move|p1a: Pawmot|Nuzzle|p2a: Cinderace\n|-damage|p2a: Cinderace|94\/100\n|-status|p2a: Cinderace|par\n|\n|-damage|p1a: Pawmot|46\/100 brn|[from] brn\n|upkeep\n|turn|24\n|inactive|Battle timer is ON: inactive players will automatically lose when time's up. (requested by Blad_okay)\n|\n|t:|1700896997\n|move|p1a: Pawmot|Close Combat|p2a: Cinderace\n|-damage|p2a: Cinderace|45\/100 par\n|-unboost|p1a: Pawmot|def|1\n|-unboost|p1a: Pawmot|spd|1\n|move|p2a: Cinderace|Pyro Ball|p1a: Pawmot\n|-damage|p1a: Pawmot|0 fnt\n|faint|p1a: Pawmot\n|\n|upkeep\n|\n|t:|1700897015\n|switch|p1a: Gholdengo|Gholdengo|100\/100\n|turn|25\n|\n|t:|1700897021\n|move|p2a: Cinderace|Sucker Punch|p1a: Gholdengo\n|-start|p2a: Cinderace|typechange|Dark|[from] ability: Libero\n|-supereffective|p1a: Gholdengo\n|-damage|p1a: Gholdengo|65\/100\n|move|p1a: Gholdengo|Hex|p2a: Cinderace\n|-resisted|p2a: Cinderace\n|-damage|p2a: Cinderace|0 fnt\n|faint|p2a: Cinderace\n|\n|upkeep\n|\n|t:|1700897028\n|switch|p2a: Zapdos|Zapdos|49\/100\n|turn|26\n|\n|t:|1700897036\n|move|p2a: Zapdos|Thunder Wave|p1a: Gholdengo\n|-immune|p1a: Gholdengo|[from] ability: Good as Gold\n|move|p1a: Gholdengo|Make It Rain|p2a: Zapdos\n|-resisted|p2a: Zapdos\n|-damage|p2a: Zapdos|16\/100\n|-unboost|p1a: Gholdengo|spa|1\n|-enditem|p1a: Gholdengo|Eject Pack\n|\n|t:|1700897044\n|switch|p1a: Gallade|Gallade, M|100\/100\n|\n|upkeep\n|turn|27\n|\n|t:|1700897049\n|switch|p1a: Gholdengo|Gholdengo|65\/100\n|move|p2a: Zapdos|Thunder Wave|p1a: Gholdengo\n|-immune|p1a: Gholdengo|[from] ability: Good as Gold\n|\n|upkeep\n|turn|28\n|\n|t:|1700897054\n|move|p2a: Zapdos|Roost|p2a: Zapdos\n|-heal|p2a: Zapdos|66\/100\n|-singleturn|p2a: Zapdos|move: Roost\n|move|p1a: Gholdengo|Recover|p1a: Gholdengo\n|-heal|p1a: Gholdengo|100\/100\n|\n|-sideend|p1: Trainer Willie|Reflect\n|upkeep\n|turn|29\n|\n|t:|1700897062\n|move|p2a: Zapdos|Roost|p2a: Zapdos\n|-heal|p2a: Zapdos|100\/100\n|-singleturn|p2a: Zapdos|move: Roost\n|move|p1a: Gholdengo|Hex|p2a: Zapdos\n|-damage|p2a: Zapdos|63\/100\n|\n|upkeep\n|turn|30\n|\n|t:|1700897069\n|move|p2a: Zapdos|Volt Switch|p1a: Gholdengo\n|-damage|p1a: Gholdengo|69\/100\n|\n|t:|1700897074\n|switch|p2a: Hoopa|Hoopa-Unbound|100\/100|[from] Volt Switch\n|move|p1a: Gholdengo|Hex|p2a: Hoopa\n|-damage|p2a: Hoopa|80\/100\n|\n|upkeep\n|turn|31\n|\n|t:|1700897087\n|move|p1a: Gholdengo|Thunder Wave|p2a: Hoopa\n|-status|p2a: Hoopa|par\n|move|p2a: Hoopa|Knock Off|p1a: Gholdengo\n|-supereffective|p1a: Gholdengo\n|-damage|p1a: Gholdengo|0 fnt\n|faint|p1a: Gholdengo\n|\n|upkeep\n|\n|t:|1700897094\n|switch|p1a: Gallade|Gallade, M|100\/100\n|turn|32\n|\n|t:|1700897103\n|-terastallize|p1a: Gallade|Dark\n|move|p1a: Gallade|Agility|p1a: Gallade\n|-boost|p1a: Gallade|spe|2\n|cant|p2a: Hoopa|par\n|\n|upkeep\n|turn|33\n|\n|t:|1700897123\n|move|p1a: Gallade|Sacred Sword|p2a: Hoopa\n|-damage|p2a: Hoopa|9\/100 par\n|move|p2a: Hoopa|Drain Punch|p1a: Gallade\n|-supereffective|p1a: Gallade\n|-damage|p1a: Gallade|37\/100\n|-heal|p2a: Hoopa|37\/100 par|[from] drain|[of] p1a: Gallade\n|\n|upkeep\n|turn|34\n|\n|t:|1700897131\n|move|p1a: Gallade|Sacred Sword|p2a: Hoopa\n|-damage|p2a: Hoopa|0 fnt\n|faint|p2a: Hoopa\n|\n|upkeep\n|\n|t:|1700897150\n|switch|p2a: Rillaboom|Rillaboom, F|100\/100\n|-fieldstart|move: Grassy Terrain|[from] ability: Grassy Surge|[of] p2a: Rillaboom\n|turn|35\n|\n|t:|1700897169\n|move|p1a: Gallade|Psycho Cut|p2a: Rillaboom\n|-damage|p2a: Rillaboom|54\/100\n|move|p2a: Rillaboom|Drain Punch|p1a: Gallade\n|-supereffective|p1a: Gallade\n|-damage|p1a: Gallade|0 fnt\n|-heal|p2a: Rillaboom|69\/100|[from] drain|[of] p1a: Gallade\n|faint|p1a: Gallade\n|\n|win|Blad_okay\n|raw|Trainer Willie's rating: 1142 &rarr; <strong>1124<\/strong><br \/>(-18 for losing)\n|raw|Blad_okay's rating: 1238 &rarr; <strong>1256<\/strong><br \/>(+18 for winning)\n","uploadtime":1700897176,"views":1,"p1id":"trainerwillie","p2id":"bladokay","formatid":"gen9ou","rating":1124,"private":0,"password":""}