{"id":"gen9ou-1993474358","p1":"Envymetta_TTV","p2":"Mastif61","format":"[Gen 9] OU","log":"|j|\u2606Envymetta_TTV\n|j|\u2606Mastif61\n|t:|1700322289\n|gametype|singles\n|player|p1|Envymetta_TTV|acetrainer-gen4|1465\n|player|p2|Mastif61|acetrainer|1492\n|teamsize|p1|6\n|teamsize|p2|6\n|gen|9\n|tier|[Gen 9] OU\n|rated|\n|rule|Sleep Clause Mod: Limit one foe put to sleep\n|rule|Species Clause: Limit one of each Pok\u00e9mon\n|rule|OHKO Clause: OHKO moves are banned\n|rule|Evasion Items Clause: Evasion items are banned\n|rule|Evasion Moves Clause: Evasion moves are banned\n|rule|Endless Battle Clause: Forcing endless battles is banned\n|rule|HP Percentage Mod: HP is shown in percentages\n|clearpoke\n|poke|p1|Meloetta|\n|poke|p1|Meowscarada, F|\n|poke|p1|Manaphy|\n|poke|p1|Great Tusk|\n|poke|p1|Glimmora, F|\n|poke|p1|Mew|\n|poke|p2|Sneasler, M|\n|poke|p2|Enamorus, F|\n|poke|p2|Blissey, F|\n|poke|p2|Corviknight, F|\n|poke|p2|Ogerpon-Wellspring, F|\n|poke|p2|Gholdengo|\n|teampreview\n|inactive|Battle timer is ON: inactive players will automatically lose when time's up. (requested by Envymetta_TTV)\n|\n|t:|1700322309\n|start\n|switch|p1a: Glimmora|Glimmora, F, shiny|100\/100\n|switch|p2a: Enamorus|Enamorus, F|100\/100\n|-item|p1a: Glimmora|Air Balloon\n|turn|1\n|\n|t:|1700322317\n|move|p2a: Enamorus|Substitute|p2a: Enamorus\n|-start|p2a: Enamorus|Substitute\n|-damage|p2a: Enamorus|76\/100\n|move|p1a: Glimmora|Power Gem|p2a: Enamorus\n|-supereffective|p2a: Enamorus\n|-end|p2a: Enamorus|Substitute\n|\n|-heal|p2a: Enamorus|82\/100|[from] item: Leftovers\n|upkeep\n|turn|2\n|\n|t:|1700322325\n|switch|p2a: Gholdengo|Gholdengo|100\/100\n|-item|p2a: Gholdengo|Air Balloon\n|move|p1a: Glimmora|Power Gem|p2a: Gholdengo\n|-resisted|p2a: Gholdengo\n|-damage|p2a: Gholdengo|78\/100\n|-enditem|p2a: Gholdengo|Air Balloon\n|\n|upkeep\n|turn|3\n|\n|t:|1700322331\n|switch|p1a: Manaphy|Manaphy, shiny|100\/100\n|move|p2a: Gholdengo|Make It Rain|p1a: Manaphy\n|-resisted|p1a: Manaphy\n|-damage|p1a: Manaphy|70\/100\n|-unboost|p2a: Gholdengo|spa|1\n|\n|-heal|p1a: Manaphy|76\/100|[from] item: Leftovers\n|upkeep\n|turn|4\n|\n|t:|1700322339\n|switch|p2a: Blissey|Blissey, F|100\/100\n|move|p1a: Manaphy|Take Heart|p1a: Manaphy\n|-boost|p1a: Manaphy|spa|1\n|-boost|p1a: Manaphy|spd|1\n|\n|-heal|p1a: Manaphy|82\/100|[from] item: Leftovers\n|upkeep\n|turn|5\n|\n|t:|1700322357\n|switch|p2a: Ogerpon|Ogerpon-Wellspring, F|100\/100\n|move|p1a: Manaphy|Acid Armor|p1a: Manaphy\n|-boost|p1a: Manaphy|def|2\n|\n|-heal|p1a: Manaphy|89\/100|[from] item: Leftovers\n|upkeep\n|turn|6\n|\n|t:|1700322363\n|move|p2a: Ogerpon|Encore|p1a: Manaphy\n|-start|p1a: Manaphy|Encore\n|move|p1a: Manaphy|Acid Armor|p1a: Manaphy\n|-boost|p1a: Manaphy|def|2\n|\n|-heal|p1a: Manaphy|95\/100|[from] item: Leftovers\n|upkeep\n|turn|7\n|\n|t:|1700322376\n|switch|p1a: Meowscarada|Meowscarada, F, shiny|100\/100\n|move|p2a: Ogerpon|Horn Leech|p1a: Meowscarada\n|-resisted|p1a: Meowscarada\n|-damage|p1a: Meowscarada|64\/100\n|\n|upkeep\n|turn|8\n|\n|t:|1700322385\n|switch|p2a: Corviknight|Corviknight, F|100\/100\n|-ability|p2a: Corviknight|Pressure\n|move|p1a: Meowscarada|U-turn|p2a: Corviknight\n|-start|p1a: Meowscarada|typechange|Bug|[from] ability: Protean\n|-resisted|p2a: Corviknight\n|-damage|p2a: Corviknight|96\/100\n|-damage|p1a: Meowscarada|47\/100|[from] item: Rocky Helmet|[of] p2a: Corviknight\n|\n|t:|1700322387\n|switch|p1a: Great Tusk|Great Tusk, shiny|100\/100|[from] U-turn\n|\n|upkeep\n|turn|9\n|\n|t:|1700322398\n|move|p1a: Great Tusk|Stealth Rock|p2a: Corviknight\n|-sidestart|p2: Mastif61|move: Stealth Rock\n|move|p2a: Corviknight|Brave Bird|p1a: Great Tusk\n|-supereffective|p1a: Great Tusk\n|-damage|p1a: Great Tusk|52\/100\n|-damage|p2a: Corviknight|79\/100|[from] item: Rocky Helmet|[of] p1a: Great Tusk\n|-damage|p2a: Corviknight|62\/100|[from] Recoil\n|\n|upkeep\n|turn|10\n|\n|t:|1700322407\n|move|p1a: Great Tusk|Taunt|p2a: Corviknight\n|-start|p2a: Corviknight|move: Taunt\n|cant|p2a: Corviknight|move: Taunt|Defog\n|\n|upkeep\n|turn|11\n|\n|t:|1700322413\n|move|p1a: Great Tusk|Knock Off|p2a: Corviknight\n|-damage|p2a: Corviknight|44\/100\n|-damage|p1a: Great Tusk|36\/100|[from] item: Rocky Helmet|[of] p2a: Corviknight\n|-enditem|p2a: Corviknight|Rocky Helmet|[from] move: Knock Off|[of] p1a: Great Tusk\n|move|p2a: Corviknight|Brave Bird|p1a: Great Tusk\n|-supereffective|p1a: Great Tusk\n|-damage|p1a: Great Tusk|0 fnt\n|-damage|p2a: Corviknight|27\/100|[from] item: Rocky Helmet|[of] p1a: Great Tusk\n|faint|p1a: Great Tusk\n|-end|p1a: Great Tusk|Protosynthesis|[silent]\n|-damage|p2a: Corviknight|15\/100|[from] Recoil\n|\n|upkeep\n|\n|t:|1700322423\n|switch|p1a: Glimmora|Glimmora, F, shiny|100\/100\n|-item|p1a: Glimmora|Air Balloon\n|turn|12\n|\n|t:|1700322431\n|move|p1a: Glimmora|Spikes|p2a: Corviknight\n|-sidestart|p2: Mastif61|Spikes\n|move|p2a: Corviknight|Body Press|p1a: Glimmora\n|-damage|p1a: Glimmora|73\/100\n|-activate|p1a: Glimmora|ability: Toxic Debris\n|-sidestart|p2: Mastif61|move: Toxic Spikes\n|-enditem|p1a: Glimmora|Air Balloon\n|\n|-end|p2a: Corviknight|move: Taunt\n|upkeep\n|turn|13\n|\n|t:|1700322438\n|switch|p2a: Sneasler|Sneasler, M|100\/100\n|-damage|p2a: Sneasler|95\/100|[from] Stealth Rock\n|-damage|p2a: Sneasler|82\/100|[from] Spikes\n|-sideend|p2: Mastif61|move: Toxic Spikes|[of] p2a: Sneasler\n|move|p1a: Glimmora|Power Gem|p2a: Sneasler\n|-resisted|p2a: Sneasler\n|-damage|p2a: Sneasler|49\/100\n|\n|upkeep\n|turn|14\n|\n|t:|1700322449\n|move|p2a: Sneasler|Fake Out|p1a: Glimmora\n|-resisted|p1a: Glimmora\n|-damage|p1a: Glimmora|66\/100\n|-activate|p1a: Glimmora|ability: Toxic Debris\n|-sidestart|p2: Mastif61|move: Toxic Spikes\n|cant|p1a: Glimmora|flinch\n|\n|upkeep\n|turn|15\n|\n|t:|1700322456\n|move|p2a: Sneasler|Close Combat|p1a: Glimmora\n|-damage|p1a: Glimmora|0 fnt\n|-unboost|p2a: Sneasler|def|1\n|-unboost|p2a: Sneasler|spd|1\n|-activate|p1a: Glimmora|ability: Toxic Debris\n|-sidestart|p2: Mastif61|move: Toxic Spikes\n|faint|p1a: Glimmora\n|\n|upkeep\n|\n|t:|1700322467\n|switch|p1a: Meowscarada|Meowscarada, F, shiny|47\/100\n|turn|16\n|\n|t:|1700322479\n|switch|p2a: Corviknight|Corviknight, F|15\/100\n|-damage|p2a: Corviknight|2\/100|[from] Stealth Rock\n|-ability|p2a: Corviknight|Pressure\n|move|p1a: Meowscarada|Play Rough|p2a: Corviknight\n|-start|p1a: Meowscarada|typechange|Fairy|[from] ability: Protean\n|-resisted|p2a: Corviknight\n|-damage|p2a: Corviknight|0 fnt\n|faint|p2a: Corviknight\n|\n|upkeep\n|\n|t:|1700322489\n|switch|p2a: Sneasler|Sneasler, M|49\/100\n|-damage|p2a: Sneasler|43\/100|[from] Stealth Rock\n|-damage|p2a: Sneasler|31\/100|[from] Spikes\n|-sideend|p2: Mastif61|move: Toxic Spikes|[of] p2a: Sneasler\n|turn|17\n|\n|t:|1700322501\n|switch|p1a: Manaphy|Manaphy, shiny|95\/100\n|move|p2a: Sneasler|Fake Out|p1a: Manaphy\n|-damage|p1a: Manaphy|83\/100\n|\n|-heal|p1a: Manaphy|89\/100|[from] item: Leftovers\n|upkeep\n|turn|18\n|\n|t:|1700322507\n|move|p2a: Sneasler|Dire Claw|p1a: Manaphy\n|-damage|p1a: Manaphy|56\/100\n|-status|p1a: Manaphy|par\n|move|p1a: Manaphy|Take Heart|p1a: Manaphy\n|-boost|p1a: Manaphy|spa|1\n|-boost|p1a: Manaphy|spd|1\n|-curestatus|p1a: Manaphy|par|[msg]\n|\n|-heal|p1a: Manaphy|62\/100|[from] item: Leftovers\n|upkeep\n|turn|19\n|\n|t:|1700322520\n|move|p2a: Sneasler|Dire Claw|p1a: Manaphy\n|-damage|p1a: Manaphy|26\/100\n|-status|p1a: Manaphy|par\n|move|p1a: Manaphy|Stored Power|p2a: Sneasler\n|-supereffective|p2a: Sneasler\n|-damage|p2a: Sneasler|0 fnt\n|faint|p2a: Sneasler\n|\n|-heal|p1a: Manaphy|32\/100 par|[from] item: Leftovers\n|upkeep\n|\n|t:|1700322533\n|switch|p2a: Ogerpon|Ogerpon-Wellspring, F|100\/100\n|-damage|p2a: Ogerpon|88\/100|[from] Stealth Rock\n|-damage|p2a: Ogerpon|76\/100|[from] Spikes\n|turn|20\n|\n|t:|1700322541\n|move|p2a: Ogerpon|Horn Leech|p1a: Manaphy\n|-supereffective|p1a: Manaphy\n|-damage|p1a: Manaphy|0 fnt\n|-heal|p2a: Ogerpon|97\/100|[from] drain|[of] p1a: Manaphy\n|faint|p1a: Manaphy\n|\n|upkeep\n|\n|t:|1700322548\n|switch|p1a: Meowscarada|Meowscarada, F, shiny|47\/100\n|turn|21\n|inactive|Mastif61 has 120 seconds left.\n|\n|t:|1700322594\n|switch|p2a: Blissey|Blissey, F|100\/100\n|move|p1a: Meowscarada|U-turn|p2a: Blissey\n|-start|p1a: Meowscarada|typechange|Bug|[from] ability: Protean\n|-crit|p2a: Blissey\n|-damage|p2a: Blissey|58\/100\n|\n|t:|1700322601\n|switch|p1a: Meloetta|Meloetta|100\/100|[from] U-turn\n|\n|upkeep\n|turn|22\n|\n|t:|1700322609\n|move|p1a: Meloetta|Substitute|p1a: Meloetta\n|-start|p1a: Meloetta|Substitute\n|-damage|p1a: Meloetta|75\/100\n|move|p2a: Blissey|Thunder Wave||[still]\n|-fail|p2a: Blissey\n|\n|-heal|p1a: Meloetta|82\/100|[from] item: Leftovers\n|upkeep\n|turn|23\n|\n|t:|1700322614\n|switch|p2a: Gholdengo|Gholdengo|78\/100\n|-damage|p2a: Gholdengo|72\/100|[from] Stealth Rock\n|-damage|p2a: Gholdengo|59\/100|[from] Spikes\n|move|p1a: Meloetta|Psyshock|p2a: Gholdengo\n|-resisted|p2a: Gholdengo\n|-damage|p2a: Gholdengo|43\/100\n|\n|-heal|p1a: Meloetta|88\/100|[from] item: Leftovers\n|upkeep\n|turn|24\n|\n|t:|1700322623\n|move|p1a: Meloetta|Calm Mind|p1a: Meloetta\n|-boost|p1a: Meloetta|spa|1\n|-boost|p1a: Meloetta|spd|1\n|move|p2a: Gholdengo|Recover|p2a: Gholdengo\n|-heal|p2a: Gholdengo|93\/100\n|\n|-heal|p1a: Meloetta|94\/100|[from] item: Leftovers\n|upkeep\n|turn|25\n|\n|t:|1700322635\n|move|p1a: Meloetta|Psyshock|p2a: Gholdengo\n|-resisted|p2a: Gholdengo\n|-damage|p2a: Gholdengo|67\/100\n|move|p2a: Gholdengo|Make It Rain|p1a: Meloetta\n|-end|p1a: Meloetta|Substitute\n|-unboost|p2a: Gholdengo|spa|1\n|\n|-heal|p1a: Meloetta|99\/100|[from] item: Leftovers\n|upkeep\n|turn|26\n|\n|t:|1700322643\n|switch|p2a: Ogerpon|Ogerpon-Wellspring, F|97\/100\n|-damage|p2a: Ogerpon|85\/100|[from] Stealth Rock\n|-damage|p2a: Ogerpon|73\/100|[from] Spikes\n|move|p1a: Meloetta|Psyshock|p2a: Ogerpon\n|-damage|p2a: Ogerpon|9\/100\n|\n|-heal|p1a: Meloetta|100\/100|[from] item: Leftovers\n|upkeep\n|turn|27\n|\n|t:|1700322673\n|-terastallize|p2a: Ogerpon|Water\n|detailschange|p2a: Ogerpon|Ogerpon-Wellspring-Tera, F, tera:Water\n|-ability|p2a: Ogerpon|Embody Aspect (Wellspring)|boost\n|-boost|p2a: Ogerpon|spd|1\n|move|p2a: Ogerpon|Ivy Cudgel|p1a: Meloetta|[anim] Ivy Cudgel Water\n|-damage|p1a: Meloetta|13\/100\n|move|p1a: Meloetta|Psyshock|p2a: Ogerpon\n|-damage|p2a: Ogerpon|0 fnt\n|faint|p2a: Ogerpon\n|\n|-heal|p1a: Meloetta|19\/100|[from] item: Leftovers\n|upkeep\n|\n|t:|1700322685\n|switch|p2a: Enamorus|Enamorus, F|82\/100\n|-damage|p2a: Enamorus|57\/100|[from] Stealth Rock\n|turn|28\n|\n|t:|1700322690\n|move|p2a: Enamorus|Moonblast|p1a: Meloetta\n|-damage|p1a: Meloetta|0 fnt\n|faint|p1a: Meloetta\n|\n|-heal|p2a: Enamorus|63\/100|[from] item: Leftovers\n|upkeep\n|\n|t:|1700322703\n|switch|p1a: Mew|Mew, shiny|100\/100\n|turn|29\n|\n|t:|1700322713\n|switch|p2a: Blissey|Blissey, F|58\/100\n|move|p1a: Mew|Calm Mind|p1a: Mew\n|-boost|p1a: Mew|spa|1\n|-boost|p1a: Mew|spd|1\n|\n|upkeep\n|turn|30\n|\n|t:|1700322735\n|move|p1a: Mew|Iron Defense|p1a: Mew\n|-boost|p1a: Mew|def|2\n|move|p2a: Blissey|Thunder Wave|p1a: Mew\n|-status|p1a: Mew|par\n|-activate|p1a: Mew|ability: Synchronize\n|-status|p2a: Blissey|par\n|\n|upkeep\n|turn|31\n|\n|t:|1700322740\n|-curestatus|p2a: Blissey|par|[from] ability: Natural Cure\n|switch|p2a: Gholdengo|Gholdengo|67\/100\n|-damage|p2a: Gholdengo|61\/100|[from] Stealth Rock\n|-damage|p2a: Gholdengo|49\/100|[from] Spikes\n|cant|p1a: Mew|par\n|\n|upkeep\n|turn|32\n|\n|t:|1700322748\n|move|p2a: Gholdengo|Recover|p2a: Gholdengo\n|-heal|p2a: Gholdengo|99\/100\n|move|p1a: Mew|Calm Mind|p1a: Mew\n|-boost|p1a: Mew|spa|1\n|-boost|p1a: Mew|spd|1\n|\n|upkeep\n|turn|33\n|\n|t:|1700322756\n|-terastallize|p1a: Mew|Steel\n|move|p2a: Gholdengo|Nasty Plot|p2a: Gholdengo\n|-boost|p2a: Gholdengo|spa|2\n|move|p1a: Mew|Calm Mind|p1a: Mew\n|-boost|p1a: Mew|spa|1\n|-boost|p1a: Mew|spd|1\n|\n|upkeep\n|turn|34\n|\n|t:|1700322763\n|move|p2a: Gholdengo|Nasty Plot|p2a: Gholdengo\n|-boost|p2a: Gholdengo|spa|2\n|move|p1a: Mew|Calm Mind|p1a: Mew\n|-boost|p1a: Mew|spa|1\n|-boost|p1a: Mew|spd|1\n|\n|upkeep\n|turn|35\n|\n|t:|1700322768\n|move|p2a: Gholdengo|Nasty Plot|p2a: Gholdengo\n|-boost|p2a: Gholdengo|spa|2\n|move|p1a: Mew|Calm Mind|p1a: Mew\n|-boost|p1a: Mew|spa|1\n|-boost|p1a: Mew|spd|1\n|\n|upkeep\n|turn|36\n|\n|t:|1700322773\n|move|p2a: Gholdengo|Shadow Ball|p1a: Mew\n|-damage|p1a: Mew|56\/100 par\n|-unboost|p1a: Mew|spd|1\n|move|p1a: Mew|Stored Power|p2a: Gholdengo\n|-resisted|p2a: Gholdengo\n|-damage|p2a: Gholdengo|0 fnt\n|faint|p2a: Gholdengo\n|\n|-heal|p1a: Mew|62\/100 par|[from] item: Leftovers\n|upkeep\n|\n|t:|1700322781\n|switch|p2a: Enamorus|Enamorus, F|63\/100\n|-damage|p2a: Enamorus|38\/100|[from] Stealth Rock\n|turn|37\n|\n|t:|1700322784\n|move|p2a: Enamorus|Earth Power|p1a: Mew\n|-supereffective|p1a: Mew\n|-damage|p1a: Mew|43\/100 par\n|-unboost|p1a: Mew|spd|1\n|move|p1a: Mew|Stored Power|p2a: Enamorus\n|-damage|p2a: Enamorus|0 fnt\n|faint|p2a: Enamorus\n|\n|-heal|p1a: Mew|50\/100 par|[from] item: Leftovers\n|upkeep\n|-message|Mastif61 forfeited.\n|\n|win|Envymetta_TTV\n|raw|Envymetta_TTV's rating: 1465 &rarr; <strong>1487<\/strong><br \/>(+22 for winning)\n|raw|Mastif61's rating: 1492 &rarr; <strong>1470<\/strong><br \/>(-22 for losing)\n|l|\u2606Mastif61\n","uploadtime":1700322792,"views":8,"p1id":"envymettattv","p2id":"mastif61","formatid":"gen9ou","rating":1470,"private":0,"password":""}