{"id":"gen9ou-1993441923","p1":"Horrific17","p2":"Not Hell","format":"[Gen 9] OU","log":"|j|\u2606Horrific17\n|j|\u2606Not Hell\n|t:|1700318391\n|gametype|singles\n|player|p1|Horrific17|acetrainerf-gen4dp|\n|player|p2|Not Hell|flint|\n|teamsize|p1|6\n|teamsize|p2|6\n|gen|9\n|tier|[Gen 9] OU\n|rule|Sleep Clause Mod: Limit one foe put to sleep\n|rule|Species Clause: Limit one of each Pok\u00e9mon\n|rule|OHKO Clause: OHKO moves are banned\n|rule|Evasion Items Clause: Evasion items are banned\n|rule|Evasion Moves Clause: Evasion moves are banned\n|rule|Endless Battle Clause: Forcing endless battles is banned\n|rule|HP Percentage Mod: HP is shown in percentages\n|clearpoke\n|poke|p1|Samurott-Hisui, M|\n|poke|p1|Vikavolt, M|\n|poke|p1|Dragapult, M|\n|poke|p1|Gurdurr, F|\n|poke|p1|Qwilfish-Hisui, F|\n|poke|p1|Hoopa-Unbound|\n|poke|p2|Noivern, M|\n|poke|p2|Politoed, F|\n|poke|p2|Corviknight, M|\n|poke|p2|Breloom, F|\n|poke|p2|Landorus-Therian, M|\n|poke|p2|Barraskewda, M|\n|teampreview\n|l|\u2606Horrific17\n|player|p1|\n|j|\u2606Horrific17\n|player|p1|Horrific17|acetrainerf-gen4dp\n|\n|t:|1700318425\n|start\n|switch|p1a: Horton 229|Dragapult, M|100\/100\n|switch|p2a: Breloom|Breloom, F|100\/100\n|turn|1\n|\n|t:|1700318445\n|switch|p2a: Corviknight|Corviknight, M|100\/100\n|-ability|p2a: Corviknight|Pressure\n|move|p1a: Horton 229|Dragon Darts|p2a: Corviknight\n|-resisted|p2a: Corviknight\n|-damage|p2a: Corviknight|94\/100\n|-anim|p1a: Horton 229|Dragon Darts|p2a: Corviknight\n|-resisted|p2a: Corviknight\n|-damage|p2a: Corviknight|86\/100\n|\n|upkeep\n|turn|2\n|\n|t:|1700318477\n|switch|p1a: Tetrodotoxin|Qwilfish-Hisui, F, shiny|100\/100\n|-ability|p1a: Tetrodotoxin|Intimidate|boost\n|-unboost|p2a: Corviknight|atk|1\n|move|p2a: Corviknight|U-turn|p1a: Tetrodotoxin\n|-crit|p1a: Tetrodotoxin\n|-damage|p1a: Tetrodotoxin|84\/100\n|j| Prince Smurf\n|\n|t:|1700318490\n|switch|p2a: Breloom|Breloom, F|100\/100|[from] U-turn\n|\n|upkeep\n|turn|3\n|l|\u2606Horrific17\n|player|p1|\n|j|\u2606Horrific17\n|player|p1|Horrific17|acetrainerf-gen4dp\n|c|\u2606Horrific17|wifi moment\n|\n|t:|1700318579\n|move|p2a: Breloom|Spore|p1a: Tetrodotoxin\n|-status|p1a: Tetrodotoxin|slp|[from] move: Spore\n|cant|p1a: Tetrodotoxin|slp\n|\n|upkeep\n|turn|4\n|j| flufi\n|\n|t:|1700318590\n|switch|p2a: Landorus|Landorus-Therian, M|100\/100\n|-ability|p2a: Landorus|Intimidate|boost\n|-unboost|p1a: Tetrodotoxin|atk|1\n|switch|p1a: Horton 229|Dragapult, M|100\/100\n|\n|upkeep\n|turn|5\n|\n|t:|1700318604\n|switch|p1a: Tetrodotoxin|Qwilfish-Hisui, F, shiny|84\/100 slp\n|-ability|p1a: Tetrodotoxin|Intimidate|boost\n|-unboost|p2a: Landorus|atk|1\n|move|p2a: Landorus|Earthquake|p1a: Tetrodotoxin\n|-supereffective|p1a: Tetrodotoxin\n|-damage|p1a: Tetrodotoxin|32\/100 slp\n|\n|upkeep\n|turn|6\n|\n|t:|1700318619\n|switch|p2a: Noivern|Noivern, M|100\/100\n|switch|p1a: MARAUDER|Vikavolt, M, shiny|100\/100\n|\n|upkeep\n|turn|7\n|c| flufi|nice gurdurr bro\n|\n|t:|1700318658\n|move|p2a: Noivern|Draco Meteor|p1a: MARAUDER\n|-enditem|p1a: MARAUDER|Focus Sash\n|-damage|p1a: MARAUDER|1\/100\n|-unboost|p2a: Noivern|spa|2\n|move|p1a: MARAUDER|Thunderbolt|p2a: Noivern\n|-damage|p2a: Noivern|26\/100\n|\n|upkeep\n|turn|8\n|\n|t:|1700318672\n|switch|p1a: Otterheimer|Samurott-Hisui, M|100\/100\n|move|p2a: Noivern|Draco Meteor|p1a: Otterheimer\n|-damage|p1a: Otterheimer|44\/100\n|-unboost|p2a: Noivern|spa|2\n|\n|upkeep\n|turn|9\n|l| flufi\n|\n|t:|1700318690\n|switch|p2a: Breloom|Breloom, F|100\/100\n|move|p1a: Otterheimer|Ceaseless Edge|p2a: Breloom\n|-resisted|p2a: Breloom\n|-damage|p2a: Breloom|61\/100\n|-sidestart|p2: Not Hell|Spikes\n|\n|upkeep\n|turn|10\n|\n|t:|1700318703\n|switch|p1a: Horton 229|Dragapult, M|100\/100\n|move|p2a: Breloom|Bullet Seed|p1a: Horton 229\n|-resisted|p1a: Horton 229\n|-crit|p1a: Horton 229\n|-damage|p1a: Horton 229|85\/100\n|-resisted|p1a: Horton 229\n|-crit|p1a: Horton 229\n|-damage|p1a: Horton 229|69\/100\n|-resisted|p1a: Horton 229\n|-damage|p1a: Horton 229|57\/100\n|-start|p2a: Breloom|Disable|Bullet Seed|[from] ability: Cursed Body|[of] p1a: Horton 229\n|-hitcount|p1a: Horton 229|3\n|\n|-heal|p1a: Horton 229|64\/100|[from] item: Leftovers\n|upkeep\n|turn|11\n|\n|t:|1700318719\n|switch|p2a: Landorus|Landorus-Therian, M|100\/100\n|-ability|p2a: Landorus|Intimidate|boost\n|-unboost|p1a: Horton 229|atk|1\n|move|p1a: Horton 229|U-turn|p2a: Landorus\n|-resisted|p2a: Landorus\n|-damage|p2a: Landorus|92\/100\n|\n|t:|1700318728\n|switch|p1a: Jimmy|Gurdurr, F, shiny|100\/100|[from] U-turn\n|\n|upkeep\n|turn|12\n|\n|t:|1700318734\n|move|p2a: Landorus|U-turn|p1a: Jimmy\n|-resisted|p1a: Jimmy\n|-damage|p1a: Jimmy|94\/100\n|\n|t:|1700318737\n|switch|p2a: Corviknight|Corviknight, M|86\/100|[from] U-turn\n|-ability|p2a: Corviknight|Pressure\n|move|p1a: Jimmy|Knock Off|p2a: Corviknight\n|-damage|p2a: Corviknight|71\/100\n|-damage|p1a: Jimmy|77\/100|[from] item: Rocky Helmet|[of] p2a: Corviknight\n|-enditem|p2a: Corviknight|Rocky Helmet|[from] move: Knock Off|[of] p1a: Jimmy\n|\n|upkeep\n|turn|13\n|\n|t:|1700318746\n|move|p2a: Corviknight|Defog|p1a: Jimmy\n|-unboost|p1a: Jimmy|evasion|1\n|-sideend|p2: Not Hell|Spikes|[from] move: Defog|[of] p2a: Corviknight\n|move|p1a: Jimmy|Thunder Punch|p2a: Corviknight\n|-supereffective|p2a: Corviknight\n|-damage|p2a: Corviknight|44\/100\n|\n|upkeep\n|turn|14\n|\n|t:|1700318753\n|move|p2a: Corviknight|Roost|p2a: Corviknight\n|-heal|p2a: Corviknight|94\/100\n|-singleturn|p2a: Corviknight|move: Roost\n|move|p1a: Jimmy|Drain Punch|p2a: Corviknight\n|-supereffective|p2a: Corviknight\n|-damage|p2a: Corviknight|58\/100\n|-heal|p1a: Jimmy|96\/100|[from] drain|[of] p2a: Corviknight\n|\n|upkeep\n|turn|15\n|\n|t:|1700318762\n|switch|p1a: MARAUDER|Vikavolt, M, shiny|1\/100\n|move|p2a: Corviknight|Roost|p2a: Corviknight\n|-heal|p2a: Corviknight|100\/100\n|-singleturn|p2a: Corviknight|move: Roost\n|\n|upkeep\n|turn|16\n|\n|t:|1700318770\n|switch|p2a: Landorus|Landorus-Therian, M|92\/100\n|-ability|p2a: Landorus|Intimidate|boost\n|-unboost|p1a: MARAUDER|atk|1\n|move|p1a: MARAUDER|Thunderbolt|p2a: Landorus\n|-immune|p2a: Landorus\n|\n|upkeep\n|turn|17\n|\n|t:|1700318786\n|switch|p1a: Jimmy|Gurdurr, F, shiny|96\/100\n|move|p2a: Landorus|U-turn|p1a: Jimmy\n|-resisted|p1a: Jimmy\n|-damage|p1a: Jimmy|90\/100\n|\n|t:|1700318792\n|switch|p2a: Noivern|Noivern, M|26\/100|[from] U-turn\n|\n|upkeep\n|turn|18\n|\n|t:|1700318804\n|switch|p1a: Tetrodotoxin|Qwilfish-Hisui, F, shiny|32\/100 slp\n|-ability|p1a: Tetrodotoxin|Intimidate|boost\n|-unboost|p2a: Noivern|atk|1\n|move|p2a: Noivern|Hurricane|p1a: Tetrodotoxin|[miss]\n|-miss|p2a: Noivern|p1a: Tetrodotoxin\n|\n|upkeep\n|turn|19\n|\n|t:|1700318812\n|move|p2a: Noivern|Hurricane|p1a: Tetrodotoxin\n|-damage|p1a: Tetrodotoxin|0 fnt\n|faint|p1a: Tetrodotoxin\n|\n|upkeep\n|\n|t:|1700318828\n|switch|p1a: Otterheimer|Samurott-Hisui, M|44\/100\n|turn|20\n|\n|t:|1700318836\n|switch|p2a: Corviknight|Corviknight, M|100\/100\n|-ability|p2a: Corviknight|Pressure\n|move|p1a: Otterheimer|Ice Beam|p2a: Corviknight\n|-damage|p2a: Corviknight|84\/100\n|\n|upkeep\n|turn|21\n|\n|t:|1700318856\n|switch|p1a: Jimmy|Gurdurr, F, shiny|90\/100\n|move|p2a: Corviknight|U-turn|p1a: Jimmy\n|-resisted|p1a: Jimmy\n|-damage|p1a: Jimmy|86\/100\n|\n|t:|1700318862\n|switch|p2a: Breloom|Breloom, F|61\/100|[from] U-turn\n|\n|upkeep\n|turn|22\n|\n|t:|1700318871\n|move|p1a: Jimmy|Mach Punch|p2a: Breloom\n|-damage|p2a: Breloom|33\/100\n|move|p2a: Breloom|Spore|p1a: Jimmy\n|-status|p1a: Jimmy|slp|[from] move: Spore\n|\n|upkeep\n|turn|23\n|\n|t:|1700318881\n|move|p2a: Breloom|Bullet Seed|p1a: Jimmy\n|-damage|p1a: Jimmy|76\/100 slp\n|-damage|p1a: Jimmy|68\/100 slp\n|-damage|p1a: Jimmy|57\/100 slp\n|-hitcount|p1a: Jimmy|3\n|cant|p1a: Jimmy|slp\n|\n|upkeep\n|turn|24\n|\n|t:|1700318889\n|switch|p2a: Landorus|Landorus-Therian, M|92\/100\n|-ability|p2a: Landorus|Intimidate|boost\n|-unboost|p1a: Jimmy|atk|1\n|cant|p1a: Jimmy|slp\n|\n|upkeep\n|turn|25\n|\n|t:|1700318901\n|move|p2a: Landorus|Psychic|p1a: Jimmy\n|-supereffective|p1a: Jimmy\n|-damage|p1a: Jimmy|13\/100 slp\n|-unboost|p1a: Jimmy|spd|1\n|-curestatus|p1a: Jimmy|slp|[msg]\n|move|p1a: Jimmy|Knock Off|p2a: Landorus\n|-damage|p2a: Landorus|74\/100\n|-enditem|p2a: Landorus|Choice Scarf|[from] move: Knock Off|[of] p1a: Jimmy\n|\n|upkeep\n|turn|26\n|\n|t:|1700318918\n|move|p1a: Jimmy|Mach Punch|p2a: Landorus\n|-resisted|p2a: Landorus\n|-damage|p2a: Landorus|67\/100\n|move|p2a: Landorus|Earthquake|p1a: Jimmy\n|-damage|p1a: Jimmy|0 fnt\n|faint|p1a: Jimmy\n|\n|upkeep\n|\n|t:|1700318931\n|switch|p1a: Otterheimer|Samurott-Hisui, M|44\/100\n|turn|27\n|\n|t:|1700318952\n|move|p1a: Otterheimer|Razor Shell|p2a: Landorus\n|-supereffective|p2a: Landorus\n|-damage|p2a: Landorus|0 fnt\n|faint|p2a: Landorus\n|\n|upkeep\n|\n|t:|1700318967\n|switch|p2a: Corviknight|Corviknight, M|84\/100\n|-ability|p2a: Corviknight|Pressure\n|turn|28\n|\n|t:|1700318979\n|switch|p1a: MARAUDER|Vikavolt, M, shiny|1\/100\n|move|p2a: Corviknight|U-turn|p1a: MARAUDER\n|-damage|p1a: MARAUDER|0 fnt\n|faint|p1a: MARAUDER\n|\n|t:|1700318995\n|switch|p2a: Politoed|Politoed, F|100\/100|[from] U-turn\n|-weather|RainDance|[from] ability: Drizzle|[of] p2a: Politoed\n|\n|-weather|RainDance|[upkeep]\n|upkeep\n|\n|t:|1700319003\n|switch|p1a: Horton 229|Dragapult, M|64\/100\n|turn|29\n|\n|t:|1700319013\n|move|p1a: Horton 229|Dragon Dance|p1a: Horton 229\n|-boost|p1a: Horton 229|atk|1\n|-boost|p1a: Horton 229|spe|1\n|move|p2a: Politoed|Icy Wind|p1a: Horton 229\n|-supereffective|p1a: Horton 229\n|-damage|p1a: Horton 229|34\/100\n|-unboost|p1a: Horton 229|spe|1\n|\n|-weather|RainDance|[upkeep]\n|-heal|p1a: Horton 229|40\/100|[from] item: Leftovers\n|upkeep\n|turn|30\n|\n|t:|1700319053\n|switch|p2a: Breloom|Breloom, F|33\/100\n|move|p1a: Horton 229|Phantom Force||[still]\n|-prepare|p1a: Horton 229|Phantom Force\n|\n|-weather|RainDance|[upkeep]\n|-heal|p1a: Horton 229|47\/100|[from] item: Leftovers\n|upkeep\n|turn|31\n|\n|t:|1700319075\n|switch|p2a: Noivern|Noivern, M|26\/100\n|move|p1a: Horton 229|Phantom Force|p2a: Noivern|[from]lockedmove\n|-damage|p2a: Noivern|0 fnt\n|faint|p2a: Noivern\n|\n|-weather|RainDance|[upkeep]\n|-heal|p1a: Horton 229|53\/100|[from] item: Leftovers\n|upkeep\n|\n|t:|1700319081\n|switch|p2a: Corviknight|Corviknight, M|84\/100\n|-ability|p2a: Corviknight|Pressure\n|turn|32\n|\n|t:|1700319098\n|move|p1a: Horton 229|Dragon Dance|p1a: Horton 229\n|-boost|p1a: Horton 229|atk|1\n|-boost|p1a: Horton 229|spe|1\n|move|p2a: Corviknight|Brave Bird|p1a: Horton 229\n|-damage|p1a: Horton 229|8\/100\n|-damage|p2a: Corviknight|70\/100|[from] Recoil\n|\n|-weather|none\n|-heal|p1a: Horton 229|14\/100|[from] item: Leftovers\n|upkeep\n|turn|33\n|\n|t:|1700319109\n|move|p1a: Horton 229|Phantom Force||[still]\n|-prepare|p1a: Horton 229|Phantom Force\n|move|p2a: Corviknight|Roost|p2a: Corviknight\n|-heal|p2a: Corviknight|100\/100\n|-singleturn|p2a: Corviknight|move: Roost\n|\n|-heal|p1a: Horton 229|20\/100|[from] item: Leftovers\n|upkeep\n|turn|34\n|\n|t:|1700319117\n|move|p1a: Horton 229|Phantom Force|p2a: Corviknight|[from]lockedmove\n|-damage|p2a: Corviknight|53\/100\n|move|p2a: Corviknight|Brave Bird|p1a: Horton 229\n|-damage|p1a: Horton 229|0 fnt\n|faint|p1a: Horton 229\n|-damage|p2a: Corviknight|47\/100|[from] Recoil\n|\n|upkeep\n|\n|t:|1700319126\n|switch|p1a: Otterheimer|Samurott-Hisui, M|44\/100\n|turn|35\n|\n|t:|1700319135\n|move|p1a: Otterheimer|Razor Shell|p2a: Corviknight\n|-damage|p2a: Corviknight|16\/100\n|move|p2a: Corviknight|U-turn|p1a: Otterheimer\n|-supereffective|p1a: Otterheimer\n|-damage|p1a: Otterheimer|9\/100\n|\n|t:|1700319141\n|switch|p2a: Breloom|Breloom, F|33\/100|[from] U-turn\n|\n|upkeep\n|turn|36\n|\n|t:|1700319154\n|-terastallize|p2a: Breloom|Fighting\n|move|p2a: Breloom|Mach Punch|p1a: Otterheimer\n|-supereffective|p1a: Otterheimer\n|-damage|p1a: Otterheimer|0 fnt\n|faint|p1a: Otterheimer\n|\n|upkeep\n|\n|t:|1700319159\n|switch|p1a: \u0627\u0644\u0641 \u0644\u064a\u0644\u0629 \u0648 \u0644\u064a\u0644\u0629|Hoopa-Unbound|100\/100\n|turn|37\n|\n|t:|1700319168\n|-terastallize|p1a: \u0627\u0644\u0641 \u0644\u064a\u0644\u0629 \u0648 \u0644\u064a\u0644\u0629|Flying\n|move|p2a: Breloom|Mach Punch|p1a: \u0627\u0644\u0641 \u0644\u064a\u0644\u0629 \u0648 \u0644\u064a\u0644\u0629\n|-resisted|p1a: \u0627\u0644\u0641 \u0644\u064a\u0644\u0629 \u0648 \u0644\u064a\u0644\u0629\n|-damage|p1a: \u0627\u0644\u0641 \u0644\u064a\u0644\u0629 \u0648 \u0644\u064a\u0644\u0629|68\/100\n|move|p1a: \u0627\u0644\u0641 \u0644\u064a\u0644\u0629 \u0648 \u0644\u064a\u0644\u0629|Dark Pulse|p2a: Breloom\n|-resisted|p2a: Breloom\n|-damage|p2a: Breloom|0 fnt\n|faint|p2a: Breloom\n|\n|upkeep\n|\n|t:|1700319175\n|switch|p2a: Politoed|Politoed, F|100\/100\n|-weather|RainDance|[from] ability: Drizzle|[of] p2a: Politoed\n|turn|38\n|\n|t:|1700319181\n|move|p1a: \u0627\u0644\u0641 \u0644\u064a\u0644\u0629 \u0648 \u0644\u064a\u0644\u0629|Calm Mind|p1a: \u0627\u0644\u0641 \u0644\u064a\u0644\u0629 \u0648 \u0644\u064a\u0644\u0629\n|-boost|p1a: \u0627\u0644\u0641 \u0644\u064a\u0644\u0629 \u0648 \u0644\u064a\u0644\u0629|spa|1\n|-boost|p1a: \u0627\u0644\u0641 \u0644\u064a\u0644\u0629 \u0648 \u0644\u064a\u0644\u0629|spd|1\n|move|p2a: Politoed|Icy Wind|p1a: \u0627\u0644\u0641 \u0644\u064a\u0644\u0629 \u0648 \u0644\u064a\u0644\u0629\n|-supereffective|p1a: \u0627\u0644\u0641 \u0644\u064a\u0644\u0629 \u0648 \u0644\u064a\u0644\u0629\n|-damage|p1a: \u0627\u0644\u0641 \u0644\u064a\u0644\u0629 \u0648 \u0644\u064a\u0644\u0629|55\/100\n|-unboost|p1a: \u0627\u0644\u0641 \u0644\u064a\u0644\u0629 \u0648 \u0644\u064a\u0644\u0629|spe|1\n|\n|-weather|RainDance|[upkeep]\n|upkeep\n|turn|39\n|\n|t:|1700319191\n|switch|p2a: Corviknight|Corviknight, M|16\/100\n|-ability|p2a: Corviknight|Pressure\n|move|p1a: \u0627\u0644\u0641 \u0644\u064a\u0644\u0629 \u0648 \u0644\u064a\u0644\u0629|Calm Mind|p1a: \u0627\u0644\u0641 \u0644\u064a\u0644\u0629 \u0648 \u0644\u064a\u0644\u0629\n|-boost|p1a: \u0627\u0644\u0641 \u0644\u064a\u0644\u0629 \u0648 \u0644\u064a\u0644\u0629|spa|1\n|-boost|p1a: \u0627\u0644\u0641 \u0644\u064a\u0644\u0629 \u0648 \u0644\u064a\u0644\u0629|spd|1\n|\n|-weather|RainDance|[upkeep]\n|upkeep\n|turn|40\n|\n|t:|1700319197\n|move|p1a: \u0627\u0644\u0641 \u0644\u064a\u0644\u0629 \u0648 \u0644\u064a\u0644\u0629|Thunderbolt|p2a: Corviknight\n|-supereffective|p2a: Corviknight\n|-damage|p2a: Corviknight|0 fnt\n|faint|p2a: Corviknight\n|\n|-weather|RainDance|[upkeep]\n|upkeep\n|\n|t:|1700319201\n|switch|p2a: Barraskewda|Barraskewda, M|100\/100\n|turn|41\n|\n|t:|1700319208\n|move|p2a: Barraskewda|Liquidation|p1a: \u0627\u0644\u0641 \u0644\u064a\u0644\u0629 \u0648 \u0644\u064a\u0644\u0629\n|-crit|p1a: \u0627\u0644\u0641 \u0644\u064a\u0644\u0629 \u0648 \u0644\u064a\u0644\u0629\n|-damage|p1a: \u0627\u0644\u0641 \u0644\u064a\u0644\u0629 \u0648 \u0644\u064a\u0644\u0629|0 fnt\n|faint|p1a: \u0627\u0644\u0641 \u0644\u064a\u0644\u0629 \u0648 \u0644\u064a\u0644\u0629\n|\n|win|Not Hell\n|c|\u2606Horrific17|gg\n|c|\u2606Not Hell|ggg\n","uploadtime":1700319213,"views":14,"p1id":"horrific17","p2id":"nothell","formatid":"gen9ou","rating":0,"private":0,"password":""}