{"id":"gen9ou-1989629130","p1":"TheNutmeg33","p2":"Erwin Chargaff","format":"[Gen 9] OU","log":"|j|\u2606TheNutmeg33\n|j|\u2606Erwin Chargaff\n|t:|1699880821\n|gametype|singles\n|player|p1|TheNutmeg33|169|1599\n|player|p2|Erwin Chargaff|ninjaboy|1549\n|teamsize|p1|6\n|teamsize|p2|6\n|gen|9\n|tier|[Gen 9] OU\n|rated|\n|rule|Sleep Clause Mod: Limit one foe put to sleep\n|rule|Species Clause: Limit one of each Pok\u00e9mon\n|rule|OHKO Clause: OHKO moves are banned\n|rule|Evasion Items Clause: Evasion items are banned\n|rule|Evasion Moves Clause: Evasion moves are banned\n|rule|Endless Battle Clause: Forcing endless battles is banned\n|rule|HP Percentage Mod: HP is shown in percentages\n|clearpoke\n|poke|p1|Iron Moth|\n|poke|p1|Great Tusk|\n|poke|p1|Garganacl, M|\n|poke|p1|Clodsire, M|\n|poke|p1|Corviknight, M|\n|poke|p1|Clefable, F|\n|poke|p2|Glimmora, F|\n|poke|p2|Slowking-Galar, F|\n|poke|p2|Dragapult, M|\n|poke|p2|Rotom-Wash|\n|poke|p2|Walking Wake|\n|poke|p2|Corviknight, F|\n|teampreview\n|inactive|Battle timer is ON: inactive players will automatically lose when time's up. (requested by Erwin Chargaff)\n|\n|t:|1699880830\n|start\n|switch|p1a: Garganacl|Garganacl, M, shiny|100\/100\n|switch|p2a: Claude Fran\u00e7ois|Rotom-Wash|100\/100\n|turn|1\n|\n|t:|1699880834\n|move|p1a: Garganacl|Protect|p1a: Garganacl\n|-singleturn|p1a: Garganacl|Protect\n|move|p2a: Claude Fran\u00e7ois|Trick|p1a: Garganacl\n|-activate|p1a: Garganacl|move: Protect\n|\n|upkeep\n|turn|2\n|\n|t:|1699880838\n|switch|p1a: Clodsire|Clodsire, M, shiny|100\/100\n|move|p2a: Claude Fran\u00e7ois|Trick|p1a: Clodsire\n|-activate|p2a: Claude Fran\u00e7ois|move: Trick|[of] p1a: Clodsire\n|-item|p1a: Clodsire|Choice Specs|[from] move: Trick\n|-item|p2a: Claude Fran\u00e7ois|Black Sludge|[from] move: Trick\n|\n|-damage|p2a: Claude Fran\u00e7ois|88\/100|[from] item: Black Sludge\n|upkeep\n|turn|3\n|\n|t:|1699880854\n|switch|p2a: Metaknight|Corviknight, F|100\/100\n|move|p1a: Clodsire|Toxic|p2a: Metaknight\n|-immune|p2a: Metaknight\n|\n|upkeep\n|turn|4\n|\n|t:|1699880861\n|switch|p1a: Garganacl|Garganacl, M, shiny|100\/100\n|move|p2a: Metaknight|Body Press|p1a: Garganacl\n|-supereffective|p1a: Garganacl\n|-crit|p1a: Garganacl\n|-damage|p1a: Garganacl|56\/100\n|\n|-heal|p1a: Garganacl|62\/100|[from] item: Leftovers\n|upkeep\n|turn|5\n|\n|t:|1699880871\n|switch|p2a: Glimmora|Glimmora, F|100\/100\n|-terastallize|p1a: Garganacl|Ghost\n|move|p1a: Garganacl|Salt Cure|p2a: Glimmora\n|-damage|p2a: Glimmora|84\/100\n|-start|p2a: Glimmora|Salt Cure\n|-activate|p2a: Glimmora|ability: Toxic Debris\n|-sidestart|p1: TheNutmeg33|move: Toxic Spikes\n|\n|-heal|p1a: Garganacl|68\/100|[from] item: Leftovers\n|-damage|p2a: Glimmora|72\/100|[from] Salt Cure\n|upkeep\n|turn|6\n|\n|t:|1699880880\n|move|p2a: Glimmora|Stealth Rock|p1a: Garganacl\n|-sidestart|p1: TheNutmeg33|move: Stealth Rock\n|move|p1a: Garganacl|Recover|p1a: Garganacl\n|-heal|p1a: Garganacl|100\/100\n|\n|-damage|p2a: Glimmora|59\/100|[from] Salt Cure\n|upkeep\n|turn|7\n|\n|t:|1699880887\n|move|p2a: Glimmora|Earth Power|p1a: Garganacl\n|-damage|p1a: Garganacl|74\/100\n|move|p1a: Garganacl|Stealth Rock|p2a: Glimmora\n|-sidestart|p2: Erwin Chargaff|move: Stealth Rock\n|\n|-heal|p1a: Garganacl|80\/100|[from] item: Leftovers\n|-damage|p2a: Glimmora|47\/100|[from] Salt Cure\n|upkeep\n|turn|8\n|\n|t:|1699880902\n|move|p1a: Garganacl|Protect|p1a: Garganacl\n|-singleturn|p1a: Garganacl|Protect\n|move|p2a: Glimmora|Mortal Spin|p1a: Garganacl\n|-activate|p1a: Garganacl|move: Protect\n|\n|-heal|p1a: Garganacl|86\/100|[from] item: Leftovers\n|-damage|p2a: Glimmora|34\/100|[from] Salt Cure\n|upkeep\n|turn|9\n|\n|t:|1699880905\n|switch|p1a: Corviknight|Corviknight, M, shiny|100\/100\n|-damage|p1a: Corviknight|88\/100|[from] Stealth Rock\n|-ability|p1a: Corviknight|Pressure\n|move|p2a: Glimmora|Mortal Spin|p1a: Corviknight\n|-immune|p1a: Corviknight\n|\n|-damage|p2a: Glimmora|22\/100|[from] Salt Cure\n|upkeep\n|turn|10\n|\n|t:|1699880914\n|switch|p2a: Metaknight|Corviknight, F|100\/100\n|-damage|p2a: Metaknight|88\/100|[from] Stealth Rock\n|move|p1a: Corviknight|U-turn|p2a: Metaknight\n|-resisted|p2a: Metaknight\n|-damage|p2a: Metaknight|86\/100\n|-damage|p1a: Corviknight|72\/100|[from] item: Rocky Helmet|[of] p2a: Metaknight\n|\n|t:|1699880921\n|switch|p1a: Garganacl|Garganacl, M, shiny, tera:Ghost|86\/100|[from] U-turn\n|-damage|p1a: Garganacl|74\/100|[from] Stealth Rock\n|\n|-heal|p1a: Garganacl|80\/100|[from] item: Leftovers\n|upkeep\n|turn|11\n|\n|t:|1699880927\n|switch|p2a: Glimmora|Glimmora, F|22\/100\n|-damage|p2a: Glimmora|10\/100|[from] Stealth Rock\n|move|p1a: Garganacl|Salt Cure|p2a: Glimmora\n|-damage|p2a: Glimmora|0 fnt\n|-activate|p2a: Glimmora|ability: Toxic Debris\n|-sidestart|p1: TheNutmeg33|move: Toxic Spikes\n|faint|p2a: Glimmora\n|\n|-heal|p1a: Garganacl|86\/100|[from] item: Leftovers\n|upkeep\n|\n|t:|1699880938\n|switch|p2a: Claude Fran\u00e7ois|Rotom-Wash|88\/100\n|-damage|p2a: Claude Fran\u00e7ois|76\/100|[from] Stealth Rock\n|turn|12\n|\n|t:|1699880945\n|switch|p1a: Clodsire|Clodsire, M, shiny|100\/100\n|-sideend|p1: TheNutmeg33|move: Toxic Spikes|[of] p1a: Clodsire\n|-damage|p1a: Clodsire|94\/100|[from] Stealth Rock\n|move|p2a: Claude Fran\u00e7ois|Hydro Pump|p1a: Clodsire\n|-heal|p1a: Clodsire|100\/100|[from] ability: Water Absorb|[of] p2a: Claude Fran\u00e7ois\n|\n|-damage|p2a: Claude Fran\u00e7ois|63\/100|[from] item: Black Sludge\n|upkeep\n|turn|13\n|\n|t:|1699880955\n|switch|p2a: Metaknight|Corviknight, F|86\/100\n|-damage|p2a: Metaknight|73\/100|[from] Stealth Rock\n|move|p1a: Clodsire|Spikes|p2a: Metaknight\n|-sidestart|p2: Erwin Chargaff|Spikes\n|\n|upkeep\n|turn|14\n|\n|t:|1699880961\n|switch|p1a: Garganacl|Garganacl, M, shiny, tera:Ghost|86\/100\n|-damage|p1a: Garganacl|74\/100|[from] Stealth Rock\n|move|p2a: Metaknight|Roost|p2a: Metaknight\n|-heal|p2a: Metaknight|100\/100\n|-singleturn|p2a: Metaknight|move: Roost\n|\n|-heal|p1a: Garganacl|80\/100|[from] item: Leftovers\n|upkeep\n|turn|15\n|\n|t:|1699880970\n|switch|p2a: Claude Fran\u00e7ois|Rotom-Wash|63\/100\n|-damage|p2a: Claude Fran\u00e7ois|51\/100|[from] Stealth Rock\n|move|p1a: Garganacl|Salt Cure|p2a: Claude Fran\u00e7ois\n|-damage|p2a: Claude Fran\u00e7ois|33\/100\n|-start|p2a: Claude Fran\u00e7ois|Salt Cure\n|\n|-damage|p2a: Claude Fran\u00e7ois|20\/100|[from] item: Black Sludge\n|-heal|p1a: Garganacl|86\/100|[from] item: Leftovers\n|-damage|p2a: Claude Fran\u00e7ois|0 fnt|[from] Salt Cure\n|faint|p2a: Claude Fran\u00e7ois\n|upkeep\n|\n|t:|1699880974\n|switch|p2a: Tricul|Walking Wake|100\/100\n|-damage|p2a: Tricul|88\/100|[from] Stealth Rock\n|-damage|p2a: Tricul|76\/100|[from] Spikes\n|turn|16\n|\n|t:|1699880977\n|move|p1a: Garganacl|Protect|p1a: Garganacl\n|-singleturn|p1a: Garganacl|Protect\n|move|p2a: Tricul|Draco Meteor|p1a: Garganacl\n|-activate|p1a: Garganacl|move: Protect\n|\n|-heal|p1a: Garganacl|92\/100|[from] item: Leftovers\n|upkeep\n|turn|17\n|\n|t:|1699880989\n|-end|p2a: Tricul|Protosynthesis|[silent]\n|switch|p2a: LanssDorian|Dragapult, M|100\/100\n|-damage|p2a: LanssDorian|88\/100|[from] Stealth Rock\n|-damage|p2a: LanssDorian|76\/100|[from] Spikes\n|switch|p1a: Clefable|Clefable, F, shiny|100\/100\n|\n|upkeep\n|turn|18\n|\n|t:|1699880998\n|move|p2a: LanssDorian|Phantom Force||[still]\n|-prepare|p2a: LanssDorian|Phantom Force\n|move|p1a: Clefable|Thunder Wave|p2a: LanssDorian|[miss]\n|-miss|p1a: Clefable|p2a: LanssDorian\n|\n|upkeep\n|turn|19\n|\n|t:|1699881003\n|move|p2a: LanssDorian|Phantom Force|p1a: Clefable|[from]lockedmove\n|-damage|p1a: Clefable|49\/100\n|move|p1a: Clefable|Moonblast|p2a: LanssDorian\n|-supereffective|p2a: LanssDorian\n|-damage|p2a: LanssDorian|0 fnt\n|faint|p2a: LanssDorian\n|\n|-heal|p1a: Clefable|55\/100|[from] item: Leftovers\n|upkeep\n|\n|t:|1699881012\n|switch|p2a: Tapamal|Slowking-Galar, F|100\/100\n|-damage|p2a: Tapamal|88\/100|[from] Stealth Rock\n|-damage|p2a: Tapamal|76\/100|[from] Spikes\n|turn|20\n|\n|t:|1699881016\n|move|p1a: Clefable|Knock Off|p2a: Tapamal\n|-supereffective|p2a: Tapamal\n|-damage|p2a: Tapamal|45\/100\n|-enditem|p2a: Tapamal|Assault Vest|[from] move: Knock Off|[of] p1a: Clefable\n|move|p2a: Tapamal|Sludge Bomb|p1a: Clefable\n|-supereffective|p1a: Clefable\n|-damage|p1a: Clefable|0 fnt\n|faint|p1a: Clefable\n|\n|upkeep\n|\n|t:|1699881023\n|switch|p1a: Great Tusk|Great Tusk, shiny|100\/100\n|turn|21\n|\n|t:|1699881025\n|switch|p2a: Metaknight|Corviknight, F|100\/100\n|-damage|p2a: Metaknight|88\/100|[from] Stealth Rock\n|move|p1a: Great Tusk|Rapid Spin|p2a: Metaknight\n|-resisted|p2a: Metaknight\n|-damage|p2a: Metaknight|82\/100\n|-boost|p1a: Great Tusk|spe|1\n|-damage|p1a: Great Tusk|84\/100|[from] item: Rocky Helmet|[of] p2a: Metaknight\n|-sideend|p1: TheNutmeg33|Stealth Rock|[from] move: Rapid Spin|[of] p1a: Great Tusk\n|\n|upkeep\n|turn|22\n|\n|t:|1699881034\n|-end|p1a: Great Tusk|Protosynthesis|[silent]\n|switch|p1a: Garganacl|Garganacl, M, shiny, tera:Ghost|92\/100\n|move|p2a: Metaknight|Defog|p1a: Garganacl\n|-unboost|p1a: Garganacl|evasion|1\n|-sideend|p2: Erwin Chargaff|Spikes|[from] move: Defog|[of] p2a: Metaknight\n|-sideend|p2: Erwin Chargaff|Stealth Rock|[from] move: Defog|[of] p2a: Metaknight\n|\n|-heal|p1a: Garganacl|99\/100|[from] item: Leftovers\n|upkeep\n|turn|23\n|j| Wassup beijing\n|\n|t:|1699881042\n|move|p2a: Metaknight|Brave Bird|p1a: Garganacl\n|-damage|p1a: Garganacl|78\/100\n|-damage|p2a: Metaknight|74\/100|[from] Recoil\n|move|p1a: Garganacl|Salt Cure|p2a: Metaknight\n|-damage|p2a: Metaknight|64\/100\n|-start|p2a: Metaknight|Salt Cure\n|\n|-heal|p1a: Garganacl|85\/100|[from] item: Leftovers\n|-damage|p2a: Metaknight|39\/100|[from] Salt Cure\n|upkeep\n|turn|24\n|\n|t:|1699881045\n|move|p2a: Metaknight|Brave Bird|p1a: Garganacl\n|-damage|p1a: Garganacl|66\/100\n|-damage|p2a: Metaknight|32\/100|[from] Recoil\n|move|p1a: Garganacl|Salt Cure|p2a: Metaknight\n|-damage|p2a: Metaknight|22\/100\n|\n|-heal|p1a: Garganacl|72\/100|[from] item: Leftovers\n|-damage|p2a: Metaknight|0 fnt|[from] Salt Cure\n|faint|p2a: Metaknight\n|upkeep\n|\n|t:|1699881048\n|switch|p2a: Tricul|Walking Wake|76\/100\n|turn|25\n|\n|t:|1699881051\n|move|p1a: Garganacl|Protect|p1a: Garganacl\n|-singleturn|p1a: Garganacl|Protect\n|move|p2a: Tricul|Draco Meteor|p1a: Garganacl\n|-activate|p1a: Garganacl|move: Protect\n|\n|-heal|p1a: Garganacl|78\/100|[from] item: Leftovers\n|upkeep\n|turn|26\n|\n|t:|1699881054\n|switch|p1a: Corviknight|Corviknight, M, shiny|72\/100\n|-ability|p1a: Corviknight|Pressure\n|move|p2a: Tricul|Draco Meteor|p1a: Corviknight\n|-resisted|p1a: Corviknight\n|-damage|p1a: Corviknight|24\/100\n|-unboost|p2a: Tricul|spa|2\n|\n|upkeep\n|turn|27\n|\n|t:|1699881057\n|move|p2a: Tricul|Draco Meteor|p1a: Corviknight\n|-resisted|p1a: Corviknight\n|-damage|p1a: Corviknight|0 fnt\n|-unboost|p2a: Tricul|spa|2\n|faint|p1a: Corviknight\n|\n|upkeep\n|\n|t:|1699881066\n|switch|p1a: Great Tusk|Great Tusk, shiny|84\/100\n|turn|28\n|\n|t:|1699881070\n|-end|p2a: Tricul|Protosynthesis|[silent]\n|switch|p2a: Tapamal|Slowking-Galar, F|78\/100\n|move|p1a: Great Tusk|Rapid Spin|p2a: Tapamal\n|-damage|p2a: Tapamal|59\/100\n|-boost|p1a: Great Tusk|spe|1\n|\n|upkeep\n|turn|29\n|\n|t:|1699881073\n|move|p1a: Great Tusk|Headlong Rush|p2a: Tapamal\n|-supereffective|p2a: Tapamal\n|-damage|p2a: Tapamal|0 fnt\n|-unboost|p1a: Great Tusk|def|1\n|-unboost|p1a: Great Tusk|spd|1\n|faint|p2a: Tapamal\n|\n|upkeep\n|\n|t:|1699881076\n|switch|p2a: Tricul|Walking Wake|76\/100\n|turn|30\n|\n|t:|1699881079\n|-terastallize|p2a: Tricul|Fairy\n|move|p1a: Great Tusk|Close Combat|p2a: Tricul\n|-resisted|p2a: Tricul\n|-damage|p2a: Tricul|40\/100\n|-unboost|p1a: Great Tusk|def|1\n|-unboost|p1a: Great Tusk|spd|1\n|move|p2a: Tricul|Tera Blast|p1a: Great Tusk|[anim] Tera Blast Fairy\n|-supereffective|p1a: Great Tusk\n|-damage|p1a: Great Tusk|0 fnt\n|faint|p1a: Great Tusk\n|-end|p1a: Great Tusk|Protosynthesis|[silent]\n|\n|upkeep\n|\n|t:|1699881086\n|switch|p1a: Clodsire|Clodsire, M, shiny|100\/100\n|turn|31\n|\n|t:|1699881089\n|move|p2a: Tricul|Tera Blast|p1a: Clodsire|[anim] Tera Blast Fairy\n|-resisted|p1a: Clodsire\n|-damage|p1a: Clodsire|84\/100\n|move|p1a: Clodsire|Toxic|p2a: Tricul\n|-status|p2a: Tricul|tox\n|\n|-damage|p2a: Tricul|34\/100 tox|[from] psn\n|upkeep\n|turn|32\n|\n|t:|1699881092\n|move|p2a: Tricul|Tera Blast|p1a: Clodsire|[anim] Tera Blast Fairy\n|-resisted|p1a: Clodsire\n|-damage|p1a: Clodsire|69\/100\n|move|p1a: Clodsire|Toxic|p2a: Tricul\n|-fail|p2a: Tricul|tox\n|\n|-damage|p2a: Tricul|21\/100 tox|[from] psn\n|upkeep\n|turn|33\n|\n|t:|1699881094\n|switch|p1a: Iron Moth|Iron Moth|100\/100\n|-enditem|p1a: Iron Moth|Booster Energy\n|-activate|p1a: Iron Moth|ability: Quark Drive|[fromitem]\n|-start|p1a: Iron Moth|quarkdrivespe\n|move|p2a: Tricul|Tera Blast|p1a: Iron Moth|[anim] Tera Blast Fairy\n|-resisted|p1a: Iron Moth\n|-damage|p1a: Iron Moth|84\/100\n|\n|-damage|p2a: Tricul|3\/100 tox|[from] psn\n|upkeep\n|turn|34\n|\n|t:|1699881097\n|move|p1a: Iron Moth|Fiery Dance|p2a: Tricul\n|-damage|p2a: Tricul|0 fnt\n|-boost|p1a: Iron Moth|spa|1\n|faint|p2a: Tricul\n|-end|p2a: Tricul|Protosynthesis|[silent]\n|\n|win|TheNutmeg33\n|raw|TheNutmeg33's rating: 1599 &rarr; <strong>1616<\/strong><br \/>(+17 for winning)\n|raw|Erwin Chargaff's rating: 1549 &rarr; <strong>1532<\/strong><br \/>(-17 for losing)\n|l|\u2606Erwin Chargaff\n","uploadtime":1699881108,"views":26,"p1id":"thenutmeg33","p2id":"erwinchargaff","formatid":"gen9ou","rating":1532,"private":0,"password":""}