{"id":"gen9ou-1993443336","p1":"Mouseattack","p2":"ShyGladiator","format":"[Gen 9] OU","log":"|j|\u2606Mouseattack\n|j|\u2606ShyGladiator\n|t:|1700318571\n|gametype|singles\n|player|p1|Mouseattack|koga|1285\n|player|p2|ShyGladiator|lucas-gen4pt|1343\n|teamsize|p1|6\n|teamsize|p2|6\n|gen|9\n|tier|[Gen 9] OU\n|rated|\n|rule|Sleep Clause Mod: Limit one foe put to sleep\n|rule|Species Clause: Limit one of each Pok\u00e9mon\n|rule|OHKO Clause: OHKO moves are banned\n|rule|Evasion Items Clause: Evasion items are banned\n|rule|Evasion Moves Clause: Evasion moves are banned\n|rule|Endless Battle Clause: Forcing endless battles is banned\n|rule|HP Percentage Mod: HP is shown in percentages\n|clearpoke\n|poke|p1|Samurott-Hisui, M|\n|poke|p1|Maushold|\n|poke|p1|Garganacl, F|\n|poke|p1|Kingambit, M|\n|poke|p1|Amoonguss, M|\n|poke|p1|Weavile, F|\n|poke|p2|Kingambit, F|\n|poke|p2|Great Tusk|\n|poke|p2|Dragapult, F|\n|poke|p2|Ogerpon-Wellspring, F|\n|poke|p2|Blissey, F|\n|poke|p2|Zapdos|\n|teampreview\n|\n|t:|1700318591\n|start\n|switch|p1a: \u270f\ufe0f Sharpner|Samurott-Hisui, M, shiny|100\/100\n|switch|p2a: Zapdos|Zapdos|100\/100\n|turn|1\n|inactive|Battle timer is ON: inactive players will automatically lose when time's up. (requested by Mouseattack)\n|\n|t:|1700318603\n|move|p2a: Zapdos|Volt Switch|p1a: \u270f\ufe0f Sharpner\n|-supereffective|p1a: \u270f\ufe0f Sharpner\n|-damage|p1a: \u270f\ufe0f Sharpner|17\/100\n|\n|t:|1700318613\n|switch|p2a: Great Tusk|Great Tusk|100\/100|[from] Volt Switch\n|move|p1a: \u270f\ufe0f Sharpner|Ceaseless Edge|p2a: Great Tusk\n|-resisted|p2a: Great Tusk\n|-damage|p2a: Great Tusk|85\/100\n|-sidestart|p2: ShyGladiator|Spikes\n|\n|-heal|p2a: Great Tusk|92\/100|[from] item: Leftovers\n|upkeep\n|turn|2\n|\n|t:|1700318623\n|move|p1a: \u270f\ufe0f Sharpner|Aqua Jet|p2a: Great Tusk\n|-supereffective|p2a: Great Tusk\n|-damage|p2a: Great Tusk|63\/100\n|move|p2a: Great Tusk|Rapid Spin|p1a: \u270f\ufe0f Sharpner\n|-damage|p1a: \u270f\ufe0f Sharpner|0 fnt\n|-boost|p2a: Great Tusk|spe|1\n|-sideend|p2: ShyGladiator|Spikes|[from] move: Rapid Spin|[of] p2a: Great Tusk\n|faint|p1a: \u270f\ufe0f Sharpner\n|\n|-heal|p2a: Great Tusk|70\/100|[from] item: Leftovers\n|upkeep\n|\n|t:|1700318626\n|switch|p1a: Masterball|Amoonguss, M, shiny|100\/100\n|turn|3\n|\n|t:|1700318650\n|-end|p2a: Great Tusk|Protosynthesis|[silent]\n|switch|p2a: Blissey|Blissey, F|100\/100\n|move|p1a: Masterball|Spore|p2a: Blissey\n|-status|p2a: Blissey|slp|[from] move: Spore\n|\n|upkeep\n|turn|4\n|\n|t:|1700318660\n|switch|p1a: China Attacks|Maushold|100\/100\n|cant|p2a: Blissey|slp\n|\n|upkeep\n|turn|5\n|\n|t:|1700318669\n|-curestatus|p2a: Blissey|slp|[from] ability: Natural Cure\n|switch|p2a: Dragapult|Dragapult, F|100\/100\n|move|p1a: China Attacks|Tidy Up|p1a: China Attacks\n|-boost|p1a: China Attacks|atk|1\n|-boost|p1a: China Attacks|spe|1\n|\n|upkeep\n|turn|6\n|\n|t:|1700318679\n|move|p1a: China Attacks|Bite|p2a: Dragapult\n|-supereffective|p2a: Dragapult\n|-damage|p2a: Dragapult|15\/100\n|move|p2a: Dragapult|Draco Meteor|p1a: China Attacks\n|-damage|p1a: China Attacks|0 fnt\n|-unboost|p2a: Dragapult|spa|2\n|faint|p1a: China Attacks\n|\n|upkeep\n|\n|t:|1700318686\n|switch|p1a: PinkyPie|Weavile, F, shiny|100\/100\n|-ability|p1a: PinkyPie|Pressure\n|turn|7\n|\n|t:|1700318695\n|switch|p2a: Kingambit|Kingambit, F|100\/100\n|move|p1a: PinkyPie|Ice Shard|p2a: Kingambit\n|-resisted|p2a: Kingambit\n|-damage|p2a: Kingambit|93\/100\n|\n|upkeep\n|turn|8\n|inactive|ShyGladiator has 120 seconds left.\n|inactive|ShyGladiator has 90 seconds left.\n|inactive|ShyGladiator has 60 seconds left.\n|inactive|ShyGladiator has 30 seconds left.\n|inactive|ShyGladiator has 20 seconds left.\n|inactive|ShyGladiator has 15 seconds left.\n|inactive|ShyGladiator has 10 seconds left.\n|inactive|ShyGladiator has 5 seconds left.\n|-message|ShyGladiator lost due to inactivity.\n|\n|win|Mouseattack\n|raw|Mouseattack's rating: 1285 &rarr; <strong>1314<\/strong><br \/>(+29 for winning)\n|raw|ShyGladiator's rating: 1343 &rarr; <strong>1320<\/strong><br \/>(-23 for losing)\n","uploadtime":1700318852,"views":7,"p1id":"mouseattack","p2id":"shygladiator","formatid":"gen9ou","rating":1314,"private":0,"password":""}