{"id":"gen9ou-1989186916","p1":"henreeke","p2":"spidercookie","format":"[Gen 9] OU","log":"|j|\u203dhenreeke\n|j|\u2606spidercookie\n|t:|1699821351\n|gametype|singles\n|player|p1|henreeke|silver|1068\n|player|p2|spidercookie|teamrocket|1075\n|teamsize|p1|6\n|teamsize|p2|6\n|gen|9\n|tier|[Gen 9] OU\n|rated|\n|rule|Sleep Clause Mod: Limit one foe put to sleep\n|rule|Species Clause: Limit one of each Pok\u00e9mon\n|rule|OHKO Clause: OHKO moves are banned\n|rule|Evasion Items Clause: Evasion items are banned\n|rule|Evasion Moves Clause: Evasion moves are banned\n|rule|Endless Battle Clause: Forcing endless battles is banned\n|rule|HP Percentage Mod: HP is shown in percentages\n|clearpoke\n|poke|p1|Blissey, F|\n|poke|p1|Ditto|\n|poke|p1|Snorlax, F|\n|poke|p1|Typhlosion, F|\n|poke|p1|Breloom, F|\n|poke|p1|Greninja-*, F|\n|poke|p2|Iron Thorns|\n|poke|p2|Cinderace, F|\n|poke|p2|Great Tusk|\n|poke|p2|Magnezone|\n|poke|p2|Goodra, F|\n|poke|p2|Toxapex, F|\n|teampreview\n|\n|t:|1699821363\n|start\n|switch|p1a: Snorlax|Snorlax, F|100\/100\n|switch|p2a: Goodra|Goodra, F|100\/100\n|turn|1\n|\n|t:|1699821367\n|move|p2a: Goodra|Chilling Water|p1a: Snorlax\n|-damage|p1a: Snorlax|88\/100\n|-unboost|p1a: Snorlax|atk|1\n|move|p1a: Snorlax|Curse|p1a: Snorlax\n|-unboost|p1a: Snorlax|spe|1\n|-boost|p1a: Snorlax|atk|1\n|-boost|p1a: Snorlax|def|1\n|\n|upkeep\n|turn|2\n|\n|t:|1699821373\n|-terastallize|p1a: Snorlax|Normal\n|move|p2a: Goodra|Chilling Water|p1a: Snorlax\n|-damage|p1a: Snorlax|77\/100\n|-unboost|p1a: Snorlax|atk|1\n|move|p1a: Snorlax|Last Resort|p2a: Goodra\n|-damage|p2a: Goodra|31\/100\n|\n|upkeep\n|turn|3\n|\n|t:|1699821381\n|move|p2a: Goodra|Draco Meteor|p1a: Snorlax\n|-damage|p1a: Snorlax|31\/100\n|-unboost|p2a: Goodra|spa|2\n|move|p1a: Snorlax|Last Resort|p2a: Goodra\n|-damage|p2a: Goodra|0 fnt\n|faint|p2a: Goodra\n|\n|upkeep\n|\n|t:|1699821393\n|switch|p2a: Magnezone|Magnezone|100\/100\n|turn|4\n|-enditem|p1a: Snorlax|Custap Berry|[eat]\n|-activate|p1a: Snorlax|item: Custap Berry|[consumed]\n|\n|t:|1699821397\n|move|p1a: Snorlax|Last Resort|p2a: Magnezone\n|-resisted|p2a: Magnezone\n|-crit|p2a: Magnezone\n|-damage|p2a: Magnezone|35\/100\n|move|p2a: Magnezone|Flash Cannon|p1a: Snorlax\n|-damage|p1a: Snorlax|0 fnt\n|faint|p1a: Snorlax\n|\n|-heal|p2a: Magnezone|41\/100|[from] item: Leftovers\n|upkeep\n|\n|t:|1699821402\n|switch|p1a: Typhlosion|Typhlosion, F|100\/100\n|turn|5\n|\n|t:|1699821405\n|switch|p2a: Toxapex|Toxapex, F|100\/100\n|move|p1a: Typhlosion|Eruption|p2a: Toxapex\n|-resisted|p2a: Toxapex\n|-damage|p2a: Toxapex|76\/100\n|\n|-heal|p2a: Toxapex|82\/100|[from] item: Black Sludge\n|upkeep\n|turn|6\n|\n|t:|1699821410\n|switch|p1a: Blissey|Blissey, F|100\/100\n|move|p2a: Toxapex|Toxic|p1a: Blissey\n|-status|p1a: Blissey|tox\n|\n|-heal|p2a: Toxapex|88\/100|[from] item: Black Sludge\n|-damage|p1a: Blissey|94\/100 tox|[from] psn\n|upkeep\n|turn|7\n|\n|t:|1699821413\n|move|p1a: Blissey|Stealth Rock|p2a: Toxapex\n|-sidestart|p2: spidercookie|move: Stealth Rock\n|move|p2a: Toxapex|Infestation|p1a: Blissey\n|-damage|p1a: Blissey|93\/100 tox\n|-activate|p1a: Blissey|move: Infestation|[of] p2a: Toxapex\n|\n|-heal|p2a: Toxapex|94\/100|[from] item: Black Sludge\n|-damage|p1a: Blissey|81\/100 tox|[from] psn\n|-damage|p1a: Blissey|69\/100 tox|[from] move: Infestation|[partiallytrapped]\n|upkeep\n|turn|8\n|\n|t:|1699821419\n|move|p2a: Toxapex|Baneful Bunker|p2a: Toxapex\n|-singleturn|p2a: Toxapex|move: Protect\n|move|p1a: Blissey|Seismic Toss|p2a: Toxapex\n|-activate|p2a: Toxapex|move: Protect\n|\n|-heal|p2a: Toxapex|99\/100|[from] item: Black Sludge\n|-damage|p1a: Blissey|50\/100 tox|[from] psn\n|-damage|p1a: Blissey|38\/100 tox|[from] move: Infestation|[partiallytrapped]\n|upkeep\n|turn|9\n|\n|t:|1699821425\n|move|p1a: Blissey|Soft-Boiled|p1a: Blissey\n|-heal|p1a: Blissey|88\/100 tox\n|move|p2a: Toxapex|Toxic|p1a: Blissey\n|-fail|p1a: Blissey|tox\n|\n|-heal|p2a: Toxapex|100\/100|[from] item: Black Sludge\n|-damage|p1a: Blissey|63\/100 tox|[from] psn\n|-damage|p1a: Blissey|51\/100 tox|[from] move: Infestation|[partiallytrapped]\n|upkeep\n|turn|10\n|inactive|Battle timer is ON: inactive players will automatically lose when time's up. (requested by spidercookie)\n|\n|t:|1699821430\n|move|p2a: Toxapex|Baneful Bunker|p2a: Toxapex\n|-singleturn|p2a: Toxapex|move: Protect\n|move|p1a: Blissey|Soft-Boiled|p1a: Blissey\n|-heal|p1a: Blissey|100\/100 tox\n|\n|-damage|p1a: Blissey|70\/100 tox|[from] psn\n|-damage|p1a: Blissey|57\/100 tox|[from] move: Infestation|[partiallytrapped]\n|upkeep\n|turn|11\n|\n|t:|1699821439\n|move|p1a: Blissey|Soft-Boiled|p1a: Blissey\n|-heal|p1a: Blissey|100\/100 tox\n|move|p2a: Toxapex|Toxic|p1a: Blissey\n|-fail|p1a: Blissey|tox\n|\n|-damage|p1a: Blissey|64\/100 tox|[from] psn\n|-end|p1a: Blissey|Infestation|[partiallytrapped]\n|upkeep\n|turn|12\n|\n|t:|1699821453\n|-curestatus|p1a: Blissey|tox|[from] ability: Natural Cure\n|switch|p1a: Ditto|Ditto|100\/100\n|-transform|p1a: Ditto|p2a: Toxapex|[from] ability: Imposter\n|move|p2a: Toxapex|Infestation|p1a: Ditto\n|-resisted|p1a: Ditto\n|-damage|p1a: Ditto|99\/100\n|-activate|p1a: Ditto|move: Infestation|[of] p2a: Toxapex\n|-enditem|p1a: Ditto|Red Card|[of] p2a: Toxapex\n|drag|p2a: Cinderace|Cinderace, F|100\/100\n|-damage|p2a: Cinderace|76\/100|[from] Stealth Rock\n|\n|-end|p1a: Ditto|Infestation|[partiallytrapped]|[silent]\n|upkeep\n|turn|13\n|\n|t:|1699821462\n|switch|p2a: Toxapex|Toxapex, F|100\/100\n|-damage|p2a: Toxapex|88\/100|[from] Stealth Rock\n|move|p1a: Ditto|Infestation|p2a: Toxapex\n|-resisted|p2a: Toxapex\n|-damage|p2a: Toxapex|87\/100\n|-activate|p2a: Toxapex|move: Infestation|[of] p1a: Ditto\n|\n|-heal|p2a: Toxapex|93\/100|[from] item: Black Sludge\n|-damage|p2a: Toxapex|81\/100|[from] move: Infestation|[partiallytrapped]\n|upkeep\n|turn|14\n|\n|t:|1699821469\n|move|p2a: Toxapex|Infestation|p1a: Ditto\n|-resisted|p1a: Ditto\n|-crit|p1a: Ditto\n|-damage|p1a: Ditto|98\/100\n|-activate|p1a: Ditto|move: Infestation|[of] p2a: Toxapex\n|move|p1a: Ditto|Infestation|p2a: Toxapex\n|-resisted|p2a: Toxapex\n|-damage|p2a: Toxapex|80\/100\n|\n|-heal|p2a: Toxapex|86\/100|[from] item: Black Sludge\n|-damage|p2a: Toxapex|74\/100|[from] move: Infestation|[partiallytrapped]\n|-damage|p1a: Ditto|86\/100|[from] move: Infestation|[partiallytrapped]\n|upkeep\n|turn|15\n|\n|t:|1699821483\n|move|p2a: Toxapex|Baneful Bunker|p2a: Toxapex\n|-singleturn|p2a: Toxapex|move: Protect\n|move|p1a: Ditto|Infestation|p2a: Toxapex\n|-activate|p2a: Toxapex|move: Protect\n|\n|-heal|p2a: Toxapex|80\/100|[from] item: Black Sludge\n|-damage|p2a: Toxapex|67\/100|[from] move: Infestation|[partiallytrapped]\n|-damage|p1a: Ditto|73\/100|[from] move: Infestation|[partiallytrapped]\n|upkeep\n|turn|16\n|\n|t:|1699821494\n|move|p1a: Ditto|Infestation|p2a: Toxapex\n|-resisted|p2a: Toxapex\n|-damage|p2a: Toxapex|67\/100\n|move|p2a: Toxapex|Infestation|p1a: Ditto\n|-resisted|p1a: Ditto\n|-damage|p1a: Ditto|72\/100\n|\n|-heal|p2a: Toxapex|72\/100|[from] item: Black Sludge\n|-damage|p1a: Ditto|60\/100|[from] move: Infestation|[partiallytrapped]\n|-damage|p2a: Toxapex|60\/100|[from] move: Infestation|[partiallytrapped]\n|upkeep\n|turn|17\n|\n|t:|1699821497\n|move|p2a: Toxapex|Baneful Bunker|p2a: Toxapex\n|-singleturn|p2a: Toxapex|move: Protect\n|move|p1a: Ditto|Infestation|p2a: Toxapex\n|-activate|p2a: Toxapex|move: Protect\n|\n|-heal|p2a: Toxapex|66\/100|[from] item: Black Sludge\n|-end|p2a: Toxapex|Infestation|[partiallytrapped]\n|-damage|p1a: Ditto|48\/100|[from] move: Infestation|[partiallytrapped]\n|upkeep\n|turn|18\n|\n|t:|1699821502\n|move|p1a: Ditto|Toxic|p2a: Toxapex\n|-immune|p2a: Toxapex\n|move|p2a: Toxapex|Infestation|p1a: Ditto\n|-resisted|p1a: Ditto\n|-damage|p1a: Ditto|47\/100\n|\n|-heal|p2a: Toxapex|72\/100|[from] item: Black Sludge\n|-damage|p1a: Ditto|34\/100|[from] move: Infestation|[partiallytrapped]\n|upkeep\n|turn|19\n|\n|t:|1699821508\n|move|p2a: Toxapex|Infestation|p1a: Ditto\n|-resisted|p1a: Ditto\n|-damage|p1a: Ditto|33\/100\n|move|p1a: Ditto|Toxic|p2a: Toxapex\n|-immune|p2a: Toxapex\n|\n|-heal|p2a: Toxapex|78\/100|[from] item: Black Sludge\n|-end|p1a: Ditto|Infestation|[partiallytrapped]\n|upkeep\n|turn|20\n|\n|t:|1699821513\n|switch|p1a: Breloom|Breloom, F|100\/100\n|move|p2a: Toxapex|Infestation|p1a: Breloom\n|-damage|p1a: Breloom|94\/100\n|-activate|p1a: Breloom|move: Infestation|[of] p2a: Toxapex\n|\n|-heal|p2a: Toxapex|84\/100|[from] item: Black Sludge\n|-damage|p1a: Breloom|82\/100|[from] move: Infestation|[partiallytrapped]\n|upkeep\n|turn|21\n|\n|t:|1699821517\n|move|p2a: Toxapex|Baneful Bunker|p2a: Toxapex\n|-singleturn|p2a: Toxapex|move: Protect\n|move|p1a: Breloom|Bullet Seed|p2a: Toxapex\n|-activate|p2a: Toxapex|move: Protect\n|\n|-heal|p2a: Toxapex|90\/100|[from] item: Black Sludge\n|-damage|p1a: Breloom|70\/100|[from] move: Infestation|[partiallytrapped]\n|upkeep\n|turn|22\n|\n|t:|1699821543\n|switch|p2a: Magnezone|Magnezone|41\/100\n|-damage|p2a: Magnezone|35\/100|[from] Stealth Rock\n|move|p1a: Breloom|Bullet Seed|p2a: Magnezone\n|-resisted|p2a: Magnezone\n|-damage|p2a: Magnezone|20\/100\n|-resisted|p2a: Magnezone\n|-damage|p2a: Magnezone|7\/100\n|-resisted|p2a: Magnezone\n|-damage|p2a: Magnezone|0 fnt\n|faint|p2a: Magnezone\n|-hitcount|p2: Magnezone|3\n|\n|-end|p1a: Breloom|Infestation|[partiallytrapped]|[silent]\n|upkeep\n|\n|t:|1699821547\n|switch|p2a: Cinderace|Cinderace, F|76\/100\n|-damage|p2a: Cinderace|51\/100|[from] Stealth Rock\n|turn|23\n|\n|t:|1699821550\n|switch|p1a: Typhlosion|Typhlosion, F|100\/100\n|move|p2a: Cinderace|U-turn|p1a: Typhlosion\n|-start|p2a: Cinderace|typechange|Bug|[from] ability: Libero\n|-resisted|p1a: Typhlosion\n|-damage|p1a: Typhlosion|65\/100\n|\n|t:|1699821554\n|switch|p2a: Iron Thorns|Iron Thorns|100\/100|[from] U-turn\n|-damage|p2a: Iron Thorns|88\/100|[from] Stealth Rock\n|\n|upkeep\n|turn|24\n|\n|t:|1699821557\n|move|p1a: Typhlosion|Fire Blast|p2a: Iron Thorns\n|-resisted|p2a: Iron Thorns\n|-damage|p2a: Iron Thorns|57\/100\n|-status|p2a: Iron Thorns|brn\n|move|p2a: Iron Thorns|Earthquake|p1a: Typhlosion\n|-supereffective|p1a: Typhlosion\n|-damage|p1a: Typhlosion|12\/100\n|-enditem|p1a: Typhlosion|Salac Berry|[eat]\n|-boost|p1a: Typhlosion|spe|1|[from] item: Salac Berry\n|\n|-damage|p2a: Iron Thorns|51\/100 brn|[from] brn\n|upkeep\n|turn|25\n|\n|t:|1699821564\n|-end|p2a: Iron Thorns|Quark Drive|[silent]\n|switch|p2a: Toxapex|Toxapex, F|100\/100\n|-damage|p2a: Toxapex|88\/100|[from] Stealth Rock\n|move|p1a: Typhlosion|Blast Burn|p2a: Toxapex\n|-resisted|p2a: Toxapex\n|-damage|p2a: Toxapex|55\/100\n|-mustrecharge|p1a: Typhlosion\n|\n|-heal|p2a: Toxapex|61\/100|[from] item: Black Sludge\n|upkeep\n|turn|26\n|\n|t:|1699821567\n|cant|p1a: Typhlosion|recharge\n|move|p2a: Toxapex|Infestation|p1a: Typhlosion\n|-resisted|p1a: Typhlosion\n|-damage|p1a: Typhlosion|11\/100\n|-activate|p1a: Typhlosion|move: Infestation|[of] p2a: Toxapex\n|\n|-heal|p2a: Toxapex|67\/100|[from] item: Black Sludge\n|-damage|p1a: Typhlosion|0 fnt|[from] move: Infestation|[partiallytrapped]\n|faint|p1a: Typhlosion\n|upkeep\n|\n|t:|1699821570\n|switch|p1a: Breloom|Breloom, F|70\/100\n|turn|27\n|\n|t:|1699821577\n|switch|p2a: Iron Thorns|Iron Thorns|51\/100 brn\n|-damage|p2a: Iron Thorns|39\/100 brn|[from] Stealth Rock\n|move|p1a: Breloom|Bullet Seed|p2a: Iron Thorns\n|-supereffective|p2a: Iron Thorns\n|-damage|p2a: Iron Thorns|0 fnt\n|faint|p2a: Iron Thorns\n|-end|p2a: Iron Thorns|Quark Drive|[silent]\n|-hitcount|p2: Iron Thorns|1\n|\n|upkeep\n|\n|t:|1699821580\n|switch|p2a: Cinderace|Cinderace, F|51\/100\n|-damage|p2a: Cinderace|26\/100|[from] Stealth Rock\n|turn|28\n|\n|t:|1699821585\n|switch|p1a: Ditto|Ditto|66\/100\n|-transform|p1a: Ditto|p2a: Cinderace|[from] ability: Imposter\n|move|p2a: Cinderace|Pyro Ball|p1a: Ditto\n|-resisted|p1a: Ditto\n|-damage|p1a: Ditto|4\/100\n|\n|upkeep\n|turn|29\n|\n|t:|1699821590\n|switch|p2a: Toxapex|Toxapex, F|99\/100\n|-damage|p2a: Toxapex|88\/100|[from] Stealth Rock\n|move|p1a: Ditto|Sucker Punch||[still]\n|-fail|p1a: Ditto\n|\n|-heal|p2a: Toxapex|94\/100|[from] item: Black Sludge\n|upkeep\n|turn|30\n|\n|t:|1699821597\n|switch|p1a: Breloom|Breloom, F|70\/100\n|move|p2a: Toxapex|Toxic|p1a: Breloom\n|-status|p1a: Breloom|tox\n|\n|-heal|p2a: Toxapex|99\/100|[from] item: Black Sludge\n|-damage|p1a: Breloom|63\/100 tox|[from] psn\n|upkeep\n|turn|31\n|\n|t:|1699821601\n|move|p2a: Toxapex|Baneful Bunker|p2a: Toxapex\n|-singleturn|p2a: Toxapex|move: Protect\n|move|p1a: Breloom|Bullet Seed|p2a: Toxapex\n|-activate|p2a: Toxapex|move: Protect\n|\n|-heal|p2a: Toxapex|100\/100|[from] item: Black Sludge\n|-damage|p1a: Breloom|51\/100 tox|[from] psn\n|upkeep\n|turn|32\n|\n|t:|1699821605\n|-terastallize|p2a: Toxapex|Poison\n|move|p1a: Breloom|Bullet Seed|p2a: Toxapex\n|-resisted|p2a: Toxapex\n|-damage|p2a: Toxapex|89\/100\n|-resisted|p2a: Toxapex\n|-damage|p2a: Toxapex|76\/100\n|-resisted|p2a: Toxapex\n|-damage|p2a: Toxapex|65\/100\n|-hitcount|p2a: Toxapex|3\n|move|p2a: Toxapex|Infestation|p1a: Breloom\n|-damage|p1a: Breloom|46\/100 tox\n|-activate|p1a: Breloom|move: Infestation|[of] p2a: Toxapex\n|\n|-heal|p2a: Toxapex|70\/100|[from] item: Black Sludge\n|-damage|p1a: Breloom|28\/100 tox|[from] psn\n|-damage|p1a: Breloom|15\/100 tox|[from] move: Infestation|[partiallytrapped]\n|upkeep\n|turn|33\n|c|\u2606spidercookie|gg?\n|\n|t:|1699821616\n|move|p2a: Toxapex|Baneful Bunker|p2a: Toxapex\n|-singleturn|p2a: Toxapex|move: Protect\n|move|p1a: Breloom|Bullet Seed|p2a: Toxapex\n|-activate|p2a: Toxapex|move: Protect\n|\n|-heal|p2a: Toxapex|76\/100|[from] item: Black Sludge\n|-damage|p1a: Breloom|0 fnt|[from] psn\n|faint|p1a: Breloom\n|upkeep\n|\n|t:|1699821623\n|switch|p1a: Greninja|Greninja, F|100\/100\n|turn|34\n|\n|t:|1699821639\n|move|p1a: Greninja|Dark Pulse|p2a: Toxapex\n|-damage|p2a: Toxapex|51\/100\n|move|p2a: Toxapex|Toxic|p1a: Greninja\n|-status|p1a: Greninja|tox\n|\n|-heal|p2a: Toxapex|57\/100|[from] item: Black Sludge\n|-damage|p1a: Greninja|95\/100 tox|[from] psn\n|upkeep\n|turn|35\n|\n|t:|1699821644\n|move|p2a: Toxapex|Baneful Bunker|p2a: Toxapex\n|-singleturn|p2a: Toxapex|move: Protect\n|move|p1a: Greninja|Dark Pulse|p2a: Toxapex\n|-activate|p2a: Toxapex|move: Protect\n|\n|-heal|p2a: Toxapex|63\/100|[from] item: Black Sludge\n|-damage|p1a: Greninja|83\/100 tox|[from] psn\n|upkeep\n|turn|36\n|\n|t:|1699821646\n|move|p1a: Greninja|Dark Pulse|p2a: Toxapex\n|-damage|p2a: Toxapex|37\/100\n|move|p2a: Toxapex|Infestation|p1a: Greninja\n|-supereffective|p1a: Greninja\n|-damage|p1a: Greninja|72\/100 tox\n|-activate|p1a: Greninja|move: Infestation|[of] p2a: Toxapex\n|\n|-heal|p2a: Toxapex|43\/100|[from] item: Black Sludge\n|-damage|p1a: Greninja|54\/100 tox|[from] psn\n|-damage|p1a: Greninja|42\/100 tox|[from] move: Infestation|[partiallytrapped]\n|upkeep\n|turn|37\n|\n|t:|1699821652\n|move|p2a: Toxapex|Baneful Bunker|p2a: Toxapex\n|-singleturn|p2a: Toxapex|move: Protect\n|move|p1a: Greninja|Dark Pulse|p2a: Toxapex\n|-activate|p2a: Toxapex|move: Protect\n|\n|-heal|p2a: Toxapex|49\/100|[from] item: Black Sludge\n|-damage|p1a: Greninja|18\/100 tox|[from] psn\n|-damage|p1a: Greninja|6\/100 tox|[from] move: Infestation|[partiallytrapped]\n|upkeep\n|turn|38\n|\n|t:|1699821655\n|switch|p2a: Great Tusk|Great Tusk|100\/100\n|move|p1a: Greninja|Water Shuriken|p2a: Great Tusk\n|-supereffective|p2a: Great Tusk\n|-damage|p2a: Great Tusk|70\/100\n|-supereffective|p2a: Great Tusk\n|-damage|p2a: Great Tusk|41\/100\n|-supereffective|p2a: Great Tusk\n|-damage|p2a: Great Tusk|12\/100\n|-supereffective|p2a: Great Tusk\n|-damage|p2a: Great Tusk|0 fnt\n|faint|p2a: Great Tusk\n|-end|p2a: Great Tusk|Protosynthesis|[silent]\n|-hitcount|p2: Great Tusk|4\n|\n|-damage|p1a: Greninja|0 fnt|[from] psn\n|faint|p1a: Greninja\n|upkeep\n|\n|t:|1699821666\n|switch|p1a: Ditto|Ditto|4\/100\n|switch|p2a: Toxapex|Toxapex, F, tera:Poison|83\/100\n|-transform|p1a: Ditto|p2a: Toxapex|[from] ability: Imposter\n|-damage|p2a: Toxapex|70\/100|[from] Stealth Rock\n|turn|39\n|c|\u2606spidercookie|yes\n|\n|t:|1699821673\n|move|p1a: Ditto|Infestation|p2a: Toxapex\n|-resisted|p2a: Toxapex\n|-damage|p2a: Toxapex|69\/100\n|-activate|p2a: Toxapex|move: Infestation|[of] p1a: Ditto\n|move|p2a: Toxapex|Infestation|p1a: Ditto\n|-resisted|p1a: Ditto\n|-crit|p1a: Ditto\n|-damage|p1a: Ditto|2\/100\n|-activate|p1a: Ditto|move: Infestation|[of] p2a: Toxapex\n|\n|-heal|p2a: Toxapex|75\/100|[from] item: Black Sludge\n|-damage|p1a: Ditto|0 fnt|[from] move: Infestation|[partiallytrapped]\n|faint|p1a: Ditto\n|-end|p2a: Toxapex|Infestation|[partiallytrapped]|[silent]\n|upkeep\n|\n|t:|1699821675\n|switch|p1a: Blissey|Blissey, F|64\/100\n|turn|40\n|c|\u2606spidercookie|gg\n|\n|t:|1699821684\n|move|p1a: Blissey|Shadow Ball|p2a: Toxapex\n|-damage|p2a: Toxapex|67\/100\n|-unboost|p2a: Toxapex|spd|1\n|move|p2a: Toxapex|Toxic|p1a: Blissey\n|-status|p1a: Blissey|tox\n|\n|-heal|p2a: Toxapex|73\/100|[from] item: Black Sludge\n|-damage|p1a: Blissey|57\/100 tox|[from] psn\n|upkeep\n|turn|41\n|\n|t:|1699821688\n|move|p2a: Toxapex|Baneful Bunker|p2a: Toxapex\n|-singleturn|p2a: Toxapex|move: Protect\n|move|p1a: Blissey|Shadow Ball|p2a: Toxapex\n|-activate|p2a: Toxapex|move: Protect\n|\n|-heal|p2a: Toxapex|79\/100|[from] item: Black Sludge\n|-damage|p1a: Blissey|45\/100 tox|[from] psn\n|upkeep\n|turn|42\n|\n|t:|1699821691\n|move|p1a: Blissey|Seismic Toss|p2a: Toxapex\n|-damage|p2a: Toxapex|46\/100\n|move|p2a: Toxapex|Infestation|p1a: Blissey\n|-damage|p1a: Blissey|44\/100 tox\n|-activate|p1a: Blissey|move: Infestation|[of] p2a: Toxapex\n|\n|-heal|p2a: Toxapex|52\/100|[from] item: Black Sludge\n|-damage|p1a: Blissey|26\/100 tox|[from] psn\n|-damage|p1a: Blissey|13\/100 tox|[from] move: Infestation|[partiallytrapped]\n|upkeep\n|turn|43\n|\n|t:|1699821694\n|move|p2a: Toxapex|Baneful Bunker|p2a: Toxapex\n|-singleturn|p2a: Toxapex|move: Protect\n|move|p1a: Blissey|Soft-Boiled|p1a: Blissey\n|-heal|p1a: Blissey|63\/100 tox\n|\n|-heal|p2a: Toxapex|58\/100|[from] item: Black Sludge\n|-damage|p1a: Blissey|39\/100 tox|[from] psn\n|-damage|p1a: Blissey|26\/100 tox|[from] move: Infestation|[partiallytrapped]\n|upkeep\n|turn|44\n|-message|henreeke forfeited.\n|\n|win|spidercookie\n|raw|henreeke's rating: 1068 &rarr; <strong>1048<\/strong><br \/>(-20 for losing)\n|raw|spidercookie's rating: 1075 &rarr; <strong>1103<\/strong><br \/>(+28 for winning)\n|l|\u203dhenreeke\n","uploadtime":1699821702,"views":21,"p1id":"henreeke","p2id":"spidercookie","formatid":"gen9ou","rating":1048,"private":0,"password":""}