{"id":"gen9ou-1988248333","p1":"Bagooska irl","p2":"Skaraptor2.1","format":"[Gen 9] OU","log":"|j|\u2606Bagooska irl\n|j|\u2606Skaraptor2.1\n|t:|1699694017\n|gametype|singles\n|player|p1|Bagooska irl|waitress|1347\n|player|p2|Skaraptor2.1|bodybuilderf-gen9|1408\n|teamsize|p1|6\n|teamsize|p2|6\n|gen|9\n|tier|[Gen 9] OU\n|rated|\n|rule|Sleep Clause Mod: Limit one foe put to sleep\n|rule|Species Clause: Limit one of each Pok\u00e9mon\n|rule|OHKO Clause: OHKO moves are banned\n|rule|Evasion Items Clause: Evasion items are banned\n|rule|Evasion Moves Clause: Evasion moves are banned\n|rule|Endless Battle Clause: Forcing endless battles is banned\n|rule|HP Percentage Mod: HP is shown in percentages\n|clearpoke\n|poke|p1|Grimmsnarl, M|\n|poke|p1|Slowking-Galar, M|\n|poke|p1|Ogerpon-Wellspring, F|\n|poke|p1|Kingambit, M|\n|poke|p1|Tauros-Paldea-Blaze, M|\n|poke|p1|Dragapult, M|\n|poke|p2|Iron Jugulis|\n|poke|p2|Ogerpon-Wellspring, F|\n|poke|p2|Tinkaton, F|\n|poke|p2|Iron Moth|\n|poke|p2|Great Tusk|\n|poke|p2|Dragapult, F|\n|teampreview\n|inactive|Battle timer is ON: inactive players will automatically lose when time's up. (requested by Skaraptor2.1)\n|\n|t:|1699694036\n|start\n|switch|p1a: Glowking|Slowking-Galar, M|100\/100\n|switch|p2a: TWINKATON|Tinkaton, F|100\/100\n|-item|p2a: TWINKATON|Air Balloon\n|turn|1\n|\n|t:|1699694044\n|move|p2a: TWINKATON|Thunder Wave|p1a: Glowking\n|-status|p1a: Glowking|par\n|move|p1a: Glowking|Chilly Reception|p1a: Glowking\n|-weather|Snow\n|\n|t:|1699694048\n|switch|p1a: Tauros|Tauros-Paldea-Blaze, M|100\/100|[from] Chilly Reception\n|-ability|p1a: Tauros|Intimidate|boost\n|-unboost|p2a: TWINKATON|atk|1\n|\n|-weather|Snow|[upkeep]\n|upkeep\n|turn|2\n|\n|t:|1699694053\n|-terastallize|p2a: TWINKATON|Water\n|move|p1a: Tauros|Raging Bull|p2a: TWINKATON\n|-resisted|p2a: TWINKATON\n|-damage|p2a: TWINKATON|67\/100\n|-enditem|p2a: TWINKATON|Air Balloon\n|-enditem|p1a: Tauros|Choice Band|[silent]|[from] ability: Pickpocket|[of] p1a: Tauros\n|-item|p2a: TWINKATON|Choice Band|[from] ability: Pickpocket|[of] p1a: Tauros\n|move|p2a: TWINKATON|Thunder Wave|p1a: Tauros\n|-status|p1a: Tauros|par\n|\n|-weather|Snow|[upkeep]\n|upkeep\n|turn|3\n|\n|t:|1699694066\n|switch|p2a: Solar Panels|Iron Moth|100\/100\n|-enditem|p2a: Solar Panels|Booster Energy\n|-activate|p2a: Solar Panels|ability: Quark Drive|[fromitem]\n|-start|p2a: Solar Panels|quarkdrivespe\n|switch|p1a: Glowking|Slowking-Galar, M|100\/100 par\n|\n|-weather|Snow|[upkeep]\n|upkeep\n|turn|4\n|\n|t:|1699694070\n|move|p2a: Solar Panels|Psychic|p1a: Glowking\n|-damage|p1a: Glowking|78\/100 par\n|move|p1a: Glowking|Future Sight|p2a: Solar Panels\n|-start|p1a: Glowking|move: Future Sight\n|\n|-weather|Snow|[upkeep]\n|-heal|p1a: Glowking|84\/100 par|[from] item: Black Sludge\n|upkeep\n|turn|5\n|\n|t:|1699694080\n|move|p2a: Solar Panels|Fiery Dance|p1a: Glowking\n|-damage|p1a: Glowking|54\/100 par\n|-boost|p2a: Solar Panels|spa|1\n|move|p1a: Glowking|Chilly Reception|p1a: Glowking\n|\n|t:|1699694086\n|switch|p1a: Grimmsnarl|Grimmsnarl, M|100\/100|[from] Chilly Reception\n|\n|-weather|none\n|upkeep\n|turn|6\n|\n|t:|1699694091\n|move|p1a: Grimmsnarl|Parting Shot|p2a: Solar Panels\n|-unboost|p2a: Solar Panels|atk|1\n|-unboost|p2a: Solar Panels|spa|1\n|\n|t:|1699694093\n|switch|p1a: Glowking|Slowking-Galar, M|87\/100 par|[from] Parting Shot\n|move|p2a: Solar Panels|Sludge Wave|p1a: Glowking\n|-resisted|p1a: Glowking\n|-damage|p1a: Glowking|67\/100 par\n|\n|-end|p2a: Solar Panels|move: Future Sight\n|-supereffective|p2a: Solar Panels\n|-damage|p2a: Solar Panels|10\/100\n|-heal|p1a: Glowking|73\/100 par|[from] item: Black Sludge\n|upkeep\n|turn|7\n|\n|t:|1699694100\n|move|p2a: Solar Panels|Psychic|p1a: Glowking\n|-damage|p1a: Glowking|49\/100 par\n|move|p1a: Glowking|Ice Beam|p2a: Solar Panels\n|-resisted|p2a: Solar Panels\n|-damage|p2a: Solar Panels|0 fnt\n|faint|p2a: Solar Panels\n|-end|p2a: Solar Panels|Quark Drive|[silent]\n|\n|-heal|p1a: Glowking|55\/100 par|[from] item: Black Sludge\n|upkeep\n|\n|t:|1699694112\n|switch|p2a: Transfem|Ogerpon-Wellspring, F|100\/100\n|turn|8\n|\n|t:|1699694120\n|switch|p1a: Grimmsnarl|Grimmsnarl, M|100\/100\n|move|p2a: Transfem|Spikes|p1a: Grimmsnarl\n|-sidestart|p1: Bagooska irl|Spikes\n|\n|upkeep\n|turn|9\n|\n|t:|1699694125\n|move|p1a: Grimmsnarl|Taunt|p2a: Transfem\n|-start|p2a: Transfem|move: Taunt\n|cant|p2a: Transfem|move: Taunt|Spikes\n|\n|upkeep\n|turn|10\n|\n|t:|1699694128\n|move|p1a: Grimmsnarl|Reflect|p1a: Grimmsnarl\n|-sidestart|p1: Bagooska irl|Reflect\n|move|p2a: Transfem|U-turn|p1a: Grimmsnarl\n|-damage|p1a: Grimmsnarl|83\/100\n|\n|t:|1699694134\n|switch|p2a: TWINKATON|Tinkaton, F, tera:Water|67\/100|[from] U-turn\n|\n|upkeep\n|turn|11\n|\n|t:|1699694138\n|move|p1a: Grimmsnarl|Parting Shot|p2a: TWINKATON\n|-unboost|p2a: TWINKATON|atk|1\n|-unboost|p2a: TWINKATON|spa|1\n|\n|t:|1699694140\n|switch|p1a: Glowking|Slowking-Galar, M|89\/100 par|[from] Parting Shot\n|-damage|p1a: Glowking|76\/100 par|[from] Spikes\n|move|p2a: TWINKATON|Play Rough|p1a: Glowking\n|-resisted|p1a: Glowking\n|-damage|p1a: Glowking|72\/100 par\n|\n|-heal|p1a: Glowking|78\/100 par|[from] item: Black Sludge\n|upkeep\n|turn|12\n|\n|t:|1699694149\n|switch|p2a: Trans\u2026.former|Iron Jugulis|100\/100\n|-enditem|p2a: Trans\u2026.former|Booster Energy\n|-activate|p2a: Trans\u2026.former|ability: Quark Drive|[fromitem]\n|-start|p2a: Trans\u2026.former|quarkdrivespe\n|move|p1a: Glowking|Future Sight|p2a: Trans\u2026.former\n|-start|p1a: Glowking|move: Future Sight\n|\n|-heal|p1a: Glowking|84\/100 par|[from] item: Black Sludge\n|upkeep\n|turn|13\n|\n|t:|1699694159\n|switch|p1a: Ogerpon|Ogerpon-Wellspring, F|100\/100\n|-damage|p1a: Ogerpon|88\/100|[from] Spikes\n|move|p2a: Trans\u2026.former|Knock Off|p1a: Ogerpon\n|-damage|p1a: Ogerpon|76\/100\n|\n|upkeep\n|turn|14\n|\n|t:|1699694169\n|-terastallize|p1a: Ogerpon|Water\n|detailschange|p1a: Ogerpon|Ogerpon-Wellspring-Tera, F, tera:Water\n|-ability|p1a: Ogerpon|Embody Aspect (Wellspring)|boost\n|-boost|p1a: Ogerpon|spd|1\n|move|p2a: Trans\u2026.former|Hurricane|p1a: Ogerpon|[miss]\n|-miss|p2a: Trans\u2026.former|p1a: Ogerpon\n|move|p1a: Ogerpon|Play Rough|p2a: Trans\u2026.former\n|-supereffective|p2a: Trans\u2026.former\n|-damage|p2a: Trans\u2026.former|23\/100\n|\n|-end|p2a: Trans\u2026.former|move: Future Sight\n|-immune|p2a: Trans\u2026.former\n|upkeep\n|turn|15\n|\n|t:|1699694180\n|move|p2a: Trans\u2026.former|Hurricane|p1a: Ogerpon|[miss]\n|-miss|p2a: Trans\u2026.former|p1a: Ogerpon\n|move|p1a: Ogerpon|Ivy Cudgel|p2a: Trans\u2026.former\n|-damage|p2a: Trans\u2026.former|0 fnt\n|faint|p2a: Trans\u2026.former\n|-end|p2a: Trans\u2026.former|Quark Drive|[silent]\n|\n|upkeep\n|\n|t:|1699694182\n|switch|p2a: Transfem|Ogerpon-Wellspring, F|100\/100\n|turn|16\n|\n|t:|1699694190\n|move|p1a: Ogerpon|Power Whip|p2a: Transfem\n|-damage|p2a: Transfem|3\/100\n|move|p2a: Transfem|Horn Leech|p1a: Ogerpon\n|-supereffective|p1a: Ogerpon\n|-crit|p1a: Ogerpon\n|-damage|p1a: Ogerpon|0 fnt\n|-heal|p2a: Transfem|41\/100|[from] drain|[of] p1a: Ogerpon\n|faint|p1a: Ogerpon\n|\n|upkeep\n|\n|t:|1699694194\n|switch|p1a: Dragapult|Dragapult, M|100\/100\n|-damage|p1a: Dragapult|88\/100|[from] Spikes\n|turn|17\n|\n|t:|1699694198\n|move|p1a: Dragapult|Shadow Ball|p2a: Transfem\n|-damage|p2a: Transfem|0 fnt\n|faint|p2a: Transfem\n|\n|-sideend|p1: Bagooska irl|Reflect\n|upkeep\n|\n|t:|1699694213\n|switch|p2a: Be gay do crime|Great Tusk|100\/100\n|-enditem|p2a: Be gay do crime|Booster Energy\n|-activate|p2a: Be gay do crime|ability: Protosynthesis|[fromitem]\n|-start|p2a: Be gay do crime|protosynthesisspe\n|turn|18\n|\n|t:|1699694229\n|move|p2a: Be gay do crime|Bulk Up|p2a: Be gay do crime\n|-boost|p2a: Be gay do crime|atk|1\n|-boost|p2a: Be gay do crime|def|1\n|move|p1a: Dragapult|Shadow Ball|p2a: Be gay do crime\n|-damage|p2a: Be gay do crime|30\/100\n|-unboost|p2a: Be gay do crime|spd|1\n|\n|upkeep\n|turn|19\n|\n|t:|1699694234\n|switch|p1a: Tauros|Tauros-Paldea-Blaze, M|100\/100 par\n|-damage|p1a: Tauros|88\/100 par|[from] Spikes\n|-ability|p1a: Tauros|Intimidate|boost\n|-unboost|p2a: Be gay do crime|atk|1\n|move|p2a: Be gay do crime|Ice Spinner|p1a: Tauros\n|-resisted|p1a: Tauros\n|-damage|p1a: Tauros|76\/100 par\n|\n|upkeep\n|turn|20\n|\n|t:|1699694243\n|switch|p1a: Grimmsnarl|Grimmsnarl, M|83\/100\n|-damage|p1a: Grimmsnarl|71\/100|[from] Spikes\n|move|p2a: Be gay do crime|Headlong Rush|p1a: Grimmsnarl\n|-damage|p1a: Grimmsnarl|8\/100\n|-unboost|p2a: Be gay do crime|def|1\n|-unboost|p2a: Be gay do crime|spd|1\n|\n|upkeep\n|turn|21\n|\n|t:|1699694253\n|move|p1a: Grimmsnarl|Reflect|p1a: Grimmsnarl\n|-sidestart|p1: Bagooska irl|Reflect\n|move|p2a: Be gay do crime|Bulk Up|p2a: Be gay do crime\n|-boost|p2a: Be gay do crime|atk|1\n|-boost|p2a: Be gay do crime|def|1\n|\n|upkeep\n|turn|22\n|\n|t:|1699694258\n|move|p1a: Grimmsnarl|Taunt|p2a: Be gay do crime\n|-start|p2a: Be gay do crime|move: Taunt\n|move|p2a: Be gay do crime|Rapid Spin|p1a: Grimmsnarl\n|-damage|p1a: Grimmsnarl|0 fnt\n|-boost|p2a: Be gay do crime|spe|1\n|faint|p1a: Grimmsnarl\n|\n|upkeep\n|\n|t:|1699694261\n|switch|p1a: Dragapult|Dragapult, M|88\/100\n|-damage|p1a: Dragapult|76\/100|[from] Spikes\n|turn|23\n|\n|t:|1699694268\n|move|p2a: Be gay do crime|Ice Spinner|p1a: Dragapult\n|-supereffective|p1a: Dragapult\n|-damage|p1a: Dragapult|26\/100\n|move|p1a: Dragapult|Shadow Ball|p2a: Be gay do crime\n|-damage|p2a: Be gay do crime|0 fnt\n|faint|p2a: Be gay do crime\n|-end|p2a: Be gay do crime|Protosynthesis|[silent]\n|\n|upkeep\n|\n|t:|1699694273\n|switch|p2a: Drag Queen|Dragapult, F|100\/100\n|turn|24\n|\n|t:|1699694278\n|switch|p1a: Kingambit|Kingambit, M|100\/100\n|-damage|p1a: Kingambit|88\/100|[from] Spikes\n|-activate|p1a: Kingambit|ability: Supreme Overlord\n|-start|p1a: Kingambit|fallen2|[silent]\n|move|p2a: Drag Queen|Shadow Ball|p1a: Kingambit\n|-resisted|p1a: Kingambit\n|-damage|p1a: Kingambit|60\/100\n|\n|upkeep\n|turn|25\n|\n|t:|1699694283\n|switch|p2a: TWINKATON|Tinkaton, F, tera:Water|67\/100\n|move|p1a: Kingambit|Swords Dance|p1a: Kingambit\n|-boost|p1a: Kingambit|atk|2\n|\n|upkeep\n|turn|26\n|\n|t:|1699694286\n|move|p1a: Kingambit|Sucker Punch||[still]\n|-fail|p1a: Kingambit\n|move|p2a: TWINKATON|Thunder Wave|p1a: Kingambit\n|-status|p1a: Kingambit|par\n|-enditem|p1a: Kingambit|Lum Berry|[eat]\n|-curestatus|p1a: Kingambit|par|[msg]\n|\n|upkeep\n|turn|27\n|\n|t:|1699694296\n|move|p2a: TWINKATON|Thunder Wave|p1a: Kingambit\n|-status|p1a: Kingambit|par\n|cant|p1a: Kingambit|par\n|\n|upkeep\n|turn|28\n|\n|t:|1699694301\n|switch|p2a: Drag Queen|Dragapult, F|100\/100\n|move|p1a: Kingambit|Iron Head|p2a: Drag Queen\n|-damage|p2a: Drag Queen|0 fnt\n|faint|p2a: Drag Queen\n|\n|-sideend|p1: Bagooska irl|Reflect\n|upkeep\n|\n|t:|1699694303\n|switch|p2a: TWINKATON|Tinkaton, F, tera:Water|67\/100\n|turn|29\n|\n|t:|1699694306\n|cant|p1a: Kingambit|par\n|move|p2a: TWINKATON|Play Rough|p1a: Kingambit\n|-damage|p1a: Kingambit|27\/100 par\n|\n|upkeep\n|turn|30\n|\n|t:|1699694309\n|cant|p1a: Kingambit|par\n|move|p2a: TWINKATON|Play Rough|p1a: Kingambit|[miss]\n|-miss|p2a: TWINKATON|p1a: Kingambit\n|\n|upkeep\n|turn|31\n|\n|t:|1699694311\n|move|p1a: Kingambit|Sucker Punch|p2a: TWINKATON\n|-damage|p2a: TWINKATON|0 fnt\n|faint|p2a: TWINKATON\n|\n|win|Bagooska irl\n|raw|Bagooska irl's rating: 1347 &rarr; <strong>1370<\/strong><br \/>(+23 for winning)\n|raw|Skaraptor2.1's rating: 1408 &rarr; <strong>1385<\/strong><br \/>(-23 for losing)\n","uploadtime":1699694314,"views":15,"p1id":"bagooskairl","p2id":"skaraptor21","formatid":"gen9ou","rating":1370,"private":0,"password":""}