{"id":"gen9ou-1992806345","p1":"PLAYB0I R0BBIE B","p2":"jacothaptrllr","format":"[Gen 9] OU","log":"|j|\u2606PLAYB0I R0BBIE B\n|j|\u2606jacothaptrllr\n|t:|1700237084\n|gametype|singles\n|player|p1|PLAYB0I R0BBIE B|eusine|1219\n|player|p2|jacothaptrllr|shadowtriad|1141\n|teamsize|p1|6\n|teamsize|p2|6\n|gen|9\n|tier|[Gen 9] OU\n|rated|\n|rule|Sleep Clause Mod: Limit one foe put to sleep\n|rule|Species Clause: Limit one of each Pok\u00e9mon\n|rule|OHKO Clause: OHKO moves are banned\n|rule|Evasion Items Clause: Evasion items are banned\n|rule|Evasion Moves Clause: Evasion moves are banned\n|rule|Endless Battle Clause: Forcing endless battles is banned\n|rule|HP Percentage Mod: HP is shown in percentages\n|clearpoke\n|poke|p1|Meowscarada, F|\n|poke|p1|Heatran, F|\n|poke|p1|Thundurus-Therian, M|\n|poke|p1|Dragapult, F|\n|poke|p1|Great Tusk|\n|poke|p1|Iron Valiant|\n|poke|p2|Enamorus-Therian, F|\n|poke|p2|Slowbro-Galar, M|\n|poke|p2|Morpeko, M|\n|poke|p2|Great Tusk|\n|poke|p2|Moltres-Galar|\n|poke|p2|Crawdaunt, F|\n|teampreview\n|inactive|Battle timer is ON: inactive players will automatically lose when time's up. (requested by jacothaptrllr)\n|\n|t:|1700237099\n|start\n|switch|p1a: ASTROTHUNDER|Thundurus-Therian, M|100\/100\n|switch|p2a: pew pew mf|Slowbro-Galar, M|100\/100\n|turn|1\n|\n|t:|1700237110\n|move|p1a: ASTROTHUNDER|Volt Switch|p2a: pew pew mf\n|-damage|p2a: pew pew mf|27\/100\n|\n|t:|1700237116\n|switch|p1a: YOSEMITE|Great Tusk|100\/100|[from] Volt Switch\n|move|p2a: pew pew mf|Shell Side Arm|p1a: YOSEMITE|[anim] Shell Side Arm Special\n|-resisted|p1a: YOSEMITE\n|-damage|p1a: YOSEMITE|65\/100\n|-hint|Special Shell Side Arm\n|\n|upkeep\n|turn|2\n|\n|t:|1700237123\n|move|p1a: YOSEMITE|Rapid Spin|p2a: pew pew mf\n|-damage|p2a: pew pew mf|11\/100\n|-boost|p1a: YOSEMITE|spe|1\n|move|p2a: pew pew mf|Surf|p1a: YOSEMITE\n|-supereffective|p1a: YOSEMITE\n|-damage|p1a: YOSEMITE|0 fnt\n|faint|p1a: YOSEMITE\n|-end|p1a: YOSEMITE|Protosynthesis|[silent]\n|\n|upkeep\n|\n|t:|1700237127\n|switch|p1a: SICKO MODE|Meowscarada, F|100\/100\n|turn|3\n|\n|t:|1700237131\n|move|p1a: SICKO MODE|Knock Off|p2a: pew pew mf\n|-start|p1a: SICKO MODE|typechange|Dark|[from] ability: Protean\n|-supereffective|p2a: pew pew mf\n|-damage|p2a: pew pew mf|0 fnt\n|-enditem|p2a: pew pew mf|Quick Claw|[from] move: Knock Off|[of] p1a: SICKO MODE\n|faint|p2a: pew pew mf\n|\n|upkeep\n|\n|t:|1700237147\n|switch|p2a: gobekli tepe|Enamorus-Therian, F|100\/100\n|turn|4\n|\n|t:|1700237151\n|switch|p1a: ASTROTHUNDER|Thundurus-Therian, M|100\/100\n|move|p2a: gobekli tepe|Calm Mind|p2a: gobekli tepe\n|-boost|p2a: gobekli tepe|spa|1\n|-boost|p2a: gobekli tepe|spd|1\n|\n|upkeep\n|turn|5\n|\n|t:|1700237157\n|switch|p2a: ol Yamcha ass mf|Great Tusk|100\/100\n|-enditem|p2a: ol Yamcha ass mf|Booster Energy\n|-activate|p2a: ol Yamcha ass mf|ability: Protosynthesis|[fromitem]\n|-start|p2a: ol Yamcha ass mf|protosynthesisatk\n|move|p1a: ASTROTHUNDER|Volt Switch|p2a: ol Yamcha ass mf\n|-immune|p2a: ol Yamcha ass mf\n|\n|upkeep\n|turn|6\n|\n|t:|1700237171\n|switch|p1a: NC-17|Iron Valiant|100\/100\n|-enditem|p1a: NC-17|Booster Energy\n|-activate|p1a: NC-17|ability: Quark Drive|[fromitem]\n|-start|p1a: NC-17|quarkdrivespe\n|move|p2a: ol Yamcha ass mf|Knock Off|p1a: NC-17\n|-resisted|p1a: NC-17\n|-damage|p1a: NC-17|91\/100\n|\n|upkeep\n|turn|7\n|\n|t:|1700237188\n|-end|p2a: ol Yamcha ass mf|Protosynthesis|[silent]\n|switch|p2a: gobekli tepe|Enamorus-Therian, F|100\/100\n|move|p1a: NC-17|Moonblast|p2a: gobekli tepe\n|-damage|p2a: gobekli tepe|66\/100\n|-unboost|p2a: gobekli tepe|spa|1\n|\n|-heal|p2a: gobekli tepe|72\/100|[from] item: Leftovers\n|upkeep\n|turn|8\n|\n|t:|1700237195\n|move|p1a: NC-17|Destiny Bond|p1a: NC-17\n|-singlemove|p1a: NC-17|Destiny Bond\n|move|p2a: gobekli tepe|Draining Kiss|p1a: NC-17\n|-supereffective|p1a: NC-17\n|-damage|p1a: NC-17|32\/100\n|-heal|p2a: gobekli tepe|100\/100|[from] drain|[of] p1a: NC-17\n|\n|upkeep\n|turn|9\n|\n|t:|1700237201\n|move|p1a: NC-17|Moonblast|p2a: gobekli tepe\n|-damage|p2a: gobekli tepe|70\/100\n|move|p2a: gobekli tepe|Calm Mind|p2a: gobekli tepe\n|-boost|p2a: gobekli tepe|spa|1\n|-boost|p2a: gobekli tepe|spd|1\n|\n|-heal|p2a: gobekli tepe|76\/100|[from] item: Leftovers\n|upkeep\n|turn|10\n|\n|t:|1700237207\n|move|p1a: NC-17|Destiny Bond|p1a: NC-17\n|-singlemove|p1a: NC-17|Destiny Bond\n|move|p2a: gobekli tepe|Calm Mind|p2a: gobekli tepe\n|-boost|p2a: gobekli tepe|spa|1\n|-boost|p2a: gobekli tepe|spd|1\n|\n|-heal|p2a: gobekli tepe|83\/100|[from] item: Leftovers\n|upkeep\n|turn|11\n|\n|t:|1700237213\n|move|p1a: NC-17|Knock Off|p2a: gobekli tepe\n|-resisted|p2a: gobekli tepe\n|-damage|p2a: gobekli tepe|69\/100\n|-enditem|p2a: gobekli tepe|Leftovers|[from] move: Knock Off|[of] p1a: NC-17\n|move|p2a: gobekli tepe|Calm Mind|p2a: gobekli tepe\n|-boost|p2a: gobekli tepe|spa|1\n|-boost|p2a: gobekli tepe|spd|1\n|\n|upkeep\n|turn|12\n|\n|t:|1700237219\n|move|p1a: NC-17|Moonblast|p2a: gobekli tepe\n|-damage|p2a: gobekli tepe|55\/100\n|move|p2a: gobekli tepe|Calm Mind|p2a: gobekli tepe\n|-boost|p2a: gobekli tepe|spa|1\n|-boost|p2a: gobekli tepe|spd|1\n|\n|upkeep\n|turn|13\n|\n|t:|1700237225\n|move|p1a: NC-17|Destiny Bond|p1a: NC-17\n|-singlemove|p1a: NC-17|Destiny Bond\n|move|p2a: gobekli tepe|Calm Mind|p2a: gobekli tepe\n|-boost|p2a: gobekli tepe|spa|1\n|-boost|p2a: gobekli tepe|spd|1\n|\n|upkeep\n|turn|14\n|\n|t:|1700237229\n|move|p1a: NC-17|Moonblast|p2a: gobekli tepe\n|-damage|p2a: gobekli tepe|46\/100\n|-unboost|p2a: gobekli tepe|spa|1\n|move|p2a: gobekli tepe|Draining Kiss|p1a: NC-17\n|-supereffective|p1a: NC-17\n|-damage|p1a: NC-17|0 fnt\n|-heal|p2a: gobekli tepe|67\/100|[from] drain|[of] p1a: NC-17\n|faint|p1a: NC-17\n|-end|p1a: NC-17|Quark Drive|[silent]\n|\n|upkeep\n|\n|t:|1700237235\n|switch|p1a: ASTROTHUNDER|Thundurus-Therian, M|100\/100\n|turn|15\n|\n|t:|1700237240\n|-terastallize|p2a: gobekli tepe|Fire\n|move|p1a: ASTROTHUNDER|Volt Switch|p2a: gobekli tepe\n|-damage|p2a: gobekli tepe|53\/100\n|\n|t:|1700237244\n|switch|p1a: 5% TINT|Heatran, F|100\/100|[from] Volt Switch\n|-item|p1a: 5% TINT|Air Balloon\n|move|p2a: gobekli tepe|Draining Kiss|p1a: 5% TINT\n|-resisted|p1a: 5% TINT\n|-damage|p1a: 5% TINT|88\/100\n|-heal|p2a: gobekli tepe|64\/100|[from] drain|[of] p1a: 5% TINT\n|-enditem|p1a: 5% TINT|Air Balloon\n|\n|upkeep\n|turn|16\n|-message|PLAYB0I R0BBIE B forfeited.\n|\n|win|jacothaptrllr\n|raw|PLAYB0I R0BBIE B's rating: 1219 &rarr; <strong>1188<\/strong><br \/>(-31 for losing)\n|raw|jacothaptrllr's rating: 1141 &rarr; <strong>1172<\/strong><br \/>(+31 for winning)\n|l|\u2606PLAYB0I R0BBIE B\n|c|\u2606jacothaptrllr|playeeedddd tha playbooiiiii\n","uploadtime":1700237278,"views":10,"p1id":"playb0ir0bbieb","p2id":"jacothaptrllr","formatid":"gen9ou","rating":1172,"private":0,"password":""}