{"id":"gen9ou-1997828540","p1":"LanceMaster","p2":"ItsYourBoyFred123","format":"[Gen 9] OU","log":"|j|\u2606LanceMaster\n|j|\u2606ItsYourBoyFred123\n|t:|1700857129\n|gametype|singles\n|player|p1|LanceMaster|red|1115\n|player|p2|ItsYourBoyFred123|shadowtriad|1050\n|teamsize|p1|6\n|teamsize|p2|6\n|gen|9\n|tier|[Gen 9] OU\n|rated|\n|rule|Sleep Clause Mod: Limit one foe put to sleep\n|rule|Species Clause: Limit one of each Pok\u00e9mon\n|rule|OHKO Clause: OHKO moves are banned\n|rule|Evasion Items Clause: Evasion items are banned\n|rule|Evasion Moves Clause: Evasion moves are banned\n|rule|Endless Battle Clause: Forcing endless battles is banned\n|rule|HP Percentage Mod: HP is shown in percentages\n|clearpoke\n|poke|p1|Scizor, F|\n|poke|p1|Garchomp, M|\n|poke|p1|Gengar, M|\n|poke|p1|Umbreon, F|\n|poke|p1|Electrode-Hisui|\n|poke|p1|Great Tusk|\n|poke|p2|Greninja-*, M|\n|poke|p2|Kingambit, F|\n|poke|p2|Ribombee, M|\n|poke|p2|Cloyster, F|\n|poke|p2|Rotom-Wash|\n|poke|p2|Maushold-Four|\n|teampreview\n|\n|t:|1700857134\n|start\n|switch|p1a: Clamp|Scizor, F|100\/100\n|switch|p2a: Cloyster|Cloyster, F|100\/100\n|turn|1\n|\n|t:|1700857141\n|move|p1a: Clamp|Swords Dance|p1a: Clamp\n|-boost|p1a: Clamp|atk|2\n|move|p2a: Cloyster|Toxic Spikes|p1a: Clamp\n|-sidestart|p1: LanceMaster|move: Toxic Spikes\n|\n|upkeep\n|turn|2\n|\n|t:|1700857146\n|move|p1a: Clamp|Swords Dance|p1a: Clamp\n|-boost|p1a: Clamp|atk|2\n|move|p2a: Cloyster|Toxic Spikes|p1a: Clamp\n|-sidestart|p1: LanceMaster|move: Toxic Spikes\n|\n|upkeep\n|turn|3\n|\n|t:|1700857150\n|move|p1a: Clamp|Close Combat|p2a: Cloyster\n|-supereffective|p2a: Cloyster\n|-damage|p2a: Cloyster|0 fnt\n|-unboost|p1a: Clamp|def|1\n|-unboost|p1a: Clamp|spd|1\n|faint|p2a: Cloyster\n|-damage|p1a: Clamp|90\/100|[from] item: Life Orb\n|\n|upkeep\n|\n|t:|1700857163\n|switch|p2a: Ribombee|Ribombee, M|100\/100\n|turn|4\n|\n|t:|1700857167\n|move|p2a: Ribombee|Sticky Web|p1a: Clamp\n|-sidestart|p1: LanceMaster|move: Sticky Web\n|move|p1a: Clamp|Dual Wingbeat|p2a: Ribombee\n|-supereffective|p2a: Ribombee\n|-damage|p2a: Ribombee|0 fnt\n|faint|p2a: Ribombee\n|-hitcount|p2: Ribombee|1\n|-damage|p1a: Clamp|80\/100|[from] item: Life Orb\n|\n|upkeep\n|\n|t:|1700857191\n|switch|p2a: Maushold|Maushold-Four|100\/100\n|turn|5\n|\n|t:|1700857195\n|move|p1a: Clamp|Bullet Punch|p2a: Maushold\n|-damage|p2a: Maushold|0 fnt\n|faint|p2a: Maushold\n|-damage|p1a: Clamp|70\/100|[from] item: Life Orb\n|\n|upkeep\n|\n|t:|1700857200\n|switch|p2a: Rotom|Rotom-Wash|100\/100\n|turn|6\n|\n|t:|1700857206\n|move|p2a: Rotom|Shadow Ball|p1a: Clamp\n|-damage|p1a: Clamp|17\/100\n|move|p1a: Clamp|Dual Wingbeat|p2a: Rotom\n|-resisted|p2a: Rotom\n|-damage|p2a: Rotom|38\/100\n|-resisted|p2a: Rotom\n|-damage|p2a: Rotom|0 fnt\n|faint|p2a: Rotom\n|-hitcount|p2: Rotom|2\n|-damage|p1a: Clamp|8\/100|[from] item: Life Orb\n|\n|upkeep\n|\n|t:|1700857216\n|switch|p2a: Greninja|Greninja, M|100\/100\n|turn|7\n|\n|t:|1700857221\n|move|p2a: Greninja|Water Shuriken|p1a: Clamp\n|-damage|p1a: Clamp|0 fnt\n|faint|p1a: Clamp\n|-ability|p2a: Greninja|Battle Bond|boost\n|-boost|p2a: Greninja|atk|1\n|-boost|p2a: Greninja|spa|1\n|-boost|p2a: Greninja|spe|1\n|-activate|p2a: Greninja|ability: Battle Bond\n|-hitcount|p1: Clamp|1\n|\n|upkeep\n|\n|t:|1700857225\n|switch|p1a: Creepypasta|Gengar, M, shiny|100\/100\n|-sideend|p1: LanceMaster|move: Toxic Spikes|[of] p1a: Creepypasta\n|-activate|p1a: Creepypasta|move: Sticky Web\n|-unboost|p1a: Creepypasta|spe|1\n|turn|8\n|\n|t:|1700857233\n|move|p2a: Greninja|Dark Pulse|p1a: Creepypasta\n|-supereffective|p1a: Creepypasta\n|-damage|p1a: Creepypasta|0 fnt\n|-start|p2a: Greninja|Disable|Dark Pulse|[from] ability: Cursed Body|[of] p1a: Creepypasta\n|faint|p1a: Creepypasta\n|\n|upkeep\n|\n|t:|1700857245\n|switch|p1a: Ringus|Umbreon, F|100\/100\n|-activate|p1a: Ringus|move: Sticky Web\n|-unboost|p1a: Ringus|spe|1\n|turn|9\n|\n|t:|1700857252\n|move|p2a: Greninja|Water Shuriken|p1a: Ringus\n|-damage|p1a: Ringus|94\/100\n|-damage|p1a: Ringus|87\/100\n|-damage|p1a: Ringus|80\/100\n|-damage|p1a: Ringus|72\/100\n|-damage|p1a: Ringus|65\/100\n|-hitcount|p1a: Ringus|5\n|move|p1a: Ringus|Thunder Wave|p2a: Greninja\n|-status|p2a: Greninja|par\n|\n|upkeep\n|turn|10\n|\n|t:|1700857266\n|move|p2a: Greninja|Ice Beam|p1a: Ringus\n|-crit|p1a: Ringus\n|-damage|p1a: Ringus|28\/100\n|move|p1a: Ringus|Wish|p1a: Ringus\n|\n|upkeep\n|turn|11\n|\n|t:|1700857272\n|move|p1a: Ringus|Protect|p1a: Ringus\n|-singleturn|p1a: Ringus|Protect\n|move|p2a: Greninja|Water Shuriken|p1a: Ringus\n|-activate|p1a: Ringus|move: Protect\n|\n|-heal|p1a: Ringus|78\/100|[from] move: Wish|[wisher] Ringus\n|-end|p2a: Greninja|Disable\n|upkeep\n|turn|12\n|\n|t:|1700857277\n|move|p2a: Greninja|Ice Beam|p1a: Ringus\n|-damage|p1a: Ringus|55\/100\n|move|p1a: Ringus|Foul Play|p2a: Greninja\n|-resisted|p2a: Greninja\n|-damage|p2a: Greninja|65\/100 par\n|\n|upkeep\n|turn|13\n|\n|t:|1700857285\n|move|p2a: Greninja|Ice Beam|p1a: Ringus\n|-damage|p1a: Ringus|30\/100\n|move|p1a: Ringus|Wish|p1a: Ringus\n|\n|upkeep\n|turn|14\n|\n|t:|1700857291\n|move|p1a: Ringus|Protect|p1a: Ringus\n|-singleturn|p1a: Ringus|Protect\n|move|p2a: Greninja|Ice Beam|p1a: Ringus\n|-activate|p1a: Ringus|move: Protect\n|\n|-heal|p1a: Ringus|80\/100|[from] move: Wish|[wisher] Ringus\n|upkeep\n|turn|15\n|\n|t:|1700857296\n|move|p2a: Greninja|Ice Beam|p1a: Ringus\n|-damage|p1a: Ringus|56\/100\n|move|p1a: Ringus|Foul Play|p2a: Greninja\n|-resisted|p2a: Greninja\n|-damage|p2a: Greninja|31\/100 par\n|\n|upkeep\n|turn|16\n|\n|t:|1700857302\n|move|p2a: Greninja|Ice Beam|p1a: Ringus\n|-damage|p1a: Ringus|35\/100\n|move|p1a: Ringus|Wish|p1a: Ringus\n|\n|upkeep\n|turn|17\n|\n|t:|1700857307\n|move|p1a: Ringus|Protect|p1a: Ringus\n|-singleturn|p1a: Ringus|Protect\n|move|p2a: Greninja|Ice Beam|p1a: Ringus\n|-activate|p1a: Ringus|move: Protect\n|\n|-heal|p1a: Ringus|85\/100|[from] move: Wish|[wisher] Ringus\n|upkeep\n|turn|18\n|\n|t:|1700857311\n|move|p2a: Greninja|Water Shuriken|p1a: Ringus\n|-damage|p1a: Ringus|78\/100\n|-damage|p1a: Ringus|71\/100\n|-hitcount|p1a: Ringus|2\n|move|p1a: Ringus|Foul Play|p2a: Greninja\n|-resisted|p2a: Greninja\n|-damage|p2a: Greninja|0 fnt\n|faint|p2a: Greninja\n|\n|upkeep\n|\n|t:|1700857320\n|switch|p2a: Kingambit|Kingambit, F|100\/100\n|-activate|p2a: Kingambit|ability: Supreme Overlord\n|-start|p2a: Kingambit|fallen5|[silent]\n|turn|19\n|\n|t:|1700857346\n|move|p2a: Kingambit|Brick Break|p1a: Ringus\n|-supereffective|p1a: Ringus\n|-damage|p1a: Ringus|0 fnt\n|faint|p1a: Ringus\n|\n|upkeep\n|\n|t:|1700857351\n|switch|p1a: Mokujin|Electrode-Hisui|100\/100\n|turn|20\n|\n|t:|1700857358\n|move|p1a: Mokujin|Volt Switch|p2a: Kingambit\n|-damage|p2a: Kingambit|71\/100\n|\n|t:|1700857361\n|switch|p1a: Deviljho|Garchomp, M, shiny|100\/100|[from] Volt Switch\n|-activate|p1a: Deviljho|move: Sticky Web\n|-unboost|p1a: Deviljho|spe|1\n|move|p2a: Kingambit|Kowtow Cleave|p1a: Deviljho\n|-damage|p1a: Deviljho|45\/100\n|-damage|p2a: Kingambit|58\/100|[from] ability: Rough Skin|[of] p1a: Deviljho\n|-damage|p2a: Kingambit|42\/100|[from] item: Rocky Helmet|[of] p1a: Deviljho\n|\n|upkeep\n|turn|21\n|\n|t:|1700857372\n|move|p1a: Deviljho|Earthquake|p2a: Kingambit\n|-supereffective|p2a: Kingambit\n|-damage|p2a: Kingambit|0 fnt\n|faint|p2a: Kingambit\n|-end|p2a: Kingambit|fallen5|[silent]\n|\n|win|LanceMaster\n|raw|LanceMaster's rating: 1115 &rarr; <strong>1135<\/strong><br \/>(+20 for winning)\n|raw|ItsYourBoyFred123's rating: 1050 &rarr; <strong>1036<\/strong><br \/>(-14 for losing)\n|l|\u2606ItsYourBoyFred123\n","uploadtime":1700857387,"views":4,"p1id":"lancemaster","p2id":"itsyourboyfred123","formatid":"gen9ou","rating":1036,"private":0,"password":""}