{"id":"gen9ou-1995153005","p1":"genesis7","p2":"Elpets","format":"[Gen 9] OU","log":"|j|\u2606genesis7\n|j|\u2606Elpets\n|t:|1700528488\n|gametype|singles\n|player|p1|genesis7|#ssdleviathans|1722\n|player|p2|Elpets|infielder|1808\n|teamsize|p1|6\n|teamsize|p2|6\n|gen|9\n|tier|[Gen 9] OU\n|rated|\n|rule|Sleep Clause Mod: Limit one foe put to sleep\n|rule|Species Clause: Limit one of each Pok\u00e9mon\n|rule|OHKO Clause: OHKO moves are banned\n|rule|Evasion Items Clause: Evasion items are banned\n|rule|Evasion Moves Clause: Evasion moves are banned\n|rule|Endless Battle Clause: Forcing endless battles is banned\n|rule|HP Percentage Mod: HP is shown in percentages\n|clearpoke\n|poke|p1|Enamorus, F|\n|poke|p1|Dragonite, F|\n|poke|p1|Heatran, M|\n|poke|p1|Rillaboom, M|\n|poke|p1|Samurott-Hisui, F|\n|poke|p1|Great Tusk|\n|poke|p2|Hatterene, F|\n|poke|p2|Azumarill, F|\n|poke|p2|Breloom, F|\n|poke|p2|Dragonite, F|\n|poke|p2|Great Tusk|\n|poke|p2|Skeledirge, F|\n|teampreview\n|inactive|Battle timer is ON: inactive players will automatically lose when time's up. (requested by Elpets)\n|\n|t:|1700528516\n|start\n|switch|p1a: Enamorus|Enamorus, F|100\/100\n|switch|p2a: Breloom|Breloom, F|100\/100\n|turn|1\n|\n|t:|1700528527\n|switch|p1a: Rillaboom|Rillaboom, M|100\/100\n|-fieldstart|move: Grassy Terrain|[from] ability: Grassy Surge|[of] p1a: Rillaboom\n|move|p2a: Breloom|Rock Tomb|p1a: Rillaboom\n|-damage|p1a: Rillaboom|61\/100\n|-unboost|p1a: Rillaboom|spe|1\n|\n|-heal|p1a: Rillaboom|67\/100|[from] Grassy Terrain\n|upkeep\n|turn|2\n|\n|t:|1700528538\n|switch|p2a: Skeledirge|Skeledirge, F|100\/100\n|move|p1a: Rillaboom|U-turn|p2a: Skeledirge\n|-resisted|p2a: Skeledirge\n|-damage|p2a: Skeledirge|94\/100\n|j| LT_Alt1\n|\n|t:|1700528551\n|switch|p1a: Heatran|Heatran, M|100\/100|[from] U-turn\n|-item|p1a: Heatran|Air Balloon\n|\n|-heal|p2a: Skeledirge|100\/100|[from] Grassy Terrain\n|upkeep\n|turn|3\n|\n|t:|1700528567\n|switch|p2a: Azumarill|Azumarill, F|100\/100\n|move|p1a: Heatran|Earth Power|p2a: Azumarill\n|-damage|p2a: Azumarill|84\/100\n|\n|-heal|p2a: Azumarill|90\/100|[from] Grassy Terrain\n|upkeep\n|turn|4\n|\n|t:|1700528584\n|move|p1a: Heatran|Stealth Rock|p2a: Azumarill\n|-sidestart|p2: Elpets|move: Stealth Rock\n|move|p2a: Azumarill|Ice Spinner|p1a: Heatran\n|-resisted|p1a: Heatran\n|-damage|p1a: Heatran|93\/100\n|-enditem|p1a: Heatran|Air Balloon\n|-fieldend|move: Grassy Terrain\n|\n|upkeep\n|turn|5\n|\n|t:|1700528596\n|move|p1a: Heatran|Magma Storm|p2a: Azumarill\n|-resisted|p2a: Azumarill\n|-damage|p2a: Azumarill|77\/100\n|-activate|p2a: Azumarill|move: Magma Storm|[of] p1a: Heatran\n|move|p2a: Azumarill|Liquidation|p1a: Heatran\n|-supereffective|p1a: Heatran\n|-damage|p1a: Heatran|1\/100\n|\n|-damage|p2a: Azumarill|65\/100|[from] move: Magma Storm|[partiallytrapped]\n|upkeep\n|turn|6\n|\n|t:|1700528605\n|switch|p1a: Rillaboom|Rillaboom, M|67\/100\n|-fieldstart|move: Grassy Terrain|[from] ability: Grassy Surge|[of] p1a: Rillaboom\n|move|p2a: Azumarill|Aqua Jet|p1a: Rillaboom\n|-resisted|p1a: Rillaboom\n|-damage|p1a: Rillaboom|54\/100\n|\n|-heal|p1a: Rillaboom|60\/100|[from] Grassy Terrain\n|-heal|p2a: Azumarill|71\/100|[from] Grassy Terrain\n|-end|p2a: Azumarill|Magma Storm|[partiallytrapped]|[silent]\n|upkeep\n|turn|7\n|\n|t:|1700528615\n|move|p1a: Rillaboom|Knock Off|p2a: Azumarill\n|-resisted|p2a: Azumarill\n|-damage|p2a: Azumarill|43\/100\n|-enditem|p2a: Azumarill|Assault Vest|[from] move: Knock Off|[of] p1a: Rillaboom\n|move|p2a: Azumarill|Ice Spinner|p1a: Rillaboom\n|-supereffective|p1a: Rillaboom\n|-crit|p1a: Rillaboom\n|-damage|p1a: Rillaboom|0 fnt\n|-fieldend|move: Grassy Terrain\n|faint|p1a: Rillaboom\n|\n|upkeep\n|\n|t:|1700528624\n|switch|p1a: Enamorus|Enamorus, F|100\/100\n|turn|8\n|\n|t:|1700528629\n|move|p1a: Enamorus|Moonblast|p2a: Azumarill\n|-damage|p2a: Azumarill|0 fnt\n|faint|p2a: Azumarill\n|\n|upkeep\n|\n|t:|1700528633\n|switch|p2a: Hatterene|Hatterene, F|100\/100\n|-damage|p2a: Hatterene|88\/100|[from] Stealth Rock\n|turn|9\n|inactive|genesis7 has 120 seconds left.\n|\n|t:|1700528669\n|-terastallize|p1a: Enamorus|Fairy\n|move|p1a: Enamorus|Moonblast|p2a: Hatterene\n|-damage|p2a: Hatterene|15\/100\n|move|p2a: Hatterene|Trick Room|p2a: Hatterene\n|-fieldstart|move: Trick Room|[of] p2a: Hatterene\n|\n|-heal|p2a: Hatterene|21\/100|[from] item: Leftovers\n|upkeep\n|turn|10\n|inactive|genesis7 has 120 seconds left.\n|\n|t:|1700528683\n|switch|p1a: Heatran|Heatran, M|1\/100\n|move|p2a: Hatterene|Psyshock|p1a: Heatran\n|-resisted|p1a: Heatran\n|-damage|p1a: Heatran|0 fnt\n|faint|p1a: Heatran\n|\n|-heal|p2a: Hatterene|27\/100|[from] item: Leftovers\n|upkeep\n|inactive|genesis7 has 120 seconds left.\n|inactive|genesis7 has 90 seconds left.\n|\n|t:|1700528723\n|switch|p1a: Samurott|Samurott-Hisui, F|100\/100\n|turn|11\n|\n|t:|1700528728\n|move|p1a: Samurott|Sucker Punch|p2a: Hatterene\n|-damage|p2a: Hatterene|0 fnt\n|faint|p2a: Hatterene\n|\n|upkeep\n|\n|t:|1700528730\n|switch|p2a: Great Tusk|Great Tusk|100\/100\n|-damage|p2a: Great Tusk|98\/100|[from] Stealth Rock\n|turn|12\n|\n|t:|1700528750\n|switch|p1a: Dragonite|Dragonite, F|100\/100\n|move|p2a: Great Tusk|Body Press|p1a: Dragonite\n|-resisted|p1a: Dragonite\n|-damage|p1a: Dragonite|90\/100\n|\n|upkeep\n|turn|13\n|inactive|genesis7 has 90 seconds left.\n|\n|t:|1700528768\n|switch|p1a: Samurott|Samurott-Hisui, F|100\/100\n|move|p2a: Great Tusk|Rapid Spin|p1a: Samurott\n|-damage|p1a: Samurott|83\/100\n|-boost|p2a: Great Tusk|spe|1\n|-sideend|p2: Elpets|Stealth Rock|[from] move: Rapid Spin|[of] p2a: Great Tusk\n|\n|-fieldend|move: Trick Room\n|upkeep\n|turn|14\n|\n|t:|1700528774\n|switch|p1a: Great Tusk|Great Tusk|100\/100\n|move|p2a: Great Tusk|Body Press|p1a: Great Tusk\n|-damage|p1a: Great Tusk|71\/100\n|\n|-heal|p1a: Great Tusk|77\/100|[from] item: Leftovers\n|upkeep\n|turn|15\n|j| 0Phux\n|inactive|genesis7 has 90 seconds left.\n|\n|t:|1700528795\n|move|p2a: Great Tusk|Body Press|p1a: Great Tusk\n|-damage|p1a: Great Tusk|48\/100\n|move|p1a: Great Tusk|Bulk Up|p1a: Great Tusk\n|-boost|p1a: Great Tusk|atk|1\n|-boost|p1a: Great Tusk|def|1\n|\n|-heal|p1a: Great Tusk|54\/100|[from] item: Leftovers\n|upkeep\n|turn|16\n|\n|t:|1700528805\n|move|p2a: Great Tusk|Body Press|p1a: Great Tusk\n|-damage|p1a: Great Tusk|35\/100\n|move|p1a: Great Tusk|Ice Spinner|p2a: Great Tusk\n|-supereffective|p2a: Great Tusk\n|-damage|p2a: Great Tusk|64\/100\n|\n|-heal|p1a: Great Tusk|41\/100|[from] item: Leftovers\n|upkeep\n|turn|17\n|\n|t:|1700528813\n|move|p2a: Great Tusk|Body Press|p1a: Great Tusk\n|-damage|p1a: Great Tusk|21\/100\n|move|p1a: Great Tusk|Ice Spinner|p2a: Great Tusk\n|-supereffective|p2a: Great Tusk\n|-damage|p2a: Great Tusk|29\/100\n|\n|-heal|p1a: Great Tusk|27\/100|[from] item: Leftovers\n|upkeep\n|turn|18\n|\n|t:|1700528819\n|move|p2a: Great Tusk|Ice Spinner|p1a: Great Tusk\n|-supereffective|p1a: Great Tusk\n|-damage|p1a: Great Tusk|9\/100\n|move|p1a: Great Tusk|Rapid Spin|p2a: Great Tusk\n|-damage|p2a: Great Tusk|19\/100\n|-boost|p1a: Great Tusk|spe|1\n|\n|-heal|p1a: Great Tusk|15\/100|[from] item: Leftovers\n|upkeep\n|turn|19\n|\n|t:|1700528825\n|move|p1a: Great Tusk|Ice Spinner|p2a: Great Tusk\n|-supereffective|p2a: Great Tusk\n|-damage|p2a: Great Tusk|0 fnt\n|faint|p2a: Great Tusk\n|-end|p2a: Great Tusk|Protosynthesis|[silent]\n|\n|-heal|p1a: Great Tusk|21\/100|[from] item: Leftovers\n|upkeep\n|\n|t:|1700528828\n|switch|p2a: Skeledirge|Skeledirge, F|100\/100\n|turn|20\n|\n|t:|1700528837\n|move|p1a: Great Tusk|Earthquake|p2a: Skeledirge\n|-supereffective|p2a: Skeledirge\n|-damage|p2a: Skeledirge|49\/100\n|move|p2a: Skeledirge|Torch Song|p1a: Great Tusk\n|-damage|p1a: Great Tusk|0 fnt\n|-boost|p2a: Skeledirge|spa|1\n|faint|p1a: Great Tusk\n|-end|p1a: Great Tusk|Protosynthesis|[silent]\n|\n|upkeep\n|j| Outdated AHH Team\n|\n|t:|1700528847\n|switch|p1a: Samurott|Samurott-Hisui, F|83\/100\n|turn|21\n|\n|t:|1700528851\n|move|p1a: Samurott|Ceaseless Edge|p2a: Skeledirge\n|-supereffective|p2a: Skeledirge\n|-damage|p2a: Skeledirge|0 fnt\n|-sidestart|p2: Elpets|Spikes\n|faint|p2a: Skeledirge\n|\n|upkeep\n|\n|t:|1700528853\n|switch|p2a: Breloom|Breloom, F|100\/100\n|-damage|p2a: Breloom|88\/100|[from] Spikes\n|turn|22\n|\n|t:|1700528860\n|switch|p1a: Dragonite|Dragonite, F|90\/100\n|move|p2a: Breloom|Spore|p1a: Dragonite\n|-status|p1a: Dragonite|slp|[from] move: Spore\n|\n|upkeep\n|turn|23\n|\n|t:|1700528867\n|move|p2a: Breloom|Rock Tomb|p1a: Dragonite\n|-supereffective|p1a: Dragonite\n|-damage|p1a: Dragonite|19\/100 slp\n|-unboost|p1a: Dragonite|spe|1\n|cant|p1a: Dragonite|slp\n|\n|upkeep\n|turn|24\n|\n|t:|1700528873\n|move|p2a: Breloom|Rock Tomb|p1a: Dragonite\n|-supereffective|p1a: Dragonite\n|-damage|p1a: Dragonite|0 fnt\n|faint|p1a: Dragonite\n|\n|upkeep\n|\n|t:|1700528875\n|switch|p1a: Enamorus|Enamorus, F, tera:Fairy|100\/100\n|turn|25\n|\n|t:|1700528878\n|move|p1a: Enamorus|Moonblast|p2a: Breloom\n|-supereffective|p2a: Breloom\n|-damage|p2a: Breloom|0 fnt\n|faint|p2a: Breloom\n|\n|upkeep\n|\n|t:|1700528880\n|switch|p2a: Dragonite|Dragonite, F|100\/100\n|turn|26\n|\n|t:|1700528884\n|-terastallize|p2a: Dragonite|Fire\n|move|p1a: Enamorus|Moonblast|p2a: Dragonite\n|-resisted|p2a: Dragonite\n|-damage|p2a: Dragonite|80\/100\n|move|p2a: Dragonite|Dragon Dance|p2a: Dragonite\n|-boost|p2a: Dragonite|atk|1\n|-boost|p2a: Dragonite|spe|1\n|\n|upkeep\n|turn|27\n|\n|t:|1700528892\n|move|p1a: Enamorus|Moonblast|p2a: Dragonite\n|-resisted|p2a: Dragonite\n|-damage|p2a: Dragonite|39\/100\n|-unboost|p2a: Dragonite|spa|1\n|move|p2a: Dragonite|Dragon Dance|p2a: Dragonite\n|-boost|p2a: Dragonite|atk|1\n|-boost|p2a: Dragonite|spe|1\n|\n|upkeep\n|turn|28\n|\n|t:|1700528899\n|move|p2a: Dragonite|Fire Punch|p1a: Enamorus\n|-damage|p1a: Enamorus|0 fnt\n|faint|p1a: Enamorus\n|\n|upkeep\n|\n|t:|1700528902\n|switch|p1a: Samurott|Samurott-Hisui, F|83\/100\n|turn|29\n|\n|t:|1700528910\n|move|p1a: Samurott|Sucker Punch|p2a: Dragonite\n|-damage|p2a: Dragonite|2\/100\n|move|p2a: Dragonite|Outrage|p1a: Samurott\n|-damage|p1a: Samurott|0 fnt\n|faint|p1a: Samurott\n|\n|win|Elpets\n|raw|genesis7's rating: 1722 &rarr; <strong>1708<\/strong><br \/>(-14 for losing)\n|raw|Elpets's rating: 1825 &rarr; <strong>1839<\/strong><br \/>(+14 for winning)\n|c|\u2606genesis7|gg\n|l|\u2606Elpets\n","uploadtime":1700528928,"views":4,"p1id":"genesis7","p2id":"elpets","formatid":"gen9ou","rating":1708,"private":0,"password":""}