{"id":"gen9ou-1993285936","p1":"EstebanAlpha","p2":"El Stefano","format":"[Gen 9] OU","log":"|j|\u2606EstebanAlpha\n|j|\u2606El Stefano\n|t:|1700290481\n|gametype|singles\n|player|p1|EstebanAlpha|colress|1744\n|player|p2|El Stefano|265|1814\n|teamsize|p1|6\n|teamsize|p2|6\n|gen|9\n|tier|[Gen 9] OU\n|rated|\n|rule|Sleep Clause Mod: Limit one foe put to sleep\n|rule|Species Clause: Limit one of each Pok\u00e9mon\n|rule|OHKO Clause: OHKO moves are banned\n|rule|Evasion Items Clause: Evasion items are banned\n|rule|Evasion Moves Clause: Evasion moves are banned\n|rule|Endless Battle Clause: Forcing endless battles is banned\n|rule|HP Percentage Mod: HP is shown in percentages\n|clearpoke\n|poke|p1|Ogerpon-Wellspring, F|\n|poke|p1|Ceruledge, M|\n|poke|p1|Iron Treads|\n|poke|p1|Iron Moth|\n|poke|p1|Ribombee, F|\n|poke|p1|Great Tusk|\n|poke|p2|Slowking, M|\n|poke|p2|Dondozo, M|\n|poke|p2|Chesnaught, F|\n|poke|p2|Clodsire, M|\n|poke|p2|Clefable, F|\n|poke|p2|Moltres|\n|teampreview\n|j| Lumity4ever\n|\n|t:|1700290498\n|start\n|switch|p1a: Iron Treads|Iron Treads|100\/100\n|switch|p2a: Clodsire|Clodsire, M|100\/100\n|-enditem|p1a: Iron Treads|Booster Energy\n|-activate|p1a: Iron Treads|ability: Quark Drive|[fromitem]\n|-start|p1a: Iron Treads|quarkdrivespe\n|turn|1\n|\n|t:|1700290506\n|move|p1a: Iron Treads|Stealth Rock|p2a: Clodsire\n|-sidestart|p2: El Stefano|move: Stealth Rock\n|move|p2a: Clodsire|Earthquake|p1a: Iron Treads\n|-supereffective|p1a: Iron Treads\n|-damage|p1a: Iron Treads|54\/100\n|\n|upkeep\n|turn|2\n|\n|t:|1700290515\n|move|p1a: Iron Treads|Earth Power|p2a: Clodsire\n|-supereffective|p2a: Clodsire\n|-damage|p2a: Clodsire|66\/100\n|move|p2a: Clodsire|Poison Jab|p1a: Iron Treads\n|-immune|p1a: Iron Treads\n|\n|upkeep\n|turn|3\n|\n|t:|1700290523\n|move|p1a: Iron Treads|Earth Power|p2a: Clodsire\n|-supereffective|p2a: Clodsire\n|-damage|p2a: Clodsire|30\/100\n|move|p2a: Clodsire|Recover|p2a: Clodsire\n|-heal|p2a: Clodsire|80\/100\n|\n|upkeep\n|turn|4\n|\n|t:|1700290528\n|move|p1a: Iron Treads|Earth Power|p2a: Clodsire\n|-supereffective|p2a: Clodsire\n|-damage|p2a: Clodsire|45\/100\n|-unboost|p2a: Clodsire|spd|1\n|move|p2a: Clodsire|Amnesia|p2a: Clodsire\n|-boost|p2a: Clodsire|spd|2\n|\n|upkeep\n|turn|5\n|\n|t:|1700290538\n|-end|p1a: Iron Treads|Quark Drive|[silent]\n|switch|p1a: Great Tusk|Great Tusk|100\/100\n|-enditem|p1a: Great Tusk|Booster Energy\n|-activate|p1a: Great Tusk|ability: Protosynthesis|[fromitem]\n|-start|p1a: Great Tusk|protosynthesisatk\n|move|p2a: Clodsire|Recover|p2a: Clodsire\n|-heal|p2a: Clodsire|95\/100\n|\n|upkeep\n|turn|6\n|\n|t:|1700290551\n|-end|p1a: Great Tusk|Protosynthesis|[silent]\n|switch|p1a: Ribombee|Ribombee, F, shiny|100\/100\n|switch|p2a: Clefable|Clefable, F|100\/100\n|\n|upkeep\n|turn|7\n|\n|t:|1700290555\n|move|p1a: Ribombee|Stun Spore|p2a: Clefable\n|-status|p2a: Clefable|par\n|move|p2a: Clefable|Stealth Rock|p1a: Ribombee\n|-sidestart|p1: EstebanAlpha|move: Stealth Rock\n|\n|upkeep\n|turn|8\n|\n|t:|1700290559\n|switch|p1a: Iron Treads|Iron Treads|54\/100\n|-damage|p1a: Iron Treads|51\/100|[from] Stealth Rock\n|move|p2a: Clefable|Knock Off|p1a: Iron Treads\n|-damage|p1a: Iron Treads|40\/100\n|\n|upkeep\n|turn|9\n|\n|t:|1700290566\n|switch|p2a: Moltres|Moltres|100\/100\n|move|p1a: Iron Treads|Rapid Spin|p2a: Moltres\n|-damage|p2a: Moltres|92\/100\n|-boost|p1a: Iron Treads|spe|1\n|-sideend|p1: EstebanAlpha|Stealth Rock|[from] move: Rapid Spin|[of] p1a: Iron Treads\n|\n|upkeep\n|turn|10\n|j| Nachota431\n|\n|t:|1700290582\n|-end|p1a: Iron Treads|Quark Drive|[silent]\n|switch|p1a: Ribombee|Ribombee, F, shiny|100\/100\n|switch|p2a: Clefable|Clefable, F|100\/100 par\n|\n|upkeep\n|turn|11\n|\n|t:|1700290594\n|move|p1a: Ribombee|Moonblast|p2a: Clefable\n|-damage|p2a: Clefable|64\/100 par\n|move|p2a: Clefable|Stealth Rock|p1a: Ribombee\n|-sidestart|p1: EstebanAlpha|move: Stealth Rock\n|\n|-heal|p2a: Clefable|70\/100 par|[from] item: Leftovers\n|upkeep\n|turn|12\n|\n|t:|1700290600\n|switch|p2a: Clodsire|Clodsire, M|95\/100\n|move|p1a: Ribombee|Moonblast|p2a: Clodsire\n|-resisted|p2a: Clodsire\n|-damage|p2a: Clodsire|84\/100\n|\n|upkeep\n|turn|13\n|\n|t:|1700290605\n|move|p1a: Ribombee|Stun Spore|p2a: Clodsire\n|-status|p2a: Clodsire|par\n|move|p2a: Clodsire|Earthquake|p1a: Ribombee\n|-resisted|p1a: Ribombee\n|-damage|p1a: Ribombee|76\/100\n|\n|upkeep\n|turn|14\n|j| Jontrendline\n|\n|t:|1700290621\n|switch|p1a: Great Tusk|Great Tusk|100\/100\n|-damage|p1a: Great Tusk|98\/100|[from] Stealth Rock\n|cant|p2a: Clodsire|par\n|\n|upkeep\n|turn|15\n|\n|t:|1700290634\n|-end|p1a: Great Tusk|Protosynthesis|[silent]\n|switch|p1a: Iron Treads|Iron Treads|40\/100\n|-damage|p1a: Iron Treads|37\/100|[from] Stealth Rock\n|switch|p2a: Chesnaught|Chesnaught, F|100\/100\n|\n|upkeep\n|turn|16\n|\n|t:|1700290642\n|move|p1a: Iron Treads|Rapid Spin|p2a: Chesnaught\n|-damage|p2a: Chesnaught|93\/100\n|-boost|p1a: Iron Treads|spe|1\n|-sideend|p1: EstebanAlpha|Stealth Rock|[from] move: Rapid Spin|[of] p1a: Iron Treads\n|move|p2a: Chesnaught|Body Press|p1a: Iron Treads\n|-supereffective|p1a: Iron Treads\n|-damage|p1a: Iron Treads|0 fnt\n|faint|p1a: Iron Treads\n|-end|p1a: Iron Treads|Quark Drive|[silent]\n|\n|upkeep\n|\n|t:|1700290667\n|switch|p1a: Iron Moth|Iron Moth|100\/100\n|-enditem|p1a: Iron Moth|Booster Energy\n|-activate|p1a: Iron Moth|ability: Quark Drive|[fromitem]\n|-start|p1a: Iron Moth|quarkdrivespe\n|turn|17\n|\n|t:|1700290672\n|switch|p2a: Slowking|Slowking, M|100\/100\n|move|p1a: Iron Moth|Fiery Dance|p2a: Slowking\n|-resisted|p2a: Slowking\n|-damage|p2a: Slowking|89\/100\n|\n|upkeep\n|turn|18\n|\n|t:|1700290678\n|move|p1a: Iron Moth|Substitute|p1a: Iron Moth\n|-start|p1a: Iron Moth|Substitute\n|-damage|p1a: Iron Moth|76\/100\n|move|p2a: Slowking|Earthquake|p1a: Iron Moth\n|-supereffective|p1a: Iron Moth\n|-crit|p1a: Iron Moth\n|-end|p1a: Iron Moth|Substitute\n|\n|upkeep\n|turn|19\n|j| srtyjj\n|inactive|Battle timer is ON: inactive players will automatically lose when time's up. (requested by El Stefano)\n|c|\u2606EstebanAlpha|What...\n|\n|t:|1700290694\n|-end|p1a: Iron Moth|Quark Drive|[silent]\n|switch|p1a: Ribombee|Ribombee, F, shiny|76\/100\n|move|p2a: Slowking|Scald|p1a: Ribombee\n|-damage|p1a: Ribombee|30\/100\n|\n|upkeep\n|turn|20\n|\n|t:|1700290703\n|switch|p2a: Clodsire|Clodsire, M|84\/100 par\n|move|p1a: Ribombee|Moonblast|p2a: Clodsire\n|-resisted|p2a: Clodsire\n|-damage|p2a: Clodsire|72\/100 par\n|\n|upkeep\n|turn|21\n|\n|t:|1700290709\n|move|p1a: Ribombee|Psychic|p2a: Clodsire\n|-supereffective|p2a: Clodsire\n|-damage|p2a: Clodsire|45\/100 par\n|-unboost|p2a: Clodsire|spd|1\n|move|p2a: Clodsire|Earthquake|p1a: Ribombee\n|-resisted|p1a: Ribombee\n|-damage|p1a: Ribombee|5\/100\n|\n|upkeep\n|turn|22\n|\n|t:|1700290715\n|switch|p2a: Slowking|Slowking, M|100\/100\n|move|p1a: Ribombee|Psychic|p2a: Slowking\n|-resisted|p2a: Slowking\n|-damage|p2a: Slowking|93\/100\n|\n|upkeep\n|turn|23\n|\n|t:|1700290720\n|switch|p2a: Clodsire|Clodsire, M|45\/100 par\n|move|p1a: Ribombee|Stun Spore|p2a: Clodsire\n|-fail|p2a: Clodsire|par\n|\n|upkeep\n|turn|24\n|\n|t:|1700290726\n|switch|p1a: Great Tusk|Great Tusk|98\/100\n|cant|p2a: Clodsire|par\n|\n|upkeep\n|turn|25\n|\n|t:|1700290736\n|switch|p2a: Chesnaught|Chesnaught, F|93\/100\n|-terastallize|p1a: Great Tusk|Fire\n|move|p1a: Great Tusk|Rapid Spin|p2a: Chesnaught\n|-damage|p2a: Chesnaught|83\/100\n|-boost|p1a: Great Tusk|spe|1\n|\n|upkeep\n|turn|26\n|\n|t:|1700290746\n|switch|p2a: Dondozo|Dondozo, M|100\/100\n|move|p1a: Great Tusk|Bulk Up|p1a: Great Tusk\n|-boost|p1a: Great Tusk|atk|1\n|-boost|p1a: Great Tusk|def|1\n|\n|upkeep\n|turn|27\n|\n|t:|1700290752\n|-end|p1a: Great Tusk|Protosynthesis|[silent]\n|switch|p1a: Ogerpon|Ogerpon-Wellspring, F|100\/100\n|move|p2a: Dondozo|Curse|p2a: Dondozo\n|-unboost|p2a: Dondozo|spe|1\n|-boost|p2a: Dondozo|atk|1\n|-boost|p2a: Dondozo|def|1\n|\n|upkeep\n|turn|28\n|\n|t:|1700290756\n|switch|p2a: Chesnaught|Chesnaught, F|83\/100\n|move|p1a: Ogerpon|Horn Leech|p2a: Chesnaught\n|-resisted|p2a: Chesnaught\n|-damage|p2a: Chesnaught|70\/100\n|\n|upkeep\n|turn|29\n|\n|t:|1700290763\n|switch|p1a: Great Tusk|Great Tusk, tera:Fire|98\/100\n|move|p2a: Chesnaught|Synthesis|p2a: Chesnaught\n|-heal|p2a: Chesnaught|100\/100\n|\n|upkeep\n|turn|30\n|\n|t:|1700290769\n|move|p1a: Great Tusk|Earthquake|p2a: Chesnaught\n|-resisted|p2a: Chesnaught\n|-damage|p2a: Chesnaught|86\/100\n|move|p2a: Chesnaught|Knock Off|p1a: Great Tusk\n|-damage|p1a: Great Tusk|85\/100\n|\n|upkeep\n|turn|31\n|\n|t:|1700290772\n|move|p1a: Great Tusk|Ice Spinner|p2a: Chesnaught\n|-supereffective|p2a: Chesnaught\n|-damage|p2a: Chesnaught|53\/100\n|move|p2a: Chesnaught|Spikes|p1a: Great Tusk\n|-sidestart|p1: EstebanAlpha|Spikes\n|\n|upkeep\n|turn|32\n|\n|t:|1700290777\n|move|p1a: Great Tusk|Bulk Up|p1a: Great Tusk\n|-boost|p1a: Great Tusk|atk|1\n|-boost|p1a: Great Tusk|def|1\n|move|p2a: Chesnaught|Synthesis|p2a: Chesnaught\n|-heal|p2a: Chesnaught|100\/100\n|\n|upkeep\n|turn|33\n|\n|t:|1700290780\n|switch|p2a: Dondozo|Dondozo, M|100\/100\n|move|p1a: Great Tusk|Ice Spinner|p2a: Dondozo\n|-resisted|p2a: Dondozo\n|-damage|p2a: Dondozo|95\/100\n|\n|upkeep\n|turn|34\n|\n|t:|1700290786\n|move|p1a: Great Tusk|Rapid Spin|p2a: Dondozo\n|-damage|p2a: Dondozo|87\/100\n|-boost|p1a: Great Tusk|spe|1\n|-sideend|p1: EstebanAlpha|Spikes|[from] move: Rapid Spin|[of] p1a: Great Tusk\n|move|p2a: Dondozo|Curse|p2a: Dondozo\n|-unboost|p2a: Dondozo|spe|1\n|-boost|p2a: Dondozo|atk|1\n|-boost|p2a: Dondozo|def|1\n|\n|upkeep\n|turn|35\n|\n|t:|1700290791\n|-end|p1a: Great Tusk|Protosynthesis|[silent]\n|switch|p1a: Ogerpon|Ogerpon-Wellspring, F|100\/100\n|move|p2a: Dondozo|Waterfall|p1a: Ogerpon\n|-immune|p1a: Ogerpon|[from] ability: Water Absorb\n|\n|upkeep\n|turn|36\n|\n|t:|1700290798\n|switch|p2a: Chesnaught|Chesnaught, F|100\/100\n|move|p1a: Ogerpon|Horn Leech|p2a: Chesnaught\n|-resisted|p2a: Chesnaught\n|-damage|p2a: Chesnaught|88\/100\n|\n|upkeep\n|turn|37\n|\n|t:|1700290803\n|switch|p1a: Ribombee|Ribombee, F, shiny|5\/100\n|move|p2a: Chesnaught|Body Press|p1a: Ribombee\n|-resisted|p1a: Ribombee\n|-damage|p1a: Ribombee|0 fnt\n|faint|p1a: Ribombee\n|\n|upkeep\n|\n|t:|1700290830\n|switch|p1a: Ceruledge|Ceruledge, M, shiny|100\/100\n|turn|38\n|\n|t:|1700290835\n|switch|p2a: Dondozo|Dondozo, M|87\/100\n|move|p1a: Ceruledge|Swords Dance|p1a: Ceruledge\n|-boost|p1a: Ceruledge|atk|2\n|\n|upkeep\n|turn|39\n|\n|t:|1700290846\n|move|p1a: Ceruledge|Close Combat|p2a: Dondozo\n|-damage|p2a: Dondozo|68\/100\n|-unboost|p1a: Ceruledge|def|1\n|-unboost|p1a: Ceruledge|spd|1\n|move|p2a: Dondozo|Waterfall|p1a: Ceruledge\n|-supereffective|p1a: Ceruledge\n|-damage|p1a: Ceruledge|16\/100\n|-ability|p1a: Ceruledge|Weak Armor|boost\n|-unboost|p1a: Ceruledge|def|1\n|-boost|p1a: Ceruledge|spe|2\n|\n|upkeep\n|turn|40\n|\n|t:|1700290859\n|switch|p1a: Ogerpon|Ogerpon-Wellspring, F|100\/100\n|move|p2a: Dondozo|Curse|p2a: Dondozo\n|-unboost|p2a: Dondozo|spe|1\n|-boost|p2a: Dondozo|atk|1\n|-boost|p2a: Dondozo|def|1\n|\n|upkeep\n|turn|41\n|j| SwabbyYabby\n|\n|t:|1700290866\n|switch|p2a: Chesnaught|Chesnaught, F|88\/100\n|move|p1a: Ogerpon|Ivy Cudgel|p2a: Chesnaught|[anim] Ivy Cudgel Water\n|-resisted|p2a: Chesnaught\n|-damage|p2a: Chesnaught|72\/100\n|\n|upkeep\n|turn|42\n|\n|t:|1700290875\n|move|p1a: Ogerpon|Swords Dance|p1a: Ogerpon\n|-boost|p1a: Ogerpon|atk|2\n|move|p2a: Chesnaught|Body Press|p1a: Ogerpon\n|-damage|p1a: Ogerpon|40\/100\n|\n|upkeep\n|turn|43\n|\n|t:|1700290886\n|move|p1a: Ogerpon|Ivy Cudgel|p2a: Chesnaught|[anim] Ivy Cudgel Water\n|-resisted|p2a: Chesnaught\n|-damage|p2a: Chesnaught|38\/100\n|move|p2a: Chesnaught|Body Press|p1a: Ogerpon\n|-damage|p1a: Ogerpon|0 fnt\n|faint|p1a: Ogerpon\n|\n|upkeep\n|\n|t:|1700290895\n|switch|p1a: Iron Moth|Iron Moth|76\/100\n|turn|44\n|\n|t:|1700290899\n|switch|p2a: Slowking|Slowking, M|100\/100\n|move|p1a: Iron Moth|Sludge Wave|p2a: Slowking\n|-damage|p2a: Slowking|71\/100\n|-status|p2a: Slowking|psn\n|\n|-damage|p2a: Slowking|59\/100 psn|[from] psn\n|upkeep\n|turn|45\n|\n|t:|1700290906\n|-end|p1a: Iron Moth|Quark Drive|[silent]\n|switch|p1a: Ceruledge|Ceruledge, M, shiny|16\/100\n|move|p2a: Slowking|Earthquake|p1a: Ceruledge\n|-supereffective|p1a: Ceruledge\n|-damage|p1a: Ceruledge|0 fnt\n|faint|p1a: Ceruledge\n|\n|-damage|p2a: Slowking|46\/100 psn|[from] psn\n|upkeep\n|\n|t:|1700290910\n|switch|p1a: Great Tusk|Great Tusk, tera:Fire|85\/100\n|turn|46\n|j| Roshino\n|\n|t:|1700290913\n|switch|p2a: Dondozo|Dondozo, M|68\/100\n|move|p1a: Great Tusk|Earthquake|p2a: Dondozo\n|-damage|p2a: Dondozo|45\/100\n|\n|upkeep\n|turn|47\n|\n|t:|1700290918\n|move|p1a: Great Tusk|Earthquake|p2a: Dondozo\n|-damage|p2a: Dondozo|23\/100\n|move|p2a: Dondozo|Rest|p2a: Dondozo\n|-status|p2a: Dondozo|slp|[from] move: Rest\n|-heal|p2a: Dondozo|100\/100 slp|[silent]\n|\n|upkeep\n|turn|48\n|\n|t:|1700290924\n|move|p1a: Great Tusk|Earthquake|p2a: Dondozo\n|-damage|p2a: Dondozo|76\/100 slp\n|cant|p2a: Dondozo|slp\n|move|p2a: Dondozo|Sleep Talk|p2a: Dondozo\n|move|p2a: Dondozo|Rest||[from]move: Sleep Talk|[still]\n|-fail|p2a: Dondozo\n|\n|upkeep\n|turn|49\n|\n|t:|1700290930\n|move|p1a: Great Tusk|Earthquake|p2a: Dondozo\n|-damage|p2a: Dondozo|54\/100 slp\n|cant|p2a: Dondozo|slp\n|move|p2a: Dondozo|Sleep Talk|p2a: Dondozo\n|move|p2a: Dondozo|Rest||[from]move: Sleep Talk|[still]\n|-fail|p2a: Dondozo\n|\n|upkeep\n|turn|50\n|\n|t:|1700290933\n|move|p1a: Great Tusk|Earthquake|p2a: Dondozo\n|-damage|p2a: Dondozo|32\/100 slp\n|-curestatus|p2a: Dondozo|slp|[msg]\n|move|p2a: Dondozo|Curse|p2a: Dondozo\n|-unboost|p2a: Dondozo|spe|1\n|-boost|p2a: Dondozo|atk|1\n|-boost|p2a: Dondozo|def|1\n|\n|upkeep\n|turn|51\n|\n|t:|1700290937\n|move|p1a: Great Tusk|Earthquake|p2a: Dondozo\n|-damage|p2a: Dondozo|15\/100\n|move|p2a: Dondozo|Rest|p2a: Dondozo\n|-status|p2a: Dondozo|slp|[from] move: Rest\n|-heal|p2a: Dondozo|100\/100 slp|[silent]\n|\n|upkeep\n|turn|52\n|\n|t:|1700290943\n|move|p1a: Great Tusk|Earthquake|p2a: Dondozo\n|-crit|p2a: Dondozo\n|-damage|p2a: Dondozo|63\/100 slp\n|cant|p2a: Dondozo|slp\n|move|p2a: Dondozo|Sleep Talk|p2a: Dondozo\n|move|p2a: Dondozo|Rest||[from]move: Sleep Talk|[still]\n|-fail|p2a: Dondozo\n|\n|upkeep\n|turn|53\n|\n|t:|1700290949\n|move|p1a: Great Tusk|Earthquake|p2a: Dondozo\n|-damage|p2a: Dondozo|49\/100 slp\n|cant|p2a: Dondozo|slp\n|move|p2a: Dondozo|Sleep Talk|p2a: Dondozo\n|move|p2a: Dondozo|Curse|p2a: Dondozo|[from]move: Sleep Talk\n|-unboost|p2a: Dondozo|spe|1\n|-boost|p2a: Dondozo|atk|1\n|-boost|p2a: Dondozo|def|1\n|\n|upkeep\n|turn|54\n|\n|t:|1700290954\n|move|p1a: Great Tusk|Earthquake|p2a: Dondozo\n|-damage|p2a: Dondozo|36\/100 slp\n|-curestatus|p2a: Dondozo|slp|[msg]\n|move|p2a: Dondozo|Waterfall|p1a: Great Tusk\n|-supereffective|p1a: Great Tusk\n|-damage|p1a: Great Tusk|1\/100\n|\n|upkeep\n|turn|55\n|\n|t:|1700290958\n|move|p1a: Great Tusk|Earthquake|p2a: Dondozo\n|-damage|p2a: Dondozo|25\/100\n|move|p2a: Dondozo|Waterfall|p1a: Great Tusk\n|-supereffective|p1a: Great Tusk\n|-damage|p1a: Great Tusk|0 fnt\n|faint|p1a: Great Tusk\n|-end|p1a: Great Tusk|Protosynthesis|[silent]\n|\n|upkeep\n|\n|t:|1700290961\n|switch|p1a: Iron Moth|Iron Moth|76\/100\n|turn|56\n|\n|t:|1700290964\n|move|p1a: Iron Moth|Sludge Wave|p2a: Dondozo\n|-damage|p2a: Dondozo|0 fnt\n|faint|p2a: Dondozo\n|\n|upkeep\n|\n|t:|1700290967\n|switch|p2a: Slowking|Slowking, M|80\/100 psn\n|turn|57\n|\n|t:|1700290973\n|move|p1a: Iron Moth|Sludge Wave|p2a: Slowking\n|-damage|p2a: Slowking|54\/100 psn\n|move|p2a: Slowking|Earthquake|p1a: Iron Moth\n|-supereffective|p1a: Iron Moth\n|-damage|p1a: Iron Moth|0 fnt\n|faint|p1a: Iron Moth\n|-end|p1a: Iron Moth|Quark Drive|[silent]\n|\n|win|El Stefano\n|raw|EstebanAlpha's rating: 1744 &rarr; <strong>1728<\/strong><br \/>(-16 for losing)\n|raw|El Stefano's rating: 1814 &rarr; <strong>1830<\/strong><br \/>(+16 for winning)\n","uploadtime":1700290983,"views":13,"p1id":"estebanalpha","p2id":"elstefano","formatid":"gen9ou","rating":1728,"private":0,"password":""}