{"id":"gen9ou-1988386090","p1":"yellow motorola","p2":"gajandan1994","format":"[Gen 9] OU","log":"|j|\u2606yellow motorola\n|j|\u2606gajandan1994\n|t:|1699717056\n|gametype|singles\n|player|p1|yellow motorola|byron|1508\n|player|p2|gajandan1994|1|1506\n|teamsize|p1|6\n|teamsize|p2|6\n|gen|9\n|tier|[Gen 9] OU\n|rated|\n|rule|Sleep Clause Mod: Limit one foe put to sleep\n|rule|Species Clause: Limit one of each Pok\u00e9mon\n|rule|OHKO Clause: OHKO moves are banned\n|rule|Evasion Items Clause: Evasion items are banned\n|rule|Evasion Moves Clause: Evasion moves are banned\n|rule|Endless Battle Clause: Forcing endless battles is banned\n|rule|HP Percentage Mod: HP is shown in percentages\n|clearpoke\n|poke|p1|Gliscor, M|\n|poke|p1|Gholdengo|\n|poke|p1|Ninetales-Alola, F|\n|poke|p1|Kingambit, M|\n|poke|p1|Iron Valiant|\n|poke|p1|Ogerpon-Wellspring, F|\n|poke|p2|Torkoal, M|\n|poke|p2|Walking Wake|\n|poke|p2|Great Tusk|\n|poke|p2|Ceruledge, M|\n|poke|p2|Heatran, F|\n|poke|p2|Shiftry, F|\n|teampreview\n|inactive|Battle timer is ON: inactive players will automatically lose when time's up. (requested by yellow motorola)\n|\n|t:|1699717074\n|start\n|switch|p1a: Kurama-Alola|Ninetales-Alola, F|100\/100\n|switch|p2a: Torkoal|Torkoal, M|100\/100\n|-weather|Snow|[from] ability: Snow Warning|[of] p1a: Kurama-Alola\n|-weather|SunnyDay|[from] ability: Drought|[of] p2a: Torkoal\n|turn|1\n|\n|t:|1699717101\n|move|p1a: Kurama-Alola|Snowscape|p1a: Kurama-Alola\n|-weather|Snow\n|move|p2a: Torkoal|Lava Plume|p1a: Kurama-Alola\n|-supereffective|p1a: Kurama-Alola\n|-damage|p1a: Kurama-Alola|52\/100\n|\n|-weather|Snow|[upkeep]\n|upkeep\n|turn|2\n|\n|t:|1699717128\n|switch|p2a: Heatran|Heatran, F|100\/100\n|-item|p2a: Heatran|Air Balloon\n|move|p1a: Kurama-Alola|Aurora Veil|p1a: Kurama-Alola\n|-sidestart|p1: yellow motorola|move: Aurora Veil\n|\n|-weather|Snow|[upkeep]\n|upkeep\n|turn|3\n|\n|t:|1699717131\n|move|p1a: Kurama-Alola|Freeze-Dry|p2a: Heatran\n|-resisted|p2a: Heatran\n|-damage|p2a: Heatran|97\/100\n|-status|p2a: Heatran|frz\n|-enditem|p2a: Heatran|Air Balloon\n|-curestatus|p2a: Heatran|frz|[msg]\n|move|p2a: Heatran|Magma Storm|p1a: Kurama-Alola|[miss]\n|-miss|p2a: Heatran|p1a: Kurama-Alola\n|\n|-weather|Snow|[upkeep]\n|upkeep\n|turn|4\n|\n|t:|1699717138\n|switch|p1a: \ud83c\udf0aKatara|Ogerpon-Wellspring, F|100\/100\n|move|p2a: Heatran|Magma Storm|p1a: \ud83c\udf0aKatara\n|-damage|p1a: \ud83c\udf0aKatara|67\/100\n|-activate|p1a: \ud83c\udf0aKatara|move: Magma Storm|[of] p2a: Heatran\n|\n|-weather|Snow|[upkeep]\n|-damage|p1a: \ud83c\udf0aKatara|55\/100|[from] move: Magma Storm|[partiallytrapped]\n|upkeep\n|turn|5\n|\n|t:|1699717158\n|-terastallize|p2a: Heatran|Grass\n|move|p1a: \ud83c\udf0aKatara|Ivy Cudgel|p2a: Heatran\n|-resisted|p2a: Heatran\n|-damage|p2a: Heatran|71\/100\n|move|p2a: Heatran|Tera Blast|p1a: \ud83c\udf0aKatara|[anim] Tera Blast Grass\n|-damage|p1a: \ud83c\udf0aKatara|29\/100\n|\n|-weather|none\n|-damage|p1a: \ud83c\udf0aKatara|16\/100|[from] move: Magma Storm|[partiallytrapped]\n|upkeep\n|turn|6\n|\n|t:|1699717167\n|move|p1a: \ud83c\udf0aKatara|Encore|p2a: Heatran\n|-start|p2a: Heatran|Encore\n|move|p2a: Heatran|Tera Blast|p1a: \ud83c\udf0aKatara|[anim] Tera Blast Grass\n|-damage|p1a: \ud83c\udf0aKatara|0 fnt\n|faint|p1a: \ud83c\udf0aKatara\n|\n|upkeep\n|\n|t:|1699717170\n|switch|p1a: Dracule Mihawk|Gliscor, M|100\/100\n|turn|7\n|\n|t:|1699717175\n|switch|p2a: Walking Wake|Walking Wake|100\/100\n|move|p1a: Dracule Mihawk|Agility|p1a: Dracule Mihawk\n|-boost|p1a: Dracule Mihawk|spe|2\n|\n|-status|p1a: Dracule Mihawk|tox|[from] item: Toxic Orb\n|upkeep\n|turn|8\n|\n|t:|1699717183\n|-terastallize|p1a: Dracule Mihawk|Flying\n|move|p1a: Dracule Mihawk|Swords Dance|p1a: Dracule Mihawk\n|-boost|p1a: Dracule Mihawk|atk|2\n|move|p2a: Walking Wake|Flip Turn|p1a: Dracule Mihawk\n|-damage|p1a: Dracule Mihawk|94\/100 tox\n|\n|t:|1699717188\n|-end|p2a: Walking Wake|Protosynthesis|[silent]\n|switch|p2a: Torkoal|Torkoal, M|100\/100|[from] Flip Turn\n|-weather|SunnyDay|[from] ability: Drought|[of] p2a: Torkoal\n|\n|-weather|SunnyDay|[upkeep]\n|-heal|p1a: Dracule Mihawk|100\/100 tox|[from] ability: Poison Heal\n|upkeep\n|turn|9\n|\n|t:|1699717192\n|move|p1a: Dracule Mihawk|Earthquake|p2a: Torkoal\n|-supereffective|p2a: Torkoal\n|-damage|p2a: Torkoal|0 fnt\n|faint|p2a: Torkoal\n|\n|-weather|SunnyDay|[upkeep]\n|-sideend|p1: yellow motorola|move: Aurora Veil\n|upkeep\n|\n|t:|1699717201\n|switch|p2a: Ceruledge|Ceruledge, M|100\/100\n|turn|10\n|\n|t:|1699717209\n|move|p1a: Dracule Mihawk|Dual Wingbeat|p2a: Ceruledge\n|-damage|p2a: Ceruledge|32\/100\n|-ability|p2a: Ceruledge|Weak Armor|boost\n|-unboost|p2a: Ceruledge|def|1\n|-boost|p2a: Ceruledge|spe|2\n|-damage|p2a: Ceruledge|0 fnt\n|faint|p2a: Ceruledge\n|-hitcount|p2: Ceruledge|2\n|\n|-weather|SunnyDay|[upkeep]\n|upkeep\n|\n|t:|1699717219\n|switch|p2a: Walking Wake|Walking Wake|100\/100\n|-activate|p2a: Walking Wake|ability: Protosynthesis\n|-start|p2a: Walking Wake|protosynthesisspe\n|turn|11\n|\n|t:|1699717221\n|move|p1a: Dracule Mihawk|Dual Wingbeat|p2a: Walking Wake\n|-damage|p2a: Walking Wake|49\/100\n|-damage|p2a: Walking Wake|0 fnt\n|faint|p2a: Walking Wake\n|-end|p2a: Walking Wake|Protosynthesis|[silent]\n|-hitcount|p2: Walking Wake|2\n|\n|-weather|SunnyDay|[upkeep]\n|upkeep\n|\n|t:|1699717233\n|switch|p2a: Great Tusk|Great Tusk|100\/100\n|-activate|p2a: Great Tusk|ability: Protosynthesis\n|-start|p2a: Great Tusk|protosynthesisatk\n|turn|12\n|\n|t:|1699717235\n|move|p1a: Dracule Mihawk|Dual Wingbeat|p2a: Great Tusk\n|-supereffective|p2a: Great Tusk\n|-damage|p2a: Great Tusk|34\/100\n|-supereffective|p2a: Great Tusk\n|-damage|p2a: Great Tusk|0 fnt\n|faint|p2a: Great Tusk\n|-end|p2a: Great Tusk|Protosynthesis|[silent]\n|-hitcount|p2: Great Tusk|2\n|\n|-weather|SunnyDay|[upkeep]\n|upkeep\n|c|\u2606gajandan1994|Gg\n|c|\u2606yellow motorola|gg\n|-message|gajandan1994 forfeited.\n|\n|win|yellow motorola\n|raw|yellow motorola's rating: 1508 &rarr; <strong>1529<\/strong><br \/>(+21 for winning)\n|raw|gajandan1994's rating: 1522 &rarr; <strong>1501<\/strong><br \/>(-21 for losing)\n|l|\u2606gajandan1994\n","uploadtime":1699717250,"views":14,"p1id":"yellowmotorola","p2id":"gajandan1994","formatid":"gen9ou","rating":1501,"private":0,"password":""}