{"id":"gen9ou-1998214885","p1":"endersOverlord","p2":"Mumblin'Penguin","format":"[Gen 9] OU","log":"|j|\u2606endersOverlord\n|j|\u2606Mumblin'Penguin\n|t:|1700914047\n|gametype|singles\n|player|p1|endersOverlord|colress|\n|player|p2|Mumblin'Penguin|teamrocket|\n|teamsize|p1|6\n|teamsize|p2|6\n|gen|9\n|tier|[Gen 9] OU\n|rule|Sleep Clause Mod: Limit one foe put to sleep\n|rule|Species Clause: Limit one of each Pok\u00e9mon\n|rule|OHKO Clause: OHKO moves are banned\n|rule|Evasion Items Clause: Evasion items are banned\n|rule|Evasion Moves Clause: Evasion moves are banned\n|rule|Endless Battle Clause: Forcing endless battles is banned\n|rule|HP Percentage Mod: HP is shown in percentages\n|clearpoke\n|poke|p1|Rotom-Wash|\n|poke|p1|Tinkaton, F|\n|poke|p1|Iron Hands|\n|poke|p1|Hydreigon, F|\n|poke|p1|Iron Moth|\n|poke|p1|Ogerpon, F|\n|poke|p2|Glimmora, F|\n|poke|p2|Ogerpon-Cornerstone, F|\n|poke|p2|Arcanine-Hisui, M|\n|poke|p2|Tyranitar, F|\n|poke|p2|Garganacl, F|\n|poke|p2|Kleavor, F|\n|teampreview\n|\n|t:|1700914072\n|start\n|switch|p1a: Smashy|Ogerpon, F|100\/100\n|switch|p2a: Kleavor|Kleavor, F|100\/100\n|turn|1\n|\n|t:|1700914080\n|move|p1a: Smashy|Ivy Cudgel|p2a: Kleavor\n|-damage|p2a: Kleavor|0 fnt\n|faint|p2a: Kleavor\n|\n|upkeep\n|\n|t:|1700914091\n|switch|p2a: Arcanine|Arcanine-Hisui, M|100\/100\n|turn|2\n|\n|t:|1700914096\n|move|p2a: Arcanine|Flare Blitz|p1a: Smashy\n|-supereffective|p1a: Smashy\n|-damage|p1a: Smashy|0 fnt\n|faint|p1a: Smashy\n|\n|upkeep\n|\n|t:|1700914101\n|switch|p1a: Cal-Gone|Rotom-Wash, shiny|100\/100\n|turn|3\n|\n|t:|1700914109\n|switch|p2a: Tyranitar|Tyranitar, F|100\/100\n|-weather|Sandstorm|[from] ability: Sand Stream|[of] p2a: Tyranitar\n|move|p1a: Cal-Gone|Hydro Pump|p2a: Tyranitar\n|-supereffective|p2a: Tyranitar\n|-damage|p2a: Tyranitar|81\/100\n|\n|-weather|Sandstorm|[upkeep]\n|-damage|p1a: Cal-Gone|94\/100|[from] Sandstorm\n|upkeep\n|turn|4\n|\n|t:|1700914120\n|move|p1a: Cal-Gone|Electric Terrain|p1a: Cal-Gone\n|-fieldstart|move: Electric Terrain\n|move|p2a: Tyranitar|Stone Edge|p1a: Cal-Gone\n|-damage|p1a: Cal-Gone|57\/100\n|\n|-weather|Sandstorm|[upkeep]\n|-damage|p1a: Cal-Gone|51\/100|[from] Sandstorm\n|upkeep\n|turn|5\n|\n|t:|1700914128\n|move|p1a: Cal-Gone|Volt Switch|p2a: Tyranitar\n|-damage|p2a: Tyranitar|73\/100\n|\n|t:|1700914143\n|switch|p1a: Harmonia|Hydreigon, F|100\/100|[from] Volt Switch\n|move|p2a: Tyranitar|Stone Edge|p1a: Harmonia\n|-damage|p1a: Harmonia|53\/100\n|\n|-weather|Sandstorm|[upkeep]\n|-damage|p1a: Harmonia|47\/100|[from] Sandstorm\n|upkeep\n|turn|6\n|\n|t:|1700914151\n|move|p1a: Harmonia|Earth Power|p2a: Tyranitar\n|-supereffective|p2a: Tyranitar\n|-damage|p2a: Tyranitar|51\/100\n|-damage|p1a: Harmonia|37\/100|[from] item: Life Orb\n|move|p2a: Tyranitar|Ice Punch|p1a: Harmonia\n|-supereffective|p1a: Harmonia\n|-damage|p1a: Harmonia|0 fnt\n|faint|p1a: Harmonia\n|\n|-weather|Sandstorm|[upkeep]\n|upkeep\n|\n|t:|1700914160\n|switch|p1a: Mr. Electric|Iron Hands, shiny|100\/100\n|-activate|p1a: Mr. Electric|ability: Quark Drive\n|-start|p1a: Mr. Electric|quarkdrivedef\n|turn|7\n|\n|t:|1700914166\n|switch|p2a: Glimmora|Glimmora, F|100\/100\n|-terastallize|p1a: Mr. Electric|Water\n|move|p1a: Mr. Electric|Drain Punch|p2a: Glimmora\n|-damage|p2a: Glimmora|59\/100\n|-activate|p2a: Glimmora|ability: Toxic Debris\n|-sidestart|p1: endersOverlord|move: Toxic Spikes\n|\n|-weather|none\n|upkeep\n|turn|8\n|\n|t:|1700914179\n|move|p2a: Glimmora|Energy Ball|p1a: Mr. Electric\n|-supereffective|p1a: Mr. Electric\n|-crit|p1a: Mr. Electric\n|-damage|p1a: Mr. Electric|9\/100\n|move|p1a: Mr. Electric|Drain Punch|p2a: Glimmora\n|-damage|p2a: Glimmora|17\/100\n|-heal|p1a: Mr. Electric|22\/100|[from] drain|[of] p2a: Glimmora\n|-activate|p2a: Glimmora|ability: Toxic Debris\n|-sidestart|p1: endersOverlord|move: Toxic Spikes\n|\n|-heal|p1a: Mr. Electric|28\/100|[from] item: Leftovers\n|upkeep\n|turn|9\n|\n|t:|1700914199\n|-end|p1a: Mr. Electric|Quark Drive|[silent]\n|switch|p1a: Ra-Moon|Iron Moth, shiny|100\/100\n|-sideend|p1: endersOverlord|move: Toxic Spikes|[of] p1a: Ra-Moon\n|-activate|p1a: Ra-Moon|ability: Quark Drive\n|-start|p1a: Ra-Moon|quarkdrivespa\n|move|p2a: Glimmora|Energy Ball|p1a: Ra-Moon\n|-resisted|p1a: Ra-Moon\n|-damage|p1a: Ra-Moon|92\/100\n|\n|upkeep\n|turn|10\n|\n|t:|1700914213\n|move|p1a: Ra-Moon|Energy Ball|p2a: Glimmora\n|-damage|p2a: Glimmora|0 fnt\n|faint|p2a: Glimmora\n|\n|upkeep\n|\n|t:|1700914217\n|switch|p2a: Tyranitar|Tyranitar, F|51\/100\n|-weather|Sandstorm|[from] ability: Sand Stream|[of] p2a: Tyranitar\n|turn|11\n|\n|t:|1700914221\n|move|p1a: Ra-Moon|Energy Ball|p2a: Tyranitar\n|-supereffective|p2a: Tyranitar\n|-damage|p2a: Tyranitar|14\/100\n|move|p2a: Tyranitar|Earthquake|p1a: Ra-Moon\n|-supereffective|p1a: Ra-Moon\n|-damage|p1a: Ra-Moon|0 fnt\n|faint|p1a: Ra-Moon\n|-end|p1a: Ra-Moon|Quark Drive|[silent]\n|\n|-weather|Sandstorm|[upkeep]\n|-fieldend|move: Electric Terrain\n|upkeep\n|\n|t:|1700914238\n|switch|p1a: Doubletap|Tinkaton, F|100\/100\n|-ability|p1a: Doubletap|Mold Breaker\n|turn|12\n|\n|t:|1700914255\n|move|p1a: Doubletap|Gigaton Hammer|p2a: Tyranitar\n|-supereffective|p2a: Tyranitar\n|-damage|p2a: Tyranitar|0 fnt\n|faint|p2a: Tyranitar\n|\n|-weather|Sandstorm|[upkeep]\n|upkeep\n|\n|t:|1700914261\n|switch|p2a: Arcanine|Arcanine-Hisui, M|100\/100\n|turn|13\n|\n|t:|1700914265\n|move|p2a: Arcanine|Flare Blitz|p1a: Doubletap\n|-supereffective|p1a: Doubletap\n|-damage|p1a: Doubletap|0 fnt\n|faint|p1a: Doubletap\n|\n|-weather|Sandstorm|[upkeep]\n|upkeep\n|\n|t:|1700914271\n|switch|p1a: Mr. Electric|Iron Hands, shiny, tera:Water|28\/100\n|turn|14\n|\n|t:|1700914300\n|move|p2a: Arcanine|Flare Blitz|p1a: Mr. Electric\n|-resisted|p1a: Mr. Electric\n|-damage|p1a: Mr. Electric|14\/100\n|move|p1a: Mr. Electric|Drain Punch|p2a: Arcanine\n|-supereffective|p2a: Arcanine\n|-damage|p2a: Arcanine|10\/100\n|-heal|p1a: Mr. Electric|44\/100|[from] drain|[of] p2a: Arcanine\n|\n|-weather|Sandstorm|[upkeep]\n|-damage|p1a: Mr. Electric|37\/100|[from] Sandstorm\n|-heal|p1a: Mr. Electric|44\/100|[from] item: Leftovers\n|upkeep\n|turn|15\n|\n|t:|1700914315\n|move|p2a: Arcanine|Flare Blitz|p1a: Mr. Electric\n|-resisted|p1a: Mr. Electric\n|-damage|p1a: Mr. Electric|30\/100\n|-status|p1a: Mr. Electric|brn\n|move|p1a: Mr. Electric|Swords Dance|p1a: Mr. Electric\n|-boost|p1a: Mr. Electric|atk|2\n|\n|-weather|none\n|-heal|p1a: Mr. Electric|36\/100 brn|[from] item: Leftovers\n|-damage|p1a: Mr. Electric|30\/100 brn|[from] brn\n|upkeep\n|turn|16\n|\n|t:|1700914326\n|move|p2a: Arcanine|Flare Blitz|p1a: Mr. Electric\n|-resisted|p1a: Mr. Electric\n|-damage|p1a: Mr. Electric|17\/100 brn\n|move|p1a: Mr. Electric|Swords Dance|p1a: Mr. Electric\n|-boost|p1a: Mr. Electric|atk|2\n|\n|-heal|p1a: Mr. Electric|23\/100 brn|[from] item: Leftovers\n|-damage|p1a: Mr. Electric|17\/100 brn|[from] brn\n|upkeep\n|turn|17\n|\n|t:|1700914335\n|move|p2a: Arcanine|Flare Blitz|p1a: Mr. Electric\n|-resisted|p1a: Mr. Electric\n|-damage|p1a: Mr. Electric|2\/100 brn\n|move|p1a: Mr. Electric|Drain Punch|p2a: Arcanine\n|-supereffective|p2a: Arcanine\n|-damage|p2a: Arcanine|0 fnt\n|-heal|p1a: Mr. Electric|6\/100 brn|[from] drain|[of] p2a: Arcanine\n|faint|p2a: Arcanine\n|\n|-heal|p1a: Mr. Electric|12\/100 brn|[from] item: Leftovers\n|-damage|p1a: Mr. Electric|6\/100 brn|[from] brn\n|upkeep\n|\n|t:|1700914347\n|switch|p2a: Ogerpon|Ogerpon-Cornerstone, F|100\/100\n|turn|18\n|\n|t:|1700914350\n|move|p2a: Ogerpon|Horn Leech|p1a: Mr. Electric\n|-supereffective|p1a: Mr. Electric\n|-damage|p1a: Mr. Electric|0 fnt\n|faint|p1a: Mr. Electric\n|-end|p1a: Mr. Electric|Quark Drive|[silent]\n|\n|upkeep\n|\n|t:|1700914355\n|switch|p1a: Cal-Gone|Rotom-Wash, shiny|51\/100\n|turn|19\n|\n|t:|1700914359\n|move|p2a: Ogerpon|Horn Leech|p1a: Cal-Gone\n|-supereffective|p1a: Cal-Gone\n|-damage|p1a: Cal-Gone|0 fnt\n|faint|p1a: Cal-Gone\n|\n|win|Mumblin'Penguin\n","uploadtime":1700914365,"views":2,"p1id":"endersoverlord","p2id":"mumblinpenguin","formatid":"gen9ou","rating":0,"private":0,"password":""}