{"id":"gen9ou-1995263656","p1":"Liker of Mudkips","p2":"liaoya","format":"[Gen 9] OU","log":"|j|\u2606Liker of Mudkips\n|j|\u2606liaoya\n|t:|1700543319\n|gametype|singles\n|player|p1|Liker of Mudkips|acetrainerf|1630\n|player|p2|liaoya|petrel|1541\n|teamsize|p1|6\n|teamsize|p2|6\n|gen|9\n|tier|[Gen 9] OU\n|rated|\n|rule|Sleep Clause Mod: Limit one foe put to sleep\n|rule|Species Clause: Limit one of each Pok\u00e9mon\n|rule|OHKO Clause: OHKO moves are banned\n|rule|Evasion Items Clause: Evasion items are banned\n|rule|Evasion Moves Clause: Evasion moves are banned\n|rule|Endless Battle Clause: Forcing endless battles is banned\n|rule|HP Percentage Mod: HP is shown in percentages\n|clearpoke\n|poke|p1|Kingambit, F|\n|poke|p1|Ninetales-Alola, F|\n|poke|p1|Great Tusk|\n|poke|p1|Iron Valiant|\n|poke|p1|Iron Moth|\n|poke|p1|Ogerpon-Wellspring, F|\n|poke|p2|Drifblim, F|\n|poke|p2|Garganacl, F|\n|poke|p2|Umbreon, F|\n|poke|p2|Rotom-Wash|\n|poke|p2|Glimmora, F|\n|poke|p2|Espeon, M|\n|teampreview\n|inactive|Battle timer is ON: inactive players will automatically lose when time's up. (requested by liaoya)\n|c|\u2606liaoya|oh\n|c|\u2606Liker of Mudkips|nice\n|\n|t:|1700543341\n|start\n|switch|p1a: Baku|Great Tusk|100\/100\n|switch|p2a: Rotom|Rotom-Wash|100\/100\n|-enditem|p1a: Baku|Booster Energy\n|-activate|p1a: Baku|ability: Protosynthesis|[fromitem]\n|-start|p1a: Baku|protosynthesisatk\n|turn|1\n|j| SubatomicDonut\n|\n|t:|1700543355\n|-end|p1a: Baku|Protosynthesis|[silent]\n|switch|p1a: Suika|Ogerpon-Wellspring, F|100\/100\n|move|p2a: Rotom|Hydro Pump|p1a: Suika\n|-immune|p1a: Suika|[from] ability: Water Absorb\n|\n|upkeep\n|turn|2\n|\n|t:|1700543371\n|switch|p2a: Umbreon|Umbreon, F, shiny|100\/100\n|move|p1a: Suika|Horn Leech|p2a: Umbreon\n|-damage|p2a: Umbreon|72\/100\n|\n|-heal|p2a: Umbreon|78\/100|[from] item: Leftovers\n|upkeep\n|turn|3\n|\n|t:|1700543380\n|move|p1a: Suika|Ivy Cudgel|p2a: Umbreon|[anim] Ivy Cudgel Water\n|-damage|p2a: Umbreon|38\/100\n|move|p2a: Umbreon|Yawn|p1a: Suika\n|-start|p1a: Suika|move: Yawn|[of] p2a: Umbreon\n|\n|-heal|p2a: Umbreon|44\/100|[from] item: Leftovers\n|upkeep\n|turn|4\n|\n|t:|1700543389\n|switch|p1a: Amaterasu|Iron Moth|100\/100\n|-enditem|p1a: Amaterasu|Booster Energy\n|-activate|p1a: Amaterasu|ability: Quark Drive|[fromitem]\n|-start|p1a: Amaterasu|quarkdrivespe\n|move|p2a: Umbreon|Wish|p2a: Umbreon\n|\n|-heal|p2a: Umbreon|50\/100|[from] item: Leftovers\n|upkeep\n|turn|5\n|\n|t:|1700543396\n|move|p1a: Amaterasu|Substitute|p1a: Amaterasu\n|-start|p1a: Amaterasu|Substitute\n|-damage|p1a: Amaterasu|76\/100\n|move|p2a: Umbreon|Foul Play|p1a: Amaterasu\n|-end|p1a: Amaterasu|Substitute\n|\n|-heal|p2a: Umbreon|99\/100|[from] move: Wish|[wisher] Umbreon\n|-heal|p2a: Umbreon|100\/100|[from] item: Leftovers\n|upkeep\n|turn|6\n|\n|t:|1700543405\n|move|p1a: Amaterasu|Dazzling Gleam|p2a: Umbreon\n|-supereffective|p2a: Umbreon\n|-damage|p2a: Umbreon|66\/100\n|move|p2a: Umbreon|Yawn|p1a: Amaterasu\n|-start|p1a: Amaterasu|move: Yawn|[of] p2a: Umbreon\n|\n|-heal|p2a: Umbreon|73\/100|[from] item: Leftovers\n|upkeep\n|turn|7\n|\n|t:|1700543415\n|-end|p1a: Amaterasu|Quark Drive|[silent]\n|switch|p1a: Yukihana|Ninetales-Alola, F|100\/100\n|-weather|Snow|[from] ability: Snow Warning|[of] p1a: Yukihana\n|move|p2a: Umbreon|Wish|p2a: Umbreon\n|\n|-weather|Snow|[upkeep]\n|-heal|p2a: Umbreon|79\/100|[from] item: Leftovers\n|upkeep\n|turn|8\n|\n|t:|1700543423\n|switch|p2a: Espeon|Espeon, M|100\/100\n|move|p1a: Yukihana|Encore|p2a: Espeon\n|move|p2a: Espeon|Encore||[from]ability: Magic Bounce|[still]\n|-fail|p2a: Espeon\n|\n|-weather|Snow|[upkeep]\n|upkeep\n|turn|9\n|\n|t:|1700543431\n|move|p2a: Espeon|Trick|p1a: Yukihana\n|-activate|p2a: Espeon|move: Trick|[of] p1a: Yukihana\n|-item|p1a: Yukihana|Choice Scarf|[from] move: Trick\n|-item|p2a: Espeon|Light Clay|[from] move: Trick\n|move|p1a: Yukihana|Aurora Veil|p1a: Yukihana\n|-sidestart|p1: Liker of Mudkips|move: Aurora Veil\n|\n|-weather|Snow|[upkeep]\n|upkeep\n|turn|10\n|\n|t:|1700543441\n|switch|p1a: Rei|Iron Valiant, shiny|100\/100\n|-enditem|p1a: Rei|Booster Energy\n|-activate|p1a: Rei|ability: Quark Drive|[fromitem]\n|-start|p1a: Rei|quarkdrivespe\n|switch|p2a: Rotom|Rotom-Wash|100\/100\n|\n|-weather|Snow|[upkeep]\n|upkeep\n|turn|11\n|\n|t:|1700543451\n|switch|p2a: Glimmora|Glimmora, F|100\/100\n|move|p1a: Rei|Knock Off|p2a: Glimmora\n|-damage|p2a: Glimmora|79\/100\n|-activate|p2a: Glimmora|ability: Toxic Debris\n|-sidestart|p1: Liker of Mudkips|move: Toxic Spikes\n|-enditem|p2a: Glimmora|Focus Sash|[from] move: Knock Off|[of] p1a: Rei\n|\n|-weather|none\n|upkeep\n|turn|12\n|\n|t:|1700543463\n|move|p1a: Rei|Close Combat|p2a: Glimmora\n|-damage|p2a: Glimmora|40\/100\n|-unboost|p1a: Rei|def|1\n|-unboost|p1a: Rei|spd|1\n|-activate|p2a: Glimmora|ability: Toxic Debris\n|-sidestart|p1: Liker of Mudkips|move: Toxic Spikes\n|move|p2a: Glimmora|Mortal Spin|p1a: Rei\n|-supereffective|p1a: Rei\n|-damage|p1a: Rei|90\/100\n|-status|p1a: Rei|psn\n|\n|-damage|p1a: Rei|78\/100 psn|[from] psn\n|upkeep\n|turn|13\n|\n|t:|1700543476\n|switch|p2a: Espeon|Espeon, M|100\/100\n|move|p1a: Rei|Encore|p2a: Espeon\n|move|p2a: Espeon|Encore||[from]ability: Magic Bounce|[still]\n|-fail|p2a: Espeon\n|\n|-damage|p1a: Rei|65\/100 psn|[from] psn\n|-sideend|p1: Liker of Mudkips|move: Aurora Veil\n|upkeep\n|turn|14\n|\n|t:|1700543484\n|move|p1a: Rei|Knock Off|p2a: Espeon\n|-supereffective|p2a: Espeon\n|-damage|p2a: Espeon|35\/100\n|-enditem|p2a: Espeon|Light Clay|[from] move: Knock Off|[of] p1a: Rei\n|move|p2a: Espeon|Dazzling Gleam|p1a: Rei\n|-supereffective|p1a: Rei\n|-damage|p1a: Rei|0 fnt\n|faint|p1a: Rei\n|-end|p1a: Rei|Quark Drive|[silent]\n|\n|upkeep\n|\n|t:|1700543496\n|switch|p1a: Amaterasu|Iron Moth|76\/100\n|-sideend|p1: Liker of Mudkips|move: Toxic Spikes|[of] p1a: Amaterasu\n|turn|15\n|\n|t:|1700543503\n|move|p1a: Amaterasu|Sludge Wave|p2a: Espeon\n|-damage|p2a: Espeon|0 fnt\n|faint|p2a: Espeon\n|\n|upkeep\n|\n|t:|1700543510\n|switch|p2a: Garganacl|Garganacl, F, shiny|100\/100\n|turn|16\n|\n|t:|1700543516\n|-end|p1a: Amaterasu|Quark Drive|[silent]\n|switch|p1a: Yukihana|Ninetales-Alola, F|100\/100\n|-weather|Snow|[from] ability: Snow Warning|[of] p1a: Yukihana\n|move|p2a: Garganacl|Salt Cure|p1a: Yukihana\n|-supereffective|p1a: Yukihana\n|-damage|p1a: Yukihana|78\/100\n|-start|p1a: Yukihana|Salt Cure\n|\n|-weather|Snow|[upkeep]\n|-damage|p1a: Yukihana|66\/100|[from] Salt Cure\n|upkeep\n|turn|17\n|\n|t:|1700543527\n|move|p1a: Yukihana|Aurora Veil|p1a: Yukihana\n|-sidestart|p1: Liker of Mudkips|move: Aurora Veil\n|move|p2a: Garganacl|Iron Defense|p2a: Garganacl\n|-boost|p2a: Garganacl|def|2\n|\n|-weather|Snow|[upkeep]\n|-damage|p1a: Yukihana|54\/100|[from] Salt Cure\n|upkeep\n|turn|18\n|\n|t:|1700543543\n|switch|p1a: Suika|Ogerpon-Wellspring, F|100\/100\n|move|p2a: Garganacl|Salt Cure|p1a: Suika\n|-damage|p1a: Suika|92\/100\n|-start|p1a: Suika|Salt Cure\n|\n|-weather|Snow|[upkeep]\n|-damage|p1a: Suika|67\/100|[from] Salt Cure\n|upkeep\n|turn|19\n|\n|t:|1700543554\n|-terastallize|p2a: Garganacl|Ghost\n|move|p1a: Suika|Swords Dance|p1a: Suika\n|-boost|p1a: Suika|atk|2\n|move|p2a: Garganacl|Iron Defense|p2a: Garganacl\n|-boost|p2a: Garganacl|def|2\n|\n|-weather|Snow|[upkeep]\n|-damage|p1a: Suika|42\/100|[from] Salt Cure\n|upkeep\n|turn|20\n|\n|t:|1700543564\n|move|p1a: Suika|Ivy Cudgel|p2a: Garganacl|[anim] Ivy Cudgel Water\n|-damage|p2a: Garganacl|72\/100\n|move|p2a: Garganacl|Recover|p2a: Garganacl\n|-heal|p2a: Garganacl|100\/100\n|\n|-weather|none\n|-damage|p1a: Suika|17\/100|[from] Salt Cure\n|upkeep\n|turn|21\n|\n|t:|1700543571\n|move|p1a: Suika|Ivy Cudgel|p2a: Garganacl|[anim] Ivy Cudgel Water\n|-damage|p2a: Garganacl|76\/100\n|move|p2a: Garganacl|Recover|p2a: Garganacl\n|-heal|p2a: Garganacl|100\/100\n|\n|-damage|p1a: Suika|0 fnt|[from] Salt Cure\n|faint|p1a: Suika\n|-sideend|p1: Liker of Mudkips|move: Aurora Veil\n|upkeep\n|\n|t:|1700543579\n|switch|p1a: Yukihana|Ninetales-Alola, F|54\/100\n|-weather|Snow|[from] ability: Snow Warning|[of] p1a: Yukihana\n|turn|22\n|\n|t:|1700543589\n|switch|p2a: Glimmora|Glimmora, F|40\/100\n|move|p1a: Yukihana|Encore||[still]\n|-fail|p1a: Yukihana\n|\n|-weather|Snow|[upkeep]\n|upkeep\n|turn|23\n|\n|t:|1700543595\n|switch|p1a: Nobunaga|Kingambit, F|100\/100\n|-activate|p1a: Nobunaga|ability: Supreme Overlord\n|-start|p1a: Nobunaga|fallen2|[silent]\n|move|p2a: Glimmora|Mortal Spin|p1a: Nobunaga\n|-immune|p1a: Nobunaga\n|\n|-weather|Snow|[upkeep]\n|upkeep\n|turn|24\n|\n|t:|1700543607\n|switch|p2a: Rotom|Rotom-Wash|100\/100\n|move|p1a: Nobunaga|Swords Dance|p1a: Nobunaga\n|-boost|p1a: Nobunaga|atk|2\n|\n|-weather|Snow|[upkeep]\n|upkeep\n|turn|25\n|\n|t:|1700543614\n|move|p2a: Rotom|Will-O-Wisp|p1a: Nobunaga\n|-status|p1a: Nobunaga|brn\n|-enditem|p1a: Nobunaga|Lum Berry|[eat]\n|-curestatus|p1a: Nobunaga|brn|[msg]\n|move|p1a: Nobunaga|Swords Dance|p1a: Nobunaga\n|-boost|p1a: Nobunaga|atk|2\n|\n|-weather|Snow|[upkeep]\n|upkeep\n|turn|26\n|\n|t:|1700543624\n|move|p2a: Rotom|Will-O-Wisp|p1a: Nobunaga\n|-status|p1a: Nobunaga|brn\n|move|p1a: Nobunaga|Kowtow Cleave|p2a: Rotom\n|-damage|p2a: Rotom|13\/100\n|\n|-weather|none\n|-damage|p1a: Nobunaga|94\/100 brn|[from] brn\n|upkeep\n|turn|27\n|\n|t:|1700543637\n|switch|p2a: Glimmora|Glimmora, F|40\/100\n|-terastallize|p1a: Nobunaga|Fairy\n|move|p1a: Nobunaga|Tera Blast|p2a: Glimmora|[anim] Tera Blast Fairy\n|-resisted|p2a: Glimmora\n|-crit|p2a: Glimmora\n|-damage|p2a: Glimmora|0 fnt\n|-activate|p2a: Glimmora|ability: Toxic Debris\n|-sidestart|p1: Liker of Mudkips|move: Toxic Spikes\n|faint|p2a: Glimmora\n|\n|-damage|p1a: Nobunaga|88\/100 brn|[from] brn\n|upkeep\n|\n|t:|1700543643\n|switch|p2a: Drifblim|Drifblim, F|100\/100\n|turn|28\n|\n|t:|1700543652\n|move|p2a: Drifblim|Trick|p1a: Nobunaga\n|-activate|p2a: Drifblim|move: Trick|[of] p1a: Nobunaga\n|-item|p1a: Nobunaga|Choice Scarf|[from] move: Trick\n|-enditem|p2a: Drifblim|Choice Scarf|[silent]|[from] move: Trick\n|move|p1a: Nobunaga|Kowtow Cleave|p2a: Drifblim\n|-supereffective|p2a: Drifblim\n|-damage|p2a: Drifblim|0 fnt\n|-damage|p1a: Nobunaga|63\/100 brn|[from] ability: Aftermath|[of] p2a: Drifblim\n|faint|p2a: Drifblim\n|\n|-damage|p1a: Nobunaga|57\/100 brn|[from] brn\n|upkeep\n|\n|t:|1700543662\n|switch|p2a: Umbreon|Umbreon, F, shiny|79\/100\n|turn|29\n|\n|t:|1700543666\n|move|p1a: Nobunaga|Kowtow Cleave|p2a: Umbreon\n|-resisted|p2a: Umbreon\n|-damage|p2a: Umbreon|48\/100\n|move|p2a: Umbreon|Wish|p2a: Umbreon\n|\n|-heal|p2a: Umbreon|54\/100|[from] item: Leftovers\n|-damage|p1a: Nobunaga|51\/100 brn|[from] brn\n|upkeep\n|turn|30\n|\n|t:|1700543673\n|move|p2a: Umbreon|Protect|p2a: Umbreon\n|-singleturn|p2a: Umbreon|Protect\n|move|p1a: Nobunaga|Kowtow Cleave|p2a: Umbreon\n|-activate|p2a: Umbreon|move: Protect\n|\n|-heal|p2a: Umbreon|100\/100|[from] move: Wish|[wisher] Umbreon\n|-damage|p1a: Nobunaga|45\/100 brn|[from] brn\n|upkeep\n|turn|31\n|\n|t:|1700543685\n|-end|p1a: Nobunaga|fallen2|[silent]\n|switch|p1a: Amaterasu|Iron Moth|76\/100\n|-sideend|p1: Liker of Mudkips|move: Toxic Spikes|[of] p1a: Amaterasu\n|move|p2a: Umbreon|Wish|p2a: Umbreon\n|\n|upkeep\n|turn|32\n|\n|t:|1700543690\n|move|p1a: Amaterasu|Substitute|p1a: Amaterasu\n|-start|p1a: Amaterasu|Substitute\n|-damage|p1a: Amaterasu|51\/100\n|move|p2a: Umbreon|Foul Play|p1a: Amaterasu\n|-end|p1a: Amaterasu|Substitute\n|\n|upkeep\n|turn|33\n|\n|t:|1700543704\n|move|p1a: Amaterasu|Sludge Wave|p2a: Umbreon\n|-damage|p2a: Umbreon|68\/100\n|move|p2a: Umbreon|Foul Play|p1a: Amaterasu\n|-damage|p1a: Amaterasu|26\/100\n|\n|-heal|p2a: Umbreon|74\/100|[from] item: Leftovers\n|upkeep\n|turn|34\n|\n|t:|1700543712\n|switch|p2a: Garganacl|Garganacl, F, shiny, tera:Ghost|100\/100\n|move|p1a: Amaterasu|Substitute|p1a: Amaterasu\n|-start|p1a: Amaterasu|Substitute\n|-damage|p1a: Amaterasu|1\/100\n|\n|upkeep\n|turn|35\n|\n|t:|1700543718\n|move|p1a: Amaterasu|Fiery Dance|p2a: Garganacl\n|-damage|p2a: Garganacl|73\/100\n|move|p2a: Garganacl|Salt Cure|p1a: Amaterasu\n|-supereffective|p1a: Amaterasu\n|-end|p1a: Amaterasu|Substitute\n|\n|-heal|p2a: Garganacl|79\/100|[from] item: Leftovers\n|upkeep\n|turn|36\n|\n|t:|1700543727\n|move|p1a: Amaterasu|Fiery Dance|p2a: Garganacl\n|-damage|p2a: Garganacl|52\/100\n|move|p2a: Garganacl|Salt Cure|p1a: Amaterasu\n|-supereffective|p1a: Amaterasu\n|-damage|p1a: Amaterasu|0 fnt\n|faint|p1a: Amaterasu\n|-end|p1a: Amaterasu|Quark Drive|[silent]\n|\n|-heal|p2a: Garganacl|58\/100|[from] item: Leftovers\n|upkeep\n|\n|t:|1700543745\n|switch|p1a: Nobunaga|Kingambit, F, tera:Fairy|45\/100 brn\n|-activate|p1a: Nobunaga|ability: Supreme Overlord\n|-start|p1a: Nobunaga|fallen3|[silent]\n|turn|37\n|\n|t:|1700543752\n|switch|p2a: Umbreon|Umbreon, F, shiny|74\/100\n|move|p1a: Nobunaga|Tera Blast|p2a: Umbreon|[anim] Tera Blast Fairy\n|-supereffective|p2a: Umbreon\n|-damage|p2a: Umbreon|32\/100\n|\n|-heal|p2a: Umbreon|39\/100|[from] item: Leftovers\n|-damage|p1a: Nobunaga|39\/100 brn|[from] brn\n|upkeep\n|turn|38\n|\n|t:|1700543760\n|move|p1a: Nobunaga|Tera Blast|p2a: Umbreon|[anim] Tera Blast Fairy\n|-supereffective|p2a: Umbreon\n|-damage|p2a: Umbreon|0 fnt\n|faint|p2a: Umbreon\n|\n|-damage|p1a: Nobunaga|33\/100 brn|[from] brn\n|upkeep\n|\n|t:|1700543766\n|switch|p2a: Garganacl|Garganacl, F, shiny, tera:Ghost|58\/100\n|turn|39\n|\n|t:|1700543770\n|-end|p1a: Nobunaga|fallen3|[silent]\n|switch|p1a: Yukihana|Ninetales-Alola, F|54\/100\n|-weather|Snow|[from] ability: Snow Warning|[of] p1a: Yukihana\n|move|p2a: Garganacl|Recover|p2a: Garganacl\n|-heal|p2a: Garganacl|100\/100\n|\n|-weather|Snow|[upkeep]\n|upkeep\n|turn|40\n|\n|t:|1700543779\n|switch|p2a: Rotom|Rotom-Wash|13\/100\n|move|p1a: Yukihana|Encore||[still]\n|-fail|p1a: Yukihana\n|\n|-weather|Snow|[upkeep]\n|upkeep\n|turn|41\n|\n|t:|1700543785\n|move|p1a: Yukihana|Encore||[still]\n|-fail|p1a: Yukihana\n|move|p2a: Rotom|Hydro Pump|p1a: Yukihana\n|-damage|p1a: Yukihana|3\/100\n|\n|-weather|Snow|[upkeep]\n|upkeep\n|turn|42\n|\n|t:|1700543797\n|move|p1a: Yukihana|Encore|p2a: Rotom\n|-start|p2a: Rotom|Encore\n|move|p2a: Rotom|Hydro Pump|p1a: Yukihana\n|-damage|p1a: Yukihana|0 fnt\n|faint|p1a: Yukihana\n|\n|-weather|Snow|[upkeep]\n|upkeep\n|\n|t:|1700543805\n|switch|p1a: Nobunaga|Kingambit, F, tera:Fairy|33\/100 brn\n|-activate|p1a: Nobunaga|ability: Supreme Overlord\n|-start|p1a: Nobunaga|fallen4|[silent]\n|turn|43\n|\n|t:|1700543812\n|move|p2a: Rotom|Hydro Pump|p1a: Nobunaga\n|-damage|p1a: Nobunaga|0 fnt\n|faint|p1a: Nobunaga\n|-end|p1a: Nobunaga|fallen4|[silent]\n|\n|-weather|none\n|upkeep\n|\n|t:|1700543819\n|switch|p1a: Baku|Great Tusk|100\/100\n|turn|44\n|\n|t:|1700543825\n|move|p2a: Rotom|Hydro Pump|p1a: Baku\n|-supereffective|p1a: Baku\n|-damage|p1a: Baku|0 fnt\n|faint|p1a: Baku\n|-end|p1a: Baku|Protosynthesis|[silent]\n|\n|win|liaoya\n|raw|Liker of Mudkips's rating: 1630 &rarr; <strong>1605<\/strong><br \/>(-25 for losing)\n|raw|liaoya's rating: 1541 &rarr; <strong>1566<\/strong><br \/>(+25 for winning)\n","uploadtime":1700543831,"views":2,"p1id":"likerofmudkips","p2id":"liaoya","formatid":"gen9ou","rating":1566,"private":0,"password":""}