{"id":"gen9ou-1997406649","p1":"PeeWeePeeWee","p2":"tyhrtyrtyrty","format":"[Gen 9] OU","log":"|j|\u2606PeeWeePeeWee\n|j|\u2606tyhrtyrtyrty\n|t:|1700800249\n|gametype|singles\n|player|p1|PeeWeePeeWee|101|1039\n|player|p2|tyhrtyrtyrty|170|1061\n|teamsize|p1|6\n|teamsize|p2|6\n|gen|9\n|tier|[Gen 9] OU\n|rated|\n|rule|Sleep Clause Mod: Limit one foe put to sleep\n|rule|Species Clause: Limit one of each Pok\u00e9mon\n|rule|OHKO Clause: OHKO moves are banned\n|rule|Evasion Items Clause: Evasion items are banned\n|rule|Evasion Moves Clause: Evasion moves are banned\n|rule|Endless Battle Clause: Forcing endless battles is banned\n|rule|HP Percentage Mod: HP is shown in percentages\n|clearpoke\n|poke|p1|Kleavor, M|\n|poke|p1|Torterra, M|\n|poke|p1|Cinderace, F|\n|poke|p1|Ceruledge, M|\n|poke|p1|Ninetales-Alola, F|\n|poke|p1|Gyarados, F|\n|poke|p2|Espeon, M|\n|poke|p2|Dragonite, F|\n|poke|p2|Eelektross, M|\n|poke|p2|Manaphy|\n|poke|p2|Haxorus, M|\n|poke|p2|Salamence, M|\n|teampreview\n|inactive|Battle timer is ON: inactive players will automatically lose when time's up. (requested by PeeWeePeeWee)\n|\n|t:|1700800257\n|start\n|switch|p1a: Torterra|Torterra, M|100\/100\n|switch|p2a: Dragonite|Dragonite, F|100\/100\n|turn|1\n|inactive|tyhrtyrtyrty has 120 seconds left.\n|\n|t:|1700800309\n|-terastallize|p2a: Dragonite|Poison\n|move|p1a: Torterra|Shell Smash|p1a: Torterra\n|-unboost|p1a: Torterra|def|1\n|-unboost|p1a: Torterra|spd|1\n|-boost|p1a: Torterra|atk|2\n|-boost|p1a: Torterra|spa|2\n|-boost|p1a: Torterra|spe|2\n|move|p2a: Dragonite|Agility|p2a: Dragonite\n|-boost|p2a: Dragonite|spe|2\n|\n|upkeep\n|turn|2\n|\n|t:|1700800321\n|move|p1a: Torterra|Earthquake|p2a: Dragonite\n|-supereffective|p2a: Dragonite\n|-damage|p2a: Dragonite|2\/100\n|-enditem|p2a: Dragonite|Weakness Policy\n|-boost|p2a: Dragonite|atk|2|[from] item: Weakness Policy\n|-boost|p2a: Dragonite|spa|2|[from] item: Weakness Policy\n|move|p2a: Dragonite|Encore|p1a: Torterra\n|-start|p1a: Torterra|Encore\n|\n|upkeep\n|turn|3\n|\n|t:|1700800331\n|switch|p2a: Eelektross|Eelektross, M|100\/100\n|move|p1a: Torterra|Earthquake|p2a: Eelektross\n|-immune|p2a: Eelektross|[from] ability: Levitate\n|\n|upkeep\n|turn|4\n|\n|t:|1700800338\n|move|p1a: Torterra|Earthquake|p2a: Eelektross\n|-immune|p2a: Eelektross|[from] ability: Levitate\n|move|p2a: Eelektross|Coil|p2a: Eelektross\n|-boost|p2a: Eelektross|atk|1\n|-boost|p2a: Eelektross|def|1\n|-boost|p2a: Eelektross|accuracy|1\n|\n|upkeep\n|turn|5\n|\n|t:|1700800346\n|move|p1a: Torterra|Earthquake|p2a: Eelektross\n|-immune|p2a: Eelektross|[from] ability: Levitate\n|move|p2a: Eelektross|Coil|p2a: Eelektross\n|-boost|p2a: Eelektross|atk|1\n|-boost|p2a: Eelektross|def|1\n|-boost|p2a: Eelektross|accuracy|1\n|\n|-end|p1a: Torterra|Encore\n|upkeep\n|turn|6\n|inactive|tyhrtyrtyrty has 120 seconds left.\n|\n|t:|1700800353\n|move|p1a: Torterra|Bullet Seed|p2a: Eelektross\n|-damage|p2a: Eelektross|84\/100\n|-crit|p2a: Eelektross\n|-damage|p2a: Eelektross|34\/100\n|-damage|p2a: Eelektross|17\/100\n|-enditem|p2a: Eelektross|Apicot Berry|[eat]\n|-boost|p2a: Eelektross|spd|1|[from] item: Apicot Berry\n|-damage|p2a: Eelektross|0 fnt\n|faint|p2a: Eelektross\n|-hitcount|p2: Eelektross|4\n|\n|upkeep\n|inactive|tyhrtyrtyrty has 120 seconds left.\n|\n|t:|1700800367\n|switch|p2a: Salamence|Salamence, M|100\/100\n|-ability|p2a: Salamence|Intimidate|boost\n|-unboost|p1a: Torterra|atk|1\n|turn|7\n|inactive|tyhrtyrtyrty has 120 seconds left.\n|\n|t:|1700800372\n|-terastallize|p1a: Torterra|Electric\n|move|p1a: Torterra|Tera Blast|p2a: Salamence|[anim] Tera Blast Electric\n|-damage|p2a: Salamence|37\/100\n|move|p2a: Salamence|Dual Wingbeat|p1a: Torterra\n|-resisted|p1a: Torterra\n|-damage|p1a: Torterra|83\/100\n|-resisted|p1a: Torterra\n|-damage|p1a: Torterra|66\/100\n|-hitcount|p1a: Torterra|2\n|\n|upkeep\n|turn|8\n|inactive|tyhrtyrtyrty has 120 seconds left.\n|-message|tyhrtyrtyrty forfeited.\n|\n|win|PeeWeePeeWee\n|raw|PeeWeePeeWee's rating: 1039 &rarr; <strong>1075<\/strong><br \/>(+36 for winning)\n|raw|tyhrtyrtyrty's rating: 1061 &rarr; <strong>1041<\/strong><br \/>(-20 for losing)\n|l|\u2606tyhrtyrtyrty\n","uploadtime":1700800386,"views":6,"p1id":"peeweepeewee","p2id":"tyhrtyrtyrty","formatid":"gen9ou","rating":1041,"private":0,"password":""}