{"id":"gen9ou-1998272903","p1":"Nikhil 6607","p2":"MinkLoad","format":"[Gen 9] OU","log":"|j|\u2606Nikhil 6607\n|j|\u2606MinkLoad\n|t:|1700923079\n|gametype|singles\n|player|p1|Nikhil 6607|n|\n|player|p2|MinkLoad|steven|\n|teamsize|p1|6\n|teamsize|p2|6\n|gen|9\n|tier|[Gen 9] OU\n|rule|Sleep Clause Mod: Limit one foe put to sleep\n|rule|Species Clause: Limit one of each Pok\u00e9mon\n|rule|OHKO Clause: OHKO moves are banned\n|rule|Evasion Items Clause: Evasion items are banned\n|rule|Evasion Moves Clause: Evasion moves are banned\n|rule|Endless Battle Clause: Forcing endless battles is banned\n|rule|HP Percentage Mod: HP is shown in percentages\n|clearpoke\n|poke|p1|Umbreon, F|\n|poke|p1|Lycanroc-Dusk, M|\n|poke|p1|Gastrodon-East, F|\n|poke|p1|Scizor, M|\n|poke|p1|Iron Valiant|\n|poke|p1|Heatran, M|\n|poke|p2|Gallade, M|\n|poke|p2|Dragapult, M|\n|poke|p2|Greninja-*, M|\n|poke|p2|Landorus-Therian, M|\n|poke|p2|Skeledirge, F|\n|poke|p2|Kingambit, M|\n|teampreview\n|inactive|Battle timer is ON: inactive players will automatically lose when time's up. (requested by MinkLoad)\n|\n|t:|1700923092\n|start\n|switch|p1a: Umbreon|Umbreon, F, shiny|100\/100\n|switch|p2a: Jack the Ripper|Gallade, M, shiny|100\/100\n|turn|1\n|\n|t:|1700923102\n|switch|p2a: Croc|Skeledirge, F|100\/100\n|move|p1a: Umbreon|Foul Play|p2a: Croc\n|-supereffective|p2a: Croc\n|-damage|p2a: Croc|78\/100\n|\n|-heal|p2a: Croc|84\/100|[from] item: Leftovers\n|upkeep\n|turn|2\n|\n|t:|1700923114\n|move|p2a: Croc|Torch Song|p1a: Umbreon\n|-damage|p1a: Umbreon|85\/100\n|-boost|p2a: Croc|spa|1\n|move|p1a: Umbreon|Thunder Wave|p2a: Croc\n|-status|p2a: Croc|par\n|\n|-heal|p1a: Umbreon|91\/100|[from] item: Leftovers\n|-heal|p2a: Croc|90\/100 par|[from] item: Leftovers\n|upkeep\n|turn|3\n|\n|t:|1700923126\n|switch|p1a: Heatran|Heatran, M|100\/100\n|move|p2a: Croc|Torch Song|p1a: Heatran\n|-start|p1a: Heatran|ability: Flash Fire\n|\n|-heal|p2a: Croc|96\/100 par|[from] item: Leftovers\n|upkeep\n|turn|4\n|\n|t:|1700923138\n|switch|p2a: Land Genie|Landorus-Therian, M|100\/100\n|-ability|p2a: Land Genie|Intimidate|boost\n|-unboost|p1a: Heatran|atk|1\n|move|p1a: Heatran|Power Gem|p2a: Land Genie\n|-damage|p2a: Land Genie|68\/100\n|\n|upkeep\n|turn|5\n|\n|t:|1700923148\n|move|p2a: Land Genie|Earthquake|p1a: Heatran\n|-supereffective|p1a: Heatran\n|-damage|p1a: Heatran|0 fnt\n|faint|p1a: Heatran\n|\n|upkeep\n|\n|t:|1700923154\n|switch|p1a: Umbreon|Umbreon, F, shiny|91\/100\n|turn|6\n|\n|t:|1700923165\n|move|p2a: Land Genie|Earthquake|p1a: Umbreon\n|-damage|p1a: Umbreon|52\/100\n|move|p1a: Umbreon|Foul Play|p2a: Land Genie\n|-damage|p2a: Land Genie|15\/100\n|\n|-heal|p1a: Umbreon|58\/100|[from] item: Leftovers\n|upkeep\n|turn|7\n|\n|t:|1700923176\n|move|p2a: Land Genie|Earthquake|p1a: Umbreon\n|-damage|p1a: Umbreon|19\/100\n|move|p1a: Umbreon|Foul Play|p2a: Land Genie\n|-damage|p2a: Land Genie|0 fnt\n|faint|p2a: Land Genie\n|\n|-heal|p1a: Umbreon|25\/100|[from] item: Leftovers\n|upkeep\n|\n|t:|1700923187\n|switch|p2a: Jack the Ripper|Gallade, M, shiny|100\/100\n|turn|8\n|\n|t:|1700923192\n|move|p2a: Jack the Ripper|Sacred Sword|p1a: Umbreon\n|-supereffective|p1a: Umbreon\n|-damage|p1a: Umbreon|0 fnt\n|faint|p1a: Umbreon\n|\n|upkeep\n|\n|t:|1700923198\n|switch|p1a: Scizor|Scizor, M|100\/100\n|turn|9\n|\n|t:|1700923203\n|switch|p2a: Croc|Skeledirge, F|96\/100 par\n|move|p1a: Scizor|U-turn|p2a: Croc\n|-resisted|p2a: Croc\n|-damage|p2a: Croc|91\/100 par\n|\n|t:|1700923209\n|switch|p1a: Lycanroc|Lycanroc-Dusk, M|100\/100|[from] U-turn\n|\n|-heal|p2a: Croc|97\/100 par|[from] item: Leftovers\n|upkeep\n|turn|10\n|\n|t:|1700923217\n|move|p1a: Lycanroc|Stone Edge|p2a: Croc\n|-supereffective|p2a: Croc\n|-damage|p2a: Croc|5\/100 par\n|move|p2a: Croc|Will-O-Wisp|p1a: Lycanroc\n|-status|p1a: Lycanroc|brn\n|\n|-heal|p2a: Croc|11\/100 par|[from] item: Leftovers\n|-damage|p1a: Lycanroc|94\/100 brn|[from] brn\n|upkeep\n|turn|11\n|\n|t:|1700923228\n|move|p1a: Lycanroc|Stone Edge|p2a: Croc|[miss]\n|-miss|p1a: Lycanroc|p2a: Croc\n|cant|p2a: Croc|par\n|\n|-heal|p2a: Croc|17\/100 par|[from] item: Leftovers\n|-damage|p1a: Lycanroc|88\/100 brn|[from] brn\n|upkeep\n|turn|12\n|\n|t:|1700923237\n|move|p1a: Lycanroc|Stone Edge|p2a: Croc\n|-supereffective|p2a: Croc\n|-crit|p2a: Croc\n|-damage|p2a: Croc|0 fnt\n|faint|p2a: Croc\n|\n|-damage|p1a: Lycanroc|82\/100 brn|[from] brn\n|upkeep\n|\n|t:|1700923239\n|switch|p2a: Friendship|Greninja, M|100\/100\n|turn|13\n|\n|t:|1700923252\n|switch|p1a: Gastrodon|Gastrodon-East, F|100\/100\n|move|p2a: Friendship|Surf|p1a: Gastrodon\n|-ability|p1a: Gastrodon|Storm Drain|boost\n|-boost|p1a: Gastrodon|spa|1\n|\n|upkeep\n|turn|14\n|\n|t:|1700923261\n|switch|p2a: Jack the Ripper|Gallade, M, shiny|100\/100\n|move|p1a: Gastrodon|Ice Beam|p2a: Jack the Ripper\n|-damage|p2a: Jack the Ripper|66\/100\n|\n|upkeep\n|turn|15\n|\n|t:|1700923270\n|-terastallize|p1a: Gastrodon|Water\n|move|p2a: Jack the Ripper|Leaf Blade|p1a: Gastrodon\n|-supereffective|p1a: Gastrodon\n|-damage|p1a: Gastrodon|0 fnt\n|faint|p1a: Gastrodon\n|\n|upkeep\n|\n|t:|1700923278\n|switch|p1a: Scizor|Scizor, M|100\/100\n|turn|16\n|\n|t:|1700923286\n|switch|p2a: Friendship|Greninja, M|100\/100\n|move|p1a: Scizor|U-turn|p2a: Friendship\n|-supereffective|p2a: Friendship\n|-enditem|p2a: Friendship|Focus Sash\n|-damage|p2a: Friendship|1\/100\n|\n|t:|1700923294\n|switch|p1a: Lycanroc|Lycanroc-Dusk, M|82\/100 brn|[from] U-turn\n|\n|-damage|p1a: Lycanroc|76\/100 brn|[from] brn\n|upkeep\n|turn|17\n|\n|t:|1700923302\n|move|p1a: Lycanroc|Accelerock|p2a: Friendship\n|-damage|p2a: Friendship|0 fnt\n|faint|p2a: Friendship\n|\n|-damage|p1a: Lycanroc|70\/100 brn|[from] brn\n|upkeep\n|\n|t:|1700923310\n|switch|p2a: Why dragon?|Dragapult, M, shiny|100\/100\n|turn|18\n|\n|t:|1700923319\n|move|p1a: Lycanroc|Accelerock|p2a: Why dragon?\n|-crit|p2a: Why dragon?\n|-damage|p2a: Why dragon?|63\/100\n|-start|p1a: Lycanroc|Disable|Accelerock|[from] ability: Cursed Body|[of] p2a: Why dragon?\n|move|p2a: Why dragon?|Dragon Dance|p2a: Why dragon?\n|-boost|p2a: Why dragon?|atk|1\n|-boost|p2a: Why dragon?|spe|1\n|\n|-damage|p1a: Lycanroc|63\/100 brn|[from] brn\n|upkeep\n|turn|19\n|\n|t:|1700923335\n|switch|p1a: Iron Valiant|Iron Valiant|100\/100\n|move|p2a: Why dragon?|Dragon Dance|p2a: Why dragon?\n|-boost|p2a: Why dragon?|atk|1\n|-boost|p2a: Why dragon?|spe|1\n|\n|upkeep\n|turn|20\n|\n|t:|1700923353\n|-end|p1a: Iron Valiant|Quark Drive|[silent]\n|switch|p1a: Lycanroc|Lycanroc-Dusk, M|63\/100 brn\n|move|p2a: Why dragon?|Psychic Fangs|p1a: Lycanroc\n|-damage|p1a: Lycanroc|0 fnt\n|faint|p1a: Lycanroc\n|-damage|p2a: Why dragon?|53\/100|[from] item: Life Orb\n|\n|upkeep\n|\n|t:|1700923362\n|switch|p1a: Iron Valiant|Iron Valiant|100\/100\n|turn|21\n|\n|t:|1700923369\n|move|p2a: Why dragon?|Psychic Fangs|p1a: Iron Valiant\n|-supereffective|p1a: Iron Valiant\n|-enditem|p1a: Iron Valiant|Focus Sash\n|-damage|p1a: Iron Valiant|1\/100\n|-damage|p2a: Why dragon?|43\/100|[from] item: Life Orb\n|move|p1a: Iron Valiant|Moonblast|p2a: Why dragon?\n|-supereffective|p2a: Why dragon?\n|-damage|p2a: Why dragon?|0 fnt\n|faint|p2a: Why dragon?\n|\n|upkeep\n|\n|t:|1700923377\n|switch|p2a: Jack the Ripper|Gallade, M, shiny|66\/100\n|turn|22\n|\n|t:|1700923385\n|move|p1a: Iron Valiant|Moonblast|p2a: Jack the Ripper\n|-supereffective|p2a: Jack the Ripper\n|-damage|p2a: Jack the Ripper|0 fnt\n|faint|p2a: Jack the Ripper\n|\n|upkeep\n|\n|t:|1700923387\n|switch|p2a: Overlord|Kingambit, M|100\/100\n|-activate|p2a: Overlord|ability: Supreme Overlord\n|-start|p2a: Overlord|fallen5|[silent]\n|turn|23\n|\n|t:|1700923399\n|-terastallize|p2a: Overlord|Flying\n|move|p1a: Iron Valiant|Aura Sphere|p2a: Overlord\n|-resisted|p2a: Overlord\n|-damage|p2a: Overlord|91\/100\n|move|p2a: Overlord|Iron Head|p1a: Iron Valiant\n|-supereffective|p1a: Iron Valiant\n|-damage|p1a: Iron Valiant|0 fnt\n|faint|p1a: Iron Valiant\n|-end|p1a: Iron Valiant|Quark Drive|[silent]\n|\n|upkeep\n|\n|t:|1700923411\n|switch|p1a: Scizor|Scizor, M|100\/100\n|turn|24\n|\n|t:|1700923419\n|move|p1a: Scizor|Swords Dance|p1a: Scizor\n|-boost|p1a: Scizor|atk|2\n|move|p2a: Overlord|Tera Blast|p1a: Scizor|[anim] Tera Blast Flying\n|-damage|p1a: Scizor|31\/100\n|\n|-heal|p1a: Scizor|37\/100|[from] item: Leftovers\n|upkeep\n|turn|25\n|\n|t:|1700923440\n|move|p1a: Scizor|Bullet Punch|p2a: Overlord\n|-damage|p2a: Overlord|47\/100\n|move|p2a: Overlord|Sucker Punch||[still]\n|-fail|p2a: Overlord\n|\n|-heal|p1a: Scizor|43\/100|[from] item: Leftovers\n|upkeep\n|turn|26\n|\n|t:|1700923452\n|move|p1a: Scizor|Bullet Punch|p2a: Overlord\n|-damage|p2a: Overlord|2\/100\n|move|p2a: Overlord|Tera Blast|p1a: Scizor|[anim] Tera Blast Flying\n|-damage|p1a: Scizor|0 fnt\n|faint|p1a: Scizor\n|\n|win|MinkLoad\n|l|\u2606MinkLoad\n","uploadtime":1700923478,"views":1,"p1id":"nikhil6607","p2id":"minkload","formatid":"gen9ou","rating":0,"private":0,"password":""}