{"id":"gen9ou-1989681594","p1":"JUSTAG232","p2":"MayZzay","format":"[Gen 9] OU","log":"|j|\u2606JUSTAG232\n|j|\u2606MayZzay\n|t:|1699886367\n|gametype|singles\n|player|p1|JUSTAG232|pokemonranger|1271\n|player|p2|MayZzay|hugh|1291\n|teamsize|p1|6\n|teamsize|p2|6\n|gen|9\n|tier|[Gen 9] OU\n|rated|\n|rule|Sleep Clause Mod: Limit one foe put to sleep\n|rule|Species Clause: Limit one of each Pok\u00e9mon\n|rule|OHKO Clause: OHKO moves are banned\n|rule|Evasion Items Clause: Evasion items are banned\n|rule|Evasion Moves Clause: Evasion moves are banned\n|rule|Endless Battle Clause: Forcing endless battles is banned\n|rule|HP Percentage Mod: HP is shown in percentages\n|clearpoke\n|poke|p1|Alomomola, F|\n|poke|p1|Slowking-Galar, F|\n|poke|p1|Kingambit, F|\n|poke|p1|Great Tusk|\n|poke|p1|Cinderace, F|\n|poke|p1|Thundurus-Therian, M|\n|poke|p2|Sneasler, F|\n|poke|p2|Samurott-Hisui, M|\n|poke|p2|Corviknight, F|\n|poke|p2|Ting-Lu|\n|poke|p2|Dragapult, M|\n|poke|p2|Kingambit, M|\n|teampreview\n|inactive|Battle timer is ON: inactive players will automatically lose when time's up. (requested by JUSTAG232)\n|\n|t:|1699886387\n|start\n|switch|p1a: Thundurus|Thundurus-Therian, M|100\/100\n|switch|p2a: Fanny|Sneasler, F|100\/100\n|turn|1\n|\n|t:|1699886411\n|move|p2a: Fanny|U-turn|p1a: Thundurus\n|-resisted|p1a: Thundurus\n|-damage|p1a: Thundurus|81\/100\n|-status|p1a: Thundurus|psn|[from] ability: Poison Touch|[of] p2a: Fanny\n|\n|t:|1699886441\n|switch|p2a: Corrine|Corviknight, F|100\/100|[from] U-turn\n|-ability|p2a: Corrine|Pressure\n|move|p1a: Thundurus|Volt Switch|p2a: Corrine\n|-supereffective|p2a: Corrine\n|-damage|p2a: Corrine|0 fnt\n|faint|p2a: Corrine\n|\n|t:|1699886451\n|switch|p1a: Alomomola|Alomomola, F|100\/100|[from] Volt Switch\n|\n|upkeep\n|\n|t:|1699886458\n|switch|p2a: Gludin|Ting-Lu|100\/100\n|-ability|p2a: Gludin|Vessel of Ruin\n|turn|2\n|\n|t:|1699886467\n|move|p2a: Gludin|Stealth Rock|p1a: Alomomola\n|-sidestart|p1: JUSTAG232|move: Stealth Rock\n|move|p1a: Alomomola|Flip Turn|p2a: Gludin\n|-supereffective|p2a: Gludin\n|-damage|p2a: Gludin|83\/100\n|\n|t:|1699886472\n|switch|p1a: Great Tusk|Great Tusk|100\/100|[from] Flip Turn\n|-damage|p1a: Great Tusk|98\/100|[from] Stealth Rock\n|\n|-heal|p2a: Gludin|89\/100|[from] item: Leftovers\n|upkeep\n|turn|3\n|\n|t:|1699886482\n|move|p1a: Great Tusk|Stealth Rock|p2a: Gludin\n|-sidestart|p2: MayZzay|move: Stealth Rock\n|move|p2a: Gludin|Ruination|p1a: Great Tusk\n|-damage|p1a: Great Tusk|49\/100\n|\n|-heal|p2a: Gludin|95\/100|[from] item: Leftovers\n|upkeep\n|turn|4\n|\n|t:|1699886488\n|move|p1a: Great Tusk|Rapid Spin|p2a: Gludin\n|-damage|p2a: Gludin|85\/100\n|-boost|p1a: Great Tusk|spe|1\n|-sideend|p1: JUSTAG232|Stealth Rock|[from] move: Rapid Spin|[of] p1a: Great Tusk\n|move|p2a: Gludin|Whirlwind|p1a: Great Tusk\n|-end|p1a: Great Tusk|Protosynthesis|[silent]\n|drag|p1a: Alomomola|Alomomola, F|100\/100\n|\n|-heal|p2a: Gludin|92\/100|[from] item: Leftovers\n|upkeep\n|turn|5\n|\n|t:|1699886496\n|move|p2a: Gludin|Stealth Rock|p1a: Alomomola\n|-sidestart|p1: JUSTAG232|move: Stealth Rock\n|move|p1a: Alomomola|Wish|p1a: Alomomola\n|\n|-heal|p2a: Gludin|98\/100|[from] item: Leftovers\n|upkeep\n|turn|6\n|\n|t:|1699886503\n|move|p1a: Alomomola|Flip Turn|p2a: Gludin\n|-supereffective|p2a: Gludin\n|-damage|p2a: Gludin|80\/100\n|\n|t:|1699886507\n|switch|p1a: Great Tusk|Great Tusk|49\/100|[from] Flip Turn\n|-damage|p1a: Great Tusk|46\/100|[from] Stealth Rock\n|move|p2a: Gludin|Whirlwind|p1a: Great Tusk\n|-end|p1a: Great Tusk|Protosynthesis|[silent]\n|drag|p1a: Alomomola|Alomomola, F|100\/100\n|-damage|p1a: Alomomola|88\/100|[from] Stealth Rock\n|\n|-heal|p1a: Alomomola|100\/100|[from] move: Wish|[wisher] Alomomola\n|-heal|p2a: Gludin|86\/100|[from] item: Leftovers\n|upkeep\n|turn|7\n|\n|t:|1699886518\n|move|p2a: Gludin|Stealth Rock||[still]\n|-fail|p2a: Gludin\n|move|p1a: Alomomola|Scald|p2a: Gludin\n|-supereffective|p2a: Gludin\n|-damage|p2a: Gludin|74\/100\n|\n|-heal|p2a: Gludin|81\/100|[from] item: Leftovers\n|upkeep\n|turn|8\n|\n|t:|1699886525\n|move|p2a: Gludin|Ruination|p1a: Alomomola\n|-damage|p1a: Alomomola|51\/100\n|-enditem|p1a: Alomomola|Red Card|[of] p2a: Gludin\n|drag|p2a: Arthur|Kingambit, M|100\/100\n|-damage|p2a: Arthur|94\/100|[from] Stealth Rock\n|-activate|p2a: Arthur|ability: Supreme Overlord\n|-start|p2a: Arthur|fallen1|[silent]\n|move|p1a: Alomomola|Wish|p1a: Alomomola\n|\n|upkeep\n|turn|9\n|\n|t:|1699886534\n|move|p2a: Arthur|Kowtow Cleave|p1a: Alomomola\n|-damage|p1a: Alomomola|19\/100\n|move|p1a: Alomomola|Flip Turn|p2a: Arthur\n|-damage|p2a: Arthur|81\/100\n|\n|t:|1699886541\n|switch|p1a: Great Tusk|Great Tusk|46\/100|[from] Flip Turn\n|-damage|p1a: Great Tusk|43\/100|[from] Stealth Rock\n|\n|-heal|p1a: Great Tusk|100\/100|[from] move: Wish|[wisher] Alomomola\n|upkeep\n|turn|10\n|\n|t:|1699886550\n|-end|p2a: Arthur|fallen1|[silent]\n|switch|p2a: Victorien|Dragapult, M|100\/100\n|move|p1a: Great Tusk|Rapid Spin|p2a: Victorien\n|-immune|p2a: Victorien\n|\n|upkeep\n|turn|11\n|\n|t:|1699886556\n|move|p2a: Victorien|Will-O-Wisp|p1a: Great Tusk\n|-status|p1a: Great Tusk|brn\n|move|p1a: Great Tusk|Ice Spinner|p2a: Victorien\n|-supereffective|p2a: Victorien\n|-crit|p2a: Victorien\n|-damage|p2a: Victorien|38\/100\n|\n|-damage|p1a: Great Tusk|94\/100 brn|[from] brn\n|upkeep\n|turn|12\n|inactive|JUSTAG232 has 120 seconds left.\n|\n|t:|1699886587\n|-end|p1a: Great Tusk|Protosynthesis|[silent]\n|switch|p1a: Kingambit|Kingambit, F|100\/100\n|-damage|p1a: Kingambit|94\/100|[from] Stealth Rock\n|move|p2a: Victorien|Hex|p1a: Kingambit\n|-resisted|p1a: Kingambit\n|-damage|p1a: Kingambit|79\/100\n|\n|-heal|p1a: Kingambit|86\/100|[from] item: Leftovers\n|upkeep\n|turn|13\n|inactive|JUSTAG232 has 120 seconds left.\n|\n|t:|1699886598\n|-end|p1a: Kingambit|fallenundefined|[silent]\n|switch|p1a: Great Tusk|Great Tusk|94\/100 brn\n|-damage|p1a: Great Tusk|91\/100 brn|[from] Stealth Rock\n|move|p2a: Victorien|Will-O-Wisp|p1a: Great Tusk\n|-fail|p1a: Great Tusk|brn\n|\n|-damage|p1a: Great Tusk|85\/100 brn|[from] brn\n|upkeep\n|turn|14\n|\n|t:|1699886606\n|move|p2a: Victorien|Hex|p1a: Great Tusk\n|-damage|p1a: Great Tusk|0 fnt\n|faint|p1a: Great Tusk\n|-end|p1a: Great Tusk|Protosynthesis|[silent]\n|\n|upkeep\n|\n|t:|1699886614\n|switch|p1a: Slowking|Slowking-Galar, F|100\/100\n|turn|15\n|\n|t:|1699886630\n|move|p2a: Victorien|Will-O-Wisp|p1a: Slowking\n|-status|p1a: Slowking|brn\n|move|p1a: Slowking|Ice Beam|p2a: Victorien\n|-supereffective|p2a: Victorien\n|-damage|p2a: Victorien|0 fnt\n|faint|p2a: Victorien\n|\n|-damage|p1a: Slowking|94\/100 brn|[from] brn\n|upkeep\n|\n|t:|1699886640\n|switch|p2a: Clarence|Samurott-Hisui, M|100\/100\n|-damage|p2a: Clarence|88\/100|[from] Stealth Rock\n|turn|16\n|\n|t:|1699886650\n|move|p2a: Clarence|Ceaseless Edge|p1a: Slowking\n|-supereffective|p1a: Slowking\n|-damage|p1a: Slowking|0 fnt\n|-sidestart|p1: JUSTAG232|Spikes\n|faint|p1a: Slowking\n|\n|upkeep\n|\n|t:|1699886654\n|switch|p1a: Thundurus|Thundurus-Therian, M|81\/100 psn\n|-damage|p1a: Thundurus|56\/100 psn|[from] Stealth Rock\n|turn|17\n|\n|t:|1699886661\n|move|p1a: Thundurus|Grass Knot|p2a: Clarence\n|-supereffective|p2a: Clarence\n|-damage|p2a: Clarence|0 fnt\n|faint|p2a: Clarence\n|\n|-damage|p1a: Thundurus|44\/100 psn|[from] psn\n|upkeep\n|\n|t:|1699886672\n|switch|p2a: Gludin|Ting-Lu|81\/100\n|-damage|p2a: Gludin|74\/100|[from] Stealth Rock\n|-ability|p2a: Gludin|Vessel of Ruin\n|turn|18\n|\n|t:|1699886678\n|move|p1a: Thundurus|Grass Knot|p2a: Gludin\n|-supereffective|p2a: Gludin\n|-damage|p2a: Gludin|20\/100\n|move|p2a: Gludin|Ruination|p1a: Thundurus|[miss]\n|-miss|p2a: Gludin|p1a: Thundurus\n|\n|-heal|p2a: Gludin|27\/100|[from] item: Leftovers\n|-damage|p1a: Thundurus|31\/100 psn|[from] psn\n|upkeep\n|turn|19\n|\n|t:|1699886691\n|-terastallize|p2a: Gludin|Poison\n|move|p1a: Thundurus|Grass Knot|p2a: Gludin\n|-resisted|p2a: Gludin\n|-damage|p2a: Gludin|12\/100\n|move|p2a: Gludin|Whirlwind|p1a: Thundurus\n|drag|p1a: Cinderace|Cinderace, F|100\/100\n|\n|-heal|p2a: Gludin|19\/100|[from] item: Leftovers\n|upkeep\n|turn|20\n|\n|t:|1699886701\n|move|p1a: Cinderace|Pyro Ball|p2a: Gludin\n|-damage|p2a: Gludin|0 fnt\n|faint|p2a: Gludin\n|\n|upkeep\n|\n|t:|1699886707\n|switch|p2a: Arthur|Kingambit, M|81\/100\n|-damage|p2a: Arthur|75\/100|[from] Stealth Rock\n|-activate|p2a: Arthur|ability: Supreme Overlord\n|-start|p2a: Arthur|fallen4|[silent]\n|turn|21\n|\n|t:|1699886716\n|move|p1a: Cinderace|Court Change|p1a: Cinderace\n|-start|p1a: Cinderace|typechange|Normal|[from] ability: Libero\n|-swapsideconditions\n|-activate|p1a: Cinderace|move: Court Change\n|move|p2a: Arthur|Kowtow Cleave|p1a: Cinderace\n|-damage|p1a: Cinderace|5\/100\n|\n|upkeep\n|turn|22\n|\n|t:|1699886723\n|move|p2a: Arthur|Sucker Punch||[still]\n|-fail|p2a: Arthur\n|move|p1a: Cinderace|Will-O-Wisp|p2a: Arthur\n|-status|p2a: Arthur|brn\n|\n|-damage|p2a: Arthur|69\/100 brn|[from] brn\n|upkeep\n|turn|23\n|\n|t:|1699886730\n|move|p2a: Arthur|Sucker Punch|p1a: Cinderace\n|-damage|p1a: Cinderace|0 fnt\n|faint|p1a: Cinderace\n|\n|-damage|p2a: Arthur|62\/100 brn|[from] brn\n|upkeep\n|inactive|JUSTAG232 has 120 seconds left.\n|\n|t:|1699886761\n|switch|p1a: Alomomola|Alomomola, F|52\/100\n|-damage|p1a: Alomomola|40\/100|[from] Stealth Rock\n|turn|24\n|inactive|MayZzay has 120 seconds left.\n|\n|t:|1699886821\n|move|p2a: Arthur|Kowtow Cleave|p1a: Alomomola\n|-damage|p1a: Alomomola|19\/100\n|move|p1a: Alomomola|Wish|p1a: Alomomola\n|\n|-damage|p2a: Arthur|56\/100 brn|[from] brn\n|upkeep\n|turn|25\n|\n|t:|1699886834\n|switch|p1a: Kingambit|Kingambit, F|86\/100\n|-damage|p1a: Kingambit|79\/100|[from] Stealth Rock\n|-activate|p1a: Kingambit|ability: Supreme Overlord\n|-start|p1a: Kingambit|fallen3|[silent]\n|move|p2a: Arthur|Kowtow Cleave|p1a: Kingambit\n|-resisted|p1a: Kingambit\n|-damage|p1a: Kingambit|66\/100\n|\n|-heal|p1a: Kingambit|100\/100|[from] move: Wish|[wisher] Alomomola\n|-damage|p2a: Arthur|50\/100 brn|[from] brn\n|upkeep\n|turn|26\n|\n|t:|1699886846\n|move|p2a: Arthur|Brick Break|p1a: Kingambit\n|-supereffective|p1a: Kingambit\n|-damage|p1a: Kingambit|35\/100\n|move|p1a: Kingambit|Swords Dance|p1a: Kingambit\n|-boost|p1a: Kingambit|atk|2\n|\n|-heal|p1a: Kingambit|41\/100|[from] item: Leftovers\n|-damage|p2a: Arthur|44\/100 brn|[from] brn\n|upkeep\n|turn|27\n|\n|t:|1699886854\n|move|p1a: Kingambit|Sucker Punch|p2a: Arthur\n|-resisted|p2a: Arthur\n|-damage|p2a: Arthur|3\/100 brn\n|move|p2a: Arthur|Brick Break|p1a: Kingambit\n|-supereffective|p1a: Kingambit\n|-damage|p1a: Kingambit|0 fnt\n|faint|p1a: Kingambit\n|-end|p1a: Kingambit|fallen3|[silent]\n|\n|-damage|p2a: Arthur|0 fnt|[from] brn\n|faint|p2a: Arthur\n|-end|p2a: Arthur|fallen4|[silent]\n|upkeep\n|\n|t:|1699886863\n|switch|p2a: Fanny|Sneasler, F|100\/100\n|switch|p1a: Alomomola|Alomomola, F|52\/100\n|-damage|p2a: Fanny|95\/100|[from] Stealth Rock\n|-damage|p2a: Fanny|82\/100|[from] Spikes\n|-damage|p1a: Alomomola|40\/100|[from] Stealth Rock\n|turn|28\n|\n|t:|1699886874\n|-terastallize|p1a: Alomomola|Flying\n|move|p2a: Fanny|Dire Claw|p1a: Alomomola\n|-damage|p1a: Alomomola|17\/100\n|-status|p1a: Alomomola|psn|[from] ability: Poison Touch|[of] p2a: Fanny\n|move|p1a: Alomomola|Acrobatics|p2a: Fanny\n|-supereffective|p2a: Fanny\n|-damage|p2a: Fanny|0 fnt\n|faint|p2a: Fanny\n|\n|win|JUSTAG232\n|raw|JUSTAG232's rating: 1271 &rarr; <strong>1297<\/strong><br \/>(+26 for winning)\n|raw|MayZzay's rating: 1291 &rarr; <strong>1265<\/strong><br \/>(-26 for losing)\n","uploadtime":1699886881,"views":11,"p1id":"justag232","p2id":"mayzzay","formatid":"gen9ou","rating":1265,"private":0,"password":""}