{"id":"gen9ou-1996195384","p1":"liaoya","p2":"jeanmilapipe","format":"[Gen 9] OU","log":"|j|\u2606liaoya\n|j|\u2606jeanmilapipe\n|t:|1700657739\n|gametype|singles\n|player|p1|liaoya|petrel|1590\n|player|p2|jeanmilapipe|n|1820\n|teamsize|p1|6\n|teamsize|p2|6\n|gen|9\n|tier|[Gen 9] OU\n|rated|\n|rule|Sleep Clause Mod: Limit one foe put to sleep\n|rule|Species Clause: Limit one of each Pok\u00e9mon\n|rule|OHKO Clause: OHKO moves are banned\n|rule|Evasion Items Clause: Evasion items are banned\n|rule|Evasion Moves Clause: Evasion moves are banned\n|rule|Endless Battle Clause: Forcing endless battles is banned\n|rule|HP Percentage Mod: HP is shown in percentages\n|clearpoke\n|poke|p1|Drifblim, M|\n|poke|p1|Garganacl, M|\n|poke|p1|Umbreon, M|\n|poke|p1|Rotom-Wash|\n|poke|p1|Glimmora, F|\n|poke|p1|Espeon, F|\n|poke|p2|Ceruledge, M|\n|poke|p2|Samurott-Hisui, F|\n|poke|p2|Dragonite, M|\n|poke|p2|Toxtricity, M|\n|poke|p2|Corviknight, M|\n|poke|p2|Cinderace, M|\n|teampreview\n|inactive|Battle timer is ON: inactive players will automatically lose when time's up. (requested by liaoya)\n|j| PKMNTrainerJacob\n|\n|t:|1700657760\n|start\n|switch|p1a: Rotom|Rotom-Wash|100\/100\n|switch|p2a: Toxtricity|Toxtricity, M|100\/100\n|turn|1\n|\n|t:|1700657767\n|move|p1a: Rotom|Trick|p2a: Toxtricity\n|-activate|p1a: Rotom|move: Trick|[of] p2a: Toxtricity\n|-item|p2a: Toxtricity|Choice Scarf|[from] move: Trick\n|-item|p1a: Rotom|Silk Scarf|[from] move: Trick\n|move|p2a: Toxtricity|Boomburst|p1a: Rotom\n|-crit|p1a: Rotom\n|-damage|p1a: Rotom|0 fnt\n|faint|p1a: Rotom\n|\n|upkeep\n|\n|t:|1700657775\n|switch|p1a: Garganacl|Garganacl, M, shiny|100\/100\n|turn|2\n|\n|t:|1700657781\n|switch|p2a: Cinderace|Cinderace, M|100\/100\n|-terastallize|p1a: Garganacl|Ghost\n|move|p1a: Garganacl|Iron Defense|p1a: Garganacl\n|-boost|p1a: Garganacl|def|2\n|\n|upkeep\n|turn|3\n|\n|t:|1700657793\n|move|p2a: Cinderace|U-turn|p1a: Garganacl\n|-resisted|p1a: Garganacl\n|-damage|p1a: Garganacl|97\/100\n|\n|t:|1700657797\n|switch|p2a: Samurott|Samurott-Hisui, F|100\/100|[from] U-turn\n|move|p1a: Garganacl|Salt Cure|p2a: Samurott\n|-damage|p2a: Samurott|84\/100\n|-start|p2a: Samurott|Salt Cure\n|\n|-heal|p1a: Garganacl|100\/100|[from] item: Leftovers\n|-damage|p2a: Samurott|59\/100|[from] Salt Cure\n|upkeep\n|turn|4\n|j| dlc so insane\n|\n|t:|1700657808\n|move|p2a: Samurott|Swords Dance|p2a: Samurott\n|-boost|p2a: Samurott|atk|2\n|move|p1a: Garganacl|Body Press|p2a: Samurott\n|-supereffective|p2a: Samurott\n|-damage|p2a: Samurott|0 fnt\n|faint|p2a: Samurott\n|\n|upkeep\n|\n|t:|1700657817\n|switch|p2a: Toxtricity|Toxtricity, M|100\/100\n|turn|5\n|\n|t:|1700657823\n|move|p2a: Toxtricity|Overdrive|p1a: Garganacl\n|-damage|p1a: Garganacl|63\/100\n|move|p1a: Garganacl|Salt Cure|p2a: Toxtricity\n|-damage|p2a: Toxtricity|77\/100\n|-start|p2a: Toxtricity|Salt Cure\n|\n|-heal|p1a: Garganacl|69\/100|[from] item: Leftovers\n|-damage|p2a: Toxtricity|64\/100|[from] Salt Cure\n|upkeep\n|turn|6\n|-message|jeanmilapipe forfeited.\n|\n|win|liaoya\n|raw|liaoya's rating: 1590 &rarr; <strong>1622<\/strong><br \/>(+32 for winning)\n|raw|jeanmilapipe's rating: 1820 &rarr; <strong>1788<\/strong><br \/>(-32 for losing)\n|l|\u2606jeanmilapipe\n","uploadtime":1700657832,"views":1,"p1id":"liaoya","p2id":"jeanmilapipe","formatid":"gen9ou","rating":1622,"private":0,"password":""}