{"id":"gen9ou-1996282448","p1":"gholdengo=rat","p2":"Tony93420","format":"[Gen 9] OU","log":"|j|\u2606gholdengo=rat\n|j|\u2606Tony93420\n|t:|1700667240\n|gametype|singles\n|player|p1|gholdengo=rat|riley|1184\n|player|p2|Tony93420|hugh|1079\n|teamsize|p1|6\n|teamsize|p2|6\n|gen|9\n|tier|[Gen 9] OU\n|rated|\n|rule|Sleep Clause Mod: Limit one foe put to sleep\n|rule|Species Clause: Limit one of each Pok\u00e9mon\n|rule|OHKO Clause: OHKO moves are banned\n|rule|Evasion Items Clause: Evasion items are banned\n|rule|Evasion Moves Clause: Evasion moves are banned\n|rule|Endless Battle Clause: Forcing endless battles is banned\n|rule|HP Percentage Mod: HP is shown in percentages\n|clearpoke\n|poke|p1|Moltres-Galar|\n|poke|p1|Kingambit, F|\n|poke|p1|Kommo-o, F|\n|poke|p1|Toxapex, F|\n|poke|p1|Ceruledge, M|\n|poke|p1|Garganacl, F|\n|poke|p2|Dragonite, M|\n|poke|p2|Gyarados, M|\n|poke|p2|Dragapult, F|\n|poke|p2|Gengar, M|\n|poke|p2|Zapdos|\n|poke|p2|Glimmora, F|\n|teampreview\n|inactive|Battle timer is ON: inactive players will automatically lose when time's up. (requested by Tony93420)\n|inactive|Tony93420 has 120 seconds left.\n|\n|t:|1700667291\n|start\n|switch|p1a: Garganacl|Garganacl, F|100\/100\n|switch|p2a: Glimmora|Glimmora, F|100\/100\n|turn|1\n|\n|t:|1700667297\n|move|p2a: Glimmora|Energy Ball|p1a: Garganacl\n|-supereffective|p1a: Garganacl\n|-damage|p1a: Garganacl|60\/100\n|move|p1a: Garganacl|Iron Defense|p1a: Garganacl\n|-boost|p1a: Garganacl|def|2\n|\n|-heal|p1a: Garganacl|67\/100|[from] item: Leftovers\n|upkeep\n|turn|2\n|\n|t:|1700667302\n|move|p2a: Glimmora|Stealth Rock|p1a: Garganacl\n|-sidestart|p1: gholdengo=rat|move: Stealth Rock\n|move|p1a: Garganacl|Recover|p1a: Garganacl\n|-heal|p1a: Garganacl|100\/100\n|\n|upkeep\n|turn|3\n|\n|t:|1700667306\n|move|p2a: Glimmora|Energy Ball|p1a: Garganacl\n|-supereffective|p1a: Garganacl\n|-damage|p1a: Garganacl|59\/100\n|move|p1a: Garganacl|Salt Cure|p2a: Glimmora\n|-damage|p2a: Glimmora|83\/100\n|-start|p2a: Glimmora|Salt Cure\n|-activate|p2a: Glimmora|ability: Toxic Debris\n|-sidestart|p1: gholdengo=rat|move: Toxic Spikes\n|\n|-heal|p1a: Garganacl|66\/100|[from] item: Leftovers\n|-damage|p2a: Glimmora|71\/100|[from] Salt Cure\n|upkeep\n|turn|4\n|\n|t:|1700667311\n|move|p2a: Glimmora|Energy Ball|p1a: Garganacl\n|-supereffective|p1a: Garganacl\n|-damage|p1a: Garganacl|27\/100\n|move|p1a: Garganacl|Recover|p1a: Garganacl\n|-heal|p1a: Garganacl|77\/100\n|\n|-heal|p1a: Garganacl|83\/100|[from] item: Leftovers\n|-damage|p2a: Glimmora|58\/100|[from] Salt Cure\n|upkeep\n|turn|5\n|\n|t:|1700667314\n|move|p2a: Glimmora|Energy Ball|p1a: Garganacl\n|-supereffective|p1a: Garganacl\n|-damage|p1a: Garganacl|39\/100\n|move|p1a: Garganacl|Body Press|p2a: Glimmora\n|-damage|p2a: Glimmora|7\/100\n|-activate|p2a: Glimmora|ability: Toxic Debris\n|-sidestart|p1: gholdengo=rat|move: Toxic Spikes\n|\n|-heal|p1a: Garganacl|45\/100|[from] item: Leftovers\n|-damage|p2a: Glimmora|0 fnt|[from] Salt Cure\n|faint|p2a: Glimmora\n|upkeep\n|\n|t:|1700667317\n|switch|p2a: Gengar|Gengar, M, shiny|100\/100\n|turn|6\n|\n|t:|1700667323\n|move|p2a: Gengar|Energy Ball|p1a: Garganacl\n|-supereffective|p1a: Garganacl\n|-damage|p1a: Garganacl|0 fnt\n|faint|p1a: Garganacl\n|\n|upkeep\n|\n|t:|1700667331\n|switch|p1a: Toxapex|Toxapex, F|100\/100\n|-damage|p1a: Toxapex|88\/100|[from] Stealth Rock\n|-sideend|p1: gholdengo=rat|move: Toxic Spikes|[of] p1a: Toxapex\n|turn|7\n|\n|t:|1700667342\n|switch|p1a: Kingambit|Kingambit, F|100\/100\n|-damage|p1a: Kingambit|94\/100|[from] Stealth Rock\n|-activate|p1a: Kingambit|ability: Supreme Overlord\n|-start|p1a: Kingambit|fallen1|[silent]\n|move|p2a: Gengar|Energy Ball|p1a: Kingambit\n|-resisted|p1a: Kingambit\n|-damage|p1a: Kingambit|79\/100\n|-unboost|p1a: Kingambit|spd|1\n|\n|-heal|p1a: Kingambit|85\/100|[from] item: Leftovers\n|upkeep\n|turn|8\n|\n|t:|1700667350\n|switch|p2a: Gyarados|Gyarados, M, shiny|100\/100\n|-ability|p2a: Gyarados|Intimidate|boost\n|-unboost|p1a: Kingambit|atk|1\n|move|p1a: Kingambit|Kowtow Cleave|p2a: Gyarados\n|-damage|p2a: Gyarados|53\/100\n|\n|-heal|p2a: Gyarados|59\/100|[from] item: Leftovers\n|-heal|p1a: Kingambit|92\/100|[from] item: Leftovers\n|upkeep\n|turn|9\n|\n|t:|1700667358\n|-end|p1a: Kingambit|fallen1|[silent]\n|switch|p1a: Toxapex|Toxapex, F|100\/100\n|-damage|p1a: Toxapex|88\/100|[from] Stealth Rock\n|move|p2a: Gyarados|Earthquake|p1a: Toxapex\n|-supereffective|p1a: Toxapex\n|-damage|p1a: Toxapex|45\/100\n|\n|-heal|p2a: Gyarados|65\/100|[from] item: Leftovers\n|-heal|p1a: Toxapex|51\/100|[from] item: Black Sludge\n|upkeep\n|turn|10\n|\n|t:|1700667364\n|move|p2a: Gyarados|Earthquake|p1a: Toxapex\n|-supereffective|p1a: Toxapex\n|-damage|p1a: Toxapex|11\/100\n|move|p1a: Toxapex|Toxic|p2a: Gyarados\n|-status|p2a: Gyarados|tox\n|\n|-heal|p2a: Gyarados|71\/100 tox|[from] item: Leftovers\n|-heal|p1a: Toxapex|17\/100|[from] item: Black Sludge\n|-damage|p2a: Gyarados|65\/100 tox|[from] psn\n|upkeep\n|turn|11\n|\n|t:|1700667369\n|move|p1a: Toxapex|Baneful Bunker|p1a: Toxapex\n|-singleturn|p1a: Toxapex|move: Protect\n|move|p2a: Gyarados|Dragon Dance|p2a: Gyarados\n|-boost|p2a: Gyarados|atk|1\n|-boost|p2a: Gyarados|spe|1\n|\n|-heal|p2a: Gyarados|71\/100 tox|[from] item: Leftovers\n|-heal|p1a: Toxapex|23\/100|[from] item: Black Sludge\n|-damage|p2a: Gyarados|59\/100 tox|[from] psn\n|upkeep\n|turn|12\n|\n|t:|1700667379\n|move|p2a: Gyarados|Iron Head|p1a: Toxapex\n|-resisted|p1a: Toxapex\n|-damage|p1a: Toxapex|11\/100\n|move|p1a: Toxapex|Recover|p1a: Toxapex\n|-heal|p1a: Toxapex|61\/100\n|\n|-heal|p2a: Gyarados|65\/100 tox|[from] item: Leftovers\n|-heal|p1a: Toxapex|68\/100|[from] item: Black Sludge\n|-damage|p2a: Gyarados|47\/100 tox|[from] psn\n|upkeep\n|turn|13\n|\n|t:|1700667386\n|move|p1a: Toxapex|Baneful Bunker|p1a: Toxapex\n|-singleturn|p1a: Toxapex|move: Protect\n|move|p2a: Gyarados|Earthquake|p1a: Toxapex\n|-activate|p1a: Toxapex|move: Protect\n|\n|-heal|p2a: Gyarados|53\/100 tox|[from] item: Leftovers\n|-heal|p1a: Toxapex|74\/100|[from] item: Black Sludge\n|-damage|p2a: Gyarados|29\/100 tox|[from] psn\n|upkeep\n|turn|14\n|\n|t:|1700667395\n|move|p1a: Toxapex|Baneful Bunker||[still]\n|-fail|p1a: Toxapex\n|move|p2a: Gyarados|Earthquake|p1a: Toxapex\n|-supereffective|p1a: Toxapex\n|-damage|p1a: Toxapex|11\/100\n|\n|-heal|p2a: Gyarados|35\/100 tox|[from] item: Leftovers\n|-heal|p1a: Toxapex|17\/100|[from] item: Black Sludge\n|-damage|p2a: Gyarados|4\/100 tox|[from] psn\n|upkeep\n|turn|15\n|\n|t:|1700667402\n|move|p1a: Toxapex|Baneful Bunker|p1a: Toxapex\n|-singleturn|p1a: Toxapex|move: Protect\n|move|p2a: Gyarados|Dragon Dance|p2a: Gyarados\n|-boost|p2a: Gyarados|atk|1\n|-boost|p2a: Gyarados|spe|1\n|\n|-heal|p2a: Gyarados|10\/100 tox|[from] item: Leftovers\n|-heal|p1a: Toxapex|23\/100|[from] item: Black Sludge\n|-damage|p2a: Gyarados|0 fnt|[from] psn\n|faint|p2a: Gyarados\n|upkeep\n|\n|t:|1700667405\n|switch|p2a: Zapdos|Zapdos|100\/100\n|turn|16\n|\n|t:|1700667415\n|move|p2a: Zapdos|Thunderbolt|p1a: Toxapex\n|-supereffective|p1a: Toxapex\n|-damage|p1a: Toxapex|0 fnt\n|faint|p1a: Toxapex\n|\n|upkeep\n|\n|t:|1700667427\n|switch|p1a: Ceruledge|Ceruledge, M|100\/100\n|turn|17\n|\n|t:|1700667430\n|move|p1a: Ceruledge|Bitter Blade|p2a: Zapdos\n|-damage|p2a: Zapdos|50\/100\n|-status|p1a: Ceruledge|par|[from] ability: Static|[of] p2a: Zapdos\n|move|p2a: Zapdos|Thunderbolt|p1a: Ceruledge\n|-crit|p1a: Ceruledge\n|-damage|p1a: Ceruledge|17\/100 par\n|\n|-heal|p2a: Zapdos|57\/100|[from] item: Leftovers\n|upkeep\n|turn|18\n|\n|t:|1700667436\n|cant|p1a: Ceruledge|par\n|move|p2a: Zapdos|Roost|p2a: Zapdos\n|-heal|p2a: Zapdos|100\/100\n|-singleturn|p2a: Zapdos|move: Roost\n|\n|upkeep\n|turn|19\n|\n|t:|1700667440\n|cant|p1a: Ceruledge|par\n|move|p2a: Zapdos|Thunderbolt|p1a: Ceruledge\n|-damage|p1a: Ceruledge|0 fnt\n|faint|p1a: Ceruledge\n|\n|upkeep\n|\n|t:|1700667451\n|switch|p1a: Kingambit|Kingambit, F|92\/100\n|-damage|p1a: Kingambit|85\/100|[from] Stealth Rock\n|-activate|p1a: Kingambit|ability: Supreme Overlord\n|-start|p1a: Kingambit|fallen3|[silent]\n|turn|20\n|\n|t:|1700667454\n|move|p2a: Zapdos|Heat Wave|p1a: Kingambit\n|-supereffective|p1a: Kingambit\n|-damage|p1a: Kingambit|23\/100\n|move|p1a: Kingambit|Kowtow Cleave|p2a: Zapdos\n|-damage|p2a: Zapdos|18\/100\n|\n|-heal|p2a: Zapdos|24\/100|[from] item: Leftovers\n|-heal|p1a: Kingambit|29\/100|[from] item: Leftovers\n|upkeep\n|turn|21\n|\n|t:|1700667460\n|move|p1a: Kingambit|Sucker Punch||[still]\n|-fail|p1a: Kingambit\n|move|p2a: Zapdos|Roost|p2a: Zapdos\n|-heal|p2a: Zapdos|74\/100\n|-singleturn|p2a: Zapdos|move: Roost\n|\n|-heal|p2a: Zapdos|80\/100|[from] item: Leftovers\n|-heal|p1a: Kingambit|35\/100|[from] item: Leftovers\n|upkeep\n|turn|22\n|\n|t:|1700667467\n|-end|p1a: Kingambit|fallen3|[silent]\n|switch|p1a: Kommo-o|Kommo-o, F|100\/100\n|-damage|p1a: Kommo-o|94\/100|[from] Stealth Rock\n|move|p2a: Zapdos|Thunderbolt|p1a: Kommo-o\n|-resisted|p1a: Kommo-o\n|-damage|p1a: Kommo-o|70\/100\n|\n|-heal|p2a: Zapdos|87\/100|[from] item: Leftovers\n|upkeep\n|turn|23\n|\n|t:|1700667476\n|move|p1a: Kommo-o|Ice Punch|p2a: Zapdos\n|-supereffective|p2a: Zapdos\n|-damage|p2a: Zapdos|31\/100\n|move|p2a: Zapdos|Thunderbolt|p1a: Kommo-o\n|-resisted|p1a: Kommo-o\n|-damage|p1a: Kommo-o|44\/100\n|\n|-heal|p2a: Zapdos|38\/100|[from] item: Leftovers\n|upkeep\n|turn|24\n|\n|t:|1700667482\n|move|p1a: Kommo-o|Ice Punch|p2a: Zapdos\n|-supereffective|p2a: Zapdos\n|-damage|p2a: Zapdos|0 fnt\n|faint|p2a: Zapdos\n|\n|upkeep\n|\n|t:|1700667485\n|switch|p2a: Dragapult|Dragapult, F, shiny|100\/100\n|turn|25\n|\n|t:|1700667490\n|move|p2a: Dragapult|Dragon Darts|p1a: Kommo-o\n|-supereffective|p1a: Kommo-o\n|-damage|p1a: Kommo-o|4\/100\n|-anim|p2a: Dragapult|Dragon Darts|p1a: Kommo-o\n|-supereffective|p1a: Kommo-o\n|-damage|p1a: Kommo-o|0 fnt\n|faint|p1a: Kommo-o\n|\n|upkeep\n|\n|t:|1700667495\n|switch|p1a: Moltres|Moltres-Galar|100\/100\n|-damage|p1a: Moltres|76\/100|[from] Stealth Rock\n|turn|26\n|\n|t:|1700667501\n|move|p2a: Dragapult|Thunderbolt|p1a: Moltres\n|-supereffective|p1a: Moltres\n|-damage|p1a: Moltres|26\/100\n|-ability|p1a: Moltres|Berserk|boost\n|-boost|p1a: Moltres|spa|1\n|move|p1a: Moltres|Agility|p1a: Moltres\n|-boost|p1a: Moltres|spe|2\n|\n|upkeep\n|turn|27\n|\n|t:|1700667509\n|move|p1a: Moltres|Fiery Wrath|p2a: Dragapult\n|-supereffective|p2a: Dragapult\n|-enditem|p2a: Dragapult|Focus Sash\n|-damage|p2a: Dragapult|1\/100\n|move|p2a: Dragapult|Thunderbolt|p1a: Moltres\n|-supereffective|p1a: Moltres\n|-damage|p1a: Moltres|0 fnt\n|faint|p1a: Moltres\n|\n|upkeep\n|\n|t:|1700667514\n|switch|p1a: Kingambit|Kingambit, F|35\/100\n|-damage|p1a: Kingambit|29\/100|[from] Stealth Rock\n|-activate|p1a: Kingambit|ability: Supreme Overlord\n|-start|p1a: Kingambit|fallen5|[silent]\n|turn|28\n|c|\u2606Tony93420|gg\n|c|\u2606gholdengo=rat|Ofc.....\n|c|\u2606gholdengo=rat|Ofc you gave it sash\n|\n|t:|1700667542\n|move|p1a: Kingambit|Sucker Punch|p2a: Dragapult\n|-supereffective|p2a: Dragapult\n|-damage|p2a: Dragapult|0 fnt\n|faint|p2a: Dragapult\n|\n|-heal|p1a: Kingambit|35\/100|[from] item: Leftovers\n|upkeep\n|\n|t:|1700667545\n|switch|p2a: Dragonite|Dragonite, M|100\/100\n|turn|29\n|\n|t:|1700667551\n|-terastallize|p1a: Kingambit|Flying\n|move|p2a: Dragonite|Earthquake|p1a: Kingambit\n|-immune|p1a: Kingambit\n|move|p1a: Kingambit|Kowtow Cleave|p2a: Dragonite\n|-damage|p2a: Dragonite|62\/100\n|\n|-heal|p2a: Dragonite|68\/100|[from] item: Leftovers\n|-heal|p1a: Kingambit|42\/100|[from] item: Leftovers\n|upkeep\n|turn|30\n|\n|t:|1700667561\n|-terastallize|p2a: Dragonite|Ice\n|move|p2a: Dragonite|Ice Spinner|p1a: Kingambit\n|-supereffective|p1a: Kingambit\n|-damage|p1a: Kingambit|0 fnt\n|faint|p1a: Kingambit\n|-end|p1a: Kingambit|fallen5|[silent]\n|\n|win|Tony93420\n|raw|gholdengo=rat's rating: 1184 &rarr; <strong>1152<\/strong><br \/>(-32 for losing)\n|raw|Tony93420's rating: 1079 &rarr; <strong>1115<\/strong><br \/>(+36 for winning)\n|l|\u2606gholdengo=rat\n","uploadtime":1700667574,"views":0,"p1id":"gholdengorat","p2id":"tony93420","formatid":"gen9ou","rating":1115,"private":0,"password":""}