{"id":"gen9ou-1993881953","p1":"sneets","p2":"Bloom-and-Fruit","format":"[Gen 9] OU","log":"|j|\u2606sneets\n|j|\u2606Bloom-and-Fruit\n|t:|1700369517\n|gametype|singles\n|player|p1|sneets|102|1067\n|player|p2|Bloom-and-Fruit|169|1083\n|teamsize|p1|6\n|teamsize|p2|6\n|gen|9\n|tier|[Gen 9] OU\n|rated|\n|rule|Sleep Clause Mod: Limit one foe put to sleep\n|rule|Species Clause: Limit one of each Pok\u00e9mon\n|rule|OHKO Clause: OHKO moves are banned\n|rule|Evasion Items Clause: Evasion items are banned\n|rule|Evasion Moves Clause: Evasion moves are banned\n|rule|Endless Battle Clause: Forcing endless battles is banned\n|rule|HP Percentage Mod: HP is shown in percentages\n|clearpoke\n|poke|p1|Rillaboom, F|\n|poke|p1|Cinderace, M|\n|poke|p1|Ninetales-Alola, M|\n|poke|p1|Walking Wake|\n|poke|p1|Sneasler, M|\n|poke|p1|Corviknight, M|\n|poke|p2|Spidops, M|\n|poke|p2|Glimmora, F|\n|poke|p2|Skeledirge, F|\n|poke|p2|Pawmot, M|\n|poke|p2|Goodra-Hisui, F|\n|poke|p2|Mamoswine, M|\n|teampreview\n|\n|t:|1700369541\n|start\n|switch|p1a: Ninetales|Ninetales-Alola, M|100\/100\n|switch|p2a: Spidops|Spidops, M|100\/100\n|-weather|Snow|[from] ability: Snow Warning|[of] p1a: Ninetales\n|turn|1\n|\n|t:|1700369581\n|move|p2a: Spidops|Silk Trap|p2a: Spidops\n|-singleturn|p2a: Spidops|Protect\n|move|p1a: Ninetales|Aurora Veil|p1a: Ninetales\n|-sidestart|p1: sneets|move: Aurora Veil\n|\n|-weather|Snow|[upkeep]\n|upkeep\n|turn|2\n|\n|t:|1700369590\n|move|p1a: Ninetales|Encore|p2a: Spidops\n|-start|p2a: Spidops|Encore\n|move|p2a: Spidops|Silk Trap||[still]\n|-fail|p2a: Spidops\n|\n|-weather|Snow|[upkeep]\n|upkeep\n|turn|3\n|\n|t:|1700369609\n|switch|p1a: Rillaboom|Rillaboom, F|100\/100\n|-fieldstart|move: Grassy Terrain|[from] ability: Grassy Surge|[of] p1a: Rillaboom\n|switch|p2a: Mamoswine|Mamoswine, M|100\/100\n|\n|-weather|Snow|[upkeep]\n|upkeep\n|turn|4\n|\n|t:|1700369631\n|move|p2a: Mamoswine|Ice Shard|p1a: Rillaboom\n|-supereffective|p1a: Rillaboom\n|-damage|p1a: Rillaboom|81\/100\n|move|p1a: Rillaboom|Drain Punch|p2a: Mamoswine\n|-supereffective|p2a: Mamoswine\n|-damage|p2a: Mamoswine|55\/100\n|-heal|p1a: Rillaboom|100\/100|[from] drain|[of] p2a: Mamoswine\n|\n|-weather|Snow|[upkeep]\n|-heal|p2a: Mamoswine|61\/100|[from] Grassy Terrain\n|upkeep\n|turn|5\n|\n|t:|1700369648\n|switch|p2a: Skeledirge|Skeledirge, F|100\/100\n|move|p1a: Rillaboom|Knock Off|p2a: Skeledirge\n|-supereffective|p2a: Skeledirge\n|-damage|p2a: Skeledirge|41\/100\n|-enditem|p2a: Skeledirge|Leftovers|[from] move: Knock Off|[of] p1a: Rillaboom\n|\n|-weather|none\n|-heal|p2a: Skeledirge|47\/100|[from] Grassy Terrain\n|upkeep\n|turn|6\n|\n|t:|1700369667\n|switch|p2a: Glimmora|Glimmora, F|100\/100\n|move|p1a: Rillaboom|U-turn|p2a: Glimmora\n|-resisted|p2a: Glimmora\n|-damage|p2a: Glimmora|90\/100\n|-damage|p1a: Rillaboom|84\/100|[from] item: Rocky Helmet|[of] p2a: Glimmora\n|-activate|p2a: Glimmora|ability: Toxic Debris\n|-sidestart|p1: sneets|move: Toxic Spikes\n|\n|t:|1700369671\n|switch|p1a: Sneasler|Sneasler, M|100\/100|[from] U-turn\n|-sideend|p1: sneets|move: Toxic Spikes|[of] p1a: Sneasler\n|-enditem|p1a: Sneasler|Grassy Seed\n|-boost|p1a: Sneasler|def|1|[from] item: Grassy Seed\n|\n|-heal|p2a: Glimmora|96\/100|[from] Grassy Terrain\n|upkeep\n|turn|7\n|\n|t:|1700369684\n|move|p1a: Sneasler|Dire Claw|p2a: Glimmora\n|-resisted|p2a: Glimmora\n|-damage|p2a: Glimmora|87\/100\n|-damage|p1a: Sneasler|84\/100|[from] item: Rocky Helmet|[of] p2a: Glimmora\n|-activate|p2a: Glimmora|ability: Toxic Debris\n|-sidestart|p1: sneets|move: Toxic Spikes\n|move|p2a: Glimmora|Stealth Rock|p1a: Sneasler\n|-sidestart|p1: sneets|move: Stealth Rock\n|\n|-heal|p1a: Sneasler|90\/100|[from] Grassy Terrain\n|-heal|p2a: Glimmora|93\/100|[from] Grassy Terrain\n|upkeep\n|turn|8\n|\n|t:|1700369698\n|move|p2a: Glimmora|Spiky Shield|p2a: Glimmora\n|-singleturn|p2a: Glimmora|move: Protect\n|move|p1a: Sneasler|Dire Claw|p2a: Glimmora\n|-activate|p2a: Glimmora|move: Protect\n|-damage|p1a: Sneasler|78\/100|[from] Spiky Shield|[of] p2a: Glimmora\n|\n|-heal|p1a: Sneasler|84\/100|[from] Grassy Terrain\n|-heal|p2a: Glimmora|99\/100|[from] Grassy Terrain\n|-sideend|p1: sneets|move: Aurora Veil\n|upkeep\n|turn|9\n|inactive|Battle timer is ON: inactive players will automatically lose when time's up. (requested by Bloom-and-Fruit)\n|\n|t:|1700369732\n|move|p1a: Sneasler|Dire Claw|p2a: Glimmora\n|-resisted|p2a: Glimmora\n|-damage|p2a: Glimmora|89\/100\n|-status|p2a: Glimmora|par\n|-damage|p1a: Sneasler|67\/100|[from] item: Rocky Helmet|[of] p2a: Glimmora\n|-activate|p2a: Glimmora|ability: Toxic Debris\n|-sidestart|p1: sneets|move: Toxic Spikes\n|move|p2a: Glimmora|Mortal Spin|p1a: Sneasler\n|-resisted|p1a: Sneasler\n|-damage|p1a: Sneasler|64\/100\n|\n|-heal|p1a: Sneasler|70\/100|[from] Grassy Terrain\n|-heal|p2a: Glimmora|96\/100 par|[from] Grassy Terrain\n|upkeep\n|turn|10\n|\n|t:|1700369761\n|move|p2a: Glimmora|Spiky Shield|p2a: Glimmora\n|-singleturn|p2a: Glimmora|move: Protect\n|move|p1a: Sneasler|Close Combat|p2a: Glimmora\n|-activate|p2a: Glimmora|move: Protect\n|-damage|p1a: Sneasler|58\/100|[from] Spiky Shield|[of] p2a: Glimmora\n|\n|-heal|p1a: Sneasler|64\/100|[from] Grassy Terrain\n|-heal|p2a: Glimmora|100\/100 par|[from] Grassy Terrain\n|-fieldend|move: Grassy Terrain\n|upkeep\n|turn|11\n|\n|t:|1700369776\n|switch|p2a: Goodra|Goodra-Hisui, F|100\/100\n|move|p1a: Sneasler|Close Combat|p2a: Goodra\n|-supereffective|p2a: Goodra\n|-damage|p2a: Goodra|0 fnt\n|-unboost|p1a: Sneasler|def|1\n|-unboost|p1a: Sneasler|spd|1\n|-ability|p2a: Goodra|Gooey\n|-unboost|p1a: Sneasler|spe|1\n|faint|p2a: Goodra\n|\n|upkeep\n|inactive|Bloom-and-Fruit has 120 seconds left.\n|\n|t:|1700369802\n|switch|p2a: Pawmot|Pawmot, M|100\/100\n|turn|12\n|\n|t:|1700369808\n|move|p2a: Pawmot|Double Shock|p1a: Sneasler\n|-damage|p1a: Sneasler|0 fnt\n|-start|p2a: Pawmot|typechange|???\/Fighting|[from] move: Double Shock\n|faint|p1a: Sneasler\n|\n|upkeep\n|\n|t:|1700369815\n|switch|p1a: Corviknight|Corviknight, M|100\/100\n|-damage|p1a: Corviknight|88\/100|[from] Stealth Rock\n|-ability|p1a: Corviknight|Pressure\n|turn|13\n|inactive|Bloom-and-Fruit has 120 seconds left.\n|\n|t:|1700369823\n|move|p2a: Pawmot|Double Shock||[still]\n|-fail|p2a: Pawmot|move: Double Shock\n|move|p1a: Corviknight|Brave Bird|p2a: Pawmot\n|-supereffective|p2a: Pawmot\n|-damage|p2a: Pawmot|0 fnt\n|faint|p2a: Pawmot\n|-damage|p1a: Corviknight|65\/100|[from] Recoil\n|\n|-heal|p1a: Corviknight|71\/100|[from] item: Leftovers\n|upkeep\n|inactive|Bloom-and-Fruit has 120 seconds left.\n|\n|t:|1700369834\n|switch|p2a: Skeledirge|Skeledirge, F|47\/100\n|turn|14\n|\n|t:|1700369840\n|move|p1a: Corviknight|Brave Bird|p2a: Skeledirge\n|-damage|p2a: Skeledirge|19\/100\n|-damage|p1a: Corviknight|61\/100|[from] Recoil\n|move|p2a: Skeledirge|Slack Off|p2a: Skeledirge\n|-heal|p2a: Skeledirge|69\/100\n|\n|-heal|p1a: Corviknight|67\/100|[from] item: Leftovers\n|upkeep\n|turn|15\n|\n|t:|1700369852\n|move|p1a: Corviknight|U-turn|p2a: Skeledirge\n|-resisted|p2a: Skeledirge\n|-damage|p2a: Skeledirge|66\/100\n|\n|t:|1700369854\n|switch|p1a: Cinderace|Cinderace, M|100\/100|[from] U-turn\n|move|p2a: Skeledirge|Will-O-Wisp|p1a: Cinderace\n|-immune|p1a: Cinderace\n|\n|upkeep\n|turn|16\n|\n|t:|1700369866\n|switch|p2a: Glimmora|Glimmora, F|100\/100 par\n|move|p1a: Cinderace|Court Change|p1a: Cinderace\n|-start|p1a: Cinderace|typechange|Normal|[from] ability: Libero\n|-swapsideconditions\n|-activate|p1a: Cinderace|move: Court Change\n|\n|upkeep\n|turn|17\n|\n|t:|1700369876\n|switch|p1a: Walking Wake|Walking Wake|100\/100\n|move|p2a: Glimmora|Mortal Spin|p1a: Walking Wake\n|-damage|p1a: Walking Wake|93\/100\n|-status|p1a: Walking Wake|psn\n|-sideend|p2: Bloom-and-Fruit|Toxic Spikes|[from] move: Mortal Spin|[of] p2a: Glimmora\n|-sideend|p2: Bloom-and-Fruit|Stealth Rock|[from] move: Mortal Spin|[of] p2a: Glimmora\n|\n|-damage|p1a: Walking Wake|81\/100 psn|[from] psn\n|upkeep\n|turn|18\n|\n|t:|1700369893\n|move|p2a: Glimmora|Spiky Shield|p2a: Glimmora\n|-singleturn|p2a: Glimmora|move: Protect\n|move|p1a: Walking Wake|Hydro Steam|p2a: Glimmora\n|-activate|p2a: Glimmora|move: Protect\n|\n|-damage|p1a: Walking Wake|69\/100 psn|[from] psn\n|upkeep\n|turn|19\n|inactive|Bloom-and-Fruit has 120 seconds left.\n|\n|t:|1700369914\n|-terastallize|p2a: Glimmora|Grass\n|move|p1a: Walking Wake|Hydro Steam|p2a: Glimmora\n|-resisted|p2a: Glimmora\n|-crit|p2a: Glimmora\n|-damage|p2a: Glimmora|56\/100 par\n|move|p2a: Glimmora|Energy Ball|p1a: Walking Wake\n|-damage|p1a: Walking Wake|25\/100 psn\n|\n|-damage|p1a: Walking Wake|13\/100 psn|[from] psn\n|upkeep\n|turn|20\n|inactive|Bloom-and-Fruit has 120 seconds left.\n|\n|t:|1700369928\n|move|p2a: Glimmora|Spiky Shield|p2a: Glimmora\n|-singleturn|p2a: Glimmora|move: Protect\n|move|p1a: Walking Wake|Hydro Steam|p2a: Glimmora\n|-activate|p2a: Glimmora|move: Protect\n|\n|-damage|p1a: Walking Wake|0 fnt|[from] psn\n|faint|p1a: Walking Wake\n|-end|p1a: Walking Wake|Protosynthesis|[silent]\n|upkeep\n|\n|t:|1700369930\n|switch|p1a: Corviknight|Corviknight, M|67\/100\n|-ability|p1a: Corviknight|Pressure\n|turn|21\n|inactive|Bloom-and-Fruit has 120 seconds left.\n|\n|t:|1700369948\n|switch|p2a: Spidops|Spidops, M|100\/100\n|move|p1a: Corviknight|Brave Bird|p2a: Spidops\n|-supereffective|p2a: Spidops\n|-damage|p2a: Spidops|13\/100\n|-damage|p1a: Corviknight|44\/100|[from] Recoil\n|\n|-heal|p1a: Corviknight|50\/100|[from] item: Leftovers\n|upkeep\n|turn|22\n|inactive|Bloom-and-Fruit has 120 seconds left.\n|\n|t:|1700369960\n|move|p2a: Spidops|Silk Trap|p2a: Spidops\n|-singleturn|p2a: Spidops|Protect\n|move|p1a: Corviknight|Roost|p1a: Corviknight\n|-heal|p1a: Corviknight|99\/100\n|-singleturn|p1a: Corviknight|move: Roost\n|\n|-heal|p1a: Corviknight|100\/100|[from] item: Leftovers\n|upkeep\n|turn|23\n|inactive|Bloom-and-Fruit has 120 seconds left.\n|\n|t:|1700369971\n|move|p1a: Corviknight|Brave Bird|p2a: Spidops\n|-supereffective|p2a: Spidops\n|-damage|p2a: Spidops|0 fnt\n|faint|p2a: Spidops\n|-damage|p1a: Corviknight|97\/100|[from] Recoil\n|\n|-heal|p1a: Corviknight|100\/100|[from] item: Leftovers\n|upkeep\n|inactive|Bloom-and-Fruit has 120 seconds left.\n|\n|t:|1700369985\n|switch|p2a: Skeledirge|Skeledirge, F|66\/100\n|turn|24\n|inactive|Bloom-and-Fruit has 120 seconds left.\n|\n|t:|1700369991\n|move|p1a: Corviknight|U-turn|p2a: Skeledirge\n|-resisted|p2a: Skeledirge\n|-damage|p2a: Skeledirge|63\/100\n|\n|t:|1700369996\n|switch|p1a: Cinderace|Cinderace, M|100\/100|[from] U-turn\n|move|p2a: Skeledirge|Torch Song|p1a: Cinderace\n|-resisted|p1a: Cinderace\n|-damage|p1a: Cinderace|78\/100\n|-boost|p2a: Skeledirge|spa|1\n|\n|upkeep\n|turn|25\n|\n|t:|1700370010\n|move|p1a: Cinderace|Sucker Punch||[still]\n|-fail|p1a: Cinderace\n|move|p2a: Skeledirge|Slack Off|p2a: Skeledirge\n|-heal|p2a: Skeledirge|100\/100\n|\n|upkeep\n|turn|26\n|\n|t:|1700370019\n|switch|p2a: Glimmora|Glimmora, F, tera:Grass|56\/100 par\n|move|p1a: Cinderace|U-turn|p2a: Glimmora\n|-start|p1a: Cinderace|typechange|Bug|[from] ability: Libero\n|-supereffective|p2a: Glimmora\n|-damage|p2a: Glimmora|2\/100 par\n|-damage|p1a: Cinderace|61\/100|[from] item: Rocky Helmet|[of] p2a: Glimmora\n|-activate|p2a: Glimmora|ability: Toxic Debris\n|-sidestart|p1: sneets|move: Toxic Spikes\n|\n|t:|1700370021\n|switch|p1a: Ninetales|Ninetales-Alola, M|100\/100|[from] U-turn\n|-status|p1a: Ninetales|psn\n|-weather|Snow|[from] ability: Snow Warning|[of] p1a: Ninetales\n|\n|-weather|Snow|[upkeep]\n|-damage|p1a: Ninetales|88\/100 psn|[from] psn\n|upkeep\n|turn|27\n|\n|t:|1700370043\n|move|p1a: Ninetales|Aurora Veil|p1a: Ninetales\n|-sidestart|p1: sneets|move: Aurora Veil\n|move|p2a: Glimmora|Stealth Rock|p1a: Ninetales\n|-sidestart|p1: sneets|move: Stealth Rock\n|\n|-weather|Snow|[upkeep]\n|-damage|p1a: Ninetales|76\/100 psn|[from] psn\n|upkeep\n|turn|28\n|\n|t:|1700370053\n|move|p2a: Glimmora|Spiky Shield|p2a: Glimmora\n|-singleturn|p2a: Glimmora|move: Protect\n|move|p1a: Ninetales|Encore|p2a: Glimmora\n|-activate|p2a: Glimmora|move: Protect\n|\n|-weather|Snow|[upkeep]\n|-damage|p1a: Ninetales|64\/100 psn|[from] psn\n|upkeep\n|turn|29\n|\n|t:|1700370066\n|switch|p2a: Mamoswine|Mamoswine, M|61\/100\n|move|p1a: Ninetales|Freeze-Dry|p2a: Mamoswine\n|-damage|p2a: Mamoswine|48\/100\n|\n|-weather|Snow|[upkeep]\n|-damage|p1a: Ninetales|51\/100 psn|[from] psn\n|upkeep\n|turn|30\n|\n|t:|1700370079\n|move|p1a: Ninetales|Moonblast|p2a: Mamoswine\n|-damage|p2a: Mamoswine|12\/100\n|move|p2a: Mamoswine|Rock Blast|p1a: Ninetales\n|-supereffective|p1a: Ninetales\n|-damage|p1a: Ninetales|44\/100 psn\n|-supereffective|p1a: Ninetales\n|-damage|p1a: Ninetales|36\/100 psn\n|-supereffective|p1a: Ninetales\n|-damage|p1a: Ninetales|29\/100 psn\n|-supereffective|p1a: Ninetales\n|-damage|p1a: Ninetales|21\/100 psn\n|-hitcount|p1a: Ninetales|4\n|\n|-weather|none\n|-damage|p1a: Ninetales|9\/100 psn|[from] psn\n|upkeep\n|turn|31\n|\n|t:|1700370093\n|move|p2a: Mamoswine|Ice Shard|p1a: Ninetales\n|-resisted|p1a: Ninetales\n|-damage|p1a: Ninetales|3\/100 psn\n|move|p1a: Ninetales|Moonblast|p2a: Mamoswine\n|-damage|p2a: Mamoswine|0 fnt\n|faint|p2a: Mamoswine\n|\n|-damage|p1a: Ninetales|0 fnt|[from] psn\n|faint|p1a: Ninetales\n|upkeep\n|\n|t:|1700370104\n|switch|p1a: Rillaboom|Rillaboom, F|84\/100\n|switch|p2a: Skeledirge|Skeledirge, F|100\/100\n|-status|p1a: Rillaboom|psn\n|-damage|p1a: Rillaboom|71\/100 psn|[from] Stealth Rock\n|-fieldstart|move: Grassy Terrain|[from] ability: Grassy Surge|[of] p1a: Rillaboom\n|turn|32\n|\n|t:|1700370123\n|move|p1a: Rillaboom|Knock Off|p2a: Skeledirge\n|-supereffective|p2a: Skeledirge\n|-damage|p2a: Skeledirge|61\/100\n|move|p2a: Skeledirge|Slack Off|p2a: Skeledirge\n|-heal|p2a: Skeledirge|100\/100\n|\n|-heal|p1a: Rillaboom|78\/100 psn|[from] Grassy Terrain\n|-damage|p1a: Rillaboom|65\/100 psn|[from] psn\n|upkeep\n|turn|33\n|\n|t:|1700370133\n|move|p1a: Rillaboom|Drum Beating|p2a: Skeledirge\n|-resisted|p2a: Skeledirge\n|-damage|p2a: Skeledirge|77\/100\n|-unboost|p2a: Skeledirge|spe|1\n|move|p2a: Skeledirge|Will-O-Wisp||[still]\n|-fail|p2a: Skeledirge\n|\n|-heal|p1a: Rillaboom|71\/100 psn|[from] Grassy Terrain\n|-heal|p2a: Skeledirge|83\/100|[from] Grassy Terrain\n|-damage|p1a: Rillaboom|59\/100 psn|[from] psn\n|upkeep\n|turn|34\n|\n|t:|1700370145\n|move|p1a: Rillaboom|U-turn|p2a: Skeledirge\n|-resisted|p2a: Skeledirge\n|-damage|p2a: Skeledirge|78\/100\n|\n|t:|1700370149\n|switch|p1a: Corviknight|Corviknight, M|100\/100|[from] U-turn\n|-damage|p1a: Corviknight|88\/100|[from] Stealth Rock\n|-ability|p1a: Corviknight|Pressure\n|move|p2a: Skeledirge|Torch Song|p1a: Corviknight\n|-supereffective|p1a: Corviknight\n|-damage|p1a: Corviknight|60\/100\n|-boost|p2a: Skeledirge|spa|1\n|\n|-heal|p1a: Corviknight|66\/100|[from] item: Leftovers\n|-heal|p2a: Skeledirge|84\/100|[from] Grassy Terrain\n|-sideend|p1: sneets|move: Aurora Veil\n|upkeep\n|turn|35\n|\n|t:|1700370165\n|move|p1a: Corviknight|Brave Bird|p2a: Skeledirge\n|-damage|p2a: Skeledirge|52\/100\n|-damage|p1a: Corviknight|55\/100|[from] Recoil\n|move|p2a: Skeledirge|Will-O-Wisp|p1a: Corviknight|[miss]\n|-miss|p2a: Skeledirge|p1a: Corviknight\n|\n|-heal|p1a: Corviknight|61\/100|[from] item: Leftovers\n|-heal|p2a: Skeledirge|58\/100|[from] Grassy Terrain\n|upkeep\n|turn|36\n|\n|t:|1700370175\n|move|p1a: Corviknight|U-turn|p2a: Skeledirge\n|-resisted|p2a: Skeledirge\n|-damage|p2a: Skeledirge|55\/100\n|\n|t:|1700370178\n|switch|p1a: Cinderace|Cinderace, M|61\/100|[from] U-turn\n|move|p2a: Skeledirge|Slack Off|p2a: Skeledirge\n|-heal|p2a: Skeledirge|100\/100\n|\n|-heal|p1a: Cinderace|67\/100|[from] Grassy Terrain\n|upkeep\n|turn|37\n|\n|t:|1700370194\n|switch|p2a: Glimmora|Glimmora, F, tera:Grass|2\/100 par\n|move|p1a: Cinderace|Sucker Punch||[still]\n|-fail|p1a: Cinderace\n|\n|-heal|p1a: Cinderace|73\/100|[from] Grassy Terrain\n|-heal|p2a: Glimmora|8\/100 par|[from] Grassy Terrain\n|upkeep\n|turn|38\n|inactive|sneets has 120 seconds left.\n|\n|t:|1700370254\n|move|p2a: Glimmora|Spiky Shield|p2a: Glimmora\n|-singleturn|p2a: Glimmora|move: Protect\n|move|p1a: Cinderace|Court Change|p1a: Cinderace\n|-start|p1a: Cinderace|typechange|Normal|[from] ability: Libero\n|-swapsideconditions\n|-activate|p1a: Cinderace|move: Court Change\n|\n|-heal|p1a: Cinderace|79\/100|[from] Grassy Terrain\n|-heal|p2a: Glimmora|15\/100 par|[from] Grassy Terrain\n|upkeep\n|turn|39\n|inactive|Bloom-and-Fruit has 120 seconds left.\n|\n|t:|1700370287\n|switch|p2a: Skeledirge|Skeledirge, F|100\/100\n|-status|p2a: Skeledirge|psn\n|-damage|p2a: Skeledirge|76\/100 psn|[from] Stealth Rock\n|move|p1a: Cinderace|Pyro Ball|p2a: Skeledirge\n|-resisted|p2a: Skeledirge\n|-damage|p2a: Skeledirge|60\/100 psn\n|\n|-heal|p1a: Cinderace|85\/100|[from] Grassy Terrain\n|-heal|p2a: Skeledirge|66\/100 psn|[from] Grassy Terrain\n|-damage|p2a: Skeledirge|54\/100 psn|[from] psn\n|-fieldend|move: Grassy Terrain\n|upkeep\n|turn|40\n|\n|t:|1700370300\n|move|p1a: Cinderace|U-turn|p2a: Skeledirge\n|-resisted|p2a: Skeledirge\n|-damage|p2a: Skeledirge|49\/100 psn\n|\n|t:|1700370302\n|switch|p1a: Corviknight|Corviknight, M|61\/100|[from] U-turn\n|-ability|p1a: Corviknight|Pressure\n|move|p2a: Skeledirge|Slack Off|p2a: Skeledirge\n|-heal|p2a: Skeledirge|99\/100 psn\n|\n|-heal|p1a: Corviknight|67\/100|[from] item: Leftovers\n|-damage|p2a: Skeledirge|87\/100 psn|[from] psn\n|upkeep\n|turn|41\n|\n|t:|1700370316\n|-terastallize|p1a: Corviknight|Water\n|move|p1a: Corviknight|Brave Bird|p2a: Skeledirge\n|-damage|p2a: Skeledirge|54\/100 psn\n|-damage|p1a: Corviknight|56\/100|[from] Recoil\n|move|p2a: Skeledirge|Will-O-Wisp|p1a: Corviknight\n|-status|p1a: Corviknight|brn\n|\n|-heal|p1a: Corviknight|62\/100 brn|[from] item: Leftovers\n|-damage|p2a: Skeledirge|42\/100 psn|[from] psn\n|-damage|p1a: Corviknight|56\/100 brn|[from] brn\n|upkeep\n|turn|42\n|\n|t:|1700370330\n|move|p1a: Corviknight|Brave Bird|p2a: Skeledirge\n|-damage|p2a: Skeledirge|28\/100 psn\n|-damage|p1a: Corviknight|51\/100 brn|[from] Recoil\n|move|p2a: Skeledirge|Slack Off|p2a: Skeledirge\n|-heal|p2a: Skeledirge|78\/100 psn\n|\n|-heal|p1a: Corviknight|57\/100 brn|[from] item: Leftovers\n|-damage|p2a: Skeledirge|65\/100 psn|[from] psn\n|-damage|p1a: Corviknight|51\/100 brn|[from] brn\n|upkeep\n|turn|43\n|inactive|sneets has 120 seconds left.\n|\n|t:|1700370341\n|move|p1a: Corviknight|Roost|p1a: Corviknight\n|-heal|p1a: Corviknight|100\/100 brn\n|move|p2a: Skeledirge|Hex|p1a: Corviknight\n|-damage|p1a: Corviknight|53\/100 brn\n|\n|-heal|p1a: Corviknight|59\/100 brn|[from] item: Leftovers\n|-damage|p2a: Skeledirge|53\/100 psn|[from] psn\n|-damage|p1a: Corviknight|53\/100 brn|[from] brn\n|upkeep\n|turn|44\n|\n|t:|1700370352\n|move|p1a: Corviknight|Roost|p1a: Corviknight\n|-heal|p1a: Corviknight|100\/100 brn\n|move|p2a: Skeledirge|Slack Off|p2a: Skeledirge\n|-heal|p2a: Skeledirge|100\/100 psn\n|\n|-damage|p2a: Skeledirge|88\/100 psn|[from] psn\n|-damage|p1a: Corviknight|94\/100 brn|[from] brn\n|upkeep\n|turn|45\n|\n|t:|1700370361\n|move|p1a: Corviknight|Brave Bird|p2a: Skeledirge\n|-damage|p2a: Skeledirge|72\/100 psn\n|-damage|p1a: Corviknight|89\/100 brn|[from] Recoil\n|move|p2a: Skeledirge|Torch Song|p1a: Corviknight\n|-resisted|p1a: Corviknight\n|-damage|p1a: Corviknight|75\/100 brn\n|-boost|p2a: Skeledirge|spa|1\n|\n|-heal|p1a: Corviknight|81\/100 brn|[from] item: Leftovers\n|-damage|p2a: Skeledirge|60\/100 psn|[from] psn\n|-damage|p1a: Corviknight|75\/100 brn|[from] brn\n|upkeep\n|turn|46\n|inactive|Bloom-and-Fruit has 120 seconds left.\n|\n|t:|1700370382\n|move|p1a: Corviknight|U-turn|p2a: Skeledirge\n|-resisted|p2a: Skeledirge\n|-damage|p2a: Skeledirge|58\/100 psn\n|\n|t:|1700370387\n|switch|p1a: Rillaboom|Rillaboom, F|59\/100 psn|[from] U-turn\n|-fieldstart|move: Grassy Terrain|[from] ability: Grassy Surge|[of] p1a: Rillaboom\n|move|p2a: Skeledirge|Slack Off|p2a: Skeledirge\n|-heal|p2a: Skeledirge|100\/100 psn\n|\n|-heal|p1a: Rillaboom|65\/100 psn|[from] Grassy Terrain\n|-damage|p1a: Rillaboom|52\/100 psn|[from] psn\n|-damage|p2a: Skeledirge|88\/100 psn|[from] psn\n|upkeep\n|turn|47\n|\n|t:|1700370410\n|move|p1a: Rillaboom|U-turn|p2a: Skeledirge\n|-resisted|p2a: Skeledirge\n|-damage|p2a: Skeledirge|82\/100 psn\n|\n|t:|1700370412\n|switch|p1a: Cinderace|Cinderace, M|85\/100|[from] U-turn\n|move|p2a: Skeledirge|Torch Song|p1a: Cinderace\n|-resisted|p1a: Cinderace\n|-damage|p1a: Cinderace|52\/100\n|-boost|p2a: Skeledirge|spa|1\n|\n|-heal|p1a: Cinderace|58\/100|[from] Grassy Terrain\n|-heal|p2a: Skeledirge|88\/100 psn|[from] Grassy Terrain\n|-damage|p2a: Skeledirge|76\/100 psn|[from] psn\n|upkeep\n|turn|48\n|\n|t:|1700370428\n|move|p1a: Cinderace|Sucker Punch|p2a: Skeledirge\n|-start|p1a: Cinderace|typechange|Dark|[from] ability: Libero\n|-supereffective|p2a: Skeledirge\n|-damage|p2a: Skeledirge|24\/100 psn\n|move|p2a: Skeledirge|Torch Song|p1a: Cinderace\n|-damage|p1a: Cinderace|0 fnt\n|-boost|p2a: Skeledirge|spa|1\n|faint|p1a: Cinderace\n|\n|-heal|p2a: Skeledirge|30\/100 psn|[from] Grassy Terrain\n|-damage|p2a: Skeledirge|18\/100 psn|[from] psn\n|upkeep\n|\n|t:|1700370432\n|switch|p1a: Corviknight|Corviknight, M, tera:Water|75\/100 brn\n|-ability|p1a: Corviknight|Pressure\n|turn|49\n|\n|t:|1700370448\n|move|p1a: Corviknight|Roost|p1a: Corviknight\n|-heal|p1a: Corviknight|100\/100 brn\n|move|p2a: Skeledirge|Hex|p1a: Corviknight\n|-damage|p1a: Corviknight|0 fnt\n|faint|p1a: Corviknight\n|\n|-heal|p2a: Skeledirge|24\/100 psn|[from] Grassy Terrain\n|-damage|p2a: Skeledirge|12\/100 psn|[from] psn\n|upkeep\n|c|\u2606sneets|this was the longest game over but i think we're at the end\n|c|\u2606sneets|OOP\n|\n|t:|1700370458\n|switch|p1a: Rillaboom|Rillaboom, F|52\/100 psn\n|turn|50\n|\n|t:|1700370463\n|move|p1a: Rillaboom|Knock Off|p2a: Skeledirge\n|-supereffective|p2a: Skeledirge\n|-damage|p2a: Skeledirge|0 fnt\n|faint|p2a: Skeledirge\n|\n|-heal|p1a: Rillaboom|58\/100 psn|[from] Grassy Terrain\n|-damage|p1a: Rillaboom|46\/100 psn|[from] psn\n|upkeep\n|\n|t:|1700370471\n|switch|p2a: Glimmora|Glimmora, F, tera:Grass|15\/100 par\n|-damage|p2a: Glimmora|2\/100 par|[from] Stealth Rock\n|turn|51\n|c|\u2606sneets|spoke too soon you might win\n|\n|t:|1700370482\n|move|p2a: Glimmora|Spiky Shield|p2a: Glimmora\n|-singleturn|p2a: Glimmora|move: Protect\n|move|p1a: Rillaboom|Knock Off|p2a: Glimmora\n|-activate|p2a: Glimmora|move: Protect\n|-damage|p1a: Rillaboom|33\/100 psn|[from] Spiky Shield|[of] p2a: Glimmora\n|\n|-heal|p1a: Rillaboom|40\/100 psn|[from] Grassy Terrain\n|-heal|p2a: Glimmora|8\/100 par|[from] Grassy Terrain\n|-damage|p1a: Rillaboom|27\/100 psn|[from] psn\n|upkeep\n|turn|52\n|inactive|Bloom-and-Fruit has 120 seconds left.\n|\n|t:|1700370497\n|move|p2a: Glimmora|Spiky Shield||[still]\n|-fail|p2a: Glimmora\n|move|p1a: Rillaboom|U-turn|p2a: Glimmora\n|-supereffective|p2a: Glimmora\n|-damage|p2a: Glimmora|0 fnt\n|-damage|p1a: Rillaboom|10\/100 psn|[from] item: Rocky Helmet|[of] p2a: Glimmora\n|-activate|p2a: Glimmora|ability: Toxic Debris\n|-sidestart|p1: sneets|move: Toxic Spikes\n|faint|p2a: Glimmora\n|\n|win|sneets\n|raw|sneets's rating: 1067 &rarr; <strong>1098<\/strong><br \/>(+31 for winning)\n|raw|Bloom-and-Fruit's rating: 1083 &rarr; <strong>1060<\/strong><br \/>(-23 for losing)\n|c|\u2606sneets|gg\n|c|\u2606sneets|omg\n","uploadtime":1700370504,"views":13,"p1id":"sneets","p2id":"bloomandfruit","formatid":"gen9ou","rating":1060,"private":0,"password":""}