{"id":"gen9ou-1990335275","p1":"NewNewPoke","p2":"AshMegaLuxio","format":"[Gen 9] OU","log":"|j|\u2606NewNewPoke\n|j|\u2606AshMegaLuxio\n|t:|1699958499\n|gametype|singles\n|player|p1|NewNewPoke|volkner|1189\n|player|p2|AshMegaLuxio|red-masters|1159\n|teamsize|p1|6\n|teamsize|p2|6\n|gen|9\n|tier|[Gen 9] OU\n|rated|\n|rule|Sleep Clause Mod: Limit one foe put to sleep\n|rule|Species Clause: Limit one of each Pok\u00e9mon\n|rule|OHKO Clause: OHKO moves are banned\n|rule|Evasion Items Clause: Evasion items are banned\n|rule|Evasion Moves Clause: Evasion moves are banned\n|rule|Endless Battle Clause: Forcing endless battles is banned\n|rule|HP Percentage Mod: HP is shown in percentages\n|clearpoke\n|poke|p1|Cinderace, F|\n|poke|p1|Ogerpon-Wellspring, F|\n|poke|p1|Clefable, F|\n|poke|p1|Magnezone|\n|poke|p1|Corviknight, M|\n|poke|p1|Alomomola, M|\n|poke|p2|Lilligant-Hisui, F|\n|poke|p2|Torkoal, F|\n|poke|p2|Walking Wake|\n|poke|p2|Great Tusk|\n|poke|p2|Hatterene, F|\n|poke|p2|Slither Wing|\n|teampreview\n|inactive|Battle timer is ON: inactive players will automatically lose when time's up. (requested by AshMegaLuxio)\n|\n|t:|1699958513\n|start\n|switch|p1a: Cinderace|Cinderace, F|100\/100\n|switch|p2a: Torkoal|Torkoal, F|100\/100\n|-weather|SunnyDay|[from] ability: Drought|[of] p2a: Torkoal\n|turn|1\n|\n|t:|1699958519\n|move|p1a: Cinderace|U-turn|p2a: Torkoal\n|-start|p1a: Cinderace|typechange|Bug|[from] ability: Libero\n|-resisted|p2a: Torkoal\n|-damage|p2a: Torkoal|91\/100\n|\n|t:|1699958527\n|switch|p1a: Alomomola|Alomomola, M|100\/100|[from] U-turn\n|move|p2a: Torkoal|Yawn|p1a: Alomomola\n|-start|p1a: Alomomola|move: Yawn|[of] p2a: Torkoal\n|\n|-weather|SunnyDay|[upkeep]\n|upkeep\n|turn|2\n|\n|t:|1699958542\n|switch|p2a: Walking Wake|Walking Wake|100\/100\n|-activate|p2a: Walking Wake|ability: Protosynthesis\n|-start|p2a: Walking Wake|protosynthesisspe\n|move|p1a: Alomomola|Flip Turn|p2a: Walking Wake\n|-resisted|p2a: Walking Wake\n|-damage|p2a: Walking Wake|99\/100\n|\n|t:|1699958554\n|switch|p1a: Clefable|Clefable, F|100\/100|[from] Flip Turn\n|\n|-weather|SunnyDay|[upkeep]\n|upkeep\n|turn|3\n|\n|t:|1699958573\n|move|p2a: Walking Wake|Hydro Steam|p1a: Clefable\n|-damage|p1a: Clefable|40\/100\n|move|p1a: Clefable|Thunder Wave|p2a: Walking Wake\n|-status|p2a: Walking Wake|par\n|\n|-weather|SunnyDay|[upkeep]\n|-heal|p1a: Clefable|46\/100|[from] item: Leftovers\n|upkeep\n|turn|4\n|\n|t:|1699958584\n|switch|p1a: Alomomola|Alomomola, M|100\/100\n|cant|p2a: Walking Wake|par\n|\n|-weather|SunnyDay|[upkeep]\n|upkeep\n|turn|5\n|\n|t:|1699958591\n|-end|p2a: Walking Wake|Protosynthesis|[silent]\n|switch|p2a: Lilligant|Lilligant-Hisui, F|100\/100\n|move|p1a: Alomomola|Wish|p1a: Alomomola\n|\n|-weather|SunnyDay|[upkeep]\n|upkeep\n|turn|6\n|\n|t:|1699958608\n|switch|p1a: Clefable|Clefable, F|46\/100\n|move|p2a: Lilligant|Victory Dance|p2a: Lilligant\n|-boost|p2a: Lilligant|atk|1\n|-boost|p2a: Lilligant|def|1\n|-boost|p2a: Lilligant|spe|1\n|\n|-weather|SunnyDay|[upkeep]\n|-heal|p1a: Clefable|100\/100|[from] move: Wish|[wisher] Alomomola\n|upkeep\n|turn|7\n|\n|t:|1699958619\n|move|p2a: Lilligant|Leaf Blade|p1a: Clefable\n|-damage|p1a: Clefable|0 fnt\n|faint|p1a: Clefable\n|\n|-weather|SunnyDay|[upkeep]\n|upkeep\n|\n|t:|1699958625\n|switch|p1a: Corviknight|Corviknight, M|100\/100\n|-ability|p1a: Corviknight|Pressure\n|turn|8\n|\n|t:|1699958628\n|move|p2a: Lilligant|Close Combat|p1a: Corviknight\n|-damage|p1a: Corviknight|34\/100\n|-unboost|p2a: Lilligant|def|1\n|-unboost|p2a: Lilligant|spd|1\n|move|p1a: Corviknight|U-turn|p2a: Lilligant\n|-damage|p2a: Lilligant|77\/100\n|\n|t:|1699958645\n|switch|p1a: Magnezone|Magnezone|100\/100|[from] U-turn\n|\n|-weather|none\n|upkeep\n|turn|9\n|\n|t:|1699958651\n|move|p2a: Lilligant|Close Combat|p1a: Magnezone\n|-supereffective|p1a: Magnezone\n|-damage|p1a: Magnezone|0 fnt\n|-unboost|p2a: Lilligant|def|1\n|-unboost|p2a: Lilligant|spd|1\n|faint|p1a: Magnezone\n|\n|upkeep\n|\n|t:|1699958661\n|switch|p1a: Alomomola|Alomomola, M|100\/100\n|turn|10\n|\n|t:|1699958664\n|move|p2a: Lilligant|Leaf Blade|p1a: Alomomola\n|-supereffective|p1a: Alomomola\n|-damage|p1a: Alomomola|5\/100\n|move|p1a: Alomomola|Flip Turn|p2a: Lilligant\n|-resisted|p2a: Lilligant\n|-damage|p2a: Lilligant|62\/100\n|\n|t:|1699958670\n|switch|p1a: Cinderace|Cinderace, F|100\/100|[from] Flip Turn\n|\n|upkeep\n|turn|11\n|\n|t:|1699958676\n|move|p2a: Lilligant|Close Combat|p1a: Cinderace\n|-damage|p1a: Cinderace|0 fnt\n|-unboost|p2a: Lilligant|def|1\n|-unboost|p2a: Lilligant|spd|1\n|faint|p1a: Cinderace\n|\n|upkeep\n|-message|NewNewPoke forfeited.\n|\n|win|AshMegaLuxio\n|raw|NewNewPoke's rating: 1189 &rarr; <strong>1162<\/strong><br \/>(-27 for losing)\n|raw|AshMegaLuxio's rating: 1159 &rarr; <strong>1186<\/strong><br \/>(+27 for winning)\n|l|\u2606NewNewPoke\n|c|\u2606AshMegaLuxio|gg\n","uploadtime":1699958687,"views":5,"p1id":"newnewpoke","p2id":"ashmegaluxio","formatid":"gen9ou","rating":1162,"private":0,"password":""}