{"id":"gen9ou-1995380958","p1":"Munjalife","p2":"xero31","format":"[Gen 9] OU","log":"|j|\u2606Munjalife\n|j|\u2606xero31\n|t:|1700562949\n|gametype|singles\n|player|p1|Munjalife|n|1183\n|player|p2|xero31|ghetsis|1134\n|teamsize|p1|6\n|teamsize|p2|6\n|gen|9\n|tier|[Gen 9] OU\n|rated|\n|rule|Sleep Clause Mod: Limit one foe put to sleep\n|rule|Species Clause: Limit one of each Pok\u00e9mon\n|rule|OHKO Clause: OHKO moves are banned\n|rule|Evasion Items Clause: Evasion items are banned\n|rule|Evasion Moves Clause: Evasion moves are banned\n|rule|Endless Battle Clause: Forcing endless battles is banned\n|rule|HP Percentage Mod: HP is shown in percentages\n|clearpoke\n|poke|p1|Rillaboom, M|\n|poke|p1|Maushold-Four|\n|poke|p1|Hatterene, F|\n|poke|p1|Enamorus, F|\n|poke|p1|Landorus-Therian, M|\n|poke|p1|Azumarill, M|\n|poke|p2|Glimmora, F|\n|poke|p2|Kingambit, M|\n|poke|p2|Gholdengo|\n|poke|p2|Ceruledge, M|\n|poke|p2|Samurott-Hisui, M|\n|poke|p2|Landorus-Therian, M|\n|teampreview\n|inactive|Battle timer is ON: inactive players will automatically lose when time's up. (requested by Munjalife)\n|\n|t:|1700562958\n|start\n|switch|p1a: Enamorus|Enamorus, F|100\/100\n|switch|p2a: Glimmora|Glimmora, F|100\/100\n|turn|1\n|\n|t:|1700562963\n|move|p1a: Enamorus|Earth Power|p2a: Glimmora\n|-supereffective|p2a: Glimmora\n|-enditem|p2a: Glimmora|Focus Sash\n|-damage|p2a: Glimmora|1\/100\n|-unboost|p2a: Glimmora|spd|1\n|move|p2a: Glimmora|Stealth Rock|p1a: Enamorus\n|-sidestart|p1: Munjalife|move: Stealth Rock\n|\n|upkeep\n|turn|2\n|\n|t:|1700562974\n|move|p1a: Enamorus|Earth Power|p2a: Glimmora\n|-supereffective|p2a: Glimmora\n|-damage|p2a: Glimmora|0 fnt\n|faint|p2a: Glimmora\n|\n|upkeep\n|\n|t:|1700562996\n|switch|p2a: Gholdengo|Gholdengo|100\/100\n|turn|3\n|\n|t:|1700562999\n|-terastallize|p2a: Gholdengo|Water\n|move|p1a: Enamorus|Earth Power|p2a: Gholdengo\n|-damage|p2a: Gholdengo|69\/100\n|move|p2a: Gholdengo|Thunder Wave|p1a: Enamorus|[miss]\n|-miss|p2a: Gholdengo|p1a: Enamorus\n|\n|-heal|p2a: Gholdengo|75\/100|[from] item: Leftovers\n|upkeep\n|turn|4\n|\n|t:|1700563007\n|switch|p1a: Hatterene|Hatterene, F|100\/100\n|-damage|p1a: Hatterene|88\/100|[from] Stealth Rock\n|move|p2a: Gholdengo|Thunder Wave|p1a: Hatterene\n|move|p1a: Hatterene|Thunder Wave|p2a: Gholdengo|[from]ability: Magic Bounce\n|-immune|p2a: Gholdengo|[from] ability: Good as Gold\n|\n|-heal|p2a: Gholdengo|81\/100|[from] item: Leftovers\n|upkeep\n|turn|5\n|\n|t:|1700563026\n|switch|p2a: Kingambit|Kingambit, M|100\/100\n|-activate|p2a: Kingambit|ability: Supreme Overlord\n|-start|p2a: Kingambit|fallen1|[silent]\n|move|p1a: Hatterene|Nuzzle|p2a: Kingambit\n|-damage|p2a: Kingambit|98\/100\n|-status|p2a: Kingambit|par\n|\n|-heal|p2a: Kingambit|100\/100 par|[from] item: Leftovers\n|upkeep\n|turn|6\n|\n|t:|1700563037\n|switch|p1a: Landorus|Landorus-Therian, M|100\/100\n|-damage|p1a: Landorus|88\/100|[from] Stealth Rock\n|-ability|p1a: Landorus|Intimidate|boost\n|-unboost|p2a: Kingambit|atk|1\n|move|p2a: Kingambit|Iron Head|p1a: Landorus\n|-damage|p1a: Landorus|63\/100\n|-damage|p2a: Kingambit|84\/100 par|[from] item: Rocky Helmet|[of] p1a: Landorus\n|\n|-heal|p2a: Kingambit|90\/100 par|[from] item: Leftovers\n|upkeep\n|turn|7\n|\n|t:|1700563053\n|-end|p2a: Kingambit|fallen1|[silent]\n|switch|p2a: Landorus|Landorus-Therian, M|100\/100\n|-ability|p2a: Landorus|Intimidate|boost\n|-unboost|p1a: Landorus|atk|1\n|move|p1a: Landorus|Stealth Rock|p2a: Landorus\n|-sidestart|p2: xero31|move: Stealth Rock\n|\n|upkeep\n|turn|8\n|\n|t:|1700563071\n|move|p2a: Landorus|Rock Slide|p1a: Landorus\n|-damage|p1a: Landorus|42\/100\n|move|p1a: Landorus|U-turn|p2a: Landorus\n|-resisted|p2a: Landorus\n|-damage|p2a: Landorus|93\/100\n|\n|t:|1700563082\n|switch|p1a: Deal with it|Maushold-Four|100\/100|[from] U-turn\n|-damage|p1a: Deal with it|88\/100|[from] Stealth Rock\n|\n|upkeep\n|turn|9\n|\n|t:|1700563090\n|switch|p2a: Gholdengo|Gholdengo, tera:Water|81\/100\n|-damage|p2a: Gholdengo|69\/100|[from] Stealth Rock\n|move|p1a: Deal with it|Tidy Up|p1a: Deal with it\n|-sideend|p1: Munjalife|Stealth Rock\n|-sideend|p2: xero31|Stealth Rock\n|-activate|p1a: Deal with it|move: Tidy Up\n|-boost|p1a: Deal with it|atk|1\n|-boost|p1a: Deal with it|spe|1\n|\n|-heal|p2a: Gholdengo|75\/100|[from] item: Leftovers\n|upkeep\n|turn|10\n|\n|t:|1700563099\n|move|p1a: Deal with it|Population Bomb|p2a: Gholdengo\n|-damage|p2a: Gholdengo|61\/100\n|-damage|p2a: Gholdengo|48\/100\n|-damage|p2a: Gholdengo|35\/100\n|-damage|p2a: Gholdengo|21\/100\n|-damage|p2a: Gholdengo|8\/100\n|-damage|p2a: Gholdengo|0 fnt\n|faint|p2a: Gholdengo\n|-hitcount|p2: Gholdengo|6\n|\n|upkeep\n|\n|t:|1700563117\n|switch|p2a: Ceruledge|Ceruledge, M|100\/100\n|turn|11\n|\n|t:|1700563123\n|switch|p1a: Landorus|Landorus-Therian, M|42\/100\n|-ability|p1a: Landorus|Intimidate|boost\n|-unboost|p2a: Ceruledge|atk|1\n|move|p2a: Ceruledge|Swords Dance|p2a: Ceruledge\n|-boost|p2a: Ceruledge|atk|2\n|\n|upkeep\n|turn|12\n|\n|t:|1700563148\n|switch|p1a: Hatterene|Hatterene, F|88\/100\n|move|p2a: Ceruledge|Swords Dance|p2a: Ceruledge\n|-boost|p2a: Ceruledge|atk|2\n|\n|upkeep\n|turn|13\n|\n|t:|1700563155\n|move|p2a: Ceruledge|Poltergeist|p1a: Hatterene\n|-activate|p1a: Hatterene|move: Poltergeist|Eject Button\n|-supereffective|p1a: Hatterene\n|-damage|p1a: Hatterene|0 fnt\n|faint|p1a: Hatterene\n|\n|upkeep\n|\n|t:|1700563164\n|switch|p1a: Enamorus|Enamorus, F|100\/100\n|turn|14\n|\n|t:|1700563166\n|move|p1a: Enamorus|Earth Power|p2a: Ceruledge\n|-supereffective|p2a: Ceruledge\n|-damage|p2a: Ceruledge|31\/100\n|move|p2a: Ceruledge|Poltergeist|p1a: Enamorus\n|-activate|p1a: Enamorus|move: Poltergeist|Choice Scarf\n|-damage|p1a: Enamorus|0 fnt\n|faint|p1a: Enamorus\n|\n|upkeep\n|\n|t:|1700563176\n|switch|p1a: Azumarill|Azumarill, M|100\/100\n|turn|15\n|\n|t:|1700563186\n|move|p1a: Azumarill|Aqua Jet|p2a: Ceruledge\n|-supereffective|p2a: Ceruledge\n|-damage|p2a: Ceruledge|0 fnt\n|faint|p2a: Ceruledge\n|\n|upkeep\n|\n|t:|1700563196\n|switch|p2a: Samurott|Samurott-Hisui, M|100\/100\n|turn|16\n|\n|t:|1700563202\n|move|p2a: Samurott|Aqua Cutter|p1a: Azumarill\n|-resisted|p1a: Azumarill\n|-damage|p1a: Azumarill|77\/100\n|move|p1a: Azumarill|Play Rough|p2a: Samurott|[miss]\n|-miss|p1a: Azumarill|p2a: Samurott\n|\n|upkeep\n|turn|17\n|\n|t:|1700563211\n|switch|p1a: Landorus|Landorus-Therian, M|42\/100\n|-ability|p1a: Landorus|Intimidate|boost\n|-unboost|p2a: Samurott|atk|1\n|move|p2a: Samurott|Aqua Cutter|p1a: Landorus\n|-supereffective|p1a: Landorus\n|-damage|p1a: Landorus|0 fnt\n|faint|p1a: Landorus\n|\n|upkeep\n|\n|t:|1700563227\n|switch|p1a: Hmmm monkey|Rillaboom, M|100\/100\n|-fieldstart|move: Grassy Terrain|[from] ability: Grassy Surge|[of] p1a: Hmmm monkey\n|turn|18\n|\n|t:|1700563232\n|switch|p2a: Landorus|Landorus-Therian, M|93\/100\n|-ability|p2a: Landorus|Intimidate|boost\n|-unboost|p1a: Hmmm monkey|atk|1\n|move|p1a: Hmmm monkey|Knock Off|p2a: Landorus\n|-damage|p2a: Landorus|49\/100\n|-enditem|p2a: Landorus|Choice Scarf|[from] move: Knock Off|[of] p1a: Hmmm monkey\n|\n|upkeep\n|turn|19\n|\n|t:|1700563241\n|switch|p1a: Azumarill|Azumarill, M|77\/100\n|move|p2a: Landorus|U-turn|p1a: Azumarill\n|-resisted|p1a: Azumarill\n|-damage|p1a: Azumarill|64\/100\n|\n|t:|1700563247\n|switch|p2a: Samurott|Samurott-Hisui, M|100\/100|[from] U-turn\n|\n|-heal|p1a: Azumarill|70\/100|[from] Grassy Terrain\n|upkeep\n|turn|20\n|\n|t:|1700563250\n|move|p2a: Samurott|Aqua Cutter|p1a: Azumarill\n|-resisted|p1a: Azumarill\n|-damage|p1a: Azumarill|44\/100\n|move|p1a: Azumarill|Play Rough|p2a: Samurott\n|-supereffective|p2a: Samurott\n|-damage|p2a: Samurott|0 fnt\n|faint|p2a: Samurott\n|\n|-heal|p1a: Azumarill|50\/100|[from] Grassy Terrain\n|upkeep\n|\n|t:|1700563261\n|switch|p2a: Landorus|Landorus-Therian, M|49\/100\n|-ability|p2a: Landorus|Intimidate|boost\n|-unboost|p1a: Azumarill|atk|1\n|turn|21\n|\n|t:|1700563269\n|move|p1a: Azumarill|Aqua Jet|p2a: Landorus\n|-supereffective|p2a: Landorus\n|-damage|p2a: Landorus|7\/100\n|move|p2a: Landorus|Earthquake|p1a: Azumarill\n|-damage|p1a: Azumarill|21\/100\n|\n|-heal|p1a: Azumarill|27\/100|[from] Grassy Terrain\n|upkeep\n|turn|22\n|\n|t:|1700563275\n|move|p2a: Landorus|Earthquake|p1a: Azumarill\n|-damage|p1a: Azumarill|0 fnt\n|faint|p1a: Azumarill\n|\n|-fieldend|move: Grassy Terrain\n|upkeep\n|\n|t:|1700563283\n|switch|p1a: Hmmm monkey|Rillaboom, M|100\/100\n|-fieldstart|move: Grassy Terrain|[from] ability: Grassy Surge|[of] p1a: Hmmm monkey\n|turn|23\n|\n|t:|1700563285\n|move|p2a: Landorus|U-turn|p1a: Hmmm monkey\n|-supereffective|p1a: Hmmm monkey\n|-damage|p1a: Hmmm monkey|54\/100\n|\n|t:|1700563288\n|switch|p2a: Kingambit|Kingambit, M|90\/100 par|[from] U-turn\n|-activate|p2a: Kingambit|ability: Supreme Overlord\n|-start|p2a: Kingambit|fallen4|[silent]\n|move|p1a: Hmmm monkey|U-turn|p2a: Kingambit\n|-damage|p2a: Kingambit|60\/100 par\n|\n|t:|1700563295\n|switch|p1a: Deal with it|Maushold-Four|88\/100|[from] U-turn\n|\n|-heal|p1a: Deal with it|94\/100|[from] Grassy Terrain\n|-heal|p2a: Kingambit|66\/100 par|[from] Grassy Terrain\n|-heal|p2a: Kingambit|72\/100 par|[from] item: Leftovers\n|upkeep\n|turn|24\n|\n|t:|1700563298\n|-terastallize|p1a: Deal with it|Fighting\n|move|p1a: Deal with it|Tera Blast|p2a: Kingambit|[anim] Tera Blast Fighting\n|-supereffective|p2a: Kingambit\n|-damage|p2a: Kingambit|0 fnt\n|faint|p2a: Kingambit\n|-end|p2a: Kingambit|fallen4|[silent]\n|\n|-heal|p1a: Deal with it|100\/100|[from] Grassy Terrain\n|upkeep\n|\n|t:|1700563303\n|switch|p2a: Landorus|Landorus-Therian, M|7\/100\n|-ability|p2a: Landorus|Intimidate|boost\n|-unboost|p1a: Deal with it|atk|1\n|turn|25\n|\n|t:|1700563309\n|move|p1a: Deal with it|Tera Blast|p2a: Landorus|[anim] Tera Blast Fighting\n|-resisted|p2a: Landorus\n|-damage|p2a: Landorus|0 fnt\n|faint|p2a: Landorus\n|\n|win|Munjalife\n|raw|Munjalife's rating: 1183 &rarr; <strong>1204<\/strong><br \/>(+21 for winning)\n|raw|xero31's rating: 1134 &rarr; <strong>1113<\/strong><br \/>(-21 for losing)\n","uploadtime":1700563316,"views":3,"p1id":"munjalife","p2id":"xero31","formatid":"gen9ou","rating":1113,"private":0,"password":""}