{"id":"gen9ou-1991515973","p1":"Jeromeothye","p2":"jimthejimmy","format":"[Gen 9] OU","log":"|j|\u203dJeromeothye\n|j|\u2606jimthejimmy\n|t:|1700084086\n|gametype|singles\n|player|p1|Jeromeothye|102|1000\n|player|p2|jimthejimmy|266|1000\n|teamsize|p1|6\n|teamsize|p2|6\n|gen|9\n|tier|[Gen 9] OU\n|rated|\n|rule|Sleep Clause Mod: Limit one foe put to sleep\n|rule|Species Clause: Limit one of each Pok\u00e9mon\n|rule|OHKO Clause: OHKO moves are banned\n|rule|Evasion Items Clause: Evasion items are banned\n|rule|Evasion Moves Clause: Evasion moves are banned\n|rule|Endless Battle Clause: Forcing endless battles is banned\n|rule|HP Percentage Mod: HP is shown in percentages\n|clearpoke\n|poke|p1|Sandslash-Alola, M|\n|poke|p1|Ninetales-Alola, F|\n|poke|p1|Conkeldurr, M|\n|poke|p1|Greninja-*, M|\n|poke|p1|Noctowl, M|\n|poke|p1|Magcargo, M|\n|poke|p2|Brambleghast, F|\n|poke|p2|Glimmora, M|\n|poke|p2|Heracross, M|\n|poke|p2|Mimikyu, M|\n|poke|p2|Talonflame, M|\n|poke|p2|Basculegion, M|\n|teampreview\n|\n|t:|1700084094\n|start\n|switch|p1a: Ninetales|Ninetales-Alola, F, shiny|100\/100\n|switch|p2a: Shimer|Glimmora, M|100\/100\n|-weather|Snow|[from] ability: Snow Warning|[of] p1a: Ninetales\n|turn|1\n|\n|t:|1700084107\n|move|p1a: Ninetales|Aurora Veil|p1a: Ninetales\n|-sidestart|p1: Jeromeothye|move: Aurora Veil\n|move|p2a: Shimer|Stealth Rock|p1a: Ninetales\n|-sidestart|p1: Jeromeothye|move: Stealth Rock\n|\n|-weather|Snow|[upkeep]\n|upkeep\n|turn|2\n|\n|t:|1700084115\n|move|p1a: Ninetales|Freeze-Dry|p2a: Shimer\n|-damage|p2a: Shimer|65\/100\n|move|p2a: Shimer|Sludge Wave|p1a: Ninetales\n|-supereffective|p1a: Ninetales\n|-damage|p1a: Ninetales|44\/100\n|\n|-weather|Snow|[upkeep]\n|upkeep\n|turn|3\n|\n|t:|1700084124\n|move|p1a: Ninetales|Freeze-Dry|p2a: Shimer\n|-damage|p2a: Shimer|31\/100\n|-status|p2a: Shimer|frz\n|-curestatus|p2a: Shimer|frz|[msg]\n|move|p2a: Shimer|Sludge Wave|p1a: Ninetales\n|-supereffective|p1a: Ninetales\n|-damage|p1a: Ninetales|0 fnt\n|faint|p1a: Ninetales\n|\n|-weather|Snow|[upkeep]\n|upkeep\n|\n|t:|1700084138\n|switch|p1a: Greninja|Greninja, M|100\/100\n|-damage|p1a: Greninja|88\/100|[from] Stealth Rock\n|turn|4\n|\n|t:|1700084150\n|move|p1a: Greninja|Surf|p2a: Shimer\n|-supereffective|p2a: Shimer\n|-damage|p2a: Shimer|0 fnt\n|faint|p2a: Shimer\n|-ability|p1a: Greninja|Battle Bond|boost\n|-boost|p1a: Greninja|atk|1\n|-boost|p1a: Greninja|spa|1\n|-boost|p1a: Greninja|spe|1\n|-activate|p1a: Greninja|ability: Battle Bond\n|\n|-weather|Snow|[upkeep]\n|upkeep\n|\n|t:|1700084168\n|switch|p2a: Splat|Heracross, M, shiny|100\/100\n|turn|5\n|\n|t:|1700084178\n|move|p1a: Greninja|U-turn|p2a: Splat\n|-resisted|p2a: Splat\n|-damage|p2a: Splat|84\/100\n|\n|t:|1700084181\n|switch|p1a: Noctowl|Noctowl, M|100\/100|[from] U-turn\n|move|p2a: Splat|Knock Off|p1a: Noctowl\n|-damage|p1a: Noctowl|75\/100\n|-enditem|p1a: Noctowl|Heavy-Duty Boots|[from] move: Knock Off|[of] p2a: Splat\n|\n|-weather|Snow|[upkeep]\n|-sideend|p1: Jeromeothye|move: Aurora Veil\n|-status|p2a: Splat|brn|[from] item: Flame Orb\n|upkeep\n|turn|6\n|\n|t:|1700084192\n|move|p2a: Splat|Facade|p1a: Noctowl\n|-damage|p1a: Noctowl|0 fnt\n|faint|p1a: Noctowl\n|\n|-weather|Snow|[upkeep]\n|-damage|p2a: Splat|78\/100 brn|[from] brn\n|upkeep\n|\n|t:|1700084204\n|switch|p1a: Greninja|Greninja, M|88\/100\n|-damage|p1a: Greninja|76\/100|[from] Stealth Rock\n|turn|7\n|\n|t:|1700084222\n|move|p1a: Greninja|Surf|p2a: Splat\n|-damage|p2a: Splat|32\/100 brn\n|move|p2a: Splat|Knock Off|p1a: Greninja\n|-resisted|p1a: Greninja\n|-damage|p1a: Greninja|32\/100\n|-enditem|p1a: Greninja|Expert Belt|[from] move: Knock Off|[of] p2a: Splat\n|\n|-weather|Snow|[upkeep]\n|-damage|p2a: Splat|26\/100 brn|[from] brn\n|upkeep\n|turn|8\n|\n|t:|1700084238\n|move|p1a: Greninja|Surf|p2a: Splat\n|-damage|p2a: Splat|0 fnt\n|faint|p2a: Splat\n|\n|-weather|none\n|upkeep\n|\n|t:|1700084245\n|switch|p2a: Gangle|Brambleghast, F|100\/100\n|turn|9\n|\n|t:|1700084255\n|move|p1a: Greninja|Dark Pulse|p2a: Gangle\n|-supereffective|p2a: Gangle\n|-damage|p2a: Gangle|0 fnt\n|faint|p2a: Gangle\n|\n|upkeep\n|\n|t:|1700084263\n|switch|p2a: Vengance|Basculegion, M, shiny|100\/100\n|turn|10\n|\n|t:|1700084269\n|move|p2a: Vengance|Flip Turn|p1a: Greninja\n|-resisted|p1a: Greninja\n|-damage|p1a: Greninja|3\/100\n|\n|t:|1700084274\n|switch|p2a: Jimmy|Mimikyu, M, shiny|100\/100|[from] Flip Turn\n|move|p1a: Greninja|Dark Pulse|p2a: Jimmy\n|-activate|p2a: Jimmy|ability: Disguise\n|-damage|p2a: Jimmy|100\/100\n|detailschange|p2a: Jimmy|Mimikyu-Busted, M, shiny\n|-damage|p2a: Jimmy|88\/100|[from] pokemon: Mimikyu-Busted\n|\n|upkeep\n|turn|11\n|\n|t:|1700084287\n|move|p2a: Jimmy|Shadow Sneak|p1a: Greninja\n|-resisted|p1a: Greninja\n|-damage|p1a: Greninja|0 fnt\n|faint|p1a: Greninja\n|-damage|p2a: Jimmy|78\/100|[from] item: Life Orb\n|\n|upkeep\n|\n|t:|1700084296\n|switch|p1a: Sandslash|Sandslash-Alola, M|100\/100\n|-damage|p1a: Sandslash|88\/100|[from] Stealth Rock\n|turn|12\n|\n|t:|1700084302\n|switch|p2a: Ember|Talonflame, M|100\/100\n|move|p1a: Sandslash|Icicle Spear|p2a: Ember\n|-damage|p2a: Ember|86\/100\n|-damage|p2a: Ember|70\/100\n|-damage|p2a: Ember|56\/100\n|-damage|p2a: Ember|40\/100\n|-damage|p2a: Ember|26\/100\n|-hitcount|p2a: Ember|5\n|\n|upkeep\n|turn|13\n|\n|t:|1700084327\n|move|p2a: Ember|Flamethrower|p1a: Sandslash\n|-supereffective|p1a: Sandslash\n|-damage|p1a: Sandslash|0 fnt\n|faint|p1a: Sandslash\n|\n|upkeep\n|\n|t:|1700084333\n|switch|p1a: Conkeldurr|Conkeldurr, M|100\/100\n|-damage|p1a: Conkeldurr|94\/100|[from] Stealth Rock\n|turn|14\n|\n|t:|1700084340\n|move|p2a: Ember|Air Slash|p1a: Conkeldurr\n|-supereffective|p1a: Conkeldurr\n|-damage|p1a: Conkeldurr|45\/100\n|move|p1a: Conkeldurr|Knock Off|p2a: Ember\n|-damage|p2a: Ember|0 fnt\n|-enditem|p2a: Ember|Heavy-Duty Boots|[from] move: Knock Off|[of] p1a: Conkeldurr\n|faint|p2a: Ember\n|\n|-status|p1a: Conkeldurr|brn|[from] item: Flame Orb\n|upkeep\n|\n|t:|1700084352\n|switch|p2a: Jimmy|Mimikyu-Busted, M, shiny|78\/100\n|turn|15\n|\n|t:|1700084359\n|move|p2a: Jimmy|Play Rough|p1a: Conkeldurr\n|-supereffective|p1a: Conkeldurr\n|-damage|p1a: Conkeldurr|0 fnt\n|faint|p1a: Conkeldurr\n|-damage|p2a: Jimmy|68\/100|[from] item: Life Orb\n|\n|upkeep\n|\n|t:|1700084365\n|switch|p1a: Magcargo|Magcargo, M|100\/100\n|-damage|p1a: Magcargo|76\/100|[from] Stealth Rock\n|turn|16\n|\n|t:|1700084375\n|move|p2a: Jimmy|Shadow Sneak|p1a: Magcargo\n|-damage|p1a: Magcargo|53\/100\n|-ability|p1a: Magcargo|Weak Armor|boost\n|-unboost|p1a: Magcargo|def|1\n|-boost|p1a: Magcargo|spe|2\n|-enditem|p1a: Magcargo|White Herb\n|-clearnegativeboost|p1a: Magcargo|[silent]\n|-damage|p2a: Jimmy|58\/100|[from] item: Life Orb\n|move|p1a: Magcargo|Earth Power|p2a: Jimmy\n|-damage|p2a: Jimmy|26\/100\n|\n|upkeep\n|turn|17\n|\n|t:|1700084395\n|move|p1a: Magcargo|Flamethrower|p2a: Jimmy\n|-damage|p2a: Jimmy|0 fnt\n|faint|p2a: Jimmy\n|\n|upkeep\n|\n|t:|1700084403\n|switch|p2a: Vengance|Basculegion, M, shiny|100\/100\n|turn|18\n|\n|t:|1700084412\n|-terastallize|p1a: Magcargo|Grass\n|move|p2a: Vengance|Wave Crash|p1a: Magcargo\n|-resisted|p1a: Magcargo\n|-damage|p1a: Magcargo|12\/100\n|-ability|p1a: Magcargo|Weak Armor|boost\n|-unboost|p1a: Magcargo|def|1\n|-boost|p1a: Magcargo|spe|2\n|-damage|p2a: Vengance|91\/100|[from] Recoil\n|move|p1a: Magcargo|Tera Blast|p2a: Vengance|[anim] Tera Blast Grass\n|-supereffective|p2a: Vengance\n|-damage|p2a: Vengance|14\/100\n|\n|upkeep\n|turn|19\n|\n|t:|1700084428\n|-terastallize|p2a: Vengance|Ghost\n|move|p1a: Magcargo|Tera Blast|p2a: Vengance|[anim] Tera Blast Grass\n|-damage|p2a: Vengance|0 fnt\n|faint|p2a: Vengance\n|\n|win|Jeromeothye\n|raw|Jeromeothye's rating: 1000 &rarr; <strong>1040<\/strong><br \/>(+40 for winning)\n|raw|jimthejimmy's rating: 1000 &rarr; <strong>1000<\/strong><br \/>(+0 for losing)\n|l|\u2606jimthejimmy\n","uploadtime":1700084438,"views":9,"p1id":"jeromeothye","p2id":"jimthejimmy","formatid":"gen9ou","rating":1000,"private":0,"password":""}