{"id":"gen9ou-1989275339","p1":"tyllconor","p2":"anteatter69","format":"[Gen 9] OU","log":"|j|\u2606tyllconor\n|j|\u2606anteatter69\n|t:|1699830761\n|gametype|singles\n|player|p1|tyllconor|benga|1397\n|player|p2|anteatter69|170|1373\n|teamsize|p1|6\n|teamsize|p2|6\n|gen|9\n|tier|[Gen 9] OU\n|rated|\n|rule|Sleep Clause Mod: Limit one foe put to sleep\n|rule|Species Clause: Limit one of each Pok\u00e9mon\n|rule|OHKO Clause: OHKO moves are banned\n|rule|Evasion Items Clause: Evasion items are banned\n|rule|Evasion Moves Clause: Evasion moves are banned\n|rule|Endless Battle Clause: Forcing endless battles is banned\n|rule|HP Percentage Mod: HP is shown in percentages\n|clearpoke\n|poke|p1|Glimmora, M|\n|poke|p1|Gholdengo|\n|poke|p1|Samurott-Hisui, F|\n|poke|p1|Enamorus, F|\n|poke|p1|Iron Valiant|\n|poke|p1|Kingambit, F|\n|poke|p2|Corviknight, F|\n|poke|p2|Ogerpon-Wellspring, F|\n|poke|p2|Kingambit, M|\n|poke|p2|Rillaboom, F|\n|poke|p2|Sneasler, F|\n|poke|p2|Landorus-Therian, M|\n|teampreview\n|inactive|Battle timer is ON: inactive players will automatically lose when time's up. (requested by anteatter69)\n|\n|t:|1699830768\n|start\n|switch|p1a: Glimmora|Glimmora, M|100\/100\n|switch|p2a: Landorus|Landorus-Therian, M|100\/100\n|-ability|p2a: Landorus|Intimidate|boost\n|-unboost|p1a: Glimmora|atk|1\n|turn|1\n|\n|t:|1699830774\n|move|p1a: Glimmora|Mortal Spin|p2a: Landorus\n|-resisted|p2a: Landorus\n|-damage|p2a: Landorus|99\/100\n|-status|p2a: Landorus|psn\n|-damage|p1a: Glimmora|84\/100|[from] item: Rocky Helmet|[of] p2a: Landorus\n|move|p2a: Landorus|Earthquake|p1a: Glimmora\n|-supereffective|p1a: Glimmora\n|-damage|p1a: Glimmora|0 fnt\n|-activate|p1a: Glimmora|ability: Toxic Debris\n|-sidestart|p2: anteatter69|move: Toxic Spikes\n|faint|p1a: Glimmora\n|\n|-damage|p2a: Landorus|87\/100 psn|[from] psn\n|upkeep\n|inactive|tyllconor has 120 seconds left.\n|\n|t:|1699830827\n|switch|p1a: Samurott|Samurott-Hisui, F|100\/100\n|turn|2\n|\n|t:|1699830834\n|switch|p2a: Corviknight|Corviknight, F, shiny|100\/100\n|-ability|p2a: Corviknight|Pressure\n|move|p1a: Samurott|Ceaseless Edge|p2a: Corviknight\n|-damage|p2a: Corviknight|69\/100\n|-damage|p1a: Samurott|84\/100|[from] item: Rocky Helmet|[of] p2a: Corviknight\n|-sidestart|p2: anteatter69|Spikes\n|\n|upkeep\n|turn|3\n|inactive|tyllconor has 90 seconds left.\n|\n|t:|1699830870\n|move|p1a: Samurott|Ceaseless Edge|p2a: Corviknight\n|-damage|p2a: Corviknight|37\/100\n|-damage|p1a: Samurott|67\/100|[from] item: Rocky Helmet|[of] p2a: Corviknight\n|-sidestart|p2: anteatter69|Spikes\n|move|p2a: Corviknight|U-turn|p1a: Samurott\n|-supereffective|p1a: Samurott\n|-damage|p1a: Samurott|32\/100\n|\n|t:|1699830890\n|switch|p2a: Sneasler|Sneasler, F|100\/100|[from] U-turn\n|-sideend|p2: anteatter69|move: Toxic Spikes|[of] p2a: Sneasler\n|-damage|p2a: Sneasler|84\/100|[from] Spikes\n|\n|upkeep\n|turn|4\n|inactive|tyllconor has 90 seconds left.\n|\n|t:|1699830896\n|move|p1a: Samurott|Aqua Jet|p2a: Sneasler\n|-damage|p2a: Sneasler|50\/100\n|move|p2a: Sneasler|Close Combat|p1a: Samurott\n|-supereffective|p1a: Samurott\n|-damage|p1a: Samurott|0 fnt\n|-unboost|p2a: Sneasler|def|1\n|-unboost|p2a: Sneasler|spd|1\n|faint|p1a: Samurott\n|\n|upkeep\n|inactive|tyllconor has 90 seconds left.\n|\n|t:|1699830918\n|switch|p1a: Gholdengo|Gholdengo|100\/100\n|turn|5\n|\n|t:|1699830925\n|switch|p2a: Landorus|Landorus-Therian, M|87\/100 psn\n|-ability|p2a: Landorus|Intimidate|boost\n|-unboost|p1a: Gholdengo|atk|1\n|move|p1a: Gholdengo|Shadow Ball|p2a: Landorus\n|-damage|p2a: Landorus|38\/100 psn\n|\n|-damage|p2a: Landorus|25\/100 psn|[from] psn\n|upkeep\n|turn|6\n|\n|t:|1699830930\n|move|p1a: Gholdengo|Shadow Ball|p2a: Landorus\n|-damage|p2a: Landorus|0 fnt\n|faint|p2a: Landorus\n|\n|upkeep\n|\n|t:|1699830933\n|switch|p2a: Kingambit|Kingambit, M, shiny|100\/100\n|-activate|p2a: Kingambit|ability: Supreme Overlord\n|-start|p2a: Kingambit|fallen1|[silent]\n|turn|7\n|\n|t:|1699830942\n|switch|p1a: Enamorus|Enamorus, F|100\/100\n|move|p2a: Kingambit|Swords Dance|p2a: Kingambit\n|-boost|p2a: Kingambit|atk|2\n|\n|upkeep\n|turn|8\n|\n|t:|1699830947\n|-terastallize|p2a: Kingambit|Flying\n|move|p1a: Enamorus|Superpower|p2a: Kingambit\n|-resisted|p2a: Kingambit\n|-damage|p2a: Kingambit|85\/100\n|-boost|p1a: Enamorus|atk|1\n|-boost|p1a: Enamorus|def|1\n|move|p2a: Kingambit|Iron Head|p1a: Enamorus\n|-supereffective|p1a: Enamorus\n|-damage|p1a: Enamorus|0 fnt\n|faint|p1a: Enamorus\n|\n|upkeep\n|\n|t:|1699830952\n|switch|p1a: Iron Valiant|Iron Valiant|100\/100\n|-enditem|p1a: Iron Valiant|Booster Energy\n|-activate|p1a: Iron Valiant|ability: Quark Drive|[fromitem]\n|-start|p1a: Iron Valiant|quarkdrivespe\n|turn|9\n|\n|t:|1699830958\n|-terastallize|p1a: Iron Valiant|Steel\n|move|p1a: Iron Valiant|Swords Dance|p1a: Iron Valiant\n|-boost|p1a: Iron Valiant|atk|2\n|move|p2a: Kingambit|Iron Head|p1a: Iron Valiant\n|-resisted|p1a: Iron Valiant\n|-damage|p1a: Iron Valiant|37\/100\n|\n|upkeep\n|turn|10\n|\n|t:|1699830969\n|move|p2a: Kingambit|Sucker Punch||[still]\n|-fail|p2a: Kingambit\n|move|p1a: Iron Valiant|Destiny Bond|p1a: Iron Valiant\n|-singlemove|p1a: Iron Valiant|Destiny Bond\n|\n|upkeep\n|turn|11\n|\n|t:|1699830980\n|move|p2a: Kingambit|Sucker Punch|p1a: Iron Valiant\n|-crit|p1a: Iron Valiant\n|-damage|p1a: Iron Valiant|0 fnt\n|faint|p1a: Iron Valiant\n|-activate|p1a: Iron Valiant|move: Destiny Bond\n|-end|p1a: Iron Valiant|Quark Drive|[silent]\n|faint|p2a: Kingambit\n|-end|p2a: Kingambit|fallen1|[silent]\n|\n|upkeep\n|\n|t:|1699830993\n|switch|p1a: Kingambit|Kingambit, F|100\/100\n|switch|p2a: Rillaboom|Rillaboom, F|100\/100\n|-damage|p2a: Rillaboom|84\/100|[from] Spikes\n|-fieldstart|move: Grassy Terrain|[from] ability: Grassy Surge|[of] p2a: Rillaboom\n|-activate|p1a: Kingambit|ability: Supreme Overlord\n|-start|p1a: Kingambit|fallen4|[silent]\n|turn|12\n|\n|t:|1699830999\n|move|p2a: Rillaboom|Wood Hammer|p1a: Kingambit\n|-resisted|p1a: Kingambit\n|-damage|p1a: Kingambit|56\/100\n|-damage|p2a: Rillaboom|67\/100|[from] Recoil\n|move|p1a: Kingambit|Kowtow Cleave|p2a: Rillaboom\n|-damage|p2a: Rillaboom|0 fnt\n|faint|p2a: Rillaboom\n|\n|-heal|p1a: Kingambit|62\/100|[from] Grassy Terrain\n|-heal|p1a: Kingambit|68\/100|[from] item: Leftovers\n|upkeep\n|\n|t:|1699831004\n|switch|p2a: Sneasler|Sneasler, F|50\/100\n|-damage|p2a: Sneasler|33\/100|[from] Spikes\n|-enditem|p2a: Sneasler|Grassy Seed\n|-boost|p2a: Sneasler|def|1|[from] item: Grassy Seed\n|turn|13\n|\n|t:|1699831020\n|-end|p1a: Kingambit|fallen4|[silent]\n|switch|p1a: Gholdengo|Gholdengo|100\/100\n|move|p2a: Sneasler|Close Combat|p1a: Gholdengo\n|-immune|p1a: Gholdengo\n|\n|-heal|p2a: Sneasler|39\/100|[from] Grassy Terrain\n|upkeep\n|turn|14\n|\n|t:|1699831025\n|move|p2a: Sneasler|Acrobatics|p1a: Gholdengo\n|-resisted|p1a: Gholdengo\n|-damage|p1a: Gholdengo|77\/100\n|move|p1a: Gholdengo|Shadow Ball|p2a: Sneasler\n|-damage|p2a: Sneasler|0 fnt\n|faint|p2a: Sneasler\n|\n|-heal|p1a: Gholdengo|83\/100|[from] Grassy Terrain\n|upkeep\n|\n|t:|1699831028\n|switch|p2a: Ogerpon|Ogerpon-Wellspring, F|100\/100\n|-damage|p2a: Ogerpon|84\/100|[from] Spikes\n|turn|15\n|\n|t:|1699831040\n|move|p1a: Gholdengo|Shadow Ball|p2a: Ogerpon\n|-damage|p2a: Ogerpon|35\/100\n|-unboost|p2a: Ogerpon|spd|1\n|move|p2a: Ogerpon|Knock Off|p1a: Gholdengo\n|-supereffective|p1a: Gholdengo\n|-damage|p1a: Gholdengo|0 fnt\n|-enditem|p1a: Gholdengo|Choice Scarf|[from] move: Knock Off|[of] p2a: Ogerpon\n|faint|p1a: Gholdengo\n|\n|-heal|p2a: Ogerpon|41\/100|[from] Grassy Terrain\n|upkeep\n|\n|t:|1699831052\n|switch|p1a: Kingambit|Kingambit, F|68\/100\n|-activate|p1a: Kingambit|ability: Supreme Overlord\n|-start|p1a: Kingambit|fallen5|[silent]\n|turn|16\n|\n|t:|1699831068\n|move|p1a: Kingambit|Sucker Punch||[still]\n|-fail|p1a: Kingambit\n|move|p2a: Ogerpon|Swords Dance|p2a: Ogerpon\n|-boost|p2a: Ogerpon|atk|2\n|\n|-heal|p2a: Ogerpon|47\/100|[from] Grassy Terrain\n|-heal|p1a: Kingambit|75\/100|[from] Grassy Terrain\n|-heal|p1a: Kingambit|81\/100|[from] item: Leftovers\n|-fieldend|move: Grassy Terrain\n|upkeep\n|turn|17\n|\n|t:|1699831072\n|move|p1a: Kingambit|Sucker Punch||[still]\n|-fail|p1a: Kingambit\n|move|p2a: Ogerpon|Swords Dance|p2a: Ogerpon\n|-boost|p2a: Ogerpon|atk|2\n|\n|-heal|p1a: Kingambit|87\/100|[from] item: Leftovers\n|upkeep\n|turn|18\n|\n|t:|1699831076\n|move|p1a: Kingambit|Sucker Punch|p2a: Ogerpon\n|-damage|p2a: Ogerpon|0 fnt\n|faint|p2a: Ogerpon\n|\n|-heal|p1a: Kingambit|93\/100|[from] item: Leftovers\n|upkeep\n|\n|t:|1699831078\n|switch|p2a: Corviknight|Corviknight, F, shiny|37\/100\n|-ability|p2a: Corviknight|Pressure\n|turn|19\n|c|\u2606anteatter69|ggs wp\n|\n|t:|1699831084\n|move|p2a: Corviknight|Brave Bird|p1a: Kingambit\n|-resisted|p1a: Kingambit\n|-damage|p1a: Kingambit|81\/100\n|-damage|p2a: Corviknight|33\/100|[from] Recoil\n|move|p1a: Kingambit|Kowtow Cleave|p2a: Corviknight\n|-damage|p2a: Corviknight|0 fnt\n|-damage|p1a: Kingambit|64\/100|[from] item: Rocky Helmet|[of] p2a: Corviknight\n|faint|p2a: Corviknight\n|\n|win|tyllconor\n|raw|tyllconor's rating: 1397 &rarr; <strong>1416<\/strong><br \/>(+19 for winning)\n|raw|anteatter69's rating: 1373 &rarr; <strong>1354<\/strong><br \/>(-19 for losing)\n|l|\u2606anteatter69\n|c|\u2606tyllconor|Gg\n","uploadtime":1699831165,"views":9,"p1id":"tyllconor","p2id":"anteatter69","formatid":"gen9ou","rating":1354,"private":0,"password":""}