{"id":"gen9ou-1998251395","p1":"Koga Woga","p2":"TheKalosDex","format":"[Gen 9] OU","log":"|j|\u2606Koga Woga\n|j|\u2606TheKalosDex\n|t:|1700920008\n|gametype|singles\n|player|p1|Koga Woga|266|1046\n|player|p2|TheKalosDex|colress-gen7|1134\n|teamsize|p1|6\n|teamsize|p2|6\n|gen|9\n|tier|[Gen 9] OU\n|rated|\n|rule|Sleep Clause Mod: Limit one foe put to sleep\n|rule|Species Clause: Limit one of each Pok\u00e9mon\n|rule|OHKO Clause: OHKO moves are banned\n|rule|Evasion Items Clause: Evasion items are banned\n|rule|Evasion Moves Clause: Evasion moves are banned\n|rule|Endless Battle Clause: Forcing endless battles is banned\n|rule|HP Percentage Mod: HP is shown in percentages\n|clearpoke\n|poke|p1|Dragapult, F|\n|poke|p1|Enamorus, F|\n|poke|p1|Gholdengo|\n|poke|p1|Toxapex, F|\n|poke|p1|Ting-Lu|\n|poke|p1|Corviknight, M|\n|poke|p2|Manaphy|\n|poke|p2|Corviknight, F|\n|poke|p2|Dragonite, F|\n|poke|p2|Ninetales-Alola, M|\n|poke|p2|Iron Valiant|\n|poke|p2|Maushold-Four|\n|teampreview\n|inactive|Battle timer is ON: inactive players will automatically lose when time's up. (requested by TheKalosDex)\n|\n|t:|1700920036\n|start\n|switch|p1a: Dragapult|Dragapult, F|100\/100\n|switch|p2a: Maushold|Maushold-Four|100\/100\n|turn|1\n|\n|t:|1700920046\n|move|p2a: Maushold|Beat Up|p1a: Dragapult\n|-supereffective|p1a: Dragapult\n|-damage|p1a: Dragapult|87\/100\n|-supereffective|p1a: Dragapult\n|-damage|p1a: Dragapult|73\/100\n|-supereffective|p1a: Dragapult\n|-damage|p1a: Dragapult|53\/100\n|-supereffective|p1a: Dragapult\n|-damage|p1a: Dragapult|41\/100\n|-supereffective|p1a: Dragapult\n|-damage|p1a: Dragapult|23\/100\n|-supereffective|p1a: Dragapult\n|-damage|p1a: Dragapult|5\/100\n|-hitcount|p1a: Dragapult|6\n|move|p1a: Dragapult|Dragon Dance|p1a: Dragapult\n|-boost|p1a: Dragapult|atk|1\n|-boost|p1a: Dragapult|spe|1\n|\n|upkeep\n|turn|2\n|\n|t:|1700920062\n|move|p1a: Dragapult|Dragon Darts|p2a: Maushold\n|-damage|p2a: Maushold|56\/100\n|-anim|p1a: Dragapult|Dragon Darts|p2a: Maushold\n|-damage|p2a: Maushold|8\/100\n|move|p2a: Maushold|Encore|p1a: Dragapult\n|-start|p1a: Dragapult|Encore\n|\n|upkeep\n|turn|3\n|\n|t:|1700920069\n|move|p1a: Dragapult|Dragon Darts|p2a: Maushold\n|-damage|p2a: Maushold|0 fnt\n|faint|p2a: Maushold\n|\n|upkeep\n|\n|t:|1700920075\n|switch|p2a: Ninetales|Ninetales-Alola, M|100\/100\n|-weather|Snow|[from] ability: Snow Warning|[of] p2a: Ninetales\n|turn|4\n|\n|t:|1700920088\n|switch|p1a: Gholdengo|Gholdengo|100\/100\n|move|p2a: Ninetales|Aurora Veil|p2a: Ninetales\n|-sidestart|p2: TheKalosDex|move: Aurora Veil\n|\n|-weather|Snow|[upkeep]\n|upkeep\n|turn|5\n|\n|t:|1700920099\n|switch|p2a: Manaphy|Manaphy|100\/100\n|move|p1a: Gholdengo|Trick|p2a: Manaphy\n|-activate|p1a: Gholdengo|move: Trick|[of] p2a: Manaphy\n|-item|p2a: Manaphy|Choice Scarf|[from] move: Trick\n|-item|p1a: Gholdengo|Focus Sash|[from] move: Trick\n|\n|-weather|Snow|[upkeep]\n|upkeep\n|turn|6\n|\n|t:|1700920110\n|move|p2a: Manaphy|Shadow Ball|p1a: Gholdengo\n|-supereffective|p1a: Gholdengo\n|-damage|p1a: Gholdengo|44\/100\n|-unboost|p1a: Gholdengo|spd|1\n|move|p1a: Gholdengo|Nasty Plot|p1a: Gholdengo\n|-boost|p1a: Gholdengo|spa|2\n|\n|-weather|Snow|[upkeep]\n|upkeep\n|turn|7\n|\n|t:|1700920139\n|switch|p1a: Ting-Lu|Ting-Lu|100\/100\n|-ability|p1a: Ting-Lu|Vessel of Ruin\n|move|p2a: Manaphy|Shadow Ball|p1a: Ting-Lu\n|-resisted|p1a: Ting-Lu\n|-damage|p1a: Ting-Lu|96\/100\n|-unboost|p1a: Ting-Lu|spd|1\n|\n|-weather|Snow|[upkeep]\n|-heal|p1a: Ting-Lu|100\/100|[from] item: Leftovers\n|upkeep\n|turn|8\n|inactive|Koga Woga has 120 seconds left.\n|\n|t:|1700920154\n|switch|p2a: Ninetales|Ninetales-Alola, M|100\/100\n|move|p1a: Ting-Lu|Stealth Rock|p2a: Ninetales\n|-sidestart|p2: TheKalosDex|move: Stealth Rock\n|\n|-weather|none\n|upkeep\n|turn|9\n|inactive|Koga Woga has 120 seconds left.\n|\n|t:|1700920169\n|-terastallize|p1a: Ting-Lu|Poison\n|move|p2a: Ninetales|Moonblast|p1a: Ting-Lu\n|-resisted|p1a: Ting-Lu\n|-damage|p1a: Ting-Lu|90\/100\n|-unboost|p1a: Ting-Lu|spa|1\n|move|p1a: Ting-Lu|Whirlwind|p2a: Ninetales\n|drag|p2a: Manaphy|Manaphy|100\/100\n|-damage|p2a: Manaphy|88\/100|[from] Stealth Rock\n|\n|-heal|p1a: Ting-Lu|96\/100|[from] item: Leftovers\n|upkeep\n|turn|10\n|inactive|Koga Woga has 120 seconds left.\n|\n|t:|1700920186\n|move|p2a: Manaphy|Surf|p1a: Ting-Lu\n|-damage|p1a: Ting-Lu|72\/100\n|move|p1a: Ting-Lu|Ruination|p2a: Manaphy\n|-damage|p2a: Manaphy|44\/100\n|\n|-heal|p1a: Ting-Lu|79\/100|[from] item: Leftovers\n|upkeep\n|turn|11\n|\n|t:|1700920195\n|move|p2a: Manaphy|Surf|p1a: Ting-Lu\n|-damage|p1a: Ting-Lu|55\/100\n|move|p1a: Ting-Lu|Earthquake|p2a: Manaphy\n|-damage|p2a: Manaphy|26\/100\n|\n|-heal|p1a: Ting-Lu|61\/100|[from] item: Leftovers\n|-sideend|p2: TheKalosDex|move: Aurora Veil\n|upkeep\n|turn|12\n|inactive|Koga Woga has 120 seconds left.\n|\n|t:|1700920221\n|switch|p1a: Toxapex|Toxapex, F|100\/100\n|move|p2a: Manaphy|Surf|p1a: Toxapex\n|-resisted|p1a: Toxapex\n|-damage|p1a: Toxapex|85\/100\n|\n|-heal|p1a: Toxapex|91\/100|[from] item: Black Sludge\n|upkeep\n|turn|13\n|\n|t:|1700920232\n|switch|p2a: Corviknight|Corviknight, F, shiny|100\/100\n|-damage|p2a: Corviknight|88\/100|[from] Stealth Rock\n|-ability|p2a: Corviknight|Pressure\n|move|p1a: Toxapex|Liquidation|p2a: Corviknight\n|-crit|p2a: Corviknight\n|-damage|p2a: Corviknight|68\/100\n|\n|-heal|p2a: Corviknight|74\/100|[from] item: Leftovers\n|-heal|p1a: Toxapex|97\/100|[from] item: Black Sludge\n|upkeep\n|turn|14\n|\n|t:|1700920254\n|switch|p1a: Corviknight|Corviknight, M|100\/100\n|-ability|p1a: Corviknight|Pressure\n|move|p2a: Corviknight|Brave Bird|p1a: Corviknight\n|-resisted|p1a: Corviknight\n|-damage|p1a: Corviknight|84\/100\n|-damage|p2a: Corviknight|69\/100|[from] Recoil\n|\n|-heal|p1a: Corviknight|90\/100|[from] item: Leftovers\n|-heal|p2a: Corviknight|75\/100|[from] item: Leftovers\n|upkeep\n|turn|15\n|\n|t:|1700920267\n|move|p1a: Corviknight|Bulk Up|p1a: Corviknight\n|-boost|p1a: Corviknight|atk|1\n|-boost|p1a: Corviknight|def|1\n|move|p2a: Corviknight|Body Press|p1a: Corviknight\n|-damage|p1a: Corviknight|76\/100\n|\n|-heal|p1a: Corviknight|82\/100|[from] item: Leftovers\n|-heal|p2a: Corviknight|81\/100|[from] item: Leftovers\n|upkeep\n|turn|16\n|\n|t:|1700920278\n|move|p2a: Corviknight|U-turn|p1a: Corviknight\n|-resisted|p1a: Corviknight\n|-damage|p1a: Corviknight|80\/100\n|\n|t:|1700920281\n|switch|p2a: Ninetales|Ninetales-Alola, M|100\/100|[from] U-turn\n|-damage|p2a: Ninetales|76\/100|[from] Stealth Rock\n|-weather|Snow|[from] ability: Snow Warning|[of] p2a: Ninetales\n|move|p1a: Corviknight|Bulk Up|p1a: Corviknight\n|-boost|p1a: Corviknight|atk|1\n|-boost|p1a: Corviknight|def|1\n|\n|-weather|Snow|[upkeep]\n|-heal|p1a: Corviknight|86\/100|[from] item: Leftovers\n|upkeep\n|turn|17\n|\n|t:|1700920297\n|move|p2a: Ninetales|Blizzard|p1a: Corviknight\n|-damage|p1a: Corviknight|56\/100\n|move|p1a: Corviknight|Dual Wingbeat|p2a: Ninetales\n|-crit|p2a: Ninetales\n|-damage|p2a: Ninetales|39\/100\n|-damage|p2a: Ninetales|14\/100\n|-hitcount|p2a: Ninetales|2\n|\n|-weather|Snow|[upkeep]\n|-heal|p1a: Corviknight|62\/100|[from] item: Leftovers\n|upkeep\n|turn|18\n|\n|t:|1700920310\n|move|p2a: Ninetales|Blizzard|p1a: Corviknight\n|-damage|p1a: Corviknight|31\/100\n|move|p1a: Corviknight|Roost|p1a: Corviknight\n|-heal|p1a: Corviknight|81\/100\n|-singleturn|p1a: Corviknight|move: Roost\n|\n|-weather|Snow|[upkeep]\n|-heal|p1a: Corviknight|87\/100|[from] item: Leftovers\n|upkeep\n|turn|19\n|\n|t:|1700920321\n|move|p2a: Ninetales|Blizzard|p1a: Corviknight\n|-damage|p1a: Corviknight|57\/100\n|move|p1a: Corviknight|Dual Wingbeat|p2a: Ninetales\n|-damage|p2a: Ninetales|0 fnt\n|faint|p2a: Ninetales\n|-hitcount|p2: Ninetales|1\n|\n|-weather|Snow|[upkeep]\n|-heal|p1a: Corviknight|63\/100|[from] item: Leftovers\n|upkeep\n|\n|t:|1700920334\n|switch|p2a: Manaphy|Manaphy|26\/100\n|-damage|p2a: Manaphy|14\/100|[from] Stealth Rock\n|turn|20\n|\n|t:|1700920344\n|move|p2a: Manaphy|Ice Beam|p1a: Corviknight\n|-damage|p1a: Corviknight|44\/100\n|-status|p1a: Corviknight|frz\n|cant|p1a: Corviknight|frz\n|\n|-weather|none\n|-heal|p1a: Corviknight|50\/100 frz|[from] item: Leftovers\n|upkeep\n|turn|21\n|\n|t:|1700920356\n|move|p2a: Manaphy|Ice Beam|p1a: Corviknight\n|-damage|p1a: Corviknight|32\/100 frz\n|-curestatus|p1a: Corviknight|frz|[msg]\n|move|p1a: Corviknight|Roost|p1a: Corviknight\n|-heal|p1a: Corviknight|82\/100\n|-singleturn|p1a: Corviknight|move: Roost\n|\n|-heal|p1a: Corviknight|88\/100|[from] item: Leftovers\n|upkeep\n|turn|22\n|-message|TheKalosDex forfeited.\n|\n|win|Koga Woga\n|raw|Koga Woga's rating: 1046 &rarr; <strong>1087<\/strong><br \/>(+41 for winning)\n|raw|TheKalosDex's rating: 1134 &rarr; <strong>1103<\/strong><br \/>(-31 for losing)\n|l|\u2606TheKalosDex\n","uploadtime":1700920396,"views":0,"p1id":"kogawoga","p2id":"thekalosdex","formatid":"gen9ou","rating":1087,"private":0,"password":""}