{"id":"gen9ou-1989106781","p1":"FeFezzz","p2":"red violet blue","format":"[Gen 9] OU","log":"|j|\u2606FeFezzz\n|j|\u2606red violet blue\n|t:|1699812913\n|gametype|singles\n|player|p1|FeFezzz|kimonogirl|1410\n|player|p2|red violet blue|1|1505\n|teamsize|p1|6\n|teamsize|p2|6\n|gen|9\n|tier|[Gen 9] OU\n|rated|\n|rule|Sleep Clause Mod: Limit one foe put to sleep\n|rule|Species Clause: Limit one of each Pok\u00e9mon\n|rule|OHKO Clause: OHKO moves are banned\n|rule|Evasion Items Clause: Evasion items are banned\n|rule|Evasion Moves Clause: Evasion moves are banned\n|rule|Endless Battle Clause: Forcing endless battles is banned\n|rule|HP Percentage Mod: HP is shown in percentages\n|clearpoke\n|poke|p1|Gholdengo|\n|poke|p1|Ogerpon-Cornerstone, F|\n|poke|p1|Toxapex, F|\n|poke|p1|Corviknight, F|\n|poke|p1|Glimmora, M|\n|poke|p1|Great Tusk|\n|poke|p2|Rillaboom, F|\n|poke|p2|Sneasler, F|\n|poke|p2|Samurott-Hisui, M|\n|poke|p2|Ogerpon-Cornerstone, F|\n|poke|p2|Ceruledge, F|\n|poke|p2|Iron Moth|\n|teampreview\n|inactive|Battle timer is ON: inactive players will automatically lose when time's up. (requested by red violet blue)\n|\n|t:|1699812927\n|start\n|switch|p1a: Glimmora|Glimmora, M|100\/100\n|switch|p2a: Samurott|Samurott-Hisui, M|100\/100\n|turn|1\n|\n|t:|1699812942\n|move|p1a: Glimmora|Stealth Rock|p2a: Samurott\n|-sidestart|p2: red violet blue|move: Stealth Rock\n|move|p2a: Samurott|Surf|p1a: Glimmora\n|-supereffective|p1a: Glimmora\n|-damage|p1a: Glimmora|22\/100\n|\n|upkeep\n|turn|2\n|\n|t:|1699812953\n|move|p1a: Glimmora|Energy Ball|p2a: Samurott\n|-supereffective|p2a: Samurott\n|-damage|p2a: Samurott|14\/100\n|move|p2a: Samurott|Ceaseless Edge|p1a: Glimmora\n|-damage|p1a: Glimmora|0 fnt\n|-activate|p1a: Glimmora|ability: Toxic Debris\n|-sidestart|p2: red violet blue|move: Toxic Spikes\n|-sidestart|p1: FeFezzz|Spikes\n|faint|p1a: Glimmora\n|\n|upkeep\n|inactive|FeFezzz has 120 seconds left.\n|\n|t:|1699812995\n|switch|p1a: Great Tusk|Great Tusk|100\/100\n|-damage|p1a: Great Tusk|88\/100|[from] Spikes\n|-enditem|p1a: Great Tusk|Booster Energy\n|-activate|p1a: Great Tusk|ability: Protosynthesis|[fromitem]\n|-start|p1a: Great Tusk|protosynthesisspe\n|turn|3\n|\n|t:|1699813008\n|move|p2a: Samurott|Aqua Jet|p1a: Great Tusk\n|-supereffective|p1a: Great Tusk\n|-damage|p1a: Great Tusk|66\/100\n|move|p1a: Great Tusk|Rapid Spin|p2a: Samurott\n|-damage|p2a: Samurott|0 fnt\n|-boost|p1a: Great Tusk|spe|1\n|-sideend|p1: FeFezzz|Spikes|[from] move: Rapid Spin|[of] p1a: Great Tusk\n|faint|p2a: Samurott\n|\n|upkeep\n|\n|t:|1699813024\n|switch|p2a: Sneasler|Sneasler, F|100\/100\n|-damage|p2a: Sneasler|95\/100|[from] Stealth Rock\n|-sideend|p2: red violet blue|move: Toxic Spikes|[of] p2a: Sneasler\n|turn|4\n|inactive|FeFezzz has 90 seconds left.\n|\n|t:|1699813052\n|switch|p2a: Rillaboom|Rillaboom, F|100\/100\n|-damage|p2a: Rillaboom|88\/100|[from] Stealth Rock\n|-fieldstart|move: Grassy Terrain|[from] ability: Grassy Surge|[of] p2a: Rillaboom\n|move|p1a: Great Tusk|Bulk Up|p1a: Great Tusk\n|-boost|p1a: Great Tusk|atk|1\n|-boost|p1a: Great Tusk|def|1\n|\n|-heal|p1a: Great Tusk|72\/100|[from] Grassy Terrain\n|-heal|p2a: Rillaboom|94\/100|[from] Grassy Terrain\n|upkeep\n|turn|5\n|inactive|FeFezzz has 90 seconds left.\n|\n|t:|1699813066\n|-terastallize|p1a: Great Tusk|Fighting\n|move|p1a: Great Tusk|Bulk Up|p1a: Great Tusk\n|-boost|p1a: Great Tusk|atk|1\n|-boost|p1a: Great Tusk|def|1\n|move|p2a: Rillaboom|Drum Beating|p1a: Great Tusk\n|-damage|p1a: Great Tusk|53\/100\n|-unboost|p1a: Great Tusk|spe|1\n|\n|-heal|p1a: Great Tusk|59\/100|[from] Grassy Terrain\n|-heal|p2a: Rillaboom|99\/100|[from] Grassy Terrain\n|upkeep\n|turn|6\n|inactive|FeFezzz has 90 seconds left.\n|inactive|FeFezzz has 60 seconds left.\n|\n|t:|1699813108\n|move|p1a: Great Tusk|Close Combat|p2a: Rillaboom\n|-damage|p2a: Rillaboom|0 fnt\n|-unboost|p1a: Great Tusk|def|1\n|-unboost|p1a: Great Tusk|spd|1\n|faint|p2a: Rillaboom\n|\n|-heal|p1a: Great Tusk|65\/100|[from] Grassy Terrain\n|upkeep\n|\n|t:|1699813118\n|switch|p2a: Iron Moth|Iron Moth|100\/100\n|-damage|p2a: Iron Moth|76\/100|[from] Stealth Rock\n|-enditem|p2a: Iron Moth|Booster Energy\n|-activate|p2a: Iron Moth|ability: Quark Drive|[fromitem]\n|-start|p2a: Iron Moth|quarkdrivespe\n|turn|7\n|inactive|FeFezzz has 60 seconds left.\n|\n|t:|1699813138\n|-end|p1a: Great Tusk|Protosynthesis|[silent]\n|switch|p1a: Toxapex|Toxapex, F|100\/100\n|move|p2a: Iron Moth|Fiery Dance|p1a: Toxapex\n|-resisted|p1a: Toxapex\n|-damage|p1a: Toxapex|90\/100\n|-boost|p2a: Iron Moth|spa|1\n|\n|-heal|p2a: Iron Moth|82\/100|[from] Grassy Terrain\n|-heal|p1a: Toxapex|96\/100|[from] Grassy Terrain\n|upkeep\n|turn|8\n|\n|t:|1699813157\n|-end|p2a: Iron Moth|Quark Drive|[silent]\n|switch|p2a: Ogerpon|Ogerpon-Cornerstone, F|100\/100\n|-damage|p2a: Ogerpon|88\/100|[from] Stealth Rock\n|move|p1a: Toxapex|Infestation|p2a: Ogerpon\n|-supereffective|p2a: Ogerpon\n|-damage|p2a: Ogerpon|78\/100\n|-activate|p2a: Ogerpon|move: Infestation|[of] p1a: Toxapex\n|\n|-heal|p2a: Ogerpon|84\/100|[from] Grassy Terrain\n|-heal|p1a: Toxapex|100\/100|[from] Grassy Terrain\n|-damage|p2a: Ogerpon|72\/100|[from] move: Infestation|[partiallytrapped]\n|upkeep\n|turn|9\n|\n|t:|1699813167\n|move|p2a: Ogerpon|Swords Dance|p2a: Ogerpon\n|-boost|p2a: Ogerpon|atk|2\n|move|p1a: Toxapex|Sludge Bomb|p2a: Ogerpon\n|-damage|p2a: Ogerpon|40\/100\n|\n|-heal|p2a: Ogerpon|46\/100|[from] Grassy Terrain\n|-damage|p2a: Ogerpon|33\/100|[from] move: Infestation|[partiallytrapped]\n|upkeep\n|turn|10\n|\n|t:|1699813176\n|move|p2a: Ogerpon|Power Whip|p1a: Toxapex|[miss]\n|-miss|p2a: Ogerpon|p1a: Toxapex\n|move|p1a: Toxapex|Sludge Bomb|p2a: Ogerpon\n|-damage|p2a: Ogerpon|0 fnt\n|faint|p2a: Ogerpon\n|\n|upkeep\n|\n|t:|1699813183\n|switch|p2a: Sneasler|Sneasler, F|95\/100\n|-damage|p2a: Sneasler|89\/100|[from] Stealth Rock\n|-enditem|p2a: Sneasler|Grassy Seed\n|-boost|p2a: Sneasler|def|1|[from] item: Grassy Seed\n|turn|11\n|\n|t:|1699813189\n|move|p2a: Sneasler|Swords Dance|p2a: Sneasler\n|-boost|p2a: Sneasler|atk|2\n|move|p1a: Toxapex|Infestation|p2a: Sneasler\n|-resisted|p2a: Sneasler\n|-damage|p2a: Sneasler|87\/100\n|-activate|p2a: Sneasler|move: Infestation|[of] p1a: Toxapex\n|\n|-heal|p2a: Sneasler|93\/100|[from] Grassy Terrain\n|-damage|p2a: Sneasler|81\/100|[from] move: Infestation|[partiallytrapped]\n|-fieldend|move: Grassy Terrain\n|upkeep\n|turn|12\n|\n|t:|1699813199\n|move|p2a: Sneasler|Dire Claw|p1a: Toxapex\n|-resisted|p1a: Toxapex\n|-damage|p1a: Toxapex|63\/100\n|-status|p1a: Toxapex|slp\n|cant|p1a: Toxapex|slp\n|\n|-damage|p2a: Sneasler|69\/100|[from] move: Infestation|[partiallytrapped]\n|upkeep\n|turn|13\n|\n|t:|1699813217\n|move|p2a: Sneasler|Swords Dance|p2a: Sneasler\n|-boost|p2a: Sneasler|atk|2\n|-curestatus|p1a: Toxapex|slp|[msg]\n|move|p1a: Toxapex|Surf|p2a: Sneasler\n|-damage|p2a: Sneasler|28\/100\n|\n|-damage|p2a: Sneasler|16\/100|[from] move: Infestation|[partiallytrapped]\n|upkeep\n|turn|14\n|\n|t:|1699813240\n|-terastallize|p2a: Sneasler|Ghost\n|move|p2a: Sneasler|Shadow Claw|p1a: Toxapex\n|-damage|p1a: Toxapex|0 fnt\n|faint|p1a: Toxapex\n|\n|-end|p2a: Sneasler|Infestation|[partiallytrapped]|[silent]\n|upkeep\n|\n|t:|1699813254\n|switch|p1a: Ogerpon|Ogerpon-Cornerstone, F|100\/100\n|turn|15\n|\n|t:|1699813261\n|move|p2a: Sneasler|Dire Claw|p1a: Ogerpon\n|-crit|p1a: Ogerpon\n|-ability|p1a: Ogerpon|Sturdy\n|-damage|p1a: Ogerpon|1\/100\n|-status|p1a: Ogerpon|slp\n|cant|p1a: Ogerpon|slp\n|\n|upkeep\n|turn|16\n|\n|t:|1699813272\n|move|p2a: Sneasler|Dire Claw|p1a: Ogerpon\n|-damage|p1a: Ogerpon|0 fnt\n|faint|p1a: Ogerpon\n|\n|upkeep\n|\n|t:|1699813278\n|switch|p1a: Corviknight|Corviknight, F|100\/100\n|-ability|p1a: Corviknight|Pressure\n|turn|17\n|\n|t:|1699813285\n|move|p2a: Sneasler|Close Combat|p1a: Corviknight\n|-damage|p1a: Corviknight|0 fnt\n|-unboost|p2a: Sneasler|def|1\n|-unboost|p2a: Sneasler|spd|1\n|-damage|p2a: Sneasler|0 fnt|[from] item: Rocky Helmet|[of] p1a: Corviknight\n|faint|p1a: Corviknight\n|faint|p2a: Sneasler\n|\n|upkeep\n|inactive|FeFezzz has 90 seconds left.\n|\n|t:|1699813303\n|switch|p2a: Iron Moth|Iron Moth|82\/100\n|switch|p1a: Great Tusk|Great Tusk, tera:Fighting|65\/100\n|-damage|p2a: Iron Moth|57\/100|[from] Stealth Rock\n|turn|18\n|\n|t:|1699813314\n|move|p2a: Iron Moth|Dazzling Gleam|p1a: Great Tusk\n|-supereffective|p1a: Great Tusk\n|-damage|p1a: Great Tusk|0 fnt\n|faint|p1a: Great Tusk\n|-end|p1a: Great Tusk|Protosynthesis|[silent]\n|\n|upkeep\n|\n|t:|1699813318\n|switch|p1a: Gholdengo|Gholdengo|100\/100\n|turn|19\n|\n|t:|1699813322\n|move|p1a: Gholdengo|Shadow Ball|p2a: Iron Moth\n|-damage|p2a: Iron Moth|15\/100\n|move|p2a: Iron Moth|Fiery Dance|p1a: Gholdengo\n|-supereffective|p1a: Gholdengo\n|-damage|p1a: Gholdengo|5\/100\n|-boost|p2a: Iron Moth|spa|1\n|\n|upkeep\n|turn|20\n|\n|t:|1699813329\n|move|p1a: Gholdengo|Shadow Ball|p2a: Iron Moth\n|-damage|p2a: Iron Moth|0 fnt\n|faint|p2a: Iron Moth\n|-end|p2a: Iron Moth|Quark Drive|[silent]\n|\n|upkeep\n|\n|t:|1699813335\n|switch|p2a: Ceruledge|Ceruledge, F|100\/100\n|turn|21\n|\n|t:|1699813338\n|move|p2a: Ceruledge|Shadow Sneak|p1a: Gholdengo\n|-supereffective|p1a: Gholdengo\n|-damage|p1a: Gholdengo|0 fnt\n|faint|p1a: Gholdengo\n|\n|win|red violet blue\n|raw|FeFezzz's rating: 1410 &rarr; <strong>1395<\/strong><br \/>(-15 for losing)\n|raw|red violet blue's rating: 1505 &rarr; <strong>1520<\/strong><br \/>(+15 for winning)\n","uploadtime":1699813345,"views":13,"p1id":"fefezzz","p2id":"redvioletblue","formatid":"gen9ou","rating":1395,"private":0,"password":""}