{"id":"gen9ou-1988720779","p1":"spider_097656","p2":"RovaRed","format":"[Gen 9] OU","log":"|j|\u2606spider_097656\n|j|\u2606RovaRed\n|t:|1699754720\n|gametype|singles\n|player|p1|spider_097656|plasmagruntf|1431\n|player|p2|RovaRed|wicke|1387\n|teamsize|p1|6\n|teamsize|p2|6\n|gen|9\n|tier|[Gen 9] OU\n|rated|\n|rule|Sleep Clause Mod: Limit one foe put to sleep\n|rule|Species Clause: Limit one of each Pok\u00e9mon\n|rule|OHKO Clause: OHKO moves are banned\n|rule|Evasion Items Clause: Evasion items are banned\n|rule|Evasion Moves Clause: Evasion moves are banned\n|rule|Endless Battle Clause: Forcing endless battles is banned\n|rule|HP Percentage Mod: HP is shown in percentages\n|clearpoke\n|poke|p1|Dondozo, M|\n|poke|p1|Ceruledge, M|\n|poke|p1|Iron Valiant|\n|poke|p1|Blissey, F|\n|poke|p1|Cinderace, F|\n|poke|p1|Dragapult, M|\n|poke|p2|Shiftry, M|\n|poke|p2|Iron Moth|\n|poke|p2|Rillaboom, M|\n|poke|p2|Brambleghast, M|\n|poke|p2|Sneasler, F|\n|poke|p2|Great Tusk|\n|teampreview\n|inactive|Battle timer is ON: inactive players will automatically lose when time's up. (requested by spider_097656)\n|\n|t:|1699754740\n|start\n|switch|p1a: ejecting children|Dragapult, M|100\/100\n|switch|p2a: The Fumble|Shiftry, M|100\/100\n|turn|1\n|\n|t:|1699754747\n|move|p1a: ejecting children|Reflect|p1a: ejecting children\n|-sidestart|p1: spider_097656|Reflect\n|move|p2a: The Fumble|Tailwind|p2a: The Fumble\n|-sidestart|p2: RovaRed|move: Tailwind\n|-ability|p2a: The Fumble|Wind Rider|boost\n|-boost|p2a: The Fumble|atk|1\n|\n|upkeep\n|turn|2\n|\n|t:|1699754754\n|switch|p1a: The unaware|Dondozo, M|100\/100\n|move|p2a: The Fumble|Knock Off|p1a: The unaware\n|-damage|p1a: The unaware|92\/100\n|-damage|p2a: The Fumble|84\/100|[from] item: Rocky Helmet|[of] p1a: The unaware\n|-enditem|p1a: The unaware|Rocky Helmet|[from] move: Knock Off|[of] p2a: The Fumble\n|\n|upkeep\n|turn|3\n|\n|t:|1699754767\n|switch|p2a: Hookline|Rillaboom, M|100\/100\n|-fieldstart|move: Grassy Terrain|[from] ability: Grassy Surge|[of] p2a: Hookline\n|switch|p1a: The support...?|Blissey, F|100\/100\n|\n|upkeep\n|turn|4\n|\n|t:|1699754774\n|switch|p1a: ejecting children|Dragapult, M|100\/100\n|move|p2a: Hookline|Brick Break|p1a: ejecting children\n|-immune|p1a: ejecting children\n|\n|-sideend|p2: RovaRed|move: Tailwind\n|upkeep\n|turn|5\n|\n|t:|1699754781\n|move|p1a: ejecting children|Curse|p2a: Hookline\n|-start|p2a: Hookline|Curse|[of] p1a: ejecting children\n|-damage|p1a: ejecting children|50\/100\n|move|p2a: Hookline|Knock Off|p1a: ejecting children\n|-supereffective|p1a: ejecting children\n|-damage|p1a: ejecting children|9\/100\n|-enditem|p1a: ejecting children|Light Clay|[from] move: Knock Off|[of] p2a: Hookline\n|\n|-heal|p1a: ejecting children|15\/100|[from] Grassy Terrain\n|-damage|p2a: Hookline|75\/100|[from] Curse\n|upkeep\n|turn|6\n|\n|t:|1699754793\n|move|p1a: ejecting children|Dragon Darts|p2a: Hookline\n|-damage|p2a: Hookline|56\/100\n|-anim|p1a: ejecting children|Dragon Darts|p2a: Hookline\n|-damage|p2a: Hookline|38\/100\n|move|p2a: Hookline|Knock Off|p1a: ejecting children\n|-supereffective|p1a: ejecting children\n|-damage|p1a: ejecting children|0 fnt\n|faint|p1a: ejecting children\n|\n|-heal|p2a: Hookline|44\/100|[from] Grassy Terrain\n|-damage|p2a: Hookline|19\/100|[from] Curse\n|upkeep\n|\n|t:|1699754804\n|switch|p1a: Paldean Gallade|Ceruledge, M|100\/100\n|turn|7\n|\n|t:|1699754808\n|move|p1a: Paldean Gallade|Swords Dance|p1a: Paldean Gallade\n|-boost|p1a: Paldean Gallade|atk|2\n|move|p2a: Hookline|Knock Off|p1a: Paldean Gallade\n|-supereffective|p1a: Paldean Gallade\n|-damage|p1a: Paldean Gallade|45\/100\n|-ability|p1a: Paldean Gallade|Weak Armor|boost\n|-unboost|p1a: Paldean Gallade|def|1\n|-boost|p1a: Paldean Gallade|spe|2\n|-enditem|p1a: Paldean Gallade|Focus Sash|[from] move: Knock Off|[of] p2a: Hookline\n|\n|-heal|p1a: Paldean Gallade|51\/100|[from] Grassy Terrain\n|-heal|p2a: Hookline|25\/100|[from] Grassy Terrain\n|-damage|p2a: Hookline|0 fnt|[from] Curse\n|faint|p2a: Hookline\n|upkeep\n|\n|t:|1699754821\n|switch|p2a: & Sinker|Sneasler, F|100\/100\n|-enditem|p2a: & Sinker|Grassy Seed\n|-boost|p2a: & Sinker|def|1|[from] item: Grassy Seed\n|turn|8\n|\n|t:|1699754832\n|-terastallize|p2a: & Sinker|Flying\n|move|p2a: & Sinker|Acrobatics|p1a: Paldean Gallade\n|-damage|p1a: Paldean Gallade|0 fnt\n|faint|p1a: Paldean Gallade\n|\n|-sideend|p1: spider_097656|Reflect\n|upkeep\n|\n|t:|1699754838\n|switch|p1a: The unaware|Dondozo, M|92\/100\n|turn|9\n|\n|t:|1699754844\n|move|p2a: & Sinker|Dire Claw|p1a: The unaware\n|-crit|p1a: The unaware\n|-damage|p1a: The unaware|62\/100\n|move|p1a: The unaware|Liquidation|p2a: & Sinker\n|-damage|p2a: & Sinker|49\/100\n|\n|-heal|p1a: The unaware|68\/100|[from] Grassy Terrain\n|upkeep\n|turn|10\n|\n|t:|1699754854\n|move|p2a: & Sinker|Dire Claw|p1a: The unaware\n|-damage|p1a: The unaware|48\/100\n|move|p1a: The unaware|Liquidation|p2a: & Sinker\n|-damage|p2a: & Sinker|0 fnt\n|faint|p2a: & Sinker\n|\n|-heal|p1a: The unaware|55\/100|[from] Grassy Terrain\n|-fieldend|move: Grassy Terrain\n|upkeep\n|\n|t:|1699754862\n|switch|p2a: The Fumble|Shiftry, M|84\/100\n|turn|11\n|\n|t:|1699754870\n|switch|p1a: Just a furry|Cinderace, F|100\/100\n|move|p2a: The Fumble|Tailwind|p2a: The Fumble\n|-sidestart|p2: RovaRed|move: Tailwind\n|-ability|p2a: The Fumble|Wind Rider|boost\n|-boost|p2a: The Fumble|atk|1\n|\n|upkeep\n|turn|12\n|\n|t:|1699754877\n|move|p2a: The Fumble|Explosion|p1a: Just a furry\n|-damage|p1a: Just a furry|0 fnt\n|faint|p2a: The Fumble\n|faint|p1a: Just a furry\n|\n|upkeep\n|\n|t:|1699754883\n|switch|p1a: My fav paradox xd|Iron Valiant|100\/100\n|switch|p2a: The Tumble|Brambleghast, M|100\/100\n|-ability|p2a: The Tumble|Wind Rider|boost\n|-boost|p2a: The Tumble|atk|1\n|-enditem|p1a: My fav paradox xd|Booster Energy\n|-activate|p1a: My fav paradox xd|ability: Quark Drive|[fromitem]\n|-start|p1a: My fav paradox xd|quarkdrivespe\n|turn|13\n|\n|t:|1699754890\n|move|p2a: The Tumble|Bullet Seed|p1a: My fav paradox xd\n|-damage|p1a: My fav paradox xd|77\/100\n|-damage|p1a: My fav paradox xd|53\/100\n|-damage|p1a: My fav paradox xd|30\/100\n|-damage|p1a: My fav paradox xd|6\/100\n|-hitcount|p1a: My fav paradox xd|4\n|move|p1a: My fav paradox xd|Moonblast|p2a: The Tumble\n|-damage|p2a: The Tumble|21\/100\n|\n|upkeep\n|turn|14\n|\n|t:|1699754902\n|move|p2a: The Tumble|Shadow Sneak|p1a: My fav paradox xd\n|-damage|p1a: My fav paradox xd|0 fnt\n|faint|p1a: My fav paradox xd\n|-end|p1a: My fav paradox xd|Quark Drive|[silent]\n|\n|-sideend|p2: RovaRed|move: Tailwind\n|upkeep\n|\n|t:|1699754906\n|switch|p1a: The unaware|Dondozo, M|55\/100\n|turn|15\n|\n|t:|1699754909\n|-terastallize|p1a: The unaware|Dragon\n|move|p2a: The Tumble|Bullet Seed|p1a: The unaware\n|-resisted|p1a: The unaware\n|-damage|p1a: The unaware|52\/100\n|-resisted|p1a: The unaware\n|-damage|p1a: The unaware|49\/100\n|-resisted|p1a: The unaware\n|-damage|p1a: The unaware|47\/100\n|-resisted|p1a: The unaware\n|-damage|p1a: The unaware|44\/100\n|-hitcount|p1a: The unaware|4\n|move|p1a: The unaware|Rest|p1a: The unaware\n|-status|p1a: The unaware|slp|[from] move: Rest\n|-heal|p1a: The unaware|100\/100 slp|[silent]\n|\n|upkeep\n|turn|16\n|\n|t:|1699754928\n|move|p2a: The Tumble|Shadow Sneak|p1a: The unaware\n|-crit|p1a: The unaware\n|-damage|p1a: The unaware|87\/100 slp\n|cant|p1a: The unaware|slp\n|move|p1a: The unaware|Sleep Talk|p1a: The unaware\n|move|p1a: The unaware|Liquidation|p2a: The Tumble|[from]move: Sleep Talk\n|-resisted|p2a: The Tumble\n|-damage|p2a: The Tumble|0 fnt\n|faint|p2a: The Tumble\n|\n|upkeep\n|\n|t:|1699754935\n|switch|p2a: Ron Moth|Iron Moth|100\/100\n|-enditem|p2a: Ron Moth|Booster Energy\n|-activate|p2a: Ron Moth|ability: Quark Drive|[fromitem]\n|-start|p2a: Ron Moth|quarkdrivespe\n|turn|17\n|\n|t:|1699754940\n|switch|p1a: The support...?|Blissey, F|100\/100\n|move|p2a: Ron Moth|Dazzling Gleam|p1a: The support...?\n|-damage|p1a: The support...?|93\/100\n|\n|-heal|p1a: The support...?|99\/100|[from] item: Leftovers\n|upkeep\n|turn|18\n|\n|t:|1699754948\n|-end|p2a: Ron Moth|Quark Drive|[silent]\n|switch|p2a: Tuskathy|Great Tusk|100\/100\n|-enditem|p2a: Tuskathy|Booster Energy\n|-activate|p2a: Tuskathy|ability: Protosynthesis|[fromitem]\n|-start|p2a: Tuskathy|protosynthesisspe\n|move|p1a: The support...?|Seismic Toss|p2a: Tuskathy\n|-damage|p2a: Tuskathy|77\/100\n|\n|-heal|p1a: The support...?|100\/100|[from] item: Leftovers\n|upkeep\n|turn|19\n|\n|t:|1699754957\n|switch|p1a: The unaware|Dondozo, M, tera:Dragon|87\/100 slp\n|move|p2a: Tuskathy|Close Combat|p1a: The unaware\n|-damage|p1a: The unaware|62\/100 slp\n|-unboost|p2a: Tuskathy|def|1\n|-unboost|p2a: Tuskathy|spd|1\n|\n|upkeep\n|turn|20\n|\n|t:|1699754964\n|-end|p2a: Tuskathy|Protosynthesis|[silent]\n|switch|p2a: Ron Moth|Iron Moth|100\/100\n|cant|p1a: The unaware|slp\n|move|p1a: The unaware|Sleep Talk|p1a: The unaware\n|move|p1a: The unaware|Rest||[from]move: Sleep Talk|[still]\n|-fail|p1a: The unaware\n|\n|upkeep\n|turn|21\n|\n|t:|1699754971\n|switch|p1a: The support...?|Blissey, F|100\/100\n|move|p2a: Ron Moth|Dazzling Gleam|p1a: The support...?\n|-damage|p1a: The support...?|93\/100\n|\n|-heal|p1a: The support...?|99\/100|[from] item: Leftovers\n|upkeep\n|turn|22\n|\n|t:|1699754978\n|-end|p2a: Ron Moth|Quark Drive|[silent]\n|switch|p2a: Tuskathy|Great Tusk|77\/100\n|move|p1a: The support...?|Seismic Toss|p2a: Tuskathy\n|-damage|p2a: Tuskathy|54\/100\n|\n|-heal|p1a: The support...?|100\/100|[from] item: Leftovers\n|upkeep\n|turn|23\n|\n|t:|1699754987\n|move|p2a: Tuskathy|Close Combat|p1a: The support...?\n|-supereffective|p1a: The support...?\n|-damage|p1a: The support...?|0 fnt\n|-unboost|p2a: Tuskathy|def|1\n|-unboost|p2a: Tuskathy|spd|1\n|faint|p1a: The support...?\n|\n|upkeep\n|\n|t:|1699754993\n|switch|p1a: The unaware|Dondozo, M, tera:Dragon|62\/100 slp\n|turn|24\n|\n|t:|1699755000\n|move|p2a: Tuskathy|Headlong Rush|p1a: The unaware\n|-damage|p1a: The unaware|39\/100 slp\n|-unboost|p2a: Tuskathy|def|1\n|-unboost|p2a: Tuskathy|spd|1\n|-curestatus|p1a: The unaware|slp|[msg]\n|move|p1a: The unaware|Liquidation|p2a: Tuskathy\n|-supereffective|p2a: Tuskathy\n|-damage|p2a: Tuskathy|15\/100\n|\n|upkeep\n|turn|25\n|c|\u2606spider_097656|gg\n|\n|t:|1699755009\n|move|p2a: Tuskathy|Headlong Rush|p1a: The unaware\n|-damage|p1a: The unaware|14\/100\n|-unboost|p2a: Tuskathy|def|1\n|-unboost|p2a: Tuskathy|spd|1\n|move|p1a: The unaware|Rest|p1a: The unaware\n|-status|p1a: The unaware|slp|[from] move: Rest\n|-heal|p1a: The unaware|100\/100 slp|[silent]\n|\n|upkeep\n|turn|26\n|\n|t:|1699755019\n|move|p2a: Tuskathy|Headlong Rush|p1a: The unaware\n|-damage|p1a: The unaware|79\/100 slp\n|-unboost|p2a: Tuskathy|def|1\n|-unboost|p2a: Tuskathy|spd|1\n|cant|p1a: The unaware|slp\n|move|p1a: The unaware|Sleep Talk|p1a: The unaware\n|move|p1a: The unaware|Rest||[from]move: Sleep Talk|[still]\n|-fail|p1a: The unaware\n|\n|upkeep\n|turn|27\n|\n|t:|1699755029\n|move|p2a: Tuskathy|Close Combat|p1a: The unaware\n|-damage|p1a: The unaware|55\/100 slp\n|-unboost|p2a: Tuskathy|def|1\n|-unboost|p2a: Tuskathy|spd|1\n|cant|p1a: The unaware|slp\n|move|p1a: The unaware|Sleep Talk|p1a: The unaware\n|move|p1a: The unaware|Liquidation|p2a: Tuskathy|[from]move: Sleep Talk\n|-supereffective|p2a: Tuskathy\n|-damage|p2a: Tuskathy|0 fnt\n|faint|p2a: Tuskathy\n|-end|p2a: Tuskathy|Protosynthesis|[silent]\n|\n|upkeep\n|\n|t:|1699755038\n|switch|p2a: Ron Moth|Iron Moth|100\/100\n|turn|28\n|\n|t:|1699755042\n|move|p2a: Ron Moth|Dazzling Gleam|p1a: The unaware\n|-supereffective|p1a: The unaware\n|-damage|p1a: The unaware|7\/100 slp\n|-curestatus|p1a: The unaware|slp|[msg]\n|move|p1a: The unaware|Sleep Talk||[still]\n|-fail|p1a: The unaware\n|\n|upkeep\n|turn|29\n|c|\u2606spider_097656|xd\n|\n|t:|1699755049\n|move|p2a: Ron Moth|Dazzling Gleam|p1a: The unaware\n|-supereffective|p1a: The unaware\n|-damage|p1a: The unaware|0 fnt\n|faint|p1a: The unaware\n|\n|win|RovaRed\n|raw|spider_097656's rating: 1431 &rarr; <strong>1408<\/strong><br \/>(-23 for losing)\n|raw|RovaRed's rating: 1387 &rarr; <strong>1410<\/strong><br \/>(+23 for winning)\n|l|\u2606spider_097656\n|c|\u2606RovaRed|gg\n","uploadtime":1699755062,"views":17,"p1id":"spider097656","p2id":"rovared","formatid":"gen9ou","rating":1408,"private":0,"password":""}