{"id":"gen9ou-1996953497","p1":"cool cool cool L","p2":"mtails142","format":"[Gen 9] OU","log":"|j|\u203dcool cool cool L\n|j|\u2606mtails142\n|t:|1700749061\n|gametype|singles\n|player|p1|cool cool cool L|gambler|1101\n|player|p2|mtails142|101|1203\n|teamsize|p1|6\n|teamsize|p2|6\n|gen|9\n|tier|[Gen 9] OU\n|rated|\n|rule|Sleep Clause Mod: Limit one foe put to sleep\n|rule|Species Clause: Limit one of each Pok\u00e9mon\n|rule|OHKO Clause: OHKO moves are banned\n|rule|Evasion Items Clause: Evasion items are banned\n|rule|Evasion Moves Clause: Evasion moves are banned\n|rule|Endless Battle Clause: Forcing endless battles is banned\n|rule|HP Percentage Mod: HP is shown in percentages\n|clearpoke\n|poke|p1|Skeledirge, M|\n|poke|p1|Gholdengo|\n|poke|p1|Glimmora, M|\n|poke|p1|Garchomp, F|\n|poke|p1|Iron Hands|\n|poke|p1|Greninja-*, M|\n|poke|p2|Gholdengo|\n|poke|p2|Kingambit, M|\n|poke|p2|Samurott-Hisui, M|\n|poke|p2|Ninetales-Alola, M|\n|poke|p2|Ogerpon-Wellspring, F|\n|poke|p2|Ribombee, M|\n|teampreview\n|\n|t:|1700749069\n|start\n|switch|p1a: Greninja|Greninja, M|100\/100\n|switch|p2a: Ribombee|Ribombee, M|100\/100\n|turn|1\n|\n|t:|1700749089\n|switch|p1a: Glimmora|Glimmora, M|100\/100\n|-item|p1a: Glimmora|Air Balloon\n|move|p2a: Ribombee|Sticky Web|p1a: Glimmora\n|-sidestart|p1: cool cool cool L|move: Sticky Web\n|\n|upkeep\n|turn|2\n|\n|t:|1700749097\n|switch|p2a: Samurott|Samurott-Hisui, M|100\/100\n|move|p1a: Glimmora|Mortal Spin|p2a: Samurott\n|-damage|p2a: Samurott|91\/100\n|-status|p2a: Samurott|psn\n|-sideend|p1: cool cool cool L|Sticky Web|[from] move: Mortal Spin|[of] p1a: Glimmora\n|\n|-damage|p2a: Samurott|79\/100 psn|[from] psn\n|upkeep\n|turn|3\n|\n|t:|1700749112\n|move|p2a: Samurott|Ceaseless Edge|p1a: Glimmora\n|-damage|p1a: Glimmora|65\/100\n|-activate|p1a: Glimmora|ability: Toxic Debris\n|-sidestart|p2: mtails142|move: Toxic Spikes\n|-enditem|p1a: Glimmora|Air Balloon\n|-sidestart|p1: cool cool cool L|Spikes\n|move|p1a: Glimmora|Stealth Rock|p2a: Samurott\n|-sidestart|p2: mtails142|move: Stealth Rock\n|\n|-damage|p2a: Samurott|66\/100 psn|[from] psn\n|upkeep\n|turn|4\n|\n|t:|1700749124\n|move|p2a: Samurott|Ceaseless Edge|p1a: Glimmora\n|-damage|p1a: Glimmora|26\/100\n|-activate|p1a: Glimmora|ability: Toxic Debris\n|-sidestart|p2: mtails142|move: Toxic Spikes\n|-sidestart|p1: cool cool cool L|Spikes\n|move|p1a: Glimmora|Mortal Spin|p2a: Samurott\n|-damage|p2a: Samurott|57\/100 psn\n|-sideend|p1: cool cool cool L|Spikes|[from] move: Mortal Spin|[of] p1a: Glimmora\n|\n|-damage|p2a: Samurott|44\/100 psn|[from] psn\n|upkeep\n|turn|5\n|\n|t:|1700749135\n|move|p1a: Glimmora|Spiky Shield|p1a: Glimmora\n|-singleturn|p1a: Glimmora|move: Protect\n|move|p2a: Samurott|Ceaseless Edge|p1a: Glimmora\n|-activate|p1a: Glimmora|move: Protect\n|-damage|p2a: Samurott|32\/100 psn|[from] Spiky Shield|[of] p1a: Glimmora\n|\n|-damage|p2a: Samurott|20\/100 psn|[from] psn\n|upkeep\n|turn|6\n|\n|t:|1700749160\n|switch|p1a: Greninja|Greninja, M|100\/100\n|move|p2a: Samurott|Ceaseless Edge|p1a: Greninja\n|-resisted|p1a: Greninja\n|-damage|p1a: Greninja|62\/100\n|-sidestart|p1: cool cool cool L|Spikes\n|\n|-damage|p2a: Samurott|7\/100 psn|[from] psn\n|upkeep\n|turn|7\n|\n|t:|1700749173\n|move|p1a: Greninja|Ice Beam|p2a: Samurott\n|-resisted|p2a: Samurott\n|-damage|p2a: Samurott|0 fnt\n|faint|p2a: Samurott\n|-ability|p1a: Greninja|Battle Bond|boost\n|-boost|p1a: Greninja|atk|1\n|-boost|p1a: Greninja|spa|1\n|-boost|p1a: Greninja|spe|1\n|-activate|p1a: Greninja|ability: Battle Bond\n|\n|upkeep\n|\n|t:|1700749180\n|switch|p2a: Ribombee|Ribombee, M|100\/100\n|-status|p2a: Ribombee|tox\n|-damage|p2a: Ribombee|76\/100 tox|[from] Stealth Rock\n|turn|8\n|\n|t:|1700749193\n|-terastallize|p1a: Greninja|Water\n|move|p1a: Greninja|Hydro Pump|p2a: Ribombee\n|-damage|p2a: Ribombee|0 fnt\n|faint|p2a: Ribombee\n|\n|upkeep\n|\n|t:|1700749199\n|switch|p2a: Ogerpon|Ogerpon-Wellspring, F|100\/100\n|-status|p2a: Ogerpon|tox\n|-damage|p2a: Ogerpon|88\/100 tox|[from] Stealth Rock\n|turn|9\n|\n|t:|1700749208\n|move|p1a: Greninja|Ice Beam|p2a: Ogerpon\n|-damage|p2a: Ogerpon|40\/100 tox\n|move|p2a: Ogerpon|Trailblaze|p1a: Greninja\n|-supereffective|p1a: Greninja\n|-damage|p1a: Greninja|0 fnt\n|-boost|p2a: Ogerpon|spe|1\n|faint|p1a: Greninja\n|\n|-damage|p2a: Ogerpon|34\/100 tox|[from] psn\n|upkeep\n|\n|t:|1700749225\n|switch|p1a: Glimmora|Glimmora, M|26\/100\n|-damage|p1a: Glimmora|14\/100|[from] Spikes\n|turn|10\n|\n|t:|1700749231\n|move|p1a: Glimmora|Spiky Shield|p1a: Glimmora\n|-singleturn|p1a: Glimmora|move: Protect\n|move|p2a: Ogerpon|Horn Leech|p1a: Glimmora\n|-activate|p1a: Glimmora|move: Protect\n|-damage|p2a: Ogerpon|22\/100 tox|[from] Spiky Shield|[of] p1a: Glimmora\n|\n|-damage|p2a: Ogerpon|10\/100 tox|[from] psn\n|upkeep\n|turn|11\n|\n|t:|1700749255\n|switch|p1a: Iron Hands|Iron Hands|100\/100\n|-damage|p1a: Iron Hands|88\/100|[from] Spikes\n|move|p2a: Ogerpon|Horn Leech|p1a: Iron Hands\n|-damage|p1a: Iron Hands|61\/100\n|-heal|p2a: Ogerpon|31\/100 tox|[from] drain|[of] p1a: Iron Hands\n|\n|-damage|p2a: Ogerpon|13\/100 tox|[from] psn\n|upkeep\n|turn|12\n|\n|t:|1700749267\n|move|p1a: Iron Hands|Fake Out|p2a: Ogerpon\n|-damage|p2a: Ogerpon|0 fnt\n|faint|p2a: Ogerpon\n|\n|upkeep\n|\n|t:|1700749270\n|switch|p2a: Ninetales|Ninetales-Alola, M|100\/100\n|-status|p2a: Ninetales|tox\n|-damage|p2a: Ninetales|76\/100 tox|[from] Stealth Rock\n|-weather|Snow|[from] ability: Snow Warning|[of] p2a: Ninetales\n|turn|13\n|\n|t:|1700749282\n|move|p2a: Ninetales|Encore|p1a: Iron Hands\n|-start|p1a: Iron Hands|Encore\n|move|p1a: Iron Hands|Fake Out||[still]\n|-hint|Fake Out only works on your first turn out.\n|-fail|p1a: Iron Hands\n|\n|-weather|Snow|[upkeep]\n|-damage|p2a: Ninetales|70\/100 tox|[from] psn\n|upkeep\n|turn|14\n|\n|t:|1700749292\n|-end|p1a: Iron Hands|Quark Drive|[silent]\n|switch|p1a: Gholdengo|Gholdengo|100\/100\n|-damage|p1a: Gholdengo|88\/100|[from] Spikes\n|move|p2a: Ninetales|Aurora Veil|p2a: Ninetales\n|-sidestart|p2: mtails142|move: Aurora Veil\n|\n|-weather|Snow|[upkeep]\n|-damage|p2a: Ninetales|58\/100 tox|[from] psn\n|upkeep\n|turn|15\n|\n|t:|1700749304\n|switch|p2a: Kingambit|Kingambit, M|100\/100\n|-damage|p2a: Kingambit|94\/100|[from] Stealth Rock\n|-activate|p2a: Kingambit|ability: Supreme Overlord\n|-start|p2a: Kingambit|fallen3|[silent]\n|move|p1a: Gholdengo|Make It Rain|p2a: Kingambit\n|-resisted|p2a: Kingambit\n|-damage|p2a: Kingambit|79\/100\n|-unboost|p1a: Gholdengo|spa|1\n|\n|-weather|Snow|[upkeep]\n|upkeep\n|turn|16\n|\n|t:|1700749318\n|move|p2a: Kingambit|Sucker Punch|p1a: Gholdengo\n|-supereffective|p1a: Gholdengo\n|-damage|p1a: Gholdengo|0 fnt\n|faint|p1a: Gholdengo\n|\n|-weather|Snow|[upkeep]\n|upkeep\n|\n|t:|1700749323\n|switch|p1a: Garchomp|Garchomp, F|100\/100\n|-damage|p1a: Garchomp|88\/100|[from] Spikes\n|turn|17\n|\n|t:|1700749329\n|-terastallize|p2a: Kingambit|Flying\n|move|p1a: Garchomp|Earthquake|p2a: Kingambit\n|-immune|p2a: Kingambit\n|move|p2a: Kingambit|Substitute|p2a: Kingambit\n|-start|p2a: Kingambit|Substitute\n|-damage|p2a: Kingambit|54\/100\n|\n|-weather|none\n|upkeep\n|turn|18\n|\n|t:|1700749340\n|move|p1a: Garchomp|Dragon Claw|p2a: Kingambit\n|-activate|p2a: Kingambit|move: Substitute|[damage]\n|move|p2a: Kingambit|Swords Dance|p2a: Kingambit\n|-boost|p2a: Kingambit|atk|2\n|\n|upkeep\n|turn|19\n|\n|t:|1700749349\n|move|p1a: Garchomp|Dragon Claw|p2a: Kingambit\n|-activate|p2a: Kingambit|move: Substitute|[damage]\n|move|p2a: Kingambit|Tera Blast|p1a: Garchomp|[anim] Tera Blast Flying\n|-damage|p1a: Garchomp|0 fnt\n|faint|p1a: Garchomp\n|\n|upkeep\n|\n|t:|1700749359\n|switch|p1a: Glimmora|Glimmora, M|14\/100\n|-damage|p1a: Glimmora|1\/100|[from] Spikes\n|turn|20\n|\n|t:|1700749368\n|move|p2a: Kingambit|Sucker Punch|p1a: Glimmora\n|-damage|p1a: Glimmora|0 fnt\n|faint|p1a: Glimmora\n|\n|upkeep\n|\n|t:|1700749372\n|switch|p1a: Iron Hands|Iron Hands|61\/100\n|-damage|p1a: Iron Hands|49\/100|[from] Spikes\n|turn|21\n|\n|t:|1700749379\n|move|p1a: Iron Hands|Thunder Punch|p2a: Kingambit\n|-supereffective|p2a: Kingambit\n|-end|p2a: Kingambit|Substitute\n|move|p2a: Kingambit|Tera Blast|p1a: Iron Hands|[anim] Tera Blast Flying\n|-damage|p1a: Iron Hands|0 fnt\n|faint|p1a: Iron Hands\n|-end|p1a: Iron Hands|Quark Drive|[silent]\n|\n|-sideend|p2: mtails142|move: Aurora Veil\n|upkeep\n|\n|t:|1700749387\n|switch|p1a: Skeledirge|Skeledirge, M|100\/100\n|-damage|p1a: Skeledirge|88\/100|[from] Spikes\n|turn|22\n|\n|t:|1700749395\n|move|p2a: Kingambit|Sucker Punch|p1a: Skeledirge\n|-supereffective|p1a: Skeledirge\n|-damage|p1a: Skeledirge|12\/100\n|move|p1a: Skeledirge|Torch Song|p2a: Kingambit\n|-damage|p2a: Kingambit|15\/100\n|-boost|p1a: Skeledirge|spa|1\n|-enditem|p1a: Skeledirge|Throat Spray\n|-boost|p1a: Skeledirge|spa|1|[from] item: Throat Spray\n|\n|upkeep\n|turn|23\n|\n|t:|1700749407\n|move|p2a: Kingambit|Sucker Punch|p1a: Skeledirge\n|-supereffective|p1a: Skeledirge\n|-damage|p1a: Skeledirge|0 fnt\n|faint|p1a: Skeledirge\n|\n|win|mtails142\n|raw|cool cool cool L's rating: 1101 &rarr; <strong>1083<\/strong><br \/>(-18 for losing)\n|raw|mtails142's rating: 1203 &rarr; <strong>1221<\/strong><br \/>(+18 for winning)\n|c|\u2606mtails142|gg\n","uploadtime":1700749416,"views":0,"p1id":"coolcoolcooll","p2id":"mtails142","formatid":"gen9ou","rating":1083,"private":0,"password":""}