{"id":"gen9ou-1991998775","p1":"PrinciaFB","p2":"SonettoVertin","format":"[Gen 9] OU","log":"|j|\u2606PrinciaFB\n|j|\u2606SonettoVertin\n|t:|1700146425\n|gametype|singles\n|player|p1|PrinciaFB|sailor|\n|player|p2|SonettoVertin|darach-caitlin|\n|teamsize|p1|6\n|teamsize|p2|6\n|gen|9\n|tier|[Gen 9] OU\n|rule|Sleep Clause Mod: Limit one foe put to sleep\n|rule|Species Clause: Limit one of each Pok\u00e9mon\n|rule|OHKO Clause: OHKO moves are banned\n|rule|Evasion Items Clause: Evasion items are banned\n|rule|Evasion Moves Clause: Evasion moves are banned\n|rule|Endless Battle Clause: Forcing endless battles is banned\n|rule|HP Percentage Mod: HP is shown in percentages\n|clearpoke\n|poke|p1|Hydreigon, M|\n|poke|p1|Ditto|\n|poke|p1|Lilligant-Hisui, F|\n|poke|p1|Walking Wake|\n|poke|p1|Magcargo, F|\n|poke|p1|Bellibolt, F|\n|poke|p2|Garchomp, F|\n|poke|p2|Scizor, F|\n|poke|p2|Barraskewda, M|\n|poke|p2|Rotom-Mow|\n|poke|p2|Thwackey, F|\n|poke|p2|Gumshoos, F|\n|teampreview\n|inactive|Battle timer is ON: inactive players will automatically lose when time's up. (requested by SonettoVertin)\n|j| Ogerponk\n|inactive|PrinciaFB has 270 seconds left.\n|j| Ghoulish champ\n|c| Ghoulish champ|Wassup\n|inactive|PrinciaFB has 240 seconds left.\n|j| Ultramanball1\n|j| BIuled\n|c| Ogerponk|hello there\n|inactive|PrinciaFB has 210 seconds left.\n|\n|t:|1700146538\n|start\n|switch|p1a: Lilligant|Lilligant-Hisui, F|100\/100\n|switch|p2a: Barraskewda|Barraskewda, M|100\/100\n|turn|1\n|c| Ultramanball1|Walking Wake + Ditto\n|c| Ultramanball1|scary\n|inactive|PrinciaFB has 270 seconds left.\n|\n|t:|1700146549\n|switch|p1a: Bellibolt|Bellibolt, F|100\/100\n|-terastallize|p2a: Barraskewda|Fairy\n|move|p2a: Barraskewda|Tera Blast|p1a: Bellibolt|[anim] Tera Blast Fairy\n|-damage|p1a: Bellibolt|73\/100\n|\n|-heal|p1a: Bellibolt|79\/100|[from] item: Leftovers\n|upkeep\n|turn|2\n|c| Ogerponk|wakey wakey\n|j| BIued\n|\n|t:|1700146557\n|switch|p2a: Gumshoos|Gumshoos, F|100\/100\n|move|p1a: Bellibolt|Reflect|p1a: Bellibolt\n|-sidestart|p1: PrinciaFB|Reflect\n|\n|-heal|p1a: Bellibolt|85\/100|[from] item: Leftovers\n|upkeep\n|turn|3\n|c| Ogerponk|huh\n|\n|t:|1700146562\n|move|p2a: Gumshoos|Protect|p2a: Gumshoos\n|-singleturn|p2a: Gumshoos|Protect\n|move|p1a: Bellibolt|Toxic|p2a: Gumshoos\n|-activate|p2a: Gumshoos|move: Protect\n|\n|-heal|p1a: Bellibolt|91\/100|[from] item: Leftovers\n|upkeep\n|turn|4\n|c| Ultramanball1|Wtf\n|c| BIued|!\n|\n|t:|1700146567\n|move|p1a: Bellibolt|Toxic|p2a: Gumshoos\n|-status|p2a: Gumshoos|tox\n|move|p2a: Gumshoos|Last Resort|p1a: Bellibolt\n|-damage|p1a: Bellibolt|60\/100\n|\n|-heal|p1a: Bellibolt|66\/100|[from] item: Leftovers\n|-damage|p2a: Gumshoos|94\/100 tox|[from] psn\n|upkeep\n|turn|5\n|c| Ogerponk|wtf\n|c| Ultramanball1|sao ph\u00ed tera s\u1edbm v\u1eady ???\n|\n|t:|1700146573\n|move|p1a: Bellibolt|Slack Off|p1a: Bellibolt\n|-heal|p1a: Bellibolt|100\/100\n|move|p2a: Gumshoos|Last Resort|p1a: Bellibolt\n|-damage|p1a: Bellibolt|69\/100\n|\n|-heal|p1a: Bellibolt|75\/100|[from] item: Leftovers\n|-heal|p2a: Gumshoos|100\/100 tox|[from] item: Leftovers\n|-damage|p2a: Gumshoos|88\/100 tox|[from] psn\n|upkeep\n|turn|6\n|\n|t:|1700146579\n|switch|p1a: Magcargo|Magcargo, F|100\/100\n|switch|p2a: Rotom|Rotom-Mow|100\/100\n|\n|-sideend|p1: PrinciaFB|Reflect\n|upkeep\n|turn|7\n|c| Ogerponk|\u0111\u1ea7u b\u1ebfp m\u1ea1nh v\u1eady\n|\n|t:|1700146587\n|switch|p1a: Hydreigon|Hydreigon, M|100\/100\n|move|p2a: Rotom|Volt Switch|p1a: Hydreigon\n|-resisted|p1a: Hydreigon\n|-damage|p1a: Hydreigon|81\/100\n|\n|t:|1700146597\n|switch|p2a: Barraskewda|Barraskewda, M, tera:Fairy|100\/100|[from] Volt Switch\n|\n|upkeep\n|turn|8\n|\n|t:|1700146600\n|switch|p1a: Bellibolt|Bellibolt, F|75\/100\n|move|p2a: Barraskewda|Flip Turn|p1a: Bellibolt\n|-crit|p1a: Bellibolt\n|-damage|p1a: Bellibolt|42\/100\n|\n|t:|1700146610\n|switch|p2a: Garchomp|Garchomp, F|100\/100|[from] Flip Turn\n|\n|-heal|p1a: Bellibolt|48\/100|[from] item: Leftovers\n|upkeep\n|turn|9\n|\n|t:|1700146618\n|switch|p1a: Ditto|Ditto|100\/100\n|-transform|p1a: Ditto|p2a: Garchomp|[from] ability: Imposter\n|move|p2a: Garchomp|Substitute|p2a: Garchomp\n|-start|p2a: Garchomp|Substitute\n|-damage|p2a: Garchomp|76\/100\n|\n|-heal|p2a: Garchomp|82\/100|[from] item: Leftovers\n|upkeep\n|turn|10\n|\n|t:|1700146627\n|move|p1a: Ditto|Dragon Claw|p2a: Garchomp\n|-supereffective|p2a: Garchomp\n|-end|p2a: Garchomp|Substitute\n|move|p2a: Garchomp|Dragon Claw|p1a: Ditto\n|-supereffective|p1a: Ditto\n|-damage|p1a: Ditto|8\/100\n|-damage|p2a: Garchomp|69\/100|[from] ability: Rough Skin|[of] p1a: Ditto\n|\n|-heal|p2a: Garchomp|76\/100|[from] item: Leftovers\n|upkeep\n|turn|11\n|c| Ultramanball1|Ok mngon\n|c| Ogerponk|ok ngon n\u00e0y\n|c| Ultramanball1|Sang barra l\u1ea1i\n|\n|t:|1700146643\n|switch|p2a: Scizor|Scizor, F|100\/100\n|move|p1a: Ditto|Dragon Claw|p2a: Scizor\n|-resisted|p2a: Scizor\n|-damage|p2a: Scizor|80\/100\n|\n|upkeep\n|turn|12\n|c| Ultramanball1|\ud83d\udc27\n|\n|t:|1700146652\n|switch|p1a: Magcargo|Magcargo, F|100\/100\n|move|p2a: Scizor|U-turn|p1a: Magcargo\n|-resisted|p1a: Magcargo\n|-damage|p1a: Magcargo|88\/100\n|\n|t:|1700146657\n|switch|p2a: Barraskewda|Barraskewda, M, tera:Fairy|100\/100|[from] U-turn\n|\n|upkeep\n|turn|13\n|c| Ogerponk|WEAKNESS POLICY\n|c| Ultramanball1|U turn ngon\n|\n|t:|1700146666\n|move|p2a: Barraskewda|Flip Turn|p1a: Magcargo\n|-supereffective|p1a: Magcargo\n|-damage|p1a: Magcargo|0 fnt\n|-status|p2a: Barraskewda|brn|[from] ability: Flame Body|[of] p1a: Magcargo\n|faint|p1a: Magcargo\n|\n|t:|1700146672\n|switch|p2a: Gumshoos|Gumshoos, F|88\/100 tox|[from] Flip Turn\n|\n|-heal|p2a: Gumshoos|94\/100 tox|[from] item: Leftovers\n|-damage|p2a: Gumshoos|88\/100 tox|[from] psn\n|upkeep\n|c| Ultramanball1|Oh shit\n|c| BIued|Huge burn\n|c| Ogerponk|ok\n|\n|t:|1700146680\n|switch|p1a: Bellibolt|Bellibolt, F|48\/100\n|turn|14\n|c| Ultramanball1|H \u0111\u1ed5i \u0111i l\u00e0 v\u1eeba\n|\n|t:|1700146695\n|switch|p2a: Thwackey|Thwackey, F|100\/100\n|-fieldstart|move: Grassy Terrain|[from] ability: Grassy Surge|[of] p2a: Thwackey\n|move|p1a: Bellibolt|Reflect|p1a: Bellibolt\n|-sidestart|p1: PrinciaFB|Reflect\n|\n|-heal|p1a: Bellibolt|54\/100|[from] Grassy Terrain\n|-heal|p1a: Bellibolt|60\/100|[from] item: Leftovers\n|upkeep\n|turn|15\n|c| Ultramanball1|Ok\n|\n|t:|1700146700\n|move|p2a: Thwackey|Knock Off|p1a: Bellibolt\n|-damage|p1a: Bellibolt|50\/100\n|-enditem|p1a: Bellibolt|Leftovers|[from] move: Knock Off|[of] p2a: Thwackey\n|move|p1a: Bellibolt|Toxic|p2a: Thwackey\n|-status|p2a: Thwackey|tox\n|\n|-heal|p1a: Bellibolt|56\/100|[from] Grassy Terrain\n|-damage|p2a: Thwackey|94\/100 tox|[from] psn\n|upkeep\n|turn|16\n|c| Ghoulish champ|Belli op\n|c| Ogerponk|belli belli bolt\n|\n|t:|1700146711\n|switch|p2a: Rotom|Rotom-Mow|100\/100\n|move|p1a: Bellibolt|Slack Off|p1a: Bellibolt\n|-heal|p1a: Bellibolt|100\/100\n|\n|upkeep\n|turn|17\n|c| Ogerponk|nah she is actually the best chef\n|\n|t:|1700146730\n|move|p2a: Rotom|Volt Switch|p1a: Bellibolt\n|-resisted|p1a: Bellibolt\n|-damage|p1a: Bellibolt|85\/100\n|\n|t:|1700146734\n|switch|p2a: Garchomp|Garchomp, F|76\/100|[from] Volt Switch\n|move|p1a: Bellibolt|Toxic|p2a: Garchomp\n|-status|p2a: Garchomp|tox\n|\n|-heal|p2a: Garchomp|82\/100 tox|[from] Grassy Terrain\n|-heal|p2a: Garchomp|88\/100 tox|[from] item: Leftovers\n|-heal|p1a: Bellibolt|91\/100|[from] Grassy Terrain\n|-damage|p2a: Garchomp|82\/100 tox|[from] psn\n|upkeep\n|turn|18\n|c| BIued|Big Chungus\n|c| Ultramanball1|Bruh\n|c| Ogerponk|cant EQ, huh\n|c| BIued|5\/6 \u0103n status\n|c| Ultramanball1|M\u00e1\n|\n|t:|1700146761\n|move|p2a: Garchomp|Swords Dance|p2a: Garchomp\n|-boost|p2a: Garchomp|atk|2\n|move|p1a: Bellibolt|Thunderbolt|p2a: Garchomp\n|-immune|p2a: Garchomp\n|\n|-heal|p2a: Garchomp|88\/100 tox|[from] Grassy Terrain\n|-heal|p2a: Garchomp|94\/100 tox|[from] item: Leftovers\n|-heal|p1a: Bellibolt|97\/100|[from] Grassy Terrain\n|-damage|p2a: Garchomp|82\/100 tox|[from] psn\n|-sideend|p1: PrinciaFB|Reflect\n|-fieldend|move: Grassy Terrain\n|upkeep\n|turn|19\n|c| Ogerponk|bruh\n|c| Ultramanball1|Subs ph\u00e1t\n|inactive|PrinciaFB has 270 seconds left.\n|\n|t:|1700146781\n|switch|p1a: Lilligant|Lilligant-Hisui, F|100\/100\n|move|p2a: Garchomp|Dragon Claw|p1a: Lilligant\n|-enditem|p1a: Lilligant|Focus Sash\n|-damage|p1a: Lilligant|1\/100\n|\n|-heal|p2a: Garchomp|88\/100 tox|[from] item: Leftovers\n|-damage|p2a: Garchomp|69\/100 tox|[from] psn\n|upkeep\n|turn|20\n|c| Ghoulish champ|Wtf\n|c| Ultramanball1|hay \u0111\u1ea5m\n|c| Ultramanball1|Ok \u0111\u1ec9nh\n|inactive|PrinciaFB has 270 seconds left.\n|c| Ultramanball1|Amazing\n|c| Ogerponk|the flower faster\n|\n|t:|1700146798\n|switch|p2a: Scizor|Scizor, F|80\/100\n|move|p1a: Lilligant|Sunny Day|p1a: Lilligant\n|-weather|SunnyDay\n|\n|-weather|SunnyDay|[upkeep]\n|upkeep\n|turn|21\n|j| HaiOYdeptraivl\n|c| Ultramanball1|\u0110c\n|\n|t:|1700146808\n|switch|p1a: Walking Wake|Walking Wake|100\/100\n|-activate|p1a: Walking Wake|ability: Protosynthesis\n|-start|p1a: Walking Wake|protosynthesisspa\n|move|p2a: Scizor|U-turn|p1a: Walking Wake\n|-crit|p1a: Walking Wake\n|-damage|p1a: Walking Wake|33\/100\n|c| Ghoulish champ|Let him cook\n|c| Ultramanball1|Xu\u1ea5t s\u1eafc\n|\n|t:|1700146818\n|switch|p2a: Thwackey|Thwackey, F|94\/100 tox|[from] U-turn\n|-fieldstart|move: Grassy Terrain|[from] ability: Grassy Surge|[of] p2a: Thwackey\n|\n|-weather|SunnyDay|[upkeep]\n|-heal|p1a: Walking Wake|39\/100|[from] Grassy Terrain\n|-heal|p2a: Thwackey|100\/100 tox|[from] Grassy Terrain\n|-damage|p2a: Thwackey|94\/100 tox|[from] psn\n|upkeep\n|turn|22\n|l| BIued\n|c| Ghoulish champ|Her*\n|\n|t:|1700146831\n|-end|p1a: Walking Wake|Protosynthesis|[silent]\n|switch|p1a: Bellibolt|Bellibolt, F|97\/100\n|move|p2a: Thwackey|U-turn|p1a: Bellibolt\n|-damage|p1a: Bellibolt|78\/100\n|c| Ghoulish champ|Bruh crit\n|c| Ultramanball1|\u0110\u1ec9nh cao u-turn\n|\n|t:|1700146841\n|switch|p2a: Rotom|Rotom-Mow|100\/100|[from] U-turn\n|\n|-weather|SunnyDay|[upkeep]\n|-heal|p1a: Bellibolt|85\/100|[from] Grassy Terrain\n|upkeep\n|turn|23\n|\n|t:|1700146850\n|move|p2a: Rotom|Leaf Storm|p1a: Bellibolt\n|-damage|p1a: Bellibolt|29\/100\n|-unboost|p2a: Rotom|spa|2\n|move|p1a: Bellibolt|Reflect|p1a: Bellibolt\n|-sidestart|p1: PrinciaFB|Reflect\n|\n|-weather|SunnyDay|[upkeep]\n|-heal|p1a: Bellibolt|35\/100|[from] Grassy Terrain\n|upkeep\n|turn|24\n|\n|t:|1700146857\n|move|p2a: Rotom|Volt Switch|p1a: Bellibolt\n|-resisted|p1a: Bellibolt\n|-damage|p1a: Bellibolt|28\/100\n|\n|t:|1700146861\n|switch|p2a: Scizor|Scizor, F|80\/100|[from] Volt Switch\n|move|p1a: Bellibolt|Slack Off|p1a: Bellibolt\n|-heal|p1a: Bellibolt|78\/100\n|\n|-weather|none\n|-heal|p2a: Scizor|86\/100|[from] Grassy Terrain\n|-heal|p1a: Bellibolt|84\/100|[from] Grassy Terrain\n|upkeep\n|turn|25\n|c| Ogerponk|belli belli bolt\n|j| BIued\n|\n|t:|1700146872\n|move|p2a: Scizor|Iron Head|p1a: Bellibolt\n|-resisted|p1a: Bellibolt\n|-damage|p1a: Bellibolt|77\/100\n|-status|p2a: Scizor|par|[from] ability: Static|[of] p1a: Bellibolt\n|cant|p1a: Bellibolt|flinch\n|\n|-heal|p1a: Bellibolt|83\/100|[from] Grassy Terrain\n|-heal|p2a: Scizor|92\/100 par|[from] Grassy Terrain\n|-fieldend|move: Grassy Terrain\n|upkeep\n|turn|26\n|c| Ogerponk|\u0111\u00f9 rng\n|c| Ghoulish champ|Iron head scizor?????\n|\n|t:|1700146885\n|move|p1a: Bellibolt|Thunderbolt|p2a: Scizor\n|-damage|p2a: Scizor|52\/100 par\n|move|p2a: Scizor|U-turn|p1a: Bellibolt\n|-damage|p1a: Bellibolt|71\/100\n|c| Ultramanball1|Bellibolt b\u00e1\n|c| Ghoulish champ|Who let bro cook\n|\n|t:|1700146896\n|switch|p2a: Rotom|Rotom-Mow|100\/100|[from] U-turn\n|\n|upkeep\n|turn|27\n|\n|t:|1700146901\n|move|p2a: Rotom|Leaf Storm|p1a: Bellibolt\n|-damage|p1a: Bellibolt|17\/100\n|-unboost|p2a: Rotom|spa|2\n|move|p1a: Bellibolt|Slack Off|p1a: Bellibolt\n|-heal|p1a: Bellibolt|67\/100\n|\n|-sideend|p1: PrinciaFB|Reflect\n|upkeep\n|turn|28\n|\n|t:|1700146912\n|move|p2a: Rotom|Leaf Storm|p1a: Bellibolt\n|-damage|p1a: Bellibolt|39\/100\n|-unboost|p2a: Rotom|spa|2\n|move|p1a: Bellibolt|Reflect|p1a: Bellibolt\n|-sidestart|p1: PrinciaFB|Reflect\n|\n|upkeep\n|turn|29\n|\n|t:|1700146917\n|move|p2a: Rotom|Volt Switch|p1a: Bellibolt\n|-resisted|p1a: Bellibolt\n|-damage|p1a: Bellibolt|34\/100\n|\n|t:|1700146920\n|switch|p2a: Garchomp|Garchomp, F|69\/100 tox|[from] Volt Switch\n|move|p1a: Bellibolt|Slack Off|p1a: Bellibolt\n|-heal|p1a: Bellibolt|84\/100\n|\n|-heal|p2a: Garchomp|76\/100 tox|[from] item: Leftovers\n|-damage|p2a: Garchomp|69\/100 tox|[from] psn\n|upkeep\n|turn|30\n|c| Ogerponk|bro is cooking\n|\n|t:|1700146936\n|switch|p1a: Hydreigon|Hydreigon, M|81\/100\n|move|p2a: Garchomp|Substitute|p2a: Garchomp\n|-start|p2a: Garchomp|Substitute\n|-damage|p2a: Garchomp|44\/100 tox\n|\n|-heal|p2a: Garchomp|51\/100 tox|[from] item: Leftovers\n|-damage|p2a: Garchomp|38\/100 tox|[from] psn\n|upkeep\n|turn|31\n|\n|t:|1700146940\n|switch|p1a: Bellibolt|Bellibolt, F|84\/100\n|move|p2a: Garchomp|Dragon Claw|p1a: Bellibolt\n|-damage|p1a: Bellibolt|71\/100\n|\n|-heal|p2a: Garchomp|44\/100 tox|[from] item: Leftovers\n|-damage|p2a: Garchomp|26\/100 tox|[from] psn\n|upkeep\n|turn|32\n|c| Ultramanball1|Ok nice\n|\n|t:|1700146949\n|move|p2a: Garchomp|Swords Dance|p2a: Garchomp\n|-boost|p2a: Garchomp|atk|2\n|move|p1a: Bellibolt|Slack Off|p1a: Bellibolt\n|-heal|p1a: Bellibolt|100\/100\n|\n|-heal|p2a: Garchomp|32\/100 tox|[from] item: Leftovers\n|-damage|p2a: Garchomp|8\/100 tox|[from] psn\n|-sideend|p1: PrinciaFB|Reflect\n|upkeep\n|turn|33\n|c| Ultramanball1|Nh\u01b0ng belibolt v\u1eabn m\u1ea1nh qu\u00e1\n|\n|t:|1700146962\n|switch|p1a: Lilligant|Lilligant-Hisui, F|1\/100\n|move|p2a: Garchomp|Earthquake|p1a: Lilligant\n|-resisted|p1a: Lilligant\n|-damage|p1a: Lilligant|0 fnt\n|faint|p1a: Lilligant\n|\n|-heal|p2a: Garchomp|14\/100 tox|[from] item: Leftovers\n|-damage|p2a: Garchomp|0 fnt|[from] psn\n|faint|p2a: Garchomp\n|upkeep\n|c| Ghoulish champ|Belli the goat\n|\n|t:|1700146977\n|switch|p2a: Barraskewda|Barraskewda, M, tera:Fairy|100\/100 brn\n|switch|p1a: Hydreigon|Hydreigon, M|81\/100\n|turn|34\n|c| Ultramanball1|It\u2019s belibover for u\n|\n|t:|1700146982\n|switch|p1a: Bellibolt|Bellibolt, F|100\/100\n|move|p2a: Barraskewda|Tera Blast|p1a: Bellibolt|[anim] Tera Blast Fairy\n|-damage|p1a: Bellibolt|87\/100\n|\n|-damage|p2a: Barraskewda|94\/100 brn|[from] brn\n|upkeep\n|turn|35\n|c| Ogerponk|gi\u1edd b\u00ean kia c\u00f2n 5 con t\u00e0n t\u1ea1 n\u1eefa\n|c| Ultramanball1|\ud83d\udc27\n|\n|t:|1700146986\n|switch|p2a: Rotom|Rotom-Mow|100\/100\n|move|p1a: Bellibolt|Reflect|p1a: Bellibolt\n|-sidestart|p1: PrinciaFB|Reflect\n|\n|upkeep\n|turn|36\n|\n|t:|1700146991\n|switch|p1a: Hydreigon|Hydreigon, M|81\/100\n|move|p2a: Rotom|Leaf Storm|p1a: Hydreigon\n|-resisted|p1a: Hydreigon\n|-damage|p1a: Hydreigon|46\/100\n|-unboost|p2a: Rotom|spa|2\n|\n|upkeep\n|turn|37\n|\n|t:|1700146999\n|switch|p2a: Scizor|Scizor, F|52\/100 par\n|move|p1a: Hydreigon|Flamethrower|p2a: Scizor\n|-supereffective|p2a: Scizor\n|-damage|p2a: Scizor|0 fnt\n|faint|p2a: Scizor\n|\n|upkeep\n|\n|t:|1700147004\n|switch|p2a: Barraskewda|Barraskewda, M, tera:Fairy|94\/100 brn\n|turn|38\n|c| Ogerponk|\u0111\u00f9 belibolt tr\u00e2u\n|\n|t:|1700147008\n|switch|p1a: Bellibolt|Bellibolt, F|87\/100\n|move|p2a: Barraskewda|Flip Turn|p1a: Bellibolt\n|-damage|p1a: Bellibolt|82\/100\n|\n|t:|1700147014\n|switch|p2a: Rotom|Rotom-Mow|100\/100|[from] Flip Turn\n|\n|upkeep\n|turn|39\n|\n|t:|1700147018\n|move|p2a: Rotom|Thunder Wave|p1a: Bellibolt|[miss]\n|-miss|p2a: Rotom|p1a: Bellibolt\n|move|p1a: Bellibolt|Slack Off|p1a: Bellibolt\n|-heal|p1a: Bellibolt|100\/100\n|\n|-sideend|p1: PrinciaFB|Reflect\n|upkeep\n|turn|40\n|\n|t:|1700147023\n|move|p2a: Rotom|Leaf Storm|p1a: Bellibolt\n|-damage|p1a: Bellibolt|41\/100\n|-unboost|p2a: Rotom|spa|2\n|move|p1a: Bellibolt|Toxic|p2a: Rotom\n|-status|p2a: Rotom|tox\n|\n|-damage|p2a: Rotom|94\/100 tox|[from] psn\n|upkeep\n|turn|41\n|c| Ogerponk|bruh how\n|c| Ultramanball1|THUNDERWAVE LAM GI\n|\n|t:|1700147035\n|move|p2a: Rotom|Thunder Wave|p1a: Bellibolt\n|-immune|p1a: Bellibolt\n|move|p1a: Bellibolt|Slack Off|p1a: Bellibolt\n|-heal|p1a: Bellibolt|91\/100\n|\n|-damage|p2a: Rotom|82\/100 tox|[from] psn\n|upkeep\n|turn|42\n|\n|t:|1700147037\n|move|p2a: Rotom|Volt Switch|p1a: Bellibolt\n|-resisted|p1a: Bellibolt\n|-damage|p1a: Bellibolt|83\/100\n|c| Ghoulish champ|Bro wth\n|\n|t:|1700147045\n|switch|p2a: Gumshoos|Gumshoos, F|88\/100 tox|[from] Volt Switch\n|move|p1a: Bellibolt|Reflect|p1a: Bellibolt\n|-sidestart|p1: PrinciaFB|Reflect\n|\n|-heal|p2a: Gumshoos|94\/100 tox|[from] item: Leftovers\n|-damage|p2a: Gumshoos|88\/100 tox|[from] psn\n|upkeep\n|turn|43\n|c| Ultramanball1|U fuck up\n|\n|t:|1700147056\n|switch|p2a: Rotom|Rotom-Mow|82\/100 tox\n|-terastallize|p1a: Bellibolt|Ghost\n|move|p1a: Bellibolt|Thunderbolt|p2a: Rotom\n|-resisted|p2a: Rotom\n|-damage|p2a: Rotom|71\/100 tox\n|\n|-damage|p2a: Rotom|65\/100 tox|[from] psn\n|upkeep\n|turn|44\n|c| Ogerponk|ya ded, just go ff\n|\n|t:|1700147071\n|move|p2a: Rotom|Leaf Storm|p1a: Bellibolt\n|-damage|p1a: Bellibolt|28\/100\n|-unboost|p2a: Rotom|spa|2\n|move|p1a: Bellibolt|Thunderbolt|p2a: Rotom\n|-resisted|p2a: Rotom\n|-damage|p2a: Rotom|54\/100 tox\n|\n|-damage|p2a: Rotom|41\/100 tox|[from] psn\n|upkeep\n|turn|45\n|\n|t:|1700147076\n|move|p2a: Rotom|Leaf Storm|p1a: Bellibolt\n|-damage|p1a: Bellibolt|0 fnt\n|-unboost|p2a: Rotom|spa|2\n|faint|p1a: Bellibolt\n|\n|-damage|p2a: Rotom|22\/100 tox|[from] psn\n|upkeep\n|\n|t:|1700147081\n|switch|p1a: Hydreigon|Hydreigon, M|46\/100\n|turn|46\n|c| Ghoulish champ|Noooo\n|\n|t:|1700147087\n|move|p1a: Hydreigon|Flamethrower|p2a: Rotom\n|-supereffective|p2a: Rotom\n|-damage|p2a: Rotom|0 fnt\n|faint|p2a: Rotom\n|\n|-sideend|p1: PrinciaFB|Reflect\n|upkeep\n|c| Ultramanball1|Finally\n|c| Ogerponk|BELLIBOLT!!!!\n|\n|t:|1700147097\n|switch|p2a: Barraskewda|Barraskewda, M, tera:Fairy|94\/100 brn\n|turn|47\n|c| Ultramanball1|H barra ok \u0111\u1ea5y\n|\n|t:|1700147099\n|move|p2a: Barraskewda|Tera Blast|p1a: Hydreigon|[anim] Tera Blast Fairy\n|-supereffective|p1a: Hydreigon\n|-damage|p1a: Hydreigon|0 fnt\n|faint|p1a: Hydreigon\n|\n|-damage|p2a: Barraskewda|88\/100 brn|[from] brn\n|upkeep\n|c| HaiOYdeptraivl|\ud83d\udc38\n|\n|t:|1700147108\n|switch|p1a: Walking Wake|Walking Wake|39\/100\n|turn|48\n|\n|t:|1700147116\n|move|p2a: Barraskewda|Tera Blast|p1a: Walking Wake|[anim] Tera Blast Fairy\n|-supereffective|p1a: Walking Wake\n|-damage|p1a: Walking Wake|0 fnt\n|faint|p1a: Walking Wake\n|-end|p1a: Walking Wake|Protosynthesis|[silent]\n|\n|-damage|p2a: Barraskewda|82\/100 brn|[from] brn\n|upkeep\n|c| Ogerponk|scarf?\n|\n|t:|1700147120\n|switch|p1a: Ditto|Ditto|8\/100\n|-transform|p1a: Ditto|p2a: Barraskewda|[from] ability: Imposter\n|turn|49\n|c| Ogerponk|oh nvm\n|c| Ultramanball1|YEAHHHH\n|c| Ghoulish champ|Bro wth\n|\n|t:|1700147127\n|move|p1a: Ditto|Waterfall|p2a: Barraskewda\n|-damage|p2a: Barraskewda|2\/100 brn\n|move|p2a: Barraskewda|Tera Blast|p1a: Ditto|[anim] Tera Blast Fairy\n|-damage|p1a: Ditto|0 fnt\n|faint|p1a: Ditto\n|\n|win|SonettoVertin\n|l|\u2606PrinciaFB\n","uploadtime":1700147134,"views":16,"p1id":"princiafb","p2id":"sonettovertin","formatid":"gen9ou","rating":0,"private":0,"password":""}