{"id":"gen9ou-1992256657","p1":"Smendyke","p2":"rtfx","format":"[Gen 9] OU","log":"|j|\u2606Smendyke\n|j|\u2606rtfx\n|t:|1700168275\n|gametype|singles\n|player|p1|Smendyke|swimmer|1551\n|player|p2|rtfx|2|1596\n|teamsize|p1|6\n|teamsize|p2|6\n|gen|9\n|tier|[Gen 9] OU\n|rated|\n|rule|Sleep Clause Mod: Limit one foe put to sleep\n|rule|Species Clause: Limit one of each Pok\u00e9mon\n|rule|OHKO Clause: OHKO moves are banned\n|rule|Evasion Items Clause: Evasion items are banned\n|rule|Evasion Moves Clause: Evasion moves are banned\n|rule|Endless Battle Clause: Forcing endless battles is banned\n|rule|HP Percentage Mod: HP is shown in percentages\n|clearpoke\n|poke|p1|Rillaboom, M|\n|poke|p1|Iron Valiant|\n|poke|p1|Maushold|\n|poke|p1|Heatran, F|\n|poke|p1|Great Tusk|\n|poke|p1|Sneasler, M|\n|poke|p2|Kingambit, M|\n|poke|p2|Glimmora, F|\n|poke|p2|Zamazenta-*|\n|poke|p2|Iron Valiant|\n|poke|p2|Iron Moth|\n|poke|p2|Ogerpon-Wellspring, F|\n|teampreview\n|inactive|Battle timer is ON: inactive players will automatically lose when time's up. (requested by rtfx)\n|j| Susguy Ichihooha\n|\n|t:|1700168287\n|start\n|switch|p1a: Randall|Rillaboom, M|100\/100\n|switch|p2a: Ogerpon|Ogerpon-Wellspring, F|100\/100\n|-fieldstart|move: Grassy Terrain|[from] ability: Grassy Surge|[of] p1a: Randall\n|turn|1\n|\n|t:|1700168301\n|switch|p2a: Glimmora|Glimmora, F|100\/100\n|move|p1a: Randall|U-turn|p2a: Glimmora\n|-resisted|p2a: Glimmora\n|-damage|p2a: Glimmora|86\/100\n|-activate|p2a: Glimmora|ability: Toxic Debris\n|-sidestart|p1: Smendyke|move: Toxic Spikes\n|\n|t:|1700168310\n|switch|p1a: Sneasler|Sneasler, M|100\/100|[from] U-turn\n|-sideend|p1: Smendyke|move: Toxic Spikes|[of] p1a: Sneasler\n|-enditem|p1a: Sneasler|Grassy Seed\n|-boost|p1a: Sneasler|def|1|[from] item: Grassy Seed\n|\n|-heal|p2a: Glimmora|92\/100|[from] Grassy Terrain\n|upkeep\n|turn|2\n|\n|t:|1700168320\n|move|p1a: Sneasler|Swords Dance|p1a: Sneasler\n|-boost|p1a: Sneasler|atk|2\n|move|p2a: Glimmora|Earth Power|p1a: Sneasler\n|-supereffective|p1a: Sneasler\n|-damage|p1a: Sneasler|17\/100\n|\n|-heal|p1a: Sneasler|23\/100|[from] Grassy Terrain\n|-heal|p2a: Glimmora|98\/100|[from] Grassy Terrain\n|upkeep\n|turn|3\n|\n|t:|1700168326\n|move|p1a: Sneasler|Close Combat|p2a: Glimmora\n|-damage|p2a: Glimmora|0 fnt\n|-unboost|p1a: Sneasler|def|1\n|-unboost|p1a: Sneasler|spd|1\n|-activate|p2a: Glimmora|ability: Toxic Debris\n|-sidestart|p1: Smendyke|move: Toxic Spikes\n|faint|p2a: Glimmora\n|\n|-heal|p1a: Sneasler|29\/100|[from] Grassy Terrain\n|upkeep\n|\n|t:|1700168348\n|switch|p2a: Kingambit|Kingambit, M|100\/100\n|-activate|p2a: Kingambit|ability: Supreme Overlord\n|-start|p2a: Kingambit|fallen1|[silent]\n|turn|4\n|\n|t:|1700168372\n|move|p1a: Sneasler|Swords Dance|p1a: Sneasler\n|-boost|p1a: Sneasler|atk|2\n|move|p2a: Kingambit|Kowtow Cleave|p1a: Sneasler\n|-resisted|p1a: Sneasler\n|-damage|p1a: Sneasler|0 fnt\n|faint|p1a: Sneasler\n|\n|upkeep\n|\n|t:|1700168375\n|switch|p1a: Thomas|Great Tusk|100\/100\n|-status|p1a: Thomas|psn\n|-enditem|p1a: Thomas|Booster Energy\n|-activate|p1a: Thomas|ability: Protosynthesis|[fromitem]\n|-start|p1a: Thomas|protosynthesisspe\n|turn|5\n|\n|t:|1700168391\n|-terastallize|p2a: Kingambit|Flying\n|move|p1a: Thomas|Bulk Up|p1a: Thomas\n|-boost|p1a: Thomas|atk|1\n|-boost|p1a: Thomas|def|1\n|move|p2a: Kingambit|Kowtow Cleave|p1a: Thomas\n|-resisted|p1a: Thomas\n|-damage|p1a: Thomas|87\/100 psn\n|\n|-heal|p1a: Thomas|93\/100 psn|[from] Grassy Terrain\n|-damage|p1a: Thomas|80\/100 psn|[from] psn\n|-fieldend|move: Grassy Terrain\n|upkeep\n|turn|6\n|\n|t:|1700168398\n|move|p1a: Thomas|Rapid Spin|p2a: Kingambit\n|-damage|p2a: Kingambit|82\/100\n|-boost|p1a: Thomas|spe|1\n|-sideend|p1: Smendyke|Toxic Spikes|[from] move: Rapid Spin|[of] p1a: Thomas\n|move|p2a: Kingambit|Swords Dance|p2a: Kingambit\n|-boost|p2a: Kingambit|atk|2\n|\n|-damage|p1a: Thomas|68\/100 psn|[from] psn\n|upkeep\n|turn|7\n|inactive|Smendyke has 120 seconds left.\n|\n|t:|1700168435\n|move|p1a: Thomas|Ice Spinner|p2a: Kingambit\n|-supereffective|p2a: Kingambit\n|-damage|p2a: Kingambit|21\/100\n|move|p2a: Kingambit|Swords Dance|p2a: Kingambit\n|-boost|p2a: Kingambit|atk|2\n|\n|-damage|p1a: Thomas|55\/100 psn|[from] psn\n|upkeep\n|turn|8\n|\n|t:|1700168438\n|move|p2a: Kingambit|Sucker Punch|p1a: Thomas\n|-resisted|p1a: Thomas\n|-damage|p1a: Thomas|21\/100 psn\n|move|p1a: Thomas|Ice Spinner|p2a: Kingambit\n|-supereffective|p2a: Kingambit\n|-damage|p2a: Kingambit|0 fnt\n|faint|p2a: Kingambit\n|-end|p2a: Kingambit|fallen1|[silent]\n|\n|-damage|p1a: Thomas|9\/100 psn|[from] psn\n|upkeep\n|\n|t:|1700168466\n|switch|p2a: Iron Moth|Iron Moth|100\/100\n|-enditem|p2a: Iron Moth|Booster Energy\n|-activate|p2a: Iron Moth|ability: Quark Drive|[fromitem]\n|-start|p2a: Iron Moth|quarkdrivespe\n|turn|9\n|\n|t:|1700168477\n|move|p1a: Thomas|Headlong Rush|p2a: Iron Moth\n|-supereffective|p2a: Iron Moth\n|-damage|p2a: Iron Moth|0 fnt\n|-unboost|p1a: Thomas|def|1\n|-unboost|p1a: Thomas|spd|1\n|faint|p2a: Iron Moth\n|-end|p2a: Iron Moth|Quark Drive|[silent]\n|\n|-damage|p1a: Thomas|0 fnt|[from] psn\n|faint|p1a: Thomas\n|-end|p1a: Thomas|Protosynthesis|[silent]\n|upkeep\n|inactive|Smendyke has 120 seconds left.\n|inactive|rtfx has 120 seconds left.\n|\n|t:|1700168510\n|switch|p2a: Zamazenta|Zamazenta, shiny|100\/100\n|switch|p1a: Maushold|Maushold|100\/100\n|-ability|p2a: Zamazenta|Dauntless Shield|boost\n|-boost|p2a: Zamazenta|def|1\n|turn|10\n|l| Susguy Ichihooha\n|\n|t:|1700168514\n|-terastallize|p1a: Maushold|Ghost\n|move|p2a: Zamazenta|Body Press|p1a: Maushold\n|-immune|p1a: Maushold\n|move|p1a: Maushold|Tidy Up|p1a: Maushold\n|-boost|p1a: Maushold|atk|1\n|-boost|p1a: Maushold|spe|1\n|\n|upkeep\n|turn|11\n|\n|t:|1700168520\n|move|p1a: Maushold|Encore|p2a: Zamazenta\n|-start|p2a: Zamazenta|Encore\n|move|p2a: Zamazenta|Body Press|p1a: Maushold\n|-immune|p1a: Maushold\n|\n|upkeep\n|turn|12\n|c|\u2606rtfx|wp\n|\n|t:|1700168526\n|switch|p2a: Iron Valiant|Iron Valiant|100\/100\n|-enditem|p2a: Iron Valiant|Booster Energy\n|-activate|p2a: Iron Valiant|ability: Quark Drive|[fromitem]\n|-start|p2a: Iron Valiant|quarkdrivespe\n|move|p1a: Maushold|Tidy Up|p1a: Maushold\n|-boost|p1a: Maushold|atk|1\n|-boost|p1a: Maushold|spe|1\n|\n|upkeep\n|turn|13\n|c|\u2606Smendyke|Thx\n|\n|t:|1700168537\n|move|p1a: Maushold|Population Bomb|p2a: Iron Valiant\n|-damage|p2a: Iron Valiant|69\/100\n|-damage|p2a: Iron Valiant|42\/100\n|-damage|p2a: Iron Valiant|15\/100\n|-damage|p2a: Iron Valiant|0 fnt\n|faint|p2a: Iron Valiant\n|-end|p2a: Iron Valiant|Quark Drive|[silent]\n|-hitcount|p2: Iron Valiant|4\n|\n|upkeep\n|c|\u2606rtfx|gg\n|\n|t:|1700168547\n|switch|p2a: Zamazenta|Zamazenta, shiny|100\/100\n|turn|14\n|\n|t:|1700168550\n|move|p1a: Maushold|Population Bomb|p2a: Zamazenta\n|-damage|p2a: Zamazenta|84\/100\n|-damage|p2a: Zamazenta|63\/100\n|-damage|p2a: Zamazenta|45\/100\n|-damage|p2a: Zamazenta|27\/100\n|-crit|p2a: Zamazenta\n|-damage|p2a: Zamazenta|0 fnt\n|faint|p2a: Zamazenta\n|-hitcount|p2: Zamazenta|5\n|\n|upkeep\n|\n|t:|1700168557\n|switch|p2a: Ogerpon|Ogerpon-Wellspring, F|100\/100\n|turn|15\n|c|\u2606Smendyke|Gg\n|\n|t:|1700168566\n|move|p1a: Maushold|Population Bomb|p2a: Ogerpon\n|-damage|p2a: Ogerpon|73\/100\n|-damage|p2a: Ogerpon|44\/100\n|-damage|p2a: Ogerpon|16\/100\n|-damage|p2a: Ogerpon|0 fnt\n|faint|p2a: Ogerpon\n|-hitcount|p2: Ogerpon|4\n|\n|win|Smendyke\n|raw|Smendyke's rating: 1551 &rarr; <strong>1574<\/strong><br \/>(+23 for winning)\n|raw|rtfx's rating: 1596 &rarr; <strong>1573<\/strong><br \/>(-23 for losing)\n|l|\u2606rtfx\n","uploadtime":1700168576,"views":14,"p1id":"smendyke","p2id":"rtfx","formatid":"gen9ou","rating":1573,"private":0,"password":""}