{"id":"gen9ou-1992646708","p1":"jzuritaacb","p2":"koneko tojo","format":"[Gen 9] OU","log":"|j|\u2606jzuritaacb\n|j|\u2606koneko tojo\n|t:|1700219890\n|gametype|singles\n|player|p1|jzuritaacb|fisherman-gen4|1328\n|player|p2|koneko tojo|2|1441\n|teamsize|p1|6\n|teamsize|p2|6\n|gen|9\n|tier|[Gen 9] OU\n|rated|\n|rule|Sleep Clause Mod: Limit one foe put to sleep\n|rule|Species Clause: Limit one of each Pok\u00e9mon\n|rule|OHKO Clause: OHKO moves are banned\n|rule|Evasion Items Clause: Evasion items are banned\n|rule|Evasion Moves Clause: Evasion moves are banned\n|rule|Endless Battle Clause: Forcing endless battles is banned\n|rule|HP Percentage Mod: HP is shown in percentages\n|clearpoke\n|poke|p1|Scizor, F|\n|poke|p1|Zapdos|\n|poke|p1|Pelipper, M|\n|poke|p1|Poliwrath, F|\n|poke|p1|Gholdengo|\n|poke|p1|Toedscruel, F|\n|poke|p2|Lilligant-Hisui, F|\n|poke|p2|Great Tusk|\n|poke|p2|Sneasler, F|\n|poke|p2|Slowking, M|\n|poke|p2|Kingambit, F|\n|poke|p2|Typhlosion-Hisui, M|\n|teampreview\n|inactive|Battle timer is ON: inactive players will automatically lose when time's up. (requested by koneko tojo)\n|\n|t:|1700219933\n|start\n|switch|p1a: Pelipper|Pelipper, M|100\/100\n|switch|p2a: Slowking|Slowking, M|100\/100\n|-weather|RainDance|[from] ability: Drizzle|[of] p1a: Pelipper\n|turn|1\n|\n|t:|1700219940\n|move|p1a: Pelipper|U-turn|p2a: Slowking\n|-supereffective|p2a: Slowking\n|-damage|p2a: Slowking|80\/100\n|\n|t:|1700219944\n|switch|p1a: Toedscruel|Toedscruel, F|100\/100|[from] U-turn\n|move|p2a: Slowking|Chilly Reception|p2a: Slowking\n|-weather|Snow\n|\n|t:|1700219970\n|switch|p2a: Typhlosion|Typhlosion-Hisui, M|100\/100|[from] Chilly Reception\n|-item|p1a: Toedscruel|Heavy-Duty Boots|[from] ability: Frisk|[of] p2a: Typhlosion|[identify]\n|\n|-weather|Snow|[upkeep]\n|upkeep\n|turn|2\n|\n|t:|1700219995\n|switch|p1a: Pelipper|Pelipper, M|100\/100\n|-weather|RainDance|[from] ability: Drizzle|[of] p1a: Pelipper\n|move|p2a: Typhlosion|Shadow Ball|p1a: Pelipper\n|-damage|p1a: Pelipper|12\/100\n|\n|-weather|RainDance|[upkeep]\n|upkeep\n|turn|3\n|inactive|jzuritaacb has 120 seconds left.\n|\n|t:|1700220021\n|move|p2a: Typhlosion|Shadow Ball|p1a: Pelipper\n|-damage|p1a: Pelipper|0 fnt\n|faint|p1a: Pelipper\n|\n|-weather|RainDance|[upkeep]\n|upkeep\n|\n|t:|1700220027\n|switch|p1a: Poliwrath|Poliwrath, F|100\/100\n|turn|4\n|\n|t:|1700220054\n|switch|p2a: Sneasler|Sneasler, F|100\/100\n|move|p1a: Poliwrath|Liquidation|p2a: Sneasler\n|-damage|p2a: Sneasler|5\/100\n|\n|-weather|RainDance|[upkeep]\n|upkeep\n|turn|5\n|\n|t:|1700220065\n|move|p1a: Poliwrath|Ice Punch|p2a: Sneasler\n|-damage|p2a: Sneasler|0 fnt\n|faint|p2a: Sneasler\n|\n|-weather|RainDance|[upkeep]\n|upkeep\n|inactive|koneko tojo has 120 seconds left.\n|\n|t:|1700220077\n|switch|p2a: Slowking|Slowking, M|100\/100\n|turn|6\n|\n|t:|1700220083\n|move|p1a: Poliwrath|Belly Drum|p1a: Poliwrath\n|-damage|p1a: Poliwrath|50\/100\n|-setboost|p1a: Poliwrath|atk|6|[from] move: Belly Drum\n|-enditem|p1a: Poliwrath|Sitrus Berry|[eat]\n|-heal|p1a: Poliwrath|75\/100|[from] item: Sitrus Berry\n|move|p2a: Slowking|Chilly Reception|p2a: Slowking\n|-weather|Snow\n|\n|t:|1700220092\n|switch|p2a: Lilligant|Lilligant-Hisui, F|100\/100|[from] Chilly Reception\n|\n|-weather|Snow|[upkeep]\n|upkeep\n|turn|7\n|\n|t:|1700220103\n|-terastallize|p1a: Poliwrath|Fighting\n|move|p2a: Lilligant|Leaf Blade|p1a: Poliwrath\n|-damage|p1a: Poliwrath|5\/100\n|move|p1a: Poliwrath|Drain Punch|p2a: Lilligant\n|-damage|p2a: Lilligant|0 fnt\n|-heal|p1a: Poliwrath|48\/100|[from] drain|[of] p2a: Lilligant\n|faint|p2a: Lilligant\n|\n|-weather|Snow|[upkeep]\n|upkeep\n|inactive|koneko tojo has 120 seconds left.\n|\n|t:|1700220113\n|switch|p2a: Typhlosion|Typhlosion-Hisui, M|100\/100\n|turn|8\n|\n|t:|1700220121\n|move|p2a: Typhlosion|Eruption|p1a: Poliwrath\n|-damage|p1a: Poliwrath|0 fnt\n|faint|p1a: Poliwrath\n|\n|-weather|Snow|[upkeep]\n|upkeep\n|\n|t:|1700220131\n|switch|p1a: Zapdos|Zapdos|100\/100\n|turn|9\n|\n|t:|1700220148\n|move|p2a: Typhlosion|Eruption|p1a: Zapdos\n|-damage|p1a: Zapdos|0 fnt\n|faint|p1a: Zapdos\n|\n|-weather|Snow|[upkeep]\n|upkeep\n|\n|t:|1700220155\n|switch|p1a: Scizor|Scizor, F|100\/100\n|turn|10\n|\n|t:|1700220159\n|move|p1a: Scizor|Bullet Punch|p2a: Typhlosion\n|-resisted|p2a: Typhlosion\n|-damage|p2a: Typhlosion|76\/100\n|move|p2a: Typhlosion|Eruption|p1a: Scizor\n|-supereffective|p1a: Scizor\n|-crit|p1a: Scizor\n|-damage|p1a: Scizor|0 fnt\n|faint|p1a: Scizor\n|\n|-weather|none\n|upkeep\n|\n|t:|1700220163\n|switch|p1a: Toedscruel|Toedscruel, F|100\/100\n|turn|11\n|\n|t:|1700220165\n|move|p2a: Typhlosion|Eruption|p1a: Toedscruel\n|-supereffective|p1a: Toedscruel\n|-damage|p1a: Toedscruel|0 fnt\n|faint|p1a: Toedscruel\n|\n|upkeep\n|\n|t:|1700220168\n|switch|p1a: Gholdengo|Gholdengo|100\/100\n|turn|12\n|-message|jzuritaacb forfeited.\n|\n|win|koneko tojo\n|raw|jzuritaacb's rating: 1328 &rarr; <strong>1314<\/strong><br \/>(-14 for losing)\n|raw|koneko tojo's rating: 1441 &rarr; <strong>1455<\/strong><br \/>(+14 for winning)\n|l|\u2606jzuritaacb\n","uploadtime":1700220205,"views":20,"p1id":"jzuritaacb","p2id":"konekotojo","formatid":"gen9ou","rating":1314,"private":0,"password":""}