{"id":"gen9ou-1997630325","p1":"hhet","p2":"Zoroatk","format":"[Gen 9] OU","log":"|j|\u2606hhet\n|j|\u2606Zoroatk\n|t:|1700835163\n|gametype|singles\n|player|p1|hhet|psychic-gen4|1000\n|player|p2|Zoroatk|riley|1043\n|teamsize|p1|2\n|teamsize|p2|6\n|gen|9\n|tier|[Gen 9] OU\n|rated|\n|rule|Sleep Clause Mod: Limit one foe put to sleep\n|rule|Species Clause: Limit one of each Pok\u00e9mon\n|rule|OHKO Clause: OHKO moves are banned\n|rule|Evasion Items Clause: Evasion items are banned\n|rule|Evasion Moves Clause: Evasion moves are banned\n|rule|Endless Battle Clause: Forcing endless battles is banned\n|rule|HP Percentage Mod: HP is shown in percentages\n|clearpoke\n|poke|p1|Ceruledge, F|\n|poke|p1|Great Tusk|\n|poke|p2|Chesnaught, F|\n|poke|p2|Wigglytuff, M|\n|poke|p2|Drifblim, M|\n|poke|p2|Muk-Alola, F|\n|poke|p2|Gastrodon, F|\n|poke|p2|Chandelure, M|\n|teampreview\n|inactive|Battle timer is ON: inactive players will automatically lose when time's up. (requested by Zoroatk)\n|\n|t:|1700835174\n|start\n|switch|p1a: Great Tusk|Great Tusk|100\/100\n|switch|p2a: Wigglytuff|Wigglytuff, M|100\/100\n|-item|p1a: Great Tusk|Leftovers|[from] ability: Frisk|[of] p2a: Wigglytuff|[identify]\n|turn|1\n|\n|t:|1700835184\n|move|p1a: Great Tusk|Stealth Rock|p2a: Wigglytuff\n|-sidestart|p2: Zoroatk|move: Stealth Rock\n|move|p2a: Wigglytuff|Reflect|p2a: Wigglytuff\n|-sidestart|p2: Zoroatk|Reflect\n|\n|upkeep\n|turn|2\n|\n|t:|1700835190\n|move|p1a: Great Tusk|Headlong Rush|p2a: Wigglytuff\n|-damage|p2a: Wigglytuff|70\/100\n|-unboost|p1a: Great Tusk|def|1\n|-unboost|p1a: Great Tusk|spd|1\n|move|p2a: Wigglytuff|Light Screen|p2a: Wigglytuff\n|-sidestart|p2: Zoroatk|move: Light Screen\n|\n|upkeep\n|turn|3\n|\n|t:|1700835199\n|move|p1a: Great Tusk|Close Combat|p2a: Wigglytuff\n|-damage|p2a: Wigglytuff|40\/100\n|-unboost|p1a: Great Tusk|def|1\n|-unboost|p1a: Great Tusk|spd|1\n|move|p2a: Wigglytuff|Knock Off|p1a: Great Tusk\n|-resisted|p1a: Great Tusk\n|-damage|p1a: Great Tusk|89\/100\n|-enditem|p1a: Great Tusk|Leftovers|[from] move: Knock Off|[of] p2a: Wigglytuff\n|\n|upkeep\n|turn|4\n|\n|t:|1700835212\n|move|p1a: Great Tusk|Headlong Rush|p2a: Wigglytuff\n|-damage|p2a: Wigglytuff|8\/100\n|-unboost|p1a: Great Tusk|def|1\n|-unboost|p1a: Great Tusk|spd|1\n|move|p2a: Wigglytuff|Knock Off|p1a: Great Tusk\n|-resisted|p1a: Great Tusk\n|-damage|p1a: Great Tusk|79\/100\n|\n|upkeep\n|turn|5\n|\n|t:|1700835238\n|move|p1a: Great Tusk|Stealth Rock||[still]\n|-fail|p1a: Great Tusk\n|move|p2a: Wigglytuff|Knock Off|p1a: Great Tusk\n|-resisted|p1a: Great Tusk\n|-damage|p1a: Great Tusk|68\/100\n|\n|upkeep\n|turn|6\n|\n|t:|1700835247\n|move|p1a: Great Tusk|Stealth Rock||[still]\n|-fail|p1a: Great Tusk\n|move|p2a: Wigglytuff|Knock Off|p1a: Great Tusk\n|-resisted|p1a: Great Tusk\n|-damage|p1a: Great Tusk|58\/100\n|\n|upkeep\n|turn|7\n|\n|t:|1700835254\n|-end|p1a: Great Tusk|Protosynthesis|[silent]\n|switch|p1a: Ceruledge|Ceruledge, F|100\/100\n|move|p2a: Wigglytuff|Knock Off|p1a: Ceruledge\n|-supereffective|p1a: Ceruledge\n|-damage|p1a: Ceruledge|51\/100\n|-ability|p1a: Ceruledge|Weak Armor|boost\n|-unboost|p1a: Ceruledge|def|1\n|-boost|p1a: Ceruledge|spe|2\n|-enditem|p1a: Ceruledge|Focus Sash|[from] move: Knock Off|[of] p2a: Wigglytuff\n|\n|upkeep\n|turn|8\n|\n|t:|1700835266\n|move|p1a: Ceruledge|Bitter Blade|p2a: Wigglytuff\n|-damage|p2a: Wigglytuff|0 fnt\n|-heal|p1a: Ceruledge|57\/100|[from] drain|[of] p2a: Wigglytuff\n|faint|p2a: Wigglytuff\n|\n|-sideend|p2: Zoroatk|Reflect\n|upkeep\n|\n|t:|1700835275\n|switch|p2a: Chesnaught|Chesnaught, F|100\/100\n|-damage|p2a: Chesnaught|94\/100|[from] Stealth Rock\n|turn|9\n|\n|t:|1700835281\n|-terastallize|p2a: Chesnaught|Poison\n|move|p1a: Ceruledge|Bitter Blade|p2a: Chesnaught\n|-damage|p2a: Chesnaught|61\/100\n|-heal|p1a: Ceruledge|79\/100|[from] drain|[of] p2a: Chesnaught\n|move|p2a: Chesnaught|Bulk Up|p2a: Chesnaught\n|-boost|p2a: Chesnaught|atk|1\n|-boost|p2a: Chesnaught|def|1\n|\n|-heal|p2a: Chesnaught|67\/100|[from] item: Leftovers\n|-sideend|p2: Zoroatk|move: Light Screen\n|upkeep\n|turn|10\n|\n|t:|1700835296\n|move|p1a: Ceruledge|Swords Dance|p1a: Ceruledge\n|-boost|p1a: Ceruledge|atk|2\n|move|p2a: Chesnaught|Bulk Up|p2a: Chesnaught\n|-boost|p2a: Chesnaught|atk|1\n|-boost|p2a: Chesnaught|def|1\n|\n|-heal|p2a: Chesnaught|73\/100|[from] item: Leftovers\n|upkeep\n|turn|11\n|\n|t:|1700835308\n|move|p1a: Ceruledge|Swords Dance|p1a: Ceruledge\n|-boost|p1a: Ceruledge|atk|2\n|move|p2a: Chesnaught|Bulk Up|p2a: Chesnaught\n|-boost|p2a: Chesnaught|atk|1\n|-boost|p2a: Chesnaught|def|1\n|\n|-heal|p2a: Chesnaught|79\/100|[from] item: Leftovers\n|upkeep\n|turn|12\n|\n|t:|1700835319\n|-terastallize|p1a: Ceruledge|Fire\n|move|p1a: Ceruledge|Bitter Blade|p2a: Chesnaught\n|-damage|p2a: Chesnaught|20\/100\n|-heal|p1a: Ceruledge|100\/100|[from] drain|[of] p2a: Chesnaught\n|move|p2a: Chesnaught|Bulk Up|p2a: Chesnaught\n|-boost|p2a: Chesnaught|atk|1\n|-boost|p2a: Chesnaught|def|1\n|\n|-heal|p2a: Chesnaught|26\/100|[from] item: Leftovers\n|upkeep\n|turn|13\n|-message|Zoroatk forfeited.\n|\n|win|hhet\n|raw|hhet's rating: 1000 &rarr; <strong>1043<\/strong><br \/>(+43 for winning)\n|raw|Zoroatk's rating: 1028 &rarr; <strong>1013<\/strong><br \/>(-15 for losing)\n|l|\u2606Zoroatk\n","uploadtime":1700835330,"views":5,"p1id":"hhet","p2id":"zoroatk","formatid":"gen9ou","rating":1013,"private":0,"password":""}