{"id":"gen9ou-1991770330","p1":"mint yerb","p2":"The Lazy Onee","format":"[Gen 9] OU","log":"|j|\u2606mint yerb\n|j|\u2606The Lazy Onee\n|t:|1700114184\n|gametype|singles\n|player|p1|mint yerb|flannery|1541\n|player|p2|The Lazy Onee|dahlia|1482\n|teamsize|p1|6\n|teamsize|p2|6\n|gen|9\n|tier|[Gen 9] OU\n|rated|\n|rule|Sleep Clause Mod: Limit one foe put to sleep\n|rule|Species Clause: Limit one of each Pok\u00e9mon\n|rule|OHKO Clause: OHKO moves are banned\n|rule|Evasion Items Clause: Evasion items are banned\n|rule|Evasion Moves Clause: Evasion moves are banned\n|rule|Endless Battle Clause: Forcing endless battles is banned\n|rule|HP Percentage Mod: HP is shown in percentages\n|clearpoke\n|poke|p1|Wo-Chien|\n|poke|p1|Scream Tail|\n|poke|p1|Cinderace, F|\n|poke|p1|Glimmora, M|\n|poke|p1|Rotom-Wash|\n|poke|p1|Kingambit, M|\n|poke|p2|Dragapult, M|\n|poke|p2|Great Tusk|\n|poke|p2|Tinkaton, F|\n|poke|p2|Magnezone|\n|poke|p2|Dragonite, M|\n|poke|p2|Weavile, F|\n|teampreview\n|inactive|Battle timer is ON: inactive players will automatically lose when time's up. (requested by mint yerb)\n|\n|t:|1700114217\n|start\n|switch|p1a: Live Wo-Chien|Wo-Chien|100\/100\n|switch|p2a: Dragapult|Dragapult, M, shiny|100\/100\n|-ability|p1a: Live Wo-Chien|Tablets of Ruin\n|turn|1\n|\n|t:|1700114227\n|-terastallize|p1a: Live Wo-Chien|Poison\n|move|p2a: Dragapult|U-turn|p1a: Live Wo-Chien\n|-resisted|p1a: Live Wo-Chien\n|-damage|p1a: Live Wo-Chien|96\/100\n|\n|t:|1700114237\n|switch|p2a: Smile.exe|Tinkaton, F, shiny|100\/100|[from] U-turn\n|-ability|p2a: Smile.exe|Mold Breaker\n|move|p1a: Live Wo-Chien|Knock Off|p2a: Smile.exe\n|-resisted|p2a: Smile.exe\n|-damage|p2a: Smile.exe|88\/100\n|-enditem|p2a: Smile.exe|Leftovers|[from] move: Knock Off|[of] p1a: Live Wo-Chien\n|\n|-heal|p1a: Live Wo-Chien|100\/100|[from] item: Leftovers\n|upkeep\n|turn|2\n|\n|t:|1700114245\n|move|p2a: Smile.exe|Stealth Rock|p1a: Live Wo-Chien\n|-sidestart|p1: mint yerb|move: Stealth Rock\n|move|p1a: Live Wo-Chien|Leech Seed|p2a: Smile.exe|[miss]\n|-miss|p1a: Live Wo-Chien|p2a: Smile.exe\n|\n|upkeep\n|turn|3\n|\n|t:|1700114253\n|move|p2a: Smile.exe|Knock Off|p1a: Live Wo-Chien\n|-damage|p1a: Live Wo-Chien|92\/100\n|-enditem|p1a: Live Wo-Chien|Leftovers|[from] move: Knock Off|[of] p2a: Smile.exe\n|move|p1a: Live Wo-Chien|Leech Seed|p2a: Smile.exe\n|-start|p2a: Smile.exe|move: Leech Seed\n|\n|-damage|p2a: Smile.exe|76\/100|[from] Leech Seed|[of] p1a: Live Wo-Chien\n|-heal|p1a: Live Wo-Chien|100\/100|[silent]\n|upkeep\n|turn|4\n|\n|t:|1700114267\n|switch|p2a: Magnezone|Magnezone, shiny|100\/100\n|move|p1a: Live Wo-Chien|Giga Drain|p2a: Magnezone\n|-resisted|p2a: Magnezone\n|-damage|p2a: Magnezone|85\/100\n|\n|upkeep\n|turn|5\n|\n|t:|1700114272\n|move|p2a: Magnezone|Thunderbolt|p1a: Live Wo-Chien\n|-damage|p1a: Live Wo-Chien|55\/100\n|move|p1a: Live Wo-Chien|Body Press|p2a: Magnezone\n|-supereffective|p2a: Magnezone\n|-damage|p2a: Magnezone|32\/100\n|\n|upkeep\n|turn|6\n|\n|t:|1700114284\n|move|p2a: Magnezone|Thunderbolt|p1a: Live Wo-Chien\n|-damage|p1a: Live Wo-Chien|4\/100\n|move|p1a: Live Wo-Chien|Knock Off|p2a: Magnezone\n|-damage|p2a: Magnezone|0 fnt\n|-enditem|p2a: Magnezone|Choice Specs|[from] move: Knock Off|[of] p1a: Live Wo-Chien\n|faint|p2a: Magnezone\n|\n|upkeep\n|\n|t:|1700114292\n|switch|p2a: Dragapult|Dragapult, M, shiny|100\/100\n|turn|7\n|\n|t:|1700114296\n|switch|p1a: Cinderace|Cinderace, F|100\/100\n|move|p2a: Dragapult|Shadow Ball|p1a: Cinderace\n|-damage|p1a: Cinderace|43\/100\n|-unboost|p1a: Cinderace|spd|1\n|\n|upkeep\n|turn|8\n|\n|t:|1700114301\n|switch|p1a: Kingambit|Kingambit, M|100\/100\n|move|p2a: Dragapult|Shadow Ball|p1a: Kingambit\n|-resisted|p1a: Kingambit\n|-damage|p1a: Kingambit|68\/100\n|\n|upkeep\n|turn|9\n|\n|t:|1700114309\n|switch|p2a: Great Tusk|Great Tusk, shiny|100\/100\n|-end|p1a: Kingambit|fallenundefined|[silent]\n|switch|p1a: Rotom|Rotom-Wash|100\/100\n|-damage|p1a: Rotom|88\/100|[from] Stealth Rock\n|\n|-heal|p1a: Rotom|94\/100|[from] item: Leftovers\n|upkeep\n|turn|10\n|\n|t:|1700114314\n|-end|p2a: Great Tusk|Protosynthesis|[silent]\n|switch|p2a: Smile.exe|Tinkaton, F, shiny|76\/100\n|-ability|p2a: Smile.exe|Mold Breaker\n|move|p1a: Rotom|Hydro Pump|p2a: Smile.exe\n|-damage|p2a: Smile.exe|41\/100\n|\n|-heal|p1a: Rotom|100\/100|[from] item: Leftovers\n|upkeep\n|turn|11\n|\n|t:|1700114321\n|move|p1a: Rotom|Protect|p1a: Rotom\n|-singleturn|p1a: Rotom|Protect\n|move|p2a: Smile.exe|Knock Off|p1a: Rotom\n|-activate|p1a: Rotom|move: Protect\n|\n|upkeep\n|turn|12\n|\n|t:|1700114324\n|move|p1a: Rotom|Discharge|p2a: Smile.exe\n|-damage|p2a: Smile.exe|17\/100\n|-status|p2a: Smile.exe|par\n|move|p2a: Smile.exe|Gigaton Hammer|p1a: Rotom\n|-resisted|p1a: Rotom\n|-damage|p1a: Rotom|89\/100\n|\n|-heal|p1a: Rotom|95\/100|[from] item: Leftovers\n|upkeep\n|turn|13\n|\n|t:|1700114341\n|move|p1a: Rotom|Hydro Pump|p2a: Smile.exe|[miss]\n|-miss|p1a: Rotom|p2a: Smile.exe\n|move|p2a: Smile.exe|Knock Off|p1a: Rotom\n|-damage|p1a: Rotom|75\/100\n|-enditem|p1a: Rotom|Leftovers|[from] move: Knock Off|[of] p2a: Smile.exe\n|\n|upkeep\n|turn|14\n|\n|t:|1700114346\n|move|p1a: Rotom|Volt Switch|p2a: Smile.exe\n|-crit|p2a: Smile.exe\n|-damage|p2a: Smile.exe|0 fnt\n|faint|p2a: Smile.exe\n|\n|t:|1700114353\n|switch|p1a: Cinderace|Cinderace, F|43\/100|[from] Volt Switch\n|\n|upkeep\n|\n|t:|1700114357\n|switch|p2a: Dragapult|Dragapult, M, shiny|100\/100\n|turn|15\n|\n|t:|1700114366\n|switch|p1a: Live Wo-Chien|Wo-Chien, tera:Poison|4\/100\n|-damage|p1a: Live Wo-Chien|0 fnt|[from] Stealth Rock\n|faint|p1a: Live Wo-Chien\n|move|p2a: Dragapult|Shadow Ball|p1: Live Wo-Chien|[notarget]\n|-fail|p2a: Dragapult\n|\n|upkeep\n|\n|t:|1700114374\n|switch|p1a: Kingambit|Kingambit, M|68\/100\n|-activate|p1a: Kingambit|ability: Supreme Overlord\n|-start|p1a: Kingambit|fallen1|[silent]\n|turn|16\n|\n|t:|1700114382\n|switch|p2a: Great Tusk|Great Tusk, shiny|100\/100\n|move|p1a: Kingambit|Kowtow Cleave|p2a: Great Tusk\n|-resisted|p2a: Great Tusk\n|-damage|p2a: Great Tusk|83\/100\n|\n|upkeep\n|turn|17\n|\n|t:|1700114390\n|-end|p2a: Great Tusk|Protosynthesis|[silent]\n|switch|p2a: Dragapult|Dragapult, M, shiny|100\/100\n|-end|p1a: Kingambit|fallen1|[silent]\n|switch|p1a: Scream Tail|Scream Tail|100\/100\n|-damage|p1a: Scream Tail|88\/100|[from] Stealth Rock\n|\n|-heal|p1a: Scream Tail|94\/100|[from] item: Leftovers\n|upkeep\n|turn|18\n|\n|t:|1700114399\n|move|p1a: Scream Tail|Protect|p1a: Scream Tail\n|-singleturn|p1a: Scream Tail|Protect\n|move|p2a: Dragapult|Shadow Ball|p1a: Scream Tail\n|-activate|p1a: Scream Tail|move: Protect\n|\n|-heal|p1a: Scream Tail|100\/100|[from] item: Leftovers\n|upkeep\n|turn|19\n|\n|t:|1700114404\n|-terastallize|p2a: Dragapult|Ghost\n|move|p2a: Dragapult|Shadow Ball|p1a: Scream Tail\n|-supereffective|p1a: Scream Tail\n|-damage|p1a: Scream Tail|13\/100\n|move|p1a: Scream Tail|Dazzling Gleam|p2a: Dragapult\n|-damage|p2a: Dragapult|75\/100\n|\n|-heal|p1a: Scream Tail|19\/100|[from] item: Leftovers\n|upkeep\n|turn|20\n|\n|t:|1700114415\n|move|p1a: Scream Tail|Protect|p1a: Scream Tail\n|-singleturn|p1a: Scream Tail|Protect\n|move|p2a: Dragapult|Shadow Ball|p1a: Scream Tail\n|-activate|p1a: Scream Tail|move: Protect\n|\n|-heal|p1a: Scream Tail|25\/100|[from] item: Leftovers\n|upkeep\n|turn|21\n|\n|t:|1700114424\n|-end|p1a: Scream Tail|Protosynthesis|[silent]\n|switch|p1a: Rotom|Rotom-Wash|75\/100\n|-damage|p1a: Rotom|62\/100|[from] Stealth Rock\n|move|p2a: Dragapult|Shadow Ball|p1a: Rotom\n|-damage|p1a: Rotom|0 fnt\n|faint|p1a: Rotom\n|\n|upkeep\n|\n|t:|1700114434\n|switch|p1a: Glimmora|Glimmora, M|100\/100\n|-damage|p1a: Glimmora|88\/100|[from] Stealth Rock\n|turn|22\n|\n|t:|1700114437\n|move|p1a: Glimmora|Power Gem|p2a: Dragapult\n|-damage|p2a: Dragapult|20\/100\n|move|p2a: Dragapult|Shadow Ball|p1a: Glimmora\n|-damage|p1a: Glimmora|0 fnt\n|faint|p1a: Glimmora\n|\n|upkeep\n|\n|t:|1700114443\n|switch|p1a: Kingambit|Kingambit, M|68\/100\n|-activate|p1a: Kingambit|ability: Supreme Overlord\n|-start|p1a: Kingambit|fallen3|[silent]\n|turn|23\n|\n|t:|1700114447\n|switch|p2a: Great Tusk|Great Tusk, shiny|83\/100\n|move|p1a: Kingambit|Kowtow Cleave|p2a: Great Tusk\n|-resisted|p2a: Great Tusk\n|-damage|p2a: Great Tusk|63\/100\n|\n|upkeep\n|turn|24\n|\n|t:|1700114458\n|-end|p1a: Kingambit|fallen3|[silent]\n|switch|p1a: Scream Tail|Scream Tail|25\/100\n|-damage|p1a: Scream Tail|13\/100|[from] Stealth Rock\n|move|p2a: Great Tusk|Headlong Rush|p1a: Scream Tail\n|-damage|p1a: Scream Tail|0 fnt\n|-unboost|p2a: Great Tusk|def|1\n|-unboost|p2a: Great Tusk|spd|1\n|faint|p1a: Scream Tail\n|-end|p1a: Scream Tail|Protosynthesis|[silent]\n|\n|upkeep\n|\n|t:|1700114464\n|switch|p1a: Cinderace|Cinderace, F|43\/100\n|turn|25\n|\n|t:|1700114474\n|-end|p2a: Great Tusk|Protosynthesis|[silent]\n|switch|p2a: Weavile|Weavile, F|100\/100\n|-ability|p2a: Weavile|Pressure\n|move|p1a: Cinderace|Pyro Ball|p2a: Weavile\n|-supereffective|p2a: Weavile\n|-damage|p2a: Weavile|0 fnt\n|faint|p2a: Weavile\n|\n|upkeep\n|\n|t:|1700114488\n|switch|p2a: Dragonite|Dragonite, M, shiny|100\/100\n|turn|26\n|\n|t:|1700114492\n|move|p1a: Cinderace|Will-O-Wisp|p2a: Dragonite\n|-status|p2a: Dragonite|brn\n|move|p2a: Dragonite|Earthquake|p1a: Cinderace\n|-supereffective|p1a: Cinderace\n|-damage|p1a: Cinderace|0 fnt\n|faint|p1a: Cinderace\n|\n|-damage|p2a: Dragonite|94\/100 brn|[from] brn\n|upkeep\n|\n|t:|1700114497\n|switch|p1a: Kingambit|Kingambit, M|68\/100\n|-activate|p1a: Kingambit|ability: Supreme Overlord\n|-start|p1a: Kingambit|fallen5|[silent]\n|turn|27\n|\n|t:|1700114500\n|move|p2a: Dragonite|Earthquake|p1a: Kingambit\n|-supereffective|p1a: Kingambit\n|-damage|p1a: Kingambit|39\/100\n|move|p1a: Kingambit|Swords Dance|p1a: Kingambit\n|-boost|p1a: Kingambit|atk|2\n|\n|-damage|p2a: Dragonite|88\/100 brn|[from] brn\n|upkeep\n|turn|28\n|\n|t:|1700114507\n|move|p2a: Dragonite|Earthquake|p1a: Kingambit\n|-supereffective|p1a: Kingambit\n|-damage|p1a: Kingambit|7\/100\n|move|p1a: Kingambit|Kowtow Cleave|p2a: Dragonite\n|-damage|p2a: Dragonite|0 fnt\n|faint|p2a: Dragonite\n|\n|upkeep\n|\n|t:|1700114511\n|switch|p2a: Great Tusk|Great Tusk, shiny|63\/100\n|turn|29\n|\n|t:|1700114513\n|move|p1a: Kingambit|Sucker Punch|p2a: Great Tusk\n|-resisted|p2a: Great Tusk\n|-damage|p2a: Great Tusk|25\/100\n|move|p2a: Great Tusk|Headlong Rush|p1a: Kingambit\n|-supereffective|p1a: Kingambit\n|-damage|p1a: Kingambit|0 fnt\n|-unboost|p2a: Great Tusk|def|1\n|-unboost|p2a: Great Tusk|spd|1\n|faint|p1a: Kingambit\n|-end|p1a: Kingambit|fallen5|[silent]\n|\n|win|The Lazy Onee\n|raw|mint yerb's rating: 1541 &rarr; <strong>1518<\/strong><br \/>(-23 for losing)\n|raw|The Lazy Onee's rating: 1482 &rarr; <strong>1505<\/strong><br \/>(+23 for winning)\n|l|\u2606mint yerb\n","uploadtime":1700114836,"views":7,"p1id":"mintyerb","p2id":"thelazyonee","formatid":"gen9ou","rating":1505,"private":0,"password":""}