{"id":"gen9ou-1996177610","p1":"Yo Azz Is GOOBED","p2":"MistakeNo.2","format":"[Gen 9] OU","log":"|j|\u2606Yo Azz Is GOOBED\n|j|\u2606MistakeNo.2\n|t:|1700655482\n|gametype|singles\n|player|p1|Yo Azz Is GOOBED|265|1487\n|player|p2|MistakeNo.2|2|1437\n|teamsize|p1|6\n|teamsize|p2|6\n|gen|9\n|tier|[Gen 9] OU\n|rated|\n|rule|Sleep Clause Mod: Limit one foe put to sleep\n|rule|Species Clause: Limit one of each Pok\u00e9mon\n|rule|OHKO Clause: OHKO moves are banned\n|rule|Evasion Items Clause: Evasion items are banned\n|rule|Evasion Moves Clause: Evasion moves are banned\n|rule|Endless Battle Clause: Forcing endless battles is banned\n|rule|HP Percentage Mod: HP is shown in percentages\n|clearpoke\n|poke|p1|Skeledirge, F|\n|poke|p1|Mandibuzz, F|\n|poke|p1|Milotic, F|\n|poke|p1|Gholdengo|\n|poke|p1|Weezing-Galar, M|\n|poke|p1|Goodra-Hisui, M|\n|poke|p2|Amoonguss, F|\n|poke|p2|Ogerpon-Wellspring, F|\n|poke|p2|Heatran, M|\n|poke|p2|Great Tusk|\n|poke|p2|Ninetales-Alola, M|\n|poke|p2|Iron Valiant|\n|teampreview\n|inactive|Battle timer is ON: inactive players will automatically lose when time's up. (requested by MistakeNo.2)\n|inactive|Yo Azz Is GOOBED has 120 seconds left.\n|\n|t:|1700655535\n|start\n|switch|p1a: Gholdengo|Gholdengo|100\/100\n|switch|p2a: Ninetales|Ninetales-Alola, M|100\/100\n|-weather|Snow|[from] ability: Snow Warning|[of] p2a: Ninetales\n|turn|1\n|\n|t:|1700655539\n|switch|p2a: Heatran|Heatran, M|100\/100\n|move|p1a: Gholdengo|Trick|p2a: Heatran\n|-activate|p1a: Gholdengo|move: Trick|[of] p2a: Heatran\n|-item|p2a: Heatran|Choice Scarf|[from] move: Trick\n|-item|p1a: Gholdengo|Leftovers|[from] move: Trick\n|\n|-weather|Snow|[upkeep]\n|upkeep\n|turn|2\n|\n|t:|1700655543\n|switch|p1a: Milotic|Milotic, F|100\/100\n|move|p2a: Heatran|Stealth Rock|p1a: Milotic\n|-sidestart|p1: Yo Azz Is GOOBED|move: Stealth Rock\n|\n|-weather|Snow|[upkeep]\n|upkeep\n|turn|3\n|\n|t:|1700655548\n|switch|p2a: Amoonguss|Amoonguss, F|100\/100\n|move|p1a: Milotic|Dragon Tail|p2a: Amoonguss\n|-damage|p2a: Amoonguss|94\/100\n|-damage|p1a: Milotic|84\/100|[from] item: Rocky Helmet|[of] p2a: Amoonguss\n|drag|p2a: Great Tusk|Great Tusk|100\/100\n|\n|-weather|Snow|[upkeep]\n|upkeep\n|turn|4\n|\n|t:|1700655555\n|-end|p2a: Great Tusk|Protosynthesis|[silent]\n|switch|p2a: Amoonguss|Amoonguss, F|100\/100\n|move|p1a: Milotic|Scald|p2a: Amoonguss\n|-resisted|p2a: Amoonguss\n|-damage|p2a: Amoonguss|90\/100\n|\n|-weather|Snow|[upkeep]\n|upkeep\n|turn|5\n|\n|t:|1700655559\n|switch|p1a: Gholdengo|Gholdengo|100\/100\n|-damage|p1a: Gholdengo|94\/100|[from] Stealth Rock\n|move|p2a: Amoonguss|Foul Play|p1a: Gholdengo\n|-supereffective|p1a: Gholdengo\n|-damage|p1a: Gholdengo|70\/100\n|\n|-weather|none\n|-heal|p1a: Gholdengo|76\/100|[from] item: Leftovers\n|upkeep\n|turn|6\n|\n|t:|1700655566\n|switch|p2a: Heatran|Heatran, M|100\/100\n|move|p1a: Gholdengo|Shadow Ball|p2a: Heatran\n|-damage|p2a: Heatran|73\/100\n|\n|-heal|p1a: Gholdengo|82\/100|[from] item: Leftovers\n|upkeep\n|turn|7\n|\n|t:|1700655570\n|switch|p1a: Milotic|Milotic, F|84\/100\n|move|p2a: Heatran|Taunt|p1a: Milotic\n|-start|p1a: Milotic|move: Taunt\n|\n|upkeep\n|turn|8\n|\n|t:|1700655574\n|switch|p2a: Ogerpon|Ogerpon-Wellspring, F|100\/100\n|move|p1a: Milotic|Scald|p2a: Ogerpon\n|-immune|p2a: Ogerpon|[from] ability: Water Absorb\n|\n|upkeep\n|turn|9\n|\n|t:|1700655582\n|switch|p1a: Mandibuzz|Mandibuzz, F|100\/100\n|move|p2a: Ogerpon|Ivy Cudgel|p1a: Mandibuzz|[anim] Ivy Cudgel Water\n|-damage|p1a: Mandibuzz|65\/100\n|\n|upkeep\n|turn|10\n|\n|t:|1700655588\n|switch|p2a: Amoonguss|Amoonguss, F|100\/100\n|move|p1a: Mandibuzz|Roost|p1a: Mandibuzz\n|-heal|p1a: Mandibuzz|100\/100\n|-singleturn|p1a: Mandibuzz|move: Roost\n|\n|upkeep\n|turn|11\n|\n|t:|1700655591\n|switch|p1a: Gholdengo|Gholdengo|82\/100\n|-damage|p1a: Gholdengo|76\/100|[from] Stealth Rock\n|move|p2a: Amoonguss|Sludge Bomb|p1a: Gholdengo\n|-immune|p1a: Gholdengo\n|\n|-heal|p1a: Gholdengo|82\/100|[from] item: Leftovers\n|upkeep\n|turn|12\n|\n|t:|1700655596\n|move|p1a: Gholdengo|Shadow Ball|p2a: Amoonguss\n|-damage|p2a: Amoonguss|62\/100\n|move|p2a: Amoonguss|Foul Play|p1a: Gholdengo\n|-supereffective|p1a: Gholdengo\n|-damage|p1a: Gholdengo|58\/100\n|\n|-heal|p1a: Gholdengo|64\/100|[from] item: Leftovers\n|upkeep\n|turn|13\n|\n|t:|1700655602\n|switch|p2a: Heatran|Heatran, M|73\/100\n|move|p1a: Gholdengo|Shadow Ball|p2a: Heatran\n|-damage|p2a: Heatran|45\/100\n|\n|-heal|p1a: Gholdengo|70\/100|[from] item: Leftovers\n|upkeep\n|turn|14\n|\n|t:|1700655606\n|switch|p1a: Milotic|Milotic, F|84\/100\n|move|p2a: Heatran|Magma Storm|p1a: Milotic\n|-resisted|p1a: Milotic\n|-damage|p1a: Milotic|71\/100\n|-activate|p1a: Milotic|move: Magma Storm|[of] p2a: Heatran\n|\n|-damage|p1a: Milotic|59\/100|[from] move: Magma Storm|[partiallytrapped]\n|upkeep\n|turn|15\n|\n|t:|1700655611\n|switch|p2a: Ogerpon|Ogerpon-Wellspring, F|100\/100\n|move|p1a: Milotic|Recover|p1a: Milotic\n|-heal|p1a: Milotic|100\/100\n|\n|-end|p1a: Milotic|Magma Storm|[partiallytrapped]|[silent]\n|upkeep\n|turn|16\n|\n|t:|1700655614\n|switch|p1a: Mandibuzz|Mandibuzz, F|100\/100\n|move|p2a: Ogerpon|Swords Dance|p2a: Ogerpon\n|-boost|p2a: Ogerpon|atk|2\n|\n|upkeep\n|turn|17\n|\n|t:|1700655618\n|-terastallize|p2a: Ogerpon|Water\n|detailschange|p2a: Ogerpon|Ogerpon-Wellspring-Tera, F, tera:Water\n|-ability|p2a: Ogerpon|Embody Aspect (Wellspring)|boost\n|-boost|p2a: Ogerpon|spd|1\n|move|p2a: Ogerpon|Ivy Cudgel|p1a: Mandibuzz|[anim] Ivy Cudgel Water\n|-damage|p1a: Mandibuzz|14\/100\n|move|p1a: Mandibuzz|Foul Play|p2a: Ogerpon\n|-damage|p2a: Ogerpon|0 fnt\n|faint|p2a: Ogerpon\n|\n|upkeep\n|\n|t:|1700655624\n|switch|p2a: Ninetales|Ninetales-Alola, M|100\/100\n|-weather|Snow|[from] ability: Snow Warning|[of] p2a: Ninetales\n|turn|18\n|\n|t:|1700655631\n|switch|p1a: Gholdengo|Gholdengo|70\/100\n|-damage|p1a: Gholdengo|64\/100|[from] Stealth Rock\n|move|p2a: Ninetales|Aurora Veil|p2a: Ninetales\n|-sidestart|p2: MistakeNo.2|move: Aurora Veil\n|\n|-weather|Snow|[upkeep]\n|-heal|p1a: Gholdengo|70\/100|[from] item: Leftovers\n|upkeep\n|turn|19\n|\n|t:|1700655638\n|switch|p2a: Heatran|Heatran, M|45\/100\n|move|p1a: Gholdengo|Recover|p1a: Gholdengo\n|-heal|p1a: Gholdengo|100\/100\n|\n|-weather|Snow|[upkeep]\n|upkeep\n|turn|20\n|\n|t:|1700655645\n|switch|p2a: Iron Valiant|Iron Valiant|100\/100\n|-enditem|p2a: Iron Valiant|Booster Energy\n|-activate|p2a: Iron Valiant|ability: Quark Drive|[fromitem]\n|-start|p2a: Iron Valiant|quarkdrivespe\n|switch|p1a: Milotic|Milotic, F|100\/100\n|\n|-weather|Snow|[upkeep]\n|upkeep\n|turn|21\n|\n|t:|1700655649\n|switch|p1a: Weezing|Weezing-Galar, M|100\/100\n|-ability|p1a: Weezing|Neutralizing Gas\n|-damage|p1a: Weezing|88\/100|[from] Stealth Rock\n|move|p2a: Iron Valiant|Swords Dance|p2a: Iron Valiant\n|-boost|p2a: Iron Valiant|atk|2\n|\n|-weather|Snow|[upkeep]\n|-heal|p1a: Weezing|94\/100|[from] item: Leftovers\n|upkeep\n|turn|22\n|\n|t:|1700655656\n|move|p2a: Iron Valiant|Psycho Cut|p1a: Weezing\n|-supereffective|p1a: Weezing\n|-damage|p1a: Weezing|31\/100\n|move|p1a: Weezing|Defog|p2a: Iron Valiant\n|-unboost|p2a: Iron Valiant|evasion|1\n|-sideend|p2: MistakeNo.2|move: Aurora Veil\n|-sideend|p1: Yo Azz Is GOOBED|Stealth Rock|[from] move: Defog|[of] p1a: Weezing\n|\n|-weather|none\n|-heal|p1a: Weezing|37\/100|[from] item: Leftovers\n|upkeep\n|turn|23\n|\n|t:|1700655661\n|move|p2a: Iron Valiant|Psycho Cut|p1a: Weezing\n|-supereffective|p1a: Weezing\n|-damage|p1a: Weezing|0 fnt\n|faint|p1a: Weezing\n|-end|p1a: Weezing|ability: Neutralizing Gas\n|\n|upkeep\n|\n|t:|1700655677\n|switch|p1a: Skeledirge|Skeledirge, F|100\/100\n|turn|24\n|\n|t:|1700655681\n|switch|p1a: Mandibuzz|Mandibuzz, F|14\/100\n|move|p2a: Iron Valiant|Knock Off|p1a: Mandibuzz\n|-resisted|p1a: Mandibuzz\n|-damage|p1a: Mandibuzz|0 fnt\n|-enditem|p1a: Mandibuzz|Heavy-Duty Boots|[from] move: Knock Off|[of] p2a: Iron Valiant\n|faint|p1a: Mandibuzz\n|\n|upkeep\n|\n|t:|1700655697\n|switch|p1a: Goodra|Goodra-Hisui, M|100\/100\n|turn|25\n|\n|t:|1700655701\n|-terastallize|p1a: Goodra|Fairy\n|move|p2a: Iron Valiant|Close Combat|p1a: Goodra\n|-resisted|p1a: Goodra\n|-damage|p1a: Goodra|42\/100\n|-unboost|p2a: Iron Valiant|def|1\n|-unboost|p2a: Iron Valiant|spd|1\n|-ability|p1a: Goodra|Gooey\n|-unboost|p2a: Iron Valiant|spe|1\n|move|p1a: Goodra|Heavy Slam|p2a: Iron Valiant\n|-supereffective|p2a: Iron Valiant\n|-damage|p2a: Iron Valiant|0 fnt\n|faint|p2a: Iron Valiant\n|-end|p2a: Iron Valiant|Quark Drive|[silent]\n|\n|upkeep\n|\n|t:|1700655707\n|switch|p2a: Ninetales|Ninetales-Alola, M|100\/100\n|-weather|Snow|[from] ability: Snow Warning|[of] p2a: Ninetales\n|turn|26\n|\n|t:|1700655715\n|move|p2a: Ninetales|Aurora Veil|p2a: Ninetales\n|-sidestart|p2: MistakeNo.2|move: Aurora Veil\n|move|p1a: Goodra|Heavy Slam|p2a: Ninetales\n|-supereffective|p2a: Ninetales\n|-damage|p2a: Ninetales|29\/100\n|\n|-weather|Snow|[upkeep]\n|upkeep\n|turn|27\n|\n|t:|1700655720\n|switch|p1a: Gholdengo|Gholdengo|100\/100\n|move|p2a: Ninetales|Moonblast|p1a: Gholdengo\n|-resisted|p1a: Gholdengo\n|-damage|p1a: Gholdengo|85\/100\n|\n|-weather|Snow|[upkeep]\n|-heal|p1a: Gholdengo|91\/100|[from] item: Leftovers\n|upkeep\n|turn|28\n|\n|t:|1700655727\n|switch|p2a: Heatran|Heatran, M|45\/100\n|move|p1a: Gholdengo|Shadow Ball|p2a: Heatran\n|-damage|p2a: Heatran|31\/100\n|\n|-weather|Snow|[upkeep]\n|-heal|p1a: Gholdengo|97\/100|[from] item: Leftovers\n|upkeep\n|turn|29\n|\n|t:|1700655734\n|switch|p1a: Milotic|Milotic, F|100\/100\n|move|p2a: Heatran|Taunt|p1a: Milotic\n|-start|p1a: Milotic|move: Taunt\n|\n|-weather|Snow|[upkeep]\n|upkeep\n|turn|30\n|\n|t:|1700655738\n|switch|p2a: Amoonguss|Amoonguss, F|95\/100\n|move|p1a: Milotic|Scald|p2a: Amoonguss\n|-resisted|p2a: Amoonguss\n|-damage|p2a: Amoonguss|90\/100\n|-status|p2a: Amoonguss|brn\n|\n|-weather|none\n|-damage|p2a: Amoonguss|83\/100 brn|[from] brn\n|upkeep\n|turn|31\n|\n|t:|1700655742\n|switch|p1a: Gholdengo|Gholdengo|97\/100\n|switch|p2a: Great Tusk|Great Tusk|100\/100\n|\n|-heal|p1a: Gholdengo|100\/100|[from] item: Leftovers\n|upkeep\n|turn|32\n|\n|t:|1700655751\n|switch|p1a: Goodra|Goodra-Hisui, M, tera:Fairy|42\/100\n|move|p2a: Great Tusk|Bulk Up|p2a: Great Tusk\n|-boost|p2a: Great Tusk|atk|1\n|-boost|p2a: Great Tusk|def|1\n|\n|upkeep\n|turn|33\n|\n|t:|1700655758\n|move|p2a: Great Tusk|Headlong Rush|p1a: Goodra\n|-damage|p1a: Goodra|0 fnt\n|-unboost|p2a: Great Tusk|def|1\n|-unboost|p2a: Great Tusk|spd|1\n|-ability|p1a: Goodra|Gooey\n|-unboost|p2a: Great Tusk|spe|1\n|faint|p1a: Goodra\n|\n|-sideend|p2: MistakeNo.2|move: Aurora Veil\n|upkeep\n|\n|t:|1700655762\n|switch|p1a: Milotic|Milotic, F|100\/100\n|turn|34\n|\n|t:|1700655766\n|-end|p2a: Great Tusk|Protosynthesis|[silent]\n|switch|p2a: Amoonguss|Amoonguss, F|100\/100 brn\n|move|p1a: Milotic|Scald|p2a: Amoonguss\n|-resisted|p2a: Amoonguss\n|-damage|p2a: Amoonguss|88\/100 brn\n|\n|-damage|p2a: Amoonguss|82\/100 brn|[from] brn\n|upkeep\n|turn|35\n|\n|t:|1700655770\n|switch|p1a: Gholdengo|Gholdengo|100\/100\n|switch|p2a: Great Tusk|Great Tusk|100\/100\n|\n|upkeep\n|turn|36\n|\n|t:|1700655777\n|switch|p1a: Milotic|Milotic, F|100\/100\n|move|p2a: Great Tusk|Headlong Rush|p1a: Milotic\n|-damage|p1a: Milotic|36\/100\n|-unboost|p2a: Great Tusk|def|1\n|-unboost|p2a: Great Tusk|spd|1\n|\n|upkeep\n|turn|37\n|\n|t:|1700655782\n|move|p2a: Great Tusk|Headlong Rush|p1a: Milotic\n|-damage|p1a: Milotic|0 fnt\n|-unboost|p2a: Great Tusk|def|1\n|-unboost|p2a: Great Tusk|spd|1\n|faint|p1a: Milotic\n|\n|upkeep\n|-message|Yo Azz Is GOOBED forfeited.\n|\n|win|MistakeNo.2\n|raw|Yo Azz Is GOOBED's rating: 1487 &rarr; <strong>1464<\/strong><br \/>(-23 for losing)\n|raw|MistakeNo.2's rating: 1437 &rarr; <strong>1460<\/strong><br \/>(+23 for winning)\n|l|\u2606Yo Azz Is GOOBED\n","uploadtime":1700655793,"views":0,"p1id":"yoazzisgoobed","p2id":"mistakeno2","formatid":"gen9ou","rating":1460,"private":0,"password":""}