{"id":"gen9ou-1990686465","p1":"Nyksytin","p2":"ShittyDitch69","format":"[Gen 9] OU","log":"|j|\u2606Nyksytin\n|j|\u2606ShittyDitch69\n|t:|1699991736\n|gametype|singles\n|player|p1|Nyksytin|1|1135\n|player|p2|ShittyDitch69|drayden|1087\n|teamsize|p1|6\n|teamsize|p2|6\n|gen|9\n|tier|[Gen 9] OU\n|rated|\n|rule|Sleep Clause Mod: Limit one foe put to sleep\n|rule|Species Clause: Limit one of each Pok\u00e9mon\n|rule|OHKO Clause: OHKO moves are banned\n|rule|Evasion Items Clause: Evasion items are banned\n|rule|Evasion Moves Clause: Evasion moves are banned\n|rule|Endless Battle Clause: Forcing endless battles is banned\n|rule|HP Percentage Mod: HP is shown in percentages\n|clearpoke\n|poke|p1|Alomomola, F|\n|poke|p1|Gholdengo|\n|poke|p1|Landorus-Therian, M|\n|poke|p1|Volcanion|\n|poke|p1|Tsareena, F|\n|poke|p1|Kommo-o, F|\n|poke|p2|Ogerpon-Wellspring, F|\n|poke|p2|Glimmora, F|\n|poke|p2|Breloom, M|\n|poke|p2|Cyclizar, F|\n|poke|p2|Kingambit, F|\n|poke|p2|Enamorus, F|\n|teampreview\n|\n|t:|1699991750\n|start\n|switch|p1a: Tsareena|Tsareena, F|100\/100\n|switch|p2a: Cyclizar|Cyclizar, F|100\/100\n|turn|1\n|inactive|Battle timer is ON: inactive players will automatically lose when time's up. (requested by ShittyDitch69)\n|\n|t:|1699991754\n|move|p2a: Cyclizar|Overheat|p1a: Tsareena\n|-supereffective|p1a: Tsareena\n|-damage|p1a: Tsareena|51\/100\n|-unboost|p2a: Cyclizar|spa|2\n|move|p1a: Tsareena|Rapid Spin|p2a: Cyclizar\n|-damage|p2a: Cyclizar|71\/100\n|-boost|p1a: Tsareena|spe|1\n|\n|upkeep\n|turn|2\n|\n|t:|1699991764\n|switch|p2a: Glimmora|Glimmora, F|100\/100\n|move|p1a: Tsareena|Rapid Spin|p2a: Glimmora\n|-resisted|p2a: Glimmora\n|-damage|p2a: Glimmora|89\/100\n|-boost|p1a: Tsareena|spe|1\n|-activate|p2a: Glimmora|ability: Toxic Debris\n|-sidestart|p1: Nyksytin|move: Toxic Spikes\n|-sideend|p1: Nyksytin|Toxic Spikes|[from] move: Rapid Spin|[of] p1a: Tsareena\n|\n|upkeep\n|turn|3\n|\n|t:|1699991781\n|move|p2a: Glimmora|Mortal Spin|p1a: Tsareena\n|-supereffective|p1a: Tsareena\n|-damage|p1a: Tsareena|37\/100\n|-status|p1a: Tsareena|psn\n|move|p1a: Tsareena|Knock Off|p2a: Glimmora\n|-damage|p2a: Glimmora|48\/100\n|-activate|p2a: Glimmora|ability: Toxic Debris\n|-sidestart|p1: Nyksytin|move: Toxic Spikes\n|-enditem|p2a: Glimmora|Choice Scarf|[from] move: Knock Off|[of] p1a: Tsareena\n|\n|-damage|p1a: Tsareena|25\/100 psn|[from] psn\n|upkeep\n|turn|4\n|\n|t:|1699991796\n|move|p2a: Glimmora|Sludge Wave|p1a: Tsareena\n|-supereffective|p1a: Tsareena\n|-damage|p1a: Tsareena|0 fnt\n|faint|p1a: Tsareena\n|\n|upkeep\n|\n|t:|1699991805\n|switch|p1a: Gholdengo|Gholdengo|100\/100\n|turn|5\n|\n|t:|1699991808\n|move|p1a: Gholdengo|Make It Rain|p2a: Glimmora\n|-supereffective|p2a: Glimmora\n|-crit|p2a: Glimmora\n|-damage|p2a: Glimmora|0 fnt\n|-unboost|p1a: Gholdengo|spa|1\n|faint|p2a: Glimmora\n|\n|upkeep\n|\n|t:|1699991818\n|switch|p2a: Shitspring|Ogerpon-Wellspring, F|100\/100\n|turn|6\n|\n|t:|1699991830\n|move|p1a: Gholdengo|Make It Rain|p2a: Shitspring\n|-resisted|p2a: Shitspring\n|-damage|p2a: Shitspring|78\/100\n|-unboost|p1a: Gholdengo|spa|1\n|move|p2a: Shitspring|Wood Hammer|p1a: Gholdengo\n|-resisted|p1a: Gholdengo\n|-crit|p1a: Gholdengo\n|-damage|p1a: Gholdengo|42\/100\n|-damage|p2a: Shitspring|57\/100|[from] Recoil\n|\n|upkeep\n|turn|7\n|\n|t:|1699991845\n|switch|p1a: Landorus|Landorus-Therian, M|100\/100\n|-ability|p1a: Landorus|Intimidate|boost\n|-unboost|p2a: Shitspring|atk|1\n|move|p2a: Shitspring|Wood Hammer|p1a: Landorus\n|-damage|p1a: Landorus|40\/100\n|-damage|p2a: Shitspring|36\/100|[from] Recoil\n|\n|-heal|p1a: Landorus|46\/100|[from] item: Leftovers\n|upkeep\n|turn|8\n|\n|t:|1699991859\n|switch|p1a: Gholdengo|Gholdengo|42\/100\n|move|p2a: Shitspring|Wood Hammer|p1a: Gholdengo\n|-resisted|p1a: Gholdengo\n|-damage|p1a: Gholdengo|13\/100\n|-damage|p2a: Shitspring|26\/100|[from] Recoil\n|\n|upkeep\n|turn|9\n|\n|t:|1699991868\n|switch|p2a: Cyclizar|Cyclizar, F|100\/100\n|move|p1a: Gholdengo|Shadow Ball|p2a: Cyclizar\n|-immune|p2a: Cyclizar\n|\n|upkeep\n|turn|10\n|\n|t:|1699991877\n|switch|p1a: Landorus|Landorus-Therian, M|46\/100\n|-ability|p1a: Landorus|Intimidate|boost\n|-unboost|p2a: Cyclizar|atk|1\n|move|p2a: Cyclizar|Draco Meteor|p1a: Landorus\n|-crit|p1a: Landorus\n|-damage|p1a: Landorus|0 fnt\n|-unboost|p2a: Cyclizar|spa|2\n|faint|p1a: Landorus\n|\n|upkeep\n|\n|t:|1699991885\n|switch|p1a: Kommo-o|Kommo-o, F|100\/100\n|-status|p1a: Kommo-o|psn\n|turn|11\n|\n|t:|1699991888\n|-terastallize|p1a: Kommo-o|Normal\n|move|p2a: Cyclizar|Draco Meteor|p1a: Kommo-o\n|-damage|p1a: Kommo-o|71\/100 psn\n|-unboost|p2a: Cyclizar|spa|2\n|move|p1a: Kommo-o|Clangorous Soul|p1a: Kommo-o\n|-boost|p1a: Kommo-o|atk|1\n|-boost|p1a: Kommo-o|def|1\n|-boost|p1a: Kommo-o|spa|1\n|-boost|p1a: Kommo-o|spd|1\n|-boost|p1a: Kommo-o|spe|1\n|-damage|p1a: Kommo-o|38\/100 psn\n|-enditem|p1a: Kommo-o|Throat Spray\n|-boost|p1a: Kommo-o|spa|1|[from] item: Throat Spray\n|\n|-damage|p1a: Kommo-o|26\/100 psn|[from] psn\n|upkeep\n|turn|12\n|\n|t:|1699991900\n|switch|p2a: Shitspring|Ogerpon-Wellspring, F|26\/100\n|move|p1a: Kommo-o|Boomburst|p2a: Shitspring\n|-damage|p2a: Shitspring|0 fnt\n|faint|p2a: Shitspring\n|\n|-damage|p1a: Kommo-o|14\/100 psn|[from] psn\n|upkeep\n|\n|t:|1699991906\n|switch|p2a: Kingambit|Kingambit, F|100\/100\n|-activate|p2a: Kingambit|ability: Supreme Overlord\n|-start|p2a: Kingambit|fallen2|[silent]\n|turn|13\n|\n|t:|1699991908\n|move|p2a: Kingambit|Sucker Punch|p1a: Kommo-o\n|-damage|p1a: Kommo-o|0 fnt\n|faint|p1a: Kommo-o\n|\n|upkeep\n|\n|t:|1699991912\n|switch|p1a: Volcanion|Volcanion|100\/100\n|-status|p1a: Volcanion|psn\n|turn|14\n|\n|t:|1699991916\n|move|p2a: Kingambit|Sucker Punch|p1a: Volcanion\n|-damage|p1a: Volcanion|56\/100 psn\n|move|p1a: Volcanion|Overheat|p2a: Kingambit\n|-supereffective|p2a: Kingambit\n|-damage|p2a: Kingambit|0 fnt\n|-unboost|p1a: Volcanion|spa|2\n|faint|p2a: Kingambit\n|-end|p2a: Kingambit|fallen2|[silent]\n|\n|-damage|p1a: Volcanion|43\/100 psn|[from] psn\n|upkeep\n|\n|t:|1699991922\n|switch|p2a: Cyclizar|Cyclizar, F|100\/100\n|turn|15\n|\n|t:|1699991927\n|move|p2a: Cyclizar|Rapid Spin|p1a: Volcanion\n|-damage|p1a: Volcanion|32\/100 psn\n|-boost|p2a: Cyclizar|spe|1\n|move|p1a: Volcanion|Overheat|p2a: Cyclizar\n|-resisted|p2a: Cyclizar\n|-damage|p2a: Cyclizar|70\/100\n|-unboost|p1a: Volcanion|spa|2\n|\n|-damage|p1a: Volcanion|19\/100 psn|[from] psn\n|upkeep\n|turn|16\n|\n|t:|1699991952\n|move|p2a: Cyclizar|U-turn|p1a: Volcanion\n|-resisted|p1a: Volcanion\n|-damage|p1a: Volcanion|13\/100 psn\n|\n|t:|1699991955\n|switch|p2a: Enamorus|Enamorus, F|100\/100|[from] U-turn\n|move|p1a: Volcanion|Overheat|p2a: Enamorus\n|-damage|p2a: Enamorus|46\/100\n|-unboost|p1a: Volcanion|spa|2\n|\n|-damage|p1a: Volcanion|1\/100 psn|[from] psn\n|upkeep\n|turn|17\n|\n|t:|1699991966\n|switch|p2a: Cyclizar|Cyclizar, F|100\/100\n|move|p1a: Volcanion|Overheat|p2a: Cyclizar\n|-resisted|p2a: Cyclizar\n|-damage|p2a: Cyclizar|85\/100\n|\n|-damage|p1a: Volcanion|0 fnt|[from] psn\n|faint|p1a: Volcanion\n|upkeep\n|\n|t:|1699991969\n|switch|p1a: Alomomola|Alomomola, F|100\/100\n|-status|p1a: Alomomola|psn\n|turn|18\n|\n|t:|1699991974\n|-terastallize|p2a: Cyclizar|Dragon\n|move|p2a: Cyclizar|Draco Meteor|p1a: Alomomola\n|-damage|p1a: Alomomola|39\/100 psn\n|-unboost|p2a: Cyclizar|spa|2\n|move|p1a: Alomomola|Wish|p1a: Alomomola\n|\n|-damage|p1a: Alomomola|27\/100 psn|[from] psn\n|upkeep\n|turn|19\n|\n|t:|1699991982\n|move|p2a: Cyclizar|Draco Meteor|p1a: Alomomola\n|-damage|p1a: Alomomola|0 fnt\n|-unboost|p2a: Cyclizar|spa|2\n|faint|p1a: Alomomola\n|\n|upkeep\n|\n|t:|1699991986\n|switch|p1a: Gholdengo|Gholdengo|13\/100\n|turn|20\n|\n|t:|1699991991\n|move|p1a: Gholdengo|Dazzling Gleam|p2a: Cyclizar\n|-supereffective|p2a: Cyclizar\n|-damage|p2a: Cyclizar|18\/100\n|move|p2a: Cyclizar|Overheat|p1a: Gholdengo\n|-supereffective|p1a: Gholdengo\n|-damage|p1a: Gholdengo|0 fnt\n|-unboost|p2a: Cyclizar|spa|2\n|faint|p1a: Gholdengo\n|\n|win|ShittyDitch69\n|raw|Nyksytin's rating: 1135 &rarr; <strong>1107<\/strong><br \/>(-28 for losing)\n|raw|ShittyDitch69's rating: 1087 &rarr; <strong>1118<\/strong><br \/>(+31 for winning)\n|l|\u2606Nyksytin\n","uploadtime":1699992001,"views":6,"p1id":"nyksytin","p2id":"shittyditch69","formatid":"gen9ou","rating":1107,"private":0,"password":""}