{"id":"gen9ou-1988897888","p1":"Diamond_Apa","p2":"Odin406","format":"[Gen 9] OU","log":"|j|\u2606Diamond_Apa\n|j|\u2606Odin406\n|t:|1699783536\n|gametype|singles\n|player|p1|Diamond_Apa|grusha|1456\n|player|p2|Odin406|n|1586\n|teamsize|p1|6\n|teamsize|p2|6\n|gen|9\n|tier|[Gen 9] OU\n|rated|\n|rule|Sleep Clause Mod: Limit one foe put to sleep\n|rule|Species Clause: Limit one of each Pok\u00e9mon\n|rule|OHKO Clause: OHKO moves are banned\n|rule|Evasion Items Clause: Evasion items are banned\n|rule|Evasion Moves Clause: Evasion moves are banned\n|rule|Endless Battle Clause: Forcing endless battles is banned\n|rule|HP Percentage Mod: HP is shown in percentages\n|clearpoke\n|poke|p1|Zamazenta-*|\n|poke|p1|Gholdengo|\n|poke|p1|Hatterene, F|\n|poke|p1|Samurott-Hisui, F|\n|poke|p1|Corviknight, M|\n|poke|p1|Sandy Shocks|\n|poke|p2|Ting-Lu|\n|poke|p2|Milotic, M|\n|poke|p2|Thundurus-Therian, M|\n|poke|p2|Ogerpon-Wellspring, F|\n|poke|p2|Hatterene, F|\n|poke|p2|Sinistcha-Masterpiece|\n|teampreview\n|inactive|Battle timer is ON: inactive players will automatically lose when time's up. (requested by Odin406)\n|\n|t:|1699783554\n|start\n|switch|p1a: Samurott|Samurott-Hisui, F|100\/100\n|switch|p2a: Ogerpon|Ogerpon-Wellspring, F|100\/100\n|turn|1\n|\n|t:|1699783568\n|switch|p1a: Zamazenta|Zamazenta|100\/100\n|-ability|p1a: Zamazenta|Dauntless Shield|boost\n|-boost|p1a: Zamazenta|def|1\n|move|p2a: Ogerpon|Horn Leech|p1a: Zamazenta\n|-damage|p1a: Zamazenta|79\/100\n|\n|-heal|p1a: Zamazenta|85\/100|[from] item: Leftovers\n|upkeep\n|turn|2\n|\n|t:|1699783587\n|switch|p2a: Sinistcha|Sinistcha-Masterpiece|100\/100\n|move|p1a: Zamazenta|Iron Defense|p1a: Zamazenta\n|-boost|p1a: Zamazenta|def|2\n|\n|-heal|p1a: Zamazenta|91\/100|[from] item: Leftovers\n|upkeep\n|turn|3\n|\n|t:|1699783594\n|move|p1a: Zamazenta|Crunch|p2a: Sinistcha\n|-supereffective|p2a: Sinistcha\n|-damage|p2a: Sinistcha|65\/100\n|move|p2a: Sinistcha|Matcha Gotcha|p1a: Zamazenta\n|-damage|p1a: Zamazenta|61\/100\n|-heal|p2a: Sinistcha|82\/100|[from] drain|[of] p1a: Zamazenta\n|\n|-heal|p1a: Zamazenta|68\/100|[from] item: Leftovers\n|-heal|p2a: Sinistcha|88\/100|[from] item: Leftovers\n|upkeep\n|turn|4\n|\n|t:|1699783606\n|switch|p1a: Corviknight|Corviknight, M|100\/100\n|-ability|p1a: Corviknight|Pressure\n|move|p2a: Sinistcha|Matcha Gotcha|p1a: Corviknight\n|-resisted|p1a: Corviknight\n|-damage|p1a: Corviknight|92\/100\n|-heal|p2a: Sinistcha|93\/100|[from] drain|[of] p1a: Corviknight\n|\n|-heal|p2a: Sinistcha|99\/100|[from] item: Leftovers\n|upkeep\n|turn|5\n|\n|t:|1699783614\n|switch|p2a: Ting-Lu|Ting-Lu|100\/100\n|-ability|p2a: Ting-Lu|Vessel of Ruin\n|move|p1a: Corviknight|Brave Bird|p2a: Ting-Lu\n|-damage|p2a: Ting-Lu|85\/100\n|-damage|p1a: Corviknight|86\/100|[from] Recoil\n|\n|-heal|p2a: Ting-Lu|91\/100|[from] item: Leftovers\n|upkeep\n|turn|6\n|\n|t:|1699783620\n|switch|p1a: Hatterene|Hatterene, F|100\/100\n|move|p2a: Ting-Lu|Stealth Rock|p1a: Hatterene\n|move|p1a: Hatterene|Stealth Rock|p2a: Ting-Lu|[from]ability: Magic Bounce\n|-sidestart|p2: Odin406|move: Stealth Rock\n|\n|-heal|p2a: Ting-Lu|97\/100|[from] item: Leftovers\n|upkeep\n|turn|7\n|\n|t:|1699783630\n|switch|p2a: Hatterene|Hatterene, F|100\/100\n|-damage|p2a: Hatterene|88\/100|[from] Stealth Rock\n|move|p1a: Hatterene|Nuzzle|p2a: Hatterene\n|-damage|p2a: Hatterene|84\/100\n|-status|p2a: Hatterene|par\n|\n|-heal|p2a: Hatterene|90\/100 par|[from] item: Leftovers\n|upkeep\n|turn|8\n|\n|t:|1699783644\n|switch|p1a: Gholdengo|Gholdengo|100\/100\n|move|p2a: Hatterene|Psyshock|p1a: Gholdengo\n|-resisted|p1a: Gholdengo\n|-damage|p1a: Gholdengo|84\/100\n|\n|-heal|p1a: Gholdengo|90\/100|[from] item: Leftovers\n|-heal|p2a: Hatterene|96\/100 par|[from] item: Leftovers\n|upkeep\n|turn|9\n|\n|t:|1699783658\n|switch|p1a: Samurott|Samurott-Hisui, F|100\/100\n|switch|p2a: Milotic|Milotic, M|100\/100\n|\n|upkeep\n|turn|10\n|\n|t:|1699783669\n|move|p1a: Samurott|Ceaseless Edge|p2a: Milotic\n|-damage|p2a: Milotic|55\/100\n|-sidestart|p2: Odin406|Spikes\n|move|p2a: Milotic|Scald|p1a: Samurott\n|-resisted|p1a: Samurott\n|-damage|p1a: Samurott|88\/100\n|\n|upkeep\n|turn|11\n|\n|t:|1699783687\n|switch|p2a: Ting-Lu|Ting-Lu|97\/100\n|-damage|p2a: Ting-Lu|91\/100|[from] Stealth Rock\n|-damage|p2a: Ting-Lu|79\/100|[from] Spikes\n|-ability|p2a: Ting-Lu|Vessel of Ruin\n|move|p1a: Samurott|Ceaseless Edge|p2a: Ting-Lu\n|-resisted|p2a: Ting-Lu\n|-damage|p2a: Ting-Lu|69\/100\n|-sidestart|p2: Odin406|Spikes\n|\n|-heal|p2a: Ting-Lu|75\/100|[from] item: Leftovers\n|upkeep\n|turn|12\n|\n|t:|1699783696\n|move|p1a: Samurott|Razor Shell|p2a: Ting-Lu\n|-supereffective|p2a: Ting-Lu\n|-damage|p2a: Ting-Lu|33\/100\n|-unboost|p2a: Ting-Lu|def|1\n|move|p2a: Ting-Lu|Earthquake|p1a: Samurott\n|-damage|p1a: Samurott|41\/100\n|\n|-heal|p2a: Ting-Lu|39\/100|[from] item: Leftovers\n|upkeep\n|turn|13\n|\n|t:|1699783710\n|switch|p2a: Ogerpon|Ogerpon-Wellspring, F|100\/100\n|-damage|p2a: Ogerpon|88\/100|[from] Stealth Rock\n|-damage|p2a: Ogerpon|72\/100|[from] Spikes\n|move|p1a: Samurott|Ceaseless Edge|p2a: Ogerpon\n|-damage|p2a: Ogerpon|15\/100\n|-sidestart|p2: Odin406|Spikes\n|\n|upkeep\n|turn|14\n|\n|t:|1699783719\n|switch|p1a: Corviknight|Corviknight, M|86\/100\n|-ability|p1a: Corviknight|Pressure\n|move|p2a: Ogerpon|Horn Leech|p1a: Corviknight\n|-resisted|p1a: Corviknight\n|-damage|p1a: Corviknight|79\/100\n|-heal|p2a: Ogerpon|19\/100|[from] drain|[of] p1a: Corviknight\n|-damage|p2a: Ogerpon|2\/100|[from] item: Rocky Helmet|[of] p1a: Corviknight\n|\n|upkeep\n|turn|15\n|\n|t:|1699783731\n|switch|p2a: Ting-Lu|Ting-Lu|39\/100\n|-damage|p2a: Ting-Lu|33\/100|[from] Stealth Rock\n|-damage|p2a: Ting-Lu|8\/100|[from] Spikes\n|-ability|p2a: Ting-Lu|Vessel of Ruin\n|move|p1a: Corviknight|Roost|p1a: Corviknight\n|-heal|p1a: Corviknight|100\/100\n|-singleturn|p1a: Corviknight|move: Roost\n|\n|-heal|p2a: Ting-Lu|14\/100|[from] item: Leftovers\n|upkeep\n|turn|16\n|\n|t:|1699783736\n|move|p1a: Corviknight|U-turn|p2a: Ting-Lu\n|-supereffective|p2a: Ting-Lu\n|-damage|p2a: Ting-Lu|1\/100\n|\n|t:|1699783740\n|switch|p1a: Hatterene|Hatterene, F|100\/100|[from] U-turn\n|move|p2a: Ting-Lu|Stealth Rock|p1a: Hatterene\n|move|p1a: Hatterene|Stealth Rock||[from]ability: Magic Bounce|[still]\n|-fail|p1a: Hatterene\n|\n|-heal|p2a: Ting-Lu|8\/100|[from] item: Leftovers\n|upkeep\n|turn|17\n|\n|t:|1699783750\n|move|p1a: Hatterene|Dazzling Gleam|p2a: Ting-Lu\n|-supereffective|p2a: Ting-Lu\n|-damage|p2a: Ting-Lu|0 fnt\n|faint|p2a: Ting-Lu\n|\n|upkeep\n|\n|t:|1699783753\n|switch|p2a: Hatterene|Hatterene, F|96\/100 par\n|-damage|p2a: Hatterene|84\/100 par|[from] Stealth Rock\n|-damage|p2a: Hatterene|59\/100 par|[from] Spikes\n|turn|18\n|\n|t:|1699783760\n|switch|p1a: Gholdengo|Gholdengo|90\/100\n|move|p2a: Hatterene|Healing Wish|p2a: Hatterene\n|faint|p2a: Hatterene\n|\n|-heal|p1a: Gholdengo|96\/100|[from] item: Leftovers\n|upkeep\n|\n|t:|1699783762\n|switch|p2a: Ogerpon|Ogerpon-Wellspring, F|2\/100\n|-heal|p2a: Ogerpon|100\/100|[from] move: Healing Wish\n|-damage|p2a: Ogerpon|88\/100|[from] Stealth Rock\n|-damage|p2a: Ogerpon|63\/100|[from] Spikes\n|turn|19\n|\n|t:|1699783770\n|-terastallize|p2a: Ogerpon|Water\n|detailschange|p2a: Ogerpon|Ogerpon-Wellspring-Tera, F, tera:Water\n|-ability|p2a: Ogerpon|Embody Aspect (Wellspring)|boost\n|-boost|p2a: Ogerpon|spd|1\n|move|p2a: Ogerpon|Ivy Cudgel|p1a: Gholdengo\n|-damage|p1a: Gholdengo|16\/100\n|move|p1a: Gholdengo|Thunder Wave|p2a: Ogerpon\n|-status|p2a: Ogerpon|par\n|\n|-heal|p1a: Gholdengo|22\/100|[from] item: Leftovers\n|upkeep\n|turn|20\n|\n|t:|1699783780\n|switch|p1a: Corviknight|Corviknight, M|100\/100\n|-ability|p1a: Corviknight|Pressure\n|move|p2a: Ogerpon|Ivy Cudgel|p1a: Corviknight\n|-crit|p1a: Corviknight\n|-damage|p1a: Corviknight|35\/100\n|\n|upkeep\n|turn|21\n|\n|t:|1699783791\n|move|p2a: Ogerpon|Ivy Cudgel|p1a: Corviknight\n|-damage|p1a: Corviknight|0 fnt\n|faint|p1a: Corviknight\n|\n|upkeep\n|\n|t:|1699783796\n|switch|p1a: Sandy Shocks|Sandy Shocks|100\/100\n|turn|22\n|\n|t:|1699783805\n|switch|p2a: Thundurus|Thundurus-Therian, M|100\/100\n|move|p1a: Sandy Shocks|Volt Switch|p2a: Thundurus\n|-immune|p2a: Thundurus|[from] ability: Volt Absorb\n|\n|upkeep\n|turn|23\n|\n|t:|1699783830\n|-end|p1a: Sandy Shocks|Protosynthesis|[silent]\n|switch|p1a: Gholdengo|Gholdengo|22\/100\n|move|p2a: Thundurus|Thunderbolt|p1a: Gholdengo\n|-damage|p1a: Gholdengo|0 fnt\n|faint|p1a: Gholdengo\n|\n|upkeep\n|\n|t:|1699783834\n|switch|p1a: Hatterene|Hatterene, F|100\/100\n|turn|24\n|\n|t:|1699783842\n|move|p2a: Thundurus|Volt Switch|p1a: Hatterene\n|-crit|p1a: Hatterene\n|-damage|p1a: Hatterene|43\/100\n|\n|t:|1699783845\n|switch|p2a: Milotic|Milotic, M|55\/100|[from] Volt Switch\n|move|p1a: Hatterene|Healing Wish|p1a: Hatterene\n|faint|p1a: Hatterene\n|\n|upkeep\n|\n|t:|1699783851\n|switch|p1a: Samurott|Samurott-Hisui, F|41\/100\n|-heal|p1a: Samurott|100\/100|[from] move: Healing Wish\n|turn|25\n|c|\u2606Diamond_Apa|!dt ceaseless edge\n|raw|<ul class=\"utilichart\"><li class=\"result\"><span class=\"col movenamecol\"><a href=\"https:\/\/dex.pokemonshowdown.com\/moves\/ceaselessedge\">Ceaseless Edge<\/a><\/span> <span class=\"col typecol\"><img src=\"\/\/play.pokemonshowdown.com\/sprites\/types\/Dark.png\" alt=\"Dark\" width=\"32\" height=\"14\"><img src=\"\/\/play.pokemonshowdown.com\/sprites\/categories\/Physical.png\" alt=\"Physical\" width=\"32\" height=\"14\"><\/span> <span class=\"col labelcol\"><em>Power<\/em><br>65<\/span> <span class=\"col widelabelcol\"><em>Accuracy<\/em><br>90%<\/span> <span class=\"col pplabelcol\"><em>PP<\/em><br>24<\/span> <span class=\"col movedesccol\">Sets a layer of Spikes on the opposing side.<\/span> <\/li><li style=\"clear:both\"><\/li><\/ul>\n|raw|<font size=\"1\"><font color=\"#686868\">Priority:<\/font> 0&nbsp;|&ThickSpace;<font color=\"#686868\">Gen:<\/font> 9&nbsp;|&ThickSpace;&#10003; Boosted by Sheer Force&nbsp;|&ThickSpace;&#10003; Contact&nbsp;|&ThickSpace;&#10003; Slicing move&nbsp;|&ThickSpace;<font color=\"#686868\">Z-Power:<\/font> 120&nbsp;|&ThickSpace;<font color=\"#686868\">Dynamax Power:<\/font> 120&nbsp;|&ThickSpace;<font color=\"#686868\">Target:<\/font> One Adjacent Pok\u00e9mon<\/font>\n\n|\n|t:|1699783872\n|switch|p2a: Ogerpon|Ogerpon-Wellspring-Tera, F, tera:Water|63\/100 par\n|-damage|p2a: Ogerpon|51\/100 par|[from] Stealth Rock\n|-damage|p2a: Ogerpon|26\/100 par|[from] Spikes\n|-ability|p2a: Ogerpon|Embody Aspect (Wellspring)|boost\n|-boost|p2a: Ogerpon|spd|1\n|move|p1a: Samurott|Knock Off|p2a: Ogerpon\n|-damage|p2a: Ogerpon|0 fnt\n|faint|p2a: Ogerpon\n|\n|upkeep\n|\n|t:|1699783874\n|switch|p2a: Thundurus|Thundurus-Therian, M|100\/100\n|turn|26\n|\n|t:|1699783883\n|switch|p1a: Sandy Shocks|Sandy Shocks|100\/100\n|move|p2a: Thundurus|Tera Blast|p1a: Sandy Shocks\n|-damage|p1a: Sandy Shocks|60\/100\n|\n|upkeep\n|turn|27\n|\n|t:|1699783891\n|switch|p2a: Milotic|Milotic, M|55\/100\n|-terastallize|p1a: Sandy Shocks|Ice\n|move|p1a: Sandy Shocks|Tera Blast|p2a: Milotic|[anim] Tera Blast Ice\n|-resisted|p2a: Milotic\n|-damage|p2a: Milotic|45\/100\n|\n|upkeep\n|turn|28\n|\n|t:|1699783904\n|-end|p1a: Sandy Shocks|Protosynthesis|[silent]\n|switch|p1a: Zamazenta|Zamazenta|68\/100\n|move|p2a: Milotic|Scald|p1a: Zamazenta\n|-damage|p1a: Zamazenta|46\/100\n|\n|-heal|p1a: Zamazenta|53\/100|[from] item: Leftovers\n|upkeep\n|turn|29\n|\n|t:|1699783912\n|switch|p2a: Sinistcha|Sinistcha-Masterpiece|99\/100\n|-damage|p2a: Sinistcha|86\/100|[from] Stealth Rock\n|-damage|p2a: Sinistcha|61\/100|[from] Spikes\n|move|p1a: Zamazenta|Substitute|p1a: Zamazenta\n|-start|p1a: Zamazenta|Substitute\n|-damage|p1a: Zamazenta|28\/100\n|\n|-heal|p1a: Zamazenta|34\/100|[from] item: Leftovers\n|-heal|p2a: Sinistcha|68\/100|[from] item: Leftovers\n|upkeep\n|turn|30\n|\n|t:|1699783915\n|move|p1a: Zamazenta|Crunch|p2a: Sinistcha\n|-supereffective|p2a: Sinistcha\n|-damage|p2a: Sinistcha|34\/100\n|move|p2a: Sinistcha|Matcha Gotcha|p1a: Zamazenta\n|-end|p1a: Zamazenta|Substitute\n|-heal|p2a: Sinistcha|48\/100|[from] drain|[of] p1a: Zamazenta\n|\n|-heal|p1a: Zamazenta|40\/100|[from] item: Leftovers\n|-heal|p2a: Sinistcha|54\/100|[from] item: Leftovers\n|upkeep\n|turn|31\n|\n|t:|1699783922\n|move|p1a: Zamazenta|Crunch|p2a: Sinistcha\n|-supereffective|p2a: Sinistcha\n|-damage|p2a: Sinistcha|21\/100\n|move|p2a: Sinistcha|Matcha Gotcha|p1a: Zamazenta\n|-damage|p1a: Zamazenta|12\/100\n|-heal|p2a: Sinistcha|36\/100|[from] drain|[of] p1a: Zamazenta\n|\n|-heal|p1a: Zamazenta|18\/100|[from] item: Leftovers\n|-heal|p2a: Sinistcha|42\/100|[from] item: Leftovers\n|upkeep\n|turn|32\n|\n|t:|1699783929\n|move|p1a: Zamazenta|Crunch|p2a: Sinistcha\n|-supereffective|p2a: Sinistcha\n|-damage|p2a: Sinistcha|10\/100\n|move|p2a: Sinistcha|Strength Sap|p1a: Zamazenta\n|-unboost|p1a: Zamazenta|atk|1\n|-heal|p2a: Sinistcha|90\/100\n|\n|-heal|p1a: Zamazenta|24\/100|[from] item: Leftovers\n|-heal|p2a: Sinistcha|96\/100|[from] item: Leftovers\n|upkeep\n|turn|33\n|\n|t:|1699783941\n|move|p1a: Zamazenta|Crunch|p2a: Sinistcha\n|-supereffective|p2a: Sinistcha\n|-damage|p2a: Sinistcha|73\/100\n|move|p2a: Sinistcha|Matcha Gotcha|p1a: Zamazenta\n|-damage|p1a: Zamazenta|0 fnt\n|-heal|p2a: Sinistcha|86\/100|[from] drain|[of] p1a: Zamazenta\n|faint|p1a: Zamazenta\n|\n|-heal|p2a: Sinistcha|92\/100|[from] item: Leftovers\n|upkeep\n|\n|t:|1699783948\n|switch|p1a: Samurott|Samurott-Hisui, F|100\/100\n|turn|34\n|\n|t:|1699783956\n|move|p1a: Samurott|Knock Off|p2a: Sinistcha\n|-supereffective|p2a: Sinistcha\n|-damage|p2a: Sinistcha|21\/100\n|-enditem|p2a: Sinistcha|Leftovers|[from] move: Knock Off|[of] p1a: Samurott\n|move|p2a: Sinistcha|Strength Sap|p1a: Samurott\n|-unboost|p1a: Samurott|atk|1\n|-heal|p2a: Sinistcha|100\/100\n|\n|upkeep\n|turn|35\n|\n|t:|1699783973\n|switch|p1a: Sandy Shocks|Sandy Shocks, tera:Ice|60\/100\n|move|p2a: Sinistcha|Matcha Gotcha|p1a: Sandy Shocks\n|-damage|p1a: Sandy Shocks|11\/100\n|\n|upkeep\n|turn|36\n|\n|t:|1699783986\n|switch|p2a: Milotic|Milotic, M|45\/100\n|move|p1a: Sandy Shocks|Tera Blast|p2a: Milotic|[anim] Tera Blast Ice\n|-resisted|p2a: Milotic\n|-damage|p2a: Milotic|35\/100\n|\n|upkeep\n|turn|37\n|\n|t:|1699784000\n|-end|p1a: Sandy Shocks|Protosynthesis|[silent]\n|switch|p1a: Samurott|Samurott-Hisui, F|100\/100\n|move|p2a: Milotic|Recover|p2a: Milotic\n|-heal|p2a: Milotic|85\/100\n|\n|upkeep\n|turn|38\n|\n|t:|1699784005\n|move|p1a: Samurott|Ceaseless Edge|p2a: Milotic\n|-damage|p2a: Milotic|37\/100\n|move|p2a: Milotic|Scald|p1a: Samurott\n|-resisted|p1a: Samurott\n|-damage|p1a: Samurott|87\/100\n|-status|p1a: Samurott|brn\n|\n|-damage|p1a: Samurott|81\/100 brn|[from] brn\n|upkeep\n|turn|39\n|c|\u2606Diamond_Apa|gg\n|\n|t:|1699784015\n|move|p1a: Samurott|Ceaseless Edge|p2a: Milotic\n|-damage|p2a: Milotic|13\/100\n|move|p2a: Milotic|Recover|p2a: Milotic\n|-heal|p2a: Milotic|63\/100\n|\n|-damage|p1a: Samurott|75\/100 brn|[from] brn\n|upkeep\n|turn|40\n|-message|Diamond_Apa forfeited.\n|\n|win|Odin406\n|raw|Diamond_Apa's rating: 1456 &rarr; <strong>1443<\/strong><br \/>(-13 for losing)\n|raw|Odin406's rating: 1586 &rarr; <strong>1599<\/strong><br \/>(+13 for winning)\n|l|\u2606Diamond_Apa\n","uploadtime":1699784027,"views":20,"p1id":"diamondapa","p2id":"odin406","formatid":"gen9ou","rating":1443,"private":0,"password":""}