{"id":"gen9ou-1989279084","p1":"imnewgoezpls","p2":"Kaido Dreammask","format":"[Gen 9] OU","log":"|j|\u2606imnewgoezpls\n|j|\u2606Kaido Dreammask\n|t:|1699831189\n|gametype|singles\n|player|p1|imnewgoezpls|170|1107\n|player|p2|Kaido Dreammask|kieran-festival|1106\n|teamsize|p1|6\n|teamsize|p2|6\n|gen|9\n|tier|[Gen 9] OU\n|rated|\n|rule|Sleep Clause Mod: Limit one foe put to sleep\n|rule|Species Clause: Limit one of each Pok\u00e9mon\n|rule|OHKO Clause: OHKO moves are banned\n|rule|Evasion Items Clause: Evasion items are banned\n|rule|Evasion Moves Clause: Evasion moves are banned\n|rule|Endless Battle Clause: Forcing endless battles is banned\n|rule|HP Percentage Mod: HP is shown in percentages\n|clearpoke\n|poke|p1|Kingambit, F|\n|poke|p1|Gholdengo|\n|poke|p1|Dragonite, F|\n|poke|p1|Great Tusk|\n|poke|p1|Alomomola, F|\n|poke|p1|Espeon, M|\n|poke|p2|Dragapult, F|\n|poke|p2|Iron Valiant|\n|poke|p2|Ogerpon-Wellspring, F|\n|poke|p2|Great Tusk|\n|poke|p2|Samurott-Hisui, M|\n|poke|p2|Kingambit, F|\n|teampreview\n|\n|t:|1699831199\n|start\n|switch|p1a: Great Tusk|Great Tusk|100\/100\n|switch|p2a: Samurott|Samurott-Hisui, M|100\/100\n|turn|1\n|\n|t:|1699831223\n|-terastallize|p2a: Samurott|Water\n|move|p2a: Samurott|Swords Dance|p2a: Samurott\n|-boost|p2a: Samurott|atk|2\n|move|p1a: Great Tusk|Rapid Spin|p2a: Samurott\n|-crit|p2a: Samurott\n|-damage|p2a: Samurott|73\/100\n|-boost|p1a: Great Tusk|spe|1\n|\n|upkeep\n|turn|2\n|\n|t:|1699831239\n|move|p1a: Great Tusk|Close Combat|p2a: Samurott\n|-damage|p2a: Samurott|6\/100\n|-unboost|p1a: Great Tusk|def|1\n|-unboost|p1a: Great Tusk|spd|1\n|move|p2a: Samurott|Aqua Cutter|p1a: Great Tusk\n|-supereffective|p1a: Great Tusk\n|-crit|p1a: Great Tusk\n|-damage|p1a: Great Tusk|0 fnt\n|faint|p1a: Great Tusk\n|-end|p1a: Great Tusk|Protosynthesis|[silent]\n|\n|upkeep\n|\n|t:|1699831242\n|switch|p1a: Dragonite|Dragonite, F|100\/100\n|turn|3\n|\n|t:|1699831271\n|move|p1a: Dragonite|Extreme Speed|p2a: Samurott\n|-damage|p2a: Samurott|0 fnt\n|faint|p2a: Samurott\n|\n|upkeep\n|\n|t:|1699831284\n|switch|p2a: Dragapult|Dragapult, F|100\/100\n|turn|4\n|\n|t:|1699831321\n|switch|p1a: Alomomola|Alomomola, F|100\/100\n|move|p2a: Dragapult|U-turn|p1a: Alomomola\n|-damage|p1a: Alomomola|92\/100\n|\n|t:|1699831334\n|switch|p2a: Ogerpon|Ogerpon-Wellspring, F|100\/100|[from] U-turn\n|\n|upkeep\n|turn|5\n|\n|t:|1699831356\n|switch|p1a: Dragonite|Dragonite, F|100\/100\n|move|p2a: Ogerpon|Swords Dance|p2a: Ogerpon\n|-boost|p2a: Ogerpon|atk|2\n|\n|upkeep\n|turn|6\n|\n|t:|1699831385\n|move|p1a: Dragonite|Extreme Speed|p2a: Ogerpon\n|-damage|p2a: Ogerpon|56\/100\n|move|p2a: Ogerpon|Ivy Cudgel|p1a: Dragonite\n|-resisted|p1a: Dragonite\n|-damage|p1a: Dragonite|73\/100\n|\n|upkeep\n|turn|7\n|l|\u2606imnewgoezpls\n|player|p1|\n|j|\u2606imnewgoezpls\n|player|p1|imnewgoezpls|170\n|\n|t:|1699831396\n|-terastallize|p1a: Dragonite|Normal\n|move|p1a: Dragonite|Extreme Speed|p2a: Ogerpon\n|-crit|p2a: Ogerpon\n|-damage|p2a: Ogerpon|0 fnt\n|faint|p2a: Ogerpon\n|\n|upkeep\n|\n|t:|1699831408\n|switch|p2a: Iron Valiant|Iron Valiant|100\/100\n|turn|8\n|inactive|Battle timer is ON: inactive players will automatically lose when time's up. (requested by imnewgoezpls)\n|\n|t:|1699831451\n|switch|p1a: Espeon|Espeon, M|100\/100\n|move|p2a: Iron Valiant|Thunderbolt|p1a: Espeon\n|-damage|p1a: Espeon|70\/100\n|\n|upkeep\n|turn|9\n|inactive|Kaido Dreammask has 120 seconds left.\n|inactive|Kaido Dreammask has 90 seconds left.\n|\n|t:|1699831519\n|-end|p2a: Iron Valiant|Quark Drive|[silent]\n|switch|p2a: Dragapult|Dragapult, F|100\/100\n|move|p1a: Espeon|Dazzling Gleam|p2a: Dragapult\n|-supereffective|p2a: Dragapult\n|-damage|p2a: Dragapult|37\/100\n|\n|upkeep\n|turn|10\n|inactive|Kaido Dreammask has 90 seconds left.\n|\n|t:|1699831532\n|move|p1a: Espeon|Dazzling Gleam|p2a: Dragapult\n|-supereffective|p2a: Dragapult\n|-damage|p2a: Dragapult|0 fnt\n|faint|p2a: Dragapult\n|\n|upkeep\n|\n|t:|1699831546\n|switch|p2a: Iron Valiant|Iron Valiant|100\/100\n|turn|11\n|\n|t:|1699831562\n|move|p2a: Iron Valiant|Shadow Ball|p1a: Espeon\n|-supereffective|p1a: Espeon\n|-damage|p1a: Espeon|11\/100\n|move|p1a: Espeon|Dazzling Gleam|p2a: Iron Valiant\n|-supereffective|p2a: Iron Valiant\n|-damage|p2a: Iron Valiant|15\/100\n|\n|upkeep\n|turn|12\n|\n|t:|1699831570\n|move|p2a: Iron Valiant|Shadow Ball|p1a: Espeon\n|-supereffective|p1a: Espeon\n|-damage|p1a: Espeon|0 fnt\n|faint|p1a: Espeon\n|\n|upkeep\n|\n|t:|1699831576\n|switch|p1a: Dragonite|Dragonite, F, tera:Normal|73\/100\n|turn|13\n|inactive|Kaido Dreammask has 90 seconds left.\n|\n|t:|1699831599\n|-end|p2a: Iron Valiant|Quark Drive|[silent]\n|switch|p2a: Great Tusk|Great Tusk|100\/100\n|move|p1a: Dragonite|Extreme Speed|p2a: Great Tusk\n|-damage|p2a: Great Tusk|67\/100\n|\n|upkeep\n|turn|14\n|\n|t:|1699831625\n|switch|p1a: Alomomola|Alomomola, F|100\/100\n|move|p2a: Great Tusk|Knock Off|p1a: Alomomola\n|-damage|p1a: Alomomola|83\/100\n|-enditem|p1a: Alomomola|Heavy-Duty Boots|[from] move: Knock Off|[of] p2a: Great Tusk\n|\n|upkeep\n|turn|15\n|\n|t:|1699831640\n|move|p2a: Great Tusk|Rapid Spin|p1a: Alomomola\n|-damage|p1a: Alomomola|73\/100\n|-boost|p2a: Great Tusk|spe|1\n|move|p1a: Alomomola|Whirlpool|p2a: Great Tusk\n|-supereffective|p2a: Great Tusk\n|-damage|p2a: Great Tusk|48\/100\n|-activate|p2a: Great Tusk|move: Whirlpool|[of] p1a: Alomomola\n|\n|-damage|p2a: Great Tusk|36\/100|[from] move: Whirlpool|[partiallytrapped]\n|upkeep\n|turn|16\n|\n|t:|1699831653\n|move|p2a: Great Tusk|Close Combat|p1a: Alomomola\n|-damage|p1a: Alomomola|39\/100\n|-unboost|p2a: Great Tusk|def|1\n|-unboost|p2a: Great Tusk|spd|1\n|move|p1a: Alomomola|Chilling Water|p2a: Great Tusk\n|-supereffective|p2a: Great Tusk\n|-damage|p2a: Great Tusk|0 fnt\n|faint|p2a: Great Tusk\n|-end|p2a: Great Tusk|Protosynthesis|[silent]\n|\n|upkeep\n|inactive|Kaido Dreammask has 60 seconds left.\n|\n|t:|1699831664\n|switch|p2a: Iron Valiant|Iron Valiant|15\/100\n|turn|17\n|\n|t:|1699831678\n|move|p1a: Alomomola|Protect|p1a: Alomomola\n|-singleturn|p1a: Alomomola|Protect\n|move|p2a: Iron Valiant|Thunderbolt|p1a: Alomomola\n|-activate|p1a: Alomomola|move: Protect\n|\n|upkeep\n|turn|18\n|\n|t:|1699831691\n|switch|p1a: Gholdengo|Gholdengo|100\/100\n|move|p2a: Iron Valiant|Thunderbolt|p1a: Gholdengo\n|-damage|p1a: Gholdengo|64\/100\n|\n|upkeep\n|turn|19\n|\n|t:|1699831702\n|move|p2a: Iron Valiant|Thunderbolt|p1a: Gholdengo\n|-damage|p1a: Gholdengo|29\/100\n|move|p1a: Gholdengo|Make It Rain|p2a: Iron Valiant\n|-supereffective|p2a: Iron Valiant\n|-damage|p2a: Iron Valiant|0 fnt\n|-unboost|p1a: Gholdengo|spa|1\n|faint|p2a: Iron Valiant\n|-end|p2a: Iron Valiant|Quark Drive|[silent]\n|\n|upkeep\n|\n|t:|1699831716\n|switch|p2a: Kingambit|Kingambit, F|100\/100\n|-activate|p2a: Kingambit|ability: Supreme Overlord\n|-start|p2a: Kingambit|fallen5|[silent]\n|turn|20\n|\n|t:|1699831727\n|switch|p1a: Kingambit|Kingambit, F|100\/100\n|-activate|p1a: Kingambit|ability: Supreme Overlord\n|-start|p1a: Kingambit|fallen2|[silent]\n|move|p2a: Kingambit|Swords Dance|p2a: Kingambit\n|-boost|p2a: Kingambit|atk|2\n|\n|upkeep\n|turn|21\n|\n|t:|1699831742\n|move|p1a: Kingambit|Iron Head|p2a: Kingambit\n|-resisted|p2a: Kingambit\n|-damage|p2a: Kingambit|79\/100\n|move|p2a: Kingambit|Low Kick|p1a: Kingambit\n|-supereffective|p1a: Kingambit\n|-damage|p1a: Kingambit|0 fnt\n|faint|p1a: Kingambit\n|-end|p1a: Kingambit|fallen2|[silent]\n|\n|upkeep\n|\n|t:|1699831746\n|switch|p1a: Alomomola|Alomomola, F|72\/100\n|turn|22\n|inactive|Kaido Dreammask has 60 seconds left.\n|\n|t:|1699831781\n|move|p2a: Kingambit|Sucker Punch|p1a: Alomomola\n|-damage|p1a: Alomomola|10\/100\n|move|p1a: Alomomola|Whirlpool|p2a: Kingambit\n|-crit|p2a: Kingambit\n|-damage|p2a: Kingambit|70\/100\n|-activate|p2a: Kingambit|move: Whirlpool|[of] p1a: Alomomola\n|\n|-damage|p2a: Kingambit|57\/100|[from] move: Whirlpool|[partiallytrapped]\n|upkeep\n|turn|23\n|\n|t:|1699831794\n|move|p2a: Kingambit|Sucker Punch|p1a: Alomomola\n|-damage|p1a: Alomomola|0 fnt\n|faint|p1a: Alomomola\n|\n|-end|p2a: Kingambit|Whirlpool|[partiallytrapped]|[silent]\n|upkeep\n|\n|t:|1699831798\n|switch|p1a: Dragonite|Dragonite, F, tera:Normal|73\/100\n|turn|24\n|inactive|Kaido Dreammask has 60 seconds left.\n|\n|t:|1699831805\n|move|p1a: Dragonite|Roost|p1a: Dragonite\n|-heal|p1a: Dragonite|100\/100\n|move|p2a: Kingambit|Low Kick|p1a: Dragonite\n|-supereffective|p1a: Dragonite\n|-damage|p1a: Dragonite|0 fnt\n|faint|p1a: Dragonite\n|\n|upkeep\n|\n|t:|1699831807\n|switch|p1a: Gholdengo|Gholdengo|29\/100\n|turn|25\n|-message|imnewgoezpls forfeited.\n|\n|win|Kaido Dreammask\n|raw|imnewgoezpls's rating: 1107 &rarr; <strong>1082<\/strong><br \/>(-25 for losing)\n|raw|Kaido Dreammask's rating: 1106 &rarr; <strong>1131<\/strong><br \/>(+25 for winning)\n|l|\u2606imnewgoezpls\n","uploadtime":1699831883,"views":16,"p1id":"imnewgoezpls","p2id":"kaidodreammask","formatid":"gen9ou","rating":1082,"private":0,"password":""}