{"id":"gen9ou-1997371226","p1":"roamflag","p2":"noise mno","format":"[Gen 9] OU","log":"|j|\u2606roamflag\n|j|\u2606noise mno\n|t:|1700795420\n|gametype|singles\n|player|p1|roamflag|hilda-wonderlauncher|1700\n|player|p2|noise mno|266|1632\n|teamsize|p1|6\n|teamsize|p2|6\n|gen|9\n|tier|[Gen 9] OU\n|rated|\n|rule|Sleep Clause Mod: Limit one foe put to sleep\n|rule|Species Clause: Limit one of each Pok\u00e9mon\n|rule|OHKO Clause: OHKO moves are banned\n|rule|Evasion Items Clause: Evasion items are banned\n|rule|Evasion Moves Clause: Evasion moves are banned\n|rule|Endless Battle Clause: Forcing endless battles is banned\n|rule|HP Percentage Mod: HP is shown in percentages\n|clearpoke\n|poke|p1|Pelipper, M|\n|poke|p1|Greninja-*, M|\n|poke|p1|Basculegion, M|\n|poke|p1|Sandy Shocks|\n|poke|p1|Scizor, F|\n|poke|p1|Zapdos|\n|poke|p2|Ribombee, M|\n|poke|p2|Gholdengo|\n|poke|p2|Greninja-*, M|\n|poke|p2|Kommo-o, F|\n|poke|p2|Rillaboom, F|\n|poke|p2|Landorus-Therian, M|\n|teampreview\n|\n|t:|1700795430\n|start\n|switch|p1a: \u730e\u6237\u5ea7|Sandy Shocks|100\/100\n|switch|p2a: Ribombee|Ribombee, M|100\/100\n|-enditem|p1a: \u730e\u6237\u5ea7|Booster Energy\n|-activate|p1a: \u730e\u6237\u5ea7|ability: Protosynthesis|[fromitem]\n|-start|p1a: \u730e\u6237\u5ea7|protosynthesisspe\n|turn|1\n|\n|t:|1700795435\n|move|p1a: \u730e\u6237\u5ea7|Thunderbolt|p2a: Ribombee\n|-damage|p2a: Ribombee|24\/100\n|move|p2a: Ribombee|Stun Spore|p1a: \u730e\u6237\u5ea7|[miss]\n|-miss|p2a: Ribombee|p1a: \u730e\u6237\u5ea7\n|\n|upkeep\n|turn|2\n|\n|t:|1700795445\n|move|p1a: \u730e\u6237\u5ea7|Stealth Rock|p2a: Ribombee\n|-sidestart|p2: noise mno|move: Stealth Rock\n|move|p2a: Ribombee|Sticky Web|p1a: \u730e\u6237\u5ea7\n|-sidestart|p1: roamflag|move: Sticky Web\n|\n|upkeep\n|turn|3\n|\n|t:|1700795448\n|move|p1a: \u730e\u6237\u5ea7|Thunderbolt|p2a: Ribombee\n|-damage|p2a: Ribombee|0 fnt\n|faint|p2a: Ribombee\n|\n|upkeep\n|\n|t:|1700795464\n|switch|p2a: Gholdengo|Gholdengo|100\/100\n|-damage|p2a: Gholdengo|94\/100|[from] Stealth Rock\n|-item|p2a: Gholdengo|Air Balloon\n|turn|4\n|\n|t:|1700795469\n|move|p1a: \u730e\u6237\u5ea7|Thunderbolt|p2a: Gholdengo\n|-damage|p2a: Gholdengo|48\/100\n|-enditem|p2a: Gholdengo|Air Balloon\n|move|p2a: Gholdengo|Shadow Ball|p1a: \u730e\u6237\u5ea7\n|-damage|p1a: \u730e\u6237\u5ea7|53\/100\n|\n|upkeep\n|turn|5\n|\n|t:|1700795476\n|switch|p2a: Landorus|Landorus-Therian, M|100\/100\n|-damage|p2a: Landorus|88\/100|[from] Stealth Rock\n|-ability|p2a: Landorus|Intimidate|boost\n|-unboost|p1a: \u730e\u6237\u5ea7|atk|1\n|move|p1a: \u730e\u6237\u5ea7|Earth Power|p2a: Landorus\n|-immune|p2a: Landorus\n|\n|upkeep\n|turn|6\n|\n|t:|1700795483\n|-end|p1a: \u730e\u6237\u5ea7|Protosynthesis|[silent]\n|switch|p1a: \u5929\u9876|Pelipper, M|100\/100\n|-weather|RainDance|[from] ability: Drizzle|[of] p1a: \u5929\u9876\n|switch|p2a: Gholdengo|Gholdengo|48\/100\n|-damage|p2a: Gholdengo|42\/100|[from] Stealth Rock\n|\n|-weather|RainDance|[upkeep]\n|upkeep\n|turn|7\n|\n|t:|1700795490\n|move|p2a: Gholdengo|Recover|p2a: Gholdengo\n|-heal|p2a: Gholdengo|92\/100\n|move|p1a: \u5929\u9876|Surf|p2a: Gholdengo\n|-damage|p2a: Gholdengo|26\/100\n|\n|-weather|RainDance|[upkeep]\n|upkeep\n|turn|8\n|\n|t:|1700795496\n|switch|p1a: \u7ba1\u98ce\u7434|Scizor, F|100\/100\n|-activate|p1a: \u7ba1\u98ce\u7434|move: Sticky Web\n|-unboost|p1a: \u7ba1\u98ce\u7434|spe|1\n|move|p2a: Gholdengo|Shadow Ball|p1a: \u7ba1\u98ce\u7434\n|-damage|p1a: \u7ba1\u98ce\u7434|73\/100\n|\n|-weather|RainDance|[upkeep]\n|upkeep\n|turn|9\n|\n|t:|1700795504\n|switch|p2a: Landorus|Landorus-Therian, M|88\/100\n|-damage|p2a: Landorus|76\/100|[from] Stealth Rock\n|-ability|p2a: Landorus|Intimidate|boost\n|-unboost|p1a: \u7ba1\u98ce\u7434|atk|1\n|move|p1a: \u7ba1\u98ce\u7434|U-turn|p2a: Landorus\n|-resisted|p2a: Landorus\n|-damage|p2a: Landorus|61\/100\n|-damage|p1a: \u7ba1\u98ce\u7434|56\/100|[from] item: Rocky Helmet|[of] p2a: Landorus\n|\n|t:|1700795511\n|switch|p1a: \u5251\u9c7c|Basculegion, M|100\/100|[from] U-turn\n|-activate|p1a: \u5251\u9c7c|move: Sticky Web\n|-unboost|p1a: \u5251\u9c7c|spe|1\n|\n|-weather|RainDance|[upkeep]\n|upkeep\n|turn|10\n|\n|t:|1700795526\n|switch|p2a: Gholdengo|Gholdengo|26\/100\n|-damage|p2a: Gholdengo|20\/100|[from] Stealth Rock\n|move|p1a: \u5251\u9c7c|Wave Crash|p2a: Gholdengo\n|-damage|p2a: Gholdengo|0 fnt\n|faint|p2a: Gholdengo\n|-damage|p1a: \u5251\u9c7c|95\/100|[from] Recoil\n|\n|-weather|RainDance|[upkeep]\n|upkeep\n|\n|t:|1700795530\n|switch|p2a: Rillaboom|Rillaboom, F|100\/100\n|-damage|p2a: Rillaboom|88\/100|[from] Stealth Rock\n|-fieldstart|move: Grassy Terrain|[from] ability: Grassy Surge|[of] p2a: Rillaboom\n|turn|11\n|\n|t:|1700795549\n|move|p1a: \u5251\u9c7c|Wave Crash|p2a: Rillaboom\n|-resisted|p2a: Rillaboom\n|-damage|p2a: Rillaboom|16\/100\n|-damage|p1a: \u5251\u9c7c|73\/100|[from] Recoil\n|move|p2a: Rillaboom|U-turn|p1a: \u5251\u9c7c\n|-resisted|p1a: \u5251\u9c7c\n|-damage|p1a: \u5251\u9c7c|48\/100\n|\n|t:|1700795580\n|switch|p2a: Kommo-o|Kommo-o, F|100\/100|[from] U-turn\n|-damage|p2a: Kommo-o|94\/100|[from] Stealth Rock\n|\n|-weather|RainDance|[upkeep]\n|-heal|p1a: \u5251\u9c7c|54\/100|[from] Grassy Terrain\n|-heal|p2a: Kommo-o|100\/100|[from] Grassy Terrain\n|upkeep\n|turn|12\n|\n|t:|1700795586\n|move|p1a: \u5251\u9c7c|Wave Crash|p2a: Kommo-o\n|-resisted|p2a: Kommo-o\n|-damage|p2a: Kommo-o|46\/100\n|-damage|p1a: \u5251\u9c7c|39\/100|[from] Recoil\n|move|p2a: Kommo-o|Clangorous Soul|p2a: Kommo-o\n|-boost|p2a: Kommo-o|atk|1\n|-boost|p2a: Kommo-o|def|1\n|-boost|p2a: Kommo-o|spa|1\n|-boost|p2a: Kommo-o|spd|1\n|-boost|p2a: Kommo-o|spe|1\n|-damage|p2a: Kommo-o|13\/100\n|\n|-weather|RainDance|[upkeep]\n|-heal|p2a: Kommo-o|19\/100|[from] Grassy Terrain\n|-heal|p2a: Kommo-o|25\/100|[from] item: Leftovers\n|-heal|p1a: \u5251\u9c7c|45\/100|[from] Grassy Terrain\n|upkeep\n|turn|13\n|\n|t:|1700795597\n|move|p2a: Kommo-o|Earthquake|p1a: \u5251\u9c7c\n|-damage|p1a: \u5251\u9c7c|16\/100\n|move|p1a: \u5251\u9c7c|Wave Crash|p2a: Kommo-o\n|-resisted|p2a: Kommo-o\n|-damage|p2a: Kommo-o|0 fnt\n|faint|p2a: Kommo-o\n|-damage|p1a: \u5251\u9c7c|9\/100|[from] Recoil\n|\n|-weather|none\n|-heal|p1a: \u5251\u9c7c|15\/100|[from] Grassy Terrain\n|upkeep\n|-message|noise mno forfeited.\n|\n|win|roamflag\n|raw|roamflag's rating: 1700 &rarr; <strong>1716<\/strong><br \/>(+16 for winning)\n|raw|noise mno's rating: 1632 &rarr; <strong>1616<\/strong><br \/>(-16 for losing)\n|l|\u2606noise mno\n","uploadtime":1700795608,"views":7,"p1id":"roamflag","p2id":"noisemno","formatid":"gen9ou","rating":1616,"private":0,"password":""}