{"id":"gen9ou-1991720884","p1":"ferroshit","p2":"TrickRoom0nly","format":"[Gen 9] OU","log":"|j|\u2606ferroshit\n|j|\u2606TrickRoom0nly\n|t:|1700106810\n|gametype|singles\n|player|p1|ferroshit|266|1530\n|player|p2|TrickRoom0nly|backersf|1585\n|teamsize|p1|6\n|teamsize|p2|6\n|gen|9\n|tier|[Gen 9] OU\n|rated|\n|rule|Sleep Clause Mod: Limit one foe put to sleep\n|rule|Species Clause: Limit one of each Pok\u00e9mon\n|rule|OHKO Clause: OHKO moves are banned\n|rule|Evasion Items Clause: Evasion items are banned\n|rule|Evasion Moves Clause: Evasion moves are banned\n|rule|Endless Battle Clause: Forcing endless battles is banned\n|rule|HP Percentage Mod: HP is shown in percentages\n|clearpoke\n|poke|p1|Lokix, F|\n|poke|p1|Clodsire, F|\n|poke|p1|Rotom-Wash|\n|poke|p1|Corviknight, M|\n|poke|p1|Gholdengo|\n|poke|p1|Great Tusk|\n|poke|p2|Hatterene, F|\n|poke|p2|Cresselia, F|\n|poke|p2|Crawdaunt, M|\n|poke|p2|Scizor, F|\n|poke|p2|Iron Hands|\n|poke|p2|Vikavolt, F|\n|teampreview\n|inactive|Battle timer is ON: inactive players will automatically lose when time's up. (requested by TrickRoom0nly)\n|\n|t:|1700106830\n|start\n|switch|p1a: Lokix|Lokix, F|100\/100\n|switch|p2a: Scizor|Scizor, F|100\/100\n|turn|1\n|\n|t:|1700106837\n|-terastallize|p1a: Lokix|Bug\n|move|p1a: Lokix|U-turn|p2a: Scizor\n|-resisted|p2a: Scizor\n|-damage|p2a: Scizor|28\/100\n|\n|t:|1700106841\n|switch|p1a: Great Tusk|Great Tusk, shiny|100\/100|[from] U-turn\n|move|p2a: Scizor|U-turn|p1a: Great Tusk\n|-resisted|p1a: Great Tusk\n|-damage|p1a: Great Tusk|91\/100\n|-damage|p2a: Scizor|12\/100|[from] item: Rocky Helmet|[of] p1a: Great Tusk\n|\n|t:|1700106851\n|switch|p2a: Hatterene|Hatterene, F|100\/100|[from] U-turn\n|\n|upkeep\n|turn|2\n|\n|t:|1700106856\n|-end|p1a: Great Tusk|Protosynthesis|[silent]\n|switch|p1a: Gholdengo|Gholdengo, shiny|100\/100\n|move|p2a: Hatterene|Trick Room|p2a: Hatterene\n|-fieldstart|move: Trick Room|[of] p2a: Hatterene\n|\n|upkeep\n|turn|3\n|\n|t:|1700106860\n|switch|p2a: Crawdaunt|Crawdaunt, M|100\/100\n|move|p1a: Gholdengo|Make It Rain|p2a: Crawdaunt\n|-resisted|p2a: Crawdaunt\n|-damage|p2a: Crawdaunt|24\/100\n|-unboost|p1a: Gholdengo|spa|1\n|\n|upkeep\n|turn|4\n|\n|t:|1700106865\n|switch|p1a: Great Tusk|Great Tusk, shiny|91\/100\n|move|p2a: Crawdaunt|Crabhammer|p1a: Great Tusk\n|-supereffective|p1a: Great Tusk\n|-crit|p1a: Great Tusk\n|-damage|p1a: Great Tusk|0 fnt\n|-damage|p2a: Crawdaunt|8\/100|[from] item: Rocky Helmet|[of] p1a: Great Tusk\n|faint|p1a: Great Tusk\n|-end|p1a: Great Tusk|Protosynthesis|[silent]\n|\n|upkeep\n|\n|t:|1700106868\n|switch|p1a: Lokix|Lokix, F, tera:Bug|100\/100\n|turn|5\n|\n|t:|1700106872\n|switch|p2a: Scizor|Scizor, F|12\/100\n|move|p1a: Lokix|First Impression|p2a: Scizor\n|-resisted|p2a: Scizor\n|-damage|p2a: Scizor|0 fnt\n|faint|p2a: Scizor\n|\n|upkeep\n|\n|t:|1700106881\n|switch|p2a: Crawdaunt|Crawdaunt, M|8\/100\n|turn|6\n|\n|t:|1700106884\n|switch|p1a: Rotom|Rotom-Wash, shiny|100\/100\n|move|p2a: Crawdaunt|Knock Off|p1a: Rotom\n|-crit|p1a: Rotom\n|-damage|p1a: Rotom|0 fnt\n|-enditem|p1a: Rotom|Choice Scarf|[from] move: Knock Off|[of] p2a: Crawdaunt\n|faint|p1a: Rotom\n|\n|-fieldend|move: Trick Room\n|upkeep\n|\n|t:|1700106885\n|switch|p1a: Lokix|Lokix, F, tera:Bug|100\/100\n|turn|7\n|j|+Shellnuts\n|l|+Shellnuts\n|inactive|TrickRoom0nly has 120 seconds left.\n|\n|t:|1700106917\n|switch|p2a: Hatterene|Hatterene, F|100\/100\n|move|p1a: Lokix|Leech Life|p2a: Hatterene\n|-damage|p2a: Hatterene|38\/100\n|-enditem|p2a: Hatterene|Red Card|[of] p1a: Lokix\n|drag|p1a: Corviknight|Corviknight, M, shiny|100\/100\n|\n|upkeep\n|turn|8\n|\n|t:|1700106930\n|move|p1a: Corviknight|Brave Bird|p2a: Hatterene\n|-damage|p2a: Hatterene|8\/100\n|-damage|p1a: Corviknight|92\/100|[from] Recoil\n|move|p2a: Hatterene|Trick Room|p2a: Hatterene\n|-fieldstart|move: Trick Room|[of] p2a: Hatterene\n|\n|-heal|p1a: Corviknight|99\/100|[from] item: Leftovers\n|upkeep\n|turn|9\n|\n|t:|1700106937\n|move|p2a: Hatterene|Healing Wish|p2a: Hatterene\n|faint|p2a: Hatterene\n|move|p1a: Corviknight|Brave Bird|p2: Hatterene|[notarget]\n|-fail|p1a: Corviknight\n|\n|-heal|p1a: Corviknight|100\/100|[from] item: Leftovers\n|upkeep\n|\n|t:|1700106943\n|switch|p2a: Crawdaunt|Crawdaunt, M|8\/100\n|-heal|p2a: Crawdaunt|100\/100|[from] move: Healing Wish\n|turn|10\n|\n|t:|1700106949\n|move|p2a: Crawdaunt|Crabhammer|p1a: Corviknight\n|-damage|p1a: Corviknight|18\/100\n|move|p1a: Corviknight|Bulk Up|p1a: Corviknight\n|-boost|p1a: Corviknight|atk|1\n|-boost|p1a: Corviknight|def|1\n|\n|-heal|p1a: Corviknight|24\/100|[from] item: Leftovers\n|upkeep\n|turn|11\n|\n|t:|1700106953\n|switch|p1a: Clodsire|Clodsire, F, shiny|100\/100\n|move|p2a: Crawdaunt|Crabhammer|p1a: Clodsire\n|-immune|p1a: Clodsire|[from] ability: Water Absorb\n|\n|upkeep\n|turn|12\n|\n|t:|1700106959\n|switch|p1a: Corviknight|Corviknight, M, shiny|24\/100\n|switch|p2a: Iron Hands|Iron Hands|100\/100\n|\n|-heal|p1a: Corviknight|30\/100|[from] item: Leftovers\n|-fieldend|move: Trick Room\n|upkeep\n|turn|13\n|\n|t:|1700106966\n|switch|p1a: Clodsire|Clodsire, F, shiny|100\/100\n|move|p2a: Iron Hands|Thunder Punch|p1a: Clodsire\n|-immune|p1a: Clodsire\n|\n|upkeep\n|turn|14\n|\n|t:|1700106972\n|move|p2a: Iron Hands|Ice Punch|p1a: Clodsire\n|-supereffective|p1a: Clodsire\n|-damage|p1a: Clodsire|38\/100\n|move|p1a: Clodsire|Yawn|p2a: Iron Hands\n|-start|p2a: Iron Hands|move: Yawn|[of] p1a: Clodsire\n|\n|-heal|p1a: Clodsire|45\/100|[from] item: Black Sludge\n|upkeep\n|turn|15\n|\n|t:|1700106990\n|switch|p1a: Lokix|Lokix, F, tera:Bug|100\/100\n|move|p2a: Iron Hands|Ice Punch|p1a: Lokix\n|-damage|p1a: Lokix|59\/100\n|\n|-end|p2a: Iron Hands|move: Yawn|[silent]\n|-status|p2a: Iron Hands|slp\n|upkeep\n|turn|16\n|\n|t:|1700107003\n|-end|p2a: Iron Hands|Quark Drive|[silent]\n|switch|p2a: Vikavolt|Vikavolt, F|100\/100\n|move|p1a: Lokix|Leech Life|p2a: Vikavolt\n|-damage|p2a: Vikavolt|14\/100\n|-heal|p1a: Lokix|100\/100|[from] drain|[of] p2a: Vikavolt\n|\n|upkeep\n|turn|17\n|\n|t:|1700107007\n|move|p1a: Lokix|Leech Life|p2a: Vikavolt\n|-damage|p2a: Vikavolt|0 fnt\n|faint|p2a: Vikavolt\n|\n|upkeep\n|\n|t:|1700107016\n|switch|p2a: Iron Hands|Iron Hands|100\/100 slp\n|turn|18\n|\n|t:|1700107020\n|move|p1a: Lokix|Leech Life|p2a: Iron Hands\n|-resisted|p2a: Iron Hands\n|-damage|p2a: Iron Hands|57\/100 slp\n|cant|p2a: Iron Hands|slp\n|\n|-heal|p2a: Iron Hands|64\/100 slp|[from] item: Leftovers\n|upkeep\n|turn|19\n|\n|t:|1700107024\n|move|p1a: Lokix|Leech Life|p2a: Iron Hands\n|-resisted|p2a: Iron Hands\n|-damage|p2a: Iron Hands|17\/100 slp\n|-curestatus|p2a: Iron Hands|slp|[msg]\n|move|p2a: Iron Hands|Thunder Punch|p1a: Lokix\n|-damage|p1a: Lokix|35\/100\n|\n|-heal|p2a: Iron Hands|24\/100|[from] item: Leftovers\n|upkeep\n|turn|20\n|\n|t:|1700107028\n|move|p1a: Lokix|Leech Life|p2a: Iron Hands\n|-resisted|p2a: Iron Hands\n|-damage|p2a: Iron Hands|0 fnt\n|-heal|p1a: Lokix|53\/100|[from] drain|[of] p2a: Iron Hands\n|faint|p2a: Iron Hands\n|-end|p2a: Iron Hands|Quark Drive|[silent]\n|\n|upkeep\n|\n|t:|1700107031\n|switch|p2a: Crawdaunt|Crawdaunt, M|100\/100\n|turn|21\n|\n|t:|1700107034\n|move|p2a: Crawdaunt|Aqua Jet|p1a: Lokix\n|-damage|p1a: Lokix|0 fnt\n|faint|p1a: Lokix\n|\n|upkeep\n|\n|t:|1700107037\n|switch|p1a: Clodsire|Clodsire, F, shiny|45\/100\n|turn|22\n|\n|t:|1700107041\n|switch|p2a: Cresselia|Cresselia, F|100\/100\n|move|p1a: Clodsire|Toxic Spikes|p2a: Cresselia\n|-sidestart|p2: TrickRoom0nly|move: Toxic Spikes\n|\n|-heal|p1a: Clodsire|51\/100|[from] item: Black Sludge\n|upkeep\n|turn|23\n|\n|t:|1700107047\n|move|p1a: Clodsire|Yawn|p2a: Cresselia\n|-start|p2a: Cresselia|move: Yawn|[of] p1a: Clodsire\n|move|p2a: Cresselia|Trick Room|p2a: Cresselia\n|-fieldstart|move: Trick Room|[of] p2a: Cresselia\n|\n|-heal|p1a: Clodsire|57\/100|[from] item: Black Sludge\n|upkeep\n|turn|24\n|\n|t:|1700107051\n|move|p1a: Clodsire|Toxic Spikes|p2a: Cresselia\n|-sidestart|p2: TrickRoom0nly|move: Toxic Spikes\n|move|p2a: Cresselia|Lunar Dance|p2a: Cresselia\n|faint|p2a: Cresselia\n|\n|-heal|p1a: Clodsire|63\/100|[from] item: Black Sludge\n|upkeep\n|\n|t:|1700107053\n|switch|p2a: Crawdaunt|Crawdaunt, M|100\/100\n|-heal|p2a: Crawdaunt|100\/100|[from] move: Lunar Dance\n|-status|p2a: Crawdaunt|tox\n|turn|25\n|\n|t:|1700107059\n|move|p1a: Clodsire|Recover|p1a: Clodsire\n|-heal|p1a: Clodsire|100\/100\n|move|p2a: Crawdaunt|Knock Off|p1a: Clodsire\n|-damage|p1a: Clodsire|0 fnt\n|-enditem|p1a: Clodsire|Black Sludge|[from] move: Knock Off|[of] p2a: Crawdaunt\n|faint|p1a: Clodsire\n|\n|-damage|p2a: Crawdaunt|94\/100 tox|[from] psn\n|upkeep\n|\n|t:|1700107067\n|switch|p1a: Corviknight|Corviknight, M, shiny|30\/100\n|turn|26\n|\n|t:|1700107071\n|move|p2a: Crawdaunt|Knock Off|p1a: Corviknight\n|-damage|p1a: Corviknight|0 fnt\n|-enditem|p1a: Corviknight|Leftovers|[from] move: Knock Off|[of] p2a: Crawdaunt\n|faint|p1a: Corviknight\n|\n|-damage|p2a: Crawdaunt|82\/100 tox|[from] psn\n|upkeep\n|-message|ferroshit forfeited.\n|\n|win|TrickRoom0nly\n|raw|ferroshit's rating: 1530 &rarr; <strong>1513<\/strong><br \/>(-17 for losing)\n|raw|TrickRoom0nly's rating: 1585 &rarr; <strong>1602<\/strong><br \/>(+17 for winning)\n|l|\u2606ferroshit\n","uploadtime":1700107084,"views":8,"p1id":"ferroshit","p2id":"trickroom0nly","formatid":"gen9ou","rating":1513,"private":0,"password":""}