{"id":"gen9ou-1992558251","p1":"Dreisu SV","p2":"TJ fury","format":"[Gen 9] OU","log":"|j|\u2606Dreisu SV\n|j|\u2606TJ fury\n|t:|1700205499\n|gametype|singles\n|player|p1|Dreisu SV|alec-anime|1403\n|player|p2|TJ fury|2|1321\n|teamsize|p1|6\n|teamsize|p2|6\n|gen|9\n|tier|[Gen 9] OU\n|rated|\n|rule|Sleep Clause Mod: Limit one foe put to sleep\n|rule|Species Clause: Limit one of each Pok\u00e9mon\n|rule|OHKO Clause: OHKO moves are banned\n|rule|Evasion Items Clause: Evasion items are banned\n|rule|Evasion Moves Clause: Evasion moves are banned\n|rule|Endless Battle Clause: Forcing endless battles is banned\n|rule|HP Percentage Mod: HP is shown in percentages\n|clearpoke\n|poke|p1|Perrserker, F|\n|poke|p1|Hatterene, F|\n|poke|p1|Sneasler, F|\n|poke|p1|Rillaboom, M|\n|poke|p1|Drifblim, M|\n|poke|p1|Great Tusk|\n|poke|p2|Sinistcha|\n|poke|p2|Munkidori, M|\n|poke|p2|Great Tusk|\n|poke|p2|Clodsire, M|\n|poke|p2|Gholdengo|\n|poke|p2|Kingambit, M|\n|teampreview\n|\n|t:|1700205517\n|start\n|switch|p1a: Hatterene|Hatterene, F|100\/100\n|switch|p2a: Munkidori|Munkidori, M|100\/100\n|turn|1\n|inactive|Battle timer is ON: inactive players will automatically lose when time's up. (requested by TJ fury)\n|\n|t:|1700205524\n|move|p2a: Munkidori|Sludge Wave|p1a: Hatterene\n|-supereffective|p1a: Hatterene\n|-enditem|p1a: Hatterene|Focus Sash\n|-damage|p1a: Hatterene|1\/100\n|move|p1a: Hatterene|Trick Room|p1a: Hatterene\n|-fieldstart|move: Trick Room|[of] p1a: Hatterene\n|\n|upkeep\n|turn|2\n|\n|t:|1700205531\n|move|p1a: Hatterene|Healing Wish|p1a: Hatterene\n|faint|p1a: Hatterene\n|move|p2a: Munkidori|Sludge Wave|p1: Hatterene|[notarget]\n|-fail|p2a: Munkidori\n|\n|upkeep\n|\n|t:|1700205534\n|switch|p1a: Perrserker|Perrserker, F|100\/100\n|turn|3\n|\n|t:|1700205541\n|switch|p2a: Clodsire|Clodsire, M|100\/100\n|move|p1a: Perrserker|Swords Dance|p1a: Perrserker\n|-boost|p1a: Perrserker|atk|2\n|\n|upkeep\n|turn|4\n|\n|t:|1700205548\n|move|p1a: Perrserker|Gyro Ball|p2a: Clodsire\n|-damage|p2a: Clodsire|69\/100\n|move|p2a: Clodsire|Earthquake|p1a: Perrserker\n|-supereffective|p1a: Perrserker\n|-damage|p1a: Perrserker|46\/100\n|\n|-heal|p2a: Clodsire|75\/100|[from] item: Leftovers\n|upkeep\n|turn|5\n|\n|t:|1700205557\n|move|p1a: Perrserker|Knock Off|p2a: Clodsire\n|-damage|p2a: Clodsire|36\/100\n|-enditem|p2a: Clodsire|Leftovers|[from] move: Knock Off|[of] p1a: Perrserker\n|move|p2a: Clodsire|Earthquake|p1a: Perrserker\n|-supereffective|p1a: Perrserker\n|-damage|p1a: Perrserker|0 fnt\n|faint|p1a: Perrserker\n|\n|-fieldend|move: Trick Room\n|upkeep\n|\n|t:|1700205563\n|switch|p1a: Rillaboom|Rillaboom, M|100\/100\n|-fieldstart|move: Grassy Terrain|[from] ability: Grassy Surge|[of] p1a: Rillaboom\n|turn|6\n|\n|t:|1700205569\n|move|p1a: Rillaboom|Wood Hammer|p2a: Clodsire\n|-damage|p2a: Clodsire|0 fnt\n|faint|p2a: Clodsire\n|-damage|p1a: Rillaboom|85\/100|[from] Recoil\n|\n|-heal|p1a: Rillaboom|91\/100|[from] Grassy Terrain\n|upkeep\n|\n|t:|1700205579\n|switch|p2a: Munkidori|Munkidori, M|100\/100\n|turn|7\n|\n|t:|1700205584\n|switch|p1a: Drifblim|Drifblim, M|100\/100\n|-enditem|p1a: Drifblim|Grassy Seed\n|-boost|p1a: Drifblim|def|1|[from] item: Grassy Seed\n|move|p2a: Munkidori|Sludge Wave|p1a: Drifblim\n|-resisted|p1a: Drifblim\n|-damage|p1a: Drifblim|58\/100\n|-status|p1a: Drifblim|psn\n|\n|-damage|p1a: Drifblim|45\/100 psn|[from] psn\n|upkeep\n|turn|8\n|\n|t:|1700205602\n|switch|p2a: Kingambit|Kingambit, M|100\/100\n|-activate|p2a: Kingambit|ability: Supreme Overlord\n|-start|p2a: Kingambit|fallen1|[silent]\n|-item|p2a: Kingambit|Air Balloon\n|move|p1a: Drifblim|Calm Mind|p1a: Drifblim\n|-boost|p1a: Drifblim|spa|1\n|-boost|p1a: Drifblim|spd|1\n|\n|-damage|p1a: Drifblim|33\/100 psn|[from] psn\n|upkeep\n|turn|9\n|\n|t:|1700205614\n|-terastallize|p1a: Drifblim|Fighting\n|move|p1a: Drifblim|Strength Sap|p2a: Kingambit\n|-unboost|p2a: Kingambit|atk|1\n|-heal|p1a: Drifblim|100\/100 psn\n|move|p2a: Kingambit|Kowtow Cleave|p1a: Drifblim\n|-resisted|p1a: Drifblim\n|-damage|p1a: Drifblim|81\/100 psn\n|\n|-heal|p1a: Drifblim|87\/100 psn|[from] Grassy Terrain\n|-damage|p1a: Drifblim|75\/100 psn|[from] psn\n|upkeep\n|turn|10\n|inactive|TJ fury has 120 seconds left.\n|\n|t:|1700205643\n|-end|p2a: Kingambit|fallen1|[silent]\n|switch|p2a: Munkidori|Munkidori, M|100\/100\n|move|p1a: Drifblim|Calm Mind|p1a: Drifblim\n|-boost|p1a: Drifblim|spa|1\n|-boost|p1a: Drifblim|spd|1\n|\n|-heal|p1a: Drifblim|81\/100 psn|[from] Grassy Terrain\n|-damage|p1a: Drifblim|69\/100 psn|[from] psn\n|-fieldend|move: Grassy Terrain\n|upkeep\n|turn|11\n|inactive|TJ fury has 120 seconds left.\n|\n|t:|1700205656\n|move|p1a: Drifblim|Shadow Ball|p2a: Munkidori\n|-supereffective|p2a: Munkidori\n|-damage|p2a: Munkidori|0 fnt\n|faint|p2a: Munkidori\n|\n|-damage|p1a: Drifblim|56\/100 psn|[from] psn\n|upkeep\n|inactive|TJ fury has 120 seconds left.\n|\n|t:|1700205670\n|switch|p2a: Gholdengo|Gholdengo|100\/100\n|turn|12\n|j| Baton Pass is Fine\n|inactive|TJ fury has 120 seconds left.\n|\n|t:|1700205683\n|move|p1a: Drifblim|Shadow Ball|p2a: Gholdengo\n|-supereffective|p2a: Gholdengo\n|-damage|p2a: Gholdengo|0 fnt\n|faint|p2a: Gholdengo\n|\n|-damage|p1a: Drifblim|44\/100 psn|[from] psn\n|upkeep\n|\n|t:|1700205691\n|switch|p2a: Great Tusk|Great Tusk|100\/100\n|turn|13\n|\n|t:|1700205698\n|move|p1a: Drifblim|Strength Sap|p2a: Great Tusk\n|-unboost|p2a: Great Tusk|atk|1\n|-heal|p1a: Drifblim|100\/100 psn\n|move|p2a: Great Tusk|Headlong Rush|p1a: Drifblim\n|-damage|p1a: Drifblim|57\/100 psn\n|-unboost|p2a: Great Tusk|def|1\n|-unboost|p2a: Great Tusk|spd|1\n|\n|-damage|p1a: Drifblim|44\/100 psn|[from] psn\n|upkeep\n|turn|14\n|j| LaraLuiza0001\n|\n|t:|1700205710\n|move|p1a: Drifblim|Strength Sap|p2a: Great Tusk\n|-unboost|p2a: Great Tusk|atk|1\n|-heal|p1a: Drifblim|99\/100 psn\n|move|p2a: Great Tusk|Headlong Rush|p1a: Drifblim\n|-damage|p1a: Drifblim|66\/100 psn\n|-unboost|p2a: Great Tusk|def|1\n|-unboost|p2a: Great Tusk|spd|1\n|\n|-damage|p1a: Drifblim|54\/100 psn|[from] psn\n|upkeep\n|turn|15\n|\n|t:|1700205723\n|-end|p2a: Great Tusk|Protosynthesis|[silent]\n|switch|p2a: Sinistcha|Sinistcha|100\/100\n|move|p1a: Drifblim|Shadow Ball|p2a: Sinistcha\n|-supereffective|p2a: Sinistcha\n|-crit|p2a: Sinistcha\n|-damage|p2a: Sinistcha|0 fnt\n|faint|p2a: Sinistcha\n|\n|-damage|p1a: Drifblim|41\/100 psn|[from] psn\n|upkeep\n|-message|TJ fury forfeited.\n|\n|win|Dreisu SV\n|raw|Dreisu SV's rating: 1403 &rarr; <strong>1418<\/strong><br \/>(+15 for winning)\n|raw|TJ fury's rating: 1321 &rarr; <strong>1306<\/strong><br \/>(-15 for losing)\n|l|\u2606TJ fury\n|l| Baton Pass is Fine\n|l|\u2606Dreisu SV\n","uploadtime":1700205740,"views":14,"p1id":"dreisusv","p2id":"tjfury","formatid":"gen9ou","rating":1306,"private":0,"password":""}