{"id":"gen9ou-1990669412","p1":"Felckon","p2":"BreadSandwichz","format":"[Gen 9] OU","log":"|j|\u2606Felckon\n|j|\u2606BreadSandwichz\n|t:|1699990326\n|gametype|singles\n|player|p1|Felckon|acetrainersnow|1348\n|player|p2|BreadSandwichz|lusamine-nihilego|1346\n|teamsize|p1|6\n|teamsize|p2|6\n|gen|9\n|tier|[Gen 9] OU\n|rated|\n|rule|Sleep Clause Mod: Limit one foe put to sleep\n|rule|Species Clause: Limit one of each Pok\u00e9mon\n|rule|OHKO Clause: OHKO moves are banned\n|rule|Evasion Items Clause: Evasion items are banned\n|rule|Evasion Moves Clause: Evasion moves are banned\n|rule|Endless Battle Clause: Forcing endless battles is banned\n|rule|HP Percentage Mod: HP is shown in percentages\n|clearpoke\n|poke|p1|Articuno|\n|poke|p1|Ninetales-Alola, M|\n|poke|p1|Corviknight, M|\n|poke|p1|Slowking, F|\n|poke|p1|Dragapult, F|\n|poke|p1|Great Tusk|\n|poke|p2|Rillaboom, F|\n|poke|p2|Ogerpon, F|\n|poke|p2|Iron Moth|\n|poke|p2|Sneasler, M|\n|poke|p2|Maushold-Four|\n|poke|p2|Sandy Shocks|\n|teampreview\n|\n|t:|1699990348\n|start\n|switch|p1a: Great Tusk|Great Tusk|100\/100\n|switch|p2a: LAmp|Iron Moth|100\/100\n|-enditem|p2a: LAmp|Booster Energy\n|-activate|p2a: LAmp|ability: Quark Drive|[fromitem]\n|-start|p2a: LAmp|quarkdrivespe\n|turn|1\n|\n|t:|1699990352\n|-terastallize|p2a: LAmp|Flying\n|move|p2a: LAmp|Fiery Dance|p1a: Great Tusk\n|-damage|p1a: Great Tusk|74\/100\n|move|p1a: Great Tusk|Headlong Rush|p2a: LAmp\n|-immune|p2a: LAmp\n|\n|upkeep\n|turn|2\n|\n|t:|1699990369\n|-end|p1a: Great Tusk|Protosynthesis|[silent]\n|switch|p1a: Slowking|Slowking, F|100\/100\n|move|p2a: LAmp|Psychic|p1a: Slowking\n|-resisted|p1a: Slowking\n|-damage|p1a: Slowking|90\/100\n|\n|upkeep\n|turn|3\n|c|\u2606BreadSandwichz|mad respect for a snow team\n|\n|t:|1699990386\n|-end|p2a: LAmp|Quark Drive|[silent]\n|switch|p2a: Doj.|Rillaboom, F|100\/100\n|-fieldstart|move: Grassy Terrain|[from] ability: Grassy Surge|[of] p2a: Doj.\n|move|p1a: Slowking|Chilly Reception|p1a: Slowking\n|-weather|Snow\n|c|\u2606Felckon|ou i hope you gonna see the tek bro\n|\n|t:|1699990393\n|switch|p1a: Articuno|Articuno|100\/100|[from] Chilly Reception\n|-ability|p1a: Articuno|Pressure\n|\n|-weather|Snow|[upkeep]\n|upkeep\n|turn|4\n|c|\u2606BreadSandwichz|hell yeah im exited\n|c|\u2606BreadSandwichz|excited\n|\n|t:|1699990406\n|move|p1a: Articuno|Agility|p1a: Articuno\n|-boost|p1a: Articuno|spe|2\n|move|p2a: Doj.|U-turn|p1a: Articuno\n|-resisted|p1a: Articuno\n|-crit|p1a: Articuno\n|-damage|p1a: Articuno|86\/100\n|\n|t:|1699990415\n|switch|p2a: Speedge Mcfast|Sneasler, M|100\/100|[from] U-turn\n|-enditem|p2a: Speedge Mcfast|Grassy Seed\n|-boost|p2a: Speedge Mcfast|def|1|[from] item: Grassy Seed\n|\n|-weather|Snow|[upkeep]\n|upkeep\n|turn|5\n|\n|t:|1699990418\n|-terastallize|p1a: Articuno|Ground\n|move|p2a: Speedge Mcfast|Close Combat|p1a: Articuno\n|-damage|p1a: Articuno|9\/100\n|-unboost|p2a: Speedge Mcfast|def|1\n|-unboost|p2a: Speedge Mcfast|spd|1\n|move|p1a: Articuno|Tera Blast|p2a: Speedge Mcfast|[anim] Tera Blast Ground\n|-supereffective|p2a: Speedge Mcfast\n|-damage|p2a: Speedge Mcfast|0 fnt\n|faint|p2a: Speedge Mcfast\n|\n|-weather|Snow|[upkeep]\n|-heal|p1a: Articuno|15\/100|[from] Grassy Terrain\n|upkeep\n|c|\u2606Felckon|boom\n|c|\u2606Felckon|def worth it\n|c|\u2606Felckon|xd\n|c|\u2606BreadSandwichz|neat!\n|\n|t:|1699990433\n|switch|p2a: Doj.|Rillaboom, F|100\/100\n|turn|6\n|\n|t:|1699990435\n|switch|p1a: Corviknight|Corviknight, M|100\/100\n|-ability|p1a: Corviknight|Pressure\n|move|p2a: Doj.|Grassy Glide|p1a: Corviknight\n|-resisted|p1a: Corviknight\n|-crit|p1a: Corviknight\n|-damage|p1a: Corviknight|91\/100\n|-damage|p2a: Doj.|84\/100|[from] item: Rocky Helmet|[of] p1a: Corviknight\n|\n|-weather|Snow|[upkeep]\n|-heal|p2a: Doj.|90\/100|[from] Grassy Terrain\n|upkeep\n|turn|7\n|c|\u2606Felckon|it had weakness policy but i blundered it\n|\n|t:|1699990445\n|move|p1a: Corviknight|U-turn|p2a: Doj.\n|-supereffective|p2a: Doj.\n|-damage|p2a: Doj.|65\/100\n|\n|t:|1699990449\n|switch|p1a: Dragapult|Dragapult, F|100\/100|[from] U-turn\n|move|p2a: Doj.|U-turn|p1a: Dragapult\n|-resisted|p1a: Dragapult\n|-damage|p1a: Dragapult|81\/100\n|\n|t:|1699990467\n|switch|p2a: UU Btw|Ogerpon, F|100\/100|[from] U-turn\n|\n|-weather|none\n|-heal|p1a: Dragapult|87\/100|[from] Grassy Terrain\n|-fieldend|move: Grassy Terrain\n|upkeep\n|turn|8\n|\n|t:|1699990471\n|move|p1a: Dragapult|U-turn|p2a: UU Btw\n|-supereffective|p2a: UU Btw\n|-damage|p2a: UU Btw|8\/100\n|\n|t:|1699990473\n|switch|p1a: Corviknight|Corviknight, M|91\/100|[from] U-turn\n|-ability|p1a: Corviknight|Pressure\n|move|p2a: UU Btw|Knock Off|p1a: Corviknight\n|-damage|p1a: Corviknight|71\/100\n|-damage|p2a: UU Btw|0 fnt|[from] item: Rocky Helmet|[of] p1a: Corviknight\n|faint|p2a: UU Btw\n|\n|upkeep\n|\n|t:|1699990480\n|switch|p2a: LAmp|Iron Moth, tera:Flying|100\/100\n|turn|9\n|\n|t:|1699990484\n|switch|p1a: Slowking|Slowking, F|100\/100\n|move|p2a: LAmp|Substitute|p2a: LAmp\n|-start|p2a: LAmp|Substitute\n|-damage|p2a: LAmp|76\/100\n|\n|upkeep\n|turn|10\n|\n|t:|1699990486\n|move|p2a: LAmp|Fiery Dance|p1a: Slowking\n|-resisted|p1a: Slowking\n|-damage|p1a: Slowking|87\/100\n|move|p1a: Slowking|Surf|p2a: LAmp\n|-crit|p2a: LAmp\n|-end|p2a: LAmp|Substitute\n|\n|upkeep\n|turn|11\n|\n|t:|1699990490\n|-end|p2a: LAmp|Quark Drive|[silent]\n|switch|p2a: Doj.|Rillaboom, F|65\/100\n|-fieldstart|move: Grassy Terrain|[from] ability: Grassy Surge|[of] p2a: Doj.\n|move|p1a: Slowking|Future Sight|p2a: Doj.\n|-start|p1a: Slowking|move: Future Sight\n|\n|-heal|p2a: Doj.|71\/100|[from] Grassy Terrain\n|-heal|p1a: Slowking|93\/100|[from] Grassy Terrain\n|upkeep\n|turn|12\n|\n|t:|1699990493\n|switch|p1a: Corviknight|Corviknight, M|71\/100\n|-ability|p1a: Corviknight|Pressure\n|move|p2a: Doj.|U-turn|p1a: Corviknight\n|-resisted|p1a: Corviknight\n|-damage|p1a: Corviknight|67\/100\n|-damage|p2a: Doj.|54\/100|[from] item: Rocky Helmet|[of] p1a: Corviknight\n|\n|t:|1699990496\n|switch|p2a: Sandy Shocks|Sandy Shocks|100\/100|[from] U-turn\n|-enditem|p2a: Sandy Shocks|Booster Energy\n|-activate|p2a: Sandy Shocks|ability: Protosynthesis|[fromitem]\n|-start|p2a: Sandy Shocks|protosynthesisspe\n|\n|upkeep\n|turn|13\n|\n|t:|1699990499\n|switch|p1a: Great Tusk|Great Tusk|74\/100\n|move|p2a: Sandy Shocks|Thunderbolt|p1a: Great Tusk\n|-immune|p1a: Great Tusk\n|\n|-end|p2a: Sandy Shocks|move: Future Sight\n|-damage|p2a: Sandy Shocks|50\/100\n|-heal|p2a: Sandy Shocks|56\/100|[from] Grassy Terrain\n|-heal|p1a: Great Tusk|80\/100|[from] Grassy Terrain\n|upkeep\n|turn|14\n|\n|t:|1699990508\n|move|p2a: Sandy Shocks|Earth Power|p1a: Great Tusk\n|-damage|p1a: Great Tusk|48\/100\n|-unboost|p1a: Great Tusk|spd|1\n|move|p1a: Great Tusk|Close Combat|p2a: Sandy Shocks\n|-damage|p2a: Sandy Shocks|0 fnt\n|-unboost|p1a: Great Tusk|def|1\n|-unboost|p1a: Great Tusk|spd|1\n|faint|p2a: Sandy Shocks\n|-end|p2a: Sandy Shocks|Protosynthesis|[silent]\n|\n|-heal|p1a: Great Tusk|54\/100|[from] Grassy Terrain\n|upkeep\n|\n|t:|1699990511\n|switch|p2a: LAmp|Iron Moth, tera:Flying|76\/100\n|turn|15\n|\n|t:|1699990515\n|-end|p1a: Great Tusk|Protosynthesis|[silent]\n|switch|p1a: Slowking|Slowking, F|100\/100\n|move|p2a: LAmp|Fiery Dance|p1a: Slowking\n|-resisted|p1a: Slowking\n|-damage|p1a: Slowking|87\/100\n|\n|-heal|p1a: Slowking|93\/100|[from] Grassy Terrain\n|-fieldend|move: Grassy Terrain\n|upkeep\n|turn|16\n|\n|t:|1699990521\n|move|p2a: LAmp|Fiery Dance|p1a: Slowking\n|-resisted|p1a: Slowking\n|-damage|p1a: Slowking|78\/100\n|move|p1a: Slowking|Future Sight|p2a: LAmp\n|-start|p1a: Slowking|move: Future Sight\n|\n|upkeep\n|turn|17\n|\n|t:|1699990523\n|move|p2a: LAmp|Fiery Dance|p1a: Slowking\n|-resisted|p1a: Slowking\n|-damage|p1a: Slowking|65\/100\n|-boost|p2a: LAmp|spa|1\n|move|p1a: Slowking|Surf|p2a: LAmp\n|-damage|p2a: LAmp|43\/100\n|\n|upkeep\n|turn|18\n|\n|t:|1699990525\n|move|p2a: LAmp|Substitute|p2a: LAmp\n|-start|p2a: LAmp|Substitute\n|-damage|p2a: LAmp|18\/100\n|move|p1a: Slowking|Surf|p2a: LAmp\n|-end|p2a: LAmp|Substitute\n|\n|-end|p2a: LAmp|move: Future Sight\n|-damage|p2a: LAmp|0 fnt\n|faint|p2a: LAmp\n|-end|p2a: LAmp|Quark Drive|[silent]\n|upkeep\n|\n|t:|1699990527\n|switch|p2a: Jerry&jerry&je-|Maushold-Four|100\/100\n|turn|19\n|\n|t:|1699990531\n|switch|p2a: Doj.|Rillaboom, F|54\/100\n|-fieldstart|move: Grassy Terrain|[from] ability: Grassy Surge|[of] p2a: Doj.\n|move|p1a: Slowking|Slack Off|p1a: Slowking\n|-heal|p1a: Slowking|100\/100\n|\n|-heal|p2a: Doj.|61\/100|[from] Grassy Terrain\n|upkeep\n|turn|20\n|\n|t:|1699990536\n|switch|p1a: Corviknight|Corviknight, M|67\/100\n|-ability|p1a: Corviknight|Pressure\n|move|p2a: Doj.|Knock Off|p1a: Corviknight\n|-damage|p1a: Corviknight|43\/100\n|-damage|p2a: Doj.|44\/100|[from] item: Rocky Helmet|[of] p1a: Corviknight\n|-enditem|p1a: Corviknight|Rocky Helmet|[from] move: Knock Off|[of] p2a: Doj.\n|\n|-heal|p2a: Doj.|50\/100|[from] Grassy Terrain\n|upkeep\n|turn|21\n|\n|t:|1699990541\n|move|p1a: Corviknight|Roost|p1a: Corviknight\n|-heal|p1a: Corviknight|93\/100\n|-singleturn|p1a: Corviknight|move: Roost\n|move|p2a: Doj.|U-turn|p1a: Corviknight\n|-resisted|p1a: Corviknight\n|-damage|p1a: Corviknight|85\/100\n|\n|t:|1699990543\n|switch|p2a: Jerry&jerry&je-|Maushold-Four|100\/100|[from] U-turn\n|\n|-heal|p1a: Corviknight|91\/100|[from] Grassy Terrain\n|upkeep\n|turn|22\n|\n|t:|1699990551\n|move|p2a: Jerry&jerry&je-|Tidy Up|p2a: Jerry&jerry&je-\n|-boost|p2a: Jerry&jerry&je-|atk|1\n|-boost|p2a: Jerry&jerry&je-|spe|1\n|move|p1a: Corviknight|U-turn|p2a: Jerry&jerry&je-\n|-crit|p2a: Jerry&jerry&je-\n|-damage|p2a: Jerry&jerry&je-|72\/100\n|\n|t:|1699990553\n|switch|p1a: Slowking|Slowking, F|100\/100|[from] U-turn\n|\n|-heal|p2a: Jerry&jerry&je-|79\/100|[from] Grassy Terrain\n|upkeep\n|turn|23\n|\n|t:|1699990558\n|move|p2a: Jerry&jerry&je-|Population Bomb|p1a: Slowking\n|-damage|p1a: Slowking|91\/100\n|-damage|p2a: Jerry&jerry&je-|62\/100|[from] item: Rocky Helmet|[of] p1a: Slowking\n|-damage|p1a: Slowking|80\/100\n|-damage|p2a: Jerry&jerry&je-|46\/100|[from] item: Rocky Helmet|[of] p1a: Slowking\n|-damage|p1a: Slowking|70\/100\n|-damage|p2a: Jerry&jerry&je-|29\/100|[from] item: Rocky Helmet|[of] p1a: Slowking\n|-damage|p1a: Slowking|60\/100\n|-damage|p2a: Jerry&jerry&je-|13\/100|[from] item: Rocky Helmet|[of] p1a: Slowking\n|-damage|p1a: Slowking|50\/100\n|-damage|p2a: Jerry&jerry&je-|0 fnt|[from] item: Rocky Helmet|[of] p1a: Slowking\n|faint|p2a: Jerry&jerry&je-\n|-hitcount|p1a: Slowking|5\n|move|p1a: Slowking|Surf|p2: Jerry&jerry&je-|[notarget]\n|-fail|p1a: Slowking\n|\n|-heal|p1a: Slowking|56\/100|[from] Grassy Terrain\n|-fieldend|move: Grassy Terrain\n|upkeep\n|c|\u2606BreadSandwichz|fuck\n|c|\u2606Felckon|ou man i am really sorry\n|c|\u2606Felckon|yes\n|c|\u2606BreadSandwichz|double rocky helmet?\n|c|\u2606Felckon|double rocky helmet\n|c|\u2606BreadSandwichz|thats crazy\n|c|\u2606BreadSandwichz|gg\n|c|\u2606BreadSandwichz|wp\n|\n|t:|1699990575\n|switch|p2a: Doj.|Rillaboom, F|50\/100\n|-fieldstart|move: Grassy Terrain|[from] ability: Grassy Surge|[of] p2a: Doj.\n|turn|24\n|\n|t:|1699990580\n|switch|p1a: Ninetales|Ninetales-Alola, M|100\/100\n|-weather|Snow|[from] ability: Snow Warning|[of] p1a: Ninetales\n|move|p2a: Doj.|Knock Off|p1a: Ninetales\n|-resisted|p1a: Ninetales\n|-damage|p1a: Ninetales|86\/100\n|-enditem|p1a: Ninetales|Light Clay|[from] move: Knock Off|[of] p2a: Doj.\n|\n|-weather|Snow|[upkeep]\n|-heal|p1a: Ninetales|92\/100|[from] Grassy Terrain\n|-heal|p2a: Doj.|56\/100|[from] Grassy Terrain\n|upkeep\n|turn|25\n|-message|BreadSandwichz forfeited.\n|\n|win|Felckon\n|raw|Felckon's rating: 1348 &rarr; <strong>1368<\/strong><br \/>(+20 for winning)\n|raw|BreadSandwichz's rating: 1346 &rarr; <strong>1326<\/strong><br \/>(-20 for losing)\n|l|\u2606BreadSandwichz\n","uploadtime":1699990724,"views":6,"p1id":"felckon","p2id":"breadsandwichz","formatid":"gen9ou","rating":1326,"private":0,"password":""}