{"id":"gen9ou-1996242492","p1":"Maciej1","p2":"liaoya","format":"[Gen 9] OU","log":"|j|\u2606Maciej1\n|j|\u2606liaoya\n|t:|1700663169\n|gametype|singles\n|player|p1|Maciej1|camper|1567\n|player|p2|liaoya|petrel|1558\n|teamsize|p1|6\n|teamsize|p2|6\n|gen|9\n|tier|[Gen 9] OU\n|rated|\n|rule|Sleep Clause Mod: Limit one foe put to sleep\n|rule|Species Clause: Limit one of each Pok\u00e9mon\n|rule|OHKO Clause: OHKO moves are banned\n|rule|Evasion Items Clause: Evasion items are banned\n|rule|Evasion Moves Clause: Evasion moves are banned\n|rule|Endless Battle Clause: Forcing endless battles is banned\n|rule|HP Percentage Mod: HP is shown in percentages\n|clearpoke\n|poke|p1|Iron Treads|\n|poke|p1|Greninja-*, M|\n|poke|p1|Dragonite, M|\n|poke|p1|Sandy Shocks|\n|poke|p1|Iron Valiant|\n|poke|p1|Cinderace, F|\n|poke|p2|Drifblim, M|\n|poke|p2|Garganacl, F|\n|poke|p2|Umbreon, F|\n|poke|p2|Rotom-Wash|\n|poke|p2|Glimmora, F|\n|poke|p2|Espeon, M|\n|teampreview\n|j| friendly.mp4\n|inactive|Battle timer is ON: inactive players will automatically lose when time's up. (requested by liaoya)\n|\n|t:|1700663179\n|start\n|switch|p1a: Iron Treads|Iron Treads|100\/100\n|switch|p2a: Rotom|Rotom-Wash|100\/100\n|-enditem|p1a: Iron Treads|Booster Energy\n|-activate|p1a: Iron Treads|ability: Quark Drive|[fromitem]\n|-start|p1a: Iron Treads|quarkdrivespe\n|turn|1\n|\n|t:|1700663187\n|move|p1a: Iron Treads|Stealth Rock|p2a: Rotom\n|-sidestart|p2: liaoya|move: Stealth Rock\n|move|p2a: Rotom|Hydro Pump|p1a: Iron Treads\n|-supereffective|p1a: Iron Treads\n|-crit|p1a: Iron Treads\n|-damage|p1a: Iron Treads|0 fnt\n|faint|p1a: Iron Treads\n|-end|p1a: Iron Treads|Quark Drive|[silent]\n|\n|upkeep\n|\n|t:|1700663205\n|switch|p1a: Greninja|Greninja, M|100\/100\n|turn|2\n|\n|t:|1700663212\n|switch|p2a: Umbreon|Umbreon, F, shiny|100\/100\n|-damage|p2a: Umbreon|88\/100|[from] Stealth Rock\n|move|p1a: Greninja|Dark Pulse|p2a: Umbreon\n|-resisted|p2a: Umbreon\n|-damage|p2a: Umbreon|74\/100\n|-damage|p1a: Greninja|91\/100|[from] item: Life Orb\n|\n|-heal|p2a: Umbreon|80\/100|[from] item: Leftovers\n|upkeep\n|turn|3\n|\n|t:|1700663223\n|switch|p1a: Cinderace|Cinderace, F|100\/100\n|move|p2a: Umbreon|Wish|p2a: Umbreon\n|\n|-heal|p2a: Umbreon|86\/100|[from] item: Leftovers\n|upkeep\n|turn|4\n|l| friendly.mp4\n|\n|t:|1700663231\n|move|p1a: Cinderace|Pyro Ball|p2a: Umbreon\n|-damage|p2a: Umbreon|47\/100\n|-status|p2a: Umbreon|brn\n|move|p2a: Umbreon|Yawn|p1a: Cinderace\n|-start|p1a: Cinderace|move: Yawn|[of] p2a: Umbreon\n|\n|-heal|p2a: Umbreon|97\/100 brn|[from] move: Wish|[wisher] Umbreon\n|-heal|p2a: Umbreon|100\/100 brn|[from] item: Leftovers\n|-damage|p2a: Umbreon|94\/100 brn|[from] brn\n|upkeep\n|turn|5\n|\n|t:|1700663241\n|move|p1a: Cinderace|U-turn|p2a: Umbreon\n|-start|p1a: Cinderace|typechange|Bug|[from] ability: Libero\n|-supereffective|p2a: Umbreon\n|-damage|p2a: Umbreon|47\/100 brn\n|\n|t:|1700663254\n|switch|p1a: Iron Valiant|Iron Valiant|100\/100|[from] U-turn\n|-enditem|p1a: Iron Valiant|Booster Energy\n|-activate|p1a: Iron Valiant|ability: Quark Drive|[fromitem]\n|-start|p1a: Iron Valiant|quarkdrivespe\n|move|p2a: Umbreon|Yawn|p1a: Iron Valiant\n|-start|p1a: Iron Valiant|move: Yawn|[of] p2a: Umbreon\n|\n|-heal|p2a: Umbreon|53\/100 brn|[from] item: Leftovers\n|-damage|p2a: Umbreon|47\/100 brn|[from] brn\n|upkeep\n|turn|6\n|\n|t:|1700663264\n|-end|p1a: Iron Valiant|Quark Drive|[silent]\n|switch|p1a: Cinderace|Cinderace, F|100\/100\n|move|p2a: Umbreon|Protect||[still]\n|-fail|p2a: Umbreon\n|\n|-heal|p2a: Umbreon|53\/100 brn|[from] item: Leftovers\n|-damage|p2a: Umbreon|47\/100 brn|[from] brn\n|upkeep\n|turn|7\n|\n|t:|1700663272\n|switch|p2a: Glimmora|Glimmora, F|100\/100\n|-damage|p2a: Glimmora|88\/100|[from] Stealth Rock\n|move|p1a: Cinderace|Pyro Ball|p2a: Glimmora\n|-resisted|p2a: Glimmora\n|-damage|p2a: Glimmora|67\/100\n|-activate|p2a: Glimmora|ability: Toxic Debris\n|-sidestart|p1: Maciej1|move: Toxic Spikes\n|\n|upkeep\n|turn|8\n|\n|t:|1700663282\n|switch|p1a: Dragonite|Dragonite, M|100\/100\n|move|p2a: Glimmora|Mortal Spin|p1a: Dragonite\n|-damage|p1a: Dragonite|98\/100\n|-status|p1a: Dragonite|psn\n|-sideend|p2: liaoya|Stealth Rock|[from] move: Mortal Spin|[of] p2a: Glimmora\n|\n|-damage|p1a: Dragonite|85\/100 psn|[from] psn\n|upkeep\n|turn|9\n|\n|t:|1700663302\n|switch|p2a: Rotom|Rotom-Wash|100\/100\n|move|p1a: Dragonite|Dragon Dance|p1a: Dragonite\n|-boost|p1a: Dragonite|atk|1\n|-boost|p1a: Dragonite|spe|1\n|\n|-damage|p1a: Dragonite|73\/100 psn|[from] psn\n|upkeep\n|turn|10\n|\n|t:|1700663324\n|move|p1a: Dragonite|Dragon Dance|p1a: Dragonite\n|-boost|p1a: Dragonite|atk|1\n|-boost|p1a: Dragonite|spe|1\n|move|p2a: Rotom|Trick|p1a: Dragonite\n|-activate|p2a: Rotom|move: Trick|[of] p1a: Dragonite\n|-item|p1a: Dragonite|Choice Scarf|[from] move: Trick\n|-item|p2a: Rotom|Heavy-Duty Boots|[from] move: Trick\n|\n|-damage|p1a: Dragonite|61\/100 psn|[from] psn\n|upkeep\n|turn|11\n|\n|t:|1700663335\n|move|p1a: Dragonite|Extreme Speed|p2a: Rotom\n|-damage|p2a: Rotom|35\/100\n|move|p2a: Rotom|Volt Switch|p1a: Dragonite\n|-damage|p1a: Dragonite|28\/100 psn\n|\n|t:|1700663340\n|switch|p2a: Garganacl|Garganacl, F, shiny|100\/100|[from] Volt Switch\n|\n|-damage|p1a: Dragonite|16\/100 psn|[from] psn\n|upkeep\n|turn|12\n|\n|t:|1700663348\n|-terastallize|p2a: Garganacl|Ghost\n|move|p1a: Dragonite|Extreme Speed|p2a: Garganacl\n|-immune|p2a: Garganacl\n|move|p2a: Garganacl|Iron Defense|p2a: Garganacl\n|-boost|p2a: Garganacl|def|2\n|\n|-damage|p1a: Dragonite|3\/100 psn|[from] psn\n|upkeep\n|turn|13\n|\n|t:|1700663360\n|move|p1a: Dragonite|Extreme Speed|p2a: Garganacl\n|-immune|p2a: Garganacl\n|move|p2a: Garganacl|Iron Defense|p2a: Garganacl\n|-boost|p2a: Garganacl|def|2\n|\n|-damage|p1a: Dragonite|0 fnt|[from] psn\n|faint|p1a: Dragonite\n|upkeep\n|\n|t:|1700663374\n|switch|p1a: Greninja|Greninja, M|91\/100\n|-status|p1a: Greninja|psn\n|turn|14\n|\n|t:|1700663385\n|-terastallize|p1a: Greninja|Ghost\n|move|p1a: Greninja|Dark Pulse|p2a: Garganacl\n|-supereffective|p2a: Garganacl\n|-damage|p2a: Garganacl|37\/100\n|-damage|p1a: Greninja|81\/100 psn|[from] item: Life Orb\n|move|p2a: Garganacl|Body Press|p1a: Greninja\n|-immune|p1a: Greninja\n|\n|-heal|p2a: Garganacl|43\/100|[from] item: Leftovers\n|-damage|p1a: Greninja|69\/100 psn|[from] psn\n|upkeep\n|turn|15\n|\n|t:|1700663397\n|switch|p1a: Cinderace|Cinderace, F|100\/100\n|switch|p2a: Rotom|Rotom-Wash|35\/100\n|\n|upkeep\n|turn|16\n|\n|t:|1700663413\n|move|p1a: Cinderace|U-turn|p2a: Rotom\n|-start|p1a: Cinderace|typechange|Bug|[from] ability: Libero\n|-damage|p2a: Rotom|0 fnt\n|faint|p2a: Rotom\n|\n|t:|1700663420\n|switch|p1a: Iron Valiant|Iron Valiant|100\/100|[from] U-turn\n|-status|p1a: Iron Valiant|psn\n|\n|-damage|p1a: Iron Valiant|88\/100 psn|[from] psn\n|upkeep\n|\n|t:|1700663427\n|switch|p2a: Espeon|Espeon, M|100\/100\n|turn|17\n|\n|t:|1700663433\n|move|p2a: Espeon|Psyshock|p1a: Iron Valiant\n|-supereffective|p1a: Iron Valiant\n|-damage|p1a: Iron Valiant|2\/100 psn\n|move|p1a: Iron Valiant|Knock Off|p2a: Espeon\n|-supereffective|p2a: Espeon\n|-damage|p2a: Espeon|38\/100\n|-enditem|p2a: Espeon|Choice Scarf|[from] move: Knock Off|[of] p1a: Iron Valiant\n|\n|-damage|p1a: Iron Valiant|0 fnt|[from] psn\n|faint|p1a: Iron Valiant\n|-end|p1a: Iron Valiant|Quark Drive|[silent]\n|upkeep\n|\n|t:|1700663449\n|switch|p1a: Greninja|Greninja, M, tera:Ghost|69\/100 psn\n|turn|18\n|\n|t:|1700663463\n|move|p2a: Espeon|Detect|p2a: Espeon\n|-singleturn|p2a: Espeon|Protect\n|move|p1a: Greninja|Dark Pulse|p2a: Espeon\n|-activate|p2a: Espeon|move: Protect\n|\n|-damage|p1a: Greninja|56\/100 psn|[from] psn\n|upkeep\n|turn|19\n|inactive|Maciej1 has 120 seconds left.\n|\n|t:|1700663489\n|move|p1a: Greninja|Low Kick|p2a: Espeon\n|-resisted|p2a: Espeon\n|-damage|p2a: Espeon|29\/100\n|-damage|p1a: Greninja|46\/100 psn|[from] item: Life Orb\n|move|p2a: Espeon|Psyshock|p1a: Greninja\n|-damage|p1a: Greninja|0 fnt\n|faint|p1a: Greninja\n|\n|upkeep\n|inactive|Maciej1 has 120 seconds left.\n|\n|t:|1700663496\n|switch|p1a: Cinderace|Cinderace, F|100\/100\n|turn|20\n|\n|t:|1700663501\n|move|p1a: Cinderace|Pyro Ball|p2a: Espeon\n|-damage|p2a: Espeon|0 fnt\n|faint|p2a: Espeon\n|\n|upkeep\n|\n|t:|1700663508\n|switch|p2a: Glimmora|Glimmora, F|67\/100\n|turn|21\n|inactive|Maciej1 has 120 seconds left.\n|\n|t:|1700663533\n|move|p1a: Cinderace|Pyro Ball|p2a: Glimmora\n|-resisted|p2a: Glimmora\n|-damage|p2a: Glimmora|46\/100\n|-activate|p2a: Glimmora|ability: Toxic Debris\n|-sidestart|p1: Maciej1|move: Toxic Spikes\n|move|p2a: Glimmora|Mortal Spin|p1a: Cinderace\n|-damage|p1a: Cinderace|93\/100\n|-status|p1a: Cinderace|psn\n|\n|-damage|p1a: Cinderace|80\/100 psn|[from] psn\n|upkeep\n|turn|22\n|inactive|Maciej1 has 120 seconds left.\n|\n|t:|1700663546\n|switch|p2a: Drifblim|Drifblim, M|100\/100\n|move|p1a: Cinderace|Sucker Punch||[still]\n|-fail|p1a: Cinderace\n|\n|-damage|p1a: Cinderace|68\/100 psn|[from] psn\n|upkeep\n|turn|23\n|inactive|Maciej1 has 120 seconds left.\n|\n|t:|1700663556\n|move|p2a: Drifblim|Trick|p1a: Cinderace\n|-activate|p2a: Drifblim|move: Trick|[of] p1a: Cinderace\n|-item|p1a: Cinderace|Choice Scarf|[from] move: Trick\n|-item|p2a: Drifblim|Heavy-Duty Boots|[from] move: Trick\n|move|p1a: Cinderace|Court Change|p1a: Cinderace\n|-start|p1a: Cinderace|typechange|Normal|[from] ability: Libero\n|-swapsideconditions\n|-activate|p1a: Cinderace|move: Court Change\n|\n|-damage|p1a: Cinderace|56\/100 psn|[from] psn\n|upkeep\n|turn|24\n|inactive|Maciej1 has 120 seconds left.\n|\n|t:|1700663569\n|switch|p2a: Glimmora|Glimmora, F|46\/100\n|-sideend|p2: liaoya|move: Toxic Spikes|[of] p2a: Glimmora\n|move|p1a: Cinderace|Court Change||[still]\n|-swapsideconditions\n|-fail|p1a: Cinderace\n|\n|-damage|p1a: Cinderace|44\/100 psn|[from] psn\n|upkeep\n|turn|25\n|\n|t:|1700663577\n|switch|p1a: Sandy Shocks|Sandy Shocks|100\/100\n|-enditem|p1a: Sandy Shocks|Booster Energy\n|-activate|p1a: Sandy Shocks|ability: Protosynthesis|[fromitem]\n|-start|p1a: Sandy Shocks|protosynthesisspe\n|move|p2a: Glimmora|Light Screen|p2a: Glimmora\n|-sidestart|p2: liaoya|move: Light Screen\n|\n|upkeep\n|turn|26\n|\n|t:|1700663590\n|move|p1a: Sandy Shocks|Substitute|p1a: Sandy Shocks\n|-start|p1a: Sandy Shocks|Substitute\n|-damage|p1a: Sandy Shocks|76\/100\n|move|p2a: Glimmora|Mortal Spin|p1a: Sandy Shocks\n|-resisted|p1a: Sandy Shocks\n|-activate|p1a: Sandy Shocks|move: Substitute|[damage]\n|\n|upkeep\n|turn|27\n|\n|t:|1700663598\n|switch|p2a: Garganacl|Garganacl, F, shiny, tera:Ghost|43\/100\n|move|p1a: Sandy Shocks|Earth Power|p2a: Garganacl\n|-damage|p2a: Garganacl|29\/100\n|\n|-heal|p2a: Garganacl|35\/100|[from] item: Leftovers\n|upkeep\n|turn|28\n|\n|t:|1700663613\n|move|p1a: Sandy Shocks|Thunderbolt|p2a: Garganacl\n|-damage|p2a: Garganacl|20\/100\n|move|p2a: Garganacl|Recover|p2a: Garganacl\n|-heal|p2a: Garganacl|70\/100\n|\n|-heal|p2a: Garganacl|76\/100|[from] item: Leftovers\n|upkeep\n|turn|29\n|\n|t:|1700663622\n|move|p1a: Sandy Shocks|Thunderbolt|p2a: Garganacl\n|-damage|p2a: Garganacl|63\/100\n|move|p2a: Garganacl|Iron Defense|p2a: Garganacl\n|-boost|p2a: Garganacl|def|2\n|\n|-heal|p2a: Garganacl|69\/100|[from] item: Leftovers\n|-sideend|p2: liaoya|move: Light Screen\n|upkeep\n|turn|30\n|\n|t:|1700663630\n|move|p1a: Sandy Shocks|Earth Power|p2a: Garganacl\n|-damage|p2a: Garganacl|42\/100\n|move|p2a: Garganacl|Iron Defense|p2a: Garganacl\n|-boost|p2a: Garganacl|def|2\n|\n|-heal|p2a: Garganacl|48\/100|[from] item: Leftovers\n|upkeep\n|turn|31\n|\n|t:|1700663637\n|move|p1a: Sandy Shocks|Earth Power|p2a: Garganacl\n|-damage|p2a: Garganacl|22\/100\n|move|p2a: Garganacl|Recover|p2a: Garganacl\n|-heal|p2a: Garganacl|72\/100\n|\n|-heal|p2a: Garganacl|78\/100|[from] item: Leftovers\n|upkeep\n|turn|32\n|\n|t:|1700663644\n|move|p1a: Sandy Shocks|Earth Power|p2a: Garganacl\n|-damage|p2a: Garganacl|47\/100\n|move|p2a: Garganacl|Body Press|p1a: Sandy Shocks\n|-end|p1a: Sandy Shocks|Substitute\n|\n|-heal|p2a: Garganacl|53\/100|[from] item: Leftovers\n|upkeep\n|turn|33\n|\n|t:|1700663652\n|move|p1a: Sandy Shocks|Earth Power|p2a: Garganacl\n|-damage|p2a: Garganacl|24\/100\n|move|p2a: Garganacl|Body Press|p1a: Sandy Shocks\n|-damage|p1a: Sandy Shocks|5\/100\n|\n|-heal|p2a: Garganacl|30\/100|[from] item: Leftovers\n|upkeep\n|turn|34\n|\n|t:|1700663661\n|move|p1a: Sandy Shocks|Earth Power|p2a: Garganacl\n|-damage|p2a: Garganacl|0 fnt\n|faint|p2a: Garganacl\n|\n|upkeep\n|\n|t:|1700663667\n|switch|p2a: Umbreon|Umbreon, F, shiny|47\/100 brn\n|turn|35\n|\n|t:|1700663672\n|move|p1a: Sandy Shocks|Earth Power|p2a: Umbreon\n|-damage|p2a: Umbreon|20\/100 brn\n|move|p2a: Umbreon|Wish|p2a: Umbreon\n|\n|-heal|p2a: Umbreon|26\/100 brn|[from] item: Leftovers\n|-damage|p2a: Umbreon|20\/100 brn|[from] brn\n|upkeep\n|turn|36\n|\n|t:|1700663681\n|move|p2a: Umbreon|Protect|p2a: Umbreon\n|-singleturn|p2a: Umbreon|Protect\n|move|p1a: Sandy Shocks|Earth Power|p2a: Umbreon\n|-activate|p2a: Umbreon|move: Protect\n|\n|-heal|p2a: Umbreon|70\/100 brn|[from] move: Wish|[wisher] Umbreon\n|-heal|p2a: Umbreon|76\/100 brn|[from] item: Leftovers\n|-damage|p2a: Umbreon|70\/100 brn|[from] brn\n|upkeep\n|turn|37\n|\n|t:|1700663690\n|move|p1a: Sandy Shocks|Earth Power|p2a: Umbreon\n|-damage|p2a: Umbreon|41\/100 brn\n|move|p2a: Umbreon|Foul Play|p1a: Sandy Shocks\n|-damage|p1a: Sandy Shocks|0 fnt\n|faint|p1a: Sandy Shocks\n|-end|p1a: Sandy Shocks|Protosynthesis|[silent]\n|\n|-heal|p2a: Umbreon|47\/100 brn|[from] item: Leftovers\n|-damage|p2a: Umbreon|41\/100 brn|[from] brn\n|upkeep\n|\n|t:|1700663699\n|switch|p1a: Cinderace|Cinderace, F|44\/100 psn\n|turn|38\n|\n|t:|1700663703\n|move|p1a: Cinderace|U-turn|p2a: Umbreon\n|-start|p1a: Cinderace|typechange|Bug|[from] ability: Libero\n|-supereffective|p2a: Umbreon\n|-damage|p2a: Umbreon|0 fnt\n|faint|p2a: Umbreon\n|\n|-damage|p1a: Cinderace|31\/100 psn|[from] psn\n|upkeep\n|\n|t:|1700663708\n|switch|p2a: Glimmora|Glimmora, F|46\/100\n|turn|39\n|\n|t:|1700663711\n|move|p1a: Cinderace|U-turn|p2a: Glimmora\n|-resisted|p2a: Glimmora\n|-damage|p2a: Glimmora|32\/100\n|-activate|p2a: Glimmora|ability: Toxic Debris\n|-sidestart|p1: Maciej1|move: Toxic Spikes\n|move|p2a: Glimmora|Mortal Spin|p1a: Cinderace\n|-damage|p1a: Cinderace|22\/100 psn\n|\n|-damage|p1a: Cinderace|10\/100 psn|[from] psn\n|upkeep\n|turn|40\n|\n|t:|1700663720\n|move|p1a: Cinderace|U-turn|p2a: Glimmora\n|-resisted|p2a: Glimmora\n|-damage|p2a: Glimmora|19\/100\n|-activate|p2a: Glimmora|ability: Toxic Debris\n|-sidestart|p1: Maciej1|move: Toxic Spikes\n|move|p2a: Glimmora|Mortal Spin|p1a: Cinderace\n|-damage|p1a: Cinderace|1\/100 psn\n|\n|-damage|p1a: Cinderace|0 fnt|[from] psn\n|faint|p1a: Cinderace\n|\n|win|liaoya\n|upkeep\n|raw|Maciej1's rating: 1567 &rarr; <strong>1546<\/strong><br \/>(-21 for losing)\n|raw|liaoya's rating: 1558 &rarr; <strong>1579<\/strong><br \/>(+21 for winning)\n|c|\u2606liaoya|gg\n","uploadtime":1700663723,"views":0,"p1id":"maciej1","p2id":"liaoya","formatid":"gen9ou","rating":1546,"private":0,"password":""}