{"id":"gen9ou-1997936308","p1":"zemanwithnoears","p2":"Unlaiga","format":"[Gen 9] OU","log":"|j|\u2606zemanwithnoears\n|j|\u2606Unlaiga\n|t:|1700869467\n|gametype|singles\n|player|p1|zemanwithnoears|102|1532\n|player|p2|Unlaiga|serena|1441\n|teamsize|p1|6\n|teamsize|p2|6\n|gen|9\n|tier|[Gen 9] OU\n|rated|\n|rule|Sleep Clause Mod: Limit one foe put to sleep\n|rule|Species Clause: Limit one of each Pok\u00e9mon\n|rule|OHKO Clause: OHKO moves are banned\n|rule|Evasion Items Clause: Evasion items are banned\n|rule|Evasion Moves Clause: Evasion moves are banned\n|rule|Endless Battle Clause: Forcing endless battles is banned\n|rule|HP Percentage Mod: HP is shown in percentages\n|clearpoke\n|poke|p1|Alomomola, M|\n|poke|p1|Gholdengo|\n|poke|p1|Kingambit, M|\n|poke|p1|Rillaboom, F|\n|poke|p1|Dragapult, F|\n|poke|p1|Corviknight, F|\n|poke|p2|Samurott-Hisui, F|\n|poke|p2|Clefable, F|\n|poke|p2|Iron Moth|\n|poke|p2|Cinderace, F|\n|poke|p2|Dragonite, F|\n|poke|p2|Ninetales-Alola, M|\n|teampreview\n|inactive|Battle timer is ON: inactive players will automatically lose when time's up. (requested by zemanwithnoears)\n|l|\u2606Unlaiga\n|inactive|Unlaiga disconnected and has a minute to reconnect!\n|player|p2|\n|j|\u2606Unlaiga\n|inactive|Unlaiga reconnected and has 135 seconds left.\n|player|p2|Unlaiga|serena\n|\n|t:|1700869491\n|start\n|switch|p1a: Rillaboom|Rillaboom, F|100\/100\n|switch|p2a: Water|Iron Moth|100\/100\n|-fieldstart|move: Grassy Terrain|[from] ability: Grassy Surge|[of] p1a: Rillaboom\n|-enditem|p2a: Water|Booster Energy\n|-activate|p2a: Water|ability: Quark Drive|[fromitem]\n|-start|p2a: Water|quarkdrivespa\n|turn|1\n|\n|t:|1700869503\n|switch|p1a: Alomomola|Alomomola, M|100\/100\n|move|p2a: Water|Fiery Dance|p1a: Alomomola\n|-resisted|p1a: Alomomola\n|-damage|p1a: Alomomola|64\/100\n|\n|-heal|p1a: Alomomola|70\/100|[from] Grassy Terrain\n|upkeep\n|turn|2\n|\n|t:|1700869509\n|move|p2a: Water|Energy Ball|p1a: Alomomola\n|-supereffective|p1a: Alomomola\n|-damage|p1a: Alomomola|0 fnt\n|faint|p1a: Alomomola\n|\n|upkeep\n|\n|t:|1700869516\n|switch|p1a: Dragapult|Dragapult, F|100\/100\n|turn|3\n|\n|t:|1700869522\n|move|p1a: Dragapult|Shadow Ball|p2a: Water\n|-damage|p2a: Water|42\/100\n|move|p2a: Water|Sludge Wave|p1a: Dragapult\n|-resisted|p1a: Dragapult\n|-damage|p1a: Dragapult|52\/100\n|\n|-heal|p1a: Dragapult|58\/100|[from] Grassy Terrain\n|-heal|p2a: Water|48\/100|[from] Grassy Terrain\n|upkeep\n|turn|4\n|\n|t:|1700869528\n|-end|p2a: Water|Quark Drive|[silent]\n|switch|p2a: Feet Pizza|Samurott-Hisui, F|100\/100\n|move|p1a: Dragapult|Shadow Ball|p2a: Feet Pizza\n|-resisted|p2a: Feet Pizza\n|-damage|p2a: Feet Pizza|58\/100\n|\n|-heal|p2a: Feet Pizza|65\/100|[from] Grassy Terrain\n|-heal|p1a: Dragapult|64\/100|[from] Grassy Terrain\n|upkeep\n|turn|5\n|\n|t:|1700869537\n|switch|p1a: Rillaboom|Rillaboom, F|100\/100\n|move|p2a: Feet Pizza|Flip Turn|p1a: Rillaboom\n|-resisted|p1a: Rillaboom\n|-damage|p1a: Rillaboom|84\/100\n|\n|t:|1700869540\n|switch|p2a: Water|Iron Moth|48\/100|[from] Flip Turn\n|\n|-heal|p2a: Water|54\/100|[from] Grassy Terrain\n|-heal|p1a: Rillaboom|91\/100|[from] Grassy Terrain\n|-fieldend|move: Grassy Terrain\n|upkeep\n|turn|6\n|\n|t:|1700869545\n|switch|p1a: Dragapult|Dragapult, F|64\/100\n|move|p2a: Water|Sludge Wave|p1a: Dragapult\n|-resisted|p1a: Dragapult\n|-damage|p1a: Dragapult|25\/100\n|-status|p1a: Dragapult|psn\n|\n|-damage|p1a: Dragapult|13\/100 psn|[from] psn\n|upkeep\n|turn|7\n|\n|t:|1700869551\n|-end|p2a: Water|Quark Drive|[silent]\n|switch|p2a: Feet Pizza|Samurott-Hisui, F|65\/100\n|move|p1a: Dragapult|U-turn|p2a: Feet Pizza\n|-supereffective|p2a: Feet Pizza\n|-damage|p2a: Feet Pizza|19\/100\n|\n|t:|1700869559\n|switch|p1a: Corviknight|Corviknight, F|100\/100|[from] U-turn\n|-ability|p1a: Corviknight|Pressure\n|\n|upkeep\n|turn|8\n|\n|t:|1700869565\n|switch|p2a: The UK|Cinderace, F|100\/100\n|move|p1a: Corviknight|U-turn|p2a: The UK\n|-resisted|p2a: The UK\n|-damage|p2a: The UK|91\/100\n|\n|t:|1700869580\n|switch|p1a: Gholdengo|Gholdengo|100\/100|[from] U-turn\n|\n|upkeep\n|turn|9\n|\n|t:|1700869589\n|-terastallize|p1a: Gholdengo|Fairy\n|move|p2a: The UK|Pyro Ball|p1a: Gholdengo\n|-damage|p1a: Gholdengo|45\/100\n|move|p1a: Gholdengo|Nasty Plot|p1a: Gholdengo\n|-boost|p1a: Gholdengo|spa|2\n|\n|-heal|p1a: Gholdengo|52\/100|[from] item: Leftovers\n|upkeep\n|turn|10\n|\n|t:|1700869597\n|move|p2a: The UK|Pyro Ball|p1a: Gholdengo\n|-damage|p1a: Gholdengo|0 fnt\n|faint|p1a: Gholdengo\n|\n|upkeep\n|-message|zemanwithnoears forfeited.\n|\n|win|Unlaiga\n|raw|zemanwithnoears's rating: 1532 &rarr; <strong>1507<\/strong><br \/>(-25 for losing)\n|raw|Unlaiga's rating: 1441 &rarr; <strong>1466<\/strong><br \/>(+25 for winning)\n|l|\u2606zemanwithnoears\n","uploadtime":1700869613,"views":7,"p1id":"zemanwithnoears","p2id":"unlaiga","formatid":"gen9ou","rating":1466,"private":0,"password":""}