{"id":"gen9ou-1996739288","p1":"Payyoloo","p2":"FunTeams","format":"[Gen 9] OU","log":"|j|\u2606Payyoloo\n|j|\u2606FunTeams\n|t:|1700717109\n|gametype|singles\n|player|p1|Payyoloo|medium|1228\n|player|p2|FunTeams|unknown|1283\n|teamsize|p1|6\n|teamsize|p2|6\n|gen|9\n|tier|[Gen 9] OU\n|rated|\n|rule|Sleep Clause Mod: Limit one foe put to sleep\n|rule|Species Clause: Limit one of each Pok\u00e9mon\n|rule|OHKO Clause: OHKO moves are banned\n|rule|Evasion Items Clause: Evasion items are banned\n|rule|Evasion Moves Clause: Evasion moves are banned\n|rule|Endless Battle Clause: Forcing endless battles is banned\n|rule|HP Percentage Mod: HP is shown in percentages\n|clearpoke\n|poke|p1|Ceruledge, M|\n|poke|p1|Ogerpon-Wellspring, F|\n|poke|p1|Glimmora, F|\n|poke|p1|Cresselia, F|\n|poke|p1|Gholdengo|\n|poke|p1|Grimmsnarl, M|\n|poke|p2|Shiftry, F|\n|poke|p2|Enamorus, F|\n|poke|p2|Kommo-o, F|\n|poke|p2|Chandelure, F|\n|poke|p2|Ribombee, F|\n|poke|p2|Samurott-Hisui, F|\n|teampreview\n|\n|t:|1700717126\n|start\n|switch|p1a: Grimmsnarl|Grimmsnarl, M|100\/100\n|switch|p2a: Shiftry|Shiftry, F|100\/100\n|turn|1\n|inactive|Battle timer is ON: inactive players will automatically lose when time's up. (requested by FunTeams)\n|\n|t:|1700717132\n|move|p1a: Grimmsnarl|Reflect|p1a: Grimmsnarl\n|-sidestart|p1: Payyoloo|Reflect\n|move|p2a: Shiftry|Tailwind|p2a: Shiftry\n|-sidestart|p2: FunTeams|move: Tailwind\n|-ability|p2a: Shiftry|Wind Rider|boost\n|-boost|p2a: Shiftry|atk|1\n|\n|upkeep\n|turn|2\n|\n|t:|1700717137\n|switch|p1a: Glimmora|Glimmora, F|100\/100\n|move|p2a: Shiftry|Knock Off|p1a: Glimmora\n|-damage|p1a: Glimmora|49\/100\n|-activate|p1a: Glimmora|ability: Toxic Debris\n|-sidestart|p2: FunTeams|move: Toxic Spikes\n|-enditem|p1a: Glimmora|Focus Sash|[from] move: Knock Off|[of] p2a: Shiftry\n|-damage|p2a: Shiftry|91\/100|[from] item: Life Orb\n|\n|upkeep\n|turn|3\n|\n|t:|1700717146\n|move|p2a: Shiftry|Leaf Blade|p1a: Glimmora\n|-damage|p1a: Glimmora|0 fnt\n|-activate|p1a: Glimmora|ability: Toxic Debris\n|-sidestart|p2: FunTeams|move: Toxic Spikes\n|faint|p1a: Glimmora\n|-damage|p2a: Shiftry|81\/100|[from] item: Life Orb\n|\n|upkeep\n|\n|t:|1700717154\n|switch|p1a: Ogerpon|Ogerpon-Wellspring, F|100\/100\n|turn|4\n|\n|t:|1700717166\n|move|p2a: Shiftry|Brick Break|p1a: Ogerpon\n|-sideend|p1: Payyoloo|Reflect\n|-crit|p1a: Ogerpon\n|-damage|p1a: Ogerpon|8\/100\n|-damage|p2a: Shiftry|71\/100|[from] item: Life Orb\n|move|p1a: Ogerpon|Swords Dance|p1a: Ogerpon\n|-boost|p1a: Ogerpon|atk|2\n|\n|-sideend|p2: FunTeams|move: Tailwind\n|upkeep\n|turn|5\n|\n|t:|1700717184\n|switch|p1a: Cresselia|Cresselia, F|100\/100\n|move|p2a: Shiftry|Tailwind|p2a: Shiftry\n|-sidestart|p2: FunTeams|move: Tailwind\n|-ability|p2a: Shiftry|Wind Rider|boost\n|-boost|p2a: Shiftry|atk|1\n|\n|upkeep\n|turn|6\n|\n|t:|1700717192\n|move|p2a: Shiftry|Knock Off|p1a: Cresselia\n|-supereffective|p1a: Cresselia\n|-damage|p1a: Cresselia|0 fnt\n|-enditem|p1a: Cresselia|Leftovers|[from] move: Knock Off|[of] p2a: Shiftry\n|faint|p1a: Cresselia\n|-damage|p2a: Shiftry|61\/100|[from] item: Life Orb\n|\n|upkeep\n|-message|Payyoloo forfeited.\n|\n|win|FunTeams\n|raw|Payyoloo's rating: 1228 &rarr; <strong>1207<\/strong><br \/>(-21 for losing)\n|raw|FunTeams's rating: 1283 &rarr; <strong>1304<\/strong><br \/>(+21 for winning)\n|l|\u2606Payyoloo\n","uploadtime":1700717236,"views":2,"p1id":"payyoloo","p2id":"funteams","formatid":"gen9ou","rating":1207,"private":0,"password":""}