{"id":"gen9ou-1994110141","p1":"typhoondeltaz","p2":"V0id_Impact","format":"[Gen 9] OU","log":"|j|\u2606typhoondeltaz\n|j|\u2606V0id_Impact\n|t:|1700408047\n|gametype|singles\n|player|p1|typhoondeltaz|lance|1245\n|player|p2|V0id_Impact|serena-masters3|1308\n|teamsize|p1|6\n|teamsize|p2|6\n|gen|9\n|tier|[Gen 9] OU\n|rated|\n|rule|Sleep Clause Mod: Limit one foe put to sleep\n|rule|Species Clause: Limit one of each Pok\u00e9mon\n|rule|OHKO Clause: OHKO moves are banned\n|rule|Evasion Items Clause: Evasion items are banned\n|rule|Evasion Moves Clause: Evasion moves are banned\n|rule|Endless Battle Clause: Forcing endless battles is banned\n|rule|HP Percentage Mod: HP is shown in percentages\n|clearpoke\n|poke|p1|Kommo-o, M|\n|poke|p1|Grimmsnarl, M|\n|poke|p1|Ribombee, F|\n|poke|p1|Kingambit, F|\n|poke|p1|Gholdengo|\n|poke|p1|Great Tusk|\n|poke|p2|Gholdengo|\n|poke|p2|Ninetales-Alola, M|\n|poke|p2|Kommo-o, F|\n|poke|p2|Alomomola, F|\n|poke|p2|Corviknight, F|\n|poke|p2|Garganacl, M|\n|teampreview\n|\n|t:|1700408059\n|start\n|switch|p1a: Gholdengo|Gholdengo|100\/100\n|switch|p2a: Garganacl|Garganacl, M|100\/100\n|turn|1\n|inactive|Battle timer is ON: inactive players will automatically lose when time's up. (requested by typhoondeltaz)\n|\n|t:|1700408066\n|switch|p2a: Corviknight|Corviknight, F|100\/100\n|-terastallize|p1a: Gholdengo|Steel\n|move|p1a: Gholdengo|Make It Rain|p2a: Corviknight\n|-resisted|p2a: Corviknight\n|-damage|p2a: Corviknight|56\/100\n|-unboost|p1a: Gholdengo|spa|1\n|\n|-heal|p2a: Corviknight|62\/100|[from] item: Leftovers\n|upkeep\n|turn|2\n|\n|t:|1700408087\n|switch|p1a: Grimmsnarl|Grimmsnarl, M|100\/100\n|move|p2a: Corviknight|Roost|p2a: Corviknight\n|-heal|p2a: Corviknight|100\/100\n|-singleturn|p2a: Corviknight|move: Roost\n|\n|upkeep\n|turn|3\n|\n|t:|1700408110\n|move|p1a: Grimmsnarl|Reflect|p1a: Grimmsnarl\n|-sidestart|p1: typhoondeltaz|Reflect\n|move|p2a: Corviknight|U-turn|p1a: Grimmsnarl\n|-damage|p1a: Grimmsnarl|92\/100\n|\n|t:|1700408114\n|switch|p2a: Ninetales|Ninetales-Alola, M|100\/100|[from] U-turn\n|-weather|Snow|[from] ability: Snow Warning|[of] p2a: Ninetales\n|\n|-weather|Snow|[upkeep]\n|upkeep\n|turn|4\n|\n|t:|1700408132\n|move|p2a: Ninetales|Moonblast|p1a: Grimmsnarl\n|-supereffective|p1a: Grimmsnarl\n|-damage|p1a: Grimmsnarl|38\/100\n|-unboost|p1a: Grimmsnarl|spa|1\n|move|p1a: Grimmsnarl|Spirit Break|p2a: Ninetales\n|-damage|p2a: Ninetales|71\/100\n|-unboost|p2a: Ninetales|spa|1\n|\n|-weather|Snow|[upkeep]\n|upkeep\n|turn|5\n|\n|t:|1700408139\n|move|p1a: Grimmsnarl|Parting Shot|p2a: Ninetales\n|-unboost|p2a: Ninetales|atk|1\n|-unboost|p2a: Ninetales|spa|1\n|\n|t:|1700408150\n|switch|p1a: Kingambit|Kingambit, F|100\/100|[from] Parting Shot\n|move|p2a: Ninetales|Aurora Veil|p2a: Ninetales\n|-sidestart|p2: V0id_Impact|move: Aurora Veil\n|\n|-weather|Snow|[upkeep]\n|upkeep\n|turn|6\n|\n|t:|1700408158\n|switch|p2a: Alomomola|Alomomola, F|100\/100\n|move|p1a: Kingambit|Swords Dance|p1a: Kingambit\n|-boost|p1a: Kingambit|atk|2\n|\n|-weather|Snow|[upkeep]\n|upkeep\n|turn|7\n|\n|t:|1700408167\n|move|p2a: Alomomola|Scald|p1a: Kingambit\n|-damage|p1a: Kingambit|87\/100\n|move|p1a: Kingambit|Kowtow Cleave|p2a: Alomomola\n|-damage|p2a: Alomomola|69\/100\n|-damage|p1a: Kingambit|71\/100|[from] item: Rocky Helmet|[of] p2a: Alomomola\n|\n|-weather|none\n|upkeep\n|turn|8\n|\n|t:|1700408172\n|move|p2a: Alomomola|Scald|p1a: Kingambit\n|-damage|p1a: Kingambit|57\/100\n|move|p1a: Kingambit|Swords Dance|p1a: Kingambit\n|-boost|p1a: Kingambit|atk|2\n|\n|upkeep\n|turn|9\n|\n|t:|1700408176\n|move|p2a: Alomomola|Scald|p1a: Kingambit\n|-damage|p1a: Kingambit|44\/100\n|-status|p1a: Kingambit|brn\n|move|p1a: Kingambit|Kowtow Cleave|p2a: Alomomola\n|-damage|p2a: Alomomola|45\/100\n|-damage|p1a: Kingambit|27\/100 brn|[from] item: Rocky Helmet|[of] p2a: Alomomola\n|\n|-damage|p1a: Kingambit|21\/100 brn|[from] brn\n|upkeep\n|turn|10\n|\n|t:|1700408179\n|move|p2a: Alomomola|Wish|p2a: Alomomola\n|move|p1a: Kingambit|Kowtow Cleave|p2a: Alomomola\n|-damage|p2a: Alomomola|22\/100\n|-damage|p1a: Kingambit|4\/100 brn|[from] item: Rocky Helmet|[of] p2a: Alomomola\n|\n|-damage|p1a: Kingambit|0 fnt|[from] brn\n|faint|p1a: Kingambit\n|-end|p1a: Kingambit|fallenundefined|[silent]\n|-sideend|p1: typhoondeltaz|Reflect\n|upkeep\n|\n|t:|1700408188\n|switch|p1a: Kommo-o|Kommo-o, M|100\/100\n|turn|11\n|\n|t:|1700408191\n|move|p2a: Alomomola|Protect|p2a: Alomomola\n|-singleturn|p2a: Alomomola|Protect\n|move|p1a: Kommo-o|Belly Drum|p1a: Kommo-o\n|-damage|p1a: Kommo-o|51\/100\n|-setboost|p1a: Kommo-o|atk|6|[from] move: Belly Drum\n|\n|-heal|p2a: Alomomola|72\/100|[from] move: Wish|[wisher] Alomomola\n|upkeep\n|turn|12\n|\n|t:|1700408201\n|move|p1a: Kommo-o|Scale Shot|p2a: Alomomola\n|-damage|p2a: Alomomola|59\/100\n|-damage|p2a: Alomomola|48\/100\n|-damage|p2a: Alomomola|34\/100\n|-damage|p2a: Alomomola|22\/100\n|-crit|p2a: Alomomola\n|-damage|p2a: Alomomola|0 fnt\n|faint|p2a: Alomomola\n|-hitcount|p2: Alomomola|5\n|-unboost|p1a: Kommo-o|def|1\n|-boost|p1a: Kommo-o|spe|1\n|\n|-sideend|p2: V0id_Impact|move: Aurora Veil\n|upkeep\n|\n|t:|1700408210\n|switch|p2a: Garganacl|Garganacl, M|100\/100\n|turn|13\n|c|\u2606typhoondeltaz|hey\n|\n|t:|1700408214\n|-terastallize|p2a: Garganacl|Water\n|move|p1a: Kommo-o|Scale Shot|p2a: Garganacl\n|-damage|p2a: Garganacl|66\/100\n|-damage|p2a: Garganacl|34\/100\n|-crit|p2a: Garganacl\n|-damage|p2a: Garganacl|0 fnt\n|faint|p2a: Garganacl\n|-hitcount|p2: Garganacl|3\n|-unboost|p1a: Kommo-o|def|1\n|-boost|p1a: Kommo-o|spe|1\n|\n|upkeep\n|c|\u2606typhoondeltaz|don't fortreit\n|\n|t:|1700408227\n|switch|p2a: Corviknight|Corviknight, F|100\/100\n|turn|14\n|\n|t:|1700408246\n|move|p1a: Kommo-o|Drain Punch|p2a: Corviknight\n|-damage|p2a: Corviknight|18\/100\n|-heal|p1a: Kommo-o|100\/100|[from] drain|[of] p2a: Corviknight\n|move|p2a: Corviknight|Brave Bird|p1a: Kommo-o\n|-supereffective|p1a: Kommo-o\n|-damage|p1a: Kommo-o|0 fnt\n|faint|p1a: Kommo-o\n|-damage|p2a: Corviknight|0 fnt|[from] Recoil\n|faint|p2a: Corviknight\n|\n|upkeep\n|c|\u2606V0id_Impact|Why would i\n|c|\u2606typhoondeltaz|ok good\n|\n|t:|1700408260\n|switch|p1a: Gholdengo|Gholdengo, tera:Steel|100\/100\n|switch|p2a: Ninetales|Ninetales-Alola, M|71\/100\n|-weather|Snow|[from] ability: Snow Warning|[of] p2a: Ninetales\n|turn|15\n|\n|t:|1700408264\n|move|p1a: Gholdengo|Make It Rain|p2a: Ninetales\n|-supereffective|p2a: Ninetales\n|-damage|p2a: Ninetales|0 fnt\n|-unboost|p1a: Gholdengo|spa|1\n|faint|p2a: Ninetales\n|\n|-weather|Snow|[upkeep]\n|upkeep\n|\n|t:|1700408269\n|switch|p2a: Kommo-o|Kommo-o, F|100\/100\n|turn|16\n|\n|t:|1700408275\n|move|p1a: Gholdengo|Make It Rain|p2a: Kommo-o\n|-damage|p2a: Kommo-o|40\/100\n|-unboost|p1a: Gholdengo|spa|1\n|move|p2a: Kommo-o|Clangorous Soul|p2a: Kommo-o\n|-boost|p2a: Kommo-o|atk|1\n|-boost|p2a: Kommo-o|def|1\n|-boost|p2a: Kommo-o|spa|1\n|-boost|p2a: Kommo-o|spd|1\n|-boost|p2a: Kommo-o|spe|1\n|-damage|p2a: Kommo-o|7\/100\n|-enditem|p2a: Kommo-o|Throat Spray\n|-boost|p2a: Kommo-o|spa|1|[from] item: Throat Spray\n|\n|-weather|Snow|[upkeep]\n|upkeep\n|turn|17\n|\n|t:|1700408284\n|switch|p1a: Grimmsnarl|Grimmsnarl, M|38\/100\n|move|p2a: Kommo-o|Flamethrower|p1a: Grimmsnarl\n|-damage|p1a: Grimmsnarl|0 fnt\n|faint|p1a: Grimmsnarl\n|\n|-weather|Snow|[upkeep]\n|upkeep\n|\n|t:|1700408286\n|switch|p1a: Ribombee|Ribombee, F|100\/100\n|turn|18\n|\n|t:|1700408289\n|move|p2a: Kommo-o|Flamethrower|p1a: Ribombee\n|-supereffective|p1a: Ribombee\n|-enditem|p1a: Ribombee|Focus Sash\n|-damage|p1a: Ribombee|1\/100\n|move|p1a: Ribombee|Moonblast|p2a: Kommo-o\n|-supereffective|p2a: Kommo-o\n|-damage|p2a: Kommo-o|0 fnt\n|faint|p2a: Kommo-o\n|\n|-weather|Snow|[upkeep]\n|upkeep\n|\n|t:|1700408292\n|switch|p2a: Gholdengo|Gholdengo|100\/100\n|turn|19\n|\n|t:|1700408297\n|move|p1a: Ribombee|Moonblast|p2a: Gholdengo\n|-resisted|p2a: Gholdengo\n|-damage|p2a: Gholdengo|76\/100\n|move|p2a: Gholdengo|Shadow Ball|p1a: Ribombee\n|-damage|p1a: Ribombee|0 fnt\n|faint|p1a: Ribombee\n|\n|-weather|none\n|upkeep\n|\n|t:|1700408300\n|switch|p1a: Gholdengo|Gholdengo, tera:Steel|100\/100\n|turn|20\n|\n|t:|1700408302\n|move|p1a: Gholdengo|Shadow Ball|p2a: Gholdengo\n|-supereffective|p2a: Gholdengo\n|-damage|p2a: Gholdengo|0 fnt\n|faint|p2a: Gholdengo\n|\n|win|typhoondeltaz\n|raw|typhoondeltaz's rating: 1277 &rarr; <strong>1304<\/strong><br \/>(+27 for winning)\n|raw|V0id_Impact's rating: 1308 &rarr; <strong>1286<\/strong><br \/>(-22 for losing)\n|c|\u2606V0id_Impact|Gg\n","uploadtime":1700408309,"views":15,"p1id":"typhoondeltaz","p2id":"v0idimpact","formatid":"gen9ou","rating":1286,"private":0,"password":""}