{"id":"gen9ou-1994569296","p1":"MakeItGoodAgain","p2":"83833iueue","format":"[Gen 9] OU","log":"|j|\u2606MakeItGoodAgain\n|j|\u260683833iueue\n|t:|1700461510\n|gametype|singles\n|player|p1|MakeItGoodAgain|1|1065\n|player|p2|83833iueue|janitor|1000\n|teamsize|p1|6\n|teamsize|p2|6\n|gen|9\n|tier|[Gen 9] OU\n|rated|\n|rule|Sleep Clause Mod: Limit one foe put to sleep\n|rule|Species Clause: Limit one of each Pok\u00e9mon\n|rule|OHKO Clause: OHKO moves are banned\n|rule|Evasion Items Clause: Evasion items are banned\n|rule|Evasion Moves Clause: Evasion moves are banned\n|rule|Endless Battle Clause: Forcing endless battles is banned\n|rule|HP Percentage Mod: HP is shown in percentages\n|clearpoke\n|poke|p1|Ribombee, M|\n|poke|p1|Iron Moth|\n|poke|p1|Ogerpon-Wellspring, F|\n|poke|p1|Gholdengo|\n|poke|p1|Kingambit, F|\n|poke|p1|Ceruledge, M|\n|poke|p2|Charizard, M|\n|poke|p2|Mamoswine, M|\n|poke|p2|Gardevoir, M|\n|poke|p2|Ogerpon-Cornerstone, F|\n|poke|p2|Rotom-Wash|\n|poke|p2|Garchomp, F|\n|teampreview\n|inactive|Battle timer is ON: inactive players will automatically lose when time's up. (requested by MakeItGoodAgain)\n|\n|t:|1700461524\n|start\n|switch|p1a: Ribombee|Ribombee, M|100\/100\n|switch|p2a: Ogerpon|Ogerpon-Cornerstone, F|100\/100\n|turn|1\n|\n|t:|1700461532\n|move|p1a: Ribombee|Sticky Web|p2a: Ogerpon\n|-sidestart|p2: 83833iueue|move: Sticky Web\n|move|p2a: Ogerpon|Substitute|p2a: Ogerpon\n|-start|p2a: Ogerpon|Substitute\n|-damage|p2a: Ogerpon|76\/100\n|\n|upkeep\n|turn|2\n|\n|t:|1700461541\n|move|p1a: Ribombee|Moonblast|p2a: Ogerpon\n|-end|p2a: Ogerpon|Substitute\n|move|p2a: Ogerpon|Swords Dance|p2a: Ogerpon\n|-boost|p2a: Ogerpon|atk|2\n|\n|upkeep\n|turn|3\n|\n|t:|1700461552\n|move|p1a: Ribombee|Moonblast|p2a: Ogerpon\n|-damage|p2a: Ogerpon|30\/100\n|move|p2a: Ogerpon|Ivy Cudgel|p1a: Ribombee|[anim] Ivy Cudgel Rock\n|-supereffective|p1a: Ribombee\n|-enditem|p1a: Ribombee|Focus Sash\n|-damage|p1a: Ribombee|1\/100\n|\n|upkeep\n|turn|4\n|\n|t:|1700461568\n|switch|p2a: Charizard|Charizard, M|100\/100\n|move|p1a: Ribombee|Moonblast|p2a: Charizard\n|-resisted|p2a: Charizard\n|-damage|p2a: Charizard|78\/100\n|\n|upkeep\n|turn|5\n|\n|t:|1700461582\n|move|p1a: Ribombee|Stun Spore|p2a: Charizard\n|-status|p2a: Charizard|par\n|move|p2a: Charizard|Acrobatics|p1a: Ribombee\n|-supereffective|p1a: Ribombee\n|-damage|p1a: Ribombee|0 fnt\n|faint|p1a: Ribombee\n|\n|upkeep\n|\n|t:|1700461585\n|switch|p1a: Ceruledge|Ceruledge, M|100\/100\n|turn|6\n|\n|t:|1700461598\n|switch|p2a: Garchomp|Garchomp, F|100\/100\n|-activate|p2a: Garchomp|move: Sticky Web\n|-unboost|p2a: Garchomp|spe|1\n|move|p1a: Ceruledge|Poltergeist|p2a: Garchomp\n|-activate|p2a: Garchomp|move: Poltergeist|Rocky Helmet\n|-damage|p2a: Garchomp|52\/100\n|\n|upkeep\n|turn|7\n|\n|t:|1700461614\n|-terastallize|p1a: Ceruledge|Grass\n|move|p1a: Ceruledge|Bulk Up|p1a: Ceruledge\n|-boost|p1a: Ceruledge|atk|1\n|-boost|p1a: Ceruledge|def|1\n|move|p2a: Garchomp|Draco Meteor|p1a: Ceruledge\n|-damage|p1a: Ceruledge|51\/100\n|-unboost|p2a: Garchomp|spa|2\n|\n|upkeep\n|turn|8\n|\n|t:|1700461639\n|move|p1a: Ceruledge|Bitter Blade|p2a: Garchomp\n|-resisted|p2a: Garchomp\n|-damage|p2a: Garchomp|21\/100\n|-heal|p1a: Ceruledge|71\/100|[from] drain|[of] p2a: Garchomp\n|-damage|p1a: Ceruledge|59\/100|[from] ability: Rough Skin|[of] p2a: Garchomp\n|-damage|p1a: Ceruledge|42\/100|[from] item: Rocky Helmet|[of] p2a: Garchomp\n|move|p2a: Garchomp|Stealth Rock|p1a: Ceruledge\n|-sidestart|p1: MakeItGoodAgain|move: Stealth Rock\n|\n|upkeep\n|turn|9\n|\n|t:|1700461654\n|switch|p2a: Rotom|Rotom-Wash|100\/100\n|move|p1a: Ceruledge|Shadow Sneak|p2a: Rotom\n|-damage|p2a: Rotom|66\/100\n|\n|upkeep\n|turn|10\n|\n|t:|1700461663\n|move|p2a: Rotom|Volt Switch|p1a: Ceruledge\n|-resisted|p1a: Ceruledge\n|-damage|p1a: Ceruledge|27\/100\n|\n|t:|1700461670\n|switch|p2a: Charizard|Charizard, M|78\/100 par|[from] Volt Switch\n|move|p1a: Ceruledge|Poltergeist|p2a: Charizard|[miss]\n|-miss|p1a: Ceruledge|p2a: Charizard\n|\n|upkeep\n|turn|11\n|\n|t:|1700461680\n|move|p1a: Ceruledge|Bitter Blade|p2a: Charizard\n|-resisted|p2a: Charizard\n|-damage|p2a: Charizard|33\/100 par\n|-heal|p1a: Ceruledge|50\/100|[from] drain|[of] p2a: Charizard\n|move|p2a: Charizard|Acrobatics|p1a: Ceruledge\n|-supereffective|p1a: Ceruledge\n|-crit|p1a: Ceruledge\n|-damage|p1a: Ceruledge|0 fnt\n|faint|p1a: Ceruledge\n|\n|upkeep\n|\n|t:|1700461699\n|switch|p1a: Kingambit|Kingambit, F|100\/100\n|-damage|p1a: Kingambit|94\/100|[from] Stealth Rock\n|turn|12\n|\n|t:|1700461707\n|switch|p2a: Garchomp|Garchomp, F|21\/100\n|-activate|p2a: Garchomp|move: Sticky Web\n|-unboost|p2a: Garchomp|spe|1\n|move|p1a: Kingambit|Sucker Punch||[still]\n|-fail|p1a: Kingambit\n|\n|upkeep\n|turn|13\n|\n|t:|1700461716\n|move|p1a: Kingambit|Sucker Punch|p2a: Garchomp\n|-damage|p2a: Garchomp|0 fnt\n|-damage|p1a: Kingambit|82\/100|[from] ability: Rough Skin|[of] p2a: Garchomp\n|-damage|p1a: Kingambit|65\/100|[from] item: Rocky Helmet|[of] p2a: Garchomp\n|faint|p2a: Garchomp\n|\n|upkeep\n|\n|t:|1700461725\n|switch|p2a: Mamoswine|Mamoswine, M|100\/100\n|-activate|p2a: Mamoswine|move: Sticky Web\n|-unboost|p2a: Mamoswine|spe|1\n|turn|14\n|\n|t:|1700461735\n|switch|p1a: Ogerpon|Ogerpon-Wellspring, F|100\/100\n|-damage|p1a: Ogerpon|88\/100|[from] Stealth Rock\n|move|p2a: Mamoswine|Knock Off|p1a: Ogerpon\n|-damage|p1a: Ogerpon|44\/100\n|-damage|p2a: Mamoswine|91\/100|[from] item: Life Orb\n|\n|upkeep\n|turn|15\n|\n|t:|1700461750\n|switch|p2a: Rotom|Rotom-Wash|66\/100\n|move|p1a: Ogerpon|Ivy Cudgel|p2a: Rotom|[anim] Ivy Cudgel Water\n|-resisted|p2a: Rotom\n|-damage|p2a: Rotom|33\/100\n|\n|upkeep\n|turn|16\n|\n|t:|1700461762\n|switch|p1a: Kingambit|Kingambit, F|65\/100\n|-damage|p1a: Kingambit|59\/100|[from] Stealth Rock\n|move|p2a: Rotom|Will-O-Wisp|p1a: Kingambit\n|-status|p1a: Kingambit|brn\n|\n|-damage|p1a: Kingambit|53\/100 brn|[from] brn\n|upkeep\n|turn|17\n|\n|t:|1700461780\n|switch|p2a: Mamoswine|Mamoswine, M|91\/100\n|-activate|p2a: Mamoswine|move: Sticky Web\n|-unboost|p2a: Mamoswine|spe|1\n|move|p1a: Kingambit|Swords Dance|p1a: Kingambit\n|-boost|p1a: Kingambit|atk|2\n|\n|-damage|p1a: Kingambit|47\/100 brn|[from] brn\n|upkeep\n|turn|18\n|\n|t:|1700461804\n|move|p2a: Mamoswine|Earthquake|p1a: Kingambit\n|-supereffective|p1a: Kingambit\n|-damage|p1a: Kingambit|0 fnt\n|faint|p1a: Kingambit\n|-damage|p2a: Mamoswine|81\/100|[from] item: Life Orb\n|\n|upkeep\n|\n|t:|1700461812\n|switch|p1a: Iron Moth|Iron Moth|100\/100\n|-damage|p1a: Iron Moth|76\/100|[from] Stealth Rock\n|turn|19\n|\n|t:|1700461822\n|switch|p2a: Rotom|Rotom-Wash|33\/100\n|move|p1a: Iron Moth|Energy Ball|p2a: Rotom\n|-supereffective|p2a: Rotom\n|-damage|p2a: Rotom|0 fnt\n|faint|p2a: Rotom\n|\n|upkeep\n|\n|t:|1700461830\n|switch|p2a: Gardevoir|Gardevoir, M|100\/100\n|-activate|p2a: Gardevoir|move: Sticky Web\n|-unboost|p2a: Gardevoir|spe|1\n|turn|20\n|\n|t:|1700461840\n|-end|p1a: Iron Moth|Quark Drive|[silent]\n|switch|p1a: Gholdengo|Gholdengo|100\/100\n|-damage|p1a: Gholdengo|94\/100|[from] Stealth Rock\n|-terastallize|p2a: Gardevoir|Psychic\n|move|p2a: Gardevoir|Calm Mind|p2a: Gardevoir\n|-boost|p2a: Gardevoir|spa|1\n|-boost|p2a: Gardevoir|spd|1\n|\n|upkeep\n|turn|21\n|\n|t:|1700461858\n|move|p1a: Gholdengo|Shadow Ball|p2a: Gardevoir\n|-supereffective|p2a: Gardevoir\n|-crit|p2a: Gardevoir\n|-damage|p2a: Gardevoir|20\/100\n|move|p2a: Gardevoir|Wish|p2a: Gardevoir\n|\n|-heal|p2a: Gardevoir|26\/100|[from] item: Leftovers\n|upkeep\n|turn|22\n|\n|t:|1700461874\n|switch|p2a: Mamoswine|Mamoswine, M|81\/100\n|-activate|p2a: Mamoswine|move: Sticky Web\n|-unboost|p2a: Mamoswine|spe|1\n|move|p1a: Gholdengo|Shadow Ball|p2a: Mamoswine\n|-damage|p2a: Mamoswine|30\/100\n|-unboost|p2a: Mamoswine|spd|1\n|\n|-heal|p2a: Mamoswine|74\/100|[from] move: Wish|[wisher] Gardevoir\n|upkeep\n|turn|23\n|inactive|83833iueue has 120 seconds left.\n|\n|t:|1700461897\n|move|p1a: Gholdengo|Make It Rain|p2a: Mamoswine\n|-supereffective|p2a: Mamoswine\n|-damage|p2a: Mamoswine|0 fnt\n|-unboost|p1a: Gholdengo|spa|1\n|-enditem|p1a: Gholdengo|White Herb\n|-clearnegativeboost|p1a: Gholdengo|[silent]\n|faint|p2a: Mamoswine\n|\n|upkeep\n|inactive|83833iueue has 120 seconds left.\n|\n|t:|1700461907\n|switch|p2a: Charizard|Charizard, M|33\/100 par\n|turn|24\n|\n|t:|1700461911\n|move|p1a: Gholdengo|Thunderbolt|p2a: Charizard\n|-supereffective|p2a: Charizard\n|-damage|p2a: Charizard|0 fnt\n|faint|p2a: Charizard\n|\n|upkeep\n|\n|t:|1700461917\n|switch|p2a: Ogerpon|Ogerpon-Cornerstone, F|30\/100\n|-activate|p2a: Ogerpon|move: Sticky Web\n|-unboost|p2a: Ogerpon|spe|1\n|turn|25\n|inactive|83833iueue has 120 seconds left.\n|\n|t:|1700461941\n|move|p1a: Gholdengo|Shadow Ball|p2a: Ogerpon\n|-damage|p2a: Ogerpon|0 fnt\n|faint|p2a: Ogerpon\n|\n|upkeep\n|\n|t:|1700461949\n|switch|p2a: Gardevoir|Gardevoir, M, tera:Psychic|26\/100\n|-activate|p2a: Gardevoir|move: Sticky Web\n|-unboost|p2a: Gardevoir|spe|1\n|turn|26\n|\n|t:|1700461955\n|move|p1a: Gholdengo|Shadow Ball|p2a: Gardevoir\n|-supereffective|p2a: Gardevoir\n|-damage|p2a: Gardevoir|0 fnt\n|faint|p2a: Gardevoir\n|\n|win|MakeItGoodAgain\n|raw|MakeItGoodAgain's rating: 1065 &rarr; <strong>1090<\/strong><br \/>(+25 for winning)\n|raw|83833iueue's rating: 1000 &rarr; <strong>1000<\/strong><br \/>(+0 for losing)\n","uploadtime":1700461959,"views":13,"p1id":"makeitgoodagain","p2id":"83833iueue","formatid":"gen9ou","rating":1000,"private":0,"password":""}