{"id":"gen9ou-1992855437","p1":"Vizsla_falconer","p2":"thevinayak16","format":"[Gen 9] OU","log":"|j|\u2606Vizsla_falconer\n|j|\u2606thevinayak16\n|t:|1700241302\n|gametype|singles\n|player|p1|Vizsla_falconer|101|1304\n|player|p2|thevinayak16|101|1269\n|teamsize|p1|6\n|teamsize|p2|6\n|gen|9\n|tier|[Gen 9] OU\n|rated|\n|rule|Sleep Clause Mod: Limit one foe put to sleep\n|rule|Species Clause: Limit one of each Pok\u00e9mon\n|rule|OHKO Clause: OHKO moves are banned\n|rule|Evasion Items Clause: Evasion items are banned\n|rule|Evasion Moves Clause: Evasion moves are banned\n|rule|Endless Battle Clause: Forcing endless battles is banned\n|rule|HP Percentage Mod: HP is shown in percentages\n|clearpoke\n|poke|p1|Gholdengo|\n|poke|p1|Dragapult, M|\n|poke|p1|Mimikyu, F|\n|poke|p1|Skeledirge, M|\n|poke|p1|Weezing-Galar, F|\n|poke|p1|Basculegion, M|\n|poke|p2|Manaphy|\n|poke|p2|Kingambit, M|\n|poke|p2|Ribombee, M|\n|poke|p2|Gholdengo|\n|poke|p2|Iron Moth|\n|poke|p2|Ogerpon-Wellspring, F|\n|teampreview\n|inactive|Battle timer is ON: inactive players will automatically lose when time's up. (requested by thevinayak16)\n|\n|t:|1700241320\n|start\n|switch|p1a: Weezing|Weezing-Galar, F|100\/100\n|switch|p2a: Ribombee|Ribombee, M|100\/100\n|turn|1\n|\n|t:|1700241333\n|move|p2a: Ribombee|Sticky Web|p1a: Weezing\n|-sidestart|p1: Vizsla_falconer|move: Sticky Web\n|move|p1a: Weezing|Fire Blast|p2a: Ribombee\n|-supereffective|p2a: Ribombee\n|-damage|p2a: Ribombee|32\/100\n|\n|upkeep\n|turn|2\n|\n|t:|1700241354\n|switch|p2a: Manaphy|Manaphy|100\/100\n|move|p1a: Weezing|Defog|p2a: Manaphy\n|-unboost|p2a: Manaphy|evasion|1\n|-sideend|p1: Vizsla_falconer|Sticky Web|[from] move: Defog|[of] p1a: Weezing\n|\n|upkeep\n|turn|3\n|\n|t:|1700241367\n|switch|p1a: Dragapult|Dragapult, M|100\/100\n|move|p2a: Manaphy|Take Heart|p2a: Manaphy\n|-boost|p2a: Manaphy|spa|1\n|-boost|p2a: Manaphy|spd|1\n|\n|upkeep\n|turn|4\n|\n|t:|1700241375\n|move|p1a: Dragapult|Thunderbolt|p2a: Manaphy\n|-supereffective|p2a: Manaphy\n|-damage|p2a: Manaphy|57\/100\n|-damage|p1a: Dragapult|91\/100|[from] item: Life Orb\n|move|p2a: Manaphy|Acid Armor|p2a: Manaphy\n|-boost|p2a: Manaphy|def|2\n|\n|-heal|p2a: Manaphy|63\/100|[from] item: Leftovers\n|upkeep\n|turn|5\n|\n|t:|1700241385\n|-terastallize|p2a: Manaphy|Poison\n|move|p1a: Dragapult|Thunderbolt|p2a: Manaphy\n|-damage|p2a: Manaphy|39\/100\n|-damage|p1a: Dragapult|81\/100|[from] item: Life Orb\n|move|p2a: Manaphy|Take Heart|p2a: Manaphy\n|-boost|p2a: Manaphy|spa|1\n|-boost|p2a: Manaphy|spd|1\n|\n|-heal|p2a: Manaphy|45\/100|[from] item: Leftovers\n|upkeep\n|turn|6\n|\n|t:|1700241399\n|-terastallize|p1a: Dragapult|Dragon\n|move|p1a: Dragapult|Draco Meteor|p2a: Manaphy\n|-damage|p2a: Manaphy|0 fnt\n|-unboost|p1a: Dragapult|spa|2\n|faint|p2a: Manaphy\n|-damage|p1a: Dragapult|71\/100|[from] item: Life Orb\n|\n|upkeep\n|\n|t:|1700241409\n|switch|p2a: Kingambit|Kingambit, M|100\/100\n|-activate|p2a: Kingambit|ability: Supreme Overlord\n|-start|p2a: Kingambit|fallen1|[silent]\n|turn|7\n|\n|t:|1700241423\n|switch|p1a: Weezing|Weezing-Galar, F|100\/100\n|move|p2a: Kingambit|Sucker Punch||[still]\n|-fail|p2a: Kingambit\n|\n|upkeep\n|turn|8\n|\n|t:|1700241436\n|move|p2a: Kingambit|Swords Dance|p2a: Kingambit\n|-boost|p2a: Kingambit|atk|2\n|move|p1a: Weezing|Fire Blast|p2a: Kingambit\n|-supereffective|p2a: Kingambit\n|-damage|p2a: Kingambit|54\/100\n|\n|upkeep\n|turn|9\n|\n|t:|1700241461\n|switch|p1a: Skeledirge|Skeledirge, M|100\/100\n|move|p2a: Kingambit|Sucker Punch||[still]\n|-fail|p2a: Kingambit\n|\n|upkeep\n|turn|10\n|\n|t:|1700241476\n|move|p2a: Kingambit|Kowtow Cleave|p1a: Skeledirge\n|-supereffective|p1a: Skeledirge\n|-damage|p1a: Skeledirge|0 fnt\n|faint|p1a: Skeledirge\n|\n|upkeep\n|\n|t:|1700241483\n|switch|p1a: Mimikyu|Mimikyu, F|100\/100\n|turn|11\n|\n|t:|1700241489\n|move|p1a: Mimikyu|Drain Punch|p2a: Kingambit\n|-supereffective|p2a: Kingambit\n|-damage|p2a: Kingambit|0 fnt\n|faint|p2a: Kingambit\n|-end|p2a: Kingambit|fallen1|[silent]\n|-damage|p1a: Mimikyu|91\/100|[from] item: Life Orb\n|\n|upkeep\n|\n|t:|1700241496\n|switch|p2a: Ribombee|Ribombee, M|32\/100\n|turn|12\n|\n|t:|1700241512\n|move|p2a: Ribombee|Sticky Web|p1a: Mimikyu\n|-sidestart|p1: Vizsla_falconer|move: Sticky Web\n|move|p1a: Mimikyu|Swords Dance|p1a: Mimikyu\n|-boost|p1a: Mimikyu|atk|2\n|\n|upkeep\n|turn|13\n|\n|t:|1700241520\n|move|p2a: Ribombee|Stun Spore|p1a: Mimikyu\n|-status|p1a: Mimikyu|par\n|move|p1a: Mimikyu|Swords Dance|p1a: Mimikyu\n|-boost|p1a: Mimikyu|atk|2\n|\n|upkeep\n|turn|14\n|\n|t:|1700241527\n|move|p1a: Mimikyu|Shadow Sneak|p2a: Ribombee\n|-damage|p2a: Ribombee|0 fnt\n|faint|p2a: Ribombee\n|-damage|p1a: Mimikyu|81\/100 par|[from] item: Life Orb\n|\n|upkeep\n|\n|t:|1700241543\n|switch|p2a: Ogerpon|Ogerpon-Wellspring, F|100\/100\n|turn|15\n|l|\u2606Vizsla_falconer\n|inactive|Vizsla_falconer disconnected and has a minute to reconnect!\n|player|p1|\n|j|\u2606Vizsla_falconer\n|inactive|Vizsla_falconer reconnected and has 140 seconds left.\n|player|p1|Vizsla_falconer|101\n|\n|t:|1700241565\n|move|p2a: Ogerpon|Ivy Cudgel|p1a: Mimikyu|[anim] Ivy Cudgel Water\n|-activate|p1a: Mimikyu|ability: Disguise\n|-damage|p1a: Mimikyu|81\/100 par\n|detailschange|p1a: Mimikyu|Mimikyu-Busted, F\n|-damage|p1a: Mimikyu|68\/100 par|[from] pokemon: Mimikyu-Busted\n|move|p1a: Mimikyu|Play Rough|p2a: Ogerpon\n|-damage|p2a: Ogerpon|0 fnt\n|faint|p2a: Ogerpon\n|-damage|p1a: Mimikyu|58\/100 par|[from] item: Life Orb\n|\n|upkeep\n|\n|t:|1700241578\n|switch|p2a: Gholdengo|Gholdengo|100\/100\n|-item|p2a: Gholdengo|Air Balloon\n|turn|16\n|\n|t:|1700241593\n|move|p1a: Mimikyu|Shadow Sneak|p2a: Gholdengo\n|-supereffective|p2a: Gholdengo\n|-damage|p2a: Gholdengo|0 fnt\n|-enditem|p2a: Gholdengo|Air Balloon\n|faint|p2a: Gholdengo\n|-damage|p1a: Mimikyu|48\/100 par|[from] item: Life Orb\n|\n|upkeep\n|\n|t:|1700241599\n|switch|p2a: Iron Moth|Iron Moth|100\/100\n|-enditem|p2a: Iron Moth|Booster Energy\n|-activate|p2a: Iron Moth|ability: Quark Drive|[fromitem]\n|-start|p2a: Iron Moth|quarkdrivespe\n|turn|17\n|\n|t:|1700241605\n|move|p1a: Mimikyu|Shadow Sneak|p2a: Iron Moth\n|-damage|p2a: Iron Moth|0 fnt\n|faint|p2a: Iron Moth\n|-end|p2a: Iron Moth|Quark Drive|[silent]\n|-damage|p1a: Mimikyu|38\/100 par|[from] item: Life Orb\n|\n|win|Vizsla_falconer\n|raw|Vizsla_falconer's rating: 1304 &rarr; <strong>1322<\/strong><br \/>(+18 for winning)\n|raw|thevinayak16's rating: 1269 &rarr; <strong>1247<\/strong><br \/>(-22 for losing)\n|l|\u2606thevinayak16\n","uploadtime":1700241629,"views":25,"p1id":"vizslafalconer","p2id":"thevinayak16","formatid":"gen9ou","rating":1247,"private":0,"password":""}