{"id":"gen9ou-1999869674","p1":"Just luck and hax","p2":"chordoverstreet","format":"[Gen 9] OU","log":"|j|\u2606Just luck and hax\n|j|\u2606chordoverstreet\n|t:|1701124636\n|gametype|singles\n|player|p1|Just luck and hax|red-gen2|1442\n|player|p2|chordoverstreet|1|1377\n|teamsize|p1|6\n|teamsize|p2|6\n|gen|9\n|tier|[Gen 9] OU\n|rated|\n|rule|Sleep Clause Mod: Limit one foe put to sleep\n|rule|Species Clause: Limit one of each Pok\u00e9mon\n|rule|OHKO Clause: OHKO moves are banned\n|rule|Evasion Items Clause: Evasion items are banned\n|rule|Evasion Moves Clause: Evasion moves are banned\n|rule|Endless Battle Clause: Forcing endless battles is banned\n|rule|HP Percentage Mod: HP is shown in percentages\n|clearpoke\n|poke|p1|Amoonguss, M|\n|poke|p1|Corviknight, M|\n|poke|p1|Heatran, F|\n|poke|p1|Kingambit, M|\n|poke|p1|Ogerpon-Wellspring, F|\n|poke|p1|Iron Valiant|\n|poke|p2|Ting-Lu|\n|poke|p2|Rillaboom, M|\n|poke|p2|Samurott-Hisui, F|\n|poke|p2|Gholdengo|\n|poke|p2|Hatterene, F|\n|poke|p2|Great Tusk|\n|teampreview\n|\n|t:|1701124654\n|start\n|switch|p1a: Heatran|Heatran, F|100\/100\n|switch|p2a: Gholdengo|Gholdengo|100\/100\n|-item|p2a: Gholdengo|Air Balloon\n|turn|1\n|inactive|Battle timer is ON: inactive players will automatically lose when time's up. (requested by Just luck and hax)\n|\n|t:|1701124660\n|switch|p2a: Ting-Lu|Ting-Lu|100\/100\n|-ability|p2a: Ting-Lu|Vessel of Ruin\n|move|p1a: Heatran|Magma Storm|p2a: Ting-Lu\n|-damage|p2a: Ting-Lu|79\/100\n|-activate|p2a: Ting-Lu|move: Magma Storm|[of] p1a: Heatran\n|\n|-heal|p2a: Ting-Lu|85\/100|[from] item: Leftovers\n|-damage|p2a: Ting-Lu|73\/100|[from] move: Magma Storm|[partiallytrapped]\n|upkeep\n|turn|2\n|\n|t:|1701124673\n|switch|p1a: Corviknight|Corviknight, M|100\/100\n|-ability|p1a: Corviknight|Pressure\n|move|p2a: Ting-Lu|Earthquake|p1a: Corviknight\n|-immune|p1a: Corviknight\n|\n|-heal|p2a: Ting-Lu|79\/100|[from] item: Leftovers\n|-end|p2a: Ting-Lu|Magma Storm|[partiallytrapped]|[silent]\n|upkeep\n|turn|3\n|\n|t:|1701124684\n|move|p1a: Corviknight|U-turn|p2a: Ting-Lu\n|-supereffective|p2a: Ting-Lu\n|-damage|p2a: Ting-Lu|65\/100\n|inactive|Just luck and hax has 120 seconds left.\n|\n|t:|1701124736\n|switch|p1a: Amoonguss|Amoonguss, M|100\/100|[from] U-turn\n|move|p2a: Ting-Lu|Stealth Rock|p1a: Amoonguss\n|-sidestart|p1: Just luck and hax|move: Stealth Rock\n|\n|-heal|p2a: Ting-Lu|71\/100|[from] item: Leftovers\n|upkeep\n|turn|4\n|\n|t:|1701124757\n|switch|p2a: Gholdengo|Gholdengo|100\/100\n|-item|p2a: Gholdengo|Air Balloon\n|move|p1a: Amoonguss|Giga Drain|p2a: Gholdengo\n|-resisted|p2a: Gholdengo\n|-damage|p2a: Gholdengo|89\/100\n|-enditem|p2a: Gholdengo|Air Balloon\n|\n|upkeep\n|turn|5\n|\n|t:|1701124773\n|switch|p1a: Heatran|Heatran, F|100\/100\n|-damage|p1a: Heatran|88\/100|[from] Stealth Rock\n|move|p2a: Gholdengo|Shadow Ball|p1a: Heatran\n|-damage|p1a: Heatran|67\/100\n|\n|-heal|p1a: Heatran|73\/100|[from] item: Leftovers\n|upkeep\n|turn|6\n|inactive|chordoverstreet has 120 seconds left.\n|\n|t:|1701124792\n|switch|p2a: Samurott|Samurott-Hisui, F|100\/100\n|move|p1a: Heatran|Magma Storm|p2a: Samurott|[miss]\n|-miss|p1a: Heatran|p2a: Samurott\n|\n|-heal|p1a: Heatran|80\/100|[from] item: Leftovers\n|upkeep\n|turn|7\n|\n|t:|1701124799\n|switch|p1a: Corviknight|Corviknight, M|100\/100\n|-damage|p1a: Corviknight|88\/100|[from] Stealth Rock\n|-ability|p1a: Corviknight|Pressure\n|move|p2a: Samurott|Flip Turn|p1a: Corviknight\n|-damage|p1a: Corviknight|71\/100\n|-damage|p2a: Samurott|84\/100|[from] item: Rocky Helmet|[of] p1a: Corviknight\n|inactive|chordoverstreet has 120 seconds left.\n|\n|t:|1701124811\n|switch|p2a: Gholdengo|Gholdengo|89\/100|[from] Flip Turn\n|\n|upkeep\n|turn|8\n|inactive|Just luck and hax has 120 seconds left.\n|inactive|Just luck and hax has 90 seconds left.\n|\n|t:|1701124855\n|switch|p1a: Heatran|Heatran, F|80\/100\n|-damage|p1a: Heatran|67\/100|[from] Stealth Rock\n|move|p2a: Gholdengo|Shadow Ball|p1a: Heatran\n|-damage|p1a: Heatran|45\/100\n|\n|-heal|p1a: Heatran|52\/100|[from] item: Leftovers\n|upkeep\n|turn|9\n|inactive|chordoverstreet has 120 seconds left.\n|\n|t:|1701124894\n|switch|p2a: Ting-Lu|Ting-Lu|71\/100\n|-ability|p2a: Ting-Lu|Vessel of Ruin\n|move|p1a: Heatran|Magma Storm|p2a: Ting-Lu\n|-damage|p2a: Ting-Lu|52\/100\n|-activate|p2a: Ting-Lu|move: Magma Storm|[of] p1a: Heatran\n|\n|-heal|p1a: Heatran|58\/100|[from] item: Leftovers\n|-heal|p2a: Ting-Lu|58\/100|[from] item: Leftovers\n|-damage|p2a: Ting-Lu|45\/100|[from] move: Magma Storm|[partiallytrapped]\n|upkeep\n|turn|10\n|\n|t:|1701124908\n|switch|p1a: Corviknight|Corviknight, M|71\/100\n|-damage|p1a: Corviknight|58\/100|[from] Stealth Rock\n|-ability|p1a: Corviknight|Pressure\n|move|p2a: Ting-Lu|Whirlwind|p1a: Corviknight\n|drag|p1a: Kingambit|Kingambit, M|100\/100\n|-damage|p1a: Kingambit|94\/100|[from] Stealth Rock\n|\n|-heal|p1a: Kingambit|100\/100|[from] item: Leftovers\n|-heal|p2a: Ting-Lu|52\/100|[from] item: Leftovers\n|-end|p2a: Ting-Lu|Magma Storm|[partiallytrapped]|[silent]\n|upkeep\n|turn|11\n|inactive|chordoverstreet has 90 seconds left.\n|inactive|Just luck and hax has 90 seconds left.\n|\n|t:|1701124949\n|-end|p1a: Kingambit|fallenundefined|[silent]\n|switch|p1a: Corviknight|Corviknight, M|58\/100\n|-damage|p1a: Corviknight|46\/100|[from] Stealth Rock\n|-ability|p1a: Corviknight|Pressure\n|move|p2a: Ting-Lu|Earthquake|p1a: Corviknight\n|-immune|p1a: Corviknight\n|\n|-heal|p2a: Ting-Lu|58\/100|[from] item: Leftovers\n|upkeep\n|turn|12\n|\n|t:|1701124956\n|switch|p2a: Gholdengo|Gholdengo|89\/100\n|move|p1a: Corviknight|Defog|p2a: Gholdengo\n|-immune|p2a: Gholdengo|[from] ability: Good as Gold\n|\n|upkeep\n|turn|13\n|inactive|Just luck and hax has 90 seconds left.\n|\n|t:|1701124972\n|move|p2a: Gholdengo|Shadow Ball|p1a: Corviknight\n|-damage|p1a: Corviknight|14\/100\n|-unboost|p1a: Corviknight|spd|1\n|move|p1a: Corviknight|Roost|p1a: Corviknight\n|-heal|p1a: Corviknight|64\/100\n|-singleturn|p1a: Corviknight|move: Roost\n|\n|upkeep\n|turn|14\n|\n|t:|1701124979\n|switch|p1a: Heatran|Heatran, F|58\/100\n|-damage|p1a: Heatran|45\/100|[from] Stealth Rock\n|move|p2a: Gholdengo|Shadow Ball|p1a: Heatran\n|-damage|p1a: Heatran|23\/100\n|\n|-heal|p1a: Heatran|29\/100|[from] item: Leftovers\n|upkeep\n|turn|15\n|inactive|Just luck and hax has 90 seconds left.\n|\n|t:|1701125012\n|switch|p2a: Ting-Lu|Ting-Lu|58\/100\n|-ability|p2a: Ting-Lu|Vessel of Ruin\n|move|p1a: Heatran|Magma Storm|p2a: Ting-Lu\n|-damage|p2a: Ting-Lu|35\/100\n|-activate|p2a: Ting-Lu|move: Magma Storm|[of] p1a: Heatran\n|\n|-heal|p1a: Heatran|35\/100|[from] item: Leftovers\n|-heal|p2a: Ting-Lu|41\/100|[from] item: Leftovers\n|-damage|p2a: Ting-Lu|29\/100|[from] move: Magma Storm|[partiallytrapped]\n|upkeep\n|turn|16\n|\n|t:|1701125021\n|move|p1a: Heatran|Magma Storm|p2a: Ting-Lu\n|-damage|p2a: Ting-Lu|8\/100\n|move|p2a: Ting-Lu|Whirlwind|p1a: Heatran\n|drag|p1a: Kingambit|Kingambit, M|100\/100\n|-damage|p1a: Kingambit|94\/100|[from] Stealth Rock\n|\n|-heal|p1a: Kingambit|100\/100|[from] item: Leftovers\n|-heal|p2a: Ting-Lu|14\/100|[from] item: Leftovers\n|-end|p2a: Ting-Lu|Magma Storm|[partiallytrapped]|[silent]\n|upkeep\n|turn|17\n|inactive|Just luck and hax has 60 seconds left.\n|inactive|Just luck and hax has 30 seconds left.\n|\n|t:|1701125080\n|-end|p1a: Kingambit|fallenundefined|[silent]\n|switch|p1a: Corviknight|Corviknight, M|64\/100\n|-damage|p1a: Corviknight|52\/100|[from] Stealth Rock\n|-ability|p1a: Corviknight|Pressure\n|switch|p2a: Great Tusk|Great Tusk|100\/100\n|-enditem|p2a: Great Tusk|Booster Energy\n|-activate|p2a: Great Tusk|ability: Protosynthesis|[fromitem]\n|-start|p2a: Great Tusk|protosynthesisspe\n|\n|upkeep\n|turn|18\n|inactive|chordoverstreet has 120 seconds left.\n|\n|t:|1701125088\n|-end|p2a: Great Tusk|Protosynthesis|[silent]\n|switch|p2a: Gholdengo|Gholdengo|89\/100\n|move|p1a: Corviknight|Roost|p1a: Corviknight\n|-heal|p1a: Corviknight|100\/100\n|-singleturn|p1a: Corviknight|move: Roost\n|\n|upkeep\n|turn|19\n|\n|t:|1701125094\n|move|p2a: Gholdengo|Shadow Ball|p1a: Corviknight\n|-damage|p1a: Corviknight|67\/100\n|move|p1a: Corviknight|U-turn|p2a: Gholdengo\n|-resisted|p2a: Gholdengo\n|-damage|p2a: Gholdengo|86\/100\n|\n|t:|1701125106\n|switch|p1a: Ogerpon|Ogerpon-Wellspring, F|100\/100|[from] U-turn\n|-damage|p1a: Ogerpon|88\/100|[from] Stealth Rock\n|\n|upkeep\n|turn|20\n|\n|t:|1701125114\n|switch|p2a: Rillaboom|Rillaboom, M|100\/100\n|-fieldstart|move: Grassy Terrain|[from] ability: Grassy Surge|[of] p2a: Rillaboom\n|move|p1a: Ogerpon|Swords Dance|p1a: Ogerpon\n|-boost|p1a: Ogerpon|atk|2\n|\n|-heal|p1a: Ogerpon|94\/100|[from] Grassy Terrain\n|upkeep\n|turn|21\n|\n|t:|1701125129\n|move|p1a: Ogerpon|Power Whip|p2a: Rillaboom|[miss]\n|-miss|p1a: Ogerpon|p2a: Rillaboom\n|move|p2a: Rillaboom|Wood Hammer|p1a: Ogerpon\n|-damage|p1a: Ogerpon|0 fnt\n|faint|p1a: Ogerpon\n|-damage|p2a: Rillaboom|73\/100|[from] Recoil\n|\n|-heal|p2a: Rillaboom|79\/100|[from] Grassy Terrain\n|upkeep\n|\n|t:|1701125136\n|switch|p1a: Amoonguss|Amoonguss, M|100\/100\n|-damage|p1a: Amoonguss|88\/100|[from] Stealth Rock\n|turn|22\n|-message|Just luck and hax forfeited.\n|\n|win|chordoverstreet\n|raw|Just luck and hax's rating: 1465 &rarr; <strong>1440<\/strong><br \/>(-25 for losing)\n|raw|chordoverstreet's rating: 1377 &rarr; <strong>1402<\/strong><br \/>(+25 for winning)\n|l|\u2606Just luck and hax\n","uploadtime":1701125146,"views":5,"p1id":"justluckandhax","p2id":"chordoverstreet","formatid":"gen9ou","rating":1402,"private":0,"password":""}