{"id":"gen9ou-1996781411","p1":"AkiDes","p2":"lnmpg","format":"[Gen 9] OU","log":"|j|\u2606AkiDes\n|j|\u203dlnmpg\n|t:|1700724291\n|gametype|singles\n|player|p1|AkiDes|cilan|1189\n|player|p2|lnmpg|2|1179\n|teamsize|p1|6\n|teamsize|p2|6\n|gen|9\n|tier|[Gen 9] OU\n|rated|\n|rule|Sleep Clause Mod: Limit one foe put to sleep\n|rule|Species Clause: Limit one of each Pok\u00e9mon\n|rule|OHKO Clause: OHKO moves are banned\n|rule|Evasion Items Clause: Evasion items are banned\n|rule|Evasion Moves Clause: Evasion moves are banned\n|rule|Endless Battle Clause: Forcing endless battles is banned\n|rule|HP Percentage Mod: HP is shown in percentages\n|clearpoke\n|poke|p1|Greninja-*, F|\n|poke|p1|Dragonite, M|\n|poke|p1|Cinderace, M|\n|poke|p1|Mandibuzz, F|\n|poke|p1|Jolteon, F|\n|poke|p1|Gengar, M|\n|poke|p2|Thundurus-Therian, M|\n|poke|p2|Iron Moth|\n|poke|p2|Zamazenta-*|\n|poke|p2|Greninja-*, M|\n|poke|p2|Enamorus, F|\n|poke|p2|Iron Treads|\n|teampreview\n|inactive|Battle timer is ON: inactive players will automatically lose when time's up. (requested by lnmpg)\n|\n|t:|1700724314\n|start\n|switch|p1a: Chispin|Greninja, F, shiny|100\/100\n|switch|p2a: Iron Treads|Iron Treads|100\/100\n|-enditem|p2a: Iron Treads|Booster Energy\n|-activate|p2a: Iron Treads|ability: Quark Drive|[fromitem]\n|-start|p2a: Iron Treads|quarkdrivespe\n|turn|1\n|\n|t:|1700724324\n|move|p1a: Chispin|Hydro Pump|p2a: Iron Treads\n|-start|p1a: Chispin|typechange|Water|[from] ability: Protean\n|-supereffective|p2a: Iron Treads\n|-damage|p2a: Iron Treads|0 fnt\n|faint|p2a: Iron Treads\n|-end|p2a: Iron Treads|Quark Drive|[silent]\n|\n|upkeep\n|\n|t:|1700724336\n|switch|p2a: Thundurus|Thundurus-Therian, M|100\/100\n|turn|2\n|\n|t:|1700724355\n|switch|p1a: Jarcres|Jolteon, F|100\/100\n|move|p2a: Thundurus|Dark Pulse|p1a: Jarcres\n|-damage|p1a: Jarcres|39\/100\n|\n|upkeep\n|turn|3\n|\n|t:|1700724364\n|-terastallize|p1a: Jarcres|Ice\n|move|p1a: Jarcres|Tera Blast|p2a: Thundurus|[anim] Tera Blast Ice\n|-supereffective|p2a: Thundurus\n|-damage|p2a: Thundurus|0 fnt\n|faint|p2a: Thundurus\n|\n|upkeep\n|\n|t:|1700724369\n|switch|p2a: Iron Moth|Iron Moth|100\/100\n|-enditem|p2a: Iron Moth|Booster Energy\n|-activate|p2a: Iron Moth|ability: Quark Drive|[fromitem]\n|-start|p2a: Iron Moth|quarkdrivespe\n|turn|4\n|\n|t:|1700724376\n|move|p2a: Iron Moth|Fiery Dance|p1a: Jarcres\n|-supereffective|p1a: Jarcres\n|-damage|p1a: Jarcres|0 fnt\n|faint|p1a: Jarcres\n|\n|upkeep\n|\n|t:|1700724378\n|switch|p1a: Chispin|Greninja, F, shiny|100\/100\n|turn|5\n|\n|t:|1700724403\n|-terastallize|p2a: Iron Moth|Fairy\n|move|p1a: Chispin|Hydro Pump|p2a: Iron Moth\n|-start|p1a: Chispin|typechange|Water|[from] ability: Protean\n|-damage|p2a: Iron Moth|47\/100\n|move|p2a: Iron Moth|Dazzling Gleam|p1a: Chispin\n|-damage|p1a: Chispin|36\/100\n|\n|upkeep\n|turn|6\n|\n|t:|1700724425\n|move|p1a: Chispin|Hydro Pump|p2a: Iron Moth\n|-damage|p2a: Iron Moth|0 fnt\n|faint|p2a: Iron Moth\n|-end|p2a: Iron Moth|Quark Drive|[silent]\n|\n|upkeep\n|\n|t:|1700724429\n|switch|p2a: Enamorus|Enamorus, F|100\/100\n|turn|7\n|\n|t:|1700724441\n|switch|p1a: Festin celestial|Mandibuzz, F|100\/100\n|move|p2a: Enamorus|Moonblast|p1a: Festin celestial\n|-supereffective|p1a: Festin celestial\n|-damage|p1a: Festin celestial|15\/100\n|\n|upkeep\n|turn|8\n|\n|t:|1700724448\n|move|p2a: Enamorus|Moonblast|p1a: Festin celestial\n|-supereffective|p1a: Festin celestial\n|-damage|p1a: Festin celestial|0 fnt\n|faint|p1a: Festin celestial\n|\n|upkeep\n|\n|t:|1700724455\n|switch|p1a: Chispin|Greninja, F, shiny|36\/100\n|turn|9\n|\n|t:|1700724460\n|move|p1a: Chispin|Ice Beam|p2a: Enamorus\n|-start|p1a: Chispin|typechange|Ice|[from] ability: Protean\n|-supereffective|p2a: Enamorus\n|-damage|p2a: Enamorus|0 fnt\n|faint|p2a: Enamorus\n|\n|upkeep\n|\n|t:|1700724470\n|switch|p2a: Greninja|Greninja, M|100\/100\n|turn|10\n|\n|t:|1700724485\n|move|p1a: Chispin|Ice Beam|p2a: Greninja\n|-resisted|p2a: Greninja\n|-damage|p2a: Greninja|66\/100\n|move|p2a: Greninja|Surf|p1a: Chispin\n|-start|p2a: Greninja|typechange|Water|[from] ability: Protean\n|-damage|p1a: Chispin|0 fnt\n|faint|p1a: Chispin\n|\n|upkeep\n|\n|t:|1700724504\n|switch|p1a: SIUUUU|Cinderace, M|100\/100\n|turn|11\n|\n|t:|1700724510\n|move|p2a: Greninja|Surf|p1a: SIUUUU\n|-supereffective|p1a: SIUUUU\n|-damage|p1a: SIUUUU|13\/100\n|move|p1a: SIUUUU|High Jump Kick|p2a: Greninja\n|-start|p1a: SIUUUU|typechange|Fighting|[from] ability: Libero\n|-damage|p2a: Greninja|0 fnt\n|faint|p2a: Greninja\n|\n|upkeep\n|\n|t:|1700724517\n|switch|p2a: Zamazenta|Zamazenta|100\/100\n|-ability|p2a: Zamazenta|Dauntless Shield|boost\n|-boost|p2a: Zamazenta|def|1\n|turn|12\n|\n|t:|1700724530\n|move|p2a: Zamazenta|Stone Edge|p1a: SIUUUU\n|-resisted|p1a: SIUUUU\n|-damage|p1a: SIUUUU|0 fnt\n|faint|p1a: SIUUUU\n|\n|upkeep\n|\n|t:|1700724536\n|switch|p1a: Clefable? ._.|Gengar, M|100\/100\n|turn|13\n|\n|t:|1700724540\n|move|p2a: Zamazenta|Stone Edge|p1a: Clefable? ._.\n|-damage|p1a: Clefable? ._.|0 fnt\n|faint|p1a: Clefable? ._.\n|\n|upkeep\n|\n|t:|1700724547\n|switch|p1a: Cacahuate|Dragonite, M|100\/100\n|turn|14\n|\n|t:|1700724556\n|move|p2a: Zamazenta|Stone Edge|p1a: Cacahuate|[miss]\n|-miss|p2a: Zamazenta|p1a: Cacahuate\n|move|p1a: Cacahuate|Earthquake|p2a: Zamazenta\n|-damage|p2a: Zamazenta|78\/100\n|\n|upkeep\n|turn|15\n|\n|t:|1700724563\n|move|p2a: Zamazenta|Stone Edge|p1a: Cacahuate|[miss]\n|-miss|p2a: Zamazenta|p1a: Cacahuate\n|move|p1a: Cacahuate|Earthquake|p2a: Zamazenta\n|-damage|p2a: Zamazenta|52\/100\n|\n|upkeep\n|turn|16\n|\n|t:|1700724567\n|move|p2a: Zamazenta|Stone Edge|p1a: Cacahuate\n|-supereffective|p1a: Cacahuate\n|-damage|p1a: Cacahuate|45\/100\n|move|p1a: Cacahuate|Earthquake|p2a: Zamazenta\n|-damage|p2a: Zamazenta|27\/100\n|\n|upkeep\n|turn|17\n|\n|t:|1700724579\n|move|p1a: Cacahuate|Extreme Speed|p2a: Zamazenta\n|-damage|p2a: Zamazenta|7\/100\n|move|p2a: Zamazenta|Stone Edge|p1a: Cacahuate|[miss]\n|-miss|p2a: Zamazenta|p1a: Cacahuate\n|\n|upkeep\n|turn|18\n|\n|t:|1700724586\n|move|p1a: Cacahuate|Extreme Speed|p2a: Zamazenta\n|-damage|p2a: Zamazenta|0 fnt\n|faint|p2a: Zamazenta\n|\n|win|AkiDes\n|raw|AkiDes's rating: 1189 &rarr; <strong>1213<\/strong><br \/>(+24 for winning)\n|raw|lnmpg's rating: 1179 &rarr; <strong>1155<\/strong><br \/>(-24 for losing)\n","uploadtime":1700724594,"views":2,"p1id":"akides","p2id":"lnmpg","formatid":"gen9ou","rating":1155,"private":0,"password":""}