{"id":"gen9ou-1997310739","p1":"Mrcaffeine","p2":"quarters_ou","format":"[Gen 9] OU","log":"|j|\u2606Mrcaffeine\n|j|\u2606quarters_ou\n|t:|1700787810\n|gametype|singles\n|player|p1|Mrcaffeine|169|\n|player|p2|quarters_ou|1|\n|teamsize|p1|6\n|teamsize|p2|6\n|gen|9\n|tier|[Gen 9] OU\n|rule|Sleep Clause Mod: Limit one foe put to sleep\n|rule|Species Clause: Limit one of each Pok\u00e9mon\n|rule|OHKO Clause: OHKO moves are banned\n|rule|Evasion Items Clause: Evasion items are banned\n|rule|Evasion Moves Clause: Evasion moves are banned\n|rule|Endless Battle Clause: Forcing endless battles is banned\n|rule|HP Percentage Mod: HP is shown in percentages\n|clearpoke\n|poke|p1|Iron Valiant|\n|poke|p1|Gholdengo|\n|poke|p1|Dragonite, M|\n|poke|p1|Kingambit, M|\n|poke|p1|Dragapult, M|\n|poke|p1|Glimmora, M|\n|poke|p2|Torkoal, M|\n|poke|p2|Dragapult, M|\n|poke|p2|Armarouge, F|\n|poke|p2|Walking Wake|\n|poke|p2|Indeedee-F, F|\n|poke|p2|Gholdengo|\n|teampreview\n|\n|t:|1700787840\n|start\n|switch|p1a: Dragapult|Dragapult, M, shiny|100\/100\n|switch|p2a: Dragapult|Dragapult, M|100\/100\n|turn|1\n|\n|t:|1700787851\n|-terastallize|p2a: Dragapult|Dragon\n|move|p1a: Dragapult|Thunder Wave|p2a: Dragapult\n|-status|p2a: Dragapult|par\n|move|p2a: Dragapult|Dragon Darts|p1a: Dragapult\n|-supereffective|p1a: Dragapult\n|-damage|p1a: Dragapult|0 fnt\n|faint|p1a: Dragapult\n|\n|upkeep\n|\n|t:|1700787869\n|switch|p1a: Dragonite|Dragonite, M, shiny|100\/100\n|turn|2\n|\n|t:|1700787891\n|switch|p1a: Glimmora|Glimmora, M|100\/100\n|move|p2a: Dragapult|Dragon Darts|p1a: Glimmora\n|-damage|p1a: Glimmora|37\/100\n|-activate|p1a: Glimmora|ability: Toxic Debris\n|-sidestart|p2: quarters_ou|move: Toxic Spikes\n|-anim|p2a: Dragapult|Dragon Darts|p1a: Glimmora\n|-damage|p1a: Glimmora|0 fnt\n|-activate|p1a: Glimmora|ability: Toxic Debris\n|-sidestart|p2: quarters_ou|move: Toxic Spikes\n|faint|p1a: Glimmora\n|\n|upkeep\n|\n|t:|1700787898\n|switch|p1a: Kingambit|Kingambit, M|100\/100\n|-activate|p1a: Kingambit|ability: Supreme Overlord\n|-start|p1a: Kingambit|fallen2|[silent]\n|turn|3\n|\n|t:|1700787903\n|switch|p2a: Torkoal|Torkoal, M|100\/100\n|-status|p2a: Torkoal|tox\n|-weather|SunnyDay|[from] ability: Drought|[of] p2a: Torkoal\n|move|p1a: Kingambit|Swords Dance|p1a: Kingambit\n|-boost|p1a: Kingambit|atk|2\n|\n|-weather|SunnyDay|[upkeep]\n|-damage|p2a: Torkoal|94\/100 tox|[from] psn\n|upkeep\n|turn|4\n|\n|t:|1700787923\n|-terastallize|p1a: Kingambit|Flying\n|move|p1a: Kingambit|Kowtow Cleave|p2a: Torkoal\n|-damage|p2a: Torkoal|29\/100 tox\n|move|p2a: Torkoal|Lava Plume|p1a: Kingambit\n|-damage|p1a: Kingambit|63\/100\n|-status|p1a: Kingambit|brn\n|\n|-weather|SunnyDay|[upkeep]\n|-heal|p1a: Kingambit|69\/100 brn|[from] item: Leftovers\n|-damage|p2a: Torkoal|16\/100 tox|[from] psn\n|-damage|p1a: Kingambit|63\/100 brn|[from] brn\n|upkeep\n|turn|5\n|\n|t:|1700787931\n|move|p1a: Kingambit|Kowtow Cleave|p2a: Torkoal\n|-damage|p2a: Torkoal|0 fnt\n|faint|p2a: Torkoal\n|\n|-weather|SunnyDay|[upkeep]\n|-heal|p1a: Kingambit|69\/100 brn|[from] item: Leftovers\n|-damage|p1a: Kingambit|63\/100 brn|[from] brn\n|upkeep\n|\n|t:|1700787942\n|switch|p2a: Dragapult|Dragapult, M, tera:Dragon|100\/100 par\n|turn|6\n|\n|t:|1700787949\n|move|p1a: Kingambit|Sucker Punch|p2a: Dragapult\n|-damage|p2a: Dragapult|37\/100 par\n|cant|p2a: Dragapult|par\n|\n|-weather|SunnyDay|[upkeep]\n|-heal|p1a: Kingambit|69\/100 brn|[from] item: Leftovers\n|-damage|p1a: Kingambit|63\/100 brn|[from] brn\n|upkeep\n|turn|7\n|\n|t:|1700787968\n|move|p2a: Dragapult|Sucker Punch|p1a: Kingambit\n|-crit|p1a: Kingambit\n|-damage|p1a: Kingambit|23\/100 brn\n|move|p1a: Kingambit|Kowtow Cleave|p2a: Dragapult\n|-damage|p2a: Dragapult|0 fnt\n|faint|p2a: Dragapult\n|\n|-weather|SunnyDay|[upkeep]\n|-heal|p1a: Kingambit|29\/100 brn|[from] item: Leftovers\n|-damage|p1a: Kingambit|23\/100 brn|[from] brn\n|upkeep\n|\n|t:|1700787976\n|switch|p2a: Indeedee|Indeedee-F, F|100\/100\n|-status|p2a: Indeedee|tox\n|-fieldstart|move: Psychic Terrain|[from] ability: Psychic Surge|[of] p2a: Indeedee\n|turn|8\n|\n|t:|1700787985\n|move|p2a: Indeedee|Psychic|p1a: Kingambit\n|-damage|p1a: Kingambit|0 fnt\n|faint|p1a: Kingambit\n|-end|p1a: Kingambit|fallen2|[silent]\n|\n|-weather|SunnyDay|[upkeep]\n|-damage|p2a: Indeedee|94\/100 tox|[from] psn\n|upkeep\n|\n|t:|1700788002\n|switch|p1a: Dragonite|Dragonite, M, shiny|100\/100\n|turn|9\n|\n|t:|1700788008\n|move|p2a: Indeedee|Psychic|p1a: Dragonite\n|-damage|p1a: Dragonite|78\/100\n|move|p1a: Dragonite|Dragon Dance|p1a: Dragonite\n|-boost|p1a: Dragonite|atk|1\n|-boost|p1a: Dragonite|spe|1\n|\n|-weather|SunnyDay|[upkeep]\n|-damage|p2a: Indeedee|82\/100 tox|[from] psn\n|upkeep\n|turn|10\n|\n|t:|1700788031\n|move|p1a: Dragonite|Extreme Speed|p2a: Indeedee\n|-activate|p2a: Indeedee|move: Psychic Terrain\n|move|p2a: Indeedee|Psychic|p1a: Dragonite\n|-damage|p1a: Dragonite|30\/100\n|-unboost|p1a: Dragonite|spd|1\n|\n|-weather|none\n|-damage|p2a: Indeedee|64\/100 tox|[from] psn\n|upkeep\n|turn|11\n|\n|t:|1700788047\n|move|p1a: Dragonite|Roost|p1a: Dragonite\n|-heal|p1a: Dragonite|80\/100\n|-singleturn|p1a: Dragonite|move: Roost\n|move|p2a: Indeedee|Psychic|p1a: Dragonite\n|-damage|p1a: Dragonite|7\/100\n|\n|-damage|p2a: Indeedee|40\/100 tox|[from] psn\n|upkeep\n|turn|12\n|\n|t:|1700788056\n|move|p1a: Dragonite|Fire Punch|p2a: Indeedee\n|-damage|p2a: Indeedee|0 fnt\n|faint|p2a: Indeedee\n|\n|-fieldend|move: Psychic Terrain\n|upkeep\n|\n|t:|1700788059\n|switch|p2a: Gholdengo|Gholdengo|100\/100\n|turn|13\n|\n|t:|1700788065\n|move|p1a: Dragonite|Roost|p1a: Dragonite\n|-heal|p1a: Dragonite|57\/100\n|-singleturn|p1a: Dragonite|move: Roost\n|move|p2a: Gholdengo|Shadow Ball|p1a: Dragonite\n|-damage|p1a: Dragonite|0 fnt\n|faint|p1a: Dragonite\n|\n|upkeep\n|\n|t:|1700788073\n|switch|p1a: Gholdengo|Gholdengo|100\/100\n|-item|p1a: Gholdengo|Air Balloon\n|turn|14\n|\n|t:|1700788083\n|switch|p2a: Walking Wake|Walking Wake|100\/100\n|-status|p2a: Walking Wake|tox\n|move|p1a: Gholdengo|Shadow Ball|p2a: Walking Wake\n|-damage|p2a: Walking Wake|41\/100 tox\n|\n|-damage|p2a: Walking Wake|35\/100 tox|[from] psn\n|upkeep\n|turn|15\n|\n|t:|1700788089\n|move|p2a: Walking Wake|Flamethrower|p1a: Gholdengo\n|-supereffective|p1a: Gholdengo\n|-damage|p1a: Gholdengo|3\/100\n|-enditem|p1a: Gholdengo|Air Balloon\n|move|p1a: Gholdengo|Shadow Ball|p2a: Walking Wake\n|-damage|p2a: Walking Wake|0 fnt\n|faint|p2a: Walking Wake\n|-end|p2a: Walking Wake|Protosynthesis|[silent]\n|\n|upkeep\n|\n|t:|1700788093\n|switch|p2a: Armarouge|Armarouge, F|100\/100\n|-status|p2a: Armarouge|tox\n|turn|16\n|\n|t:|1700788109\n|move|p2a: Armarouge|Armor Cannon|p1a: Gholdengo\n|-supereffective|p1a: Gholdengo\n|-damage|p1a: Gholdengo|0 fnt\n|-unboost|p2a: Armarouge|def|1\n|-unboost|p2a: Armarouge|spd|1\n|faint|p1a: Gholdengo\n|\n|-damage|p2a: Armarouge|94\/100 tox|[from] psn\n|upkeep\n|\n|t:|1700788116\n|switch|p1a: Iron Valiant|Iron Valiant|100\/100\n|-enditem|p1a: Iron Valiant|Booster Energy\n|-activate|p1a: Iron Valiant|ability: Quark Drive|[fromitem]\n|-start|p1a: Iron Valiant|quarkdrivespe\n|turn|17\n|\n|t:|1700788135\n|move|p1a: Iron Valiant|Shadow Ball|p2a: Armarouge\n|-supereffective|p2a: Armarouge\n|-damage|p2a: Armarouge|0 fnt\n|faint|p2a: Armarouge\n|\n|upkeep\n|\n|t:|1700788137\n|switch|p2a: Gholdengo|Gholdengo|100\/100\n|turn|18\n|\n|t:|1700788143\n|move|p1a: Iron Valiant|Shadow Ball|p2a: Gholdengo\n|-supereffective|p2a: Gholdengo\n|-damage|p2a: Gholdengo|44\/100\n|move|p2a: Gholdengo|Make It Rain|p1a: Iron Valiant\n|-supereffective|p1a: Iron Valiant\n|-damage|p1a: Iron Valiant|0 fnt\n|-unboost|p2a: Gholdengo|spa|1\n|faint|p1a: Iron Valiant\n|-end|p1a: Iron Valiant|Quark Drive|[silent]\n|\n|win|quarters_ou\n","uploadtime":1700788146,"views":13,"p1id":"mrcaffeine","p2id":"quartersou","formatid":"gen9ou","rating":0,"private":0,"password":""}