{"id":"gen9ou-1992762678","p1":"Lenoxum","p2":"volcaronaisboss","format":"[Gen 9] OU","log":"|j|\u2606Lenoxum\n|j|\u2606volcaronaisboss\n|inactive|Battle timer is ON: inactive players will automatically lose when time's up.\n|t:|1700233214\n|gametype|singles\n|player|p1|Lenoxum|turo-ai|\n|player|p2|volcaronaisboss|alder|\n|teamsize|p1|3\n|teamsize|p2|3\n|gen|9\n|tier|[Gen 9] OU\n|rated|Tournament battle\n|rule|Sleep Clause Mod: Limit one foe put to sleep\n|rule|Species Clause: Limit one of each Pok\u00e9mon\n|rule|OHKO Clause: OHKO moves are banned\n|rule|Evasion Items Clause: Evasion items are banned\n|rule|Evasion Moves Clause: Evasion moves are banned\n|rule|Endless Battle Clause: Forcing endless battles is banned\n|rule|HP Percentage Mod: HP is shown in percentages\n|clearpoke\n|poke|p1|Gholdengo|\n|poke|p1|Polteageist-Antique|\n|poke|p1|Grotle, M|\n|poke|p2|Magneton|\n|poke|p2|Pawmot, M|\n|poke|p2|Zweilous, M|\n|teampreview\n|j|*Lady Monita \u2746\n|inactive|volcaronaisboss also wants the timer to be on.\n|c|\u2606volcaronaisboss|i see\n|\n|t:|1700233241\n|start\n|switch|p1a: Gholdengo|Gholdengo, shiny|100\/100\n|switch|p2a: Pawmot|Pawmot, M|100\/100\n|turn|1\n|\n|t:|1700233249\n|move|p2a: Pawmot|Knock Off|p1a: Gholdengo\n|-supereffective|p1a: Gholdengo\n|-damage|p1a: Gholdengo|35\/100\n|-enditem|p1a: Gholdengo|Choice Specs|[from] move: Knock Off|[of] p2a: Pawmot\n|move|p1a: Gholdengo|Shadow Ball|p2a: Pawmot\n|-damage|p2a: Pawmot|25\/100\n|\n|upkeep\n|turn|2\n|\n|t:|1700233257\n|move|p2a: Pawmot|Knock Off|p1a: Gholdengo\n|-supereffective|p1a: Gholdengo\n|-damage|p1a: Gholdengo|0 fnt\n|faint|p1a: Gholdengo\n|\n|upkeep\n|\n|t:|1700233261\n|switch|p1a: Grotle|Grotle, M, shiny|100\/100\n|turn|3\n|\n|t:|1700233280\n|switch|p2a: Magneton|Magneton|100\/100\n|move|p1a: Grotle|Shell Smash|p1a: Grotle\n|-unboost|p1a: Grotle|def|1\n|-unboost|p1a: Grotle|spd|1\n|-boost|p1a: Grotle|atk|2\n|-boost|p1a: Grotle|spa|2\n|-boost|p1a: Grotle|spe|2\n|\n|upkeep\n|turn|4\n|\n|t:|1700233297\n|-terastallize|p1a: Grotle|Steel\n|-terastallize|p2a: Magneton|Ice\n|move|p1a: Grotle|Crunch|p2a: Magneton\n|-damage|p2a: Magneton|49\/100\n|move|p2a: Magneton|Tera Blast|p1a: Grotle|[anim] Tera Blast Ice\n|-resisted|p1a: Grotle\n|-damage|p1a: Grotle|53\/100\n|\n|upkeep\n|turn|5\n|\n|t:|1700233308\n|move|p1a: Grotle|Iron Head|p2a: Magneton\n|-supereffective|p2a: Magneton\n|-damage|p2a: Magneton|0 fnt\n|faint|p2a: Magneton\n|\n|upkeep\n|c|\u2606volcaronaisboss|valid\n|\n|t:|1700233312\n|switch|p2a: Zweilous|Zweilous, M|100\/100\n|turn|6\n|c|\u2606Lenoxum|hehehe\n|\n|t:|1700233318\n|move|p1a: Grotle|Iron Head|p2a: Zweilous\n|-damage|p2a: Zweilous|0 fnt\n|faint|p2a: Zweilous\n|\n|upkeep\n|c|\u2606volcaronaisboss|yea ggs\n|\n|t:|1700233325\n|switch|p2a: Pawmot|Pawmot, M|25\/100\n|turn|7\n|c|\u2606Lenoxum|gg\n|\n|t:|1700233335\n|move|p2a: Pawmot|Knock Off|p1a: Grotle\n|-damage|p1a: Grotle|9\/100\n|-enditem|p1a: Grotle|Eviolite|[from] move: Knock Off|[of] p2a: Pawmot\n|move|p1a: Grotle|Seed Bomb|p2a: Pawmot\n|-damage|p2a: Pawmot|0 fnt\n|faint|p2a: Pawmot\n|\n|win|Lenoxum\n|n|\u2606Lenoxum|lenoxum\n|n|\u2606volcaronaisboss|volcaronaisboss\n|n|*Lady Monita \u2746|ladymonita\n","uploadtime":1700233336,"views":8,"p1id":"lenoxum","p2id":"volcaronaisboss","formatid":"gen9ou","rating":0,"private":0,"password":""}