{"id":"gen9ou-1989746517","p1":"genesis7","p2":"COALLA123456789","format":"[Gen 9] OU","log":"|j|\u2606genesis7\n|j|\u2606COALLA123456789\n|t:|1699892242\n|gametype|singles\n|player|p1|genesis7|#ssdleviathans|1733\n|player|p2|COALLA123456789|benga|1715\n|teamsize|p1|6\n|teamsize|p2|6\n|gen|9\n|tier|[Gen 9] OU\n|rated|\n|rule|Sleep Clause Mod: Limit one foe put to sleep\n|rule|Species Clause: Limit one of each Pok\u00e9mon\n|rule|OHKO Clause: OHKO moves are banned\n|rule|Evasion Items Clause: Evasion items are banned\n|rule|Evasion Moves Clause: Evasion moves are banned\n|rule|Endless Battle Clause: Forcing endless battles is banned\n|rule|HP Percentage Mod: HP is shown in percentages\n|clearpoke\n|poke|p1|Sneasler, F|\n|poke|p1|Landorus-Therian, M|\n|poke|p1|Ribombee, M|\n|poke|p1|Manaphy|\n|poke|p1|Gholdengo|\n|poke|p1|Greninja-*, M|\n|poke|p2|Zamazenta-*|\n|poke|p2|Ting-Lu|\n|poke|p2|Moltres|\n|poke|p2|Gholdengo|\n|poke|p2|Clefable, F|\n|poke|p2|Ogerpon-Wellspring, F|\n|teampreview\n|inactive|Battle timer is ON: inactive players will automatically lose when time's up. (requested by COALLA123456789)\n|inactive|genesis7 has 120 seconds left.\n|inactive|COALLA123456789 has 120 seconds left.\n|\n|t:|1699892293\n|start\n|switch|p1a: Ribombee|Ribombee, M|100\/100\n|switch|p2a: Ting-Lu|Ting-Lu|100\/100\n|-ability|p2a: Ting-Lu|Vessel of Ruin\n|turn|1\n|\n|t:|1699892300\n|move|p1a: Ribombee|Sticky Web|p2a: Ting-Lu\n|-sidestart|p2: COALLA123456789|move: Sticky Web\n|move|p2a: Ting-Lu|Spikes|p1a: Ribombee\n|-sidestart|p1: genesis7|Spikes\n|\n|upkeep\n|turn|2\n|\n|t:|1699892308\n|move|p1a: Ribombee|Moonblast|p2a: Ting-Lu\n|-supereffective|p2a: Ting-Lu\n|-damage|p2a: Ting-Lu|67\/100\n|move|p2a: Ting-Lu|Ruination|p1a: Ribombee|[miss]\n|-miss|p2a: Ting-Lu|p1a: Ribombee\n|\n|-heal|p2a: Ting-Lu|73\/100|[from] item: Leftovers\n|upkeep\n|turn|3\n|\n|t:|1699892322\n|switch|p2a: Gholdengo|Gholdengo|100\/100\n|-activate|p2a: Gholdengo|move: Sticky Web\n|-unboost|p2a: Gholdengo|spe|1\n|move|p1a: Ribombee|Moonblast|p2a: Gholdengo\n|-resisted|p2a: Gholdengo\n|-damage|p2a: Gholdengo|79\/100\n|\n|upkeep\n|turn|4\n|j| RedSkyAtNight\n|\n|t:|1699892331\n|switch|p1a: Greninja|Greninja, M|100\/100\n|-damage|p1a: Greninja|88\/100|[from] Spikes\n|move|p2a: Gholdengo|Shadow Ball|p1a: Greninja\n|-resisted|p1a: Greninja\n|-damage|p1a: Greninja|30\/100\n|\n|upkeep\n|turn|5\n|l| RedSkyAtNight\n|\n|t:|1699892342\n|move|p1a: Greninja|Surf|p2a: Gholdengo\n|-damage|p2a: Gholdengo|7\/100\n|-damage|p1a: Greninja|20\/100|[from] item: Life Orb\n|move|p2a: Gholdengo|Shadow Ball|p1a: Greninja\n|-resisted|p1a: Greninja\n|-damage|p1a: Greninja|0 fnt\n|faint|p1a: Greninja\n|\n|upkeep\n|\n|t:|1699892352\n|switch|p1a: Manaphy|Manaphy|100\/100\n|-damage|p1a: Manaphy|88\/100|[from] Spikes\n|turn|6\n|\n|t:|1699892366\n|switch|p2a: Ogerpon|Ogerpon-Wellspring, F|100\/100\n|-activate|p2a: Ogerpon|move: Sticky Web\n|-unboost|p2a: Ogerpon|spe|1\n|move|p1a: Manaphy|Energy Ball|p2a: Ogerpon\n|-damage|p2a: Ogerpon|66\/100\n|\n|upkeep\n|turn|7\n|\n|t:|1699892379\n|switch|p1a: Ribombee|Ribombee, M|100\/100\n|-damage|p1a: Ribombee|88\/100|[from] Spikes\n|move|p2a: Ogerpon|Horn Leech|p1a: Ribombee\n|-resisted|p1a: Ribombee\n|-damage|p1a: Ribombee|42\/100\n|-heal|p2a: Ogerpon|86\/100|[from] drain|[of] p1a: Ribombee\n|\n|upkeep\n|turn|8\n|j| lgang007\n|j| Zuppalover04\n|\n|t:|1699892397\n|switch|p2a: Ting-Lu|Ting-Lu|73\/100\n|-activate|p2a: Ting-Lu|move: Sticky Web\n|-unboost|p2a: Ting-Lu|spe|1\n|-ability|p2a: Ting-Lu|Vessel of Ruin\n|move|p1a: Ribombee|Bug Buzz|p2a: Ting-Lu\n|-supereffective|p2a: Ting-Lu\n|-damage|p2a: Ting-Lu|39\/100\n|\n|-heal|p2a: Ting-Lu|45\/100|[from] item: Leftovers\n|upkeep\n|turn|9\n|\n|t:|1699892415\n|move|p1a: Ribombee|Moonblast|p2a: Ting-Lu\n|-supereffective|p2a: Ting-Lu\n|-damage|p2a: Ting-Lu|10\/100\n|move|p2a: Ting-Lu|Spikes|p1a: Ribombee\n|-sidestart|p1: genesis7|Spikes\n|\n|-heal|p2a: Ting-Lu|16\/100|[from] item: Leftovers\n|upkeep\n|turn|10\n|\n|t:|1699892427\n|switch|p2a: Moltres|Moltres|100\/100\n|move|p1a: Ribombee|Moonblast|p2a: Moltres\n|-resisted|p2a: Moltres\n|-damage|p2a: Moltres|79\/100\n|-unboost|p2a: Moltres|spa|1\n|\n|upkeep\n|turn|11\n|\n|t:|1699892437\n|move|p1a: Ribombee|Stun Spore|p2a: Moltres\n|-status|p2a: Moltres|par\n|move|p2a: Moltres|Will-O-Wisp|p1a: Ribombee\n|-status|p1a: Ribombee|brn\n|\n|-damage|p1a: Ribombee|36\/100 brn|[from] brn\n|upkeep\n|turn|12\n|\n|t:|1699892445\n|switch|p1a: Manaphy|Manaphy|88\/100\n|-damage|p1a: Manaphy|72\/100|[from] Spikes\n|move|p2a: Moltres|Roost|p2a: Moltres\n|-heal|p2a: Moltres|100\/100 par\n|-singleturn|p2a: Moltres|move: Roost\n|\n|upkeep\n|turn|13\n|\n|t:|1699892454\n|switch|p2a: Gholdengo|Gholdengo|7\/100\n|-activate|p2a: Gholdengo|move: Sticky Web\n|-unboost|p2a: Gholdengo|spe|1\n|move|p1a: Manaphy|Tail Glow|p1a: Manaphy\n|-boost|p1a: Manaphy|spa|3\n|\n|upkeep\n|turn|14\n|\n|t:|1699892462\n|move|p1a: Manaphy|Energy Ball|p2a: Gholdengo\n|-resisted|p2a: Gholdengo\n|-damage|p2a: Gholdengo|0 fnt\n|faint|p2a: Gholdengo\n|\n|upkeep\n|\n|t:|1699892470\n|switch|p2a: Clefable|Clefable, F|100\/100\n|-activate|p2a: Clefable|move: Sticky Web\n|-unboost|p2a: Clefable|spe|1\n|turn|15\n|\n|t:|1699892479\n|switch|p1a: Landorus|Landorus-Therian, M|100\/100\n|-ability|p1a: Landorus|Intimidate|boost\n|-unboost|p2a: Clefable|atk|1\n|move|p2a: Clefable|Moonblast|p1a: Landorus\n|-damage|p1a: Landorus|64\/100\n|-unboost|p1a: Landorus|spa|1\n|\n|upkeep\n|turn|16\n|\n|t:|1699892495\n|-terastallize|p1a: Landorus|Flying\n|move|p1a: Landorus|Tera Blast|p2a: Clefable|[anim] Tera Blast Flying\n|-damage|p2a: Clefable|23\/100\n|move|p2a: Clefable|Stealth Rock|p1a: Landorus\n|-sidestart|p1: genesis7|move: Stealth Rock\n|\n|-heal|p2a: Clefable|29\/100|[from] item: Leftovers\n|upkeep\n|turn|17\n|\n|t:|1699892505\n|switch|p2a: Ting-Lu|Ting-Lu|16\/100\n|-activate|p2a: Ting-Lu|move: Sticky Web\n|-unboost|p2a: Ting-Lu|spe|1\n|-ability|p2a: Ting-Lu|Vessel of Ruin\n|move|p1a: Landorus|Tera Blast|p2a: Ting-Lu|[anim] Tera Blast Flying\n|-damage|p2a: Ting-Lu|0 fnt\n|faint|p2a: Ting-Lu\n|\n|upkeep\n|\n|t:|1699892510\n|switch|p2a: Moltres|Moltres|100\/100 par\n|turn|18\n|\n|t:|1699892524\n|move|p1a: Landorus|Tera Blast|p2a: Moltres|[anim] Tera Blast Flying\n|-crit|p2a: Moltres\n|-damage|p2a: Moltres|0 fnt\n|faint|p2a: Moltres\n|\n|upkeep\n|\n|t:|1699892532\n|switch|p2a: Zamazenta|Zamazenta|100\/100\n|-ability|p2a: Zamazenta|Dauntless Shield|boost\n|-boost|p2a: Zamazenta|def|1\n|turn|19\n|\n|t:|1699892535\n|-terastallize|p2a: Zamazenta|Steel\n|move|p2a: Zamazenta|Stone Edge|p1a: Landorus\n|-supereffective|p1a: Landorus\n|-damage|p1a: Landorus|0 fnt\n|faint|p1a: Landorus\n|\n|upkeep\n|\n|t:|1699892548\n|switch|p1a: Kuzko|Gholdengo|100\/100\n|-damage|p1a: Kuzko|94\/100|[from] Stealth Rock\n|-item|p1a: Kuzko|Air Balloon\n|turn|20\n|\n|t:|1699892555\n|move|p2a: Zamazenta|Crunch|p1a: Kuzko\n|-supereffective|p1a: Kuzko\n|-damage|p1a: Kuzko|48\/100\n|-enditem|p1a: Kuzko|Air Balloon\n|move|p1a: Kuzko|Nasty Plot|p1a: Kuzko\n|-boost|p1a: Kuzko|spa|2\n|\n|upkeep\n|turn|21\n|\n|t:|1699892562\n|move|p2a: Zamazenta|Crunch|p1a: Kuzko\n|-supereffective|p1a: Kuzko\n|-damage|p1a: Kuzko|0 fnt\n|faint|p1a: Kuzko\n|\n|upkeep\n|\n|t:|1699892570\n|switch|p1a: Sneasler|Sneasler, F|100\/100\n|-damage|p1a: Sneasler|84\/100|[from] Spikes\n|-damage|p1a: Sneasler|78\/100|[from] Stealth Rock\n|turn|22\n|\n|t:|1699892591\n|move|p1a: Sneasler|Fake Out|p2a: Zamazenta\n|-resisted|p2a: Zamazenta\n|-damage|p2a: Zamazenta|96\/100\n|cant|p2a: Zamazenta|flinch\n|\n|upkeep\n|turn|23\n|\n|t:|1699892596\n|move|p2a: Zamazenta|Heavy Slam|p1a: Sneasler\n|-damage|p1a: Sneasler|0 fnt\n|faint|p1a: Sneasler\n|\n|upkeep\n|\n|t:|1699892599\n|switch|p1a: Manaphy|Manaphy|72\/100\n|-damage|p1a: Manaphy|55\/100|[from] Spikes\n|-damage|p1a: Manaphy|43\/100|[from] Stealth Rock\n|turn|24\n|\n|t:|1699892604\n|move|p2a: Zamazenta|Close Combat|p1a: Manaphy\n|-damage|p1a: Manaphy|0 fnt\n|-unboost|p2a: Zamazenta|def|1\n|-unboost|p2a: Zamazenta|spd|1\n|faint|p1a: Manaphy\n|\n|upkeep\n|c|\u2606COALLA123456789|gg\n|-message|genesis7 forfeited.\n|\n|win|COALLA123456789\n|raw|genesis7's rating: 1733 &rarr; <strong>1712<\/strong><br \/>(-21 for losing)\n|raw|COALLA123456789's rating: 1715 &rarr; <strong>1736<\/strong><br \/>(+21 for winning)\n|l|\u2606genesis7\n|l| Zuppalover04\n","uploadtime":1699892622,"views":33,"p1id":"genesis7","p2id":"coalla123456789","formatid":"gen9ou","rating":1712,"private":0,"password":""}