{"id":"gen9ou-1997715046","p1":"Veronyl","p2":"matrusk","format":"[Gen 9] OU","log":"|j|\u2606Veronyl\n|j|\u2606matrusk\n|t:|1700844889\n|gametype|singles\n|player|p1|Veronyl|misty|1098\n|player|p2|matrusk|266|1000\n|teamsize|p1|6\n|teamsize|p2|6\n|gen|9\n|tier|[Gen 9] OU\n|rated|\n|rule|Sleep Clause Mod: Limit one foe put to sleep\n|rule|Species Clause: Limit one of each Pok\u00e9mon\n|rule|OHKO Clause: OHKO moves are banned\n|rule|Evasion Items Clause: Evasion items are banned\n|rule|Evasion Moves Clause: Evasion moves are banned\n|rule|Endless Battle Clause: Forcing endless battles is banned\n|rule|HP Percentage Mod: HP is shown in percentages\n|clearpoke\n|poke|p1|Glaceon, F|\n|poke|p1|Ninetales-Alola, F|\n|poke|p1|Froslass, F|\n|poke|p1|Slowking, M|\n|poke|p1|Cetitan, M|\n|poke|p1|Murkrow, M|\n|poke|p2|Forretress, M|\n|poke|p2|Quagsire, F|\n|poke|p2|Hydreigon, M|\n|poke|p2|Pawmot, M|\n|poke|p2|Enamorus, F|\n|poke|p2|Slowking-Galar, M|\n|teampreview\n|inactive|Battle timer is ON: inactive players will automatically lose when time's up. (requested by Veronyl)\n|\n|t:|1700844915\n|start\n|switch|p1a: Slowking|Slowking, M|100\/100\n|switch|p2a: Hydreigon|Hydreigon, M|100\/100\n|turn|1\n|\n|t:|1700844926\n|move|p2a: Hydreigon|Dark Pulse|p1a: Slowking\n|-supereffective|p1a: Slowking\n|-damage|p1a: Slowking|5\/100\n|move|p1a: Slowking|Chilly Reception|p1a: Slowking\n|-weather|Snow\n|\n|t:|1700844938\n|switch|p1a: Cetitan|Cetitan, M|100\/100|[from] Chilly Reception\n|\n|-weather|Snow|[upkeep]\n|upkeep\n|turn|2\n|\n|t:|1700844947\n|switch|p2a: Forretress|Forretress, M|100\/100\n|move|p1a: Cetitan|Belly Drum|p1a: Cetitan\n|-damage|p1a: Cetitan|50\/100\n|-setboost|p1a: Cetitan|atk|6|[from] move: Belly Drum\n|\n|-weather|Snow|[upkeep]\n|upkeep\n|turn|3\n|\n|t:|1700844956\n|switch|p2a: Quagsire|Quagsire, F, shiny|100\/100\n|move|p1a: Cetitan|Earthquake|p2a: Quagsire\n|-damage|p2a: Quagsire|63\/100\n|\n|-weather|Snow|[upkeep]\n|upkeep\n|turn|4\n|\n|t:|1700844969\n|move|p1a: Cetitan|Ice Shard|p2a: Quagsire\n|-damage|p2a: Quagsire|43\/100\n|move|p2a: Quagsire|Earthquake|p1a: Cetitan\n|-damage|p1a: Cetitan|23\/100\n|-enditem|p1a: Cetitan|Aguav Berry|[eat]\n|-heal|p1a: Cetitan|56\/100|[from] item: Aguav Berry\n|-damage|p2a: Quagsire|33\/100|[from] item: Life Orb\n|\n|-weather|Snow|[upkeep]\n|upkeep\n|turn|5\n|\n|t:|1700844978\n|move|p1a: Cetitan|Earthquake|p2a: Quagsire\n|-damage|p2a: Quagsire|0 fnt\n|faint|p2a: Quagsire\n|\n|-weather|Snow|[upkeep]\n|upkeep\n|\n|t:|1700844989\n|switch|p2a: Enamorus|Enamorus, F|100\/100\n|turn|6\n|\n|t:|1700845002\n|move|p1a: Cetitan|Ice Shard|p2a: Enamorus\n|-supereffective|p2a: Enamorus\n|-damage|p2a: Enamorus|0 fnt\n|faint|p2a: Enamorus\n|\n|-weather|Snow|[upkeep]\n|upkeep\n|\n|t:|1700845012\n|switch|p2a: Hydreigon|Hydreigon, M|100\/100\n|turn|7\n|\n|t:|1700845020\n|-terastallize|p2a: Hydreigon|Steel\n|move|p1a: Cetitan|Ice Shard|p2a: Hydreigon\n|-resisted|p2a: Hydreigon\n|-damage|p2a: Hydreigon|51\/100\n|move|p2a: Hydreigon|Flash Cannon|p1a: Cetitan\n|-supereffective|p1a: Cetitan\n|-damage|p1a: Cetitan|0 fnt\n|faint|p1a: Cetitan\n|\n|-weather|Snow|[upkeep]\n|upkeep\n|\n|t:|1700845028\n|switch|p1a: Murkrow|Murkrow, M|100\/100\n|turn|8\n|\n|t:|1700845034\n|switch|p2a: Slowking|Slowking-Galar, M|100\/100\n|move|p1a: Murkrow|Thunder Wave|p2a: Slowking\n|-status|p2a: Slowking|par\n|\n|-weather|none\n|upkeep\n|turn|9\n|\n|t:|1700845043\n|switch|p1a: Ninetales|Ninetales-Alola, F|100\/100\n|-weather|Snow|[from] ability: Snow Warning|[of] p1a: Ninetales\n|move|p2a: Slowking|Ice Beam|p1a: Ninetales\n|-resisted|p1a: Ninetales\n|-damage|p1a: Ninetales|89\/100\n|\n|-weather|Snow|[upkeep]\n|upkeep\n|turn|10\n|\n|t:|1700845053\n|move|p1a: Ninetales|Aurora Veil|p1a: Ninetales\n|-sidestart|p1: Veronyl|move: Aurora Veil\n|move|p2a: Slowking|Flamethrower|p1a: Ninetales\n|-supereffective|p1a: Ninetales\n|-damage|p1a: Ninetales|67\/100\n|\n|-weather|Snow|[upkeep]\n|upkeep\n|turn|11\n|\n|t:|1700845060\n|switch|p1a: Glaceon|Glaceon, F|100\/100\n|move|p2a: Slowking|Flamethrower|p1a: Glaceon\n|-supereffective|p1a: Glaceon\n|-damage|p1a: Glaceon|76\/100\n|\n|-weather|Snow|[upkeep]\n|-heal|p1a: Glaceon|82\/100|[from] ability: Ice Body\n|upkeep\n|turn|12\n|\n|t:|1700845068\n|move|p1a: Glaceon|Blizzard|p2a: Slowking\n|-damage|p2a: Slowking|72\/100 par\n|move|p2a: Slowking|Flamethrower|p1a: Glaceon\n|-supereffective|p1a: Glaceon\n|-damage|p1a: Glaceon|56\/100\n|\n|-weather|Snow|[upkeep]\n|-heal|p1a: Glaceon|62\/100|[from] ability: Ice Body\n|upkeep\n|turn|13\n|\n|t:|1700845078\n|switch|p1a: Slowking|Slowking, M|38\/100\n|move|p2a: Slowking|Flamethrower|p1a: Slowking\n|-resisted|p1a: Slowking\n|-damage|p1a: Slowking|33\/100\n|\n|-weather|none\n|upkeep\n|turn|14\n|\n|t:|1700845088\n|switch|p2a: Forretress|Forretress, M|100\/100\n|move|p1a: Slowking|Chilly Reception|p1a: Slowking\n|-weather|Snow\n|\n|t:|1700845100\n|switch|p1a: Glaceon|Glaceon, F|62\/100|[from] Chilly Reception\n|\n|-weather|Snow|[upkeep]\n|-heal|p1a: Glaceon|68\/100|[from] ability: Ice Body\n|upkeep\n|turn|15\n|\n|t:|1700845109\n|move|p1a: Glaceon|Tera Blast|p2a: Forretress\n|-resisted|p2a: Forretress\n|-damage|p2a: Forretress|78\/100\n|move|p2a: Forretress|Stealth Rock|p1a: Glaceon\n|-sidestart|p1: Veronyl|move: Stealth Rock\n|\n|-weather|Snow|[upkeep]\n|-heal|p1a: Glaceon|74\/100|[from] ability: Ice Body\n|-heal|p2a: Forretress|84\/100|[from] item: Leftovers\n|upkeep\n|turn|16\n|\n|t:|1700845119\n|-terastallize|p1a: Glaceon|Fire\n|move|p1a: Glaceon|Tera Blast|p2a: Forretress|[anim] Tera Blast Fire\n|-supereffective|p2a: Forretress\n|-damage|p2a: Forretress|0 fnt\n|faint|p2a: Forretress\n|\n|-weather|Snow|[upkeep]\n|-heal|p1a: Glaceon|80\/100|[from] ability: Ice Body\n|upkeep\n|\n|t:|1700845129\n|switch|p2a: Pawmot|Pawmot, M|100\/100\n|turn|17\n|\n|t:|1700845146\n|switch|p1a: Froslass|Froslass, F|100\/100\n|move|p2a: Pawmot|Revival Blessing|p2a: Pawmot\n|-enditem|p2a: Pawmot|Leppa Berry|[eat]\n|-activate|p2a: Pawmot|item: Leppa Berry|Revival Blessing|[consumed]\n|\n|t:|1700845156\n|-heal|p2: Quagsire|50\/100|[from] move: Revival Blessing\n|\n|-weather|Snow|[upkeep]\n|-sideend|p1: Veronyl|move: Aurora Veil\n|upkeep\n|turn|18\n|\n|t:|1700845164\n|move|p1a: Froslass|Poltergeist||[still]\n|-fail|p1a: Froslass\n|move|p2a: Pawmot|Revival Blessing|p2a: Pawmot\n|\n|t:|1700845172\n|-heal|p2: Enamorus|50\/100|[from] move: Revival Blessing\n|\n|-weather|Snow|[upkeep]\n|upkeep\n|turn|19\n|\n|t:|1700845178\n|move|p1a: Froslass|Icicle Crash|p2a: Pawmot\n|-damage|p2a: Pawmot|58\/100\n|move|p2a: Pawmot|Bulk Up|p2a: Pawmot\n|-boost|p2a: Pawmot|atk|1\n|-boost|p2a: Pawmot|def|1\n|\n|-weather|Snow|[upkeep]\n|upkeep\n|turn|20\n|\n|t:|1700845190\n|move|p1a: Froslass|Icicle Crash|p2a: Pawmot\n|-damage|p2a: Pawmot|29\/100\n|move|p2a: Pawmot|Play Rough|p1a: Froslass\n|-damage|p1a: Froslass|60\/100\n|\n|-weather|Snow|[upkeep]\n|upkeep\n|turn|21\n|\n|t:|1700845199\n|move|p1a: Froslass|Icicle Crash|p2a: Pawmot\n|-damage|p2a: Pawmot|0 fnt\n|faint|p2a: Pawmot\n|\n|-weather|none\n|upkeep\n|\n|t:|1700845208\n|switch|p2a: Hydreigon|Hydreigon, M, tera:Steel|51\/100\n|turn|22\n|\n|t:|1700845215\n|move|p1a: Froslass|Poltergeist|p2a: Hydreigon\n|-activate|p2a: Hydreigon|move: Poltergeist|Choice Specs\n|-damage|p2a: Hydreigon|2\/100\n|move|p2a: Hydreigon|Dark Pulse|p1a: Froslass\n|-supereffective|p1a: Froslass\n|-damage|p1a: Froslass|0 fnt\n|-start|p2a: Hydreigon|Disable|Dark Pulse|[from] ability: Cursed Body|[of] p1a: Froslass\n|faint|p1a: Froslass\n|\n|upkeep\n|\n|t:|1700845221\n|switch|p1a: Ninetales|Ninetales-Alola, F|67\/100\n|-damage|p1a: Ninetales|42\/100|[from] Stealth Rock\n|-weather|Snow|[from] ability: Snow Warning|[of] p1a: Ninetales\n|turn|23\n|\n|t:|1700845236\n|switch|p2a: Slowking|Slowking-Galar, M|100\/100 par\n|move|p1a: Ninetales|Aurora Veil|p1a: Ninetales\n|-sidestart|p1: Veronyl|move: Aurora Veil\n|\n|-weather|Snow|[upkeep]\n|upkeep\n|turn|24\n|\n|t:|1700845243\n|move|p1a: Ninetales|Confuse Ray|p2a: Slowking\n|-start|p2a: Slowking|confusion\n|-activate|p2a: Slowking|confusion\n|-damage|p2a: Slowking|95\/100 par|[from] confusion\n|\n|-weather|Snow|[upkeep]\n|upkeep\n|turn|25\n|\n|t:|1700845256\n|switch|p1a: Slowking|Slowking, M|66\/100\n|-damage|p1a: Slowking|54\/100|[from] Stealth Rock\n|-activate|p2a: Slowking|confusion\n|cant|p2a: Slowking|par\n|\n|-weather|Snow|[upkeep]\n|upkeep\n|turn|26\n|\n|t:|1700845270\n|move|p1a: Slowking|Psychic|p2a: Slowking\n|-damage|p2a: Slowking|78\/100 par\n|-activate|p2a: Slowking|confusion\n|move|p2a: Slowking|Sludge Bomb|p1a: Slowking\n|-damage|p1a: Slowking|40\/100\n|\n|-weather|Snow|[upkeep]\n|upkeep\n|turn|27\n|\n|t:|1700845280\n|move|p1a: Slowking|Surf|p2a: Slowking\n|-crit|p2a: Slowking\n|-damage|p2a: Slowking|51\/100 par\n|-end|p2a: Slowking|confusion\n|cant|p2a: Slowking|par\n|\n|-weather|none\n|upkeep\n|turn|28\n|\n|t:|1700845293\n|move|p1a: Slowking|Chilly Reception|p1a: Slowking\n|-weather|Snow\n|\n|t:|1700845300\n|switch|p1a: Murkrow|Murkrow, M|100\/100|[from] Chilly Reception\n|move|p2a: Slowking|Sludge Bomb|p1a: Murkrow\n|-damage|p1a: Murkrow|66\/100\n|-status|p1a: Murkrow|psn\n|\n|-weather|Snow|[upkeep]\n|-damage|p1a: Murkrow|54\/100 psn|[from] psn\n|upkeep\n|turn|29\n|\n|t:|1700845310\n|move|p1a: Murkrow|Sucker Punch|p2a: Slowking\n|-supereffective|p2a: Slowking\n|-damage|p2a: Slowking|6\/100 par\n|cant|p2a: Slowking|par\n|\n|-weather|Snow|[upkeep]\n|-damage|p1a: Murkrow|42\/100 psn|[from] psn\n|upkeep\n|turn|30\n|\n|t:|1700845327\n|switch|p2a: Quagsire|Quagsire, F, shiny|50\/100\n|move|p1a: Murkrow|U-turn|p2a: Quagsire\n|-damage|p2a: Quagsire|36\/100\n|\n|t:|1700845334\n|switch|p1a: Glaceon|Glaceon, F, tera:Fire|80\/100|[from] U-turn\n|-damage|p1a: Glaceon|56\/100|[from] Stealth Rock\n|\n|-weather|Snow|[upkeep]\n|-heal|p1a: Glaceon|62\/100|[from] ability: Ice Body\n|-sideend|p1: Veronyl|move: Aurora Veil\n|upkeep\n|turn|31\n|\n|t:|1700845343\n|move|p1a: Glaceon|Freeze-Dry|p2a: Quagsire\n|-supereffective|p2a: Quagsire\n|-damage|p2a: Quagsire|0 fnt\n|faint|p2a: Quagsire\n|\n|-weather|Snow|[upkeep]\n|-heal|p1a: Glaceon|68\/100|[from] ability: Ice Body\n|upkeep\n|\n|t:|1700845350\n|switch|p2a: Slowking|Slowking-Galar, M|39\/100 par\n|turn|32\n|\n|t:|1700845365\n|move|p1a: Glaceon|Shadow Ball|p2a: Slowking\n|-supereffective|p2a: Slowking\n|-damage|p2a: Slowking|14\/100 par\n|move|p2a: Slowking|Sludge Bomb|p1a: Glaceon\n|-damage|p1a: Glaceon|32\/100\n|\n|-weather|Snow|[upkeep]\n|-heal|p1a: Glaceon|38\/100|[from] ability: Ice Body\n|upkeep\n|turn|33\n|\n|t:|1700845392\n|switch|p2a: Enamorus|Enamorus, F|50\/100\n|move|p1a: Glaceon|Freeze-Dry|p2a: Enamorus\n|-supereffective|p2a: Enamorus\n|-damage|p2a: Enamorus|0 fnt\n|faint|p2a: Enamorus\n|\n|-weather|Snow|[upkeep]\n|-heal|p1a: Glaceon|44\/100|[from] ability: Ice Body\n|upkeep\n|\n|t:|1700845401\n|switch|p2a: Slowking|Slowking-Galar, M|48\/100 par\n|turn|34\n|\n|t:|1700845404\n|move|p1a: Glaceon|Shadow Ball|p2a: Slowking\n|-supereffective|p2a: Slowking\n|-damage|p2a: Slowking|23\/100 par\n|move|p2a: Slowking|Sludge Bomb|p1a: Glaceon\n|-damage|p1a: Glaceon|9\/100\n|\n|-weather|Snow|[upkeep]\n|-heal|p1a: Glaceon|15\/100|[from] ability: Ice Body\n|upkeep\n|turn|35\n|\n|t:|1700845414\n|move|p1a: Glaceon|Shadow Ball|p2a: Slowking\n|-supereffective|p2a: Slowking\n|-damage|p2a: Slowking|0 fnt\n|faint|p2a: Slowking\n|\n|-weather|none\n|upkeep\n|\n|t:|1700845419\n|switch|p2a: Hydreigon|Hydreigon, M, tera:Steel|2\/100\n|turn|36\n|\n|t:|1700845444\n|move|p2a: Hydreigon|Dark Pulse|p1a: Glaceon\n|-damage|p1a: Glaceon|0 fnt\n|faint|p1a: Glaceon\n|\n|upkeep\n|\n|t:|1700845452\n|switch|p1a: Ninetales|Ninetales-Alola, F|42\/100\n|-damage|p1a: Ninetales|18\/100|[from] Stealth Rock\n|-weather|Snow|[from] ability: Snow Warning|[of] p1a: Ninetales\n|turn|37\n|\n|t:|1700845457\n|move|p1a: Ninetales|Freeze-Dry|p2a: Hydreigon\n|-resisted|p2a: Hydreigon\n|-damage|p2a: Hydreigon|0 fnt\n|faint|p2a: Hydreigon\n|\n|win|Veronyl\n|raw|Veronyl's rating: 1098 &rarr; <strong>1116<\/strong><br \/>(+18 for winning)\n|raw|matrusk's rating: 1000 &rarr; <strong>1000<\/strong><br \/>(+0 for losing)\n","uploadtime":1700845462,"views":2,"p1id":"veronyl","p2id":"matrusk","formatid":"gen9ou","rating":1000,"private":0,"password":""}