{"id":"gen9ou-1991381322","p1":"LoudoEp","p2":"Exposed king","format":"[Gen 9] OU","log":"|j|\u2606LoudoEp\n|j|\u2606Exposed king\n|t:|1700072383\n|gametype|singles\n|player|p1|LoudoEp|brycen|1519\n|player|p2|Exposed king|red|1580\n|teamsize|p1|6\n|teamsize|p2|6\n|gen|9\n|tier|[Gen 9] OU\n|rated|\n|rule|Sleep Clause Mod: Limit one foe put to sleep\n|rule|Species Clause: Limit one of each Pok\u00e9mon\n|rule|OHKO Clause: OHKO moves are banned\n|rule|Evasion Items Clause: Evasion items are banned\n|rule|Evasion Moves Clause: Evasion moves are banned\n|rule|Endless Battle Clause: Forcing endless battles is banned\n|rule|HP Percentage Mod: HP is shown in percentages\n|clearpoke\n|poke|p1|Sinistcha|\n|poke|p1|Tyranitar, F|\n|poke|p1|Heatran, M|\n|poke|p1|Rillaboom, M|\n|poke|p1|Sneasler, F|\n|poke|p1|Samurott-Hisui, F|\n|poke|p2|Ninetales-Alola, M|\n|poke|p2|Arboliva, F|\n|poke|p2|Great Tusk|\n|poke|p2|Skeledirge, F|\n|poke|p2|Vaporeon, F|\n|poke|p2|Mamoswine, M|\n|teampreview\n|inactive|Battle timer is ON: inactive players will automatically lose when time's up. (requested by LoudoEp)\n|\n|t:|1700072393\n|start\n|switch|p1a: Sneasler|Sneasler, F|100\/100\n|switch|p2a: Great Tusk|Great Tusk|100\/100\n|turn|1\n|\n|t:|1700072398\n|move|p1a: Sneasler|U-turn|p2a: Great Tusk\n|-resisted|p2a: Great Tusk\n|-damage|p2a: Great Tusk|92\/100\n|\n|t:|1700072402\n|switch|p1a: Sinistcha|Sinistcha|100\/100|[from] U-turn\n|move|p2a: Great Tusk|Headlong Rush|p1a: Sinistcha\n|-resisted|p1a: Sinistcha\n|-damage|p1a: Sinistcha|81\/100\n|-unboost|p2a: Great Tusk|def|1\n|-unboost|p2a: Great Tusk|spd|1\n|\n|upkeep\n|turn|2\n|\n|t:|1700072416\n|-end|p2a: Great Tusk|Protosynthesis|[silent]\n|switch|p2a: Arboliva|Arboliva, F|100\/100\n|move|p1a: Sinistcha|Matcha Gotcha|p2a: Arboliva|[miss]\n|-miss|p1a: Sinistcha|p2a: Arboliva\n|\n|upkeep\n|turn|3\n|\n|t:|1700072428\n|-terastallize|p2a: Arboliva|Fire\n|move|p1a: Sinistcha|Calm Mind|p1a: Sinistcha\n|-boost|p1a: Sinistcha|spa|1\n|-boost|p1a: Sinistcha|spd|1\n|move|p2a: Arboliva|Tera Blast|p1a: Sinistcha|[anim] Tera Blast Fire\n|-supereffective|p1a: Sinistcha\n|-damage|p1a: Sinistcha|46\/100\n|\n|upkeep\n|turn|4\n|\n|t:|1700072443\n|switch|p1a: Heatran|Heatran, M|100\/100\n|move|p2a: Arboliva|Tera Blast|p1a: Heatran|[anim] Tera Blast Fire\n|-start|p1a: Heatran|ability: Flash Fire\n|\n|upkeep\n|turn|5\n|\n|t:|1700072450\n|move|p1a: Heatran|Stealth Rock|p2a: Arboliva\n|-sidestart|p2: Exposed king|move: Stealth Rock\n|move|p2a: Arboliva|Earth Power|p1a: Heatran\n|-supereffective|p1a: Heatran\n|-damage|p1a: Heatran|0 fnt\n|faint|p1a: Heatran\n|\n|upkeep\n|\n|t:|1700072464\n|switch|p1a: Tyranitar|Tyranitar, F|100\/100\n|-weather|Sandstorm|[from] ability: Sand Stream|[of] p1a: Tyranitar\n|turn|6\n|\n|t:|1700072475\n|switch|p2a: Great Tusk|Great Tusk|92\/100\n|-damage|p2a: Great Tusk|89\/100|[from] Stealth Rock\n|move|p1a: Tyranitar|Earthquake|p2a: Great Tusk\n|-damage|p2a: Great Tusk|43\/100\n|\n|-weather|Sandstorm|[upkeep]\n|upkeep\n|turn|7\n|\n|t:|1700072484\n|switch|p1a: Sinistcha|Sinistcha|46\/100\n|move|p2a: Great Tusk|Headlong Rush|p1a: Sinistcha\n|-resisted|p1a: Sinistcha\n|-damage|p1a: Sinistcha|24\/100\n|-unboost|p2a: Great Tusk|def|1\n|-unboost|p2a: Great Tusk|spd|1\n|\n|-weather|Sandstorm|[upkeep]\n|-damage|p1a: Sinistcha|18\/100|[from] Sandstorm\n|upkeep\n|turn|8\n|\n|t:|1700072498\n|move|p2a: Great Tusk|Headlong Rush|p1a: Sinistcha\n|-resisted|p1a: Sinistcha\n|-damage|p1a: Sinistcha|0 fnt\n|-unboost|p2a: Great Tusk|def|1\n|-unboost|p2a: Great Tusk|spd|1\n|faint|p1a: Sinistcha\n|\n|-weather|Sandstorm|[upkeep]\n|upkeep\n|\n|t:|1700072523\n|switch|p1a: Rillaboom|Rillaboom, M|100\/100\n|-fieldstart|move: Grassy Terrain|[from] ability: Grassy Surge|[of] p1a: Rillaboom\n|turn|9\n|inactive|LoudoEp has 120 seconds left.\n|\n|t:|1700072543\n|-end|p2a: Great Tusk|Protosynthesis|[silent]\n|switch|p2a: Arboliva|Arboliva, F, tera:Fire|100\/100\n|-damage|p2a: Arboliva|75\/100|[from] Stealth Rock\n|move|p1a: Rillaboom|U-turn|p2a: Arboliva\n|-resisted|p2a: Arboliva\n|-damage|p2a: Arboliva|53\/100\n|inactive|LoudoEp has 120 seconds left.\n|\n|t:|1700072549\n|switch|p1a: Samurott|Samurott-Hisui, F|100\/100|[from] U-turn\n|\n|-weather|Sandstorm|[upkeep]\n|-damage|p1a: Samurott|94\/100|[from] Sandstorm\n|-damage|p2a: Arboliva|46\/100|[from] Sandstorm\n|-heal|p1a: Samurott|100\/100|[from] Grassy Terrain\n|-heal|p2a: Arboliva|53\/100|[from] Grassy Terrain\n|upkeep\n|turn|10\n|\n|t:|1700072558\n|move|p1a: Samurott|Flip Turn|p2a: Arboliva\n|-supereffective|p2a: Arboliva\n|-damage|p2a: Arboliva|0 fnt\n|faint|p2a: Arboliva\n|\n|t:|1700072562\n|switch|p1a: Sneasler|Sneasler, F|100\/100|[from] Flip Turn\n|\n|-weather|none\n|upkeep\n|\n|t:|1700072569\n|switch|p2a: Vaporeon|Vaporeon, F|100\/100\n|-damage|p2a: Vaporeon|88\/100|[from] Stealth Rock\n|turn|11\n|\n|t:|1700072577\n|move|p1a: Sneasler|Switcheroo|p2a: Vaporeon\n|-activate|p1a: Sneasler|move: Trick|[of] p2a: Vaporeon\n|-item|p2a: Vaporeon|Choice Scarf|[from] move: Switcheroo\n|-item|p1a: Sneasler|Rocky Helmet|[from] move: Switcheroo\n|move|p2a: Vaporeon|Wish|p2a: Vaporeon\n|\n|-heal|p2a: Vaporeon|94\/100|[from] Grassy Terrain\n|upkeep\n|turn|12\n|\n|t:|1700072588\n|switch|p2a: Skeledirge|Skeledirge, F|100\/100\n|-damage|p2a: Skeledirge|76\/100|[from] Stealth Rock\n|move|p1a: Sneasler|U-turn|p2a: Skeledirge\n|-resisted|p2a: Skeledirge\n|-damage|p2a: Skeledirge|71\/100\n|-status|p2a: Skeledirge|psn|[from] ability: Poison Touch|[of] p1a: Sneasler\n|\n|t:|1700072601\n|switch|p1a: Samurott|Samurott-Hisui, F|100\/100|[from] U-turn\n|\n|-heal|p2a: Skeledirge|100\/100 psn|[from] move: Wish|[wisher] Vaporeon\n|-damage|p2a: Skeledirge|88\/100 psn|[from] psn\n|upkeep\n|turn|13\n|\n|t:|1700072608\n|switch|p2a: Vaporeon|Vaporeon, F|94\/100\n|-damage|p2a: Vaporeon|82\/100|[from] Stealth Rock\n|move|p1a: Samurott|Ceaseless Edge|p2a: Vaporeon\n|-crit|p2a: Vaporeon\n|-damage|p2a: Vaporeon|31\/100\n|-sidestart|p2: Exposed king|Spikes\n|\n|-heal|p2a: Vaporeon|37\/100|[from] Grassy Terrain\n|-fieldend|move: Grassy Terrain\n|upkeep\n|turn|14\n|\n|t:|1700072617\n|move|p1a: Samurott|Ceaseless Edge|p2a: Vaporeon|[miss]\n|-miss|p1a: Samurott|p2a: Vaporeon\n|move|p2a: Vaporeon|Yawn|p1a: Samurott\n|-start|p1a: Samurott|move: Yawn|[of] p2a: Vaporeon\n|\n|upkeep\n|turn|15\n|\n|t:|1700072628\n|switch|p1a: Sneasler|Sneasler, F|100\/100\n|switch|p2a: Skeledirge|Skeledirge, F|88\/100 psn\n|-damage|p2a: Skeledirge|63\/100 psn|[from] Stealth Rock\n|-damage|p2a: Skeledirge|51\/100 psn|[from] Spikes\n|\n|-heal|p2a: Skeledirge|57\/100 psn|[from] item: Leftovers\n|-damage|p2a: Skeledirge|44\/100 psn|[from] psn\n|upkeep\n|turn|16\n|\n|t:|1700072638\n|move|p1a: Sneasler|U-turn|p2a: Skeledirge\n|-resisted|p2a: Skeledirge\n|-damage|p2a: Skeledirge|40\/100 psn\n|\n|t:|1700072643\n|switch|p1a: Samurott|Samurott-Hisui, F|100\/100|[from] U-turn\n|move|p2a: Skeledirge|Will-O-Wisp|p1a: Samurott\n|-status|p1a: Samurott|brn\n|\n|-heal|p2a: Skeledirge|46\/100 psn|[from] item: Leftovers\n|-damage|p2a: Skeledirge|33\/100 psn|[from] psn\n|-damage|p1a: Samurott|94\/100 brn|[from] brn\n|upkeep\n|turn|17\n|\n|t:|1700072654\n|switch|p2a: Vaporeon|Vaporeon, F|37\/100\n|-damage|p2a: Vaporeon|24\/100|[from] Stealth Rock\n|-damage|p2a: Vaporeon|12\/100|[from] Spikes\n|move|p1a: Samurott|Ceaseless Edge|p2a: Vaporeon\n|-damage|p2a: Vaporeon|0 fnt\n|-sidestart|p2: Exposed king|Spikes\n|faint|p2a: Vaporeon\n|\n|-damage|p1a: Samurott|88\/100 brn|[from] brn\n|upkeep\n|\n|t:|1700072661\n|switch|p2a: Great Tusk|Great Tusk|43\/100\n|-damage|p2a: Great Tusk|40\/100|[from] Stealth Rock\n|-damage|p2a: Great Tusk|24\/100|[from] Spikes\n|turn|18\n|\n|t:|1700072668\n|-terastallize|p1a: Samurott|Ghost\n|move|p2a: Great Tusk|Rapid Spin|p1a: Samurott\n|-immune|p1a: Samurott\n|move|p1a: Samurott|Aqua Cutter|p2a: Great Tusk\n|-supereffective|p2a: Great Tusk\n|-damage|p2a: Great Tusk|0 fnt\n|faint|p2a: Great Tusk\n|-end|p2a: Great Tusk|Protosynthesis|[silent]\n|\n|-damage|p1a: Samurott|82\/100 brn|[from] brn\n|upkeep\n|\n|t:|1700072685\n|switch|p2a: Ninetales|Ninetales-Alola, M|100\/100\n|-damage|p2a: Ninetales|76\/100|[from] Stealth Rock\n|-damage|p2a: Ninetales|59\/100|[from] Spikes\n|-weather|Snow|[from] ability: Snow Warning|[of] p2a: Ninetales\n|turn|19\n|\n|t:|1700072701\n|move|p2a: Ninetales|Blizzard|p1a: Samurott\n|-damage|p1a: Samurott|12\/100 brn\n|move|p1a: Samurott|Encore|p2a: Ninetales\n|-start|p2a: Ninetales|Encore\n|\n|-weather|Snow|[upkeep]\n|-damage|p1a: Samurott|5\/100 brn|[from] brn\n|upkeep\n|turn|20\n|\n|t:|1700072711\n|move|p2a: Ninetales|Blizzard|p1a: Samurott\n|-damage|p1a: Samurott|0 fnt\n|faint|p1a: Samurott\n|\n|-weather|Snow|[upkeep]\n|upkeep\n|\n|t:|1700072721\n|switch|p1a: Sneasler|Sneasler, F|100\/100\n|turn|21\n|\n|t:|1700072729\n|switch|p2a: Mamoswine|Mamoswine, M|100\/100\n|-damage|p2a: Mamoswine|88\/100|[from] Stealth Rock\n|-damage|p2a: Mamoswine|72\/100|[from] Spikes\n|move|p1a: Sneasler|Dire Claw|p2a: Mamoswine\n|-resisted|p2a: Mamoswine\n|-damage|p2a: Mamoswine|57\/100\n|-status|p2a: Mamoswine|psn\n|\n|-weather|Snow|[upkeep]\n|-damage|p2a: Mamoswine|44\/100 psn|[from] psn\n|upkeep\n|turn|22\n|\n|t:|1700072740\n|move|p1a: Sneasler|U-turn|p2a: Mamoswine\n|-damage|p2a: Mamoswine|28\/100 psn\n|\n|t:|1700072742\n|switch|p1a: Tyranitar|Tyranitar, F|100\/100|[from] U-turn\n|-weather|Sandstorm|[from] ability: Sand Stream|[of] p1a: Tyranitar\n|move|p2a: Mamoswine|Icicle Crash|p1a: Tyranitar|[miss]\n|-miss|p2a: Mamoswine|p1a: Tyranitar\n|\n|-weather|Sandstorm|[upkeep]\n|-damage|p2a: Mamoswine|16\/100 psn|[from] psn\n|upkeep\n|turn|23\n|\n|t:|1700072754\n|move|p1a: Tyranitar|Knock Off|p2a: Mamoswine\n|-damage|p2a: Mamoswine|0 fnt\n|-enditem|p2a: Mamoswine|Assault Vest|[from] move: Knock Off|[of] p1a: Tyranitar\n|faint|p2a: Mamoswine\n|\n|-weather|Sandstorm|[upkeep]\n|upkeep\n|\n|t:|1700072759\n|switch|p2a: Ninetales|Ninetales-Alola, M|59\/100\n|-damage|p2a: Ninetales|35\/100|[from] Stealth Rock\n|-damage|p2a: Ninetales|18\/100|[from] Spikes\n|-weather|Snow|[from] ability: Snow Warning|[of] p2a: Ninetales\n|turn|24\n|\n|t:|1700072765\n|move|p2a: Ninetales|Moonblast|p1a: Tyranitar\n|-supereffective|p1a: Tyranitar\n|-damage|p1a: Tyranitar|14\/100\n|move|p1a: Tyranitar|Knock Off|p2a: Ninetales\n|-resisted|p2a: Ninetales\n|-damage|p2a: Ninetales|0 fnt\n|-enditem|p2a: Ninetales|Choice Scarf|[from] move: Knock Off|[of] p1a: Tyranitar\n|faint|p2a: Ninetales\n|\n|-weather|Snow|[upkeep]\n|upkeep\n|\n|t:|1700072771\n|switch|p2a: Skeledirge|Skeledirge, F|33\/100 psn\n|-damage|p2a: Skeledirge|8\/100 psn|[from] Stealth Rock\n|-damage|p2a: Skeledirge|0 fnt|[from] Spikes\n|faint|p2a: Skeledirge\n|\n|win|LoudoEp\n|raw|LoudoEp's rating: 1519 &rarr; <strong>1542<\/strong><br \/>(+23 for winning)\n|raw|Exposed king's rating: 1580 &rarr; <strong>1557<\/strong><br \/>(-23 for losing)\n|l|\u2606Exposed king\n","uploadtime":1700072795,"views":25,"p1id":"loudoep","p2id":"exposedking","formatid":"gen9ou","rating":1542,"private":0,"password":""}