{"id":"gen9ou-1993388675","p1":"Bidonca","p2":"Harun10022","format":"[Gen 9] OU","log":"|j|\u2606Bidonca\n|j|\u2606Harun10022\n|t:|1700310744\n|gametype|singles\n|player|p1|Bidonca|milo|1051\n|player|p2|Harun10022|red|1156\n|teamsize|p1|6\n|teamsize|p2|6\n|gen|9\n|tier|[Gen 9] OU\n|rated|\n|rule|Sleep Clause Mod: Limit one foe put to sleep\n|rule|Species Clause: Limit one of each Pok\u00e9mon\n|rule|OHKO Clause: OHKO moves are banned\n|rule|Evasion Items Clause: Evasion items are banned\n|rule|Evasion Moves Clause: Evasion moves are banned\n|rule|Endless Battle Clause: Forcing endless battles is banned\n|rule|HP Percentage Mod: HP is shown in percentages\n|clearpoke\n|poke|p1|Great Tusk|\n|poke|p1|Glaceon, M|\n|poke|p1|Slowking, M|\n|poke|p1|Dragonite, F|\n|poke|p1|Rotom-Heat|\n|poke|p1|Kingambit, M|\n|poke|p2|Hawlucha, F|\n|poke|p2|Inteleon, M|\n|poke|p2|Quaquaval, M|\n|poke|p2|Skeledirge, F|\n|poke|p2|Polteageist-Antique|\n|poke|p2|Zoroark-Hisui, M|\n|teampreview\n|inactive|Battle timer is ON: inactive players will automatically lose when time's up. (requested by Harun10022)\n|\n|t:|1700310755\n|start\n|switch|p1a: Slowking|Slowking, M|100\/100\n|switch|p2a: Death \u2620|Polteageist-Antique|100\/100\n|turn|1\n|\n|t:|1700310761\n|move|p2a: Death \u2620|Nasty Plot|p2a: Death \u2620\n|-boost|p2a: Death \u2620|spa|2\n|move|p1a: Slowking|Thunder Wave|p2a: Death \u2620\n|-status|p2a: Death \u2620|par\n|\n|upkeep\n|turn|2\n|\n|t:|1700310768\n|move|p2a: Death \u2620|Bitter Malice|p1a: Slowking\n|-supereffective|p1a: Slowking\n|-damage|p1a: Slowking|9\/100\n|-unboost|p1a: Slowking|atk|1\n|move|p1a: Slowking|Chilly Reception|p1a: Slowking\n|-weather|Snow\n|\n|t:|1700310784\n|switch|p1a: Kingambit|Kingambit, M|100\/100|[from] Chilly Reception\n|\n|-weather|Snow|[upkeep]\n|upkeep\n|turn|3\n|\n|t:|1700310790\n|cant|p2a: Death \u2620|par\n|move|p1a: Kingambit|Kowtow Cleave|p2a: Death \u2620\n|-supereffective|p2a: Death \u2620\n|-damage|p2a: Death \u2620|0 fnt\n|replace|p2a: Mr. Trickster|Zoroark-Hisui, M\n|-end|p2a: Mr. Trickster|Illusion\n|faint|p2a: Mr. Trickster\n|\n|-weather|Snow|[upkeep]\n|upkeep\n|\n|t:|1700310813\n|switch|p2a: Craze|Skeledirge, F|100\/100\n|turn|4\n|\n|t:|1700310821\n|-end|p1a: Kingambit|fallenundefined|[silent]\n|switch|p1a: Rotom|Rotom-Heat|100\/100\n|move|p2a: Craze|Torch Song|p1a: Rotom\n|-resisted|p1a: Rotom\n|-damage|p1a: Rotom|78\/100\n|-boost|p2a: Craze|spa|1\n|\n|-weather|Snow|[upkeep]\n|upkeep\n|turn|5\n|inactive|Harun10022 has 120 seconds left.\n|\n|t:|1700310851\n|move|p1a: Rotom|Trick|p2a: Craze\n|-activate|p1a: Rotom|move: Trick|[of] p2a: Craze\n|-item|p2a: Craze|Choice Scarf|[from] move: Trick\n|-item|p1a: Rotom|Leftovers|[from] move: Trick\n|move|p2a: Craze|Torch Song|p1a: Rotom\n|-resisted|p1a: Rotom\n|-damage|p1a: Rotom|42\/100\n|-boost|p2a: Craze|spa|1\n|\n|-weather|Snow|[upkeep]\n|-heal|p1a: Rotom|48\/100|[from] item: Leftovers\n|upkeep\n|turn|6\n|\n|t:|1700310861\n|move|p1a: Rotom|Volt Switch|p2a: Craze\n|-damage|p2a: Craze|73\/100\n|\n|t:|1700310867\n|switch|p1a: Dragonite|Dragonite, F|100\/100|[from] Volt Switch\n|move|p2a: Craze|Torch Song|p1a: Dragonite\n|-resisted|p1a: Dragonite\n|-damage|p1a: Dragonite|81\/100\n|-boost|p2a: Craze|spa|1\n|\n|-weather|Snow|[upkeep]\n|upkeep\n|turn|7\n|\n|t:|1700310875\n|move|p1a: Dragonite|Earthquake|p2a: Craze\n|-supereffective|p2a: Craze\n|-damage|p2a: Craze|1\/100\n|move|p2a: Craze|Torch Song|p1a: Dragonite\n|-resisted|p1a: Dragonite\n|-damage|p1a: Dragonite|35\/100\n|-boost|p2a: Craze|spa|1\n|\n|-weather|Snow|[upkeep]\n|upkeep\n|turn|8\n|\n|t:|1700310883\n|move|p1a: Dragonite|Earthquake|p2a: Craze\n|-supereffective|p2a: Craze\n|-damage|p2a: Craze|0 fnt\n|faint|p2a: Craze\n|\n|-weather|Snow|[upkeep]\n|upkeep\n|\n|t:|1700310899\n|switch|p2a: Mr. James|Inteleon, M|100\/100\n|turn|9\n|\n|t:|1700310907\n|move|p1a: Dragonite|Extreme Speed|p2a: Mr. James\n|-damage|p2a: Mr. James|47\/100\n|move|p2a: Mr. James|Ice Beam|p1a: Dragonite\n|-supereffective|p1a: Dragonite\n|-damage|p1a: Dragonite|0 fnt\n|faint|p1a: Dragonite\n|\n|-weather|none\n|upkeep\n|\n|t:|1700310915\n|switch|p1a: Rotom|Rotom-Heat|48\/100\n|turn|10\n|\n|t:|1700310922\n|move|p2a: Mr. James|Snipe Shot|p1a: Rotom\n|-supereffective|p1a: Rotom\n|-damage|p1a: Rotom|0 fnt\n|faint|p1a: Rotom\n|\n|upkeep\n|\n|t:|1700310928\n|switch|p1a: Slowking|Slowking, M|42\/100\n|turn|11\n|c|\u2606Harun10022|!dt slo1wking\nNo Pok\u00e9mon, item, move, ability or nature named 'slo1wking' was found. Showing the data of 'Slowking' instead.\n|raw|<div class=\"message\"><ul class=\"utilichart\"><li class=\"result\"><span class=\"col numcol\">UU<\/span> <span class=\"col iconcol\"><psicon pokemon=\"slowking\"\/><\/span> <span class=\"col pokemonnamecol\" style=\"white-space:nowrap\"><a href=\"https:\/\/dex.pokemonshowdown.com\/pokemon\/slowking\" target=\"_blank\">Slowking<\/a><\/span> <span class=\"col typecol\"><img src=\"https:\/\/play.pokemonshowdown.com\/sprites\/types\/Water.png\" alt=\"Water\" height=\"14\" width=\"32\"><img src=\"https:\/\/play.pokemonshowdown.com\/sprites\/types\/Psychic.png\" alt=\"Psychic\" height=\"14\" width=\"32\"><\/span> <span style=\"float:left;min-height:26px\"><span class=\"col twoabilitycol\">Oblivious<br \/>Own Tempo<\/span><span class=\"col abilitycol\"><em>Regenerator<\/em><\/span><\/span><span style=\"float:left;min-height:26px\"><span class=\"col statcol\"><em>HP<\/em><br \/>95<\/span> <span class=\"col statcol\"><em>Atk<\/em><br \/>75<\/span> <span class=\"col statcol\"><em>Def<\/em><br \/>80<\/span> <span class=\"col statcol\"><em>SpA<\/em><br \/>100<\/span> <span class=\"col statcol\"><em>SpD<\/em><br \/>110<\/span> <span class=\"col statcol\"><em>Spe<\/em><br \/>30<\/span> <span class=\"col bstcol\"><em>BST<br \/>490<\/em><\/span> <\/span><\/li><li style=\"clear:both\"><\/li><\/ul><\/div>\n|raw|<font size=\"1\"><font color=\"#686868\">Dex#:<\/font> 199&nbsp;|&ThickSpace;<font color=\"#686868\">Gen:<\/font> 2&nbsp;|&ThickSpace;<font color=\"#686868\">Height:<\/font> 2 m&nbsp;|&ThickSpace;<font color=\"#686868\">Weight:<\/font> 79.5 kg <em>(80 BP)<\/em>&nbsp;|&ThickSpace;<font color=\"#686868\">Dex Colour:<\/font> Pink&nbsp;|&ThickSpace;<font color=\"#686868\">Egg Group(s):<\/font> Monster, Water 1&nbsp;|&ThickSpace;<font color=\"#686868\">Pre-Evolution:<\/font> Slowpoke&nbsp;|&ThickSpace;<font color=\"#686868\">Does Not Evolve<\/font><\/font>\n\n|inactive|Harun10022 has 120 seconds left.\n|\n|t:|1700310962\n|move|p2a: Mr. James|Flip Turn|p1a: Slowking\n|-resisted|p1a: Slowking\n|-crit|p1a: Slowking\n|-damage|p1a: Slowking|23\/100\n|inactive|Harun10022 has 120 seconds left.\n|\n|t:|1700310970\n|switch|p2a: Jackson|Quaquaval, M|100\/100|[from] Flip Turn\n|move|p1a: Slowking|Slack Off|p1a: Slowking\n|-heal|p1a: Slowking|73\/100\n|\n|upkeep\n|turn|12\n|inactive|Harun10022 has 120 seconds left.\n|\n|t:|1700310981\n|move|p2a: Jackson|Aqua Step|p1a: Slowking\n|-resisted|p1a: Slowking\n|-damage|p1a: Slowking|52\/100\n|-boost|p2a: Jackson|spe|1\n|move|p1a: Slowking|Thunder Wave|p2a: Jackson\n|-status|p2a: Jackson|par\n|\n|upkeep\n|turn|13\n|\n|t:|1700310988\n|move|p2a: Jackson|Aqua Step|p1a: Slowking\n|-resisted|p1a: Slowking\n|-damage|p1a: Slowking|33\/100\n|-boost|p2a: Jackson|spe|1\n|move|p1a: Slowking|Future Sight|p2a: Jackson\n|-start|p1a: Slowking|move: Future Sight\n|\n|upkeep\n|turn|14\n|\n|t:|1700310994\n|move|p2a: Jackson|Aqua Step|p1a: Slowking\n|-resisted|p1a: Slowking\n|-damage|p1a: Slowking|12\/100\n|-boost|p2a: Jackson|spe|1\n|move|p1a: Slowking|Slack Off|p1a: Slowking\n|-heal|p1a: Slowking|62\/100\n|\n|upkeep\n|turn|15\n|\n|t:|1700311002\n|cant|p2a: Jackson|par\n|move|p1a: Slowking|Slack Off|p1a: Slowking\n|-heal|p1a: Slowking|100\/100\n|\n|-end|p2a: Jackson|move: Future Sight\n|-supereffective|p2a: Jackson\n|-enditem|p2a: Jackson|Focus Sash\n|-damage|p2a: Jackson|1\/100 par\n|upkeep\n|turn|16\n|\n|t:|1700311011\n|cant|p2a: Jackson|par\n|move|p1a: Slowking|Future Sight|p2a: Jackson\n|-start|p1a: Slowking|move: Future Sight\n|\n|upkeep\n|turn|17\n|\n|t:|1700311018\n|move|p2a: Jackson|Flip Turn|p1a: Slowking\n|-resisted|p1a: Slowking\n|-damage|p1a: Slowking|85\/100\n|\n|t:|1700311021\n|switch|p2a: WRESTLER|Hawlucha, F|100\/100|[from] Flip Turn\n|move|p1a: Slowking|Slack Off|p1a: Slowking\n|-heal|p1a: Slowking|100\/100\n|\n|upkeep\n|turn|18\n|\n|t:|1700311044\n|move|p2a: WRESTLER|Stone Edge|p1a: Slowking\n|-damage|p1a: Slowking|68\/100\n|move|p1a: Slowking|Thunder Wave|p2a: WRESTLER\n|-status|p2a: WRESTLER|par\n|\n|-end|p2a: WRESTLER|move: Future Sight\n|-supereffective|p2a: WRESTLER\n|-damage|p2a: WRESTLER|0 fnt\n|faint|p2a: WRESTLER\n|upkeep\n|inactive|Harun10022 has 120 seconds left.\n|\n|t:|1700311066\n|switch|p2a: Mr. James|Inteleon, M|47\/100\n|turn|19\n|\n|t:|1700311069\n|move|p2a: Mr. James|Snipe Shot|p1a: Slowking\n|-resisted|p1a: Slowking\n|-damage|p1a: Slowking|56\/100\n|move|p1a: Slowking|Future Sight|p2a: Mr. James\n|-start|p1a: Slowking|move: Future Sight\n|\n|upkeep\n|turn|20\n|\n|t:|1700311079\n|move|p2a: Mr. James|Snipe Shot|p1a: Slowking\n|-resisted|p1a: Slowking\n|-damage|p1a: Slowking|43\/100\n|move|p1a: Slowking|Slack Off|p1a: Slowking\n|-heal|p1a: Slowking|93\/100\n|\n|upkeep\n|turn|21\n|\n|t:|1700311084\n|move|p2a: Mr. James|Snipe Shot|p1a: Slowking\n|-resisted|p1a: Slowking\n|-crit|p1a: Slowking\n|-damage|p1a: Slowking|67\/100\n|move|p1a: Slowking|Thunder Wave|p2a: Mr. James\n|-status|p2a: Mr. James|par\n|\n|-end|p2a: Mr. James|move: Future Sight\n|-damage|p2a: Mr. James|0 fnt\n|faint|p2a: Mr. James\n|upkeep\n|\n|t:|1700311091\n|switch|p2a: Jackson|Quaquaval, M|1\/100 par\n|turn|22\n|\n|t:|1700311095\n|move|p2a: Jackson|Close Combat|p1a: Slowking\n|-resisted|p1a: Slowking\n|-damage|p1a: Slowking|38\/100\n|-unboost|p2a: Jackson|def|1\n|-unboost|p2a: Jackson|spd|1\n|move|p1a: Slowking|Future Sight|p2a: Jackson\n|-start|p1a: Slowking|move: Future Sight\n|\n|upkeep\n|turn|23\n|c|\u2606Harun10022|Nuke incoming\n|\n|t:|1700311104\n|move|p2a: Jackson|Close Combat|p1a: Slowking\n|-resisted|p1a: Slowking\n|-damage|p1a: Slowking|5\/100\n|-unboost|p2a: Jackson|def|1\n|-unboost|p2a: Jackson|spd|1\n|move|p1a: Slowking|Slack Off|p1a: Slowking\n|-heal|p1a: Slowking|55\/100\n|\n|upkeep\n|turn|24\n|c|\u2606Bidonca|Nuh uh\n|\n|t:|1700311112\n|move|p2a: Jackson|Close Combat|p1a: Slowking\n|-resisted|p1a: Slowking\n|-damage|p1a: Slowking|21\/100\n|-unboost|p2a: Jackson|def|1\n|-unboost|p2a: Jackson|spd|1\n|move|p1a: Slowking|Slack Off|p1a: Slowking\n|-heal|p1a: Slowking|71\/100\n|\n|-end|p2a: Jackson|move: Future Sight\n|-supereffective|p2a: Jackson\n|-damage|p2a: Jackson|0 fnt\n|faint|p2a: Jackson\n|upkeep\n|\n|t:|1700311115\n|switch|p2a: Death \u2620|Polteageist-Antique|100\/100\n|turn|25\n|\n|t:|1700311125\n|move|p2a: Death \u2620|Shell Smash|p2a: Death \u2620\n|-unboost|p2a: Death \u2620|def|1\n|-unboost|p2a: Death \u2620|spd|1\n|-boost|p2a: Death \u2620|atk|2\n|-boost|p2a: Death \u2620|spa|2\n|-boost|p2a: Death \u2620|spe|2\n|move|p1a: Slowking|Future Sight|p2a: Death \u2620\n|-start|p1a: Slowking|move: Future Sight\n|\n|upkeep\n|turn|26\n|\n|t:|1700311139\n|move|p2a: Death \u2620|Stored Power|p1a: Slowking\n|-resisted|p1a: Slowking\n|-damage|p1a: Slowking|41\/100\n|move|p1a: Slowking|Thunder Wave|p2a: Death \u2620\n|-status|p2a: Death \u2620|par\n|\n|upkeep\n|turn|27\n|\n|t:|1700311146\n|cant|p2a: Death \u2620|par\n|move|p1a: Slowking|Slack Off|p1a: Slowking\n|-heal|p1a: Slowking|91\/100\n|\n|-end|p2a: Death \u2620|move: Future Sight\n|-damage|p2a: Death \u2620|31\/100 par\n|upkeep\n|turn|28\n|-message|Harun10022 forfeited.\n|\n|win|Bidonca\n|raw|Bidonca's rating: 1051 &rarr; <strong>1093<\/strong><br \/>(+42 for winning)\n|raw|Harun10022's rating: 1156 &rarr; <strong>1124<\/strong><br \/>(-32 for losing)\n|l|\u2606Harun10022\n|l|\u2606Bidonca\n|j|\u2606Bidonca\n|player|p1|Bidonca|milo\n|l|\u2606Bidonca\n|player|p1|\n|j|\u2606Bidonca\n|player|p1|Bidonca|milo\n","uploadtime":1700311647,"views":17,"p1id":"bidonca","p2id":"harun10022","formatid":"gen9ou","rating":1093,"private":0,"password":""}