{"id":"gen9ou-1992459755","p1":"VsNpc","p2":"kanishk0612d","format":"[Gen 9] OU","log":"|j|\u2606VsNpc\n|j|\u2606kanishk0612d\n|inactive|Battle timer is ON: inactive players will automatically lose when time's up.\n|t:|1700190205\n|gametype|singles\n|player|p1|VsNpc|benga|\n|player|p2|kanishk0612d|bellelba|\n|teamsize|p1|3\n|teamsize|p2|3\n|gen|9\n|tier|[Gen 9] OU\n|rated|Tournament battle\n|rule|Sleep Clause Mod: Limit one foe put to sleep\n|rule|Species Clause: Limit one of each Pok\u00e9mon\n|rule|OHKO Clause: OHKO moves are banned\n|rule|Evasion Items Clause: Evasion items are banned\n|rule|Evasion Moves Clause: Evasion moves are banned\n|rule|Endless Battle Clause: Forcing endless battles is banned\n|rule|HP Percentage Mod: HP is shown in percentages\n|clearpoke\n|poke|p1|Magneton|\n|poke|p1|Quilava, F|\n|poke|p1|Lokix, F|\n|poke|p2|Copperajah, F|\n|poke|p2|Toxapex, F|\n|poke|p2|Maushold-Four|\n|teampreview\n|j|*Lady Monita \u2746\n|c|\u2606VsNpc|glhf\n|\n|t:|1700190217\n|start\n|switch|p1a: Quilava|Quilava, F|100\/100\n|switch|p2a: Toxapex|Toxapex, F|100\/100\n|turn|1\n|\n|t:|1700190223\n|move|p1a: Quilava|Extrasensory|p2a: Toxapex\n|-supereffective|p2a: Toxapex\n|-crit|p2a: Toxapex\n|-damage|p2a: Toxapex|54\/100\n|move|p2a: Toxapex|Toxic Spikes|p1a: Quilava\n|-sidestart|p1: VsNpc|move: Toxic Spikes\n|\n|-heal|p2a: Toxapex|60\/100|[from] item: Black Sludge\n|upkeep\n|turn|2\n|\n|t:|1700190231\n|move|p1a: Quilava|Extrasensory|p2a: Toxapex\n|-supereffective|p2a: Toxapex\n|-damage|p2a: Toxapex|25\/100\n|move|p2a: Toxapex|Toxic|p1a: Quilava\n|-status|p1a: Quilava|tox\n|\n|-heal|p2a: Toxapex|31\/100|[from] item: Black Sludge\n|-damage|p1a: Quilava|94\/100 tox|[from] psn\n|upkeep\n|turn|3\n|\n|t:|1700190242\n|move|p2a: Toxapex|Baneful Bunker|p2a: Toxapex\n|-singleturn|p2a: Toxapex|move: Protect\n|move|p1a: Quilava|Extrasensory|p2a: Toxapex\n|-activate|p2a: Toxapex|move: Protect\n|\n|-heal|p2a: Toxapex|37\/100|[from] item: Black Sludge\n|-damage|p1a: Quilava|82\/100 tox|[from] psn\n|upkeep\n|turn|4\n|\n|t:|1700190252\n|move|p1a: Quilava|Extrasensory|p2a: Toxapex\n|-supereffective|p2a: Toxapex\n|-damage|p2a: Toxapex|3\/100\n|move|p2a: Toxapex|Hex|p1a: Quilava\n|-crit|p1a: Quilava\n|-damage|p1a: Quilava|28\/100 tox\n|\n|-heal|p2a: Toxapex|9\/100|[from] item: Black Sludge\n|-damage|p1a: Quilava|9\/100 tox|[from] psn\n|upkeep\n|turn|5\n|\n|t:|1700190261\n|move|p2a: Toxapex|Baneful Bunker|p2a: Toxapex\n|-singleturn|p2a: Toxapex|move: Protect\n|move|p1a: Quilava|Extrasensory|p2a: Toxapex\n|-activate|p2a: Toxapex|move: Protect\n|\n|-heal|p2a: Toxapex|15\/100|[from] item: Black Sludge\n|-damage|p1a: Quilava|0 fnt|[from] psn\n|faint|p1a: Quilava\n|upkeep\n|\n|t:|1700190267\n|switch|p1a: Magneton|Magneton|100\/100\n|turn|6\n|j| mf_salvador\n|\n|t:|1700190275\n|move|p1a: Magneton|Volt Switch|p2a: Toxapex\n|-supereffective|p2a: Toxapex\n|-damage|p2a: Toxapex|0 fnt\n|faint|p2a: Toxapex\n|\n|t:|1700190280\n|switch|p1a: Lokix|Lokix, F|100\/100|[from] Volt Switch\n|-status|p1a: Lokix|psn\n|\n|-damage|p1a: Lokix|88\/100 psn|[from] psn\n|upkeep\n|\n|t:|1700190291\n|switch|p2a: Maushold|Maushold-Four|100\/100\n|turn|7\n|\n|t:|1700190300\n|-terastallize|p2a: Maushold|Ghost\n|move|p2a: Maushold|Population Bomb|p1a: Lokix\n|-damage|p1a: Lokix|70\/100 psn\n|-damage|p1a: Lokix|55\/100 psn\n|-damage|p1a: Lokix|38\/100 psn\n|-hitcount|p1a: Lokix|3\n|move|p1a: Lokix|Knock Off|p2a: Maushold\n|-supereffective|p2a: Maushold\n|-damage|p2a: Maushold|0 fnt\n|-enditem|p2a: Maushold|Wide Lens|[from] move: Knock Off|[of] p1a: Lokix\n|faint|p2a: Maushold\n|-damage|p1a: Lokix|28\/100 psn|[from] item: Life Orb\n|\n|-damage|p1a: Lokix|15\/100 psn|[from] psn\n|upkeep\n|\n|t:|1700190315\n|switch|p2a: Copperajah|Copperajah, F, shiny|100\/100\n|turn|8\n|\n|t:|1700190320\n|move|p1a: Lokix|Axe Kick|p2a: Copperajah\n|-supereffective|p2a: Copperajah\n|-damage|p2a: Copperajah|13\/100\n|-damage|p1a: Lokix|5\/100 psn|[from] item: Life Orb\n|move|p2a: Copperajah|Heat Crash|p1a: Lokix\n|-supereffective|p1a: Lokix\n|-damage|p1a: Lokix|0 fnt\n|faint|p1a: Lokix\n|\n|upkeep\n|\n|t:|1700190327\n|switch|p1a: Magneton|Magneton|100\/100\n|turn|9\n|c|\u2606kanishk0612d|gg\n|\n|t:|1700190335\n|move|p1a: Magneton|Thunderbolt|p2a: Copperajah\n|-damage|p2a: Copperajah|0 fnt\n|faint|p2a: Copperajah\n|\n|win|VsNpc\n|n|\u2606VsNpc|vsnpc\n|n|\u2606kanishk0612d|kanishk0612d\n|n|*Lady Monita \u2746|ladymonita\n|n| mf_salvador|mfsalvador\n","uploadtime":1700190336,"views":7,"p1id":"vsnpc","p2id":"kanishk0612d","formatid":"gen9ou","rating":0,"private":0,"password":""}