{"id":"gen9ou-1993207162","p1":"bryenw","p2":"kingofthevirgins","format":"[Gen 9] OU","log":"|j|\u2606bryenw\n|j|\u2606kingofthevirgins\n|t:|1700278069\n|gametype|singles\n|player|p1|bryenw|266|1550\n|player|p2|kingofthevirgins|blue|1602\n|teamsize|p1|6\n|teamsize|p2|6\n|gen|9\n|tier|[Gen 9] OU\n|rated|\n|rule|Sleep Clause Mod: Limit one foe put to sleep\n|rule|Species Clause: Limit one of each Pok\u00e9mon\n|rule|OHKO Clause: OHKO moves are banned\n|rule|Evasion Items Clause: Evasion items are banned\n|rule|Evasion Moves Clause: Evasion moves are banned\n|rule|Endless Battle Clause: Forcing endless battles is banned\n|rule|HP Percentage Mod: HP is shown in percentages\n|clearpoke\n|poke|p1|Cinderace, F|\n|poke|p1|Garchomp, M|\n|poke|p1|Zapdos|\n|poke|p1|Hatterene, F|\n|poke|p1|Manaphy|\n|poke|p1|Ninetales-Alola, M|\n|poke|p2|Ninetales, M|\n|poke|p2|Walking Wake|\n|poke|p2|Cinderace, M|\n|poke|p2|Great Tusk|\n|poke|p2|Cresselia, F|\n|poke|p2|Breloom, M|\n|teampreview\n|inactive|Battle timer is ON: inactive players will automatically lose when time's up. (requested by bryenw)\n|\n|t:|1700278081\n|start\n|switch|p1a: Ninetales|Ninetales-Alola, M|100\/100\n|switch|p2a: Ninetales|Ninetales, M|100\/100\n|-weather|Snow|[from] ability: Snow Warning|[of] p1a: Ninetales\n|-weather|SunnyDay|[from] ability: Drought|[of] p2a: Ninetales\n|turn|1\n|\n|t:|1700278089\n|switch|p1a: Hatterene|Hatterene, F|100\/100\n|move|p2a: Ninetales|Flamethrower|p1a: Hatterene\n|-damage|p1a: Hatterene|73\/100\n|-status|p1a: Hatterene|brn\n|\n|-weather|SunnyDay|[upkeep]\n|-damage|p1a: Hatterene|67\/100 brn|[from] brn\n|upkeep\n|turn|2\n|\n|t:|1700278092\n|move|p2a: Ninetales|Flamethrower|p1a: Hatterene\n|-damage|p1a: Hatterene|39\/100 brn\n|move|p1a: Hatterene|Nuzzle|p2a: Ninetales\n|-damage|p2a: Ninetales|98\/100\n|-status|p2a: Ninetales|par\n|\n|-weather|SunnyDay|[upkeep]\n|-damage|p1a: Hatterene|33\/100 brn|[from] brn\n|upkeep\n|turn|3\n|\n|t:|1700278100\n|switch|p1a: Ninetales|Ninetales-Alola, M|100\/100\n|-weather|Snow|[from] ability: Snow Warning|[of] p1a: Ninetales\n|move|p2a: Ninetales|Flamethrower|p1a: Ninetales\n|-supereffective|p1a: Ninetales\n|-damage|p1a: Ninetales|52\/100\n|\n|-weather|Snow|[upkeep]\n|upkeep\n|turn|4\n|\n|t:|1700278104\n|switch|p2a: Cinderace|Cinderace, M|100\/100\n|move|p1a: Ninetales|Aurora Veil|p1a: Ninetales\n|-sidestart|p1: bryenw|move: Aurora Veil\n|\n|-weather|Snow|[upkeep]\n|upkeep\n|turn|5\n|\n|t:|1700278107\n|move|p2a: Cinderace|Court Change|p2a: Cinderace\n|-start|p2a: Cinderace|typechange|Normal|[from] ability: Libero\n|-swapsideconditions\n|-activate|p2a: Cinderace|move: Court Change\n|move|p1a: Ninetales|Encore|p2a: Cinderace\n|-start|p2a: Cinderace|Encore\n|\n|-weather|Snow|[upkeep]\n|upkeep\n|turn|6\n|\n|t:|1700278112\n|switch|p2a: Dr. Sheldon Cooper|Cresselia, F|100\/100\n|move|p1a: Ninetales|Aurora Veil|p1a: Ninetales\n|-sidestart|p1: bryenw|move: Aurora Veil\n|\n|-weather|Snow|[upkeep]\n|upkeep\n|turn|7\n|\n|t:|1700278115\n|move|p1a: Ninetales|Foul Play|p2a: Dr. Sheldon Cooper\n|-supereffective|p2a: Dr. Sheldon Cooper\n|-damage|p2a: Dr. Sheldon Cooper|94\/100\n|move|p2a: Dr. Sheldon Cooper|Calm Mind|p2a: Dr. Sheldon Cooper\n|-boost|p2a: Dr. Sheldon Cooper|spa|1\n|-boost|p2a: Dr. Sheldon Cooper|spd|1\n|\n|-weather|none\n|-heal|p2a: Dr. Sheldon Cooper|99\/100|[from] item: Leftovers\n|upkeep\n|turn|8\n|\n|t:|1700278118\n|switch|p2a: Cinderace|Cinderace, M|100\/100\n|move|p1a: Ninetales|Encore||[still]\n|-fail|p1a: Ninetales\n|\n|upkeep\n|turn|9\n|\n|t:|1700278123\n|switch|p1a: Garchomp|Garchomp, M|100\/100\n|move|p2a: Cinderace|Pyro Ball|p1a: Garchomp\n|-resisted|p1a: Garchomp\n|-damage|p1a: Garchomp|86\/100\n|\n|upkeep\n|turn|10\n|\n|t:|1700278129\n|-terastallize|p1a: Garchomp|Fire\n|move|p2a: Cinderace|Will-O-Wisp|p1a: Garchomp\n|-immune|p1a: Garchomp\n|move|p1a: Garchomp|Swords Dance|p1a: Garchomp\n|-boost|p1a: Garchomp|atk|2\n|\n|upkeep\n|turn|11\n|\n|t:|1700278134\n|switch|p2a: Great Tuskerooni|Great Tusk|100\/100\n|move|p1a: Garchomp|Scale Shot|p2a: Great Tuskerooni\n|-damage|p2a: Great Tuskerooni|94\/100\n|-damage|p2a: Great Tuskerooni|87\/100\n|-damage|p2a: Great Tuskerooni|80\/100\n|-damage|p2a: Great Tuskerooni|73\/100\n|-hitcount|p2a: Great Tuskerooni|4\n|-unboost|p1a: Garchomp|def|1\n|-boost|p1a: Garchomp|spe|1\n|\n|-sideend|p2: kingofthevirgins|move: Aurora Veil\n|upkeep\n|turn|12\n|\n|t:|1700278144\n|move|p1a: Garchomp|Scale Shot|p2a: Great Tuskerooni\n|-damage|p2a: Great Tuskerooni|59\/100\n|-crit|p2a: Great Tuskerooni\n|-damage|p2a: Great Tuskerooni|40\/100\n|-damage|p2a: Great Tuskerooni|25\/100\n|-damage|p2a: Great Tuskerooni|12\/100\n|-damage|p2a: Great Tuskerooni|0 fnt\n|faint|p2a: Great Tuskerooni\n|-end|p2a: Great Tuskerooni|Protosynthesis|[silent]\n|-hitcount|p2: Great Tuskerooni|5\n|-unboost|p1a: Garchomp|def|1\n|-boost|p1a: Garchomp|spe|1\n|\n|upkeep\n|\n|t:|1700278163\n|switch|p2a: SuicOn These Nuts|Walking Wake|100\/100\n|turn|13\n|\n|t:|1700278167\n|-terastallize|p2a: SuicOn These Nuts|Water\n|move|p1a: Garchomp|Scale Shot|p2a: SuicOn These Nuts\n|-damage|p2a: SuicOn These Nuts|68\/100\n|-damage|p2a: SuicOn These Nuts|40\/100\n|-damage|p2a: SuicOn These Nuts|9\/100\n|-damage|p2a: SuicOn These Nuts|0 fnt\n|faint|p2a: SuicOn These Nuts\n|-end|p2a: SuicOn These Nuts|Protosynthesis|[silent]\n|-hitcount|p2: SuicOn These Nuts|4\n|-unboost|p1a: Garchomp|def|1\n|-boost|p1a: Garchomp|spe|1\n|\n|-sideend|p1: bryenw|move: Aurora Veil\n|upkeep\n|\n|t:|1700278176\n|switch|p2a: Breloom|Breloom, M|100\/100\n|turn|14\n|\n|t:|1700278181\n|move|p2a: Breloom|Mach Punch|p1a: Garchomp\n|-damage|p1a: Garchomp|18\/100\n|-damage|p2a: Breloom|88\/100|[from] ability: Rough Skin|[of] p1a: Garchomp\n|move|p1a: Garchomp|Fire Fang|p2a: Breloom\n|-supereffective|p2a: Breloom\n|-damage|p2a: Breloom|0 fnt\n|faint|p2a: Breloom\n|\n|upkeep\n|\n|t:|1700278197\n|switch|p2a: Dr. Sheldon Cooper|Cresselia, F|99\/100\n|turn|15\n|\n|t:|1700278201\n|move|p1a: Garchomp|Scale Shot|p2a: Dr. Sheldon Cooper\n|-damage|p2a: Dr. Sheldon Cooper|83\/100\n|-damage|p2a: Dr. Sheldon Cooper|68\/100\n|-damage|p2a: Dr. Sheldon Cooper|52\/100\n|-damage|p2a: Dr. Sheldon Cooper|37\/100\n|-damage|p2a: Dr. Sheldon Cooper|20\/100\n|-hitcount|p2a: Dr. Sheldon Cooper|5\n|-unboost|p1a: Garchomp|def|1\n|-boost|p1a: Garchomp|spe|1\n|move|p2a: Dr. Sheldon Cooper|Tera Blast|p1a: Garchomp\n|-damage|p1a: Garchomp|3\/100\n|\n|-heal|p2a: Dr. Sheldon Cooper|26\/100|[from] item: Leftovers\n|upkeep\n|turn|16\n|\n|t:|1700278214\n|switch|p2a: Cinderace|Cinderace, M|100\/100\n|move|p1a: Garchomp|Scale Shot|p2a: Cinderace\n|-damage|p2a: Cinderace|62\/100\n|-damage|p2a: Cinderace|22\/100\n|-damage|p2a: Cinderace|0 fnt\n|faint|p2a: Cinderace\n|-hitcount|p2: Cinderace|3\n|-unboost|p1a: Garchomp|def|1\n|-boost|p1a: Garchomp|spe|1\n|\n|upkeep\n|\n|t:|1700278216\n|switch|p2a: Ninetales|Ninetales, M|98\/100 par\n|-weather|SunnyDay|[from] ability: Drought|[of] p2a: Ninetales\n|turn|17\n|\n|t:|1700278228\n|move|p1a: Garchomp|Earthquake|p2a: Ninetales\n|-supereffective|p2a: Ninetales\n|-damage|p2a: Ninetales|0 fnt\n|faint|p2a: Ninetales\n|\n|-weather|SunnyDay|[upkeep]\n|upkeep\n|\n|t:|1700278230\n|switch|p2a: Dr. Sheldon Cooper|Cresselia, F|26\/100\n|turn|18\n|\n|t:|1700278235\n|move|p1a: Garchomp|Scale Shot|p2a: Dr. Sheldon Cooper\n|-damage|p2a: Dr. Sheldon Cooper|10\/100\n|-damage|p2a: Dr. Sheldon Cooper|0 fnt\n|faint|p2a: Dr. Sheldon Cooper\n|-hitcount|p2: Dr. Sheldon Cooper|2\n|\n|win|bryenw\n|raw|bryenw's rating: 1550 &rarr; <strong>1573<\/strong><br \/>(+23 for winning)\n|raw|kingofthevirgins's rating: 1602 &rarr; <strong>1579<\/strong><br \/>(-23 for losing)\n|l|\u2606kingofthevirgins\n","uploadtime":1700278260,"views":13,"p1id":"bryenw","p2id":"kingofthevirgins","formatid":"gen9ou","rating":1573,"private":0,"password":""}