{"id":"gen9ou-1990673001","p1":"Lindono","p2":"Sherlock4580","format":"[Gen 9] OU","log":"|j|\u2606Lindono\n|j|\u2606Sherlock4580\n|t:|1699990615\n|gametype|singles\n|player|p1|Lindono|alder|1085\n|player|p2|Sherlock4580|silver|1117\n|teamsize|p1|6\n|teamsize|p2|6\n|gen|9\n|tier|[Gen 9] OU\n|rated|\n|rule|Sleep Clause Mod: Limit one foe put to sleep\n|rule|Species Clause: Limit one of each Pok\u00e9mon\n|rule|OHKO Clause: OHKO moves are banned\n|rule|Evasion Items Clause: Evasion items are banned\n|rule|Evasion Moves Clause: Evasion moves are banned\n|rule|Endless Battle Clause: Forcing endless battles is banned\n|rule|HP Percentage Mod: HP is shown in percentages\n|clearpoke\n|poke|p1|Clodsire, F|\n|poke|p1|Great Tusk|\n|poke|p1|Dusclops, F|\n|poke|p1|Salazzle, F|\n|poke|p1|Kingambit, F|\n|poke|p1|Kilowattrel, M|\n|poke|p2|Kingambit, M|\n|poke|p2|Great Tusk|\n|poke|p2|Alomomola, M|\n|poke|p2|Breloom, F|\n|poke|p2|Heatran, M|\n|poke|p2|Lokix, M|\n|teampreview\n|inactive|Battle timer is ON: inactive players will automatically lose when time's up. (requested by Lindono)\n|\n|t:|1699990626\n|start\n|switch|p1a: Salazzle|Salazzle, F|100\/100\n|switch|p2a: Breloom|Breloom, F|100\/100\n|turn|1\n|\n|t:|1699990637\n|switch|p2a: Alomomola|Alomomola, M|100\/100\n|move|p1a: Salazzle|Toxic|p2a: Alomomola\n|-status|p2a: Alomomola|tox\n|\n|-damage|p2a: Alomomola|94\/100 tox|[from] psn\n|upkeep\n|turn|2\n|\n|t:|1699990648\n|switch|p1a: Clodsire|Clodsire, F|100\/100\n|move|p2a: Alomomola|Scald|p1a: Clodsire\n|-immune|p1a: Clodsire|[from] ability: Water Absorb\n|\n|-damage|p2a: Alomomola|82\/100 tox|[from] psn\n|upkeep\n|turn|3\n|\n|t:|1699990657\n|move|p2a: Alomomola|Light Screen|p2a: Alomomola\n|-sidestart|p2: Sherlock4580|move: Light Screen\n|move|p1a: Clodsire|Spikes|p2a: Alomomola\n|-sidestart|p2: Sherlock4580|Spikes\n|\n|-damage|p2a: Alomomola|63\/100 tox|[from] psn\n|upkeep\n|turn|4\n|\n|t:|1699990665\n|switch|p2a: Breloom|Breloom, F|100\/100\n|-damage|p2a: Breloom|88\/100|[from] Spikes\n|move|p1a: Clodsire|Spikes|p2a: Breloom\n|-sidestart|p2: Sherlock4580|Spikes\n|\n|upkeep\n|turn|5\n|\n|t:|1699990679\n|switch|p1a: Dusclops|Dusclops, F|100\/100\n|-item|p2a: Breloom|Loaded Dice|[from] ability: Frisk|[of] p1a: Dusclops|[identify]\n|-terastallize|p2a: Breloom|Grass\n|move|p2a: Breloom|Bullet Seed|p1a: Dusclops\n|-damage|p1a: Dusclops|90\/100\n|-damage|p1a: Dusclops|79\/100\n|-damage|p1a: Dusclops|67\/100\n|-damage|p1a: Dusclops|57\/100\n|-damage|p1a: Dusclops|46\/100\n|-hitcount|p1a: Dusclops|5\n|\n|upkeep\n|turn|6\n|\n|t:|1699990696\n|move|p2a: Breloom|Bullet Seed|p1a: Dusclops\n|-damage|p1a: Dusclops|35\/100\n|-damage|p1a: Dusclops|25\/100\n|-damage|p1a: Dusclops|15\/100\n|-damage|p1a: Dusclops|5\/100\n|-hitcount|p1a: Dusclops|4\n|move|p1a: Dusclops|Pain Split|p2a: Breloom\n|-sethp|p2a: Breloom|46\/100|[from] move: Pain Split|[silent]\n|-sethp|p1a: Dusclops|53\/100|[from] move: Pain Split\n|\n|upkeep\n|turn|7\n|\n|t:|1699990713\n|switch|p1a: Salazzle|Salazzle, F|100\/100\n|move|p2a: Breloom|Swords Dance|p2a: Breloom\n|-boost|p2a: Breloom|atk|2\n|\n|upkeep\n|turn|8\n|\n|t:|1699990722\n|move|p1a: Salazzle|Overheat|p2a: Breloom\n|-supereffective|p2a: Breloom\n|-damage|p2a: Breloom|0 fnt\n|-unboost|p1a: Salazzle|spa|2\n|faint|p2a: Breloom\n|\n|upkeep\n|\n|t:|1699990726\n|switch|p2a: Great Tusk|Great Tusk|100\/100\n|-damage|p2a: Great Tusk|84\/100|[from] Spikes\n|turn|9\n|\n|t:|1699990734\n|switch|p1a: Kilowattrel|Kilowattrel, M|100\/100\n|move|p2a: Great Tusk|Rapid Spin|p1a: Kilowattrel\n|-damage|p1a: Kilowattrel|70\/100\n|-boost|p2a: Great Tusk|spe|1\n|-sideend|p2: Sherlock4580|Spikes|[from] move: Rapid Spin|[of] p2a: Great Tusk\n|\n|upkeep\n|turn|10\n|\n|t:|1699990748\n|move|p2a: Great Tusk|Close Combat|p1a: Kilowattrel\n|-resisted|p1a: Kilowattrel\n|-damage|p1a: Kilowattrel|13\/100\n|-unboost|p2a: Great Tusk|def|1\n|-unboost|p2a: Great Tusk|spd|1\n|move|p1a: Kilowattrel|Air Slash|p2a: Great Tusk\n|-supereffective|p2a: Great Tusk\n|-damage|p2a: Great Tusk|0 fnt\n|faint|p2a: Great Tusk\n|-end|p2a: Great Tusk|Protosynthesis|[silent]\n|\n|-sideend|p2: Sherlock4580|move: Light Screen\n|upkeep\n|\n|t:|1699990755\n|switch|p2a: Heatran|Heatran, M|100\/100\n|-item|p2a: Heatran|Air Balloon\n|turn|11\n|\n|t:|1699990762\n|switch|p1a: Salazzle|Salazzle, F|100\/100\n|move|p2a: Heatran|Power Gem|p1a: Salazzle\n|-supereffective|p1a: Salazzle\n|-damage|p1a: Salazzle|0 fnt\n|faint|p1a: Salazzle\n|\n|upkeep\n|\n|t:|1699990772\n|switch|p1a: Clodsire|Clodsire, F|100\/100\n|turn|12\n|\n|t:|1699990788\n|move|p2a: Heatran|Earth Power|p1a: Clodsire\n|-supereffective|p1a: Clodsire\n|-damage|p1a: Clodsire|61\/100\n|move|p1a: Clodsire|Spikes|p2a: Heatran\n|-sidestart|p2: Sherlock4580|Spikes\n|\n|-heal|p1a: Clodsire|67\/100|[from] item: Black Sludge\n|upkeep\n|turn|13\n|\n|t:|1699990798\n|move|p2a: Heatran|Magma Storm|p1a: Clodsire\n|-damage|p1a: Clodsire|35\/100\n|-activate|p1a: Clodsire|move: Magma Storm|[of] p2a: Heatran\n|move|p1a: Clodsire|Recover|p1a: Clodsire\n|-heal|p1a: Clodsire|85\/100\n|\n|-heal|p1a: Clodsire|91\/100|[from] item: Black Sludge\n|-damage|p1a: Clodsire|79\/100|[from] move: Magma Storm|[partiallytrapped]\n|upkeep\n|turn|14\n|\n|t:|1699990807\n|move|p2a: Heatran|Earth Power|p1a: Clodsire\n|-supereffective|p1a: Clodsire\n|-damage|p1a: Clodsire|40\/100\n|move|p1a: Clodsire|Spikes|p2a: Heatran\n|-sidestart|p2: Sherlock4580|Spikes\n|\n|-heal|p1a: Clodsire|46\/100|[from] item: Black Sludge\n|-damage|p1a: Clodsire|33\/100|[from] move: Magma Storm|[partiallytrapped]\n|upkeep\n|turn|15\n|\n|t:|1699990817\n|move|p2a: Heatran|Earth Power|p1a: Clodsire\n|-supereffective|p1a: Clodsire\n|-damage|p1a: Clodsire|0 fnt\n|faint|p1a: Clodsire\n|\n|upkeep\n|\n|t:|1699990824\n|switch|p1a: Dusclops|Dusclops, F|53\/100\n|-item|p2a: Heatran|Air Balloon|[from] ability: Frisk|[of] p1a: Dusclops|[identify]\n|turn|16\n|\n|t:|1699990832\n|move|p2a: Heatran|Magma Storm|p1a: Dusclops\n|-damage|p1a: Dusclops|17\/100\n|-activate|p1a: Dusclops|move: Magma Storm|[of] p2a: Heatran\n|move|p1a: Dusclops|Pain Split|p2a: Heatran\n|-sethp|p2a: Heatran|56\/100|[from] move: Pain Split|[silent]\n|-sethp|p1a: Dusclops|77\/100|[from] move: Pain Split\n|\n|-damage|p1a: Dusclops|64\/100|[from] move: Magma Storm|[partiallytrapped]\n|upkeep\n|turn|17\n|\n|t:|1699990845\n|move|p2a: Heatran|Power Gem|p1a: Dusclops\n|-damage|p1a: Dusclops|46\/100\n|move|p1a: Dusclops|Poltergeist|p2a: Heatran\n|-activate|p2a: Heatran|move: Poltergeist|Air Balloon\n|-damage|p2a: Heatran|32\/100\n|-enditem|p2a: Heatran|Air Balloon\n|\n|-damage|p1a: Dusclops|34\/100|[from] move: Magma Storm|[partiallytrapped]\n|upkeep\n|turn|18\n|\n|t:|1699990860\n|move|p2a: Heatran|Earth Power|p1a: Dusclops\n|-damage|p1a: Dusclops|13\/100\n|move|p1a: Dusclops|Pain Split|p2a: Heatran\n|-sethp|p2a: Heatran|21\/100|[from] move: Pain Split|[silent]\n|-sethp|p1a: Dusclops|28\/100|[from] move: Pain Split\n|\n|-damage|p1a: Dusclops|16\/100|[from] move: Magma Storm|[partiallytrapped]\n|upkeep\n|turn|19\n|\n|t:|1699990870\n|move|p2a: Heatran|Earth Power|p1a: Dusclops\n|-damage|p1a: Dusclops|0 fnt\n|faint|p1a: Dusclops\n|\n|upkeep\n|-message|Lindono forfeited.\n|\n|win|Sherlock4580\n|raw|Lindono's rating: 1085 &rarr; <strong>1064<\/strong><br \/>(-21 for losing)\n|raw|Sherlock4580's rating: 1117 &rarr; <strong>1140<\/strong><br \/>(+23 for winning)\n|l|\u2606Lindono\n","uploadtime":1699990885,"views":11,"p1id":"lindono","p2id":"sherlock4580","formatid":"gen9ou","rating":1064,"private":0,"password":""}