{"id":"gen9ou-1991538540","p1":"DeerGurl","p2":"PrinceOberon","format":"[Gen 9] OU","log":"|j|\u2606DeerGurl\n|j|\u2606PrinceOberon\n|t:|1700086246\n|gametype|singles\n|player|p1|DeerGurl|169|1133\n|player|p2|PrinceOberon|swimmer-gen4jp|1098\n|teamsize|p1|6\n|teamsize|p2|6\n|gen|9\n|tier|[Gen 9] OU\n|rated|\n|rule|Sleep Clause Mod: Limit one foe put to sleep\n|rule|Species Clause: Limit one of each Pok\u00e9mon\n|rule|OHKO Clause: OHKO moves are banned\n|rule|Evasion Items Clause: Evasion items are banned\n|rule|Evasion Moves Clause: Evasion moves are banned\n|rule|Endless Battle Clause: Forcing endless battles is banned\n|rule|HP Percentage Mod: HP is shown in percentages\n|clearpoke\n|poke|p1|Inteleon, M|\n|poke|p1|Tsareena, F|\n|poke|p1|Florges, F|\n|poke|p1|Grafaiai, M|\n|poke|p1|Chesnaught, M|\n|poke|p1|Scizor, F|\n|poke|p2|Jolteon, F|\n|poke|p2|Ribombee, M|\n|poke|p2|Goodra-Hisui, F|\n|poke|p2|Avalugg, F|\n|poke|p2|Landorus-Therian, M|\n|poke|p2|Ninetales-Alola, M|\n|teampreview\n|\n|t:|1700086260\n|start\n|switch|p1a: Scizor|Scizor, F|100\/100\n|switch|p2a: Landorus|Landorus-Therian, M|100\/100\n|-ability|p2a: Landorus|Intimidate|boost\n|-unboost|p1a: Scizor|atk|1\n|turn|1\n|\n|t:|1700086276\n|move|p2a: Landorus|Earthquake|p1a: Scizor\n|-damage|p1a: Scizor|38\/100\n|move|p1a: Scizor|Lunge|p2a: Landorus\n|-resisted|p2a: Landorus\n|-damage|p2a: Landorus|84\/100\n|-unboost|p2a: Landorus|atk|1\n|\n|upkeep\n|turn|2\n|\n|t:|1700086287\n|switch|p1a: Chesnaught|Chesnaught, M|100\/100\n|move|p2a: Landorus|Earthquake|p1a: Chesnaught\n|-resisted|p1a: Chesnaught\n|-damage|p1a: Chesnaught|89\/100\n|\n|upkeep\n|turn|3\n|\n|t:|1700086297\n|switch|p2a: Avalugg|Avalugg, F, shiny|100\/100\n|move|p1a: Chesnaught|Leech Seed|p2a: Avalugg\n|-start|p2a: Avalugg|move: Leech Seed\n|\n|-damage|p2a: Avalugg|88\/100|[from] Leech Seed|[of] p1a: Chesnaught\n|-heal|p1a: Chesnaught|100\/100|[silent]\n|upkeep\n|turn|4\n|\n|t:|1700086312\n|switch|p1a: Grafaiai|Grafaiai, M|100\/100\n|move|p2a: Avalugg|Rapid Spin|p1a: Grafaiai\n|-damage|p1a: Grafaiai|76\/100\n|-boost|p2a: Avalugg|spe|1\n|-end|p2a: Avalugg|Leech Seed|[from] move: Rapid Spin|[of] p2a: Avalugg\n|\n|upkeep\n|turn|5\n|\n|t:|1700086323\n|move|p1a: Grafaiai|Encore|p2a: Avalugg\n|-start|p2a: Avalugg|Encore\n|move|p2a: Avalugg|Rapid Spin|p1a: Grafaiai\n|-damage|p1a: Grafaiai|53\/100\n|-boost|p2a: Avalugg|spe|1\n|\n|upkeep\n|turn|6\n|\n|t:|1700086330\n|move|p1a: Grafaiai|Low Sweep|p2a: Avalugg\n|-supereffective|p2a: Avalugg\n|-damage|p2a: Avalugg|72\/100\n|-unboost|p2a: Avalugg|spe|1\n|-damage|p1a: Grafaiai|36\/100|[from] item: Rocky Helmet|[of] p2a: Avalugg\n|move|p2a: Avalugg|Rapid Spin|p1a: Grafaiai\n|-damage|p1a: Grafaiai|12\/100\n|-boost|p2a: Avalugg|spe|1\n|\n|upkeep\n|turn|7\n|\n|t:|1700086343\n|switch|p1a: Chesnaught|Chesnaught, M|100\/100\n|move|p2a: Avalugg|Rapid Spin|p1a: Chesnaught\n|-damage|p1a: Chesnaught|93\/100\n|-boost|p2a: Avalugg|spe|1\n|-damage|p2a: Avalugg|56\/100|[from] item: Rocky Helmet|[of] p1a: Chesnaught\n|\n|-end|p2a: Avalugg|Encore\n|upkeep\n|turn|8\n|\n|t:|1700086353\n|move|p1a: Chesnaught|Leech Seed|p2a: Avalugg\n|-start|p2a: Avalugg|move: Leech Seed\n|move|p2a: Avalugg|Avalanche|p1a: Chesnaught\n|-supereffective|p1a: Chesnaught\n|-damage|p1a: Chesnaught|66\/100\n|-damage|p2a: Avalugg|39\/100|[from] item: Rocky Helmet|[of] p1a: Chesnaught\n|\n|-damage|p2a: Avalugg|27\/100|[from] Leech Seed|[of] p1a: Chesnaught\n|-heal|p1a: Chesnaught|79\/100|[silent]\n|upkeep\n|turn|9\n|\n|t:|1700086364\n|move|p1a: Chesnaught|Spiky Shield|p1a: Chesnaught\n|-singleturn|p1a: Chesnaught|move: Protect\n|move|p2a: Avalugg|Rest|p2a: Avalugg\n|-status|p2a: Avalugg|slp|[from] move: Rest\n|-heal|p2a: Avalugg|100\/100 slp|[silent]\n|\n|-damage|p2a: Avalugg|88\/100 slp|[from] Leech Seed|[of] p1a: Chesnaught\n|-heal|p1a: Chesnaught|92\/100|[silent]\n|upkeep\n|turn|10\n|\n|t:|1700086375\n|cant|p2a: Avalugg|slp\n|move|p2a: Avalugg|Sleep Talk|p2a: Avalugg\n|move|p2a: Avalugg|Rest||[from]move: Sleep Talk|[still]\n|-fail|p2a: Avalugg\n|move|p1a: Chesnaught|Spikes|p2a: Avalugg\n|-sidestart|p2: PrinceOberon|Spikes\n|\n|-damage|p2a: Avalugg|76\/100 slp|[from] Leech Seed|[of] p1a: Chesnaught\n|-heal|p1a: Chesnaught|100\/100|[silent]\n|upkeep\n|turn|11\n|\n|t:|1700086393\n|switch|p2a: Landorus|Landorus-Therian, M|84\/100\n|-ability|p2a: Landorus|Intimidate|boost\n|-unboost|p1a: Chesnaught|atk|1\n|switch|p1a: Grafaiai|Grafaiai, M|12\/100\n|\n|upkeep\n|turn|12\n|\n|t:|1700086409\n|move|p2a: Landorus|U-turn|p1a: Grafaiai\n|-resisted|p1a: Grafaiai\n|-damage|p1a: Grafaiai|0 fnt\n|faint|p1a: Grafaiai\n|\n|t:|1700086417\n|switch|p2a: Goodra|Goodra-Hisui, F|100\/100|[from] U-turn\n|-damage|p2a: Goodra|88\/100|[from] Spikes\n|\n|upkeep\n|\n|t:|1700086453\n|switch|p1a: Tsareena|Tsareena, F|100\/100\n|turn|13\n|\n|t:|1700086459\n|move|p1a: Tsareena|Knock Off|p2a: Goodra\n|-damage|p2a: Goodra|52\/100\n|-enditem|p2a: Goodra|Assault Vest|[from] move: Knock Off|[of] p1a: Tsareena\n|move|p2a: Goodra|Ice Beam|p1a: Tsareena\n|-supereffective|p1a: Tsareena\n|-damage|p1a: Tsareena|62\/100\n|\n|upkeep\n|turn|14\n|\n|t:|1700086472\n|move|p1a: Tsareena|High Jump Kick|p2a: Goodra|[miss]\n|-miss|p1a: Tsareena|p2a: Goodra\n|-damage|p1a: Tsareena|12\/100|[from] highjumpkick\n|move|p2a: Goodra|Life Dew|p2a: Goodra\n|-heal|p2a: Goodra|77\/100\n|\n|upkeep\n|turn|15\n|\n|t:|1700086480\n|move|p1a: Tsareena|High Jump Kick|p2a: Goodra\n|-supereffective|p2a: Goodra\n|-damage|p2a: Goodra|0 fnt\n|faint|p2a: Goodra\n|\n|upkeep\n|\n|t:|1700086483\n|switch|p2a: Ribombee|Ribombee, M|100\/100\n|turn|16\n|\n|t:|1700086494\n|move|p2a: Ribombee|U-turn|p1a: Tsareena\n|-supereffective|p1a: Tsareena\n|-damage|p1a: Tsareena|0 fnt\n|faint|p1a: Tsareena\n|\n|t:|1700086502\n|switch|p2a: Jolteon|Jolteon, F|100\/100|[from] U-turn\n|\n|upkeep\n|\n|t:|1700086511\n|switch|p1a: Florges|Florges, F|100\/100\n|turn|17\n|\n|t:|1700086517\n|move|p2a: Jolteon|Yawn|p1a: Florges\n|-start|p1a: Florges|move: Yawn|[of] p2a: Jolteon\n|move|p1a: Florges|Skill Swap|p2a: Jolteon\n|-activate|p1a: Florges|move: Skill Swap|Volt Absorb|Flower Veil|[of] p2a: Jolteon\n|\n|upkeep\n|turn|18\n|\n|t:|1700086529\n|switch|p2a: Ninetales|Ninetales-Alola, M|100\/100\n|-damage|p2a: Ninetales|88\/100|[from] Spikes\n|-weather|Snow|[from] ability: Snow Warning|[of] p2a: Ninetales\n|switch|p1a: Chesnaught|Chesnaught, M|100\/100\n|\n|-weather|Snow|[upkeep]\n|-heal|p2a: Ninetales|94\/100|[from] item: Leftovers\n|upkeep\n|turn|19\n|\n|t:|1700086542\n|move|p2a: Ninetales|Aurora Veil|p2a: Ninetales\n|-sidestart|p2: PrinceOberon|move: Aurora Veil\n|move|p1a: Chesnaught|Leech Seed|p2a: Ninetales\n|-start|p2a: Ninetales|move: Leech Seed\n|\n|-weather|Snow|[upkeep]\n|-heal|p2a: Ninetales|99\/100|[from] item: Leftovers\n|-damage|p2a: Ninetales|88\/100|[from] Leech Seed|[of] p1a: Chesnaught\n|upkeep\n|turn|20\n|\n|t:|1700086552\n|move|p2a: Ninetales|Blizzard|p1a: Chesnaught\n|-supereffective|p1a: Chesnaught\n|-damage|p1a: Chesnaught|7\/100\n|move|p1a: Chesnaught|Spikes|p2a: Ninetales\n|-sidestart|p2: PrinceOberon|Spikes\n|\n|-weather|Snow|[upkeep]\n|-heal|p2a: Ninetales|94\/100|[from] item: Leftovers\n|-damage|p2a: Ninetales|82\/100|[from] Leech Seed|[of] p1a: Chesnaught\n|-heal|p1a: Chesnaught|16\/100|[silent]\n|upkeep\n|turn|21\n|\n|t:|1700086561\n|move|p1a: Chesnaught|Spiky Shield|p1a: Chesnaught\n|-singleturn|p1a: Chesnaught|move: Protect\n|move|p2a: Ninetales|Draining Kiss|p1a: Chesnaught\n|-activate|p1a: Chesnaught|move: Protect\n|-damage|p2a: Ninetales|69\/100|[from] Spiky Shield|[of] p1a: Chesnaught\n|\n|-weather|Snow|[upkeep]\n|-heal|p2a: Ninetales|75\/100|[from] item: Leftovers\n|-damage|p2a: Ninetales|63\/100|[from] Leech Seed|[of] p1a: Chesnaught\n|-heal|p1a: Chesnaught|25\/100|[silent]\n|upkeep\n|turn|22\n|\n|t:|1700086572\n|switch|p1a: Florges|Florges, F|100\/100\n|move|p2a: Ninetales|Draining Kiss|p1a: Florges\n|-damage|p1a: Florges|90\/100\n|-heal|p2a: Ninetales|73\/100|[from] drain|[of] p1a: Florges\n|\n|-weather|none\n|-heal|p2a: Ninetales|79\/100|[from] item: Leftovers\n|-heal|p1a: Florges|97\/100|[from] item: Leftovers\n|-damage|p2a: Ninetales|66\/100|[from] Leech Seed|[of] p1a: Florges\n|-heal|p1a: Florges|100\/100|[silent]\n|upkeep\n|turn|23\n|\n|t:|1700086587\n|switch|p2a: Ribombee|Ribombee, M|100\/100\n|move|p1a: Florges|Substitute|p1a: Florges\n|-start|p1a: Florges|Substitute\n|-damage|p1a: Florges|75\/100\n|\n|-heal|p1a: Florges|82\/100|[from] item: Leftovers\n|-sideend|p2: PrinceOberon|move: Aurora Veil\n|upkeep\n|turn|24\n|\n|t:|1700086597\n|move|p2a: Ribombee|Bug Buzz|p1a: Florges\n|-resisted|p1a: Florges\n|-damage|p1a: Florges|72\/100\n|move|p1a: Florges|Moonblast|p2a: Ribombee\n|-damage|p2a: Ribombee|42\/100\n|\n|-heal|p1a: Florges|79\/100|[from] item: Leftovers\n|upkeep\n|turn|25\n|\n|t:|1700086605\n|move|p2a: Ribombee|Bug Buzz|p1a: Florges\n|-resisted|p1a: Florges\n|-damage|p1a: Florges|69\/100\n|move|p1a: Florges|Moonblast|p2a: Ribombee\n|-damage|p2a: Ribombee|0 fnt\n|faint|p2a: Ribombee\n|\n|-heal|p1a: Florges|75\/100|[from] item: Leftovers\n|upkeep\n|\n|t:|1700086639\n|switch|p2a: Avalugg|Avalugg, F, shiny|76\/100 slp\n|-damage|p2a: Avalugg|59\/100 slp|[from] Spikes\n|turn|26\n|\n|t:|1700086647\n|move|p1a: Florges|Skill Swap|p2a: Avalugg\n|-activate|p1a: Florges|move: Skill Swap|Ice Body|Flower Veil|[of] p2a: Avalugg\n|cant|p2a: Avalugg|slp\n|move|p2a: Avalugg|Sleep Talk|p2a: Avalugg\n|move|p2a: Avalugg|Rapid Spin|p1a: Florges|[from]move: Sleep Talk\n|-activate|p1a: Florges|move: Substitute|[damage]\n|-sideend|p2: PrinceOberon|Spikes|[from] move: Rapid Spin|[of] p2a: Avalugg\n|-boost|p2a: Avalugg|spe|1\n|\n|-heal|p1a: Florges|82\/100|[from] item: Leftovers\n|upkeep\n|turn|27\n|\n|t:|1700086659\n|move|p1a: Florges|Moonblast|p2a: Avalugg\n|-damage|p2a: Avalugg|0 fnt\n|faint|p2a: Avalugg\n|\n|-heal|p1a: Florges|88\/100|[from] item: Leftovers\n|upkeep\n|\n|t:|1700086664\n|switch|p2a: Landorus|Landorus-Therian, M|84\/100\n|-ability|p2a: Landorus|Intimidate|boost\n|-immune|p1a: Florges\n|turn|28\n|\n|t:|1700086671\n|move|p2a: Landorus|U-turn|p1a: Florges\n|-resisted|p1a: Florges\n|-end|p1a: Florges|Substitute\n|\n|t:|1700086674\n|switch|p2a: Ninetales|Ninetales-Alola, M|66\/100|[from] U-turn\n|-weather|Snow|[from] ability: Snow Warning|[of] p2a: Ninetales\n|move|p1a: Florges|Skill Swap|p2a: Ninetales\n|-activate|p1a: Florges|move: Skill Swap|Snow Warning|Ice Body|[of] p2a: Ninetales\n|\n|-weather|Snow|[upkeep]\n|-heal|p2a: Ninetales|72\/100|[from] ability: Ice Body\n|-heal|p2a: Ninetales|78\/100|[from] item: Leftovers\n|-heal|p1a: Florges|94\/100|[from] item: Leftovers\n|upkeep\n|turn|29\n|\n|t:|1700086687\n|move|p2a: Ninetales|Blizzard|p1a: Florges\n|-damage|p1a: Florges|74\/100\n|move|p1a: Florges|Substitute|p1a: Florges\n|-start|p1a: Florges|Substitute\n|-damage|p1a: Florges|49\/100\n|\n|-weather|Snow|[upkeep]\n|-heal|p2a: Ninetales|84\/100|[from] ability: Ice Body\n|-heal|p2a: Ninetales|90\/100|[from] item: Leftovers\n|-heal|p1a: Florges|55\/100|[from] item: Leftovers\n|upkeep\n|turn|30\n|\n|t:|1700086705\n|move|p2a: Ninetales|Calm Mind|p2a: Ninetales\n|-boost|p2a: Ninetales|spa|1\n|-boost|p2a: Ninetales|spd|1\n|move|p1a: Florges|Moonblast|p2a: Ninetales\n|-damage|p2a: Ninetales|63\/100\n|\n|-weather|Snow|[upkeep]\n|-heal|p2a: Ninetales|69\/100|[from] ability: Ice Body\n|-heal|p2a: Ninetales|75\/100|[from] item: Leftovers\n|-heal|p1a: Florges|61\/100|[from] item: Leftovers\n|upkeep\n|turn|31\n|\n|t:|1700086719\n|move|p2a: Ninetales|Calm Mind|p2a: Ninetales\n|-boost|p2a: Ninetales|spa|1\n|-boost|p2a: Ninetales|spd|1\n|move|p1a: Florges|Skill Swap|p2a: Ninetales\n|-activate|p1a: Florges|move: Skill Swap|Ice Body|Snow Warning|[of] p2a: Ninetales\n|\n|-weather|Snow|[upkeep]\n|-heal|p1a: Florges|67\/100|[from] ability: Ice Body\n|-heal|p2a: Ninetales|81\/100|[from] item: Leftovers\n|-heal|p1a: Florges|73\/100|[from] item: Leftovers\n|upkeep\n|turn|32\n|\n|t:|1700086734\n|move|p2a: Ninetales|Draining Kiss|p1a: Florges\n|-activate|p1a: Florges|move: Substitute|[damage]\n|-heal|p2a: Ninetales|97\/100|[from] drain|[of] p1a: Florges\n|move|p1a: Florges|Moonblast|p2a: Ninetales\n|-damage|p2a: Ninetales|74\/100\n|\n|-weather|none\n|-heal|p2a: Ninetales|80\/100|[from] item: Leftovers\n|-heal|p1a: Florges|79\/100|[from] item: Leftovers\n|upkeep\n|turn|33\n|\n|t:|1700086744\n|move|p2a: Ninetales|Calm Mind|p2a: Ninetales\n|-boost|p2a: Ninetales|spa|1\n|-boost|p2a: Ninetales|spd|1\n|move|p1a: Florges|Moonblast|p2a: Ninetales\n|-damage|p2a: Ninetales|62\/100\n|\n|-heal|p2a: Ninetales|68\/100|[from] item: Leftovers\n|-heal|p1a: Florges|85\/100|[from] item: Leftovers\n|upkeep\n|turn|34\n|\n|t:|1700086753\n|move|p2a: Ninetales|Draining Kiss|p1a: Florges\n|-end|p1a: Florges|Substitute\n|-heal|p2a: Ninetales|75\/100|[from] drain|[of] p1a: Florges\n|move|p1a: Florges|Moonblast|p2a: Ninetales\n|-damage|p2a: Ninetales|58\/100\n|-unboost|p2a: Ninetales|spa|1\n|\n|-heal|p2a: Ninetales|64\/100|[from] item: Leftovers\n|-heal|p1a: Florges|92\/100|[from] item: Leftovers\n|upkeep\n|turn|35\n|\n|t:|1700086767\n|move|p2a: Ninetales|Draining Kiss|p1a: Florges\n|-damage|p1a: Florges|74\/100\n|-heal|p2a: Ninetales|81\/100|[from] drain|[of] p1a: Florges\n|move|p1a: Florges|Moonblast|p2a: Ninetales\n|-damage|p2a: Ninetales|61\/100\n|\n|-heal|p2a: Ninetales|67\/100|[from] item: Leftovers\n|-heal|p1a: Florges|80\/100|[from] item: Leftovers\n|upkeep\n|turn|36\n|\n|t:|1700086778\n|move|p2a: Ninetales|Calm Mind|p2a: Ninetales\n|-boost|p2a: Ninetales|spa|1\n|-boost|p2a: Ninetales|spd|1\n|move|p1a: Florges|Moonblast|p2a: Ninetales\n|-damage|p2a: Ninetales|52\/100\n|-unboost|p2a: Ninetales|spa|1\n|\n|-heal|p2a: Ninetales|58\/100|[from] item: Leftovers\n|-heal|p1a: Florges|86\/100|[from] item: Leftovers\n|upkeep\n|turn|37\n|\n|t:|1700086788\n|switch|p1a: Scizor|Scizor, F|38\/100\n|move|p2a: Ninetales|Calm Mind|p2a: Ninetales\n|-boost|p2a: Ninetales|spa|1\n|-boost|p2a: Ninetales|spd|1\n|\n|-heal|p2a: Ninetales|64\/100|[from] item: Leftovers\n|upkeep\n|turn|38\n|l|\u2606DeerGurl\n|player|p1|\n|inactive|Battle timer is ON: inactive players will automatically lose when time's up. (requested by PrinceOberon)\n|j|\u2606DeerGurl\n|inactive|DeerGurl reconnected and has 150 seconds left.\n|player|p1|DeerGurl|169\n|\n|t:|1700086895\n|move|p1a: Scizor|Bullet Punch|p2a: Ninetales\n|-supereffective|p2a: Ninetales\n|-damage|p2a: Ninetales|0 fnt\n|faint|p2a: Ninetales\n|\n|upkeep\n|\n|t:|1700086905\n|switch|p2a: Jolteon|Jolteon, F|100\/100\n|turn|39\n|\n|t:|1700086911\n|move|p1a: Scizor|Bullet Punch|p2a: Jolteon\n|-resisted|p2a: Jolteon\n|-damage|p2a: Jolteon|68\/100\n|move|p2a: Jolteon|Volt Switch|p1a: Scizor\n|-damage|p1a: Scizor|0 fnt\n|faint|p1a: Scizor\n|\n|t:|1700086914\n|switch|p2a: Landorus|Landorus-Therian, M|84\/100|[from] Volt Switch\n|\n|upkeep\n|\n|t:|1700086922\n|switch|p1a: Chesnaught|Chesnaught, M|25\/100\n|turn|40\n|\n|t:|1700086927\n|move|p2a: Landorus|U-turn|p1a: Chesnaught\n|-damage|p1a: Chesnaught|9\/100\n|-damage|p2a: Landorus|67\/100|[from] item: Rocky Helmet|[of] p1a: Chesnaught\n|\n|t:|1700086930\n|switch|p2a: Jolteon|Jolteon, F|68\/100|[from] U-turn\n|move|p1a: Chesnaught|Leech Seed|p2a: Jolteon|[miss]\n|-miss|p1a: Chesnaught|p2a: Jolteon\n|\n|upkeep\n|turn|41\n|\n|t:|1700086939\n|move|p1a: Chesnaught|Spiky Shield|p1a: Chesnaught\n|-singleturn|p1a: Chesnaught|move: Protect\n|move|p2a: Jolteon|Volt Switch|p1a: Chesnaught\n|-activate|p1a: Chesnaught|move: Protect\n|\n|upkeep\n|turn|42\n|\n|t:|1700086949\n|move|p2a: Jolteon|Volt Switch|p1a: Chesnaught\n|-resisted|p1a: Chesnaught\n|-damage|p1a: Chesnaught|0 fnt\n|faint|p1a: Chesnaught\n|\n|t:|1700086952\n|switch|p2a: Landorus|Landorus-Therian, M|67\/100|[from] Volt Switch\n|\n|upkeep\n|\n|t:|1700086956\n|switch|p1a: Inteleon|Inteleon, M|100\/100\n|turn|43\n|\n|t:|1700086961\n|move|p2a: Landorus|U-turn|p1a: Inteleon\n|-damage|p1a: Inteleon|55\/100\n|\n|t:|1700086963\n|switch|p2a: Jolteon|Jolteon, F|68\/100|[from] U-turn\n|move|p1a: Inteleon|Ice Beam|p2a: Jolteon\n|-damage|p2a: Jolteon|28\/100\n|\n|upkeep\n|turn|44\n|\n|t:|1700086976\n|switch|p1a: Florges|Florges, F|86\/100\n|move|p2a: Jolteon|Volt Switch|p1a: Florges\n|-damage|p1a: Florges|69\/100\n|\n|t:|1700086981\n|switch|p2a: Landorus|Landorus-Therian, M|67\/100|[from] Volt Switch\n|-ability|p2a: Landorus|Intimidate|boost\n|-unboost|p1a: Florges|atk|1\n|\n|-heal|p1a: Florges|75\/100|[from] item: Leftovers\n|upkeep\n|turn|45\n|\n|t:|1700086990\n|move|p2a: Landorus|Earthquake|p1a: Florges\n|-damage|p1a: Florges|7\/100\n|move|p1a: Florges|Substitute|p1a: Florges\n|-fail|p1a: Florges|move: Substitute|[weak]\n|\n|-heal|p1a: Florges|13\/100|[from] item: Leftovers\n|upkeep\n|turn|46\n|\n|t:|1700086999\n|move|p2a: Landorus|Earthquake|p1a: Florges\n|-damage|p1a: Florges|0 fnt\n|faint|p1a: Florges\n|\n|upkeep\n|\n|t:|1700087004\n|switch|p1a: Inteleon|Inteleon, M|55\/100\n|turn|47\n|\n|t:|1700087013\n|-terastallize|p1a: Inteleon|Water\n|move|p2a: Landorus|Earthquake|p1a: Inteleon\n|-damage|p1a: Inteleon|0 fnt\n|faint|p1a: Inteleon\n|\n|win|PrinceOberon\n|raw|DeerGurl's rating: 1133 &rarr; <strong>1105<\/strong><br \/>(-28 for losing)\n|raw|PrinceOberon's rating: 1098 &rarr; <strong>1126<\/strong><br \/>(+28 for winning)\n|l|\u2606DeerGurl\n","uploadtime":1700087023,"views":7,"p1id":"deergurl","p2id":"princeoberon","formatid":"gen9ou","rating":1105,"private":0,"password":""}