{"id":"gen9ou-1997891262","p1":"JimmyWimmy","p2":"testset_2023","format":"[Gen 9] OU","log":"|j|\u2606JimmyWimmy\n|j|\u2606testset_2023\n|t:|1700864274\n|gametype|singles\n|player|p1|JimmyWimmy|pokemonbreederf-gen4|1331\n|player|p2|testset_2023|bellelba|1359\n|teamsize|p1|6\n|teamsize|p2|6\n|gen|9\n|tier|[Gen 9] OU\n|rated|\n|rule|Sleep Clause Mod: Limit one foe put to sleep\n|rule|Species Clause: Limit one of each Pok\u00e9mon\n|rule|OHKO Clause: OHKO moves are banned\n|rule|Evasion Items Clause: Evasion items are banned\n|rule|Evasion Moves Clause: Evasion moves are banned\n|rule|Endless Battle Clause: Forcing endless battles is banned\n|rule|HP Percentage Mod: HP is shown in percentages\n|clearpoke\n|poke|p1|Pelipper, M|\n|poke|p1|Greninja-*, M|\n|poke|p1|Barraskewda, F|\n|poke|p1|Iron Valiant|\n|poke|p1|Ribombee, M|\n|poke|p1|Zapdos|\n|poke|p2|Tyranitar, M|\n|poke|p2|Kingambit, F|\n|poke|p2|Glimmora, F|\n|poke|p2|Gholdengo|\n|poke|p2|Rillaboom, F|\n|poke|p2|Enamorus, F|\n|teampreview\n|inactive|Battle timer is ON: inactive players will automatically lose when time's up. (requested by testset_2023)\n|\n|t:|1700864287\n|start\n|switch|p1a: Ribombee|Ribombee, M|100\/100\n|switch|p2a: Tyranitar|Tyranitar, M|100\/100\n|-weather|Sandstorm|[from] ability: Sand Stream|[of] p2a: Tyranitar\n|turn|1\n|\n|t:|1700864296\n|move|p1a: Ribombee|Sticky Web|p2a: Tyranitar\n|-sidestart|p2: testset_2023|move: Sticky Web\n|move|p2a: Tyranitar|Heavy Slam|p1a: Ribombee\n|-supereffective|p1a: Ribombee\n|-enditem|p1a: Ribombee|Focus Sash\n|-damage|p1a: Ribombee|1\/100\n|\n|-weather|Sandstorm|[upkeep]\n|-damage|p1a: Ribombee|0 fnt|[from] Sandstorm\n|faint|p1a: Ribombee\n|upkeep\n|\n|t:|1700864310\n|switch|p1a: Pelipper|Pelipper, M|100\/100\n|-weather|RainDance|[from] ability: Drizzle|[of] p1a: Pelipper\n|turn|2\n|\n|t:|1700864334\n|switch|p2a: Rillaboom|Rillaboom, F|100\/100\n|-activate|p2a: Rillaboom|move: Sticky Web\n|-unboost|p2a: Rillaboom|spe|1\n|-fieldstart|move: Grassy Terrain|[from] ability: Grassy Surge|[of] p2a: Rillaboom\n|move|p1a: Pelipper|Hydro Pump|p2a: Rillaboom\n|-resisted|p2a: Rillaboom\n|-damage|p2a: Rillaboom|64\/100\n|\n|-weather|RainDance|[upkeep]\n|-heal|p2a: Rillaboom|71\/100|[from] Grassy Terrain\n|upkeep\n|turn|3\n|\n|t:|1700864343\n|switch|p2a: Tyranitar|Tyranitar, M|100\/100\n|-activate|p2a: Tyranitar|move: Sticky Web\n|-unboost|p2a: Tyranitar|spe|1\n|-weather|Sandstorm|[from] ability: Sand Stream|[of] p2a: Tyranitar\n|move|p1a: Pelipper|Hurricane|p2a: Tyranitar|[miss]\n|-miss|p1a: Pelipper|p2a: Tyranitar\n|\n|-weather|Sandstorm|[upkeep]\n|-damage|p1a: Pelipper|94\/100|[from] Sandstorm\n|upkeep\n|turn|4\n|\n|t:|1700864359\n|move|p1a: Pelipper|Hydro Pump|p2a: Tyranitar|[miss]\n|-miss|p1a: Pelipper|p2a: Tyranitar\n|move|p2a: Tyranitar|Rock Blast|p1a: Pelipper\n|-supereffective|p1a: Pelipper\n|-damage|p1a: Pelipper|73\/100\n|-supereffective|p1a: Pelipper\n|-damage|p1a: Pelipper|51\/100\n|-supereffective|p1a: Pelipper\n|-damage|p1a: Pelipper|28\/100\n|-supereffective|p1a: Pelipper\n|-damage|p1a: Pelipper|6\/100\n|-supereffective|p1a: Pelipper\n|-damage|p1a: Pelipper|0 fnt\n|faint|p1a: Pelipper\n|-hitcount|p1: Pelipper|5\n|\n|-weather|Sandstorm|[upkeep]\n|upkeep\n|\n|t:|1700864374\n|switch|p1a: Iron Valiant|Iron Valiant|100\/100\n|-enditem|p1a: Iron Valiant|Booster Energy\n|-activate|p1a: Iron Valiant|ability: Quark Drive|[fromitem]\n|-start|p1a: Iron Valiant|quarkdrivespe\n|turn|5\n|c|\u2606testset_2023|That's why he's the GOAT\n|c|\u2606testset_2023|The GOAT\n|\n|t:|1700864391\n|-terastallize|p1a: Iron Valiant|Dark\n|-terastallize|p2a: Tyranitar|Poison\n|move|p1a: Iron Valiant|Swords Dance|p1a: Iron Valiant\n|-boost|p1a: Iron Valiant|atk|2\n|move|p2a: Tyranitar|Heavy Slam|p1a: Iron Valiant\n|-damage|p1a: Iron Valiant|40\/100\n|\n|-weather|Sandstorm|[upkeep]\n|-damage|p1a: Iron Valiant|33\/100|[from] Sandstorm\n|-damage|p2a: Tyranitar|94\/100|[from] Sandstorm\n|-heal|p1a: Iron Valiant|40\/100|[from] Grassy Terrain\n|-heal|p2a: Tyranitar|100\/100|[from] Grassy Terrain\n|upkeep\n|turn|6\n|\n|t:|1700864410\n|move|p1a: Iron Valiant|Knock Off|p2a: Tyranitar\n|-damage|p2a: Tyranitar|28\/100\n|-enditem|p2a: Tyranitar|Leftovers|[from] move: Knock Off|[of] p1a: Iron Valiant\n|move|p2a: Tyranitar|Heavy Slam|p1a: Iron Valiant\n|-damage|p1a: Iron Valiant|0 fnt\n|faint|p1a: Iron Valiant\n|-end|p1a: Iron Valiant|Quark Drive|[silent]\n|\n|-weather|Sandstorm|[upkeep]\n|-damage|p2a: Tyranitar|22\/100|[from] Sandstorm\n|-heal|p2a: Tyranitar|28\/100|[from] Grassy Terrain\n|-fieldend|move: Grassy Terrain\n|upkeep\n|\n|t:|1700864421\n|switch|p1a: Barraskewda|Barraskewda, F|100\/100\n|turn|7\n|\n|t:|1700864428\n|switch|p2a: Glimmora|Glimmora, F|100\/100\n|-item|p2a: Glimmora|Air Balloon\n|move|p1a: Barraskewda|Liquidation|p2a: Glimmora\n|-supereffective|p2a: Glimmora\n|-damage|p2a: Glimmora|0 fnt\n|-activate|p2a: Glimmora|ability: Toxic Debris\n|-sidestart|p1: JimmyWimmy|move: Toxic Spikes\n|-enditem|p2a: Glimmora|Air Balloon\n|faint|p2a: Glimmora\n|-damage|p1a: Barraskewda|91\/100|[from] item: Life Orb\n|\n|-weather|none\n|upkeep\n|inactive|testset_2023 has 120 seconds left.\n|\n|t:|1700864471\n|switch|p2a: Gholdengo|Gholdengo|100\/100\n|-activate|p2a: Gholdengo|move: Sticky Web\n|-unboost|p2a: Gholdengo|spe|1\n|-enditem|p2a: Gholdengo|Eject Pack\n|\n|t:|1700864484\n|switch|p2a: Tyranitar|Tyranitar, M, tera:Poison|28\/100\n|-activate|p2a: Tyranitar|move: Sticky Web\n|-unboost|p2a: Tyranitar|spe|1\n|-weather|Sandstorm|[from] ability: Sand Stream|[of] p2a: Tyranitar\n|turn|8\n|inactive|testset_2023 has 90 seconds left.\n|\n|t:|1700864509\n|move|p1a: Barraskewda|Liquidation|p2a: Tyranitar\n|-damage|p2a: Tyranitar|0 fnt\n|faint|p2a: Tyranitar\n|-damage|p1a: Barraskewda|81\/100|[from] item: Life Orb\n|\n|-weather|Sandstorm|[upkeep]\n|-damage|p1a: Barraskewda|75\/100|[from] Sandstorm\n|upkeep\n|\n|t:|1700864534\n|switch|p2a: Enamorus|Enamorus, F|100\/100\n|turn|9\n|\n|t:|1700864557\n|move|p2a: Enamorus|Moonblast|p1a: Barraskewda\n|-damage|p1a: Barraskewda|0 fnt\n|faint|p1a: Barraskewda\n|\n|-weather|Sandstorm|[upkeep]\n|-damage|p2a: Enamorus|94\/100|[from] Sandstorm\n|upkeep\n|\n|t:|1700864564\n|switch|p1a: Zapdos|Zapdos|100\/100\n|turn|10\n|inactive|testset_2023 has 90 seconds left.\n|\n|t:|1700864580\n|switch|p2a: Gholdengo|Gholdengo|100\/100\n|-activate|p2a: Gholdengo|move: Sticky Web\n|-unboost|p2a: Gholdengo|spe|1\n|move|p1a: Zapdos|Volt Switch|p2a: Gholdengo\n|-damage|p2a: Gholdengo|59\/100\n|\n|t:|1700864587\n|switch|p1a: Greninja|Greninja, M|100\/100|[from] Volt Switch\n|-status|p1a: Greninja|psn\n|\n|-weather|Sandstorm|[upkeep]\n|-damage|p1a: Greninja|95\/100 psn|[from] Sandstorm\n|-damage|p1a: Greninja|82\/100 psn|[from] psn\n|upkeep\n|turn|11\n|inactive|testset_2023 has 90 seconds left.\n|\n|t:|1700864599\n|move|p1a: Greninja|Dark Pulse|p2a: Gholdengo\n|-supereffective|p2a: Gholdengo\n|-damage|p2a: Gholdengo|0 fnt\n|faint|p2a: Gholdengo\n|-ability|p1a: Greninja|Battle Bond|boost\n|-boost|p1a: Greninja|atk|1\n|-boost|p1a: Greninja|spa|1\n|-boost|p1a: Greninja|spe|1\n|-activate|p1a: Greninja|ability: Battle Bond\n|\n|-weather|Sandstorm|[upkeep]\n|-damage|p1a: Greninja|76\/100 psn|[from] Sandstorm\n|-damage|p1a: Greninja|64\/100 psn|[from] psn\n|upkeep\n|\n|t:|1700864604\n|switch|p2a: Rillaboom|Rillaboom, F|71\/100\n|-activate|p2a: Rillaboom|move: Sticky Web\n|-unboost|p2a: Rillaboom|spe|1\n|-fieldstart|move: Grassy Terrain|[from] ability: Grassy Surge|[of] p2a: Rillaboom\n|turn|12\n|\n|t:|1700864608\n|move|p2a: Rillaboom|Grassy Glide|p1a: Greninja\n|-supereffective|p1a: Greninja\n|-damage|p1a: Greninja|0 fnt\n|faint|p1a: Greninja\n|\n|-weather|none\n|-heal|p2a: Rillaboom|77\/100|[from] Grassy Terrain\n|upkeep\n|-message|JimmyWimmy forfeited.\n|\n|win|testset_2023\n|raw|JimmyWimmy's rating: 1331 &rarr; <strong>1313<\/strong><br \/>(-18 for losing)\n|raw|testset_2023's rating: 1359 &rarr; <strong>1377<\/strong><br \/>(+18 for winning)\n|l|\u2606JimmyWimmy\n","uploadtime":1700864622,"views":3,"p1id":"jimmywimmy","p2id":"testset2023","formatid":"gen9ou","rating":1313,"private":0,"password":""}