{"id":"gen9ou-2000051902","p1":"Arcangel666","p2":"liaoya","format":"[Gen 9] OU","log":"|j|\u2606Arcangel666\n|j|\u2606liaoya\n|t:|1701146441\n|gametype|singles\n|player|p1|Arcangel666|piers|1557\n|player|p2|liaoya|petrel|1576\n|teamsize|p1|6\n|teamsize|p2|6\n|gen|9\n|tier|[Gen 9] OU\n|rated|\n|rule|Sleep Clause Mod: Limit one foe put to sleep\n|rule|Species Clause: Limit one of each Pok\u00e9mon\n|rule|OHKO Clause: OHKO moves are banned\n|rule|Evasion Items Clause: Evasion items are banned\n|rule|Evasion Moves Clause: Evasion moves are banned\n|rule|Endless Battle Clause: Forcing endless battles is banned\n|rule|HP Percentage Mod: HP is shown in percentages\n|clearpoke\n|poke|p1|Ting-Lu|\n|poke|p1|Kingambit, M|\n|poke|p1|Dragapult, M|\n|poke|p1|Skeledirge, F|\n|poke|p1|Iron Valiant|\n|poke|p1|Rotom-Wash|\n|poke|p2|Drifblim, F|\n|poke|p2|Garganacl, M|\n|poke|p2|Umbreon, F|\n|poke|p2|Rotom-Wash|\n|poke|p2|Glimmora, M|\n|poke|p2|Espeon, M|\n|teampreview\n|inactive|Battle timer is ON: inactive players will automatically lose when time's up. (requested by liaoya)\n|\n|t:|1701146445\n|start\n|switch|p1a: Rotom|Rotom-Wash, shiny|100\/100\n|switch|p2a: Rotom|Rotom-Wash|100\/100\n|turn|1\n|\n|t:|1701146453\n|move|p2a: Rotom|Volt Switch|p1a: Rotom\n|-damage|p1a: Rotom|61\/100\n|\n|t:|1701146458\n|switch|p2a: Espeon|Espeon, M|100\/100|[from] Volt Switch\n|move|p1a: Rotom|Thunderbolt|p2a: Espeon\n|-damage|p2a: Espeon|60\/100\n|\n|-heal|p1a: Rotom|68\/100|[from] item: Leftovers\n|upkeep\n|turn|2\n|\n|t:|1701146468\n|move|p2a: Espeon|Trick|p1a: Rotom\n|-activate|p2a: Espeon|move: Trick|[of] p1a: Rotom\n|-item|p1a: Rotom|Choice Scarf|[from] move: Trick\n|-item|p2a: Espeon|Leftovers|[from] move: Trick\n|move|p1a: Rotom|Hydro Pump|p2a: Espeon\n|-damage|p2a: Espeon|10\/100\n|\n|-heal|p2a: Espeon|16\/100|[from] item: Leftovers\n|upkeep\n|turn|3\n|\n|t:|1701146474\n|switch|p2a: Rotom|Rotom-Wash|100\/100\n|move|p1a: Rotom|Hydro Pump|p2a: Rotom\n|-resisted|p2a: Rotom\n|-damage|p2a: Rotom|76\/100\n|\n|upkeep\n|turn|4\n|\n|t:|1701146484\n|switch|p1a: Ting-Lu|Ting-Lu|100\/100\n|-ability|p1a: Ting-Lu|Vessel of Ruin\n|move|p2a: Rotom|Hydro Pump|p1a: Ting-Lu|[miss]\n|-miss|p2a: Rotom|p1a: Ting-Lu\n|\n|upkeep\n|turn|5\n|\n|t:|1701146492\n|switch|p1a: Dragapult|Dragapult, M, shiny|100\/100\n|move|p2a: Rotom|Hydro Pump|p1a: Dragapult\n|-resisted|p1a: Dragapult\n|-damage|p1a: Dragapult|68\/100\n|\n|-heal|p1a: Dragapult|74\/100|[from] item: Leftovers\n|upkeep\n|turn|6\n|\n|t:|1701146498\n|switch|p2a: Umbreon|Umbreon, F, shiny|100\/100\n|move|p1a: Dragapult|Substitute|p1a: Dragapult\n|-start|p1a: Dragapult|Substitute\n|-damage|p1a: Dragapult|49\/100\n|\n|-heal|p1a: Dragapult|55\/100|[from] item: Leftovers\n|upkeep\n|turn|7\n|\n|t:|1701146500\n|move|p1a: Dragapult|Dragon Darts|p2a: Umbreon\n|-damage|p2a: Umbreon|82\/100\n|-anim|p1a: Dragapult|Dragon Darts|p2a: Umbreon\n|-damage|p2a: Umbreon|65\/100\n|move|p2a: Umbreon|Foul Play|p1a: Dragapult\n|-supereffective|p1a: Dragapult\n|-end|p1a: Dragapult|Substitute\n|\n|-heal|p1a: Dragapult|61\/100|[from] item: Leftovers\n|-heal|p2a: Umbreon|71\/100|[from] item: Leftovers\n|upkeep\n|turn|8\n|\n|t:|1701146506\n|switch|p1a: Iron Valiant|Iron Valiant, shiny|100\/100\n|move|p2a: Umbreon|Yawn|p1a: Iron Valiant\n|-start|p1a: Iron Valiant|move: Yawn|[of] p2a: Umbreon\n|\n|-heal|p2a: Umbreon|77\/100|[from] item: Leftovers\n|upkeep\n|turn|9\n|\n|t:|1701146516\n|-end|p1a: Iron Valiant|Quark Drive|[silent]\n|switch|p1a: Kingambit|Kingambit, M, shiny|100\/100\n|switch|p2a: Espeon|Espeon, M|16\/100\n|\n|-heal|p2a: Espeon|22\/100|[from] item: Leftovers\n|upkeep\n|turn|10\n|\n|t:|1701146521\n|move|p2a: Espeon|Detect|p2a: Espeon\n|-singleturn|p2a: Espeon|Protect\n|move|p1a: Kingambit|Kowtow Cleave|p2a: Espeon\n|-activate|p2a: Espeon|move: Protect\n|\n|-heal|p2a: Espeon|28\/100|[from] item: Leftovers\n|upkeep\n|turn|11\n|\n|t:|1701146525\n|switch|p2a: Glimmora|Glimmora, M|100\/100\n|move|p1a: Kingambit|Iron Head|p2a: Glimmora\n|-supereffective|p2a: Glimmora\n|-damage|p2a: Glimmora|25\/100\n|-activate|p2a: Glimmora|ability: Toxic Debris\n|-sidestart|p1: Arcangel666|move: Toxic Spikes\n|\n|upkeep\n|turn|12\n|\n|t:|1701146531\n|move|p2a: Glimmora|Mortal Spin|p1a: Kingambit\n|-immune|p1a: Kingambit\n|move|p1a: Kingambit|Iron Head|p2a: Glimmora\n|-supereffective|p2a: Glimmora\n|-damage|p2a: Glimmora|0 fnt\n|-activate|p2a: Glimmora|ability: Toxic Debris\n|-sidestart|p1: Arcangel666|move: Toxic Spikes\n|faint|p2a: Glimmora\n|\n|upkeep\n|\n|t:|1701146534\n|switch|p2a: Rotom|Rotom-Wash|76\/100\n|turn|13\n|\n|t:|1701146539\n|-end|p1a: Kingambit|fallenundefined|[silent]\n|switch|p1a: Rotom|Rotom-Wash, shiny|68\/100\n|move|p2a: Rotom|Trick|p1a: Rotom\n|-activate|p2a: Rotom|move: Trick|[of] p1a: Rotom\n|-item|p1a: Rotom|Choice Scarf|[from] move: Trick\n|-item|p2a: Rotom|Choice Scarf|[from] move: Trick\n|\n|upkeep\n|turn|14\n|\n|t:|1701146551\n|move|p1a: Rotom|Thunderbolt|p2a: Rotom\n|-damage|p2a: Rotom|33\/100\n|move|p2a: Rotom|Hydro Pump|p1a: Rotom\n|-resisted|p1a: Rotom\n|-damage|p1a: Rotom|33\/100\n|\n|upkeep\n|turn|15\n|\n|t:|1701146557\n|switch|p2a: Garganacl|Garganacl, M, shiny|100\/100\n|move|p1a: Rotom|Thunderbolt|p2a: Garganacl\n|-damage|p2a: Garganacl|74\/100\n|\n|-heal|p2a: Garganacl|80\/100|[from] item: Leftovers\n|upkeep\n|turn|16\n|\n|t:|1701146560\n|switch|p1a: Ting-Lu|Ting-Lu|100\/100\n|-status|p1a: Ting-Lu|tox\n|-ability|p1a: Ting-Lu|Vessel of Ruin\n|move|p2a: Garganacl|Salt Cure|p1a: Ting-Lu\n|-resisted|p1a: Ting-Lu\n|-damage|p1a: Ting-Lu|97\/100 tox\n|-start|p1a: Ting-Lu|Salt Cure\n|\n|-heal|p1a: Ting-Lu|100\/100 tox|[from] item: Leftovers\n|-heal|p2a: Garganacl|87\/100|[from] item: Leftovers\n|-damage|p1a: Ting-Lu|94\/100 tox|[from] psn\n|-damage|p1a: Ting-Lu|82\/100 tox|[from] Salt Cure\n|upkeep\n|turn|17\n|\n|t:|1701146569\n|switch|p2a: Espeon|Espeon, M|28\/100\n|move|p1a: Ting-Lu|Whirlwind|p2a: Espeon\n|move|p2a: Espeon|Whirlwind|p1a: Ting-Lu|[from]ability: Magic Bounce\n|drag|p1a: Dragapult|Dragapult, M, shiny|61\/100\n|-status|p1a: Dragapult|tox\n|\n|-heal|p1a: Dragapult|67\/100 tox|[from] item: Leftovers\n|-heal|p2a: Espeon|34\/100|[from] item: Leftovers\n|-damage|p1a: Dragapult|61\/100 tox|[from] psn\n|upkeep\n|turn|18\n|\n|t:|1701146575\n|move|p2a: Espeon|Detect|p2a: Espeon\n|-singleturn|p2a: Espeon|Protect\n|move|p1a: Dragapult|Dragon Darts|p2a: Espeon\n|-activate|p2a: Espeon|move: Protect\n|\n|-heal|p1a: Dragapult|67\/100 tox|[from] item: Leftovers\n|-heal|p2a: Espeon|40\/100|[from] item: Leftovers\n|-damage|p1a: Dragapult|55\/100 tox|[from] psn\n|upkeep\n|turn|19\n|\n|t:|1701146584\n|move|p1a: Dragapult|Dragon Darts|p2a: Espeon\n|-damage|p2a: Espeon|12\/100\n|-anim|p1a: Dragapult|Dragon Darts|p2a: Espeon\n|-damage|p2a: Espeon|0 fnt\n|faint|p2a: Espeon\n|\n|-heal|p1a: Dragapult|61\/100 tox|[from] item: Leftovers\n|-damage|p1a: Dragapult|43\/100 tox|[from] psn\n|upkeep\n|\n|t:|1701146589\n|switch|p2a: Umbreon|Umbreon, F, shiny|77\/100\n|turn|20\n|\n|t:|1701146593\n|switch|p1a: Ting-Lu|Ting-Lu|82\/100 tox\n|-ability|p1a: Ting-Lu|Vessel of Ruin\n|move|p2a: Umbreon|Wish|p2a: Umbreon\n|\n|-heal|p2a: Umbreon|83\/100|[from] item: Leftovers\n|-heal|p1a: Ting-Lu|88\/100 tox|[from] item: Leftovers\n|-damage|p1a: Ting-Lu|82\/100 tox|[from] psn\n|upkeep\n|turn|21\n|\n|t:|1701146600\n|switch|p2a: Rotom|Rotom-Wash|33\/100\n|move|p1a: Ting-Lu|Whirlwind|p2a: Rotom\n|drag|p2a: Drifblim|Drifblim, F|100\/100\n|\n|-heal|p1a: Ting-Lu|88\/100 tox|[from] item: Leftovers\n|-damage|p1a: Ting-Lu|76\/100 tox|[from] psn\n|upkeep\n|turn|22\n|\n|t:|1701146606\n|move|p2a: Drifblim|Trick|p1a: Ting-Lu\n|-activate|p2a: Drifblim|move: Trick|[of] p1a: Ting-Lu\n|-item|p1a: Ting-Lu|Choice Scarf|[from] move: Trick\n|-item|p2a: Drifblim|Leftovers|[from] move: Trick\n|move|p1a: Ting-Lu|Stealth Rock|p2a: Drifblim\n|-sidestart|p2: liaoya|move: Stealth Rock\n|\n|-damage|p1a: Ting-Lu|57\/100 tox|[from] psn\n|upkeep\n|turn|23\n|\n|t:|1701146624\n|switch|p2a: Umbreon|Umbreon, F, shiny|83\/100\n|-damage|p2a: Umbreon|71\/100|[from] Stealth Rock\n|switch|p1a: Rotom|Rotom-Wash, shiny|33\/100\n|\n|-heal|p2a: Umbreon|77\/100|[from] item: Leftovers\n|upkeep\n|turn|24\n|\n|t:|1701146627\n|move|p2a: Umbreon|Protect|p2a: Umbreon\n|-singleturn|p2a: Umbreon|Protect\n|move|p1a: Rotom|Thunder Wave|p2a: Umbreon\n|-activate|p2a: Umbreon|move: Protect\n|\n|-heal|p2a: Umbreon|83\/100|[from] item: Leftovers\n|upkeep\n|turn|25\n|j| SwabbyYabby\n|\n|t:|1701146631\n|switch|p1a: Ting-Lu|Ting-Lu|57\/100 tox\n|-ability|p1a: Ting-Lu|Vessel of Ruin\n|move|p2a: Umbreon|Wish|p2a: Umbreon\n|\n|-heal|p2a: Umbreon|89\/100|[from] item: Leftovers\n|-damage|p1a: Ting-Lu|51\/100 tox|[from] psn\n|upkeep\n|turn|26\n|\n|t:|1701146637\n|move|p2a: Umbreon|Protect|p2a: Umbreon\n|-singleturn|p2a: Umbreon|Protect\n|move|p1a: Ting-Lu|Whirlwind|p2a: Umbreon\n|drag|p2a: Drifblim|Drifblim, F|100\/100\n|-damage|p2a: Drifblim|76\/100|[from] Stealth Rock\n|\n|-heal|p2a: Drifblim|100\/100|[from] move: Wish|[wisher] Umbreon\n|-damage|p1a: Ting-Lu|38\/100 tox|[from] psn\n|upkeep\n|turn|27\n|\n|t:|1701146650\n|switch|p2a: Umbreon|Umbreon, F, shiny|89\/100\n|-damage|p2a: Umbreon|77\/100|[from] Stealth Rock\n|switch|p1a: Rotom|Rotom-Wash, shiny|33\/100\n|\n|-heal|p2a: Umbreon|83\/100|[from] item: Leftovers\n|upkeep\n|turn|28\n|\n|t:|1701146654\n|switch|p1a: Ting-Lu|Ting-Lu|38\/100 tox\n|-ability|p1a: Ting-Lu|Vessel of Ruin\n|move|p2a: Umbreon|Protect||[still]\n|-fail|p2a: Umbreon\n|\n|-heal|p2a: Umbreon|89\/100|[from] item: Leftovers\n|-damage|p1a: Ting-Lu|32\/100 tox|[from] psn\n|upkeep\n|turn|29\n|\n|t:|1701146657\n|move|p1a: Ting-Lu|Spikes|p2a: Umbreon\n|-sidestart|p2: liaoya|Spikes\n|move|p2a: Umbreon|Wish|p2a: Umbreon\n|\n|-heal|p2a: Umbreon|95\/100|[from] item: Leftovers\n|-damage|p1a: Ting-Lu|20\/100 tox|[from] psn\n|upkeep\n|turn|30\n|\n|t:|1701146669\n|switch|p2a: Garganacl|Garganacl, M, shiny|87\/100\n|-damage|p2a: Garganacl|74\/100|[from] Stealth Rock\n|-damage|p2a: Garganacl|62\/100|[from] Spikes\n|move|p1a: Ting-Lu|Spikes|p2a: Garganacl\n|-sidestart|p2: liaoya|Spikes\n|\n|-heal|p2a: Garganacl|100\/100|[from] move: Wish|[wisher] Umbreon\n|-damage|p1a: Ting-Lu|1\/100 tox|[from] psn\n|upkeep\n|turn|31\n|\n|t:|1701146672\n|move|p1a: Ting-Lu|Spikes|p2a: Garganacl\n|-sidestart|p2: liaoya|Spikes\n|move|p2a: Garganacl|Iron Defense|p2a: Garganacl\n|-boost|p2a: Garganacl|def|2\n|\n|-damage|p1a: Ting-Lu|0 fnt|[from] psn\n|faint|p1a: Ting-Lu\n|upkeep\n|\n|t:|1701146676\n|switch|p1a: Iron Valiant|Iron Valiant, shiny|100\/100\n|-status|p1a: Iron Valiant|tox\n|turn|32\n|\n|t:|1701146680\n|switch|p2a: Rotom|Rotom-Wash|33\/100\n|-damage|p2a: Rotom|21\/100|[from] Stealth Rock\n|move|p1a: Iron Valiant|Trick|p2a: Rotom\n|-activate|p1a: Iron Valiant|move: Trick|[of] p2a: Rotom\n|-item|p2a: Rotom|Choice Specs|[from] move: Trick\n|-item|p1a: Iron Valiant|Choice Scarf|[from] move: Trick\n|\n|-damage|p1a: Iron Valiant|94\/100 tox|[from] psn\n|upkeep\n|turn|33\n|\n|t:|1701146698\n|move|p1a: Iron Valiant|Moonblast|p2a: Rotom\n|-damage|p2a: Rotom|0 fnt\n|faint|p2a: Rotom\n|\n|-damage|p1a: Iron Valiant|82\/100 tox|[from] psn\n|upkeep\n|\n|t:|1701146700\n|switch|p2a: Drifblim|Drifblim, F|100\/100\n|-damage|p2a: Drifblim|76\/100|[from] Stealth Rock\n|turn|34\n|\n|t:|1701146710\n|-end|p1a: Iron Valiant|Quark Drive|[silent]\n|switch|p1a: Rotom|Rotom-Wash, shiny|33\/100\n|move|p2a: Drifblim|Trick|p1a: Rotom\n|-activate|p2a: Drifblim|move: Trick|[of] p1a: Rotom\n|-item|p1a: Rotom|Leftovers|[from] move: Trick\n|-item|p2a: Drifblim|Choice Scarf|[from] move: Trick\n|\n|-heal|p1a: Rotom|40\/100|[from] item: Leftovers\n|upkeep\n|turn|35\n|\n|t:|1701146728\n|switch|p2a: Umbreon|Umbreon, F, shiny|95\/100\n|-damage|p2a: Umbreon|82\/100|[from] Stealth Rock\n|-damage|p2a: Umbreon|58\/100|[from] Spikes\n|move|p1a: Rotom|Thunderbolt|p2a: Umbreon\n|-damage|p2a: Umbreon|32\/100\n|\n|-heal|p1a: Rotom|46\/100|[from] item: Leftovers\n|-heal|p2a: Umbreon|38\/100|[from] item: Leftovers\n|upkeep\n|turn|36\n|\n|t:|1701146734\n|move|p1a: Rotom|Nasty Plot|p1a: Rotom\n|-boost|p1a: Rotom|spa|2\n|move|p2a: Umbreon|Wish|p2a: Umbreon\n|\n|-heal|p1a: Rotom|52\/100|[from] item: Leftovers\n|-heal|p2a: Umbreon|44\/100|[from] item: Leftovers\n|upkeep\n|turn|37\n|\n|t:|1701146737\n|move|p2a: Umbreon|Protect|p2a: Umbreon\n|-singleturn|p2a: Umbreon|Protect\n|move|p1a: Rotom|Thunderbolt|p2a: Umbreon\n|-activate|p2a: Umbreon|move: Protect\n|\n|-heal|p2a: Umbreon|94\/100|[from] move: Wish|[wisher] Umbreon\n|-heal|p1a: Rotom|58\/100|[from] item: Leftovers\n|-heal|p2a: Umbreon|99\/100|[from] item: Leftovers\n|upkeep\n|turn|38\n|\n|t:|1701146739\n|move|p1a: Rotom|Hydro Pump|p2a: Umbreon\n|-damage|p2a: Umbreon|42\/100\n|move|p2a: Umbreon|Yawn|p1a: Rotom\n|-start|p1a: Rotom|move: Yawn|[of] p2a: Umbreon\n|\n|-heal|p1a: Rotom|64\/100|[from] item: Leftovers\n|-heal|p2a: Umbreon|48\/100|[from] item: Leftovers\n|upkeep\n|turn|39\n|\n|t:|1701146745\n|switch|p1a: Iron Valiant|Iron Valiant, shiny|82\/100 tox\n|move|p2a: Umbreon|Wish|p2a: Umbreon\n|\n|-heal|p2a: Umbreon|54\/100|[from] item: Leftovers\n|-damage|p1a: Iron Valiant|76\/100 tox|[from] psn\n|upkeep\n|turn|40\n|\n|t:|1701146750\n|move|p2a: Umbreon|Protect|p2a: Umbreon\n|-singleturn|p2a: Umbreon|Protect\n|move|p1a: Iron Valiant|Trick|p2a: Umbreon\n|-activate|p2a: Umbreon|move: Protect\n|\n|-heal|p2a: Umbreon|100\/100|[from] move: Wish|[wisher] Umbreon\n|-damage|p1a: Iron Valiant|63\/100 tox|[from] psn\n|upkeep\n|turn|41\n|\n|t:|1701146757\n|-end|p1a: Iron Valiant|Quark Drive|[silent]\n|switch|p1a: Kingambit|Kingambit, M, shiny|100\/100\n|-activate|p1a: Kingambit|ability: Supreme Overlord\n|-start|p1a: Kingambit|fallen1|[silent]\n|switch|p2a: Drifblim|Drifblim, F|76\/100\n|-damage|p2a: Drifblim|51\/100|[from] Stealth Rock\n|\n|upkeep\n|turn|42\n|\n|t:|1701146760\n|-end|p1a: Kingambit|fallen1|[silent]\n|switch|p1a: Rotom|Rotom-Wash, shiny|64\/100\n|move|p2a: Drifblim|Destiny Bond|p2a: Drifblim\n|-singlemove|p2a: Drifblim|Destiny Bond\n|\n|-heal|p1a: Rotom|71\/100|[from] item: Leftovers\n|upkeep\n|turn|43\n|\n|t:|1701146768\n|switch|p2a: Umbreon|Umbreon, F, shiny|100\/100\n|-damage|p2a: Umbreon|88\/100|[from] Stealth Rock\n|-damage|p2a: Umbreon|63\/100|[from] Spikes\n|move|p1a: Rotom|Nasty Plot|p1a: Rotom\n|-boost|p1a: Rotom|spa|2\n|\n|-heal|p1a: Rotom|77\/100|[from] item: Leftovers\n|-heal|p2a: Umbreon|69\/100|[from] item: Leftovers\n|upkeep\n|turn|44\n|\n|t:|1701146770\n|move|p2a: Umbreon|Protect|p2a: Umbreon\n|-singleturn|p2a: Umbreon|Protect\n|move|p1a: Rotom|Hydro Pump|p2a: Umbreon\n|-activate|p2a: Umbreon|move: Protect\n|\n|-heal|p1a: Rotom|83\/100|[from] item: Leftovers\n|-heal|p2a: Umbreon|75\/100|[from] item: Leftovers\n|upkeep\n|turn|45\n|\n|t:|1701146774\n|move|p1a: Rotom|Hydro Pump|p2a: Umbreon|[miss]\n|-miss|p1a: Rotom|p2a: Umbreon\n|move|p2a: Umbreon|Yawn|p1a: Rotom\n|-start|p1a: Rotom|move: Yawn|[of] p2a: Umbreon\n|\n|-heal|p1a: Rotom|89\/100|[from] item: Leftovers\n|-heal|p2a: Umbreon|81\/100|[from] item: Leftovers\n|upkeep\n|turn|46\n|\n|t:|1701146780\n|switch|p1a: Dragapult|Dragapult, M, shiny|43\/100 tox\n|move|p2a: Umbreon|Wish|p2a: Umbreon\n|\n|-heal|p1a: Dragapult|49\/100 tox|[from] item: Leftovers\n|-heal|p2a: Umbreon|88\/100|[from] item: Leftovers\n|-damage|p1a: Dragapult|43\/100 tox|[from] psn\n|upkeep\n|turn|47\n|\n|t:|1701146785\n|switch|p1a: Iron Valiant|Iron Valiant, shiny|63\/100 tox\n|move|p2a: Umbreon|Foul Play|p1a: Iron Valiant\n|-resisted|p1a: Iron Valiant\n|-damage|p1a: Iron Valiant|53\/100 tox\n|\n|-heal|p2a: Umbreon|100\/100|[from] move: Wish|[wisher] Umbreon\n|-damage|p1a: Iron Valiant|47\/100 tox|[from] psn\n|upkeep\n|turn|48\n|\n|t:|1701146791\n|move|p2a: Umbreon|Protect|p2a: Umbreon\n|-singleturn|p2a: Umbreon|Protect\n|move|p1a: Iron Valiant|Trick|p2a: Umbreon\n|-activate|p2a: Umbreon|move: Protect\n|\n|-damage|p1a: Iron Valiant|35\/100 tox|[from] psn\n|upkeep\n|turn|49\n|\n|t:|1701146798\n|-end|p1a: Iron Valiant|Quark Drive|[silent]\n|switch|p1a: Rotom|Rotom-Wash, shiny|89\/100\n|move|p2a: Umbreon|Wish|p2a: Umbreon\n|\n|-heal|p1a: Rotom|96\/100|[from] item: Leftovers\n|upkeep\n|turn|50\n|\n|t:|1701146802\n|move|p1a: Rotom|Thunder Wave|p2a: Umbreon\n|-status|p2a: Umbreon|par\n|move|p2a: Umbreon|Yawn|p1a: Rotom\n|-start|p1a: Rotom|move: Yawn|[of] p2a: Umbreon\n|\n|-heal|p1a: Rotom|100\/100|[from] item: Leftovers\n|upkeep\n|turn|51\n|\n|t:|1701146806\n|switch|p1a: Skeledirge|Skeledirge, F, shiny|100\/100\n|cant|p2a: Umbreon|par\n|\n|upkeep\n|turn|52\n|\n|t:|1701146812\n|move|p1a: Skeledirge|Torch Song|p2a: Umbreon\n|-damage|p2a: Umbreon|81\/100 par\n|-boost|p1a: Skeledirge|spa|1\n|cant|p2a: Umbreon|par\n|\n|-heal|p2a: Umbreon|88\/100 par|[from] item: Leftovers\n|upkeep\n|turn|53\n|\n|t:|1701146815\n|move|p1a: Skeledirge|Torch Song|p2a: Umbreon\n|-damage|p2a: Umbreon|59\/100 par\n|-boost|p1a: Skeledirge|spa|1\n|move|p2a: Umbreon|Yawn|p1a: Skeledirge\n|-start|p1a: Skeledirge|move: Yawn|[of] p2a: Umbreon\n|\n|-heal|p2a: Umbreon|65\/100 par|[from] item: Leftovers\n|upkeep\n|turn|54\n|\n|t:|1701146818\n|move|p1a: Skeledirge|Torch Song|p2a: Umbreon\n|-damage|p2a: Umbreon|25\/100 par\n|-boost|p1a: Skeledirge|spa|1\n|move|p2a: Umbreon|Wish|p2a: Umbreon\n|\n|-heal|p2a: Umbreon|31\/100 par|[from] item: Leftovers\n|-end|p1a: Skeledirge|move: Yawn|[silent]\n|-status|p1a: Skeledirge|slp\n|upkeep\n|turn|55\n|\n|t:|1701146822\n|switch|p1a: Rotom|Rotom-Wash, shiny|100\/100\n|switch|p2a: Drifblim|Drifblim, F|51\/100\n|-damage|p2a: Drifblim|26\/100|[from] Stealth Rock\n|\n|-heal|p2a: Drifblim|70\/100|[from] move: Wish|[wisher] Umbreon\n|upkeep\n|turn|56\n|\n|t:|1701146826\n|switch|p2a: Garganacl|Garganacl, M, shiny|100\/100\n|-damage|p2a: Garganacl|88\/100|[from] Stealth Rock\n|-damage|p2a: Garganacl|63\/100|[from] Spikes\n|move|p1a: Rotom|Nasty Plot|p1a: Rotom\n|-boost|p1a: Rotom|spa|2\n|\n|-heal|p2a: Garganacl|69\/100|[from] item: Leftovers\n|upkeep\n|turn|57\n|\n|t:|1701146829\n|-terastallize|p2a: Garganacl|Ghost\n|move|p1a: Rotom|Thunderbolt|p2a: Garganacl\n|-damage|p2a: Garganacl|12\/100\n|move|p2a: Garganacl|Iron Defense|p2a: Garganacl\n|-boost|p2a: Garganacl|def|2\n|\n|-heal|p2a: Garganacl|18\/100|[from] item: Leftovers\n|upkeep\n|turn|58\n|\n|t:|1701146832\n|move|p1a: Rotom|Thunderbolt|p2a: Garganacl\n|-damage|p2a: Garganacl|0 fnt\n|faint|p2a: Garganacl\n|\n|upkeep\n|\n|t:|1701146834\n|switch|p2a: Drifblim|Drifblim, F|70\/100\n|-damage|p2a: Drifblim|46\/100|[from] Stealth Rock\n|turn|59\n|\n|t:|1701146837\n|move|p2a: Drifblim|Trick|p1a: Rotom\n|-activate|p2a: Drifblim|move: Trick|[of] p1a: Rotom\n|-item|p1a: Rotom|Choice Scarf|[from] move: Trick\n|-item|p2a: Drifblim|Leftovers|[from] move: Trick\n|move|p1a: Rotom|Thunderbolt|p2a: Drifblim\n|-supereffective|p2a: Drifblim\n|-crit|p2a: Drifblim\n|-damage|p2a: Drifblim|0 fnt\n|faint|p2a: Drifblim\n|\n|upkeep\n|\n|t:|1701146842\n|switch|p2a: Umbreon|Umbreon, F, shiny|31\/100 par\n|-damage|p2a: Umbreon|19\/100 par|[from] Stealth Rock\n|-damage|p2a: Umbreon|0 fnt|[from] Spikes\n|faint|p2a: Umbreon\n|\n|win|Arcangel666\n|raw|Arcangel666's rating: 1557 &rarr; <strong>1578<\/strong><br \/>(+21 for winning)\n|raw|liaoya's rating: 1576 &rarr; <strong>1555<\/strong><br \/>(-21 for losing)\n","uploadtime":1701146845,"views":2,"p1id":"arcangel666","p2id":"liaoya","formatid":"gen9ou","rating":1555,"private":0,"password":""}