{"id":"gen9ou-1994713530","p1":"JeanKevin_Schtein","p2":"ayayaphone","format":"[Gen 9] OU","log":"|j|\u2606JeanKevin_Schtein\n|j|\u2606ayayaphone\n|t:|1700484656\n|gametype|singles\n|player|p1|JeanKevin_Schtein|scientist|1482\n|player|p2|ayayaphone|169|1560\n|teamsize|p1|6\n|teamsize|p2|6\n|gen|9\n|tier|[Gen 9] OU\n|rated|\n|rule|Sleep Clause Mod: Limit one foe put to sleep\n|rule|Species Clause: Limit one of each Pok\u00e9mon\n|rule|OHKO Clause: OHKO moves are banned\n|rule|Evasion Items Clause: Evasion items are banned\n|rule|Evasion Moves Clause: Evasion moves are banned\n|rule|Endless Battle Clause: Forcing endless battles is banned\n|rule|HP Percentage Mod: HP is shown in percentages\n|clearpoke\n|poke|p1|Rillaboom, F|\n|poke|p1|Gholdengo|\n|poke|p1|Heatran, M|\n|poke|p1|Great Tusk|\n|poke|p1|Iron Valiant|\n|poke|p1|Toxicroak, F|\n|poke|p2|Glimmora, M|\n|poke|p2|Tornadus-Therian, M|\n|poke|p2|Sinistcha-Masterpiece|\n|poke|p2|Grimmsnarl, M|\n|poke|p2|Munkidori, M|\n|poke|p2|Garchomp, M|\n|teampreview\n|inactive|Battle timer is ON: inactive players will automatically lose when time's up. (requested by ayayaphone)\n|\n|t:|1700484674\n|start\n|switch|p1a: Great Tusk|Great Tusk|100\/100\n|switch|p2a: Tornadus|Tornadus-Therian, M|100\/100\n|turn|1\n|\n|t:|1700484681\n|-end|p1a: Great Tusk|Protosynthesis|[silent]\n|switch|p1a: Gholdengo|Gholdengo|100\/100\n|move|p2a: Tornadus|Bleakwind Storm|p1a: Gholdengo\n|-resisted|p1a: Gholdengo\n|-damage|p1a: Gholdengo|76\/100\n|-unboost|p1a: Gholdengo|spe|1\n|\n|upkeep\n|turn|2\n|\n|t:|1700484693\n|move|p2a: Tornadus|Knock Off|p1a: Gholdengo\n|-supereffective|p1a: Gholdengo\n|-damage|p1a: Gholdengo|35\/100\n|-enditem|p1a: Gholdengo|Choice Specs|[from] move: Knock Off|[of] p2a: Tornadus\n|move|p1a: Gholdengo|Make It Rain|p2a: Tornadus\n|-damage|p2a: Tornadus|44\/100\n|-unboost|p1a: Gholdengo|spa|1\n|\n|upkeep\n|turn|3\n|\n|t:|1700484705\n|switch|p1a: Iron Valiant|Iron Valiant|100\/100\n|-enditem|p1a: Iron Valiant|Booster Energy\n|-activate|p1a: Iron Valiant|ability: Quark Drive|[fromitem]\n|-start|p1a: Iron Valiant|quarkdrivespe\n|move|p2a: Tornadus|Knock Off|p1a: Iron Valiant\n|-resisted|p1a: Iron Valiant\n|-damage|p1a: Iron Valiant|96\/100\n|\n|upkeep\n|turn|4\n|\n|t:|1700484715\n|switch|p2a: Munkidori|Munkidori, M|100\/100\n|move|p1a: Iron Valiant|Thunderbolt|p2a: Munkidori\n|-damage|p2a: Munkidori|72\/100\n|\n|upkeep\n|turn|5\n|\n|t:|1700484735\n|-end|p1a: Iron Valiant|Quark Drive|[silent]\n|switch|p1a: Gholdengo|Gholdengo|35\/100\n|move|p2a: Munkidori|Trick|p1a: Gholdengo\n|-immune|p1a: Gholdengo|[from] ability: Good as Gold\n|\n|upkeep\n|turn|6\n|\n|t:|1700484748\n|switch|p2a: Tornadus|Tornadus-Therian, M|77\/100\n|move|p1a: Gholdengo|Trick|p2a: Tornadus\n|-activate|p1a: Gholdengo|move: Trick|[of] p2a: Tornadus\n|-enditem|p2a: Tornadus|Assault Vest|[silent]|[from] move: Trick\n|-item|p1a: Gholdengo|Assault Vest|[from] move: Trick\n|\n|upkeep\n|turn|7\n|\n|t:|1700484760\n|-terastallize|p1a: Gholdengo|Steel\n|move|p2a: Tornadus|Bleakwind Storm|p1a: Gholdengo\n|-resisted|p1a: Gholdengo\n|-damage|p1a: Gholdengo|18\/100\n|move|p1a: Gholdengo|Make It Rain|p2a: Tornadus\n|-damage|p2a: Tornadus|0 fnt\n|-unboost|p1a: Gholdengo|spa|1\n|faint|p2a: Tornadus\n|\n|upkeep\n|inactive|ayayaphone has 120 seconds left.\n|\n|t:|1700484794\n|switch|p2a: Grimmsnarl|Grimmsnarl, M|100\/100\n|turn|8\n|\n|t:|1700484798\n|move|p2a: Grimmsnarl|Sucker Punch|p1a: Gholdengo\n|-damage|p1a: Gholdengo|0 fnt\n|faint|p1a: Gholdengo\n|\n|upkeep\n|\n|t:|1700484806\n|switch|p1a: Toxicroak|Toxicroak, F|100\/100\n|turn|9\n|\n|t:|1700484811\n|move|p2a: Grimmsnarl|Parting Shot|p1a: Toxicroak\n|-unboost|p1a: Toxicroak|atk|1\n|-unboost|p1a: Toxicroak|spa|1\n|\n|t:|1700484816\n|switch|p2a: Glimmora|Glimmora, M|100\/100|[from] Parting Shot\n|move|p1a: Toxicroak|Swords Dance|p1a: Toxicroak\n|-boost|p1a: Toxicroak|atk|2\n|\n|upkeep\n|turn|10\n|\n|t:|1700484825\n|switch|p1a: Heatran|Heatran, M|100\/100\n|-item|p1a: Heatran|Air Balloon\n|move|p2a: Glimmora|Toxic|p1a: Heatran\n|-status|p1a: Heatran|tox\n|\n|-damage|p1a: Heatran|94\/100 tox|[from] psn\n|upkeep\n|turn|11\n|\n|t:|1700484838\n|move|p2a: Glimmora|Spiky Shield|p2a: Glimmora\n|-singleturn|p2a: Glimmora|move: Protect\n|move|p1a: Heatran|Magma Storm|p2a: Glimmora\n|-activate|p2a: Glimmora|move: Protect\n|\n|-damage|p1a: Heatran|82\/100 tox|[from] psn\n|upkeep\n|turn|12\n|\n|t:|1700484852\n|switch|p2a: Garchomp|Garchomp, M|100\/100\n|move|p1a: Heatran|Magma Storm|p2a: Garchomp\n|-resisted|p2a: Garchomp\n|-crit|p2a: Garchomp\n|-damage|p2a: Garchomp|67\/100\n|-activate|p2a: Garchomp|move: Magma Storm|[of] p1a: Heatran\n|\n|-damage|p1a: Heatran|64\/100 tox|[from] psn\n|-damage|p2a: Garchomp|55\/100|[from] move: Magma Storm|[partiallytrapped]\n|upkeep\n|turn|13\n|\n|t:|1700484868\n|move|p2a: Garchomp|Stealth Rock|p1a: Heatran\n|-sidestart|p1: JeanKevin_Schtein|move: Stealth Rock\n|move|p1a: Heatran|Stealth Rock|p2a: Garchomp\n|-sidestart|p2: ayayaphone|move: Stealth Rock\n|\n|-damage|p1a: Heatran|39\/100 tox|[from] psn\n|-damage|p2a: Garchomp|42\/100|[from] move: Magma Storm|[partiallytrapped]\n|upkeep\n|turn|14\n|\n|t:|1700484876\n|move|p2a: Garchomp|Scale Shot|p1a: Heatran\n|-resisted|p1a: Heatran\n|-damage|p1a: Heatran|33\/100 tox\n|-enditem|p1a: Heatran|Air Balloon\n|-resisted|p1a: Heatran\n|-damage|p1a: Heatran|27\/100 tox\n|-resisted|p1a: Heatran\n|-damage|p1a: Heatran|21\/100 tox\n|-resisted|p1a: Heatran\n|-damage|p1a: Heatran|15\/100 tox\n|-hitcount|p1a: Heatran|4\n|-unboost|p2a: Garchomp|def|1\n|-boost|p2a: Garchomp|spe|1\n|move|p1a: Heatran|Earth Power|p2a: Garchomp\n|-damage|p2a: Garchomp|12\/100\n|\n|-damage|p1a: Heatran|0 fnt|[from] psn\n|faint|p1a: Heatran\n|-end|p2a: Garchomp|Magma Storm|[partiallytrapped]|[silent]\n|upkeep\n|\n|t:|1700484895\n|switch|p1a: Rillaboom|Rillaboom, F|100\/100\n|-damage|p1a: Rillaboom|88\/100|[from] Stealth Rock\n|-fieldstart|move: Grassy Terrain|[from] ability: Grassy Surge|[of] p1a: Rillaboom\n|turn|15\n|\n|t:|1700484905\n|switch|p2a: Glimmora|Glimmora, M|100\/100\n|-damage|p2a: Glimmora|88\/100|[from] Stealth Rock\n|move|p1a: Rillaboom|Grassy Glide|p2a: Glimmora\n|-damage|p2a: Glimmora|57\/100\n|\n|-heal|p1a: Rillaboom|94\/100|[from] Grassy Terrain\n|-heal|p2a: Glimmora|63\/100|[from] Grassy Terrain\n|-heal|p2a: Glimmora|70\/100|[from] item: Black Sludge\n|upkeep\n|turn|16\n|\n|t:|1700484918\n|move|p1a: Rillaboom|Wood Hammer|p2a: Glimmora\n|-damage|p2a: Glimmora|0 fnt\n|faint|p2a: Glimmora\n|-damage|p1a: Rillaboom|70\/100|[from] Recoil\n|\n|-heal|p1a: Rillaboom|76\/100|[from] Grassy Terrain\n|upkeep\n|\n|t:|1700484931\n|switch|p2a: Sinistcha|Sinistcha-Masterpiece|100\/100\n|-damage|p2a: Sinistcha|88\/100|[from] Stealth Rock\n|turn|17\n|\n|t:|1700484947\n|-terastallize|p2a: Sinistcha|Fairy\n|move|p1a: Rillaboom|Swords Dance|p1a: Rillaboom\n|-boost|p1a: Rillaboom|atk|2\n|move|p2a: Sinistcha|Trick Room|p2a: Sinistcha\n|-fieldstart|move: Trick Room|[of] p2a: Sinistcha\n|\n|-heal|p2a: Sinistcha|94\/100|[from] Grassy Terrain\n|-heal|p1a: Rillaboom|82\/100|[from] Grassy Terrain\n|upkeep\n|turn|18\n|\n|t:|1700484957\n|move|p2a: Sinistcha|Matcha Gotcha|p1a: Rillaboom\n|-resisted|p1a: Rillaboom\n|-damage|p1a: Rillaboom|43\/100\n|-heal|p2a: Sinistcha|100\/100|[from] drain|[of] p1a: Rillaboom\n|move|p1a: Rillaboom|Wood Hammer|p2a: Sinistcha\n|-damage|p2a: Sinistcha|0 fnt\n|faint|p2a: Sinistcha\n|-damage|p1a: Rillaboom|10\/100|[from] Recoil\n|\n|-heal|p1a: Rillaboom|16\/100|[from] Grassy Terrain\n|upkeep\n|\n|t:|1700484973\n|switch|p2a: Grimmsnarl|Grimmsnarl, M|100\/100\n|-damage|p2a: Grimmsnarl|88\/100|[from] Stealth Rock\n|turn|19\n|\n|t:|1700484978\n|move|p1a: Rillaboom|Grassy Glide|p2a: Grimmsnarl\n|-damage|p2a: Grimmsnarl|0 fnt\n|faint|p2a: Grimmsnarl\n|\n|-heal|p1a: Rillaboom|22\/100|[from] Grassy Terrain\n|-fieldend|move: Grassy Terrain\n|upkeep\n|-message|ayayaphone forfeited.\n|\n|win|JeanKevin_Schtein\n|raw|JeanKevin_Schtein's rating: 1482 &rarr; <strong>1506<\/strong><br \/>(+24 for winning)\n|raw|ayayaphone's rating: 1560 &rarr; <strong>1536<\/strong><br \/>(-24 for losing)\n|l|\u2606ayayaphone\n","uploadtime":1700485001,"views":8,"p1id":"jeankevinschtein","p2id":"ayayaphone","formatid":"gen9ou","rating":1506,"private":0,"password":""}