{"id":"gen9ou-1994343649","p1":"SkeletonStitches","p2":"32r23we","format":"[Gen 9] OU","log":"|j|\u2606SkeletonStitches\n|j|\u203d32r23we\n|t:|1700433254\n|gametype|singles\n|player|p1|SkeletonStitches|emmet|1071\n|player|p2|32r23we|265|1000\n|teamsize|p1|6\n|teamsize|p2|6\n|gen|9\n|tier|[Gen 9] OU\n|rated|\n|rule|Sleep Clause Mod: Limit one foe put to sleep\n|rule|Species Clause: Limit one of each Pok\u00e9mon\n|rule|OHKO Clause: OHKO moves are banned\n|rule|Evasion Items Clause: Evasion items are banned\n|rule|Evasion Moves Clause: Evasion moves are banned\n|rule|Endless Battle Clause: Forcing endless battles is banned\n|rule|HP Percentage Mod: HP is shown in percentages\n|clearpoke\n|poke|p1|Gholdengo|\n|poke|p1|Clodsire, F|\n|poke|p1|Mandibuzz, F|\n|poke|p1|Coalossal, M|\n|poke|p1|Klefki, M|\n|poke|p1|Wyrdeer, F|\n|poke|p2|Kingambit, M|\n|poke|p2|Ceruledge, M|\n|poke|p2|Iron Valiant|\n|poke|p2|Cinderace, M|\n|poke|p2|Slowking-Galar, F|\n|poke|p2|Ditto|\n|teampreview\n|inactive|Battle timer is ON: inactive players will automatically lose when time's up. (requested by SkeletonStitches)\n|\n|t:|1700433272\n|start\n|switch|p1a: Clodsire|Clodsire, F|100\/100\n|switch|p2a: Ceruledge|Ceruledge, M|100\/100\n|turn|1\n|\n|t:|1700433280\n|switch|p2a: Ditto|Ditto|100\/100\n|-transform|p2a: Ditto|p1a: Clodsire|[from] ability: Imposter\n|switch|p1a: Coalossal|Coalossal, M|100\/100\n|\n|upkeep\n|turn|2\n|\n|t:|1700433299\n|switch|p1a: Gholdengo|Gholdengo|100\/100\n|move|p2a: Ditto|Toxic|p1a: Gholdengo\n|-immune|p1a: Gholdengo|[from] ability: Good as Gold\n|\n|upkeep\n|turn|3\n|\n|t:|1700433309\n|move|p1a: Gholdengo|Night Shade|p2a: Ditto\n|-damage|p2a: Ditto|67\/100\n|move|p2a: Ditto|Recover|p2a: Ditto\n|-heal|p2a: Ditto|100\/100\n|\n|upkeep\n|turn|4\n|\n|t:|1700433317\n|switch|p2a: Kingambit|Kingambit, M|100\/100\n|move|p1a: Gholdengo|Make It Rain|p2a: Kingambit\n|-resisted|p2a: Kingambit\n|-damage|p2a: Kingambit|72\/100\n|-unboost|p1a: Gholdengo|spa|1\n|\n|upkeep\n|turn|5\n|\n|t:|1700433328\n|switch|p1a: Mandibuzz|Mandibuzz, F|100\/100\n|move|p2a: Kingambit|Iron Head|p1a: Mandibuzz\n|-damage|p1a: Mandibuzz|73\/100\n|\n|upkeep\n|turn|6\n|\n|t:|1700433343\n|-end|p2a: Kingambit|fallenundefined|[silent]\n|switch|p2a: Slowking|Slowking-Galar, F|100\/100\n|move|p1a: Mandibuzz|Knock Off|p2a: Slowking\n|-supereffective|p2a: Slowking\n|-damage|p2a: Slowking|63\/100\n|-enditem|p2a: Slowking|Black Sludge|[from] move: Knock Off|[of] p1a: Mandibuzz\n|\n|upkeep\n|turn|7\n|\n|t:|1700433359\n|move|p1a: Mandibuzz|U-turn|p2a: Slowking\n|-damage|p2a: Slowking|54\/100\n|\n|t:|1700433376\n|switch|p1a: Wyrdeer|Wyrdeer, F|100\/100|[from] U-turn\n|move|p2a: Slowking|Calm Mind|p2a: Slowking\n|-boost|p2a: Slowking|spa|1\n|-boost|p2a: Slowking|spd|1\n|\n|upkeep\n|turn|8\n|\n|t:|1700433381\n|move|p2a: Slowking|Slack Off|p2a: Slowking\n|-heal|p2a: Slowking|100\/100\n|move|p1a: Wyrdeer|Roar|p2a: Slowking\n|drag|p2a: Kingambit|Kingambit, M|72\/100\n|\n|upkeep\n|turn|9\n|\n|t:|1700433389\n|switch|p1a: Mandibuzz|Mandibuzz, F|73\/100\n|move|p2a: Kingambit|Swords Dance|p2a: Kingambit\n|-boost|p2a: Kingambit|atk|2\n|\n|upkeep\n|turn|10\n|\n|t:|1700433392\n|move|p2a: Kingambit|Iron Head|p1a: Mandibuzz\n|-damage|p1a: Mandibuzz|22\/100\n|move|p1a: Mandibuzz|Whirlwind|p2a: Kingambit\n|-end|p2a: Kingambit|fallenundefined|[silent]\n|drag|p2a: Slowking|Slowking-Galar, F|100\/100\n|\n|upkeep\n|turn|11\n|\n|t:|1700433406\n|switch|p2a: Iron Valiant|Iron Valiant|100\/100\n|-enditem|p2a: Iron Valiant|Booster Energy\n|-activate|p2a: Iron Valiant|ability: Quark Drive|[fromitem]\n|-start|p2a: Iron Valiant|quarkdrivespe\n|move|p1a: Mandibuzz|Roost|p1a: Mandibuzz\n|-heal|p1a: Mandibuzz|72\/100\n|-singleturn|p1a: Mandibuzz|move: Roost\n|\n|upkeep\n|turn|12\n|\n|t:|1700433420\n|switch|p1a: Klefki|Klefki, M|100\/100\n|move|p2a: Iron Valiant|Calm Mind|p2a: Iron Valiant\n|-boost|p2a: Iron Valiant|spa|1\n|-boost|p2a: Iron Valiant|spd|1\n|\n|upkeep\n|turn|13\n|\n|t:|1700433441\n|-end|p2a: Iron Valiant|Quark Drive|[silent]\n|switch|p2a: Slowking|Slowking-Galar, F|100\/100\n|move|p1a: Klefki|Thunder Wave|p2a: Slowking|[miss]\n|-miss|p1a: Klefki|p2a: Slowking\n|\n|upkeep\n|turn|14\n|\n|t:|1700433452\n|move|p1a: Klefki|Spikes|p2a: Slowking\n|-sidestart|p2: 32r23we|Spikes\n|move|p2a: Slowking|Calm Mind|p2a: Slowking\n|-boost|p2a: Slowking|spa|1\n|-boost|p2a: Slowking|spd|1\n|\n|upkeep\n|turn|15\n|\n|t:|1700433459\n|move|p1a: Klefki|Thunder Wave|p2a: Slowking\n|-status|p2a: Slowking|par\n|move|p2a: Slowking|Iron Defense|p2a: Slowking\n|-boost|p2a: Slowking|def|2\n|\n|upkeep\n|turn|16\n|\n|t:|1700433467\n|switch|p1a: Mandibuzz|Mandibuzz, F|72\/100\n|move|p2a: Slowking|Calm Mind|p2a: Slowking\n|-boost|p2a: Slowking|spa|1\n|-boost|p2a: Slowking|spd|1\n|\n|upkeep\n|turn|17\n|\n|t:|1700433478\n|move|p2a: Slowking|Iron Defense|p2a: Slowking\n|-boost|p2a: Slowking|def|2\n|move|p1a: Mandibuzz|Whirlwind|p2a: Slowking\n|drag|p2a: Cinderace|Cinderace, M|100\/100\n|\n|upkeep\n|turn|18\n|\n|t:|1700433485\n|move|p2a: Cinderace|Pyro Ball|p1a: Mandibuzz\n|-damage|p1a: Mandibuzz|41\/100\n|move|p1a: Mandibuzz|Knock Off|p2a: Cinderace\n|-damage|p2a: Cinderace|69\/100\n|-enditem|p2a: Cinderace|Heavy-Duty Boots|[from] move: Knock Off|[of] p1a: Mandibuzz\n|\n|upkeep\n|turn|19\n|\n|t:|1700433494\n|-terastallize|p2a: Cinderace|Fire\n|move|p2a: Cinderace|Pyro Ball|p1a: Mandibuzz\n|-damage|p1a: Mandibuzz|1\/100\n|move|p1a: Mandibuzz|U-turn|p2a: Cinderace\n|-resisted|p2a: Cinderace\n|-damage|p2a: Cinderace|61\/100\n|\n|t:|1700433502\n|switch|p1a: Coalossal|Coalossal, M|100\/100|[from] U-turn\n|\n|upkeep\n|turn|20\n|\n|t:|1700433507\n|move|p2a: Cinderace|High Jump Kick|p1a: Coalossal\n|-supereffective|p1a: Coalossal\n|-damage|p1a: Coalossal|54\/100\n|move|p1a: Coalossal|Body Press|p2a: Cinderace\n|-damage|p2a: Cinderace|21\/100\n|\n|-heal|p1a: Coalossal|60\/100|[from] item: Leftovers\n|upkeep\n|turn|21\n|\n|t:|1700433521\n|switch|p2a: Ditto|Ditto|100\/100\n|-damage|p2a: Ditto|88\/100|[from] Spikes\n|-transform|p2a: Ditto|p1a: Coalossal|[from] ability: Imposter\n|move|p1a: Coalossal|Body Press|p2a: Ditto\n|-supereffective|p2a: Ditto\n|-damage|p2a: Ditto|47\/100\n|\n|-heal|p1a: Coalossal|66\/100|[from] item: Leftovers\n|upkeep\n|turn|22\n|\n|t:|1700433535\n|switch|p1a: Gholdengo|Gholdengo|100\/100\n|move|p2a: Ditto|Stealth Rock|p1a: Gholdengo\n|-sidestart|p1: SkeletonStitches|move: Stealth Rock\n|\n|upkeep\n|turn|23\n|\n|t:|1700433544\n|switch|p2a: Kingambit|Kingambit, M|72\/100\n|-damage|p2a: Kingambit|59\/100|[from] Spikes\n|move|p1a: Gholdengo|Make It Rain|p2a: Kingambit\n|-resisted|p2a: Kingambit\n|-damage|p2a: Kingambit|29\/100\n|-unboost|p1a: Gholdengo|spa|1\n|\n|upkeep\n|turn|24\n|\n|t:|1700433568\n|switch|p1a: Klefki|Klefki, M|100\/100\n|-damage|p1a: Klefki|95\/100|[from] Stealth Rock\n|move|p2a: Kingambit|Low Kick|p1a: Klefki\n|-damage|p1a: Klefki|87\/100\n|\n|-heal|p1a: Klefki|93\/100|[from] item: Leftovers\n|upkeep\n|turn|25\n|\n|t:|1700433584\n|-end|p2a: Kingambit|fallenundefined|[silent]\n|switch|p2a: Slowking|Slowking-Galar, F|100\/100 par\n|-damage|p2a: Slowking|88\/100 par|[from] Spikes\n|move|p1a: Klefki|Spikes|p2a: Slowking\n|-sidestart|p2: 32r23we|Spikes\n|\n|-heal|p1a: Klefki|99\/100|[from] item: Leftovers\n|upkeep\n|turn|26\n|\n|t:|1700433591\n|switch|p2a: Ditto|Ditto|47\/100\n|-damage|p2a: Ditto|30\/100|[from] Spikes\n|-transform|p2a: Ditto|p1a: Klefki|[from] ability: Imposter\n|move|p1a: Klefki|Spikes|p2a: Ditto\n|-sidestart|p2: 32r23we|Spikes\n|\n|-heal|p1a: Klefki|100\/100|[from] item: Leftovers\n|upkeep\n|turn|27\n|\n|t:|1700433597\n|switch|p1a: Mandibuzz|Mandibuzz, F|1\/100\n|move|p2a: Ditto|Thunder Wave|p1a: Mandibuzz\n|-hint|Since gen 7, Dark is immune to Prankster moves.\n|-immune|p1a: Mandibuzz\n|\n|upkeep\n|turn|28\n|\n|t:|1700433606\n|move|p2a: Ditto|Thunder Wave|p1a: Mandibuzz\n|-hint|Since gen 7, Dark is immune to Prankster moves.\n|-immune|p1a: Mandibuzz\n|move|p1a: Mandibuzz|Roost|p1a: Mandibuzz\n|-heal|p1a: Mandibuzz|51\/100\n|-singleturn|p1a: Mandibuzz|move: Roost\n|\n|upkeep\n|turn|29\n|\n|t:|1700433615\n|move|p2a: Ditto|Spikes|p1a: Mandibuzz\n|-sidestart|p1: SkeletonStitches|Spikes\n|move|p1a: Mandibuzz|Roost|p1a: Mandibuzz\n|-heal|p1a: Mandibuzz|100\/100\n|-singleturn|p1a: Mandibuzz|move: Roost\n|\n|upkeep\n|turn|30\n|\n|t:|1700433628\n|switch|p2a: Iron Valiant|Iron Valiant|100\/100\n|-damage|p2a: Iron Valiant|76\/100|[from] Spikes\n|move|p1a: Mandibuzz|U-turn|p2a: Iron Valiant\n|-resisted|p2a: Iron Valiant\n|-damage|p2a: Iron Valiant|72\/100\n|\n|t:|1700433640\n|switch|p1a: Klefki|Klefki, M|100\/100|[from] U-turn\n|-damage|p1a: Klefki|95\/100|[from] Stealth Rock\n|-damage|p1a: Klefki|82\/100|[from] Spikes\n|\n|-heal|p1a: Klefki|88\/100|[from] item: Leftovers\n|upkeep\n|turn|31\n|\n|t:|1700433651\n|move|p1a: Klefki|Thunder Wave|p2a: Iron Valiant\n|-status|p2a: Iron Valiant|par\n|move|p2a: Iron Valiant|Calm Mind|p2a: Iron Valiant\n|-boost|p2a: Iron Valiant|spa|1\n|-boost|p2a: Iron Valiant|spd|1\n|\n|-heal|p1a: Klefki|94\/100|[from] item: Leftovers\n|upkeep\n|turn|32\n|\n|t:|1700433661\n|switch|p1a: Wyrdeer|Wyrdeer, F|100\/100\n|-damage|p1a: Wyrdeer|88\/100|[from] Stealth Rock\n|-damage|p1a: Wyrdeer|76\/100|[from] Spikes\n|move|p2a: Iron Valiant|Substitute|p2a: Iron Valiant\n|-start|p2a: Iron Valiant|Substitute\n|-damage|p2a: Iron Valiant|47\/100 par\n|\n|-heal|p1a: Wyrdeer|82\/100|[from] item: Leftovers\n|upkeep\n|turn|33\n|\n|t:|1700433665\n|move|p2a: Iron Valiant|Shadow Ball|p1a: Wyrdeer\n|-immune|p1a: Wyrdeer\n|move|p1a: Wyrdeer|Roar|p2a: Iron Valiant\n|-end|p2a: Iron Valiant|Quark Drive|[silent]\n|drag|p2a: Kingambit|Kingambit, M|29\/100\n|-damage|p2a: Kingambit|4\/100|[from] Spikes\n|\n|-heal|p1a: Wyrdeer|88\/100|[from] item: Leftovers\n|upkeep\n|turn|34\n|\n|t:|1700433676\n|switch|p1a: Coalossal|Coalossal, M|66\/100\n|-damage|p1a: Coalossal|42\/100|[from] Stealth Rock\n|-damage|p1a: Coalossal|29\/100|[from] Spikes\n|move|p2a: Kingambit|Iron Head|p1a: Coalossal\n|-damage|p1a: Coalossal|4\/100\n|\n|-heal|p1a: Coalossal|10\/100|[from] item: Leftovers\n|upkeep\n|turn|35\n|\n|t:|1700433686\n|move|p2a: Kingambit|Iron Head|p1a: Coalossal\n|-damage|p1a: Coalossal|0 fnt\n|faint|p1a: Coalossal\n|\n|upkeep\n|\n|t:|1700433696\n|switch|p1a: Gholdengo|Gholdengo|100\/100\n|-damage|p1a: Gholdengo|94\/100|[from] Stealth Rock\n|-damage|p1a: Gholdengo|82\/100|[from] Spikes\n|turn|36\n|\n|t:|1700433711\n|move|p2a: Kingambit|Sucker Punch|p1a: Gholdengo\n|-supereffective|p1a: Gholdengo\n|-damage|p1a: Gholdengo|0 fnt\n|faint|p1a: Gholdengo\n|\n|upkeep\n|\n|t:|1700433715\n|switch|p1a: Mandibuzz|Mandibuzz, F|100\/100\n|turn|37\n|\n|t:|1700433720\n|-end|p2a: Kingambit|fallenundefined|[silent]\n|switch|p2a: Ditto|Ditto|30\/100\n|-damage|p2a: Ditto|6\/100|[from] Spikes\n|-transform|p2a: Ditto|p1a: Mandibuzz|[from] ability: Imposter\n|move|p1a: Mandibuzz|Whirlwind|p2a: Ditto\n|drag|p2a: Slowking|Slowking-Galar, F|100\/100 par\n|-damage|p2a: Slowking|76\/100 par|[from] Spikes\n|\n|upkeep\n|turn|38\n|\n|t:|1700433735\n|move|p2a: Slowking|Slack Off|p2a: Slowking\n|-heal|p2a: Slowking|100\/100 par\n|move|p1a: Mandibuzz|Whirlwind|p2a: Slowking\n|drag|p2a: Kingambit|Kingambit, M|4\/100\n|-damage|p2a: Kingambit|0 fnt|[from] Spikes\n|faint|p2a: Kingambit\n|-end|p2a: Kingambit|fallenundefined|[silent]\n|\n|upkeep\n|\n|t:|1700433745\n|switch|p2a: Iron Valiant|Iron Valiant|47\/100 par\n|-damage|p2a: Iron Valiant|22\/100 par|[from] Spikes\n|turn|39\n|\n|t:|1700433750\n|move|p2a: Iron Valiant|Moonblast|p1a: Mandibuzz\n|-supereffective|p1a: Mandibuzz\n|-damage|p1a: Mandibuzz|22\/100\n|move|p1a: Mandibuzz|Whirlwind|p2a: Iron Valiant\n|-end|p2a: Iron Valiant|Quark Drive|[silent]\n|drag|p2a: Cinderace|Cinderace, M, tera:Fire|21\/100\n|-damage|p2a: Cinderace|0 fnt|[from] Spikes\n|faint|p2a: Cinderace\n|\n|upkeep\n|\n|t:|1700433764\n|switch|p2a: Ceruledge|Ceruledge, M|100\/100\n|-damage|p2a: Ceruledge|76\/100|[from] Spikes\n|turn|40\n|\n|t:|1700433767\n|move|p2a: Ceruledge|Bitter Blade|p1a: Mandibuzz\n|-damage|p1a: Mandibuzz|0 fnt\n|-heal|p2a: Ceruledge|92\/100|[from] drain|[of] p1a: Mandibuzz\n|faint|p1a: Mandibuzz\n|\n|upkeep\n|\n|t:|1700433775\n|switch|p1a: Clodsire|Clodsire, F|100\/100\n|-damage|p1a: Clodsire|94\/100|[from] Stealth Rock\n|-damage|p1a: Clodsire|82\/100|[from] Spikes\n|turn|41\n|\n|t:|1700433796\n|move|p2a: Ceruledge|Poltergeist|p1a: Clodsire\n|-activate|p1a: Clodsire|move: Poltergeist|Black Sludge\n|-damage|p1a: Clodsire|18\/100\n|move|p1a: Clodsire|Toxic|p2a: Ceruledge\n|-status|p2a: Ceruledge|tox\n|\n|-heal|p1a: Clodsire|24\/100|[from] item: Black Sludge\n|-damage|p2a: Ceruledge|85\/100 tox|[from] psn\n|upkeep\n|turn|42\n|inactive|32r23we has 120 seconds left.\n|\n|t:|1700433837\n|switch|p1a: Wyrdeer|Wyrdeer, F|88\/100\n|-damage|p1a: Wyrdeer|75\/100|[from] Stealth Rock\n|-damage|p1a: Wyrdeer|63\/100|[from] Spikes\n|move|p2a: Ceruledge|Bitter Blade|p1a: Wyrdeer\n|-damage|p1a: Wyrdeer|12\/100\n|-heal|p2a: Ceruledge|100\/100 tox|[from] drain|[of] p1a: Wyrdeer\n|\n|-heal|p1a: Wyrdeer|18\/100|[from] item: Leftovers\n|-damage|p2a: Ceruledge|88\/100 tox|[from] psn\n|upkeep\n|turn|43\n|\n|t:|1700433846\n|move|p1a: Wyrdeer|Protect|p1a: Wyrdeer\n|-singleturn|p1a: Wyrdeer|Protect\n|move|p2a: Ceruledge|Bitter Blade|p1a: Wyrdeer\n|-activate|p1a: Wyrdeer|move: Protect\n|\n|-heal|p1a: Wyrdeer|24\/100|[from] item: Leftovers\n|-damage|p2a: Ceruledge|70\/100 tox|[from] psn\n|upkeep\n|turn|44\n|\n|t:|1700433852\n|move|p2a: Ceruledge|Bitter Blade|p1a: Wyrdeer\n|-damage|p1a: Wyrdeer|0 fnt\n|-heal|p2a: Ceruledge|86\/100 tox|[from] drain|[of] p1a: Wyrdeer\n|faint|p1a: Wyrdeer\n|\n|-damage|p2a: Ceruledge|62\/100 tox|[from] psn\n|upkeep\n|\n|t:|1700433858\n|switch|p1a: Clodsire|Clodsire, F|24\/100\n|-damage|p1a: Clodsire|18\/100|[from] Stealth Rock\n|-damage|p1a: Clodsire|6\/100|[from] Spikes\n|turn|45\n|n|\u203d32r23we|32r23we\n|n|\u203d32r23we|32r23we\n|inactive|32r23we has 120 seconds left.\n|\n|t:|1700433878\n|-terastallize|p1a: Clodsire|Dragon\n|move|p2a: Ceruledge|Bitter Blade|p1a: Clodsire\n|-resisted|p1a: Clodsire\n|-damage|p1a: Clodsire|0 fnt\n|-heal|p2a: Ceruledge|66\/100 tox|[from] drain|[of] p1a: Clodsire\n|faint|p1a: Clodsire\n|\n|-damage|p2a: Ceruledge|35\/100 tox|[from] psn\n|upkeep\n|\n|t:|1700433886\n|switch|p1a: Klefki|Klefki, M|94\/100\n|-damage|p1a: Klefki|88\/100|[from] Stealth Rock\n|-damage|p1a: Klefki|76\/100|[from] Spikes\n|turn|46\n|inactive|32r23we has 120 seconds left.\n|n|\u260632r23we|32r23we\n|-message|SkeletonStitches forfeited.\n|\n|win|32r23we\n|raw|SkeletonStitches's rating: 1071 &rarr; <strong>1046<\/strong><br \/>(-25 for losing)\n|raw|32r23we's rating: 1000 &rarr; <strong>1048<\/strong><br \/>(+48 for winning)\n|l|\u2606SkeletonStitches\n","uploadtime":1700433968,"views":9,"p1id":"skeletonstitches","p2id":"32r23we","formatid":"gen9ou","rating":1046,"private":0,"password":""}