{"id":"gen9ou-1992279211","p1":"Dragon Master Rosa","p2":"Drakuron","format":"[Gen 9] OU","log":"|j|\u2606Dragon Master Rosa\n|j|\u2606Drakuron\n|t:|1700170347\n|gametype|singles\n|player|p1|Dragon Master Rosa|rosa|1336\n|player|p2|Drakuron|veteran|1306\n|teamsize|p1|6\n|teamsize|p2|6\n|gen|9\n|tier|[Gen 9] OU\n|rated|\n|rule|Sleep Clause Mod: Limit one foe put to sleep\n|rule|Species Clause: Limit one of each Pok\u00e9mon\n|rule|OHKO Clause: OHKO moves are banned\n|rule|Evasion Items Clause: Evasion items are banned\n|rule|Evasion Moves Clause: Evasion moves are banned\n|rule|Endless Battle Clause: Forcing endless battles is banned\n|rule|HP Percentage Mod: HP is shown in percentages\n|clearpoke\n|poke|p1|Zoroark-Hisui, M|\n|poke|p1|Corviknight, F|\n|poke|p1|Ogerpon-Wellspring, F|\n|poke|p1|Sandy Shocks|\n|poke|p1|Lokix, M|\n|poke|p1|Greninja-*, M|\n|poke|p2|Sneasler, F|\n|poke|p2|Rillaboom, M|\n|poke|p2|Squawkabilly-Blue, M|\n|poke|p2|Quagsire, F|\n|poke|p2|Goodra-Hisui, F|\n|poke|p2|Coalossal, F|\n|teampreview\n|inactive|Battle timer is ON: inactive players will automatically lose when time's up. (requested by Drakuron)\n|inactive|Dragon Master Rosa has 120 seconds left.\n|\n|t:|1700170380\n|start\n|switch|p1a: Corviknight|Corviknight, F|100\/100\n|switch|p2a: Rillaboom|Rillaboom, M|100\/100\n|-fieldstart|move: Grassy Terrain|[from] ability: Grassy Surge|[of] p2a: Rillaboom\n|-ability|p1a: Corviknight|Pressure\n|turn|1\n|\n|t:|1700170388\n|move|p2a: Rillaboom|U-turn|p1a: Corviknight\n|-resisted|p1a: Corviknight\n|-damage|p1a: Corviknight|97\/100\n|-damage|p2a: Rillaboom|84\/100|[from] item: Rocky Helmet|[of] p1a: Corviknight\n|\n|t:|1700170391\n|switch|p2a: Coalossal|Coalossal, F|100\/100|[from] U-turn\n|move|p1a: Corviknight|U-turn|p2a: Coalossal\n|-resisted|p2a: Coalossal\n|-damage|p2a: Coalossal|97\/100\n|\n|t:|1700170404\n|switch|p1a: Ogerpon|Ogerpon-Wellspring, F|100\/100|[from] U-turn\n|\n|-heal|p2a: Coalossal|100\/100|[from] Grassy Terrain\n|upkeep\n|turn|2\n|\n|t:|1700170421\n|switch|p1a: Sandy Shocks|Sandy Shocks|100\/100\n|switch|p2a: Rillaboom|Rillaboom, M|84\/100\n|\n|-heal|p2a: Rillaboom|90\/100|[from] Grassy Terrain\n|upkeep\n|turn|3\n|\n|t:|1700170436\n|-end|p1a: Sandy Shocks|Protosynthesis|[silent]\n|switch|p1a: Corviknight|Corviknight, F|97\/100\n|-ability|p1a: Corviknight|Pressure\n|move|p2a: Rillaboom|Drum Beating|p1a: Corviknight\n|-resisted|p1a: Corviknight\n|-damage|p1a: Corviknight|89\/100\n|-unboost|p1a: Corviknight|spe|1\n|\n|-heal|p2a: Rillaboom|96\/100|[from] Grassy Terrain\n|upkeep\n|turn|4\n|\n|t:|1700170462\n|move|p2a: Rillaboom|Knock Off|p1a: Corviknight\n|-damage|p1a: Corviknight|71\/100\n|-damage|p2a: Rillaboom|80\/100|[from] item: Rocky Helmet|[of] p1a: Corviknight\n|-enditem|p1a: Corviknight|Rocky Helmet|[from] move: Knock Off|[of] p2a: Rillaboom\n|move|p1a: Corviknight|Defog|p2a: Rillaboom\n|-unboost|p2a: Rillaboom|evasion|1\n|-fieldend|move: Grassy Terrain\n|\n|upkeep\n|turn|5\n|\n|t:|1700170481\n|move|p2a: Rillaboom|U-turn|p1a: Corviknight\n|-resisted|p1a: Corviknight\n|-damage|p1a: Corviknight|67\/100\n|\n|t:|1700170488\n|switch|p2a: Coalossal|Coalossal, F|100\/100|[from] U-turn\n|move|p1a: Corviknight|Roost|p1a: Corviknight\n|-heal|p1a: Corviknight|100\/100\n|-singleturn|p1a: Corviknight|move: Roost\n|\n|upkeep\n|turn|6\n|\n|t:|1700170495\n|switch|p1a: Sandy Shocks|Sandy Shocks|100\/100\n|move|p2a: Coalossal|Stealth Rock|p1a: Sandy Shocks\n|-sidestart|p1: Dragon Master Rosa|move: Stealth Rock\n|\n|upkeep\n|turn|7\n|\n|t:|1700170506\n|switch|p2a: Rillaboom|Rillaboom, M|80\/100\n|-fieldstart|move: Grassy Terrain|[from] ability: Grassy Surge|[of] p2a: Rillaboom\n|move|p1a: Sandy Shocks|Stealth Rock|p2a: Rillaboom\n|-sidestart|p2: Drakuron|move: Stealth Rock\n|\n|-heal|p2a: Rillaboom|86\/100|[from] Grassy Terrain\n|upkeep\n|turn|8\n|\n|t:|1700170521\n|switch|p2a: Coalossal|Coalossal, F|100\/100\n|-terastallize|p1a: Sandy Shocks|Ice\n|move|p1a: Sandy Shocks|Tera Blast|p2a: Coalossal|[anim] Tera Blast Ice\n|-resisted|p2a: Coalossal\n|-damage|p2a: Coalossal|82\/100\n|\n|-heal|p2a: Coalossal|88\/100|[from] Grassy Terrain\n|upkeep\n|turn|9\n|\n|t:|1700170533\n|switch|p2a: Squawkabilly|Squawkabilly-Blue, M|100\/100\n|-damage|p2a: Squawkabilly|76\/100|[from] Stealth Rock\n|move|p1a: Sandy Shocks|Volt Switch|p2a: Squawkabilly\n|-supereffective|p2a: Squawkabilly\n|-damage|p2a: Squawkabilly|0 fnt\n|faint|p2a: Squawkabilly\n|\n|t:|1700170537\n|-end|p1a: Sandy Shocks|Protosynthesis|[silent]\n|switch|p1a: Corviknight|Corviknight, F|100\/100|[from] Volt Switch\n|-damage|p1a: Corviknight|88\/100|[from] Stealth Rock\n|-ability|p1a: Corviknight|Pressure\n|\n|upkeep\n|\n|t:|1700170546\n|switch|p2a: Coalossal|Coalossal, F|88\/100\n|turn|10\n|\n|t:|1700170565\n|move|p1a: Corviknight|Defog|p2a: Coalossal\n|-unboost|p2a: Coalossal|evasion|1\n|-sideend|p2: Drakuron|Stealth Rock|[from] move: Defog|[of] p1a: Corviknight\n|-sideend|p1: Dragon Master Rosa|Stealth Rock|[from] move: Defog|[of] p1a: Corviknight\n|-fieldend|move: Grassy Terrain\n|move|p2a: Coalossal|Rapid Spin|p1a: Corviknight\n|-resisted|p1a: Corviknight\n|-damage|p1a: Corviknight|86\/100\n|-boost|p2a: Coalossal|spe|1\n|\n|upkeep\n|turn|11\n|\n|t:|1700170575\n|switch|p1a: Sandy Shocks|Sandy Shocks, tera:Ice|100\/100\n|move|p2a: Coalossal|Flamethrower|p1a: Sandy Shocks\n|-supereffective|p1a: Sandy Shocks\n|-damage|p1a: Sandy Shocks|39\/100\n|\n|upkeep\n|turn|12\n|\n|t:|1700170587\n|move|p1a: Sandy Shocks|Tera Blast|p2a: Coalossal|[anim] Tera Blast Ice\n|-resisted|p2a: Coalossal\n|-damage|p2a: Coalossal|68\/100\n|move|p2a: Coalossal|Flamethrower|p1a: Sandy Shocks\n|-supereffective|p1a: Sandy Shocks\n|-damage|p1a: Sandy Shocks|0 fnt\n|faint|p1a: Sandy Shocks\n|-end|p1a: Sandy Shocks|Protosynthesis|[silent]\n|\n|upkeep\n|\n|t:|1700170592\n|switch|p1a: Ogerpon|Ogerpon-Wellspring, F|100\/100\n|turn|13\n|\n|t:|1700170600\n|move|p1a: Ogerpon|Ivy Cudgel|p2a: Coalossal|[anim] Ivy Cudgel Water\n|-supereffective|p2a: Coalossal\n|-damage|p2a: Coalossal|0 fnt\n|faint|p2a: Coalossal\n|\n|upkeep\n|\n|t:|1700170604\n|switch|p2a: Rillaboom|Rillaboom, M|86\/100\n|-fieldstart|move: Grassy Terrain|[from] ability: Grassy Surge|[of] p2a: Rillaboom\n|turn|14\n|\n|t:|1700170609\n|move|p1a: Ogerpon|U-turn|p2a: Rillaboom\n|-supereffective|p2a: Rillaboom\n|-damage|p2a: Rillaboom|29\/100\n|\n|t:|1700170623\n|switch|p1a: Lokix|Lokix, M|100\/100|[from] U-turn\n|move|p2a: Rillaboom|Drum Beating|p1a: Lokix\n|-resisted|p1a: Lokix\n|-damage|p1a: Lokix|60\/100\n|-unboost|p1a: Lokix|spe|1\n|\n|-heal|p2a: Rillaboom|35\/100|[from] Grassy Terrain\n|-heal|p1a: Lokix|66\/100|[from] Grassy Terrain\n|upkeep\n|turn|15\n|\n|t:|1700170639\n|move|p1a: Lokix|First Impression|p2a: Rillaboom\n|-supereffective|p2a: Rillaboom\n|-damage|p2a: Rillaboom|0 fnt\n|faint|p2a: Rillaboom\n|\n|-heal|p1a: Lokix|72\/100|[from] Grassy Terrain\n|upkeep\n|\n|t:|1700170641\n|switch|p2a: Sneasler|Sneasler, F|100\/100\n|-enditem|p2a: Sneasler|Grassy Seed\n|-boost|p2a: Sneasler|def|1|[from] item: Grassy Seed\n|turn|16\n|\n|t:|1700170648\n|move|p1a: Lokix|First Impression||[still]\n|-hint|First Impression only works on your first turn out.\n|-fail|p1a: Lokix\n|move|p2a: Sneasler|Swords Dance|p2a: Sneasler\n|-boost|p2a: Sneasler|atk|2\n|\n|-heal|p1a: Lokix|78\/100|[from] Grassy Terrain\n|upkeep\n|turn|17\n|-message|Dragon Master Rosa forfeited.\n|\n|win|Drakuron\n|raw|Dragon Master Rosa's rating: 1336 &rarr; <strong>1314<\/strong><br \/>(-22 for losing)\n|raw|Drakuron's rating: 1306 &rarr; <strong>1328<\/strong><br \/>(+22 for winning)\n|l|\u2606Dragon Master Rosa\n","uploadtime":1700170683,"views":12,"p1id":"dragonmasterrosa","p2id":"drakuron","formatid":"gen9ou","rating":1314,"private":0,"password":""}