{"id":"gen9ou-1988605058","p1":"Matto ssj","p2":"oneforall2021","format":"[Gen 9] OU","log":"|j|\u2606Matto ssj\n|j|\u2606oneforall2021\n|t:|1699741096\n|gametype|singles\n|player|p1|Matto ssj|ethan|1120\n|player|p2|oneforall2021|red|1023\n|teamsize|p1|6\n|teamsize|p2|6\n|gen|9\n|tier|[Gen 9] OU\n|rated|\n|rule|Sleep Clause Mod: Limit one foe put to sleep\n|rule|Species Clause: Limit one of each Pok\u00e9mon\n|rule|OHKO Clause: OHKO moves are banned\n|rule|Evasion Items Clause: Evasion items are banned\n|rule|Evasion Moves Clause: Evasion moves are banned\n|rule|Endless Battle Clause: Forcing endless battles is banned\n|rule|HP Percentage Mod: HP is shown in percentages\n|clearpoke\n|poke|p1|Alomomola, F|\n|poke|p1|Slowking-Galar, F|\n|poke|p1|Kingambit, F|\n|poke|p1|Great Tusk|\n|poke|p1|Cinderace, F|\n|poke|p1|Thundurus-Therian, M|\n|poke|p2|Gliscor, M|\n|poke|p2|Rillaboom, F|\n|poke|p2|Cinderace, M|\n|poke|p2|Garganacl, M|\n|poke|p2|Samurott-Hisui, F|\n|poke|p2|Zamazenta-*|\n|teampreview\n|inactive|Battle timer is ON: inactive players will automatically lose when time's up. (requested by oneforall2021)\n|\n|t:|1699741120\n|start\n|switch|p1a: Cinderace|Cinderace, F|100\/100\n|switch|p2a: Zamazenta|Zamazenta|100\/100\n|-ability|p2a: Zamazenta|Dauntless Shield|boost\n|-boost|p2a: Zamazenta|def|1\n|turn|1\n|\n|t:|1699741150\n|move|p2a: Zamazenta|Protect|p2a: Zamazenta\n|-singleturn|p2a: Zamazenta|Protect\n|move|p1a: Cinderace|Will-O-Wisp|p2a: Zamazenta\n|-activate|p2a: Zamazenta|move: Protect\n|\n|upkeep\n|turn|2\n|inactive|oneforall2021 has 120 seconds left.\n|\n|t:|1699741173\n|move|p1a: Cinderace|Will-O-Wisp|p2a: Zamazenta\n|-status|p2a: Zamazenta|brn\n|move|p2a: Zamazenta|Substitute|p2a: Zamazenta\n|-start|p2a: Zamazenta|Substitute\n|-damage|p2a: Zamazenta|76\/100 brn\n|\n|-heal|p2a: Zamazenta|82\/100 brn|[from] item: Leftovers\n|-damage|p2a: Zamazenta|76\/100 brn|[from] brn\n|upkeep\n|turn|3\n|inactive|oneforall2021 has 120 seconds left.\n|\n|t:|1699741188\n|switch|p1a: Thundurus|Thundurus-Therian, M|100\/100\n|move|p2a: Zamazenta|Iron Defense|p2a: Zamazenta\n|-boost|p2a: Zamazenta|def|2\n|\n|-heal|p2a: Zamazenta|82\/100 brn|[from] item: Leftovers\n|-damage|p2a: Zamazenta|76\/100 brn|[from] brn\n|upkeep\n|turn|4\n|\n|t:|1699741205\n|move|p2a: Zamazenta|Iron Defense|p2a: Zamazenta\n|-boost|p2a: Zamazenta|def|2\n|move|p1a: Thundurus|Grass Knot|p2a: Zamazenta\n|-end|p2a: Zamazenta|Substitute\n|\n|-heal|p2a: Zamazenta|82\/100 brn|[from] item: Leftovers\n|-damage|p2a: Zamazenta|76\/100 brn|[from] brn\n|upkeep\n|turn|5\n|inactive|oneforall2021 has 120 seconds left.\n|\n|t:|1699741236\n|move|p2a: Zamazenta|Body Press|p1a: Thundurus\n|-resisted|p1a: Thundurus\n|-damage|p1a: Thundurus|48\/100\n|move|p1a: Thundurus|Grass Knot|p2a: Zamazenta\n|-crit|p2a: Zamazenta\n|-damage|p2a: Zamazenta|0 fnt\n|faint|p2a: Zamazenta\n|\n|upkeep\n|\n|t:|1699741243\n|switch|p2a: Gliscor|Gliscor, M|100\/100\n|turn|6\n|\n|t:|1699741254\n|switch|p1a: Slowking|Slowking-Galar, F|100\/100\n|move|p2a: Gliscor|Toxic|p1a: Slowking\n|-immune|p1a: Slowking\n|\n|-status|p2a: Gliscor|tox|[from] item: Toxic Orb\n|upkeep\n|turn|7\n|inactive|oneforall2021 has 120 seconds left.\n|inactive|oneforall2021 has 90 seconds left.\n|\n|t:|1699741299\n|move|p2a: Gliscor|Earthquake|p1a: Slowking\n|-supereffective|p1a: Slowking\n|-damage|p1a: Slowking|30\/100\n|move|p1a: Slowking|Ice Beam|p2a: Gliscor\n|-supereffective|p2a: Gliscor\n|-damage|p2a: Gliscor|0 fnt\n|faint|p2a: Gliscor\n|\n|upkeep\n|\n|t:|1699741306\n|switch|p2a: Samurott|Samurott-Hisui, F|100\/100\n|turn|8\n|\n|t:|1699741330\n|switch|p1a: Thundurus|Thundurus-Therian, M|48\/100\n|move|p2a: Samurott|Ceaseless Edge|p1a: Thundurus\n|-damage|p1a: Thundurus|0 fnt\n|-sidestart|p1: Matto ssj|Spikes\n|faint|p1a: Thundurus\n|\n|upkeep\n|\n|t:|1699741335\n|switch|p1a: Great Tusk|Great Tusk|100\/100\n|-damage|p1a: Great Tusk|88\/100|[from] Spikes\n|turn|9\n|inactive|Matto ssj has 120 seconds left.\n|\n|t:|1699741360\n|-end|p1a: Great Tusk|Protosynthesis|[silent]\n|switch|p1a: Kingambit|Kingambit, F|100\/100\n|-damage|p1a: Kingambit|88\/100|[from] Spikes\n|-activate|p1a: Kingambit|ability: Supreme Overlord\n|-start|p1a: Kingambit|fallen1|[silent]\n|move|p2a: Samurott|Razor Shell|p1a: Kingambit\n|-damage|p1a: Kingambit|46\/100\n|\n|-heal|p1a: Kingambit|52\/100|[from] item: Leftovers\n|upkeep\n|turn|10\n|inactive|Matto ssj has 120 seconds left.\n|\n|t:|1699741373\n|move|p2a: Samurott|Sacred Sword|p1a: Kingambit\n|-supereffective|p1a: Kingambit\n|-damage|p1a: Kingambit|0 fnt\n|faint|p1a: Kingambit\n|-end|p1a: Kingambit|fallen1|[silent]\n|\n|upkeep\n|\n|t:|1699741377\n|switch|p1a: Cinderace|Cinderace, F|100\/100\n|turn|11\n|inactive|oneforall2021 has 120 seconds left.\n|\n|t:|1699741389\n|switch|p2a: Rillaboom|Rillaboom, F|100\/100\n|-fieldstart|move: Grassy Terrain|[from] ability: Grassy Surge|[of] p2a: Rillaboom\n|-terastallize|p1a: Cinderace|Grass\n|move|p1a: Cinderace|Will-O-Wisp|p2a: Rillaboom\n|-status|p2a: Rillaboom|brn\n|\n|-damage|p2a: Rillaboom|94\/100 brn|[from] brn\n|upkeep\n|turn|12\n|inactive|oneforall2021 has 120 seconds left.\n|\n|t:|1699741404\n|move|p2a: Rillaboom|Fake Out|p1a: Cinderace\n|-damage|p1a: Cinderace|91\/100\n|cant|p1a: Cinderace|flinch\n|\n|-heal|p1a: Cinderace|97\/100|[from] Grassy Terrain\n|-heal|p2a: Rillaboom|100\/100 brn|[from] Grassy Terrain\n|-damage|p2a: Rillaboom|94\/100 brn|[from] brn\n|upkeep\n|turn|13\n|inactive|oneforall2021 has 120 seconds left.\n|\n|t:|1699741415\n|switch|p2a: Garganacl|Garganacl, M|100\/100\n|move|p1a: Cinderace|U-turn|p2a: Garganacl\n|-damage|p2a: Garganacl|89\/100\n|\n|t:|1699741423\n|switch|p1a: Great Tusk|Great Tusk|88\/100|[from] U-turn\n|-damage|p1a: Great Tusk|76\/100|[from] Spikes\n|\n|-heal|p1a: Great Tusk|82\/100|[from] Grassy Terrain\n|-heal|p2a: Garganacl|95\/100|[from] Grassy Terrain\n|upkeep\n|turn|14\n|inactive|oneforall2021 has 120 seconds left.\n|inactive|oneforall2021 has 90 seconds left.\n|inactive|oneforall2021 has 60 seconds left.\n|\n|t:|1699741502\n|move|p2a: Garganacl|Protect|p2a: Garganacl\n|-singleturn|p2a: Garganacl|Protect\n|move|p1a: Great Tusk|Headlong Rush|p2a: Garganacl\n|-activate|p2a: Garganacl|move: Protect\n|\n|-heal|p1a: Great Tusk|88\/100|[from] Grassy Terrain\n|-heal|p2a: Garganacl|100\/100|[from] Grassy Terrain\n|upkeep\n|turn|15\n|inactive|oneforall2021 has 60 seconds left.\n|\n|t:|1699741513\n|move|p1a: Great Tusk|Headlong Rush|p2a: Garganacl\n|-supereffective|p2a: Garganacl\n|-damage|p2a: Garganacl|30\/100\n|-unboost|p1a: Great Tusk|def|1\n|-unboost|p1a: Great Tusk|spd|1\n|move|p2a: Garganacl|Salt Cure|p1a: Great Tusk\n|-resisted|p1a: Great Tusk\n|-damage|p1a: Great Tusk|84\/100\n|-start|p1a: Great Tusk|Salt Cure\n|\n|-heal|p1a: Great Tusk|90\/100|[from] Grassy Terrain\n|-heal|p2a: Garganacl|36\/100|[from] Grassy Terrain\n|-damage|p1a: Great Tusk|78\/100|[from] Salt Cure\n|-fieldend|move: Grassy Terrain\n|upkeep\n|turn|16\n|inactive|oneforall2021 has 60 seconds left.\n|\n|t:|1699741533\n|switch|p2a: Rillaboom|Rillaboom, F|94\/100 brn\n|-fieldstart|move: Grassy Terrain|[from] ability: Grassy Surge|[of] p2a: Rillaboom\n|move|p1a: Great Tusk|Stealth Rock|p2a: Rillaboom\n|-sidestart|p2: oneforall2021|move: Stealth Rock\n|\n|-heal|p1a: Great Tusk|84\/100|[from] Grassy Terrain\n|-heal|p2a: Rillaboom|100\/100 brn|[from] Grassy Terrain\n|-damage|p2a: Rillaboom|94\/100 brn|[from] brn\n|-damage|p1a: Great Tusk|72\/100|[from] Salt Cure\n|upkeep\n|turn|17\n|inactive|oneforall2021 has 60 seconds left.\n|\n|t:|1699741546\n|-end|p1a: Great Tusk|Protosynthesis|[silent]\n|switch|p1a: Cinderace|Cinderace, F, tera:Grass|97\/100\n|move|p2a: Rillaboom|Bulk Up|p2a: Rillaboom\n|-boost|p2a: Rillaboom|atk|1\n|-boost|p2a: Rillaboom|def|1\n|\n|-heal|p1a: Cinderace|100\/100|[from] Grassy Terrain\n|-heal|p2a: Rillaboom|100\/100 brn|[from] Grassy Terrain\n|-damage|p2a: Rillaboom|94\/100 brn|[from] brn\n|upkeep\n|turn|18\n|inactive|oneforall2021 has 60 seconds left.\n|\n|t:|1699741559\n|move|p1a: Cinderace|Pyro Ball|p2a: Rillaboom\n|-supereffective|p2a: Rillaboom\n|-damage|p2a: Rillaboom|29\/100 brn\n|move|p2a: Rillaboom|Drum Beating|p1a: Cinderace\n|-resisted|p1a: Cinderace\n|-damage|p1a: Cinderace|65\/100\n|-unboost|p1a: Cinderace|spe|1\n|\n|-heal|p1a: Cinderace|71\/100|[from] Grassy Terrain\n|-heal|p2a: Rillaboom|35\/100 brn|[from] Grassy Terrain\n|-damage|p2a: Rillaboom|29\/100 brn|[from] brn\n|upkeep\n|turn|19\n|inactive|oneforall2021 has 60 seconds left.\n|\n|t:|1699741570\n|move|p1a: Cinderace|Pyro Ball|p2a: Rillaboom\n|-supereffective|p2a: Rillaboom\n|-damage|p2a: Rillaboom|0 fnt\n|faint|p2a: Rillaboom\n|\n|-heal|p1a: Cinderace|77\/100|[from] Grassy Terrain\n|upkeep\n|\n|t:|1699741576\n|switch|p2a: Cinderace|Cinderace, M|100\/100\n|turn|20\n|inactive|oneforall2021 has 60 seconds left.\n|\n|t:|1699741587\n|switch|p1a: Alomomola|Alomomola, F|100\/100\n|-damage|p1a: Alomomola|88\/100|[from] Spikes\n|move|p2a: Cinderace|Pyro Ball|p1a: Alomomola\n|-resisted|p1a: Alomomola\n|-damage|p1a: Alomomola|68\/100\n|-enditem|p1a: Alomomola|Red Card|[of] p2a: Cinderace\n|drag|p2a: Samurott|Samurott-Hisui, F|100\/100\n|-damage|p2a: Samurott|88\/100|[from] Stealth Rock\n|\n|-heal|p2a: Samurott|94\/100|[from] Grassy Terrain\n|-heal|p1a: Alomomola|74\/100|[from] Grassy Terrain\n|-fieldend|move: Grassy Terrain\n|upkeep\n|turn|21\n|inactive|oneforall2021 has 60 seconds left.\n|\n|t:|1699741601\n|move|p2a: Samurott|Ceaseless Edge|p1a: Alomomola\n|-damage|p1a: Alomomola|42\/100\n|-sidestart|p1: Matto ssj|Spikes\n|move|p1a: Alomomola|Wish|p1a: Alomomola\n|\n|upkeep\n|turn|22\n|inactive|oneforall2021 has 60 seconds left.\n|\n|t:|1699741615\n|switch|p1a: Cinderace|Cinderace, F, tera:Grass|77\/100\n|move|p2a: Samurott|Ceaseless Edge|p1a: Cinderace|[miss]\n|-miss|p2a: Samurott|p1a: Cinderace\n|\n|-heal|p1a: Cinderace|100\/100|[from] move: Wish|[wisher] Alomomola\n|upkeep\n|turn|23\n|inactive|oneforall2021 has 60 seconds left.\n|\n|t:|1699741628\n|move|p1a: Cinderace|U-turn|p2a: Samurott\n|-supereffective|p2a: Samurott\n|-damage|p2a: Samurott|36\/100\n|\n|t:|1699741636\n|switch|p1a: Great Tusk|Great Tusk|72\/100|[from] U-turn\n|-damage|p1a: Great Tusk|55\/100|[from] Spikes\n|move|p2a: Samurott|Flip Turn|p1a: Great Tusk\n|-supereffective|p1a: Great Tusk\n|-damage|p1a: Great Tusk|9\/100\n|-damage|p2a: Samurott|19\/100|[from] item: Rocky Helmet|[of] p1a: Great Tusk\n|inactive|oneforall2021 has 60 seconds left.\n|\n|t:|1699741646\n|switch|p2a: Cinderace|Cinderace, M|100\/100|[from] Flip Turn\n|\n|upkeep\n|turn|24\n|\n|t:|1699741656\n|-end|p1a: Great Tusk|Protosynthesis|[silent]\n|switch|p1a: Alomomola|Alomomola, F|75\/100\n|-damage|p1a: Alomomola|59\/100|[from] Spikes\n|move|p2a: Cinderace|Sucker Punch||[still]\n|-fail|p2a: Cinderace\n|\n|upkeep\n|turn|25\n|\n|t:|1699741663\n|move|p2a: Cinderace|U-turn|p1a: Alomomola\n|-start|p2a: Cinderace|typechange|Bug|[from] ability: Libero\n|-damage|p1a: Alomomola|36\/100\n|\n|t:|1699741667\n|switch|p2a: Garganacl|Garganacl, M|36\/100|[from] U-turn\n|-damage|p2a: Garganacl|23\/100|[from] Stealth Rock\n|-enditem|p2a: Garganacl|Aguav Berry|[eat]\n|-heal|p2a: Garganacl|57\/100|[from] item: Aguav Berry\n|move|p1a: Alomomola|Wish|p1a: Alomomola\n|\n|upkeep\n|turn|26\n|\n|t:|1699741691\n|move|p1a: Alomomola|Scald|p2a: Garganacl\n|-supereffective|p2a: Garganacl\n|-damage|p2a: Garganacl|34\/100\n|move|p2a: Garganacl|Recover|p2a: Garganacl\n|-heal|p2a: Garganacl|84\/100\n|\n|-heal|p1a: Alomomola|86\/100|[from] move: Wish|[wisher] Alomomola\n|upkeep\n|turn|27\n|\n|t:|1699741700\n|move|p1a: Alomomola|Flip Turn|p2a: Garganacl\n|-supereffective|p2a: Garganacl\n|-damage|p2a: Garganacl|67\/100\n|\n|t:|1699741706\n|switch|p1a: Great Tusk|Great Tusk|9\/100|[from] Flip Turn\n|-damage|p1a: Great Tusk|0 fnt|[from] Spikes\n|faint|p1a: Great Tusk\n|-end|p1a: Great Tusk|Protosynthesis|[silent]\n|move|p2a: Garganacl|Salt Cure|p1: Great Tusk|[notarget]\n|-fail|p2a: Garganacl\n|\n|upkeep\n|\n|t:|1699741720\n|switch|p1a: Slowking|Slowking-Galar, F|64\/100\n|turn|28\n|\n|t:|1699741725\n|move|p2a: Garganacl|Recover|p2a: Garganacl\n|-heal|p2a: Garganacl|100\/100\n|move|p1a: Slowking|Future Sight|p2a: Garganacl\n|-start|p1a: Slowking|move: Future Sight\n|\n|upkeep\n|turn|29\n|\n|t:|1699741732\n|move|p2a: Garganacl|Body Press|p1a: Slowking\n|-resisted|p1a: Slowking\n|-damage|p1a: Slowking|55\/100\n|move|p1a: Slowking|Ice Beam|p2a: Garganacl\n|-damage|p2a: Garganacl|82\/100\n|\n|upkeep\n|turn|30\n|\n|t:|1699741744\n|switch|p2a: Samurott|Samurott-Hisui, F|19\/100\n|-damage|p2a: Samurott|7\/100|[from] Stealth Rock\n|move|p1a: Slowking|Chilly Reception|p1a: Slowking\n|-weather|Snow\n|\n|t:|1699741748\n|switch|p1a: Cinderace|Cinderace, F, tera:Grass|100\/100|[from] Chilly Reception\n|\n|-weather|Snow|[upkeep]\n|-end|p2a: Samurott|move: Future Sight\n|-immune|p2a: Samurott\n|upkeep\n|turn|31\n|\n|t:|1699741761\n|move|p1a: Cinderace|U-turn|p2a: Samurott\n|-supereffective|p2a: Samurott\n|-damage|p2a: Samurott|0 fnt\n|faint|p2a: Samurott\n|\n|t:|1699741771\n|switch|p1a: Alomomola|Alomomola, F|100\/100|[from] U-turn\n|-damage|p1a: Alomomola|84\/100|[from] Spikes\n|\n|-weather|Snow|[upkeep]\n|upkeep\n|\n|t:|1699741788\n|switch|p2a: Cinderace|Cinderace, M|100\/100\n|turn|32\n|\n|t:|1699741797\n|move|p2a: Cinderace|U-turn|p1a: Alomomola\n|-start|p2a: Cinderace|typechange|Bug|[from] ability: Libero\n|-damage|p1a: Alomomola|60\/100\n|\n|t:|1699741801\n|switch|p2a: Garganacl|Garganacl, M|82\/100|[from] U-turn\n|-damage|p2a: Garganacl|70\/100|[from] Stealth Rock\n|move|p1a: Alomomola|Scald|p2a: Garganacl\n|-supereffective|p2a: Garganacl\n|-damage|p2a: Garganacl|45\/100\n|\n|-weather|Snow|[upkeep]\n|upkeep\n|turn|33\n|inactive|oneforall2021 has 120 seconds left.\n|\n|t:|1699741817\n|move|p1a: Alomomola|Flip Turn|p2a: Garganacl\n|-supereffective|p2a: Garganacl\n|-damage|p2a: Garganacl|27\/100\n|\n|t:|1699741820\n|switch|p1a: Cinderace|Cinderace, F, tera:Grass|100\/100|[from] Flip Turn\n|move|p2a: Garganacl|Recover|p2a: Garganacl\n|-heal|p2a: Garganacl|77\/100\n|\n|-weather|Snow|[upkeep]\n|upkeep\n|turn|34\n|inactive|oneforall2021 has 120 seconds left.\n|\n|t:|1699741830\n|-terastallize|p2a: Garganacl|Ghost\n|move|p1a: Cinderace|Pyro Ball|p2a: Garganacl\n|-damage|p2a: Garganacl|45\/100\n|move|p2a: Garganacl|Recover|p2a: Garganacl\n|-heal|p2a: Garganacl|96\/100\n|\n|-weather|none\n|upkeep\n|turn|35\n|inactive|oneforall2021 has 120 seconds left.\n|\n|t:|1699741850\n|move|p1a: Cinderace|Court Change|p1a: Cinderace\n|-swapsideconditions\n|-activate|p1a: Cinderace|move: Court Change\n|move|p2a: Garganacl|Salt Cure|p1a: Cinderace\n|-damage|p1a: Cinderace|81\/100\n|-start|p1a: Cinderace|Salt Cure\n|\n|-damage|p1a: Cinderace|68\/100|[from] Salt Cure\n|upkeep\n|turn|36\n|inactive|oneforall2021 has 120 seconds left.\n|\n|t:|1699741858\n|move|p1a: Cinderace|U-turn|p2a: Garganacl\n|-resisted|p2a: Garganacl\n|-damage|p2a: Garganacl|89\/100\n|\n|t:|1699741864\n|switch|p1a: Slowking|Slowking-Galar, F|89\/100|[from] U-turn\n|move|p2a: Garganacl|Body Press|p1a: Slowking\n|-resisted|p1a: Slowking\n|-damage|p1a: Slowking|81\/100\n|\n|upkeep\n|turn|37\n|inactive|oneforall2021 has 120 seconds left.\n|\n|t:|1699741891\n|move|p2a: Garganacl|Salt Cure|p1a: Slowking\n|-damage|p1a: Slowking|65\/100\n|-start|p1a: Slowking|Salt Cure\n|move|p1a: Slowking|Future Sight|p2a: Garganacl\n|-start|p1a: Slowking|move: Future Sight\n|\n|-damage|p1a: Slowking|53\/100|[from] Salt Cure\n|upkeep\n|turn|38\n|inactive|oneforall2021 has 90 seconds left.\n|\n|t:|1699741921\n|move|p2a: Garganacl|Salt Cure|p1a: Slowking\n|-damage|p1a: Slowking|38\/100\n|move|p1a: Slowking|Chilly Reception|p1a: Slowking\n|-weather|Snow\n|\n|t:|1699741928\n|switch|p1a: Cinderace|Cinderace, F, tera:Grass|68\/100|[from] Chilly Reception\n|\n|-weather|Snow|[upkeep]\n|upkeep\n|turn|39\n|\n|t:|1699741934\n|move|p1a: Cinderace|Pyro Ball|p2a: Garganacl\n|-damage|p2a: Garganacl|60\/100\n|move|p2a: Garganacl|Recover|p2a: Garganacl\n|-heal|p2a: Garganacl|100\/100\n|\n|-weather|Snow|[upkeep]\n|-end|p2a: Garganacl|move: Future Sight\n|-damage|p2a: Garganacl|60\/100\n|upkeep\n|turn|40\n|\n|t:|1699741948\n|switch|p1a: Slowking|Slowking-Galar, F|71\/100\n|move|p2a: Garganacl|Recover|p2a: Garganacl\n|-heal|p2a: Garganacl|100\/100\n|\n|-weather|Snow|[upkeep]\n|upkeep\n|turn|41\n|\n|t:|1699741956\n|move|p2a: Garganacl|Salt Cure|p1a: Slowking\n|-damage|p1a: Slowking|57\/100\n|-start|p1a: Slowking|Salt Cure\n|move|p1a: Slowking|Future Sight|p2a: Garganacl\n|-start|p1a: Slowking|move: Future Sight\n|\n|-weather|Snow|[upkeep]\n|-damage|p1a: Slowking|44\/100|[from] Salt Cure\n|upkeep\n|turn|42\n|\n|t:|1699741963\n|switch|p1a: Cinderace|Cinderace, F, tera:Grass|68\/100\n|move|p2a: Garganacl|Salt Cure|p1a: Cinderace\n|-damage|p1a: Cinderace|48\/100\n|-start|p1a: Cinderace|Salt Cure\n|\n|-weather|none\n|-damage|p1a: Cinderace|36\/100|[from] Salt Cure\n|upkeep\n|turn|43\n|inactive|oneforall2021 has 120 seconds left.\n|\n|t:|1699741970\n|switch|p1a: Alomomola|Alomomola, F|93\/100\n|-damage|p1a: Alomomola|81\/100|[from] Stealth Rock\n|move|p2a: Garganacl|Body Press|p1a: Alomomola\n|-damage|p1a: Alomomola|61\/100\n|\n|-end|p2a: Garganacl|move: Future Sight\n|-damage|p2a: Garganacl|58\/100\n|upkeep\n|turn|44\n|\n|t:|1699741986\n|move|p1a: Alomomola|Acrobatics|p2a: Garganacl\n|-damage|p2a: Garganacl|46\/100\n|move|p2a: Garganacl|Recover|p2a: Garganacl\n|-heal|p2a: Garganacl|97\/100\n|\n|upkeep\n|turn|45\n|inactive|oneforall2021 has 120 seconds left.\n|\n|t:|1699742001\n|move|p1a: Alomomola|Scald|p2a: Garganacl\n|-damage|p2a: Garganacl|84\/100\n|move|p2a: Garganacl|Salt Cure|p1a: Alomomola\n|-damage|p1a: Alomomola|52\/100\n|-start|p1a: Alomomola|Salt Cure\n|\n|-damage|p1a: Alomomola|27\/100|[from] Salt Cure\n|upkeep\n|turn|46\n|\n|t:|1699742010\n|switch|p1a: Slowking|Slowking-Galar, F|78\/100\n|move|p2a: Garganacl|Body Press|p1a: Slowking\n|-resisted|p1a: Slowking\n|-damage|p1a: Slowking|70\/100\n|\n|upkeep\n|turn|47\n|\n|t:|1699742016\n|move|p2a: Garganacl|Salt Cure|p1a: Slowking\n|-damage|p1a: Slowking|55\/100\n|-start|p1a: Slowking|Salt Cure\n|move|p1a: Slowking|Future Sight|p2a: Garganacl\n|-start|p1a: Slowking|move: Future Sight\n|\n|-damage|p1a: Slowking|42\/100|[from] Salt Cure\n|upkeep\n|turn|48\n|\n|t:|1699742023\n|switch|p2a: Cinderace|Cinderace, M|100\/100\n|switch|p1a: Alomomola|Alomomola, F|61\/100\n|-damage|p1a: Alomomola|48\/100|[from] Stealth Rock\n|\n|upkeep\n|turn|49\n|\n|t:|1699742031\n|move|p2a: Cinderace|Sucker Punch|p1a: Alomomola\n|-start|p2a: Cinderace|typechange|Dark|[from] ability: Libero\n|-damage|p1a: Alomomola|26\/100\n|move|p1a: Alomomola|Scald|p2a: Cinderace\n|-damage|p2a: Cinderace|79\/100\n|\n|-end|p2a: Cinderace|move: Future Sight\n|-immune|p2a: Cinderace\n|upkeep\n|turn|50\n|\n|t:|1699742045\n|switch|p1a: Cinderace|Cinderace, F, tera:Grass|36\/100\n|move|p2a: Cinderace|Pyro Ball|p1a: Cinderace\n|-supereffective|p1a: Cinderace\n|-damage|p1a: Cinderace|0 fnt\n|faint|p1a: Cinderace\n|\n|upkeep\n|\n|t:|1699742048\n|switch|p1a: Slowking|Slowking-Galar, F|76\/100\n|turn|51\n|\n|t:|1699742069\n|move|p2a: Cinderace|U-turn|p1a: Slowking\n|-damage|p1a: Slowking|49\/100\n|\n|t:|1699742072\n|switch|p2a: Garganacl|Garganacl, M, tera:Ghost|84\/100|[from] U-turn\n|-damage|p2a: Garganacl|68\/100|[from] Spikes\n|move|p1a: Slowking|Sludge Bomb|p2a: Garganacl\n|-resisted|p2a: Garganacl\n|-crit|p2a: Garganacl\n|-damage|p2a: Garganacl|47\/100\n|\n|upkeep\n|turn|52\n|\n|t:|1699742080\n|move|p2a: Garganacl|Salt Cure|p1a: Slowking\n|-damage|p1a: Slowking|34\/100\n|-start|p1a: Slowking|Salt Cure\n|move|p1a: Slowking|Future Sight|p2a: Garganacl\n|-start|p1a: Slowking|move: Future Sight\n|\n|-damage|p1a: Slowking|21\/100|[from] Salt Cure\n|upkeep\n|turn|53\n|\n|t:|1699742087\n|switch|p1a: Alomomola|Alomomola, F|60\/100\n|-damage|p1a: Alomomola|47\/100|[from] Stealth Rock\n|move|p2a: Garganacl|Recover|p2a: Garganacl\n|-heal|p2a: Garganacl|97\/100\n|\n|upkeep\n|turn|54\n|\n|t:|1699742100\n|move|p1a: Alomomola|Wish|p1a: Alomomola\n|move|p2a: Garganacl|Salt Cure|p1a: Alomomola\n|-damage|p1a: Alomomola|40\/100\n|-start|p1a: Alomomola|Salt Cure\n|\n|-end|p2a: Garganacl|move: Future Sight\n|-damage|p2a: Garganacl|60\/100\n|-damage|p1a: Alomomola|15\/100|[from] Salt Cure\n|upkeep\n|turn|55\n|\n|t:|1699742120\n|switch|p1a: Slowking|Slowking-Galar, F|55\/100\n|move|p2a: Garganacl|Protect||[still]\n|-fail|p2a: Garganacl\n|\n|-heal|p1a: Slowking|100\/100|[from] move: Wish|[wisher] Alomomola\n|upkeep\n|turn|56\n|\n|t:|1699742130\n|move|p2a: Garganacl|Salt Cure|p1a: Slowking\n|-crit|p1a: Slowking\n|-damage|p1a: Slowking|78\/100\n|-start|p1a: Slowking|Salt Cure\n|move|p1a: Slowking|Future Sight|p2a: Garganacl\n|-start|p1a: Slowking|move: Future Sight\n|\n|-damage|p1a: Slowking|66\/100|[from] Salt Cure\n|upkeep\n|turn|57\n|\n|t:|1699742138\n|switch|p2a: Cinderace|Cinderace, M|79\/100\n|switch|p1a: Alomomola|Alomomola, F|48\/100\n|-damage|p1a: Alomomola|36\/100|[from] Stealth Rock\n|\n|upkeep\n|turn|58\n|\n|t:|1699742156\n|move|p2a: Cinderace|U-turn|p1a: Alomomola\n|-start|p2a: Cinderace|typechange|Bug|[from] ability: Libero\n|-damage|p1a: Alomomola|12\/100\n|\n|t:|1699742160\n|switch|p2a: Garganacl|Garganacl, M, tera:Ghost|60\/100|[from] U-turn\n|-damage|p2a: Garganacl|43\/100|[from] Spikes\n|move|p1a: Alomomola|Wish|p1a: Alomomola\n|\n|-end|p2a: Garganacl|move: Future Sight\n|-damage|p2a: Garganacl|3\/100\n|upkeep\n|turn|59\n|\n|t:|1699742175\n|switch|p1a: Slowking|Slowking-Galar, F|99\/100\n|move|p2a: Garganacl|Salt Cure|p1a: Slowking\n|-damage|p1a: Slowking|85\/100\n|-start|p1a: Slowking|Salt Cure\n|\n|-heal|p1a: Slowking|100\/100|[from] move: Wish|[wisher] Alomomola\n|-damage|p1a: Slowking|88\/100|[from] Salt Cure\n|upkeep\n|turn|60\n|\n|t:|1699742191\n|move|p2a: Garganacl|Salt Cure|p1a: Slowking\n|-damage|p1a: Slowking|74\/100\n|move|p1a: Slowking|Sludge Bomb|p2a: Garganacl\n|-resisted|p2a: Garganacl\n|-damage|p2a: Garganacl|0 fnt\n|faint|p2a: Garganacl\n|\n|-damage|p1a: Slowking|61\/100|[from] Salt Cure\n|upkeep\n|\n|t:|1699742199\n|switch|p2a: Cinderace|Cinderace, M|79\/100\n|turn|61\n|\n|t:|1699742207\n|switch|p1a: Alomomola|Alomomola, F|45\/100\n|-damage|p1a: Alomomola|33\/100|[from] Stealth Rock\n|move|p2a: Cinderace|Sucker Punch||[still]\n|-fail|p2a: Cinderace\n|\n|upkeep\n|turn|62\n|\n|t:|1699742214\n|move|p2a: Cinderace|Sucker Punch||[still]\n|-fail|p2a: Cinderace\n|move|p1a: Alomomola|Wish|p1a: Alomomola\n|\n|upkeep\n|turn|63\n|\n|t:|1699742235\n|switch|p1a: Slowking|Slowking-Galar, F|94\/100\n|move|p2a: Cinderace|U-turn|p1a: Slowking\n|-start|p2a: Cinderace|typechange|Bug|[from] ability: Libero\n|-damage|p1a: Slowking|57\/100\n|\n|-heal|p1a: Slowking|100\/100|[from] move: Wish|[wisher] Alomomola\n|upkeep\n|turn|64\n|\n|t:|1699742243\n|move|p2a: Cinderace|U-turn|p1a: Slowking\n|-damage|p1a: Slowking|64\/100\n|move|p1a: Slowking|Future Sight|p2a: Cinderace\n|-start|p1a: Slowking|move: Future Sight\n|\n|upkeep\n|turn|65\n|\n|t:|1699742248\n|switch|p1a: Alomomola|Alomomola, F|66\/100\n|-damage|p1a: Alomomola|54\/100|[from] Stealth Rock\n|move|p2a: Cinderace|U-turn|p1a: Alomomola\n|-damage|p1a: Alomomola|33\/100\n|\n|upkeep\n|turn|66\n|\n|t:|1699742257\n|move|p2a: Cinderace|Pyro Ball|p1a: Alomomola\n|-resisted|p1a: Alomomola\n|-damage|p1a: Alomomola|19\/100\n|-status|p1a: Alomomola|brn\n|move|p1a: Alomomola|Wish|p1a: Alomomola\n|\n|-end|p2a: Cinderace|move: Future Sight\n|-damage|p2a: Cinderace|14\/100\n|-damage|p1a: Alomomola|13\/100 brn|[from] brn\n|upkeep\n|turn|67\n|\n|t:|1699742268\n|switch|p1a: Slowking|Slowking-Galar, F|97\/100\n|move|p2a: Cinderace|U-turn|p1a: Slowking\n|-damage|p1a: Slowking|61\/100\n|\n|-heal|p1a: Slowking|100\/100|[from] move: Wish|[wisher] Alomomola\n|upkeep\n|turn|68\n|\n|t:|1699742275\n|move|p2a: Cinderace|U-turn|p1a: Slowking\n|-damage|p1a: Slowking|64\/100\n|move|p1a: Slowking|Sludge Bomb|p2a: Cinderace\n|-damage|p2a: Cinderace|0 fnt\n|faint|p2a: Cinderace\n|\n|win|Matto ssj\n|raw|Matto ssj's rating: 1120 &rarr; <strong>1138<\/strong><br \/>(+18 for winning)\n|raw|oneforall2021's rating: 1023 &rarr; <strong>1013<\/strong><br \/>(-10 for losing)\n|l|\u2606oneforall2021\n","uploadtime":1699742289,"views":12,"p1id":"mattossj","p2id":"oneforall2021","formatid":"gen9ou","rating":1013,"private":0,"password":""}