{"id":"gen9ou-1997859094","p1":"Bi11 Russell","p2":"Lucasrio","format":"[Gen 9] OU","log":"|j|\u203dBi11 Russell\n|j|\u2606Lucasrio\n|t:|1700860586\n|gametype|singles\n|player|p1|Bi11 Russell|hoopster|1323\n|player|p2|Lucasrio|lucas|1330\n|teamsize|p1|6\n|teamsize|p2|6\n|gen|9\n|tier|[Gen 9] OU\n|rated|\n|rule|Sleep Clause Mod: Limit one foe put to sleep\n|rule|Species Clause: Limit one of each Pok\u00e9mon\n|rule|OHKO Clause: OHKO moves are banned\n|rule|Evasion Items Clause: Evasion items are banned\n|rule|Evasion Moves Clause: Evasion moves are banned\n|rule|Endless Battle Clause: Forcing endless battles is banned\n|rule|HP Percentage Mod: HP is shown in percentages\n|clearpoke\n|poke|p1|Rillaboom, F|\n|poke|p1|Zapdos|\n|poke|p1|Walking Wake|\n|poke|p1|Pelipper, F|\n|poke|p1|Mew|\n|poke|p1|Heatran, M|\n|poke|p2|Infernape, M|\n|poke|p2|Alomomola, M|\n|poke|p2|Gholdengo|\n|poke|p2|Great Tusk|\n|poke|p2|Azumarill, M|\n|poke|p2|Dragapult, M|\n|teampreview\n|\n|t:|1700860597\n|start\n|switch|p1a: Mew|Mew|100\/100\n|switch|p2a: Dragapult|Dragapult, M, shiny|100\/100\n|turn|1\n|\n|t:|1700860603\n|move|p2a: Dragapult|Shadow Ball|p1a: Mew\n|-supereffective|p1a: Mew\n|-damage|p1a: Mew|12\/100\n|-unboost|p1a: Mew|spd|1\n|move|p1a: Mew|Thunder Wave|p2a: Dragapult\n|-status|p2a: Dragapult|par\n|\n|-heal|p1a: Mew|19\/100|[from] item: Leftovers\n|upkeep\n|turn|2\n|\n|t:|1700860612\n|switch|p1a: Pelipper|Pelipper, F|100\/100\n|-weather|RainDance|[from] ability: Drizzle|[of] p1a: Pelipper\n|move|p2a: Dragapult|Shadow Ball|p1a: Pelipper\n|-damage|p1a: Pelipper|25\/100\n|\n|-weather|RainDance|[upkeep]\n|upkeep\n|turn|3\n|\n|t:|1700860622\n|cant|p2a: Dragapult|par\n|move|p1a: Pelipper|Hurricane|p2a: Dragapult\n|-damage|p2a: Dragapult|28\/100 par\n|\n|-weather|RainDance|[upkeep]\n|upkeep\n|turn|4\n|\n|t:|1700860631\n|move|p2a: Dragapult|Shadow Ball|p1a: Pelipper\n|-damage|p1a: Pelipper|0 fnt\n|faint|p1a: Pelipper\n|\n|-weather|RainDance|[upkeep]\n|upkeep\n|\n|t:|1700860642\n|switch|p1a: Walking Wake|Walking Wake|100\/100\n|turn|5\n|\n|t:|1700860652\n|move|p1a: Walking Wake|Scald|p2a: Dragapult\n|-resisted|p2a: Dragapult\n|-damage|p2a: Dragapult|0 fnt\n|faint|p2a: Dragapult\n|\n|-weather|RainDance|[upkeep]\n|upkeep\n|\n|t:|1700860658\n|switch|p2a: Azumarill|Azumarill, M|100\/100\n|turn|6\n|\n|t:|1700860662\n|move|p1a: Walking Wake|Scald|p2a: Azumarill\n|-resisted|p2a: Azumarill\n|-damage|p2a: Azumarill|68\/100\n|-status|p2a: Azumarill|brn\n|move|p2a: Azumarill|Play Rough|p1a: Walking Wake\n|-supereffective|p1a: Walking Wake\n|-damage|p1a: Walking Wake|35\/100\n|\n|-weather|RainDance|[upkeep]\n|-damage|p2a: Azumarill|61\/100 brn|[from] brn\n|upkeep\n|turn|7\n|\n|t:|1700860674\n|-end|p1a: Walking Wake|Protosynthesis|[silent]\n|switch|p1a: Mew|Mew|19\/100\n|move|p2a: Azumarill|Play Rough|p1a: Mew\n|-damage|p1a: Mew|0 fnt\n|faint|p1a: Mew\n|\n|-weather|RainDance|[upkeep]\n|-damage|p2a: Azumarill|55\/100 brn|[from] brn\n|upkeep\n|\n|t:|1700860681\n|switch|p1a: Rillaboom|Rillaboom, F|100\/100\n|-fieldstart|move: Grassy Terrain|[from] ability: Grassy Surge|[of] p1a: Rillaboom\n|turn|8\n|\n|t:|1700860699\n|switch|p2a: Gholdengo|Gholdengo|100\/100\n|-item|p2a: Gholdengo|Air Balloon\n|move|p1a: Rillaboom|Drum Beating|p2a: Gholdengo\n|-resisted|p2a: Gholdengo\n|-damage|p2a: Gholdengo|76\/100\n|-unboost|p2a: Gholdengo|spe|1\n|-enditem|p2a: Gholdengo|Air Balloon\n|\n|-weather|RainDance|[upkeep]\n|-heal|p2a: Gholdengo|83\/100|[from] Grassy Terrain\n|upkeep\n|turn|9\n|\n|t:|1700860710\n|switch|p1a: Heatran|Heatran, M|100\/100\n|move|p2a: Gholdengo|Make It Rain|p1a: Heatran\n|-resisted|p1a: Heatran\n|-damage|p1a: Heatran|87\/100\n|-unboost|p2a: Gholdengo|spa|1\n|\n|-weather|none\n|-heal|p1a: Heatran|94\/100|[from] Grassy Terrain\n|-heal|p1a: Heatran|99\/100|[from] item: Leftovers\n|-heal|p2a: Gholdengo|89\/100|[from] Grassy Terrain\n|upkeep\n|turn|10\n|\n|t:|1700860736\n|switch|p2a: Azumarill|Azumarill, M|55\/100 brn\n|move|p1a: Heatran|Magma Storm|p2a: Azumarill\n|-resisted|p2a: Azumarill\n|-damage|p2a: Azumarill|30\/100 brn\n|-activate|p2a: Azumarill|move: Magma Storm|[of] p1a: Heatran\n|-enditem|p2a: Azumarill|Sitrus Berry|[eat]\n|-heal|p2a: Azumarill|55\/100 brn|[from] item: Sitrus Berry\n|\n|-heal|p1a: Heatran|100\/100|[from] Grassy Terrain\n|-heal|p2a: Azumarill|61\/100 brn|[from] Grassy Terrain\n|-damage|p2a: Azumarill|55\/100 brn|[from] brn\n|-damage|p2a: Azumarill|42\/100 brn|[from] move: Magma Storm|[partiallytrapped]\n|upkeep\n|turn|11\n|\n|t:|1700860754\n|move|p1a: Heatran|Protect|p1a: Heatran\n|-singleturn|p1a: Heatran|Protect\n|move|p2a: Azumarill|Knock Off|p1a: Heatran\n|-activate|p1a: Heatran|move: Protect\n|\n|-heal|p2a: Azumarill|49\/100 brn|[from] Grassy Terrain\n|-damage|p2a: Azumarill|42\/100 brn|[from] brn\n|-damage|p2a: Azumarill|30\/100 brn|[from] move: Magma Storm|[partiallytrapped]\n|upkeep\n|turn|12\n|\n|t:|1700860774\n|move|p1a: Heatran|Earth Power|p2a: Azumarill\n|-damage|p2a: Azumarill|0 fnt\n|faint|p2a: Azumarill\n|\n|upkeep\n|\n|t:|1700860786\n|switch|p2a: Alomomola|Alomomola, M, shiny|100\/100\n|turn|13\n|\n|t:|1700860828\n|-terastallize|p1a: Heatran|Grass\n|move|p1a: Heatran|Magma Storm|p2a: Alomomola\n|-resisted|p2a: Alomomola\n|-damage|p2a: Alomomola|70\/100\n|-activate|p2a: Alomomola|move: Magma Storm|[of] p1a: Heatran\n|move|p2a: Alomomola|Flip Turn|p1a: Heatran\n|-resisted|p1a: Heatran\n|-damage|p1a: Heatran|92\/100\n|\n|t:|1700860844\n|switch|p2a: Great Tusk|Great Tusk|100\/100|[from] Flip Turn\n|\n|-heal|p1a: Heatran|98\/100|[from] Grassy Terrain\n|-heal|p1a: Heatran|100\/100|[from] item: Leftovers\n|upkeep\n|turn|14\n|\n|t:|1700860855\n|move|p2a: Great Tusk|Ice Spinner|p1a: Heatran\n|-supereffective|p1a: Heatran\n|-damage|p1a: Heatran|39\/100\n|-fieldend|move: Grassy Terrain\n|move|p1a: Heatran|Will-O-Wisp|p2a: Great Tusk\n|-status|p2a: Great Tusk|brn\n|\n|-heal|p1a: Heatran|45\/100|[from] item: Leftovers\n|-damage|p2a: Great Tusk|94\/100 brn|[from] brn\n|upkeep\n|turn|15\n|\n|t:|1700860867\n|move|p1a: Heatran|Protect|p1a: Heatran\n|-singleturn|p1a: Heatran|Protect\n|move|p2a: Great Tusk|Ice Spinner|p1a: Heatran\n|-activate|p1a: Heatran|move: Protect\n|\n|-heal|p1a: Heatran|52\/100|[from] item: Leftovers\n|-damage|p2a: Great Tusk|88\/100 brn|[from] brn\n|upkeep\n|turn|16\n|\n|t:|1700860877\n|switch|p1a: Rillaboom|Rillaboom, F|100\/100\n|-fieldstart|move: Grassy Terrain|[from] ability: Grassy Surge|[of] p1a: Rillaboom\n|move|p2a: Great Tusk|Ice Spinner|p1a: Rillaboom\n|-supereffective|p1a: Rillaboom\n|-damage|p1a: Rillaboom|68\/100\n|-fieldend|move: Grassy Terrain\n|\n|-damage|p2a: Great Tusk|82\/100 brn|[from] brn\n|upkeep\n|turn|17\n|\n|t:|1700860887\n|move|p2a: Great Tusk|Ice Spinner|p1a: Rillaboom\n|-supereffective|p1a: Rillaboom\n|-crit|p1a: Rillaboom\n|-damage|p1a: Rillaboom|24\/100\n|move|p1a: Rillaboom|Drum Beating|p2a: Great Tusk\n|-supereffective|p2a: Great Tusk\n|-damage|p2a: Great Tusk|18\/100 brn\n|-unboost|p2a: Great Tusk|spe|1\n|\n|-damage|p2a: Great Tusk|12\/100 brn|[from] brn\n|upkeep\n|turn|18\n|\n|t:|1700860897\n|move|p1a: Rillaboom|Drum Beating|p2a: Great Tusk\n|-supereffective|p2a: Great Tusk\n|-damage|p2a: Great Tusk|0 fnt\n|faint|p2a: Great Tusk\n|-end|p2a: Great Tusk|Protosynthesis|[silent]\n|\n|upkeep\n|\n|t:|1700860904\n|switch|p2a: Infernape|Infernape, M|100\/100\n|turn|19\n|\n|t:|1700860913\n|switch|p1a: Heatran|Heatran, M, tera:Grass|52\/100\n|move|p2a: Infernape|Fire Blast|p1a: Heatran\n|-start|p1a: Heatran|ability: Flash Fire\n|\n|-heal|p1a: Heatran|58\/100|[from] item: Leftovers\n|upkeep\n|turn|20\n|\n|t:|1700860925\n|switch|p2a: Alomomola|Alomomola, M, shiny|100\/100\n|move|p1a: Heatran|Earth Power|p2a: Alomomola\n|-damage|p2a: Alomomola|62\/100\n|-unboost|p2a: Alomomola|spd|1\n|\n|-heal|p1a: Heatran|64\/100|[from] item: Leftovers\n|upkeep\n|turn|21\n|\n|t:|1700860934\n|move|p1a: Heatran|Earth Power|p2a: Alomomola\n|-damage|p2a: Alomomola|10\/100\n|move|p2a: Alomomola|Acrobatics|p1a: Heatran\n|-supereffective|p1a: Heatran\n|-damage|p1a: Heatran|43\/100\n|\n|-heal|p1a: Heatran|49\/100|[from] item: Leftovers\n|upkeep\n|turn|22\n|\n|t:|1700860944\n|move|p1a: Heatran|Earth Power|p2a: Alomomola\n|-damage|p2a: Alomomola|0 fnt\n|faint|p2a: Alomomola\n|\n|-heal|p1a: Heatran|55\/100|[from] item: Leftovers\n|upkeep\n|\n|t:|1700860950\n|switch|p2a: Gholdengo|Gholdengo|89\/100\n|turn|23\n|\n|t:|1700860954\n|move|p1a: Heatran|Magma Storm|p2a: Gholdengo\n|-supereffective|p2a: Gholdengo\n|-damage|p2a: Gholdengo|0 fnt\n|faint|p2a: Gholdengo\n|\n|-heal|p1a: Heatran|61\/100|[from] item: Leftovers\n|upkeep\n|\n|t:|1700860961\n|switch|p2a: Infernape|Infernape, M|100\/100\n|turn|24\n|\n|t:|1700860967\n|move|p1a: Heatran|Protect|p1a: Heatran\n|-singleturn|p1a: Heatran|Protect\n|move|p2a: Infernape|Vacuum Wave|p1a: Heatran\n|-activate|p1a: Heatran|move: Protect\n|\n|-heal|p1a: Heatran|68\/100|[from] item: Leftovers\n|upkeep\n|turn|25\n|-message|Lucasrio forfeited.\n|\n|win|Bi11 Russell\n|raw|Bi11 Russell's rating: 1323 &rarr; <strong>1343<\/strong><br \/>(+20 for winning)\n|raw|Lucasrio's rating: 1330 &rarr; <strong>1310<\/strong><br \/>(-20 for losing)\n|l|\u2606Lucasrio\n","uploadtime":1700860978,"views":11,"p1id":"bi11russell","p2id":"lucasrio","formatid":"gen9ou","rating":1310,"private":0,"password":""}