{"id":"gen9ou-1996791089","p1":"Chabbott918","p2":"lucaviho","format":"[Gen 9] OU","log":"|j|\u2606Chabbott918\n|j|\u2606lucaviho\n|t:|1700725886\n|gametype|singles\n|player|p1|Chabbott918|raifort|1323\n|player|p2|lucaviho|richboy-gen6xy|1322\n|teamsize|p1|6\n|teamsize|p2|6\n|gen|9\n|tier|[Gen 9] OU\n|rated|\n|rule|Sleep Clause Mod: Limit one foe put to sleep\n|rule|Species Clause: Limit one of each Pok\u00e9mon\n|rule|OHKO Clause: OHKO moves are banned\n|rule|Evasion Items Clause: Evasion items are banned\n|rule|Evasion Moves Clause: Evasion moves are banned\n|rule|Endless Battle Clause: Forcing endless battles is banned\n|rule|HP Percentage Mod: HP is shown in percentages\n|clearpoke\n|poke|p1|Cresselia, F|\n|poke|p1|Iron Valiant|\n|poke|p1|Garganacl, M|\n|poke|p1|Landorus-Therian, M|\n|poke|p1|Greninja-*, M|\n|poke|p1|Maushold-Four|\n|poke|p2|Skeledirge, M|\n|poke|p2|Dragapult, M|\n|poke|p2|Gholdengo|\n|poke|p2|Zamazenta-*|\n|poke|p2|Rillaboom, F|\n|poke|p2|Munkidori, M|\n|teampreview\n|\n|t:|1700725898\n|start\n|switch|p1a: Garganacl|Garganacl, M|100\/100\n|switch|p2a: Rillaboom|Rillaboom, F|100\/100\n|-fieldstart|move: Grassy Terrain|[from] ability: Grassy Surge|[of] p2a: Rillaboom\n|turn|1\n|\n|t:|1700725914\n|switch|p1a: Landorus|Landorus-Therian, M, shiny|100\/100\n|-ability|p1a: Landorus|Intimidate|boost\n|-unboost|p2a: Rillaboom|atk|1\n|move|p2a: Rillaboom|Wood Hammer|p1a: Landorus\n|-damage|p1a: Landorus|35\/100\n|-damage|p2a: Rillaboom|84\/100|[from] item: Rocky Helmet|[of] p1a: Landorus\n|-damage|p2a: Rillaboom|64\/100|[from] Recoil\n|\n|-heal|p2a: Rillaboom|70\/100|[from] Grassy Terrain\n|upkeep\n|turn|2\n|\n|t:|1700725928\n|move|p1a: Landorus|Stealth Rock|p2a: Rillaboom\n|-sidestart|p2: lucaviho|move: Stealth Rock\n|move|p2a: Rillaboom|Wood Hammer|p1a: Landorus\n|-damage|p1a: Landorus|0 fnt\n|-damage|p2a: Rillaboom|53\/100|[from] item: Rocky Helmet|[of] p1a: Landorus\n|faint|p1a: Landorus\n|-damage|p2a: Rillaboom|43\/100|[from] Recoil\n|\n|-heal|p2a: Rillaboom|49\/100|[from] Grassy Terrain\n|upkeep\n|\n|t:|1700725939\n|switch|p1a: Greninja|Greninja, M|100\/100\n|turn|3\n|\n|t:|1700725944\n|switch|p2a: Gholdengo|Gholdengo, shiny|100\/100\n|-damage|p2a: Gholdengo|94\/100|[from] Stealth Rock\n|move|p1a: Greninja|Ice Beam|p2a: Gholdengo\n|-resisted|p2a: Gholdengo\n|-damage|p2a: Gholdengo|82\/100\n|-damage|p1a: Greninja|91\/100|[from] item: Life Orb\n|\n|-heal|p1a: Greninja|97\/100|[from] Grassy Terrain\n|-heal|p2a: Gholdengo|88\/100|[from] Grassy Terrain\n|-heal|p2a: Gholdengo|94\/100|[from] item: Leftovers\n|upkeep\n|turn|4\n|\n|t:|1700725955\n|move|p1a: Greninja|Dark Pulse|p2a: Gholdengo\n|-supereffective|p2a: Gholdengo\n|-damage|p2a: Gholdengo|23\/100\n|-damage|p1a: Greninja|87\/100|[from] item: Life Orb\n|move|p2a: Gholdengo|Substitute|p2a: Gholdengo\n|-fail|p2a: Gholdengo|move: Substitute|[weak]\n|\n|-heal|p1a: Greninja|93\/100|[from] Grassy Terrain\n|-heal|p2a: Gholdengo|29\/100|[from] Grassy Terrain\n|-heal|p2a: Gholdengo|35\/100|[from] item: Leftovers\n|upkeep\n|turn|5\n|\n|t:|1700725966\n|switch|p2a: Zamazenta|Zamazenta|100\/100\n|-damage|p2a: Zamazenta|94\/100|[from] Stealth Rock\n|-ability|p2a: Zamazenta|Dauntless Shield|boost\n|-boost|p2a: Zamazenta|def|1\n|move|p1a: Greninja|Dark Pulse|p2a: Zamazenta\n|-resisted|p2a: Zamazenta\n|-damage|p2a: Zamazenta|75\/100\n|-damage|p1a: Greninja|83\/100|[from] item: Life Orb\n|\n|-heal|p2a: Zamazenta|81\/100|[from] Grassy Terrain\n|-heal|p2a: Zamazenta|87\/100|[from] item: Leftovers\n|-heal|p1a: Greninja|89\/100|[from] Grassy Terrain\n|-fieldend|move: Grassy Terrain\n|upkeep\n|turn|6\n|\n|t:|1700725974\n|switch|p1a: Cresselia|Cresselia, F, shiny|100\/100\n|move|p2a: Zamazenta|Substitute|p2a: Zamazenta\n|-start|p2a: Zamazenta|Substitute\n|-damage|p2a: Zamazenta|62\/100\n|\n|-heal|p2a: Zamazenta|69\/100|[from] item: Leftovers\n|upkeep\n|turn|7\n|\n|t:|1700725981\n|move|p2a: Zamazenta|Crunch|p1a: Cresselia\n|-supereffective|p1a: Cresselia\n|-damage|p1a: Cresselia|80\/100\n|move|p1a: Cresselia|Calm Mind|p1a: Cresselia\n|-boost|p1a: Cresselia|spa|1\n|-boost|p1a: Cresselia|spd|1\n|\n|-heal|p2a: Zamazenta|75\/100|[from] item: Leftovers\n|upkeep\n|turn|8\n|\n|t:|1700725995\n|switch|p2a: Munkidori|Munkidori, M|100\/100\n|-damage|p2a: Munkidori|88\/100|[from] Stealth Rock\n|move|p1a: Cresselia|Calm Mind|p1a: Cresselia\n|-boost|p1a: Cresselia|spa|1\n|-boost|p1a: Cresselia|spd|1\n|\n|upkeep\n|turn|9\n|\n|t:|1700726004\n|-terastallize|p1a: Cresselia|Poison\n|move|p2a: Munkidori|Sludge Bomb|p1a: Cresselia\n|-resisted|p1a: Cresselia\n|-damage|p1a: Cresselia|71\/100\n|move|p1a: Cresselia|Calm Mind|p1a: Cresselia\n|-boost|p1a: Cresselia|spa|1\n|-boost|p1a: Cresselia|spd|1\n|\n|upkeep\n|turn|10\n|\n|t:|1700726012\n|move|p2a: Munkidori|Future Sight|p1a: Cresselia\n|-start|p2a: Munkidori|move: Future Sight\n|move|p1a: Cresselia|Calm Mind|p1a: Cresselia\n|-boost|p1a: Cresselia|spa|1\n|-boost|p1a: Cresselia|spd|1\n|\n|upkeep\n|turn|11\n|\n|t:|1700726025\n|switch|p2a: Skeledirge|Skeledirge, M|100\/100\n|move|p1a: Cresselia|Stored Power|p2a: Skeledirge\n|-damage|p2a: Skeledirge|49\/100\n|\n|upkeep\n|turn|12\n|\n|t:|1700726035\n|move|p1a: Cresselia|Stored Power|p2a: Skeledirge\n|-damage|p2a: Skeledirge|0 fnt\n|faint|p2a: Skeledirge\n|\n|-end|p1a: Cresselia|move: Future Sight\n|-supereffective|p1a: Cresselia\n|-damage|p1a: Cresselia|42\/100\n|upkeep\n|\n|t:|1700726044\n|switch|p2a: Gholdengo|Gholdengo, shiny|35\/100\n|-damage|p2a: Gholdengo|29\/100|[from] Stealth Rock\n|turn|13\n|\n|t:|1700726048\n|move|p1a: Cresselia|Moonlight|p1a: Cresselia\n|-heal|p1a: Cresselia|92\/100\n|move|p2a: Gholdengo|Thunder Wave|p1a: Cresselia\n|-status|p1a: Cresselia|par\n|\n|-heal|p2a: Gholdengo|35\/100|[from] item: Leftovers\n|upkeep\n|turn|14\n|\n|t:|1700726059\n|move|p2a: Gholdengo|Hex|p1a: Cresselia\n|-damage|p1a: Cresselia|78\/100 par\n|move|p1a: Cresselia|Stored Power|p2a: Gholdengo\n|-resisted|p2a: Gholdengo\n|-damage|p2a: Gholdengo|0 fnt\n|faint|p2a: Gholdengo\n|\n|upkeep\n|\n|t:|1700726065\n|switch|p2a: Dragapult|Dragapult, M|100\/100\n|-damage|p2a: Dragapult|88\/100|[from] Stealth Rock\n|turn|15\n|\n|t:|1700726075\n|move|p2a: Dragapult|Hex|p1a: Cresselia\n|-damage|p1a: Cresselia|58\/100 par\n|move|p1a: Cresselia|Moonblast|p2a: Dragapult\n|-supereffective|p2a: Dragapult\n|-crit|p2a: Dragapult\n|-damage|p2a: Dragapult|0 fnt\n|faint|p2a: Dragapult\n|\n|upkeep\n|-message|lucaviho forfeited.\n|\n|win|Chabbott918\n|raw|Chabbott918's rating: 1323 &rarr; <strong>1343<\/strong><br \/>(+20 for winning)\n|raw|lucaviho's rating: 1322 &rarr; <strong>1302<\/strong><br \/>(-20 for losing)\n|l|\u2606lucaviho\n","uploadtime":1700726090,"views":4,"p1id":"chabbott918","p2id":"lucaviho","formatid":"gen9ou","rating":1302,"private":0,"password":""}