{"id":"gen9ou-1996237607","p1":"illinoids","p2":"MonoEv","format":"[Gen 9] OU","log":"|j|\u2606illinoids\n|j|\u2606MonoEv\n|t:|1700662659\n|gametype|singles\n|player|p1|illinoids|cheryl|1262\n|player|p2|MonoEv|veteran|1300\n|teamsize|p1|6\n|teamsize|p2|6\n|gen|9\n|tier|[Gen 9] OU\n|rated|\n|rule|Sleep Clause Mod: Limit one foe put to sleep\n|rule|Species Clause: Limit one of each Pok\u00e9mon\n|rule|OHKO Clause: OHKO moves are banned\n|rule|Evasion Items Clause: Evasion items are banned\n|rule|Evasion Moves Clause: Evasion moves are banned\n|rule|Endless Battle Clause: Forcing endless battles is banned\n|rule|HP Percentage Mod: HP is shown in percentages\n|clearpoke\n|poke|p1|Rillaboom, F|\n|poke|p1|Garganacl, F|\n|poke|p1|Great Tusk|\n|poke|p1|Heatran, F|\n|poke|p1|Zapdos|\n|poke|p1|Walking Wake|\n|poke|p2|Corviknight, F|\n|poke|p2|Slowking-Galar, M|\n|poke|p2|Dragonite, M|\n|poke|p2|Dragapult, F|\n|poke|p2|Milotic, M|\n|poke|p2|Arcanine-Hisui, M|\n|teampreview\n|inactive|Battle timer is ON: inactive players will automatically lose when time's up. (requested by illinoids)\n|\n|t:|1700662663\n|start\n|switch|p1a: Zapdos|Zapdos|100\/100\n|switch|p2a: Dragapult|Dragapult, F, shiny|100\/100\n|turn|1\n|\n|t:|1700662670\n|move|p2a: Dragapult|Draco Meteor|p1a: Zapdos\n|-damage|p1a: Zapdos|22\/100\n|-unboost|p2a: Dragapult|spa|2\n|move|p1a: Zapdos|Thunder Wave|p2a: Dragapult\n|-status|p2a: Dragapult|par\n|\n|upkeep\n|turn|2\n|\n|t:|1700662677\n|move|p1a: Zapdos|Volt Switch|p2a: Dragapult\n|-resisted|p2a: Dragapult\n|-damage|p2a: Dragapult|81\/100 par\n|inactive|illinoids has 120 seconds left.\n|\n|t:|1700662715\n|switch|p1a: Heatran|Heatran, F|100\/100|[from] Volt Switch\n|move|p2a: Dragapult|Draco Meteor|p1a: Heatran\n|-resisted|p1a: Heatran\n|-damage|p1a: Heatran|87\/100\n|-unboost|p2a: Dragapult|spa|2\n|\n|-heal|p1a: Heatran|93\/100|[from] item: Leftovers\n|upkeep\n|turn|3\n|\n|t:|1700662719\n|switch|p2a: Milotic|Milotic, M, shiny|100\/100\n|move|p1a: Heatran|Stealth Rock|p2a: Milotic\n|-sidestart|p2: MonoEv|move: Stealth Rock\n|\n|-heal|p1a: Heatran|99\/100|[from] item: Leftovers\n|upkeep\n|turn|4\n|inactive|illinoids has 120 seconds left.\n|\n|t:|1700662747\n|switch|p1a: Walking Wake|Walking Wake|100\/100\n|move|p2a: Milotic|Scald|p1a: Walking Wake\n|-resisted|p1a: Walking Wake\n|-damage|p1a: Walking Wake|93\/100\n|-status|p1a: Walking Wake|brn\n|\n|-damage|p1a: Walking Wake|86\/100 brn|[from] brn\n|upkeep\n|turn|5\n|\n|t:|1700662753\n|move|p1a: Walking Wake|Flip Turn|p2a: Milotic\n|-resisted|p2a: Milotic\n|-damage|p2a: Milotic|97\/100\n|\n|t:|1700662758\n|-end|p1a: Walking Wake|Protosynthesis|[silent]\n|switch|p1a: Garganacl|Garganacl, F|100\/100|[from] Flip Turn\n|move|p2a: Milotic|Mirror Coat||[still]\n|-fail|p2a: Milotic\n|\n|upkeep\n|turn|6\n|\n|t:|1700662764\n|move|p2a: Milotic|Scald|p1a: Garganacl\n|-supereffective|p1a: Garganacl\n|-damage|p1a: Garganacl|64\/100\n|move|p1a: Garganacl|Salt Cure|p2a: Milotic\n|-damage|p2a: Milotic|87\/100\n|-start|p2a: Milotic|Salt Cure\n|\n|-heal|p1a: Garganacl|71\/100|[from] item: Leftovers\n|-damage|p2a: Milotic|62\/100|[from] Salt Cure\n|upkeep\n|turn|7\n|\n|t:|1700662775\n|switch|p2a: Corviknight|Corviknight, F, shiny|100\/100\n|-damage|p2a: Corviknight|88\/100|[from] Stealth Rock\n|move|p1a: Garganacl|Recover|p1a: Garganacl\n|-heal|p1a: Garganacl|100\/100\n|\n|upkeep\n|turn|8\n|\n|t:|1700662784\n|move|p2a: Corviknight|Defog|p1a: Garganacl\n|-unboost|p1a: Garganacl|evasion|1\n|-sideend|p2: MonoEv|Stealth Rock|[from] move: Defog|[of] p2a: Corviknight\n|move|p1a: Garganacl|Salt Cure|p2a: Corviknight\n|-damage|p2a: Corviknight|80\/100\n|-start|p2a: Corviknight|Salt Cure\n|\n|-damage|p2a: Corviknight|56\/100|[from] Salt Cure\n|upkeep\n|turn|9\n|\n|t:|1700662792\n|switch|p2a: Slowking|Slowking-Galar, M|100\/100\n|switch|p1a: Heatran|Heatran, F|99\/100\n|\n|-heal|p1a: Heatran|100\/100|[from] item: Leftovers\n|upkeep\n|turn|10\n|\n|t:|1700662798\n|move|p1a: Heatran|Taunt|p2a: Slowking\n|-start|p2a: Slowking|move: Taunt\n|move|p2a: Slowking|Future Sight|p1a: Heatran\n|-start|p2a: Slowking|move: Future Sight\n|\n|upkeep\n|turn|11\n|\n|t:|1700662803\n|switch|p2a: Milotic|Milotic, M, shiny|62\/100\n|move|p1a: Heatran|Stealth Rock|p2a: Milotic\n|-sidestart|p2: MonoEv|move: Stealth Rock\n|\n|upkeep\n|turn|12\n|\n|t:|1700662812\n|switch|p1a: Walking Wake|Walking Wake|86\/100 brn\n|move|p2a: Milotic|Recover|p2a: Milotic\n|-heal|p2a: Milotic|100\/100\n|\n|-end|p1a: Walking Wake|move: Future Sight\n|-damage|p1a: Walking Wake|24\/100 brn\n|-damage|p1a: Walking Wake|18\/100 brn|[from] brn\n|upkeep\n|turn|13\n|\n|t:|1700662824\n|switch|p2a: Slowking|Slowking-Galar, M|100\/100\n|-damage|p2a: Slowking|88\/100|[from] Stealth Rock\n|move|p1a: Walking Wake|Knock Off|p2a: Slowking\n|-supereffective|p2a: Slowking\n|-damage|p2a: Slowking|74\/100\n|-enditem|p2a: Slowking|Black Sludge|[from] move: Knock Off|[of] p1a: Walking Wake\n|\n|-damage|p1a: Walking Wake|12\/100 brn|[from] brn\n|upkeep\n|turn|14\n|\n|t:|1700662834\n|move|p1a: Walking Wake|Draco Meteor|p2a: Slowking\n|-damage|p2a: Slowking|24\/100\n|-unboost|p1a: Walking Wake|spa|2\n|move|p2a: Slowking|Future Sight|p1a: Walking Wake\n|-start|p2a: Slowking|move: Future Sight\n|\n|-damage|p1a: Walking Wake|5\/100 brn|[from] brn\n|upkeep\n|turn|15\n|\n|t:|1700662843\n|move|p1a: Walking Wake|Flip Turn|p2a: Slowking\n|-damage|p2a: Slowking|18\/100\n|\n|t:|1700662849\n|-end|p1a: Walking Wake|Protosynthesis|[silent]\n|switch|p1a: Heatran|Heatran, F|100\/100|[from] Flip Turn\n|move|p2a: Slowking|Chilly Reception|p2a: Slowking\n|-weather|Snow\n|\n|t:|1700662854\n|switch|p2a: Milotic|Milotic, M, shiny|100\/100|[from] Chilly Reception\n|\n|-weather|Snow|[upkeep]\n|upkeep\n|turn|16\n|\n|t:|1700662870\n|-terastallize|p1a: Heatran|Ghost\n|move|p1a: Heatran|Magma Storm|p2a: Milotic\n|-resisted|p2a: Milotic\n|-damage|p2a: Milotic|86\/100\n|-activate|p2a: Milotic|move: Magma Storm|[of] p1a: Heatran\n|move|p2a: Milotic|Scald|p1a: Heatran\n|-damage|p1a: Heatran|82\/100\n|\n|-weather|Snow|[upkeep]\n|-end|p1a: Heatran|move: Future Sight\n|-damage|p1a: Heatran|53\/100\n|-heal|p1a: Heatran|59\/100|[from] item: Leftovers\n|-damage|p2a: Milotic|74\/100|[from] move: Magma Storm|[partiallytrapped]\n|upkeep\n|turn|17\n|\n|t:|1700662883\n|move|p1a: Heatran|Magma Storm|p2a: Milotic|[miss]\n|-miss|p1a: Heatran|p2a: Milotic\n|move|p2a: Milotic|Mirror Coat||[still]\n|-fail|p2a: Milotic\n|\n|-weather|Snow|[upkeep]\n|-heal|p1a: Heatran|66\/100|[from] item: Leftovers\n|-damage|p2a: Milotic|61\/100|[from] move: Magma Storm|[partiallytrapped]\n|upkeep\n|turn|18\n|\n|t:|1700662892\n|move|p1a: Heatran|Taunt|p2a: Milotic\n|-start|p2a: Milotic|move: Taunt\n|cant|p2a: Milotic|move: Taunt|Recover\n|\n|-weather|Snow|[upkeep]\n|-heal|p1a: Heatran|72\/100|[from] item: Leftovers\n|-damage|p2a: Milotic|49\/100|[from] move: Magma Storm|[partiallytrapped]\n|upkeep\n|turn|19\n|\n|t:|1700662897\n|move|p1a: Heatran|Magma Storm|p2a: Milotic\n|-resisted|p2a: Milotic\n|-damage|p2a: Milotic|35\/100\n|move|p2a: Milotic|Mirror Coat|p1a: Heatran\n|-damage|p1a: Heatran|43\/100\n|\n|-weather|none\n|-heal|p1a: Heatran|49\/100|[from] item: Leftovers\n|-damage|p2a: Milotic|22\/100|[from] move: Magma Storm|[partiallytrapped]\n|upkeep\n|turn|20\n|\n|t:|1700662911\n|move|p1a: Heatran|Magma Storm|p2a: Milotic|[miss]\n|-miss|p1a: Heatran|p2a: Milotic\n|move|p2a: Milotic|Mirror Coat||[still]\n|-fail|p2a: Milotic\n|\n|-heal|p1a: Heatran|55\/100|[from] item: Leftovers\n|-end|p2a: Milotic|Magma Storm|[partiallytrapped]\n|-end|p2a: Milotic|move: Taunt\n|upkeep\n|turn|21\n|\n|t:|1700662917\n|switch|p2a: Corviknight|Corviknight, F, shiny|56\/100\n|-damage|p2a: Corviknight|43\/100|[from] Stealth Rock\n|move|p1a: Heatran|Taunt|p2a: Corviknight\n|-start|p2a: Corviknight|move: Taunt\n|\n|-heal|p1a: Heatran|61\/100|[from] item: Leftovers\n|upkeep\n|turn|22\n|\n|t:|1700662920\n|move|p1a: Heatran|Magma Storm|p2a: Corviknight\n|-supereffective|p2a: Corviknight\n|-damage|p2a: Corviknight|0 fnt\n|faint|p2a: Corviknight\n|\n|-heal|p1a: Heatran|68\/100|[from] item: Leftovers\n|upkeep\n|\n|t:|1700662926\n|switch|p2a: Arcanine|Arcanine-Hisui, M, shiny|100\/100\n|-damage|p2a: Arcanine|76\/100|[from] Stealth Rock\n|turn|23\n|\n|t:|1700662934\n|switch|p1a: Great Tusk|Great Tusk|100\/100\n|move|p2a: Arcanine|Head Smash|p1a: Great Tusk\n|-resisted|p1a: Great Tusk\n|-damage|p1a: Great Tusk|84\/100\n|\n|-heal|p1a: Great Tusk|90\/100|[from] item: Leftovers\n|upkeep\n|turn|24\n|\n|t:|1700662943\n|switch|p2a: Slowking|Slowking-Galar, M|52\/100\n|-damage|p2a: Slowking|39\/100|[from] Stealth Rock\n|move|p1a: Great Tusk|Bulk Up|p1a: Great Tusk\n|-boost|p1a: Great Tusk|atk|1\n|-boost|p1a: Great Tusk|def|1\n|\n|-heal|p1a: Great Tusk|97\/100|[from] item: Leftovers\n|upkeep\n|turn|25\n|\n|t:|1700662946\n|move|p1a: Great Tusk|Headlong Rush|p2a: Slowking\n|-supereffective|p2a: Slowking\n|-damage|p2a: Slowking|0 fnt\n|-unboost|p1a: Great Tusk|def|1\n|-unboost|p1a: Great Tusk|spd|1\n|faint|p2a: Slowking\n|\n|-heal|p1a: Great Tusk|100\/100|[from] item: Leftovers\n|upkeep\n|\n|t:|1700662949\n|switch|p2a: Dragapult|Dragapult, F, shiny|81\/100 par\n|-damage|p2a: Dragapult|69\/100 par|[from] Stealth Rock\n|turn|26\n|\n|t:|1700662957\n|move|p1a: Great Tusk|Ice Spinner|p2a: Dragapult\n|-supereffective|p2a: Dragapult\n|-damage|p2a: Dragapult|0 fnt\n|faint|p2a: Dragapult\n|\n|upkeep\n|\n|t:|1700662963\n|switch|p2a: Dragonite|Dragonite, M, shiny|100\/100\n|turn|27\n|\n|t:|1700662969\n|-terastallize|p2a: Dragonite|Normal\n|move|p1a: Great Tusk|Rapid Spin|p2a: Dragonite\n|-damage|p2a: Dragonite|90\/100\n|-boost|p1a: Great Tusk|spe|1\n|move|p2a: Dragonite|Dragon Dance|p2a: Dragonite\n|-boost|p2a: Dragonite|atk|1\n|-boost|p2a: Dragonite|spe|1\n|\n|upkeep\n|turn|28\n|\n|t:|1700662977\n|move|p2a: Dragonite|Extreme Speed|p1a: Great Tusk\n|-damage|p1a: Great Tusk|53\/100\n|move|p1a: Great Tusk|Headlong Rush|p2a: Dragonite\n|-damage|p2a: Dragonite|9\/100\n|-unboost|p1a: Great Tusk|def|1\n|-unboost|p1a: Great Tusk|spd|1\n|\n|-heal|p1a: Great Tusk|59\/100|[from] item: Leftovers\n|upkeep\n|turn|29\n|\n|t:|1700662992\n|move|p2a: Dragonite|Extreme Speed|p1a: Great Tusk\n|-damage|p1a: Great Tusk|0 fnt\n|faint|p1a: Great Tusk\n|-end|p1a: Great Tusk|Protosynthesis|[silent]\n|\n|upkeep\n|\n|t:|1700662996\n|switch|p1a: Rillaboom|Rillaboom, F|100\/100\n|-fieldstart|move: Grassy Terrain|[from] ability: Grassy Surge|[of] p1a: Rillaboom\n|turn|30\n|\n|t:|1700663010\n|move|p2a: Dragonite|Extreme Speed|p1a: Rillaboom\n|-damage|p1a: Rillaboom|20\/100\n|move|p1a: Rillaboom|U-turn|p2a: Dragonite\n|-damage|p2a: Dragonite|0 fnt\n|faint|p2a: Dragonite\n|\n|t:|1700663016\n|switch|p1a: Walking Wake|Walking Wake|5\/100 brn|[from] U-turn\n|\n|-heal|p1a: Walking Wake|12\/100 brn|[from] Grassy Terrain\n|-damage|p1a: Walking Wake|5\/100 brn|[from] brn\n|upkeep\n|\n|t:|1700663023\n|switch|p2a: Milotic|Milotic, M, shiny|22\/100\n|turn|31\n|\n|t:|1700663026\n|move|p1a: Walking Wake|Draco Meteor|p2a: Milotic\n|-damage|p2a: Milotic|0 fnt\n|-unboost|p1a: Walking Wake|spa|2\n|faint|p2a: Milotic\n|\n|-heal|p1a: Walking Wake|12\/100 brn|[from] Grassy Terrain\n|-damage|p1a: Walking Wake|5\/100 brn|[from] brn\n|upkeep\n|\n|t:|1700663030\n|switch|p2a: Arcanine|Arcanine-Hisui, M, shiny|76\/100\n|-damage|p2a: Arcanine|51\/100|[from] Stealth Rock\n|turn|32\n|\n|t:|1700663040\n|move|p1a: Walking Wake|Scald|p2a: Arcanine\n|-supereffective|p2a: Arcanine\n|-damage|p2a: Arcanine|0 fnt\n|faint|p2a: Arcanine\n|\n|win|illinoids\n|raw|illinoids's rating: 1262 &rarr; <strong>1290<\/strong><br \/>(+28 for winning)\n|raw|MonoEv's rating: 1300 &rarr; <strong>1272<\/strong><br \/>(-28 for losing)\n|l|\u2606MonoEv\n","uploadtime":1700663054,"views":1,"p1id":"illinoids","p2id":"monoev","formatid":"gen9ou","rating":1272,"private":0,"password":""}