{"id":"gen9ou-1998040633","p1":"eelektrik funeral","p2":"d18l","format":"[Gen 9] OU","log":"|j|\u2606eelektrik funeral\n|j|\u2606d18l\n|t:|1700882486\n|gametype|singles\n|player|p1|eelektrik funeral|workerice|1624\n|player|p2|d18l|backpacker|1689\n|teamsize|p1|6\n|teamsize|p2|6\n|gen|9\n|tier|[Gen 9] OU\n|rated|\n|rule|Sleep Clause Mod: Limit one foe put to sleep\n|rule|Species Clause: Limit one of each Pok\u00e9mon\n|rule|OHKO Clause: OHKO moves are banned\n|rule|Evasion Items Clause: Evasion items are banned\n|rule|Evasion Moves Clause: Evasion moves are banned\n|rule|Endless Battle Clause: Forcing endless battles is banned\n|rule|HP Percentage Mod: HP is shown in percentages\n|clearpoke\n|poke|p1|Arboliva, F|\n|poke|p1|Armarouge, M|\n|poke|p1|Goodra-Hisui, M|\n|poke|p1|Great Tusk|\n|poke|p1|Indeedee, M|\n|poke|p1|Torkoal, M|\n|poke|p2|Ribombee, F|\n|poke|p2|Gholdengo|\n|poke|p2|Great Tusk|\n|poke|p2|Kingambit, F|\n|poke|p2|Ogerpon-Wellspring, F|\n|poke|p2|Iron Moth|\n|teampreview\n|\n|t:|1700882505\n|start\n|switch|p1a: Speed Racer MK II|Torkoal, M|100\/100\n|switch|p2a: Ribombee|Ribombee, F|100\/100\n|-weather|SunnyDay|[from] ability: Drought|[of] p1a: Speed Racer MK II\n|turn|1\n|\n|t:|1700882513\n|move|p2a: Ribombee|Psychic|p1a: Speed Racer MK II\n|-damage|p1a: Speed Racer MK II|77\/100\n|move|p1a: Speed Racer MK II|Rapid Spin|p2a: Ribombee\n|-damage|p2a: Ribombee|81\/100\n|-boost|p1a: Speed Racer MK II|spe|1\n|\n|-weather|SunnyDay|[upkeep]\n|upkeep\n|turn|2\n|\n|t:|1700882522\n|move|p2a: Ribombee|Stun Spore|p1a: Speed Racer MK II\n|-status|p1a: Speed Racer MK II|par\n|move|p1a: Speed Racer MK II|Rapid Spin|p2a: Ribombee\n|-damage|p2a: Ribombee|60\/100\n|-boost|p1a: Speed Racer MK II|spe|1\n|\n|-weather|SunnyDay|[upkeep]\n|upkeep\n|turn|3\n|\n|t:|1700882530\n|switch|p2a: Iron Moth|Iron Moth|100\/100\n|-enditem|p2a: Iron Moth|Booster Energy\n|-activate|p2a: Iron Moth|ability: Quark Drive|[fromitem]\n|-start|p2a: Iron Moth|quarkdrivespe\n|move|p1a: Speed Racer MK II|Rapid Spin|p2a: Iron Moth\n|-damage|p2a: Iron Moth|85\/100\n|-boost|p1a: Speed Racer MK II|spe|1\n|\n|-weather|SunnyDay|[upkeep]\n|upkeep\n|turn|4\n|\n|t:|1700882541\n|move|p2a: Iron Moth|Fiery Dance|p1a: Speed Racer MK II\n|-resisted|p1a: Speed Racer MK II\n|-damage|p1a: Speed Racer MK II|52\/100 par\n|-boost|p2a: Iron Moth|spa|1\n|move|p1a: Speed Racer MK II|Earthquake|p2a: Iron Moth\n|-supereffective|p2a: Iron Moth\n|-damage|p2a: Iron Moth|0 fnt\n|faint|p2a: Iron Moth\n|-end|p2a: Iron Moth|Quark Drive|[silent]\n|\n|-weather|SunnyDay|[upkeep]\n|upkeep\n|\n|t:|1700882589\n|switch|p2a: Great Tusk|Great Tusk|100\/100\n|-activate|p2a: Great Tusk|ability: Protosynthesis\n|-start|p2a: Great Tusk|protosynthesisspe\n|turn|5\n|\n|t:|1700882595\n|switch|p1a: Lucky Charms|Great Tusk|100\/100\n|-activate|p1a: Lucky Charms|ability: Protosynthesis\n|-start|p1a: Lucky Charms|protosynthesisatk\n|move|p2a: Great Tusk|Earthquake|p1a: Lucky Charms\n|-damage|p1a: Lucky Charms|77\/100\n|\n|-weather|SunnyDay|[upkeep]\n|upkeep\n|turn|6\n|\n|t:|1700882600\n|move|p2a: Great Tusk|Bulk Up|p2a: Great Tusk\n|-boost|p2a: Great Tusk|atk|1\n|-boost|p2a: Great Tusk|def|1\n|move|p1a: Lucky Charms|Play Rough|p2a: Great Tusk\n|-supereffective|p2a: Great Tusk\n|-damage|p2a: Great Tusk|67\/100\n|\n|-weather|SunnyDay|[upkeep]\n|upkeep\n|turn|7\n|\n|t:|1700882606\n|move|p2a: Great Tusk|Earthquake|p1a: Lucky Charms\n|-damage|p1a: Lucky Charms|42\/100\n|move|p1a: Lucky Charms|Knock Off|p2a: Great Tusk\n|-resisted|p2a: Great Tusk\n|-damage|p2a: Great Tusk|61\/100\n|\n|-weather|SunnyDay|[upkeep]\n|upkeep\n|turn|8\n|\n|t:|1700882626\n|move|p2a: Great Tusk|Bulk Up|p2a: Great Tusk\n|-boost|p2a: Great Tusk|atk|1\n|-boost|p2a: Great Tusk|def|1\n|move|p1a: Lucky Charms|Play Rough|p2a: Great Tusk\n|-supereffective|p2a: Great Tusk\n|-damage|p2a: Great Tusk|35\/100\n|\n|-weather|none\n|-end|p2a: Great Tusk|Protosynthesis\n|-end|p1a: Lucky Charms|Protosynthesis\n|upkeep\n|-enditem|p2a: Great Tusk|Booster Energy\n|-activate|p2a: Great Tusk|ability: Protosynthesis|[fromitem]\n|-start|p2a: Great Tusk|protosynthesisatk\n|turn|9\n|\n|t:|1700882642\n|move|p2a: Great Tusk|Rapid Spin|p1a: Lucky Charms\n|-damage|p1a: Lucky Charms|19\/100\n|-boost|p2a: Great Tusk|spe|1\n|-damage|p2a: Great Tusk|19\/100|[from] item: Rocky Helmet|[of] p1a: Lucky Charms\n|move|p1a: Lucky Charms|Play Rough|p2a: Great Tusk\n|-supereffective|p2a: Great Tusk\n|-damage|p2a: Great Tusk|1\/100\n|\n|upkeep\n|turn|10\n|\n|t:|1700882658\n|-end|p1a: Lucky Charms|Protosynthesis|[silent]\n|switch|p1a: Speed Racer MK II|Torkoal, M|52\/100 par\n|-weather|SunnyDay|[from] ability: Drought|[of] p1a: Speed Racer MK II\n|move|p2a: Great Tusk|Earthquake|p1a: Speed Racer MK II\n|-supereffective|p1a: Speed Racer MK II\n|-damage|p1a: Speed Racer MK II|0 fnt\n|faint|p1a: Speed Racer MK II\n|\n|-weather|SunnyDay|[upkeep]\n|upkeep\n|\n|t:|1700882663\n|switch|p1a: Knightman Cometh|Armarouge, M|100\/100\n|turn|11\n|\n|t:|1700882669\n|move|p2a: Great Tusk|Knock Off|p1a: Knightman Cometh\n|-supereffective|p1a: Knightman Cometh\n|-enditem|p1a: Knightman Cometh|Focus Sash\n|-damage|p1a: Knightman Cometh|1\/100\n|-ability|p1a: Knightman Cometh|Weak Armor|boost\n|-unboost|p1a: Knightman Cometh|def|1\n|-boost|p1a: Knightman Cometh|spe|2\n|move|p1a: Knightman Cometh|Armor Cannon|p2a: Great Tusk\n|-damage|p2a: Great Tusk|0 fnt\n|-unboost|p1a: Knightman Cometh|def|1\n|-unboost|p1a: Knightman Cometh|spd|1\n|faint|p2a: Great Tusk\n|-end|p2a: Great Tusk|Protosynthesis|[silent]\n|\n|-weather|SunnyDay|[upkeep]\n|upkeep\n|\n|t:|1700882681\n|switch|p2a: Kingambit|Kingambit, F|100\/100\n|-activate|p2a: Kingambit|ability: Supreme Overlord\n|-start|p2a: Kingambit|fallen2|[silent]\n|turn|12\n|\n|t:|1700882684\n|switch|p1a: Hips Don\u2019t Lie|Indeedee, M|100\/100\n|-fieldstart|move: Psychic Terrain|[from] ability: Psychic Surge|[of] p1a: Hips Don\u2019t Lie\n|move|p2a: Kingambit|Sucker Punch||[still]\n|-fail|p2a: Kingambit\n|\n|-weather|SunnyDay|[upkeep]\n|upkeep\n|turn|13\n|\n|t:|1700882687\n|-end|p2a: Kingambit|fallen2|[silent]\n|switch|p2a: Gholdengo|Gholdengo|100\/100\n|-item|p2a: Gholdengo|Air Balloon\n|move|p1a: Hips Don\u2019t Lie|Healing Wish|p1a: Hips Don\u2019t Lie\n|faint|p1a: Hips Don\u2019t Lie\n|\n|-weather|SunnyDay|[upkeep]\n|upkeep\n|\n|t:|1700882693\n|switch|p1a: Gary|Goodra-Hisui, M|100\/100\n|turn|14\n|\n|t:|1700882698\n|switch|p2a: Ribombee|Ribombee, F|60\/100\n|move|p1a: Gary|Fire Blast|p2a: Ribombee\n|-supereffective|p2a: Ribombee\n|-damage|p2a: Ribombee|0 fnt\n|faint|p2a: Ribombee\n|\n|-weather|SunnyDay|[upkeep]\n|upkeep\n|\n|t:|1700882725\n|switch|p2a: Gholdengo|Gholdengo|100\/100\n|-item|p2a: Gholdengo|Air Balloon\n|turn|15\n|\n|t:|1700882729\n|move|p2a: Gholdengo|Shadow Ball|p1a: Gary\n|-damage|p1a: Gary|85\/100\n|move|p1a: Gary|Fire Blast|p2a: Gholdengo\n|-supereffective|p2a: Gholdengo\n|-damage|p2a: Gholdengo|0 fnt\n|-enditem|p2a: Gholdengo|Air Balloon\n|faint|p2a: Gholdengo\n|\n|-weather|SunnyDay|[upkeep]\n|upkeep\n|\n|t:|1700882733\n|switch|p2a: Ogerpon|Ogerpon-Wellspring, F|100\/100\n|turn|16\n|\n|t:|1700882745\n|switch|p1a: Popeye\u2019s Wife|Arboliva, F|100\/100\n|move|p2a: Ogerpon|Ivy Cudgel|p1a: Popeye\u2019s Wife|[anim] Ivy Cudgel Water\n|-resisted|p1a: Popeye\u2019s Wife\n|-damage|p1a: Popeye\u2019s Wife|82\/100\n|\n|-weather|SunnyDay|[upkeep]\n|upkeep\n|turn|17\n|\n|t:|1700882756\n|move|p2a: Ogerpon|Swords Dance|p2a: Ogerpon\n|-boost|p2a: Ogerpon|atk|2\n|move|p1a: Popeye\u2019s Wife|Substitute|p1a: Popeye\u2019s Wife\n|-start|p1a: Popeye\u2019s Wife|Substitute\n|-damage|p1a: Popeye\u2019s Wife|57\/100\n|\n|-weather|none\n|upkeep\n|turn|18\n|\n|t:|1700882761\n|move|p2a: Ogerpon|Encore|p1a: Popeye\u2019s Wife\n|-start|p1a: Popeye\u2019s Wife|Encore\n|move|p1a: Popeye\u2019s Wife|Substitute|p1a: Popeye\u2019s Wife\n|-fail|p1a: Popeye\u2019s Wife|move: Substitute\n|\n|upkeep\n|turn|19\n|\n|t:|1700882770\n|move|p2a: Ogerpon|Swords Dance|p2a: Ogerpon\n|-boost|p2a: Ogerpon|atk|2\n|move|p1a: Popeye\u2019s Wife|Substitute|p1a: Popeye\u2019s Wife\n|-fail|p1a: Popeye\u2019s Wife|move: Substitute\n|\n|-fieldend|move: Psychic Terrain\n|upkeep\n|turn|20\n|\n|t:|1700882773\n|move|p2a: Ogerpon|Swords Dance|p2a: Ogerpon\n|-boost|p2a: Ogerpon|atk|2\n|move|p1a: Popeye\u2019s Wife|Substitute|p1a: Popeye\u2019s Wife\n|-fail|p1a: Popeye\u2019s Wife|move: Substitute\n|\n|-end|p1a: Popeye\u2019s Wife|Encore\n|upkeep\n|turn|21\n|\n|t:|1700882775\n|move|p2a: Ogerpon|Encore|p1a: Popeye\u2019s Wife\n|-start|p1a: Popeye\u2019s Wife|Encore\n|move|p1a: Popeye\u2019s Wife|Substitute|p1a: Popeye\u2019s Wife\n|-fail|p1a: Popeye\u2019s Wife|move: Substitute\n|\n|upkeep\n|turn|22\n|\n|t:|1700882777\n|move|p2a: Ogerpon|Ivy Cudgel|p1a: Popeye\u2019s Wife|[anim] Ivy Cudgel Water\n|-resisted|p1a: Popeye\u2019s Wife\n|-crit|p1a: Popeye\u2019s Wife\n|-end|p1a: Popeye\u2019s Wife|Substitute\n|move|p1a: Popeye\u2019s Wife|Substitute|p1a: Popeye\u2019s Wife\n|-start|p1a: Popeye\u2019s Wife|Substitute\n|-damage|p1a: Popeye\u2019s Wife|32\/100\n|\n|upkeep\n|turn|23\n|\n|t:|1700882793\n|move|p2a: Ogerpon|Swords Dance|p2a: Ogerpon\n|-boost|p2a: Ogerpon|atk|0\n|move|p1a: Popeye\u2019s Wife|Substitute|p1a: Popeye\u2019s Wife\n|-fail|p1a: Popeye\u2019s Wife|move: Substitute\n|\n|-end|p1a: Popeye\u2019s Wife|Encore\n|upkeep\n|turn|24\n|\n|t:|1700882798\n|move|p2a: Ogerpon|Encore|p1a: Popeye\u2019s Wife\n|-start|p1a: Popeye\u2019s Wife|Encore\n|move|p1a: Popeye\u2019s Wife|Substitute|p1a: Popeye\u2019s Wife\n|-fail|p1a: Popeye\u2019s Wife|move: Substitute\n|\n|upkeep\n|turn|25\n|\n|t:|1700882800\n|move|p2a: Ogerpon|Ivy Cudgel|p1a: Popeye\u2019s Wife|[anim] Ivy Cudgel Water\n|-resisted|p1a: Popeye\u2019s Wife\n|-end|p1a: Popeye\u2019s Wife|Substitute\n|move|p1a: Popeye\u2019s Wife|Substitute|p1a: Popeye\u2019s Wife\n|-start|p1a: Popeye\u2019s Wife|Substitute\n|-damage|p1a: Popeye\u2019s Wife|7\/100\n|-enditem|p1a: Popeye\u2019s Wife|Salac Berry|[eat]\n|-boost|p1a: Popeye\u2019s Wife|spe|1|[from] item: Salac Berry\n|\n|upkeep\n|turn|26\n|\n|t:|1700882807\n|move|p2a: Ogerpon|Ivy Cudgel|p1a: Popeye\u2019s Wife|[anim] Ivy Cudgel Water\n|-resisted|p1a: Popeye\u2019s Wife\n|-crit|p1a: Popeye\u2019s Wife\n|-end|p1a: Popeye\u2019s Wife|Substitute\n|move|p1a: Popeye\u2019s Wife|Substitute|p1a: Popeye\u2019s Wife\n|-fail|p1a: Popeye\u2019s Wife|move: Substitute|[weak]\n|\n|-end|p1a: Popeye\u2019s Wife|Encore\n|-item|p1a: Popeye\u2019s Wife|Salac Berry|[from] ability: Harvest\n|upkeep\n|-enditem|p1a: Popeye\u2019s Wife|Salac Berry|[eat]\n|-boost|p1a: Popeye\u2019s Wife|spe|1|[from] item: Salac Berry\n|turn|27\n|\n|t:|1700882822\n|move|p1a: Popeye\u2019s Wife|Tera Blast|p2a: Ogerpon\n|-damage|p2a: Ogerpon|54\/100\n|move|p2a: Ogerpon|Ivy Cudgel|p1a: Popeye\u2019s Wife|[anim] Ivy Cudgel Water\n|-resisted|p1a: Popeye\u2019s Wife\n|-damage|p1a: Popeye\u2019s Wife|0 fnt\n|faint|p1a: Popeye\u2019s Wife\n|\n|upkeep\n|\n|t:|1700882834\n|switch|p1a: Lucky Charms|Great Tusk|19\/100\n|-heal|p1a: Lucky Charms|100\/100|[from] move: Healing Wish\n|turn|28\n|\n|t:|1700882839\n|-end|p1a: Lucky Charms|Protosynthesis|[silent]\n|switch|p1a: Gary|Goodra-Hisui, M|85\/100\n|-terastallize|p2a: Ogerpon|Water\n|detailschange|p2a: Ogerpon|Ogerpon-Wellspring-Tera, F, tera:Water\n|-ability|p2a: Ogerpon|Embody Aspect (Wellspring)|boost\n|-boost|p2a: Ogerpon|spd|1\n|move|p2a: Ogerpon|Ivy Cudgel|p1a: Gary|[anim] Ivy Cudgel Water\n|-resisted|p1a: Gary\n|-damage|p1a: Gary|0 fnt\n|faint|p1a: Gary\n|\n|upkeep\n|\n|t:|1700882843\n|switch|p1a: Knightman Cometh|Armarouge, M|1\/100\n|turn|29\n|\n|t:|1700882860\n|move|p1a: Knightman Cometh|Endure|p1a: Knightman Cometh\n|-singleturn|p1a: Knightman Cometh|move: Endure\n|move|p2a: Ogerpon|Ivy Cudgel|p1a: Knightman Cometh|[anim] Ivy Cudgel Water\n|-supereffective|p1a: Knightman Cometh\n|-crit|p1a: Knightman Cometh\n|-activate|p1a: Knightman Cometh|move: Endure\n|-damage|p1a: Knightman Cometh|1\/100\n|-ability|p1a: Knightman Cometh|Weak Armor|boost\n|-unboost|p1a: Knightman Cometh|def|1\n|-boost|p1a: Knightman Cometh|spe|2\n|\n|upkeep\n|turn|30\n|\n|t:|1700882864\n|-terastallize|p1a: Knightman Cometh|Psychic\n|move|p1a: Knightman Cometh|Psyshock|p2a: Ogerpon\n|-damage|p2a: Ogerpon|0 fnt\n|faint|p2a: Ogerpon\n|\n|upkeep\n|\n|t:|1700882870\n|switch|p2a: Kingambit|Kingambit, F|100\/100\n|-activate|p2a: Kingambit|ability: Supreme Overlord\n|-start|p2a: Kingambit|fallen5|[silent]\n|turn|31\n|-message|d18l forfeited.\n|\n|win|eelektrik funeral\n|raw|eelektrik funeral's rating: 1624 &rarr; <strong>1648<\/strong><br \/>(+24 for winning)\n|raw|d18l's rating: 1689 &rarr; <strong>1665<\/strong><br \/>(-24 for losing)\n|c|\u2606eelektrik funeral|gg\n","uploadtime":1700882884,"views":1,"p1id":"eelektrikfuneral","p2id":"d18l","formatid":"gen9ou","rating":1648,"private":0,"password":""}