{"id":"gen9ou-1994708519","p1":"psileo","p2":"Smoore996","format":"[Gen 9] OU","log":"|j|\u2606psileo\n|j|\u2606Smoore996\n|t:|1700484014\n|gametype|singles\n|player|p1|psileo|169|1068\n|player|p2|Smoore996|volo|1055\n|teamsize|p1|6\n|teamsize|p2|6\n|gen|9\n|tier|[Gen 9] OU\n|rated|\n|rule|Sleep Clause Mod: Limit one foe put to sleep\n|rule|Species Clause: Limit one of each Pok\u00e9mon\n|rule|OHKO Clause: OHKO moves are banned\n|rule|Evasion Items Clause: Evasion items are banned\n|rule|Evasion Moves Clause: Evasion moves are banned\n|rule|Endless Battle Clause: Forcing endless battles is banned\n|rule|HP Percentage Mod: HP is shown in percentages\n|clearpoke\n|poke|p1|Great Tusk|\n|poke|p1|Corviknight, F|\n|poke|p1|Dragalge, F|\n|poke|p1|Gyarados, M|\n|poke|p1|Espeon, F|\n|poke|p1|Pawmot, F|\n|poke|p2|Decidueye-Hisui, M|\n|poke|p2|Rillaboom, M|\n|poke|p2|Jumpluff, F|\n|poke|p2|Hippowdon, M|\n|poke|p2|Ogerpon-Wellspring, F|\n|poke|p2|Tyranitar, M|\n|teampreview\n|\n|t:|1700484032\n|start\n|switch|p1a: Tuskany|Great Tusk|100\/100\n|switch|p2a: Rillaboom|Rillaboom, M, shiny|100\/100\n|-fieldstart|move: Grassy Terrain|[from] ability: Grassy Surge|[of] p2a: Rillaboom\n|turn|1\n|\n|t:|1700484041\n|move|p1a: Tuskany|Ice Spinner|p2a: Rillaboom\n|-supereffective|p2a: Rillaboom\n|-damage|p2a: Rillaboom|41\/100\n|-fieldend|move: Grassy Terrain\n|move|p2a: Rillaboom|Bulk Up|p2a: Rillaboom\n|-boost|p2a: Rillaboom|atk|1\n|-boost|p2a: Rillaboom|def|1\n|\n|upkeep\n|turn|2\n|\n|t:|1700484089\n|switch|p2a: Ogerpon|Ogerpon-Wellspring, F|100\/100\n|move|p1a: Tuskany|Ice Spinner|p2a: Ogerpon\n|-damage|p2a: Ogerpon|66\/100\n|\n|upkeep\n|turn|3\n|inactive|Battle timer is ON: inactive players will automatically lose when time's up. (requested by psileo)\n|\n|t:|1700484097\n|-end|p1a: Tuskany|Protosynthesis|[silent]\n|switch|p1a: Leviathan|Gyarados, M|100\/100\n|-ability|p1a: Leviathan|Intimidate|boost\n|-unboost|p2a: Ogerpon|atk|1\n|move|p2a: Ogerpon|Horn Leech|p1a: Leviathan\n|-damage|p1a: Leviathan|62\/100\n|-heal|p2a: Ogerpon|86\/100|[from] drain|[of] p1a: Leviathan\n|\n|upkeep\n|turn|4\n|\n|t:|1700484111\n|-terastallize|p1a: Leviathan|Flying\n|move|p2a: Ogerpon|Spiky Shield|p2a: Ogerpon\n|-singleturn|p2a: Ogerpon|move: Protect\n|move|p1a: Leviathan|Tera Blast|p2a: Ogerpon|[anim] Tera Blast Flying\n|-activate|p2a: Ogerpon|move: Protect\n|\n|upkeep\n|turn|5\n|\n|t:|1700484125\n|switch|p2a: Hippowdon|Hippowdon, M|100\/100\n|move|p1a: Leviathan|Dragon Dance|p1a: Leviathan\n|-boost|p1a: Leviathan|atk|1\n|-boost|p1a: Leviathan|spe|1\n|\n|upkeep\n|turn|6\n|\n|t:|1700484133\n|move|p1a: Leviathan|Waterfall|p2a: Hippowdon\n|-supereffective|p2a: Hippowdon\n|-damage|p2a: Hippowdon|37\/100\n|cant|p2a: Hippowdon|flinch\n|\n|upkeep\n|turn|7\n|\n|t:|1700484139\n|move|p1a: Leviathan|Waterfall|p2a: Hippowdon\n|-supereffective|p2a: Hippowdon\n|-damage|p2a: Hippowdon|0 fnt\n|faint|p2a: Hippowdon\n|\n|upkeep\n|\n|t:|1700484158\n|switch|p2a: Tyranitar|Tyranitar, M, shiny|100\/100\n|-weather|Sandstorm|[from] ability: Sand Stream|[of] p2a: Tyranitar\n|turn|8\n|\n|t:|1700484168\n|switch|p1a: Tuskany|Great Tusk|100\/100\n|move|p2a: Tyranitar|Rock Slide|p1a: Tuskany\n|-resisted|p1a: Tuskany\n|-damage|p1a: Tuskany|93\/100\n|\n|-weather|Sandstorm|[upkeep]\n|-heal|p1a: Tuskany|99\/100|[from] item: Leftovers\n|upkeep\n|turn|9\n|\n|t:|1700484190\n|switch|p2a: Ogerpon|Ogerpon-Wellspring, F|86\/100\n|move|p1a: Tuskany|Ice Spinner|p2a: Ogerpon\n|-damage|p2a: Ogerpon|52\/100\n|\n|-weather|Sandstorm|[upkeep]\n|-damage|p2a: Ogerpon|45\/100|[from] Sandstorm\n|-heal|p1a: Tuskany|100\/100|[from] item: Leftovers\n|upkeep\n|turn|10\n|\n|t:|1700484202\n|-end|p1a: Tuskany|Protosynthesis|[silent]\n|switch|p1a: Leviathan|Gyarados, M, tera:Flying|62\/100\n|-ability|p1a: Leviathan|Intimidate|boost\n|-unboost|p2a: Ogerpon|atk|1\n|move|p2a: Ogerpon|Horn Leech|p1a: Leviathan\n|-resisted|p1a: Leviathan\n|-damage|p1a: Leviathan|40\/100\n|-heal|p2a: Ogerpon|57\/100|[from] drain|[of] p1a: Leviathan\n|\n|-weather|Sandstorm|[upkeep]\n|-damage|p1a: Leviathan|34\/100|[from] Sandstorm\n|-damage|p2a: Ogerpon|50\/100|[from] Sandstorm\n|upkeep\n|turn|11\n|inactive|Smoore996 has 120 seconds left.\n|\n|t:|1700484244\n|switch|p1a: Silvera|Corviknight, F, shiny|100\/100\n|-ability|p1a: Silvera|Pressure\n|move|p2a: Ogerpon|Ivy Cudgel|p1a: Silvera|[anim] Ivy Cudgel Water\n|-damage|p1a: Silvera|75\/100\n|\n|-weather|Sandstorm|[upkeep]\n|-damage|p2a: Ogerpon|44\/100|[from] Sandstorm\n|upkeep\n|turn|12\n|inactive|Smoore996 has 90 seconds left.\n|\n|t:|1700484266\n|switch|p2a: Jumpluff|Jumpluff, F, shiny|100\/100\n|move|p1a: Silvera|Brave Bird|p2a: Jumpluff\n|-supereffective|p2a: Jumpluff\n|-damage|p2a: Jumpluff|12\/100\n|-damage|p1a: Silvera|49\/100|[from] Recoil\n|\n|-weather|none\n|upkeep\n|turn|13\n|\n|t:|1700484276\n|switch|p1a: Kelpy|Dragalge, F, shiny|100\/100\n|move|p2a: Jumpluff|Tailwind|p2a: Jumpluff\n|-sidestart|p2: Smoore996|move: Tailwind\n|\n|upkeep\n|turn|14\n|\n|t:|1700484285\n|move|p2a: Jumpluff|Memento|p1a: Kelpy\n|-unboost|p1a: Kelpy|atk|2\n|-unboost|p1a: Kelpy|spa|2\n|faint|p2a: Jumpluff\n|move|p1a: Kelpy|Sludge Bomb|p2: Jumpluff|[notarget]\n|-fail|p1a: Kelpy\n|\n|upkeep\n|inactive|Smoore996 has 90 seconds left.\n|\n|t:|1700484318\n|switch|p2a: Tyranitar|Tyranitar, M, shiny|100\/100\n|-weather|Sandstorm|[from] ability: Sand Stream|[of] p2a: Tyranitar\n|turn|15\n|\n|t:|1700484327\n|switch|p1a: Tuskany|Great Tusk|100\/100\n|move|p2a: Tyranitar|Dragon Dance|p2a: Tyranitar\n|-boost|p2a: Tyranitar|atk|1\n|-boost|p2a: Tyranitar|spe|1\n|\n|-weather|Sandstorm|[upkeep]\n|upkeep\n|turn|16\n|\n|t:|1700484338\n|-terastallize|p2a: Tyranitar|Flying\n|move|p2a: Tyranitar|Dragon Dance|p2a: Tyranitar\n|-boost|p2a: Tyranitar|atk|1\n|-boost|p2a: Tyranitar|spe|1\n|move|p1a: Tuskany|Close Combat|p2a: Tyranitar\n|-resisted|p2a: Tyranitar\n|-damage|p2a: Tyranitar|72\/100\n|-unboost|p1a: Tuskany|def|1\n|-unboost|p1a: Tuskany|spd|1\n|\n|-weather|Sandstorm|[upkeep]\n|-damage|p2a: Tyranitar|66\/100|[from] Sandstorm\n|-heal|p2a: Tyranitar|72\/100|[from] item: Leftovers\n|-sideend|p2: Smoore996|move: Tailwind\n|upkeep\n|turn|17\n|\n|t:|1700484353\n|-end|p1a: Tuskany|Protosynthesis|[silent]\n|switch|p1a: Silvera|Corviknight, F, shiny|49\/100\n|-ability|p1a: Silvera|Pressure\n|move|p2a: Tyranitar|Tera Blast|p1a: Silvera|[anim] Tera Blast Flying\n|-resisted|p1a: Silvera\n|-damage|p1a: Silvera|23\/100\n|\n|-weather|Sandstorm|[upkeep]\n|-damage|p2a: Tyranitar|66\/100|[from] Sandstorm\n|-heal|p2a: Tyranitar|72\/100|[from] item: Leftovers\n|upkeep\n|turn|18\n|\n|t:|1700484368\n|move|p2a: Tyranitar|Tera Blast|p1a: Silvera|[anim] Tera Blast Flying\n|-resisted|p1a: Silvera\n|-damage|p1a: Silvera|0 fnt\n|faint|p1a: Silvera\n|\n|-weather|Sandstorm|[upkeep]\n|-damage|p2a: Tyranitar|66\/100|[from] Sandstorm\n|-heal|p2a: Tyranitar|72\/100|[from] item: Leftovers\n|upkeep\n|\n|t:|1700484379\n|switch|p1a: Tuskany|Great Tusk|100\/100\n|turn|19\n|\n|t:|1700484383\n|move|p2a: Tyranitar|Tera Blast|p1a: Tuskany|[anim] Tera Blast Flying\n|-supereffective|p1a: Tuskany\n|-crit|p1a: Tuskany\n|-damage|p1a: Tuskany|0 fnt\n|faint|p1a: Tuskany\n|-end|p1a: Tuskany|Protosynthesis|[silent]\n|\n|-weather|none\n|-heal|p2a: Tyranitar|78\/100|[from] item: Leftovers\n|upkeep\n|\n|t:|1700484391\n|switch|p1a: Mottins|Pawmot, F, shiny|100\/100\n|turn|20\n|\n|t:|1700484396\n|move|p2a: Tyranitar|Tera Blast|p1a: Mottins|[anim] Tera Blast Flying\n|-damage|p1a: Mottins|0 fnt\n|faint|p1a: Mottins\n|\n|-heal|p2a: Tyranitar|84\/100|[from] item: Leftovers\n|upkeep\n|\n|t:|1700484403\n|switch|p1a: Leviathan|Gyarados, M, tera:Flying|34\/100\n|-ability|p1a: Leviathan|Intimidate|boost\n|-unboost|p2a: Tyranitar|atk|1\n|turn|21\n|inactive|Smoore996 has 120 seconds left.\n|\n|t:|1700484409\n|move|p2a: Tyranitar|Crunch|p1a: Leviathan\n|-damage|p1a: Leviathan|0 fnt\n|faint|p1a: Leviathan\n|\n|-heal|p2a: Tyranitar|90\/100|[from] item: Leftovers\n|upkeep\n|\n|t:|1700484416\n|switch|p1a: Kelpy|Dragalge, F, shiny|100\/100\n|turn|22\n|\n|t:|1700484425\n|move|p2a: Tyranitar|Crunch|p1a: Kelpy\n|-damage|p1a: Kelpy|24\/100\n|move|p1a: Kelpy|Draco Meteor|p2a: Tyranitar\n|-damage|p2a: Tyranitar|0 fnt\n|-unboost|p1a: Kelpy|spa|2\n|faint|p2a: Tyranitar\n|\n|upkeep\n|\n|t:|1700484435\n|switch|p2a: Ogerpon|Ogerpon-Wellspring, F|44\/100\n|turn|23\n|\n|t:|1700484441\n|switch|p1a: Dazzler|Espeon, F|100\/100\n|move|p2a: Ogerpon|Ivy Cudgel|p1a: Dazzler|[anim] Ivy Cudgel Water\n|-damage|p1a: Dazzler|0 fnt\n|faint|p1a: Dazzler\n|\n|upkeep\n|\n|t:|1700484449\n|switch|p1a: Kelpy|Dragalge, F, shiny|24\/100\n|turn|24\n|\n|t:|1700484452\n|move|p2a: Ogerpon|Ivy Cudgel|p1a: Kelpy|[anim] Ivy Cudgel Water\n|-resisted|p1a: Kelpy\n|-damage|p1a: Kelpy|0 fnt\n|faint|p1a: Kelpy\n|\n|win|Smoore996\n|raw|psileo's rating: 1068 &rarr; <strong>1047<\/strong><br \/>(-21 for losing)\n|raw|Smoore996's rating: 1055 &rarr; <strong>1088<\/strong><br \/>(+33 for winning)\n|l|\u2606psileo\n","uploadtime":1700484461,"views":9,"p1id":"psileo","p2id":"smoore996","formatid":"gen9ou","rating":1047,"private":0,"password":""}