{"id":"gen9ou-1990154146","p1":"hutoew","p2":"ratatta17","format":"[Gen 9] OU","log":"|j|\u2606hutoew\n|j|\u2606ratatta17\n|t:|1699930511\n|gametype|singles\n|player|p1|hutoew|hilda|1378\n|player|p2|ratatta17|169|1423\n|teamsize|p1|6\n|teamsize|p2|6\n|gen|9\n|tier|[Gen 9] OU\n|rated|\n|rule|Sleep Clause Mod: Limit one foe put to sleep\n|rule|Species Clause: Limit one of each Pok\u00e9mon\n|rule|OHKO Clause: OHKO moves are banned\n|rule|Evasion Items Clause: Evasion items are banned\n|rule|Evasion Moves Clause: Evasion moves are banned\n|rule|Endless Battle Clause: Forcing endless battles is banned\n|rule|HP Percentage Mod: HP is shown in percentages\n|clearpoke\n|poke|p1|Azumarill, M|\n|poke|p1|Toxapex, F|\n|poke|p1|Great Tusk|\n|poke|p1|Zapdos|\n|poke|p1|Scizor, M|\n|poke|p1|Gholdengo|\n|poke|p2|Azumarill, F|\n|poke|p2|Staraptor, M|\n|poke|p2|Toedscruel, F|\n|poke|p2|Skeledirge, M|\n|poke|p2|Ninetales-Alola, M|\n|poke|p2|Iron Valiant|\n|teampreview\n|inactive|Battle timer is ON: inactive players will automatically lose when time's up. (requested by hutoew)\n|\n|t:|1699930567\n|start\n|switch|p1a: Steel Kleavor|Scizor, M|100\/100\n|switch|p2a: Toedscruel|Toedscruel, F|100\/100\n|turn|1\n|\n|t:|1699930570\n|move|p1a: Steel Kleavor|U-turn|p2a: Toedscruel\n|-supereffective|p2a: Toedscruel\n|-damage|p2a: Toedscruel|35\/100\n|\n|t:|1699930573\n|switch|p1a: Just Zapdos|Zapdos|100\/100|[from] U-turn\n|move|p2a: Toedscruel|Spore|p1a: Just Zapdos\n|-status|p1a: Just Zapdos|slp|[from] move: Spore\n|\n|-heal|p2a: Toedscruel|41\/100|[from] item: Leftovers\n|upkeep\n|turn|2\n|\n|t:|1699930579\n|cant|p1a: Just Zapdos|slp\n|move|p2a: Toedscruel|Leech Seed|p1a: Just Zapdos\n|-start|p1a: Just Zapdos|move: Leech Seed\n|\n|-heal|p2a: Toedscruel|47\/100|[from] item: Leftovers\n|-damage|p1a: Just Zapdos|88\/100 slp|[from] Leech Seed|[of] p2a: Toedscruel\n|-heal|p2a: Toedscruel|60\/100|[silent]\n|upkeep\n|turn|3\n|\n|t:|1699930585\n|switch|p1a: Steel Kleavor|Scizor, M|100\/100\n|move|p2a: Toedscruel|Knock Off|p1a: Steel Kleavor\n|-damage|p1a: Steel Kleavor|85\/100\n|-enditem|p1a: Steel Kleavor|Punching Glove|[from] move: Knock Off|[of] p2a: Toedscruel\n|\n|-heal|p2a: Toedscruel|66\/100|[from] item: Leftovers\n|upkeep\n|turn|4\n|\n|t:|1699930594\n|switch|p2a: Staraptor|Staraptor, M|100\/100\n|-ability|p2a: Staraptor|Intimidate|boost\n|-unboost|p1a: Steel Kleavor|atk|1\n|move|p1a: Steel Kleavor|Swords Dance|p1a: Steel Kleavor\n|-boost|p1a: Steel Kleavor|atk|2\n|\n|upkeep\n|turn|5\n|\n|t:|1699930601\n|move|p1a: Steel Kleavor|Bullet Punch|p2a: Staraptor\n|-damage|p2a: Staraptor|33\/100\n|move|p2a: Staraptor|Final Gambit|p1a: Steel Kleavor\n|-damage|p1a: Steel Kleavor|50\/100\n|faint|p2a: Staraptor\n|\n|upkeep\n|\n|t:|1699930605\n|switch|p2a: Skeledirge|Skeledirge, M|100\/100\n|turn|6\n|\n|t:|1699930608\n|switch|p1a: Pikablu-Mega|Azumarill, M|100\/100\n|move|p2a: Skeledirge|Will-O-Wisp|p1a: Pikablu-Mega\n|-status|p1a: Pikablu-Mega|brn\n|\n|-damage|p1a: Pikablu-Mega|94\/100 brn|[from] brn\n|upkeep\n|turn|7\n|\n|t:|1699930614\n|move|p2a: Skeledirge|Hex|p1a: Pikablu-Mega\n|-damage|p1a: Pikablu-Mega|49\/100 brn\n|move|p1a: Pikablu-Mega|Knock Off|p2a: Skeledirge\n|-supereffective|p2a: Skeledirge\n|-damage|p2a: Skeledirge|68\/100\n|-enditem|p2a: Skeledirge|Leftovers|[from] move: Knock Off|[of] p1a: Pikablu-Mega\n|\n|-damage|p1a: Pikablu-Mega|43\/100 brn|[from] brn\n|upkeep\n|turn|8\n|\n|t:|1699930624\n|move|p1a: Pikablu-Mega|Aqua Jet|p2a: Skeledirge\n|-supereffective|p2a: Skeledirge\n|-damage|p2a: Skeledirge|47\/100\n|move|p2a: Skeledirge|Slack Off|p2a: Skeledirge\n|-heal|p2a: Skeledirge|97\/100\n|\n|-damage|p1a: Pikablu-Mega|37\/100 brn|[from] brn\n|upkeep\n|turn|9\n|\n|t:|1699930630\n|move|p1a: Pikablu-Mega|Aqua Jet|p2a: Skeledirge\n|-supereffective|p2a: Skeledirge\n|-damage|p2a: Skeledirge|76\/100\n|move|p2a: Skeledirge|Torch Song|p1a: Pikablu-Mega\n|-resisted|p1a: Pikablu-Mega\n|-damage|p1a: Pikablu-Mega|21\/100 brn\n|-boost|p2a: Skeledirge|spa|1\n|\n|-damage|p1a: Pikablu-Mega|15\/100 brn|[from] brn\n|upkeep\n|turn|10\n|\n|t:|1699930634\n|move|p1a: Pikablu-Mega|Aqua Jet|p2a: Skeledirge\n|-supereffective|p2a: Skeledirge\n|-damage|p2a: Skeledirge|57\/100\n|move|p2a: Skeledirge|Slack Off|p2a: Skeledirge\n|-heal|p2a: Skeledirge|100\/100\n|\n|-damage|p1a: Pikablu-Mega|9\/100 brn|[from] brn\n|upkeep\n|turn|11\n|\n|t:|1699930636\n|move|p1a: Pikablu-Mega|Aqua Jet|p2a: Skeledirge\n|-supereffective|p2a: Skeledirge\n|-damage|p2a: Skeledirge|80\/100\n|move|p2a: Skeledirge|Torch Song|p1a: Pikablu-Mega\n|-resisted|p1a: Pikablu-Mega\n|-damage|p1a: Pikablu-Mega|0 fnt\n|-boost|p2a: Skeledirge|spa|1\n|faint|p1a: Pikablu-Mega\n|\n|upkeep\n|\n|t:|1699930640\n|switch|p1a: Grimmora|Toxapex, F|100\/100\n|turn|12\n|\n|t:|1699930646\n|switch|p2a: Toedscruel|Toedscruel, F|66\/100\n|move|p1a: Grimmora|Toxic|p2a: Toedscruel\n|-status|p2a: Toedscruel|tox\n|\n|-heal|p2a: Toedscruel|72\/100 tox|[from] item: Leftovers\n|-damage|p2a: Toedscruel|66\/100 tox|[from] psn\n|upkeep\n|turn|13\n|\n|t:|1699930653\n|switch|p1a: Steel Kleavor|Scizor, M|50\/100\n|move|p2a: Toedscruel|Knock Off|p1a: Steel Kleavor\n|-damage|p1a: Steel Kleavor|39\/100\n|\n|-heal|p2a: Toedscruel|72\/100 tox|[from] item: Leftovers\n|-damage|p2a: Toedscruel|60\/100 tox|[from] psn\n|upkeep\n|turn|14\n|\n|t:|1699930660\n|move|p1a: Steel Kleavor|U-turn|p2a: Toedscruel\n|-supereffective|p2a: Toedscruel\n|-damage|p2a: Toedscruel|0 fnt\n|faint|p2a: Toedscruel\n|\n|t:|1699930665\n|switch|p1a: Just Zapdos|Zapdos|88\/100 slp|[from] U-turn\n|\n|upkeep\n|\n|t:|1699930672\n|switch|p2a: Iron Valiant|Iron Valiant|100\/100\n|turn|15\n|\n|t:|1699930675\n|move|p2a: Iron Valiant|Moonblast|p1a: Just Zapdos\n|-damage|p1a: Just Zapdos|33\/100 slp\n|-unboost|p1a: Just Zapdos|spa|1\n|-damage|p2a: Iron Valiant|91\/100|[from] item: Life Orb\n|cant|p1a: Just Zapdos|slp\n|\n|upkeep\n|turn|16\n|\n|t:|1699930678\n|move|p2a: Iron Valiant|Moonblast|p1a: Just Zapdos\n|-damage|p1a: Just Zapdos|0 fnt\n|faint|p1a: Just Zapdos\n|-damage|p2a: Iron Valiant|81\/100|[from] item: Life Orb\n|\n|upkeep\n|\n|t:|1699930680\n|switch|p1a: 1000|Gholdengo|100\/100\n|turn|17\n|\n|t:|1699930684\n|move|p1a: 1000|Shadow Ball|p2a: Iron Valiant\n|-damage|p2a: Iron Valiant|0 fnt\n|faint|p2a: Iron Valiant\n|-end|p2a: Iron Valiant|Quark Drive|[silent]\n|\n|upkeep\n|\n|t:|1699930689\n|switch|p2a: Ninetales|Ninetales-Alola, M|100\/100\n|-weather|Snow|[from] ability: Snow Warning|[of] p2a: Ninetales\n|turn|18\n|\n|t:|1699930693\n|move|p1a: 1000|Shadow Ball|p2a: Ninetales\n|-damage|p2a: Ninetales|72\/100\n|move|p2a: Ninetales|Aurora Veil|p2a: Ninetales\n|-sidestart|p2: ratatta17|move: Aurora Veil\n|\n|-weather|Snow|[upkeep]\n|upkeep\n|turn|19\n|\n|t:|1699930700\n|switch|p2a: Skeledirge|Skeledirge, M|80\/100\n|move|p1a: 1000|Shadow Ball|p2a: Skeledirge\n|-supereffective|p2a: Skeledirge\n|-damage|p2a: Skeledirge|50\/100\n|\n|-weather|Snow|[upkeep]\n|upkeep\n|turn|20\n|\n|t:|1699930708\n|move|p1a: 1000|Shadow Ball|p2a: Skeledirge\n|-supereffective|p2a: Skeledirge\n|-damage|p2a: Skeledirge|20\/100\n|move|p2a: Skeledirge|Slack Off|p2a: Skeledirge\n|-heal|p2a: Skeledirge|70\/100\n|\n|-weather|Snow|[upkeep]\n|upkeep\n|turn|21\n|\n|t:|1699930712\n|switch|p1a: Grimmora|Toxapex, F|100\/100\n|move|p2a: Skeledirge|Slack Off|p2a: Skeledirge\n|-heal|p2a: Skeledirge|100\/100\n|\n|-weather|Snow|[upkeep]\n|upkeep\n|turn|22\n|\n|t:|1699930724\n|switch|p2a: Ninetales|Ninetales-Alola, M|72\/100\n|move|p1a: Grimmora|Toxic|p2a: Ninetales\n|-status|p2a: Ninetales|tox\n|\n|-weather|none\n|-damage|p2a: Ninetales|66\/100 tox|[from] psn\n|upkeep\n|turn|23\n|\n|t:|1699930729\n|move|p2a: Ninetales|Freeze-Dry|p1a: Grimmora\n|-supereffective|p1a: Grimmora\n|-damage|p1a: Grimmora|63\/100\n|move|p1a: Grimmora|Venoshock|p2a: Ninetales\n|-supereffective|p2a: Ninetales\n|-damage|p2a: Ninetales|46\/100 tox\n|\n|-heal|p1a: Grimmora|69\/100|[from] item: Black Sludge\n|-damage|p2a: Ninetales|34\/100 tox|[from] psn\n|upkeep\n|turn|24\n|\n|t:|1699930736\n|switch|p1a: Steel Kleavor|Scizor, M|39\/100\n|move|p2a: Ninetales|Freeze-Dry|p1a: Steel Kleavor\n|-resisted|p1a: Steel Kleavor\n|-damage|p1a: Steel Kleavor|28\/100\n|\n|-damage|p2a: Ninetales|16\/100 tox|[from] psn\n|upkeep\n|turn|25\n|\n|t:|1699930743\n|move|p2a: Ninetales|Encore||[still]\n|-fail|p2a: Ninetales\n|move|p1a: Steel Kleavor|U-turn|p2a: Ninetales\n|-resisted|p2a: Ninetales\n|-damage|p2a: Ninetales|4\/100 tox\n|\n|t:|1699930747\n|switch|p1a: 1000|Gholdengo|100\/100|[from] U-turn\n|\n|-damage|p2a: Ninetales|0 fnt|[from] psn\n|faint|p2a: Ninetales\n|-sideend|p2: ratatta17|move: Aurora Veil\n|upkeep\n|\n|t:|1699930758\n|switch|p2a: Azumarill|Azumarill, F|100\/100\n|turn|26\n|\n|t:|1699930765\n|switch|p1a: Grimmora|Toxapex, F|100\/100\n|-terastallize|p2a: Azumarill|Steel\n|move|p2a: Azumarill|Belly Drum|p2a: Azumarill\n|-damage|p2a: Azumarill|50\/100\n|-setboost|p2a: Azumarill|atk|6|[from] move: Belly Drum\n|-enditem|p2a: Azumarill|Sitrus Berry|[eat]\n|-heal|p2a: Azumarill|75\/100|[from] item: Sitrus Berry\n|\n|upkeep\n|turn|27\n|\n|t:|1699930777\n|move|p2a: Azumarill|Bulldoze|p1a: Grimmora\n|-supereffective|p1a: Grimmora\n|-damage|p1a: Grimmora|0 fnt\n|faint|p1a: Grimmora\n|\n|upkeep\n|\n|t:|1699930783\n|switch|p1a: Steel Kleavor|Scizor, M|28\/100\n|turn|28\n|\n|t:|1699930786\n|move|p1a: Steel Kleavor|Bullet Punch|p2a: Azumarill\n|-resisted|p2a: Azumarill\n|-damage|p2a: Azumarill|59\/100\n|move|p2a: Azumarill|Aqua Jet|p1a: Steel Kleavor\n|-damage|p1a: Steel Kleavor|0 fnt\n|faint|p1a: Steel Kleavor\n|\n|upkeep\n|-message|hutoew forfeited.\n|\n|win|ratatta17\n|raw|hutoew's rating: 1378 &rarr; <strong>1361<\/strong><br \/>(-17 for losing)\n|raw|ratatta17's rating: 1423 &rarr; <strong>1440<\/strong><br \/>(+17 for winning)\n|l|\u2606hutoew\n","uploadtime":1699930798,"views":12,"p1id":"hutoew","p2id":"ratatta17","formatid":"gen9ou","rating":1361,"private":0,"password":""}