{"id":"gen9ou-1991399675","p1":"Bob Bobbery","p2":"jay9ne","format":"[Gen 9] OU","log":"|j|\u2606Bob Bobbery\n|j|\u2606jay9ne\n|t:|1700073876\n|gametype|singles\n|player|p1|Bob Bobbery|rosa|1128\n|player|p2|jay9ne|waiter|1227\n|teamsize|p1|6\n|teamsize|p2|6\n|gen|9\n|tier|[Gen 9] OU\n|rated|\n|rule|Sleep Clause Mod: Limit one foe put to sleep\n|rule|Species Clause: Limit one of each Pok\u00e9mon\n|rule|OHKO Clause: OHKO moves are banned\n|rule|Evasion Items Clause: Evasion items are banned\n|rule|Evasion Moves Clause: Evasion moves are banned\n|rule|Endless Battle Clause: Forcing endless battles is banned\n|rule|HP Percentage Mod: HP is shown in percentages\n|clearpoke\n|poke|p1|Arcanine-Hisui, F|\n|poke|p1|Kingambit, F|\n|poke|p1|Samurott-Hisui, M|\n|poke|p1|Great Tusk|\n|poke|p1|Dragapult, F|\n|poke|p1|Rillaboom, M|\n|poke|p2|Ninetales-Alola, M|\n|poke|p2|Glimmora, F|\n|poke|p2|Gholdengo|\n|poke|p2|Ribombee, F|\n|poke|p2|Walking Wake|\n|poke|p2|Iron Valiant|\n|teampreview\n|inactive|Battle timer is ON: inactive players will automatically lose when time's up. (requested by jay9ne)\n|\n|t:|1700073895\n|start\n|switch|p1a: Arcanine|Arcanine-Hisui, F, shiny|100\/100\n|switch|p2a: Ribombee|Ribombee, F|100\/100\n|turn|1\n|\n|t:|1700073907\n|move|p1a: Arcanine|Flare Blitz|p2a: Ribombee\n|-supereffective|p2a: Ribombee\n|-enditem|p2a: Ribombee|Focus Sash\n|-damage|p2a: Ribombee|1\/100\n|move|p2a: Ribombee|Sticky Web|p1a: Arcanine\n|-sidestart|p1: Bob Bobbery|move: Sticky Web\n|\n|upkeep\n|turn|2\n|\n|t:|1700073918\n|move|p1a: Arcanine|Flare Blitz|p2a: Ribombee\n|-supereffective|p2a: Ribombee\n|-damage|p2a: Ribombee|0 fnt\n|faint|p2a: Ribombee\n|\n|upkeep\n|\n|t:|1700073929\n|switch|p2a: Glimmora|Glimmora, F|100\/100\n|turn|3\n|\n|t:|1700073949\n|switch|p1a: Samurott|Samurott-Hisui, M|100\/100\n|-activate|p1a: Samurott|move: Sticky Web\n|-unboost|p1a: Samurott|spe|1\n|move|p2a: Glimmora|Mortal Spin|p1a: Samurott\n|-damage|p1a: Samurott|94\/100\n|-status|p1a: Samurott|psn\n|\n|-damage|p1a: Samurott|81\/100 psn|[from] psn\n|upkeep\n|turn|4\n|\n|t:|1700073962\n|move|p2a: Glimmora|Stealth Rock|p1a: Samurott\n|-sidestart|p1: Bob Bobbery|move: Stealth Rock\n|move|p1a: Samurott|Razor Shell|p2a: Glimmora\n|-supereffective|p2a: Glimmora\n|-enditem|p2a: Glimmora|Focus Sash\n|-damage|p2a: Glimmora|1\/100\n|-unboost|p2a: Glimmora|def|1\n|-activate|p2a: Glimmora|ability: Toxic Debris\n|-sidestart|p1: Bob Bobbery|move: Toxic Spikes\n|\n|-damage|p1a: Samurott|69\/100 psn|[from] psn\n|upkeep\n|turn|5\n|\n|t:|1700073978\n|move|p2a: Glimmora|Power Gem|p1a: Samurott\n|-damage|p1a: Samurott|0 fnt\n|faint|p1a: Samurott\n|\n|upkeep\n|\n|t:|1700073984\n|switch|p1a: Great Tusk|Great Tusk|100\/100\n|-activate|p1a: Great Tusk|move: Sticky Web\n|-unboost|p1a: Great Tusk|spe|1\n|-damage|p1a: Great Tusk|98\/100|[from] Stealth Rock\n|-status|p1a: Great Tusk|psn\n|-enditem|p1a: Great Tusk|Booster Energy\n|-activate|p1a: Great Tusk|ability: Protosynthesis|[fromitem]\n|-start|p1a: Great Tusk|protosynthesisatk\n|turn|6\n|\n|t:|1700074001\n|switch|p2a: Gholdengo|Gholdengo|100\/100\n|-item|p2a: Gholdengo|Air Balloon\n|move|p1a: Great Tusk|Rapid Spin|p2a: Gholdengo\n|-immune|p2a: Gholdengo\n|\n|-damage|p1a: Great Tusk|85\/100 psn|[from] psn\n|upkeep\n|turn|7\n|inactive|Bob Bobbery has 120 seconds left.\n|\n|t:|1700074027\n|move|p2a: Gholdengo|Dazzling Gleam|p1a: Great Tusk\n|-supereffective|p1a: Great Tusk\n|-damage|p1a: Great Tusk|0 fnt\n|faint|p1a: Great Tusk\n|-end|p1a: Great Tusk|Protosynthesis|[silent]\n|\n|upkeep\n|inactive|Bob Bobbery has 120 seconds left.\n|\n|t:|1700074039\n|switch|p1a: Arcanine|Arcanine-Hisui, F, shiny|100\/100\n|-activate|p1a: Arcanine|move: Sticky Web\n|-unboost|p1a: Arcanine|spe|1\n|-damage|p1a: Arcanine|75\/100|[from] Stealth Rock\n|-status|p1a: Arcanine|psn\n|turn|8\n|inactive|Bob Bobbery has 120 seconds left.\n|\n|t:|1700074052\n|switch|p2a: Glimmora|Glimmora, F|1\/100\n|move|p1a: Arcanine|Flare Blitz|p2a: Glimmora\n|-resisted|p2a: Glimmora\n|-damage|p2a: Glimmora|0 fnt\n|-activate|p2a: Glimmora|ability: Toxic Debris\n|-sidestart|p1: Bob Bobbery|move: Toxic Spikes\n|faint|p2a: Glimmora\n|\n|-damage|p1a: Arcanine|63\/100 psn|[from] psn\n|upkeep\n|\n|t:|1700074073\n|switch|p2a: Walking Wake|Walking Wake|100\/100\n|-enditem|p2a: Walking Wake|Booster Energy\n|-activate|p2a: Walking Wake|ability: Protosynthesis|[fromitem]\n|-start|p2a: Walking Wake|protosynthesisspa\n|turn|9\n|\n|t:|1700074085\n|switch|p1a: Rillaboom|Rillaboom, M, shiny|100\/100\n|-activate|p1a: Rillaboom|move: Sticky Web\n|-unboost|p1a: Rillaboom|spe|1\n|-damage|p1a: Rillaboom|88\/100|[from] Stealth Rock\n|-status|p1a: Rillaboom|tox\n|-fieldstart|move: Grassy Terrain|[from] ability: Grassy Surge|[of] p1a: Rillaboom\n|move|p2a: Walking Wake|Scald|p1a: Rillaboom\n|-resisted|p1a: Rillaboom\n|-damage|p1a: Rillaboom|51\/100 tox\n|\n|-heal|p1a: Rillaboom|57\/100 tox|[from] Grassy Terrain\n|-damage|p1a: Rillaboom|51\/100 tox|[from] psn\n|upkeep\n|turn|10\n|inactive|Bob Bobbery has 120 seconds left.\n|inactive|jay9ne has 120 seconds left.\n|\n|t:|1700074103\n|-end|p2a: Walking Wake|Protosynthesis|[silent]\n|switch|p2a: Ninetales|Ninetales-Alola, M|100\/100\n|-weather|Snow|[from] ability: Snow Warning|[of] p2a: Ninetales\n|move|p1a: Rillaboom|Grassy Glide|p2a: Ninetales\n|-damage|p2a: Ninetales|50\/100\n|\n|-weather|Snow|[upkeep]\n|-heal|p2a: Ninetales|56\/100|[from] Grassy Terrain\n|-heal|p1a: Rillaboom|57\/100 tox|[from] Grassy Terrain\n|-damage|p1a: Rillaboom|45\/100 tox|[from] psn\n|upkeep\n|turn|11\n|inactive|Bob Bobbery has 120 seconds left.\n|inactive|jay9ne has 120 seconds left.\n|\n|t:|1700074115\n|move|p1a: Rillaboom|Grassy Glide|p2a: Ninetales\n|-damage|p2a: Ninetales|6\/100\n|move|p2a: Ninetales|Aurora Veil|p2a: Ninetales\n|-sidestart|p2: jay9ne|move: Aurora Veil\n|\n|-weather|Snow|[upkeep]\n|-heal|p2a: Ninetales|12\/100|[from] Grassy Terrain\n|-heal|p1a: Rillaboom|51\/100 tox|[from] Grassy Terrain\n|-damage|p1a: Rillaboom|33\/100 tox|[from] psn\n|upkeep\n|turn|12\n|inactive|jay9ne has 120 seconds left.\n|\n|t:|1700074131\n|move|p1a: Rillaboom|Grassy Glide|p2a: Ninetales\n|-damage|p2a: Ninetales|0 fnt\n|faint|p2a: Ninetales\n|\n|-weather|Snow|[upkeep]\n|-heal|p1a: Rillaboom|39\/100 tox|[from] Grassy Terrain\n|-damage|p1a: Rillaboom|14\/100 tox|[from] psn\n|upkeep\n|\n|t:|1700074140\n|switch|p2a: Iron Valiant|Iron Valiant|100\/100\n|-enditem|p2a: Iron Valiant|Booster Energy\n|-activate|p2a: Iron Valiant|ability: Quark Drive|[fromitem]\n|-start|p2a: Iron Valiant|quarkdrivespe\n|turn|13\n|inactive|jay9ne has 120 seconds left.\n|inactive|Bob Bobbery has 120 seconds left.\n|\n|t:|1700074167\n|switch|p1a: Dragapult|Dragapult, F, shiny|100\/100\n|-activate|p1a: Dragapult|move: Sticky Web\n|-fail|p1a: Dragapult|unboost|[from] ability: Clear Body|[of] p1a: Dragapult\n|-damage|p1a: Dragapult|88\/100|[from] Stealth Rock\n|-status|p1a: Dragapult|tox\n|move|p2a: Iron Valiant|Knock Off|p1a: Dragapult\n|-supereffective|p1a: Dragapult\n|-damage|p1a: Dragapult|0 fnt\n|-enditem|p1a: Dragapult|Choice Specs|[from] move: Knock Off|[of] p2a: Iron Valiant\n|faint|p1a: Dragapult\n|\n|-weather|Snow|[upkeep]\n|-fieldend|move: Grassy Terrain\n|upkeep\n|\n|t:|1700074186\n|switch|p1a: Arcanine|Arcanine-Hisui, F, shiny|63\/100 psn\n|-activate|p1a: Arcanine|move: Sticky Web\n|-unboost|p1a: Arcanine|spe|1\n|-damage|p1a: Arcanine|38\/100 psn|[from] Stealth Rock\n|turn|14\n|inactive|jay9ne has 120 seconds left.\n|\n|t:|1700074198\n|move|p2a: Iron Valiant|Close Combat|p1a: Arcanine\n|-supereffective|p1a: Arcanine\n|-damage|p1a: Arcanine|0 fnt\n|-unboost|p2a: Iron Valiant|def|1\n|-unboost|p2a: Iron Valiant|spd|1\n|faint|p1a: Arcanine\n|\n|-weather|none\n|upkeep\n|\n|t:|1700074207\n|switch|p1a: Rillaboom|Rillaboom, M, shiny|14\/100 tox\n|-activate|p1a: Rillaboom|move: Sticky Web\n|-unboost|p1a: Rillaboom|spe|1\n|-damage|p1a: Rillaboom|2\/100 tox|[from] Stealth Rock\n|-fieldstart|move: Grassy Terrain|[from] ability: Grassy Surge|[of] p1a: Rillaboom\n|turn|15\n|\n|t:|1700074221\n|-end|p2a: Iron Valiant|Quark Drive|[silent]\n|switch|p2a: Gholdengo|Gholdengo|100\/100\n|-item|p2a: Gholdengo|Air Balloon\n|move|p1a: Rillaboom|Grassy Glide|p2a: Gholdengo\n|-resisted|p2a: Gholdengo\n|-damage|p2a: Gholdengo|86\/100\n|-enditem|p2a: Gholdengo|Air Balloon\n|\n|-heal|p2a: Gholdengo|92\/100|[from] Grassy Terrain\n|-heal|p1a: Rillaboom|8\/100 tox|[from] Grassy Terrain\n|-damage|p1a: Rillaboom|2\/100 tox|[from] psn\n|upkeep\n|turn|16\n|inactive|jay9ne has 120 seconds left.\n|\n|t:|1700074236\n|move|p1a: Rillaboom|Grassy Glide|p2a: Gholdengo\n|-resisted|p2a: Gholdengo\n|-damage|p2a: Gholdengo|77\/100\n|move|p2a: Gholdengo|Shadow Ball|p1a: Rillaboom\n|-damage|p1a: Rillaboom|0 fnt\n|faint|p1a: Rillaboom\n|\n|-heal|p2a: Gholdengo|84\/100|[from] Grassy Terrain\n|upkeep\n|\n|t:|1700074245\n|switch|p1a: Kingambit|Kingambit, F, shiny|100\/100\n|-activate|p1a: Kingambit|move: Sticky Web\n|-unboost|p1a: Kingambit|spe|1\n|-ability|p1a: Kingambit|Defiant|boost\n|-boost|p1a: Kingambit|atk|2\n|-damage|p1a: Kingambit|94\/100|[from] Stealth Rock\n|turn|17\n|inactive|jay9ne has 120 seconds left.\n|\n|t:|1700074273\n|move|p1a: Kingambit|Sucker Punch|p2a: Gholdengo\n|-supereffective|p2a: Gholdengo\n|-damage|p2a: Gholdengo|2\/100\n|move|p2a: Gholdengo|Shadow Ball|p1a: Kingambit\n|-resisted|p1a: Kingambit\n|-damage|p1a: Kingambit|73\/100\n|\n|-heal|p2a: Gholdengo|8\/100|[from] Grassy Terrain\n|-heal|p1a: Kingambit|79\/100|[from] Grassy Terrain\n|-heal|p1a: Kingambit|85\/100|[from] item: Leftovers\n|upkeep\n|turn|18\n|inactive|jay9ne has 120 seconds left.\n|\n|t:|1700074289\n|move|p2a: Gholdengo|Shadow Ball|p1a: Kingambit\n|-resisted|p1a: Kingambit\n|-damage|p1a: Kingambit|62\/100\n|move|p1a: Kingambit|Swords Dance|p1a: Kingambit\n|-boost|p1a: Kingambit|atk|2\n|\n|-heal|p2a: Gholdengo|14\/100|[from] Grassy Terrain\n|-heal|p1a: Kingambit|68\/100|[from] Grassy Terrain\n|-heal|p1a: Kingambit|74\/100|[from] item: Leftovers\n|-sideend|p2: jay9ne|move: Aurora Veil\n|upkeep\n|turn|19\n|inactive|jay9ne has 120 seconds left.\n|\n|t:|1700074300\n|move|p1a: Kingambit|Sucker Punch|p2a: Gholdengo\n|-supereffective|p2a: Gholdengo\n|-damage|p2a: Gholdengo|0 fnt\n|faint|p2a: Gholdengo\n|\n|-heal|p1a: Kingambit|80\/100|[from] Grassy Terrain\n|-heal|p1a: Kingambit|87\/100|[from] item: Leftovers\n|-fieldend|move: Grassy Terrain\n|upkeep\n|\n|t:|1700074311\n|switch|p2a: Walking Wake|Walking Wake|100\/100\n|turn|20\n|\n|t:|1700074318\n|-terastallize|p1a: Kingambit|Fairy\n|move|p1a: Kingambit|Sucker Punch||[still]\n|-fail|p1a: Kingambit\n|move|p2a: Walking Wake|Substitute|p2a: Walking Wake\n|-start|p2a: Walking Wake|Substitute\n|-damage|p2a: Walking Wake|76\/100\n|\n|-heal|p1a: Kingambit|93\/100|[from] item: Leftovers\n|upkeep\n|turn|21\n|inactive|jay9ne has 120 seconds left.\n|\n|t:|1700074331\n|-terastallize|p2a: Walking Wake|Water\n|move|p2a: Walking Wake|Scald|p1a: Kingambit\n|-damage|p1a: Kingambit|37\/100\n|move|p1a: Kingambit|Kowtow Cleave|p2a: Walking Wake\n|-end|p2a: Walking Wake|Substitute\n|\n|-heal|p1a: Kingambit|44\/100|[from] item: Leftovers\n|upkeep\n|turn|22\n|inactive|Bob Bobbery has 120 seconds left.\n|inactive|jay9ne has 120 seconds left.\n|\n|t:|1700074340\n|move|p2a: Walking Wake|Substitute|p2a: Walking Wake\n|-start|p2a: Walking Wake|Substitute\n|-damage|p2a: Walking Wake|51\/100\n|move|p1a: Kingambit|Kowtow Cleave|p2a: Walking Wake\n|-end|p2a: Walking Wake|Substitute\n|\n|-heal|p1a: Kingambit|50\/100|[from] item: Leftovers\n|upkeep\n|turn|23\n|\n|t:|1700074349\n|move|p2a: Walking Wake|Scald|p1a: Kingambit\n|-damage|p1a: Kingambit|0 fnt\n|faint|p1a: Kingambit\n|\n|win|jay9ne\n|raw|Bob Bobbery's rating: 1128 &rarr; <strong>1110<\/strong><br \/>(-18 for losing)\n|raw|jay9ne's rating: 1227 &rarr; <strong>1245<\/strong><br \/>(+18 for winning)\n|l|\u2606Bob Bobbery\n","uploadtime":1700074378,"views":29,"p1id":"bobbobbery","p2id":"jay9ne","formatid":"gen9ou","rating":1110,"private":0,"password":""}