{"id":"gen9ou-1997064313","p1":"teszting","p2":"tekken_is_life","format":"[Gen 9] OU","log":"|j|\u2606teszting\n|j|\u203dtekken_is_life\n|t:|1700760901\n|gametype|singles\n|player|p1|teszting|acetrainersnowf|1686\n|player|p2|tekken_is_life|riley|1782\n|teamsize|p1|6\n|teamsize|p2|6\n|gen|9\n|tier|[Gen 9] OU\n|rated|\n|rule|Sleep Clause Mod: Limit one foe put to sleep\n|rule|Species Clause: Limit one of each Pok\u00e9mon\n|rule|OHKO Clause: OHKO moves are banned\n|rule|Evasion Items Clause: Evasion items are banned\n|rule|Evasion Moves Clause: Evasion moves are banned\n|rule|Endless Battle Clause: Forcing endless battles is banned\n|rule|HP Percentage Mod: HP is shown in percentages\n|clearpoke\n|poke|p1|Great Tusk|\n|poke|p1|Tornadus-Therian, M|\n|poke|p1|Heatran, M|\n|poke|p1|Iron Valiant|\n|poke|p1|Samurott-Hisui, F|\n|poke|p1|Slowking-Galar, M|\n|poke|p2|Enamorus, F|\n|poke|p2|Iron Moth|\n|poke|p2|Great Tusk|\n|poke|p2|Ogerpon-Cornerstone, F|\n|poke|p2|Kingambit, M|\n|poke|p2|Dragapult, F|\n|teampreview\n|\n|t:|1700760926\n|start\n|switch|p1a: Tornadus|Tornadus-Therian, M|100\/100\n|switch|p2a: Ogerpon|Ogerpon-Cornerstone, F|100\/100\n|turn|1\n|\n|t:|1700760932\n|move|p1a: Tornadus|U-turn|p2a: Ogerpon\n|-supereffective|p2a: Ogerpon\n|-damage|p2a: Ogerpon|59\/100\n|\n|t:|1700760937\n|switch|p1a: Iron Valiant|Iron Valiant|100\/100|[from] U-turn\n|move|p2a: Ogerpon|Horn Leech|p1a: Iron Valiant\n|-damage|p1a: Iron Valiant|43\/100\n|-heal|p2a: Ogerpon|86\/100|[from] drain|[of] p1a: Iron Valiant\n|\n|upkeep\n|turn|2\n|\n|t:|1700760948\n|switch|p2a: Enamorus|Enamorus, F|100\/100\n|move|p1a: Iron Valiant|Close Combat|p2a: Enamorus\n|-resisted|p2a: Enamorus\n|-damage|p2a: Enamorus|79\/100\n|-unboost|p1a: Iron Valiant|def|1\n|-unboost|p1a: Iron Valiant|spd|1\n|\n|upkeep\n|turn|3\n|\n|t:|1700760954\n|switch|p2a: Ogerpon|Ogerpon-Cornerstone, F|86\/100\n|-end|p1a: Iron Valiant|Quark Drive|[silent]\n|switch|p1a: Tornadus|Tornadus-Therian, M|100\/100\n|\n|upkeep\n|turn|4\n|\n|t:|1700760959\n|move|p1a: Tornadus|U-turn|p2a: Ogerpon\n|-supereffective|p2a: Ogerpon\n|-damage|p2a: Ogerpon|48\/100\n|\n|t:|1700760963\n|switch|p1a: Heatran|Heatran, M|100\/100|[from] U-turn\n|move|p2a: Ogerpon|Ivy Cudgel|p1a: Heatran|[anim] Ivy Cudgel Rock\n|-damage|p1a: Heatran|52\/100\n|\n|-heal|p1a: Heatran|58\/100|[from] item: Leftovers\n|upkeep\n|turn|5\n|\n|t:|1700760970\n|move|p2a: Ogerpon|Low Kick|p1a: Heatran\n|-supereffective|p1a: Heatran\n|-damage|p1a: Heatran|0 fnt\n|faint|p1a: Heatran\n|\n|upkeep\n|\n|t:|1700760984\n|switch|p1a: Iron Valiant|Iron Valiant|43\/100\n|turn|6\n|\n|t:|1700760990\n|switch|p2a: Iron Moth|Iron Moth|100\/100\n|-enditem|p2a: Iron Moth|Booster Energy\n|-activate|p2a: Iron Moth|ability: Quark Drive|[fromitem]\n|-start|p2a: Iron Moth|quarkdrivespe\n|move|p1a: Iron Valiant|Moonblast|p2a: Iron Moth\n|-resisted|p2a: Iron Moth\n|-damage|p2a: Iron Moth|88\/100\n|-unboost|p2a: Iron Moth|spa|1\n|\n|upkeep\n|turn|7\n|\n|t:|1700760998\n|-end|p1a: Iron Valiant|Quark Drive|[silent]\n|switch|p1a: Tornadus|Tornadus-Therian, M|100\/100\n|move|p2a: Iron Moth|Fiery Dance|p1a: Tornadus\n|-damage|p1a: Tornadus|83\/100\n|\n|upkeep\n|turn|8\n|\n|t:|1700761001\n|move|p2a: Iron Moth|Fiery Dance|p1a: Tornadus\n|-damage|p1a: Tornadus|64\/100\n|move|p1a: Tornadus|Bleakwind Storm|p2a: Iron Moth\n|-damage|p2a: Iron Moth|54\/100\n|-unboost|p2a: Iron Moth|spe|1\n|\n|upkeep\n|turn|9\n|\n|t:|1700761006\n|move|p1a: Tornadus|Bleakwind Storm|p2a: Iron Moth\n|-damage|p2a: Iron Moth|20\/100\n|move|p2a: Iron Moth|Fiery Dance|p1a: Tornadus\n|-damage|p1a: Tornadus|47\/100\n|-boost|p2a: Iron Moth|spa|1\n|\n|upkeep\n|turn|10\n|\n|t:|1700761014\n|move|p1a: Tornadus|Bleakwind Storm|p2a: Iron Moth\n|-damage|p2a: Iron Moth|0 fnt\n|faint|p2a: Iron Moth\n|-end|p2a: Iron Moth|Quark Drive|[silent]\n|\n|upkeep\n|\n|t:|1700761027\n|switch|p2a: Dragapult|Dragapult, F|100\/100\n|turn|11\n|\n|t:|1700761029\n|switch|p1a: Slowking|Slowking-Galar, M|100\/100\n|move|p2a: Dragapult|Draco Meteor|p1a: Slowking\n|-damage|p1a: Slowking|38\/100\n|-unboost|p2a: Dragapult|spa|2\n|\n|upkeep\n|turn|12\n|\n|t:|1700761033\n|switch|p2a: Ogerpon|Ogerpon-Cornerstone, F|48\/100\n|move|p1a: Slowking|Toxic Spikes|p2a: Ogerpon\n|-sidestart|p2: tekken_is_life|move: Toxic Spikes\n|\n|upkeep\n|turn|13\n|\n|t:|1700761040\n|switch|p1a: Great Tusk|Great Tusk|100\/100\n|move|p2a: Ogerpon|Ivy Cudgel|p1a: Great Tusk|[anim] Ivy Cudgel Rock\n|-resisted|p1a: Great Tusk\n|-damage|p1a: Great Tusk|92\/100\n|\n|upkeep\n|turn|14\n|\n|t:|1700761049\n|switch|p2a: Enamorus|Enamorus, F|79\/100\n|move|p1a: Great Tusk|Rapid Spin|p2a: Enamorus\n|-damage|p2a: Enamorus|54\/100\n|-boost|p1a: Great Tusk|spe|1\n|\n|upkeep\n|turn|15\n|\n|t:|1700761055\n|-end|p1a: Great Tusk|Protosynthesis|[silent]\n|switch|p1a: Tornadus|Tornadus-Therian, M|80\/100\n|move|p2a: Enamorus|Moonblast|p1a: Tornadus\n|-damage|p1a: Tornadus|49\/100\n|-unboost|p1a: Tornadus|spa|1\n|\n|upkeep\n|turn|16\n|\n|t:|1700761059\n|move|p2a: Enamorus|Moonblast|p1a: Tornadus\n|-damage|p1a: Tornadus|14\/100\n|move|p1a: Tornadus|U-turn|p2a: Enamorus\n|-resisted|p2a: Enamorus\n|-damage|p2a: Enamorus|48\/100\n|\n|t:|1700761060\n|switch|p1a: Slowking|Slowking-Galar, M|72\/100|[from] U-turn\n|\n|upkeep\n|turn|17\n|\n|t:|1700761065\n|switch|p2a: Kingambit|Kingambit, M|100\/100\n|-activate|p2a: Kingambit|ability: Supreme Overlord\n|-start|p2a: Kingambit|fallen1|[silent]\n|move|p1a: Slowking|Chilly Reception|p1a: Slowking\n|-weather|Snow\n|\n|t:|1700761069\n|switch|p1a: Samurott|Samurott-Hisui, F|100\/100|[from] Chilly Reception\n|\n|-weather|Snow|[upkeep]\n|upkeep\n|turn|18\n|\n|t:|1700761074\n|-end|p2a: Kingambit|fallen1|[silent]\n|switch|p2a: Dragapult|Dragapult, F|100\/100\n|-status|p2a: Dragapult|psn\n|move|p1a: Samurott|Razor Shell|p2a: Dragapult\n|-resisted|p2a: Dragapult\n|-damage|p2a: Dragapult|66\/100 psn\n|-unboost|p2a: Dragapult|def|1\n|\n|-weather|Snow|[upkeep]\n|-damage|p2a: Dragapult|54\/100 psn|[from] psn\n|upkeep\n|turn|19\n|\n|t:|1700761086\n|move|p1a: Samurott|Sucker Punch|p2a: Dragapult\n|-supereffective|p2a: Dragapult\n|-damage|p2a: Dragapult|0 fnt\n|faint|p2a: Dragapult\n|\n|-weather|Snow|[upkeep]\n|upkeep\n|\n|t:|1700761091\n|switch|p2a: Great Tusk|Great Tusk|100\/100\n|-status|p2a: Great Tusk|psn\n|-enditem|p2a: Great Tusk|Booster Energy\n|-activate|p2a: Great Tusk|ability: Protosynthesis|[fromitem]\n|-start|p2a: Great Tusk|protosynthesisatk\n|turn|20\n|\n|t:|1700761097\n|switch|p1a: Great Tusk|Great Tusk|92\/100\n|move|p2a: Great Tusk|Rapid Spin|p1a: Great Tusk\n|-damage|p1a: Great Tusk|78\/100\n|-boost|p2a: Great Tusk|spe|1\n|-sideend|p2: tekken_is_life|Toxic Spikes|[from] move: Rapid Spin|[of] p2a: Great Tusk\n|\n|-weather|Snow|[upkeep]\n|-damage|p2a: Great Tusk|88\/100 psn|[from] psn\n|upkeep\n|turn|21\n|\n|t:|1700761102\n|move|p2a: Great Tusk|Ice Spinner|p1a: Great Tusk\n|-supereffective|p1a: Great Tusk\n|-damage|p1a: Great Tusk|31\/100\n|move|p1a: Great Tusk|Ice Spinner|p2a: Great Tusk\n|-supereffective|p2a: Great Tusk\n|-damage|p2a: Great Tusk|56\/100 psn\n|\n|-weather|none\n|-damage|p2a: Great Tusk|44\/100 psn|[from] psn\n|upkeep\n|turn|22\n|\n|t:|1700761122\n|move|p2a: Great Tusk|Headlong Rush|p1a: Great Tusk\n|-damage|p1a: Great Tusk|0 fnt\n|-unboost|p2a: Great Tusk|def|1\n|-unboost|p2a: Great Tusk|spd|1\n|faint|p1a: Great Tusk\n|-end|p1a: Great Tusk|Protosynthesis|[silent]\n|\n|-damage|p2a: Great Tusk|32\/100 psn|[from] psn\n|upkeep\n|\n|t:|1700761135\n|switch|p1a: Samurott|Samurott-Hisui, F|100\/100\n|turn|23\n|\n|t:|1700761139\n|move|p1a: Samurott|Sucker Punch|p2a: Great Tusk\n|-resisted|p2a: Great Tusk\n|-damage|p2a: Great Tusk|14\/100 psn\n|move|p2a: Great Tusk|Headlong Rush|p1a: Samurott\n|-damage|p1a: Samurott|1\/100\n|-unboost|p2a: Great Tusk|def|1\n|-unboost|p2a: Great Tusk|spd|1\n|\n|-damage|p2a: Great Tusk|2\/100 psn|[from] psn\n|upkeep\n|turn|24\n|\n|t:|1700761153\n|-end|p2a: Great Tusk|Protosynthesis|[silent]\n|switch|p2a: Enamorus|Enamorus, F|48\/100\n|move|p1a: Samurott|Razor Shell|p2a: Enamorus\n|-damage|p2a: Enamorus|0 fnt\n|faint|p2a: Enamorus\n|\n|upkeep\n|\n|t:|1700761165\n|switch|p2a: Ogerpon|Ogerpon-Cornerstone, F|48\/100\n|turn|25\n|\n|t:|1700761171\n|move|p1a: Samurott|Sucker Punch|p2a: Ogerpon\n|-damage|p2a: Ogerpon|7\/100\n|move|p2a: Ogerpon|Horn Leech|p1a: Samurott\n|-supereffective|p1a: Samurott\n|-damage|p1a: Samurott|0 fnt\n|-heal|p2a: Ogerpon|8\/100|[from] drain|[of] p1a: Samurott\n|faint|p1a: Samurott\n|\n|upkeep\n|\n|t:|1700761177\n|switch|p1a: Tornadus|Tornadus-Therian, M|48\/100\n|turn|26\n|\n|t:|1700761179\n|switch|p2a: Great Tusk|Great Tusk|2\/100 psn\n|move|p1a: Tornadus|U-turn|p2a: Great Tusk\n|-resisted|p2a: Great Tusk\n|-damage|p2a: Great Tusk|0 fnt\n|faint|p2a: Great Tusk\n|-end|p2a: Great Tusk|Protosynthesis|[silent]\n|\n|t:|1700761184\n|switch|p1a: Iron Valiant|Iron Valiant|43\/100|[from] U-turn\n|\n|upkeep\n|\n|t:|1700761186\n|switch|p2a: Kingambit|Kingambit, M|100\/100\n|-activate|p2a: Kingambit|ability: Supreme Overlord\n|-start|p2a: Kingambit|fallen4|[silent]\n|turn|27\n|\n|t:|1700761203\n|-end|p2a: Kingambit|fallen4|[silent]\n|switch|p2a: Ogerpon|Ogerpon-Cornerstone, F|8\/100\n|-terastallize|p1a: Iron Valiant|Fairy\n|move|p1a: Iron Valiant|Moonblast|p2a: Ogerpon\n|-damage|p2a: Ogerpon|0 fnt\n|faint|p2a: Ogerpon\n|\n|upkeep\n|\n|t:|1700761208\n|switch|p2a: Kingambit|Kingambit, M|100\/100\n|-activate|p2a: Kingambit|ability: Supreme Overlord\n|-start|p2a: Kingambit|fallen5|[silent]\n|turn|28\n|\n|t:|1700761213\n|move|p1a: Iron Valiant|Close Combat|p2a: Kingambit\n|-supereffective|p2a: Kingambit\n|-damage|p2a: Kingambit|0 fnt\n|-unboost|p1a: Iron Valiant|def|1\n|-unboost|p1a: Iron Valiant|spd|1\n|faint|p2a: Kingambit\n|-end|p2a: Kingambit|fallen5|[silent]\n|\n|win|teszting\n|raw|teszting's rating: 1686 &rarr; <strong>1711<\/strong><br \/>(+25 for winning)\n|raw|tekken_is_life's rating: 1782 &rarr; <strong>1757<\/strong><br \/>(-25 for losing)\n","uploadtime":1700761218,"views":8,"p1id":"teszting","p2id":"tekkenislife","formatid":"gen9ou","rating":1711,"private":0,"password":""}