{"id":"gen9ou-1990982091","p1":"previouslyunnamed","p2":"Dregone","format":"[Gen 9] OU","log":"|j|\u2606previouslyunnamed\n|j|\u2606Dregone\n|inactive|Battle timer is ON: inactive players will automatically lose when time's up.\n|t:|1700023024\n|gametype|singles\n|player|p1|previouslyunnamed|ryuki|\n|player|p2|Dregone|cynthia-masters|\n|teamsize|p1|6\n|teamsize|p2|6\n|gen|9\n|tier|[Gen 9] OU\n|rated|Tournament battle\n|rule|Sleep Clause Mod: Limit one foe put to sleep\n|rule|Species Clause: Limit one of each Pok\u00e9mon\n|rule|OHKO Clause: OHKO moves are banned\n|rule|Evasion Items Clause: Evasion items are banned\n|rule|Evasion Moves Clause: Evasion moves are banned\n|rule|Endless Battle Clause: Forcing endless battles is banned\n|rule|HP Percentage Mod: HP is shown in percentages\n|rule|Terastal Clause: You cannot Terastallize\n|clearpoke\n|poke|p1|Amoonguss, M|\n|poke|p1|Gholdengo|\n|poke|p1|Zamazenta-*|\n|poke|p1|Ting-Lu|\n|poke|p1|Zapdos|\n|poke|p1|Slowking, F|\n|poke|p2|Kingambit, F|\n|poke|p2|Skeledirge, M|\n|poke|p2|Meowscarada, M|\n|poke|p2|Clodsire, M|\n|poke|p2|Dragonite, M|\n|poke|p2|Gholdengo|\n|teampreview\n|j|*Lady Monita \u2746\n|inactive|previouslyunnamed also wants the timer to be on.\n|inactive|Dregone also wants the timer to be on.\n|c|\u2606Dregone|glhf\n|c|\u2606previouslyunnamed|u2\n|inactive|previouslyunnamed has 120 seconds left.\n|\n|t:|1700023063\n|start\n|switch|p1a: Slowking|Slowking, F|100\/100\n|switch|p2a: Clodsire|Clodsire, M|100\/100\n|turn|1\n|\n|t:|1700023085\n|move|p2a: Clodsire|Toxic|p1a: Slowking\n|-status|p1a: Slowking|tox\n|move|p1a: Slowking|Future Sight|p2a: Clodsire\n|-start|p1a: Slowking|move: Future Sight\n|\n|-damage|p1a: Slowking|94\/100 tox|[from] psn\n|upkeep\n|turn|2\n|\n|t:|1700023097\n|switch|p1a: Amoonguss|Amoonguss, M|100\/100\n|move|p2a: Clodsire|Stealth Rock|p1a: Amoonguss\n|-sidestart|p1: previouslyunnamed|move: Stealth Rock\n|\n|upkeep\n|turn|3\n|\n|t:|1700023106\n|switch|p2a: Kingambit|Kingambit, F|100\/100\n|move|p1a: Amoonguss|Spore|p2a: Kingambit\n|-status|p2a: Kingambit|slp|[from] move: Spore\n|\n|-end|p2a: Kingambit|move: Future Sight\n|-immune|p2a: Kingambit\n|upkeep\n|turn|4\n|\n|t:|1700023134\n|switch|p1a: Ting-Lu|Ting-Lu|100\/100\n|-ability|p1a: Ting-Lu|Vessel of Ruin\n|cant|p2a: Kingambit|slp\n|\n|upkeep\n|turn|5\n|\n|t:|1700023150\n|cant|p2a: Kingambit|slp\n|move|p1a: Ting-Lu|Stealth Rock|p2a: Kingambit\n|-sidestart|p2: Dregone|move: Stealth Rock\n|\n|upkeep\n|turn|6\n|\n|t:|1700023157\n|-curestatus|p2a: Kingambit|slp|[msg]\n|move|p2a: Kingambit|Swords Dance|p2a: Kingambit\n|-boost|p2a: Kingambit|atk|2\n|move|p1a: Ting-Lu|Earthquake|p2a: Kingambit\n|-supereffective|p2a: Kingambit\n|-damage|p2a: Kingambit|38\/100\n|\n|-heal|p2a: Kingambit|45\/100|[from] item: Leftovers\n|upkeep\n|turn|7\n|\n|t:|1700023165\n|move|p2a: Kingambit|Low Kick|p1a: Ting-Lu\n|-supereffective|p1a: Ting-Lu\n|-damage|p1a: Ting-Lu|0 fnt\n|faint|p1a: Ting-Lu\n|\n|-heal|p2a: Kingambit|51\/100|[from] item: Leftovers\n|upkeep\n|\n|t:|1700023175\n|switch|p1a: Zamazenta|Zamazenta, shiny|100\/100\n|-ability|p1a: Zamazenta|Dauntless Shield|boost\n|-boost|p1a: Zamazenta|def|1\n|turn|8\n|\n|t:|1700023182\n|-end|p2a: Kingambit|fallenundefined|[silent]\n|switch|p2a: Skeledirge|Skeledirge, M|100\/100\n|move|p1a: Zamazenta|Close Combat|p2a: Skeledirge\n|-immune|p2a: Skeledirge\n|\n|upkeep\n|turn|9\n|\n|t:|1700023190\n|switch|p1a: Amoonguss|Amoonguss, M|100\/100\n|move|p2a: Skeledirge|Will-O-Wisp|p1a: Amoonguss\n|-status|p1a: Amoonguss|brn\n|\n|-damage|p1a: Amoonguss|94\/100 brn|[from] brn\n|upkeep\n|turn|10\n|\n|t:|1700023202\n|move|p2a: Skeledirge|Torch Song|p1a: Amoonguss\n|-supereffective|p1a: Amoonguss\n|-damage|p1a: Amoonguss|44\/100 brn\n|-boost|p2a: Skeledirge|spa|1\n|move|p1a: Amoonguss|Spore|p2a: Skeledirge\n|-status|p2a: Skeledirge|slp|[from] move: Spore\n|\n|-damage|p1a: Amoonguss|38\/100 brn|[from] brn\n|upkeep\n|turn|11\n|\n|t:|1700023208\n|switch|p1a: Zapdos|Zapdos|100\/100\n|cant|p2a: Skeledirge|slp\n|\n|upkeep\n|turn|12\n|\n|t:|1700023218\n|switch|p2a: Clodsire|Clodsire, M|100\/100\n|-damage|p2a: Clodsire|94\/100|[from] Stealth Rock\n|move|p1a: Zapdos|Hurricane|p2a: Clodsire\n|-crit|p2a: Clodsire\n|-damage|p2a: Clodsire|47\/100\n|\n|-heal|p2a: Clodsire|53\/100|[from] item: Leftovers\n|upkeep\n|turn|13\n|\n|t:|1700023226\n|switch|p1a: Gholdengo|Gholdengo|100\/100\n|-damage|p1a: Gholdengo|94\/100|[from] Stealth Rock\n|move|p2a: Clodsire|Recover|p2a: Clodsire\n|-heal|p2a: Clodsire|100\/100\n|\n|upkeep\n|turn|14\n|\n|t:|1700023238\n|switch|p2a: Gholdengo|Gholdengo|100\/100\n|-damage|p2a: Gholdengo|94\/100|[from] Stealth Rock\n|move|p1a: Gholdengo|Trick|p2a: Gholdengo\n|-immune|p2a: Gholdengo|[from] ability: Good as Gold\n|\n|upkeep\n|turn|15\n|\n|t:|1700023252\n|switch|p1a: Amoonguss|Amoonguss, M|71\/100 brn\n|move|p2a: Gholdengo|Shadow Ball|p1a: Amoonguss\n|-damage|p1a: Amoonguss|35\/100 brn\n|-unboost|p1a: Amoonguss|spd|1\n|\n|-damage|p1a: Amoonguss|29\/100 brn|[from] brn\n|upkeep\n|turn|16\n|\n|t:|1700023263\n|switch|p1a: Zapdos|Zapdos|100\/100\n|move|p2a: Gholdengo|Shadow Ball|p1a: Zapdos\n|-damage|p1a: Zapdos|55\/100\n|\n|upkeep\n|turn|17\n|\n|t:|1700023270\n|move|p2a: Gholdengo|Shadow Ball|p1a: Zapdos\n|-damage|p1a: Zapdos|9\/100\n|move|p1a: Zapdos|Hurricane|p2a: Gholdengo\n|-resisted|p2a: Gholdengo\n|-damage|p2a: Gholdengo|60\/100\n|\n|upkeep\n|turn|18\n|\n|t:|1700023280\n|switch|p1a: Amoonguss|Amoonguss, M|62\/100 brn\n|move|p2a: Gholdengo|Shadow Ball|p1a: Amoonguss\n|-damage|p1a: Amoonguss|28\/100 brn\n|\n|-damage|p1a: Amoonguss|22\/100 brn|[from] brn\n|upkeep\n|turn|19\n|\n|t:|1700023289\n|move|p2a: Gholdengo|Shadow Ball|p1a: Amoonguss\n|-damage|p1a: Amoonguss|0 fnt\n|faint|p1a: Amoonguss\n|\n|upkeep\n|\n|t:|1700023292\n|switch|p1a: Zamazenta|Zamazenta, shiny|100\/100\n|turn|20\n|\n|t:|1700023299\n|switch|p2a: Skeledirge|Skeledirge, M|100\/100 slp\n|move|p1a: Zamazenta|Crunch|p2a: Skeledirge\n|-supereffective|p2a: Skeledirge\n|-damage|p2a: Skeledirge|67\/100 slp\n|-unboost|p2a: Skeledirge|def|1\n|\n|upkeep\n|turn|21\n|\n|t:|1700023312\n|move|p1a: Zamazenta|Crunch|p2a: Skeledirge\n|-supereffective|p2a: Skeledirge\n|-damage|p2a: Skeledirge|23\/100 slp\n|cant|p2a: Skeledirge|slp\n|\n|upkeep\n|turn|22\n|\n|t:|1700023320\n|move|p1a: Zamazenta|Crunch|p2a: Skeledirge\n|-supereffective|p2a: Skeledirge\n|-damage|p2a: Skeledirge|0 fnt\n|faint|p2a: Skeledirge\n|\n|upkeep\n|inactive|Dregone has 120 seconds left.\n|\n|t:|1700023353\n|switch|p2a: Dragonite|Dragonite, M|100\/100\n|turn|23\n|\n|t:|1700023362\n|switch|p1a: Slowking|Slowking, F|100\/100 tox\n|move|p2a: Dragonite|Dragon Dance|p2a: Dragonite\n|-boost|p2a: Dragonite|atk|1\n|-boost|p2a: Dragonite|spe|1\n|\n|-damage|p1a: Slowking|94\/100 tox|[from] psn\n|upkeep\n|turn|24\n|inactive|Dregone has 120 seconds left.\n|\n|t:|1700023383\n|move|p2a: Dragonite|Outrage|p1a: Slowking\n|-damage|p1a: Slowking|0 fnt\n|faint|p1a: Slowking\n|\n|upkeep\n|c|\u2606previouslyunnamed|this hurts my brain loll\n|\n|t:|1700023389\n|switch|p1a: Gholdengo|Gholdengo|94\/100\n|-damage|p1a: Gholdengo|88\/100|[from] Stealth Rock\n|turn|25\n|\n|t:|1700023394\n|move|p2a: Dragonite|Outrage|p1a: Gholdengo|[from]lockedmove\n|-resisted|p1a: Gholdengo\n|-damage|p1a: Gholdengo|31\/100\n|move|p1a: Gholdengo|Make It Rain|p2a: Dragonite\n|-damage|p2a: Dragonite|53\/100\n|-unboost|p1a: Gholdengo|spa|1\n|\n|upkeep\n|turn|26\n|-message|previouslyunnamed forfeited.\n|\n|win|Dregone\n|n|\u2606previouslyunnamed|previouslyunnamed\n|n|\u2606Dregone|dregone\n|n|*Lady Monita \u2746|ladymonita\n|l|*Lady Monita \u2746\n|l|\u2606previouslyunnamed\n|c|\u2606Dregone|ez\n","uploadtime":1700023407,"views":9,"p1id":"previouslyunnamed","p2id":"dregone","formatid":"gen9ou","rating":0,"private":0,"password":""}