{"id":"gen9ou-1989748689","p1":"Skaraptor2.1","p2":"Reymmo5","format":"[Gen 9] OU","log":"|j|\u2606Skaraptor2.1\n|j|\u2606Reymmo5\n|t:|1699892428\n|gametype|singles\n|player|p1|Skaraptor2.1|emma|1233\n|player|p2|Reymmo5|266|1214\n|teamsize|p1|6\n|teamsize|p2|6\n|gen|9\n|tier|[Gen 9] OU\n|rated|\n|rule|Sleep Clause Mod: Limit one foe put to sleep\n|rule|Species Clause: Limit one of each Pok\u00e9mon\n|rule|OHKO Clause: OHKO moves are banned\n|rule|Evasion Items Clause: Evasion items are banned\n|rule|Evasion Moves Clause: Evasion moves are banned\n|rule|Endless Battle Clause: Forcing endless battles is banned\n|rule|HP Percentage Mod: HP is shown in percentages\n|clearpoke\n|poke|p1|Ribombee, M|\n|poke|p1|Ogerpon-Wellspring, F|\n|poke|p1|Iron Moth|\n|poke|p1|Zamazenta-*|\n|poke|p1|Iron Valiant|\n|poke|p1|Kingambit, F|\n|poke|p2|Kleavor, M|\n|poke|p2|Samurott-Hisui, F|\n|poke|p2|Glimmora, M|\n|poke|p2|Gholdengo|\n|poke|p2|Kilowattrel, F|\n|poke|p2|Cinderace, F|\n|teampreview\n|inactive|Battle timer is ON: inactive players will automatically lose when time's up. (requested by Skaraptor2.1)\n|inactive|Skaraptor2.1 has 120 seconds left.\n|\n|t:|1699892459\n|start\n|switch|p1a: Twink|Ribombee, M|100\/100\n|switch|p2a: Kleavor|Kleavor, M|100\/100\n|turn|1\n|\n|t:|1699892466\n|move|p2a: Kleavor|Stone Axe|p1a: Twink\n|-supereffective|p1a: Twink\n|-enditem|p1a: Twink|Focus Sash\n|-damage|p1a: Twink|1\/100\n|-sidestart|p1: Skaraptor2.1|move: Stealth Rock\n|move|p1a: Twink|Sticky Web|p2a: Kleavor\n|-sidestart|p2: Reymmo5|move: Sticky Web\n|\n|upkeep\n|turn|2\n|\n|t:|1699892474\n|move|p2a: Kleavor|Stone Axe|p1a: Twink|[miss]\n|-miss|p2a: Kleavor|p1a: Twink\n|move|p1a: Twink|Stun Spore|p2a: Kleavor\n|-status|p2a: Kleavor|par\n|\n|upkeep\n|turn|3\n|\n|t:|1699892482\n|move|p1a: Twink|Moonblast|p2a: Kleavor\n|-damage|p2a: Kleavor|47\/100 par\n|move|p2a: Kleavor|Stone Axe|p1a: Twink\n|-supereffective|p1a: Twink\n|-damage|p1a: Twink|0 fnt\n|faint|p1a: Twink\n|\n|upkeep\n|\n|t:|1699892488\n|switch|p1a: Transfem|Ogerpon-Wellspring, F|100\/100\n|-damage|p1a: Transfem|88\/100|[from] Stealth Rock\n|turn|4\n|\n|t:|1699892494\n|move|p1a: Transfem|Swords Dance|p1a: Transfem\n|-boost|p1a: Transfem|atk|2\n|cant|p2a: Kleavor|par\n|\n|upkeep\n|turn|5\n|\n|t:|1699892500\n|move|p1a: Transfem|Horn Leech|p2a: Kleavor\n|-damage|p2a: Kleavor|0 fnt\n|-heal|p1a: Transfem|100\/100|[from] drain|[of] p2a: Kleavor\n|faint|p2a: Kleavor\n|\n|upkeep\n|\n|t:|1699892508\n|switch|p2a: Kilowattrel|Kilowattrel, F|100\/100\n|turn|6\n|\n|t:|1699892517\n|-terastallize|p1a: Transfem|Water\n|detailschange|p1a: Transfem|Ogerpon-Wellspring-Tera, F, tera:Water\n|-ability|p1a: Transfem|Embody Aspect (Wellspring)|boost\n|-boost|p1a: Transfem|spd|1\n|move|p2a: Kilowattrel|Air Slash|p1a: Transfem\n|-damage|p1a: Transfem|73\/100\n|move|p1a: Transfem|Ivy Cudgel|p2a: Kilowattrel\n|-damage|p2a: Kilowattrel|0 fnt\n|faint|p2a: Kilowattrel\n|\n|upkeep\n|\n|t:|1699892534\n|switch|p2a: Cinderace|Cinderace, F|100\/100\n|turn|7\n|\n|t:|1699892542\n|move|p2a: Cinderace|U-turn|p1a: Transfem\n|-start|p2a: Cinderace|typechange|Bug|[from] ability: Libero\n|-damage|p1a: Transfem|31\/100\n|-message|Reymmo5 forfeited.\n|\n|win|Skaraptor2.1\n|raw|Skaraptor2.1's rating: 1233 &rarr; <strong>1257<\/strong><br \/>(+24 for winning)\n|raw|Reymmo5's rating: 1214 &rarr; <strong>1190<\/strong><br \/>(-24 for losing)\n|l|\u2606Reymmo5\n","uploadtime":1699892549,"views":10,"p1id":"skaraptor21","p2id":"reymmo5","formatid":"gen9ou","rating":1190,"private":0,"password":""}