{"id":"gen9ou-1990149129","p1":"Lobo821","p2":"draco9746","format":"[Gen 9] OU","log":"|j|\u2606Lobo821\n|j|\u2606draco9746\n|t:|1699929936\n|gametype|singles\n|player|p1|Lobo821|dawn|1099\n|player|p2|draco9746|cynthia|1052\n|teamsize|p1|6\n|teamsize|p2|6\n|gen|9\n|tier|[Gen 9] OU\n|rated|\n|rule|Sleep Clause Mod: Limit one foe put to sleep\n|rule|Species Clause: Limit one of each Pok\u00e9mon\n|rule|OHKO Clause: OHKO moves are banned\n|rule|Evasion Items Clause: Evasion items are banned\n|rule|Evasion Moves Clause: Evasion moves are banned\n|rule|Endless Battle Clause: Forcing endless battles is banned\n|rule|HP Percentage Mod: HP is shown in percentages\n|clearpoke\n|poke|p1|Mew|\n|poke|p1|Samurott-Hisui, F|\n|poke|p1|Grafaiai, M|\n|poke|p1|Pelipper, F|\n|poke|p1|Masquerain, M|\n|poke|p1|Garganacl, M|\n|poke|p2|Hatterene, F|\n|poke|p2|Walking Wake|\n|poke|p2|Torkoal, M|\n|poke|p2|Kingambit, M|\n|poke|p2|Landorus-Therian, M|\n|poke|p2|Ogerpon-Wellspring, F|\n|teampreview\n|\n|t:|1699929957\n|start\n|switch|p1a: Masquerain|Masquerain, M, shiny|100\/100\n|switch|p2a: Landorus|Landorus-Therian, M, shiny|100\/100\n|-ability|p2a: Landorus|Intimidate|boost\n|-unboost|p1a: Masquerain|atk|1\n|-ability|p1a: Masquerain|Intimidate|boost\n|-unboost|p2a: Landorus|atk|1\n|turn|1\n|\n|t:|1699929967\n|move|p2a: Landorus|Stone Edge|p1a: Masquerain\n|-supereffective|p1a: Masquerain\n|-enditem|p1a: Masquerain|Focus Sash\n|-damage|p1a: Masquerain|1\/100\n|move|p1a: Masquerain|Ice Beam|p2a: Landorus\n|-supereffective|p2a: Landorus\n|-damage|p2a: Landorus|0 fnt\n|faint|p2a: Landorus\n|\n|upkeep\n|\n|t:|1699929986\n|switch|p2a: Ogerpon|Ogerpon-Wellspring, F|100\/100\n|turn|2\n|\n|t:|1699929995\n|move|p2a: Ogerpon|U-turn|p1a: Masquerain\n|-resisted|p1a: Masquerain\n|-damage|p1a: Masquerain|0 fnt\n|faint|p1a: Masquerain\n|\n|t:|1699930000\n|switch|p2a: Hatterene|Hatterene, F|100\/100|[from] U-turn\n|\n|upkeep\n|\n|t:|1699930035\n|switch|p1a: Garganacl|Garganacl, M, shiny|100\/100\n|turn|3\n|\n|t:|1699930052\n|move|p2a: Hatterene|Calm Mind|p2a: Hatterene\n|-boost|p2a: Hatterene|spa|1\n|-boost|p2a: Hatterene|spd|1\n|move|p1a: Garganacl|Salt Cure|p2a: Hatterene\n|-damage|p2a: Hatterene|89\/100\n|-start|p2a: Hatterene|Salt Cure\n|\n|-heal|p2a: Hatterene|95\/100|[from] item: Leftovers\n|-damage|p2a: Hatterene|83\/100|[from] Salt Cure\n|upkeep\n|turn|4\n|\n|t:|1699930065\n|move|p2a: Hatterene|Draining Kiss|p1a: Garganacl\n|-damage|p1a: Garganacl|76\/100\n|-heal|p2a: Hatterene|100\/100|[from] drain|[of] p1a: Garganacl\n|-damage|p2a: Hatterene|84\/100|[from] item: Rocky Helmet|[of] p1a: Garganacl\n|move|p1a: Garganacl|Iron Defense|p1a: Garganacl\n|-boost|p1a: Garganacl|def|2\n|\n|-heal|p2a: Hatterene|90\/100|[from] item: Leftovers\n|-damage|p2a: Hatterene|78\/100|[from] Salt Cure\n|upkeep\n|turn|5\n|\n|t:|1699930087\n|move|p2a: Hatterene|Draining Kiss|p1a: Garganacl\n|-damage|p1a: Garganacl|53\/100\n|-heal|p2a: Hatterene|99\/100|[from] drain|[of] p1a: Garganacl\n|-damage|p2a: Hatterene|83\/100|[from] item: Rocky Helmet|[of] p1a: Garganacl\n|move|p1a: Garganacl|Iron Defense|p1a: Garganacl\n|-boost|p1a: Garganacl|def|2\n|\n|-heal|p2a: Hatterene|89\/100|[from] item: Leftovers\n|-damage|p2a: Hatterene|77\/100|[from] Salt Cure\n|upkeep\n|turn|6\n|\n|t:|1699930101\n|move|p2a: Hatterene|Draining Kiss|p1a: Garganacl\n|-damage|p1a: Garganacl|33\/100\n|-heal|p2a: Hatterene|96\/100|[from] drain|[of] p1a: Garganacl\n|-damage|p2a: Hatterene|80\/100|[from] item: Rocky Helmet|[of] p1a: Garganacl\n|move|p1a: Garganacl|Recover|p1a: Garganacl\n|-heal|p1a: Garganacl|83\/100\n|\n|-heal|p2a: Hatterene|86\/100|[from] item: Leftovers\n|-damage|p2a: Hatterene|73\/100|[from] Salt Cure\n|upkeep\n|turn|7\n|\n|t:|1699930117\n|move|p2a: Hatterene|Calm Mind|p2a: Hatterene\n|-boost|p2a: Hatterene|spa|1\n|-boost|p2a: Hatterene|spd|1\n|move|p1a: Garganacl|Body Press|p2a: Hatterene\n|-resisted|p2a: Hatterene\n|-damage|p2a: Hatterene|58\/100\n|\n|-heal|p2a: Hatterene|64\/100|[from] item: Leftovers\n|-damage|p2a: Hatterene|52\/100|[from] Salt Cure\n|upkeep\n|turn|8\n|\n|t:|1699930132\n|move|p2a: Hatterene|Calm Mind|p2a: Hatterene\n|-boost|p2a: Hatterene|spa|1\n|-boost|p2a: Hatterene|spd|1\n|move|p1a: Garganacl|Salt Cure|p2a: Hatterene\n|-damage|p2a: Hatterene|39\/100\n|\n|-heal|p2a: Hatterene|45\/100|[from] item: Leftovers\n|-damage|p2a: Hatterene|32\/100|[from] Salt Cure\n|upkeep\n|turn|9\n|\n|t:|1699930159\n|move|p2a: Hatterene|Draining Kiss|p1a: Garganacl\n|-damage|p1a: Garganacl|50\/100\n|-heal|p2a: Hatterene|64\/100|[from] drain|[of] p1a: Garganacl\n|-damage|p2a: Hatterene|47\/100|[from] item: Rocky Helmet|[of] p1a: Garganacl\n|move|p1a: Garganacl|Salt Cure|p2a: Hatterene\n|-damage|p2a: Hatterene|36\/100\n|\n|-heal|p2a: Hatterene|42\/100|[from] item: Leftovers\n|-damage|p2a: Hatterene|30\/100|[from] Salt Cure\n|upkeep\n|turn|10\n|\n|t:|1699930173\n|move|p2a: Hatterene|Draining Kiss|p1a: Garganacl\n|-damage|p1a: Garganacl|14\/100\n|-heal|p2a: Hatterene|63\/100|[from] drain|[of] p1a: Garganacl\n|-damage|p2a: Hatterene|47\/100|[from] item: Rocky Helmet|[of] p1a: Garganacl\n|move|p1a: Garganacl|Recover|p1a: Garganacl\n|-heal|p1a: Garganacl|64\/100\n|\n|-heal|p2a: Hatterene|53\/100|[from] item: Leftovers\n|-damage|p2a: Hatterene|40\/100|[from] Salt Cure\n|upkeep\n|turn|11\n|\n|t:|1699930188\n|move|p2a: Hatterene|Calm Mind|p2a: Hatterene\n|-boost|p2a: Hatterene|spa|1\n|-boost|p2a: Hatterene|spd|1\n|move|p1a: Garganacl|Recover|p1a: Garganacl\n|-heal|p1a: Garganacl|100\/100\n|\n|-heal|p2a: Hatterene|46\/100|[from] item: Leftovers\n|-damage|p2a: Hatterene|34\/100|[from] Salt Cure\n|upkeep\n|turn|12\n|\n|t:|1699930203\n|move|p2a: Hatterene|Draining Kiss|p1a: Garganacl\n|-damage|p1a: Garganacl|54\/100\n|-heal|p2a: Hatterene|78\/100|[from] drain|[of] p1a: Garganacl\n|-damage|p2a: Hatterene|62\/100|[from] item: Rocky Helmet|[of] p1a: Garganacl\n|move|p1a: Garganacl|Body Press|p2a: Hatterene\n|-resisted|p2a: Hatterene\n|-damage|p2a: Hatterene|46\/100\n|\n|-heal|p2a: Hatterene|52\/100|[from] item: Leftovers\n|-damage|p2a: Hatterene|40\/100|[from] Salt Cure\n|upkeep\n|turn|13\n|\n|t:|1699930218\n|move|p2a: Hatterene|Calm Mind|p2a: Hatterene\n|-boost|p2a: Hatterene|spa|1\n|-boost|p2a: Hatterene|spd|1\n|move|p1a: Garganacl|Recover|p1a: Garganacl\n|-heal|p1a: Garganacl|100\/100\n|\n|-heal|p2a: Hatterene|46\/100|[from] item: Leftovers\n|-damage|p2a: Hatterene|34\/100|[from] Salt Cure\n|upkeep\n|turn|14\n|\n|t:|1699930239\n|move|p2a: Hatterene|Draining Kiss|p1a: Garganacl\n|-damage|p1a: Garganacl|53\/100\n|-heal|p2a: Hatterene|79\/100|[from] drain|[of] p1a: Garganacl\n|-damage|p2a: Hatterene|62\/100|[from] item: Rocky Helmet|[of] p1a: Garganacl\n|move|p1a: Garganacl|Body Press|p2a: Hatterene\n|-resisted|p2a: Hatterene\n|-damage|p2a: Hatterene|47\/100\n|\n|-heal|p2a: Hatterene|53\/100|[from] item: Leftovers\n|-damage|p2a: Hatterene|41\/100|[from] Salt Cure\n|upkeep\n|turn|15\n|\n|t:|1699930263\n|move|p2a: Hatterene|Calm Mind|p2a: Hatterene\n|-boost|p2a: Hatterene|spa|1\n|-boost|p2a: Hatterene|spd|1\n|move|p1a: Garganacl|Recover|p1a: Garganacl\n|-heal|p1a: Garganacl|100\/100\n|\n|-heal|p2a: Hatterene|47\/100|[from] item: Leftovers\n|-damage|p2a: Hatterene|34\/100|[from] Salt Cure\n|upkeep\n|turn|16\n|inactive|Battle timer is ON: inactive players will automatically lose when time's up. (requested by draco9746)\n|\n|t:|1699930286\n|move|p2a: Hatterene|Draining Kiss|p1a: Garganacl\n|-damage|p1a: Garganacl|40\/100\n|-heal|p2a: Hatterene|92\/100|[from] drain|[of] p1a: Garganacl\n|-damage|p2a: Hatterene|75\/100|[from] item: Rocky Helmet|[of] p1a: Garganacl\n|move|p1a: Garganacl|Body Press|p2a: Hatterene\n|-resisted|p2a: Hatterene\n|-damage|p2a: Hatterene|62\/100\n|\n|-heal|p2a: Hatterene|67\/100|[from] item: Leftovers\n|-damage|p2a: Hatterene|55\/100|[from] Salt Cure\n|upkeep\n|turn|17\n|\n|t:|1699930299\n|move|p2a: Hatterene|Draining Kiss|p1a: Garganacl\n|-damage|p1a: Garganacl|0 fnt\n|-heal|p2a: Hatterene|93\/100|[from] drain|[of] p1a: Garganacl\n|-damage|p2a: Hatterene|77\/100|[from] item: Rocky Helmet|[of] p1a: Garganacl\n|faint|p1a: Garganacl\n|\n|-heal|p2a: Hatterene|83\/100|[from] item: Leftovers\n|-damage|p2a: Hatterene|70\/100|[from] Salt Cure\n|upkeep\n|\n|t:|1699930319\n|switch|p1a: Grafaiai|Grafaiai, M, shiny|100\/100\n|turn|18\n|\n|t:|1699930346\n|-terastallize|p2a: Hatterene|Water\n|move|p1a: Grafaiai|Knock Off|p2a: Hatterene\n|-damage|p2a: Hatterene|51\/100\n|-enditem|p2a: Hatterene|Leftovers|[from] move: Knock Off|[of] p1a: Grafaiai\n|move|p2a: Hatterene|Psyshock|p1a: Grafaiai\n|-supereffective|p1a: Grafaiai\n|-damage|p1a: Grafaiai|0 fnt\n|faint|p1a: Grafaiai\n|\n|-damage|p2a: Hatterene|26\/100|[from] Salt Cure\n|upkeep\n|-message|Lobo821 forfeited.\n|\n|win|draco9746\n|raw|Lobo821's rating: 1099 &rarr; <strong>1071<\/strong><br \/>(-28 for losing)\n|raw|draco9746's rating: 1052 &rarr; <strong>1089<\/strong><br \/>(+37 for winning)\n|l|\u2606Lobo821\n","uploadtime":1699930364,"views":13,"p1id":"lobo821","p2id":"draco9746","formatid":"gen9ou","rating":1071,"private":0,"password":""}