{"id":"gen9ou-1988608235","p1":"fregene97","p2":"IsaiahZX7","format":"[Gen 9] OU","log":"|j|\u2606fregene97\n|j|\u2606IsaiahZX7\n|t:|1699741451\n|gametype|singles\n|player|p1|fregene97|harlequin|1091\n|player|p2|IsaiahZX7|cynthia|1054\n|teamsize|p1|6\n|teamsize|p2|6\n|gen|9\n|tier|[Gen 9] OU\n|rated|\n|rule|Sleep Clause Mod: Limit one foe put to sleep\n|rule|Species Clause: Limit one of each Pok\u00e9mon\n|rule|OHKO Clause: OHKO moves are banned\n|rule|Evasion Items Clause: Evasion items are banned\n|rule|Evasion Moves Clause: Evasion moves are banned\n|rule|Endless Battle Clause: Forcing endless battles is banned\n|rule|HP Percentage Mod: HP is shown in percentages\n|clearpoke\n|poke|p1|Ribombee, F|\n|poke|p1|Yanmega, F|\n|poke|p1|Ogerpon-Wellspring, F|\n|poke|p1|Kingambit, F|\n|poke|p1|Great Tusk|\n|poke|p1|Gholdengo|\n|poke|p2|Sandy Shocks|\n|poke|p2|Kingambit, M|\n|poke|p2|Torterra, M|\n|poke|p2|Samurott-Hisui, F|\n|poke|p2|Hatterene, F|\n|poke|p2|Great Tusk|\n|teampreview\n|\n|t:|1699741460\n|start\n|switch|p1a: Mr Bombastick|Ribombee, F|100\/100\n|switch|p2a: Torterra|Torterra, M|100\/100\n|turn|1\n|\n|t:|1699741466\n|move|p1a: Mr Bombastick|Stun Spore|p2a: Torterra\n|-immune|p2a: Torterra\n|move|p2a: Torterra|Shell Smash|p2a: Torterra\n|-unboost|p2a: Torterra|def|1\n|-unboost|p2a: Torterra|spd|1\n|-boost|p2a: Torterra|atk|2\n|-boost|p2a: Torterra|spa|2\n|-boost|p2a: Torterra|spe|2\n|\n|upkeep\n|turn|2\n|\n|t:|1699741472\n|move|p2a: Torterra|Rock Blast|p1a: Mr Bombastick\n|-supereffective|p1a: Mr Bombastick\n|-damage|p1a: Mr Bombastick|39\/100\n|-supereffective|p1a: Mr Bombastick\n|-damage|p1a: Mr Bombastick|0 fnt\n|faint|p1a: Mr Bombastick\n|-hitcount|p1: Mr Bombastick|2\n|\n|upkeep\n|\n|t:|1699741476\n|switch|p1a: Kingambit|Kingambit, F|100\/100\n|-activate|p1a: Kingambit|ability: Supreme Overlord\n|-start|p1a: Kingambit|fallen1|[silent]\n|turn|3\n|\n|t:|1699741480\n|move|p2a: Torterra|Headlong Rush|p1a: Kingambit\n|-supereffective|p1a: Kingambit\n|-damage|p1a: Kingambit|0 fnt\n|-unboost|p2a: Torterra|def|1\n|-unboost|p2a: Torterra|spd|1\n|faint|p1a: Kingambit\n|-end|p1a: Kingambit|fallen1|[silent]\n|\n|upkeep\n|\n|t:|1699741485\n|switch|p1a: Gholdengo|Gholdengo|100\/100\n|-item|p1a: Gholdengo|Air Balloon\n|turn|4\n|\n|t:|1699741489\n|switch|p2a: Samurott|Samurott-Hisui, F|100\/100\n|move|p1a: Gholdengo|Nasty Plot|p1a: Gholdengo\n|-boost|p1a: Gholdengo|spa|2\n|\n|upkeep\n|turn|5\n|\n|t:|1699741493\n|move|p2a: Samurott|Ceaseless Edge|p1a: Gholdengo\n|-supereffective|p1a: Gholdengo\n|-damage|p1a: Gholdengo|36\/100\n|-enditem|p1a: Gholdengo|Air Balloon\n|-sidestart|p1: fregene97|Spikes\n|move|p1a: Gholdengo|Make It Rain|p2a: Samurott\n|-resisted|p2a: Samurott\n|-damage|p2a: Samurott|17\/100\n|-unboost|p1a: Gholdengo|spa|1\n|\n|upkeep\n|turn|6\n|\n|t:|1699741500\n|move|p2a: Samurott|Ceaseless Edge|p1a: Gholdengo\n|-supereffective|p1a: Gholdengo\n|-damage|p1a: Gholdengo|0 fnt\n|-sidestart|p1: fregene97|Spikes\n|faint|p1a: Gholdengo\n|\n|upkeep\n|\n|t:|1699741505\n|switch|p1a: Yanmega|Yanmega, F|100\/100\n|turn|7\n|\n|t:|1699741508\n|move|p2a: Samurott|Ceaseless Edge|p1a: Yanmega|[miss]\n|-miss|p2a: Samurott|p1a: Yanmega\n|move|p1a: Yanmega|U-turn|p2a: Samurott\n|-supereffective|p2a: Samurott\n|-damage|p2a: Samurott|0 fnt\n|faint|p2a: Samurott\n|\n|t:|1699741514\n|switch|p1a: Great Tusk|Great Tusk|100\/100|[from] U-turn\n|-damage|p1a: Great Tusk|84\/100|[from] Spikes\n|-enditem|p1a: Great Tusk|Booster Energy\n|-activate|p1a: Great Tusk|ability: Protosynthesis|[fromitem]\n|-start|p1a: Great Tusk|protosynthesisatk\n|\n|upkeep\n|\n|t:|1699741518\n|switch|p2a: Torterra|Torterra, M|100\/100\n|turn|8\n|\n|t:|1699741523\n|-terastallize|p2a: Torterra|Rock\n|move|p1a: Great Tusk|Ice Spinner|p2a: Torterra\n|-damage|p2a: Torterra|64\/100\n|move|p2a: Torterra|Shell Smash|p2a: Torterra\n|-unboost|p2a: Torterra|def|1\n|-unboost|p2a: Torterra|spd|1\n|-boost|p2a: Torterra|atk|2\n|-boost|p2a: Torterra|spa|2\n|-boost|p2a: Torterra|spe|2\n|\n|upkeep\n|turn|9\n|\n|t:|1699741528\n|move|p2a: Torterra|Bullet Seed|p1a: Great Tusk\n|-supereffective|p1a: Great Tusk\n|-damage|p1a: Great Tusk|51\/100\n|-supereffective|p1a: Great Tusk\n|-damage|p1a: Great Tusk|16\/100\n|-supereffective|p1a: Great Tusk\n|-damage|p1a: Great Tusk|0 fnt\n|faint|p1a: Great Tusk\n|-end|p1a: Great Tusk|Protosynthesis|[silent]\n|-hitcount|p1: Great Tusk|3\n|\n|upkeep\n|\n|t:|1699741531\n|switch|p1a: Yanmega|Yanmega, F|100\/100\n|turn|10\n|\n|t:|1699741537\n|move|p2a: Torterra|Rock Blast|p1a: Yanmega\n|-supereffective|p1a: Yanmega\n|-damage|p1a: Yanmega|0 fnt\n|faint|p1a: Yanmega\n|-hitcount|p1: Yanmega|1\n|\n|upkeep\n|\n|t:|1699741539\n|switch|p1a: Ogerpon|Ogerpon-Wellspring, F|100\/100\n|-damage|p1a: Ogerpon|84\/100|[from] Spikes\n|turn|11\n|\n|t:|1699741544\n|move|p2a: Torterra|Bullet Seed|p1a: Ogerpon\n|-damage|p1a: Ogerpon|55\/100\n|-damage|p1a: Ogerpon|26\/100\n|-damage|p1a: Ogerpon|0 fnt\n|faint|p1a: Ogerpon\n|-hitcount|p1: Ogerpon|3\n|\n|win|IsaiahZX7\n|raw|fregene97's rating: 1091 &rarr; <strong>1065<\/strong><br \/>(-26 for losing)\n|raw|IsaiahZX7's rating: 1054 &rarr; <strong>1089<\/strong><br \/>(+35 for winning)\n","uploadtime":1699741551,"views":15,"p1id":"fregene97","p2id":"isaiahzx7","formatid":"gen9ou","rating":1065,"private":0,"password":""}