{"id":"gen9ou-1997983868","p1":"prextet","p2":"withez","format":"[Gen 9] OU","log":"|j|\u2606prextet\n|j|\u2606withez\n|t:|1700875309\n|gametype|singles\n|player|p1|prextet|lady-gen4|1112\n|player|p2|withez|riley|1022\n|teamsize|p1|6\n|teamsize|p2|6\n|gen|9\n|tier|[Gen 9] OU\n|rated|\n|rule|Sleep Clause Mod: Limit one foe put to sleep\n|rule|Species Clause: Limit one of each Pok\u00e9mon\n|rule|OHKO Clause: OHKO moves are banned\n|rule|Evasion Items Clause: Evasion items are banned\n|rule|Evasion Moves Clause: Evasion moves are banned\n|rule|Endless Battle Clause: Forcing endless battles is banned\n|rule|HP Percentage Mod: HP is shown in percentages\n|clearpoke\n|poke|p1|Iron Valiant|\n|poke|p1|Kingambit, F|\n|poke|p1|Ninetales-Alola, M|\n|poke|p1|Ogerpon-Wellspring, F|\n|poke|p1|Glimmora, F|\n|poke|p1|Gholdengo|\n|poke|p2|Masquerain, M|\n|poke|p2|Krookodile, F|\n|poke|p2|Ceruledge, F|\n|poke|p2|Alomomola, M|\n|poke|p2|Ninetales-Alola, M|\n|poke|p2|Rotom-Wash|\n|teampreview\n|\n|t:|1700875315\n|start\n|switch|p1a: Glimmora|Glimmora, F|100\/100\n|switch|p2a: Alomomola|Alomomola, M|100\/100\n|turn|1\n|\n|t:|1700875321\n|move|p1a: Glimmora|Spikes|p2a: Alomomola\n|-sidestart|p2: withez|Spikes\n|move|p2a: Alomomola|Rain Dance|p2a: Alomomola\n|-weather|RainDance\n|\n|-weather|RainDance|[upkeep]\n|upkeep\n|turn|2\n|\n|t:|1700875327\n|move|p1a: Glimmora|Stealth Rock|p2a: Alomomola\n|-sidestart|p2: withez|move: Stealth Rock\n|move|p2a: Alomomola|Rain Dance||[still]\n|-fail|p2a: Alomomola\n|\n|-weather|RainDance|[upkeep]\n|upkeep\n|turn|3\n|\n|t:|1700875335\n|move|p2a: Alomomola|Protect|p2a: Alomomola\n|-singleturn|p2a: Alomomola|Protect\n|move|p1a: Glimmora|Spikes|p2a: Alomomola\n|-sidestart|p2: withez|Spikes\n|\n|-weather|RainDance|[upkeep]\n|upkeep\n|turn|4\n|\n|t:|1700875344\n|move|p1a: Glimmora|Spikes|p2a: Alomomola\n|-sidestart|p2: withez|Spikes\n|move|p2a: Alomomola|Wish|p2a: Alomomola\n|\n|-weather|RainDance|[upkeep]\n|upkeep\n|turn|5\n|\n|t:|1700875350\n|move|p1a: Glimmora|Mortal Spin|p2a: Alomomola\n|-damage|p2a: Alomomola|97\/100\n|-status|p2a: Alomomola|psn\n|-damage|p1a: Glimmora|84\/100|[from] item: Rocky Helmet|[of] p2a: Alomomola\n|move|p2a: Alomomola|Scald|p1a: Glimmora\n|-supereffective|p1a: Glimmora\n|-damage|p1a: Glimmora|39\/100\n|-status|p1a: Glimmora|brn\n|\n|-weather|none\n|-heal|p2a: Alomomola|100\/100 psn|[from] move: Wish|[wisher] Alomomola\n|-damage|p2a: Alomomola|88\/100 psn|[from] psn\n|-damage|p1a: Glimmora|32\/100 brn|[from] brn\n|upkeep\n|turn|6\n|\n|t:|1700875366\n|move|p2a: Alomomola|Protect|p2a: Alomomola\n|-singleturn|p2a: Alomomola|Protect\n|move|p1a: Glimmora|Memento|p2a: Alomomola\n|-activate|p2a: Alomomola|move: Protect\n|\n|-damage|p2a: Alomomola|76\/100 psn|[from] psn\n|-damage|p1a: Glimmora|26\/100 brn|[from] brn\n|upkeep\n|turn|7\n|\n|t:|1700875380\n|move|p1a: Glimmora|Memento|p2a: Alomomola\n|-unboost|p2a: Alomomola|atk|2\n|-unboost|p2a: Alomomola|spa|2\n|faint|p1a: Glimmora\n|move|p2a: Alomomola|Scald|p1: Glimmora|[notarget]\n|-fail|p2a: Alomomola\n|\n|-damage|p2a: Alomomola|63\/100 psn|[from] psn\n|upkeep\n|\n|t:|1700875392\n|switch|p1a: Ogerpon|Ogerpon-Wellspring, F|100\/100\n|turn|8\n|\n|t:|1700875397\n|move|p1a: Ogerpon|Swords Dance|p1a: Ogerpon\n|-boost|p1a: Ogerpon|atk|2\n|move|p2a: Alomomola|Wish|p2a: Alomomola\n|\n|-damage|p2a: Alomomola|51\/100 psn|[from] psn\n|upkeep\n|turn|9\n|\n|t:|1700875405\n|move|p2a: Alomomola|Protect|p2a: Alomomola\n|-singleturn|p2a: Alomomola|Protect\n|move|p1a: Ogerpon|Swords Dance|p1a: Ogerpon\n|-boost|p1a: Ogerpon|atk|2\n|\n|-heal|p2a: Alomomola|100\/100 psn|[from] move: Wish|[wisher] Alomomola\n|-damage|p2a: Alomomola|88\/100 psn|[from] psn\n|upkeep\n|turn|10\n|\n|t:|1700875417\n|move|p1a: Ogerpon|Swords Dance|p1a: Ogerpon\n|-boost|p1a: Ogerpon|atk|2\n|move|p2a: Alomomola|Rain Dance|p2a: Alomomola\n|-weather|RainDance\n|\n|-weather|RainDance|[upkeep]\n|-damage|p2a: Alomomola|76\/100 psn|[from] psn\n|upkeep\n|turn|11\n|\n|t:|1700875428\n|switch|p2a: Masquerain|Masquerain, M|100\/100\n|-damage|p2a: Masquerain|50\/100|[from] Stealth Rock\n|-ability|p2a: Masquerain|Intimidate|boost\n|-unboost|p1a: Ogerpon|atk|1\n|move|p1a: Ogerpon|Horn Leech|p2a: Masquerain\n|-resisted|p2a: Masquerain\n|-damage|p2a: Masquerain|0 fnt\n|faint|p2a: Masquerain\n|\n|-weather|RainDance|[upkeep]\n|upkeep\n|\n|t:|1700875440\n|switch|p2a: Ninetales|Ninetales-Alola, M|100\/100\n|-damage|p2a: Ninetales|76\/100|[from] Spikes\n|-damage|p2a: Ninetales|51\/100|[from] Stealth Rock\n|-weather|Snow|[from] ability: Snow Warning|[of] p2a: Ninetales\n|turn|12\n|\n|t:|1700875448\n|move|p1a: Ogerpon|Ivy Cudgel|p2a: Ninetales|[anim] Ivy Cudgel Water\n|-damage|p2a: Ninetales|0 fnt\n|faint|p2a: Ninetales\n|\n|-weather|Snow|[upkeep]\n|upkeep\n|\n|t:|1700875458\n|switch|p2a: Alomomola|Alomomola, M|100\/100 psn\n|-damage|p2a: Alomomola|76\/100 psn|[from] Spikes\n|-damage|p2a: Alomomola|63\/100 psn|[from] Stealth Rock\n|turn|13\n|\n|t:|1700875470\n|move|p2a: Alomomola|Protect|p2a: Alomomola\n|-singleturn|p2a: Alomomola|Protect\n|move|p1a: Ogerpon|Horn Leech|p2a: Alomomola\n|-activate|p2a: Alomomola|move: Protect\n|\n|-weather|Snow|[upkeep]\n|-damage|p2a: Alomomola|51\/100 psn|[from] psn\n|upkeep\n|turn|14\n|\n|t:|1700875480\n|switch|p2a: Rotom|Rotom-Wash|100\/100\n|-damage|p2a: Rotom|88\/100|[from] Stealth Rock\n|move|p1a: Ogerpon|Horn Leech|p2a: Rotom\n|-supereffective|p2a: Rotom\n|-damage|p2a: Rotom|0 fnt\n|faint|p2a: Rotom\n|\n|-weather|Snow|[upkeep]\n|upkeep\n|\n|t:|1700875494\n|switch|p2a: Ceruledge|Ceruledge, F|100\/100\n|-damage|p2a: Ceruledge|76\/100|[from] Spikes\n|-damage|p2a: Ceruledge|51\/100|[from] Stealth Rock\n|turn|15\n|\n|t:|1700875500\n|move|p1a: Ogerpon|Knock Off|p2a: Ceruledge\n|-supereffective|p2a: Ceruledge\n|-damage|p2a: Ceruledge|0 fnt\n|-enditem|p2a: Ceruledge|Focus Sash|[from] move: Knock Off|[of] p1a: Ogerpon\n|faint|p2a: Ceruledge\n|\n|-weather|Snow|[upkeep]\n|upkeep\n|\n|t:|1700875508\n|switch|p2a: Krookodile|Krookodile, F|100\/100\n|-damage|p2a: Krookodile|76\/100|[from] Spikes\n|-damage|p2a: Krookodile|70\/100|[from] Stealth Rock\n|turn|16\n|\n|t:|1700875516\n|move|p1a: Ogerpon|Horn Leech|p2a: Krookodile\n|-supereffective|p2a: Krookodile\n|-damage|p2a: Krookodile|0 fnt\n|-damage|p1a: Ogerpon|84\/100|[from] item: Rocky Helmet|[of] p2a: Krookodile\n|faint|p2a: Krookodile\n|\n|-weather|none\n|upkeep\n|\n|t:|1700875526\n|switch|p2a: Alomomola|Alomomola, M|84\/100 psn\n|-damage|p2a: Alomomola|59\/100 psn|[from] Spikes\n|-damage|p2a: Alomomola|47\/100 psn|[from] Stealth Rock\n|turn|17\n|\n|t:|1700875534\n|move|p1a: Ogerpon|Horn Leech|p2a: Alomomola\n|-supereffective|p2a: Alomomola\n|-damage|p2a: Alomomola|0 fnt\n|-heal|p1a: Ogerpon|100\/100|[from] drain|[of] p2a: Alomomola\n|-damage|p1a: Ogerpon|84\/100|[from] item: Rocky Helmet|[of] p2a: Alomomola\n|faint|p2a: Alomomola\n|\n|win|prextet\n|raw|prextet's rating: 1112 &rarr; <strong>1131<\/strong><br \/>(+19 for winning)\n|raw|withez's rating: 1022 &rarr; <strong>1012<\/strong><br \/>(-10 for losing)\n","uploadtime":1700875573,"views":1,"p1id":"prextet","p2id":"withez","formatid":"gen9ou","rating":1012,"private":0,"password":""}