{"id":"gen9ou-1999597291","p1":"Steven Stone 007","p2":"RUMYMOME","format":"[Gen 9] OU","log":"|j|\u2606Steven Stone 007\n|j|\u2606RUMYMOME\n|inactive|Battle timer is ON: inactive players will automatically lose when time's up.\n|t:|1701099743\n|gametype|singles\n|player|p1|Steven Stone 007|steven|\n|player|p2|RUMYMOME|marshal|\n|teamsize|p1|6\n|teamsize|p2|6\n|gen|9\n|tier|[Gen 9] OU\n|rated|Tournament battle\n|rule|Sleep Clause Mod: Limit one foe put to sleep\n|rule|Species Clause: Limit one of each Pok\u00e9mon\n|rule|OHKO Clause: OHKO moves are banned\n|rule|Evasion Items Clause: Evasion items are banned\n|rule|Evasion Moves Clause: Evasion moves are banned\n|rule|Endless Battle Clause: Forcing endless battles is banned\n|rule|HP Percentage Mod: HP is shown in percentages\n|clearpoke\n|poke|p1|Torkoal, F|\n|poke|p1|Walking Wake|\n|poke|p1|Great Tusk|\n|poke|p1|Grimmsnarl, M|\n|poke|p1|Dragapult, F|\n|poke|p1|Rotom-Wash|\n|poke|p2|Torterra, M|\n|poke|p2|Walking Wake|\n|poke|p2|Torkoal, F|\n|poke|p2|Dragonite, M|\n|poke|p2|Hoopa-Unbound|\n|poke|p2|Glimmora, F|\n|teampreview|3\n|j|*Lady Monita \u2746\n|inactive|Steven Stone 007 has 120 seconds left.\n|inactive|Steven Stone 007 has 90 seconds left.\n|\n|t:|1701099813\n|start\n|switch|p1a: Grimmsnarl|Grimmsnarl, M, shiny|100\/100\n|switch|p2a: Torterra|Torterra, M|100\/100\n|turn|1\n|\n|t:|1701099818\n|move|p1a: Grimmsnarl|Reflect|p1a: Grimmsnarl\n|-sidestart|p1: Steven Stone 007|Reflect\n|move|p2a: Torterra|Shell Smash|p2a: Torterra\n|-unboost|p2a: Torterra|def|1\n|-unboost|p2a: Torterra|spd|1\n|-boost|p2a: Torterra|atk|2\n|-boost|p2a: Torterra|spa|2\n|-boost|p2a: Torterra|spe|2\n|\n|upkeep\n|turn|2\n|\n|t:|1701099823\n|move|p1a: Grimmsnarl|Parting Shot|p2a: Torterra\n|-unboost|p2a: Torterra|atk|1\n|-unboost|p2a: Torterra|spa|1\n|\n|t:|1701099826\n|switch|p1a: Great Tusk|Great Tusk, shiny|100\/100|[from] Parting Shot\n|move|p2a: Torterra|Bullet Seed|p1a: Great Tusk\n|-supereffective|p1a: Great Tusk\n|-damage|p1a: Great Tusk|89\/100\n|-supereffective|p1a: Great Tusk\n|-damage|p1a: Great Tusk|77\/100\n|-supereffective|p1a: Great Tusk\n|-damage|p1a: Great Tusk|65\/100\n|-supereffective|p1a: Great Tusk\n|-damage|p1a: Great Tusk|52\/100\n|-hitcount|p1a: Great Tusk|4\n|\n|upkeep\n|turn|3\n|\n|t:|1701099836\n|-terastallize|p1a: Great Tusk|Ice\n|move|p2a: Torterra|Bullet Seed|p1a: Great Tusk\n|-damage|p1a: Great Tusk|46\/100\n|-damage|p1a: Great Tusk|40\/100\n|-damage|p1a: Great Tusk|34\/100\n|-damage|p1a: Great Tusk|27\/100\n|-crit|p1a: Great Tusk\n|-damage|p1a: Great Tusk|10\/100\n|-hitcount|p1a: Great Tusk|5\n|move|p1a: Great Tusk|Ice Spinner|p2a: Torterra\n|-supereffective|p2a: Torterra\n|-damage|p2a: Torterra|0 fnt\n|faint|p2a: Torterra\n|-damage|p1a: Great Tusk|0 fnt|[from] item: Life Orb\n|faint|p1a: Great Tusk\n|-end|p1a: Great Tusk|Protosynthesis|[silent]\n|\n|upkeep\n|\n|t:|1701099858\n|switch|p1a: Grimmsnarl|Grimmsnarl, M, shiny|100\/100\n|switch|p2a: Dragonite|Dragonite, M|100\/100\n|turn|4\n|j| zayancoolguy\n|\n|t:|1701099863\n|move|p1a: Grimmsnarl|Thunder Wave|p2a: Dragonite\n|-status|p2a: Dragonite|par\n|move|p2a: Dragonite|Dragon Dance|p2a: Dragonite\n|-boost|p2a: Dragonite|atk|1\n|-boost|p2a: Dragonite|spe|1\n|\n|upkeep\n|turn|5\n|\n|t:|1701099867\n|move|p1a: Grimmsnarl|Parting Shot|p2a: Dragonite\n|-unboost|p2a: Dragonite|atk|1\n|-unboost|p2a: Dragonite|spa|1\n|\n|t:|1701099869\n|switch|p1a: Walking Wake|Walking Wake|100\/100|[from] Parting Shot\n|move|p2a: Dragonite|Dragon Dance|p2a: Dragonite\n|-boost|p2a: Dragonite|atk|1\n|-boost|p2a: Dragonite|spe|1\n|\n|upkeep\n|turn|6\n|j| Bhaviswar 2\n|\n|t:|1701099885\n|move|p1a: Walking Wake|Substitute|p1a: Walking Wake\n|-start|p1a: Walking Wake|Substitute\n|-damage|p1a: Walking Wake|76\/100\n|move|p2a: Dragonite|Dragon Dance|p2a: Dragonite\n|-boost|p2a: Dragonite|atk|1\n|-boost|p2a: Dragonite|spe|1\n|\n|upkeep\n|turn|7\n|\n|t:|1701099892\n|-terastallize|p2a: Dragonite|Normal\n|move|p2a: Dragonite|Extreme Speed|p1a: Walking Wake\n|-end|p1a: Walking Wake|Substitute\n|move|p1a: Walking Wake|Dragon Pulse|p2a: Dragonite\n|-damage|p2a: Dragonite|69\/100 par\n|-damage|p1a: Walking Wake|66\/100|[from] item: Life Orb\n|\n|upkeep\n|turn|8\n|\n|t:|1701099899\n|cant|p2a: Dragonite|par\n|move|p1a: Walking Wake|Substitute|p1a: Walking Wake\n|-start|p1a: Walking Wake|Substitute\n|-damage|p1a: Walking Wake|41\/100\n|\n|-sideend|p1: Steven Stone 007|Reflect\n|upkeep\n|turn|9\n|\n|t:|1701099903\n|cant|p2a: Dragonite|par\n|move|p1a: Walking Wake|Hydro Steam|p2a: Dragonite\n|-damage|p2a: Dragonite|10\/100 par\n|-damage|p1a: Walking Wake|31\/100|[from] item: Life Orb\n|\n|upkeep\n|turn|10\n|\n|t:|1701099905\n|move|p2a: Dragonite|Extreme Speed|p1a: Walking Wake\n|-end|p1a: Walking Wake|Substitute\n|move|p1a: Walking Wake|Dragon Pulse|p2a: Dragonite\n|-damage|p2a: Dragonite|0 fnt\n|faint|p2a: Dragonite\n|-damage|p1a: Walking Wake|22\/100|[from] item: Life Orb\n|\n|upkeep\n|\n|t:|1701099907\n|switch|p2a: Walking Wake|Walking Wake|100\/100\n|turn|11\n|c|\u2606Steven Stone 007|lol\n|\n|t:|1701099910\n|-end|p1a: Walking Wake|Protosynthesis|[silent]\n|switch|p1a: Grimmsnarl|Grimmsnarl, M, shiny|100\/100\n|move|p2a: Walking Wake|Dragon Pulse|p1a: Grimmsnarl\n|-immune|p1a: Grimmsnarl\n|\n|upkeep\n|turn|12\n|\n|t:|1701099914\n|move|p1a: Grimmsnarl|Thunder Wave|p2a: Walking Wake\n|-status|p2a: Walking Wake|par\n|cant|p2a: Walking Wake|par\n|\n|upkeep\n|turn|13\n|\n|t:|1701099920\n|move|p1a: Grimmsnarl|Light Screen|p1a: Grimmsnarl\n|-sidestart|p1: Steven Stone 007|move: Light Screen\n|move|p2a: Walking Wake|Substitute|p2a: Walking Wake\n|-start|p2a: Walking Wake|Substitute\n|-damage|p2a: Walking Wake|76\/100 par\n|\n|upkeep\n|turn|14\n|\n|t:|1701099924\n|move|p1a: Grimmsnarl|Parting Shot|p2a: Walking Wake\n|-unboost|p2a: Walking Wake|atk|1\n|-unboost|p2a: Walking Wake|spa|1\n|\n|t:|1701099926\n|switch|p1a: Walking Wake|Walking Wake|22\/100|[from] Parting Shot\n|move|p2a: Walking Wake|Hydro Steam|p1a: Walking Wake\n|-resisted|p1a: Walking Wake\n|-damage|p1a: Walking Wake|16\/100\n|-damage|p2a: Walking Wake|66\/100 par|[from] item: Life Orb\n|\n|upkeep\n|turn|15\n|\n|t:|1701099932\n|move|p1a: Walking Wake|Dragon Pulse|p2a: Walking Wake\n|-supereffective|p2a: Walking Wake\n|-end|p2a: Walking Wake|Substitute\n|-damage|p1a: Walking Wake|6\/100|[from] item: Life Orb\n|cant|p2a: Walking Wake|par\n|\n|upkeep\n|turn|16\n|c|\u2606Steven Stone 007|GG\n|\n|t:|1701099939\n|move|p1a: Walking Wake|Dragon Pulse|p2a: Walking Wake\n|-supereffective|p2a: Walking Wake\n|-damage|p2a: Walking Wake|0 fnt\n|faint|p2a: Walking Wake\n|-end|p2a: Walking Wake|Protosynthesis|[silent]\n|-damage|p1a: Walking Wake|0 fnt|[from] item: Life Orb\n|faint|p1a: Walking Wake\n|-end|p1a: Walking Wake|Protosynthesis|[silent]\n|\n|win|Steven Stone 007\n|n|\u2606Steven Stone 007|stevenstone007\n|n|\u2606RUMYMOME|rumymome\n|n|*Lady Monita \u2746|ladymonita\n|n| zayancoolguy|zayancoolguy\n|n| Bhaviswar 2|bhaviswar2\n","uploadtime":1701099940,"views":2,"p1id":"stevenstone007","p2id":"rumymome","formatid":"gen9ou","rating":0,"private":0,"password":""}