{"id":"gen9ou-1995928014","p1":"Username momento","p2":"Froste17","format":"[Gen 9] OU","log":"|j|\u2606Username momento\n|j|\u2606Froste17\n|t:|1700618404\n|gametype|singles\n|player|p1|Username momento|ninjaboy|1570\n|player|p2|Froste17|shadowtriad|1684\n|teamsize|p1|6\n|teamsize|p2|6\n|gen|9\n|tier|[Gen 9] OU\n|rated|\n|rule|Sleep Clause Mod: Limit one foe put to sleep\n|rule|Species Clause: Limit one of each Pok\u00e9mon\n|rule|OHKO Clause: OHKO moves are banned\n|rule|Evasion Items Clause: Evasion items are banned\n|rule|Evasion Moves Clause: Evasion moves are banned\n|rule|Endless Battle Clause: Forcing endless battles is banned\n|rule|HP Percentage Mod: HP is shown in percentages\n|clearpoke\n|poke|p1|Meowscarada, M|\n|poke|p1|Kingambit, M|\n|poke|p1|Zapdos|\n|poke|p1|Zamazenta-*|\n|poke|p1|Great Tusk|\n|poke|p1|Iron Moth|\n|poke|p2|Rillaboom, M|\n|poke|p2|Dragapult, M|\n|poke|p2|Clefable, F|\n|poke|p2|Great Tusk|\n|poke|p2|Heatran, M|\n|poke|p2|Dondozo, M|\n|teampreview\n|\n|t:|1700618411\n|start\n|switch|p1a: Meowscarada|Meowscarada, M|100\/100\n|switch|p2a: Clefable|Clefable, F|100\/100\n|turn|1\n|inactive|Battle timer is ON: inactive players will automatically lose when time's up. (requested by Froste17)\n|\n|t:|1700618420\n|move|p1a: Meowscarada|U-turn|p2a: Clefable\n|-start|p1a: Meowscarada|typechange|Bug|[from] ability: Protean\n|-resisted|p2a: Clefable\n|-damage|p2a: Clefable|81\/100\n|-damage|p1a: Meowscarada|84\/100|[from] item: Rocky Helmet|[of] p2a: Clefable\n|\n|t:|1700618423\n|switch|p1a: Kingambit|Kingambit, M|100\/100|[from] U-turn\n|move|p2a: Clefable|Knock Off|p1a: Kingambit\n|-resisted|p1a: Kingambit\n|-damage|p1a: Kingambit|95\/100\n|-enditem|p1a: Kingambit|Leftovers|[from] move: Knock Off|[of] p2a: Clefable\n|\n|upkeep\n|turn|2\n|\n|t:|1700618429\n|switch|p2a: Dondozo|Dondozo, M|100\/100\n|move|p1a: Kingambit|Iron Head|p2a: Dondozo\n|-resisted|p2a: Dondozo\n|-damage|p2a: Dondozo|90\/100\n|\n|-heal|p2a: Dondozo|96\/100|[from] item: Leftovers\n|upkeep\n|turn|3\n|\n|t:|1700618431\n|-end|p1a: Kingambit|fallenundefined|[silent]\n|switch|p1a: Zapdos|Zapdos|100\/100\n|move|p2a: Dondozo|Yawn|p1a: Zapdos\n|-start|p1a: Zapdos|move: Yawn|[of] p2a: Dondozo\n|\n|-heal|p2a: Dondozo|100\/100|[from] item: Leftovers\n|upkeep\n|turn|4\n|\n|t:|1700618436\n|switch|p2a: Heatran|Heatran, M|100\/100\n|move|p1a: Zapdos|Volt Switch|p2a: Heatran\n|-damage|p2a: Heatran|83\/100\n|\n|t:|1700618443\n|switch|p1a: Zamazenta|Zamazenta|100\/100|[from] Volt Switch\n|-ability|p1a: Zamazenta|Dauntless Shield|boost\n|-boost|p1a: Zamazenta|def|1\n|\n|upkeep\n|turn|5\n|\n|t:|1700618446\n|move|p1a: Zamazenta|Crunch|p2a: Heatran\n|-damage|p2a: Heatran|66\/100\n|move|p2a: Heatran|Magma Storm|p1a: Zamazenta\n|-damage|p1a: Zamazenta|49\/100\n|-activate|p1a: Zamazenta|move: Magma Storm|[of] p2a: Heatran\n|\n|-heal|p1a: Zamazenta|55\/100|[from] item: Leftovers\n|-damage|p1a: Zamazenta|43\/100|[from] move: Magma Storm|[partiallytrapped]\n|upkeep\n|turn|6\n|\n|t:|1700618451\n|switch|p2a: Clefable|Clefable, F|81\/100\n|move|p1a: Zamazenta|Body Press|p2a: Clefable\n|-resisted|p2a: Clefable\n|-damage|p2a: Clefable|67\/100\n|-damage|p1a: Zamazenta|26\/100|[from] item: Rocky Helmet|[of] p2a: Clefable\n|\n|-heal|p1a: Zamazenta|32\/100|[from] item: Leftovers\n|-end|p1a: Zamazenta|Magma Storm|[partiallytrapped]|[silent]\n|upkeep\n|turn|7\n|\n|t:|1700618457\n|switch|p2a: Dondozo|Dondozo, M|100\/100\n|move|p1a: Zamazenta|Heavy Slam|p2a: Dondozo\n|-resisted|p2a: Dondozo\n|-damage|p2a: Dondozo|98\/100\n|\n|-heal|p1a: Zamazenta|39\/100|[from] item: Leftovers\n|-heal|p2a: Dondozo|100\/100|[from] item: Leftovers\n|upkeep\n|turn|8\n|\n|t:|1700618463\n|switch|p1a: Meowscarada|Meowscarada, M|84\/100\n|move|p2a: Dondozo|Liquidation|p1a: Meowscarada\n|-resisted|p1a: Meowscarada\n|-damage|p1a: Meowscarada|56\/100\n|\n|upkeep\n|turn|9\n|\n|t:|1700618467\n|switch|p2a: Clefable|Clefable, F|67\/100\n|move|p1a: Meowscarada|U-turn|p2a: Clefable\n|-start|p1a: Meowscarada|typechange|Bug|[from] ability: Protean\n|-resisted|p2a: Clefable\n|-damage|p2a: Clefable|49\/100\n|-damage|p1a: Meowscarada|40\/100|[from] item: Rocky Helmet|[of] p2a: Clefable\n|\n|t:|1700618473\n|switch|p1a: Iron Moth|Iron Moth|100\/100|[from] U-turn\n|-enditem|p1a: Iron Moth|Booster Energy\n|-activate|p1a: Iron Moth|ability: Quark Drive|[fromitem]\n|-start|p1a: Iron Moth|quarkdrivespe\n|\n|upkeep\n|turn|10\n|\n|t:|1700618478\n|switch|p2a: Heatran|Heatran, M|66\/100\n|move|p1a: Iron Moth|Sludge Wave|p2a: Heatran\n|-immune|p2a: Heatran\n|\n|upkeep\n|turn|11\n|\n|t:|1700618480\n|switch|p2a: Clefable|Clefable, F|49\/100\n|-terastallize|p1a: Iron Moth|Ground\n|move|p1a: Iron Moth|Tera Blast|p2a: Clefable|[anim] Tera Blast Ground\n|-damage|p2a: Clefable|13\/100\n|\n|upkeep\n|turn|12\n|\n|t:|1700618483\n|move|p1a: Iron Moth|Fiery Dance|p2a: Clefable\n|-damage|p2a: Clefable|0 fnt\n|faint|p2a: Clefable\n|\n|upkeep\n|\n|t:|1700618486\n|switch|p2a: Rillaboom|Rillaboom, M|100\/100\n|-fieldstart|move: Grassy Terrain|[from] ability: Grassy Surge|[of] p2a: Rillaboom\n|turn|13\n|\n|t:|1700618491\n|-end|p1a: Iron Moth|Quark Drive|[silent]\n|switch|p1a: Zapdos|Zapdos|100\/100\n|move|p2a: Rillaboom|U-turn|p1a: Zapdos\n|-resisted|p1a: Zapdos\n|-damage|p1a: Zapdos|87\/100\n|\n|t:|1700618497\n|switch|p2a: Dragapult|Dragapult, M|100\/100|[from] U-turn\n|\n|-heal|p1a: Zapdos|93\/100|[from] item: Leftovers\n|upkeep\n|turn|14\n|\n|t:|1700618508\n|switch|p1a: Kingambit|Kingambit, M|95\/100\n|move|p2a: Dragapult|Draco Meteor|p1a: Kingambit|[miss]\n|-miss|p2a: Dragapult|p1a: Kingambit\n|\n|-heal|p1a: Kingambit|100\/100|[from] Grassy Terrain\n|upkeep\n|turn|15\n|\n|t:|1700618512\n|switch|p2a: Dondozo|Dondozo, M|100\/100\n|move|p1a: Kingambit|Kowtow Cleave|p2a: Dondozo\n|-damage|p2a: Dondozo|74\/100\n|\n|-heal|p2a: Dondozo|80\/100|[from] Grassy Terrain\n|-heal|p2a: Dondozo|87\/100|[from] item: Leftovers\n|upkeep\n|turn|16\n|\n|t:|1700618517\n|switch|p2a: Dragapult|Dragapult, M|100\/100\n|move|p1a: Kingambit|Kowtow Cleave|p2a: Dragapult\n|-supereffective|p2a: Dragapult\n|-damage|p2a: Dragapult|0 fnt\n|faint|p2a: Dragapult\n|\n|upkeep\n|\n|t:|1700618521\n|switch|p2a: Heatran|Heatran, M|66\/100\n|turn|17\n|\n|t:|1700618530\n|-end|p1a: Kingambit|fallenundefined|[silent]\n|switch|p1a: Zapdos|Zapdos|93\/100\n|move|p2a: Heatran|Magma Storm|p1a: Zapdos\n|-damage|p1a: Zapdos|40\/100\n|-activate|p1a: Zapdos|move: Magma Storm|[of] p2a: Heatran\n|\n|-heal|p1a: Zapdos|46\/100|[from] item: Leftovers\n|-heal|p2a: Heatran|72\/100|[from] Grassy Terrain\n|-damage|p1a: Zapdos|34\/100|[from] move: Magma Storm|[partiallytrapped]\n|-fieldend|move: Grassy Terrain\n|upkeep\n|turn|18\n|\n|t:|1700618535\n|move|p1a: Zapdos|Discharge|p2a: Heatran\n|-damage|p2a: Heatran|54\/100\n|move|p2a: Heatran|Magma Storm|p1a: Zapdos\n|-damage|p1a: Zapdos|0 fnt\n|faint|p1a: Zapdos\n|\n|upkeep\n|\n|t:|1700618539\n|switch|p1a: Iron Moth|Iron Moth, tera:Ground|100\/100\n|turn|19\n|\n|t:|1700618545\n|-terastallize|p2a: Heatran|Grass\n|move|p1a: Iron Moth|Fiery Dance|p2a: Heatran\n|-start|p2a: Heatran|ability: Flash Fire\n|move|p2a: Heatran|Tera Blast|p1a: Iron Moth|[anim] Tera Blast Grass\n|-supereffective|p1a: Iron Moth\n|-damage|p1a: Iron Moth|11\/100\n|\n|upkeep\n|turn|20\n|\n|t:|1700618549\n|move|p1a: Iron Moth|Sludge Wave|p2a: Heatran\n|-supereffective|p2a: Heatran\n|-damage|p2a: Heatran|3\/100\n|-status|p2a: Heatran|psn\n|move|p2a: Heatran|Tera Blast|p1a: Iron Moth|[anim] Tera Blast Grass\n|-supereffective|p1a: Iron Moth\n|-damage|p1a: Iron Moth|0 fnt\n|faint|p1a: Iron Moth\n|-end|p1a: Iron Moth|Quark Drive|[silent]\n|\n|-damage|p2a: Heatran|0 fnt|[from] psn\n|faint|p2a: Heatran\n|upkeep\n|\n|t:|1700618562\n|switch|p1a: Meowscarada|Meowscarada, M|40\/100\n|switch|p2a: Great Tusk|Great Tusk|100\/100\n|turn|21\n|\n|t:|1700618569\n|move|p1a: Meowscarada|Flower Trick|p2a: Great Tusk\n|-start|p1a: Meowscarada|typechange|Grass|[from] ability: Protean\n|-supereffective|p2a: Great Tusk\n|-crit|p2a: Great Tusk\n|-damage|p2a: Great Tusk|0 fnt\n|faint|p2a: Great Tusk\n|-end|p2a: Great Tusk|Protosynthesis|[silent]\n|\n|upkeep\n|\n|t:|1700618572\n|switch|p2a: Rillaboom|Rillaboom, M|100\/100\n|-fieldstart|move: Grassy Terrain|[from] ability: Grassy Surge|[of] p2a: Rillaboom\n|turn|22\n|\n|t:|1700618579\n|switch|p1a: Kingambit|Kingambit, M|100\/100\n|-activate|p1a: Kingambit|ability: Supreme Overlord\n|-start|p1a: Kingambit|fallen2|[silent]\n|move|p2a: Rillaboom|Drain Punch|p1a: Kingambit\n|-supereffective|p1a: Kingambit\n|-damage|p1a: Kingambit|0 fnt\n|faint|p1a: Kingambit\n|-end|p1a: Kingambit|fallen2|[silent]\n|\n|upkeep\n|\n|t:|1700618586\n|switch|p1a: Great Tusk|Great Tusk|100\/100\n|-enditem|p1a: Great Tusk|Booster Energy\n|-activate|p1a: Great Tusk|ability: Protosynthesis|[fromitem]\n|-start|p1a: Great Tusk|protosynthesisatk\n|turn|23\n|\n|t:|1700618588\n|switch|p2a: Dondozo|Dondozo, M|87\/100\n|move|p1a: Great Tusk|Knock Off|p2a: Dondozo\n|-damage|p2a: Dondozo|67\/100\n|-enditem|p2a: Dondozo|Leftovers|[from] move: Knock Off|[of] p1a: Great Tusk\n|\n|-heal|p2a: Dondozo|73\/100|[from] Grassy Terrain\n|upkeep\n|turn|24\n|\n|t:|1700618595\n|-end|p1a: Great Tusk|Protosynthesis|[silent]\n|switch|p1a: Zamazenta|Zamazenta|39\/100\n|move|p2a: Dondozo|Yawn|p1a: Zamazenta\n|-start|p1a: Zamazenta|move: Yawn|[of] p2a: Dondozo\n|\n|-heal|p1a: Zamazenta|45\/100|[from] Grassy Terrain\n|-heal|p1a: Zamazenta|51\/100|[from] item: Leftovers\n|-heal|p2a: Dondozo|79\/100|[from] Grassy Terrain\n|upkeep\n|turn|25\n|\n|t:|1700618599\n|move|p1a: Zamazenta|Body Press|p2a: Dondozo\n|-damage|p2a: Dondozo|61\/100\n|move|p2a: Dondozo|Liquidation|p1a: Zamazenta\n|-damage|p1a: Zamazenta|24\/100\n|\n|-heal|p1a: Zamazenta|30\/100|[from] Grassy Terrain\n|-heal|p1a: Zamazenta|36\/100|[from] item: Leftovers\n|-heal|p2a: Dondozo|67\/100|[from] Grassy Terrain\n|-end|p1a: Zamazenta|move: Yawn|[silent]\n|-status|p1a: Zamazenta|slp\n|upkeep\n|turn|26\n|\n|t:|1700618604\n|switch|p1a: Meowscarada|Meowscarada, M|40\/100\n|move|p2a: Dondozo|Liquidation|p1a: Meowscarada\n|-resisted|p1a: Meowscarada\n|-damage|p1a: Meowscarada|15\/100\n|-unboost|p1a: Meowscarada|def|1\n|\n|-heal|p1a: Meowscarada|21\/100|[from] Grassy Terrain\n|-heal|p2a: Dondozo|74\/100|[from] Grassy Terrain\n|-fieldend|move: Grassy Terrain\n|upkeep\n|turn|27\n|\n|t:|1700618608\n|move|p1a: Meowscarada|Flower Trick|p2a: Dondozo\n|-start|p1a: Meowscarada|typechange|Grass|[from] ability: Protean\n|-supereffective|p2a: Dondozo\n|-crit|p2a: Dondozo\n|-damage|p2a: Dondozo|6\/100\n|move|p2a: Dondozo|Body Press|p1a: Meowscarada\n|-damage|p1a: Meowscarada|0 fnt\n|faint|p1a: Meowscarada\n|\n|upkeep\n|\n|t:|1700618616\n|switch|p1a: Great Tusk|Great Tusk|100\/100\n|turn|28\n|\n|t:|1700618625\n|move|p1a: Great Tusk|Rapid Spin|p2a: Dondozo\n|-damage|p2a: Dondozo|0 fnt\n|-boost|p1a: Great Tusk|spe|1\n|faint|p2a: Dondozo\n|\n|upkeep\n|\n|t:|1700618627\n|switch|p2a: Rillaboom|Rillaboom, M|100\/100\n|-fieldstart|move: Grassy Terrain|[from] ability: Grassy Surge|[of] p2a: Rillaboom\n|turn|29\n|\n|t:|1700618635\n|move|p2a: Rillaboom|Grassy Glide|p1a: Great Tusk\n|-supereffective|p1a: Great Tusk\n|-damage|p1a: Great Tusk|16\/100\n|move|p1a: Great Tusk|Ice Spinner|p2a: Rillaboom\n|-supereffective|p2a: Rillaboom\n|-damage|p2a: Rillaboom|43\/100\n|-fieldend|move: Grassy Terrain\n|\n|upkeep\n|turn|30\n|\n|t:|1700618638\n|move|p1a: Great Tusk|Ice Spinner|p2a: Rillaboom\n|-supereffective|p2a: Rillaboom\n|-damage|p2a: Rillaboom|0 fnt\n|faint|p2a: Rillaboom\n|\n|win|Username momento\n|raw|Username momento's rating: 1570 &rarr; <strong>1596<\/strong><br \/>(+26 for winning)\n|raw|Froste17's rating: 1684 &rarr; <strong>1658<\/strong><br \/>(-26 for losing)\n|l|\u2606Froste17\n","uploadtime":1700618649,"views":0,"p1id":"usernamemomento","p2id":"froste17","formatid":"gen9ou","rating":1596,"private":0,"password":""}