{"id":"gen9ou-1988341751","p1":"NYC Red","p2":"Lexsleyker","format":"[Gen 9] OU","log":"|j|\u2606NYC Red\n|j|\u2606Lexsleyker\n|t:|1699711219\n|gametype|singles\n|player|p1|NYC Red|266|1208\n|player|p2|Lexsleyker|cowgirl|1121\n|teamsize|p1|6\n|teamsize|p2|6\n|gen|9\n|tier|[Gen 9] OU\n|rated|\n|rule|Sleep Clause Mod: Limit one foe put to sleep\n|rule|Species Clause: Limit one of each Pok\u00e9mon\n|rule|OHKO Clause: OHKO moves are banned\n|rule|Evasion Items Clause: Evasion items are banned\n|rule|Evasion Moves Clause: Evasion moves are banned\n|rule|Endless Battle Clause: Forcing endless battles is banned\n|rule|HP Percentage Mod: HP is shown in percentages\n|clearpoke\n|poke|p1|Ribombee, F|\n|poke|p1|Empoleon, M|\n|poke|p1|Gholdengo|\n|poke|p1|Great Tusk|\n|poke|p1|Greninja-*, M|\n|poke|p1|Iron Moth|\n|poke|p2|Talonflame, M|\n|poke|p2|Spidops, M|\n|poke|p2|Vivillon, M|\n|poke|p2|Pawmot, M|\n|poke|p2|Oinkologne, M|\n|poke|p2|Jumpluff, M|\n|teampreview\n|inactive|Battle timer is ON: inactive players will automatically lose when time's up. (requested by NYC Red)\n|\n|t:|1699711235\n|start\n|switch|p1a: Ribombee|Ribombee, F|100\/100\n|switch|p2a: Talonflame|Talonflame, M|100\/100\n|turn|1\n|\n|t:|1699711241\n|move|p2a: Talonflame|Brave Bird|p1a: Ribombee\n|-supereffective|p1a: Ribombee\n|-enditem|p1a: Ribombee|Focus Sash\n|-damage|p1a: Ribombee|1\/100\n|-damage|p2a: Talonflame|72\/100|[from] Recoil\n|move|p1a: Ribombee|Stun Spore|p2a: Talonflame\n|-status|p2a: Talonflame|par\n|\n|upkeep\n|turn|2\n|\n|t:|1699711245\n|move|p1a: Ribombee|Sticky Web|p2a: Talonflame\n|-sidestart|p2: Lexsleyker|move: Sticky Web\n|move|p2a: Talonflame|Brave Bird|p1a: Ribombee\n|-supereffective|p1a: Ribombee\n|-damage|p1a: Ribombee|0 fnt\n|faint|p1a: Ribombee\n|-damage|p2a: Talonflame|71\/100 par|[from] Recoil\n|\n|upkeep\n|\n|t:|1699711252\n|switch|p1a: Empoleon|Empoleon, M|100\/100\n|turn|3\n|\n|t:|1699711255\n|cant|p2a: Talonflame|par\n|move|p1a: Empoleon|Stealth Rock|p2a: Talonflame\n|-sidestart|p2: Lexsleyker|move: Stealth Rock\n|\n|upkeep\n|turn|4\n|\n|t:|1699711258\n|move|p2a: Talonflame|Brave Bird|p1a: Empoleon\n|-resisted|p1a: Empoleon\n|-damage|p1a: Empoleon|65\/100\n|-damage|p2a: Talonflame|56\/100 par|[from] Recoil\n|move|p1a: Empoleon|Roar|p2a: Talonflame\n|drag|p2a: Pawmot|Pawmot, M|100\/100\n|-activate|p2a: Pawmot|move: Sticky Web\n|-unboost|p2a: Pawmot|spe|1\n|-damage|p2a: Pawmot|94\/100|[from] Stealth Rock\n|\n|-heal|p1a: Empoleon|71\/100|[from] item: Leftovers\n|upkeep\n|turn|5\n|\n|t:|1699711264\n|switch|p1a: Great Tusk|Great Tusk|100\/100\n|-terastallize|p2a: Pawmot|Electric\n|move|p2a: Pawmot|Double Shock|p1a: Great Tusk\n|-immune|p1a: Great Tusk\n|\n|upkeep\n|turn|6\n|\n|t:|1699711270\n|switch|p2a: Talonflame|Talonflame, M|56\/100 par\n|-damage|p2a: Talonflame|7\/100 par|[from] Stealth Rock\n|move|p1a: Great Tusk|Bulk Up|p1a: Great Tusk\n|-boost|p1a: Great Tusk|atk|1\n|-boost|p1a: Great Tusk|def|1\n|\n|upkeep\n|turn|7\n|\n|t:|1699711294\n|move|p2a: Talonflame|Quick Attack|p1a: Great Tusk\n|-damage|p1a: Great Tusk|93\/100\n|move|p1a: Great Tusk|Rapid Spin|p2a: Talonflame\n|-damage|p2a: Talonflame|0 fnt\n|-boost|p1a: Great Tusk|spe|1\n|faint|p2a: Talonflame\n|\n|upkeep\n|\n|t:|1699711300\n|switch|p2a: Spidops|Spidops, M|100\/100\n|-activate|p2a: Spidops|move: Sticky Web\n|-unboost|p2a: Spidops|spe|1\n|-damage|p2a: Spidops|76\/100|[from] Stealth Rock\n|turn|8\n|\n|t:|1699711306\n|move|p1a: Great Tusk|Ice Spinner|p2a: Spidops\n|-damage|p2a: Spidops|46\/100\n|-damage|p1a: Great Tusk|77\/100|[from] item: Rocky Helmet|[of] p2a: Spidops\n|move|p2a: Spidops|Memento|p1a: Great Tusk\n|-unboost|p1a: Great Tusk|atk|2\n|-unboost|p1a: Great Tusk|spa|2\n|faint|p2a: Spidops\n|\n|upkeep\n|\n|t:|1699711311\n|switch|p2a: Oinkologne|Oinkologne, M|100\/100\n|-activate|p2a: Oinkologne|move: Sticky Web\n|-unboost|p2a: Oinkologne|spe|1\n|-damage|p2a: Oinkologne|88\/100|[from] Stealth Rock\n|turn|9\n|\n|t:|1699711315\n|move|p1a: Great Tusk|Bulk Up|p1a: Great Tusk\n|-boost|p1a: Great Tusk|atk|1\n|-boost|p1a: Great Tusk|def|1\n|move|p2a: Oinkologne|Stuff Cheeks|p2a: Oinkologne\n|-boost|p2a: Oinkologne|def|2\n|-enditem|p2a: Oinkologne|Liechi Berry|[eat]\n|-boost|p2a: Oinkologne|atk|1|[from] item: Liechi Berry\n|\n|upkeep\n|turn|10\n|\n|t:|1699711326\n|move|p1a: Great Tusk|Bulk Up|p1a: Great Tusk\n|-boost|p1a: Great Tusk|atk|1\n|-boost|p1a: Great Tusk|def|1\n|move|p2a: Oinkologne|Body Slam|p1a: Great Tusk\n|-damage|p1a: Great Tusk|59\/100\n|-status|p1a: Great Tusk|par\n|\n|upkeep\n|turn|11\n|\n|t:|1699711330\n|move|p1a: Great Tusk|Bulk Up|p1a: Great Tusk\n|-boost|p1a: Great Tusk|atk|1\n|-boost|p1a: Great Tusk|def|1\n|move|p2a: Oinkologne|Play Rough|p1a: Great Tusk\n|-supereffective|p1a: Great Tusk\n|-damage|p1a: Great Tusk|39\/100 par\n|\n|upkeep\n|turn|12\n|\n|t:|1699711334\n|move|p1a: Great Tusk|Headlong Rush|p2a: Oinkologne\n|-damage|p2a: Oinkologne|31\/100\n|-unboost|p1a: Great Tusk|def|1\n|-unboost|p1a: Great Tusk|spd|1\n|move|p2a: Oinkologne|Play Rough|p1a: Great Tusk\n|-supereffective|p1a: Great Tusk\n|-damage|p1a: Great Tusk|15\/100 par\n|\n|upkeep\n|turn|13\n|\n|t:|1699711338\n|move|p1a: Great Tusk|Headlong Rush|p2a: Oinkologne\n|-damage|p2a: Oinkologne|0 fnt\n|-unboost|p1a: Great Tusk|def|1\n|-unboost|p1a: Great Tusk|spd|1\n|faint|p2a: Oinkologne\n|\n|upkeep\n|\n|t:|1699711346\n|switch|p2a: Pawmot|Pawmot, M, tera:Electric|94\/100\n|-activate|p2a: Pawmot|move: Sticky Web\n|-unboost|p2a: Pawmot|spe|1\n|-damage|p2a: Pawmot|82\/100|[from] Stealth Rock\n|turn|14\n|\n|t:|1699711348\n|move|p2a: Pawmot|Mach Punch|p1a: Great Tusk\n|-damage|p1a: Great Tusk|5\/100 par\n|-damage|p2a: Pawmot|72\/100|[from] item: Life Orb\n|move|p1a: Great Tusk|Headlong Rush|p2a: Pawmot\n|-supereffective|p2a: Pawmot\n|-damage|p2a: Pawmot|0 fnt\n|-unboost|p1a: Great Tusk|def|1\n|-unboost|p1a: Great Tusk|spd|1\n|faint|p2a: Pawmot\n|\n|upkeep\n|\n|t:|1699711353\n|switch|p2a: Jumpluff|Jumpluff, M|100\/100\n|-damage|p2a: Jumpluff|76\/100|[from] Stealth Rock\n|turn|15\n|\n|t:|1699711356\n|move|p2a: Jumpluff|Energy Ball|p1a: Great Tusk\n|-supereffective|p1a: Great Tusk\n|-damage|p1a: Great Tusk|0 fnt\n|faint|p1a: Great Tusk\n|-end|p1a: Great Tusk|Protosynthesis|[silent]\n|\n|upkeep\n|\n|t:|1699711360\n|switch|p1a: Empoleon|Empoleon, M|71\/100\n|turn|16\n|\n|t:|1699711364\n|move|p2a: Jumpluff|Energy Ball|p1a: Empoleon\n|-damage|p1a: Empoleon|44\/100\n|move|p1a: Empoleon|Ice Beam|p2a: Jumpluff\n|-supereffective|p2a: Jumpluff\n|-crit|p2a: Jumpluff\n|-damage|p2a: Jumpluff|0 fnt\n|faint|p2a: Jumpluff\n|\n|-heal|p1a: Empoleon|50\/100|[from] item: Leftovers\n|upkeep\n|\n|t:|1699711366\n|switch|p2a: Vivillon|Vivillon, M|100\/100\n|turn|17\n|\n|t:|1699711371\n|move|p2a: Vivillon|Quiver Dance|p2a: Vivillon\n|-boost|p2a: Vivillon|spa|1\n|-boost|p2a: Vivillon|spd|1\n|-boost|p2a: Vivillon|spe|1\n|move|p1a: Empoleon|Ice Beam|p2a: Vivillon\n|-supereffective|p2a: Vivillon\n|-damage|p2a: Vivillon|44\/100\n|\n|-heal|p1a: Empoleon|56\/100|[from] item: Leftovers\n|upkeep\n|turn|18\n|\n|t:|1699711377\n|move|p2a: Vivillon|Sleep Powder|p1a: Empoleon\n|-status|p1a: Empoleon|slp|[from] move: Sleep Powder\n|cant|p1a: Empoleon|slp\n|\n|-heal|p1a: Empoleon|62\/100 slp|[from] item: Leftovers\n|upkeep\n|turn|19\n|\n|t:|1699711383\n|switch|p1a: Gholdengo|Gholdengo|100\/100\n|-item|p1a: Gholdengo|Air Balloon\n|move|p2a: Vivillon|Quiver Dance|p2a: Vivillon\n|-boost|p2a: Vivillon|spa|1\n|-boost|p2a: Vivillon|spd|1\n|-boost|p2a: Vivillon|spe|1\n|\n|upkeep\n|turn|20\n|\n|t:|1699711388\n|move|p2a: Vivillon|Hurricane|p1a: Gholdengo\n|-resisted|p1a: Gholdengo\n|-crit|p1a: Gholdengo\n|-damage|p1a: Gholdengo|23\/100\n|-enditem|p1a: Gholdengo|Air Balloon\n|move|p1a: Gholdengo|Nasty Plot|p1a: Gholdengo\n|-boost|p1a: Gholdengo|spa|2\n|\n|upkeep\n|turn|21\n|\n|t:|1699711392\n|move|p2a: Vivillon|Hurricane|p1a: Gholdengo\n|-resisted|p1a: Gholdengo\n|-damage|p1a: Gholdengo|0 fnt\n|faint|p1a: Gholdengo\n|\n|upkeep\n|\n|t:|1699711395\n|switch|p1a: Greninja|Greninja, M|100\/100\n|turn|22\n|\n|t:|1699711399\n|move|p2a: Vivillon|Hurricane|p1a: Greninja\n|-damage|p1a: Greninja|0 fnt\n|faint|p1a: Greninja\n|\n|upkeep\n|\n|t:|1699711401\n|switch|p1a: Iron Moth|Iron Moth|100\/100\n|-enditem|p1a: Iron Moth|Booster Energy\n|-activate|p1a: Iron Moth|ability: Quark Drive|[fromitem]\n|-start|p1a: Iron Moth|quarkdrivespe\n|turn|23\n|\n|t:|1699711407\n|move|p2a: Vivillon|Hurricane|p1a: Iron Moth\n|-damage|p1a: Iron Moth|3\/100\n|move|p1a: Iron Moth|Fiery Dance|p2a: Vivillon\n|-supereffective|p2a: Vivillon\n|-damage|p2a: Vivillon|0 fnt\n|-boost|p1a: Iron Moth|spa|1\n|faint|p2a: Vivillon\n|\n|win|NYC Red\n|raw|NYC Red's rating: 1208 &rarr; <strong>1227<\/strong><br \/>(+19 for winning)\n|raw|Lexsleyker's rating: 1121 &rarr; <strong>1102<\/strong><br \/>(-19 for losing)\n|l|\u2606NYC Red\n","uploadtime":1699711413,"views":14,"p1id":"nycred","p2id":"lexsleyker","formatid":"gen9ou","rating":1102,"private":0,"password":""}