{"id":"gen9ou-1990661408","p1":"MetalMetalCharz","p2":"Weather_Agent67","format":"[Gen 9] OU","log":"|j|\u2606MetalMetalCharz\n|j|\u2606Weather_Agent67\n|t:|1699989661\n|gametype|singles\n|player|p1|MetalMetalCharz|266|1235\n|player|p2|Weather_Agent67|lillie-masters2|1308\n|teamsize|p1|6\n|teamsize|p2|6\n|gen|9\n|tier|[Gen 9] OU\n|rated|\n|rule|Sleep Clause Mod: Limit one foe put to sleep\n|rule|Species Clause: Limit one of each Pok\u00e9mon\n|rule|OHKO Clause: OHKO moves are banned\n|rule|Evasion Items Clause: Evasion items are banned\n|rule|Evasion Moves Clause: Evasion moves are banned\n|rule|Endless Battle Clause: Forcing endless battles is banned\n|rule|HP Percentage Mod: HP is shown in percentages\n|clearpoke\n|poke|p1|Dragonite, F|\n|poke|p1|Mamoswine, M|\n|poke|p1|Gardevoir, M|\n|poke|p1|Rotom-Wash|\n|poke|p1|Garganacl, F|\n|poke|p1|Scizor, F|\n|poke|p2|Pelipper, M|\n|poke|p2|Pincurchin, F|\n|poke|p2|Thundurus-Therian, M|\n|poke|p2|Iron Leaves|\n|poke|p2|Basculegion-F, F|\n|poke|p2|Kingambit, F|\n|teampreview\n|inactive|Battle timer is ON: inactive players will automatically lose when time's up. (requested by Weather_Agent67)\n|\n|t:|1699989674\n|start\n|switch|p1a: Rotom|Rotom-Wash|100\/100\n|switch|p2a: Pelipper|Pelipper, M|100\/100\n|-weather|RainDance|[from] ability: Drizzle|[of] p2a: Pelipper\n|turn|1\n|\n|t:|1699989690\n|-terastallize|p2a: Pelipper|Ground\n|move|p1a: Rotom|Hydro Pump|p2a: Pelipper\n|-supereffective|p2a: Pelipper\n|-damage|p2a: Pelipper|0 fnt\n|faint|p2a: Pelipper\n|\n|-weather|RainDance|[upkeep]\n|upkeep\n|\n|t:|1699989700\n|switch|p2a: Iron Leaves|Iron Leaves|100\/100\n|turn|2\n|\n|t:|1699989707\n|move|p2a: Iron Leaves|Psyblade|p1a: Rotom\n|-damage|p1a: Rotom|52\/100\n|move|p1a: Rotom|Thunder Wave|p2a: Iron Leaves\n|-status|p2a: Iron Leaves|par\n|\n|-weather|RainDance|[upkeep]\n|upkeep\n|turn|3\n|\n|t:|1699989711\n|move|p1a: Rotom|Volt Switch|p2a: Iron Leaves\n|-resisted|p2a: Iron Leaves\n|-damage|p2a: Iron Leaves|89\/100 par\n|\n|t:|1699989714\n|switch|p1a: Scizor|Scizor, F|100\/100|[from] Volt Switch\n|move|p2a: Iron Leaves|Psyblade|p1a: Scizor\n|-resisted|p1a: Scizor\n|-damage|p1a: Scizor|70\/100\n|\n|-weather|RainDance|[upkeep]\n|-heal|p1a: Scizor|76\/100|[from] item: Leftovers\n|upkeep\n|turn|4\n|\n|t:|1699989717\n|-end|p2a: Iron Leaves|Quark Drive|[silent]\n|switch|p2a: Pincurchin|Pincurchin, F, shiny|100\/100\n|-fieldstart|move: Electric Terrain|[from] ability: Electric Surge|[of] p2a: Pincurchin\n|move|p1a: Scizor|U-turn|p2a: Pincurchin\n|-damage|p2a: Pincurchin|67\/100\n|\n|t:|1699989725\n|switch|p1a: Mamoswine|Mamoswine, M|100\/100|[from] U-turn\n|\n|-weather|RainDance|[upkeep]\n|upkeep\n|turn|5\n|\n|t:|1699989731\n|switch|p2a: Thundurus|Thundurus-Therian, M|100\/100\n|move|p1a: Mamoswine|Icicle Spear|p2a: Thundurus\n|-supereffective|p2a: Thundurus\n|-damage|p2a: Thundurus|60\/100\n|-supereffective|p2a: Thundurus\n|-crit|p2a: Thundurus\n|-damage|p2a: Thundurus|0 fnt\n|faint|p2a: Thundurus\n|-hitcount|p2: Thundurus|2\n|\n|-weather|RainDance|[upkeep]\n|upkeep\n|\n|t:|1699989735\n|switch|p2a: Iron Leaves|Iron Leaves|89\/100 par\n|-activate|p2a: Iron Leaves|ability: Quark Drive\n|-start|p2a: Iron Leaves|quarkdriveatk\n|turn|6\n|\n|t:|1699989742\n|move|p1a: Mamoswine|Icicle Spear|p2a: Iron Leaves\n|-supereffective|p2a: Iron Leaves\n|-damage|p2a: Iron Leaves|58\/100 par\n|-supereffective|p2a: Iron Leaves\n|-damage|p2a: Iron Leaves|26\/100 par\n|-supereffective|p2a: Iron Leaves\n|-damage|p2a: Iron Leaves|0 fnt\n|faint|p2a: Iron Leaves\n|-end|p2a: Iron Leaves|Quark Drive|[silent]\n|-hitcount|p2: Iron Leaves|3\n|\n|-weather|RainDance|[upkeep]\n|upkeep\n|\n|t:|1699989746\n|switch|p2a: Basculegion|Basculegion-F, F|100\/100\n|turn|7\n|\n|t:|1699989756\n|move|p1a: Mamoswine|Ice Shard|p2a: Basculegion\n|-resisted|p2a: Basculegion\n|-damage|p2a: Basculegion|86\/100\n|move|p2a: Basculegion|Surf|p1a: Mamoswine\n|-supereffective|p1a: Mamoswine\n|-damage|p1a: Mamoswine|0 fnt\n|faint|p1a: Mamoswine\n|\n|-weather|RainDance|[upkeep]\n|upkeep\n|\n|t:|1699989758\n|switch|p1a: Gardevoir|Gardevoir, M|100\/100\n|-ability|p1a: Gardevoir|Adaptability|[from] ability: Trace|[of] p2a: Basculegion\n|turn|8\n|\n|t:|1699989763\n|move|p1a: Gardevoir|Energy Ball|p2a: Basculegion\n|-supereffective|p2a: Basculegion\n|-damage|p2a: Basculegion|20\/100\n|move|p2a: Basculegion|Surf|p1a: Gardevoir\n|-damage|p1a: Gardevoir|0 fnt\n|faint|p1a: Gardevoir\n|\n|-weather|none\n|upkeep\n|\n|t:|1699989766\n|switch|p1a: Scizor|Scizor, F|76\/100\n|turn|9\n|\n|t:|1699989771\n|move|p1a: Scizor|Bullet Punch|p2a: Basculegion\n|-resisted|p2a: Basculegion\n|-damage|p2a: Basculegion|0 fnt\n|faint|p2a: Basculegion\n|\n|-heal|p1a: Scizor|82\/100|[from] item: Leftovers\n|upkeep\n|-message|Weather_Agent67 forfeited.\n|\n|win|MetalMetalCharz\n|raw|MetalMetalCharz's rating: 1235 &rarr; <strong>1265<\/strong><br \/>(+30 for winning)\n|raw|Weather_Agent67's rating: 1308 &rarr; <strong>1284<\/strong><br \/>(-24 for losing)\n|l|\u2606Weather_Agent67\n","uploadtime":1699989783,"views":9,"p1id":"metalmetalcharz","p2id":"weatheragent67","formatid":"gen9ou","rating":1265,"private":0,"password":""}