{"id":"gen9ou-1995217178","p1":"Joker040921","p2":"RenPlays","format":"[Gen 9] OU","log":"|j|\u2606Joker040921\n|j|\u2606RenPlays\n|t:|1700535828\n|gametype|singles\n|player|p1|Joker040921|2|1084\n|player|p2|RenPlays|1|1038\n|teamsize|p1|6\n|teamsize|p2|6\n|gen|9\n|tier|[Gen 9] OU\n|rated|\n|rule|Sleep Clause Mod: Limit one foe put to sleep\n|rule|Species Clause: Limit one of each Pok\u00e9mon\n|rule|OHKO Clause: OHKO moves are banned\n|rule|Evasion Items Clause: Evasion items are banned\n|rule|Evasion Moves Clause: Evasion moves are banned\n|rule|Endless Battle Clause: Forcing endless battles is banned\n|rule|HP Percentage Mod: HP is shown in percentages\n|clearpoke\n|poke|p1|Great Tusk|\n|poke|p1|Iron Valiant|\n|poke|p1|Glimmora, F|\n|poke|p1|Gholdengo|\n|poke|p1|Moltres|\n|poke|p1|Sandy Shocks|\n|poke|p2|Gholdengo|\n|poke|p2|Garchomp, M|\n|poke|p2|Kingambit, M|\n|poke|p2|Ceruledge, M|\n|poke|p2|Greninja-*, F|\n|poke|p2|Landorus-Therian, M|\n|teampreview\n|inactive|Battle timer is ON: inactive players will automatically lose when time's up. (requested by Joker040921)\n|\n|t:|1700535853\n|start\n|switch|p1a: Glimmora|Glimmora, F|100\/100\n|switch|p2a: Greninja|Greninja, F|100\/100\n|turn|1\n|\n|t:|1700535866\n|move|p2a: Greninja|Hydro Pump|p1a: Glimmora\n|-start|p2a: Greninja|typechange|Water|[from] ability: Protean\n|-supereffective|p1a: Glimmora\n|-enditem|p1a: Glimmora|Focus Sash\n|-damage|p1a: Glimmora|1\/100\n|-damage|p2a: Greninja|91\/100|[from] item: Life Orb\n|move|p1a: Glimmora|Stealth Rock|p2a: Greninja\n|-sidestart|p2: RenPlays|move: Stealth Rock\n|\n|upkeep\n|turn|2\n|\n|t:|1700535888\n|switch|p1a: Gholdengo|Gholdengo|100\/100\n|move|p2a: Greninja|Water Shuriken|p1a: Gholdengo\n|-damage|p1a: Gholdengo|89\/100\n|-damage|p1a: Gholdengo|79\/100\n|-damage|p1a: Gholdengo|69\/100\n|-hitcount|p1a: Gholdengo|3\n|-enditem|p1a: Gholdengo|Red Card|[of] p2a: Greninja\n|drag|p2a: Ceruledge|Ceruledge, M, shiny|100\/100\n|\n|upkeep\n|turn|3\n|\n|t:|1700535906\n|switch|p1a: Sandy Shocks|Sandy Shocks|100\/100\n|-enditem|p1a: Sandy Shocks|Booster Energy\n|-activate|p1a: Sandy Shocks|ability: Protosynthesis|[fromitem]\n|-start|p1a: Sandy Shocks|protosynthesisspe\n|move|p2a: Ceruledge|Bulk Up|p2a: Ceruledge\n|-boost|p2a: Ceruledge|atk|1\n|-boost|p2a: Ceruledge|def|1\n|\n|upkeep\n|turn|4\n|\n|t:|1700535921\n|move|p2a: Ceruledge|Shadow Sneak|p1a: Sandy Shocks\n|-damage|p1a: Sandy Shocks|73\/100\n|move|p1a: Sandy Shocks|Substitute|p1a: Sandy Shocks\n|-start|p1a: Sandy Shocks|Substitute\n|-damage|p1a: Sandy Shocks|48\/100\n|\n|upkeep\n|turn|5\n|\n|t:|1700535926\n|move|p1a: Sandy Shocks|Earth Power|p2a: Ceruledge\n|-supereffective|p2a: Ceruledge\n|-damage|p2a: Ceruledge|36\/100\n|move|p2a: Ceruledge|Taunt|p1a: Sandy Shocks\n|-start|p1a: Sandy Shocks|move: Taunt\n|\n|upkeep\n|turn|6\n|\n|t:|1700535932\n|switch|p2a: Greninja|Greninja, F|91\/100\n|-damage|p2a: Greninja|78\/100|[from] Stealth Rock\n|move|p1a: Sandy Shocks|Earth Power|p2a: Greninja\n|-damage|p2a: Greninja|11\/100\n|\n|upkeep\n|turn|7\n|\n|t:|1700535940\n|move|p2a: Greninja|Water Shuriken|p1a: Sandy Shocks\n|-start|p2a: Greninja|typechange|Water|[from] ability: Protean\n|-supereffective|p1a: Sandy Shocks\n|-activate|p1a: Sandy Shocks|move: Substitute|[damage]\n|-supereffective|p1a: Sandy Shocks\n|-end|p1a: Sandy Shocks|Substitute\n|-supereffective|p1a: Sandy Shocks\n|-damage|p1a: Sandy Shocks|26\/100\n|-supereffective|p1a: Sandy Shocks\n|-damage|p1a: Sandy Shocks|6\/100\n|-hitcount|p1a: Sandy Shocks|4\n|-damage|p2a: Greninja|1\/100|[from] item: Life Orb\n|move|p1a: Sandy Shocks|Thunderbolt|p2a: Greninja\n|-supereffective|p2a: Greninja\n|-damage|p2a: Greninja|0 fnt\n|faint|p2a: Greninja\n|\n|upkeep\n|\n|t:|1700535954\n|switch|p2a: Ceruledge|Ceruledge, M, shiny|36\/100\n|turn|8\n|\n|t:|1700535962\n|-end|p1a: Sandy Shocks|Protosynthesis|[silent]\n|switch|p1a: Glimmora|Glimmora, F|1\/100\n|move|p2a: Ceruledge|Shadow Sneak|p1a: Glimmora\n|-damage|p1a: Glimmora|0 fnt\n|-activate|p1a: Glimmora|ability: Toxic Debris\n|-sidestart|p2: RenPlays|move: Toxic Spikes\n|faint|p1a: Glimmora\n|\n|upkeep\n|\n|t:|1700535972\n|switch|p1a: Great Tusk|Great Tusk|100\/100\n|turn|9\n|\n|t:|1700535977\n|move|p1a: Great Tusk|Knock Off|p2a: Ceruledge\n|-supereffective|p2a: Ceruledge\n|-damage|p2a: Ceruledge|0 fnt\n|-enditem|p2a: Ceruledge|Heavy-Duty Boots|[from] move: Knock Off|[of] p1a: Great Tusk\n|faint|p2a: Ceruledge\n|\n|upkeep\n|\n|t:|1700535980\n|switch|p2a: Landorus|Landorus-Therian, M|100\/100\n|-damage|p2a: Landorus|88\/100|[from] Stealth Rock\n|-ability|p2a: Landorus|Intimidate|boost\n|-unboost|p1a: Great Tusk|atk|1\n|turn|10\n|\n|t:|1700535989\n|-end|p1a: Great Tusk|Protosynthesis|[silent]\n|switch|p1a: Gholdengo|Gholdengo|69\/100\n|move|p2a: Landorus|Grass Knot|p1a: Gholdengo\n|-resisted|p1a: Gholdengo\n|-damage|p1a: Gholdengo|62\/100\n|\n|upkeep\n|turn|11\n|\n|t:|1700536007\n|switch|p1a: Sandy Shocks|Sandy Shocks|6\/100\n|move|p2a: Landorus|Stealth Rock|p1a: Sandy Shocks\n|-sidestart|p1: Joker040921|move: Stealth Rock\n|\n|upkeep\n|turn|12\n|\n|t:|1700536019\n|move|p1a: Sandy Shocks|Sunny Day|p1a: Sandy Shocks\n|-weather|SunnyDay\n|-activate|p1a: Sandy Shocks|ability: Protosynthesis\n|-start|p1a: Sandy Shocks|protosynthesisspe\n|move|p2a: Landorus|Grass Knot|p1a: Sandy Shocks\n|-supereffective|p1a: Sandy Shocks\n|-damage|p1a: Sandy Shocks|0 fnt\n|faint|p1a: Sandy Shocks\n|-end|p1a: Sandy Shocks|Protosynthesis|[silent]\n|\n|-weather|SunnyDay|[upkeep]\n|upkeep\n|\n|t:|1700536024\n|switch|p1a: Great Tusk|Great Tusk|100\/100\n|-damage|p1a: Great Tusk|98\/100|[from] Stealth Rock\n|-activate|p1a: Great Tusk|ability: Protosynthesis\n|-start|p1a: Great Tusk|protosynthesisatk\n|turn|13\n|\n|t:|1700536034\n|move|p2a: Landorus|Earthquake|p1a: Great Tusk\n|-damage|p1a: Great Tusk|66\/100\n|move|p1a: Great Tusk|Knock Off|p2a: Landorus\n|-damage|p2a: Landorus|52\/100\n|-damage|p1a: Great Tusk|50\/100|[from] item: Rocky Helmet|[of] p2a: Landorus\n|-enditem|p2a: Landorus|Rocky Helmet|[from] move: Knock Off|[of] p1a: Great Tusk\n|\n|-weather|SunnyDay|[upkeep]\n|upkeep\n|turn|14\n|\n|t:|1700536047\n|-end|p1a: Great Tusk|Protosynthesis|[silent]\n|switch|p1a: Moltres|Moltres|100\/100\n|-damage|p1a: Moltres|50\/100|[from] Stealth Rock\n|move|p2a: Landorus|Grass Knot|p1a: Moltres\n|-resisted|p1a: Moltres\n|-damage|p1a: Moltres|46\/100\n|-status|p2a: Landorus|brn|[from] ability: Flame Body|[of] p1a: Moltres\n|\n|-weather|SunnyDay|[upkeep]\n|-heal|p1a: Moltres|52\/100|[from] item: Leftovers\n|-damage|p2a: Landorus|46\/100 brn|[from] brn\n|upkeep\n|turn|15\n|\n|t:|1700536057\n|move|p1a: Moltres|Fire Blast|p2a: Landorus\n|-damage|p2a: Landorus|0 fnt\n|faint|p2a: Landorus\n|\n|-weather|SunnyDay|[upkeep]\n|-heal|p1a: Moltres|58\/100|[from] item: Leftovers\n|upkeep\n|\n|t:|1700536064\n|switch|p2a: Garchomp|Garchomp, M|100\/100\n|-damage|p2a: Garchomp|94\/100|[from] Stealth Rock\n|-status|p2a: Garchomp|psn\n|turn|16\n|\n|t:|1700536073\n|-terastallize|p2a: Garchomp|Steel\n|move|p2a: Garchomp|Outrage|p1a: Moltres\n|-damage|p1a: Moltres|0 fnt\n|faint|p1a: Moltres\n|\n|-weather|none\n|-damage|p2a: Garchomp|82\/100 psn|[from] psn\n|upkeep\n|\n|t:|1700536079\n|switch|p1a: Iron Valiant|Iron Valiant|100\/100\n|-damage|p1a: Iron Valiant|94\/100|[from] Stealth Rock\n|turn|17\n|\n|t:|1700536089\n|move|p1a: Iron Valiant|Focus Blast|p2a: Garchomp\n|-supereffective|p2a: Garchomp\n|-damage|p2a: Garchomp|0 fnt\n|faint|p2a: Garchomp\n|\n|upkeep\n|\n|t:|1700536092\n|switch|p2a: Gholdengo|Gholdengo, shiny|100\/100\n|-damage|p2a: Gholdengo|94\/100|[from] Stealth Rock\n|turn|18\n|\n|t:|1700536102\n|-end|p1a: Iron Valiant|Quark Drive|[silent]\n|switch|p1a: Great Tusk|Great Tusk|50\/100\n|-damage|p1a: Great Tusk|47\/100|[from] Stealth Rock\n|move|p2a: Gholdengo|Hex|p1a: Great Tusk\n|-damage|p1a: Great Tusk|24\/100\n|\n|upkeep\n|turn|19\n|\n|t:|1700536112\n|move|p2a: Gholdengo|Hex|p1a: Great Tusk\n|-damage|p1a: Great Tusk|0 fnt\n|faint|p1a: Great Tusk\n|-end|p1a: Great Tusk|Protosynthesis|[silent]\n|\n|upkeep\n|\n|t:|1700536127\n|switch|p1a: Gholdengo|Gholdengo|62\/100\n|-damage|p1a: Gholdengo|56\/100|[from] Stealth Rock\n|turn|20\n|\n|t:|1700536133\n|-terastallize|p1a: Gholdengo|Flying\n|move|p1a: Gholdengo|Recover|p1a: Gholdengo\n|-heal|p1a: Gholdengo|100\/100\n|move|p2a: Gholdengo|Thunder Wave|p1a: Gholdengo\n|-immune|p1a: Gholdengo|[from] ability: Good as Gold\n|\n|upkeep\n|turn|21\n|\n|t:|1700536142\n|move|p1a: Gholdengo|Shadow Ball|p2a: Gholdengo\n|-supereffective|p2a: Gholdengo\n|-damage|p2a: Gholdengo|8\/100\n|move|p2a: Gholdengo|Hex|p1a: Gholdengo\n|-damage|p1a: Gholdengo|66\/100\n|\n|upkeep\n|turn|22\n|\n|t:|1700536148\n|move|p1a: Gholdengo|Shadow Ball|p2a: Gholdengo\n|-supereffective|p2a: Gholdengo\n|-damage|p2a: Gholdengo|0 fnt\n|faint|p2a: Gholdengo\n|\n|upkeep\n|\n|t:|1700536151\n|switch|p2a: Kingambit|Kingambit, M, shiny|100\/100\n|-damage|p2a: Kingambit|94\/100|[from] Stealth Rock\n|-activate|p2a: Kingambit|ability: Supreme Overlord\n|-start|p2a: Kingambit|fallen5|[silent]\n|turn|23\n|\n|t:|1700536156\n|move|p1a: Gholdengo|Thunder Wave|p2a: Kingambit\n|-status|p2a: Kingambit|par\n|move|p2a: Kingambit|Iron Head|p1a: Gholdengo\n|-damage|p1a: Gholdengo|0 fnt\n|faint|p1a: Gholdengo\n|\n|upkeep\n|\n|t:|1700536161\n|switch|p1a: Iron Valiant|Iron Valiant|94\/100\n|-damage|p1a: Iron Valiant|88\/100|[from] Stealth Rock\n|turn|24\n|\n|t:|1700536166\n|move|p1a: Iron Valiant|Focus Blast|p2a: Kingambit\n|-supereffective|p2a: Kingambit\n|-damage|p2a: Kingambit|0 fnt\n|faint|p2a: Kingambit\n|-end|p2a: Kingambit|fallen5|[silent]\n|\n|win|Joker040921\n|raw|Joker040921's rating: 1084 &rarr; <strong>1108<\/strong><br \/>(+24 for winning)\n|raw|RenPlays's rating: 1038 &rarr; <strong>1024<\/strong><br \/>(-14 for losing)\n","uploadtime":1700536171,"views":13,"p1id":"joker040921","p2id":"renplays","formatid":"gen9ou","rating":1024,"private":0,"password":""}