{"id":"gen9ou-1995629666","p1":"Natdexubers44","p2":"OUVT TOSHI","format":"[Gen 9] OU","log":"|j|\u203dNatdexubers44\n|j|\u2606OUVT TOSHI\n|t:|1700588973\n|gametype|singles\n|player|p1|Natdexubers44|brock|1524\n|player|p2|OUVT TOSHI|palmer|1590\n|teamsize|p1|6\n|teamsize|p2|6\n|gen|9\n|tier|[Gen 9] OU\n|rated|\n|rule|Sleep Clause Mod: Limit one foe put to sleep\n|rule|Species Clause: Limit one of each Pok\u00e9mon\n|rule|OHKO Clause: OHKO moves are banned\n|rule|Evasion Items Clause: Evasion items are banned\n|rule|Evasion Moves Clause: Evasion moves are banned\n|rule|Endless Battle Clause: Forcing endless battles is banned\n|rule|HP Percentage Mod: HP is shown in percentages\n|clearpoke\n|poke|p1|Rillaboom, M|\n|poke|p1|Kingambit, M|\n|poke|p1|Heatran, M|\n|poke|p1|Mandibuzz, F|\n|poke|p1|Iron Valiant|\n|poke|p1|Landorus-Therian, M|\n|poke|p2|Ogerpon-Wellspring, F|\n|poke|p2|Zamazenta-*|\n|poke|p2|Ting-Lu|\n|poke|p2|Iron Moth|\n|poke|p2|Zapdos|\n|poke|p2|Ursaluna, F|\n|teampreview\n|inactive|Battle timer is ON: inactive players will automatically lose when time's up. (requested by Natdexubers44)\n|\n|t:|1700588988\n|start\n|switch|p1a: Rillaboom|Rillaboom, M|100\/100\n|switch|p2a: Ogerpon|Ogerpon-Wellspring, F|100\/100\n|-fieldstart|move: Grassy Terrain|[from] ability: Grassy Surge|[of] p1a: Rillaboom\n|turn|1\n|\n|t:|1700588994\n|move|p2a: Ogerpon|U-turn|p1a: Rillaboom\n|-supereffective|p1a: Rillaboom\n|-damage|p1a: Rillaboom|36\/100\n|\n|t:|1700589000\n|switch|p2a: Zapdos|Zapdos|100\/100|[from] U-turn\n|move|p1a: Rillaboom|U-turn|p2a: Zapdos\n|-resisted|p2a: Zapdos\n|-damage|p2a: Zapdos|81\/100\n|\n|t:|1700589005\n|switch|p1a: Landorus|Landorus-Therian, M|100\/100|[from] U-turn\n|-ability|p1a: Landorus|Intimidate|boost\n|-unboost|p2a: Zapdos|atk|1\n|\n|upkeep\n|turn|2\n|\n|t:|1700589010\n|switch|p2a: Ursaluna|Ursaluna, F|100\/100\n|move|p1a: Landorus|Stealth Rock|p2a: Ursaluna\n|-sidestart|p2: OUVT TOSHI|move: Stealth Rock\n|\n|-status|p2a: Ursaluna|brn|[from] item: Flame Orb\n|upkeep\n|turn|3\n|\n|t:|1700589014\n|move|p1a: Landorus|Grass Knot|p2a: Ursaluna\n|-supereffective|p2a: Ursaluna\n|-damage|p2a: Ursaluna|49\/100 brn\n|move|p2a: Ursaluna|Facade|p1a: Landorus\n|-damage|p1a: Landorus|0 fnt\n|faint|p1a: Landorus\n|\n|-heal|p2a: Ursaluna|55\/100 brn|[from] Grassy Terrain\n|-damage|p2a: Ursaluna|49\/100 brn|[from] brn\n|upkeep\n|\n|t:|1700589019\n|switch|p1a: Rillaboom|Rillaboom, M|36\/100\n|turn|4\n|\n|t:|1700589027\n|switch|p2a: Zapdos|Zapdos|81\/100\n|move|p1a: Rillaboom|Knock Off|p2a: Zapdos\n|-damage|p2a: Zapdos|34\/100\n|-status|p1a: Rillaboom|par|[from] ability: Static|[of] p2a: Zapdos\n|-enditem|p2a: Zapdos|Heavy-Duty Boots|[from] move: Knock Off|[of] p1a: Rillaboom\n|\n|-heal|p1a: Rillaboom|42\/100 par|[from] Grassy Terrain\n|upkeep\n|turn|5\n|\n|t:|1700589035\n|switch|p1a: Heatran|Heatran, M, shiny|100\/100\n|move|p2a: Zapdos|Roost|p2a: Zapdos\n|-heal|p2a: Zapdos|84\/100\n|-singleturn|p2a: Zapdos|move: Roost\n|\n|-heal|p2a: Zapdos|90\/100|[from] Grassy Terrain\n|-fieldend|move: Grassy Terrain\n|upkeep\n|turn|6\n|\n|t:|1700589041\n|switch|p2a: Ting-Lu|Ting-Lu|100\/100\n|-damage|p2a: Ting-Lu|94\/100|[from] Stealth Rock\n|-ability|p2a: Ting-Lu|Vessel of Ruin\n|move|p1a: Heatran|Magma Storm|p2a: Ting-Lu|[miss]\n|-miss|p1a: Heatran|p2a: Ting-Lu\n|\n|-heal|p2a: Ting-Lu|100\/100|[from] item: Leftovers\n|upkeep\n|turn|7\n|\n|t:|1700589043\n|switch|p1a: Rillaboom|Rillaboom, M|42\/100 par\n|-fieldstart|move: Grassy Terrain|[from] ability: Grassy Surge|[of] p1a: Rillaboom\n|move|p2a: Ting-Lu|Stealth Rock|p1a: Rillaboom\n|-sidestart|p1: Natdexubers44|move: Stealth Rock\n|\n|-heal|p1a: Rillaboom|48\/100 par|[from] Grassy Terrain\n|upkeep\n|turn|8\n|\n|t:|1700589052\n|switch|p2a: Zapdos|Zapdos|90\/100\n|-damage|p2a: Zapdos|65\/100|[from] Stealth Rock\n|move|p1a: Rillaboom|U-turn|p2a: Zapdos\n|-resisted|p2a: Zapdos\n|-damage|p2a: Zapdos|47\/100\n|\n|t:|1700589057\n|switch|p1a: Heatran|Heatran, M, shiny|100\/100|[from] U-turn\n|-damage|p1a: Heatran|88\/100|[from] Stealth Rock\n|\n|-heal|p1a: Heatran|94\/100|[from] Grassy Terrain\n|-heal|p1a: Heatran|100\/100|[from] item: Leftovers\n|upkeep\n|turn|9\n|\n|t:|1700589069\n|switch|p2a: Ting-Lu|Ting-Lu|100\/100\n|-damage|p2a: Ting-Lu|94\/100|[from] Stealth Rock\n|-ability|p2a: Ting-Lu|Vessel of Ruin\n|move|p1a: Heatran|Taunt|p2a: Ting-Lu\n|-start|p2a: Ting-Lu|move: Taunt\n|\n|-heal|p2a: Ting-Lu|100\/100|[from] Grassy Terrain\n|upkeep\n|turn|10\n|\n|t:|1700589075\n|switch|p1a: Rillaboom|Rillaboom, M|48\/100 par\n|-damage|p1a: Rillaboom|36\/100 par|[from] Stealth Rock\n|switch|p2a: Zapdos|Zapdos|47\/100\n|-damage|p2a: Zapdos|22\/100|[from] Stealth Rock\n|\n|-heal|p1a: Rillaboom|42\/100 par|[from] Grassy Terrain\n|upkeep\n|turn|11\n|\n|t:|1700589078\n|move|p1a: Rillaboom|Grassy Glide|p2a: Zapdos\n|-resisted|p2a: Zapdos\n|-damage|p2a: Zapdos|0 fnt\n|faint|p2a: Zapdos\n|\n|-heal|p1a: Rillaboom|48\/100 par|[from] Grassy Terrain\n|-fieldend|move: Grassy Terrain\n|upkeep\n|\n|t:|1700589086\n|switch|p2a: Ogerpon|Ogerpon-Wellspring, F|100\/100\n|-damage|p2a: Ogerpon|88\/100|[from] Stealth Rock\n|turn|12\n|\n|t:|1700589090\n|switch|p1a: Mandibuzz|Mandibuzz, F|100\/100\n|move|p2a: Ogerpon|U-turn|p1a: Mandibuzz\n|-damage|p1a: Mandibuzz|85\/100\n|\n|t:|1700589094\n|switch|p2a: Ursaluna|Ursaluna, F|49\/100 brn|[from] U-turn\n|-damage|p2a: Ursaluna|43\/100 brn|[from] Stealth Rock\n|\n|-damage|p2a: Ursaluna|37\/100 brn|[from] brn\n|upkeep\n|turn|13\n|\n|t:|1700589100\n|move|p1a: Mandibuzz|Foul Play|p2a: Ursaluna\n|-damage|p2a: Ursaluna|0 fnt\n|faint|p2a: Ursaluna\n|\n|upkeep\n|inactive|OUVT TOSHI has 120 seconds left.\n|\n|t:|1700589132\n|switch|p2a: Zamazenta|Zamazenta|100\/100\n|-ability|p2a: Zamazenta|Dauntless Shield|boost\n|-boost|p2a: Zamazenta|def|1\n|turn|14\n|\n|t:|1700589139\n|switch|p1a: Iron Valiant|Iron Valiant, shiny|100\/100\n|-damage|p1a: Iron Valiant|94\/100|[from] Stealth Rock\n|-enditem|p1a: Iron Valiant|Booster Energy\n|-activate|p1a: Iron Valiant|ability: Quark Drive|[fromitem]\n|-start|p1a: Iron Valiant|quarkdrivespe\n|move|p2a: Zamazenta|Heavy Slam|p1a: Iron Valiant\n|-supereffective|p1a: Iron Valiant\n|-damage|p1a: Iron Valiant|0 fnt\n|faint|p1a: Iron Valiant\n|-end|p1a: Iron Valiant|Quark Drive|[silent]\n|\n|upkeep\n|\n|t:|1700589151\n|switch|p1a: Heatran|Heatran, M, shiny|100\/100\n|-damage|p1a: Heatran|88\/100|[from] Stealth Rock\n|turn|15\n|\n|t:|1700589158\n|-terastallize|p1a: Heatran|Grass\n|move|p2a: Zamazenta|Close Combat|p1a: Heatran\n|-damage|p1a: Heatran|40\/100\n|-unboost|p2a: Zamazenta|def|1\n|-unboost|p2a: Zamazenta|spd|1\n|move|p1a: Heatran|Magma Storm|p2a: Zamazenta\n|-damage|p2a: Zamazenta|46\/100\n|-activate|p2a: Zamazenta|move: Magma Storm|[of] p1a: Heatran\n|\n|-heal|p1a: Heatran|46\/100|[from] item: Leftovers\n|-damage|p2a: Zamazenta|34\/100|[from] move: Magma Storm|[partiallytrapped]\n|upkeep\n|turn|16\n|j| Concept Everything\n|\n|t:|1700589164\n|move|p1a: Heatran|Protect|p1a: Heatran\n|-singleturn|p1a: Heatran|Protect\n|move|p2a: Zamazenta|Close Combat|p1a: Heatran\n|-activate|p1a: Heatran|move: Protect\n|\n|-heal|p1a: Heatran|52\/100|[from] item: Leftovers\n|-damage|p2a: Zamazenta|22\/100|[from] move: Magma Storm|[partiallytrapped]\n|upkeep\n|turn|17\n|\n|t:|1700589175\n|move|p2a: Zamazenta|Close Combat|p1a: Heatran\n|-damage|p1a: Heatran|4\/100\n|-unboost|p2a: Zamazenta|def|1\n|-unboost|p2a: Zamazenta|spd|1\n|move|p1a: Heatran|Earth Power|p2a: Zamazenta\n|-damage|p2a: Zamazenta|0 fnt\n|faint|p2a: Zamazenta\n|\n|-heal|p1a: Heatran|10\/100|[from] item: Leftovers\n|upkeep\n|\n|t:|1700589181\n|switch|p2a: Ogerpon|Ogerpon-Wellspring, F|88\/100\n|-damage|p2a: Ogerpon|76\/100|[from] Stealth Rock\n|turn|18\n|\n|t:|1700589187\n|move|p2a: Ogerpon|U-turn|p1a: Heatran\n|-supereffective|p1a: Heatran\n|-damage|p1a: Heatran|0 fnt\n|faint|p1a: Heatran\n|\n|t:|1700589196\n|switch|p2a: Ting-Lu|Ting-Lu|100\/100|[from] U-turn\n|-damage|p2a: Ting-Lu|94\/100|[from] Stealth Rock\n|-ability|p2a: Ting-Lu|Vessel of Ruin\n|\n|-heal|p2a: Ting-Lu|100\/100|[from] item: Leftovers\n|upkeep\n|\n|t:|1700589199\n|switch|p1a: Rillaboom|Rillaboom, M|48\/100 par\n|-damage|p1a: Rillaboom|36\/100 par|[from] Stealth Rock\n|-fieldstart|move: Grassy Terrain|[from] ability: Grassy Surge|[of] p1a: Rillaboom\n|turn|19\n|\n|t:|1700589206\n|cant|p1a: Rillaboom|par\n|move|p2a: Ting-Lu|Whirlwind|p1a: Rillaboom\n|drag|p1a: Kingambit|Kingambit, M|100\/100\n|-damage|p1a: Kingambit|94\/100|[from] Stealth Rock\n|-activate|p1a: Kingambit|ability: Supreme Overlord\n|-start|p1a: Kingambit|fallen3|[silent]\n|\n|-heal|p1a: Kingambit|100\/100|[from] Grassy Terrain\n|upkeep\n|turn|20\n|\n|t:|1700589216\n|-end|p1a: Kingambit|fallen3|[silent]\n|switch|p1a: Rillaboom|Rillaboom, M|36\/100 par\n|-damage|p1a: Rillaboom|24\/100 par|[from] Stealth Rock\n|move|p2a: Ting-Lu|Ruination|p1a: Rillaboom\n|-damage|p1a: Rillaboom|12\/100 par\n|\n|-heal|p1a: Rillaboom|18\/100 par|[from] Grassy Terrain\n|upkeep\n|turn|21\n|\n|t:|1700589224\n|move|p1a: Rillaboom|Knock Off|p2a: Ting-Lu\n|-resisted|p2a: Ting-Lu\n|-damage|p2a: Ting-Lu|85\/100\n|-enditem|p2a: Ting-Lu|Leftovers|[from] move: Knock Off|[of] p1a: Rillaboom\n|move|p2a: Ting-Lu|Whirlwind|p1a: Rillaboom\n|drag|p1a: Mandibuzz|Mandibuzz, F|85\/100\n|\n|-heal|p2a: Ting-Lu|92\/100|[from] Grassy Terrain\n|upkeep\n|turn|22\n|\n|t:|1700589232\n|move|p1a: Mandibuzz|Defog|p2a: Ting-Lu\n|-unboost|p2a: Ting-Lu|evasion|1\n|-sideend|p2: OUVT TOSHI|Stealth Rock|[from] move: Defog|[of] p1a: Mandibuzz\n|-sideend|p1: Natdexubers44|Stealth Rock|[from] move: Defog|[of] p1a: Mandibuzz\n|-fieldend|move: Grassy Terrain\n|move|p2a: Ting-Lu|Ruination|p1a: Mandibuzz\n|-damage|p1a: Mandibuzz|43\/100\n|\n|upkeep\n|turn|23\n|\n|t:|1700589235\n|switch|p1a: Rillaboom|Rillaboom, M|18\/100 par\n|-fieldstart|move: Grassy Terrain|[from] ability: Grassy Surge|[of] p1a: Rillaboom\n|move|p2a: Ting-Lu|Stealth Rock|p1a: Rillaboom\n|-sidestart|p1: Natdexubers44|move: Stealth Rock\n|\n|-heal|p1a: Rillaboom|25\/100 par|[from] Grassy Terrain\n|-heal|p2a: Ting-Lu|98\/100|[from] Grassy Terrain\n|upkeep\n|turn|24\n|\n|t:|1700589239\n|cant|p1a: Rillaboom|par\n|move|p2a: Ting-Lu|Whirlwind|p1a: Rillaboom\n|drag|p1a: Mandibuzz|Mandibuzz, F|43\/100\n|\n|-heal|p2a: Ting-Lu|100\/100|[from] Grassy Terrain\n|upkeep\n|turn|25\n|\n|t:|1700589247\n|move|p1a: Mandibuzz|Roost|p1a: Mandibuzz\n|-heal|p1a: Mandibuzz|93\/100\n|-singleturn|p1a: Mandibuzz|move: Roost\n|move|p2a: Ting-Lu|Ruination|p1a: Mandibuzz\n|-damage|p1a: Mandibuzz|47\/100\n|\n|-heal|p1a: Mandibuzz|53\/100|[from] Grassy Terrain\n|upkeep\n|turn|26\n|\n|t:|1700589253\n|switch|p2a: Iron Moth|Iron Moth|100\/100\n|-enditem|p2a: Iron Moth|Booster Energy\n|-activate|p2a: Iron Moth|ability: Quark Drive|[fromitem]\n|-start|p2a: Iron Moth|quarkdrivespe\n|move|p1a: Mandibuzz|Defog|p2a: Iron Moth\n|-unboost|p2a: Iron Moth|evasion|1\n|-sideend|p1: Natdexubers44|Stealth Rock|[from] move: Defog|[of] p1a: Mandibuzz\n|-fieldend|move: Grassy Terrain\n|\n|upkeep\n|turn|27\n|\n|t:|1700589258\n|-terastallize|p2a: Iron Moth|Fairy\n|move|p2a: Iron Moth|Dazzling Gleam|p1a: Mandibuzz\n|-supereffective|p1a: Mandibuzz\n|-damage|p1a: Mandibuzz|0 fnt\n|faint|p1a: Mandibuzz\n|\n|upkeep\n|\n|t:|1700589263\n|switch|p1a: Rillaboom|Rillaboom, M|25\/100 par\n|-fieldstart|move: Grassy Terrain|[from] ability: Grassy Surge|[of] p1a: Rillaboom\n|turn|28\n|\n|t:|1700589276\n|-end|p2a: Iron Moth|Quark Drive|[silent]\n|switch|p2a: Ting-Lu|Ting-Lu|100\/100\n|-ability|p2a: Ting-Lu|Vessel of Ruin\n|move|p1a: Rillaboom|Grassy Glide|p2a: Ting-Lu\n|-supereffective|p2a: Ting-Lu\n|-damage|p2a: Ting-Lu|30\/100\n|\n|-heal|p1a: Rillaboom|31\/100 par|[from] Grassy Terrain\n|-heal|p2a: Ting-Lu|36\/100|[from] Grassy Terrain\n|upkeep\n|turn|29\n|\n|t:|1700589279\n|move|p1a: Rillaboom|Grassy Glide|p2a: Ting-Lu\n|-supereffective|p2a: Ting-Lu\n|-damage|p2a: Ting-Lu|0 fnt\n|faint|p2a: Ting-Lu\n|\n|-heal|p1a: Rillaboom|37\/100 par|[from] Grassy Terrain\n|upkeep\n|\n|t:|1700589285\n|switch|p2a: Ogerpon|Ogerpon-Wellspring, F|76\/100\n|turn|30\n|l| Concept Everything\n|\n|t:|1700589288\n|cant|p1a: Rillaboom|par\n|move|p2a: Ogerpon|U-turn|p1a: Rillaboom\n|-supereffective|p1a: Rillaboom\n|-damage|p1a: Rillaboom|0 fnt\n|faint|p1a: Rillaboom\n|\n|t:|1700589293\n|switch|p2a: Iron Moth|Iron Moth, tera:Fairy|100\/100|[from] U-turn\n|\n|upkeep\n|\n|t:|1700589296\n|switch|p1a: Kingambit|Kingambit, M|100\/100\n|-activate|p1a: Kingambit|ability: Supreme Overlord\n|-start|p1a: Kingambit|fallen5|[silent]\n|turn|31\n|\n|t:|1700589300\n|move|p2a: Iron Moth|Fiery Dance|p1a: Kingambit\n|-supereffective|p1a: Kingambit\n|-damage|p1a: Kingambit|3\/100\n|move|p1a: Kingambit|Iron Head|p2a: Iron Moth\n|-supereffective|p2a: Iron Moth\n|-damage|p2a: Iron Moth|0 fnt\n|faint|p2a: Iron Moth\n|-end|p2a: Iron Moth|Quark Drive|[silent]\n|\n|-heal|p1a: Kingambit|9\/100|[from] Grassy Terrain\n|upkeep\n|\n|t:|1700589303\n|switch|p2a: Ogerpon|Ogerpon-Wellspring, F|76\/100\n|turn|32\n|\n|t:|1700589306\n|move|p1a: Kingambit|Sucker Punch|p2a: Ogerpon\n|-damage|p2a: Ogerpon|0 fnt\n|faint|p2a: Ogerpon\n|\n|win|Natdexubers44\n|raw|Natdexubers44's rating: 1524 &rarr; <strong>1548<\/strong><br \/>(+24 for winning)\n|raw|OUVT TOSHI's rating: 1590 &rarr; <strong>1566<\/strong><br \/>(-24 for losing)\n|l|\u2606OUVT TOSHI\n","uploadtime":1700589318,"views":9,"p1id":"natdexubers44","p2id":"ouvttoshi","formatid":"gen9ou","rating":1548,"private":0,"password":""}