{"id":"gen9ou-1996450304","p1":"broci","p2":"tallkevv","format":"[Gen 9] OU","log":"|j|\u2606broci\n|j|\u2606tallkevv\n|t:|1700683178\n|gametype|singles\n|player|p1|broci|1|1119\n|player|p2|tallkevv|102|1112\n|teamsize|p1|6\n|teamsize|p2|6\n|gen|9\n|tier|[Gen 9] OU\n|rated|\n|rule|Sleep Clause Mod: Limit one foe put to sleep\n|rule|Species Clause: Limit one of each Pok\u00e9mon\n|rule|OHKO Clause: OHKO moves are banned\n|rule|Evasion Items Clause: Evasion items are banned\n|rule|Evasion Moves Clause: Evasion moves are banned\n|rule|Endless Battle Clause: Forcing endless battles is banned\n|rule|HP Percentage Mod: HP is shown in percentages\n|clearpoke\n|poke|p1|Landorus-Therian, M|\n|poke|p1|Arcanine-Hisui, M|\n|poke|p1|Corviknight, M|\n|poke|p1|Ogerpon-Wellspring, F|\n|poke|p1|Thundurus-Therian, M|\n|poke|p1|Garchomp, F|\n|poke|p2|Sinistcha-Masterpiece|\n|poke|p2|Gholdengo|\n|poke|p2|Hatterene, F|\n|poke|p2|Manaphy|\n|poke|p2|Samurott-Hisui, F|\n|poke|p2|Dragapult, M|\n|teampreview\n|\n|t:|1700683197\n|start\n|switch|p1a: Arcanine|Arcanine-Hisui, M|100\/100\n|switch|p2a: Samurott|Samurott-Hisui, F|100\/100\n|turn|1\n|\n|t:|1700683205\n|move|p1a: Arcanine|Close Combat|p2a: Samurott\n|-supereffective|p2a: Samurott\n|-damage|p2a: Samurott|0 fnt\n|-unboost|p1a: Arcanine|def|1\n|-unboost|p1a: Arcanine|spd|1\n|faint|p2a: Samurott\n|\n|upkeep\n|\n|t:|1700683210\n|switch|p2a: Sinistcha|Sinistcha-Masterpiece|100\/100\n|turn|2\n|\n|t:|1700683219\n|switch|p1a: Thundurus|Thundurus-Therian, M|100\/100\n|move|p2a: Sinistcha|Calm Mind|p2a: Sinistcha\n|-boost|p2a: Sinistcha|spa|1\n|-boost|p2a: Sinistcha|spd|1\n|\n|upkeep\n|turn|3\n|inactive|Battle timer is ON: inactive players will automatically lose when time's up. (requested by tallkevv)\n|\n|t:|1700683229\n|move|p1a: Thundurus|Nasty Plot|p1a: Thundurus\n|-boost|p1a: Thundurus|spa|2\n|move|p2a: Sinistcha|Matcha Gotcha|p1a: Thundurus\n|-resisted|p1a: Thundurus\n|-damage|p1a: Thundurus|61\/100\n|\n|upkeep\n|turn|4\n|\n|t:|1700683250\n|-terastallize|p1a: Thundurus|Ice\n|move|p1a: Thundurus|Tera Blast|p2a: Sinistcha|[anim] Tera Blast Ice\n|-supereffective|p2a: Sinistcha\n|-damage|p2a: Sinistcha|0 fnt\n|faint|p2a: Sinistcha\n|\n|upkeep\n|\n|t:|1700683263\n|switch|p2a: Hatterene|Hatterene, F, shiny|100\/100\n|turn|5\n|\n|t:|1700683269\n|-terastallize|p2a: Hatterene|Fire\n|move|p1a: Thundurus|Tera Blast|p2a: Hatterene|[anim] Tera Blast Ice\n|-resisted|p2a: Hatterene\n|-damage|p2a: Hatterene|53\/100\n|move|p2a: Hatterene|Tera Blast|p1a: Thundurus|[anim] Tera Blast Fire\n|-supereffective|p1a: Thundurus\n|-damage|p1a: Thundurus|0 fnt\n|faint|p1a: Thundurus\n|\n|-heal|p2a: Hatterene|60\/100|[from] item: Leftovers\n|upkeep\n|\n|t:|1700683273\n|switch|p1a: Garchomp|Garchomp, F|100\/100\n|turn|6\n|\n|t:|1700683281\n|move|p1a: Garchomp|Earthquake|p2a: Hatterene\n|-supereffective|p2a: Hatterene\n|-damage|p2a: Hatterene|0 fnt\n|faint|p2a: Hatterene\n|\n|upkeep\n|\n|t:|1700683291\n|switch|p2a: Manaphy|Manaphy, shiny|100\/100\n|turn|7\n|\n|t:|1700683296\n|move|p1a: Garchomp|Scale Shot|p2a: Manaphy\n|-damage|p2a: Manaphy|88\/100\n|-damage|p2a: Manaphy|76\/100\n|-damage|p2a: Manaphy|64\/100\n|-damage|p2a: Manaphy|50\/100\n|-damage|p2a: Manaphy|37\/100\n|-hitcount|p2a: Manaphy|5\n|-unboost|p1a: Garchomp|def|1\n|-boost|p1a: Garchomp|spe|1\n|move|p2a: Manaphy|Acid Armor|p2a: Manaphy\n|-boost|p2a: Manaphy|def|2\n|\n|-heal|p2a: Manaphy|43\/100|[from] item: Leftovers\n|upkeep\n|turn|8\n|\n|t:|1700683310\n|move|p1a: Garchomp|Scale Shot|p2a: Manaphy\n|-damage|p2a: Manaphy|37\/100\n|-damage|p2a: Manaphy|31\/100\n|-damage|p2a: Manaphy|25\/100\n|-crit|p2a: Manaphy\n|-damage|p2a: Manaphy|5\/100\n|-damage|p2a: Manaphy|0 fnt\n|faint|p2a: Manaphy\n|-hitcount|p2: Manaphy|5\n|-unboost|p1a: Garchomp|def|1\n|-boost|p1a: Garchomp|spe|1\n|\n|upkeep\n|\n|t:|1700683320\n|switch|p2a: Dragapult|Dragapult, M|100\/100\n|turn|9\n|\n|t:|1700683325\n|move|p1a: Garchomp|Scale Shot|p2a: Dragapult\n|-supereffective|p2a: Dragapult\n|-damage|p2a: Dragapult|60\/100\n|-supereffective|p2a: Dragapult\n|-damage|p2a: Dragapult|24\/100\n|-supereffective|p2a: Dragapult\n|-damage|p2a: Dragapult|0 fnt\n|faint|p2a: Dragapult\n|-hitcount|p2: Dragapult|3\n|-unboost|p1a: Garchomp|def|1\n|-boost|p1a: Garchomp|spe|1\n|\n|upkeep\n|\n|t:|1700683327\n|switch|p2a: Gholdengo|Gholdengo|100\/100\n|turn|10\n|\n|t:|1700683337\n|move|p1a: Garchomp|Earthquake|p2a: Gholdengo\n|-supereffective|p2a: Gholdengo\n|-damage|p2a: Gholdengo|0 fnt\n|faint|p2a: Gholdengo\n|\n|win|broci\n|raw|broci's rating: 1119 &rarr; <strong>1143<\/strong><br \/>(+24 for winning)\n|raw|tallkevv's rating: 1112 &rarr; <strong>1088<\/strong><br \/>(-24 for losing)\n|l|\u2606tallkevv\n","uploadtime":1700683342,"views":2,"p1id":"broci","p2id":"tallkevv","formatid":"gen9ou","rating":1088,"private":0,"password":""}