{"id":"gen9ou-1994599328","p1":"Rod Packwis","p2":"CyberH3","format":"[Gen 9] OU","log":"|j|\u2606Rod Packwis\n|j|\u2606CyberH3\n|t:|1700467061\n|gametype|singles\n|player|p1|Rod Packwis|266|1360\n|player|p2|CyberH3|mars|1435\n|teamsize|p1|6\n|teamsize|p2|6\n|gen|9\n|tier|[Gen 9] OU\n|rated|\n|rule|Sleep Clause Mod: Limit one foe put to sleep\n|rule|Species Clause: Limit one of each Pok\u00e9mon\n|rule|OHKO Clause: OHKO moves are banned\n|rule|Evasion Items Clause: Evasion items are banned\n|rule|Evasion Moves Clause: Evasion moves are banned\n|rule|Endless Battle Clause: Forcing endless battles is banned\n|rule|HP Percentage Mod: HP is shown in percentages\n|clearpoke\n|poke|p1|Iron Valiant|\n|poke|p1|Ribombee, M|\n|poke|p1|Glimmora, F|\n|poke|p1|Gholdengo|\n|poke|p1|Kingambit, M|\n|poke|p1|Ogerpon-Wellspring, F|\n|poke|p2|Goodra-Hisui, M|\n|poke|p2|Scizor, F|\n|poke|p2|Mimikyu, F|\n|poke|p2|Iron Valiant|\n|poke|p2|Talonflame, F|\n|poke|p2|Lokix, M|\n|teampreview\n|\n|t:|1700467075\n|start\n|switch|p1a: Glimmora|Glimmora, F|100\/100\n|switch|p2a: The XO|Talonflame, F|100\/100\n|turn|1\n|inactive|Battle timer is ON: inactive players will automatically lose when time's up. (requested by Rod Packwis)\n|\n|t:|1700467085\n|switch|p2a: Snailtare|Goodra-Hisui, M|100\/100\n|move|p1a: Glimmora|Power Gem|p2a: Snailtare\n|-resisted|p2a: Snailtare\n|-damage|p2a: Snailtare|88\/100\n|\n|-heal|p2a: Snailtare|94\/100|[from] item: Leftovers\n|upkeep\n|turn|2\n|\n|t:|1700467090\n|move|p1a: Glimmora|Stealth Rock|p2a: Snailtare\n|-sidestart|p2: CyberH3|move: Stealth Rock\n|move|p2a: Snailtare|Hydro Pump|p1a: Glimmora\n|-supereffective|p1a: Glimmora\n|-enditem|p1a: Glimmora|Focus Sash\n|-damage|p1a: Glimmora|1\/100\n|\n|-heal|p2a: Snailtare|99\/100|[from] item: Leftovers\n|upkeep\n|turn|3\n|\n|t:|1700467096\n|move|p1a: Glimmora|Earth Power|p2a: Snailtare\n|-supereffective|p2a: Snailtare\n|-damage|p2a: Snailtare|56\/100\n|move|p2a: Snailtare|Flamethrower|p1a: Glimmora\n|-resisted|p1a: Glimmora\n|-crit|p1a: Glimmora\n|-damage|p1a: Glimmora|0 fnt\n|faint|p1a: Glimmora\n|\n|-heal|p2a: Snailtare|62\/100|[from] item: Leftovers\n|upkeep\n|\n|t:|1700467100\n|switch|p1a: Ribombee|Ribombee, M|100\/100\n|turn|4\n|\n|t:|1700467104\n|move|p1a: Ribombee|Sticky Web|p2a: Snailtare\n|-sidestart|p2: CyberH3|move: Sticky Web\n|move|p2a: Snailtare|Flamethrower|p1a: Ribombee\n|-supereffective|p1a: Ribombee\n|-enditem|p1a: Ribombee|Focus Sash\n|-damage|p1a: Ribombee|1\/100\n|\n|-heal|p2a: Snailtare|68\/100|[from] item: Leftovers\n|upkeep\n|turn|5\n|\n|t:|1700467126\n|move|p2a: Snailtare|Protect|p2a: Snailtare\n|-singleturn|p2a: Snailtare|Protect\n|move|p1a: Ribombee|Moonblast|p2a: Snailtare\n|-activate|p2a: Snailtare|move: Protect\n|\n|-heal|p2a: Snailtare|74\/100|[from] item: Leftovers\n|upkeep\n|turn|6\n|\n|t:|1700467131\n|move|p1a: Ribombee|Moonblast|p2a: Snailtare\n|-damage|p2a: Snailtare|47\/100\n|-unboost|p2a: Snailtare|spa|1\n|move|p2a: Snailtare|Flamethrower|p1a: Ribombee\n|-supereffective|p1a: Ribombee\n|-crit|p1a: Ribombee\n|-damage|p1a: Ribombee|0 fnt\n|faint|p1a: Ribombee\n|\n|-heal|p2a: Snailtare|53\/100|[from] item: Leftovers\n|upkeep\n|\n|t:|1700467141\n|switch|p1a: Iron Valiant|Iron Valiant|100\/100\n|-enditem|p1a: Iron Valiant|Booster Energy\n|-activate|p1a: Iron Valiant|ability: Quark Drive|[fromitem]\n|-start|p1a: Iron Valiant|quarkdrivespe\n|turn|7\n|\n|t:|1700467145\n|move|p1a: Iron Valiant|Swords Dance|p1a: Iron Valiant\n|-boost|p1a: Iron Valiant|atk|2\n|move|p2a: Snailtare|Hydro Pump|p1a: Iron Valiant\n|-damage|p1a: Iron Valiant|54\/100\n|\n|-heal|p2a: Snailtare|59\/100|[from] item: Leftovers\n|upkeep\n|turn|8\n|\n|t:|1700467156\n|move|p2a: Snailtare|Protect|p2a: Snailtare\n|-singleturn|p2a: Snailtare|Protect\n|move|p1a: Iron Valiant|Knock Off|p2a: Snailtare\n|-activate|p2a: Snailtare|move: Protect\n|\n|-heal|p2a: Snailtare|65\/100|[from] item: Leftovers\n|upkeep\n|turn|9\n|\n|t:|1700467160\n|move|p1a: Iron Valiant|Close Combat|p2a: Snailtare\n|-supereffective|p2a: Snailtare\n|-damage|p2a: Snailtare|0 fnt\n|-unboost|p1a: Iron Valiant|def|1\n|-unboost|p1a: Iron Valiant|spd|1\n|faint|p2a: Snailtare\n|\n|upkeep\n|\n|t:|1700467164\n|switch|p2a: Eat With Scissors|Scizor, F|100\/100\n|-damage|p2a: Eat With Scissors|88\/100|[from] Stealth Rock\n|-activate|p2a: Eat With Scissors|move: Sticky Web\n|-unboost|p2a: Eat With Scissors|spe|1\n|turn|10\n|\n|t:|1700467179\n|-terastallize|p1a: Iron Valiant|Fighting\n|move|p2a: Eat With Scissors|Bullet Punch|p1a: Iron Valiant\n|-damage|p1a: Iron Valiant|0 fnt\n|faint|p1a: Iron Valiant\n|-end|p1a: Iron Valiant|Quark Drive|[silent]\n|-damage|p2a: Eat With Scissors|78\/100|[from] item: Life Orb\n|\n|upkeep\n|\n|t:|1700467185\n|switch|p1a: Ogerpon|Ogerpon-Wellspring, F|100\/100\n|turn|11\n|\n|t:|1700467188\n|move|p1a: Ogerpon|Ivy Cudgel|p2a: Eat With Scissors|[anim] Ivy Cudgel Water\n|-damage|p2a: Eat With Scissors|24\/100\n|move|p2a: Eat With Scissors|U-turn|p1a: Ogerpon\n|-supereffective|p1a: Ogerpon\n|-damage|p1a: Ogerpon|0 fnt\n|faint|p1a: Ogerpon\n|-damage|p2a: Eat With Scissors|14\/100|[from] item: Life Orb\n|\n|t:|1700467192\n|switch|p2a: Morf LeRosh|Lokix, M|100\/100|[from] U-turn\n|-damage|p2a: Morf LeRosh|76\/100|[from] Stealth Rock\n|-activate|p2a: Morf LeRosh|move: Sticky Web\n|-unboost|p2a: Morf LeRosh|spe|1\n|\n|upkeep\n|\n|t:|1700467199\n|switch|p1a: Gholdengo|Gholdengo|100\/100\n|-item|p1a: Gholdengo|Air Balloon\n|turn|12\n|\n|t:|1700467204\n|move|p1a: Gholdengo|Nasty Plot|p1a: Gholdengo\n|-boost|p1a: Gholdengo|spa|2\n|move|p2a: Morf LeRosh|Knock Off|p1a: Gholdengo\n|-supereffective|p1a: Gholdengo\n|-damage|p1a: Gholdengo|0 fnt\n|-enditem|p1a: Gholdengo|Air Balloon\n|faint|p1a: Gholdengo\n|-damage|p2a: Morf LeRosh|66\/100|[from] item: Life Orb\n|\n|upkeep\n|-message|Rod Packwis forfeited.\n|\n|win|CyberH3\n|raw|Rod Packwis's rating: 1360 &rarr; <strong>1344<\/strong><br \/>(-16 for losing)\n|raw|CyberH3's rating: 1435 &rarr; <strong>1451<\/strong><br \/>(+16 for winning)\n|l|\u2606Rod Packwis\n","uploadtime":1700467220,"views":11,"p1id":"rodpackwis","p2id":"cyberh3","formatid":"gen9ou","rating":1344,"private":0,"password":""}