{"id":"gen9ou-1991948705","p1":"StallUntilYouRage","p2":"Zovafire","format":"[Gen 9] OU","log":"|j|\u2606StallUntilYouRage\n|j|\u2606Zovafire\n|t:|1700141539\n|gametype|singles\n|player|p1|StallUntilYouRage|wattson|1387\n|player|p2|Zovafire|roxie|1437\n|teamsize|p1|6\n|teamsize|p2|6\n|gen|9\n|tier|[Gen 9] OU\n|rated|\n|rule|Sleep Clause Mod: Limit one foe put to sleep\n|rule|Species Clause: Limit one of each Pok\u00e9mon\n|rule|OHKO Clause: OHKO moves are banned\n|rule|Evasion Items Clause: Evasion items are banned\n|rule|Evasion Moves Clause: Evasion moves are banned\n|rule|Endless Battle Clause: Forcing endless battles is banned\n|rule|HP Percentage Mod: HP is shown in percentages\n|clearpoke\n|poke|p1|Clodsire, M|\n|poke|p1|Dondozo, M|\n|poke|p1|Alomomola, F|\n|poke|p1|Toxapex, F|\n|poke|p1|Blissey, F|\n|poke|p1|Talonflame, M|\n|poke|p2|Great Tusk|\n|poke|p2|Ogerpon-Wellspring, F|\n|poke|p2|Hatterene, F|\n|poke|p2|Kingambit, M|\n|poke|p2|Meowscarada, F|\n|poke|p2|Ninetales-Alola, F|\n|teampreview\n|inactive|Battle timer is ON: inactive players will automatically lose when time's up. (requested by Zovafire)\n|inactive|StallUntilYouRage also wants the timer to be on.\n|\n|t:|1700141549\n|start\n|switch|p1a: Talonflame|Talonflame, M|100\/100\n|switch|p2a: Shiver Tails|Ninetales-Alola, F|100\/100\n|-weather|Snow|[from] ability: Snow Warning|[of] p2a: Shiver Tails\n|turn|1\n|\n|t:|1700141554\n|move|p2a: Shiver Tails|Aurora Veil|p2a: Shiver Tails\n|-sidestart|p2: Zovafire|move: Aurora Veil\n|move|p1a: Talonflame|Defog|p2a: Shiver Tails\n|-unboost|p2a: Shiver Tails|evasion|1\n|-sideend|p2: Zovafire|move: Aurora Veil\n|\n|-weather|Snow|[upkeep]\n|upkeep\n|turn|2\n|\n|t:|1700141561\n|move|p2a: Shiver Tails|Encore|p1a: Talonflame\n|-start|p1a: Talonflame|Encore\n|move|p1a: Talonflame|Defog|p2a: Shiver Tails\n|-unboost|p2a: Shiver Tails|evasion|1\n|\n|-weather|Snow|[upkeep]\n|upkeep\n|turn|3\n|\n|t:|1700141566\n|switch|p2a: Wellspring Cudgel|Ogerpon-Wellspring, F|100\/100\n|switch|p1a: Docsire|Clodsire, M|100\/100\n|\n|-weather|Snow|[upkeep]\n|upkeep\n|turn|4\n|\n|t:|1700141571\n|switch|p2a: Fungal Witch|Hatterene, F|100\/100\n|move|p1a: Docsire|Toxic|p2a: Fungal Witch\n|move|p2a: Fungal Witch|Toxic|p1a: Docsire|[from]ability: Magic Bounce\n|-immune|p1a: Docsire\n|\n|-weather|Snow|[upkeep]\n|upkeep\n|turn|5\n|\n|t:|1700141581\n|switch|p1a: Alomaloma|Alomomola, F|100\/100\n|move|p2a: Fungal Witch|Nuzzle|p1a: Alomaloma\n|-supereffective|p1a: Alomaloma\n|-damage|p1a: Alomaloma|96\/100\n|-status|p1a: Alomaloma|par\n|\n|-weather|none\n|upkeep\n|turn|6\n|\n|t:|1700141583\n|move|p2a: Fungal Witch|Calm Mind|p2a: Fungal Witch\n|-boost|p2a: Fungal Witch|spa|1\n|-boost|p2a: Fungal Witch|spd|1\n|move|p1a: Alomaloma|Flip Turn|p2a: Fungal Witch\n|-damage|p2a: Fungal Witch|85\/100\n|\n|t:|1700141590\n|switch|p1a: Blissey|Blissey, F|100\/100|[from] Flip Turn\n|\n|-heal|p2a: Fungal Witch|91\/100|[from] item: Leftovers\n|upkeep\n|turn|7\n|\n|t:|1700141592\n|move|p1a: Blissey|Seismic Toss|p2a: Fungal Witch\n|-damage|p2a: Fungal Witch|60\/100\n|move|p2a: Fungal Witch|Calm Mind|p2a: Fungal Witch\n|-boost|p2a: Fungal Witch|spa|1\n|-boost|p2a: Fungal Witch|spd|1\n|\n|-heal|p2a: Fungal Witch|66\/100|[from] item: Leftovers\n|upkeep\n|turn|8\n|\n|t:|1700141604\n|move|p1a: Blissey|Seismic Toss|p2a: Fungal Witch\n|-damage|p2a: Fungal Witch|34\/100\n|move|p2a: Fungal Witch|Nuzzle|p1a: Blissey\n|-damage|p1a: Blissey|97\/100\n|-status|p1a: Blissey|par\n|\n|-heal|p2a: Fungal Witch|40\/100|[from] item: Leftovers\n|upkeep\n|turn|9\n|\n|t:|1700141606\n|move|p2a: Fungal Witch|Draining Kiss|p1a: Blissey\n|-damage|p1a: Blissey|81\/100 par\n|-heal|p2a: Fungal Witch|67\/100|[from] drain|[of] p1a: Blissey\n|move|p1a: Blissey|Seismic Toss|p2a: Fungal Witch\n|-damage|p2a: Fungal Witch|36\/100\n|\n|-heal|p2a: Fungal Witch|42\/100|[from] item: Leftovers\n|upkeep\n|turn|10\n|\n|t:|1700141613\n|move|p2a: Fungal Witch|Draining Kiss|p1a: Blissey\n|-damage|p1a: Blissey|65\/100 par\n|-heal|p2a: Fungal Witch|70\/100|[from] drain|[of] p1a: Blissey\n|move|p1a: Blissey|Seismic Toss|p2a: Fungal Witch\n|-damage|p2a: Fungal Witch|38\/100\n|\n|-heal|p2a: Fungal Witch|44\/100|[from] item: Leftovers\n|upkeep\n|turn|11\n|\n|t:|1700141622\n|move|p2a: Fungal Witch|Calm Mind|p2a: Fungal Witch\n|-boost|p2a: Fungal Witch|spa|1\n|-boost|p2a: Fungal Witch|spd|1\n|move|p1a: Blissey|Heal Bell|p1a: Blissey\n|-activate|p1a: Blissey|move: Heal Bell\n|-curestatus|p1a: Blissey|par|[msg]\n|-curestatus|p1: Alomaloma|par|[msg]\n|\n|-heal|p2a: Fungal Witch|50\/100|[from] item: Leftovers\n|upkeep\n|turn|12\n|\n|t:|1700141627\n|move|p1a: Blissey|Seismic Toss|p2a: Fungal Witch\n|-damage|p2a: Fungal Witch|18\/100\n|move|p2a: Fungal Witch|Nuzzle|p1a: Blissey\n|-damage|p1a: Blissey|61\/100\n|-status|p1a: Blissey|par\n|\n|-heal|p2a: Fungal Witch|24\/100|[from] item: Leftovers\n|upkeep\n|turn|13\n|\n|t:|1700141629\n|move|p2a: Fungal Witch|Draining Kiss|p1a: Blissey\n|-damage|p1a: Blissey|42\/100 par\n|-heal|p2a: Fungal Witch|56\/100|[from] drain|[of] p1a: Blissey\n|move|p1a: Blissey|Seismic Toss|p2a: Fungal Witch\n|-damage|p2a: Fungal Witch|25\/100\n|\n|-heal|p2a: Fungal Witch|31\/100|[from] item: Leftovers\n|upkeep\n|turn|14\n|\n|t:|1700141634\n|-curestatus|p1a: Blissey|par|[from] ability: Natural Cure\n|switch|p1a: Docsire|Clodsire, M|100\/100\n|move|p2a: Fungal Witch|Draining Kiss|p1a: Docsire\n|-resisted|p1a: Docsire\n|-damage|p1a: Docsire|94\/100\n|-heal|p2a: Fungal Witch|38\/100|[from] drain|[of] p1a: Docsire\n|\n|-heal|p2a: Fungal Witch|44\/100|[from] item: Leftovers\n|upkeep\n|turn|15\n|\n|t:|1700141637\n|move|p2a: Fungal Witch|Stored Power|p1a: Docsire\n|-supereffective|p1a: Docsire\n|-damage|p1a: Docsire|32\/100\n|move|p1a: Docsire|Earthquake|p2a: Fungal Witch\n|-damage|p2a: Fungal Witch|21\/100\n|\n|-heal|p2a: Fungal Witch|27\/100|[from] item: Leftovers\n|upkeep\n|turn|16\n|\n|t:|1700141653\n|-terastallize|p1a: Docsire|Psychic\n|move|p2a: Fungal Witch|Stored Power|p1a: Docsire\n|-resisted|p1a: Docsire\n|-damage|p1a: Docsire|14\/100\n|move|p1a: Docsire|Recover|p1a: Docsire\n|-heal|p1a: Docsire|64\/100\n|\n|-heal|p2a: Fungal Witch|33\/100|[from] item: Leftovers\n|upkeep\n|turn|17\n|\n|t:|1700141658\n|move|p2a: Fungal Witch|Draining Kiss|p1a: Docsire\n|-damage|p1a: Docsire|52\/100\n|-heal|p2a: Fungal Witch|46\/100|[from] drain|[of] p1a: Docsire\n|move|p1a: Docsire|Recover|p1a: Docsire\n|-heal|p1a: Docsire|100\/100\n|\n|-heal|p2a: Fungal Witch|52\/100|[from] item: Leftovers\n|upkeep\n|turn|18\n|\n|t:|1700141660\n|move|p2a: Fungal Witch|Nuzzle|p1a: Docsire\n|-damage|p1a: Docsire|96\/100\n|-status|p1a: Docsire|par\n|move|p1a: Docsire|Earthquake|p2a: Fungal Witch\n|-damage|p2a: Fungal Witch|29\/100\n|\n|-heal|p2a: Fungal Witch|35\/100|[from] item: Leftovers\n|upkeep\n|turn|19\n|\n|t:|1700141667\n|move|p2a: Fungal Witch|Draining Kiss|p1a: Docsire\n|-damage|p1a: Docsire|85\/100 par\n|-heal|p2a: Fungal Witch|47\/100|[from] drain|[of] p1a: Docsire\n|move|p1a: Docsire|Earthquake|p2a: Fungal Witch\n|-damage|p2a: Fungal Witch|25\/100\n|\n|-heal|p2a: Fungal Witch|31\/100|[from] item: Leftovers\n|upkeep\n|turn|20\n|\n|t:|1700141673\n|move|p2a: Fungal Witch|Draining Kiss|p1a: Docsire\n|-damage|p1a: Docsire|72\/100 par\n|-heal|p2a: Fungal Witch|45\/100|[from] drain|[of] p1a: Docsire\n|cant|p1a: Docsire|par\n|\n|-heal|p2a: Fungal Witch|51\/100|[from] item: Leftovers\n|upkeep\n|turn|21\n|\n|t:|1700141676\n|move|p2a: Fungal Witch|Draining Kiss|p1a: Docsire\n|-damage|p1a: Docsire|60\/100 par\n|-heal|p2a: Fungal Witch|64\/100|[from] drain|[of] p1a: Docsire\n|move|p1a: Docsire|Recover|p1a: Docsire\n|-heal|p1a: Docsire|100\/100 par\n|\n|-heal|p2a: Fungal Witch|70\/100|[from] item: Leftovers\n|upkeep\n|turn|22\n|\n|t:|1700141682\n|move|p2a: Fungal Witch|Calm Mind|p2a: Fungal Witch\n|-boost|p2a: Fungal Witch|spa|1\n|-boost|p2a: Fungal Witch|spd|1\n|move|p1a: Docsire|Earthquake|p2a: Fungal Witch\n|-damage|p2a: Fungal Witch|46\/100\n|\n|-heal|p2a: Fungal Witch|52\/100|[from] item: Leftovers\n|upkeep\n|turn|23\n|\n|t:|1700141686\n|move|p2a: Fungal Witch|Calm Mind|p2a: Fungal Witch\n|-boost|p2a: Fungal Witch|spa|1\n|-boost|p2a: Fungal Witch|spd|1\n|cant|p1a: Docsire|par\n|\n|-heal|p2a: Fungal Witch|58\/100|[from] item: Leftovers\n|upkeep\n|turn|24\n|\n|t:|1700141688\n|move|p2a: Fungal Witch|Calm Mind|p2a: Fungal Witch\n|-boost|p2a: Fungal Witch|spa|1\n|-boost|p2a: Fungal Witch|spd|1\n|move|p1a: Docsire|Earthquake|p2a: Fungal Witch\n|-damage|p2a: Fungal Witch|35\/100\n|\n|-heal|p2a: Fungal Witch|41\/100|[from] item: Leftovers\n|upkeep\n|turn|25\n|\n|t:|1700141703\n|move|p2a: Fungal Witch|Stored Power|p1a: Docsire\n|-resisted|p1a: Docsire\n|-damage|p1a: Docsire|68\/100 par\n|cant|p1a: Docsire|par\n|\n|-heal|p2a: Fungal Witch|47\/100|[from] item: Leftovers\n|upkeep\n|turn|26\n|\n|t:|1700141708\n|move|p2a: Fungal Witch|Stored Power|p1a: Docsire\n|-resisted|p1a: Docsire\n|-damage|p1a: Docsire|39\/100 par\n|move|p1a: Docsire|Haze|p1a: Docsire\n|-clearallboost\n|\n|-heal|p2a: Fungal Witch|53\/100|[from] item: Leftovers\n|upkeep\n|turn|27\n|\n|t:|1700141723\n|move|p2a: Fungal Witch|Calm Mind|p2a: Fungal Witch\n|-boost|p2a: Fungal Witch|spa|1\n|-boost|p2a: Fungal Witch|spd|1\n|move|p1a: Docsire|Recover|p1a: Docsire\n|-heal|p1a: Docsire|89\/100 par\n|\n|-heal|p2a: Fungal Witch|59\/100|[from] item: Leftovers\n|upkeep\n|turn|28\n|\n|t:|1700141748\n|switch|p1a: Blissey|Blissey, F|42\/100\n|move|p2a: Fungal Witch|Calm Mind|p2a: Fungal Witch\n|-boost|p2a: Fungal Witch|spa|1\n|-boost|p2a: Fungal Witch|spd|1\n|\n|-heal|p2a: Fungal Witch|65\/100|[from] item: Leftovers\n|upkeep\n|turn|29\n|\n|t:|1700141756\n|move|p1a: Blissey|Soft-Boiled|p1a: Blissey\n|-heal|p1a: Blissey|92\/100\n|move|p2a: Fungal Witch|Stored Power|p1a: Blissey\n|-damage|p1a: Blissey|58\/100\n|\n|-heal|p2a: Fungal Witch|71\/100|[from] item: Leftovers\n|upkeep\n|turn|30\n|\n|t:|1700141778\n|switch|p1a: Docsire|Clodsire, M, tera:Psychic|89\/100 par\n|move|p2a: Fungal Witch|Nuzzle|p1a: Docsire\n|-damage|p1a: Docsire|85\/100 par\n|\n|-heal|p2a: Fungal Witch|77\/100|[from] item: Leftovers\n|upkeep\n|turn|31\n|\n|t:|1700141781\n|move|p2a: Fungal Witch|Stored Power|p1a: Docsire\n|-resisted|p1a: Docsire\n|-damage|p1a: Docsire|73\/100 par\n|move|p1a: Docsire|Haze|p1a: Docsire\n|-clearallboost\n|\n|-heal|p2a: Fungal Witch|83\/100|[from] item: Leftovers\n|upkeep\n|turn|32\n|\n|t:|1700141789\n|switch|p2a: Shiver Tails|Ninetales-Alola, F|100\/100\n|-weather|Snow|[from] ability: Snow Warning|[of] p2a: Shiver Tails\n|cant|p1a: Docsire|par\n|\n|-weather|Snow|[upkeep]\n|upkeep\n|turn|33\n|\n|t:|1700141806\n|move|p2a: Shiver Tails|Aurora Veil|p2a: Shiver Tails\n|-sidestart|p2: Zovafire|move: Aurora Veil\n|move|p1a: Docsire|Toxic|p2a: Shiver Tails\n|-status|p2a: Shiver Tails|tox\n|\n|-weather|Snow|[upkeep]\n|-damage|p2a: Shiver Tails|94\/100 tox|[from] psn\n|upkeep\n|turn|34\n|inactive|Zovafire has 120 seconds left.\n|\n|t:|1700141842\n|switch|p1a: Blissey|Blissey, F|58\/100\n|move|p2a: Shiver Tails|Freeze-Dry|p1a: Blissey\n|-crit|p1a: Blissey\n|-damage|p1a: Blissey|46\/100\n|\n|-weather|Snow|[upkeep]\n|-damage|p2a: Shiver Tails|82\/100 tox|[from] psn\n|upkeep\n|turn|35\n|inactive|Zovafire has 120 seconds left.\n|\n|t:|1700141859\n|switch|p2a: Wellspring Cudgel|Ogerpon-Wellspring, F|100\/100\n|move|p1a: Blissey|Soft-Boiled|p1a: Blissey\n|-heal|p1a: Blissey|96\/100\n|\n|-weather|Snow|[upkeep]\n|upkeep\n|turn|36\n|\n|t:|1700141862\n|switch|p1a: Toxepax|Toxapex, F|100\/100\n|-terastallize|p2a: Wellspring Cudgel|Water\n|detailschange|p2a: Wellspring Cudgel|Ogerpon-Wellspring-Tera, F, tera:Water\n|-ability|p2a: Wellspring Cudgel|Embody Aspect (Wellspring)|boost\n|-boost|p2a: Wellspring Cudgel|spd|1\n|move|p2a: Wellspring Cudgel|Ivy Cudgel|p1a: Toxepax|[anim] Ivy Cudgel Water\n|-resisted|p1a: Toxepax\n|-crit|p1a: Toxepax\n|-damage|p1a: Toxepax|62\/100\n|\n|-weather|none\n|upkeep\n|turn|37\n|inactive|Zovafire has 120 seconds left.\n|\n|t:|1700141880\n|move|p2a: Wellspring Cudgel|Swords Dance|p2a: Wellspring Cudgel\n|-boost|p2a: Wellspring Cudgel|atk|2\n|move|p1a: Toxepax|Infestation|p2a: Wellspring Cudgel\n|-damage|p2a: Wellspring Cudgel|99\/100\n|-activate|p2a: Wellspring Cudgel|move: Infestation|[of] p1a: Toxepax\n|\n|-damage|p2a: Wellspring Cudgel|87\/100|[from] move: Infestation|[partiallytrapped]\n|upkeep\n|turn|38\n|\n|t:|1700141884\n|move|p2a: Wellspring Cudgel|Power Whip|p1a: Toxepax\n|-damage|p1a: Toxepax|0 fnt\n|faint|p1a: Toxepax\n|\n|-end|p2a: Wellspring Cudgel|Infestation|[partiallytrapped]|[silent]\n|upkeep\n|\n|t:|1700141898\n|switch|p1a: Donbozo|Dondozo, M|100\/100\n|turn|39\n|\n|t:|1700141900\n|move|p2a: Wellspring Cudgel|Power Whip|p1a: Donbozo\n|-supereffective|p1a: Donbozo\n|-damage|p1a: Donbozo|40\/100\n|move|p1a: Donbozo|Body Press|p2a: Wellspring Cudgel\n|-damage|p2a: Wellspring Cudgel|70\/100\n|\n|upkeep\n|turn|40\n|\n|t:|1700141911\n|move|p2a: Wellspring Cudgel|Power Whip|p1a: Donbozo\n|-supereffective|p1a: Donbozo\n|-crit|p1a: Donbozo\n|-damage|p1a: Donbozo|0 fnt\n|faint|p1a: Donbozo\n|\n|-sideend|p2: Zovafire|move: Aurora Veil\n|upkeep\n|-message|StallUntilYouRage forfeited.\n|\n|win|Zovafire\n|raw|StallUntilYouRage's rating: 1408 &rarr; <strong>1390<\/strong><br \/>(-18 for losing)\n|raw|Zovafire's rating: 1437 &rarr; <strong>1455<\/strong><br \/>(+18 for winning)\n|l|\u2606StallUntilYouRage\n","uploadtime":1700141926,"views":45,"p1id":"stalluntilyourage","p2id":"zovafire","formatid":"gen9ou","rating":1390,"private":0,"password":""}