{"id":"gen9ou-1988883504","p1":"GiveChompDD","p2":"AvgSkeleton","format":"[Gen 9] OU","log":"|j|\u2606GiveChompDD\n|j|\u2606AvgSkeleton\n|t:|1699780626\n|gametype|singles\n|player|p1|GiveChompDD|roughneck-gen4|1194\n|player|p2|AvgSkeleton|dawn|1232\n|teamsize|p1|6\n|teamsize|p2|6\n|gen|9\n|tier|[Gen 9] OU\n|rated|\n|rule|Sleep Clause Mod: Limit one foe put to sleep\n|rule|Species Clause: Limit one of each Pok\u00e9mon\n|rule|OHKO Clause: OHKO moves are banned\n|rule|Evasion Items Clause: Evasion items are banned\n|rule|Evasion Moves Clause: Evasion moves are banned\n|rule|Endless Battle Clause: Forcing endless battles is banned\n|rule|HP Percentage Mod: HP is shown in percentages\n|clearpoke\n|poke|p1|Dragonite, M|\n|poke|p1|Cinderace, M|\n|poke|p1|Gholdengo|\n|poke|p1|Iron Valiant|\n|poke|p1|Ogerpon-Wellspring, F|\n|poke|p1|Great Tusk|\n|poke|p2|Dragapult, M|\n|poke|p2|Walking Wake|\n|poke|p2|Kingambit, F|\n|poke|p2|Iron Valiant|\n|poke|p2|Skeledirge, F|\n|poke|p2|Glimmora, F|\n|teampreview\n|inactive|Battle timer is ON: inactive players will automatically lose when time's up. (requested by AvgSkeleton)\n|\n|t:|1699780648\n|start\n|switch|p1a: Cinderace|Cinderace, M|100\/100\n|switch|p2a: Walking Wake|Walking Wake|100\/100\n|-enditem|p2a: Walking Wake|Booster Energy\n|-activate|p2a: Walking Wake|ability: Protosynthesis|[fromitem]\n|-start|p2a: Walking Wake|protosynthesisspe\n|turn|1\n|\n|t:|1699780652\n|move|p2a: Walking Wake|Hydro Steam|p1a: Cinderace\n|-supereffective|p1a: Cinderace\n|-damage|p1a: Cinderace|9\/100\n|move|p1a: Cinderace|U-turn|p2a: Walking Wake\n|-damage|p2a: Walking Wake|79\/100\n|\n|t:|1699780658\n|switch|p1a: Iron Valiant|Iron Valiant|100\/100|[from] U-turn\n|-enditem|p1a: Iron Valiant|Booster Energy\n|-activate|p1a: Iron Valiant|ability: Quark Drive|[fromitem]\n|-start|p1a: Iron Valiant|quarkdrivespe\n|\n|upkeep\n|turn|2\n|\n|t:|1699780672\n|-end|p2a: Walking Wake|Protosynthesis|[silent]\n|switch|p2a: Skeledirge|Skeledirge, F|100\/100\n|move|p1a: Iron Valiant|Moonblast|p2a: Skeledirge\n|-resisted|p2a: Skeledirge\n|-damage|p2a: Skeledirge|82\/100\n|\n|upkeep\n|turn|3\n|\n|t:|1699780692\n|move|p1a: Iron Valiant|Psyshock|p2a: Skeledirge\n|-damage|p2a: Skeledirge|59\/100\n|move|p2a: Skeledirge|Torch Song|p1a: Iron Valiant\n|-damage|p1a: Iron Valiant|34\/100\n|-boost|p2a: Skeledirge|spa|1\n|\n|upkeep\n|turn|4\n|\n|t:|1699780702\n|-end|p1a: Iron Valiant|Quark Drive|[silent]\n|switch|p1a: Great Tusk|Great Tusk|100\/100\n|move|p2a: Skeledirge|Slack Off|p2a: Skeledirge\n|-heal|p2a: Skeledirge|100\/100\n|\n|upkeep\n|turn|5\n|\n|t:|1699780708\n|-terastallize|p2a: Skeledirge|Fairy\n|move|p1a: Great Tusk|Earthquake|p2a: Skeledirge\n|-damage|p2a: Skeledirge|64\/100\n|move|p2a: Skeledirge|Will-O-Wisp|p1a: Great Tusk\n|-status|p1a: Great Tusk|brn\n|\n|-damage|p1a: Great Tusk|94\/100 brn|[from] brn\n|upkeep\n|turn|6\n|\n|t:|1699780715\n|move|p1a: Great Tusk|Knock Off|p2a: Skeledirge\n|-resisted|p2a: Skeledirge\n|-damage|p2a: Skeledirge|58\/100\n|-enditem|p2a: Skeledirge|Heavy-Duty Boots|[from] move: Knock Off|[of] p1a: Great Tusk\n|move|p2a: Skeledirge|Hex|p1a: Great Tusk\n|-damage|p1a: Great Tusk|4\/100 brn\n|\n|-heal|p1a: Great Tusk|10\/100 brn|[from] item: Leftovers\n|-damage|p1a: Great Tusk|4\/100 brn|[from] brn\n|upkeep\n|turn|7\n|\n|t:|1699780720\n|move|p1a: Great Tusk|Stealth Rock|p2a: Skeledirge\n|-sidestart|p2: AvgSkeleton|move: Stealth Rock\n|move|p2a: Skeledirge|Slack Off|p2a: Skeledirge\n|-heal|p2a: Skeledirge|100\/100\n|\n|-heal|p1a: Great Tusk|10\/100 brn|[from] item: Leftovers\n|-damage|p1a: Great Tusk|4\/100 brn|[from] brn\n|upkeep\n|turn|8\n|\n|t:|1699780729\n|move|p1a: Great Tusk|Earthquake|p2a: Skeledirge\n|-damage|p2a: Skeledirge|83\/100\n|move|p2a: Skeledirge|Torch Song|p1a: Great Tusk\n|-damage|p1a: Great Tusk|0 fnt\n|-boost|p2a: Skeledirge|spa|1\n|faint|p1a: Great Tusk\n|-end|p1a: Great Tusk|Protosynthesis|[silent]\n|\n|upkeep\n|\n|t:|1699780736\n|switch|p1a: Gholdengo|Gholdengo|100\/100\n|turn|9\n|\n|t:|1699780743\n|switch|p2a: Walking Wake|Walking Wake|79\/100\n|-damage|p2a: Walking Wake|67\/100|[from] Stealth Rock\n|move|p1a: Gholdengo|Make It Rain|p2a: Walking Wake\n|-resisted|p2a: Walking Wake\n|-damage|p2a: Walking Wake|29\/100\n|-unboost|p1a: Gholdengo|spa|1\n|\n|upkeep\n|turn|10\n|\n|t:|1699780750\n|move|p1a: Gholdengo|Make It Rain|p2a: Walking Wake\n|-resisted|p2a: Walking Wake\n|-damage|p2a: Walking Wake|6\/100\n|-unboost|p1a: Gholdengo|spa|1\n|move|p2a: Walking Wake|Flip Turn|p1a: Gholdengo\n|-damage|p1a: Gholdengo|82\/100\n|\n|t:|1699780761\n|-end|p2a: Walking Wake|Protosynthesis|[silent]\n|switch|p2a: Kingambit|Kingambit, F|100\/100|[from] Flip Turn\n|-damage|p2a: Kingambit|94\/100|[from] Stealth Rock\n|\n|-heal|p2a: Kingambit|100\/100|[from] item: Leftovers\n|upkeep\n|turn|11\n|\n|t:|1699780765\n|switch|p1a: Cinderace|Cinderace, M|9\/100\n|move|p2a: Kingambit|Swords Dance|p2a: Kingambit\n|-boost|p2a: Kingambit|atk|2\n|\n|upkeep\n|turn|12\n|\n|t:|1699780772\n|move|p2a: Kingambit|Sucker Punch||[still]\n|-fail|p2a: Kingambit\n|move|p1a: Cinderace|Will-O-Wisp|p2a: Kingambit\n|-status|p2a: Kingambit|brn\n|\n|-damage|p2a: Kingambit|94\/100 brn|[from] brn\n|upkeep\n|turn|13\n|\n|t:|1699780778\n|move|p2a: Kingambit|Sucker Punch|p1a: Cinderace\n|-damage|p1a: Cinderace|0 fnt\n|faint|p1a: Cinderace\n|\n|-heal|p2a: Kingambit|100\/100 brn|[from] item: Leftovers\n|-damage|p2a: Kingambit|94\/100 brn|[from] brn\n|upkeep\n|\n|t:|1699780788\n|switch|p1a: Gholdengo|Gholdengo|82\/100\n|turn|14\n|\n|t:|1699780799\n|switch|p1a: Ogerpon|Ogerpon-Wellspring, F|100\/100\n|move|p2a: Kingambit|Sucker Punch||[still]\n|-fail|p2a: Kingambit\n|\n|-heal|p2a: Kingambit|100\/100 brn|[from] item: Leftovers\n|-damage|p2a: Kingambit|94\/100 brn|[from] brn\n|upkeep\n|turn|15\n|\n|t:|1699780807\n|-end|p2a: Kingambit|fallenundefined|[silent]\n|switch|p2a: Skeledirge|Skeledirge, F, tera:Fairy|83\/100\n|-damage|p2a: Skeledirge|71\/100|[from] Stealth Rock\n|move|p1a: Ogerpon|Taunt|p2a: Skeledirge\n|-start|p2a: Skeledirge|move: Taunt\n|\n|upkeep\n|turn|16\n|\n|t:|1699780813\n|switch|p2a: Glimmora|Glimmora, F|100\/100\n|-damage|p2a: Glimmora|88\/100|[from] Stealth Rock\n|-item|p2a: Glimmora|Air Balloon\n|move|p1a: Ogerpon|Ivy Cudgel|p2a: Glimmora\n|-supereffective|p2a: Glimmora\n|-damage|p2a: Glimmora|0 fnt\n|-activate|p2a: Glimmora|ability: Toxic Debris\n|-sidestart|p1: GiveChompDD|move: Toxic Spikes\n|-enditem|p2a: Glimmora|Air Balloon\n|faint|p2a: Glimmora\n|\n|upkeep\n|\n|t:|1699780829\n|switch|p2a: Dragapult|Dragapult, M|100\/100\n|-damage|p2a: Dragapult|88\/100|[from] Stealth Rock\n|turn|17\n|\n|t:|1699780834\n|move|p2a: Dragapult|Will-O-Wisp|p1a: Ogerpon\n|-status|p1a: Ogerpon|brn\n|move|p1a: Ogerpon|U-turn|p2a: Dragapult\n|-resisted|p2a: Dragapult\n|-damage|p2a: Dragapult|81\/100\n|-start|p1a: Ogerpon|Disable|U-turn|[from] ability: Cursed Body|[of] p2a: Dragapult\n|\n|t:|1699780836\n|switch|p1a: Gholdengo|Gholdengo|82\/100|[from] U-turn\n|\n|upkeep\n|turn|18\n|\n|t:|1699780844\n|move|p1a: Gholdengo|Shadow Ball|p2a: Dragapult\n|-supereffective|p2a: Dragapult\n|-damage|p2a: Dragapult|0 fnt\n|faint|p2a: Dragapult\n|\n|upkeep\n|\n|t:|1699780852\n|switch|p2a: Kingambit|Kingambit, F|94\/100 brn\n|-damage|p2a: Kingambit|88\/100 brn|[from] Stealth Rock\n|-activate|p2a: Kingambit|ability: Supreme Overlord\n|-start|p2a: Kingambit|fallen2|[silent]\n|turn|19\n|\n|t:|1699780858\n|switch|p1a: Ogerpon|Ogerpon-Wellspring, F|100\/100 brn\n|move|p2a: Kingambit|Swords Dance|p2a: Kingambit\n|-boost|p2a: Kingambit|atk|2\n|\n|-heal|p2a: Kingambit|94\/100 brn|[from] item: Leftovers\n|-damage|p1a: Ogerpon|95\/100 brn|[from] brn\n|-damage|p2a: Kingambit|88\/100 brn|[from] brn\n|upkeep\n|turn|20\n|\n|t:|1699780869\n|move|p1a: Ogerpon|Taunt|p2a: Kingambit\n|-start|p2a: Kingambit|move: Taunt\n|cant|p2a: Kingambit|move: Taunt|Swords Dance\n|\n|-heal|p2a: Kingambit|94\/100 brn|[from] item: Leftovers\n|-damage|p1a: Ogerpon|89\/100 brn|[from] brn\n|-damage|p2a: Kingambit|88\/100 brn|[from] brn\n|upkeep\n|turn|21\n|\n|t:|1699780874\n|move|p1a: Ogerpon|Ivy Cudgel|p2a: Kingambit\n|-damage|p2a: Kingambit|66\/100 brn\n|move|p2a: Kingambit|Kowtow Cleave|p1a: Ogerpon\n|-crit|p1a: Ogerpon\n|-damage|p1a: Ogerpon|0 fnt\n|faint|p1a: Ogerpon\n|\n|-heal|p2a: Kingambit|73\/100 brn|[from] item: Leftovers\n|-damage|p2a: Kingambit|66\/100 brn|[from] brn\n|upkeep\n|\n|t:|1699780886\n|switch|p1a: Dragonite|Dragonite, M|100\/100\n|turn|22\n|\n|t:|1699780889\n|move|p1a: Dragonite|Dragon Dance|p1a: Dragonite\n|-boost|p1a: Dragonite|atk|1\n|-boost|p1a: Dragonite|spe|1\n|move|p2a: Kingambit|Kowtow Cleave|p1a: Dragonite\n|-damage|p1a: Dragonite|70\/100\n|\n|-heal|p2a: Kingambit|73\/100 brn|[from] item: Leftovers\n|-damage|p2a: Kingambit|66\/100 brn|[from] brn\n|-end|p2a: Kingambit|move: Taunt\n|upkeep\n|turn|23\n|\n|t:|1699780897\n|move|p2a: Kingambit|Sucker Punch|p1a: Dragonite\n|-damage|p1a: Dragonite|19\/100\n|move|p1a: Dragonite|Earthquake|p2a: Kingambit\n|-supereffective|p2a: Kingambit\n|-damage|p2a: Kingambit|0 fnt\n|faint|p2a: Kingambit\n|-end|p2a: Kingambit|fallen2|[silent]\n|\n|upkeep\n|\n|t:|1699780914\n|switch|p2a: Skeledirge|Skeledirge, F, tera:Fairy|71\/100\n|-damage|p2a: Skeledirge|58\/100|[from] Stealth Rock\n|turn|24\n|\n|t:|1699780920\n|-terastallize|p1a: Dragonite|Normal\n|move|p1a: Dragonite|Extreme Speed|p2a: Skeledirge\n|-damage|p2a: Skeledirge|18\/100\n|move|p2a: Skeledirge|Torch Song|p1a: Dragonite\n|-damage|p1a: Dragonite|0 fnt\n|-boost|p2a: Skeledirge|spa|1\n|faint|p1a: Dragonite\n|\n|upkeep\n|\n|t:|1699780923\n|switch|p1a: Gholdengo|Gholdengo|82\/100\n|turn|25\n|\n|t:|1699780936\n|move|p1a: Gholdengo|Make It Rain|p2a: Skeledirge\n|-supereffective|p2a: Skeledirge\n|-damage|p2a: Skeledirge|0 fnt\n|-unboost|p1a: Gholdengo|spa|1\n|faint|p2a: Skeledirge\n|\n|upkeep\n|\n|t:|1699780942\n|switch|p2a: Iron Valiant|Iron Valiant, shiny|100\/100\n|-damage|p2a: Iron Valiant|94\/100|[from] Stealth Rock\n|turn|26\n|\n|t:|1699780956\n|move|p1a: Gholdengo|Make It Rain|p2a: Iron Valiant\n|-supereffective|p2a: Iron Valiant\n|-damage|p2a: Iron Valiant|0 fnt\n|-unboost|p1a: Gholdengo|spa|1\n|faint|p2a: Iron Valiant\n|-end|p2a: Iron Valiant|Quark Drive|[silent]\n|\n|upkeep\n|-message|AvgSkeleton forfeited.\n|\n|win|GiveChompDD\n|raw|GiveChompDD's rating: 1194 &rarr; <strong>1222<\/strong><br \/>(+28 for winning)\n|raw|AvgSkeleton's rating: 1232 &rarr; <strong>1204<\/strong><br \/>(-28 for losing)\n|l|\u2606AvgSkeleton\n","uploadtime":1699780965,"views":32,"p1id":"givechompdd","p2id":"avgskeleton","formatid":"gen9ou","rating":1204,"private":0,"password":""}