{"id":"gen9ou-1993819591","p1":"Gatrekd","p2":"diggy20","format":"[Gen 9] OU","log":"|j|\u2606Gatrekd\n|j|\u2606diggy20\n|t:|1700361227\n|gametype|singles\n|player|p1|Gatrekd|giovanni-masters|1274\n|player|p2|diggy20|101|1389\n|teamsize|p1|6\n|teamsize|p2|6\n|gen|9\n|tier|[Gen 9] OU\n|rated|\n|rule|Sleep Clause Mod: Limit one foe put to sleep\n|rule|Species Clause: Limit one of each Pok\u00e9mon\n|rule|OHKO Clause: OHKO moves are banned\n|rule|Evasion Items Clause: Evasion items are banned\n|rule|Evasion Moves Clause: Evasion moves are banned\n|rule|Endless Battle Clause: Forcing endless battles is banned\n|rule|HP Percentage Mod: HP is shown in percentages\n|clearpoke\n|poke|p1|Ribombee, M|\n|poke|p1|Gholdengo|\n|poke|p1|Great Tusk|\n|poke|p1|Walking Wake|\n|poke|p1|Ogerpon-Cornerstone, F|\n|poke|p1|Skeledirge, M|\n|poke|p2|Alomomola, F|\n|poke|p2|Slowking-Galar, F|\n|poke|p2|Kingambit, F|\n|poke|p2|Great Tusk|\n|poke|p2|Cinderace, F|\n|poke|p2|Thundurus-Therian, M|\n|teampreview\n|\n|t:|1700361251\n|start\n|switch|p1a: Kash Krabs|Gholdengo|100\/100\n|switch|p2a: Thundurus|Thundurus-Therian, M|100\/100\n|turn|1\n|\n|t:|1700361263\n|move|p2a: Thundurus|Knock Off|p1a: Kash Krabs\n|-supereffective|p1a: Kash Krabs\n|-damage|p1a: Kash Krabs|57\/100\n|-enditem|p1a: Kash Krabs|Life Orb|[from] move: Knock Off|[of] p2a: Thundurus\n|move|p1a: Kash Krabs|Nasty Plot|p1a: Kash Krabs\n|-boost|p1a: Kash Krabs|spa|2\n|\n|upkeep\n|turn|2\n|inactive|Battle timer is ON: inactive players will automatically lose when time's up. (requested by diggy20)\n|\n|t:|1700361313\n|switch|p2a: Alomomola|Alomomola, F|100\/100\n|move|p1a: Kash Krabs|Shadow Ball|p2a: Alomomola\n|-damage|p2a: Alomomola|17\/100\n|-enditem|p2a: Alomomola|Red Card|[of] p1a: Kash Krabs\n|drag|p1a: House? Ok|Great Tusk|100\/100\n|\n|upkeep\n|turn|3\n|\n|t:|1700361330\n|switch|p2a: Thundurus|Thundurus-Therian, M|100\/100\n|move|p1a: House? Ok|Rapid Spin|p2a: Thundurus\n|-damage|p2a: Thundurus|73\/100\n|-boost|p1a: House? Ok|spe|1\n|\n|upkeep\n|turn|4\n|\n|t:|1700361337\n|move|p1a: House? Ok|Ice Spinner|p2a: Thundurus\n|-supereffective|p2a: Thundurus\n|-damage|p2a: Thundurus|0 fnt\n|faint|p2a: Thundurus\n|\n|upkeep\n|\n|t:|1700361343\n|switch|p2a: Alomomola|Alomomola, F|51\/100\n|turn|5\n|inactive|Gatrekd has 120 seconds left.\n|\n|t:|1700361376\n|move|p1a: House? Ok|Close Combat|p2a: Alomomola\n|-damage|p2a: Alomomola|14\/100\n|-unboost|p1a: House? Ok|def|1\n|-unboost|p1a: House? Ok|spd|1\n|move|p2a: Alomomola|Scald|p1a: House? Ok\n|-supereffective|p1a: House? Ok\n|-damage|p1a: House? Ok|42\/100\n|-status|p1a: House? Ok|brn\n|\n|-heal|p1a: House? Ok|48\/100 brn|[from] item: Leftovers\n|-damage|p1a: House? Ok|42\/100 brn|[from] brn\n|upkeep\n|turn|6\n|inactive|Gatrekd has 120 seconds left.\n|inactive|diggy20 has 120 seconds left.\n|\n|t:|1700361422\n|switch|p2a: Great Tusk|Great Tusk|100\/100\n|move|p1a: House? Ok|Knock Off|p2a: Great Tusk\n|-resisted|p2a: Great Tusk\n|-damage|p2a: Great Tusk|94\/100\n|-damage|p1a: House? Ok|25\/100 brn|[from] item: Rocky Helmet|[of] p2a: Great Tusk\n|-enditem|p2a: Great Tusk|Rocky Helmet|[from] move: Knock Off|[of] p1a: House? Ok\n|\n|-heal|p1a: House? Ok|31\/100 brn|[from] item: Leftovers\n|-damage|p1a: House? Ok|25\/100 brn|[from] brn\n|upkeep\n|turn|7\n|inactive|Gatrekd has 120 seconds left.\n|\n|t:|1700361440\n|move|p1a: House? Ok|Ice Spinner|p2a: Great Tusk\n|-supereffective|p2a: Great Tusk\n|-damage|p2a: Great Tusk|73\/100\n|move|p2a: Great Tusk|Stealth Rock|p1a: House? Ok\n|-sidestart|p1: Gatrekd|move: Stealth Rock\n|\n|-heal|p1a: House? Ok|31\/100 brn|[from] item: Leftovers\n|-damage|p1a: House? Ok|25\/100 brn|[from] brn\n|upkeep\n|turn|8\n|\n|t:|1700361452\n|move|p1a: House? Ok|Rapid Spin|p2a: Great Tusk\n|-damage|p2a: Great Tusk|67\/100\n|-boost|p1a: House? Ok|spe|1\n|-sideend|p1: Gatrekd|Stealth Rock|[from] move: Rapid Spin|[of] p1a: House? Ok\n|move|p2a: Great Tusk|Ice Spinner|p1a: House? Ok\n|-supereffective|p1a: House? Ok\n|-crit|p1a: House? Ok\n|-damage|p1a: House? Ok|0 fnt\n|faint|p1a: House? Ok\n|-end|p1a: House? Ok|Protosynthesis|[silent]\n|\n|upkeep\n|\n|t:|1700361464\n|switch|p1a: Suicune?|Walking Wake|100\/100\n|turn|9\n|\n|t:|1700361470\n|-end|p2a: Great Tusk|Protosynthesis|[silent]\n|switch|p2a: Slowking|Slowking-Galar, F|100\/100\n|move|p1a: Suicune?|Hydro Steam|p2a: Slowking\n|-damage|p2a: Slowking|65\/100\n|\n|upkeep\n|turn|10\n|inactive|Gatrekd has 120 seconds left.\n|\n|t:|1700361502\n|-end|p1a: Suicune?|Protosynthesis|[silent]\n|switch|p1a: Wrong Decisions|Skeledirge, M|100\/100\n|move|p2a: Slowking|Chilly Reception|p2a: Slowking\n|-weather|Snow\n|inactive|diggy20 has 120 seconds left.\n|\n|t:|1700361519\n|switch|p2a: Great Tusk|Great Tusk|67\/100|[from] Chilly Reception\n|\n|-weather|Snow|[upkeep]\n|upkeep\n|turn|11\n|\n|t:|1700361530\n|-terastallize|p1a: Wrong Decisions|Fairy\n|move|p2a: Great Tusk|Headlong Rush|p1a: Wrong Decisions\n|-damage|p1a: Wrong Decisions|64\/100\n|-unboost|p2a: Great Tusk|def|1\n|-unboost|p2a: Great Tusk|spd|1\n|move|p1a: Wrong Decisions|Will-O-Wisp|p2a: Great Tusk\n|-status|p2a: Great Tusk|brn\n|\n|-weather|Snow|[upkeep]\n|-damage|p2a: Great Tusk|61\/100 brn|[from] brn\n|upkeep\n|turn|12\n|\n|t:|1700361543\n|move|p2a: Great Tusk|Stealth Rock|p1a: Wrong Decisions\n|-sidestart|p1: Gatrekd|move: Stealth Rock\n|move|p1a: Wrong Decisions|Torch Song|p2a: Great Tusk\n|-damage|p2a: Great Tusk|11\/100 brn\n|-boost|p1a: Wrong Decisions|spa|1\n|\n|-weather|Snow|[upkeep]\n|-damage|p2a: Great Tusk|5\/100 brn|[from] brn\n|upkeep\n|turn|13\n|\n|t:|1700361552\n|move|p2a: Great Tusk|Headlong Rush|p1a: Wrong Decisions\n|-damage|p1a: Wrong Decisions|46\/100\n|-unboost|p2a: Great Tusk|def|1\n|-unboost|p2a: Great Tusk|spd|1\n|move|p1a: Wrong Decisions|Torch Song|p2a: Great Tusk\n|-damage|p2a: Great Tusk|0 fnt\n|-boost|p1a: Wrong Decisions|spa|1\n|faint|p2a: Great Tusk\n|-end|p2a: Great Tusk|Protosynthesis|[silent]\n|\n|-weather|Snow|[upkeep]\n|upkeep\n|\n|t:|1700361554\n|switch|p2a: Slowking|Slowking-Galar, F|98\/100\n|turn|14\n|\n|t:|1700361564\n|move|p1a: Wrong Decisions|Slack Off|p1a: Wrong Decisions\n|-heal|p1a: Wrong Decisions|97\/100\n|move|p2a: Slowking|Sludge Bomb|p1a: Wrong Decisions\n|-supereffective|p1a: Wrong Decisions\n|-damage|p1a: Wrong Decisions|26\/100\n|\n|-weather|none\n|upkeep\n|turn|15\n|inactive|Gatrekd has 120 seconds left.\n|\n|t:|1700361577\n|move|p1a: Wrong Decisions|Hex|p2a: Slowking\n|-supereffective|p2a: Slowking\n|-damage|p2a: Slowking|44\/100\n|move|p2a: Slowking|Sludge Bomb|p1a: Wrong Decisions\n|-supereffective|p1a: Wrong Decisions\n|-damage|p1a: Wrong Decisions|0 fnt\n|faint|p1a: Wrong Decisions\n|\n|upkeep\n|\n|t:|1700361594\n|switch|p1a: Shrek|Ogerpon-Cornerstone, F|100\/100\n|-damage|p1a: Shrek|88\/100|[from] Stealth Rock\n|turn|16\n|\n|t:|1700361601\n|move|p1a: Shrek|Ivy Cudgel|p2a: Slowking|[anim] Ivy Cudgel Rock\n|-damage|p2a: Slowking|0 fnt\n|faint|p2a: Slowking\n|\n|upkeep\n|\n|t:|1700361607\n|switch|p2a: Cinderace|Cinderace, F|100\/100\n|turn|17\n|\n|t:|1700361612\n|switch|p1a: Kash Krabs|Gholdengo|57\/100\n|-damage|p1a: Kash Krabs|51\/100|[from] Stealth Rock\n|move|p2a: Cinderace|Will-O-Wisp|p1a: Kash Krabs\n|-immune|p1a: Kash Krabs|[from] ability: Good as Gold\n|\n|upkeep\n|turn|18\n|\n|t:|1700361619\n|move|p2a: Cinderace|Pyro Ball|p1a: Kash Krabs\n|-supereffective|p1a: Kash Krabs\n|-damage|p1a: Kash Krabs|0 fnt\n|faint|p1a: Kash Krabs\n|\n|upkeep\n|\n|t:|1700361625\n|switch|p1a: Suicune?|Walking Wake|100\/100\n|-damage|p1a: Suicune?|88\/100|[from] Stealth Rock\n|turn|19\n|\n|t:|1700361630\n|switch|p2a: Alomomola|Alomomola, F|47\/100\n|move|p1a: Suicune?|Hydro Steam|p2a: Alomomola\n|-resisted|p2a: Alomomola\n|-damage|p2a: Alomomola|21\/100\n|\n|upkeep\n|turn|20\n|\n|t:|1700361636\n|switch|p2a: Kingambit|Kingambit, F|100\/100\n|-activate|p2a: Kingambit|ability: Supreme Overlord\n|-start|p2a: Kingambit|fallen3|[silent]\n|move|p1a: Suicune?|Hydro Steam|p2a: Kingambit\n|-crit|p2a: Kingambit\n|-damage|p2a: Kingambit|4\/100\n|\n|-heal|p2a: Kingambit|10\/100|[from] item: Leftovers\n|upkeep\n|turn|21\n|\n|t:|1700361647\n|move|p2a: Kingambit|Sucker Punch|p1a: Suicune?\n|-damage|p1a: Suicune?|30\/100\n|move|p1a: Suicune?|Hydro Steam|p2a: Kingambit\n|-damage|p2a: Kingambit|0 fnt\n|faint|p2a: Kingambit\n|-end|p2a: Kingambit|fallen3|[silent]\n|\n|upkeep\n|\n|t:|1700361650\n|switch|p2a: Cinderace|Cinderace, F|100\/100\n|turn|22\n|\n|t:|1700361656\n|move|p2a: Cinderace|U-turn|p1a: Suicune?\n|-start|p2a: Cinderace|typechange|Bug|[from] ability: Libero\n|-damage|p1a: Suicune?|0 fnt\n|faint|p1a: Suicune?\n|-end|p1a: Suicune?|Protosynthesis|[silent]\n|\n|t:|1700361659\n|switch|p2a: Alomomola|Alomomola, F|54\/100|[from] U-turn\n|\n|upkeep\n|\n|t:|1700361664\n|switch|p1a: Shrek|Ogerpon-Cornerstone, F|88\/100\n|-damage|p1a: Shrek|76\/100|[from] Stealth Rock\n|turn|23\n|\n|t:|1700361669\n|move|p1a: Shrek|Horn Leech|p2a: Alomomola\n|-supereffective|p2a: Alomomola\n|-damage|p2a: Alomomola|0 fnt\n|-heal|p1a: Shrek|100\/100|[from] drain|[of] p2a: Alomomola\n|faint|p2a: Alomomola\n|\n|upkeep\n|\n|t:|1700361672\n|switch|p2a: Cinderace|Cinderace, F|100\/100\n|turn|24\n|\n|t:|1700361677\n|-terastallize|p2a: Cinderace|Grass\n|move|p2a: Cinderace|Will-O-Wisp|p1a: Shrek\n|-status|p1a: Shrek|brn\n|move|p1a: Shrek|Ivy Cudgel|p2a: Cinderace|[anim] Ivy Cudgel Rock\n|-damage|p2a: Cinderace|57\/100\n|\n|-damage|p1a: Shrek|95\/100 brn|[from] brn\n|upkeep\n|turn|25\n|\n|t:|1700361687\n|move|p2a: Cinderace|Pyro Ball|p1a: Shrek|[miss]\n|-miss|p2a: Cinderace|p1a: Shrek\n|move|p1a: Shrek|Ivy Cudgel|p2a: Cinderace|[anim] Ivy Cudgel Rock\n|-damage|p2a: Cinderace|12\/100\n|\n|-damage|p1a: Shrek|89\/100 brn|[from] brn\n|upkeep\n|turn|26\n|\n|t:|1700361694\n|move|p2a: Cinderace|Pyro Ball|p1a: Shrek\n|-damage|p1a: Shrek|13\/100 brn\n|move|p1a: Shrek|Ivy Cudgel|p2a: Cinderace|[anim] Ivy Cudgel Rock\n|-damage|p2a: Cinderace|0 fnt\n|faint|p2a: Cinderace\n|\n|win|Gatrekd\n|raw|Gatrekd's rating: 1274 &rarr; <strong>1307<\/strong><br \/>(+33 for winning)\n|raw|diggy20's rating: 1389 &rarr; <strong>1363<\/strong><br \/>(-26 for losing)\n|l|\u2606diggy20\n","uploadtime":1700361714,"views":11,"p1id":"gatrekd","p2id":"diggy20","formatid":"gen9ou","rating":1307,"private":0,"password":""}