{"id":"gen9ou-1993589386","p1":"Fusion zoroark","p2":"GodEater55","format":"[Gen 9] OU","log":"|j|\u2606Fusion zoroark\n|j|\u2606GodEater55\n|t:|1700334962\n|gametype|singles\n|player|p1|Fusion zoroark|lucas|\n|player|p2|GodEater55|266|\n|teamsize|p1|4\n|teamsize|p2|4\n|gen|9\n|tier|[Gen 9] OU\n|rule|Sleep Clause Mod: Limit one foe put to sleep\n|rule|Species Clause: Limit one of each Pok\u00e9mon\n|rule|OHKO Clause: OHKO moves are banned\n|rule|Evasion Items Clause: Evasion items are banned\n|rule|Evasion Moves Clause: Evasion moves are banned\n|rule|Endless Battle Clause: Forcing endless battles is banned\n|rule|HP Percentage Mod: HP is shown in percentages\n|clearpoke\n|poke|p1|Abomasnow, M|\n|poke|p1|Mamoswine, M|\n|poke|p1|Avalugg, M|\n|poke|p1|Empoleon, F|\n|poke|p2|Rotom-Wash|\n|poke|p2|Gholdengo|\n|poke|p2|Iron Hands|\n|poke|p2|Meowscarada, M|\n|teampreview\n|\n|t:|1700334990\n|start\n|switch|p1a: Abomasnow|Abomasnow, M|100\/100\n|switch|p2a: Rotom|Rotom-Wash, shiny|100\/100\n|-weather|Snow|[from] ability: Snow Warning|[of] p1a: Abomasnow\n|turn|1\n|\n|t:|1700335003\n|move|p2a: Rotom|Will-O-Wisp|p1a: Abomasnow\n|-status|p1a: Abomasnow|brn\n|move|p1a: Abomasnow|Earth Power|p2a: Rotom\n|-immune|p2a: Rotom|[from] ability: Levitate\n|\n|-weather|Snow|[upkeep]\n|-damage|p1a: Abomasnow|94\/100 brn|[from] brn\n|upkeep\n|turn|2\n|\n|t:|1700335018\n|switch|p2a: Meowscarada|Meowscarada, M|100\/100\n|move|p1a: Abomasnow|Giga Drain|p2a: Meowscarada\n|-resisted|p2a: Meowscarada\n|-damage|p2a: Meowscarada|79\/100\n|-heal|p1a: Abomasnow|100\/100 brn|[from] drain|[of] p2a: Meowscarada\n|\n|-weather|Snow|[upkeep]\n|-damage|p1a: Abomasnow|94\/100 brn|[from] brn\n|upkeep\n|turn|3\n|\n|t:|1700335038\n|move|p2a: Meowscarada|Aura Sphere|p1a: Abomasnow\n|-start|p2a: Meowscarada|typechange|Fighting|[from] ability: Protean\n|-supereffective|p1a: Abomasnow\n|-damage|p1a: Abomasnow|21\/100 brn\n|-damage|p2a: Meowscarada|69\/100|[from] item: Life Orb\n|move|p1a: Abomasnow|Ice Beam|p2a: Meowscarada\n|-damage|p2a: Meowscarada|13\/100\n|\n|-weather|Snow|[upkeep]\n|-damage|p1a: Abomasnow|14\/100 brn|[from] brn\n|upkeep\n|turn|4\n|\n|t:|1700335050\n|move|p1a: Abomasnow|Protect|p1a: Abomasnow\n|-singleturn|p1a: Abomasnow|Protect\n|move|p2a: Meowscarada|Aura Sphere|p1a: Abomasnow\n|-activate|p1a: Abomasnow|move: Protect\n|\n|-weather|Snow|[upkeep]\n|-damage|p1a: Abomasnow|8\/100 brn|[from] brn\n|upkeep\n|turn|5\n|\n|t:|1700335059\n|move|p2a: Meowscarada|Aura Sphere|p1a: Abomasnow\n|-supereffective|p1a: Abomasnow\n|-damage|p1a: Abomasnow|0 fnt\n|faint|p1a: Abomasnow\n|-damage|p2a: Meowscarada|3\/100|[from] item: Life Orb\n|\n|-weather|none\n|upkeep\n|\n|t:|1700335071\n|switch|p1a: Avalugg|Avalugg, M|100\/100\n|turn|6\n|\n|t:|1700335077\n|move|p2a: Meowscarada|Aura Sphere|p1a: Avalugg\n|-supereffective|p1a: Avalugg\n|-ability|p1a: Avalugg|Sturdy\n|-damage|p1a: Avalugg|1\/100\n|-damage|p2a: Meowscarada|0 fnt|[from] item: Life Orb\n|faint|p2a: Meowscarada\n|move|p1a: Avalugg|Body Press|p2: Meowscarada|[notarget]\n|-fail|p1a: Avalugg\n|\n|-heal|p1a: Avalugg|7\/100|[from] item: Leftovers\n|upkeep\n|j| guzmfran\n|\n|t:|1700335088\n|switch|p2a: Iron Hands|Iron Hands|100\/100\n|turn|7\n|\n|t:|1700335095\n|move|p2a: Iron Hands|Drain Punch|p1a: Avalugg\n|-supereffective|p1a: Avalugg\n|-damage|p1a: Avalugg|0 fnt\n|faint|p1a: Avalugg\n|\n|upkeep\n|\n|t:|1700335102\n|switch|p1a: Empoleon|Empoleon, F|100\/100\n|turn|8\n|\n|t:|1700335111\n|move|p1a: Empoleon|Stealth Rock|p2a: Iron Hands\n|-sidestart|p2: GodEater55|move: Stealth Rock\n|move|p2a: Iron Hands|Drain Punch|p1a: Empoleon\n|-supereffective|p1a: Empoleon\n|-damage|p1a: Empoleon|39\/100\n|\n|-heal|p1a: Empoleon|45\/100|[from] item: Leftovers\n|upkeep\n|turn|9\n|\n|t:|1700335123\n|-terastallize|p1a: Empoleon|Flying\n|move|p1a: Empoleon|Ice Beam|p2a: Iron Hands\n|-damage|p2a: Iron Hands|87\/100\n|move|p2a: Iron Hands|Drain Punch|p1a: Empoleon\n|-resisted|p1a: Empoleon\n|-damage|p1a: Empoleon|30\/100\n|-heal|p2a: Iron Hands|93\/100|[from] drain|[of] p1a: Empoleon\n|\n|-heal|p1a: Empoleon|36\/100|[from] item: Leftovers\n|upkeep\n|turn|10\n|\n|t:|1700335136\n|switch|p1a: Mamoswine|Mamoswine, M, shiny|100\/100\n|move|p2a: Iron Hands|Ice Punch|p1a: Mamoswine\n|-damage|p1a: Mamoswine|89\/100\n|\n|upkeep\n|turn|11\n|\n|t:|1700335150\n|move|p1a: Mamoswine|Knock Off|p2a: Iron Hands\n|-resisted|p2a: Iron Hands\n|-damage|p2a: Iron Hands|84\/100\n|-enditem|p2a: Iron Hands|Assault Vest|[from] move: Knock Off|[of] p1a: Mamoswine\n|move|p2a: Iron Hands|Drain Punch|p1a: Mamoswine\n|-supereffective|p1a: Mamoswine\n|-damage|p1a: Mamoswine|15\/100\n|-heal|p2a: Iron Hands|100\/100|[from] drain|[of] p1a: Mamoswine\n|\n|upkeep\n|turn|12\n|\n|t:|1700335161\n|move|p1a: Mamoswine|Trailblaze|p2a: Iron Hands\n|-damage|p2a: Iron Hands|91\/100\n|-boost|p1a: Mamoswine|spe|1\n|move|p2a: Iron Hands|Drain Punch|p1a: Mamoswine\n|-supereffective|p1a: Mamoswine\n|-damage|p1a: Mamoswine|0 fnt\n|-heal|p2a: Iron Hands|97\/100|[from] drain|[of] p1a: Mamoswine\n|faint|p1a: Mamoswine\n|\n|upkeep\n|\n|t:|1700335172\n|switch|p1a: Empoleon|Empoleon, F, tera:Flying|36\/100\n|turn|13\n|\n|t:|1700335177\n|move|p1a: Empoleon|Roost|p1a: Empoleon\n|-heal|p1a: Empoleon|86\/100\n|-hint|If a Flying Terastallized Pokemon uses Roost, it remains Flying-type.\n|move|p2a: Iron Hands|Thunder Punch|p1a: Empoleon\n|-supereffective|p1a: Empoleon\n|-damage|p1a: Empoleon|19\/100\n|\n|-heal|p1a: Empoleon|25\/100|[from] item: Leftovers\n|upkeep\n|turn|14\n|\n|t:|1700335188\n|move|p1a: Empoleon|Ice Beam|p2a: Iron Hands\n|-damage|p2a: Iron Hands|78\/100\n|move|p2a: Iron Hands|Thunder Punch|p1a: Empoleon\n|-supereffective|p1a: Empoleon\n|-damage|p1a: Empoleon|0 fnt\n|faint|p1a: Empoleon\n|\n|win|GodEater55\n|c|\u2606GodEater55|gg\n","uploadtime":1700335203,"views":73,"p1id":"fusionzoroark","p2id":"godeater55","formatid":"gen9ou","rating":0,"private":0,"password":""}