{"id":"gen9ou-1996371372","p1":"GroveCityGrookeys","p2":"somebodyuknow2","format":"[Gen 9] OU","log":"|j|\u2606GroveCityGrookeys\n|j|\u2606somebodyuknow2\n|t:|1700675665\n|gametype|singles\n|player|p1|GroveCityGrookeys|169|1669\n|player|p2|somebodyuknow2|gentleman-gen4|1674\n|teamsize|p1|6\n|teamsize|p2|6\n|gen|9\n|tier|[Gen 9] OU\n|rated|\n|rule|Sleep Clause Mod: Limit one foe put to sleep\n|rule|Species Clause: Limit one of each Pok\u00e9mon\n|rule|OHKO Clause: OHKO moves are banned\n|rule|Evasion Items Clause: Evasion items are banned\n|rule|Evasion Moves Clause: Evasion moves are banned\n|rule|Endless Battle Clause: Forcing endless battles is banned\n|rule|HP Percentage Mod: HP is shown in percentages\n|clearpoke\n|poke|p1|Cinderace, M|\n|poke|p1|Ting-Lu|\n|poke|p1|Zapdos|\n|poke|p1|Ogerpon-Wellspring, F|\n|poke|p1|Gholdengo|\n|poke|p1|Iron Valiant|\n|poke|p2|Weavile, M|\n|poke|p2|Weezing-Galar, F|\n|poke|p2|Alomomola, F|\n|poke|p2|Ting-Lu|\n|poke|p2|Corviknight, F|\n|poke|p2|Dondozo, F|\n|teampreview\n|inactive|Battle timer is ON: inactive players will automatically lose when time's up. (requested by somebodyuknow2)\n|\n|t:|1700675690\n|start\n|switch|p1a: Cinderace|Cinderace, M|100\/100\n|switch|p2a: Weavile|Weavile, M|100\/100\n|-ability|p2a: Weavile|Pressure\n|turn|1\n|\n|t:|1700675699\n|move|p2a: Weavile|Protect|p2a: Weavile\n|-singleturn|p2a: Weavile|Protect\n|move|p1a: Cinderace|U-turn|p2a: Weavile\n|-start|p1a: Cinderace|typechange|Bug|[from] ability: Libero\n|-activate|p2a: Weavile|move: Protect\n|\n|upkeep\n|turn|2\n|\n|t:|1700675714\n|switch|p2a: Alomomola|Alomomola, F|100\/100\n|move|p1a: Cinderace|U-turn|p2a: Alomomola\n|-damage|p2a: Alomomola|80\/100\n|\n|t:|1700675720\n|switch|p1a: Zapdos|Zapdos|100\/100|[from] U-turn\n|\n|-heal|p2a: Alomomola|86\/100|[from] item: Leftovers\n|upkeep\n|turn|3\n|\n|t:|1700675734\n|switch|p2a: Ting-Lu|Ting-Lu|100\/100\n|-ability|p2a: Ting-Lu|Vessel of Ruin\n|move|p1a: Zapdos|U-turn|p2a: Ting-Lu\n|-supereffective|p2a: Ting-Lu\n|-damage|p2a: Ting-Lu|86\/100\n|\n|t:|1700675743\n|switch|p1a: Ogerpon|Ogerpon-Wellspring, F|100\/100|[from] U-turn\n|\n|-heal|p2a: Ting-Lu|92\/100|[from] item: Leftovers\n|upkeep\n|turn|4\n|\n|t:|1700675753\n|switch|p2a: Weezing|Weezing-Galar, F|100\/100\n|-ability|p2a: Weezing|Neutralizing Gas\n|move|p1a: Ogerpon|Ivy Cudgel|p2a: Weezing|[anim] Ivy Cudgel Water\n|-damage|p2a: Weezing|63\/100\n|\n|upkeep\n|turn|5\n|\n|t:|1700675769\n|switch|p1a: Ting-Lu|Ting-Lu|100\/100\n|move|p2a: Weezing|Pain Split|p1a: Ting-Lu\n|-sethp|p1a: Ting-Lu|71\/100|[from] move: Pain Split|[silent]\n|-sethp|p2a: Weezing|100\/100|[from] move: Pain Split\n|\n|-heal|p1a: Ting-Lu|77\/100|[from] item: Leftovers\n|upkeep\n|turn|6\n|\n|t:|1700675780\n|move|p2a: Weezing|Will-O-Wisp|p1a: Ting-Lu\n|-status|p1a: Ting-Lu|brn\n|move|p1a: Ting-Lu|Spikes|p2a: Weezing\n|-sidestart|p2: somebodyuknow2|Spikes\n|\n|-heal|p1a: Ting-Lu|83\/100 brn|[from] item: Leftovers\n|-damage|p1a: Ting-Lu|77\/100 brn|[from] brn\n|upkeep\n|turn|7\n|\n|t:|1700675795\n|-end|p2a: Weezing|ability: Neutralizing Gas\n|-ability|p1a: Ting-Lu|Vessel of Ruin\n|switch|p2a: Ting-Lu|Ting-Lu|92\/100\n|-damage|p2a: Ting-Lu|79\/100|[from] Spikes\n|-ability|p2a: Ting-Lu|Vessel of Ruin\n|move|p1a: Ting-Lu|Ruination|p2a: Ting-Lu\n|-damage|p2a: Ting-Lu|40\/100\n|\n|-heal|p2a: Ting-Lu|46\/100|[from] item: Leftovers\n|-heal|p1a: Ting-Lu|83\/100 brn|[from] item: Leftovers\n|-damage|p1a: Ting-Lu|77\/100 brn|[from] brn\n|upkeep\n|turn|8\n|\n|t:|1700675811\n|move|p2a: Ting-Lu|Spikes|p1a: Ting-Lu\n|-sidestart|p1: GroveCityGrookeys|Spikes\n|move|p1a: Ting-Lu|Spikes|p2a: Ting-Lu\n|-sidestart|p2: somebodyuknow2|Spikes\n|\n|-heal|p1a: Ting-Lu|83\/100 brn|[from] item: Leftovers\n|-heal|p2a: Ting-Lu|52\/100|[from] item: Leftovers\n|-damage|p1a: Ting-Lu|77\/100 brn|[from] brn\n|upkeep\n|turn|9\n|\n|t:|1700675821\n|switch|p1a: Ogerpon|Ogerpon-Wellspring, F|100\/100\n|-damage|p1a: Ogerpon|88\/100|[from] Spikes\n|move|p2a: Ting-Lu|Spikes|p1a: Ogerpon\n|-sidestart|p1: GroveCityGrookeys|Spikes\n|\n|-heal|p2a: Ting-Lu|59\/100|[from] item: Leftovers\n|upkeep\n|turn|10\n|\n|t:|1700675834\n|switch|p2a: Weezing|Weezing-Galar, F|100\/100\n|-ability|p2a: Weezing|Neutralizing Gas\n|move|p1a: Ogerpon|Ivy Cudgel|p2a: Weezing|[anim] Ivy Cudgel Water\n|-damage|p2a: Weezing|62\/100\n|\n|upkeep\n|turn|11\n|\n|t:|1700675843\n|switch|p1a: Ting-Lu|Ting-Lu|77\/100 brn\n|-damage|p1a: Ting-Lu|60\/100 brn|[from] Spikes\n|move|p2a: Weezing|Pain Split|p1a: Ting-Lu\n|-sethp|p1a: Ting-Lu|50\/100 brn|[from] move: Pain Split|[silent]\n|-sethp|p2a: Weezing|77\/100|[from] move: Pain Split\n|\n|-heal|p1a: Ting-Lu|57\/100 brn|[from] item: Leftovers\n|-damage|p1a: Ting-Lu|50\/100 brn|[from] brn\n|upkeep\n|turn|12\n|\n|t:|1700675857\n|-end|p2a: Weezing|ability: Neutralizing Gas\n|-ability|p1a: Ting-Lu|Vessel of Ruin\n|switch|p2a: Alomomola|Alomomola, F|100\/100\n|-damage|p2a: Alomomola|84\/100|[from] Spikes\n|move|p1a: Ting-Lu|Spikes|p2a: Alomomola\n|-sidestart|p2: somebodyuknow2|Spikes\n|\n|-heal|p1a: Ting-Lu|57\/100 brn|[from] item: Leftovers\n|-heal|p2a: Alomomola|90\/100|[from] item: Leftovers\n|-damage|p1a: Ting-Lu|50\/100 brn|[from] brn\n|upkeep\n|turn|13\n|\n|t:|1700675873\n|switch|p1a: Ogerpon|Ogerpon-Wellspring, F|88\/100\n|-damage|p1a: Ogerpon|72\/100|[from] Spikes\n|move|p2a: Alomomola|Wish|p2a: Alomomola\n|\n|-heal|p2a: Alomomola|96\/100|[from] item: Leftovers\n|upkeep\n|turn|14\n|\n|t:|1700675883\n|switch|p2a: Weezing|Weezing-Galar, F|77\/100\n|-ability|p2a: Weezing|Neutralizing Gas\n|move|p1a: Ogerpon|Knock Off|p2a: Weezing\n|-resisted|p2a: Weezing\n|-damage|p2a: Weezing|64\/100\n|-enditem|p2a: Weezing|Heavy-Duty Boots|[from] move: Knock Off|[of] p1a: Ogerpon\n|\n|-heal|p2a: Weezing|100\/100|[from] move: Wish|[wisher] Alomomola\n|upkeep\n|turn|15\n|\n|t:|1700675897\n|switch|p1a: Ting-Lu|Ting-Lu|50\/100 brn\n|-damage|p1a: Ting-Lu|34\/100 brn|[from] Spikes\n|move|p2a: Weezing|Sludge Bomb|p1a: Ting-Lu\n|-resisted|p1a: Ting-Lu\n|-damage|p1a: Ting-Lu|26\/100 brn\n|\n|-heal|p1a: Ting-Lu|32\/100 brn|[from] item: Leftovers\n|-damage|p1a: Ting-Lu|26\/100 brn|[from] brn\n|upkeep\n|turn|16\n|\n|t:|1700675911\n|-end|p2a: Weezing|ability: Neutralizing Gas\n|-ability|p1a: Ting-Lu|Vessel of Ruin\n|switch|p2a: Weavile|Weavile, M|100\/100\n|-damage|p2a: Weavile|76\/100|[from] Spikes\n|-ability|p2a: Weavile|Pressure\n|move|p1a: Ting-Lu|Ruination|p2a: Weavile|[miss]\n|-miss|p1a: Ting-Lu|p2a: Weavile\n|\n|-heal|p2a: Weavile|82\/100|[from] item: Leftovers\n|-heal|p1a: Ting-Lu|32\/100 brn|[from] item: Leftovers\n|-damage|p1a: Ting-Lu|26\/100 brn|[from] brn\n|upkeep\n|turn|17\n|\n|t:|1700675929\n|move|p2a: Weavile|Substitute|p2a: Weavile\n|-start|p2a: Weavile|Substitute\n|-damage|p2a: Weavile|57\/100\n|move|p1a: Ting-Lu|Whirlwind|p2a: Weavile\n|drag|p2a: Corviknight|Corviknight, F|100\/100\n|-ability|p2a: Corviknight|Pressure\n|\n|-heal|p1a: Ting-Lu|32\/100 brn|[from] item: Leftovers\n|-damage|p1a: Ting-Lu|26\/100 brn|[from] brn\n|upkeep\n|turn|18\n|\n|t:|1700675943\n|move|p2a: Corviknight|Defog|p1a: Ting-Lu\n|-unboost|p1a: Ting-Lu|evasion|1\n|-sideend|p1: GroveCityGrookeys|Spikes|[from] move: Defog|[of] p2a: Corviknight\n|-sideend|p2: somebodyuknow2|Spikes|[from] move: Defog|[of] p2a: Corviknight\n|move|p1a: Ting-Lu|Ruination|p2a: Corviknight\n|-damage|p2a: Corviknight|50\/100\n|\n|-heal|p1a: Ting-Lu|32\/100 brn|[from] item: Leftovers\n|-damage|p1a: Ting-Lu|26\/100 brn|[from] brn\n|upkeep\n|turn|19\n|\n|t:|1700675956\n|switch|p1a: Cinderace|Cinderace, M|100\/100\n|move|p2a: Corviknight|Roost|p2a: Corviknight\n|-heal|p2a: Corviknight|100\/100\n|-singleturn|p2a: Corviknight|move: Roost\n|\n|upkeep\n|turn|20\n|\n|t:|1700675974\n|switch|p2a: Alomomola|Alomomola, F|100\/100\n|move|p1a: Cinderace|Pyro Ball|p2a: Alomomola\n|-resisted|p2a: Alomomola\n|-damage|p2a: Alomomola|84\/100\n|\n|-heal|p2a: Alomomola|91\/100|[from] item: Leftovers\n|upkeep\n|turn|21\n|\n|t:|1700675982\n|move|p1a: Cinderace|U-turn|p2a: Alomomola\n|-start|p1a: Cinderace|typechange|Bug|[from] ability: Libero\n|-damage|p2a: Alomomola|70\/100\n|\n|t:|1700675996\n|switch|p1a: Gholdengo|Gholdengo|100\/100|[from] U-turn\n|-item|p1a: Gholdengo|Air Balloon\n|move|p2a: Alomomola|Wish|p2a: Alomomola\n|\n|-heal|p2a: Alomomola|76\/100|[from] item: Leftovers\n|upkeep\n|turn|22\n|\n|t:|1700676006\n|switch|p2a: Ting-Lu|Ting-Lu|59\/100\n|-ability|p2a: Ting-Lu|Vessel of Ruin\n|move|p1a: Gholdengo|Nasty Plot|p1a: Gholdengo\n|-boost|p1a: Gholdengo|spa|2\n|\n|-heal|p2a: Ting-Lu|100\/100|[from] move: Wish|[wisher] Alomomola\n|upkeep\n|turn|23\n|\n|t:|1700676026\n|switch|p2a: Dondozo|Dondozo, F|100\/100\n|move|p1a: Gholdengo|Make It Rain|p2a: Dondozo\n|-resisted|p2a: Dondozo\n|-damage|p2a: Dondozo|81\/100\n|-unboost|p1a: Gholdengo|spa|1\n|\n|upkeep\n|turn|24\n|\n|t:|1700676046\n|switch|p1a: Ogerpon|Ogerpon-Wellspring, F|72\/100\n|move|p2a: Dondozo|Avalanche|p1a: Ogerpon\n|-damage|p1a: Ogerpon|55\/100\n|\n|upkeep\n|turn|25\n|\n|t:|1700676064\n|switch|p2a: Weezing|Weezing-Galar, F|100\/100\n|-ability|p2a: Weezing|Neutralizing Gas\n|move|p1a: Ogerpon|Ivy Cudgel|p2a: Weezing|[anim] Ivy Cudgel Water\n|-damage|p2a: Weezing|60\/100\n|\n|upkeep\n|turn|26\n|\n|t:|1700676075\n|switch|p1a: Gholdengo|Gholdengo|100\/100\n|-item|p1a: Gholdengo|Air Balloon\n|move|p2a: Weezing|Sludge Bomb|p1a: Gholdengo\n|-immune|p1a: Gholdengo\n|\n|upkeep\n|turn|27\n|\n|t:|1700676087\n|switch|p1a: Ogerpon|Ogerpon-Wellspring, F|55\/100\n|-end|p2a: Weezing|ability: Neutralizing Gas\n|switch|p2a: Ting-Lu|Ting-Lu|100\/100\n|-ability|p2a: Ting-Lu|Vessel of Ruin\n|\n|upkeep\n|turn|28\n|\n|t:|1700676097\n|move|p2a: Ting-Lu|Protect|p2a: Ting-Lu\n|-singleturn|p2a: Ting-Lu|Protect\n|move|p1a: Ogerpon|Ivy Cudgel|p2a: Ting-Lu|[anim] Ivy Cudgel Water\n|-activate|p2a: Ting-Lu|move: Protect\n|\n|upkeep\n|turn|29\n|\n|t:|1700676108\n|switch|p2a: Corviknight|Corviknight, F|100\/100\n|-ability|p2a: Corviknight|Pressure\n|move|p1a: Ogerpon|Ivy Cudgel|p2a: Corviknight|[anim] Ivy Cudgel Water\n|-damage|p2a: Corviknight|65\/100\n|\n|upkeep\n|turn|30\n|\n|t:|1700676125\n|switch|p1a: Zapdos|Zapdos|100\/100\n|move|p2a: Corviknight|Roost|p2a: Corviknight\n|-heal|p2a: Corviknight|100\/100\n|-singleturn|p2a: Corviknight|move: Roost\n|\n|upkeep\n|turn|31\n|\n|t:|1700676137\n|switch|p2a: Ting-Lu|Ting-Lu|100\/100\n|-ability|p2a: Ting-Lu|Vessel of Ruin\n|move|p1a: Zapdos|U-turn|p2a: Ting-Lu\n|-supereffective|p2a: Ting-Lu\n|-damage|p2a: Ting-Lu|87\/100\n|inactive|GroveCityGrookeys has 120 seconds left.\n|\n|t:|1700676150\n|switch|p1a: Ogerpon|Ogerpon-Wellspring, F|55\/100|[from] U-turn\n|\n|-heal|p2a: Ting-Lu|93\/100|[from] item: Leftovers\n|upkeep\n|turn|32\n|inactive|GroveCityGrookeys has 120 seconds left.\n|\n|t:|1700676161\n|move|p2a: Ting-Lu|Protect|p2a: Ting-Lu\n|-singleturn|p2a: Ting-Lu|Protect\n|move|p1a: Ogerpon|Knock Off|p2a: Ting-Lu\n|-activate|p2a: Ting-Lu|move: Protect\n|\n|-heal|p2a: Ting-Lu|99\/100|[from] item: Leftovers\n|upkeep\n|turn|33\n|\n|t:|1700676171\n|switch|p2a: Corviknight|Corviknight, F|100\/100\n|-ability|p2a: Corviknight|Pressure\n|move|p1a: Ogerpon|Ivy Cudgel|p2a: Corviknight|[anim] Ivy Cudgel Water\n|-damage|p2a: Corviknight|61\/100\n|\n|upkeep\n|turn|34\n|\n|t:|1700676181\n|-terastallize|p2a: Corviknight|Dragon\n|move|p1a: Ogerpon|Knock Off|p2a: Corviknight\n|-damage|p2a: Corviknight|34\/100\n|-damage|p1a: Ogerpon|38\/100|[from] item: Rocky Helmet|[of] p2a: Corviknight\n|-enditem|p2a: Corviknight|Rocky Helmet|[from] move: Knock Off|[of] p1a: Ogerpon\n|move|p2a: Corviknight|Roost|p2a: Corviknight\n|-heal|p2a: Corviknight|84\/100\n|\n|upkeep\n|turn|35\n|\n|t:|1700676196\n|switch|p2a: Ting-Lu|Ting-Lu|99\/100\n|-ability|p2a: Ting-Lu|Vessel of Ruin\n|move|p1a: Ogerpon|Encore||[still]\n|-fail|p1a: Ogerpon\n|\n|-heal|p2a: Ting-Lu|100\/100|[from] item: Leftovers\n|upkeep\n|turn|36\n|\n|t:|1700676212\n|switch|p2a: Corviknight|Corviknight, F, tera:Dragon|84\/100\n|-ability|p2a: Corviknight|Pressure\n|move|p1a: Ogerpon|Horn Leech|p2a: Corviknight\n|-resisted|p2a: Corviknight\n|-damage|p2a: Corviknight|69\/100\n|-heal|p1a: Ogerpon|47\/100|[from] drain|[of] p2a: Corviknight\n|\n|upkeep\n|turn|37\n|\n|t:|1700676224\n|switch|p1a: Zapdos|Zapdos|100\/100\n|move|p2a: Corviknight|Body Press|p1a: Zapdos\n|-resisted|p1a: Zapdos\n|-damage|p1a: Zapdos|88\/100\n|\n|upkeep\n|turn|38\n|\n|t:|1700676237\n|switch|p2a: Alomomola|Alomomola, F|100\/100\n|move|p1a: Zapdos|U-turn|p2a: Alomomola\n|-damage|p2a: Alomomola|93\/100\n|\n|t:|1700676244\n|switch|p1a: Ogerpon|Ogerpon-Wellspring, F|47\/100|[from] U-turn\n|\n|-heal|p2a: Alomomola|99\/100|[from] item: Leftovers\n|upkeep\n|turn|39\n|\n|t:|1700676260\n|move|p1a: Ogerpon|Horn Leech|p2a: Alomomola\n|-supereffective|p2a: Alomomola\n|-damage|p2a: Alomomola|49\/100\n|-heal|p1a: Ogerpon|86\/100|[from] drain|[of] p2a: Alomomola\n|move|p2a: Alomomola|Wish|p2a: Alomomola\n|\n|-heal|p2a: Alomomola|55\/100|[from] item: Leftovers\n|upkeep\n|turn|40\n|\n|t:|1700676273\n|switch|p2a: Weezing|Weezing-Galar, F|60\/100\n|-ability|p2a: Weezing|Neutralizing Gas\n|move|p1a: Ogerpon|Ivy Cudgel|p2a: Weezing|[anim] Ivy Cudgel Water\n|-damage|p2a: Weezing|22\/100\n|\n|-heal|p2a: Weezing|93\/100|[from] move: Wish|[wisher] Alomomola\n|upkeep\n|turn|41\n|inactive|GroveCityGrookeys has 120 seconds left.\n|\n|t:|1700676294\n|switch|p1a: Gholdengo|Gholdengo|100\/100\n|-item|p1a: Gholdengo|Air Balloon\n|move|p2a: Weezing|Will-O-Wisp|p1a: Gholdengo\n|-status|p1a: Gholdengo|brn\n|\n|-damage|p1a: Gholdengo|94\/100 brn|[from] brn\n|upkeep\n|turn|42\n|inactive|GroveCityGrookeys has 120 seconds left.\n|\n|t:|1700676315\n|-end|p2a: Weezing|ability: Neutralizing Gas\n|switch|p2a: Ting-Lu|Ting-Lu|100\/100\n|-ability|p2a: Ting-Lu|Vessel of Ruin\n|move|p1a: Gholdengo|Nasty Plot|p1a: Gholdengo\n|-boost|p1a: Gholdengo|spa|2\n|\n|-damage|p1a: Gholdengo|88\/100 brn|[from] brn\n|upkeep\n|turn|43\n|\n|t:|1700676331\n|move|p1a: Gholdengo|Make It Rain|p2a: Ting-Lu\n|-damage|p2a: Ting-Lu|48\/100\n|-unboost|p1a: Gholdengo|spa|1\n|move|p2a: Ting-Lu|Spikes|p1a: Gholdengo\n|-sidestart|p1: GroveCityGrookeys|Spikes\n|\n|-heal|p2a: Ting-Lu|54\/100|[from] item: Leftovers\n|-damage|p1a: Gholdengo|82\/100 brn|[from] brn\n|upkeep\n|turn|44\n|\n|t:|1700676342\n|move|p2a: Ting-Lu|Protect|p2a: Ting-Lu\n|-singleturn|p2a: Ting-Lu|Protect\n|move|p1a: Gholdengo|Nasty Plot|p1a: Gholdengo\n|-boost|p1a: Gholdengo|spa|2\n|\n|-heal|p2a: Ting-Lu|60\/100|[from] item: Leftovers\n|-damage|p1a: Gholdengo|76\/100 brn|[from] brn\n|upkeep\n|turn|45\n|\n|t:|1700676353\n|switch|p2a: Dondozo|Dondozo, F|81\/100\n|move|p1a: Gholdengo|Shadow Ball|p2a: Dondozo\n|-damage|p2a: Dondozo|53\/100\n|\n|-damage|p1a: Gholdengo|70\/100 brn|[from] brn\n|upkeep\n|turn|46\n|\n|t:|1700676379\n|move|p1a: Gholdengo|Shadow Ball|p2a: Dondozo\n|-damage|p2a: Dondozo|28\/100\n|move|p2a: Dondozo|Rest|p2a: Dondozo\n|-status|p2a: Dondozo|slp|[from] move: Rest\n|-heal|p2a: Dondozo|100\/100 slp|[silent]\n|\n|-damage|p1a: Gholdengo|64\/100 brn|[from] brn\n|upkeep\n|turn|47\n|\n|t:|1700676390\n|move|p1a: Gholdengo|Shadow Ball|p2a: Dondozo\n|-damage|p2a: Dondozo|71\/100 slp\n|cant|p2a: Dondozo|slp\n|\n|-damage|p1a: Gholdengo|58\/100 brn|[from] brn\n|upkeep\n|turn|48\n|\n|t:|1700676398\n|move|p1a: Gholdengo|Shadow Ball|p2a: Dondozo\n|-damage|p2a: Dondozo|45\/100 slp\n|cant|p2a: Dondozo|slp\n|\n|-damage|p1a: Gholdengo|52\/100 brn|[from] brn\n|upkeep\n|turn|49\n|\n|t:|1700676406\n|move|p1a: Gholdengo|Shadow Ball|p2a: Dondozo\n|-damage|p2a: Dondozo|18\/100 slp\n|-curestatus|p2a: Dondozo|slp|[msg]\n|move|p2a: Dondozo|Rest|p2a: Dondozo\n|-status|p2a: Dondozo|slp|[from] move: Rest\n|-heal|p2a: Dondozo|100\/100 slp|[silent]\n|\n|-damage|p1a: Gholdengo|46\/100 brn|[from] brn\n|upkeep\n|turn|50\n|\n|t:|1700676417\n|move|p1a: Gholdengo|Recover|p1a: Gholdengo\n|-heal|p1a: Gholdengo|96\/100 brn\n|cant|p2a: Dondozo|slp\n|\n|-damage|p1a: Gholdengo|90\/100 brn|[from] brn\n|upkeep\n|turn|51\n|\n|t:|1700676424\n|move|p1a: Gholdengo|Shadow Ball|p2a: Dondozo\n|-damage|p2a: Dondozo|73\/100 slp\n|cant|p2a: Dondozo|slp\n|\n|-damage|p1a: Gholdengo|84\/100 brn|[from] brn\n|upkeep\n|turn|52\n|inactive|GroveCityGrookeys has 120 seconds left.\n|\n|t:|1700676432\n|move|p1a: Gholdengo|Shadow Ball|p2a: Dondozo\n|-damage|p2a: Dondozo|45\/100 slp\n|-curestatus|p2a: Dondozo|slp|[msg]\n|move|p2a: Dondozo|Avalanche|p1a: Gholdengo\n|-resisted|p1a: Gholdengo\n|-damage|p1a: Gholdengo|69\/100 brn\n|-enditem|p1a: Gholdengo|Air Balloon\n|\n|-damage|p1a: Gholdengo|63\/100 brn|[from] brn\n|upkeep\n|turn|53\n|inactive|GroveCityGrookeys has 120 seconds left.\n|\n|t:|1700676443\n|move|p1a: Gholdengo|Shadow Ball|p2a: Dondozo\n|-damage|p2a: Dondozo|20\/100\n|move|p2a: Dondozo|Rest|p2a: Dondozo\n|-status|p2a: Dondozo|slp|[from] move: Rest\n|-heal|p2a: Dondozo|100\/100 slp|[silent]\n|\n|-damage|p1a: Gholdengo|57\/100 brn|[from] brn\n|upkeep\n|turn|54\n|\n|t:|1700676453\n|move|p1a: Gholdengo|Recover|p1a: Gholdengo\n|-heal|p1a: Gholdengo|100\/100 brn\n|cant|p2a: Dondozo|slp\n|\n|-damage|p1a: Gholdengo|94\/100 brn|[from] brn\n|upkeep\n|turn|55\n|\n|t:|1700676460\n|move|p1a: Gholdengo|Shadow Ball|p2a: Dondozo\n|-damage|p2a: Dondozo|74\/100 slp\n|cant|p2a: Dondozo|slp\n|\n|-damage|p1a: Gholdengo|88\/100 brn|[from] brn\n|upkeep\n|turn|56\n|\n|t:|1700676468\n|move|p1a: Gholdengo|Shadow Ball|p2a: Dondozo\n|-damage|p2a: Dondozo|48\/100 slp\n|-curestatus|p2a: Dondozo|slp|[msg]\n|move|p2a: Dondozo|Curse|p2a: Dondozo\n|-unboost|p2a: Dondozo|spe|1\n|-boost|p2a: Dondozo|atk|1\n|-boost|p2a: Dondozo|def|1\n|\n|-damage|p1a: Gholdengo|82\/100 brn|[from] brn\n|upkeep\n|turn|57\n|\n|t:|1700676481\n|move|p1a: Gholdengo|Shadow Ball|p2a: Dondozo\n|-damage|p2a: Dondozo|23\/100\n|move|p2a: Dondozo|Rest|p2a: Dondozo\n|-status|p2a: Dondozo|slp|[from] move: Rest\n|-heal|p2a: Dondozo|100\/100 slp|[silent]\n|\n|-damage|p1a: Gholdengo|76\/100 brn|[from] brn\n|upkeep\n|turn|58\n|\n|t:|1700676491\n|move|p1a: Gholdengo|Shadow Ball|p2a: Dondozo\n|-damage|p2a: Dondozo|75\/100 slp\n|cant|p2a: Dondozo|slp\n|\n|-damage|p1a: Gholdengo|70\/100 brn|[from] brn\n|upkeep\n|turn|59\n|\n|t:|1700676499\n|move|p1a: Gholdengo|Shadow Ball|p2a: Dondozo\n|-damage|p2a: Dondozo|47\/100 slp\n|cant|p2a: Dondozo|slp\n|\n|-damage|p1a: Gholdengo|64\/100 brn|[from] brn\n|upkeep\n|turn|60\n|\n|t:|1700676508\n|move|p1a: Gholdengo|Shadow Ball|p2a: Dondozo\n|-damage|p2a: Dondozo|19\/100 slp\n|-curestatus|p2a: Dondozo|slp|[msg]\n|move|p2a: Dondozo|Earthquake|p1a: Gholdengo\n|-supereffective|p1a: Gholdengo\n|-damage|p1a: Gholdengo|0 fnt\n|faint|p1a: Gholdengo\n|\n|upkeep\n|\n|t:|1700676524\n|switch|p1a: Zapdos|Zapdos|88\/100\n|turn|61\n|\n|t:|1700676530\n|switch|p2a: Ting-Lu|Ting-Lu|60\/100\n|-ability|p2a: Ting-Lu|Vessel of Ruin\n|move|p1a: Zapdos|Discharge|p2a: Ting-Lu\n|-immune|p2a: Ting-Lu\n|\n|-heal|p2a: Ting-Lu|67\/100|[from] item: Leftovers\n|upkeep\n|turn|62\n|\n|t:|1700676544\n|move|p2a: Ting-Lu|Protect|p2a: Ting-Lu\n|-singleturn|p2a: Ting-Lu|Protect\n|move|p1a: Zapdos|Hurricane|p2a: Ting-Lu\n|-activate|p2a: Ting-Lu|move: Protect\n|\n|-heal|p2a: Ting-Lu|73\/100|[from] item: Leftovers\n|upkeep\n|turn|63\n|\n|t:|1700676559\n|move|p1a: Zapdos|Hurricane|p2a: Ting-Lu|[miss]\n|-miss|p1a: Zapdos|p2a: Ting-Lu\n|move|p2a: Ting-Lu|Spikes|p1a: Zapdos\n|-sidestart|p1: GroveCityGrookeys|Spikes\n|\n|-heal|p2a: Ting-Lu|79\/100|[from] item: Leftovers\n|upkeep\n|turn|64\n|\n|t:|1700676567\n|move|p2a: Ting-Lu|Protect|p2a: Ting-Lu\n|-singleturn|p2a: Ting-Lu|Protect\n|move|p1a: Zapdos|Hurricane|p2a: Ting-Lu\n|-activate|p2a: Ting-Lu|move: Protect\n|\n|-heal|p2a: Ting-Lu|85\/100|[from] item: Leftovers\n|upkeep\n|turn|65\n|\n|t:|1700676579\n|move|p1a: Zapdos|Hurricane|p2a: Ting-Lu\n|-damage|p2a: Ting-Lu|65\/100\n|-start|p2a: Ting-Lu|confusion\n|-activate|p2a: Ting-Lu|confusion\n|move|p2a: Ting-Lu|Spikes|p1a: Zapdos\n|-sidestart|p1: GroveCityGrookeys|Spikes\n|\n|-heal|p2a: Ting-Lu|72\/100|[from] item: Leftovers\n|upkeep\n|turn|66\n|\n|t:|1700676590\n|move|p1a: Zapdos|U-turn|p2a: Ting-Lu\n|-supereffective|p2a: Ting-Lu\n|-damage|p2a: Ting-Lu|57\/100\n|\n|t:|1700676596\n|switch|p1a: Ting-Lu|Ting-Lu|26\/100 brn|[from] U-turn\n|-damage|p1a: Ting-Lu|1\/100 brn|[from] Spikes\n|-ability|p1a: Ting-Lu|Vessel of Ruin\n|-activate|p2a: Ting-Lu|confusion\n|move|p2a: Ting-Lu|Earthquake|p1a: Ting-Lu\n|-damage|p1a: Ting-Lu|0 fnt\n|faint|p1a: Ting-Lu\n|\n|-heal|p2a: Ting-Lu|64\/100|[from] item: Leftovers\n|upkeep\n|\n|t:|1700676612\n|switch|p1a: Zapdos|Zapdos|88\/100\n|turn|67\n|\n|t:|1700676618\n|-end|p2a: Ting-Lu|confusion\n|move|p2a: Ting-Lu|Protect|p2a: Ting-Lu\n|-singleturn|p2a: Ting-Lu|Protect\n|move|p1a: Zapdos|U-turn|p2a: Ting-Lu\n|-activate|p2a: Ting-Lu|move: Protect\n|\n|-heal|p2a: Ting-Lu|70\/100|[from] item: Leftovers\n|upkeep\n|turn|68\n|\n|t:|1700676629\n|move|p1a: Zapdos|Hurricane|p2a: Ting-Lu\n|-damage|p2a: Ting-Lu|51\/100\n|move|p2a: Ting-Lu|Earthquake|p1a: Zapdos\n|-immune|p1a: Zapdos\n|\n|-heal|p2a: Ting-Lu|57\/100|[from] item: Leftovers\n|upkeep\n|turn|69\n|\n|t:|1700676638\n|move|p2a: Ting-Lu|Protect|p2a: Ting-Lu\n|-singleturn|p2a: Ting-Lu|Protect\n|move|p1a: Zapdos|U-turn|p2a: Ting-Lu\n|-activate|p2a: Ting-Lu|move: Protect\n|\n|-heal|p2a: Ting-Lu|64\/100|[from] item: Leftovers\n|upkeep\n|turn|70\n|\n|t:|1700676647\n|move|p1a: Zapdos|Hurricane|p2a: Ting-Lu\n|-damage|p2a: Ting-Lu|43\/100\n|-start|p2a: Ting-Lu|confusion\n|-activate|p2a: Ting-Lu|confusion\n|move|p2a: Ting-Lu|Stealth Rock|p1a: Zapdos\n|-sidestart|p1: GroveCityGrookeys|move: Stealth Rock\n|\n|-heal|p2a: Ting-Lu|49\/100|[from] item: Leftovers\n|upkeep\n|turn|71\n|\n|t:|1700676657\n|switch|p2a: Dondozo|Dondozo, F|19\/100\n|move|p1a: Zapdos|U-turn|p2a: Dondozo\n|-damage|p2a: Dondozo|12\/100\n|\n|t:|1700676665\n|switch|p1a: Cinderace|Cinderace, M|100\/100|[from] U-turn\n|\n|upkeep\n|turn|72\n|\n|t:|1700676672\n|move|p1a: Cinderace|U-turn|p2a: Dondozo\n|-start|p1a: Cinderace|typechange|Bug|[from] ability: Libero\n|-damage|p2a: Dondozo|0 fnt\n|faint|p2a: Dondozo\n|\n|t:|1700676677\n|switch|p1a: Zapdos|Zapdos|88\/100|[from] U-turn\n|\n|upkeep\n|\n|t:|1700676694\n|switch|p2a: Alomomola|Alomomola, F|89\/100\n|turn|73\n|\n|t:|1700676699\n|move|p1a: Zapdos|Discharge|p2a: Alomomola\n|-supereffective|p2a: Alomomola\n|-damage|p2a: Alomomola|25\/100\n|move|p2a: Alomomola|Mirror Coat|p1a: Zapdos\n|-damage|p1a: Zapdos|0 fnt\n|faint|p1a: Zapdos\n|\n|-heal|p2a: Alomomola|32\/100|[from] item: Leftovers\n|upkeep\n|j| dfghhhg\n|\n|t:|1700676714\n|switch|p1a: Cinderace|Cinderace, M|100\/100\n|turn|74\n|\n|t:|1700676719\n|move|p2a: Alomomola|Protect|p2a: Alomomola\n|-singleturn|p2a: Alomomola|Protect\n|move|p1a: Cinderace|Court Change|p1a: Cinderace\n|-start|p1a: Cinderace|typechange|Normal|[from] ability: Libero\n|-swapsideconditions\n|-activate|p1a: Cinderace|move: Court Change\n|\n|-heal|p2a: Alomomola|38\/100|[from] item: Leftovers\n|upkeep\n|turn|75\n|\n|t:|1700676728\n|move|p1a: Cinderace|U-turn|p2a: Alomomola\n|-damage|p2a: Alomomola|24\/100\n|\n|t:|1700676733\n|switch|p1a: Ogerpon|Ogerpon-Wellspring, F|86\/100|[from] U-turn\n|move|p2a: Alomomola|Wish|p2a: Alomomola\n|\n|-heal|p2a: Alomomola|30\/100|[from] item: Leftovers\n|upkeep\n|turn|76\n|\n|t:|1700676746\n|switch|p2a: Weezing|Weezing-Galar, F|93\/100\n|-ability|p2a: Weezing|Neutralizing Gas\n|-damage|p2a: Weezing|68\/100|[from] Spikes\n|-damage|p2a: Weezing|56\/100|[from] Stealth Rock\n|move|p1a: Ogerpon|Ivy Cudgel|p2a: Weezing|[anim] Ivy Cudgel Water\n|-damage|p2a: Weezing|14\/100\n|\n|-heal|p2a: Weezing|85\/100|[from] move: Wish|[wisher] Alomomola\n|upkeep\n|turn|77\n|\n|t:|1700676765\n|-terastallize|p1a: Ogerpon|Water\n|detailschange|p1a: Ogerpon|Ogerpon-Wellspring-Tera, F, tera:Water\n|move|p1a: Ogerpon|Ivy Cudgel|p2a: Weezing|[anim] Ivy Cudgel Water\n|-damage|p2a: Weezing|32\/100\n|move|p2a: Weezing|Defog|p1a: Ogerpon\n|-unboost|p1a: Ogerpon|evasion|1\n|-sideend|p2: somebodyuknow2|Spikes|[from] move: Defog|[of] p2a: Weezing\n|-sideend|p2: somebodyuknow2|Stealth Rock|[from] move: Defog|[of] p2a: Weezing\n|\n|upkeep\n|turn|78\n|\n|t:|1700676786\n|-end|p2a: Weezing|ability: Neutralizing Gas\n|-ability|p1a: Ogerpon|Embody Aspect (Wellspring)|boost\n|-boost|p1a: Ogerpon|spd|1\n|switch|p2a: Corviknight|Corviknight, F, tera:Dragon|69\/100\n|-ability|p2a: Corviknight|Pressure\n|move|p1a: Ogerpon|Ivy Cudgel|p2a: Corviknight|[anim] Ivy Cudgel Water\n|-resisted|p2a: Corviknight\n|-crit|p2a: Corviknight\n|-damage|p2a: Corviknight|32\/100\n|\n|upkeep\n|turn|79\n|inactive|GroveCityGrookeys has 120 seconds left.\n|\n|t:|1700676810\n|switch|p1a: Iron Valiant|Iron Valiant|100\/100\n|-enditem|p1a: Iron Valiant|Booster Energy\n|-activate|p1a: Iron Valiant|ability: Quark Drive|[fromitem]\n|-start|p1a: Iron Valiant|quarkdrivespe\n|move|p2a: Corviknight|Roost|p2a: Corviknight\n|-heal|p2a: Corviknight|82\/100\n|\n|upkeep\n|turn|80\n|inactive|GroveCityGrookeys has 120 seconds left.\n|\n|t:|1700676818\n|switch|p2a: Weavile|Weavile, M|57\/100\n|-ability|p2a: Weavile|Pressure\n|move|p1a: Iron Valiant|Swords Dance|p1a: Iron Valiant\n|-boost|p1a: Iron Valiant|atk|2\n|\n|-heal|p2a: Weavile|63\/100|[from] item: Leftovers\n|upkeep\n|turn|81\n|\n|t:|1700676828\n|move|p1a: Iron Valiant|Spirit Break|p2a: Weavile\n|-supereffective|p2a: Weavile\n|-damage|p2a: Weavile|0 fnt\n|faint|p2a: Weavile\n|\n|upkeep\n|\n|t:|1700676848\n|switch|p2a: Alomomola|Alomomola, F|63\/100\n|turn|82\n|\n|t:|1700676853\n|switch|p2a: Weezing|Weezing-Galar, F|32\/100\n|-ability|p2a: Weezing|Neutralizing Gas\n|move|p1a: Iron Valiant|Close Combat|p2a: Weezing\n|-resisted|p2a: Weezing\n|-damage|p2a: Weezing|13\/100\n|-unboost|p1a: Iron Valiant|def|1\n|-unboost|p1a: Iron Valiant|spd|1\n|\n|upkeep\n|turn|83\n|\n|t:|1700676866\n|move|p1a: Iron Valiant|Close Combat|p2a: Weezing\n|-resisted|p2a: Weezing\n|-damage|p2a: Weezing|0 fnt\n|-unboost|p1a: Iron Valiant|def|1\n|-unboost|p1a: Iron Valiant|spd|1\n|faint|p2a: Weezing\n|-end|p2a: Weezing|ability: Neutralizing Gas\n|\n|upkeep\n|\n|t:|1700676869\n|switch|p2a: Alomomola|Alomomola, F|96\/100\n|turn|84\n|\n|t:|1700676879\n|move|p1a: Iron Valiant|Close Combat|p2a: Alomomola\n|-damage|p2a: Alomomola|15\/100\n|-unboost|p1a: Iron Valiant|def|1\n|-unboost|p1a: Iron Valiant|spd|1\n|move|p2a: Alomomola|Flip Turn|p1a: Iron Valiant\n|-crit|p1a: Iron Valiant\n|-damage|p1a: Iron Valiant|21\/100\n|j| SoccerLego4081\n|\n|t:|1700676887\n|switch|p2a: Ting-Lu|Ting-Lu|49\/100|[from] Flip Turn\n|-ability|p2a: Ting-Lu|Vessel of Ruin\n|\n|-heal|p2a: Ting-Lu|56\/100|[from] item: Leftovers\n|upkeep\n|turn|85\n|c|\u2606somebodyuknow2|gg\n|-message|somebodyuknow2 forfeited.\n|\n|win|GroveCityGrookeys\n|raw|GroveCityGrookeys's rating: 1669 &rarr; <strong>1689<\/strong><br \/>(+20 for winning)\n|raw|somebodyuknow2's rating: 1674 &rarr; <strong>1654<\/strong><br \/>(-20 for losing)\n|l|\u2606somebodyuknow2\n|c|\u2606GroveCityGrookeys|geeg\n","uploadtime":1700676962,"views":6,"p1id":"grovecitygrookeys","p2id":"somebodyuknow2","formatid":"gen9ou","rating":1654,"private":0,"password":""}