{"id":"gen9ou-1989417429","p1":"pthbt","p2":"Heihachi Mishima","format":"[Gen 9] OU","log":"|j|\u2606pthbt\n|j|\u2606Heihachi Mishima\n|t:|1699847582\n|gametype|singles\n|player|p1|pthbt|harlequin|1454\n|player|p2|Heihachi Mishima|bruno-gen1rb|1537\n|teamsize|p1|6\n|teamsize|p2|6\n|gen|9\n|tier|[Gen 9] OU\n|rated|\n|rule|Sleep Clause Mod: Limit one foe put to sleep\n|rule|Species Clause: Limit one of each Pok\u00e9mon\n|rule|OHKO Clause: OHKO moves are banned\n|rule|Evasion Items Clause: Evasion items are banned\n|rule|Evasion Moves Clause: Evasion moves are banned\n|rule|Endless Battle Clause: Forcing endless battles is banned\n|rule|HP Percentage Mod: HP is shown in percentages\n|clearpoke\n|poke|p1|Torkoal, M|\n|poke|p1|Lilligant-Hisui, F|\n|poke|p1|Cinderace, F|\n|poke|p1|Walking Wake|\n|poke|p1|Skeledirge, F|\n|poke|p1|Landorus-Therian, M|\n|poke|p2|Heatran, M|\n|poke|p2|Enamorus, F|\n|poke|p2|Great Tusk|\n|poke|p2|Slowking-Galar, F|\n|poke|p2|Cinderace, F|\n|poke|p2|Walking Wake|\n|teampreview\n|inactive|Battle timer is ON: inactive players will automatically lose when time's up. (requested by Heihachi Mishima)\n|\n|t:|1699847588\n|start\n|switch|p1a: Lilligant|Lilligant-Hisui, F|100\/100\n|switch|p2a: Walking Wake|Walking Wake|100\/100\n|turn|1\n|inactive|pthbt has 120 seconds left.\n|\n|t:|1699847624\n|move|p2a: Walking Wake|Draco Meteor|p1a: Lilligant\n|-damage|p1a: Lilligant|0 fnt\n|-unboost|p2a: Walking Wake|spa|2\n|faint|p1a: Lilligant\n|\n|upkeep\n|\n|t:|1699847634\n|switch|p1a: Walking Wake|Walking Wake|100\/100\n|turn|2\n|\n|t:|1699847646\n|-end|p2a: Walking Wake|Protosynthesis|[silent]\n|switch|p2a: Slowking|Slowking-Galar, F|100\/100\n|move|p1a: Walking Wake|Hydro Steam|p2a: Slowking\n|-damage|p2a: Slowking|68\/100\n|\n|upkeep\n|turn|3\n|\n|t:|1699847653\n|-end|p1a: Walking Wake|Protosynthesis|[silent]\n|switch|p1a: Torkoal|Torkoal, M|100\/100\n|-weather|SunnyDay|[from] ability: Drought|[of] p1a: Torkoal\n|move|p2a: Slowking|Future Sight|p1a: Torkoal\n|-start|p2a: Slowking|move: Future Sight\n|\n|-weather|SunnyDay|[upkeep]\n|upkeep\n|turn|4\n|inactive|pthbt has 120 seconds left.\n|\n|t:|1699847662\n|switch|p2a: Walking Wake|Walking Wake|100\/100\n|-activate|p2a: Walking Wake|ability: Protosynthesis\n|-start|p2a: Walking Wake|protosynthesisspe\n|move|p1a: Torkoal|Stealth Rock|p2a: Walking Wake\n|-sidestart|p2: Heihachi Mishima|move: Stealth Rock\n|\n|-weather|SunnyDay|[upkeep]\n|upkeep\n|turn|5\n|inactive|pthbt has 120 seconds left.\n|\n|t:|1699847676\n|switch|p1a: Walking Wake|Walking Wake|100\/100\n|-activate|p1a: Walking Wake|ability: Protosynthesis\n|-start|p1a: Walking Wake|protosynthesisspe\n|move|p2a: Walking Wake|Draco Meteor|p1a: Walking Wake\n|-supereffective|p1a: Walking Wake\n|-damage|p1a: Walking Wake|0 fnt\n|-unboost|p2a: Walking Wake|spa|2\n|faint|p1a: Walking Wake\n|-end|p1a: Walking Wake|Protosynthesis|[silent]\n|\n|-weather|SunnyDay|[upkeep]\n|-hint|Future Sight did not hit because the target is fainted.\n|upkeep\n|inactive|pthbt has 120 seconds left.\n|\n|t:|1699847690\n|switch|p1a: Skeledirge|Skeledirge, F|100\/100\n|turn|6\n|inactive|pthbt has 120 seconds left.\n|\n|t:|1699847698\n|-end|p2a: Walking Wake|Protosynthesis|[silent]\n|switch|p2a: Great Tusk|Great Tusk|100\/100\n|-activate|p2a: Great Tusk|ability: Protosynthesis\n|-start|p2a: Great Tusk|protosynthesisatk\n|move|p1a: Skeledirge|Will-O-Wisp|p2a: Great Tusk\n|-status|p2a: Great Tusk|brn\n|\n|-weather|SunnyDay|[upkeep]\n|-damage|p2a: Great Tusk|94\/100 brn|[from] brn\n|upkeep\n|turn|7\n|inactive|pthbt has 120 seconds left.\n|\n|t:|1699847710\n|switch|p1a: Landorus|Landorus-Therian, M|100\/100\n|-ability|p1a: Landorus|Intimidate|boost\n|-unboost|p2a: Great Tusk|atk|1\n|move|p2a: Great Tusk|Headlong Rush|p1a: Landorus\n|-immune|p1a: Landorus\n|\n|-weather|SunnyDay|[upkeep]\n|-damage|p2a: Great Tusk|88\/100 brn|[from] brn\n|upkeep\n|turn|8\n|\n|t:|1699847719\n|move|p2a: Great Tusk|Knock Off|p1a: Landorus\n|-damage|p1a: Landorus|87\/100\n|-enditem|p1a: Landorus|Leftovers|[from] move: Knock Off|[of] p2a: Great Tusk\n|move|p1a: Landorus|Swords Dance|p1a: Landorus\n|-boost|p1a: Landorus|atk|2\n|\n|-weather|SunnyDay|[upkeep]\n|-damage|p2a: Great Tusk|82\/100 brn|[from] brn\n|upkeep\n|turn|9\n|\n|t:|1699847733\n|move|p2a: Great Tusk|Rapid Spin|p1a: Landorus\n|-damage|p1a: Landorus|80\/100\n|-boost|p2a: Great Tusk|spe|1\n|-sideend|p2: Heihachi Mishima|Stealth Rock|[from] move: Rapid Spin|[of] p2a: Great Tusk\n|move|p1a: Landorus|Earthquake|p2a: Great Tusk\n|-damage|p2a: Great Tusk|6\/100 brn\n|\n|-weather|SunnyDay|[upkeep]\n|-damage|p2a: Great Tusk|0 fnt|[from] brn\n|faint|p2a: Great Tusk\n|-end|p2a: Great Tusk|Protosynthesis|[silent]\n|upkeep\n|\n|t:|1699847736\n|switch|p2a: Walking Wake|Walking Wake|100\/100\n|-activate|p2a: Walking Wake|ability: Protosynthesis\n|-start|p2a: Walking Wake|protosynthesisspe\n|turn|10\n|\n|t:|1699847754\n|move|p2a: Walking Wake|Hydro Steam|p1a: Landorus\n|-supereffective|p1a: Landorus\n|-damage|p1a: Landorus|0 fnt\n|faint|p1a: Landorus\n|\n|-weather|none\n|-end|p2a: Walking Wake|Protosynthesis\n|upkeep\n|inactive|pthbt has 120 seconds left.\n|\n|t:|1699847767\n|switch|p1a: Cinderace|Cinderace, F|100\/100\n|turn|11\n|inactive|pthbt has 120 seconds left.\n|\n|t:|1699847778\n|-end|p2a: Walking Wake|Protosynthesis|[silent]\n|switch|p2a: Cinderace|Cinderace, F|100\/100\n|move|p1a: Cinderace|Sucker Punch||[still]\n|-fail|p1a: Cinderace\n|\n|upkeep\n|turn|12\n|\n|t:|1699847783\n|move|p1a: Cinderace|Pyro Ball|p2a: Cinderace\n|-resisted|p2a: Cinderace\n|-damage|p2a: Cinderace|56\/100\n|move|p2a: Cinderace|U-turn|p1a: Cinderace\n|-start|p2a: Cinderace|typechange|Bug|[from] ability: Libero\n|-resisted|p1a: Cinderace\n|-damage|p1a: Cinderace|78\/100\n|\n|t:|1699847792\n|switch|p2a: Heatran|Heatran, M|100\/100|[from] U-turn\n|\n|upkeep\n|turn|13\n|\n|t:|1699847798\n|move|p1a: Cinderace|U-turn|p2a: Heatran\n|-start|p1a: Cinderace|typechange|Bug|[from] ability: Libero\n|-resisted|p2a: Heatran\n|-damage|p2a: Heatran|94\/100\n|\n|t:|1699847806\n|switch|p1a: Torkoal|Torkoal, M|100\/100|[from] U-turn\n|-weather|SunnyDay|[from] ability: Drought|[of] p1a: Torkoal\n|move|p2a: Heatran|Earth Power|p1a: Torkoal\n|-supereffective|p1a: Torkoal\n|-damage|p1a: Torkoal|48\/100\n|\n|-weather|SunnyDay|[upkeep]\n|-heal|p2a: Heatran|99\/100|[from] item: Leftovers\n|upkeep\n|turn|14\n|\n|t:|1699847816\n|move|p2a: Heatran|Earth Power|p1a: Torkoal\n|-supereffective|p1a: Torkoal\n|-damage|p1a: Torkoal|0 fnt\n|faint|p1a: Torkoal\n|\n|-weather|SunnyDay|[upkeep]\n|-heal|p2a: Heatran|100\/100|[from] item: Leftovers\n|upkeep\n|\n|t:|1699847823\n|switch|p1a: Skeledirge|Skeledirge, F|100\/100\n|turn|15\n|\n|t:|1699847833\n|move|p2a: Heatran|Earth Power|p1a: Skeledirge\n|-supereffective|p1a: Skeledirge\n|-damage|p1a: Skeledirge|49\/100\n|move|p1a: Skeledirge|Shadow Ball|p2a: Heatran\n|-damage|p2a: Heatran|80\/100\n|-unboost|p2a: Heatran|spd|1\n|\n|-weather|SunnyDay|[upkeep]\n|-heal|p2a: Heatran|86\/100|[from] item: Leftovers\n|-heal|p1a: Skeledirge|55\/100|[from] item: Leftovers\n|upkeep\n|turn|16\n|\n|t:|1699847846\n|move|p2a: Heatran|Earth Power|p1a: Skeledirge\n|-supereffective|p1a: Skeledirge\n|-damage|p1a: Skeledirge|9\/100\n|move|p1a: Skeledirge|Shadow Ball|p2a: Heatran\n|-damage|p2a: Heatran|64\/100\n|-unboost|p2a: Heatran|spd|1\n|\n|-weather|SunnyDay|[upkeep]\n|-heal|p2a: Heatran|71\/100|[from] item: Leftovers\n|-heal|p1a: Skeledirge|15\/100|[from] item: Leftovers\n|upkeep\n|turn|17\n|\n|t:|1699847858\n|move|p2a: Heatran|Earth Power|p1a: Skeledirge\n|-supereffective|p1a: Skeledirge\n|-damage|p1a: Skeledirge|0 fnt\n|faint|p1a: Skeledirge\n|\n|-weather|SunnyDay|[upkeep]\n|-heal|p2a: Heatran|77\/100|[from] item: Leftovers\n|upkeep\n|\n|t:|1699847864\n|switch|p1a: Cinderace|Cinderace, F|78\/100\n|turn|18\n|\n|t:|1699847874\n|-terastallize|p1a: Cinderace|Dark\n|move|p1a: Cinderace|Sucker Punch||[still]\n|-fail|p1a: Cinderace\n|move|p2a: Heatran|Iron Defense|p2a: Heatran\n|-boost|p2a: Heatran|def|2\n|\n|-weather|SunnyDay|[upkeep]\n|-heal|p2a: Heatran|83\/100|[from] item: Leftovers\n|upkeep\n|turn|19\n|\n|t:|1699847882\n|move|p1a: Cinderace|U-turn|p2a: Heatran\n|-resisted|p2a: Heatran\n|-damage|p2a: Heatran|81\/100\n|move|p2a: Heatran|Body Press|p1a: Cinderace\n|-supereffective|p1a: Cinderace\n|-damage|p1a: Cinderace|0 fnt\n|faint|p1a: Cinderace\n|\n|win|Heihachi Mishima\n|raw|pthbt's rating: 1454 &rarr; <strong>1439<\/strong><br \/>(-15 for losing)\n|raw|Heihachi Mishima's rating: 1537 &rarr; <strong>1552<\/strong><br \/>(+15 for winning)\n","uploadtime":1699847886,"views":26,"p1id":"pthbt","p2id":"heihachimishima","formatid":"gen9ou","rating":1439,"private":0,"password":""}