{"id":"gen9ou-1993373461","p1":"LogicaVietii","p2":"freestylaH","format":"[Gen 9] OU","log":"|j|\u2606LogicaVietii\n|j|\u2606freestylaH\n|t:|1700308139\n|gametype|singles\n|player|p1|LogicaVietii|alder|1603\n|player|p2|freestylaH|265|1796\n|teamsize|p1|6\n|teamsize|p2|6\n|gen|9\n|tier|[Gen 9] OU\n|rated|\n|rule|Sleep Clause Mod: Limit one foe put to sleep\n|rule|Species Clause: Limit one of each Pok\u00e9mon\n|rule|OHKO Clause: OHKO moves are banned\n|rule|Evasion Items Clause: Evasion items are banned\n|rule|Evasion Moves Clause: Evasion moves are banned\n|rule|Endless Battle Clause: Forcing endless battles is banned\n|rule|HP Percentage Mod: HP is shown in percentages\n|clearpoke\n|poke|p1|Maushold|\n|poke|p1|Samurott-Hisui, M|\n|poke|p1|Kingambit, M|\n|poke|p1|Garganacl, F|\n|poke|p1|Amoonguss, M|\n|poke|p1|Weavile, F|\n|poke|p2|Garganacl, F|\n|poke|p2|Kingambit, M|\n|poke|p2|Samurott-Hisui, M|\n|poke|p2|Moltres|\n|poke|p2|Amoonguss, M|\n|poke|p2|Zamazenta-*|\n|teampreview\n|inactive|Battle timer is ON: inactive players will automatically lose when time's up. (requested by LogicaVietii)\n|\n|t:|1700308152\n|start\n|switch|p1a: Samurott|Samurott-Hisui, M, shiny|100\/100\n|switch|p2a: Lynyrd|Moltres|100\/100\n|turn|1\n|\n|t:|1700308165\n|move|p1a: Samurott|Aqua Cutter|p2a: Lynyrd\n|-supereffective|p2a: Lynyrd\n|-damage|p2a: Lynyrd|16\/100\n|move|p2a: Lynyrd|U-turn|p1a: Samurott\n|-supereffective|p1a: Samurott\n|-damage|p1a: Samurott|67\/100\n|\n|t:|1700308171\n|switch|p2a: Gilette|Samurott-Hisui, M|100\/100|[from] U-turn\n|\n|upkeep\n|turn|2\n|\n|t:|1700308174\n|move|p1a: Samurott|Ceaseless Edge|p2a: Gilette\n|-resisted|p2a: Gilette\n|-damage|p2a: Gilette|74\/100\n|-sidestart|p2: freestylaH|Spikes\n|move|p2a: Gilette|Sacred Sword|p1a: Samurott\n|-supereffective|p1a: Samurott\n|-damage|p1a: Samurott|0 fnt\n|faint|p1a: Samurott\n|\n|upkeep\n|\n|t:|1700308187\n|switch|p1a: Maushold|Maushold|100\/100\n|turn|3\n|\n|t:|1700308190\n|switch|p2a: Evelyn|Garganacl, F|100\/100\n|-damage|p2a: Evelyn|88\/100|[from] Spikes\n|move|p1a: Maushold|Population Bomb|p2a: Evelyn\n|-resisted|p2a: Evelyn\n|-damage|p2a: Evelyn|85\/100\n|-resisted|p2a: Evelyn\n|-damage|p2a: Evelyn|82\/100\n|-resisted|p2a: Evelyn\n|-damage|p2a: Evelyn|80\/100\n|-resisted|p2a: Evelyn\n|-damage|p2a: Evelyn|77\/100\n|-resisted|p2a: Evelyn\n|-damage|p2a: Evelyn|75\/100\n|-resisted|p2a: Evelyn\n|-damage|p2a: Evelyn|72\/100\n|-resisted|p2a: Evelyn\n|-damage|p2a: Evelyn|70\/100\n|-resisted|p2a: Evelyn\n|-damage|p2a: Evelyn|67\/100\n|-resisted|p2a: Evelyn\n|-damage|p2a: Evelyn|64\/100\n|-resisted|p2a: Evelyn\n|-damage|p2a: Evelyn|62\/100\n|-hitcount|p2a: Evelyn|10\n|\n|-heal|p2a: Evelyn|68\/100|[from] item: Leftovers\n|upkeep\n|turn|4\n|\n|t:|1700308197\n|move|p1a: Maushold|Tidy Up|p1a: Maushold\n|-sideend|p2: freestylaH|Spikes\n|-activate|p1a: Maushold|move: Tidy Up\n|-boost|p1a: Maushold|atk|1\n|-boost|p1a: Maushold|spe|1\n|move|p2a: Evelyn|Salt Cure|p1a: Maushold\n|-damage|p1a: Maushold|79\/100\n|-start|p1a: Maushold|Salt Cure\n|\n|-heal|p2a: Evelyn|74\/100|[from] item: Leftovers\n|-damage|p1a: Maushold|66\/100|[from] Salt Cure\n|upkeep\n|turn|5\n|\n|t:|1700308210\n|move|p1a: Maushold|Population Bomb|p2a: Evelyn\n|-resisted|p2a: Evelyn\n|-damage|p2a: Evelyn|70\/100\n|-resisted|p2a: Evelyn\n|-damage|p2a: Evelyn|66\/100\n|-resisted|p2a: Evelyn\n|-damage|p2a: Evelyn|62\/100\n|-resisted|p2a: Evelyn\n|-damage|p2a: Evelyn|58\/100\n|-resisted|p2a: Evelyn\n|-crit|p2a: Evelyn\n|-damage|p2a: Evelyn|51\/100\n|-resisted|p2a: Evelyn\n|-damage|p2a: Evelyn|47\/100\n|-resisted|p2a: Evelyn\n|-damage|p2a: Evelyn|43\/100\n|-resisted|p2a: Evelyn\n|-damage|p2a: Evelyn|39\/100\n|-resisted|p2a: Evelyn\n|-damage|p2a: Evelyn|35\/100\n|-resisted|p2a: Evelyn\n|-damage|p2a: Evelyn|30\/100\n|-hitcount|p2a: Evelyn|10\n|move|p2a: Evelyn|Recover|p2a: Evelyn\n|-heal|p2a: Evelyn|80\/100\n|\n|-heal|p2a: Evelyn|87\/100|[from] item: Leftovers\n|-damage|p1a: Maushold|54\/100|[from] Salt Cure\n|upkeep\n|turn|6\n|\n|t:|1700308218\n|switch|p1a: Kingambit|Kingambit, M|100\/100\n|-activate|p1a: Kingambit|ability: Supreme Overlord\n|-start|p1a: Kingambit|fallen1|[silent]\n|move|p2a: Evelyn|Salt Cure|p1a: Kingambit\n|-resisted|p1a: Kingambit\n|-damage|p1a: Kingambit|95\/100\n|-start|p1a: Kingambit|Salt Cure\n|\n|-heal|p1a: Kingambit|100\/100|[from] item: Leftovers\n|-heal|p2a: Evelyn|93\/100|[from] item: Leftovers\n|-damage|p1a: Kingambit|76\/100|[from] Salt Cure\n|upkeep\n|turn|7\n|\n|t:|1700308227\n|switch|p2a: Lynyrd|Moltres|16\/100\n|move|p1a: Kingambit|Kowtow Cleave|p2a: Lynyrd\n|-damage|p2a: Lynyrd|0 fnt\n|faint|p2a: Lynyrd\n|\n|-heal|p1a: Kingambit|82\/100|[from] item: Leftovers\n|-damage|p1a: Kingambit|57\/100|[from] Salt Cure\n|upkeep\n|\n|t:|1700308231\n|switch|p2a: Clifford|Zamazenta|100\/100\n|-ability|p2a: Clifford|Dauntless Shield|boost\n|-boost|p2a: Clifford|def|1\n|turn|8\n|\n|t:|1700308239\n|-end|p1a: Kingambit|fallen1|[silent]\n|switch|p1a: Amoonguss|Amoonguss, M, shiny|100\/100\n|move|p2a: Clifford|Iron Defense|p2a: Clifford\n|-boost|p2a: Clifford|def|2\n|\n|upkeep\n|turn|9\n|\n|t:|1700308243\n|move|p2a: Clifford|Substitute|p2a: Clifford\n|-start|p2a: Clifford|Substitute\n|-damage|p2a: Clifford|76\/100\n|move|p1a: Amoonguss|Spore||[still]\n|-fail|p1a: Amoonguss\n|\n|-heal|p2a: Clifford|82\/100|[from] item: Leftovers\n|upkeep\n|turn|10\n|\n|t:|1700308249\n|move|p2a: Clifford|Iron Defense|p2a: Clifford\n|-boost|p2a: Clifford|def|2\n|move|p1a: Amoonguss|Grass Knot|p2a: Clifford\n|-end|p2a: Clifford|Substitute\n|\n|-heal|p2a: Clifford|88\/100|[from] item: Leftovers\n|upkeep\n|turn|11\n|\n|t:|1700308252\n|move|p2a: Clifford|Substitute|p2a: Clifford\n|-start|p2a: Clifford|Substitute\n|-damage|p2a: Clifford|63\/100\n|move|p1a: Amoonguss|Grass Knot|p2a: Clifford\n|-end|p2a: Clifford|Substitute\n|\n|-heal|p2a: Clifford|69\/100|[from] item: Leftovers\n|upkeep\n|turn|12\n|\n|t:|1700308254\n|move|p2a: Clifford|Body Press|p1a: Amoonguss\n|-resisted|p1a: Amoonguss\n|-damage|p1a: Amoonguss|51\/100\n|-enditem|p1a: Amoonguss|Red Card|[of] p2a: Clifford\n|drag|p2a: Mike|Amoonguss, M|100\/100\n|move|p1a: Amoonguss|Grass Knot|p2a: Mike\n|-resisted|p2a: Mike\n|-damage|p2a: Mike|98\/100\n|\n|-heal|p2a: Mike|100\/100|[from] item: Leftovers\n|upkeep\n|turn|13\n|\n|t:|1700308263\n|switch|p1a: Kingambit|Kingambit, M|57\/100\n|-activate|p1a: Kingambit|ability: Supreme Overlord\n|-start|p1a: Kingambit|fallen1|[silent]\n|move|p2a: Mike|Sludge Bomb|p1a: Kingambit\n|-immune|p1a: Kingambit\n|\n|-heal|p1a: Kingambit|63\/100|[from] item: Leftovers\n|upkeep\n|turn|14\n|\n|t:|1700308270\n|move|p1a: Kingambit|Kowtow Cleave|p2a: Mike\n|-damage|p2a: Mike|41\/100\n|move|p2a: Mike|Spore|p1a: Kingambit\n|-status|p1a: Kingambit|slp|[from] move: Spore\n|\n|-heal|p1a: Kingambit|69\/100 slp|[from] item: Leftovers\n|-heal|p2a: Mike|47\/100|[from] item: Leftovers\n|upkeep\n|turn|15\n|\n|t:|1700308275\n|switch|p2a: Evelyn|Garganacl, F|93\/100\n|cant|p1a: Kingambit|slp\n|\n|-heal|p1a: Kingambit|75\/100 slp|[from] item: Leftovers\n|-heal|p2a: Evelyn|99\/100|[from] item: Leftovers\n|upkeep\n|turn|16\n|\n|t:|1700308282\n|-terastallize|p1a: Kingambit|Fighting\n|cant|p1a: Kingambit|slp\n|move|p2a: Evelyn|Salt Cure|p1a: Kingambit\n|-resisted|p1a: Kingambit\n|-damage|p1a: Kingambit|69\/100 slp\n|-start|p1a: Kingambit|Salt Cure\n|\n|-heal|p1a: Kingambit|75\/100 slp|[from] item: Leftovers\n|-heal|p2a: Evelyn|100\/100|[from] item: Leftovers\n|-damage|p1a: Kingambit|63\/100 slp|[from] Salt Cure\n|upkeep\n|turn|17\n|\n|t:|1700308289\n|switch|p2a: Mike|Amoonguss, M|81\/100\n|cant|p1a: Kingambit|slp\n|\n|-heal|p1a: Kingambit|69\/100 slp|[from] item: Leftovers\n|-heal|p2a: Mike|87\/100|[from] item: Leftovers\n|-damage|p1a: Kingambit|57\/100 slp|[from] Salt Cure\n|upkeep\n|turn|18\n|\n|t:|1700308301\n|-end|p1a: Kingambit|fallen1|[silent]\n|switch|p1a: Maushold|Maushold|54\/100\n|move|p2a: Mike|Sludge Bomb|p1a: Maushold\n|-damage|p1a: Maushold|10\/100\n|-status|p1a: Maushold|psn\n|\n|-heal|p2a: Mike|93\/100|[from] item: Leftovers\n|-damage|p1a: Maushold|0 fnt|[from] psn\n|faint|p1a: Maushold\n|upkeep\n|\n|t:|1700308306\n|switch|p1a: Weavile|Weavile, F|100\/100\n|-ability|p1a: Weavile|Pressure\n|turn|19\n|\n|t:|1700308312\n|switch|p2a: Gilette|Samurott-Hisui, M|74\/100\n|move|p1a: Weavile|Ice Spinner|p2a: Gilette\n|-resisted|p2a: Gilette\n|-damage|p2a: Gilette|52\/100\n|\n|upkeep\n|turn|20\n|\n|t:|1700308321\n|switch|p1a: Amoonguss|Amoonguss, M, shiny|85\/100\n|move|p2a: Gilette|Ceaseless Edge|p1a: Amoonguss\n|-damage|p1a: Amoonguss|57\/100\n|-sidestart|p1: LogicaVietii|Spikes\n|\n|upkeep\n|turn|21\n|\n|t:|1700308327\n|move|p2a: Gilette|Ceaseless Edge|p1a: Amoonguss\n|-damage|p1a: Amoonguss|32\/100\n|-sidestart|p1: LogicaVietii|Spikes\n|move|p1a: Amoonguss|Sludge Bomb|p2a: Gilette\n|-damage|p2a: Gilette|35\/100\n|\n|upkeep\n|turn|22\n|\n|t:|1700308332\n|move|p2a: Gilette|Ceaseless Edge|p1a: Amoonguss\n|-damage|p1a: Amoonguss|5\/100\n|-sidestart|p1: LogicaVietii|Spikes\n|move|p1a: Amoonguss|Grass Knot|p2a: Gilette\n|-supereffective|p2a: Gilette\n|-damage|p2a: Gilette|7\/100\n|\n|upkeep\n|turn|23\n|\n|t:|1700308338\n|switch|p1a: Garganacl|Garganacl, F|100\/100\n|-damage|p1a: Garganacl|75\/100|[from] Spikes\n|move|p2a: Gilette|Ceaseless Edge|p1a: Garganacl\n|-damage|p1a: Garganacl|52\/100\n|\n|-heal|p1a: Garganacl|58\/100|[from] item: Leftovers\n|upkeep\n|turn|24\n|\n|t:|1700308344\n|move|p2a: Gilette|Razor Shell|p1a: Garganacl\n|-supereffective|p1a: Garganacl\n|-damage|p1a: Garganacl|2\/100\n|move|p1a: Garganacl|Iron Defense|p1a: Garganacl\n|-boost|p1a: Garganacl|def|2\n|\n|-heal|p1a: Garganacl|8\/100|[from] item: Leftovers\n|upkeep\n|turn|25\n|\n|t:|1700308351\n|move|p2a: Gilette|Knock Off|p1a: Garganacl\n|-damage|p1a: Garganacl|0 fnt\n|-enditem|p1a: Garganacl|Leftovers|[from] move: Knock Off|[of] p2a: Gilette\n|faint|p1a: Garganacl\n|\n|upkeep\n|\n|t:|1700308355\n|switch|p1a: Kingambit|Kingambit, M, tera:Fighting|57\/100 slp\n|-damage|p1a: Kingambit|32\/100 slp|[from] Spikes\n|-activate|p1a: Kingambit|ability: Supreme Overlord\n|-start|p1a: Kingambit|fallen3|[silent]\n|turn|26\n|\n|t:|1700308359\n|-curestatus|p1a: Kingambit|slp|[msg]\n|move|p1a: Kingambit|Sucker Punch|p2a: Gilette\n|-resisted|p2a: Gilette\n|-damage|p2a: Gilette|0 fnt\n|faint|p2a: Gilette\n|\n|-heal|p1a: Kingambit|38\/100|[from] item: Leftovers\n|upkeep\n|\n|t:|1700308362\n|switch|p2a: Clifford|Zamazenta|69\/100\n|turn|27\n|\n|t:|1700308367\n|move|p2a: Clifford|Body Press|p1a: Kingambit\n|-damage|p1a: Kingambit|5\/100\n|move|p1a: Kingambit|Low Kick|p2a: Clifford\n|-damage|p2a: Clifford|2\/100\n|\n|-heal|p2a: Clifford|8\/100|[from] item: Leftovers\n|-heal|p1a: Kingambit|11\/100|[from] item: Leftovers\n|upkeep\n|turn|28\n|\n|t:|1700308373\n|move|p2a: Clifford|Iron Defense|p2a: Clifford\n|-boost|p2a: Clifford|def|2\n|move|p1a: Kingambit|Low Kick|p2a: Clifford\n|-damage|p2a: Clifford|0 fnt\n|faint|p2a: Clifford\n|\n|-heal|p1a: Kingambit|17\/100|[from] item: Leftovers\n|upkeep\n|\n|t:|1700308380\n|switch|p2a: Henry VIII|Kingambit, M|100\/100\n|-activate|p2a: Henry VIII|ability: Supreme Overlord\n|-start|p2a: Henry VIII|fallen3|[silent]\n|turn|29\n|\n|t:|1700308389\n|move|p2a: Henry VIII|Sucker Punch||[still]\n|-fail|p2a: Henry VIII\n|move|p1a: Kingambit|Swords Dance|p1a: Kingambit\n|-boost|p1a: Kingambit|atk|2\n|\n|-heal|p1a: Kingambit|23\/100|[from] item: Leftovers\n|upkeep\n|turn|30\n|\n|t:|1700308395\n|move|p1a: Kingambit|Low Kick|p2a: Henry VIII\n|-supereffective|p2a: Henry VIII\n|-damage|p2a: Henry VIII|0 fnt\n|faint|p2a: Henry VIII\n|-end|p2a: Henry VIII|fallen3|[silent]\n|\n|-heal|p1a: Kingambit|29\/100|[from] item: Leftovers\n|upkeep\n|\n|t:|1700308397\n|switch|p2a: Mike|Amoonguss, M|100\/100\n|turn|31\n|\n|t:|1700308401\n|move|p1a: Kingambit|Kowtow Cleave|p2a: Mike\n|-damage|p2a: Mike|0 fnt\n|faint|p2a: Mike\n|\n|-heal|p1a: Kingambit|36\/100|[from] item: Leftovers\n|upkeep\n|\n|t:|1700308404\n|switch|p2a: Evelyn|Garganacl, F|100\/100\n|turn|32\n|c|\u2606LogicaVietii|where is a gambit, there is a way\n|\n|t:|1700308413\n|-terastallize|p2a: Evelyn|Fairy\n|move|p1a: Kingambit|Low Kick|p2a: Evelyn\n|-resisted|p2a: Evelyn\n|-crit|p2a: Evelyn\n|-damage|p2a: Evelyn|34\/100\n|move|p2a: Evelyn|Salt Cure|p1a: Kingambit\n|-resisted|p1a: Kingambit\n|-damage|p1a: Kingambit|30\/100\n|-start|p1a: Kingambit|Salt Cure\n|\n|-heal|p1a: Kingambit|36\/100|[from] item: Leftovers\n|-heal|p2a: Evelyn|41\/100|[from] item: Leftovers\n|-damage|p1a: Kingambit|24\/100|[from] Salt Cure\n|upkeep\n|turn|33\n|\n|t:|1700308426\n|move|p2a: Evelyn|Protect|p2a: Evelyn\n|-singleturn|p2a: Evelyn|Protect\n|move|p1a: Kingambit|Swords Dance|p1a: Kingambit\n|-boost|p1a: Kingambit|atk|2\n|\n|-heal|p1a: Kingambit|30\/100|[from] item: Leftovers\n|-heal|p2a: Evelyn|47\/100|[from] item: Leftovers\n|-damage|p1a: Kingambit|17\/100|[from] Salt Cure\n|upkeep\n|turn|34\n|\n|t:|1700308433\n|move|p1a: Kingambit|Low Kick|p2a: Evelyn\n|-resisted|p2a: Evelyn\n|-damage|p2a: Evelyn|0 fnt\n|faint|p2a: Evelyn\n|\n|win|LogicaVietii\n|raw|LogicaVietii's rating: 1603 &rarr; <strong>1633<\/strong><br \/>(+30 for winning)\n|raw|freestylaH's rating: 1796 &rarr; <strong>1766<\/strong><br \/>(-30 for losing)\n","uploadtime":1700308440,"views":18,"p1id":"logicavietii","p2id":"freestylah","formatid":"gen9ou","rating":1633,"private":0,"password":""}