{"id":"gen9ou-1990535400","p1":"Ancnakancn","p2":"KillerRizer","format":"[Gen 9] OU","log":"|j|\u2606Ancnakancn\n|j|\u2606KillerRizer\n|t:|1699979457\n|gametype|singles\n|player|p1|Ancnakancn|169|1071\n|player|p2|KillerRizer|169|1096\n|teamsize|p1|6\n|teamsize|p2|6\n|gen|9\n|tier|[Gen 9] OU\n|rated|\n|rule|Sleep Clause Mod: Limit one foe put to sleep\n|rule|Species Clause: Limit one of each Pok\u00e9mon\n|rule|OHKO Clause: OHKO moves are banned\n|rule|Evasion Items Clause: Evasion items are banned\n|rule|Evasion Moves Clause: Evasion moves are banned\n|rule|Endless Battle Clause: Forcing endless battles is banned\n|rule|HP Percentage Mod: HP is shown in percentages\n|clearpoke\n|poke|p1|Kleavor, F|\n|poke|p1|Breloom, F|\n|poke|p1|Zoroark-Hisui, M|\n|poke|p1|Lokix, F|\n|poke|p1|Alomomola, M|\n|poke|p1|Corviknight, F|\n|poke|p2|Fezandipiti, M|\n|poke|p2|Thundurus-Therian, M|\n|poke|p2|Zoroark-Hisui, F|\n|poke|p2|Persian-Alola, M|\n|poke|p2|Primeape, M|\n|poke|p2|Toxapex, M|\n|teampreview\n|inactive|Battle timer is ON: inactive players will automatically lose when time's up. (requested by Ancnakancn)\n|\n|t:|1699979494\n|start\n|switch|p1a: Kleavor|Kleavor, F|100\/100\n|switch|p2a: Primeape|Primeape, M|100\/100\n|turn|1\n|\n|t:|1699979513\n|switch|p2a: Toxapex|Toxapex, M|100\/100\n|move|p1a: Kleavor|Stone Axe|p2a: Toxapex|[miss]\n|-miss|p1a: Kleavor|p2a: Toxapex\n|\n|upkeep\n|turn|2\n|\n|t:|1699979518\n|move|p2a: Toxapex|Baneful Bunker|p2a: Toxapex\n|-singleturn|p2a: Toxapex|move: Protect\n|move|p1a: Kleavor|Stone Axe|p2a: Toxapex\n|-activate|p2a: Toxapex|move: Protect\n|-status|p1a: Kleavor|psn\n|\n|-damage|p1a: Kleavor|88\/100 psn|[from] psn\n|upkeep\n|turn|3\n|\n|t:|1699979527\n|move|p1a: Kleavor|Stone Axe|p2a: Toxapex\n|-damage|p2a: Toxapex|67\/100\n|-sidestart|p2: KillerRizer|move: Stealth Rock\n|move|p2a: Toxapex|Chilling Water|p1a: Kleavor\n|-supereffective|p1a: Kleavor\n|-damage|p1a: Kleavor|53\/100 psn\n|-unboost|p1a: Kleavor|atk|1\n|\n|-heal|p2a: Toxapex|73\/100|[from] item: Black Sludge\n|-damage|p1a: Kleavor|41\/100 psn|[from] psn\n|upkeep\n|turn|4\n|\n|t:|1699979539\n|switch|p1a: Alomomola|Alomomola, M|100\/100\n|move|p2a: Toxapex|Chilling Water|p1a: Alomomola\n|-resisted|p1a: Alomomola\n|-damage|p1a: Alomomola|94\/100\n|-unboost|p1a: Alomomola|atk|1\n|\n|-heal|p2a: Toxapex|79\/100|[from] item: Black Sludge\n|upkeep\n|turn|5\n|\n|t:|1699979547\n|move|p1a: Alomomola|Wish|p1a: Alomomola\n|move|p2a: Toxapex|Toxic|p1a: Alomomola\n|-status|p1a: Alomomola|tox\n|\n|-heal|p2a: Toxapex|85\/100|[from] item: Black Sludge\n|-damage|p1a: Alomomola|88\/100 tox|[from] psn\n|upkeep\n|turn|6\n|\n|t:|1699979555\n|move|p1a: Alomomola|Flip Turn|p2a: Toxapex\n|-resisted|p2a: Toxapex\n|-damage|p2a: Toxapex|82\/100\n|\n|t:|1699979562\n|switch|p1a: Lokix|Lokix, F|100\/100|[from] Flip Turn\n|move|p2a: Toxapex|Chilling Water|p1a: Lokix\n|-damage|p1a: Lokix|81\/100\n|-unboost|p1a: Lokix|atk|1\n|\n|-heal|p1a: Lokix|100\/100|[from] move: Wish|[wisher] Alomomola\n|-heal|p2a: Toxapex|88\/100|[from] item: Black Sludge\n|upkeep\n|turn|7\n|\n|t:|1699979572\n|move|p1a: Lokix|U-turn|p2a: Toxapex\n|-resisted|p2a: Toxapex\n|-damage|p2a: Toxapex|66\/100\n|\n|t:|1699979576\n|switch|p1a: Corviknight|Corviknight, F|100\/100|[from] U-turn\n|-ability|p1a: Corviknight|Pressure\n|move|p2a: Toxapex|Toxic|p1a: Corviknight\n|-immune|p1a: Corviknight\n|\n|-heal|p2a: Toxapex|72\/100|[from] item: Black Sludge\n|upkeep\n|turn|8\n|\n|t:|1699979585\n|move|p1a: Corviknight|Brave Bird|p2a: Toxapex\n|-damage|p2a: Toxapex|50\/100\n|-damage|p1a: Corviknight|95\/100|[from] Recoil\n|move|p2a: Toxapex|Chilling Water|p1a: Corviknight\n|-damage|p1a: Corviknight|84\/100\n|-unboost|p1a: Corviknight|atk|1\n|\n|-heal|p2a: Toxapex|56\/100|[from] item: Black Sludge\n|upkeep\n|turn|9\n|\n|t:|1699979595\n|move|p1a: Corviknight|Brave Bird|p2a: Toxapex\n|-damage|p2a: Toxapex|41\/100\n|-damage|p1a: Corviknight|80\/100|[from] Recoil\n|move|p2a: Toxapex|Recover|p2a: Toxapex\n|-heal|p2a: Toxapex|91\/100\n|\n|-heal|p2a: Toxapex|97\/100|[from] item: Black Sludge\n|upkeep\n|turn|10\n|\n|t:|1699979609\n|move|p1a: Corviknight|Brave Bird|p2a: Toxapex\n|-damage|p2a: Toxapex|81\/100\n|-damage|p1a: Corviknight|76\/100|[from] Recoil\n|move|p2a: Toxapex|Chilling Water|p1a: Corviknight\n|-damage|p1a: Corviknight|66\/100\n|-unboost|p1a: Corviknight|atk|1\n|\n|-heal|p2a: Toxapex|87\/100|[from] item: Black Sludge\n|upkeep\n|turn|11\n|\n|t:|1699979621\n|move|p1a: Corviknight|Brave Bird|p2a: Toxapex\n|-damage|p2a: Toxapex|75\/100\n|-damage|p1a: Corviknight|63\/100|[from] Recoil\n|move|p2a: Toxapex|Chilling Water|p1a: Corviknight\n|-damage|p1a: Corviknight|54\/100\n|-unboost|p1a: Corviknight|atk|1\n|\n|-heal|p2a: Toxapex|81\/100|[from] item: Black Sludge\n|upkeep\n|turn|12\n|\n|t:|1699979638\n|switch|p2a: Primeape|Primeape, M|100\/100\n|-damage|p2a: Primeape|95\/100|[from] Stealth Rock\n|move|p1a: Corviknight|Roost|p1a: Corviknight\n|-heal|p1a: Corviknight|100\/100\n|-singleturn|p1a: Corviknight|move: Roost\n|\n|upkeep\n|turn|13\n|\n|t:|1699979645\n|switch|p1a: Kleavor|Kleavor, F|100\/100\n|move|p2a: Primeape|Bulk Up|p2a: Primeape\n|-boost|p2a: Primeape|atk|1\n|-boost|p2a: Primeape|def|1\n|\n|upkeep\n|turn|14\n|\n|t:|1699979669\n|move|p1a: Kleavor|Nasty Plot|p1a: Kleavor\n|-boost|p1a: Kleavor|spa|2\n|move|p2a: Primeape|Bulk Up|p2a: Primeape\n|-boost|p2a: Primeape|atk|1\n|-boost|p2a: Primeape|def|1\n|\n|upkeep\n|turn|15\n|\n|t:|1699979678\n|move|p1a: Kleavor|Shadow Ball|p2a: Primeape\n|-damage|p2a: Primeape|23\/100\n|move|p2a: Primeape|Drain Punch|p1a: Kleavor\n|-immune|p1a: Kleavor\n|\n|upkeep\n|turn|16\n|inactive|KillerRizer has 120 seconds left.\n|\n|t:|1699979705\n|switch|p2a: Toxapex|Toxapex, M|100\/100\n|-damage|p2a: Toxapex|88\/100|[from] Stealth Rock\n|move|p1a: Kleavor|Shadow Ball|p2a: Toxapex\n|-damage|p2a: Toxapex|20\/100\n|\n|-heal|p2a: Toxapex|26\/100|[from] item: Black Sludge\n|upkeep\n|turn|17\n|\n|t:|1699979714\n|move|p2a: Toxapex|Baneful Bunker|p2a: Toxapex\n|-singleturn|p2a: Toxapex|move: Protect\n|move|p1a: Kleavor|Shadow Ball|p2a: Toxapex\n|-activate|p2a: Toxapex|move: Protect\n|\n|-heal|p2a: Toxapex|32\/100|[from] item: Black Sludge\n|upkeep\n|turn|18\n|\n|t:|1699979726\n|switch|p2a: Primeape|Primeape, M|100\/100\n|-damage|p2a: Primeape|88\/100|[from] Stealth Rock\n|move|p1a: Kleavor|Shadow Ball|p2a: Primeape\n|-immune|p2a: Primeape\n|\n|upkeep\n|turn|19\n|inactive|Ancnakancn has 120 seconds left.\n|\n|t:|1699979768\n|move|p2a: Primeape|Psychic|p1a: Kleavor\n|-damage|p1a: Kleavor|33\/100\n|replace|p1a: Zoroark|Zoroark-Hisui, M\n|-end|p1a: Zoroark|Illusion\n|move|p1a: Zoroark|Flamethrower|p2a: Primeape\n|-damage|p2a: Primeape|0 fnt\n|replace|p2a: Zoroark|Zoroark-Hisui, F\n|-end|p2a: Zoroark|Illusion\n|faint|p2a: Zoroark\n|\n|upkeep\n|inactive|KillerRizer has 120 seconds left.\n|inactive|KillerRizer has 90 seconds left.\n|inactive|KillerRizer has 60 seconds left.\n|inactive|KillerRizer has 30 seconds left.\n|inactive|KillerRizer has 20 seconds left.\n|inactive|KillerRizer has 15 seconds left.\n|inactive|KillerRizer has 10 seconds left.\n|inactive|KillerRizer has 5 seconds left.\n|-message|KillerRizer lost due to inactivity.\n|\n|win|Ancnakancn\n|raw|Ancnakancn's rating: 1071 &rarr; <strong>1102<\/strong><br \/>(+31 for winning)\n|raw|KillerRizer's rating: 1096 &rarr; <strong>1070<\/strong><br \/>(-26 for losing)\n|l|\u2606KillerRizer\n","uploadtime":1699979908,"views":7,"p1id":"ancnakancn","p2id":"killerrizer","formatid":"gen9ou","rating":1070,"private":0,"password":""}