{"id":"gen9ou-1996818736","p1":"Ghoulish champ","p2":"F1shy_yyy","format":"[Gen 9] OU","log":"|j|\u2606Ghoulish champ\n|j|\u2606F1shy_yyy\n|t:|1700730395\n|gametype|singles\n|player|p1|Ghoulish champ|allister|1528\n|player|p2|F1shy_yyy|marlon|1577\n|teamsize|p1|6\n|teamsize|p2|6\n|gen|9\n|tier|[Gen 9] OU\n|rated|\n|rule|Sleep Clause Mod: Limit one foe put to sleep\n|rule|Species Clause: Limit one of each Pok\u00e9mon\n|rule|OHKO Clause: OHKO moves are banned\n|rule|Evasion Items Clause: Evasion items are banned\n|rule|Evasion Moves Clause: Evasion moves are banned\n|rule|Endless Battle Clause: Forcing endless battles is banned\n|rule|HP Percentage Mod: HP is shown in percentages\n|clearpoke\n|poke|p1|Glimmora, F|\n|poke|p1|Iron Valiant|\n|poke|p1|Iron Moth|\n|poke|p1|Zamazenta-*|\n|poke|p1|Greninja-*, M|\n|poke|p1|Kingambit, F|\n|poke|p2|Iron Valiant|\n|poke|p2|Heatran, M|\n|poke|p2|Ogerpon-Wellspring, F|\n|poke|p2|Iron Moth|\n|poke|p2|Great Tusk|\n|poke|p2|Meowscarada, M|\n|teampreview\n|inactive|Battle timer is ON: inactive players will automatically lose when time's up. (requested by Ghoulish champ)\n|inactive|Ghoulish champ has 120 seconds left.\n|inactive|F1shy_yyy has 120 seconds left.\n|\n|t:|1700730439\n|start\n|switch|p1a: Glimmora|Glimmora, F|100\/100\n|switch|p2a: Pompeii|Heatran, M|100\/100\n|-item|p2a: Pompeii|Air Balloon\n|turn|1\n|\n|t:|1700730448\n|move|p1a: Glimmora|Stealth Rock|p2a: Pompeii\n|-sidestart|p2: F1shy_yyy|move: Stealth Rock\n|move|p2a: Pompeii|Earth Power|p1a: Glimmora\n|-supereffective|p1a: Glimmora\n|-enditem|p1a: Glimmora|Focus Sash\n|-damage|p1a: Glimmora|1\/100\n|\n|upkeep\n|turn|2\n|\n|t:|1700730454\n|move|p1a: Glimmora|Energy Ball|p2a: Pompeii\n|-resisted|p2a: Pompeii\n|-damage|p2a: Pompeii|93\/100\n|-enditem|p2a: Pompeii|Air Balloon\n|move|p2a: Pompeii|Earth Power|p1a: Glimmora\n|-supereffective|p1a: Glimmora\n|-damage|p1a: Glimmora|0 fnt\n|faint|p1a: Glimmora\n|\n|upkeep\n|\n|t:|1700730468\n|switch|p1a: Greninja|Greninja, M|100\/100\n|turn|3\n|\n|t:|1700730475\n|switch|p2a: Ogreporn|Ogerpon-Wellspring, F|100\/100\n|-damage|p2a: Ogreporn|88\/100|[from] Stealth Rock\n|move|p1a: Greninja|Dark Pulse|p2a: Ogreporn\n|-damage|p2a: Ogreporn|39\/100\n|-damage|p1a: Greninja|91\/100|[from] item: Life Orb\n|\n|upkeep\n|turn|4\n|\n|t:|1700730487\n|-terastallize|p2a: Ogreporn|Water\n|detailschange|p2a: Ogreporn|Ogerpon-Wellspring-Tera, F, tera:Water\n|-ability|p2a: Ogreporn|Embody Aspect (Wellspring)|boost\n|-boost|p2a: Ogreporn|spd|1\n|move|p1a: Greninja|Dark Pulse|p2a: Ogreporn\n|-damage|p2a: Ogreporn|4\/100\n|-damage|p1a: Greninja|81\/100|[from] item: Life Orb\n|move|p2a: Ogreporn|Horn Leech|p1a: Greninja\n|-supereffective|p1a: Greninja\n|-crit|p1a: Greninja\n|-damage|p1a: Greninja|0 fnt\n|-heal|p2a: Ogreporn|42\/100|[from] drain|[of] p1a: Greninja\n|faint|p1a: Greninja\n|\n|upkeep\n|inactive|Ghoulish champ has 120 seconds left.\n|\n|t:|1700730529\n|switch|p1a: Zamazenta|Zamazenta|100\/100\n|-ability|p1a: Zamazenta|Dauntless Shield|boost\n|-boost|p1a: Zamazenta|def|1\n|turn|5\n|\n|t:|1700730545\n|move|p1a: Zamazenta|Body Press|p2a: Ogreporn\n|-damage|p2a: Ogreporn|0 fnt\n|faint|p2a: Ogreporn\n|\n|upkeep\n|\n|t:|1700730548\n|switch|p2a: Iron Valorant|Iron Valiant|100\/100\n|-damage|p2a: Iron Valorant|94\/100|[from] Stealth Rock\n|-enditem|p2a: Iron Valorant|Booster Energy\n|-activate|p2a: Iron Valorant|ability: Quark Drive|[fromitem]\n|-start|p2a: Iron Valorant|quarkdrivespe\n|turn|6\n|\n|t:|1700730561\n|switch|p1a: Iron Moth|Iron Moth|100\/100\n|-enditem|p1a: Iron Moth|Booster Energy\n|-activate|p1a: Iron Moth|ability: Quark Drive|[fromitem]\n|-start|p1a: Iron Moth|quarkdrivespe\n|move|p2a: Iron Valorant|Encore||[still]\n|-fail|p2a: Iron Valorant\n|\n|upkeep\n|turn|7\n|inactive|Ghoulish champ has 120 seconds left.\n|\n|t:|1700730570\n|-end|p2a: Iron Valorant|Quark Drive|[silent]\n|switch|p2a: Pompeii|Heatran, M|93\/100\n|-damage|p2a: Pompeii|80\/100|[from] Stealth Rock\n|move|p1a: Iron Moth|Sludge Wave|p2a: Pompeii\n|-immune|p2a: Pompeii\n|\n|upkeep\n|turn|8\n|\n|t:|1700730574\n|-terastallize|p1a: Iron Moth|Ground\n|move|p1a: Iron Moth|Tera Blast|p2a: Pompeii|[anim] Tera Blast Ground\n|-supereffective|p2a: Pompeii\n|-damage|p2a: Pompeii|0 fnt\n|faint|p2a: Pompeii\n|\n|upkeep\n|\n|t:|1700730590\n|switch|p2a: The Tusk|Great Tusk|100\/100\n|-damage|p2a: The Tusk|98\/100|[from] Stealth Rock\n|-enditem|p2a: The Tusk|Booster Energy\n|-activate|p2a: The Tusk|ability: Protosynthesis|[fromitem]\n|-start|p2a: The Tusk|protosynthesisspe\n|turn|9\n|\n|t:|1700730595\n|move|p1a: Iron Moth|Dazzling Gleam|p2a: The Tusk\n|-supereffective|p2a: The Tusk\n|-damage|p2a: The Tusk|25\/100\n|move|p2a: The Tusk|Close Combat|p1a: Iron Moth\n|-damage|p1a: Iron Moth|23\/100\n|-unboost|p2a: The Tusk|def|1\n|-unboost|p2a: The Tusk|spd|1\n|\n|upkeep\n|turn|10\n|\n|t:|1700730606\n|move|p1a: Iron Moth|Fiery Dance|p2a: The Tusk\n|-damage|p2a: The Tusk|0 fnt\n|-boost|p1a: Iron Moth|spa|1\n|faint|p2a: The Tusk\n|-end|p2a: The Tusk|Protosynthesis|[silent]\n|\n|upkeep\n|\n|t:|1700730609\n|switch|p2a: Hates Mondays|Meowscarada, M|100\/100\n|-damage|p2a: Hates Mondays|88\/100|[from] Stealth Rock\n|turn|11\n|\n|t:|1700730614\n|move|p2a: Hates Mondays|Sucker Punch|p1a: Iron Moth\n|-start|p2a: Hates Mondays|typechange|Dark|[from] ability: Protean\n|-damage|p1a: Iron Moth|0 fnt\n|faint|p1a: Iron Moth\n|-end|p1a: Iron Moth|Quark Drive|[silent]\n|\n|upkeep\n|\n|t:|1700730622\n|switch|p1a: Iron Valiant|Iron Valiant|100\/100\n|-enditem|p1a: Iron Valiant|Booster Energy\n|-activate|p1a: Iron Valiant|ability: Quark Drive|[fromitem]\n|-start|p1a: Iron Valiant|quarkdrivespe\n|turn|12\n|\n|t:|1700730626\n|switch|p2a: Switch to Solar|Iron Moth|100\/100\n|-damage|p2a: Switch to Solar|76\/100|[from] Stealth Rock\n|-enditem|p2a: Switch to Solar|Booster Energy\n|-activate|p2a: Switch to Solar|ability: Quark Drive|[fromitem]\n|-start|p2a: Switch to Solar|quarkdrivespe\n|move|p1a: Iron Valiant|Calm Mind|p1a: Iron Valiant\n|-boost|p1a: Iron Valiant|spa|1\n|-boost|p1a: Iron Valiant|spd|1\n|\n|upkeep\n|turn|13\n|\n|t:|1700730631\n|move|p1a: Iron Valiant|Psyshock|p2a: Switch to Solar\n|-supereffective|p2a: Switch to Solar\n|-damage|p2a: Switch to Solar|0 fnt\n|faint|p2a: Switch to Solar\n|-end|p2a: Switch to Solar|Quark Drive|[silent]\n|\n|upkeep\n|\n|t:|1700730634\n|switch|p2a: Iron Valorant|Iron Valiant|94\/100\n|-damage|p2a: Iron Valorant|88\/100|[from] Stealth Rock\n|turn|14\n|\n|t:|1700730639\n|move|p1a: Iron Valiant|Moonblast|p2a: Iron Valorant\n|-supereffective|p2a: Iron Valorant\n|-damage|p2a: Iron Valorant|0 fnt\n|faint|p2a: Iron Valorant\n|-end|p2a: Iron Valorant|Quark Drive|[silent]\n|\n|upkeep\n|-message|F1shy_yyy forfeited.\n|\n|win|Ghoulish champ\n|raw|Ghoulish champ's rating: 1528 &rarr; <strong>1551<\/strong><br \/>(+23 for winning)\n|raw|F1shy_yyy's rating: 1577 &rarr; <strong>1554<\/strong><br \/>(-23 for losing)\n|l|\u2606F1shy_yyy\n|c|\u2606Ghoulish champ|Gg\n","uploadtime":1700730652,"views":2,"p1id":"ghoulishchamp","p2id":"f1shyyyy","formatid":"gen9ou","rating":1551,"private":0,"password":""}