{"id":"gen9ou-1991730286","p1":"mlee93","p2":"punkmag","format":"[Gen 9] OU","log":"|j|\u2606mlee93\n|j|\u2606punkmag\n|t:|1700108030\n|gametype|singles\n|player|p1|mlee93|waitress|1381\n|player|p2|punkmag|waitress-gen4|1410\n|teamsize|p1|6\n|teamsize|p2|6\n|gen|9\n|tier|[Gen 9] OU\n|rated|\n|rule|Sleep Clause Mod: Limit one foe put to sleep\n|rule|Species Clause: Limit one of each Pok\u00e9mon\n|rule|OHKO Clause: OHKO moves are banned\n|rule|Evasion Items Clause: Evasion items are banned\n|rule|Evasion Moves Clause: Evasion moves are banned\n|rule|Endless Battle Clause: Forcing endless battles is banned\n|rule|HP Percentage Mod: HP is shown in percentages\n|clearpoke\n|poke|p1|Slowking-Galar, F|\n|poke|p1|Ursaluna, F|\n|poke|p1|Enamorus-Therian, F|\n|poke|p1|Iron Hands|\n|poke|p1|Diancie|\n|poke|p1|Glastrier|\n|poke|p2|Meloetta|\n|poke|p2|Great Tusk|\n|poke|p2|Dragonite, F|\n|poke|p2|Iron Valiant|\n|poke|p2|Slowking-Galar, M|\n|poke|p2|Corviknight, F|\n|teampreview\n|inactive|Battle timer is ON: inactive players will automatically lose when time's up. (requested by punkmag)\n|\n|t:|1700108041\n|start\n|switch|p1a: Slowking|Slowking-Galar, F|100\/100\n|switch|p2a: Meloetta|Meloetta|100\/100\n|turn|1\n|\n|t:|1700108055\n|move|p2a: Meloetta|Psychic|p1a: Slowking\n|-damage|p1a: Slowking|64\/100\n|move|p1a: Slowking|Trick Room|p1a: Slowking\n|-fieldstart|move: Trick Room|[of] p1a: Slowking\n|\n|upkeep\n|turn|2\n|\n|t:|1700108069\n|move|p1a: Slowking|Chilly Reception|p1a: Slowking\n|-weather|Snow\n|\n|t:|1700108075\n|switch|p1a: Enamorus|Enamorus-Therian, F|100\/100|[from] Chilly Reception\n|move|p2a: Meloetta|U-turn|p1a: Enamorus\n|-resisted|p1a: Enamorus\n|-damage|p1a: Enamorus|98\/100\n|\n|t:|1700108086\n|switch|p2a: Slowking|Slowking-Galar, M|100\/100|[from] U-turn\n|\n|-weather|Snow|[upkeep]\n|upkeep\n|turn|3\n|\n|t:|1700108096\n|move|p2a: Slowking|Future Sight|p1a: Enamorus\n|-start|p2a: Slowking|move: Future Sight\n|move|p1a: Enamorus|Earth Power|p2a: Slowking\n|-supereffective|p2a: Slowking\n|-damage|p2a: Slowking|65\/100\n|-damage|p1a: Enamorus|88\/100|[from] item: Life Orb\n|\n|-weather|Snow|[upkeep]\n|upkeep\n|turn|4\n|\n|t:|1700108103\n|switch|p1a: Slowking|Slowking-Galar, F|98\/100\n|move|p2a: Slowking|Sludge Bomb|p1a: Slowking\n|-resisted|p1a: Slowking\n|-damage|p1a: Slowking|84\/100\n|\n|-weather|Snow|[upkeep]\n|upkeep\n|turn|5\n|\n|t:|1700108123\n|move|p2a: Slowking|Sludge Bomb|p1a: Slowking\n|-resisted|p1a: Slowking\n|-crit|p1a: Slowking\n|-damage|p1a: Slowking|62\/100\n|move|p1a: Slowking|Future Sight|p2a: Slowking\n|-start|p1a: Slowking|move: Future Sight\n|\n|-weather|Snow|[upkeep]\n|-end|p1a: Slowking|move: Future Sight\n|-damage|p1a: Slowking|22\/100\n|-fieldend|move: Trick Room\n|upkeep\n|turn|6\n|\n|t:|1700108140\n|switch|p1a: Ursaluna|Ursaluna, F|100\/100\n|move|p2a: Slowking|Future Sight|p1a: Ursaluna\n|-start|p2a: Slowking|move: Future Sight\n|\n|-weather|none\n|-status|p1a: Ursaluna|brn|[from] item: Flame Orb\n|upkeep\n|turn|7\n|\n|t:|1700108148\n|switch|p2a: Corviknight|Corviknight, F|100\/100\n|-ability|p2a: Corviknight|Pressure\n|move|p1a: Ursaluna|Fire Punch|p2a: Corviknight\n|-supereffective|p2a: Corviknight\n|-damage|p2a: Corviknight|50\/100\n|-damage|p1a: Ursaluna|84\/100 brn|[from] item: Rocky Helmet|[of] p2a: Corviknight\n|\n|-end|p2a: Corviknight|move: Future Sight\n|-resisted|p2a: Corviknight\n|-damage|p2a: Corviknight|28\/100\n|-damage|p1a: Ursaluna|78\/100 brn|[from] brn\n|upkeep\n|turn|8\n|\n|t:|1700108166\n|switch|p1a: Slowking|Slowking-Galar, F|55\/100\n|move|p2a: Corviknight|Roost|p2a: Corviknight\n|-heal|p2a: Corviknight|78\/100\n|-singleturn|p2a: Corviknight|move: Roost\n|\n|-end|p1a: Slowking|move: Future Sight\n|-damage|p1a: Slowking|20\/100\n|upkeep\n|turn|9\n|\n|t:|1700108175\n|switch|p1a: Diancie|Diancie|100\/100\n|move|p2a: Corviknight|U-turn|p1a: Diancie\n|-resisted|p1a: Diancie\n|-crit|p1a: Diancie\n|-damage|p1a: Diancie|93\/100\n|\n|t:|1700108183\n|switch|p2a: Slowking|Slowking-Galar, M|98\/100|[from] U-turn\n|\n|upkeep\n|turn|10\n|\n|t:|1700108188\n|move|p1a: Diancie|Stealth Rock|p2a: Slowking\n|-sidestart|p2: punkmag|move: Stealth Rock\n|move|p2a: Slowking|Future Sight|p1a: Diancie\n|-start|p2a: Slowking|move: Future Sight\n|\n|upkeep\n|turn|11\n|\n|t:|1700108198\n|move|p1a: Diancie|Power Gem|p2a: Slowking\n|-damage|p2a: Slowking|87\/100\n|move|p2a: Slowking|Sludge Bomb|p1a: Diancie\n|-damage|p1a: Diancie|63\/100\n|-status|p1a: Diancie|psn\n|\n|-damage|p1a: Diancie|50\/100 psn|[from] psn\n|upkeep\n|turn|12\n|\n|t:|1700108206\n|switch|p1a: Slowking|Slowking-Galar, F|53\/100\n|move|p2a: Slowking|Surf|p1a: Slowking\n|-damage|p1a: Slowking|35\/100\n|\n|-end|p1a: Slowking|move: Future Sight\n|-damage|p1a: Slowking|0 fnt\n|faint|p1a: Slowking\n|upkeep\n|\n|t:|1700108213\n|switch|p1a: Ursaluna|Ursaluna, F|78\/100 brn\n|turn|13\n|\n|t:|1700108224\n|switch|p2a: Corviknight|Corviknight, F|78\/100\n|-damage|p2a: Corviknight|66\/100|[from] Stealth Rock\n|-ability|p2a: Corviknight|Pressure\n|move|p1a: Ursaluna|Swords Dance|p1a: Ursaluna\n|-boost|p1a: Ursaluna|atk|2\n|\n|-damage|p1a: Ursaluna|71\/100 brn|[from] brn\n|upkeep\n|turn|14\n|\n|t:|1700108238\n|move|p2a: Corviknight|Brave Bird|p1a: Ursaluna\n|-damage|p1a: Ursaluna|47\/100 brn\n|-damage|p2a: Corviknight|56\/100|[from] Recoil\n|move|p1a: Ursaluna|Fire Punch|p2a: Corviknight\n|-supereffective|p2a: Corviknight\n|-damage|p2a: Corviknight|0 fnt\n|-damage|p1a: Ursaluna|30\/100 brn|[from] item: Rocky Helmet|[of] p2a: Corviknight\n|faint|p2a: Corviknight\n|\n|-damage|p1a: Ursaluna|24\/100 brn|[from] brn\n|upkeep\n|\n|t:|1700108251\n|switch|p2a: Meloetta|Meloetta|100\/100\n|-damage|p2a: Meloetta|88\/100|[from] Stealth Rock\n|turn|15\n|\n|t:|1700108256\n|move|p2a: Meloetta|Psychic|p1a: Ursaluna\n|-damage|p1a: Ursaluna|0 fnt\n|faint|p1a: Ursaluna\n|\n|upkeep\n|\n|t:|1700108261\n|switch|p1a: Diancie|Diancie|50\/100 psn\n|turn|16\n|\n|t:|1700108268\n|move|p2a: Meloetta|Psychic|p1a: Diancie\n|-damage|p1a: Diancie|14\/100 psn\n|-enditem|p1a: Diancie|Iapapa Berry|[eat]\n|-heal|p1a: Diancie|48\/100 psn|[from] item: Iapapa Berry\n|move|p1a: Diancie|Trick Room|p1a: Diancie\n|-fieldstart|move: Trick Room|[of] p1a: Diancie\n|\n|-damage|p1a: Diancie|35\/100 psn|[from] psn\n|upkeep\n|turn|17\n|\n|t:|1700108276\n|move|p1a: Diancie|Moonblast|p2a: Meloetta\n|-damage|p2a: Meloetta|72\/100\n|move|p2a: Meloetta|U-turn|p1a: Diancie\n|-resisted|p1a: Diancie\n|-damage|p1a: Diancie|31\/100 psn\n|\n|t:|1700108281\n|switch|p2a: Slowking|Slowking-Galar, M|100\/100|[from] U-turn\n|-damage|p2a: Slowking|88\/100|[from] Stealth Rock\n|\n|-damage|p1a: Diancie|19\/100 psn|[from] psn\n|upkeep\n|turn|18\n|\n|t:|1700108287\n|move|p2a: Slowking|Future Sight|p1a: Diancie\n|-start|p2a: Slowking|move: Future Sight\n|move|p1a: Diancie|Power Gem|p2a: Slowking\n|-damage|p2a: Slowking|77\/100\n|\n|-damage|p1a: Diancie|6\/100 psn|[from] psn\n|upkeep\n|turn|19\n|\n|t:|1700108297\n|move|p2a: Slowking|Sludge Bomb|p1a: Diancie\n|-damage|p1a: Diancie|0 fnt\n|faint|p1a: Diancie\n|\n|upkeep\n|\n|t:|1700108300\n|switch|p1a: Iron Hands|Iron Hands|100\/100\n|turn|20\n|\n|t:|1700108308\n|move|p2a: Slowking|Sludge Bomb|p1a: Iron Hands\n|-crit|p1a: Iron Hands\n|-damage|p1a: Iron Hands|51\/100\n|move|p1a: Iron Hands|Earthquake|p2a: Slowking\n|-supereffective|p2a: Slowking\n|-damage|p2a: Slowking|0 fnt\n|faint|p2a: Slowking\n|-damage|p1a: Iron Hands|41\/100|[from] item: Life Orb\n|\n|-end|p1a: Iron Hands|move: Future Sight\n|-supereffective|p1a: Iron Hands\n|-damage|p1a: Iron Hands|0 fnt\n|faint|p1a: Iron Hands\n|-end|p1a: Iron Hands|Quark Drive|[silent]\n|-fieldend|move: Trick Room\n|upkeep\n|\n|t:|1700108328\n|switch|p1a: Enamorus|Enamorus-Therian, F|88\/100\n|switch|p2a: Meloetta|Meloetta|72\/100\n|-damage|p2a: Meloetta|60\/100|[from] Stealth Rock\n|turn|21\n|\n|t:|1700108334\n|move|p2a: Meloetta|Psychic|p1a: Enamorus\n|-damage|p1a: Enamorus|45\/100\n|move|p1a: Enamorus|Moonblast|p2a: Meloetta\n|-damage|p2a: Meloetta|20\/100\n|-unboost|p2a: Meloetta|spa|1\n|-damage|p1a: Enamorus|35\/100|[from] item: Life Orb\n|\n|upkeep\n|turn|22\n|\n|t:|1700108345\n|move|p2a: Meloetta|Psychic|p1a: Enamorus\n|-damage|p1a: Enamorus|6\/100\n|move|p1a: Enamorus|Moonblast|p2a: Meloetta\n|-damage|p2a: Meloetta|0 fnt\n|faint|p2a: Meloetta\n|-damage|p1a: Enamorus|0 fnt|[from] item: Life Orb\n|faint|p1a: Enamorus\n|\n|upkeep\n|\n|t:|1700108363\n|switch|p2a: King G|Great Tusk|100\/100\n|switch|p1a: Glastrier|Glastrier|100\/100\n|-damage|p2a: King G|98\/100|[from] Stealth Rock\n|turn|23\n|\n|t:|1700108372\n|-terastallize|p1a: Glastrier|Ice\n|move|p2a: King G|Earthquake|p1a: Glastrier\n|-crit|p1a: Glastrier\n|-damage|p1a: Glastrier|55\/100\n|move|p1a: Glastrier|Icicle Crash|p2a: King G\n|-supereffective|p2a: King G\n|-damage|p2a: King G|0 fnt\n|faint|p2a: King G\n|-end|p2a: King G|Protosynthesis|[silent]\n|-ability|p1a: Glastrier|Chilling Neigh|boost\n|-boost|p1a: Glastrier|atk|1\n|-damage|p1a: Glastrier|45\/100|[from] item: Life Orb\n|\n|upkeep\n|\n|t:|1700108385\n|switch|p2a: Hero|Iron Valiant|100\/100\n|-damage|p2a: Hero|94\/100|[from] Stealth Rock\n|-enditem|p2a: Hero|Booster Energy\n|-activate|p2a: Hero|ability: Quark Drive|[fromitem]\n|-start|p2a: Hero|quarkdrivespe\n|turn|24\n|\n|t:|1700108394\n|-terastallize|p2a: Hero|Steel\n|move|p2a: Hero|Close Combat|p1a: Glastrier\n|-supereffective|p1a: Glastrier\n|-damage|p1a: Glastrier|0 fnt\n|-unboost|p2a: Hero|def|1\n|-unboost|p2a: Hero|spd|1\n|faint|p1a: Glastrier\n|\n|win|punkmag\n|raw|mlee93's rating: 1381 &rarr; <strong>1363<\/strong><br \/>(-18 for losing)\n|raw|punkmag's rating: 1410 &rarr; <strong>1428<\/strong><br \/>(+18 for winning)\n|l|\u2606mlee93\n","uploadtime":1700108403,"views":7,"p1id":"mlee93","p2id":"punkmag","formatid":"gen9ou","rating":1363,"private":0,"password":""}