{"id":"gen9ou-1996373429","p1":"Randomness2022","p2":"Asmitha 31","format":"[Gen 9] OU","log":"|j|\u2606Randomness2022\n|j|\u2606Asmitha 31\n|t:|1700675860\n|gametype|singles\n|player|p1|Randomness2022|2|1255\n|player|p2|Asmitha 31|170|1238\n|teamsize|p1|6\n|teamsize|p2|6\n|gen|9\n|tier|[Gen 9] OU\n|rated|\n|rule|Sleep Clause Mod: Limit one foe put to sleep\n|rule|Species Clause: Limit one of each Pok\u00e9mon\n|rule|OHKO Clause: OHKO moves are banned\n|rule|Evasion Items Clause: Evasion items are banned\n|rule|Evasion Moves Clause: Evasion moves are banned\n|rule|Endless Battle Clause: Forcing endless battles is banned\n|rule|HP Percentage Mod: HP is shown in percentages\n|clearpoke\n|poke|p1|Corviknight, F|\n|poke|p1|Ting-Lu|\n|poke|p1|Iron Valiant|\n|poke|p1|Amoonguss, F|\n|poke|p1|Greninja-*, M|\n|poke|p1|Ogerpon-Wellspring, F|\n|poke|p2|Enamorus, F|\n|poke|p2|Cresselia, F|\n|poke|p2|Great Tusk|\n|poke|p2|Manaphy|\n|poke|p2|Kommo-o, M|\n|poke|p2|Heatran, F|\n|teampreview\n|\n|t:|1700675873\n|start\n|switch|p1a: Ting-Lu|Ting-Lu|100\/100\n|switch|p2a: Heatran|Heatran, F|100\/100\n|-ability|p1a: Ting-Lu|Vessel of Ruin\n|turn|1\n|\n|t:|1700675892\n|-terastallize|p2a: Heatran|Grass\n|move|p2a: Heatran|Tera Blast|p1a: Ting-Lu|[anim] Tera Blast Grass\n|-supereffective|p1a: Ting-Lu\n|-damage|p1a: Ting-Lu|46\/100\n|move|p1a: Ting-Lu|Stealth Rock|p2a: Heatran\n|-sidestart|p2: Asmitha 31|move: Stealth Rock\n|\n|-heal|p1a: Ting-Lu|53\/100|[from] item: Leftovers\n|upkeep\n|turn|2\n|\n|t:|1700675908\n|switch|p2a: Manaphy|Manaphy|100\/100\n|-damage|p2a: Manaphy|88\/100|[from] Stealth Rock\n|switch|p1a: Amoonguss|Amoonguss, F|100\/100\n|\n|-heal|p2a: Manaphy|94\/100|[from] item: Leftovers\n|upkeep\n|turn|3\n|\n|t:|1700675930\n|move|p2a: Manaphy|Scald|p1a: Amoonguss\n|-resisted|p1a: Amoonguss\n|-damage|p1a: Amoonguss|87\/100\n|move|p1a: Amoonguss|Giga Drain|p2a: Manaphy\n|-supereffective|p2a: Manaphy\n|-damage|p2a: Manaphy|56\/100\n|-heal|p1a: Amoonguss|100\/100|[from] drain|[of] p2a: Manaphy\n|\n|-heal|p2a: Manaphy|62\/100|[from] item: Leftovers\n|upkeep\n|turn|4\n|\n|t:|1700675941\n|move|p2a: Manaphy|Take Heart|p2a: Manaphy\n|-boost|p2a: Manaphy|spa|1\n|-boost|p2a: Manaphy|spd|1\n|move|p1a: Amoonguss|Spore|p2a: Manaphy\n|-status|p2a: Manaphy|slp|[from] move: Spore\n|\n|-heal|p2a: Manaphy|68\/100 slp|[from] item: Leftovers\n|upkeep\n|turn|5\n|\n|t:|1700675949\n|cant|p2a: Manaphy|slp\n|move|p1a: Amoonguss|Giga Drain|p2a: Manaphy\n|-supereffective|p2a: Manaphy\n|-damage|p2a: Manaphy|42\/100 slp\n|\n|-heal|p2a: Manaphy|48\/100 slp|[from] item: Leftovers\n|upkeep\n|turn|6\n|\n|t:|1700675957\n|-curestatus|p2a: Manaphy|slp|[msg]\n|move|p2a: Manaphy|Take Heart|p2a: Manaphy\n|-boost|p2a: Manaphy|spa|1\n|-boost|p2a: Manaphy|spd|1\n|move|p1a: Amoonguss|Giga Drain|p2a: Manaphy\n|-supereffective|p2a: Manaphy\n|-damage|p2a: Manaphy|29\/100\n|\n|-heal|p2a: Manaphy|36\/100|[from] item: Leftovers\n|upkeep\n|turn|7\n|\n|t:|1700675967\n|move|p2a: Manaphy|Stored Power|p1a: Amoonguss\n|-supereffective|p1a: Amoonguss\n|-damage|p1a: Amoonguss|14\/100\n|move|p1a: Amoonguss|Spore|p2a: Manaphy\n|-status|p2a: Manaphy|slp|[from] move: Spore\n|\n|-heal|p2a: Manaphy|42\/100 slp|[from] item: Leftovers\n|upkeep\n|turn|8\n|\n|t:|1700675979\n|switch|p2a: Heatran|Heatran, F, tera:Grass|100\/100\n|-damage|p2a: Heatran|88\/100|[from] Stealth Rock\n|move|p1a: Amoonguss|Clear Smog|p2a: Heatran\n|-supereffective|p2a: Heatran\n|-damage|p2a: Heatran|60\/100\n|-clearboost|p2a: Heatran\n|\n|upkeep\n|turn|9\n|\n|t:|1700675993\n|switch|p1a: Greninja|Greninja, M|100\/100\n|move|p2a: Heatran|Magma Storm|p1a: Greninja\n|-resisted|p1a: Greninja\n|-damage|p1a: Greninja|56\/100\n|-activate|p1a: Greninja|move: Magma Storm|[of] p2a: Heatran\n|\n|-damage|p1a: Greninja|44\/100|[from] move: Magma Storm|[partiallytrapped]\n|upkeep\n|turn|10\n|\n|t:|1700676003\n|switch|p2a: Manaphy|Manaphy|42\/100 slp\n|-damage|p2a: Manaphy|29\/100 slp|[from] Stealth Rock\n|move|p1a: Greninja|U-turn|p2a: Manaphy\n|-damage|p2a: Manaphy|18\/100 slp\n|\n|t:|1700676009\n|switch|p1a: Amoonguss|Amoonguss, F|47\/100|[from] U-turn\n|\n|-heal|p2a: Manaphy|24\/100 slp|[from] item: Leftovers\n|upkeep\n|turn|11\n|\n|t:|1700676016\n|cant|p2a: Manaphy|slp\n|move|p1a: Amoonguss|Sludge Bomb|p2a: Manaphy\n|-crit|p2a: Manaphy\n|-damage|p2a: Manaphy|0 fnt\n|faint|p2a: Manaphy\n|\n|upkeep\n|\n|t:|1700676024\n|switch|p2a: Heatran|Heatran, F, tera:Grass|60\/100\n|-damage|p2a: Heatran|47\/100|[from] Stealth Rock\n|turn|12\n|\n|t:|1700676037\n|switch|p1a: Greninja|Greninja, M|44\/100\n|move|p2a: Heatran|Magma Storm|p1a: Greninja\n|-resisted|p1a: Greninja\n|-damage|p1a: Greninja|2\/100\n|-activate|p1a: Greninja|move: Magma Storm|[of] p2a: Heatran\n|\n|-damage|p1a: Greninja|0 fnt|[from] move: Magma Storm|[partiallytrapped]\n|faint|p1a: Greninja\n|upkeep\n|\n|t:|1700676039\n|switch|p1a: Amoonguss|Amoonguss, F|81\/100\n|turn|13\n|\n|t:|1700676049\n|-terastallize|p1a: Amoonguss|Water\n|move|p2a: Heatran|Magma Storm|p1a: Amoonguss\n|-resisted|p1a: Amoonguss\n|-damage|p1a: Amoonguss|55\/100\n|-activate|p1a: Amoonguss|move: Magma Storm|[of] p2a: Heatran\n|move|p1a: Amoonguss|Sludge Bomb|p2a: Heatran\n|-supereffective|p2a: Heatran\n|-damage|p2a: Heatran|0 fnt\n|faint|p2a: Heatran\n|\n|-end|p1a: Amoonguss|Magma Storm|[partiallytrapped]|[silent]\n|upkeep\n|\n|t:|1700676065\n|switch|p2a: Kommo-o|Kommo-o, M|100\/100\n|-damage|p2a: Kommo-o|94\/100|[from] Stealth Rock\n|turn|14\n|\n|t:|1700676072\n|move|p2a: Kommo-o|Boomburst|p1a: Amoonguss\n|-damage|p1a: Amoonguss|26\/100\n|-enditem|p2a: Kommo-o|Throat Spray\n|-boost|p2a: Kommo-o|spa|1|[from] item: Throat Spray\n|move|p1a: Amoonguss|Spore|p2a: Kommo-o\n|-status|p2a: Kommo-o|slp|[from] move: Spore\n|\n|upkeep\n|turn|15\n|\n|t:|1700676080\n|cant|p2a: Kommo-o|slp\n|move|p1a: Amoonguss|Clear Smog|p2a: Kommo-o\n|-damage|p2a: Kommo-o|80\/100 slp\n|-clearboost|p2a: Kommo-o\n|\n|upkeep\n|turn|16\n|\n|t:|1700676087\n|switch|p1a: Ogerpon|Ogerpon-Wellspring, F|100\/100\n|cant|p2a: Kommo-o|slp\n|\n|upkeep\n|turn|17\n|\n|t:|1700676092\n|move|p1a: Ogerpon|Play Rough|p2a: Kommo-o\n|-supereffective|p2a: Kommo-o\n|-damage|p2a: Kommo-o|0 fnt\n|faint|p2a: Kommo-o\n|\n|upkeep\n|\n|t:|1700676099\n|switch|p2a: Cresselia|Cresselia, F|100\/100\n|-damage|p2a: Cresselia|88\/100|[from] Stealth Rock\n|turn|18\n|\n|t:|1700676103\n|move|p1a: Ogerpon|Swords Dance|p1a: Ogerpon\n|-boost|p1a: Ogerpon|atk|2\n|move|p2a: Cresselia|Calm Mind|p2a: Cresselia\n|-boost|p2a: Cresselia|spa|1\n|-boost|p2a: Cresselia|spd|1\n|\n|-heal|p2a: Cresselia|94\/100|[from] item: Leftovers\n|upkeep\n|turn|19\n|\n|t:|1700676111\n|move|p1a: Ogerpon|Ivy Cudgel|p2a: Cresselia|[anim] Ivy Cudgel Water\n|-damage|p2a: Cresselia|33\/100\n|move|p2a: Cresselia|Calm Mind|p2a: Cresselia\n|-boost|p2a: Cresselia|spa|1\n|-boost|p2a: Cresselia|spd|1\n|\n|-heal|p2a: Cresselia|39\/100|[from] item: Leftovers\n|upkeep\n|turn|20\n|\n|t:|1700676122\n|move|p1a: Ogerpon|Ivy Cudgel|p2a: Cresselia|[anim] Ivy Cudgel Water\n|-crit|p2a: Cresselia\n|-damage|p2a: Cresselia|0 fnt\n|faint|p2a: Cresselia\n|\n|upkeep\n|-message|Asmitha 31 forfeited.\n|\n|win|Randomness2022\n|raw|Randomness2022's rating: 1255 &rarr; <strong>1279<\/strong><br \/>(+24 for winning)\n|raw|Asmitha 31's rating: 1238 &rarr; <strong>1214<\/strong><br \/>(-24 for losing)\n|l|\u2606Asmitha 31\n|j|\u2606Asmitha 31\n|player|p2|Asmitha 31|170\n","uploadtime":1700676131,"views":1,"p1id":"randomness2022","p2id":"asmitha31","formatid":"gen9ou","rating":1214,"private":0,"password":""}