{"id":"gen9ou-1996007405","p1":"CyberH3","p2":"lightoflights","format":"[Gen 9] OU","log":"|j|\u2606CyberH3\n|j|\u2606lightoflights\n|t:|1700628503\n|gametype|singles\n|player|p1|CyberH3|mars|1382\n|player|p2|lightoflights|lucas|1379\n|teamsize|p1|6\n|teamsize|p2|6\n|gen|9\n|tier|[Gen 9] OU\n|rated|\n|rule|Sleep Clause Mod: Limit one foe put to sleep\n|rule|Species Clause: Limit one of each Pok\u00e9mon\n|rule|OHKO Clause: OHKO moves are banned\n|rule|Evasion Items Clause: Evasion items are banned\n|rule|Evasion Moves Clause: Evasion moves are banned\n|rule|Endless Battle Clause: Forcing endless battles is banned\n|rule|HP Percentage Mod: HP is shown in percentages\n|clearpoke\n|poke|p1|Goodra-Hisui, M|\n|poke|p1|Scizor, F|\n|poke|p1|Mimikyu, F|\n|poke|p1|Iron Valiant|\n|poke|p1|Talonflame, F|\n|poke|p1|Lokix, M|\n|poke|p2|Cinderace, M|\n|poke|p2|Corviknight, M|\n|poke|p2|Haxorus, M|\n|poke|p2|Enamorus-Therian, F|\n|poke|p2|Iron Moth|\n|poke|p2|Walking Wake|\n|teampreview\n|inactive|Battle timer is ON: inactive players will automatically lose when time's up. (requested by lightoflights)\n|\n|t:|1700628517\n|start\n|switch|p1a: Morf LeRosh|Lokix, M|100\/100\n|switch|p2a: Corviknight|Corviknight, M, shiny|100\/100\n|-ability|p2a: Corviknight|Pressure\n|turn|1\n|\n|t:|1700628520\n|move|p1a: Morf LeRosh|Knock Off|p2a: Corviknight\n|-damage|p2a: Corviknight|56\/100\n|-enditem|p2a: Corviknight|Leftovers|[from] move: Knock Off|[of] p1a: Morf LeRosh\n|-damage|p1a: Morf LeRosh|91\/100|[from] item: Life Orb\n|move|p2a: Corviknight|Agility|p2a: Corviknight\n|-boost|p2a: Corviknight|spe|2\n|\n|upkeep\n|turn|2\n|\n|t:|1700628523\n|move|p2a: Corviknight|Bulk Up|p2a: Corviknight\n|-boost|p2a: Corviknight|atk|1\n|-boost|p2a: Corviknight|def|1\n|move|p1a: Morf LeRosh|U-turn|p2a: Corviknight\n|-resisted|p2a: Corviknight\n|-damage|p2a: Corviknight|45\/100\n|-damage|p1a: Morf LeRosh|81\/100|[from] item: Life Orb\n|\n|t:|1700628529\n|switch|p1a: R-TRUS|Iron Valiant|100\/100|[from] U-turn\n|-enditem|p1a: R-TRUS|Booster Energy\n|-activate|p1a: R-TRUS|ability: Quark Drive|[fromitem]\n|-start|p1a: R-TRUS|quarkdrivespe\n|\n|upkeep\n|turn|3\n|\n|t:|1700628534\n|move|p1a: R-TRUS|Encore|p2a: Corviknight\n|-start|p2a: Corviknight|Encore\n|move|p2a: Corviknight|Bulk Up|p2a: Corviknight\n|-boost|p2a: Corviknight|atk|1\n|-boost|p2a: Corviknight|def|1\n|\n|upkeep\n|turn|4\n|\n|t:|1700628538\n|move|p1a: R-TRUS|Thunderbolt|p2a: Corviknight\n|-supereffective|p2a: Corviknight\n|-damage|p2a: Corviknight|1\/100\n|move|p2a: Corviknight|Bulk Up|p2a: Corviknight\n|-boost|p2a: Corviknight|atk|1\n|-boost|p2a: Corviknight|def|1\n|\n|upkeep\n|turn|5\n|\n|t:|1700628541\n|move|p1a: R-TRUS|Thunderbolt|p2a: Corviknight\n|-supereffective|p2a: Corviknight\n|-damage|p2a: Corviknight|0 fnt\n|faint|p2a: Corviknight\n|\n|upkeep\n|\n|t:|1700628550\n|switch|p2a: Iron Moth|Iron Moth|100\/100\n|-enditem|p2a: Iron Moth|Booster Energy\n|-activate|p2a: Iron Moth|ability: Quark Drive|[fromitem]\n|-start|p2a: Iron Moth|quarkdrivespa\n|turn|6\n|\n|t:|1700628556\n|-end|p1a: R-TRUS|Quark Drive|[silent]\n|switch|p1a: Snailtare|Goodra-Hisui, M|100\/100\n|move|p2a: Iron Moth|Agility|p2a: Iron Moth\n|-boost|p2a: Iron Moth|spe|2\n|\n|upkeep\n|turn|7\n|\n|t:|1700628559\n|move|p2a: Iron Moth|Fiery Dance|p1a: Snailtare\n|-damage|p1a: Snailtare|58\/100\n|-boost|p2a: Iron Moth|spa|1\n|move|p1a: Snailtare|Hydro Pump|p2a: Iron Moth\n|-supereffective|p2a: Iron Moth\n|-damage|p2a: Iron Moth|23\/100\n|\n|-heal|p1a: Snailtare|64\/100|[from] item: Leftovers\n|upkeep\n|turn|8\n|\n|t:|1700628564\n|move|p1a: Snailtare|Protect|p1a: Snailtare\n|-singleturn|p1a: Snailtare|Protect\n|move|p2a: Iron Moth|Fiery Dance|p1a: Snailtare\n|-activate|p1a: Snailtare|move: Protect\n|\n|-heal|p1a: Snailtare|70\/100|[from] item: Leftovers\n|upkeep\n|turn|9\n|\n|t:|1700628569\n|-terastallize|p2a: Iron Moth|Grass\n|move|p2a: Iron Moth|Fiery Dance|p1a: Snailtare\n|-damage|p1a: Snailtare|5\/100\n|-boost|p2a: Iron Moth|spa|1\n|move|p1a: Snailtare|Hydro Pump|p2a: Iron Moth\n|-resisted|p2a: Iron Moth\n|-damage|p2a: Iron Moth|3\/100\n|\n|-heal|p1a: Snailtare|11\/100|[from] item: Leftovers\n|upkeep\n|turn|10\n|\n|t:|1700628580\n|move|p2a: Iron Moth|Fiery Dance|p1a: Snailtare\n|-crit|p1a: Snailtare\n|-damage|p1a: Snailtare|0 fnt\n|faint|p1a: Snailtare\n|\n|upkeep\n|\n|t:|1700628586\n|switch|p1a: Eat With Scissors|Scizor, F|100\/100\n|turn|11\n|\n|t:|1700628589\n|move|p1a: Eat With Scissors|Bullet Punch|p2a: Iron Moth\n|-damage|p2a: Iron Moth|0 fnt\n|faint|p2a: Iron Moth\n|-end|p2a: Iron Moth|Quark Drive|[silent]\n|-damage|p1a: Eat With Scissors|91\/100|[from] item: Life Orb\n|\n|upkeep\n|\n|t:|1700628591\n|switch|p2a: Cinderace|Cinderace, M|100\/100\n|turn|12\n|\n|t:|1700628595\n|switch|p1a: The XO|Talonflame, F|100\/100\n|move|p2a: Cinderace|Pyro Ball|p1a: The XO\n|-resisted|p1a: The XO\n|-damage|p1a: The XO|60\/100\n|\n|-heal|p1a: The XO|66\/100|[from] item: Leftovers\n|upkeep\n|turn|13\n|\n|t:|1700628598\n|move|p1a: The XO|Brave Bird|p2a: Cinderace\n|-damage|p2a: Cinderace|30\/100\n|-damage|p1a: The XO|42\/100|[from] Recoil\n|move|p2a: Cinderace|Gunk Shot|p1a: The XO\n|-start|p2a: Cinderace|typechange|Poison|[from] ability: Libero\n|-damage|p1a: The XO|0 fnt\n|faint|p1a: The XO\n|\n|upkeep\n|\n|t:|1700628603\n|switch|p1a: Morf LeRosh|Lokix, M|81\/100\n|turn|14\n|\n|t:|1700628610\n|move|p1a: Morf LeRosh|First Impression|p2a: Cinderace\n|-resisted|p2a: Cinderace\n|-damage|p2a: Cinderace|0 fnt\n|faint|p2a: Cinderace\n|-damage|p1a: Morf LeRosh|71\/100|[from] item: Life Orb\n|\n|upkeep\n|\n|t:|1700628621\n|switch|p2a: Haxorus|Haxorus, M|100\/100\n|-ability|p2a: Haxorus|Mold Breaker\n|turn|15\n|\n|t:|1700628626\n|move|p1a: Morf LeRosh|Knock Off|p2a: Haxorus\n|-damage|p2a: Haxorus|30\/100\n|-enditem|p2a: Haxorus|Lum Berry|[from] move: Knock Off|[of] p1a: Morf LeRosh\n|-damage|p1a: Morf LeRosh|61\/100|[from] item: Life Orb\n|move|p2a: Haxorus|Dragon Claw|p1a: Morf LeRosh\n|-damage|p1a: Morf LeRosh|0 fnt\n|faint|p1a: Morf LeRosh\n|\n|upkeep\n|\n|t:|1700628631\n|switch|p1a: R-TRUS|Iron Valiant|100\/100\n|turn|16\n|\n|t:|1700628638\n|move|p1a: R-TRUS|Moonblast|p2a: Haxorus\n|-supereffective|p2a: Haxorus\n|-damage|p2a: Haxorus|0 fnt\n|faint|p2a: Haxorus\n|\n|upkeep\n|\n|t:|1700628643\n|switch|p2a: Walking Wake|Walking Wake|100\/100\n|-enditem|p2a: Walking Wake|Booster Energy\n|-activate|p2a: Walking Wake|ability: Protosynthesis|[fromitem]\n|-start|p2a: Walking Wake|protosynthesisspa\n|turn|17\n|\n|t:|1700628648\n|move|p1a: R-TRUS|Moonblast|p2a: Walking Wake\n|-supereffective|p2a: Walking Wake\n|-damage|p2a: Walking Wake|0 fnt\n|faint|p2a: Walking Wake\n|-end|p2a: Walking Wake|Protosynthesis|[silent]\n|\n|upkeep\n|\n|t:|1700628650\n|switch|p2a: Enamorus|Enamorus-Therian, F, shiny|100\/100\n|turn|18\n|\n|t:|1700628655\n|-terastallize|p1a: R-TRUS|Steel\n|move|p1a: R-TRUS|Thunderbolt|p2a: Enamorus\n|-supereffective|p2a: Enamorus\n|-damage|p2a: Enamorus|50\/100\n|move|p2a: Enamorus|Calm Mind|p2a: Enamorus\n|-boost|p2a: Enamorus|spa|1\n|-boost|p2a: Enamorus|spd|1\n|\n|-heal|p2a: Enamorus|56\/100|[from] item: Leftovers\n|upkeep\n|turn|19\n|\n|t:|1700628659\n|move|p1a: R-TRUS|Thunderbolt|p2a: Enamorus\n|-supereffective|p2a: Enamorus\n|-damage|p2a: Enamorus|19\/100\n|move|p2a: Enamorus|Calm Mind|p2a: Enamorus\n|-boost|p2a: Enamorus|spa|1\n|-boost|p2a: Enamorus|spd|1\n|\n|-heal|p2a: Enamorus|25\/100|[from] item: Leftovers\n|upkeep\n|turn|20\n|\n|t:|1700628662\n|move|p1a: R-TRUS|Thunderbolt|p2a: Enamorus\n|-supereffective|p2a: Enamorus\n|-damage|p2a: Enamorus|0 fnt\n|faint|p2a: Enamorus\n|\n|win|CyberH3\n|raw|CyberH3's rating: 1382 &rarr; <strong>1402<\/strong><br \/>(+20 for winning)\n|raw|lightoflights's rating: 1379 &rarr; <strong>1359<\/strong><br \/>(-20 for losing)\n","uploadtime":1700628665,"views":1,"p1id":"cyberh3","p2id":"lightoflights","formatid":"gen9ou","rating":1359,"private":0,"password":""}