{"id":"gen9ou-1997082532","p1":"kingkavon","p2":"MetalMetalCharz","format":"[Gen 9] OU","log":"|j|\u2606kingkavon\n|j|\u2606MetalMetalCharz\n|t:|1700762711\n|gametype|singles\n|player|p1|kingkavon|kimonogirl|1431\n|player|p2|MetalMetalCharz|2|1344\n|teamsize|p1|6\n|teamsize|p2|6\n|gen|9\n|tier|[Gen 9] OU\n|rated|\n|rule|Sleep Clause Mod: Limit one foe put to sleep\n|rule|Species Clause: Limit one of each Pok\u00e9mon\n|rule|OHKO Clause: OHKO moves are banned\n|rule|Evasion Items Clause: Evasion items are banned\n|rule|Evasion Moves Clause: Evasion moves are banned\n|rule|Endless Battle Clause: Forcing endless battles is banned\n|rule|HP Percentage Mod: HP is shown in percentages\n|clearpoke\n|poke|p1|Iron Valiant|\n|poke|p1|Kingambit, F|\n|poke|p1|Landorus-Therian, M|\n|poke|p1|Gholdengo|\n|poke|p1|Cinderace, M|\n|poke|p1|Ribombee, F|\n|poke|p2|Dragonite, M|\n|poke|p2|Mamoswine, F|\n|poke|p2|Gardevoir, F|\n|poke|p2|Rotom-Wash|\n|poke|p2|Garganacl, F|\n|poke|p2|Scizor, F|\n|teampreview\n|inactive|Battle timer is ON: inactive players will automatically lose when time's up. (requested by MetalMetalCharz)\n|\n|t:|1700762723\n|start\n|switch|p1a: Ribombee|Ribombee, F|100\/100\n|switch|p2a: Scizor|Scizor, F|100\/100\n|turn|1\n|\n|t:|1700762727\n|move|p2a: Scizor|Bullet Punch|p1a: Ribombee\n|-supereffective|p1a: Ribombee\n|-enditem|p1a: Ribombee|Focus Sash\n|-damage|p1a: Ribombee|1\/100\n|move|p1a: Ribombee|Sticky Web|p2a: Scizor\n|-sidestart|p2: MetalMetalCharz|move: Sticky Web\n|\n|upkeep\n|turn|2\n|\n|t:|1700762744\n|switch|p1a: Gholdengo|Gholdengo|100\/100\n|move|p2a: Scizor|Knock Off|p1a: Gholdengo\n|-supereffective|p1a: Gholdengo\n|-damage|p1a: Gholdengo|19\/100\n|-enditem|p1a: Gholdengo|Choice Specs|[from] move: Knock Off|[of] p2a: Scizor\n|\n|upkeep\n|turn|3\n|\n|t:|1700762753\n|move|p1a: Gholdengo|Shadow Ball|p2a: Scizor\n|-damage|p2a: Scizor|46\/100\n|-unboost|p2a: Scizor|spd|1\n|move|p2a: Scizor|Knock Off|p1a: Gholdengo\n|-supereffective|p1a: Gholdengo\n|-damage|p1a: Gholdengo|0 fnt\n|faint|p1a: Gholdengo\n|\n|-heal|p2a: Scizor|52\/100|[from] item: Leftovers\n|upkeep\n|\n|t:|1700762764\n|switch|p1a: Cinderace|Cinderace, M|100\/100\n|turn|4\n|\n|t:|1700762778\n|switch|p2a: Rotom|Rotom-Wash|100\/100\n|move|p1a: Cinderace|Pyro Ball|p2a: Rotom\n|-resisted|p2a: Rotom\n|-damage|p2a: Rotom|82\/100\n|\n|upkeep\n|turn|5\n|\n|t:|1700762797\n|switch|p1a: Ribombee|Ribombee, F|1\/100\n|move|p2a: Rotom|Volt Switch|p1a: Ribombee\n|-damage|p1a: Ribombee|0 fnt\n|faint|p1a: Ribombee\n|\n|t:|1700762804\n|switch|p2a: Scizor|Scizor, F|52\/100|[from] Volt Switch\n|-activate|p2a: Scizor|move: Sticky Web\n|-unboost|p2a: Scizor|spe|1\n|\n|-heal|p2a: Scizor|58\/100|[from] item: Leftovers\n|upkeep\n|\n|t:|1700762815\n|switch|p1a: Cinderace|Cinderace, M|100\/100\n|turn|6\n|\n|t:|1700762821\n|move|p1a: Cinderace|U-turn|p2a: Scizor\n|-resisted|p2a: Scizor\n|-damage|p2a: Scizor|48\/100\n|\n|t:|1700762823\n|switch|p1a: Landorus|Landorus-Therian, M|100\/100|[from] U-turn\n|-ability|p1a: Landorus|Intimidate|boost\n|-unboost|p2a: Scizor|atk|1\n|move|p2a: Scizor|Defog|p1a: Landorus\n|-unboost|p1a: Landorus|evasion|1\n|-sideend|p2: MetalMetalCharz|Sticky Web|[from] move: Defog|[of] p2a: Scizor\n|\n|-heal|p2a: Scizor|55\/100|[from] item: Leftovers\n|upkeep\n|turn|7\n|\n|t:|1700762831\n|move|p1a: Landorus|U-turn|p2a: Scizor\n|-resisted|p2a: Scizor\n|-damage|p2a: Scizor|42\/100\n|\n|t:|1700762837\n|switch|p1a: Cinderace|Cinderace, M|100\/100|[from] U-turn\n|move|p2a: Scizor|U-turn|p1a: Cinderace\n|-resisted|p1a: Cinderace\n|-damage|p1a: Cinderace|85\/100\n|\n|t:|1700762841\n|switch|p2a: Rotom|Rotom-Wash|82\/100|[from] U-turn\n|\n|upkeep\n|turn|8\n|\n|t:|1700762861\n|move|p1a: Cinderace|Will-O-Wisp|p2a: Rotom\n|-status|p2a: Rotom|brn\n|move|p2a: Rotom|Hydro Pump|p1a: Cinderace|[miss]\n|-miss|p2a: Rotom|p1a: Cinderace\n|\n|-damage|p2a: Rotom|75\/100 brn|[from] brn\n|upkeep\n|turn|9\n|\n|t:|1700762879\n|move|p1a: Cinderace|Pyro Ball|p2a: Rotom\n|-resisted|p2a: Rotom\n|-damage|p2a: Rotom|55\/100 brn\n|move|p2a: Rotom|Hydro Pump|p1a: Cinderace\n|-supereffective|p1a: Cinderace\n|-damage|p1a: Cinderace|0 fnt\n|faint|p1a: Cinderace\n|\n|-damage|p2a: Rotom|49\/100 brn|[from] brn\n|upkeep\n|\n|t:|1700762883\n|switch|p1a: Iron Valiant|Iron Valiant|100\/100\n|-enditem|p1a: Iron Valiant|Booster Energy\n|-activate|p1a: Iron Valiant|ability: Quark Drive|[fromitem]\n|-start|p1a: Iron Valiant|quarkdrivespe\n|turn|10\n|\n|t:|1700762894\n|move|p1a: Iron Valiant|Moonblast|p2a: Rotom\n|-damage|p2a: Rotom|0 fnt\n|faint|p2a: Rotom\n|\n|upkeep\n|\n|t:|1700762898\n|switch|p2a: Scizor|Scizor, F|42\/100\n|turn|11\n|\n|t:|1700762903\n|-end|p1a: Iron Valiant|Quark Drive|[silent]\n|switch|p1a: Landorus|Landorus-Therian, M|100\/100\n|-ability|p1a: Landorus|Intimidate|boost\n|-unboost|p2a: Scizor|atk|1\n|move|p2a: Scizor|Bullet Punch|p1a: Landorus\n|-damage|p1a: Landorus|73\/100\n|\n|-heal|p2a: Scizor|48\/100|[from] item: Leftovers\n|upkeep\n|turn|12\n|\n|t:|1700762921\n|switch|p2a: Garganacl|Garganacl, F|100\/100\n|move|p1a: Landorus|U-turn|p2a: Garganacl\n|-damage|p2a: Garganacl|82\/100\n|-damage|p1a: Landorus|56\/100|[from] item: Rocky Helmet|[of] p2a: Garganacl\n|\n|t:|1700762927\n|switch|p1a: Kingambit|Kingambit, F|100\/100|[from] U-turn\n|-activate|p1a: Kingambit|ability: Supreme Overlord\n|-start|p1a: Kingambit|fallen3|[silent]\n|\n|upkeep\n|turn|13\n|\n|t:|1700762931\n|-terastallize|p1a: Kingambit|Fairy\n|move|p1a: Kingambit|Swords Dance|p1a: Kingambit\n|-boost|p1a: Kingambit|atk|2\n|move|p2a: Garganacl|Body Press|p1a: Kingambit\n|-resisted|p1a: Kingambit\n|-damage|p1a: Kingambit|93\/100\n|\n|-heal|p1a: Kingambit|99\/100|[from] item: Leftovers\n|upkeep\n|turn|14\n|\n|t:|1700762945\n|move|p1a: Kingambit|Iron Head|p2a: Garganacl\n|-supereffective|p2a: Garganacl\n|-damage|p2a: Garganacl|0 fnt\n|-damage|p1a: Kingambit|82\/100|[from] item: Rocky Helmet|[of] p2a: Garganacl\n|faint|p2a: Garganacl\n|\n|-heal|p1a: Kingambit|89\/100|[from] item: Leftovers\n|upkeep\n|\n|t:|1700762957\n|switch|p2a: Mamoswine|Mamoswine, F|100\/100\n|turn|15\n|\n|t:|1700762961\n|move|p2a: Mamoswine|Ice Shard|p1a: Kingambit\n|-damage|p1a: Kingambit|73\/100\n|move|p1a: Kingambit|Sucker Punch||[still]\n|-fail|p1a: Kingambit\n|\n|-heal|p1a: Kingambit|80\/100|[from] item: Leftovers\n|upkeep\n|turn|16\n|\n|t:|1700762966\n|move|p2a: Mamoswine|Ice Shard|p1a: Kingambit\n|-damage|p1a: Kingambit|65\/100\n|move|p1a: Kingambit|Kowtow Cleave|p2a: Mamoswine\n|-damage|p2a: Mamoswine|0 fnt\n|faint|p2a: Mamoswine\n|\n|-heal|p1a: Kingambit|71\/100|[from] item: Leftovers\n|upkeep\n|\n|t:|1700762975\n|switch|p2a: Dragonite|Dragonite, M|100\/100\n|turn|17\n|\n|t:|1700762981\n|move|p2a: Dragonite|Extreme Speed|p1a: Kingambit\n|-damage|p1a: Kingambit|49\/100\n|move|p1a: Kingambit|Kowtow Cleave|p2a: Dragonite\n|-damage|p2a: Dragonite|27\/100\n|\n|-heal|p1a: Kingambit|56\/100|[from] item: Leftovers\n|upkeep\n|turn|18\n|\n|t:|1700762989\n|move|p2a: Dragonite|Extreme Speed|p1a: Kingambit\n|-damage|p1a: Kingambit|32\/100\n|move|p1a: Kingambit|Kowtow Cleave|p2a: Dragonite\n|-damage|p2a: Dragonite|0 fnt\n|faint|p2a: Dragonite\n|\n|-heal|p1a: Kingambit|38\/100|[from] item: Leftovers\n|upkeep\n|\n|t:|1700762995\n|switch|p2a: Scizor|Scizor, F|48\/100\n|turn|19\n|\n|t:|1700763000\n|-end|p1a: Kingambit|fallen3|[silent]\n|switch|p1a: Landorus|Landorus-Therian, M|56\/100\n|-ability|p1a: Landorus|Intimidate|boost\n|-unboost|p2a: Scizor|atk|1\n|-terastallize|p2a: Scizor|Steel\n|move|p2a: Scizor|Bullet Punch|p1a: Landorus\n|-damage|p1a: Landorus|23\/100\n|\n|-heal|p2a: Scizor|55\/100|[from] item: Leftovers\n|upkeep\n|turn|20\n|\n|t:|1700763010\n|move|p2a: Scizor|Bullet Punch|p1a: Landorus\n|-damage|p1a: Landorus|0 fnt\n|faint|p1a: Landorus\n|\n|-heal|p2a: Scizor|61\/100|[from] item: Leftovers\n|upkeep\n|\n|t:|1700763016\n|switch|p1a: Iron Valiant|Iron Valiant|100\/100\n|turn|21\n|\n|t:|1700763019\n|switch|p2a: Gardevoir|Gardevoir, F|100\/100\n|move|p1a: Iron Valiant|Thunderbolt|p2a: Gardevoir\n|-damage|p2a: Gardevoir|67\/100\n|\n|upkeep\n|turn|22\n|\n|t:|1700763024\n|move|p2a: Gardevoir|Moonblast|p1a: Iron Valiant\n|-supereffective|p1a: Iron Valiant\n|-damage|p1a: Iron Valiant|0 fnt\n|faint|p1a: Iron Valiant\n|-end|p1a: Iron Valiant|Quark Drive|[silent]\n|\n|upkeep\n|\n|t:|1700763027\n|switch|p1a: Kingambit|Kingambit, F, tera:Fairy|38\/100\n|-activate|p2a: Gardevoir|ability: Supreme Overlord\n|-start|p2a: Gardevoir|fallen4|[silent]\n|-ability|p2a: Gardevoir|Supreme Overlord|[from] ability: Trace|[of] p1a: Kingambit\n|-activate|p1a: Kingambit|ability: Supreme Overlord\n|-start|p1a: Kingambit|fallen5|[silent]\n|turn|23\n|\n|t:|1700763033\n|move|p2a: Gardevoir|Moonblast|p1a: Kingambit\n|-damage|p1a: Kingambit|0 fnt\n|faint|p1a: Kingambit\n|-end|p1a: Kingambit|fallen5|[silent]\n|\n|win|MetalMetalCharz\n|raw|kingkavon's rating: 1431 &rarr; <strong>1406<\/strong><br \/>(-25 for losing)\n|raw|MetalMetalCharz's rating: 1344 &rarr; <strong>1369<\/strong><br \/>(+25 for winning)\n","uploadtime":1700763044,"views":12,"p1id":"kingkavon","p2id":"metalmetalcharz","formatid":"gen9ou","rating":1369,"private":0,"password":""}