{"id":"gen9ou-1995667020","p1":"Iron stu","p2":"Grotn2","format":"[Gen 9] OU","log":"|j|\u2606Iron stu\n|j|\u2606Grotn2\n|t:|1700592223\n|gametype|singles\n|player|p1|Iron stu|102|1555\n|player|p2|Grotn2|1|1490\n|teamsize|p1|6\n|teamsize|p2|6\n|gen|9\n|tier|[Gen 9] OU\n|rated|\n|rule|Sleep Clause Mod: Limit one foe put to sleep\n|rule|Species Clause: Limit one of each Pok\u00e9mon\n|rule|OHKO Clause: OHKO moves are banned\n|rule|Evasion Items Clause: Evasion items are banned\n|rule|Evasion Moves Clause: Evasion moves are banned\n|rule|Endless Battle Clause: Forcing endless battles is banned\n|rule|HP Percentage Mod: HP is shown in percentages\n|clearpoke\n|poke|p1|Skeledirge, M|\n|poke|p1|Alomomola, F|\n|poke|p1|Ting-Lu|\n|poke|p1|Zapdos|\n|poke|p1|Hoopa-Unbound|\n|poke|p1|Dragapult, F|\n|poke|p2|Landorus-Therian, M|\n|poke|p2|Corviknight, F|\n|poke|p2|Arcanine-Hisui, F|\n|poke|p2|Thundurus-Therian, M|\n|poke|p2|Garchomp, F|\n|poke|p2|Ogerpon-Wellspring, F|\n|teampreview\n|\n|t:|1700592231\n|start\n|switch|p1a: Dragapult|Dragapult, F|100\/100\n|switch|p2a: Landorus|Landorus-Therian, M|100\/100\n|-ability|p2a: Landorus|Intimidate|boost\n|-fail|p1a: Dragapult|unboost|[from] ability: Clear Body|[of] p1a: Dragapult\n|turn|1\n|\n|t:|1700592235\n|move|p1a: Dragapult|Draco Meteor|p2a: Landorus\n|-damage|p2a: Landorus|33\/100\n|-unboost|p1a: Dragapult|spa|2\n|move|p2a: Landorus|Earthquake|p1a: Dragapult\n|-damage|p1a: Dragapult|32\/100\n|\n|-heal|p2a: Landorus|39\/100|[from] item: Leftovers\n|upkeep\n|turn|2\n|\n|t:|1700592238\n|move|p1a: Dragapult|Draco Meteor|p2a: Landorus\n|-damage|p2a: Landorus|1\/100\n|-unboost|p1a: Dragapult|spa|2\n|move|p2a: Landorus|Stealth Rock|p1a: Dragapult\n|-sidestart|p1: Iron stu|move: Stealth Rock\n|\n|-heal|p2a: Landorus|7\/100|[from] item: Leftovers\n|upkeep\n|turn|3\n|\n|t:|1700592241\n|move|p1a: Dragapult|Draco Meteor|p2a: Landorus\n|-damage|p2a: Landorus|0 fnt\n|-unboost|p1a: Dragapult|spa|2\n|faint|p2a: Landorus\n|\n|upkeep\n|\n|t:|1700592249\n|switch|p2a: Ogerpon|Ogerpon-Wellspring, F|100\/100\n|turn|4\n|\n|t:|1700592257\n|switch|p1a: Zapdos|Zapdos|100\/100\n|move|p2a: Ogerpon|Ivy Cudgel|p1a: Zapdos|[anim] Ivy Cudgel Water\n|-damage|p1a: Zapdos|46\/100\n|\n|upkeep\n|turn|5\n|\n|t:|1700592262\n|-terastallize|p1a: Zapdos|Dragon\n|move|p2a: Ogerpon|Ivy Cudgel|p1a: Zapdos|[anim] Ivy Cudgel Water\n|-resisted|p1a: Zapdos\n|-damage|p1a: Zapdos|18\/100\n|move|p1a: Zapdos|Roost|p1a: Zapdos\n|-heal|p1a: Zapdos|68\/100\n|\n|upkeep\n|turn|6\n|\n|t:|1700592269\n|switch|p2a: Thundurus|Thundurus-Therian, M|100\/100\n|move|p1a: Zapdos|Roost|p1a: Zapdos\n|-heal|p1a: Zapdos|100\/100\n|\n|upkeep\n|turn|7\n|\n|t:|1700592277\n|switch|p2a: Corviknight|Corviknight, F|100\/100\n|-ability|p2a: Corviknight|Pressure\n|switch|p1a: Alomomola|Alomomola, F|100\/100\n|\n|upkeep\n|turn|8\n|\n|t:|1700592285\n|move|p2a: Corviknight|U-turn|p1a: Alomomola\n|-damage|p1a: Alomomola|92\/100\n|\n|t:|1700592286\n|switch|p2a: Ogerpon|Ogerpon-Wellspring, F|100\/100|[from] U-turn\n|move|p1a: Alomomola|Wish|p1a: Alomomola\n|\n|upkeep\n|turn|9\n|\n|t:|1700592293\n|switch|p2a: Thundurus|Thundurus-Therian, M|100\/100\n|switch|p1a: Zapdos|Zapdos, tera:Dragon|100\/100\n|\n|upkeep\n|turn|10\n|\n|t:|1700592300\n|switch|p1a: Ting-Lu|Ting-Lu|100\/100\n|-ability|p1a: Ting-Lu|Vessel of Ruin\n|move|p2a: Thundurus|Nasty Plot|p2a: Thundurus\n|-boost|p2a: Thundurus|spa|2\n|\n|upkeep\n|turn|11\n|\n|t:|1700592305\n|switch|p2a: Corviknight|Corviknight, F|100\/100\n|-ability|p2a: Corviknight|Pressure\n|switch|p1a: Skeledirge|Skeledirge, M|100\/100\n|\n|upkeep\n|turn|12\n|\n|t:|1700592310\n|move|p2a: Corviknight|U-turn|p1a: Skeledirge\n|-resisted|p1a: Skeledirge\n|-damage|p1a: Skeledirge|98\/100\n|\n|t:|1700592313\n|switch|p2a: Arcanine|Arcanine-Hisui, F|100\/100|[from] U-turn\n|move|p1a: Skeledirge|Torch Song|p2a: Arcanine\n|-resisted|p2a: Arcanine\n|-damage|p2a: Arcanine|92\/100\n|-boost|p1a: Skeledirge|spa|1\n|\n|upkeep\n|turn|13\n|\n|t:|1700592320\n|switch|p2a: Garchomp|Garchomp, F|100\/100\n|switch|p1a: Ting-Lu|Ting-Lu|100\/100\n|-ability|p1a: Ting-Lu|Vessel of Ruin\n|\n|upkeep\n|turn|14\n|\n|t:|1700592324\n|switch|p2a: Corviknight|Corviknight, F|100\/100\n|-ability|p2a: Corviknight|Pressure\n|move|p1a: Ting-Lu|Stealth Rock|p2a: Corviknight\n|-sidestart|p2: Grotn2|move: Stealth Rock\n|\n|upkeep\n|turn|15\n|\n|t:|1700592329\n|move|p2a: Corviknight|Defog|p1a: Ting-Lu\n|-unboost|p1a: Ting-Lu|evasion|1\n|-sideend|p1: Iron stu|Stealth Rock|[from] move: Defog|[of] p2a: Corviknight\n|-sideend|p2: Grotn2|Stealth Rock|[from] move: Defog|[of] p2a: Corviknight\n|move|p1a: Ting-Lu|Ruination|p2a: Corviknight|[miss]\n|-miss|p1a: Ting-Lu|p2a: Corviknight\n|\n|upkeep\n|turn|16\n|\n|t:|1700592333\n|move|p2a: Corviknight|Brave Bird|p1a: Ting-Lu\n|-damage|p1a: Ting-Lu|81\/100\n|-damage|p2a: Corviknight|92\/100|[from] Recoil\n|move|p1a: Ting-Lu|Stealth Rock|p2a: Corviknight\n|-sidestart|p2: Grotn2|move: Stealth Rock\n|\n|upkeep\n|turn|17\n|\n|t:|1700592336\n|move|p2a: Corviknight|Defog|p1a: Ting-Lu\n|-unboost|p1a: Ting-Lu|evasion|1\n|-sideend|p2: Grotn2|Stealth Rock|[from] move: Defog|[of] p2a: Corviknight\n|move|p1a: Ting-Lu|Ruination|p2a: Corviknight\n|-damage|p2a: Corviknight|46\/100\n|\n|upkeep\n|turn|18\n|\n|t:|1700592338\n|move|p2a: Corviknight|Roost|p2a: Corviknight\n|-heal|p2a: Corviknight|96\/100\n|-singleturn|p2a: Corviknight|move: Roost\n|move|p1a: Ting-Lu|Earthquake|p2a: Corviknight\n|-supereffective|p2a: Corviknight\n|-damage|p2a: Corviknight|53\/100\n|\n|upkeep\n|turn|19\n|\n|t:|1700592342\n|move|p2a: Corviknight|Roost|p2a: Corviknight\n|-heal|p2a: Corviknight|100\/100\n|-singleturn|p2a: Corviknight|move: Roost\n|move|p1a: Ting-Lu|Stealth Rock|p2a: Corviknight\n|-sidestart|p2: Grotn2|move: Stealth Rock\n|\n|upkeep\n|turn|20\n|\n|t:|1700592344\n|move|p2a: Corviknight|Defog|p1a: Ting-Lu\n|-unboost|p1a: Ting-Lu|evasion|1\n|-sideend|p2: Grotn2|Stealth Rock|[from] move: Defog|[of] p2a: Corviknight\n|move|p1a: Ting-Lu|Ruination|p2a: Corviknight\n|-damage|p2a: Corviknight|51\/100\n|\n|upkeep\n|turn|21\n|\n|t:|1700592348\n|move|p2a: Corviknight|Brave Bird|p1a: Ting-Lu\n|-damage|p1a: Ting-Lu|59\/100\n|-damage|p2a: Corviknight|41\/100|[from] Recoil\n|move|p1a: Ting-Lu|Stealth Rock|p2a: Corviknight\n|-sidestart|p2: Grotn2|move: Stealth Rock\n|\n|upkeep\n|turn|22\n|\n|t:|1700592351\n|switch|p1a: Zapdos|Zapdos, tera:Dragon|100\/100\n|move|p2a: Corviknight|Defog|p1a: Zapdos\n|-unboost|p1a: Zapdos|evasion|1\n|-sideend|p2: Grotn2|Stealth Rock|[from] move: Defog|[of] p2a: Corviknight\n|\n|upkeep\n|turn|23\n|\n|t:|1700592356\n|switch|p1a: Dragapult|Dragapult, F|32\/100\n|switch|p2a: Thundurus|Thundurus-Therian, M|100\/100\n|\n|upkeep\n|turn|24\n|\n|t:|1700592359\n|switch|p2a: Corviknight|Corviknight, F|41\/100\n|-ability|p2a: Corviknight|Pressure\n|move|p1a: Dragapult|Draco Meteor|p2a: Corviknight|[miss]\n|-miss|p1a: Dragapult|p2a: Corviknight\n|\n|upkeep\n|turn|25\n|\n|t:|1700592363\n|switch|p1a: Alomomola|Alomomola, F|100\/100\n|move|p2a: Corviknight|Roost|p2a: Corviknight\n|-heal|p2a: Corviknight|91\/100\n|-singleturn|p2a: Corviknight|move: Roost\n|\n|upkeep\n|turn|26\n|\n|t:|1700592370\n|switch|p2a: Ogerpon|Ogerpon-Wellspring, F|100\/100\n|move|p1a: Alomomola|Wish|p1a: Alomomola\n|\n|upkeep\n|turn|27\n|\n|t:|1700592375\n|switch|p2a: Thundurus|Thundurus-Therian, M|100\/100\n|switch|p1a: Zapdos|Zapdos, tera:Dragon|100\/100\n|\n|upkeep\n|turn|28\n|\n|t:|1700592384\n|switch|p2a: Corviknight|Corviknight, F|91\/100\n|-ability|p2a: Corviknight|Pressure\n|move|p1a: Zapdos|Hurricane|p2a: Corviknight\n|-resisted|p2a: Corviknight\n|-damage|p2a: Corviknight|68\/100\n|-start|p2a: Corviknight|confusion\n|\n|upkeep\n|turn|29\n|\n|t:|1700592389\n|switch|p2a: Thundurus|Thundurus-Therian, M|100\/100\n|move|p1a: Zapdos|Hurricane|p2a: Thundurus\n|-resisted|p2a: Thundurus\n|-crit|p2a: Thundurus\n|-damage|p2a: Thundurus|56\/100\n|\n|upkeep\n|turn|30\n|\n|t:|1700592396\n|-terastallize|p2a: Thundurus|Ice\n|move|p2a: Thundurus|Tera Blast|p1a: Zapdos|[anim] Tera Blast Ice\n|-supereffective|p1a: Zapdos\n|-damage|p1a: Zapdos|12\/100\n|move|p1a: Zapdos|Hurricane|p2a: Thundurus|[miss]\n|-miss|p1a: Zapdos|p2a: Thundurus\n|\n|upkeep\n|turn|31\n|\n|t:|1700592402\n|switch|p1a: Skeledirge|Skeledirge, M|98\/100\n|move|p2a: Thundurus|Volt Switch|p1a: Skeledirge\n|-damage|p1a: Skeledirge|64\/100\n|\n|t:|1700592406\n|switch|p2a: Garchomp|Garchomp, F|100\/100|[from] Volt Switch\n|\n|upkeep\n|turn|32\n|\n|t:|1700592408\n|switch|p1a: Alomomola|Alomomola, F|100\/100\n|move|p2a: Garchomp|Substitute|p2a: Garchomp\n|-start|p2a: Garchomp|Substitute\n|-damage|p2a: Garchomp|76\/100\n|\n|upkeep\n|turn|33\n|\n|t:|1700592410\n|move|p2a: Garchomp|Swords Dance|p2a: Garchomp\n|-boost|p2a: Garchomp|atk|2\n|move|p1a: Alomomola|Wish|p1a: Alomomola\n|\n|upkeep\n|turn|34\n|\n|t:|1700592417\n|move|p2a: Garchomp|Swords Dance|p2a: Garchomp\n|-boost|p2a: Garchomp|atk|2\n|move|p1a: Alomomola|Flip Turn|p2a: Garchomp\n|-activate|p2a: Garchomp|move: Substitute|[damage]\n|\n|t:|1700592421\n|switch|p1a: Dragapult|Dragapult, F|32\/100|[from] Flip Turn\n|\n|-heal|p1a: Dragapult|100\/100|[from] move: Wish|[wisher] Alomomola\n|upkeep\n|turn|35\n|\n|t:|1700592426\n|move|p1a: Dragapult|U-turn|p2a: Garchomp\n|-crit|p2a: Garchomp\n|-end|p2a: Garchomp|Substitute\n|\n|t:|1700592428\n|switch|p1a: Alomomola|Alomomola, F|100\/100|[from] U-turn\n|move|p2a: Garchomp|Scale Shot|p1a: Alomomola\n|-damage|p1a: Alomomola|77\/100\n|-damage|p1a: Alomomola|53\/100\n|-damage|p1a: Alomomola|30\/100\n|-damage|p1a: Alomomola|5\/100\n|-damage|p1a: Alomomola|0 fnt\n|faint|p1a: Alomomola\n|-hitcount|p1: Alomomola|5\n|-unboost|p2a: Garchomp|def|1\n|-boost|p2a: Garchomp|spe|1\n|\n|upkeep\n|-message|Iron stu forfeited.\n|\n|win|Grotn2\n|raw|Iron stu's rating: 1555 &rarr; <strong>1531<\/strong><br \/>(-24 for losing)\n|raw|Grotn2's rating: 1490 &rarr; <strong>1514<\/strong><br \/>(+24 for winning)\n|l|\u2606Iron stu\n","uploadtime":1700592441,"views":5,"p1id":"ironstu","p2id":"grotn2","formatid":"gen9ou","rating":1514,"private":0,"password":""}