{"id":"gen9ou-1993610696","p1":"fregene97","p2":"Proteinman11","format":"[Gen 9] OU","log":"|j|\u2606fregene97\n|j|\u2606Proteinman11\n|t:|1700337259\n|gametype|singles\n|player|p1|fregene97|harlequin|1170\n|player|p2|Proteinman11|hiker-gen4|1185\n|teamsize|p1|6\n|teamsize|p2|6\n|gen|9\n|tier|[Gen 9] OU\n|rated|\n|rule|Sleep Clause Mod: Limit one foe put to sleep\n|rule|Species Clause: Limit one of each Pok\u00e9mon\n|rule|OHKO Clause: OHKO moves are banned\n|rule|Evasion Items Clause: Evasion items are banned\n|rule|Evasion Moves Clause: Evasion moves are banned\n|rule|Endless Battle Clause: Forcing endless battles is banned\n|rule|HP Percentage Mod: HP is shown in percentages\n|clearpoke\n|poke|p1|Samurott-Hisui, F|\n|poke|p1|Kingambit, M|\n|poke|p1|Great Tusk|\n|poke|p1|Sneasler, M|\n|poke|p1|Zapdos|\n|poke|p1|Gholdengo|\n|poke|p2|Dondozo, M|\n|poke|p2|Enamorus, F|\n|poke|p2|Ninetales-Alola, M|\n|poke|p2|Dragonite, M|\n|poke|p2|Kingambit, M|\n|poke|p2|Cinderace, F|\n|teampreview\n|inactive|Battle timer is ON: inactive players will automatically lose when time's up. (requested by Proteinman11)\n|\n|t:|1700337273\n|start\n|switch|p1a: 632146P|Kingambit, M|100\/100\n|switch|p2a: Donald Trump|Ninetales-Alola, M|100\/100\n|-weather|Snow|[from] ability: Snow Warning|[of] p2a: Donald Trump\n|turn|1\n|\n|t:|1700337280\n|move|p2a: Donald Trump|Aurora Veil|p2a: Donald Trump\n|-sidestart|p2: Proteinman11|move: Aurora Veil\n|move|p1a: 632146P|Swords Dance|p1a: 632146P\n|-boost|p1a: 632146P|atk|2\n|\n|-weather|Snow|[upkeep]\n|upkeep\n|turn|2\n|\n|t:|1700337291\n|move|p2a: Donald Trump|Encore|p1a: 632146P\n|-start|p1a: 632146P|Encore\n|move|p1a: 632146P|Swords Dance|p1a: 632146P\n|-boost|p1a: 632146P|atk|2\n|\n|-weather|Snow|[upkeep]\n|upkeep\n|turn|3\n|\n|t:|1700337298\n|switch|p2a: Michael|Dragonite, M|100\/100\n|move|p1a: 632146P|Swords Dance|p1a: 632146P\n|-boost|p1a: 632146P|atk|2\n|\n|-weather|Snow|[upkeep]\n|upkeep\n|turn|4\n|\n|t:|1700337303\n|-terastallize|p1a: 632146P|Fairy\n|move|p2a: Michael|Dragon Dance|p2a: Michael\n|-boost|p2a: Michael|atk|1\n|-boost|p2a: Michael|spe|1\n|move|p1a: 632146P|Swords Dance|p1a: 632146P\n|-boost|p1a: 632146P|atk|0\n|\n|-weather|Snow|[upkeep]\n|-end|p1a: 632146P|Encore\n|upkeep\n|turn|5\n|\n|t:|1700337317\n|move|p1a: 632146P|Sucker Punch|p2a: Michael\n|-damage|p2a: Michael|61\/100\n|move|p2a: Michael|Earthquake|p1a: 632146P\n|-damage|p1a: 632146P|62\/100\n|\n|-weather|none\n|upkeep\n|turn|6\n|\n|t:|1700337324\n|move|p2a: Michael|Extreme Speed|p1a: 632146P\n|-damage|p1a: 632146P|30\/100\n|move|p1a: 632146P|Kowtow Cleave|p2a: Michael\n|-damage|p2a: Michael|0 fnt\n|faint|p2a: Michael\n|\n|upkeep\n|\n|t:|1700337338\n|switch|p2a: Ricky|Dondozo, M|100\/100\n|turn|7\n|\n|t:|1700337342\n|move|p1a: 632146P|Kowtow Cleave|p2a: Ricky\n|-damage|p2a: Ricky|87\/100\n|move|p2a: Ricky|Curse|p2a: Ricky\n|-unboost|p2a: Ricky|spe|1\n|-boost|p2a: Ricky|atk|1\n|-boost|p2a: Ricky|def|1\n|\n|upkeep\n|turn|8\n|\n|t:|1700337350\n|move|p1a: 632146P|Low Kick|p2a: Ricky\n|-damage|p2a: Ricky|77\/100\n|move|p2a: Ricky|Curse|p2a: Ricky\n|-unboost|p2a: Ricky|spe|1\n|-boost|p2a: Ricky|atk|1\n|-boost|p2a: Ricky|def|1\n|\n|-sideend|p2: Proteinman11|move: Aurora Veil\n|upkeep\n|turn|9\n|\n|t:|1700337355\n|move|p1a: 632146P|Sucker Punch||[still]\n|-fail|p1a: 632146P\n|move|p2a: Ricky|Curse|p2a: Ricky\n|-unboost|p2a: Ricky|spe|1\n|-boost|p2a: Ricky|atk|1\n|-boost|p2a: Ricky|def|1\n|\n|upkeep\n|turn|10\n|\n|t:|1700337360\n|-end|p1a: 632146P|fallenundefined|[silent]\n|switch|p1a: poggers in chat|Zapdos|100\/100\n|move|p2a: Ricky|Curse|p2a: Ricky\n|-unboost|p2a: Ricky|spe|1\n|-boost|p2a: Ricky|atk|1\n|-boost|p2a: Ricky|def|1\n|\n|upkeep\n|turn|11\n|\n|t:|1700337367\n|-terastallize|p2a: Ricky|Dragon\n|move|p1a: poggers in chat|Discharge|p2a: Ricky\n|-resisted|p2a: Ricky\n|-damage|p2a: Ricky|56\/100\n|move|p2a: Ricky|Wave Crash|p1a: poggers in chat\n|-damage|p1a: poggers in chat|0 fnt\n|faint|p1a: poggers in chat\n|-damage|p2a: Ricky|35\/100|[from] Recoil\n|\n|upkeep\n|\n|t:|1700337376\n|switch|p1a: win condition|Sneasler, M|100\/100\n|turn|12\n|\n|t:|1700337381\n|move|p1a: win condition|Acrobatics|p2a: Ricky\n|-damage|p2a: Ricky|31\/100\n|move|p2a: Ricky|Rest|p2a: Ricky\n|-status|p2a: Ricky|slp|[from] move: Rest\n|-heal|p2a: Ricky|100\/100 slp|[silent]\n|-enditem|p2a: Ricky|Chesto Berry|[eat]\n|-curestatus|p2a: Ricky|slp|[msg]\n|\n|upkeep\n|turn|13\n|\n|t:|1700337385\n|move|p1a: win condition|Swords Dance|p1a: win condition\n|-boost|p1a: win condition|atk|2\n|move|p2a: Ricky|Wave Crash|p1a: win condition\n|-damage|p1a: win condition|0 fnt\n|faint|p1a: win condition\n|-damage|p2a: Ricky|81\/100|[from] Recoil\n|\n|upkeep\n|\n|t:|1700337389\n|switch|p1a: the carry|Gholdengo|100\/100\n|turn|14\n|\n|t:|1700337395\n|move|p1a: the carry|Thunder Wave|p2a: Ricky\n|-status|p2a: Ricky|par\n|move|p2a: Ricky|Wave Crash|p1a: the carry\n|-damage|p1a: the carry|0 fnt\n|faint|p1a: the carry\n|-damage|p2a: Ricky|56\/100 par|[from] Recoil\n|\n|upkeep\n|\n|t:|1700337400\n|switch|p1a: When the spikes go|Samurott-Hisui, F|100\/100\n|turn|15\n|\n|t:|1700337406\n|move|p1a: When the spikes go|Razor Shell|p2a: Ricky\n|-resisted|p2a: Ricky\n|-damage|p2a: Ricky|51\/100 par\n|move|p2a: Ricky|Yawn|p1a: When the spikes go\n|-start|p1a: When the spikes go|move: Yawn|[of] p2a: Ricky\n|\n|upkeep\n|turn|16\n|\n|t:|1700337412\n|move|p1a: When the spikes go|Ceaseless Edge|p2a: Ricky\n|-damage|p2a: Ricky|43\/100 par\n|-sidestart|p2: Proteinman11|Spikes\n|cant|p2a: Ricky|par\n|\n|-end|p1a: When the spikes go|move: Yawn|[silent]\n|-status|p1a: When the spikes go|slp\n|upkeep\n|turn|17\n|\n|t:|1700337416\n|cant|p1a: When the spikes go|slp\n|move|p2a: Ricky|Rest|p2a: Ricky\n|-status|p2a: Ricky|slp|[from] move: Rest\n|-heal|p2a: Ricky|100\/100 slp|[silent]\n|\n|upkeep\n|turn|18\n|\n|t:|1700337420\n|switch|p1a: Mediocre Fangs|Great Tusk|100\/100\n|cant|p2a: Ricky|slp\n|\n|upkeep\n|turn|19\n|\n|t:|1700337425\n|move|p1a: Mediocre Fangs|Ice Spinner|p2a: Ricky\n|-supereffective|p2a: Ricky\n|-damage|p2a: Ricky|90\/100 slp\n|cant|p2a: Ricky|slp\n|\n|upkeep\n|turn|20\n|\n|t:|1700337428\n|move|p1a: Mediocre Fangs|Earthquake|p2a: Ricky\n|-damage|p2a: Ricky|81\/100 slp\n|-curestatus|p2a: Ricky|slp|[msg]\n|move|p2a: Ricky|Wave Crash|p1a: Mediocre Fangs\n|-supereffective|p1a: Mediocre Fangs\n|-damage|p1a: Mediocre Fangs|0 fnt\n|faint|p1a: Mediocre Fangs\n|-end|p1a: Mediocre Fangs|Protosynthesis|[silent]\n|-damage|p2a: Ricky|52\/100|[from] Recoil\n|\n|upkeep\n|-message|fregene97 forfeited.\n|\n|win|Proteinman11\n|raw|fregene97's rating: 1170 &rarr; <strong>1146<\/strong><br \/>(-24 for losing)\n|raw|Proteinman11's rating: 1185 &rarr; <strong>1209<\/strong><br \/>(+24 for winning)\n|l|\u2606fregene97\n","uploadtime":1700337441,"views":9,"p1id":"fregene97","p2id":"proteinman11","formatid":"gen9ou","rating":1146,"private":0,"password":""}