{"id":"gen9ou-1999802853","p1":"derl","p2":"Prav33n","format":"[Gen 9] OU","log":"|j|\u2606derl\n|j|\u2606Prav33n\n|t:|1701118091\n|gametype|singles\n|player|p1|derl|101|1684\n|player|p2|Prav33n|swimmer-gen4|1688\n|teamsize|p1|6\n|teamsize|p2|6\n|gen|9\n|tier|[Gen 9] OU\n|rated|\n|rule|Sleep Clause Mod: Limit one foe put to sleep\n|rule|Species Clause: Limit one of each Pok\u00e9mon\n|rule|OHKO Clause: OHKO moves are banned\n|rule|Evasion Items Clause: Evasion items are banned\n|rule|Evasion Moves Clause: Evasion moves are banned\n|rule|Endless Battle Clause: Forcing endless battles is banned\n|rule|HP Percentage Mod: HP is shown in percentages\n|clearpoke\n|poke|p1|Rillaboom, F|\n|poke|p1|Cinderace, M|\n|poke|p1|Kingambit, F|\n|poke|p1|Slowking-Galar, M|\n|poke|p1|Ceruledge, F|\n|poke|p1|Thundurus-Therian, M|\n|poke|p2|Cinderace, F|\n|poke|p2|Landorus-Therian, M|\n|poke|p2|Weavile, M|\n|poke|p2|Great Tusk|\n|poke|p2|Gholdengo|\n|poke|p2|Walking Wake|\n|teampreview\n|j| Bnak2\n|inactive|Battle timer is ON: inactive players will automatically lose when time's up. (requested by Prav33n)\n|\n|t:|1701118117\n|start\n|switch|p1a: Cinderace|Cinderace, M|100\/100\n|switch|p2a: Weavile|Weavile, M|100\/100\n|turn|1\n|j| deneme12\n|j| Jan7498\n|inactive|derl has 120 seconds left.\n|\n|t:|1701118153\n|switch|p2a: Cinderace|Cinderace, F|100\/100\n|move|p1a: Cinderace|Sucker Punch||[still]\n|-fail|p1a: Cinderace\n|\n|upkeep\n|turn|2\n|inactive|derl has 120 seconds left.\n|\n|t:|1701118164\n|move|p2a: Cinderace|Pyro Ball|p1a: Cinderace\n|-resisted|p1a: Cinderace\n|-damage|p1a: Cinderace|64\/100\n|move|p1a: Cinderace|Pyro Ball|p2a: Cinderace\n|-resisted|p2a: Cinderace\n|-damage|p2a: Cinderace|51\/100\n|\n|upkeep\n|turn|3\n|inactive|derl has 120 seconds left.\n|\n|t:|1701118174\n|move|p2a: Cinderace|U-turn|p1a: Cinderace\n|-start|p2a: Cinderace|typechange|Bug|[from] ability: Libero\n|-resisted|p1a: Cinderace\n|-damage|p1a: Cinderace|44\/100\n|\n|t:|1701118178\n|switch|p2a: Landorus|Landorus-Therian, M|100\/100|[from] U-turn\n|-ability|p2a: Landorus|Intimidate|boost\n|-unboost|p1a: Cinderace|atk|1\n|move|p1a: Cinderace|Pyro Ball|p2a: Landorus\n|-damage|p2a: Landorus|71\/100\n|\n|upkeep\n|turn|4\n|\n|t:|1701118186\n|switch|p2a: Cinderace|Cinderace, F|51\/100\n|move|p1a: Cinderace|Will-O-Wisp|p2a: Cinderace\n|-immune|p2a: Cinderace\n|\n|upkeep\n|turn|5\n|\n|t:|1701118198\n|switch|p1a: Slowking|Slowking-Galar, M|100\/100\n|move|p2a: Cinderace|U-turn|p1a: Slowking\n|-start|p2a: Cinderace|typechange|Bug|[from] ability: Libero\n|-damage|p1a: Slowking|74\/100\n|\n|t:|1701118207\n|switch|p2a: Great Tusk|Great Tusk|100\/100|[from] U-turn\n|\n|upkeep\n|turn|6\n|\n|t:|1701118213\n|move|p2a: Great Tusk|Knock Off|p1a: Slowking\n|-supereffective|p1a: Slowking\n|-enditem|p1a: Slowking|Colbur Berry|[eat]\n|-enditem|p1a: Slowking|Colbur Berry|[weaken]\n|-damage|p1a: Slowking|48\/100\n|move|p1a: Slowking|Chilly Reception|p1a: Slowking\n|-weather|Snow\n|l| Jan7498\n|\n|t:|1701118234\n|switch|p1a: Thundurus|Thundurus-Therian, M|100\/100|[from] Chilly Reception\n|\n|-weather|Snow|[upkeep]\n|upkeep\n|turn|7\n|\n|t:|1701118243\n|-end|p2a: Great Tusk|Protosynthesis|[silent]\n|switch|p2a: Gholdengo|Gholdengo|100\/100\n|-item|p2a: Gholdengo|Air Balloon\n|move|p1a: Thundurus|Weather Ball|p2a: Gholdengo\n|-resisted|p2a: Gholdengo\n|-damage|p2a: Gholdengo|76\/100\n|-enditem|p2a: Gholdengo|Air Balloon\n|\n|-weather|Snow|[upkeep]\n|upkeep\n|turn|8\n|\n|t:|1701118255\n|switch|p1a: Kingambit|Kingambit, F|100\/100\n|switch|p2a: Great Tusk|Great Tusk|100\/100\n|\n|-weather|Snow|[upkeep]\n|upkeep\n|turn|9\n|\n|t:|1701118279\n|-terastallize|p1a: Kingambit|Fairy\n|move|p2a: Great Tusk|Close Combat|p1a: Kingambit\n|-resisted|p1a: Kingambit\n|-damage|p1a: Kingambit|77\/100\n|-unboost|p2a: Great Tusk|def|1\n|-unboost|p2a: Great Tusk|spd|1\n|-enditem|p2a: Great Tusk|Eject Pack\n|\n|t:|1701118284\n|-end|p2a: Great Tusk|Protosynthesis|[silent]\n|switch|p2a: Landorus|Landorus-Therian, M|71\/100\n|-ability|p2a: Landorus|Intimidate|boost\n|-unboost|p1a: Kingambit|atk|1\n|move|p1a: Kingambit|Tera Blast|p2a: Landorus|[anim] Tera Blast Fairy\n|-crit|p2a: Landorus\n|-damage|p2a: Landorus|24\/100\n|\n|-weather|Snow|[upkeep]\n|upkeep\n|turn|10\n|inactive|derl has 120 seconds left.\n|\n|t:|1701118321\n|-end|p1a: Kingambit|fallenundefined|[silent]\n|switch|p1a: Ceruledge|Ceruledge, F|100\/100\n|move|p2a: Landorus|Stealth Rock|p1a: Ceruledge\n|-sidestart|p1: derl|move: Stealth Rock\n|\n|-weather|none\n|upkeep\n|turn|11\n|\n|t:|1701118330\n|move|p1a: Ceruledge|Swords Dance|p1a: Ceruledge\n|-boost|p1a: Ceruledge|atk|2\n|move|p2a: Landorus|Grass Knot|p1a: Ceruledge\n|-resisted|p1a: Ceruledge\n|-damage|p1a: Ceruledge|90\/100\n|\n|upkeep\n|turn|12\n|inactive|derl has 120 seconds left.\n|\n|t:|1701118343\n|move|p1a: Ceruledge|Bitter Blade|p2a: Landorus\n|-damage|p2a: Landorus|0 fnt\n|-heal|p1a: Ceruledge|100\/100|[from] drain|[of] p2a: Landorus\n|-damage|p1a: Ceruledge|84\/100|[from] item: Rocky Helmet|[of] p2a: Landorus\n|faint|p2a: Landorus\n|\n|upkeep\n|\n|t:|1701118368\n|switch|p2a: Weavile|Weavile, M|100\/100\n|turn|13\n|inactive|derl has 120 seconds left.\n|\n|t:|1701118386\n|switch|p1a: Kingambit|Kingambit, F, tera:Fairy|77\/100\n|-damage|p1a: Kingambit|65\/100|[from] Stealth Rock\n|move|p2a: Weavile|Knock Off|p1a: Kingambit\n|-resisted|p1a: Kingambit\n|-damage|p1a: Kingambit|35\/100\n|-enditem|p1a: Kingambit|Assault Vest|[from] move: Knock Off|[of] p2a: Weavile\n|\n|upkeep\n|turn|14\n|inactive|derl has 120 seconds left.\n|\n|t:|1701118399\n|switch|p2a: Cinderace|Cinderace, F|51\/100\n|-end|p1a: Kingambit|fallenundefined|[silent]\n|switch|p1a: Cinderace|Cinderace, M|44\/100\n|\n|upkeep\n|turn|15\n|inactive|derl has 120 seconds left.\n|\n|t:|1701118410\n|move|p2a: Cinderace|Pyro Ball|p1a: Cinderace\n|-resisted|p1a: Cinderace\n|-damage|p1a: Cinderace|12\/100\n|move|p1a: Cinderace|Court Change|p1a: Cinderace\n|-start|p1a: Cinderace|typechange|Normal|[from] ability: Libero\n|-swapsideconditions\n|-activate|p1a: Cinderace|move: Court Change\n|\n|upkeep\n|turn|16\n|\n|t:|1701118423\n|move|p2a: Cinderace|Court Change|p2a: Cinderace\n|-start|p2a: Cinderace|typechange|Normal|[from] ability: Libero\n|-swapsideconditions\n|-activate|p2a: Cinderace|move: Court Change\n|move|p1a: Cinderace|Pyro Ball|p2a: Cinderace\n|-damage|p2a: Cinderace|0 fnt\n|faint|p2a: Cinderace\n|\n|upkeep\n|\n|t:|1701118427\n|switch|p2a: Weavile|Weavile, M|100\/100\n|turn|17\n|\n|t:|1701118447\n|switch|p1a: Ceruledge|Ceruledge, F|84\/100\n|-damage|p1a: Ceruledge|59\/100|[from] Stealth Rock\n|move|p2a: Weavile|Icicle Crash|p1a: Ceruledge\n|-resisted|p1a: Ceruledge\n|-damage|p1a: Ceruledge|14\/100\n|-ability|p1a: Ceruledge|Weak Armor|boost\n|-unboost|p1a: Ceruledge|def|1\n|-boost|p1a: Ceruledge|spe|2\n|\n|upkeep\n|turn|18\n|\n|t:|1701118462\n|switch|p2a: Walking Wake|Walking Wake|100\/100\n|-enditem|p2a: Walking Wake|Booster Energy\n|-activate|p2a: Walking Wake|ability: Protosynthesis|[fromitem]\n|-start|p2a: Walking Wake|protosynthesisspa\n|move|p1a: Ceruledge|Bitter Blade|p2a: Walking Wake\n|-resisted|p2a: Walking Wake\n|-damage|p2a: Walking Wake|86\/100\n|-heal|p1a: Ceruledge|22\/100|[from] drain|[of] p2a: Walking Wake\n|\n|upkeep\n|turn|19\n|\n|t:|1701118476\n|move|p1a: Ceruledge|Close Combat|p2a: Walking Wake\n|-damage|p2a: Walking Wake|34\/100\n|-unboost|p1a: Ceruledge|def|1\n|-unboost|p1a: Ceruledge|spd|1\n|move|p2a: Walking Wake|Agility|p2a: Walking Wake\n|-boost|p2a: Walking Wake|spe|2\n|\n|upkeep\n|turn|20\n|\n|t:|1701118482\n|move|p2a: Walking Wake|Surf|p1a: Ceruledge\n|-supereffective|p1a: Ceruledge\n|-damage|p1a: Ceruledge|0 fnt\n|faint|p1a: Ceruledge\n|\n|upkeep\n|\n|t:|1701118501\n|switch|p1a: Rillaboom|Rillaboom, F|100\/100\n|-damage|p1a: Rillaboom|88\/100|[from] Stealth Rock\n|-fieldstart|move: Grassy Terrain|[from] ability: Grassy Surge|[of] p1a: Rillaboom\n|turn|21\n|\n|t:|1701118517\n|move|p1a: Rillaboom|Grassy Glide|p2a: Walking Wake\n|-damage|p2a: Walking Wake|0 fnt\n|faint|p2a: Walking Wake\n|-end|p2a: Walking Wake|Protosynthesis|[silent]\n|\n|-heal|p1a: Rillaboom|94\/100|[from] Grassy Terrain\n|upkeep\n|\n|t:|1701118520\n|switch|p2a: Gholdengo|Gholdengo|76\/100\n|turn|22\n|\n|t:|1701118531\n|switch|p1a: Slowking|Slowking-Galar, M|81\/100\n|-damage|p1a: Slowking|69\/100|[from] Stealth Rock\n|move|p2a: Gholdengo|Nasty Plot|p2a: Gholdengo\n|-boost|p2a: Gholdengo|spa|2\n|\n|-heal|p2a: Gholdengo|82\/100|[from] Grassy Terrain\n|-heal|p1a: Slowking|75\/100|[from] Grassy Terrain\n|upkeep\n|turn|23\n|\n|t:|1701118538\n|move|p2a: Gholdengo|Shadow Ball|p1a: Slowking\n|-supereffective|p1a: Slowking\n|-crit|p1a: Slowking\n|-damage|p1a: Slowking|0 fnt\n|faint|p1a: Slowking\n|\n|-heal|p2a: Gholdengo|88\/100|[from] Grassy Terrain\n|upkeep\n|\n|t:|1701118548\n|switch|p1a: Cinderace|Cinderace, M|12\/100\n|turn|24\n|\n|t:|1701118556\n|switch|p2a: Great Tusk|Great Tusk|100\/100\n|move|p1a: Cinderace|Pyro Ball|p2a: Great Tusk|[miss]\n|-miss|p1a: Cinderace|p2a: Great Tusk\n|\n|-heal|p1a: Cinderace|18\/100|[from] Grassy Terrain\n|upkeep\n|turn|25\n|\n|t:|1701118565\n|move|p1a: Cinderace|Will-O-Wisp|p2a: Great Tusk\n|-status|p2a: Great Tusk|brn\n|move|p2a: Great Tusk|Rapid Spin|p1a: Cinderace\n|-damage|p1a: Cinderace|7\/100\n|-boost|p2a: Great Tusk|spe|1\n|\n|-heal|p1a: Cinderace|13\/100|[from] Grassy Terrain\n|-damage|p2a: Great Tusk|94\/100 brn|[from] brn\n|-fieldend|move: Grassy Terrain\n|upkeep\n|turn|26\n|\n|t:|1701118576\n|move|p2a: Great Tusk|Knock Off|p1a: Cinderace\n|-damage|p1a: Cinderace|0 fnt\n|-enditem|p1a: Cinderace|Heavy-Duty Boots|[from] move: Knock Off|[of] p2a: Great Tusk\n|faint|p1a: Cinderace\n|\n|-damage|p2a: Great Tusk|88\/100 brn|[from] brn\n|upkeep\n|\n|t:|1701118584\n|switch|p1a: Rillaboom|Rillaboom, F|94\/100\n|-damage|p1a: Rillaboom|82\/100|[from] Stealth Rock\n|-fieldstart|move: Grassy Terrain|[from] ability: Grassy Surge|[of] p1a: Rillaboom\n|turn|27\n|\n|t:|1701118599\n|move|p2a: Great Tusk|Close Combat|p1a: Rillaboom\n|-damage|p1a: Rillaboom|47\/100\n|-unboost|p2a: Great Tusk|def|1\n|-unboost|p2a: Great Tusk|spd|1\n|move|p1a: Rillaboom|Wood Hammer|p2a: Great Tusk\n|-supereffective|p2a: Great Tusk\n|-damage|p2a: Great Tusk|0 fnt\n|faint|p2a: Great Tusk\n|-end|p2a: Great Tusk|Protosynthesis|[silent]\n|-damage|p1a: Rillaboom|15\/100|[from] Recoil\n|\n|-heal|p1a: Rillaboom|22\/100|[from] Grassy Terrain\n|upkeep\n|\n|t:|1701118604\n|switch|p2a: Weavile|Weavile, M|100\/100\n|turn|28\n|\n|t:|1701118621\n|switch|p1a: Kingambit|Kingambit, F, tera:Fairy|35\/100\n|-damage|p1a: Kingambit|23\/100|[from] Stealth Rock\n|-activate|p1a: Kingambit|ability: Supreme Overlord\n|-start|p1a: Kingambit|fallen3|[silent]\n|move|p2a: Weavile|Ice Shard|p1a: Kingambit\n|-damage|p1a: Kingambit|0 fnt\n|faint|p1a: Kingambit\n|-end|p1a: Kingambit|fallen3|[silent]\n|\n|upkeep\n|\n|t:|1701118630\n|switch|p1a: Thundurus|Thundurus-Therian, M|100\/100\n|-damage|p1a: Thundurus|76\/100|[from] Stealth Rock\n|turn|29\n|\n|t:|1701118639\n|-terastallize|p2a: Weavile|Ice\n|move|p2a: Weavile|Ice Shard|p1a: Thundurus\n|-supereffective|p1a: Thundurus\n|-damage|p1a: Thundurus|0 fnt\n|faint|p1a: Thundurus\n|\n|upkeep\n|\n|t:|1701118643\n|switch|p1a: Rillaboom|Rillaboom, F|22\/100\n|-damage|p1a: Rillaboom|9\/100|[from] Stealth Rock\n|turn|30\n|\n|t:|1701118646\n|move|p2a: Weavile|Ice Shard|p1a: Rillaboom\n|-supereffective|p1a: Rillaboom\n|-damage|p1a: Rillaboom|0 fnt\n|faint|p1a: Rillaboom\n|\n|win|Prav33n\n|raw|derl's rating: 1684 &rarr; <strong>1664<\/strong><br \/>(-20 for losing)\n|raw|Prav33n's rating: 1688 &rarr; <strong>1708<\/strong><br \/>(+20 for winning)\n|l|\u2606derl\n|c|\u2606Prav33n|Gg\n|l| deneme12\n|l| Bnak2\n","uploadtime":1701118657,"views":3,"p1id":"derl","p2id":"prav33n","formatid":"gen9ou","rating":1664,"private":0,"password":""}