{"id":"gen9ou-1991817294","p1":"soccersniper","p2":"KeeganBartends","format":"[Gen 9] OU","log":"|j|\u2606soccersniper\n|j|\u2606KeeganBartends\n|t:|1700122746\n|gametype|singles\n|player|p1|soccersniper|wally|1372\n|player|p2|KeeganBartends|265|1386\n|teamsize|p1|6\n|teamsize|p2|6\n|gen|9\n|tier|[Gen 9] OU\n|rated|\n|rule|Sleep Clause Mod: Limit one foe put to sleep\n|rule|Species Clause: Limit one of each Pok\u00e9mon\n|rule|OHKO Clause: OHKO moves are banned\n|rule|Evasion Items Clause: Evasion items are banned\n|rule|Evasion Moves Clause: Evasion moves are banned\n|rule|Endless Battle Clause: Forcing endless battles is banned\n|rule|HP Percentage Mod: HP is shown in percentages\n|clearpoke\n|poke|p1|Zamazenta-*|\n|poke|p1|Rillaboom, M|\n|poke|p1|Sneasler, F|\n|poke|p1|Dragapult, M|\n|poke|p1|Thundurus, M|\n|poke|p1|Great Tusk|\n|poke|p2|Manaphy|\n|poke|p2|Kingambit, F|\n|poke|p2|Ribombee, F|\n|poke|p2|Gholdengo|\n|poke|p2|Iron Moth|\n|poke|p2|Ogerpon-Wellspring, F|\n|teampreview\n|inactive|Battle timer is ON: inactive players will automatically lose when time's up. (requested by KeeganBartends)\n|inactiveoff|Battle timer is now OFF.\n|\n|t:|1700122762\n|start\n|switch|p1a: Rillaboom|Rillaboom, M|100\/100\n|switch|p2a: wildfiree|Ribombee, F, shiny|100\/100\n|-fieldstart|move: Grassy Terrain|[from] ability: Grassy Surge|[of] p1a: Rillaboom\n|turn|1\n|\n|t:|1700122767\n|move|p1a: Rillaboom|Grassy Glide|p2a: wildfiree\n|-resisted|p2a: wildfiree\n|-damage|p2a: wildfiree|42\/100\n|move|p2a: wildfiree|Sticky Web|p1a: Rillaboom\n|-sidestart|p1: soccersniper|move: Sticky Web\n|\n|-heal|p2a: wildfiree|48\/100|[from] Grassy Terrain\n|upkeep\n|turn|2\n|inactive|Battle timer is ON: inactive players will automatically lose when time's up. (requested by soccersniper)\n|\n|t:|1700122772\n|move|p1a: Rillaboom|Grassy Glide|p2a: wildfiree\n|-resisted|p2a: wildfiree\n|-damage|p2a: wildfiree|0 fnt\n|faint|p2a: wildfiree\n|\n|upkeep\n|\n|t:|1700122777\n|switch|p2a: scarlet|Iron Moth|100\/100\n|-enditem|p2a: scarlet|Booster Energy\n|-activate|p2a: scarlet|ability: Quark Drive|[fromitem]\n|-start|p2a: scarlet|quarkdrivespe\n|turn|3\n|\n|t:|1700122802\n|switch|p1a: Zamazenta|Zamazenta|100\/100\n|-activate|p1a: Zamazenta|move: Sticky Web\n|-unboost|p1a: Zamazenta|spe|1\n|-ability|p1a: Zamazenta|Dauntless Shield|boost\n|-boost|p1a: Zamazenta|def|1\n|move|p2a: scarlet|Dazzling Gleam|p1a: Zamazenta\n|-supereffective|p1a: Zamazenta\n|-damage|p1a: Zamazenta|71\/100\n|\n|-heal|p1a: Zamazenta|77\/100|[from] Grassy Terrain\n|upkeep\n|turn|4\n|\n|t:|1700122818\n|-terastallize|p1a: Zamazenta|Steel\n|move|p2a: scarlet|Dazzling Gleam|p1a: Zamazenta\n|-resisted|p1a: Zamazenta\n|-damage|p1a: Zamazenta|70\/100\n|move|p1a: Zamazenta|Stone Edge|p2a: scarlet\n|-supereffective|p2a: scarlet\n|-damage|p2a: scarlet|27\/100\n|\n|-heal|p2a: scarlet|33\/100|[from] Grassy Terrain\n|-heal|p1a: Zamazenta|76\/100|[from] Grassy Terrain\n|upkeep\n|turn|5\n|\n|t:|1700122824\n|move|p2a: scarlet|Fiery Dance|p1a: Zamazenta\n|-supereffective|p1a: Zamazenta\n|-damage|p1a: Zamazenta|30\/100\n|move|p1a: Zamazenta|Crunch|p2a: scarlet\n|-damage|p2a: scarlet|2\/100\n|\n|-heal|p2a: scarlet|8\/100|[from] Grassy Terrain\n|-heal|p1a: Zamazenta|36\/100|[from] Grassy Terrain\n|-fieldend|move: Grassy Terrain\n|upkeep\n|turn|6\n|\n|t:|1700122827\n|move|p2a: scarlet|Fiery Dance|p1a: Zamazenta\n|-supereffective|p1a: Zamazenta\n|-damage|p1a: Zamazenta|0 fnt\n|-boost|p2a: scarlet|spa|1\n|faint|p1a: Zamazenta\n|\n|upkeep\n|\n|t:|1700122832\n|switch|p1a: Rillaboom|Rillaboom, M|100\/100\n|-activate|p1a: Rillaboom|move: Sticky Web\n|-unboost|p1a: Rillaboom|spe|1\n|-fieldstart|move: Grassy Terrain|[from] ability: Grassy Surge|[of] p1a: Rillaboom\n|turn|7\n|\n|t:|1700122835\n|move|p1a: Rillaboom|Grassy Glide|p2a: scarlet\n|-resisted|p2a: scarlet\n|-damage|p2a: scarlet|0 fnt\n|faint|p2a: scarlet\n|-end|p2a: scarlet|Quark Drive|[silent]\n|\n|upkeep\n|\n|t:|1700122845\n|switch|p2a: HPDARKEAGLE|Manaphy|100\/100\n|turn|8\n|\n|t:|1700122865\n|-terastallize|p2a: HPDARKEAGLE|Poison\n|move|p1a: Rillaboom|Grassy Glide|p2a: HPDARKEAGLE\n|-resisted|p2a: HPDARKEAGLE\n|-damage|p2a: HPDARKEAGLE|72\/100\n|move|p2a: HPDARKEAGLE|Acid Armor|p2a: HPDARKEAGLE\n|-boost|p2a: HPDARKEAGLE|def|2\n|\n|-heal|p2a: HPDARKEAGLE|78\/100|[from] Grassy Terrain\n|-heal|p2a: HPDARKEAGLE|84\/100|[from] item: Leftovers\n|upkeep\n|turn|9\n|\n|t:|1700122869\n|switch|p1a: Thundurus|Thundurus, M|100\/100\n|move|p2a: HPDARKEAGLE|Take Heart|p2a: HPDARKEAGLE\n|-boost|p2a: HPDARKEAGLE|spa|1\n|-boost|p2a: HPDARKEAGLE|spd|1\n|\n|-heal|p2a: HPDARKEAGLE|90\/100|[from] Grassy Terrain\n|-heal|p2a: HPDARKEAGLE|96\/100|[from] item: Leftovers\n|upkeep\n|turn|10\n|\n|t:|1700122879\n|move|p1a: Thundurus|Psychic|p2a: HPDARKEAGLE\n|-supereffective|p2a: HPDARKEAGLE\n|-damage|p2a: HPDARKEAGLE|48\/100\n|-damage|p1a: Thundurus|91\/100|[from] item: Life Orb\n|move|p2a: HPDARKEAGLE|Take Heart|p2a: HPDARKEAGLE\n|-boost|p2a: HPDARKEAGLE|spa|1\n|-boost|p2a: HPDARKEAGLE|spd|1\n|\n|-heal|p2a: HPDARKEAGLE|54\/100|[from] Grassy Terrain\n|-heal|p2a: HPDARKEAGLE|61\/100|[from] item: Leftovers\n|upkeep\n|turn|11\n|\n|t:|1700122882\n|move|p1a: Thundurus|Psychic|p2a: HPDARKEAGLE\n|-supereffective|p2a: HPDARKEAGLE\n|-damage|p2a: HPDARKEAGLE|23\/100\n|-damage|p1a: Thundurus|81\/100|[from] item: Life Orb\n|move|p2a: HPDARKEAGLE|Scald|p1a: Thundurus\n|-damage|p1a: Thundurus|0 fnt\n|faint|p1a: Thundurus\n|\n|-heal|p2a: HPDARKEAGLE|29\/100|[from] Grassy Terrain\n|-heal|p2a: HPDARKEAGLE|35\/100|[from] item: Leftovers\n|-fieldend|move: Grassy Terrain\n|upkeep\n|\n|t:|1700122906\n|switch|p1a: Dragapult|Dragapult, M|100\/100\n|-activate|p1a: Dragapult|move: Sticky Web\n|-unboost|p1a: Dragapult|spe|1\n|turn|12\n|\n|t:|1700122911\n|move|p1a: Dragapult|Draco Meteor|p2a: HPDARKEAGLE\n|-damage|p2a: HPDARKEAGLE|0 fnt\n|-unboost|p1a: Dragapult|spa|2\n|faint|p2a: HPDARKEAGLE\n|\n|upkeep\n|\n|t:|1700122915\n|switch|p2a: awyp|Kingambit, F|100\/100\n|-activate|p2a: awyp|ability: Supreme Overlord\n|-start|p2a: awyp|fallen3|[silent]\n|turn|13\n|\n|t:|1700122920\n|switch|p1a: Great Tusk|Great Tusk|100\/100\n|-activate|p1a: Great Tusk|move: Sticky Web\n|-unboost|p1a: Great Tusk|spe|1\n|-end|p2a: awyp|fallen3|[silent]\n|switch|p2a: wessin|Gholdengo|100\/100\n|-item|p2a: wessin|Air Balloon\n|\n|upkeep\n|turn|14\n|\n|t:|1700122939\n|-end|p1a: Great Tusk|Protosynthesis|[silent]\n|switch|p1a: Rillaboom|Rillaboom, M|100\/100\n|-activate|p1a: Rillaboom|move: Sticky Web\n|-unboost|p1a: Rillaboom|spe|1\n|-fieldstart|move: Grassy Terrain|[from] ability: Grassy Surge|[of] p1a: Rillaboom\n|move|p2a: wessin|Nasty Plot|p2a: wessin\n|-boost|p2a: wessin|spa|2\n|\n|upkeep\n|turn|15\n|\n|t:|1700122942\n|move|p2a: wessin|Shadow Ball|p1a: Rillaboom\n|-damage|p1a: Rillaboom|0 fnt\n|faint|p1a: Rillaboom\n|\n|upkeep\n|\n|t:|1700122954\n|switch|p1a: Dragapult|Dragapult, M|100\/100\n|-activate|p1a: Dragapult|move: Sticky Web\n|-unboost|p1a: Dragapult|spe|1\n|turn|16\n|\n|t:|1700122962\n|move|p1a: Dragapult|Shadow Ball|p2a: wessin\n|-supereffective|p2a: wessin\n|-damage|p2a: wessin|0 fnt\n|-enditem|p2a: wessin|Air Balloon\n|faint|p2a: wessin\n|\n|upkeep\n|\n|t:|1700122965\n|switch|p2a: awyp|Kingambit, F|100\/100\n|-activate|p2a: awyp|ability: Supreme Overlord\n|-start|p2a: awyp|fallen4|[silent]\n|turn|17\n|\n|t:|1700122971\n|switch|p1a: Great Tusk|Great Tusk|100\/100\n|-activate|p1a: Great Tusk|move: Sticky Web\n|-unboost|p1a: Great Tusk|spe|1\n|move|p2a: awyp|Kowtow Cleave|p1a: Great Tusk\n|-resisted|p1a: Great Tusk\n|-damage|p1a: Great Tusk|82\/100\n|-damage|p2a: awyp|84\/100|[from] item: Rocky Helmet|[of] p1a: Great Tusk\n|\n|-heal|p2a: awyp|90\/100|[from] Grassy Terrain\n|-heal|p1a: Great Tusk|88\/100|[from] Grassy Terrain\n|upkeep\n|turn|18\n|\n|t:|1700122975\n|-end|p2a: awyp|fallen4|[silent]\n|switch|p2a: faya|Ogerpon-Wellspring, F|100\/100\n|move|p1a: Great Tusk|Rapid Spin|p2a: faya\n|-damage|p2a: faya|82\/100\n|-boost|p1a: Great Tusk|spe|1\n|-sideend|p1: soccersniper|Sticky Web|[from] move: Rapid Spin|[of] p1a: Great Tusk\n|\n|-heal|p2a: faya|88\/100|[from] Grassy Terrain\n|-heal|p1a: Great Tusk|94\/100|[from] Grassy Terrain\n|-fieldend|move: Grassy Terrain\n|upkeep\n|turn|19\n|\n|t:|1700122983\n|move|p2a: faya|Ivy Cudgel|p1a: Great Tusk|[anim] Ivy Cudgel Water\n|-supereffective|p1a: Great Tusk\n|-damage|p1a: Great Tusk|37\/100\n|move|p1a: Great Tusk|Ice Spinner|p2a: faya\n|-damage|p2a: faya|57\/100\n|\n|upkeep\n|turn|20\n|\n|t:|1700122990\n|move|p2a: faya|Ivy Cudgel|p1a: Great Tusk|[anim] Ivy Cudgel Water\n|-supereffective|p1a: Great Tusk\n|-damage|p1a: Great Tusk|0 fnt\n|faint|p1a: Great Tusk\n|-end|p1a: Great Tusk|Protosynthesis|[silent]\n|\n|upkeep\n|\n|t:|1700122999\n|switch|p1a: Dragapult|Dragapult, M|100\/100\n|turn|21\n|inactive|soccersniper has 120 seconds left.\n|\n|t:|1700123050\n|switch|p2a: awyp|Kingambit, F|90\/100\n|-activate|p2a: awyp|ability: Supreme Overlord\n|-start|p2a: awyp|fallen4|[silent]\n|move|p1a: Dragapult|Draco Meteor|p2a: awyp\n|-resisted|p2a: awyp\n|-damage|p2a: awyp|43\/100\n|-unboost|p1a: Dragapult|spa|2\n|\n|upkeep\n|turn|22\n|\n|t:|1700123061\n|switch|p1a: Sneasler|Sneasler, F|100\/100\n|move|p2a: awyp|Swords Dance|p2a: awyp\n|-boost|p2a: awyp|atk|2\n|\n|upkeep\n|turn|23\n|\n|t:|1700123063\n|move|p2a: awyp|Sucker Punch|p1a: Sneasler\n|-resisted|p1a: Sneasler\n|-damage|p1a: Sneasler|0 fnt\n|faint|p1a: Sneasler\n|\n|upkeep\n|\n|t:|1700123065\n|switch|p1a: Dragapult|Dragapult, M|100\/100\n|turn|24\n|inactive|soccersniper has 120 seconds left.\n|c|\u2606KeeganBartends|Gg\n|\n|t:|1700123096\n|move|p2a: awyp|Sucker Punch|p1a: Dragapult\n|-supereffective|p1a: Dragapult\n|-damage|p1a: Dragapult|0 fnt\n|faint|p1a: Dragapult\n|\n|win|KeeganBartends\n|raw|soccersniper's rating: 1372 &rarr; <strong>1353<\/strong><br \/>(-19 for losing)\n|raw|KeeganBartends's rating: 1386 &rarr; <strong>1405<\/strong><br \/>(+19 for winning)\n|l|\u2606soccersniper\n","uploadtime":1700123108,"views":8,"p1id":"soccersniper","p2id":"keeganbartends","formatid":"gen9ou","rating":1353,"private":0,"password":""}