{"id":"gen9ou-1989179992","p1":"Test4823","p2":"Dragon Master Rosa","format":"[Gen 9] OU","log":"|j|\u2606Test4823\n|j|\u2606Dragon Master Rosa\n|t:|1699820646\n|gametype|singles\n|player|p1|Test4823|170|1250\n|player|p2|Dragon Master Rosa|dragontamer-gen9|1248\n|teamsize|p1|6\n|teamsize|p2|6\n|gen|9\n|tier|[Gen 9] OU\n|rated|\n|rule|Sleep Clause Mod: Limit one foe put to sleep\n|rule|Species Clause: Limit one of each Pok\u00e9mon\n|rule|OHKO Clause: OHKO moves are banned\n|rule|Evasion Items Clause: Evasion items are banned\n|rule|Evasion Moves Clause: Evasion moves are banned\n|rule|Endless Battle Clause: Forcing endless battles is banned\n|rule|HP Percentage Mod: HP is shown in percentages\n|clearpoke\n|poke|p1|Enamorus, F|\n|poke|p1|Toxapex, F|\n|poke|p1|Meowscarada, M|\n|poke|p1|Heatran, M|\n|poke|p1|Goodra-Hisui, M|\n|poke|p1|Landorus-Therian, M|\n|poke|p2|Zoroark-Hisui, F|\n|poke|p2|Corviknight, F|\n|poke|p2|Ogerpon-Wellspring, F|\n|poke|p2|Sandy Shocks|\n|poke|p2|Lokix, M|\n|poke|p2|Greninja-*, F|\n|teampreview\n|\n|t:|1699820663\n|start\n|switch|p1a: Meowscarada|Meowscarada, M|100\/100\n|switch|p2a: Corviknight|Corviknight, F|100\/100\n|turn|1\n|inactive|Battle timer is ON: inactive players will automatically lose when time's up. (requested by Test4823)\n|\n|t:|1699820676\n|move|p1a: Meowscarada|U-turn|p2a: Corviknight\n|-start|p1a: Meowscarada|typechange|Bug|[from] ability: Protean\n|-resisted|p2a: Corviknight\n|-damage|p2a: Corviknight|49\/100\n|replace|p2a: Zoroark|Zoroark-Hisui, F\n|-end|p2a: Zoroark|Illusion\n|\n|t:|1699820689\n|switch|p1a: Goodra|Goodra-Hisui, M|100\/100|[from] U-turn\n|move|p2a: Zoroark|Focus Blast|p1a: Goodra\n|-supereffective|p1a: Goodra\n|-damage|p1a: Goodra|48\/100\n|-unboost|p1a: Goodra|spd|1\n|\n|-heal|p1a: Goodra|54\/100|[from] item: Leftovers\n|upkeep\n|turn|2\n|\n|t:|1699820702\n|switch|p1a: Landorus|Landorus-Therian, M|100\/100\n|-ability|p1a: Landorus|Intimidate|boost\n|-unboost|p2a: Zoroark|atk|1\n|move|p2a: Zoroark|Focus Blast|p1a: Landorus|[miss]\n|-miss|p2a: Zoroark|p1a: Landorus\n|\n|upkeep\n|turn|3\n|\n|t:|1699820708\n|move|p1a: Landorus|U-turn|p2a: Zoroark\n|-resisted|p2a: Zoroark\n|-damage|p2a: Zoroark|20\/100\n|\n|t:|1699820713\n|switch|p1a: Goodra|Goodra-Hisui, M|54\/100|[from] U-turn\n|move|p2a: Zoroark|U-turn|p1a: Goodra\n|-resisted|p1a: Goodra\n|-damage|p1a: Goodra|49\/100\n|\n|t:|1699820722\n|switch|p2a: Lokix|Lokix, M|100\/100|[from] U-turn\n|\n|-heal|p1a: Goodra|55\/100|[from] item: Leftovers\n|upkeep\n|turn|4\n|\n|t:|1699820727\n|switch|p1a: Landorus|Landorus-Therian, M|100\/100\n|-ability|p1a: Landorus|Intimidate|boost\n|-unboost|p2a: Lokix|atk|1\n|move|p2a: Lokix|Knock Off|p1a: Landorus\n|-damage|p1a: Landorus|47\/100\n|-enditem|p1a: Landorus|Choice Scarf|[from] move: Knock Off|[of] p2a: Lokix\n|\n|upkeep\n|turn|5\n|\n|t:|1699820734\n|switch|p2a: Corviknight|Corviknight, F|100\/100\n|-ability|p2a: Corviknight|Pressure\n|move|p1a: Landorus|U-turn|p2a: Corviknight\n|-resisted|p2a: Corviknight\n|-damage|p2a: Corviknight|97\/100\n|-damage|p1a: Landorus|30\/100|[from] item: Rocky Helmet|[of] p2a: Corviknight\n|\n|t:|1699820739\n|switch|p1a: Heatran|Heatran, M|100\/100|[from] U-turn\n|-item|p1a: Heatran|Air Balloon\n|\n|upkeep\n|turn|6\n|\n|t:|1699820756\n|switch|p2a: Ogerpon|Ogerpon-Wellspring, F|100\/100\n|move|p1a: Heatran|Magma Storm|p2a: Ogerpon\n|-damage|p2a: Ogerpon|35\/100\n|-activate|p2a: Ogerpon|move: Magma Storm|[of] p1a: Heatran\n|\n|-damage|p2a: Ogerpon|22\/100|[from] move: Magma Storm|[partiallytrapped]\n|upkeep\n|turn|7\n|\n|t:|1699820764\n|switch|p1a: Toxapex|Toxapex, F|100\/100\n|move|p2a: Ogerpon|Ivy Cudgel|p1a: Toxapex\n|-resisted|p1a: Toxapex\n|-damage|p1a: Toxapex|76\/100\n|\n|-end|p2a: Ogerpon|Magma Storm|[partiallytrapped]|[silent]\n|upkeep\n|turn|8\n|\n|t:|1699820770\n|move|p2a: Ogerpon|U-turn|p1a: Toxapex\n|-resisted|p1a: Toxapex\n|-damage|p1a: Toxapex|65\/100\n|\n|t:|1699820773\n|switch|p2a: Corviknight|Corviknight, F|97\/100|[from] U-turn\n|-ability|p2a: Corviknight|Pressure\n|move|p1a: Toxapex|Sludge Bomb|p2a: Corviknight\n|-immune|p2a: Corviknight\n|\n|upkeep\n|turn|9\n|\n|t:|1699820776\n|move|p2a: Corviknight|U-turn|p1a: Toxapex\n|-resisted|p1a: Toxapex\n|-damage|p1a: Toxapex|60\/100\n|\n|t:|1699820782\n|switch|p2a: Ogerpon|Ogerpon-Wellspring, F|22\/100|[from] U-turn\n|move|p1a: Toxapex|Surf|p2a: Ogerpon\n|-heal|p2a: Ogerpon|47\/100|[from] ability: Water Absorb|[of] p1a: Toxapex\n|\n|upkeep\n|turn|10\n|\n|t:|1699820787\n|move|p2a: Ogerpon|Encore|p1a: Toxapex\n|-start|p1a: Toxapex|Encore\n|move|p1a: Toxapex|Surf|p2a: Ogerpon\n|-heal|p2a: Ogerpon|72\/100|[from] ability: Water Absorb|[of] p1a: Toxapex\n|\n|upkeep\n|turn|11\n|c|\u2606Test4823|lol nice\n|c|\u2606Dragon Master Rosa|water absorb go brrr\n|\n|t:|1699820810\n|switch|p1a: Goodra|Goodra-Hisui, M|55\/100\n|move|p2a: Ogerpon|U-turn|p1a: Goodra\n|-resisted|p1a: Goodra\n|-damage|p1a: Goodra|43\/100\n|\n|t:|1699820814\n|switch|p2a: Lokix|Lokix, M|100\/100|[from] U-turn\n|\n|-heal|p1a: Goodra|49\/100|[from] item: Leftovers\n|upkeep\n|turn|12\n|\n|t:|1699820825\n|move|p2a: Lokix|First Impression|p1a: Goodra\n|-resisted|p1a: Goodra\n|-damage|p1a: Goodra|0 fnt\n|faint|p1a: Goodra\n|\n|upkeep\n|\n|t:|1699820834\n|switch|p1a: Enamorus|Enamorus, F|100\/100\n|turn|13\n|\n|t:|1699820855\n|switch|p2a: Ogerpon|Ogerpon-Wellspring, F|20\/100\n|move|p1a: Enamorus|Moonblast|p2a: Ogerpon\n|-damage|p2a: Ogerpon|0 fnt\n|replace|p2a: Zoroark|Zoroark-Hisui, F\n|-end|p2a: Zoroark|Illusion\n|faint|p2a: Zoroark\n|-damage|p1a: Enamorus|91\/100|[from] item: Life Orb\n|\n|upkeep\n|inactive|Dragon Master Rosa has 120 seconds left.\n|\n|t:|1699820879\n|switch|p2a: Greninja|Greninja, F|100\/100\n|turn|14\n|\n|t:|1699820883\n|move|p2a: Greninja|Gunk Shot|p1a: Enamorus|[miss]\n|-start|p2a: Greninja|typechange|Poison|[from] ability: Protean\n|-miss|p2a: Greninja|p1a: Enamorus\n|move|p1a: Enamorus|Moonblast|p2a: Greninja\n|-resisted|p2a: Greninja\n|-damage|p2a: Greninja|39\/100\n|-damage|p1a: Enamorus|81\/100|[from] item: Life Orb\n|\n|upkeep\n|turn|15\n|\n|t:|1699820892\n|switch|p1a: Toxapex|Toxapex, F|93\/100\n|move|p2a: Greninja|Gunk Shot|p1a: Toxapex\n|-resisted|p1a: Toxapex\n|-damage|p1a: Toxapex|75\/100\n|\n|upkeep\n|turn|16\n|c|\u2606Test4823|rough miss\n|c|\u2606Dragon Master Rosa|it happens\n|\n|t:|1699820904\n|switch|p2a: Ogerpon|Ogerpon-Wellspring, F|72\/100\n|move|p1a: Toxapex|Ice Beam|p2a: Ogerpon\n|-damage|p2a: Ogerpon|48\/100\n|\n|upkeep\n|turn|17\n|\n|t:|1699820910\n|move|p2a: Ogerpon|U-turn|p1a: Toxapex\n|-resisted|p1a: Toxapex\n|-crit|p1a: Toxapex\n|-damage|p1a: Toxapex|59\/100\n|\n|t:|1699820915\n|switch|p2a: Sandy Shocks|Sandy Shocks|100\/100|[from] U-turn\n|move|p1a: Toxapex|Ice Beam|p2a: Sandy Shocks\n|-supereffective|p2a: Sandy Shocks\n|-damage|p2a: Sandy Shocks|48\/100\n|\n|upkeep\n|turn|18\n|c|\u2606Test4823|i'm so afraid of water absorb\n|\n|t:|1699820922\n|move|p2a: Sandy Shocks|Volt Switch|p1a: Toxapex\n|-supereffective|p1a: Toxapex\n|-damage|p1a: Toxapex|17\/100\n|\n|t:|1699820932\n|-end|p2a: Sandy Shocks|Protosynthesis|[silent]\n|switch|p2a: Ogerpon|Ogerpon-Wellspring, F|48\/100|[from] Volt Switch\n|move|p1a: Toxapex|Ice Beam|p2a: Ogerpon\n|-damage|p2a: Ogerpon|26\/100\n|\n|upkeep\n|turn|19\n|c|\u2606Test4823|you put the fear in me\n|c|\u2606Dragon Master Rosa|lmao\n|\n|t:|1699820944\n|switch|p1a: Enamorus|Enamorus, F|81\/100\n|move|p2a: Ogerpon|Horn Leech|p1a: Enamorus\n|-resisted|p1a: Enamorus\n|-damage|p1a: Enamorus|48\/100\n|-heal|p2a: Ogerpon|42\/100|[from] drain|[of] p1a: Enamorus\n|\n|upkeep\n|turn|20\n|\n|t:|1699820958\n|switch|p1a: Toxapex|Toxapex, F|50\/100\n|move|p2a: Ogerpon|Ivy Cudgel|p1a: Toxapex\n|-resisted|p1a: Toxapex\n|-damage|p1a: Toxapex|28\/100\n|\n|upkeep\n|turn|21\n|\n|t:|1699820970\n|move|p2a: Ogerpon|Horn Leech|p1a: Toxapex\n|-damage|p1a: Toxapex|0 fnt\n|-heal|p2a: Ogerpon|56\/100|[from] drain|[of] p1a: Toxapex\n|faint|p1a: Toxapex\n|\n|upkeep\n|\n|t:|1699820974\n|switch|p1a: Landorus|Landorus-Therian, M|30\/100\n|-ability|p1a: Landorus|Intimidate|boost\n|-unboost|p2a: Ogerpon|atk|1\n|turn|22\n|\n|t:|1699820977\n|move|p2a: Ogerpon|Ivy Cudgel|p1a: Landorus\n|-supereffective|p1a: Landorus\n|-damage|p1a: Landorus|0 fnt\n|faint|p1a: Landorus\n|\n|upkeep\n|\n|t:|1699820988\n|switch|p1a: Meowscarada|Meowscarada, M|100\/100\n|turn|23\n|\n|t:|1699820992\n|switch|p2a: Corviknight|Corviknight, F|97\/100\n|-ability|p2a: Corviknight|Pressure\n|move|p1a: Meowscarada|Flower Trick|p2a: Corviknight\n|-start|p1a: Meowscarada|typechange|Grass|[from] ability: Protean\n|-resisted|p2a: Corviknight\n|-crit|p2a: Corviknight\n|-damage|p2a: Corviknight|86\/100\n|\n|upkeep\n|turn|24\n|c|\u2606Test4823|oh yeah, the scarf was knocked off lol\n|\n|t:|1699821001\n|switch|p1a: Heatran|Heatran, M|100\/100\n|-item|p1a: Heatran|Air Balloon\n|move|p2a: Corviknight|U-turn|p1a: Heatran\n|-resisted|p1a: Heatran\n|-damage|p1a: Heatran|97\/100\n|-enditem|p1a: Heatran|Air Balloon\n|\n|t:|1699821007\n|switch|p2a: Greninja|Greninja, F|39\/100|[from] U-turn\n|\n|upkeep\n|turn|25\n|\n|t:|1699821011\n|switch|p1a: Meowscarada|Meowscarada, M|100\/100\n|move|p2a: Greninja|U-turn|p1a: Meowscarada\n|-start|p2a: Greninja|typechange|Bug|[from] ability: Protean\n|-supereffective|p1a: Meowscarada\n|-damage|p1a: Meowscarada|0 fnt\n|faint|p1a: Meowscarada\n|\n|t:|1699821021\n|switch|p2a: Lokix|Lokix, M|100\/100|[from] U-turn\n|\n|upkeep\n|\n|t:|1699821023\n|switch|p1a: Enamorus|Enamorus, F|48\/100\n|turn|26\n|\n|t:|1699821027\n|-terastallize|p2a: Lokix|Bug\n|move|p2a: Lokix|First Impression|p1a: Enamorus\n|-resisted|p1a: Enamorus\n|-damage|p1a: Enamorus|0 fnt\n|-start|p2a: Lokix|Attract|[from] ability: Cute Charm|[of] p1a: Enamorus\n|faint|p1a: Enamorus\n|-end|p2a: Lokix|Attract|[silent]\n|\n|upkeep\n|\n|t:|1699821031\n|switch|p1a: Heatran|Heatran, M|97\/100\n|turn|27\n|\n|t:|1699821034\n|switch|p2a: Sandy Shocks|Sandy Shocks|48\/100\n|move|p1a: Heatran|Magma Storm|p2a: Sandy Shocks\n|-damage|p2a: Sandy Shocks|0 fnt\n|faint|p2a: Sandy Shocks\n|-end|p2a: Sandy Shocks|Protosynthesis|[silent]\n|\n|upkeep\n|\n|t:|1699821044\n|switch|p2a: Lokix|Lokix, M, tera:Bug|100\/100\n|turn|28\n|\n|t:|1699821052\n|-terastallize|p1a: Heatran|Grass\n|move|p2a: Lokix|Axe Kick|p1a: Heatran\n|-damage|p1a: Heatran|46\/100\n|move|p1a: Heatran|Magma Storm|p2a: Lokix|[miss]\n|-miss|p1a: Heatran|p2a: Lokix\n|\n|upkeep\n|turn|29\n|c|\u2606Dragon Master Rosa|oof\n|\n|t:|1699821061\n|switch|p2a: Greninja|Greninja, F|39\/100\n|move|p1a: Heatran|Magma Storm|p2a: Greninja\n|-resisted|p2a: Greninja\n|-damage|p2a: Greninja|0 fnt\n|faint|p2a: Greninja\n|\n|upkeep\n|\n|t:|1699821062\n|switch|p2a: Lokix|Lokix, M, tera:Bug|100\/100\n|turn|30\n|c|\u2606Dragon Master Rosa|ggwp\n|c|\u2606Test4823|it happens. gg\n|c|\u2606Test4823|maybe you won't click a bug move lol\n|\n|t:|1699821079\n|move|p2a: Lokix|First Impression|p1a: Heatran\n|-supereffective|p1a: Heatran\n|-damage|p1a: Heatran|0 fnt\n|faint|p1a: Heatran\n|\n|win|Dragon Master Rosa\n|raw|Test4823's rating: 1250 &rarr; <strong>1225<\/strong><br \/>(-25 for losing)\n|raw|Dragon Master Rosa's rating: 1248 &rarr; <strong>1273<\/strong><br \/>(+25 for winning)\n|c|\u2606Dragon Master Rosa|lol\n","uploadtime":1699821086,"views":11,"p1id":"test4823","p2id":"dragonmasterrosa","formatid":"gen9ou","rating":1225,"private":0,"password":""}