{"id":"gen9ou-1999615354","p1":"Cranberru22","p2":"hurryupimwaiting","format":"[Gen 9] OU","log":"|j|\u2606Cranberru22\n|j|\u2606hurryupimwaiting\n|t:|1701101430\n|gametype|singles\n|player|p1|Cranberru22|101|1089\n|player|p2|hurryupimwaiting|2|1134\n|teamsize|p1|6\n|teamsize|p2|6\n|gen|9\n|tier|[Gen 9] OU\n|rated|\n|rule|Sleep Clause Mod: Limit one foe put to sleep\n|rule|Species Clause: Limit one of each Pok\u00e9mon\n|rule|OHKO Clause: OHKO moves are banned\n|rule|Evasion Items Clause: Evasion items are banned\n|rule|Evasion Moves Clause: Evasion moves are banned\n|rule|Endless Battle Clause: Forcing endless battles is banned\n|rule|HP Percentage Mod: HP is shown in percentages\n|clearpoke\n|poke|p1|Torkoal, F|\n|poke|p1|Charizard, F|\n|poke|p1|Volcanion|\n|poke|p1|Pelipper, F|\n|poke|p1|Beartic, M|\n|poke|p1|Walking Wake|\n|poke|p2|Ninetales-Alola, F|\n|poke|p2|Landorus-Therian, M|\n|poke|p2|Greninja-*, M|\n|poke|p2|Zamazenta-*|\n|poke|p2|Iron Moth|\n|poke|p2|Alomomola, M|\n|teampreview\n|inactive|Battle timer is ON: inactive players will automatically lose when time's up. (requested by hurryupimwaiting)\n|\n|t:|1701101466\n|start\n|switch|p1a: Torkoal|Torkoal, F|100\/100\n|switch|p2a: Landorus|Landorus-Therian, M|100\/100\n|-ability|p2a: Landorus|Intimidate|boost\n|-unboost|p1a: Torkoal|atk|1\n|-weather|SunnyDay|[from] ability: Drought|[of] p1a: Torkoal\n|turn|1\n|\n|t:|1701101473\n|switch|p1a: Charizard|Charizard, F|100\/100\n|move|p2a: Landorus|Stealth Rock|p1a: Charizard\n|-sidestart|p1: Cranberru22|move: Stealth Rock\n|\n|-weather|SunnyDay|[upkeep]\n|-damage|p1a: Charizard|88\/100|[from] ability: Solar Power|[of] p1a: Charizard\n|upkeep\n|turn|2\n|\n|t:|1701101480\n|move|p1a: Charizard|Solar Beam||[still]\n|-prepare|p1a: Charizard|Solar Beam\n|-anim|p1a: Charizard|Solar Beam|p2a: Landorus\n|-crit|p2a: Landorus\n|-damage|p2a: Landorus|0 fnt\n|faint|p2a: Landorus\n|\n|-weather|SunnyDay|[upkeep]\n|-damage|p1a: Charizard|76\/100|[from] ability: Solar Power|[of] p1a: Charizard\n|upkeep\n|\n|t:|1701101487\n|switch|p2a: Ninetales|Ninetales-Alola, F|100\/100\n|-weather|Snow|[from] ability: Snow Warning|[of] p2a: Ninetales\n|turn|3\n|\n|t:|1701101496\n|switch|p2a: Alomomola|Alomomola, M|100\/100\n|switch|p1a: Torkoal|Torkoal, F|100\/100\n|-damage|p1a: Torkoal|76\/100|[from] Stealth Rock\n|-weather|SunnyDay|[from] ability: Drought|[of] p1a: Torkoal\n|\n|-weather|SunnyDay|[upkeep]\n|upkeep\n|turn|4\n|\n|t:|1701101510\n|move|p2a: Alomomola|Calm Mind|p2a: Alomomola\n|-boost|p2a: Alomomola|spa|1\n|-boost|p2a: Alomomola|spd|1\n|move|p1a: Torkoal|Rapid Spin|p2a: Alomomola\n|-damage|p2a: Alomomola|96\/100\n|-boost|p1a: Torkoal|spe|1\n|-sideend|p1: Cranberru22|Stealth Rock|[from] move: Rapid Spin|[of] p1a: Torkoal\n|\n|-weather|SunnyDay|[upkeep]\n|-heal|p2a: Alomomola|100\/100|[from] item: Leftovers\n|upkeep\n|turn|5\n|\n|t:|1701101529\n|move|p2a: Alomomola|Calm Mind|p2a: Alomomola\n|-boost|p2a: Alomomola|spa|1\n|-boost|p2a: Alomomola|spd|1\n|move|p1a: Torkoal|Stealth Rock|p2a: Alomomola\n|-sidestart|p2: hurryupimwaiting|move: Stealth Rock\n|\n|-weather|SunnyDay|[upkeep]\n|upkeep\n|turn|6\n|\n|t:|1701101537\n|move|p2a: Alomomola|Scald|p1a: Torkoal\n|-supereffective|p1a: Torkoal\n|-damage|p1a: Torkoal|52\/100\n|move|p1a: Torkoal|Yawn|p2a: Alomomola\n|-start|p2a: Alomomola|move: Yawn|[of] p1a: Torkoal\n|\n|-weather|SunnyDay|[upkeep]\n|upkeep\n|turn|7\n|\n|t:|1701101550\n|switch|p1a: Pelipper|Pelipper, F|100\/100\n|-weather|RainDance|[from] ability: Drizzle|[of] p1a: Pelipper\n|move|p2a: Alomomola|Calm Mind|p2a: Alomomola\n|-boost|p2a: Alomomola|spa|1\n|-boost|p2a: Alomomola|spd|1\n|\n|-weather|RainDance|[upkeep]\n|-end|p2a: Alomomola|move: Yawn|[silent]\n|-status|p2a: Alomomola|slp\n|upkeep\n|turn|8\n|\n|t:|1701101556\n|cant|p2a: Alomomola|slp\n|move|p1a: Pelipper|U-turn|p2a: Alomomola\n|-crit|p2a: Alomomola\n|-damage|p2a: Alomomola|93\/100 slp\n|\n|t:|1701101558\n|switch|p1a: Beartic|Beartic, M|100\/100|[from] U-turn\n|\n|-weather|RainDance|[upkeep]\n|-heal|p2a: Alomomola|99\/100 slp|[from] item: Leftovers\n|upkeep\n|turn|9\n|\n|t:|1701101566\n|-terastallize|p1a: Beartic|Electric\n|move|p1a: Beartic|Tera Blast|p2a: Alomomola|[anim] Tera Blast Electric\n|-supereffective|p2a: Alomomola\n|-damage|p2a: Alomomola|44\/100 slp\n|-damage|p1a: Beartic|91\/100|[from] item: Life Orb\n|cant|p2a: Alomomola|slp\n|\n|-weather|RainDance|[upkeep]\n|-heal|p2a: Alomomola|50\/100 slp|[from] item: Leftovers\n|upkeep\n|turn|10\n|\n|t:|1701101576\n|-curestatus|p2a: Alomomola|slp|[msg]\n|move|p2a: Alomomola|Protect|p2a: Alomomola\n|-singleturn|p2a: Alomomola|Protect\n|move|p1a: Beartic|Tera Blast|p2a: Alomomola|[anim] Tera Blast Electric\n|-activate|p2a: Alomomola|move: Protect\n|\n|-weather|RainDance|[upkeep]\n|-heal|p2a: Alomomola|56\/100|[from] item: Leftovers\n|upkeep\n|turn|11\n|\n|t:|1701101589\n|move|p1a: Beartic|Tera Blast|p2a: Alomomola|[anim] Tera Blast Electric\n|-supereffective|p2a: Alomomola\n|-damage|p2a: Alomomola|0 fnt\n|faint|p2a: Alomomola\n|-damage|p1a: Beartic|81\/100|[from] item: Life Orb\n|\n|-weather|RainDance|[upkeep]\n|upkeep\n|\n|t:|1701101596\n|switch|p2a: Greninja|Greninja, M|100\/100\n|-damage|p2a: Greninja|88\/100|[from] Stealth Rock\n|turn|12\n|\n|t:|1701101604\n|move|p1a: Beartic|Tera Blast|p2a: Greninja|[anim] Tera Blast Electric\n|-supereffective|p2a: Greninja\n|-damage|p2a: Greninja|0 fnt\n|faint|p2a: Greninja\n|-damage|p1a: Beartic|71\/100|[from] item: Life Orb\n|\n|-weather|RainDance|[upkeep]\n|upkeep\n|-message|hurryupimwaiting forfeited.\n|\n|win|Cranberru22\n|raw|Cranberru22's rating: 1089 &rarr; <strong>1119<\/strong><br \/>(+30 for winning)\n|raw|hurryupimwaiting's rating: 1134 &rarr; <strong>1106<\/strong><br \/>(-28 for losing)\n|l|\u2606hurryupimwaiting\n","uploadtime":1701101613,"views":2,"p1id":"cranberru22","p2id":"hurryupimwaiting","formatid":"gen9ou","rating":1106,"private":0,"password":""}