{"id":"gen9ou-1991595256","p1":"superbashe","p2":"sgyyds","format":"[Gen 9] OU","log":"|j|\u2606superbashe\n|j|\u2606sgyyds\n|t:|1700092225\n|gametype|singles\n|player|p1|superbashe|101|1000\n|player|p2|sgyyds|lucas|1000\n|teamsize|p1|6\n|teamsize|p2|6\n|gen|9\n|tier|[Gen 9] OU\n|rated|\n|rule|Sleep Clause Mod: Limit one foe put to sleep\n|rule|Species Clause: Limit one of each Pok\u00e9mon\n|rule|OHKO Clause: OHKO moves are banned\n|rule|Evasion Items Clause: Evasion items are banned\n|rule|Evasion Moves Clause: Evasion moves are banned\n|rule|Endless Battle Clause: Forcing endless battles is banned\n|rule|HP Percentage Mod: HP is shown in percentages\n|clearpoke\n|poke|p1|Zoroark-Hisui, F|\n|poke|p1|Lucario, M|\n|poke|p1|Muk-Alola, M|\n|poke|p1|Mimikyu, M|\n|poke|p1|Luxray, F|\n|poke|p1|Greninja-*, M|\n|poke|p2|Garganacl, M|\n|poke|p2|Magnezone|\n|poke|p2|Slowking, M|\n|poke|p2|Snorlax, F|\n|poke|p2|Espeon, F|\n|poke|p2|Grafaiai, F|\n|teampreview\n|\n|t:|1700092248\n|start\n|switch|p1a: Greninja|Greninja, M|100\/100\n|switch|p2a: Grafaiai|Grafaiai, F|100\/100\n|turn|1\n|\n|t:|1700092256\n|move|p2a: Grafaiai|Toxic|p1a: Greninja\n|-status|p1a: Greninja|tox\n|move|p1a: Greninja|Foul Play|p2a: Grafaiai\n|-damage|p2a: Grafaiai|54\/100\n|\n|-heal|p2a: Grafaiai|60\/100|[from] item: Leftovers\n|-damage|p1a: Greninja|95\/100 tox|[from] psn\n|upkeep\n|turn|2\n|\n|t:|1700092269\n|move|p1a: Greninja|Foul Play|p2a: Grafaiai\n|-damage|p2a: Grafaiai|19\/100\n|move|p2a: Grafaiai|Knock Off|p1a: Greninja\n|-supereffective|p1a: Greninja\n|-damage|p1a: Greninja|0 fnt\n|replace|p1a: Zoroark|Zoroark-Hisui, F\n|-end|p1a: Zoroark|Illusion\n|-enditem|p1a: Zoroark|Charcoal|[from] move: Knock Off|[of] p2a: Grafaiai\n|faint|p1a: Zoroark\n|\n|-heal|p2a: Grafaiai|25\/100|[from] item: Leftovers\n|upkeep\n|\n|t:|1700092281\n|switch|p1a: Greninja|Greninja, M|100\/100\n|turn|3\n|\n|t:|1700092287\n|move|p2a: Grafaiai|Parting Shot|p1a: Greninja\n|-hint|Since gen 7, Dark is immune to Prankster moves.\n|-immune|p1a: Greninja\n|move|p1a: Greninja|Night Slash|p2a: Grafaiai\n|-damage|p2a: Grafaiai|0 fnt\n|faint|p2a: Grafaiai\n|\n|upkeep\n|\n|t:|1700092298\n|switch|p2a: Magnezone|Magnezone, shiny|100\/100\n|turn|4\n|\n|t:|1700092304\n|switch|p1a: Luxray|Luxray, F|100\/100\n|move|p2a: Magnezone|Gyro Ball|p1a: Luxray\n|-resisted|p1a: Luxray\n|-damage|p1a: Luxray|96\/100\n|\n|upkeep\n|turn|5\n|\n|t:|1700092313\n|-terastallize|p2a: Magnezone|Ground\n|move|p1a: Luxray|Thunder|p2a: Magnezone\n|-immune|p2a: Magnezone\n|move|p2a: Magnezone|Tera Blast|p1a: Luxray|[anim] Tera Blast Ground\n|-supereffective|p1a: Luxray\n|-damage|p1a: Luxray|8\/100\n|\n|upkeep\n|turn|6\n|\n|t:|1700092323\n|switch|p1a: Lucario|Lucario, M|100\/100\n|move|p2a: Magnezone|Flash Cannon|p1a: Lucario\n|-resisted|p1a: Lucario\n|-damage|p1a: Lucario|71\/100\n|\n|upkeep\n|turn|7\n|\n|t:|1700092332\n|move|p1a: Lucario|Earthquake|p2a: Magnezone\n|-damage|p2a: Magnezone|80\/100\n|move|p2a: Magnezone|Flash Cannon|p1a: Lucario\n|-resisted|p1a: Lucario\n|-damage|p1a: Lucario|45\/100\n|\n|upkeep\n|turn|8\n|\n|t:|1700092339\n|move|p1a: Lucario|Close Combat|p2a: Magnezone\n|-damage|p2a: Magnezone|30\/100\n|-unboost|p1a: Lucario|def|1\n|-unboost|p1a: Lucario|spd|1\n|move|p2a: Magnezone|Flash Cannon|p1a: Lucario\n|-resisted|p1a: Lucario\n|-damage|p1a: Lucario|2\/100\n|\n|upkeep\n|turn|9\n|\n|t:|1700092349\n|move|p1a: Lucario|Aura Sphere|p2a: Magnezone\n|-damage|p2a: Magnezone|0 fnt\n|faint|p2a: Magnezone\n|\n|upkeep\n|\n|t:|1700092358\n|switch|p2a: Garganacl|Garganacl, M, shiny|100\/100\n|turn|10\n|\n|t:|1700092364\n|switch|p2a: Slowking|Slowking, M, shiny|100\/100\n|move|p1a: Lucario|Close Combat|p2a: Slowking\n|-resisted|p2a: Slowking\n|-damage|p2a: Slowking|69\/100\n|-unboost|p1a: Lucario|def|1\n|-unboost|p1a: Lucario|spd|1\n|\n|upkeep\n|turn|11\n|\n|t:|1700092377\n|switch|p1a: Greninja|Greninja, M|100\/100\n|move|p2a: Slowking|Chilly Reception|p2a: Slowking\n|-weather|Snow\n|\n|t:|1700092386\n|switch|p2a: Snorlax|Snorlax, F|100\/100|[from] Chilly Reception\n|\n|-weather|Snow|[upkeep]\n|upkeep\n|turn|12\n|\n|t:|1700092394\n|switch|p1a: Mimikyu|Mimikyu, M|100\/100\n|move|p2a: Snorlax|Crunch|p1a: Mimikyu\n|-activate|p1a: Mimikyu|ability: Disguise\n|-damage|p1a: Mimikyu|100\/100\n|detailschange|p1a: Mimikyu|Mimikyu-Busted, M\n|-damage|p1a: Mimikyu|88\/100|[from] pokemon: Mimikyu-Busted\n|\n|-weather|Snow|[upkeep]\n|upkeep\n|turn|13\n|\n|t:|1700092407\n|switch|p2a: Slowking|Slowking, M, shiny|69\/100\n|move|p1a: Mimikyu|Play Rough|p2a: Slowking\n|-crit|p2a: Slowking\n|-damage|p2a: Slowking|0 fnt\n|faint|p2a: Slowking\n|\n|-weather|Snow|[upkeep]\n|upkeep\n|\n|t:|1700092418\n|switch|p2a: Espeon|Espeon, F|100\/100\n|turn|14\n|\n|t:|1700092425\n|switch|p1a: Greninja|Greninja, M|100\/100\n|switch|p2a: Garganacl|Garganacl, M, shiny|100\/100\n|\n|-weather|Snow|[upkeep]\n|upkeep\n|turn|15\n|\n|t:|1700092435\n|move|p1a: Greninja|Surf|p2a: Garganacl\n|-supereffective|p2a: Garganacl\n|-damage|p2a: Garganacl|20\/100\n|move|p2a: Garganacl|Salt Cure|p1a: Greninja\n|-damage|p1a: Greninja|63\/100\n|-start|p1a: Greninja|Salt Cure\n|\n|-weather|none\n|-damage|p1a: Greninja|38\/100|[from] Salt Cure\n|upkeep\n|turn|16\n|\n|t:|1700092444\n|move|p1a: Greninja|Water Shuriken|p2a: Garganacl\n|-supereffective|p2a: Garganacl\n|-damage|p2a: Garganacl|5\/100\n|-supereffective|p2a: Garganacl\n|-damage|p2a: Garganacl|0 fnt\n|faint|p2a: Garganacl\n|-hitcount|p2: Garganacl|2\n|\n|-damage|p1a: Greninja|13\/100|[from] Salt Cure\n|upkeep\n|\n|t:|1700092453\n|switch|p2a: Snorlax|Snorlax, F|100\/100\n|turn|17\n|\n|t:|1700092457\n|switch|p1a: Mimikyu|Mimikyu-Busted, M|88\/100\n|move|p2a: Snorlax|Crunch|p1a: Mimikyu\n|-damage|p1a: Mimikyu|38\/100\n|\n|upkeep\n|turn|18\n|\n|t:|1700092465\n|move|p1a: Mimikyu|Pain Split|p2a: Snorlax\n|-sethp|p2a: Snorlax|61\/100|[from] move: Pain Split|[silent]\n|-sethp|p1a: Mimikyu|100\/100|[from] move: Pain Split\n|move|p2a: Snorlax|Crunch|p1a: Mimikyu\n|-damage|p1a: Mimikyu|51\/100\n|\n|upkeep\n|turn|19\n|\n|t:|1700092473\n|move|p1a: Mimikyu|Draining Kiss|p2a: Snorlax\n|-damage|p2a: Snorlax|55\/100\n|-heal|p1a: Mimikyu|59\/100|[from] drain|[of] p2a: Snorlax\n|move|p2a: Snorlax|Curse|p2a: Snorlax\n|-unboost|p2a: Snorlax|spe|1\n|-boost|p2a: Snorlax|atk|1\n|-boost|p2a: Snorlax|def|1\n|\n|upkeep\n|turn|20\n|\n|t:|1700092484\n|move|p1a: Mimikyu|Play Rough|p2a: Snorlax\n|-damage|p2a: Snorlax|29\/100\n|move|p2a: Snorlax|Earthquake|p1a: Mimikyu\n|-damage|p1a: Mimikyu|0 fnt\n|faint|p1a: Mimikyu\n|\n|upkeep\n|\n|t:|1700092499\n|switch|p1a: Luxray|Luxray, F|8\/100\n|turn|21\n|\n|t:|1700092505\n|move|p1a: Luxray|Discharge|p2a: Snorlax\n|-damage|p2a: Snorlax|10\/100\n|move|p2a: Snorlax|Earthquake|p1a: Luxray\n|-supereffective|p1a: Luxray\n|-damage|p1a: Luxray|0 fnt\n|faint|p1a: Luxray\n|\n|upkeep\n|\n|t:|1700092513\n|switch|p1a: Muk|Muk-Alola, M|100\/100\n|turn|22\n|\n|t:|1700092522\n|move|p1a: Muk|Sludge Bomb|p2a: Snorlax\n|-damage|p2a: Snorlax|0 fnt\n|faint|p2a: Snorlax\n|\n|upkeep\n|\n|t:|1700092526\n|switch|p2a: Espeon|Espeon, F|100\/100\n|turn|23\n|\n|t:|1700092534\n|switch|p1a: Greninja|Greninja, M|13\/100\n|move|p2a: Espeon|Future Sight|p1a: Greninja\n|-start|p2a: Espeon|move: Future Sight\n|\n|-damage|p2a: Espeon|88\/100|[from] item: Black Sludge\n|upkeep\n|turn|24\n|\n|t:|1700092540\n|move|p1a: Greninja|Night Slash|p2a: Espeon\n|-supereffective|p2a: Espeon\n|-damage|p2a: Espeon|0 fnt\n|faint|p2a: Espeon\n|\n|win|superbashe\n|raw|superbashe's rating: 1000 &rarr; <strong>1040<\/strong><br \/>(+40 for winning)\n|raw|sgyyds's rating: 1000 &rarr; <strong>1000<\/strong><br \/>(+0 for losing)\n|l|\u2606sgyyds\n|n|\u2606superbashe|superbashe\n|n|\u2606superbashe|superbashe\n","uploadtime":1700092588,"views":8,"p1id":"superbashe","p2id":"sgyyds","formatid":"gen9ou","rating":1000,"private":0,"password":""}