{"id":"gen9ou-2000083198","p1":"platking","p2":"PleekFRedd","format":"[Gen 9] OU","log":"|j|\u2606platking\n|j|\u2606PleekFRedd\n|t:|1701151605\n|gametype|singles\n|player|p1|platking|266|1038\n|player|p2|PleekFRedd|medium|1000\n|teamsize|p1|6\n|teamsize|p2|6\n|gen|9\n|tier|[Gen 9] OU\n|rated|\n|rule|Sleep Clause Mod: Limit one foe put to sleep\n|rule|Species Clause: Limit one of each Pok\u00e9mon\n|rule|OHKO Clause: OHKO moves are banned\n|rule|Evasion Items Clause: Evasion items are banned\n|rule|Evasion Moves Clause: Evasion moves are banned\n|rule|Endless Battle Clause: Forcing endless battles is banned\n|rule|HP Percentage Mod: HP is shown in percentages\n|clearpoke\n|poke|p1|Skeledirge, M|\n|poke|p1|Dragapult, M|\n|poke|p1|Kingambit, F|\n|poke|p1|Walking Wake|\n|poke|p1|Glimmora, M|\n|poke|p1|Dondozo, M|\n|poke|p2|Lokix, M|\n|poke|p2|Furret, F|\n|poke|p2|Dragapult, M|\n|poke|p2|Gholdengo|\n|poke|p2|Dondozo, F|\n|poke|p2|Heatran, F|\n|teampreview\n|\n|t:|1701151612\n|start\n|switch|p1a: Glub Tubbah|Glimmora, M|100\/100\n|switch|p2a: Lokix|Lokix, M|100\/100\n|turn|1\n|\n|t:|1701151621\n|-terastallize|p2a: Lokix|Bug\n|move|p2a: Lokix|Knock Off|p1a: Glub Tubbah\n|-damage|p1a: Glub Tubbah|22\/100\n|-activate|p1a: Glub Tubbah|ability: Toxic Debris\n|-sidestart|p2: PleekFRedd|move: Toxic Spikes\n|-enditem|p1a: Glub Tubbah|Focus Sash|[from] move: Knock Off|[of] p2a: Lokix\n|move|p1a: Glub Tubbah|Stealth Rock|p2a: Lokix\n|-sidestart|p2: PleekFRedd|move: Stealth Rock\n|\n|upkeep\n|turn|2\n|\n|t:|1701151630\n|move|p2a: Lokix|Knock Off|p1a: Glub Tubbah\n|-damage|p1a: Glub Tubbah|0 fnt\n|-activate|p1a: Glub Tubbah|ability: Toxic Debris\n|-sidestart|p2: PleekFRedd|move: Toxic Spikes\n|faint|p1a: Glub Tubbah\n|\n|upkeep\n|\n|t:|1701151641\n|switch|p1a: Nyoomster|Dragapult, M|100\/100\n|turn|3\n|\n|t:|1701151649\n|move|p1a: Nyoomster|Dragon Darts|p2a: Lokix\n|-damage|p2a: Lokix|73\/100\n|-anim|p1a: Nyoomster|Dragon Darts|p2a: Lokix\n|-damage|p2a: Lokix|41\/100\n|move|p2a: Lokix|Knock Off|p1a: Nyoomster\n|-supereffective|p1a: Nyoomster\n|-damage|p1a: Nyoomster|0 fnt\n|-start|p2a: Lokix|Disable|Knock Off|[from] ability: Cursed Body|[of] p1a: Nyoomster\n|-enditem|p1a: Nyoomster|Light Clay|[from] move: Knock Off|[of] p2a: Lokix\n|faint|p1a: Nyoomster\n|\n|upkeep\n|\n|t:|1701151664\n|switch|p1a: The DON|Dondozo, M|100\/100\n|turn|4\n|\n|t:|1701151672\n|switch|p2a: Dragapult|Dragapult, M|100\/100\n|move|p1a: The DON|Earthquake|p2a: Dragapult\n|-damage|p2a: Dragapult|67\/100\n|\n|upkeep\n|turn|5\n|\n|t:|1701151681\n|move|p2a: Dragapult|Thunder Wave|p1a: The DON|[miss]\n|-miss|p2a: Dragapult|p1a: The DON\n|move|p1a: The DON|Earthquake|p2a: Dragapult\n|-damage|p2a: Dragapult|35\/100\n|-start|p1a: The DON|Disable|Earthquake|[from] ability: Cursed Body|[of] p2a: Dragapult\n|\n|upkeep\n|turn|6\n|\n|t:|1701151694\n|move|p2a: Dragapult|Thunder Wave|p1a: The DON\n|-status|p1a: The DON|par\n|cant|p1a: The DON|par\n|\n|upkeep\n|turn|7\n|\n|t:|1701151702\n|move|p2a: Dragapult|Dragon Darts|p1a: The DON\n|-damage|p1a: The DON|88\/100 par\n|-anim|p2a: Dragapult|Dragon Darts|p1a: The DON\n|-damage|p1a: The DON|77\/100 par\n|move|p1a: The DON|Liquidation|p2a: Dragapult\n|-resisted|p2a: Dragapult\n|-damage|p2a: Dragapult|14\/100\n|\n|-heal|p1a: The DON|83\/100 par|[from] item: Leftovers\n|upkeep\n|turn|8\n|\n|t:|1701151711\n|move|p2a: Dragapult|Phantom Force||[still]\n|-prepare|p2a: Dragapult|Phantom Force\n|move|p1a: The DON|Liquidation|p2a: Dragapult|[miss]\n|-miss|p1a: The DON|p2a: Dragapult\n|\n|-heal|p1a: The DON|89\/100 par|[from] item: Leftovers\n|-end|p1a: The DON|Disable\n|upkeep\n|turn|9\n|\n|t:|1701151723\n|move|p2a: Dragapult|Phantom Force|p1a: The DON|[from]lockedmove\n|-damage|p1a: The DON|67\/100 par\n|cant|p1a: The DON|par\n|\n|-heal|p1a: The DON|73\/100 par|[from] item: Leftovers\n|upkeep\n|turn|10\n|\n|t:|1701151731\n|move|p2a: Dragapult|Phantom Force||[still]\n|-prepare|p2a: Dragapult|Phantom Force\n|cant|p1a: The DON|par\n|\n|-heal|p1a: The DON|79\/100 par|[from] item: Leftovers\n|upkeep\n|turn|11\n|\n|t:|1701151736\n|move|p2a: Dragapult|Phantom Force|p1a: The DON|[from]lockedmove\n|-damage|p1a: The DON|59\/100 par\n|move|p1a: The DON|Earthquake|p2a: Dragapult\n|-damage|p2a: Dragapult|0 fnt\n|faint|p2a: Dragapult\n|\n|-heal|p1a: The DON|65\/100 par|[from] item: Leftovers\n|upkeep\n|\n|t:|1701151751\n|switch|p2a: Lokix|Lokix, M, tera:Bug|41\/100\n|-status|p2a: Lokix|tox\n|-damage|p2a: Lokix|16\/100 tox|[from] Stealth Rock\n|turn|12\n|\n|t:|1701151761\n|move|p2a: Lokix|Leech Life|p1a: The DON\n|-damage|p1a: The DON|32\/100 par\n|-heal|p2a: Lokix|46\/100 tox|[from] drain|[of] p1a: The DON\n|move|p1a: The DON|Earthquake|p2a: Lokix\n|-resisted|p2a: Lokix\n|-damage|p2a: Lokix|30\/100 tox\n|\n|-heal|p1a: The DON|38\/100 par|[from] item: Leftovers\n|-damage|p2a: Lokix|24\/100 tox|[from] psn\n|upkeep\n|turn|13\n|\n|t:|1701151771\n|move|p2a: Lokix|Leech Life|p1a: The DON\n|-damage|p1a: The DON|8\/100 par\n|-heal|p2a: Lokix|51\/100 tox|[from] drain|[of] p1a: The DON\n|move|p1a: The DON|Rest|p1a: The DON\n|-status|p1a: The DON|slp|[from] move: Rest\n|-heal|p1a: The DON|100\/100 slp|[silent]\n|\n|-damage|p2a: Lokix|39\/100 tox|[from] psn\n|upkeep\n|turn|14\n|\n|t:|1701151781\n|move|p2a: Lokix|Leech Life|p1a: The DON\n|-damage|p1a: The DON|70\/100 slp\n|-heal|p2a: Lokix|66\/100 tox|[from] drain|[of] p1a: The DON\n|cant|p1a: The DON|slp\n|move|p1a: The DON|Sleep Talk|p1a: The DON\n|move|p1a: The DON|Liquidation|p2a: Lokix|[from]move: Sleep Talk\n|-damage|p2a: Lokix|19\/100 tox\n|\n|-heal|p1a: The DON|76\/100 slp|[from] item: Leftovers\n|-damage|p2a: Lokix|1\/100 tox|[from] psn\n|upkeep\n|turn|15\n|\n|t:|1701151793\n|move|p2a: Lokix|Leech Life|p1a: The DON\n|-damage|p1a: The DON|48\/100 slp\n|-heal|p2a: Lokix|27\/100 tox|[from] drain|[of] p1a: The DON\n|cant|p1a: The DON|slp\n|move|p1a: The DON|Sleep Talk|p1a: The DON\n|move|p1a: The DON|Earthquake|p2a: Lokix|[from]move: Sleep Talk\n|-resisted|p2a: Lokix\n|-damage|p2a: Lokix|9\/100 tox\n|\n|-heal|p1a: The DON|54\/100 slp|[from] item: Leftovers\n|-damage|p2a: Lokix|0 fnt|[from] psn\n|faint|p2a: Lokix\n|upkeep\n|\n|t:|1701151808\n|switch|p2a: Dondozo|Dondozo, F|100\/100\n|-status|p2a: Dondozo|tox\n|-damage|p2a: Dondozo|88\/100 tox|[from] Stealth Rock\n|turn|16\n|\n|t:|1701151813\n|move|p2a: Dondozo|Body Slam|p1a: The DON\n|-damage|p1a: The DON|34\/100 slp\n|-curestatus|p1a: The DON|slp|[msg]\n|move|p1a: The DON|Sleep Talk||[still]\n|-fail|p1a: The DON\n|\n|-heal|p1a: The DON|40\/100|[from] item: Leftovers\n|-damage|p2a: Dondozo|82\/100 tox|[from] psn\n|upkeep\n|turn|17\n|\n|t:|1701151821\n|move|p1a: The DON|Rest|p1a: The DON\n|-status|p1a: The DON|slp|[from] move: Rest\n|-heal|p1a: The DON|100\/100 slp|[silent]\n|move|p2a: Dondozo|Body Slam|p1a: The DON\n|-damage|p1a: The DON|84\/100 slp\n|\n|-heal|p1a: The DON|90\/100 slp|[from] item: Leftovers\n|-damage|p2a: Dondozo|70\/100 tox|[from] psn\n|upkeep\n|turn|18\n|\n|t:|1701151830\n|switch|p2a: Gholdengo|Gholdengo|100\/100\n|-damage|p2a: Gholdengo|94\/100|[from] Stealth Rock\n|cant|p1a: The DON|slp\n|move|p1a: The DON|Sleep Talk|p1a: The DON\n|move|p1a: The DON|Earthquake|p2a: Gholdengo|[from]move: Sleep Talk\n|-supereffective|p2a: Gholdengo\n|-damage|p2a: Gholdengo|43\/100\n|\n|-heal|p1a: The DON|96\/100 slp|[from] item: Leftovers\n|upkeep\n|turn|19\n|\n|t:|1701151845\n|move|p2a: Gholdengo|Shadow Ball|p1a: The DON\n|-damage|p1a: The DON|38\/100 slp\n|-unboost|p1a: The DON|spd|1\n|cant|p1a: The DON|slp\n|move|p1a: The DON|Sleep Talk|p1a: The DON\n|move|p1a: The DON|Rest||[from]move: Sleep Talk|[still]\n|-fail|p1a: The DON\n|\n|-heal|p1a: The DON|44\/100 slp|[from] item: Leftovers\n|upkeep\n|turn|20\n|-message|PleekFRedd forfeited.\n|\n|win|platking\n|raw|platking's rating: 1038 &rarr; <strong>1069<\/strong><br \/>(+31 for winning)\n|raw|PleekFRedd's rating: 1000 &rarr; <strong>1000<\/strong><br \/>(+0 for losing)\n|l|\u2606PleekFRedd\n","uploadtime":1701151917,"views":8,"p1id":"platking","p2id":"pleekfredd","formatid":"gen9ou","rating":1000,"private":0,"password":""}