{"id":"gen9ou-1993689801","p1":"Markuso100","p2":"hehemrow","format":"[Gen 9] OU","log":"|j|\u2606Markuso100\n|j|\u2606hehemrow\n|t:|1700345890\n|gametype|singles\n|player|p1|Markuso100|169|\n|player|p2|hehemrow|lady|\n|teamsize|p1|6\n|teamsize|p2|6\n|gen|9\n|tier|[Gen 9] OU\n|rule|Sleep Clause Mod: Limit one foe put to sleep\n|rule|Species Clause: Limit one of each Pok\u00e9mon\n|rule|OHKO Clause: OHKO moves are banned\n|rule|Evasion Items Clause: Evasion items are banned\n|rule|Evasion Moves Clause: Evasion moves are banned\n|rule|Endless Battle Clause: Forcing endless battles is banned\n|rule|HP Percentage Mod: HP is shown in percentages\n|clearpoke\n|poke|p1|Zapdos-Galar|\n|poke|p1|Kingambit, M|\n|poke|p1|Slowking-Galar, F|\n|poke|p1|Dragonite, F|\n|poke|p1|Bellibolt, M|\n|poke|p1|Quaquaval, F|\n|poke|p2|Iron Valiant|\n|poke|p2|Ogerpon-Cornerstone, F|\n|poke|p2|Manaphy|\n|poke|p2|Kilowattrel, F|\n|poke|p2|Iron Treads|\n|poke|p2|Crocalor, F|\n|teampreview\n|\n|t:|1700345928\n|start\n|switch|p1a: Slowking|Slowking-Galar, F|100\/100\n|switch|p2a: Ogerpon|Ogerpon-Cornerstone, F|100\/100\n|turn|1\n|\n|t:|1700345963\n|move|p2a: Ogerpon|Ivy Cudgel|p1a: Slowking|[anim] Ivy Cudgel Rock\n|-damage|p1a: Slowking|45\/100\n|move|p1a: Slowking|Flamethrower|p2a: Ogerpon\n|-crit|p2a: Ogerpon\n|-damage|p2a: Ogerpon|58\/100\n|\n|upkeep\n|turn|2\n|\n|t:|1700346013\n|switch|p1a: Zapdos|Zapdos-Galar|100\/100\n|move|p2a: Ogerpon|Ivy Cudgel|p1a: Zapdos|[anim] Ivy Cudgel Rock\n|-damage|p1a: Zapdos|36\/100\n|\n|upkeep\n|turn|3\n|\n|t:|1700346028\n|move|p2a: Ogerpon|Ivy Cudgel|p1a: Zapdos|[anim] Ivy Cudgel Rock\n|-damage|p1a: Zapdos|0 fnt\n|faint|p1a: Zapdos\n|\n|upkeep\n|c|\u2606Markuso100|wtf\n|c|\u2606Markuso100|gg\n|\n|t:|1700346040\n|switch|p1a: Quaquaval|Quaquaval, F|100\/100\n|turn|4\n|\n|t:|1700346057\n|move|p1a: Quaquaval|Close Combat|p2a: Ogerpon\n|-supereffective|p2a: Ogerpon\n|-damage|p2a: Ogerpon|0 fnt\n|-unboost|p1a: Quaquaval|def|1\n|-unboost|p1a: Quaquaval|spd|1\n|faint|p2a: Ogerpon\n|-ability|p1a: Quaquaval|Moxie|boost\n|-boost|p1a: Quaquaval|atk|1\n|\n|upkeep\n|\n|t:|1700346109\n|switch|p2a: Iron Valiant|Iron Valiant|100\/100\n|-enditem|p2a: Iron Valiant|Booster Energy\n|-activate|p2a: Iron Valiant|ability: Quark Drive|[fromitem]\n|-start|p2a: Iron Valiant|quarkdrivespe\n|turn|5\n|\n|t:|1700346118\n|move|p2a: Iron Valiant|Spirit Break|p1a: Quaquaval\n|-supereffective|p1a: Quaquaval\n|-damage|p1a: Quaquaval|0 fnt\n|faint|p1a: Quaquaval\n|\n|upkeep\n|\n|t:|1700346141\n|switch|p1a: Slowking|Slowking-Galar, F|78\/100\n|turn|6\n|\n|t:|1700346155\n|-end|p2a: Iron Valiant|Quark Drive|[silent]\n|switch|p2a: Iron Treads|Iron Treads|100\/100\n|move|p1a: Slowking|Psychic|p2a: Iron Treads\n|-resisted|p2a: Iron Treads\n|-damage|p2a: Iron Treads|72\/100\n|\n|-heal|p2a: Iron Treads|79\/100|[from] item: Leftovers\n|upkeep\n|turn|7\n|\n|t:|1700346179\n|switch|p1a: Dragonite|Dragonite, F|100\/100\n|move|p2a: Iron Treads|Stone Edge|p1a: Dragonite\n|-supereffective|p1a: Dragonite\n|-damage|p1a: Dragonite|68\/100\n|\n|-heal|p2a: Iron Treads|85\/100|[from] item: Leftovers\n|upkeep\n|turn|8\n|c|\u2606Markuso100|leTroll\n|\n|t:|1700346225\n|move|p2a: Iron Treads|Stone Edge|p1a: Dragonite|[miss]\n|-miss|p2a: Iron Treads|p1a: Dragonite\n|move|p1a: Dragonite|Earthquake|p2a: Iron Treads\n|-supereffective|p2a: Iron Treads\n|-damage|p2a: Iron Treads|16\/100\n|\n|-heal|p2a: Iron Treads|22\/100|[from] item: Leftovers\n|upkeep\n|turn|9\n|\n|t:|1700346235\n|move|p1a: Dragonite|Extreme Speed|p2a: Iron Treads\n|-resisted|p2a: Iron Treads\n|-damage|p2a: Iron Treads|8\/100\n|move|p2a: Iron Treads|Stone Edge|p1a: Dragonite\n|-supereffective|p1a: Dragonite\n|-damage|p1a: Dragonite|0 fnt\n|faint|p1a: Dragonite\n|\n|-heal|p2a: Iron Treads|15\/100|[from] item: Leftovers\n|upkeep\n|c|\u2606hehemrow|letroll\n|c|\u2606Markuso100|i like\n|c|\u2606Markuso100|lowkey sacked\n|c|\u2606hehemrow|yea\n|c|\u2606Markuso100|the only pokemon that can beat this\n|c|\u2606Markuso100|:)\n|c|\u2606hehemrow|i did dat last game\n|\n|t:|1700346271\n|switch|p1a: Bellibolt|Bellibolt, M|100\/100\n|turn|10\n|c|\u2606hehemrow|idk how i forgot espeed is prio\n|\n|t:|1700346283\n|move|p2a: Iron Treads|Earthquake|p1a: Bellibolt\n|-supereffective|p1a: Bellibolt\n|-damage|p1a: Bellibolt|7\/100\n|-start|p1a: Bellibolt|Charge|Earthquake|[from] ability: Electromorphosis\n|move|p1a: Bellibolt|Muddy Water|p2a: Iron Treads|[miss]\n|-miss|p1a: Bellibolt|p2a: Iron Treads\n|\n|-heal|p2a: Iron Treads|21\/100|[from] item: Leftovers\n|upkeep\n|turn|11\n|c|\u2606Markuso100|XD\n|c|\u2606hehemrow|letroll\n|\n|t:|1700346296\n|move|p2a: Iron Treads|Earthquake|p1a: Bellibolt\n|-supereffective|p1a: Bellibolt\n|-damage|p1a: Bellibolt|0 fnt\n|faint|p1a: Bellibolt\n|\n|-heal|p2a: Iron Treads|27\/100|[from] item: Leftovers\n|upkeep\n|c|\u2606hehemrow|hey i missed too\n|\n|t:|1700346305\n|switch|p1a: Slowking|Slowking-Galar, F|100\/100\n|turn|12\n|c|\u2606Markuso100|yeah but\n|c|\u2606Markuso100|fuck youi\n|\n|t:|1700346314\n|move|p2a: Iron Treads|Earthquake|p1a: Slowking\n|-supereffective|p1a: Slowking\n|-damage|p1a: Slowking|0 fnt\n|faint|p1a: Slowking\n|\n|-heal|p2a: Iron Treads|33\/100|[from] item: Leftovers\n|upkeep\n|c|\u2606Markuso100|:rage:\n|\n|t:|1700346319\n|switch|p1a: Kingambit|Kingambit, M|100\/100\n|-activate|p1a: Kingambit|ability: Supreme Overlord\n|-start|p1a: Kingambit|fallen5|[silent]\n|turn|13\n|\n|t:|1700346331\n|move|p1a: Kingambit|Sucker Punch||[still]\n|-fail|p1a: Kingambit\n|move|p2a: Iron Treads|Stealth Rock|p1a: Kingambit\n|-sidestart|p1: Markuso100|move: Stealth Rock\n|\n|-heal|p2a: Iron Treads|39\/100|[from] item: Leftovers\n|upkeep\n|turn|14\n|c|\u2606Markuso100|XD\n|\n|t:|1700346350\n|move|p2a: Iron Treads|Stealth Rock||[still]\n|-fail|p2a: Iron Treads\n|move|p1a: Kingambit|Kowtow Cleave|p2a: Iron Treads\n|-damage|p2a: Iron Treads|0 fnt\n|faint|p2a: Iron Treads\n|-end|p2a: Iron Treads|Quark Drive|[silent]\n|\n|upkeep\n|c|\u2606Markuso100|welp\n|c|\u2606Markuso100|lets see how broken this pokemon is\n|\n|t:|1700346368\n|switch|p2a: Iron Valiant|Iron Valiant|100\/100\n|turn|15\n|c|\u2606Markuso100|probably ghonna die here\n|c|\u2606Markuso100|but\n|c|\u2606Markuso100|oh well\n|c|\u2606Markuso100|gg\n|\n|t:|1700346393\n|-terastallize|p1a: Kingambit|Flying\n|move|p2a: Iron Valiant|Close Combat|p1a: Kingambit\n|-resisted|p1a: Kingambit\n|-damage|p1a: Kingambit|79\/100\n|-unboost|p2a: Iron Valiant|def|1\n|-unboost|p2a: Iron Valiant|spd|1\n|move|p1a: Kingambit|Iron Head|p2a: Iron Valiant\n|-supereffective|p2a: Iron Valiant\n|-damage|p2a: Iron Valiant|0 fnt\n|faint|p2a: Iron Valiant\n|-end|p2a: Iron Valiant|Quark Drive|[silent]\n|\n|upkeep\n|\n|t:|1700346408\n|switch|p2a: Crocalor|Crocalor, F|100\/100\n|turn|16\n|\n|t:|1700346417\n|move|p1a: Kingambit|Kowtow Cleave|p2a: Crocalor\n|-damage|p2a: Crocalor|59\/100\n|move|p2a: Crocalor|Will-O-Wisp|p1a: Kingambit\n|-status|p1a: Kingambit|brn\n|\n|-damage|p1a: Kingambit|73\/100 brn|[from] brn\n|upkeep\n|turn|17\n|c|\u2606Markuso100|XD\n|c|\u2606Markuso100|XD\n|c|\u2606Markuso100|XD\n|c|\u2606Markuso100|XD\n|c|\u2606Markuso100|XD\n|c|\u2606Markuso100|XD\n|\n|t:|1700346428\n|move|p1a: Kingambit|Kowtow Cleave|p2a: Crocalor\n|-damage|p2a: Crocalor|40\/100\n|move|p2a: Crocalor|Slack Off|p2a: Crocalor\n|-heal|p2a: Crocalor|90\/100\n|\n|-damage|p1a: Kingambit|67\/100 brn|[from] brn\n|upkeep\n|turn|18\n|c|\u2606Markuso100|X\n|c|\u2606Markuso100|D\n|c|\u2606Markuso100|X\n|c|\u2606Markuso100|D\n|c|\u2606Markuso100|X\n|c|\u2606Markuso100|D\n|\n|t:|1700346436\n|move|p1a: Kingambit|Kowtow Cleave|p2a: Crocalor\n|-damage|p2a: Crocalor|70\/100\n|move|p2a: Crocalor|Flamethrower|p1a: Kingambit\n|-damage|p1a: Kingambit|50\/100 brn\n|\n|-damage|p1a: Kingambit|43\/100 brn|[from] brn\n|upkeep\n|turn|19\n|c|\u2606Markuso100|HAH\n|c|\u2606Markuso100|HAHAHHAA\n|\n|t:|1700346445\n|move|p1a: Kingambit|Kowtow Cleave|p2a: Crocalor\n|-damage|p2a: Crocalor|49\/100\n|move|p2a: Crocalor|Flamethrower|p1a: Kingambit\n|-damage|p1a: Kingambit|23\/100 brn\n|\n|-damage|p1a: Kingambit|17\/100 brn|[from] brn\n|upkeep\n|turn|20\n|c|\u2606Markuso100|WHAT IS THIS BUILD\n|c|\u2606Markuso100|WHY IS YOUR NU POEKMON SO GOOD\n|c|\u2606Markuso100|OR WHATEVER IT COMES FROM\n|\n|t:|1700346459\n|move|p1a: Kingambit|Kowtow Cleave|p2a: Crocalor\n|-damage|p2a: Crocalor|31\/100\n|move|p2a: Crocalor|Slack Off|p2a: Crocalor\n|-heal|p2a: Crocalor|81\/100\n|\n|-damage|p1a: Kingambit|11\/100 brn|[from] brn\n|upkeep\n|turn|21\n|\n|t:|1700346478\n|move|p1a: Kingambit|Kowtow Cleave|p2a: Crocalor\n|-damage|p2a: Crocalor|60\/100\n|move|p2a: Crocalor|Roar||[still]\n|-fail|p2a: Crocalor\n|\n|-damage|p1a: Kingambit|5\/100 brn|[from] brn\n|upkeep\n|turn|22\n|\n|t:|1700346489\n|move|p1a: Kingambit|Kowtow Cleave|p2a: Crocalor\n|-damage|p2a: Crocalor|41\/100\n|move|p2a: Crocalor|Slack Off|p2a: Crocalor\n|-heal|p2a: Crocalor|91\/100\n|\n|-damage|p1a: Kingambit|0 fnt|[from] brn\n|faint|p1a: Kingambit\n|-end|p1a: Kingambit|fallen5|[silent]\n|\n|win|hehemrow\n|upkeep\n","uploadtime":1700346498,"views":12,"p1id":"markuso100","p2id":"hehemrow","formatid":"gen9ou","rating":0,"private":0,"password":""}