{"id":"gen9ou-1999490048","p1":"dddddqweasddddd","p2":"evilpokefan","format":"[Gen 9] OU","log":"|j|\u2606dddddqweasddddd\n|j|\u2606evilpokefan\n|t:|1701088249\n|gametype|singles\n|player|p1|dddddqweasddddd|gentleman|1109\n|player|p2|evilpokefan|169|1146\n|teamsize|p1|6\n|teamsize|p2|6\n|gen|9\n|tier|[Gen 9] OU\n|rated|\n|rule|Sleep Clause Mod: Limit one foe put to sleep\n|rule|Species Clause: Limit one of each Pok\u00e9mon\n|rule|OHKO Clause: OHKO moves are banned\n|rule|Evasion Items Clause: Evasion items are banned\n|rule|Evasion Moves Clause: Evasion moves are banned\n|rule|Endless Battle Clause: Forcing endless battles is banned\n|rule|HP Percentage Mod: HP is shown in percentages\n|clearpoke\n|poke|p1|Zapdos|\n|poke|p1|Slowking-Galar, F|\n|poke|p1|Perrserker, M|\n|poke|p1|Great Tusk|\n|poke|p1|Crawdaunt, M|\n|poke|p1|Mandibuzz, F|\n|poke|p2|Scizor, M|\n|poke|p2|Blissey, F|\n|poke|p2|Dragapult, M|\n|poke|p2|Passimian, F|\n|poke|p2|Landorus-Therian, M|\n|poke|p2|Tornadus-Therian, M|\n|teampreview\n|\n|t:|1701088292\n|start\n|switch|p1a: Zapdos|Zapdos|100\/100\n|switch|p2a: Tornadus|Tornadus-Therian, M|100\/100\n|turn|1\n|inactive|Battle timer is ON: inactive players will automatically lose when time's up. (requested by evilpokefan)\n|\n|t:|1701088299\n|switch|p2a: Landorus|Landorus-Therian, M|100\/100\n|-ability|p2a: Landorus|Intimidate|boost\n|-unboost|p1a: Zapdos|atk|1\n|move|p1a: Zapdos|Volt Switch|p2a: Landorus\n|-immune|p2a: Landorus\n|\n|upkeep\n|turn|2\n|\n|t:|1701088319\n|switch|p1a: Mandibuzz|Mandibuzz, F|100\/100\n|move|p2a: Landorus|Rock Slide|p1a: Mandibuzz\n|-supereffective|p1a: Mandibuzz\n|-damage|p1a: Mandibuzz|62\/100\n|-damage|p2a: Landorus|91\/100|[from] item: Life Orb\n|\n|upkeep\n|turn|3\n|\n|t:|1701088325\n|move|p2a: Landorus|U-turn|p1a: Mandibuzz\n|-damage|p1a: Mandibuzz|44\/100\n|-damage|p2a: Landorus|81\/100|[from] item: Life Orb\n|\n|t:|1701088330\n|switch|p2a: Blissey|Blissey, F|100\/100|[from] U-turn\n|move|p1a: Mandibuzz|Roost|p1a: Mandibuzz\n|-heal|p1a: Mandibuzz|94\/100\n|-singleturn|p1a: Mandibuzz|move: Roost\n|\n|upkeep\n|turn|4\n|\n|t:|1701088334\n|move|p1a: Mandibuzz|U-turn|p2a: Blissey\n|-damage|p2a: Blissey|90\/100\n|\n|t:|1701088338\n|switch|p1a: Perrserker|Perrserker, M|100\/100|[from] U-turn\n|move|p2a: Blissey|Thunder Wave|p1a: Perrserker\n|-status|p1a: Perrserker|par\n|\n|-heal|p2a: Blissey|97\/100|[from] item: Leftovers\n|upkeep\n|turn|5\n|\n|t:|1701088348\n|move|p2a: Blissey|Seismic Toss|p1a: Perrserker\n|-damage|p1a: Perrserker|71\/100 par\n|move|p1a: Perrserker|Gyro Ball|p2a: Blissey\n|-damage|p2a: Blissey|0 fnt\n|faint|p2a: Blissey\n|\n|upkeep\n|\n|t:|1701088357\n|switch|p2a: Scizor|Scizor, M|100\/100\n|turn|6\n|\n|t:|1701088372\n|move|p2a: Scizor|Swords Dance|p2a: Scizor\n|-boost|p2a: Scizor|atk|2\n|move|p1a: Perrserker|Gyro Ball|p2a: Scizor\n|-resisted|p2a: Scizor\n|-damage|p2a: Scizor|41\/100\n|\n|upkeep\n|turn|7\n|\n|t:|1701088379\n|move|p2a: Scizor|Close Combat|p1a: Perrserker\n|-supereffective|p1a: Perrserker\n|-damage|p1a: Perrserker|0 fnt\n|-unboost|p2a: Scizor|def|1\n|-unboost|p2a: Scizor|spd|1\n|faint|p1a: Perrserker\n|-damage|p2a: Scizor|31\/100|[from] item: Life Orb\n|\n|upkeep\n|\n|t:|1701088387\n|switch|p1a: Mandibuzz|Mandibuzz, F|94\/100\n|turn|8\n|\n|t:|1701088391\n|move|p2a: Scizor|Bullet Punch|p1a: Mandibuzz\n|-damage|p1a: Mandibuzz|46\/100\n|-damage|p2a: Scizor|21\/100|[from] item: Life Orb\n|move|p1a: Mandibuzz|Foul Play|p2a: Scizor\n|-damage|p2a: Scizor|0 fnt\n|faint|p2a: Scizor\n|\n|upkeep\n|\n|t:|1701088398\n|switch|p2a: Tornadus|Tornadus-Therian, M|100\/100\n|turn|9\n|\n|t:|1701088402\n|switch|p1a: Slowking|Slowking-Galar, F|100\/100\n|move|p2a: Tornadus|Nasty Plot|p2a: Tornadus\n|-boost|p2a: Tornadus|spa|2\n|\n|upkeep\n|turn|10\n|\n|t:|1701088408\n|move|p2a: Tornadus|Knock Off|p1a: Slowking\n|-supereffective|p1a: Slowking\n|-damage|p1a: Slowking|66\/100\n|-enditem|p1a: Slowking|Heavy-Duty Boots|[from] move: Knock Off|[of] p2a: Tornadus\n|move|p1a: Slowking|Trick Room|p1a: Slowking\n|-fieldstart|move: Trick Room|[of] p1a: Slowking\n|\n|upkeep\n|turn|11\n|\n|t:|1701088415\n|move|p1a: Slowking|Ice Beam|p2a: Tornadus\n|-supereffective|p2a: Tornadus\n|-damage|p2a: Tornadus|42\/100\n|move|p2a: Tornadus|Hurricane|p1a: Slowking\n|-damage|p1a: Slowking|0 fnt\n|faint|p1a: Slowking\n|\n|upkeep\n|\n|t:|1701088421\n|switch|p1a: Crawdaunt|Crawdaunt, M|100\/100\n|turn|12\n|\n|t:|1701088431\n|-terastallize|p2a: Tornadus|Dark\n|move|p1a: Crawdaunt|Crabhammer|p2a: Tornadus\n|-damage|p2a: Tornadus|0 fnt\n|faint|p2a: Tornadus\n|\n|upkeep\n|\n|t:|1701088437\n|switch|p2a: Passimian|Passimian, F|100\/100\n|turn|13\n|\n|t:|1701088445\n|-terastallize|p1a: Crawdaunt|Water\n|move|p1a: Crawdaunt|Crabhammer|p2a: Passimian\n|-damage|p2a: Passimian|0 fnt\n|faint|p2a: Passimian\n|\n|upkeep\n|inactive|evilpokefan has 120 seconds left.\n|\n|t:|1701088476\n|switch|p2a: Landorus|Landorus-Therian, M|81\/100\n|-ability|p2a: Landorus|Intimidate|boost\n|-unboost|p1a: Crawdaunt|atk|1\n|turn|14\n|\n|t:|1701088481\n|move|p1a: Crawdaunt|Crabhammer|p2a: Landorus\n|-supereffective|p2a: Landorus\n|-damage|p2a: Landorus|0 fnt\n|faint|p2a: Landorus\n|\n|-fieldend|move: Trick Room\n|upkeep\n|\n|t:|1701088483\n|switch|p2a: Dragapult|Dragapult, M|100\/100\n|turn|15\n|\n|t:|1701088490\n|move|p2a: Dragapult|Dragon Darts|p1a: Crawdaunt\n|-damage|p1a: Crawdaunt|69\/100\n|-anim|p2a: Dragapult|Dragon Darts|p1a: Crawdaunt\n|-damage|p1a: Crawdaunt|38\/100\n|move|p1a: Crawdaunt|Crabhammer|p2a: Dragapult\n|-resisted|p2a: Dragapult\n|-crit|p2a: Dragapult\n|-damage|p2a: Dragapult|0 fnt\n|faint|p2a: Dragapult\n|\n|win|dddddqweasddddd\n|raw|dddddqweasddddd's rating: 1109 &rarr; <strong>1139<\/strong><br \/>(+30 for winning)\n|raw|evilpokefan's rating: 1173 &rarr; <strong>1143<\/strong><br \/>(-30 for losing)\n|l|\u2606evilpokefan\n","uploadtime":1701088498,"views":5,"p1id":"dddddqweasddddd","p2id":"evilpokefan","formatid":"gen9ou","rating":1139,"private":0,"password":""}