{"id":"gen9ou-1994852796","p1":"xcxcxxcxc","p2":"kjllkl","format":"[Gen 9] OU","log":"|j|\u2606xcxcxxcxc\n|j|\u2606kjllkl\n|t:|1700498726\n|gametype|singles\n|player|p1|xcxcxxcxc|lucas|1613\n|player|p2|kjllkl|266|1614\n|teamsize|p1|6\n|teamsize|p2|6\n|gen|9\n|tier|[Gen 9] OU\n|rated|\n|rule|Sleep Clause Mod: Limit one foe put to sleep\n|rule|Species Clause: Limit one of each Pok\u00e9mon\n|rule|OHKO Clause: OHKO moves are banned\n|rule|Evasion Items Clause: Evasion items are banned\n|rule|Evasion Moves Clause: Evasion moves are banned\n|rule|Endless Battle Clause: Forcing endless battles is banned\n|rule|HP Percentage Mod: HP is shown in percentages\n|clearpoke\n|poke|p1|Ninetales-Alola, M|\n|poke|p1|Cetitan, F|\n|poke|p1|Enamorus, F|\n|poke|p1|Corviknight, F|\n|poke|p1|Articuno-Galar|\n|poke|p1|Slowking, M|\n|poke|p2|Kingambit, M|\n|poke|p2|Iron Moth|\n|poke|p2|Iron Valiant|\n|poke|p2|Samurott-Hisui, F|\n|poke|p2|Garchomp, F|\n|poke|p2|Maushold|\n|teampreview\n|\n|t:|1700498737\n|start\n|switch|p1a: Ninetales|Ninetales-Alola, M|100\/100\n|switch|p2a: Maushold|Maushold|100\/100\n|-weather|Snow|[from] ability: Snow Warning|[of] p1a: Ninetales\n|turn|1\n|\n|t:|1700498741\n|switch|p1a: Corviknight|Corviknight, F, shiny|100\/100\n|move|p2a: Maushold|Population Bomb|p1a: Corviknight\n|-resisted|p1a: Corviknight\n|-damage|p1a: Corviknight|97\/100\n|-resisted|p1a: Corviknight\n|-damage|p1a: Corviknight|93\/100\n|-resisted|p1a: Corviknight\n|-damage|p1a: Corviknight|90\/100\n|-resisted|p1a: Corviknight\n|-damage|p1a: Corviknight|86\/100\n|-resisted|p1a: Corviknight\n|-crit|p1a: Corviknight\n|-damage|p1a: Corviknight|81\/100\n|-resisted|p1a: Corviknight\n|-crit|p1a: Corviknight\n|-damage|p1a: Corviknight|75\/100\n|-resisted|p1a: Corviknight\n|-damage|p1a: Corviknight|71\/100\n|-resisted|p1a: Corviknight\n|-damage|p1a: Corviknight|68\/100\n|-resisted|p1a: Corviknight\n|-damage|p1a: Corviknight|64\/100\n|-resisted|p1a: Corviknight\n|-damage|p1a: Corviknight|61\/100\n|-hitcount|p1a: Corviknight|10\n|\n|-weather|Snow|[upkeep]\n|-heal|p1a: Corviknight|67\/100|[from] item: Leftovers\n|upkeep\n|turn|2\n|\n|t:|1700498748\n|move|p2a: Maushold|Tidy Up|p2a: Maushold\n|-boost|p2a: Maushold|atk|1\n|-boost|p2a: Maushold|spe|1\n|move|p1a: Corviknight|Brave Bird|p2a: Maushold\n|-damage|p2a: Maushold|39\/100\n|-damage|p1a: Corviknight|52\/100|[from] Recoil\n|\n|-weather|Snow|[upkeep]\n|-heal|p1a: Corviknight|58\/100|[from] item: Leftovers\n|upkeep\n|turn|3\n|\n|t:|1700498760\n|move|p2a: Maushold|Population Bomb|p1a: Corviknight\n|-resisted|p1a: Corviknight\n|-damage|p1a: Corviknight|53\/100\n|-resisted|p1a: Corviknight\n|-damage|p1a: Corviknight|48\/100\n|-resisted|p1a: Corviknight\n|-damage|p1a: Corviknight|42\/100\n|-resisted|p1a: Corviknight\n|-damage|p1a: Corviknight|37\/100\n|-resisted|p1a: Corviknight\n|-damage|p1a: Corviknight|32\/100\n|-resisted|p1a: Corviknight\n|-damage|p1a: Corviknight|27\/100\n|-resisted|p1a: Corviknight\n|-damage|p1a: Corviknight|21\/100\n|-resisted|p1a: Corviknight\n|-damage|p1a: Corviknight|16\/100\n|-resisted|p1a: Corviknight\n|-damage|p1a: Corviknight|11\/100\n|-resisted|p1a: Corviknight\n|-damage|p1a: Corviknight|5\/100\n|-hitcount|p1a: Corviknight|10\n|move|p1a: Corviknight|Brave Bird|p2a: Maushold\n|-damage|p2a: Maushold|0 fnt\n|faint|p2a: Maushold\n|-damage|p1a: Corviknight|0 fnt|[from] Recoil\n|faint|p1a: Corviknight\n|\n|-weather|Snow|[upkeep]\n|upkeep\n|\n|t:|1700498769\n|switch|p2a: Samurott|Samurott-Hisui, F|100\/100\n|switch|p1a: Cetitan|Cetitan, F|100\/100\n|turn|4\n|\n|t:|1700498775\n|move|p1a: Cetitan|Earthquake|p2a: Samurott\n|-damage|p2a: Samurott|56\/100\n|move|p2a: Samurott|Ceaseless Edge|p1a: Cetitan|[miss]\n|-miss|p2a: Samurott|p1a: Cetitan\n|\n|-weather|Snow|[upkeep]\n|upkeep\n|turn|5\n|\n|t:|1700498786\n|move|p1a: Cetitan|Earthquake|p2a: Samurott\n|-damage|p2a: Samurott|12\/100\n|move|p2a: Samurott|Ceaseless Edge|p1a: Cetitan\n|-damage|p1a: Cetitan|71\/100\n|-sidestart|p1: xcxcxxcxc|Spikes\n|\n|-weather|none\n|upkeep\n|turn|6\n|\n|t:|1700498795\n|move|p1a: Cetitan|Ice Shard|p2a: Samurott\n|-resisted|p2a: Samurott\n|-damage|p2a: Samurott|0 fnt\n|faint|p2a: Samurott\n|\n|upkeep\n|\n|t:|1700498810\n|switch|p2a: Iron Moth|Iron Moth|100\/100\n|-enditem|p2a: Iron Moth|Booster Energy\n|-activate|p2a: Iron Moth|ability: Quark Drive|[fromitem]\n|-start|p2a: Iron Moth|quarkdrivespe\n|turn|7\n|\n|t:|1700498816\n|switch|p1a: Slowking|Slowking, M|100\/100\n|move|p2a: Iron Moth|Fiery Dance|p1a: Slowking\n|-resisted|p1a: Slowking\n|-damage|p1a: Slowking|89\/100\n|-boost|p2a: Iron Moth|spa|1\n|\n|upkeep\n|turn|8\n|\n|t:|1700498841\n|move|p2a: Iron Moth|Sludge Wave|p1a: Slowking\n|-damage|p1a: Slowking|45\/100\n|move|p1a: Slowking|Future Sight|p2a: Iron Moth\n|-start|p1a: Slowking|move: Future Sight\n|\n|upkeep\n|turn|9\n|\n|t:|1700498851\n|move|p2a: Iron Moth|Sludge Wave|p1a: Slowking\n|-damage|p1a: Slowking|5\/100\n|move|p1a: Slowking|Slack Off|p1a: Slowking\n|-heal|p1a: Slowking|55\/100\n|\n|upkeep\n|turn|10\n|\n|t:|1700498856\n|move|p2a: Iron Moth|Substitute|p2a: Iron Moth\n|-start|p2a: Iron Moth|Substitute\n|-damage|p2a: Iron Moth|76\/100\n|move|p1a: Slowking|Slack Off|p1a: Slowking\n|-heal|p1a: Slowking|100\/100\n|\n|-end|p2a: Iron Moth|move: Future Sight\n|-supereffective|p2a: Iron Moth\n|-end|p2a: Iron Moth|Substitute\n|upkeep\n|turn|11\n|\n|t:|1700498862\n|move|p2a: Iron Moth|Fiery Dance|p1a: Slowking\n|-resisted|p1a: Slowking\n|-damage|p1a: Slowking|83\/100\n|-boost|p2a: Iron Moth|spa|1\n|move|p1a: Slowking|Future Sight|p2a: Iron Moth\n|-start|p1a: Slowking|move: Future Sight\n|\n|upkeep\n|turn|12\n|\n|t:|1700498865\n|move|p2a: Iron Moth|Sludge Wave|p1a: Slowking\n|-damage|p1a: Slowking|29\/100\n|move|p1a: Slowking|Scald|p2a: Iron Moth\n|-supereffective|p2a: Iron Moth\n|-damage|p2a: Iron Moth|22\/100\n|\n|upkeep\n|turn|13\n|\n|t:|1700498876\n|switch|p1a: Cetitan|Cetitan, F|71\/100\n|move|p2a: Iron Moth|Sludge Wave|p1a: Cetitan\n|-damage|p1a: Cetitan|0 fnt\n|faint|p1a: Cetitan\n|\n|-end|p2a: Iron Moth|move: Future Sight\n|-supereffective|p2a: Iron Moth\n|-damage|p2a: Iron Moth|0 fnt\n|faint|p2a: Iron Moth\n|-end|p2a: Iron Moth|Quark Drive|[silent]\n|upkeep\n|\n|t:|1700498883\n|switch|p2a: Iron Valiant|Iron Valiant|100\/100\n|switch|p1a: Ninetales|Ninetales-Alola, M|100\/100\n|-damage|p1a: Ninetales|88\/100|[from] Spikes\n|-weather|Snow|[from] ability: Snow Warning|[of] p1a: Ninetales\n|-enditem|p2a: Iron Valiant|Booster Energy\n|-activate|p2a: Iron Valiant|ability: Quark Drive|[fromitem]\n|-start|p2a: Iron Valiant|quarkdrivespe\n|turn|14\n|\n|t:|1700498889\n|move|p2a: Iron Valiant|Spirit Break|p1a: Ninetales\n|-damage|p1a: Ninetales|58\/100\n|-unboost|p1a: Ninetales|spa|1\n|move|p1a: Ninetales|Aurora Veil|p1a: Ninetales\n|-sidestart|p1: xcxcxxcxc|move: Aurora Veil\n|\n|-weather|Snow|[upkeep]\n|upkeep\n|turn|15\n|\n|t:|1700498911\n|switch|p1a: Enamorus|Enamorus, F|100\/100\n|move|p2a: Iron Valiant|Spirit Break|p1a: Enamorus\n|-damage|p1a: Enamorus|72\/100\n|-unboost|p1a: Enamorus|spa|1\n|\n|-weather|Snow|[upkeep]\n|-heal|p1a: Enamorus|78\/100|[from] item: Leftovers\n|upkeep\n|turn|16\n|\n|t:|1700498918\n|move|p2a: Iron Valiant|Spirit Break|p1a: Enamorus\n|-crit|p1a: Enamorus\n|-damage|p1a: Enamorus|0 fnt\n|faint|p1a: Enamorus\n|\n|-weather|Snow|[upkeep]\n|upkeep\n|\n|t:|1700498921\n|switch|p1a: Articuno|Articuno-Galar, shiny|100\/100\n|turn|17\n|\n|t:|1700498931\n|move|p2a: Iron Valiant|Spirit Break|p1a: Articuno\n|-damage|p1a: Articuno|87\/100\n|-unboost|p1a: Articuno|spa|1\n|-ability|p1a: Articuno|Competitive|boost\n|-boost|p1a: Articuno|spa|2\n|move|p1a: Articuno|Agility|p1a: Articuno\n|-boost|p1a: Articuno|spe|2\n|\n|-weather|Snow|[upkeep]\n|upkeep\n|turn|18\n|\n|t:|1700498941\n|move|p2a: Iron Valiant|Destiny Bond|p2a: Iron Valiant\n|-singlemove|p2a: Iron Valiant|Destiny Bond\n|move|p1a: Articuno|Calm Mind|p1a: Articuno\n|-boost|p1a: Articuno|spa|1\n|-boost|p1a: Articuno|spd|1\n|\n|-weather|none\n|upkeep\n|turn|19\n|\n|t:|1700498946\n|move|p2a: Iron Valiant|Knock Off|p1a: Articuno\n|-supereffective|p1a: Articuno\n|-damage|p1a: Articuno|63\/100\n|-enditem|p1a: Articuno|Weakness Policy\n|-boost|p1a: Articuno|atk|2|[from] item: Weakness Policy\n|-boost|p1a: Articuno|spa|2|[from] item: Weakness Policy\n|move|p1a: Articuno|Agility|p1a: Articuno\n|-boost|p1a: Articuno|spe|2\n|\n|upkeep\n|turn|20\n|\n|t:|1700498955\n|-terastallize|p1a: Articuno|Fairy\n|move|p1a: Articuno|Tera Blast|p2a: Iron Valiant|[anim] Tera Blast Fairy\n|-supereffective|p2a: Iron Valiant\n|-damage|p2a: Iron Valiant|0 fnt\n|faint|p2a: Iron Valiant\n|-end|p2a: Iron Valiant|Quark Drive|[silent]\n|\n|upkeep\n|\n|t:|1700498977\n|switch|p2a: Kingambit|Kingambit, M|100\/100\n|-activate|p2a: Kingambit|ability: Supreme Overlord\n|-start|p2a: Kingambit|fallen4|[silent]\n|turn|21\n|\n|t:|1700498980\n|move|p1a: Articuno|Tera Blast|p2a: Kingambit|[anim] Tera Blast Fairy\n|-damage|p2a: Kingambit|0 fnt\n|faint|p2a: Kingambit\n|-end|p2a: Kingambit|fallen4|[silent]\n|\n|-sideend|p1: xcxcxxcxc|move: Aurora Veil\n|upkeep\n|\n|t:|1700498984\n|switch|p2a: Garchomp|Garchomp, F|100\/100\n|turn|22\n|l|\u2606xcxcxxcxc\n|player|p1|\n|j|\u2606xcxcxxcxc\n|player|p1|xcxcxxcxc|lucas\n|\n|t:|1700499011\n|move|p1a: Articuno|Stored Power|p2a: Garchomp\n|-damage|p2a: Garchomp|0 fnt\n|faint|p2a: Garchomp\n|\n|win|xcxcxxcxc\n|raw|xcxcxxcxc's rating: 1613 &rarr; <strong>1633<\/strong><br \/>(+20 for winning)\n|raw|kjllkl's rating: 1614 &rarr; <strong>1594<\/strong><br \/>(-20 for losing)\n","uploadtime":1700499015,"views":6,"p1id":"xcxcxxcxc","p2id":"kjllkl","formatid":"gen9ou","rating":1594,"private":0,"password":""}