{"id":"gen9ou-1989828325","p1":"KendrickLamar(real","p2":"CherrySaucer","format":"[Gen 9] OU","log":"|j|\u2606KendrickLamar(real\n|j|\u2606CherrySaucer\n|t:|1699899143\n|gametype|singles\n|player|p1|KendrickLamar(real|1|1369\n|player|p2|CherrySaucer|rocketgrunt|1331\n|teamsize|p1|6\n|teamsize|p2|6\n|gen|9\n|tier|[Gen 9] OU\n|rated|\n|rule|Sleep Clause Mod: Limit one foe put to sleep\n|rule|Species Clause: Limit one of each Pok\u00e9mon\n|rule|OHKO Clause: OHKO moves are banned\n|rule|Evasion Items Clause: Evasion items are banned\n|rule|Evasion Moves Clause: Evasion moves are banned\n|rule|Endless Battle Clause: Forcing endless battles is banned\n|rule|HP Percentage Mod: HP is shown in percentages\n|clearpoke\n|poke|p1|Ting-Lu|\n|poke|p1|Iron Valiant|\n|poke|p1|Ceruledge, M|\n|poke|p1|Kingambit, F|\n|poke|p1|Cinderace, F|\n|poke|p1|Corviknight, M|\n|poke|p2|Kommo-o, F|\n|poke|p2|Grimmsnarl, M|\n|poke|p2|Dondozo, F|\n|poke|p2|Corviknight, M|\n|poke|p2|Great Tusk|\n|poke|p2|Iron Valiant|\n|teampreview\n|\n|t:|1699899152\n|start\n|switch|p1a: Ting-Lu|Ting-Lu|100\/100\n|switch|p2a: Tuskuthy|Great Tusk|100\/100\n|-ability|p1a: Ting-Lu|Vessel of Ruin\n|turn|1\n|\n|t:|1699899161\n|switch|p1a: Corviknight|Corviknight, M|100\/100\n|-ability|p1a: Corviknight|Pressure\n|move|p2a: Tuskuthy|Knock Off|p1a: Corviknight\n|-damage|p1a: Corviknight|83\/100\n|-damage|p2a: Tuskuthy|84\/100|[from] item: Rocky Helmet|[of] p1a: Corviknight\n|-enditem|p1a: Corviknight|Rocky Helmet|[from] move: Knock Off|[of] p2a: Tuskuthy\n|\n|-heal|p2a: Tuskuthy|90\/100|[from] item: Leftovers\n|upkeep\n|turn|2\n|\n|t:|1699899172\n|-end|p2a: Tuskuthy|Protosynthesis|[silent]\n|switch|p2a: ACQUIRETHESQUIRE|Corviknight, M|100\/100\n|-ability|p2a: ACQUIRETHESQUIRE|Pressure\n|move|p1a: Corviknight|Brave Bird|p2a: ACQUIRETHESQUIRE\n|-resisted|p2a: ACQUIRETHESQUIRE\n|-damage|p2a: ACQUIRETHESQUIRE|90\/100\n|-damage|p1a: Corviknight|66\/100|[from] item: Rocky Helmet|[of] p2a: ACQUIRETHESQUIRE\n|-damage|p1a: Corviknight|63\/100|[from] Recoil\n|\n|upkeep\n|turn|3\n|\n|t:|1699899177\n|move|p1a: Corviknight|Roost|p1a: Corviknight\n|-heal|p1a: Corviknight|100\/100\n|-singleturn|p1a: Corviknight|move: Roost\n|move|p2a: ACQUIRETHESQUIRE|U-turn|p1a: Corviknight\n|-resisted|p1a: Corviknight\n|-damage|p1a: Corviknight|96\/100\n|\n|t:|1699899186\n|switch|p2a: you misplayed|Grimmsnarl, M|100\/100|[from] U-turn\n|\n|upkeep\n|turn|4\n|\n|t:|1699899201\n|switch|p1a: Iron Valiant|Iron Valiant|100\/100\n|move|p2a: you misplayed|Reflect|p2a: you misplayed\n|-sidestart|p2: CherrySaucer|Reflect\n|\n|upkeep\n|turn|5\n|\n|t:|1699899206\n|move|p2a: you misplayed|Parting Shot|p1a: Iron Valiant\n|-unboost|p1a: Iron Valiant|atk|1\n|-unboost|p1a: Iron Valiant|spa|1\n|\n|t:|1699899210\n|switch|p2a: ACQUIRETHESQUIRE|Corviknight, M|90\/100|[from] Parting Shot\n|-ability|p2a: ACQUIRETHESQUIRE|Pressure\n|move|p1a: Iron Valiant|Moonblast|p2a: ACQUIRETHESQUIRE\n|-resisted|p2a: ACQUIRETHESQUIRE\n|-damage|p2a: ACQUIRETHESQUIRE|75\/100\n|\n|upkeep\n|turn|6\n|\n|t:|1699899216\n|-end|p1a: Iron Valiant|Quark Drive|[silent]\n|switch|p1a: Ceruledge|Ceruledge, M|100\/100\n|move|p2a: ACQUIRETHESQUIRE|Brave Bird|p1a: Ceruledge\n|-damage|p1a: Ceruledge|55\/100\n|-damage|p2a: ACQUIRETHESQUIRE|62\/100|[from] Recoil\n|\n|upkeep\n|turn|7\n|\n|t:|1699899224\n|switch|p2a: Cluwne|Dondozo, F|100\/100\n|move|p1a: Ceruledge|Bitter Blade|p2a: Cluwne\n|-resisted|p2a: Cluwne\n|-damage|p2a: Cluwne|95\/100\n|-heal|p1a: Ceruledge|59\/100|[from] drain|[of] p2a: Cluwne\n|\n|-heal|p2a: Cluwne|100\/100|[from] item: Leftovers\n|upkeep\n|turn|8\n|\n|t:|1699899231\n|switch|p1a: Iron Valiant|Iron Valiant|100\/100\n|move|p2a: Cluwne|Liquidation|p1a: Iron Valiant\n|-damage|p1a: Iron Valiant|60\/100\n|\n|upkeep\n|turn|9\n|\n|t:|1699899236\n|move|p1a: Iron Valiant|Trick|p2a: Cluwne\n|-activate|p1a: Iron Valiant|move: Trick|[of] p2a: Cluwne\n|-item|p2a: Cluwne|Choice Scarf|[from] move: Trick\n|-item|p1a: Iron Valiant|Leftovers|[from] move: Trick\n|move|p2a: Cluwne|Liquidation|p1a: Iron Valiant\n|-damage|p1a: Iron Valiant|20\/100\n|\n|-heal|p1a: Iron Valiant|26\/100|[from] item: Leftovers\n|upkeep\n|turn|10\n|\n|t:|1699899246\n|-end|p1a: Iron Valiant|Quark Drive|[silent]\n|switch|p1a: Corviknight|Corviknight, M|96\/100\n|-ability|p1a: Corviknight|Pressure\n|move|p2a: Cluwne|Liquidation|p1a: Corviknight\n|-damage|p1a: Corviknight|78\/100\n|\n|upkeep\n|turn|11\n|\n|t:|1699899252\n|move|p1a: Corviknight|Roost|p1a: Corviknight\n|-heal|p1a: Corviknight|100\/100\n|-singleturn|p1a: Corviknight|move: Roost\n|move|p2a: Cluwne|Liquidation|p1a: Corviknight\n|-damage|p1a: Corviknight|84\/100\n|\n|-sideend|p2: CherrySaucer|Reflect\n|upkeep\n|turn|12\n|\n|t:|1699899259\n|move|p1a: Corviknight|Body Press|p2a: Cluwne\n|-damage|p2a: Cluwne|85\/100\n|move|p2a: Cluwne|Liquidation|p1a: Corviknight\n|-damage|p1a: Corviknight|65\/100\n|\n|upkeep\n|turn|13\n|\n|t:|1699899264\n|move|p1a: Corviknight|Body Press|p2a: Cluwne\n|-damage|p2a: Cluwne|70\/100\n|move|p2a: Cluwne|Liquidation|p1a: Corviknight\n|-damage|p1a: Corviknight|48\/100\n|\n|upkeep\n|turn|14\n|\n|t:|1699899266\n|move|p1a: Corviknight|Roost|p1a: Corviknight\n|-heal|p1a: Corviknight|98\/100\n|-singleturn|p1a: Corviknight|move: Roost\n|move|p2a: Cluwne|Liquidation|p1a: Corviknight\n|-damage|p1a: Corviknight|82\/100\n|\n|upkeep\n|turn|15\n|\n|t:|1699899270\n|move|p1a: Corviknight|Body Press|p2a: Cluwne\n|-damage|p2a: Cluwne|55\/100\n|move|p2a: Cluwne|Liquidation|p1a: Corviknight\n|-damage|p1a: Corviknight|65\/100\n|\n|upkeep\n|turn|16\n|\n|t:|1699899274\n|move|p1a: Corviknight|Body Press|p2a: Cluwne\n|-damage|p2a: Cluwne|39\/100\n|move|p2a: Cluwne|Liquidation|p1a: Corviknight\n|-damage|p1a: Corviknight|47\/100\n|\n|upkeep\n|turn|17\n|\n|t:|1699899281\n|switch|p2a: you misplayed|Grimmsnarl, M|100\/100\n|move|p1a: Corviknight|Roost|p1a: Corviknight\n|-heal|p1a: Corviknight|97\/100\n|-singleturn|p1a: Corviknight|move: Roost\n|\n|upkeep\n|turn|18\n|\n|t:|1699899285\n|move|p2a: you misplayed|Reflect|p2a: you misplayed\n|-sidestart|p2: CherrySaucer|Reflect\n|move|p1a: Corviknight|U-turn|p2a: you misplayed\n|-damage|p2a: you misplayed|92\/100\n|\n|t:|1699899294\n|switch|p1a: Iron Valiant|Iron Valiant|26\/100|[from] U-turn\n|\n|-heal|p1a: Iron Valiant|32\/100|[from] item: Leftovers\n|upkeep\n|turn|19\n|\n|t:|1699899298\n|move|p1a: Iron Valiant|Moonblast|p2a: you misplayed\n|-supereffective|p2a: you misplayed\n|-crit|p2a: you misplayed\n|-damage|p2a: you misplayed|0 fnt\n|faint|p2a: you misplayed\n|\n|-heal|p1a: Iron Valiant|39\/100|[from] item: Leftovers\n|upkeep\n|\n|t:|1699899302\n|switch|p2a: the bax|Kommo-o, F|100\/100\n|turn|20\n|\n|t:|1699899309\n|switch|p2a: Cluwne|Dondozo, F|39\/100\n|move|p1a: Iron Valiant|Moonblast|p2a: Cluwne\n|-damage|p2a: Cluwne|7\/100\n|\n|-heal|p1a: Iron Valiant|45\/100|[from] item: Leftovers\n|upkeep\n|turn|21\n|\n|t:|1699899312\n|move|p1a: Iron Valiant|Moonblast|p2a: Cluwne\n|-damage|p2a: Cluwne|0 fnt\n|faint|p2a: Cluwne\n|\n|-heal|p1a: Iron Valiant|51\/100|[from] item: Leftovers\n|upkeep\n|\n|t:|1699899325\n|switch|p2a: ACQUIRETHESQUIRE|Corviknight, M|62\/100\n|-ability|p2a: ACQUIRETHESQUIRE|Pressure\n|turn|22\n|\n|t:|1699899329\n|move|p1a: Iron Valiant|Close Combat|p2a: ACQUIRETHESQUIRE\n|-damage|p2a: ACQUIRETHESQUIRE|46\/100\n|-unboost|p1a: Iron Valiant|def|1\n|-unboost|p1a: Iron Valiant|spd|1\n|-damage|p1a: Iron Valiant|34\/100|[from] item: Rocky Helmet|[of] p2a: ACQUIRETHESQUIRE\n|move|p2a: ACQUIRETHESQUIRE|Roost|p2a: ACQUIRETHESQUIRE\n|-heal|p2a: ACQUIRETHESQUIRE|96\/100\n|-singleturn|p2a: ACQUIRETHESQUIRE|move: Roost\n|\n|-heal|p1a: Iron Valiant|41\/100|[from] item: Leftovers\n|upkeep\n|turn|23\n|\n|t:|1699899335\n|-end|p1a: Iron Valiant|Quark Drive|[silent]\n|switch|p1a: Cinderace|Cinderace, F|100\/100\n|move|p2a: ACQUIRETHESQUIRE|Brave Bird|p1a: Cinderace\n|-damage|p1a: Cinderace|56\/100\n|-damage|p2a: ACQUIRETHESQUIRE|83\/100|[from] Recoil\n|\n|upkeep\n|turn|24\n|\n|t:|1699899340\n|switch|p2a: Tuskuthy|Great Tusk|90\/100\n|move|p1a: Cinderace|Court Change|p1a: Cinderace\n|-swapsideconditions\n|-activate|p1a: Cinderace|move: Court Change\n|\n|-heal|p2a: Tuskuthy|96\/100|[from] item: Leftovers\n|upkeep\n|turn|25\n|\n|t:|1699899344\n|move|p1a: Cinderace|Will-O-Wisp|p2a: Tuskuthy\n|-status|p2a: Tuskuthy|brn\n|move|p2a: Tuskuthy|Stealth Rock|p1a: Cinderace\n|-sidestart|p1: KendrickLamar(real|move: Stealth Rock\n|\n|-heal|p2a: Tuskuthy|100\/100 brn|[from] item: Leftovers\n|-damage|p2a: Tuskuthy|94\/100 brn|[from] brn\n|-sideend|p1: KendrickLamar(real|Reflect\n|upkeep\n|turn|26\n|\n|t:|1699899352\n|move|p1a: Cinderace|U-turn|p2a: Tuskuthy\n|-resisted|p2a: Tuskuthy\n|-damage|p2a: Tuskuthy|90\/100 brn\n|\n|t:|1699899356\n|switch|p1a: Ting-Lu|Ting-Lu|100\/100|[from] U-turn\n|-damage|p1a: Ting-Lu|94\/100|[from] Stealth Rock\n|-ability|p1a: Ting-Lu|Vessel of Ruin\n|move|p2a: Tuskuthy|Knock Off|p1a: Ting-Lu\n|-resisted|p1a: Ting-Lu\n|-damage|p1a: Ting-Lu|90\/100\n|-enditem|p1a: Ting-Lu|Leftovers|[from] move: Knock Off|[of] p2a: Tuskuthy\n|\n|-heal|p2a: Tuskuthy|96\/100 brn|[from] item: Leftovers\n|-damage|p2a: Tuskuthy|90\/100 brn|[from] brn\n|upkeep\n|turn|27\n|\n|t:|1699899367\n|-end|p2a: Tuskuthy|Protosynthesis|[silent]\n|switch|p2a: HoodBoltBeam|Iron Valiant|100\/100\n|-enditem|p2a: HoodBoltBeam|Booster Energy\n|-activate|p2a: HoodBoltBeam|ability: Quark Drive|[fromitem]\n|-start|p2a: HoodBoltBeam|quarkdrivespe\n|move|p1a: Ting-Lu|Stealth Rock|p2a: HoodBoltBeam\n|-sidestart|p2: CherrySaucer|move: Stealth Rock\n|\n|upkeep\n|turn|28\n|\n|t:|1699899372\n|move|p2a: HoodBoltBeam|Encore|p1a: Ting-Lu\n|-start|p1a: Ting-Lu|Encore\n|move|p1a: Ting-Lu|Stealth Rock||[still]\n|-fail|p1a: Ting-Lu\n|\n|upkeep\n|turn|29\n|\n|t:|1699899380\n|switch|p1a: Cinderace|Cinderace, F|56\/100\n|move|p2a: HoodBoltBeam|Calm Mind|p2a: HoodBoltBeam\n|-boost|p2a: HoodBoltBeam|spa|1\n|-boost|p2a: HoodBoltBeam|spd|1\n|\n|upkeep\n|turn|30\n|\n|t:|1699899385\n|move|p2a: HoodBoltBeam|Focus Blast|p1a: Cinderace|[miss]\n|-miss|p2a: HoodBoltBeam|p1a: Cinderace\n|move|p1a: Cinderace|Pyro Ball|p2a: HoodBoltBeam\n|-damage|p2a: HoodBoltBeam|36\/100\n|\n|upkeep\n|turn|31\n|\n|t:|1699899389\n|move|p2a: HoodBoltBeam|Focus Blast|p1a: Cinderace|[miss]\n|-miss|p2a: HoodBoltBeam|p1a: Cinderace\n|move|p1a: Cinderace|Pyro Ball|p2a: HoodBoltBeam\n|-damage|p2a: HoodBoltBeam|0 fnt\n|faint|p2a: HoodBoltBeam\n|-end|p2a: HoodBoltBeam|Quark Drive|[silent]\n|\n|upkeep\n|c|\u2606CherrySaucer|sure\n|\n|t:|1699899397\n|switch|p2a: the bax|Kommo-o, F|100\/100\n|-damage|p2a: the bax|94\/100|[from] Stealth Rock\n|turn|32\n|c|\u2606KendrickLamar(real|bruh\n|\n|t:|1699899404\n|move|p1a: Cinderace|Court Change|p1a: Cinderace\n|-swapsideconditions\n|-activate|p1a: Cinderace|move: Court Change\n|move|p2a: the bax|Clangorous Soul|p2a: the bax\n|-boost|p2a: the bax|atk|1\n|-boost|p2a: the bax|def|1\n|-boost|p2a: the bax|spa|1\n|-boost|p2a: the bax|spd|1\n|-boost|p2a: the bax|spe|1\n|-damage|p2a: the bax|61\/100\n|\n|-heal|p2a: the bax|68\/100|[from] item: Leftovers\n|upkeep\n|turn|33\n|\n|t:|1699899412\n|-terastallize|p2a: the bax|Fire\n|move|p2a: the bax|Clangorous Soul|p2a: the bax\n|-boost|p2a: the bax|atk|1\n|-boost|p2a: the bax|def|1\n|-boost|p2a: the bax|spa|1\n|-boost|p2a: the bax|spd|1\n|-boost|p2a: the bax|spe|1\n|-damage|p2a: the bax|35\/100\n|move|p1a: Cinderace|Pyro Ball|p2a: the bax\n|-immune|p2a: the bax|[from] ability: Bulletproof\n|\n|-heal|p2a: the bax|41\/100|[from] item: Leftovers\n|upkeep\n|turn|34\n|\n|t:|1699899417\n|move|p2a: the bax|Clangorous Soul|p2a: the bax\n|-boost|p2a: the bax|atk|1\n|-boost|p2a: the bax|def|1\n|-boost|p2a: the bax|spa|1\n|-boost|p2a: the bax|spd|1\n|-boost|p2a: the bax|spe|1\n|-damage|p2a: the bax|8\/100\n|move|p1a: Cinderace|U-turn|p2a: the bax\n|-resisted|p2a: the bax\n|-damage|p2a: the bax|4\/100\n|\n|t:|1699899422\n|switch|p1a: Ting-Lu|Ting-Lu|90\/100|[from] U-turn\n|-damage|p1a: Ting-Lu|84\/100|[from] Stealth Rock\n|-ability|p1a: Ting-Lu|Vessel of Ruin\n|\n|-heal|p2a: the bax|10\/100|[from] item: Leftovers\n|upkeep\n|turn|35\n|\n|t:|1699899426\n|move|p2a: the bax|Drain Punch|p1a: Ting-Lu\n|-supereffective|p1a: Ting-Lu\n|-damage|p1a: Ting-Lu|5\/100\n|-heal|p2a: the bax|76\/100|[from] drain|[of] p1a: Ting-Lu\n|move|p1a: Ting-Lu|Earthquake|p2a: the bax\n|-supereffective|p2a: the bax\n|-damage|p2a: the bax|45\/100\n|\n|-heal|p2a: the bax|51\/100|[from] item: Leftovers\n|upkeep\n|turn|36\n|\n|t:|1699899433\n|move|p2a: the bax|Drain Punch|p1a: Ting-Lu\n|-supereffective|p1a: Ting-Lu\n|-damage|p1a: Ting-Lu|0 fnt\n|-heal|p2a: the bax|55\/100|[from] drain|[of] p1a: Ting-Lu\n|faint|p1a: Ting-Lu\n|\n|-heal|p2a: the bax|61\/100|[from] item: Leftovers\n|upkeep\n|\n|t:|1699899439\n|switch|p1a: Iron Valiant|Iron Valiant|41\/100\n|-damage|p1a: Iron Valiant|34\/100|[from] Stealth Rock\n|turn|37\n|\n|t:|1699899443\n|move|p2a: the bax|Flamethrower|p1a: Iron Valiant\n|-damage|p1a: Iron Valiant|0 fnt\n|faint|p1a: Iron Valiant\n|-end|p1a: Iron Valiant|Quark Drive|[silent]\n|\n|-heal|p2a: the bax|68\/100|[from] item: Leftovers\n|upkeep\n|\n|t:|1699899456\n|switch|p1a: Kingambit|Kingambit, F|100\/100\n|-damage|p1a: Kingambit|94\/100|[from] Stealth Rock\n|-activate|p1a: Kingambit|ability: Supreme Overlord\n|-start|p1a: Kingambit|fallen2|[silent]\n|turn|38\n|c|\u2606CherrySaucer|this game is such a joke lol\n|\n|t:|1699899462\n|move|p1a: Kingambit|Sucker Punch|p2a: the bax\n|-damage|p2a: the bax|50\/100\n|move|p2a: the bax|Drain Punch|p1a: Kingambit\n|-supereffective|p1a: Kingambit\n|-damage|p1a: Kingambit|0 fnt\n|-heal|p2a: the bax|100\/100|[from] drain|[of] p1a: Kingambit\n|faint|p1a: Kingambit\n|-end|p1a: Kingambit|fallen2|[silent]\n|\n|upkeep\n|\n|t:|1699899467\n|switch|p1a: Ceruledge|Ceruledge, M|59\/100\n|turn|39\n|\n|t:|1699899470\n|move|p1a: Ceruledge|Shadow Sneak|p2a: the bax\n|-damage|p2a: the bax|94\/100\n|move|p2a: the bax|Clanging Scales|p1a: Ceruledge\n|-damage|p1a: Ceruledge|0 fnt\n|faint|p1a: Ceruledge\n|-unboost|p2a: the bax|def|1\n|\n|-heal|p2a: the bax|99\/100|[from] item: Leftovers\n|upkeep\n|c|\u2606KendrickLamar(real|its joever\n|\n|t:|1699899478\n|switch|p1a: Cinderace|Cinderace, F|56\/100\n|turn|40\n|c|\u2606CherrySaucer|were never getting out of the hood :(((\n|\n|t:|1699899488\n|move|p2a: the bax|Clanging Scales|p1a: Cinderace\n|-damage|p1a: Cinderace|0 fnt\n|faint|p1a: Cinderace\n|-unboost|p2a: the bax|def|1\n|\n|-heal|p2a: the bax|100\/100|[from] item: Leftovers\n|upkeep\n|\n|t:|1699899492\n|switch|p1a: Corviknight|Corviknight, M|97\/100\n|-damage|p1a: Corviknight|85\/100|[from] Stealth Rock\n|-ability|p1a: Corviknight|Pressure\n|turn|41\n|\n|t:|1699899495\n|-terastallize|p1a: Corviknight|Water\n|move|p2a: the bax|Flamethrower|p1a: Corviknight\n|-resisted|p1a: Corviknight\n|-damage|p1a: Corviknight|40\/100\n|move|p1a: Corviknight|Body Press|p2a: the bax\n|-damage|p2a: the bax|83\/100\n|\n|-heal|p2a: the bax|89\/100|[from] item: Leftovers\n|upkeep\n|turn|42\n|\n|t:|1699899498\n|move|p2a: the bax|Clanging Scales|p1a: Corviknight\n|-damage|p1a: Corviknight|0 fnt\n|faint|p1a: Corviknight\n|\n|win|CherrySaucer\n|raw|KendrickLamar(real's rating: 1369 &rarr; <strong>1347<\/strong><br \/>(-22 for losing)\n|raw|CherrySaucer's rating: 1331 &rarr; <strong>1353<\/strong><br \/>(+22 for winning)\n|l|\u2606KendrickLamar(real\n","uploadtime":1699899505,"views":19,"p1id":"kendricklamarreal","p2id":"cherrysaucer","formatid":"gen9ou","rating":1347,"private":0,"password":""}