{"id":"gen9ou-1999507707","p1":"UdAngel","p2":"Garganacllover","format":"[Gen 9] OU","log":"|j|\u2606UdAngel\n|j|\u2606Garganacllover\n|t:|1701090460\n|gametype|singles\n|player|p1|UdAngel|101|1495\n|player|p2|Garganacllover|swimmer-gen4|1528\n|teamsize|p1|6\n|teamsize|p2|6\n|gen|9\n|tier|[Gen 9] OU\n|rated|\n|rule|Sleep Clause Mod: Limit one foe put to sleep\n|rule|Species Clause: Limit one of each Pok\u00e9mon\n|rule|OHKO Clause: OHKO moves are banned\n|rule|Evasion Items Clause: Evasion items are banned\n|rule|Evasion Moves Clause: Evasion moves are banned\n|rule|Endless Battle Clause: Forcing endless battles is banned\n|rule|HP Percentage Mod: HP is shown in percentages\n|clearpoke\n|poke|p1|Ceruledge, M|\n|poke|p1|Rillaboom, M|\n|poke|p1|Ogerpon-Wellspring, F|\n|poke|p1|Enamorus, F|\n|poke|p1|Ninetales-Alola, M|\n|poke|p1|Great Tusk|\n|poke|p2|Garganacl, M|\n|poke|p2|Great Tusk|\n|poke|p2|Gholdengo|\n|poke|p2|Iron Valiant|\n|poke|p2|Dragonite, M|\n|poke|p2|Zapdos|\n|teampreview\n|\n|t:|1701090495\n|start\n|switch|p1a: Ninetales|Ninetales-Alola, M|100\/100\n|switch|p2a: Iron Valiant|Iron Valiant|100\/100\n|-weather|Snow|[from] ability: Snow Warning|[of] p1a: Ninetales\n|turn|1\n|inactive|Battle timer is ON: inactive players will automatically lose when time's up. (requested by Garganacllover)\n|\n|t:|1701090539\n|move|p2a: Iron Valiant|Knock Off|p1a: Ninetales\n|-resisted|p1a: Ninetales\n|-damage|p1a: Ninetales|89\/100\n|-enditem|p1a: Ninetales|Light Clay|[from] move: Knock Off|[of] p2a: Iron Valiant\n|move|p1a: Ninetales|Aurora Veil|p1a: Ninetales\n|-sidestart|p1: UdAngel|move: Aurora Veil\n|\n|-weather|Snow|[upkeep]\n|upkeep\n|turn|2\n|\n|t:|1701090550\n|move|p2a: Iron Valiant|Moonblast|p1a: Ninetales\n|-damage|p1a: Ninetales|66\/100\n|-unboost|p1a: Ninetales|spa|1\n|move|p1a: Ninetales|Freeze-Dry|p2a: Iron Valiant\n|-damage|p2a: Iron Valiant|74\/100\n|-status|p2a: Iron Valiant|frz\n|\n|-weather|Snow|[upkeep]\n|upkeep\n|turn|3\n|\n|t:|1701090567\n|switch|p1a: Enamorus|Enamorus, F|100\/100\n|cant|p2a: Iron Valiant|frz\n|\n|-weather|Snow|[upkeep]\n|upkeep\n|turn|4\n|\n|t:|1701090574\n|-end|p2a: Iron Valiant|Quark Drive|[silent]\n|switch|p2a: Gholdengo|Gholdengo|100\/100\n|-item|p2a: Gholdengo|Air Balloon\n|move|p1a: Enamorus|Moonblast|p2a: Gholdengo\n|-resisted|p2a: Gholdengo\n|-damage|p2a: Gholdengo|59\/100\n|-enditem|p2a: Gholdengo|Air Balloon\n|\n|-weather|Snow|[upkeep]\n|upkeep\n|turn|5\n|\n|t:|1701090586\n|switch|p1a: Great Tusk|Great Tusk|100\/100\n|move|p2a: Gholdengo|Recover|p2a: Gholdengo\n|-heal|p2a: Gholdengo|100\/100\n|\n|-weather|none\n|-sideend|p1: UdAngel|move: Aurora Veil\n|upkeep\n|turn|6\n|\n|t:|1701090596\n|switch|p2a: Zapdos|Zapdos|100\/100\n|move|p1a: Great Tusk|Ice Spinner|p2a: Zapdos\n|-supereffective|p2a: Zapdos\n|-damage|p2a: Zapdos|46\/100\n|\n|upkeep\n|turn|7\n|c|\u2606Garganacllover|do +\n|\n|t:|1701090606\n|-end|p1a: Great Tusk|Protosynthesis|[silent]\n|switch|p1a: Ninetales|Ninetales-Alola, M|66\/100\n|-weather|Snow|[from] ability: Snow Warning|[of] p1a: Ninetales\n|move|p2a: Zapdos|Hurricane|p1a: Ninetales\n|-damage|p1a: Ninetales|20\/100\n|\n|-weather|Snow|[upkeep]\n|upkeep\n|turn|8\n|c|\u2606Garganacllover|nice freeze\n|c|\u2606Garganacllover|u dumb nagger\n|\n|t:|1701090618\n|move|p1a: Ninetales|Aurora Veil|p1a: Ninetales\n|-sidestart|p1: UdAngel|move: Aurora Veil\n|move|p2a: Zapdos|Hurricane|p1a: Ninetales\n|-damage|p1a: Ninetales|0 fnt\n|faint|p1a: Ninetales\n|\n|-weather|Snow|[upkeep]\n|upkeep\n|-message|Garganacllover forfeited.\n|\n|win|UdAngel\n|raw|UdAngel's rating: 1495 &rarr; <strong>1517<\/strong><br \/>(+22 for winning)\n|raw|Garganacllover's rating: 1528 &rarr; <strong>1506<\/strong><br \/>(-22 for losing)\n","uploadtime":1701090613,"views":3,"p1id":"udangel","p2id":"garganacllover","formatid":"gen9ou","rating":1506,"private":0,"password":""}