{"id":"gen9ou-1995320507","p1":"Apamea","p2":"thraxxedout","format":"[Gen 9] OU","log":"|j|\u2606Apamea\n|j|\u2606thraxxedout\n|t:|1700553166\n|gametype|singles\n|player|p1|Apamea|rosa-wonderlauncher|1337\n|player|p2|thraxxedout|cynthia|1425\n|teamsize|p1|6\n|teamsize|p2|6\n|gen|9\n|tier|[Gen 9] OU\n|rated|\n|rule|Sleep Clause Mod: Limit one foe put to sleep\n|rule|Species Clause: Limit one of each Pok\u00e9mon\n|rule|OHKO Clause: OHKO moves are banned\n|rule|Evasion Items Clause: Evasion items are banned\n|rule|Evasion Moves Clause: Evasion moves are banned\n|rule|Endless Battle Clause: Forcing endless battles is banned\n|rule|HP Percentage Mod: HP is shown in percentages\n|clearpoke\n|poke|p1|Glimmora, F|\n|poke|p1|Gholdengo|\n|poke|p1|Kingambit, F|\n|poke|p1|Ting-Lu|\n|poke|p1|Dragapult, F|\n|poke|p1|Staraptor, F|\n|poke|p2|Kommo-o, F|\n|poke|p2|Zamazenta-*|\n|poke|p2|Gholdengo|\n|poke|p2|Hatterene, F|\n|poke|p2|Ting-Lu|\n|poke|p2|Moltres|\n|teampreview\n|inactive|Battle timer is ON: inactive players will automatically lose when time's up. (requested by Apamea)\n|\n|t:|1700553175\n|start\n|switch|p1a: Staraptor|Staraptor, F|100\/100\n|switch|p2a: Teresa \u271d\ufe0f|Hatterene, F|100\/100\n|-ability|p1a: Staraptor|Intimidate|boost\n|-unboost|p2a: Teresa \u271d\ufe0f|atk|1\n|turn|1\n|\n|t:|1700553179\n|move|p1a: Staraptor|U-turn|p2a: Teresa \u271d\ufe0f\n|-damage|p2a: Teresa \u271d\ufe0f|82\/100\n|-enditem|p2a: Teresa \u271d\ufe0f|Red Card|[of] p1a: Staraptor\n|drag|p1a: Ting-Lu|Ting-Lu|100\/100\n|-ability|p1a: Ting-Lu|Vessel of Ruin\n|move|p2a: Teresa \u271d\ufe0f|Nuzzle|p1a: Ting-Lu\n|-immune|p1a: Ting-Lu\n|\n|upkeep\n|turn|2\n|\n|t:|1700553201\n|move|p1a: Ting-Lu|Earthquake|p2a: Teresa \u271d\ufe0f\n|-damage|p2a: Teresa \u271d\ufe0f|44\/100\n|move|p2a: Teresa \u271d\ufe0f|Draining Kiss|p1a: Ting-Lu\n|-supereffective|p1a: Ting-Lu\n|-damage|p1a: Ting-Lu|75\/100\n|-heal|p2a: Teresa \u271d\ufe0f|76\/100|[from] drain|[of] p1a: Ting-Lu\n|\n|-heal|p1a: Ting-Lu|81\/100|[from] item: Leftovers\n|upkeep\n|turn|3\n|\n|t:|1700553210\n|move|p1a: Ting-Lu|Earthquake|p2a: Teresa \u271d\ufe0f\n|-damage|p2a: Teresa \u271d\ufe0f|35\/100\n|move|p2a: Teresa \u271d\ufe0f|Mystical Fire|p1a: Ting-Lu\n|-damage|p1a: Ting-Lu|69\/100\n|-unboost|p1a: Ting-Lu|spa|1\n|\n|-heal|p1a: Ting-Lu|75\/100|[from] item: Leftovers\n|upkeep\n|turn|4\n|\n|t:|1700553217\n|move|p1a: Ting-Lu|Earthquake|p2a: Teresa \u271d\ufe0f\n|-damage|p2a: Teresa \u271d\ufe0f|0 fnt\n|faint|p2a: Teresa \u271d\ufe0f\n|\n|-heal|p1a: Ting-Lu|81\/100|[from] item: Leftovers\n|upkeep\n|\n|t:|1700553227\n|switch|p2a: Iris \ud83d\udd31|Gholdengo, shiny|100\/100\n|turn|5\n|inactive|Apamea has 120 seconds left.\n|\n|t:|1700553271\n|move|p2a: Iris \ud83d\udd31|Trick|p1a: Ting-Lu\n|-activate|p2a: Iris \ud83d\udd31|move: Trick|[of] p1a: Ting-Lu\n|-item|p1a: Ting-Lu|Choice Scarf|[from] move: Trick\n|-item|p2a: Iris \ud83d\udd31|Leftovers|[from] move: Trick\n|move|p1a: Ting-Lu|Earthquake|p2a: Iris \ud83d\udd31\n|-supereffective|p2a: Iris \ud83d\udd31\n|-damage|p2a: Iris \ud83d\udd31|10\/100\n|\n|-heal|p2a: Iris \ud83d\udd31|16\/100|[from] item: Leftovers\n|upkeep\n|turn|6\n|l|\u2606thraxxedout\n|inactive|thraxxedout disconnected and has a minute to reconnect!\n|player|p2|\n|j|\u2606thraxxedout\n|inactive|thraxxedout reconnected and has 140 seconds left.\n|player|p2|thraxxedout|cynthia\n|inactive|thraxxedout has 120 seconds left.\n|inactive|Apamea has 90 seconds left.\n|\n|t:|1700553316\n|switch|p2a: Mai Tai \ud83e\udd61|Ting-Lu|100\/100\n|-ability|p2a: Mai Tai \ud83e\udd61|Vessel of Ruin\n|switch|p1a: Glimmora|Glimmora, F|100\/100\n|\n|upkeep\n|turn|7\n|inactive|Apamea has 90 seconds left.\n|\n|t:|1700553338\n|move|p1a: Glimmora|Energy Ball|p2a: Mai Tai \ud83e\udd61\n|-supereffective|p2a: Mai Tai \ud83e\udd61\n|-damage|p2a: Mai Tai \ud83e\udd61|64\/100\n|move|p2a: Mai Tai \ud83e\udd61|Ruination|p1a: Glimmora|[miss]\n|-miss|p2a: Mai Tai \ud83e\udd61|p1a: Glimmora\n|\n|-heal|p2a: Mai Tai \ud83e\udd61|70\/100|[from] item: Leftovers\n|upkeep\n|turn|8\n|inactive|thraxxedout has 120 seconds left.\n|\n|t:|1700553361\n|switch|p2a: Connie \u2696\ufe0f|Kommo-o, F, shiny|100\/100\n|move|p1a: Glimmora|Stealth Rock|p2a: Connie \u2696\ufe0f\n|-sidestart|p2: thraxxedout|move: Stealth Rock\n|\n|upkeep\n|turn|9\n|\n|t:|1700553372\n|-terastallize|p2a: Connie \u2696\ufe0f|Steel\n|move|p1a: Glimmora|Mortal Spin|p2a: Connie \u2696\ufe0f\n|-immune|p2a: Connie \u2696\ufe0f\n|move|p2a: Connie \u2696\ufe0f|Clangorous Soul|p2a: Connie \u2696\ufe0f\n|-boost|p2a: Connie \u2696\ufe0f|atk|1\n|-boost|p2a: Connie \u2696\ufe0f|def|1\n|-boost|p2a: Connie \u2696\ufe0f|spa|1\n|-boost|p2a: Connie \u2696\ufe0f|spd|1\n|-boost|p2a: Connie \u2696\ufe0f|spe|1\n|-damage|p2a: Connie \u2696\ufe0f|68\/100\n|-enditem|p2a: Connie \u2696\ufe0f|Throat Spray\n|-boost|p2a: Connie \u2696\ufe0f|spa|1|[from] item: Throat Spray\n|\n|upkeep\n|turn|10\n|\n|t:|1700553381\n|move|p2a: Connie \u2696\ufe0f|Clanging Scales|p1a: Glimmora\n|-enditem|p1a: Glimmora|Focus Sash\n|-damage|p1a: Glimmora|1\/100\n|-unboost|p2a: Connie \u2696\ufe0f|def|1\n|move|p1a: Glimmora|Earth Power|p2a: Connie \u2696\ufe0f\n|-supereffective|p2a: Connie \u2696\ufe0f\n|-damage|p2a: Connie \u2696\ufe0f|24\/100\n|-unboost|p2a: Connie \u2696\ufe0f|spd|1\n|\n|upkeep\n|turn|11\n|inactive|Apamea has 90 seconds left.\n|\n|t:|1700553396\n|move|p2a: Connie \u2696\ufe0f|Boomburst|p1a: Glimmora\n|-resisted|p1a: Glimmora\n|-damage|p1a: Glimmora|0 fnt\n|faint|p1a: Glimmora\n|\n|upkeep\n|\n|t:|1700553413\n|switch|p1a: Staraptor|Staraptor, F|100\/100\n|-ability|p1a: Staraptor|Intimidate|boost\n|-unboost|p2a: Connie \u2696\ufe0f|atk|1\n|turn|12\n|\n|t:|1700553420\n|move|p1a: Staraptor|Close Combat|p2a: Connie \u2696\ufe0f\n|-supereffective|p2a: Connie \u2696\ufe0f\n|-damage|p2a: Connie \u2696\ufe0f|0 fnt\n|-unboost|p1a: Staraptor|def|1\n|-unboost|p1a: Staraptor|spd|1\n|faint|p2a: Connie \u2696\ufe0f\n|\n|upkeep\n|inactive|thraxxedout has 120 seconds left.\n|\n|t:|1700553431\n|switch|p2a: Grey \u2764\ufe0f\u200d\ud83d\udd25|Moltres, shiny|100\/100\n|turn|13\n|\n|t:|1700553437\n|switch|p1a: Gholdengo|Gholdengo|100\/100\n|move|p2a: Grey \u2764\ufe0f\u200d\ud83d\udd25|Will-O-Wisp|p1a: Gholdengo\n|-immune|p1a: Gholdengo|[from] ability: Good as Gold\n|\n|upkeep\n|turn|14\n|inactive|Apamea has 90 seconds left.\n|\n|t:|1700553446\n|move|p1a: Gholdengo|Trick|p2a: Grey \u2764\ufe0f\u200d\ud83d\udd25\n|-activate|p1a: Gholdengo|move: Trick|[of] p2a: Grey \u2764\ufe0f\u200d\ud83d\udd25\n|-item|p2a: Grey \u2764\ufe0f\u200d\ud83d\udd25|Choice Scarf|[from] move: Trick\n|-item|p1a: Gholdengo|Heavy-Duty Boots|[from] move: Trick\n|move|p2a: Grey \u2764\ufe0f\u200d\ud83d\udd25|Flamethrower|p1a: Gholdengo\n|-supereffective|p1a: Gholdengo\n|-damage|p1a: Gholdengo|11\/100\n|-status|p1a: Gholdengo|brn\n|\n|-damage|p1a: Gholdengo|5\/100 brn|[from] brn\n|upkeep\n|turn|15\n|\n|t:|1700553454\n|switch|p1a: Ting-Lu|Ting-Lu|81\/100\n|-ability|p1a: Ting-Lu|Vessel of Ruin\n|move|p2a: Grey \u2764\ufe0f\u200d\ud83d\udd25|Flamethrower|p1a: Ting-Lu\n|-damage|p1a: Ting-Lu|64\/100\n|-status|p1a: Ting-Lu|brn\n|\n|-damage|p1a: Ting-Lu|58\/100 brn|[from] brn\n|upkeep\n|turn|16\n|inactive|Apamea has 90 seconds left.\n|\n|t:|1700553479\n|switch|p2a: Mai Tai \ud83e\udd61|Ting-Lu|70\/100\n|-damage|p2a: Mai Tai \ud83e\udd61|64\/100|[from] Stealth Rock\n|-ability|p2a: Mai Tai \ud83e\udd61|Vessel of Ruin\n|move|p1a: Ting-Lu|Spikes|p2a: Mai Tai \ud83e\udd61\n|-sidestart|p2: thraxxedout|Spikes\n|\n|-heal|p2a: Mai Tai \ud83e\udd61|70\/100|[from] item: Leftovers\n|-damage|p1a: Ting-Lu|52\/100 brn|[from] brn\n|upkeep\n|turn|17\n|\n|t:|1700553488\n|move|p1a: Ting-Lu|Spikes|p2a: Mai Tai \ud83e\udd61\n|-sidestart|p2: thraxxedout|Spikes\n|move|p2a: Mai Tai \ud83e\udd61|Ruination|p1a: Ting-Lu\n|-damage|p1a: Ting-Lu|26\/100 brn\n|\n|-heal|p2a: Mai Tai \ud83e\udd61|76\/100|[from] item: Leftovers\n|-damage|p1a: Ting-Lu|20\/100 brn|[from] brn\n|upkeep\n|turn|18\n|\n|t:|1700553492\n|move|p1a: Ting-Lu|Spikes|p2a: Mai Tai \ud83e\udd61\n|-sidestart|p2: thraxxedout|Spikes\n|move|p2a: Mai Tai \ud83e\udd61|Earthquake|p1a: Ting-Lu\n|-damage|p1a: Ting-Lu|0 fnt\n|faint|p1a: Ting-Lu\n|\n|-heal|p2a: Mai Tai \ud83e\udd61|82\/100|[from] item: Leftovers\n|upkeep\n|\n|t:|1700553498\n|switch|p1a: Staraptor|Staraptor, F|100\/100\n|-ability|p1a: Staraptor|Intimidate|boost\n|-unboost|p2a: Mai Tai \ud83e\udd61|atk|1\n|turn|19\n|inactive|Apamea has 90 seconds left.\n|\n|t:|1700553514\n|switch|p2a: Grey \u2764\ufe0f\u200d\ud83d\udd25|Moltres, shiny|100\/100\n|-damage|p2a: Grey \u2764\ufe0f\u200d\ud83d\udd25|51\/100|[from] Stealth Rock\n|move|p1a: Staraptor|Close Combat|p2a: Grey \u2764\ufe0f\u200d\ud83d\udd25\n|-resisted|p2a: Grey \u2764\ufe0f\u200d\ud83d\udd25\n|-damage|p2a: Grey \u2764\ufe0f\u200d\ud83d\udd25|38\/100\n|-unboost|p1a: Staraptor|def|1\n|-unboost|p1a: Staraptor|spd|1\n|\n|upkeep\n|turn|20\n|inactive|Apamea has 90 seconds left.\n|\n|t:|1700553533\n|switch|p1a: Gholdengo|Gholdengo|5\/100 brn\n|move|p2a: Grey \u2764\ufe0f\u200d\ud83d\udd25|Roost|p2a: Grey \u2764\ufe0f\u200d\ud83d\udd25\n|-heal|p2a: Grey \u2764\ufe0f\u200d\ud83d\udd25|88\/100\n|-singleturn|p2a: Grey \u2764\ufe0f\u200d\ud83d\udd25|move: Roost\n|\n|-damage|p1a: Gholdengo|0 fnt|[from] brn\n|faint|p1a: Gholdengo\n|upkeep\n|\n|t:|1700553555\n|switch|p1a: Dragapult|Dragapult, F|100\/100\n|turn|21\n|\n|t:|1700553576\n|move|p1a: Dragapult|Light Screen|p1a: Dragapult\n|-sidestart|p1: Apamea|move: Light Screen\n|move|p2a: Grey \u2764\ufe0f\u200d\ud83d\udd25|Roost|p2a: Grey \u2764\ufe0f\u200d\ud83d\udd25\n|-heal|p2a: Grey \u2764\ufe0f\u200d\ud83d\udd25|100\/100\n|-singleturn|p2a: Grey \u2764\ufe0f\u200d\ud83d\udd25|move: Roost\n|\n|upkeep\n|turn|22\n|\n|t:|1700553585\n|switch|p2a: Mai Tai \ud83e\udd61|Ting-Lu|82\/100\n|-damage|p2a: Mai Tai \ud83e\udd61|76\/100|[from] Stealth Rock\n|-damage|p2a: Mai Tai \ud83e\udd61|51\/100|[from] Spikes\n|-ability|p2a: Mai Tai \ud83e\udd61|Vessel of Ruin\n|move|p1a: Dragapult|Thunder Wave|p2a: Mai Tai \ud83e\udd61\n|-immune|p2a: Mai Tai \ud83e\udd61\n|\n|-heal|p2a: Mai Tai \ud83e\udd61|57\/100|[from] item: Leftovers\n|upkeep\n|turn|23\n|\n|t:|1700553603\n|move|p1a: Dragapult|Reflect|p1a: Dragapult\n|-sidestart|p1: Apamea|Reflect\n|move|p2a: Mai Tai \ud83e\udd61|Ruination|p1a: Dragapult\n|-damage|p1a: Dragapult|50\/100\n|\n|-heal|p2a: Mai Tai \ud83e\udd61|64\/100|[from] item: Leftovers\n|upkeep\n|turn|24\n|\n|t:|1700553612\n|switch|p1a: Staraptor|Staraptor, F|100\/100\n|-ability|p1a: Staraptor|Intimidate|boost\n|-unboost|p2a: Mai Tai \ud83e\udd61|atk|1\n|move|p2a: Mai Tai \ud83e\udd61|Stealth Rock|p1a: Staraptor\n|-sidestart|p1: Apamea|move: Stealth Rock\n|\n|-heal|p2a: Mai Tai \ud83e\udd61|70\/100|[from] item: Leftovers\n|upkeep\n|turn|25\n|\n|t:|1700553620\n|switch|p2a: Grey \u2764\ufe0f\u200d\ud83d\udd25|Moltres, shiny|100\/100\n|-damage|p2a: Grey \u2764\ufe0f\u200d\ud83d\udd25|51\/100|[from] Stealth Rock\n|move|p1a: Staraptor|Final Gambit|p2a: Grey \u2764\ufe0f\u200d\ud83d\udd25\n|-damage|p2a: Grey \u2764\ufe0f\u200d\ud83d\udd25|0 fnt\n|faint|p1a: Staraptor\n|faint|p2a: Grey \u2764\ufe0f\u200d\ud83d\udd25\n|\n|upkeep\n|inactive|thraxxedout has 120 seconds left.\n|\n|t:|1700553662\n|switch|p1a: Dragapult|Dragapult, F|50\/100\n|switch|p2a: Mai Tai \ud83e\udd61|Ting-Lu|70\/100\n|-damage|p1a: Dragapult|38\/100|[from] Stealth Rock\n|-damage|p2a: Mai Tai \ud83e\udd61|64\/100|[from] Stealth Rock\n|-damage|p2a: Mai Tai \ud83e\udd61|39\/100|[from] Spikes\n|-ability|p2a: Mai Tai \ud83e\udd61|Vessel of Ruin\n|turn|26\n|inactive|Apamea has 90 seconds left.\n|\n|t:|1700553671\n|move|p1a: Dragapult|Curse|p2a: Mai Tai \ud83e\udd61\n|-start|p2a: Mai Tai \ud83e\udd61|Curse|[of] p1a: Dragapult\n|-damage|p1a: Dragapult|0 fnt\n|faint|p1a: Dragapult\n|move|p2a: Mai Tai \ud83e\udd61|Earthquake|p1: Dragapult|[notarget]\n|-fail|p2a: Mai Tai \ud83e\udd61\n|\n|-heal|p2a: Mai Tai \ud83e\udd61|45\/100|[from] item: Leftovers\n|-damage|p2a: Mai Tai \ud83e\udd61|20\/100|[from] Curse\n|upkeep\n|inactive|Apamea has 90 seconds left.\n|\n|t:|1700553679\n|switch|p1a: Kingambit|Kingambit, F|100\/100\n|-damage|p1a: Kingambit|94\/100|[from] Stealth Rock\n|-activate|p1a: Kingambit|ability: Supreme Overlord\n|-start|p1a: Kingambit|fallen5|[silent]\n|turn|27\n|\n|t:|1700553688\n|switch|p2a: Shakira \ud83d\udc3a|Zamazenta, shiny|100\/100\n|-damage|p2a: Shakira \ud83d\udc3a|94\/100|[from] Stealth Rock\n|-damage|p2a: Shakira \ud83d\udc3a|69\/100|[from] Spikes\n|-ability|p2a: Shakira \ud83d\udc3a|Dauntless Shield|boost\n|-boost|p2a: Shakira \ud83d\udc3a|def|1\n|-terastallize|p1a: Kingambit|Fairy\n|move|p1a: Kingambit|Swords Dance|p1a: Kingambit\n|-boost|p1a: Kingambit|atk|2\n|\n|-heal|p2a: Shakira \ud83d\udc3a|76\/100|[from] item: Leftovers\n|-heal|p1a: Kingambit|100\/100|[from] item: Leftovers\n|upkeep\n|turn|28\n|\n|t:|1700553694\n|move|p2a: Shakira \ud83d\udc3a|Iron Defense|p2a: Shakira \ud83d\udc3a\n|-boost|p2a: Shakira \ud83d\udc3a|def|2\n|move|p1a: Kingambit|Tera Blast|p2a: Shakira \ud83d\udc3a|[anim] Tera Blast Fairy\n|-supereffective|p2a: Shakira \ud83d\udc3a\n|-damage|p2a: Shakira \ud83d\udc3a|0 fnt\n|faint|p2a: Shakira \ud83d\udc3a\n|\n|-sideend|p1: Apamea|move: Light Screen\n|upkeep\n|\n|t:|1700553708\n|switch|p2a: Mai Tai \ud83e\udd61|Ting-Lu|20\/100\n|-damage|p2a: Mai Tai \ud83e\udd61|14\/100|[from] Stealth Rock\n|-damage|p2a: Mai Tai \ud83e\udd61|0 fnt|[from] Spikes\n|faint|p2a: Mai Tai \ud83e\udd61\n|-message|thraxxedout forfeited.\n|\n|win|Apamea\n|raw|Apamea's rating: 1337 &rarr; <strong>1362<\/strong><br \/>(+25 for winning)\n|raw|thraxxedout's rating: 1425 &rarr; <strong>1400<\/strong><br \/>(-25 for losing)\n|l|\u2606thraxxedout\n","uploadtime":1700553717,"views":7,"p1id":"apamea","p2id":"thraxxedout","formatid":"gen9ou","rating":1362,"private":0,"password":""}