{"id":"gen9ou-1992615566","p1":"xnckkc","p2":"YO CHEATERS","format":"[Gen 9] OU","log":"|j|\u2606xnckkc\n|j|\u2606YO CHEATERS\n|t:|1700215156\n|gametype|singles\n|player|p1|xnckkc|265|1074\n|player|p2|YO CHEATERS|170|1136\n|teamsize|p1|6\n|teamsize|p2|6\n|gen|9\n|tier|[Gen 9] OU\n|rated|\n|rule|Sleep Clause Mod: Limit one foe put to sleep\n|rule|Species Clause: Limit one of each Pok\u00e9mon\n|rule|OHKO Clause: OHKO moves are banned\n|rule|Evasion Items Clause: Evasion items are banned\n|rule|Evasion Moves Clause: Evasion moves are banned\n|rule|Endless Battle Clause: Forcing endless battles is banned\n|rule|HP Percentage Mod: HP is shown in percentages\n|clearpoke\n|poke|p1|Gholdengo|\n|poke|p1|Greninja-*, M|\n|poke|p1|Great Tusk|\n|poke|p1|Iron Moth|\n|poke|p1|Kleavor, M|\n|poke|p1|Slowking-Galar, F|\n|poke|p2|Glimmora, F|\n|poke|p2|Gholdengo|\n|poke|p2|Dragonite, F|\n|poke|p2|Iron Valiant|\n|poke|p2|Kingambit, F|\n|poke|p2|Ogerpon-Wellspring, F|\n|teampreview\n|inactive|Battle timer is ON: inactive players will automatically lose when time's up. (requested by YO CHEATERS)\n|inactive|xnckkc also wants the timer to be on.\n|\n|t:|1700215168\n|start\n|switch|p1a: Greninja|Greninja, M|100\/100\n|switch|p2a: Glimmora|Glimmora, F|100\/100\n|turn|1\n|\n|t:|1700215196\n|move|p1a: Greninja|Dark Pulse|p2a: Glimmora\n|-damage|p2a: Glimmora|40\/100\n|-damage|p1a: Greninja|91\/100|[from] item: Life Orb\n|move|p2a: Glimmora|Stealth Rock|p1a: Greninja\n|-sidestart|p1: xnckkc|move: Stealth Rock\n|\n|upkeep\n|turn|2\n|\n|t:|1700215204\n|switch|p2a: Kingambit|Kingambit, F|100\/100\n|move|p1a: Greninja|Dark Pulse|p2a: Kingambit\n|-resisted|p2a: Kingambit\n|-damage|p2a: Kingambit|74\/100\n|-damage|p1a: Greninja|81\/100|[from] item: Life Orb\n|\n|upkeep\n|turn|3\n|\n|t:|1700215211\n|move|p1a: Greninja|Surf|p2a: Kingambit\n|-damage|p2a: Kingambit|19\/100\n|-damage|p1a: Greninja|71\/100|[from] item: Life Orb\n|move|p2a: Kingambit|Swords Dance|p2a: Kingambit\n|-boost|p2a: Kingambit|atk|2\n|\n|upkeep\n|turn|4\n|\n|t:|1700215216\n|-terastallize|p1a: Greninja|Water\n|move|p1a: Greninja|Water Shuriken|p2a: Kingambit\n|-damage|p2a: Kingambit|6\/100\n|-damage|p2a: Kingambit|0 fnt\n|faint|p2a: Kingambit\n|-end|p2a: Kingambit|fallenundefined|[silent]\n|-ability|p1a: Greninja|Battle Bond|boost\n|-boost|p1a: Greninja|atk|1\n|-boost|p1a: Greninja|spa|1\n|-boost|p1a: Greninja|spe|1\n|-activate|p1a: Greninja|ability: Battle Bond\n|-hitcount|p2: Kingambit|2\n|-damage|p1a: Greninja|61\/100|[from] item: Life Orb\n|\n|upkeep\n|\n|t:|1700215226\n|switch|p2a: Ogerpon|Ogerpon-Wellspring, F|100\/100\n|turn|5\n|\n|t:|1700215233\n|move|p1a: Greninja|Dark Pulse|p2a: Ogerpon\n|-damage|p2a: Ogerpon|26\/100\n|-damage|p1a: Greninja|51\/100|[from] item: Life Orb\n|move|p2a: Ogerpon|Horn Leech|p1a: Greninja\n|-supereffective|p1a: Greninja\n|-damage|p1a: Greninja|0 fnt\n|-heal|p2a: Ogerpon|50\/100|[from] drain|[of] p1a: Greninja\n|faint|p1a: Greninja\n|\n|upkeep\n|\n|t:|1700215249\n|switch|p1a: Kleavor|Kleavor, M|100\/100\n|-damage|p1a: Kleavor|76\/100|[from] Stealth Rock\n|turn|6\n|\n|t:|1700215263\n|move|p1a: Kleavor|Stone Axe|p2a: Ogerpon\n|-damage|p2a: Ogerpon|0 fnt\n|-sidestart|p2: YO CHEATERS|move: Stealth Rock\n|faint|p2a: Ogerpon\n|\n|upkeep\n|\n|t:|1700215273\n|switch|p2a: Gholdengo|Gholdengo|100\/100\n|-damage|p2a: Gholdengo|94\/100|[from] Stealth Rock\n|-item|p2a: Gholdengo|Air Balloon\n|turn|7\n|inactive|YO CHEATERS has 120 seconds left.\n|\n|t:|1700215301\n|move|p1a: Kleavor|Stone Axe|p2a: Gholdengo\n|-resisted|p2a: Gholdengo\n|-damage|p2a: Gholdengo|63\/100\n|-enditem|p2a: Gholdengo|Air Balloon\n|move|p2a: Gholdengo|Make It Rain|p1a: Kleavor\n|-supereffective|p1a: Kleavor\n|-damage|p1a: Kleavor|0 fnt\n|-unboost|p2a: Gholdengo|spa|1\n|faint|p1a: Kleavor\n|\n|upkeep\n|\n|t:|1700215306\n|switch|p1a: Great Tusk|Great Tusk|100\/100\n|-damage|p1a: Great Tusk|98\/100|[from] Stealth Rock\n|turn|8\n|\n|t:|1700215317\n|switch|p2a: Glimmora|Glimmora, F|40\/100\n|-damage|p2a: Glimmora|28\/100|[from] Stealth Rock\n|move|p1a: Great Tusk|Rapid Spin|p2a: Glimmora\n|-resisted|p2a: Glimmora\n|-damage|p2a: Glimmora|17\/100\n|-boost|p1a: Great Tusk|spe|1\n|-activate|p2a: Glimmora|ability: Toxic Debris\n|-sidestart|p1: xnckkc|move: Toxic Spikes\n|-sideend|p1: xnckkc|Toxic Spikes|[from] move: Rapid Spin|[of] p1a: Great Tusk\n|-sideend|p1: xnckkc|Stealth Rock|[from] move: Rapid Spin|[of] p1a: Great Tusk\n|\n|upkeep\n|turn|9\n|\n|t:|1700215328\n|move|p1a: Great Tusk|Ice Spinner|p2a: Glimmora\n|-damage|p2a: Glimmora|0 fnt\n|-activate|p2a: Glimmora|ability: Toxic Debris\n|-sidestart|p1: xnckkc|move: Toxic Spikes\n|faint|p2a: Glimmora\n|\n|upkeep\n|\n|t:|1700215337\n|switch|p2a: Iron Valiant|Iron Valiant|100\/100\n|-damage|p2a: Iron Valiant|94\/100|[from] Stealth Rock\n|turn|10\n|\n|t:|1700215351\n|move|p1a: Great Tusk|Earthquake|p2a: Iron Valiant\n|-damage|p2a: Iron Valiant|23\/100\n|move|p2a: Iron Valiant|Psyshock|p1a: Great Tusk\n|-supereffective|p1a: Great Tusk\n|-damage|p1a: Great Tusk|45\/100\n|\n|upkeep\n|turn|11\n|\n|t:|1700215358\n|-end|p2a: Iron Valiant|Quark Drive|[silent]\n|switch|p2a: Dragonite|Dragonite, F|100\/100\n|move|p1a: Great Tusk|Ice Spinner|p2a: Dragonite\n|-supereffective|p2a: Dragonite\n|-damage|p2a: Dragonite|41\/100\n|\n|upkeep\n|turn|12\n|\n|t:|1700215364\n|move|p2a: Dragonite|Extreme Speed|p1a: Great Tusk\n|-damage|p1a: Great Tusk|20\/100\n|move|p1a: Great Tusk|Ice Spinner|p2a: Dragonite\n|-supereffective|p2a: Dragonite\n|-damage|p2a: Dragonite|0 fnt\n|faint|p2a: Dragonite\n|\n|upkeep\n|\n|t:|1700215369\n|switch|p2a: Iron Valiant|Iron Valiant|23\/100\n|-damage|p2a: Iron Valiant|16\/100|[from] Stealth Rock\n|turn|13\n|\n|t:|1700215382\n|move|p1a: Great Tusk|Earthquake|p2a: Iron Valiant\n|-damage|p2a: Iron Valiant|0 fnt\n|faint|p2a: Iron Valiant\n|-end|p2a: Iron Valiant|Quark Drive|[silent]\n|\n|upkeep\n|\n|t:|1700215385\n|switch|p2a: Gholdengo|Gholdengo|63\/100\n|-damage|p2a: Gholdengo|57\/100|[from] Stealth Rock\n|turn|14\n|\n|t:|1700215387\n|move|p1a: Great Tusk|Earthquake|p2a: Gholdengo\n|-supereffective|p2a: Gholdengo\n|-damage|p2a: Gholdengo|0 fnt\n|faint|p2a: Gholdengo\n|\n|win|xnckkc\n|raw|xnckkc's rating: 1074 &rarr; <strong>1108<\/strong><br \/>(+34 for winning)\n|raw|YO CHEATERS's rating: 1136 &rarr; <strong>1107<\/strong><br \/>(-29 for losing)\n|l|\u2606YO CHEATERS\n","uploadtime":1700215400,"views":10,"p1id":"xnckkc","p2id":"yocheaters","formatid":"gen9ou","rating":1107,"private":0,"password":""}