{"id":"gen9ou-1993914464","p1":"Sirbutkis","p2":"VenomDeity","format":"[Gen 9] OU","log":"|j|\u2606Sirbutkis\n|j|\u2606VenomDeity\n|t:|1700374614\n|gametype|singles\n|player|p1|Sirbutkis|cynthia-gen4|\n|player|p2|VenomDeity|2|\n|teamsize|p1|6\n|teamsize|p2|6\n|gen|9\n|tier|[Gen 9] OU\n|rule|Sleep Clause Mod: Limit one foe put to sleep\n|rule|Species Clause: Limit one of each Pok\u00e9mon\n|rule|OHKO Clause: OHKO moves are banned\n|rule|Evasion Items Clause: Evasion items are banned\n|rule|Evasion Moves Clause: Evasion moves are banned\n|rule|Endless Battle Clause: Forcing endless battles is banned\n|rule|HP Percentage Mod: HP is shown in percentages\n|clearpoke\n|poke|p1|Braviary-Hisui, M|\n|poke|p1|Goodra, M|\n|poke|p1|Rotom-Fan|\n|poke|p1|Iron Moth|\n|poke|p1|Dondozo, M|\n|poke|p1|Flamigo, M|\n|poke|p2|Torterra, M|\n|poke|p2|Crocalor, M|\n|poke|p2|Lilligant-Hisui, F|\n|poke|p2|Armarouge, M|\n|poke|p2|Great Tusk|\n|poke|p2|Bisharp, M|\n|teampreview\n|c|\u2606Sirbutkis|glhf\n|c|\u2606Sirbutkis|btw\n|c|\u2606VenomDeity|glhf\n|\n|t:|1700374746\n|start\n|switch|p1a: The Blow Job|Rotom-Fan|100\/100\n|switch|p2a: Armarouge|Armarouge, M|100\/100\n|turn|1\n|\n|t:|1700374835\n|move|p2a: Armarouge|Armor Cannon|p1a: The Blow Job\n|-damage|p1a: The Blow Job|0 fnt\n|-unboost|p2a: Armarouge|def|1\n|-unboost|p2a: Armarouge|spd|1\n|faint|p1a: The Blow Job\n|\n|upkeep\n|\n|t:|1700374901\n|switch|p1a: ur webcam rn|Goodra, M|100\/100\n|turn|2\n|\n|t:|1700374964\n|switch|p2a: Great Tusk|Great Tusk|100\/100\n|move|p1a: ur webcam rn|Knock Off|p2a: Great Tusk\n|-resisted|p2a: Great Tusk\n|-damage|p2a: Great Tusk|95\/100\n|-damage|p1a: ur webcam rn|84\/100|[from] item: Rocky Helmet|[of] p2a: Great Tusk\n|-enditem|p2a: Great Tusk|Rocky Helmet|[from] move: Knock Off|[of] p1a: ur webcam rn\n|\n|-heal|p1a: ur webcam rn|90\/100|[from] item: Leftovers\n|upkeep\n|turn|3\n|\n|t:|1700375030\n|switch|p1a: Shamu|Dondozo, M|100\/100\n|move|p2a: Great Tusk|Knock Off|p1a: Shamu\n|-damage|p1a: Shamu|88\/100\n|-enditem|p1a: Shamu|Leftovers|[from] move: Knock Off|[of] p2a: Great Tusk\n|\n|upkeep\n|turn|4\n|\n|t:|1700375166\n|-end|p2a: Great Tusk|Protosynthesis|[silent]\n|switch|p2a: Torterra|Torterra, M|100\/100\n|move|p1a: Shamu|Liquidation|p2a: Torterra\n|-damage|p2a: Torterra|72\/100\n|\n|upkeep\n|turn|5\n|\n|t:|1700375266\n|switch|p1a: Free Bird Solo|Flamigo, M|100\/100\n|-terastallize|p2a: Torterra|Water\n|move|p2a: Torterra|Shell Smash|p2a: Torterra\n|-unboost|p2a: Torterra|def|1\n|-unboost|p2a: Torterra|spd|1\n|-boost|p2a: Torterra|atk|2\n|-boost|p2a: Torterra|spa|2\n|-boost|p2a: Torterra|spe|2\n|\n|upkeep\n|turn|6\n|\n|t:|1700375314\n|-terastallize|p1a: Free Bird Solo|Fighting\n|move|p2a: Torterra|Rock Blast|p1a: Free Bird Solo\n|-resisted|p1a: Free Bird Solo\n|-damage|p1a: Free Bird Solo|90\/100\n|-resisted|p1a: Free Bird Solo\n|-damage|p1a: Free Bird Solo|78\/100\n|-resisted|p1a: Free Bird Solo\n|-damage|p1a: Free Bird Solo|66\/100\n|-resisted|p1a: Free Bird Solo\n|-damage|p1a: Free Bird Solo|55\/100\n|-hitcount|p1a: Free Bird Solo|4\n|move|p1a: Free Bird Solo|Close Combat|p2a: Torterra\n|-damage|p2a: Torterra|0 fnt\n|-unboost|p1a: Free Bird Solo|def|1\n|-unboost|p1a: Free Bird Solo|spd|1\n|faint|p2a: Torterra\n|\n|upkeep\n|\n|t:|1700375387\n|switch|p2a: Armarouge|Armarouge, M|100\/100\n|turn|7\n|\n|t:|1700375488\n|switch|p1a: ur webcam rn|Goodra, M|90\/100\n|move|p2a: Armarouge|Energy Ball|p1a: ur webcam rn\n|-ability|p1a: ur webcam rn|Sap Sipper|boost\n|-boost|p1a: ur webcam rn|atk|1\n|\n|-heal|p1a: ur webcam rn|96\/100|[from] item: Leftovers\n|upkeep\n|turn|8\n|\n|t:|1700375564\n|switch|p2a: Bisharp|Bisharp, M|100\/100\n|move|p1a: ur webcam rn|Scald|p2a: Bisharp\n|-damage|p2a: Bisharp|76\/100\n|\n|-heal|p1a: ur webcam rn|100\/100|[from] item: Leftovers\n|upkeep\n|turn|9\n|\n|t:|1700375660\n|move|p1a: ur webcam rn|Fire Blast|p2a: Bisharp\n|-supereffective|p2a: Bisharp\n|-damage|p2a: Bisharp|2\/100\n|move|p2a: Bisharp|Swords Dance|p2a: Bisharp\n|-boost|p2a: Bisharp|atk|2\n|\n|upkeep\n|turn|10\n|\n|t:|1700375681\n|switch|p1a: Shamu|Dondozo, M|88\/100\n|move|p2a: Bisharp|Sucker Punch||[still]\n|-fail|p2a: Bisharp\n|\n|upkeep\n|turn|11\n|\n|t:|1700375711\n|move|p2a: Bisharp|Night Slash|p1a: Shamu\n|-damage|p1a: Shamu|72\/100\n|move|p1a: Shamu|Liquidation|p2a: Bisharp\n|-damage|p2a: Bisharp|0 fnt\n|faint|p2a: Bisharp\n|\n|upkeep\n|\n|t:|1700375774\n|switch|p2a: Lilligant|Lilligant-Hisui, F|100\/100\n|turn|12\n|\n|t:|1700375859\n|switch|p1a: Free Bird Solo|Flamigo, M, tera:Fighting|55\/100\n|move|p2a: Lilligant|Victory Dance|p2a: Lilligant\n|-boost|p2a: Lilligant|atk|1\n|-boost|p2a: Lilligant|def|1\n|-boost|p2a: Lilligant|spe|1\n|\n|upkeep\n|turn|13\n|\n|t:|1700375879\n|move|p2a: Lilligant|Ice Spinner|p1a: Free Bird Solo\n|-damage|p1a: Free Bird Solo|2\/100\n|move|p1a: Free Bird Solo|Brave Bird|p2a: Lilligant\n|-supereffective|p2a: Lilligant\n|-damage|p2a: Lilligant|0 fnt\n|faint|p2a: Lilligant\n|-damage|p1a: Free Bird Solo|0 fnt|[from] Recoil\n|faint|p1a: Free Bird Solo\n|\n|upkeep\n|\n|t:|1700375939\n|switch|p2a: Great Tusk|Great Tusk|95\/100\n|switch|p1a: ur webcam rn|Goodra, M|100\/100\n|turn|14\n|\n|t:|1700375954\n|switch|p1a: Shamu|Dondozo, M|72\/100\n|move|p2a: Great Tusk|Earthquake|p1a: Shamu\n|-damage|p1a: Shamu|52\/100\n|\n|upkeep\n|turn|15\n|\n|t:|1700375982\n|move|p2a: Great Tusk|Earthquake|p1a: Shamu\n|-damage|p1a: Shamu|32\/100\n|move|p1a: Shamu|Rest|p1a: Shamu\n|-status|p1a: Shamu|slp|[from] move: Rest\n|-heal|p1a: Shamu|100\/100 slp|[silent]\n|\n|upkeep\n|turn|16\n|\n|t:|1700375993\n|move|p2a: Great Tusk|Earthquake|p1a: Shamu\n|-damage|p1a: Shamu|80\/100 slp\n|cant|p1a: Shamu|slp\n|move|p1a: Shamu|Sleep Talk|p1a: Shamu\n|move|p1a: Shamu|Liquidation|p2a: Great Tusk|[from]move: Sleep Talk\n|-supereffective|p2a: Great Tusk\n|-damage|p2a: Great Tusk|59\/100\n|\n|upkeep\n|turn|17\n|\n|t:|1700376011\n|move|p2a: Great Tusk|Earthquake|p1a: Shamu\n|-damage|p1a: Shamu|62\/100 slp\n|cant|p1a: Shamu|slp\n|move|p1a: Shamu|Sleep Talk|p1a: Shamu\n|move|p1a: Shamu|Body Press|p2a: Great Tusk|[from]move: Sleep Talk\n|-damage|p2a: Great Tusk|41\/100\n|\n|upkeep\n|turn|18\n|\n|t:|1700376040\n|move|p2a: Great Tusk|Earthquake|p1a: Shamu\n|-damage|p1a: Shamu|43\/100 slp\n|-curestatus|p1a: Shamu|slp|[msg]\n|move|p1a: Shamu|Rest|p1a: Shamu\n|-status|p1a: Shamu|slp|[from] move: Rest\n|-heal|p1a: Shamu|100\/100 slp|[silent]\n|\n|upkeep\n|turn|19\n|\n|t:|1700376051\n|move|p2a: Great Tusk|Earthquake|p1a: Shamu\n|-damage|p1a: Shamu|79\/100 slp\n|cant|p1a: Shamu|slp\n|move|p1a: Shamu|Sleep Talk|p1a: Shamu\n|move|p1a: Shamu|Rest||[from]move: Sleep Talk|[still]\n|-fail|p1a: Shamu\n|\n|upkeep\n|turn|20\n|\n|t:|1700376071\n|move|p2a: Great Tusk|Earthquake|p1a: Shamu\n|-damage|p1a: Shamu|59\/100 slp\n|cant|p1a: Shamu|slp\n|move|p1a: Shamu|Sleep Talk|p1a: Shamu\n|move|p1a: Shamu|Liquidation|p2a: Great Tusk|[from]move: Sleep Talk\n|-supereffective|p2a: Great Tusk\n|-damage|p2a: Great Tusk|2\/100\n|-unboost|p2a: Great Tusk|def|1\n|\n|upkeep\n|turn|21\n|\n|t:|1700376083\n|move|p2a: Great Tusk|Rest|p2a: Great Tusk\n|-status|p2a: Great Tusk|slp|[from] move: Rest\n|-heal|p2a: Great Tusk|100\/100 slp|[silent]\n|-curestatus|p1a: Shamu|slp|[msg]\n|move|p1a: Shamu|Liquidation|p2a: Great Tusk\n|-supereffective|p2a: Great Tusk\n|-damage|p2a: Great Tusk|66\/100 slp\n|\n|upkeep\n|turn|22\n|\n|t:|1700376099\n|cant|p2a: Great Tusk|slp\n|move|p2a: Great Tusk|Sleep Talk|p2a: Great Tusk\n|move|p2a: Great Tusk|Knock Off|p1a: Shamu|[from]move: Sleep Talk\n|-damage|p1a: Shamu|51\/100\n|move|p1a: Shamu|Liquidation|p2a: Great Tusk\n|-supereffective|p2a: Great Tusk\n|-damage|p2a: Great Tusk|31\/100 slp\n|\n|upkeep\n|turn|23\n|\n|t:|1700376111\n|cant|p2a: Great Tusk|slp\n|move|p2a: Great Tusk|Sleep Talk|p2a: Great Tusk\n|move|p2a: Great Tusk|Earthquake|p1a: Shamu|[from]move: Sleep Talk\n|-damage|p1a: Shamu|31\/100\n|move|p1a: Shamu|Liquidation|p2a: Great Tusk\n|-supereffective|p2a: Great Tusk\n|-damage|p2a: Great Tusk|0 fnt\n|faint|p2a: Great Tusk\n|-end|p2a: Great Tusk|Protosynthesis|[silent]\n|\n|upkeep\n|\n|t:|1700376140\n|switch|p2a: Armarouge|Armarouge, M|100\/100\n|turn|24\n|\n|t:|1700376196\n|switch|p1a: TRANS RIGHTS|Braviary-Hisui, M|100\/100\n|move|p2a: Armarouge|Armor Cannon|p1a: TRANS RIGHTS\n|-damage|p1a: TRANS RIGHTS|0 fnt\n|-unboost|p2a: Armarouge|def|1\n|-unboost|p2a: Armarouge|spd|1\n|faint|p1a: TRANS RIGHTS\n|\n|upkeep\n|\n|t:|1700376204\n|switch|p1a: ur webcam rn|Goodra, M|100\/100\n|turn|25\n|\n|t:|1700376230\n|switch|p2a: Crocalor|Crocalor, M|100\/100\n|move|p1a: ur webcam rn|Scald|p2a: Crocalor\n|-supereffective|p2a: Crocalor\n|-damage|p2a: Crocalor|68\/100\n|\n|upkeep\n|turn|26\n|\n|t:|1700376251\n|move|p1a: ur webcam rn|Knock Off|p2a: Crocalor\n|-damage|p2a: Crocalor|54\/100\n|-enditem|p2a: Crocalor|Eviolite|[from] move: Knock Off|[of] p1a: ur webcam rn\n|move|p2a: Crocalor|Sunny Day|p2a: Crocalor\n|-weather|SunnyDay\n|\n|-weather|SunnyDay|[upkeep]\n|upkeep\n|turn|27\n|\n|t:|1700376305\n|move|p1a: ur webcam rn|Scald|p2a: Crocalor\n|-supereffective|p2a: Crocalor\n|-damage|p2a: Crocalor|29\/100\n|move|p2a: Crocalor|Slack Off|p2a: Crocalor\n|-heal|p2a: Crocalor|79\/100\n|\n|-weather|SunnyDay|[upkeep]\n|upkeep\n|turn|28\n|\n|t:|1700376338\n|switch|p1a: Shamu|Dondozo, M|31\/100\n|move|p2a: Crocalor|Flamethrower|p1a: Shamu\n|-resisted|p1a: Shamu\n|-damage|p1a: Shamu|12\/100\n|\n|-weather|SunnyDay|[upkeep]\n|upkeep\n|turn|29\n|\n|t:|1700376366\n|switch|p1a: ur webcam rn|Goodra, M|100\/100\n|move|p2a: Crocalor|Flamethrower|p1a: ur webcam rn\n|-resisted|p1a: ur webcam rn\n|-damage|p1a: ur webcam rn|86\/100\n|-status|p1a: ur webcam rn|brn\n|\n|-weather|SunnyDay|[upkeep]\n|-heal|p1a: ur webcam rn|92\/100 brn|[from] item: Leftovers\n|-damage|p1a: ur webcam rn|86\/100 brn|[from] brn\n|upkeep\n|turn|30\n|\n|t:|1700376381\n|move|p1a: ur webcam rn|Scald|p2a: Crocalor\n|-supereffective|p2a: Crocalor\n|-damage|p2a: Crocalor|55\/100\n|move|p2a: Crocalor|Slack Off|p2a: Crocalor\n|-heal|p2a: Crocalor|100\/100\n|\n|-weather|none\n|-heal|p1a: ur webcam rn|92\/100 brn|[from] item: Leftovers\n|-damage|p1a: ur webcam rn|86\/100 brn|[from] brn\n|upkeep\n|turn|31\n|\n|t:|1700376477\n|move|p1a: ur webcam rn|Scald|p2a: Crocalor\n|-supereffective|p2a: Crocalor\n|-damage|p2a: Crocalor|50\/100\n|move|p2a: Crocalor|Sunny Day|p2a: Crocalor\n|-weather|SunnyDay\n|\n|-weather|SunnyDay|[upkeep]\n|-heal|p1a: ur webcam rn|92\/100 brn|[from] item: Leftovers\n|-damage|p1a: ur webcam rn|86\/100 brn|[from] brn\n|upkeep\n|turn|32\n|\n|t:|1700376486\n|move|p1a: ur webcam rn|Draco Meteor|p2a: Crocalor\n|-damage|p2a: Crocalor|0 fnt\n|-unboost|p1a: ur webcam rn|spa|2\n|faint|p2a: Crocalor\n|\n|-weather|SunnyDay|[upkeep]\n|-heal|p1a: ur webcam rn|92\/100 brn|[from] item: Leftovers\n|-damage|p1a: ur webcam rn|86\/100 brn|[from] brn\n|upkeep\n|\n|t:|1700376500\n|switch|p2a: Armarouge|Armarouge, M|100\/100\n|turn|33\n|\n|t:|1700376531\n|switch|p1a: Shamu|Dondozo, M|12\/100\n|move|p2a: Armarouge|Shadow Ball|p1a: Shamu\n|-damage|p1a: Shamu|0 fnt\n|faint|p1a: Shamu\n|\n|-weather|SunnyDay|[upkeep]\n|upkeep\n|\n|t:|1700376540\n|switch|p1a: ur webcam rn|Goodra, M|86\/100 brn\n|turn|34\n|\n|t:|1700376547\n|move|p2a: Armarouge|Shadow Ball|p1a: ur webcam rn\n|-damage|p1a: ur webcam rn|59\/100 brn\n|move|p1a: ur webcam rn|Scald|p2a: Armarouge\n|-supereffective|p2a: Armarouge\n|-damage|p2a: Armarouge|63\/100\n|\n|-weather|SunnyDay|[upkeep]\n|-heal|p1a: ur webcam rn|66\/100 brn|[from] item: Leftovers\n|-damage|p1a: ur webcam rn|59\/100 brn|[from] brn\n|upkeep\n|turn|35\n|\n|t:|1700376557\n|move|p2a: Armarouge|Shadow Ball|p1a: ur webcam rn\n|-damage|p1a: ur webcam rn|32\/100 brn\n|move|p1a: ur webcam rn|Scald|p2a: Armarouge\n|-supereffective|p2a: Armarouge\n|-damage|p2a: Armarouge|26\/100\n|\n|-weather|none\n|-heal|p1a: ur webcam rn|38\/100 brn|[from] item: Leftovers\n|-damage|p1a: ur webcam rn|32\/100 brn|[from] brn\n|upkeep\n|turn|36\n|\n|t:|1700376567\n|move|p2a: Armarouge|Shadow Ball|p1a: ur webcam rn\n|-damage|p1a: ur webcam rn|5\/100 brn\n|move|p1a: ur webcam rn|Scald|p2a: Armarouge\n|-supereffective|p2a: Armarouge\n|-damage|p2a: Armarouge|0 fnt\n|faint|p2a: Armarouge\n|\n|win|Sirbutkis\n|c|\u2606Sirbutkis|gg\n|c|\u2606VenomDeity|ggs\n|c|\u2606Sirbutkis|can u post?\n|c|\u2606Sirbutkis|my discord is bugged\n|c|\u2606VenomDeity|sure\n|c|\u2606Sirbutkis|ty\n","uploadtime":1700376593,"views":23,"p1id":"sirbutkis","p2id":"venomdeity","formatid":"gen9ou","rating":0,"private":0,"password":""}