{"id":"gen9ou-1992357818","p1":"Cyrozen","p2":"Serranity","format":"[Gen 9] OU","log":"|j|\u2606Cyrozen\n|j|\u2606Serranity\n|t:|1700178353\n|gametype|singles\n|player|p1|Cyrozen|169|1102\n|player|p2|Serranity|169|1108\n|teamsize|p1|6\n|teamsize|p2|6\n|gen|9\n|tier|[Gen 9] OU\n|rated|\n|rule|Sleep Clause Mod: Limit one foe put to sleep\n|rule|Species Clause: Limit one of each Pok\u00e9mon\n|rule|OHKO Clause: OHKO moves are banned\n|rule|Evasion Items Clause: Evasion items are banned\n|rule|Evasion Moves Clause: Evasion moves are banned\n|rule|Endless Battle Clause: Forcing endless battles is banned\n|rule|HP Percentage Mod: HP is shown in percentages\n|clearpoke\n|poke|p1|Landorus-Therian, M|\n|poke|p1|Cinderace, F|\n|poke|p1|Samurott-Hisui, F|\n|poke|p1|Gholdengo|\n|poke|p1|Kingambit, M|\n|poke|p1|Walking Wake|\n|poke|p2|Goodra-Hisui, F|\n|poke|p2|Alomomola, M|\n|poke|p2|Landorus-Therian, M|\n|poke|p2|Rotom-Wash|\n|poke|p2|Enamorus, F|\n|poke|p2|Slaking, M|\n|teampreview\n|inactive|Battle timer is ON: inactive players will automatically lose when time's up. (requested by Cyrozen)\n|\n|t:|1700178360\n|start\n|switch|p1a: Samurott|Samurott-Hisui, F|100\/100\n|switch|p2a: Rotom|Rotom-Wash|100\/100\n|turn|1\n|\n|t:|1700178366\n|-terastallize|p1a: Samurott|Steel\n|move|p1a: Samurott|Swords Dance|p1a: Samurott\n|-boost|p1a: Samurott|atk|2\n|move|p2a: Rotom|Volt Switch|p1a: Samurott\n|-damage|p1a: Samurott|43\/100\n|\n|t:|1700178373\n|switch|p2a: Enamorus|Enamorus, F|100\/100|[from] Volt Switch\n|\n|upkeep\n|turn|2\n|\n|t:|1700178389\n|move|p1a: Samurott|Aqua Jet|p2a: Enamorus\n|-damage|p2a: Enamorus|45\/100\n|move|p2a: Enamorus|Mystical Fire|p1a: Samurott\n|-supereffective|p1a: Samurott\n|-damage|p1a: Samurott|0 fnt\n|faint|p1a: Samurott\n|\n|upkeep\n|\n|t:|1700178401\n|switch|p1a: Cinderace|Cinderace, F|100\/100\n|turn|3\n|\n|t:|1700178408\n|switch|p2a: Alomomola|Alomomola, M|100\/100\n|move|p1a: Cinderace|Gunk Shot|p2a: Alomomola\n|-start|p1a: Cinderace|typechange|Poison|[from] ability: Libero\n|-damage|p2a: Alomomola|51\/100\n|-status|p2a: Alomomola|psn\n|\n|-damage|p2a: Alomomola|39\/100 psn|[from] psn\n|upkeep\n|turn|4\n|\n|t:|1700178415\n|move|p1a: Cinderace|Gunk Shot|p2a: Alomomola|[miss]\n|-miss|p1a: Cinderace|p2a: Alomomola\n|move|p2a: Alomomola|Wish|p2a: Alomomola\n|\n|-damage|p2a: Alomomola|26\/100 psn|[from] psn\n|upkeep\n|turn|5\n|\n|t:|1700178425\n|switch|p1a: Walking Wake|Walking Wake|100\/100\n|move|p2a: Alomomola|Protect||[still]\n|-fail|p2a: Alomomola\n|\n|-heal|p2a: Alomomola|76\/100 psn|[from] move: Wish|[wisher] Alomomola\n|-damage|p2a: Alomomola|64\/100 psn|[from] psn\n|upkeep\n|turn|6\n|\n|t:|1700178432\n|switch|p2a: Goodra|Goodra-Hisui, F|100\/100\n|move|p1a: Walking Wake|Hydro Pump|p2a: Goodra\n|-resisted|p2a: Goodra\n|-damage|p2a: Goodra|93\/100\n|\n|upkeep\n|turn|7\n|\n|t:|1700178440\n|-end|p1a: Walking Wake|Protosynthesis|[silent]\n|switch|p1a: Landorus|Landorus-Therian, M|100\/100\n|-ability|p1a: Landorus|Intimidate|boost\n|-unboost|p2a: Goodra|atk|1\n|move|p2a: Goodra|Dragon Tail|p1a: Landorus\n|-damage|p1a: Landorus|84\/100\n|drag|p1a: Gholdengo|Gholdengo|100\/100\n|\n|upkeep\n|turn|8\n|\n|t:|1700178449\n|switch|p1a: Landorus|Landorus-Therian, M|84\/100\n|-ability|p1a: Landorus|Intimidate|boost\n|-unboost|p2a: Goodra|atk|1\n|move|p2a: Goodra|Earthquake|p1a: Landorus\n|-immune|p1a: Landorus\n|\n|upkeep\n|turn|9\n|\n|t:|1700178458\n|switch|p2a: Rotom|Rotom-Wash|100\/100\n|move|p1a: Landorus|Stone Edge|p2a: Rotom\n|-crit|p2a: Rotom\n|-damage|p2a: Rotom|17\/100\n|-damage|p1a: Landorus|74\/100|[from] item: Life Orb\n|\n|-heal|p2a: Rotom|23\/100|[from] item: Leftovers\n|upkeep\n|turn|10\n|\n|t:|1700178468\n|switch|p2a: Alomomola|Alomomola, M|97\/100 psn\n|move|p1a: Landorus|U-turn|p2a: Alomomola\n|-damage|p2a: Alomomola|79\/100 psn\n|-damage|p1a: Landorus|64\/100|[from] item: Life Orb\n|\n|t:|1700178479\n|switch|p1a: Gholdengo|Gholdengo|100\/100|[from] U-turn\n|\n|-damage|p2a: Alomomola|66\/100 psn|[from] psn\n|upkeep\n|turn|11\n|\n|t:|1700178489\n|move|p1a: Gholdengo|Make It Rain|p2a: Alomomola\n|-resisted|p2a: Alomomola\n|-damage|p2a: Alomomola|28\/100 psn\n|-unboost|p1a: Gholdengo|spa|1\n|move|p2a: Alomomola|Wish|p2a: Alomomola\n|\n|-damage|p2a: Alomomola|16\/100 psn|[from] psn\n|upkeep\n|turn|12\n|\n|t:|1700178497\n|move|p2a: Alomomola|Protect|p2a: Alomomola\n|-singleturn|p2a: Alomomola|Protect\n|move|p1a: Gholdengo|Thunderbolt|p2a: Alomomola\n|-activate|p2a: Alomomola|move: Protect\n|\n|-heal|p2a: Alomomola|66\/100 psn|[from] move: Wish|[wisher] Alomomola\n|-damage|p2a: Alomomola|53\/100 psn|[from] psn\n|upkeep\n|turn|13\n|\n|t:|1700178507\n|switch|p1a: Walking Wake|Walking Wake|100\/100\n|switch|p2a: Landorus|Landorus-Therian, M|100\/100\n|-ability|p2a: Landorus|Intimidate|boost\n|-unboost|p1a: Walking Wake|atk|1\n|\n|upkeep\n|turn|14\n|\n|t:|1700178519\n|-terastallize|p2a: Landorus|Water\n|move|p1a: Walking Wake|Draco Meteor|p2a: Landorus\n|-damage|p2a: Landorus|41\/100\n|-unboost|p1a: Walking Wake|spa|2\n|move|p2a: Landorus|Stealth Rock|p1a: Walking Wake\n|-sidestart|p1: Cyrozen|move: Stealth Rock\n|\n|upkeep\n|turn|15\n|\n|t:|1700178532\n|-end|p1a: Walking Wake|Protosynthesis|[silent]\n|switch|p1a: Landorus|Landorus-Therian, M|64\/100\n|-damage|p1a: Landorus|52\/100|[from] Stealth Rock\n|-ability|p1a: Landorus|Intimidate|boost\n|-unboost|p2a: Landorus|atk|1\n|move|p2a: Landorus|U-turn|p1a: Landorus\n|-resisted|p1a: Landorus\n|-damage|p1a: Landorus|44\/100\n|\n|t:|1700178537\n|switch|p2a: Rotom|Rotom-Wash|23\/100|[from] U-turn\n|\n|-heal|p2a: Rotom|29\/100|[from] item: Leftovers\n|upkeep\n|turn|16\n|\n|t:|1700178542\n|move|p2a: Rotom|Protect|p2a: Rotom\n|-singleturn|p2a: Rotom|Protect\n|move|p1a: Landorus|Stone Edge|p2a: Rotom\n|-activate|p2a: Rotom|move: Protect\n|\n|-heal|p2a: Rotom|35\/100|[from] item: Leftovers\n|upkeep\n|turn|17\n|\n|t:|1700178546\n|switch|p2a: Alomomola|Alomomola, M|87\/100 psn\n|move|p1a: Landorus|Stone Edge|p2a: Alomomola|[miss]\n|-miss|p1a: Landorus|p2a: Alomomola\n|\n|-damage|p2a: Alomomola|74\/100 psn|[from] psn\n|upkeep\n|turn|18\n|\n|t:|1700178550\n|move|p1a: Landorus|U-turn|p2a: Alomomola\n|-damage|p2a: Alomomola|57\/100 psn\n|-damage|p1a: Landorus|35\/100|[from] item: Life Orb\n|\n|t:|1700178554\n|switch|p1a: Gholdengo|Gholdengo|100\/100|[from] U-turn\n|-damage|p1a: Gholdengo|94\/100|[from] Stealth Rock\n|move|p2a: Alomomola|Wish|p2a: Alomomola\n|\n|-damage|p2a: Alomomola|44\/100 psn|[from] psn\n|upkeep\n|turn|19\n|\n|t:|1700178572\n|switch|p1a: Walking Wake|Walking Wake|100\/100\n|-damage|p1a: Walking Wake|88\/100|[from] Stealth Rock\n|switch|p2a: Landorus|Landorus-Therian, M, tera:Water|41\/100\n|-ability|p2a: Landorus|Intimidate|boost\n|-unboost|p1a: Walking Wake|atk|1\n|\n|-heal|p2a: Landorus|100\/100|[from] move: Wish|[wisher] Alomomola\n|upkeep\n|turn|20\n|\n|t:|1700178587\n|switch|p2a: Enamorus|Enamorus, F|45\/100\n|move|p1a: Walking Wake|Draco Meteor|p2a: Enamorus\n|-immune|p2a: Enamorus\n|\n|upkeep\n|turn|21\n|\n|t:|1700178598\n|-end|p1a: Walking Wake|Protosynthesis|[silent]\n|switch|p1a: Gholdengo|Gholdengo|94\/100\n|-damage|p1a: Gholdengo|88\/100|[from] Stealth Rock\n|move|p2a: Enamorus|Mystical Fire|p1a: Gholdengo\n|-supereffective|p1a: Gholdengo\n|-damage|p1a: Gholdengo|31\/100\n|-unboost|p1a: Gholdengo|spa|1\n|-enditem|p1a: Gholdengo|Sitrus Berry|[eat]\n|-heal|p1a: Gholdengo|56\/100|[from] item: Sitrus Berry\n|\n|upkeep\n|turn|22\n|\n|t:|1700178607\n|move|p2a: Enamorus|Mystical Fire|p1a: Gholdengo\n|-supereffective|p1a: Gholdengo\n|-crit|p1a: Gholdengo\n|-damage|p1a: Gholdengo|0 fnt\n|faint|p1a: Gholdengo\n|\n|upkeep\n|\n|t:|1700178616\n|switch|p1a: Cinderace|Cinderace, F|100\/100\n|-damage|p1a: Cinderace|76\/100|[from] Stealth Rock\n|turn|23\n|\n|t:|1700178622\n|switch|p2a: Landorus|Landorus-Therian, M, tera:Water|100\/100\n|-ability|p2a: Landorus|Intimidate|boost\n|-unboost|p1a: Cinderace|atk|1\n|move|p1a: Cinderace|Flare Blitz|p2a: Landorus\n|-resisted|p2a: Landorus\n|-damage|p2a: Landorus|82\/100\n|-damage|p1a: Cinderace|59\/100|[from] item: Rocky Helmet|[of] p2a: Landorus\n|-damage|p1a: Cinderace|51\/100|[from] Recoil\n|\n|upkeep\n|turn|24\n|\n|t:|1700178630\n|switch|p1a: Landorus|Landorus-Therian, M|35\/100\n|-damage|p1a: Landorus|22\/100|[from] Stealth Rock\n|-ability|p1a: Landorus|Intimidate|boost\n|-unboost|p2a: Landorus|atk|1\n|move|p2a: Landorus|U-turn|p1a: Landorus\n|-resisted|p1a: Landorus\n|-damage|p1a: Landorus|15\/100\n|\n|t:|1700178634\n|switch|p2a: Alomomola|Alomomola, M|78\/100 psn|[from] U-turn\n|\n|-damage|p2a: Alomomola|65\/100 psn|[from] psn\n|upkeep\n|turn|25\n|\n|t:|1700178639\n|move|p1a: Landorus|Stone Edge|p2a: Alomomola|[miss]\n|-miss|p1a: Landorus|p2a: Alomomola\n|move|p2a: Alomomola|Wish|p2a: Alomomola\n|\n|-damage|p2a: Alomomola|53\/100 psn|[from] psn\n|upkeep\n|turn|26\n|\n|t:|1700178643\n|move|p1a: Landorus|Earthquake|p2a: Alomomola\n|-damage|p2a: Alomomola|12\/100 psn\n|-damage|p1a: Landorus|5\/100|[from] item: Life Orb\n|move|p2a: Alomomola|Flip Turn|p1a: Landorus\n|-supereffective|p1a: Landorus\n|-crit|p1a: Landorus\n|-damage|p1a: Landorus|0 fnt\n|faint|p1a: Landorus\n|\n|t:|1700178649\n|switch|p2a: Rotom|Rotom-Wash|35\/100|[from] Flip Turn\n|\n|-heal|p2a: Rotom|100\/100|[from] move: Wish|[wisher] Alomomola\n|upkeep\n|\n|t:|1700178659\n|switch|p1a: Walking Wake|Walking Wake|88\/100\n|-damage|p1a: Walking Wake|76\/100|[from] Stealth Rock\n|turn|27\n|\n|t:|1700178675\n|move|p2a: Rotom|Protect|p2a: Rotom\n|-singleturn|p2a: Rotom|Protect\n|move|p1a: Walking Wake|Hydro Pump|p2a: Rotom\n|-activate|p2a: Rotom|move: Protect\n|\n|upkeep\n|turn|28\n|\n|t:|1700178688\n|move|p1a: Walking Wake|Rest|p1a: Walking Wake\n|-status|p1a: Walking Wake|slp|[from] move: Rest\n|-heal|p1a: Walking Wake|100\/100 slp|[silent]\n|-enditem|p1a: Walking Wake|Chesto Berry|[eat]\n|-curestatus|p1a: Walking Wake|slp|[msg]\n|move|p2a: Rotom|Volt Switch|p1a: Walking Wake\n|-damage|p1a: Walking Wake|66\/100\n|\n|t:|1700178695\n|switch|p2a: Goodra|Goodra-Hisui, F|93\/100|[from] Volt Switch\n|\n|upkeep\n|turn|29\n|inactive|Cyrozen has 120 seconds left.\n|\n|t:|1700178727\n|move|p1a: Walking Wake|Draco Meteor|p2a: Goodra\n|-damage|p2a: Goodra|74\/100\n|-unboost|p1a: Walking Wake|spa|2\n|move|p2a: Goodra|Earthquake|p1a: Walking Wake\n|-damage|p1a: Walking Wake|43\/100\n|\n|upkeep\n|turn|30\n|\n|t:|1700178731\n|move|p1a: Walking Wake|Outrage|p2a: Goodra\n|-damage|p2a: Goodra|22\/100\n|move|p2a: Goodra|Earthquake|p1a: Walking Wake\n|-damage|p1a: Walking Wake|21\/100\n|\n|upkeep\n|turn|31\n|\n|t:|1700178738\n|move|p1a: Walking Wake|Outrage|p2a: Goodra|[from]lockedmove\n|-crit|p2a: Goodra\n|-damage|p2a: Goodra|0 fnt\n|faint|p2a: Goodra\n|\n|upkeep\n|\n|t:|1700178743\n|switch|p2a: Alomomola|Alomomola, M|45\/100 psn\n|turn|32\n|\n|t:|1700178746\n|move|p1a: Walking Wake|Outrage|p2a: Alomomola|[from]lockedmove\n|-damage|p2a: Alomomola|20\/100 psn\n|-start|p1a: Walking Wake|confusion|[fatigue]\n|move|p2a: Alomomola|Wish|p2a: Alomomola\n|\n|-damage|p2a: Alomomola|7\/100 psn|[from] psn\n|upkeep\n|turn|33\n|\n|t:|1700178758\n|move|p2a: Alomomola|Protect|p2a: Alomomola\n|-singleturn|p2a: Alomomola|Protect\n|-activate|p1a: Walking Wake|confusion\n|move|p1a: Walking Wake|Rest|p1a: Walking Wake\n|-status|p1a: Walking Wake|slp|[from] move: Rest\n|-heal|p1a: Walking Wake|100\/100 slp|[silent]\n|\n|-heal|p2a: Alomomola|57\/100 psn|[from] move: Wish|[wisher] Alomomola\n|-damage|p2a: Alomomola|45\/100 psn|[from] psn\n|upkeep\n|turn|34\n|\n|t:|1700178768\n|-end|p1a: Walking Wake|Protosynthesis|[silent]\n|switch|p1a: Cinderace|Cinderace, F|51\/100\n|-damage|p1a: Cinderace|26\/100|[from] Stealth Rock\n|move|p2a: Alomomola|Wish|p2a: Alomomola\n|\n|-damage|p2a: Alomomola|33\/100 psn|[from] psn\n|upkeep\n|turn|35\n|\n|t:|1700178783\n|move|p1a: Cinderace|Gunk Shot|p2a: Alomomola\n|-start|p1a: Cinderace|typechange|Poison|[from] ability: Libero\n|-damage|p2a: Alomomola|0 fnt\n|faint|p2a: Alomomola\n|\n|upkeep\n|\n|t:|1700178787\n|switch|p2a: Enamorus|Enamorus, F|45\/100\n|turn|36\n|\n|t:|1700178791\n|move|p2a: Enamorus|Earth Power|p1a: Cinderace\n|-supereffective|p1a: Cinderace\n|-damage|p1a: Cinderace|0 fnt\n|faint|p1a: Cinderace\n|\n|upkeep\n|\n|t:|1700178797\n|switch|p1a: Walking Wake|Walking Wake|100\/100 slp\n|-damage|p1a: Walking Wake|88\/100 slp|[from] Stealth Rock\n|turn|37\n|\n|t:|1700178801\n|switch|p2a: Landorus|Landorus-Therian, M, tera:Water|82\/100\n|-ability|p2a: Landorus|Intimidate|boost\n|-unboost|p1a: Walking Wake|atk|1\n|cant|p1a: Walking Wake|slp\n|\n|upkeep\n|turn|38\n|\n|t:|1700178806\n|cant|p1a: Walking Wake|slp\n|move|p2a: Landorus|U-turn|p1a: Walking Wake\n|-damage|p1a: Walking Wake|69\/100 slp\n|\n|t:|1700178809\n|switch|p2a: Enamorus|Enamorus, F|45\/100|[from] U-turn\n|\n|upkeep\n|turn|39\n|\n|t:|1700178825\n|move|p2a: Enamorus|Moonblast|p1a: Walking Wake\n|-supereffective|p1a: Walking Wake\n|-damage|p1a: Walking Wake|0 fnt\n|faint|p1a: Walking Wake\n|-end|p1a: Walking Wake|Protosynthesis|[silent]\n|\n|upkeep\n|\n|t:|1700178828\n|switch|p1a: Kingambit|Kingambit, M|100\/100\n|-damage|p1a: Kingambit|94\/100|[from] Stealth Rock\n|-activate|p1a: Kingambit|ability: Supreme Overlord\n|-start|p1a: Kingambit|fallen5|[silent]\n|turn|40\n|\n|t:|1700178846\n|move|p2a: Enamorus|Moonblast|p1a: Kingambit\n|-damage|p1a: Kingambit|46\/100\n|move|p1a: Kingambit|Swords Dance|p1a: Kingambit\n|-boost|p1a: Kingambit|atk|2\n|\n|upkeep\n|turn|41\n|\n|t:|1700178854\n|move|p1a: Kingambit|Sucker Punch|p2a: Enamorus\n|-resisted|p2a: Enamorus\n|-damage|p2a: Enamorus|0 fnt\n|faint|p2a: Enamorus\n|\n|upkeep\n|\n|t:|1700178856\n|switch|p2a: Landorus|Landorus-Therian, M, tera:Water|82\/100\n|-ability|p2a: Landorus|Intimidate|boost\n|-unboost|p1a: Kingambit|atk|1\n|turn|42\n|\n|t:|1700178863\n|move|p1a: Kingambit|Sucker Punch|p2a: Landorus\n|-damage|p2a: Landorus|16\/100\n|-damage|p1a: Kingambit|29\/100|[from] item: Rocky Helmet|[of] p2a: Landorus\n|move|p2a: Landorus|Earthquake|p1a: Kingambit\n|-supereffective|p1a: Kingambit\n|-damage|p1a: Kingambit|0 fnt\n|faint|p1a: Kingambit\n|-end|p1a: Kingambit|fallen5|[silent]\n|\n|win|Serranity\n|raw|Cyrozen's rating: 1102 &rarr; <strong>1077<\/strong><br \/>(-25 for losing)\n|raw|Serranity's rating: 1108 &rarr; <strong>1133<\/strong><br \/>(+25 for winning)\n|l|\u2606Cyrozen\n","uploadtime":1700178893,"views":26,"p1id":"cyrozen","p2id":"serranity","formatid":"gen9ou","rating":1077,"private":0,"password":""}