{"id":"gen9ou-1992830128","p1":"Vixen 4 Life","p2":"yach\u2019em","format":"[Gen 9] OU","log":"|j|\u2606Vixen 4 Life\n|j|\u2606yach\u2019em\n|t:|1700239116\n|gametype|singles\n|player|p1|Vixen 4 Life|penny|1168\n|player|p2|yach\u2019em|cynthia-gen4|1275\n|teamsize|p1|6\n|teamsize|p2|6\n|gen|9\n|tier|[Gen 9] OU\n|rated|\n|rule|Sleep Clause Mod: Limit one foe put to sleep\n|rule|Species Clause: Limit one of each Pok\u00e9mon\n|rule|OHKO Clause: OHKO moves are banned\n|rule|Evasion Items Clause: Evasion items are banned\n|rule|Evasion Moves Clause: Evasion moves are banned\n|rule|Endless Battle Clause: Forcing endless battles is banned\n|rule|HP Percentage Mod: HP is shown in percentages\n|clearpoke\n|poke|p1|Overqwil, M|\n|poke|p1|Sinistcha-Masterpiece|\n|poke|p1|Braviary-Hisui, M|\n|poke|p1|Eelektross, F|\n|poke|p1|Dragalge, M|\n|poke|p1|Krookodile, F|\n|poke|p2|Iron Moth|\n|poke|p2|Zamazenta-*|\n|poke|p2|Dondozo, M|\n|poke|p2|Grimmsnarl, M|\n|poke|p2|Gholdengo|\n|poke|p2|Great Tusk|\n|teampreview\n|\n|t:|1700239125\n|start\n|switch|p1a: Overqwil|Overqwil, M|100\/100\n|switch|p2a: Grimmsnarl|Grimmsnarl, M|100\/100\n|-ability|p1a: Overqwil|Intimidate|boost\n|-unboost|p2a: Grimmsnarl|atk|1\n|turn|1\n|\n|t:|1700239132\n|move|p2a: Grimmsnarl|Reflect|p2a: Grimmsnarl\n|-sidestart|p2: yach\u2019em|Reflect\n|move|p1a: Overqwil|Barb Barrage|p2a: Grimmsnarl\n|-supereffective|p2a: Grimmsnarl\n|-damage|p2a: Grimmsnarl|75\/100\n|\n|upkeep\n|turn|2\n|\n|t:|1700239139\n|move|p2a: Grimmsnarl|Light Screen|p2a: Grimmsnarl\n|-sidestart|p2: yach\u2019em|move: Light Screen\n|move|p1a: Overqwil|Crunch|p2a: Grimmsnarl\n|-resisted|p2a: Grimmsnarl\n|-damage|p2a: Grimmsnarl|72\/100\n|\n|upkeep\n|turn|3\n|\n|t:|1700239145\n|switch|p2a: Great Tusk|Great Tusk|100\/100\n|-enditem|p2a: Great Tusk|Booster Energy\n|-activate|p2a: Great Tusk|ability: Protosynthesis|[fromitem]\n|-start|p2a: Great Tusk|protosynthesisatk\n|move|p1a: Overqwil|Crunch|p2a: Great Tusk\n|-resisted|p2a: Great Tusk\n|-damage|p2a: Great Tusk|95\/100\n|\n|upkeep\n|turn|4\n|\n|t:|1700239154\n|switch|p1a: Sinistcha|Sinistcha-Masterpiece|100\/100\n|move|p2a: Great Tusk|Rapid Spin|p1a: Sinistcha\n|-immune|p1a: Sinistcha\n|\n|upkeep\n|turn|5\n|\n|t:|1700239160\n|move|p2a: Great Tusk|Bulk Up|p2a: Great Tusk\n|-boost|p2a: Great Tusk|atk|1\n|-boost|p2a: Great Tusk|def|1\n|move|p1a: Sinistcha|Strength Sap|p2a: Great Tusk\n|-unboost|p2a: Great Tusk|atk|1\n|\n|upkeep\n|turn|6\n|\n|t:|1700239167\n|move|p2a: Great Tusk|Bulk Up|p2a: Great Tusk\n|-boost|p2a: Great Tusk|atk|1\n|-boost|p2a: Great Tusk|def|1\n|move|p1a: Sinistcha|Matcha Gotcha|p2a: Great Tusk\n|-supereffective|p2a: Great Tusk\n|-damage|p2a: Great Tusk|43\/100\n|\n|upkeep\n|turn|7\n|\n|t:|1700239176\n|move|p2a: Great Tusk|Earthquake|p1a: Sinistcha\n|-resisted|p1a: Sinistcha\n|-damage|p1a: Sinistcha|60\/100\n|move|p1a: Sinistcha|Strength Sap|p2a: Great Tusk\n|-unboost|p2a: Great Tusk|atk|1\n|-heal|p1a: Sinistcha|100\/100\n|\n|upkeep\n|turn|8\n|\n|t:|1700239183\n|move|p2a: Great Tusk|Bulk Up|p2a: Great Tusk\n|-boost|p2a: Great Tusk|atk|1\n|-boost|p2a: Great Tusk|def|1\n|move|p1a: Sinistcha|Strength Sap|p2a: Great Tusk\n|-unboost|p2a: Great Tusk|atk|1\n|\n|-sideend|p2: yach\u2019em|Reflect\n|upkeep\n|turn|9\n|\n|t:|1700239190\n|move|p2a: Great Tusk|Bulk Up|p2a: Great Tusk\n|-boost|p2a: Great Tusk|atk|1\n|-boost|p2a: Great Tusk|def|1\n|move|p1a: Sinistcha|Matcha Gotcha|p2a: Great Tusk\n|-supereffective|p2a: Great Tusk\n|-damage|p2a: Great Tusk|0 fnt\n|faint|p2a: Great Tusk\n|-end|p2a: Great Tusk|Protosynthesis|[silent]\n|\n|-sideend|p2: yach\u2019em|move: Light Screen\n|upkeep\n|\n|t:|1700239206\n|switch|p2a: Grimmsnarl|Grimmsnarl, M|72\/100\n|turn|10\n|\n|t:|1700239237\n|move|p2a: Grimmsnarl|Light Screen|p2a: Grimmsnarl\n|-sidestart|p2: yach\u2019em|move: Light Screen\n|move|p1a: Sinistcha|Calm Mind|p1a: Sinistcha\n|-boost|p1a: Sinistcha|spa|1\n|-boost|p1a: Sinistcha|spd|1\n|\n|upkeep\n|turn|11\n|\n|t:|1700239242\n|move|p2a: Grimmsnarl|Taunt|p1a: Sinistcha\n|-start|p1a: Sinistcha|move: Taunt\n|cant|p1a: Sinistcha|move: Taunt|Calm Mind\n|\n|upkeep\n|turn|12\n|\n|t:|1700239247\n|move|p2a: Grimmsnarl|Reflect|p2a: Grimmsnarl\n|-sidestart|p2: yach\u2019em|Reflect\n|move|p1a: Sinistcha|Matcha Gotcha|p2a: Grimmsnarl\n|-damage|p2a: Grimmsnarl|47\/100\n|\n|upkeep\n|turn|13\n|\n|t:|1700239270\n|move|p1a: Sinistcha|Matcha Gotcha|p2a: Grimmsnarl\n|-damage|p2a: Grimmsnarl|19\/100\n|-status|p2a: Grimmsnarl|brn\n|move|p2a: Grimmsnarl|Spirit Break|p1a: Sinistcha\n|-damage|p1a: Sinistcha|88\/100\n|-unboost|p1a: Sinistcha|spa|1\n|\n|-heal|p1a: Sinistcha|94\/100|[from] item: Leftovers\n|-damage|p2a: Grimmsnarl|13\/100 brn|[from] brn\n|-end|p1a: Sinistcha|move: Taunt\n|upkeep\n|turn|14\n|\n|t:|1700239282\n|move|p2a: Grimmsnarl|Taunt|p1a: Sinistcha\n|-start|p1a: Sinistcha|move: Taunt\n|cant|p1a: Sinistcha|move: Taunt|Calm Mind\n|\n|-heal|p1a: Sinistcha|100\/100|[from] item: Leftovers\n|-damage|p2a: Grimmsnarl|7\/100 brn|[from] brn\n|upkeep\n|turn|15\n|\n|t:|1700239291\n|switch|p2a: Iron Moth|Iron Moth|100\/100\n|-enditem|p2a: Iron Moth|Booster Energy\n|-activate|p2a: Iron Moth|ability: Quark Drive|[fromitem]\n|-start|p2a: Iron Moth|quarkdrivespa\n|move|p1a: Sinistcha|Shadow Ball|p2a: Iron Moth\n|-damage|p2a: Iron Moth|81\/100\n|\n|upkeep\n|turn|16\n|\n|t:|1700239309\n|switch|p1a: Krookodile|Krookodile, F|100\/100\n|-ability|p1a: Krookodile|Intimidate|boost\n|-unboost|p2a: Iron Moth|atk|1\n|move|p2a: Iron Moth|Fiery Dance|p1a: Krookodile\n|-damage|p1a: Krookodile|24\/100\n|-boost|p2a: Iron Moth|spa|1\n|\n|upkeep\n|turn|17\n|\n|t:|1700239320\n|move|p2a: Iron Moth|Fiery Dance|p1a: Krookodile\n|-damage|p1a: Krookodile|0 fnt\n|-boost|p2a: Iron Moth|spa|1\n|faint|p1a: Krookodile\n|\n|-sideend|p2: yach\u2019em|move: Light Screen\n|upkeep\n|\n|t:|1700239323\n|switch|p1a: Braviary|Braviary-Hisui, M, shiny|100\/100\n|turn|18\n|\n|t:|1700239330\n|move|p2a: Iron Moth|Sludge Wave|p1a: Braviary\n|-damage|p1a: Braviary|0 fnt\n|faint|p1a: Braviary\n|\n|upkeep\n|\n|t:|1700239334\n|switch|p1a: Dragalge|Dragalge, M|100\/100\n|turn|19\n|\n|t:|1700239339\n|-terastallize|p2a: Iron Moth|Ground\n|move|p2a: Iron Moth|Tera Blast|p1a: Dragalge|[anim] Tera Blast Ground\n|-supereffective|p1a: Dragalge\n|-damage|p1a: Dragalge|0 fnt\n|faint|p1a: Dragalge\n|\n|-sideend|p2: yach\u2019em|Reflect\n|upkeep\n|\n|t:|1700239349\n|switch|p1a: Eelektross|Eelektross, F|100\/100\n|turn|20\n|c|\u2606yach\u2019em|gg ez\n|\n|t:|1700239353\n|-terastallize|p1a: Eelektross|Poison\n|move|p2a: Iron Moth|Sludge Wave|p1a: Eelektross\n|-resisted|p1a: Eelektross\n|-damage|p1a: Eelektross|60\/100\n|move|p1a: Eelektross|Giga Drain|p2a: Iron Moth\n|-supereffective|p2a: Iron Moth\n|-damage|p2a: Iron Moth|40\/100\n|-heal|p1a: Eelektross|77\/100|[from] drain|[of] p2a: Iron Moth\n|\n|upkeep\n|turn|21\n|\n|t:|1700239363\n|move|p2a: Iron Moth|Fiery Dance|p1a: Eelektross\n|-damage|p1a: Eelektross|2\/100\n|-boost|p2a: Iron Moth|spa|1\n|move|p1a: Eelektross|Giga Drain|p2a: Iron Moth\n|-supereffective|p2a: Iron Moth\n|-damage|p2a: Iron Moth|0 fnt\n|-heal|p1a: Eelektross|18\/100|[from] drain|[of] p2a: Iron Moth\n|faint|p2a: Iron Moth\n|-end|p2a: Iron Moth|Quark Drive|[silent]\n|\n|upkeep\n|\n|t:|1700239379\n|switch|p2a: Grimmsnarl|Grimmsnarl, M|7\/100 brn\n|turn|22\n|c|\u2606Vixen 4 Life|A bit too early to say that aint it?\n|\n|t:|1700239389\n|move|p2a: Grimmsnarl|Light Screen|p2a: Grimmsnarl\n|-sidestart|p2: yach\u2019em|move: Light Screen\n|move|p1a: Eelektross|Volt Switch|p2a: Grimmsnarl\n|-damage|p2a: Grimmsnarl|0 fnt\n|faint|p2a: Grimmsnarl\n|c|\u2606yach\u2019em|naw\n|\n|t:|1700239396\n|switch|p1a: Sinistcha|Sinistcha-Masterpiece|100\/100|[from] Volt Switch\n|\n|upkeep\n|\n|t:|1700239402\n|switch|p2a: Gholdengo|Gholdengo|100\/100\n|turn|23\n|\n|t:|1700239405\n|move|p2a: Gholdengo|Nasty Plot|p2a: Gholdengo\n|-boost|p2a: Gholdengo|spa|2\n|move|p1a: Sinistcha|Shadow Ball|p2a: Gholdengo\n|-supereffective|p2a: Gholdengo\n|-crit|p2a: Gholdengo\n|-damage|p2a: Gholdengo|0 fnt\n|faint|p2a: Gholdengo\n|\n|upkeep\n|c|\u2606yach\u2019em|ite\n|c|\u2606yach\u2019em|nvm\n|c|\u2606Vixen 4 Life|Lol\n|c|\u2606yach\u2019em|game tryna look out\n|\n|t:|1700239426\n|switch|p2a: Zamazenta|Zamazenta|100\/100\n|-ability|p2a: Zamazenta|Dauntless Shield|boost\n|-boost|p2a: Zamazenta|def|1\n|turn|24\n|\n|t:|1700239430\n|move|p2a: Zamazenta|Substitute|p2a: Zamazenta\n|-start|p2a: Zamazenta|Substitute\n|-damage|p2a: Zamazenta|76\/100\n|move|p1a: Sinistcha|Strength Sap||[still]\n|-fail|p1a: Sinistcha\n|\n|-heal|p2a: Zamazenta|82\/100|[from] item: Leftovers\n|upkeep\n|turn|25\n|\n|t:|1700239438\n|move|p2a: Zamazenta|Crunch|p1a: Sinistcha\n|-supereffective|p1a: Sinistcha\n|-damage|p1a: Sinistcha|68\/100\n|move|p1a: Sinistcha|Shadow Ball|p2a: Zamazenta\n|-activate|p2a: Zamazenta|move: Substitute|[damage]\n|\n|-heal|p2a: Zamazenta|88\/100|[from] item: Leftovers\n|-heal|p1a: Sinistcha|74\/100|[from] item: Leftovers\n|upkeep\n|turn|26\n|\n|t:|1700239450\n|switch|p1a: Overqwil|Overqwil, M|100\/100\n|-ability|p1a: Overqwil|Intimidate|boost\n|-immune|p2a: Zamazenta\n|move|p2a: Zamazenta|Crunch|p1a: Overqwil\n|-resisted|p1a: Overqwil\n|-damage|p1a: Overqwil|92\/100\n|-unboost|p1a: Overqwil|def|1\n|\n|-heal|p2a: Zamazenta|94\/100|[from] item: Leftovers\n|-heal|p1a: Overqwil|98\/100|[from] item: Leftovers\n|upkeep\n|turn|27\n|\n|t:|1700239461\n|move|p2a: Zamazenta|Iron Defense|p2a: Zamazenta\n|-boost|p2a: Zamazenta|def|2\n|move|p1a: Overqwil|Toxic Spikes|p2a: Zamazenta\n|-sidestart|p2: yach\u2019em|move: Toxic Spikes\n|\n|-heal|p2a: Zamazenta|99\/100|[from] item: Leftovers\n|-heal|p1a: Overqwil|100\/100|[from] item: Leftovers\n|upkeep\n|turn|28\n|\n|t:|1700239468\n|switch|p1a: Eelektross|Eelektross, F, tera:Poison|18\/100\n|move|p2a: Zamazenta|Iron Defense|p2a: Zamazenta\n|-boost|p2a: Zamazenta|def|2\n|\n|-heal|p2a: Zamazenta|100\/100|[from] item: Leftovers\n|upkeep\n|turn|29\n|\n|t:|1700239476\n|move|p2a: Zamazenta|Body Press|p1a: Eelektross\n|-resisted|p1a: Eelektross\n|-damage|p1a: Eelektross|0 fnt\n|faint|p1a: Eelektross\n|\n|-sideend|p2: yach\u2019em|move: Light Screen\n|upkeep\n|\n|t:|1700239478\n|switch|p1a: Sinistcha|Sinistcha-Masterpiece|74\/100\n|turn|30\n|\n|t:|1700239483\n|move|p2a: Zamazenta|Crunch|p1a: Sinistcha\n|-supereffective|p1a: Sinistcha\n|-damage|p1a: Sinistcha|38\/100\n|move|p1a: Sinistcha|Matcha Gotcha|p2a: Zamazenta\n|-end|p2a: Zamazenta|Substitute\n|-heal|p1a: Sinistcha|42\/100|[from] drain|[of] p2a: Zamazenta\n|\n|-heal|p1a: Sinistcha|48\/100|[from] item: Leftovers\n|upkeep\n|turn|31\n|\n|t:|1700239494\n|move|p2a: Zamazenta|Substitute|p2a: Zamazenta\n|-start|p2a: Zamazenta|Substitute\n|-damage|p2a: Zamazenta|76\/100\n|move|p1a: Sinistcha|Matcha Gotcha|p2a: Zamazenta\n|-end|p2a: Zamazenta|Substitute\n|-heal|p1a: Sinistcha|59\/100|[from] drain|[of] p2a: Zamazenta\n|\n|-heal|p2a: Zamazenta|82\/100|[from] item: Leftovers\n|-heal|p1a: Sinistcha|66\/100|[from] item: Leftovers\n|upkeep\n|turn|32\n|\n|t:|1700239506\n|move|p2a: Zamazenta|Substitute|p2a: Zamazenta\n|-start|p2a: Zamazenta|Substitute\n|-damage|p2a: Zamazenta|57\/100\n|move|p1a: Sinistcha|Matcha Gotcha|p2a: Zamazenta\n|-end|p2a: Zamazenta|Substitute\n|-heal|p1a: Sinistcha|77\/100|[from] drain|[of] p2a: Zamazenta\n|\n|-heal|p2a: Zamazenta|63\/100|[from] item: Leftovers\n|-heal|p1a: Sinistcha|83\/100|[from] item: Leftovers\n|upkeep\n|turn|33\n|\n|t:|1700239516\n|move|p2a: Zamazenta|Crunch|p1a: Sinistcha\n|-supereffective|p1a: Sinistcha\n|-damage|p1a: Sinistcha|50\/100\n|move|p1a: Sinistcha|Shadow Ball|p2a: Zamazenta\n|-damage|p2a: Zamazenta|31\/100\n|-unboost|p2a: Zamazenta|spd|1\n|\n|-heal|p2a: Zamazenta|37\/100|[from] item: Leftovers\n|-heal|p1a: Sinistcha|57\/100|[from] item: Leftovers\n|upkeep\n|turn|34\n|\n|t:|1700239526\n|move|p2a: Zamazenta|Crunch|p1a: Sinistcha\n|-supereffective|p1a: Sinistcha\n|-damage|p1a: Sinistcha|19\/100\n|move|p1a: Sinistcha|Strength Sap|p2a: Zamazenta\n|-unboost|p2a: Zamazenta|atk|1\n|-heal|p1a: Sinistcha|99\/100\n|\n|-heal|p2a: Zamazenta|43\/100|[from] item: Leftovers\n|-heal|p1a: Sinistcha|100\/100|[from] item: Leftovers\n|upkeep\n|turn|35\n|-message|yach\u2019em forfeited.\n|\n|win|Vixen 4 Life\n|raw|Vixen 4 Life's rating: 1168 &rarr; <strong>1200<\/strong><br \/>(+32 for winning)\n|raw|yach\u2019em's rating: 1275 &rarr; <strong>1243<\/strong><br \/>(-32 for losing)\n|l|\u2606yach\u2019em\n","uploadtime":1700239548,"views":12,"p1id":"vixen4life","p2id":"yachem","formatid":"gen9ou","rating":1200,"private":0,"password":""}