{"id":"gen9ou-2000487803","p1":"DDoodler58","p2":"ShadowProGamer","format":"[Gen 9] OU","log":"|j|\u2606DDoodler58\n|j|\u2606ShadowProGamer\n|t:|1701198978\n|gametype|singles\n|player|p1|DDoodler58|aaron|\n|player|p2|ShadowProGamer|saturn|\n|teamsize|p1|6\n|teamsize|p2|6\n|gen|9\n|tier|[Gen 9] OU\n|rule|Sleep Clause Mod: Limit one foe put to sleep\n|rule|Species Clause: Limit one of each Pok\u00e9mon\n|rule|OHKO Clause: OHKO moves are banned\n|rule|Evasion Items Clause: Evasion items are banned\n|rule|Evasion Moves Clause: Evasion moves are banned\n|rule|Endless Battle Clause: Forcing endless battles is banned\n|rule|HP Percentage Mod: HP is shown in percentages\n|clearpoke\n|poke|p1|Great Tusk|\n|poke|p1|Scizor, F|\n|poke|p1|Dragapult, F|\n|poke|p1|Crawdaunt, M|\n|poke|p1|Heatran, M|\n|poke|p1|Alomomola, F|\n|poke|p2|Manaphy|\n|poke|p2|Ogerpon-Cornerstone, F|\n|poke|p2|Cinderace, F|\n|poke|p2|Zamazenta-*|\n|poke|p2|Alomomola, F|\n|poke|p2|Iron Valiant|\n|teampreview\n|\n|t:|1701199014\n|start\n|switch|p1a: Great Tusk|Great Tusk|100\/100\n|switch|p2a: Foxy|Zamazenta, shiny|100\/100\n|-ability|p2a: Foxy|Dauntless Shield|boost\n|-boost|p2a: Foxy|def|1\n|turn|1\n|\n|t:|1701199038\n|move|p2a: Foxy|Dazzling Gleam|p1a: Great Tusk\n|-supereffective|p1a: Great Tusk\n|-crit|p1a: Great Tusk\n|-damage|p1a: Great Tusk|38\/100\n|move|p1a: Great Tusk|Stealth Rock|p2a: Foxy\n|-sidestart|p2: ShadowProGamer|move: Stealth Rock\n|\n|upkeep\n|turn|2\n|\n|t:|1701199051\n|move|p2a: Foxy|Ice Fang|p1a: Great Tusk\n|-supereffective|p1a: Great Tusk\n|-damage|p1a: Great Tusk|10\/100\n|-damage|p2a: Foxy|84\/100|[from] item: Rocky Helmet|[of] p1a: Great Tusk\n|move|p1a: Great Tusk|Knock Off|p2a: Foxy\n|-resisted|p2a: Foxy\n|-damage|p2a: Foxy|76\/100\n|-enditem|p2a: Foxy|Leftovers|[from] move: Knock Off|[of] p1a: Great Tusk\n|\n|upkeep\n|turn|3\n|\n|t:|1701199066\n|move|p2a: Foxy|Crunch|p1a: Great Tusk\n|-resisted|p1a: Great Tusk\n|-damage|p1a: Great Tusk|1\/100\n|-damage|p2a: Foxy|59\/100|[from] item: Rocky Helmet|[of] p1a: Great Tusk\n|move|p1a: Great Tusk|Headlong Rush|p2a: Foxy\n|-damage|p2a: Foxy|29\/100\n|-unboost|p1a: Great Tusk|def|1\n|-unboost|p1a: Great Tusk|spd|1\n|\n|upkeep\n|turn|4\n|\n|t:|1701199079\n|move|p2a: Foxy|Dazzling Gleam|p1a: Great Tusk\n|-supereffective|p1a: Great Tusk\n|-damage|p1a: Great Tusk|0 fnt\n|faint|p1a: Great Tusk\n|-end|p1a: Great Tusk|Protosynthesis|[silent]\n|\n|upkeep\n|\n|t:|1701199101\n|switch|p1a: Dragapult|Dragapult, F|100\/100\n|turn|5\n|\n|t:|1701199121\n|move|p1a: Dragapult|Dragon Darts|p2a: Foxy\n|-damage|p2a: Foxy|17\/100\n|-anim|p1a: Dragapult|Dragon Darts|p2a: Foxy\n|-damage|p2a: Foxy|6\/100\n|move|p2a: Foxy|Wild Charge|p1a: Dragapult\n|-resisted|p1a: Dragapult\n|-damage|p1a: Dragapult|83\/100\n|-damage|p2a: Foxy|2\/100|[from] Recoil\n|\n|upkeep\n|turn|6\n|\n|t:|1701199149\n|move|p1a: Dragapult|Sucker Punch|p2a: Foxy\n|-resisted|p2a: Foxy\n|-damage|p2a: Foxy|0 fnt\n|faint|p2a: Foxy\n|\n|upkeep\n|\n|t:|1701199158\n|switch|p2a: Iron Valiant|Iron Valiant, shiny|100\/100\n|-damage|p2a: Iron Valiant|94\/100|[from] Stealth Rock\n|turn|7\n|\n|t:|1701199211\n|move|p1a: Dragapult|Sucker Punch|p2a: Iron Valiant\n|-resisted|p2a: Iron Valiant\n|-damage|p2a: Iron Valiant|89\/100\n|move|p2a: Iron Valiant|Knock Off|p1a: Dragapult\n|-supereffective|p1a: Dragapult\n|-damage|p1a: Dragapult|0 fnt\n|-enditem|p1a: Dragapult|Covert Cloak|[from] move: Knock Off|[of] p2a: Iron Valiant\n|faint|p1a: Dragapult\n|\n|upkeep\n|\n|t:|1701199236\n|switch|p1a: Heatran|Heatran, M|100\/100\n|turn|8\n|\n|t:|1701199287\n|-terastallize|p1a: Heatran|Flying\n|move|p2a: Iron Valiant|Drain Punch|p1a: Heatran\n|-resisted|p1a: Heatran\n|-damage|p1a: Heatran|85\/100\n|-heal|p2a: Iron Valiant|98\/100|[from] drain|[of] p1a: Heatran\n|move|p1a: Heatran|Tera Blast|p2a: Iron Valiant|[anim] Tera Blast Flying\n|-supereffective|p2a: Iron Valiant\n|-damage|p2a: Iron Valiant|0 fnt\n|faint|p2a: Iron Valiant\n|-end|p2a: Iron Valiant|Quark Drive|[silent]\n|\n|upkeep\n|\n|t:|1701199297\n|switch|p2a: Libre|Cinderace, F, shiny|100\/100\n|-damage|p2a: Libre|76\/100|[from] Stealth Rock\n|turn|9\n|\n|t:|1701199339\n|move|p2a: Libre|Focus Blast|p1a: Heatran\n|-start|p2a: Libre|typechange|Fighting|[from] ability: Libero\n|-resisted|p1a: Heatran\n|-damage|p1a: Heatran|78\/100\n|move|p1a: Heatran|Earth Power|p2a: Libre\n|-crit|p2a: Libre\n|-damage|p2a: Libre|12\/100\n|\n|upkeep\n|turn|10\n|\n|t:|1701199353\n|move|p2a: Libre|Electro Ball|p1a: Heatran\n|-supereffective|p1a: Heatran\n|-damage|p1a: Heatran|64\/100\n|move|p1a: Heatran|Tera Blast|p2a: Libre|[anim] Tera Blast Flying\n|-supereffective|p2a: Libre\n|-damage|p2a: Libre|0 fnt\n|faint|p2a: Libre\n|\n|upkeep\n|\n|t:|1701199360\n|switch|p2a: Hp And Mana|Manaphy, shiny|100\/100\n|-damage|p2a: Hp And Mana|88\/100|[from] Stealth Rock\n|turn|11\n|\n|t:|1701199371\n|move|p2a: Hp And Mana|Tail Glow|p2a: Hp And Mana\n|-boost|p2a: Hp And Mana|spa|3\n|move|p1a: Heatran|Tera Blast|p2a: Hp And Mana|[anim] Tera Blast Flying\n|-damage|p2a: Hp And Mana|49\/100\n|\n|-heal|p2a: Hp And Mana|55\/100|[from] item: Leftovers\n|upkeep\n|turn|12\n|\n|t:|1701199393\n|move|p2a: Hp And Mana|Ice Beam|p1a: Heatran\n|-supereffective|p1a: Heatran\n|-damage|p1a: Heatran|0 fnt\n|faint|p1a: Heatran\n|\n|-heal|p2a: Hp And Mana|62\/100|[from] item: Leftovers\n|upkeep\n|\n|t:|1701199404\n|switch|p1a: Crawdaunt|Crawdaunt, M|100\/100\n|turn|13\n|\n|t:|1701199411\n|move|p2a: Hp And Mana|Energy Ball|p1a: Crawdaunt\n|-supereffective|p1a: Crawdaunt\n|-enditem|p1a: Crawdaunt|Focus Sash\n|-damage|p1a: Crawdaunt|1\/100\n|move|p1a: Crawdaunt|Dragon Dance|p1a: Crawdaunt\n|-boost|p1a: Crawdaunt|atk|1\n|-boost|p1a: Crawdaunt|spe|1\n|\n|-heal|p2a: Hp And Mana|68\/100|[from] item: Leftovers\n|upkeep\n|turn|14\n|\n|t:|1701199466\n|move|p1a: Crawdaunt|Aqua Jet|p2a: Hp And Mana\n|-resisted|p2a: Hp And Mana\n|-damage|p2a: Hp And Mana|48\/100\n|move|p2a: Hp And Mana|Ice Beam|p1a: Crawdaunt\n|-resisted|p1a: Crawdaunt\n|-damage|p1a: Crawdaunt|0 fnt\n|faint|p1a: Crawdaunt\n|\n|-heal|p2a: Hp And Mana|54\/100|[from] item: Leftovers\n|upkeep\n|\n|t:|1701199490\n|switch|p1a: Disruptor|Scizor, F|100\/100\n|turn|15\n|l|\u2606ShadowProGamer\n|player|p2|\n|j|\u2606ShadowProGamer\n|player|p2|ShadowProGamer|saturn\n|\n|t:|1701199537\n|move|p2a: Hp And Mana|Ice Beam|p1a: Disruptor\n|-resisted|p1a: Disruptor\n|-damage|p1a: Disruptor|58\/100\n|move|p1a: Disruptor|Knock Off|p2a: Hp And Mana\n|-damage|p2a: Hp And Mana|22\/100\n|-enditem|p2a: Hp And Mana|Leftovers|[from] move: Knock Off|[of] p1a: Disruptor\n|\n|-heal|p1a: Disruptor|64\/100|[from] item: Leftovers\n|upkeep\n|turn|16\n|\n|t:|1701199554\n|-terastallize|p2a: Hp And Mana|Fire\n|move|p2a: Hp And Mana|Ice Beam|p1a: Disruptor\n|-resisted|p1a: Disruptor\n|-damage|p1a: Disruptor|27\/100\n|move|p1a: Disruptor|Lunge|p2a: Hp And Mana\n|-resisted|p2a: Hp And Mana\n|-damage|p2a: Hp And Mana|3\/100\n|-unboost|p2a: Hp And Mana|atk|1\n|\n|-heal|p1a: Disruptor|33\/100|[from] item: Leftovers\n|upkeep\n|turn|17\n|\n|t:|1701199564\n|move|p1a: Disruptor|Bullet Punch|p2a: Hp And Mana\n|-resisted|p2a: Hp And Mana\n|-damage|p2a: Hp And Mana|0 fnt\n|faint|p2a: Hp And Mana\n|\n|-heal|p1a: Disruptor|39\/100|[from] item: Leftovers\n|upkeep\n|\n|t:|1701199573\n|switch|p2a: Oni|Ogerpon-Cornerstone, F|100\/100\n|-damage|p2a: Oni|88\/100|[from] Stealth Rock\n|turn|18\n|\n|t:|1701199586\n|move|p1a: Disruptor|Bullet Punch|p2a: Oni\n|-supereffective|p2a: Oni\n|-damage|p2a: Oni|21\/100\n|move|p2a: Oni|Ivy Cudgel|p1a: Disruptor|[anim] Ivy Cudgel Rock\n|-damage|p1a: Disruptor|0 fnt\n|faint|p1a: Disruptor\n|\n|upkeep\n|\n|t:|1701199596\n|switch|p1a: Alomomola|Alomomola, F|100\/100\n|turn|19\n|\n|t:|1701199604\n|move|p1a: Alomomola|Aqua Jet|p2a: Oni\n|-damage|p2a: Oni|8\/100\n|move|p2a: Oni|Horn Leech|p1a: Alomomola\n|-supereffective|p1a: Alomomola\n|-damage|p1a: Alomomola|45\/100\n|-heal|p2a: Oni|56\/100|[from] drain|[of] p1a: Alomomola\n|\n|upkeep\n|turn|20\n|\n|t:|1701199614\n|move|p2a: Oni|Horn Leech|p1a: Alomomola\n|-supereffective|p1a: Alomomola\n|-damage|p1a: Alomomola|0 fnt\n|-heal|p2a: Oni|95\/100|[from] drain|[of] p1a: Alomomola\n|faint|p1a: Alomomola\n|\n|win|ShadowProGamer\n","uploadtime":1701199620,"views":0,"p1id":"ddoodler58","p2id":"shadowprogamer","formatid":"gen9ou","rating":0,"private":0,"password":""}