{"id":"gen9ou-1988467914","p1":"nosymegahugo","p2":"gaelbrax","format":"[Gen 9] OU","log":"|j|\u2606nosymegahugo\n|j|\u2606gaelbrax\n|t:|1699726117\n|gametype|singles\n|player|p1|nosymegahugo|170|1101\n|player|p2|gaelbrax|beauty|1130\n|teamsize|p1|6\n|teamsize|p2|6\n|gen|9\n|tier|[Gen 9] OU\n|rated|\n|rule|Sleep Clause Mod: Limit one foe put to sleep\n|rule|Species Clause: Limit one of each Pok\u00e9mon\n|rule|OHKO Clause: OHKO moves are banned\n|rule|Evasion Items Clause: Evasion items are banned\n|rule|Evasion Moves Clause: Evasion moves are banned\n|rule|Endless Battle Clause: Forcing endless battles is banned\n|rule|HP Percentage Mod: HP is shown in percentages\n|clearpoke\n|poke|p1|Glimmora, F|\n|poke|p1|Heatran, M|\n|poke|p1|Gliscor, F|\n|poke|p1|Garganacl, F|\n|poke|p1|Gholdengo|\n|poke|p1|Iron Valiant|\n|poke|p2|Cinderace, F|\n|poke|p2|Garganacl, F|\n|poke|p2|Great Tusk|\n|poke|p2|Ogerpon-Cornerstone, F|\n|poke|p2|Iron Valiant|\n|poke|p2|Slowking-Galar, M|\n|teampreview\n|inactive|Battle timer is ON: inactive players will automatically lose when time's up. (requested by nosymegahugo)\n|\n|t:|1699726136\n|start\n|switch|p1a: Gliscor 2|Glimmora, F|100\/100\n|switch|p2a: Cinderace|Cinderace, F, shiny|100\/100\n|-item|p1a: Gliscor 2|Air Balloon\n|turn|1\n|\n|t:|1699726143\n|move|p1a: Gliscor 2|Spiky Shield|p1a: Gliscor 2\n|-singleturn|p1a: Gliscor 2|move: Protect\n|move|p2a: Cinderace|U-turn|p1a: Gliscor 2\n|-start|p2a: Cinderace|typechange|Bug|[from] ability: Libero\n|-activate|p1a: Gliscor 2|move: Protect\n|-damage|p2a: Cinderace|88\/100|[from] Spiky Shield|[of] p1a: Gliscor 2\n|\n|upkeep\n|turn|2\n|\n|t:|1699726150\n|move|p2a: Cinderace|U-turn|p1a: Gliscor 2\n|-resisted|p1a: Gliscor 2\n|-damage|p1a: Gliscor 2|89\/100\n|-enditem|p1a: Gliscor 2|Air Balloon\n|\n|t:|1699726174\n|switch|p2a: Great Tusk|Great Tusk, shiny|100\/100|[from] U-turn\n|-enditem|p2a: Great Tusk|Booster Energy\n|-activate|p2a: Great Tusk|ability: Protosynthesis|[fromitem]\n|-start|p2a: Great Tusk|protosynthesisatk\n|move|p1a: Gliscor 2|Toxic Spikes|p2a: Great Tusk\n|-sidestart|p2: gaelbrax|move: Toxic Spikes\n|\n|upkeep\n|turn|3\n|\n|t:|1699726185\n|move|p2a: Great Tusk|Rapid Spin|p1a: Gliscor 2\n|-resisted|p1a: Gliscor 2\n|-damage|p1a: Gliscor 2|81\/100\n|-boost|p2a: Great Tusk|spe|1\n|-sideend|p2: gaelbrax|Toxic Spikes|[from] move: Rapid Spin|[of] p2a: Great Tusk\n|move|p1a: Gliscor 2|Toxic|p2a: Great Tusk\n|-status|p2a: Great Tusk|tox\n|\n|-damage|p2a: Great Tusk|94\/100 tox|[from] psn\n|upkeep\n|turn|4\n|\n|t:|1699726201\n|move|p1a: Gliscor 2|Spiky Shield|p1a: Gliscor 2\n|-singleturn|p1a: Gliscor 2|move: Protect\n|move|p2a: Great Tusk|Headlong Rush|p1a: Gliscor 2\n|-activate|p1a: Gliscor 2|move: Protect\n|-damage|p2a: Great Tusk|82\/100 tox|[from] Spiky Shield|[of] p1a: Gliscor 2\n|\n|-damage|p2a: Great Tusk|70\/100 tox|[from] psn\n|upkeep\n|turn|5\n|\n|t:|1699726209\n|switch|p1a: Gliscor|Gliscor, F|100\/100\n|move|p2a: Great Tusk|Headlong Rush|p1a: Gliscor\n|-immune|p1a: Gliscor\n|\n|-damage|p2a: Great Tusk|51\/100 tox|[from] psn\n|-status|p1a: Gliscor|tox|[from] item: Toxic Orb\n|upkeep\n|turn|6\n|\n|t:|1699726218\n|move|p1a: Gliscor|Protect|p1a: Gliscor\n|-singleturn|p1a: Gliscor|Protect\n|move|p2a: Great Tusk|Knock Off|p1a: Gliscor\n|-activate|p1a: Gliscor|move: Protect\n|\n|-damage|p2a: Great Tusk|26\/100 tox|[from] psn\n|upkeep\n|turn|7\n|\n|t:|1699726225\n|move|p2a: Great Tusk|Close Combat|p1a: Gliscor\n|-resisted|p1a: Gliscor\n|-damage|p1a: Gliscor|77\/100 tox\n|-unboost|p2a: Great Tusk|def|1\n|-unboost|p2a: Great Tusk|spd|1\n|move|p1a: Gliscor|Spikes|p2a: Great Tusk\n|-sidestart|p2: gaelbrax|Spikes\n|\n|-damage|p2a: Great Tusk|0 fnt|[from] psn\n|faint|p2a: Great Tusk\n|-end|p2a: Great Tusk|Protosynthesis|[silent]\n|-heal|p1a: Gliscor|89\/100 tox|[from] ability: Poison Heal\n|upkeep\n|\n|t:|1699726252\n|switch|p2a: Ogerpon|Ogerpon-Cornerstone, F|100\/100\n|-damage|p2a: Ogerpon|88\/100|[from] Spikes\n|turn|8\n|\n|t:|1699726259\n|move|p2a: Ogerpon|Leech Seed|p1a: Gliscor\n|-start|p1a: Gliscor|move: Leech Seed\n|move|p1a: Gliscor|Toxic|p2a: Ogerpon\n|-status|p2a: Ogerpon|tox\n|\n|-damage|p1a: Gliscor|77\/100 tox|[from] Leech Seed|[of] p2a: Ogerpon\n|-heal|p2a: Ogerpon|99\/100 tox|[silent]\n|-damage|p2a: Ogerpon|94\/100 tox|[from] psn\n|-heal|p1a: Gliscor|89\/100 tox|[from] ability: Poison Heal\n|upkeep\n|turn|9\n|\n|t:|1699726269\n|switch|p1a: Glisgor 3|Heatran, M|100\/100\n|-item|p1a: Glisgor 3|Air Balloon\n|move|p2a: Ogerpon|Ivy Cudgel|p1a: Glisgor 3\n|-damage|p1a: Glisgor 3|58\/100\n|-enditem|p1a: Glisgor 3|Air Balloon\n|\n|-damage|p2a: Ogerpon|82\/100 tox|[from] psn\n|upkeep\n|turn|10\n|\n|t:|1699726285\n|move|p2a: Ogerpon|Ivy Cudgel|p1a: Glisgor 3\n|-damage|p1a: Glisgor 3|17\/100\n|move|p1a: Glisgor 3|Stealth Rock|p2a: Ogerpon\n|-sidestart|p2: gaelbrax|move: Stealth Rock\n|\n|-damage|p2a: Ogerpon|64\/100 tox|[from] psn\n|upkeep\n|turn|11\n|\n|t:|1699726289\n|move|p1a: Glisgor 3|Protect|p1a: Glisgor 3\n|-singleturn|p1a: Glisgor 3|Protect\n|move|p2a: Ogerpon|Ivy Cudgel|p1a: Glisgor 3\n|-activate|p1a: Glisgor 3|move: Protect\n|\n|-damage|p2a: Ogerpon|40\/100 tox|[from] psn\n|upkeep\n|turn|12\n|\n|t:|1699726300\n|move|p2a: Ogerpon|Ivy Cudgel|p1a: Glisgor 3\n|-crit|p1a: Glisgor 3\n|-damage|p1a: Glisgor 3|0 fnt\n|faint|p1a: Glisgor 3\n|\n|-damage|p2a: Ogerpon|10\/100 tox|[from] psn\n|upkeep\n|\n|t:|1699726304\n|switch|p1a: Glisgor 4|Garganacl, F|100\/100\n|-item|p1a: Glisgor 4|Air Balloon\n|turn|13\n|\n|t:|1699726312\n|move|p1a: Glisgor 4|Protect|p1a: Glisgor 4\n|-singleturn|p1a: Glisgor 4|Protect\n|move|p2a: Ogerpon|Horn Leech|p1a: Glisgor 4\n|-activate|p1a: Glisgor 4|move: Protect\n|\n|-damage|p2a: Ogerpon|0 fnt|[from] psn\n|faint|p2a: Ogerpon\n|upkeep\n|\n|t:|1699726332\n|switch|p2a: Garganacl|Garganacl, F, shiny|100\/100\n|-damage|p2a: Garganacl|88\/100|[from] Spikes\n|-damage|p2a: Garganacl|76\/100|[from] Stealth Rock\n|turn|14\n|\n|t:|1699726339\n|move|p2a: Garganacl|Salt Cure|p1a: Glisgor 4\n|-damage|p1a: Glisgor 4|93\/100\n|-start|p1a: Glisgor 4|Salt Cure\n|-enditem|p1a: Glisgor 4|Air Balloon\n|move|p1a: Glisgor 4|Salt Cure|p2a: Garganacl\n|-damage|p2a: Garganacl|67\/100\n|-start|p2a: Garganacl|Salt Cure\n|\n|-heal|p2a: Garganacl|73\/100|[from] item: Leftovers\n|-damage|p1a: Glisgor 4|80\/100|[from] Salt Cure\n|-damage|p2a: Garganacl|61\/100|[from] Salt Cure\n|upkeep\n|turn|15\n|\n|t:|1699726350\n|move|p2a: Garganacl|Iron Defense|p2a: Garganacl\n|-boost|p2a: Garganacl|def|2\n|move|p1a: Glisgor 4|Explosion|p2a: Garganacl\n|-resisted|p2a: Garganacl\n|-damage|p2a: Garganacl|52\/100\n|faint|p1a: Glisgor 4\n|\n|-heal|p2a: Garganacl|58\/100|[from] item: Leftovers\n|-damage|p2a: Garganacl|46\/100|[from] Salt Cure\n|upkeep\n|\n|t:|1699726361\n|switch|p1a: I LOVE GLISGOR AHH|Gholdengo|100\/100\n|turn|16\n|\n|t:|1699726368\n|switch|p2a: Slowking|Slowking-Galar, M|100\/100\n|move|p1a: I LOVE GLISGOR AHH|Make It Rain|p2a: Slowking\n|-damage|p2a: Slowking|60\/100\n|-unboost|p1a: I LOVE GLISGOR AHH|spa|1\n|\n|upkeep\n|turn|17\n|\n|t:|1699726384\n|switch|p1a: Gliscor 2|Glimmora, F|81\/100\n|move|p2a: Slowking|Future Sight|p1a: Gliscor 2\n|-start|p2a: Slowking|move: Future Sight\n|\n|upkeep\n|turn|18\n|\n|t:|1699726390\n|move|p1a: Gliscor 2|Toxic|p2a: Slowking\n|-status|p2a: Slowking|tox\n|move|p2a: Slowking|Slack Off|p2a: Slowking\n|-heal|p2a: Slowking|100\/100 tox\n|\n|-damage|p2a: Slowking|94\/100 tox|[from] psn\n|upkeep\n|turn|19\n|\n|t:|1699726405\n|move|p1a: Gliscor 2|Spiky Shield|p1a: Gliscor 2\n|-singleturn|p1a: Gliscor 2|move: Protect\n|move|p2a: Slowking|Chilly Reception|p2a: Slowking\n|-weather|Snow\n|\n|t:|1699726415\n|switch|p2a: Cinderace|Cinderace, F, shiny|88\/100|[from] Chilly Reception\n|\n|-weather|Snow|[upkeep]\n|-end|p1a: Gliscor 2|move: Future Sight\n|-supereffective|p1a: Gliscor 2\n|-damage|p1a: Gliscor 2|0 fnt\n|faint|p1a: Gliscor 2\n|upkeep\n|\n|t:|1699726425\n|switch|p1a: Iron Valiant|Iron Valiant|100\/100\n|-enditem|p1a: Iron Valiant|Booster Energy\n|-activate|p1a: Iron Valiant|ability: Quark Drive|[fromitem]\n|-start|p1a: Iron Valiant|quarkdrivespe\n|turn|20\n|\n|t:|1699726442\n|move|p1a: Iron Valiant|Close Combat|p2a: Cinderace\n|-crit|p2a: Cinderace\n|-damage|p2a: Cinderace|0 fnt\n|-unboost|p1a: Iron Valiant|def|1\n|-unboost|p1a: Iron Valiant|spd|1\n|faint|p2a: Cinderace\n|\n|-weather|Snow|[upkeep]\n|upkeep\n|\n|t:|1699726453\n|switch|p2a: Iron Valiant|Iron Valiant, shiny|100\/100\n|-damage|p2a: Iron Valiant|88\/100|[from] Spikes\n|-damage|p2a: Iron Valiant|82\/100|[from] Stealth Rock\n|-enditem|p2a: Iron Valiant|Booster Energy\n|-activate|p2a: Iron Valiant|ability: Quark Drive|[fromitem]\n|-start|p2a: Iron Valiant|quarkdrivespe\n|turn|21\n|\n|t:|1699726469\n|-terastallize|p1a: Iron Valiant|Fairy\n|move|p1a: Iron Valiant|Moonblast|p2a: Iron Valiant\n|-supereffective|p2a: Iron Valiant\n|-crit|p2a: Iron Valiant\n|-damage|p2a: Iron Valiant|0 fnt\n|faint|p2a: Iron Valiant\n|-end|p2a: Iron Valiant|Quark Drive|[silent]\n|\n|-weather|Snow|[upkeep]\n|upkeep\n|c|\u2606gaelbrax|ugh\n|c|\u2606gaelbrax|gg\n|inactive|gaelbrax has 120 seconds left.\n|-message|gaelbrax forfeited.\n|\n|win|nosymegahugo\n|raw|nosymegahugo's rating: 1101 &rarr; <strong>1128<\/strong><br \/>(+27 for winning)\n|raw|gaelbrax's rating: 1130 &rarr; <strong>1103<\/strong><br \/>(-27 for losing)\n|c|\u2606nosymegahugo|Gg\n|l|\u2606gaelbrax\n","uploadtime":1699726510,"views":21,"p1id":"nosymegahugo","p2id":"gaelbrax","formatid":"gen9ou","rating":1103,"private":0,"password":""}