{"id":"gen9ou-2000355138","p1":"GastrodonBestSlug","p2":"ermorandi","format":"[Gen 9] OU","log":"|j|\u2606GastrodonBestSlug\n|j|\u2606ermorandi\n|t:|1701187765\n|gametype|singles\n|player|p1|GastrodonBestSlug|169|1000\n|player|p2|ermorandi|gentleman-gen4|1040\n|teamsize|p1|6\n|teamsize|p2|6\n|gen|9\n|tier|[Gen 9] OU\n|rated|\n|rule|Sleep Clause Mod: Limit one foe put to sleep\n|rule|Species Clause: Limit one of each Pok\u00e9mon\n|rule|OHKO Clause: OHKO moves are banned\n|rule|Evasion Items Clause: Evasion items are banned\n|rule|Evasion Moves Clause: Evasion moves are banned\n|rule|Endless Battle Clause: Forcing endless battles is banned\n|rule|HP Percentage Mod: HP is shown in percentages\n|clearpoke\n|poke|p1|Staraptor, F|\n|poke|p1|Squawkabilly, M|\n|poke|p1|Basculin, M|\n|poke|p1|Primeape, M|\n|poke|p1|Blissey, F|\n|poke|p1|Kingambit, F|\n|poke|p2|Iron Leaves|\n|poke|p2|Pincurchin, M|\n|poke|p2|Iron Treads|\n|poke|p2|Iron Valiant|\n|poke|p2|Azumarill, M|\n|poke|p2|Iron Jugulis|\n|teampreview\n|\n|t:|1701187785\n|start\n|switch|p1a: Staraptor|Staraptor, F|100\/100\n|switch|p2a: Torrent|Azumarill, M, shiny|100\/100\n|-ability|p1a: Staraptor|Intimidate|boost\n|-unboost|p2a: Torrent|atk|1\n|turn|1\n|\n|t:|1701187791\n|move|p1a: Staraptor|Final Gambit|p2a: Torrent\n|-damage|p2a: Torrent|0 fnt\n|faint|p1a: Staraptor\n|faint|p2a: Torrent\n|\n|upkeep\n|\n|t:|1701187797\n|switch|p1a: Squawkabilly|Squawkabilly, M|100\/100\n|switch|p2a: Kingpin|Pincurchin, M, shiny|100\/100\n|-ability|p1a: Squawkabilly|Intimidate|boost\n|-unboost|p2a: Kingpin|atk|1\n|-fieldstart|move: Electric Terrain|[from] ability: Electric Surge|[of] p2a: Kingpin\n|turn|2\n|\n|t:|1701187804\n|move|p1a: Squawkabilly|Final Gambit|p2a: Kingpin\n|-damage|p2a: Kingpin|0 fnt\n|faint|p1a: Squawkabilly\n|faint|p2a: Kingpin\n|\n|upkeep\n|\n|t:|1701187814\n|switch|p1a: Basculin|Basculin, M|100\/100\n|switch|p2a: Terminator|Iron Leaves|100\/100\n|-activate|p2a: Terminator|ability: Quark Drive\n|-start|p2a: Terminator|quarkdriveatk\n|turn|3\n|\n|t:|1701187818\n|move|p1a: Basculin|Final Gambit|p2a: Terminator\n|-damage|p2a: Terminator|0 fnt\n|faint|p1a: Basculin\n|faint|p2a: Terminator\n|-end|p2a: Terminator|Quark Drive|[silent]\n|\n|upkeep\n|\n|t:|1701187826\n|switch|p2a: Hybrid|Iron Jugulis, shiny|100\/100\n|switch|p1a: Primeape|Primeape, M|100\/100\n|-activate|p2a: Hybrid|ability: Quark Drive\n|-start|p2a: Hybrid|quarkdrivespe\n|turn|4\n|\n|t:|1701187831\n|move|p2a: Hybrid|Hurricane|p1a: Primeape\n|-supereffective|p1a: Primeape\n|-damage|p1a: Primeape|0 fnt\n|faint|p1a: Primeape\n|\n|upkeep\n|\n|t:|1701187838\n|switch|p1a: Blissey|Blissey, F|100\/100\n|turn|5\n|\n|t:|1701187841\n|move|p2a: Hybrid|Hurricane|p1a: Blissey\n|-damage|p1a: Blissey|68\/100\n|-start|p1a: Blissey|confusion\n|-activate|p1a: Blissey|confusion\n|move|p1a: Blissey|Copycat|p1a: Blissey\n|move|p1a: Blissey|Hurricane|p2a: Hybrid|[from]move: Copycat\n|-damage|p2a: Hybrid|72\/100\n|\n|upkeep\n|turn|6\n|\n|t:|1701187846\n|move|p2a: Hybrid|Hurricane|p1a: Blissey\n|-damage|p1a: Blissey|37\/100\n|-activate|p1a: Blissey|confusion\n|move|p1a: Blissey|Copycat|p1a: Blissey\n|move|p1a: Blissey|Hurricane|p2a: Hybrid|[from]move: Copycat\n|-damage|p2a: Hybrid|42\/100\n|-start|p2a: Hybrid|confusion\n|\n|upkeep\n|turn|7\n|\n|t:|1701187852\n|-activate|p2a: Hybrid|confusion\n|move|p2a: Hybrid|Hurricane|p1a: Blissey\n|-damage|p1a: Blissey|7\/100\n|-activate|p1a: Blissey|confusion\n|-damage|p1a: Blissey|2\/100|[from] confusion\n|\n|upkeep\n|turn|8\n|\n|t:|1701187862\n|-end|p2a: Hybrid|Quark Drive|[silent]\n|switch|p2a: Calamity|Iron Valiant, shiny|100\/100\n|-activate|p2a: Calamity|ability: Quark Drive\n|-start|p2a: Calamity|quarkdrivespe\n|-activate|p1a: Blissey|confusion\n|-damage|p1a: Blissey|0 fnt|[from] confusion\n|faint|p1a: Blissey\n|\n|upkeep\n|\n|t:|1701187866\n|switch|p1a: Kingambit|Kingambit, F|100\/100\n|-activate|p1a: Kingambit|ability: Supreme Overlord\n|-start|p1a: Kingambit|fallen5|[silent]\n|turn|9\n|\n|t:|1701187876\n|-terastallize|p1a: Kingambit|Fairy\n|move|p2a: Calamity|Thunderbolt|p1a: Kingambit\n|-damage|p1a: Kingambit|64\/100\n|move|p1a: Kingambit|Tera Blast|p2a: Calamity|[anim] Tera Blast Fairy\n|-supereffective|p2a: Calamity\n|-damage|p2a: Calamity|0 fnt\n|faint|p2a: Calamity\n|-end|p2a: Calamity|Quark Drive|[silent]\n|\n|-fieldend|move: Electric Terrain\n|upkeep\n|\n|t:|1701187882\n|switch|p2a: Hybrid|Iron Jugulis, shiny|42\/100\n|turn|10\n|\n|t:|1701187887\n|move|p2a: Hybrid|Hurricane|p1a: Kingambit|[miss]\n|-miss|p2a: Hybrid|p1a: Kingambit\n|move|p1a: Kingambit|Tera Blast|p2a: Hybrid|[anim] Tera Blast Fairy\n|-supereffective|p2a: Hybrid\n|-damage|p2a: Hybrid|0 fnt\n|faint|p2a: Hybrid\n|-end|p2a: Hybrid|Quark Drive|[silent]\n|\n|upkeep\n|\n|t:|1701187894\n|switch|p2a: Behemoth|Iron Treads, shiny|100\/100\n|turn|11\n|\n|t:|1701187901\n|-terastallize|p2a: Behemoth|Ground\n|move|p1a: Kingambit|Sucker Punch|p2a: Behemoth\n|-damage|p2a: Behemoth|35\/100\n|move|p2a: Behemoth|Earthquake|p1a: Kingambit\n|-damage|p1a: Kingambit|14\/100\n|\n|upkeep\n|turn|12\n|\n|t:|1701187906\n|move|p1a: Kingambit|Sucker Punch||[still]\n|-fail|p1a: Kingambit\n|move|p2a: Behemoth|Stealth Rock|p1a: Kingambit\n|-sidestart|p1: GastrodonBestSlug|move: Stealth Rock\n|\n|upkeep\n|turn|13\n|\n|t:|1701187910\n|move|p1a: Kingambit|Sucker Punch||[still]\n|-fail|p1a: Kingambit\n|move|p2a: Behemoth|Stealth Rock||[still]\n|-fail|p2a: Behemoth\n|\n|upkeep\n|turn|14\n|\n|t:|1701187916\n|move|p1a: Kingambit|Sucker Punch|p2a: Behemoth\n|-damage|p2a: Behemoth|0 fnt\n|faint|p2a: Behemoth\n|-end|p2a: Behemoth|Quark Drive|[silent]\n|\n|win|GastrodonBestSlug\n|raw|GastrodonBestSlug's rating: 1000 &rarr; <strong>1045<\/strong><br \/>(+45 for winning)\n|raw|ermorandi's rating: 1040 &rarr; <strong>1022<\/strong><br \/>(-18 for losing)\n|l|\u2606ermorandi\n","uploadtime":1701187923,"views":10,"p1id":"gastrodonbestslug","p2id":"ermorandi","formatid":"gen9ou","rating":1022,"private":0,"password":""}