{"id":"gen9ou-1990149123","p1":"synergies","p2":"dogwearingdurag","format":"[Gen 9] OU","log":"|j|\u2606synergies\n|j|\u2606dogwearingdurag\n|t:|1699929936\n|gametype|singles\n|player|p1|synergies|dancer|1584\n|player|p2|dogwearingdurag|waiter-gen4dp|1506\n|teamsize|p1|6\n|teamsize|p2|6\n|gen|9\n|tier|[Gen 9] OU\n|rated|\n|rule|Sleep Clause Mod: Limit one foe put to sleep\n|rule|Species Clause: Limit one of each Pok\u00e9mon\n|rule|OHKO Clause: OHKO moves are banned\n|rule|Evasion Items Clause: Evasion items are banned\n|rule|Evasion Moves Clause: Evasion moves are banned\n|rule|Endless Battle Clause: Forcing endless battles is banned\n|rule|HP Percentage Mod: HP is shown in percentages\n|clearpoke\n|poke|p1|Gholdengo|\n|poke|p1|Dragapult, F|\n|poke|p1|Rillaboom, F|\n|poke|p1|Sneasler, F|\n|poke|p1|Iron Valiant|\n|poke|p1|Kingambit, F|\n|poke|p2|Zapdos|\n|poke|p2|Gholdengo|\n|poke|p2|Weavile, F|\n|poke|p2|Milotic, F|\n|poke|p2|Great Tusk|\n|poke|p2|Sneasler, M|\n|teampreview\n|inactive|Battle timer is ON: inactive players will automatically lose when time's up. (requested by dogwearingdurag)\n|\n|t:|1699929947\n|start\n|switch|p1a: Dragapult|Dragapult, F|100\/100\n|switch|p2a: Sneasler|Sneasler, M|100\/100\n|turn|1\n|\n|t:|1699929955\n|switch|p2a: Milotic|Milotic, F|100\/100\n|move|p1a: Dragapult|Reflect|p1a: Dragapult\n|-sidestart|p1: synergies|Reflect\n|\n|upkeep\n|turn|2\n|\n|t:|1699929958\n|move|p1a: Dragapult|Thunder Wave|p2a: Milotic\n|-status|p2a: Milotic|par\n|move|p2a: Milotic|Ice Beam|p1a: Dragapult\n|-supereffective|p1a: Dragapult\n|-damage|p1a: Dragapult|42\/100\n|\n|upkeep\n|turn|3\n|\n|t:|1699929961\n|move|p1a: Dragapult|Light Screen|p1a: Dragapult\n|-sidestart|p1: synergies|move: Light Screen\n|move|p2a: Milotic|Ice Beam|p1a: Dragapult\n|-supereffective|p1a: Dragapult\n|-damage|p1a: Dragapult|14\/100\n|\n|upkeep\n|turn|4\n|\n|t:|1699929964\n|move|p1a: Dragapult|Hex|p2a: Milotic\n|-damage|p2a: Milotic|72\/100 par\n|cant|p2a: Milotic|par\n|\n|-heal|p2a: Milotic|78\/100 par|[from] item: Leftovers\n|upkeep\n|turn|5\n|\n|t:|1699929966\n|move|p1a: Dragapult|Hex|p2a: Milotic\n|-damage|p2a: Milotic|50\/100 par\n|move|p2a: Milotic|Ice Beam|p1a: Dragapult\n|-supereffective|p1a: Dragapult\n|-damage|p1a: Dragapult|0 fnt\n|faint|p1a: Dragapult\n|\n|-heal|p2a: Milotic|56\/100 par|[from] item: Leftovers\n|upkeep\n|\n|t:|1699929970\n|switch|p1a: Rillaboom|Rillaboom, F|100\/100\n|-fieldstart|move: Grassy Terrain|[from] ability: Grassy Surge|[of] p1a: Rillaboom\n|turn|6\n|\n|t:|1699929976\n|switch|p2a: lebron|Zapdos|100\/100\n|move|p1a: Rillaboom|U-turn|p2a: lebron\n|-resisted|p2a: lebron\n|-damage|p2a: lebron|89\/100\n|\n|t:|1699929982\n|switch|p1a: Gholdengo|Gholdengo|100\/100|[from] U-turn\n|\n|upkeep\n|turn|7\n|\n|t:|1699929986\n|move|p1a: Gholdengo|Substitute|p1a: Gholdengo\n|-start|p1a: Gholdengo|Substitute\n|-damage|p1a: Gholdengo|75\/100\n|move|p2a: lebron|Volt Switch|p1a: Gholdengo\n|-activate|p1a: Gholdengo|move: Substitute|[damage]\n|\n|t:|1699929988\n|switch|p2a: Milotic|Milotic, F|56\/100 par|[from] Volt Switch\n|\n|-heal|p1a: Gholdengo|82\/100|[from] Grassy Terrain\n|-heal|p2a: Milotic|63\/100 par|[from] Grassy Terrain\n|-heal|p2a: Milotic|69\/100 par|[from] item: Leftovers\n|upkeep\n|turn|8\n|\n|t:|1699929992\n|move|p1a: Gholdengo|Nasty Plot|p1a: Gholdengo\n|-boost|p1a: Gholdengo|spa|2\n|move|p2a: Milotic|Scald|p1a: Gholdengo\n|-end|p1a: Gholdengo|Substitute\n|\n|-heal|p1a: Gholdengo|88\/100|[from] Grassy Terrain\n|-heal|p2a: Milotic|75\/100 par|[from] Grassy Terrain\n|-heal|p2a: Milotic|81\/100 par|[from] item: Leftovers\n|-sideend|p1: synergies|Reflect\n|upkeep\n|turn|9\n|\n|t:|1699929996\n|move|p1a: Gholdengo|Substitute|p1a: Gholdengo\n|-start|p1a: Gholdengo|Substitute\n|-damage|p1a: Gholdengo|63\/100\n|cant|p2a: Milotic|par\n|\n|-heal|p1a: Gholdengo|69\/100|[from] Grassy Terrain\n|-heal|p2a: Milotic|87\/100 par|[from] Grassy Terrain\n|-heal|p2a: Milotic|93\/100 par|[from] item: Leftovers\n|upkeep\n|turn|10\n|\n|t:|1699929999\n|move|p1a: Gholdengo|Nasty Plot|p1a: Gholdengo\n|-boost|p1a: Gholdengo|spa|2\n|move|p2a: Milotic|Haze|p2a: Milotic\n|-clearallboost\n|\n|-heal|p1a: Gholdengo|75\/100|[from] Grassy Terrain\n|-heal|p2a: Milotic|99\/100 par|[from] Grassy Terrain\n|-heal|p2a: Milotic|100\/100 par|[from] item: Leftovers\n|-sideend|p1: synergies|move: Light Screen\n|-fieldend|move: Grassy Terrain\n|upkeep\n|turn|11\n|\n|t:|1699930007\n|move|p1a: Gholdengo|Shadow Ball|p2a: Milotic\n|-damage|p2a: Milotic|79\/100 par\n|move|p2a: Milotic|Scald|p1a: Gholdengo\n|-end|p1a: Gholdengo|Substitute\n|\n|-heal|p2a: Milotic|85\/100 par|[from] item: Leftovers\n|upkeep\n|turn|12\n|\n|t:|1699930010\n|move|p1a: Gholdengo|Substitute|p1a: Gholdengo\n|-start|p1a: Gholdengo|Substitute\n|-damage|p1a: Gholdengo|50\/100\n|move|p2a: Milotic|Scald|p1a: Gholdengo\n|-end|p1a: Gholdengo|Substitute\n|\n|-heal|p2a: Milotic|91\/100 par|[from] item: Leftovers\n|upkeep\n|turn|13\n|\n|t:|1699930014\n|switch|p1a: Rillaboom|Rillaboom, F|100\/100\n|-fieldstart|move: Grassy Terrain|[from] ability: Grassy Surge|[of] p1a: Rillaboom\n|move|p2a: Milotic|Scald|p1a: Rillaboom\n|-resisted|p1a: Rillaboom\n|-damage|p1a: Rillaboom|81\/100\n|\n|-heal|p1a: Rillaboom|87\/100|[from] Grassy Terrain\n|-heal|p2a: Milotic|97\/100 par|[from] Grassy Terrain\n|-heal|p2a: Milotic|100\/100 par|[from] item: Leftovers\n|upkeep\n|turn|14\n|\n|t:|1699930020\n|switch|p2a: lebron|Zapdos|89\/100\n|move|p1a: Rillaboom|Wood Hammer|p2a: lebron\n|-resisted|p2a: lebron\n|-damage|p2a: lebron|46\/100\n|-damage|p1a: Rillaboom|71\/100|[from] Recoil\n|\n|-heal|p1a: Rillaboom|78\/100|[from] Grassy Terrain\n|upkeep\n|turn|15\n|\n|t:|1699930025\n|switch|p1a: Gholdengo|Gholdengo|50\/100\n|move|p2a: lebron|Roost|p2a: lebron\n|-heal|p2a: lebron|96\/100\n|-singleturn|p2a: lebron|move: Roost\n|\n|-heal|p1a: Gholdengo|57\/100|[from] Grassy Terrain\n|-heal|p2a: lebron|100\/100|[from] Grassy Terrain\n|upkeep\n|turn|16\n|\n|t:|1699930031\n|move|p1a: Gholdengo|Substitute|p1a: Gholdengo\n|-start|p1a: Gholdengo|Substitute\n|-damage|p1a: Gholdengo|32\/100\n|move|p2a: lebron|Volt Switch|p1a: Gholdengo\n|-end|p1a: Gholdengo|Substitute\n|\n|t:|1699930034\n|switch|p2a: Milotic|Milotic, F|100\/100 par|[from] Volt Switch\n|\n|-heal|p1a: Gholdengo|38\/100|[from] Grassy Terrain\n|upkeep\n|turn|17\n|\n|t:|1699930037\n|move|p1a: Gholdengo|Shadow Ball|p2a: Milotic\n|-damage|p2a: Milotic|77\/100 par\n|move|p2a: Milotic|Scald|p1a: Gholdengo\n|-damage|p1a: Gholdengo|6\/100\n|-enditem|p1a: Gholdengo|Salac Berry|[eat]\n|-boost|p1a: Gholdengo|spe|1|[from] item: Salac Berry\n|\n|-heal|p1a: Gholdengo|12\/100|[from] Grassy Terrain\n|-heal|p2a: Milotic|83\/100 par|[from] Grassy Terrain\n|-heal|p2a: Milotic|89\/100 par|[from] item: Leftovers\n|-fieldend|move: Grassy Terrain\n|upkeep\n|turn|18\n|\n|t:|1699930041\n|move|p1a: Gholdengo|Shadow Ball|p2a: Milotic\n|-damage|p2a: Milotic|65\/100 par\n|move|p2a: Milotic|Scald|p1a: Gholdengo\n|-damage|p1a: Gholdengo|0 fnt\n|faint|p1a: Gholdengo\n|\n|-heal|p2a: Milotic|71\/100 par|[from] item: Leftovers\n|upkeep\n|\n|t:|1699930044\n|switch|p1a: Rillaboom|Rillaboom, F|78\/100\n|-fieldstart|move: Grassy Terrain|[from] ability: Grassy Surge|[of] p1a: Rillaboom\n|turn|19\n|\n|t:|1699930048\n|switch|p2a: lebron|Zapdos|100\/100\n|move|p1a: Rillaboom|U-turn|p2a: lebron\n|-resisted|p2a: lebron\n|-crit|p2a: lebron\n|-damage|p2a: lebron|81\/100\n|-status|p1a: Rillaboom|par|[from] ability: Static|[of] p2a: lebron\n|\n|t:|1699930054\n|switch|p1a: Sneasler|Sneasler, F|100\/100|[from] U-turn\n|-enditem|p1a: Sneasler|Grassy Seed\n|-boost|p1a: Sneasler|def|1|[from] item: Grassy Seed\n|\n|upkeep\n|turn|20\n|c|\u2606dogwearingdurag|there it is\n|\n|t:|1699930059\n|move|p1a: Sneasler|Dire Claw|p2a: lebron\n|-damage|p2a: lebron|46\/100\n|-status|p2a: lebron|psn\n|move|p2a: lebron|Thunder Wave|p1a: Sneasler\n|-status|p1a: Sneasler|par\n|\n|-damage|p2a: lebron|34\/100 psn|[from] psn\n|upkeep\n|turn|21\n|\n|t:|1699930077\n|move|p1a: Sneasler|Dire Claw|p2a: lebron\n|-damage|p2a: lebron|4\/100 psn\n|move|p2a: lebron|Roost|p2a: lebron\n|-heal|p2a: lebron|54\/100 psn\n|-singleturn|p2a: lebron|move: Roost\n|\n|-heal|p2a: lebron|60\/100 psn|[from] Grassy Terrain\n|-damage|p2a: lebron|47\/100 psn|[from] psn\n|upkeep\n|turn|22\n|\n|t:|1699930082\n|cant|p1a: Sneasler|par\n|move|p2a: lebron|Roost|p2a: lebron\n|-heal|p2a: lebron|97\/100 psn\n|-singleturn|p2a: lebron|move: Roost\n|\n|-heal|p2a: lebron|100\/100 psn|[from] Grassy Terrain\n|-damage|p2a: lebron|88\/100 psn|[from] psn\n|upkeep\n|turn|23\n|\n|t:|1699930091\n|cant|p1a: Sneasler|par\n|move|p2a: lebron|Hurricane|p1a: Sneasler\n|-supereffective|p1a: Sneasler\n|-damage|p1a: Sneasler|0 fnt\n|faint|p1a: Sneasler\n|\n|-damage|p2a: lebron|75\/100 psn|[from] psn\n|-fieldend|move: Grassy Terrain\n|upkeep\n|\n|t:|1699930098\n|switch|p1a: Iron Valiant|Iron Valiant|100\/100\n|-enditem|p1a: Iron Valiant|Booster Energy\n|-activate|p1a: Iron Valiant|ability: Quark Drive|[fromitem]\n|-start|p1a: Iron Valiant|quarkdrivespe\n|turn|24\n|\n|t:|1699930102\n|switch|p2a: Milotic|Milotic, F|71\/100 par\n|move|p1a: Iron Valiant|Moonblast|p2a: Milotic\n|-damage|p2a: Milotic|44\/100 par\n|\n|-heal|p2a: Milotic|50\/100 par|[from] item: Leftovers\n|upkeep\n|turn|25\n|\n|t:|1699930106\n|move|p1a: Iron Valiant|Calm Mind|p1a: Iron Valiant\n|-boost|p1a: Iron Valiant|spa|1\n|-boost|p1a: Iron Valiant|spd|1\n|move|p2a: Milotic|Recover|p2a: Milotic\n|-heal|p2a: Milotic|100\/100 par\n|\n|upkeep\n|turn|26\n|\n|t:|1699930108\n|move|p1a: Iron Valiant|Calm Mind|p1a: Iron Valiant\n|-boost|p1a: Iron Valiant|spa|1\n|-boost|p1a: Iron Valiant|spd|1\n|cant|p2a: Milotic|par\n|\n|upkeep\n|turn|27\n|\n|t:|1699930111\n|move|p1a: Iron Valiant|Calm Mind|p1a: Iron Valiant\n|-boost|p1a: Iron Valiant|spa|1\n|-boost|p1a: Iron Valiant|spd|1\n|cant|p2a: Milotic|par\n|\n|upkeep\n|turn|28\n|\n|t:|1699930114\n|move|p1a: Iron Valiant|Psyshock|p2a: Milotic\n|-damage|p2a: Milotic|54\/100 par\n|cant|p2a: Milotic|par\n|\n|-heal|p2a: Milotic|60\/100 par|[from] item: Leftovers\n|upkeep\n|turn|29\n|c|\u2606dogwearingdurag|bro\n|\n|t:|1699930122\n|move|p1a: Iron Valiant|Focus Blast|p2a: Milotic|[miss]\n|-miss|p1a: Iron Valiant|p2a: Milotic\n|cant|p2a: Milotic|par\n|\n|-heal|p2a: Milotic|66\/100 par|[from] item: Leftovers\n|upkeep\n|turn|30\n|\n|t:|1699930126\n|move|p1a: Iron Valiant|Focus Blast|p2a: Milotic|[miss]\n|-miss|p1a: Iron Valiant|p2a: Milotic\n|cant|p2a: Milotic|par\n|\n|-heal|p2a: Milotic|72\/100 par|[from] item: Leftovers\n|upkeep\n|turn|31\n|c|\u2606dogwearingdurag|BROOOOOOOOOOOOO\n|\n|t:|1699930130\n|move|p1a: Iron Valiant|Focus Blast|p2a: Milotic\n|-damage|p2a: Milotic|0 fnt\n|faint|p2a: Milotic\n|\n|upkeep\n|c|\u2606dogwearingdurag|this is unreal\n|c|\u2606synergies|lol\n|c|\u2606dogwearingdurag|5 straight paras man\n|\n|t:|1699930151\n|switch|p2a: Sneasler|Sneasler, M|100\/100\n|turn|32\n|\n|t:|1699930159\n|-terastallize|p1a: Iron Valiant|Steel\n|move|p2a: Sneasler|Dire Claw|p1a: Iron Valiant\n|-immune|p1a: Iron Valiant\n|move|p1a: Iron Valiant|Psyshock|p2a: Sneasler\n|-supereffective|p2a: Sneasler\n|-damage|p2a: Sneasler|0 fnt\n|faint|p2a: Sneasler\n|\n|upkeep\n|c|\u2606dogwearingdurag|cool awesom!\n|\n|t:|1699930173\n|switch|p2a: Great Tusk|Great Tusk|100\/100\n|turn|33\n|\n|t:|1699930177\n|-terastallize|p2a: Great Tusk|Steel\n|move|p1a: Iron Valiant|Moonblast|p2a: Great Tusk\n|-resisted|p2a: Great Tusk\n|-damage|p2a: Great Tusk|30\/100\n|-unboost|p2a: Great Tusk|spa|1\n|move|p2a: Great Tusk|Headlong Rush|p1a: Iron Valiant\n|-supereffective|p1a: Iron Valiant\n|-damage|p1a: Iron Valiant|0 fnt\n|-unboost|p2a: Great Tusk|def|1\n|-unboost|p2a: Great Tusk|spd|1\n|faint|p1a: Iron Valiant\n|-end|p1a: Iron Valiant|Quark Drive|[silent]\n|\n|-heal|p2a: Great Tusk|36\/100|[from] item: Leftovers\n|upkeep\n|\n|t:|1699930196\n|switch|p1a: Rillaboom|Rillaboom, F|78\/100 par\n|-fieldstart|move: Grassy Terrain|[from] ability: Grassy Surge|[of] p1a: Rillaboom\n|turn|34\n|\n|t:|1699930201\n|-end|p2a: Great Tusk|Protosynthesis|[silent]\n|switch|p2a: lebron|Zapdos|75\/100 psn\n|move|p1a: Rillaboom|U-turn|p2a: lebron\n|-resisted|p2a: lebron\n|-crit|p2a: lebron\n|-damage|p2a: lebron|55\/100 psn\n|\n|t:|1699930205\n|switch|p1a: Kingambit|Kingambit, F|100\/100|[from] U-turn\n|-activate|p1a: Kingambit|ability: Supreme Overlord\n|-start|p1a: Kingambit|fallen4|[silent]\n|\n|-damage|p2a: lebron|43\/100 psn|[from] psn\n|upkeep\n|turn|35\n|\n|t:|1699930208\n|move|p2a: lebron|Thunder Wave|p1a: Kingambit\n|-status|p1a: Kingambit|par\n|move|p1a: Kingambit|Swords Dance|p1a: Kingambit\n|-boost|p1a: Kingambit|atk|2\n|\n|-damage|p2a: lebron|30\/100 psn|[from] psn\n|upkeep\n|turn|36\n|\n|t:|1699930213\n|move|p2a: lebron|Volt Switch|p1a: Kingambit\n|-crit|p1a: Kingambit\n|-damage|p1a: Kingambit|61\/100 par\n|\n|t:|1699930216\n|switch|p2a: Gholdengo|Gholdengo|100\/100|[from] Volt Switch\n|-item|p2a: Gholdengo|Air Balloon\n|move|p1a: Kingambit|Swords Dance|p1a: Kingambit\n|-boost|p1a: Kingambit|atk|2\n|\n|-heal|p1a: Kingambit|67\/100 par|[from] Grassy Terrain\n|-heal|p1a: Kingambit|73\/100 par|[from] item: Leftovers\n|upkeep\n|turn|37\n|\n|t:|1699930222\n|cant|p1a: Kingambit|par\n|move|p2a: Gholdengo|Make It Rain|p1a: Kingambit\n|-resisted|p1a: Kingambit\n|-crit|p1a: Kingambit\n|-damage|p1a: Kingambit|18\/100 par\n|-unboost|p2a: Gholdengo|spa|1\n|\n|-heal|p1a: Kingambit|25\/100 par|[from] Grassy Terrain\n|-heal|p1a: Kingambit|31\/100 par|[from] item: Leftovers\n|upkeep\n|turn|38\n|\n|t:|1699930225\n|move|p1a: Kingambit|Sucker Punch|p2a: Gholdengo\n|-supereffective|p2a: Gholdengo\n|-damage|p2a: Gholdengo|0 fnt\n|-enditem|p2a: Gholdengo|Air Balloon\n|faint|p2a: Gholdengo\n|\n|-heal|p1a: Kingambit|37\/100 par|[from] Grassy Terrain\n|-heal|p1a: Kingambit|43\/100 par|[from] item: Leftovers\n|-fieldend|move: Grassy Terrain\n|upkeep\n|c|\u2606dogwearingdurag|!weak kingambit\n|c| dogwearingdurag|\/raw <div class=\"infobox\">Kingambit (ignoring abilities):<br \/><span class=\"message-effect-weak\">Weaknesses<\/span>: <b>Fighting<\/b>, Fire, Ground<br \/><span class=\"message-effect-resist\">Resistances<\/span>: Dark, Dragon, Flying, Ghost, Grass, Ice, Normal, Rock, Steel<br \/><span class=\"message-effect-immune\">Immunities<\/span>: Poison, Psychic, Prankster, Sandstorm damage, Toxic<\/div>\n|inactive|dogwearingdurag has 120 seconds left.\n|c|\u2606dogwearingdurag|damn that fucker resists everything\n|\n|t:|1699930264\n|switch|p2a: Weavile|Weavile, F|100\/100\n|turn|39\n|\n|t:|1699930270\n|move|p2a: Weavile|Knock Off|p1a: Kingambit\n|-resisted|p1a: Kingambit\n|-damage|p1a: Kingambit|25\/100 par\n|-enditem|p1a: Kingambit|Leftovers|[from] move: Knock Off|[of] p2a: Weavile\n|move|p1a: Kingambit|Iron Head|p2a: Weavile\n|-supereffective|p2a: Weavile\n|-enditem|p2a: Weavile|Focus Sash\n|-damage|p2a: Weavile|1\/100\n|\n|upkeep\n|turn|40\n|\n|t:|1699930276\n|move|p2a: Weavile|Ice Shard|p1a: Kingambit\n|-resisted|p1a: Kingambit\n|-damage|p1a: Kingambit|18\/100 par\n|move|p1a: Kingambit|Sucker Punch||[still]\n|-fail|p1a: Kingambit\n|\n|upkeep\n|turn|41\n|\n|t:|1699930279\n|move|p2a: Weavile|Ice Shard|p1a: Kingambit\n|-resisted|p1a: Kingambit\n|-damage|p1a: Kingambit|11\/100 par\n|move|p1a: Kingambit|Sucker Punch||[still]\n|-fail|p1a: Kingambit\n|\n|upkeep\n|turn|42\n|\n|t:|1699930284\n|move|p2a: Weavile|Icicle Crash|p1a: Kingambit\n|-resisted|p1a: Kingambit\n|-damage|p1a: Kingambit|0 fnt\n|faint|p1a: Kingambit\n|-end|p1a: Kingambit|fallen4|[silent]\n|\n|upkeep\n|c|\u2606dogwearingdurag|based\n|\n|t:|1699930291\n|switch|p1a: Rillaboom|Rillaboom, F|78\/100 par\n|-fieldstart|move: Grassy Terrain|[from] ability: Grassy Surge|[of] p1a: Rillaboom\n|turn|43\n|\n|t:|1699930296\n|move|p2a: Weavile|Ice Shard|p1a: Rillaboom\n|-supereffective|p1a: Rillaboom\n|-damage|p1a: Rillaboom|31\/100 par\n|move|p1a: Rillaboom|Grassy Glide|p2a: Weavile\n|-damage|p2a: Weavile|0 fnt\n|faint|p2a: Weavile\n|\n|-heal|p1a: Rillaboom|37\/100 par|[from] Grassy Terrain\n|upkeep\n|\n|t:|1699930301\n|switch|p2a: Great Tusk|Great Tusk, tera:Steel|36\/100\n|turn|44\n|\n|t:|1699930305\n|move|p1a: Rillaboom|Grassy Glide|p2a: Great Tusk\n|-resisted|p2a: Great Tusk\n|-damage|p2a: Great Tusk|20\/100\n|move|p2a: Great Tusk|Headlong Rush|p1a: Rillaboom\n|-resisted|p1a: Rillaboom\n|-damage|p1a: Rillaboom|11\/100 par\n|-unboost|p2a: Great Tusk|def|1\n|-unboost|p2a: Great Tusk|spd|1\n|\n|-heal|p2a: Great Tusk|26\/100|[from] Grassy Terrain\n|-heal|p2a: Great Tusk|32\/100|[from] item: Leftovers\n|-heal|p1a: Rillaboom|17\/100 par|[from] Grassy Terrain\n|upkeep\n|turn|45\n|\n|t:|1699930311\n|move|p1a: Rillaboom|Grassy Glide|p2a: Great Tusk\n|-resisted|p2a: Great Tusk\n|-damage|p2a: Great Tusk|4\/100\n|move|p2a: Great Tusk|Headlong Rush|p1a: Rillaboom\n|-resisted|p1a: Rillaboom\n|-crit|p1a: Rillaboom\n|-damage|p1a: Rillaboom|0 fnt\n|-unboost|p2a: Great Tusk|def|1\n|-unboost|p2a: Great Tusk|spd|1\n|faint|p1a: Rillaboom\n|\n|win|dogwearingdurag\n|raw|synergies's rating: 1584 &rarr; <strong>1560<\/strong><br \/>(-24 for losing)\n|raw|dogwearingdurag's rating: 1506 &rarr; <strong>1530<\/strong><br \/>(+24 for winning)\n","uploadtime":1699930260,"views":11,"p1id":"synergies","p2id":"dogwearingdurag","formatid":"gen9ou","rating":1530,"private":0,"password":""}