{"id":"gen9ou-1996744423","p1":"tryna cook","p2":"Somalii","format":"[Gen 9] OU","log":"|j|\u2606tryna cook\n|j|\u2606Somalii\n|t:|1700717927\n|gametype|singles\n|player|p1|tryna cook|acetrainersnowf|1334\n|player|p2|Somalii|iono|1290\n|teamsize|p1|6\n|teamsize|p2|6\n|gen|9\n|tier|[Gen 9] OU\n|rated|\n|rule|Sleep Clause Mod: Limit one foe put to sleep\n|rule|Species Clause: Limit one of each Pok\u00e9mon\n|rule|OHKO Clause: OHKO moves are banned\n|rule|Evasion Items Clause: Evasion items are banned\n|rule|Evasion Moves Clause: Evasion moves are banned\n|rule|Endless Battle Clause: Forcing endless battles is banned\n|rule|HP Percentage Mod: HP is shown in percentages\n|clearpoke\n|poke|p1|Cinderace, M|\n|poke|p1|Great Tusk|\n|poke|p1|Ogerpon-Cornerstone, F|\n|poke|p1|Garganacl, M|\n|poke|p1|Zapdos|\n|poke|p1|Slowking-Galar, M|\n|poke|p2|Yanmega, F|\n|poke|p2|Ribombee, F|\n|poke|p2|Ceruledge, M|\n|poke|p2|Great Tusk|\n|poke|p2|Heatran, M|\n|poke|p2|Greninja-*, M|\n|teampreview\n|inactive|Battle timer is ON: inactive players will automatically lose when time's up. (requested by Somalii)\n|\n|t:|1700717942\n|start\n|switch|p1a: Zapdos|Zapdos|100\/100\n|switch|p2a: Ribombee|Ribombee, F|100\/100\n|turn|1\n|\n|t:|1700717951\n|move|p2a: Ribombee|Sticky Web|p1a: Zapdos\n|-sidestart|p1: tryna cook|move: Sticky Web\n|move|p1a: Zapdos|Thunder Wave|p2a: Ribombee\n|-status|p2a: Ribombee|par\n|\n|upkeep\n|turn|2\n|\n|t:|1700717962\n|move|p1a: Zapdos|Hurricane|p2a: Ribombee\n|-supereffective|p2a: Ribombee\n|-enditem|p2a: Ribombee|Focus Sash\n|-damage|p2a: Ribombee|1\/100 par\n|cant|p2a: Ribombee|par\n|\n|upkeep\n|turn|3\n|\n|t:|1700717970\n|move|p2a: Ribombee|Protect|p2a: Ribombee\n|-singleturn|p2a: Ribombee|Protect\n|move|p1a: Zapdos|Hurricane|p2a: Ribombee\n|-activate|p2a: Ribombee|move: Protect\n|\n|upkeep\n|turn|4\n|\n|t:|1700717975\n|move|p1a: Zapdos|Hurricane|p2a: Ribombee|[miss]\n|-miss|p1a: Zapdos|p2a: Ribombee\n|cant|p2a: Ribombee|par\n|\n|upkeep\n|turn|5\n|\n|t:|1700717980\n|move|p2a: Ribombee|Protect|p2a: Ribombee\n|-singleturn|p2a: Ribombee|Protect\n|move|p1a: Zapdos|Volt Switch|p2a: Ribombee\n|-activate|p2a: Ribombee|move: Protect\n|\n|upkeep\n|turn|6\n|\n|t:|1700717982\n|move|p1a: Zapdos|Volt Switch|p2a: Ribombee\n|-damage|p2a: Ribombee|0 fnt\n|faint|p2a: Ribombee\n|inactive|tryna cook has 120 seconds left.\n|\n|t:|1700718035\n|switch|p1a: Garganacl|Garganacl, M|100\/100|[from] Volt Switch\n|-activate|p1a: Garganacl|move: Sticky Web\n|-unboost|p1a: Garganacl|spe|1\n|\n|upkeep\n|\n|t:|1700718047\n|switch|p2a: Greninja|Greninja, M|100\/100\n|turn|7\n|\n|t:|1700718053\n|-terastallize|p1a: Garganacl|Electric\n|move|p2a: Greninja|Hydro Pump|p1a: Garganacl|[miss]\n|-miss|p2a: Greninja|p1a: Garganacl\n|move|p1a: Garganacl|Salt Cure|p2a: Greninja\n|-damage|p2a: Greninja|78\/100\n|-start|p2a: Greninja|Salt Cure\n|\n|-damage|p2a: Greninja|53\/100|[from] Salt Cure\n|upkeep\n|turn|8\n|\n|t:|1700718060\n|switch|p2a: Great Tusk|Great Tusk|100\/100\n|-enditem|p2a: Great Tusk|Booster Energy\n|-activate|p2a: Great Tusk|ability: Protosynthesis|[fromitem]\n|-start|p2a: Great Tusk|protosynthesisatk\n|move|p1a: Garganacl|Salt Cure|p2a: Great Tusk\n|-resisted|p2a: Great Tusk\n|-damage|p2a: Great Tusk|98\/100\n|-start|p2a: Great Tusk|Salt Cure\n|\n|-damage|p2a: Great Tusk|86\/100|[from] Salt Cure\n|upkeep\n|turn|9\n|\n|t:|1700718064\n|switch|p1a: Zapdos|Zapdos|100\/100\n|move|p2a: Great Tusk|Headlong Rush|p1a: Zapdos\n|-immune|p1a: Zapdos\n|\n|-damage|p2a: Great Tusk|74\/100|[from] Salt Cure\n|upkeep\n|turn|10\n|\n|t:|1700718069\n|move|p1a: Zapdos|Hurricane|p2a: Great Tusk\n|-supereffective|p2a: Great Tusk\n|-damage|p2a: Great Tusk|0 fnt\n|faint|p2a: Great Tusk\n|-end|p2a: Great Tusk|Protosynthesis|[silent]\n|\n|upkeep\n|\n|t:|1700718079\n|switch|p2a: Greninja|Greninja, M|53\/100\n|turn|11\n|\n|t:|1700718082\n|switch|p1a: Garganacl|Garganacl, M, tera:Electric|100\/100\n|-activate|p1a: Garganacl|move: Sticky Web\n|-unboost|p1a: Garganacl|spe|1\n|move|p2a: Greninja|Ice Beam|p1a: Garganacl\n|-damage|p1a: Garganacl|80\/100\n|-damage|p2a: Greninja|43\/100|[from] item: Life Orb\n|\n|-heal|p1a: Garganacl|86\/100|[from] item: Leftovers\n|upkeep\n|turn|12\n|\n|t:|1700718088\n|move|p2a: Greninja|Hydro Pump|p1a: Garganacl\n|-damage|p1a: Garganacl|43\/100\n|-damage|p2a: Greninja|33\/100|[from] item: Life Orb\n|move|p1a: Garganacl|Salt Cure|p2a: Greninja\n|-damage|p2a: Greninja|12\/100\n|-start|p2a: Greninja|Salt Cure\n|\n|-heal|p1a: Garganacl|49\/100|[from] item: Leftovers\n|-damage|p2a: Greninja|0 fnt|[from] Salt Cure\n|faint|p2a: Greninja\n|upkeep\n|\n|t:|1700718100\n|switch|p2a: Ceruledge|Ceruledge, M|100\/100\n|turn|13\n|\n|t:|1700718103\n|move|p2a: Ceruledge|Poltergeist|p1a: Garganacl\n|-activate|p1a: Garganacl|move: Poltergeist|Leftovers\n|-damage|p1a: Garganacl|30\/100\n|move|p1a: Garganacl|Salt Cure|p2a: Ceruledge\n|-supereffective|p2a: Ceruledge\n|-damage|p2a: Ceruledge|61\/100\n|-start|p2a: Ceruledge|Salt Cure\n|\n|-heal|p1a: Garganacl|37\/100|[from] item: Leftovers\n|-damage|p2a: Ceruledge|48\/100|[from] Salt Cure\n|upkeep\n|turn|14\n|\n|t:|1700718110\n|move|p2a: Ceruledge|Bitter Blade|p1a: Garganacl\n|-crit|p1a: Garganacl\n|-damage|p1a: Garganacl|0 fnt\n|-heal|p2a: Ceruledge|73\/100|[from] drain|[of] p1a: Garganacl\n|faint|p1a: Garganacl\n|\n|-damage|p2a: Ceruledge|61\/100|[from] Salt Cure\n|upkeep\n|\n|t:|1700718121\n|switch|p1a: Cinderace|Cinderace, M|100\/100\n|turn|15\n|\n|t:|1700718124\n|move|p1a: Cinderace|Court Change|p1a: Cinderace\n|-swapsideconditions\n|-activate|p1a: Cinderace|move: Court Change\n|move|p2a: Ceruledge|Poltergeist|p1a: Cinderace\n|-activate|p1a: Cinderace|move: Poltergeist|Heavy-Duty Boots\n|-damage|p1a: Cinderace|37\/100\n|\n|-damage|p2a: Ceruledge|49\/100|[from] Salt Cure\n|upkeep\n|turn|16\n|\n|t:|1700718141\n|move|p1a: Cinderace|U-turn|p2a: Ceruledge\n|-resisted|p2a: Ceruledge\n|-damage|p2a: Ceruledge|42\/100\n|\n|t:|1700718145\n|switch|p1a: Great Tusk|Great Tusk|100\/100|[from] U-turn\n|-enditem|p1a: Great Tusk|Booster Energy\n|-activate|p1a: Great Tusk|ability: Protosynthesis|[fromitem]\n|-start|p1a: Great Tusk|protosynthesisspe\n|move|p2a: Ceruledge|Bitter Blade|p1a: Great Tusk\n|-damage|p1a: Great Tusk|71\/100\n|-heal|p2a: Ceruledge|64\/100|[from] drain|[of] p1a: Great Tusk\n|\n|-damage|p2a: Ceruledge|52\/100|[from] Salt Cure\n|upkeep\n|turn|17\n|\n|t:|1700718153\n|move|p1a: Great Tusk|Headlong Rush|p2a: Ceruledge\n|-supereffective|p2a: Ceruledge\n|-damage|p2a: Ceruledge|0 fnt\n|-unboost|p1a: Great Tusk|def|1\n|-unboost|p1a: Great Tusk|spd|1\n|faint|p2a: Ceruledge\n|\n|upkeep\n|\n|t:|1700718159\n|switch|p2a: Yanmega|Yanmega, F|100\/100\n|turn|18\n|\n|t:|1700718163\n|-end|p1a: Great Tusk|Protosynthesis|[silent]\n|switch|p1a: Zapdos|Zapdos|100\/100\n|move|p2a: Yanmega|Bug Buzz|p1a: Zapdos\n|-resisted|p1a: Zapdos\n|-damage|p1a: Zapdos|32\/100\n|\n|upkeep\n|turn|19\n|\n|t:|1700718169\n|move|p2a: Yanmega|Bug Buzz|p1a: Zapdos\n|-resisted|p1a: Zapdos\n|-damage|p1a: Zapdos|0 fnt\n|faint|p1a: Zapdos\n|\n|upkeep\n|\n|t:|1700718171\n|switch|p1a: Ogerpon|Ogerpon-Cornerstone, F|100\/100\n|turn|20\n|\n|t:|1700718176\n|move|p1a: Ogerpon|Ivy Cudgel|p2a: Yanmega|[anim] Ivy Cudgel Rock\n|-supereffective|p2a: Yanmega\n|-damage|p2a: Yanmega|0 fnt\n|faint|p2a: Yanmega\n|\n|upkeep\n|\n|t:|1700718179\n|switch|p2a: Heatran|Heatran, M|100\/100\n|-item|p2a: Heatran|Air Balloon\n|turn|21\n|\n|t:|1700718182\n|move|p1a: Ogerpon|Low Kick|p2a: Heatran\n|-supereffective|p2a: Heatran\n|-damage|p2a: Heatran|20\/100\n|-enditem|p2a: Heatran|Air Balloon\n|move|p2a: Heatran|Magma Storm|p1a: Ogerpon|[miss]\n|-miss|p2a: Heatran|p1a: Ogerpon\n|\n|upkeep\n|turn|22\n|\n|t:|1700718187\n|move|p1a: Ogerpon|Ivy Cudgel|p2a: Heatran|[anim] Ivy Cudgel Rock\n|-damage|p2a: Heatran|0 fnt\n|faint|p2a: Heatran\n|\n|win|tryna cook\n|raw|tryna cook's rating: 1334 &rarr; <strong>1351<\/strong><br \/>(+17 for winning)\n|raw|Somalii's rating: 1290 &rarr; <strong>1268<\/strong><br \/>(-22 for losing)\n|l|\u2606Somalii\n","uploadtime":1700718194,"views":3,"p1id":"trynacook","p2id":"somalii","formatid":"gen9ou","rating":1268,"private":0,"password":""}