{"id":"gen9ou-1990164225","p1":"BattleBlazikenVGC","p2":"darkrows","format":"[Gen 9] OU","log":"|j|\u2606BattleBlazikenVGC\n|j|\u2606darkrows\n|t:|1699931675\n|gametype|singles\n|player|p1|BattleBlazikenVGC|ltsurge|1565\n|player|p2|darkrows|266|1568\n|teamsize|p1|6\n|teamsize|p2|6\n|gen|9\n|tier|[Gen 9] OU\n|rated|\n|rule|Sleep Clause Mod: Limit one foe put to sleep\n|rule|Species Clause: Limit one of each Pok\u00e9mon\n|rule|OHKO Clause: OHKO moves are banned\n|rule|Evasion Items Clause: Evasion items are banned\n|rule|Evasion Moves Clause: Evasion moves are banned\n|rule|Endless Battle Clause: Forcing endless battles is banned\n|rule|HP Percentage Mod: HP is shown in percentages\n|clearpoke\n|poke|p1|Ribombee, F|\n|poke|p1|Gholdengo|\n|poke|p1|Coalossal, F|\n|poke|p1|Kingambit, F|\n|poke|p1|Ogerpon-Wellspring, F|\n|poke|p1|Landorus-Therian, M|\n|poke|p2|Greninja-*, M|\n|poke|p2|Gholdengo|\n|poke|p2|Great Tusk|\n|poke|p2|Sneasler, F|\n|poke|p2|Thundurus-Therian, M|\n|poke|p2|Goodra-Hisui, F|\n|teampreview\n|\n|t:|1699931698\n|start\n|switch|p1a: Ribombee|Ribombee, F|100\/100\n|switch|p2a: Sneasler|Sneasler, F|100\/100\n|turn|1\n|\n|t:|1699931704\n|move|p2a: Sneasler|Dire Claw|p1a: Ribombee\n|-supereffective|p1a: Ribombee\n|-enditem|p1a: Ribombee|Focus Sash\n|-damage|p1a: Ribombee|1\/100\n|move|p1a: Ribombee|Moonblast|p2a: Sneasler\n|-damage|p2a: Sneasler|50\/100\n|-unboost|p2a: Sneasler|spa|1\n|\n|upkeep\n|turn|2\n|\n|t:|1699931712\n|switch|p1a: Gholdengo|Gholdengo|100\/100\n|move|p2a: Sneasler|Dire Claw|p1a: Gholdengo\n|-immune|p1a: Gholdengo\n|\n|upkeep\n|turn|3\n|\n|t:|1699931726\n|switch|p2a: Goodra|Goodra-Hisui, F|100\/100\n|move|p1a: Gholdengo|Nasty Plot|p1a: Gholdengo\n|-boost|p1a: Gholdengo|spa|2\n|\n|upkeep\n|turn|4\n|\n|t:|1699931730\n|move|p1a: Gholdengo|Shadow Ball|p2a: Goodra\n|-damage|p2a: Goodra|70\/100\n|move|p2a: Goodra|Knock Off|p1a: Gholdengo\n|-supereffective|p1a: Gholdengo\n|-damage|p1a: Gholdengo|55\/100\n|-enditem|p1a: Gholdengo|Leftovers|[from] move: Knock Off|[of] p2a: Goodra\n|\n|upkeep\n|turn|5\n|\n|t:|1699931742\n|switch|p1a: Coalossal|Coalossal, F|100\/100\n|move|p2a: Goodra|Knock Off|p1a: Coalossal\n|-damage|p1a: Coalossal|87\/100\n|-enditem|p1a: Coalossal|Assault Vest|[from] move: Knock Off|[of] p2a: Goodra\n|\n|upkeep\n|turn|6\n|\n|t:|1699931751\n|switch|p2a: Great Tusk|Great Tusk|100\/100\n|move|p1a: Coalossal|Earth Power|p2a: Great Tusk\n|-damage|p2a: Great Tusk|72\/100\n|\n|-heal|p2a: Great Tusk|78\/100|[from] item: Leftovers\n|upkeep\n|turn|7\n|\n|t:|1699931760\n|move|p2a: Great Tusk|Knock Off|p1a: Coalossal\n|-damage|p1a: Coalossal|73\/100\n|move|p1a: Coalossal|Heat Wave|p2a: Great Tusk\n|-damage|p2a: Great Tusk|28\/100\n|\n|-heal|p2a: Great Tusk|34\/100|[from] item: Leftovers\n|upkeep\n|turn|8\n|j| Porycomingback\n|\n|t:|1699931790\n|switch|p1a: Landorus|Landorus-Therian, M|100\/100\n|-ability|p1a: Landorus|Intimidate|boost\n|-unboost|p2a: Great Tusk|atk|1\n|move|p2a: Great Tusk|Earthquake|p1a: Landorus\n|-immune|p1a: Landorus\n|\n|-heal|p2a: Great Tusk|41\/100|[from] item: Leftovers\n|upkeep\n|turn|9\n|j| quesitoooo\n|\n|t:|1699931796\n|move|p1a: Landorus|Earthquake|p2a: Great Tusk\n|-damage|p2a: Great Tusk|12\/100\n|move|p2a: Great Tusk|Knock Off|p1a: Landorus\n|-damage|p1a: Landorus|78\/100\n|-enditem|p1a: Landorus|Leftovers|[from] move: Knock Off|[of] p2a: Great Tusk\n|\n|-heal|p2a: Great Tusk|18\/100|[from] item: Leftovers\n|upkeep\n|turn|10\n|\n|t:|1699931806\n|move|p1a: Landorus|Earthquake|p2a: Great Tusk\n|-damage|p2a: Great Tusk|0 fnt\n|faint|p2a: Great Tusk\n|-end|p2a: Great Tusk|Protosynthesis|[silent]\n|\n|upkeep\n|\n|t:|1699931819\n|switch|p2a: Greninja|Greninja, M|100\/100\n|turn|11\n|\n|t:|1699931824\n|move|p2a: Greninja|Gunk Shot|p1a: Landorus\n|-resisted|p1a: Landorus\n|-damage|p1a: Landorus|52\/100\n|-status|p1a: Landorus|psn\n|-damage|p2a: Greninja|91\/100|[from] item: Life Orb\n|move|p1a: Landorus|U-turn|p2a: Greninja\n|-supereffective|p2a: Greninja\n|-damage|p2a: Greninja|2\/100\n|c|\u2606darkrows|?\n|\n|t:|1699931832\n|switch|p1a: Ribombee|Ribombee, F|1\/100|[from] U-turn\n|\n|upkeep\n|turn|12\n|\n|t:|1699931851\n|move|p1a: Ribombee|Sticky Web|p2a: Greninja\n|-sidestart|p2: darkrows|move: Sticky Web\n|move|p2a: Greninja|Liquidation|p1a: Ribombee\n|-damage|p1a: Ribombee|0 fnt\n|faint|p1a: Ribombee\n|-ability|p2a: Greninja|Battle Bond|boost\n|-boost|p2a: Greninja|atk|1\n|-boost|p2a: Greninja|spa|1\n|-boost|p2a: Greninja|spe|1\n|-activate|p2a: Greninja|ability: Battle Bond\n|-damage|p2a: Greninja|0 fnt|[from] item: Life Orb\n|faint|p2a: Greninja\n|\n|upkeep\n|\n|t:|1699931864\n|switch|p1a: Broken|Ogerpon-Wellspring, F|100\/100\n|switch|p2a: Sneasler|Sneasler, F|50\/100\n|-activate|p2a: Sneasler|move: Sticky Web\n|-unboost|p2a: Sneasler|spe|1\n|turn|13\n|inactive|Battle timer is ON: inactive players will automatically lose when time's up. (requested by darkrows)\n|j| serving up heat\n|\n|t:|1699931882\n|switch|p1a: Gholdengo|Gholdengo|55\/100\n|move|p2a: Sneasler|Dire Claw|p1a: Gholdengo\n|-immune|p1a: Gholdengo\n|\n|upkeep\n|turn|14\n|\n|t:|1699931896\n|switch|p2a: Goodra|Goodra-Hisui, F|70\/100\n|-activate|p2a: Goodra|move: Sticky Web\n|-unboost|p2a: Goodra|spe|1\n|move|p1a: Gholdengo|Recover|p1a: Gholdengo\n|-heal|p1a: Gholdengo|100\/100\n|\n|upkeep\n|turn|15\n|j| Memuy\n|inactive|darkrows has 120 seconds left.\n|inactive|darkrows has 90 seconds left.\n|\n|t:|1699931961\n|move|p1a: Gholdengo|Shadow Ball|p2a: Goodra\n|-damage|p2a: Goodra|56\/100\n|-unboost|p2a: Goodra|spd|1\n|move|p2a: Goodra|Knock Off|p1a: Gholdengo\n|-supereffective|p1a: Gholdengo\n|-damage|p1a: Gholdengo|71\/100\n|\n|upkeep\n|turn|16\n|inactive|darkrows has 90 seconds left.\n|-message|darkrows forfeited.\n|\n|win|BattleBlazikenVGC\n|raw|BattleBlazikenVGC's rating: 1565 &rarr; <strong>1585<\/strong><br \/>(+20 for winning)\n|raw|darkrows's rating: 1568 &rarr; <strong>1548<\/strong><br \/>(-20 for losing)\n|l|\u2606darkrows\n|l| quesitoooo\n|l| Porycomingback\n","uploadtime":1699931987,"views":15,"p1id":"battleblazikenvgc","p2id":"darkrows","formatid":"gen9ou","rating":1548,"private":0,"password":""}