{"id":"gen9ou-1994417808","p1":"pokenoobfan","p2":"sgyyds","format":"[Gen 9] OU","log":"|j|\u2606pokenoobfan\n|j|\u2606sgyyds\n|t:|1700441645\n|gametype|singles\n|player|p1|pokenoobfan|battlegirl-gen4|1000\n|player|p2|sgyyds|lucas|1000\n|teamsize|p1|6\n|teamsize|p2|6\n|gen|9\n|tier|[Gen 9] OU\n|rated|\n|rule|Sleep Clause Mod: Limit one foe put to sleep\n|rule|Species Clause: Limit one of each Pok\u00e9mon\n|rule|OHKO Clause: OHKO moves are banned\n|rule|Evasion Items Clause: Evasion items are banned\n|rule|Evasion Moves Clause: Evasion moves are banned\n|rule|Endless Battle Clause: Forcing endless battles is banned\n|rule|HP Percentage Mod: HP is shown in percentages\n|clearpoke\n|poke|p1|Glimmora, M|\n|poke|p1|Scyther, M|\n|poke|p1|Gholdengo|\n|poke|p1|Tatsugiri, M|\n|poke|p1|Clodsire, F|\n|poke|p1|Garganacl, M|\n|poke|p2|Alomomola, F|\n|poke|p2|Blissey, F|\n|poke|p2|Ceruledge, M|\n|poke|p2|Cinderace, M|\n|poke|p2|Clefable, F|\n|poke|p2|Corviknight, M|\n|teampreview\n|\n|t:|1700441651\n|start\n|switch|p1a: Glimmora|Glimmora, M, shiny|100\/100\n|switch|p2a: Alomomola|Alomomola, F|100\/100\n|turn|1\n|\n|t:|1700441662\n|move|p1a: Glimmora|Stealth Rock|p2a: Alomomola\n|-sidestart|p2: sgyyds|move: Stealth Rock\n|move|p2a: Alomomola|Flip Turn|p1a: Glimmora\n|-supereffective|p1a: Glimmora\n|-damage|p1a: Glimmora|78\/100\n|-activate|p1a: Glimmora|ability: Toxic Debris\n|-sidestart|p2: sgyyds|move: Toxic Spikes\n|-enditem|p1a: Glimmora|Red Card|[of] p2a: Alomomola\n|drag|p2a: Corviknight|Corviknight, M|100\/100\n|\n|upkeep\n|turn|2\n|\n|t:|1700441680\n|switch|p1a: Gholdengo|Gholdengo|100\/100\n|move|p2a: Corviknight|Iron Head|p1a: Gholdengo\n|-resisted|p1a: Gholdengo\n|-damage|p1a: Gholdengo|92\/100\n|\n|-heal|p1a: Gholdengo|98\/100|[from] item: Leftovers\n|upkeep\n|turn|3\n|\n|t:|1700441700\n|switch|p2a: Cinderace|Cinderace, M|100\/100\n|move|p1a: Gholdengo|Thunder|p2a: Cinderace\n|-damage|p2a: Cinderace|52\/100\n|\n|-heal|p1a: Gholdengo|100\/100|[from] item: Leftovers\n|upkeep\n|turn|4\n|\n|t:|1700441712\n|move|p2a: Cinderace|Pyro Ball|p1a: Gholdengo\n|-supereffective|p1a: Gholdengo\n|-damage|p1a: Gholdengo|19\/100\n|move|p1a: Gholdengo|Thunder|p2a: Cinderace|[miss]\n|-miss|p1a: Gholdengo|p2a: Cinderace\n|\n|-heal|p1a: Gholdengo|25\/100|[from] item: Leftovers\n|upkeep\n|turn|5\n|\n|t:|1700441733\n|switch|p1a: Tatsugiri|Tatsugiri, M|100\/100\n|move|p2a: Cinderace|Pyro Ball|p1a: Tatsugiri\n|-resisted|p1a: Tatsugiri\n|-damage|p1a: Tatsugiri|69\/100\n|\n|upkeep\n|turn|6\n|\n|t:|1700441746\n|move|p2a: Cinderace|Trailblaze|p1a: Tatsugiri\n|-start|p2a: Cinderace|typechange|Grass|[from] ability: Libero\n|-damage|p1a: Tatsugiri|15\/100\n|-boost|p2a: Cinderace|spe|1\n|move|p1a: Tatsugiri|Surf|p2a: Cinderace\n|-resisted|p2a: Cinderace\n|-damage|p2a: Cinderace|23\/100\n|\n|upkeep\n|turn|7\n|\n|t:|1700441762\n|move|p2a: Cinderace|Trailblaze|p1a: Tatsugiri\n|-damage|p1a: Tatsugiri|0 fnt\n|-boost|p2a: Cinderace|spe|1\n|faint|p1a: Tatsugiri\n|\n|upkeep\n|\n|t:|1700441775\n|switch|p1a: Gholdengo|Gholdengo|25\/100\n|turn|8\n|\n|t:|1700441781\n|move|p2a: Cinderace|Pyro Ball|p1a: Gholdengo\n|-supereffective|p1a: Gholdengo\n|-damage|p1a: Gholdengo|0 fnt\n|faint|p1a: Gholdengo\n|\n|upkeep\n|\n|t:|1700441789\n|switch|p1a: Clodsire|Clodsire, F|100\/100\n|turn|9\n|\n|t:|1700441797\n|move|p2a: Cinderace|Trailblaze|p1a: Clodsire\n|-damage|p1a: Clodsire|69\/100\n|-boost|p2a: Cinderace|spe|1\n|move|p1a: Clodsire|Poison Jab|p2a: Cinderace\n|-supereffective|p2a: Cinderace\n|-damage|p2a: Cinderace|0 fnt\n|faint|p2a: Cinderace\n|\n|-heal|p1a: Clodsire|75\/100|[from] item: Black Sludge\n|upkeep\n|\n|t:|1700441822\n|switch|p2a: Corviknight|Corviknight, M|100\/100\n|turn|10\n|\n|t:|1700441834\n|move|p2a: Corviknight|Bulk Up|p2a: Corviknight\n|-boost|p2a: Corviknight|atk|1\n|-boost|p2a: Corviknight|def|1\n|move|p1a: Clodsire|Toxic|p2a: Corviknight\n|-immune|p2a: Corviknight\n|\n|-heal|p1a: Clodsire|81\/100|[from] item: Black Sludge\n|upkeep\n|turn|11\n|\n|t:|1700441849\n|switch|p1a: Scyther|Scyther, M, shiny|100\/100\n|move|p2a: Corviknight|Bulk Up|p2a: Corviknight\n|-boost|p2a: Corviknight|atk|1\n|-boost|p2a: Corviknight|def|1\n|\n|upkeep\n|turn|12\n|-message|pokenoobfan forfeited.\n|\n|win|sgyyds\n|raw|pokenoobfan's rating: 1000 &rarr; <strong>1000<\/strong><br \/>(+0 for losing)\n|raw|sgyyds's rating: 1000 &rarr; <strong>1040<\/strong><br \/>(+40 for winning)\n|l|\u2606pokenoobfan\n","uploadtime":1700441872,"views":8,"p1id":"pokenoobfan","p2id":"sgyyds","formatid":"gen9ou","rating":1000,"private":0,"password":""}