{"id":"gen9ou-2000015943","p1":"SFC90","p2":"mataj","format":"[Gen 9] OU","log":"|j|\u2606SFC90\n|j|\u2606mataj\n|t:|1701141508\n|gametype|singles\n|player|p1|SFC90|ghetsis|1318\n|player|p2|mataj|hilbert-wonderlauncher|1383\n|teamsize|p1|6\n|teamsize|p2|6\n|gen|9\n|tier|[Gen 9] OU\n|rated|\n|rule|Sleep Clause Mod: Limit one foe put to sleep\n|rule|Species Clause: Limit one of each Pok\u00e9mon\n|rule|OHKO Clause: OHKO moves are banned\n|rule|Evasion Items Clause: Evasion items are banned\n|rule|Evasion Moves Clause: Evasion moves are banned\n|rule|Endless Battle Clause: Forcing endless battles is banned\n|rule|HP Percentage Mod: HP is shown in percentages\n|clearpoke\n|poke|p1|Greninja-*, M|\n|poke|p1|Landorus-Therian, M|\n|poke|p1|Kingambit, M|\n|poke|p1|Iron Moth|\n|poke|p1|Zapdos|\n|poke|p1|Ting-Lu|\n|poke|p2|Ogerpon-Wellspring, F|\n|poke|p2|Enamorus, F|\n|poke|p2|Slowking-Galar, F|\n|poke|p2|Samurott-Hisui, M|\n|poke|p2|Kingambit, F|\n|poke|p2|Landorus-Therian, M|\n|teampreview\n|inactive|Battle timer is ON: inactive players will automatically lose when time's up. (requested by SFC90)\n|\n|t:|1701141514\n|start\n|switch|p1a: Landorus|Landorus-Therian, M|100\/100\n|switch|p2a: Rottinham|Samurott-Hisui, M|100\/100\n|-ability|p1a: Landorus|Intimidate|boost\n|-unboost|p2a: Rottinham|atk|1\n|turn|1\n|\n|t:|1701141529\n|switch|p2a: not landover|Landorus-Therian, M|100\/100\n|-ability|p2a: not landover|Intimidate|boost\n|-unboost|p1a: Landorus|atk|1\n|switch|p1a: Zapdos|Zapdos|100\/100\n|\n|upkeep\n|turn|2\n|\n|t:|1701141538\n|switch|p1a: Ting-Lu|Ting-Lu|100\/100\n|-ability|p1a: Ting-Lu|Vessel of Ruin\n|move|p2a: not landover|Smack Down|p1a: Ting-Lu\n|-resisted|p1a: Ting-Lu\n|-damage|p1a: Ting-Lu|96\/100\n|\n|-heal|p1a: Ting-Lu|100\/100|[from] item: Leftovers\n|upkeep\n|turn|3\n|\n|t:|1701141547\n|move|p2a: not landover|U-turn|p1a: Ting-Lu\n|-supereffective|p1a: Ting-Lu\n|-crit|p1a: Ting-Lu\n|-damage|p1a: Ting-Lu|65\/100\n|\n|t:|1701141551\n|switch|p2a: Rottinham|Samurott-Hisui, M|100\/100|[from] U-turn\n|move|p1a: Ting-Lu|Spikes|p2a: Rottinham\n|-sidestart|p2: mataj|Spikes\n|\n|-heal|p1a: Ting-Lu|71\/100|[from] item: Leftovers\n|upkeep\n|turn|4\n|\n|t:|1701141558\n|move|p2a: Rottinham|Ceaseless Edge|p1a: Ting-Lu|[miss]\n|-miss|p2a: Rottinham|p1a: Ting-Lu\n|move|p1a: Ting-Lu|Spikes|p2a: Rottinham\n|-sidestart|p2: mataj|Spikes\n|\n|-heal|p1a: Ting-Lu|77\/100|[from] item: Leftovers\n|upkeep\n|turn|5\n|\n|t:|1701141564\n|switch|p1a: Landorus|Landorus-Therian, M|100\/100\n|-ability|p1a: Landorus|Intimidate|boost\n|-unboost|p2a: Rottinham|atk|1\n|move|p2a: Rottinham|Ceaseless Edge|p1a: Landorus\n|-damage|p1a: Landorus|79\/100\n|-damage|p2a: Rottinham|84\/100|[from] item: Rocky Helmet|[of] p1a: Landorus\n|-sidestart|p1: SFC90|Spikes\n|\n|upkeep\n|turn|6\n|\n|t:|1701141574\n|move|p2a: Rottinham|Razor Shell|p1a: Landorus|[miss]\n|-miss|p2a: Rottinham|p1a: Landorus\n|move|p1a: Landorus|Stealth Rock|p2a: Rottinham\n|-sidestart|p2: mataj|move: Stealth Rock\n|\n|upkeep\n|turn|7\n|\n|t:|1701141580\n|move|p2a: Rottinham|Ceaseless Edge|p1a: Landorus\n|-damage|p1a: Landorus|58\/100\n|-damage|p2a: Rottinham|67\/100|[from] item: Rocky Helmet|[of] p1a: Landorus\n|-sidestart|p1: SFC90|Spikes\n|move|p1a: Landorus|U-turn|p2a: Rottinham\n|-supereffective|p2a: Rottinham\n|-damage|p2a: Rottinham|14\/100\n|\n|t:|1701141595\n|switch|p1a: Iron Moth|Iron Moth|100\/100|[from] U-turn\n|-damage|p1a: Iron Moth|84\/100|[from] Spikes\n|\n|upkeep\n|turn|8\n|\n|t:|1701141607\n|move|p2a: Rottinham|Aqua Jet|p1a: Iron Moth\n|-supereffective|p1a: Iron Moth\n|-damage|p1a: Iron Moth|43\/100\n|move|p1a: Iron Moth|Fiery Dance|p2a: Rottinham\n|-resisted|p2a: Rottinham\n|-damage|p2a: Rottinham|0 fnt\n|-boost|p1a: Iron Moth|spa|1\n|faint|p2a: Rottinham\n|\n|upkeep\n|inactive|mataj has 120 seconds left.\n|\n|t:|1701141640\n|switch|p2a: Lolo|Slowking-Galar, F|100\/100\n|turn|9\n|\n|t:|1701141643\n|move|p1a: Iron Moth|Fiery Dance|p2a: Lolo\n|-damage|p2a: Lolo|15\/100\n|move|p2a: Lolo|Future Sight|p1a: Iron Moth\n|-start|p2a: Lolo|move: Future Sight\n|\n|upkeep\n|turn|10\n|\n|t:|1701141648\n|move|p1a: Iron Moth|Fiery Dance|p2a: Lolo\n|-damage|p2a: Lolo|0 fnt\n|faint|p2a: Lolo\n|\n|upkeep\n|\n|t:|1701141658\n|switch|p2a: The OG|Ogerpon-Wellspring, F|100\/100\n|-damage|p2a: The OG|84\/100|[from] Spikes\n|-damage|p2a: The OG|72\/100|[from] Stealth Rock\n|turn|11\n|\n|t:|1701141663\n|-terastallize|p2a: The OG|Water\n|detailschange|p2a: The OG|Ogerpon-Wellspring-Tera, F, tera:Water\n|-ability|p2a: The OG|Embody Aspect (Wellspring)|boost\n|-boost|p2a: The OG|spd|1\n|move|p1a: Iron Moth|Fiery Dance|p2a: The OG\n|-resisted|p2a: The OG\n|-damage|p2a: The OG|33\/100\n|-boost|p1a: Iron Moth|spa|1\n|move|p2a: The OG|Swords Dance|p2a: The OG\n|-boost|p2a: The OG|atk|2\n|\n|-end|p1a: Iron Moth|move: Future Sight\n|-supereffective|p1a: Iron Moth\n|-damage|p1a: Iron Moth|0 fnt\n|faint|p1a: Iron Moth\n|-end|p1a: Iron Moth|Quark Drive|[silent]\n|upkeep\n|\n|t:|1701141686\n|switch|p1a: Zapdos|Zapdos|100\/100\n|turn|12\n|\n|t:|1701141691\n|move|p2a: The OG|Ivy Cudgel|p1a: Zapdos|[anim] Ivy Cudgel Water\n|-damage|p1a: Zapdos|0 fnt\n|faint|p1a: Zapdos\n|\n|upkeep\n|\n|t:|1701141696\n|switch|p1a: Kingambit|Kingambit, M|100\/100\n|-activate|p1a: Kingambit|ability: Supreme Overlord\n|-start|p1a: Kingambit|fallen2|[silent]\n|turn|13\n|\n|t:|1701141706\n|move|p1a: Kingambit|Sucker Punch||[still]\n|-fail|p1a: Kingambit\n|move|p2a: The OG|Swords Dance|p2a: The OG\n|-boost|p2a: The OG|atk|2\n|\n|upkeep\n|turn|14\n|\n|t:|1701141711\n|switch|p2a: not landover|Landorus-Therian, M|100\/100\n|-damage|p2a: not landover|88\/100|[from] Stealth Rock\n|-ability|p2a: not landover|Intimidate|boost\n|-unboost|p1a: Kingambit|atk|1\n|move|p1a: Kingambit|Sucker Punch||[still]\n|-fail|p1a: Kingambit\n|\n|upkeep\n|turn|15\n|\n|t:|1701141719\n|-end|p1a: Kingambit|fallen2|[silent]\n|switch|p1a: Landorus|Landorus-Therian, M|58\/100\n|-ability|p1a: Landorus|Intimidate|boost\n|-unboost|p2a: not landover|atk|1\n|move|p2a: not landover|Earthquake|p1a: Landorus\n|-immune|p1a: Landorus\n|\n|upkeep\n|turn|16\n|\n|t:|1701141729\n|move|p2a: not landover|U-turn|p1a: Landorus\n|-resisted|p1a: Landorus\n|-damage|p1a: Landorus|53\/100\n|-damage|p2a: not landover|72\/100|[from] item: Rocky Helmet|[of] p1a: Landorus\n|\n|t:|1701141733\n|switch|p2a: The OG|Ogerpon-Wellspring-Tera, F, tera:Water|33\/100|[from] U-turn\n|-damage|p2a: The OG|16\/100|[from] Spikes\n|-damage|p2a: The OG|4\/100|[from] Stealth Rock\n|-ability|p2a: The OG|Embody Aspect (Wellspring)|boost\n|-boost|p2a: The OG|spd|1\n|move|p1a: Landorus|Grass Knot|p2a: The OG\n|-supereffective|p2a: The OG\n|-damage|p2a: The OG|0 fnt\n|faint|p2a: The OG\n|\n|upkeep\n|\n|t:|1701141742\n|switch|p2a: Gaga|Enamorus, F|100\/100\n|turn|17\n|\n|t:|1701141745\n|switch|p1a: Ting-Lu|Ting-Lu|77\/100\n|-damage|p1a: Ting-Lu|61\/100|[from] Spikes\n|-ability|p1a: Ting-Lu|Vessel of Ruin\n|move|p2a: Gaga|Moonblast|p1a: Ting-Lu\n|-supereffective|p1a: Ting-Lu\n|-damage|p1a: Ting-Lu|16\/100\n|\n|-heal|p1a: Ting-Lu|22\/100|[from] item: Leftovers\n|upkeep\n|turn|18\n|\n|t:|1701141759\n|move|p2a: Gaga|Agility|p2a: Gaga\n|-boost|p2a: Gaga|spe|2\n|move|p1a: Ting-Lu|Ruination|p2a: Gaga\n|-damage|p2a: Gaga|51\/100\n|\n|-heal|p1a: Ting-Lu|28\/100|[from] item: Leftovers\n|upkeep\n|turn|19\n|\n|t:|1701141773\n|move|p2a: Gaga|Moonblast|p1a: Ting-Lu\n|-supereffective|p1a: Ting-Lu\n|-damage|p1a: Ting-Lu|0 fnt\n|faint|p1a: Ting-Lu\n|\n|upkeep\n|\n|t:|1701141779\n|switch|p1a: Kingambit|Kingambit, M|100\/100\n|-activate|p1a: Kingambit|ability: Supreme Overlord\n|-start|p1a: Kingambit|fallen3|[silent]\n|turn|20\n|\n|t:|1701141791\n|move|p2a: Gaga|Moonblast|p1a: Kingambit\n|-damage|p1a: Kingambit|49\/100\n|move|p1a: Kingambit|Iron Head|p2a: Gaga\n|-supereffective|p2a: Gaga\n|-damage|p2a: Gaga|0 fnt\n|-start|p1a: Kingambit|Attract|[from] ability: Cute Charm|[of] p2a: Gaga\n|faint|p2a: Gaga\n|-end|p1a: Kingambit|Attract|[silent]\n|\n|upkeep\n|\n|t:|1701141797\n|switch|p2a: not landover|Landorus-Therian, M|72\/100\n|-damage|p2a: not landover|59\/100|[from] Stealth Rock\n|-ability|p2a: not landover|Intimidate|boost\n|-unboost|p1a: Kingambit|atk|1\n|turn|21\n|\n|t:|1701141804\n|-end|p1a: Kingambit|fallen3|[silent]\n|switch|p1a: Landorus|Landorus-Therian, M|53\/100\n|-ability|p1a: Landorus|Intimidate|boost\n|-unboost|p2a: not landover|atk|1\n|move|p2a: not landover|Earthquake|p1a: Landorus\n|-immune|p1a: Landorus\n|\n|upkeep\n|turn|22\n|\n|t:|1701141814\n|move|p1a: Landorus|Grass Knot|p2a: not landover\n|-damage|p2a: not landover|41\/100\n|-damage|p1a: Landorus|36\/100|[from] item: Rocky Helmet|[of] p2a: not landover\n|move|p2a: not landover|U-turn|p1a: Landorus\n|-resisted|p1a: Landorus\n|-damage|p1a: Landorus|31\/100\n|-damage|p2a: not landover|24\/100|[from] item: Rocky Helmet|[of] p1a: Landorus\n|\n|t:|1701141817\n|switch|p2a: the one pieeece|Kingambit, F|100\/100|[from] U-turn\n|-damage|p2a: the one pieeece|84\/100|[from] Spikes\n|-damage|p2a: the one pieeece|78\/100|[from] Stealth Rock\n|-activate|p2a: the one pieeece|ability: Supreme Overlord\n|-start|p2a: the one pieeece|fallen4|[silent]\n|\n|-heal|p2a: the one pieeece|84\/100|[from] item: Leftovers\n|upkeep\n|turn|23\n|\n|t:|1701141831\n|move|p2a: the one pieeece|Sucker Punch|p1a: Landorus\n|-damage|p1a: Landorus|0 fnt\n|-damage|p2a: the one pieeece|67\/100|[from] item: Rocky Helmet|[of] p1a: Landorus\n|faint|p1a: Landorus\n|\n|-heal|p2a: the one pieeece|74\/100|[from] item: Leftovers\n|upkeep\n|\n|t:|1701141850\n|switch|p1a: Kingambit|Kingambit, M|49\/100\n|-activate|p1a: Kingambit|ability: Supreme Overlord\n|-start|p1a: Kingambit|fallen4|[silent]\n|turn|24\n|\n|t:|1701141860\n|-end|p2a: the one pieeece|fallen4|[silent]\n|switch|p2a: not landover|Landorus-Therian, M|24\/100\n|-damage|p2a: not landover|12\/100|[from] Stealth Rock\n|-ability|p2a: not landover|Intimidate|boost\n|-unboost|p1a: Kingambit|atk|1\n|move|p1a: Kingambit|Iron Head|p2a: not landover\n|-damage|p2a: not landover|0 fnt\n|-damage|p1a: Kingambit|33\/100|[from] item: Rocky Helmet|[of] p2a: not landover\n|faint|p2a: not landover\n|\n|upkeep\n|\n|t:|1701141876\n|switch|p2a: the one pieeece|Kingambit, F|74\/100\n|-damage|p2a: the one pieeece|57\/100|[from] Spikes\n|-damage|p2a: the one pieeece|51\/100|[from] Stealth Rock\n|-activate|p2a: the one pieeece|ability: Supreme Overlord\n|-start|p2a: the one pieeece|fallen5|[silent]\n|turn|25\n|\n|t:|1701141888\n|move|p1a: Kingambit|Iron Head|p2a: the one pieeece\n|-resisted|p2a: the one pieeece\n|-damage|p2a: the one pieeece|34\/100\n|cant|p2a: the one pieeece|flinch\n|\n|-heal|p2a: the one pieeece|40\/100|[from] item: Leftovers\n|upkeep\n|turn|26\n|\n|t:|1701141898\n|move|p1a: Kingambit|Iron Head|p2a: the one pieeece\n|-resisted|p2a: the one pieeece\n|-damage|p2a: the one pieeece|24\/100\n|move|p2a: the one pieeece|Kowtow Cleave|p1a: Kingambit\n|-resisted|p1a: Kingambit\n|-damage|p1a: Kingambit|5\/100\n|\n|-heal|p2a: the one pieeece|30\/100|[from] item: Leftovers\n|upkeep\n|turn|27\n|\n|t:|1701141911\n|move|p1a: Kingambit|Sucker Punch|p2a: the one pieeece\n|-resisted|p2a: the one pieeece\n|-damage|p2a: the one pieeece|16\/100\n|move|p2a: the one pieeece|Sucker Punch||[still]\n|-fail|p2a: the one pieeece\n|\n|-heal|p2a: the one pieeece|23\/100|[from] item: Leftovers\n|upkeep\n|turn|28\n|\n|t:|1701141919\n|move|p1a: Kingambit|Sucker Punch||[still]\n|-fail|p1a: Kingambit\n|move|p2a: the one pieeece|Swords Dance|p2a: the one pieeece\n|-boost|p2a: the one pieeece|atk|2\n|\n|-heal|p2a: the one pieeece|29\/100|[from] item: Leftovers\n|upkeep\n|turn|29\n|\n|t:|1701141926\n|move|p1a: Kingambit|Sucker Punch|p2a: the one pieeece\n|-resisted|p2a: the one pieeece\n|-damage|p2a: the one pieeece|16\/100\n|move|p2a: the one pieeece|Iron Head|p1a: Kingambit\n|-resisted|p1a: Kingambit\n|-damage|p1a: Kingambit|0 fnt\n|faint|p1a: Kingambit\n|-end|p1a: Kingambit|fallen4|[silent]\n|\n|-heal|p2a: the one pieeece|22\/100|[from] item: Leftovers\n|upkeep\n|\n|t:|1701141934\n|switch|p1a: Greninja|Greninja, M|100\/100\n|-damage|p1a: Greninja|84\/100|[from] Spikes\n|turn|30\n|\n|t:|1701141942\n|-terastallize|p1a: Greninja|Water\n|move|p1a: Greninja|Water Shuriken|p2a: the one pieeece\n|-damage|p2a: the one pieeece|10\/100\n|-damage|p2a: the one pieeece|0 fnt\n|faint|p2a: the one pieeece\n|-end|p2a: the one pieeece|fallen5|[silent]\n|-hitcount|p2: the one pieeece|2\n|-damage|p1a: Greninja|74\/100|[from] item: Life Orb\n|\n|win|SFC90\n|raw|SFC90's rating: 1318 &rarr; <strong>1342<\/strong><br \/>(+24 for winning)\n|raw|mataj's rating: 1383 &rarr; <strong>1359<\/strong><br \/>(-24 for losing)\n","uploadtime":1701141947,"views":2,"p1id":"sfc90","p2id":"mataj","formatid":"gen9ou","rating":1342,"private":0,"password":""}