{"id":"gen9ou-1990175130","p1":"iDybala Jr!(\u25d5\u203f\u25d5)","p2":"Zetmat","format":"[Gen 9] OU","log":"|j|\u2606iDybala Jr!(\u25d5\u203f\u25d5)\n|j|\u2606Zetmat\n|t:|1699933029\n|gametype|singles\n|player|p1|iDybala Jr!(\u25d5\u203f\u25d5)|heroine-conquest|\n|player|p2|Zetmat|n|\n|teamsize|p1|6\n|teamsize|p2|6\n|gen|9\n|tier|[Gen 9] OU\n|rated|Tournament battle\n|rule|Sleep Clause Mod: Limit one foe put to sleep\n|rule|Species Clause: Limit one of each Pok\u00e9mon\n|rule|OHKO Clause: OHKO moves are banned\n|rule|Evasion Items Clause: Evasion items are banned\n|rule|Evasion Moves Clause: Evasion moves are banned\n|rule|Endless Battle Clause: Forcing endless battles is banned\n|rule|HP Percentage Mod: HP is shown in percentages\n|clearpoke\n|poke|p1|Ogerpon-Cornerstone, F|\n|poke|p1|Kingambit, M|\n|poke|p1|Zamazenta-*|\n|poke|p1|Iron Moth|\n|poke|p1|Hatterene, F|\n|poke|p1|Gholdengo|\n|poke|p2|Dragapult, M|\n|poke|p2|Munkidori, M|\n|poke|p2|Great Tusk|\n|poke|p2|Gholdengo|\n|poke|p2|Samurott-Hisui, F|\n|poke|p2|Zapdos|\n|teampreview\n|c|\u2606Zetmat|Suerte!\n|j| Kiramager\n|c|\u2606Zetmat|Esdpera khe, la final ya xd?\n|c|\u2606iDybala Jr!(\u25d5\u203f\u25d5)|si we\n|\n|t:|1699933043\n|start\n|switch|p1a: Hatterene|Hatterene, F|100\/100\n|switch|p2a: dushane|Munkidori, M|100\/100\n|turn|1\n|c|\u2606iDybala Jr!(\u25d5\u203f\u25d5)|quien cojones\n|c|\u2606iDybala Jr!(\u25d5\u203f\u25d5)|es ese mico\n|c|\u2606Zetmat|No duro nada el torneo\n|c| Kiramager|A ver\n|c| Kiramager|iDybala Jr\n|\n|t:|1699933057\n|move|p2a: dushane|Future Sight|p1a: Hatterene\n|-start|p2a: dushane|move: Future Sight\n|move|p1a: Hatterene|Reflect|p1a: Hatterene\n|-sidestart|p1: iDybala Jr!(\u25d5\u203f\u25d5)|Reflect\n|\n|upkeep\n|turn|2\n|\n|t:|1699933060\n|move|p2a: dushane|U-turn|p1a: Hatterene\n|-damage|p1a: Hatterene|96\/100\n|\n|t:|1699933063\n|switch|p2a: dris|Samurott-Hisui, F, shiny|100\/100|[from] U-turn\n|move|p1a: Hatterene|Light Screen|p1a: Hatterene\n|-sidestart|p1: iDybala Jr!(\u25d5\u203f\u25d5)|move: Light Screen\n|\n|upkeep\n|turn|3\n|\n|t:|1699933067\n|move|p2a: dris|Ceaseless Edge|p1a: Hatterene|[miss]\n|-miss|p2a: dris|p1a: Hatterene\n|move|p1a: Hatterene|Misty Explosion|p2a: dris\n|-supereffective|p2a: dris\n|-damage|p2a: dris|35\/100\n|faint|p1a: Hatterene\n|\n|-hint|Future Sight did not hit because the target is fainted.\n|upkeep\n|c| Kiramager|te funo si pierdes y si ganas te digo si hay Dislike O no\n|\n|t:|1699933075\n|switch|p1a: Iron Moth|Iron Moth|100\/100\n|-enditem|p1a: Iron Moth|Booster Energy\n|-activate|p1a: Iron Moth|ability: Quark Drive|[fromitem]\n|-start|p1a: Iron Moth|quarkdrivespe\n|turn|4\n|\n|t:|1699933081\n|move|p1a: Iron Moth|Sludge Wave|p2a: dris\n|-damage|p2a: dris|1\/100\n|move|p2a: dris|Razor Shell|p1a: Iron Moth\n|-supereffective|p1a: Iron Moth\n|-damage|p1a: Iron Moth|40\/100\n|\n|upkeep\n|turn|5\n|\n|t:|1699933088\n|move|p2a: dris|Aqua Jet|p1a: Iron Moth\n|-supereffective|p1a: Iron Moth\n|-damage|p1a: Iron Moth|17\/100\n|move|p1a: Iron Moth|Fiery Dance|p2a: dris\n|-resisted|p2a: dris\n|-damage|p2a: dris|0 fnt\n|-boost|p1a: Iron Moth|spa|1\n|faint|p2a: dris\n|\n|upkeep\n|c| Kiramager|la polilla da miedo parce\n|\n|t:|1699933108\n|switch|p2a: dushane|Munkidori, M|100\/100\n|turn|6\n|c|\u2606Zetmat|Y justo mi mejor tanque especial cayo xd\n|\n|t:|1699933135\n|move|p1a: Iron Moth|Fiery Dance|p2a: dushane\n|-damage|p2a: dushane|24\/100\n|move|p2a: dushane|Psychic|p1a: Iron Moth\n|-supereffective|p1a: Iron Moth\n|-crit|p1a: Iron Moth\n|-damage|p1a: Iron Moth|0 fnt\n|faint|p1a: Iron Moth\n|-end|p1a: Iron Moth|Quark Drive|[silent]\n|\n|upkeep\n|\n|t:|1699933142\n|switch|p1a: Gholdengo|Gholdengo|100\/100\n|-item|p1a: Gholdengo|Air Balloon\n|turn|7\n|\n|t:|1699933147\n|move|p2a: dushane|U-turn|p1a: Gholdengo\n|-resisted|p1a: Gholdengo\n|-damage|p1a: Gholdengo|99\/100\n|-enditem|p1a: Gholdengo|Air Balloon\n|\n|t:|1699933152\n|switch|p2a: modie|Zapdos, shiny|100\/100|[from] U-turn\n|move|p1a: Gholdengo|Nasty Plot|p1a: Gholdengo\n|-boost|p1a: Gholdengo|spa|2\n|\n|upkeep\n|turn|8\n|\n|t:|1699933155\n|move|p2a: modie|Substitute|p2a: modie\n|-start|p2a: modie|Substitute\n|-damage|p2a: modie|76\/100\n|move|p1a: Gholdengo|Shadow Ball|p2a: modie\n|-end|p2a: modie|Substitute\n|\n|-sideend|p1: iDybala Jr!(\u25d5\u203f\u25d5)|Reflect\n|upkeep\n|turn|9\n|\n|t:|1699933165\n|move|p2a: modie|Hurricane|p1a: Gholdengo|[miss]\n|-miss|p2a: modie|p1a: Gholdengo\n|move|p1a: Gholdengo|Shadow Ball|p2a: modie\n|-damage|p2a: modie|0 fnt\n|faint|p2a: modie\n|\n|-sideend|p1: iDybala Jr!(\u25d5\u203f\u25d5)|move: Light Screen\n|upkeep\n|\n|t:|1699933169\n|switch|p2a: rafe|Dragapult, M, shiny|100\/100\n|turn|10\n|\n|t:|1699933176\n|-terastallize|p1a: Gholdengo|Fairy\n|move|p2a: rafe|Phantom Force||[still]\n|-prepare|p2a: rafe|Phantom Force\n|move|p1a: Gholdengo|Dazzling Gleam|p2a: rafe|[miss]\n|-miss|p1a: Gholdengo|p2a: rafe\n|\n|upkeep\n|turn|11\n|\n|t:|1699933181\n|move|p2a: rafe|Phantom Force|p1a: Gholdengo|[from]lockedmove\n|-damage|p1a: Gholdengo|17\/100\n|move|p1a: Gholdengo|Dazzling Gleam|p2a: rafe\n|-supereffective|p2a: rafe\n|-damage|p2a: rafe|0 fnt\n|faint|p2a: rafe\n|\n|upkeep\n|\n|t:|1699933186\n|switch|p2a: dushane|Munkidori, M|24\/100\n|turn|12\n|\n|t:|1699933188\n|move|p2a: dushane|Psychic|p1a: Gholdengo\n|-damage|p1a: Gholdengo|0 fnt\n|faint|p1a: Gholdengo\n|\n|upkeep\n|c| Kiramager|tiene Evs en HP?\n|c| Kiramager|aunque\n|\n|t:|1699933192\n|switch|p1a: Ogerpon|Ogerpon-Cornerstone, F|100\/100\n|turn|13\n|c| Kiramager|Igual Es Band con PF\n|c|\u2606Zetmat|Me acabo de enterar que Gholdengo aprendia brillo magico\n|\n|t:|1699933207\n|move|p1a: Ogerpon|Knock Off|p2a: dushane\n|-supereffective|p2a: dushane\n|-damage|p2a: dushane|0 fnt\n|-enditem|p2a: dushane|Heavy-Duty Boots|[from] move: Knock Off|[of] p1a: Ogerpon\n|faint|p2a: dushane\n|\n|upkeep\n|\n|t:|1699933215\n|switch|p2a: sully|Gholdengo, shiny|100\/100\n|turn|14\n|\n|t:|1699933217\n|move|p1a: Ogerpon|Knock Off|p2a: sully\n|-supereffective|p2a: sully\n|-damage|p2a: sully|39\/100\n|-enditem|p2a: sully|Covert Cloak|[from] move: Knock Off|[of] p1a: Ogerpon\n|move|p2a: sully|Make It Rain|p1a: Ogerpon\n|-supereffective|p1a: Ogerpon\n|-ability|p1a: Ogerpon|Sturdy\n|-damage|p1a: Ogerpon|1\/100\n|-unboost|p2a: sully|spa|1\n|\n|upkeep\n|turn|15\n|\n|t:|1699933223\n|move|p1a: Ogerpon|Knock Off|p2a: sully\n|-supereffective|p2a: sully\n|-crit|p2a: sully\n|-damage|p2a: sully|0 fnt\n|faint|p2a: sully\n|\n|upkeep\n|\n|t:|1699933225\n|switch|p2a: jamie|Great Tusk, shiny|100\/100\n|turn|16\n|\n|t:|1699933226\n|move|p1a: Ogerpon|Wood Hammer|p2a: jamie\n|-supereffective|p2a: jamie\n|-damage|p2a: jamie|33\/100\n|-damage|p1a: Ogerpon|0 fnt|[from] Recoil\n|faint|p1a: Ogerpon\n|move|p2a: jamie|Rapid Spin|p1: Ogerpon|[notarget]\n|-fail|p2a: jamie\n|\n|-heal|p2a: jamie|40\/100|[from] item: Leftovers\n|upkeep\n|\n|t:|1699933232\n|switch|p1a: Kingambit|Kingambit, M|100\/100\n|-activate|p1a: Kingambit|ability: Supreme Overlord\n|-start|p1a: Kingambit|fallen4|[silent]\n|turn|17\n|\n|t:|1699933236\n|-terastallize|p2a: jamie|Fairy\n|move|p2a: jamie|Earthquake|p1a: Kingambit\n|-supereffective|p1a: Kingambit\n|-damage|p1a: Kingambit|37\/100\n|move|p1a: Kingambit|Iron Head|p2a: jamie\n|-supereffective|p2a: jamie\n|-damage|p2a: jamie|0 fnt\n|faint|p2a: jamie\n|-end|p2a: jamie|Protosynthesis|[silent]\n|\n|win|iDybala Jr!(\u25d5\u203f\u25d5)\n|n|\u2606iDybala Jr!(\u25d5\u203f\u25d5)|idybalajr\n|n|\u2606Zetmat|zetmat\n|n| Kiramager|kiramager\n","uploadtime":1699933237,"views":10,"p1id":"idybalajr","p2id":"zetmat","formatid":"gen9ou","rating":0,"private":0,"password":""}