{"id":"gen9ou-1995938086","p1":"ziyi1117","p2":"Kaqu","format":"[Gen 9] OU","log":"|j|\u2606ziyi1117\n|j|\u2606Kaqu\n|t:|1700619596\n|gametype|singles\n|player|p1|ziyi1117|linebacker|1133\n|player|p2|Kaqu|170|1161\n|teamsize|p1|6\n|teamsize|p2|6\n|gen|9\n|tier|[Gen 9] OU\n|rated|\n|rule|Sleep Clause Mod: Limit one foe put to sleep\n|rule|Species Clause: Limit one of each Pok\u00e9mon\n|rule|OHKO Clause: OHKO moves are banned\n|rule|Evasion Items Clause: Evasion items are banned\n|rule|Evasion Moves Clause: Evasion moves are banned\n|rule|Endless Battle Clause: Forcing endless battles is banned\n|rule|HP Percentage Mod: HP is shown in percentages\n|clearpoke\n|poke|p1|Ninetales-Alola, F|\n|poke|p1|Cetitan, F|\n|poke|p1|Alomomola, F|\n|poke|p1|Clodsire, M|\n|poke|p1|Great Tusk|\n|poke|p1|Cinderace, M|\n|poke|p2|Corviknight, F|\n|poke|p2|Slowking-Galar, F|\n|poke|p2|Cetitan, F|\n|poke|p2|Ninetales-Alola, F|\n|poke|p2|Quaquaval, F|\n|poke|p2|Cloyster, F|\n|teampreview\n|inactive|Battle timer is ON: inactive players will automatically lose when time's up. (requested by Kaqu)\n|\n|t:|1700619608\n|start\n|switch|p1a: Clodsire|Clodsire, M|100\/100\n|switch|p2a: Ninetales|Ninetales-Alola, F|100\/100\n|-weather|Snow|[from] ability: Snow Warning|[of] p2a: Ninetales\n|turn|1\n|\n|t:|1700619626\n|move|p2a: Ninetales|Aurora Veil|p2a: Ninetales\n|-sidestart|p2: Kaqu|move: Aurora Veil\n|move|p1a: Clodsire|Poison Jab|p2a: Ninetales\n|-supereffective|p2a: Ninetales\n|-damage|p2a: Ninetales|81\/100\n|-status|p2a: Ninetales|psn\n|\n|-weather|Snow|[upkeep]\n|-damage|p2a: Ninetales|69\/100 psn|[from] psn\n|upkeep\n|turn|2\n|\n|t:|1700619637\n|move|p2a: Ninetales|Freeze-Dry|p1a: Clodsire\n|-supereffective|p1a: Clodsire\n|-damage|p1a: Clodsire|78\/100\n|move|p1a: Clodsire|Curse|p1a: Clodsire\n|-unboost|p1a: Clodsire|spe|1\n|-boost|p1a: Clodsire|atk|1\n|-boost|p1a: Clodsire|def|1\n|\n|-weather|Snow|[upkeep]\n|-heal|p1a: Clodsire|84\/100|[from] item: Black Sludge\n|-damage|p2a: Ninetales|57\/100 psn|[from] psn\n|upkeep\n|turn|3\n|\n|t:|1700619647\n|switch|p2a: Slowking|Slowking-Galar, F|100\/100\n|move|p1a: Clodsire|Curse|p1a: Clodsire\n|-unboost|p1a: Clodsire|spe|1\n|-boost|p1a: Clodsire|atk|1\n|-boost|p1a: Clodsire|def|1\n|\n|-weather|Snow|[upkeep]\n|-heal|p1a: Clodsire|91\/100|[from] item: Black Sludge\n|upkeep\n|turn|4\n|\n|t:|1700619656\n|move|p2a: Slowking|Chilly Reception|p2a: Slowking\n|\n|t:|1700619659\n|switch|p2a: Cloyster|Cloyster, F|100\/100|[from] Chilly Reception\n|move|p1a: Clodsire|Earthquake|p2a: Cloyster\n|-crit|p2a: Cloyster\n|-damage|p2a: Cloyster|52\/100\n|\n|-weather|Snow|[upkeep]\n|-heal|p1a: Clodsire|97\/100|[from] item: Black Sludge\n|upkeep\n|turn|5\n|\n|t:|1700619667\n|move|p2a: Cloyster|Shell Smash|p2a: Cloyster\n|-unboost|p2a: Cloyster|def|1\n|-unboost|p2a: Cloyster|spd|1\n|-boost|p2a: Cloyster|atk|2\n|-boost|p2a: Cloyster|spa|2\n|-boost|p2a: Cloyster|spe|2\n|-enditem|p2a: Cloyster|White Herb\n|-clearnegativeboost|p2a: Cloyster|[silent]\n|move|p1a: Clodsire|Earthquake|p2a: Cloyster\n|-damage|p2a: Cloyster|37\/100\n|\n|-weather|Snow|[upkeep]\n|-heal|p1a: Clodsire|100\/100|[from] item: Black Sludge\n|-sideend|p2: Kaqu|move: Aurora Veil\n|upkeep\n|turn|6\n|\n|t:|1700619683\n|-terastallize|p1a: Clodsire|Poison\n|move|p2a: Cloyster|Blizzard|p1a: Clodsire\n|-damage|p1a: Clodsire|77\/100\n|move|p1a: Clodsire|Poison Jab|p2a: Cloyster\n|-damage|p2a: Cloyster|4\/100\n|-status|p2a: Cloyster|psn\n|\n|-weather|Snow|[upkeep]\n|-heal|p1a: Clodsire|83\/100|[from] item: Black Sludge\n|-damage|p2a: Cloyster|0 fnt|[from] psn\n|faint|p2a: Cloyster\n|upkeep\n|\n|t:|1700619703\n|switch|p2a: Cetitan|Cetitan, F, shiny|100\/100\n|turn|7\n|\n|t:|1700619723\n|move|p2a: Cetitan|Earthquake|p1a: Clodsire\n|-supereffective|p1a: Clodsire\n|-damage|p1a: Clodsire|49\/100\n|move|p1a: Clodsire|Curse|p1a: Clodsire\n|-unboost|p1a: Clodsire|spe|1\n|-boost|p1a: Clodsire|atk|1\n|-boost|p1a: Clodsire|def|1\n|\n|-weather|Snow|[upkeep]\n|-heal|p1a: Clodsire|55\/100|[from] item: Black Sludge\n|upkeep\n|turn|8\n|\n|t:|1700619732\n|move|p2a: Cetitan|Belly Drum|p2a: Cetitan\n|-damage|p2a: Cetitan|50\/100\n|-setboost|p2a: Cetitan|atk|6|[from] move: Belly Drum\n|-enditem|p2a: Cetitan|Sitrus Berry|[eat]\n|-heal|p2a: Cetitan|75\/100|[from] item: Sitrus Berry\n|move|p1a: Clodsire|Recover|p1a: Clodsire\n|-heal|p1a: Clodsire|100\/100\n|\n|-weather|none\n|upkeep\n|turn|9\n|\n|t:|1700619744\n|move|p2a: Cetitan|Earthquake|p1a: Clodsire\n|-supereffective|p1a: Clodsire\n|-damage|p1a: Clodsire|73\/100\n|move|p1a: Clodsire|Poison Jab|p2a: Cetitan\n|-damage|p2a: Cetitan|0 fnt\n|faint|p2a: Cetitan\n|\n|-heal|p1a: Clodsire|79\/100|[from] item: Black Sludge\n|upkeep\n|inactive|Kaqu has 120 seconds left.\n|-message|Kaqu forfeited.\n|\n|win|ziyi1117\n|raw|ziyi1117's rating: 1133 &rarr; <strong>1160<\/strong><br \/>(+27 for winning)\n|raw|Kaqu's rating: 1161 &rarr; <strong>1134<\/strong><br \/>(-27 for losing)\n|l|\u2606Kaqu\n","uploadtime":1700619785,"views":1,"p1id":"ziyi1117","p2id":"kaqu","formatid":"gen9ou","rating":1134,"private":0,"password":""}