{"id":"gen9ou-1996449919","p1":"Asta_RPPLF","p2":"Raico","format":"[Gen 9] OU","log":"|j|\u2606Asta_RPPLF\n|j|\u2606Raico\n|t:|1700683138\n|gametype|singles\n|player|p1|Asta_RPPLF|#wcop2023belgium|\n|player|p2|Raico|red|\n|teamsize|p1|6\n|teamsize|p2|6\n|gen|9\n|tier|[Gen 9] OU\n|rule|Sleep Clause Mod: Limit one foe put to sleep\n|rule|Species Clause: Limit one of each Pok\u00e9mon\n|rule|OHKO Clause: OHKO moves are banned\n|rule|Evasion Items Clause: Evasion items are banned\n|rule|Evasion Moves Clause: Evasion moves are banned\n|rule|Endless Battle Clause: Forcing endless battles is banned\n|rule|HP Percentage Mod: HP is shown in percentages\n|clearpoke\n|poke|p1|Dragapult, M|\n|poke|p1|Hatterene, F|\n|poke|p1|Mandibuzz, F|\n|poke|p1|Meowscarada, F|\n|poke|p1|Heatran, F|\n|poke|p1|Great Tusk|\n|poke|p2|Ogerpon-Wellspring, F|\n|poke|p2|Iron Moth|\n|poke|p2|Hatterene, F|\n|poke|p2|Mandibuzz, F|\n|poke|p2|Kingambit, F|\n|poke|p2|Dragapult, F|\n|teampreview\n|j| bogi2b\n|\n|t:|1700683184\n|start\n|switch|p1a: Il y a un BUG|Heatran, F|100\/100\n|switch|p2a: acier tremp\u00e9|Mandibuzz, F|100\/100\n|turn|1\n|\n|t:|1700683194\n|move|p2a: acier tremp\u00e9|U-turn|p1a: Il y a un BUG\n|-resisted|p1a: Il y a un BUG\n|-damage|p1a: Il y a un BUG|98\/100\n|\n|t:|1700683197\n|switch|p2a: eau sucr\u00e9|Ogerpon-Wellspring, F|100\/100|[from] U-turn\n|move|p1a: Il y a un BUG|Magma Storm|p2a: eau sucr\u00e9\n|-damage|p2a: eau sucr\u00e9|47\/100\n|-activate|p2a: eau sucr\u00e9|move: Magma Storm|[of] p1a: Il y a un BUG\n|\n|-heal|p1a: Il y a un BUG|100\/100|[from] item: Leftovers\n|-damage|p2a: eau sucr\u00e9|35\/100|[from] move: Magma Storm|[partiallytrapped]\n|upkeep\n|turn|2\n|\n|t:|1700683208\n|switch|p1a: Imagine DRAGONs|Mandibuzz, F|100\/100\n|move|p2a: eau sucr\u00e9|Ivy Cudgel|p1a: Imagine DRAGONs|[anim] Ivy Cudgel Water\n|-damage|p1a: Imagine DRAGONs|70\/100\n|\n|-end|p2a: eau sucr\u00e9|Magma Storm|[partiallytrapped]|[silent]\n|upkeep\n|turn|3\n|\n|t:|1700683222\n|move|p2a: eau sucr\u00e9|Play Rough|p1a: Imagine DRAGONs\n|-supereffective|p1a: Imagine DRAGONs\n|-damage|p1a: Imagine DRAGONs|33\/100\n|-unboost|p1a: Imagine DRAGONs|atk|1\n|move|p1a: Imagine DRAGONs|U-turn|p2a: eau sucr\u00e9\n|-supereffective|p2a: eau sucr\u00e9\n|-damage|p2a: eau sucr\u00e9|15\/100\n|\n|t:|1700683235\n|switch|p1a: Te PLANTE pas|Meowscarada, F|100\/100|[from] U-turn\n|\n|upkeep\n|turn|4\n|\n|t:|1700683241\n|switch|p2a: f\u00e9e volantes|Iron Moth|100\/100\n|move|p1a: Te PLANTE pas|U-turn|p2a: f\u00e9e volantes\n|-start|p1a: Te PLANTE pas|typechange|Bug|[from] ability: Protean\n|-resisted|p2a: f\u00e9e volantes\n|-damage|p2a: f\u00e9e volantes|87\/100\n|l| bogi2b\n|\n|t:|1700683252\n|switch|p1a: Il y a un BUG|Heatran, F|100\/100|[from] U-turn\n|\n|upkeep\n|turn|5\n|\n|t:|1700683266\n|-end|p2a: f\u00e9e volantes|Quark Drive|[silent]\n|switch|p2a: feu froid|Dragapult, F|100\/100\n|move|p1a: Il y a un BUG|Earth Power|p2a: feu froid\n|-damage|p2a: feu froid|66\/100\n|\n|upkeep\n|turn|6\n|j| bogi2b\n|\n|t:|1700683273\n|move|p2a: feu froid|Shadow Ball|p1a: Il y a un BUG\n|-damage|p1a: Il y a un BUG|70\/100\n|move|p1a: Il y a un BUG|Magma Storm|p2a: feu froid\n|-resisted|p2a: feu froid\n|-damage|p2a: feu froid|36\/100\n|-activate|p2a: feu froid|move: Magma Storm|[of] p1a: Il y a un BUG\n|\n|-heal|p1a: Il y a un BUG|76\/100|[from] item: Leftovers\n|-damage|p2a: feu froid|23\/100|[from] move: Magma Storm|[partiallytrapped]\n|upkeep\n|turn|7\n|\n|t:|1700683293\n|move|p2a: feu froid|Shadow Ball|p1a: Il y a un BUG\n|-damage|p1a: Il y a un BUG|45\/100\n|move|p1a: Il y a un BUG|Earth Power|p2a: feu froid\n|-damage|p2a: feu froid|0 fnt\n|faint|p2a: feu froid\n|\n|-heal|p1a: Il y a un BUG|52\/100|[from] item: Leftovers\n|upkeep\n|\n|t:|1700683299\n|switch|p2a: eau sucr\u00e9|Ogerpon-Wellspring, F|15\/100\n|turn|8\n|\n|t:|1700683344\n|switch|p1a: Imagine DRAGONs|Mandibuzz, F|33\/100\n|move|p2a: eau sucr\u00e9|Ivy Cudgel|p1a: Imagine DRAGONs|[anim] Ivy Cudgel Water\n|-damage|p1a: Imagine DRAGONs|2\/100\n|\n|upkeep\n|turn|9\n|\n|t:|1700683351\n|switch|p1a: GHOST Whisperer|Dragapult, M|100\/100\n|move|p2a: eau sucr\u00e9|Horn Leech|p1a: GHOST Whisperer\n|-resisted|p1a: GHOST Whisperer\n|-damage|p1a: GHOST Whisperer|70\/100\n|-heal|p2a: eau sucr\u00e9|31\/100|[from] drain|[of] p1a: GHOST Whisperer\n|\n|upkeep\n|turn|10\n|\n|t:|1700683371\n|move|p1a: GHOST Whisperer|U-turn|p2a: eau sucr\u00e9\n|-supereffective|p2a: eau sucr\u00e9\n|-crit|p2a: eau sucr\u00e9\n|-damage|p2a: eau sucr\u00e9|0 fnt\n|faint|p2a: eau sucr\u00e9\n|\n|t:|1700683384\n|switch|p1a: Il y a un BUG|Heatran, F|52\/100|[from] U-turn\n|\n|-heal|p1a: Il y a un BUG|58\/100|[from] item: Leftovers\n|upkeep\n|\n|t:|1700683402\n|switch|p2a: psy o patte|Hatterene, F|100\/100\n|turn|11\n|\n|t:|1700683410\n|-terastallize|p2a: psy o patte|Psychic\n|move|p1a: Il y a un BUG|Magma Storm|p2a: psy o patte|[miss]\n|-miss|p1a: Il y a un BUG|p2a: psy o patte\n|move|p2a: psy o patte|Calm Mind|p2a: psy o patte\n|-boost|p2a: psy o patte|spa|1\n|-boost|p2a: psy o patte|spd|1\n|\n|-heal|p1a: Il y a un BUG|64\/100|[from] item: Leftovers\n|upkeep\n|turn|12\n|\n|t:|1700683423\n|move|p1a: Il y a un BUG|Magma Storm|p2a: psy o patte\n|-damage|p2a: psy o patte|77\/100\n|-activate|p2a: psy o patte|move: Magma Storm|[of] p1a: Il y a un BUG\n|move|p2a: psy o patte|Calm Mind|p2a: psy o patte\n|-boost|p2a: psy o patte|spa|1\n|-boost|p2a: psy o patte|spd|1\n|\n|-heal|p1a: Il y a un BUG|70\/100|[from] item: Leftovers\n|-heal|p2a: psy o patte|83\/100|[from] item: Leftovers\n|-damage|p2a: psy o patte|70\/100|[from] move: Magma Storm|[partiallytrapped]\n|upkeep\n|turn|13\n|\n|t:|1700683439\n|switch|p1a: Imagine DRAGONs|Mandibuzz, F|2\/100\n|move|p2a: psy o patte|Stored Power|p1a: Imagine DRAGONs\n|-immune|p1a: Imagine DRAGONs\n|\n|-heal|p2a: psy o patte|76\/100|[from] item: Leftovers\n|-end|p2a: psy o patte|Magma Storm|[partiallytrapped]|[silent]\n|upkeep\n|turn|14\n|\n|t:|1700683459\n|move|p1a: Imagine DRAGONs|Foul Play|p2a: psy o patte\n|-supereffective|p2a: psy o patte\n|-damage|p2a: psy o patte|20\/100\n|move|p2a: psy o patte|Draining Kiss|p1a: Imagine DRAGONs\n|-supereffective|p1a: Imagine DRAGONs\n|-damage|p1a: Imagine DRAGONs|0 fnt\n|-heal|p2a: psy o patte|21\/100|[from] drain|[of] p1a: Imagine DRAGONs\n|faint|p1a: Imagine DRAGONs\n|\n|-heal|p2a: psy o patte|27\/100|[from] item: Leftovers\n|upkeep\n|\n|t:|1700683477\n|switch|p1a: Te PLANTE pas|Meowscarada, F|100\/100\n|turn|15\n|\n|t:|1700683482\n|move|p1a: Te PLANTE pas|U-turn|p2a: psy o patte\n|-start|p1a: Te PLANTE pas|typechange|Bug|[from] ability: Protean\n|-supereffective|p2a: psy o patte\n|-damage|p2a: psy o patte|0 fnt\n|faint|p2a: psy o patte\n|\n|t:|1700683499\n|switch|p1a: Il y a un BUG|Heatran, F|70\/100|[from] U-turn\n|\n|-heal|p1a: Il y a un BUG|76\/100|[from] item: Leftovers\n|upkeep\n|\n|t:|1700683505\n|switch|p2a: acier tremp\u00e9|Mandibuzz, F|100\/100\n|turn|16\n|\n|t:|1700683515\n|move|p2a: acier tremp\u00e9|Foul Play|p1a: Il y a un BUG\n|-damage|p1a: Il y a un BUG|59\/100\n|move|p1a: Il y a un BUG|Magma Storm|p2a: acier tremp\u00e9\n|-damage|p2a: acier tremp\u00e9|66\/100\n|-activate|p2a: acier tremp\u00e9|move: Magma Storm|[of] p1a: Il y a un BUG\n|\n|-heal|p1a: Il y a un BUG|65\/100|[from] item: Leftovers\n|-damage|p2a: acier tremp\u00e9|54\/100|[from] move: Magma Storm|[partiallytrapped]\n|upkeep\n|turn|17\n|\n|t:|1700683525\n|move|p2a: acier tremp\u00e9|Foul Play|p1a: Il y a un BUG\n|-crit|p1a: Il y a un BUG\n|-damage|p1a: Il y a un BUG|36\/100\n|move|p1a: Il y a un BUG|Taunt|p2a: acier tremp\u00e9\n|-start|p2a: acier tremp\u00e9|move: Taunt\n|\n|-heal|p1a: Il y a un BUG|42\/100|[from] item: Leftovers\n|-damage|p2a: acier tremp\u00e9|42\/100|[from] move: Magma Storm|[partiallytrapped]\n|upkeep\n|turn|18\n|\n|t:|1700683537\n|move|p2a: acier tremp\u00e9|Foul Play|p1a: Il y a un BUG\n|-damage|p1a: Il y a un BUG|23\/100\n|move|p1a: Il y a un BUG|Magma Storm|p2a: acier tremp\u00e9|[miss]\n|-miss|p1a: Il y a un BUG|p2a: acier tremp\u00e9\n|\n|-heal|p1a: Il y a un BUG|29\/100|[from] item: Leftovers\n|-damage|p2a: acier tremp\u00e9|30\/100|[from] move: Magma Storm|[partiallytrapped]\n|upkeep\n|turn|19\n|\n|t:|1700683558\n|move|p2a: acier tremp\u00e9|Foul Play|p1a: Il y a un BUG\n|-damage|p1a: Il y a un BUG|9\/100\n|move|p1a: Il y a un BUG|Magma Storm|p2a: acier tremp\u00e9\n|-damage|p2a: acier tremp\u00e9|0 fnt\n|faint|p2a: acier tremp\u00e9\n|\n|-heal|p1a: Il y a un BUG|15\/100|[from] item: Leftovers\n|upkeep\n|\n|t:|1700683561\n|switch|p2a: f\u00e9e mal\u00e9fique|Kingambit, F|100\/100\n|-activate|p2a: f\u00e9e mal\u00e9fique|ability: Supreme Overlord\n|-start|p2a: f\u00e9e mal\u00e9fique|fallen4|[silent]\n|turn|20\n|\n|t:|1700683583\n|move|p1a: Il y a un BUG|Earth Power|p2a: f\u00e9e mal\u00e9fique\n|-supereffective|p2a: f\u00e9e mal\u00e9fique\n|-damage|p2a: f\u00e9e mal\u00e9fique|47\/100\n|move|p2a: f\u00e9e mal\u00e9fique|Swords Dance|p2a: f\u00e9e mal\u00e9fique\n|-boost|p2a: f\u00e9e mal\u00e9fique|atk|2\n|\n|-heal|p1a: Il y a un BUG|21\/100|[from] item: Leftovers\n|-heal|p2a: f\u00e9e mal\u00e9fique|53\/100|[from] item: Leftovers\n|upkeep\n|turn|21\n|\n|t:|1700683596\n|move|p2a: f\u00e9e mal\u00e9fique|Sucker Punch|p1a: Il y a un BUG\n|-damage|p1a: Il y a un BUG|0 fnt\n|faint|p1a: Il y a un BUG\n|\n|-heal|p2a: f\u00e9e mal\u00e9fique|59\/100|[from] item: Leftovers\n|upkeep\n|\n|t:|1700683605\n|switch|p1a: Le FEU il est cho|Great Tusk|100\/100\n|turn|22\n|\n|t:|1700683612\n|move|p2a: f\u00e9e mal\u00e9fique|Sucker Punch|p1a: Le FEU il est cho\n|-resisted|p1a: Le FEU il est cho\n|-damage|p1a: Le FEU il est cho|61\/100\n|move|p1a: Le FEU il est cho|Headlong Rush|p2a: f\u00e9e mal\u00e9fique\n|-supereffective|p2a: f\u00e9e mal\u00e9fique\n|-damage|p2a: f\u00e9e mal\u00e9fique|0 fnt\n|-unboost|p1a: Le FEU il est cho|def|1\n|-unboost|p1a: Le FEU il est cho|spd|1\n|faint|p2a: f\u00e9e mal\u00e9fique\n|-end|p2a: f\u00e9e mal\u00e9fique|fallen4|[silent]\n|\n|upkeep\n|\n|t:|1700683616\n|switch|p2a: f\u00e9e volantes|Iron Moth|87\/100\n|turn|23\n|\n|t:|1700683631\n|move|p2a: f\u00e9e volantes|Energy Ball|p1a: Le FEU il est cho\n|-supereffective|p1a: Le FEU il est cho\n|-damage|p1a: Le FEU il est cho|0 fnt\n|faint|p1a: Le FEU il est cho\n|-end|p1a: Le FEU il est cho|Protosynthesis|[silent]\n|\n|upkeep\n|\n|t:|1700683644\n|switch|p1a: GHOST Whisperer|Dragapult, M|70\/100\n|turn|24\n|\n|t:|1700683657\n|-terastallize|p1a: GHOST Whisperer|Ghost\n|move|p1a: GHOST Whisperer|Shadow Ball|p2a: f\u00e9e volantes\n|-damage|p2a: f\u00e9e volantes|10\/100\n|move|p2a: f\u00e9e volantes|Sludge Wave|p1a: GHOST Whisperer\n|-resisted|p1a: GHOST Whisperer\n|-damage|p1a: GHOST Whisperer|28\/100\n|\n|upkeep\n|turn|25\n|\n|t:|1700683666\n|move|p1a: GHOST Whisperer|Shadow Ball|p2a: f\u00e9e volantes\n|-damage|p2a: f\u00e9e volantes|0 fnt\n|faint|p2a: f\u00e9e volantes\n|-end|p2a: f\u00e9e volantes|Quark Drive|[silent]\n|\n|win|Asta_RPPLF\n|l|\u2606Raico\n|l|\u2606Asta_RPPLF\n","uploadtime":1700683672,"views":10,"p1id":"astarpplf","p2id":"raico","formatid":"gen9ou","rating":0,"private":0,"password":""}