{"id":"gen9ou-1988709967","p1":"TrueSkyKing","p2":"Usopp D Gawd","format":"[Gen 9] OU","log":"|j|\u2606TrueSkyKing\n|j|\u2606Usopp D Gawd\n|t:|1699753425\n|gametype|singles\n|player|p1|TrueSkyKing|red|\n|player|p2|Usopp D Gawd|blue|\n|teamsize|p1|6\n|teamsize|p2|6\n|gen|9\n|tier|[Gen 9] OU\n|rule|Sleep Clause Mod: Limit one foe put to sleep\n|rule|Species Clause: Limit one of each Pok\u00e9mon\n|rule|OHKO Clause: OHKO moves are banned\n|rule|Evasion Items Clause: Evasion items are banned\n|rule|Evasion Moves Clause: Evasion moves are banned\n|rule|Endless Battle Clause: Forcing endless battles is banned\n|rule|HP Percentage Mod: HP is shown in percentages\n|clearpoke\n|poke|p1|Gastrodon-East, M|\n|poke|p1|Ceruledge, M|\n|poke|p1|Hatterene, F|\n|poke|p1|Quaquaval, F|\n|poke|p1|Grimmsnarl, M|\n|poke|p1|Kingambit, M|\n|poke|p2|Samurott-Hisui, M|\n|poke|p2|Uxie|\n|poke|p2|Great Tusk|\n|poke|p2|Dragapult, F|\n|poke|p2|Ogerpon, F|\n|poke|p2|Iron Moth|\n|teampreview\n|inactive|Battle timer is ON: inactive players will automatically lose when time's up. (requested by TrueSkyKing)\n|\n|t:|1699753440\n|start\n|switch|p1a: The Unforgiven|Grimmsnarl, M|100\/100\n|switch|p2a: Uxie|Uxie|100\/100\n|turn|1\n|\n|t:|1699753448\n|move|p1a: The Unforgiven|Trick|p2a: Uxie\n|-activate|p1a: The Unforgiven|move: Trick|[of] p2a: Uxie\n|-item|p2a: Uxie|Black Sludge|[from] move: Trick\n|-item|p1a: The Unforgiven|Rocky Helmet|[from] move: Trick\n|move|p2a: Uxie|Knock Off|p1a: The Unforgiven\n|-resisted|p1a: The Unforgiven\n|-damage|p1a: The Unforgiven|96\/100\n|-damage|p2a: Uxie|84\/100|[from] item: Rocky Helmet|[of] p1a: The Unforgiven\n|-enditem|p1a: The Unforgiven|Rocky Helmet|[from] move: Knock Off|[of] p2a: Uxie\n|\n|-damage|p2a: Uxie|71\/100|[from] item: Black Sludge\n|upkeep\n|turn|2\n|\n|t:|1699753462\n|move|p1a: The Unforgiven|Taunt|p2a: Uxie\n|-start|p2a: Uxie|move: Taunt\n|cant|p2a: Uxie|move: Taunt|Thunder Wave\n|\n|-damage|p2a: Uxie|59\/100|[from] item: Black Sludge\n|upkeep\n|turn|3\n|\n|t:|1699753481\n|switch|p2a: Ogerpon|Ogerpon, F|100\/100\n|move|p1a: The Unforgiven|Parting Shot|p2a: Ogerpon\n|-unboost|p2a: Ogerpon|atk|1\n|-ability|p2a: Ogerpon|Defiant|boost\n|-boost|p2a: Ogerpon|atk|2\n|-unboost|p2a: Ogerpon|spa|1\n|-ability|p2a: Ogerpon|Defiant|boost\n|-boost|p2a: Ogerpon|atk|2\n|\n|t:|1699753497\n|switch|p1a: War Pigs|Ceruledge, M, shiny|100\/100|[from] Parting Shot\n|\n|upkeep\n|turn|4\n|\n|t:|1699753510\n|switch|p2a: Samurott|Samurott-Hisui, M|100\/100\n|move|p1a: War Pigs|Swords Dance|p1a: War Pigs\n|-boost|p1a: War Pigs|atk|2\n|\n|upkeep\n|turn|5\n|\n|t:|1699753520\n|move|p2a: Samurott|Ceaseless Edge|p1a: War Pigs\n|-supereffective|p1a: War Pigs\n|-enditem|p1a: War Pigs|Focus Sash\n|-damage|p1a: War Pigs|1\/100\n|-ability|p1a: War Pigs|Weak Armor|boost\n|-unboost|p1a: War Pigs|def|1\n|-boost|p1a: War Pigs|spe|2\n|-sidestart|p1: TrueSkyKing|Spikes\n|move|p1a: War Pigs|Bitter Blade|p2a: Samurott\n|-resisted|p2a: Samurott\n|-damage|p2a: Samurott|46\/100\n|-heal|p1a: War Pigs|31\/100|[from] drain|[of] p2a: Samurott\n|\n|upkeep\n|turn|6\n|\n|t:|1699753532\n|move|p2a: Samurott|Aqua Jet|p1a: War Pigs\n|-supereffective|p1a: War Pigs\n|-damage|p1a: War Pigs|0 fnt\n|faint|p1a: War Pigs\n|\n|upkeep\n|\n|t:|1699753543\n|switch|p1a: Maria Maria|Quaquaval, F|100\/100\n|-damage|p1a: Maria Maria|88\/100|[from] Spikes\n|turn|7\n|\n|t:|1699753555\n|switch|p2a: Uxie|Uxie|59\/100\n|move|p1a: Maria Maria|Bulk Up|p1a: Maria Maria\n|-boost|p1a: Maria Maria|atk|1\n|-boost|p1a: Maria Maria|def|1\n|\n|-damage|p2a: Uxie|47\/100|[from] item: Black Sludge\n|upkeep\n|turn|8\n|\n|t:|1699753564\n|-terastallize|p1a: Maria Maria|Flying\n|move|p2a: Uxie|Thunder Wave|p1a: Maria Maria\n|-status|p1a: Maria Maria|par\n|cant|p1a: Maria Maria|par\n|\n|-damage|p2a: Uxie|34\/100|[from] item: Black Sludge\n|upkeep\n|turn|9\n|\n|t:|1699753575\n|move|p2a: Uxie|Knock Off|p1a: Maria Maria\n|-crit|p1a: Maria Maria\n|-damage|p1a: Maria Maria|64\/100 par\n|-enditem|p1a: Maria Maria|Iapapa Berry|[from] move: Knock Off|[of] p2a: Uxie\n|move|p1a: Maria Maria|Aqua Step|p2a: Uxie\n|-damage|p2a: Uxie|0 fnt\n|-boost|p1a: Maria Maria|spe|1\n|faint|p2a: Uxie\n|-ability|p1a: Maria Maria|Moxie|boost\n|-boost|p1a: Maria Maria|atk|1\n|\n|upkeep\n|\n|t:|1699753590\n|switch|p2a: Samurott|Samurott-Hisui, M|46\/100\n|turn|10\n|\n|t:|1699753596\n|move|p2a: Samurott|Ceaseless Edge|p1a: Maria Maria\n|-damage|p1a: Maria Maria|29\/100 par\n|-sidestart|p1: TrueSkyKing|Spikes\n|cant|p1a: Maria Maria|par\n|\n|upkeep\n|turn|11\n|\n|t:|1699753617\n|switch|p1a: Slipknot|Kingambit, M|100\/100\n|-damage|p1a: Slipknot|84\/100|[from] Spikes\n|-activate|p1a: Slipknot|ability: Supreme Overlord\n|-start|p1a: Slipknot|fallen1|[silent]\n|move|p2a: Samurott|Ceaseless Edge|p1a: Slipknot\n|-resisted|p1a: Slipknot\n|-damage|p1a: Slipknot|68\/100\n|-damage|p2a: Samurott|30\/100|[from] item: Rocky Helmet|[of] p1a: Slipknot\n|-sidestart|p1: TrueSkyKing|Spikes\n|\n|upkeep\n|turn|12\n|\n|t:|1699753632\n|move|p2a: Samurott|Knock Off|p1a: Slipknot\n|-resisted|p1a: Slipknot\n|-damage|p1a: Slipknot|53\/100\n|-damage|p2a: Samurott|13\/100|[from] item: Rocky Helmet|[of] p1a: Slipknot\n|-enditem|p1a: Slipknot|Rocky Helmet|[from] move: Knock Off|[of] p2a: Samurott\n|move|p1a: Slipknot|Swords Dance|p1a: Slipknot\n|-boost|p1a: Slipknot|atk|2\n|\n|upkeep\n|turn|13\n|\n|t:|1699753644\n|move|p2a: Samurott|Razor Shell|p1a: Slipknot\n|-damage|p1a: Slipknot|15\/100\n|-unboost|p1a: Slipknot|def|1\n|move|p1a: Slipknot|Brick Break|p2a: Samurott\n|-supereffective|p2a: Samurott\n|-damage|p2a: Samurott|0 fnt\n|faint|p2a: Samurott\n|\n|upkeep\n|\n|t:|1699753654\n|switch|p2a: Dragapult|Dragapult, F|100\/100\n|turn|14\n|\n|t:|1699753661\n|-terastallize|p2a: Dragapult|Steel\n|move|p1a: Slipknot|Sucker Punch|p2a: Dragapult\n|-damage|p2a: Dragapult|0 fnt\n|faint|p2a: Dragapult\n|\n|upkeep\n|\n|t:|1699753668\n|switch|p2a: Great Tusk|Great Tusk|100\/100\n|turn|15\n|\n|t:|1699753680\n|move|p1a: Slipknot|Sucker Punch|p2a: Great Tusk\n|-resisted|p2a: Great Tusk\n|-damage|p2a: Great Tusk|66\/100\n|move|p2a: Great Tusk|Close Combat|p1a: Slipknot\n|-supereffective|p1a: Slipknot\n|-damage|p1a: Slipknot|0 fnt\n|-unboost|p2a: Great Tusk|def|1\n|-unboost|p2a: Great Tusk|spd|1\n|faint|p1a: Slipknot\n|-end|p1a: Slipknot|fallen1|[silent]\n|\n|upkeep\n|\n|t:|1699753698\n|switch|p1a: Jerry|Gastrodon-East, M|100\/100\n|-damage|p1a: Jerry|76\/100|[from] Spikes\n|turn|16\n|\n|t:|1699753705\n|move|p2a: Great Tusk|Headlong Rush|p1a: Jerry\n|-damage|p1a: Jerry|13\/100\n|-unboost|p2a: Great Tusk|def|1\n|-unboost|p2a: Great Tusk|spd|1\n|move|p1a: Jerry|Yawn|p2a: Great Tusk\n|-start|p2a: Great Tusk|move: Yawn|[of] p1a: Jerry\n|\n|-heal|p1a: Jerry|19\/100|[from] item: Leftovers\n|upkeep\n|turn|17\n|\n|t:|1699753716\n|-end|p2a: Great Tusk|Protosynthesis|[silent]\n|switch|p2a: Ogerpon|Ogerpon, F|100\/100\n|move|p1a: Jerry|Ice Beam|p2a: Ogerpon\n|-supereffective|p2a: Ogerpon\n|-damage|p2a: Ogerpon|54\/100\n|\n|-heal|p1a: Jerry|25\/100|[from] item: Leftovers\n|upkeep\n|turn|18\n|\n|t:|1699753727\n|move|p1a: Jerry|Protect|p1a: Jerry\n|-singleturn|p1a: Jerry|Protect\n|move|p2a: Ogerpon|Ivy Cudgel|p1a: Jerry\n|-activate|p1a: Jerry|move: Protect\n|\n|-heal|p1a: Jerry|31\/100|[from] item: Leftovers\n|upkeep\n|turn|19\n|\n|t:|1699753736\n|move|p2a: Ogerpon|Ivy Cudgel|p1a: Jerry\n|-supereffective|p1a: Jerry\n|-damage|p1a: Jerry|0 fnt\n|faint|p1a: Jerry\n|\n|upkeep\n|\n|t:|1699753765\n|switch|p1a: The Unforgiven|Grimmsnarl, M|96\/100\n|-damage|p1a: The Unforgiven|71\/100|[from] Spikes\n|turn|20\n|\n|t:|1699753775\n|move|p1a: The Unforgiven|Trick|p2a: Ogerpon\n|-activate|p1a: The Unforgiven|move: Trick|[of] p2a: Ogerpon\n|-enditem|p2a: Ogerpon|Heavy-Duty Boots|[silent]|[from] move: Trick\n|-item|p1a: The Unforgiven|Heavy-Duty Boots|[from] move: Trick\n|move|p2a: Ogerpon|Swords Dance|p2a: Ogerpon\n|-boost|p2a: Ogerpon|atk|2\n|\n|upkeep\n|turn|21\n|\n|t:|1699753783\n|move|p1a: The Unforgiven|Taunt|p2a: Ogerpon\n|-start|p2a: Ogerpon|move: Taunt\n|move|p2a: Ogerpon|Ivy Cudgel|p1a: The Unforgiven\n|-damage|p1a: The Unforgiven|0 fnt\n|faint|p1a: The Unforgiven\n|\n|upkeep\n|\n|t:|1699753794\n|switch|p1a: The Bit|Hatterene, F|100\/100\n|-damage|p1a: The Bit|76\/100|[from] Spikes\n|turn|22\n|\n|t:|1699753799\n|move|p2a: Ogerpon|Ivy Cudgel|p1a: The Bit\n|-damage|p1a: The Bit|0 fnt\n|faint|p1a: The Bit\n|\n|upkeep\n|\n|t:|1699753801\n|switch|p1a: Maria Maria|Quaquaval, F, tera:Flying|29\/100 par\n|turn|23\n|-message|TrueSkyKing forfeited.\n|\n|win|Usopp D Gawd\n|l|\u2606TrueSkyKing\n","uploadtime":1699753812,"views":10,"p1id":"trueskyking","p2id":"usoppdgawd","formatid":"gen9ou","rating":0,"private":0,"password":""}