{"id":"gen9ou-1994073258","p1":"Kokkunut","p2":"madzatter","format":"[Gen 9] OU","log":"|j|\u2606Kokkunut\n|j|\u2606madzatter\n|t:|1700403342\n|gametype|singles\n|player|p1|Kokkunut|skierf-gen4dp|1125\n|player|p2|madzatter|hilbert|1050\n|teamsize|p1|6\n|teamsize|p2|6\n|gen|9\n|tier|[Gen 9] OU\n|rated|\n|rule|Sleep Clause Mod: Limit one foe put to sleep\n|rule|Species Clause: Limit one of each Pok\u00e9mon\n|rule|OHKO Clause: OHKO moves are banned\n|rule|Evasion Items Clause: Evasion items are banned\n|rule|Evasion Moves Clause: Evasion moves are banned\n|rule|Endless Battle Clause: Forcing endless battles is banned\n|rule|HP Percentage Mod: HP is shown in percentages\n|clearpoke\n|poke|p1|Torterra, M|\n|poke|p1|Slowbro-Galar, M|\n|poke|p1|Armarouge, F|\n|poke|p1|Yanmega, M|\n|poke|p1|Haxorus, M|\n|poke|p1|Ribombee, M|\n|poke|p2|Corviknight, M|\n|poke|p2|Ogerpon-Wellspring, F|\n|poke|p2|Kingambit, F|\n|poke|p2|Great Tusk|\n|poke|p2|Iron Valiant|\n|poke|p2|Ninetales-Alola, M|\n|teampreview\n|inactive|Battle timer is ON: inactive players will automatically lose when time's up. (requested by Kokkunut)\n|\n|t:|1700403350\n|start\n|switch|p1a: Ribombee|Ribombee, M|100\/100\n|switch|p2a: Ninetales|Ninetales-Alola, M|100\/100\n|-weather|Snow|[from] ability: Snow Warning|[of] p2a: Ninetales\n|turn|1\n|\n|t:|1700403357\n|move|p2a: Ninetales|Blizzard|p1a: Ribombee\n|-damage|p1a: Ribombee|48\/100\n|move|p1a: Ribombee|Quiver Dance|p1a: Ribombee\n|-boost|p1a: Ribombee|spa|1\n|-boost|p1a: Ribombee|spd|1\n|-boost|p1a: Ribombee|spe|1\n|\n|-weather|Snow|[upkeep]\n|upkeep\n|turn|2\n|\n|t:|1700403365\n|move|p1a: Ribombee|Quiver Dance|p1a: Ribombee\n|-boost|p1a: Ribombee|spa|1\n|-boost|p1a: Ribombee|spd|1\n|-boost|p1a: Ribombee|spe|1\n|move|p2a: Ninetales|Blizzard|p1a: Ribombee\n|-damage|p1a: Ribombee|22\/100\n|\n|-weather|Snow|[upkeep]\n|upkeep\n|turn|3\n|\n|t:|1700403376\n|move|p1a: Ribombee|Stored Power|p2a: Ninetales\n|-damage|p2a: Ninetales|7\/100\n|move|p2a: Ninetales|Blizzard|p1a: Ribombee\n|-damage|p1a: Ribombee|0 fnt\n|faint|p1a: Ribombee\n|\n|-weather|Snow|[upkeep]\n|upkeep\n|\n|t:|1700403386\n|switch|p1a: Armarouge|Armarouge, F|100\/100\n|turn|4\n|\n|t:|1700403391\n|move|p2a: Ninetales|Aurora Veil|p2a: Ninetales\n|-sidestart|p2: madzatter|move: Aurora Veil\n|move|p1a: Armarouge|Calm Mind|p1a: Armarouge\n|-boost|p1a: Armarouge|spa|1\n|-boost|p1a: Armarouge|spd|1\n|\n|-weather|Snow|[upkeep]\n|upkeep\n|turn|5\n|\n|t:|1700403404\n|switch|p2a: Ogerpon|Ogerpon-Wellspring, F|100\/100\n|move|p1a: Armarouge|Calm Mind|p1a: Armarouge\n|-boost|p1a: Armarouge|spa|1\n|-boost|p1a: Armarouge|spd|1\n|\n|-weather|none\n|upkeep\n|turn|6\n|\n|t:|1700403414\n|move|p2a: Ogerpon|Ivy Cudgel|p1a: Armarouge|[anim] Ivy Cudgel Water\n|-supereffective|p1a: Armarouge\n|-damage|p1a: Armarouge|0 fnt\n|faint|p1a: Armarouge\n|\n|upkeep\n|\n|t:|1700403424\n|switch|p1a: Slowbro|Slowbro-Galar, M|100\/100\n|turn|7\n|\n|t:|1700403453\n|switch|p2a: Ninetales|Ninetales-Alola, M|7\/100\n|-weather|Snow|[from] ability: Snow Warning|[of] p2a: Ninetales\n|move|p1a: Slowbro|Belly Drum|p1a: Slowbro\n|-damage|p1a: Slowbro|51\/100\n|-setboost|p1a: Slowbro|atk|6|[from] move: Belly Drum\n|\n|-weather|Snow|[upkeep]\n|upkeep\n|turn|8\n|-activate|p1a: Slowbro|item: Quick Claw\n|\n|t:|1700403464\n|move|p1a: Slowbro|Drain Punch|p2a: Ninetales\n|-damage|p2a: Ninetales|0 fnt\n|-heal|p1a: Slowbro|53\/100|[from] drain|[of] p2a: Ninetales\n|faint|p2a: Ninetales\n|\n|-weather|Snow|[upkeep]\n|upkeep\n|c|\u2606madzatter|BRO\n|\n|t:|1700403482\n|switch|p2a: Great Tusk|Great Tusk|100\/100\n|turn|9\n|\n|t:|1700403489\n|-terastallize|p1a: Slowbro|Flying\n|move|p2a: Great Tusk|Headlong Rush|p1a: Slowbro\n|-immune|p1a: Slowbro\n|move|p1a: Slowbro|Zen Headbutt|p2a: Great Tusk\n|-supereffective|p2a: Great Tusk\n|-damage|p2a: Great Tusk|0 fnt\n|faint|p2a: Great Tusk\n|-end|p2a: Great Tusk|Protosynthesis|[silent]\n|\n|-weather|Snow|[upkeep]\n|upkeep\n|inactive|madzatter has 120 seconds left.\n|\n|t:|1700403512\n|switch|p2a: Corviknight|Corviknight, M, shiny|100\/100\n|-ability|p2a: Corviknight|Pressure\n|turn|10\n|inactive|madzatter has 120 seconds left.\n|\n|t:|1700403519\n|move|p2a: Corviknight|Brave Bird|p1a: Slowbro\n|-damage|p1a: Slowbro|13\/100\n|-damage|p2a: Corviknight|86\/100|[from] Recoil\n|move|p1a: Slowbro|Drain Punch|p2a: Corviknight\n|-damage|p2a: Corviknight|47\/100\n|-heal|p1a: Slowbro|31\/100|[from] drain|[of] p2a: Corviknight\n|-damage|p1a: Slowbro|15\/100|[from] item: Rocky Helmet|[of] p2a: Corviknight\n|\n|-weather|Snow|[upkeep]\n|upkeep\n|turn|11\n|\n|t:|1700403529\n|move|p2a: Corviknight|Brave Bird|p1a: Slowbro\n|-damage|p1a: Slowbro|0 fnt\n|faint|p1a: Slowbro\n|-damage|p2a: Corviknight|42\/100|[from] Recoil\n|\n|-weather|none\n|-sideend|p2: madzatter|move: Aurora Veil\n|upkeep\n|\n|t:|1700403541\n|switch|p1a: Yanmega|Yanmega, M|100\/100\n|turn|12\n|\n|t:|1700403546\n|move|p2a: Corviknight|Brave Bird|p1a: Yanmega\n|-supereffective|p1a: Yanmega\n|-damage|p1a: Yanmega|16\/100\n|-damage|p2a: Corviknight|13\/100|[from] Recoil\n|move|p1a: Yanmega|Shadow Ball|p2a: Corviknight\n|-damage|p2a: Corviknight|0 fnt\n|faint|p2a: Corviknight\n|\n|-ability|p1a: Yanmega|Speed Boost|boost\n|-boost|p1a: Yanmega|spe|1\n|upkeep\n|\n|t:|1700403556\n|switch|p2a: Kingambit|Kingambit, F|100\/100\n|-activate|p2a: Kingambit|ability: Supreme Overlord\n|-start|p2a: Kingambit|fallen3|[silent]\n|turn|13\n|\n|t:|1700403562\n|move|p2a: Kingambit|Sucker Punch|p1a: Yanmega\n|-damage|p1a: Yanmega|0 fnt\n|faint|p1a: Yanmega\n|\n|upkeep\n|\n|t:|1700403567\n|switch|p1a: Torterror|Torterra, M|100\/100\n|turn|14\n|\n|t:|1700403577\n|-end|p2a: Kingambit|fallen3|[silent]\n|switch|p2a: Iron Valiant|Iron Valiant|100\/100\n|move|p1a: Torterror|Headlong Rush|p2a: Iron Valiant\n|-damage|p2a: Iron Valiant|26\/100\n|-unboost|p1a: Torterror|def|1\n|-unboost|p1a: Torterror|spd|1\n|\n|-heal|p2a: Iron Valiant|32\/100|[from] item: Leftovers\n|upkeep\n|turn|15\n|\n|t:|1700403589\n|move|p2a: Iron Valiant|Destiny Bond|p2a: Iron Valiant\n|-singlemove|p2a: Iron Valiant|Destiny Bond\n|move|p1a: Torterror|Bullet Seed|p2a: Iron Valiant\n|-damage|p2a: Iron Valiant|17\/100\n|-damage|p2a: Iron Valiant|3\/100\n|-damage|p2a: Iron Valiant|0 fnt\n|faint|p2a: Iron Valiant\n|-activate|p2a: Iron Valiant|move: Destiny Bond\n|-end|p2a: Iron Valiant|Quark Drive|[silent]\n|faint|p1a: Torterror\n|-hitcount|p2: Iron Valiant|3\n|\n|upkeep\n|\n|t:|1700403601\n|switch|p2a: Ogerpon|Ogerpon-Wellspring, F|100\/100\n|switch|p1a: Haxorus|Haxorus, M|100\/100\n|-ability|p1a: Haxorus|Mold Breaker\n|turn|16\n|\n|t:|1700403612\n|move|p1a: Haxorus|Swords Dance|p1a: Haxorus\n|-boost|p1a: Haxorus|atk|2\n|move|p2a: Ogerpon|Play Rough|p1a: Haxorus\n|-supereffective|p1a: Haxorus\n|-damage|p1a: Haxorus|5\/100\n|-unboost|p1a: Haxorus|atk|1\n|\n|upkeep\n|turn|17\n|\n|t:|1700403623\n|move|p1a: Haxorus|Scale Shot|p2a: Ogerpon\n|-damage|p2a: Ogerpon|70\/100\n|-damage|p2a: Ogerpon|44\/100\n|-damage|p2a: Ogerpon|14\/100\n|-damage|p2a: Ogerpon|0 fnt\n|faint|p2a: Ogerpon\n|-hitcount|p2: Ogerpon|4\n|-unboost|p1a: Haxorus|def|1\n|-boost|p1a: Haxorus|spe|1\n|\n|upkeep\n|\n|t:|1700403625\n|switch|p2a: Kingambit|Kingambit, F|100\/100\n|-activate|p2a: Kingambit|ability: Supreme Overlord\n|-start|p2a: Kingambit|fallen5|[silent]\n|turn|18\n|\n|t:|1700403643\n|move|p2a: Kingambit|Sucker Punch|p1a: Haxorus\n|-damage|p1a: Haxorus|0 fnt\n|faint|p1a: Haxorus\n|\n|win|madzatter\n|raw|Kokkunut's rating: 1125 &rarr; <strong>1095<\/strong><br \/>(-30 for losing)\n|raw|madzatter's rating: 1050 &rarr; <strong>1089<\/strong><br \/>(+39 for winning)\n|l|\u2606Kokkunut\n","uploadtime":1700403649,"views":9,"p1id":"kokkunut","p2id":"madzatter","formatid":"gen9ou","rating":1089,"private":0,"password":""}