{"id":"gen9ou-1996703751","p1":"mmk6ix","p2":"Steez Ibanez","format":"[Gen 9] OU","log":"|j|\u2606mmk6ix\n|j|\u2606Steez Ibanez\n|t:|1700711938\n|gametype|singles\n|player|p1|mmk6ix|wulfric|1610\n|player|p2|Steez Ibanez|lance-gen2|1825\n|teamsize|p1|6\n|teamsize|p2|6\n|gen|9\n|tier|[Gen 9] OU\n|rated|\n|rule|Sleep Clause Mod: Limit one foe put to sleep\n|rule|Species Clause: Limit one of each Pok\u00e9mon\n|rule|OHKO Clause: OHKO moves are banned\n|rule|Evasion Items Clause: Evasion items are banned\n|rule|Evasion Moves Clause: Evasion moves are banned\n|rule|Endless Battle Clause: Forcing endless battles is banned\n|rule|HP Percentage Mod: HP is shown in percentages\n|clearpoke\n|poke|p1|Glimmora, M|\n|poke|p1|Zamazenta-*|\n|poke|p1|Ceruledge, F|\n|poke|p1|Dragonite, M|\n|poke|p1|Rillaboom, M|\n|poke|p1|Enamorus, F|\n|poke|p2|Dragapult, M|\n|poke|p2|Zapdos|\n|poke|p2|Iron Moth|\n|poke|p2|Ting-Lu|\n|poke|p2|Corviknight, M|\n|poke|p2|Samurott-Hisui, M|\n|teampreview\n|\n|t:|1700711958\n|start\n|switch|p1a: Enamorus|Enamorus, F|100\/100\n|switch|p2a: Clicker|Ting-Lu|100\/100\n|-ability|p2a: Clicker|Vessel of Ruin\n|turn|1\n|\n|t:|1700711969\n|-terastallize|p2a: Clicker|Poison\n|move|p1a: Enamorus|Moonblast|p2a: Clicker\n|-resisted|p2a: Clicker\n|-damage|p2a: Clicker|84\/100\n|move|p2a: Clicker|Stealth Rock|p1a: Enamorus\n|-sidestart|p1: mmk6ix|move: Stealth Rock\n|\n|-heal|p2a: Clicker|90\/100|[from] item: Leftovers\n|upkeep\n|turn|2\n|\n|t:|1700711976\n|switch|p1a: Glimmora|Glimmora, M|100\/100\n|-damage|p1a: Glimmora|88\/100|[from] Stealth Rock\n|move|p2a: Clicker|Whirlwind|p1a: Glimmora\n|drag|p1a: Dragonite|Dragonite, M, shiny|100\/100\n|-damage|p1a: Dragonite|76\/100|[from] Stealth Rock\n|\n|-heal|p2a: Clicker|97\/100|[from] item: Leftovers\n|upkeep\n|turn|3\n|\n|t:|1700711984\n|switch|p2a: Dick Grayson|Corviknight, M|100\/100\n|-ability|p2a: Dick Grayson|Pressure\n|move|p1a: Dragonite|Earthquake|p2a: Dick Grayson\n|-immune|p2a: Dick Grayson\n|\n|upkeep\n|turn|4\n|\n|t:|1700711988\n|switch|p1a: Glimmora|Glimmora, M|88\/100\n|-damage|p1a: Glimmora|76\/100|[from] Stealth Rock\n|move|p2a: Dick Grayson|Iron Head|p1a: Glimmora\n|-supereffective|p1a: Glimmora\n|-damage|p1a: Glimmora|15\/100\n|-activate|p1a: Glimmora|ability: Toxic Debris\n|-sidestart|p2: Steez Ibanez|move: Toxic Spikes\n|\n|upkeep\n|turn|5\n|\n|t:|1700711995\n|move|p1a: Glimmora|Power Gem|p2a: Dick Grayson\n|-crit|p2a: Dick Grayson\n|-damage|p2a: Dick Grayson|43\/100\n|move|p2a: Dick Grayson|U-turn|p1a: Glimmora\n|-resisted|p1a: Glimmora\n|-damage|p1a: Glimmora|6\/100\n|-activate|p1a: Glimmora|ability: Toxic Debris\n|-sidestart|p2: Steez Ibanez|move: Toxic Spikes\n|\n|t:|1700711998\n|switch|p2a: Clicker|Ting-Lu, tera:Poison|97\/100|[from] U-turn\n|-sideend|p2: Steez Ibanez|move: Toxic Spikes|[of] p2a: Clicker\n|-ability|p2a: Clicker|Vessel of Ruin\n|\n|-heal|p2a: Clicker|100\/100|[from] item: Leftovers\n|upkeep\n|turn|6\n|\n|t:|1700712002\n|switch|p2a: Dick Grayson|Corviknight, M|43\/100\n|-ability|p2a: Dick Grayson|Pressure\n|move|p1a: Glimmora|Stealth Rock|p2a: Dick Grayson\n|-sidestart|p2: Steez Ibanez|move: Stealth Rock\n|\n|-heal|p2a: Dick Grayson|49\/100|[from] item: Leftovers\n|upkeep\n|turn|7\n|\n|t:|1700712008\n|move|p1a: Glimmora|Power Gem|p2a: Dick Grayson\n|-damage|p2a: Dick Grayson|8\/100\n|move|p2a: Dick Grayson|Roost|p2a: Dick Grayson\n|-heal|p2a: Dick Grayson|58\/100\n|-singleturn|p2a: Dick Grayson|move: Roost\n|\n|-heal|p2a: Dick Grayson|64\/100|[from] item: Leftovers\n|upkeep\n|turn|8\n|\n|t:|1700712011\n|move|p1a: Glimmora|Power Gem|p2a: Dick Grayson\n|-damage|p2a: Dick Grayson|23\/100\n|move|p2a: Dick Grayson|Roost|p2a: Dick Grayson\n|-heal|p2a: Dick Grayson|73\/100\n|-singleturn|p2a: Dick Grayson|move: Roost\n|\n|-heal|p2a: Dick Grayson|79\/100|[from] item: Leftovers\n|upkeep\n|turn|9\n|\n|t:|1700712014\n|move|p1a: Glimmora|Power Gem|p2a: Dick Grayson\n|-damage|p2a: Dick Grayson|41\/100\n|move|p2a: Dick Grayson|Roost|p2a: Dick Grayson\n|-heal|p2a: Dick Grayson|91\/100\n|-singleturn|p2a: Dick Grayson|move: Roost\n|\n|-heal|p2a: Dick Grayson|97\/100|[from] item: Leftovers\n|upkeep\n|turn|10\n|\n|t:|1700712018\n|move|p1a: Glimmora|Power Gem|p2a: Dick Grayson\n|-damage|p2a: Dick Grayson|57\/100\n|move|p2a: Dick Grayson|U-turn|p1a: Glimmora\n|-resisted|p1a: Glimmora\n|-damage|p1a: Glimmora|0 fnt\n|-activate|p1a: Glimmora|ability: Toxic Debris\n|-sidestart|p2: Steez Ibanez|move: Toxic Spikes\n|faint|p1a: Glimmora\n|\n|t:|1700712020\n|switch|p2a: Clicker|Ting-Lu, tera:Poison|100\/100|[from] U-turn\n|-damage|p2a: Clicker|88\/100|[from] Stealth Rock\n|-sideend|p2: Steez Ibanez|move: Toxic Spikes|[of] p2a: Clicker\n|-ability|p2a: Clicker|Vessel of Ruin\n|\n|-heal|p2a: Clicker|94\/100|[from] item: Leftovers\n|upkeep\n|\n|t:|1700712028\n|switch|p1a: Enamorus|Enamorus, F|100\/100\n|-damage|p1a: Enamorus|76\/100|[from] Stealth Rock\n|turn|11\n|\n|t:|1700712031\n|switch|p2a: Dick Grayson|Corviknight, M|57\/100\n|-damage|p2a: Dick Grayson|44\/100|[from] Stealth Rock\n|-ability|p2a: Dick Grayson|Pressure\n|move|p1a: Enamorus|Moonblast|p2a: Dick Grayson\n|-resisted|p2a: Dick Grayson\n|-damage|p2a: Dick Grayson|5\/100\n|\n|-heal|p2a: Dick Grayson|11\/100|[from] item: Leftovers\n|upkeep\n|turn|12\n|\n|t:|1700712035\n|move|p1a: Enamorus|Moonblast|p2a: Dick Grayson\n|-resisted|p2a: Dick Grayson\n|-damage|p2a: Dick Grayson|0 fnt\n|faint|p2a: Dick Grayson\n|\n|upkeep\n|\n|t:|1700712036\n|switch|p2a: Amaterasu|Iron Moth|100\/100\n|turn|13\n|\n|t:|1700712040\n|switch|p1a: Ceruledge|Ceruledge, F|100\/100\n|-damage|p1a: Ceruledge|76\/100|[from] Stealth Rock\n|move|p2a: Amaterasu|Toxic Spikes|p1a: Ceruledge\n|-sidestart|p1: mmk6ix|move: Toxic Spikes\n|\n|upkeep\n|turn|14\n|\n|t:|1700712046\n|-end|p2a: Amaterasu|Quark Drive|[silent]\n|switch|p2a: Darth Tyranus|Samurott-Hisui, M|100\/100\n|move|p1a: Ceruledge|Swords Dance|p1a: Ceruledge\n|-boost|p1a: Ceruledge|atk|2\n|\n|upkeep\n|turn|15\n|\n|t:|1700712059\n|-terastallize|p1a: Ceruledge|Bug\n|move|p1a: Ceruledge|Swords Dance|p1a: Ceruledge\n|-boost|p1a: Ceruledge|atk|2\n|move|p2a: Darth Tyranus|Aqua Cutter|p1a: Ceruledge\n|-crit|p1a: Ceruledge\n|-damage|p1a: Ceruledge|0 fnt\n|faint|p1a: Ceruledge\n|\n|upkeep\n|\n|t:|1700712069\n|switch|p1a: Enamorus|Enamorus, F|76\/100\n|-damage|p1a: Enamorus|51\/100|[from] Stealth Rock\n|turn|16\n|\n|t:|1700712073\n|switch|p2a: Clicker|Ting-Lu, tera:Poison|94\/100\n|-damage|p2a: Clicker|82\/100|[from] Stealth Rock\n|-ability|p2a: Clicker|Vessel of Ruin\n|move|p1a: Enamorus|Earth Power|p2a: Clicker\n|-supereffective|p2a: Clicker\n|-damage|p2a: Clicker|39\/100\n|\n|-heal|p2a: Clicker|46\/100|[from] item: Leftovers\n|upkeep\n|turn|17\n|\n|t:|1700712080\n|switch|p1a: Zamazenta|Zamazenta|100\/100\n|-damage|p1a: Zamazenta|94\/100|[from] Stealth Rock\n|-status|p1a: Zamazenta|psn\n|-ability|p1a: Zamazenta|Dauntless Shield|boost\n|-boost|p1a: Zamazenta|def|1\n|switch|p2a: Zeus|Zapdos|100\/100\n|\n|-damage|p1a: Zamazenta|82\/100 psn|[from] psn\n|upkeep\n|turn|18\n|\n|t:|1700712084\n|move|p1a: Zamazenta|Stone Edge|p2a: Zeus|[miss]\n|-miss|p1a: Zamazenta|p2a: Zeus\n|move|p2a: Zeus|Roost||[still]\n|-fail|p2a: Zeus|heal\n|\n|-damage|p1a: Zamazenta|70\/100 psn|[from] psn\n|upkeep\n|turn|19\n|\n|t:|1700712087\n|move|p1a: Zamazenta|Stone Edge|p2a: Zeus|[miss]\n|-miss|p1a: Zamazenta|p2a: Zeus\n|move|p2a: Zeus|Roost||[still]\n|-fail|p2a: Zeus|heal\n|\n|-damage|p1a: Zamazenta|57\/100 psn|[from] psn\n|upkeep\n|turn|20\n|\n|t:|1700712090\n|move|p1a: Zamazenta|Stone Edge|p2a: Zeus\n|-supereffective|p2a: Zeus\n|-damage|p2a: Zeus|7\/100\n|move|p2a: Zeus|Roost|p2a: Zeus\n|-heal|p2a: Zeus|57\/100\n|-singleturn|p2a: Zeus|move: Roost\n|\n|-damage|p1a: Zamazenta|45\/100 psn|[from] psn\n|upkeep\n|turn|21\n|\n|t:|1700712098\n|switch|p1a: Enamorus|Enamorus, F|51\/100\n|-damage|p1a: Enamorus|26\/100|[from] Stealth Rock\n|move|p2a: Zeus|Roost|p2a: Zeus\n|-heal|p2a: Zeus|100\/100\n|-singleturn|p2a: Zeus|move: Roost\n|\n|upkeep\n|turn|22\n|\n|t:|1700712107\n|switch|p2a: Clicker|Ting-Lu, tera:Poison|46\/100\n|-damage|p2a: Clicker|33\/100|[from] Stealth Rock\n|-ability|p2a: Clicker|Vessel of Ruin\n|move|p1a: Enamorus|Healing Wish|p1a: Enamorus\n|faint|p1a: Enamorus\n|\n|-heal|p2a: Clicker|39\/100|[from] item: Leftovers\n|upkeep\n|\n|t:|1700712117\n|switch|p1a: Rillaboom|Rillaboom, M, shiny|100\/100\n|-damage|p1a: Rillaboom|88\/100|[from] Stealth Rock\n|-status|p1a: Rillaboom|psn\n|-fieldstart|move: Grassy Terrain|[from] ability: Grassy Surge|[of] p1a: Rillaboom\n|turn|23\n|\n|t:|1700712123\n|move|p1a: Rillaboom|Knock Off|p2a: Clicker\n|-damage|p2a: Clicker|11\/100\n|-enditem|p2a: Clicker|Leftovers|[from] move: Knock Off|[of] p1a: Rillaboom\n|move|p2a: Clicker|Ruination|p1a: Rillaboom\n|-damage|p1a: Rillaboom|44\/100 psn\n|\n|-heal|p1a: Rillaboom|51\/100 psn|[from] Grassy Terrain\n|-heal|p2a: Clicker|18\/100|[from] Grassy Terrain\n|-damage|p1a: Rillaboom|38\/100 psn|[from] psn\n|upkeep\n|turn|24\n|\n|t:|1700712130\n|move|p1a: Rillaboom|Knock Off|p2a: Clicker\n|-damage|p2a: Clicker|0 fnt\n|faint|p2a: Clicker\n|\n|-heal|p1a: Rillaboom|44\/100 psn|[from] Grassy Terrain\n|-damage|p1a: Rillaboom|32\/100 psn|[from] psn\n|upkeep\n|\n|t:|1700712134\n|switch|p2a: Amaterasu|Iron Moth|100\/100\n|turn|25\n|\n|t:|1700712136\n|move|p2a: Amaterasu|Flamethrower|p1a: Rillaboom\n|-supereffective|p1a: Rillaboom\n|-damage|p1a: Rillaboom|0 fnt\n|faint|p1a: Rillaboom\n|\n|upkeep\n|\n|t:|1700712147\n|switch|p1a: Dragonite|Dragonite, M, shiny|76\/100\n|-heal|p1a: Dragonite|100\/100|[from] move: Healing Wish\n|-damage|p1a: Dragonite|76\/100|[from] Stealth Rock\n|turn|26\n|\n|t:|1700712150\n|move|p2a: Amaterasu|Sludge Wave|p1a: Dragonite\n|-damage|p1a: Dragonite|25\/100\n|move|p1a: Dragonite|Dragon Dance|p1a: Dragonite\n|-boost|p1a: Dragonite|atk|1\n|-boost|p1a: Dragonite|spe|1\n|\n|upkeep\n|turn|27\n|\n|t:|1700712155\n|-end|p2a: Amaterasu|Quark Drive|[silent]\n|switch|p2a: Zeus|Zapdos|100\/100\n|move|p1a: Dragonite|Earthquake|p2a: Zeus\n|-immune|p2a: Zeus\n|\n|-fieldend|move: Grassy Terrain\n|upkeep\n|turn|28\n|\n|t:|1700712159\n|move|p1a: Dragonite|Ice Spinner|p2a: Zeus\n|-supereffective|p2a: Zeus\n|-damage|p2a: Zeus|19\/100\n|move|p2a: Zeus|Volt Switch|p1a: Dragonite\n|-damage|p1a: Dragonite|0 fnt\n|faint|p1a: Dragonite\n|\n|t:|1700712162\n|switch|p2a: Toothless|Dragapult, M|100\/100|[from] Volt Switch\n|\n|upkeep\n|\n|t:|1700712164\n|switch|p1a: Zamazenta|Zamazenta|45\/100 psn\n|-damage|p1a: Zamazenta|39\/100 psn|[from] Stealth Rock\n|turn|29\n|\n|t:|1700712166\n|move|p2a: Toothless|Hex|p1a: Zamazenta\n|-damage|p1a: Zamazenta|0 fnt\n|faint|p1a: Zamazenta\n|\n|win|Steez Ibanez\n|raw|mmk6ix's rating: 1610 &rarr; <strong>1601<\/strong><br \/>(-9 for losing)\n|raw|Steez Ibanez's rating: 1825 &rarr; <strong>1834<\/strong><br \/>(+9 for winning)\n|l|\u2606Steez Ibanez\n|c|\u2606mmk6ix|gg\n","uploadtime":1700712184,"views":3,"p1id":"mmk6ix","p2id":"steezibanez","formatid":"gen9ou","rating":1601,"private":0,"password":""}