{"id":"gen9ou-1989453864","p1":"Big Test These","p2":"Ottonaut","format":"[Gen 9] OU","log":"|j|\u2606Big Test These\n|j|\u2606Ottonaut\n|t:|1699852869\n|gametype|singles\n|player|p1|Big Test These|101|1418\n|player|p2|Ottonaut|1|1418\n|teamsize|p1|6\n|teamsize|p2|6\n|gen|9\n|tier|[Gen 9] OU\n|rated|\n|rule|Sleep Clause Mod: Limit one foe put to sleep\n|rule|Species Clause: Limit one of each Pok\u00e9mon\n|rule|OHKO Clause: OHKO moves are banned\n|rule|Evasion Items Clause: Evasion items are banned\n|rule|Evasion Moves Clause: Evasion moves are banned\n|rule|Endless Battle Clause: Forcing endless battles is banned\n|rule|HP Percentage Mod: HP is shown in percentages\n|clearpoke\n|poke|p1|Greninja-*, M|\n|poke|p1|Alomomola, F|\n|poke|p1|Slowking-Galar, F|\n|poke|p1|Great Tusk|\n|poke|p1|Thundurus-Therian, M|\n|poke|p1|Landorus-Therian, M|\n|poke|p2|Enamorus, F|\n|poke|p2|Tyranitar, M|\n|poke|p2|Amoonguss, F|\n|poke|p2|Great Tusk|\n|poke|p2|Ribombee, F|\n|poke|p2|Ogerpon-Cornerstone, F|\n|teampreview\n|inactive|Battle timer is ON: inactive players will automatically lose when time's up. (requested by Ottonaut)\n|\n|t:|1699852883\n|start\n|switch|p1a: Thundurus|Thundurus-Therian, M|100\/100\n|switch|p2a: Ribombee|Ribombee, F|100\/100\n|turn|1\n|\n|t:|1699852893\n|move|p1a: Thundurus|Sludge Bomb|p2a: Ribombee\n|-supereffective|p2a: Ribombee\n|-enditem|p2a: Ribombee|Focus Sash\n|-damage|p2a: Ribombee|1\/100\n|move|p2a: Ribombee|Moonblast|p1a: Thundurus\n|-damage|p1a: Thundurus|43\/100\n|-unboost|p1a: Thundurus|spa|1\n|\n|upkeep\n|turn|2\n|\n|t:|1699852902\n|switch|p2a: Tyranitar|Tyranitar, M|100\/100\n|-weather|Sandstorm|[from] ability: Sand Stream|[of] p2a: Tyranitar\n|move|p1a: Thundurus|Sludge Bomb|p2a: Tyranitar\n|-resisted|p2a: Tyranitar\n|-damage|p2a: Tyranitar|97\/100\n|\n|-weather|Sandstorm|[upkeep]\n|-damage|p1a: Thundurus|37\/100|[from] Sandstorm\n|upkeep\n|turn|3\n|\n|t:|1699852906\n|switch|p1a: Landorus|Landorus-Therian, M|100\/100\n|-ability|p1a: Landorus|Intimidate|boost\n|-unboost|p2a: Tyranitar|atk|1\n|move|p2a: Tyranitar|Knock Off|p1a: Landorus\n|-damage|p1a: Landorus|79\/100\n|-enditem|p1a: Landorus|Leftovers|[from] move: Knock Off|[of] p2a: Tyranitar\n|\n|-weather|Sandstorm|[upkeep]\n|upkeep\n|turn|4\n|\n|t:|1699852921\n|switch|p2a: Enamorus|Enamorus, F|100\/100\n|move|p1a: Landorus|Stealth Rock|p2a: Enamorus\n|-sidestart|p2: Ottonaut|move: Stealth Rock\n|\n|-weather|Sandstorm|[upkeep]\n|-damage|p2a: Enamorus|94\/100|[from] Sandstorm\n|upkeep\n|turn|5\n|\n|t:|1699852926\n|switch|p1a: Blowking|Slowking-Galar, F|100\/100\n|move|p2a: Enamorus|Calm Mind|p2a: Enamorus\n|-boost|p2a: Enamorus|spa|1\n|-boost|p2a: Enamorus|spd|1\n|\n|-weather|Sandstorm|[upkeep]\n|-damage|p2a: Enamorus|88\/100|[from] Sandstorm\n|-damage|p1a: Blowking|94\/100|[from] Sandstorm\n|upkeep\n|turn|6\n|\n|t:|1699852944\n|-terastallize|p2a: Enamorus|Ground\n|move|p2a: Enamorus|Calm Mind|p2a: Enamorus\n|-boost|p2a: Enamorus|spa|1\n|-boost|p2a: Enamorus|spd|1\n|move|p1a: Blowking|Thunder Wave|p2a: Enamorus\n|-immune|p2a: Enamorus\n|\n|-weather|none\n|upkeep\n|turn|7\n|\n|t:|1699852950\n|move|p2a: Enamorus|Calm Mind|p2a: Enamorus\n|-boost|p2a: Enamorus|spa|1\n|-boost|p2a: Enamorus|spd|1\n|move|p1a: Blowking|Future Sight|p2a: Enamorus\n|-start|p1a: Blowking|move: Future Sight\n|\n|upkeep\n|turn|8\n|\n|t:|1699852956\n|move|p2a: Enamorus|Calm Mind|p2a: Enamorus\n|-boost|p2a: Enamorus|spa|1\n|-boost|p2a: Enamorus|spd|1\n|move|p1a: Blowking|Chilly Reception|p1a: Blowking\n|-weather|Snow\n|\n|t:|1699852973\n|switch|p1a: Ogerpon-Keto|Greninja, M|100\/100|[from] Chilly Reception\n|\n|-weather|Snow|[upkeep]\n|upkeep\n|turn|9\n|\n|t:|1699852989\n|move|p1a: Ogerpon-Keto|U-turn|p2a: Enamorus\n|-start|p1a: Ogerpon-Keto|typechange|Bug|[from] ability: Protean\n|-damage|p2a: Enamorus|58\/100\n|\n|t:|1699852997\n|switch|p1a: Luvdisc 2|Alomomola, F|100\/100|[from] U-turn\n|move|p2a: Enamorus|Moonblast|p1a: Luvdisc 2\n|-damage|p1a: Luvdisc 2|0 fnt\n|faint|p1a: Luvdisc 2\n|\n|-weather|Snow|[upkeep]\n|-end|p2a: Enamorus|move: Future Sight\n|-damage|p2a: Enamorus|36\/100\n|upkeep\n|inactive|Big Test These has 120 seconds left.\n|\n|t:|1699853014\n|switch|p1a: Thundurus|Thundurus-Therian, M|37\/100\n|turn|10\n|\n|t:|1699853020\n|move|p1a: Thundurus|U-turn|p2a: Enamorus\n|-damage|p2a: Enamorus|10\/100\n|-start|p1a: Thundurus|Attract|[from] ability: Cute Charm|[of] p2a: Enamorus\n|\n|t:|1699853035\n|switch|p1a: Blowking|Slowking-Galar, F|100\/100|[from] U-turn\n|move|p2a: Enamorus|Moonblast|p1a: Blowking\n|-resisted|p1a: Blowking\n|-damage|p1a: Blowking|59\/100\n|\n|-weather|Snow|[upkeep]\n|upkeep\n|turn|11\n|\n|t:|1699853045\n|move|p2a: Enamorus|Earth Power|p1a: Blowking\n|-supereffective|p1a: Blowking\n|-damage|p1a: Blowking|0 fnt\n|faint|p1a: Blowking\n|\n|-weather|Snow|[upkeep]\n|upkeep\n|\n|t:|1699853048\n|switch|p1a: Ogerpon-Keto|Greninja, M|100\/100\n|turn|12\n|\n|t:|1699853055\n|switch|p2a: Amoonguss|Amoonguss, F|100\/100\n|-damage|p2a: Amoonguss|88\/100|[from] Stealth Rock\n|move|p1a: Ogerpon-Keto|U-turn|p2a: Amoonguss\n|-start|p1a: Ogerpon-Keto|typechange|Bug|[from] ability: Protean\n|-damage|p2a: Amoonguss|73\/100\n|-damage|p1a: Ogerpon-Keto|84\/100|[from] item: Rocky Helmet|[of] p2a: Amoonguss\n|\n|t:|1699853065\n|switch|p1a: Thundurus|Thundurus-Therian, M|37\/100|[from] U-turn\n|\n|-weather|none\n|upkeep\n|turn|13\n|\n|t:|1699853071\n|switch|p2a: Tyranitar|Tyranitar, M|97\/100\n|-damage|p2a: Tyranitar|85\/100|[from] Stealth Rock\n|-weather|Sandstorm|[from] ability: Sand Stream|[of] p2a: Tyranitar\n|-terastallize|p1a: Thundurus|Flying\n|move|p1a: Thundurus|Tera Blast|p2a: Tyranitar|[anim] Tera Blast Flying\n|-resisted|p2a: Tyranitar\n|-damage|p2a: Tyranitar|76\/100\n|\n|-weather|Sandstorm|[upkeep]\n|-damage|p1a: Thundurus|31\/100|[from] Sandstorm\n|upkeep\n|turn|14\n|\n|t:|1699853079\n|switch|p1a: Landorus|Landorus-Therian, M|79\/100\n|-ability|p1a: Landorus|Intimidate|boost\n|-unboost|p2a: Tyranitar|atk|1\n|move|p2a: Tyranitar|Knock Off|p1a: Landorus\n|-damage|p1a: Landorus|65\/100\n|\n|-weather|Sandstorm|[upkeep]\n|upkeep\n|turn|15\n|\n|t:|1699853088\n|switch|p2a: Great Tusk|Great Tusk|100\/100\n|move|p1a: Landorus|U-turn|p2a: Great Tusk\n|-resisted|p2a: Great Tusk\n|-damage|p2a: Great Tusk|92\/100\n|\n|t:|1699853093\n|switch|p1a: Ogerpon-Keto|Greninja, M|84\/100|[from] U-turn\n|\n|-weather|Sandstorm|[upkeep]\n|-damage|p1a: Ogerpon-Keto|78\/100|[from] Sandstorm\n|upkeep\n|turn|16\n|\n|t:|1699853100\n|move|p1a: Ogerpon-Keto|Ice Beam|p2a: Great Tusk\n|-start|p1a: Ogerpon-Keto|typechange|Ice|[from] ability: Protean\n|-supereffective|p2a: Great Tusk\n|-damage|p2a: Great Tusk|0 fnt\n|faint|p2a: Great Tusk\n|-end|p2a: Great Tusk|Protosynthesis|[silent]\n|\n|-weather|Sandstorm|[upkeep]\n|-damage|p1a: Ogerpon-Keto|72\/100|[from] Sandstorm\n|upkeep\n|\n|t:|1699853117\n|switch|p2a: Amoonguss|Amoonguss, F|100\/100\n|-damage|p2a: Amoonguss|88\/100|[from] Stealth Rock\n|turn|17\n|\n|t:|1699853130\n|move|p1a: Ogerpon-Keto|Ice Beam|p2a: Amoonguss\n|-supereffective|p2a: Amoonguss\n|-damage|p2a: Amoonguss|0 fnt\n|faint|p2a: Amoonguss\n|\n|-weather|none\n|upkeep\n|\n|t:|1699853133\n|switch|p2a: Ogerpon|Ogerpon-Cornerstone, F|100\/100\n|-damage|p2a: Ogerpon|88\/100|[from] Stealth Rock\n|turn|18\n|\n|t:|1699853139\n|move|p1a: Ogerpon-Keto|Ice Beam|p2a: Ogerpon\n|-supereffective|p2a: Ogerpon\n|-damage|p2a: Ogerpon|0 fnt\n|faint|p2a: Ogerpon\n|\n|upkeep\n|-message|Ottonaut forfeited.\n|\n|win|Big Test These\n|raw|Big Test These's rating: 1418 &rarr; <strong>1438<\/strong><br \/>(+20 for winning)\n|raw|Ottonaut's rating: 1418 &rarr; <strong>1398<\/strong><br \/>(-20 for losing)\n|c|\u2606Big Test These|Gg\n|l|\u2606Ottonaut\n","uploadtime":1699853162,"views":9,"p1id":"bigtestthese","p2id":"ottonaut","formatid":"gen9ou","rating":1398,"private":0,"password":""}