{"id":"gen9ou-1990204639","p1":"APOS5","p2":"daazai","format":"[Gen 9] OU","log":"|j|\u2606APOS5\n|j|\u2606daazai\n|t:|1699937031\n|gametype|singles\n|player|p1|APOS5|265|1148\n|player|p2|daazai|petrel|1220\n|teamsize|p1|6\n|teamsize|p2|6\n|gen|9\n|tier|[Gen 9] OU\n|rated|\n|rule|Sleep Clause Mod: Limit one foe put to sleep\n|rule|Species Clause: Limit one of each Pok\u00e9mon\n|rule|OHKO Clause: OHKO moves are banned\n|rule|Evasion Items Clause: Evasion items are banned\n|rule|Evasion Moves Clause: Evasion moves are banned\n|rule|Endless Battle Clause: Forcing endless battles is banned\n|rule|HP Percentage Mod: HP is shown in percentages\n|clearpoke\n|poke|p1|Greninja-*, M|\n|poke|p1|Clefable, F|\n|poke|p1|Torterra, F|\n|poke|p1|Gengar, M|\n|poke|p1|Iron Valiant|\n|poke|p1|Great Tusk|\n|poke|p2|Thundurus-Therian, M|\n|poke|p2|Hydreigon, F|\n|poke|p2|Sneasler, F|\n|poke|p2|Amoonguss, M|\n|poke|p2|Cinderace, M|\n|poke|p2|Ogerpon-Wellspring, F|\n|teampreview\n|inactive|Battle timer is ON: inactive players will automatically lose when time's up. (requested by daazai)\n|\n|t:|1699937037\n|start\n|switch|p1a: Gengar|Gengar, M|100\/100\n|switch|p2a: Thundurus|Thundurus-Therian, M|100\/100\n|turn|1\n|\n|t:|1699937045\n|move|p1a: Gengar|Toxic|p2a: Thundurus\n|-status|p2a: Thundurus|tox\n|move|p2a: Thundurus|Volt Switch|p1a: Gengar\n|-damage|p1a: Gengar|37\/100\n|\n|t:|1699937053\n|switch|p2a: Hydreigon|Hydreigon, F|100\/100|[from] Volt Switch\n|\n|-status|p1a: Gengar|brn|[from] item: Flame Orb\n|upkeep\n|turn|2\n|\n|t:|1699937058\n|move|p2a: Hydreigon|Dark Pulse|p1a: Gengar\n|-supereffective|p1a: Gengar\n|-damage|p1a: Gengar|0 fnt\n|faint|p1a: Gengar\n|\n|upkeep\n|\n|t:|1699937070\n|switch|p1a: Torterra|Torterra, F|100\/100\n|turn|3\n|\n|t:|1699937075\n|switch|p2a: Sneasler|Sneasler, F|100\/100\n|move|p1a: Torterra|Shell Smash|p1a: Torterra\n|-unboost|p1a: Torterra|def|1\n|-unboost|p1a: Torterra|spd|1\n|-boost|p1a: Torterra|atk|2\n|-boost|p1a: Torterra|spa|2\n|-boost|p1a: Torterra|spe|2\n|\n|upkeep\n|turn|4\n|\n|t:|1699937083\n|move|p2a: Sneasler|Fake Out|p1a: Torterra\n|-enditem|p2a: Sneasler|Normal Gem|[from] gem\n|-damage|p1a: Torterra|71\/100\n|cant|p1a: Torterra|flinch\n|\n|upkeep\n|turn|5\n|\n|t:|1699937091\n|move|p2a: Sneasler|Acrobatics|p1a: Torterra\n|-supereffective|p1a: Torterra\n|-damage|p1a: Torterra|0 fnt\n|faint|p1a: Torterra\n|\n|upkeep\n|\n|t:|1699937101\n|switch|p1a: Iron Valiant|Iron Valiant|100\/100\n|-enditem|p1a: Iron Valiant|Booster Energy\n|-activate|p1a: Iron Valiant|ability: Quark Drive|[fromitem]\n|-start|p1a: Iron Valiant|quarkdrivespe\n|turn|6\n|\n|t:|1699937111\n|move|p2a: Sneasler|Acrobatics|p1a: Iron Valiant\n|-supereffective|p1a: Iron Valiant\n|-damage|p1a: Iron Valiant|6\/100\n|move|p1a: Iron Valiant|Shadow Ball|p2a: Sneasler\n|-damage|p2a: Sneasler|66\/100\n|\n|upkeep\n|turn|7\n|\n|t:|1699937120\n|-terastallize|p2a: Sneasler|Flying\n|move|p2a: Sneasler|Acrobatics|p1a: Iron Valiant\n|-supereffective|p1a: Iron Valiant\n|-damage|p1a: Iron Valiant|0 fnt\n|faint|p1a: Iron Valiant\n|-end|p1a: Iron Valiant|Quark Drive|[silent]\n|\n|upkeep\n|\n|t:|1699937125\n|switch|p1a: Greninja|Greninja, M|100\/100\n|turn|8\n|\n|t:|1699937129\n|move|p2a: Sneasler|Close Combat|p1a: Greninja\n|-supereffective|p1a: Greninja\n|-damage|p1a: Greninja|0 fnt\n|-unboost|p2a: Sneasler|def|1\n|-unboost|p2a: Sneasler|spd|1\n|faint|p1a: Greninja\n|\n|upkeep\n|\n|t:|1699937141\n|switch|p1a: Great Tusk|Great Tusk|100\/100\n|-enditem|p1a: Great Tusk|Booster Energy\n|-activate|p1a: Great Tusk|ability: Protosynthesis|[fromitem]\n|-start|p1a: Great Tusk|protosynthesisatk\n|turn|9\n|\n|t:|1699937147\n|-terastallize|p1a: Great Tusk|Water\n|move|p2a: Sneasler|Acrobatics|p1a: Great Tusk\n|-damage|p1a: Great Tusk|55\/100\n|move|p1a: Great Tusk|Ice Spinner|p2a: Sneasler\n|-supereffective|p2a: Sneasler\n|-damage|p2a: Sneasler|0 fnt\n|faint|p2a: Sneasler\n|\n|upkeep\n|\n|t:|1699937160\n|switch|p2a: Thundurus|Thundurus-Therian, M|100\/100 tox\n|turn|10\n|\n|t:|1699937165\n|move|p2a: Thundurus|Volt Switch|p1a: Great Tusk\n|-supereffective|p1a: Great Tusk\n|-damage|p1a: Great Tusk|0 fnt\n|faint|p1a: Great Tusk\n|-end|p1a: Great Tusk|Protosynthesis|[silent]\n|\n|t:|1699937170\n|switch|p2a: Amoonguss|Amoonguss, M|100\/100|[from] Volt Switch\n|\n|upkeep\n|\n|t:|1699937173\n|switch|p1a: Clefable|Clefable, F|100\/100\n|turn|11\n|\n|t:|1699937177\n|move|p1a: Clefable|Thunder Wave|p2a: Amoonguss\n|-status|p2a: Amoonguss|par\n|move|p2a: Amoonguss|Spore|p1a: Clefable\n|-status|p1a: Clefable|slp|[from] move: Spore\n|\n|upkeep\n|turn|12\n|\n|t:|1699937182\n|switch|p2a: Cinderace|Cinderace, M|100\/100\n|cant|p1a: Clefable|slp\n|\n|upkeep\n|turn|13\n|\n|t:|1699937187\n|move|p2a: Cinderace|Iron Head|p1a: Clefable\n|-supereffective|p1a: Clefable\n|-damage|p1a: Clefable|43\/100 slp\n|cant|p1a: Clefable|slp\n|\n|-heal|p1a: Clefable|49\/100 slp|[from] item: Leftovers\n|upkeep\n|turn|14\n|\n|t:|1699937193\n|move|p2a: Cinderace|Iron Head|p1a: Clefable\n|-supereffective|p1a: Clefable\n|-damage|p1a: Clefable|0 fnt\n|-start|p2a: Cinderace|Attract|[from] ability: Cute Charm|[of] p1a: Clefable\n|faint|p1a: Clefable\n|-end|p2a: Cinderace|Attract|[silent]\n|\n|win|daazai\n|raw|APOS5's rating: 1148 &rarr; <strong>1128<\/strong><br \/>(-20 for losing)\n|raw|daazai's rating: 1220 &rarr; <strong>1240<\/strong><br \/>(+20 for winning)\n|l|\u2606APOS5\n","uploadtime":1699937202,"views":18,"p1id":"apos5","p2id":"daazai","formatid":"gen9ou","rating":1128,"private":0,"password":""}