{"id":"gen9ou-1988805472","p1":"SilphGambleR","p2":"ch1ck3n nu99ets","format":"[Gen 9] OU","log":"|j|\u2606SilphGambleR\n|j|\u2606ch1ck3n nu99ets\n|t:|1699765723\n|gametype|singles\n|player|p1|SilphGambleR|gardenia|1642\n|player|p2|ch1ck3n nu99ets|266|1709\n|teamsize|p1|6\n|teamsize|p2|6\n|gen|9\n|tier|[Gen 9] OU\n|rated|\n|rule|Sleep Clause Mod: Limit one foe put to sleep\n|rule|Species Clause: Limit one of each Pok\u00e9mon\n|rule|OHKO Clause: OHKO moves are banned\n|rule|Evasion Items Clause: Evasion items are banned\n|rule|Evasion Moves Clause: Evasion moves are banned\n|rule|Endless Battle Clause: Forcing endless battles is banned\n|rule|HP Percentage Mod: HP is shown in percentages\n|clearpoke\n|poke|p1|Azumarill, F|\n|poke|p1|Zapdos|\n|poke|p1|Slowking-Galar, F|\n|poke|p1|Gliscor, M|\n|poke|p1|Greninja-*, M|\n|poke|p1|Sandy Shocks|\n|poke|p2|Crabominable, M|\n|poke|p2|Crawdaunt, F|\n|poke|p2|Dragonite, M|\n|poke|p2|Slowking, F|\n|poke|p2|Hatterene, F|\n|poke|p2|Diancie|\n|teampreview\n|inactive|Battle timer is ON: inactive players will automatically lose when time's up. (requested by ch1ck3n nu99ets)\n|j| hgfddvvv\n|l| hgfddvvv\n|j| Eating crayon\n|\n|t:|1699765745\n|start\n|switch|p1a: Azumarill|Azumarill, F|100\/100\n|switch|p2a: Diancie|Diancie|100\/100\n|turn|1\n|\n|t:|1699765751\n|move|p1a: Azumarill|Liquidation|p2a: Diancie\n|-supereffective|p2a: Diancie\n|-damage|p2a: Diancie|31\/100\n|move|p2a: Diancie|Trick Room|p2a: Diancie\n|-fieldstart|move: Trick Room|[of] p2a: Diancie\n|\n|upkeep\n|turn|2\n|\n|t:|1699765760\n|move|p1a: Azumarill|Aqua Jet|p2a: Diancie\n|-supereffective|p2a: Diancie\n|-damage|p2a: Diancie|0 fnt\n|faint|p2a: Diancie\n|\n|upkeep\n|\n|t:|1699765765\n|switch|p2a: Crabominable|Crabominable, M, shiny|100\/100\n|turn|3\n|\n|t:|1699765771\n|move|p2a: Crabominable|Thunder Punch|p1a: Azumarill\n|-supereffective|p1a: Azumarill\n|-damage|p1a: Azumarill|0 fnt\n|faint|p1a: Azumarill\n|\n|upkeep\n|\n|t:|1699765784\n|switch|p1a: Slowking|Slowking-Galar, F|100\/100\n|turn|4\n|\n|t:|1699765787\n|switch|p2a: Slowking|Slowking, F|100\/100\n|move|p1a: Slowking|Psyshock|p2a: Slowking\n|-resisted|p2a: Slowking\n|-damage|p2a: Slowking|78\/100\n|\n|upkeep\n|turn|5\n|\n|t:|1699765793\n|move|p1a: Slowking|Sludge Bomb|p2a: Slowking\n|-damage|p2a: Slowking|52\/100\n|-status|p2a: Slowking|psn\n|move|p2a: Slowking|Slack Off|p2a: Slowking\n|-heal|p2a: Slowking|100\/100 psn\n|\n|-damage|p2a: Slowking|88\/100 psn|[from] psn\n|-fieldend|move: Trick Room\n|upkeep\n|turn|6\n|\n|t:|1699765810\n|switch|p1a: Zapdos|Zapdos|100\/100\n|move|p2a: Slowking|Trick Room|p2a: Slowking\n|-fieldstart|move: Trick Room|[of] p2a: Slowking\n|\n|-damage|p2a: Slowking|76\/100 psn|[from] psn\n|upkeep\n|turn|7\n|\n|t:|1699765814\n|move|p1a: Zapdos|Discharge|p2a: Slowking\n|-supereffective|p2a: Slowking\n|-damage|p2a: Slowking|37\/100 psn\n|move|p2a: Slowking|Chilly Reception|p2a: Slowking\n|-weather|Snow\n|\n|t:|1699765818\n|switch|p2a: Crabominable|Crabominable, M, shiny|100\/100|[from] Chilly Reception\n|\n|-weather|Snow|[upkeep]\n|upkeep\n|turn|8\n|\n|t:|1699765824\n|-terastallize|p1a: Zapdos|Fighting\n|move|p2a: Crabominable|Ice Hammer|p1a: Zapdos\n|-damage|p1a: Zapdos|22\/100\n|-unboost|p2a: Crabominable|spe|1\n|-damage|p2a: Crabominable|84\/100|[from] item: Rocky Helmet|[of] p1a: Zapdos\n|move|p1a: Zapdos|Hurricane|p2a: Crabominable\n|-supereffective|p2a: Crabominable\n|-damage|p2a: Crabominable|0 fnt\n|faint|p2a: Crabominable\n|\n|-weather|Snow|[upkeep]\n|upkeep\n|\n|t:|1699765836\n|switch|p2a: Crawdaunt|Crawdaunt, F|100\/100\n|turn|9\n|\n|t:|1699765855\n|move|p2a: Crawdaunt|Knock Off|p1a: Zapdos\n|-resisted|p1a: Zapdos\n|-crit|p1a: Zapdos\n|-damage|p1a: Zapdos|0 fnt\n|-damage|p2a: Crawdaunt|84\/100|[from] item: Rocky Helmet|[of] p1a: Zapdos\n|-status|p2a: Crawdaunt|par|[from] ability: Static|[of] p1a: Zapdos\n|-enditem|p1a: Zapdos|Rocky Helmet|[from] move: Knock Off|[of] p2a: Crawdaunt\n|faint|p1a: Zapdos\n|-damage|p2a: Crawdaunt|74\/100 par|[from] item: Life Orb\n|\n|-weather|Snow|[upkeep]\n|upkeep\n|\n|t:|1699765860\n|switch|p1a: Slowking|Slowking-Galar, F|100\/100\n|turn|10\n|\n|t:|1699765863\n|move|p2a: Crawdaunt|Knock Off|p1a: Slowking\n|-supereffective|p1a: Slowking\n|-enditem|p1a: Slowking|Colbur Berry|[eat]\n|-enditem|p1a: Slowking|Colbur Berry|[weaken]\n|-damage|p1a: Slowking|3\/100\n|-damage|p2a: Crawdaunt|65\/100 par|[from] item: Life Orb\n|move|p1a: Slowking|Focus Blast|p2a: Crawdaunt\n|-supereffective|p2a: Crawdaunt\n|-damage|p2a: Crawdaunt|0 fnt\n|faint|p2a: Crawdaunt\n|\n|-weather|Snow|[upkeep]\n|-fieldend|move: Trick Room\n|upkeep\n|\n|t:|1699765872\n|switch|p2a: Slowking|Slowking, F|70\/100 psn\n|turn|11\n|\n|t:|1699765879\n|switch|p1a: Greninja|Greninja, M|100\/100\n|move|p2a: Slowking|Scald|p1a: Greninja\n|-resisted|p1a: Greninja\n|-damage|p1a: Greninja|79\/100\n|\n|-weather|none\n|-damage|p2a: Slowking|58\/100 psn|[from] psn\n|upkeep\n|turn|12\n|\n|t:|1699765883\n|move|p1a: Greninja|U-turn|p2a: Slowking\n|-start|p1a: Greninja|typechange|Bug|[from] ability: Protean\n|-supereffective|p2a: Slowking\n|-damage|p2a: Slowking|16\/100 psn\n|\n|t:|1699765887\n|switch|p1a: Slowking|Slowking-Galar, F|36\/100|[from] U-turn\n|move|p2a: Slowking|Chilly Reception|p2a: Slowking\n|-weather|Snow\n|\n|t:|1699765890\n|switch|p2a: Dragonite|Dragonite, M|100\/100|[from] Chilly Reception\n|\n|-weather|Snow|[upkeep]\n|upkeep\n|turn|13\n|\n|t:|1699765898\n|move|p2a: Dragonite|Dragon Dance|p2a: Dragonite\n|-boost|p2a: Dragonite|atk|1\n|-boost|p2a: Dragonite|spe|1\n|move|p1a: Slowking|Sludge Bomb|p2a: Dragonite\n|-damage|p2a: Dragonite|79\/100\n|\n|-weather|Snow|[upkeep]\n|upkeep\n|turn|14\n|\n|t:|1699765904\n|move|p2a: Dragonite|Extreme Speed|p1a: Slowking\n|-damage|p1a: Slowking|0 fnt\n|faint|p1a: Slowking\n|\n|-weather|Snow|[upkeep]\n|upkeep\n|\n|t:|1699765907\n|switch|p1a: Sandy Shocks|Sandy Shocks|100\/100\n|-enditem|p1a: Sandy Shocks|Booster Energy\n|-activate|p1a: Sandy Shocks|ability: Protosynthesis|[fromitem]\n|-start|p1a: Sandy Shocks|protosynthesisspe\n|turn|15\n|\n|t:|1699765917\n|-terastallize|p2a: Dragonite|Normal\n|move|p1a: Sandy Shocks|Thunderbolt|p2a: Dragonite\n|-damage|p2a: Dragonite|43\/100\n|move|p2a: Dragonite|Roost|p2a: Dragonite\n|-heal|p2a: Dragonite|93\/100\n|\n|-weather|Snow|[upkeep]\n|upkeep\n|turn|16\n|\n|t:|1699765931\n|move|p1a: Sandy Shocks|Thunderbolt|p2a: Dragonite\n|-damage|p2a: Dragonite|55\/100\n|move|p2a: Dragonite|Dragon Dance|p2a: Dragonite\n|-boost|p2a: Dragonite|atk|1\n|-boost|p2a: Dragonite|spe|1\n|\n|-weather|none\n|upkeep\n|turn|17\n|\n|t:|1699765936\n|move|p2a: Dragonite|Extreme Speed|p1a: Sandy Shocks\n|-damage|p1a: Sandy Shocks|0 fnt\n|faint|p1a: Sandy Shocks\n|-end|p1a: Sandy Shocks|Protosynthesis|[silent]\n|\n|upkeep\n|\n|t:|1699765940\n|switch|p1a: Gliscor|Gliscor, M|100\/100\n|turn|18\n|\n|t:|1699765942\n|move|p2a: Dragonite|Extreme Speed|p1a: Gliscor\n|-damage|p1a: Gliscor|0 fnt\n|faint|p1a: Gliscor\n|\n|upkeep\n|\n|t:|1699765946\n|switch|p1a: Greninja|Greninja, M|79\/100\n|turn|19\n|c|\u2606ch1ck3n nu99ets|gg\n|\n|t:|1699765951\n|move|p2a: Dragonite|Extreme Speed|p1a: Greninja\n|-damage|p1a: Greninja|0 fnt\n|faint|p1a: Greninja\n|\n|win|ch1ck3n nu99ets\n|raw|SilphGambleR's rating: 1665 &rarr; <strong>1648<\/strong><br \/>(-17 for losing)\n|raw|ch1ck3n nu99ets's rating: 1709 &rarr; <strong>1726<\/strong><br \/>(+17 for winning)\n|l|\u2606SilphGambleR\n|l|\u2606ch1ck3n nu99ets\n","uploadtime":1699766082,"views":23,"p1id":"silphgambler","p2id":"ch1ck3nnu99ets","formatid":"gen9ou","rating":1648,"private":0,"password":""}