{"id":"gen9ou-1993764951","p1":"Ruby876","p2":"Zinner02","format":"[Gen 9] OU","log":"|j|\u2606Ruby876\n|j|\u2606Zinner02\n|t:|1700354557\n|gametype|singles\n|player|p1|Ruby876|1|1120\n|player|p2|Zinner02|hilda-wonderlauncher|1204\n|teamsize|p1|6\n|teamsize|p2|6\n|gen|9\n|tier|[Gen 9] OU\n|rated|\n|rule|Sleep Clause Mod: Limit one foe put to sleep\n|rule|Species Clause: Limit one of each Pok\u00e9mon\n|rule|OHKO Clause: OHKO moves are banned\n|rule|Evasion Items Clause: Evasion items are banned\n|rule|Evasion Moves Clause: Evasion moves are banned\n|rule|Endless Battle Clause: Forcing endless battles is banned\n|rule|HP Percentage Mod: HP is shown in percentages\n|clearpoke\n|poke|p1|Rotom-Wash|\n|poke|p1|Zoroark-Hisui, M|\n|poke|p1|Dragalge, F|\n|poke|p1|Enamorus, F|\n|poke|p1|Meowscarada, F|\n|poke|p1|Maushold-Four|\n|poke|p2|Cinderace, M|\n|poke|p2|Landorus-Therian, M|\n|poke|p2|Jolteon, M|\n|poke|p2|Dragapult, M|\n|poke|p2|Grimmsnarl, M|\n|poke|p2|Grafaiai, F|\n|teampreview\n|\n|t:|1700354576\n|start\n|switch|p1a: Rotom|Rotom-Wash|100\/100\n|switch|p2a: OU forever|Landorus-Therian, M|100\/100\n|-ability|p2a: OU forever|Intimidate|boost\n|-unboost|p1a: Rotom|atk|1\n|turn|1\n|\n|t:|1700354586\n|-terastallize|p1a: Rotom|Water\n|move|p2a: OU forever|Stealth Rock|p1a: Rotom\n|-sidestart|p1: Ruby876|move: Stealth Rock\n|move|p1a: Rotom|Tera Blast|p2a: OU forever|[anim] Tera Blast Water\n|-supereffective|p2a: OU forever\n|-damage|p2a: OU forever|0 fnt\n|faint|p2a: OU forever\n|\n|upkeep\n|\n|t:|1700354594\n|switch|p2a: Jolteoff ZipZap|Jolteon, M|100\/100\n|turn|2\n|\n|t:|1700354604\n|switch|p1a: Dragalge|Dragalge, F|100\/100\n|-damage|p1a: Dragalge|88\/100|[from] Stealth Rock\n|move|p2a: Jolteoff ZipZap|Volt Switch|p1a: Dragalge\n|-resisted|p1a: Dragalge\n|-damage|p1a: Dragalge|76\/100\n|\n|t:|1700354614\n|switch|p2a: GrimmsNardo|Grimmsnarl, M|100\/100|[from] Volt Switch\n|\n|upkeep\n|turn|3\n|\n|t:|1700354618\n|move|p2a: GrimmsNardo|Parting Shot|p1a: Dragalge\n|-unboost|p1a: Dragalge|atk|1\n|-unboost|p1a: Dragalge|spa|1\n|\n|t:|1700354622\n|switch|p2a: Grafitar|Grafaiai, F|100\/100|[from] Parting Shot\n|move|p1a: Dragalge|Sludge Bomb|p2a: Grafitar\n|-resisted|p2a: Grafitar\n|-damage|p2a: Grafitar|76\/100\n|\n|-heal|p2a: Grafitar|82\/100|[from] item: Leftovers\n|upkeep\n|turn|4\n|\n|t:|1700354630\n|move|p2a: Grafitar|Knock Off|p1a: Dragalge\n|-damage|p1a: Dragalge|50\/100\n|-enditem|p1a: Dragalge|Assault Vest|[from] move: Knock Off|[of] p2a: Grafitar\n|move|p1a: Dragalge|Dragon Pulse|p2a: Grafitar\n|-crit|p2a: Grafitar\n|-damage|p2a: Grafitar|0 fnt\n|faint|p2a: Grafitar\n|\n|upkeep\n|\n|t:|1700354638\n|switch|p2a: GrimmsNardo|Grimmsnarl, M|100\/100\n|turn|5\n|\n|t:|1700354643\n|move|p2a: GrimmsNardo|Light Screen|p2a: GrimmsNardo\n|-sidestart|p2: Zinner02|move: Light Screen\n|move|p1a: Dragalge|Sludge Bomb|p2a: GrimmsNardo\n|-supereffective|p2a: GrimmsNardo\n|-damage|p2a: GrimmsNardo|74\/100\n|\n|upkeep\n|turn|6\n|\n|t:|1700354649\n|switch|p1a: Maushold|Maushold-Four|100\/100\n|-damage|p1a: Maushold|88\/100|[from] Stealth Rock\n|move|p2a: GrimmsNardo|Spirit Break|p1a: Maushold\n|-damage|p1a: Maushold|42\/100\n|-unboost|p1a: Maushold|spa|1\n|\n|upkeep\n|turn|7\n|\n|t:|1700354658\n|move|p2a: GrimmsNardo|Parting Shot|p1a: Maushold\n|-unboost|p1a: Maushold|atk|1\n|-unboost|p1a: Maushold|spa|1\n|\n|t:|1700354664\n|switch|p2a: Dragaput*s|Dragapult, M|100\/100|[from] Parting Shot\n|move|p1a: Maushold|Tidy Up|p1a: Maushold\n|-sideend|p1: Ruby876|Stealth Rock\n|-activate|p1a: Maushold|move: Tidy Up\n|-boost|p1a: Maushold|atk|1\n|-boost|p1a: Maushold|spe|1\n|\n|upkeep\n|turn|8\n|\n|t:|1700354672\n|move|p1a: Maushold|Shadow Claw|p2a: Dragaput*s\n|-supereffective|p2a: Dragaput*s\n|-damage|p2a: Dragaput*s|58\/100\n|move|p2a: Dragaput*s|U-turn|p1a: Maushold\n|-damage|p1a: Maushold|17\/100\n|\n|t:|1700354679\n|switch|p2a: GrimmsNardo|Grimmsnarl, M|74\/100|[from] U-turn\n|\n|upkeep\n|turn|9\n|\n|t:|1700354685\n|switch|p1a: Enamorus|Enamorus, F|100\/100\n|move|p2a: GrimmsNardo|Reflect|p2a: GrimmsNardo\n|-sidestart|p2: Zinner02|Reflect\n|\n|upkeep\n|turn|10\n|\n|t:|1700354697\n|move|p2a: GrimmsNardo|Parting Shot|p1a: Enamorus\n|-unboost|p1a: Enamorus|atk|1\n|-unboost|p1a: Enamorus|spa|1\n|\n|t:|1700354701\n|switch|p2a: Jolteoff ZipZap|Jolteon, M|100\/100|[from] Parting Shot\n|move|p1a: Enamorus|Draining Kiss|p2a: Jolteoff ZipZap\n|-damage|p2a: Jolteoff ZipZap|91\/100\n|\n|upkeep\n|turn|11\n|\n|t:|1700354713\n|switch|p1a: Meowscarada|Meowscarada, F|100\/100\n|move|p2a: Jolteoff ZipZap|Volt Switch|p1a: Meowscarada\n|-resisted|p1a: Meowscarada\n|-crit|p1a: Meowscarada\n|-damage|p1a: Meowscarada|39\/100\n|\n|t:|1700354720\n|switch|p2a: Dragaput*s|Dragapult, M|58\/100|[from] Volt Switch\n|\n|upkeep\n|turn|12\n|\n|t:|1700354736\n|switch|p1a: Maushold|Maushold-Four|17\/100\n|move|p2a: Dragaput*s|U-turn|p1a: Maushold\n|-damage|p1a: Maushold|0 fnt\n|faint|p1a: Maushold\n|\n|t:|1700354747\n|switch|p2a: Jolteoff ZipZap|Jolteon, M|91\/100|[from] U-turn\n|\n|-sideend|p2: Zinner02|move: Light Screen\n|upkeep\n|\n|t:|1700354754\n|switch|p1a: Meowscarada|Meowscarada, F|39\/100\n|turn|13\n|\n|t:|1700354773\n|move|p2a: Jolteoff ZipZap|Volt Switch|p1a: Meowscarada\n|-resisted|p1a: Meowscarada\n|-damage|p1a: Meowscarada|2\/100\n|\n|t:|1700354777\n|switch|p2a: GrimmsNardo|Grimmsnarl, M|74\/100|[from] Volt Switch\n|move|p1a: Meowscarada|Brick Break|p2a: GrimmsNardo\n|-start|p1a: Meowscarada|typechange|Fighting|[from] ability: Protean\n|-sideend|p2: Zinner02|Reflect\n|-damage|p2a: GrimmsNardo|15\/100\n|\n|upkeep\n|turn|14\n|\n|t:|1700354784\n|move|p2a: GrimmsNardo|Parting Shot|p1a: Meowscarada\n|-unboost|p1a: Meowscarada|atk|1\n|-unboost|p1a: Meowscarada|spa|1\n|\n|t:|1700354788\n|switch|p2a: Jolteoff ZipZap|Jolteon, M|91\/100|[from] Parting Shot\n|move|p1a: Meowscarada|Brick Break|p2a: Jolteoff ZipZap\n|-damage|p2a: Jolteoff ZipZap|24\/100\n|\n|upkeep\n|turn|15\n|\n|t:|1700354796\n|move|p2a: Jolteoff ZipZap|Volt Switch|p1a: Meowscarada\n|-damage|p1a: Meowscarada|0 fnt\n|faint|p1a: Meowscarada\n|\n|t:|1700354798\n|switch|p2a: GrimmsNardo|Grimmsnarl, M|15\/100|[from] Volt Switch\n|\n|upkeep\n|\n|t:|1700354805\n|switch|p1a: Enamorus|Enamorus, F|100\/100\n|turn|16\n|\n|t:|1700354808\n|move|p2a: GrimmsNardo|Light Screen|p2a: GrimmsNardo\n|-sidestart|p2: Zinner02|move: Light Screen\n|move|p1a: Enamorus|Draining Kiss|p2a: GrimmsNardo\n|-supereffective|p2a: GrimmsNardo\n|-damage|p2a: GrimmsNardo|0 fnt\n|faint|p2a: GrimmsNardo\n|\n|upkeep\n|\n|t:|1700354817\n|switch|p2a: Jolteoff ZipZap|Jolteon, M|24\/100\n|turn|17\n|\n|t:|1700354822\n|move|p2a: Jolteoff ZipZap|Thunderbolt|p1a: Enamorus\n|-supereffective|p1a: Enamorus\n|-damage|p1a: Enamorus|0 fnt\n|faint|p1a: Enamorus\n|\n|upkeep\n|\n|t:|1700354827\n|switch|p1a: Rotom|Rotom-Wash, tera:Water|100\/100\n|turn|18\n|\n|t:|1700354832\n|move|p2a: Jolteoff ZipZap|Thunderbolt|p1a: Rotom\n|-supereffective|p1a: Rotom\n|-damage|p1a: Rotom|0 fnt\n|faint|p1a: Rotom\n|\n|upkeep\n|\n|t:|1700354841\n|switch|p1a: Dragalge|Dragalge, F|50\/100\n|turn|19\n|\n|t:|1700354846\n|switch|p2a: Siuuu|Cinderace, M|100\/100\n|move|p1a: Dragalge|Dragon Pulse|p2a: Siuuu\n|-damage|p2a: Siuuu|65\/100\n|\n|upkeep\n|turn|20\n|\n|t:|1700354857\n|move|p2a: Siuuu|Pyro Ball|p1a: Dragalge\n|-resisted|p1a: Dragalge\n|-damage|p1a: Dragalge|15\/100\n|move|p1a: Dragalge|Sludge Bomb|p2a: Siuuu\n|-damage|p2a: Siuuu|25\/100\n|\n|upkeep\n|turn|21\n|\n|t:|1700354864\n|move|p2a: Siuuu|U-turn|p1a: Dragalge\n|-start|p2a: Siuuu|typechange|Bug|[from] ability: Libero\n|-resisted|p1a: Dragalge\n|-damage|p1a: Dragalge|0 fnt\n|faint|p1a: Dragalge\n|\n|t:|1700354872\n|switch|p2a: Jolteoff ZipZap|Jolteon, M|24\/100|[from] U-turn\n|\n|upkeep\n|\n|t:|1700354876\n|switch|p1a: Zoroark|Zoroark-Hisui, M|100\/100\n|turn|22\n|\n|t:|1700354879\n|move|p2a: Jolteoff ZipZap|Thunderbolt|p1a: Zoroark\n|-enditem|p1a: Zoroark|Focus Sash\n|-damage|p1a: Zoroark|1\/100\n|move|p1a: Zoroark|Shadow Ball|p2a: Jolteoff ZipZap\n|-damage|p2a: Jolteoff ZipZap|0 fnt\n|faint|p2a: Jolteoff ZipZap\n|\n|upkeep\n|\n|t:|1700354887\n|switch|p2a: Siuuu|Cinderace, M|25\/100\n|turn|23\n|\n|t:|1700354892\n|move|p2a: Siuuu|Court Change|p2a: Siuuu\n|-start|p2a: Siuuu|typechange|Normal|[from] ability: Libero\n|-swapsideconditions\n|-activate|p2a: Siuuu|move: Court Change\n|move|p1a: Zoroark|Shadow Ball|p2a: Siuuu\n|-immune|p2a: Siuuu\n|\n|-sideend|p1: Ruby876|move: Light Screen\n|upkeep\n|turn|24\n|\n|t:|1700354900\n|move|p2a: Siuuu|U-turn|p1a: Zoroark\n|-resisted|p1a: Zoroark\n|-damage|p1a: Zoroark|0 fnt\n|faint|p1a: Zoroark\n|\n|win|Zinner02\n|raw|Ruby876's rating: 1120 &rarr; <strong>1101<\/strong><br \/>(-19 for losing)\n|raw|Zinner02's rating: 1204 &rarr; <strong>1223<\/strong><br \/>(+19 for winning)\n|l|\u2606Ruby876\n","uploadtime":1700354994,"views":14,"p1id":"ruby876","p2id":"zinner02","formatid":"gen9ou","rating":1101,"private":0,"password":""}