{"id":"gen9ou-1997095202","p1":"Dylan in the MA","p2":"Lomiskull","format":"[Gen 9] OU","log":"|j|\u2606Dylan in the MA\n|j|\u2606Lomiskull\n|t:|1700764006\n|gametype|singles\n|player|p1|Dylan in the MA|rood|\n|player|p2|Lomiskull|drayden|\n|teamsize|p1|6\n|teamsize|p2|6\n|gen|9\n|tier|[Gen 9] OU\n|rule|Sleep Clause Mod: Limit one foe put to sleep\n|rule|Species Clause: Limit one of each Pok\u00e9mon\n|rule|OHKO Clause: OHKO moves are banned\n|rule|Evasion Items Clause: Evasion items are banned\n|rule|Evasion Moves Clause: Evasion moves are banned\n|rule|Endless Battle Clause: Forcing endless battles is banned\n|rule|HP Percentage Mod: HP is shown in percentages\n|clearpoke\n|poke|p1|Ninetales-Alola, M|\n|poke|p1|Rillaboom, F|\n|poke|p1|Hatterene, F|\n|poke|p1|Clefable, M|\n|poke|p1|Slowking-Galar, F|\n|poke|p1|Great Tusk|\n|poke|p2|Noivern, F|\n|poke|p2|Kingambit, F|\n|poke|p2|Umbreon, F|\n|poke|p2|Dragonite, M|\n|poke|p2|Goodra-Hisui, M|\n|poke|p2|Dragapult, M|\n|teampreview\n|\n|t:|1700764032\n|start\n|switch|p1a: Sol o|Great Tusk|100\/100\n|switch|p2a: Water Snail|Goodra-Hisui, M|100\/100\n|turn|1\n|\n|t:|1700764046\n|switch|p2a: Steel Boom|Noivern, F|100\/100\n|move|p1a: Sol o|Headlong Rush|p2a: Steel Boom\n|-immune|p2a: Steel Boom\n|\n|upkeep\n|turn|2\n|\n|t:|1700764060\n|-end|p1a: Sol o|Protosynthesis|[silent]\n|switch|p1a: Eau revoir|Slowking-Galar, F|100\/100\n|move|p2a: Steel Boom|Boomburst|p1a: Eau revoir\n|-damage|p1a: Eau revoir|77\/100\n|\n|upkeep\n|turn|3\n|\n|t:|1700764077\n|move|p2a: Steel Boom|Draco Meteor|p1a: Eau revoir\n|-damage|p1a: Eau revoir|44\/100\n|-unboost|p2a: Steel Boom|spa|2\n|-enditem|p1a: Eau revoir|Sitrus Berry|[eat]\n|-heal|p1a: Eau revoir|69\/100|[from] item: Sitrus Berry\n|move|p1a: Eau revoir|Chilly Reception|p1a: Eau revoir\n|-weather|Snow\n|\n|t:|1700764094\n|switch|p1a: Ice kyubi|Ninetales-Alola, M|100\/100|[from] Chilly Reception\n|\n|-weather|Snow|[upkeep]\n|upkeep\n|turn|4\n|\n|t:|1700764102\n|switch|p2a: King Fly|Kingambit, F|100\/100\n|move|p1a: Ice kyubi|Aurora Veil|p1a: Ice kyubi\n|-sidestart|p1: Dylan in the MA|move: Aurora Veil\n|\n|-weather|Snow|[upkeep]\n|upkeep\n|turn|5\n|\n|t:|1700764117\n|move|p1a: Ice kyubi|Moonblast|p2a: King Fly\n|-damage|p2a: King Fly|60\/100\n|-unboost|p2a: King Fly|spa|1\n|move|p2a: King Fly|Brick Break|p1a: Ice kyubi\n|-sideend|p1: Dylan in the MA|move: Aurora Veil\n|-damage|p1a: Ice kyubi|75\/100\n|\n|-weather|Snow|[upkeep]\n|upkeep\n|turn|6\n|\n|t:|1700764128\n|move|p1a: Ice kyubi|Aurora Veil|p1a: Ice kyubi\n|-sidestart|p1: Dylan in the MA|move: Aurora Veil\n|move|p2a: King Fly|Swords Dance|p2a: King Fly\n|-boost|p2a: King Fly|atk|2\n|\n|-weather|Snow|[upkeep]\n|upkeep\n|turn|7\n|\n|t:|1700764136\n|move|p1a: Ice kyubi|Encore|p2a: King Fly\n|-start|p2a: King Fly|Encore\n|move|p2a: King Fly|Swords Dance|p2a: King Fly\n|-boost|p2a: King Fly|atk|2\n|\n|-weather|none\n|upkeep\n|turn|8\n|\n|t:|1700764147\n|-end|p2a: King Fly|fallenundefined|[silent]\n|switch|p2a: Water Snail|Goodra-Hisui, M|100\/100\n|move|p1a: Ice kyubi|Moonblast|p2a: Water Snail\n|-damage|p2a: Water Snail|78\/100\n|-unboost|p2a: Water Snail|spa|1\n|\n|-heal|p2a: Water Snail|84\/100|[from] item: Leftovers\n|upkeep\n|turn|9\n|\n|t:|1700764159\n|switch|p1a: Eau revoir|Slowking-Galar, F|100\/100\n|move|p2a: Water Snail|Acid Armor|p2a: Water Snail\n|-boost|p2a: Water Snail|def|2\n|\n|-heal|p2a: Water Snail|90\/100|[from] item: Leftovers\n|upkeep\n|turn|10\n|\n|t:|1700764173\n|move|p2a: Water Snail|Acid Spray|p1a: Eau revoir\n|-resisted|p1a: Eau revoir\n|-damage|p1a: Eau revoir|99\/100\n|-unboost|p1a: Eau revoir|spd|2\n|move|p1a: Eau revoir|Yawn|p2a: Water Snail\n|-start|p2a: Water Snail|move: Yawn|[of] p1a: Eau revoir\n|\n|-heal|p2a: Water Snail|96\/100|[from] item: Leftovers\n|upkeep\n|turn|11\n|\n|t:|1700764185\n|switch|p2a: La F\u00e9e.ss\u00e9e|Dragapult, M|100\/100\n|move|p1a: Eau revoir|Chilly Reception|p1a: Eau revoir\n|-weather|Snow\n|\n|t:|1700764192\n|switch|p1a: Sol o|Great Tusk|100\/100|[from] Chilly Reception\n|\n|-weather|Snow|[upkeep]\n|upkeep\n|turn|12\n|\n|t:|1700764210\n|switch|p2a: Smaug Normal|Dragonite, M|100\/100\n|move|p1a: Sol o|Knock Off|p2a: Smaug Normal\n|-damage|p2a: Smaug Normal|81\/100\n|-enditem|p2a: Smaug Normal|Lum Berry|[from] move: Knock Off|[of] p1a: Sol o\n|\n|-weather|Snow|[upkeep]\n|upkeep\n|turn|13\n|\n|t:|1700764222\n|-end|p1a: Sol o|Protosynthesis|[silent]\n|switch|p1a: Eau my God|Clefable, M|100\/100\n|move|p2a: Smaug Normal|Dragon Dance|p2a: Smaug Normal\n|-boost|p2a: Smaug Normal|atk|1\n|-boost|p2a: Smaug Normal|spe|1\n|\n|-weather|Snow|[upkeep]\n|-sideend|p1: Dylan in the MA|move: Aurora Veil\n|upkeep\n|turn|14\n|\n|t:|1700764234\n|switch|p2a: Water Snail|Goodra-Hisui, M|96\/100\n|move|p1a: Eau my God|Calm Mind|p1a: Eau my God\n|-boost|p1a: Eau my God|spa|1\n|-boost|p1a: Eau my God|spd|1\n|\n|-weather|Snow|[upkeep]\n|-heal|p2a: Water Snail|100\/100|[from] item: Leftovers\n|upkeep\n|turn|15\n|\n|t:|1700764250\n|-terastallize|p1a: Eau my God|Water\n|move|p1a: Eau my God|Calm Mind|p1a: Eau my God\n|-boost|p1a: Eau my God|spa|1\n|-boost|p1a: Eau my God|spd|1\n|move|p2a: Water Snail|Acid Spray|p1a: Eau my God\n|-damage|p1a: Eau my God|95\/100\n|-unboost|p1a: Eau my God|spd|2\n|\n|-weather|none\n|-heal|p1a: Eau my God|100\/100|[from] item: Leftovers\n|upkeep\n|turn|16\n|\n|t:|1700764266\n|move|p1a: Eau my God|Flamethrower|p2a: Water Snail\n|-damage|p2a: Water Snail|77\/100\n|-status|p2a: Water Snail|brn\n|move|p2a: Water Snail|Acid Armor|p2a: Water Snail\n|-boost|p2a: Water Snail|def|2\n|\n|-heal|p2a: Water Snail|83\/100 brn|[from] item: Leftovers\n|-damage|p2a: Water Snail|77\/100 brn|[from] brn\n|upkeep\n|turn|17\n|\n|t:|1700764280\n|move|p1a: Eau my God|Calm Mind|p1a: Eau my God\n|-boost|p1a: Eau my God|spa|1\n|-boost|p1a: Eau my God|spd|1\n|move|p2a: Water Snail|Acid Spray|p1a: Eau my God\n|-damage|p1a: Eau my God|92\/100\n|-unboost|p1a: Eau my God|spd|2\n|\n|-heal|p1a: Eau my God|98\/100|[from] item: Leftovers\n|-heal|p2a: Water Snail|83\/100 brn|[from] item: Leftovers\n|-damage|p2a: Water Snail|77\/100 brn|[from] brn\n|upkeep\n|turn|18\n|\n|t:|1700764300\n|move|p1a: Eau my God|Moonblast|p2a: Water Snail\n|-damage|p2a: Water Snail|28\/100 brn\n|move|p2a: Water Snail|Acid Spray|p1a: Eau my God\n|-damage|p1a: Eau my God|81\/100\n|-unboost|p1a: Eau my God|spd|2\n|\n|-heal|p1a: Eau my God|87\/100|[from] item: Leftovers\n|-heal|p2a: Water Snail|34\/100 brn|[from] item: Leftovers\n|-damage|p2a: Water Snail|28\/100 brn|[from] brn\n|upkeep\n|turn|19\n|\n|t:|1700764316\n|move|p1a: Eau my God|Moonblast|p2a: Water Snail\n|-damage|p2a: Water Snail|0 fnt\n|faint|p2a: Water Snail\n|\n|-heal|p1a: Eau my God|93\/100|[from] item: Leftovers\n|upkeep\n|\n|t:|1700764324\n|switch|p2a: La F\u00e9e.ss\u00e9e|Dragapult, M|100\/100\n|turn|20\n|\n|t:|1700764333\n|switch|p1a: Ice kyubi|Ninetales-Alola, M|75\/100\n|-weather|Snow|[from] ability: Snow Warning|[of] p1a: Ice kyubi\n|-terastallize|p2a: La F\u00e9e.ss\u00e9e|Fairy\n|move|p2a: La F\u00e9e.ss\u00e9e|Thunderbolt|p1a: Ice kyubi\n|-damage|p1a: Ice kyubi|28\/100\n|-status|p1a: Ice kyubi|par\n|\n|-weather|Snow|[upkeep]\n|upkeep\n|turn|21\n|\n|t:|1700764352\n|switch|p2a: Mist Ghost|Umbreon, F|100\/100\n|move|p1a: Ice kyubi|Aurora Veil|p1a: Ice kyubi\n|-sidestart|p1: Dylan in the MA|move: Aurora Veil\n|\n|-weather|Snow|[upkeep]\n|upkeep\n|turn|22\n|\n|t:|1700764365\n|switch|p1a: Plante Kong|Rillaboom, F|100\/100\n|-fieldstart|move: Grassy Terrain|[from] ability: Grassy Surge|[of] p1a: Plante Kong\n|move|p2a: Mist Ghost|Wish|p2a: Mist Ghost\n|\n|-weather|Snow|[upkeep]\n|upkeep\n|turn|23\n|\n|t:|1700764373\n|switch|p2a: Smaug Normal|Dragonite, M|81\/100\n|move|p1a: Plante Kong|U-turn|p2a: Smaug Normal\n|-resisted|p2a: Smaug Normal\n|-damage|p2a: Smaug Normal|69\/100\n|\n|t:|1700764382\n|switch|p1a: Eau my God|Clefable, M, tera:Water|93\/100|[from] U-turn\n|\n|-weather|Snow|[upkeep]\n|-heal|p2a: Smaug Normal|100\/100|[from] move: Wish|[wisher] Mist Ghost\n|-heal|p1a: Eau my God|99\/100|[from] Grassy Terrain\n|-heal|p1a: Eau my God|100\/100|[from] item: Leftovers\n|upkeep\n|turn|24\n|\n|t:|1700764394\n|switch|p2a: King Fly|Kingambit, F|60\/100\n|-activate|p2a: King Fly|ability: Supreme Overlord\n|-start|p2a: King Fly|fallen1|[silent]\n|move|p1a: Eau my God|Calm Mind|p1a: Eau my God\n|-boost|p1a: Eau my God|spa|1\n|-boost|p1a: Eau my God|spd|1\n|\n|-weather|none\n|-heal|p2a: King Fly|66\/100|[from] Grassy Terrain\n|upkeep\n|turn|25\n|\n|t:|1700764411\n|move|p1a: Eau my God|Flamethrower|p2a: King Fly\n|-supereffective|p2a: King Fly\n|-damage|p2a: King Fly|0 fnt\n|faint|p2a: King Fly\n|-end|p2a: King Fly|fallen1|[silent]\n|\n|upkeep\n|\n|t:|1700764431\n|switch|p2a: La F\u00e9e.ss\u00e9e|Dragapult, M, tera:Fairy|100\/100\n|turn|26\n|\n|t:|1700764440\n|move|p2a: La F\u00e9e.ss\u00e9e|Thunderbolt|p1a: Eau my God\n|-supereffective|p1a: Eau my God\n|-damage|p1a: Eau my God|74\/100\n|move|p1a: Eau my God|Calm Mind|p1a: Eau my God\n|-boost|p1a: Eau my God|spa|1\n|-boost|p1a: Eau my God|spd|1\n|\n|-heal|p1a: Eau my God|80\/100|[from] Grassy Terrain\n|-heal|p1a: Eau my God|86\/100|[from] item: Leftovers\n|-fieldend|move: Grassy Terrain\n|upkeep\n|turn|27\n|\n|t:|1700764452\n|move|p2a: La F\u00e9e.ss\u00e9e|Thunderbolt|p1a: Eau my God\n|-supereffective|p1a: Eau my God\n|-damage|p1a: Eau my God|66\/100\n|move|p1a: Eau my God|Calm Mind|p1a: Eau my God\n|-boost|p1a: Eau my God|spa|1\n|-boost|p1a: Eau my God|spd|1\n|\n|-heal|p1a: Eau my God|72\/100|[from] item: Leftovers\n|upkeep\n|turn|28\n|\n|t:|1700764462\n|move|p2a: La F\u00e9e.ss\u00e9e|Thunderbolt|p1a: Eau my God\n|-supereffective|p1a: Eau my God\n|-damage|p1a: Eau my God|56\/100\n|move|p1a: Eau my God|Moonblast|p2a: La F\u00e9e.ss\u00e9e\n|-damage|p2a: La F\u00e9e.ss\u00e9e|0 fnt\n|faint|p2a: La F\u00e9e.ss\u00e9e\n|\n|-heal|p1a: Eau my God|62\/100|[from] item: Leftovers\n|-sideend|p1: Dylan in the MA|move: Aurora Veil\n|upkeep\n|\n|t:|1700764474\n|switch|p2a: Steel Boom|Noivern, F|100\/100\n|turn|29\n|\n|t:|1700764480\n|move|p2a: Steel Boom|Draco Meteor|p1a: Eau my God|[miss]\n|-miss|p2a: Steel Boom|p1a: Eau my God\n|move|p1a: Eau my God|Moonblast|p2a: Steel Boom\n|-supereffective|p2a: Steel Boom\n|-damage|p2a: Steel Boom|0 fnt\n|faint|p2a: Steel Boom\n|\n|-heal|p1a: Eau my God|68\/100|[from] item: Leftovers\n|upkeep\n|\n|t:|1700764490\n|switch|p2a: Mist Ghost|Umbreon, F|100\/100\n|turn|30\n|\n|t:|1700764494\n|move|p1a: Eau my God|Moonblast|p2a: Mist Ghost\n|-supereffective|p2a: Mist Ghost\n|-damage|p2a: Mist Ghost|0 fnt\n|faint|p2a: Mist Ghost\n|\n|-heal|p1a: Eau my God|74\/100|[from] item: Leftovers\n|upkeep\n|\n|t:|1700764503\n|switch|p2a: Smaug Normal|Dragonite, M|100\/100\n|turn|31\n|\n|t:|1700764507\n|move|p2a: Smaug Normal|Extreme Speed|p1a: Eau my God\n|-damage|p1a: Eau my God|50\/100\n|move|p1a: Eau my God|Moonblast|p2a: Smaug Normal\n|-supereffective|p2a: Smaug Normal\n|-damage|p2a: Smaug Normal|38\/100\n|-unboost|p2a: Smaug Normal|spa|1\n|\n|-heal|p1a: Eau my God|56\/100|[from] item: Leftovers\n|upkeep\n|turn|32\n|\n|t:|1700764518\n|move|p2a: Smaug Normal|Extreme Speed|p1a: Eau my God\n|-damage|p1a: Eau my God|32\/100\n|move|p1a: Eau my God|Moonblast|p2a: Smaug Normal\n|-supereffective|p2a: Smaug Normal\n|-damage|p2a: Smaug Normal|0 fnt\n|faint|p2a: Smaug Normal\n|\n|win|Dylan in the MA\n|l|\u2606Lomiskull\n","uploadtime":1700764530,"views":4,"p1id":"dylaninthema","p2id":"lomiskull","formatid":"gen9ou","rating":0,"private":0,"password":""}