{"id":"gen9ou-1997414723","p1":"Dugtrio Is Broken","p2":"Qwer2.0","format":"[Gen 9] OU","log":"|j|\u2606Dugtrio Is Broken\n|j|\u2606Qwer2.0\n|t:|1700801444\n|gametype|singles\n|player|p1|Dugtrio Is Broken|nanu|1368\n|player|p2|Qwer2.0|169|1433\n|teamsize|p1|6\n|teamsize|p2|6\n|gen|9\n|tier|[Gen 9] OU\n|rated|\n|rule|Sleep Clause Mod: Limit one foe put to sleep\n|rule|Species Clause: Limit one of each Pok\u00e9mon\n|rule|OHKO Clause: OHKO moves are banned\n|rule|Evasion Items Clause: Evasion items are banned\n|rule|Evasion Moves Clause: Evasion moves are banned\n|rule|Endless Battle Clause: Forcing endless battles is banned\n|rule|HP Percentage Mod: HP is shown in percentages\n|clearpoke\n|poke|p1|Ribombee, F|\n|poke|p1|Yanmega, F|\n|poke|p1|Ogerpon-Wellspring, F|\n|poke|p1|Kingambit, M|\n|poke|p1|Great Tusk|\n|poke|p1|Gholdengo|\n|poke|p2|Iron Valiant|\n|poke|p2|Walking Wake|\n|poke|p2|Gholdengo|\n|poke|p2|Cinderace, M|\n|poke|p2|Kingambit, M|\n|poke|p2|Ogerpon-Wellspring, F|\n|teampreview\n|\n|t:|1700801454\n|start\n|switch|p1a: Great Tusk|Great Tusk|100\/100\n|switch|p2a: Cinderace|Cinderace, M|100\/100\n|-enditem|p1a: Great Tusk|Booster Energy\n|-activate|p1a: Great Tusk|ability: Protosynthesis|[fromitem]\n|-start|p1a: Great Tusk|protosynthesisatk\n|turn|1\n|\n|t:|1700801462\n|move|p2a: Cinderace|U-turn|p1a: Great Tusk\n|-start|p2a: Cinderace|typechange|Bug|[from] ability: Libero\n|-resisted|p1a: Great Tusk\n|-damage|p1a: Great Tusk|88\/100\n|\n|t:|1700801466\n|switch|p2a: Iron Valiant|Iron Valiant|100\/100|[from] U-turn\n|-enditem|p2a: Iron Valiant|Booster Energy\n|-activate|p2a: Iron Valiant|ability: Quark Drive|[fromitem]\n|-start|p2a: Iron Valiant|quarkdrivespe\n|move|p1a: Great Tusk|Stealth Rock|p2a: Iron Valiant\n|-sidestart|p2: Qwer2.0|move: Stealth Rock\n|\n|upkeep\n|turn|2\n|\n|t:|1700801472\n|move|p2a: Iron Valiant|Moonblast|p1a: Great Tusk\n|-supereffective|p1a: Great Tusk\n|-damage|p1a: Great Tusk|0 fnt\n|faint|p1a: Great Tusk\n|-end|p1a: Great Tusk|Protosynthesis|[silent]\n|\n|upkeep\n|\n|t:|1700801482\n|switch|p1a: Yanmega|Yanmega, F|100\/100\n|turn|3\n|\n|t:|1700801488\n|move|p2a: Iron Valiant|Thunderbolt|p1a: Yanmega\n|-supereffective|p1a: Yanmega\n|-damage|p1a: Yanmega|0 fnt\n|faint|p1a: Yanmega\n|\n|upkeep\n|\n|t:|1700801494\n|switch|p1a: Mr Bombastick|Ribombee, F|100\/100\n|turn|4\n|\n|t:|1700801498\n|move|p2a: Iron Valiant|Moonblast|p1a: Mr Bombastick\n|-crit|p1a: Mr Bombastick\n|-enditem|p1a: Mr Bombastick|Focus Sash\n|-damage|p1a: Mr Bombastick|1\/100\n|move|p1a: Mr Bombastick|Sticky Web|p2a: Iron Valiant\n|-sidestart|p2: Qwer2.0|move: Sticky Web\n|\n|upkeep\n|turn|5\n|\n|t:|1700801503\n|move|p2a: Iron Valiant|Moonblast|p1a: Mr Bombastick\n|-damage|p1a: Mr Bombastick|0 fnt\n|faint|p1a: Mr Bombastick\n|\n|upkeep\n|\n|t:|1700801507\n|switch|p1a: Gholdengo|Gholdengo|100\/100\n|-item|p1a: Gholdengo|Air Balloon\n|turn|6\n|\n|t:|1700801513\n|move|p2a: Iron Valiant|Destiny Bond|p2a: Iron Valiant\n|-singlemove|p2a: Iron Valiant|Destiny Bond\n|move|p1a: Gholdengo|Make It Rain|p2a: Iron Valiant\n|-supereffective|p2a: Iron Valiant\n|-damage|p2a: Iron Valiant|0 fnt\n|-unboost|p1a: Gholdengo|spa|1\n|faint|p2a: Iron Valiant\n|-activate|p2a: Iron Valiant|move: Destiny Bond\n|-end|p2a: Iron Valiant|Quark Drive|[silent]\n|faint|p1a: Gholdengo\n|\n|upkeep\n|\n|t:|1700801516\n|switch|p2a: Cinderace|Cinderace, M|100\/100\n|switch|p1a: Ogerpon|Ogerpon-Wellspring, F|100\/100\n|turn|7\n|\n|t:|1700801526\n|move|p2a: Cinderace|Pyro Ball|p1a: Ogerpon\n|-damage|p1a: Ogerpon|28\/100\n|move|p1a: Ogerpon|Encore|p2a: Cinderace\n|-start|p2a: Cinderace|Encore\n|\n|upkeep\n|turn|8\n|\n|t:|1700801531\n|move|p2a: Cinderace|Pyro Ball|p1a: Ogerpon\n|-damage|p1a: Ogerpon|0 fnt\n|faint|p1a: Ogerpon\n|\n|upkeep\n|\n|t:|1700801535\n|switch|p1a: Kingambit|Kingambit, M|100\/100\n|-activate|p1a: Kingambit|ability: Supreme Overlord\n|-start|p1a: Kingambit|fallen5|[silent]\n|turn|9\n|\n|t:|1700801551\n|-terastallize|p2a: Cinderace|Fire\n|-terastallize|p1a: Kingambit|Fire\n|move|p2a: Cinderace|Pyro Ball|p1a: Kingambit\n|-resisted|p1a: Kingambit\n|-damage|p1a: Kingambit|65\/100\n|move|p1a: Kingambit|Swords Dance|p1a: Kingambit\n|-boost|p1a: Kingambit|atk|2\n|\n|-heal|p1a: Kingambit|71\/100|[from] item: Leftovers\n|upkeep\n|turn|10\n|\n|t:|1700801557\n|move|p1a: Kingambit|Sucker Punch|p2a: Cinderace\n|-damage|p2a: Cinderace|0 fnt\n|faint|p2a: Cinderace\n|\n|-heal|p1a: Kingambit|77\/100|[from] item: Leftovers\n|upkeep\n|\n|t:|1700801579\n|switch|p2a: Walking Wake|Walking Wake|100\/100\n|-damage|p2a: Walking Wake|88\/100|[from] Stealth Rock\n|-activate|p2a: Walking Wake|move: Sticky Web\n|-unboost|p2a: Walking Wake|spe|1\n|-enditem|p2a: Walking Wake|Booster Energy\n|-activate|p2a: Walking Wake|ability: Protosynthesis|[fromitem]\n|-start|p2a: Walking Wake|protosynthesisspa\n|turn|11\n|\n|t:|1700801584\n|move|p1a: Kingambit|Sucker Punch||[still]\n|-fail|p1a: Kingambit\n|move|p2a: Walking Wake|Agility|p2a: Walking Wake\n|-boost|p2a: Walking Wake|spe|2\n|\n|-heal|p1a: Kingambit|83\/100|[from] item: Leftovers\n|upkeep\n|turn|12\n|\n|t:|1700801588\n|move|p1a: Kingambit|Sucker Punch||[still]\n|-fail|p1a: Kingambit\n|move|p2a: Walking Wake|Agility|p2a: Walking Wake\n|-boost|p2a: Walking Wake|spe|2\n|\n|-heal|p1a: Kingambit|89\/100|[from] item: Leftovers\n|upkeep\n|turn|13\n|\n|t:|1700801594\n|move|p2a: Walking Wake|Agility|p2a: Walking Wake\n|-boost|p2a: Walking Wake|spe|2\n|move|p1a: Kingambit|Low Kick|p2a: Walking Wake\n|-damage|p2a: Walking Wake|0 fnt\n|faint|p2a: Walking Wake\n|-end|p2a: Walking Wake|Protosynthesis|[silent]\n|\n|-heal|p1a: Kingambit|96\/100|[from] item: Leftovers\n|upkeep\n|\n|t:|1700801598\n|switch|p2a: Ogerpon|Ogerpon-Wellspring, F|100\/100\n|-damage|p2a: Ogerpon|88\/100|[from] Stealth Rock\n|-activate|p2a: Ogerpon|move: Sticky Web\n|-unboost|p2a: Ogerpon|spe|1\n|turn|14\n|\n|t:|1700801603\n|move|p1a: Kingambit|Sucker Punch||[still]\n|-fail|p1a: Kingambit\n|move|p2a: Ogerpon|Swords Dance|p2a: Ogerpon\n|-boost|p2a: Ogerpon|atk|2\n|\n|-heal|p1a: Kingambit|100\/100|[from] item: Leftovers\n|upkeep\n|turn|15\n|\n|t:|1700801610\n|move|p2a: Ogerpon|Swords Dance|p2a: Ogerpon\n|-boost|p2a: Ogerpon|atk|2\n|move|p1a: Kingambit|Low Kick|p2a: Ogerpon\n|-damage|p2a: Ogerpon|1\/100\n|\n|upkeep\n|turn|16\n|\n|t:|1700801617\n|move|p2a: Ogerpon|Swords Dance|p2a: Ogerpon\n|-boost|p2a: Ogerpon|atk|2\n|move|p1a: Kingambit|Low Kick|p2a: Ogerpon\n|-damage|p2a: Ogerpon|0 fnt\n|faint|p2a: Ogerpon\n|\n|upkeep\n|\n|t:|1700801622\n|switch|p2a: Kingambit|Kingambit, M|100\/100\n|-damage|p2a: Kingambit|94\/100|[from] Stealth Rock\n|-activate|p2a: Kingambit|move: Sticky Web\n|-unboost|p2a: Kingambit|spe|1\n|-activate|p2a: Kingambit|ability: Supreme Overlord\n|-start|p2a: Kingambit|fallen4|[silent]\n|turn|17\n|\n|t:|1700801629\n|move|p2a: Kingambit|Sucker Punch|p1a: Kingambit\n|-damage|p1a: Kingambit|48\/100\n|move|p1a: Kingambit|Low Kick|p2a: Kingambit\n|-supereffective|p2a: Kingambit\n|-damage|p2a: Kingambit|0 fnt\n|faint|p2a: Kingambit\n|-end|p2a: Kingambit|fallen4|[silent]\n|\n|-heal|p1a: Kingambit|54\/100|[from] item: Leftovers\n|upkeep\n|\n|t:|1700801632\n|switch|p2a: Gholdengo|Gholdengo|100\/100\n|-damage|p2a: Gholdengo|94\/100|[from] Stealth Rock\n|-activate|p2a: Gholdengo|move: Sticky Web\n|-unboost|p2a: Gholdengo|spe|1\n|turn|18\n|\n|t:|1700801636\n|move|p1a: Kingambit|Sucker Punch|p2a: Gholdengo\n|-supereffective|p2a: Gholdengo\n|-damage|p2a: Gholdengo|0 fnt\n|faint|p2a: Gholdengo\n|\n|win|Dugtrio Is Broken\n|raw|Dugtrio Is Broken's rating: 1368 &rarr; <strong>1392<\/strong><br \/>(+24 for winning)\n|raw|Qwer2.0's rating: 1433 &rarr; <strong>1409<\/strong><br \/>(-24 for losing)\n","uploadtime":1700801641,"views":3,"p1id":"dugtrioisbroken","p2id":"qwer20","formatid":"gen9ou","rating":1392,"private":0,"password":""}