{"id":"gen9ou-1997008281","p1":"Hazalt","p2":"snoylent","format":"[Gen 9] OU","log":"|j|\u2606Hazalt\n|j|\u2606snoylent\n|t:|1700755117\n|gametype|singles\n|player|p1|Hazalt|brendan-gen3rs|1157\n|player|p2|snoylent|169|1252\n|teamsize|p1|6\n|teamsize|p2|6\n|gen|9\n|tier|[Gen 9] OU\n|rated|\n|rule|Sleep Clause Mod: Limit one foe put to sleep\n|rule|Species Clause: Limit one of each Pok\u00e9mon\n|rule|OHKO Clause: OHKO moves are banned\n|rule|Evasion Items Clause: Evasion items are banned\n|rule|Evasion Moves Clause: Evasion moves are banned\n|rule|Endless Battle Clause: Forcing endless battles is banned\n|rule|HP Percentage Mod: HP is shown in percentages\n|clearpoke\n|poke|p1|Heatran, M|\n|poke|p1|Tornadus-Therian, M|\n|poke|p1|Ogerpon-Cornerstone, F|\n|poke|p1|Great Tusk|\n|poke|p1|Hatterene, F|\n|poke|p1|Toxapex, F|\n|poke|p2|Dragapult, M|\n|poke|p2|Great Tusk|\n|poke|p2|Gholdengo|\n|poke|p2|Samurott-Hisui, F|\n|poke|p2|Zapdos|\n|poke|p2|Ceruledge, F|\n|teampreview\n|\n|t:|1700755132\n|start\n|switch|p1a: Hatterene|Hatterene, F|100\/100\n|switch|p2a: ali|Samurott-Hisui, F, shiny|100\/100\n|turn|1\n|\n|t:|1700755140\n|move|p2a: ali|Ceaseless Edge|p1a: Hatterene\n|-damage|p1a: Hatterene|73\/100\n|-sidestart|p1: Hazalt|Spikes\n|move|p1a: Hatterene|Draining Kiss|p2a: ali\n|-supereffective|p2a: ali\n|-damage|p2a: ali|74\/100\n|-heal|p1a: Hatterene|97\/100|[from] drain|[of] p2a: ali\n|\n|-heal|p1a: Hatterene|100\/100|[from] item: Leftovers\n|upkeep\n|turn|2\n|\n|t:|1700755144\n|move|p2a: ali|Ceaseless Edge|p1a: Hatterene\n|-damage|p1a: Hatterene|74\/100\n|-sidestart|p1: Hazalt|Spikes\n|move|p1a: Hatterene|Nuzzle|p2a: ali\n|-supereffective|p2a: ali\n|-damage|p2a: ali|65\/100\n|-status|p2a: ali|par\n|\n|-heal|p1a: Hatterene|80\/100|[from] item: Leftovers\n|upkeep\n|turn|3\n|\n|t:|1700755147\n|move|p2a: ali|Razor Shell|p1a: Hatterene\n|-damage|p1a: Hatterene|49\/100\n|move|p1a: Hatterene|Draining Kiss|p2a: ali\n|-supereffective|p2a: ali\n|-damage|p2a: ali|41\/100 par\n|-heal|p1a: Hatterene|70\/100|[from] drain|[of] p2a: ali\n|\n|-heal|p1a: Hatterene|76\/100|[from] item: Leftovers\n|upkeep\n|turn|4\n|\n|t:|1700755150\n|cant|p2a: ali|par\n|move|p1a: Hatterene|Draining Kiss|p2a: ali\n|-supereffective|p2a: ali\n|-damage|p2a: ali|15\/100 par\n|-heal|p1a: Hatterene|100\/100|[from] drain|[of] p2a: ali\n|\n|upkeep\n|turn|5\n|\n|t:|1700755153\n|move|p2a: ali|Ceaseless Edge|p1a: Hatterene\n|-damage|p1a: Hatterene|74\/100\n|-sidestart|p1: Hazalt|Spikes\n|move|p1a: Hatterene|Draining Kiss|p2a: ali\n|-supereffective|p2a: ali\n|-damage|p2a: ali|0 fnt\n|-heal|p1a: Hatterene|87\/100|[from] drain|[of] p2a: ali\n|faint|p2a: ali\n|\n|-heal|p1a: Hatterene|93\/100|[from] item: Leftovers\n|upkeep\n|\n|t:|1700755155\n|switch|p2a: hussein|Ceruledge, F|100\/100\n|turn|6\n|\n|t:|1700755159\n|move|p2a: hussein|Poltergeist|p1a: Hatterene\n|-activate|p1a: Hatterene|move: Poltergeist|Leftovers\n|-supereffective|p1a: Hatterene\n|-damage|p1a: Hatterene|9\/100\n|move|p1a: Hatterene|Nuzzle|p2a: hussein\n|-damage|p2a: hussein|95\/100\n|-status|p2a: hussein|par\n|-ability|p2a: hussein|Weak Armor|boost\n|-unboost|p2a: hussein|def|1\n|-boost|p2a: hussein|spe|2\n|\n|-heal|p1a: Hatterene|15\/100|[from] item: Leftovers\n|upkeep\n|turn|7\n|\n|t:|1700755165\n|switch|p1a: Toxapex|Toxapex, F|100\/100\n|-damage|p1a: Toxapex|76\/100|[from] Spikes\n|move|p2a: hussein|Bitter Blade|p1a: Toxapex\n|-resisted|p1a: Toxapex\n|-damage|p1a: Toxapex|58\/100\n|-heal|p2a: hussein|100\/100 par|[from] drain|[of] p1a: Toxapex\n|\n|-heal|p1a: Toxapex|64\/100|[from] item: Leftovers\n|upkeep\n|turn|8\n|\n|t:|1700755170\n|switch|p2a: abu bakr|Gholdengo, shiny|100\/100\n|move|p1a: Toxapex|Haze|p1a: Toxapex\n|-clearallboost\n|\n|-heal|p1a: Toxapex|69\/100|[from] item: Leftovers\n|upkeep\n|turn|9\n|\n|t:|1700755176\n|move|p2a: abu bakr|Trick|p1a: Toxapex\n|-activate|p2a: abu bakr|move: Trick|[of] p1a: Toxapex\n|-item|p1a: Toxapex|Choice Scarf|[from] move: Trick\n|-item|p2a: abu bakr|Leftovers|[from] move: Trick\n|move|p1a: Toxapex|Recover|p1a: Toxapex\n|-heal|p1a: Toxapex|100\/100\n|\n|upkeep\n|turn|10\n|\n|t:|1700755183\n|switch|p1a: Heatran|Heatran, M|100\/100\n|-damage|p1a: Heatran|76\/100|[from] Spikes\n|move|p2a: abu bakr|Shadow Ball|p1a: Heatran\n|-damage|p1a: Heatran|49\/100\n|\n|-heal|p1a: Heatran|55\/100|[from] item: Leftovers\n|upkeep\n|turn|11\n|\n|t:|1700755188\n|switch|p2a: hussein|Ceruledge, F|100\/100 par\n|move|p1a: Heatran|Magma Storm|p2a: hussein|[miss]\n|-miss|p1a: Heatran|p2a: hussein\n|\n|-heal|p1a: Heatran|61\/100|[from] item: Leftovers\n|upkeep\n|turn|12\n|\n|t:|1700755195\n|move|p1a: Heatran|Taunt|p2a: hussein\n|-start|p2a: hussein|move: Taunt\n|move|p2a: hussein|Close Combat|p1a: Heatran\n|-supereffective|p1a: Heatran\n|-damage|p1a: Heatran|0 fnt\n|-unboost|p2a: hussein|def|1\n|-unboost|p2a: hussein|spd|1\n|faint|p1a: Heatran\n|\n|upkeep\n|inactive|Battle timer is ON: inactive players will automatically lose when time's up. (requested by snoylent)\n|\n|t:|1700755197\n|switch|p1a: Great Tusk|Great Tusk, shiny|100\/100\n|-damage|p1a: Great Tusk|76\/100|[from] Spikes\n|turn|13\n|\n|t:|1700755204\n|move|p1a: Great Tusk|Stealth Rock|p2a: hussein\n|-sidestart|p2: snoylent|move: Stealth Rock\n|move|p2a: hussein|Poltergeist|p1a: Great Tusk\n|-activate|p1a: Great Tusk|move: Poltergeist|Leftovers\n|-damage|p1a: Great Tusk|49\/100\n|\n|-heal|p1a: Great Tusk|55\/100|[from] item: Leftovers\n|upkeep\n|turn|14\n|\n|t:|1700755215\n|switch|p2a: abbas|Zapdos, shiny|100\/100\n|move|p1a: Great Tusk|Earthquake|p2a: abbas\n|-immune|p2a: abbas\n|\n|-heal|p1a: Great Tusk|61\/100|[from] item: Leftovers\n|upkeep\n|turn|15\n|\n|t:|1700755234\n|move|p2a: abbas|Hurricane|p1a: Great Tusk|[miss]\n|-miss|p2a: abbas|p1a: Great Tusk\n|move|p1a: Great Tusk|Rapid Spin|p2a: abbas\n|-damage|p2a: abbas|82\/100\n|-boost|p1a: Great Tusk|spe|1\n|-sideend|p1: Hazalt|Spikes|[from] move: Rapid Spin|[of] p1a: Great Tusk\n|\n|-heal|p1a: Great Tusk|68\/100|[from] item: Leftovers\n|upkeep\n|turn|16\n|\n|t:|1700755238\n|-end|p1a: Great Tusk|Protosynthesis|[silent]\n|switch|p1a: Toxapex|Toxapex, F|100\/100\n|move|p2a: abbas|Substitute|p2a: abbas\n|-start|p2a: abbas|Substitute\n|-damage|p2a: abbas|57\/100\n|\n|upkeep\n|turn|17\n|\n|t:|1700755245\n|move|p2a: abbas|Roost|p2a: abbas\n|-heal|p2a: abbas|100\/100\n|-singleturn|p2a: abbas|move: Roost\n|move|p1a: Toxapex|Toxic Spikes|p2a: abbas\n|-sidestart|p2: snoylent|move: Toxic Spikes\n|\n|upkeep\n|turn|18\n|\n|t:|1700755257\n|move|p2a: abbas|Hurricane|p1a: Toxapex|[miss]\n|-miss|p2a: abbas|p1a: Toxapex\n|move|p1a: Toxapex|Toxic Spikes|p2a: abbas\n|-sidestart|p2: snoylent|move: Toxic Spikes\n|\n|upkeep\n|turn|19\n|\n|t:|1700755264\n|switch|p1a: Tornadus|Tornadus-Therian, M|100\/100\n|move|p2a: abbas|Hurricane|p1a: Tornadus|[miss]\n|-miss|p2a: abbas|p1a: Tornadus\n|\n|upkeep\n|turn|20\n|\n|t:|1700755291\n|move|p1a: Tornadus|Knock Off|p2a: abbas\n|-end|p2a: abbas|Substitute\n|move|p2a: abbas|Hurricane|p1a: Tornadus|[miss]\n|-miss|p2a: abbas|p1a: Tornadus\n|\n|upkeep\n|turn|21\n|c|\u2606snoylent|holy fuck\n|\n|t:|1700755301\n|move|p1a: Tornadus|Knock Off|p2a: abbas\n|-damage|p2a: abbas|77\/100\n|-status|p1a: Tornadus|par|[from] ability: Static|[of] p2a: abbas\n|-enditem|p2a: abbas|Heavy-Duty Boots|[from] move: Knock Off|[of] p1a: Tornadus\n|move|p2a: abbas|Volt Switch|p1a: Tornadus\n|-supereffective|p1a: Tornadus\n|-damage|p1a: Tornadus|52\/100 par\n|\n|t:|1700755314\n|switch|p2a: hussein|Ceruledge, F|100\/100 par|[from] Volt Switch\n|\n|upkeep\n|turn|22\n|\n|t:|1700755321\n|switch|p1a: Toxapex|Toxapex, F|100\/100\n|move|p2a: hussein|Poltergeist|p1a: Toxapex\n|-activate|p1a: Toxapex|move: Poltergeist|Choice Scarf\n|-damage|p1a: Toxapex|62\/100\n|\n|upkeep\n|turn|23\n|\n|t:|1700755332\n|move|p1a: Toxapex|Surf|p2a: hussein\n|-supereffective|p2a: hussein\n|-damage|p2a: hussein|57\/100 par\n|cant|p2a: hussein|par\n|\n|upkeep\n|turn|24\n|\n|t:|1700755336\n|move|p1a: Toxapex|Surf|p2a: hussein\n|-supereffective|p2a: hussein\n|-damage|p2a: hussein|14\/100 par\n|move|p2a: hussein|Poltergeist|p1a: Toxapex\n|-activate|p1a: Toxapex|move: Poltergeist|Choice Scarf\n|-damage|p1a: Toxapex|22\/100\n|\n|upkeep\n|turn|25\n|\n|t:|1700755341\n|move|p1a: Toxapex|Surf|p2a: hussein\n|-supereffective|p2a: hussein\n|-damage|p2a: hussein|0 fnt\n|faint|p2a: hussein\n|\n|upkeep\n|\n|t:|1700755348\n|switch|p2a: hassan|Dragapult, M, shiny|100\/100\n|turn|26\n|\n|t:|1700755354\n|switch|p1a: Tornadus|Tornadus-Therian, M|86\/100 par\n|move|p2a: hassan|Dragon Dance|p2a: hassan\n|-boost|p2a: hassan|atk|1\n|-boost|p2a: hassan|spe|1\n|\n|upkeep\n|turn|27\n|\n|t:|1700755359\n|move|p2a: hassan|Dragon Darts|p1a: Tornadus\n|-damage|p1a: Tornadus|42\/100 par\n|-anim|p2a: hassan|Dragon Darts|p1a: Tornadus\n|-damage|p1a: Tornadus|0 fnt\n|faint|p1a: Tornadus\n|\n|upkeep\n|\n|t:|1700755365\n|switch|p1a: Ogerpon|Ogerpon-Cornerstone, F|100\/100\n|turn|28\n|\n|t:|1700755373\n|move|p2a: hassan|Dragon Darts|p1a: Ogerpon\n|-damage|p1a: Ogerpon|47\/100\n|-anim|p2a: hassan|Dragon Darts|p1a: Ogerpon\n|-damage|p1a: Ogerpon|0 fnt\n|faint|p1a: Ogerpon\n|\n|upkeep\n|\n|t:|1700755377\n|switch|p1a: Hatterene|Hatterene, F|15\/100\n|turn|29\n|\n|t:|1700755380\n|move|p2a: hassan|Phantom Force||[still]\n|-prepare|p2a: hassan|Phantom Force\n|move|p1a: Hatterene|Draining Kiss|p2a: hassan|[miss]\n|-miss|p1a: Hatterene|p2a: hassan\n|\n|-heal|p1a: Hatterene|21\/100|[from] item: Leftovers\n|upkeep\n|turn|30\n|c|\u2606Hazalt|ur not good\n|l|\u2606Hazalt\n|inactive|Hazalt disconnected and has a minute to reconnect!\n|player|p1|\n|c|\u2606snoylent|waaaa snoy\n|c|\u2606snoylent|snoyy waaaaaaaaaaa\n|c|\u2606snoylent|your wife got fucked by every man in the building\n|c|\u2606snoylent|westoid cuck\n|inactive|Hazalt has 30 seconds to reconnect!\n|inactive|Hazalt has 20 seconds to reconnect!\n|inactive|Hazalt has 15 seconds to reconnect!\n|inactive|Hazalt has 10 seconds to reconnect!\n|inactive|Hazalt has 5 seconds to reconnect!\n|-message|Hazalt lost due to inactivity.\n|\n|win|snoylent\n|raw|Hazalt's rating: 1157 &rarr; <strong>1139<\/strong><br \/>(-18 for losing)\n|raw|snoylent's rating: 1252 &rarr; <strong>1270<\/strong><br \/>(+18 for winning)\n","uploadtime":1700755411,"views":0,"p1id":"hazalt","p2id":"snoylent","formatid":"gen9ou","rating":1139,"private":0,"password":""}