{"id":"gen9ou-1996486054","p1":"mathismathin","p2":"Prav33n","format":"[Gen 9] OU","log":"|j|\u2606mathismathin\n|j|\u2606Prav33n\n|t:|1700686661\n|gametype|singles\n|player|p1|mathismathin|nate|1626\n|player|p2|Prav33n|acetrainer-gen4dp|1678\n|teamsize|p1|6\n|teamsize|p2|6\n|gen|9\n|tier|[Gen 9] OU\n|rated|\n|rule|Sleep Clause Mod: Limit one foe put to sleep\n|rule|Species Clause: Limit one of each Pok\u00e9mon\n|rule|OHKO Clause: OHKO moves are banned\n|rule|Evasion Items Clause: Evasion items are banned\n|rule|Evasion Moves Clause: Evasion moves are banned\n|rule|Endless Battle Clause: Forcing endless battles is banned\n|rule|HP Percentage Mod: HP is shown in percentages\n|clearpoke\n|poke|p1|Wo-Chien|\n|poke|p1|Weezing-Galar, F|\n|poke|p1|Blissey, F|\n|poke|p1|Cyclizar, M|\n|poke|p1|Alomomola, M|\n|poke|p1|Corviknight, M|\n|poke|p2|Landorus-Therian, M|\n|poke|p2|Weavile, M|\n|poke|p2|Gholdengo|\n|poke|p2|Great Tusk|\n|poke|p2|Cinderace, F|\n|poke|p2|Walking Wake|\n|teampreview\n|inactive|Battle timer is ON: inactive players will automatically lose when time's up. (requested by Prav33n)\n|\n|t:|1700686698\n|start\n|switch|p1a: Weezing|Weezing-Galar, F|100\/100\n|switch|p2a: Weavile|Weavile, M|100\/100\n|-ability|p1a: Weezing|Neutralizing Gas\n|turn|1\n|\n|t:|1700686702\n|switch|p2a: Cinderace|Cinderace, F|100\/100\n|move|p1a: Weezing|Will-O-Wisp|p2a: Cinderace\n|-immune|p2a: Cinderace\n|\n|upkeep\n|turn|2\n|\n|t:|1700686710\n|move|p2a: Cinderace|U-turn|p1a: Weezing\n|-resisted|p1a: Weezing\n|-damage|p1a: Weezing|97\/100\n|\n|t:|1700686713\n|switch|p2a: Gholdengo|Gholdengo|100\/100|[from] U-turn\n|-item|p2a: Gholdengo|Air Balloon\n|move|p1a: Weezing|Sludge Bomb|p2a: Gholdengo\n|-immune|p2a: Gholdengo\n|\n|upkeep\n|turn|3\n|\n|t:|1700686716\n|switch|p2a: Cinderace|Cinderace, F|100\/100\n|-end|p1a: Weezing|ability: Neutralizing Gas\n|switch|p1a: Blissey|Blissey, F|100\/100\n|\n|upkeep\n|turn|4\n|\n|t:|1700686721\n|switch|p1a: Alomomola|Alomomola, M|100\/100\n|move|p2a: Cinderace|U-turn|p1a: Alomomola\n|-start|p2a: Cinderace|typechange|Bug|[from] ability: Libero\n|-damage|p1a: Alomomola|82\/100\n|\n|t:|1700686729\n|switch|p2a: Walking Wake|Walking Wake|100\/100|[from] U-turn\n|-enditem|p2a: Walking Wake|Booster Energy\n|-activate|p2a: Walking Wake|ability: Protosynthesis|[fromitem]\n|-start|p2a: Walking Wake|protosynthesisspa\n|\n|-heal|p1a: Alomomola|88\/100|[from] item: Leftovers\n|upkeep\n|turn|5\n|\n|t:|1700686732\n|move|p2a: Walking Wake|Surf|p1a: Alomomola\n|-resisted|p1a: Alomomola\n|-damage|p1a: Alomomola|58\/100\n|move|p1a: Alomomola|Mirror Coat|p2a: Walking Wake\n|-damage|p2a: Walking Wake|16\/100\n|\n|-heal|p1a: Alomomola|64\/100|[from] item: Leftovers\n|upkeep\n|turn|6\n|\n|t:|1700686735\n|switch|p1a: Blissey|Blissey, F|100\/100\n|move|p2a: Walking Wake|Agility|p2a: Walking Wake\n|-boost|p2a: Walking Wake|spe|2\n|\n|upkeep\n|turn|7\n|\n|t:|1700686739\n|move|p2a: Walking Wake|Dragon Pulse|p1a: Blissey\n|-damage|p1a: Blissey|81\/100\n|move|p1a: Blissey|Stealth Rock|p2a: Walking Wake\n|-sidestart|p2: Prav33n|move: Stealth Rock\n|\n|upkeep\n|turn|8\n|\n|t:|1700686743\n|-end|p2a: Walking Wake|Protosynthesis|[silent]\n|switch|p2a: Cinderace|Cinderace, F|100\/100\n|move|p1a: Blissey|Shadow Ball|p2a: Cinderace\n|-damage|p2a: Cinderace|81\/100\n|\n|upkeep\n|turn|9\n|\n|t:|1700686746\n|switch|p1a: Alomomola|Alomomola, M|97\/100\n|move|p2a: Cinderace|Court Change|p2a: Cinderace\n|-start|p2a: Cinderace|typechange|Normal|[from] ability: Libero\n|-swapsideconditions\n|-activate|p2a: Cinderace|move: Court Change\n|\n|-heal|p1a: Alomomola|100\/100|[from] item: Leftovers\n|upkeep\n|turn|10\n|j| Hunterkingotm\n|\n|t:|1700686749\n|move|p2a: Cinderace|U-turn|p1a: Alomomola\n|-damage|p1a: Alomomola|88\/100\n|\n|t:|1700686750\n|switch|p2a: Walking Wake|Walking Wake|16\/100|[from] U-turn\n|move|p1a: Alomomola|Flip Turn|p2a: Walking Wake\n|-resisted|p2a: Walking Wake\n|-damage|p2a: Walking Wake|11\/100\n|\n|t:|1700686752\n|switch|p1a: Blissey|Blissey, F|81\/100|[from] Flip Turn\n|\n|upkeep\n|turn|11\n|\n|t:|1700686756\n|-end|p2a: Walking Wake|Protosynthesis|[silent]\n|switch|p2a: Great Tusk|Great Tusk|100\/100\n|move|p1a: Blissey|Stealth Rock|p2a: Great Tusk\n|-sidestart|p2: Prav33n|move: Stealth Rock\n|\n|upkeep\n|turn|12\n|\n|t:|1700686761\n|switch|p1a: Alomomola|Alomomola, M|100\/100\n|-damage|p1a: Alomomola|88\/100|[from] Stealth Rock\n|move|p2a: Great Tusk|Knock Off|p1a: Alomomola\n|-damage|p1a: Alomomola|66\/100\n|-enditem|p1a: Alomomola|Leftovers|[from] move: Knock Off|[of] p2a: Great Tusk\n|\n|upkeep\n|turn|13\n|\n|t:|1700686765\n|move|p2a: Great Tusk|Headlong Rush|p1a: Alomomola\n|-damage|p1a: Alomomola|27\/100\n|-unboost|p2a: Great Tusk|def|1\n|-unboost|p2a: Great Tusk|spd|1\n|-enditem|p2a: Great Tusk|Eject Pack\n|\n|t:|1700686772\n|-end|p2a: Great Tusk|Protosynthesis|[silent]\n|switch|p2a: Walking Wake|Walking Wake|11\/100\n|-damage|p2a: Walking Wake|0 fnt|[from] Stealth Rock\n|faint|p2a: Walking Wake\n|-end|p2a: Walking Wake|Protosynthesis|[silent]\n|move|p1a: Alomomola|Flip Turn|p2: Walking Wake|[notarget]\n|-fail|p1a: Alomomola\n|\n|upkeep\n|\n|t:|1700686783\n|switch|p2a: Great Tusk|Great Tusk|100\/100\n|-damage|p2a: Great Tusk|98\/100|[from] Stealth Rock\n|turn|14\n|\n|t:|1700686787\n|switch|p1a: Corviknight|Corviknight, M|100\/100\n|-damage|p1a: Corviknight|88\/100|[from] Stealth Rock\n|-ability|p1a: Corviknight|Pressure\n|move|p2a: Great Tusk|Rapid Spin|p1a: Corviknight\n|-resisted|p1a: Corviknight\n|-damage|p1a: Corviknight|82\/100\n|-boost|p2a: Great Tusk|spe|1\n|-sideend|p2: Prav33n|Stealth Rock|[from] move: Rapid Spin|[of] p2a: Great Tusk\n|\n|-heal|p1a: Corviknight|89\/100|[from] item: Leftovers\n|upkeep\n|turn|15\n|\n|t:|1700686792\n|switch|p1a: Alomomola|Alomomola, M|60\/100\n|-damage|p1a: Alomomola|48\/100|[from] Stealth Rock\n|move|p2a: Great Tusk|Knock Off|p1a: Alomomola\n|-damage|p1a: Alomomola|35\/100\n|\n|upkeep\n|turn|16\n|\n|t:|1700686799\n|switch|p1a: Corviknight|Corviknight, M|89\/100\n|-damage|p1a: Corviknight|76\/100|[from] Stealth Rock\n|-ability|p1a: Corviknight|Pressure\n|move|p2a: Great Tusk|Headlong Rush|p1a: Corviknight\n|-immune|p1a: Corviknight\n|\n|-heal|p1a: Corviknight|82\/100|[from] item: Leftovers\n|upkeep\n|turn|17\n|\n|t:|1700686805\n|-end|p2a: Great Tusk|Protosynthesis|[silent]\n|switch|p2a: Cinderace|Cinderace, F|81\/100\n|switch|p1a: Alomomola|Alomomola, M|68\/100\n|-damage|p1a: Alomomola|56\/100|[from] Stealth Rock\n|\n|upkeep\n|turn|18\n|\n|t:|1700686807\n|move|p2a: Cinderace|U-turn|p1a: Alomomola\n|-start|p2a: Cinderace|typechange|Bug|[from] ability: Libero\n|-damage|p1a: Alomomola|35\/100\n|\n|t:|1700686809\n|switch|p2a: Weavile|Weavile, M|100\/100|[from] U-turn\n|-ability|p2a: Weavile|Pressure\n|move|p1a: Alomomola|Wish|p1a: Alomomola\n|\n|upkeep\n|turn|19\n|\n|t:|1700686815\n|move|p2a: Weavile|Knock Off|p1a: Alomomola\n|-crit|p1a: Alomomola\n|-damage|p1a: Alomomola|0 fnt\n|faint|p1a: Alomomola\n|\n|upkeep\n|\n|t:|1700686818\n|switch|p1a: Weezing|Weezing-Galar, F|97\/100\n|-ability|p1a: Weezing|Neutralizing Gas\n|turn|20\n|\n|t:|1700686822\n|switch|p2a: Gholdengo|Gholdengo|100\/100\n|-item|p2a: Gholdengo|Air Balloon\n|move|p1a: Weezing|Will-O-Wisp|p2a: Gholdengo\n|-status|p2a: Gholdengo|brn\n|\n|-damage|p2a: Gholdengo|94\/100 brn|[from] brn\n|upkeep\n|turn|21\n|\n|t:|1700686825\n|switch|p2a: Cinderace|Cinderace, F|81\/100\n|-end|p1a: Weezing|ability: Neutralizing Gas\n|switch|p1a: Cyclizar|Cyclizar, M|100\/100\n|\n|upkeep\n|turn|22\n|l| Hunterkingotm\n|\n|t:|1700686827\n|move|p2a: Cinderace|U-turn|p1a: Cyclizar\n|-damage|p1a: Cyclizar|68\/100\n|\n|t:|1700686831\n|switch|p2a: Gholdengo|Gholdengo|94\/100 brn|[from] U-turn\n|-item|p2a: Gholdengo|Air Balloon\n|move|p1a: Cyclizar|Rapid Spin|p2a: Gholdengo\n|-immune|p2a: Gholdengo\n|\n|-damage|p2a: Gholdengo|88\/100 brn|[from] brn\n|upkeep\n|turn|23\n|\n|t:|1700686844\n|switch|p2a: Cinderace|Cinderace, F|81\/100\n|move|p1a: Cyclizar|Knock Off|p2a: Cinderace\n|-damage|p2a: Cinderace|52\/100\n|-enditem|p2a: Cinderace|Heavy-Duty Boots|[from] move: Knock Off|[of] p1a: Cyclizar\n|\n|upkeep\n|turn|24\n|\n|t:|1700686849\n|move|p2a: Cinderace|U-turn|p1a: Cyclizar\n|-start|p2a: Cinderace|typechange|Bug|[from] ability: Libero\n|-damage|p1a: Cyclizar|23\/100\n|\n|t:|1700686855\n|switch|p2a: Landorus|Landorus-Therian, M|100\/100|[from] U-turn\n|-ability|p2a: Landorus|Intimidate|boost\n|-unboost|p1a: Cyclizar|atk|1\n|move|p1a: Cyclizar|Knock Off|p2a: Landorus\n|-damage|p2a: Landorus|92\/100\n|-damage|p1a: Cyclizar|7\/100|[from] item: Rocky Helmet|[of] p2a: Landorus\n|-enditem|p2a: Landorus|Rocky Helmet|[from] move: Knock Off|[of] p1a: Cyclizar\n|\n|upkeep\n|turn|25\n|\n|t:|1700686862\n|switch|p1a: Corviknight|Corviknight, M|82\/100\n|-damage|p1a: Corviknight|70\/100|[from] Stealth Rock\n|-ability|p1a: Corviknight|Pressure\n|switch|p2a: Gholdengo|Gholdengo|88\/100 brn\n|-item|p2a: Gholdengo|Air Balloon\n|\n|-heal|p1a: Corviknight|76\/100|[from] item: Leftovers\n|-damage|p2a: Gholdengo|82\/100 brn|[from] brn\n|upkeep\n|turn|26\n|\n|t:|1700686869\n|switch|p1a: Blissey|Blissey, F|81\/100\n|move|p2a: Gholdengo|Shadow Ball|p1a: Blissey\n|-immune|p1a: Blissey\n|\n|-damage|p2a: Gholdengo|76\/100 brn|[from] brn\n|upkeep\n|turn|27\n|\n|t:|1700686872\n|switch|p2a: Weavile|Weavile, M|100\/100\n|-ability|p2a: Weavile|Pressure\n|move|p1a: Blissey|Stealth Rock|p2a: Weavile\n|-sidestart|p2: Prav33n|move: Stealth Rock\n|\n|upkeep\n|turn|28\n|\n|t:|1700686878\n|switch|p1a: Weezing|Weezing-Galar, F|97\/100\n|-ability|p1a: Weezing|Neutralizing Gas\n|move|p2a: Weavile|Icicle Crash|p1a: Weezing\n|-damage|p1a: Weezing|56\/100\n|\n|upkeep\n|turn|29\n|\n|t:|1700686886\n|move|p2a: Weavile|Icicle Crash|p1a: Weezing\n|-damage|p1a: Weezing|18\/100\n|cant|p1a: Weezing|flinch\n|\n|upkeep\n|turn|30\n|\n|t:|1700686891\n|move|p2a: Weavile|Icicle Crash|p1a: Weezing|[miss]\n|-miss|p2a: Weavile|p1a: Weezing\n|move|p1a: Weezing|Pain Split|p2a: Weavile\n|-sethp|p2a: Weavile|61\/100|[from] move: Pain Split|[silent]\n|-sethp|p1a: Weezing|51\/100|[from] move: Pain Split\n|\n|upkeep\n|turn|31\n|\n|t:|1700686894\n|move|p2a: Weavile|Icicle Crash|p1a: Weezing\n|-damage|p1a: Weezing|8\/100\n|cant|p1a: Weezing|flinch\n|\n|upkeep\n|turn|32\n|\n|t:|1700686897\n|move|p2a: Weavile|Icicle Crash|p1a: Weezing\n|-crit|p1a: Weezing\n|-damage|p1a: Weezing|0 fnt\n|faint|p1a: Weezing\n|-end|p1a: Weezing|ability: Neutralizing Gas\n|-ability|p2a: Weavile|Pressure\n|\n|upkeep\n|\n|t:|1700686899\n|switch|p1a: Wo-Chien|Wo-Chien|100\/100\n|-damage|p1a: Wo-Chien|88\/100|[from] Stealth Rock\n|-ability|p1a: Wo-Chien|Tablets of Ruin\n|turn|33\n|\n|t:|1700686902\n|-terastallize|p1a: Wo-Chien|Fairy\n|move|p2a: Weavile|Icicle Crash|p1a: Wo-Chien\n|-damage|p1a: Wo-Chien|57\/100\n|move|p1a: Wo-Chien|Leech Seed|p2a: Weavile\n|-start|p2a: Weavile|move: Leech Seed\n|\n|-heal|p1a: Wo-Chien|63\/100|[from] item: Leftovers\n|-damage|p2a: Weavile|49\/100|[from] Leech Seed|[of] p1a: Wo-Chien\n|-heal|p1a: Wo-Chien|72\/100|[silent]\n|upkeep\n|turn|34\n|\n|t:|1700686912\n|switch|p2a: Cinderace|Cinderace, F|52\/100\n|-damage|p2a: Cinderace|27\/100|[from] Stealth Rock\n|move|p1a: Wo-Chien|Reflect|p1a: Wo-Chien\n|-sidestart|p1: mathismathin|Reflect\n|\n|-heal|p1a: Wo-Chien|79\/100|[from] item: Leftovers\n|upkeep\n|turn|35\n|\n|t:|1700686917\n|move|p2a: Cinderace|Court Change|p2a: Cinderace\n|-start|p2a: Cinderace|typechange|Normal|[from] ability: Libero\n|-swapsideconditions\n|-activate|p2a: Cinderace|move: Court Change\n|move|p1a: Wo-Chien|Foul Play|p2a: Cinderace\n|-damage|p2a: Cinderace|0 fnt\n|faint|p2a: Cinderace\n|\n|-heal|p1a: Wo-Chien|85\/100|[from] item: Leftovers\n|upkeep\n|\n|t:|1700686920\n|switch|p2a: Gholdengo|Gholdengo|76\/100 brn\n|-damage|p2a: Gholdengo|70\/100 brn|[from] Stealth Rock\n|-item|p2a: Gholdengo|Air Balloon\n|turn|36\n|\n|t:|1700686928\n|switch|p1a: Blissey|Blissey, F|81\/100\n|move|p2a: Gholdengo|Nasty Plot|p2a: Gholdengo\n|-boost|p2a: Gholdengo|spa|2\n|\n|-damage|p2a: Gholdengo|64\/100 brn|[from] brn\n|upkeep\n|turn|37\n|\n|t:|1700686931\n|move|p2a: Gholdengo|Make It Rain|p1a: Blissey\n|-damage|p1a: Blissey|42\/100\n|-unboost|p2a: Gholdengo|spa|1\n|move|p1a: Blissey|Calm Mind|p1a: Blissey\n|-boost|p1a: Blissey|spa|1\n|-boost|p1a: Blissey|spd|1\n|\n|-damage|p2a: Gholdengo|58\/100 brn|[from] brn\n|upkeep\n|turn|38\n|\n|t:|1700686939\n|switch|p2a: Great Tusk|Great Tusk|98\/100\n|-damage|p2a: Great Tusk|95\/100|[from] Stealth Rock\n|move|p1a: Blissey|Soft-Boiled|p1a: Blissey\n|-heal|p1a: Blissey|92\/100\n|\n|-sideend|p2: Prav33n|Reflect\n|upkeep\n|turn|39\n|\n|t:|1700686951\n|switch|p1a: Corviknight|Corviknight, M|76\/100\n|-damage|p1a: Corviknight|64\/100|[from] Stealth Rock\n|-ability|p1a: Corviknight|Pressure\n|move|p2a: Great Tusk|Headlong Rush|p1a: Corviknight\n|-immune|p1a: Corviknight\n|\n|-heal|p1a: Corviknight|70\/100|[from] item: Leftovers\n|upkeep\n|turn|40\n|\n|t:|1700686955\n|move|p2a: Great Tusk|Rapid Spin|p1a: Corviknight\n|-resisted|p1a: Corviknight\n|-damage|p1a: Corviknight|65\/100\n|-boost|p2a: Great Tusk|spe|1\n|-sideend|p2: Prav33n|Stealth Rock|[from] move: Rapid Spin|[of] p2a: Great Tusk\n|move|p1a: Corviknight|Iron Defense|p1a: Corviknight\n|-boost|p1a: Corviknight|def|2\n|\n|-heal|p1a: Corviknight|71\/100|[from] item: Leftovers\n|upkeep\n|turn|41\n|\n|t:|1700686960\n|move|p2a: Great Tusk|Knock Off|p1a: Corviknight\n|-damage|p1a: Corviknight|60\/100\n|-enditem|p1a: Corviknight|Leftovers|[from] move: Knock Off|[of] p2a: Great Tusk\n|move|p1a: Corviknight|Body Press|p2a: Great Tusk\n|-damage|p2a: Great Tusk|58\/100\n|\n|upkeep\n|turn|42\n|\n|t:|1700686965\n|-end|p2a: Great Tusk|Protosynthesis|[silent]\n|switch|p2a: Gholdengo|Gholdengo|58\/100 brn\n|-item|p2a: Gholdengo|Air Balloon\n|move|p1a: Corviknight|Roost|p1a: Corviknight\n|-heal|p1a: Corviknight|100\/100\n|-singleturn|p1a: Corviknight|move: Roost\n|\n|-damage|p2a: Gholdengo|52\/100 brn|[from] brn\n|upkeep\n|turn|43\n|\n|t:|1700686968\n|switch|p1a: Cyclizar|Cyclizar, M|40\/100\n|move|p2a: Gholdengo|Recover|p2a: Gholdengo\n|-heal|p2a: Gholdengo|100\/100 brn\n|\n|-damage|p2a: Gholdengo|94\/100 brn|[from] brn\n|upkeep\n|turn|44\n|\n|t:|1700686974\n|switch|p1a: Blissey|Blissey, F|92\/100\n|move|p2a: Gholdengo|Make It Rain|p1a: Blissey\n|-crit|p1a: Blissey\n|-damage|p1a: Blissey|62\/100\n|-unboost|p2a: Gholdengo|spa|1\n|\n|-damage|p2a: Gholdengo|88\/100 brn|[from] brn\n|upkeep\n|turn|45\n|\n|t:|1700686980\n|switch|p2a: Great Tusk|Great Tusk|58\/100\n|move|p1a: Blissey|Shadow Ball|p2a: Great Tusk\n|-damage|p2a: Great Tusk|35\/100\n|\n|upkeep\n|turn|46\n|\n|t:|1700687009\n|switch|p1a: Corviknight|Corviknight, M|100\/100\n|-damage|p1a: Corviknight|88\/100|[from] Stealth Rock\n|-ability|p1a: Corviknight|Pressure\n|-terastallize|p2a: Great Tusk|Fighting\n|move|p2a: Great Tusk|Close Combat|p1a: Corviknight\n|-damage|p1a: Corviknight|33\/100\n|-unboost|p2a: Great Tusk|def|1\n|-unboost|p2a: Great Tusk|spd|1\n|\n|upkeep\n|turn|47\n|\n|t:|1700687030\n|switch|p1a: Wo-Chien|Wo-Chien, tera:Fairy|85\/100\n|-damage|p1a: Wo-Chien|72\/100|[from] Stealth Rock\n|-ability|p1a: Wo-Chien|Tablets of Ruin\n|move|p2a: Great Tusk|Close Combat|p1a: Wo-Chien\n|-resisted|p1a: Wo-Chien\n|-damage|p1a: Wo-Chien|49\/100\n|-unboost|p2a: Great Tusk|def|1\n|-unboost|p2a: Great Tusk|spd|1\n|\n|-heal|p1a: Wo-Chien|55\/100|[from] item: Leftovers\n|upkeep\n|turn|48\n|\n|t:|1700687042\n|move|p2a: Great Tusk|Headlong Rush|p1a: Wo-Chien\n|-damage|p1a: Wo-Chien|20\/100\n|-unboost|p2a: Great Tusk|def|1\n|-unboost|p2a: Great Tusk|spd|1\n|move|p1a: Wo-Chien|Foul Play|p2a: Great Tusk\n|-resisted|p2a: Great Tusk\n|-damage|p2a: Great Tusk|0 fnt\n|faint|p2a: Great Tusk\n|-end|p2a: Great Tusk|Protosynthesis|[silent]\n|\n|-heal|p1a: Wo-Chien|26\/100|[from] item: Leftovers\n|upkeep\n|\n|t:|1700687050\n|switch|p2a: Weavile|Weavile, M|49\/100\n|-ability|p2a: Weavile|Pressure\n|turn|49\n|\n|t:|1700687053\n|move|p2a: Weavile|Icicle Crash|p1a: Wo-Chien\n|-damage|p1a: Wo-Chien|0 fnt\n|faint|p1a: Wo-Chien\n|\n|upkeep\n|-message|mathismathin forfeited.\n|\n|win|Prav33n\n|raw|mathismathin's rating: 1626 &rarr; <strong>1609<\/strong><br \/>(-17 for losing)\n|raw|Prav33n's rating: 1678 &rarr; <strong>1695<\/strong><br \/>(+17 for winning)\n|l|\u2606mathismathin\n","uploadtime":1700687060,"views":5,"p1id":"mathismathin","p2id":"prav33n","formatid":"gen9ou","rating":1609,"private":0,"password":""}