{"id":"gen9ou-2000476022","p1":"PorterG99","p2":"IC1","format":"[Gen 9] OU","log":"|j|\u2606PorterG99\n|j|\u2606IC1\n|t:|1701197977\n|gametype|singles\n|player|p1|PorterG99|n-masters|\n|player|p2|IC1|firebreather|\n|teamsize|p1|6\n|teamsize|p2|6\n|gen|9\n|tier|[Gen 9] OU\n|rule|Sleep Clause Mod: Limit one foe put to sleep\n|rule|Species Clause: Limit one of each Pok\u00e9mon\n|rule|OHKO Clause: OHKO moves are banned\n|rule|Evasion Items Clause: Evasion items are banned\n|rule|Evasion Moves Clause: Evasion moves are banned\n|rule|Endless Battle Clause: Forcing endless battles is banned\n|rule|HP Percentage Mod: HP is shown in percentages\n|clearpoke\n|poke|p1|Ceruledge, F|\n|poke|p1|Iron Treads|\n|poke|p1|Ninetales-Alola, F|\n|poke|p1|Zapdos|\n|poke|p1|Politoed, M|\n|poke|p1|Overqwil, M|\n|poke|p2|Ogerpon-Wellspring, F|\n|poke|p2|Iron Valiant|\n|poke|p2|Kingambit, M|\n|poke|p2|Cinderace, M|\n|poke|p2|Great Tusk|\n|poke|p2|Dragapult, M|\n|teampreview\n|inactive|Battle timer is ON: inactive players will automatically lose when time's up. (requested by PorterG99)\n|c|\u2606PorterG99|Glhf\n|c|\u2606IC1|i gtg, might not finish this\n|j| Sachcue\n|c|\u2606IC1|glf\n|c|\u2606PorterG99|k\n|\n|t:|1701197984\n|start\n|switch|p1a: Ninetales|Ninetales-Alola, F, shiny|100\/100\n|switch|p2a: Ogerpon|Ogerpon-Wellspring, F|100\/100\n|-weather|Snow|[from] ability: Snow Warning|[of] p1a: Ninetales\n|turn|1\n|\n|t:|1701197987\n|move|p2a: Ogerpon|Swords Dance|p2a: Ogerpon\n|-boost|p2a: Ogerpon|atk|2\n|move|p1a: Ninetales|Aurora Veil|p1a: Ninetales\n|-sidestart|p1: PorterG99|move: Aurora Veil\n|\n|-weather|Snow|[upkeep]\n|upkeep\n|turn|2\n|\n|t:|1701197990\n|move|p2a: Ogerpon|Ivy Cudgel|p1a: Ninetales|[anim] Ivy Cudgel Water\n|-damage|p1a: Ninetales|40\/100\n|move|p1a: Ninetales|Blizzard|p2a: Ogerpon\n|-damage|p2a: Ogerpon|53\/100\n|\n|-weather|Snow|[upkeep]\n|upkeep\n|turn|3\n|\n|t:|1701197994\n|move|p2a: Ogerpon|Ivy Cudgel|p1a: Ninetales|[anim] Ivy Cudgel Water\n|-damage|p1a: Ninetales|0 fnt\n|faint|p1a: Ninetales\n|\n|-weather|Snow|[upkeep]\n|upkeep\n|\n|t:|1701198000\n|switch|p1a: Politoed|Politoed, M, shiny|100\/100\n|-weather|RainDance|[from] ability: Drizzle|[of] p1a: Politoed\n|turn|4\n|\n|t:|1701198006\n|move|p2a: Ogerpon|Trailblaze|p1a: Politoed\n|-supereffective|p1a: Politoed\n|-damage|p1a: Politoed|27\/100\n|-boost|p2a: Ogerpon|spe|1\n|move|p1a: Politoed|Haze|p1a: Politoed\n|-clearallboost\n|\n|-weather|RainDance|[upkeep]\n|upkeep\n|turn|5\n|c|\u2606PorterG99|o\n|\n|t:|1701198016\n|move|p2a: Ogerpon|Horn Leech|p1a: Politoed\n|-supereffective|p1a: Politoed\n|-damage|p1a: Politoed|0 fnt\n|-heal|p2a: Ogerpon|67\/100|[from] drain|[of] p1a: Politoed\n|faint|p1a: Politoed\n|\n|-weather|RainDance|[upkeep]\n|upkeep\n|c|\u2606PorterG99|*no\n|c|\u2606IC1|lets dance\n|\n|t:|1701198022\n|switch|p1a: Overqwil|Overqwil, M, shiny|100\/100\n|turn|6\n|\n|t:|1701198026\n|move|p1a: Overqwil|Gunk Shot|p2a: Ogerpon\n|-supereffective|p2a: Ogerpon\n|-damage|p2a: Ogerpon|0 fnt\n|faint|p2a: Ogerpon\n|\n|-weather|RainDance|[upkeep]\n|upkeep\n|\n|t:|1701198030\n|switch|p2a: Kingambit|Kingambit, M|100\/100\n|-activate|p2a: Kingambit|ability: Supreme Overlord\n|-start|p2a: Kingambit|fallen1|[silent]\n|turn|7\n|\n|t:|1701198036\n|switch|p1a: Ceruledge|Ceruledge, F|100\/100\n|-terastallize|p2a: Kingambit|Fairy\n|move|p2a: Kingambit|Iron Head|p1a: Ceruledge\n|-resisted|p1a: Ceruledge\n|-damage|p1a: Ceruledge|82\/100\n|-ability|p1a: Ceruledge|Weak Armor|boost\n|-unboost|p1a: Ceruledge|def|1\n|-boost|p1a: Ceruledge|spe|2\n|\n|-weather|RainDance|[upkeep]\n|upkeep\n|turn|8\n|\n|t:|1701198047\n|move|p2a: Kingambit|Sucker Punch||[still]\n|-fail|p2a: Kingambit\n|move|p1a: Ceruledge|Swords Dance|p1a: Ceruledge\n|-boost|p1a: Ceruledge|atk|2\n|\n|-weather|RainDance|[upkeep]\n|-sideend|p1: PorterG99|move: Aurora Veil\n|upkeep\n|turn|9\n|c|\u2606PorterG99|:)\n|\n|t:|1701198056\n|-terastallize|p1a: Ceruledge|Fire\n|move|p1a: Ceruledge|Bitter Blade|p2a: Kingambit\n|-damage|p2a: Kingambit|43\/100\n|-heal|p1a: Ceruledge|100\/100|[from] drain|[of] p2a: Kingambit\n|-damage|p1a: Ceruledge|91\/100|[from] item: Life Orb\n|move|p2a: Kingambit|Kowtow Cleave|p1a: Ceruledge\n|-damage|p1a: Ceruledge|0 fnt\n|faint|p1a: Ceruledge\n|\n|-weather|RainDance|[upkeep]\n|-heal|p2a: Kingambit|49\/100|[from] item: Leftovers\n|upkeep\n|c|\u2606PorterG99|damn\n|\n|t:|1701198063\n|switch|p1a: Iron Treads|Iron Treads, shiny|100\/100\n|turn|10\n|\n|t:|1701198090\n|move|p1a: Iron Treads|Iron Head|p2a: Kingambit\n|-supereffective|p2a: Kingambit\n|-damage|p2a: Kingambit|0 fnt\n|faint|p2a: Kingambit\n|-end|p2a: Kingambit|fallen1|[silent]\n|\n|-weather|RainDance|[upkeep]\n|upkeep\n|\n|t:|1701198100\n|switch|p2a: Great Tusk|Great Tusk|100\/100\n|-enditem|p2a: Great Tusk|Booster Energy\n|-activate|p2a: Great Tusk|ability: Protosynthesis|[fromitem]\n|-start|p2a: Great Tusk|protosynthesisatk\n|turn|11\n|\n|t:|1701198111\n|-end|p1a: Iron Treads|Quark Drive|[silent]\n|switch|p1a: Zapdos|Zapdos, shiny|100\/100\n|move|p2a: Great Tusk|Knock Off|p1a: Zapdos\n|-damage|p1a: Zapdos|49\/100\n|-status|p2a: Great Tusk|par|[from] ability: Static|[of] p1a: Zapdos\n|-enditem|p1a: Zapdos|Choice Specs|[from] move: Knock Off|[of] p2a: Great Tusk\n|\n|-weather|none\n|upkeep\n|turn|12\n|c|\u2606PorterG99|owie\n|inactive|IC1 has 270 seconds left.\n|\n|t:|1701198152\n|move|p1a: Zapdos|Hurricane|p2a: Great Tusk\n|-supereffective|p2a: Great Tusk\n|-damage|p2a: Great Tusk|0 fnt\n|faint|p2a: Great Tusk\n|-end|p2a: Great Tusk|Protosynthesis|[silent]\n|\n|upkeep\n|\n|t:|1701198156\n|switch|p2a: Dragapult|Dragapult, M|100\/100\n|turn|13\n|\n|t:|1701198161\n|move|p2a: Dragapult|Shadow Ball|p1a: Zapdos\n|-damage|p1a: Zapdos|0 fnt\n|faint|p1a: Zapdos\n|\n|upkeep\n|\n|t:|1701198164\n|switch|p1a: Overqwil|Overqwil, M, shiny|100\/100\n|turn|14\n|inactive|IC1 has 270 seconds left.\n|\n|t:|1701198180\n|switch|p2a: Cinderace|Cinderace, M|100\/100\n|move|p1a: Overqwil|Gunk Shot|p2a: Cinderace\n|-damage|p2a: Cinderace|0 fnt\n|faint|p2a: Cinderace\n|\n|upkeep\n|\n|t:|1701198182\n|switch|p2a: Iron Valiant|Iron Valiant|100\/100\n|-enditem|p2a: Iron Valiant|Booster Energy\n|-activate|p2a: Iron Valiant|ability: Quark Drive|[fromitem]\n|-start|p2a: Iron Valiant|quarkdrivespe\n|turn|15\n|\n|t:|1701198185\n|move|p2a: Iron Valiant|Close Combat|p1a: Overqwil\n|-damage|p1a: Overqwil|43\/100\n|-unboost|p2a: Iron Valiant|def|1\n|-unboost|p2a: Iron Valiant|spd|1\n|move|p1a: Overqwil|Gunk Shot|p2a: Iron Valiant\n|-supereffective|p2a: Iron Valiant\n|-damage|p2a: Iron Valiant|0 fnt\n|faint|p2a: Iron Valiant\n|-end|p2a: Iron Valiant|Quark Drive|[silent]\n|\n|upkeep\n|c|\u2606IC1|gg\n|\n|t:|1701198188\n|switch|p2a: Dragapult|Dragapult, M|100\/100\n|turn|16\n|\n|t:|1701198191\n|switch|p1a: Iron Treads|Iron Treads, shiny|100\/100\n|move|p2a: Dragapult|Draco Meteor|p1a: Iron Treads\n|-resisted|p1a: Iron Treads\n|-damage|p1a: Iron Treads|64\/100\n|-unboost|p2a: Dragapult|spa|2\n|\n|upkeep\n|turn|17\n|c|\u2606PorterG99|gg\n|\n|t:|1701198204\n|move|p2a: Dragapult|Draco Meteor|p1a: Iron Treads\n|-resisted|p1a: Iron Treads\n|-crit|p1a: Iron Treads\n|-damage|p1a: Iron Treads|0 fnt\n|-unboost|p2a: Dragapult|spa|2\n|faint|p1a: Iron Treads\n|-end|p1a: Iron Treads|Quark Drive|[silent]\n|\n|upkeep\n|c|\u2606IC1|close\n|\n|t:|1701198209\n|switch|p1a: Overqwil|Overqwil, M, shiny|43\/100\n|turn|18\n|\n|t:|1701198212\n|move|p2a: Dragapult|Draco Meteor|p1a: Overqwil\n|-damage|p1a: Overqwil|2\/100\n|-unboost|p2a: Dragapult|spa|2\n|move|p1a: Overqwil|Crunch|p2a: Dragapult\n|-supereffective|p2a: Dragapult\n|-damage|p2a: Dragapult|0 fnt\n|faint|p2a: Dragapult\n|\n|win|PorterG99\n|c|\u2606PorterG99|>wp\n|c|\u2606PorterG99|VERY CLOSE\n","uploadtime":1701198218,"views":1,"p1id":"porterg99","p2id":"ic1","formatid":"gen9ou","rating":0,"private":0,"password":""}