{"id":"gen9ou-1991097320","p1":"GalRosalina","p2":"GriddyFortnite","format":"[Gen 9] OU","log":"|j|\u2606GalRosalina\n|j|\u2606GriddyFortnite\n|t:|1700042422\n|gametype|singles\n|player|p1|GalRosalina|liza|1179\n|player|p2|GriddyFortnite|iris|1214\n|teamsize|p1|6\n|teamsize|p2|6\n|gen|9\n|tier|[Gen 9] OU\n|rated|\n|rule|Sleep Clause Mod: Limit one foe put to sleep\n|rule|Species Clause: Limit one of each Pok\u00e9mon\n|rule|OHKO Clause: OHKO moves are banned\n|rule|Evasion Items Clause: Evasion items are banned\n|rule|Evasion Moves Clause: Evasion moves are banned\n|rule|Endless Battle Clause: Forcing endless battles is banned\n|rule|HP Percentage Mod: HP is shown in percentages\n|clearpoke\n|poke|p1|Kingambit, M|\n|poke|p1|Great Tusk|\n|poke|p1|Gholdengo|\n|poke|p1|Ribombee, M|\n|poke|p1|Iron Moth|\n|poke|p1|Ogerpon-Wellspring, F|\n|poke|p2|Ribombee, M|\n|poke|p2|Grimmsnarl, M|\n|poke|p2|Great Tusk|\n|poke|p2|Dragonite, M|\n|poke|p2|Gholdengo|\n|poke|p2|Rillaboom, M|\n|teampreview\n|c|\u2606GalRosalina|Glhf\n|c|\u2606GalRosalina|THE GRIDDY???\n|inactive|Battle timer is ON: inactive players will automatically lose when time's up. (requested by GalRosalina)\n|\n|t:|1700042445\n|start\n|switch|p1a: Buck Bumble|Ribombee, M|100\/100\n|switch|p2a: Gholdengo|Gholdengo|100\/100\n|turn|1\n|c|\u2606GriddyFortnite|the griddy\n|c|\u2606GriddyFortnite|gl\n|\n|t:|1700042456\n|move|p1a: Buck Bumble|Sticky Web|p2a: Gholdengo\n|-sidestart|p2: GriddyFortnite|move: Sticky Web\n|move|p2a: Gholdengo|Substitute|p2a: Gholdengo\n|-start|p2a: Gholdengo|Substitute\n|-damage|p2a: Gholdengo|75\/100\n|\n|upkeep\n|turn|2\n|\n|t:|1700042459\n|move|p1a: Buck Bumble|Moonblast|p2a: Gholdengo\n|-resisted|p2a: Gholdengo\n|-activate|p2a: Gholdengo|move: Substitute|[damage]\n|move|p2a: Gholdengo|Nasty Plot|p2a: Gholdengo\n|-boost|p2a: Gholdengo|spa|2\n|\n|upkeep\n|turn|3\n|\n|t:|1700042464\n|move|p1a: Buck Bumble|Moonblast|p2a: Gholdengo\n|-resisted|p2a: Gholdengo\n|-end|p2a: Gholdengo|Substitute\n|move|p2a: Gholdengo|Shadow Ball|p1a: Buck Bumble\n|-enditem|p1a: Buck Bumble|Focus Sash\n|-damage|p1a: Buck Bumble|1\/100\n|\n|upkeep\n|turn|4\n|\n|t:|1700042473\n|move|p1a: Buck Bumble|Moonblast|p2a: Gholdengo\n|-resisted|p2a: Gholdengo\n|-damage|p2a: Gholdengo|53\/100\n|move|p2a: Gholdengo|Substitute|p2a: Gholdengo\n|-start|p2a: Gholdengo|Substitute\n|-damage|p2a: Gholdengo|28\/100\n|\n|upkeep\n|turn|5\n|\n|t:|1700042477\n|move|p1a: Buck Bumble|Moonblast|p2a: Gholdengo\n|-resisted|p2a: Gholdengo\n|-end|p2a: Gholdengo|Substitute\n|move|p2a: Gholdengo|Nasty Plot|p2a: Gholdengo\n|-boost|p2a: Gholdengo|spa|2\n|\n|upkeep\n|turn|6\n|\n|t:|1700042483\n|move|p1a: Buck Bumble|Moonblast|p2a: Gholdengo\n|-resisted|p2a: Gholdengo\n|-damage|p2a: Gholdengo|3\/100\n|-enditem|p2a: Gholdengo|Salac Berry|[eat]\n|-boost|p2a: Gholdengo|spe|1|[from] item: Salac Berry\n|move|p2a: Gholdengo|Shadow Ball|p1a: Buck Bumble\n|-damage|p1a: Buck Bumble|0 fnt\n|faint|p1a: Buck Bumble\n|\n|upkeep\n|\n|t:|1700042486\n|switch|p1a: Kingambler|Kingambit, M|100\/100\n|-activate|p1a: Kingambler|ability: Supreme Overlord\n|-start|p1a: Kingambler|fallen1|[silent]\n|turn|7\n|\n|t:|1700042490\n|move|p2a: Gholdengo|Focus Blast|p1a: Kingambler\n|-supereffective|p1a: Kingambler\n|-damage|p1a: Kingambler|0 fnt\n|faint|p1a: Kingambler\n|-end|p1a: Kingambler|fallen1|[silent]\n|\n|upkeep\n|\n|t:|1700042493\n|switch|p1a: Bonk|Ogerpon-Wellspring, F|100\/100\n|turn|8\n|\n|t:|1700042501\n|move|p2a: Gholdengo|Shadow Ball|p1a: Bonk\n|-damage|p1a: Bonk|0 fnt\n|faint|p1a: Bonk\n|\n|upkeep\n|\n|t:|1700042505\n|switch|p1a: 24Karat gholdengo|Gholdengo|100\/100\n|-item|p1a: 24Karat gholdengo|Air Balloon\n|turn|9\n|\n|t:|1700042508\n|move|p2a: Gholdengo|Shadow Ball|p1a: 24Karat gholdengo\n|-supereffective|p1a: 24Karat gholdengo\n|-damage|p1a: 24Karat gholdengo|0 fnt\n|-enditem|p1a: 24Karat gholdengo|Air Balloon\n|faint|p1a: 24Karat gholdengo\n|\n|upkeep\n|\n|t:|1700042510\n|switch|p1a: Tortillas|Iron Moth|100\/100\n|-enditem|p1a: Tortillas|Booster Energy\n|-activate|p1a: Tortillas|ability: Quark Drive|[fromitem]\n|-start|p1a: Tortillas|quarkdrivespe\n|turn|10\n|c|\u2606GalRosalina|Now I get how it feels huh\n|\n|t:|1700042519\n|move|p1a: Tortillas|Fiery Dance|p2a: Gholdengo\n|-supereffective|p2a: Gholdengo\n|-damage|p2a: Gholdengo|0 fnt\n|faint|p2a: Gholdengo\n|\n|upkeep\n|c|\u2606GriddyFortnite|lmao i didnt expect that to go so well\n|\n|t:|1700042541\n|switch|p2a: Grimmsnarl|Grimmsnarl, M, shiny|100\/100\n|-activate|p2a: Grimmsnarl|move: Sticky Web\n|-unboost|p2a: Grimmsnarl|spe|1\n|turn|11\n|\n|t:|1700042550\n|move|p2a: Grimmsnarl|Light Screen|p2a: Grimmsnarl\n|-sidestart|p2: GriddyFortnite|move: Light Screen\n|move|p1a: Tortillas|Dazzling Gleam|p2a: Grimmsnarl\n|-supereffective|p2a: Grimmsnarl\n|-damage|p2a: Grimmsnarl|78\/100\n|\n|upkeep\n|turn|12\n|\n|t:|1700042555\n|move|p2a: Grimmsnarl|Reflect|p2a: Grimmsnarl\n|-sidestart|p2: GriddyFortnite|Reflect\n|move|p1a: Tortillas|Fiery Dance|p2a: Grimmsnarl\n|-damage|p2a: Grimmsnarl|60\/100\n|\n|upkeep\n|turn|13\n|\n|t:|1700042558\n|move|p1a: Tortillas|Fiery Dance|p2a: Grimmsnarl\n|-damage|p2a: Grimmsnarl|43\/100\n|-boost|p1a: Tortillas|spa|1\n|move|p2a: Grimmsnarl|Spirit Break|p1a: Tortillas\n|-resisted|p1a: Tortillas\n|-damage|p1a: Tortillas|90\/100\n|-unboost|p1a: Tortillas|spa|1\n|\n|upkeep\n|turn|14\n|\n|t:|1700042561\n|move|p1a: Tortillas|Fiery Dance|p2a: Grimmsnarl\n|-damage|p2a: Grimmsnarl|27\/100\n|-boost|p1a: Tortillas|spa|1\n|move|p2a: Grimmsnarl|Spirit Break|p1a: Tortillas\n|-resisted|p1a: Tortillas\n|-damage|p1a: Tortillas|80\/100\n|-unboost|p1a: Tortillas|spa|1\n|\n|upkeep\n|turn|15\n|\n|t:|1700042565\n|move|p1a: Tortillas|Fiery Dance|p2a: Grimmsnarl\n|-damage|p2a: Grimmsnarl|10\/100\n|-boost|p1a: Tortillas|spa|1\n|move|p2a: Grimmsnarl|Spirit Break|p1a: Tortillas\n|-resisted|p1a: Tortillas\n|-damage|p1a: Tortillas|70\/100\n|-unboost|p1a: Tortillas|spa|1\n|\n|upkeep\n|turn|16\n|\n|t:|1700042569\n|move|p1a: Tortillas|Fiery Dance|p2a: Grimmsnarl\n|-damage|p2a: Grimmsnarl|0 fnt\n|-boost|p1a: Tortillas|spa|1\n|faint|p2a: Grimmsnarl\n|\n|upkeep\n|\n|t:|1700042581\n|switch|p2a: Ribombee|Ribombee, M|100\/100\n|-activate|p2a: Ribombee|move: Sticky Web\n|-unboost|p2a: Ribombee|spe|1\n|turn|17\n|\n|t:|1700042585\n|move|p1a: Tortillas|Fiery Dance|p2a: Ribombee\n|-supereffective|p2a: Ribombee\n|-damage|p2a: Ribombee|12\/100\n|move|p2a: Ribombee|Quiver Dance|p2a: Ribombee\n|-boost|p2a: Ribombee|spa|1\n|-boost|p2a: Ribombee|spd|1\n|-boost|p2a: Ribombee|spe|1\n|\n|upkeep\n|turn|18\n|\n|t:|1700042593\n|move|p1a: Tortillas|Fiery Dance|p2a: Ribombee\n|-supereffective|p2a: Ribombee\n|-damage|p2a: Ribombee|0 fnt\n|faint|p2a: Ribombee\n|\n|-sideend|p2: GriddyFortnite|move: Light Screen\n|upkeep\n|c|\u2606GriddyFortnite|boutta get reversed\n|\n|t:|1700042604\n|switch|p2a: Great Tusk|Great Tusk|100\/100\n|-activate|p2a: Great Tusk|move: Sticky Web\n|-unboost|p2a: Great Tusk|spe|1\n|-enditem|p2a: Great Tusk|Booster Energy\n|-activate|p2a: Great Tusk|ability: Protosynthesis|[fromitem]\n|-start|p2a: Great Tusk|protosynthesisatk\n|turn|19\n|\n|t:|1700042615\n|-terastallize|p2a: Great Tusk|Ghost\n|move|p1a: Tortillas|Dazzling Gleam|p2a: Great Tusk\n|-damage|p2a: Great Tusk|51\/100\n|move|p2a: Great Tusk|Headlong Rush|p1a: Tortillas\n|-supereffective|p1a: Tortillas\n|-damage|p1a: Tortillas|0 fnt\n|-unboost|p2a: Great Tusk|def|1\n|-unboost|p2a: Great Tusk|spd|1\n|faint|p1a: Tortillas\n|-end|p1a: Tortillas|Quark Drive|[silent]\n|\n|-sideend|p2: GriddyFortnite|Reflect\n|upkeep\n|\n|t:|1700042617\n|switch|p1a: Great T-*roh mimi*|Great Tusk|100\/100\n|-enditem|p1a: Great T-*roh mimi*|Booster Energy\n|-activate|p1a: Great T-*roh mimi*|ability: Protosynthesis|[fromitem]\n|-start|p1a: Great T-*roh mimi*|protosynthesisspe\n|turn|20\n|\n|t:|1700042630\n|move|p1a: Great T-*roh mimi*|Bulk Up|p1a: Great T-*roh mimi*\n|-boost|p1a: Great T-*roh mimi*|atk|1\n|-boost|p1a: Great T-*roh mimi*|def|1\n|move|p2a: Great Tusk|Knock Off|p1a: Great T-*roh mimi*\n|-resisted|p1a: Great T-*roh mimi*\n|-crit|p1a: Great T-*roh mimi*\n|-damage|p1a: Great T-*roh mimi*|90\/100\n|\n|upkeep\n|turn|21\n|\n|t:|1700042632\n|move|p1a: Great T-*roh mimi*|Headlong Rush|p2a: Great Tusk\n|-damage|p2a: Great Tusk|0 fnt\n|-unboost|p1a: Great T-*roh mimi*|def|1\n|-unboost|p1a: Great T-*roh mimi*|spd|1\n|faint|p2a: Great Tusk\n|-end|p2a: Great Tusk|Protosynthesis|[silent]\n|\n|upkeep\n|\n|t:|1700042639\n|switch|p2a: Rillaboom|Rillaboom, M|100\/100\n|-activate|p2a: Rillaboom|move: Sticky Web\n|-unboost|p2a: Rillaboom|spe|1\n|-fieldstart|move: Grassy Terrain|[from] ability: Grassy Surge|[of] p2a: Rillaboom\n|turn|22\n|\n|t:|1700042645\n|-terastallize|p1a: Great T-*roh mimi*|Ice\n|move|p2a: Rillaboom|Grassy Glide|p1a: Great T-*roh mimi*\n|-damage|p1a: Great T-*roh mimi*|56\/100\n|-damage|p2a: Rillaboom|91\/100|[from] item: Life Orb\n|move|p1a: Great T-*roh mimi*|Ice Spinner|p2a: Rillaboom\n|-supereffective|p2a: Rillaboom\n|-damage|p2a: Rillaboom|0 fnt\n|-fieldend|move: Grassy Terrain\n|faint|p2a: Rillaboom\n|\n|upkeep\n|\n|t:|1700042648\n|switch|p2a: Dragonite|Dragonite, M|100\/100\n|turn|23\n|\n|t:|1700042654\n|move|p2a: Dragonite|Extreme Speed|p1a: Great T-*roh mimi*\n|-damage|p1a: Great T-*roh mimi*|34\/100\n|move|p1a: Great T-*roh mimi*|Ice Spinner|p2a: Dragonite\n|-supereffective|p2a: Dragonite\n|-damage|p2a: Dragonite|0 fnt\n|faint|p2a: Dragonite\n|\n|win|GalRosalina\n|raw|GalRosalina's rating: 1179 &rarr; <strong>1207<\/strong><br \/>(+28 for winning)\n|raw|GriddyFortnite's rating: 1214 &rarr; <strong>1186<\/strong><br \/>(-28 for losing)\n|c|\u2606GalRosalina|By god\n|c|\u2606GalRosalina|Gg wp griddy fortnite\n|c|\u2606GriddyFortnite|no way does that one shot\n|c|\u2606GalRosalina|x4 + stab\n|c|\u2606GriddyFortnite|ik its 4x stab but i thought multiscale would save me\n|c|\u2606GriddyFortnite|just a lil\n|c|\u2606GalRosalina|Anyway ggwp\n|c|\u2606GriddyFortnite|damn gg\n","uploadtime":1700042696,"views":8,"p1id":"galrosalina","p2id":"griddyfortnite","formatid":"gen9ou","rating":1186,"private":0,"password":""}