{"id":"gen9ou-1990910476","p1":"ziyi1117","p2":"Hutallan","format":"[Gen 9] OU","log":"|j|\u2606ziyi1117\n|j|\u2606Hutallan\n|t:|1700014135\n|gametype|singles\n|player|p1|ziyi1117|linebacker|1155\n|player|p2|Hutallan|2|1103\n|teamsize|p1|6\n|teamsize|p2|6\n|gen|9\n|tier|[Gen 9] OU\n|rated|\n|rule|Sleep Clause Mod: Limit one foe put to sleep\n|rule|Species Clause: Limit one of each Pok\u00e9mon\n|rule|OHKO Clause: OHKO moves are banned\n|rule|Evasion Items Clause: Evasion items are banned\n|rule|Evasion Moves Clause: Evasion moves are banned\n|rule|Endless Battle Clause: Forcing endless battles is banned\n|rule|HP Percentage Mod: HP is shown in percentages\n|clearpoke\n|poke|p1|Great Tusk|\n|poke|p1|Mandibuzz, F|\n|poke|p1|Heatran, F|\n|poke|p1|Iron Valiant|\n|poke|p1|Gholdengo|\n|poke|p1|Greninja-*, M|\n|poke|p2|Hatterene, F|\n|poke|p2|Great Tusk|\n|poke|p2|Glimmora, M|\n|poke|p2|Garganacl, F|\n|poke|p2|Zapdos|\n|poke|p2|Dragapult, F|\n|teampreview\n|\n|t:|1700014149\n|start\n|switch|p1a: Mandibuzz|Mandibuzz, F|100\/100\n|switch|p2a: Glimmora|Glimmora, M|100\/100\n|turn|1\n|\n|t:|1700014159\n|switch|p1a: Heatran|Heatran, F|100\/100\n|move|p2a: Glimmora|Spikes|p1a: Heatran\n|-sidestart|p1: ziyi1117|Spikes\n|\n|upkeep\n|turn|2\n|\n|t:|1700014167\n|move|p2a: Glimmora|Spikes|p1a: Heatran\n|-sidestart|p1: ziyi1117|Spikes\n|move|p1a: Heatran|Earth Power|p2a: Glimmora\n|-supereffective|p2a: Glimmora\n|-enditem|p2a: Glimmora|Focus Sash\n|-damage|p2a: Glimmora|1\/100\n|\n|upkeep\n|turn|3\n|\n|t:|1700014183\n|move|p2a: Glimmora|Spikes|p1a: Heatran\n|-sidestart|p1: ziyi1117|Spikes\n|move|p1a: Heatran|Flamethrower|p2a: Glimmora\n|-resisted|p2a: Glimmora\n|-damage|p2a: Glimmora|0 fnt\n|faint|p2a: Glimmora\n|\n|upkeep\n|\n|t:|1700014202\n|switch|p2a: Great Tusk|Great Tusk|100\/100\n|-enditem|p2a: Great Tusk|Booster Energy\n|-activate|p2a: Great Tusk|ability: Protosynthesis|[fromitem]\n|-start|p2a: Great Tusk|protosynthesisdef\n|turn|4\n|\n|t:|1700014210\n|switch|p1a: Mandibuzz|Mandibuzz, F|100\/100\n|move|p2a: Great Tusk|Body Press|p1a: Mandibuzz\n|-damage|p1a: Mandibuzz|78\/100\n|-damage|p2a: Great Tusk|84\/100|[from] item: Rocky Helmet|[of] p1a: Mandibuzz\n|\n|upkeep\n|turn|5\n|inactive|Battle timer is ON: inactive players will automatically lose when time's up. (requested by ziyi1117)\n|\n|t:|1700014228\n|-end|p2a: Great Tusk|Protosynthesis|[silent]\n|switch|p2a: Hatterene|Hatterene, F, shiny|100\/100\n|move|p1a: Mandibuzz|Defog|p2a: Hatterene\n|move|p2a: Hatterene|Defog|p1a: Mandibuzz|[from]ability: Magic Bounce\n|-unboost|p1a: Mandibuzz|evasion|1\n|-sideend|p1: ziyi1117|Spikes|[from] move: Defog|[of] p2a: Hatterene\n|\n|upkeep\n|turn|6\n|\n|t:|1700014244\n|switch|p1a: Heatran|Heatran, F|100\/100\n|move|p2a: Hatterene|Nuzzle|p1a: Heatran\n|-damage|p1a: Heatran|96\/100\n|-status|p1a: Heatran|par\n|\n|upkeep\n|turn|7\n|\n|t:|1700014258\n|switch|p2a: Zapdos|Zapdos|100\/100\n|cant|p1a: Heatran|par\n|\n|upkeep\n|turn|8\n|\n|t:|1700014277\n|switch|p1a: Great Tusk|Great Tusk|100\/100\n|move|p2a: Zapdos|Heat Wave|p1a: Great Tusk\n|-damage|p1a: Great Tusk|61\/100\n|\n|upkeep\n|turn|9\n|\n|t:|1700014288\n|move|p2a: Zapdos|Heat Wave|p1a: Great Tusk\n|-damage|p1a: Great Tusk|24\/100\n|move|p1a: Great Tusk|Ice Spinner|p2a: Zapdos\n|-supereffective|p2a: Zapdos\n|-damage|p2a: Zapdos|21\/100\n|\n|upkeep\n|turn|10\n|\n|t:|1700014296\n|-end|p1a: Great Tusk|Protosynthesis|[silent]\n|switch|p1a: Heatran|Heatran, F|96\/100 par\n|move|p2a: Zapdos|Heat Wave|p1a: Heatran\n|-start|p1a: Heatran|ability: Flash Fire\n|\n|upkeep\n|turn|11\n|inactive|Hutallan has 120 seconds left.\n|\n|t:|1700014338\n|switch|p2a: Great Tusk|Great Tusk|84\/100\n|move|p1a: Heatran|Flamethrower|p2a: Great Tusk\n|-damage|p2a: Great Tusk|12\/100\n|\n|upkeep\n|turn|12\n|\n|t:|1700014357\n|-terastallize|p1a: Heatran|Grass\n|move|p2a: Great Tusk|Stealth Rock|p1a: Heatran\n|-sidestart|p1: ziyi1117|move: Stealth Rock\n|move|p1a: Heatran|Flamethrower|p2a: Great Tusk\n|-damage|p2a: Great Tusk|0 fnt\n|faint|p2a: Great Tusk\n|-end|p2a: Great Tusk|Protosynthesis|[silent]\n|\n|upkeep\n|\n|t:|1700014374\n|switch|p2a: Zapdos|Zapdos|21\/100\n|turn|13\n|\n|t:|1700014380\n|move|p2a: Zapdos|Hurricane|p1a: Heatran\n|-supereffective|p1a: Heatran\n|-damage|p1a: Heatran|0 fnt\n|faint|p1a: Heatran\n|\n|upkeep\n|\n|t:|1700014386\n|switch|p1a: Greninja|Greninja, M|100\/100\n|-damage|p1a: Greninja|88\/100|[from] Stealth Rock\n|turn|14\n|\n|t:|1700014397\n|move|p1a: Greninja|Water Shuriken|p2a: Zapdos\n|-damage|p2a: Zapdos|11\/100\n|-damage|p2a: Zapdos|0 fnt\n|faint|p2a: Zapdos\n|-ability|p1a: Greninja|Battle Bond|boost\n|-boost|p1a: Greninja|atk|1\n|-boost|p1a: Greninja|spa|1\n|-boost|p1a: Greninja|spe|1\n|-activate|p1a: Greninja|ability: Battle Bond\n|-hitcount|p2: Zapdos|2\n|-damage|p1a: Greninja|78\/100|[from] item: Life Orb\n|\n|upkeep\n|inactive|Hutallan has 90 seconds left.\n|\n|t:|1700014437\n|switch|p2a: Dragapult|Dragapult, F, shiny|100\/100\n|turn|15\n|\n|t:|1700014444\n|move|p1a: Greninja|Ice Beam|p2a: Dragapult\n|-supereffective|p2a: Dragapult\n|-damage|p2a: Dragapult|0 fnt\n|faint|p2a: Dragapult\n|-damage|p1a: Greninja|69\/100|[from] item: Life Orb\n|\n|upkeep\n|\n|t:|1700014452\n|switch|p2a: Hatterene|Hatterene, F, shiny|100\/100\n|turn|16\n|\n|t:|1700014460\n|move|p1a: Greninja|Water Shuriken|p2a: Hatterene\n|-crit|p2a: Hatterene\n|-damage|p2a: Hatterene|78\/100\n|-damage|p2a: Hatterene|64\/100\n|-hitcount|p2a: Hatterene|2\n|-damage|p1a: Greninja|59\/100|[from] item: Life Orb\n|move|p2a: Hatterene|Draining Kiss|p1a: Greninja\n|-supereffective|p1a: Greninja\n|-damage|p1a: Greninja|0 fnt\n|-heal|p2a: Hatterene|100\/100|[from] drain|[of] p1a: Greninja\n|faint|p1a: Greninja\n|\n|upkeep\n|\n|t:|1700014475\n|switch|p1a: Gholdengo|Gholdengo|100\/100\n|-damage|p1a: Gholdengo|94\/100|[from] Stealth Rock\n|turn|17\n|\n|t:|1700014485\n|move|p1a: Gholdengo|Nasty Plot|p1a: Gholdengo\n|-boost|p1a: Gholdengo|spa|2\n|move|p2a: Hatterene|Nuzzle|p1a: Gholdengo\n|-damage|p1a: Gholdengo|89\/100\n|\n|upkeep\n|turn|18\n|inactive|Hutallan has 90 seconds left.\n|\n|t:|1700014513\n|switch|p2a: Garganacl|Garganacl, F|100\/100\n|move|p1a: Gholdengo|Shadow Ball|p2a: Garganacl\n|-damage|p2a: Garganacl|30\/100\n|\n|-heal|p2a: Garganacl|36\/100|[from] item: Leftovers\n|upkeep\n|turn|19\n|inactive|Hutallan has 90 seconds left.\n|\n|t:|1700014523\n|move|p2a: Garganacl|Protect|p2a: Garganacl\n|-singleturn|p2a: Garganacl|Protect\n|move|p1a: Gholdengo|Shadow Ball|p2a: Garganacl\n|-activate|p2a: Garganacl|move: Protect\n|\n|-heal|p2a: Garganacl|42\/100|[from] item: Leftovers\n|upkeep\n|turn|20\n|inactive|Hutallan has 90 seconds left.\n|\n|t:|1700014535\n|move|p1a: Gholdengo|Shadow Ball|p2a: Garganacl\n|-damage|p2a: Garganacl|0 fnt\n|faint|p2a: Garganacl\n|\n|upkeep\n|inactive|Hutallan has 90 seconds left.\n|\n|t:|1700014541\n|switch|p2a: Hatterene|Hatterene, F, shiny|100\/100\n|turn|21\n|inactive|Hutallan has 90 seconds left.\n|\n|t:|1700014551\n|move|p1a: Gholdengo|Make It Rain|p2a: Hatterene\n|-supereffective|p2a: Hatterene\n|-damage|p2a: Hatterene|0 fnt\n|-unboost|p1a: Gholdengo|spa|1\n|faint|p2a: Hatterene\n|\n|win|ziyi1117\n|raw|ziyi1117's rating: 1155 &rarr; <strong>1176<\/strong><br \/>(+21 for winning)\n|raw|Hutallan's rating: 1103 &rarr; <strong>1082<\/strong><br \/>(-21 for losing)\n","uploadtime":1700014561,"views":15,"p1id":"ziyi1117","p2id":"hutallan","formatid":"gen9ou","rating":1082,"private":0,"password":""}