{"id":"gen9ou-1990772851","p1":"TwoTile","p2":"uiopatty","format":"[Gen 9] OU","log":"|j|\u2606TwoTile\n|j|\u203duiopatty\n|t:|1699999421\n|gametype|singles\n|player|p1|TwoTile|170|1157\n|player|p2|uiopatty|102|1116\n|teamsize|p1|6\n|teamsize|p2|6\n|gen|9\n|tier|[Gen 9] OU\n|rated|\n|rule|Sleep Clause Mod: Limit one foe put to sleep\n|rule|Species Clause: Limit one of each Pok\u00e9mon\n|rule|OHKO Clause: OHKO moves are banned\n|rule|Evasion Items Clause: Evasion items are banned\n|rule|Evasion Moves Clause: Evasion moves are banned\n|rule|Endless Battle Clause: Forcing endless battles is banned\n|rule|HP Percentage Mod: HP is shown in percentages\n|clearpoke\n|poke|p1|Torkoal, F|\n|poke|p1|Gholdengo|\n|poke|p1|Brute Bonnet|\n|poke|p1|Walking Wake|\n|poke|p1|Ribombee, M|\n|poke|p1|Clefable, F|\n|poke|p2|Samurott-Hisui, F|\n|poke|p2|Iron Valiant|\n|poke|p2|Ogerpon-Cornerstone, F|\n|poke|p2|Mandibuzz, F|\n|poke|p2|Garchomp, M|\n|poke|p2|Munkidori, M|\n|teampreview\n|\n|t:|1699999434\n|start\n|switch|p1a: Ribombee|Ribombee, M|100\/100\n|switch|p2a: Samurott|Samurott-Hisui, F|100\/100\n|turn|1\n|\n|t:|1699999456\n|move|p2a: Samurott|Flip Turn|p1a: Ribombee\n|-damage|p1a: Ribombee|39\/100\n|\n|t:|1699999464\n|switch|p2a: Munkidori|Munkidori, M|100\/100|[from] Flip Turn\n|move|p1a: Ribombee|Moonblast|p2a: Munkidori\n|-resisted|p2a: Munkidori\n|-crit|p2a: Munkidori\n|-damage|p2a: Munkidori|77\/100\n|\n|upkeep\n|turn|2\n|\n|t:|1699999476\n|move|p1a: Ribombee|Skill Swap|p2a: Munkidori\n|-activate|p1a: Ribombee|move: Skill Swap|Toxic Chain|Honey Gather|[of] p2a: Munkidori\n|move|p2a: Munkidori|Sludge Wave|p1a: Ribombee\n|-supereffective|p1a: Ribombee\n|-damage|p1a: Ribombee|0 fnt\n|faint|p1a: Ribombee\n|\n|upkeep\n|\n|t:|1699999484\n|switch|p1a: Torkoal|Torkoal, F|100\/100\n|-weather|SunnyDay|[from] ability: Drought|[of] p1a: Torkoal\n|turn|3\n|\n|t:|1699999491\n|switch|p1a: Brute Bonnet|Brute Bonnet|100\/100\n|-activate|p1a: Brute Bonnet|ability: Protosynthesis\n|-start|p1a: Brute Bonnet|protosynthesisatk\n|move|p2a: Munkidori|Future Sight|p1a: Brute Bonnet\n|-start|p2a: Munkidori|move: Future Sight\n|\n|-weather|SunnyDay|[upkeep]\n|upkeep\n|turn|4\n|\n|t:|1699999505\n|move|p1a: Brute Bonnet|Sucker Punch|p2a: Munkidori\n|-supereffective|p2a: Munkidori\n|-damage|p2a: Munkidori|0 fnt\n|faint|p2a: Munkidori\n|\n|-weather|SunnyDay|[upkeep]\n|upkeep\n|\n|t:|1699999523\n|switch|p2a: Iron Valiant|Iron Valiant|100\/100\n|-enditem|p2a: Iron Valiant|Booster Energy\n|-activate|p2a: Iron Valiant|ability: Quark Drive|[fromitem]\n|-start|p2a: Iron Valiant|quarkdrivespe\n|turn|5\n|\n|t:|1699999536\n|move|p2a: Iron Valiant|Moonblast|p1a: Brute Bonnet\n|-supereffective|p1a: Brute Bonnet\n|-damage|p1a: Brute Bonnet|27\/100\n|-unboost|p1a: Brute Bonnet|spa|1\n|move|p1a: Brute Bonnet|Spore|p2a: Iron Valiant\n|-status|p2a: Iron Valiant|slp|[from] move: Spore\n|\n|-weather|SunnyDay|[upkeep]\n|-end|p1a: Brute Bonnet|move: Future Sight\n|-immune|p1a: Brute Bonnet\n|upkeep\n|turn|6\n|\n|t:|1699999546\n|cant|p2a: Iron Valiant|slp\n|move|p1a: Brute Bonnet|Bullet Seed|p2a: Iron Valiant\n|-damage|p2a: Iron Valiant|78\/100 slp\n|-damage|p2a: Iron Valiant|55\/100 slp\n|-damage|p2a: Iron Valiant|30\/100 slp\n|-damage|p2a: Iron Valiant|4\/100 slp\n|-hitcount|p2a: Iron Valiant|4\n|\n|-weather|SunnyDay|[upkeep]\n|upkeep\n|turn|7\n|\n|t:|1699999555\n|move|p1a: Brute Bonnet|Sucker Punch|p2a: Iron Valiant\n|-resisted|p2a: Iron Valiant\n|-damage|p2a: Iron Valiant|0 fnt\n|faint|p2a: Iron Valiant\n|-end|p2a: Iron Valiant|Quark Drive|[silent]\n|\n|-weather|SunnyDay|[upkeep]\n|upkeep\n|\n|t:|1699999558\n|switch|p2a: Garchomp|Garchomp, M|100\/100\n|turn|8\n|\n|t:|1699999566\n|-end|p1a: Brute Bonnet|Protosynthesis|[silent]\n|switch|p1a: Clefable|Clefable, F|100\/100\n|move|p2a: Garchomp|Scale Shot|p1a: Clefable\n|-immune|p1a: Clefable\n|\n|-weather|SunnyDay|[upkeep]\n|upkeep\n|turn|9\n|\n|t:|1699999577\n|move|p2a: Garchomp|Iron Head|p1a: Clefable\n|-supereffective|p1a: Clefable\n|-damage|p1a: Clefable|42\/100\n|move|p1a: Clefable|Wish|p1a: Clefable\n|\n|-weather|SunnyDay|[upkeep]\n|-heal|p1a: Clefable|48\/100|[from] item: Leftovers\n|upkeep\n|turn|10\n|\n|t:|1699999585\n|move|p1a: Clefable|Protect|p1a: Clefable\n|-singleturn|p1a: Clefable|Protect\n|move|p2a: Garchomp|Swords Dance|p2a: Garchomp\n|-boost|p2a: Garchomp|atk|2\n|\n|-weather|none\n|-heal|p1a: Clefable|98\/100|[from] move: Wish|[wisher] Clefable\n|-heal|p1a: Clefable|100\/100|[from] item: Leftovers\n|upkeep\n|turn|11\n|\n|t:|1699999594\n|switch|p1a: Torkoal|Torkoal, F|100\/100\n|-weather|SunnyDay|[from] ability: Drought|[of] p1a: Torkoal\n|move|p2a: Garchomp|Iron Head|p1a: Torkoal\n|-resisted|p1a: Torkoal\n|-damage|p1a: Torkoal|84\/100\n|\n|-weather|SunnyDay|[upkeep]\n|upkeep\n|turn|12\n|\n|t:|1699999603\n|move|p2a: Garchomp|Scale Shot|p1a: Torkoal\n|-damage|p1a: Torkoal|69\/100\n|-damage|p1a: Torkoal|53\/100\n|-damage|p1a: Torkoal|39\/100\n|-damage|p1a: Torkoal|25\/100\n|-damage|p1a: Torkoal|10\/100\n|-hitcount|p1a: Torkoal|5\n|-unboost|p2a: Garchomp|def|1\n|-boost|p2a: Garchomp|spe|1\n|move|p1a: Torkoal|Body Press|p2a: Garchomp\n|-damage|p2a: Garchomp|51\/100\n|-damage|p1a: Torkoal|0 fnt|[from] ability: Rough Skin|[of] p2a: Garchomp\n|faint|p1a: Torkoal\n|\n|-weather|SunnyDay|[upkeep]\n|upkeep\n|\n|t:|1699999608\n|switch|p1a: Walking Wake|Walking Wake|100\/100\n|-activate|p1a: Walking Wake|ability: Protosynthesis\n|-start|p1a: Walking Wake|protosynthesisspe\n|turn|13\n|\n|t:|1699999616\n|move|p1a: Walking Wake|Draco Meteor|p2a: Garchomp\n|-supereffective|p2a: Garchomp\n|-damage|p2a: Garchomp|0 fnt\n|-unboost|p1a: Walking Wake|spa|2\n|faint|p2a: Garchomp\n|\n|-weather|SunnyDay|[upkeep]\n|upkeep\n|\n|t:|1699999624\n|switch|p2a: Samurott|Samurott-Hisui, F|100\/100\n|turn|14\n|\n|t:|1699999628\n|-end|p1a: Walking Wake|Protosynthesis|[silent]\n|switch|p1a: Gholdengo|Gholdengo|100\/100\n|move|p2a: Samurott|Ceaseless Edge|p1a: Gholdengo|[miss]\n|-miss|p2a: Samurott|p1a: Gholdengo\n|\n|-weather|SunnyDay|[upkeep]\n|upkeep\n|turn|15\n|\n|t:|1699999637\n|move|p2a: Samurott|Ceaseless Edge|p1a: Gholdengo\n|-supereffective|p1a: Gholdengo\n|-damage|p1a: Gholdengo|5\/100\n|-sidestart|p1: TwoTile|Spikes\n|move|p1a: Gholdengo|Focus Blast|p2a: Samurott\n|-supereffective|p2a: Samurott\n|-damage|p2a: Samurott|0 fnt\n|faint|p2a: Samurott\n|\n|-weather|SunnyDay|[upkeep]\n|upkeep\n|\n|t:|1699999644\n|switch|p2a: Ogerpon|Ogerpon-Cornerstone, F|100\/100\n|turn|16\n|\n|t:|1699999652\n|move|p2a: Ogerpon|Swords Dance|p2a: Ogerpon\n|-boost|p2a: Ogerpon|atk|2\n|move|p1a: Gholdengo|Focus Blast|p2a: Ogerpon\n|-supereffective|p2a: Ogerpon\n|-ability|p2a: Ogerpon|Sturdy\n|-damage|p2a: Ogerpon|1\/100\n|\n|-weather|SunnyDay|[upkeep]\n|upkeep\n|turn|17\n|\n|t:|1699999657\n|move|p2a: Ogerpon|Horn Leech|p1a: Gholdengo\n|-resisted|p1a: Gholdengo\n|-damage|p1a: Gholdengo|0 fnt\n|-heal|p2a: Ogerpon|4\/100|[from] drain|[of] p1a: Gholdengo\n|faint|p1a: Gholdengo\n|\n|-weather|SunnyDay|[upkeep]\n|upkeep\n|\n|t:|1699999668\n|switch|p1a: Brute Bonnet|Brute Bonnet|27\/100\n|-damage|p1a: Brute Bonnet|15\/100|[from] Spikes\n|-activate|p1a: Brute Bonnet|ability: Protosynthesis\n|-start|p1a: Brute Bonnet|protosynthesisatk\n|turn|18\n|\n|t:|1699999681\n|move|p2a: Ogerpon|Swords Dance|p2a: Ogerpon\n|-boost|p2a: Ogerpon|atk|2\n|move|p1a: Brute Bonnet|Bullet Seed|p2a: Ogerpon\n|-damage|p2a: Ogerpon|0 fnt\n|faint|p2a: Ogerpon\n|-hitcount|p2: Ogerpon|1\n|\n|-weather|none\n|-end|p1a: Brute Bonnet|Protosynthesis\n|upkeep\n|\n|t:|1699999690\n|switch|p2a: Mandibuzz|Mandibuzz, F|100\/100\n|turn|19\n|\n|t:|1699999694\n|-end|p1a: Brute Bonnet|Protosynthesis|[silent]\n|switch|p1a: Clefable|Clefable, F|100\/100\n|-damage|p1a: Clefable|88\/100|[from] Spikes\n|move|p2a: Mandibuzz|Foul Play|p1a: Clefable\n|-resisted|p1a: Clefable\n|-damage|p1a: Clefable|79\/100\n|\n|-heal|p1a: Clefable|85\/100|[from] item: Leftovers\n|upkeep\n|turn|20\n|inactive|Battle timer is ON: inactive players will automatically lose when time's up. (requested by uiopatty)\n|\n|t:|1699999706\n|move|p2a: Mandibuzz|Foul Play|p1a: Clefable\n|-resisted|p1a: Clefable\n|-damage|p1a: Clefable|76\/100\n|move|p1a: Clefable|Healing Wish|p1a: Clefable\n|faint|p1a: Clefable\n|\n|upkeep\n|\n|t:|1699999711\n|switch|p1a: Brute Bonnet|Brute Bonnet|15\/100\n|-heal|p1a: Brute Bonnet|100\/100|[from] move: Healing Wish\n|-damage|p1a: Brute Bonnet|88\/100|[from] Spikes\n|turn|21\n|\n|t:|1699999733\n|move|p2a: Mandibuzz|Foul Play|p1a: Brute Bonnet\n|-resisted|p1a: Brute Bonnet\n|-damage|p1a: Brute Bonnet|65\/100\n|move|p1a: Brute Bonnet|Bullet Seed|p2a: Mandibuzz\n|-resisted|p2a: Mandibuzz\n|-damage|p2a: Mandibuzz|96\/100\n|-resisted|p2a: Mandibuzz\n|-damage|p2a: Mandibuzz|91\/100\n|-resisted|p2a: Mandibuzz\n|-damage|p2a: Mandibuzz|86\/100\n|-resisted|p2a: Mandibuzz\n|-damage|p2a: Mandibuzz|81\/100\n|-resisted|p2a: Mandibuzz\n|-damage|p2a: Mandibuzz|76\/100\n|-hitcount|p2a: Mandibuzz|5\n|\n|upkeep\n|turn|22\n|\n|t:|1699999749\n|move|p2a: Mandibuzz|Foul Play|p1a: Brute Bonnet\n|-resisted|p1a: Brute Bonnet\n|-damage|p1a: Brute Bonnet|42\/100\n|move|p1a: Brute Bonnet|Bullet Seed|p2a: Mandibuzz\n|-resisted|p2a: Mandibuzz\n|-damage|p2a: Mandibuzz|71\/100\n|-resisted|p2a: Mandibuzz\n|-damage|p2a: Mandibuzz|66\/100\n|-resisted|p2a: Mandibuzz\n|-damage|p2a: Mandibuzz|62\/100\n|-resisted|p2a: Mandibuzz\n|-damage|p2a: Mandibuzz|57\/100\n|-resisted|p2a: Mandibuzz\n|-damage|p2a: Mandibuzz|52\/100\n|-hitcount|p2a: Mandibuzz|5\n|\n|upkeep\n|turn|23\n|\n|t:|1699999762\n|-terastallize|p1a: Brute Bonnet|Water\n|move|p2a: Mandibuzz|Foul Play|p1a: Brute Bonnet\n|-damage|p1a: Brute Bonnet|2\/100\n|move|p1a: Brute Bonnet|Tera Blast|p2a: Mandibuzz|[anim] Tera Blast Water\n|-damage|p2a: Mandibuzz|23\/100\n|-enditem|p2a: Mandibuzz|Sitrus Berry|[eat]\n|-heal|p2a: Mandibuzz|48\/100|[from] item: Sitrus Berry\n|\n|upkeep\n|turn|24\n|\n|t:|1699999771\n|move|p1a: Brute Bonnet|Sucker Punch|p2a: Mandibuzz\n|-resisted|p2a: Mandibuzz\n|-damage|p2a: Mandibuzz|33\/100\n|move|p2a: Mandibuzz|Foul Play|p1a: Brute Bonnet\n|-damage|p1a: Brute Bonnet|0 fnt\n|faint|p1a: Brute Bonnet\n|-end|p1a: Brute Bonnet|Protosynthesis|[silent]\n|\n|upkeep\n|\n|t:|1699999777\n|switch|p1a: Walking Wake|Walking Wake|100\/100\n|-damage|p1a: Walking Wake|88\/100|[from] Spikes\n|turn|25\n|\n|t:|1699999788\n|move|p1a: Walking Wake|Hydro Steam|p2a: Mandibuzz\n|-damage|p2a: Mandibuzz|0 fnt\n|faint|p2a: Mandibuzz\n|\n|win|TwoTile\n|raw|TwoTile's rating: 1157 &rarr; <strong>1179<\/strong><br \/>(+22 for winning)\n|raw|uiopatty's rating: 1116 &rarr; <strong>1094<\/strong><br \/>(-22 for losing)\n|l|\u203duiopatty\n|c|\u2606TwoTile|gg\n","uploadtime":1699999834,"views":14,"p1id":"twotile","p2id":"uiopatty","formatid":"gen9ou","rating":1094,"private":0,"password":""}