{"id":"gen9ou-1994585506","p1":"Bakitaladelbarrio","p2":"Fumimico","format":"[Gen 9] OU","log":"|j|\u2606Bakitaladelbarrio\n|j|\u2606Fumimico\n|t:|1700464511\n|gametype|singles\n|player|p1|Bakitaladelbarrio|colress|1404\n|player|p2|Fumimico|backersf|1401\n|teamsize|p1|6\n|teamsize|p2|6\n|gen|9\n|tier|[Gen 9] OU\n|rated|\n|rule|Sleep Clause Mod: Limit one foe put to sleep\n|rule|Species Clause: Limit one of each Pok\u00e9mon\n|rule|OHKO Clause: OHKO moves are banned\n|rule|Evasion Items Clause: Evasion items are banned\n|rule|Evasion Moves Clause: Evasion moves are banned\n|rule|Endless Battle Clause: Forcing endless battles is banned\n|rule|HP Percentage Mod: HP is shown in percentages\n|clearpoke\n|poke|p1|Okidogi, M|\n|poke|p1|Corviknight, M|\n|poke|p1|Hoopa-Unbound|\n|poke|p1|Sinistcha-Masterpiece|\n|poke|p1|Cinderace, M|\n|poke|p1|Slowking-Galar, F|\n|poke|p2|Sylveon, M|\n|poke|p2|Meowscarada, M|\n|poke|p2|Iron Moth|\n|poke|p2|Iron Treads|\n|poke|p2|Slowking-Galar, M|\n|poke|p2|Rotom-Wash|\n|teampreview\n|inactive|Battle timer is ON: inactive players will automatically lose when time's up. (requested by Fumimico)\n|\n|t:|1700464529\n|start\n|switch|p1a: Cinderace|Cinderace, M|100\/100\n|switch|p2a: Meowscarada|Meowscarada, M|100\/100\n|turn|1\n|\n|t:|1700464538\n|switch|p1a: Corviknight|Corviknight, M|100\/100\n|-ability|p1a: Corviknight|Pressure\n|move|p2a: Meowscarada|U-turn|p1a: Corviknight\n|-start|p2a: Meowscarada|typechange|Bug|[from] ability: Protean\n|-resisted|p1a: Corviknight\n|-damage|p1a: Corviknight|93\/100\n|\n|t:|1700464553\n|switch|p2a: Rotom|Rotom-Wash|100\/100|[from] U-turn\n|\n|-heal|p1a: Corviknight|99\/100|[from] item: Leftovers\n|upkeep\n|turn|2\n|\n|t:|1700464561\n|switch|p1a: Slowking|Slowking-Galar, F|100\/100\n|move|p2a: Rotom|Will-O-Wisp|p1a: Slowking\n|-status|p1a: Slowking|brn\n|\n|-damage|p1a: Slowking|94\/100 brn|[from] brn\n|upkeep\n|turn|3\n|\n|t:|1700464571\n|move|p2a: Rotom|Protect|p2a: Rotom\n|-singleturn|p2a: Rotom|Protect\n|move|p1a: Slowking|Chilly Reception|p1a: Slowking\n|-weather|Snow\n|\n|t:|1700464580\n|switch|p1a: Hoopa|Hoopa-Unbound|100\/100|[from] Chilly Reception\n|\n|-weather|Snow|[upkeep]\n|upkeep\n|turn|4\n|\n|t:|1700464594\n|move|p1a: Hoopa|Knock Off|p2a: Rotom\n|-damage|p2a: Rotom|55\/100\n|-enditem|p2a: Rotom|Leftovers|[from] move: Knock Off|[of] p1a: Hoopa\n|move|p2a: Rotom|Volt Switch|p1a: Hoopa\n|-damage|p1a: Hoopa|87\/100\n|\n|t:|1700464603\n|switch|p2a: Meowscarada|Meowscarada, M|100\/100|[from] Volt Switch\n|\n|-weather|Snow|[upkeep]\n|upkeep\n|turn|5\n|\n|t:|1700464609\n|switch|p1a: Corviknight|Corviknight, M|99\/100\n|-ability|p1a: Corviknight|Pressure\n|move|p2a: Meowscarada|U-turn|p1a: Corviknight\n|-start|p2a: Meowscarada|typechange|Bug|[from] ability: Protean\n|-resisted|p1a: Corviknight\n|-damage|p1a: Corviknight|92\/100\n|\n|t:|1700464617\n|switch|p2a: Iron Moth|Iron Moth|100\/100|[from] U-turn\n|-enditem|p2a: Iron Moth|Booster Energy\n|-activate|p2a: Iron Moth|ability: Quark Drive|[fromitem]\n|-start|p2a: Iron Moth|quarkdrivespe\n|\n|-weather|Snow|[upkeep]\n|-heal|p1a: Corviknight|98\/100|[from] item: Leftovers\n|upkeep\n|turn|6\n|\n|t:|1700464626\n|switch|p1a: Slowking|Slowking-Galar, F|100\/100 brn\n|move|p2a: Iron Moth|Substitute|p2a: Iron Moth\n|-start|p2a: Iron Moth|Substitute\n|-damage|p2a: Iron Moth|76\/100\n|\n|-weather|Snow|[upkeep]\n|-damage|p1a: Slowking|94\/100 brn|[from] brn\n|upkeep\n|turn|7\n|\n|t:|1700464635\n|move|p2a: Iron Moth|Fiery Dance|p1a: Slowking\n|-damage|p1a: Slowking|71\/100 brn\n|-boost|p2a: Iron Moth|spa|1\n|move|p1a: Slowking|Future Sight|p2a: Iron Moth\n|-start|p1a: Slowking|move: Future Sight\n|\n|-weather|none\n|-damage|p1a: Slowking|65\/100 brn|[from] brn\n|upkeep\n|turn|8\n|inactive|Fumimico has 120 seconds left.\n|\n|t:|1700464667\n|move|p2a: Iron Moth|Fiery Dance|p1a: Slowking\n|-damage|p1a: Slowking|27\/100 brn\n|move|p1a: Slowking|Earthquake|p2a: Iron Moth\n|-supereffective|p2a: Iron Moth\n|-end|p2a: Iron Moth|Substitute\n|\n|-damage|p1a: Slowking|21\/100 brn|[from] brn\n|upkeep\n|turn|9\n|inactive|Fumimico has 120 seconds left.\n|\n|t:|1700464681\n|switch|p1a: Hoopa|Hoopa-Unbound|87\/100\n|-terastallize|p2a: Iron Moth|Ground\n|move|p2a: Iron Moth|Fiery Dance|p1a: Hoopa\n|-damage|p1a: Hoopa|49\/100\n|\n|-end|p2a: Iron Moth|move: Future Sight\n|-damage|p2a: Iron Moth|26\/100\n|upkeep\n|turn|10\n|\n|t:|1700464700\n|move|p2a: Iron Moth|Fiery Dance|p1a: Hoopa\n|-damage|p1a: Hoopa|10\/100\n|move|p1a: Hoopa|Hyperspace Fury|p2a: Iron Moth\n|-damage|p2a: Iron Moth|0 fnt\n|-unboost|p1a: Hoopa|def|1\n|faint|p2a: Iron Moth\n|-end|p2a: Iron Moth|Quark Drive|[silent]\n|\n|upkeep\n|\n|t:|1700464705\n|switch|p2a: Meowscarada|Meowscarada, M|100\/100\n|turn|11\n|\n|t:|1700464713\n|switch|p1a: Corviknight|Corviknight, M|98\/100\n|-ability|p1a: Corviknight|Pressure\n|move|p2a: Meowscarada|Knock Off|p1a: Corviknight\n|-start|p2a: Meowscarada|typechange|Dark|[from] ability: Protean\n|-damage|p1a: Corviknight|60\/100\n|-enditem|p1a: Corviknight|Leftovers|[from] move: Knock Off|[of] p2a: Meowscarada\n|\n|upkeep\n|turn|12\n|\n|t:|1700464725\n|switch|p2a: Iron Treads|Iron Treads|100\/100\n|move|p1a: Corviknight|U-turn|p2a: Iron Treads\n|-resisted|p2a: Iron Treads\n|-damage|p2a: Iron Treads|95\/100\n|\n|t:|1700464731\n|switch|p1a: Sinistcha|Sinistcha-Masterpiece|100\/100|[from] U-turn\n|\n|-heal|p2a: Iron Treads|100\/100|[from] item: Leftovers\n|upkeep\n|turn|13\n|\n|t:|1700464742\n|move|p2a: Iron Treads|Volt Switch|p1a: Sinistcha\n|-resisted|p1a: Sinistcha\n|-damage|p1a: Sinistcha|93\/100\n|\n|t:|1700464746\n|-end|p2a: Iron Treads|Quark Drive|[silent]\n|switch|p2a: Slowking|Slowking-Galar, M|100\/100|[from] Volt Switch\n|move|p1a: Sinistcha|Strength Sap|p2a: Slowking\n|-unboost|p2a: Slowking|atk|1\n|-heal|p1a: Sinistcha|100\/100\n|\n|upkeep\n|turn|14\n|\n|t:|1700464760\n|switch|p1a: Slowking|Slowking-Galar, F|54\/100 brn\n|move|p2a: Slowking|Future Sight|p1a: Slowking\n|-start|p2a: Slowking|move: Future Sight\n|\n|-damage|p1a: Slowking|48\/100 brn|[from] brn\n|upkeep\n|turn|15\n|\n|t:|1700464767\n|move|p1a: Slowking|Chilly Reception|p1a: Slowking\n|-weather|Snow\n|\n|t:|1700464772\n|switch|p1a: Hoopa|Hoopa-Unbound|10\/100|[from] Chilly Reception\n|move|p2a: Slowking|Chilly Reception|p2a: Slowking\n|\n|t:|1700464778\n|switch|p2a: Meowscarada|Meowscarada, M|100\/100|[from] Chilly Reception\n|\n|-weather|Snow|[upkeep]\n|upkeep\n|turn|16\n|\n|t:|1700464784\n|move|p2a: Meowscarada|U-turn|p1a: Hoopa\n|-start|p2a: Meowscarada|typechange|Bug|[from] ability: Protean\n|-supereffective|p1a: Hoopa\n|-damage|p1a: Hoopa|0 fnt\n|faint|p1a: Hoopa\n|\n|t:|1700464794\n|switch|p2a: Slowking|Slowking-Galar, M|100\/100|[from] U-turn\n|\n|-weather|Snow|[upkeep]\n|-hint|Future Sight did not hit because the target is fainted.\n|upkeep\n|\n|t:|1700464807\n|switch|p1a: Okidogi|Okidogi, M|100\/100\n|turn|17\n|\n|t:|1700464811\n|move|p1a: Okidogi|Bulk Up|p1a: Okidogi\n|-boost|p1a: Okidogi|atk|1\n|-boost|p1a: Okidogi|def|1\n|move|p2a: Slowking|Chilly Reception|p2a: Slowking\n|\n|t:|1700464815\n|switch|p2a: Rotom|Rotom-Wash|55\/100|[from] Chilly Reception\n|\n|-weather|Snow|[upkeep]\n|upkeep\n|turn|18\n|\n|t:|1700464823\n|switch|p1a: Cinderace|Cinderace, M|100\/100\n|move|p2a: Rotom|Will-O-Wisp|p1a: Cinderace\n|-immune|p1a: Cinderace\n|\n|-weather|Snow|[upkeep]\n|upkeep\n|turn|19\n|\n|t:|1700464831\n|move|p2a: Rotom|Protect|p2a: Rotom\n|-singleturn|p2a: Rotom|Protect\n|move|p1a: Cinderace|U-turn|p2a: Rotom\n|-start|p1a: Cinderace|typechange|Bug|[from] ability: Libero\n|-activate|p2a: Rotom|move: Protect\n|\n|-weather|none\n|upkeep\n|turn|20\n|\n|t:|1700464840\n|move|p1a: Cinderace|U-turn|p2a: Rotom\n|-damage|p2a: Rotom|29\/100\n|\n|t:|1700464842\n|switch|p1a: Slowking|Slowking-Galar, F|81\/100 brn|[from] U-turn\n|move|p2a: Rotom|Volt Switch|p1a: Slowking\n|-damage|p1a: Slowking|66\/100 brn\n|\n|t:|1700464849\n|switch|p2a: Meowscarada|Meowscarada, M|100\/100|[from] Volt Switch\n|\n|-damage|p1a: Slowking|60\/100 brn|[from] brn\n|upkeep\n|turn|21\n|\n|t:|1700464856\n|switch|p1a: Corviknight|Corviknight, M|60\/100\n|-ability|p1a: Corviknight|Pressure\n|move|p2a: Meowscarada|Knock Off|p1a: Corviknight\n|-start|p2a: Meowscarada|typechange|Dark|[from] ability: Protean\n|-damage|p1a: Corviknight|32\/100\n|\n|upkeep\n|turn|22\n|\n|t:|1700464866\n|move|p2a: Meowscarada|Knock Off|p1a: Corviknight\n|-damage|p1a: Corviknight|4\/100\n|move|p1a: Corviknight|Roost|p1a: Corviknight\n|-heal|p1a: Corviknight|54\/100\n|-singleturn|p1a: Corviknight|move: Roost\n|\n|upkeep\n|turn|23\n|\n|t:|1700464873\n|switch|p2a: Rotom|Rotom-Wash|29\/100\n|move|p1a: Corviknight|Roost|p1a: Corviknight\n|-heal|p1a: Corviknight|100\/100\n|-singleturn|p1a: Corviknight|move: Roost\n|\n|upkeep\n|turn|24\n|\n|t:|1700464881\n|switch|p1a: Slowking|Slowking-Galar, F|93\/100 brn\n|move|p2a: Rotom|Volt Switch|p1a: Slowking\n|-damage|p1a: Slowking|80\/100 brn\n|\n|t:|1700464889\n|switch|p2a: Iron Treads|Iron Treads|100\/100|[from] Volt Switch\n|\n|-damage|p1a: Slowking|74\/100 brn|[from] brn\n|upkeep\n|turn|25\n|\n|t:|1700464899\n|switch|p1a: Corviknight|Corviknight, M|100\/100\n|-ability|p1a: Corviknight|Pressure\n|move|p2a: Iron Treads|Earthquake|p1a: Corviknight\n|-immune|p1a: Corviknight\n|\n|upkeep\n|turn|26\n|\n|t:|1700464907\n|move|p2a: Iron Treads|Volt Switch|p1a: Corviknight\n|-supereffective|p1a: Corviknight\n|-damage|p1a: Corviknight|79\/100\n|\n|t:|1700464911\n|-end|p2a: Iron Treads|Quark Drive|[silent]\n|switch|p2a: Rotom|Rotom-Wash|29\/100|[from] Volt Switch\n|move|p1a: Corviknight|U-turn|p2a: Rotom\n|-damage|p2a: Rotom|17\/100\n|\n|t:|1700464920\n|switch|p1a: Cinderace|Cinderace, M|100\/100|[from] U-turn\n|\n|upkeep\n|turn|27\n|\n|t:|1700464927\n|move|p1a: Cinderace|U-turn|p2a: Rotom\n|-start|p1a: Cinderace|typechange|Bug|[from] ability: Libero\n|-damage|p2a: Rotom|0 fnt\n|faint|p2a: Rotom\n|\n|t:|1700464935\n|switch|p1a: Okidogi|Okidogi, M|100\/100|[from] U-turn\n|\n|upkeep\n|\n|t:|1700464948\n|switch|p2a: Sylveon|Sylveon, M|100\/100\n|turn|28\n|\n|t:|1700464955\n|move|p1a: Okidogi|Knock Off|p2a: Sylveon\n|-resisted|p2a: Sylveon\n|-damage|p2a: Sylveon|77\/100\n|-enditem|p2a: Sylveon|Choice Specs|[from] move: Knock Off|[of] p1a: Okidogi\n|move|p2a: Sylveon|Psyshock|p1a: Okidogi\n|-supereffective|p1a: Okidogi\n|-damage|p1a: Okidogi|10\/100\n|\n|-heal|p1a: Okidogi|16\/100|[from] item: Leftovers\n|upkeep\n|turn|29\n|\n|t:|1700464966\n|switch|p1a: Corviknight|Corviknight, M|79\/100\n|-ability|p1a: Corviknight|Pressure\n|move|p2a: Sylveon|Shadow Ball|p1a: Corviknight\n|-damage|p1a: Corviknight|52\/100\n|\n|upkeep\n|turn|30\n|\n|t:|1700464975\n|move|p2a: Sylveon|Shadow Ball|p1a: Corviknight\n|-damage|p1a: Corviknight|28\/100\n|-unboost|p1a: Corviknight|spd|1\n|move|p1a: Corviknight|Roost|p1a: Corviknight\n|-heal|p1a: Corviknight|78\/100\n|-singleturn|p1a: Corviknight|move: Roost\n|\n|upkeep\n|turn|31\n|\n|t:|1700464988\n|switch|p1a: Cinderace|Cinderace, M|100\/100\n|move|p2a: Sylveon|Shadow Ball|p1a: Cinderace\n|-damage|p1a: Cinderace|65\/100\n|-unboost|p1a: Cinderace|spd|1\n|\n|upkeep\n|turn|32\n|\n|t:|1700465013\n|move|p1a: Cinderace|Pyro Ball|p2a: Sylveon\n|-damage|p2a: Sylveon|0 fnt\n|faint|p2a: Sylveon\n|\n|upkeep\n|-message|Fumimico forfeited.\n|\n|win|Bakitaladelbarrio\n|raw|Bakitaladelbarrio's rating: 1404 &rarr; <strong>1424<\/strong><br \/>(+20 for winning)\n|raw|Fumimico's rating: 1401 &rarr; <strong>1381<\/strong><br \/>(-20 for losing)\n|l|\u2606Fumimico\n","uploadtime":1700465025,"views":10,"p1id":"bakitaladelbarrio","p2id":"fumimico","formatid":"gen9ou","rating":1381,"private":0,"password":""}