{"id":"gen9ou-1990349080","p1":"Ahsanul","p2":"Epimenides T","format":"[Gen 9] OU","log":"|j|\u2606Ahsanul\n|j|\u2606Epimenides T\n|t:|1699960481\n|gametype|singles\n|player|p1|Ahsanul|ghetsis-gen5bw|1191\n|player|p2|Epimenides T|ingo|1118\n|teamsize|p1|6\n|teamsize|p2|6\n|gen|9\n|tier|[Gen 9] OU\n|rated|\n|rule|Sleep Clause Mod: Limit one foe put to sleep\n|rule|Species Clause: Limit one of each Pok\u00e9mon\n|rule|OHKO Clause: OHKO moves are banned\n|rule|Evasion Items Clause: Evasion items are banned\n|rule|Evasion Moves Clause: Evasion moves are banned\n|rule|Endless Battle Clause: Forcing endless battles is banned\n|rule|HP Percentage Mod: HP is shown in percentages\n|clearpoke\n|poke|p1|Iron Moth|\n|poke|p1|Ribombee, F|\n|poke|p1|Kommo-o, F|\n|poke|p1|Meowscarada, F|\n|poke|p1|Sneasler, M|\n|poke|p1|Gholdengo|\n|poke|p2|Breloom, M|\n|poke|p2|Dragapult, M|\n|poke|p2|Heatran, M|\n|poke|p2|Great Tusk|\n|poke|p2|Zapdos|\n|poke|p2|Ogerpon-Wellspring, F|\n|teampreview\n|inactive|Battle timer is ON: inactive players will automatically lose when time's up. (requested by Epimenides T)\n|\n|t:|1699960487\n|start\n|switch|p1a: Ribombee|Ribombee, F|100\/100\n|switch|p2a: Heatran|Heatran, M|100\/100\n|turn|1\n|\n|t:|1699960493\n|move|p1a: Ribombee|Stun Spore|p2a: Heatran\n|-status|p2a: Heatran|par\n|move|p2a: Heatran|Magma Storm|p1a: Ribombee\n|-supereffective|p1a: Ribombee\n|-enditem|p1a: Ribombee|Focus Sash\n|-damage|p1a: Ribombee|1\/100\n|-activate|p1a: Ribombee|move: Magma Storm|[of] p2a: Heatran\n|\n|-damage|p1a: Ribombee|0 fnt|[from] move: Magma Storm|[partiallytrapped]\n|faint|p1a: Ribombee\n|upkeep\n|inactive|Ahsanul has 120 seconds left.\n|\n|t:|1699960546\n|switch|p1a: Gholdengo|Gholdengo|100\/100\n|-item|p1a: Gholdengo|Air Balloon\n|turn|2\n|\n|t:|1699960554\n|move|p1a: Gholdengo|Focus Blast|p2a: Heatran\n|-supereffective|p2a: Heatran\n|-damage|p2a: Heatran|51\/100 par\n|cant|p2a: Heatran|par\n|\n|-heal|p2a: Heatran|57\/100 par|[from] item: Leftovers\n|upkeep\n|turn|3\n|\n|t:|1699960563\n|move|p1a: Gholdengo|Focus Blast|p2a: Heatran\n|-supereffective|p2a: Heatran\n|-damage|p2a: Heatran|6\/100 par\n|-unboost|p2a: Heatran|spd|1\n|move|p2a: Heatran|Magma Storm|p1a: Gholdengo|[miss]\n|-miss|p2a: Heatran|p1a: Gholdengo\n|\n|-heal|p2a: Heatran|12\/100 par|[from] item: Leftovers\n|upkeep\n|turn|4\n|\n|t:|1699960573\n|move|p1a: Gholdengo|Dazzling Gleam|p2a: Heatran\n|-resisted|p2a: Heatran\n|-damage|p2a: Heatran|5\/100 par\n|move|p2a: Heatran|Magma Storm|p1a: Gholdengo\n|-supereffective|p1a: Gholdengo\n|-damage|p1a: Gholdengo|3\/100\n|-activate|p1a: Gholdengo|move: Magma Storm|[of] p2a: Heatran\n|-enditem|p1a: Gholdengo|Air Balloon\n|\n|-heal|p2a: Heatran|11\/100 par|[from] item: Leftovers\n|-damage|p1a: Gholdengo|0 fnt|[from] move: Magma Storm|[partiallytrapped]\n|faint|p1a: Gholdengo\n|upkeep\n|\n|t:|1699960586\n|switch|p1a: Pum|Iron Moth|100\/100\n|-enditem|p1a: Pum|Booster Energy\n|-activate|p1a: Pum|ability: Quark Drive|[fromitem]\n|-start|p1a: Pum|quarkdrivespe\n|turn|5\n|\n|t:|1699960596\n|move|p1a: Pum|Substitute|p1a: Pum\n|-start|p1a: Pum|Substitute\n|-damage|p1a: Pum|76\/100\n|move|p2a: Heatran|Earth Power|p1a: Pum\n|-supereffective|p1a: Pum\n|-end|p1a: Pum|Substitute\n|\n|-heal|p2a: Heatran|18\/100 par|[from] item: Leftovers\n|upkeep\n|turn|6\n|inactive|Ahsanul has 120 seconds left.\n|\n|t:|1699960607\n|-terastallize|p1a: Pum|Ground\n|move|p1a: Pum|Tera Blast|p2a: Heatran|[anim] Tera Blast Ground\n|-supereffective|p2a: Heatran\n|-damage|p2a: Heatran|0 fnt\n|faint|p2a: Heatran\n|\n|upkeep\n|\n|t:|1699960628\n|switch|p2a: Dragapult|Dragapult, M|100\/100\n|turn|7\n|inactive|Ahsanul has 120 seconds left.\n|\n|t:|1699960646\n|-terastallize|p2a: Dragapult|Ghost\n|move|p1a: Pum|Substitute|p1a: Pum\n|-start|p1a: Pum|Substitute\n|-damage|p1a: Pum|51\/100\n|move|p2a: Dragapult|Hydro Pump|p1a: Pum|[miss]\n|-miss|p2a: Dragapult|p1a: Pum\n|\n|upkeep\n|turn|8\n|inactive|Ahsanul has 120 seconds left.\n|\n|t:|1699960654\n|move|p1a: Pum|Sludge Wave|p2a: Dragapult\n|-resisted|p2a: Dragapult\n|-damage|p2a: Dragapult|69\/100\n|move|p2a: Dragapult|Hydro Pump|p1a: Pum|[miss]\n|-miss|p2a: Dragapult|p1a: Pum\n|\n|upkeep\n|turn|9\n|\n|t:|1699960661\n|move|p1a: Pum|Tera Blast|p2a: Dragapult|[anim] Tera Blast Ground\n|-damage|p2a: Dragapult|19\/100\n|move|p2a: Dragapult|Hydro Pump|p1a: Pum\n|-supereffective|p1a: Pum\n|-damage|p1a: Pum|0 fnt\n|faint|p1a: Pum\n|-end|p1a: Pum|Quark Drive|[silent]\n|\n|upkeep\n|\n|t:|1699960671\n|switch|p1a: Meowscarada|Meowscarada, F|100\/100\n|turn|10\n|\n|t:|1699960675\n|switch|p2a: Zapdos|Zapdos|100\/100\n|move|p1a: Meowscarada|Dark Pulse|p2a: Zapdos\n|-start|p1a: Meowscarada|typechange|Dark|[from] ability: Protean\n|-damage|p2a: Zapdos|74\/100\n|\n|upkeep\n|turn|11\n|\n|t:|1699960684\n|move|p1a: Meowscarada|Dark Pulse|p2a: Zapdos\n|-damage|p2a: Zapdos|48\/100\n|move|p2a: Zapdos|Hurricane|p1a: Meowscarada\n|-damage|p1a: Meowscarada|7\/100\n|-start|p1a: Meowscarada|confusion\n|\n|upkeep\n|turn|12\n|\n|t:|1699960692\n|-activate|p1a: Meowscarada|confusion\n|move|p1a: Meowscarada|Dark Pulse|p2a: Zapdos\n|-damage|p2a: Zapdos|18\/100\n|move|p2a: Zapdos|Roost|p2a: Zapdos\n|-heal|p2a: Zapdos|68\/100\n|-singleturn|p2a: Zapdos|move: Roost\n|\n|upkeep\n|turn|13\n|\n|t:|1699960700\n|-end|p1a: Meowscarada|confusion\n|move|p1a: Meowscarada|Dark Pulse|p2a: Zapdos\n|-damage|p2a: Zapdos|39\/100\n|cant|p2a: Zapdos|flinch\n|\n|upkeep\n|turn|14\n|\n|t:|1699960709\n|move|p1a: Meowscarada|Dark Pulse|p2a: Zapdos\n|-damage|p2a: Zapdos|8\/100\n|move|p2a: Zapdos|Roost|p2a: Zapdos\n|-heal|p2a: Zapdos|58\/100\n|-singleturn|p2a: Zapdos|move: Roost\n|\n|upkeep\n|turn|15\n|\n|t:|1699960717\n|move|p1a: Meowscarada|Dark Pulse|p2a: Zapdos\n|-damage|p2a: Zapdos|30\/100\n|move|p2a: Zapdos|Volt Switch|p1a: Meowscarada\n|-damage|p1a: Meowscarada|0 fnt\n|faint|p1a: Meowscarada\n|\n|t:|1699960731\n|switch|p2a: Breloom|Breloom, M|100\/100|[from] Volt Switch\n|\n|-status|p2a: Breloom|tox|[from] item: Toxic Orb\n|upkeep\n|\n|t:|1699960751\n|switch|p1a: Sneasler|Sneasler, M|100\/100\n|turn|16\n|\n|t:|1699960758\n|move|p1a: Sneasler|Fake Out|p2a: Breloom\n|-enditem|p1a: Sneasler|Normal Gem|[from] gem\n|-damage|p2a: Breloom|83\/100 tox\n|cant|p2a: Breloom|flinch\n|\n|-heal|p2a: Breloom|96\/100 tox|[from] ability: Poison Heal\n|upkeep\n|turn|17\n|\n|t:|1699960766\n|move|p1a: Sneasler|Acrobatics|p2a: Breloom\n|-supereffective|p2a: Breloom\n|-damage|p2a: Breloom|0 fnt\n|faint|p2a: Breloom\n|\n|upkeep\n|\n|t:|1699960772\n|switch|p2a: Zapdos|Zapdos|30\/100\n|turn|18\n|\n|t:|1699960778\n|move|p1a: Sneasler|Dire Claw|p2a: Zapdos\n|-damage|p2a: Zapdos|0 fnt\n|faint|p2a: Zapdos\n|\n|upkeep\n|\n|t:|1699960785\n|switch|p2a: Great Tusk|Great Tusk|100\/100\n|turn|19\n|\n|t:|1699960791\n|move|p1a: Sneasler|Acrobatics|p2a: Great Tusk\n|-supereffective|p2a: Great Tusk\n|-damage|p2a: Great Tusk|43\/100\n|move|p2a: Great Tusk|Ice Spinner|p1a: Sneasler\n|-damage|p1a: Sneasler|53\/100\n|\n|upkeep\n|turn|20\n|\n|t:|1699960798\n|move|p1a: Sneasler|Acrobatics|p2a: Great Tusk\n|-supereffective|p2a: Great Tusk\n|-damage|p2a: Great Tusk|0 fnt\n|faint|p2a: Great Tusk\n|-end|p2a: Great Tusk|Protosynthesis|[silent]\n|\n|upkeep\n|\n|t:|1699960804\n|switch|p2a: Dragapult|Dragapult, M, tera:Ghost|19\/100\n|turn|21\n|\n|t:|1699960811\n|move|p1a: Sneasler|Acrobatics|p2a: Dragapult\n|-damage|p2a: Dragapult|0 fnt\n|faint|p2a: Dragapult\n|\n|upkeep\n|-message|Epimenides T forfeited.\n|\n|win|Ahsanul\n|raw|Ahsanul's rating: 1191 &rarr; <strong>1211<\/strong><br \/>(+20 for winning)\n|raw|Epimenides T's rating: 1118 &rarr; <strong>1098<\/strong><br \/>(-20 for losing)\n|l|\u2606Epimenides T\n","uploadtime":1699960823,"views":13,"p1id":"ahsanul","p2id":"epimenidest","formatid":"gen9ou","rating":1098,"private":0,"password":""}