{"id":"gen9ou-1990085042","p1":"jeffthebum","p2":"teacherba'sfan","format":"[Gen 9] OU","log":"|j|\u2606jeffthebum\n|j|\u2606teacherba'sfan\n|t:|1699922922\n|gametype|singles\n|player|p1|jeffthebum|emmet|1073\n|player|p2|teacherba'sfan|101|1187\n|teamsize|p1|6\n|teamsize|p2|6\n|gen|9\n|tier|[Gen 9] OU\n|rated|\n|rule|Sleep Clause Mod: Limit one foe put to sleep\n|rule|Species Clause: Limit one of each Pok\u00e9mon\n|rule|OHKO Clause: OHKO moves are banned\n|rule|Evasion Items Clause: Evasion items are banned\n|rule|Evasion Moves Clause: Evasion moves are banned\n|rule|Endless Battle Clause: Forcing endless battles is banned\n|rule|HP Percentage Mod: HP is shown in percentages\n|clearpoke\n|poke|p1|Yanmega, M|\n|poke|p1|Milotic, M|\n|poke|p1|Ribombee, M|\n|poke|p1|Cyclizar, M|\n|poke|p1|Leavanny, F|\n|poke|p1|Magneton|\n|poke|p2|Espeon, F|\n|poke|p2|Magnezone|\n|poke|p2|Milotic, F|\n|poke|p2|Infernape, M|\n|poke|p2|Gengar, M|\n|poke|p2|Dragonite, M|\n|teampreview\n|inactive|Battle timer is ON: inactive players will automatically lose when time's up. (requested by teacherba'sfan)\n|\n|t:|1699922948\n|start\n|switch|p1a: Ribombee|Ribombee, M|100\/100\n|switch|p2a: Espeon|Espeon, F|100\/100\n|turn|1\n|\n|t:|1699922954\n|move|p2a: Espeon|Trick|p1a: Ribombee\n|-activate|p2a: Espeon|move: Trick|[of] p1a: Ribombee\n|-item|p1a: Ribombee|Choice Scarf|[from] move: Trick\n|-item|p2a: Espeon|Focus Sash|[from] move: Trick\n|move|p1a: Ribombee|Skill Swap|p2a: Espeon\n|-activate|p1a: Ribombee|move: Skill Swap|Magic Bounce|Shield Dust|[of] p2a: Espeon\n|\n|upkeep\n|turn|2\n|\n|t:|1699922967\n|switch|p1a: Yanmega|Yanmega, M|100\/100\n|move|p2a: Espeon|Psychic|p1a: Yanmega\n|-damage|p1a: Yanmega|19\/100\n|\n|upkeep\n|turn|3\n|\n|t:|1699922973\n|move|p1a: Yanmega|Protect|p1a: Yanmega\n|-singleturn|p1a: Yanmega|Protect\n|move|p2a: Espeon|Psychic|p1a: Yanmega\n|-activate|p1a: Yanmega|move: Protect\n|\n|-ability|p1a: Yanmega|Speed Boost|boost\n|-boost|p1a: Yanmega|spe|1\n|upkeep\n|turn|4\n|\n|t:|1699922987\n|move|p1a: Yanmega|Bug Buzz|p2a: Espeon\n|-supereffective|p2a: Espeon\n|-enditem|p2a: Espeon|Focus Sash\n|-damage|p2a: Espeon|1\/100\n|-enditem|p1a: Yanmega|Throat Spray\n|-boost|p1a: Yanmega|spa|1|[from] item: Throat Spray\n|move|p2a: Espeon|Psychic|p1a: Yanmega\n|-damage|p1a: Yanmega|0 fnt\n|faint|p1a: Yanmega\n|\n|upkeep\n|\n|t:|1699922993\n|switch|p1a: Ribombee|Ribombee, M|100\/100\n|turn|5\n|\n|t:|1699923010\n|switch|p2a: Infernape|Infernape, M|100\/100\n|move|p1a: Ribombee|Sticky Web|p2a: Infernape\n|-sidestart|p2: teacherba'sfan|move: Sticky Web\n|\n|upkeep\n|turn|6\n|\n|t:|1699923016\n|switch|p1a: Milotic|Milotic, M|100\/100\n|move|p2a: Infernape|Fire Punch|p1a: Milotic\n|-resisted|p1a: Milotic\n|-damage|p1a: Milotic|79\/100\n|\n|-heal|p1a: Milotic|85\/100|[from] item: Leftovers\n|upkeep\n|turn|7\n|\n|t:|1699923028\n|move|p2a: Infernape|U-turn|p1a: Milotic\n|-damage|p1a: Milotic|64\/100\n|\n|t:|1699923031\n|switch|p2a: Magnezone|Magnezone|100\/100|[from] U-turn\n|-activate|p2a: Magnezone|move: Sticky Web\n|-unboost|p2a: Magnezone|spe|1\n|move|p1a: Milotic|Scald|p2a: Magnezone\n|-damage|p2a: Magnezone|77\/100\n|-status|p2a: Magnezone|brn\n|\n|-heal|p1a: Milotic|70\/100|[from] item: Leftovers\n|-damage|p2a: Magnezone|71\/100 brn|[from] brn\n|upkeep\n|turn|8\n|\n|t:|1699923058\n|switch|p1a: Magneton|Magneton|100\/100\n|move|p2a: Magnezone|Thunderbolt|p1a: Magneton\n|-resisted|p1a: Magneton\n|-damage|p1a: Magneton|70\/100\n|\n|-damage|p2a: Magnezone|65\/100 brn|[from] brn\n|upkeep\n|turn|9\n|\n|t:|1699923067\n|-terastallize|p1a: Magneton|Fire\n|move|p1a: Magneton|Tera Blast|p2a: Magnezone|[anim] Tera Blast Fire\n|-supereffective|p2a: Magnezone\n|-damage|p2a: Magnezone|0 fnt\n|faint|p2a: Magnezone\n|\n|upkeep\n|\n|t:|1699923075\n|switch|p2a: Milotic|Milotic, F|100\/100\n|-activate|p2a: Milotic|move: Sticky Web\n|-unboost|p2a: Milotic|spe|1\n|turn|10\n|\n|t:|1699923083\n|-terastallize|p2a: Milotic|Ground\n|move|p1a: Magneton|Thunderbolt|p2a: Milotic\n|-immune|p2a: Milotic\n|move|p2a: Milotic|Surf|p1a: Magneton\n|-supereffective|p1a: Magneton\n|-damage|p1a: Magneton|10\/100\n|\n|upkeep\n|turn|11\n|\n|t:|1699923098\n|switch|p1a: Cyclizar|Cyclizar, M|100\/100\n|switch|p2a: Infernape|Infernape, M|100\/100\n|\n|upkeep\n|turn|12\n|\n|t:|1699923109\n|move|p2a: Infernape|Mach Punch|p1a: Cyclizar\n|-supereffective|p1a: Cyclizar\n|-damage|p1a: Cyclizar|24\/100\n|-enditem|p1a: Cyclizar|Sitrus Berry|[eat]\n|-heal|p1a: Cyclizar|49\/100|[from] item: Sitrus Berry\n|move|p1a: Cyclizar|U-turn|p2a: Infernape\n|-resisted|p2a: Infernape\n|-damage|p2a: Infernape|95\/100\n|\n|t:|1699923115\n|switch|p1a: Ribombee|Ribombee, M|100\/100|[from] U-turn\n|\n|upkeep\n|turn|13\n|\n|t:|1699923119\n|move|p1a: Ribombee|Moonblast|p2a: Infernape\n|-crit|p2a: Infernape\n|-damage|p2a: Infernape|19\/100\n|-unboost|p2a: Infernape|spa|1\n|move|p2a: Infernape|Fire Punch|p1a: Ribombee\n|-supereffective|p1a: Ribombee\n|-damage|p1a: Ribombee|0 fnt\n|faint|p1a: Ribombee\n|\n|upkeep\n|\n|t:|1699923129\n|switch|p1a: Cyclizar|Cyclizar, M|82\/100\n|turn|14\n|\n|t:|1699923134\n|move|p2a: Infernape|Mach Punch|p1a: Cyclizar\n|-supereffective|p1a: Cyclizar\n|-damage|p1a: Cyclizar|6\/100\n|move|p1a: Cyclizar|Draco Meteor|p2a: Infernape|[miss]\n|-miss|p1a: Cyclizar|p2a: Infernape\n|\n|upkeep\n|turn|15\n|\n|t:|1699923144\n|switch|p1a: Milotic|Milotic, M|70\/100\n|move|p2a: Infernape|Thunder Punch|p1a: Milotic\n|-supereffective|p1a: Milotic\n|-damage|p1a: Milotic|15\/100\n|\n|-heal|p1a: Milotic|21\/100|[from] item: Leftovers\n|upkeep\n|turn|16\n|\n|t:|1699923160\n|switch|p1a: Magneton|Magneton, tera:Fire|10\/100\n|move|p2a: Infernape|Thunder Punch|p1a: Magneton\n|-damage|p1a: Magneton|0 fnt\n|faint|p1a: Magneton\n|\n|upkeep\n|\n|t:|1699923164\n|switch|p1a: Leavanny|Leavanny, F|100\/100\n|turn|17\n|\n|t:|1699923172\n|move|p2a: Infernape|Fire Punch|p1a: Leavanny\n|-supereffective|p1a: Leavanny\n|-enditem|p1a: Leavanny|Focus Sash\n|-damage|p1a: Leavanny|1\/100\n|move|p1a: Leavanny|Trailblaze|p2a: Infernape\n|-resisted|p2a: Infernape\n|-damage|p2a: Infernape|4\/100\n|-boost|p1a: Leavanny|spe|1\n|\n|upkeep\n|turn|18\n|\n|t:|1699923181\n|move|p2a: Infernape|Mach Punch|p1a: Leavanny\n|-resisted|p1a: Leavanny\n|-damage|p1a: Leavanny|0 fnt\n|faint|p1a: Leavanny\n|\n|upkeep\n|-message|jeffthebum forfeited.\n|\n|win|teacherba'sfan\n|raw|jeffthebum's rating: 1073 &rarr; <strong>1059<\/strong><br \/>(-14 for losing)\n|raw|teacherba&apos;sfan's rating: 1187 &rarr; <strong>1204<\/strong><br \/>(+17 for winning)\n|l|\u2606jeffthebum\n","uploadtime":1699923193,"views":15,"p1id":"jeffthebum","p2id":"teacherbasfan","formatid":"gen9ou","rating":1059,"private":0,"password":""}