{"id":"gen9ou-1989252755","p1":"Bo$$Hog","p2":"tijerben000","format":"[Gen 9] OU","log":"|j|\u2606Bo$$Hog\n|j|\u2606tijerben000\n|t:|1699828289\n|gametype|singles\n|player|p1|Bo$$Hog|steven-masters|1122\n|player|p2|tijerben000|falkner|1084\n|teamsize|p1|6\n|teamsize|p2|6\n|gen|9\n|tier|[Gen 9] OU\n|rated|\n|rule|Sleep Clause Mod: Limit one foe put to sleep\n|rule|Species Clause: Limit one of each Pok\u00e9mon\n|rule|OHKO Clause: OHKO moves are banned\n|rule|Evasion Items Clause: Evasion items are banned\n|rule|Evasion Moves Clause: Evasion moves are banned\n|rule|Endless Battle Clause: Forcing endless battles is banned\n|rule|HP Percentage Mod: HP is shown in percentages\n|clearpoke\n|poke|p1|Iron Moth|\n|poke|p1|Dragapult, M|\n|poke|p1|Slowking, F|\n|poke|p1|Great Tusk|\n|poke|p1|Kingambit, F|\n|poke|p1|Munkidori, M|\n|poke|p2|Ogerpon-Cornerstone, F|\n|poke|p2|Ting-Lu|\n|poke|p2|Enamorus, F|\n|poke|p2|Dragapult, M|\n|poke|p2|Magnezone|\n|poke|p2|Cinderace, M|\n|teampreview\n|inactive|Battle timer is ON: inactive players will automatically lose when time's up. (requested by tijerben000)\n|\n|t:|1699828332\n|start\n|switch|p1a: bubba kush|Great Tusk|100\/100\n|switch|p2a: RUNAWAY|Cinderace, M|100\/100\n|turn|1\n|c|\u2606tijerben000|This is my first time and team playing ou in a gen or two\n|c|\u2606tijerben000|like playing seriously I mean\n|inactive|Bo$$Hog has 120 seconds left.\n|inactive|tijerben000 has 120 seconds left.\n|\n|t:|1699828382\n|move|p2a: RUNAWAY|Pyro Ball|p1a: bubba kush\n|-damage|p1a: bubba kush|69\/100\n|move|p1a: bubba kush|Body Press|p2a: RUNAWAY\n|-damage|p2a: RUNAWAY|40\/100\n|\n|-heal|p1a: bubba kush|76\/100|[from] item: Leftovers\n|upkeep\n|turn|2\n|\n|t:|1699828394\n|switch|p2a: Glimpse of Us|Dragapult, M|100\/100\n|move|p1a: bubba kush|Stealth Rock|p2a: Glimpse of Us\n|-sidestart|p2: tijerben000|move: Stealth Rock\n|\n|-heal|p1a: bubba kush|82\/100|[from] item: Leftovers\n|upkeep\n|turn|3\n|\n|t:|1699828401\n|move|p2a: Glimpse of Us|Surf|p1a: bubba kush\n|-supereffective|p1a: bubba kush\n|-damage|p1a: bubba kush|0 fnt\n|faint|p1a: bubba kush\n|-end|p1a: bubba kush|Protosynthesis|[silent]\n|-damage|p2a: Glimpse of Us|91\/100|[from] item: Life Orb\n|\n|upkeep\n|\n|t:|1699828418\n|switch|p1a: benny|Kingambit, F|100\/100\n|-activate|p1a: benny|ability: Supreme Overlord\n|-start|p1a: benny|fallen1|[silent]\n|turn|4\n|inactive|tijerben000 has 120 seconds left.\n|\n|t:|1699828453\n|move|p1a: benny|Sucker Punch|p2a: Glimpse of Us\n|-supereffective|p2a: Glimpse of Us\n|-damage|p2a: Glimpse of Us|0 fnt\n|faint|p2a: Glimpse of Us\n|\n|upkeep\n|\n|t:|1699828457\n|switch|p2a: RUNAWAY|Cinderace, M|40\/100\n|turn|5\n|inactive|Bo$$Hog has 120 seconds left.\n|\n|t:|1699828469\n|move|p1a: benny|Sucker Punch||[still]\n|-fail|p1a: benny\n|move|p2a: RUNAWAY|Court Change|p2a: RUNAWAY\n|-start|p2a: RUNAWAY|typechange|Normal|[from] ability: Libero\n|-swapsideconditions\n|-activate|p2a: RUNAWAY|move: Court Change\n|\n|upkeep\n|turn|6\n|\n|t:|1699828480\n|move|p1a: benny|Sucker Punch|p2a: RUNAWAY\n|-damage|p2a: RUNAWAY|0 fnt\n|faint|p2a: RUNAWAY\n|\n|upkeep\n|\n|t:|1699828489\n|switch|p2a: Praise God|Enamorus, F, shiny|100\/100\n|turn|7\n|\n|t:|1699828501\n|switch|p2a: Electic Avenue|Magnezone, shiny|100\/100\n|-item|p2a: Electic Avenue|Air Balloon\n|-end|p1a: benny|fallen1|[silent]\n|switch|p1a: JonesvilleGeronimo|Slowking, F, shiny|100\/100\n|\n|upkeep\n|turn|8\n|\n|t:|1699828529\n|move|p2a: Electic Avenue|Discharge|p1a: JonesvilleGeronimo\n|-supereffective|p1a: JonesvilleGeronimo\n|-damage|p1a: JonesvilleGeronimo|47\/100\n|-status|p1a: JonesvilleGeronimo|par\n|move|p1a: JonesvilleGeronimo|Psyshock|p2a: Electic Avenue\n|-resisted|p2a: Electic Avenue\n|-damage|p2a: Electic Avenue|89\/100\n|-enditem|p2a: Electic Avenue|Air Balloon\n|\n|upkeep\n|turn|9\n|\n|t:|1699828542\n|switch|p1a: west side|Dragapult, M, shiny|100\/100\n|move|p2a: Electic Avenue|Volt Switch|p1a: west side\n|-resisted|p1a: west side\n|-damage|p1a: west side|59\/100\n|\n|t:|1699828555\n|switch|p2a: Stir Fry|Ting-Lu|100\/100|[from] Volt Switch\n|-ability|p2a: Stir Fry|Vessel of Ruin\n|\n|upkeep\n|turn|10\n|\n|t:|1699828566\n|move|p1a: west side|Will-O-Wisp|p2a: Stir Fry\n|-status|p2a: Stir Fry|brn\n|move|p2a: Stir Fry|Throat Chop|p1a: west side\n|-supereffective|p1a: west side\n|-damage|p1a: west side|3\/100\n|-start|p1a: west side|Throat Chop|[silent]\n|\n|-damage|p2a: Stir Fry|94\/100 brn|[from] brn\n|upkeep\n|turn|11\n|\n|t:|1699828577\n|move|p1a: west side|U-turn|p2a: Stir Fry\n|-supereffective|p2a: Stir Fry\n|-damage|p2a: Stir Fry|72\/100 brn\n|\n|t:|1699828581\n|switch|p1a: JonesvilleGeronimo|Slowking, F, shiny|80\/100 par|[from] U-turn\n|move|p2a: Stir Fry|Throat Chop|p1a: JonesvilleGeronimo\n|-supereffective|p1a: JonesvilleGeronimo\n|-damage|p1a: JonesvilleGeronimo|36\/100 par\n|-start|p1a: JonesvilleGeronimo|Throat Chop|[silent]\n|\n|-damage|p2a: Stir Fry|66\/100 brn|[from] brn\n|upkeep\n|turn|12\n|\n|t:|1699828597\n|switch|p1a: west side|Dragapult, M, shiny|3\/100\n|move|p2a: Stir Fry|Throat Chop|p1a: west side\n|-supereffective|p1a: west side\n|-damage|p1a: west side|0 fnt\n|faint|p1a: west side\n|\n|-damage|p2a: Stir Fry|60\/100 brn|[from] brn\n|upkeep\n|\n|t:|1699828601\n|switch|p1a: Stove god|Iron Moth|100\/100\n|-damage|p1a: Stove god|76\/100|[from] Stealth Rock\n|-enditem|p1a: Stove god|Booster Energy\n|-activate|p1a: Stove god|ability: Quark Drive|[fromitem]\n|-start|p1a: Stove god|quarkdrivespa\n|turn|13\n|\n|t:|1699828617\n|-terastallize|p1a: Stove god|Grass\n|move|p1a: Stove god|Energy Ball|p2a: Stir Fry\n|-supereffective|p2a: Stir Fry\n|-damage|p2a: Stir Fry|7\/100 brn\n|move|p2a: Stir Fry|Earthquake|p1a: Stove god\n|-resisted|p1a: Stove god\n|-damage|p1a: Stove god|55\/100\n|\n|-damage|p2a: Stir Fry|1\/100 brn|[from] brn\n|upkeep\n|turn|14\n|\n|t:|1699828622\n|move|p1a: Stove god|Substitute|p1a: Stove god\n|-start|p1a: Stove god|Substitute\n|-damage|p1a: Stove god|30\/100\n|move|p2a: Stir Fry|Ruination|p1a: Stove god\n|-activate|p1a: Stove god|move: Substitute|[damage]\n|\n|-damage|p2a: Stir Fry|0 fnt|[from] brn\n|faint|p2a: Stir Fry\n|upkeep\n|\n|t:|1699828632\n|switch|p2a: Sweater Weather|Ogerpon-Cornerstone, F|100\/100\n|turn|15\n|inactive|tijerben000 has 120 seconds left.\n|inactive|Bo$$Hog has 120 seconds left.\n|inactive|Bo$$Hog has 90 seconds left.\n|\n|t:|1699828699\n|move|p2a: Sweater Weather|Play Rough|p1a: Stove god\n|-end|p1a: Stove god|Substitute\n|move|p1a: Stove god|Fiery Dance|p2a: Sweater Weather\n|-damage|p2a: Sweater Weather|29\/100\n|-boost|p1a: Stove god|spa|1\n|\n|upkeep\n|turn|16\n|inactive|Bo$$Hog has 90 seconds left.\n|\n|t:|1699828714\n|move|p2a: Sweater Weather|U-turn|p1a: Stove god\n|-supereffective|p1a: Stove god\n|-damage|p1a: Stove god|0 fnt\n|faint|p1a: Stove god\n|-end|p1a: Stove god|Quark Drive|[silent]\n|\n|t:|1699828721\n|switch|p2a: Praise God|Enamorus, F, shiny|100\/100|[from] U-turn\n|\n|upkeep\n|\n|t:|1699828726\n|switch|p1a: machine|Munkidori, M|100\/100\n|-damage|p1a: machine|88\/100|[from] Stealth Rock\n|turn|17\n|inactive|tijerben000 has 120 seconds left.\n|\n|t:|1699828741\n|-terastallize|p2a: Praise God|Fighting\n|move|p1a: machine|Fake Out|p2a: Praise God\n|-damage|p2a: Praise God|90\/100\n|cant|p2a: Praise God|flinch\n|\n|-heal|p1a: machine|94\/100|[from] item: Black Sludge\n|upkeep\n|turn|18\n|\n|t:|1699828752\n|switch|p2a: Sweater Weather|Ogerpon-Cornerstone, F|29\/100\n|move|p1a: machine|Psyshock|p2a: Sweater Weather\n|-damage|p2a: Sweater Weather|0 fnt\n|faint|p2a: Sweater Weather\n|\n|-heal|p1a: machine|99\/100|[from] item: Black Sludge\n|upkeep\n|\n|t:|1699828759\n|switch|p2a: Electic Avenue|Magnezone, shiny|89\/100\n|turn|19\n|inactive|Bo$$Hog has 120 seconds left.\n|\n|t:|1699828766\n|move|p1a: machine|Calm Mind|p1a: machine\n|-boost|p1a: machine|spa|1\n|-boost|p1a: machine|spd|1\n|move|p2a: Electic Avenue|Discharge|p1a: machine\n|-damage|p1a: machine|54\/100\n|\n|-heal|p1a: machine|60\/100|[from] item: Black Sludge\n|upkeep\n|turn|20\n|inactive|tijerben000 has 120 seconds left.\n|\n|t:|1699828775\n|move|p1a: machine|Psyshock|p2a: Electic Avenue\n|-resisted|p2a: Electic Avenue\n|-damage|p2a: Electic Avenue|62\/100\n|move|p2a: Electic Avenue|Discharge|p1a: machine\n|-crit|p1a: machine\n|-damage|p1a: machine|0 fnt\n|faint|p1a: machine\n|\n|upkeep\n|\n|t:|1699828781\n|switch|p1a: benny|Kingambit, F|100\/100\n|-damage|p1a: benny|94\/100|[from] Stealth Rock\n|-activate|p1a: benny|ability: Supreme Overlord\n|-start|p1a: benny|fallen4|[silent]\n|turn|21\n|\n|t:|1699828791\n|move|p1a: benny|Sucker Punch||[still]\n|-fail|p1a: benny\n|move|p2a: Electic Avenue|Thunder Wave|p1a: benny|[miss]\n|-miss|p2a: Electic Avenue|p1a: benny\n|\n|upkeep\n|turn|22\n|\n|t:|1699828807\n|move|p1a: benny|Kowtow Cleave|p2a: Electic Avenue\n|-damage|p2a: Electic Avenue|0 fnt\n|faint|p2a: Electic Avenue\n|\n|upkeep\n|\n|t:|1699828812\n|switch|p2a: Praise God|Enamorus, F, shiny, tera:Fighting|90\/100\n|turn|23\n|\n|t:|1699828818\n|move|p2a: Praise God|Superpower|p1a: benny\n|-supereffective|p1a: benny\n|-damage|p1a: benny|0 fnt\n|-boost|p2a: Praise God|atk|1\n|-boost|p2a: Praise God|def|1\n|faint|p1a: benny\n|-end|p1a: benny|fallen4|[silent]\n|-damage|p2a: Praise God|80\/100|[from] item: Life Orb\n|\n|upkeep\n|\n|t:|1699828820\n|switch|p1a: JonesvilleGeronimo|Slowking, F, shiny|69\/100 par\n|turn|24\n|c|\u2606Bo$$Hog|gg wp\n|c|\u2606Bo$$Hog|I like your team too\n|inactive|tijerben000 has 120 seconds left.\n|c|\u2606tijerben000|thanks fam, any changes?\n|c|\u2606tijerben000|like that you'd suggest?\n|c|\u2606Bo$$Hog|I'm not qualified to say\n|\n|t:|1699828872\n|move|p2a: Praise God|Moonblast|p1a: JonesvilleGeronimo\n|-damage|p1a: JonesvilleGeronimo|28\/100 par\n|-damage|p2a: Praise God|70\/100|[from] item: Life Orb\n|move|p1a: JonesvilleGeronimo|Psyshock|p2a: Praise God\n|-supereffective|p2a: Praise God\n|-damage|p2a: Praise God|7\/100\n|\n|upkeep\n|turn|25\n|\n|t:|1699828891\n|move|p2a: Praise God|Moonblast|p1a: JonesvilleGeronimo\n|-crit|p1a: JonesvilleGeronimo\n|-damage|p1a: JonesvilleGeronimo|0 fnt\n|faint|p1a: JonesvilleGeronimo\n|-damage|p2a: Praise God|0 fnt|[from] item: Life Orb\n|faint|p2a: Praise God\n|\n|win|tijerben000\n|raw|Bo$$Hog's rating: 1122 &rarr; <strong>1094<\/strong><br \/>(-28 for losing)\n|raw|tijerben000's rating: 1084 &rarr; <strong>1114<\/strong><br \/>(+30 for winning)\n|c|\u2606tijerben000|gg\n|c|\u2606Bo$$Hog|gg wp\n|c|\u2606tijerben000|you too!\n","uploadtime":1699828907,"views":11,"p1id":"bohog","p2id":"tijerben000","formatid":"gen9ou","rating":1094,"private":0,"password":""}