{"id":"gen9ou-1991672730","p1":"RovaRed","p2":"Evitae","format":"[Gen 9] OU","log":"|j|\u2606RovaRed\n|j|\u2606Evitae\n|t:|1700101014\n|gametype|singles\n|player|p1|RovaRed|wicke|1417\n|player|p2|Evitae|emmet|1487\n|teamsize|p1|6\n|teamsize|p2|6\n|gen|9\n|tier|[Gen 9] OU\n|rated|\n|rule|Sleep Clause Mod: Limit one foe put to sleep\n|rule|Species Clause: Limit one of each Pok\u00e9mon\n|rule|OHKO Clause: OHKO moves are banned\n|rule|Evasion Items Clause: Evasion items are banned\n|rule|Evasion Moves Clause: Evasion moves are banned\n|rule|Endless Battle Clause: Forcing endless battles is banned\n|rule|HP Percentage Mod: HP is shown in percentages\n|clearpoke\n|poke|p1|Shiftry, F|\n|poke|p1|Iron Moth|\n|poke|p1|Rillaboom, F|\n|poke|p1|Brambleghast, F|\n|poke|p1|Sneasler, M|\n|poke|p1|Great Tusk|\n|poke|p2|Empoleon, M|\n|poke|p2|Ogerpon-Wellspring, F|\n|poke|p2|Cinderace, M|\n|poke|p2|Great Tusk|\n|poke|p2|Dragapult, M|\n|poke|p2|Clefable, F|\n|teampreview\n|\n|t:|1700101027\n|start\n|switch|p1a: The Fumble|Shiftry, F|100\/100\n|switch|p2a: Cinderace|Cinderace, M|100\/100\n|turn|1\n|inactive|Battle timer is ON: inactive players will automatically lose when time's up. (requested by Evitae)\n|\n|t:|1700101032\n|move|p2a: Cinderace|U-turn|p1a: The Fumble\n|-start|p2a: Cinderace|typechange|Bug|[from] ability: Libero\n|-supereffective|p1a: The Fumble\n|-enditem|p1a: The Fumble|Focus Sash\n|-damage|p1a: The Fumble|1\/100\n|inactive|Evitae has 120 seconds left.\n|\n|t:|1700101068\n|switch|p2a: Great Tusk|Great Tusk|100\/100|[from] U-turn\n|move|p1a: The Fumble|Tailwind|p1a: The Fumble\n|-sidestart|p1: RovaRed|move: Tailwind\n|-ability|p1a: The Fumble|Wind Rider|boost\n|-boost|p1a: The Fumble|atk|1\n|\n|upkeep\n|turn|2\n|inactive|Evitae has 120 seconds left.\n|\n|t:|1700101078\n|-end|p2a: Great Tusk|Protosynthesis|[silent]\n|switch|p2a: Dragapult|Dragapult, M|100\/100\n|move|p1a: The Fumble|Explosion|p2a: Dragapult\n|-immune|p2a: Dragapult\n|faint|p1a: The Fumble\n|\n|upkeep\n|\n|t:|1700101091\n|switch|p1a: The Tumble|Brambleghast, F|100\/100\n|-ability|p1a: The Tumble|Wind Rider|boost\n|-boost|p1a: The Tumble|atk|1\n|turn|3\n|inactive|Evitae has 120 seconds left.\n|\n|t:|1700101110\n|switch|p2a: Clefable|Clefable, F|100\/100\n|move|p1a: The Tumble|Poltergeist|p2a: Clefable\n|-activate|p2a: Clefable|move: Poltergeist|Leftovers\n|-damage|p2a: Clefable|63\/100\n|\n|-heal|p2a: Clefable|69\/100|[from] item: Leftovers\n|upkeep\n|turn|4\n|\n|t:|1700101120\n|move|p1a: The Tumble|Poltergeist|p2a: Clefable\n|-activate|p2a: Clefable|move: Poltergeist|Leftovers\n|-damage|p2a: Clefable|28\/100\n|move|p2a: Clefable|Moonlight|p2a: Clefable\n|-heal|p2a: Clefable|78\/100\n|\n|-heal|p2a: Clefable|84\/100|[from] item: Leftovers\n|-sideend|p1: RovaRed|move: Tailwind\n|upkeep\n|turn|5\n|\n|t:|1700101132\n|move|p1a: The Tumble|Poltergeist|p2a: Clefable\n|-activate|p2a: Clefable|move: Poltergeist|Leftovers\n|-crit|p2a: Clefable\n|-damage|p2a: Clefable|19\/100\n|move|p2a: Clefable|Calm Mind|p2a: Clefable\n|-boost|p2a: Clefable|spa|1\n|-boost|p2a: Clefable|spd|1\n|\n|-heal|p2a: Clefable|25\/100|[from] item: Leftovers\n|upkeep\n|turn|6\n|inactive|Evitae has 120 seconds left.\n|\n|t:|1700101152\n|move|p1a: The Tumble|Poltergeist|p2a: Clefable\n|-activate|p2a: Clefable|move: Poltergeist|Leftovers\n|-damage|p2a: Clefable|0 fnt\n|faint|p2a: Clefable\n|\n|upkeep\n|\n|t:|1700101156\n|switch|p2a: Cinderace|Cinderace, M|100\/100\n|turn|7\n|\n|t:|1700101183\n|-terastallize|p1a: The Tumble|Fighting\n|move|p2a: Cinderace|Pyro Ball|p1a: The Tumble\n|-damage|p1a: The Tumble|0 fnt\n|faint|p1a: The Tumble\n|\n|upkeep\n|c|\u2606Evitae|bruh\n|inactive|RovaRed has 120 seconds left.\n|\n|t:|1700101200\n|switch|p1a: Ron Moth|Iron Moth|100\/100\n|-enditem|p1a: Ron Moth|Booster Energy\n|-activate|p1a: Ron Moth|ability: Quark Drive|[fromitem]\n|-start|p1a: Ron Moth|quarkdrivespe\n|turn|8\n|inactive|RovaRed has 120 seconds left.\n|\n|t:|1700101218\n|move|p1a: Ron Moth|Sludge Wave|p2a: Cinderace\n|-damage|p2a: Cinderace|27\/100\n|move|p2a: Cinderace|U-turn|p1a: Ron Moth\n|-start|p2a: Cinderace|typechange|Bug|[from] ability: Libero\n|-resisted|p1a: Ron Moth\n|-damage|p1a: Ron Moth|89\/100\n|\n|t:|1700101221\n|switch|p2a: Empoleon|Empoleon, M|100\/100|[from] U-turn\n|\n|upkeep\n|turn|9\n|inactive|RovaRed has 120 seconds left.\n|\n|t:|1700101229\n|move|p1a: Ron Moth|Energy Ball|p2a: Empoleon\n|-damage|p2a: Empoleon|82\/100\n|move|p2a: Empoleon|Surf|p1a: Ron Moth\n|-supereffective|p1a: Ron Moth\n|-damage|p1a: Ron Moth|17\/100\n|\n|-heal|p2a: Empoleon|88\/100|[from] item: Leftovers\n|upkeep\n|turn|10\n|\n|t:|1700101245\n|move|p1a: Ron Moth|Fiery Dance|p2a: Empoleon\n|-damage|p2a: Empoleon|64\/100\n|-boost|p1a: Ron Moth|spa|1\n|move|p2a: Empoleon|Flip Turn|p1a: Ron Moth\n|-supereffective|p1a: Ron Moth\n|-damage|p1a: Ron Moth|0 fnt\n|faint|p1a: Ron Moth\n|-end|p1a: Ron Moth|Quark Drive|[silent]\n|\n|t:|1700101247\n|switch|p2a: Dragapult|Dragapult, M|100\/100|[from] Flip Turn\n|\n|upkeep\n|\n|t:|1700101253\n|switch|p1a: Hookline|Rillaboom, F|100\/100\n|-fieldstart|move: Grassy Terrain|[from] ability: Grassy Surge|[of] p1a: Hookline\n|turn|11\n|\n|t:|1700101262\n|move|p2a: Dragapult|Fire Blast|p1a: Hookline\n|-supereffective|p1a: Hookline\n|-damage|p1a: Hookline|0 fnt\n|faint|p1a: Hookline\n|\n|upkeep\n|\n|t:|1700101276\n|switch|p1a: & Sinker|Sneasler, M|100\/100\n|-enditem|p1a: & Sinker|Grassy Seed\n|-boost|p1a: & Sinker|def|1|[from] item: Grassy Seed\n|turn|12\n|\n|t:|1700101285\n|move|p1a: & Sinker|Dire Claw|p2a: Dragapult\n|-resisted|p2a: Dragapult\n|-damage|p2a: Dragapult|71\/100\n|-status|p2a: Dragapult|slp\n|cant|p2a: Dragapult|slp\n|\n|-heal|p2a: Dragapult|77\/100 slp|[from] Grassy Terrain\n|upkeep\n|turn|13\n|c|\u2606Evitae|lol\n|\n|t:|1700101295\n|move|p1a: & Sinker|Swords Dance|p1a: & Sinker\n|-boost|p1a: & Sinker|atk|2\n|cant|p2a: Dragapult|slp\n|\n|-heal|p2a: Dragapult|83\/100 slp|[from] Grassy Terrain\n|upkeep\n|turn|14\n|\n|t:|1700101304\n|move|p1a: & Sinker|Acrobatics|p2a: Dragapult\n|-damage|p2a: Dragapult|0 fnt\n|faint|p2a: Dragapult\n|\n|upkeep\n|\n|t:|1700101309\n|switch|p2a: Great Tusk|Great Tusk|100\/100\n|turn|15\n|\n|t:|1700101320\n|-terastallize|p2a: Great Tusk|Steel\n|move|p1a: & Sinker|Acrobatics|p2a: Great Tusk\n|-resisted|p2a: Great Tusk\n|-damage|p2a: Great Tusk|70\/100\n|move|p2a: Great Tusk|Headlong Rush|p1a: & Sinker\n|-supereffective|p1a: & Sinker\n|-damage|p1a: & Sinker|0 fnt\n|-unboost|p2a: Great Tusk|def|1\n|-unboost|p2a: Great Tusk|spd|1\n|faint|p1a: & Sinker\n|\n|-heal|p2a: Great Tusk|76\/100|[from] Grassy Terrain\n|upkeep\n|\n|t:|1700101327\n|switch|p1a: Tuskathy|Great Tusk|100\/100\n|-enditem|p1a: Tuskathy|Booster Energy\n|-activate|p1a: Tuskathy|ability: Protosynthesis|[fromitem]\n|-start|p1a: Tuskathy|protosynthesisspe\n|turn|16\n|\n|t:|1700101333\n|move|p1a: Tuskathy|Bulk Up|p1a: Tuskathy\n|-boost|p1a: Tuskathy|atk|1\n|-boost|p1a: Tuskathy|def|1\n|move|p2a: Great Tusk|Ice Spinner|p1a: Tuskathy\n|-supereffective|p1a: Tuskathy\n|-damage|p1a: Tuskathy|79\/100\n|-fieldend|move: Grassy Terrain\n|\n|upkeep\n|turn|17\n|\n|t:|1700101343\n|move|p1a: Tuskathy|Close Combat|p2a: Great Tusk\n|-supereffective|p2a: Great Tusk\n|-damage|p2a: Great Tusk|0 fnt\n|-unboost|p1a: Tuskathy|def|1\n|-unboost|p1a: Tuskathy|spd|1\n|faint|p2a: Great Tusk\n|-end|p2a: Great Tusk|Protosynthesis|[silent]\n|\n|upkeep\n|\n|t:|1700101348\n|switch|p2a: Ogerpon|Ogerpon-Wellspring, F|100\/100\n|turn|18\n|\n|t:|1700101352\n|move|p1a: Tuskathy|Close Combat|p2a: Ogerpon\n|-damage|p2a: Ogerpon|0 fnt\n|-unboost|p1a: Tuskathy|def|1\n|-unboost|p1a: Tuskathy|spd|1\n|faint|p2a: Ogerpon\n|\n|upkeep\n|\n|t:|1700101355\n|switch|p2a: Empoleon|Empoleon, M|64\/100\n|turn|19\n|\n|t:|1700101358\n|move|p1a: Tuskathy|Close Combat|p2a: Empoleon\n|-supereffective|p2a: Empoleon\n|-crit|p2a: Empoleon\n|-damage|p2a: Empoleon|0 fnt\n|-unboost|p1a: Tuskathy|def|1\n|-unboost|p1a: Tuskathy|spd|1\n|faint|p2a: Empoleon\n|\n|upkeep\n|\n|t:|1700101361\n|switch|p2a: Cinderace|Cinderace, M|27\/100\n|turn|20\n|\n|t:|1700101364\n|move|p1a: Tuskathy|Headlong Rush|p2a: Cinderace\n|-supereffective|p2a: Cinderace\n|-damage|p2a: Cinderace|0 fnt\n|-unboost|p1a: Tuskathy|def|1\n|-unboost|p1a: Tuskathy|spd|1\n|faint|p2a: Cinderace\n|\n|win|RovaRed\n|raw|RovaRed's rating: 1417 &rarr; <strong>1441<\/strong><br \/>(+24 for winning)\n|raw|Evitae's rating: 1487 &rarr; <strong>1463<\/strong><br \/>(-24 for losing)\n|l|\u2606Evitae\n","uploadtime":1700101372,"views":15,"p1id":"rovared","p2id":"evitae","formatid":"gen9ou","rating":1441,"private":0,"password":""}