{"id":"gen9ou-1988989929","p1":"FIREER","p2":"Relish Toast","format":"[Gen 9] OU","log":"|j|\u2606FIREER\n|j|\u2606Relish Toast\n|t:|1699799159\n|gametype|singles\n|player|p1|FIREER|roughneck-gen4|1161\n|player|p2|Relish Toast|kieran-festival|1261\n|teamsize|p1|6\n|teamsize|p2|6\n|gen|9\n|tier|[Gen 9] OU\n|rated|\n|rule|Sleep Clause Mod: Limit one foe put to sleep\n|rule|Species Clause: Limit one of each Pok\u00e9mon\n|rule|OHKO Clause: OHKO moves are banned\n|rule|Evasion Items Clause: Evasion items are banned\n|rule|Evasion Moves Clause: Evasion moves are banned\n|rule|Endless Battle Clause: Forcing endless battles is banned\n|rule|HP Percentage Mod: HP is shown in percentages\n|clearpoke\n|poke|p1|Iron Moth|\n|poke|p1|Amoonguss, F|\n|poke|p1|Kommo-o, M|\n|poke|p1|Kingambit, M|\n|poke|p1|Azumarill, M|\n|poke|p1|Thundurus-Therian, M|\n|poke|p2|Ogerpon-Cornerstone, F|\n|poke|p2|Alomomola, F|\n|poke|p2|Glimmora, M|\n|poke|p2|Landorus-Therian, M|\n|poke|p2|Lycanroc-Dusk, F|\n|poke|p2|Thundurus-Therian, M|\n|teampreview\n|inactive|Battle timer is ON: inactive players will automatically lose when time's up. (requested by Relish Toast)\n|\n|t:|1699799174\n|start\n|switch|p1a: Zeus|Thundurus-Therian, M|100\/100\n|switch|p2a: Landorus|Landorus-Therian, M|100\/100\n|-ability|p2a: Landorus|Intimidate|boost\n|-unboost|p1a: Zeus|atk|1\n|turn|1\n|\n|t:|1699799193\n|move|p1a: Zeus|Grass Knot|p2a: Landorus\n|-crit|p2a: Landorus\n|-damage|p2a: Landorus|36\/100\n|-damage|p1a: Zeus|84\/100|[from] item: Rocky Helmet|[of] p2a: Landorus\n|move|p2a: Landorus|Taunt|p1a: Zeus\n|-start|p1a: Zeus|move: Taunt\n|\n|upkeep\n|turn|2\n|\n|t:|1699799202\n|switch|p2a: Thundurus|Thundurus-Therian, M|100\/100\n|move|p1a: Zeus|Grass Knot|p2a: Thundurus\n|-resisted|p2a: Thundurus\n|-damage|p2a: Thundurus|72\/100\n|\n|upkeep\n|turn|3\n|\n|t:|1699799216\n|switch|p1a: Gusgus|Amoonguss, F, shiny|100\/100\n|move|p2a: Thundurus|Dark Pulse|p1a: Gusgus\n|-damage|p1a: Gusgus|70\/100\n|-damage|p2a: Thundurus|62\/100|[from] item: Life Orb\n|\n|-heal|p1a: Gusgus|76\/100|[from] item: Black Sludge\n|upkeep\n|turn|4\n|\n|t:|1699799223\n|move|p2a: Thundurus|Volt Switch|p1a: Gusgus\n|-resisted|p1a: Gusgus\n|-damage|p1a: Gusgus|56\/100\n|-damage|p2a: Thundurus|52\/100|[from] item: Life Orb\n|\n|t:|1699799228\n|switch|p2a: Landorus|Landorus-Therian, M|36\/100|[from] Volt Switch\n|-ability|p2a: Landorus|Intimidate|boost\n|-unboost|p1a: Gusgus|atk|1\n|move|p1a: Gusgus|Spore|p2a: Landorus\n|-status|p2a: Landorus|slp|[from] move: Spore\n|\n|-heal|p1a: Gusgus|62\/100|[from] item: Black Sludge\n|upkeep\n|turn|5\n|\n|t:|1699799240\n|switch|p2a: Glimmora|Glimmora, M|100\/100\n|move|p1a: Gusgus|Sludge Bomb|p2a: Glimmora\n|-resisted|p2a: Glimmora\n|-damage|p2a: Glimmora|94\/100\n|\n|-heal|p2a: Glimmora|100\/100|[from] item: Leftovers\n|-heal|p1a: Gusgus|68\/100|[from] item: Black Sludge\n|upkeep\n|turn|6\n|\n|t:|1699799250\n|switch|p1a: Torrent|Azumarill, M, shiny|100\/100\n|move|p2a: Glimmora|Toxic|p1a: Torrent\n|-status|p1a: Torrent|tox\n|\n|-damage|p1a: Torrent|94\/100 tox|[from] psn\n|upkeep\n|turn|7\n|\n|t:|1699799261\n|move|p1a: Torrent|Belly Drum|p1a: Torrent\n|-damage|p1a: Torrent|44\/100 tox\n|-setboost|p1a: Torrent|atk|6|[from] move: Belly Drum\n|-enditem|p1a: Torrent|Sitrus Berry|[eat]\n|-heal|p1a: Torrent|69\/100 tox|[from] item: Sitrus Berry\n|move|p2a: Glimmora|Ancient Power|p1a: Torrent\n|-damage|p1a: Torrent|32\/100 tox\n|\n|-damage|p1a: Torrent|20\/100 tox|[from] psn\n|upkeep\n|turn|8\n|\n|t:|1699799266\n|switch|p2a: Landorus|Landorus-Therian, M|36\/100 slp\n|-ability|p2a: Landorus|Intimidate|boost\n|-unboost|p1a: Torrent|atk|1\n|move|p1a: Torrent|Aqua Jet|p2a: Landorus\n|-supereffective|p2a: Landorus\n|-damage|p2a: Landorus|0 fnt\n|-damage|p1a: Torrent|3\/100 tox|[from] item: Rocky Helmet|[of] p2a: Landorus\n|faint|p2a: Landorus\n|\n|-damage|p1a: Torrent|0 fnt|[from] psn\n|faint|p1a: Torrent\n|upkeep\n|\n|t:|1699799284\n|switch|p2a: Glimmora|Glimmora, M|100\/100\n|switch|p1a: Gusgus|Amoonguss, F, shiny|100\/100\n|turn|9\n|\n|t:|1699799293\n|move|p2a: Glimmora|Toxic|p1a: Gusgus\n|-status|p1a: Gusgus|tox\n|move|p1a: Gusgus|Spore|p2a: Glimmora\n|-status|p2a: Glimmora|slp|[from] move: Spore\n|\n|-damage|p1a: Gusgus|94\/100 tox|[from] psn\n|upkeep\n|turn|10\n|\n|t:|1699799304\n|switch|p2a: Lycanroc|Lycanroc-Dusk, F|100\/100\n|move|p1a: Gusgus|Giga Drain|p2a: Lycanroc\n|-supereffective|p2a: Lycanroc\n|-damage|p2a: Lycanroc|28\/100\n|-heal|p1a: Gusgus|100\/100 tox|[from] drain|[of] p2a: Lycanroc\n|\n|-damage|p1a: Gusgus|88\/100 tox|[from] psn\n|upkeep\n|turn|11\n|\n|t:|1699799327\n|switch|p1a: Zeus|Thundurus-Therian, M|84\/100\n|move|p2a: Lycanroc|Psychic Fangs|p1a: Zeus\n|-damage|p1a: Zeus|28\/100\n|\n|upkeep\n|turn|12\n|\n|t:|1699799333\n|move|p2a: Lycanroc|Accelerock|p1a: Zeus\n|-supereffective|p1a: Zeus\n|-damage|p1a: Zeus|0 fnt\n|faint|p1a: Zeus\n|\n|upkeep\n|\n|t:|1699799341\n|switch|p1a: Overgod|Kingambit, M, shiny|100\/100\n|-activate|p1a: Overgod|ability: Supreme Overlord\n|-start|p1a: Overgod|fallen2|[silent]\n|turn|13\n|\n|t:|1699799348\n|move|p1a: Overgod|Sucker Punch|p2a: Lycanroc\n|-damage|p2a: Lycanroc|0 fnt\n|faint|p2a: Lycanroc\n|\n|upkeep\n|\n|t:|1699799355\n|switch|p2a: Thundurus|Thundurus-Therian, M|52\/100\n|turn|14\n|\n|t:|1699799365\n|move|p2a: Thundurus|Volt Switch|p1a: Overgod\n|-damage|p1a: Overgod|33\/100\n|-damage|p2a: Thundurus|42\/100|[from] item: Life Orb\n|\n|t:|1699799372\n|switch|p2a: Ogerpon|Ogerpon-Cornerstone, F|100\/100|[from] Volt Switch\n|move|p1a: Overgod|Swords Dance|p1a: Overgod\n|-boost|p1a: Overgod|atk|2\n|\n|upkeep\n|turn|15\n|\n|t:|1699799381\n|move|p1a: Overgod|Sucker Punch|p2a: Ogerpon\n|-ability|p2a: Ogerpon|Sturdy\n|-damage|p2a: Ogerpon|1\/100\n|move|p2a: Ogerpon|Ivy Cudgel|p1a: Overgod\n|-resisted|p1a: Overgod\n|-damage|p1a: Overgod|10\/100\n|\n|upkeep\n|turn|16\n|\n|t:|1699799389\n|switch|p2a: Alomomola|Alomomola, F|100\/100\n|move|p1a: Overgod|Sucker Punch||[still]\n|-fail|p1a: Overgod\n|\n|upkeep\n|turn|17\n|\n|t:|1699799394\n|move|p1a: Overgod|Sucker Punch|p2a: Alomomola\n|-crit|p2a: Alomomola\n|-damage|p2a: Alomomola|10\/100\n|move|p2a: Alomomola|Flip Turn|p1a: Overgod\n|-damage|p1a: Overgod|0 fnt\n|faint|p1a: Overgod\n|-end|p1a: Overgod|fallen2|[silent]\n|\n|t:|1699799408\n|switch|p2a: Ogerpon|Ogerpon-Cornerstone, F|1\/100|[from] Flip Turn\n|\n|upkeep\n|\n|t:|1699799416\n|switch|p1a: Symbolism|Iron Moth|100\/100\n|-enditem|p1a: Symbolism|Booster Energy\n|-activate|p1a: Symbolism|ability: Quark Drive|[fromitem]\n|-start|p1a: Symbolism|quarkdrivespe\n|turn|18\n|\n|t:|1699799428\n|switch|p2a: Glimmora|Glimmora, M|100\/100 slp\n|move|p1a: Symbolism|Substitute|p1a: Symbolism\n|-start|p1a: Symbolism|Substitute\n|-damage|p1a: Symbolism|76\/100\n|\n|upkeep\n|turn|19\n|\n|t:|1699799442\n|-terastallize|p1a: Symbolism|Ghost\n|move|p1a: Symbolism|Tera Blast|p2a: Glimmora|[anim] Tera Blast Ghost\n|-damage|p2a: Glimmora|67\/100 slp\n|cant|p2a: Glimmora|slp\n|\n|-heal|p2a: Glimmora|73\/100 slp|[from] item: Leftovers\n|upkeep\n|turn|20\n|\n|t:|1699799449\n|move|p1a: Symbolism|Fiery Dance|p2a: Glimmora\n|-resisted|p2a: Glimmora\n|-damage|p2a: Glimmora|55\/100 slp\n|cant|p2a: Glimmora|slp\n|\n|-heal|p2a: Glimmora|61\/100 slp|[from] item: Leftovers\n|upkeep\n|turn|21\n|\n|t:|1699799455\n|move|p1a: Symbolism|Tera Blast|p2a: Glimmora|[anim] Tera Blast Ghost\n|-damage|p2a: Glimmora|29\/100 slp\n|-curestatus|p2a: Glimmora|slp|[msg]\n|move|p2a: Glimmora|Ancient Power|p1a: Symbolism\n|-end|p1a: Symbolism|Substitute\n|\n|-heal|p2a: Glimmora|36\/100|[from] item: Leftovers\n|upkeep\n|turn|22\n|\n|t:|1699799465\n|move|p1a: Symbolism|Tera Blast|p2a: Glimmora|[anim] Tera Blast Ghost\n|-damage|p2a: Glimmora|0 fnt\n|faint|p2a: Glimmora\n|\n|upkeep\n|\n|t:|1699799471\n|switch|p2a: Thundurus|Thundurus-Therian, M|42\/100\n|turn|23\n|\n|t:|1699799479\n|move|p1a: Symbolism|Sludge Wave|p2a: Thundurus\n|-damage|p2a: Thundurus|0 fnt\n|faint|p2a: Thundurus\n|\n|upkeep\n|-message|Relish Toast forfeited.\n|\n|win|FIREER\n|raw|FIREER's rating: 1161 &rarr; <strong>1193<\/strong><br \/>(+32 for winning)\n|raw|Relish Toast's rating: 1261 &rarr; <strong>1229<\/strong><br \/>(-32 for losing)\n|l|\u2606Relish Toast\n","uploadtime":1699799496,"views":16,"p1id":"fireer","p2id":"relishtoast","formatid":"gen9ou","rating":1193,"private":0,"password":""}