{"id":"gen9ou-1989371384","p1":"GamerSwag1337","p2":"ajbaby","format":"[Gen 9] OU","log":"|j|\u2606GamerSwag1337\n|j|\u2606ajbaby\n|t:|1699841924\n|gametype|singles\n|player|p1|GamerSwag1337|pokekid|1219\n|player|p2|ajbaby|265|1278\n|teamsize|p1|6\n|teamsize|p2|6\n|gen|9\n|tier|[Gen 9] OU\n|rated|\n|rule|Sleep Clause Mod: Limit one foe put to sleep\n|rule|Species Clause: Limit one of each Pok\u00e9mon\n|rule|OHKO Clause: OHKO moves are banned\n|rule|Evasion Items Clause: Evasion items are banned\n|rule|Evasion Moves Clause: Evasion moves are banned\n|rule|Endless Battle Clause: Forcing endless battles is banned\n|rule|HP Percentage Mod: HP is shown in percentages\n|clearpoke\n|poke|p1|Iron Valiant|\n|poke|p1|Ribombee, F|\n|poke|p1|Gholdengo|\n|poke|p1|Kingambit, M|\n|poke|p1|Great Tusk|\n|poke|p1|Iron Moth|\n|poke|p2|Garchomp, F|\n|poke|p2|Rotom-Heat|\n|poke|p2|Meowscarada, M|\n|poke|p2|Azelf|\n|poke|p2|Overqwil, F|\n|poke|p2|Quaquaval, M|\n|teampreview\n|inactive|Battle timer is ON: inactive players will automatically lose when time's up. (requested by ajbaby)\n|\n|t:|1699841932\n|start\n|switch|p1a: Evil sinner|Ribombee, F|100\/100\n|switch|p2a: Meowscarada|Meowscarada, M|100\/100\n|turn|1\n|\n|t:|1699841935\n|move|p2a: Meowscarada|U-turn|p1a: Evil sinner\n|-start|p2a: Meowscarada|typechange|Bug|[from] ability: Protean\n|-resisted|p1a: Evil sinner\n|-damage|p1a: Evil sinner|71\/100\n|\n|t:|1699841943\n|switch|p2a: Overqwil|Overqwil, F|100\/100|[from] U-turn\n|-ability|p2a: Overqwil|Intimidate|boost\n|-unboost|p1a: Evil sinner|atk|1\n|move|p1a: Evil sinner|Sticky Web|p2a: Overqwil\n|-sidestart|p2: ajbaby|move: Sticky Web\n|\n|upkeep\n|turn|2\n|\n|t:|1699841956\n|switch|p1a: Gamefreaks Mistake|Gholdengo|100\/100\n|-item|p1a: Gamefreaks Mistake|Air Balloon\n|move|p2a: Overqwil|Barb Barrage|p1a: Gamefreaks Mistake\n|-immune|p1a: Gamefreaks Mistake\n|\n|upkeep\n|turn|3\n|\n|t:|1699841978\n|move|p1a: Gamefreaks Mistake|Dazzling Gleam|p2a: Overqwil\n|-damage|p2a: Overqwil|65\/100\n|move|p2a: Overqwil|Crunch|p1a: Gamefreaks Mistake\n|-supereffective|p1a: Gamefreaks Mistake\n|-damage|p1a: Gamefreaks Mistake|0 fnt\n|-enditem|p1a: Gamefreaks Mistake|Air Balloon\n|faint|p1a: Gamefreaks Mistake\n|-damage|p2a: Overqwil|56\/100|[from] item: Life Orb\n|\n|upkeep\n|\n|t:|1699841986\n|switch|p1a: Fart Tusk|Great Tusk|100\/100\n|-enditem|p1a: Fart Tusk|Booster Energy\n|-activate|p1a: Fart Tusk|ability: Protosynthesis|[fromitem]\n|-start|p1a: Fart Tusk|protosynthesisspe\n|turn|4\n|\n|t:|1699841994\n|move|p2a: Overqwil|Aqua Jet|p1a: Fart Tusk\n|-supereffective|p1a: Fart Tusk\n|-damage|p1a: Fart Tusk|71\/100\n|-damage|p2a: Overqwil|46\/100|[from] item: Life Orb\n|move|p1a: Fart Tusk|Earthquake|p2a: Overqwil\n|-supereffective|p2a: Overqwil\n|-damage|p2a: Overqwil|0 fnt\n|faint|p2a: Overqwil\n|\n|upkeep\n|\n|t:|1699842006\n|switch|p2a: Garchomp|Garchomp, F|100\/100\n|-activate|p2a: Garchomp|move: Sticky Web\n|-unboost|p2a: Garchomp|spe|1\n|turn|5\n|\n|t:|1699842015\n|move|p1a: Fart Tusk|Bulk Up|p1a: Fart Tusk\n|-boost|p1a: Fart Tusk|atk|1\n|-boost|p1a: Fart Tusk|def|1\n|move|p2a: Garchomp|Stealth Rock|p1a: Fart Tusk\n|-sidestart|p1: GamerSwag1337|move: Stealth Rock\n|\n|upkeep\n|turn|6\n|\n|t:|1699842020\n|move|p1a: Fart Tusk|Bulk Up|p1a: Fart Tusk\n|-boost|p1a: Fart Tusk|atk|1\n|-boost|p1a: Fart Tusk|def|1\n|move|p2a: Garchomp|Dragon Tail|p1a: Fart Tusk\n|-damage|p1a: Fart Tusk|60\/100\n|-end|p1a: Fart Tusk|Protosynthesis|[silent]\n|drag|p1a: Chris Cristy|Iron Moth|100\/100\n|-damage|p1a: Chris Cristy|76\/100|[from] Stealth Rock\n|-enditem|p1a: Chris Cristy|Booster Energy\n|-activate|p1a: Chris Cristy|ability: Quark Drive|[fromitem]\n|-start|p1a: Chris Cristy|quarkdrivespa\n|\n|upkeep\n|turn|7\n|\n|t:|1699842030\n|move|p1a: Chris Cristy|Energy Ball|p2a: Garchomp\n|-damage|p2a: Garchomp|59\/100\n|-unboost|p2a: Garchomp|spd|1\n|move|p2a: Garchomp|Earthquake|p1a: Chris Cristy\n|-supereffective|p1a: Chris Cristy\n|-damage|p1a: Chris Cristy|0 fnt\n|faint|p1a: Chris Cristy\n|-end|p1a: Chris Cristy|Quark Drive|[silent]\n|\n|upkeep\n|\n|t:|1699842034\n|switch|p1a: Evil sinner|Ribombee, F|71\/100\n|-damage|p1a: Evil sinner|47\/100|[from] Stealth Rock\n|turn|8\n|\n|t:|1699842038\n|move|p1a: Evil sinner|Moonblast|p2a: Garchomp\n|-supereffective|p2a: Garchomp\n|-damage|p2a: Garchomp|0 fnt\n|faint|p2a: Garchomp\n|\n|upkeep\n|\n|t:|1699842041\n|switch|p2a: Quaquaval|Quaquaval, M|100\/100\n|-activate|p2a: Quaquaval|move: Sticky Web\n|-unboost|p2a: Quaquaval|spe|1\n|turn|9\n|\n|t:|1699842046\n|-terastallize|p2a: Quaquaval|Water\n|move|p1a: Evil sinner|Moonblast|p2a: Quaquaval\n|-damage|p2a: Quaquaval|72\/100\n|move|p2a: Quaquaval|Rapid Spin|p1a: Evil sinner\n|-damage|p1a: Evil sinner|19\/100\n|-boost|p2a: Quaquaval|spe|1\n|-sideend|p2: ajbaby|Sticky Web|[from] move: Rapid Spin|[of] p2a: Quaquaval\n|\n|upkeep\n|turn|10\n|\n|t:|1699842052\n|move|p1a: Evil sinner|Stun Spore|p2a: Quaquaval\n|-status|p2a: Quaquaval|par\n|move|p2a: Quaquaval|Aqua Step|p1a: Evil sinner\n|-damage|p1a: Evil sinner|0 fnt\n|-boost|p2a: Quaquaval|spe|1\n|faint|p1a: Evil sinner\n|-ability|p2a: Quaquaval|Moxie|boost\n|-boost|p2a: Quaquaval|atk|1\n|\n|upkeep\n|\n|t:|1699842060\n|switch|p1a: HO is fun|Iron Valiant|100\/100\n|-damage|p1a: HO is fun|94\/100|[from] Stealth Rock\n|-enditem|p1a: HO is fun|Booster Energy\n|-activate|p1a: HO is fun|ability: Quark Drive|[fromitem]\n|-start|p1a: HO is fun|quarkdrivespe\n|turn|11\n|\n|t:|1699842070\n|move|p1a: HO is fun|Knock Off|p2a: Quaquaval\n|-damage|p2a: Quaquaval|23\/100 par\n|-enditem|p2a: Quaquaval|Assault Vest|[from] move: Knock Off|[of] p1a: HO is fun\n|move|p2a: Quaquaval|Aqua Step|p1a: HO is fun\n|-damage|p1a: HO is fun|0 fnt\n|-boost|p2a: Quaquaval|spe|1\n|faint|p1a: HO is fun\n|-end|p1a: HO is fun|Quark Drive|[silent]\n|-ability|p2a: Quaquaval|Moxie|boost\n|-boost|p2a: Quaquaval|atk|1\n|\n|upkeep\n|\n|t:|1699842077\n|switch|p1a: Fart Tusk|Great Tusk|60\/100\n|-damage|p1a: Fart Tusk|57\/100|[from] Stealth Rock\n|turn|12\n|\n|t:|1699842082\n|move|p1a: Fart Tusk|Rapid Spin|p2a: Quaquaval\n|-damage|p2a: Quaquaval|4\/100 par\n|-boost|p1a: Fart Tusk|spe|1\n|-sideend|p1: GamerSwag1337|Stealth Rock|[from] move: Rapid Spin|[of] p1a: Fart Tusk\n|move|p2a: Quaquaval|Aqua Step|p1a: Fart Tusk\n|-supereffective|p1a: Fart Tusk\n|-damage|p1a: Fart Tusk|0 fnt\n|-boost|p2a: Quaquaval|spe|1\n|faint|p1a: Fart Tusk\n|-end|p1a: Fart Tusk|Protosynthesis|[silent]\n|-ability|p2a: Quaquaval|Moxie|boost\n|-boost|p2a: Quaquaval|atk|1\n|\n|upkeep\n|\n|t:|1699842088\n|switch|p1a: The other mistake|Kingambit, M|100\/100\n|-activate|p1a: The other mistake|ability: Supreme Overlord\n|-start|p1a: The other mistake|fallen5|[silent]\n|turn|13\n|\n|t:|1699842092\n|move|p1a: The other mistake|Sucker Punch|p2a: Quaquaval\n|-damage|p2a: Quaquaval|0 fnt\n|faint|p2a: Quaquaval\n|\n|upkeep\n|\n|t:|1699842095\n|switch|p2a: Rotom|Rotom-Heat|100\/100\n|turn|14\n|\n|t:|1699842106\n|-terastallize|p1a: The other mistake|Dark\n|move|p1a: The other mistake|Sucker Punch|p2a: Rotom\n|-damage|p2a: Rotom|0 fnt\n|faint|p2a: Rotom\n|\n|upkeep\n|\n|t:|1699842112\n|switch|p2a: Meowscarada|Meowscarada, M|100\/100\n|turn|15\n|\n|t:|1699842117\n|move|p2a: Meowscarada|Play Rough|p1a: The other mistake\n|-start|p2a: Meowscarada|typechange|Fairy|[from] ability: Protean\n|-supereffective|p1a: The other mistake\n|-damage|p1a: The other mistake|30\/100\n|move|p1a: The other mistake|Low Kick|p2a: Meowscarada\n|-resisted|p2a: Meowscarada\n|-damage|p2a: Meowscarada|71\/100\n|\n|upkeep\n|turn|16\n|\n|t:|1699842125\n|move|p1a: The other mistake|Sucker Punch|p2a: Meowscarada\n|-resisted|p2a: Meowscarada\n|-damage|p2a: Meowscarada|0 fnt\n|faint|p2a: Meowscarada\n|\n|upkeep\n|\n|t:|1699842128\n|switch|p2a: Azelf|Azelf|100\/100\n|turn|17\n|\n|t:|1699842132\n|move|p1a: The other mistake|Sucker Punch|p2a: Azelf\n|-supereffective|p2a: Azelf\n|-damage|p2a: Azelf|0 fnt\n|faint|p2a: Azelf\n|\n|win|GamerSwag1337\n|raw|GamerSwag1337's rating: 1219 &rarr; <strong>1248<\/strong><br \/>(+29 for winning)\n|raw|ajbaby's rating: 1278 &rarr; <strong>1249<\/strong><br \/>(-29 for losing)\n|l|\u2606ajbaby\n","uploadtime":1699842205,"views":24,"p1id":"gamerswag1337","p2id":"ajbaby","formatid":"gen9ou","rating":1248,"private":0,"password":""}