{"id":"gen9ou-1990826152","p1":"tenouttaten123","p2":"ratatta17","format":"[Gen 9] OU","log":"|j|\u2606tenouttaten123\n|j|\u2606ratatta17\n|t:|1700004803\n|gametype|singles\n|player|p1|tenouttaten123|169|1395\n|player|p2|ratatta17|1|1446\n|teamsize|p1|6\n|teamsize|p2|6\n|gen|9\n|tier|[Gen 9] OU\n|rated|\n|rule|Sleep Clause Mod: Limit one foe put to sleep\n|rule|Species Clause: Limit one of each Pok\u00e9mon\n|rule|OHKO Clause: OHKO moves are banned\n|rule|Evasion Items Clause: Evasion items are banned\n|rule|Evasion Moves Clause: Evasion moves are banned\n|rule|Endless Battle Clause: Forcing endless battles is banned\n|rule|HP Percentage Mod: HP is shown in percentages\n|clearpoke\n|poke|p1|Dragonite, F|\n|poke|p1|Empoleon, F|\n|poke|p1|Walking Wake|\n|poke|p1|Landorus-Therian, M|\n|poke|p1|Sneasler, M|\n|poke|p1|Mamoswine, M|\n|poke|p2|Azumarill, F|\n|poke|p2|Staraptor, M|\n|poke|p2|Toedscruel, M|\n|poke|p2|Skeledirge, M|\n|poke|p2|Ninetales-Alola, F|\n|poke|p2|Iron Valiant|\n|teampreview\n|\n|t:|1700004817\n|start\n|switch|p1a: Empoleon|Empoleon, F|100\/100\n|switch|p2a: Staraptor|Staraptor, M|100\/100\n|-ability|p2a: Staraptor|Intimidate|boost\n|-unboost|p1a: Empoleon|atk|1\n|-ability|p1a: Empoleon|Competitive|boost\n|-boost|p1a: Empoleon|spa|2\n|turn|1\n|\n|t:|1700004825\n|switch|p1a: Landorus|Landorus-Therian, M|100\/100\n|-ability|p1a: Landorus|Intimidate|boost\n|-unboost|p2a: Staraptor|atk|1\n|move|p2a: Staraptor|Final Gambit|p1a: Landorus\n|-damage|p1a: Landorus|0 fnt\n|faint|p2a: Staraptor\n|faint|p1a: Landorus\n|\n|upkeep\n|\n|t:|1700004884\n|switch|p2a: Ninetales|Ninetales-Alola, F|100\/100\n|switch|p1a: Sneasler|Sneasler, M|100\/100\n|-weather|Snow|[from] ability: Snow Warning|[of] p2a: Ninetales\n|turn|2\n|\n|t:|1700004895\n|move|p1a: Sneasler|Dire Claw|p2a: Ninetales\n|-supereffective|p2a: Ninetales\n|-crit|p2a: Ninetales\n|-damage|p2a: Ninetales|0 fnt\n|faint|p2a: Ninetales\n|\n|-weather|Snow|[upkeep]\n|upkeep\n|inactive|Battle timer is ON: inactive players will automatically lose when time's up. (requested by tenouttaten123)\n|\n|t:|1700004953\n|switch|p2a: Toedscruel|Toedscruel, M|100\/100\n|turn|3\n|\n|t:|1700004963\n|switch|p1a: Empoleon|Empoleon, F|100\/100\n|move|p2a: Toedscruel|Spore|p1a: Empoleon\n|-status|p1a: Empoleon|slp|[from] move: Spore\n|\n|-weather|Snow|[upkeep]\n|upkeep\n|turn|4\n|\n|t:|1700004992\n|switch|p1a: Walking Wake|Walking Wake|100\/100\n|move|p2a: Toedscruel|Knock Off|p1a: Walking Wake\n|-damage|p1a: Walking Wake|81\/100\n|-enditem|p1a: Walking Wake|Heavy-Duty Boots|[from] move: Knock Off|[of] p2a: Toedscruel\n|\n|-weather|Snow|[upkeep]\n|upkeep\n|turn|5\n|\n|t:|1700004998\n|move|p1a: Walking Wake|Knock Off|p2a: Toedscruel\n|-damage|p2a: Toedscruel|86\/100\n|-enditem|p2a: Toedscruel|Leftovers|[from] move: Knock Off|[of] p1a: Walking Wake\n|move|p2a: Toedscruel|Leech Seed|p1a: Walking Wake\n|-start|p1a: Walking Wake|move: Leech Seed\n|\n|-weather|Snow|[upkeep]\n|-damage|p1a: Walking Wake|68\/100|[from] Leech Seed|[of] p2a: Toedscruel\n|-heal|p2a: Toedscruel|97\/100|[silent]\n|upkeep\n|turn|6\n|inactive|ratatta17 has 120 seconds left.\n|\n|t:|1700005043\n|move|p1a: Walking Wake|Flip Turn|p2a: Toedscruel\n|-damage|p2a: Toedscruel|82\/100\n|\n|t:|1700005052\n|-end|p1a: Walking Wake|Protosynthesis|[silent]\n|switch|p1a: Mamoswine|Mamoswine, M|100\/100|[from] Flip Turn\n|move|p2a: Toedscruel|Rapid Spin|p1a: Mamoswine\n|-damage|p1a: Mamoswine|94\/100\n|-boost|p2a: Toedscruel|spe|1\n|\n|-weather|none\n|upkeep\n|turn|7\n|inactive|ratatta17 has 90 seconds left.\n|\n|t:|1700005099\n|move|p1a: Mamoswine|Ice Shard|p2a: Toedscruel\n|-supereffective|p2a: Toedscruel\n|-crit|p2a: Toedscruel\n|-damage|p2a: Toedscruel|0 fnt\n|faint|p2a: Toedscruel\n|-damage|p1a: Mamoswine|84\/100|[from] item: Life Orb\n|\n|upkeep\n|inactive|ratatta17 has 60 seconds left.\n|\n|t:|1700005137\n|switch|p2a: Iron Valiant|Iron Valiant|100\/100\n|turn|8\n|\n|t:|1700005160\n|move|p2a: Iron Valiant|Aura Sphere|p1a: Mamoswine\n|-supereffective|p1a: Mamoswine\n|-damage|p1a: Mamoswine|0 fnt\n|faint|p1a: Mamoswine\n|-damage|p2a: Iron Valiant|91\/100|[from] item: Life Orb\n|\n|upkeep\n|\n|t:|1700005168\n|switch|p1a: Sneasler|Sneasler, M|100\/100\n|turn|9\n|inactive|ratatta17 has 30 seconds left.\n|inactive|ratatta17 has 20 seconds left.\n|inactive|ratatta17 has 15 seconds left.\n|inactive|ratatta17 has 10 seconds left.\n|inactive|ratatta17 has 5 seconds left.\n|\n|t:|1700005215\n|move|p1a: Sneasler|Dire Claw|p2a: Iron Valiant\n|-supereffective|p2a: Iron Valiant\n|-damage|p2a: Iron Valiant|0 fnt\n|faint|p2a: Iron Valiant\n|-end|p2a: Iron Valiant|Quark Drive|[silent]\n|\n|upkeep\n|inactive|ratatta17 has 10 seconds left this turn.\n|inactive|ratatta17 has 5 seconds left.\n|\n|t:|1700005220\n|switch|p2a: Skeledirge|Skeledirge, M|100\/100\n|turn|10\n|inactive|ratatta17 has 15 seconds left this turn.\n|\n|t:|1700005241\n|switch|p1a: Walking Wake|Walking Wake|68\/100\n|move|p2a: Skeledirge|Will-O-Wisp|p1a: Walking Wake\n|-status|p1a: Walking Wake|brn\n|\n|-damage|p1a: Walking Wake|62\/100 brn|[from] brn\n|upkeep\n|turn|11\n|inactive|ratatta17 has 25 seconds left this turn.\n|inactive|ratatta17 has 20 seconds left.\n|\n|t:|1700005248\n|move|p1a: Walking Wake|Knock Off|p2a: Skeledirge\n|-supereffective|p2a: Skeledirge\n|-damage|p2a: Skeledirge|87\/100\n|-enditem|p2a: Skeledirge|Leftovers|[from] move: Knock Off|[of] p1a: Walking Wake\n|move|p2a: Skeledirge|Hex|p1a: Walking Wake\n|-damage|p1a: Walking Wake|6\/100 brn\n|\n|-damage|p1a: Walking Wake|0 fnt|[from] brn\n|faint|p1a: Walking Wake\n|-end|p1a: Walking Wake|Protosynthesis|[silent]\n|upkeep\n|inactive|ratatta17 has 25 seconds left this turn.\n|inactive|tenouttaten123 has 120 seconds left.\n|\n|t:|1700005276\n|switch|p1a: Empoleon|Empoleon, F|100\/100 slp\n|turn|12\n|inactive|ratatta17 has 30 seconds left.\n|inactive|tenouttaten123 has 120 seconds left.\n|\n|t:|1700005292\n|move|p2a: Skeledirge|Torch Song|p1a: Empoleon\n|-damage|p1a: Empoleon|82\/100 slp\n|-boost|p2a: Skeledirge|spa|1\n|cant|p1a: Empoleon|slp\n|\n|-heal|p1a: Empoleon|89\/100 slp|[from] item: Leftovers\n|upkeep\n|turn|13\n|\n|t:|1700005296\n|move|p2a: Skeledirge|Hex|p1a: Empoleon\n|-damage|p1a: Empoleon|40\/100 slp\n|cant|p1a: Empoleon|slp\n|\n|-heal|p1a: Empoleon|46\/100 slp|[from] item: Leftovers\n|upkeep\n|turn|14\n|\n|t:|1700005300\n|move|p2a: Skeledirge|Hex|p1a: Empoleon\n|-damage|p1a: Empoleon|2\/100 slp\n|cant|p1a: Empoleon|slp\n|\n|-heal|p1a: Empoleon|8\/100 slp|[from] item: Leftovers\n|upkeep\n|turn|15\n|\n|t:|1700005304\n|move|p2a: Skeledirge|Torch Song|p1a: Empoleon\n|-damage|p1a: Empoleon|0 fnt\n|-boost|p2a: Skeledirge|spa|1\n|faint|p1a: Empoleon\n|\n|upkeep\n|\n|t:|1700005307\n|switch|p1a: Dragonite|Dragonite, F|100\/100\n|turn|16\n|\n|t:|1700005313\n|-terastallize|p2a: Skeledirge|Dragon\n|move|p1a: Dragonite|Earthquake|p2a: Skeledirge\n|-damage|p2a: Skeledirge|55\/100\n|move|p2a: Skeledirge|Will-O-Wisp|p1a: Dragonite\n|-status|p1a: Dragonite|brn\n|\n|-damage|p1a: Dragonite|94\/100 brn|[from] brn\n|upkeep\n|turn|17\n|\n|t:|1700005318\n|move|p1a: Dragonite|Ice Spinner|p2a: Skeledirge\n|-supereffective|p2a: Skeledirge\n|-damage|p2a: Skeledirge|31\/100\n|move|p2a: Skeledirge|Slack Off|p2a: Skeledirge\n|-heal|p2a: Skeledirge|81\/100\n|\n|-damage|p1a: Dragonite|88\/100 brn|[from] brn\n|upkeep\n|turn|18\n|\n|t:|1700005322\n|move|p1a: Dragonite|Dragon Dance|p1a: Dragonite\n|-boost|p1a: Dragonite|atk|1\n|-boost|p1a: Dragonite|spe|1\n|move|p2a: Skeledirge|Slack Off|p2a: Skeledirge\n|-heal|p2a: Skeledirge|100\/100\n|\n|-damage|p1a: Dragonite|82\/100 brn|[from] brn\n|upkeep\n|turn|19\n|\n|t:|1700005325\n|move|p1a: Dragonite|Dragon Dance|p1a: Dragonite\n|-boost|p1a: Dragonite|atk|1\n|-boost|p1a: Dragonite|spe|1\n|move|p2a: Skeledirge|Torch Song|p1a: Dragonite\n|-resisted|p1a: Dragonite\n|-crit|p1a: Dragonite\n|-damage|p1a: Dragonite|34\/100 brn\n|-boost|p2a: Skeledirge|spa|1\n|\n|-damage|p1a: Dragonite|27\/100 brn|[from] brn\n|upkeep\n|turn|20\n|\n|t:|1700005328\n|move|p1a: Dragonite|Ice Spinner|p2a: Skeledirge\n|-supereffective|p2a: Skeledirge\n|-damage|p2a: Skeledirge|72\/100\n|move|p2a: Skeledirge|Torch Song|p1a: Dragonite\n|-resisted|p1a: Dragonite\n|-damage|p1a: Dragonite|0 fnt\n|-boost|p2a: Skeledirge|spa|1\n|faint|p1a: Dragonite\n|\n|upkeep\n|\n|t:|1700005331\n|switch|p1a: Sneasler|Sneasler, M|100\/100\n|turn|21\n|\n|t:|1700005338\n|move|p1a: Sneasler|Dire Claw|p2a: Skeledirge\n|-damage|p2a: Skeledirge|16\/100\n|-status|p2a: Skeledirge|par\n|move|p2a: Skeledirge|Torch Song|p1a: Sneasler\n|-damage|p1a: Sneasler|0 fnt\n|-boost|p2a: Skeledirge|spa|1\n|faint|p1a: Sneasler\n|\n|win|ratatta17\n|raw|tenouttaten123's rating: 1395 &rarr; <strong>1377<\/strong><br \/>(-18 for losing)\n|raw|ratatta17's rating: 1431 &rarr; <strong>1449<\/strong><br \/>(+18 for winning)\n|l|\u2606tenouttaten123\n","uploadtime":1700005551,"views":12,"p1id":"tenouttaten123","p2id":"ratatta17","formatid":"gen9ou","rating":1377,"private":0,"password":""}