{"id":"gen9ou-1993055977","p1":"DestinedTitan43","p2":"CejTo10","format":"[Gen 9] OU","log":"|j|\u2606DestinedTitan43\n|j|\u2606CejTo10\n|t:|1700259848\n|gametype|singles\n|player|p1|DestinedTitan43|n|1399\n|player|p2|CejTo10|emmet|1471\n|teamsize|p1|6\n|teamsize|p2|6\n|gen|9\n|tier|[Gen 9] OU\n|rated|\n|rule|Sleep Clause Mod: Limit one foe put to sleep\n|rule|Species Clause: Limit one of each Pok\u00e9mon\n|rule|OHKO Clause: OHKO moves are banned\n|rule|Evasion Items Clause: Evasion items are banned\n|rule|Evasion Moves Clause: Evasion moves are banned\n|rule|Endless Battle Clause: Forcing endless battles is banned\n|rule|HP Percentage Mod: HP is shown in percentages\n|clearpoke\n|poke|p1|Glimmora, M|\n|poke|p1|Iron Valiant|\n|poke|p1|Kingambit, M|\n|poke|p1|Ceruledge, F|\n|poke|p1|Walking Wake|\n|poke|p1|Zamazenta-*|\n|poke|p2|Grimmsnarl, M|\n|poke|p2|Iron Moth|\n|poke|p2|Zamazenta-*|\n|poke|p2|Ogerpon-Cornerstone, F|\n|poke|p2|Mew|\n|poke|p2|Great Tusk|\n|teampreview\n|inactive|Battle timer is ON: inactive players will automatically lose when time's up. (requested by DestinedTitan43)\n|inactive|CejTo10 has 120 seconds left.\n|\n|t:|1700259888\n|start\n|switch|p1a: Glimmora|Glimmora, M|100\/100\n|switch|p2a: Great Tusk|Great Tusk|100\/100\n|-enditem|p2a: Great Tusk|Booster Energy\n|-activate|p2a: Great Tusk|ability: Protosynthesis|[fromitem]\n|-start|p2a: Great Tusk|protosynthesisspe\n|turn|1\n|\n|t:|1700259904\n|switch|p1a: Walking Wake|Walking Wake|100\/100\n|-enditem|p1a: Walking Wake|Booster Energy\n|-activate|p1a: Walking Wake|ability: Protosynthesis|[fromitem]\n|-start|p1a: Walking Wake|protosynthesisspa\n|move|p2a: Great Tusk|Taunt|p1a: Walking Wake\n|-start|p1a: Walking Wake|move: Taunt\n|\n|upkeep\n|turn|2\n|\n|t:|1700259908\n|move|p2a: Great Tusk|Stealth Rock|p1a: Walking Wake\n|-sidestart|p1: DestinedTitan43|move: Stealth Rock\n|move|p1a: Walking Wake|Hydro Steam|p2a: Great Tusk\n|-supereffective|p2a: Great Tusk\n|-damage|p2a: Great Tusk|0 fnt\n|faint|p2a: Great Tusk\n|-end|p2a: Great Tusk|Protosynthesis|[silent]\n|\n|upkeep\n|\n|t:|1700259916\n|switch|p2a: Grimmsnarl|Grimmsnarl, M|100\/100\n|turn|3\n|\n|t:|1700259921\n|move|p2a: Grimmsnarl|Light Screen|p2a: Grimmsnarl\n|-sidestart|p2: CejTo10|move: Light Screen\n|move|p1a: Walking Wake|Hydro Steam|p2a: Grimmsnarl\n|-damage|p2a: Grimmsnarl|79\/100\n|\n|-end|p1a: Walking Wake|move: Taunt\n|upkeep\n|turn|4\n|\n|t:|1700259926\n|-end|p1a: Walking Wake|Protosynthesis|[silent]\n|switch|p1a: Glimmora|Glimmora, M|100\/100\n|-damage|p1a: Glimmora|88\/100|[from] Stealth Rock\n|move|p2a: Grimmsnarl|Reflect|p2a: Grimmsnarl\n|-sidestart|p2: CejTo10|Reflect\n|\n|upkeep\n|turn|5\n|\n|t:|1700259928\n|move|p2a: Grimmsnarl|Taunt|p1a: Glimmora\n|-start|p1a: Glimmora|move: Taunt\n|move|p1a: Glimmora|Mortal Spin|p2a: Grimmsnarl\n|-supereffective|p2a: Grimmsnarl\n|-damage|p2a: Grimmsnarl|73\/100\n|-status|p2a: Grimmsnarl|psn\n|-sideend|p1: DestinedTitan43|Stealth Rock|[from] move: Mortal Spin|[of] p1a: Glimmora\n|\n|-damage|p2a: Grimmsnarl|61\/100 psn|[from] psn\n|upkeep\n|turn|6\n|\n|t:|1700259939\n|switch|p1a: Ceruledge|Ceruledge, F|100\/100\n|switch|p2a: Ogerpon|Ogerpon-Cornerstone, F|100\/100\n|\n|upkeep\n|turn|7\n|\n|t:|1700259946\n|switch|p1a: Glimmora|Glimmora, M|88\/100\n|move|p2a: Ogerpon|Swords Dance|p2a: Ogerpon\n|-boost|p2a: Ogerpon|atk|2\n|\n|upkeep\n|turn|8\n|\n|t:|1700259953\n|move|p1a: Glimmora|Sludge Bomb|p2a: Ogerpon\n|-damage|p2a: Ogerpon|71\/100\n|move|p2a: Ogerpon|Trailblaze|p1a: Glimmora\n|-damage|p1a: Glimmora|14\/100\n|-boost|p2a: Ogerpon|spe|1\n|-activate|p1a: Glimmora|ability: Toxic Debris\n|-sidestart|p2: CejTo10|move: Toxic Spikes\n|\n|upkeep\n|turn|9\n|\n|t:|1700259958\n|move|p2a: Ogerpon|Trailblaze|p1a: Glimmora\n|-damage|p1a: Glimmora|0 fnt\n|-boost|p2a: Ogerpon|spe|1\n|-activate|p1a: Glimmora|ability: Toxic Debris\n|-sidestart|p2: CejTo10|move: Toxic Spikes\n|faint|p1a: Glimmora\n|\n|upkeep\n|\n|t:|1700259971\n|switch|p1a: Zamazenta|Zamazenta|100\/100\n|-ability|p1a: Zamazenta|Dauntless Shield|boost\n|-boost|p1a: Zamazenta|def|1\n|turn|10\n|\n|t:|1700259975\n|-terastallize|p1a: Zamazenta|Steel\n|move|p2a: Ogerpon|Ivy Cudgel|p1a: Zamazenta|[anim] Ivy Cudgel Rock\n|-resisted|p1a: Zamazenta\n|-damage|p1a: Zamazenta|78\/100\n|move|p1a: Zamazenta|Iron Defense|p1a: Zamazenta\n|-boost|p1a: Zamazenta|def|2\n|\n|-heal|p1a: Zamazenta|84\/100|[from] item: Leftovers\n|-sideend|p2: CejTo10|move: Light Screen\n|upkeep\n|turn|11\n|\n|t:|1700259979\n|move|p2a: Ogerpon|Ivy Cudgel|p1a: Zamazenta|[anim] Ivy Cudgel Rock\n|-resisted|p1a: Zamazenta\n|-damage|p1a: Zamazenta|69\/100\n|move|p1a: Zamazenta|Substitute|p1a: Zamazenta\n|-start|p1a: Zamazenta|Substitute\n|-damage|p1a: Zamazenta|45\/100\n|\n|-heal|p1a: Zamazenta|51\/100|[from] item: Leftovers\n|-sideend|p2: CejTo10|Reflect\n|upkeep\n|turn|12\n|\n|t:|1700259984\n|move|p2a: Ogerpon|Stomping Tantrum|p1a: Zamazenta\n|-supereffective|p1a: Zamazenta\n|-end|p1a: Zamazenta|Substitute\n|move|p1a: Zamazenta|Body Press|p2a: Ogerpon\n|-supereffective|p2a: Ogerpon\n|-damage|p2a: Ogerpon|0 fnt\n|faint|p2a: Ogerpon\n|\n|-heal|p1a: Zamazenta|57\/100|[from] item: Leftovers\n|upkeep\n|\n|t:|1700259988\n|switch|p2a: Iron Moth|Iron Moth|100\/100\n|-sideend|p2: CejTo10|move: Toxic Spikes|[of] p2a: Iron Moth\n|-enditem|p2a: Iron Moth|Booster Energy\n|-activate|p2a: Iron Moth|ability: Quark Drive|[fromitem]\n|-start|p2a: Iron Moth|quarkdrivespa\n|turn|13\n|\n|t:|1700259994\n|switch|p1a: Ceruledge|Ceruledge, F|100\/100\n|move|p2a: Iron Moth|Agility|p2a: Iron Moth\n|-boost|p2a: Iron Moth|spe|2\n|\n|upkeep\n|turn|14\n|\n|t:|1700260000\n|move|p2a: Iron Moth|Sludge Wave|p1a: Ceruledge\n|-resisted|p1a: Ceruledge\n|-damage|p1a: Ceruledge|79\/100\n|move|p1a: Ceruledge|Psycho Cut|p2a: Iron Moth\n|-supereffective|p2a: Iron Moth\n|-damage|p2a: Iron Moth|28\/100\n|\n|upkeep\n|turn|15\n|\n|t:|1700260008\n|move|p1a: Ceruledge|Shadow Sneak|p2a: Iron Moth\n|-damage|p2a: Iron Moth|0 fnt\n|faint|p2a: Iron Moth\n|-end|p2a: Iron Moth|Quark Drive|[silent]\n|\n|upkeep\n|\n|t:|1700260011\n|switch|p2a: Grimmsnarl|Grimmsnarl, M|61\/100 psn\n|turn|16\n|\n|t:|1700260014\n|move|p2a: Grimmsnarl|Taunt|p1a: Ceruledge\n|-start|p1a: Ceruledge|move: Taunt\n|move|p1a: Ceruledge|Bitter Blade|p2a: Grimmsnarl\n|-damage|p2a: Grimmsnarl|15\/100 psn\n|-heal|p1a: Ceruledge|100\/100|[from] drain|[of] p2a: Grimmsnarl\n|\n|-damage|p2a: Grimmsnarl|3\/100 psn|[from] psn\n|upkeep\n|turn|17\n|\n|t:|1700260016\n|move|p1a: Ceruledge|Shadow Sneak|p2a: Grimmsnarl\n|-resisted|p2a: Grimmsnarl\n|-damage|p2a: Grimmsnarl|0 fnt\n|faint|p2a: Grimmsnarl\n|\n|upkeep\n|\n|t:|1700260018\n|switch|p2a: Mew|Mew|100\/100\n|turn|18\n|\n|t:|1700260020\n|move|p2a: Mew|Agility|p2a: Mew\n|-boost|p2a: Mew|spe|2\n|move|p1a: Ceruledge|Bitter Blade|p2a: Mew\n|-damage|p2a: Mew|67\/100\n|\n|-end|p1a: Ceruledge|move: Taunt\n|upkeep\n|turn|19\n|\n|t:|1700260030\n|-terastallize|p2a: Mew|Fairy\n|move|p1a: Ceruledge|Shadow Sneak|p2a: Mew\n|-damage|p2a: Mew|54\/100\n|move|p2a: Mew|Calm Mind|p2a: Mew\n|-boost|p2a: Mew|spa|1\n|-boost|p2a: Mew|spd|1\n|\n|upkeep\n|turn|20\n|\n|t:|1700260034\n|move|p2a: Mew|Stored Power|p1a: Ceruledge\n|-damage|p1a: Ceruledge|68\/100\n|move|p1a: Ceruledge|Bitter Blade|p2a: Mew\n|-damage|p2a: Mew|23\/100\n|-heal|p1a: Ceruledge|85\/100|[from] drain|[of] p2a: Mew\n|\n|upkeep\n|turn|21\n|\n|t:|1700260038\n|move|p2a: Mew|Draining Kiss|p1a: Ceruledge\n|-resisted|p1a: Ceruledge\n|-damage|p1a: Ceruledge|75\/100\n|-heal|p2a: Mew|29\/100|[from] drain|[of] p1a: Ceruledge\n|move|p1a: Ceruledge|Bitter Blade|p2a: Mew\n|-damage|p2a: Mew|0 fnt\n|-heal|p1a: Ceruledge|91\/100|[from] drain|[of] p2a: Mew\n|faint|p2a: Mew\n|\n|upkeep\n|\n|t:|1700260041\n|switch|p2a: Zamazenta|Zamazenta|100\/100\n|-ability|p2a: Zamazenta|Dauntless Shield|boost\n|-boost|p2a: Zamazenta|def|1\n|turn|22\n|c|\u2606DestinedTitan43|well played\n|\n|t:|1700260046\n|move|p2a: Zamazenta|Substitute|p2a: Zamazenta\n|-start|p2a: Zamazenta|Substitute\n|-damage|p2a: Zamazenta|75\/100\n|move|p1a: Ceruledge|Psycho Cut|p2a: Zamazenta\n|-supereffective|p2a: Zamazenta\n|-activate|p2a: Zamazenta|move: Substitute|[damage]\n|\n|-heal|p2a: Zamazenta|82\/100|[from] item: Leftovers\n|upkeep\n|turn|23\n|n|!CejTo10|cejto10\n|\n|t:|1700260054\n|move|p1a: Ceruledge|Shadow Sneak|p2a: Zamazenta\n|-end|p2a: Zamazenta|Substitute\n|move|p2a: Zamazenta|Iron Defense|p2a: Zamazenta\n|-boost|p2a: Zamazenta|def|2\n|\n|-heal|p2a: Zamazenta|88\/100|[from] item: Leftovers\n|upkeep\n|turn|24\n|\n|t:|1700260062\n|move|p2a: Zamazenta|Substitute|p2a: Zamazenta\n|-start|p2a: Zamazenta|Substitute\n|-damage|p2a: Zamazenta|63\/100\n|move|p1a: Ceruledge|Psycho Cut|p2a: Zamazenta\n|-supereffective|p2a: Zamazenta\n|-activate|p2a: Zamazenta|move: Substitute|[damage]\n|\n|-heal|p2a: Zamazenta|69\/100|[from] item: Leftovers\n|upkeep\n|turn|25\n|\n|t:|1700260065\n|move|p2a: Zamazenta|Iron Defense|p2a: Zamazenta\n|-boost|p2a: Zamazenta|def|2\n|move|p1a: Ceruledge|Psycho Cut|p2a: Zamazenta\n|-supereffective|p2a: Zamazenta\n|-end|p2a: Zamazenta|Substitute\n|\n|-heal|p2a: Zamazenta|75\/100|[from] item: Leftovers\n|upkeep\n|turn|26\n|\n|t:|1700260068\n|move|p2a: Zamazenta|Substitute|p2a: Zamazenta\n|-start|p2a: Zamazenta|Substitute\n|-damage|p2a: Zamazenta|50\/100\n|move|p1a: Ceruledge|Psycho Cut|p2a: Zamazenta\n|-supereffective|p2a: Zamazenta\n|-crit|p2a: Zamazenta\n|-end|p2a: Zamazenta|Substitute\n|\n|-heal|p2a: Zamazenta|56\/100|[from] item: Leftovers\n|upkeep\n|turn|27\n|\n|t:|1700260070\n|move|p2a: Zamazenta|Substitute|p2a: Zamazenta\n|-start|p2a: Zamazenta|Substitute\n|-damage|p2a: Zamazenta|31\/100\n|move|p1a: Ceruledge|Psycho Cut|p2a: Zamazenta\n|-supereffective|p2a: Zamazenta\n|-activate|p2a: Zamazenta|move: Substitute|[damage]\n|\n|-heal|p2a: Zamazenta|38\/100|[from] item: Leftovers\n|upkeep\n|turn|28\n|\n|t:|1700260072\n|move|p2a: Zamazenta|Iron Defense|p2a: Zamazenta\n|-boost|p2a: Zamazenta|def|1\n|move|p1a: Ceruledge|Psycho Cut|p2a: Zamazenta\n|-supereffective|p2a: Zamazenta\n|-crit|p2a: Zamazenta\n|-end|p2a: Zamazenta|Substitute\n|\n|-heal|p2a: Zamazenta|44\/100|[from] item: Leftovers\n|upkeep\n|turn|29\n|\n|t:|1700260074\n|move|p2a: Zamazenta|Substitute|p2a: Zamazenta\n|-start|p2a: Zamazenta|Substitute\n|-damage|p2a: Zamazenta|19\/100\n|move|p1a: Ceruledge|Psycho Cut|p2a: Zamazenta\n|-supereffective|p2a: Zamazenta\n|-crit|p2a: Zamazenta\n|-end|p2a: Zamazenta|Substitute\n|\n|-heal|p2a: Zamazenta|25\/100|[from] item: Leftovers\n|upkeep\n|turn|30\n|\n|t:|1700260077\n|move|p2a: Zamazenta|Substitute|p2a: Zamazenta\n|-fail|p2a: Zamazenta|move: Substitute|[weak]\n|move|p1a: Ceruledge|Psycho Cut|p2a: Zamazenta\n|-supereffective|p2a: Zamazenta\n|-damage|p2a: Zamazenta|15\/100\n|\n|-heal|p2a: Zamazenta|21\/100|[from] item: Leftovers\n|upkeep\n|turn|31\n|\n|t:|1700260079\n|move|p2a: Zamazenta|Iron Head|p1a: Ceruledge\n|-resisted|p1a: Ceruledge\n|-damage|p1a: Ceruledge|79\/100\n|move|p1a: Ceruledge|Psycho Cut|p2a: Zamazenta\n|-supereffective|p2a: Zamazenta\n|-damage|p2a: Zamazenta|11\/100\n|\n|-heal|p2a: Zamazenta|17\/100|[from] item: Leftovers\n|upkeep\n|turn|32\n|c|\u2606DestinedTitan43|well played\n|\n|t:|1700260084\n|move|p2a: Zamazenta|Iron Head|p1a: Ceruledge\n|-resisted|p1a: Ceruledge\n|-damage|p1a: Ceruledge|67\/100\n|move|p1a: Ceruledge|Psycho Cut|p2a: Zamazenta\n|-supereffective|p2a: Zamazenta\n|-damage|p2a: Zamazenta|8\/100\n|\n|-heal|p2a: Zamazenta|14\/100|[from] item: Leftovers\n|upkeep\n|turn|33\n|\n|t:|1700260088\n|move|p2a: Zamazenta|Iron Head|p1a: Ceruledge\n|-resisted|p1a: Ceruledge\n|-damage|p1a: Ceruledge|55\/100\n|cant|p1a: Ceruledge|flinch\n|\n|-heal|p2a: Zamazenta|20\/100|[from] item: Leftovers\n|upkeep\n|turn|34\n|\n|t:|1700260090\n|move|p2a: Zamazenta|Iron Head|p1a: Ceruledge\n|-resisted|p1a: Ceruledge\n|-crit|p1a: Ceruledge\n|-damage|p1a: Ceruledge|36\/100\n|move|p1a: Ceruledge|Psycho Cut|p2a: Zamazenta\n|-supereffective|p2a: Zamazenta\n|-damage|p2a: Zamazenta|10\/100\n|\n|-heal|p2a: Zamazenta|16\/100|[from] item: Leftovers\n|upkeep\n|turn|35\n|\n|t:|1700260093\n|move|p2a: Zamazenta|Iron Head|p1a: Ceruledge\n|-resisted|p1a: Ceruledge\n|-damage|p1a: Ceruledge|22\/100\n|move|p1a: Ceruledge|Psycho Cut|p2a: Zamazenta\n|-supereffective|p2a: Zamazenta\n|-crit|p2a: Zamazenta\n|-damage|p2a: Zamazenta|0 fnt\n|faint|p2a: Zamazenta\n|\n|win|DestinedTitan43\n|raw|DestinedTitan43's rating: 1399 &rarr; <strong>1423<\/strong><br \/>(+24 for winning)\n|raw|CejTo10's rating: 1471 &rarr; <strong>1447<\/strong><br \/>(-24 for losing)\n","uploadtime":1700260048,"views":14,"p1id":"destinedtitan43","p2id":"cejto10","formatid":"gen9ou","rating":1423,"private":0,"password":""}