{"id":"gen9ou-1990396309","p1":"emo\u70ab18\u7537\u9ad8","p2":"Ace Trainer Irish","format":"[Gen 9] OU","log":"|j|\u2606emo\u70ab18\u7537\u9ad8\n|j|\u2606Ace Trainer Irish\n|t:|1699966559\n|gametype|singles\n|player|p1|emo\u70ab18\u7537\u9ad8|steven|1106\n|player|p2|Ace Trainer Irish|101|1118\n|teamsize|p1|6\n|teamsize|p2|6\n|gen|9\n|tier|[Gen 9] OU\n|rated|\n|rule|Sleep Clause Mod: Limit one foe put to sleep\n|rule|Species Clause: Limit one of each Pok\u00e9mon\n|rule|OHKO Clause: OHKO moves are banned\n|rule|Evasion Items Clause: Evasion items are banned\n|rule|Evasion Moves Clause: Evasion moves are banned\n|rule|Endless Battle Clause: Forcing endless battles is banned\n|rule|HP Percentage Mod: HP is shown in percentages\n|clearpoke\n|poke|p1|Milotic, M|\n|poke|p1|Ninetales-Alola, M|\n|poke|p1|Sylveon, M|\n|poke|p1|Ogerpon-Wellspring, F|\n|poke|p1|Sneasler, M|\n|poke|p1|Iron Valiant|\n|poke|p2|Ogerpon-Wellspring, F|\n|poke|p2|Gholdengo|\n|poke|p2|Arcanine-Hisui, M|\n|poke|p2|Dragapult, F|\n|poke|p2|Skeledirge, F|\n|poke|p2|Iron Valiant|\n|teampreview\n|inactive|Battle timer is ON: inactive players will automatically lose when time's up. (requested by Ace Trainer Irish)\n|\n|t:|1699966573\n|start\n|switch|p1a: Sneasler|Sneasler, M, shiny|100\/100\n|switch|p2a: Arcanine|Arcanine-Hisui, M|100\/100\n|turn|1\n|\n|t:|1699966582\n|-terastallize|p2a: Arcanine|Rock\n|move|p1a: Sneasler|Fake Out|p2a: Arcanine\n|-enditem|p1a: Sneasler|Normal Gem|[from] gem\n|-resisted|p2a: Arcanine\n|-damage|p2a: Arcanine|88\/100\n|cant|p2a: Arcanine|flinch\n|\n|upkeep\n|turn|2\n|\n|t:|1699966594\n|switch|p2a: Iron Valiant|Iron Valiant|100\/100\n|-enditem|p2a: Iron Valiant|Booster Energy\n|-activate|p2a: Iron Valiant|ability: Quark Drive|[fromitem]\n|-start|p2a: Iron Valiant|quarkdrivespe\n|move|p1a: Sneasler|Close Combat|p2a: Iron Valiant\n|-resisted|p2a: Iron Valiant\n|-damage|p2a: Iron Valiant|59\/100\n|-unboost|p1a: Sneasler|def|1\n|-unboost|p1a: Sneasler|spd|1\n|\n|upkeep\n|turn|3\n|\n|t:|1699966610\n|switch|p1a: Milotic|Milotic, M, shiny|100\/100\n|move|p2a: Iron Valiant|Spirit Break|p1a: Milotic\n|-damage|p1a: Milotic|75\/100\n|-unboost|p1a: Milotic|spa|1\n|\n|-heal|p1a: Milotic|81\/100|[from] item: Leftovers\n|upkeep\n|turn|4\n|\n|t:|1699966619\n|move|p2a: Iron Valiant|Knock Off|p1a: Milotic\n|-damage|p1a: Milotic|61\/100\n|-enditem|p1a: Milotic|Leftovers|[from] move: Knock Off|[of] p2a: Iron Valiant\n|move|p1a: Milotic|Scald|p2a: Iron Valiant\n|-damage|p2a: Iron Valiant|24\/100\n|\n|upkeep\n|turn|5\n|\n|t:|1699966631\n|move|p2a: Iron Valiant|Close Combat|p1a: Milotic\n|-damage|p1a: Milotic|23\/100\n|-unboost|p2a: Iron Valiant|def|1\n|-unboost|p2a: Iron Valiant|spd|1\n|move|p1a: Milotic|Scald|p2a: Iron Valiant\n|-damage|p2a: Iron Valiant|0 fnt\n|faint|p2a: Iron Valiant\n|-end|p2a: Iron Valiant|Quark Drive|[silent]\n|\n|upkeep\n|\n|t:|1699966640\n|switch|p2a: Gholdengo|Gholdengo|100\/100\n|turn|6\n|\n|t:|1699966643\n|move|p2a: Gholdengo|Nasty Plot|p2a: Gholdengo\n|-boost|p2a: Gholdengo|spa|2\n|move|p1a: Milotic|Recover|p1a: Milotic\n|-heal|p1a: Milotic|73\/100\n|\n|upkeep\n|turn|7\n|\n|t:|1699966649\n|move|p2a: Gholdengo|Nasty Plot|p2a: Gholdengo\n|-boost|p2a: Gholdengo|spa|2\n|move|p1a: Milotic|Dragon Tail|p2a: Gholdengo\n|-resisted|p2a: Gholdengo\n|-damage|p2a: Gholdengo|97\/100\n|drag|p2a: Ogerpon|Ogerpon-Wellspring, F|100\/100\n|\n|upkeep\n|turn|8\n|\n|t:|1699966665\n|move|p2a: Ogerpon|Knock Off|p1a: Milotic\n|-damage|p1a: Milotic|50\/100\n|move|p1a: Milotic|Dragon Tail|p2a: Ogerpon\n|-damage|p2a: Ogerpon|90\/100\n|drag|p2a: Skeledirge|Skeledirge, F|100\/100\n|\n|upkeep\n|turn|9\n|\n|t:|1699966674\n|switch|p2a: Ogerpon|Ogerpon-Wellspring, F|90\/100\n|move|p1a: Milotic|Coil|p1a: Milotic\n|-boost|p1a: Milotic|atk|1\n|-boost|p1a: Milotic|def|1\n|-boost|p1a: Milotic|accuracy|1\n|\n|upkeep\n|turn|10\n|\n|t:|1699966680\n|move|p2a: Ogerpon|Horn Leech|p1a: Milotic\n|-supereffective|p1a: Milotic\n|-damage|p1a: Milotic|3\/100\n|-heal|p2a: Ogerpon|100\/100|[from] drain|[of] p1a: Milotic\n|move|p1a: Milotic|Dragon Tail|p2a: Ogerpon\n|-damage|p2a: Ogerpon|85\/100\n|drag|p2a: Skeledirge|Skeledirge, F|100\/100\n|\n|upkeep\n|turn|11\n|\n|t:|1699966688\n|move|p1a: Milotic|Recover|p1a: Milotic\n|-heal|p1a: Milotic|53\/100\n|move|p2a: Skeledirge|Torch Song|p1a: Milotic\n|-resisted|p1a: Milotic\n|-damage|p1a: Milotic|39\/100\n|-boost|p2a: Skeledirge|spa|1\n|\n|upkeep\n|turn|12\n|\n|t:|1699966696\n|move|p1a: Milotic|Recover|p1a: Milotic\n|-heal|p1a: Milotic|89\/100\n|move|p2a: Skeledirge|Shadow Ball|p1a: Milotic\n|-damage|p1a: Milotic|46\/100\n|\n|upkeep\n|turn|13\n|\n|t:|1699966702\n|switch|p2a: Ogerpon|Ogerpon-Wellspring, F|85\/100\n|move|p1a: Milotic|Recover|p1a: Milotic\n|-heal|p1a: Milotic|96\/100\n|\n|upkeep\n|turn|14\n|\n|t:|1699966708\n|move|p2a: Ogerpon|Horn Leech|p1a: Milotic\n|-supereffective|p1a: Milotic\n|-damage|p1a: Milotic|49\/100\n|-heal|p2a: Ogerpon|100\/100|[from] drain|[of] p1a: Milotic\n|move|p1a: Milotic|Dragon Tail|p2a: Ogerpon\n|-damage|p2a: Ogerpon|84\/100\n|drag|p2a: Gholdengo|Gholdengo|97\/100\n|\n|-heal|p2a: Gholdengo|100\/100|[from] item: Leftovers\n|upkeep\n|turn|15\n|\n|t:|1699966718\n|move|p2a: Gholdengo|Shadow Ball|p1a: Milotic\n|-damage|p1a: Milotic|15\/100\n|move|p1a: Milotic|Scald|p2a: Gholdengo\n|-damage|p2a: Gholdengo|81\/100\n|\n|-heal|p2a: Gholdengo|87\/100|[from] item: Leftovers\n|upkeep\n|turn|16\n|\n|t:|1699966728\n|move|p2a: Gholdengo|Shadow Ball|p1a: Milotic\n|-damage|p1a: Milotic|0 fnt\n|faint|p1a: Milotic\n|\n|-heal|p2a: Gholdengo|93\/100|[from] item: Leftovers\n|upkeep\n|\n|t:|1699966735\n|switch|p1a: Iron Valiant|Iron Valiant|100\/100\n|-enditem|p1a: Iron Valiant|Booster Energy\n|-activate|p1a: Iron Valiant|ability: Quark Drive|[fromitem]\n|-start|p1a: Iron Valiant|quarkdrivespe\n|turn|17\n|\n|t:|1699966761\n|move|p1a: Iron Valiant|Close Combat|p2a: Gholdengo\n|-immune|p2a: Gholdengo\n|move|p2a: Gholdengo|Make It Rain|p1a: Iron Valiant\n|-supereffective|p1a: Iron Valiant\n|-crit|p1a: Iron Valiant\n|-damage|p1a: Iron Valiant|0 fnt\n|-unboost|p2a: Gholdengo|spa|1\n|faint|p1a: Iron Valiant\n|-end|p1a: Iron Valiant|Quark Drive|[silent]\n|\n|-heal|p2a: Gholdengo|99\/100|[from] item: Leftovers\n|upkeep\n|\n|t:|1699966775\n|switch|p1a: Ogerpon|Ogerpon-Wellspring, F|100\/100\n|turn|18\n|\n|t:|1699966786\n|-terastallize|p1a: Ogerpon|Water\n|detailschange|p1a: Ogerpon|Ogerpon-Wellspring-Tera, F, tera:Water\n|-ability|p1a: Ogerpon|Embody Aspect (Wellspring)|boost\n|-boost|p1a: Ogerpon|spd|1\n|move|p1a: Ogerpon|Swords Dance|p1a: Ogerpon\n|-boost|p1a: Ogerpon|atk|2\n|move|p2a: Gholdengo|Nasty Plot|p2a: Gholdengo\n|-boost|p2a: Gholdengo|spa|2\n|\n|-heal|p2a: Gholdengo|100\/100|[from] item: Leftovers\n|upkeep\n|turn|19\n|\n|t:|1699966796\n|move|p1a: Ogerpon|Ivy Cudgel|p2a: Gholdengo|[anim] Ivy Cudgel Water\n|-damage|p2a: Gholdengo|0 fnt\n|faint|p2a: Gholdengo\n|\n|upkeep\n|\n|t:|1699966800\n|switch|p2a: Ogerpon|Ogerpon-Wellspring, F|84\/100\n|turn|20\n|\n|t:|1699966804\n|move|p2a: Ogerpon|Knock Off|p1a: Ogerpon\n|-damage|p1a: Ogerpon|69\/100\n|move|p1a: Ogerpon|Horn Leech|p2a: Ogerpon\n|-damage|p2a: Ogerpon|0 fnt\n|-heal|p1a: Ogerpon|100\/100|[from] drain|[of] p2a: Ogerpon\n|faint|p2a: Ogerpon\n|\n|upkeep\n|\n|t:|1699966818\n|switch|p2a: Skeledirge|Skeledirge, F|100\/100\n|turn|21\n|\n|t:|1699966823\n|move|p1a: Ogerpon|Ivy Cudgel|p2a: Skeledirge|[anim] Ivy Cudgel Water\n|-supereffective|p2a: Skeledirge\n|-damage|p2a: Skeledirge|0 fnt\n|faint|p2a: Skeledirge\n|\n|upkeep\n|\n|t:|1699966828\n|switch|p2a: Dragapult|Dragapult, F|100\/100\n|turn|22\n|\n|t:|1699966836\n|move|p2a: Dragapult|Shadow Ball|p1a: Ogerpon\n|-damage|p1a: Ogerpon|60\/100\n|move|p1a: Ogerpon|Ivy Cudgel|p2a: Dragapult|[anim] Ivy Cudgel Water\n|-resisted|p2a: Dragapult\n|-damage|p2a: Dragapult|0 fnt\n|faint|p2a: Dragapult\n|\n|upkeep\n|\n|t:|1699966843\n|switch|p2a: Arcanine|Arcanine-Hisui, M, tera:Rock|88\/100\n|turn|23\n|\n|t:|1699966847\n|move|p2a: Arcanine|Head Smash|p1a: Ogerpon\n|-damage|p1a: Ogerpon|0 fnt\n|faint|p1a: Ogerpon\n|\n|upkeep\n|\n|t:|1699966850\n|switch|p1a: Sneasler|Sneasler, M, shiny|100\/100\n|turn|24\n|\n|t:|1699966852\n|move|p1a: Sneasler|Fake Out|p2a: Arcanine\n|-resisted|p2a: Arcanine\n|-damage|p2a: Arcanine|78\/100\n|cant|p2a: Arcanine|flinch\n|\n|upkeep\n|turn|25\n|\n|t:|1699966857\n|move|p2a: Arcanine|Head Smash|p1a: Sneasler|[miss]\n|-miss|p2a: Arcanine|p1a: Sneasler\n|move|p1a: Sneasler|Close Combat|p2a: Arcanine\n|-supereffective|p2a: Arcanine\n|-damage|p2a: Arcanine|0 fnt\n|-unboost|p1a: Sneasler|def|1\n|-unboost|p1a: Sneasler|spd|1\n|faint|p2a: Arcanine\n|\n|win|emo\u70ab18\u7537\u9ad8\n|raw|emo\u70ab18\u7537\u9ad8's rating: 1106 &rarr; <strong>1132<\/strong><br \/>(+26 for winning)\n|raw|Ace Trainer Irish's rating: 1118 &rarr; <strong>1092<\/strong><br \/>(-26 for losing)\n|l|\u2606Ace Trainer Irish\n|l|\u2606emo\u70ab18\u7537\u9ad8\n","uploadtime":1699966958,"views":6,"p1id":"emo18","p2id":"acetrainerirish","formatid":"gen9ou","rating":1092,"private":0,"password":""}