{"id":"gen9ou-1991306351","p1":"AntiDinkus","p2":"Derpy Monkey","format":"[Gen 9] OU","log":"|j|\u2606AntiDinkus\n|j|\u2606Derpy Monkey\n|t:|1700066096\n|gametype|singles\n|player|p1|AntiDinkus|101|\n|player|p2|Derpy Monkey|preschooler|\n|teamsize|p1|6\n|teamsize|p2|6\n|gen|9\n|tier|[Gen 9] OU\n|rule|Sleep Clause Mod: Limit one foe put to sleep\n|rule|Species Clause: Limit one of each Pok\u00e9mon\n|rule|OHKO Clause: OHKO moves are banned\n|rule|Evasion Items Clause: Evasion items are banned\n|rule|Evasion Moves Clause: Evasion moves are banned\n|rule|Endless Battle Clause: Forcing endless battles is banned\n|rule|HP Percentage Mod: HP is shown in percentages\n|clearpoke\n|poke|p1|Rillaboom, F|\n|poke|p1|Ogerpon-Wellspring, F|\n|poke|p1|Heatran, M|\n|poke|p1|Sneasler, F|\n|poke|p1|Glimmora, F|\n|poke|p1|Dondozo, M|\n|poke|p2|Hydreigon, F|\n|poke|p2|Corviknight, M|\n|poke|p2|Alomomola, F|\n|poke|p2|Slowking-Galar, F|\n|poke|p2|Greninja-*, F|\n|poke|p2|Iron Treads|\n|teampreview\n|c|\u2606Derpy Monkey|gl hf\n|c|\u2606AntiDinkus|Just cooked this up GL HF\n|\n|t:|1700066120\n|start\n|switch|p1a: Ogerpon|Ogerpon-Wellspring, F|100\/100\n|switch|p2a: Don Can|Iron Treads|100\/100\n|turn|1\n|\n|t:|1700066132\n|-end|p2a: Don Can|Quark Drive|[silent]\n|switch|p2a: Nice shot! Birdie!|Corviknight, M|100\/100\n|-ability|p2a: Nice shot! Birdie!|Pressure\n|move|p1a: Ogerpon|Ivy Cudgel|p2a: Nice shot! Birdie!|[anim] Ivy Cudgel Water\n|-damage|p2a: Nice shot! Birdie!|65\/100\n|\n|-heal|p2a: Nice shot! Birdie!|71\/100|[from] item: Leftovers\n|upkeep\n|turn|2\n|\n|t:|1700066147\n|switch|p1a: Dondozo|Dondozo, M|100\/100\n|move|p2a: Nice shot! Birdie!|Iron Defense|p2a: Nice shot! Birdie!\n|-boost|p2a: Nice shot! Birdie!|def|2\n|\n|-heal|p2a: Nice shot! Birdie!|77\/100|[from] item: Leftovers\n|upkeep\n|turn|3\n|\n|t:|1700066152\n|switch|p2a: PINKAFISH|Alomomola, F|100\/100\n|move|p1a: Dondozo|Waterfall|p2a: PINKAFISH\n|-resisted|p2a: PINKAFISH\n|-damage|p2a: PINKAFISH|91\/100\n|\n|upkeep\n|turn|4\n|\n|t:|1700066159\n|move|p2a: PINKAFISH|Flip Turn|p1a: Dondozo\n|-resisted|p1a: Dondozo\n|-damage|p1a: Dondozo|97\/100\n|\n|t:|1700066163\n|switch|p2a: Good girl|Slowking-Galar, F|100\/100|[from] Flip Turn\n|move|p1a: Dondozo|Curse|p1a: Dondozo\n|-unboost|p1a: Dondozo|spe|1\n|-boost|p1a: Dondozo|atk|1\n|-boost|p1a: Dondozo|def|1\n|\n|-heal|p1a: Dondozo|100\/100|[from] item: Leftovers\n|upkeep\n|turn|5\n|\n|t:|1700066169\n|move|p1a: Dondozo|Waterfall|p2a: Good girl\n|-damage|p2a: Good girl|68\/100\n|move|p2a: Good girl|Future Sight|p1a: Dondozo\n|-start|p2a: Good girl|move: Future Sight\n|\n|upkeep\n|turn|6\n|\n|t:|1700066175\n|switch|p2a: PINKAFISH|Alomomola, F|100\/100\n|move|p1a: Dondozo|Waterfall|p2a: PINKAFISH\n|-resisted|p2a: PINKAFISH\n|-damage|p2a: PINKAFISH|88\/100\n|\n|upkeep\n|turn|7\n|\n|t:|1700066180\n|move|p2a: PINKAFISH|Scald|p1a: Dondozo\n|-resisted|p1a: Dondozo\n|-damage|p1a: Dondozo|94\/100\n|move|p1a: Dondozo|Curse|p1a: Dondozo\n|-unboost|p1a: Dondozo|spe|1\n|-boost|p1a: Dondozo|atk|1\n|-boost|p1a: Dondozo|def|1\n|\n|-end|p1a: Dondozo|move: Future Sight\n|-damage|p1a: Dondozo|54\/100\n|-heal|p1a: Dondozo|60\/100|[from] item: Leftovers\n|upkeep\n|turn|8\n|\n|t:|1700066191\n|move|p2a: PINKAFISH|Scald|p1a: Dondozo\n|-resisted|p1a: Dondozo\n|-damage|p1a: Dondozo|53\/100\n|move|p1a: Dondozo|Waterfall|p2a: PINKAFISH\n|-resisted|p2a: PINKAFISH\n|-damage|p2a: PINKAFISH|72\/100\n|\n|-heal|p1a: Dondozo|59\/100|[from] item: Leftovers\n|upkeep\n|turn|9\n|\n|t:|1700066196\n|move|p2a: PINKAFISH|Scald|p1a: Dondozo\n|-resisted|p1a: Dondozo\n|-damage|p1a: Dondozo|53\/100\n|-status|p1a: Dondozo|brn\n|move|p1a: Dondozo|Curse|p1a: Dondozo\n|-unboost|p1a: Dondozo|spe|1\n|-boost|p1a: Dondozo|atk|1\n|-boost|p1a: Dondozo|def|1\n|\n|-heal|p1a: Dondozo|59\/100 brn|[from] item: Leftovers\n|-damage|p1a: Dondozo|53\/100 brn|[from] brn\n|upkeep\n|turn|10\n|\n|t:|1700066200\n|move|p2a: PINKAFISH|Flip Turn|p1a: Dondozo\n|-resisted|p1a: Dondozo\n|-damage|p1a: Dondozo|52\/100 brn\n|\n|t:|1700066205\n|switch|p2a: Good girl|Slowking-Galar, F|100\/100|[from] Flip Turn\n|move|p1a: Dondozo|Rest|p1a: Dondozo\n|-status|p1a: Dondozo|slp|[from] move: Rest\n|-heal|p1a: Dondozo|100\/100 slp|[silent]\n|\n|upkeep\n|turn|11\n|\n|t:|1700066214\n|switch|p2a: Mouths to feed|Hydreigon, F|100\/100\n|cant|p1a: Dondozo|slp\n|move|p1a: Dondozo|Sleep Talk|p1a: Dondozo\n|move|p1a: Dondozo|Waterfall|p2a: Mouths to feed|[from]move: Sleep Talk\n|-resisted|p2a: Mouths to feed\n|-damage|p2a: Mouths to feed|60\/100\n|\n|-heal|p2a: Mouths to feed|66\/100|[from] item: Leftovers\n|upkeep\n|turn|12\n|\n|t:|1700066219\n|move|p2a: Mouths to feed|Dark Pulse|p1a: Dondozo\n|-damage|p1a: Dondozo|63\/100 slp\n|cant|p1a: Dondozo|slp\n|move|p1a: Dondozo|Sleep Talk|p1a: Dondozo\n|move|p1a: Dondozo|Waterfall|p2a: Mouths to feed|[from]move: Sleep Talk\n|-resisted|p2a: Mouths to feed\n|-damage|p2a: Mouths to feed|24\/100\n|\n|-heal|p2a: Mouths to feed|30\/100|[from] item: Leftovers\n|-heal|p1a: Dondozo|70\/100 slp|[from] item: Leftovers\n|upkeep\n|turn|13\n|\n|t:|1700066224\n|move|p2a: Mouths to feed|Dark Pulse|p1a: Dondozo\n|-damage|p1a: Dondozo|33\/100 slp\n|-curestatus|p1a: Dondozo|slp|[msg]\n|move|p1a: Dondozo|Waterfall|p2a: Mouths to feed\n|-resisted|p2a: Mouths to feed\n|-damage|p2a: Mouths to feed|0 fnt\n|faint|p2a: Mouths to feed\n|\n|-heal|p1a: Dondozo|39\/100|[from] item: Leftovers\n|upkeep\n|c|\u2606Derpy Monkey|damn I'm not playing well rn\n|c|\u2606Derpy Monkey|I lost 100 elo after I got above 1858\n|\n|t:|1700066251\n|switch|p2a: Dash attack|Greninja, F|100\/100\n|turn|14\n|c|\u2606AntiDinkus|Yeah i saw you switched your team too, this new one doesnt seem as heat as the other one you played with earlier today\n|\n|t:|1700066289\n|switch|p1a: Rillaboom|Rillaboom, F|100\/100\n|-fieldstart|move: Grassy Terrain|[from] ability: Grassy Surge|[of] p1a: Rillaboom\n|-terastallize|p2a: Dash attack|Dark\n|move|p2a: Dash attack|Dark Pulse|p1a: Rillaboom\n|-damage|p1a: Rillaboom|44\/100\n|\n|-heal|p1a: Rillaboom|50\/100|[from] Grassy Terrain\n|upkeep\n|turn|15\n|c|\u2606Derpy Monkey|I got tired of it tbh\n|c|\u2606Derpy Monkey|but this one is good\n|\n|t:|1700066310\n|switch|p2a: Good girl|Slowking-Galar, F|100\/100\n|move|p1a: Rillaboom|U-turn|p2a: Good girl\n|-damage|p2a: Good girl|68\/100\n|\n|t:|1700066332\n|switch|p1a: Ogerpon|Ogerpon-Wellspring, F|100\/100|[from] U-turn\n|\n|-heal|p2a: Good girl|74\/100|[from] Grassy Terrain\n|upkeep\n|turn|16\n|\n|t:|1700066345\n|move|p1a: Ogerpon|Ivy Cudgel|p2a: Good girl|[anim] Ivy Cudgel Water\n|-damage|p2a: Good girl|28\/100\n|move|p2a: Good girl|Sludge Bomb|p1a: Ogerpon\n|-supereffective|p1a: Ogerpon\n|-damage|p1a: Ogerpon|27\/100\n|\n|-heal|p1a: Ogerpon|33\/100|[from] Grassy Terrain\n|-heal|p2a: Good girl|35\/100|[from] Grassy Terrain\n|upkeep\n|turn|17\n|\n|t:|1700066349\n|switch|p2a: Nice shot! Birdie!|Corviknight, M|77\/100\n|-ability|p2a: Nice shot! Birdie!|Pressure\n|move|p1a: Ogerpon|Ivy Cudgel|p2a: Nice shot! Birdie!|[anim] Ivy Cudgel Water\n|-damage|p2a: Nice shot! Birdie!|41\/100\n|\n|-heal|p1a: Ogerpon|39\/100|[from] Grassy Terrain\n|-heal|p2a: Nice shot! Birdie!|47\/100|[from] item: Leftovers\n|upkeep\n|turn|18\n|\n|t:|1700066355\n|switch|p1a: Heatran|Heatran, M|100\/100\n|move|p2a: Nice shot! Birdie!|Roost|p2a: Nice shot! Birdie!\n|-heal|p2a: Nice shot! Birdie!|97\/100\n|-singleturn|p2a: Nice shot! Birdie!|move: Roost\n|\n|-heal|p2a: Nice shot! Birdie!|100\/100|[from] Grassy Terrain\n|-fieldend|move: Grassy Terrain\n|upkeep\n|turn|19\n|\n|t:|1700066360\n|switch|p2a: PINKAFISH|Alomomola, F|100\/100\n|move|p1a: Heatran|Magma Storm|p2a: PINKAFISH\n|-resisted|p2a: PINKAFISH\n|-damage|p2a: PINKAFISH|74\/100\n|-activate|p2a: PINKAFISH|move: Magma Storm|[of] p1a: Heatran\n|\n|-damage|p2a: PINKAFISH|62\/100|[from] move: Magma Storm|[partiallytrapped]\n|upkeep\n|turn|20\n|\n|t:|1700066373\n|move|p1a: Heatran|Will-O-Wisp|p2a: PINKAFISH|[miss]\n|-miss|p1a: Heatran|p2a: PINKAFISH\n|move|p2a: PINKAFISH|Wish|p2a: PINKAFISH\n|\n|-damage|p2a: PINKAFISH|50\/100|[from] move: Magma Storm|[partiallytrapped]\n|upkeep\n|turn|21\n|\n|t:|1700066387\n|switch|p1a: Rillaboom|Rillaboom, F|50\/100\n|-fieldstart|move: Grassy Terrain|[from] ability: Grassy Surge|[of] p1a: Rillaboom\n|move|p2a: PINKAFISH|Flip Turn|p1a: Rillaboom\n|-resisted|p1a: Rillaboom\n|-damage|p1a: Rillaboom|42\/100\n|\n|t:|1700066397\n|switch|p2a: Good girl|Slowking-Galar, F|68\/100|[from] Flip Turn\n|\n|-heal|p2a: Good girl|100\/100|[from] move: Wish|[wisher] PINKAFISH\n|-heal|p1a: Rillaboom|48\/100|[from] Grassy Terrain\n|upkeep\n|turn|22\n|\n|t:|1700066405\n|move|p1a: Rillaboom|U-turn|p2a: Good girl\n|-damage|p2a: Good girl|68\/100\n|\n|t:|1700066407\n|switch|p1a: Heatran|Heatran, M|100\/100|[from] U-turn\n|move|p2a: Good girl|Future Sight|p1a: Heatran\n|-start|p2a: Good girl|move: Future Sight\n|\n|-heal|p2a: Good girl|74\/100|[from] Grassy Terrain\n|upkeep\n|turn|23\n|\n|t:|1700066424\n|switch|p2a: PINKAFISH|Alomomola, F|83\/100\n|move|p1a: Heatran|Magma Storm|p2a: PINKAFISH|[miss]\n|-miss|p1a: Heatran|p2a: PINKAFISH\n|\n|-heal|p2a: PINKAFISH|89\/100|[from] Grassy Terrain\n|upkeep\n|turn|24\n|\n|t:|1700066434\n|switch|p2a: Dash attack|Greninja, F, tera:Dark|100\/100\n|move|p1a: Heatran|Will-O-Wisp|p2a: Dash attack|[miss]\n|-miss|p1a: Heatran|p2a: Dash attack\n|\n|-end|p1a: Heatran|move: Future Sight\n|-resisted|p1a: Heatran\n|-damage|p1a: Heatran|83\/100\n|-heal|p1a: Heatran|89\/100|[from] Grassy Terrain\n|-heal|p1a: Heatran|95\/100|[from] item: Leftovers\n|upkeep\n|turn|25\n|\n|t:|1700066448\n|switch|p2a: Good girl|Slowking-Galar, F|100\/100\n|move|p1a: Heatran|Magma Storm|p2a: Good girl\n|-damage|p2a: Good girl|60\/100\n|-activate|p2a: Good girl|move: Magma Storm|[of] p1a: Heatran\n|\n|-heal|p1a: Heatran|100\/100|[from] Grassy Terrain\n|-heal|p2a: Good girl|66\/100|[from] Grassy Terrain\n|-damage|p2a: Good girl|54\/100|[from] move: Magma Storm|[partiallytrapped]\n|-fieldend|move: Grassy Terrain\n|upkeep\n|turn|26\n|\n|t:|1700066451\n|move|p1a: Heatran|Earth Power|p2a: Good girl\n|-supereffective|p2a: Good girl\n|-damage|p2a: Good girl|9\/100\n|move|p2a: Good girl|Chilly Reception|p2a: Good girl\n|-weather|Snow\n|\n|t:|1700066453\n|switch|p2a: Don Can|Iron Treads|100\/100|[from] Chilly Reception\n|\n|-weather|Snow|[upkeep]\n|upkeep\n|turn|27\n|\n|t:|1700066461\n|switch|p1a: Rillaboom|Rillaboom, F|48\/100\n|-fieldstart|move: Grassy Terrain|[from] ability: Grassy Surge|[of] p1a: Rillaboom\n|move|p2a: Don Can|Stealth Rock|p1a: Rillaboom\n|-sidestart|p1: AntiDinkus|move: Stealth Rock\n|\n|-weather|Snow|[upkeep]\n|-heal|p1a: Rillaboom|54\/100|[from] Grassy Terrain\n|upkeep\n|turn|28\n|\n|t:|1700066469\n|-end|p2a: Don Can|Quark Drive|[silent]\n|switch|p2a: Nice shot! Birdie!|Corviknight, M|100\/100\n|-ability|p2a: Nice shot! Birdie!|Pressure\n|move|p1a: Rillaboom|U-turn|p2a: Nice shot! Birdie!\n|-resisted|p2a: Nice shot! Birdie!\n|-damage|p2a: Nice shot! Birdie!|94\/100\n|\n|t:|1700066473\n|switch|p1a: Heatran|Heatran, M|100\/100|[from] U-turn\n|-damage|p1a: Heatran|88\/100|[from] Stealth Rock\n|\n|-weather|Snow|[upkeep]\n|-heal|p1a: Heatran|94\/100|[from] Grassy Terrain\n|-heal|p1a: Heatran|100\/100|[from] item: Leftovers\n|-heal|p2a: Nice shot! Birdie!|100\/100|[from] item: Leftovers\n|upkeep\n|turn|29\n|\n|t:|1700066486\n|switch|p1a: Rillaboom|Rillaboom, F|54\/100\n|-damage|p1a: Rillaboom|42\/100|[from] Stealth Rock\n|switch|p2a: PINKAFISH|Alomomola, F|100\/100\n|\n|-weather|Snow|[upkeep]\n|-heal|p1a: Rillaboom|48\/100|[from] Grassy Terrain\n|upkeep\n|turn|30\n|\n|t:|1700066489\n|switch|p2a: Nice shot! Birdie!|Corviknight, M|100\/100\n|-ability|p2a: Nice shot! Birdie!|Pressure\n|move|p1a: Rillaboom|U-turn|p2a: Nice shot! Birdie!\n|-resisted|p2a: Nice shot! Birdie!\n|-damage|p2a: Nice shot! Birdie!|95\/100\n|\n|t:|1700066498\n|switch|p1a: Dondozo|Dondozo, M|39\/100|[from] U-turn\n|-damage|p1a: Dondozo|26\/100|[from] Stealth Rock\n|\n|-weather|none\n|-heal|p2a: Nice shot! Birdie!|100\/100|[from] item: Leftovers\n|-heal|p1a: Dondozo|32\/100|[from] Grassy Terrain\n|-heal|p1a: Dondozo|39\/100|[from] item: Leftovers\n|upkeep\n|turn|31\n|\n|t:|1700066505\n|switch|p2a: Dash attack|Greninja, F, tera:Dark|100\/100\n|move|p1a: Dondozo|Rest|p1a: Dondozo\n|-status|p1a: Dondozo|slp|[from] move: Rest\n|-heal|p1a: Dondozo|100\/100 slp|[silent]\n|\n|-fieldend|move: Grassy Terrain\n|upkeep\n|turn|32\n|\n|t:|1700066511\n|move|p2a: Dash attack|Spikes|p1a: Dondozo\n|-sidestart|p1: AntiDinkus|Spikes\n|cant|p1a: Dondozo|slp\n|move|p1a: Dondozo|Sleep Talk|p1a: Dondozo\n|move|p1a: Dondozo|Curse|p1a: Dondozo|[from]move: Sleep Talk\n|-unboost|p1a: Dondozo|spe|1\n|-boost|p1a: Dondozo|atk|1\n|-boost|p1a: Dondozo|def|1\n|\n|upkeep\n|turn|33\n|\n|t:|1700066526\n|switch|p2a: Don Can|Iron Treads|100\/100\n|cant|p1a: Dondozo|slp\n|move|p1a: Dondozo|Sleep Talk|p1a: Dondozo\n|move|p1a: Dondozo|Rest||[from]move: Sleep Talk|[still]\n|-fail|p1a: Dondozo\n|\n|upkeep\n|turn|34\n|\n|t:|1700066531\n|move|p2a: Don Can|Knock Off|p1a: Dondozo\n|-damage|p1a: Dondozo|93\/100 slp\n|-enditem|p1a: Dondozo|Leftovers|[from] move: Knock Off|[of] p2a: Don Can\n|-curestatus|p1a: Dondozo|slp|[msg]\n|move|p1a: Dondozo|Waterfall|p2a: Don Can\n|-supereffective|p2a: Don Can\n|-damage|p2a: Don Can|42\/100\n|\n|-heal|p2a: Don Can|48\/100|[from] item: Leftovers\n|upkeep\n|turn|35\n|\n|t:|1700066535\n|-end|p2a: Don Can|Quark Drive|[silent]\n|switch|p2a: PINKAFISH|Alomomola, F|100\/100\n|move|p1a: Dondozo|Waterfall|p2a: PINKAFISH\n|-resisted|p2a: PINKAFISH\n|-damage|p2a: PINKAFISH|88\/100\n|\n|upkeep\n|turn|36\n|\n|t:|1700066538\n|move|p2a: PINKAFISH|Scald|p1a: Dondozo\n|-resisted|p1a: Dondozo\n|-damage|p1a: Dondozo|86\/100\n|move|p1a: Dondozo|Curse|p1a: Dondozo\n|-unboost|p1a: Dondozo|spe|1\n|-boost|p1a: Dondozo|atk|1\n|-boost|p1a: Dondozo|def|1\n|\n|upkeep\n|turn|37\n|\n|t:|1700066541\n|move|p2a: PINKAFISH|Scald|p1a: Dondozo\n|-resisted|p1a: Dondozo\n|-damage|p1a: Dondozo|79\/100\n|move|p1a: Dondozo|Curse|p1a: Dondozo\n|-unboost|p1a: Dondozo|spe|1\n|-boost|p1a: Dondozo|atk|1\n|-boost|p1a: Dondozo|def|1\n|\n|upkeep\n|turn|38\n|\n|t:|1700066545\n|move|p2a: PINKAFISH|Scald|p1a: Dondozo\n|-resisted|p1a: Dondozo\n|-damage|p1a: Dondozo|73\/100\n|-status|p1a: Dondozo|brn\n|move|p1a: Dondozo|Curse|p1a: Dondozo\n|-unboost|p1a: Dondozo|spe|1\n|-boost|p1a: Dondozo|atk|1\n|-boost|p1a: Dondozo|def|1\n|\n|-damage|p1a: Dondozo|67\/100 brn|[from] brn\n|upkeep\n|turn|39\n|\n|t:|1700066554\n|move|p2a: PINKAFISH|Wish|p2a: PINKAFISH\n|move|p1a: Dondozo|Waterfall|p2a: PINKAFISH\n|-resisted|p2a: PINKAFISH\n|-damage|p2a: PINKAFISH|76\/100\n|\n|-damage|p1a: Dondozo|61\/100 brn|[from] brn\n|upkeep\n|turn|40\n|\n|t:|1700066564\n|switch|p2a: Good girl|Slowking-Galar, F|43\/100\n|move|p1a: Dondozo|Rest|p1a: Dondozo\n|-status|p1a: Dondozo|slp|[from] move: Rest\n|-heal|p1a: Dondozo|100\/100 slp|[silent]\n|\n|-heal|p2a: Good girl|100\/100|[from] move: Wish|[wisher] PINKAFISH\n|upkeep\n|turn|41\n|\n|t:|1700066567\n|move|p2a: Good girl|Future Sight|p1a: Dondozo\n|-start|p2a: Good girl|move: Future Sight\n|cant|p1a: Dondozo|slp\n|move|p1a: Dondozo|Sleep Talk|p1a: Dondozo\n|move|p1a: Dondozo|Waterfall|p2a: Good girl|[from]move: Sleep Talk\n|-damage|p2a: Good girl|30\/100\n|\n|upkeep\n|turn|42\n|\n|t:|1700066577\n|switch|p2a: PINKAFISH|Alomomola, F|100\/100\n|cant|p1a: Dondozo|slp\n|move|p1a: Dondozo|Sleep Talk|p1a: Dondozo\n|move|p1a: Dondozo|Curse|p1a: Dondozo|[from]move: Sleep Talk\n|-unboost|p1a: Dondozo|spe|1\n|-boost|p1a: Dondozo|atk|1\n|-boost|p1a: Dondozo|def|1\n|\n|upkeep\n|turn|43\n|\n|t:|1700066583\n|move|p2a: PINKAFISH|Wish|p2a: PINKAFISH\n|-curestatus|p1a: Dondozo|slp|[msg]\n|move|p1a: Dondozo|Waterfall|p2a: PINKAFISH\n|-resisted|p2a: PINKAFISH\n|-damage|p2a: PINKAFISH|72\/100\n|\n|-end|p1a: Dondozo|move: Future Sight\n|-damage|p1a: Dondozo|59\/100\n|upkeep\n|turn|44\n|\n|t:|1700066587\n|move|p2a: PINKAFISH|Scald|p1a: Dondozo\n|-resisted|p1a: Dondozo\n|-damage|p1a: Dondozo|52\/100\n|move|p1a: Dondozo|Curse|p1a: Dondozo\n|-unboost|p1a: Dondozo|spe|1\n|-boost|p1a: Dondozo|atk|1\n|-boost|p1a: Dondozo|def|1\n|\n|-heal|p2a: PINKAFISH|100\/100|[from] move: Wish|[wisher] PINKAFISH\n|upkeep\n|turn|45\n|c|\u2606Derpy Monkey|liquidation might be better\n|c|\u2606Derpy Monkey|just for the extra 5 damage\n|\n|t:|1700066609\n|move|p2a: PINKAFISH|Scald|p1a: Dondozo\n|-resisted|p1a: Dondozo\n|-damage|p1a: Dondozo|46\/100\n|move|p1a: Dondozo|Waterfall|p2a: PINKAFISH\n|-resisted|p2a: PINKAFISH\n|-damage|p2a: PINKAFISH|67\/100\n|\n|upkeep\n|turn|46\n|c|\u2606AntiDinkus|yeah i took waterfall for pp\n|c|\u2606Derpy Monkey|makes sense\n|\n|t:|1700066623\n|move|p2a: PINKAFISH|Wish|p2a: PINKAFISH\n|move|p1a: Dondozo|Rest|p1a: Dondozo\n|-status|p1a: Dondozo|slp|[from] move: Rest\n|-heal|p1a: Dondozo|100\/100 slp|[silent]\n|\n|upkeep\n|turn|47\n|\n|t:|1700066630\n|move|p2a: PINKAFISH|Flip Turn|p1a: Dondozo\n|-resisted|p1a: Dondozo\n|-damage|p1a: Dondozo|99\/100 slp\n|\n|t:|1700066637\n|switch|p2a: Good girl|Slowking-Galar, F|63\/100|[from] Flip Turn\n|cant|p1a: Dondozo|slp\n|move|p1a: Dondozo|Sleep Talk|p1a: Dondozo\n|move|p1a: Dondozo|Waterfall|p2a: Good girl|[from]move: Sleep Talk\n|-damage|p2a: Good girl|0 fnt\n|faint|p2a: Good girl\n|\n|upkeep\n|\n|t:|1700066640\n|switch|p2a: Dash attack|Greninja, F, tera:Dark|100\/100\n|turn|48\n|\n|t:|1700066643\n|move|p2a: Dash attack|Dark Pulse|p1a: Dondozo\n|-damage|p1a: Dondozo|55\/100 slp\n|cant|p1a: Dondozo|slp\n|move|p1a: Dondozo|Sleep Talk|p1a: Dondozo\n|move|p1a: Dondozo|Waterfall|p2a: Dash attack|[from]move: Sleep Talk\n|-damage|p2a: Dash attack|0 fnt\n|faint|p2a: Dash attack\n|\n|upkeep\n|c|\u2606AntiDinkus|damn unfort for you\n|c|\u2606Derpy Monkey|agh\n|c|\u2606Derpy Monkey|just like how I lost hydreigon\n|\n|t:|1700066666\n|switch|p2a: PINKAFISH|Alomomola, F|100\/100\n|turn|49\n|\n|t:|1700066670\n|move|p2a: PINKAFISH|Scald|p1a: Dondozo\n|-resisted|p1a: Dondozo\n|-damage|p1a: Dondozo|48\/100 slp\n|-curestatus|p1a: Dondozo|slp|[msg]\n|move|p1a: Dondozo|Waterfall|p2a: PINKAFISH\n|-resisted|p2a: PINKAFISH\n|-damage|p2a: PINKAFISH|68\/100\n|\n|upkeep\n|turn|50\n|\n|t:|1700066682\n|move|p2a: PINKAFISH|Scald|p1a: Dondozo\n|-resisted|p1a: Dondozo\n|-damage|p1a: Dondozo|42\/100\n|move|p1a: Dondozo|Waterfall|p2a: PINKAFISH\n|-resisted|p2a: PINKAFISH\n|-damage|p2a: PINKAFISH|32\/100\n|\n|upkeep\n|turn|51\n|\n|t:|1700066689\n|move|p2a: PINKAFISH|Flip Turn|p1a: Dondozo\n|-resisted|p1a: Dondozo\n|-damage|p1a: Dondozo|41\/100\n|\n|t:|1700066693\n|switch|p2a: Don Can|Iron Treads|48\/100|[from] Flip Turn\n|move|p1a: Dondozo|Waterfall|p2a: Don Can\n|-supereffective|p2a: Don Can\n|-damage|p2a: Don Can|0 fnt\n|faint|p2a: Don Can\n|-end|p2a: Don Can|Quark Drive|[silent]\n|\n|upkeep\n|\n|t:|1700066699\n|switch|p2a: PINKAFISH|Alomomola, F|65\/100\n|turn|52\n|\n|t:|1700066702\n|move|p2a: PINKAFISH|Wish|p2a: PINKAFISH\n|move|p1a: Dondozo|Waterfall|p2a: PINKAFISH\n|-resisted|p2a: PINKAFISH\n|-damage|p2a: PINKAFISH|31\/100\n|\n|upkeep\n|turn|53\n|\n|t:|1700066706\n|move|p2a: PINKAFISH|Protect|p2a: PINKAFISH\n|-singleturn|p2a: PINKAFISH|Protect\n|move|p1a: Dondozo|Waterfall|p2a: PINKAFISH\n|-activate|p2a: PINKAFISH|move: Protect\n|\n|-heal|p2a: PINKAFISH|81\/100|[from] move: Wish|[wisher] PINKAFISH\n|upkeep\n|turn|54\n|c|\u2606AntiDinkus|ok so you do have protect\n|c|\u2606Derpy Monkey|ff\n|c|\u2606Derpy Monkey|gg\n|c|\u2606AntiDinkus|gg\n|c|\u2606Derpy Monkey|I have a better version of the team\n|c|\u2606Derpy Monkey|I just wanted to test this one again\n|c|\u2606AntiDinkus|whats different?\n|c|\u2606Derpy Monkey|scarf samurott h over greninja\n|c|\u2606Derpy Monkey|+ Acro fish\n|\n|t:|1700066772\n|move|p2a: PINKAFISH|Scald|p1a: Dondozo\n|-resisted|p1a: Dondozo\n|-damage|p1a: Dondozo|34\/100\n|move|p1a: Dondozo|Rest|p1a: Dondozo\n|-status|p1a: Dondozo|slp|[from] move: Rest\n|-heal|p1a: Dondozo|100\/100 slp|[silent]\n|\n|upkeep\n|turn|55\n|c|\u2606AntiDinkus|I think gren put in a decent amount of work\n|c|\u2606Derpy Monkey|Yeah but it relies on reads a lot\n|c|\u2606Derpy Monkey|it's kind of High risk medium reward\n|c|\u2606AntiDinkus|what item do you run?\n|c|\u2606Derpy Monkey|scarf\n|c|\u2606AntiDinkus|I see yeah gren kinda fell of this gen i think\n|c|\u2606Derpy Monkey|btw you said it provided worked, but it didn't xD\n|c|\u2606Derpy Monkey|It attacked dondozo twice and got destroyed\n|c|\u2606AntiDinkus|well it got my rilla low set a spike and threatend dozo\n|c|\u2606Derpy Monkey|yeah\n|-message|Derpy Monkey forfeited.\n|\n|win|AntiDinkus\n|l|\u2606Derpy Monkey\n|c|\u2606AntiDinkus|anyway well played regardless i def got a bit lucky with sleep talk\n","uploadtime":1700066955,"views":7,"p1id":"antidinkus","p2id":"derpymonkey","formatid":"gen9ou","rating":0,"private":0,"password":""}