{"id":"gen9ou-1990286206","p1":"ChillLanturnYT","p2":"Xtreamelous","format":"[Gen 9] OU","log":"|j|\u2606ChillLanturnYT\n|j|\u2606Xtreamelous\n|t:|1699950880\n|gametype|singles\n|player|p1|ChillLanturnYT|palmer|1037\n|player|p2|Xtreamelous|red|1095\n|teamsize|p1|6\n|teamsize|p2|6\n|gen|9\n|tier|[Gen 9] OU\n|rated|\n|rule|Sleep Clause Mod: Limit one foe put to sleep\n|rule|Species Clause: Limit one of each Pok\u00e9mon\n|rule|OHKO Clause: OHKO moves are banned\n|rule|Evasion Items Clause: Evasion items are banned\n|rule|Evasion Moves Clause: Evasion moves are banned\n|rule|Endless Battle Clause: Forcing endless battles is banned\n|rule|HP Percentage Mod: HP is shown in percentages\n|clearpoke\n|poke|p1|Ninetales-Alola, F|\n|poke|p1|Gholdengo|\n|poke|p1|Mew|\n|poke|p1|Clefable, F|\n|poke|p1|Mandibuzz, F|\n|poke|p1|Overqwil, M|\n|poke|p2|Kingambit, F|\n|poke|p2|Toxapex, F|\n|poke|p2|Walking Wake|\n|poke|p2|Greninja-*, M|\n|poke|p2|Dragapult, M|\n|poke|p2|Gholdengo|\n|teampreview\n|\n|t:|1699950915\n|start\n|switch|p1a: Mew|Mew|100\/100\n|switch|p2a: Toxapex|Toxapex, F|100\/100\n|turn|1\n|\n|t:|1699950927\n|move|p1a: Mew|Stealth Rock|p2a: Toxapex\n|-sidestart|p2: Xtreamelous|move: Stealth Rock\n|move|p2a: Toxapex|Poison Jab|p1a: Mew\n|-damage|p1a: Mew|89\/100\n|\n|-heal|p1a: Mew|95\/100|[from] item: Leftovers\n|upkeep\n|turn|2\n|\n|t:|1699950936\n|move|p1a: Mew|Toxic Spikes|p2a: Toxapex\n|-sidestart|p2: Xtreamelous|move: Toxic Spikes\n|move|p2a: Toxapex|Liquidation|p1a: Mew\n|-damage|p1a: Mew|82\/100\n|\n|-heal|p1a: Mew|88\/100|[from] item: Leftovers\n|upkeep\n|turn|3\n|\n|t:|1699950949\n|switch|p1a: Overqwil|Overqwil, M|100\/100\n|-ability|p1a: Overqwil|Intimidate|boost\n|-unboost|p2a: Toxapex|atk|1\n|switch|p2a: Kingambit|Kingambit, F|100\/100\n|-damage|p2a: Kingambit|94\/100|[from] Stealth Rock\n|\n|upkeep\n|turn|4\n|\n|t:|1699950959\n|switch|p1a: Mandibuzz|Mandibuzz, F|100\/100\n|move|p2a: Kingambit|Sucker Punch||[still]\n|-fail|p2a: Kingambit\n|\n|upkeep\n|turn|5\n|\n|t:|1699950966\n|move|p2a: Kingambit|Kowtow Cleave|p1a: Mandibuzz\n|-resisted|p1a: Mandibuzz\n|-damage|p1a: Mandibuzz|86\/100\n|move|p1a: Mandibuzz|Foul Play|p2a: Kingambit\n|-resisted|p2a: Kingambit\n|-damage|p2a: Kingambit|73\/100\n|\n|upkeep\n|turn|6\n|\n|t:|1699950977\n|-end|p2a: Kingambit|fallenundefined|[silent]\n|switch|p2a: Gholdengo|Gholdengo, shiny|100\/100\n|-damage|p2a: Gholdengo|94\/100|[from] Stealth Rock\n|-item|p2a: Gholdengo|Air Balloon\n|move|p1a: Mandibuzz|Foul Play|p2a: Gholdengo\n|-supereffective|p2a: Gholdengo\n|-damage|p2a: Gholdengo|60\/100\n|-enditem|p2a: Gholdengo|Air Balloon\n|\n|upkeep\n|turn|7\n|\n|t:|1699950992\n|switch|p1a: Overqwil|Overqwil, M|100\/100\n|-ability|p1a: Overqwil|Intimidate|boost\n|-unboost|p2a: Gholdengo|atk|1\n|move|p2a: Gholdengo|Shadow Ball|p1a: Overqwil\n|-resisted|p1a: Overqwil\n|-damage|p1a: Overqwil|70\/100\n|\n|-heal|p1a: Overqwil|76\/100|[from] item: Black Sludge\n|upkeep\n|turn|8\n|\n|t:|1699951003\n|move|p1a: Overqwil|Crunch|p2a: Gholdengo\n|-supereffective|p2a: Gholdengo\n|-damage|p2a: Gholdengo|0 fnt\n|faint|p2a: Gholdengo\n|\n|-heal|p1a: Overqwil|82\/100|[from] item: Black Sludge\n|upkeep\n|\n|t:|1699951015\n|switch|p2a: Greninja|Greninja, M, shiny|100\/100\n|-damage|p2a: Greninja|88\/100|[from] Stealth Rock\n|-status|p2a: Greninja|psn\n|turn|9\n|\n|t:|1699951027\n|move|p2a: Greninja|Dark Pulse|p1a: Overqwil\n|-start|p2a: Greninja|typechange|Dark|[from] ability: Protean\n|-resisted|p1a: Overqwil\n|-damage|p1a: Overqwil|44\/100\n|move|p1a: Overqwil|Barb Barrage|p2a: Greninja\n|-damage|p2a: Greninja|0 fnt\n|faint|p2a: Greninja\n|\n|-heal|p1a: Overqwil|50\/100|[from] item: Black Sludge\n|upkeep\n|\n|t:|1699951042\n|switch|p2a: Kingambit|Kingambit, F|73\/100\n|-damage|p2a: Kingambit|67\/100|[from] Stealth Rock\n|-activate|p2a: Kingambit|ability: Supreme Overlord\n|-start|p2a: Kingambit|fallen2|[silent]\n|turn|10\n|\n|t:|1699951049\n|switch|p1a: Mandibuzz|Mandibuzz, F|86\/100\n|move|p2a: Kingambit|Iron Head|p1a: Mandibuzz\n|-damage|p1a: Mandibuzz|60\/100\n|\n|upkeep\n|turn|11\n|\n|t:|1699951056\n|move|p2a: Kingambit|Swords Dance|p2a: Kingambit\n|-boost|p2a: Kingambit|atk|2\n|move|p1a: Mandibuzz|Roost|p1a: Mandibuzz\n|-heal|p1a: Mandibuzz|100\/100\n|-singleturn|p1a: Mandibuzz|move: Roost\n|\n|upkeep\n|turn|12\n|\n|t:|1699951064\n|move|p2a: Kingambit|Swords Dance|p2a: Kingambit\n|-boost|p2a: Kingambit|atk|2\n|move|p1a: Mandibuzz|Foul Play|p2a: Kingambit\n|-resisted|p2a: Kingambit\n|-damage|p2a: Kingambit|0 fnt\n|faint|p2a: Kingambit\n|-end|p2a: Kingambit|fallen2|[silent]\n|\n|upkeep\n|\n|t:|1699951072\n|switch|p2a: Toxapex|Toxapex, F|100\/100\n|-damage|p2a: Toxapex|88\/100|[from] Stealth Rock\n|-sideend|p2: Xtreamelous|move: Toxic Spikes|[of] p2a: Toxapex\n|turn|13\n|\n|t:|1699951077\n|switch|p1a: Overqwil|Overqwil, M|50\/100\n|-ability|p1a: Overqwil|Intimidate|boost\n|-unboost|p2a: Toxapex|atk|1\n|move|p2a: Toxapex|Baneful Bunker||[still]\n|-fail|p2a: Toxapex\n|\n|-heal|p1a: Overqwil|56\/100|[from] item: Black Sludge\n|-heal|p2a: Toxapex|94\/100|[from] item: Leftovers\n|upkeep\n|turn|14\n|\n|t:|1699951088\n|move|p1a: Overqwil|Crunch|p2a: Toxapex\n|-crit|p2a: Toxapex\n|-damage|p2a: Toxapex|46\/100\n|move|p2a: Toxapex|Liquidation|p1a: Overqwil\n|-damage|p1a: Overqwil|41\/100\n|\n|-heal|p1a: Overqwil|47\/100|[from] item: Black Sludge\n|-heal|p2a: Toxapex|52\/100|[from] item: Leftovers\n|upkeep\n|turn|15\n|\n|t:|1699951098\n|move|p2a: Toxapex|Baneful Bunker|p2a: Toxapex\n|-singleturn|p2a: Toxapex|move: Protect\n|move|p1a: Overqwil|Crunch|p2a: Toxapex\n|-activate|p2a: Toxapex|move: Protect\n|\n|-heal|p1a: Overqwil|53\/100|[from] item: Black Sludge\n|-heal|p2a: Toxapex|58\/100|[from] item: Leftovers\n|upkeep\n|turn|16\n|\n|t:|1699951108\n|move|p1a: Overqwil|Crunch|p2a: Toxapex\n|-damage|p2a: Toxapex|25\/100\n|move|p2a: Toxapex|Liquidation|p1a: Overqwil\n|-damage|p1a: Overqwil|37\/100\n|\n|-heal|p1a: Overqwil|44\/100|[from] item: Black Sludge\n|-heal|p2a: Toxapex|32\/100|[from] item: Leftovers\n|upkeep\n|turn|17\n|\n|t:|1699951121\n|move|p1a: Overqwil|Crunch|p2a: Toxapex\n|-damage|p2a: Toxapex|0 fnt\n|faint|p2a: Toxapex\n|\n|-heal|p1a: Overqwil|50\/100|[from] item: Black Sludge\n|upkeep\n|\n|t:|1699951128\n|switch|p2a: Dragapult|Dragapult, M|100\/100\n|-damage|p2a: Dragapult|88\/100|[from] Stealth Rock\n|turn|18\n|\n|t:|1699951134\n|move|p2a: Dragapult|Shadow Ball|p1a: Overqwil\n|-resisted|p1a: Overqwil\n|-damage|p1a: Overqwil|21\/100\n|move|p1a: Overqwil|Crunch|p2a: Dragapult\n|-supereffective|p2a: Dragapult\n|-damage|p2a: Dragapult|0 fnt\n|faint|p2a: Dragapult\n|\n|-heal|p1a: Overqwil|27\/100|[from] item: Black Sludge\n|upkeep\n|\n|t:|1699951144\n|switch|p2a: Walking Wake|Walking Wake|100\/100\n|-damage|p2a: Walking Wake|88\/100|[from] Stealth Rock\n|-enditem|p2a: Walking Wake|Booster Energy\n|-activate|p2a: Walking Wake|ability: Protosynthesis|[fromitem]\n|-start|p2a: Walking Wake|protosynthesisspa\n|turn|19\n|\n|t:|1699951152\n|-terastallize|p2a: Walking Wake|Normal\n|move|p2a: Walking Wake|Agility|p2a: Walking Wake\n|-boost|p2a: Walking Wake|spe|2\n|move|p1a: Overqwil|Barb Barrage|p2a: Walking Wake\n|-damage|p2a: Walking Wake|55\/100\n|\n|-heal|p1a: Overqwil|33\/100|[from] item: Black Sludge\n|upkeep\n|turn|20\n|\n|t:|1699951164\n|move|p2a: Walking Wake|Hydro Steam|p1a: Overqwil\n|-damage|p1a: Overqwil|0 fnt\n|faint|p1a: Overqwil\n|\n|upkeep\n|\n|t:|1699951175\n|switch|p1a: Ninetales|Ninetales-Alola, F|100\/100\n|-weather|Snow|[from] ability: Snow Warning|[of] p1a: Ninetales\n|turn|21\n|\n|t:|1699951180\n|move|p2a: Walking Wake|Flamethrower|p1a: Ninetales\n|-supereffective|p1a: Ninetales\n|-damage|p1a: Ninetales|0 fnt\n|faint|p1a: Ninetales\n|\n|-weather|Snow|[upkeep]\n|upkeep\n|\n|t:|1699951193\n|switch|p1a: Gholdengo|Gholdengo|100\/100\n|turn|22\n|\n|t:|1699951197\n|move|p2a: Walking Wake|Flamethrower|p1a: Gholdengo\n|-supereffective|p1a: Gholdengo\n|-damage|p1a: Gholdengo|0 fnt\n|faint|p1a: Gholdengo\n|\n|-weather|Snow|[upkeep]\n|upkeep\n|\n|t:|1699951202\n|switch|p1a: Clefable|Clefable, F|100\/100\n|turn|23\n|\n|t:|1699951209\n|move|p2a: Walking Wake|Hydro Steam|p1a: Clefable\n|-damage|p1a: Clefable|56\/100\n|move|p1a: Clefable|Flamethrower|p2a: Walking Wake\n|-damage|p2a: Walking Wake|26\/100\n|\n|-weather|Snow|[upkeep]\n|-heal|p1a: Clefable|62\/100|[from] item: Leftovers\n|upkeep\n|turn|24\n|\n|t:|1699951219\n|move|p2a: Walking Wake|Dragon Pulse|p1a: Clefable\n|-immune|p1a: Clefable\n|move|p1a: Clefable|Flamethrower|p2a: Walking Wake\n|-damage|p2a: Walking Wake|0 fnt\n|faint|p2a: Walking Wake\n|-end|p2a: Walking Wake|Protosynthesis|[silent]\n|\n|win|ChillLanturnYT\n|raw|ChillLanturnYT's rating: 1037 &rarr; <strong>1077<\/strong><br \/>(+40 for winning)\n|raw|Xtreamelous's rating: 1095 &rarr; <strong>1067<\/strong><br \/>(-28 for losing)\n","uploadtime":1699951228,"views":15,"p1id":"chilllanturnyt","p2id":"xtreamelous","formatid":"gen9ou","rating":1067,"private":0,"password":""}