{"id":"gen9ou-1995398561","p1":"jzhuc1841","p2":"vvvn","format":"[Gen 9] OU","log":"|j|\u2606jzhuc1841\n|j|\u2606vvvn\n|t:|1700565534\n|gametype|singles\n|player|p1|jzhuc1841|hilbert-wonderlauncher|\n|player|p2|vvvn|birdkeeper-gen4dp|\n|teamsize|p1|6\n|teamsize|p2|6\n|gen|9\n|tier|[Gen 9] OU\n|rule|Sleep Clause Mod: Limit one foe put to sleep\n|rule|Species Clause: Limit one of each Pok\u00e9mon\n|rule|OHKO Clause: OHKO moves are banned\n|rule|Evasion Items Clause: Evasion items are banned\n|rule|Evasion Moves Clause: Evasion moves are banned\n|rule|Endless Battle Clause: Forcing endless battles is banned\n|rule|HP Percentage Mod: HP is shown in percentages\n|clearpoke\n|poke|p1|Thundurus-Therian, M|\n|poke|p1|Dragapult, M|\n|poke|p1|Iron Valiant|\n|poke|p1|Cinderace, F|\n|poke|p1|Kingambit, M|\n|poke|p1|Dragonite, M|\n|poke|p2|Dondozo, M|\n|poke|p2|Clodsire, M|\n|poke|p2|Toedscruel, F|\n|poke|p2|Glimmora, M|\n|poke|p2|Dragapult, M|\n|poke|p2|Corviknight, F|\n|teampreview\n|c|\u2606jzhuc1841|\u5636\n|c|\u2606jzhuc1841|\u4e11\u9738\u548c\u571f\u738b\n|\n|t:|1700565551\n|start\n|switch|p1a: Thundurus|Thundurus-Therian, M|100\/100\n|switch|p2a: Glimmora|Glimmora, M|100\/100\n|turn|1\n|\n|t:|1700565559\n|move|p1a: Thundurus|Flash Cannon|p2a: Glimmora\n|-supereffective|p2a: Glimmora\n|-damage|p2a: Glimmora|22\/100\n|move|p2a: Glimmora|Toxic|p1a: Thundurus\n|-status|p1a: Thundurus|tox\n|\n|-damage|p1a: Thundurus|94\/100 tox|[from] psn\n|upkeep\n|turn|2\n|\n|t:|1700565567\n|switch|p2a: Clodsire|Clodsire, M|100\/100\n|move|p1a: Thundurus|Flash Cannon|p2a: Clodsire\n|-damage|p2a: Clodsire|86\/100\n|\n|-heal|p2a: Clodsire|92\/100|[from] item: Leftovers\n|-damage|p1a: Thundurus|82\/100 tox|[from] psn\n|upkeep\n|turn|3\n|\n|t:|1700565580\n|switch|p1a: Dragonite|Dragonite, M|100\/100\n|move|p2a: Clodsire|Spikes|p1a: Dragonite\n|-sidestart|p1: jzhuc1841|Spikes\n|\n|-heal|p2a: Clodsire|98\/100|[from] item: Leftovers\n|upkeep\n|turn|4\n|\n|t:|1700565591\n|switch|p2a: Dondozo|Dondozo, M|100\/100\n|move|p1a: Dragonite|Encore||[still]\n|-fail|p1a: Dragonite\n|\n|upkeep\n|turn|5\n|\n|t:|1700565597\n|switch|p1a: Thundurus|Thundurus-Therian, M|82\/100 tox\n|move|p2a: Dondozo|Avalanche|p1a: Thundurus\n|-supereffective|p1a: Thundurus\n|-damage|p1a: Thundurus|36\/100 tox\n|\n|-damage|p1a: Thundurus|30\/100 tox|[from] psn\n|upkeep\n|turn|6\n|\n|t:|1700565611\n|move|p2a: Dondozo|Protect|p2a: Dondozo\n|-singleturn|p2a: Dondozo|Protect\n|move|p1a: Thundurus|Volt Switch|p2a: Dondozo\n|-activate|p2a: Dondozo|move: Protect\n|\n|-damage|p1a: Thundurus|18\/100 tox|[from] psn\n|upkeep\n|turn|7\n|\n|t:|1700565620\n|switch|p2a: Clodsire|Clodsire, M|98\/100\n|move|p1a: Thundurus|Volt Switch|p2a: Clodsire\n|-immune|p2a: Clodsire\n|\n|-heal|p2a: Clodsire|100\/100|[from] item: Leftovers\n|-damage|p1a: Thundurus|0 fnt|[from] psn\n|faint|p1a: Thundurus\n|upkeep\n|\n|t:|1700565626\n|switch|p1a: Dragonite|Dragonite, M|100\/100\n|turn|8\n|\n|t:|1700565634\n|switch|p2a: Dondozo|Dondozo, M|100\/100\n|move|p1a: Dragonite|Earthquake|p2a: Dondozo\n|-damage|p2a: Dondozo|86\/100\n|\n|-heal|p2a: Dondozo|92\/100|[from] item: Leftovers\n|upkeep\n|turn|9\n|\n|t:|1700565642\n|switch|p1a: Dragapult|Dragapult, M|100\/100\n|-damage|p1a: Dragapult|88\/100|[from] Spikes\n|move|p2a: Dondozo|Avalanche|p1a: Dragapult\n|-supereffective|p1a: Dragapult\n|-damage|p1a: Dragapult|53\/100\n|\n|-heal|p2a: Dondozo|98\/100|[from] item: Leftovers\n|upkeep\n|turn|10\n|\n|t:|1700565655\n|switch|p2a: Clodsire|Clodsire, M|100\/100\n|move|p1a: Dragapult|U-turn|p2a: Clodsire\n|-resisted|p2a: Clodsire\n|-damage|p2a: Clodsire|91\/100\n|\n|t:|1700565661\n|switch|p1a: Kingambit|Kingambit, M|100\/100|[from] U-turn\n|-damage|p1a: Kingambit|88\/100|[from] Spikes\n|-activate|p1a: Kingambit|ability: Supreme Overlord\n|-start|p1a: Kingambit|fallen1|[silent]\n|\n|-heal|p2a: Clodsire|97\/100|[from] item: Leftovers\n|upkeep\n|turn|11\n|\n|t:|1700565671\n|switch|p2a: Glimmora|Glimmora, M|22\/100\n|move|p1a: Kingambit|Kowtow Cleave|p2a: Glimmora\n|-damage|p2a: Glimmora|0 fnt\n|faint|p2a: Glimmora\n|\n|upkeep\n|\n|t:|1700565679\n|switch|p2a: Corviknight|Corviknight, F|100\/100\n|-ability|p2a: Corviknight|Pressure\n|turn|12\n|\n|t:|1700565686\n|-end|p1a: Kingambit|fallen1|[silent]\n|switch|p1a: Dragapult|Dragapult, M|53\/100\n|-damage|p1a: Dragapult|41\/100|[from] Spikes\n|move|p2a: Corviknight|Body Press|p1a: Dragapult\n|-immune|p1a: Dragapult\n|\n|upkeep\n|turn|13\n|\n|t:|1700565694\n|switch|p2a: Clodsire|Clodsire, M|97\/100\n|move|p1a: Dragapult|Fire Blast|p2a: Clodsire\n|-damage|p2a: Clodsire|72\/100\n|\n|-heal|p2a: Clodsire|79\/100|[from] item: Leftovers\n|upkeep\n|turn|14\n|\n|t:|1700565704\n|switch|p1a: Cinderace|Cinderace, F|100\/100\n|move|p2a: Clodsire|Toxic|p1a: Cinderace\n|-status|p1a: Cinderace|tox\n|\n|-heal|p2a: Clodsire|85\/100|[from] item: Leftovers\n|-damage|p1a: Cinderace|95\/100 tox|[from] psn\n|upkeep\n|turn|15\n|\n|t:|1700565717\n|switch|p2a: Dondozo|Dondozo, M|98\/100\n|move|p1a: Cinderace|Court Change|p1a: Cinderace\n|-start|p1a: Cinderace|typechange|Normal|[from] ability: Libero\n|-swapsideconditions\n|-activate|p1a: Cinderace|move: Court Change\n|\n|-heal|p2a: Dondozo|100\/100|[from] item: Leftovers\n|-damage|p1a: Cinderace|83\/100 tox|[from] psn\n|upkeep\n|turn|16\n|\n|t:|1700565728\n|move|p1a: Cinderace|U-turn|p2a: Dondozo\n|-crit|p2a: Dondozo\n|-damage|p2a: Dondozo|86\/100\n|\n|t:|1700565733\n|switch|p1a: Iron Valiant|Iron Valiant|100\/100|[from] U-turn\n|-enditem|p1a: Iron Valiant|Booster Energy\n|-activate|p1a: Iron Valiant|ability: Quark Drive|[fromitem]\n|-start|p1a: Iron Valiant|quarkdrivespe\n|move|p2a: Dondozo|Avalanche|p1a: Iron Valiant\n|-damage|p1a: Iron Valiant|81\/100\n|\n|-heal|p2a: Dondozo|92\/100|[from] item: Leftovers\n|upkeep\n|turn|17\n|\n|t:|1700565746\n|switch|p2a: Clodsire|Clodsire, M|85\/100\n|-damage|p2a: Clodsire|72\/100|[from] Spikes\n|move|p1a: Iron Valiant|Knock Off|p2a: Clodsire\n|-damage|p2a: Clodsire|36\/100\n|-enditem|p2a: Clodsire|Leftovers|[from] move: Knock Off|[of] p1a: Iron Valiant\n|\n|upkeep\n|turn|18\n|\n|t:|1700565764\n|-end|p1a: Iron Valiant|Quark Drive|[silent]\n|switch|p1a: Kingambit|Kingambit, M|88\/100\n|-activate|p1a: Kingambit|ability: Supreme Overlord\n|-start|p1a: Kingambit|fallen1|[silent]\n|move|p2a: Clodsire|Recover|p2a: Clodsire\n|-heal|p2a: Clodsire|86\/100\n|\n|upkeep\n|turn|19\n|\n|t:|1700565773\n|switch|p2a: Corviknight|Corviknight, F|100\/100\n|-ability|p2a: Corviknight|Pressure\n|move|p1a: Kingambit|Kowtow Cleave|p2a: Corviknight\n|-damage|p2a: Corviknight|63\/100\n|\n|-heal|p2a: Corviknight|69\/100|[from] item: Leftovers\n|upkeep\n|turn|20\n|\n|t:|1700565783\n|-end|p1a: Kingambit|fallen1|[silent]\n|switch|p1a: Cinderace|Cinderace, F|83\/100 tox\n|move|p2a: Corviknight|Defog|p1a: Cinderace\n|-unboost|p1a: Cinderace|evasion|1\n|-sideend|p2: vvvn|Spikes|[from] move: Defog|[of] p2a: Corviknight\n|\n|-heal|p2a: Corviknight|75\/100|[from] item: Leftovers\n|-damage|p1a: Cinderace|77\/100 tox|[from] psn\n|upkeep\n|turn|21\n|\n|t:|1700565794\n|switch|p2a: Dondozo|Dondozo, M|92\/100\n|move|p1a: Cinderace|U-turn|p2a: Dondozo\n|-start|p1a: Cinderace|typechange|Bug|[from] ability: Libero\n|-damage|p2a: Dondozo|77\/100\n|\n|t:|1700565801\n|switch|p1a: Dragapult|Dragapult, M|41\/100|[from] U-turn\n|\n|-heal|p2a: Dondozo|84\/100|[from] item: Leftovers\n|upkeep\n|turn|22\n|\n|t:|1700565808\n|switch|p2a: Clodsire|Clodsire, M|86\/100\n|move|p1a: Dragapult|Draco Meteor|p2a: Clodsire\n|-damage|p2a: Clodsire|43\/100\n|-unboost|p1a: Dragapult|spa|2\n|\n|upkeep\n|turn|23\n|\n|t:|1700565816\n|move|p1a: Dragapult|Draco Meteor|p2a: Clodsire\n|-damage|p2a: Clodsire|0 fnt\n|-unboost|p1a: Dragapult|spa|2\n|faint|p2a: Clodsire\n|\n|upkeep\n|\n|t:|1700565823\n|switch|p2a: Toedscruel|Toedscruel, F|100\/100\n|turn|24\n|\n|t:|1700565826\n|switch|p1a: Cinderace|Cinderace, F|77\/100 tox\n|move|p2a: Toedscruel|Knock Off|p1a: Cinderace\n|-damage|p1a: Cinderace|56\/100 tox\n|-enditem|p1a: Cinderace|Heavy-Duty Boots|[from] move: Knock Off|[of] p2a: Toedscruel\n|\n|-damage|p1a: Cinderace|50\/100 tox|[from] psn\n|upkeep\n|turn|25\n|\n|t:|1700565835\n|move|p2a: Toedscruel|Protect|p2a: Toedscruel\n|-singleturn|p2a: Toedscruel|Protect\n|move|p1a: Cinderace|U-turn|p2a: Toedscruel\n|-start|p1a: Cinderace|typechange|Bug|[from] ability: Libero\n|-activate|p2a: Toedscruel|move: Protect\n|\n|-damage|p1a: Cinderace|38\/100 tox|[from] psn\n|upkeep\n|turn|26\n|\n|t:|1700565846\n|switch|p2a: Dondozo|Dondozo, M|84\/100\n|move|p1a: Cinderace|Flare Blitz|p2a: Dondozo\n|-resisted|p2a: Dondozo\n|-damage|p2a: Dondozo|75\/100\n|-damage|p1a: Cinderace|33\/100 tox|[from] Recoil\n|\n|-heal|p2a: Dondozo|81\/100|[from] item: Leftovers\n|-damage|p1a: Cinderace|15\/100 tox|[from] psn\n|upkeep\n|turn|27\n|\n|t:|1700565858\n|move|p2a: Dondozo|Protect|p2a: Dondozo\n|-singleturn|p2a: Dondozo|Protect\n|move|p1a: Cinderace|U-turn|p2a: Dondozo\n|-activate|p2a: Dondozo|move: Protect\n|\n|-heal|p2a: Dondozo|87\/100|[from] item: Leftovers\n|-damage|p1a: Cinderace|0 fnt|[from] psn\n|faint|p1a: Cinderace\n|upkeep\n|\n|t:|1700565861\n|switch|p1a: Dragapult|Dragapult, M|41\/100\n|turn|28\n|\n|t:|1700565872\n|move|p1a: Dragapult|Draco Meteor|p2a: Dondozo\n|-damage|p2a: Dondozo|0 fnt\n|-unboost|p1a: Dragapult|spa|2\n|faint|p2a: Dondozo\n|\n|upkeep\n|\n|t:|1700565879\n|switch|p2a: Toedscruel|Toedscruel, F|100\/100\n|turn|29\n|\n|t:|1700565888\n|switch|p1a: Iron Valiant|Iron Valiant|81\/100\n|move|p2a: Toedscruel|Knock Off|p1a: Iron Valiant\n|-resisted|p1a: Iron Valiant\n|-damage|p1a: Iron Valiant|78\/100\n|\n|upkeep\n|turn|30\n|\n|t:|1700565895\n|move|p1a: Iron Valiant|Knock Off|p2a: Toedscruel\n|-damage|p2a: Toedscruel|56\/100\n|-enditem|p2a: Toedscruel|Leftovers|[from] move: Knock Off|[of] p1a: Iron Valiant\n|move|p2a: Toedscruel|Leech Seed|p1a: Iron Valiant\n|-start|p1a: Iron Valiant|move: Leech Seed\n|\n|-damage|p1a: Iron Valiant|66\/100|[from] Leech Seed|[of] p2a: Toedscruel\n|-heal|p2a: Toedscruel|66\/100|[silent]\n|upkeep\n|turn|31\n|\n|t:|1700565905\n|move|p1a: Iron Valiant|Swords Dance|p1a: Iron Valiant\n|-boost|p1a: Iron Valiant|atk|2\n|move|p2a: Toedscruel|Knock Off|p1a: Iron Valiant\n|-resisted|p1a: Iron Valiant\n|-damage|p1a: Iron Valiant|62\/100\n|\n|-damage|p1a: Iron Valiant|50\/100|[from] Leech Seed|[of] p2a: Toedscruel\n|-heal|p2a: Toedscruel|76\/100|[silent]\n|upkeep\n|turn|32\n|c|\u2606vvvn|\u7269\u653b\u94c1\u821e\u8005\n|\n|t:|1700565941\n|switch|p2a: Corviknight|Corviknight, F|75\/100\n|-ability|p2a: Corviknight|Pressure\n|move|p1a: Iron Valiant|Close Combat|p2a: Corviknight\n|-crit|p2a: Corviknight\n|-damage|p2a: Corviknight|0 fnt\n|-unboost|p1a: Iron Valiant|def|1\n|-unboost|p1a: Iron Valiant|spd|1\n|faint|p2a: Corviknight\n|\n|upkeep\n|\n|t:|1700565952\n|switch|p2a: Dragapult|Dragapult, M|100\/100\n|turn|33\n|\n|t:|1700565959\n|move|p2a: Dragapult|Shadow Ball|p1a: Iron Valiant\n|-damage|p1a: Iron Valiant|0 fnt\n|faint|p1a: Iron Valiant\n|-end|p1a: Iron Valiant|Quark Drive|[silent]\n|\n|upkeep\n|\n|t:|1700565961\n|switch|p1a: Kingambit|Kingambit, M|88\/100\n|-activate|p1a: Kingambit|ability: Supreme Overlord\n|-start|p1a: Kingambit|fallen3|[silent]\n|turn|34\n|\n|t:|1700565970\n|switch|p2a: Toedscruel|Toedscruel, F|76\/100\n|move|p1a: Kingambit|Kowtow Cleave|p2a: Toedscruel\n|-damage|p2a: Toedscruel|0 fnt\n|faint|p2a: Toedscruel\n|\n|upkeep\n|\n|t:|1700565979\n|switch|p2a: Dragapult|Dragapult, M|100\/100\n|turn|35\n|\n|t:|1700565983\n|-terastallize|p1a: Kingambit|Flying\n|move|p1a: Kingambit|Sucker Punch|p2a: Dragapult\n|-supereffective|p2a: Dragapult\n|-damage|p2a: Dragapult|0 fnt\n|faint|p2a: Dragapult\n|\n|win|jzhuc1841\n|l|\u2606vvvn\n","uploadtime":1700566012,"views":5,"p1id":"jzhuc1841","p2id":"vvvn","formatid":"gen9ou","rating":0,"private":0,"password":""}