{"id":"gen9ou-1993360108","p1":"RSstar","p2":"CoffeeBeanz2","format":"[Gen 9] OU","log":"|j|\u2606RSstar\n|j|\u2606CoffeeBeanz2\n|t:|1700305733\n|gametype|singles\n|player|p1|RSstar|drayden|\n|player|p2|CoffeeBeanz2|lysandre|\n|teamsize|p1|6\n|teamsize|p2|6\n|gen|9\n|tier|[Gen 9] OU\n|rule|Sleep Clause Mod: Limit one foe put to sleep\n|rule|Species Clause: Limit one of each Pok\u00e9mon\n|rule|OHKO Clause: OHKO moves are banned\n|rule|Evasion Items Clause: Evasion items are banned\n|rule|Evasion Moves Clause: Evasion moves are banned\n|rule|Endless Battle Clause: Forcing endless battles is banned\n|rule|HP Percentage Mod: HP is shown in percentages\n|clearpoke\n|poke|p1|Rotom-Heat|\n|poke|p1|Ogerpon-Wellspring, F|\n|poke|p1|Ribombee, F|\n|poke|p1|Ursaluna, M|\n|poke|p1|Corviknight, F|\n|poke|p1|Gengar, F|\n|poke|p2|Lycanroc-Dusk, F|\n|poke|p2|Flamigo, F|\n|poke|p2|Mudsdale, F|\n|poke|p2|Tsareena, F|\n|poke|p2|Milotic, M|\n|poke|p2|Chandelure, F|\n|teampreview\n|c|\u2606CoffeeBeanz2|ruh roh\n|\n|t:|1700305773\n|start\n|switch|p1a: G.O.N.E|Gengar, F|100\/100\n|switch|p2a: Chandelure|Chandelure, F|100\/100\n|turn|1\n|\n|t:|1700305790\n|-terastallize|p1a: G.O.N.E|Normal\n|move|p2a: Chandelure|Shadow Ball|p1a: G.O.N.E\n|-immune|p1a: G.O.N.E\n|move|p1a: G.O.N.E|Dark Pulse|p2a: Chandelure\n|-supereffective|p2a: Chandelure\n|-damage|p2a: Chandelure|0 fnt\n|faint|p2a: Chandelure\n|-damage|p1a: G.O.N.E|91\/100|[from] item: Life Orb\n|\n|upkeep\n|c|\u2606CoffeeBeanz2|hey thats cheap\n|\n|t:|1700305804\n|switch|p2a: Flamigo|Flamigo, F|100\/100\n|turn|2\n|\n|t:|1700305810\n|move|p2a: Flamigo|Brave Bird|p1a: G.O.N.E\n|-damage|p1a: G.O.N.E|0 fnt\n|faint|p1a: G.O.N.E\n|-damage|p2a: Flamigo|75\/100|[from] Recoil\n|\n|upkeep\n|\n|t:|1700305818\n|switch|p1a: Ribombee|Ribombee, F|100\/100\n|turn|3\n|\n|t:|1700305822\n|move|p2a: Flamigo|Brave Bird|p1a: Ribombee\n|-supereffective|p1a: Ribombee\n|-enditem|p1a: Ribombee|Focus Sash\n|-damage|p1a: Ribombee|1\/100\n|-damage|p2a: Flamigo|47\/100|[from] Recoil\n|move|p1a: Ribombee|Sticky Web|p2a: Flamigo\n|-sidestart|p2: CoffeeBeanz2|move: Sticky Web\n|\n|upkeep\n|turn|4\n|\n|t:|1700305835\n|switch|p1a: Corviknight|Corviknight, F|100\/100\n|move|p2a: Flamigo|Brave Bird|p1a: Corviknight\n|-resisted|p1a: Corviknight\n|-damage|p1a: Corviknight|80\/100\n|-damage|p2a: Flamigo|30\/100|[from] item: Rocky Helmet|[of] p1a: Corviknight\n|-damage|p2a: Flamigo|21\/100|[from] Recoil\n|\n|upkeep\n|turn|5\n|\n|t:|1700305851\n|move|p2a: Flamigo|Brave Bird|p1a: Corviknight\n|-resisted|p1a: Corviknight\n|-damage|p1a: Corviknight|60\/100\n|-damage|p2a: Flamigo|5\/100|[from] item: Rocky Helmet|[of] p1a: Corviknight\n|-damage|p2a: Flamigo|0 fnt|[from] Recoil\n|faint|p2a: Flamigo\n|move|p1a: Corviknight|Iron Defense|p1a: Corviknight\n|-boost|p1a: Corviknight|def|2\n|\n|upkeep\n|\n|t:|1700305860\n|switch|p2a: Tsareena|Tsareena, F|100\/100\n|turn|6\n|\n|t:|1700305864\n|move|p2a: Tsareena|Rapid Spin|p1a: Corviknight\n|-resisted|p1a: Corviknight\n|-damage|p1a: Corviknight|57\/100\n|-boost|p2a: Tsareena|spe|1\n|-damage|p2a: Tsareena|84\/100|[from] item: Rocky Helmet|[of] p1a: Corviknight\n|-sideend|p2: CoffeeBeanz2|Sticky Web|[from] move: Rapid Spin|[of] p2a: Tsareena\n|move|p1a: Corviknight|Iron Defense|p1a: Corviknight\n|-boost|p1a: Corviknight|def|2\n|\n|upkeep\n|turn|7\n|\n|t:|1700305875\n|move|p2a: Tsareena|U-turn|p1a: Corviknight\n|-resisted|p1a: Corviknight\n|-damage|p1a: Corviknight|56\/100\n|-damage|p2a: Tsareena|68\/100|[from] item: Rocky Helmet|[of] p1a: Corviknight\n|\n|t:|1700305878\n|switch|p2a: Mudsdale|Mudsdale, F|100\/100|[from] U-turn\n|move|p1a: Corviknight|Roost|p1a: Corviknight\n|-heal|p1a: Corviknight|100\/100\n|-singleturn|p1a: Corviknight|move: Roost\n|\n|upkeep\n|turn|8\n|\n|t:|1700305888\n|move|p1a: Corviknight|Body Press|p2a: Mudsdale\n|-damage|p2a: Mudsdale|61\/100\n|-ability|p2a: Mudsdale|Stamina|boost\n|-boost|p2a: Mudsdale|def|1\n|move|p2a: Mudsdale|Roar|p1a: Corviknight\n|drag|p1a: Rotom|Rotom-Heat|100\/100\n|\n|-heal|p2a: Mudsdale|67\/100|[from] item: Leftovers\n|upkeep\n|turn|9\n|\n|t:|1700305902\n|move|p1a: Rotom|Overheat|p2a: Mudsdale|[miss]\n|-miss|p1a: Rotom|p2a: Mudsdale\n|move|p2a: Mudsdale|Stealth Rock|p1a: Rotom\n|-sidestart|p1: RSstar|move: Stealth Rock\n|\n|-heal|p2a: Mudsdale|73\/100|[from] item: Leftovers\n|upkeep\n|turn|10\n|c|\u2606RSstar|Bruh\n|\n|t:|1700305912\n|-terastallize|p2a: Mudsdale|Water\n|move|p1a: Rotom|Overheat|p2a: Mudsdale\n|-resisted|p2a: Mudsdale\n|-damage|p2a: Mudsdale|42\/100\n|-unboost|p1a: Rotom|spa|2\n|-ability|p2a: Mudsdale|Stamina|boost\n|-boost|p2a: Mudsdale|def|1\n|move|p2a: Mudsdale|Body Press|p1a: Rotom\n|-damage|p1a: Rotom|34\/100\n|\n|-heal|p2a: Mudsdale|48\/100|[from] item: Leftovers\n|upkeep\n|turn|11\n|c|\u2606CoffeeBeanz2|ez pz\n|\n|t:|1700305927\n|switch|p1a: Corviknight|Corviknight, F|100\/100\n|-damage|p1a: Corviknight|88\/100|[from] Stealth Rock\n|move|p2a: Mudsdale|Body Press|p1a: Corviknight\n|-damage|p1a: Corviknight|52\/100\n|-damage|p2a: Mudsdale|31\/100|[from] item: Rocky Helmet|[of] p1a: Corviknight\n|\n|-heal|p2a: Mudsdale|38\/100|[from] item: Leftovers\n|upkeep\n|turn|12\n|\n|t:|1700305941\n|move|p1a: Corviknight|Defog|p2a: Mudsdale\n|-unboost|p2a: Mudsdale|evasion|1\n|-sideend|p1: RSstar|Stealth Rock|[from] move: Defog|[of] p1a: Corviknight\n|move|p2a: Mudsdale|Roar|p1a: Corviknight\n|drag|p1a: Ogerpon|Ogerpon-Wellspring, F|100\/100\n|\n|-heal|p2a: Mudsdale|44\/100|[from] item: Leftovers\n|upkeep\n|turn|13\n|\n|t:|1700305955\n|switch|p1a: Corviknight|Corviknight, F|52\/100\n|move|p2a: Mudsdale|Body Press|p1a: Corviknight\n|-damage|p1a: Corviknight|15\/100\n|-damage|p2a: Mudsdale|27\/100|[from] item: Rocky Helmet|[of] p1a: Corviknight\n|\n|-heal|p2a: Mudsdale|33\/100|[from] item: Leftovers\n|upkeep\n|turn|14\n|\n|t:|1700305967\n|move|p1a: Corviknight|Roost|p1a: Corviknight\n|-heal|p1a: Corviknight|65\/100\n|-singleturn|p1a: Corviknight|move: Roost\n|move|p2a: Mudsdale|Stealth Rock|p1a: Corviknight\n|-sidestart|p1: RSstar|move: Stealth Rock\n|\n|-heal|p2a: Mudsdale|40\/100|[from] item: Leftovers\n|upkeep\n|turn|15\n|\n|t:|1700305977\n|move|p1a: Corviknight|Defog|p2a: Mudsdale\n|-unboost|p2a: Mudsdale|evasion|1\n|-sideend|p1: RSstar|Stealth Rock|[from] move: Defog|[of] p1a: Corviknight\n|move|p2a: Mudsdale|Roar|p1a: Corviknight\n|drag|p1a: Ursaluna|Ursaluna, M|100\/100\n|\n|-heal|p2a: Mudsdale|46\/100|[from] item: Leftovers\n|-status|p1a: Ursaluna|brn|[from] item: Flame Orb\n|upkeep\n|turn|16\n|\n|t:|1700305990\n|move|p1a: Ursaluna|Facade|p2a: Mudsdale\n|-damage|p2a: Mudsdale|4\/100\n|-ability|p2a: Mudsdale|Stamina|boost\n|-boost|p2a: Mudsdale|def|1\n|move|p2a: Mudsdale|Body Press|p1a: Ursaluna\n|-supereffective|p1a: Ursaluna\n|-damage|p1a: Ursaluna|6\/100 brn\n|\n|-heal|p2a: Mudsdale|10\/100|[from] item: Leftovers\n|-damage|p1a: Ursaluna|0 fnt|[from] brn\n|faint|p1a: Ursaluna\n|upkeep\n|\n|t:|1700306003\n|switch|p1a: Ogerpon|Ogerpon-Wellspring, F|100\/100\n|turn|17\n|\n|t:|1700306010\n|move|p1a: Ogerpon|Horn Leech|p2a: Mudsdale\n|-supereffective|p2a: Mudsdale\n|-damage|p2a: Mudsdale|0 fnt\n|faint|p2a: Mudsdale\n|\n|upkeep\n|\n|t:|1700306015\n|switch|p2a: Lycanroc|Lycanroc-Dusk, F|100\/100\n|turn|18\n|\n|t:|1700306021\n|move|p2a: Lycanroc|Close Combat|p1a: Ogerpon\n|-damage|p1a: Ogerpon|7\/100\n|-unboost|p2a: Lycanroc|def|1\n|-unboost|p2a: Lycanroc|spd|1\n|move|p1a: Ogerpon|Ivy Cudgel|p2a: Lycanroc|[anim] Ivy Cudgel Water\n|-supereffective|p2a: Lycanroc\n|-crit|p2a: Lycanroc\n|-damage|p2a: Lycanroc|0 fnt\n|faint|p2a: Lycanroc\n|\n|upkeep\n|\n|t:|1700306025\n|switch|p2a: Tsareena|Tsareena, F|68\/100\n|turn|19\n|\n|t:|1700306039\n|move|p1a: Ogerpon|Horn Leech|p2a: Tsareena\n|-resisted|p2a: Tsareena\n|-damage|p2a: Tsareena|45\/100\n|-heal|p1a: Ogerpon|20\/100|[from] drain|[of] p2a: Tsareena\n|move|p2a: Tsareena|Rapid Spin|p1a: Ogerpon\n|-damage|p1a: Ogerpon|1\/100\n|-boost|p2a: Tsareena|spe|1\n|\n|upkeep\n|turn|20\n|\n|t:|1700306048\n|move|p1a: Ogerpon|Ivy Cudgel|p2a: Tsareena|[anim] Ivy Cudgel Water\n|-resisted|p2a: Tsareena\n|-damage|p2a: Tsareena|18\/100\n|move|p2a: Tsareena|Synthesis|p2a: Tsareena\n|-heal|p2a: Tsareena|68\/100\n|\n|upkeep\n|turn|21\n|\n|t:|1700306059\n|move|p1a: Ogerpon|Swords Dance|p1a: Ogerpon\n|-boost|p1a: Ogerpon|atk|2\n|move|p2a: Tsareena|Synthesis|p2a: Tsareena\n|-heal|p2a: Tsareena|100\/100\n|\n|upkeep\n|turn|22\n|\n|t:|1700306067\n|move|p1a: Ogerpon|Horn Leech|p2a: Tsareena\n|-resisted|p2a: Tsareena\n|-crit|p2a: Tsareena\n|-damage|p2a: Tsareena|42\/100\n|-heal|p1a: Ogerpon|35\/100|[from] drain|[of] p2a: Tsareena\n|move|p2a: Tsareena|Rapid Spin|p1a: Ogerpon\n|-damage|p1a: Ogerpon|15\/100\n|-boost|p2a: Tsareena|spe|1\n|\n|upkeep\n|turn|23\n|\n|t:|1700306076\n|move|p2a: Tsareena|Rapid Spin|p1a: Ogerpon\n|-damage|p1a: Ogerpon|0 fnt\n|-boost|p2a: Tsareena|spe|1\n|faint|p1a: Ogerpon\n|\n|upkeep\n|\n|t:|1700306082\n|switch|p1a: Corviknight|Corviknight, F|65\/100\n|turn|24\n|\n|t:|1700306091\n|switch|p2a: Milotic|Milotic, M|100\/100\n|move|p1a: Corviknight|Iron Defense|p1a: Corviknight\n|-boost|p1a: Corviknight|def|2\n|\n|upkeep\n|turn|25\n|\n|t:|1700306105\n|move|p2a: Milotic|Scald|p1a: Corviknight\n|-damage|p1a: Corviknight|45\/100\n|move|p1a: Corviknight|Iron Defense|p1a: Corviknight\n|-boost|p1a: Corviknight|def|2\n|\n|upkeep\n|turn|26\n|\n|t:|1700306118\n|move|p2a: Milotic|Haze|p2a: Milotic\n|-clearallboost\n|move|p1a: Corviknight|Body Press|p2a: Milotic\n|-damage|p2a: Milotic|77\/100\n|\n|-heal|p2a: Milotic|83\/100|[from] item: Leftovers\n|upkeep\n|turn|27\n|\n|t:|1700306129\n|move|p2a: Milotic|Scald|p1a: Corviknight\n|-damage|p1a: Corviknight|26\/100\n|move|p1a: Corviknight|Body Press|p2a: Milotic\n|-damage|p2a: Milotic|61\/100\n|\n|-heal|p2a: Milotic|67\/100|[from] item: Leftovers\n|upkeep\n|turn|28\n|\n|t:|1700306139\n|move|p2a: Milotic|Scald|p1a: Corviknight\n|-damage|p1a: Corviknight|5\/100\n|move|p1a: Corviknight|Roost|p1a: Corviknight\n|-heal|p1a: Corviknight|55\/100\n|-singleturn|p1a: Corviknight|move: Roost\n|\n|-heal|p2a: Milotic|73\/100|[from] item: Leftovers\n|upkeep\n|turn|29\n|\n|t:|1700306154\n|switch|p1a: Ribombee|Ribombee, F|1\/100\n|move|p2a: Milotic|Scald|p1a: Ribombee\n|-damage|p1a: Ribombee|0 fnt\n|faint|p1a: Ribombee\n|\n|-heal|p2a: Milotic|79\/100|[from] item: Leftovers\n|upkeep\n|\n|t:|1700306164\n|switch|p1a: Rotom|Rotom-Heat|34\/100\n|turn|30\n|\n|t:|1700306172\n|switch|p2a: Tsareena|Tsareena, F|42\/100\n|move|p1a: Rotom|Volt Switch|p2a: Tsareena\n|-resisted|p2a: Tsareena\n|-damage|p2a: Tsareena|28\/100\n|\n|t:|1700306178\n|switch|p1a: Corviknight|Corviknight, F|55\/100|[from] Volt Switch\n|\n|upkeep\n|turn|31\n|\n|t:|1700306187\n|move|p2a: Tsareena|U-turn|p1a: Corviknight\n|-resisted|p1a: Corviknight\n|-damage|p1a: Corviknight|52\/100\n|-damage|p2a: Tsareena|11\/100|[from] item: Rocky Helmet|[of] p1a: Corviknight\n|\n|t:|1700306190\n|switch|p2a: Milotic|Milotic, M|79\/100|[from] U-turn\n|move|p1a: Corviknight|Iron Defense|p1a: Corviknight\n|-boost|p1a: Corviknight|def|2\n|\n|-heal|p2a: Milotic|86\/100|[from] item: Leftovers\n|upkeep\n|turn|32\n|\n|t:|1700306203\n|move|p2a: Milotic|Scald|p1a: Corviknight\n|-damage|p1a: Corviknight|33\/100\n|move|p1a: Corviknight|Body Press|p2a: Milotic\n|-damage|p2a: Milotic|41\/100\n|\n|-heal|p2a: Milotic|47\/100|[from] item: Leftovers\n|upkeep\n|turn|33\n|\n|t:|1700306215\n|move|p2a: Milotic|Haze|p2a: Milotic\n|-clearallboost\n|move|p1a: Corviknight|Body Press|p2a: Milotic\n|-damage|p2a: Milotic|25\/100\n|\n|-heal|p2a: Milotic|31\/100|[from] item: Leftovers\n|upkeep\n|turn|34\n|\n|t:|1700306224\n|move|p2a: Milotic|Recover|p2a: Milotic\n|-heal|p2a: Milotic|81\/100\n|move|p1a: Corviknight|Roost|p1a: Corviknight\n|-heal|p1a: Corviknight|83\/100\n|-singleturn|p1a: Corviknight|move: Roost\n|\n|-heal|p2a: Milotic|87\/100|[from] item: Leftovers\n|upkeep\n|turn|35\n|\n|t:|1700306239\n|move|p2a: Milotic|Scald|p1a: Corviknight\n|-damage|p1a: Corviknight|61\/100\n|move|p1a: Corviknight|Iron Defense|p1a: Corviknight\n|-boost|p1a: Corviknight|def|2\n|\n|-heal|p2a: Milotic|93\/100|[from] item: Leftovers\n|upkeep\n|turn|36\n|\n|t:|1700306257\n|switch|p1a: Rotom|Rotom-Heat|34\/100\n|move|p2a: Milotic|Scald|p1a: Rotom\n|-supereffective|p1a: Rotom\n|-damage|p1a: Rotom|0 fnt\n|faint|p1a: Rotom\n|\n|-heal|p2a: Milotic|99\/100|[from] item: Leftovers\n|upkeep\n|c|\u2606CoffeeBeanz2|yo?!??!\n|c|\u2606CoffeeBeanz2|can the RU fellahs do it\n|\n|t:|1700306268\n|switch|p1a: Corviknight|Corviknight, F|61\/100\n|turn|37\n|\n|t:|1700306283\n|move|p2a: Milotic|Scald|p1a: Corviknight\n|-damage|p1a: Corviknight|39\/100\n|move|p1a: Corviknight|Iron Defense|p1a: Corviknight\n|-boost|p1a: Corviknight|def|2\n|\n|-heal|p2a: Milotic|100\/100|[from] item: Leftovers\n|upkeep\n|turn|38\n|c|\u2606RSstar|Why tf aren't you burning me\n|\n|t:|1700306307\n|move|p2a: Milotic|Scald|p1a: Corviknight\n|-crit|p1a: Corviknight\n|-damage|p1a: Corviknight|9\/100\n|-status|p1a: Corviknight|brn\n|move|p1a: Corviknight|Roost|p1a: Corviknight\n|-heal|p1a: Corviknight|59\/100 brn\n|-singleturn|p1a: Corviknight|move: Roost\n|\n|-damage|p1a: Corviknight|53\/100 brn|[from] brn\n|upkeep\n|turn|39\n|c|\u2606CoffeeBeanz2|dont want to\n|c|\u2606CoffeeBeanz2|nvm\n|c|\u2606RSstar|Smh\n|\n|t:|1700306320\n|move|p2a: Milotic|Haze|p2a: Milotic\n|-clearallboost\n|move|p1a: Corviknight|Body Press|p2a: Milotic\n|-damage|p2a: Milotic|89\/100\n|\n|-heal|p2a: Milotic|95\/100|[from] item: Leftovers\n|-damage|p1a: Corviknight|46\/100 brn|[from] brn\n|upkeep\n|turn|40\n|c|\u2606CoffeeBeanz2|gg\n|\n|t:|1700306331\n|move|p2a: Milotic|Scald|p1a: Corviknight\n|-damage|p1a: Corviknight|27\/100 brn\n|move|p1a: Corviknight|Body Press|p2a: Milotic\n|-damage|p2a: Milotic|83\/100\n|\n|-heal|p2a: Milotic|89\/100|[from] item: Leftovers\n|-damage|p1a: Corviknight|20\/100 brn|[from] brn\n|upkeep\n|turn|41\n|\n|t:|1700306343\n|move|p2a: Milotic|Scald|p1a: Corviknight\n|-damage|p1a: Corviknight|0 fnt\n|faint|p1a: Corviknight\n|\n|win|CoffeeBeanz2\n|c|\u2606RSstar|Gg\n","uploadtime":1700306350,"views":12,"p1id":"rsstar","p2id":"coffeebeanz2","formatid":"gen9ou","rating":0,"private":0,"password":""}