{"id":"gen9ou-1989086950","p1":"JojoOui","p2":"Mimilucha","format":"[Gen 9] OU","log":"|j|\u2606JojoOui\n|j|\u2606Mimilucha\n|t:|1699810725\n|gametype|singles\n|player|p1|JojoOui|pokemonbreederf-gen4|\n|player|p2|Mimilucha|#coupcritique|\n|teamsize|p1|6\n|teamsize|p2|6\n|gen|9\n|tier|[Gen 9] OU\n|rated|Tournament battle\n|rule|Sleep Clause Mod: Limit one foe put to sleep\n|rule|Species Clause: Limit one of each Pok\u00e9mon\n|rule|OHKO Clause: OHKO moves are banned\n|rule|Evasion Items Clause: Evasion items are banned\n|rule|Evasion Moves Clause: Evasion moves are banned\n|rule|Endless Battle Clause: Forcing endless battles is banned\n|rule|HP Percentage Mod: HP is shown in percentages\n|clearpoke\n|poke|p1|Amoonguss, F|\n|poke|p1|Heatran, F|\n|poke|p1|Mandibuzz, F|\n|poke|p1|Dragapult, F|\n|poke|p1|Great Tusk|\n|poke|p1|Clefable, M|\n|poke|p2|Ogerpon-Wellspring, F|\n|poke|p2|Gholdengo|\n|poke|p2|Ribombee, F|\n|poke|p2|Great Tusk|\n|poke|p2|Iron Moth|\n|poke|p2|Kingambit, F|\n|teampreview\n|inactive|Battle timer is ON: inactive players will automatically lose when time's up. (requested by Mimilucha)\n|inactive|JojoOui has 120 seconds left.\n|c|\u2606JojoOui|hf\n|j| Oreotrague\u2605\u273f\n|\n|t:|1699810766\n|start\n|switch|p1a: Heatran|Heatran, F|100\/100\n|switch|p2a: Ribombee|Ribombee, F|100\/100\n|turn|1\n|c|\u2606Mimilucha|hf\n|\n|t:|1699810770\n|move|p2a: Ribombee|Skill Swap|p1a: Heatran\n|-activate|p2a: Ribombee|move: Skill Swap|Flash Fire|Shield Dust|[of] p1a: Heatran\n|move|p1a: Heatran|Magma Storm|p2a: Ribombee\n|-start|p2a: Ribombee|ability: Flash Fire\n|\n|upkeep\n|turn|2\n|\n|t:|1699810777\n|move|p2a: Ribombee|Sticky Web|p1a: Heatran\n|-sidestart|p1: JojoOui|move: Sticky Web\n|move|p1a: Heatran|Earth Power|p2a: Ribombee\n|-resisted|p2a: Ribombee\n|-damage|p2a: Ribombee|76\/100\n|\n|upkeep\n|turn|3\n|l| Oreotrague\u2605\u273f\n|\n|t:|1699810786\n|-end|p2a: Ribombee|ability: Flash Fire|[silent]\n|switch|p2a: Ogerpon|Ogerpon-Wellspring, F|100\/100\n|switch|p1a: Amoonguss|Amoonguss, F|100\/100\n|\n|upkeep\n|turn|4\n|\n|t:|1699810794\n|switch|p2a: Gholdengo|Gholdengo|100\/100\n|-item|p2a: Gholdengo|Air Balloon\n|move|p1a: Amoonguss|Sludge Bomb|p2a: Gholdengo\n|-immune|p2a: Gholdengo\n|\n|upkeep\n|turn|5\n|\n|t:|1699810801\n|switch|p1a: Heatran|Heatran, F|100\/100\n|-activate|p1a: Heatran|move: Sticky Web\n|-unboost|p1a: Heatran|spe|1\n|move|p2a: Gholdengo|Nasty Plot|p2a: Gholdengo\n|-boost|p2a: Gholdengo|spa|2\n|\n|upkeep\n|turn|6\n|j| Oreotrague\u2605\u273f\n|\n|t:|1699810805\n|move|p1a: Heatran|Protect|p1a: Heatran\n|-singleturn|p1a: Heatran|Protect\n|move|p2a: Gholdengo|Focus Blast|p1a: Heatran\n|-activate|p1a: Heatran|move: Protect\n|\n|upkeep\n|turn|7\n|inactive|JojoOui has 120 seconds left.\n|\n|t:|1699810837\n|switch|p1a: Dragapult|Dragapult, F|100\/100\n|move|p2a: Gholdengo|Focus Blast|p1a: Dragapult\n|-immune|p1a: Dragapult\n|\n|upkeep\n|turn|8\n|inactive|JojoOui has 120 seconds left.\n|inactive|Mimilucha has 120 seconds left.\n|inactive|JojoOui has 90 seconds left.\n|\n|t:|1699810889\n|switch|p2a: Ribombee|Ribombee, F|76\/100\n|move|p1a: Dragapult|U-turn|p2a: Ribombee\n|-resisted|p2a: Ribombee\n|-crit|p2a: Ribombee\n|-damage|p2a: Ribombee|51\/100\n|inactive|JojoOui has 90 seconds left.\n|\n|t:|1699810897\n|switch|p1a: Amoonguss|Amoonguss, F|100\/100|[from] U-turn\n|\n|upkeep\n|turn|9\n|inactive|JojoOui has 90 seconds left.\n|inactive|Mimilucha has 120 seconds left.\n|\n|t:|1699810917\n|move|p2a: Ribombee|Moonblast|p1a: Amoonguss\n|-resisted|p1a: Amoonguss\n|-damage|p1a: Amoonguss|88\/100\n|move|p1a: Amoonguss|Foul Play|p2a: Ribombee\n|-resisted|p2a: Ribombee\n|-damage|p2a: Ribombee|42\/100\n|\n|upkeep\n|turn|10\n|\n|t:|1699810922\n|move|p2a: Ribombee|Skill Swap|p1a: Amoonguss\n|-activate|p2a: Ribombee|move: Skill Swap|Regenerator|Shield Dust|[of] p1a: Amoonguss\n|move|p1a: Amoonguss|Foul Play|p2a: Ribombee\n|-resisted|p2a: Ribombee\n|-crit|p2a: Ribombee\n|-damage|p2a: Ribombee|29\/100\n|\n|upkeep\n|turn|11\n|\n|t:|1699810927\n|move|p2a: Ribombee|Moonblast|p1a: Amoonguss\n|-resisted|p1a: Amoonguss\n|-damage|p1a: Amoonguss|76\/100\n|move|p1a: Amoonguss|Sludge Bomb|p2a: Ribombee\n|-supereffective|p2a: Ribombee\n|-damage|p2a: Ribombee|0 fnt\n|faint|p2a: Ribombee\n|\n|upkeep\n|\n|t:|1699810930\n|switch|p2a: Iron Moth|Iron Moth|100\/100\n|-enditem|p2a: Iron Moth|Booster Energy\n|-activate|p2a: Iron Moth|ability: Quark Drive|[fromitem]\n|-start|p2a: Iron Moth|quarkdrivespe\n|turn|12\n|inactive|JojoOui has 120 seconds left.\n|\n|t:|1699810937\n|switch|p1a: Heatran|Heatran, F|100\/100\n|-activate|p1a: Heatran|move: Sticky Web\n|-unboost|p1a: Heatran|spe|1\n|move|p2a: Iron Moth|Substitute|p2a: Iron Moth\n|-start|p2a: Iron Moth|Substitute\n|-damage|p2a: Iron Moth|76\/100\n|\n|upkeep\n|turn|13\n|\n|t:|1699810941\n|-terastallize|p2a: Iron Moth|Water\n|move|p1a: Heatran|Protect|p1a: Heatran\n|-singleturn|p1a: Heatran|Protect\n|move|p2a: Iron Moth|Tera Blast|p1a: Heatran|[anim] Tera Blast Water\n|-activate|p1a: Heatran|move: Protect\n|\n|upkeep\n|turn|14\n|inactive|JojoOui has 120 seconds left.\n|\n|t:|1699810963\n|switch|p1a: Amoonguss|Amoonguss, F|76\/100\n|move|p2a: Iron Moth|Tera Blast|p1a: Amoonguss|[anim] Tera Blast Water\n|-resisted|p1a: Amoonguss\n|-damage|p1a: Amoonguss|62\/100\n|\n|upkeep\n|turn|15\n|\n|t:|1699810981\n|-terastallize|p1a: Amoonguss|Water\n|move|p2a: Iron Moth|Fiery Dance|p1a: Amoonguss\n|-resisted|p1a: Amoonguss\n|-damage|p1a: Amoonguss|49\/100\n|-boost|p2a: Iron Moth|spa|1\n|move|p1a: Amoonguss|Giga Drain|p2a: Iron Moth\n|-supereffective|p2a: Iron Moth\n|-end|p2a: Iron Moth|Substitute\n|-heal|p1a: Amoonguss|58\/100|[from] drain|[of] p2a: Iron Moth\n|\n|upkeep\n|turn|16\n|\n|t:|1699810989\n|move|p2a: Iron Moth|Substitute|p2a: Iron Moth\n|-start|p2a: Iron Moth|Substitute\n|-damage|p2a: Iron Moth|51\/100\n|move|p1a: Amoonguss|Giga Drain|p2a: Iron Moth\n|-supereffective|p2a: Iron Moth\n|-end|p2a: Iron Moth|Substitute\n|-heal|p1a: Amoonguss|68\/100|[from] drain|[of] p2a: Iron Moth\n|\n|upkeep\n|turn|17\n|\n|t:|1699810992\n|move|p2a: Iron Moth|Sludge Wave|p1a: Amoonguss\n|-damage|p1a: Amoonguss|24\/100\n|move|p1a: Amoonguss|Giga Drain|p2a: Iron Moth\n|-supereffective|p2a: Iron Moth\n|-damage|p2a: Iron Moth|9\/100\n|-heal|p1a: Amoonguss|40\/100|[from] drain|[of] p2a: Iron Moth\n|\n|upkeep\n|turn|18\n|\n|t:|1699810995\n|move|p2a: Iron Moth|Sludge Wave|p1a: Amoonguss\n|-damage|p1a: Amoonguss|0 fnt\n|faint|p1a: Amoonguss\n|\n|upkeep\n|\n|t:|1699811008\n|switch|p1a: Dragapult|Dragapult, F|100\/100\n|turn|19\n|\n|t:|1699811011\n|move|p2a: Iron Moth|Sludge Wave|p1a: Dragapult\n|-resisted|p1a: Dragapult\n|-damage|p1a: Dragapult|48\/100\n|move|p1a: Dragapult|U-turn|p2a: Iron Moth\n|-damage|p2a: Iron Moth|0 fnt\n|faint|p2a: Iron Moth\n|-end|p2a: Iron Moth|Quark Drive|[silent]\n|\n|t:|1699811019\n|switch|p1a: Heatran|Heatran, F|100\/100|[from] U-turn\n|-activate|p1a: Heatran|move: Sticky Web\n|-unboost|p1a: Heatran|spe|1\n|\n|upkeep\n|\n|t:|1699811022\n|switch|p2a: Ogerpon|Ogerpon-Wellspring, F|100\/100\n|turn|20\n|\n|t:|1699811028\n|switch|p1a: Mandibuzz|Mandibuzz, F|100\/100\n|move|p2a: Ogerpon|Substitute|p2a: Ogerpon\n|-start|p2a: Ogerpon|Substitute\n|-damage|p2a: Ogerpon|76\/100\n|\n|upkeep\n|turn|21\n|\n|t:|1699811035\n|move|p2a: Ogerpon|Ivy Cudgel|p1a: Mandibuzz\n|-damage|p1a: Mandibuzz|66\/100\n|move|p1a: Mandibuzz|Foul Play|p2a: Ogerpon\n|-end|p2a: Ogerpon|Substitute\n|\n|upkeep\n|turn|22\n|\n|t:|1699811046\n|switch|p2a: Gholdengo|Gholdengo|100\/100\n|-item|p2a: Gholdengo|Air Balloon\n|move|p1a: Mandibuzz|Roost|p1a: Mandibuzz\n|-heal|p1a: Mandibuzz|100\/100\n|-singleturn|p1a: Mandibuzz|move: Roost\n|\n|upkeep\n|turn|23\n|\n|t:|1699811056\n|move|p2a: Gholdengo|Nasty Plot|p2a: Gholdengo\n|-boost|p2a: Gholdengo|spa|2\n|move|p1a: Mandibuzz|Foul Play|p2a: Gholdengo\n|-supereffective|p2a: Gholdengo\n|-damage|p2a: Gholdengo|66\/100\n|-enditem|p2a: Gholdengo|Air Balloon\n|\n|upkeep\n|turn|24\n|\n|t:|1699811071\n|switch|p1a: Heatran|Heatran, F|100\/100\n|-activate|p1a: Heatran|move: Sticky Web\n|-unboost|p1a: Heatran|spe|1\n|move|p2a: Gholdengo|Make It Rain|p1a: Heatran\n|-resisted|p1a: Heatran\n|-damage|p1a: Heatran|81\/100\n|-unboost|p2a: Gholdengo|spa|1\n|\n|-heal|p1a: Heatran|87\/100|[from] item: Leftovers\n|upkeep\n|turn|25\n|\n|t:|1699811077\n|move|p2a: Gholdengo|Focus Blast|p1a: Heatran|[miss]\n|-miss|p2a: Gholdengo|p1a: Heatran\n|move|p1a: Heatran|Magma Storm|p2a: Gholdengo|[miss]\n|-miss|p1a: Heatran|p2a: Gholdengo\n|\n|-heal|p1a: Heatran|93\/100|[from] item: Leftovers\n|upkeep\n|turn|26\n|\n|t:|1699811081\n|move|p2a: Gholdengo|Focus Blast|p1a: Heatran\n|-supereffective|p1a: Heatran\n|-damage|p1a: Heatran|15\/100\n|move|p1a: Heatran|Magma Storm|p2a: Gholdengo|[miss]\n|-miss|p1a: Heatran|p2a: Gholdengo\n|\n|-heal|p1a: Heatran|21\/100|[from] item: Leftovers\n|upkeep\n|turn|27\n|\n|t:|1699811088\n|move|p1a: Heatran|Protect|p1a: Heatran\n|-singleturn|p1a: Heatran|Protect\n|move|p2a: Gholdengo|Focus Blast|p1a: Heatran\n|-activate|p1a: Heatran|move: Protect\n|\n|-heal|p1a: Heatran|28\/100|[from] item: Leftovers\n|upkeep\n|turn|28\n|\n|t:|1699811090\n|move|p2a: Gholdengo|Psyshock|p1a: Heatran\n|-resisted|p1a: Heatran\n|-damage|p1a: Heatran|10\/100\n|move|p1a: Heatran|Earth Power|p2a: Gholdengo\n|-supereffective|p2a: Gholdengo\n|-damage|p2a: Gholdengo|6\/100\n|\n|-heal|p1a: Heatran|16\/100|[from] item: Leftovers\n|upkeep\n|turn|29\n|\n|t:|1699811095\n|move|p2a: Gholdengo|Psyshock|p1a: Heatran\n|-resisted|p1a: Heatran\n|-damage|p1a: Heatran|0 fnt\n|faint|p1a: Heatran\n|\n|upkeep\n|\n|t:|1699811098\n|switch|p1a: Great Tusk|Great Tusk|100\/100\n|turn|30\n|\n|t:|1699811105\n|move|p1a: Great Tusk|Earthquake|p2a: Gholdengo\n|-supereffective|p2a: Gholdengo\n|-damage|p2a: Gholdengo|0 fnt\n|faint|p2a: Gholdengo\n|\n|upkeep\n|\n|t:|1699811109\n|switch|p2a: Ogerpon|Ogerpon-Wellspring, F|76\/100\n|turn|31\n|\n|t:|1699811116\n|-end|p1a: Great Tusk|Protosynthesis|[silent]\n|switch|p1a: Mandibuzz|Mandibuzz, F|100\/100\n|move|p2a: Ogerpon|Ivy Cudgel|p1a: Mandibuzz\n|-damage|p1a: Mandibuzz|66\/100\n|\n|upkeep\n|turn|32\n|\n|t:|1699811125\n|move|p2a: Ogerpon|Swords Dance|p2a: Ogerpon\n|-boost|p2a: Ogerpon|atk|2\n|move|p1a: Mandibuzz|Roost|p1a: Mandibuzz\n|-heal|p1a: Mandibuzz|100\/100\n|-singleturn|p1a: Mandibuzz|move: Roost\n|\n|upkeep\n|turn|33\n|\n|t:|1699811129\n|move|p2a: Ogerpon|Ivy Cudgel|p1a: Mandibuzz\n|-damage|p1a: Mandibuzz|37\/100\n|move|p1a: Mandibuzz|Foul Play|p2a: Ogerpon\n|-damage|p2a: Ogerpon|0 fnt\n|faint|p2a: Ogerpon\n|\n|upkeep\n|\n|t:|1699811137\n|switch|p2a: Great Tusk|Great Tusk|100\/100\n|-enditem|p2a: Great Tusk|Booster Energy\n|-activate|p2a: Great Tusk|ability: Protosynthesis|[fromitem]\n|-start|p2a: Great Tusk|protosynthesisspe\n|turn|34\n|\n|t:|1699811141\n|switch|p1a: Clefable|Clefable, M|100\/100\n|-activate|p1a: Clefable|move: Sticky Web\n|-unboost|p1a: Clefable|spe|1\n|move|p2a: Great Tusk|Bulk Up|p2a: Great Tusk\n|-boost|p2a: Great Tusk|atk|1\n|-boost|p2a: Great Tusk|def|1\n|\n|upkeep\n|turn|35\n|\n|t:|1699811146\n|move|p2a: Great Tusk|Earthquake|p1a: Clefable\n|-damage|p1a: Clefable|49\/100\n|move|p1a: Clefable|Moonblast|p2a: Great Tusk\n|-supereffective|p2a: Great Tusk\n|-crit|p2a: Great Tusk\n|-damage|p2a: Great Tusk|0 fnt\n|faint|p2a: Great Tusk\n|-end|p2a: Great Tusk|Protosynthesis|[silent]\n|\n|-heal|p1a: Clefable|55\/100|[from] item: Leftovers\n|upkeep\n|\n|t:|1699811150\n|switch|p2a: Kingambit|Kingambit, F|100\/100\n|-activate|p2a: Kingambit|ability: Supreme Overlord\n|-start|p2a: Kingambit|fallen5|[silent]\n|turn|36\n|\n|t:|1699811153\n|move|p2a: Kingambit|Swords Dance|p2a: Kingambit\n|-boost|p2a: Kingambit|atk|2\n|move|p1a: Clefable|Flamethrower|p2a: Kingambit\n|-supereffective|p2a: Kingambit\n|-damage|p2a: Kingambit|57\/100\n|\n|-heal|p1a: Clefable|61\/100|[from] item: Leftovers\n|upkeep\n|turn|37\n|\n|t:|1699811158\n|move|p2a: Kingambit|Iron Head|p1a: Clefable\n|-supereffective|p1a: Clefable\n|-damage|p1a: Clefable|0 fnt\n|faint|p1a: Clefable\n|\n|upkeep\n|\n|t:|1699811161\n|switch|p1a: Great Tusk|Great Tusk|100\/100\n|turn|38\n|\n|t:|1699811164\n|move|p2a: Kingambit|Sucker Punch|p1a: Great Tusk\n|-resisted|p1a: Great Tusk\n|-damage|p1a: Great Tusk|55\/100\n|move|p1a: Great Tusk|Earthquake|p2a: Kingambit\n|-supereffective|p2a: Kingambit\n|-damage|p2a: Kingambit|0 fnt\n|faint|p2a: Kingambit\n|-end|p2a: Kingambit|fallen5|[silent]\n|\n|win|JojoOui\n|n|\u2606JojoOui|jojooui\n|n|\u2606Mimilucha|mimilucha\n|n| Oreotrague\u2605\u273f|oreotrague\n|c|\u2606JojoOui|gg\n|c|\u2606Mimilucha|gg\n|l|\u2606Mimilucha\n","uploadtime":1699811175,"views":20,"p1id":"jojooui","p2id":"mimilucha","formatid":"gen9ou","rating":0,"private":0,"password":""}