{"id":"gen9ou-1997383007","p1":"ElFelikz","p2":"Thunderlord371","format":"[Gen 9] OU","log":"|j|\u203dElFelikz\n|j|\u2606Thunderlord371\n|t:|1700796968\n|gametype|singles\n|player|p1|ElFelikz|gambler|1151\n|player|p2|Thunderlord371|ingo|1088\n|teamsize|p1|6\n|teamsize|p2|6\n|gen|9\n|tier|[Gen 9] OU\n|rated|\n|rule|Sleep Clause Mod: Limit one foe put to sleep\n|rule|Species Clause: Limit one of each Pok\u00e9mon\n|rule|OHKO Clause: OHKO moves are banned\n|rule|Evasion Items Clause: Evasion items are banned\n|rule|Evasion Moves Clause: Evasion moves are banned\n|rule|Endless Battle Clause: Forcing endless battles is banned\n|rule|HP Percentage Mod: HP is shown in percentages\n|clearpoke\n|poke|p1|Great Tusk|\n|poke|p1|Rillaboom, M|\n|poke|p1|Heatran, F|\n|poke|p1|Manaphy|\n|poke|p1|Zapdos|\n|poke|p1|Samurott-Hisui, M|\n|poke|p2|Landorus-Therian, M|\n|poke|p2|Great Tusk|\n|poke|p2|Heatran, M|\n|poke|p2|Garchomp, F|\n|poke|p2|Iron Valiant|\n|poke|p2|Ogerpon-Wellspring, F|\n|teampreview\n|\n|t:|1700796982\n|start\n|switch|p1a: Manaphy|Manaphy|100\/100\n|switch|p2a: Bye Gliscor|Landorus-Therian, M|100\/100\n|-ability|p2a: Bye Gliscor|Intimidate|boost\n|-unboost|p1a: Manaphy|atk|1\n|turn|1\n|\n|t:|1700796990\n|-terastallize|p2a: Bye Gliscor|Grass\n|move|p1a: Manaphy|Tail Glow|p1a: Manaphy\n|-boost|p1a: Manaphy|spa|3\n|move|p2a: Bye Gliscor|Grass Knot|p1a: Manaphy\n|-supereffective|p1a: Manaphy\n|-damage|p1a: Manaphy|86\/100\n|\n|upkeep\n|turn|2\n|c|\u2606Thunderlord371|this is a bad idea\n|\n|t:|1700797002\n|move|p1a: Manaphy|Ice Beam|p2a: Bye Gliscor\n|-supereffective|p2a: Bye Gliscor\n|-damage|p2a: Bye Gliscor|0 fnt\n|faint|p2a: Bye Gliscor\n|\n|upkeep\n|\n|t:|1700797008\n|switch|p2a: Kill\/Them|Iron Valiant|100\/100\n|-enditem|p2a: Kill\/Them|Booster Energy\n|-activate|p2a: Kill\/Them|ability: Quark Drive|[fromitem]\n|-start|p2a: Kill\/Them|quarkdrivespe\n|turn|3\n|\n|t:|1700797012\n|move|p2a: Kill\/Them|Thunderbolt|p1a: Manaphy\n|-supereffective|p1a: Manaphy\n|-damage|p1a: Manaphy|24\/100\n|-enditem|p1a: Manaphy|Sitrus Berry|[eat]\n|-heal|p1a: Manaphy|49\/100|[from] item: Sitrus Berry\n|move|p1a: Manaphy|Surf|p2a: Kill\/Them\n|-damage|p2a: Kill\/Them|0 fnt\n|faint|p2a: Kill\/Them\n|-end|p2a: Kill\/Them|Quark Drive|[silent]\n|\n|upkeep\n|\n|t:|1700797019\n|switch|p2a: #Garchomp4OU|Garchomp, F|100\/100\n|turn|4\n|\n|t:|1700797021\n|move|p2a: #Garchomp4OU|Scale Shot|p1a: Manaphy\n|-damage|p1a: Manaphy|35\/100\n|-damage|p1a: Manaphy|23\/100\n|-damage|p1a: Manaphy|10\/100\n|-damage|p1a: Manaphy|0 fnt\n|faint|p1a: Manaphy\n|-hitcount|p1: Manaphy|4\n|-unboost|p2a: #Garchomp4OU|def|1\n|-boost|p2a: #Garchomp4OU|spe|1\n|\n|upkeep\n|c|\u2606Thunderlord371|JFC WHAT IS THAT THING\n|\n|t:|1700797038\n|switch|p1a: Rillaboom|Rillaboom, M|100\/100\n|-fieldstart|move: Grassy Terrain|[from] ability: Grassy Surge|[of] p1a: Rillaboom\n|turn|5\n|\n|t:|1700797054\n|switch|p2a: Holy shit|Heatran, M|100\/100\n|-terastallize|p1a: Rillaboom|Grass\n|move|p1a: Rillaboom|Grassy Glide|p2a: Holy shit\n|-resisted|p2a: Holy shit\n|-damage|p2a: Holy shit|81\/100\n|\n|-heal|p2a: Holy shit|87\/100|[from] Grassy Terrain\n|-heal|p2a: Holy shit|93\/100|[from] item: Leftovers\n|upkeep\n|turn|6\n|\n|t:|1700797061\n|switch|p1a: Heatran|Heatran, F|100\/100\n|move|p2a: Holy shit|Magma Storm|p1a: Heatran\n|-start|p1a: Heatran|ability: Flash Fire\n|\n|-heal|p2a: Holy shit|99\/100|[from] Grassy Terrain\n|-heal|p2a: Holy shit|100\/100|[from] item: Leftovers\n|upkeep\n|turn|7\n|\n|t:|1700797067\n|move|p1a: Heatran|Earth Power|p2a: Holy shit\n|-supereffective|p2a: Holy shit\n|-damage|p2a: Holy shit|0 fnt\n|faint|p2a: Holy shit\n|\n|upkeep\n|\n|t:|1700797070\n|switch|p2a: Manny|Great Tusk, shiny|100\/100\n|turn|8\n|\n|t:|1700797076\n|-end|p1a: Heatran|ability: Flash Fire|[silent]\n|switch|p1a: Zapdos|Zapdos|100\/100\n|move|p2a: Manny|Headlong Rush|p1a: Zapdos\n|-immune|p1a: Zapdos\n|\n|upkeep\n|turn|9\n|\n|t:|1700797082\n|move|p2a: Manny|Knock Off|p1a: Zapdos\n|-damage|p1a: Zapdos|76\/100\n|-enditem|p1a: Zapdos|Heavy-Duty Boots|[from] move: Knock Off|[of] p2a: Manny\n|move|p1a: Zapdos|Hurricane|p2a: Manny\n|-supereffective|p2a: Manny\n|-damage|p2a: Manny|0 fnt\n|faint|p2a: Manny\n|-end|p2a: Manny|Protosynthesis|[silent]\n|\n|-fieldend|move: Grassy Terrain\n|upkeep\n|c|\u2606Thunderlord371|*inhales*\n|c|\u2606Thunderlord371|\"Unfortunate\" doesn't begin to describe my series, this game rewards blind luck and nothing else, I am beyond convinced at this point. After getting completely tooled by scheduling with my opponent changing times on me last minute and refusing to provide confirmation prior to the day of the match as to play times, losing this way somehow felt even worse than I had thought possible. My preparation was superior, my play was superior, and I lost, so I don't see a reason to continue engaging in an activity where what is within my control is overwhelmingly outweighed by what is not.\n|-message|Thunderlord371 forfeited.\n|\n|win|ElFelikz\n|raw|ElFelikz's rating: 1151 &rarr; <strong>1173<\/strong><br \/>(+22 for winning)\n|raw|Thunderlord371's rating: 1108 &rarr; <strong>1086<\/strong><br \/>(-22 for losing)\n|l|\u2606Thunderlord371\n","uploadtime":1700797116,"views":4,"p1id":"elfelikz","p2id":"thunderlord371","formatid":"gen9ou","rating":1086,"private":0,"password":""}