{"id":"gen9ou-2000093041","p1":"Droid17","p2":"J. Guzman752","format":"[Gen 9] OU","log":"|j|\u2606Droid17\n|j|\u2606J. Guzman752\n|t:|1701153433\n|gametype|singles\n|player|p1|Droid17|n|1214\n|player|p2|J. Guzman752|steven|1143\n|teamsize|p1|6\n|teamsize|p2|6\n|gen|9\n|tier|[Gen 9] OU\n|rated|\n|rule|Sleep Clause Mod: Limit one foe put to sleep\n|rule|Species Clause: Limit one of each Pok\u00e9mon\n|rule|OHKO Clause: OHKO moves are banned\n|rule|Evasion Items Clause: Evasion items are banned\n|rule|Evasion Moves Clause: Evasion moves are banned\n|rule|Endless Battle Clause: Forcing endless battles is banned\n|rule|HP Percentage Mod: HP is shown in percentages\n|clearpoke\n|poke|p1|Glimmora, F|\n|poke|p1|Greninja-*, M|\n|poke|p1|Salamence, F|\n|poke|p1|Munkidori, M|\n|poke|p1|Iron Valiant|\n|poke|p1|Cinderace, F|\n|poke|p2|Ninetales-Alola, F|\n|poke|p2|Landorus-Therian, M|\n|poke|p2|Heatran, F|\n|poke|p2|Ogerpon-Wellspring, F|\n|poke|p2|Kommo-o, M|\n|poke|p2|Ceruledge, M|\n|teampreview\n|inactive|Battle timer is ON: inactive players will automatically lose when time's up. (requested by J. Guzman752)\n|inactive|Droid17 has 120 seconds left.\n|\n|t:|1701153484\n|start\n|switch|p1a: Glimmora|Glimmora, F, shiny|100\/100\n|switch|p2a: Landorus|Landorus-Therian, M|100\/100\n|-ability|p2a: Landorus|Intimidate|boost\n|-unboost|p1a: Glimmora|atk|1\n|turn|1\n|\n|t:|1701153491\n|move|p1a: Glimmora|Stealth Rock|p2a: Landorus\n|-sidestart|p2: J. Guzman752|move: Stealth Rock\n|move|p2a: Landorus|Stealth Rock|p1a: Glimmora\n|-sidestart|p1: Droid17|move: Stealth Rock\n|\n|upkeep\n|turn|2\n|\n|t:|1701153496\n|move|p1a: Glimmora|Mortal Spin|p2a: Landorus\n|-resisted|p2a: Landorus\n|-damage|p2a: Landorus|99\/100\n|-status|p2a: Landorus|psn\n|-sideend|p1: Droid17|Stealth Rock|[from] move: Mortal Spin|[of] p1a: Glimmora\n|move|p2a: Landorus|Earthquake|p1a: Glimmora\n|-supereffective|p1a: Glimmora\n|-enditem|p1a: Glimmora|Focus Sash\n|-damage|p1a: Glimmora|1\/100\n|-activate|p1a: Glimmora|ability: Toxic Debris\n|-sidestart|p2: J. Guzman752|move: Toxic Spikes\n|\n|-heal|p2a: Landorus|100\/100 psn|[from] item: Leftovers\n|-damage|p2a: Landorus|88\/100 psn|[from] psn\n|upkeep\n|turn|3\n|\n|t:|1701153508\n|move|p1a: Glimmora|Power Gem|p2a: Landorus\n|-damage|p2a: Landorus|44\/100 psn\n|move|p2a: Landorus|Stealth Rock|p1a: Glimmora\n|-sidestart|p1: Droid17|move: Stealth Rock\n|\n|-heal|p2a: Landorus|50\/100 psn|[from] item: Leftovers\n|-damage|p2a: Landorus|38\/100 psn|[from] psn\n|upkeep\n|turn|4\n|\n|t:|1701153515\n|move|p1a: Glimmora|Mortal Spin|p2a: Landorus\n|-resisted|p2a: Landorus\n|-damage|p2a: Landorus|36\/100 psn\n|-sideend|p1: Droid17|Stealth Rock|[from] move: Mortal Spin|[of] p1a: Glimmora\n|move|p2a: Landorus|Earthquake|p1a: Glimmora\n|-supereffective|p1a: Glimmora\n|-damage|p1a: Glimmora|0 fnt\n|-activate|p1a: Glimmora|ability: Toxic Debris\n|-sidestart|p2: J. Guzman752|move: Toxic Spikes\n|faint|p1a: Glimmora\n|\n|-heal|p2a: Landorus|42\/100 psn|[from] item: Leftovers\n|-damage|p2a: Landorus|30\/100 psn|[from] psn\n|upkeep\n|\n|t:|1701153520\n|switch|p1a: Greninja|Greninja, M|100\/100\n|turn|5\n|\n|t:|1701153525\n|move|p1a: Greninja|Dark Pulse|p2a: Landorus\n|-damage|p2a: Landorus|0 fnt\n|faint|p2a: Landorus\n|-ability|p1a: Greninja|Battle Bond|boost\n|-boost|p1a: Greninja|atk|1\n|-boost|p1a: Greninja|spa|1\n|-boost|p1a: Greninja|spe|1\n|-activate|p1a: Greninja|ability: Battle Bond\n|-damage|p1a: Greninja|91\/100|[from] item: Life Orb\n|\n|upkeep\n|\n|t:|1701153528\n|switch|p2a: Ninetales|Ninetales-Alola, F|100\/100\n|-damage|p2a: Ninetales|75\/100|[from] Stealth Rock\n|-status|p2a: Ninetales|tox\n|-weather|Snow|[from] ability: Snow Warning|[of] p2a: Ninetales\n|turn|6\n|\n|t:|1701153539\n|switch|p1a: Munkidori|Munkidori, M|100\/100\n|move|p2a: Ninetales|Aurora Veil|p2a: Ninetales\n|-sidestart|p2: J. Guzman752|move: Aurora Veil\n|\n|-weather|Snow|[upkeep]\n|-damage|p2a: Ninetales|69\/100 tox|[from] psn\n|upkeep\n|turn|7\n|\n|t:|1701153544\n|move|p1a: Munkidori|Fake Out|p2a: Ninetales\n|-damage|p2a: Ninetales|66\/100 tox\n|cant|p2a: Ninetales|flinch\n|\n|-weather|Snow|[upkeep]\n|-damage|p2a: Ninetales|53\/100 tox|[from] psn\n|upkeep\n|turn|8\n|\n|t:|1701153554\n|switch|p2a: Heatran|Heatran, F|100\/100\n|-damage|p2a: Heatran|88\/100|[from] Stealth Rock\n|move|p1a: Munkidori|Sludge Bomb|p2a: Heatran\n|-immune|p2a: Heatran\n|\n|-weather|Snow|[upkeep]\n|-heal|p2a: Heatran|94\/100|[from] item: Leftovers\n|upkeep\n|turn|9\n|\n|t:|1701153560\n|move|p1a: Munkidori|Trick|p2a: Heatran\n|-activate|p1a: Munkidori|move: Trick|[of] p2a: Heatran\n|-item|p2a: Heatran|Black Sludge|[from] move: Trick\n|-item|p1a: Munkidori|Leftovers|[from] move: Trick\n|move|p2a: Heatran|Magma Storm|p1a: Munkidori|[miss]\n|-miss|p2a: Heatran|p1a: Munkidori\n|\n|-weather|Snow|[upkeep]\n|-damage|p2a: Heatran|82\/100|[from] item: Black Sludge\n|upkeep\n|turn|10\n|\n|t:|1701153565\n|move|p1a: Munkidori|U-turn|p2a: Heatran\n|-resisted|p2a: Heatran\n|-damage|p2a: Heatran|81\/100\n|\n|t:|1701153569\n|switch|p1a: Greninja|Greninja, M|91\/100|[from] U-turn\n|move|p2a: Heatran|Stealth Rock|p1a: Greninja\n|-sidestart|p1: Droid17|move: Stealth Rock\n|\n|-weather|none\n|-damage|p2a: Heatran|68\/100|[from] item: Black Sludge\n|upkeep\n|turn|11\n|\n|t:|1701153580\n|switch|p2a: Ogerpon|Ogerpon-Wellspring, F|100\/100\n|-damage|p2a: Ogerpon|88\/100|[from] Stealth Rock\n|-status|p2a: Ogerpon|tox\n|move|p1a: Greninja|Surf|p2a: Ogerpon\n|-heal|p2a: Ogerpon|100\/100 tox|[from] ability: Water Absorb|[of] p1a: Greninja\n|\n|-damage|p2a: Ogerpon|95\/100 tox|[from] psn\n|upkeep\n|turn|12\n|\n|t:|1701153591\n|switch|p1a: Cinderace|Cinderace, F|100\/100\n|move|p2a: Ogerpon|U-turn|p1a: Cinderace\n|-resisted|p1a: Cinderace\n|-damage|p1a: Cinderace|81\/100\n|\n|t:|1701153604\n|switch|p2a: Kommo-o|Kommo-o, M|100\/100|[from] U-turn\n|-damage|p2a: Kommo-o|94\/100|[from] Stealth Rock\n|-status|p2a: Kommo-o|tox\n|\n|-damage|p2a: Kommo-o|88\/100 tox|[from] psn\n|upkeep\n|turn|13\n|\n|t:|1701153616\n|move|p1a: Cinderace|U-turn|p2a: Kommo-o\n|-start|p1a: Cinderace|typechange|Bug|[from] ability: Libero\n|-resisted|p2a: Kommo-o\n|-damage|p2a: Kommo-o|80\/100 tox\n|\n|t:|1701153623\n|switch|p1a: Iron Valiant|Iron Valiant|100\/100|[from] U-turn\n|-damage|p1a: Iron Valiant|94\/100|[from] Stealth Rock\n|-enditem|p1a: Iron Valiant|Booster Energy\n|-activate|p1a: Iron Valiant|ability: Quark Drive|[fromitem]\n|-start|p1a: Iron Valiant|quarkdrivespe\n|move|p2a: Kommo-o|Clangorous Soul|p2a: Kommo-o\n|-boost|p2a: Kommo-o|atk|1\n|-boost|p2a: Kommo-o|def|1\n|-boost|p2a: Kommo-o|spa|1\n|-boost|p2a: Kommo-o|spd|1\n|-boost|p2a: Kommo-o|spe|1\n|-damage|p2a: Kommo-o|47\/100 tox\n|-enditem|p2a: Kommo-o|Throat Spray\n|-boost|p2a: Kommo-o|spa|1|[from] item: Throat Spray\n|\n|-damage|p2a: Kommo-o|35\/100 tox|[from] psn\n|-sideend|p2: J. Guzman752|move: Aurora Veil\n|upkeep\n|turn|14\n|\n|t:|1701153643\n|-terastallize|p2a: Kommo-o|Steel\n|move|p1a: Iron Valiant|Low Kick|p2a: Kommo-o\n|-supereffective|p2a: Kommo-o\n|-damage|p2a: Kommo-o|0 fnt\n|faint|p2a: Kommo-o\n|\n|upkeep\n|c|\u2606Droid17|read\n|-message|J. Guzman752 forfeited.\n|\n|win|Droid17\n|raw|Droid17's rating: 1214 &rarr; <strong>1234<\/strong><br \/>(+20 for winning)\n|raw|J. Guzman752's rating: 1143 &rarr; <strong>1123<\/strong><br \/>(-20 for losing)\n|c|\u2606Droid17|\ud83d\udeac\ud83d\udeac\ud83d\udeac\n","uploadtime":1701153660,"views":2,"p1id":"droid17","p2id":"jguzman752","formatid":"gen9ou","rating":1123,"private":0,"password":""}