{"id":"gen9ou-1999766863","p1":"Sedimmo","p2":"RakzoTR","format":"[Gen 9] OU","log":"|j|\u2606Sedimmo\n|j|\u2606RakzoTR\n|t:|1701114816\n|gametype|singles\n|player|p1|Sedimmo|266|1375\n|player|p2|RakzoTR|gambler|1426\n|teamsize|p1|6\n|teamsize|p2|6\n|gen|9\n|tier|[Gen 9] OU\n|rated|\n|rule|Sleep Clause Mod: Limit one foe put to sleep\n|rule|Species Clause: Limit one of each Pok\u00e9mon\n|rule|OHKO Clause: OHKO moves are banned\n|rule|Evasion Items Clause: Evasion items are banned\n|rule|Evasion Moves Clause: Evasion moves are banned\n|rule|Endless Battle Clause: Forcing endless battles is banned\n|rule|HP Percentage Mod: HP is shown in percentages\n|clearpoke\n|poke|p1|Greninja-*, F|\n|poke|p1|Ting-Lu|\n|poke|p1|Gholdengo|\n|poke|p1|Ninetales-Alola, F|\n|poke|p1|Dragapult, M|\n|poke|p1|Scizor, M|\n|poke|p2|Goodra-Hisui, F|\n|poke|p2|Ogerpon-Wellspring, F|\n|poke|p2|Donphan, M|\n|poke|p2|Zamazenta-*|\n|poke|p2|Cinderace, M|\n|poke|p2|Zapdos|\n|teampreview\n|\n|t:|1701114861\n|start\n|switch|p1a: Dragapult|Dragapult, M|100\/100\n|switch|p2a: Rammot|Cinderace, M|100\/100\n|turn|1\n|inactive|Battle timer is ON: inactive players will automatically lose when time's up. (requested by Sedimmo)\n|\n|t:|1701114870\n|-terastallize|p2a: Rammot|Fairy\n|move|p1a: Dragapult|Dragon Darts|p2a: Rammot\n|-immune|p2a: Rammot\n|move|p2a: Rammot|Will-O-Wisp|p1a: Dragapult\n|-status|p1a: Dragapult|brn\n|\n|-damage|p1a: Dragapult|95\/100 brn|[from] brn\n|upkeep\n|turn|2\n|\n|t:|1701114885\n|switch|p1a: Gholdengo|Gholdengo|100\/100\n|move|p2a: Rammot|Will-O-Wisp|p1a: Gholdengo\n|-immune|p1a: Gholdengo|[from] ability: Good as Gold\n|\n|upkeep\n|turn|3\n|\n|t:|1701114913\n|move|p2a: Rammot|Pyro Ball|p1a: Gholdengo|[miss]\n|-miss|p2a: Rammot|p1a: Gholdengo\n|move|p1a: Gholdengo|Trick|p2a: Rammot\n|-activate|p1a: Gholdengo|move: Trick|[of] p2a: Rammot\n|-item|p2a: Rammot|Choice Specs|[from] move: Trick\n|-item|p1a: Gholdengo|Heavy-Duty Boots|[from] move: Trick\n|\n|upkeep\n|turn|4\n|c|\u2606RakzoTR|XD\n|\n|t:|1701114924\n|move|p2a: Rammot|Pyro Ball|p1a: Gholdengo\n|-supereffective|p1a: Gholdengo\n|-damage|p1a: Gholdengo|0 fnt\n|faint|p1a: Gholdengo\n|\n|upkeep\n|c|\u2606RakzoTR|Nice hax\n|c|\u2606RakzoTR|Jajaja\n|\n|t:|1701114932\n|switch|p1a: Scizor|Scizor, M|100\/100\n|turn|5\n|\n|t:|1701114936\n|switch|p2a: Zip-Zap-Dos|Zapdos|100\/100\n|-terastallize|p1a: Scizor|Dragon\n|move|p1a: Scizor|Bullet Punch|p2a: Zip-Zap-Dos\n|-resisted|p2a: Zip-Zap-Dos\n|-damage|p2a: Zip-Zap-Dos|83\/100\n|-damage|p1a: Scizor|84\/100|[from] item: Rocky Helmet|[of] p2a: Zip-Zap-Dos\n|\n|upkeep\n|turn|6\n|\n|t:|1701114964\n|switch|p1a: Ting-Lu|Ting-Lu|100\/100\n|-ability|p1a: Ting-Lu|Vessel of Ruin\n|move|p2a: Zip-Zap-Dos|Hurricane|p1a: Ting-Lu|[miss]\n|-miss|p2a: Zip-Zap-Dos|p1a: Ting-Lu\n|\n|upkeep\n|turn|7\n|\n|t:|1701114977\n|switch|p2a: Ogo|Ogerpon-Wellspring, F|100\/100\n|move|p1a: Ting-Lu|Stealth Rock|p2a: Ogo\n|-sidestart|p2: RakzoTR|move: Stealth Rock\n|\n|upkeep\n|turn|8\n|inactive|RakzoTR has 120 seconds left.\n|c|\u2606Sedimmo|you outplayed me\n|\n|t:|1701115009\n|switch|p1a: Dragapult|Dragapult, M|95\/100 brn\n|move|p2a: Ogo|Substitute|p2a: Ogo\n|-start|p2a: Ogo|Substitute\n|-damage|p2a: Ogo|76\/100\n|\n|-damage|p1a: Dragapult|89\/100 brn|[from] brn\n|upkeep\n|turn|9\n|\n|t:|1701115024\n|move|p1a: Dragapult|Dragon Darts|p2a: Ogo\n|-damage|p2a: Ogo|53\/100\n|-anim|p1a: Dragapult|Dragon Darts|p2a: Ogo\n|-damage|p2a: Ogo|29\/100\n|move|p2a: Ogo|Ivy Cudgel|p1a: Dragapult|[anim] Ivy Cudgel Water\n|-resisted|p1a: Dragapult\n|-crit|p1a: Dragapult\n|-damage|p1a: Dragapult|26\/100 brn\n|\n|-damage|p1a: Dragapult|20\/100 brn|[from] brn\n|upkeep\n|turn|10\n|inactive|RakzoTR has 120 seconds left.\n|inactive|RakzoTR has 90 seconds left.\n|\n|t:|1701115076\n|switch|p2a: Rammot|Cinderace, M, tera:Fairy|100\/100\n|-damage|p2a: Rammot|88\/100|[from] Stealth Rock\n|move|p1a: Dragapult|Dragon Darts|p2a: Rammot\n|-immune|p2a: Rammot\n|\n|-damage|p1a: Dragapult|14\/100 brn|[from] brn\n|upkeep\n|turn|11\n|\n|t:|1701115089\n|move|p1a: Dragapult|Dragon Darts|p2a: Rammot\n|-immune|p2a: Rammot\n|move|p2a: Rammot|Court Change|p2a: Rammot\n|-swapsideconditions\n|-activate|p2a: Rammot|move: Court Change\n|\n|-damage|p1a: Dragapult|8\/100 brn|[from] brn\n|upkeep\n|turn|12\n|\n|t:|1701115098\n|switch|p2a: Zip-Zap-Dos|Zapdos|83\/100\n|move|p1a: Dragapult|Dragon Darts|p2a: Zip-Zap-Dos\n|-damage|p2a: Zip-Zap-Dos|63\/100\n|-anim|p1a: Dragapult|Dragon Darts|p2a: Zip-Zap-Dos\n|-damage|p2a: Zip-Zap-Dos|45\/100\n|\n|-damage|p1a: Dragapult|2\/100 brn|[from] brn\n|upkeep\n|turn|13\n|\n|t:|1701115106\n|move|p1a: Dragapult|Dragon Darts|p2a: Zip-Zap-Dos\n|-damage|p2a: Zip-Zap-Dos|25\/100\n|-anim|p1a: Dragapult|Dragon Darts|p2a: Zip-Zap-Dos\n|-damage|p2a: Zip-Zap-Dos|5\/100\n|move|p2a: Zip-Zap-Dos|Roost|p2a: Zip-Zap-Dos\n|-heal|p2a: Zip-Zap-Dos|55\/100\n|-singleturn|p2a: Zip-Zap-Dos|move: Roost\n|\n|-damage|p1a: Dragapult|0 fnt|[from] brn\n|faint|p1a: Dragapult\n|upkeep\n|inactive|Sedimmo has 120 seconds left.\n|\n|t:|1701115152\n|switch|p1a: Greninja|Greninja, F|100\/100\n|-damage|p1a: Greninja|88\/100|[from] Stealth Rock\n|turn|14\n|\n|t:|1701115157\n|switch|p2a: Rhaenyra|Goodra-Hisui, F|100\/100\n|move|p1a: Greninja|Ice Beam|p2a: Rhaenyra\n|-start|p1a: Greninja|typechange|Ice|[from] ability: Protean\n|-damage|p2a: Rhaenyra|72\/100\n|\n|upkeep\n|turn|15\n|inactive|Sedimmo has 120 seconds left.\n|inactive|RakzoTR has 120 seconds left.\n|inactive|Sedimmo has 90 seconds left.\n|\n|t:|1701115193\n|switch|p1a: Scizor|Scizor, M, tera:Dragon|84\/100\n|-damage|p1a: Scizor|72\/100|[from] Stealth Rock\n|move|p2a: Rhaenyra|Flash Cannon|p1a: Scizor\n|-damage|p1a: Scizor|38\/100\n|\n|upkeep\n|turn|16\n|\n|t:|1701115200\n|switch|p2a: Zip-Zap-Dos|Zapdos|55\/100\n|move|p1a: Scizor|Close Combat|p2a: Zip-Zap-Dos\n|-resisted|p2a: Zip-Zap-Dos\n|-damage|p2a: Zip-Zap-Dos|29\/100\n|-unboost|p1a: Scizor|def|1\n|-unboost|p1a: Scizor|spd|1\n|-damage|p1a: Scizor|22\/100|[from] item: Rocky Helmet|[of] p2a: Zip-Zap-Dos\n|-status|p1a: Scizor|par|[from] ability: Static|[of] p2a: Zip-Zap-Dos\n|\n|upkeep\n|turn|17\n|\n|t:|1701115210\n|move|p1a: Scizor|Bullet Punch|p2a: Zip-Zap-Dos\n|-resisted|p2a: Zip-Zap-Dos\n|-damage|p2a: Zip-Zap-Dos|11\/100\n|-damage|p1a: Scizor|5\/100 par|[from] item: Rocky Helmet|[of] p2a: Zip-Zap-Dos\n|move|p2a: Zip-Zap-Dos|Roost|p2a: Zip-Zap-Dos\n|-heal|p2a: Zip-Zap-Dos|61\/100\n|-singleturn|p2a: Zip-Zap-Dos|move: Roost\n|\n|upkeep\n|turn|18\n|\n|t:|1701115218\n|move|p2a: Zip-Zap-Dos|Roost|p2a: Zip-Zap-Dos\n|-heal|p2a: Zip-Zap-Dos|100\/100\n|-singleturn|p2a: Zip-Zap-Dos|move: Roost\n|move|p1a: Scizor|U-turn|p2a: Zip-Zap-Dos\n|-damage|p2a: Zip-Zap-Dos|54\/100\n|-damage|p1a: Scizor|0 fnt|[from] item: Rocky Helmet|[of] p2a: Zip-Zap-Dos\n|faint|p1a: Scizor\n|\n|upkeep\n|inactive|Sedimmo has 90 seconds left.\n|\n|t:|1701115244\n|switch|p1a: Greninja|Greninja, F|88\/100\n|-damage|p1a: Greninja|76\/100|[from] Stealth Rock\n|turn|19\n|\n|t:|1701115254\n|switch|p2a: Rhaenyra|Goodra-Hisui, F|72\/100\n|move|p1a: Greninja|Ice Beam|p2a: Rhaenyra\n|-start|p1a: Greninja|typechange|Ice|[from] ability: Protean\n|-damage|p2a: Rhaenyra|48\/100\n|\n|upkeep\n|turn|20\n|\n|t:|1701115262\n|switch|p1a: Ting-Lu|Ting-Lu|100\/100\n|-damage|p1a: Ting-Lu|94\/100|[from] Stealth Rock\n|-ability|p1a: Ting-Lu|Vessel of Ruin\n|move|p2a: Rhaenyra|Flash Cannon|p1a: Ting-Lu\n|-damage|p1a: Ting-Lu|79\/100\n|\n|-heal|p1a: Ting-Lu|85\/100|[from] item: Leftovers\n|upkeep\n|turn|21\n|\n|t:|1701115272\n|switch|p2a: Rammot|Cinderace, M, tera:Fairy|88\/100\n|move|p1a: Ting-Lu|Stealth Rock|p2a: Rammot\n|-sidestart|p2: RakzoTR|move: Stealth Rock\n|\n|-heal|p1a: Ting-Lu|91\/100|[from] item: Leftovers\n|upkeep\n|turn|22\n|\n|t:|1701115291\n|switch|p1a: Ninetales|Ninetales-Alola, F|100\/100\n|-damage|p1a: Ninetales|76\/100|[from] Stealth Rock\n|-weather|Snow|[from] ability: Snow Warning|[of] p1a: Ninetales\n|move|p2a: Rammot|Will-O-Wisp|p1a: Ninetales\n|-status|p1a: Ninetales|brn\n|\n|-weather|Snow|[upkeep]\n|-damage|p1a: Ninetales|70\/100 brn|[from] brn\n|upkeep\n|turn|23\n|\n|t:|1701115311\n|switch|p2a: Zip-Zap-Dos|Zapdos|54\/100\n|-damage|p2a: Zip-Zap-Dos|29\/100|[from] Stealth Rock\n|move|p1a: Ninetales|Encore||[still]\n|-fail|p1a: Ninetales\n|\n|-weather|Snow|[upkeep]\n|-damage|p1a: Ninetales|64\/100 brn|[from] brn\n|upkeep\n|turn|24\n|\n|t:|1701115322\n|move|p1a: Ninetales|Freeze-Dry|p2a: Zip-Zap-Dos\n|-supereffective|p2a: Zip-Zap-Dos\n|-crit|p2a: Zip-Zap-Dos\n|-damage|p2a: Zip-Zap-Dos|0 fnt\n|faint|p2a: Zip-Zap-Dos\n|\n|-weather|Snow|[upkeep]\n|-damage|p1a: Ninetales|58\/100 brn|[from] brn\n|upkeep\n|\n|t:|1701115325\n|switch|p2a: Rammot|Cinderace, M, tera:Fairy|88\/100\n|-damage|p2a: Rammot|76\/100|[from] Stealth Rock\n|turn|25\n|\n|t:|1701115339\n|move|p2a: Rammot|Pyro Ball|p1a: Ninetales\n|-supereffective|p1a: Ninetales\n|-damage|p1a: Ninetales|0 fnt\n|faint|p1a: Ninetales\n|\n|-weather|Snow|[upkeep]\n|upkeep\n|\n|t:|1701115348\n|switch|p1a: Greninja|Greninja, F|76\/100\n|-damage|p1a: Greninja|64\/100|[from] Stealth Rock\n|turn|26\n|\n|t:|1701115358\n|move|p1a: Greninja|Ice Beam|p2a: Rammot\n|-start|p1a: Greninja|typechange|Ice|[from] ability: Protean\n|-damage|p2a: Rammot|2\/100\n|move|p2a: Rammot|Pyro Ball|p1a: Greninja\n|-supereffective|p1a: Greninja\n|-damage|p1a: Greninja|0 fnt\n|faint|p1a: Greninja\n|\n|-weather|none\n|upkeep\n|\n|t:|1701115366\n|switch|p1a: Ting-Lu|Ting-Lu|91\/100\n|-damage|p1a: Ting-Lu|85\/100|[from] Stealth Rock\n|-ability|p1a: Ting-Lu|Vessel of Ruin\n|turn|27\n|inactive|Sedimmo has 120 seconds left.\n|\n|t:|1701115374\n|move|p2a: Rammot|Pyro Ball|p1a: Ting-Lu\n|-damage|p1a: Ting-Lu|46\/100\n|move|p1a: Ting-Lu|Earthquake|p2a: Rammot\n|-damage|p2a: Rammot|0 fnt\n|faint|p2a: Rammot\n|\n|-heal|p1a: Ting-Lu|52\/100|[from] item: Leftovers\n|upkeep\n|c|\u2606RakzoTR|Was Specs?\n|\n|t:|1701115391\n|switch|p2a: Ogo|Ogerpon-Wellspring, F|29\/100\n|-damage|p2a: Ogo|17\/100|[from] Stealth Rock\n|turn|28\n|c|\u2606Sedimmo|no\n|inactive|Sedimmo has 120 seconds left.\n|c|\u2606RakzoTR|Hit hard\n|\n|t:|1701115409\n|move|p2a: Ogo|Ivy Cudgel|p1a: Ting-Lu|[anim] Ivy Cudgel Water\n|-supereffective|p1a: Ting-Lu\n|-damage|p1a: Ting-Lu|0 fnt\n|faint|p1a: Ting-Lu\n|\n|win|RakzoTR\n|raw|Sedimmo's rating: 1375 &rarr; <strong>1360<\/strong><br \/>(-15 for losing)\n|raw|RakzoTR's rating: 1467 &rarr; <strong>1482<\/strong><br \/>(+15 for winning)\n|c|\u2606Sedimmo|gg\n|l|\u2606Sedimmo\n","uploadtime":1701115745,"views":2,"p1id":"sedimmo","p2id":"rakzotr","formatid":"gen9ou","rating":1360,"private":0,"password":""}