{"id":"gen9ou-2000601034","p1":"UCC EmeUno","p2":"Yo soy dios","format":"[Gen 9] OU","log":"|j|\u2606UCC EmeUno\n|j|\u2606Yo soy dios\n|t:|1701209316\n|gametype|singles\n|player|p1|UCC EmeUno|cynthia-gen7|\n|player|p2|Yo soy dios|1|\n|teamsize|p1|6\n|teamsize|p2|6\n|gen|9\n|tier|[Gen 9] OU\n|rule|Sleep Clause Mod: Limit one foe put to sleep\n|rule|Species Clause: Limit one of each Pok\u00e9mon\n|rule|OHKO Clause: OHKO moves are banned\n|rule|Evasion Items Clause: Evasion items are banned\n|rule|Evasion Moves Clause: Evasion moves are banned\n|rule|Endless Battle Clause: Forcing endless battles is banned\n|rule|HP Percentage Mod: HP is shown in percentages\n|clearpoke\n|poke|p1|Great Tusk|\n|poke|p1|Quaquaval, F|\n|poke|p1|Okidogi, M|\n|poke|p1|Zamazenta-*|\n|poke|p1|Zapdos-Galar|\n|poke|p1|Pawmot, F|\n|poke|p2|Cinderace, F|\n|poke|p2|Dragapult, M|\n|poke|p2|Landorus-Therian, M|\n|poke|p2|Jirachi|\n|poke|p2|Iron Valiant|\n|poke|p2|Rillaboom, M|\n|teampreview\n|\n|t:|1701209348\n|start\n|switch|p1a: Okidogi|Okidogi, M|100\/100\n|switch|p2a: Iron Valiant|Iron Valiant|100\/100\n|turn|1\n|\n|t:|1701209373\n|-end|p2a: Iron Valiant|Quark Drive|[silent]\n|switch|p2a: Jirachi|Jirachi|100\/100\n|move|p1a: Okidogi|Poison Jab|p2a: Jirachi\n|-immune|p2a: Jirachi\n|\n|upkeep\n|turn|2\n|\n|t:|1701209391\n|switch|p1a: Great Tusk|Great Tusk|100\/100\n|-enditem|p1a: Great Tusk|Booster Energy\n|-activate|p1a: Great Tusk|ability: Protosynthesis|[fromitem]\n|-start|p1a: Great Tusk|protosynthesisspe\n|move|p2a: Jirachi|Thunder Wave|p1a: Great Tusk\n|-immune|p1a: Great Tusk\n|\n|upkeep\n|turn|3\n|\n|t:|1701209411\n|switch|p2a: Iron Valiant|Iron Valiant|100\/100\n|move|p1a: Great Tusk|Rapid Spin|p2a: Iron Valiant\n|-damage|p2a: Iron Valiant|82\/100\n|-boost|p1a: Great Tusk|spe|1\n|\n|upkeep\n|turn|4\n|\n|t:|1701209417\n|move|p1a: Great Tusk|Headlong Rush|p2a: Iron Valiant\n|-damage|p2a: Iron Valiant|15\/100\n|-unboost|p1a: Great Tusk|def|1\n|-unboost|p1a: Great Tusk|spd|1\n|move|p2a: Iron Valiant|Moonblast|p1a: Great Tusk\n|-supereffective|p1a: Great Tusk\n|-damage|p1a: Great Tusk|0 fnt\n|faint|p1a: Great Tusk\n|-end|p1a: Great Tusk|Protosynthesis|[silent]\n|\n|upkeep\n|\n|t:|1701209448\n|switch|p1a: Quaquaval|Quaquaval, F|100\/100\n|turn|5\n|\n|t:|1701209457\n|-end|p2a: Iron Valiant|Quark Drive|[silent]\n|switch|p2a: Rillaboom|Rillaboom, M|100\/100\n|-fieldstart|move: Grassy Terrain|[from] ability: Grassy Surge|[of] p2a: Rillaboom\n|-terastallize|p1a: Quaquaval|Steel\n|move|p1a: Quaquaval|Aqua Step|p2a: Rillaboom\n|-resisted|p2a: Rillaboom\n|-damage|p2a: Rillaboom|84\/100\n|-boost|p1a: Quaquaval|spe|1\n|\n|-heal|p2a: Rillaboom|91\/100|[from] Grassy Terrain\n|upkeep\n|turn|6\n|\n|t:|1701209464\n|move|p1a: Quaquaval|Knock Off|p2a: Rillaboom\n|-damage|p2a: Rillaboom|62\/100\n|-enditem|p2a: Rillaboom|Choice Band|[from] move: Knock Off|[of] p1a: Quaquaval\n|move|p2a: Rillaboom|Earthquake|p1a: Quaquaval\n|-supereffective|p1a: Quaquaval\n|-damage|p1a: Quaquaval|74\/100\n|\n|-heal|p1a: Quaquaval|80\/100|[from] Grassy Terrain\n|-heal|p2a: Rillaboom|68\/100|[from] Grassy Terrain\n|upkeep\n|turn|7\n|\n|t:|1701209476\n|move|p1a: Quaquaval|Aqua Step|p2a: Rillaboom\n|-resisted|p2a: Rillaboom\n|-damage|p2a: Rillaboom|49\/100\n|-boost|p1a: Quaquaval|spe|1\n|move|p2a: Rillaboom|Earthquake|p1a: Quaquaval\n|-supereffective|p1a: Quaquaval\n|-damage|p1a: Quaquaval|48\/100\n|\n|-heal|p1a: Quaquaval|54\/100|[from] Grassy Terrain\n|-heal|p2a: Rillaboom|55\/100|[from] Grassy Terrain\n|upkeep\n|turn|8\n|\n|t:|1701209483\n|move|p1a: Quaquaval|Knock Off|p2a: Rillaboom\n|-damage|p2a: Rillaboom|36\/100\n|move|p2a: Rillaboom|Earthquake|p1a: Quaquaval\n|-supereffective|p1a: Quaquaval\n|-damage|p1a: Quaquaval|28\/100\n|\n|-heal|p1a: Quaquaval|34\/100|[from] Grassy Terrain\n|-heal|p2a: Rillaboom|42\/100|[from] Grassy Terrain\n|upkeep\n|turn|9\n|\n|t:|1701209491\n|move|p1a: Quaquaval|Roost|p1a: Quaquaval\n|-heal|p1a: Quaquaval|84\/100\n|move|p2a: Rillaboom|Earthquake|p1a: Quaquaval\n|-supereffective|p1a: Quaquaval\n|-damage|p1a: Quaquaval|53\/100\n|\n|-heal|p1a: Quaquaval|59\/100|[from] Grassy Terrain\n|-heal|p2a: Rillaboom|48\/100|[from] Grassy Terrain\n|-fieldend|move: Grassy Terrain\n|upkeep\n|turn|10\n|\n|t:|1701209500\n|switch|p1a: Zapdos|Zapdos-Galar|100\/100\n|move|p2a: Rillaboom|U-turn|p1a: Zapdos\n|-resisted|p1a: Zapdos\n|-damage|p1a: Zapdos|93\/100\n|\n|t:|1701209505\n|switch|p2a: Jirachi|Jirachi|100\/100|[from] U-turn\n|\n|upkeep\n|turn|11\n|\n|t:|1701209510\n|switch|p1a: Pawmot|Pawmot, F|100\/100\n|move|p2a: Jirachi|Thunder Wave|p1a: Pawmot\n|-immune|p1a: Pawmot\n|\n|upkeep\n|turn|12\n|\n|t:|1701209521\n|switch|p2a: Rillaboom|Rillaboom, M|48\/100\n|-fieldstart|move: Grassy Terrain|[from] ability: Grassy Surge|[of] p2a: Rillaboom\n|move|p1a: Pawmot|Revival Blessing|p1a: Pawmot\n|-enditem|p1a: Pawmot|Leppa Berry|[eat]\n|-activate|p1a: Pawmot|item: Leppa Berry|Revival Blessing|[consumed]\n|\n|t:|1701209527\n|-heal|p1: Great Tusk|50\/100|[from] move: Revival Blessing\n|\n|-heal|p2a: Rillaboom|54\/100|[from] Grassy Terrain\n|upkeep\n|turn|13\n|\n|t:|1701209533\n|switch|p1a: Zapdos|Zapdos-Galar|93\/100\n|move|p2a: Rillaboom|Grassy Glide|p1a: Zapdos\n|-resisted|p1a: Zapdos\n|-damage|p1a: Zapdos|73\/100\n|\n|-heal|p2a: Rillaboom|61\/100|[from] Grassy Terrain\n|upkeep\n|turn|14\n|\n|t:|1701209540\n|switch|p2a: Jirachi|Jirachi|100\/100\n|move|p1a: Zapdos|U-turn|p2a: Jirachi\n|-damage|p2a: Jirachi|86\/100\n|\n|t:|1701209561\n|switch|p1a: Zamazenta|Zamazenta|100\/100|[from] U-turn\n|-ability|p1a: Zamazenta|Dauntless Shield|boost\n|-boost|p1a: Zamazenta|def|1\n|\n|-heal|p2a: Jirachi|92\/100|[from] Grassy Terrain\n|-heal|p2a: Jirachi|98\/100|[from] item: Leftovers\n|upkeep\n|turn|15\n|\n|t:|1701209566\n|move|p1a: Zamazenta|Substitute|p1a: Zamazenta\n|-start|p1a: Zamazenta|Substitute\n|-damage|p1a: Zamazenta|75\/100\n|move|p2a: Jirachi|Zen Headbutt|p1a: Zamazenta\n|-supereffective|p1a: Zamazenta\n|-end|p1a: Zamazenta|Substitute\n|\n|-heal|p1a: Zamazenta|82\/100|[from] Grassy Terrain\n|-heal|p1a: Zamazenta|88\/100|[from] item: Leftovers\n|-heal|p2a: Jirachi|100\/100|[from] Grassy Terrain\n|upkeep\n|turn|16\n|\n|t:|1701209575\n|move|p1a: Zamazenta|Substitute|p1a: Zamazenta\n|-start|p1a: Zamazenta|Substitute\n|-damage|p1a: Zamazenta|63\/100\n|move|p2a: Jirachi|Zen Headbutt|p1a: Zamazenta\n|-supereffective|p1a: Zamazenta\n|-end|p1a: Zamazenta|Substitute\n|\n|-heal|p1a: Zamazenta|69\/100|[from] Grassy Terrain\n|-heal|p1a: Zamazenta|75\/100|[from] item: Leftovers\n|-fieldend|move: Grassy Terrain\n|upkeep\n|turn|17\n|\n|t:|1701209583\n|move|p1a: Zamazenta|Substitute|p1a: Zamazenta\n|-start|p1a: Zamazenta|Substitute\n|-damage|p1a: Zamazenta|50\/100\n|move|p2a: Jirachi|Zen Headbutt|p1a: Zamazenta\n|-supereffective|p1a: Zamazenta\n|-end|p1a: Zamazenta|Substitute\n|\n|-heal|p1a: Zamazenta|56\/100|[from] item: Leftovers\n|upkeep\n|turn|18\n|\n|t:|1701209586\n|move|p1a: Zamazenta|Iron Defense|p1a: Zamazenta\n|-boost|p1a: Zamazenta|def|2\n|move|p2a: Jirachi|Zen Headbutt|p1a: Zamazenta\n|-supereffective|p1a: Zamazenta\n|-damage|p1a: Zamazenta|41\/100\n|\n|-heal|p1a: Zamazenta|47\/100|[from] item: Leftovers\n|upkeep\n|turn|19\n|\n|t:|1701209595\n|switch|p2a: Landorus|Landorus-Therian, M|100\/100\n|-ability|p2a: Landorus|Intimidate|boost\n|-unboost|p1a: Zamazenta|atk|1\n|move|p1a: Zamazenta|Substitute|p1a: Zamazenta\n|-start|p1a: Zamazenta|Substitute\n|-damage|p1a: Zamazenta|22\/100\n|\n|-heal|p1a: Zamazenta|28\/100|[from] item: Leftovers\n|upkeep\n|turn|20\n|\n|t:|1701209601\n|move|p1a: Zamazenta|Iron Defense|p1a: Zamazenta\n|-boost|p1a: Zamazenta|def|2\n|move|p2a: Landorus|Taunt|p1a: Zamazenta\n|-start|p1a: Zamazenta|move: Taunt\n|\n|-heal|p1a: Zamazenta|35\/100|[from] item: Leftovers\n|upkeep\n|turn|21\n|\n|t:|1701209606\n|move|p1a: Zamazenta|Body Press|p2a: Landorus\n|-resisted|p2a: Landorus\n|-damage|p2a: Landorus|58\/100\n|-damage|p1a: Zamazenta|18\/100|[from] item: Rocky Helmet|[of] p2a: Landorus\n|move|p2a: Landorus|Earthquake|p1a: Zamazenta\n|-activate|p1a: Zamazenta|move: Substitute|[damage]\n|\n|-heal|p1a: Zamazenta|24\/100|[from] item: Leftovers\n|upkeep\n|turn|22\n|\n|t:|1701209614\n|move|p1a: Zamazenta|Body Press|p2a: Landorus\n|-resisted|p2a: Landorus\n|-damage|p2a: Landorus|15\/100\n|-damage|p1a: Zamazenta|8\/100|[from] item: Rocky Helmet|[of] p2a: Landorus\n|move|p2a: Landorus|Earthquake|p1a: Zamazenta\n|-activate|p1a: Zamazenta|move: Substitute|[damage]\n|\n|-heal|p1a: Zamazenta|14\/100|[from] item: Leftovers\n|upkeep\n|turn|23\n|\n|t:|1701209623\n|move|p1a: Zamazenta|Body Press|p2a: Landorus\n|-resisted|p2a: Landorus\n|-damage|p2a: Landorus|0 fnt\n|-damage|p1a: Zamazenta|0 fnt|[from] item: Rocky Helmet|[of] p2a: Landorus\n|faint|p2a: Landorus\n|faint|p1a: Zamazenta\n|\n|upkeep\n|\n|t:|1701209641\n|switch|p1a: Zapdos|Zapdos-Galar|73\/100\n|switch|p2a: Cinderace|Cinderace, F|100\/100\n|turn|24\n|\n|t:|1701209653\n|move|p1a: Zapdos|Brave Bird|p2a: Cinderace\n|-damage|p2a: Cinderace|23\/100\n|-damage|p1a: Zapdos|44\/100|[from] Recoil\n|move|p2a: Cinderace|Zen Headbutt|p1a: Zapdos\n|-start|p2a: Cinderace|typechange|Psychic|[from] ability: Libero\n|-supereffective|p1a: Zapdos\n|-damage|p1a: Zapdos|0 fnt\n|faint|p1a: Zapdos\n|\n|upkeep\n|\n|t:|1701209673\n|switch|p1a: Quaquaval|Quaquaval, F, tera:Steel|59\/100\n|turn|25\n|\n|t:|1701209677\n|move|p2a: Cinderace|Will-O-Wisp|p1a: Quaquaval\n|-status|p1a: Quaquaval|brn\n|move|p1a: Quaquaval|Aqua Step|p2a: Cinderace\n|-damage|p2a: Cinderace|4\/100\n|-boost|p1a: Quaquaval|spe|1\n|\n|-damage|p1a: Quaquaval|53\/100 brn|[from] brn\n|upkeep\n|turn|26\n|\n|t:|1701209686\n|move|p2a: Cinderace|High Jump Kick|p1a: Quaquaval\n|-supereffective|p1a: Quaquaval\n|-damage|p1a: Quaquaval|0 fnt\n|faint|p1a: Quaquaval\n|\n|upkeep\n|\n|t:|1701209698\n|switch|p1a: Great Tusk|Great Tusk|50\/100\n|turn|27\n|\n|t:|1701209706\n|move|p2a: Cinderace|Will-O-Wisp|p1a: Great Tusk\n|-status|p1a: Great Tusk|brn\n|move|p1a: Great Tusk|Rapid Spin|p2a: Cinderace\n|-damage|p2a: Cinderace|0 fnt\n|-boost|p1a: Great Tusk|spe|1\n|faint|p2a: Cinderace\n|\n|-damage|p1a: Great Tusk|44\/100 brn|[from] brn\n|upkeep\n|\n|t:|1701209715\n|switch|p2a: Iron Valiant|Iron Valiant|15\/100\n|turn|28\n|\n|t:|1701209724\n|move|p2a: Iron Valiant|Moonblast|p1a: Great Tusk\n|-supereffective|p1a: Great Tusk\n|-damage|p1a: Great Tusk|0 fnt\n|faint|p1a: Great Tusk\n|-end|p1a: Great Tusk|Protosynthesis|[silent]\n|\n|upkeep\n|\n|t:|1701209728\n|switch|p1a: Okidogi|Okidogi, M|100\/100\n|turn|29\n|\n|t:|1701209742\n|move|p2a: Iron Valiant|Moonblast|p1a: Okidogi\n|-damage|p1a: Okidogi|70\/100\n|-unboost|p1a: Okidogi|spa|1\n|move|p1a: Okidogi|Psychic Fangs|p2a: Iron Valiant\n|-supereffective|p2a: Iron Valiant\n|-damage|p2a: Iron Valiant|0 fnt\n|faint|p2a: Iron Valiant\n|-end|p2a: Iron Valiant|Quark Drive|[silent]\n|\n|upkeep\n|\n|t:|1701209752\n|switch|p2a: Dragapult|Dragapult, M|100\/100\n|turn|30\n|\n|t:|1701209762\n|move|p2a: Dragapult|Will-O-Wisp|p1a: Okidogi\n|-status|p1a: Okidogi|brn\n|move|p1a: Okidogi|Knock Off|p2a: Dragapult\n|-supereffective|p2a: Dragapult\n|-crit|p2a: Dragapult\n|-damage|p2a: Dragapult|33\/100\n|-enditem|p2a: Dragapult|Dragon Fang|[from] move: Knock Off|[of] p1a: Okidogi\n|\n|-damage|p1a: Okidogi|64\/100 brn|[from] brn\n|upkeep\n|turn|31\n|\n|t:|1701209771\n|move|p2a: Dragapult|Dragon Darts|p1a: Okidogi\n|-damage|p1a: Okidogi|47\/100 brn\n|-anim|p2a: Dragapult|Dragon Darts|p1a: Okidogi\n|-damage|p1a: Okidogi|30\/100 brn\n|move|p1a: Okidogi|Knock Off|p2a: Dragapult\n|-supereffective|p2a: Dragapult\n|-crit|p2a: Dragapult\n|-damage|p2a: Dragapult|0 fnt\n|faint|p2a: Dragapult\n|\n|-damage|p1a: Okidogi|24\/100 brn|[from] brn\n|upkeep\n|\n|t:|1701209780\n|switch|p2a: Rillaboom|Rillaboom, M|61\/100\n|-fieldstart|move: Grassy Terrain|[from] ability: Grassy Surge|[of] p2a: Rillaboom\n|turn|32\n|\n|t:|1701209787\n|move|p2a: Rillaboom|Earthquake|p1a: Okidogi\n|-supereffective|p1a: Okidogi\n|-damage|p1a: Okidogi|0 fnt\n|faint|p1a: Okidogi\n|\n|-heal|p2a: Rillaboom|67\/100|[from] Grassy Terrain\n|upkeep\n|\n|t:|1701209789\n|switch|p1a: Pawmot|Pawmot, F|100\/100\n|turn|33\n|\n|t:|1701209793\n|move|p2a: Rillaboom|Grassy Glide|p1a: Pawmot\n|-damage|p1a: Pawmot|41\/100\n|move|p1a: Pawmot|Revival Blessing|p1a: Pawmot\n|\n|t:|1701209803\n|-heal|p1: Zamazenta|50\/100|[from] move: Revival Blessing\n|\n|-heal|p1a: Pawmot|47\/100|[from] Grassy Terrain\n|-heal|p2a: Rillaboom|73\/100|[from] Grassy Terrain\n|upkeep\n|turn|34\n|\n|t:|1701209810\n|move|p2a: Rillaboom|Grassy Glide|p1a: Pawmot\n|-damage|p1a: Pawmot|0 fnt\n|faint|p1a: Pawmot\n|\n|-heal|p2a: Rillaboom|79\/100|[from] Grassy Terrain\n|upkeep\n|\n|t:|1701209813\n|switch|p1a: Zamazenta|Zamazenta|50\/100\n|turn|35\n|\n|t:|1701209818\n|move|p1a: Zamazenta|Iron Defense|p1a: Zamazenta\n|-boost|p1a: Zamazenta|def|2\n|move|p2a: Rillaboom|Earthquake|p1a: Zamazenta\n|-damage|p1a: Zamazenta|44\/100\n|\n|-heal|p1a: Zamazenta|50\/100|[from] Grassy Terrain\n|-heal|p1a: Zamazenta|57\/100|[from] item: Leftovers\n|-heal|p2a: Rillaboom|85\/100|[from] Grassy Terrain\n|upkeep\n|turn|36\n|\n|t:|1701209825\n|switch|p2a: Jirachi|Jirachi|100\/100\n|move|p1a: Zamazenta|Iron Defense|p1a: Zamazenta\n|-boost|p1a: Zamazenta|def|2\n|\n|-heal|p1a: Zamazenta|63\/100|[from] Grassy Terrain\n|-heal|p1a: Zamazenta|69\/100|[from] item: Leftovers\n|-fieldend|move: Grassy Terrain\n|upkeep\n|turn|37\n|\n|t:|1701209829\n|move|p1a: Zamazenta|Substitute|p1a: Zamazenta\n|-start|p1a: Zamazenta|Substitute\n|-damage|p1a: Zamazenta|44\/100\n|move|p2a: Jirachi|Zen Headbutt|p1a: Zamazenta\n|-supereffective|p1a: Zamazenta\n|-activate|p1a: Zamazenta|move: Substitute|[damage]\n|\n|-heal|p1a: Zamazenta|50\/100|[from] item: Leftovers\n|upkeep\n|turn|38\n|\n|t:|1701209834\n|move|p1a: Zamazenta|Body Press|p2a: Jirachi\n|-damage|p2a: Jirachi|37\/100\n|move|p2a: Jirachi|Zen Headbutt|p1a: Zamazenta\n|-supereffective|p1a: Zamazenta\n|-end|p1a: Zamazenta|Substitute\n|\n|-heal|p1a: Zamazenta|56\/100|[from] item: Leftovers\n|-heal|p2a: Jirachi|43\/100|[from] item: Leftovers\n|upkeep\n|turn|39\n|\n|t:|1701209843\n|move|p1a: Zamazenta|Body Press|p2a: Jirachi\n|-damage|p2a: Jirachi|0 fnt\n|faint|p2a: Jirachi\n|\n|-heal|p1a: Zamazenta|63\/100|[from] item: Leftovers\n|upkeep\n|\n|t:|1701209846\n|switch|p2a: Rillaboom|Rillaboom, M|85\/100\n|-fieldstart|move: Grassy Terrain|[from] ability: Grassy Surge|[of] p2a: Rillaboom\n|turn|40\n|c|\u2606Yo soy dios|gg\n|c|\u2606UCC EmeUno|gg\n|-message|Yo soy dios forfeited.\n|\n|win|UCC EmeUno\n|l|\u2606Yo soy dios\n|c|\u2606UCC EmeUno|me cague\n","uploadtime":1701209955,"views":13,"p1id":"uccemeuno","p2id":"yosoydios","formatid":"gen9ou","rating":0,"private":0,"password":""}