{"id":"gen9ou-1992395742","p1":"Zxcgfffg","p2":"six bulky birds","format":"[Gen 9] OU","log":"|j|\u203dZxcgfffg\n|j|\u2606six bulky birds\n|t:|1700182645\n|gametype|singles\n|player|p1|Zxcgfffg|benga|1000\n|player|p2|six bulky birds|birdkeeper-gen4dp|1000\n|teamsize|p1|6\n|teamsize|p2|6\n|gen|9\n|tier|[Gen 9] OU\n|rated|\n|rule|Sleep Clause Mod: Limit one foe put to sleep\n|rule|Species Clause: Limit one of each Pok\u00e9mon\n|rule|OHKO Clause: OHKO moves are banned\n|rule|Evasion Items Clause: Evasion items are banned\n|rule|Evasion Moves Clause: Evasion moves are banned\n|rule|Endless Battle Clause: Forcing endless battles is banned\n|rule|HP Percentage Mod: HP is shown in percentages\n|clearpoke\n|poke|p1|Slither Wing|\n|poke|p1|Slowking-Galar, F|\n|poke|p1|Dondozo, F|\n|poke|p1|Hatterene, F|\n|poke|p1|Torkoal, F|\n|poke|p1|Ursaluna, M|\n|poke|p2|Clefable, M|\n|poke|p2|Ditto|\n|poke|p2|Dondozo, M|\n|poke|p2|Toxapex, M|\n|poke|p2|Tornadus-Therian, M|\n|poke|p2|Cinderace, M|\n|teampreview\n|c|\u2606six bulky birds|gl hf\n|\n|t:|1700182654\n|start\n|switch|p1a: Slowking|Slowking-Galar, F, shiny|100\/100\n|switch|p2a: Wet Bastard|Toxapex, M|100\/100\n|turn|1\n|\n|t:|1700182660\n|move|p2a: Wet Bastard|Infestation|p1a: Slowking\n|-damage|p1a: Slowking|98\/100\n|-activate|p1a: Slowking|move: Infestation|[of] p2a: Wet Bastard\n|move|p1a: Slowking|Trick Room|p1a: Slowking\n|-fieldstart|move: Trick Room|[of] p1a: Slowking\n|\n|-damage|p1a: Slowking|85\/100|[from] move: Infestation|[partiallytrapped]\n|upkeep\n|turn|2\n|\n|t:|1700182669\n|move|p1a: Slowking|Chilly Reception|p1a: Slowking\n|-weather|Snow\n|\n|t:|1700182676\n|switch|p1a: Dondozo|Dondozo, F|100\/100|[from] Chilly Reception\n|move|p2a: Wet Bastard|Recover||[still]\n|-fail|p2a: Wet Bastard|heal\n|\n|-weather|Snow|[upkeep]\n|upkeep\n|turn|3\n|\n|t:|1700182683\n|move|p1a: Dondozo|Curse|p1a: Dondozo\n|-unboost|p1a: Dondozo|spe|1\n|-boost|p1a: Dondozo|atk|1\n|-boost|p1a: Dondozo|def|1\n|move|p2a: Wet Bastard|Toxic|p1a: Dondozo\n|-status|p1a: Dondozo|tox\n|\n|-weather|Snow|[upkeep]\n|-damage|p1a: Dondozo|94\/100 tox|[from] psn\n|upkeep\n|turn|4\n|\n|t:|1700182698\n|move|p1a: Dondozo|Body Press|p2a: Wet Bastard\n|-resisted|p2a: Wet Bastard\n|-damage|p2a: Wet Bastard|88\/100\n|move|p2a: Wet Bastard|Infestation|p1a: Dondozo\n|-damage|p1a: Dondozo|91\/100 tox\n|-activate|p1a: Dondozo|move: Infestation|[of] p2a: Wet Bastard\n|\n|-weather|Snow|[upkeep]\n|-heal|p1a: Dondozo|98\/100 tox|[from] item: Leftovers\n|-heal|p2a: Wet Bastard|94\/100|[from] item: Leftovers\n|-damage|p1a: Dondozo|85\/100 tox|[from] psn\n|-damage|p1a: Dondozo|73\/100 tox|[from] move: Infestation|[partiallytrapped]\n|upkeep\n|turn|5\n|\n|t:|1700182713\n|move|p2a: Wet Bastard|Protect|p2a: Wet Bastard\n|-singleturn|p2a: Wet Bastard|Protect\n|move|p1a: Dondozo|Liquidation|p2a: Wet Bastard\n|-activate|p2a: Wet Bastard|move: Protect\n|\n|-weather|Snow|[upkeep]\n|-heal|p1a: Dondozo|79\/100 tox|[from] item: Leftovers\n|-heal|p2a: Wet Bastard|100\/100|[from] item: Leftovers\n|-damage|p1a: Dondozo|60\/100 tox|[from] psn\n|-damage|p1a: Dondozo|48\/100 tox|[from] move: Infestation|[partiallytrapped]\n|-fieldend|move: Trick Room\n|upkeep\n|turn|6\n|\n|t:|1700182726\n|move|p2a: Wet Bastard|Infestation|p1a: Dondozo\n|-damage|p1a: Dondozo|45\/100 tox\n|move|p1a: Dondozo|Liquidation|p2a: Wet Bastard\n|-resisted|p2a: Wet Bastard\n|-damage|p2a: Wet Bastard|87\/100\n|\n|-weather|none\n|-heal|p2a: Wet Bastard|94\/100|[from] item: Leftovers\n|-heal|p1a: Dondozo|51\/100 tox|[from] item: Leftovers\n|-damage|p1a: Dondozo|26\/100 tox|[from] psn\n|-damage|p1a: Dondozo|14\/100 tox|[from] move: Infestation|[partiallytrapped]\n|upkeep\n|turn|7\n|\n|t:|1700182748\n|move|p2a: Wet Bastard|Protect|p2a: Wet Bastard\n|-singleturn|p2a: Wet Bastard|Protect\n|move|p1a: Dondozo|Rest|p1a: Dondozo\n|-status|p1a: Dondozo|slp|[from] move: Rest\n|-heal|p1a: Dondozo|100\/100 slp|[silent]\n|\n|-heal|p2a: Wet Bastard|99\/100|[from] item: Leftovers\n|-damage|p1a: Dondozo|88\/100 slp|[from] move: Infestation|[partiallytrapped]\n|upkeep\n|turn|8\n|\n|t:|1700182765\n|move|p2a: Wet Bastard|Infestation|p1a: Dondozo\n|-damage|p1a: Dondozo|85\/100 slp\n|cant|p1a: Dondozo|slp\n|\n|-heal|p2a: Wet Bastard|100\/100|[from] item: Leftovers\n|-heal|p1a: Dondozo|91\/100 slp|[from] item: Leftovers\n|-damage|p1a: Dondozo|79\/100 slp|[from] move: Infestation|[partiallytrapped]\n|upkeep\n|turn|9\n|\n|t:|1700182781\n|move|p2a: Wet Bastard|Infestation|p1a: Dondozo\n|-damage|p1a: Dondozo|76\/100 slp\n|cant|p1a: Dondozo|slp\n|\n|-heal|p1a: Dondozo|82\/100 slp|[from] item: Leftovers\n|-end|p1a: Dondozo|Infestation|[partiallytrapped]\n|upkeep\n|turn|10\n|\n|t:|1700182791\n|move|p2a: Wet Bastard|Infestation|p1a: Dondozo\n|-damage|p1a: Dondozo|79\/100 slp\n|-activate|p1a: Dondozo|move: Infestation|[of] p2a: Wet Bastard\n|-curestatus|p1a: Dondozo|slp|[msg]\n|move|p1a: Dondozo|Curse|p1a: Dondozo\n|-unboost|p1a: Dondozo|spe|1\n|-boost|p1a: Dondozo|atk|1\n|-boost|p1a: Dondozo|def|1\n|\n|-heal|p1a: Dondozo|86\/100|[from] item: Leftovers\n|-damage|p1a: Dondozo|73\/100|[from] move: Infestation|[partiallytrapped]\n|upkeep\n|turn|11\n|\n|t:|1700182804\n|move|p2a: Wet Bastard|Toxic|p1a: Dondozo\n|-status|p1a: Dondozo|tox\n|move|p1a: Dondozo|Curse|p1a: Dondozo\n|-unboost|p1a: Dondozo|spe|1\n|-boost|p1a: Dondozo|atk|1\n|-boost|p1a: Dondozo|def|1\n|\n|-heal|p1a: Dondozo|79\/100 tox|[from] item: Leftovers\n|-damage|p1a: Dondozo|73\/100 tox|[from] psn\n|-damage|p1a: Dondozo|61\/100 tox|[from] move: Infestation|[partiallytrapped]\n|upkeep\n|turn|12\n|\n|t:|1700182818\n|move|p2a: Wet Bastard|Infestation|p1a: Dondozo\n|-damage|p1a: Dondozo|58\/100 tox\n|move|p1a: Dondozo|Rest|p1a: Dondozo\n|-status|p1a: Dondozo|slp|[from] move: Rest\n|-heal|p1a: Dondozo|100\/100 slp|[silent]\n|\n|-damage|p1a: Dondozo|88\/100 slp|[from] move: Infestation|[partiallytrapped]\n|upkeep\n|turn|13\n|\n|t:|1700182827\n|switch|p2a: Your Bastard|Ditto|100\/100\n|-transform|p2a: Your Bastard|p1a: Dondozo|[from] ability: Imposter\n|cant|p1a: Dondozo|slp\n|\n|-heal|p1a: Dondozo|94\/100 slp|[from] item: Leftovers\n|-end|p1a: Dondozo|Infestation|[partiallytrapped]|[silent]\n|upkeep\n|turn|14\n|\n|t:|1700182843\n|move|p2a: Your Bastard|Liquidation|p1a: Dondozo\n|-resisted|p1a: Dondozo\n|-damage|p1a: Dondozo|88\/100 slp\n|cant|p1a: Dondozo|slp\n|\n|-heal|p1a: Dondozo|94\/100 slp|[from] item: Leftovers\n|upkeep\n|turn|15\n|\n|t:|1700182850\n|move|p2a: Your Bastard|Liquidation|p1a: Dondozo\n|-resisted|p1a: Dondozo\n|-damage|p1a: Dondozo|88\/100 slp\n|-curestatus|p1a: Dondozo|slp|[msg]\n|move|p1a: Dondozo|Curse|p1a: Dondozo\n|-unboost|p1a: Dondozo|spe|1\n|-boost|p1a: Dondozo|atk|1\n|-boost|p1a: Dondozo|def|1\n|\n|-heal|p1a: Dondozo|94\/100|[from] item: Leftovers\n|upkeep\n|turn|16\n|\n|t:|1700182870\n|move|p2a: Your Bastard|Liquidation|p1a: Dondozo\n|-resisted|p1a: Dondozo\n|-damage|p1a: Dondozo|88\/100\n|move|p1a: Dondozo|Curse|p1a: Dondozo\n|-unboost|p1a: Dondozo|spe|1\n|-boost|p1a: Dondozo|atk|1\n|-boost|p1a: Dondozo|def|1\n|\n|-heal|p1a: Dondozo|94\/100|[from] item: Leftovers\n|upkeep\n|turn|17\n|\n|t:|1700182881\n|move|p2a: Your Bastard|Liquidation|p1a: Dondozo\n|-resisted|p1a: Dondozo\n|-damage|p1a: Dondozo|87\/100\n|move|p1a: Dondozo|Curse|p1a: Dondozo\n|-unboost|p1a: Dondozo|spe|1\n|-boost|p1a: Dondozo|atk|1\n|-boost|p1a: Dondozo|def|1\n|\n|-heal|p1a: Dondozo|93\/100|[from] item: Leftovers\n|upkeep\n|turn|18\n|c|\u2606six bulky birds|my liquidation rng kinda bad\n|\n|t:|1700182893\n|move|p2a: Your Bastard|Liquidation|p1a: Dondozo\n|-resisted|p1a: Dondozo\n|-damage|p1a: Dondozo|87\/100\n|move|p1a: Dondozo|Body Press|p2a: Your Bastard\n|-damage|p2a: Your Bastard|81\/100\n|\n|-heal|p1a: Dondozo|94\/100|[from] item: Leftovers\n|upkeep\n|turn|19\n|\n|t:|1700182907\n|switch|p2a: Wind Bastard|Tornadus-Therian, M|100\/100\n|move|p1a: Dondozo|Liquidation|p2a: Wind Bastard\n|-damage|p2a: Wind Bastard|0 fnt\n|faint|p2a: Wind Bastard\n|\n|-heal|p1a: Dondozo|99\/100|[from] item: Leftovers\n|upkeep\n|\n|t:|1700182916\n|switch|p2a: Wet Bastard|Toxapex, M|100\/100\n|turn|20\n|\n|t:|1700182920\n|move|p2a: Wet Bastard|Toxic|p1a: Dondozo\n|-status|p1a: Dondozo|tox\n|move|p1a: Dondozo|Body Press|p2a: Wet Bastard\n|-resisted|p2a: Wet Bastard\n|-damage|p2a: Wet Bastard|68\/100\n|\n|-heal|p2a: Wet Bastard|75\/100|[from] item: Leftovers\n|-heal|p1a: Dondozo|100\/100 tox|[from] item: Leftovers\n|-damage|p1a: Dondozo|94\/100 tox|[from] psn\n|upkeep\n|turn|21\n|\n|t:|1700182938\n|move|p2a: Wet Bastard|Infestation|p1a: Dondozo\n|-damage|p1a: Dondozo|92\/100 tox\n|-activate|p1a: Dondozo|move: Infestation|[of] p2a: Wet Bastard\n|move|p1a: Dondozo|Liquidation|p2a: Wet Bastard\n|-resisted|p2a: Wet Bastard\n|-damage|p2a: Wet Bastard|41\/100\n|\n|-heal|p2a: Wet Bastard|48\/100|[from] item: Leftovers\n|-heal|p1a: Dondozo|98\/100 tox|[from] item: Leftovers\n|-damage|p1a: Dondozo|86\/100 tox|[from] psn\n|-damage|p1a: Dondozo|73\/100 tox|[from] move: Infestation|[partiallytrapped]\n|upkeep\n|turn|22\n|\n|t:|1700182949\n|move|p2a: Wet Bastard|Recover|p2a: Wet Bastard\n|-heal|p2a: Wet Bastard|98\/100\n|move|p1a: Dondozo|Body Press|p2a: Wet Bastard\n|-resisted|p2a: Wet Bastard\n|-damage|p2a: Wet Bastard|63\/100\n|\n|-heal|p2a: Wet Bastard|69\/100|[from] item: Leftovers\n|-heal|p1a: Dondozo|79\/100 tox|[from] item: Leftovers\n|-damage|p1a: Dondozo|61\/100 tox|[from] psn\n|-damage|p1a: Dondozo|48\/100 tox|[from] move: Infestation|[partiallytrapped]\n|upkeep\n|turn|23\n|\n|t:|1700182964\n|move|p2a: Wet Bastard|Protect|p2a: Wet Bastard\n|-singleturn|p2a: Wet Bastard|Protect\n|move|p1a: Dondozo|Rest|p1a: Dondozo\n|-status|p1a: Dondozo|slp|[from] move: Rest\n|-heal|p1a: Dondozo|100\/100 slp|[silent]\n|\n|-heal|p2a: Wet Bastard|75\/100|[from] item: Leftovers\n|-damage|p1a: Dondozo|88\/100 slp|[from] move: Infestation|[partiallytrapped]\n|upkeep\n|turn|24\n|\n|t:|1700182998\n|switch|p2a: Fake Bastard|Cinderace, M|100\/100\n|cant|p1a: Dondozo|slp\n|\n|-heal|p1a: Dondozo|94\/100 slp|[from] item: Leftovers\n|-end|p1a: Dondozo|Infestation|[partiallytrapped]|[silent]\n|upkeep\n|turn|25\n|inactive|Battle timer is ON: inactive players will automatically lose when time's up. (requested by Zxcgfffg)\n|\n|t:|1700183006\n|move|p2a: Fake Bastard|U-turn|p1a: Dondozo\n|-start|p2a: Fake Bastard|typechange|Bug|[from] ability: Libero\n|-damage|p1a: Dondozo|90\/100 slp\n|\n|t:|1700183011\n|switch|p2a: Houngry Bastard|Dondozo, M|100\/100|[from] U-turn\n|cant|p1a: Dondozo|slp\n|\n|-heal|p1a: Dondozo|96\/100 slp|[from] item: Leftovers\n|upkeep\n|turn|26\n|\n|t:|1700183021\n|move|p2a: Houngry Bastard|Body Press|p1a: Dondozo\n|-damage|p1a: Dondozo|83\/100 slp\n|-curestatus|p1a: Dondozo|slp|[msg]\n|move|p1a: Dondozo|Body Press|p2a: Houngry Bastard\n|-damage|p2a: Houngry Bastard|89\/100\n|\n|-heal|p2a: Houngry Bastard|95\/100|[from] item: Leftovers\n|-heal|p1a: Dondozo|89\/100|[from] item: Leftovers\n|upkeep\n|turn|27\n|\n|t:|1700183036\n|move|p2a: Houngry Bastard|Body Press|p1a: Dondozo\n|-damage|p1a: Dondozo|76\/100\n|move|p1a: Dondozo|Liquidation|p2a: Houngry Bastard\n|-resisted|p2a: Houngry Bastard\n|-damage|p2a: Houngry Bastard|88\/100\n|\n|-heal|p2a: Houngry Bastard|94\/100|[from] item: Leftovers\n|-heal|p1a: Dondozo|82\/100|[from] item: Leftovers\n|upkeep\n|turn|28\n|c|\u2606six bulky birds|i love gen 9 so much\n|c|\u2606six bulky birds|this metagame is awesome\n|\n|t:|1700183051\n|move|p2a: Houngry Bastard|Body Press|p1a: Dondozo\n|-damage|p1a: Dondozo|69\/100\n|move|p1a: Dondozo|Body Press|p2a: Houngry Bastard\n|-crit|p2a: Houngry Bastard\n|-damage|p2a: Houngry Bastard|75\/100\n|\n|-heal|p2a: Houngry Bastard|81\/100|[from] item: Leftovers\n|-heal|p1a: Dondozo|75\/100|[from] item: Leftovers\n|upkeep\n|turn|29\n|\n|t:|1700183060\n|move|p2a: Houngry Bastard|Body Press|p1a: Dondozo\n|-damage|p1a: Dondozo|62\/100\n|move|p1a: Dondozo|Body Press|p2a: Houngry Bastard\n|-damage|p2a: Houngry Bastard|69\/100\n|\n|-heal|p2a: Houngry Bastard|75\/100|[from] item: Leftovers\n|-heal|p1a: Dondozo|69\/100|[from] item: Leftovers\n|upkeep\n|turn|30\n|\n|t:|1700183070\n|move|p2a: Houngry Bastard|Body Press|p1a: Dondozo\n|-damage|p1a: Dondozo|57\/100\n|move|p1a: Dondozo|Body Press|p2a: Houngry Bastard\n|-damage|p2a: Houngry Bastard|62\/100\n|\n|-heal|p2a: Houngry Bastard|69\/100|[from] item: Leftovers\n|-heal|p1a: Dondozo|63\/100|[from] item: Leftovers\n|upkeep\n|turn|31\n|\n|t:|1700183079\n|move|p2a: Houngry Bastard|Body Press|p1a: Dondozo\n|-damage|p1a: Dondozo|51\/100\n|move|p1a: Dondozo|Body Press|p2a: Houngry Bastard\n|-damage|p2a: Houngry Bastard|57\/100\n|\n|-heal|p2a: Houngry Bastard|63\/100|[from] item: Leftovers\n|-heal|p1a: Dondozo|57\/100|[from] item: Leftovers\n|upkeep\n|turn|32\n|\n|t:|1700183088\n|move|p2a: Houngry Bastard|Body Press|p1a: Dondozo\n|-damage|p1a: Dondozo|46\/100\n|move|p1a: Dondozo|Rest|p1a: Dondozo\n|-status|p1a: Dondozo|slp|[from] move: Rest\n|-heal|p1a: Dondozo|100\/100 slp|[silent]\n|\n|-heal|p2a: Houngry Bastard|69\/100|[from] item: Leftovers\n|upkeep\n|turn|33\n|\n|t:|1700183097\n|move|p2a: Houngry Bastard|Body Press|p1a: Dondozo\n|-damage|p1a: Dondozo|87\/100 slp\n|cant|p1a: Dondozo|slp\n|\n|-heal|p2a: Houngry Bastard|75\/100|[from] item: Leftovers\n|-heal|p1a: Dondozo|93\/100 slp|[from] item: Leftovers\n|upkeep\n|turn|34\n|\n|t:|1700183105\n|move|p2a: Houngry Bastard|Liquidation|p1a: Dondozo\n|-resisted|p1a: Dondozo\n|-damage|p1a: Dondozo|87\/100 slp\n|cant|p1a: Dondozo|slp\n|\n|-heal|p2a: Houngry Bastard|82\/100|[from] item: Leftovers\n|-heal|p1a: Dondozo|93\/100 slp|[from] item: Leftovers\n|upkeep\n|turn|35\n|\n|t:|1700183113\n|move|p2a: Houngry Bastard|Liquidation|p1a: Dondozo\n|-resisted|p1a: Dondozo\n|-damage|p1a: Dondozo|87\/100 slp\n|-unboost|p1a: Dondozo|def|1\n|-curestatus|p1a: Dondozo|slp|[msg]\n|move|p1a: Dondozo|Body Press|p2a: Houngry Bastard\n|-damage|p2a: Houngry Bastard|70\/100\n|\n|-heal|p2a: Houngry Bastard|76\/100|[from] item: Leftovers\n|-heal|p1a: Dondozo|93\/100|[from] item: Leftovers\n|upkeep\n|turn|36\n|\n|t:|1700183137\n|move|p2a: Houngry Bastard|Liquidation|p1a: Dondozo\n|-resisted|p1a: Dondozo\n|-damage|p1a: Dondozo|86\/100\n|move|p1a: Dondozo|Liquidation|p2a: Houngry Bastard\n|-resisted|p2a: Houngry Bastard\n|-damage|p2a: Houngry Bastard|69\/100\n|\n|-heal|p2a: Houngry Bastard|75\/100|[from] item: Leftovers\n|-heal|p1a: Dondozo|92\/100|[from] item: Leftovers\n|upkeep\n|turn|37\n|l|\u203dZxcgfffg\n|inactive|Zxcgfffg disconnected and has a minute to reconnect!\n|player|p1|\n|inactive|Zxcgfffg has 30 seconds to reconnect!\n|inactive|Zxcgfffg has 20 seconds to reconnect!\n|inactive|Zxcgfffg has 15 seconds to reconnect!\n|inactive|Zxcgfffg has 10 seconds to reconnect!\n|inactive|Zxcgfffg has 5 seconds to reconnect!\n|-message|Zxcgfffg lost due to inactivity.\n|\n|win|six bulky birds\n|raw|Zxcgfffg's rating: 1000 &rarr; <strong>1000<\/strong><br \/>(+0 for losing)\n|raw|six bulky birds's rating: 1000 &rarr; <strong>1040<\/strong><br \/>(+40 for winning)\n","uploadtime":1700183208,"views":8,"p1id":"zxcgfffg","p2id":"sixbulkybirds","formatid":"gen9ou","rating":1000,"private":0,"password":""}