{"id":"gen9ou-1992394454","p1":"TJ fury","p2":"OkJuice42069","format":"[Gen 9] OU","log":"|j|\u2606TJ fury\n|j|\u2606OkJuice42069\n|t:|1700182499\n|gametype|singles\n|player|p1|TJ fury|102|1337\n|player|p2|OkJuice42069|policeman|1382\n|teamsize|p1|6\n|teamsize|p2|6\n|gen|9\n|tier|[Gen 9] OU\n|rated|\n|rule|Sleep Clause Mod: Limit one foe put to sleep\n|rule|Species Clause: Limit one of each Pok\u00e9mon\n|rule|OHKO Clause: OHKO moves are banned\n|rule|Evasion Items Clause: Evasion items are banned\n|rule|Evasion Moves Clause: Evasion moves are banned\n|rule|Endless Battle Clause: Forcing endless battles is banned\n|rule|HP Percentage Mod: HP is shown in percentages\n|clearpoke\n|poke|p1|Kingambit, M|\n|poke|p1|Zapdos|\n|poke|p1|Iron Moth|\n|poke|p1|Garganacl, F|\n|poke|p1|Iron Valiant|\n|poke|p1|Glimmora, M|\n|poke|p2|Cinderace, F|\n|poke|p2|Empoleon, F|\n|poke|p2|Slowking-Galar, F|\n|poke|p2|Pelipper, M|\n|poke|p2|Barraskewda, F|\n|poke|p2|Rillaboom, F|\n|teampreview\n|\n|t:|1700182524\n|start\n|switch|p1a: Glimmora|Glimmora, M|100\/100\n|switch|p2a: Fishe|Barraskewda, F|100\/100\n|turn|1\n|\n|t:|1700182536\n|move|p2a: Fishe|Flip Turn|p1a: Glimmora\n|-supereffective|p1a: Glimmora\n|-enditem|p1a: Glimmora|Focus Sash\n|-damage|p1a: Glimmora|1\/100\n|-activate|p1a: Glimmora|ability: Toxic Debris\n|-sidestart|p2: OkJuice42069|move: Toxic Spikes\n|\n|t:|1700182544\n|switch|p2a: Elle + Ratio|Empoleon, F|100\/100|[from] Flip Turn\n|move|p1a: Glimmora|Energy Ball|p2a: Elle + Ratio\n|-damage|p2a: Elle + Ratio|77\/100\n|\n|-heal|p2a: Elle + Ratio|83\/100|[from] item: Leftovers\n|upkeep\n|turn|2\n|\n|t:|1700182554\n|move|p1a: Glimmora|Stealth Rock|p2a: Elle + Ratio\n|-sidestart|p2: OkJuice42069|move: Stealth Rock\n|move|p2a: Elle + Ratio|Flip Turn|p1a: Glimmora\n|-supereffective|p1a: Glimmora\n|-damage|p1a: Glimmora|0 fnt\n|-activate|p1a: Glimmora|ability: Toxic Debris\n|-sidestart|p2: OkJuice42069|move: Toxic Spikes\n|faint|p1a: Glimmora\n|\n|t:|1700182560\n|switch|p2a: Das King|Slowking-Galar, F|100\/100|[from] Flip Turn\n|-sideend|p2: OkJuice42069|move: Toxic Spikes|[of] p2a: Das King\n|-damage|p2a: Das King|88\/100|[from] Stealth Rock\n|\n|upkeep\n|\n|t:|1700182580\n|switch|p1a: Kingambit|Kingambit, M|100\/100\n|-activate|p1a: Kingambit|ability: Supreme Overlord\n|-start|p1a: Kingambit|fallen1|[silent]\n|turn|3\n|\n|t:|1700182584\n|-terastallize|p2a: Das King|Fighting\n|move|p1a: Kingambit|Swords Dance|p1a: Kingambit\n|-boost|p1a: Kingambit|atk|2\n|move|p2a: Das King|Tera Blast|p1a: Kingambit|[anim] Tera Blast Fighting\n|-supereffective|p1a: Kingambit\n|-damage|p1a: Kingambit|0 fnt\n|faint|p1a: Kingambit\n|-end|p1a: Kingambit|fallen1|[silent]\n|\n|upkeep\n|\n|t:|1700182596\n|switch|p1a: Garganacl|Garganacl, F|100\/100\n|turn|4\n|\n|t:|1700182603\n|switch|p2a: Smash Mouth|Pelipper, M|100\/100\n|-damage|p2a: Smash Mouth|76\/100|[from] Stealth Rock\n|-weather|RainDance|[from] ability: Drizzle|[of] p2a: Smash Mouth\n|-terastallize|p1a: Garganacl|Water\n|move|p1a: Garganacl|Salt Cure|p2a: Smash Mouth\n|-supereffective|p2a: Smash Mouth\n|-damage|p2a: Smash Mouth|52\/100\n|-start|p2a: Smash Mouth|Salt Cure\n|\n|-weather|RainDance|[upkeep]\n|-damage|p2a: Smash Mouth|27\/100|[from] Salt Cure\n|upkeep\n|turn|5\n|\n|t:|1700182616\n|switch|p2a: Monker|Rillaboom, F|100\/100\n|-damage|p2a: Monker|88\/100|[from] Stealth Rock\n|-fieldstart|move: Grassy Terrain|[from] ability: Grassy Surge|[of] p2a: Monker\n|move|p1a: Garganacl|Salt Cure|p2a: Monker\n|-damage|p2a: Monker|77\/100\n|-start|p2a: Monker|Salt Cure\n|\n|-weather|RainDance|[upkeep]\n|-heal|p2a: Monker|83\/100|[from] Grassy Terrain\n|-heal|p2a: Monker|89\/100|[from] item: Leftovers\n|-damage|p2a: Monker|77\/100|[from] Salt Cure\n|upkeep\n|turn|6\n|\n|t:|1700182628\n|switch|p1a: Zapdos|Zapdos|100\/100\n|move|p2a: Monker|U-turn|p1a: Zapdos\n|-resisted|p1a: Zapdos\n|-damage|p1a: Zapdos|91\/100\n|-status|p2a: Monker|par|[from] ability: Static|[of] p1a: Zapdos\n|\n|t:|1700182650\n|switch|p2a: Fishe|Barraskewda, F|100\/100|[from] U-turn\n|-damage|p2a: Fishe|88\/100|[from] Stealth Rock\n|\n|-weather|RainDance|[upkeep]\n|-heal|p2a: Fishe|94\/100|[from] Grassy Terrain\n|upkeep\n|turn|7\n|inactive|Battle timer is ON: inactive players will automatically lose when time's up. (requested by TJ fury)\n|\n|t:|1700182666\n|move|p2a: Fishe|Liquidation|p1a: Zapdos\n|-damage|p1a: Zapdos|0 fnt\n|-status|p2a: Fishe|par|[from] ability: Static|[of] p1a: Zapdos\n|faint|p1a: Zapdos\n|\n|-weather|RainDance|[upkeep]\n|-heal|p2a: Fishe|100\/100 par|[from] Grassy Terrain\n|upkeep\n|\n|t:|1700182685\n|switch|p1a: Garganacl|Garganacl, F, tera:Water|100\/100\n|turn|8\n|\n|t:|1700182689\n|switch|p2a: Monker|Rillaboom, F|77\/100 par\n|-damage|p2a: Monker|64\/100 par|[from] Stealth Rock\n|move|p1a: Garganacl|Salt Cure|p2a: Monker\n|-damage|p2a: Monker|54\/100 par\n|-start|p2a: Monker|Salt Cure\n|\n|-weather|RainDance|[upkeep]\n|-heal|p2a: Monker|60\/100 par|[from] Grassy Terrain\n|-heal|p2a: Monker|66\/100 par|[from] item: Leftovers\n|-damage|p2a: Monker|54\/100 par|[from] Salt Cure\n|upkeep\n|turn|9\n|\n|t:|1700182703\n|switch|p1a: Iron Valiant|Iron Valiant|100\/100\n|-enditem|p1a: Iron Valiant|Booster Energy\n|-activate|p1a: Iron Valiant|ability: Quark Drive|[fromitem]\n|-start|p1a: Iron Valiant|quarkdrivespe\n|move|p2a: Monker|Grassy Glide|p1a: Iron Valiant\n|-damage|p1a: Iron Valiant|61\/100\n|\n|-weather|RainDance|[upkeep]\n|-heal|p1a: Iron Valiant|67\/100|[from] Grassy Terrain\n|-heal|p2a: Monker|60\/100 par|[from] Grassy Terrain\n|-heal|p2a: Monker|66\/100 par|[from] item: Leftovers\n|-damage|p2a: Monker|54\/100 par|[from] Salt Cure\n|-fieldend|move: Grassy Terrain\n|upkeep\n|turn|10\n|\n|t:|1700182719\n|switch|p2a: Elle + Ratio|Empoleon, F|83\/100\n|-damage|p2a: Elle + Ratio|77\/100|[from] Stealth Rock\n|move|p1a: Iron Valiant|Moonblast|p2a: Elle + Ratio\n|-resisted|p2a: Elle + Ratio\n|-damage|p2a: Elle + Ratio|61\/100\n|-unboost|p2a: Elle + Ratio|spa|1\n|-ability|p2a: Elle + Ratio|Competitive|boost\n|-boost|p2a: Elle + Ratio|spa|2\n|\n|-weather|RainDance|[upkeep]\n|-heal|p2a: Elle + Ratio|67\/100|[from] item: Leftovers\n|upkeep\n|turn|11\n|\n|t:|1700182731\n|move|p1a: Iron Valiant|Thunderbolt|p2a: Elle + Ratio\n|-supereffective|p2a: Elle + Ratio\n|-damage|p2a: Elle + Ratio|26\/100\n|move|p2a: Elle + Ratio|Surf|p1a: Iron Valiant\n|-damage|p1a: Iron Valiant|0 fnt\n|faint|p1a: Iron Valiant\n|-end|p1a: Iron Valiant|Quark Drive|[silent]\n|\n|-weather|none\n|-heal|p2a: Elle + Ratio|32\/100|[from] item: Leftovers\n|upkeep\n|\n|t:|1700182742\n|switch|p1a: Iron Moth|Iron Moth|100\/100\n|-enditem|p1a: Iron Moth|Booster Energy\n|-activate|p1a: Iron Moth|ability: Quark Drive|[fromitem]\n|-start|p1a: Iron Moth|quarkdrivespe\n|turn|12\n|\n|t:|1700182746\n|move|p1a: Iron Moth|Fiery Dance|p2a: Elle + Ratio\n|-damage|p2a: Elle + Ratio|2\/100\n|-boost|p1a: Iron Moth|spa|1\n|move|p2a: Elle + Ratio|Surf|p1a: Iron Moth\n|-supereffective|p1a: Iron Moth\n|-damage|p1a: Iron Moth|0 fnt\n|faint|p1a: Iron Moth\n|-end|p1a: Iron Moth|Quark Drive|[silent]\n|\n|-heal|p2a: Elle + Ratio|9\/100|[from] item: Leftovers\n|upkeep\n|\n|t:|1700182755\n|switch|p1a: Garganacl|Garganacl, F, tera:Water|100\/100\n|turn|13\n|\n|t:|1700182761\n|move|p2a: Elle + Ratio|Surf|p1a: Garganacl\n|-resisted|p1a: Garganacl\n|-damage|p1a: Garganacl|74\/100\n|move|p1a: Garganacl|Body Press|p2a: Elle + Ratio\n|-supereffective|p2a: Elle + Ratio\n|-damage|p2a: Elle + Ratio|0 fnt\n|faint|p2a: Elle + Ratio\n|\n|-heal|p1a: Garganacl|80\/100|[from] item: Leftovers\n|upkeep\n|\n|t:|1700182764\n|switch|p2a: Ballin|Cinderace, F|100\/100\n|-damage|p2a: Ballin|76\/100|[from] Stealth Rock\n|turn|14\n|\n|t:|1700182772\n|move|p2a: Ballin|Electro Ball|p1a: Garganacl\n|-start|p2a: Ballin|typechange|Electric|[from] ability: Libero\n|-supereffective|p1a: Garganacl\n|-crit|p1a: Garganacl\n|-damage|p1a: Garganacl|0 fnt\n|faint|p1a: Garganacl\n|\n|win|OkJuice42069\n|raw|TJ fury's rating: 1337 &rarr; <strong>1320<\/strong><br \/>(-17 for losing)\n|raw|OkJuice42069's rating: 1382 &rarr; <strong>1399<\/strong><br \/>(+17 for winning)\n|l|\u2606TJ fury\n|c|\u2606OkJuice42069|shock and ball torture\n","uploadtime":1700182796,"views":9,"p1id":"tjfury","p2id":"okjuice42069","formatid":"gen9ou","rating":1320,"private":0,"password":""}