{"id":"gen9ou-1999594222","p1":"FrostArcanine19","p2":"ditwo","format":"[Gen 9] OU","log":"|j|\u2606FrostArcanine19\n|j|\u2606ditwo\n|inactive|Battle timer is ON: inactive players will automatically lose when time's up.\n|t:|1701099462\n|gametype|singles\n|player|p1|FrostArcanine19|bellelba|\n|player|p2|ditwo|swimmer-gen4dp|\n|teamsize|p1|6\n|teamsize|p2|6\n|gen|9\n|tier|[Gen 9] OU\n|rated|Tournament battle\n|rule|Sleep Clause Mod: Limit one foe put to sleep\n|rule|Species Clause: Limit one of each Pok\u00e9mon\n|rule|OHKO Clause: OHKO moves are banned\n|rule|Evasion Items Clause: Evasion items are banned\n|rule|Evasion Moves Clause: Evasion moves are banned\n|rule|Endless Battle Clause: Forcing endless battles is banned\n|rule|HP Percentage Mod: HP is shown in percentages\n|clearpoke\n|poke|p1|Vikavolt, M|\n|poke|p1|Snorlax, M|\n|poke|p1|Arbok, M|\n|poke|p1|Coalossal, M|\n|poke|p1|Rillaboom, M|\n|poke|p1|Chesnaught, F|\n|poke|p2|Vikavolt, M|\n|poke|p2|Snorlax, M|\n|poke|p2|Arbok, M|\n|poke|p2|Coalossal, F|\n|poke|p2|Rillaboom, F|\n|poke|p2|Chesnaught, F|\n|teampreview\n|j|*Lady Monita \u2746\n|j| Yeet259\n|c|\u2606ditwo|gl\n|j| Bhaviswar 2\n|j| Zwellish\n|\n|t:|1701099478\n|start\n|switch|p1a: Vikavolt|Vikavolt, M, shiny|100\/100\n|switch|p2a: Vikavolt|Vikavolt, M|100\/100\n|turn|1\n|c|\u2606FrostArcanine19|hf\n|\n|t:|1701099488\n|move|p1a: Vikavolt|Agility|p1a: Vikavolt\n|-boost|p1a: Vikavolt|spe|2\n|move|p2a: Vikavolt|Sticky Web|p1a: Vikavolt\n|-sidestart|p1: FrostArcanine19|move: Sticky Web\n|\n|upkeep\n|turn|2\n|inactive|ditwo has 120 seconds left.\n|\n|t:|1701099523\n|move|p1a: Vikavolt|Sticky Web|p2a: Vikavolt\n|-sidestart|p2: ditwo|move: Sticky Web\n|move|p2a: Vikavolt|Thunderbolt|p1a: Vikavolt\n|-resisted|p1a: Vikavolt\n|-damage|p1a: Vikavolt|62\/100\n|\n|upkeep\n|turn|3\n|j| Glasshaus\n|\n|t:|1701099530\n|move|p1a: Vikavolt|Air Slash|p2a: Vikavolt\n|-damage|p2a: Vikavolt|62\/100\n|move|p2a: Vikavolt|Thunderbolt|p1a: Vikavolt\n|-resisted|p1a: Vikavolt\n|-damage|p1a: Vikavolt|20\/100\n|\n|upkeep\n|turn|4\n|\n|t:|1701099536\n|move|p1a: Vikavolt|Air Slash|p2a: Vikavolt\n|-damage|p2a: Vikavolt|19\/100\n|cant|p2a: Vikavolt|flinch\n|\n|upkeep\n|turn|5\n|\n|t:|1701099545\n|move|p1a: Vikavolt|Discharge|p2a: Vikavolt\n|-resisted|p2a: Vikavolt\n|-damage|p2a: Vikavolt|0 fnt\n|faint|p2a: Vikavolt\n|\n|upkeep\n|\n|t:|1701099567\n|switch|p2a: Coalossal|Coalossal, F|100\/100\n|turn|6\n|\n|t:|1701099573\n|move|p1a: Vikavolt|Discharge|p2a: Coalossal\n|-damage|p2a: Coalossal|61\/100\n|move|p2a: Coalossal|Flamethrower|p1a: Vikavolt\n|-supereffective|p1a: Vikavolt\n|-crit|p1a: Vikavolt\n|-damage|p1a: Vikavolt|0 fnt\n|faint|p1a: Vikavolt\n|\n|upkeep\n|\n|t:|1701099579\n|switch|p1a: Coalossal|Coalossal, M, shiny|100\/100\n|-activate|p1a: Coalossal|move: Sticky Web\n|-unboost|p1a: Coalossal|spe|1\n|turn|7\n|\n|t:|1701099587\n|move|p2a: Coalossal|Rapid Spin|p1a: Coalossal\n|-resisted|p1a: Coalossal\n|-damage|p1a: Coalossal|98\/100\n|-boost|p2a: Coalossal|spe|1\n|-sideend|p2: ditwo|Sticky Web|[from] move: Rapid Spin|[of] p2a: Coalossal\n|move|p1a: Coalossal|Stealth Rock|p2a: Coalossal\n|-sidestart|p2: ditwo|move: Stealth Rock\n|\n|upkeep\n|turn|8\n|\n|t:|1701099598\n|move|p2a: Coalossal|Power Gem|p1a: Coalossal\n|-supereffective|p1a: Coalossal\n|-damage|p1a: Coalossal|49\/100\n|move|p1a: Coalossal|Scald|p2a: Coalossal\n|-supereffective|p2a: Coalossal\n|-damage|p2a: Coalossal|0 fnt\n|faint|p2a: Coalossal\n|-damage|p1a: Coalossal|39\/100|[from] item: Life Orb\n|\n|upkeep\n|\n|t:|1701099616\n|switch|p2a: Chesnaught|Chesnaught, F|100\/100\n|-damage|p2a: Chesnaught|94\/100|[from] Stealth Rock\n|turn|9\n|\n|t:|1701099622\n|move|p2a: Chesnaught|Body Press|p1a: Coalossal\n|-supereffective|p1a: Coalossal\n|-damage|p1a: Coalossal|0 fnt\n|faint|p1a: Coalossal\n|\n|-heal|p2a: Chesnaught|100\/100|[from] item: Leftovers\n|upkeep\n|\n|t:|1701099629\n|switch|p1a: Chesnaught|Chesnaught, F, shiny|100\/100\n|-activate|p1a: Chesnaught|move: Sticky Web\n|-unboost|p1a: Chesnaught|spe|1\n|turn|10\n|\n|t:|1701099642\n|move|p2a: Chesnaught|Spikes|p1a: Chesnaught\n|-sidestart|p1: FrostArcanine19|Spikes\n|move|p1a: Chesnaught|Aerial Ace|p2a: Chesnaught\n|-supereffective|p2a: Chesnaught\n|-damage|p2a: Chesnaught|55\/100\n|\n|-heal|p2a: Chesnaught|61\/100|[from] item: Leftovers\n|upkeep\n|turn|11\n|j| T.G.W Galladee\n|j| Camellia-god\n|l| T.G.W Galladee\n|\n|t:|1701099659\n|move|p2a: Chesnaught|Spikes|p1a: Chesnaught\n|-sidestart|p1: FrostArcanine19|Spikes\n|move|p1a: Chesnaught|Aerial Ace|p2a: Chesnaught\n|-supereffective|p2a: Chesnaught\n|-damage|p2a: Chesnaught|16\/100\n|\n|-heal|p2a: Chesnaught|22\/100|[from] item: Leftovers\n|upkeep\n|turn|12\n|\n|t:|1701099665\n|move|p2a: Chesnaught|Body Press|p1a: Chesnaught\n|-damage|p1a: Chesnaught|71\/100\n|move|p1a: Chesnaught|Aerial Ace|p2a: Chesnaught\n|-supereffective|p2a: Chesnaught\n|-damage|p2a: Chesnaught|0 fnt\n|faint|p2a: Chesnaught\n|\n|upkeep\n|\n|t:|1701099678\n|switch|p2a: Arbok|Arbok, M|100\/100\n|-damage|p2a: Arbok|88\/100|[from] Stealth Rock\n|-ability|p2a: Arbok|Intimidate|boost\n|-unboost|p1a: Chesnaught|atk|1\n|turn|13\n|\n|t:|1701099684\n|move|p2a: Arbok|Gunk Shot|p1a: Chesnaught\n|-supereffective|p1a: Chesnaught\n|-damage|p1a: Chesnaught|22\/100\n|move|p1a: Chesnaught|High Horsepower|p2a: Arbok\n|-supereffective|p2a: Arbok\n|-damage|p2a: Arbok|34\/100\n|\n|upkeep\n|turn|14\n|\n|t:|1701099689\n|move|p1a: Chesnaught|Spiky Shield|p1a: Chesnaught\n|-singleturn|p1a: Chesnaught|move: Protect\n|move|p2a: Arbok|Gunk Shot|p1a: Chesnaught\n|-activate|p1a: Chesnaught|move: Protect\n|\n|upkeep\n|turn|15\n|\n|t:|1701099693\n|move|p2a: Arbok|Gunk Shot|p1a: Chesnaught\n|-supereffective|p1a: Chesnaught\n|-damage|p1a: Chesnaught|0 fnt\n|faint|p1a: Chesnaught\n|\n|upkeep\n|\n|t:|1701099697\n|switch|p1a: Arbok|Arbok, M, shiny|100\/100\n|-activate|p1a: Arbok|move: Sticky Web\n|-unboost|p1a: Arbok|spe|1\n|-damage|p1a: Arbok|84\/100|[from] Spikes\n|-ability|p1a: Arbok|Intimidate|boost\n|-unboost|p2a: Arbok|atk|1\n|turn|16\n|\n|t:|1701099704\n|-terastallize|p1a: Arbok|Dragon\n|move|p2a: Arbok|Gunk Shot|p1a: Arbok\n|-damage|p1a: Arbok|41\/100\n|move|p1a: Arbok|Scale Shot|p2a: Arbok\n|-damage|p2a: Arbok|19\/100\n|-damage|p2a: Arbok|3\/100\n|-damage|p2a: Arbok|0 fnt\n|faint|p2a: Arbok\n|-hitcount|p2: Arbok|3\n|-unboost|p1a: Arbok|def|1\n|-boost|p1a: Arbok|spe|1\n|\n|upkeep\n|\n|t:|1701099715\n|switch|p2a: Snorlax|Snorlax, M|100\/100\n|-damage|p2a: Snorlax|88\/100|[from] Stealth Rock\n|turn|17\n|j| Carolina6969\n|\n|t:|1701099729\n|move|p1a: Arbok|Scale Shot|p2a: Snorlax\n|-damage|p2a: Snorlax|78\/100\n|-damage|p2a: Snorlax|68\/100\n|-damage|p2a: Snorlax|57\/100\n|-damage|p2a: Snorlax|48\/100\n|-damage|p2a: Snorlax|38\/100\n|-hitcount|p2a: Snorlax|5\n|-unboost|p1a: Arbok|def|1\n|-boost|p1a: Arbok|spe|1\n|move|p2a: Snorlax|Body Slam|p1a: Arbok\n|-damage|p1a: Arbok|0 fnt\n|faint|p1a: Arbok\n|\n|upkeep\n|l| Carolina6969\n|\n|t:|1701099744\n|switch|p1a: Rillaboom|Rillaboom, M, shiny|100\/100\n|-activate|p1a: Rillaboom|move: Sticky Web\n|-unboost|p1a: Rillaboom|spe|1\n|-damage|p1a: Rillaboom|84\/100|[from] Spikes\n|-fieldstart|move: Grassy Terrain|[from] ability: Grassy Surge|[of] p1a: Rillaboom\n|-enditem|p1a: Rillaboom|Grassy Seed\n|-boost|p1a: Rillaboom|def|1|[from] item: Grassy Seed\n|turn|18\n|\n|t:|1701099761\n|move|p1a: Rillaboom|Fake Out|p2a: Snorlax\n|-damage|p2a: Snorlax|25\/100\n|cant|p2a: Snorlax|flinch\n|\n|-heal|p1a: Rillaboom|90\/100|[from] Grassy Terrain\n|-heal|p2a: Snorlax|31\/100|[from] Grassy Terrain\n|upkeep\n|turn|19\n|\n|t:|1701099769\n|move|p1a: Rillaboom|Grassy Glide|p2a: Snorlax\n|-damage|p2a: Snorlax|0 fnt\n|faint|p2a: Snorlax\n|\n|-heal|p1a: Rillaboom|96\/100|[from] Grassy Terrain\n|upkeep\n|\n|t:|1701099774\n|switch|p2a: Rillaboom|Rillaboom, F|100\/100\n|-damage|p2a: Rillaboom|88\/100|[from] Stealth Rock\n|turn|20\n|\n|t:|1701099795\n|-terastallize|p2a: Rillaboom|Fairy\n|move|p2a: Rillaboom|U-turn|p1a: Rillaboom\n|-supereffective|p1a: Rillaboom\n|-damage|p1a: Rillaboom|58\/100\n|move|p1a: Rillaboom|Acrobatics|p2a: Rillaboom\n|-crit|p2a: Rillaboom\n|-damage|p2a: Rillaboom|36\/100\n|\n|-heal|p2a: Rillaboom|42\/100|[from] Grassy Terrain\n|-heal|p1a: Rillaboom|64\/100|[from] Grassy Terrain\n|upkeep\n|turn|21\n|\n|t:|1701099812\n|move|p1a: Rillaboom|Grassy Glide|p2a: Rillaboom\n|-damage|p2a: Rillaboom|8\/100\n|move|p2a: Rillaboom|U-turn|p1a: Rillaboom\n|-supereffective|p1a: Rillaboom\n|-damage|p1a: Rillaboom|24\/100\n|\n|-heal|p2a: Rillaboom|14\/100|[from] Grassy Terrain\n|-heal|p1a: Rillaboom|30\/100|[from] Grassy Terrain\n|upkeep\n|turn|22\n|c|\u2606FrostArcanine19|gg\n|\n|t:|1701099822\n|move|p1a: Rillaboom|Grassy Glide|p2a: Rillaboom\n|-damage|p2a: Rillaboom|0 fnt\n|faint|p2a: Rillaboom\n|\n|win|FrostArcanine19\n|n|\u2606FrostArcanine19|frostarcanine19\n|n|\u2606ditwo|ditwo\n|n|*Lady Monita \u2746|ladymonita\n|n| Yeet259|yeet259\n|n| Bhaviswar 2|bhaviswar2\n|n| Zwellish|zwellish\n|n| Glasshaus|glasshaus\n|n| Camellia-god|camelliagod\n","uploadtime":1701099823,"views":2,"p1id":"frostarcanine19","p2id":"ditwo","formatid":"gen9ou","rating":0,"private":0,"password":""}