{"id":"gen9ou-1995433872","p1":"sorryforbeingfat","p2":"Scootbrum","format":"[Gen 9] OU","log":"|j|\u2606sorryforbeingfat\n|j|\u2606Scootbrum\n|t:|1700570251\n|gametype|singles\n|player|p1|sorryforbeingfat|raifort|1094\n|player|p2|Scootbrum|170|1000\n|teamsize|p1|6\n|teamsize|p2|6\n|gen|9\n|tier|[Gen 9] OU\n|rated|\n|rule|Sleep Clause Mod: Limit one foe put to sleep\n|rule|Species Clause: Limit one of each Pok\u00e9mon\n|rule|OHKO Clause: OHKO moves are banned\n|rule|Evasion Items Clause: Evasion items are banned\n|rule|Evasion Moves Clause: Evasion moves are banned\n|rule|Endless Battle Clause: Forcing endless battles is banned\n|rule|HP Percentage Mod: HP is shown in percentages\n|clearpoke\n|poke|p1|Mandibuzz, F|\n|poke|p1|Skeledirge, M|\n|poke|p1|Amoonguss, F|\n|poke|p1|Alomomola, M|\n|poke|p1|Clefable, F|\n|poke|p1|Ursaluna, M|\n|poke|p2|Garchomp, F|\n|poke|p2|Landorus-Therian, M|\n|poke|p2|Chandelure, F|\n|poke|p2|Hoopa-Unbound|\n|poke|p2|Thundurus-Therian, M|\n|poke|p2|Electrode-Hisui|\n|teampreview\n|inactive|Battle timer is ON: inactive players will automatically lose when time's up. (requested by sorryforbeingfat)\n|\n|t:|1700570271\n|start\n|switch|p1a: Treble|Clefable, F|100\/100\n|switch|p2a: Electrode|Electrode-Hisui|100\/100\n|turn|1\n|\n|t:|1700570281\n|move|p2a: Electrode|Chloroblast|p1a: Treble\n|-damage|p1a: Treble|56\/100\n|-damage|p2a: Electrode|50\/100|[from] Recoil\n|move|p1a: Treble|Stealth Rock|p2a: Electrode\n|-sidestart|p2: Scootbrum|move: Stealth Rock\n|\n|-heal|p2a: Electrode|57\/100|[from] item: Leftovers\n|upkeep\n|turn|2\n|\n|t:|1700570290\n|move|p2a: Electrode|Giga Drain|p1a: Treble\n|-damage|p1a: Treble|37\/100\n|-heal|p2a: Electrode|71\/100|[from] drain|[of] p1a: Treble\n|move|p1a: Treble|Moonlight|p1a: Treble\n|-heal|p1a: Treble|87\/100\n|\n|-heal|p2a: Electrode|77\/100|[from] item: Leftovers\n|upkeep\n|turn|3\n|\n|t:|1700570303\n|switch|p1a: Enrique|Skeledirge, M|100\/100\n|move|p2a: Electrode|Giga Drain|p1a: Enrique\n|-resisted|p1a: Enrique\n|-damage|p1a: Enrique|92\/100\n|-heal|p2a: Electrode|84\/100|[from] drain|[of] p1a: Enrique\n|\n|-heal|p2a: Electrode|90\/100|[from] item: Leftovers\n|upkeep\n|turn|4\n|\n|t:|1700570315\n|move|p2a: Electrode|Explosion|p1a: Enrique\n|-immune|p1a: Enrique\n|faint|p2a: Electrode\n|move|p1a: Enrique|Hex|p2: Electrode|[notarget]\n|-fail|p1a: Enrique\n|\n|upkeep\n|\n|t:|1700570325\n|switch|p2a: Hoopa|Hoopa-Unbound|100\/100\n|-damage|p2a: Hoopa|88\/100|[from] Stealth Rock\n|turn|5\n|\n|t:|1700570331\n|switch|p1a: Vulture|Mandibuzz, F, shiny|100\/100\n|move|p2a: Hoopa|Taunt|p1a: Vulture\n|-start|p1a: Vulture|move: Taunt\n|\n|upkeep\n|turn|6\n|\n|t:|1700570340\n|switch|p1a: Fishy|Alomomola, M|100\/100\n|-singleturn|p2a: Hoopa|move: Focus Punch\n|move|p2a: Hoopa|Focus Punch|p1a: Fishy\n|-damage|p1a: Fishy|60\/100\n|\n|upkeep\n|turn|7\n|c|\u2606sorryforbeingfat|Thats wild\n|c|\u2606sorryforbeingfat|I shouldve ohkoed u\n|\n|t:|1700570354\n|move|p1a: Fishy|Protect|p1a: Fishy\n|-singleturn|p1a: Fishy|Protect\n|move|p2a: Hoopa|Drain Punch|p1a: Fishy\n|-activate|p1a: Fishy|move: Protect\n|\n|upkeep\n|turn|8\n|\n|t:|1700570362\n|move|p2a: Hoopa|Taunt|p1a: Fishy\n|-start|p1a: Fishy|move: Taunt\n|cant|p1a: Fishy|move: Taunt|Wish\n|\n|upkeep\n|turn|9\n|\n|t:|1700570367\n|move|p2a: Hoopa|Calm Mind|p2a: Hoopa\n|-boost|p2a: Hoopa|spa|1\n|-boost|p2a: Hoopa|spd|1\n|move|p1a: Fishy|Flip Turn|p2a: Hoopa\n|-damage|p2a: Hoopa|67\/100\n|\n|t:|1700570370\n|switch|p1a: Vulture|Mandibuzz, F, shiny|100\/100|[from] Flip Turn\n|\n|upkeep\n|turn|10\n|c|\u2606sorryforbeingfat|?\n|\n|t:|1700570384\n|move|p2a: Hoopa|Drain Punch|p1a: Vulture\n|-damage|p1a: Vulture|79\/100\n|-heal|p2a: Hoopa|81\/100|[from] drain|[of] p1a: Vulture\n|move|p1a: Vulture|Foul Play|p2a: Hoopa\n|-damage|p2a: Hoopa|4\/100\n|\n|upkeep\n|turn|11\n|\n|t:|1700570395\n|-singleturn|p2a: Hoopa|move: Focus Punch\n|move|p1a: Vulture|Iron Defense|p1a: Vulture\n|-boost|p1a: Vulture|def|2\n|move|p2a: Hoopa|Focus Punch|p1a: Vulture\n|-damage|p1a: Vulture|59\/100\n|\n|upkeep\n|turn|12\n|\n|t:|1700570409\n|move|p2a: Hoopa|Drain Punch|p1a: Vulture\n|-damage|p1a: Vulture|48\/100\n|-heal|p2a: Hoopa|11\/100|[from] drain|[of] p1a: Vulture\n|move|p1a: Vulture|Iron Defense|p1a: Vulture\n|-boost|p1a: Vulture|def|2\n|\n|upkeep\n|turn|13\n|\n|t:|1700570417\n|move|p2a: Hoopa|Drain Punch|p1a: Vulture\n|-damage|p1a: Vulture|39\/100\n|-heal|p2a: Hoopa|17\/100|[from] drain|[of] p1a: Vulture\n|move|p1a: Vulture|Roost|p1a: Vulture\n|-heal|p1a: Vulture|89\/100\n|-singleturn|p1a: Vulture|move: Roost\n|\n|upkeep\n|turn|14\n|\n|t:|1700570428\n|switch|p2a: Op Gowno|Landorus-Therian, M|100\/100\n|-damage|p2a: Op Gowno|88\/100|[from] Stealth Rock\n|-ability|p2a: Op Gowno|Intimidate|boost\n|-unboost|p1a: Vulture|atk|1\n|move|p1a: Vulture|Foul Play|p2a: Op Gowno\n|-damage|p2a: Op Gowno|36\/100\n|\n|upkeep\n|turn|15\n|\n|t:|1700570438\n|move|p2a: Op Gowno|Smack Down|p1a: Vulture\n|-supereffective|p1a: Vulture\n|-damage|p1a: Vulture|80\/100\n|-start|p1a: Vulture|Smack Down\n|move|p1a: Vulture|Foul Play|p2a: Op Gowno\n|-damage|p2a: Op Gowno|0 fnt\n|faint|p2a: Op Gowno\n|\n|upkeep\n|\n|t:|1700570447\n|switch|p2a: Rzadkie gowno|Garchomp, F|100\/100\n|turn|16\n|\n|t:|1700570451\n|move|p2a: Rzadkie gowno|Dig||[still]\n|-prepare|p2a: Rzadkie gowno|Dig\n|move|p1a: Vulture|Foul Play|p2a: Rzadkie gowno|[miss]\n|-miss|p1a: Vulture|p2a: Rzadkie gowno\n|\n|upkeep\n|turn|17\n|\n|t:|1700570457\n|switch|p1a: Shh\u2026|Amoonguss, F|100\/100\n|move|p2a: Rzadkie gowno|Dig|p1a: Shh\u2026|[from]lockedmove\n|-crit|p1a: Shh\u2026\n|-damage|p1a: Shh\u2026|58\/100\n|\n|upkeep\n|turn|18\n|\n|t:|1700570464\n|move|p2a: Rzadkie gowno|Dig||[still]\n|-prepare|p2a: Rzadkie gowno|Dig\n|move|p1a: Shh\u2026|Spore|p2a: Rzadkie gowno|[miss]\n|-miss|p1a: Shh\u2026|p2a: Rzadkie gowno\n|\n|upkeep\n|turn|19\n|\n|t:|1700570473\n|move|p2a: Rzadkie gowno|Dig|p1a: Shh\u2026|[from]lockedmove\n|-damage|p1a: Shh\u2026|28\/100\n|move|p1a: Shh\u2026|Spore|p2a: Rzadkie gowno\n|-status|p2a: Rzadkie gowno|slp|[from] move: Spore\n|\n|upkeep\n|turn|20\n|\n|t:|1700570480\n|cant|p2a: Rzadkie gowno|slp\n|move|p1a: Shh\u2026|Giga Drain|p2a: Rzadkie gowno\n|-damage|p2a: Rzadkie gowno|79\/100 slp\n|-heal|p1a: Shh\u2026|38\/100|[from] drain|[of] p2a: Rzadkie gowno\n|\n|upkeep\n|turn|21\n|\n|t:|1700570487\n|switch|p1a: Vulture|Mandibuzz, F, shiny|80\/100\n|cant|p2a: Rzadkie gowno|slp\n|\n|upkeep\n|turn|22\n|\n|t:|1700570496\n|switch|p2a: Chandelure|Chandelure, F|100\/100\n|-damage|p2a: Chandelure|76\/100|[from] Stealth Rock\n|move|p1a: Vulture|Iron Defense|p1a: Vulture\n|-boost|p1a: Vulture|def|2\n|\n|upkeep\n|turn|23\n|\n|t:|1700570507\n|switch|p1a: Enrique|Skeledirge, M|92\/100\n|move|p2a: Chandelure|Overheat|p1a: Enrique\n|-resisted|p1a: Enrique\n|-damage|p1a: Enrique|57\/100\n|-unboost|p2a: Chandelure|spa|2\n|-damage|p2a: Chandelure|66\/100|[from] item: Life Orb\n|\n|upkeep\n|turn|24\n|\n|t:|1700570519\n|switch|p2a: Rzadkie gowno|Garchomp, F|79\/100 slp\n|switch|p1a: Ursa Major|Ursaluna, M, shiny|100\/100\n|\n|-status|p1a: Ursa Major|brn|[from] item: Flame Orb\n|upkeep\n|turn|25\n|inactive|sorryforbeingfat has 120 seconds left.\n|\n|t:|1700570553\n|cant|p2a: Rzadkie gowno|slp\n|move|p1a: Ursa Major|Swords Dance|p1a: Ursa Major\n|-boost|p1a: Ursa Major|atk|2\n|\n|-damage|p1a: Ursa Major|94\/100 brn|[from] brn\n|upkeep\n|turn|26\n|c|\u2606sorryforbeingfat|!dt eq\n|raw|<ul class=\"utilichart\"><li class=\"result\"><span class=\"col movenamecol\"><a href=\"https:\/\/dex.pokemonshowdown.com\/moves\/earthquake\">Earthquake<\/a><\/span> <span class=\"col typecol\"><img src=\"\/\/play.pokemonshowdown.com\/sprites\/types\/Ground.png\" alt=\"Ground\" width=\"32\" height=\"14\"><img src=\"\/\/play.pokemonshowdown.com\/sprites\/categories\/Physical.png\" alt=\"Physical\" width=\"32\" height=\"14\"><\/span> <span class=\"col labelcol\"><em>Power<\/em><br>100<\/span> <span class=\"col widelabelcol\"><em>Accuracy<\/em><br>100%<\/span> <span class=\"col pplabelcol\"><em>PP<\/em><br>16<\/span> <span class=\"col movedesccol\">Hits adjacent Pokemon. Double damage on Dig.<\/span> <\/li><li style=\"clear:both\"><\/li><\/ul>\n|raw|<font size=\"1\"><font color=\"#686868\">Priority:<\/font> 0&nbsp;|&ThickSpace;<font color=\"#686868\">Gen:<\/font> 1&nbsp;|&ThickSpace;<font color=\"#686868\">Z-Power:<\/font> 180&nbsp;|&ThickSpace;<font color=\"#686868\">Dynamax Power:<\/font> 130&nbsp;|&ThickSpace;<font color=\"#686868\">Target:<\/font> All Adjacent Pok\u00e9mon<\/font>\n\n|inactive|sorryforbeingfat has 120 seconds left.\n|\n|t:|1700570567\n|-curestatus|p2a: Rzadkie gowno|slp|[msg]\n|move|p2a: Rzadkie gowno|Swords Dance|p2a: Rzadkie gowno\n|-boost|p2a: Rzadkie gowno|atk|2\n|move|p1a: Ursa Major|Facade|p2a: Rzadkie gowno\n|-damage|p2a: Rzadkie gowno|0 fnt\n|-damage|p1a: Ursa Major|82\/100 brn|[from] ability: Rough Skin|[of] p2a: Rzadkie gowno\n|faint|p2a: Rzadkie gowno\n|\n|-damage|p1a: Ursa Major|76\/100 brn|[from] brn\n|upkeep\n|\n|t:|1700570581\n|switch|p2a: Hoopa|Hoopa-Unbound|17\/100\n|-damage|p2a: Hoopa|5\/100|[from] Stealth Rock\n|turn|27\n|\n|t:|1700570591\n|switch|p1a: Enrique|Skeledirge, M|57\/100\n|-singleturn|p2a: Hoopa|move: Focus Punch\n|move|p2a: Hoopa|Focus Punch|p1a: Enrique\n|-immune|p1a: Enrique\n|\n|upkeep\n|turn|28\n|\n|t:|1700570603\n|switch|p2a: Thundurus|Thundurus-Therian, M|100\/100\n|-damage|p2a: Thundurus|76\/100|[from] Stealth Rock\n|move|p1a: Enrique|Slack Off|p1a: Enrique\n|-heal|p1a: Enrique|100\/100\n|\n|-heal|p2a: Thundurus|82\/100|[from] item: Leftovers\n|upkeep\n|turn|29\n|\n|t:|1700570625\n|switch|p1a: Ursa Major|Ursaluna, M, shiny|76\/100 brn\n|move|p2a: Thundurus|Bulk Up|p2a: Thundurus\n|-boost|p2a: Thundurus|atk|1\n|-boost|p2a: Thundurus|def|1\n|\n|-heal|p2a: Thundurus|88\/100|[from] item: Leftovers\n|-damage|p1a: Ursa Major|70\/100 brn|[from] brn\n|upkeep\n|turn|30\n|\n|t:|1700570636\n|switch|p1a: Treble|Clefable, F|87\/100\n|move|p2a: Thundurus|Bulk Up|p2a: Thundurus\n|-boost|p2a: Thundurus|atk|1\n|-boost|p2a: Thundurus|def|1\n|\n|-heal|p2a: Thundurus|94\/100|[from] item: Leftovers\n|upkeep\n|turn|31\n|\n|t:|1700570645\n|move|p2a: Thundurus|Bulk Up|p2a: Thundurus\n|-boost|p2a: Thundurus|atk|1\n|-boost|p2a: Thundurus|def|1\n|move|p1a: Treble|Wish|p1a: Treble\n|\n|-heal|p2a: Thundurus|99\/100|[from] item: Leftovers\n|upkeep\n|turn|32\n|\n|t:|1700570654\n|move|p2a: Thundurus|Bulk Up|p2a: Thundurus\n|-boost|p2a: Thundurus|atk|1\n|-boost|p2a: Thundurus|def|1\n|move|p1a: Treble|Moonblast|p2a: Thundurus\n|-damage|p2a: Thundurus|56\/100\n|-unboost|p2a: Thundurus|spa|1\n|\n|-heal|p1a: Treble|100\/100|[from] move: Wish|[wisher] Treble\n|-heal|p2a: Thundurus|62\/100|[from] item: Leftovers\n|upkeep\n|turn|33\n|c|\u2606sorryforbeingfat|!dt thundurus\n|raw|<div class=\"message\"><ul class=\"utilichart\"><li class=\"result\"><span class=\"col numcol\">RU<\/span> <span class=\"col iconcol\"><psicon pokemon=\"thundurus\"\/><\/span> <span class=\"col pokemonnamecol\" style=\"white-space:nowrap\"><a href=\"https:\/\/dex.pokemonshowdown.com\/pokemon\/thundurus\" target=\"_blank\">Thundurus<\/a><\/span> <span class=\"col typecol\"><img src=\"https:\/\/play.pokemonshowdown.com\/sprites\/types\/Electric.png\" alt=\"Electric\" height=\"14\" width=\"32\"><img src=\"https:\/\/play.pokemonshowdown.com\/sprites\/types\/Flying.png\" alt=\"Flying\" height=\"14\" width=\"32\"><\/span> <span style=\"float:left;min-height:26px\"><span class=\"col abilitycol\">Prankster<\/span><span class=\"col abilitycol\"><em>Defiant<\/em><\/span><\/span><span style=\"float:left;min-height:26px\"><span class=\"col statcol\"><em>HP<\/em><br \/>79<\/span> <span class=\"col statcol\"><em>Atk<\/em><br \/>115<\/span> <span class=\"col statcol\"><em>Def<\/em><br \/>70<\/span> <span class=\"col statcol\"><em>SpA<\/em><br \/>125<\/span> <span class=\"col statcol\"><em>SpD<\/em><br \/>80<\/span> <span class=\"col statcol\"><em>Spe<\/em><br \/>111<\/span> <span class=\"col bstcol\"><em>BST<br \/>580<\/em><\/span> <\/span><\/li><li style=\"clear:both\"><\/li><\/ul><\/div>\n|raw|<font size=\"1\"><font color=\"#686868\">Dex#:<\/font> 642&nbsp;|&ThickSpace;<font color=\"#686868\">Gen:<\/font> 5&nbsp;|&ThickSpace;<font color=\"#686868\">Height:<\/font> 1.5 m&nbsp;|&ThickSpace;<font color=\"#686868\">Weight:<\/font> 61 kg <em>(80 BP)<\/em>&nbsp;|&ThickSpace;<font color=\"#686868\">Dex Colour:<\/font> Blue&nbsp;|&ThickSpace;<font color=\"#686868\">Egg Group(s):<\/font> Undiscovered&nbsp;|&ThickSpace;<font color=\"#686868\">Does Not Evolve<\/font><\/font>\n\n|c|\u2606sorryforbeingfat|!dt thundurus t\n|raw|<div class=\"message\"><ul class=\"utilichart\"><li class=\"result\"><span class=\"col numcol\">UU<\/span> <span class=\"col iconcol\"><psicon pokemon=\"thundurustherian\"\/><\/span> <span class=\"col pokemonnamecol\" style=\"white-space:nowrap\"><a href=\"https:\/\/dex.pokemonshowdown.com\/pokemon\/thundurustherian\" target=\"_blank\">Thundurus-Therian<\/a><\/span> <span class=\"col typecol\"><img src=\"https:\/\/play.pokemonshowdown.com\/sprites\/types\/Electric.png\" alt=\"Electric\" height=\"14\" width=\"32\"><img src=\"https:\/\/play.pokemonshowdown.com\/sprites\/types\/Flying.png\" alt=\"Flying\" height=\"14\" width=\"32\"><\/span> <span style=\"float:left;min-height:26px\"><span class=\"col abilitycol\">Volt Absorb<\/span><span class=\"col abilitycol\"><\/span><\/span><span style=\"float:left;min-height:26px\"><span class=\"col statcol\"><em>HP<\/em><br \/>79<\/span> <span class=\"col statcol\"><em>Atk<\/em><br \/>105<\/span> <span class=\"col statcol\"><em>Def<\/em><br \/>70<\/span> <span class=\"col statcol\"><em>SpA<\/em><br \/>145<\/span> <span class=\"col statcol\"><em>SpD<\/em><br \/>80<\/span> <span class=\"col statcol\"><em>Spe<\/em><br \/>101<\/span> <span class=\"col bstcol\"><em>BST<br \/>580<\/em><\/span> <\/span><\/li><li style=\"clear:both\"><\/li><\/ul><\/div>\n|raw|<font size=\"1\"><font color=\"#686868\">Dex#:<\/font> 642&nbsp;|&ThickSpace;<font color=\"#686868\">Gen:<\/font> 5&nbsp;|&ThickSpace;<font color=\"#686868\">Height:<\/font> 3 m&nbsp;|&ThickSpace;<font color=\"#686868\">Weight:<\/font> 61 kg <em>(80 BP)<\/em>&nbsp;|&ThickSpace;<font color=\"#686868\">Dex Colour:<\/font> Blue&nbsp;|&ThickSpace;<font color=\"#686868\">Egg Group(s):<\/font> Undiscovered&nbsp;|&ThickSpace;<font color=\"#686868\">Does Not Evolve<\/font><\/font>\n\n|c|\u2606sorryforbeingfat|Brother\n|inactive|sorryforbeingfat has 120 seconds left.\n|c|\u2606sorryforbeingfat|My brother in Christ\n|c|\u2606sorryforbeingfat|What rhe fuck\n|c|\u2606sorryforbeingfat|You have one of the best spatkers in the game\n|\n|t:|1700570710\n|move|p2a: Thundurus|Knock Off|p1a: Treble\n|-resisted|p1a: Treble\n|-damage|p1a: Treble|89\/100\n|-enditem|p1a: Treble|Heavy-Duty Boots|[from] move: Knock Off|[of] p2a: Thundurus\n|move|p1a: Treble|Moonblast|p2a: Thundurus\n|-damage|p2a: Thundurus|17\/100\n|-unboost|p2a: Thundurus|spa|1\n|\n|-heal|p2a: Thundurus|23\/100|[from] item: Leftovers\n|upkeep\n|turn|34\n|c|\u2606sorryforbeingfat|Was that worth it\n|inactive|sorryforbeingfat has 90 seconds left.\n|\n|t:|1700570725\n|move|p2a: Thundurus|Acrobatics|p1a: Treble\n|-damage|p1a: Treble|68\/100\n|move|p1a: Treble|Wish|p1a: Treble\n|\n|-heal|p2a: Thundurus|29\/100|[from] item: Leftovers\n|upkeep\n|turn|35\n|\n|t:|1700570735\n|move|p2a: Thundurus|Bulk Up|p2a: Thundurus\n|-boost|p2a: Thundurus|atk|1\n|-boost|p2a: Thundurus|def|1\n|move|p1a: Treble|Moonblast|p2a: Thundurus\n|-damage|p2a: Thundurus|0 fnt\n|faint|p2a: Thundurus\n|\n|-heal|p1a: Treble|100\/100|[from] move: Wish|[wisher] Treble\n|upkeep\n|\n|t:|1700570747\n|switch|p2a: Hoopa|Hoopa-Unbound|5\/100\n|-damage|p2a: Hoopa|0 fnt|[from] Stealth Rock\n|faint|p2a: Hoopa\n|\n|t:|1700570751\n|switch|p2a: Chandelure|Chandelure, F|66\/100\n|-damage|p2a: Chandelure|41\/100|[from] Stealth Rock\n|turn|36\n|\n|t:|1700570760\n|switch|p1a: Enrique|Skeledirge, M|100\/100\n|move|p2a: Chandelure|Overheat|p1a: Enrique\n|-resisted|p1a: Enrique\n|-damage|p1a: Enrique|67\/100\n|-unboost|p2a: Chandelure|spa|2\n|-damage|p2a: Chandelure|31\/100|[from] item: Life Orb\n|\n|upkeep\n|turn|37\n|\n|t:|1700570769\n|switch|p1a: Ursa Major|Ursaluna, M, shiny|70\/100 brn\n|move|p2a: Chandelure|Flare Blitz|p1a: Ursa Major\n|-damage|p1a: Ursa Major|40\/100 brn\n|-damage|p2a: Chandelure|17\/100|[from] Recoil\n|-damage|p2a: Chandelure|7\/100|[from] item: Life Orb\n|\n|-damage|p1a: Ursa Major|34\/100 brn|[from] brn\n|upkeep\n|turn|38\n|c|\u2606sorryforbeingfat|>\n|inactive|sorryforbeingfat has 120 seconds left.\n|\n|t:|1700570781\n|move|p2a: Chandelure|Acid Armor|p2a: Chandelure\n|-boost|p2a: Chandelure|def|2\n|move|p1a: Ursa Major|Fire Punch|p2a: Chandelure\n|-start|p2a: Chandelure|ability: Flash Fire\n|\n|-damage|p1a: Ursa Major|28\/100 brn|[from] brn\n|upkeep\n|turn|39\n|\n|t:|1700570790\n|switch|p1a: Fishy|Alomomola, M|93\/100\n|move|p2a: Chandelure|Curse|p1a: Fishy\n|-start|p1a: Fishy|Curse|[of] p2a: Chandelure\n|-damage|p2a: Chandelure|0 fnt\n|faint|p2a: Chandelure\n|\n|win|sorryforbeingfat\n|raw|sorryforbeingfat's rating: 1094 &rarr; <strong>1113<\/strong><br \/>(+19 for winning)\n|raw|Scootbrum's rating: 1000 &rarr; <strong>1000<\/strong><br \/>(+0 for losing)\n","uploadtime":1700570799,"views":6,"p1id":"sorryforbeingfat","p2id":"scootbrum","formatid":"gen9ou","rating":1000,"private":0,"password":""}