{"id":"gen9ou-1991766940","p1":"S3PP1","p2":"CrushMeGoodra","format":"[Gen 9] OU","log":"|j|\u2606S3PP1\n|j|\u2606CrushMeGoodra\n|t:|1700113587\n|gametype|singles\n|player|p1|S3PP1|biker-gen4|\n|player|p2|CrushMeGoodra|cynthia|\n|teamsize|p1|6\n|teamsize|p2|6\n|gen|9\n|tier|[Gen 9] OU\n|rule|Sleep Clause Mod: Limit one foe put to sleep\n|rule|Species Clause: Limit one of each Pok\u00e9mon\n|rule|OHKO Clause: OHKO moves are banned\n|rule|Evasion Items Clause: Evasion items are banned\n|rule|Evasion Moves Clause: Evasion moves are banned\n|rule|Endless Battle Clause: Forcing endless battles is banned\n|rule|HP Percentage Mod: HP is shown in percentages\n|clearpoke\n|poke|p1|Ceruledge, M|\n|poke|p1|Great Tusk|\n|poke|p1|Kleavor, F|\n|poke|p1|Jirachi|\n|poke|p1|Tinkaton, F|\n|poke|p1|Slowbro-Galar, F|\n|poke|p2|Ninetales-Alola, F|\n|poke|p2|Garchomp, F|\n|poke|p2|Azumarill, M|\n|poke|p2|Polteageist|\n|poke|p2|Forretress, M|\n|poke|p2|Torterra, M|\n|teampreview\n|inactive|Battle timer is ON: inactive players will automatically lose when time's up. (requested by S3PP1)\n|inactive|CrushMeGoodra also wants the timer to be on.\n|\n|t:|1700113596\n|start\n|switch|p1a: Da Weird Unkle|Kleavor, F|100\/100\n|switch|p2a: Chicken nugget|Forretress, M, shiny|100\/100\n|turn|1\n|\n|t:|1700113607\n|move|p1a: Da Weird Unkle|U-turn|p2a: Chicken nugget\n|-resisted|p2a: Chicken nugget\n|-damage|p2a: Chicken nugget|85\/100\n|\n|t:|1700113611\n|switch|p1a: Sir Edgemaster|Ceruledge, M|100\/100|[from] U-turn\n|move|p2a: Chicken nugget|Stealth Rock|p1a: Sir Edgemaster\n|-sidestart|p1: S3PP1|move: Stealth Rock\n|\n|upkeep\n|turn|2\n|\n|t:|1700113620\n|move|p1a: Sir Edgemaster|Swords Dance|p1a: Sir Edgemaster\n|-boost|p1a: Sir Edgemaster|atk|2\n|move|p2a: Chicken nugget|Earthquake|p1a: Sir Edgemaster\n|-supereffective|p1a: Sir Edgemaster\n|-damage|p1a: Sir Edgemaster|12\/100\n|-ability|p1a: Sir Edgemaster|Weak Armor|boost\n|-unboost|p1a: Sir Edgemaster|def|1\n|-boost|p1a: Sir Edgemaster|spe|2\n|\n|upkeep\n|turn|3\n|\n|t:|1700113634\n|move|p1a: Sir Edgemaster|Bitter Blade|p2a: Chicken nugget\n|-supereffective|p2a: Chicken nugget\n|-crit|p2a: Chicken nugget\n|-damage|p2a: Chicken nugget|0 fnt\n|-heal|p1a: Sir Edgemaster|63\/100|[from] drain|[of] p2a: Chicken nugget\n|faint|p2a: Chicken nugget\n|\n|upkeep\n|\n|t:|1700113654\n|switch|p2a: Kinder|Azumarill, M|100\/100\n|turn|4\n|\n|t:|1700113681\n|-terastallize|p1a: Sir Edgemaster|Ghost\n|move|p1a: Sir Edgemaster|Poltergeist|p2a: Kinder\n|-activate|p2a: Kinder|move: Poltergeist|Sitrus Berry\n|-damage|p2a: Kinder|0 fnt\n|faint|p2a: Kinder\n|\n|upkeep\n|j| CRIPPYwitdaGRIPPY\n|\n|t:|1700113690\n|switch|p2a: Arctic Winds|Ninetales-Alola, F|100\/100\n|-weather|Snow|[from] ability: Snow Warning|[of] p2a: Arctic Winds\n|turn|5\n|\n|t:|1700113701\n|-terastallize|p2a: Arctic Winds|Water\n|move|p1a: Sir Edgemaster|Bitter Blade|p2a: Arctic Winds\n|-resisted|p2a: Arctic Winds\n|-damage|p2a: Arctic Winds|41\/100\n|-heal|p1a: Sir Edgemaster|99\/100|[from] drain|[of] p2a: Arctic Winds\n|move|p2a: Arctic Winds|Aurora Veil|p2a: Arctic Winds\n|-sidestart|p2: CrushMeGoodra|move: Aurora Veil\n|\n|-weather|Snow|[upkeep]\n|upkeep\n|turn|6\n|\n|t:|1700113714\n|move|p1a: Sir Edgemaster|Poltergeist|p2a: Arctic Winds\n|-activate|p2a: Arctic Winds|move: Poltergeist|Light Clay\n|-damage|p2a: Arctic Winds|0 fnt\n|faint|p2a: Arctic Winds\n|\n|-weather|Snow|[upkeep]\n|upkeep\n|inactive|CrushMeGoodra has 270 seconds left.\n|\n|t:|1700113731\n|switch|p2a: Beaxhed|Torterra, M|100\/100\n|turn|7\n|c| CRIPPYwitdaGRIPPY|cum\n|inactive|CrushMeGoodra has 270 seconds left.\n|\n|t:|1700113742\n|move|p1a: Sir Edgemaster|Bitter Blade|p2a: Beaxhed\n|-supereffective|p2a: Beaxhed\n|-damage|p2a: Beaxhed|18\/100\n|-heal|p1a: Sir Edgemaster|100\/100|[from] drain|[of] p2a: Beaxhed\n|move|p2a: Beaxhed|Shell Smash|p2a: Beaxhed\n|-unboost|p2a: Beaxhed|def|1\n|-unboost|p2a: Beaxhed|spd|1\n|-boost|p2a: Beaxhed|atk|2\n|-boost|p2a: Beaxhed|spa|2\n|-boost|p2a: Beaxhed|spe|2\n|-enditem|p2a: Beaxhed|White Herb\n|-clearnegativeboost|p2a: Beaxhed|[silent]\n|\n|-weather|Snow|[upkeep]\n|upkeep\n|turn|8\n|\n|t:|1700113751\n|move|p1a: Sir Edgemaster|Bitter Blade|p2a: Beaxhed\n|-supereffective|p2a: Beaxhed\n|-damage|p2a: Beaxhed|0 fnt\n|faint|p2a: Beaxhed\n|\n|-weather|Snow|[upkeep]\n|upkeep\n|\n|t:|1700113755\n|switch|p2a: Gura|Garchomp, F|100\/100\n|turn|9\n|\n|t:|1700113763\n|move|p1a: Sir Edgemaster|Bitter Blade|p2a: Gura\n|-resisted|p2a: Gura\n|-damage|p2a: Gura|77\/100\n|-damage|p1a: Sir Edgemaster|88\/100|[from] ability: Rough Skin|[of] p2a: Gura\n|move|p2a: Gura|Swords Dance|p2a: Gura\n|-boost|p2a: Gura|atk|2\n|\n|-weather|none\n|upkeep\n|turn|10\n|\n|t:|1700113773\n|move|p1a: Sir Edgemaster|Poltergeist|p2a: Gura\n|-activate|p2a: Gura|move: Poltergeist|Loaded Dice\n|-damage|p2a: Gura|0 fnt\n|faint|p2a: Gura\n|\n|upkeep\n|\n|t:|1700113777\n|switch|p2a: Mad Hatter|Polteageist|100\/100\n|turn|11\n|\n|t:|1700113783\n|move|p1a: Sir Edgemaster|Poltergeist|p2a: Mad Hatter\n|-activate|p2a: Mad Hatter|move: Poltergeist|Focus Sash\n|-supereffective|p2a: Mad Hatter\n|-enditem|p2a: Mad Hatter|Focus Sash\n|-damage|p2a: Mad Hatter|1\/100\n|-ability|p2a: Mad Hatter|Weak Armor|boost\n|-unboost|p2a: Mad Hatter|def|1\n|-boost|p2a: Mad Hatter|spe|2\n|move|p2a: Mad Hatter|Shell Smash|p2a: Mad Hatter\n|-unboost|p2a: Mad Hatter|def|1\n|-unboost|p2a: Mad Hatter|spd|1\n|-boost|p2a: Mad Hatter|atk|2\n|-boost|p2a: Mad Hatter|spa|2\n|-boost|p2a: Mad Hatter|spe|2\n|\n|upkeep\n|turn|12\n|\n|t:|1700113792\n|move|p1a: Sir Edgemaster|Shadow Sneak|p2a: Mad Hatter\n|-supereffective|p2a: Mad Hatter\n|-damage|p2a: Mad Hatter|0 fnt\n|faint|p2a: Mad Hatter\n|\n|win|S3PP1\n|l|\u2606CrushMeGoodra\n","uploadtime":1700113797,"views":18,"p1id":"s3pp1","p2id":"crushmegoodra","formatid":"gen9ou","rating":0,"private":0,"password":""}