{"id":"gen9ou-1995604227","p1":"Hultygoat","p2":"romperignon","format":"[Gen 9] OU","log":"|j|\u2606Hultygoat\n|j|\u2606romperignon\n|t:|1700586750\n|gametype|singles\n|player|p1|Hultygoat|clown|1151\n|player|p2|romperignon|ltsurge|1242\n|teamsize|p1|6\n|teamsize|p2|6\n|gen|9\n|tier|[Gen 9] OU\n|rated|\n|rule|Sleep Clause Mod: Limit one foe put to sleep\n|rule|Species Clause: Limit one of each Pok\u00e9mon\n|rule|OHKO Clause: OHKO moves are banned\n|rule|Evasion Items Clause: Evasion items are banned\n|rule|Evasion Moves Clause: Evasion moves are banned\n|rule|Endless Battle Clause: Forcing endless battles is banned\n|rule|HP Percentage Mod: HP is shown in percentages\n|clearpoke\n|poke|p1|Maushold|\n|poke|p1|Samurott-Hisui, M|\n|poke|p1|Kingambit, M|\n|poke|p1|Garganacl, M|\n|poke|p1|Amoonguss, M|\n|poke|p1|Weavile, F|\n|poke|p2|Rotom-Wash|\n|poke|p2|Dragonite, M|\n|poke|p2|Cinderace, M|\n|poke|p2|Great Tusk|\n|poke|p2|Iron Valiant|\n|poke|p2|Dondozo, M|\n|teampreview\n|inactive|Battle timer is ON: inactive players will automatically lose when time's up. (requested by Hultygoat)\n|\n|t:|1700586755\n|start\n|switch|p1a: Samurott|Samurott-Hisui, M|100\/100\n|switch|p2a: Rotom|Rotom-Wash, shiny|100\/100\n|turn|1\n|\n|t:|1700586763\n|move|p2a: Rotom|Volt Switch|p1a: Samurott\n|-supereffective|p1a: Samurott\n|-damage|p1a: Samurott|13\/100\n|\n|t:|1700586766\n|switch|p2a: Dondozo|Dondozo, M|100\/100|[from] Volt Switch\n|move|p1a: Samurott|Ceaseless Edge|p2a: Dondozo\n|-damage|p2a: Dondozo|77\/100\n|-sidestart|p2: romperignon|Spikes\n|\n|-heal|p2a: Dondozo|83\/100|[from] item: Leftovers\n|upkeep\n|turn|2\n|\n|t:|1700586776\n|move|p1a: Samurott|Ceaseless Edge|p2a: Dondozo\n|-damage|p2a: Dondozo|63\/100\n|-sidestart|p2: romperignon|Spikes\n|move|p2a: Dondozo|Curse|p2a: Dondozo\n|-unboost|p2a: Dondozo|spe|1\n|-boost|p2a: Dondozo|atk|1\n|-boost|p2a: Dondozo|def|1\n|\n|-heal|p2a: Dondozo|69\/100|[from] item: Leftovers\n|upkeep\n|turn|3\n|\n|t:|1700586784\n|move|p1a: Samurott|Ceaseless Edge|p2a: Dondozo\n|-damage|p2a: Dondozo|54\/100\n|-sidestart|p2: romperignon|Spikes\n|move|p2a: Dondozo|Curse|p2a: Dondozo\n|-unboost|p2a: Dondozo|spe|1\n|-boost|p2a: Dondozo|atk|1\n|-boost|p2a: Dondozo|def|1\n|\n|-heal|p2a: Dondozo|60\/100|[from] item: Leftovers\n|upkeep\n|turn|4\n|\n|t:|1700586790\n|move|p1a: Samurott|Ceaseless Edge|p2a: Dondozo\n|-damage|p2a: Dondozo|48\/100\n|move|p2a: Dondozo|Liquidation|p1a: Samurott\n|-resisted|p1a: Samurott\n|-damage|p1a: Samurott|0 fnt\n|faint|p1a: Samurott\n|\n|-heal|p2a: Dondozo|54\/100|[from] item: Leftovers\n|upkeep\n|\n|t:|1700586793\n|switch|p1a: Amoonguss|Amoonguss, M, shiny|100\/100\n|turn|5\n|\n|t:|1700586797\n|move|p1a: Amoonguss|Spore|p2a: Dondozo\n|-status|p2a: Dondozo|slp|[from] move: Spore\n|cant|p2a: Dondozo|slp\n|\n|-heal|p2a: Dondozo|61\/100 slp|[from] item: Leftovers\n|upkeep\n|turn|6\n|\n|t:|1700586802\n|move|p1a: Amoonguss|Grass Knot|p2a: Dondozo\n|-supereffective|p2a: Dondozo\n|-damage|p2a: Dondozo|0 fnt\n|faint|p2a: Dondozo\n|\n|upkeep\n|\n|t:|1700586806\n|switch|p2a: Great Tusk|Great Tusk|100\/100\n|-damage|p2a: Great Tusk|76\/100|[from] Spikes\n|turn|7\n|\n|t:|1700586810\n|move|p2a: Great Tusk|Rapid Spin|p1a: Amoonguss\n|-damage|p1a: Amoonguss|88\/100\n|-boost|p2a: Great Tusk|spe|1\n|-sideend|p2: romperignon|Spikes|[from] move: Rapid Spin|[of] p2a: Great Tusk\n|-enditem|p1a: Amoonguss|Red Card|[of] p2a: Great Tusk\n|-end|p2a: Great Tusk|Protosynthesis|[silent]\n|drag|p2a: Iron Valiant|Iron Valiant|100\/100\n|-enditem|p2a: Iron Valiant|Booster Energy\n|-activate|p2a: Iron Valiant|ability: Quark Drive|[fromitem]\n|-start|p2a: Iron Valiant|quarkdrivespe\n|move|p1a: Amoonguss|Grass Knot|p2a: Iron Valiant\n|-damage|p2a: Iron Valiant|69\/100\n|\n|upkeep\n|turn|8\n|\n|t:|1700586822\n|-end|p2a: Iron Valiant|Quark Drive|[silent]\n|switch|p2a: Rotom|Rotom-Wash, shiny|100\/100\n|move|p1a: Amoonguss|Spore|p2a: Rotom\n|-status|p2a: Rotom|slp|[from] move: Spore\n|\n|upkeep\n|turn|9\n|\n|t:|1700586828\n|cant|p2a: Rotom|slp\n|move|p1a: Amoonguss|Foul Play|p2a: Rotom\n|-damage|p2a: Rotom|86\/100 slp\n|\n|upkeep\n|turn|10\n|\n|t:|1700586834\n|-curestatus|p2a: Rotom|slp|[msg]\n|move|p2a: Rotom|Trick|p1a: Amoonguss\n|-activate|p2a: Rotom|move: Trick|[of] p1a: Amoonguss\n|-item|p1a: Amoonguss|Choice Scarf|[from] move: Trick\n|-enditem|p2a: Rotom|Choice Scarf|[silent]|[from] move: Trick\n|move|p1a: Amoonguss|Sludge Bomb|p2a: Rotom\n|-damage|p2a: Rotom|52\/100\n|-status|p2a: Rotom|psn\n|\n|-damage|p2a: Rotom|40\/100 psn|[from] psn\n|upkeep\n|turn|11\n|\n|t:|1700586841\n|move|p2a: Rotom|Will-O-Wisp|p1a: Amoonguss\n|-status|p1a: Amoonguss|brn\n|move|p1a: Amoonguss|Sludge Bomb|p2a: Rotom\n|-damage|p2a: Rotom|5\/100 psn\n|\n|-damage|p2a: Rotom|0 fnt|[from] psn\n|faint|p2a: Rotom\n|-damage|p1a: Amoonguss|82\/100 brn|[from] brn\n|upkeep\n|\n|t:|1700586845\n|switch|p2a: Cinderace|Cinderace, M, shiny|100\/100\n|turn|12\n|\n|t:|1700586850\n|switch|p1a: Garganacl|Garganacl, M|100\/100\n|move|p2a: Cinderace|Pyro Ball|p1a: Garganacl\n|-resisted|p1a: Garganacl\n|-damage|p1a: Garganacl|79\/100\n|\n|-heal|p1a: Garganacl|86\/100|[from] item: Leftovers\n|upkeep\n|turn|13\n|\n|t:|1700586857\n|move|p2a: Cinderace|High Jump Kick|p1a: Garganacl\n|-start|p2a: Cinderace|typechange|Fighting|[from] ability: Libero\n|-supereffective|p1a: Garganacl\n|-damage|p1a: Garganacl|0 fnt\n|faint|p1a: Garganacl\n|\n|upkeep\n|\n|t:|1700586864\n|switch|p1a: Maushold|Maushold|100\/100\n|turn|14\n|\n|t:|1700586873\n|-terastallize|p1a: Maushold|Ghost\n|move|p2a: Cinderace|High Jump Kick|p1a: Maushold\n|-immune|p1a: Maushold\n|-damage|p2a: Cinderace|51\/100|[from] highjumpkick\n|move|p1a: Maushold|Tidy Up|p1a: Maushold\n|-boost|p1a: Maushold|atk|1\n|-boost|p1a: Maushold|spe|1\n|\n|upkeep\n|turn|15\n|\n|t:|1700586880\n|switch|p2a: Great Tusk|Great Tusk|76\/100\n|move|p1a: Maushold|Tidy Up|p1a: Maushold\n|-boost|p1a: Maushold|atk|1\n|-boost|p1a: Maushold|spe|1\n|\n|-heal|p2a: Great Tusk|82\/100|[from] item: Leftovers\n|upkeep\n|turn|16\n|\n|t:|1700586887\n|move|p1a: Maushold|Population Bomb|p2a: Great Tusk\n|-damage|p2a: Great Tusk|65\/100\n|-damage|p2a: Great Tusk|48\/100\n|-damage|p2a: Great Tusk|34\/100\n|-damage|p2a: Great Tusk|17\/100\n|-damage|p2a: Great Tusk|1\/100\n|-damage|p2a: Great Tusk|0 fnt\n|faint|p2a: Great Tusk\n|-end|p2a: Great Tusk|Protosynthesis|[silent]\n|-hitcount|p2: Great Tusk|6\n|\n|upkeep\n|\n|t:|1700586890\n|switch|p2a: Cinderace|Cinderace, M, shiny|51\/100\n|turn|17\n|\n|t:|1700586894\n|move|p2a: Cinderace|Sucker Punch|p1a: Maushold\n|-start|p2a: Cinderace|typechange|Dark|[from] ability: Libero\n|-supereffective|p1a: Maushold\n|-damage|p1a: Maushold|0 fnt\n|faint|p1a: Maushold\n|\n|upkeep\n|\n|t:|1700586901\n|switch|p1a: Weavile|Weavile, F, shiny|100\/100\n|-ability|p1a: Weavile|Pressure\n|turn|18\n|inactive|romperignon has 120 seconds left.\n|\n|t:|1700586938\n|switch|p2a: Iron Valiant|Iron Valiant|69\/100\n|move|p1a: Weavile|Ice Spinner|p2a: Iron Valiant\n|-damage|p2a: Iron Valiant|18\/100\n|\n|upkeep\n|turn|19\n|\n|t:|1700586945\n|move|p1a: Weavile|Ice Shard|p2a: Iron Valiant\n|-damage|p2a: Iron Valiant|0 fnt\n|faint|p2a: Iron Valiant\n|-end|p2a: Iron Valiant|Quark Drive|[silent]\n|\n|upkeep\n|inactive|romperignon has 120 seconds left.\n|\n|t:|1700586978\n|switch|p2a: Cinderace|Cinderace, M, shiny|51\/100\n|turn|20\n|\n|t:|1700586983\n|switch|p1a: Kingambit|Kingambit, M|100\/100\n|-activate|p1a: Kingambit|ability: Supreme Overlord\n|-start|p1a: Kingambit|fallen3|[silent]\n|move|p2a: Cinderace|High Jump Kick|p1a: Kingambit\n|-start|p2a: Cinderace|typechange|Fighting|[from] ability: Libero\n|-supereffective|p1a: Kingambit\n|-damage|p1a: Kingambit|0 fnt\n|faint|p1a: Kingambit\n|-end|p1a: Kingambit|fallen3|[silent]\n|\n|upkeep\n|\n|t:|1700586987\n|switch|p1a: Amoonguss|Amoonguss, M, shiny|100\/100 brn\n|turn|21\n|inactive|romperignon has 120 seconds left.\n|\n|t:|1700586995\n|-terastallize|p2a: Cinderace|Fire\n|move|p2a: Cinderace|Pyro Ball|p1a: Amoonguss\n|-supereffective|p1a: Amoonguss\n|-damage|p1a: Amoonguss|20\/100 brn\n|move|p1a: Amoonguss|Spore|p2a: Cinderace\n|-status|p2a: Cinderace|slp|[from] move: Spore\n|\n|-damage|p1a: Amoonguss|14\/100 brn|[from] brn\n|upkeep\n|turn|22\n|\n|t:|1700587002\n|switch|p1a: Weavile|Weavile, F, shiny|100\/100\n|-ability|p1a: Weavile|Pressure\n|cant|p2a: Cinderace|slp\n|\n|upkeep\n|turn|23\n|\n|t:|1700587005\n|move|p1a: Weavile|Knock Off|p2a: Cinderace\n|-damage|p2a: Cinderace|0 fnt\n|-enditem|p2a: Cinderace|Heavy-Duty Boots|[from] move: Knock Off|[of] p1a: Weavile\n|faint|p2a: Cinderace\n|\n|upkeep\n|\n|t:|1700587007\n|switch|p2a: Dragonite|Dragonite, M, shiny|100\/100\n|turn|24\n|\n|t:|1700587012\n|move|p2a: Dragonite|Extreme Speed|p1a: Weavile\n|-damage|p1a: Weavile|43\/100\n|move|p1a: Weavile|Ice Spinner|p2a: Dragonite\n|-supereffective|p2a: Dragonite\n|-damage|p2a: Dragonite|13\/100\n|\n|upkeep\n|turn|25\n|\n|t:|1700587019\n|move|p2a: Dragonite|Extreme Speed|p1a: Weavile\n|-damage|p1a: Weavile|0 fnt\n|faint|p1a: Weavile\n|\n|upkeep\n|\n|t:|1700587021\n|switch|p1a: Amoonguss|Amoonguss, M, shiny|47\/100 brn\n|turn|26\n|inactive|romperignon has 120 seconds left.\n|\n|t:|1700587055\n|move|p2a: Dragonite|Dragon Claw|p1a: Amoonguss\n|-damage|p1a: Amoonguss|12\/100 brn\n|move|p1a: Amoonguss|Grass Knot|p2a: Dragonite\n|-resisted|p2a: Dragonite\n|-damage|p2a: Dragonite|4\/100\n|\n|-damage|p1a: Amoonguss|6\/100 brn|[from] brn\n|upkeep\n|turn|27\n|\n|t:|1700587062\n|move|p2a: Dragonite|Dragon Claw|p1a: Amoonguss\n|-damage|p1a: Amoonguss|0 fnt\n|faint|p1a: Amoonguss\n|\n|win|romperignon\n|raw|Hultygoat's rating: 1151 &rarr; <strong>1132<\/strong><br \/>(-19 for losing)\n|raw|romperignon's rating: 1242 &rarr; <strong>1261<\/strong><br \/>(+19 for winning)\n|c|\u2606romperignon|lol\n","uploadtime":1700587068,"views":18,"p1id":"hultygoat","p2id":"romperignon","formatid":"gen9ou","rating":1132,"private":0,"password":""}