{"id":"gen9ou-1998066657","p1":"Hutch8989","p2":"KogaWoga","format":"[Gen 9] OU","log":"|j|\u2606Hutch8989\n|j|\u2606KogaWoga\n|t:|1700886097\n|gametype|singles\n|player|p1|Hutch8989|ethan|1054\n|player|p2|KogaWoga|170|1000\n|teamsize|p1|6\n|teamsize|p2|6\n|gen|9\n|tier|[Gen 9] OU\n|rated|\n|rule|Sleep Clause Mod: Limit one foe put to sleep\n|rule|Species Clause: Limit one of each Pok\u00e9mon\n|rule|OHKO Clause: OHKO moves are banned\n|rule|Evasion Items Clause: Evasion items are banned\n|rule|Evasion Moves Clause: Evasion moves are banned\n|rule|Endless Battle Clause: Forcing endless battles is banned\n|rule|HP Percentage Mod: HP is shown in percentages\n|clearpoke\n|poke|p1|Great Tusk|\n|poke|p1|Samurott-Hisui, M|\n|poke|p1|Slowking-Galar, M|\n|poke|p1|Gholdengo|\n|poke|p1|Clefable, M|\n|poke|p1|Glimmora, M|\n|poke|p2|Dragapult, F|\n|poke|p2|Enamorus, F|\n|poke|p2|Gholdengo|\n|poke|p2|Toxapex, F|\n|poke|p2|Ting-Lu|\n|poke|p2|Corviknight, M|\n|teampreview\n|\n|t:|1700886106\n|start\n|switch|p1a: Samurott|Samurott-Hisui, M|100\/100\n|switch|p2a: Corviknight|Corviknight, M|100\/100\n|-ability|p2a: Corviknight|Pressure\n|turn|1\n|inactive|Battle timer is ON: inactive players will automatically lose when time's up. (requested by Hutch8989)\n|\n|t:|1700886115\n|move|p1a: Samurott|Flip Turn|p2a: Corviknight\n|-damage|p2a: Corviknight|77\/100\n|\n|t:|1700886129\n|switch|p1a: Slowking|Slowking-Galar, M|100\/100|[from] Flip Turn\n|move|p2a: Corviknight|Bulk Up|p2a: Corviknight\n|-boost|p2a: Corviknight|atk|1\n|-boost|p2a: Corviknight|def|1\n|\n|-heal|p2a: Corviknight|83\/100|[from] item: Leftovers\n|upkeep\n|turn|2\n|\n|t:|1700886146\n|move|p2a: Corviknight|Bulk Up|p2a: Corviknight\n|-boost|p2a: Corviknight|atk|1\n|-boost|p2a: Corviknight|def|1\n|move|p1a: Slowking|Thunder Wave|p2a: Corviknight\n|-status|p2a: Corviknight|par\n|\n|-heal|p2a: Corviknight|89\/100 par|[from] item: Leftovers\n|upkeep\n|turn|3\n|\n|t:|1700886156\n|move|p1a: Slowking|Future Sight|p2a: Corviknight\n|-start|p1a: Slowking|move: Future Sight\n|move|p2a: Corviknight|Dual Wingbeat|p1a: Slowking\n|-damage|p1a: Slowking|77\/100\n|-damage|p1a: Slowking|52\/100\n|-hitcount|p1a: Slowking|2\n|\n|-heal|p1a: Slowking|58\/100|[from] item: Black Sludge\n|-heal|p2a: Corviknight|95\/100 par|[from] item: Leftovers\n|upkeep\n|turn|4\n|\n|t:|1700886174\n|move|p1a: Slowking|Chilly Reception|p1a: Slowking\n|-weather|Snow\n|\n|t:|1700886184\n|switch|p1a: Glimmora|Glimmora, M|100\/100|[from] Chilly Reception\n|cant|p2a: Corviknight|par\n|\n|-weather|Snow|[upkeep]\n|-heal|p2a: Corviknight|100\/100 par|[from] item: Leftovers\n|upkeep\n|turn|5\n|\n|t:|1700886198\n|switch|p1a: Gholdengo|Gholdengo|100\/100\n|move|p2a: Corviknight|Bulk Up|p2a: Corviknight\n|-boost|p2a: Corviknight|atk|1\n|-boost|p2a: Corviknight|def|1\n|\n|-weather|Snow|[upkeep]\n|-end|p2a: Corviknight|move: Future Sight\n|-resisted|p2a: Corviknight\n|-damage|p2a: Corviknight|86\/100 par\n|-heal|p2a: Corviknight|92\/100 par|[from] item: Leftovers\n|upkeep\n|turn|6\n|\n|t:|1700886210\n|move|p1a: Gholdengo|Trick|p2a: Corviknight\n|-activate|p1a: Gholdengo|move: Trick|[of] p2a: Corviknight\n|-item|p2a: Corviknight|Choice Specs|[from] move: Trick\n|-item|p1a: Gholdengo|Leftovers|[from] move: Trick\n|cant|p2a: Corviknight|par\n|\n|-weather|Snow|[upkeep]\n|upkeep\n|turn|7\n|\n|t:|1700886219\n|move|p1a: Gholdengo|Shadow Ball|p2a: Corviknight\n|-crit|p2a: Corviknight\n|-damage|p2a: Corviknight|47\/100 par\n|cant|p2a: Corviknight|par\n|\n|-weather|Snow|[upkeep]\n|upkeep\n|turn|8\n|\n|t:|1700886229\n|switch|p2a: Dragapult|Dragapult, F|100\/100\n|move|p1a: Gholdengo|Shadow Ball|p2a: Dragapult\n|-supereffective|p2a: Dragapult\n|-damage|p2a: Dragapult|19\/100\n|\n|-weather|none\n|upkeep\n|turn|9\n|inactive|Hutch8989 has 120 seconds left.\n|\n|t:|1700886260\n|switch|p1a: Clefable|Clefable, M|100\/100\n|move|p2a: Dragapult|Fire Blast|p1a: Clefable\n|-damage|p1a: Clefable|70\/100\n|\n|upkeep\n|turn|10\n|\n|t:|1700886277\n|switch|p2a: Enamorus|Enamorus, F|100\/100\n|move|p1a: Clefable|Wish|p1a: Clefable\n|\n|upkeep\n|turn|11\n|\n|t:|1700886289\n|move|p2a: Enamorus|Superpower|p1a: Clefable\n|-resisted|p1a: Clefable\n|-damage|p1a: Clefable|47\/100\n|-boost|p2a: Enamorus|atk|1\n|-boost|p2a: Enamorus|def|1\n|move|p1a: Clefable|Calm Mind|p1a: Clefable\n|-boost|p1a: Clefable|spa|1\n|-boost|p1a: Clefable|spd|1\n|\n|-heal|p1a: Clefable|97\/100|[from] move: Wish|[wisher] Clefable\n|upkeep\n|turn|12\n|\n|t:|1700886300\n|move|p2a: Enamorus|Superpower|p1a: Clefable\n|-resisted|p1a: Clefable\n|-damage|p1a: Clefable|68\/100\n|-boost|p2a: Enamorus|atk|1\n|-boost|p2a: Enamorus|def|1\n|move|p1a: Clefable|Calm Mind|p1a: Clefable\n|-boost|p1a: Clefable|spa|1\n|-boost|p1a: Clefable|spd|1\n|\n|upkeep\n|turn|13\n|\n|t:|1700886312\n|move|p2a: Enamorus|Iron Head|p1a: Clefable\n|-supereffective|p1a: Clefable\n|-damage|p1a: Clefable|0 fnt\n|faint|p1a: Clefable\n|\n|upkeep\n|\n|t:|1700886318\n|switch|p1a: Glimmora|Glimmora, M|100\/100\n|turn|14\n|\n|t:|1700886325\n|move|p2a: Enamorus|Iron Head|p1a: Glimmora\n|-supereffective|p1a: Glimmora\n|-enditem|p1a: Glimmora|Focus Sash\n|-damage|p1a: Glimmora|1\/100\n|-activate|p1a: Glimmora|ability: Toxic Debris\n|-sidestart|p2: KogaWoga|move: Toxic Spikes\n|cant|p1a: Glimmora|flinch\n|\n|upkeep\n|turn|15\n|\n|t:|1700886334\n|move|p2a: Enamorus|Iron Head|p1a: Glimmora\n|-supereffective|p1a: Glimmora\n|-damage|p1a: Glimmora|0 fnt\n|-activate|p1a: Glimmora|ability: Toxic Debris\n|-sidestart|p2: KogaWoga|move: Toxic Spikes\n|faint|p1a: Glimmora\n|\n|upkeep\n|\n|t:|1700886339\n|switch|p1a: Great Tusk|Great Tusk|100\/100\n|turn|16\n|\n|t:|1700886347\n|move|p2a: Enamorus|Play Rough|p1a: Great Tusk\n|-supereffective|p1a: Great Tusk\n|-damage|p1a: Great Tusk|16\/100\n|move|p1a: Great Tusk|Ice Spinner|p2a: Enamorus\n|-supereffective|p2a: Enamorus\n|-damage|p2a: Enamorus|63\/100\n|\n|-heal|p1a: Great Tusk|22\/100|[from] item: Leftovers\n|upkeep\n|turn|17\n|\n|t:|1700886362\n|move|p2a: Enamorus|Superpower|p1a: Great Tusk\n|-damage|p1a: Great Tusk|0 fnt\n|-boost|p2a: Enamorus|atk|1\n|-boost|p2a: Enamorus|def|1\n|faint|p1a: Great Tusk\n|-end|p1a: Great Tusk|Protosynthesis|[silent]\n|\n|upkeep\n|\n|t:|1700886372\n|switch|p1a: Gholdengo|Gholdengo|100\/100\n|turn|18\n|\n|t:|1700886389\n|switch|p2a: Toxapex|Toxapex, F|100\/100\n|-sideend|p2: KogaWoga|move: Toxic Spikes|[of] p2a: Toxapex\n|move|p1a: Gholdengo|Make It Rain|p2a: Toxapex\n|-resisted|p2a: Toxapex\n|-damage|p2a: Toxapex|75\/100\n|-unboost|p1a: Gholdengo|spa|1\n|\n|-heal|p2a: Toxapex|81\/100|[from] item: Black Sludge\n|upkeep\n|turn|19\n|\n|t:|1700886403\n|switch|p1a: Slowking|Slowking-Galar, M|91\/100\n|move|p2a: Toxapex|Liquidation|p1a: Slowking\n|-damage|p1a: Slowking|69\/100\n|\n|-heal|p2a: Toxapex|87\/100|[from] item: Black Sludge\n|-heal|p1a: Slowking|75\/100|[from] item: Black Sludge\n|upkeep\n|turn|20\n|\n|t:|1700886422\n|switch|p2a: Ting-Lu|Ting-Lu|100\/100\n|-ability|p2a: Ting-Lu|Vessel of Ruin\n|move|p1a: Slowking|Future Sight|p2a: Ting-Lu\n|-start|p1a: Slowking|move: Future Sight\n|\n|-heal|p1a: Slowking|81\/100|[from] item: Black Sludge\n|upkeep\n|turn|21\n|\n|t:|1700886432\n|move|p2a: Ting-Lu|Stealth Rock|p1a: Slowking\n|-sidestart|p1: Hutch8989|move: Stealth Rock\n|move|p1a: Slowking|Chilly Reception|p1a: Slowking\n|-weather|Snow\n|\n|t:|1700886434\n|switch|p1a: Samurott|Samurott-Hisui, M|100\/100|[from] Chilly Reception\n|-damage|p1a: Samurott|88\/100|[from] Stealth Rock\n|\n|-weather|Snow|[upkeep]\n|upkeep\n|turn|22\n|\n|t:|1700886458\n|switch|p2a: Dragapult|Dragapult, F|19\/100\n|move|p1a: Samurott|Aqua Cutter|p2a: Dragapult\n|-resisted|p2a: Dragapult\n|-damage|p2a: Dragapult|0 fnt\n|faint|p2a: Dragapult\n|\n|-weather|Snow|[upkeep]\n|-hint|Future Sight did not hit because the target is fainted.\n|upkeep\n|inactive|KogaWoga has 120 seconds left.\n|\n|t:|1700886487\n|switch|p2a: Enamorus|Enamorus, F|63\/100\n|turn|23\n|\n|t:|1700886501\n|switch|p1a: Slowking|Slowking-Galar, M|100\/100\n|-damage|p1a: Slowking|88\/100|[from] Stealth Rock\n|move|p2a: Enamorus|Superpower|p1a: Slowking\n|-resisted|p1a: Slowking\n|-crit|p1a: Slowking\n|-damage|p1a: Slowking|72\/100\n|-boost|p2a: Enamorus|atk|1\n|-boost|p2a: Enamorus|def|1\n|\n|-weather|Snow|[upkeep]\n|-heal|p1a: Slowking|78\/100|[from] item: Black Sludge\n|upkeep\n|turn|24\n|\n|t:|1700886522\n|move|p2a: Enamorus|Tailwind|p2a: Enamorus\n|-sidestart|p2: KogaWoga|move: Tailwind\n|move|p1a: Slowking|Thunder Wave|p2a: Enamorus\n|-status|p2a: Enamorus|par\n|\n|-weather|Snow|[upkeep]\n|-heal|p1a: Slowking|84\/100|[from] item: Black Sludge\n|upkeep\n|turn|25\n|\n|t:|1700886533\n|move|p2a: Enamorus|Superpower|p1a: Slowking\n|-resisted|p1a: Slowking\n|-damage|p1a: Slowking|70\/100\n|-boost|p2a: Enamorus|atk|1\n|-boost|p2a: Enamorus|def|1\n|move|p1a: Slowking|Future Sight|p2a: Enamorus\n|-start|p1a: Slowking|move: Future Sight\n|\n|-weather|none\n|-heal|p1a: Slowking|76\/100|[from] item: Black Sludge\n|upkeep\n|turn|26\n|\n|t:|1700886548\n|move|p2a: Enamorus|Iron Head|p1a: Slowking\n|-damage|p1a: Slowking|24\/100\n|cant|p1a: Slowking|flinch\n|\n|-heal|p1a: Slowking|30\/100|[from] item: Black Sludge\n|upkeep\n|turn|27\n|\n|t:|1700886561\n|switch|p1a: Gholdengo|Gholdengo|100\/100\n|-damage|p1a: Gholdengo|94\/100|[from] Stealth Rock\n|cant|p2a: Enamorus|par\n|\n|-end|p2a: Enamorus|move: Future Sight\n|-damage|p2a: Enamorus|5\/100 par\n|-enditem|p2a: Enamorus|Aguav Berry|[eat]\n|-heal|p2a: Enamorus|38\/100 par|[from] item: Aguav Berry\n|-heal|p1a: Gholdengo|100\/100|[from] item: Leftovers\n|-sideend|p2: KogaWoga|move: Tailwind\n|upkeep\n|turn|28\n|\n|t:|1700886574\n|switch|p2a: Ting-Lu|Ting-Lu|100\/100\n|-ability|p2a: Ting-Lu|Vessel of Ruin\n|move|p1a: Gholdengo|Shadow Ball|p2a: Ting-Lu\n|-resisted|p2a: Ting-Lu\n|-damage|p2a: Ting-Lu|92\/100\n|\n|-heal|p2a: Ting-Lu|99\/100|[from] item: Leftovers\n|upkeep\n|turn|29\n|\n|t:|1700886587\n|switch|p1a: Slowking|Slowking-Galar, M|64\/100\n|-damage|p1a: Slowking|51\/100|[from] Stealth Rock\n|move|p2a: Ting-Lu|Earthquake|p1a: Slowking\n|-supereffective|p1a: Slowking\n|-damage|p1a: Slowking|0 fnt\n|faint|p1a: Slowking\n|\n|-heal|p2a: Ting-Lu|100\/100|[from] item: Leftovers\n|upkeep\n|\n|t:|1700886592\n|switch|p1a: Samurott|Samurott-Hisui, M|88\/100\n|-damage|p1a: Samurott|75\/100|[from] Stealth Rock\n|turn|30\n|\n|t:|1700886609\n|-terastallize|p2a: Ting-Lu|Poison\n|move|p1a: Samurott|Aqua Cutter|p2a: Ting-Lu\n|-damage|p2a: Ting-Lu|69\/100\n|move|p2a: Ting-Lu|Earthquake|p1a: Samurott\n|-crit|p1a: Samurott\n|-damage|p1a: Samurott|20\/100\n|\n|-heal|p2a: Ting-Lu|75\/100|[from] item: Leftovers\n|upkeep\n|turn|31\n|\n|t:|1700886623\n|move|p1a: Samurott|Ceaseless Edge|p2a: Ting-Lu\n|-damage|p2a: Ting-Lu|46\/100\n|-sidestart|p2: KogaWoga|Spikes\n|move|p2a: Ting-Lu|Whirlwind|p1a: Samurott\n|drag|p1a: Gholdengo|Gholdengo|100\/100\n|-damage|p1a: Gholdengo|94\/100|[from] Stealth Rock\n|\n|-heal|p1a: Gholdengo|100\/100|[from] item: Leftovers\n|-heal|p2a: Ting-Lu|52\/100|[from] item: Leftovers\n|upkeep\n|turn|32\n|\n|t:|1700886635\n|move|p1a: Gholdengo|Shadow Ball|p2a: Ting-Lu\n|-damage|p2a: Ting-Lu|35\/100\n|move|p2a: Ting-Lu|Earthquake|p1a: Gholdengo\n|-supereffective|p1a: Gholdengo\n|-damage|p1a: Gholdengo|16\/100\n|\n|-heal|p1a: Gholdengo|22\/100|[from] item: Leftovers\n|-heal|p2a: Ting-Lu|41\/100|[from] item: Leftovers\n|upkeep\n|turn|33\n|\n|t:|1700886645\n|move|p1a: Gholdengo|Shadow Ball|p2a: Ting-Lu\n|-damage|p2a: Ting-Lu|22\/100\n|move|p2a: Ting-Lu|Earthquake|p1a: Gholdengo\n|-supereffective|p1a: Gholdengo\n|-damage|p1a: Gholdengo|0 fnt\n|faint|p1a: Gholdengo\n|\n|-heal|p2a: Ting-Lu|28\/100|[from] item: Leftovers\n|upkeep\n|\n|t:|1700886650\n|switch|p1a: Samurott|Samurott-Hisui, M|20\/100\n|-damage|p1a: Samurott|8\/100|[from] Stealth Rock\n|turn|34\n|\n|t:|1700886663\n|switch|p2a: Toxapex|Toxapex, F|100\/100\n|-damage|p2a: Toxapex|88\/100|[from] Spikes\n|-terastallize|p1a: Samurott|Dark\n|move|p1a: Samurott|Ceaseless Edge|p2a: Toxapex\n|-damage|p2a: Toxapex|48\/100\n|-sidestart|p2: KogaWoga|Spikes\n|\n|-heal|p2a: Toxapex|54\/100|[from] item: Black Sludge\n|upkeep\n|turn|35\n|\n|t:|1700886675\n|move|p2a: Toxapex|Baneful Bunker|p2a: Toxapex\n|-singleturn|p2a: Toxapex|move: Protect\n|move|p1a: Samurott|Ceaseless Edge|p2a: Toxapex\n|-activate|p2a: Toxapex|move: Protect\n|-status|p1a: Samurott|psn\n|\n|-heal|p2a: Toxapex|60\/100|[from] item: Black Sludge\n|-damage|p1a: Samurott|0 fnt|[from] psn\n|faint|p1a: Samurott\n|\n|win|KogaWoga\n|upkeep\n|raw|Hutch8989's rating: 1054 &rarr; <strong>1033<\/strong><br \/>(-21 for losing)\n|raw|KogaWoga's rating: 1000 &rarr; <strong>1046<\/strong><br \/>(+46 for winning)\n|l|\u2606Hutch8989\n","uploadtime":1700886704,"views":10,"p1id":"hutch8989","p2id":"kogawoga","formatid":"gen9ou","rating":1033,"private":0,"password":""}