{"id":"gen9ou-1998221906","p1":"FlorenceIris","p2":"natcentre","format":"[Gen 9] OU","log":"|j|\u2606FlorenceIris\n|j|\u2606natcentre\n|t:|1700915265\n|gametype|singles\n|player|p1|FlorenceIris|sonia-professor|\n|player|p2|natcentre|101|\n|teamsize|p1|6\n|teamsize|p2|6\n|gen|9\n|tier|[Gen 9] OU\n|rule|Sleep Clause Mod: Limit one foe put to sleep\n|rule|Species Clause: Limit one of each Pok\u00e9mon\n|rule|OHKO Clause: OHKO moves are banned\n|rule|Evasion Items Clause: Evasion items are banned\n|rule|Evasion Moves Clause: Evasion moves are banned\n|rule|Endless Battle Clause: Forcing endless battles is banned\n|rule|HP Percentage Mod: HP is shown in percentages\n|clearpoke\n|poke|p1|Enamorus, F|\n|poke|p1|Landorus-Therian, M|\n|poke|p1|Dragonite, F|\n|poke|p1|Thundurus-Therian, M|\n|poke|p1|Moltres|\n|poke|p1|Corviknight, M|\n|poke|p2|Orthworm, M|\n|poke|p2|Dragapult, F|\n|poke|p2|Wo-Chien|\n|poke|p2|Glimmora, M|\n|poke|p2|Kingambit, M|\n|poke|p2|Volcanion|\n|teampreview\n|c|\u2606natcentre|glhf\n|c|\u2606FlorenceIris|gl hf :))\n|\n|t:|1700915286\n|start\n|switch|p1a: Thundurus|Thundurus-Therian, M|100\/100\n|switch|p2a: Kingambit|Kingambit, M|100\/100\n|turn|1\n|\n|t:|1700915298\n|move|p1a: Thundurus|Volt Switch|p2a: Kingambit\n|-damage|p2a: Kingambit|62\/100\n|\n|t:|1700915302\n|switch|p1a: Landorus|Landorus-Therian, M|100\/100|[from] Volt Switch\n|-ability|p1a: Landorus|Intimidate|boost\n|-unboost|p2a: Kingambit|atk|1\n|-ability|p2a: Kingambit|Defiant|boost\n|-boost|p2a: Kingambit|atk|2\n|move|p2a: Kingambit|Swords Dance|p2a: Kingambit\n|-boost|p2a: Kingambit|atk|2\n|\n|upkeep\n|turn|2\n|c|\u2606FlorenceIris|oh yeah that thing could have that ability\n|c|\u2606FlorenceIris|whoops\n|c|\u2606natcentre|vgc player be like xD\n|c|\u2606FlorenceIris|xD\n|\n|t:|1700915326\n|move|p2a: Kingambit|Sucker Punch|p1a: Landorus\n|-damage|p1a: Landorus|29\/100\n|-damage|p2a: Kingambit|46\/100|[from] item: Rocky Helmet|[of] p1a: Landorus\n|move|p1a: Landorus|Earthquake|p2a: Kingambit\n|-supereffective|p2a: Kingambit\n|-damage|p2a: Kingambit|0 fnt\n|faint|p2a: Kingambit\n|\n|upkeep\n|c|\u2606natcentre|oh wow\n|c|\u2606natcentre|you have a very bulky lando\n|c|\u2606FlorenceIris|lando bolky yeah\n|\n|t:|1700915360\n|switch|p2a: Volcanion|Volcanion|100\/100\n|turn|3\n|\n|t:|1700915370\n|move|p2a: Volcanion|Flamethrower|p1a: Landorus\n|-damage|p1a: Landorus|0 fnt\n|faint|p1a: Landorus\n|\n|upkeep\n|\n|t:|1700915373\n|switch|p1a: Thundurus|Thundurus-Therian, M|100\/100\n|turn|4\n|\n|t:|1700915405\n|switch|p2a: Wo-Chien|Wo-Chien|100\/100\n|-ability|p2a: Wo-Chien|Tablets of Ruin\n|move|p1a: Thundurus|Volt Switch|p2a: Wo-Chien\n|-resisted|p2a: Wo-Chien\n|-damage|p2a: Wo-Chien|86\/100\n|\n|t:|1700915420\n|switch|p1a: Corviknight|Corviknight, M|100\/100|[from] Volt Switch\n|-ability|p1a: Corviknight|Pressure\n|\n|upkeep\n|turn|5\n|\n|t:|1700915492\n|switch|p2a: Dragapult|Dragapult, F|100\/100\n|move|p1a: Corviknight|U-turn|p2a: Dragapult\n|-resisted|p2a: Dragapult\n|-damage|p2a: Dragapult|90\/100\n|\n|t:|1700915508\n|switch|p1a: Enamorus|Enamorus, F|100\/100|[from] U-turn\n|\n|upkeep\n|turn|6\n|\n|t:|1700915523\n|-terastallize|p2a: Dragapult|Steel\n|move|p1a: Enamorus|Moonblast|p2a: Dragapult\n|-resisted|p2a: Dragapult\n|-damage|p2a: Dragapult|58\/100\n|move|p2a: Dragapult|Substitute|p2a: Dragapult\n|-start|p2a: Dragapult|Substitute\n|-damage|p2a: Dragapult|33\/100\n|\n|upkeep\n|turn|7\n|\n|t:|1700915530\n|move|p1a: Enamorus|Moonblast|p2a: Dragapult\n|-resisted|p2a: Dragapult\n|-end|p2a: Dragapult|Substitute\n|move|p2a: Dragapult|Dragon Dance|p2a: Dragapult\n|-boost|p2a: Dragapult|atk|1\n|-boost|p2a: Dragapult|spe|1\n|\n|upkeep\n|turn|8\n|\n|t:|1700915538\n|move|p2a: Dragapult|Phantom Force||[still]\n|-prepare|p2a: Dragapult|Phantom Force\n|move|p1a: Enamorus|Moonblast|p2a: Dragapult|[miss]\n|-miss|p1a: Enamorus|p2a: Dragapult\n|\n|upkeep\n|turn|9\n|\n|t:|1700915543\n|switch|p1a: Moltres|Moltres|100\/100\n|move|p2a: Dragapult|Phantom Force|p1a: Moltres|[from]lockedmove\n|-damage|p1a: Moltres|39\/100\n|-status|p2a: Dragapult|brn|[from] ability: Flame Body|[of] p1a: Moltres\n|-damage|p2a: Dragapult|23\/100 brn|[from] item: Life Orb\n|\n|-damage|p2a: Dragapult|17\/100 brn|[from] brn\n|upkeep\n|turn|10\n|\n|t:|1700915553\n|move|p2a: Dragapult|Dragon Darts|p1a: Moltres\n|-damage|p1a: Moltres|20\/100\n|-anim|p2a: Dragapult|Dragon Darts|p1a: Moltres\n|-damage|p1a: Moltres|2\/100\n|-damage|p2a: Dragapult|7\/100 brn|[from] item: Life Orb\n|move|p1a: Moltres|Roost|p1a: Moltres\n|-heal|p1a: Moltres|52\/100\n|-singleturn|p1a: Moltres|move: Roost\n|\n|-damage|p2a: Dragapult|1\/100 brn|[from] brn\n|upkeep\n|turn|11\n|\n|t:|1700915564\n|move|p2a: Dragapult|Dragon Darts|p1a: Moltres\n|-damage|p1a: Moltres|33\/100\n|-anim|p2a: Dragapult|Dragon Darts|p1a: Moltres\n|-damage|p1a: Moltres|16\/100\n|-damage|p2a: Dragapult|0 fnt|[from] item: Life Orb\n|faint|p2a: Dragapult\n|move|p1a: Moltres|Roost|p1a: Moltres\n|-heal|p1a: Moltres|66\/100\n|-singleturn|p1a: Moltres|move: Roost\n|\n|upkeep\n|\n|t:|1700915597\n|switch|p2a: Glimmora|Glimmora, M|100\/100\n|turn|12\n|\n|t:|1700915605\n|switch|p1a: Corviknight|Corviknight, M|100\/100\n|-ability|p1a: Corviknight|Pressure\n|move|p2a: Glimmora|Stone Edge|p1a: Corviknight\n|-damage|p1a: Corviknight|57\/100\n|\n|-heal|p1a: Corviknight|63\/100|[from] item: Leftovers\n|upkeep\n|turn|13\n|\n|t:|1700915620\n|move|p2a: Glimmora|Stone Edge|p1a: Corviknight\n|-damage|p1a: Corviknight|20\/100\n|move|p1a: Corviknight|Roost|p1a: Corviknight\n|-heal|p1a: Corviknight|70\/100\n|-singleturn|p1a: Corviknight|move: Roost\n|\n|-heal|p1a: Corviknight|76\/100|[from] item: Leftovers\n|upkeep\n|turn|14\n|\n|t:|1700915626\n|move|p2a: Glimmora|Stone Edge|p1a: Corviknight\n|-damage|p1a: Corviknight|35\/100\n|move|p1a: Corviknight|U-turn|p2a: Glimmora\n|-resisted|p2a: Glimmora\n|-damage|p2a: Glimmora|92\/100\n|-activate|p2a: Glimmora|ability: Toxic Debris\n|-sidestart|p1: FlorenceIris|move: Toxic Spikes\n|\n|t:|1700915646\n|switch|p1a: Thundurus|Thundurus-Therian, M|100\/100|[from] U-turn\n|\n|upkeep\n|turn|15\n|\n|t:|1700915654\n|move|p1a: Thundurus|Volt Switch|p2a: Glimmora\n|-damage|p2a: Glimmora|38\/100\n|\n|t:|1700915657\n|switch|p1a: Corviknight|Corviknight, M|35\/100|[from] Volt Switch\n|-ability|p1a: Corviknight|Pressure\n|move|p2a: Glimmora|Stone Edge|p1a: Corviknight\n|-damage|p1a: Corviknight|0 fnt\n|faint|p1a: Corviknight\n|\n|upkeep\n|\n|t:|1700915662\n|switch|p1a: Thundurus|Thundurus-Therian, M|100\/100\n|turn|16\n|\n|t:|1700915673\n|switch|p2a: Wo-Chien|Wo-Chien|86\/100\n|-ability|p2a: Wo-Chien|Tablets of Ruin\n|move|p1a: Thundurus|Volt Switch|p2a: Wo-Chien\n|-resisted|p2a: Wo-Chien\n|-damage|p2a: Wo-Chien|71\/100\n|\n|t:|1700915678\n|switch|p1a: Enamorus|Enamorus, F|100\/100|[from] Volt Switch\n|\n|upkeep\n|turn|17\n|\n|t:|1700915692\n|switch|p2a: Orthworm|Orthworm, M|100\/100\n|move|p1a: Enamorus|Moonblast|p2a: Orthworm\n|-resisted|p2a: Orthworm\n|-damage|p2a: Orthworm|73\/100\n|\n|upkeep\n|turn|18\n|\n|t:|1700915698\n|switch|p1a: Moltres|Moltres|66\/100\n|move|p2a: Orthworm|Stealth Rock|p1a: Moltres\n|-sidestart|p1: FlorenceIris|move: Stealth Rock\n|\n|upkeep\n|turn|19\n|\n|t:|1700915706\n|switch|p2a: Volcanion|Volcanion|100\/100\n|move|p1a: Moltres|Flamethrower|p2a: Volcanion\n|-resisted|p2a: Volcanion\n|-damage|p2a: Volcanion|88\/100\n|\n|upkeep\n|turn|20\n|\n|t:|1700915728\n|switch|p1a: Dragonite|Dragonite, F|100\/100\n|move|p2a: Volcanion|Steam Eruption|p1a: Dragonite\n|-resisted|p1a: Dragonite\n|-damage|p1a: Dragonite|85\/100\n|\n|upkeep\n|turn|21\n|\n|t:|1700915742\n|switch|p2a: Wo-Chien|Wo-Chien|71\/100\n|-ability|p2a: Wo-Chien|Tablets of Ruin\n|move|p1a: Dragonite|Dragon Dance|p1a: Dragonite\n|-boost|p1a: Dragonite|atk|1\n|-boost|p1a: Dragonite|spe|1\n|\n|upkeep\n|turn|22\n|\n|t:|1700915758\n|move|p1a: Dragonite|Dragon Dance|p1a: Dragonite\n|-boost|p1a: Dragonite|atk|1\n|-boost|p1a: Dragonite|spe|1\n|move|p2a: Wo-Chien|Dark Pulse|p1a: Dragonite\n|-damage|p1a: Dragonite|36\/100\n|\n|upkeep\n|turn|23\n|\n|t:|1700915766\n|move|p1a: Dragonite|Roost|p1a: Dragonite\n|-heal|p1a: Dragonite|86\/100\n|-singleturn|p1a: Dragonite|move: Roost\n|move|p2a: Wo-Chien|Dark Pulse|p1a: Dragonite\n|-crit|p1a: Dragonite\n|-damage|p1a: Dragonite|3\/100\n|\n|upkeep\n|turn|24\n|\n|t:|1700915774\n|move|p1a: Dragonite|Roost|p1a: Dragonite\n|-heal|p1a: Dragonite|53\/100\n|-singleturn|p1a: Dragonite|move: Roost\n|move|p2a: Wo-Chien|Dark Pulse|p1a: Dragonite\n|-damage|p1a: Dragonite|0 fnt\n|faint|p1a: Dragonite\n|\n|upkeep\n|\n|t:|1700915781\n|switch|p1a: Enamorus|Enamorus, F|100\/100\n|-damage|p1a: Enamorus|76\/100|[from] Stealth Rock\n|turn|25\n|c|\u2606natcentre|live wo-chien reaction\n|c|\u2606FlorenceIris|xD\n|\n|t:|1700915797\n|switch|p2a: Volcanion|Volcanion|88\/100\n|move|p1a: Enamorus|Moonblast|p2a: Volcanion\n|-resisted|p2a: Volcanion\n|-damage|p2a: Volcanion|55\/100\n|\n|upkeep\n|turn|26\n|\n|t:|1700915804\n|switch|p1a: Moltres|Moltres|66\/100\n|move|p2a: Volcanion|Steam Eruption|p1a: Moltres\n|-supereffective|p1a: Moltres\n|-damage|p1a: Moltres|0 fnt\n|faint|p1a: Moltres\n|\n|upkeep\n|\n|t:|1700915806\n|switch|p1a: Thundurus|Thundurus-Therian, M|100\/100\n|-damage|p1a: Thundurus|76\/100|[from] Stealth Rock\n|turn|27\n|\n|t:|1700915820\n|switch|p2a: Orthworm|Orthworm, M|73\/100\n|move|p1a: Thundurus|Volt Switch|p2a: Orthworm\n|-damage|p2a: Orthworm|37\/100\n|-enditem|p2a: Orthworm|Sitrus Berry|[eat]\n|-heal|p2a: Orthworm|62\/100|[from] item: Sitrus Berry\n|\n|t:|1700915825\n|switch|p1a: Enamorus|Enamorus, F|76\/100|[from] Volt Switch\n|-damage|p1a: Enamorus|51\/100|[from] Stealth Rock\n|\n|upkeep\n|turn|28\n|\n|t:|1700915831\n|move|p1a: Enamorus|Superpower|p2a: Orthworm\n|-supereffective|p2a: Orthworm\n|-damage|p2a: Orthworm|19\/100\n|-boost|p1a: Enamorus|atk|1\n|-boost|p1a: Enamorus|def|1\n|move|p2a: Orthworm|Iron Defense|p2a: Orthworm\n|-boost|p2a: Orthworm|def|2\n|\n|upkeep\n|turn|29\n|\n|t:|1700915836\n|move|p1a: Enamorus|Superpower|p2a: Orthworm\n|-supereffective|p2a: Orthworm\n|-damage|p2a: Orthworm|0 fnt\n|-boost|p1a: Enamorus|atk|1\n|-boost|p1a: Enamorus|def|1\n|faint|p2a: Orthworm\n|\n|upkeep\n|\n|t:|1700915850\n|switch|p2a: Volcanion|Volcanion|55\/100\n|turn|30\n|\n|t:|1700915854\n|move|p1a: Enamorus|Superpower|p2a: Volcanion\n|-damage|p2a: Volcanion|0 fnt\n|-boost|p1a: Enamorus|atk|1\n|-boost|p1a: Enamorus|def|1\n|faint|p2a: Volcanion\n|\n|upkeep\n|\n|t:|1700915857\n|switch|p2a: Glimmora|Glimmora, M|38\/100\n|turn|31\n|c|\u2606natcentre|gg\n|\n|t:|1700915861\n|move|p1a: Enamorus|Superpower|p2a: Glimmora\n|-damage|p2a: Glimmora|0 fnt\n|-boost|p1a: Enamorus|atk|1\n|-boost|p1a: Enamorus|def|1\n|-activate|p2a: Glimmora|ability: Toxic Debris\n|-sidestart|p1: FlorenceIris|move: Toxic Spikes\n|faint|p2a: Glimmora\n|\n|upkeep\n|\n|t:|1700915864\n|switch|p2a: Wo-Chien|Wo-Chien|71\/100\n|-ability|p2a: Wo-Chien|Tablets of Ruin\n|turn|32\n|c|\u2606FlorenceIris|gg\n|\n|t:|1700915867\n|move|p1a: Enamorus|Superpower|p2a: Wo-Chien\n|-supereffective|p2a: Wo-Chien\n|-damage|p2a: Wo-Chien|0 fnt\n|-boost|p1a: Enamorus|atk|1\n|-boost|p1a: Enamorus|def|1\n|faint|p2a: Wo-Chien\n|\n|win|FlorenceIris\n|l|\u2606natcentre\n|l|\u2606FlorenceIris\n|j|\u2606FlorenceIris\n|player|p1|FlorenceIris|sonia-professor\n","uploadtime":1700915980,"views":21,"p1id":"florenceiris","p2id":"natcentre","formatid":"gen9ou","rating":0,"private":0,"password":""}