{"id":"gen9ou-1993433354","p1":"OUVT TOSHI","p2":"AikonZ_Test","format":"[Gen 9] OU","log":"|j|\u2606OUVT TOSHI\n|j|\u2606AikonZ_Test\n|t:|1700317296\n|gametype|singles\n|player|p1|OUVT TOSHI|palmer|1786\n|player|p2|AikonZ_Test|veteran|1814\n|teamsize|p1|6\n|teamsize|p2|6\n|gen|9\n|tier|[Gen 9] OU\n|rated|\n|rule|Sleep Clause Mod: Limit one foe put to sleep\n|rule|Species Clause: Limit one of each Pok\u00e9mon\n|rule|OHKO Clause: OHKO moves are banned\n|rule|Evasion Items Clause: Evasion items are banned\n|rule|Evasion Moves Clause: Evasion moves are banned\n|rule|Endless Battle Clause: Forcing endless battles is banned\n|rule|HP Percentage Mod: HP is shown in percentages\n|clearpoke\n|poke|p1|Ogerpon-Wellspring, F|\n|poke|p1|Zamazenta-*|\n|poke|p1|Ting-Lu|\n|poke|p1|Iron Moth|\n|poke|p1|Zapdos|\n|poke|p1|Ursaluna, F|\n|poke|p2|Slowking-Galar, F|\n|poke|p2|Clefable, M|\n|poke|p2|Zamazenta-*|\n|poke|p2|Cinderace, M|\n|poke|p2|Greninja-*, M|\n|poke|p2|Great Tusk|\n|teampreview\n|c|\u2606AikonZ_Test|gl\n|\n|t:|1700317311\n|start\n|switch|p1a: Zapdos|Zapdos|100\/100\n|switch|p2a: Greninja|Greninja, M|100\/100\n|turn|1\n|\n|t:|1700317323\n|-terastallize|p1a: Zapdos|Water\n|move|p2a: Greninja|Ice Beam|p1a: Zapdos\n|-start|p2a: Greninja|typechange|Ice|[from] ability: Protean\n|-resisted|p1a: Zapdos\n|-damage|p1a: Zapdos|82\/100\n|move|p1a: Zapdos|Discharge|p2a: Greninja\n|-damage|p2a: Greninja|44\/100\n|\n|upkeep\n|turn|2\n|\n|t:|1700317341\n|switch|p2a: Slowking|Slowking-Galar, F|100\/100\n|switch|p1a: Ogerpon|Ogerpon-Wellspring, F|100\/100\n|\n|upkeep\n|turn|3\n|\n|t:|1700317354\n|move|p1a: Ogerpon|U-turn|p2a: Slowking\n|-damage|p2a: Slowking|74\/100\n|\n|t:|1700317356\n|switch|p1a: Ursaluna|Ursaluna, F|100\/100|[from] U-turn\n|move|p2a: Slowking|Sludge Bomb|p1a: Ursaluna\n|-resisted|p1a: Ursaluna\n|-damage|p1a: Ursaluna|78\/100\n|\n|-status|p1a: Ursaluna|brn|[from] item: Flame Orb\n|upkeep\n|turn|4\n|\n|t:|1700317365\n|switch|p2a: Great Tusk|Great Tusk|100\/100\n|move|p1a: Ursaluna|Headlong Rush|p2a: Great Tusk\n|-damage|p2a: Great Tusk|42\/100\n|-unboost|p1a: Ursaluna|def|1\n|-unboost|p1a: Ursaluna|spd|1\n|\n|-heal|p2a: Great Tusk|49\/100|[from] item: Leftovers\n|-damage|p1a: Ursaluna|72\/100 brn|[from] brn\n|upkeep\n|turn|5\n|\n|t:|1700317374\n|switch|p1a: Zapdos|Zapdos, tera:Water|82\/100\n|move|p2a: Great Tusk|Earthquake|p1a: Zapdos\n|-damage|p1a: Zapdos|40\/100\n|\n|-heal|p2a: Great Tusk|55\/100|[from] item: Leftovers\n|upkeep\n|turn|6\n|j| ARandomBird ig\n|\n|t:|1700317382\n|-end|p2a: Great Tusk|Protosynthesis|[silent]\n|switch|p2a: Slowking|Slowking-Galar, F|100\/100\n|move|p1a: Zapdos|Hurricane|p2a: Slowking|[miss]\n|-miss|p1a: Zapdos|p2a: Slowking\n|\n|upkeep\n|turn|7\n|\n|t:|1700317386\n|move|p1a: Zapdos|Roost|p1a: Zapdos\n|-heal|p1a: Zapdos|90\/100\n|move|p2a: Slowking|Future Sight|p1a: Zapdos\n|-start|p2a: Slowking|move: Future Sight\n|\n|upkeep\n|turn|8\n|j| Raidder89\n|\n|t:|1700317397\n|switch|p1a: Ting-Lu|Ting-Lu|100\/100\n|-ability|p1a: Ting-Lu|Vessel of Ruin\n|move|p2a: Slowking|Sludge Bomb|p1a: Ting-Lu\n|-resisted|p1a: Ting-Lu\n|-damage|p1a: Ting-Lu|92\/100\n|-status|p1a: Ting-Lu|psn\n|\n|-heal|p1a: Ting-Lu|98\/100 psn|[from] item: Leftovers\n|-damage|p1a: Ting-Lu|86\/100 psn|[from] psn\n|upkeep\n|turn|9\n|\n|t:|1700317403\n|switch|p2a: Great Tusk|Great Tusk|55\/100\n|move|p1a: Ting-Lu|Stealth Rock|p2a: Great Tusk\n|-sidestart|p2: AikonZ_Test|move: Stealth Rock\n|\n|-end|p1a: Ting-Lu|move: Future Sight\n|-immune|p1a: Ting-Lu\n|-heal|p2a: Great Tusk|61\/100|[from] item: Leftovers\n|-heal|p1a: Ting-Lu|92\/100 psn|[from] item: Leftovers\n|-damage|p1a: Ting-Lu|80\/100 psn|[from] psn\n|upkeep\n|turn|10\n|\n|t:|1700317409\n|switch|p1a: Ogerpon|Ogerpon-Wellspring, F|100\/100\n|move|p2a: Great Tusk|Rapid Spin|p1a: Ogerpon\n|-damage|p1a: Ogerpon|83\/100\n|-boost|p2a: Great Tusk|spe|1\n|-sideend|p2: AikonZ_Test|Stealth Rock|[from] move: Rapid Spin|[of] p2a: Great Tusk\n|\n|-heal|p2a: Great Tusk|67\/100|[from] item: Leftovers\n|upkeep\n|turn|11\n|\n|t:|1700317415\n|-end|p2a: Great Tusk|Protosynthesis|[silent]\n|switch|p2a: Zamazenta|Zamazenta|100\/100\n|-ability|p2a: Zamazenta|Dauntless Shield|boost\n|-boost|p2a: Zamazenta|def|1\n|move|p1a: Ogerpon|Horn Leech|p2a: Zamazenta\n|-damage|p2a: Zamazenta|80\/100\n|-heal|p1a: Ogerpon|96\/100|[from] drain|[of] p2a: Zamazenta\n|\n|-heal|p2a: Zamazenta|87\/100|[from] item: Leftovers\n|upkeep\n|turn|12\n|\n|t:|1700317422\n|switch|p1a: Zapdos|Zapdos, tera:Water|90\/100\n|move|p2a: Zamazenta|Iron Defense|p2a: Zamazenta\n|-boost|p2a: Zamazenta|def|2\n|\n|-heal|p2a: Zamazenta|93\/100|[from] item: Leftovers\n|upkeep\n|turn|13\n|\n|t:|1700317427\n|-terastallize|p2a: Zamazenta|Steel\n|move|p2a: Zamazenta|Substitute|p2a: Zamazenta\n|-start|p2a: Zamazenta|Substitute\n|-damage|p2a: Zamazenta|68\/100\n|move|p1a: Zapdos|Hurricane|p2a: Zamazenta\n|-resisted|p2a: Zamazenta\n|-activate|p2a: Zamazenta|move: Substitute|[damage]\n|\n|-heal|p2a: Zamazenta|74\/100|[from] item: Leftovers\n|upkeep\n|turn|14\n|\n|t:|1700317433\n|move|p2a: Zamazenta|Body Press|p1a: Zapdos\n|-damage|p1a: Zapdos|21\/100\n|-status|p2a: Zamazenta|par|[from] ability: Static|[of] p1a: Zapdos\n|move|p1a: Zapdos|Heat Wave|p2a: Zamazenta\n|-supereffective|p2a: Zamazenta\n|-end|p2a: Zamazenta|Substitute\n|\n|-heal|p2a: Zamazenta|80\/100 par|[from] item: Leftovers\n|upkeep\n|turn|15\n|\n|t:|1700317443\n|move|p1a: Zapdos|Heat Wave|p2a: Zamazenta\n|-supereffective|p2a: Zamazenta\n|-damage|p2a: Zamazenta|37\/100 par\n|cant|p2a: Zamazenta|par\n|\n|-heal|p2a: Zamazenta|43\/100 par|[from] item: Leftovers\n|upkeep\n|turn|16\n|\n|t:|1700317451\n|move|p1a: Zapdos|Heat Wave|p2a: Zamazenta\n|-supereffective|p2a: Zamazenta\n|-damage|p2a: Zamazenta|0 fnt\n|faint|p2a: Zamazenta\n|\n|upkeep\n|\n|t:|1700317457\n|switch|p2a: Greninja|Greninja, M|44\/100\n|turn|17\n|\n|t:|1700317464\n|move|p2a: Greninja|Grass Knot|p1a: Zapdos\n|-start|p2a: Greninja|typechange|Grass|[from] ability: Protean\n|-supereffective|p1a: Zapdos\n|-damage|p1a: Zapdos|0 fnt\n|-status|p2a: Greninja|par|[from] ability: Static|[of] p1a: Zapdos\n|faint|p1a: Zapdos\n|\n|upkeep\n|\n|t:|1700317472\n|switch|p1a: Ogerpon|Ogerpon-Wellspring, F|96\/100\n|turn|18\n|\n|t:|1700317483\n|move|p1a: Ogerpon|U-turn|p2a: Greninja\n|-supereffective|p2a: Greninja\n|-damage|p2a: Greninja|0 fnt\n|faint|p2a: Greninja\n|\n|t:|1700317500\n|switch|p1a: Ursaluna|Ursaluna, F|72\/100 brn|[from] U-turn\n|\n|-damage|p1a: Ursaluna|66\/100 brn|[from] brn\n|upkeep\n|\n|t:|1700317506\n|switch|p2a: Great Tusk|Great Tusk|67\/100\n|turn|19\n|\n|t:|1700317517\n|switch|p1a: Zamazenta|Zamazenta|100\/100\n|-ability|p1a: Zamazenta|Dauntless Shield|boost\n|-boost|p1a: Zamazenta|def|1\n|move|p2a: Great Tusk|Bulk Up|p2a: Great Tusk\n|-boost|p2a: Great Tusk|atk|1\n|-boost|p2a: Great Tusk|def|1\n|\n|-heal|p2a: Great Tusk|74\/100|[from] item: Leftovers\n|upkeep\n|turn|20\n|\n|t:|1700317528\n|move|p1a: Zamazenta|Close Combat|p2a: Great Tusk\n|-damage|p2a: Great Tusk|53\/100\n|-unboost|p1a: Zamazenta|def|1\n|-unboost|p1a: Zamazenta|spd|1\n|move|p2a: Great Tusk|Rapid Spin|p1a: Zamazenta\n|-damage|p1a: Zamazenta|82\/100\n|-boost|p2a: Great Tusk|spe|1\n|\n|-heal|p2a: Great Tusk|60\/100|[from] item: Leftovers\n|upkeep\n|turn|21\n|\n|t:|1700317537\n|switch|p1a: Ting-Lu|Ting-Lu|80\/100 psn\n|-ability|p1a: Ting-Lu|Vessel of Ruin\n|move|p2a: Great Tusk|Rapid Spin|p1a: Ting-Lu\n|-damage|p1a: Ting-Lu|67\/100 psn\n|-boost|p2a: Great Tusk|spe|1\n|\n|-heal|p2a: Great Tusk|66\/100|[from] item: Leftovers\n|-heal|p1a: Ting-Lu|73\/100 psn|[from] item: Leftovers\n|-damage|p1a: Ting-Lu|61\/100 psn|[from] psn\n|upkeep\n|turn|22\n|\n|t:|1700317548\n|move|p2a: Great Tusk|Earthquake|p1a: Ting-Lu\n|-damage|p1a: Ting-Lu|28\/100 psn\n|move|p1a: Ting-Lu|Whirlwind|p2a: Great Tusk\n|-end|p2a: Great Tusk|Protosynthesis|[silent]\n|drag|p2a: Clefable|Clefable, M|100\/100\n|\n|-heal|p1a: Ting-Lu|34\/100 psn|[from] item: Leftovers\n|-damage|p1a: Ting-Lu|22\/100 psn|[from] psn\n|upkeep\n|turn|23\n|\n|t:|1700317556\n|move|p2a: Clefable|Stealth Rock|p1a: Ting-Lu\n|-sidestart|p1: OUVT TOSHI|move: Stealth Rock\n|move|p1a: Ting-Lu|Stealth Rock|p2a: Clefable\n|-sidestart|p2: AikonZ_Test|move: Stealth Rock\n|\n|-heal|p1a: Ting-Lu|28\/100 psn|[from] item: Leftovers\n|-damage|p1a: Ting-Lu|15\/100 psn|[from] psn\n|upkeep\n|turn|24\n|\n|t:|1700317569\n|move|p2a: Clefable|Moonblast|p1a: Ting-Lu\n|-supereffective|p1a: Ting-Lu\n|-damage|p1a: Ting-Lu|0 fnt\n|faint|p1a: Ting-Lu\n|\n|upkeep\n|\n|t:|1700317574\n|switch|p1a: Ursaluna|Ursaluna, F|66\/100 brn\n|-damage|p1a: Ursaluna|60\/100 brn|[from] Stealth Rock\n|turn|25\n|\n|t:|1700317588\n|move|p1a: Ursaluna|Facade|p2a: Clefable\n|-damage|p2a: Clefable|0 fnt\n|faint|p2a: Clefable\n|\n|-damage|p1a: Ursaluna|54\/100 brn|[from] brn\n|upkeep\n|\n|t:|1700317599\n|switch|p2a: Great Tusk|Great Tusk|66\/100\n|-damage|p2a: Great Tusk|63\/100|[from] Stealth Rock\n|turn|26\n|\n|t:|1700317608\n|switch|p1a: Ogerpon|Ogerpon-Wellspring, F|96\/100\n|-damage|p1a: Ogerpon|83\/100|[from] Stealth Rock\n|move|p2a: Great Tusk|Earthquake|p1a: Ogerpon\n|-resisted|p1a: Ogerpon\n|-crit|p1a: Ogerpon\n|-damage|p1a: Ogerpon|37\/100\n|\n|-heal|p2a: Great Tusk|69\/100|[from] item: Leftovers\n|upkeep\n|turn|27\n|\n|t:|1700317619\n|move|p1a: Ogerpon|Ivy Cudgel|p2a: Great Tusk|[anim] Ivy Cudgel Water\n|-supereffective|p2a: Great Tusk\n|-damage|p2a: Great Tusk|11\/100\n|move|p2a: Great Tusk|Earthquake|p1a: Ogerpon\n|-resisted|p1a: Ogerpon\n|-crit|p1a: Ogerpon\n|-damage|p1a: Ogerpon|0 fnt\n|faint|p1a: Ogerpon\n|\n|-heal|p2a: Great Tusk|17\/100|[from] item: Leftovers\n|upkeep\n|\n|t:|1700317628\n|switch|p1a: Zamazenta|Zamazenta|82\/100\n|turn|28\n|\n|t:|1700317633\n|move|p1a: Zamazenta|Close Combat|p2a: Great Tusk\n|-damage|p2a: Great Tusk|0 fnt\n|-unboost|p1a: Zamazenta|def|1\n|-unboost|p1a: Zamazenta|spd|1\n|faint|p2a: Great Tusk\n|-end|p2a: Great Tusk|Protosynthesis|[silent]\n|\n|upkeep\n|\n|t:|1700317637\n|switch|p2a: Slowking|Slowking-Galar, F|100\/100\n|-damage|p2a: Slowking|88\/100|[from] Stealth Rock\n|turn|29\n|\n|t:|1700317676\n|move|p1a: Zamazenta|Crunch|p2a: Slowking\n|-supereffective|p2a: Slowking\n|-damage|p2a: Slowking|30\/100\n|move|p2a: Slowking|Future Sight|p1a: Zamazenta\n|-start|p2a: Slowking|move: Future Sight\n|\n|upkeep\n|turn|30\n|\n|t:|1700317682\n|switch|p2a: Cinderace|Cinderace, M|100\/100\n|move|p1a: Zamazenta|Crunch|p2a: Cinderace\n|-damage|p2a: Cinderace|64\/100\n|\n|upkeep\n|turn|31\n|j| Dngndkfkskg\n|\n|t:|1700317697\n|switch|p2a: Slowking|Slowking-Galar, F|63\/100\n|-damage|p2a: Slowking|51\/100|[from] Stealth Rock\n|move|p1a: Zamazenta|Close Combat|p2a: Slowking\n|-resisted|p2a: Slowking\n|-damage|p2a: Slowking|37\/100\n|-unboost|p1a: Zamazenta|def|1\n|-unboost|p1a: Zamazenta|spd|1\n|\n|-end|p1a: Zamazenta|move: Future Sight\n|-supereffective|p1a: Zamazenta\n|-damage|p1a: Zamazenta|0 fnt\n|faint|p1a: Zamazenta\n|upkeep\n|\n|t:|1700317700\n|switch|p1a: Ursaluna|Ursaluna, F|54\/100 brn\n|-damage|p1a: Ursaluna|48\/100 brn|[from] Stealth Rock\n|turn|32\n|\n|t:|1700317708\n|move|p1a: Ursaluna|Facade|p2a: Slowking\n|-damage|p2a: Slowking|0 fnt\n|faint|p2a: Slowking\n|\n|-damage|p1a: Ursaluna|42\/100 brn|[from] brn\n|upkeep\n|\n|t:|1700317711\n|switch|p2a: Cinderace|Cinderace, M|64\/100\n|turn|33\n|\n|t:|1700317716\n|move|p2a: Cinderace|Pyro Ball|p1a: Ursaluna\n|-damage|p1a: Ursaluna|1\/100 brn\n|move|p1a: Ursaluna|Facade|p2a: Cinderace\n|-damage|p2a: Cinderace|0 fnt\n|faint|p2a: Cinderace\n|\n|win|OUVT TOSHI\n|raw|OUVT TOSHI's rating: 1786 &rarr; <strong>1808<\/strong><br \/>(+22 for winning)\n|raw|AikonZ_Test's rating: 1814 &rarr; <strong>1792<\/strong><br \/>(-22 for losing)\n|c|\u2606AikonZ_Test|gg\n|l|\u2606AikonZ_Test\n|c|\u2606OUVT TOSHI|gg wp\n","uploadtime":1700317730,"views":11,"p1id":"ouvttoshi","p2id":"aikonztest","formatid":"gen9ou","rating":1792,"private":0,"password":""}