{"id":"gen9ou-1994426907","p1":"Mr.X&Y97","p2":"Gengargeng92","format":"[Gen 9] OU","log":"|j|\u2606Mr.X&Y97\n|j|\u2606Gengargeng92\n|t:|1700442680\n|gametype|singles\n|player|p1|Mr.X&Y97|ingo|1524\n|player|p2|Gengargeng92|2|1419\n|teamsize|p1|6\n|teamsize|p2|6\n|gen|9\n|tier|[Gen 9] OU\n|rated|\n|rule|Sleep Clause Mod: Limit one foe put to sleep\n|rule|Species Clause: Limit one of each Pok\u00e9mon\n|rule|OHKO Clause: OHKO moves are banned\n|rule|Evasion Items Clause: Evasion items are banned\n|rule|Evasion Moves Clause: Evasion moves are banned\n|rule|Endless Battle Clause: Forcing endless battles is banned\n|rule|HP Percentage Mod: HP is shown in percentages\n|clearpoke\n|poke|p1|Ogerpon-Cornerstone, F|\n|poke|p1|Weavile, M|\n|poke|p1|Dragapult, M|\n|poke|p1|Mandibuzz, F|\n|poke|p1|Glimmora, F|\n|poke|p1|Volcanion|\n|poke|p2|Dondozo, F|\n|poke|p2|Goodra-Hisui, M|\n|poke|p2|Kingambit, F|\n|poke|p2|Iron Moth|\n|poke|p2|Dragonite, M|\n|poke|p2|Forretress, F|\n|teampreview\n|inactive|Battle timer is ON: inactive players will automatically lose when time's up. (requested by Mr.X&Y97)\n|\n|t:|1700442687\n|start\n|switch|p1a: Glimmora|Glimmora, F|100\/100\n|switch|p2a: Forretress|Forretress, F|100\/100\n|turn|1\n|\n|t:|1700442694\n|switch|p1a: Dragapult|Dragapult, M|100\/100\n|move|p2a: Forretress|Toxic Spikes|p1a: Dragapult\n|-sidestart|p1: Mr.X&Y97|move: Toxic Spikes\n|\n|upkeep\n|turn|2\n|\n|t:|1700442699\n|move|p1a: Dragapult|Shadow Ball|p2a: Forretress\n|-damage|p2a: Forretress|25\/100\n|move|p2a: Forretress|Spikes|p1a: Dragapult\n|-sidestart|p1: Mr.X&Y97|Spikes\n|\n|upkeep\n|turn|3\n|\n|t:|1700442705\n|move|p1a: Dragapult|Shadow Ball|p2a: Forretress\n|-damage|p2a: Forretress|0 fnt\n|faint|p2a: Forretress\n|\n|upkeep\n|\n|t:|1700442711\n|switch|p2a: Kingambit|Kingambit, F|100\/100\n|-activate|p2a: Kingambit|ability: Supreme Overlord\n|-start|p2a: Kingambit|fallen1|[silent]\n|turn|4\n|\n|t:|1700442721\n|switch|p1a: Mandibuzz|Mandibuzz, F|100\/100\n|-end|p2a: Kingambit|fallen1|[silent]\n|switch|p2a: Dragonite|Dragonite, M|100\/100\n|\n|upkeep\n|turn|5\n|\n|t:|1700442730\n|switch|p2a: Iron Moth|Iron Moth|100\/100\n|move|p1a: Mandibuzz|Defog|p2a: Iron Moth\n|-unboost|p2a: Iron Moth|evasion|1\n|-sideend|p1: Mr.X&Y97|Spikes|[from] move: Defog|[of] p1a: Mandibuzz\n|-sideend|p1: Mr.X&Y97|Toxic Spikes|[from] move: Defog|[of] p1a: Mandibuzz\n|\n|upkeep\n|turn|6\n|\n|t:|1700442737\n|move|p2a: Iron Moth|Fiery Dance|p1a: Mandibuzz\n|-damage|p1a: Mandibuzz|65\/100\n|move|p1a: Mandibuzz|U-turn|p2a: Iron Moth\n|-resisted|p2a: Iron Moth\n|-damage|p2a: Iron Moth|96\/100\n|\n|t:|1700442754\n|switch|p1a: Glimmora|Glimmora, F|100\/100|[from] U-turn\n|\n|upkeep\n|turn|7\n|\n|t:|1700442763\n|move|p2a: Iron Moth|Energy Ball|p1a: Glimmora\n|-damage|p1a: Glimmora|58\/100\n|move|p1a: Glimmora|Stealth Rock|p2a: Iron Moth\n|-sidestart|p2: Gengargeng92|move: Stealth Rock\n|\n|upkeep\n|turn|8\n|\n|t:|1700442769\n|move|p2a: Iron Moth|Fiery Dance|p1a: Glimmora\n|-resisted|p1a: Glimmora\n|-damage|p1a: Glimmora|31\/100\n|-boost|p2a: Iron Moth|spa|1\n|move|p1a: Glimmora|Earth Power|p2a: Iron Moth\n|-supereffective|p2a: Iron Moth\n|-damage|p2a: Iron Moth|0 fnt\n|faint|p2a: Iron Moth\n|-end|p2a: Iron Moth|Quark Drive|[silent]\n|\n|upkeep\n|\n|t:|1700442779\n|switch|p2a: Goodra|Goodra-Hisui, M|100\/100\n|-damage|p2a: Goodra|94\/100|[from] Stealth Rock\n|turn|9\n|\n|t:|1700442784\n|move|p1a: Glimmora|Earth Power|p2a: Goodra\n|-supereffective|p2a: Goodra\n|-damage|p2a: Goodra|67\/100\n|move|p2a: Goodra|Flash Cannon|p1a: Glimmora\n|-supereffective|p1a: Glimmora\n|-damage|p1a: Glimmora|0 fnt\n|faint|p1a: Glimmora\n|\n|upkeep\n|inactive|Mr.X&Y97 has 120 seconds left.\n|\n|t:|1700442820\n|switch|p1a: Volcanion|Volcanion|100\/100\n|turn|10\n|inactive|Mr.X&Y97 has 120 seconds left.\n|\n|t:|1700442831\n|move|p1a: Volcanion|Earth Power|p2a: Goodra\n|-supereffective|p2a: Goodra\n|-damage|p2a: Goodra|36\/100\n|move|p2a: Goodra|Sludge Bomb|p1a: Volcanion\n|-damage|p1a: Volcanion|67\/100\n|-status|p1a: Volcanion|psn\n|\n|-damage|p1a: Volcanion|55\/100 psn|[from] psn\n|upkeep\n|turn|11\n|inactive|Mr.X&Y97 has 120 seconds left.\n|\n|t:|1700442841\n|move|p1a: Volcanion|Flamethrower|p2a: Goodra\n|-damage|p2a: Goodra|14\/100\n|-status|p2a: Goodra|brn\n|move|p2a: Goodra|Sludge Bomb|p1a: Volcanion\n|-damage|p1a: Volcanion|17\/100 psn\n|\n|-damage|p1a: Volcanion|5\/100 psn|[from] psn\n|-damage|p2a: Goodra|8\/100 brn|[from] brn\n|upkeep\n|turn|12\n|\n|t:|1700442853\n|move|p1a: Volcanion|Flamethrower|p2a: Goodra\n|-damage|p2a: Goodra|0 fnt\n|faint|p2a: Goodra\n|\n|-damage|p1a: Volcanion|0 fnt|[from] psn\n|faint|p1a: Volcanion\n|upkeep\n|\n|t:|1700442863\n|switch|p1a: Ogerpon|Ogerpon-Cornerstone, F|100\/100\n|switch|p2a: Kingambit|Kingambit, F|100\/100\n|-damage|p2a: Kingambit|94\/100|[from] Stealth Rock\n|-activate|p2a: Kingambit|ability: Supreme Overlord\n|-start|p2a: Kingambit|fallen3|[silent]\n|turn|13\n|\n|t:|1700442872\n|move|p1a: Ogerpon|Low Sweep|p2a: Kingambit\n|-supereffective|p2a: Kingambit\n|-damage|p2a: Kingambit|18\/100\n|-unboost|p2a: Kingambit|spe|1\n|move|p2a: Kingambit|Iron Head|p1a: Ogerpon\n|-supereffective|p1a: Ogerpon\n|-ability|p1a: Ogerpon|Sturdy\n|-damage|p1a: Ogerpon|1\/100\n|\n|-heal|p2a: Kingambit|24\/100|[from] item: Leftovers\n|upkeep\n|turn|14\n|\n|t:|1700442883\n|switch|p1a: Mandibuzz|Mandibuzz, F|65\/100\n|move|p2a: Kingambit|Iron Head|p1a: Mandibuzz\n|-crit|p1a: Mandibuzz\n|-damage|p1a: Mandibuzz|16\/100\n|\n|-heal|p2a: Kingambit|30\/100|[from] item: Leftovers\n|upkeep\n|turn|15\n|\n|t:|1700442892\n|move|p1a: Mandibuzz|Roost|p1a: Mandibuzz\n|-heal|p1a: Mandibuzz|66\/100\n|-singleturn|p1a: Mandibuzz|move: Roost\n|move|p2a: Kingambit|Swords Dance|p2a: Kingambit\n|-boost|p2a: Kingambit|atk|2\n|\n|-heal|p2a: Kingambit|37\/100|[from] item: Leftovers\n|upkeep\n|turn|16\n|\n|t:|1700442902\n|move|p1a: Mandibuzz|Foul Play|p2a: Kingambit\n|-resisted|p2a: Kingambit\n|-damage|p2a: Kingambit|0 fnt\n|faint|p2a: Kingambit\n|-end|p2a: Kingambit|fallen3|[silent]\n|\n|upkeep\n|\n|t:|1700442909\n|switch|p2a: Dondozo|Dondozo, F|100\/100\n|-damage|p2a: Dondozo|88\/100|[from] Stealth Rock\n|turn|17\n|\n|t:|1700442918\n|move|p1a: Mandibuzz|Roost|p1a: Mandibuzz\n|-heal|p1a: Mandibuzz|100\/100\n|-singleturn|p1a: Mandibuzz|move: Roost\n|move|p2a: Dondozo|Curse|p2a: Dondozo\n|-unboost|p2a: Dondozo|spe|1\n|-boost|p2a: Dondozo|atk|1\n|-boost|p2a: Dondozo|def|1\n|\n|-heal|p2a: Dondozo|94\/100|[from] item: Leftovers\n|upkeep\n|turn|18\n|\n|t:|1700442929\n|move|p1a: Mandibuzz|Foul Play|p2a: Dondozo\n|-damage|p2a: Dondozo|80\/100\n|move|p2a: Dondozo|Liquidation|p1a: Mandibuzz\n|-damage|p1a: Mandibuzz|75\/100\n|\n|-heal|p2a: Dondozo|86\/100|[from] item: Leftovers\n|upkeep\n|turn|19\n|\n|t:|1700442939\n|move|p1a: Mandibuzz|Foul Play|p2a: Dondozo\n|-damage|p2a: Dondozo|74\/100\n|move|p2a: Dondozo|Curse|p2a: Dondozo\n|-unboost|p2a: Dondozo|spe|1\n|-boost|p2a: Dondozo|atk|1\n|-boost|p2a: Dondozo|def|1\n|\n|-heal|p2a: Dondozo|80\/100|[from] item: Leftovers\n|upkeep\n|turn|20\n|\n|t:|1700442949\n|move|p1a: Mandibuzz|Foul Play|p2a: Dondozo\n|-damage|p2a: Dondozo|71\/100\n|move|p2a: Dondozo|Curse|p2a: Dondozo\n|-unboost|p2a: Dondozo|spe|1\n|-boost|p2a: Dondozo|atk|1\n|-boost|p2a: Dondozo|def|1\n|\n|-heal|p2a: Dondozo|77\/100|[from] item: Leftovers\n|upkeep\n|turn|21\n|\n|t:|1700442960\n|move|p1a: Mandibuzz|Foul Play|p2a: Dondozo\n|-damage|p2a: Dondozo|68\/100\n|move|p2a: Dondozo|Liquidation|p1a: Mandibuzz\n|-damage|p1a: Mandibuzz|30\/100\n|\n|-heal|p2a: Dondozo|75\/100|[from] item: Leftovers\n|upkeep\n|turn|22\n|\n|t:|1700442968\n|move|p1a: Mandibuzz|Roost|p1a: Mandibuzz\n|-heal|p1a: Mandibuzz|80\/100\n|-singleturn|p1a: Mandibuzz|move: Roost\n|move|p2a: Dondozo|Liquidation|p1a: Mandibuzz\n|-damage|p1a: Mandibuzz|38\/100\n|\n|-heal|p2a: Dondozo|81\/100|[from] item: Leftovers\n|upkeep\n|turn|23\n|\n|t:|1700442978\n|move|p1a: Mandibuzz|Roost|p1a: Mandibuzz\n|-heal|p1a: Mandibuzz|88\/100\n|-singleturn|p1a: Mandibuzz|move: Roost\n|move|p2a: Dondozo|Curse|p2a: Dondozo\n|-unboost|p2a: Dondozo|spe|1\n|-boost|p2a: Dondozo|atk|1\n|-boost|p2a: Dondozo|def|1\n|\n|-heal|p2a: Dondozo|87\/100|[from] item: Leftovers\n|upkeep\n|turn|24\n|\n|t:|1700442989\n|move|p1a: Mandibuzz|Foul Play|p2a: Dondozo\n|-damage|p2a: Dondozo|81\/100\n|move|p2a: Dondozo|Liquidation|p1a: Mandibuzz\n|-damage|p1a: Mandibuzz|37\/100\n|-unboost|p1a: Mandibuzz|def|1\n|\n|-heal|p2a: Dondozo|87\/100|[from] item: Leftovers\n|upkeep\n|turn|25\n|\n|t:|1700443008\n|move|p1a: Mandibuzz|Foul Play|p2a: Dondozo\n|-damage|p2a: Dondozo|80\/100\n|move|p2a: Dondozo|Liquidation|p1a: Mandibuzz\n|-damage|p1a: Mandibuzz|0 fnt\n|faint|p1a: Mandibuzz\n|\n|-heal|p2a: Dondozo|86\/100|[from] item: Leftovers\n|upkeep\n|\n|t:|1700443027\n|switch|p1a: Dragapult|Dragapult, M|100\/100\n|turn|26\n|inactive|Gengargeng92 has 120 seconds left.\n|\n|t:|1700443080\n|move|p1a: Dragapult|Draco Meteor|p2a: Dondozo\n|-damage|p2a: Dondozo|33\/100\n|-unboost|p1a: Dragapult|spa|2\n|move|p2a: Dondozo|Liquidation|p1a: Dragapult\n|-resisted|p1a: Dragapult\n|-damage|p1a: Dragapult|38\/100\n|\n|-heal|p2a: Dondozo|39\/100|[from] item: Leftovers\n|upkeep\n|turn|27\n|\n|t:|1700443094\n|switch|p1a: Ogerpon|Ogerpon-Cornerstone, F|1\/100\n|move|p2a: Dondozo|Rest|p2a: Dondozo\n|-status|p2a: Dondozo|slp|[from] move: Rest\n|-heal|p2a: Dondozo|100\/100 slp|[silent]\n|\n|upkeep\n|turn|28\n|\n|t:|1700443106\n|move|p1a: Ogerpon|Ivy Cudgel|p2a: Dondozo|[anim] Ivy Cudgel Rock\n|-damage|p2a: Dondozo|87\/100 slp\n|cant|p2a: Dondozo|slp\n|\n|-heal|p2a: Dondozo|94\/100 slp|[from] item: Leftovers\n|upkeep\n|turn|29\n|\n|t:|1700443124\n|move|p1a: Ogerpon|Swords Dance|p1a: Ogerpon\n|-boost|p1a: Ogerpon|atk|2\n|cant|p2a: Dondozo|slp\n|\n|-heal|p2a: Dondozo|99\/100 slp|[from] item: Leftovers\n|upkeep\n|turn|30\n|inactive|Gengargeng92 has 120 seconds left.\n|\n|t:|1700443132\n|move|p1a: Ogerpon|Ivy Cudgel|p2a: Dondozo|[anim] Ivy Cudgel Rock\n|-crit|p2a: Dondozo\n|-damage|p2a: Dondozo|44\/100 slp\n|-curestatus|p2a: Dondozo|slp|[msg]\n|move|p2a: Dondozo|Liquidation|p1a: Ogerpon\n|-damage|p1a: Ogerpon|0 fnt\n|faint|p1a: Ogerpon\n|\n|-heal|p2a: Dondozo|50\/100|[from] item: Leftovers\n|upkeep\n|\n|t:|1700443137\n|switch|p1a: Dragapult|Dragapult, M|38\/100\n|turn|31\n|c|\u2606Gengargeng92|Fkng gay\n|n|\u203dGengargeng92|gengargeng92\n|c|&|\/log Gengargeng92 was locked from talking by Artemis for a week. (\u2606Gengargeng92: Fkng gay)\n|c|&|\/raw <small>This action was done automatically. Want to learn more about the AI? <a href=\"https:\/\/www.smogon.com\/forums\/threads\/3570628\/#post-9056769\">Visit the information thread<\/a>.<\/small>\n|inactive|Gengargeng92 has 120 seconds left.\n|\n|t:|1700443169\n|move|p1a: Dragapult|Draco Meteor|p2a: Dondozo\n|-damage|p2a: Dondozo|0 fnt\n|-unboost|p1a: Dragapult|spa|2\n|faint|p2a: Dondozo\n|\n|upkeep\n|\n|t:|1700443175\n|switch|p2a: Dragonite|Dragonite, M|100\/100\n|-damage|p2a: Dragonite|76\/100|[from] Stealth Rock\n|turn|32\n|\n|t:|1700443179\n|move|p1a: Dragapult|Draco Meteor|p2a: Dragonite\n|-supereffective|p2a: Dragonite\n|-damage|p2a: Dragonite|0 fnt\n|-unboost|p1a: Dragapult|spa|2\n|faint|p2a: Dragonite\n|\n|win|Mr.X&Y97\n|raw|Mr.X&amp;Y97's rating: 1524 &rarr; <strong>1538<\/strong><br \/>(+14 for winning)\n|raw|Gengargeng92's rating: 1419 &rarr; <strong>1405<\/strong><br \/>(-14 for losing)\n|c|\u2606Mr.X&Y97|Ggs\n","uploadtime":1700443144,"views":36,"p1id":"mrxy97","p2id":"gengargeng92","formatid":"gen9ou","rating":1405,"private":0,"password":""}