{"id":"gen9ou-1997450943","p1":"Mtmc","p2":"honkbeep04","format":"[Gen 9] OU","log":"|j|\u2606Mtmc\n|j|\u2606honkbeep04\n|t:|1700807486\n|gametype|singles\n|player|p1|Mtmc|101|1175\n|player|p2|honkbeep04|richboy|1083\n|teamsize|p1|6\n|teamsize|p2|6\n|gen|9\n|tier|[Gen 9] OU\n|rated|\n|rule|Sleep Clause Mod: Limit one foe put to sleep\n|rule|Species Clause: Limit one of each Pok\u00e9mon\n|rule|OHKO Clause: OHKO moves are banned\n|rule|Evasion Items Clause: Evasion items are banned\n|rule|Evasion Moves Clause: Evasion moves are banned\n|rule|Endless Battle Clause: Forcing endless battles is banned\n|rule|HP Percentage Mod: HP is shown in percentages\n|clearpoke\n|poke|p1|Garganacl, M|\n|poke|p1|Glimmora, F|\n|poke|p1|Clefable, F|\n|poke|p1|Gholdengo|\n|poke|p1|Ogerpon-Wellspring, F|\n|poke|p1|Torterra, F|\n|poke|p2|Amoonguss, M|\n|poke|p2|Gholdengo|\n|poke|p2|Zamazenta-*|\n|poke|p2|Ting-Lu|\n|poke|p2|Zapdos|\n|poke|p2|Slowking, F|\n|teampreview\n|inactive|Battle timer is ON: inactive players will automatically lose when time's up. (requested by honkbeep04)\n|\n|t:|1700807500\n|start\n|switch|p1a: Torterra|Torterra, F|100\/100\n|switch|p2a: Slowking|Slowking, F|100\/100\n|turn|1\n|\n|t:|1700807512\n|move|p1a: Torterra|Shell Smash|p1a: Torterra\n|-unboost|p1a: Torterra|def|1\n|-unboost|p1a: Torterra|spd|1\n|-boost|p1a: Torterra|atk|2\n|-boost|p1a: Torterra|spa|2\n|-boost|p1a: Torterra|spe|2\n|move|p2a: Slowking|Future Sight|p1a: Torterra\n|-start|p2a: Slowking|move: Future Sight\n|\n|upkeep\n|turn|2\n|\n|t:|1700807540\n|switch|p2a: Zapdos|Zapdos|100\/100\n|move|p1a: Torterra|Bullet Seed|p2a: Zapdos\n|-resisted|p2a: Zapdos\n|-damage|p2a: Zapdos|86\/100\n|-resisted|p2a: Zapdos\n|-damage|p2a: Zapdos|70\/100\n|-resisted|p2a: Zapdos\n|-crit|p2a: Zapdos\n|-damage|p2a: Zapdos|46\/100\n|-resisted|p2a: Zapdos\n|-damage|p2a: Zapdos|30\/100\n|-resisted|p2a: Zapdos\n|-damage|p2a: Zapdos|16\/100\n|-hitcount|p2a: Zapdos|5\n|\n|upkeep\n|turn|3\n|inactive|honkbeep04 has 120 seconds left.\n|\n|t:|1700807558\n|switch|p2a: Amoonguss|Amoonguss, M|100\/100\n|move|p1a: Torterra|Bullet Seed|p2a: Amoonguss\n|-resisted|p2a: Amoonguss\n|-damage|p2a: Amoonguss|96\/100\n|-resisted|p2a: Amoonguss\n|-damage|p2a: Amoonguss|91\/100\n|-resisted|p2a: Amoonguss\n|-damage|p2a: Amoonguss|86\/100\n|-resisted|p2a: Amoonguss\n|-damage|p2a: Amoonguss|81\/100\n|-hitcount|p2a: Amoonguss|4\n|\n|-end|p1a: Torterra|move: Future Sight\n|-damage|p1a: Torterra|27\/100\n|upkeep\n|turn|4\n|inactive|honkbeep04 has 120 seconds left.\n|\n|t:|1700807569\n|move|p1a: Torterra|Headlong Rush|p2a: Amoonguss\n|-damage|p2a: Amoonguss|0 fnt\n|-unboost|p1a: Torterra|def|1\n|-unboost|p1a: Torterra|spd|1\n|faint|p2a: Amoonguss\n|\n|upkeep\n|inactive|honkbeep04 has 120 seconds left.\n|\n|t:|1700807581\n|switch|p2a: Slowking|Slowking, F|100\/100\n|turn|5\n|inactive|honkbeep04 has 120 seconds left.\n|\n|t:|1700807587\n|move|p1a: Torterra|Bullet Seed|p2a: Slowking\n|-supereffective|p2a: Slowking\n|-damage|p2a: Slowking|44\/100\n|-supereffective|p2a: Slowking\n|-damage|p2a: Slowking|0 fnt\n|faint|p2a: Slowking\n|-hitcount|p2: Slowking|2\n|\n|upkeep\n|\n|t:|1700807590\n|switch|p2a: Gholdengo|Gholdengo|100\/100\n|turn|6\n|\n|t:|1700807599\n|move|p1a: Torterra|Headlong Rush|p2a: Gholdengo\n|-supereffective|p2a: Gholdengo\n|-damage|p2a: Gholdengo|0 fnt\n|-unboost|p1a: Torterra|def|1\n|-unboost|p1a: Torterra|spd|1\n|faint|p2a: Gholdengo\n|\n|upkeep\n|\n|t:|1700807600\n|switch|p2a: Zamazenta|Zamazenta|100\/100\n|-ability|p2a: Zamazenta|Dauntless Shield|boost\n|-boost|p2a: Zamazenta|def|1\n|turn|7\n|\n|t:|1700807611\n|move|p1a: Torterra|Bullet Seed|p2a: Zamazenta\n|-damage|p2a: Zamazenta|85\/100\n|-damage|p2a: Zamazenta|71\/100\n|-damage|p2a: Zamazenta|57\/100\n|-crit|p2a: Zamazenta\n|-damage|p2a: Zamazenta|27\/100\n|-hitcount|p2a: Zamazenta|4\n|move|p2a: Zamazenta|Crunch|p1a: Torterra\n|-damage|p1a: Torterra|0 fnt\n|faint|p1a: Torterra\n|\n|upkeep\n|\n|t:|1700807620\n|switch|p1a: Glimmora|Glimmora, F|100\/100\n|turn|8\n|\n|t:|1700807630\n|move|p2a: Zamazenta|Heavy Slam|p1a: Glimmora\n|-supereffective|p1a: Glimmora\n|-damage|p1a: Glimmora|26\/100\n|-activate|p1a: Glimmora|ability: Toxic Debris\n|-sidestart|p2: honkbeep04|move: Toxic Spikes\n|move|p1a: Glimmora|Mortal Spin|p2a: Zamazenta\n|-damage|p2a: Zamazenta|23\/100\n|-status|p2a: Zamazenta|psn\n|\n|-damage|p2a: Zamazenta|11\/100 psn|[from] psn\n|upkeep\n|turn|9\n|\n|t:|1700807639\n|move|p2a: Zamazenta|Heavy Slam|p1a: Glimmora\n|-supereffective|p1a: Glimmora\n|-damage|p1a: Glimmora|0 fnt\n|-activate|p1a: Glimmora|ability: Toxic Debris\n|-sidestart|p2: honkbeep04|move: Toxic Spikes\n|faint|p1a: Glimmora\n|\n|-damage|p2a: Zamazenta|0 fnt|[from] psn\n|faint|p2a: Zamazenta\n|upkeep\n|\n|t:|1700807650\n|switch|p2a: Ting-Lu|Ting-Lu|100\/100\n|switch|p1a: Garganacl|Garganacl, M|100\/100\n|-ability|p2a: Ting-Lu|Vessel of Ruin\n|turn|10\n|\n|t:|1700807663\n|move|p1a: Garganacl|Salt Cure|p2a: Ting-Lu\n|-resisted|p2a: Ting-Lu\n|-damage|p2a: Ting-Lu|96\/100\n|-start|p2a: Ting-Lu|Salt Cure\n|move|p2a: Ting-Lu|Whirlwind|p1a: Garganacl\n|drag|p1a: Clefable|Clefable, F|100\/100\n|\n|-damage|p2a: Ting-Lu|84\/100|[from] Salt Cure\n|upkeep\n|turn|11\n|\n|t:|1700807672\n|switch|p2a: Zapdos|Zapdos|16\/100\n|move|p1a: Clefable|Moonblast|p2a: Zapdos\n|-damage|p2a: Zapdos|0 fnt\n|faint|p2a: Zapdos\n|\n|upkeep\n|\n|t:|1700807677\n|switch|p2a: Ting-Lu|Ting-Lu|84\/100\n|-ability|p2a: Ting-Lu|Vessel of Ruin\n|turn|12\n|\n|t:|1700807688\n|move|p1a: Clefable|Moonblast|p2a: Ting-Lu\n|-supereffective|p2a: Ting-Lu\n|-damage|p2a: Ting-Lu|34\/100\n|move|p2a: Ting-Lu|Stealth Rock|p1a: Clefable\n|-sidestart|p1: Mtmc|move: Stealth Rock\n|\n|upkeep\n|turn|13\n|\n|t:|1700807695\n|move|p1a: Clefable|Moonblast|p2a: Ting-Lu\n|-supereffective|p2a: Ting-Lu\n|-damage|p2a: Ting-Lu|0 fnt\n|faint|p2a: Ting-Lu\n|\n|win|Mtmc\n|raw|Mtmc's rating: 1175 &rarr; <strong>1194<\/strong><br \/>(+19 for winning)\n|raw|honkbeep04's rating: 1083 &rarr; <strong>1066<\/strong><br \/>(-17 for losing)\n","uploadtime":1700807706,"views":3,"p1id":"mtmc","p2id":"honkbeep04","formatid":"gen9ou","rating":1066,"private":0,"password":""}