{"id":"gen9ou-1989006825","p1":"xnckkc","p2":"kierj96","format":"[Gen 9] OU","log":"|j|\u2606xnckkc\n|j|\u2606kierj96\n|t:|1699801371\n|gametype|singles\n|player|p1|xnckkc|acetrainer-gen4dp|1149\n|player|p2|kierj96|266|1144\n|teamsize|p1|6\n|teamsize|p2|6\n|gen|9\n|tier|[Gen 9] OU\n|rated|\n|rule|Sleep Clause Mod: Limit one foe put to sleep\n|rule|Species Clause: Limit one of each Pok\u00e9mon\n|rule|OHKO Clause: OHKO moves are banned\n|rule|Evasion Items Clause: Evasion items are banned\n|rule|Evasion Moves Clause: Evasion moves are banned\n|rule|Endless Battle Clause: Forcing endless battles is banned\n|rule|HP Percentage Mod: HP is shown in percentages\n|clearpoke\n|poke|p1|Cinderace, F|\n|poke|p1|Gholdengo|\n|poke|p1|Greninja-*, M|\n|poke|p1|Great Tusk|\n|poke|p1|Scizor, M|\n|poke|p1|Iron Moth|\n|poke|p2|Umbreon, M|\n|poke|p2|Kingambit, M|\n|poke|p2|Samurott-Hisui, M|\n|poke|p2|Iron Moth|\n|poke|p2|Dragapult, M|\n|poke|p2|Great Tusk|\n|teampreview\n|inactive|Battle timer is ON: inactive players will automatically lose when time's up. (requested by kierj96)\n|\n|t:|1699801392\n|start\n|switch|p1a: Greninja|Greninja, M|100\/100\n|switch|p2a: Dragapult|Dragapult, M|100\/100\n|turn|1\n|\n|t:|1699801402\n|move|p2a: Dragapult|U-turn|p1a: Greninja\n|-supereffective|p1a: Greninja\n|-damage|p1a: Greninja|41\/100\n|\n|t:|1699801405\n|switch|p2a: Umbreon|Umbreon, M|100\/100|[from] U-turn\n|move|p1a: Greninja|Dark Pulse|p2a: Umbreon\n|-resisted|p2a: Umbreon\n|-damage|p2a: Umbreon|88\/100\n|-damage|p1a: Greninja|31\/100|[from] item: Life Orb\n|\n|-heal|p2a: Umbreon|94\/100|[from] item: Leftovers\n|upkeep\n|turn|2\n|\n|t:|1699801416\n|switch|p1a: Gholdengo|Gholdengo|100\/100\n|move|p2a: Umbreon|Toxic|p1a: Gholdengo\n|-immune|p1a: Gholdengo|[from] ability: Good as Gold\n|\n|-heal|p2a: Umbreon|99\/100|[from] item: Leftovers\n|upkeep\n|turn|3\n|\n|t:|1699801424\n|move|p1a: Gholdengo|Trick|p2a: Umbreon\n|-activate|p1a: Gholdengo|move: Trick|[of] p2a: Umbreon\n|-item|p2a: Umbreon|Choice Specs|[from] move: Trick\n|-item|p1a: Gholdengo|Leftovers|[from] move: Trick\n|move|p2a: Umbreon|Foul Play|p1a: Gholdengo\n|-supereffective|p1a: Gholdengo\n|-damage|p1a: Gholdengo|66\/100\n|\n|-heal|p1a: Gholdengo|72\/100|[from] item: Leftovers\n|upkeep\n|turn|4\n|\n|t:|1699801436\n|switch|p2a: Great Tusk|Great Tusk|100\/100\n|move|p1a: Gholdengo|Make It Rain|p2a: Great Tusk\n|-damage|p2a: Great Tusk|15\/100\n|-unboost|p1a: Gholdengo|spa|1\n|\n|-heal|p1a: Gholdengo|78\/100|[from] item: Leftovers\n|upkeep\n|turn|5\n|\n|t:|1699801448\n|-terastallize|p1a: Gholdengo|Flying\n|move|p1a: Gholdengo|Shadow Ball|p2a: Great Tusk\n|-damage|p2a: Great Tusk|0 fnt\n|faint|p2a: Great Tusk\n|-end|p2a: Great Tusk|Protosynthesis|[silent]\n|\n|-heal|p1a: Gholdengo|84\/100|[from] item: Leftovers\n|upkeep\n|\n|t:|1699801464\n|switch|p2a: Samurott|Samurott-Hisui, M|100\/100\n|turn|6\n|\n|t:|1699801473\n|switch|p1a: Great Tusk|Great Tusk|100\/100\n|move|p2a: Samurott|Ceaseless Edge|p1a: Great Tusk\n|-resisted|p1a: Great Tusk\n|-damage|p1a: Great Tusk|83\/100\n|-sidestart|p1: xnckkc|Spikes\n|\n|upkeep\n|turn|7\n|\n|t:|1699801482\n|-terastallize|p2a: Samurott|Ghost\n|move|p1a: Great Tusk|Close Combat|p2a: Samurott\n|-immune|p2a: Samurott\n|move|p2a: Samurott|Ceaseless Edge|p1a: Great Tusk\n|-resisted|p1a: Great Tusk\n|-damage|p1a: Great Tusk|66\/100\n|-sidestart|p1: xnckkc|Spikes\n|\n|upkeep\n|turn|8\n|\n|t:|1699801493\n|move|p1a: Great Tusk|Earthquake|p2a: Samurott\n|-damage|p2a: Samurott|43\/100\n|move|p2a: Samurott|Ceaseless Edge|p1a: Great Tusk\n|-resisted|p1a: Great Tusk\n|-damage|p1a: Great Tusk|47\/100\n|-sidestart|p1: xnckkc|Spikes\n|\n|upkeep\n|turn|9\n|\n|t:|1699801504\n|move|p1a: Great Tusk|Earthquake|p2a: Samurott\n|-damage|p2a: Samurott|0 fnt\n|faint|p2a: Samurott\n|\n|upkeep\n|\n|t:|1699801509\n|switch|p2a: Dragapult|Dragapult, M|100\/100\n|turn|10\n|\n|t:|1699801513\n|move|p2a: Dragapult|Shadow Ball|p1a: Great Tusk\n|-damage|p1a: Great Tusk|0 fnt\n|faint|p1a: Great Tusk\n|-end|p1a: Great Tusk|Protosynthesis|[silent]\n|\n|upkeep\n|\n|t:|1699801517\n|switch|p1a: Cinderace|Cinderace, F|100\/100\n|turn|11\n|\n|t:|1699801521\n|move|p2a: Dragapult|Shadow Ball|p1a: Cinderace\n|-damage|p1a: Cinderace|22\/100\n|move|p1a: Cinderace|Court Change|p1a: Cinderace\n|-start|p1a: Cinderace|typechange|Normal|[from] ability: Libero\n|-swapsideconditions\n|-activate|p1a: Cinderace|move: Court Change\n|\n|upkeep\n|turn|12\n|\n|t:|1699801534\n|move|p2a: Dragapult|Shadow Ball|p1a: Cinderace\n|-immune|p1a: Cinderace\n|move|p1a: Cinderace|Pyro Ball|p2a: Dragapult\n|-resisted|p2a: Dragapult\n|-damage|p2a: Dragapult|74\/100\n|\n|upkeep\n|turn|13\n|\n|t:|1699801541\n|switch|p2a: Umbreon|Umbreon, M|99\/100\n|-damage|p2a: Umbreon|75\/100|[from] Spikes\n|move|p1a: Cinderace|Pyro Ball|p2a: Umbreon\n|-damage|p2a: Umbreon|44\/100\n|\n|upkeep\n|turn|14\n|\n|t:|1699801548\n|move|p1a: Cinderace|Pyro Ball|p2a: Umbreon\n|-damage|p2a: Umbreon|14\/100\n|move|p2a: Umbreon|Foul Play|p1a: Cinderace\n|-damage|p1a: Cinderace|0 fnt\n|faint|p1a: Cinderace\n|\n|upkeep\n|\n|t:|1699801553\n|switch|p1a: Greninja|Greninja, M|31\/100\n|turn|15\n|\n|t:|1699801558\n|move|p1a: Greninja|Surf|p2a: Umbreon\n|-damage|p2a: Umbreon|0 fnt\n|faint|p2a: Umbreon\n|-ability|p1a: Greninja|Battle Bond|boost\n|-boost|p1a: Greninja|atk|1\n|-boost|p1a: Greninja|spa|1\n|-boost|p1a: Greninja|spe|1\n|-activate|p1a: Greninja|ability: Battle Bond\n|-damage|p1a: Greninja|21\/100|[from] item: Life Orb\n|\n|upkeep\n|\n|t:|1699801573\n|switch|p2a: Dragapult|Dragapult, M|74\/100\n|-damage|p2a: Dragapult|49\/100|[from] Spikes\n|turn|16\n|\n|t:|1699801580\n|move|p1a: Greninja|Ice Beam|p2a: Dragapult\n|-supereffective|p2a: Dragapult\n|-damage|p2a: Dragapult|0 fnt\n|faint|p2a: Dragapult\n|-damage|p1a: Greninja|11\/100|[from] item: Life Orb\n|\n|upkeep\n|\n|t:|1699801586\n|switch|p2a: Kingambit|Kingambit, M|100\/100\n|-damage|p2a: Kingambit|75\/100|[from] Spikes\n|-activate|p2a: Kingambit|ability: Supreme Overlord\n|-start|p2a: Kingambit|fallen4|[silent]\n|turn|17\n|\n|t:|1699801592\n|move|p1a: Greninja|Water Shuriken|p2a: Kingambit\n|-damage|p2a: Kingambit|64\/100\n|-damage|p2a: Kingambit|50\/100\n|-damage|p2a: Kingambit|37\/100\n|-hitcount|p2a: Kingambit|3\n|-damage|p1a: Greninja|2\/100|[from] item: Life Orb\n|move|p2a: Kingambit|Sucker Punch||[still]\n|-fail|p2a: Kingambit\n|\n|upkeep\n|turn|18\n|\n|t:|1699801602\n|move|p1a: Greninja|Water Shuriken|p2a: Kingambit\n|-damage|p2a: Kingambit|25\/100\n|-damage|p2a: Kingambit|11\/100\n|-hitcount|p2a: Kingambit|2\n|-damage|p1a: Greninja|0 fnt|[from] item: Life Orb\n|faint|p1a: Greninja\n|move|p2a: Kingambit|Swords Dance|p2a: Kingambit\n|-boost|p2a: Kingambit|atk|2\n|\n|upkeep\n|\n|t:|1699801613\n|switch|p1a: Scizor|Scizor, M|100\/100\n|turn|19\n|\n|t:|1699801617\n|move|p1a: Scizor|Bullet Punch|p2a: Kingambit\n|-resisted|p2a: Kingambit\n|-damage|p2a: Kingambit|0 fnt\n|faint|p2a: Kingambit\n|-end|p2a: Kingambit|fallen4|[silent]\n|\n|upkeep\n|\n|t:|1699801622\n|switch|p2a: Iron Moth|Iron Moth|100\/100\n|-damage|p2a: Iron Moth|76\/100|[from] Spikes\n|-enditem|p2a: Iron Moth|Booster Energy\n|-activate|p2a: Iron Moth|ability: Quark Drive|[fromitem]\n|-start|p2a: Iron Moth|quarkdrivespe\n|turn|20\n|\n|t:|1699801632\n|move|p1a: Scizor|Bullet Punch|p2a: Iron Moth\n|-resisted|p2a: Iron Moth\n|-damage|p2a: Iron Moth|42\/100\n|move|p2a: Iron Moth|Fiery Dance|p1a: Scizor\n|-supereffective|p1a: Scizor\n|-crit|p1a: Scizor\n|-damage|p1a: Scizor|0 fnt\n|faint|p1a: Scizor\n|\n|upkeep\n|\n|t:|1699801635\n|switch|p1a: Iron Moth|Iron Moth|100\/100\n|-enditem|p1a: Iron Moth|Booster Energy\n|-activate|p1a: Iron Moth|ability: Quark Drive|[fromitem]\n|-start|p1a: Iron Moth|quarkdrivespe\n|turn|21\n|\n|t:|1699801645\n|move|p2a: Iron Moth|Fiery Dance|p1a: Iron Moth\n|-resisted|p1a: Iron Moth\n|-damage|p1a: Iron Moth|81\/100\n|move|p1a: Iron Moth|Fiery Dance|p2a: Iron Moth\n|-resisted|p2a: Iron Moth\n|-damage|p2a: Iron Moth|21\/100\n|-boost|p1a: Iron Moth|spa|1\n|\n|upkeep\n|turn|22\n|\n|t:|1699801654\n|move|p2a: Iron Moth|Fiery Dance|p1a: Iron Moth\n|-resisted|p1a: Iron Moth\n|-damage|p1a: Iron Moth|62\/100\n|-boost|p2a: Iron Moth|spa|1\n|move|p1a: Iron Moth|Fiery Dance|p2a: Iron Moth\n|-resisted|p2a: Iron Moth\n|-damage|p2a: Iron Moth|0 fnt\n|faint|p2a: Iron Moth\n|-end|p2a: Iron Moth|Quark Drive|[silent]\n|\n|win|xnckkc\n|raw|xnckkc's rating: 1149 &rarr; <strong>1174<\/strong><br \/>(+25 for winning)\n|raw|kierj96's rating: 1144 &rarr; <strong>1119<\/strong><br \/>(-25 for losing)\n","uploadtime":1699801659,"views":17,"p1id":"xnckkc","p2id":"kierj96","formatid":"gen9ou","rating":1119,"private":0,"password":""}