{"id":"gen9ou-1995774783","p1":"mau0032","p2":"ochuruls","format":"[Gen 9] OU","log":"|j|\u2606mau0032\n|j|\u2606ochuruls\n|t:|1700601939\n|gametype|singles\n|player|p1|mau0032|red|\n|player|p2|ochuruls|n|\n|teamsize|p1|6\n|teamsize|p2|6\n|gen|9\n|tier|[Gen 9] OU\n|rule|Sleep Clause Mod: Limit one foe put to sleep\n|rule|Species Clause: Limit one of each Pok\u00e9mon\n|rule|OHKO Clause: OHKO moves are banned\n|rule|Evasion Items Clause: Evasion items are banned\n|rule|Evasion Moves Clause: Evasion moves are banned\n|rule|Endless Battle Clause: Forcing endless battles is banned\n|rule|HP Percentage Mod: HP is shown in percentages\n|clearpoke\n|poke|p1|Samurott-Hisui, F|\n|poke|p1|Corviknight, M|\n|poke|p1|Toedscruel, F|\n|poke|p1|Ditto|\n|poke|p1|Dudunsparce-*, M|\n|poke|p1|Slowking-Galar, M|\n|poke|p2|Corviknight, M|\n|poke|p2|Kingambit, M|\n|poke|p2|Rotom-Wash|\n|poke|p2|Thundurus, M|\n|poke|p2|Ceruledge, F|\n|poke|p2|Sylveon, M|\n|teampreview\n|\n|t:|1700602050\n|start\n|switch|p1a: Toedscruel|Toedscruel, F|100\/100\n|switch|p2a: Sylveon|Sylveon, M|100\/100\n|turn|1\n|\n|t:|1700602058\n|move|p2a: Sylveon|Hyper Voice|p1a: Toedscruel\n|-damage|p1a: Toedscruel|67\/100\n|move|p1a: Toedscruel|Spore|p2a: Sylveon\n|-status|p2a: Sylveon|slp|[from] move: Spore\n|\n|upkeep\n|turn|2\n|\n|t:|1700602073\n|switch|p2a: Kingambit|Kingambit, M|100\/100\n|move|p1a: Toedscruel|Leech Seed|p2a: Kingambit\n|-start|p2a: Kingambit|move: Leech Seed\n|\n|-damage|p2a: Kingambit|88\/100|[from] Leech Seed|[of] p1a: Toedscruel\n|-heal|p1a: Toedscruel|81\/100|[silent]\n|upkeep\n|turn|3\n|c|\u2606ochuruls|Noooooe se no era XD\n|\n|t:|1700602092\n|-end|p2a: Kingambit|fallenundefined|[silent]\n|switch|p2a: Ceruledge|Ceruledge, F|100\/100\n|move|p1a: Toedscruel|Knock Off|p2a: Ceruledge\n|-supereffective|p2a: Ceruledge\n|-damage|p2a: Ceruledge|56\/100\n|-ability|p2a: Ceruledge|Weak Armor|boost\n|-unboost|p2a: Ceruledge|def|1\n|-boost|p2a: Ceruledge|spe|2\n|-enditem|p2a: Ceruledge|Focus Sash|[from] move: Knock Off|[of] p1a: Toedscruel\n|\n|upkeep\n|turn|4\n|c|\u2606mau0032|cambialo xd\n|\n|t:|1700602108\n|switch|p1a: Ditto|Ditto|100\/100\n|-transform|p1a: Ditto|p2a: Ceruledge|[from] ability: Imposter\n|move|p2a: Ceruledge|Bitter Blade|p1a: Ditto\n|-resisted|p1a: Ditto\n|-damage|p1a: Ditto|57\/100\n|-heal|p2a: Ceruledge|78\/100|[from] drain|[of] p1a: Ditto\n|-ability|p1a: Ditto|Weak Armor|boost\n|-unboost|p1a: Ditto|def|1\n|-boost|p1a: Ditto|spe|2\n|\n|upkeep\n|turn|5\n|\n|t:|1700602116\n|move|p1a: Ditto|Shadow Sneak|p2a: Ceruledge\n|-supereffective|p2a: Ceruledge\n|-damage|p2a: Ceruledge|0 fnt\n|faint|p2a: Ceruledge\n|\n|upkeep\n|\n|t:|1700602124\n|switch|p2a: Rotom|Rotom-Wash|100\/100\n|turn|6\n|\n|t:|1700602131\n|switch|p1a: Toedscruel|Toedscruel, F|81\/100\n|move|p2a: Rotom|Hydro Pump|p1a: Toedscruel|[miss]\n|-miss|p2a: Rotom|p1a: Toedscruel\n|\n|upkeep\n|turn|7\n|\n|t:|1700602145\n|move|p2a: Rotom|Hydro Pump|p1a: Toedscruel\n|-damage|p1a: Toedscruel|51\/100\n|move|p1a: Toedscruel|Leech Seed|p2a: Rotom\n|-start|p2a: Rotom|move: Leech Seed\n|\n|-damage|p2a: Rotom|88\/100|[from] Leech Seed|[of] p1a: Toedscruel\n|-heal|p1a: Toedscruel|64\/100|[silent]\n|upkeep\n|turn|8\n|\n|t:|1700602151\n|switch|p2a: Corviknight|Corviknight, M|100\/100\n|-ability|p2a: Corviknight|Pressure\n|move|p1a: Toedscruel|Knock Off|p2a: Corviknight\n|-damage|p2a: Corviknight|91\/100\n|-enditem|p2a: Corviknight|Heavy-Duty Boots|[from] move: Knock Off|[of] p1a: Toedscruel\n|\n|upkeep\n|turn|9\n|\n|t:|1700602160\n|switch|p1a: Corviknight|Corviknight, M|100\/100\n|-ability|p1a: Corviknight|Pressure\n|move|p2a: Corviknight|Brave Bird|p1a: Corviknight\n|-resisted|p1a: Corviknight\n|-damage|p1a: Corviknight|88\/100\n|-damage|p2a: Corviknight|87\/100|[from] Recoil\n|\n|-heal|p1a: Corviknight|94\/100|[from] item: Leftovers\n|upkeep\n|turn|10\n|\n|t:|1700602167\n|switch|p2a: Rotom|Rotom-Wash|88\/100\n|move|p1a: Corviknight|Bulk Up|p1a: Corviknight\n|-boost|p1a: Corviknight|atk|1\n|-boost|p1a: Corviknight|def|1\n|\n|-heal|p2a: Rotom|94\/100|[from] item: Leftovers\n|-heal|p1a: Corviknight|99\/100|[from] item: Leftovers\n|upkeep\n|turn|11\n|\n|t:|1700602175\n|switch|p1a: Toedscruel|Toedscruel, F|64\/100\n|move|p2a: Rotom|Thunderbolt|p1a: Toedscruel\n|-immune|p1a: Toedscruel\n|\n|-heal|p2a: Rotom|100\/100|[from] item: Leftovers\n|upkeep\n|turn|12\n|\n|t:|1700602177\n|move|p2a: Rotom|Hydro Pump|p1a: Toedscruel|[miss]\n|-miss|p2a: Rotom|p1a: Toedscruel\n|move|p1a: Toedscruel|Leech Seed|p2a: Rotom\n|-start|p2a: Rotom|move: Leech Seed\n|\n|-damage|p2a: Rotom|88\/100|[from] Leech Seed|[of] p1a: Toedscruel\n|-heal|p1a: Toedscruel|77\/100|[silent]\n|upkeep\n|turn|13\n|\n|t:|1700602185\n|switch|p2a: Corviknight|Corviknight, M|87\/100\n|-ability|p2a: Corviknight|Pressure\n|move|p1a: Toedscruel|Knock Off|p2a: Corviknight\n|-damage|p2a: Corviknight|81\/100\n|\n|upkeep\n|turn|14\n|\n|t:|1700602192\n|switch|p1a: Corviknight|Corviknight, M|99\/100\n|-ability|p1a: Corviknight|Pressure\n|move|p2a: Corviknight|Body Press|p1a: Corviknight\n|-damage|p1a: Corviknight|82\/100\n|\n|-heal|p1a: Corviknight|88\/100|[from] item: Leftovers\n|upkeep\n|turn|15\n|\n|t:|1700602199\n|switch|p2a: Rotom|Rotom-Wash|88\/100\n|move|p1a: Corviknight|Body Press|p2a: Rotom\n|-damage|p2a: Rotom|68\/100\n|\n|-heal|p2a: Rotom|74\/100|[from] item: Leftovers\n|-heal|p1a: Corviknight|95\/100|[from] item: Leftovers\n|upkeep\n|turn|16\n|\n|t:|1700602209\n|switch|p1a: Toedscruel|Toedscruel, F|77\/100\n|move|p2a: Rotom|Thunderbolt|p1a: Toedscruel\n|-immune|p1a: Toedscruel\n|\n|-heal|p2a: Rotom|80\/100|[from] item: Leftovers\n|upkeep\n|turn|17\n|\n|t:|1700602215\n|switch|p2a: Corviknight|Corviknight, M|81\/100\n|-ability|p2a: Corviknight|Pressure\n|move|p1a: Toedscruel|Leech Seed|p2a: Corviknight\n|-start|p2a: Corviknight|move: Leech Seed\n|\n|-damage|p2a: Corviknight|69\/100|[from] Leech Seed|[of] p1a: Toedscruel\n|-heal|p1a: Toedscruel|93\/100|[silent]\n|upkeep\n|turn|18\n|\n|t:|1700602240\n|switch|p1a: Corviknight|Corviknight, M|95\/100\n|-ability|p1a: Corviknight|Pressure\n|move|p2a: Corviknight|Brave Bird|p1a: Corviknight\n|-resisted|p1a: Corviknight\n|-damage|p1a: Corviknight|82\/100\n|-damage|p2a: Corviknight|65\/100|[from] Recoil\n|\n|-heal|p1a: Corviknight|88\/100|[from] item: Leftovers\n|-damage|p2a: Corviknight|53\/100|[from] Leech Seed|[of] p1a: Corviknight\n|-heal|p1a: Corviknight|100\/100|[silent]\n|upkeep\n|turn|19\n|\n|t:|1700602243\n|move|p1a: Corviknight|Body Press|p2a: Corviknight\n|-damage|p2a: Corviknight|36\/100\n|move|p2a: Corviknight|Roost|p2a: Corviknight\n|-heal|p2a: Corviknight|86\/100\n|-singleturn|p2a: Corviknight|move: Roost\n|\n|-damage|p2a: Corviknight|74\/100|[from] Leech Seed|[of] p1a: Corviknight\n|upkeep\n|turn|20\n|\n|t:|1700602251\n|switch|p2a: Rotom|Rotom-Wash|80\/100\n|move|p1a: Corviknight|Bulk Up|p1a: Corviknight\n|-boost|p1a: Corviknight|atk|1\n|-boost|p1a: Corviknight|def|1\n|\n|-heal|p2a: Rotom|86\/100|[from] item: Leftovers\n|upkeep\n|turn|21\n|\n|t:|1700602259\n|switch|p1a: Toedscruel|Toedscruel, F|93\/100\n|move|p2a: Rotom|Will-O-Wisp|p1a: Toedscruel\n|-status|p1a: Toedscruel|brn\n|\n|-heal|p2a: Rotom|93\/100|[from] item: Leftovers\n|-damage|p1a: Toedscruel|87\/100 brn|[from] brn\n|upkeep\n|turn|22\n|\n|t:|1700602268\n|move|p2a: Rotom|Hydro Pump|p1a: Toedscruel\n|-damage|p1a: Toedscruel|56\/100 brn\n|move|p1a: Toedscruel|Leech Seed|p2a: Rotom|[miss]\n|-miss|p1a: Toedscruel|p2a: Rotom\n|\n|-heal|p2a: Rotom|99\/100|[from] item: Leftovers\n|-damage|p1a: Toedscruel|50\/100 brn|[from] brn\n|upkeep\n|turn|23\n|\n|t:|1700602275\n|move|p2a: Rotom|Hydro Pump|p1a: Toedscruel\n|-damage|p1a: Toedscruel|19\/100 brn\n|move|p1a: Toedscruel|Toxic|p2a: Rotom\n|-status|p2a: Rotom|tox\n|\n|-heal|p2a: Rotom|100\/100 tox|[from] item: Leftovers\n|-damage|p2a: Rotom|94\/100 tox|[from] psn\n|-damage|p1a: Toedscruel|13\/100 brn|[from] brn\n|upkeep\n|turn|24\n|\n|t:|1700602293\n|move|p1a: Toedscruel|Knock Off|p2a: Rotom\n|-damage|p2a: Rotom|89\/100 tox\n|-enditem|p2a: Rotom|Leftovers|[from] move: Knock Off|[of] p1a: Toedscruel\n|move|p2a: Rotom|Thunderbolt|p1a: Toedscruel\n|-immune|p1a: Toedscruel\n|\n|-damage|p2a: Rotom|76\/100 tox|[from] psn\n|-damage|p1a: Toedscruel|7\/100 brn|[from] brn\n|upkeep\n|turn|25\n|\n|t:|1700602302\n|switch|p2a: Thundurus|Thundurus, M|100\/100\n|move|p1a: Toedscruel|Knock Off|p2a: Thundurus\n|-damage|p2a: Thundurus|88\/100\n|-enditem|p2a: Thundurus|Heavy-Duty Boots|[from] move: Knock Off|[of] p1a: Toedscruel\n|\n|-damage|p1a: Toedscruel|1\/100 brn|[from] brn\n|upkeep\n|turn|26\n|\n|t:|1700602317\n|move|p2a: Thundurus|Grass Knot|p1a: Toedscruel\n|-damage|p1a: Toedscruel|0 fnt\n|faint|p1a: Toedscruel\n|\n|upkeep\n|\n|t:|1700602325\n|switch|p1a: Slowking|Slowking-Galar, M|100\/100\n|turn|27\n|\n|t:|1700602364\n|move|p2a: Thundurus|Thunderbolt|p1a: Slowking\n|-damage|p1a: Slowking|78\/100\n|move|p1a: Slowking|Sludge Bomb|p2a: Thundurus\n|-damage|p2a: Thundurus|30\/100\n|\n|upkeep\n|turn|28\n|\n|t:|1700602375\n|switch|p2a: Kingambit|Kingambit, M|88\/100\n|-activate|p2a: Kingambit|ability: Supreme Overlord\n|-start|p2a: Kingambit|fallen1|[silent]\n|move|p1a: Slowking|Surf|p2a: Kingambit\n|-crit|p2a: Kingambit\n|-damage|p2a: Kingambit|36\/100\n|\n|upkeep\n|turn|29\n|\n|t:|1700602386\n|switch|p1a: Corviknight|Corviknight, M|100\/100\n|-ability|p1a: Corviknight|Pressure\n|move|p2a: Kingambit|Sucker Punch||[still]\n|-fail|p2a: Kingambit\n|\n|upkeep\n|turn|30\n|\n|t:|1700602391\n|-end|p2a: Kingambit|fallen1|[silent]\n|switch|p2a: Sylveon|Sylveon, M|100\/100 slp\n|move|p1a: Corviknight|Body Press|p2a: Sylveon\n|-resisted|p2a: Sylveon\n|-damage|p2a: Sylveon|83\/100 slp\n|\n|-heal|p2a: Sylveon|90\/100 slp|[from] item: Leftovers\n|upkeep\n|turn|31\n|\n|t:|1700602402\n|move|p1a: Corviknight|Bulk Up|p1a: Corviknight\n|-boost|p1a: Corviknight|atk|1\n|-boost|p1a: Corviknight|def|1\n|cant|p2a: Sylveon|slp\n|\n|-heal|p2a: Sylveon|96\/100 slp|[from] item: Leftovers\n|upkeep\n|turn|32\n|\n|t:|1700602410\n|move|p1a: Corviknight|Bulk Up|p1a: Corviknight\n|-boost|p1a: Corviknight|atk|1\n|-boost|p1a: Corviknight|def|1\n|cant|p2a: Sylveon|slp\n|\n|-heal|p2a: Sylveon|100\/100 slp|[from] item: Leftovers\n|upkeep\n|turn|33\n|\n|t:|1700602427\n|move|p1a: Corviknight|Brave Bird|p2a: Sylveon\n|-damage|p2a: Sylveon|5\/100 slp\n|-damage|p1a: Corviknight|67\/100|[from] Recoil\n|-curestatus|p2a: Sylveon|slp|[msg]\n|move|p2a: Sylveon|Wish|p2a: Sylveon\n|\n|-heal|p1a: Corviknight|73\/100|[from] item: Leftovers\n|-heal|p2a: Sylveon|11\/100|[from] item: Leftovers\n|upkeep\n|turn|34\n|\n|t:|1700602438\n|move|p1a: Corviknight|Body Press|p2a: Sylveon\n|-resisted|p2a: Sylveon\n|-damage|p2a: Sylveon|0 fnt\n|faint|p2a: Sylveon\n|\n|-heal|p1a: Corviknight|79\/100|[from] item: Leftovers\n|upkeep\n|\n|t:|1700602441\n|switch|p2a: Thundurus|Thundurus, M|30\/100\n|turn|35\n|\n|t:|1700602456\n|-terastallize|p2a: Thundurus|Electric\n|-terastallize|p1a: Corviknight|Fighting\n|move|p2a: Thundurus|Thunderbolt|p1a: Corviknight\n|-damage|p1a: Corviknight|11\/100\n|-status|p1a: Corviknight|par\n|move|p1a: Corviknight|Brave Bird|p2a: Thundurus\n|-resisted|p2a: Thundurus\n|-damage|p2a: Thundurus|0 fnt\n|faint|p2a: Thundurus\n|-damage|p1a: Corviknight|3\/100 par|[from] Recoil\n|\n|-heal|p1a: Corviknight|10\/100 par|[from] item: Leftovers\n|upkeep\n|\n|t:|1700602464\n|switch|p2a: Corviknight|Corviknight, M|74\/100\n|-ability|p2a: Corviknight|Pressure\n|turn|36\n|\n|t:|1700602473\n|move|p2a: Corviknight|Brave Bird|p1a: Corviknight\n|-supereffective|p1a: Corviknight\n|-damage|p1a: Corviknight|0 fnt\n|faint|p1a: Corviknight\n|-damage|p2a: Corviknight|71\/100|[from] Recoil\n|\n|upkeep\n|\n|t:|1700602488\n|switch|p1a: Dudunsparce|Dudunsparce, M|100\/100\n|turn|37\n|\n|t:|1700602493\n|move|p1a: Dudunsparce|Glare|p2a: Corviknight\n|-status|p2a: Corviknight|par\n|move|p2a: Corviknight|Body Press|p1a: Dudunsparce\n|-supereffective|p1a: Dudunsparce\n|-damage|p1a: Dudunsparce|59\/100\n|\n|-heal|p1a: Dudunsparce|65\/100|[from] item: Leftovers\n|upkeep\n|turn|38\n|\n|t:|1700602501\n|move|p1a: Dudunsparce|Headbutt|p2a: Corviknight\n|-resisted|p2a: Corviknight\n|-damage|p2a: Corviknight|63\/100 par\n|cant|p2a: Corviknight|flinch\n|\n|-heal|p1a: Dudunsparce|71\/100|[from] item: Leftovers\n|upkeep\n|turn|39\n|\n|t:|1700602508\n|move|p1a: Dudunsparce|Headbutt|p2a: Corviknight\n|-resisted|p2a: Corviknight\n|-damage|p2a: Corviknight|56\/100 par\n|cant|p2a: Corviknight|flinch\n|\n|-heal|p1a: Dudunsparce|77\/100|[from] item: Leftovers\n|upkeep\n|turn|40\n|\n|t:|1700602514\n|move|p1a: Dudunsparce|Headbutt|p2a: Corviknight\n|-resisted|p2a: Corviknight\n|-damage|p2a: Corviknight|49\/100 par\n|cant|p2a: Corviknight|flinch\n|\n|-heal|p1a: Dudunsparce|83\/100|[from] item: Leftovers\n|upkeep\n|turn|41\n|\n|t:|1700602520\n|move|p1a: Dudunsparce|Headbutt|p2a: Corviknight\n|-resisted|p2a: Corviknight\n|-crit|p2a: Corviknight\n|-damage|p2a: Corviknight|39\/100 par\n|cant|p2a: Corviknight|flinch\n|\n|-heal|p1a: Dudunsparce|89\/100|[from] item: Leftovers\n|upkeep\n|turn|42\n|\n|t:|1700602548\n|move|p1a: Dudunsparce|Lunge|p2a: Corviknight\n|-resisted|p2a: Corviknight\n|-damage|p2a: Corviknight|36\/100 par\n|-unboost|p2a: Corviknight|atk|1\n|move|p2a: Corviknight|Roost|p2a: Corviknight\n|-heal|p2a: Corviknight|86\/100 par\n|-singleturn|p2a: Corviknight|move: Roost\n|\n|-heal|p1a: Dudunsparce|95\/100|[from] item: Leftovers\n|upkeep\n|turn|43\n|\n|t:|1700602564\n|switch|p1a: Slowking|Slowking-Galar, M|100\/100\n|move|p2a: Corviknight|Body Press|p1a: Slowking\n|-resisted|p1a: Slowking\n|-damage|p1a: Slowking|94\/100\n|\n|upkeep\n|turn|44\n|\n|t:|1700602575\n|switch|p2a: Rotom|Rotom-Wash|76\/100 tox\n|move|p1a: Slowking|Surf|p2a: Rotom\n|-resisted|p2a: Rotom\n|-damage|p2a: Rotom|61\/100 tox\n|\n|-damage|p2a: Rotom|55\/100 tox|[from] psn\n|upkeep\n|turn|45\n|\n|t:|1700602586\n|move|p2a: Rotom|Hydro Pump|p1a: Slowking\n|-damage|p1a: Slowking|74\/100\n|move|p1a: Slowking|Sludge Bomb|p2a: Rotom\n|-damage|p2a: Rotom|6\/100 tox\n|\n|-damage|p2a: Rotom|0 fnt|[from] psn\n|faint|p2a: Rotom\n|upkeep\n|\n|t:|1700602592\n|switch|p2a: Kingambit|Kingambit, M|36\/100\n|-activate|p2a: Kingambit|ability: Supreme Overlord\n|-start|p2a: Kingambit|fallen4|[silent]\n|turn|46\n|\n|t:|1700602600\n|move|p2a: Kingambit|Sucker Punch|p1a: Slowking\n|-supereffective|p1a: Slowking\n|-damage|p1a: Slowking|0 fnt\n|faint|p1a: Slowking\n|\n|upkeep\n|\n|t:|1700602603\n|switch|p1a: Ditto|Ditto|57\/100\n|-transform|p1a: Ditto|p2a: Kingambit|[from] ability: Imposter\n|-activate|p1a: Ditto|ability: Supreme Overlord\n|-start|p1a: Ditto|fallen3|[silent]\n|turn|47\n|\n|t:|1700602615\n|-end|p2a: Kingambit|fallen4|[silent]\n|switch|p2a: Corviknight|Corviknight, M|86\/100 par\n|-ability|p2a: Corviknight|Pressure\n|move|p1a: Ditto|Iron Head|p2a: Corviknight\n|-resisted|p2a: Corviknight\n|-damage|p2a: Corviknight|68\/100 par\n|\n|upkeep\n|turn|48\n|\n|t:|1700602619\n|-end|p1a: Ditto|fallen3|[silent]\n|switch|p1a: Samurott|Samurott-Hisui, F|100\/100\n|move|p2a: Corviknight|Body Press|p1a: Samurott\n|-supereffective|p1a: Samurott\n|-damage|p1a: Samurott|34\/100\n|\n|upkeep\n|turn|49\n|\n|t:|1700602627\n|move|p1a: Samurott|Ceaseless Edge|p2a: Corviknight\n|-damage|p2a: Corviknight|44\/100 par\n|-sidestart|p2: ochuruls|Spikes\n|move|p2a: Corviknight|Body Press|p1a: Samurott\n|-supereffective|p1a: Samurott\n|-damage|p1a: Samurott|0 fnt\n|faint|p1a: Samurott\n|\n|upkeep\n|\n|t:|1700602635\n|switch|p1a: Dudunsparce|Dudunsparce, M|95\/100\n|turn|50\n|\n|t:|1700602646\n|move|p1a: Dudunsparce|Headbutt|p2a: Corviknight\n|-resisted|p2a: Corviknight\n|-damage|p2a: Corviknight|36\/100 par\n|move|p2a: Corviknight|Roost|p2a: Corviknight\n|-heal|p2a: Corviknight|86\/100 par\n|-singleturn|p2a: Corviknight|move: Roost\n|\n|-heal|p1a: Dudunsparce|100\/100|[from] item: Leftovers\n|upkeep\n|turn|51\n|\n|t:|1700602654\n|switch|p1a: Ditto|Ditto|57\/100\n|-transform|p1a: Ditto|p2a: Corviknight|[from] ability: Imposter\n|-ability|p1a: Ditto|Pressure\n|move|p2a: Corviknight|Defog|p1a: Ditto\n|-unboost|p1a: Ditto|evasion|1\n|-sideend|p2: ochuruls|Spikes|[from] move: Defog|[of] p2a: Corviknight\n|\n|upkeep\n|turn|52\n|\n|t:|1700602664\n|move|p1a: Ditto|Roost|p1a: Ditto\n|-heal|p1a: Ditto|100\/100\n|-singleturn|p1a: Ditto|move: Roost\n|move|p2a: Corviknight|Body Press|p1a: Ditto\n|-supereffective|p1a: Ditto\n|-damage|p1a: Ditto|58\/100\n|\n|upkeep\n|turn|53\n|\n|t:|1700602672\n|switch|p1a: Dudunsparce|Dudunsparce, M|100\/100\n|cant|p2a: Corviknight|par\n|\n|upkeep\n|turn|54\n|\n|t:|1700602680\n|move|p1a: Dudunsparce|Headbutt|p2a: Corviknight\n|-resisted|p2a: Corviknight\n|-damage|p2a: Corviknight|79\/100 par\n|move|p2a: Corviknight|Body Press|p1a: Dudunsparce\n|-supereffective|p1a: Dudunsparce\n|-damage|p1a: Dudunsparce|61\/100\n|\n|-heal|p1a: Dudunsparce|67\/100|[from] item: Leftovers\n|upkeep\n|turn|55\n|\n|t:|1700602686\n|move|p1a: Dudunsparce|Headbutt|p2a: Corviknight\n|-resisted|p2a: Corviknight\n|-damage|p2a: Corviknight|73\/100 par\n|cant|p2a: Corviknight|flinch\n|\n|-heal|p1a: Dudunsparce|73\/100|[from] item: Leftovers\n|upkeep\n|turn|56\n|\n|t:|1700602696\n|move|p1a: Dudunsparce|Headbutt|p2a: Corviknight\n|-resisted|p2a: Corviknight\n|-damage|p2a: Corviknight|65\/100 par\n|cant|p2a: Corviknight|flinch\n|\n|-heal|p1a: Dudunsparce|79\/100|[from] item: Leftovers\n|upkeep\n|turn|57\n|\n|t:|1700602702\n|move|p1a: Dudunsparce|Headbutt|p2a: Corviknight\n|-resisted|p2a: Corviknight\n|-damage|p2a: Corviknight|59\/100 par\n|move|p2a: Corviknight|Body Press|p1a: Dudunsparce\n|-supereffective|p1a: Dudunsparce\n|-damage|p1a: Dudunsparce|36\/100\n|\n|-heal|p1a: Dudunsparce|42\/100|[from] item: Leftovers\n|upkeep\n|turn|58\n|\n|t:|1700602709\n|move|p1a: Dudunsparce|Roost|p1a: Dudunsparce\n|-heal|p1a: Dudunsparce|92\/100\n|-singleturn|p1a: Dudunsparce|move: Roost\n|move|p2a: Corviknight|Body Press|p1a: Dudunsparce\n|-supereffective|p1a: Dudunsparce\n|-damage|p1a: Dudunsparce|52\/100\n|\n|-heal|p1a: Dudunsparce|59\/100|[from] item: Leftovers\n|upkeep\n|turn|59\n|\n|t:|1700602725\n|move|p1a: Dudunsparce|Headbutt|p2a: Corviknight\n|-resisted|p2a: Corviknight\n|-damage|p2a: Corviknight|51\/100 par\n|cant|p2a: Corviknight|flinch\n|\n|-heal|p1a: Dudunsparce|65\/100|[from] item: Leftovers\n|upkeep\n|turn|60\n|\n|t:|1700602754\n|move|p1a: Dudunsparce|Headbutt|p2a: Corviknight\n|-resisted|p2a: Corviknight\n|-damage|p2a: Corviknight|44\/100 par\n|move|p2a: Corviknight|Roost|p2a: Corviknight\n|-heal|p2a: Corviknight|94\/100 par\n|-singleturn|p2a: Corviknight|move: Roost\n|\n|-heal|p1a: Dudunsparce|71\/100|[from] item: Leftovers\n|upkeep\n|turn|61\n|\n|t:|1700602769\n|move|p1a: Dudunsparce|Roost|p1a: Dudunsparce\n|-heal|p1a: Dudunsparce|100\/100\n|-singleturn|p1a: Dudunsparce|move: Roost\n|move|p2a: Corviknight|Body Press|p1a: Dudunsparce\n|-supereffective|p1a: Dudunsparce\n|-damage|p1a: Dudunsparce|62\/100\n|\n|-heal|p1a: Dudunsparce|68\/100|[from] item: Leftovers\n|upkeep\n|turn|62\n|\n|t:|1700602784\n|move|p1a: Dudunsparce|Roost|p1a: Dudunsparce\n|-heal|p1a: Dudunsparce|100\/100\n|-singleturn|p1a: Dudunsparce|move: Roost\n|move|p2a: Corviknight|Body Press|p1a: Dudunsparce\n|-supereffective|p1a: Dudunsparce\n|-damage|p1a: Dudunsparce|55\/100\n|\n|-heal|p1a: Dudunsparce|62\/100|[from] item: Leftovers\n|upkeep\n|turn|63\n|\n|t:|1700602794\n|switch|p2a: Kingambit|Kingambit, M|36\/100\n|-activate|p2a: Kingambit|ability: Supreme Overlord\n|-start|p2a: Kingambit|fallen4|[silent]\n|move|p1a: Dudunsparce|Roost|p1a: Dudunsparce\n|-heal|p1a: Dudunsparce|100\/100\n|-singleturn|p1a: Dudunsparce|move: Roost\n|\n|upkeep\n|turn|64\n|\n|t:|1700602804\n|move|p1a: Dudunsparce|Glare|p2a: Kingambit\n|-status|p2a: Kingambit|par\n|move|p2a: Kingambit|Iron Head|p1a: Dudunsparce\n|-damage|p1a: Dudunsparce|51\/100\n|\n|-heal|p1a: Dudunsparce|58\/100|[from] item: Leftovers\n|upkeep\n|turn|65\n|\n|t:|1700602813\n|move|p2a: Kingambit|Sucker Punch||[still]\n|-fail|p2a: Kingambit\n|move|p1a: Dudunsparce|Roost|p1a: Dudunsparce\n|-heal|p1a: Dudunsparce|100\/100\n|-singleturn|p1a: Dudunsparce|move: Roost\n|\n|upkeep\n|turn|66\n|\n|t:|1700602820\n|move|p1a: Dudunsparce|Lunge|p2a: Kingambit\n|-damage|p2a: Kingambit|19\/100 par\n|-unboost|p2a: Kingambit|atk|1\n|move|p2a: Kingambit|Swords Dance|p2a: Kingambit\n|-boost|p2a: Kingambit|atk|2\n|\n|upkeep\n|turn|67\n|\n|t:|1700602826\n|move|p2a: Kingambit|Sucker Punch|p1a: Dudunsparce\n|-damage|p1a: Dudunsparce|23\/100\n|move|p1a: Dudunsparce|Lunge|p2a: Kingambit\n|-damage|p2a: Kingambit|4\/100 par\n|-unboost|p2a: Kingambit|atk|1\n|\n|-heal|p1a: Dudunsparce|29\/100|[from] item: Leftovers\n|upkeep\n|turn|68\n|\n|t:|1700602835\n|move|p1a: Dudunsparce|Roost|p1a: Dudunsparce\n|-heal|p1a: Dudunsparce|79\/100\n|-singleturn|p1a: Dudunsparce|move: Roost\n|move|p2a: Kingambit|Iron Head|p1a: Dudunsparce\n|-damage|p1a: Dudunsparce|27\/100\n|\n|-heal|p1a: Dudunsparce|33\/100|[from] item: Leftovers\n|upkeep\n|turn|69\n|\n|t:|1700602842\n|move|p2a: Kingambit|Sucker Punch||[still]\n|-fail|p2a: Kingambit\n|move|p1a: Dudunsparce|Roost|p1a: Dudunsparce\n|-heal|p1a: Dudunsparce|84\/100\n|-singleturn|p1a: Dudunsparce|move: Roost\n|\n|-heal|p1a: Dudunsparce|90\/100|[from] item: Leftovers\n|upkeep\n|turn|70\n|\n|t:|1700602850\n|move|p2a: Kingambit|Sucker Punch|p1a: Dudunsparce\n|-damage|p1a: Dudunsparce|32\/100\n|move|p1a: Dudunsparce|Lunge|p2a: Kingambit\n|-damage|p2a: Kingambit|0 fnt\n|faint|p2a: Kingambit\n|-end|p2a: Kingambit|fallen4|[silent]\n|\n|-heal|p1a: Dudunsparce|38\/100|[from] item: Leftovers\n|upkeep\n|\n|t:|1700602852\n|switch|p2a: Corviknight|Corviknight, M|94\/100 par\n|-ability|p2a: Corviknight|Pressure\n|turn|71\n|\n|t:|1700602863\n|switch|p1a: Ditto|Ditto|58\/100\n|-transform|p1a: Ditto|p2a: Corviknight|[from] ability: Imposter\n|-ability|p1a: Ditto|Pressure\n|move|p2a: Corviknight|Brave Bird|p1a: Ditto\n|-resisted|p1a: Ditto\n|-damage|p1a: Ditto|42\/100\n|-damage|p2a: Corviknight|90\/100 par|[from] Recoil\n|\n|upkeep\n|turn|72\n|\n|t:|1700602867\n|move|p1a: Ditto|Roost|p1a: Ditto\n|-heal|p1a: Ditto|92\/100\n|-singleturn|p1a: Ditto|move: Roost\n|move|p2a: Corviknight|Body Press|p1a: Ditto\n|-supereffective|p1a: Ditto\n|-damage|p1a: Ditto|53\/100\n|\n|upkeep\n|turn|73\n|\n|t:|1700602877\n|move|p1a: Ditto|Roost|p1a: Ditto\n|-heal|p1a: Ditto|100\/100\n|-singleturn|p1a: Ditto|move: Roost\n|move|p2a: Corviknight|Body Press|p1a: Ditto\n|-supereffective|p1a: Ditto\n|-damage|p1a: Ditto|57\/100\n|\n|upkeep\n|turn|74\n|\n|t:|1700602887\n|move|p1a: Ditto|Roost|p1a: Ditto\n|-heal|p1a: Ditto|100\/100\n|-singleturn|p1a: Ditto|move: Roost\n|cant|p2a: Corviknight|par\n|\n|upkeep\n|turn|75\n|\n|t:|1700602903\n|move|p1a: Ditto|Roost||[still]\n|-fail|p1a: Ditto|heal\n|move|p2a: Corviknight|Defog|p1a: Ditto\n|-unboost|p1a: Ditto|evasion|1\n|\n|upkeep\n|turn|76\n|\n|t:|1700602914\n|switch|p1a: Dudunsparce|Dudunsparce, M|38\/100\n|move|p2a: Corviknight|Defog|p1a: Dudunsparce\n|-unboost|p1a: Dudunsparce|evasion|1\n|\n|-heal|p1a: Dudunsparce|44\/100|[from] item: Leftovers\n|upkeep\n|turn|77\n|\n|t:|1700602918\n|move|p1a: Dudunsparce|Roost|p1a: Dudunsparce\n|-heal|p1a: Dudunsparce|94\/100\n|-singleturn|p1a: Dudunsparce|move: Roost\n|cant|p2a: Corviknight|par\n|\n|-heal|p1a: Dudunsparce|100\/100|[from] item: Leftovers\n|upkeep\n|turn|78\n|\n|t:|1700602921\n|move|p1a: Dudunsparce|Lunge|p2a: Corviknight\n|-resisted|p2a: Corviknight\n|-damage|p2a: Corviknight|87\/100 par\n|-unboost|p2a: Corviknight|atk|1\n|cant|p2a: Corviknight|par\n|\n|upkeep\n|turn|79\n|\n|t:|1700602929\n|move|p1a: Dudunsparce|Lunge|p2a: Corviknight\n|-resisted|p2a: Corviknight\n|-damage|p2a: Corviknight|84\/100 par\n|-unboost|p2a: Corviknight|atk|1\n|move|p2a: Corviknight|Brave Bird|p1a: Dudunsparce\n|-damage|p1a: Dudunsparce|87\/100\n|-damage|p2a: Corviknight|80\/100 par|[from] Recoil\n|\n|-heal|p1a: Dudunsparce|93\/100|[from] item: Leftovers\n|upkeep\n|turn|80\n|c|\u2606ochuruls|Me rindo\n|-message|ochuruls forfeited.\n|\n|win|mau0032\n|l|\u2606ochuruls\n|c|\u2606mau0032|va\n","uploadtime":1700602975,"views":30,"p1id":"mau0032","p2id":"ochuruls","formatid":"gen9ou","rating":0,"private":0,"password":""}