{"id":"gen9ou-1994450248","p1":"Joker040921","p2":"Seanl6Eighty","format":"[Gen 9] OU","log":"|j|\u2606Joker040921\n|j|\u2606Seanl6Eighty\n|t:|1700445303\n|gametype|singles\n|player|p1|Joker040921|169|1066\n|player|p2|Seanl6Eighty|2|1092\n|teamsize|p1|6\n|teamsize|p2|6\n|gen|9\n|tier|[Gen 9] OU\n|rated|\n|rule|Sleep Clause Mod: Limit one foe put to sleep\n|rule|Species Clause: Limit one of each Pok\u00e9mon\n|rule|OHKO Clause: OHKO moves are banned\n|rule|Evasion Items Clause: Evasion items are banned\n|rule|Evasion Moves Clause: Evasion moves are banned\n|rule|Endless Battle Clause: Forcing endless battles is banned\n|rule|HP Percentage Mod: HP is shown in percentages\n|clearpoke\n|poke|p1|Great Tusk|\n|poke|p1|Iron Valiant|\n|poke|p1|Glimmora, F|\n|poke|p1|Gholdengo|\n|poke|p1|Moltres|\n|poke|p1|Sandy Shocks|\n|poke|p2|Clefable, F|\n|poke|p2|Infernape, F|\n|poke|p2|Quagsire, M|\n|poke|p2|Braviary-Hisui, M|\n|poke|p2|Scizor, F|\n|poke|p2|Hydreigon, M|\n|teampreview\n|inactive|Battle timer is ON: inactive players will automatically lose when time's up. (requested by Seanl6Eighty)\n|\n|t:|1700445316\n|start\n|switch|p1a: Glimmora|Glimmora, F|100\/100\n|switch|p2a: Scizor|Scizor, F|100\/100\n|turn|1\n|\n|t:|1700445338\n|move|p2a: Scizor|Bullet Punch|p1a: Glimmora\n|-supereffective|p1a: Glimmora\n|-damage|p1a: Glimmora|4\/100\n|-activate|p1a: Glimmora|ability: Toxic Debris\n|-sidestart|p2: Seanl6Eighty|move: Toxic Spikes\n|move|p1a: Glimmora|Stealth Rock|p2a: Scizor\n|-sidestart|p2: Seanl6Eighty|move: Stealth Rock\n|\n|upkeep\n|turn|2\n|\n|t:|1700445350\n|move|p2a: Scizor|Bullet Punch|p1a: Glimmora\n|-supereffective|p1a: Glimmora\n|-damage|p1a: Glimmora|0 fnt\n|-activate|p1a: Glimmora|ability: Toxic Debris\n|-sidestart|p2: Seanl6Eighty|move: Toxic Spikes\n|faint|p1a: Glimmora\n|\n|upkeep\n|\n|t:|1700445354\n|switch|p1a: Moltres|Moltres|100\/100\n|turn|3\n|\n|t:|1700445358\n|switch|p2a: Braviary|Braviary-Hisui, M|100\/100\n|-damage|p2a: Braviary|76\/100|[from] Stealth Rock\n|move|p1a: Moltres|Fire Blast|p2a: Braviary\n|-damage|p2a: Braviary|36\/100\n|\n|upkeep\n|turn|4\n|\n|t:|1700445366\n|switch|p1a: Gholdengo|Gholdengo|100\/100\n|move|p2a: Braviary|Defog|p1a: Gholdengo\n|-immune|p1a: Gholdengo|[from] ability: Good as Gold\n|\n|upkeep\n|turn|5\n|\n|t:|1700445380\n|switch|p2a: Hydreigon|Hydreigon, M|100\/100\n|-damage|p2a: Hydreigon|88\/100|[from] Stealth Rock\n|move|p1a: Gholdengo|Make It Rain|p2a: Hydreigon\n|-damage|p2a: Hydreigon|15\/100\n|-unboost|p1a: Gholdengo|spa|1\n|\n|upkeep\n|turn|6\n|\n|t:|1700445392\n|switch|p1a: Great Tusk|Great Tusk|100\/100\n|move|p2a: Hydreigon|Earth Power|p1a: Great Tusk\n|-damage|p1a: Great Tusk|64\/100\n|-damage|p2a: Hydreigon|5\/100|[from] item: Life Orb\n|\n|upkeep\n|turn|7\n|\n|t:|1700445403\n|move|p2a: Hydreigon|Earth Power|p1a: Great Tusk\n|-damage|p1a: Great Tusk|32\/100\n|-damage|p2a: Hydreigon|0 fnt|[from] item: Life Orb\n|faint|p2a: Hydreigon\n|move|p1a: Great Tusk|Rapid Spin|p2: Hydreigon|[notarget]\n|-fail|p1a: Great Tusk\n|\n|upkeep\n|\n|t:|1700445426\n|switch|p2a: Clefable|Clefable, F|100\/100\n|-status|p2a: Clefable|tox\n|turn|8\n|\n|t:|1700445441\n|-end|p1a: Great Tusk|Protosynthesis|[silent]\n|switch|p1a: Moltres|Moltres|100\/100\n|move|p2a: Clefable|Moonblast|p1a: Moltres\n|-resisted|p1a: Moltres\n|-damage|p1a: Moltres|83\/100\n|\n|-heal|p1a: Moltres|89\/100|[from] item: Leftovers\n|upkeep\n|turn|9\n|\n|t:|1700445455\n|move|p1a: Moltres|Hurricane|p2a: Clefable\n|-damage|p2a: Clefable|44\/100 tox\n|move|p2a: Clefable|Wish|p2a: Clefable\n|\n|-heal|p1a: Moltres|95\/100|[from] item: Leftovers\n|-heal|p2a: Clefable|50\/100 tox|[from] item: Leftovers\n|upkeep\n|turn|10\n|\n|t:|1700445466\n|move|p2a: Clefable|Protect|p2a: Clefable\n|-singleturn|p2a: Clefable|Protect\n|move|p1a: Moltres|Fire Blast|p2a: Clefable\n|-activate|p2a: Clefable|move: Protect\n|\n|-heal|p2a: Clefable|99\/100 tox|[from] move: Wish|[wisher] Clefable\n|-heal|p1a: Moltres|100\/100|[from] item: Leftovers\n|-heal|p2a: Clefable|100\/100 tox|[from] item: Leftovers\n|upkeep\n|turn|11\n|\n|t:|1700445478\n|switch|p2a: Braviary|Braviary-Hisui, M|36\/100\n|-damage|p2a: Braviary|12\/100|[from] Stealth Rock\n|move|p1a: Moltres|Hurricane|p2a: Braviary|[miss]\n|-miss|p1a: Moltres|p2a: Braviary\n|\n|upkeep\n|turn|12\n|\n|t:|1700445485\n|switch|p1a: Gholdengo|Gholdengo|100\/100\n|move|p2a: Braviary|Roost|p2a: Braviary\n|-heal|p2a: Braviary|62\/100\n|-singleturn|p2a: Braviary|move: Roost\n|\n|upkeep\n|turn|13\n|\n|t:|1700445495\n|move|p1a: Gholdengo|Shadow Ball|p2a: Braviary\n|-supereffective|p2a: Braviary\n|-damage|p2a: Braviary|0 fnt\n|faint|p2a: Braviary\n|\n|upkeep\n|\n|t:|1700445504\n|switch|p2a: Scizor|Scizor, F|100\/100\n|-damage|p2a: Scizor|88\/100|[from] Stealth Rock\n|turn|14\n|\n|t:|1700445513\n|move|p1a: Gholdengo|Thunder Wave|p2a: Scizor|[miss]\n|-miss|p1a: Gholdengo|p2a: Scizor\n|move|p2a: Scizor|Swords Dance|p2a: Scizor\n|-boost|p2a: Scizor|atk|2\n|\n|upkeep\n|turn|15\n|\n|t:|1700445521\n|move|p2a: Scizor|Bullet Punch|p1a: Gholdengo\n|-resisted|p1a: Gholdengo\n|-damage|p1a: Gholdengo|62\/100\n|-enditem|p1a: Gholdengo|Red Card|[of] p2a: Scizor\n|drag|p2a: Clefable|Clefable, F|100\/100 tox\n|move|p1a: Gholdengo|Thunder Wave||[still]\n|-fail|p1a: Gholdengo\n|\n|upkeep\n|turn|16\n|\n|t:|1700445533\n|move|p1a: Gholdengo|Make It Rain|p2a: Clefable\n|-supereffective|p2a: Clefable\n|-damage|p2a: Clefable|0 fnt\n|-unboost|p1a: Gholdengo|spa|1\n|faint|p2a: Clefable\n|\n|upkeep\n|\n|t:|1700445541\n|switch|p2a: Scizor|Scizor, F|88\/100\n|-damage|p2a: Scizor|76\/100|[from] Stealth Rock\n|turn|17\n|\n|t:|1700445545\n|switch|p1a: Moltres|Moltres|100\/100\n|move|p2a: Scizor|Swords Dance|p2a: Scizor\n|-boost|p2a: Scizor|atk|2\n|\n|upkeep\n|turn|18\n|\n|t:|1700445551\n|move|p2a: Scizor|Bullet Punch|p1a: Moltres\n|-resisted|p1a: Moltres\n|-damage|p1a: Moltres|54\/100\n|-status|p2a: Scizor|brn|[from] ability: Flame Body|[of] p1a: Moltres\n|move|p1a: Moltres|Fire Blast|p2a: Scizor|[miss]\n|-miss|p1a: Moltres|p2a: Scizor\n|\n|-heal|p1a: Moltres|60\/100|[from] item: Leftovers\n|-damage|p2a: Scizor|70\/100 brn|[from] brn\n|upkeep\n|turn|19\n|\n|t:|1700445561\n|move|p2a: Scizor|Bullet Punch|p1a: Moltres\n|-resisted|p1a: Moltres\n|-damage|p1a: Moltres|40\/100\n|move|p1a: Moltres|Roost|p1a: Moltres\n|-heal|p1a: Moltres|90\/100\n|-singleturn|p1a: Moltres|move: Roost\n|\n|-heal|p1a: Moltres|96\/100|[from] item: Leftovers\n|-damage|p2a: Scizor|64\/100 brn|[from] brn\n|upkeep\n|turn|20\n|\n|t:|1700445571\n|move|p2a: Scizor|Bullet Punch|p1a: Moltres\n|-resisted|p1a: Moltres\n|-crit|p1a: Moltres\n|-damage|p1a: Moltres|65\/100\n|move|p1a: Moltres|Fire Blast|p2a: Scizor\n|-supereffective|p2a: Scizor\n|-damage|p2a: Scizor|0 fnt\n|faint|p2a: Scizor\n|\n|-heal|p1a: Moltres|71\/100|[from] item: Leftovers\n|upkeep\n|\n|t:|1700445580\n|switch|p2a: Quagsire|Quagsire, M|100\/100\n|-status|p2a: Quagsire|tox\n|-damage|p2a: Quagsire|94\/100 tox|[from] Stealth Rock\n|turn|21\n|-message|Seanl6Eighty forfeited.\n|\n|win|Joker040921\n|raw|Joker040921's rating: 1066 &rarr; <strong>1098<\/strong><br \/>(+32 for winning)\n|raw|Seanl6Eighty's rating: 1092 &rarr; <strong>1066<\/strong><br \/>(-26 for losing)\n|l|\u2606Seanl6Eighty\n","uploadtime":1700445595,"views":17,"p1id":"joker040921","p2id":"seanl6eighty","formatid":"gen9ou","rating":1066,"private":0,"password":""}