{"id":"gen9ou-2000083261","p1":"TheNoM","p2":"AkiDes","format":"[Gen 9] OU","log":"|j|\u2606TheNoM\n|j|\u2606AkiDes\n|t:|1701151617\n|gametype|singles\n|player|p1|TheNoM|plasmagrunt-gen5bw|1085\n|player|p2|AkiDes|volkner|1095\n|teamsize|p1|6\n|teamsize|p2|6\n|gen|9\n|tier|[Gen 9] OU\n|rated|\n|rule|Sleep Clause Mod: Limit one foe put to sleep\n|rule|Species Clause: Limit one of each Pok\u00e9mon\n|rule|OHKO Clause: OHKO moves are banned\n|rule|Evasion Items Clause: Evasion items are banned\n|rule|Evasion Moves Clause: Evasion moves are banned\n|rule|Endless Battle Clause: Forcing endless battles is banned\n|rule|HP Percentage Mod: HP is shown in percentages\n|clearpoke\n|poke|p1|Slowking-Galar, M|\n|poke|p1|Glimmora, F|\n|poke|p1|Great Tusk|\n|poke|p1|Toxapex, F|\n|poke|p1|Garganacl, M|\n|poke|p1|Iron Valiant|\n|poke|p2|Dragonite, F|\n|poke|p2|Cinderace, F|\n|poke|p2|Mandibuzz, F|\n|poke|p2|Jolteon, F|\n|poke|p2|Landorus-Therian, M|\n|poke|p2|Greninja-*, F|\n|teampreview\n|\n|t:|1701151640\n|start\n|switch|p1a: Evil Head?|Slowking-Galar, M, shiny|100\/100\n|switch|p2a: Prueba nomas|Landorus-Therian, M|100\/100\n|-ability|p2a: Prueba nomas|Intimidate|boost\n|-unboost|p1a: Evil Head?|atk|1\n|turn|1\n|\n|t:|1701151658\n|move|p2a: Prueba nomas|Stealth Rock|p1a: Evil Head?\n|-sidestart|p1: TheNoM|move: Stealth Rock\n|move|p1a: Evil Head?|Future Sight|p2a: Prueba nomas\n|-start|p1a: Evil Head?|move: Future Sight\n|\n|upkeep\n|turn|2\n|\n|t:|1701151667\n|switch|p2a: Babotas|Greninja, F, shiny|100\/100\n|move|p1a: Evil Head?|Sludge Bomb|p2a: Babotas\n|-damage|p2a: Babotas|44\/100\n|\n|upkeep\n|turn|3\n|\n|t:|1701151675\n|move|p2a: Babotas|Dark Pulse|p1a: Evil Head?\n|-start|p2a: Babotas|typechange|Dark|[from] ability: Protean\n|-supereffective|p1a: Evil Head?\n|-damage|p1a: Evil Head?|55\/100\n|move|p1a: Evil Head?|Sludge Bomb|p2a: Babotas\n|-damage|p2a: Babotas|0 fnt\n|faint|p2a: Babotas\n|\n|-hint|Future Sight did not hit because the target is fainted.\n|-heal|p1a: Evil Head?|61\/100|[from] item: Leftovers\n|upkeep\n|\n|t:|1701151681\n|switch|p2a: Prueba nomas|Landorus-Therian, M|100\/100\n|-ability|p2a: Prueba nomas|Intimidate|boost\n|-unboost|p1a: Evil Head?|atk|1\n|turn|4\n|\n|t:|1701151699\n|switch|p1a: My Umbrella!|Toxapex, F, shiny|100\/100\n|-damage|p1a: My Umbrella!|88\/100|[from] Stealth Rock\n|move|p2a: Prueba nomas|Earthquake|p1a: My Umbrella!\n|-supereffective|p1a: My Umbrella!\n|-damage|p1a: My Umbrella!|23\/100\n|\n|upkeep\n|turn|5\n|\n|t:|1701151722\n|move|p2a: Prueba nomas|Earthquake|p1a: My Umbrella!\n|-supereffective|p1a: My Umbrella!\n|-damage|p1a: My Umbrella!|0 fnt\n|faint|p1a: My Umbrella!\n|\n|upkeep\n|\n|t:|1701151747\n|switch|p1a: Just Good \u201cTusk\u201d|Great Tusk|100\/100\n|-damage|p1a: Just Good \u201cTusk\u201d|98\/100|[from] Stealth Rock\n|-enditem|p1a: Just Good \u201cTusk\u201d|Booster Energy\n|-activate|p1a: Just Good \u201cTusk\u201d|ability: Protosynthesis|[fromitem]\n|-start|p1a: Just Good \u201cTusk\u201d|protosynthesisspe\n|turn|6\n|\n|t:|1701151754\n|switch|p2a: Festin celestial|Mandibuzz, F|100\/100\n|move|p1a: Just Good \u201cTusk\u201d|Rapid Spin|p2a: Festin celestial\n|-damage|p2a: Festin celestial|92\/100\n|-boost|p1a: Just Good \u201cTusk\u201d|spe|1\n|-sideend|p1: TheNoM|Stealth Rock|[from] move: Rapid Spin|[of] p1a: Just Good \u201cTusk\u201d\n|\n|upkeep\n|turn|7\n|\n|t:|1701151766\n|move|p1a: Just Good \u201cTusk\u201d|Bulk Up|p1a: Just Good \u201cTusk\u201d\n|-boost|p1a: Just Good \u201cTusk\u201d|atk|1\n|-boost|p1a: Just Good \u201cTusk\u201d|def|1\n|move|p2a: Festin celestial|Toxic|p1a: Just Good \u201cTusk\u201d\n|-status|p1a: Just Good \u201cTusk\u201d|tox\n|\n|-damage|p1a: Just Good \u201cTusk\u201d|91\/100 tox|[from] psn\n|upkeep\n|turn|8\n|\n|t:|1701151784\n|-end|p1a: Just Good \u201cTusk\u201d|Protosynthesis|[silent]\n|switch|p1a: Evil Head?|Slowking-Galar, M, shiny|94\/100\n|switch|p2a: Prueba nomas|Landorus-Therian, M|100\/100\n|-ability|p2a: Prueba nomas|Intimidate|boost\n|-unboost|p1a: Evil Head?|atk|1\n|\n|-heal|p1a: Evil Head?|99\/100|[from] item: Leftovers\n|upkeep\n|turn|9\n|\n|t:|1701151798\n|move|p2a: Prueba nomas|Stealth Rock|p1a: Evil Head?\n|-sidestart|p1: TheNoM|move: Stealth Rock\n|move|p1a: Evil Head?|Future Sight|p2a: Prueba nomas\n|-start|p1a: Evil Head?|move: Future Sight\n|\n|-heal|p1a: Evil Head?|100\/100|[from] item: Leftovers\n|upkeep\n|turn|10\n|\n|t:|1701151805\n|move|p2a: Prueba nomas|Earthquake|p1a: Evil Head?\n|-supereffective|p1a: Evil Head?\n|-damage|p1a: Evil Head?|0 fnt\n|faint|p1a: Evil Head?\n|\n|upkeep\n|\n|t:|1701151812\n|switch|p1a: Just Good \u201cTusk\u201d|Great Tusk|91\/100 tox\n|-damage|p1a: Just Good \u201cTusk\u201d|88\/100 tox|[from] Stealth Rock\n|turn|11\n|\n|t:|1701151817\n|switch|p2a: Festin celestial|Mandibuzz, F|92\/100\n|move|p1a: Just Good \u201cTusk\u201d|Rapid Spin|p2a: Festin celestial\n|-damage|p2a: Festin celestial|84\/100\n|-boost|p1a: Just Good \u201cTusk\u201d|spe|1\n|-sideend|p1: TheNoM|Stealth Rock|[from] move: Rapid Spin|[of] p1a: Just Good \u201cTusk\u201d\n|\n|-end|p2a: Festin celestial|move: Future Sight\n|-immune|p2a: Festin celestial\n|-damage|p1a: Just Good \u201cTusk\u201d|82\/100 tox|[from] psn\n|upkeep\n|turn|12\n|\n|t:|1701151834\n|-end|p1a: Just Good \u201cTusk\u201d|Protosynthesis|[silent]\n|switch|p1a: The Plug|Glimmora, F|100\/100\n|move|p2a: Festin celestial|Foul Play|p1a: The Plug\n|-damage|p1a: The Plug|73\/100\n|-activate|p1a: The Plug|ability: Toxic Debris\n|-sidestart|p2: AkiDes|move: Toxic Spikes\n|\n|upkeep\n|turn|13\n|\n|t:|1701151845\n|switch|p2a: Prueba nomas|Landorus-Therian, M|100\/100\n|-ability|p2a: Prueba nomas|Intimidate|boost\n|-unboost|p1a: The Plug|atk|1\n|move|p1a: The Plug|Mortal Spin|p2a: Prueba nomas\n|-resisted|p2a: Prueba nomas\n|-damage|p2a: Prueba nomas|98\/100\n|-status|p2a: Prueba nomas|psn\n|-damage|p1a: The Plug|57\/100|[from] item: Rocky Helmet|[of] p2a: Prueba nomas\n|\n|-damage|p2a: Prueba nomas|85\/100 psn|[from] psn\n|upkeep\n|turn|14\n|\n|t:|1701151858\n|move|p2a: Prueba nomas|Earthquake|p1a: The Plug\n|-supereffective|p1a: The Plug\n|-damage|p1a: The Plug|0 fnt\n|-activate|p1a: The Plug|ability: Toxic Debris\n|-sidestart|p2: AkiDes|move: Toxic Spikes\n|faint|p1a: The Plug\n|\n|-damage|p2a: Prueba nomas|73\/100 psn|[from] psn\n|upkeep\n|\n|t:|1701151881\n|switch|p1a: Salty?|Garganacl, M, shiny|100\/100\n|turn|15\n|\n|t:|1701151888\n|move|p2a: Prueba nomas|Earthquake|p1a: Salty?\n|-supereffective|p1a: Salty?\n|-damage|p1a: Salty?|26\/100\n|move|p1a: Salty?|Salt Cure|p2a: Prueba nomas\n|-damage|p2a: Prueba nomas|58\/100 psn\n|-start|p2a: Prueba nomas|Salt Cure\n|\n|-damage|p2a: Prueba nomas|46\/100 psn|[from] psn\n|-damage|p2a: Prueba nomas|33\/100 psn|[from] Salt Cure\n|upkeep\n|turn|16\n|\n|t:|1701151901\n|move|p2a: Prueba nomas|Earthquake|p1a: Salty?\n|-supereffective|p1a: Salty?\n|-damage|p1a: Salty?|0 fnt\n|faint|p1a: Salty?\n|\n|-damage|p2a: Prueba nomas|21\/100 psn|[from] psn\n|-damage|p2a: Prueba nomas|9\/100 psn|[from] Salt Cure\n|upkeep\n|\n|t:|1701151910\n|switch|p1a: Just Good \u201cTusk\u201d|Great Tusk|82\/100 tox\n|turn|17\n|\n|t:|1701151923\n|move|p2a: Prueba nomas|Earthquake|p1a: Just Good \u201cTusk\u201d\n|-damage|p1a: Just Good \u201cTusk\u201d|46\/100 tox\n|move|p1a: Just Good \u201cTusk\u201d|Rapid Spin|p2a: Prueba nomas\n|-crit|p2a: Prueba nomas\n|-damage|p2a: Prueba nomas|0 fnt\n|-boost|p1a: Just Good \u201cTusk\u201d|spe|1\n|-damage|p1a: Just Good \u201cTusk\u201d|30\/100 tox|[from] item: Rocky Helmet|[of] p2a: Prueba nomas\n|faint|p2a: Prueba nomas\n|\n|-damage|p1a: Just Good \u201cTusk\u201d|23\/100 tox|[from] psn\n|upkeep\n|\n|t:|1701151928\n|switch|p2a: Festin celestial|Mandibuzz, F|84\/100\n|turn|18\n|\n|t:|1701151946\n|move|p1a: Just Good \u201cTusk\u201d|Bulk Up|p1a: Just Good \u201cTusk\u201d\n|-boost|p1a: Just Good \u201cTusk\u201d|atk|1\n|-boost|p1a: Just Good \u201cTusk\u201d|def|1\n|move|p2a: Festin celestial|Defog|p1a: Just Good \u201cTusk\u201d\n|-unboost|p1a: Just Good \u201cTusk\u201d|evasion|1\n|-sideend|p2: AkiDes|Toxic Spikes|[from] move: Defog|[of] p2a: Festin celestial\n|\n|-damage|p1a: Just Good \u201cTusk\u201d|11\/100 tox|[from] psn\n|upkeep\n|turn|19\n|\n|t:|1701151956\n|move|p1a: Just Good \u201cTusk\u201d|Close Combat|p2a: Festin celestial\n|-damage|p2a: Festin celestial|44\/100\n|-unboost|p1a: Just Good \u201cTusk\u201d|def|1\n|-unboost|p1a: Just Good \u201cTusk\u201d|spd|1\n|move|p2a: Festin celestial|Roost|p2a: Festin celestial\n|-heal|p2a: Festin celestial|94\/100\n|-singleturn|p2a: Festin celestial|move: Roost\n|\n|-damage|p1a: Just Good \u201cTusk\u201d|0 fnt|[from] psn\n|faint|p1a: Just Good \u201cTusk\u201d\n|-end|p1a: Just Good \u201cTusk\u201d|Protosynthesis|[silent]\n|upkeep\n|\n|t:|1701151968\n|switch|p1a: Cutting Edge!|Iron Valiant, shiny|100\/100\n|-enditem|p1a: Cutting Edge!|Booster Energy\n|-activate|p1a: Cutting Edge!|ability: Quark Drive|[fromitem]\n|-start|p1a: Cutting Edge!|quarkdrivespe\n|turn|20\n|inactive|Battle timer is ON: inactive players will automatically lose when time's up. (requested by AkiDes)\n|\n|t:|1701151995\n|-terastallize|p1a: Cutting Edge!|Steel\n|move|p1a: Cutting Edge!|Swords Dance|p1a: Cutting Edge!\n|-boost|p1a: Cutting Edge!|atk|2\n|move|p2a: Festin celestial|Toxic|p1a: Cutting Edge!\n|-immune|p1a: Cutting Edge!\n|\n|upkeep\n|turn|21\n|\n|t:|1701152013\n|move|p1a: Cutting Edge!|Knock Off|p2a: Festin celestial\n|-resisted|p2a: Festin celestial\n|-damage|p2a: Festin celestial|74\/100\n|-enditem|p2a: Festin celestial|Heavy-Duty Boots|[from] move: Knock Off|[of] p1a: Cutting Edge!\n|move|p2a: Festin celestial|Foul Play|p1a: Cutting Edge!\n|-damage|p1a: Cutting Edge!|0 fnt\n|faint|p1a: Cutting Edge!\n|-end|p1a: Cutting Edge!|Quark Drive|[silent]\n|\n|win|AkiDes\n|raw|TheNoM's rating: 1085 &rarr; <strong>1063<\/strong><br \/>(-22 for losing)\n|raw|AkiDes's rating: 1095 &rarr; <strong>1120<\/strong><br \/>(+25 for winning)\n","uploadtime":1701152017,"views":2,"p1id":"thenom","p2id":"akides","formatid":"gen9ou","rating":1063,"private":0,"password":""}