{"id":"gen9ou-1988775295","p1":"jellofish01","p2":"Thefatguinea","format":"[Gen 9] OU","log":"|j|\u2606jellofish01\n|j|\u203dThefatguinea\n|t:|1699761524\n|gametype|singles\n|player|p1|jellofish01|169|1186\n|player|p2|Thefatguinea|linebacker|1254\n|teamsize|p1|6\n|teamsize|p2|6\n|gen|9\n|tier|[Gen 9] OU\n|rated|\n|rule|Sleep Clause Mod: Limit one foe put to sleep\n|rule|Species Clause: Limit one of each Pok\u00e9mon\n|rule|OHKO Clause: OHKO moves are banned\n|rule|Evasion Items Clause: Evasion items are banned\n|rule|Evasion Moves Clause: Evasion moves are banned\n|rule|Endless Battle Clause: Forcing endless battles is banned\n|rule|HP Percentage Mod: HP is shown in percentages\n|clearpoke\n|poke|p1|Gliscor, F|\n|poke|p1|Ceruledge, M|\n|poke|p1|Iron Valiant|\n|poke|p1|Toxapex, F|\n|poke|p1|Mandibuzz, F|\n|poke|p1|Dragapult, M|\n|poke|p2|Zapdos-Galar|\n|poke|p2|Ceruledge, M|\n|poke|p2|Manaphy|\n|poke|p2|Lokix, F|\n|poke|p2|Weezing-Galar, M|\n|poke|p2|Clodsire, M|\n|teampreview\n|\n|t:|1699761529\n|start\n|switch|p1a: Dragapult|Dragapult, M|100\/100\n|switch|p2a: Lokix|Lokix, F|100\/100\n|turn|1\n|\n|t:|1699761535\n|move|p1a: Dragapult|Dragon Darts|p2a: Lokix\n|-crit|p2a: Lokix\n|-damage|p2a: Lokix|17\/100\n|-anim|p1a: Dragapult|Dragon Darts|p2a: Lokix\n|-damage|p2a: Lokix|0 fnt\n|faint|p2a: Lokix\n|\n|upkeep\n|inactive|Battle timer is ON: inactive players will automatically lose when time's up. (requested by jellofish01)\n|\n|t:|1699761547\n|switch|p2a: Weezing|Weezing-Galar, M|100\/100\n|turn|2\n|\n|t:|1699761561\n|switch|p1a: Toxapex|Toxapex, F|100\/100\n|move|p2a: Weezing|Will-O-Wisp|p1a: Toxapex\n|-status|p1a: Toxapex|brn\n|\n|-damage|p1a: Toxapex|94\/100 brn|[from] brn\n|upkeep\n|turn|3\n|\n|t:|1699761569\n|switch|p2a: Clodsire|Clodsire, M|100\/100\n|move|p1a: Toxapex|Surf|p2a: Clodsire\n|-supereffective|p2a: Clodsire\n|-damage|p2a: Clodsire|82\/100\n|\n|-heal|p1a: Toxapex|100\/100 brn|[from] item: Leftovers\n|-heal|p2a: Clodsire|88\/100|[from] item: Leftovers\n|-damage|p1a: Toxapex|94\/100 brn|[from] brn\n|upkeep\n|turn|4\n|\n|t:|1699761580\n|switch|p1a: Gliscor|Gliscor, F|100\/100\n|move|p2a: Clodsire|Stealth Rock|p1a: Gliscor\n|-sidestart|p1: jellofish01|move: Stealth Rock\n|\n|-heal|p2a: Clodsire|94\/100|[from] item: Leftovers\n|-status|p1a: Gliscor|tox|[from] item: Toxic Orb\n|upkeep\n|turn|5\n|\n|t:|1699761586\n|switch|p2a: Manaphy|Manaphy|100\/100\n|move|p1a: Gliscor|Spikes|p2a: Manaphy\n|-sidestart|p2: Thefatguinea|Spikes\n|\n|upkeep\n|turn|6\n|\n|t:|1699761591\n|switch|p1a: Toxapex|Toxapex, F|100\/100 brn\n|-damage|p1a: Toxapex|88\/100 brn|[from] Stealth Rock\n|move|p2a: Manaphy|Tail Glow|p2a: Manaphy\n|-boost|p2a: Manaphy|spa|3\n|\n|-heal|p1a: Toxapex|94\/100 brn|[from] item: Leftovers\n|-damage|p1a: Toxapex|88\/100 brn|[from] brn\n|upkeep\n|turn|7\n|\n|t:|1699761595\n|move|p2a: Manaphy|Take Heart|p2a: Manaphy\n|-boost|p2a: Manaphy|spa|1\n|-boost|p2a: Manaphy|spd|1\n|move|p1a: Toxapex|Haze|p1a: Toxapex\n|-clearallboost\n|\n|-heal|p1a: Toxapex|94\/100 brn|[from] item: Leftovers\n|-damage|p1a: Toxapex|88\/100 brn|[from] brn\n|upkeep\n|turn|8\n|\n|t:|1699761600\n|move|p2a: Manaphy|Tail Glow|p2a: Manaphy\n|-boost|p2a: Manaphy|spa|3\n|move|p1a: Toxapex|Haze|p1a: Toxapex\n|-clearallboost\n|\n|-heal|p1a: Toxapex|94\/100 brn|[from] item: Leftovers\n|-damage|p1a: Toxapex|88\/100 brn|[from] brn\n|upkeep\n|turn|9\n|\n|t:|1699761604\n|move|p2a: Manaphy|Tail Glow|p2a: Manaphy\n|-boost|p2a: Manaphy|spa|3\n|move|p1a: Toxapex|Toxic|p2a: Manaphy\n|-status|p2a: Manaphy|tox\n|\n|-heal|p1a: Toxapex|94\/100 brn|[from] item: Leftovers\n|-damage|p2a: Manaphy|94\/100 tox|[from] psn\n|-damage|p1a: Toxapex|88\/100 brn|[from] brn\n|upkeep\n|turn|10\n|\n|t:|1699761607\n|move|p2a: Manaphy|Stored Power|p1a: Toxapex\n|-supereffective|p1a: Toxapex\n|-damage|p1a: Toxapex|0 fnt\n|faint|p1a: Toxapex\n|\n|-heal|p2a: Manaphy|100\/100 tox|[from] item: Leftovers\n|-damage|p2a: Manaphy|88\/100 tox|[from] psn\n|upkeep\n|\n|t:|1699761611\n|switch|p1a: Dragapult|Dragapult, M|100\/100\n|-damage|p1a: Dragapult|88\/100|[from] Stealth Rock\n|turn|11\n|\n|t:|1699761619\n|move|p1a: Dragapult|Dragon Darts|p2a: Manaphy\n|-damage|p2a: Manaphy|52\/100 tox\n|-anim|p1a: Dragapult|Dragon Darts|p2a: Manaphy\n|-damage|p2a: Manaphy|19\/100 tox\n|move|p2a: Manaphy|Stored Power|p1a: Dragapult\n|-damage|p1a: Dragapult|0 fnt\n|faint|p1a: Dragapult\n|\n|-heal|p2a: Manaphy|25\/100 tox|[from] item: Leftovers\n|-damage|p2a: Manaphy|7\/100 tox|[from] psn\n|upkeep\n|\n|t:|1699761625\n|switch|p1a: Ceruledge|Ceruledge, M|100\/100\n|turn|12\n|\n|t:|1699761630\n|move|p1a: Ceruledge|Shadow Sneak|p2a: Manaphy\n|-damage|p2a: Manaphy|0 fnt\n|faint|p2a: Manaphy\n|\n|upkeep\n|\n|t:|1699761636\n|switch|p2a: Weezing|Weezing-Galar, M|100\/100\n|turn|13\n|\n|t:|1699761642\n|move|p1a: Ceruledge|Taunt|p2a: Weezing\n|-start|p2a: Weezing|move: Taunt\n|cant|p2a: Weezing|move: Taunt|Defog\n|\n|upkeep\n|turn|14\n|\n|t:|1699761649\n|switch|p2a: Clodsire|Clodsire, M|94\/100\n|-damage|p2a: Clodsire|82\/100|[from] Spikes\n|move|p1a: Ceruledge|Bulk Up|p1a: Ceruledge\n|-boost|p1a: Ceruledge|atk|1\n|-boost|p1a: Ceruledge|def|1\n|\n|-heal|p2a: Clodsire|88\/100|[from] item: Leftovers\n|upkeep\n|turn|15\n|\n|t:|1699761651\n|move|p1a: Ceruledge|Taunt|p2a: Clodsire\n|-start|p2a: Clodsire|move: Taunt\n|cant|p2a: Clodsire|move: Taunt|Toxic\n|\n|-heal|p2a: Clodsire|94\/100|[from] item: Leftovers\n|upkeep\n|turn|16\n|\n|t:|1699761654\n|move|p1a: Ceruledge|Bulk Up|p1a: Ceruledge\n|-boost|p1a: Ceruledge|atk|1\n|-boost|p1a: Ceruledge|def|1\n|move|p2a: Clodsire|Earthquake|p1a: Ceruledge\n|-supereffective|p1a: Ceruledge\n|-damage|p1a: Ceruledge|39\/100\n|\n|-heal|p2a: Clodsire|99\/100|[from] item: Leftovers\n|upkeep\n|turn|17\n|\n|t:|1699761657\n|-terastallize|p1a: Ceruledge|Bug\n|move|p1a: Ceruledge|Bitter Blade|p2a: Clodsire\n|-damage|p2a: Clodsire|59\/100\n|-heal|p1a: Ceruledge|66\/100|[from] drain|[of] p2a: Clodsire\n|move|p2a: Clodsire|Earthquake|p1a: Ceruledge\n|-resisted|p1a: Ceruledge\n|-damage|p1a: Ceruledge|50\/100\n|\n|-heal|p2a: Clodsire|66\/100|[from] item: Leftovers\n|-end|p2a: Clodsire|move: Taunt\n|upkeep\n|turn|18\n|\n|t:|1699761664\n|switch|p2a: Zapdos|Zapdos-Galar|100\/100\n|move|p1a: Ceruledge|Taunt|p2a: Zapdos\n|-start|p2a: Zapdos|move: Taunt\n|\n|upkeep\n|turn|19\n|\n|t:|1699761668\n|move|p1a: Ceruledge|Shadow Sneak|p2a: Zapdos\n|-damage|p2a: Zapdos|61\/100\n|move|p2a: Zapdos|Drill Peck|p1a: Ceruledge\n|-supereffective|p1a: Ceruledge\n|-damage|p1a: Ceruledge|6\/100\n|\n|-heal|p2a: Zapdos|67\/100|[from] item: Leftovers\n|upkeep\n|turn|20\n|\n|t:|1699761672\n|move|p1a: Ceruledge|Shadow Sneak|p2a: Zapdos\n|-damage|p2a: Zapdos|30\/100\n|move|p2a: Zapdos|Drill Peck|p1a: Ceruledge\n|-supereffective|p1a: Ceruledge\n|-damage|p1a: Ceruledge|0 fnt\n|faint|p1a: Ceruledge\n|\n|-heal|p2a: Zapdos|36\/100|[from] item: Leftovers\n|-end|p2a: Zapdos|move: Taunt\n|upkeep\n|c|\u2606jellofish01|drill peck??????\n|\n|t:|1699761682\n|switch|p1a: Iron Valiant|Iron Valiant|100\/100\n|-damage|p1a: Iron Valiant|94\/100|[from] Stealth Rock\n|-enditem|p1a: Iron Valiant|Booster Energy\n|-activate|p1a: Iron Valiant|ability: Quark Drive|[fromitem]\n|-start|p1a: Iron Valiant|quarkdrivespe\n|turn|21\n|\n|t:|1699761687\n|switch|p2a: Clodsire|Clodsire, M|66\/100\n|-damage|p2a: Clodsire|53\/100|[from] Spikes\n|move|p1a: Iron Valiant|Moonblast|p2a: Clodsire\n|-resisted|p2a: Clodsire\n|-damage|p2a: Clodsire|40\/100\n|\n|-heal|p2a: Clodsire|47\/100|[from] item: Leftovers\n|upkeep\n|turn|22\n|\n|t:|1699761690\n|move|p1a: Iron Valiant|Psyshock|p2a: Clodsire\n|-supereffective|p2a: Clodsire\n|-damage|p2a: Clodsire|0 fnt\n|faint|p2a: Clodsire\n|\n|upkeep\n|\n|t:|1699761695\n|switch|p2a: Ceruledge|Ceruledge, M|100\/100\n|turn|23\n|\n|t:|1699761704\n|move|p1a: Iron Valiant|Psyshock|p2a: Ceruledge\n|-damage|p2a: Ceruledge|70\/100\n|move|p2a: Ceruledge|Poltergeist||[still]\n|-fail|p2a: Ceruledge\n|\n|upkeep\n|turn|24\n|\n|t:|1699761710\n|move|p1a: Iron Valiant|Psyshock|p2a: Ceruledge\n|-damage|p2a: Ceruledge|37\/100\n|move|p2a: Ceruledge|Bitter Blade|p1a: Iron Valiant\n|-damage|p1a: Iron Valiant|42\/100\n|-heal|p2a: Ceruledge|58\/100|[from] drain|[of] p1a: Iron Valiant\n|\n|upkeep\n|turn|25\n|\n|t:|1699761713\n|-end|p1a: Iron Valiant|Quark Drive|[silent]\n|switch|p1a: Gliscor|Gliscor, F|100\/100 tox\n|-damage|p1a: Gliscor|88\/100 tox|[from] Stealth Rock\n|move|p2a: Ceruledge|Bitter Blade|p1a: Gliscor\n|-damage|p1a: Gliscor|63\/100 tox\n|-heal|p2a: Ceruledge|71\/100|[from] drain|[of] p1a: Gliscor\n|\n|-heal|p1a: Gliscor|76\/100 tox|[from] ability: Poison Heal\n|upkeep\n|turn|26\n|\n|t:|1699761717\n|move|p1a: Gliscor|Earthquake|p2a: Ceruledge\n|-supereffective|p2a: Ceruledge\n|-damage|p2a: Ceruledge|0 fnt\n|faint|p2a: Ceruledge\n|\n|-heal|p1a: Gliscor|88\/100 tox|[from] ability: Poison Heal\n|upkeep\n|\n|t:|1699761723\n|switch|p2a: Zapdos|Zapdos-Galar|36\/100\n|turn|27\n|\n|t:|1699761728\n|move|p2a: Zapdos|Protect|p2a: Zapdos\n|-singleturn|p2a: Zapdos|Protect\n|move|p1a: Gliscor|Toxic|p2a: Zapdos\n|-activate|p2a: Zapdos|move: Protect\n|\n|-heal|p2a: Zapdos|42\/100|[from] item: Leftovers\n|-heal|p1a: Gliscor|100\/100 tox|[from] ability: Poison Heal\n|upkeep\n|turn|28\n|\n|t:|1699761733\n|move|p2a: Zapdos|Bulk Up|p2a: Zapdos\n|-boost|p2a: Zapdos|atk|1\n|-boost|p2a: Zapdos|def|1\n|move|p1a: Gliscor|Toxic|p2a: Zapdos|[miss]\n|-miss|p1a: Gliscor|p2a: Zapdos\n|\n|-heal|p2a: Zapdos|48\/100|[from] item: Leftovers\n|upkeep\n|turn|29\n|\n|t:|1699761740\n|move|p2a: Zapdos|Drill Peck|p1a: Gliscor\n|-damage|p1a: Gliscor|65\/100 tox\n|move|p1a: Gliscor|Toxic|p2a: Zapdos\n|-status|p2a: Zapdos|tox\n|\n|-heal|p2a: Zapdos|55\/100 tox|[from] item: Leftovers\n|-damage|p2a: Zapdos|48\/100 tox|[from] psn\n|-heal|p1a: Gliscor|78\/100 tox|[from] ability: Poison Heal\n|upkeep\n|turn|30\n|\n|t:|1699761745\n|move|p1a: Gliscor|Protect|p1a: Gliscor\n|-singleturn|p1a: Gliscor|Protect\n|move|p2a: Zapdos|Drill Peck|p1a: Gliscor\n|-activate|p1a: Gliscor|move: Protect\n|\n|-heal|p2a: Zapdos|55\/100 tox|[from] item: Leftovers\n|-damage|p2a: Zapdos|42\/100 tox|[from] psn\n|-heal|p1a: Gliscor|90\/100 tox|[from] ability: Poison Heal\n|upkeep\n|turn|31\n|\n|t:|1699761748\n|move|p2a: Zapdos|Drill Peck|p1a: Gliscor\n|-damage|p1a: Gliscor|55\/100 tox\n|move|p1a: Gliscor|Spikes|p2a: Zapdos\n|-sidestart|p2: Thefatguinea|Spikes\n|\n|-heal|p2a: Zapdos|48\/100 tox|[from] item: Leftovers\n|-damage|p2a: Zapdos|30\/100 tox|[from] psn\n|-heal|p1a: Gliscor|68\/100 tox|[from] ability: Poison Heal\n|upkeep\n|turn|32\n|\n|t:|1699761758\n|move|p1a: Gliscor|Protect|p1a: Gliscor\n|-singleturn|p1a: Gliscor|Protect\n|move|p2a: Zapdos|Bulk Up|p2a: Zapdos\n|-boost|p2a: Zapdos|atk|1\n|-boost|p2a: Zapdos|def|1\n|\n|-heal|p2a: Zapdos|36\/100 tox|[from] item: Leftovers\n|-damage|p2a: Zapdos|11\/100 tox|[from] psn\n|-heal|p1a: Gliscor|80\/100 tox|[from] ability: Poison Heal\n|upkeep\n|turn|33\n|\n|t:|1699761768\n|switch|p1a: Mandibuzz|Mandibuzz, F|100\/100\n|-terastallize|p2a: Zapdos|Fighting\n|move|p2a: Zapdos|Thunderous Kick|p1a: Mandibuzz\n|-damage|p1a: Mandibuzz|33\/100\n|-unboost|p1a: Mandibuzz|def|1\n|\n|-heal|p2a: Zapdos|17\/100 tox|[from] item: Leftovers\n|-damage|p2a: Zapdos|0 fnt|[from] psn\n|faint|p2a: Zapdos\n|upkeep\n|\n|t:|1699761770\n|switch|p2a: Weezing|Weezing-Galar, M|100\/100\n|turn|34\n|\n|t:|1699761774\n|switch|p1a: Gliscor|Gliscor, F|80\/100 tox\n|-damage|p1a: Gliscor|68\/100 tox|[from] Stealth Rock\n|move|p2a: Weezing|Strange Steam|p1a: Gliscor\n|-damage|p1a: Gliscor|31\/100 tox\n|\n|-heal|p1a: Gliscor|44\/100 tox|[from] ability: Poison Heal\n|upkeep\n|turn|35\n|\n|t:|1699761779\n|move|p1a: Gliscor|Earthquake|p2a: Weezing\n|-immune|p2a: Weezing|[from] ability: Levitate\n|move|p2a: Weezing|Strange Steam|p1a: Gliscor\n|-damage|p1a: Gliscor|7\/100 tox\n|\n|-heal|p1a: Gliscor|20\/100 tox|[from] ability: Poison Heal\n|upkeep\n|turn|36\n|\n|t:|1699761783\n|move|p1a: Gliscor|Protect|p1a: Gliscor\n|-singleturn|p1a: Gliscor|Protect\n|move|p2a: Weezing|Strange Steam|p1a: Gliscor\n|-activate|p1a: Gliscor|move: Protect\n|\n|-heal|p1a: Gliscor|32\/100 tox|[from] ability: Poison Heal\n|upkeep\n|turn|37\n|\n|t:|1699761785\n|switch|p1a: Mandibuzz|Mandibuzz, F|33\/100\n|move|p2a: Weezing|Strange Steam|p1a: Mandibuzz|[miss]\n|-miss|p2a: Weezing|p1a: Mandibuzz\n|\n|upkeep\n|turn|38\n|\n|t:|1699761792\n|move|p1a: Mandibuzz|U-turn|p2a: Weezing\n|-resisted|p2a: Weezing\n|-damage|p2a: Weezing|98\/100\n|-damage|p1a: Mandibuzz|17\/100|[from] item: Rocky Helmet|[of] p2a: Weezing\n|\n|t:|1699761794\n|switch|p1a: Gliscor|Gliscor, F|32\/100 tox|[from] U-turn\n|-damage|p1a: Gliscor|20\/100 tox|[from] Stealth Rock\n|move|p2a: Weezing|Strange Steam|p1a: Gliscor\n|-damage|p1a: Gliscor|0 fnt\n|faint|p1a: Gliscor\n|\n|upkeep\n|\n|t:|1699761796\n|switch|p1a: Iron Valiant|Iron Valiant|42\/100\n|-damage|p1a: Iron Valiant|36\/100|[from] Stealth Rock\n|turn|39\n|\n|t:|1699761799\n|move|p1a: Iron Valiant|Psyshock|p2a: Weezing\n|-supereffective|p2a: Weezing\n|-damage|p2a: Weezing|55\/100\n|move|p2a: Weezing|Strange Steam|p1a: Iron Valiant\n|-supereffective|p1a: Iron Valiant\n|-damage|p1a: Iron Valiant|0 fnt\n|faint|p1a: Iron Valiant\n|-end|p1a: Iron Valiant|Quark Drive|[silent]\n|\n|upkeep\n|\n|t:|1699761802\n|switch|p1a: Mandibuzz|Mandibuzz, F|17\/100\n|turn|40\n|-message|jellofish01 forfeited.\n|\n|win|Thefatguinea\n|raw|jellofish01's rating: 1186 &rarr; <strong>1166<\/strong><br \/>(-20 for losing)\n|raw|Thefatguinea's rating: 1254 &rarr; <strong>1274<\/strong><br \/>(+20 for winning)\n|l|\u2606jellofish01\n","uploadtime":1699761846,"views":10,"p1id":"jellofish01","p2id":"thefatguinea","formatid":"gen9ou","rating":1166,"private":0,"password":""}