{"id":"gen9ou-1995776320","p1":"groovythunder","p2":"peepeepoopoo72","format":"[Gen 9] OU","log":"|j|\u2606groovythunder\n|j|\u2606peepeepoopoo72\n|t:|1700602084\n|gametype|singles\n|player|p1|groovythunder|266|1340\n|player|p2|peepeepoopoo72|169|1449\n|teamsize|p1|6\n|teamsize|p2|6\n|gen|9\n|tier|[Gen 9] OU\n|rated|\n|rule|Sleep Clause Mod: Limit one foe put to sleep\n|rule|Species Clause: Limit one of each Pok\u00e9mon\n|rule|OHKO Clause: OHKO moves are banned\n|rule|Evasion Items Clause: Evasion items are banned\n|rule|Evasion Moves Clause: Evasion moves are banned\n|rule|Endless Battle Clause: Forcing endless battles is banned\n|rule|HP Percentage Mod: HP is shown in percentages\n|clearpoke\n|poke|p1|Ogerpon-Wellspring, F|\n|poke|p1|Iron Valiant|\n|poke|p1|Goodra-Hisui, M|\n|poke|p1|Corviknight, F|\n|poke|p1|Ting-Lu|\n|poke|p1|Gholdengo|\n|poke|p2|Heatran, M|\n|poke|p2|Zapdos|\n|poke|p2|Gholdengo|\n|poke|p2|Toxapex, M|\n|poke|p2|Ogerpon-Wellspring, F|\n|poke|p2|Zoroark-Hisui, F|\n|teampreview\n|inactive|Battle timer is ON: inactive players will automatically lose when time's up. (requested by groovythunder)\n|\n|t:|1700602128\n|start\n|switch|p1a: Ting-Lu|Ting-Lu|100\/100\n|switch|p2a: Toxapex|Toxapex, M|100\/100\n|-ability|p1a: Ting-Lu|Vessel of Ruin\n|turn|1\n|\n|t:|1700602140\n|move|p1a: Ting-Lu|Stealth Rock|p2a: Toxapex\n|-sidestart|p2: peepeepoopoo72|move: Stealth Rock\n|move|p2a: Toxapex|Toxic Spikes|p1a: Ting-Lu\n|-sidestart|p1: groovythunder|move: Toxic Spikes\n|\n|upkeep\n|turn|2\n|\n|t:|1700602144\n|move|p1a: Ting-Lu|Spikes|p2a: Toxapex\n|-sidestart|p2: peepeepoopoo72|Spikes\n|move|p2a: Toxapex|Chilling Water|p1a: Ting-Lu\n|-supereffective|p1a: Ting-Lu\n|-damage|p1a: Ting-Lu|88\/100\n|-unboost|p1a: Ting-Lu|atk|1\n|\n|-heal|p1a: Ting-Lu|94\/100|[from] item: Leftovers\n|upkeep\n|turn|3\n|\n|t:|1700602147\n|move|p1a: Ting-Lu|Spikes|p2a: Toxapex\n|-sidestart|p2: peepeepoopoo72|Spikes\n|move|p2a: Toxapex|Toxic Spikes|p1a: Ting-Lu\n|-sidestart|p1: groovythunder|move: Toxic Spikes\n|\n|-heal|p1a: Ting-Lu|99\/100|[from] item: Leftovers\n|upkeep\n|turn|4\n|\n|t:|1700602160\n|move|p1a: Ting-Lu|Spikes|p2a: Toxapex\n|-sidestart|p2: peepeepoopoo72|Spikes\n|move|p2a: Toxapex|Chilling Water|p1a: Ting-Lu\n|-supereffective|p1a: Ting-Lu\n|-damage|p1a: Ting-Lu|87\/100\n|-unboost|p1a: Ting-Lu|atk|1\n|\n|-heal|p1a: Ting-Lu|93\/100|[from] item: Leftovers\n|upkeep\n|turn|5\n|\n|t:|1700602165\n|move|p1a: Ting-Lu|Ruination|p2a: Toxapex\n|-damage|p2a: Toxapex|51\/100\n|move|p2a: Toxapex|Chilling Water|p1a: Ting-Lu\n|-supereffective|p1a: Ting-Lu\n|-crit|p1a: Ting-Lu\n|-damage|p1a: Ting-Lu|72\/100\n|-unboost|p1a: Ting-Lu|atk|1\n|\n|-heal|p1a: Ting-Lu|78\/100|[from] item: Leftovers\n|upkeep\n|turn|6\n|\n|t:|1700602175\n|switch|p1a: Goodra|Goodra-Hisui, M|100\/100\n|move|p2a: Toxapex|Chilling Water|p1a: Goodra\n|-resisted|p1a: Goodra\n|-damage|p1a: Goodra|97\/100\n|-unboost|p1a: Goodra|atk|1\n|\n|-heal|p1a: Goodra|100\/100|[from] item: Leftovers\n|upkeep\n|turn|7\n|\n|t:|1700602182\n|switch|p2a: Zapdos|Zapdos|100\/100\n|move|p1a: Goodra|Acid Armor|p1a: Goodra\n|-boost|p1a: Goodra|def|2\n|\n|upkeep\n|turn|8\n|\n|t:|1700602187\n|move|p2a: Zapdos|Discharge|p1a: Goodra\n|-resisted|p1a: Goodra\n|-damage|p1a: Goodra|88\/100\n|move|p1a: Goodra|Dragon Tail|p2a: Zapdos\n|-damage|p2a: Zapdos|85\/100\n|drag|p2a: Toxapex|Toxapex, M|84\/100\n|-damage|p2a: Toxapex|72\/100|[from] Stealth Rock\n|-damage|p2a: Toxapex|47\/100|[from] Spikes\n|\n|-heal|p1a: Goodra|94\/100|[from] item: Leftovers\n|upkeep\n|turn|9\n|\n|t:|1700602193\n|move|p2a: Toxapex|Recover|p2a: Toxapex\n|-heal|p2a: Toxapex|97\/100\n|move|p1a: Goodra|Dragon Tail|p2a: Toxapex\n|-damage|p2a: Toxapex|88\/100\n|drag|p2a: Ogerpon|Ogerpon-Wellspring, F|100\/100\n|-damage|p2a: Ogerpon|88\/100|[from] Stealth Rock\n|-damage|p2a: Ogerpon|63\/100|[from] Spikes\n|\n|-heal|p1a: Goodra|100\/100|[from] item: Leftovers\n|upkeep\n|turn|10\n|\n|t:|1700602200\n|move|p2a: Ogerpon|Spikes|p1a: Goodra\n|-sidestart|p1: groovythunder|Spikes\n|move|p1a: Goodra|Dragon Tail|p2a: Ogerpon\n|-damage|p2a: Ogerpon|46\/100\n|drag|p2a: Heatran|Heatran, M|100\/100\n|-damage|p2a: Heatran|88\/100|[from] Stealth Rock\n|-damage|p2a: Heatran|63\/100|[from] Spikes\n|\n|upkeep\n|turn|11\n|\n|t:|1700602205\n|move|p2a: Heatran|Earth Power|p1a: Goodra\n|-supereffective|p1a: Goodra\n|-damage|p1a: Goodra|32\/100\n|-unboost|p1a: Goodra|spd|1\n|move|p1a: Goodra|Body Press|p2a: Heatran\n|-supereffective|p2a: Heatran\n|-damage|p2a: Heatran|0 fnt\n|faint|p2a: Heatran\n|\n|-heal|p1a: Goodra|38\/100|[from] item: Leftovers\n|upkeep\n|\n|t:|1700602217\n|switch|p2a: Ogerpon|Ogerpon-Wellspring, F|46\/100\n|-damage|p2a: Ogerpon|34\/100|[from] Stealth Rock\n|-damage|p2a: Ogerpon|9\/100|[from] Spikes\n|turn|12\n|\n|t:|1700602223\n|move|p2a: Ogerpon|Encore|p1a: Goodra\n|-start|p1a: Goodra|Encore\n|move|p1a: Goodra|Body Press|p2a: Ogerpon\n|-damage|p2a: Ogerpon|0 fnt\n|faint|p2a: Ogerpon\n|\n|-heal|p1a: Goodra|44\/100|[from] item: Leftovers\n|upkeep\n|\n|t:|1700602232\n|switch|p2a: Gholdengo|Gholdengo|100\/100\n|-damage|p2a: Gholdengo|94\/100|[from] Stealth Rock\n|-item|p2a: Gholdengo|Air Balloon\n|turn|13\n|\n|t:|1700602247\n|switch|p1a: Corviknight|Corviknight, F|100\/100\n|-ability|p1a: Corviknight|Pressure\n|move|p2a: Gholdengo|Nasty Plot|p2a: Gholdengo\n|-boost|p2a: Gholdengo|spa|2\n|\n|upkeep\n|turn|14\n|\n|t:|1700602259\n|move|p2a: Gholdengo|Hex|p1a: Corviknight\n|-damage|p1a: Corviknight|25\/100\n|move|p1a: Corviknight|U-turn|p2a: Gholdengo\n|-resisted|p2a: Gholdengo\n|-damage|p2a: Gholdengo|91\/100\n|-enditem|p2a: Gholdengo|Air Balloon\n|\n|t:|1700602268\n|switch|p1a: Ting-Lu|Ting-Lu|78\/100|[from] U-turn\n|-status|p1a: Ting-Lu|tox\n|-damage|p1a: Ting-Lu|65\/100 tox|[from] Spikes\n|-ability|p1a: Ting-Lu|Vessel of Ruin\n|\n|-heal|p1a: Ting-Lu|72\/100 tox|[from] item: Leftovers\n|-damage|p1a: Ting-Lu|65\/100 tox|[from] psn\n|upkeep\n|turn|15\n|\n|t:|1700602272\n|move|p2a: Gholdengo|Make It Rain|p1a: Ting-Lu\n|-damage|p1a: Ting-Lu|0 fnt\n|-unboost|p2a: Gholdengo|spa|1\n|faint|p1a: Ting-Lu\n|\n|upkeep\n|\n|t:|1700602291\n|switch|p1a: Iron Valiant|Iron Valiant|100\/100\n|-status|p1a: Iron Valiant|tox\n|-damage|p1a: Iron Valiant|88\/100 tox|[from] Spikes\n|-enditem|p1a: Iron Valiant|Booster Energy\n|-activate|p1a: Iron Valiant|ability: Quark Drive|[fromitem]\n|-start|p1a: Iron Valiant|quarkdrivespe\n|turn|16\n|\n|t:|1700602295\n|move|p1a: Iron Valiant|Destiny Bond|p1a: Iron Valiant\n|-singlemove|p1a: Iron Valiant|Destiny Bond\n|move|p2a: Gholdengo|Hex|p1a: Iron Valiant\n|-damage|p1a: Iron Valiant|0 fnt\n|faint|p1a: Iron Valiant\n|-activate|p1a: Iron Valiant|move: Destiny Bond\n|-end|p1a: Iron Valiant|Quark Drive|[silent]\n|faint|p2a: Gholdengo\n|\n|upkeep\n|\n|t:|1700602308\n|switch|p1a: Gholdengo|Gholdengo|100\/100\n|switch|p2a: Zapdos|Zapdos|100\/100\n|-damage|p2a: Zapdos|88\/100|[from] Stealth Rock\n|-damage|p2a: Zapdos|63\/100|[from] Spikes\n|-item|p1a: Gholdengo|Air Balloon\n|turn|17\n|\n|t:|1700602316\n|move|p2a: Zapdos|Hex|p1a: Gholdengo\n|-supereffective|p1a: Gholdengo\n|-damage|p1a: Gholdengo|20\/100\n|-enditem|p1a: Gholdengo|Air Balloon\n|move|p1a: Gholdengo|Make It Rain|p2a: Zapdos\n|-damage|p2a: Zapdos|0 fnt\n|-unboost|p1a: Gholdengo|spa|1\n|replace|p2a: Zoroark|Zoroark-Hisui, F\n|-end|p2a: Zoroark|Illusion\n|faint|p2a: Zoroark\n|\n|upkeep\n|\n|t:|1700602322\n|switch|p2a: Zapdos|Zapdos|85\/100\n|turn|18\n|\n|t:|1700602326\n|move|p2a: Zapdos|Discharge|p1a: Gholdengo\n|-crit|p1a: Gholdengo\n|-damage|p1a: Gholdengo|0 fnt\n|faint|p1a: Gholdengo\n|\n|upkeep\n|\n|t:|1700602334\n|switch|p1a: Goodra|Goodra-Hisui, M|44\/100\n|-damage|p1a: Goodra|32\/100|[from] Spikes\n|turn|19\n|\n|t:|1700602340\n|move|p2a: Zapdos|Discharge|p1a: Goodra\n|-resisted|p1a: Goodra\n|-damage|p1a: Goodra|20\/100\n|-status|p1a: Goodra|par\n|move|p1a: Goodra|Dragon Tail|p2a: Zapdos\n|-damage|p2a: Zapdos|63\/100\n|drag|p2a: Toxapex|Toxapex, M|100\/100\n|-damage|p2a: Toxapex|88\/100|[from] Stealth Rock\n|-damage|p2a: Toxapex|64\/100|[from] Spikes\n|\n|-heal|p1a: Goodra|27\/100 par|[from] item: Leftovers\n|upkeep\n|turn|20\n|\n|t:|1700602351\n|move|p2a: Toxapex|Recover|p2a: Toxapex\n|-heal|p2a: Toxapex|100\/100\n|move|p1a: Goodra|Dragon Tail|p2a: Toxapex\n|-damage|p2a: Toxapex|87\/100\n|drag|p2a: Zapdos|Zapdos|63\/100\n|\n|-heal|p1a: Goodra|33\/100 par|[from] item: Leftovers\n|upkeep\n|turn|21\n|\n|t:|1700602354\n|move|p2a: Zapdos|Discharge|p1a: Goodra\n|-resisted|p1a: Goodra\n|-damage|p1a: Goodra|22\/100 par\n|move|p1a: Goodra|Dragon Tail|p2a: Zapdos\n|-damage|p2a: Zapdos|41\/100\n|drag|p2a: Toxapex|Toxapex, M|100\/100\n|-damage|p2a: Toxapex|88\/100|[from] Stealth Rock\n|-damage|p2a: Toxapex|64\/100|[from] Spikes\n|\n|-heal|p1a: Goodra|28\/100 par|[from] item: Leftovers\n|upkeep\n|turn|22\n|\n|t:|1700602360\n|move|p2a: Toxapex|Recover|p2a: Toxapex\n|-heal|p2a: Toxapex|100\/100\n|cant|p1a: Goodra|par\n|\n|-heal|p1a: Goodra|34\/100 par|[from] item: Leftovers\n|upkeep\n|turn|23\n|\n|t:|1700602365\n|move|p2a: Toxapex|Chilling Water|p1a: Goodra\n|-resisted|p1a: Goodra\n|-damage|p1a: Goodra|31\/100 par\n|-unboost|p1a: Goodra|atk|1\n|move|p1a: Goodra|Acid Armor|p1a: Goodra\n|-boost|p1a: Goodra|def|2\n|\n|-heal|p1a: Goodra|37\/100 par|[from] item: Leftovers\n|upkeep\n|turn|24\n|\n|t:|1700602369\n|move|p2a: Toxapex|Haze|p2a: Toxapex\n|-clearallboost\n|move|p1a: Goodra|Acid Armor|p1a: Goodra\n|-boost|p1a: Goodra|def|2\n|\n|-heal|p1a: Goodra|43\/100 par|[from] item: Leftovers\n|upkeep\n|turn|25\n|\n|t:|1700602371\n|move|p2a: Toxapex|Haze|p2a: Toxapex\n|-clearallboost\n|cant|p1a: Goodra|par\n|\n|-heal|p1a: Goodra|49\/100 par|[from] item: Leftovers\n|upkeep\n|turn|26\n|\n|t:|1700602374\n|move|p2a: Toxapex|Chilling Water|p1a: Goodra\n|-resisted|p1a: Goodra\n|-damage|p1a: Goodra|46\/100 par\n|-unboost|p1a: Goodra|atk|1\n|move|p1a: Goodra|Dragon Tail|p2a: Toxapex\n|-damage|p2a: Toxapex|93\/100\n|drag|p2a: Zapdos|Zapdos|41\/100\n|\n|-heal|p1a: Goodra|52\/100 par|[from] item: Leftovers\n|upkeep\n|turn|27\n|\n|t:|1700602378\n|move|p2a: Zapdos|Hurricane|p1a: Goodra|[miss]\n|-miss|p2a: Zapdos|p1a: Goodra\n|move|p1a: Goodra|Acid Armor|p1a: Goodra\n|-boost|p1a: Goodra|def|2\n|\n|-heal|p1a: Goodra|58\/100 par|[from] item: Leftovers\n|upkeep\n|turn|28\n|\n|t:|1700602383\n|move|p2a: Zapdos|Roost|p2a: Zapdos\n|-heal|p2a: Zapdos|91\/100\n|-singleturn|p2a: Zapdos|move: Roost\n|move|p1a: Goodra|Body Press|p2a: Zapdos\n|-damage|p2a: Zapdos|35\/100\n|\n|-heal|p1a: Goodra|64\/100 par|[from] item: Leftovers\n|upkeep\n|turn|29\n|\n|t:|1700602390\n|move|p2a: Zapdos|Roost|p2a: Zapdos\n|-heal|p2a: Zapdos|85\/100\n|-singleturn|p2a: Zapdos|move: Roost\n|move|p1a: Goodra|Body Press|p2a: Zapdos\n|-damage|p2a: Zapdos|33\/100\n|\n|-heal|p1a: Goodra|71\/100 par|[from] item: Leftovers\n|upkeep\n|turn|30\n|\n|t:|1700602393\n|move|p2a: Zapdos|Roost|p2a: Zapdos\n|-heal|p2a: Zapdos|84\/100\n|-singleturn|p2a: Zapdos|move: Roost\n|move|p1a: Goodra|Body Press|p2a: Zapdos\n|-damage|p2a: Zapdos|33\/100\n|\n|-heal|p1a: Goodra|77\/100 par|[from] item: Leftovers\n|upkeep\n|turn|31\n|\n|t:|1700602397\n|move|p2a: Zapdos|Roost|p2a: Zapdos\n|-heal|p2a: Zapdos|83\/100\n|-singleturn|p2a: Zapdos|move: Roost\n|move|p1a: Goodra|Body Press|p2a: Zapdos\n|-damage|p2a: Zapdos|27\/100\n|\n|-heal|p1a: Goodra|83\/100 par|[from] item: Leftovers\n|upkeep\n|turn|32\n|\n|t:|1700602403\n|move|p2a: Zapdos|Roost|p2a: Zapdos\n|-heal|p2a: Zapdos|78\/100\n|-singleturn|p2a: Zapdos|move: Roost\n|move|p1a: Goodra|Acid Armor|p1a: Goodra\n|-boost|p1a: Goodra|def|2\n|\n|-heal|p1a: Goodra|89\/100 par|[from] item: Leftovers\n|upkeep\n|turn|33\n|\n|t:|1700602405\n|move|p2a: Zapdos|Hurricane|p1a: Goodra|[miss]\n|-miss|p2a: Zapdos|p1a: Goodra\n|move|p1a: Goodra|Acid Armor|p1a: Goodra\n|-boost|p1a: Goodra|def|2\n|\n|-heal|p1a: Goodra|95\/100 par|[from] item: Leftovers\n|upkeep\n|turn|34\n|\n|t:|1700602407\n|move|p2a: Zapdos|Hurricane|p1a: Goodra\n|-resisted|p1a: Goodra\n|-damage|p1a: Goodra|79\/100 par\n|move|p1a: Goodra|Body Press|p2a: Zapdos\n|-resisted|p2a: Zapdos\n|-damage|p2a: Zapdos|29\/100\n|\n|-heal|p1a: Goodra|86\/100 par|[from] item: Leftovers\n|upkeep\n|turn|35\n|\n|t:|1700602412\n|move|p2a: Zapdos|Hurricane|p1a: Goodra\n|-resisted|p1a: Goodra\n|-damage|p1a: Goodra|71\/100 par\n|move|p1a: Goodra|Body Press|p2a: Zapdos\n|-resisted|p2a: Zapdos\n|-damage|p2a: Zapdos|0 fnt\n|faint|p2a: Zapdos\n|\n|-heal|p1a: Goodra|77\/100 par|[from] item: Leftovers\n|upkeep\n|\n|t:|1700602416\n|switch|p2a: Toxapex|Toxapex, M|100\/100\n|-damage|p2a: Toxapex|88\/100|[from] Stealth Rock\n|-damage|p2a: Toxapex|64\/100|[from] Spikes\n|turn|36\n|\n|t:|1700602418\n|move|p2a: Toxapex|Haze|p2a: Toxapex\n|-clearallboost\n|move|p1a: Goodra|Body Press|p2a: Toxapex\n|-resisted|p2a: Toxapex\n|-damage|p2a: Toxapex|56\/100\n|\n|-heal|p1a: Goodra|83\/100 par|[from] item: Leftovers\n|upkeep\n|turn|37\n|\n|t:|1700602426\n|move|p2a: Toxapex|Recover|p2a: Toxapex\n|-heal|p2a: Toxapex|100\/100\n|cant|p1a: Goodra|par\n|\n|-heal|p1a: Goodra|89\/100 par|[from] item: Leftovers\n|upkeep\n|turn|38\n|\n|t:|1700602431\n|move|p2a: Toxapex|Chilling Water|p1a: Goodra\n|-resisted|p1a: Goodra\n|-damage|p1a: Goodra|85\/100 par\n|-unboost|p1a: Goodra|atk|1\n|cant|p1a: Goodra|par\n|\n|-heal|p1a: Goodra|92\/100 par|[from] item: Leftovers\n|upkeep\n|turn|39\n|\n|t:|1700602435\n|move|p2a: Toxapex|Chilling Water|p1a: Goodra\n|-resisted|p1a: Goodra\n|-damage|p1a: Goodra|88\/100 par\n|-unboost|p1a: Goodra|atk|1\n|move|p1a: Goodra|Heavy Slam|p2a: Toxapex\n|-resisted|p2a: Toxapex\n|-damage|p2a: Toxapex|94\/100\n|\n|-heal|p1a: Goodra|94\/100 par|[from] item: Leftovers\n|upkeep\n|turn|40\n|\n|t:|1700602441\n|move|p2a: Toxapex|Chilling Water|p1a: Goodra\n|-resisted|p1a: Goodra\n|-crit|p1a: Goodra\n|-damage|p1a: Goodra|89\/100 par\n|-unboost|p1a: Goodra|atk|1\n|move|p1a: Goodra|Body Press|p2a: Toxapex\n|-resisted|p2a: Toxapex\n|-damage|p2a: Toxapex|86\/100\n|\n|-heal|p1a: Goodra|95\/100 par|[from] item: Leftovers\n|upkeep\n|turn|41\n|\n|t:|1700602444\n|move|p2a: Toxapex|Chilling Water|p1a: Goodra\n|-resisted|p1a: Goodra\n|-damage|p1a: Goodra|92\/100 par\n|-unboost|p1a: Goodra|atk|1\n|move|p1a: Goodra|Body Press|p2a: Toxapex\n|-resisted|p2a: Toxapex\n|-damage|p2a: Toxapex|79\/100\n|\n|-heal|p1a: Goodra|98\/100 par|[from] item: Leftovers\n|upkeep\n|turn|42\n|\n|t:|1700602454\n|move|p2a: Toxapex|Haze|p2a: Toxapex\n|-clearallboost\n|cant|p1a: Goodra|par\n|\n|-heal|p1a: Goodra|100\/100 par|[from] item: Leftovers\n|upkeep\n|turn|43\n|\n|t:|1700602457\n|move|p2a: Toxapex|Haze|p2a: Toxapex\n|-clearallboost\n|cant|p1a: Goodra|par\n|\n|upkeep\n|turn|44\n|\n|t:|1700602460\n|move|p2a: Toxapex|Chilling Water|p1a: Goodra\n|-resisted|p1a: Goodra\n|-damage|p1a: Goodra|97\/100 par\n|-unboost|p1a: Goodra|atk|1\n|move|p1a: Goodra|Acid Armor|p1a: Goodra\n|-boost|p1a: Goodra|def|2\n|\n|-heal|p1a: Goodra|100\/100 par|[from] item: Leftovers\n|upkeep\n|turn|45\n|\n|t:|1700602466\n|move|p2a: Toxapex|Haze|p2a: Toxapex\n|-clearallboost\n|move|p1a: Goodra|Acid Armor|p1a: Goodra\n|-boost|p1a: Goodra|def|2\n|\n|upkeep\n|turn|46\n|\n|t:|1700602468\n|move|p2a: Toxapex|Haze|p2a: Toxapex\n|-clearallboost\n|move|p1a: Goodra|Acid Armor|p1a: Goodra\n|-boost|p1a: Goodra|def|2\n|\n|upkeep\n|turn|47\n|\n|t:|1700602470\n|move|p2a: Toxapex|Haze|p2a: Toxapex\n|-clearallboost\n|move|p1a: Goodra|Acid Armor|p1a: Goodra\n|-boost|p1a: Goodra|def|2\n|\n|upkeep\n|turn|48\n|\n|t:|1700602476\n|move|p2a: Toxapex|Haze|p2a: Toxapex\n|-clearallboost\n|cant|p1a: Goodra|par\n|\n|upkeep\n|turn|49\n|\n|t:|1700602479\n|switch|p1a: Corviknight|Corviknight, F|25\/100\n|-ability|p1a: Corviknight|Pressure\n|move|p2a: Toxapex|Haze|p2a: Toxapex\n|-clearallboost\n|\n|upkeep\n|turn|50\n|\n|t:|1700602481\n|move|p1a: Corviknight|Roost|p1a: Corviknight\n|-heal|p1a: Corviknight|76\/100\n|-singleturn|p1a: Corviknight|move: Roost\n|move|p2a: Toxapex|Chilling Water|p1a: Corviknight\n|-damage|p1a: Corviknight|66\/100\n|-unboost|p1a: Corviknight|atk|1\n|\n|upkeep\n|turn|51\n|\n|t:|1700602484\n|move|p1a: Corviknight|Roost|p1a: Corviknight\n|-heal|p1a: Corviknight|100\/100\n|-singleturn|p1a: Corviknight|move: Roost\n|move|p2a: Toxapex|Chilling Water|p1a: Corviknight\n|-damage|p1a: Corviknight|91\/100\n|-unboost|p1a: Corviknight|atk|1\n|\n|upkeep\n|turn|52\n|\n|t:|1700602489\n|move|p1a: Corviknight|U-turn|p2a: Toxapex\n|-resisted|p2a: Toxapex\n|-damage|p2a: Toxapex|77\/100\n|\n|t:|1700602492\n|switch|p1a: Goodra|Goodra-Hisui, M|100\/100 par|[from] U-turn\n|-damage|p1a: Goodra|88\/100 par|[from] Spikes\n|move|p2a: Toxapex|Toxic Spikes||[still]\n|-fail|p2a: Toxapex\n|\n|-heal|p1a: Goodra|94\/100 par|[from] item: Leftovers\n|upkeep\n|turn|53\n|\n|t:|1700602497\n|move|p2a: Toxapex|Chilling Water|p1a: Goodra\n|-resisted|p1a: Goodra\n|-damage|p1a: Goodra|91\/100 par\n|-unboost|p1a: Goodra|atk|1\n|cant|p1a: Goodra|par\n|\n|-heal|p1a: Goodra|97\/100 par|[from] item: Leftovers\n|upkeep\n|turn|54\n|\n|t:|1700602501\n|move|p2a: Toxapex|Haze|p2a: Toxapex\n|-clearallboost\n|move|p1a: Goodra|Acid Armor|p1a: Goodra\n|-boost|p1a: Goodra|def|2\n|\n|-heal|p1a: Goodra|100\/100 par|[from] item: Leftovers\n|upkeep\n|turn|55\n|\n|t:|1700602504\n|move|p2a: Toxapex|Haze|p2a: Toxapex\n|-clearallboost\n|move|p1a: Goodra|Acid Armor|p1a: Goodra\n|-boost|p1a: Goodra|def|2\n|\n|upkeep\n|turn|56\n|\n|t:|1700602510\n|move|p2a: Toxapex|Haze|p2a: Toxapex\n|-clearallboost\n|cant|p1a: Goodra|par\n|\n|upkeep\n|turn|57\n|\n|t:|1700602512\n|move|p2a: Toxapex|Haze|p2a: Toxapex\n|-clearallboost\n|cant|p1a: Goodra|par\n|\n|upkeep\n|turn|58\n|-message|peepeepoopoo72 forfeited.\n|\n|win|groovythunder\n|raw|groovythunder's rating: 1340 &rarr; <strong>1366<\/strong><br \/>(+26 for winning)\n|raw|peepeepoopoo72's rating: 1449 &rarr; <strong>1423<\/strong><br \/>(-26 for losing)\n|l|\u2606peepeepoopoo72\n","uploadtime":1700602520,"views":7,"p1id":"groovythunder","p2id":"peepeepoopoo72","formatid":"gen9ou","rating":1366,"private":0,"password":""}