{"id":"gen9ou-1997192720","p1":"HornDrillHacker","p2":"lucrezia333","format":"[Gen 9] OU","log":"|j|\u2606HornDrillHacker\n|j|\u2606lucrezia333\n|t:|1700774057\n|gametype|singles\n|player|p1|HornDrillHacker|psychic-gen4|1307\n|player|p2|lucrezia333|lusamine-nihilego|1202\n|teamsize|p1|6\n|teamsize|p2|6\n|gen|9\n|tier|[Gen 9] OU\n|rated|\n|rule|Sleep Clause Mod: Limit one foe put to sleep\n|rule|Species Clause: Limit one of each Pok\u00e9mon\n|rule|OHKO Clause: OHKO moves are banned\n|rule|Evasion Items Clause: Evasion items are banned\n|rule|Evasion Moves Clause: Evasion moves are banned\n|rule|Endless Battle Clause: Forcing endless battles is banned\n|rule|HP Percentage Mod: HP is shown in percentages\n|clearpoke\n|poke|p1|Pelipper, M|\n|poke|p1|Zapdos|\n|poke|p1|Ogerpon-Wellspring, F|\n|poke|p1|Floatzel, F|\n|poke|p1|Quaquaval, M|\n|poke|p1|Greninja-*, M|\n|poke|p2|Meowscarada, M|\n|poke|p2|Torkoal, M|\n|poke|p2|Lilligant-Hisui, F|\n|poke|p2|Zapdos|\n|poke|p2|Skeledirge, F|\n|poke|p2|Great Tusk|\n|teampreview\n|inactive|Battle timer is ON: inactive players will automatically lose when time's up. (requested by lucrezia333)\n|inactive|HornDrillHacker has 120 seconds left.\n|j| flostuky\n|\n|t:|1700774103\n|start\n|switch|p1a: Ogerpon|Ogerpon-Wellspring, F|100\/100\n|switch|p2a: Zapdos|Zapdos|100\/100\n|turn|1\n|\n|t:|1700774116\n|switch|p1a: Zapdos|Zapdos|100\/100\n|move|p2a: Zapdos|Volt Switch|p1a: Zapdos\n|-damage|p1a: Zapdos|61\/100\n|\n|t:|1700774124\n|switch|p2a: Torkoal|Torkoal, M|100\/100|[from] Volt Switch\n|-weather|SunnyDay|[from] ability: Drought|[of] p2a: Torkoal\n|\n|-weather|SunnyDay|[upkeep]\n|upkeep\n|turn|2\n|\n|t:|1700774132\n|switch|p1a: Pelipper|Pelipper, M|100\/100\n|-weather|RainDance|[from] ability: Drizzle|[of] p1a: Pelipper\n|switch|p2a: Zapdos|Zapdos|100\/100\n|\n|-weather|RainDance|[upkeep]\n|upkeep\n|turn|3\n|\n|t:|1700774146\n|-terastallize|p1a: Pelipper|Ground\n|move|p2a: Zapdos|Volt Switch|p1a: Pelipper\n|-immune|p1a: Pelipper\n|move|p1a: Pelipper|U-turn|p2a: Zapdos\n|-resisted|p2a: Zapdos\n|-damage|p2a: Zapdos|96\/100\n|\n|t:|1700774152\n|switch|p1a: Floatzel|Floatzel, F|100\/100|[from] U-turn\n|\n|-weather|RainDance|[upkeep]\n|upkeep\n|turn|4\n|\n|t:|1700774160\n|move|p1a: Floatzel|Wave Crash|p2a: Zapdos\n|-damage|p2a: Zapdos|0 fnt\n|faint|p2a: Zapdos\n|-damage|p1a: Floatzel|62\/100|[from] Recoil\n|\n|-weather|RainDance|[upkeep]\n|upkeep\n|\n|t:|1700774162\n|switch|p2a: Torkoal|Torkoal, M|100\/100\n|-weather|SunnyDay|[from] ability: Drought|[of] p2a: Torkoal\n|turn|5\n|\n|t:|1700774172\n|switch|p1a: Pelipper|Pelipper, M, tera:Ground|100\/100\n|-weather|RainDance|[from] ability: Drizzle|[of] p1a: Pelipper\n|move|p2a: Torkoal|Shell Smash|p2a: Torkoal\n|-unboost|p2a: Torkoal|def|1\n|-unboost|p2a: Torkoal|spd|1\n|-boost|p2a: Torkoal|atk|2\n|-boost|p2a: Torkoal|spa|2\n|-boost|p2a: Torkoal|spe|2\n|-enditem|p2a: Torkoal|Eject Pack\n|\n|t:|1700774174\n|switch|p2a: Meowscarada|Meowscarada, M|100\/100\n|\n|-weather|RainDance|[upkeep]\n|upkeep\n|turn|6\n|\n|t:|1700774190\n|switch|p1a: Quaquaval|Quaquaval, M|100\/100\n|move|p2a: Meowscarada|Copycat|p2a: Meowscarada\n|-start|p2a: Meowscarada|typechange|Normal|[from] ability: Protean\n|move|p2a: Meowscarada|Shell Smash|p2a: Meowscarada|[from]move: Copycat\n|-unboost|p2a: Meowscarada|def|1\n|-unboost|p2a: Meowscarada|spd|1\n|-boost|p2a: Meowscarada|atk|2\n|-boost|p2a: Meowscarada|spa|2\n|-boost|p2a: Meowscarada|spe|2\n|\n|-weather|RainDance|[upkeep]\n|upkeep\n|turn|7\n|\n|t:|1700774203\n|-terastallize|p2a: Meowscarada|Ghost\n|move|p2a: Meowscarada|Tera Blast|p1a: Quaquaval|[anim] Tera Blast Ghost\n|-damage|p1a: Quaquaval|1\/100\n|move|p1a: Quaquaval|Close Combat|p2a: Meowscarada\n|-immune|p2a: Meowscarada\n|\n|-weather|RainDance|[upkeep]\n|upkeep\n|turn|8\n|\n|t:|1700774212\n|move|p2a: Meowscarada|Tera Blast|p1a: Quaquaval|[anim] Tera Blast Ghost\n|-damage|p1a: Quaquaval|0 fnt\n|faint|p1a: Quaquaval\n|\n|-weather|RainDance|[upkeep]\n|upkeep\n|c|\u2606HornDrillHacker|nice one\n|\n|t:|1700774229\n|switch|p1a: Ogerpon|Ogerpon-Wellspring, F|100\/100\n|turn|9\n|\n|t:|1700774236\n|move|p2a: Meowscarada|Tera Blast|p1a: Ogerpon|[anim] Tera Blast Ghost\n|-damage|p1a: Ogerpon|2\/100\n|move|p1a: Ogerpon|Ivy Cudgel|p2a: Meowscarada|[anim] Ivy Cudgel Water\n|-enditem|p2a: Meowscarada|Focus Sash\n|-damage|p2a: Meowscarada|1\/100\n|\n|-weather|RainDance|[upkeep]\n|upkeep\n|turn|10\n|\n|t:|1700774245\n|move|p2a: Meowscarada|Tera Blast|p1a: Ogerpon|[anim] Tera Blast Ghost\n|-damage|p1a: Ogerpon|0 fnt\n|faint|p1a: Ogerpon\n|\n|-weather|RainDance|[upkeep]\n|upkeep\n|\n|t:|1700774250\n|switch|p1a: Greninja|Greninja, M|100\/100\n|turn|11\n|\n|t:|1700774256\n|switch|p2a: Torkoal|Torkoal, M|100\/100\n|-weather|SunnyDay|[from] ability: Drought|[of] p2a: Torkoal\n|move|p1a: Greninja|Water Shuriken|p2a: Torkoal\n|-supereffective|p2a: Torkoal\n|-damage|p2a: Torkoal|94\/100\n|-supereffective|p2a: Torkoal\n|-damage|p2a: Torkoal|86\/100\n|-supereffective|p2a: Torkoal\n|-damage|p2a: Torkoal|79\/100\n|-supereffective|p2a: Torkoal\n|-damage|p2a: Torkoal|71\/100\n|-supereffective|p2a: Torkoal\n|-damage|p2a: Torkoal|64\/100\n|-hitcount|p2a: Torkoal|5\n|-damage|p1a: Greninja|91\/100|[from] item: Life Orb\n|\n|-weather|SunnyDay|[upkeep]\n|upkeep\n|turn|12\n|\n|t:|1700774272\n|switch|p1a: Pelipper|Pelipper, M, tera:Ground|100\/100\n|-weather|RainDance|[from] ability: Drizzle|[of] p1a: Pelipper\n|switch|p2a: Lilligant|Lilligant-Hisui, F|100\/100\n|\n|-weather|RainDance|[upkeep]\n|upkeep\n|turn|13\n|\n|t:|1700774280\n|move|p2a: Lilligant|Healing Wish|p2a: Lilligant\n|faint|p2a: Lilligant\n|move|p1a: Pelipper|Hurricane|p2: Lilligant|[notarget]\n|-fail|p1a: Pelipper\n|\n|-weather|RainDance|[upkeep]\n|upkeep\n|\n|t:|1700774284\n|switch|p2a: Meowscarada|Meowscarada, M, tera:Ghost|1\/100\n|-heal|p2a: Meowscarada|100\/100|[from] move: Healing Wish\n|turn|14\n|\n|t:|1700774292\n|move|p2a: Meowscarada|Knock Off|p1a: Pelipper\n|-damage|p1a: Pelipper|52\/100\n|-enditem|p1a: Pelipper|Damp Rock|[from] move: Knock Off|[of] p2a: Meowscarada\n|move|p1a: Pelipper|Hurricane|p2a: Meowscarada\n|-damage|p2a: Meowscarada|27\/100\n|\n|-weather|RainDance|[upkeep]\n|upkeep\n|turn|15\n|\n|t:|1700774299\n|switch|p2a: Torkoal|Torkoal, M|64\/100\n|-weather|SunnyDay|[from] ability: Drought|[of] p2a: Torkoal\n|move|p1a: Pelipper|Hurricane|p2a: Torkoal|[miss]\n|-miss|p1a: Pelipper|p2a: Torkoal\n|\n|-weather|SunnyDay|[upkeep]\n|upkeep\n|turn|16\n|\n|t:|1700774309\n|switch|p1a: Zapdos|Zapdos|61\/100\n|move|p2a: Torkoal|Stealth Rock|p1a: Zapdos\n|-sidestart|p1: HornDrillHacker|move: Stealth Rock\n|\n|-weather|SunnyDay|[upkeep]\n|upkeep\n|turn|17\n|\n|t:|1700774320\n|switch|p2a: Great Tusk|Great Tusk|100\/100\n|-activate|p2a: Great Tusk|ability: Protosynthesis\n|-start|p2a: Great Tusk|protosynthesisatk\n|move|p1a: Zapdos|Roost|p1a: Zapdos\n|-heal|p1a: Zapdos|100\/100\n|-singleturn|p1a: Zapdos|move: Roost\n|\n|-weather|SunnyDay|[upkeep]\n|upkeep\n|turn|18\n|\n|t:|1700774330\n|-end|p2a: Great Tusk|Protosynthesis|[silent]\n|switch|p2a: Meowscarada|Meowscarada, M, tera:Ghost|27\/100\n|move|p1a: Zapdos|Rain Dance|p1a: Zapdos\n|-weather|RainDance\n|\n|-weather|RainDance|[upkeep]\n|upkeep\n|turn|19\n|\n|t:|1700774337\n|move|p2a: Meowscarada|Knock Off|p1a: Zapdos\n|-damage|p1a: Zapdos|52\/100\n|-enditem|p1a: Zapdos|Damp Rock|[from] move: Knock Off|[of] p2a: Meowscarada\n|move|p1a: Zapdos|Hurricane|p2a: Meowscarada\n|-damage|p2a: Meowscarada|0 fnt\n|faint|p2a: Meowscarada\n|\n|-weather|RainDance|[upkeep]\n|upkeep\n|\n|t:|1700774339\n|switch|p2a: Torkoal|Torkoal, M|64\/100\n|-weather|SunnyDay|[from] ability: Drought|[of] p2a: Torkoal\n|turn|20\n|\n|t:|1700774347\n|move|p1a: Zapdos|Rain Dance|p1a: Zapdos\n|-weather|RainDance\n|move|p2a: Torkoal|Lava Plume|p1a: Zapdos\n|-damage|p1a: Zapdos|42\/100\n|-status|p1a: Zapdos|brn\n|\n|-weather|RainDance|[upkeep]\n|-damage|p1a: Zapdos|36\/100 brn|[from] brn\n|upkeep\n|turn|21\n|\n|t:|1700774357\n|switch|p2a: Skeledirge|Skeledirge, F|100\/100\n|move|p1a: Zapdos|Hurricane|p2a: Skeledirge\n|-damage|p2a: Skeledirge|57\/100\n|\n|-weather|RainDance|[upkeep]\n|-damage|p1a: Zapdos|30\/100 brn|[from] brn\n|upkeep\n|turn|22\n|\n|t:|1700774364\n|move|p1a: Zapdos|Roost|p1a: Zapdos\n|-heal|p1a: Zapdos|80\/100 brn\n|-singleturn|p1a: Zapdos|move: Roost\n|move|p2a: Skeledirge|Slack Off|p2a: Skeledirge\n|-heal|p2a: Skeledirge|100\/100\n|\n|-weather|RainDance|[upkeep]\n|-damage|p1a: Zapdos|74\/100 brn|[from] brn\n|upkeep\n|turn|23\n|\n|t:|1700774375\n|move|p1a: Zapdos|Roost|p1a: Zapdos\n|-heal|p1a: Zapdos|100\/100 brn\n|-singleturn|p1a: Zapdos|move: Roost\n|move|p2a: Skeledirge|Hex|p1a: Zapdos\n|-damage|p1a: Zapdos|51\/100 brn\n|\n|-weather|RainDance|[upkeep]\n|-damage|p1a: Zapdos|45\/100 brn|[from] brn\n|upkeep\n|turn|24\n|\n|t:|1700774384\n|switch|p1a: Greninja|Greninja, M|91\/100\n|-damage|p1a: Greninja|78\/100|[from] Stealth Rock\n|move|p2a: Skeledirge|Hex|p1a: Greninja\n|-resisted|p1a: Greninja\n|-damage|p1a: Greninja|59\/100\n|\n|-weather|none\n|upkeep\n|turn|25\n|\n|t:|1700774393\n|switch|p2a: Torkoal|Torkoal, M|64\/100\n|-weather|SunnyDay|[from] ability: Drought|[of] p2a: Torkoal\n|move|p1a: Greninja|Surf|p2a: Torkoal\n|-supereffective|p2a: Torkoal\n|-damage|p2a: Torkoal|16\/100\n|-damage|p1a: Greninja|50\/100|[from] item: Life Orb\n|\n|-weather|SunnyDay|[upkeep]\n|upkeep\n|turn|26\n|\n|t:|1700774402\n|move|p1a: Greninja|Surf|p2a: Torkoal\n|-supereffective|p2a: Torkoal\n|-damage|p2a: Torkoal|0 fnt\n|faint|p2a: Torkoal\n|-ability|p1a: Greninja|Battle Bond|boost\n|-boost|p1a: Greninja|atk|1\n|-boost|p1a: Greninja|spa|1\n|-boost|p1a: Greninja|spe|1\n|-activate|p1a: Greninja|ability: Battle Bond\n|-damage|p1a: Greninja|40\/100|[from] item: Life Orb\n|\n|-weather|SunnyDay|[upkeep]\n|upkeep\n|\n|t:|1700774404\n|switch|p2a: Skeledirge|Skeledirge, F|100\/100\n|turn|27\n|inactive|HornDrillHacker has 120 seconds left.\n|\n|t:|1700774437\n|move|p1a: Greninja|Dark Pulse|p2a: Skeledirge\n|-supereffective|p2a: Skeledirge\n|-damage|p2a: Skeledirge|38\/100\n|-damage|p1a: Greninja|30\/100|[from] item: Life Orb\n|cant|p2a: Skeledirge|flinch\n|\n|-weather|SunnyDay|[upkeep]\n|upkeep\n|turn|28\n|\n|t:|1700774448\n|move|p1a: Greninja|Dark Pulse|p2a: Skeledirge\n|-supereffective|p2a: Skeledirge\n|-damage|p2a: Skeledirge|0 fnt\n|faint|p2a: Skeledirge\n|-damage|p1a: Greninja|20\/100|[from] item: Life Orb\n|\n|-weather|SunnyDay|[upkeep]\n|upkeep\n|\n|t:|1700774449\n|switch|p2a: Great Tusk|Great Tusk|100\/100\n|-activate|p2a: Great Tusk|ability: Protosynthesis\n|-start|p2a: Great Tusk|protosynthesisatk\n|turn|29\n|\n|t:|1700774457\n|move|p1a: Greninja|Ice Beam|p2a: Great Tusk\n|-supereffective|p2a: Great Tusk\n|-damage|p2a: Great Tusk|0 fnt\n|faint|p2a: Great Tusk\n|-end|p2a: Great Tusk|Protosynthesis|[silent]\n|-damage|p1a: Greninja|10\/100|[from] item: Life Orb\n|\n|win|HornDrillHacker\n|raw|HornDrillHacker's rating: 1307 &rarr; <strong>1321<\/strong><br \/>(+14 for winning)\n|raw|lucrezia333's rating: 1202 &rarr; <strong>1184<\/strong><br \/>(-18 for losing)\n|c|\u2606HornDrillHacker|gg\n|l|\u2606lucrezia333\n|l| flostuky\n","uploadtime":1700774468,"views":10,"p1id":"horndrillhacker","p2id":"lucrezia333","formatid":"gen9ou","rating":1184,"private":0,"password":""}