{"id":"gen9ou-1993850566","p1":"Real_Shylm","p2":"skawa","format":"[Gen 9] OU","log":"|j|\u2606Real_Shylm\n|j|\u2606skawa\n|t:|1700365170\n|gametype|singles\n|player|p1|Real_Shylm|juan|\n|player|p2|skawa|giovanni|\n|teamsize|p1|6\n|teamsize|p2|6\n|gen|9\n|tier|[Gen 9] OU\n|rule|Sleep Clause Mod: Limit one foe put to sleep\n|rule|Species Clause: Limit one of each Pok\u00e9mon\n|rule|OHKO Clause: OHKO moves are banned\n|rule|Evasion Items Clause: Evasion items are banned\n|rule|Evasion Moves Clause: Evasion moves are banned\n|rule|Endless Battle Clause: Forcing endless battles is banned\n|rule|HP Percentage Mod: HP is shown in percentages\n|clearpoke\n|poke|p1|Kingambit, M|\n|poke|p1|Walking Wake|\n|poke|p1|Torkoal, M|\n|poke|p1|Glimmora, F|\n|poke|p1|Clefable, F|\n|poke|p1|Articuno-Galar|\n|poke|p2|Toxapex, F|\n|poke|p2|Jirachi|\n|poke|p2|Sableye, M|\n|poke|p2|Dragonite, F|\n|poke|p2|Rotom-Wash|\n|poke|p2|Hoopa-Unbound|\n|teampreview\n|c|\u2606skawa|less go\n|c|\u2606skawa|should we wait for the others to join\n|c|\u2606Real_Shylm|Maybe?\n|\n|t:|1700365219\n|start\n|switch|p1a: Mr. Rock Festival|Torkoal, M|100\/100\n|switch|p2a: Dragonite|Dragonite, F|100\/100\n|-weather|SunnyDay|[from] ability: Drought|[of] p1a: Mr. Rock Festival\n|turn|1\n|\n|t:|1700365226\n|move|p2a: Dragonite|Earthquake|p1a: Mr. Rock Festival\n|-supereffective|p1a: Mr. Rock Festival\n|-damage|p1a: Mr. Rock Festival|51\/100\n|move|p1a: Mr. Rock Festival|Yawn|p2a: Dragonite\n|-start|p2a: Dragonite|move: Yawn|[of] p1a: Mr. Rock Festival\n|\n|-weather|SunnyDay|[upkeep]\n|upkeep\n|turn|2\n|\n|t:|1700365239\n|switch|p2a: Hoopa|Hoopa-Unbound|100\/100\n|switch|p1a: 50 000 Gold Coins|Glimmora, F|100\/100\n|\n|-weather|SunnyDay|[upkeep]\n|upkeep\n|turn|3\n|\n|t:|1700365245\n|move|p1a: 50 000 Gold Coins|Dazzling Gleam|p2a: Hoopa\n|-supereffective|p2a: Hoopa\n|-damage|p2a: Hoopa|73\/100\n|move|p2a: Hoopa|Psychic|p1a: 50 000 Gold Coins\n|-supereffective|p1a: 50 000 Gold Coins\n|-enditem|p1a: 50 000 Gold Coins|Focus Sash\n|-damage|p1a: 50 000 Gold Coins|1\/100\n|\n|-weather|SunnyDay|[upkeep]\n|upkeep\n|turn|4\n|\n|t:|1700365253\n|move|p1a: 50 000 Gold Coins|Stealth Rock|p2a: Hoopa\n|-sidestart|p2: skawa|move: Stealth Rock\n|move|p2a: Hoopa|Psychic|p1a: 50 000 Gold Coins\n|-supereffective|p1a: 50 000 Gold Coins\n|-damage|p1a: 50 000 Gold Coins|0 fnt\n|faint|p1a: 50 000 Gold Coins\n|\n|-weather|SunnyDay|[upkeep]\n|upkeep\n|\n|t:|1700365258\n|switch|p1a: 12 Eyes!Fun Times!|Walking Wake|100\/100\n|-activate|p1a: 12 Eyes!Fun Times!|ability: Protosynthesis\n|-start|p1a: 12 Eyes!Fun Times!|protosynthesisspe\n|turn|5\n|\n|t:|1700365277\n|move|p1a: 12 Eyes!Fun Times!|Hydro Steam|p2a: Hoopa\n|-damage|p2a: Hoopa|26\/100\n|move|p2a: Hoopa|Hyperspace Fury|p1a: 12 Eyes!Fun Times!\n|-damage|p1a: 12 Eyes!Fun Times!|35\/100\n|-unboost|p2a: Hoopa|def|1\n|\n|-weather|SunnyDay|[upkeep]\n|upkeep\n|turn|6\n|\n|t:|1700365285\n|switch|p2a: The wash|Rotom-Wash, shiny|100\/100\n|-damage|p2a: The wash|88\/100|[from] Stealth Rock\n|move|p1a: 12 Eyes!Fun Times!|Hydro Steam|p2a: The wash\n|-resisted|p2a: The wash\n|-damage|p2a: The wash|48\/100\n|\n|-weather|SunnyDay|[upkeep]\n|-heal|p2a: The wash|54\/100|[from] item: Leftovers\n|upkeep\n|turn|7\n|\n|t:|1700365301\n|-terastallize|p1a: 12 Eyes!Fun Times!|Water\n|move|p2a: The wash|Protect|p2a: The wash\n|-singleturn|p2a: The wash|Protect\n|move|p1a: 12 Eyes!Fun Times!|Hydro Steam|p2a: The wash\n|-activate|p2a: The wash|move: Protect\n|\n|-weather|SunnyDay|[upkeep]\n|-heal|p2a: The wash|60\/100|[from] item: Leftovers\n|upkeep\n|turn|8\n|\n|t:|1700365304\n|move|p1a: 12 Eyes!Fun Times!|Hydro Steam|p2a: The wash\n|-resisted|p2a: The wash\n|-damage|p2a: The wash|6\/100\n|move|p2a: The wash|Discharge|p1a: 12 Eyes!Fun Times!\n|-supereffective|p1a: 12 Eyes!Fun Times!\n|-damage|p1a: 12 Eyes!Fun Times!|0 fnt\n|faint|p1a: 12 Eyes!Fun Times!\n|-end|p1a: 12 Eyes!Fun Times!|Protosynthesis|[silent]\n|\n|-weather|none\n|-heal|p2a: The wash|12\/100|[from] item: Leftovers\n|upkeep\n|c|\u2606Real_Shylm|Huh???\n|c|\u2606skawa|whuh\n|\n|t:|1700365334\n|switch|p1a: BoltBeamEnthusiast|Clefable, F|100\/100\n|turn|9\n|c|\u2606skawa|what happened\n|c|\u2606Real_Shylm|How did that not kill\n|\n|t:|1700365352\n|move|p2a: The wash|Discharge|p1a: BoltBeamEnthusiast\n|-damage|p1a: BoltBeamEnthusiast|78\/100\n|move|p1a: BoltBeamEnthusiast|Moonblast|p2a: The wash\n|-damage|p2a: The wash|0 fnt\n|faint|p2a: The wash\n|\n|-heal|p1a: BoltBeamEnthusiast|84\/100|[from] item: Leftovers\n|upkeep\n|\n|t:|1700365359\n|switch|p2a: Hoopa|Hoopa-Unbound|26\/100\n|-damage|p2a: Hoopa|13\/100|[from] Stealth Rock\n|turn|10\n|\n|t:|1700365365\n|move|p2a: Hoopa|Gunk Shot|p1a: BoltBeamEnthusiast|[miss]\n|-miss|p2a: Hoopa|p1a: BoltBeamEnthusiast\n|move|p1a: BoltBeamEnthusiast|Moonblast|p2a: Hoopa\n|-supereffective|p2a: Hoopa\n|-damage|p2a: Hoopa|0 fnt\n|faint|p2a: Hoopa\n|\n|-heal|p1a: BoltBeamEnthusiast|90\/100|[from] item: Leftovers\n|upkeep\n|\n|t:|1700365373\n|switch|p2a: The guy|Jirachi, shiny|100\/100\n|-damage|p2a: The guy|94\/100|[from] Stealth Rock\n|turn|11\n|\n|t:|1700365380\n|move|p2a: The guy|Iron Head|p1a: BoltBeamEnthusiast\n|-supereffective|p1a: BoltBeamEnthusiast\n|-damage|p1a: BoltBeamEnthusiast|23\/100\n|move|p1a: BoltBeamEnthusiast|Flamethrower|p2a: The guy\n|-supereffective|p2a: The guy\n|-crit|p2a: The guy\n|-damage|p2a: The guy|39\/100\n|\n|-heal|p1a: BoltBeamEnthusiast|29\/100|[from] item: Leftovers\n|upkeep\n|turn|12\n|\n|t:|1700365397\n|move|p2a: The guy|Iron Head|p1a: BoltBeamEnthusiast\n|-supereffective|p1a: BoltBeamEnthusiast\n|-damage|p1a: BoltBeamEnthusiast|0 fnt\n|faint|p1a: BoltBeamEnthusiast\n|\n|upkeep\n|\n|t:|1700365402\n|switch|p1a: The Snoozer|Articuno-Galar|100\/100\n|turn|13\n|\n|t:|1700365411\n|switch|p2a: Sableye|Sableye, M|100\/100\n|-damage|p2a: Sableye|88\/100|[from] Stealth Rock\n|move|p1a: The Snoozer|Shadow Ball|p2a: Sableye\n|-crit|p2a: Sableye\n|-damage|p2a: Sableye|42\/100\n|\n|-heal|p2a: Sableye|48\/100|[from] item: Leftovers\n|upkeep\n|turn|14\n|c|\u2606skawa|cool it down with the crits\n|\n|t:|1700365430\n|move|p1a: The Snoozer|Calm Mind|p1a: The Snoozer\n|-boost|p1a: The Snoozer|spa|1\n|-boost|p1a: The Snoozer|spd|1\n|move|p2a: Sableye|Knock Off|p1a: The Snoozer\n|-supereffective|p1a: The Snoozer\n|-damage|p1a: The Snoozer|49\/100\n|-enditem|p1a: The Snoozer|Leftovers|[from] move: Knock Off|[of] p2a: Sableye\n|\n|-heal|p2a: Sableye|54\/100|[from] item: Leftovers\n|upkeep\n|turn|15\n|\n|t:|1700365438\n|move|p2a: Sableye|Thunder Wave|p1a: The Snoozer|[miss]\n|-miss|p2a: Sableye|p1a: The Snoozer\n|move|p1a: The Snoozer|Agility|p1a: The Snoozer\n|-boost|p1a: The Snoozer|spe|2\n|\n|-heal|p2a: Sableye|60\/100|[from] item: Leftovers\n|upkeep\n|turn|16\n|\n|t:|1700365441\n|move|p2a: Sableye|Thunder Wave|p1a: The Snoozer\n|-status|p1a: The Snoozer|par\n|move|p1a: The Snoozer|Shadow Ball|p2a: Sableye\n|-damage|p2a: Sableye|15\/100\n|\n|-heal|p2a: Sableye|21\/100|[from] item: Leftovers\n|upkeep\n|turn|17\n|\n|t:|1700365451\n|move|p1a: The Snoozer|Shadow Ball|p2a: Sableye\n|-damage|p2a: Sableye|0 fnt\n|faint|p2a: Sableye\n|\n|upkeep\n|c|\u2606Real_Shylm|Bro please\n|\n|t:|1700365453\n|switch|p2a: Dragonite|Dragonite, F|100\/100\n|turn|18\n|\n|t:|1700365462\n|-terastallize|p2a: Dragonite|Normal\n|move|p1a: The Snoozer|Stored Power|p2a: Dragonite\n|-damage|p2a: Dragonite|62\/100\n|move|p2a: Dragonite|Dragon Dance|p2a: Dragonite\n|-boost|p2a: Dragonite|atk|1\n|-boost|p2a: Dragonite|spe|1\n|\n|upkeep\n|turn|19\n|\n|t:|1700365469\n|move|p2a: Dragonite|Extreme Speed|p1a: The Snoozer\n|-damage|p1a: The Snoozer|0 fnt\n|faint|p1a: The Snoozer\n|\n|upkeep\n|\n|t:|1700365476\n|switch|p1a: Backshot Purple|Kingambit, M|100\/100\n|-activate|p1a: Backshot Purple|ability: Supreme Overlord\n|-start|p1a: Backshot Purple|fallen4|[silent]\n|turn|20\n|c|\u2606skawa|whuh\n|\n|t:|1700365503\n|move|p2a: Dragonite|Earthquake|p1a: Backshot Purple\n|-supereffective|p1a: Backshot Purple\n|-damage|p1a: Backshot Purple|13\/100\n|move|p1a: Backshot Purple|Kowtow Cleave|p2a: Dragonite\n|-damage|p2a: Dragonite|0 fnt\n|faint|p2a: Dragonite\n|\n|upkeep\n|\n|t:|1700365510\n|switch|p2a: The guy|Jirachi, shiny|39\/100\n|-damage|p2a: The guy|32\/100|[from] Stealth Rock\n|turn|21\n|\n|t:|1700365517\n|move|p1a: Backshot Purple|Sucker Punch|p2a: The guy\n|-supereffective|p2a: The guy\n|-damage|p2a: The guy|0 fnt\n|faint|p2a: The guy\n|\n|upkeep\n|\n|t:|1700365519\n|switch|p2a: The pex|Toxapex, F, shiny|100\/100\n|-damage|p2a: The pex|88\/100|[from] Stealth Rock\n|turn|22\n|\n|t:|1700365531\n|move|p1a: Backshot Purple|Kowtow Cleave|p2a: The pex\n|-damage|p2a: The pex|32\/100\n|move|p2a: The pex|Surf|p1a: Backshot Purple\n|-damage|p1a: Backshot Purple|0 fnt\n|faint|p1a: Backshot Purple\n|-end|p1a: Backshot Purple|fallen4|[silent]\n|\n|-heal|p2a: The pex|39\/100|[from] item: Leftovers\n|upkeep\n|\n|t:|1700365536\n|switch|p1a: Mr. Rock Festival|Torkoal, M|51\/100\n|-weather|SunnyDay|[from] ability: Drought|[of] p1a: Mr. Rock Festival\n|turn|23\n|\n|t:|1700365540\n|move|p2a: The pex|Recover|p2a: The pex\n|-heal|p2a: The pex|89\/100\n|move|p1a: Mr. Rock Festival|Yawn|p2a: The pex\n|-start|p2a: The pex|move: Yawn|[of] p1a: Mr. Rock Festival\n|\n|-weather|SunnyDay|[upkeep]\n|-heal|p2a: The pex|95\/100|[from] item: Leftovers\n|upkeep\n|turn|24\n|\n|t:|1700365546\n|move|p2a: The pex|Surf|p1a: Mr. Rock Festival\n|-supereffective|p1a: Mr. Rock Festival\n|-damage|p1a: Mr. Rock Festival|25\/100\n|move|p1a: Mr. Rock Festival|Solar Beam||[still]\n|-prepare|p1a: Mr. Rock Festival|Solar Beam\n|-anim|p1a: Mr. Rock Festival|Solar Beam|p2a: The pex\n|-damage|p2a: The pex|73\/100\n|\n|-weather|SunnyDay|[upkeep]\n|-heal|p2a: The pex|79\/100|[from] item: Leftovers\n|-end|p2a: The pex|move: Yawn|[silent]\n|-status|p2a: The pex|slp\n|upkeep\n|turn|25\n|\n|t:|1700365549\n|cant|p2a: The pex|slp\n|move|p1a: Mr. Rock Festival|Solar Beam||[still]\n|-prepare|p1a: Mr. Rock Festival|Solar Beam\n|-anim|p1a: Mr. Rock Festival|Solar Beam|p2a: The pex\n|-damage|p2a: The pex|59\/100 slp\n|\n|-weather|SunnyDay|[upkeep]\n|-heal|p2a: The pex|66\/100 slp|[from] item: Leftovers\n|upkeep\n|turn|26\n|\n|t:|1700365554\n|-curestatus|p2a: The pex|slp|[msg]\n|move|p2a: The pex|Surf|p1a: Mr. Rock Festival\n|-supereffective|p1a: Mr. Rock Festival\n|-damage|p1a: Mr. Rock Festival|0 fnt\n|faint|p1a: Mr. Rock Festival\n|\n|win|skawa\n|c|\u2606skawa|gg wppwp\n|c|\u2606Real_Shylm|gg\n|l|\u2606Real_Shylm\n","uploadtime":1700365566,"views":22,"p1id":"realshylm","p2id":"skawa","formatid":"gen9ou","rating":0,"private":0,"password":""}