{"id":"gen9ou-1989412171","p1":"wooloo supremacy","p2":"mcp3","format":"[Gen 9] OU","log":"|j|\u2606wooloo supremacy\n|j|\u2606mcp3\n|t:|1699846899\n|gametype|singles\n|player|p1|wooloo supremacy|adaman|1684\n|player|p2|mcp3|sage|1687\n|teamsize|p1|6\n|teamsize|p2|6\n|gen|9\n|tier|[Gen 9] OU\n|rated|\n|rule|Sleep Clause Mod: Limit one foe put to sleep\n|rule|Species Clause: Limit one of each Pok\u00e9mon\n|rule|OHKO Clause: OHKO moves are banned\n|rule|Evasion Items Clause: Evasion items are banned\n|rule|Evasion Moves Clause: Evasion moves are banned\n|rule|Endless Battle Clause: Forcing endless battles is banned\n|rule|HP Percentage Mod: HP is shown in percentages\n|clearpoke\n|poke|p1|Great Tusk|\n|poke|p1|Hatterene, F|\n|poke|p1|Dondozo, M|\n|poke|p1|Mandibuzz, F|\n|poke|p1|Heatran, F|\n|poke|p1|Dragapult, M|\n|poke|p2|Ting-Lu|\n|poke|p2|Cinderace, M|\n|poke|p2|Slowking-Galar, F|\n|poke|p2|Iron Valiant|\n|poke|p2|Zapdos|\n|poke|p2|Sneasler, F|\n|teampreview\n|inactive|Battle timer is ON: inactive players will automatically lose when time's up. (requested by wooloo supremacy)\n|j| FrankTivs\n|\n|t:|1699846921\n|start\n|switch|p1a: Heatran|Heatran, F|100\/100\n|switch|p2a: Zapdos|Zapdos|100\/100\n|turn|1\n|j| Weavile1997\n|\n|t:|1699846929\n|move|p2a: Zapdos|Thunder Wave|p1a: Heatran\n|-status|p1a: Heatran|par\n|move|p1a: Heatran|Magma Storm|p2a: Zapdos\n|-damage|p2a: Zapdos|62\/100\n|-activate|p2a: Zapdos|move: Magma Storm|[of] p1a: Heatran\n|\n|-damage|p2a: Zapdos|49\/100|[from] move: Magma Storm|[partiallytrapped]\n|upkeep\n|turn|2\n|\n|t:|1699846937\n|move|p2a: Zapdos|Roost|p2a: Zapdos\n|-heal|p2a: Zapdos|99\/100\n|-singleturn|p2a: Zapdos|move: Roost\n|move|p1a: Heatran|Earth Power|p2a: Zapdos\n|-supereffective|p2a: Zapdos\n|-damage|p2a: Zapdos|46\/100\n|\n|-damage|p2a: Zapdos|34\/100|[from] move: Magma Storm|[partiallytrapped]\n|upkeep\n|turn|3\n|\n|t:|1699846945\n|move|p2a: Zapdos|Roost|p2a: Zapdos\n|-heal|p2a: Zapdos|84\/100\n|-singleturn|p2a: Zapdos|move: Roost\n|move|p1a: Heatran|Magma Storm|p2a: Zapdos\n|-damage|p2a: Zapdos|41\/100\n|\n|-damage|p2a: Zapdos|28\/100|[from] move: Magma Storm|[partiallytrapped]\n|upkeep\n|turn|4\n|\n|t:|1699846954\n|move|p2a: Zapdos|Roost|p2a: Zapdos\n|-heal|p2a: Zapdos|78\/100\n|-singleturn|p2a: Zapdos|move: Roost\n|move|p1a: Heatran|Earth Power|p2a: Zapdos\n|-supereffective|p2a: Zapdos\n|-damage|p2a: Zapdos|23\/100\n|\n|-damage|p2a: Zapdos|11\/100|[from] move: Magma Storm|[partiallytrapped]\n|upkeep\n|turn|5\n|\n|t:|1699846961\n|move|p2a: Zapdos|Roost|p2a: Zapdos\n|-heal|p2a: Zapdos|61\/100\n|-singleturn|p2a: Zapdos|move: Roost\n|cant|p1a: Heatran|par\n|\n|-end|p2a: Zapdos|Magma Storm|[partiallytrapped]\n|upkeep\n|turn|6\n|\n|t:|1699846969\n|move|p2a: Zapdos|Volt Switch|p1a: Heatran\n|-damage|p1a: Heatran|82\/100 par\n|\n|t:|1699846971\n|switch|p2a: Ting-Lu|Ting-Lu|100\/100|[from] Volt Switch\n|-ability|p2a: Ting-Lu|Vessel of Ruin\n|move|p1a: Heatran|Magma Storm|p2a: Ting-Lu|[miss]\n|-miss|p1a: Heatran|p2a: Ting-Lu\n|\n|-heal|p1a: Heatran|88\/100 par|[from] item: Leftovers\n|upkeep\n|turn|7\n|\n|t:|1699846978\n|switch|p1a: Mandibuzz|Mandibuzz, F|100\/100\n|move|p2a: Ting-Lu|Earthquake|p1a: Mandibuzz\n|-immune|p1a: Mandibuzz\n|\n|upkeep\n|turn|8\n|\n|t:|1699846994\n|switch|p2a: Iron Valiant|Iron Valiant|100\/100\n|-enditem|p2a: Iron Valiant|Booster Energy\n|-activate|p2a: Iron Valiant|ability: Quark Drive|[fromitem]\n|-start|p2a: Iron Valiant|quarkdrivespe\n|move|p1a: Mandibuzz|U-turn|p2a: Iron Valiant\n|-resisted|p2a: Iron Valiant\n|-damage|p2a: Iron Valiant|97\/100\n|\n|t:|1699847006\n|switch|p1a: Hatterene|Hatterene, F|100\/100|[from] U-turn\n|\n|upkeep\n|turn|9\n|\n|t:|1699847013\n|-end|p2a: Iron Valiant|Quark Drive|[silent]\n|switch|p2a: Ting-Lu|Ting-Lu|100\/100\n|-ability|p2a: Ting-Lu|Vessel of Ruin\n|move|p1a: Hatterene|Nuzzle|p2a: Ting-Lu\n|-immune|p2a: Ting-Lu\n|\n|upkeep\n|turn|10\n|\n|t:|1699847020\n|move|p1a: Hatterene|Calm Mind|p1a: Hatterene\n|-boost|p1a: Hatterene|spa|1\n|-boost|p1a: Hatterene|spd|1\n|move|p2a: Ting-Lu|Whirlwind|p1a: Hatterene\n|move|p1a: Hatterene|Whirlwind|p2a: Ting-Lu|[from]ability: Magic Bounce\n|drag|p2a: Slowking|Slowking-Galar, F|100\/100\n|\n|upkeep\n|turn|11\n|\n|t:|1699847031\n|switch|p1a: Heatran|Heatran, F|88\/100 par\n|move|p2a: Slowking|Sludge Bomb|p1a: Heatran\n|-immune|p1a: Heatran\n|\n|-heal|p1a: Heatran|94\/100 par|[from] item: Leftovers\n|upkeep\n|turn|12\n|\n|t:|1699847036\n|cant|p1a: Heatran|par\n|move|p2a: Slowking|Future Sight|p1a: Heatran\n|-start|p2a: Slowking|move: Future Sight\n|\n|-heal|p1a: Heatran|99\/100 par|[from] item: Leftovers\n|upkeep\n|turn|13\n|\n|t:|1699847041\n|move|p1a: Heatran|Taunt|p2a: Slowking\n|-start|p2a: Slowking|move: Taunt\n|cant|p2a: Slowking|move: Taunt|Chilly Reception\n|\n|-heal|p1a: Heatran|100\/100 par|[from] item: Leftovers\n|upkeep\n|turn|14\n|\n|t:|1699847046\n|switch|p2a: Ting-Lu|Ting-Lu|100\/100\n|-ability|p2a: Ting-Lu|Vessel of Ruin\n|move|p1a: Heatran|Magma Storm|p2a: Ting-Lu\n|-damage|p2a: Ting-Lu|83\/100\n|-activate|p2a: Ting-Lu|move: Magma Storm|[of] p1a: Heatran\n|\n|-end|p1a: Heatran|move: Future Sight\n|-resisted|p1a: Heatran\n|-damage|p1a: Heatran|90\/100 par\n|-heal|p2a: Ting-Lu|90\/100|[from] item: Leftovers\n|-heal|p1a: Heatran|96\/100 par|[from] item: Leftovers\n|-damage|p2a: Ting-Lu|77\/100|[from] move: Magma Storm|[partiallytrapped]\n|upkeep\n|turn|15\n|\n|t:|1699847055\n|switch|p1a: Hatterene|Hatterene, F|100\/100\n|move|p2a: Ting-Lu|Earthquake|p1a: Hatterene\n|-damage|p1a: Hatterene|73\/100\n|\n|-heal|p2a: Ting-Lu|83\/100|[from] item: Leftovers\n|-heal|p1a: Hatterene|79\/100|[from] item: Leftovers\n|-end|p2a: Ting-Lu|Magma Storm|[partiallytrapped]|[silent]\n|upkeep\n|turn|16\n|\n|t:|1699847061\n|move|p1a: Hatterene|Nuzzle|p2a: Ting-Lu\n|-immune|p2a: Ting-Lu\n|move|p2a: Ting-Lu|Whirlwind|p1a: Hatterene\n|move|p1a: Hatterene|Whirlwind|p2a: Ting-Lu|[from]ability: Magic Bounce\n|drag|p2a: Iron Valiant|Iron Valiant|97\/100\n|\n|-heal|p1a: Hatterene|85\/100|[from] item: Leftovers\n|upkeep\n|turn|17\n|\n|t:|1699847070\n|move|p2a: Iron Valiant|Knock Off|p1a: Hatterene\n|-crit|p1a: Hatterene\n|-damage|p1a: Hatterene|41\/100\n|-enditem|p1a: Hatterene|Leftovers|[from] move: Knock Off|[of] p2a: Iron Valiant\n|move|p1a: Hatterene|Draining Kiss|p2a: Iron Valiant\n|-supereffective|p2a: Iron Valiant\n|-damage|p2a: Iron Valiant|22\/100\n|-heal|p1a: Hatterene|92\/100|[from] drain|[of] p2a: Iron Valiant\n|\n|upkeep\n|turn|18\n|\n|t:|1699847077\n|-end|p2a: Iron Valiant|Quark Drive|[silent]\n|switch|p2a: Slowking|Slowking-Galar, F|100\/100\n|move|p1a: Hatterene|Psyshock|p2a: Slowking\n|-damage|p2a: Slowking|74\/100\n|\n|upkeep\n|turn|19\n|\n|t:|1699847082\n|move|p1a: Hatterene|Nuzzle|p2a: Slowking\n|-damage|p2a: Slowking|71\/100\n|-status|p2a: Slowking|par\n|cant|p2a: Slowking|par\n|\n|upkeep\n|turn|20\n|\n|t:|1699847088\n|switch|p1a: Heatran|Heatran, F|96\/100 par\n|move|p2a: Slowking|Future Sight|p1a: Heatran\n|-start|p2a: Slowking|move: Future Sight\n|\n|-heal|p1a: Heatran|100\/100 par|[from] item: Leftovers\n|upkeep\n|turn|21\n|\n|t:|1699847104\n|cant|p1a: Heatran|par\n|move|p2a: Slowking|Chilly Reception|p2a: Slowking\n|-weather|Snow\n|\n|t:|1699847108\n|switch|p2a: Sneasler|Sneasler, F|100\/100|[from] Chilly Reception\n|\n|-weather|Snow|[upkeep]\n|upkeep\n|turn|22\n|j| 8kkjkj\n|\n|t:|1699847132\n|move|p1a: Heatran|Protect|p1a: Heatran\n|-singleturn|p1a: Heatran|Protect\n|move|p2a: Sneasler|Close Combat|p1a: Heatran\n|-activate|p1a: Heatran|move: Protect\n|\n|-weather|Snow|[upkeep]\n|-end|p1a: Heatran|move: Future Sight\n|-resisted|p1a: Heatran\n|-crit|p1a: Heatran\n|-damage|p1a: Heatran|79\/100 par\n|-heal|p1a: Heatran|85\/100 par|[from] item: Leftovers\n|upkeep\n|turn|23\n|\n|t:|1699847147\n|switch|p2a: Zapdos|Zapdos|61\/100\n|switch|p1a: Dragapult|Dragapult, M|100\/100\n|\n|-weather|Snow|[upkeep]\n|upkeep\n|turn|24\n|\n|t:|1699847155\n|move|p1a: Dragapult|U-turn|p2a: Zapdos\n|-resisted|p2a: Zapdos\n|-damage|p2a: Zapdos|54\/100\n|\n|t:|1699847161\n|switch|p1a: Great Tusk|Great Tusk|100\/100|[from] U-turn\n|move|p2a: Zapdos|Thunder Wave|p1a: Great Tusk\n|-immune|p1a: Great Tusk\n|\n|-weather|Snow|[upkeep]\n|upkeep\n|turn|25\n|\n|t:|1699847168\n|-end|p1a: Great Tusk|Protosynthesis|[silent]\n|switch|p1a: Heatran|Heatran, F|85\/100 par\n|move|p2a: Zapdos|Roost|p2a: Zapdos\n|-heal|p2a: Zapdos|100\/100\n|-singleturn|p2a: Zapdos|move: Roost\n|\n|-weather|none\n|-heal|p1a: Heatran|91\/100 par|[from] item: Leftovers\n|upkeep\n|turn|26\n|\n|t:|1699847174\n|move|p2a: Zapdos|Hurricane|p1a: Heatran\n|-resisted|p1a: Heatran\n|-damage|p1a: Heatran|76\/100 par\n|cant|p1a: Heatran|par\n|\n|-heal|p1a: Heatran|82\/100 par|[from] item: Leftovers\n|upkeep\n|turn|27\n|\n|t:|1699847179\n|move|p2a: Zapdos|Hurricane|p1a: Heatran\n|-resisted|p1a: Heatran\n|-damage|p1a: Heatran|67\/100 par\n|move|p1a: Heatran|Magma Storm|p2a: Zapdos\n|-damage|p2a: Zapdos|57\/100\n|-activate|p2a: Zapdos|move: Magma Storm|[of] p1a: Heatran\n|\n|-heal|p1a: Heatran|74\/100 par|[from] item: Leftovers\n|-damage|p2a: Zapdos|45\/100|[from] move: Magma Storm|[partiallytrapped]\n|upkeep\n|turn|28\n|\n|t:|1699847187\n|move|p2a: Zapdos|Volt Switch|p1a: Heatran\n|-crit|p1a: Heatran\n|-damage|p1a: Heatran|44\/100 par\n|\n|t:|1699847191\n|switch|p2a: Ting-Lu|Ting-Lu|83\/100|[from] Volt Switch\n|-ability|p2a: Ting-Lu|Vessel of Ruin\n|move|p1a: Heatran|Earth Power|p2a: Ting-Lu\n|-damage|p2a: Ting-Lu|72\/100\n|\n|-heal|p2a: Ting-Lu|79\/100|[from] item: Leftovers\n|-heal|p1a: Heatran|50\/100 par|[from] item: Leftovers\n|upkeep\n|turn|29\n|\n|t:|1699847201\n|switch|p2a: Zapdos|Zapdos|45\/100\n|switch|p1a: Great Tusk|Great Tusk|100\/100\n|\n|upkeep\n|turn|30\n|\n|t:|1699847211\n|move|p2a: Zapdos|Hurricane|p1a: Great Tusk|[miss]\n|-miss|p2a: Zapdos|p1a: Great Tusk\n|move|p1a: Great Tusk|Ice Spinner|p2a: Zapdos\n|-supereffective|p2a: Zapdos\n|-damage|p2a: Zapdos|0 fnt\n|-status|p1a: Great Tusk|par|[from] ability: Static|[of] p2a: Zapdos\n|faint|p2a: Zapdos\n|\n|upkeep\n|-message|mcp3 forfeited.\n|\n|win|wooloo supremacy\n|raw|wooloo supremacy's rating: 1684 &rarr; <strong>1704<\/strong><br \/>(+20 for winning)\n|raw|mcp3's rating: 1687 &rarr; <strong>1667<\/strong><br \/>(-20 for losing)\n|l|\u2606mcp3\n|l| FrankTivs\n","uploadtime":1699847258,"views":48,"p1id":"wooloosupremacy","p2id":"mcp3","formatid":"gen9ou","rating":1667,"private":0,"password":""}