{"id":"gen9ou-1992871201","p1":"DrStr4nge","p2":"general mud","format":"[Gen 9] OU","log":"|j|\u2606DrStr4nge\n|j|\u2606general mud\n|t:|1700242656\n|gametype|singles\n|player|p1|DrStr4nge|pokemaniac|1096\n|player|p2|general mud|youngster-gen4dp|1015\n|teamsize|p1|6\n|teamsize|p2|6\n|gen|9\n|tier|[Gen 9] OU\n|rated|\n|rule|Sleep Clause Mod: Limit one foe put to sleep\n|rule|Species Clause: Limit one of each Pok\u00e9mon\n|rule|OHKO Clause: OHKO moves are banned\n|rule|Evasion Items Clause: Evasion items are banned\n|rule|Evasion Moves Clause: Evasion moves are banned\n|rule|Endless Battle Clause: Forcing endless battles is banned\n|rule|HP Percentage Mod: HP is shown in percentages\n|clearpoke\n|poke|p1|Scizor, F|\n|poke|p1|Heatran, M|\n|poke|p1|Iron Valiant|\n|poke|p1|Glimmora, M|\n|poke|p1|Walking Wake|\n|poke|p1|Great Tusk|\n|poke|p2|Skeledirge, M|\n|poke|p2|Tatsugiri-Droopy, M|\n|poke|p2|Arboliva, F|\n|poke|p2|Garganacl, M|\n|poke|p2|Maushold-Four|\n|poke|p2|Starly, L1, M|\n|teampreview\n|inactive|Battle timer is ON: inactive players will automatically lose when time's up. (requested by general mud)\n|\n|t:|1700242672\n|start\n|switch|p1a: Glimmora|Glimmora, M|100\/100\n|switch|p2a: Maniac ka-boom|Tatsugiri-Droopy, M|100\/100\n|turn|1\n|\n|t:|1700242679\n|-terastallize|p2a: Maniac ka-boom|Steel\n|move|p1a: Glimmora|Toxic Spikes|p2a: Maniac ka-boom\n|-sidestart|p2: general mud|move: Toxic Spikes\n|move|p2a: Maniac ka-boom|Rapid Spin|p1a: Glimmora\n|-resisted|p1a: Glimmora\n|-damage|p1a: Glimmora|98\/100\n|-boost|p2a: Maniac ka-boom|spe|1\n|-activate|p1a: Glimmora|ability: Toxic Debris\n|-sidestart|p2: general mud|move: Toxic Spikes\n|-sideend|p2: general mud|Toxic Spikes|[from] move: Rapid Spin|[of] p2a: Maniac ka-boom\n|\n|upkeep\n|turn|2\n|\n|t:|1700242690\n|switch|p1a: Heatran|Heatran, M|100\/100\n|move|p2a: Maniac ka-boom|Nasty Plot|p2a: Maniac ka-boom\n|-boost|p2a: Maniac ka-boom|spa|2\n|\n|upkeep\n|turn|3\n|\n|t:|1700242694\n|move|p2a: Maniac ka-boom|Surf|p1a: Heatran\n|-supereffective|p1a: Heatran\n|-damage|p1a: Heatran|0 fnt\n|faint|p1a: Heatran\n|\n|upkeep\n|\n|t:|1700242706\n|switch|p1a: Great Tusk|Great Tusk|100\/100\n|-enditem|p1a: Great Tusk|Booster Energy\n|-activate|p1a: Great Tusk|ability: Protosynthesis|[fromitem]\n|-start|p1a: Great Tusk|protosynthesisdef\n|turn|4\n|\n|t:|1700242709\n|move|p2a: Maniac ka-boom|Surf|p1a: Great Tusk\n|-supereffective|p1a: Great Tusk\n|-damage|p1a: Great Tusk|0 fnt\n|faint|p1a: Great Tusk\n|-end|p1a: Great Tusk|Protosynthesis|[silent]\n|\n|upkeep\n|\n|t:|1700242718\n|switch|p1a: Iron Valiant|Iron Valiant|100\/100\n|-enditem|p1a: Iron Valiant|Booster Energy\n|-activate|p1a: Iron Valiant|ability: Quark Drive|[fromitem]\n|-start|p1a: Iron Valiant|quarkdrivespe\n|turn|5\n|\n|t:|1700242720\n|move|p1a: Iron Valiant|Thunder Punch|p2a: Maniac ka-boom\n|-damage|p2a: Maniac ka-boom|52\/100\n|move|p2a: Maniac ka-boom|Surf|p1a: Iron Valiant\n|-damage|p1a: Iron Valiant|0 fnt\n|faint|p1a: Iron Valiant\n|-end|p1a: Iron Valiant|Quark Drive|[silent]\n|\n|upkeep\n|\n|t:|1700242726\n|switch|p1a: Scizor|Scizor, F|100\/100\n|turn|6\n|\n|t:|1700242734\n|move|p1a: Scizor|Bullet Punch|p2a: Maniac ka-boom\n|-resisted|p2a: Maniac ka-boom\n|-damage|p2a: Maniac ka-boom|8\/100\n|-enditem|p2a: Maniac ka-boom|Aguav Berry|[eat]\n|-heal|p2a: Maniac ka-boom|41\/100|[from] item: Aguav Berry\n|move|p2a: Maniac ka-boom|Surf|p1a: Scizor\n|-damage|p1a: Scizor|2\/100\n|\n|upkeep\n|turn|7\n|\n|t:|1700242745\n|switch|p2a: Scurvy|Skeledirge, M|100\/100\n|move|p1a: Scizor|Bullet Punch|p2a: Scurvy\n|-resisted|p2a: Scurvy\n|-damage|p2a: Scurvy|81\/100\n|\n|-heal|p2a: Scurvy|87\/100|[from] item: Leftovers\n|upkeep\n|turn|8\n|\n|t:|1700242758\n|switch|p1a: Walking Wake|Walking Wake|100\/100\n|-enditem|p1a: Walking Wake|Booster Energy\n|-activate|p1a: Walking Wake|ability: Protosynthesis|[fromitem]\n|-start|p1a: Walking Wake|protosynthesisspa\n|move|p2a: Scurvy|Torch Song|p1a: Walking Wake\n|-resisted|p1a: Walking Wake\n|-damage|p1a: Walking Wake|90\/100\n|-boost|p2a: Scurvy|spa|1\n|\n|-heal|p2a: Scurvy|93\/100|[from] item: Leftovers\n|upkeep\n|turn|9\n|\n|t:|1700242770\n|move|p1a: Walking Wake|Surf|p2a: Scurvy\n|-supereffective|p2a: Scurvy\n|-damage|p2a: Scurvy|0 fnt\n|faint|p2a: Scurvy\n|\n|upkeep\n|\n|t:|1700242773\n|switch|p2a: Sullivan|Starly, L1, M, shiny|100\/100\n|turn|10\n|\n|t:|1700242783\n|move|p1a: Walking Wake|Surf|p2a: Sullivan\n|-crit|p2a: Sullivan\n|-enditem|p2a: Sullivan|Focus Sash\n|-damage|p2a: Sullivan|9\/100\n|move|p2a: Sullivan|Endeavor|p1a: Walking Wake\n|-damage|p1a: Walking Wake|1\/100\n|\n|upkeep\n|turn|11\n|\n|t:|1700242787\n|move|p2a: Sullivan|Quick Attack|p1a: Walking Wake\n|-damage|p1a: Walking Wake|0 fnt\n|faint|p1a: Walking Wake\n|-end|p1a: Walking Wake|Protosynthesis|[silent]\n|\n|upkeep\n|\n|t:|1700242793\n|switch|p1a: Scizor|Scizor, F|2\/100\n|turn|12\n|\n|t:|1700242796\n|move|p1a: Scizor|Bullet Punch|p2a: Sullivan\n|-damage|p2a: Sullivan|0 fnt\n|faint|p2a: Sullivan\n|\n|upkeep\n|\n|t:|1700242810\n|switch|p2a: Heavy|Garganacl, M|100\/100\n|turn|13\n|\n|t:|1700242814\n|move|p1a: Scizor|Bullet Punch|p2a: Heavy\n|-supereffective|p2a: Heavy\n|-damage|p2a: Heavy|32\/100\n|move|p2a: Heavy|Salt Cure|p1a: Scizor\n|-damage|p1a: Scizor|0 fnt\n|faint|p1a: Scizor\n|\n|upkeep\n|\n|t:|1700242818\n|switch|p1a: Glimmora|Glimmora, M|98\/100\n|turn|14\n|\n|t:|1700242827\n|move|p1a: Glimmora|Light Screen|p1a: Glimmora\n|-sidestart|p1: DrStr4nge|move: Light Screen\n|move|p2a: Heavy|Recover|p2a: Heavy\n|-heal|p2a: Heavy|82\/100\n|\n|upkeep\n|turn|15\n|\n|t:|1700242833\n|move|p1a: Glimmora|Toxic Spikes|p2a: Heavy\n|-sidestart|p2: general mud|move: Toxic Spikes\n|move|p2a: Heavy|Body Press|p1a: Glimmora\n|-damage|p1a: Glimmora|73\/100\n|-activate|p1a: Glimmora|ability: Toxic Debris\n|-sidestart|p2: general mud|move: Toxic Spikes\n|\n|upkeep\n|turn|16\n|\n|t:|1700242837\n|move|p1a: Glimmora|Stealth Rock|p2a: Heavy\n|-sidestart|p2: general mud|move: Stealth Rock\n|move|p2a: Heavy|Salt Cure|p1a: Glimmora\n|-damage|p1a: Glimmora|59\/100\n|-start|p1a: Glimmora|Salt Cure\n|\n|-damage|p1a: Glimmora|47\/100|[from] Salt Cure\n|upkeep\n|turn|17\n|\n|t:|1700242842\n|move|p1a: Glimmora|Spikes|p2a: Heavy\n|-sidestart|p2: general mud|Spikes\n|move|p2a: Heavy|Curse|p2a: Heavy\n|-unboost|p2a: Heavy|spe|1\n|-boost|p2a: Heavy|atk|1\n|-boost|p2a: Heavy|def|1\n|\n|-damage|p1a: Glimmora|35\/100|[from] Salt Cure\n|upkeep\n|turn|18\n|\n|t:|1700242845\n|move|p1a: Glimmora|Spikes|p2a: Heavy\n|-sidestart|p2: general mud|Spikes\n|move|p2a: Heavy|Body Press|p1a: Glimmora\n|-damage|p1a: Glimmora|0 fnt\n|faint|p1a: Glimmora\n|\n|win|general mud\n|raw|DrStr4nge's rating: 1096 &rarr; <strong>1066<\/strong><br \/>(-30 for losing)\n|raw|general mud's rating: 1015 &rarr; <strong>1061<\/strong><br \/>(+46 for winning)\n|l|\u2606DrStr4nge\n|c|\u2606general mud|Gg\n","uploadtime":1700242861,"views":42,"p1id":"drstr4nge","p2id":"generalmud","formatid":"gen9ou","rating":1061,"private":0,"password":""}