{"id":"gen9ou-1999417750","p1":"shadhbazz","p2":"Sonicbigboy","format":"[Gen 9] OU","log":"|j|\u203dshadhbazz\n|j|\u2606Sonicbigboy\n|t:|1701077136\n|gametype|singles\n|player|p1|shadhbazz|102|1065\n|player|p2|Sonicbigboy|lucas-gen4pt|1002\n|teamsize|p1|6\n|teamsize|p2|6\n|gen|9\n|tier|[Gen 9] OU\n|rated|\n|rule|Sleep Clause Mod: Limit one foe put to sleep\n|rule|Species Clause: Limit one of each Pok\u00e9mon\n|rule|OHKO Clause: OHKO moves are banned\n|rule|Evasion Items Clause: Evasion items are banned\n|rule|Evasion Moves Clause: Evasion moves are banned\n|rule|Endless Battle Clause: Forcing endless battles is banned\n|rule|HP Percentage Mod: HP is shown in percentages\n|clearpoke\n|poke|p1|Pelipper, M|\n|poke|p1|Barraskewda, M|\n|poke|p1|Great Tusk|\n|poke|p1|Amoonguss, M|\n|poke|p1|Kingambit, M|\n|poke|p1|Garganacl, F|\n|poke|p2|Clefable, F|\n|poke|p2|Gengar, F|\n|poke|p2|Dusknoir, F|\n|poke|p2|Gardevoir, M|\n|poke|p2|Blissey, F|\n|poke|p2|Scream Tail|\n|teampreview\n|\n|t:|1701077143\n|start\n|switch|p1a: Pelipper|Pelipper, M|100\/100\n|switch|p2a: Clefable|Clefable, F|100\/100\n|-weather|RainDance|[from] ability: Drizzle|[of] p1a: Pelipper\n|turn|1\n|\n|t:|1701077159\n|switch|p1a: Kingambit|Kingambit, M, shiny|100\/100\n|move|p2a: Clefable|Metronome|p2a: Clefable\n|move|p2a: Clefable|Metal Sound|p1a: Kingambit|[from]move: Metronome\n|-unboost|p1a: Kingambit|spd|2\n|-ability|p1a: Kingambit|Defiant|boost\n|-boost|p1a: Kingambit|atk|2\n|\n|-weather|RainDance|[upkeep]\n|upkeep\n|turn|2\n|\n|t:|1701077171\n|move|p2a: Clefable|Metronome|p2a: Clefable\n|move|p2a: Clefable|Perish Song|p2a: Clefable|[from]move: Metronome\n|-start|p1a: Kingambit|perish3|[silent]\n|-start|p2a: Clefable|perish3|[silent]\n|-fieldactivate|move: Perish Song\n|move|p1a: Kingambit|Iron Head|p2a: Clefable\n|-supereffective|p2a: Clefable\n|-damage|p2a: Clefable|0 fnt\n|faint|p2a: Clefable\n|\n|-weather|RainDance|[upkeep]\n|-start|p1a: Kingambit|perish3\n|upkeep\n|\n|t:|1701077180\n|switch|p2a: Blissey|Blissey, F|100\/100\n|turn|3\n|\n|t:|1701077187\n|switch|p1a: Barraskewda|Barraskewda, M, shiny|100\/100\n|move|p2a: Blissey|Metronome|p2a: Blissey\n|move|p2a: Blissey|Will-O-Wisp|p1a: Barraskewda|[from]move: Metronome|[miss]\n|-miss|p2a: Blissey|p1a: Barraskewda\n|\n|-weather|RainDance|[upkeep]\n|upkeep\n|turn|4\n|\n|t:|1701077204\n|move|p1a: Barraskewda|Close Combat|p2a: Blissey\n|-supereffective|p2a: Blissey\n|-damage|p2a: Blissey|0 fnt\n|-unboost|p1a: Barraskewda|def|1\n|-unboost|p1a: Barraskewda|spd|1\n|faint|p2a: Blissey\n|\n|-weather|RainDance|[upkeep]\n|upkeep\n|\n|t:|1701077211\n|switch|p2a: Gardevoir|Gardevoir, M|100\/100\n|-ability|p2a: Gardevoir|Swift Swim|[from] ability: Trace|[of] p1a: Barraskewda\n|turn|5\n|\n|t:|1701077241\n|move|p2a: Gardevoir|Metronome|p2a: Gardevoir\n|move|p2a: Gardevoir|Substitute|p2a: Gardevoir|[from]move: Metronome\n|-start|p2a: Gardevoir|Substitute\n|-damage|p2a: Gardevoir|76\/100\n|move|p1a: Barraskewda|Close Combat|p2a: Gardevoir\n|-resisted|p2a: Gardevoir\n|-crit|p2a: Gardevoir\n|-end|p2a: Gardevoir|Substitute\n|-unboost|p1a: Barraskewda|def|1\n|-unboost|p1a: Barraskewda|spd|1\n|\n|-weather|RainDance|[upkeep]\n|upkeep\n|turn|6\n|\n|t:|1701077252\n|switch|p1a: Kingambit|Kingambit, M, shiny|100\/100\n|move|p2a: Gardevoir|Metronome|p2a: Gardevoir\n|move|p2a: Gardevoir|Brave Bird|p1a: Kingambit|[from]move: Metronome\n|-resisted|p1a: Kingambit\n|-damage|p1a: Kingambit|92\/100\n|-damage|p2a: Gardevoir|71\/100|[from] Recoil\n|\n|-weather|RainDance|[upkeep]\n|-heal|p1a: Kingambit|98\/100|[from] item: Leftovers\n|upkeep\n|turn|7\n|\n|t:|1701077262\n|move|p2a: Gardevoir|Metronome|p2a: Gardevoir\n|move|p2a: Gardevoir|Glaive Rush|p1a: Kingambit|[from]move: Metronome\n|-resisted|p1a: Kingambit\n|-damage|p1a: Kingambit|88\/100\n|-singlemove|p2a: Gardevoir|Glaive Rush|[silent]\n|move|p1a: Kingambit|Iron Head|p2a: Gardevoir\n|-supereffective|p2a: Gardevoir\n|-damage|p2a: Gardevoir|0 fnt\n|faint|p2a: Gardevoir\n|\n|-weather|RainDance|[upkeep]\n|-heal|p1a: Kingambit|94\/100|[from] item: Leftovers\n|upkeep\n|\n|t:|1701077272\n|switch|p2a: Scream Tail|Scream Tail|100\/100\n|turn|8\n|\n|t:|1701077279\n|move|p2a: Scream Tail|Metronome|p2a: Scream Tail\n|move|p2a: Scream Tail|Crabhammer|p1a: Kingambit|[from]move: Metronome\n|-damage|p1a: Kingambit|70\/100\n|move|p1a: Kingambit|Iron Head|p2a: Scream Tail\n|-supereffective|p2a: Scream Tail\n|-damage|p2a: Scream Tail|9\/100\n|\n|-weather|none\n|-heal|p1a: Kingambit|76\/100|[from] item: Leftovers\n|upkeep\n|turn|9\n|\n|t:|1701077292\n|move|p2a: Scream Tail|Metronome|p2a: Scream Tail\n|move|p2a: Scream Tail|Barb Barrage|p1a: Kingambit|[from]move: Metronome\n|-immune|p1a: Kingambit\n|move|p1a: Kingambit|Iron Head|p2a: Scream Tail\n|-supereffective|p2a: Scream Tail\n|-damage|p2a: Scream Tail|0 fnt\n|faint|p2a: Scream Tail\n|-end|p2a: Scream Tail|Protosynthesis|[silent]\n|\n|-heal|p1a: Kingambit|82\/100|[from] item: Leftovers\n|upkeep\n|\n|t:|1701077301\n|switch|p2a: Dusknoir|Dusknoir, F|100\/100\n|-ability|p2a: Dusknoir|Pressure\n|turn|10\n|\n|t:|1701077312\n|switch|p1a: Great Tusk|Great Tusk, shiny|100\/100\n|move|p2a: Dusknoir|Metronome|p2a: Dusknoir\n|move|p2a: Dusknoir|Astonish|p1a: Great Tusk|[from]move: Metronome\n|-damage|p1a: Great Tusk|90\/100\n|-damage|p2a: Dusknoir|84\/100|[from] item: Rocky Helmet|[of] p1a: Great Tusk\n|\n|upkeep\n|turn|11\n|\n|t:|1701077325\n|move|p1a: Great Tusk|Knock Off|p2a: Dusknoir\n|-supereffective|p2a: Dusknoir\n|-damage|p2a: Dusknoir|5\/100\n|-enditem|p2a: Dusknoir|Choice Scarf|[from] move: Knock Off|[of] p1a: Great Tusk\n|move|p2a: Dusknoir|Metronome|p2a: Dusknoir\n|move|p2a: Dusknoir|Stealth Rock|p1a: Great Tusk|[from]move: Metronome\n|-sidestart|p1: shadhbazz|move: Stealth Rock\n|\n|upkeep\n|turn|12\n|\n|t:|1701077337\n|move|p1a: Great Tusk|Knock Off|p2a: Dusknoir\n|-supereffective|p2a: Dusknoir\n|-damage|p2a: Dusknoir|0 fnt\n|faint|p2a: Dusknoir\n|\n|upkeep\n|\n|t:|1701077341\n|switch|p2a: Gengar|Gengar, F|100\/100\n|turn|13\n|\n|t:|1701077364\n|-terastallize|p2a: Gengar|Ghost\n|move|p2a: Gengar|Metronome|p2a: Gengar\n|move|p2a: Gengar|Darkest Lariat|p1a: Great Tusk|[from]move: Metronome\n|-resisted|p1a: Great Tusk\n|-damage|p1a: Great Tusk|83\/100\n|-damage|p2a: Gengar|84\/100|[from] item: Rocky Helmet|[of] p1a: Great Tusk\n|move|p1a: Great Tusk|Knock Off|p2a: Gengar\n|-supereffective|p2a: Gengar\n|-damage|p2a: Gengar|0 fnt\n|-enditem|p2a: Gengar|Choice Scarf|[from] move: Knock Off|[of] p1a: Great Tusk\n|faint|p2a: Gengar\n|\n|win|shadhbazz\n|raw|shadhbazz's rating: 1065 &rarr; <strong>1090<\/strong><br \/>(+25 for winning)\n|raw|Sonicbigboy's rating: 1002 &rarr; <strong>1000<\/strong><br \/>(-2 for losing)\n|l|\u2606Sonicbigboy\n","uploadtime":1701077376,"views":19,"p1id":"shadhbazz","p2id":"sonicbigboy","formatid":"gen9ou","rating":1000,"private":0,"password":""}