{"id":"gen9ou-1997274939","p1":"PLLV51 leng","p2":"Kidzukaworld","format":"[Gen 9] OU","log":"|j|\u2606PLLV51 leng\n|j|\u2606Kidzukaworld\n|t:|1700783377\n|gametype|singles\n|player|p1|PLLV51 leng|unknownf|1853\n|player|p2|Kidzukaworld|265|1815\n|teamsize|p1|6\n|teamsize|p2|6\n|gen|9\n|tier|[Gen 9] OU\n|rated|\n|rule|Sleep Clause Mod: Limit one foe put to sleep\n|rule|Species Clause: Limit one of each Pok\u00e9mon\n|rule|OHKO Clause: OHKO moves are banned\n|rule|Evasion Items Clause: Evasion items are banned\n|rule|Evasion Moves Clause: Evasion moves are banned\n|rule|Endless Battle Clause: Forcing endless battles is banned\n|rule|HP Percentage Mod: HP is shown in percentages\n|clearpoke\n|poke|p1|Mandibuzz, F|\n|poke|p1|Ogerpon-Wellspring, F|\n|poke|p1|Zapdos|\n|poke|p1|Gholdengo|\n|poke|p1|Gastrodon-East, F|\n|poke|p1|Dragapult, F|\n|poke|p2|Great Tusk|\n|poke|p2|Ribombee, F|\n|poke|p2|Armarouge, F|\n|poke|p2|Kingambit, F|\n|poke|p2|Salamence, F|\n|poke|p2|Iron Moth|\n|teampreview\n|inactive|Battle timer is ON: inactive players will automatically lose when time's up. (requested by PLLV51 leng)\n|j| fmn027\n|j| jeanmilapipe\n|j| Rainbow Chrome\n|inactive|PLLV51 leng has 120 seconds left.\n|\n|t:|1700783411\n|start\n|switch|p1a: Zapdos|Zapdos|100\/100\n|switch|p2a: Ribombee|Ribombee, F|100\/100\n|turn|1\n|\n|t:|1700783420\n|move|p2a: Ribombee|Sticky Web|p1a: Zapdos\n|-sidestart|p1: PLLV51 leng|move: Sticky Web\n|move|p1a: Zapdos|Hurricane|p2a: Ribombee|[miss]\n|-miss|p1a: Zapdos|p2a: Ribombee\n|\n|upkeep\n|turn|2\n|\n|t:|1700783424\n|move|p2a: Ribombee|Quiver Dance|p2a: Ribombee\n|-boost|p2a: Ribombee|spa|1\n|-boost|p2a: Ribombee|spd|1\n|-boost|p2a: Ribombee|spe|1\n|move|p1a: Zapdos|Hurricane|p2a: Ribombee\n|-supereffective|p2a: Ribombee\n|-enditem|p2a: Ribombee|Focus Sash\n|-damage|p2a: Ribombee|1\/100\n|\n|upkeep\n|turn|3\n|\n|t:|1700783434\n|switch|p1a: Gholdengo|Gholdengo|100\/100\n|move|p2a: Ribombee|Moonblast|p1a: Gholdengo\n|-resisted|p1a: Gholdengo\n|-damage|p1a: Gholdengo|72\/100\n|\n|upkeep\n|turn|4\n|\n|t:|1700783438\n|move|p2a: Ribombee|Moonblast|p1a: Gholdengo\n|-resisted|p1a: Gholdengo\n|-damage|p1a: Gholdengo|44\/100\n|-unboost|p1a: Gholdengo|spa|1\n|move|p1a: Gholdengo|Recover|p1a: Gholdengo\n|-heal|p1a: Gholdengo|94\/100\n|\n|upkeep\n|turn|5\n|\n|t:|1700783442\n|move|p2a: Ribombee|Moonblast|p1a: Gholdengo\n|-resisted|p1a: Gholdengo\n|-damage|p1a: Gholdengo|67\/100\n|move|p1a: Gholdengo|Shadow Ball|p2a: Ribombee\n|-damage|p2a: Ribombee|0 fnt\n|faint|p2a: Ribombee\n|\n|upkeep\n|\n|t:|1700783451\n|switch|p2a: Salamence|Salamence, F|100\/100\n|turn|6\n|\n|t:|1700783456\n|switch|p1a: Mandibuzz|Mandibuzz, F|100\/100\n|move|p2a: Salamence|Dragon Dance|p2a: Salamence\n|-boost|p2a: Salamence|atk|1\n|-boost|p2a: Salamence|spe|1\n|\n|upkeep\n|turn|7\n|\n|t:|1700783461\n|switch|p2a: Armarouge|Armarouge, F|100\/100\n|move|p1a: Mandibuzz|Iron Defense|p1a: Mandibuzz\n|-boost|p1a: Mandibuzz|def|2\n|\n|upkeep\n|turn|8\n|\n|t:|1700783465\n|move|p2a: Armarouge|Calm Mind|p2a: Armarouge\n|-boost|p2a: Armarouge|spa|1\n|-boost|p2a: Armarouge|spd|1\n|move|p1a: Mandibuzz|Defog|p2a: Armarouge\n|-unboost|p2a: Armarouge|evasion|1\n|-sideend|p1: PLLV51 leng|Sticky Web|[from] move: Defog|[of] p1a: Mandibuzz\n|\n|upkeep\n|turn|9\n|\n|t:|1700783477\n|switch|p1a: Dragapult|Dragapult, F|100\/100\n|move|p2a: Armarouge|Calm Mind|p2a: Armarouge\n|-boost|p2a: Armarouge|spa|1\n|-boost|p2a: Armarouge|spd|1\n|\n|upkeep\n|turn|10\n|\n|t:|1700783483\n|move|p1a: Dragapult|Dragon Darts|p2a: Armarouge\n|-damage|p2a: Armarouge|58\/100\n|-ability|p2a: Armarouge|Weak Armor|boost\n|-unboost|p2a: Armarouge|def|1\n|-boost|p2a: Armarouge|spe|2\n|-anim|p1a: Dragapult|Dragon Darts|p2a: Armarouge\n|-damage|p2a: Armarouge|0 fnt\n|faint|p2a: Armarouge\n|\n|upkeep\n|\n|t:|1700783489\n|switch|p2a: Kingambit|Kingambit, F|100\/100\n|-activate|p2a: Kingambit|ability: Supreme Overlord\n|-start|p2a: Kingambit|fallen2|[silent]\n|turn|11\n|j| MrTact1C1\n|\n|t:|1700783499\n|switch|p1a: Mandibuzz|Mandibuzz, F|100\/100\n|move|p2a: Kingambit|Swords Dance|p2a: Kingambit\n|-boost|p2a: Kingambit|atk|2\n|\n|upkeep\n|turn|12\n|\n|t:|1700783502\n|move|p1a: Mandibuzz|Iron Defense|p1a: Mandibuzz\n|-boost|p1a: Mandibuzz|def|2\n|move|p2a: Kingambit|Iron Head|p1a: Mandibuzz\n|-damage|p1a: Mandibuzz|64\/100\n|\n|upkeep\n|turn|13\n|\n|t:|1700783505\n|move|p1a: Mandibuzz|Roost|p1a: Mandibuzz\n|-heal|p1a: Mandibuzz|100\/100\n|-singleturn|p1a: Mandibuzz|move: Roost\n|move|p2a: Kingambit|Swords Dance|p2a: Kingambit\n|-boost|p2a: Kingambit|atk|2\n|\n|upkeep\n|turn|14\n|\n|t:|1700783510\n|move|p1a: Mandibuzz|Foul Play|p2a: Kingambit\n|-resisted|p2a: Kingambit\n|-damage|p2a: Kingambit|37\/100\n|move|p2a: Kingambit|Swords Dance|p2a: Kingambit\n|-boost|p2a: Kingambit|atk|2\n|\n|upkeep\n|turn|15\n|\n|t:|1700783515\n|move|p2a: Kingambit|Sucker Punch|p1a: Mandibuzz\n|-resisted|p1a: Mandibuzz\n|-damage|p1a: Mandibuzz|69\/100\n|move|p1a: Mandibuzz|Foul Play|p2a: Kingambit\n|-resisted|p2a: Kingambit\n|-damage|p2a: Kingambit|0 fnt\n|faint|p2a: Kingambit\n|-end|p2a: Kingambit|fallen2|[silent]\n|\n|upkeep\n|j| LordJikji\n|\n|t:|1700783520\n|switch|p2a: Iron Moth|Iron Moth|100\/100\n|-enditem|p2a: Iron Moth|Booster Energy\n|-activate|p2a: Iron Moth|ability: Quark Drive|[fromitem]\n|-start|p2a: Iron Moth|quarkdrivespa\n|turn|16\n|\n|t:|1700783541\n|switch|p1a: Dragapult|Dragapult, F|100\/100\n|move|p2a: Iron Moth|Agility|p2a: Iron Moth\n|-boost|p2a: Iron Moth|spe|2\n|\n|upkeep\n|turn|17\n|\n|t:|1700783551\n|-terastallize|p2a: Iron Moth|Ice\n|move|p2a: Iron Moth|Tera Blast|p1a: Dragapult|[anim] Tera Blast Ice\n|-supereffective|p1a: Dragapult\n|-damage|p1a: Dragapult|0 fnt\n|faint|p1a: Dragapult\n|\n|upkeep\n|\n|t:|1700783562\n|switch|p1a: Ogerpon|Ogerpon-Wellspring, F|100\/100\n|turn|18\n|\n|t:|1700783578\n|-terastallize|p1a: Ogerpon|Water\n|detailschange|p1a: Ogerpon|Ogerpon-Wellspring-Tera, F, tera:Water\n|-ability|p1a: Ogerpon|Embody Aspect (Wellspring)|boost\n|-boost|p1a: Ogerpon|spd|1\n|move|p2a: Iron Moth|Discharge|p1a: Ogerpon\n|-supereffective|p1a: Ogerpon\n|-damage|p1a: Ogerpon|37\/100\n|move|p1a: Ogerpon|Horn Leech|p2a: Iron Moth\n|-damage|p2a: Iron Moth|18\/100\n|-heal|p1a: Ogerpon|79\/100|[from] drain|[of] p2a: Iron Moth\n|\n|upkeep\n|turn|19\n|\n|t:|1700783590\n|move|p2a: Iron Moth|Discharge|p1a: Ogerpon\n|-supereffective|p1a: Ogerpon\n|-damage|p1a: Ogerpon|9\/100\n|move|p1a: Ogerpon|Horn Leech|p2a: Iron Moth\n|-damage|p2a: Iron Moth|0 fnt\n|-heal|p1a: Ogerpon|18\/100|[from] drain|[of] p2a: Iron Moth\n|faint|p2a: Iron Moth\n|-end|p2a: Iron Moth|Quark Drive|[silent]\n|\n|upkeep\n|\n|t:|1700783594\n|switch|p2a: Salamence|Salamence, F|100\/100\n|turn|20\n|\n|t:|1700783605\n|switch|p1a: Gastrodon|Gastrodon-East, F|100\/100\n|move|p2a: Salamence|Dragon Dance|p2a: Salamence\n|-boost|p2a: Salamence|atk|1\n|-boost|p2a: Salamence|spe|1\n|\n|upkeep\n|turn|21\n|\n|t:|1700783608\n|move|p2a: Salamence|Dragon Claw|p1a: Gastrodon\n|-damage|p1a: Gastrodon|17\/100\n|move|p1a: Gastrodon|Ice Beam|p2a: Salamence\n|-supereffective|p2a: Salamence\n|-damage|p2a: Salamence|9\/100\n|\n|upkeep\n|turn|22\n|j| Unearth Myself\n|\n|t:|1700783625\n|move|p2a: Salamence|Dragon Claw|p1a: Gastrodon\n|-damage|p1a: Gastrodon|0 fnt\n|faint|p1a: Gastrodon\n|-ability|p2a: Salamence|Moxie|boost\n|-boost|p2a: Salamence|atk|1\n|\n|upkeep\n|\n|t:|1700783629\n|switch|p1a: Mandibuzz|Mandibuzz, F|69\/100\n|turn|23\n|\n|t:|1700783632\n|move|p2a: Salamence|Dragon Claw|p1a: Mandibuzz\n|-damage|p1a: Mandibuzz|10\/100\n|move|p1a: Mandibuzz|Foul Play|p2a: Salamence\n|-damage|p2a: Salamence|0 fnt\n|faint|p2a: Salamence\n|\n|upkeep\n|\n|t:|1700783636\n|switch|p2a: Great Tusk|Great Tusk|100\/100\n|-enditem|p2a: Great Tusk|Booster Energy\n|-activate|p2a: Great Tusk|ability: Protosynthesis|[fromitem]\n|-start|p2a: Great Tusk|protosynthesisatk\n|turn|24\n|\n|t:|1700783648\n|switch|p1a: Gholdengo|Gholdengo|67\/100\n|move|p2a: Great Tusk|Bulk Up|p2a: Great Tusk\n|-boost|p2a: Great Tusk|atk|1\n|-boost|p2a: Great Tusk|def|1\n|\n|upkeep\n|turn|25\n|\n|t:|1700783653\n|move|p2a: Great Tusk|Earthquake|p1a: Gholdengo\n|-supereffective|p1a: Gholdengo\n|-damage|p1a: Gholdengo|0 fnt\n|faint|p1a: Gholdengo\n|\n|upkeep\n|\n|t:|1700783655\n|switch|p1a: Zapdos|Zapdos|100\/100\n|turn|26\n|\n|t:|1700783658\n|move|p1a: Zapdos|Hurricane|p2a: Great Tusk\n|-supereffective|p2a: Great Tusk\n|-damage|p2a: Great Tusk|0 fnt\n|faint|p2a: Great Tusk\n|-end|p2a: Great Tusk|Protosynthesis|[silent]\n|\n|win|PLLV51 leng\n|raw|PLLV51 leng's rating: 1853 &rarr; <strong>1871<\/strong><br \/>(+18 for winning)\n|raw|Kidzukaworld's rating: 1815 &rarr; <strong>1797<\/strong><br \/>(-18 for losing)\n|l|\u2606Kidzukaworld\n|l|\u2606PLLV51 leng\n|l| Unearth Myself\n","uploadtime":1700783669,"views":14,"p1id":"pllv51leng","p2id":"kidzukaworld","formatid":"gen9ou","rating":1797,"private":0,"password":""}