{"id":"gen9ou-1988531780","p1":"OkJuice100","p2":"Tapu Shiesty","format":"[Gen 9] OU","log":"|j|\u2606OkJuice100\n|j|\u2606Tapu Shiesty\n|t:|1699732999\n|gametype|singles\n|player|p1|OkJuice100|266|1235\n|player|p2|Tapu Shiesty|2|1349\n|teamsize|p1|6\n|teamsize|p2|6\n|gen|9\n|tier|[Gen 9] OU\n|rated|\n|rule|Sleep Clause Mod: Limit one foe put to sleep\n|rule|Species Clause: Limit one of each Pok\u00e9mon\n|rule|OHKO Clause: OHKO moves are banned\n|rule|Evasion Items Clause: Evasion items are banned\n|rule|Evasion Moves Clause: Evasion moves are banned\n|rule|Endless Battle Clause: Forcing endless battles is banned\n|rule|HP Percentage Mod: HP is shown in percentages\n|clearpoke\n|poke|p1|Cinderace, F|\n|poke|p1|Greninja-*, F|\n|poke|p1|Slowking-Galar, F|\n|poke|p1|Pelipper, F|\n|poke|p1|Barraskewda, F|\n|poke|p1|Rillaboom, F|\n|poke|p2|Cinderace, F|\n|poke|p2|Iron Hands|\n|poke|p2|Gastrodon, F|\n|poke|p2|Iron Valiant|\n|poke|p2|Ogerpon-Wellspring, F|\n|poke|p2|Iron Treads|\n|teampreview\n|inactive|Battle timer is ON: inactive players will automatically lose when time's up. (requested by Tapu Shiesty)\n|\n|t:|1699733024\n|start\n|switch|p1a: Pelipper|Pelipper, F|100\/100\n|switch|p2a: Iron Hands|Iron Hands|100\/100\n|-weather|RainDance|[from] ability: Drizzle|[of] p1a: Pelipper\n|turn|1\n|\n|t:|1699733028\n|move|p1a: Pelipper|U-turn|p2a: Iron Hands\n|-resisted|p2a: Iron Hands\n|-damage|p2a: Iron Hands|98\/100\n|\n|t:|1699733030\n|switch|p1a: Rillaboom|Rillaboom, F|100\/100|[from] U-turn\n|-fieldstart|move: Grassy Terrain|[from] ability: Grassy Surge|[of] p1a: Rillaboom\n|move|p2a: Iron Hands|Volt Switch|p1a: Rillaboom\n|-resisted|p1a: Rillaboom\n|-damage|p1a: Rillaboom|93\/100\n|\n|t:|1699733038\n|-end|p2a: Iron Hands|Quark Drive|[silent]\n|switch|p2a: Cinderace|Cinderace, F|100\/100|[from] Volt Switch\n|\n|-weather|RainDance|[upkeep]\n|-heal|p1a: Rillaboom|99\/100|[from] Grassy Terrain\n|-heal|p1a: Rillaboom|100\/100|[from] item: Leftovers\n|upkeep\n|turn|2\n|\n|t:|1699733045\n|move|p1a: Rillaboom|Protect|p1a: Rillaboom\n|-singleturn|p1a: Rillaboom|Protect\n|move|p2a: Cinderace|High Jump Kick|p1a: Rillaboom\n|-activate|p1a: Rillaboom|move: Protect\n|-damage|p2a: Cinderace|51\/100|[from] highjumpkick\n|\n|-weather|RainDance|[upkeep]\n|-heal|p2a: Cinderace|57\/100|[from] Grassy Terrain\n|upkeep\n|turn|3\n|\n|t:|1699733069\n|switch|p2a: Iron Hands|Iron Hands|98\/100\n|move|p1a: Rillaboom|Drain Punch|p2a: Iron Hands\n|-damage|p2a: Iron Hands|82\/100\n|\n|-weather|RainDance|[upkeep]\n|-heal|p2a: Iron Hands|88\/100|[from] Grassy Terrain\n|-heal|p2a: Iron Hands|94\/100|[from] item: Leftovers\n|upkeep\n|turn|4\n|\n|t:|1699733075\n|move|p1a: Rillaboom|Protect|p1a: Rillaboom\n|-singleturn|p1a: Rillaboom|Protect\n|move|p2a: Iron Hands|Drain Punch|p1a: Rillaboom\n|-activate|p1a: Rillaboom|move: Protect\n|\n|-weather|RainDance|[upkeep]\n|-heal|p2a: Iron Hands|100\/100|[from] Grassy Terrain\n|upkeep\n|turn|5\n|\n|t:|1699733081\n|move|p1a: Rillaboom|U-turn|p2a: Iron Hands\n|-resisted|p2a: Iron Hands\n|-damage|p2a: Iron Hands|93\/100\n|\n|t:|1699733088\n|switch|p1a: Slowking|Slowking-Galar, F|100\/100|[from] U-turn\n|move|p2a: Iron Hands|Volt Switch|p1a: Slowking\n|-damage|p1a: Slowking|94\/100\n|\n|t:|1699733096\n|-end|p2a: Iron Hands|Quark Drive|[silent]\n|switch|p2a: Iron Treads|Iron Treads|100\/100|[from] Volt Switch\n|\n|-weather|RainDance|[upkeep]\n|-heal|p1a: Slowking|99\/100|[from] Grassy Terrain\n|-fieldend|move: Grassy Terrain\n|upkeep\n|turn|6\n|\n|t:|1699733103\n|switch|p1a: Rillaboom|Rillaboom, F|100\/100\n|-fieldstart|move: Grassy Terrain|[from] ability: Grassy Surge|[of] p1a: Rillaboom\n|move|p2a: Iron Treads|Megahorn|p1a: Rillaboom\n|-supereffective|p1a: Rillaboom\n|-damage|p1a: Rillaboom|39\/100\n|\n|-weather|RainDance|[upkeep]\n|-heal|p1a: Rillaboom|46\/100|[from] Grassy Terrain\n|-heal|p1a: Rillaboom|52\/100|[from] item: Leftovers\n|upkeep\n|turn|7\n|\n|t:|1699733115\n|-end|p2a: Iron Treads|Quark Drive|[silent]\n|switch|p2a: Cinderace|Cinderace, F|57\/100\n|move|p1a: Rillaboom|Protect||[still]\n|-fail|p1a: Rillaboom\n|\n|-weather|RainDance|[upkeep]\n|-heal|p2a: Cinderace|63\/100|[from] Grassy Terrain\n|-heal|p1a: Rillaboom|58\/100|[from] Grassy Terrain\n|-heal|p1a: Rillaboom|64\/100|[from] item: Leftovers\n|upkeep\n|turn|8\n|\n|t:|1699733119\n|move|p1a: Rillaboom|Protect|p1a: Rillaboom\n|-singleturn|p1a: Rillaboom|Protect\n|move|p2a: Cinderace|Swords Dance|p2a: Cinderace\n|-boost|p2a: Cinderace|atk|2\n|\n|-weather|none\n|-heal|p2a: Cinderace|69\/100|[from] Grassy Terrain\n|-heal|p1a: Rillaboom|70\/100|[from] Grassy Terrain\n|-heal|p1a: Rillaboom|76\/100|[from] item: Leftovers\n|upkeep\n|turn|9\n|\n|t:|1699733126\n|move|p2a: Cinderace|Pyro Ball|p1a: Rillaboom\n|-supereffective|p1a: Rillaboom\n|-damage|p1a: Rillaboom|0 fnt\n|faint|p1a: Rillaboom\n|\n|-heal|p2a: Cinderace|75\/100|[from] Grassy Terrain\n|upkeep\n|\n|t:|1699733130\n|switch|p1a: Barraskewda|Barraskewda, F|100\/100\n|turn|10\n|\n|t:|1699733136\n|switch|p2a: Ogerpon|Ogerpon-Wellspring, F|100\/100\n|move|p1a: Barraskewda|Close Combat|p2a: Ogerpon\n|-damage|p2a: Ogerpon|21\/100\n|-unboost|p1a: Barraskewda|def|1\n|-unboost|p1a: Barraskewda|spd|1\n|\n|-heal|p2a: Ogerpon|27\/100|[from] Grassy Terrain\n|-fieldend|move: Grassy Terrain\n|upkeep\n|turn|11\n|inactive|Tapu Shiesty has 120 seconds left.\n|\n|t:|1699733166\n|move|p1a: Barraskewda|Close Combat|p2a: Ogerpon\n|-damage|p2a: Ogerpon|0 fnt\n|-unboost|p1a: Barraskewda|def|1\n|-unboost|p1a: Barraskewda|spd|1\n|faint|p2a: Ogerpon\n|\n|upkeep\n|inactive|Tapu Shiesty has 120 seconds left.\n|\n|t:|1699733175\n|switch|p2a: Iron Hands|Iron Hands|93\/100\n|turn|12\n|\n|t:|1699733181\n|switch|p1a: Slowking|Slowking-Galar, F|100\/100\n|move|p2a: Iron Hands|Wild Charge|p1a: Slowking\n|-damage|p1a: Slowking|43\/100\n|-damage|p2a: Iron Hands|82\/100|[from] Recoil\n|\n|-heal|p2a: Iron Hands|88\/100|[from] item: Leftovers\n|upkeep\n|turn|13\n|\n|t:|1699733190\n|move|p2a: Iron Hands|Wild Charge|p1a: Slowking\n|-damage|p1a: Slowking|0 fnt\n|faint|p1a: Slowking\n|-damage|p2a: Iron Hands|80\/100|[from] Recoil\n|\n|-heal|p2a: Iron Hands|86\/100|[from] item: Leftovers\n|upkeep\n|\n|t:|1699733199\n|switch|p1a: Pelipper|Pelipper, F|100\/100\n|-weather|RainDance|[from] ability: Drizzle|[of] p1a: Pelipper\n|turn|14\n|\n|t:|1699733203\n|-end|p2a: Iron Hands|Quark Drive|[silent]\n|switch|p2a: Gastrodon|Gastrodon, F|100\/100\n|move|p1a: Pelipper|Hurricane|p2a: Gastrodon\n|-damage|p2a: Gastrodon|76\/100\n|\n|-weather|RainDance|[upkeep]\n|-heal|p2a: Gastrodon|82\/100|[from] item: Leftovers\n|upkeep\n|turn|15\n|\n|t:|1699733209\n|move|p1a: Pelipper|Knock Off|p2a: Gastrodon\n|-damage|p2a: Gastrodon|67\/100\n|-activate|p2a: Gastrodon|ability: Sticky Hold\n|move|p2a: Gastrodon|Earth Power|p1a: Pelipper\n|-immune|p1a: Pelipper\n|\n|-weather|RainDance|[upkeep]\n|-heal|p2a: Gastrodon|74\/100|[from] item: Leftovers\n|upkeep\n|turn|16\n|\n|t:|1699733214\n|move|p1a: Pelipper|U-turn|p2a: Gastrodon\n|-damage|p2a: Gastrodon|64\/100\n|\n|t:|1699733221\n|switch|p1a: Cinderace|Cinderace, F|100\/100|[from] U-turn\n|move|p2a: Gastrodon|Stealth Rock|p1a: Cinderace\n|-sidestart|p1: OkJuice100|move: Stealth Rock\n|\n|-weather|RainDance|[upkeep]\n|-heal|p2a: Gastrodon|70\/100|[from] item: Leftovers\n|upkeep\n|turn|17\n|\n|t:|1699733229\n|move|p1a: Cinderace|Weather Ball|p2a: Gastrodon\n|-start|p1a: Cinderace|typechange|Water|[from] ability: Libero\n|-crit|p2a: Gastrodon\n|-damage|p2a: Gastrodon|0 fnt\n|faint|p2a: Gastrodon\n|\n|-weather|RainDance|[upkeep]\n|upkeep\n|\n|t:|1699733252\n|switch|p2a: Iron Hands|Iron Hands|86\/100\n|turn|18\n|\n|t:|1699733258\n|move|p1a: Cinderace|Weather Ball|p2a: Iron Hands\n|-damage|p2a: Iron Hands|23\/100\n|move|p2a: Iron Hands|Drain Punch|p1a: Cinderace\n|-crit|p1a: Cinderace\n|-damage|p1a: Cinderace|9\/100\n|-heal|p2a: Iron Hands|50\/100|[from] drain|[of] p1a: Cinderace\n|\n|-weather|RainDance|[upkeep]\n|-heal|p2a: Iron Hands|57\/100|[from] item: Leftovers\n|upkeep\n|turn|19\n|\n|t:|1699733267\n|-terastallize|p2a: Iron Hands|Water\n|move|p1a: Cinderace|Weather Ball|p2a: Iron Hands\n|-resisted|p2a: Iron Hands\n|-damage|p2a: Iron Hands|22\/100\n|move|p2a: Iron Hands|Drain Punch|p1a: Cinderace\n|-damage|p1a: Cinderace|0 fnt\n|-heal|p2a: Iron Hands|25\/100|[from] drain|[of] p1a: Cinderace\n|faint|p1a: Cinderace\n|\n|-weather|RainDance|[upkeep]\n|-heal|p2a: Iron Hands|31\/100|[from] item: Leftovers\n|upkeep\n|\n|t:|1699733272\n|switch|p1a: Barraskewda|Barraskewda, F|100\/100\n|-damage|p1a: Barraskewda|88\/100|[from] Stealth Rock\n|turn|20\n|\n|t:|1699733283\n|move|p1a: Barraskewda|Liquidation|p2a: Iron Hands\n|-resisted|p2a: Iron Hands\n|-damage|p2a: Iron Hands|3\/100\n|move|p2a: Iron Hands|Wild Charge|p1a: Barraskewda\n|-supereffective|p1a: Barraskewda\n|-damage|p1a: Barraskewda|0 fnt\n|faint|p1a: Barraskewda\n|-damage|p2a: Iron Hands|0 fnt|[from] Recoil\n|faint|p2a: Iron Hands\n|-end|p2a: Iron Hands|Quark Drive|[silent]\n|\n|-weather|RainDance|[upkeep]\n|upkeep\n|\n|t:|1699733298\n|switch|p1a: Greninja|Greninja, F|100\/100\n|switch|p2a: Cinderace|Cinderace, F|75\/100\n|-damage|p1a: Greninja|88\/100|[from] Stealth Rock\n|turn|21\n|\n|t:|1699733305\n|move|p2a: Cinderace|Sucker Punch|p1a: Greninja\n|-resisted|p1a: Greninja\n|-damage|p1a: Greninja|71\/100\n|move|p1a: Greninja|Surf|p2a: Cinderace\n|-start|p1a: Greninja|typechange|Water|[from] ability: Protean\n|-supereffective|p2a: Cinderace\n|-damage|p2a: Cinderace|0 fnt\n|faint|p2a: Cinderace\n|\n|-weather|none\n|upkeep\n|\n|t:|1699733316\n|switch|p2a: Iron Valiant|Iron Valiant|100\/100\n|-enditem|p2a: Iron Valiant|Booster Energy\n|-activate|p2a: Iron Valiant|ability: Quark Drive|[fromitem]\n|-start|p2a: Iron Valiant|quarkdrivespe\n|turn|22\n|\n|t:|1699733329\n|-terastallize|p1a: Greninja|Water\n|move|p1a: Greninja|Surf|p2a: Iron Valiant\n|-crit|p2a: Iron Valiant\n|-damage|p2a: Iron Valiant|0 fnt\n|faint|p2a: Iron Valiant\n|-end|p2a: Iron Valiant|Quark Drive|[silent]\n|\n|upkeep\n|\n|t:|1699733335\n|switch|p2a: Iron Treads|Iron Treads|100\/100\n|turn|23\n|\n|t:|1699733340\n|switch|p1a: Pelipper|Pelipper, F|100\/100\n|-damage|p1a: Pelipper|76\/100|[from] Stealth Rock\n|-weather|RainDance|[from] ability: Drizzle|[of] p1a: Pelipper\n|move|p2a: Iron Treads|Earthquake|p1a: Pelipper\n|-immune|p1a: Pelipper\n|\n|-weather|RainDance|[upkeep]\n|upkeep\n|turn|24\n|-message|Tapu Shiesty forfeited.\n|\n|win|OkJuice100\n|raw|OkJuice100's rating: 1235 &rarr; <strong>1268<\/strong><br \/>(+33 for winning)\n|raw|Tapu Shiesty's rating: 1349 &rarr; <strong>1323<\/strong><br \/>(-26 for losing)\n|l|\u2606Tapu Shiesty\n","uploadtime":1699733351,"views":27,"p1id":"okjuice100","p2id":"tapushiesty","formatid":"gen9ou","rating":1268,"private":0,"password":""}