{"id":"gen9ou-1995974541","p1":"gambeginning","p2":"yomaalt","format":"[Gen 9] OU","log":"|j|\u2606gambeginning\n|j|\u2606yomaalt\n|inactive|Battle timer is ON: inactive players will automatically lose when time's up.\n|t:|1700624068\n|gametype|singles\n|player|p1|gambeginning|biker-gen4|\n|player|p2|yomaalt|170|\n|teamsize|p1|6\n|teamsize|p2|6\n|gen|9\n|tier|[Gen 9] OU\n|rated|Tournament battle\n|rule|Sleep Clause Mod: Limit one foe put to sleep\n|rule|Species Clause: Limit one of each Pok\u00e9mon\n|rule|OHKO Clause: OHKO moves are banned\n|rule|Evasion Items Clause: Evasion items are banned\n|rule|Evasion Moves Clause: Evasion moves are banned\n|rule|Endless Battle Clause: Forcing endless battles is banned\n|rule|HP Percentage Mod: HP is shown in percentages\n|clearpoke\n|poke|p1|Greninja-*, M|\n|poke|p1|Iron Valiant|\n|poke|p1|Ogerpon-Wellspring, F|\n|poke|p1|Glimmora, M|\n|poke|p1|Landorus-Therian, M|\n|poke|p1|Iron Moth|\n|poke|p2|Glimmora, F|\n|poke|p2|Zamazenta-*|\n|poke|p2|Iron Valiant|\n|poke|p2|Lilligant-Hisui, F|\n|poke|p2|Ogerpon-Wellspring, F|\n|poke|p2|Weavile, M|\n|teampreview\n|c|\u2606yomaalt|GAMBLING!!\n|c|\u2606yomaalt|this mon i've got with me is the gambler's TRUE dream\n|\n|t:|1700624086\n|start\n|switch|p1a: Rain Man|Glimmora, M|100\/100\n|switch|p2a: Glimmora|Glimmora, F|100\/100\n|turn|1\n|c|\u2606yomaalt|glhf\n|\n|t:|1700624092\n|move|p2a: Glimmora|Earth Power|p1a: Rain Man\n|-supereffective|p1a: Rain Man\n|-enditem|p1a: Rain Man|Focus Sash\n|-damage|p1a: Rain Man|1\/100\n|-unboost|p1a: Rain Man|spd|1\n|move|p1a: Rain Man|Spikes|p2a: Glimmora\n|-sidestart|p2: yomaalt|Spikes\n|\n|upkeep\n|turn|2\n|\n|t:|1700624094\n|move|p1a: Rain Man|Spiky Shield|p1a: Rain Man\n|-singleturn|p1a: Rain Man|move: Protect\n|move|p2a: Glimmora|Mortal Spin|p1a: Rain Man\n|-activate|p1a: Rain Man|move: Protect\n|-damage|p2a: Glimmora|88\/100|[from] Spiky Shield|[of] p1a: Rain Man\n|\n|upkeep\n|turn|3\n|c|\u2606yomaalt|get over here\n|\n|t:|1700624105\n|move|p2a: Glimmora|Mortal Spin|p1a: Rain Man\n|-resisted|p1a: Rain Man\n|-damage|p1a: Rain Man|0 fnt\n|-activate|p1a: Rain Man|ability: Toxic Debris\n|-sidestart|p2: yomaalt|move: Toxic Spikes\n|-sideend|p2: yomaalt|Spikes|[from] move: Mortal Spin|[of] p2a: Glimmora\n|-sideend|p2: yomaalt|Toxic Spikes|[from] move: Mortal Spin|[of] p2a: Glimmora\n|faint|p1a: Rain Man\n|\n|upkeep\n|\n|t:|1700624116\n|switch|p1a: BUTTER BUNS|Landorus-Therian, M|100\/100\n|-ability|p1a: BUTTER BUNS|Intimidate|boost\n|-unboost|p2a: Glimmora|atk|1\n|turn|4\n|c|\u2606yomaalt|damn\n|c|\u2606yomaalt|dies\n|\n|t:|1700624132\n|move|p1a: BUTTER BUNS|Earth Power|p2a: Glimmora\n|-supereffective|p2a: Glimmora\n|-damage|p2a: Glimmora|0 fnt\n|faint|p2a: Glimmora\n|\n|upkeep\n|c|\u2606yomaalt|wtf cookage\n|\n|t:|1700624138\n|switch|p2a: Ogerpon|Ogerpon-Wellspring, F|100\/100\n|turn|5\n|\n|t:|1700624154\n|switch|p1a: Madame Haupt|Ogerpon-Wellspring, F|100\/100\n|move|p2a: Ogerpon|Swords Dance|p2a: Ogerpon\n|-boost|p2a: Ogerpon|atk|2\n|\n|upkeep\n|turn|6\n|\n|t:|1700624165\n|move|p1a: Madame Haupt|Power Whip|p2a: Ogerpon\n|-damage|p2a: Ogerpon|0 fnt\n|faint|p2a: Ogerpon\n|\n|upkeep\n|c|\u2606yomaalt|oh COME on bruh\n|\n|t:|1700624175\n|switch|p2a: Weavile|Weavile, M|100\/100\n|-ability|p2a: Weavile|Pressure\n|turn|7\n|c|\u2606gambeginning|it was a speed tie\n|c|\u2606gambeginning|lol\n|c|\u2606yomaalt|i know :(\n|j| ERGB\n|inactive|gambeginning has 120 seconds left.\n|\n|t:|1700624207\n|move|p2a: Weavile|Swords Dance|p2a: Weavile\n|-boost|p2a: Weavile|atk|2\n|move|p1a: Madame Haupt|Ivy Cudgel|p2a: Weavile|[anim] Ivy Cudgel Water\n|-damage|p2a: Weavile|0 fnt\n|faint|p2a: Weavile\n|\n|upkeep\n|c|\u2606gambeginning|but why\n|c|\u2606yomaalt|fuck\n|c|\u2606yomaalt|i forgot about weavile's bulk\n|c|\u2606yomaalt|shit is ASS!!\n|\n|t:|1700624224\n|switch|p2a: Lilligant|Lilligant-Hisui, F|100\/100\n|turn|8\n|c|\u2606gambeginning|this is an ogerpon\n|c|\u2606gambeginning|lol\n|c| ERGB|it's literally oger\n|c|\u2606yomaalt|alright GOAT i need you to PUT INT HE WORK\n|j|@mcp3\n|inactive|gambeginning has 120 seconds left.\n|j| knexhawk2\n|\n|t:|1700624239\n|switch|p1a: BUTTER BUNS|Landorus-Therian, M|100\/100\n|-ability|p1a: BUTTER BUNS|Intimidate|boost\n|-unboost|p2a: Lilligant|atk|1\n|move|p2a: Lilligant|Victory Dance|p2a: Lilligant\n|-boost|p2a: Lilligant|atk|1\n|-boost|p2a: Lilligant|def|1\n|-boost|p2a: Lilligant|spe|1\n|\n|upkeep\n|turn|9\n|c| knexhawk2|yoma you better win\n|c|\u2606yomaalt|naw trust the process on this one chief\n|\n|t:|1700624246\n|switch|p1a: volcarona @ home|Iron Moth|100\/100\n|-enditem|p1a: volcarona @ home|Booster Energy\n|-activate|p1a: volcarona @ home|ability: Quark Drive|[fromitem]\n|-start|p1a: volcarona @ home|quarkdrivespe\n|move|p2a: Lilligant|Victory Dance|p2a: Lilligant\n|-boost|p2a: Lilligant|atk|1\n|-boost|p2a: Lilligant|def|1\n|-boost|p2a: Lilligant|spe|1\n|\n|upkeep\n|turn|10\n|c|\u2606yomaalt|you don't understand\n|c|\u2606gambeginning|fuck me\n|c|\u2606yomaalt|if this MF doesn't FUCKING WHIFF\n|\n|t:|1700624257\n|move|p2a: Lilligant|Close Combat|p1a: volcarona @ home\n|-resisted|p1a: volcarona @ home\n|-damage|p1a: volcarona @ home|0 fnt\n|-unboost|p2a: Lilligant|def|1\n|-unboost|p2a: Lilligant|spd|1\n|faint|p1a: volcarona @ home\n|-end|p1a: volcarona @ home|Quark Drive|[silent]\n|-damage|p2a: Lilligant|91\/100|[from] item: Life Orb\n|\n|upkeep\n|c|\u2606yomaalt|i've won\n|\n|t:|1700624261\n|switch|p1a: BUTTER BUNS|Landorus-Therian, M|100\/100\n|-ability|p1a: BUTTER BUNS|Intimidate|boost\n|-unboost|p2a: Lilligant|atk|1\n|turn|11\n|c|@mcp3|??????\n|j| flamingwrench11234\n|c|@mcp3|how\n|\n|t:|1700624267\n|-terastallize|p1a: BUTTER BUNS|Fairy\n|move|p2a: Lilligant|Ice Spinner|p1a: BUTTER BUNS\n|-damage|p1a: BUTTER BUNS|44\/100\n|-damage|p2a: Lilligant|81\/100|[from] item: Life Orb\n|move|p1a: BUTTER BUNS|Tera Blast|p2a: Lilligant|[anim] Tera Blast Fairy\n|-supereffective|p2a: Lilligant\n|-damage|p2a: Lilligant|0 fnt\n|faint|p2a: Lilligant\n|\n|-heal|p1a: BUTTER BUNS|50\/100|[from] item: Leftovers\n|upkeep\n|c|@mcp3|did\n|c|@mcp3|that kill\n|c|\u2606yomaalt|BRO WHAT\n|c|@mcp3|The cc\n|c|@mcp3|oml\n|c|\u2606gambeginning|he was +2\n|c|\u2606gambeginning|and this is iron moth\n|c|\u2606gambeginning|also orb\n|c|\u2606yomaalt|oh yeah hustle hgant hits stupidly hard\n|\n|t:|1700624297\n|switch|p2a: Zamazenta|Zamazenta|100\/100\n|-ability|p2a: Zamazenta|Dauntless Shield|boost\n|-boost|p2a: Zamazenta|def|1\n|turn|12\n|c|\u2606gambeginning|Oh this is hustle too LOL\n|c|@mcp3|Oh it\u2019s hustle\n|c|\u2606gambeginning|holy based\n|c|@mcp3|rhats wgy\n|\n|t:|1700624305\n|move|p2a: Zamazenta|Heavy Slam|p1a: BUTTER BUNS\n|-supereffective|p1a: BUTTER BUNS\n|-damage|p1a: BUTTER BUNS|0 fnt\n|faint|p1a: BUTTER BUNS\n|\n|upkeep\n|c|\u2606yomaalt|the gambler's TRUE dream\n|c|@mcp3|LOL\n|l|@mcp3\n|c| flamingwrench11234|Valiant time\n|\n|t:|1700624330\n|switch|p1a: Discharge|Greninja, M|100\/100\n|turn|13\n|\n|t:|1700624335\n|move|p2a: Zamazenta|Close Combat|p1a: Discharge\n|-supereffective|p1a: Discharge\n|-damage|p1a: Discharge|0 fnt\n|-unboost|p2a: Zamazenta|def|1\n|-unboost|p2a: Zamazenta|spd|1\n|faint|p1a: Discharge\n|\n|upkeep\n|c|\u2606yomaalt|nah bro i win the ival speed tie SURELY??????????????\/\n|\n|t:|1700624343\n|switch|p1a: Tera Fairy Gambit|Iron Valiant|100\/100\n|-enditem|p1a: Tera Fairy Gambit|Booster Energy\n|-activate|p1a: Tera Fairy Gambit|ability: Quark Drive|[fromitem]\n|-start|p1a: Tera Fairy Gambit|quarkdrivespe\n|turn|14\n|\n|t:|1700624347\n|move|p1a: Tera Fairy Gambit|Spirit Break|p2a: Zamazenta\n|-supereffective|p2a: Zamazenta\n|-damage|p2a: Zamazenta|30\/100\n|-unboost|p2a: Zamazenta|spa|1\n|move|p2a: Zamazenta|Heavy Slam|p1a: Tera Fairy Gambit\n|-supereffective|p1a: Tera Fairy Gambit\n|-damage|p1a: Tera Fairy Gambit|4\/100\n|\n|upkeep\n|turn|15\n|c|\u2606yomaalt|yo\n|c|\u2606gambeginning|wow\n|c|\u2606yomaalt|alright listen\n|c|\u2606gambeginning|that didnt kill\n|c|\u2606yomaalt|never fucking use spirit break\n|c|\u2606gambeginning|u negative attack?\n|c|\u2606yomaalt|that move is so ass\n|\n|t:|1700624367\n|move|p1a: Tera Fairy Gambit|Spirit Break|p2a: Zamazenta\n|-supereffective|p2a: Zamazenta\n|-damage|p2a: Zamazenta|0 fnt\n|faint|p2a: Zamazenta\n|\n|upkeep\n|\n|t:|1700624369\n|switch|p2a: Iron Valiant|Iron Valiant|100\/100\n|-enditem|p2a: Iron Valiant|Booster Energy\n|-activate|p2a: Iron Valiant|ability: Quark Drive|[fromitem]\n|-start|p2a: Iron Valiant|quarkdrivespe\n|turn|16\n|c|\u2606gambeginning|VALIANT SPEED TIE\n|c|\u2606gambeginning|FUCK YEA\n|c|\u2606yomaalt|like i can't reccomend you use spirit break out of good faith\n|\n|t:|1700624384\n|-terastallize|p2a: Iron Valiant|Steel\n|move|p2a: Iron Valiant|Moonblast|p1a: Tera Fairy Gambit\n|-supereffective|p1a: Tera Fairy Gambit\n|-damage|p1a: Tera Fairy Gambit|0 fnt\n|faint|p1a: Tera Fairy Gambit\n|-end|p1a: Tera Fairy Gambit|Quark Drive|[silent]\n|\n|upkeep\n|c| flamingwrench11234|All comes doen to this\n|\n|t:|1700624386\n|switch|p1a: Madame Haupt|Ogerpon-Wellspring, F|100\/100\n|turn|17\n|c|\u2606yomaalt|no\n|\n|t:|1700624390\n|move|p2a: Iron Valiant|Moonblast|p1a: Madame Haupt\n|-damage|p1a: Madame Haupt|43\/100\n|move|p1a: Madame Haupt|Ivy Cudgel|p2a: Iron Valiant|[anim] Ivy Cudgel Water\n|-damage|p2a: Iron Valiant|25\/100\n|\n|upkeep\n|turn|18\n|c|\u2606yomaalt|gg\n|c|\u2606gambeginning|gg\n|\n|t:|1700624399\n|move|p2a: Iron Valiant|Moonblast|p1a: Madame Haupt\n|-damage|p1a: Madame Haupt|0 fnt\n|faint|p1a: Madame Haupt\n|\n|win|yomaalt\n","uploadtime":1700624253,"views":0,"p1id":"gambeginning","p2id":"yomaalt","formatid":"gen9ou","rating":0,"private":0,"password":""}