{"id":"gen9ou-1996281188","p1":"NXZ1024","p2":"Colmmadd","format":"[Gen 9] OU","log":"|j|\u2606NXZ1024\n|j|\u2606Colmmadd\n|t:|1700667117\n|gametype|singles\n|player|p1|NXZ1024|cynthia-gen4|1000\n|player|p2|Colmmadd|guitarist-gen4|1079\n|teamsize|p1|6\n|teamsize|p2|6\n|gen|9\n|tier|[Gen 9] OU\n|rated|\n|rule|Sleep Clause Mod: Limit one foe put to sleep\n|rule|Species Clause: Limit one of each Pok\u00e9mon\n|rule|OHKO Clause: OHKO moves are banned\n|rule|Evasion Items Clause: Evasion items are banned\n|rule|Evasion Moves Clause: Evasion moves are banned\n|rule|Endless Battle Clause: Forcing endless battles is banned\n|rule|HP Percentage Mod: HP is shown in percentages\n|clearpoke\n|poke|p1|Snorlax, F|\n|poke|p1|Kingambit, F|\n|poke|p1|Garchomp, M|\n|poke|p1|Chansey, F|\n|poke|p1|Gardevoir, M|\n|poke|p1|Glimmora, F|\n|poke|p2|Alomomola, M|\n|poke|p2|Ceruledge, F|\n|poke|p2|Greninja-*, F|\n|poke|p2|Dragapult, F|\n|poke|p2|Glimmora, F|\n|poke|p2|Iron Valiant|\n|teampreview\n|\n|t:|1700667128\n|start\n|switch|p1a: Glimmora|Glimmora, F|100\/100\n|switch|p2a: Glimmora|Glimmora, F|100\/100\n|turn|1\n|\n|t:|1700667137\n|move|p1a: Glimmora|Stealth Rock|p2a: Glimmora\n|-sidestart|p2: Colmmadd|move: Stealth Rock\n|move|p2a: Glimmora|Spikes|p1a: Glimmora\n|-sidestart|p1: NXZ1024|Spikes\n|\n|upkeep\n|turn|2\n|\n|t:|1700667142\n|move|p1a: Glimmora|Spikes|p2a: Glimmora\n|-sidestart|p2: Colmmadd|Spikes\n|move|p2a: Glimmora|Spikes|p1a: Glimmora\n|-sidestart|p1: NXZ1024|Spikes\n|\n|upkeep\n|turn|3\n|\n|t:|1700667151\n|move|p1a: Glimmora|Spikes|p2a: Glimmora\n|-sidestart|p2: Colmmadd|Spikes\n|move|p2a: Glimmora|Spikes|p1a: Glimmora\n|-sidestart|p1: NXZ1024|Spikes\n|\n|upkeep\n|turn|4\n|\n|t:|1700667159\n|move|p1a: Glimmora|Spikes|p2a: Glimmora\n|-sidestart|p2: Colmmadd|Spikes\n|move|p2a: Glimmora|Spikes||[still]\n|-fail|p2a: Glimmora\n|\n|upkeep\n|turn|5\n|\n|t:|1700667166\n|move|p1a: Glimmora|Gunk Shot|p2a: Glimmora\n|-resisted|p2a: Glimmora\n|-damage|p2a: Glimmora|96\/100\n|-activate|p2a: Glimmora|ability: Toxic Debris\n|-sidestart|p1: NXZ1024|move: Toxic Spikes\n|move|p2a: Glimmora|Toxic Spikes|p1a: Glimmora\n|-sidestart|p1: NXZ1024|move: Toxic Spikes\n|\n|-heal|p2a: Glimmora|100\/100|[from] item: Black Sludge\n|upkeep\n|turn|6\n|\n|t:|1700667175\n|switch|p1a: Chansey|Chansey, F|100\/100\n|-damage|p1a: Chansey|76\/100|[from] Spikes\n|-status|p1a: Chansey|tox\n|move|p2a: Glimmora|Mortal Spin|p1a: Chansey\n|-damage|p1a: Chansey|70\/100 tox\n|-sideend|p2: Colmmadd|Spikes|[from] move: Mortal Spin|[of] p2a: Glimmora\n|-sideend|p2: Colmmadd|Stealth Rock|[from] move: Mortal Spin|[of] p2a: Glimmora\n|\n|-damage|p1a: Chansey|64\/100 tox|[from] psn\n|upkeep\n|turn|7\n|\n|t:|1700667189\n|move|p2a: Glimmora|Mortal Spin|p1a: Chansey\n|-damage|p1a: Chansey|59\/100 tox\n|move|p1a: Chansey|Heal Bell|p1a: Chansey\n|-activate|p1a: Chansey|move: Heal Bell\n|-curestatus|p1a: Chansey|tox|[msg]\n|\n|upkeep\n|turn|8\n|\n|t:|1700667196\n|move|p2a: Glimmora|Mortal Spin|p1a: Chansey\n|-damage|p1a: Chansey|53\/100\n|-status|p1a: Chansey|psn\n|move|p1a: Chansey|Calm Mind|p1a: Chansey\n|-boost|p1a: Chansey|spa|1\n|-boost|p1a: Chansey|spd|1\n|\n|-damage|p1a: Chansey|40\/100 psn|[from] psn\n|upkeep\n|turn|9\n|\n|t:|1700667206\n|move|p2a: Glimmora|Mortal Spin|p1a: Chansey\n|-damage|p1a: Chansey|35\/100 psn\n|move|p1a: Chansey|Calm Mind|p1a: Chansey\n|-boost|p1a: Chansey|spa|1\n|-boost|p1a: Chansey|spd|1\n|\n|-damage|p1a: Chansey|23\/100 psn|[from] psn\n|upkeep\n|-enditem|p1a: Chansey|Aguav Berry|[eat]\n|-heal|p1a: Chansey|56\/100 psn|[from] item: Aguav Berry\n|turn|10\n|\n|t:|1700667220\n|move|p2a: Glimmora|Mortal Spin|p1a: Chansey\n|-damage|p1a: Chansey|50\/100 psn\n|move|p1a: Chansey|Calm Mind|p1a: Chansey\n|-boost|p1a: Chansey|spa|1\n|-boost|p1a: Chansey|spd|1\n|\n|-damage|p1a: Chansey|37\/100 psn|[from] psn\n|upkeep\n|turn|11\n|\n|t:|1700667227\n|move|p2a: Glimmora|Mortal Spin|p1a: Chansey\n|-damage|p1a: Chansey|32\/100 psn\n|move|p1a: Chansey|Heal Bell|p1a: Chansey\n|-activate|p1a: Chansey|move: Heal Bell\n|-curestatus|p1a: Chansey|psn|[msg]\n|\n|upkeep\n|turn|12\n|\n|t:|1700667233\n|move|p2a: Glimmora|Toxic|p1a: Chansey\n|-status|p1a: Chansey|tox\n|move|p1a: Chansey|Soft-Boiled|p1a: Chansey\n|-heal|p1a: Chansey|82\/100 tox\n|\n|-damage|p1a: Chansey|76\/100 tox|[from] psn\n|upkeep\n|turn|13\n|\n|t:|1700667241\n|move|p2a: Glimmora|Toxic|p1a: Chansey\n|-fail|p1a: Chansey|tox\n|move|p1a: Chansey|Heal Bell|p1a: Chansey\n|-activate|p1a: Chansey|move: Heal Bell\n|-curestatus|p1a: Chansey|tox|[msg]\n|\n|upkeep\n|turn|14\n|\n|t:|1700667247\n|move|p2a: Glimmora|Toxic|p1a: Chansey\n|-status|p1a: Chansey|tox\n|move|p1a: Chansey|Dazzling Gleam|p2a: Glimmora\n|-resisted|p2a: Glimmora\n|-damage|p2a: Glimmora|88\/100\n|\n|-heal|p2a: Glimmora|95\/100|[from] item: Black Sludge\n|-damage|p1a: Chansey|70\/100 tox|[from] psn\n|upkeep\n|turn|15\n|\n|t:|1700667257\n|move|p2a: Glimmora|Mortal Spin|p1a: Chansey\n|-damage|p1a: Chansey|64\/100 tox\n|move|p1a: Chansey|Heal Bell|p1a: Chansey\n|-activate|p1a: Chansey|move: Heal Bell\n|-curestatus|p1a: Chansey|tox|[msg]\n|\n|-heal|p2a: Glimmora|100\/100|[from] item: Black Sludge\n|upkeep\n|turn|16\n|\n|t:|1700667266\n|move|p2a: Glimmora|Toxic|p1a: Chansey\n|-status|p1a: Chansey|tox\n|move|p1a: Chansey|Calm Mind|p1a: Chansey\n|-boost|p1a: Chansey|spa|1\n|-boost|p1a: Chansey|spd|1\n|\n|-damage|p1a: Chansey|58\/100 tox|[from] psn\n|upkeep\n|turn|17\n|\n|t:|1700667278\n|move|p2a: Glimmora|Mortal Spin|p1a: Chansey\n|-damage|p1a: Chansey|52\/100 tox\n|move|p1a: Chansey|Calm Mind|p1a: Chansey\n|-boost|p1a: Chansey|spa|1\n|-boost|p1a: Chansey|spd|1\n|\n|-damage|p1a: Chansey|40\/100 tox|[from] psn\n|upkeep\n|turn|18\n|\n|t:|1700667284\n|move|p2a: Glimmora|Mortal Spin|p1a: Chansey\n|-damage|p1a: Chansey|34\/100 tox\n|move|p1a: Chansey|Heal Bell|p1a: Chansey\n|-activate|p1a: Chansey|move: Heal Bell\n|-curestatus|p1a: Chansey|tox|[msg]\n|\n|upkeep\n|turn|19\n|\n|t:|1700667290\n|move|p2a: Glimmora|Toxic|p1a: Chansey\n|-status|p1a: Chansey|tox\n|move|p1a: Chansey|Calm Mind|p1a: Chansey\n|-boost|p1a: Chansey|spa|1\n|-boost|p1a: Chansey|spd|1\n|\n|-damage|p1a: Chansey|28\/100 tox|[from] psn\n|upkeep\n|turn|20\n|\n|t:|1700667298\n|move|p2a: Glimmora|Mortal Spin|p1a: Chansey\n|-damage|p1a: Chansey|22\/100 tox\n|move|p1a: Chansey|Soft-Boiled|p1a: Chansey\n|-heal|p1a: Chansey|72\/100 tox\n|\n|-damage|p1a: Chansey|60\/100 tox|[from] psn\n|upkeep\n|turn|21\n|\n|t:|1700667308\n|switch|p2a: Iron Valiant|Iron Valiant|100\/100\n|-enditem|p2a: Iron Valiant|Booster Energy\n|-activate|p2a: Iron Valiant|ability: Quark Drive|[fromitem]\n|-start|p2a: Iron Valiant|quarkdrivespe\n|move|p1a: Chansey|Heal Bell|p1a: Chansey\n|-activate|p1a: Chansey|move: Heal Bell\n|-curestatus|p1a: Chansey|tox|[msg]\n|\n|upkeep\n|turn|22\n|\n|t:|1700667321\n|move|p2a: Iron Valiant|Close Combat|p1a: Chansey\n|-supereffective|p1a: Chansey\n|-damage|p1a: Chansey|0 fnt\n|-unboost|p2a: Iron Valiant|def|1\n|-unboost|p2a: Iron Valiant|spd|1\n|faint|p1a: Chansey\n|\n|upkeep\n|\n|t:|1700667331\n|switch|p1a: Glimmora|Glimmora, F|100\/100\n|-damage|p1a: Glimmora|76\/100|[from] Spikes\n|-sideend|p1: NXZ1024|move: Toxic Spikes|[of] p1a: Glimmora\n|turn|23\n|\n|t:|1700667335\n|move|p2a: Iron Valiant|Close Combat|p1a: Glimmora\n|-damage|p1a: Glimmora|10\/100\n|-unboost|p2a: Iron Valiant|def|1\n|-unboost|p2a: Iron Valiant|spd|1\n|-activate|p1a: Glimmora|ability: Toxic Debris\n|-sidestart|p2: Colmmadd|move: Toxic Spikes\n|move|p1a: Glimmora|Toxic|p2a: Iron Valiant\n|-status|p2a: Iron Valiant|tox\n|\n|-damage|p2a: Iron Valiant|94\/100 tox|[from] psn\n|upkeep\n|turn|24\n|\n|t:|1700667345\n|move|p2a: Iron Valiant|Knock Off|p1a: Glimmora\n|-damage|p1a: Glimmora|0 fnt\n|-activate|p1a: Glimmora|ability: Toxic Debris\n|-sidestart|p2: Colmmadd|move: Toxic Spikes\n|-enditem|p1a: Glimmora|Focus Sash|[from] move: Knock Off|[of] p2a: Iron Valiant\n|faint|p1a: Glimmora\n|\n|-damage|p2a: Iron Valiant|82\/100 tox|[from] psn\n|upkeep\n|\n|t:|1700667348\n|switch|p1a: Gardevoir|Gardevoir, M|100\/100\n|-damage|p1a: Gardevoir|76\/100|[from] Spikes\n|turn|25\n|\n|t:|1700667359\n|-terastallize|p1a: Gardevoir|Psychic\n|move|p2a: Iron Valiant|Knock Off|p1a: Gardevoir\n|-supereffective|p1a: Gardevoir\n|-damage|p1a: Gardevoir|0 fnt\n|faint|p1a: Gardevoir\n|\n|-damage|p2a: Iron Valiant|63\/100 tox|[from] psn\n|upkeep\n|\n|t:|1700667364\n|switch|p1a: Garchomp|Garchomp, M, shiny|100\/100\n|-damage|p1a: Garchomp|76\/100|[from] Spikes\n|turn|26\n|\n|t:|1700667370\n|move|p2a: Iron Valiant|Close Combat|p1a: Garchomp\n|-damage|p1a: Garchomp|17\/100\n|-unboost|p2a: Iron Valiant|def|1\n|-unboost|p2a: Iron Valiant|spd|1\n|-damage|p2a: Iron Valiant|51\/100 tox|[from] ability: Rough Skin|[of] p1a: Garchomp\n|move|p1a: Garchomp|Swords Dance|p1a: Garchomp\n|-boost|p1a: Garchomp|atk|2\n|\n|-damage|p2a: Iron Valiant|26\/100 tox|[from] psn\n|upkeep\n|turn|27\n|\n|t:|1700667380\n|move|p2a: Iron Valiant|Moonblast|p1a: Garchomp\n|-supereffective|p1a: Garchomp\n|-damage|p1a: Garchomp|0 fnt\n|faint|p1a: Garchomp\n|\n|-damage|p2a: Iron Valiant|0 fnt|[from] psn\n|faint|p2a: Iron Valiant\n|-end|p2a: Iron Valiant|Quark Drive|[silent]\n|upkeep\n|\n|t:|1700667387\n|switch|p2a: Glimmora|Glimmora, F|100\/100\n|switch|p1a: Snorlax|Snorlax, F, shiny|100\/100\n|-sideend|p2: Colmmadd|move: Toxic Spikes|[of] p2a: Glimmora\n|-damage|p1a: Snorlax|75\/100|[from] Spikes\n|turn|28\n|\n|t:|1700667393\n|move|p2a: Glimmora|Toxic|p1a: Snorlax\n|-immune|p1a: Snorlax|[from] ability: Immunity\n|move|p1a: Snorlax|Curse|p1a: Snorlax\n|-unboost|p1a: Snorlax|spe|1\n|-boost|p1a: Snorlax|atk|1\n|-boost|p1a: Snorlax|def|1\n|\n|-heal|p1a: Snorlax|82\/100|[from] item: Leftovers\n|upkeep\n|turn|29\n|\n|t:|1700667401\n|move|p2a: Glimmora|Toxic Spikes|p1a: Snorlax\n|-sidestart|p1: NXZ1024|move: Toxic Spikes\n|move|p1a: Snorlax|Curse|p1a: Snorlax\n|-unboost|p1a: Snorlax|spe|1\n|-boost|p1a: Snorlax|atk|1\n|-boost|p1a: Snorlax|def|1\n|\n|-heal|p1a: Snorlax|88\/100|[from] item: Leftovers\n|upkeep\n|turn|30\n|\n|t:|1700667408\n|move|p2a: Glimmora|Toxic Spikes|p1a: Snorlax\n|-sidestart|p1: NXZ1024|move: Toxic Spikes\n|move|p1a: Snorlax|Curse|p1a: Snorlax\n|-unboost|p1a: Snorlax|spe|1\n|-boost|p1a: Snorlax|atk|1\n|-boost|p1a: Snorlax|def|1\n|\n|-heal|p1a: Snorlax|94\/100|[from] item: Leftovers\n|upkeep\n|turn|31\n|\n|t:|1700667425\n|move|p2a: Glimmora|Mortal Spin|p1a: Snorlax\n|-damage|p1a: Snorlax|92\/100\n|move|p1a: Snorlax|Curse|p1a: Snorlax\n|-unboost|p1a: Snorlax|spe|1\n|-boost|p1a: Snorlax|atk|1\n|-boost|p1a: Snorlax|def|1\n|\n|-heal|p1a: Snorlax|98\/100|[from] item: Leftovers\n|upkeep\n|turn|32\n|\n|t:|1700667436\n|switch|p2a: Ceruledge|Ceruledge, F, shiny|100\/100\n|move|p1a: Snorlax|Curse|p1a: Snorlax\n|-unboost|p1a: Snorlax|spe|1\n|-boost|p1a: Snorlax|atk|1\n|-boost|p1a: Snorlax|def|1\n|\n|-heal|p1a: Snorlax|100\/100|[from] item: Leftovers\n|upkeep\n|turn|33\n|\n|t:|1700667447\n|move|p2a: Ceruledge|Close Combat|p1a: Snorlax\n|-supereffective|p1a: Snorlax\n|-damage|p1a: Snorlax|78\/100\n|-unboost|p2a: Ceruledge|def|1\n|-unboost|p2a: Ceruledge|spd|1\n|move|p1a: Snorlax|Body Slam|p2a: Ceruledge\n|-immune|p2a: Ceruledge\n|\n|-heal|p1a: Snorlax|84\/100|[from] item: Leftovers\n|upkeep\n|turn|34\n|\n|t:|1700667455\n|move|p2a: Ceruledge|Close Combat|p1a: Snorlax\n|-supereffective|p1a: Snorlax\n|-damage|p1a: Snorlax|62\/100\n|-unboost|p2a: Ceruledge|def|1\n|-unboost|p2a: Ceruledge|spd|1\n|move|p1a: Snorlax|Body Slam|p2a: Ceruledge\n|-immune|p2a: Ceruledge\n|\n|-heal|p1a: Snorlax|68\/100|[from] item: Leftovers\n|upkeep\n|turn|35\n|\n|t:|1700667465\n|move|p2a: Ceruledge|Close Combat|p1a: Snorlax\n|-supereffective|p1a: Snorlax\n|-damage|p1a: Snorlax|46\/100\n|-unboost|p2a: Ceruledge|def|1\n|-unboost|p2a: Ceruledge|spd|1\n|move|p1a: Snorlax|Curse|p1a: Snorlax\n|-unboost|p1a: Snorlax|spe|1\n|-boost|p1a: Snorlax|atk|1\n|-boost|p1a: Snorlax|def|1\n|\n|-heal|p1a: Snorlax|52\/100|[from] item: Leftovers\n|upkeep\n|turn|36\n|\n|t:|1700667474\n|move|p2a: Ceruledge|Close Combat|p1a: Snorlax\n|-supereffective|p1a: Snorlax\n|-damage|p1a: Snorlax|34\/100\n|-unboost|p2a: Ceruledge|def|1\n|-unboost|p2a: Ceruledge|spd|1\n|move|p1a: Snorlax|Curse|p1a: Snorlax\n|\n|-heal|p1a: Snorlax|40\/100|[from] item: Leftovers\n|upkeep\n|turn|37\n|\n|t:|1700667482\n|move|p2a: Ceruledge|Close Combat|p1a: Snorlax\n|-supereffective|p1a: Snorlax\n|-damage|p1a: Snorlax|20\/100\n|-unboost|p2a: Ceruledge|def|1\n|-unboost|p2a: Ceruledge|spd|1\n|move|p1a: Snorlax|Curse|p1a: Snorlax\n|\n|-heal|p1a: Snorlax|26\/100|[from] item: Leftovers\n|upkeep\n|turn|38\n|\n|t:|1700667490\n|move|p2a: Ceruledge|Close Combat|p1a: Snorlax\n|-supereffective|p1a: Snorlax\n|-damage|p1a: Snorlax|7\/100\n|-unboost|p2a: Ceruledge|def|1\n|-unboost|p2a: Ceruledge|spd|1\n|move|p1a: Snorlax|Rest|p1a: Snorlax\n|-status|p1a: Snorlax|slp|[from] move: Rest\n|-heal|p1a: Snorlax|100\/100 slp|[silent]\n|\n|upkeep\n|turn|39\n|\n|t:|1700667498\n|move|p2a: Ceruledge|Close Combat|p1a: Snorlax\n|-supereffective|p1a: Snorlax\n|-damage|p1a: Snorlax|82\/100 slp\n|cant|p1a: Snorlax|slp\n|move|p1a: Snorlax|Sleep Talk|p1a: Snorlax\n|move|p1a: Snorlax|Body Slam|p2a: Ceruledge|[from]move: Sleep Talk\n|-immune|p2a: Ceruledge\n|\n|-heal|p1a: Snorlax|88\/100 slp|[from] item: Leftovers\n|upkeep\n|turn|40\n|\n|t:|1700667507\n|move|p2a: Ceruledge|Close Combat|p1a: Snorlax\n|-supereffective|p1a: Snorlax\n|-damage|p1a: Snorlax|69\/100 slp\n|cant|p1a: Snorlax|slp\n|move|p1a: Snorlax|Sleep Talk|p1a: Snorlax\n|move|p1a: Snorlax|Rest||[from]move: Sleep Talk|[still]\n|-fail|p1a: Snorlax\n|\n|-heal|p1a: Snorlax|75\/100 slp|[from] item: Leftovers\n|upkeep\n|turn|41\n|\n|t:|1700667519\n|move|p2a: Ceruledge|Bitter Blade|p1a: Snorlax\n|-damage|p1a: Snorlax|65\/100 slp\n|-curestatus|p1a: Snorlax|slp|[msg]\n|move|p1a: Snorlax|Sleep Talk||[still]\n|-fail|p1a: Snorlax\n|\n|-heal|p1a: Snorlax|71\/100|[from] item: Leftovers\n|upkeep\n|turn|42\n|\n|t:|1700667531\n|switch|p2a: Dragapult|Dragapult, F, shiny|100\/100\n|move|p1a: Snorlax|Curse|p1a: Snorlax\n|\n|-heal|p1a: Snorlax|77\/100|[from] item: Leftovers\n|upkeep\n|turn|43\n|\n|t:|1700667542\n|move|p2a: Dragapult|Fire Blast|p1a: Snorlax\n|-damage|p1a: Snorlax|63\/100\n|move|p1a: Snorlax|Body Slam|p2a: Dragapult\n|-immune|p2a: Dragapult\n|\n|-heal|p1a: Snorlax|69\/100|[from] item: Leftovers\n|upkeep\n|turn|44\n|\n|t:|1700667554\n|move|p2a: Dragapult|Fire Blast|p1a: Snorlax\n|-damage|p1a: Snorlax|56\/100\n|move|p1a: Snorlax|Curse|p1a: Snorlax\n|\n|-heal|p1a: Snorlax|62\/100|[from] item: Leftovers\n|upkeep\n|turn|45\n|\n|t:|1700667560\n|move|p2a: Dragapult|Fire Blast|p1a: Snorlax\n|-damage|p1a: Snorlax|47\/100\n|move|p1a: Snorlax|Curse|p1a: Snorlax\n|\n|-heal|p1a: Snorlax|53\/100|[from] item: Leftovers\n|upkeep\n|turn|46\n|\n|t:|1700667567\n|move|p2a: Dragapult|Fire Blast|p1a: Snorlax\n|-damage|p1a: Snorlax|39\/100\n|move|p1a: Snorlax|Curse|p1a: Snorlax\n|\n|-heal|p1a: Snorlax|45\/100|[from] item: Leftovers\n|upkeep\n|turn|47\n|\n|t:|1700667573\n|move|p2a: Dragapult|Fire Blast|p1a: Snorlax\n|-damage|p1a: Snorlax|32\/100\n|move|p1a: Snorlax|Curse|p1a: Snorlax\n|\n|-heal|p1a: Snorlax|38\/100|[from] item: Leftovers\n|upkeep\n|turn|48\n|\n|t:|1700667578\n|move|p2a: Dragapult|Fire Blast|p1a: Snorlax\n|-damage|p1a: Snorlax|23\/100\n|move|p1a: Snorlax|Curse|p1a: Snorlax\n|\n|-heal|p1a: Snorlax|29\/100|[from] item: Leftovers\n|upkeep\n|turn|49\n|\n|t:|1700667584\n|move|p2a: Dragapult|Fire Blast|p1a: Snorlax\n|-damage|p1a: Snorlax|16\/100\n|move|p1a: Snorlax|Curse|p1a: Snorlax\n|\n|-heal|p1a: Snorlax|22\/100|[from] item: Leftovers\n|upkeep\n|turn|50\n|\n|t:|1700667591\n|move|p2a: Dragapult|Fire Blast|p1a: Snorlax\n|-damage|p1a: Snorlax|9\/100\n|move|p1a: Snorlax|Curse|p1a: Snorlax\n|\n|-heal|p1a: Snorlax|15\/100|[from] item: Leftovers\n|upkeep\n|turn|51\n|\n|t:|1700667610\n|switch|p2a: Greninja|Greninja, F, shiny|100\/100\n|move|p1a: Snorlax|Rest|p1a: Snorlax\n|-status|p1a: Snorlax|slp|[from] move: Rest\n|-heal|p1a: Snorlax|100\/100 slp|[silent]\n|\n|upkeep\n|turn|52\n|\n|t:|1700667621\n|move|p2a: Greninja|Water Shuriken|p1a: Snorlax\n|-start|p2a: Greninja|typechange|Water|[from] ability: Protean\n|-damage|p1a: Snorlax|97\/100 slp\n|-damage|p1a: Snorlax|93\/100 slp\n|-damage|p1a: Snorlax|89\/100 slp\n|-hitcount|p1a: Snorlax|3\n|-damage|p2a: Greninja|91\/100|[from] item: Life Orb\n|cant|p1a: Snorlax|slp\n|move|p1a: Snorlax|Sleep Talk|p1a: Snorlax\n|move|p1a: Snorlax|Rest||[from]move: Sleep Talk|[still]\n|-fail|p1a: Snorlax\n|\n|-heal|p1a: Snorlax|95\/100 slp|[from] item: Leftovers\n|upkeep\n|turn|53\n|\n|t:|1700667641\n|move|p2a: Greninja|Dark Pulse|p1a: Snorlax\n|-damage|p1a: Snorlax|81\/100 slp\n|-damage|p2a: Greninja|81\/100|[from] item: Life Orb\n|cant|p1a: Snorlax|slp\n|move|p1a: Snorlax|Sleep Talk|p1a: Snorlax\n|move|p1a: Snorlax|Curse|p1a: Snorlax|[from]move: Sleep Talk\n|\n|-heal|p1a: Snorlax|87\/100 slp|[from] item: Leftovers\n|upkeep\n|turn|54\n|\n|t:|1700667652\n|move|p2a: Greninja|Dark Pulse|p1a: Snorlax\n|-damage|p1a: Snorlax|74\/100 slp\n|-damage|p2a: Greninja|71\/100|[from] item: Life Orb\n|-curestatus|p1a: Snorlax|slp|[msg]\n|move|p1a: Snorlax|Sleep Talk||[still]\n|-fail|p1a: Snorlax\n|\n|-heal|p1a: Snorlax|80\/100|[from] item: Leftovers\n|upkeep\n|turn|55\n|\n|t:|1700667662\n|move|p2a: Greninja|Chilling Water|p1a: Snorlax\n|-damage|p1a: Snorlax|68\/100\n|-unboost|p1a: Snorlax|atk|1\n|-damage|p2a: Greninja|61\/100|[from] item: Life Orb\n|move|p1a: Snorlax|Body Slam|p2a: Greninja\n|-damage|p2a: Greninja|0 fnt\n|faint|p2a: Greninja\n|\n|-heal|p1a: Snorlax|74\/100|[from] item: Leftovers\n|upkeep\n|\n|t:|1700667674\n|switch|p2a: Dragapult|Dragapult, F, shiny|100\/100\n|turn|56\n|\n|t:|1700667681\n|move|p2a: Dragapult|Thunderbolt|p1a: Snorlax\n|-damage|p1a: Snorlax|63\/100\n|move|p1a: Snorlax|Body Slam|p2a: Dragapult\n|-immune|p2a: Dragapult\n|\n|-heal|p1a: Snorlax|69\/100|[from] item: Leftovers\n|upkeep\n|turn|57\n|\n|t:|1700667687\n|move|p2a: Dragapult|Thunderbolt|p1a: Snorlax\n|-crit|p1a: Snorlax\n|-damage|p1a: Snorlax|53\/100\n|move|p1a: Snorlax|Body Slam|p2a: Dragapult\n|-immune|p2a: Dragapult\n|\n|-heal|p1a: Snorlax|59\/100|[from] item: Leftovers\n|upkeep\n|turn|58\n|\n|t:|1700667696\n|move|p2a: Dragapult|Thunderbolt|p1a: Snorlax\n|-damage|p1a: Snorlax|48\/100\n|move|p1a: Snorlax|Body Slam|p2a: Dragapult\n|-immune|p2a: Dragapult\n|\n|-heal|p1a: Snorlax|54\/100|[from] item: Leftovers\n|upkeep\n|turn|59\n|\n|t:|1700667706\n|move|p2a: Dragapult|Thunderbolt|p1a: Snorlax\n|-damage|p1a: Snorlax|43\/100\n|move|p1a: Snorlax|Body Slam|p2a: Dragapult\n|-immune|p2a: Dragapult\n|\n|-heal|p1a: Snorlax|49\/100|[from] item: Leftovers\n|upkeep\n|turn|60\n|\n|t:|1700667723\n|move|p2a: Dragapult|Thunderbolt|p1a: Snorlax\n|-damage|p1a: Snorlax|37\/100\n|move|p1a: Snorlax|Body Slam|p2a: Dragapult\n|-immune|p2a: Dragapult\n|\n|-heal|p1a: Snorlax|43\/100|[from] item: Leftovers\n|upkeep\n|turn|61\n|inactive|Battle timer is ON: inactive players will automatically lose when time's up. (requested by Colmmadd)\n|\n|t:|1700667738\n|move|p2a: Dragapult|Thunderbolt|p1a: Snorlax\n|-damage|p1a: Snorlax|32\/100\n|move|p1a: Snorlax|Body Slam|p2a: Dragapult\n|-immune|p2a: Dragapult\n|\n|-heal|p1a: Snorlax|38\/100|[from] item: Leftovers\n|upkeep\n|turn|62\n|\n|t:|1700667753\n|move|p2a: Dragapult|Thunderbolt|p1a: Snorlax\n|-damage|p1a: Snorlax|26\/100\n|move|p1a: Snorlax|Body Slam|p2a: Dragapult\n|-immune|p2a: Dragapult\n|\n|-heal|p1a: Snorlax|32\/100|[from] item: Leftovers\n|upkeep\n|turn|63\n|c|\u2606NXZ1024|I can do this all day! :)\n|\n|t:|1700667779\n|move|p2a: Dragapult|Thunderbolt|p1a: Snorlax\n|-damage|p1a: Snorlax|20\/100\n|move|p1a: Snorlax|Body Slam|p2a: Dragapult\n|-immune|p2a: Dragapult\n|\n|-heal|p1a: Snorlax|26\/100|[from] item: Leftovers\n|upkeep\n|turn|64\n|inactive|NXZ1024 has 120 seconds left.\n|\n|t:|1700667805\n|move|p2a: Dragapult|Thunderbolt|p1a: Snorlax\n|-damage|p1a: Snorlax|15\/100\n|-status|p1a: Snorlax|par\n|move|p1a: Snorlax|Body Slam|p2a: Dragapult\n|-immune|p2a: Dragapult\n|\n|-heal|p1a: Snorlax|21\/100 par|[from] item: Leftovers\n|upkeep\n|turn|65\n|\n|t:|1700667813\n|move|p2a: Dragapult|Thunderbolt|p1a: Snorlax\n|-damage|p1a: Snorlax|9\/100 par\n|cant|p1a: Snorlax|par\n|\n|-heal|p1a: Snorlax|15\/100 par|[from] item: Leftovers\n|upkeep\n|turn|66\n|\n|t:|1700667818\n|move|p2a: Dragapult|Thunderbolt|p1a: Snorlax\n|-crit|p1a: Snorlax\n|-damage|p1a: Snorlax|0 fnt\n|faint|p1a: Snorlax\n|\n|upkeep\n|\n|t:|1700667824\n|switch|p1a: Kingambit|Kingambit, F, shiny|100\/100\n|-damage|p1a: Kingambit|75\/100|[from] Spikes\n|-activate|p1a: Kingambit|ability: Supreme Overlord\n|-start|p1a: Kingambit|fallen5|[silent]\n|turn|67\n|c|\u2606Colmmadd|guess not\n|-activate|p1a: Kingambit|item: Quick Claw\n|\n|t:|1700667832\n|move|p1a: Kingambit|Sucker Punch|p2a: Dragapult\n|-supereffective|p2a: Dragapult\n|-damage|p2a: Dragapult|0 fnt\n|faint|p2a: Dragapult\n|\n|upkeep\n|\n|t:|1700667839\n|switch|p2a: Ceruledge|Ceruledge, F, shiny|100\/100\n|turn|68\n|\n|t:|1700667847\n|move|p1a: Kingambit|Sucker Punch|p2a: Ceruledge\n|-supereffective|p2a: Ceruledge\n|-damage|p2a: Ceruledge|0 fnt\n|faint|p2a: Ceruledge\n|\n|upkeep\n|\n|t:|1700667853\n|switch|p2a: Alomomola|Alomomola, M, shiny|100\/100\n|turn|69\n|\n|t:|1700667857\n|switch|p2a: Glimmora|Glimmora, F|100\/100\n|move|p1a: Kingambit|Sucker Punch||[still]\n|-fail|p1a: Kingambit\n|\n|upkeep\n|turn|70\n|-activate|p1a: Kingambit|item: Quick Claw\n|\n|t:|1700667863\n|switch|p2a: Alomomola|Alomomola, M, shiny|100\/100\n|move|p1a: Kingambit|Sucker Punch||[still]\n|-fail|p1a: Kingambit\n|\n|upkeep\n|turn|71\n|\n|t:|1700667869\n|switch|p2a: Glimmora|Glimmora, F|100\/100\n|move|p1a: Kingambit|Night Slash|p2a: Glimmora\n|-damage|p2a: Glimmora|56\/100\n|\n|-heal|p2a: Glimmora|62\/100|[from] item: Black Sludge\n|upkeep\n|turn|72\n|\n|t:|1700667879\n|move|p2a: Glimmora|Mortal Spin|p1a: Kingambit\n|-immune|p1a: Kingambit\n|move|p1a: Kingambit|Night Slash|p2a: Glimmora\n|-damage|p2a: Glimmora|14\/100\n|\n|-heal|p2a: Glimmora|20\/100|[from] item: Black Sludge\n|upkeep\n|turn|73\n|-activate|p1a: Kingambit|item: Quick Claw\n|\n|t:|1700667887\n|switch|p2a: Alomomola|Alomomola, M, shiny|100\/100\n|move|p1a: Kingambit|Night Slash|p2a: Alomomola\n|-damage|p2a: Alomomola|57\/100\n|\n|upkeep\n|turn|74\n|\n|t:|1700667894\n|switch|p2a: Glimmora|Glimmora, F|20\/100\n|move|p1a: Kingambit|Sucker Punch||[still]\n|-fail|p1a: Kingambit\n|\n|-heal|p2a: Glimmora|27\/100|[from] item: Black Sludge\n|upkeep\n|turn|75\n|-activate|p1a: Kingambit|item: Quick Claw\n|\n|t:|1700667900\n|switch|p2a: Alomomola|Alomomola, M, shiny|90\/100\n|move|p1a: Kingambit|Night Slash|p2a: Alomomola\n|-damage|p2a: Alomomola|46\/100\n|\n|upkeep\n|turn|76\n|\n|t:|1700667907\n|switch|p2a: Glimmora|Glimmora, F|27\/100\n|move|p1a: Kingambit|Night Slash|p2a: Glimmora\n|-crit|p2a: Glimmora\n|-damage|p2a: Glimmora|0 fnt\n|faint|p2a: Glimmora\n|\n|upkeep\n|\n|t:|1700667914\n|switch|p2a: Alomomola|Alomomola, M, shiny|79\/100\n|turn|77\n|\n|t:|1700667920\n|-terastallize|p2a: Alomomola|Normal\n|move|p1a: Kingambit|Sucker Punch|p2a: Alomomola\n|-damage|p2a: Alomomola|27\/100\n|move|p2a: Alomomola|Body Slam|p1a: Kingambit\n|-resisted|p1a: Kingambit\n|-damage|p1a: Kingambit|62\/100\n|-status|p1a: Kingambit|par\n|\n|upkeep\n|turn|78\n|-activate|p1a: Kingambit|item: Quick Claw\n|\n|t:|1700667929\n|cant|p1a: Kingambit|par\n|move|p2a: Alomomola|Liquidation|p1a: Kingambit\n|-damage|p1a: Kingambit|38\/100 par\n|\n|upkeep\n|turn|79\n|\n|t:|1700667938\n|move|p1a: Kingambit|Sucker Punch|p2a: Alomomola\n|-damage|p2a: Alomomola|0 fnt\n|faint|p2a: Alomomola\n|\n|win|NXZ1024\n|raw|NXZ1024's rating: 1000 &rarr; <strong>1049<\/strong><br \/>(+49 for winning)\n|raw|Colmmadd's rating: 1079 &rarr; <strong>1052<\/strong><br \/>(-27 for losing)\n|c|\u2606NXZ1024|Gg\n|l|\u2606Colmmadd\n","uploadtime":1700667983,"views":8,"p1id":"nxz1024","p2id":"colmmadd","formatid":"gen9ou","rating":1049,"private":0,"password":""}