{"id":"gen9ou-1996537225","p1":"Mr.Marvel19200","p2":"joanpo2000","format":"[Gen 9] OU","log":"|j|\u2606Mr.Marvel19200\n|j|\u2606joanpo2000\n|t:|1700691849\n|gametype|singles\n|player|p1|Mr.Marvel19200|juan|1155\n|player|p2|joanpo2000|266|1238\n|teamsize|p1|6\n|teamsize|p2|6\n|gen|9\n|tier|[Gen 9] OU\n|rated|\n|rule|Sleep Clause Mod: Limit one foe put to sleep\n|rule|Species Clause: Limit one of each Pok\u00e9mon\n|rule|OHKO Clause: OHKO moves are banned\n|rule|Evasion Items Clause: Evasion items are banned\n|rule|Evasion Moves Clause: Evasion moves are banned\n|rule|Endless Battle Clause: Forcing endless battles is banned\n|rule|HP Percentage Mod: HP is shown in percentages\n|clearpoke\n|poke|p1|Sableye, M|\n|poke|p1|Skeledirge, M|\n|poke|p1|Clodsire, F|\n|poke|p1|Weezing, M|\n|poke|p1|Forretress, F|\n|poke|p1|Samurott-Hisui, F|\n|poke|p2|Grimmsnarl, M|\n|poke|p2|Cinderace, F|\n|poke|p2|Landorus-Therian, M|\n|poke|p2|Jolteon, F|\n|poke|p2|Dragapult, F|\n|poke|p2|Grafaiai, M|\n|teampreview\n|\n|t:|1700691854\n|start\n|switch|p1a: Forretress|Forretress, F|100\/100\n|switch|p2a: Cinderace|Cinderace, F|100\/100\n|turn|1\n|inactive|Battle timer is ON: inactive players will automatically lose when time's up. (requested by Mr.Marvel19200)\n|\n|t:|1700691897\n|move|p2a: Cinderace|Pyro Ball|p1a: Forretress\n|-supereffective|p1a: Forretress\n|-ability|p1a: Forretress|Sturdy\n|-damage|p1a: Forretress|1\/100\n|-enditem|p1a: Forretress|Red Card|[of] p2a: Cinderace\n|drag|p2a: Landorus|Landorus-Therian, M|100\/100\n|-ability|p2a: Landorus|Intimidate|boost\n|-unboost|p1a: Forretress|atk|1\n|move|p1a: Forretress|Stealth Rock|p2a: Landorus\n|-sidestart|p2: joanpo2000|move: Stealth Rock\n|\n|upkeep\n|turn|2\n|\n|t:|1700691909\n|switch|p1a: Weezing|Weezing, M|100\/100\n|move|p2a: Landorus|U-turn|p1a: Weezing\n|-resisted|p1a: Weezing\n|-damage|p1a: Weezing|93\/100\n|\n|t:|1700691913\n|switch|p2a: Cinderace|Cinderace, F|100\/100|[from] U-turn\n|\n|-heal|p1a: Weezing|99\/100|[from] item: Leftovers\n|upkeep\n|turn|3\n|\n|t:|1700691931\n|switch|p1a: Forretress|Forretress, F|1\/100\n|move|p2a: Cinderace|Pyro Ball|p1a: Forretress\n|-supereffective|p1a: Forretress\n|-damage|p1a: Forretress|0 fnt\n|faint|p1a: Forretress\n|\n|upkeep\n|\n|t:|1700691939\n|switch|p1a: Sableye|Sableye, M|100\/100\n|turn|4\n|\n|t:|1700691945\n|switch|p2a: Grimmsnarl|Grimmsnarl, M|100\/100\n|-damage|p2a: Grimmsnarl|88\/100|[from] Stealth Rock\n|move|p1a: Sableye|Encore|p2a: Grimmsnarl\n|-hint|Since gen 7, Dark is immune to Prankster moves.\n|-immune|p2a: Grimmsnarl\n|\n|upkeep\n|turn|5\n|\n|t:|1700691956\n|move|p2a: Grimmsnarl|Light Screen|p2a: Grimmsnarl\n|-sidestart|p2: joanpo2000|move: Light Screen\n|move|p1a: Sableye|Knock Off|p2a: Grimmsnarl\n|-resisted|p2a: Grimmsnarl\n|-damage|p2a: Grimmsnarl|80\/100\n|-enditem|p2a: Grimmsnarl|Light Clay|[from] move: Knock Off|[of] p1a: Sableye\n|\n|upkeep\n|turn|6\n|\n|t:|1700691970\n|switch|p1a: Clodsire|Clodsire, F|100\/100\n|move|p2a: Grimmsnarl|Reflect|p2a: Grimmsnarl\n|-sidestart|p2: joanpo2000|Reflect\n|\n|upkeep\n|turn|7\n|\n|t:|1700691976\n|move|p2a: Grimmsnarl|Parting Shot|p1a: Clodsire\n|-unboost|p1a: Clodsire|atk|1\n|-unboost|p1a: Clodsire|spa|1\n|\n|t:|1700691980\n|switch|p2a: Landorus|Landorus-Therian, M|100\/100|[from] Parting Shot\n|-damage|p2a: Landorus|88\/100|[from] Stealth Rock\n|-ability|p2a: Landorus|Intimidate|boost\n|-unboost|p1a: Clodsire|atk|1\n|move|p1a: Clodsire|Toxic|p2a: Landorus\n|-status|p2a: Landorus|tox\n|\n|-damage|p2a: Landorus|82\/100 tox|[from] psn\n|upkeep\n|turn|8\n|\n|t:|1700691991\n|switch|p1a: Weezing|Weezing, M|99\/100\n|move|p2a: Landorus|U-turn|p1a: Weezing\n|-resisted|p1a: Weezing\n|-damage|p1a: Weezing|91\/100\n|\n|t:|1700692007\n|switch|p2a: Dragapult|Dragapult, F|100\/100|[from] U-turn\n|-damage|p2a: Dragapult|88\/100|[from] Stealth Rock\n|\n|-heal|p1a: Weezing|97\/100|[from] item: Leftovers\n|upkeep\n|turn|9\n|\n|t:|1700692015\n|switch|p1a: Clodsire|Clodsire, F|100\/100\n|move|p2a: Dragapult|U-turn|p1a: Clodsire\n|-resisted|p1a: Clodsire\n|-damage|p1a: Clodsire|83\/100\n|\n|t:|1700692030\n|switch|p2a: Cinderace|Cinderace, F|100\/100|[from] U-turn\n|\n|-heal|p1a: Clodsire|89\/100|[from] item: Black Sludge\n|upkeep\n|turn|10\n|\n|t:|1700692038\n|move|p2a: Cinderace|Court Change|p2a: Cinderace\n|-start|p2a: Cinderace|typechange|Normal|[from] ability: Libero\n|-swapsideconditions\n|-activate|p2a: Cinderace|move: Court Change\n|move|p1a: Clodsire|Toxic|p2a: Cinderace\n|-status|p2a: Cinderace|tox\n|\n|-heal|p1a: Clodsire|95\/100|[from] item: Black Sludge\n|-damage|p2a: Cinderace|95\/100 tox|[from] psn\n|-sideend|p1: Mr.Marvel19200|Reflect\n|upkeep\n|turn|11\n|\n|t:|1700692051\n|move|p2a: Cinderace|U-turn|p1a: Clodsire\n|-resisted|p1a: Clodsire\n|-damage|p1a: Clodsire|83\/100\n|\n|t:|1700692055\n|switch|p2a: Grafaiai|Grafaiai, M|100\/100|[from] U-turn\n|move|p1a: Clodsire|Stockpile|p1a: Clodsire\n|-start|p1a: Clodsire|stockpile1\n|-boost|p1a: Clodsire|def|1\n|-boost|p1a: Clodsire|spd|1\n|\n|-heal|p1a: Clodsire|90\/100|[from] item: Black Sludge\n|upkeep\n|turn|12\n|\n|t:|1700692066\n|move|p2a: Grafaiai|Encore|p1a: Clodsire\n|-start|p1a: Clodsire|Encore\n|move|p1a: Clodsire|Stockpile|p1a: Clodsire\n|-start|p1a: Clodsire|stockpile2\n|-boost|p1a: Clodsire|def|1\n|-boost|p1a: Clodsire|spd|1\n|\n|-heal|p1a: Clodsire|96\/100|[from] item: Black Sludge\n|-sideend|p1: Mr.Marvel19200|move: Light Screen\n|upkeep\n|turn|13\n|\n|t:|1700692084\n|switch|p1a: Weezing|Weezing, M|97\/100\n|-damage|p1a: Weezing|85\/100|[from] Stealth Rock\n|move|p2a: Grafaiai|Poison Jab|p1a: Weezing\n|-resisted|p1a: Weezing\n|-damage|p1a: Weezing|73\/100\n|\n|-heal|p1a: Weezing|79\/100|[from] item: Leftovers\n|upkeep\n|turn|14\n|\n|t:|1700692095\n|move|p2a: Grafaiai|Parting Shot|p1a: Weezing\n|-unboost|p1a: Weezing|atk|1\n|-unboost|p1a: Weezing|spa|1\n|\n|t:|1700692102\n|switch|p2a: Cinderace|Cinderace, F|95\/100 tox|[from] Parting Shot\n|move|p1a: Weezing|Will-O-Wisp||[still]\n|-fail|p1a: Weezing\n|\n|-heal|p1a: Weezing|85\/100|[from] item: Leftovers\n|-damage|p2a: Cinderace|89\/100 tox|[from] psn\n|upkeep\n|turn|15\n|\n|t:|1700692111\n|move|p2a: Cinderace|Pyro Ball|p1a: Weezing\n|-damage|p1a: Weezing|45\/100\n|move|p1a: Weezing|Stockpile|p1a: Weezing\n|-start|p1a: Weezing|stockpile1\n|-boost|p1a: Weezing|def|1\n|-boost|p1a: Weezing|spd|1\n|\n|-heal|p1a: Weezing|51\/100|[from] item: Leftovers\n|-damage|p2a: Cinderace|77\/100 tox|[from] psn\n|upkeep\n|turn|16\n|\n|t:|1700692125\n|move|p2a: Cinderace|Pyro Ball|p1a: Weezing\n|-damage|p1a: Weezing|25\/100\n|-status|p1a: Weezing|brn\n|move|p1a: Weezing|Stockpile|p1a: Weezing\n|-start|p1a: Weezing|stockpile2\n|-boost|p1a: Weezing|def|1\n|-boost|p1a: Weezing|spd|1\n|\n|-heal|p1a: Weezing|31\/100 brn|[from] item: Leftovers\n|-damage|p2a: Cinderace|59\/100 tox|[from] psn\n|-damage|p1a: Weezing|25\/100 brn|[from] brn\n|upkeep\n|turn|17\n|\n|t:|1700692137\n|move|p2a: Cinderace|Pyro Ball|p1a: Weezing\n|-damage|p1a: Weezing|5\/100 brn\n|move|p1a: Weezing|Rest|p1a: Weezing\n|-status|p1a: Weezing|slp|[from] move: Rest\n|-heal|p1a: Weezing|100\/100 slp|[silent]\n|\n|-damage|p2a: Cinderace|35\/100 tox|[from] psn\n|upkeep\n|turn|18\n|\n|t:|1700692147\n|move|p2a: Cinderace|U-turn|p1a: Weezing\n|-start|p2a: Cinderace|typechange|Bug|[from] ability: Libero\n|-resisted|p1a: Weezing\n|-damage|p1a: Weezing|95\/100 slp\n|inactive|joanpo2000 has 120 seconds left.\n|\n|t:|1700692178\n|switch|p2a: Grafaiai|Grafaiai, M|100\/100|[from] U-turn\n|cant|p1a: Weezing|slp\n|\n|-heal|p1a: Weezing|100\/100 slp|[from] item: Leftovers\n|upkeep\n|turn|19\n|\n|t:|1700692187\n|move|p2a: Grafaiai|Encore|p1a: Weezing\n|-start|p1a: Weezing|Encore\n|cant|p1a: Weezing|slp\n|\n|upkeep\n|turn|20\n|inactive|joanpo2000 has 120 seconds left.\n|\n|t:|1700692206\n|switch|p2a: Jolteon|Jolteon, F|100\/100\n|switch|p1a: Clodsire|Clodsire, F|96\/100\n|-damage|p1a: Clodsire|90\/100|[from] Stealth Rock\n|\n|-heal|p1a: Clodsire|96\/100|[from] item: Black Sludge\n|upkeep\n|turn|21\n|inactive|joanpo2000 has 120 seconds left.\n|\n|t:|1700692220\n|switch|p2a: Landorus|Landorus-Therian, M|82\/100 tox\n|-ability|p2a: Landorus|Intimidate|boost\n|-unboost|p1a: Clodsire|atk|1\n|move|p1a: Clodsire|Earthquake|p2a: Landorus\n|-immune|p2a: Landorus\n|\n|-heal|p1a: Clodsire|100\/100|[from] item: Black Sludge\n|-damage|p2a: Landorus|76\/100 tox|[from] psn\n|upkeep\n|turn|22\n|\n|t:|1700692231\n|switch|p1a: Weezing|Weezing, M|100\/100 slp\n|-damage|p1a: Weezing|88\/100 slp|[from] Stealth Rock\n|move|p2a: Landorus|Earthquake|p1a: Weezing\n|-immune|p1a: Weezing|[from] ability: Levitate\n|\n|-heal|p1a: Weezing|94\/100 slp|[from] item: Leftovers\n|-damage|p2a: Landorus|64\/100 tox|[from] psn\n|upkeep\n|turn|23\n|\n|t:|1700692244\n|move|p2a: Landorus|U-turn|p1a: Weezing\n|-resisted|p1a: Weezing\n|-damage|p1a: Weezing|87\/100 slp\n|\n|t:|1700692250\n|switch|p2a: Jolteon|Jolteon, F|100\/100|[from] U-turn\n|-curestatus|p1a: Weezing|slp|[msg]\n|move|p1a: Weezing|Will-O-Wisp|p2a: Jolteon\n|-status|p2a: Jolteon|brn\n|\n|-heal|p1a: Weezing|93\/100|[from] item: Leftovers\n|-damage|p2a: Jolteon|95\/100 brn|[from] brn\n|upkeep\n|turn|24\n|\n|t:|1700692263\n|switch|p1a: Clodsire|Clodsire, F|100\/100\n|-damage|p1a: Clodsire|94\/100|[from] Stealth Rock\n|move|p2a: Jolteon|Shadow Ball|p1a: Clodsire\n|-damage|p1a: Clodsire|75\/100\n|\n|-heal|p1a: Clodsire|81\/100|[from] item: Black Sludge\n|-damage|p2a: Jolteon|89\/100 brn|[from] brn\n|upkeep\n|turn|25\n|\n|t:|1700692279\n|switch|p2a: Grafaiai|Grafaiai, M|100\/100\n|move|p1a: Clodsire|Earthquake|p2a: Grafaiai\n|-supereffective|p2a: Grafaiai\n|-damage|p2a: Grafaiai|0 fnt\n|faint|p2a: Grafaiai\n|\n|-heal|p1a: Clodsire|87\/100|[from] item: Black Sludge\n|upkeep\n|\n|t:|1700692293\n|switch|p2a: Landorus|Landorus-Therian, M|64\/100 tox\n|-ability|p2a: Landorus|Intimidate|boost\n|-unboost|p1a: Clodsire|atk|1\n|turn|26\n|\n|t:|1700692299\n|switch|p1a: Weezing|Weezing, M|93\/100\n|-damage|p1a: Weezing|81\/100|[from] Stealth Rock\n|move|p2a: Landorus|U-turn|p1a: Weezing\n|-resisted|p1a: Weezing\n|-damage|p1a: Weezing|74\/100\n|\n|t:|1700692304\n|switch|p2a: Jolteon|Jolteon, F|89\/100 brn|[from] U-turn\n|\n|-heal|p1a: Weezing|80\/100|[from] item: Leftovers\n|-damage|p2a: Jolteon|83\/100 brn|[from] brn\n|upkeep\n|turn|27\n|\n|t:|1700692312\n|switch|p2a: Dragapult|Dragapult, F|88\/100\n|switch|p1a: Clodsire|Clodsire, F|87\/100\n|-damage|p1a: Clodsire|81\/100|[from] Stealth Rock\n|\n|-heal|p1a: Clodsire|87\/100|[from] item: Black Sludge\n|upkeep\n|turn|28\n|\n|t:|1700692321\n|-terastallize|p2a: Dragapult|Dragon\n|move|p2a: Dragapult|Outrage|p1a: Clodsire\n|-damage|p1a: Clodsire|0 fnt\n|faint|p1a: Clodsire\n|\n|upkeep\n|\n|t:|1700692329\n|switch|p1a: Skeledirge|Skeledirge, M|100\/100\n|turn|29\n|\n|t:|1700692333\n|-terastallize|p1a: Skeledirge|Fairy\n|move|p2a: Dragapult|Outrage|p1a: Skeledirge|[from]lockedmove\n|-immune|p1a: Skeledirge\n|-start|p2a: Dragapult|confusion|[fatigue]\n|move|p1a: Skeledirge|Tera Blast|p2a: Dragapult|[anim] Tera Blast Fairy\n|-supereffective|p2a: Dragapult\n|-damage|p2a: Dragapult|14\/100\n|\n|upkeep\n|turn|30\n|\n|t:|1700692351\n|switch|p2a: Jolteon|Jolteon, F|83\/100 brn\n|move|p1a: Skeledirge|Torch Song|p2a: Jolteon\n|-damage|p2a: Jolteon|41\/100 brn\n|-boost|p1a: Skeledirge|spa|1\n|\n|-damage|p2a: Jolteon|35\/100 brn|[from] brn\n|upkeep\n|turn|31\n|\n|t:|1700692361\n|move|p2a: Jolteon|Volt Switch|p1a: Skeledirge\n|-damage|p1a: Skeledirge|53\/100\n|\n|t:|1700692370\n|switch|p2a: Cinderace|Cinderace, F|35\/100 tox|[from] Volt Switch\n|move|p1a: Skeledirge|Torch Song|p2a: Cinderace\n|-resisted|p2a: Cinderace\n|-damage|p2a: Cinderace|1\/100 tox\n|-boost|p1a: Skeledirge|spa|1\n|\n|-damage|p2a: Cinderace|0 fnt|[from] psn\n|faint|p2a: Cinderace\n|upkeep\n|\n|t:|1700692383\n|switch|p2a: Jolteon|Jolteon, F|35\/100 brn\n|turn|32\n|\n|t:|1700692389\n|move|p2a: Jolteon|Thunderbolt|p1a: Skeledirge\n|-damage|p1a: Skeledirge|0 fnt\n|faint|p1a: Skeledirge\n|\n|-damage|p2a: Jolteon|29\/100 brn|[from] brn\n|upkeep\n|\n|t:|1700692401\n|switch|p1a: Samurott|Samurott-Hisui, F|100\/100\n|-damage|p1a: Samurott|88\/100|[from] Stealth Rock\n|turn|33\n|\n|t:|1700692407\n|move|p1a: Samurott|Sucker Punch|p2a: Jolteon\n|-damage|p2a: Jolteon|0 fnt\n|faint|p2a: Jolteon\n|\n|upkeep\n|\n|t:|1700692411\n|switch|p2a: Landorus|Landorus-Therian, M|64\/100 tox\n|-ability|p2a: Landorus|Intimidate|boost\n|-unboost|p1a: Samurott|atk|1\n|turn|34\n|\n|t:|1700692416\n|switch|p1a: Weezing|Weezing, M|80\/100\n|-damage|p1a: Weezing|68\/100|[from] Stealth Rock\n|move|p2a: Landorus|U-turn|p1a: Weezing\n|-resisted|p1a: Weezing\n|-damage|p1a: Weezing|61\/100\n|\n|t:|1700692420\n|switch|p2a: Dragapult|Dragapult, F, tera:Dragon|14\/100|[from] U-turn\n|\n|-heal|p1a: Weezing|67\/100|[from] item: Leftovers\n|upkeep\n|turn|35\n|\n|t:|1700692430\n|move|p2a: Dragapult|U-turn|p1a: Weezing\n|-resisted|p1a: Weezing\n|-damage|p1a: Weezing|55\/100\n|\n|t:|1700692434\n|switch|p2a: Grimmsnarl|Grimmsnarl, M|80\/100|[from] U-turn\n|move|p1a: Weezing|Sludge Bomb|p2a: Grimmsnarl\n|-supereffective|p2a: Grimmsnarl\n|-crit|p2a: Grimmsnarl\n|-damage|p2a: Grimmsnarl|15\/100\n|\n|-heal|p1a: Weezing|61\/100|[from] item: Leftovers\n|upkeep\n|turn|36\n|\n|t:|1700692447\n|move|p2a: Grimmsnarl|Reflect|p2a: Grimmsnarl\n|-sidestart|p2: joanpo2000|Reflect\n|move|p1a: Weezing|Sludge Bomb|p2a: Grimmsnarl\n|-supereffective|p2a: Grimmsnarl\n|-damage|p2a: Grimmsnarl|0 fnt\n|faint|p2a: Grimmsnarl\n|\n|-heal|p1a: Weezing|67\/100|[from] item: Leftovers\n|upkeep\n|\n|t:|1700692450\n|switch|p2a: Dragapult|Dragapult, F, tera:Dragon|14\/100\n|turn|37\n|\n|t:|1700692459\n|move|p2a: Dragapult|Outrage|p1a: Weezing\n|-damage|p1a: Weezing|0 fnt\n|faint|p1a: Weezing\n|\n|upkeep\n|\n|t:|1700692464\n|switch|p1a: Sableye|Sableye, M|100\/100\n|-damage|p1a: Sableye|88\/100|[from] Stealth Rock\n|turn|38\n|\n|t:|1700692468\n|move|p1a: Sableye|Encore|p2a: Dragapult\n|-start|p2a: Dragapult|Encore\n|move|p2a: Dragapult|Outrage|p1a: Sableye|[from]lockedmove\n|-damage|p1a: Sableye|0 fnt\n|-damage|p2a: Dragapult|0 fnt|[from] item: Rocky Helmet|[of] p1a: Sableye\n|faint|p1a: Sableye\n|faint|p2a: Dragapult\n|\n|upkeep\n|\n|t:|1700692479\n|switch|p2a: Landorus|Landorus-Therian, M|64\/100 tox\n|switch|p1a: Samurott|Samurott-Hisui, F|88\/100\n|-damage|p1a: Samurott|76\/100|[from] Stealth Rock\n|-ability|p2a: Landorus|Intimidate|boost\n|-unboost|p1a: Samurott|atk|1\n|turn|39\n|\n|t:|1700692487\n|move|p1a: Samurott|Razor Shell|p2a: Landorus\n|-supereffective|p2a: Landorus\n|-damage|p2a: Landorus|39\/100 tox\n|-unboost|p2a: Landorus|def|1\n|-damage|p1a: Samurott|59\/100|[from] item: Rocky Helmet|[of] p2a: Landorus\n|move|p2a: Landorus|U-turn|p1a: Samurott\n|-supereffective|p1a: Samurott\n|-damage|p1a: Samurott|2\/100\n|\n|-damage|p2a: Landorus|33\/100 tox|[from] psn\n|upkeep\n|turn|40\n|\n|t:|1700692499\n|move|p1a: Samurott|Razor Shell|p2a: Landorus\n|-supereffective|p2a: Landorus\n|-damage|p2a: Landorus|0 fnt\n|-damage|p1a: Samurott|0 fnt|[from] item: Rocky Helmet|[of] p2a: Landorus\n|faint|p2a: Landorus\n|faint|p1a: Samurott\n|\n|win|Mr.Marvel19200\n|raw|Mr.Marvel19200's rating: 1155 &rarr; <strong>1186<\/strong><br \/>(+31 for winning)\n|raw|joanpo2000's rating: 1238 &rarr; <strong>1207<\/strong><br \/>(-31 for losing)\n|l|\u2606joanpo2000\n","uploadtime":1700692525,"views":32,"p1id":"mrmarvel19200","p2id":"joanpo2000","formatid":"gen9ou","rating":1186,"private":0,"password":""}