{"id":"gen9ou-1994241465","p1":"Foforin","p2":"pokcey.","format":"[Gen 9] OU","log":"|j|\u2606Foforin\n|j|\u2606pokcey.\n|t:|1700422530\n|gametype|singles\n|player|p1|Foforin|265|1053\n|player|p2|pokcey.|lady-gen4|1009\n|teamsize|p1|6\n|teamsize|p2|1\n|gen|9\n|tier|[Gen 9] OU\n|rated|\n|rule|Sleep Clause Mod: Limit one foe put to sleep\n|rule|Species Clause: Limit one of each Pok\u00e9mon\n|rule|OHKO Clause: OHKO moves are banned\n|rule|Evasion Items Clause: Evasion items are banned\n|rule|Evasion Moves Clause: Evasion moves are banned\n|rule|Endless Battle Clause: Forcing endless battles is banned\n|rule|HP Percentage Mod: HP is shown in percentages\n|clearpoke\n|poke|p1|Corviknight, M|\n|poke|p1|Clodsire, M|\n|poke|p1|Landorus-Therian, M|\n|poke|p1|Iron Moth|\n|poke|p1|Gholdengo|\n|poke|p1|Kingambit, F|\n|poke|p2|Manaphy|\n|teampreview\n|\n|t:|1700422547\n|start\n|switch|p1a: Corviknight|Corviknight, M, shiny|100\/100\n|switch|p2a: Manaphy|Manaphy|100\/100\n|turn|1\n|\n|t:|1700422555\n|-terastallize|p2a: Manaphy|Poison\n|move|p2a: Manaphy|Acid Armor|p2a: Manaphy\n|-boost|p2a: Manaphy|def|2\n|move|p1a: Corviknight|Iron Defense|p1a: Corviknight\n|-boost|p1a: Corviknight|def|2\n|\n|upkeep\n|turn|2\n|\n|t:|1700422564\n|move|p2a: Manaphy|Acid Armor|p2a: Manaphy\n|-boost|p2a: Manaphy|def|2\n|move|p1a: Corviknight|Body Press|p2a: Manaphy\n|-resisted|p2a: Manaphy\n|-damage|p2a: Manaphy|95\/100\n|\n|-heal|p2a: Manaphy|100\/100|[from] item: Leftovers\n|upkeep\n|turn|3\n|\n|t:|1700422572\n|move|p2a: Manaphy|Acid Armor|p2a: Manaphy\n|-boost|p2a: Manaphy|def|2\n|move|p1a: Corviknight|Body Press|p2a: Manaphy\n|-resisted|p2a: Manaphy\n|-damage|p2a: Manaphy|96\/100\n|\n|-heal|p2a: Manaphy|100\/100|[from] item: Leftovers\n|upkeep\n|turn|4\n|\n|t:|1700422582\n|move|p2a: Manaphy|Take Heart|p2a: Manaphy\n|-boost|p2a: Manaphy|spa|1\n|-boost|p2a: Manaphy|spd|1\n|move|p1a: Corviknight|Iron Defense|p1a: Corviknight\n|-boost|p1a: Corviknight|def|2\n|\n|upkeep\n|turn|5\n|inactive|Battle timer is ON: inactive players will automatically lose when time's up. (requested by pokcey.)\n|\n|t:|1700422602\n|move|p2a: Manaphy|Take Heart|p2a: Manaphy\n|-boost|p2a: Manaphy|spa|1\n|-boost|p2a: Manaphy|spd|1\n|move|p1a: Corviknight|Iron Defense|p1a: Corviknight\n|-boost|p1a: Corviknight|def|2\n|\n|upkeep\n|turn|6\n|\n|t:|1700422612\n|switch|p1a: Clodsire|Clodsire, M|100\/100\n|move|p2a: Manaphy|Take Heart|p2a: Manaphy\n|-boost|p2a: Manaphy|spa|1\n|-boost|p2a: Manaphy|spd|1\n|\n|upkeep\n|turn|7\n|\n|t:|1700422620\n|move|p2a: Manaphy|Stored Power|p1a: Clodsire\n|-supereffective|p1a: Clodsire\n|-damage|p1a: Clodsire|0 fnt\n|faint|p1a: Clodsire\n|\n|upkeep\n|-message|Foforin forfeited.\n|\n|win|pokcey.\n|raw|Foforin's rating: 1053 &rarr; <strong>1033<\/strong><br \/>(-20 for losing)\n|raw|pokcey.'s rating: 1009 &rarr; <strong>1053<\/strong><br \/>(+44 for winning)\n|l|\u2606Foforin\n","uploadtime":1700422631,"views":8,"p1id":"foforin","p2id":"pokcey","formatid":"gen9ou","rating":1033,"private":0,"password":""}