{"id":"gen9ou-1999862400","p1":"megris88","p2":"TommySHELBY75","format":"[Gen 9] OU","log":"|j|\u2606megris88\n|j|\u2606TommySHELBY75\n|t:|1701123878\n|gametype|singles\n|player|p1|megris88|169|1199\n|player|p2|TommySHELBY75|veteran|1216\n|teamsize|p1|6\n|teamsize|p2|6\n|gen|9\n|tier|[Gen 9] OU\n|rated|\n|rule|Sleep Clause Mod: Limit one foe put to sleep\n|rule|Species Clause: Limit one of each Pok\u00e9mon\n|rule|OHKO Clause: OHKO moves are banned\n|rule|Evasion Items Clause: Evasion items are banned\n|rule|Evasion Moves Clause: Evasion moves are banned\n|rule|Endless Battle Clause: Forcing endless battles is banned\n|rule|HP Percentage Mod: HP is shown in percentages\n|clearpoke\n|poke|p1|Cresselia, F|\n|poke|p1|Conkeldurr, M|\n|poke|p1|Weezing-Galar, M|\n|poke|p1|Ursaluna, F|\n|poke|p1|Hoopa-Unbound|\n|poke|p1|Grimmsnarl, M|\n|poke|p2|Iron Hands|\n|poke|p2|Sinistcha|\n|poke|p2|Dondozo, F|\n|poke|p2|Heatran, M|\n|poke|p2|Corviknight, M|\n|poke|p2|Dragapult, M|\n|teampreview\n|inactive|Battle timer is ON: inactive players will automatically lose when time's up. (requested by TommySHELBY75)\n|c|\u2606megris88|Glhf\n|c|\u2606TommySHELBY75|glhf\n|\n|t:|1701123893\n|start\n|switch|p1a: Cresselia|Cresselia, F|100\/100\n|switch|p2a: Dondozo|Dondozo, F|100\/100\n|turn|1\n|\n|t:|1701123900\n|-terastallize|p1a: Cresselia|Electric\n|move|p1a: Cresselia|Tera Blast|p2a: Dondozo|[anim] Tera Blast Electric\n|-supereffective|p2a: Dondozo\n|-damage|p2a: Dondozo|36\/100\n|move|p2a: Dondozo|Wave Crash|p1a: Cresselia\n|-damage|p1a: Cresselia|74\/100\n|-damage|p2a: Dondozo|28\/100|[from] Recoil\n|\n|-heal|p1a: Cresselia|80\/100|[from] item: Leftovers\n|upkeep\n|turn|2\n|\n|t:|1701123919\n|switch|p2a: Heatran|Heatran, M|100\/100\n|move|p1a: Cresselia|Tera Blast|p2a: Heatran|[anim] Tera Blast Electric\n|-damage|p2a: Heatran|87\/100\n|\n|-heal|p1a: Cresselia|86\/100|[from] item: Leftovers\n|upkeep\n|turn|3\n|\n|t:|1701123928\n|move|p2a: Heatran|Magma Storm|p1a: Cresselia\n|-damage|p1a: Cresselia|57\/100\n|-activate|p1a: Cresselia|move: Magma Storm|[of] p2a: Heatran\n|move|p1a: Cresselia|Trick Room|p1a: Cresselia\n|-fieldstart|move: Trick Room|[of] p1a: Cresselia\n|\n|-heal|p1a: Cresselia|63\/100|[from] item: Leftovers\n|-damage|p1a: Cresselia|50\/100|[from] move: Magma Storm|[partiallytrapped]\n|upkeep\n|turn|4\n|\n|t:|1701123939\n|switch|p2a: Dondozo|Dondozo, F|28\/100\n|move|p1a: Cresselia|Moonlight|p1a: Cresselia\n|-heal|p1a: Cresselia|99\/100\n|\n|-heal|p1a: Cresselia|100\/100|[from] item: Leftovers\n|-end|p1a: Cresselia|Magma Storm|[partiallytrapped]|[silent]\n|upkeep\n|turn|5\n|c|\u2606megris88|Oh wow\n|\n|t:|1701123955\n|switch|p2a: Heatran|Heatran, M|87\/100\n|move|p1a: Cresselia|Tera Blast|p2a: Heatran|[anim] Tera Blast Electric\n|-damage|p2a: Heatran|74\/100\n|\n|upkeep\n|turn|6\n|\n|t:|1701123963\n|switch|p1a: Grimmsnarl|Grimmsnarl, M|100\/100\n|move|p2a: Heatran|Magma Storm|p1a: Grimmsnarl\n|-damage|p1a: Grimmsnarl|70\/100\n|-activate|p1a: Grimmsnarl|move: Magma Storm|[of] p2a: Heatran\n|\n|-damage|p1a: Grimmsnarl|57\/100|[from] move: Magma Storm|[partiallytrapped]\n|upkeep\n|turn|7\n|\n|t:|1701123976\n|move|p1a: Grimmsnarl|Light Screen|p1a: Grimmsnarl\n|-sidestart|p1: megris88|move: Light Screen\n|move|p2a: Heatran|Flamethrower|p1a: Grimmsnarl\n|-damage|p1a: Grimmsnarl|44\/100\n|\n|-damage|p1a: Grimmsnarl|31\/100|[from] move: Magma Storm|[partiallytrapped]\n|-fieldend|move: Trick Room\n|upkeep\n|turn|8\n|\n|t:|1701123985\n|switch|p2a: Dragapult|Dragapult, M|100\/100\n|move|p1a: Grimmsnarl|Reflect|p1a: Grimmsnarl\n|-sidestart|p1: megris88|Reflect\n|\n|-end|p1a: Grimmsnarl|Magma Storm|[partiallytrapped]|[silent]\n|upkeep\n|turn|9\n|\n|t:|1701123992\n|move|p2a: Dragapult|Dragon Dance|p2a: Dragapult\n|-boost|p2a: Dragapult|atk|1\n|-boost|p2a: Dragapult|spe|1\n|move|p1a: Grimmsnarl|Spirit Break|p2a: Dragapult\n|-supereffective|p2a: Dragapult\n|-damage|p2a: Dragapult|24\/100\n|-unboost|p2a: Dragapult|spa|1\n|\n|-heal|p2a: Dragapult|30\/100|[from] item: Leftovers\n|upkeep\n|turn|10\n|\n|t:|1701124002\n|move|p2a: Dragapult|Sucker Punch|p1a: Grimmsnarl\n|-resisted|p1a: Grimmsnarl\n|-damage|p1a: Grimmsnarl|23\/100\n|move|p1a: Grimmsnarl|Spirit Break|p2a: Dragapult\n|-supereffective|p2a: Dragapult\n|-damage|p2a: Dragapult|0 fnt\n|faint|p2a: Dragapult\n|\n|upkeep\n|\n|t:|1701124009\n|switch|p2a: Sinistcha|Sinistcha|100\/100\n|turn|11\n|\n|t:|1701124015\n|move|p1a: Grimmsnarl|Taunt|p2a: Sinistcha\n|-start|p2a: Sinistcha|move: Taunt\n|cant|p2a: Sinistcha|move: Taunt|Calm Mind\n|\n|upkeep\n|turn|12\n|\n|t:|1701124021\n|move|p2a: Sinistcha|Scald|p1a: Grimmsnarl\n|-damage|p1a: Grimmsnarl|15\/100\n|-status|p1a: Grimmsnarl|brn\n|move|p1a: Grimmsnarl|Spirit Break|p2a: Sinistcha\n|-damage|p2a: Sinistcha|90\/100\n|-unboost|p2a: Sinistcha|spa|1\n|\n|-heal|p2a: Sinistcha|96\/100|[from] item: Leftovers\n|-damage|p1a: Grimmsnarl|9\/100 brn|[from] brn\n|upkeep\n|turn|13\n|\n|t:|1701124036\n|switch|p1a: Cresselia|Cresselia, F, tera:Electric|100\/100\n|move|p2a: Sinistcha|Scald|p1a: Cresselia\n|-damage|p1a: Cresselia|95\/100\n|\n|-heal|p1a: Cresselia|100\/100|[from] item: Leftovers\n|-heal|p2a: Sinistcha|100\/100|[from] item: Leftovers\n|-end|p2a: Sinistcha|move: Taunt\n|upkeep\n|turn|14\n|inactive|TommySHELBY75 has 120 seconds left.\n|\n|t:|1701124071\n|-terastallize|p2a: Sinistcha|Steel\n|move|p2a: Sinistcha|Calm Mind|p2a: Sinistcha\n|-boost|p2a: Sinistcha|spa|1\n|-boost|p2a: Sinistcha|spd|1\n|move|p1a: Cresselia|Trick Room|p1a: Cresselia\n|-fieldstart|move: Trick Room|[of] p1a: Cresselia\n|\n|-sideend|p1: megris88|move: Light Screen\n|upkeep\n|turn|15\n|c|\u2606megris88|All my training is being worth it\n|\n|t:|1701124082\n|move|p2a: Sinistcha|Calm Mind|p2a: Sinistcha\n|-boost|p2a: Sinistcha|spa|1\n|-boost|p2a: Sinistcha|spd|1\n|move|p1a: Cresselia|Tera Blast|p2a: Sinistcha|[anim] Tera Blast Electric\n|-damage|p2a: Sinistcha|81\/100\n|\n|-heal|p2a: Sinistcha|87\/100|[from] item: Leftovers\n|-sideend|p1: megris88|Reflect\n|upkeep\n|turn|16\n|inactive|TommySHELBY75 has 120 seconds left.\n|\n|t:|1701124107\n|switch|p1a: Conkeldurr|Conkeldurr, M|100\/100\n|move|p2a: Sinistcha|Strength Sap|p1a: Conkeldurr\n|-unboost|p1a: Conkeldurr|atk|1\n|-heal|p2a: Sinistcha|100\/100\n|\n|-status|p1a: Conkeldurr|brn|[from] item: Flame Orb\n|upkeep\n|turn|17\n|inactive|TommySHELBY75 has 120 seconds left.\n|\n|t:|1701124118\n|move|p1a: Conkeldurr|Drain Punch|p2a: Sinistcha\n|-supereffective|p2a: Sinistcha\n|-damage|p2a: Sinistcha|34\/100\n|move|p2a: Sinistcha|Strength Sap|p1a: Conkeldurr\n|-unboost|p1a: Conkeldurr|atk|1\n|-heal|p2a: Sinistcha|100\/100\n|\n|-damage|p1a: Conkeldurr|94\/100 brn|[from] brn\n|upkeep\n|turn|18\n|\n|t:|1701124134\n|move|p1a: Conkeldurr|Knock Off|p2a: Sinistcha\n|-damage|p2a: Sinistcha|80\/100\n|-enditem|p2a: Sinistcha|Leftovers|[from] move: Knock Off|[of] p1a: Conkeldurr\n|move|p2a: Sinistcha|Strength Sap|p1a: Conkeldurr\n|-unboost|p1a: Conkeldurr|atk|1\n|-heal|p2a: Sinistcha|100\/100\n|\n|-damage|p1a: Conkeldurr|88\/100 brn|[from] brn\n|-fieldend|move: Trick Room\n|upkeep\n|turn|19\n|\n|t:|1701124145\n|switch|p1a: Hoopa|Hoopa-Unbound|100\/100\n|move|p2a: Sinistcha|Calm Mind|p2a: Sinistcha\n|-boost|p2a: Sinistcha|spa|1\n|-boost|p2a: Sinistcha|spd|1\n|\n|upkeep\n|turn|20\n|\n|t:|1701124151\n|move|p2a: Sinistcha|Calm Mind|p2a: Sinistcha\n|-boost|p2a: Sinistcha|spa|1\n|-boost|p2a: Sinistcha|spd|1\n|move|p1a: Hoopa|Trick Room|p1a: Hoopa\n|-fieldstart|move: Trick Room|[of] p1a: Hoopa\n|\n|upkeep\n|turn|21\n|\n|t:|1701124158\n|move|p2a: Sinistcha|Strength Sap|p1a: Hoopa\n|-unboost|p1a: Hoopa|atk|1\n|move|p1a: Hoopa|Drain Punch|p2a: Sinistcha\n|-supereffective|p2a: Sinistcha\n|-damage|p2a: Sinistcha|67\/100\n|\n|upkeep\n|turn|22\n|\n|t:|1701124166\n|move|p1a: Hoopa|Drain Punch|p2a: Sinistcha\n|-supereffective|p2a: Sinistcha\n|-damage|p2a: Sinistcha|37\/100\n|move|p2a: Sinistcha|Strength Sap|p1a: Hoopa\n|-unboost|p1a: Hoopa|atk|1\n|-heal|p2a: Sinistcha|100\/100\n|\n|upkeep\n|turn|23\n|\n|t:|1701124176\n|switch|p1a: Ursaluna|Ursaluna, F|100\/100\n|move|p2a: Sinistcha|Strength Sap|p1a: Ursaluna\n|-unboost|p1a: Ursaluna|atk|1\n|\n|-status|p1a: Ursaluna|brn|[from] item: Flame Orb\n|upkeep\n|turn|24\n|\n|t:|1701124185\n|move|p1a: Ursaluna|Earthquake|p2a: Sinistcha\n|-supereffective|p2a: Sinistcha\n|-damage|p2a: Sinistcha|18\/100\n|move|p2a: Sinistcha|Strength Sap|p1a: Ursaluna\n|-unboost|p1a: Ursaluna|atk|1\n|-heal|p2a: Sinistcha|98\/100\n|\n|-damage|p1a: Ursaluna|94\/100 brn|[from] brn\n|-fieldend|move: Trick Room\n|upkeep\n|turn|25\n|\n|t:|1701124200\n|switch|p1a: Weezing|Weezing-Galar, M|100\/100\n|move|p2a: Sinistcha|Scald|p1a: Weezing\n|-crit|p1a: Weezing\n|-damage|p1a: Weezing|21\/100\n|\n|-heal|p1a: Weezing|27\/100|[from] item: Black Sludge\n|upkeep\n|turn|26\n|\n|t:|1701124210\n|move|p2a: Sinistcha|Scald|p1a: Weezing\n|-damage|p1a: Weezing|0 fnt\n|faint|p1a: Weezing\n|\n|upkeep\n|\n|t:|1701124218\n|switch|p1a: Cresselia|Cresselia, F, tera:Electric|100\/100\n|turn|27\n|\n|t:|1701124224\n|move|p2a: Sinistcha|Strength Sap|p1a: Cresselia\n|-unboost|p1a: Cresselia|atk|1\n|-heal|p2a: Sinistcha|100\/100\n|move|p1a: Cresselia|Trick Room|p1a: Cresselia\n|-fieldstart|move: Trick Room|[of] p1a: Cresselia\n|\n|upkeep\n|turn|28\n|\n|t:|1701124234\n|switch|p1a: Hoopa|Hoopa-Unbound|100\/100\n|move|p2a: Sinistcha|Strength Sap|p1a: Hoopa\n|-unboost|p1a: Hoopa|atk|1\n|\n|upkeep\n|turn|29\n|\n|t:|1701124242\n|switch|p1a: Grimmsnarl|Grimmsnarl, M|9\/100 brn\n|move|p2a: Sinistcha|Strength Sap|p1a: Grimmsnarl\n|-unboost|p1a: Grimmsnarl|atk|1\n|\n|-damage|p1a: Grimmsnarl|3\/100 brn|[from] brn\n|upkeep\n|turn|30\n|\n|t:|1701124250\n|move|p1a: Grimmsnarl|Taunt|p2a: Sinistcha\n|-start|p2a: Sinistcha|move: Taunt\n|cant|p2a: Sinistcha|move: Taunt|Strength Sap\n|\n|-damage|p1a: Grimmsnarl|0 fnt|[from] brn\n|faint|p1a: Grimmsnarl\n|upkeep\n|\n|t:|1701124258\n|switch|p1a: Ursaluna|Ursaluna, F|94\/100 brn\n|turn|31\n|\n|t:|1701124263\n|switch|p2a: Dondozo|Dondozo, F|28\/100\n|move|p1a: Ursaluna|Earthquake|p2a: Dondozo\n|-damage|p2a: Dondozo|0 fnt\n|faint|p2a: Dondozo\n|\n|-damage|p1a: Ursaluna|88\/100 brn|[from] brn\n|-fieldend|move: Trick Room\n|upkeep\n|\n|t:|1701124271\n|switch|p2a: Iron Hands|Iron Hands|100\/100\n|turn|32\n|\n|t:|1701124276\n|switch|p1a: Cresselia|Cresselia, F, tera:Electric|100\/100\n|move|p2a: Iron Hands|Fake Out|p1a: Cresselia\n|-damage|p1a: Cresselia|88\/100\n|\n|-heal|p1a: Cresselia|94\/100|[from] item: Leftovers\n|upkeep\n|turn|33\n|\n|t:|1701124290\n|move|p1a: Cresselia|Psychic|p2a: Iron Hands\n|-supereffective|p2a: Iron Hands\n|-damage|p2a: Iron Hands|52\/100\n|move|p2a: Iron Hands|Ice Punch|p1a: Cresselia\n|-crit|p1a: Cresselia\n|-damage|p1a: Cresselia|64\/100\n|\n|-heal|p1a: Cresselia|70\/100|[from] item: Leftovers\n|upkeep\n|turn|34\n|\n|t:|1701124299\n|-end|p2a: Iron Hands|Quark Drive|[silent]\n|switch|p2a: Corviknight|Corviknight, M|100\/100\n|move|p1a: Cresselia|Psychic|p2a: Corviknight\n|-resisted|p2a: Corviknight\n|-damage|p2a: Corviknight|85\/100\n|\n|-heal|p1a: Cresselia|76\/100|[from] item: Leftovers\n|upkeep\n|turn|35\n|\n|t:|1701124307\n|switch|p2a: Iron Hands|Iron Hands|52\/100\n|move|p1a: Cresselia|Trick Room|p1a: Cresselia\n|-fieldstart|move: Trick Room|[of] p1a: Cresselia\n|\n|-heal|p1a: Cresselia|82\/100|[from] item: Leftovers\n|upkeep\n|turn|36\n|\n|t:|1701124314\n|move|p2a: Iron Hands|Close Combat|p1a: Cresselia\n|-damage|p1a: Cresselia|34\/100\n|-unboost|p2a: Iron Hands|def|1\n|-unboost|p2a: Iron Hands|spd|1\n|move|p1a: Cresselia|Psychic|p2a: Iron Hands\n|-supereffective|p2a: Iron Hands\n|-damage|p2a: Iron Hands|0 fnt\n|faint|p2a: Iron Hands\n|-end|p2a: Iron Hands|Quark Drive|[silent]\n|\n|-heal|p1a: Cresselia|40\/100|[from] item: Leftovers\n|upkeep\n|\n|t:|1701124324\n|switch|p2a: Sinistcha|Sinistcha, tera:Steel|100\/100\n|turn|37\n|\n|t:|1701124329\n|move|p2a: Sinistcha|Calm Mind|p2a: Sinistcha\n|-boost|p2a: Sinistcha|spa|1\n|-boost|p2a: Sinistcha|spd|1\n|move|p1a: Cresselia|Moonlight|p1a: Cresselia\n|-heal|p1a: Cresselia|90\/100\n|\n|-heal|p1a: Cresselia|96\/100|[from] item: Leftovers\n|upkeep\n|turn|38\n|\n|t:|1701124340\n|switch|p1a: Hoopa|Hoopa-Unbound|100\/100\n|move|p2a: Sinistcha|Strength Sap|p1a: Hoopa\n|-unboost|p1a: Hoopa|atk|1\n|\n|upkeep\n|turn|39\n|\n|t:|1701124347\n|move|p1a: Hoopa|Hyperspace Fury|p2a: Sinistcha\n|-damage|p2a: Sinistcha|72\/100\n|-unboost|p1a: Hoopa|def|1\n|move|p2a: Sinistcha|Strength Sap|p1a: Hoopa\n|-unboost|p1a: Hoopa|atk|1\n|-heal|p2a: Sinistcha|100\/100\n|\n|-fieldend|move: Trick Room\n|upkeep\n|turn|40\n|\n|t:|1701124359\n|move|p2a: Sinistcha|Calm Mind|p2a: Sinistcha\n|-boost|p2a: Sinistcha|spa|1\n|-boost|p2a: Sinistcha|spd|1\n|move|p1a: Hoopa|Drain Punch|p2a: Sinistcha\n|-supereffective|p2a: Sinistcha\n|-damage|p2a: Sinistcha|77\/100\n|\n|upkeep\n|turn|41\n|\n|t:|1701124368\n|switch|p1a: Cresselia|Cresselia, F, tera:Electric|96\/100\n|move|p2a: Sinistcha|Strength Sap|p1a: Cresselia\n|-unboost|p1a: Cresselia|atk|1\n|-heal|p2a: Sinistcha|100\/100\n|\n|-heal|p1a: Cresselia|100\/100|[from] item: Leftovers\n|upkeep\n|turn|42\n|\n|t:|1701124384\n|move|p2a: Sinistcha|Strength Sap|p1a: Cresselia\n|-unboost|p1a: Cresselia|atk|1\n|move|p1a: Cresselia|Trick Room|p1a: Cresselia\n|-fieldstart|move: Trick Room|[of] p1a: Cresselia\n|\n|upkeep\n|turn|43\n|\n|t:|1701124390\n|move|p2a: Sinistcha|Strength Sap|p1a: Cresselia\n|-unboost|p1a: Cresselia|atk|1\n|move|p1a: Cresselia|Psychic|p2a: Sinistcha\n|-resisted|p2a: Sinistcha\n|-damage|p2a: Sinistcha|90\/100\n|\n|upkeep\n|turn|44\n|\n|t:|1701124399\n|move|p2a: Sinistcha|Scald|p1a: Cresselia\n|-damage|p1a: Cresselia|74\/100\n|move|p1a: Cresselia|Psychic|p2a: Sinistcha\n|-resisted|p2a: Sinistcha\n|-damage|p2a: Sinistcha|79\/100\n|\n|-heal|p1a: Cresselia|80\/100|[from] item: Leftovers\n|upkeep\n|turn|45\n|\n|t:|1701124408\n|move|p2a: Sinistcha|Strength Sap|p1a: Cresselia\n|-unboost|p1a: Cresselia|atk|1\n|-heal|p2a: Sinistcha|96\/100\n|move|p1a: Cresselia|Moonlight|p1a: Cresselia\n|-heal|p1a: Cresselia|100\/100\n|\n|upkeep\n|turn|46\n|\n|t:|1701124418\n|move|p2a: Sinistcha|Calm Mind|p2a: Sinistcha\n|-boost|p2a: Sinistcha|spa|1\n|-boost|p2a: Sinistcha|spd|1\n|move|p1a: Cresselia|Tera Blast|p2a: Sinistcha|[anim] Tera Blast Electric\n|-damage|p2a: Sinistcha|82\/100\n|\n|-fieldend|move: Trick Room\n|upkeep\n|turn|47\n|\n|t:|1701124426\n|move|p2a: Sinistcha|Shadow Ball|p1a: Cresselia\n|-damage|p1a: Cresselia|46\/100\n|-unboost|p1a: Cresselia|spd|1\n|move|p1a: Cresselia|Trick Room|p1a: Cresselia\n|-fieldstart|move: Trick Room|[of] p1a: Cresselia\n|\n|-heal|p1a: Cresselia|52\/100|[from] item: Leftovers\n|upkeep\n|turn|48\n|\n|t:|1701124436\n|switch|p1a: Ursaluna|Ursaluna, F|88\/100 brn\n|move|p2a: Sinistcha|Shadow Ball|p1a: Ursaluna\n|-immune|p1a: Ursaluna\n|\n|-damage|p1a: Ursaluna|82\/100 brn|[from] brn\n|upkeep\n|turn|49\n|\n|t:|1701124446\n|move|p1a: Ursaluna|Earthquake|p2a: Sinistcha\n|-supereffective|p2a: Sinistcha\n|-damage|p2a: Sinistcha|0 fnt\n|faint|p2a: Sinistcha\n|\n|-damage|p1a: Ursaluna|76\/100 brn|[from] brn\n|upkeep\n|\n|t:|1701124452\n|switch|p2a: Corviknight|Corviknight, M|85\/100\n|turn|50\n|\n|t:|1701124457\n|move|p1a: Ursaluna|Fire Punch|p2a: Corviknight\n|-supereffective|p2a: Corviknight\n|-damage|p2a: Corviknight|31\/100\n|-damage|p1a: Ursaluna|60\/100 brn|[from] item: Rocky Helmet|[of] p2a: Corviknight\n|move|p2a: Corviknight|Brave Bird|p1a: Ursaluna\n|-damage|p1a: Ursaluna|32\/100 brn\n|-damage|p2a: Corviknight|20\/100|[from] Recoil\n|\n|-damage|p1a: Ursaluna|26\/100 brn|[from] brn\n|upkeep\n|turn|51\n|\n|t:|1701124469\n|move|p1a: Ursaluna|Facade|p2a: Corviknight\n|-resisted|p2a: Corviknight\n|-damage|p2a: Corviknight|0 fnt\n|-damage|p1a: Ursaluna|9\/100 brn|[from] item: Rocky Helmet|[of] p2a: Corviknight\n|faint|p2a: Corviknight\n|\n|-damage|p1a: Ursaluna|3\/100 brn|[from] brn\n|-fieldend|move: Trick Room\n|upkeep\n|\n|t:|1701124476\n|switch|p2a: Heatran|Heatran, M|74\/100\n|turn|52\n|\n|t:|1701124480\n|move|p2a: Heatran|Earth Power|p1a: Ursaluna\n|-damage|p1a: Ursaluna|0 fnt\n|faint|p1a: Ursaluna\n|\n|upkeep\n|\n|t:|1701124486\n|switch|p1a: Hoopa|Hoopa-Unbound|100\/100\n|turn|53\n|\n|t:|1701124489\n|move|p2a: Heatran|Magma Storm|p1a: Hoopa\n|-damage|p1a: Hoopa|68\/100\n|-activate|p1a: Hoopa|move: Magma Storm|[of] p2a: Heatran\n|-enditem|p1a: Hoopa|Eject Button\n|\n|t:|1701124494\n|switch|p1a: Conkeldurr|Conkeldurr, M|88\/100 brn\n|\n|-damage|p1a: Conkeldurr|82\/100 brn|[from] brn\n|upkeep\n|turn|54\n|\n|t:|1701124501\n|move|p1a: Conkeldurr|Mach Punch|p2a: Heatran\n|-supereffective|p2a: Heatran\n|-damage|p2a: Heatran|18\/100\n|move|p2a: Heatran|Magma Storm|p1a: Conkeldurr\n|-damage|p1a: Conkeldurr|29\/100 brn\n|-activate|p1a: Conkeldurr|move: Magma Storm|[of] p2a: Heatran\n|\n|-damage|p1a: Conkeldurr|23\/100 brn|[from] brn\n|-damage|p1a: Conkeldurr|10\/100 brn|[from] move: Magma Storm|[partiallytrapped]\n|upkeep\n|turn|55\n|\n|t:|1701124511\n|move|p1a: Conkeldurr|Mach Punch|p2a: Heatran\n|-supereffective|p2a: Heatran\n|-crit|p2a: Heatran\n|-damage|p2a: Heatran|0 fnt\n|faint|p2a: Heatran\n|\n|win|megris88\n|raw|megris88's rating: 1199 &rarr; <strong>1225<\/strong><br \/>(+26 for winning)\n|raw|TommySHELBY75's rating: 1216 &rarr; <strong>1190<\/strong><br \/>(-26 for losing)\n|l|\u2606TommySHELBY75\n|c|\u2606megris88|Nice fight\n","uploadtime":1701124539,"views":4,"p1id":"megris88","p2id":"tommyshelby75","formatid":"gen9ou","rating":1190,"private":0,"password":""}