{"id":"gen9ou-1989708280","p1":"tintin1010","p2":"ugandajigglys","format":"[Gen 9] OU","log":"|j|\u2606tintin1010\n|j|\u2606ugandajigglys\n|t:|1699888858\n|gametype|singles\n|player|p1|tintin1010|lucas|1149\n|player|p2|ugandajigglys|sisandbro|1159\n|teamsize|p1|6\n|teamsize|p2|6\n|gen|9\n|tier|[Gen 9] OU\n|rated|\n|rule|Sleep Clause Mod: Limit one foe put to sleep\n|rule|Species Clause: Limit one of each Pok\u00e9mon\n|rule|OHKO Clause: OHKO moves are banned\n|rule|Evasion Items Clause: Evasion items are banned\n|rule|Evasion Moves Clause: Evasion moves are banned\n|rule|Endless Battle Clause: Forcing endless battles is banned\n|rule|HP Percentage Mod: HP is shown in percentages\n|clearpoke\n|poke|p1|Alomomola, F|\n|poke|p1|Slowking-Galar, F|\n|poke|p1|Kingambit, F|\n|poke|p1|Great Tusk|\n|poke|p1|Cinderace, F|\n|poke|p1|Thundurus-Therian, M|\n|poke|p2|Slowking-Galar, F|\n|poke|p2|Great Tusk|\n|poke|p2|Rillaboom, F|\n|poke|p2|Kingambit, F|\n|poke|p2|Dragapult, F|\n|poke|p2|Moltres|\n|teampreview\n|inactive|Battle timer is ON: inactive players will automatically lose when time's up. (requested by tintin1010)\n|\n|t:|1699888875\n|start\n|switch|p1a: Slowking|Slowking-Galar, F|100\/100\n|switch|p2a: Rillaboom|Rillaboom, F|100\/100\n|-fieldstart|move: Grassy Terrain|[from] ability: Grassy Surge|[of] p2a: Rillaboom\n|turn|1\n|\n|t:|1699888900\n|-terastallize|p1a: Slowking|Water\n|move|p2a: Rillaboom|Knock Off|p1a: Slowking\n|-damage|p1a: Slowking|42\/100\n|-enditem|p1a: Slowking|Heavy-Duty Boots|[from] move: Knock Off|[of] p2a: Rillaboom\n|move|p1a: Slowking|Future Sight|p2a: Rillaboom\n|-start|p1a: Slowking|move: Future Sight\n|\n|-heal|p1a: Slowking|48\/100|[from] Grassy Terrain\n|upkeep\n|turn|2\n|\n|t:|1699888913\n|switch|p2a: Slowking|Slowking-Galar, F|100\/100\n|switch|p1a: Thundurus|Thundurus-Therian, M|100\/100\n|\n|upkeep\n|turn|3\n|\n|t:|1699888916\n|switch|p2a: Kingambit|Kingambit, F|100\/100\n|move|p1a: Thundurus|Knock Off|p2a: Kingambit\n|-resisted|p2a: Kingambit\n|-damage|p2a: Kingambit|92\/100\n|-enditem|p2a: Kingambit|Leftovers|[from] move: Knock Off|[of] p1a: Thundurus\n|\n|-end|p2a: Kingambit|move: Future Sight\n|-immune|p2a: Kingambit\n|-heal|p2a: Kingambit|99\/100|[from] Grassy Terrain\n|upkeep\n|turn|4\n|\n|t:|1699888925\n|switch|p1a: Cinderace|Cinderace, F|100\/100\n|-end|p2a: Kingambit|fallenundefined|[silent]\n|switch|p2a: Slowking|Slowking-Galar, F|100\/100\n|\n|upkeep\n|turn|5\n|\n|t:|1699888928\n|move|p1a: Cinderace|U-turn|p2a: Slowking\n|-start|p1a: Cinderace|typechange|Bug|[from] ability: Libero\n|-damage|p2a: Slowking|63\/100\n|\n|t:|1699888933\n|switch|p1a: Slowking|Slowking-Galar, F, tera:Water|81\/100|[from] U-turn\n|move|p2a: Slowking|Future Sight|p1a: Slowking\n|-start|p2a: Slowking|move: Future Sight\n|\n|-heal|p2a: Slowking|69\/100|[from] Grassy Terrain\n|-heal|p1a: Slowking|88\/100|[from] Grassy Terrain\n|-fieldend|move: Grassy Terrain\n|upkeep\n|turn|6\n|\n|t:|1699888936\n|move|p2a: Slowking|Chilly Reception|p2a: Slowking\n|-weather|Snow\n|\n|t:|1699888938\n|switch|p2a: Rillaboom|Rillaboom, F|100\/100|[from] Chilly Reception\n|-fieldstart|move: Grassy Terrain|[from] ability: Grassy Surge|[of] p2a: Rillaboom\n|move|p1a: Slowking|Future Sight|p2a: Rillaboom\n|-start|p1a: Slowking|move: Future Sight\n|\n|-weather|Snow|[upkeep]\n|-heal|p1a: Slowking|94\/100|[from] Grassy Terrain\n|upkeep\n|turn|7\n|\n|t:|1699888946\n|move|p2a: Rillaboom|Wood Hammer|p1a: Slowking\n|-supereffective|p1a: Slowking\n|-damage|p1a: Slowking|0 fnt\n|faint|p1a: Slowking\n|-damage|p2a: Rillaboom|65\/100|[from] Recoil\n|\n|-weather|Snow|[upkeep]\n|-hint|Future Sight did not hit because the target is fainted.\n|-heal|p2a: Rillaboom|71\/100|[from] Grassy Terrain\n|upkeep\n|\n|t:|1699888950\n|switch|p1a: Cinderace|Cinderace, F|100\/100\n|turn|8\n|\n|t:|1699888961\n|switch|p2a: Kingambit|Kingambit, F|99\/100\n|move|p1a: Cinderace|Will-O-Wisp|p2a: Kingambit\n|-status|p2a: Kingambit|brn\n|\n|-weather|Snow|[upkeep]\n|-end|p2a: Kingambit|move: Future Sight\n|-immune|p2a: Kingambit\n|-heal|p2a: Kingambit|100\/100 brn|[from] Grassy Terrain\n|-damage|p2a: Kingambit|94\/100 brn|[from] brn\n|upkeep\n|turn|9\n|\n|t:|1699888976\n|-end|p2a: Kingambit|fallenundefined|[silent]\n|switch|p2a: Slowking|Slowking-Galar, F|100\/100\n|move|p1a: Cinderace|Pyro Ball|p2a: Slowking\n|-damage|p2a: Slowking|37\/100\n|\n|-weather|Snow|[upkeep]\n|-heal|p2a: Slowking|43\/100|[from] Grassy Terrain\n|upkeep\n|turn|10\n|\n|t:|1699888982\n|switch|p2a: Kingambit|Kingambit, F|94\/100 brn\n|move|p1a: Cinderace|Pyro Ball|p2a: Kingambit\n|-supereffective|p2a: Kingambit\n|-damage|p2a: Kingambit|2\/100 brn\n|\n|-weather|none\n|-heal|p2a: Kingambit|9\/100 brn|[from] Grassy Terrain\n|-damage|p2a: Kingambit|2\/100 brn|[from] brn\n|-fieldend|move: Grassy Terrain\n|upkeep\n|turn|11\n|\n|t:|1699888987\n|move|p2a: Kingambit|Sucker Punch|p1a: Cinderace\n|-damage|p1a: Cinderace|69\/100\n|move|p1a: Cinderace|U-turn|p2a: Kingambit\n|-start|p1a: Cinderace|typechange|Bug|[from] ability: Libero\n|-damage|p2a: Kingambit|0 fnt\n|faint|p2a: Kingambit\n|-end|p2a: Kingambit|fallenundefined|[silent]\n|\n|t:|1699888997\n|switch|p1a: Thundurus|Thundurus-Therian, M|100\/100|[from] U-turn\n|\n|upkeep\n|\n|t:|1699889003\n|switch|p2a: Slowking|Slowking-Galar, F|77\/100\n|turn|12\n|\n|t:|1699889009\n|move|p1a: Thundurus|Knock Off|p2a: Slowking\n|-supereffective|p2a: Slowking\n|-damage|p2a: Slowking|35\/100\n|-enditem|p2a: Slowking|Heavy-Duty Boots|[from] move: Knock Off|[of] p1a: Thundurus\n|move|p2a: Slowking|Future Sight|p1a: Thundurus\n|-start|p2a: Slowking|move: Future Sight\n|\n|upkeep\n|turn|13\n|\n|t:|1699889014\n|move|p1a: Thundurus|Knock Off|p2a: Slowking\n|-supereffective|p2a: Slowking\n|-damage|p2a: Slowking|7\/100\n|move|p2a: Slowking|Chilly Reception|p2a: Slowking\n|-weather|Snow\n|\n|t:|1699889020\n|switch|p2a: Dragapult|Dragapult, F|100\/100|[from] Chilly Reception\n|\n|-weather|Snow|[upkeep]\n|upkeep\n|turn|14\n|\n|t:|1699889023\n|switch|p1a: Kingambit|Kingambit, F|100\/100\n|-activate|p1a: Kingambit|ability: Supreme Overlord\n|-start|p1a: Kingambit|fallen1|[silent]\n|move|p2a: Dragapult|Draco Meteor|p1a: Kingambit\n|-resisted|p1a: Kingambit\n|-crit|p1a: Kingambit\n|-damage|p1a: Kingambit|29\/100\n|-unboost|p2a: Dragapult|spa|2\n|\n|-weather|Snow|[upkeep]\n|-end|p1a: Kingambit|move: Future Sight\n|-immune|p1a: Kingambit\n|-heal|p1a: Kingambit|35\/100|[from] item: Leftovers\n|upkeep\n|turn|15\n|\n|t:|1699889029\n|switch|p2a: Moltres|Moltres|100\/100\n|move|p1a: Kingambit|Kowtow Cleave|p2a: Moltres\n|-damage|p2a: Moltres|61\/100\n|\n|-weather|Snow|[upkeep]\n|-heal|p1a: Kingambit|41\/100|[from] item: Leftovers\n|upkeep\n|turn|16\n|\n|t:|1699889036\n|-end|p1a: Kingambit|fallen1|[silent]\n|switch|p1a: Alomomola|Alomomola, F|100\/100\n|move|p2a: Moltres|U-turn|p1a: Alomomola\n|-damage|p1a: Alomomola|92\/100\n|-enditem|p1a: Alomomola|Red Card|[of] p2a: Moltres\n|drag|p2a: Dragapult|Dragapult, F|100\/100\n|\n|-weather|Snow|[upkeep]\n|upkeep\n|turn|17\n|\n|t:|1699889040\n|switch|p2a: Rillaboom|Rillaboom, F|71\/100\n|-fieldstart|move: Grassy Terrain|[from] ability: Grassy Surge|[of] p2a: Rillaboom\n|move|p1a: Alomomola|Wish|p1a: Alomomola\n|\n|-weather|none\n|-heal|p2a: Rillaboom|77\/100|[from] Grassy Terrain\n|-heal|p1a: Alomomola|98\/100|[from] Grassy Terrain\n|upkeep\n|turn|18\n|\n|t:|1699889049\n|switch|p1a: Kingambit|Kingambit, F|41\/100\n|-activate|p1a: Kingambit|ability: Supreme Overlord\n|-start|p1a: Kingambit|fallen1|[silent]\n|move|p2a: Rillaboom|Wood Hammer|p1a: Kingambit\n|-resisted|p1a: Kingambit\n|-damage|p1a: Kingambit|0 fnt\n|faint|p1a: Kingambit\n|-end|p1a: Kingambit|fallen1|[silent]\n|-damage|p2a: Rillaboom|62\/100|[from] Recoil\n|\n|-heal|p2a: Rillaboom|68\/100|[from] Grassy Terrain\n|upkeep\n|\n|t:|1699889052\n|switch|p1a: Thundurus|Thundurus-Therian, M|100\/100\n|turn|19\n|\n|t:|1699889058\n|switch|p2a: Slowking|Slowking-Galar, F|41\/100\n|move|p1a: Thundurus|Grass Knot|p2a: Slowking\n|-resisted|p2a: Slowking\n|-damage|p2a: Slowking|28\/100\n|\n|-heal|p2a: Slowking|34\/100|[from] Grassy Terrain\n|upkeep\n|turn|20\n|\n|t:|1699889064\n|switch|p1a: Cinderace|Cinderace, F|69\/100\n|move|p2a: Slowking|Chilly Reception|p2a: Slowking\n|-weather|Snow\n|\n|t:|1699889069\n|switch|p2a: Dragapult|Dragapult, F|100\/100|[from] Chilly Reception\n|\n|-weather|Snow|[upkeep]\n|-heal|p1a: Cinderace|75\/100|[from] Grassy Terrain\n|upkeep\n|turn|21\n|\n|t:|1699889073\n|switch|p1a: Alomomola|Alomomola, F|100\/100\n|move|p2a: Dragapult|Draco Meteor|p1a: Alomomola\n|-damage|p1a: Alomomola|23\/100\n|-unboost|p2a: Dragapult|spa|2\n|\n|-weather|Snow|[upkeep]\n|-heal|p1a: Alomomola|29\/100|[from] Grassy Terrain\n|-fieldend|move: Grassy Terrain\n|upkeep\n|turn|22\n|\n|t:|1699889079\n|switch|p1a: Cinderace|Cinderace, F|75\/100\n|move|p2a: Dragapult|Draco Meteor|p1a: Cinderace\n|-damage|p1a: Cinderace|11\/100\n|-unboost|p2a: Dragapult|spa|2\n|\n|-weather|Snow|[upkeep]\n|upkeep\n|turn|23\n|\n|t:|1699889085\n|switch|p1a: Thundurus|Thundurus-Therian, M|100\/100\n|move|p2a: Dragapult|Draco Meteor|p1a: Thundurus\n|-damage|p1a: Thundurus|56\/100\n|-unboost|p2a: Dragapult|spa|2\n|\n|-weather|Snow|[upkeep]\n|upkeep\n|turn|24\n|\n|t:|1699889092\n|switch|p2a: Slowking|Slowking-Galar, F|67\/100\n|move|p1a: Thundurus|Volt Switch|p2a: Slowking\n|-damage|p2a: Slowking|34\/100\n|\n|t:|1699889097\n|switch|p1a: Cinderace|Cinderace, F|11\/100|[from] Volt Switch\n|\n|-weather|none\n|upkeep\n|turn|25\n|\n|t:|1699889101\n|switch|p2a: Moltres|Moltres|61\/100\n|move|p1a: Cinderace|Pyro Ball|p2a: Moltres\n|-resisted|p2a: Moltres\n|-damage|p2a: Moltres|39\/100\n|\n|upkeep\n|turn|26\n|\n|t:|1699889106\n|switch|p1a: Alomomola|Alomomola, F|63\/100\n|move|p2a: Moltres|U-turn|p1a: Alomomola\n|-damage|p1a: Alomomola|54\/100\n|\n|t:|1699889108\n|switch|p2a: Dragapult|Dragapult, F|100\/100|[from] U-turn\n|\n|upkeep\n|turn|27\n|\n|t:|1699889110\n|move|p2a: Dragapult|Draco Meteor|p1a: Alomomola\n|-damage|p1a: Alomomola|0 fnt\n|-unboost|p2a: Dragapult|spa|2\n|faint|p1a: Alomomola\n|\n|upkeep\n|c|\u2606ugandajigglys|droping drakos\n|\n|t:|1699889121\n|switch|p1a: Great Tusk|Great Tusk|100\/100\n|turn|28\n|\n|t:|1699889126\n|switch|p2a: Moltres|Moltres|39\/100\n|-end|p1a: Great Tusk|Protosynthesis|[silent]\n|switch|p1a: Thundurus|Thundurus-Therian, M|56\/100\n|\n|upkeep\n|turn|29\n|\n|t:|1699889131\n|switch|p2a: Slowking|Slowking-Galar, F|67\/100\n|move|p1a: Thundurus|Volt Switch|p2a: Slowking\n|-damage|p2a: Slowking|33\/100\n|\n|t:|1699889135\n|switch|p1a: Cinderace|Cinderace, F|11\/100|[from] Volt Switch\n|\n|upkeep\n|turn|30\n|\n|t:|1699889140\n|switch|p1a: Thundurus|Thundurus-Therian, M|56\/100\n|move|p2a: Slowking|Chilly Reception|p2a: Slowking\n|-weather|Snow\n|\n|t:|1699889143\n|switch|p2a: Dragapult|Dragapult, F|100\/100|[from] Chilly Reception\n|\n|-weather|Snow|[upkeep]\n|upkeep\n|turn|31\n|\n|t:|1699889147\n|move|p2a: Dragapult|Draco Meteor|p1a: Thundurus\n|-damage|p1a: Thundurus|0 fnt\n|-unboost|p2a: Dragapult|spa|2\n|faint|p1a: Thundurus\n|\n|-weather|Snow|[upkeep]\n|upkeep\n|-message|tintin1010 forfeited.\n|\n|win|ugandajigglys\n|raw|tintin1010's rating: 1149 &rarr; <strong>1125<\/strong><br \/>(-24 for losing)\n|raw|ugandajigglys's rating: 1159 &rarr; <strong>1183<\/strong><br \/>(+24 for winning)\n|l|\u2606tintin1010\n","uploadtime":1699889154,"views":14,"p1id":"tintin1010","p2id":"ugandajigglys","formatid":"gen9ou","rating":1125,"private":0,"password":""}