{"id":"gen9ou-1995143170","p1":"Xyaer","p2":"Jeed555","format":"[Gen 9] OU","log":"|j|\u2606Xyaer\n|j|\u2606Jeed555\n|t:|1700527386\n|gametype|singles\n|player|p1|Xyaer|dancer|1095\n|player|p2|Jeed555|169|1033\n|teamsize|p1|6\n|teamsize|p2|6\n|gen|9\n|tier|[Gen 9] OU\n|rated|\n|rule|Sleep Clause Mod: Limit one foe put to sleep\n|rule|Species Clause: Limit one of each Pok\u00e9mon\n|rule|OHKO Clause: OHKO moves are banned\n|rule|Evasion Items Clause: Evasion items are banned\n|rule|Evasion Moves Clause: Evasion moves are banned\n|rule|Endless Battle Clause: Forcing endless battles is banned\n|rule|HP Percentage Mod: HP is shown in percentages\n|clearpoke\n|poke|p1|Breloom, F|\n|poke|p1|Noctowl, M|\n|poke|p1|Tinkaton, F|\n|poke|p1|Clawitzer, M|\n|poke|p1|Lokix, M|\n|poke|p1|Typhlosion, F|\n|poke|p2|Samurott-Hisui, F|\n|poke|p2|Ceruledge, M|\n|poke|p2|Slowking-Galar, F|\n|poke|p2|Dragonite, M|\n|poke|p2|Iron Valiant|\n|poke|p2|Enamorus, F|\n|teampreview\n|inactive|Battle timer is ON: inactive players will automatically lose when time's up. (requested by Xyaer)\n|\n|t:|1700527410\n|start\n|switch|p1a: Breloom|Breloom, F|100\/100\n|switch|p2a: Samurott|Samurott-Hisui, F|100\/100\n|turn|1\n|\n|t:|1700527430\n|move|p2a: Samurott|Ceaseless Edge|p1a: Breloom|[miss]\n|-miss|p2a: Samurott|p1a: Breloom\n|move|p1a: Breloom|Bullet Seed|p2a: Samurott\n|-supereffective|p2a: Samurott\n|-damage|p2a: Samurott|49\/100\n|-supereffective|p2a: Samurott\n|-damage|p2a: Samurott|0 fnt\n|faint|p2a: Samurott\n|-hitcount|p2: Samurott|2\n|\n|upkeep\n|\n|t:|1700527441\n|switch|p2a: Ceruledge|Ceruledge, M|100\/100\n|turn|2\n|\n|t:|1700527455\n|switch|p1a: Typhlosion|Typhlosion, F|100\/100\n|move|p2a: Ceruledge|Swords Dance|p2a: Ceruledge\n|-boost|p2a: Ceruledge|atk|2\n|\n|upkeep\n|turn|3\n|\n|t:|1700527473\n|move|p1a: Typhlosion|Shadow Ball|p2a: Ceruledge\n|-supereffective|p2a: Ceruledge\n|-damage|p2a: Ceruledge|46\/100\n|move|p2a: Ceruledge|Poltergeist|p1a: Typhlosion\n|-activate|p1a: Typhlosion|move: Poltergeist|Choice Scarf\n|-damage|p1a: Typhlosion|0 fnt\n|faint|p1a: Typhlosion\n|\n|upkeep\n|\n|t:|1700527482\n|switch|p1a: Lokix|Lokix, M|100\/100\n|turn|4\n|\n|t:|1700527496\n|switch|p2a: Dragonite|Dragonite, M, shiny|100\/100\n|move|p1a: Lokix|Sucker Punch||[still]\n|-fail|p1a: Lokix\n|\n|upkeep\n|turn|5\n|inactive|Jeed555 has 120 seconds left.\n|\n|t:|1700527542\n|switch|p1a: Tinkaton|Tinkaton, F|100\/100\n|-ability|p1a: Tinkaton|Mold Breaker\n|move|p2a: Dragonite|Extreme Speed|p1a: Tinkaton\n|-resisted|p1a: Tinkaton\n|-damage|p1a: Tinkaton|79\/100\n|\n|upkeep\n|turn|6\n|\n|t:|1700527563\n|move|p1a: Tinkaton|Swords Dance|p1a: Tinkaton\n|-boost|p1a: Tinkaton|atk|2\n|move|p2a: Dragonite|Earthquake|p1a: Tinkaton\n|-supereffective|p1a: Tinkaton\n|-damage|p1a: Tinkaton|0 fnt\n|faint|p1a: Tinkaton\n|\n|upkeep\n|\n|t:|1700527571\n|switch|p1a: Clawitzer|Clawitzer, M|100\/100\n|turn|7\n|\n|t:|1700527578\n|move|p2a: Dragonite|Dragon Dance|p2a: Dragonite\n|-boost|p2a: Dragonite|atk|1\n|-boost|p2a: Dragonite|spe|1\n|move|p1a: Clawitzer|Ice Beam|p2a: Dragonite\n|-supereffective|p2a: Dragonite\n|-damage|p2a: Dragonite|1\/100\n|\n|upkeep\n|turn|8\n|\n|t:|1700527594\n|switch|p2a: Slowking|Slowking-Galar, F, shiny|100\/100\n|move|p1a: Clawitzer|Ice Beam|p2a: Slowking\n|-damage|p2a: Slowking|74\/100\n|\n|upkeep\n|turn|9\n|\n|t:|1700527601\n|switch|p1a: Noctowl|Noctowl, M|100\/100\n|move|p2a: Slowking|Future Sight|p1a: Noctowl\n|-start|p2a: Slowking|move: Future Sight\n|\n|upkeep\n|turn|10\n|\n|t:|1700527610\n|move|p1a: Noctowl|Hypnosis|p2a: Slowking\n|-status|p2a: Slowking|slp|[from] move: Hypnosis\n|cant|p2a: Slowking|slp\n|\n|upkeep\n|turn|11\n|inactive|Jeed555 has 120 seconds left.\n|\n|t:|1700527618\n|switch|p1a: Lokix|Lokix, M|100\/100\n|cant|p2a: Slowking|slp\n|\n|-end|p1a: Lokix|move: Future Sight\n|-immune|p1a: Lokix\n|upkeep\n|turn|12\n|inactive|Jeed555 has 120 seconds left.\n|\n|t:|1700527636\n|move|p1a: Lokix|First Impression|p2a: Slowking\n|-damage|p2a: Slowking|32\/100 slp\n|-curestatus|p2a: Slowking|slp|[msg]\n|move|p2a: Slowking|Sludge Bomb|p1a: Lokix\n|-damage|p1a: Lokix|35\/100\n|\n|upkeep\n|turn|13\n|inactive|Jeed555 has 120 seconds left.\n|\n|t:|1700527648\n|move|p1a: Lokix|Axe Kick|p2a: Slowking\n|-resisted|p2a: Slowking\n|-damage|p2a: Slowking|13\/100\n|move|p2a: Slowking|Future Sight|p1a: Lokix\n|-start|p2a: Slowking|move: Future Sight\n|\n|upkeep\n|turn|14\n|\n|t:|1700527657\n|move|p1a: Lokix|Axe Kick|p2a: Slowking|[miss]\n|-miss|p1a: Lokix|p2a: Slowking\n|-damage|p1a: Lokix|0 fnt|[from] highjumpkick\n|faint|p1a: Lokix\n|move|p2a: Slowking|Sludge Bomb|p1: Lokix|[notarget]\n|-fail|p2a: Slowking\n|\n|upkeep\n|-message|Xyaer forfeited.\n|\n|win|Jeed555\n|raw|Xyaer's rating: 1095 &rarr; <strong>1066<\/strong><br \/>(-29 for losing)\n|raw|Jeed555's rating: 1033 &rarr; <strong>1074<\/strong><br \/>(+41 for winning)\n|l|\u2606Xyaer\n","uploadtime":1700527674,"views":20,"p1id":"xyaer","p2id":"jeed555","formatid":"gen9ou","rating":1066,"private":0,"password":""}