{"id":"gen9ou-1993556121","p1":"Flamer blaze","p2":"Tottimax","format":"[Gen 9] OU","log":"|j|\u2606Flamer blaze\n|j|\u2606Tottimax\n|inactive|Battle timer is ON: inactive players will automatically lose when time's up.\n|t:|1700331359\n|gametype|singles\n|player|p1|Flamer blaze|steven-masters2|\n|player|p2|Tottimax|hilbert|\n|teamsize|p1|6\n|teamsize|p2|6\n|gen|9\n|tier|[Gen 9] OU\n|rated|Tournament battle\n|rule|Sleep Clause Mod: Limit one foe put to sleep\n|rule|Species Clause: Limit one of each Pok\u00e9mon\n|rule|OHKO Clause: OHKO moves are banned\n|rule|Evasion Items Clause: Evasion items are banned\n|rule|Evasion Moves Clause: Evasion moves are banned\n|rule|Endless Battle Clause: Forcing endless battles is banned\n|rule|HP Percentage Mod: HP is shown in percentages\n|clearpoke\n|poke|p1|Toxapex, M|\n|poke|p1|Rotom-Wash|\n|poke|p1|Scizor, M|\n|poke|p1|Great Tusk|\n|poke|p1|Iron Moth|\n|poke|p1|Iron Valiant|\n|poke|p2|Ribombee, M|\n|poke|p2|Munkidori, M|\n|poke|p2|Ogerpon-Cornerstone, F|\n|poke|p2|Manaphy|\n|poke|p2|Samurott-Hisui, F|\n|poke|p2|Gholdengo|\n|teampreview\n|j| MarlonHM\n|\n|t:|1700331382\n|start\n|switch|p1a: Scizor|Scizor, M, shiny|100\/100\n|switch|p2a: Samurott|Samurott-Hisui, F|100\/100\n|turn|1\n|\n|t:|1700331404\n|move|p2a: Samurott|Flip Turn|p1a: Scizor\n|-damage|p1a: Scizor|69\/100\n|inactive|Tottimax has 120 seconds left.\n|\n|t:|1700331431\n|switch|p2a: Munkidori|Munkidori, M|100\/100|[from] Flip Turn\n|move|p1a: Scizor|U-turn|p2a: Munkidori\n|-damage|p2a: Munkidori|6\/100\n|\n|t:|1700331453\n|switch|p1a: Rotom|Rotom-Wash, shiny|100\/100|[from] U-turn\n|\n|upkeep\n|turn|2\n|inactive|Tottimax has 120 seconds left.\n|\n|t:|1700331468\n|move|p2a: Munkidori|Psyshock|p1a: Rotom\n|-crit|p1a: Rotom\n|-damage|p1a: Rotom|14\/100\n|-damage|p2a: Munkidori|0 fnt|[from] item: Life Orb\n|faint|p2a: Munkidori\n|move|p1a: Rotom|Volt Switch|p2: Munkidori|[notarget]\n|-fail|p1a: Rotom\n|\n|-heal|p1a: Rotom|20\/100|[from] item: Leftovers\n|upkeep\n|\n|t:|1700331483\n|switch|p2a: Ribombee|Ribombee, M|100\/100\n|turn|3\n|\n|t:|1700331492\n|move|p2a: Ribombee|Sticky Web|p1a: Rotom\n|-sidestart|p1: Flamer blaze|move: Sticky Web\n|move|p1a: Rotom|Volt Switch|p2a: Ribombee\n|-damage|p2a: Ribombee|59\/100\n|\n|t:|1700331495\n|switch|p1a: Iron Moth|Iron Moth|100\/100|[from] Volt Switch\n|-activate|p1a: Iron Moth|move: Sticky Web\n|-unboost|p1a: Iron Moth|spe|1\n|\n|upkeep\n|turn|4\n|inactive|Tottimax has 120 seconds left.\n|\n|t:|1700331506\n|switch|p2a: Samurott|Samurott-Hisui, F|100\/100\n|move|p1a: Iron Moth|Sludge Wave|p2a: Samurott\n|-damage|p2a: Samurott|21\/100\n|\n|upkeep\n|turn|5\n|inactive|Tottimax has 120 seconds left.\n|inactive|Flamer blaze has 120 seconds left.\n|\n|t:|1700331543\n|-end|p1a: Iron Moth|Quark Drive|[silent]\n|switch|p1a: Rotom|Rotom-Wash, shiny|20\/100\n|move|p2a: Samurott|Flip Turn|p1a: Rotom\n|-resisted|p1a: Rotom\n|-damage|p1a: Rotom|4\/100\n|inactive|Tottimax has 120 seconds left.\n|inactive|Tottimax has 90 seconds left.\n|\n|t:|1700331596\n|switch|p2a: Gholdengo|Gholdengo|100\/100|[from] Flip Turn\n|-item|p2a: Gholdengo|Air Balloon\n|\n|-heal|p1a: Rotom|10\/100|[from] item: Leftovers\n|upkeep\n|turn|6\n|inactive|Flamer blaze has 120 seconds left.\n|inactive|Tottimax has 60 seconds left.\n|inactive|Flamer blaze has 90 seconds left.\n|\n|t:|1700331657\n|switch|p2a: Ribombee|Ribombee, M|59\/100\n|move|p1a: Rotom|Volt Switch|p2a: Ribombee\n|-damage|p2a: Ribombee|12\/100\n|inactive|Flamer blaze has 60 seconds left.\n|\n|t:|1700331693\n|switch|p1a: Iron Moth|Iron Moth|100\/100|[from] Volt Switch\n|-activate|p1a: Iron Moth|move: Sticky Web\n|-unboost|p1a: Iron Moth|spe|1\n|\n|upkeep\n|turn|7\n|\n|t:|1700331703\n|move|p2a: Ribombee|Stun Spore|p1a: Iron Moth\n|-status|p1a: Iron Moth|par\n|cant|p1a: Iron Moth|par\n|\n|upkeep\n|turn|8\n|j| ZeroZangetsu\n|\n|t:|1700331714\n|move|p2a: Ribombee|Quiver Dance|p2a: Ribombee\n|-boost|p2a: Ribombee|spa|1\n|-boost|p2a: Ribombee|spd|1\n|-boost|p2a: Ribombee|spe|1\n|move|p1a: Iron Moth|Sludge Wave|p2a: Ribombee\n|-supereffective|p2a: Ribombee\n|-damage|p2a: Ribombee|0 fnt\n|faint|p2a: Ribombee\n|\n|upkeep\n|\n|t:|1700331725\n|switch|p2a: Samurott|Samurott-Hisui, F|21\/100\n|turn|9\n|inactive|Flamer blaze has 60 seconds left.\n|inactive|Flamer blaze has 30 seconds left.\n|\n|t:|1700331761\n|-end|p1a: Iron Moth|Quark Drive|[silent]\n|switch|p1a: Rotom|Rotom-Wash, shiny|10\/100\n|move|p2a: Samurott|Ceaseless Edge|p1a: Rotom\n|-damage|p1a: Rotom|0 fnt\n|-sidestart|p1: Flamer blaze|Spikes\n|faint|p1a: Rotom\n|\n|upkeep\n|l| ZeroZangetsu\n|\n|t:|1700331766\n|switch|p1a: Great Tusk|Great Tusk|100\/100\n|-activate|p1a: Great Tusk|move: Sticky Web\n|-unboost|p1a: Great Tusk|spe|1\n|-damage|p1a: Great Tusk|88\/100|[from] Spikes\n|turn|10\n|\n|t:|1700331772\n|switch|p2a: Gholdengo|Gholdengo|100\/100\n|-item|p2a: Gholdengo|Air Balloon\n|move|p1a: Great Tusk|Rapid Spin|p2a: Gholdengo\n|-immune|p2a: Gholdengo\n|\n|upkeep\n|turn|11\n|j| arodr1\n|\n|t:|1700331786\n|-end|p1a: Great Tusk|Protosynthesis|[silent]\n|switch|p1a: Iron Moth|Iron Moth|100\/100 par\n|-activate|p1a: Iron Moth|move: Sticky Web\n|-unboost|p1a: Iron Moth|spe|1\n|-damage|p1a: Iron Moth|88\/100 par|[from] Spikes\n|move|p2a: Gholdengo|Nasty Plot|p2a: Gholdengo\n|-boost|p2a: Gholdengo|spa|2\n|\n|upkeep\n|turn|12\n|l| arodr1\n|\n|t:|1700331801\n|move|p2a: Gholdengo|Shadow Ball|p1a: Iron Moth\n|-damage|p1a: Iron Moth|34\/100 par\n|move|p1a: Iron Moth|Fire Blast|p2a: Gholdengo\n|-supereffective|p2a: Gholdengo\n|-damage|p2a: Gholdengo|0 fnt\n|-enditem|p2a: Gholdengo|Air Balloon\n|faint|p2a: Gholdengo\n|\n|upkeep\n|\n|t:|1700331807\n|switch|p2a: Samurott|Samurott-Hisui, F|21\/100\n|turn|13\n|\n|t:|1700331817\n|move|p2a: Samurott|Ceaseless Edge|p1a: Iron Moth\n|-damage|p1a: Iron Moth|0 fnt\n|-sidestart|p1: Flamer blaze|Spikes\n|faint|p1a: Iron Moth\n|-end|p1a: Iron Moth|Quark Drive|[silent]\n|\n|upkeep\n|\n|t:|1700331820\n|switch|p1a: Great Tusk|Great Tusk|88\/100\n|-activate|p1a: Great Tusk|move: Sticky Web\n|-unboost|p1a: Great Tusk|spe|1\n|-damage|p1a: Great Tusk|72\/100|[from] Spikes\n|turn|14\n|\n|t:|1700331826\n|move|p2a: Samurott|Flip Turn|p1a: Great Tusk\n|-supereffective|p1a: Great Tusk\n|-damage|p1a: Great Tusk|25\/100\n|\n|t:|1700331832\n|switch|p2a: Manaphy|Manaphy|100\/100|[from] Flip Turn\n|move|p1a: Great Tusk|Rapid Spin|p2a: Manaphy\n|-damage|p2a: Manaphy|82\/100\n|-boost|p1a: Great Tusk|spe|1\n|-sideend|p1: Flamer blaze|Spikes|[from] move: Rapid Spin|[of] p1a: Great Tusk\n|-sideend|p1: Flamer blaze|Sticky Web|[from] move: Rapid Spin|[of] p1a: Great Tusk\n|\n|upkeep\n|turn|15\n|\n|t:|1700331843\n|move|p2a: Manaphy|Psychic|p1a: Great Tusk\n|-supereffective|p1a: Great Tusk\n|-damage|p1a: Great Tusk|0 fnt\n|faint|p1a: Great Tusk\n|-end|p1a: Great Tusk|Protosynthesis|[silent]\n|\n|upkeep\n|\n|t:|1700331848\n|switch|p1a: Iron Valiant|Iron Valiant, shiny|100\/100\n|turn|16\n|inactive|Tottimax has 120 seconds left.\n|j| asugamingpoke\n|j| Diego the creator\n|\n|t:|1700331881\n|move|p1a: Iron Valiant|Thunderbolt|p2a: Manaphy\n|-supereffective|p2a: Manaphy\n|-damage|p2a: Manaphy|18\/100\n|move|p2a: Manaphy|Hydro Pump|p1a: Iron Valiant\n|-damage|p1a: Iron Valiant|6\/100\n|\n|upkeep\n|turn|17\n|inactive|Flamer blaze has 120 seconds left.\n|\n|t:|1700331891\n|move|p1a: Iron Valiant|Thunderbolt|p2a: Manaphy\n|-supereffective|p2a: Manaphy\n|-damage|p2a: Manaphy|0 fnt\n|faint|p2a: Manaphy\n|\n|upkeep\n|c| Diego the creator|Voy con el que ganw\n|j| mcgeady\n|\n|t:|1700331905\n|switch|p2a: Ogerpon|Ogerpon-Cornerstone, F|100\/100\n|turn|18\n|c| asugamingpoke|flamer ya la tiene gg\n|c| MarlonHM|x2\n|inactive|Flamer blaze has 120 seconds left.\n|\n|t:|1700331919\n|move|p1a: Iron Valiant|Aura Sphere|p2a: Ogerpon\n|-supereffective|p2a: Ogerpon\n|-ability|p2a: Ogerpon|Sturdy\n|-damage|p2a: Ogerpon|1\/100\n|move|p2a: Ogerpon|Horn Leech|p1a: Iron Valiant\n|-damage|p1a: Iron Valiant|0 fnt\n|-heal|p2a: Ogerpon|3\/100|[from] drain|[of] p1a: Iron Valiant\n|faint|p1a: Iron Valiant\n|-end|p1a: Iron Valiant|Quark Drive|[silent]\n|\n|upkeep\n|c| Diego the creator|Yo siempre confi\u00e9 \ud83d\uddff\n|inactive|Flamer blaze has 120 seconds left.\n|\n|t:|1700331926\n|switch|p1a: Scizor|Scizor, M, shiny|69\/100\n|turn|19\n|\n|t:|1700331933\n|move|p1a: Scizor|Bullet Punch|p2a: Ogerpon\n|-supereffective|p2a: Ogerpon\n|-damage|p2a: Ogerpon|0 fnt\n|faint|p2a: Ogerpon\n|\n|upkeep\n|\n|t:|1700331935\n|switch|p2a: Samurott|Samurott-Hisui, F|21\/100\n|turn|20\n|inactive|Tottimax has 120 seconds left.\n|c| asugamingpoke|gg\n|c| MarlonHM|que buen combate al chile que si\n|\n|t:|1700331944\n|move|p1a: Scizor|Bullet Punch|p2a: Samurott\n|-resisted|p2a: Samurott\n|-damage|p2a: Samurott|0 fnt\n|faint|p2a: Samurott\n|\n|win|Flamer blaze\n|n|\u2606Flamer blaze|flamerblaze\n|n|\u2606Tottimax|tottimax\n|n| MarlonHM|marlonhm\n|n| asugamingpoke|asugamingpoke\n|n| Diego the creator|diegothecreator\n|n| mcgeady|mcgeady\n","uploadtime":1700331947,"views":13,"p1id":"flamerblaze","p2id":"tottimax","formatid":"gen9ou","rating":0,"private":0,"password":""}