{"id":"gen9ou-1997329378","p1":"TeamYourNoobs","p2":"Josiah5878","format":"[Gen 9] OU","log":"|j|\u2606TeamYourNoobs\n|j|\u2606Josiah5878\n|inactive|Battle timer is ON: inactive players will automatically lose when time's up.\n|t:|1700790126\n|gametype|singles\n|player|p1|TeamYourNoobs|266|\n|player|p2|Josiah5878|blue|\n|teamsize|p1|6\n|teamsize|p2|6\n|gen|9\n|tier|[Gen 9] OU\n|rated|Tournament battle\n|rule|Sleep Clause Mod: Limit one foe put to sleep\n|rule|Species Clause: Limit one of each Pok\u00e9mon\n|rule|OHKO Clause: OHKO moves are banned\n|rule|Evasion Items Clause: Evasion items are banned\n|rule|Evasion Moves Clause: Evasion moves are banned\n|rule|Endless Battle Clause: Forcing endless battles is banned\n|rule|HP Percentage Mod: HP is shown in percentages\n|clearpoke\n|poke|p1|Dragapult, M|\n|poke|p1|Gholdengo|\n|poke|p1|Ogerpon-Wellspring, F|\n|poke|p1|Greninja-*, M|\n|poke|p1|Koraidon|\n|poke|p1|Ribombee, F|\n|poke|p2|Gholdengo|\n|poke|p2|Garganacl, M|\n|poke|p2|Clefable, F|\n|poke|p2|Hydreigon, F|\n|poke|p2|Iron Hands|\n|poke|p2|Koraidon|\n|teampreview\n|j|*Lady Monita \u2746\n|inactive|TeamYourNoobs also wants the timer to be on.\n|inactive|Josiah5878 also wants the timer to be on.\n|c|\u2606Josiah5878|gl\n|\n|t:|1700790134\n|start\n|switch|p1a: Ribombee|Ribombee, F|100\/100\n|switch|p2a: Clefable|Clefable, F|100\/100\n|turn|1\n|\n|t:|1700790137\n|move|p1a: Ribombee|Sticky Web|p2a: Clefable\n|-sidestart|p2: Josiah5878|move: Sticky Web\n|move|p2a: Clefable|Copycat|p2a: Clefable\n|move|p2a: Clefable|Sticky Web|p1a: Ribombee|[from]move: Copycat\n|-sidestart|p1: TeamYourNoobs|move: Sticky Web\n|\n|upkeep\n|turn|2\n|c|\u2606TeamYourNoobs|Stall\n|c|\u2606Josiah5878|maybe\n|\n|t:|1700790146\n|move|p1a: Ribombee|Stun Spore|p2a: Clefable\n|-status|p2a: Clefable|par\n|move|p2a: Clefable|Stealth Rock|p1a: Ribombee\n|-sidestart|p1: TeamYourNoobs|move: Stealth Rock\n|\n|upkeep\n|turn|3\n|\n|t:|1700790153\n|move|p1a: Ribombee|Quiver Dance|p1a: Ribombee\n|-boost|p1a: Ribombee|spa|1\n|-boost|p1a: Ribombee|spd|1\n|-boost|p1a: Ribombee|spe|1\n|move|p2a: Clefable|Moonblast|p1a: Ribombee\n|-damage|p1a: Ribombee|29\/100\n|-unboost|p1a: Ribombee|spa|1\n|\n|upkeep\n|turn|4\n|\n|t:|1700790161\n|move|p1a: Ribombee|Moonblast|p2a: Clefable\n|-damage|p2a: Clefable|49\/100 par\n|cant|p2a: Clefable|par\n|\n|upkeep\n|turn|5\n|\n|t:|1700790167\n|move|p1a: Ribombee|Moonblast|p2a: Clefable\n|-damage|p2a: Clefable|3\/100 par\n|-unboost|p2a: Clefable|spa|1\n|move|p2a: Clefable|Moonblast|p1a: Ribombee\n|-damage|p1a: Ribombee|0 fnt\n|faint|p1a: Ribombee\n|\n|upkeep\n|\n|t:|1700790175\n|switch|p1a: Greninja|Greninja, M|100\/100\n|-activate|p1a: Greninja|move: Sticky Web\n|-unboost|p1a: Greninja|spe|1\n|-damage|p1a: Greninja|88\/100|[from] Stealth Rock\n|turn|6\n|\n|t:|1700790183\n|move|p1a: Greninja|Water Shuriken|p2a: Clefable\n|-damage|p2a: Clefable|0 fnt\n|faint|p2a: Clefable\n|-ability|p1a: Greninja|Battle Bond|boost\n|-boost|p1a: Greninja|atk|1\n|-boost|p1a: Greninja|spa|1\n|-boost|p1a: Greninja|spe|1\n|-activate|p1a: Greninja|ability: Battle Bond\n|-hitcount|p2: Clefable|1\n|\n|upkeep\n|\n|t:|1700790192\n|switch|p2a: Gholdengo|Gholdengo|100\/100\n|-activate|p2a: Gholdengo|move: Sticky Web\n|-unboost|p2a: Gholdengo|spe|1\n|turn|7\n|\n|t:|1700790200\n|move|p1a: Greninja|Dark Pulse|p2a: Gholdengo\n|-supereffective|p2a: Gholdengo\n|-damage|p2a: Gholdengo|0 fnt\n|faint|p2a: Gholdengo\n|\n|upkeep\n|\n|t:|1700790220\n|switch|p2a: Hydreigon|Hydreigon, F|100\/100\n|turn|8\n|\n|t:|1700790248\n|move|p1a: Greninja|Ice Beam|p2a: Hydreigon\n|-supereffective|p2a: Hydreigon\n|-damage|p2a: Hydreigon|3\/100\n|move|p2a: Hydreigon|Dark Pulse|p1a: Greninja\n|-resisted|p1a: Greninja\n|-damage|p1a: Greninja|54\/100\n|\n|upkeep\n|turn|9\n|c|\u2606Josiah5878|...clicked draco\n|j| femboyvirizion\n|\n|t:|1700790263\n|switch|p2a: Iron Hands|Iron Hands|100\/100\n|-activate|p2a: Iron Hands|move: Sticky Web\n|-unboost|p2a: Iron Hands|spe|1\n|move|p1a: Greninja|Water Shuriken|p2a: Iron Hands\n|-damage|p2a: Iron Hands|94\/100\n|-damage|p2a: Iron Hands|87\/100\n|-damage|p2a: Iron Hands|81\/100\n|-damage|p2a: Iron Hands|74\/100\n|-damage|p2a: Iron Hands|68\/100\n|-hitcount|p2a: Iron Hands|5\n|\n|upkeep\n|turn|10\n|\n|t:|1700790271\n|move|p2a: Iron Hands|Fake Out|p1a: Greninja\n|-damage|p1a: Greninja|28\/100\n|cant|p1a: Greninja|flinch\n|\n|upkeep\n|turn|11\n|\n|t:|1700790275\n|-end|p2a: Iron Hands|Quark Drive|[silent]\n|switch|p2a: Hydreigon|Hydreigon, F|3\/100\n|move|p1a: Greninja|Hydro Pump|p2a: Hydreigon\n|-resisted|p2a: Hydreigon\n|-damage|p2a: Hydreigon|0 fnt\n|faint|p2a: Hydreigon\n|\n|upkeep\n|\n|t:|1700790280\n|switch|p2a: Iron Hands|Iron Hands|68\/100\n|-activate|p2a: Iron Hands|move: Sticky Web\n|-unboost|p2a: Iron Hands|spe|1\n|turn|12\n|\n|t:|1700790285\n|switch|p1a: Gholdengo|Gholdengo|100\/100\n|-activate|p1a: Gholdengo|move: Sticky Web\n|-unboost|p1a: Gholdengo|spe|1\n|-damage|p1a: Gholdengo|94\/100|[from] Stealth Rock\n|move|p2a: Iron Hands|Fake Out|p1a: Gholdengo\n|-immune|p1a: Gholdengo\n|\n|-heal|p1a: Gholdengo|100\/100|[from] item: Leftovers\n|upkeep\n|turn|13\n|\n|t:|1700790289\n|move|p1a: Gholdengo|Hex|p2a: Iron Hands\n|-damage|p2a: Iron Hands|47\/100\n|move|p2a: Iron Hands|Earthquake|p1a: Gholdengo\n|-supereffective|p1a: Gholdengo\n|-damage|p1a: Gholdengo|29\/100\n|\n|-heal|p1a: Gholdengo|35\/100|[from] item: Leftovers\n|upkeep\n|turn|14\n|\n|t:|1700790298\n|move|p1a: Gholdengo|Recover|p1a: Gholdengo\n|-heal|p1a: Gholdengo|85\/100\n|move|p2a: Iron Hands|Earthquake|p1a: Gholdengo\n|-supereffective|p1a: Gholdengo\n|-damage|p1a: Gholdengo|3\/100\n|\n|-heal|p1a: Gholdengo|9\/100|[from] item: Leftovers\n|upkeep\n|turn|15\n|\n|t:|1700790313\n|move|p1a: Gholdengo|Hex|p2a: Iron Hands\n|-damage|p2a: Iron Hands|26\/100\n|move|p2a: Iron Hands|Earthquake|p1a: Gholdengo\n|-supereffective|p1a: Gholdengo\n|-damage|p1a: Gholdengo|0 fnt\n|faint|p1a: Gholdengo\n|\n|upkeep\n|\n|t:|1700790316\n|switch|p1a: Ogerpon|Ogerpon-Wellspring, F|100\/100\n|-activate|p1a: Ogerpon|move: Sticky Web\n|-unboost|p1a: Ogerpon|spe|1\n|-damage|p1a: Ogerpon|88\/100|[from] Stealth Rock\n|turn|16\n|\n|t:|1700790326\n|move|p1a: Ogerpon|Ivy Cudgel|p2a: Iron Hands|[anim] Ivy Cudgel Water\n|-crit|p2a: Iron Hands\n|-damage|p2a: Iron Hands|0 fnt\n|faint|p2a: Iron Hands\n|-end|p2a: Iron Hands|Quark Drive|[silent]\n|\n|upkeep\n|\n|t:|1700790330\n|switch|p2a: Koraidon|Koraidon|100\/100\n|-activate|p2a: Koraidon|move: Sticky Web\n|-unboost|p2a: Koraidon|spe|1\n|-weather|SunnyDay|[from] ability: Orichalcum Pulse|[of] p2a: Koraidon\n|-activate|p2a: Koraidon|Orichalcum Pulse|[source]\n|turn|17\n|\n|t:|1700790338\n|switch|p1a: Greninja|Greninja, M|28\/100\n|-activate|p1a: Greninja|move: Sticky Web\n|-unboost|p1a: Greninja|spe|1\n|-damage|p1a: Greninja|16\/100|[from] Stealth Rock\n|-terastallize|p2a: Koraidon|Fire\n|move|p2a: Koraidon|Flare Blitz|p1a: Greninja\n|-resisted|p1a: Greninja\n|-damage|p1a: Greninja|0 fnt\n|faint|p1a: Greninja\n|-damage|p2a: Koraidon|96\/100|[from] Recoil\n|\n|-weather|SunnyDay|[upkeep]\n|upkeep\n|\n|t:|1700790351\n|switch|p1a: Dragapult|Dragapult, M|100\/100\n|-activate|p1a: Dragapult|move: Sticky Web\n|-unboost|p1a: Dragapult|spe|1\n|-damage|p1a: Dragapult|88\/100|[from] Stealth Rock\n|turn|18\n|\n|t:|1700790357\n|switch|p2a: Garganacl|Garganacl, M|100\/100\n|-activate|p2a: Garganacl|move: Sticky Web\n|-unboost|p2a: Garganacl|spe|1\n|move|p1a: Dragapult|Draco Meteor|p2a: Garganacl\n|-damage|p2a: Garganacl|23\/100\n|-unboost|p1a: Dragapult|spa|2\n|\n|-weather|SunnyDay|[upkeep]\n|-heal|p2a: Garganacl|29\/100|[from] item: Leftovers\n|upkeep\n|turn|19\n|\n|t:|1700790363\n|move|p1a: Dragapult|Draco Meteor|p2a: Garganacl\n|-damage|p2a: Garganacl|0 fnt\n|-unboost|p1a: Dragapult|spa|2\n|faint|p2a: Garganacl\n|\n|-weather|SunnyDay|[upkeep]\n|upkeep\n|\n|t:|1700790366\n|switch|p2a: Koraidon|Koraidon, tera:Fire|96\/100\n|-activate|p2a: Koraidon|move: Sticky Web\n|-unboost|p2a: Koraidon|spe|1\n|-activate|p2a: Koraidon|ability: Orichalcum Pulse\n|turn|20\n|\n|t:|1700790371\n|switch|p1a: Koraidon|Koraidon|100\/100\n|-activate|p1a: Koraidon|move: Sticky Web\n|-unboost|p1a: Koraidon|spe|1\n|-damage|p1a: Koraidon|94\/100|[from] Stealth Rock\n|-activate|p1a: Koraidon|ability: Orichalcum Pulse\n|move|p2a: Koraidon|Dragon Claw|p1a: Koraidon\n|-supereffective|p1a: Koraidon\n|-damage|p1a: Koraidon|0 fnt\n|faint|p1a: Koraidon\n|\n|-weather|SunnyDay|[upkeep]\n|upkeep\n|\n|t:|1700790376\n|switch|p1a: Ogerpon|Ogerpon-Wellspring, F|88\/100\n|-activate|p1a: Ogerpon|move: Sticky Web\n|-unboost|p1a: Ogerpon|spe|1\n|-damage|p1a: Ogerpon|76\/100|[from] Stealth Rock\n|turn|21\n|\n|t:|1700790382\n|move|p2a: Koraidon|Dragon Claw|p1a: Ogerpon\n|-damage|p1a: Ogerpon|0 fnt\n|faint|p1a: Ogerpon\n|\n|-weather|none\n|upkeep\n|\n|t:|1700790384\n|switch|p1a: Dragapult|Dragapult, M|88\/100\n|-activate|p1a: Dragapult|move: Sticky Web\n|-unboost|p1a: Dragapult|spe|1\n|-damage|p1a: Dragapult|76\/100|[from] Stealth Rock\n|turn|22\n|\n|t:|1700790388\n|move|p2a: Koraidon|Dragon Claw|p1a: Dragapult\n|-supereffective|p1a: Dragapult\n|-damage|p1a: Dragapult|0 fnt\n|faint|p1a: Dragapult\n|\n|win|Josiah5878\n|n|\u2606TeamYourNoobs|teamyournoobs\n|n|\u2606Josiah5878|josiah5878\n|n|*Lady Monita \u2746|ladymonita\n|n| femboyvirizion|femboyvirizion\n","uploadtime":1700790389,"views":3,"p1id":"teamyournoobs","p2id":"josiah5878","formatid":"gen9ou","rating":0,"private":0,"password":""}