{"id":"gen9ou-1992532643","p1":"julian113","p2":"Ctannn","format":"[Gen 9] OU","log":"|j|\u2606julian113\n|j|\u2606Ctannn\n|t:|1700200821\n|gametype|singles\n|player|p1|julian113|2|1478\n|player|p2|Ctannn|102|1614\n|teamsize|p1|6\n|teamsize|p2|6\n|gen|9\n|tier|[Gen 9] OU\n|rated|\n|rule|Sleep Clause Mod: Limit one foe put to sleep\n|rule|Species Clause: Limit one of each Pok\u00e9mon\n|rule|OHKO Clause: OHKO moves are banned\n|rule|Evasion Items Clause: Evasion items are banned\n|rule|Evasion Moves Clause: Evasion moves are banned\n|rule|Endless Battle Clause: Forcing endless battles is banned\n|rule|HP Percentage Mod: HP is shown in percentages\n|clearpoke\n|poke|p1|Mamoswine, F|\n|poke|p1|Dragapult, F|\n|poke|p1|Meowscarada, F|\n|poke|p1|Clefable, M|\n|poke|p1|Corviknight, M|\n|poke|p1|Heatran, F|\n|poke|p2|Kingambit, M|\n|poke|p2|Ribombee, M|\n|poke|p2|Gholdengo|\n|poke|p2|Dragapult, M|\n|poke|p2|Iron Moth|\n|poke|p2|Greninja-*, M|\n|teampreview\n|inactive|Battle timer is ON: inactive players will automatically lose when time's up. (requested by Ctannn)\n|\n|t:|1700200829\n|start\n|switch|p1a: Mamoswine|Mamoswine, F|100\/100\n|switch|p2a: Ribombee|Ribombee, M|100\/100\n|turn|1\n|\n|t:|1700200834\n|move|p2a: Ribombee|Sticky Web|p1a: Mamoswine\n|-sidestart|p1: julian113|move: Sticky Web\n|move|p1a: Mamoswine|Icicle Spear|p2a: Ribombee\n|-damage|p2a: Ribombee|74\/100\n|-damage|p2a: Ribombee|44\/100\n|-crit|p2a: Ribombee\n|-damage|p2a: Ribombee|2\/100\n|-damage|p2a: Ribombee|0 fnt\n|faint|p2a: Ribombee\n|-hitcount|p2: Ribombee|4\n|\n|upkeep\n|\n|t:|1700200841\n|switch|p2a: Greninja|Greninja, M|100\/100\n|turn|2\n|\n|t:|1700200848\n|switch|p2a: Kingambit|Kingambit, M|100\/100\n|-activate|p2a: Kingambit|ability: Supreme Overlord\n|-start|p2a: Kingambit|fallen1|[silent]\n|switch|p1a: Clefable|Clefable, M|100\/100\n|-activate|p1a: Clefable|move: Sticky Web\n|-unboost|p1a: Clefable|spe|1\n|\n|upkeep\n|turn|3\n|\n|t:|1700200855\n|switch|p1a: Corviknight|Corviknight, M|100\/100\n|-ability|p1a: Corviknight|Pressure\n|move|p2a: Kingambit|Iron Head|p1a: Corviknight\n|-resisted|p1a: Corviknight\n|-damage|p1a: Corviknight|81\/100\n|-damage|p2a: Kingambit|84\/100|[from] item: Rocky Helmet|[of] p1a: Corviknight\n|\n|upkeep\n|turn|4\n|\n|t:|1700200863\n|-end|p2a: Kingambit|fallen1|[silent]\n|switch|p2a: Dragapult|Dragapult, M|100\/100\n|move|p1a: Corviknight|U-turn|p2a: Dragapult\n|-resisted|p2a: Dragapult\n|-damage|p2a: Dragapult|91\/100\n|\n|t:|1700200868\n|switch|p1a: Clefable|Clefable, M|100\/100|[from] U-turn\n|-activate|p1a: Clefable|move: Sticky Web\n|-unboost|p1a: Clefable|spe|1\n|\n|upkeep\n|turn|5\n|\n|t:|1700200875\n|move|p2a: Dragapult|U-turn|p1a: Clefable\n|-resisted|p1a: Clefable\n|-damage|p1a: Clefable|80\/100\n|\n|t:|1700200878\n|switch|p2a: Kingambit|Kingambit, M|84\/100|[from] U-turn\n|-activate|p2a: Kingambit|ability: Supreme Overlord\n|-start|p2a: Kingambit|fallen1|[silent]\n|move|p1a: Clefable|Moonblast|p2a: Kingambit\n|-damage|p2a: Kingambit|48\/100\n|\n|-heal|p1a: Clefable|86\/100|[from] item: Leftovers\n|upkeep\n|turn|6\n|\n|t:|1700200882\n|switch|p1a: Corviknight|Corviknight, M|81\/100\n|-ability|p1a: Corviknight|Pressure\n|move|p2a: Kingambit|Kowtow Cleave|p1a: Corviknight\n|-damage|p1a: Corviknight|34\/100\n|-damage|p2a: Kingambit|32\/100|[from] item: Rocky Helmet|[of] p1a: Corviknight\n|\n|upkeep\n|turn|7\n|\n|t:|1700200890\n|move|p2a: Kingambit|Kowtow Cleave|p1a: Corviknight\n|-damage|p1a: Corviknight|0 fnt\n|-damage|p2a: Kingambit|15\/100|[from] item: Rocky Helmet|[of] p1a: Corviknight\n|faint|p1a: Corviknight\n|\n|upkeep\n|\n|t:|1700200903\n|switch|p1a: Meowscarada|Meowscarada, F|100\/100\n|-activate|p1a: Meowscarada|move: Sticky Web\n|-unboost|p1a: Meowscarada|spe|1\n|turn|8\n|\n|t:|1700200920\n|-end|p2a: Kingambit|fallen1|[silent]\n|switch|p2a: Iron Moth|Iron Moth|100\/100\n|move|p1a: Meowscarada|U-turn|p2a: Iron Moth\n|-start|p1a: Meowscarada|typechange|Bug|[from] ability: Protean\n|-resisted|p2a: Iron Moth\n|-damage|p2a: Iron Moth|87\/100\n|\n|t:|1700200924\n|switch|p1a: Heatran|Heatran, F|100\/100|[from] U-turn\n|-activate|p1a: Heatran|move: Sticky Web\n|-unboost|p1a: Heatran|spe|1\n|\n|upkeep\n|turn|9\n|\n|t:|1700200933\n|-end|p2a: Iron Moth|Quark Drive|[silent]\n|switch|p2a: Kingambit|Kingambit, M|15\/100\n|-activate|p2a: Kingambit|ability: Supreme Overlord\n|-start|p2a: Kingambit|fallen1|[silent]\n|move|p1a: Heatran|Earth Power|p2a: Kingambit\n|-supereffective|p2a: Kingambit\n|-damage|p2a: Kingambit|0 fnt\n|faint|p2a: Kingambit\n|-end|p2a: Kingambit|fallen1|[silent]\n|\n|upkeep\n|\n|t:|1700200936\n|switch|p2a: Greninja|Greninja, M|100\/100\n|turn|10\n|\n|t:|1700200942\n|switch|p1a: Clefable|Clefable, M|86\/100\n|-activate|p1a: Clefable|move: Sticky Web\n|-unboost|p1a: Clefable|spe|1\n|move|p2a: Greninja|Surf|p1a: Clefable\n|-damage|p1a: Clefable|60\/100\n|\n|-heal|p1a: Clefable|66\/100|[from] item: Leftovers\n|upkeep\n|turn|11\n|\n|t:|1700200952\n|switch|p2a: Gholdengo|Gholdengo|100\/100\n|-item|p2a: Gholdengo|Air Balloon\n|move|p1a: Clefable|Moonblast|p2a: Gholdengo\n|-resisted|p2a: Gholdengo\n|-damage|p2a: Gholdengo|83\/100\n|-enditem|p2a: Gholdengo|Air Balloon\n|\n|-heal|p1a: Clefable|72\/100|[from] item: Leftovers\n|upkeep\n|turn|12\n|\n|t:|1700200958\n|switch|p1a: Heatran|Heatran, F|100\/100\n|-activate|p1a: Heatran|move: Sticky Web\n|-unboost|p1a: Heatran|spe|1\n|move|p2a: Gholdengo|Nasty Plot|p2a: Gholdengo\n|-boost|p2a: Gholdengo|spa|2\n|\n|upkeep\n|turn|13\n|\n|t:|1700200965\n|-terastallize|p2a: Gholdengo|Fairy\n|move|p2a: Gholdengo|Shadow Ball|p1a: Heatran\n|-damage|p1a: Heatran|47\/100\n|move|p1a: Heatran|Magma Storm|p2a: Gholdengo\n|-damage|p2a: Gholdengo|30\/100\n|-activate|p2a: Gholdengo|move: Magma Storm|[of] p1a: Heatran\n|\n|-heal|p1a: Heatran|53\/100|[from] item: Leftovers\n|-damage|p2a: Gholdengo|18\/100|[from] move: Magma Storm|[partiallytrapped]\n|upkeep\n|turn|14\n|inactive|julian113 has 120 seconds left.\n|\n|t:|1700200997\n|switch|p1a: Meowscarada|Meowscarada, F|100\/100\n|-activate|p1a: Meowscarada|move: Sticky Web\n|-unboost|p1a: Meowscarada|spe|1\n|move|p2a: Gholdengo|Recover|p2a: Gholdengo\n|-heal|p2a: Gholdengo|68\/100\n|\n|-end|p2a: Gholdengo|Magma Storm|[partiallytrapped]|[silent]\n|upkeep\n|turn|15\n|inactive|julian113 has 120 seconds left.\n|\n|t:|1700201018\n|switch|p2a: Dragapult|Dragapult, M|91\/100\n|-terastallize|p1a: Meowscarada|Grass\n|move|p1a: Meowscarada|Flower Trick|p2a: Dragapult\n|-resisted|p2a: Dragapult\n|-crit|p2a: Dragapult\n|-damage|p2a: Dragapult|49\/100\n|\n|upkeep\n|turn|16\n|\n|t:|1700201031\n|switch|p1a: Clefable|Clefable, M|72\/100\n|-activate|p1a: Clefable|move: Sticky Web\n|-unboost|p1a: Clefable|spe|1\n|move|p2a: Dragapult|U-turn|p1a: Clefable\n|-resisted|p1a: Clefable\n|-damage|p1a: Clefable|51\/100\n|\n|t:|1700201035\n|switch|p2a: Gholdengo|Gholdengo, tera:Fairy|68\/100|[from] U-turn\n|\n|-heal|p1a: Clefable|57\/100|[from] item: Leftovers\n|upkeep\n|turn|17\n|inactive|julian113 has 120 seconds left.\n|\n|t:|1700201041\n|move|p2a: Gholdengo|Nasty Plot|p2a: Gholdengo\n|-boost|p2a: Gholdengo|spa|2\n|move|p1a: Clefable|Moonblast|p2a: Gholdengo\n|-damage|p2a: Gholdengo|32\/100\n|\n|-heal|p1a: Clefable|63\/100|[from] item: Leftovers\n|upkeep\n|turn|18\n|\n|t:|1700201047\n|move|p2a: Gholdengo|Recover|p2a: Gholdengo\n|-heal|p2a: Gholdengo|82\/100\n|move|p1a: Clefable|Moonblast|p2a: Gholdengo\n|-damage|p2a: Gholdengo|46\/100\n|-unboost|p2a: Gholdengo|spa|1\n|\n|-heal|p1a: Clefable|70\/100|[from] item: Leftovers\n|upkeep\n|turn|19\n|\n|t:|1700201054\n|move|p2a: Gholdengo|Nasty Plot|p2a: Gholdengo\n|-boost|p2a: Gholdengo|spa|2\n|move|p1a: Clefable|Moonblast|p2a: Gholdengo\n|-damage|p2a: Gholdengo|11\/100\n|-unboost|p2a: Gholdengo|spa|1\n|\n|-heal|p1a: Clefable|76\/100|[from] item: Leftovers\n|upkeep\n|turn|20\n|\n|t:|1700201069\n|move|p2a: Gholdengo|Make It Rain|p1a: Clefable\n|-supereffective|p1a: Clefable\n|-damage|p1a: Clefable|0 fnt\n|-unboost|p2a: Gholdengo|spa|1\n|faint|p1a: Clefable\n|\n|upkeep\n|\n|t:|1700201084\n|switch|p1a: Dragapult|Dragapult, F|100\/100\n|turn|21\n|\n|t:|1700201098\n|move|p1a: Dragapult|Hex|p2a: Gholdengo\n|-crit|p2a: Gholdengo\n|-damage|p2a: Gholdengo|0 fnt\n|faint|p2a: Gholdengo\n|\n|upkeep\n|\n|t:|1700201101\n|switch|p2a: Dragapult|Dragapult, M|49\/100\n|turn|22\n|\n|t:|1700201115\n|switch|p1a: Mamoswine|Mamoswine, F|100\/100\n|-activate|p1a: Mamoswine|move: Sticky Web\n|-unboost|p1a: Mamoswine|spe|1\n|move|p2a: Dragapult|Dragon Darts|p1a: Mamoswine\n|-damage|p1a: Mamoswine|60\/100\n|-anim|p2a: Dragapult|Dragon Darts|p1a: Mamoswine\n|-damage|p1a: Mamoswine|21\/100\n|\n|upkeep\n|turn|23\n|\n|t:|1700201120\n|move|p1a: Mamoswine|Ice Shard|p2a: Dragapult\n|-supereffective|p2a: Dragapult\n|-damage|p2a: Dragapult|0 fnt\n|faint|p2a: Dragapult\n|\n|upkeep\n|\n|t:|1700201122\n|switch|p2a: Greninja|Greninja, M|100\/100\n|turn|24\n|\n|t:|1700201144\n|move|p2a: Greninja|Surf|p1a: Mamoswine\n|-supereffective|p1a: Mamoswine\n|-damage|p1a: Mamoswine|0 fnt\n|faint|p1a: Mamoswine\n|-ability|p2a: Greninja|Battle Bond|boost\n|-boost|p2a: Greninja|atk|1\n|-boost|p2a: Greninja|spa|1\n|-boost|p2a: Greninja|spe|1\n|-activate|p2a: Greninja|ability: Battle Bond\n|\n|upkeep\n|\n|t:|1700201155\n|switch|p1a: Meowscarada|Meowscarada, F, tera:Grass|100\/100\n|-activate|p1a: Meowscarada|move: Sticky Web\n|-unboost|p1a: Meowscarada|spe|1\n|turn|25\n|\n|t:|1700201160\n|move|p2a: Greninja|Ice Beam|p1a: Meowscarada\n|-supereffective|p1a: Meowscarada\n|-damage|p1a: Meowscarada|0 fnt\n|faint|p1a: Meowscarada\n|\n|upkeep\n|\n|t:|1700201169\n|switch|p1a: Dragapult|Dragapult, F|100\/100\n|turn|26\n|\n|t:|1700201173\n|move|p2a: Greninja|Dark Pulse|p1a: Dragapult\n|-supereffective|p1a: Dragapult\n|-damage|p1a: Dragapult|0 fnt\n|faint|p1a: Dragapult\n|\n|upkeep\n|\n|t:|1700201176\n|switch|p1a: Heatran|Heatran, F|53\/100\n|-activate|p1a: Heatran|move: Sticky Web\n|-unboost|p1a: Heatran|spe|1\n|turn|27\n|\n|t:|1700201180\n|move|p2a: Greninja|Surf|p1a: Heatran\n|-supereffective|p1a: Heatran\n|-damage|p1a: Heatran|0 fnt\n|faint|p1a: Heatran\n|\n|win|Ctannn\n|raw|julian113's rating: 1478 &rarr; <strong>1465<\/strong><br \/>(-13 for losing)\n|raw|Ctannn's rating: 1614 &rarr; <strong>1627<\/strong><br \/>(+13 for winning)\n","uploadtime":1700201183,"views":6,"p1id":"julian113","p2id":"ctannn","formatid":"gen9ou","rating":1465,"private":0,"password":""}