{"id":"gen9ou-1995966903","p1":"Ohmoh-","p2":"skeerph","format":"[Gen 9] OU","log":"|j|\u2606Ohmoh-\n|j|\u2606skeerph\n|t:|1700623106\n|gametype|singles\n|player|p1|Ohmoh-|iris-gen5bw2|1045\n|player|p2|skeerph|266|1000\n|teamsize|p1|6\n|teamsize|p2|6\n|gen|9\n|tier|[Gen 9] OU\n|rated|\n|rule|Sleep Clause Mod: Limit one foe put to sleep\n|rule|Species Clause: Limit one of each Pok\u00e9mon\n|rule|OHKO Clause: OHKO moves are banned\n|rule|Evasion Items Clause: Evasion items are banned\n|rule|Evasion Moves Clause: Evasion moves are banned\n|rule|Endless Battle Clause: Forcing endless battles is banned\n|rule|HP Percentage Mod: HP is shown in percentages\n|clearpoke\n|poke|p1|Dragapult, F|\n|poke|p1|Kingambit, M|\n|poke|p1|Landorus-Therian, M|\n|poke|p1|Pelipper, M|\n|poke|p1|Garganacl, F|\n|poke|p1|Ogerpon-Wellspring, F|\n|poke|p2|Avalugg, M|\n|poke|p2|Cinderace, M|\n|poke|p2|Basculegion-F, F|\n|poke|p2|Scream Tail|\n|poke|p2|Landorus-Therian, M|\n|poke|p2|Breloom, M|\n|teampreview\n|inactive|Battle timer is ON: inactive players will automatically lose when time's up. (requested by Ohmoh-)\n|\n|t:|1700623123\n|start\n|switch|p1a: Dragapult|Dragapult, F|100\/100\n|switch|p2a: Scream Tail|Scream Tail|100\/100\n|turn|1\n|\n|t:|1700623141\n|move|p1a: Dragapult|U-turn|p2a: Scream Tail\n|-damage|p2a: Scream Tail|86\/100\n|\n|t:|1700623154\n|switch|p1a: Garganacl|Garganacl, F|100\/100|[from] U-turn\n|move|p2a: Scream Tail|Stealth Rock|p1a: Garganacl\n|-sidestart|p1: Ohmoh-|move: Stealth Rock\n|\n|-heal|p2a: Scream Tail|92\/100|[from] item: Leftovers\n|upkeep\n|turn|2\n|\n|t:|1700623179\n|-end|p2a: Scream Tail|Protosynthesis|[silent]\n|switch|p2a: Basculegion|Basculegion-F, F|100\/100\n|move|p1a: Garganacl|Salt Cure|p2a: Basculegion\n|-damage|p2a: Basculegion|84\/100\n|-start|p2a: Basculegion|Salt Cure\n|\n|-damage|p2a: Basculegion|59\/100|[from] Salt Cure\n|upkeep\n|turn|3\n|\n|t:|1700623202\n|move|p2a: Basculegion|Flip Turn|p1a: Garganacl\n|-supereffective|p1a: Garganacl\n|-damage|p1a: Garganacl|71\/100\n|\n|t:|1700623210\n|switch|p2a: Breloom|Breloom, M|100\/100|[from] Flip Turn\n|move|p1a: Garganacl|Iron Defense|p1a: Garganacl\n|-boost|p1a: Garganacl|def|2\n|\n|-heal|p1a: Garganacl|77\/100|[from] item: Leftovers\n|-status|p2a: Breloom|tox|[from] item: Toxic Orb\n|upkeep\n|turn|4\n|\n|t:|1700623219\n|move|p2a: Breloom|Substitute|p2a: Breloom\n|-start|p2a: Breloom|Substitute\n|-damage|p2a: Breloom|76\/100 tox\n|move|p1a: Garganacl|Salt Cure|p2a: Breloom\n|-resisted|p2a: Breloom\n|-activate|p2a: Breloom|move: Substitute|[damage]\n|\n|-heal|p1a: Garganacl|83\/100|[from] item: Leftovers\n|-heal|p2a: Breloom|88\/100 tox|[from] ability: Poison Heal\n|upkeep\n|turn|5\n|\n|t:|1700623224\n|-singleturn|p2a: Breloom|move: Focus Punch\n|move|p1a: Garganacl|Body Press|p2a: Breloom\n|-end|p2a: Breloom|Substitute\n|move|p2a: Breloom|Focus Punch|p1a: Garganacl\n|-supereffective|p1a: Garganacl\n|-damage|p1a: Garganacl|39\/100\n|\n|-heal|p1a: Garganacl|45\/100|[from] item: Leftovers\n|-heal|p2a: Breloom|100\/100 tox|[from] ability: Poison Heal\n|upkeep\n|turn|6\n|\n|t:|1700623232\n|move|p2a: Breloom|Substitute|p2a: Breloom\n|-start|p2a: Breloom|Substitute\n|-damage|p2a: Breloom|76\/100 tox\n|move|p1a: Garganacl|Recover|p1a: Garganacl\n|-heal|p1a: Garganacl|95\/100\n|\n|-heal|p1a: Garganacl|100\/100|[from] item: Leftovers\n|-heal|p2a: Breloom|88\/100 tox|[from] ability: Poison Heal\n|upkeep\n|turn|7\n|\n|t:|1700623236\n|-singleturn|p2a: Breloom|move: Focus Punch\n|move|p1a: Garganacl|Body Press|p2a: Breloom\n|-end|p2a: Breloom|Substitute\n|move|p2a: Breloom|Focus Punch|p1a: Garganacl\n|-supereffective|p1a: Garganacl\n|-damage|p1a: Garganacl|60\/100\n|\n|-heal|p1a: Garganacl|66\/100|[from] item: Leftovers\n|-heal|p2a: Breloom|100\/100 tox|[from] ability: Poison Heal\n|upkeep\n|turn|8\n|\n|t:|1700623240\n|move|p2a: Breloom|Substitute|p2a: Breloom\n|-start|p2a: Breloom|Substitute\n|-damage|p2a: Breloom|76\/100 tox\n|move|p1a: Garganacl|Body Press|p2a: Breloom\n|-end|p2a: Breloom|Substitute\n|\n|-heal|p1a: Garganacl|72\/100|[from] item: Leftovers\n|-heal|p2a: Breloom|88\/100 tox|[from] ability: Poison Heal\n|upkeep\n|turn|9\n|\n|t:|1700623253\n|switch|p2a: Landorus|Landorus-Therian, M|100\/100\n|-ability|p2a: Landorus|Intimidate|boost\n|-unboost|p1a: Garganacl|atk|1\n|move|p1a: Garganacl|Body Press|p2a: Landorus\n|-resisted|p2a: Landorus\n|-damage|p2a: Landorus|83\/100\n|-damage|p1a: Garganacl|56\/100|[from] item: Rocky Helmet|[of] p2a: Landorus\n|\n|-heal|p1a: Garganacl|62\/100|[from] item: Leftovers\n|upkeep\n|turn|10\n|\n|t:|1700623263\n|move|p2a: Landorus|Swords Dance|p2a: Landorus\n|-boost|p2a: Landorus|atk|2\n|move|p1a: Garganacl|Recover|p1a: Garganacl\n|-heal|p1a: Garganacl|100\/100\n|\n|upkeep\n|turn|11\n|\n|t:|1700623266\n|move|p2a: Landorus|Swords Dance|p2a: Landorus\n|-boost|p2a: Landorus|atk|2\n|move|p1a: Garganacl|Salt Cure|p2a: Landorus\n|-damage|p2a: Landorus|77\/100\n|-start|p2a: Landorus|Salt Cure\n|\n|-damage|p2a: Landorus|65\/100|[from] Salt Cure\n|upkeep\n|turn|12\n|\n|t:|1700623269\n|move|p2a: Landorus|Earthquake|p1a: Garganacl\n|-supereffective|p1a: Garganacl\n|-damage|p1a: Garganacl|0 fnt\n|faint|p1a: Garganacl\n|\n|-damage|p2a: Landorus|52\/100|[from] Salt Cure\n|upkeep\n|\n|t:|1700623273\n|switch|p1a: Dragapult|Dragapult, F|100\/100\n|-damage|p1a: Dragapult|88\/100|[from] Stealth Rock\n|turn|13\n|\n|t:|1700623276\n|switch|p2a: Scream Tail|Scream Tail|92\/100\n|move|p1a: Dragapult|Shadow Ball|p2a: Scream Tail\n|-supereffective|p2a: Scream Tail\n|-damage|p2a: Scream Tail|36\/100\n|\n|-heal|p2a: Scream Tail|42\/100|[from] item: Leftovers\n|upkeep\n|turn|14\n|\n|t:|1700623289\n|-terastallize|p2a: Scream Tail|Steel\n|move|p1a: Dragapult|Shadow Ball|p2a: Scream Tail\n|-damage|p2a: Scream Tail|13\/100\n|-unboost|p2a: Scream Tail|spd|1\n|move|p2a: Scream Tail|Wish|p2a: Scream Tail\n|\n|-heal|p2a: Scream Tail|19\/100|[from] item: Leftovers\n|upkeep\n|turn|15\n|\n|t:|1700623296\n|switch|p1a: Pelipper|Pelipper, M|100\/100\n|-damage|p1a: Pelipper|75\/100|[from] Stealth Rock\n|-weather|RainDance|[from] ability: Drizzle|[of] p1a: Pelipper\n|move|p2a: Scream Tail|Protect||[still]\n|-fail|p2a: Scream Tail\n|\n|-weather|RainDance|[upkeep]\n|-heal|p2a: Scream Tail|69\/100|[from] move: Wish|[wisher] Scream Tail\n|-heal|p2a: Scream Tail|75\/100|[from] item: Leftovers\n|upkeep\n|turn|16\n|\n|t:|1700623305\n|-end|p2a: Scream Tail|Protosynthesis|[silent]\n|switch|p2a: Basculegion|Basculegion-F, F|59\/100\n|move|p1a: Pelipper|U-turn|p2a: Basculegion\n|-resisted|p2a: Basculegion\n|-damage|p2a: Basculegion|55\/100\n|\n|t:|1700623313\n|switch|p1a: Ogerpon|Ogerpon-Wellspring, F|100\/100|[from] U-turn\n|-damage|p1a: Ogerpon|88\/100|[from] Stealth Rock\n|\n|-weather|RainDance|[upkeep]\n|upkeep\n|turn|17\n|\n|t:|1700623323\n|switch|p2a: Avalugg|Avalugg, M|100\/100\n|move|p1a: Ogerpon|Horn Leech|p2a: Avalugg\n|-damage|p2a: Avalugg|82\/100\n|-heal|p1a: Ogerpon|100\/100|[from] drain|[of] p2a: Avalugg\n|-damage|p1a: Ogerpon|84\/100|[from] item: Rocky Helmet|[of] p2a: Avalugg\n|\n|-weather|RainDance|[upkeep]\n|upkeep\n|turn|18\n|\n|t:|1700623334\n|move|p1a: Ogerpon|Ivy Cudgel|p2a: Avalugg|[anim] Ivy Cudgel Water\n|-damage|p2a: Avalugg|48\/100\n|move|p2a: Avalugg|Iron Defense|p2a: Avalugg\n|-boost|p2a: Avalugg|def|2\n|\n|-weather|RainDance|[upkeep]\n|upkeep\n|turn|19\n|\n|t:|1700623345\n|move|p1a: Ogerpon|Swords Dance|p1a: Ogerpon\n|-boost|p1a: Ogerpon|atk|2\n|move|p2a: Avalugg|Recover|p2a: Avalugg\n|-heal|p2a: Avalugg|98\/100\n|\n|-weather|RainDance|[upkeep]\n|upkeep\n|turn|20\n|\n|t:|1700623353\n|move|p1a: Ogerpon|Swords Dance|p1a: Ogerpon\n|-boost|p1a: Ogerpon|atk|2\n|move|p2a: Avalugg|Body Press|p1a: Ogerpon\n|-damage|p1a: Ogerpon|0 fnt\n|faint|p1a: Ogerpon\n|\n|-weather|RainDance|[upkeep]\n|upkeep\n|\n|t:|1700623360\n|switch|p1a: Landorus|Landorus-Therian, M|100\/100\n|-damage|p1a: Landorus|88\/100|[from] Stealth Rock\n|-ability|p1a: Landorus|Intimidate|boost\n|-unboost|p2a: Avalugg|atk|1\n|turn|21\n|\n|t:|1700623379\n|-terastallize|p1a: Landorus|Water\n|move|p1a: Landorus|Weather Ball|p2a: Avalugg\n|-damage|p2a: Avalugg|0 fnt\n|faint|p2a: Avalugg\n|\n|-weather|RainDance|[upkeep]\n|upkeep\n|\n|t:|1700623389\n|switch|p2a: Breloom|Breloom, M|88\/100 tox\n|turn|22\n|\n|t:|1700623391\n|move|p1a: Landorus|Weather Ball|p2a: Breloom\n|-resisted|p2a: Breloom\n|-damage|p2a: Breloom|5\/100 tox\n|move|p2a: Breloom|Spore|p1a: Landorus\n|-status|p1a: Landorus|slp|[from] move: Spore\n|\n|-weather|none\n|-heal|p2a: Breloom|17\/100 tox|[from] ability: Poison Heal\n|upkeep\n|turn|23\n|\n|t:|1700623408\n|switch|p1a: Dragapult|Dragapult, F|88\/100\n|-damage|p1a: Dragapult|76\/100|[from] Stealth Rock\n|-singleturn|p2a: Breloom|move: Focus Punch\n|move|p2a: Breloom|Focus Punch|p1a: Dragapult\n|-immune|p1a: Dragapult\n|\n|-heal|p2a: Breloom|29\/100 tox|[from] ability: Poison Heal\n|upkeep\n|turn|24\n|\n|t:|1700623413\n|switch|p2a: Scream Tail|Scream Tail, tera:Steel|75\/100\n|move|p1a: Dragapult|Shadow Ball|p2a: Scream Tail\n|-damage|p2a: Scream Tail|47\/100\n|\n|-heal|p2a: Scream Tail|53\/100|[from] item: Leftovers\n|upkeep\n|turn|25\n|\n|t:|1700623425\n|switch|p1a: Pelipper|Pelipper, M|75\/100\n|-damage|p1a: Pelipper|50\/100|[from] Stealth Rock\n|-weather|RainDance|[from] ability: Drizzle|[of] p1a: Pelipper\n|move|p2a: Scream Tail|Wish|p2a: Scream Tail\n|\n|-weather|RainDance|[upkeep]\n|-heal|p2a: Scream Tail|59\/100|[from] item: Leftovers\n|upkeep\n|turn|26\n|\n|t:|1700623431\n|move|p2a: Scream Tail|Dazzling Gleam|p1a: Pelipper\n|-damage|p1a: Pelipper|32\/100\n|move|p1a: Pelipper|Weather Ball|p2a: Scream Tail\n|-damage|p2a: Scream Tail|33\/100\n|\n|-weather|RainDance|[upkeep]\n|-heal|p2a: Scream Tail|83\/100|[from] move: Wish|[wisher] Scream Tail\n|-heal|p2a: Scream Tail|90\/100|[from] item: Leftovers\n|upkeep\n|turn|27\n|\n|t:|1700623437\n|move|p2a: Scream Tail|Wish|p2a: Scream Tail\n|move|p1a: Pelipper|Roost|p1a: Pelipper\n|-heal|p1a: Pelipper|82\/100\n|-singleturn|p1a: Pelipper|move: Roost\n|\n|-weather|RainDance|[upkeep]\n|-heal|p2a: Scream Tail|96\/100|[from] item: Leftovers\n|upkeep\n|turn|28\n|\n|t:|1700623441\n|-end|p2a: Scream Tail|Protosynthesis|[silent]\n|switch|p2a: Basculegion|Basculegion-F, F|55\/100\n|move|p1a: Pelipper|U-turn|p2a: Basculegion\n|-resisted|p2a: Basculegion\n|-damage|p2a: Basculegion|50\/100\n|\n|t:|1700623449\n|switch|p1a: Kingambit|Kingambit, M|100\/100|[from] U-turn\n|-damage|p1a: Kingambit|94\/100|[from] Stealth Rock\n|-activate|p1a: Kingambit|ability: Supreme Overlord\n|-start|p1a: Kingambit|fallen2|[silent]\n|\n|-weather|RainDance|[upkeep]\n|-heal|p2a: Basculegion|99\/100|[from] move: Wish|[wisher] Scream Tail\n|-heal|p1a: Kingambit|100\/100|[from] item: Leftovers\n|upkeep\n|turn|29\n|\n|t:|1700623452\n|move|p2a: Basculegion|Hydro Pump|p1a: Kingambit\n|-damage|p1a: Kingambit|0 fnt\n|faint|p1a: Kingambit\n|-end|p1a: Kingambit|fallen2|[silent]\n|\n|-weather|RainDance|[upkeep]\n|upkeep\n|\n|t:|1700623460\n|switch|p1a: Dragapult|Dragapult, F|76\/100\n|-damage|p1a: Dragapult|64\/100|[from] Stealth Rock\n|turn|30\n|\n|t:|1700623466\n|switch|p2a: Scream Tail|Scream Tail, tera:Steel|96\/100\n|move|p1a: Dragapult|Shadow Ball|p2a: Scream Tail\n|-damage|p2a: Scream Tail|68\/100\n|\n|-weather|RainDance|[upkeep]\n|-heal|p2a: Scream Tail|74\/100|[from] item: Leftovers\n|upkeep\n|turn|31\n|-message|Ohmoh- forfeited.\n|\n|win|skeerph\n|raw|Ohmoh-'s rating: 1045 &rarr; <strong>1026<\/strong><br \/>(-19 for losing)\n|raw|skeerph's rating: 1000 &rarr; <strong>1045<\/strong><br \/>(+45 for winning)\n|l|\u2606Ohmoh-\n","uploadtime":1700623488,"views":11,"p1id":"ohmoh","p2id":"skeerph","formatid":"gen9ou","rating":1026,"private":0,"password":""}