{"id":"gen9ou-1993791235","p1":"Prav33n","p2":"Immanuelmun","format":"[Gen 9] OU","log":"|j|\u2606Prav33n\n|j|\u2606Immanuelmun\n|t:|1700357703\n|gametype|singles\n|player|p1|Prav33n|swimmer-gen4|1513\n|player|p2|Immanuelmun|1|1534\n|teamsize|p1|6\n|teamsize|p2|6\n|gen|9\n|tier|[Gen 9] OU\n|rated|\n|rule|Sleep Clause Mod: Limit one foe put to sleep\n|rule|Species Clause: Limit one of each Pok\u00e9mon\n|rule|OHKO Clause: OHKO moves are banned\n|rule|Evasion Items Clause: Evasion items are banned\n|rule|Evasion Moves Clause: Evasion moves are banned\n|rule|Endless Battle Clause: Forcing endless battles is banned\n|rule|HP Percentage Mod: HP is shown in percentages\n|clearpoke\n|poke|p1|Dragonite, F|\n|poke|p1|Iron Moth|\n|poke|p1|Glimmora, M|\n|poke|p1|Kingambit, F|\n|poke|p1|Ogerpon-Wellspring, F|\n|poke|p1|Great Tusk|\n|poke|p2|Samurott-Hisui, F|\n|poke|p2|Slowking-Galar, M|\n|poke|p2|Dragapult, F|\n|poke|p2|Cinderace, F|\n|poke|p2|Rillaboom, M|\n|poke|p2|Sneasler, F|\n|teampreview\n|inactive|Battle timer is ON: inactive players will automatically lose when time's up. (requested by Immanuelmun)\n|\n|t:|1700357719\n|start\n|switch|p1a: Glimmora|Glimmora, M|100\/100\n|switch|p2a: Samurott|Samurott-Hisui, F|100\/100\n|turn|1\n|\n|t:|1700357725\n|move|p1a: Glimmora|Stealth Rock|p2a: Samurott\n|-sidestart|p2: Immanuelmun|move: Stealth Rock\n|move|p2a: Samurott|Razor Shell|p1a: Glimmora\n|-supereffective|p1a: Glimmora\n|-enditem|p1a: Glimmora|Focus Sash\n|-damage|p1a: Glimmora|1\/100\n|-activate|p1a: Glimmora|ability: Toxic Debris\n|-sidestart|p2: Immanuelmun|move: Toxic Spikes\n|\n|upkeep\n|turn|2\n|\n|t:|1700357735\n|move|p2a: Samurott|Aqua Jet|p1a: Glimmora\n|-supereffective|p1a: Glimmora\n|-damage|p1a: Glimmora|0 fnt\n|-activate|p1a: Glimmora|ability: Toxic Debris\n|-sidestart|p2: Immanuelmun|move: Toxic Spikes\n|faint|p1a: Glimmora\n|\n|upkeep\n|\n|t:|1700357738\n|switch|p1a: Great Tusk|Great Tusk|100\/100\n|turn|3\n|\n|t:|1700357744\n|move|p1a: Great Tusk|Close Combat|p2a: Samurott\n|-supereffective|p2a: Samurott\n|-enditem|p2a: Samurott|Focus Sash\n|-damage|p2a: Samurott|1\/100\n|-unboost|p1a: Great Tusk|def|1\n|-unboost|p1a: Great Tusk|spd|1\n|-enditem|p1a: Great Tusk|Eject Pack\n|\n|t:|1700357752\n|-end|p1a: Great Tusk|Protosynthesis|[silent]\n|switch|p1a: Mask on|Ogerpon-Wellspring, F|100\/100\n|move|p2a: Samurott|Razor Shell|p1a: Mask on\n|-immune|p1a: Mask on|[from] ability: Water Absorb\n|\n|upkeep\n|turn|4\n|\n|t:|1700357777\n|move|p1a: Mask on|U-turn|p2a: Samurott\n|-supereffective|p2a: Samurott\n|-damage|p2a: Samurott|0 fnt\n|faint|p2a: Samurott\n|\n|t:|1700357788\n|switch|p1a: Iron Moth|Iron Moth|100\/100|[from] U-turn\n|-enditem|p1a: Iron Moth|Booster Energy\n|-activate|p1a: Iron Moth|ability: Quark Drive|[fromitem]\n|-start|p1a: Iron Moth|quarkdrivespe\n|\n|upkeep\n|\n|t:|1700357794\n|switch|p2a: Cinderace|Cinderace, F|100\/100\n|turn|5\n|\n|t:|1700357799\n|-terastallize|p1a: Iron Moth|Ground\n|move|p1a: Iron Moth|Tera Blast|p2a: Cinderace|[anim] Tera Blast Ground\n|-supereffective|p2a: Cinderace\n|-damage|p2a: Cinderace|0 fnt\n|faint|p2a: Cinderace\n|\n|upkeep\n|\n|t:|1700357807\n|switch|p2a: Slowking|Slowking-Galar, M|100\/100\n|-sideend|p2: Immanuelmun|move: Toxic Spikes|[of] p2a: Slowking\n|turn|6\n|\n|t:|1700357814\n|move|p1a: Iron Moth|Fiery Dance|p2a: Slowking\n|-crit|p2a: Slowking\n|-damage|p2a: Slowking|64\/100\n|-boost|p1a: Iron Moth|spa|1\n|move|p2a: Slowking|Future Sight|p1a: Iron Moth\n|-start|p2a: Slowking|move: Future Sight\n|\n|upkeep\n|turn|7\n|\n|t:|1700357824\n|move|p1a: Iron Moth|Tera Blast|p2a: Slowking|[anim] Tera Blast Ground\n|-supereffective|p2a: Slowking\n|-damage|p2a: Slowking|0 fnt\n|faint|p2a: Slowking\n|\n|upkeep\n|\n|t:|1700357830\n|switch|p2a: Rillaboom|Rillaboom, M|100\/100\n|-damage|p2a: Rillaboom|88\/100|[from] Stealth Rock\n|-fieldstart|move: Grassy Terrain|[from] ability: Grassy Surge|[of] p2a: Rillaboom\n|turn|8\n|\n|t:|1700357837\n|-end|p1a: Iron Moth|Quark Drive|[silent]\n|switch|p1a: Kingambit|Kingambit, F|100\/100\n|-activate|p1a: Kingambit|ability: Supreme Overlord\n|-start|p1a: Kingambit|fallen1|[silent]\n|move|p2a: Rillaboom|Drum Beating|p1a: Kingambit\n|-resisted|p1a: Kingambit\n|-damage|p1a: Kingambit|76\/100\n|-unboost|p1a: Kingambit|spe|1\n|\n|-end|p1a: Kingambit|move: Future Sight\n|-immune|p1a: Kingambit\n|-heal|p2a: Rillaboom|94\/100|[from] Grassy Terrain\n|-heal|p1a: Kingambit|82\/100|[from] Grassy Terrain\n|-heal|p1a: Kingambit|88\/100|[from] item: Leftovers\n|upkeep\n|turn|9\n|\n|t:|1700357852\n|-end|p1a: Kingambit|fallen1|[silent]\n|switch|p1a: Great Tusk|Great Tusk|100\/100\n|move|p2a: Rillaboom|Drain Punch|p1a: Great Tusk\n|-damage|p1a: Great Tusk|79\/100\n|-heal|p2a: Rillaboom|100\/100|[from] drain|[of] p1a: Great Tusk\n|\n|-heal|p1a: Great Tusk|86\/100|[from] Grassy Terrain\n|upkeep\n|turn|10\n|\n|t:|1700357862\n|move|p1a: Great Tusk|Ice Spinner|p2a: Rillaboom\n|-supereffective|p2a: Rillaboom\n|-damage|p2a: Rillaboom|43\/100\n|-fieldend|move: Grassy Terrain\n|move|p2a: Rillaboom|Drum Beating|p1a: Great Tusk\n|-supereffective|p1a: Great Tusk\n|-damage|p1a: Great Tusk|16\/100\n|-unboost|p1a: Great Tusk|spe|1\n|\n|upkeep\n|turn|11\n|\n|t:|1700357872\n|move|p2a: Rillaboom|U-turn|p1a: Great Tusk\n|-resisted|p1a: Great Tusk\n|-damage|p1a: Great Tusk|7\/100\n|\n|t:|1700357875\n|switch|p2a: Dragapult|Dragapult, F|100\/100|[from] U-turn\n|-damage|p2a: Dragapult|88\/100|[from] Stealth Rock\n|move|p1a: Great Tusk|Ice Spinner|p2a: Dragapult\n|-supereffective|p2a: Dragapult\n|-damage|p2a: Dragapult|14\/100\n|\n|upkeep\n|turn|12\n|\n|t:|1700357895\n|move|p2a: Dragapult|Flamethrower|p1a: Great Tusk\n|-crit|p1a: Great Tusk\n|-damage|p1a: Great Tusk|0 fnt\n|faint|p1a: Great Tusk\n|-end|p1a: Great Tusk|Protosynthesis|[silent]\n|\n|upkeep\n|\n|t:|1700357898\n|switch|p1a: Dragonite|Dragonite, F|100\/100\n|turn|13\n|\n|t:|1700357904\n|move|p2a: Dragapult|Flamethrower|p1a: Dragonite\n|-resisted|p1a: Dragonite\n|-damage|p1a: Dragonite|91\/100\n|move|p1a: Dragonite|Dragon Dance|p1a: Dragonite\n|-boost|p1a: Dragonite|atk|1\n|-boost|p1a: Dragonite|spe|1\n|\n|upkeep\n|turn|14\n|\n|t:|1700357911\n|switch|p2a: Rillaboom|Rillaboom, M|43\/100\n|-damage|p2a: Rillaboom|31\/100|[from] Stealth Rock\n|-fieldstart|move: Grassy Terrain|[from] ability: Grassy Surge|[of] p2a: Rillaboom\n|move|p1a: Dragonite|Dragon Dance|p1a: Dragonite\n|-boost|p1a: Dragonite|atk|1\n|-boost|p1a: Dragonite|spe|1\n|\n|-heal|p2a: Rillaboom|37\/100|[from] Grassy Terrain\n|upkeep\n|turn|15\n|\n|t:|1700357922\n|switch|p2a: Dragapult|Dragapult, F|14\/100\n|-damage|p2a: Dragapult|2\/100|[from] Stealth Rock\n|move|p1a: Dragonite|Extreme Speed|p2a: Dragapult\n|-immune|p2a: Dragapult\n|\n|-heal|p2a: Dragapult|8\/100|[from] Grassy Terrain\n|upkeep\n|turn|16\n|\n|t:|1700357932\n|move|p1a: Dragonite|Earthquake|p2a: Dragapult\n|-damage|p2a: Dragapult|0 fnt\n|faint|p2a: Dragapult\n|\n|upkeep\n|\n|t:|1700357938\n|switch|p2a: Sneasler|Sneasler, F|100\/100\n|-damage|p2a: Sneasler|94\/100|[from] Stealth Rock\n|-enditem|p2a: Sneasler|Grassy Seed\n|-boost|p2a: Sneasler|def|1|[from] item: Grassy Seed\n|turn|17\n|\n|t:|1700357945\n|-terastallize|p2a: Sneasler|Flying\n|move|p2a: Sneasler|Dire Claw|p1a: Dragonite\n|-damage|p1a: Dragonite|47\/100\n|move|p1a: Dragonite|Encore|p2a: Sneasler\n|-start|p2a: Sneasler|Encore\n|\n|upkeep\n|turn|18\n|\n|t:|1700357954\n|move|p1a: Dragonite|Extreme Speed|p2a: Sneasler\n|-damage|p2a: Sneasler|31\/100\n|move|p2a: Sneasler|Dire Claw|p1a: Dragonite\n|-damage|p1a: Dragonite|5\/100\n|\n|upkeep\n|turn|19\n|-message|Immanuelmun forfeited.\n|\n|win|Prav33n\n|raw|Prav33n's rating: 1513 &rarr; <strong>1534<\/strong><br \/>(+21 for winning)\n|raw|Immanuelmun's rating: 1534 &rarr; <strong>1513<\/strong><br \/>(-21 for losing)\n|l|\u2606Immanuelmun\n","uploadtime":1700357964,"views":13,"p1id":"prav33n","p2id":"immanuelmun","formatid":"gen9ou","rating":1513,"private":0,"password":""}