{"id":"gen9ou-1990124066","p1":"Lil SylveonV","p2":"Jamel1","format":"[Gen 9] OU","log":"|j|\u2606Lil SylveonV\n|j|\u2606Jamel1\n|t:|1699927123\n|gametype|singles\n|player|p1|Lil SylveonV|misty|1615\n|player|p2|Jamel1|cyrus|1720\n|teamsize|p1|6\n|teamsize|p2|6\n|gen|9\n|tier|[Gen 9] OU\n|rated|\n|rule|Sleep Clause Mod: Limit one foe put to sleep\n|rule|Species Clause: Limit one of each Pok\u00e9mon\n|rule|OHKO Clause: OHKO moves are banned\n|rule|Evasion Items Clause: Evasion items are banned\n|rule|Evasion Moves Clause: Evasion moves are banned\n|rule|Endless Battle Clause: Forcing endless battles is banned\n|rule|HP Percentage Mod: HP is shown in percentages\n|clearpoke\n|poke|p1|Kingambit, F|\n|poke|p1|Rillaboom, F|\n|poke|p1|Sneasler, F|\n|poke|p1|Dragapult, M|\n|poke|p1|Sinistcha|\n|poke|p1|Ogerpon-Wellspring, F|\n|poke|p2|Jirachi|\n|poke|p2|Kommo-o, M|\n|poke|p2|Gyarados, M|\n|poke|p2|Armarouge, F|\n|poke|p2|Azumarill, M|\n|poke|p2|Ninetales-Alola, F|\n|teampreview\n|\n|t:|1699927134\n|start\n|switch|p1a: Ogerpon|Ogerpon-Wellspring, F|100\/100\n|switch|p2a: Azumarill|Azumarill, M|100\/100\n|turn|1\n|\n|t:|1699927141\n|switch|p2a: Armarouge|Armarouge, F|100\/100\n|move|p1a: Ogerpon|Power Whip|p2a: Armarouge\n|-resisted|p2a: Armarouge\n|-damage|p2a: Armarouge|77\/100\n|-ability|p2a: Armarouge|Weak Armor|boost\n|-unboost|p2a: Armarouge|def|1\n|-boost|p2a: Armarouge|spe|2\n|\n|upkeep\n|turn|2\n|\n|t:|1699927146\n|move|p2a: Armarouge|Iron Defense|p2a: Armarouge\n|-boost|p2a: Armarouge|def|2\n|move|p1a: Ogerpon|Ivy Cudgel|p2a: Armarouge\n|-supereffective|p2a: Armarouge\n|-damage|p2a: Armarouge|27\/100\n|-ability|p2a: Armarouge|Weak Armor|boost\n|-unboost|p2a: Armarouge|def|1\n|-boost|p2a: Armarouge|spe|2\n|-enditem|p2a: Armarouge|Weakness Policy\n|-boost|p2a: Armarouge|atk|2|[from] item: Weakness Policy\n|-boost|p2a: Armarouge|spa|2|[from] item: Weakness Policy\n|\n|upkeep\n|turn|3\n|\n|t:|1699927161\n|move|p2a: Armarouge|Stored Power|p1a: Ogerpon\n|-damage|p1a: Ogerpon|0 fnt\n|faint|p1a: Ogerpon\n|\n|upkeep\n|\n|t:|1699927164\n|switch|p1a: Rillaboom|Rillaboom, F|100\/100\n|-fieldstart|move: Grassy Terrain|[from] ability: Grassy Surge|[of] p1a: Rillaboom\n|turn|4\n|\n|t:|1699927172\n|switch|p1a: Dragapult|Dragapult, M|100\/100\n|move|p2a: Armarouge|Stored Power|p1a: Dragapult\n|-damage|p1a: Dragapult|0 fnt\n|-start|p2a: Armarouge|Disable|Stored Power|[from] ability: Cursed Body|[of] p1a: Dragapult\n|faint|p1a: Dragapult\n|\n|-heal|p2a: Armarouge|33\/100|[from] Grassy Terrain\n|upkeep\n|\n|t:|1699927179\n|switch|p1a: Sneasler|Sneasler, F|100\/100\n|-enditem|p1a: Sneasler|Grassy Seed\n|-boost|p1a: Sneasler|def|1|[from] item: Grassy Seed\n|turn|5\n|\n|t:|1699927186\n|-terastallize|p1a: Sneasler|Fire\n|-terastallize|p2a: Armarouge|Poison\n|move|p1a: Sneasler|Dire Claw|p2a: Armarouge\n|-resisted|p2a: Armarouge\n|-damage|p2a: Armarouge|18\/100\n|-status|p2a: Armarouge|slp\n|-ability|p2a: Armarouge|Weak Armor|boost\n|-unboost|p2a: Armarouge|def|1\n|-boost|p2a: Armarouge|spe|2\n|cant|p2a: Armarouge|slp\n|\n|-heal|p2a: Armarouge|24\/100 slp|[from] Grassy Terrain\n|upkeep\n|turn|6\n|\n|t:|1699927199\n|cant|p2a: Armarouge|slp\n|move|p1a: Sneasler|Swords Dance|p1a: Sneasler\n|-boost|p1a: Sneasler|atk|2\n|\n|-heal|p2a: Armarouge|30\/100 slp|[from] Grassy Terrain\n|upkeep\n|turn|7\n|\n|t:|1699927206\n|-curestatus|p2a: Armarouge|slp|[msg]\n|move|p2a: Armarouge|Iron Defense|p2a: Armarouge\n|-boost|p2a: Armarouge|def|2\n|move|p1a: Sneasler|Tera Blast|p2a: Armarouge|[anim] Tera Blast Fire\n|-damage|p2a: Armarouge|0 fnt\n|faint|p2a: Armarouge\n|\n|upkeep\n|\n|t:|1699927213\n|switch|p2a: Azumarill|Azumarill, M|100\/100\n|turn|8\n|\n|t:|1699927216\n|move|p2a: Azumarill|Aqua Jet|p1a: Sneasler\n|-supereffective|p1a: Sneasler\n|-damage|p1a: Sneasler|45\/100\n|move|p1a: Sneasler|Dire Claw|p2a: Azumarill\n|-supereffective|p2a: Azumarill\n|-damage|p2a: Azumarill|0 fnt\n|faint|p2a: Azumarill\n|\n|-heal|p1a: Sneasler|51\/100|[from] Grassy Terrain\n|upkeep\n|\n|t:|1699927226\n|switch|p2a: Kommo-o|Kommo-o, M|100\/100\n|turn|9\n|\n|t:|1699927229\n|move|p1a: Sneasler|Close Combat|p2a: Kommo-o\n|-damage|p2a: Kommo-o|0 fnt\n|-unboost|p1a: Sneasler|def|1\n|-unboost|p1a: Sneasler|spd|1\n|faint|p2a: Kommo-o\n|\n|-heal|p1a: Sneasler|57\/100|[from] Grassy Terrain\n|upkeep\n|\n|t:|1699927234\n|switch|p2a: Gyarados|Gyarados, M, shiny|100\/100\n|turn|10\n|\n|t:|1699927237\n|move|p1a: Sneasler|Dire Claw|p2a: Gyarados\n|-damage|p2a: Gyarados|0 fnt\n|faint|p2a: Gyarados\n|\n|-heal|p1a: Sneasler|64\/100|[from] Grassy Terrain\n|upkeep\n|\n|t:|1699927241\n|switch|p2a: Jirachi|Jirachi|100\/100\n|turn|11\n|-message|Jamel1 forfeited.\n|\n|win|Lil SylveonV\n|raw|Lil SylveonV's rating: 1615 &rarr; <strong>1641<\/strong><br \/>(+26 for winning)\n|raw|Jamel1's rating: 1720 &rarr; <strong>1694<\/strong><br \/>(-26 for losing)\n|l|\u2606Jamel1\n","uploadtime":1699927249,"views":16,"p1id":"lilsylveonv","p2id":"jamel1","formatid":"gen9ou","rating":1641,"private":0,"password":""}