{"id":"gen9ou-1993357906","p1":"kingkong619","p2":"draco9746","format":"[Gen 9] OU","log":"|j|\u2606kingkong619\n|j|\u2606draco9746\n|t:|1700305314\n|gametype|singles\n|player|p1|kingkong619|266|1312\n|player|p2|draco9746|cynthia|1312\n|teamsize|p1|6\n|teamsize|p2|6\n|gen|9\n|tier|[Gen 9] OU\n|rated|\n|rule|Sleep Clause Mod: Limit one foe put to sleep\n|rule|Species Clause: Limit one of each Pok\u00e9mon\n|rule|OHKO Clause: OHKO moves are banned\n|rule|Evasion Items Clause: Evasion items are banned\n|rule|Evasion Moves Clause: Evasion moves are banned\n|rule|Endless Battle Clause: Forcing endless battles is banned\n|rule|HP Percentage Mod: HP is shown in percentages\n|clearpoke\n|poke|p1|Rillaboom, F|\n|poke|p1|Ogerpon-Wellspring, F|\n|poke|p1|Sneasler, M|\n|poke|p1|Cinderace, F|\n|poke|p1|Garganacl, F|\n|poke|p1|Mandibuzz, F|\n|poke|p2|Hatterene, F|\n|poke|p2|Kingambit, M|\n|poke|p2|Ogerpon-Wellspring, F|\n|poke|p2|Dragapult, M|\n|poke|p2|Sneasler, F|\n|poke|p2|Rotom-Wash|\n|teampreview\n|inactive|Battle timer is ON: inactive players will automatically lose when time's up. (requested by draco9746)\n|\n|t:|1700305338\n|start\n|switch|p1a: Ogerpon|Ogerpon-Wellspring, F|100\/100\n|switch|p2a: Hatterene|Hatterene, F|100\/100\n|turn|1\n|\n|t:|1700305365\n|move|p1a: Ogerpon|Swords Dance|p1a: Ogerpon\n|-boost|p1a: Ogerpon|atk|2\n|move|p2a: Hatterene|Draining Kiss|p1a: Ogerpon\n|-damage|p1a: Ogerpon|74\/100\n|\n|upkeep\n|turn|2\n|\n|t:|1700305372\n|move|p1a: Ogerpon|Swords Dance|p1a: Ogerpon\n|-boost|p1a: Ogerpon|atk|2\n|move|p2a: Hatterene|Psyshock|p1a: Ogerpon\n|-damage|p1a: Ogerpon|25\/100\n|\n|upkeep\n|turn|3\n|\n|t:|1700305377\n|move|p1a: Ogerpon|Horn Leech|p2a: Hatterene\n|-damage|p2a: Hatterene|0 fnt\n|-heal|p1a: Ogerpon|78\/100|[from] drain|[of] p2a: Hatterene\n|faint|p2a: Hatterene\n|\n|upkeep\n|\n|t:|1700305387\n|switch|p2a: Dragapult|Dragapult, M|100\/100\n|turn|4\n|\n|t:|1700305401\n|-terastallize|p1a: Ogerpon|Water\n|detailschange|p1a: Ogerpon|Ogerpon-Wellspring-Tera, F, tera:Water\n|-ability|p1a: Ogerpon|Embody Aspect (Wellspring)|boost\n|-boost|p1a: Ogerpon|spd|1\n|move|p2a: Dragapult|Draco Meteor|p1a: Ogerpon\n|-damage|p1a: Ogerpon|8\/100\n|-unboost|p2a: Dragapult|spa|2\n|move|p1a: Ogerpon|Horn Leech|p2a: Dragapult\n|-resisted|p2a: Dragapult\n|-damage|p2a: Dragapult|16\/100\n|-heal|p1a: Ogerpon|53\/100|[from] drain|[of] p2a: Dragapult\n|\n|upkeep\n|turn|5\n|\n|t:|1700305413\n|move|p2a: Dragapult|Draco Meteor|p1a: Ogerpon\n|-damage|p1a: Ogerpon|20\/100\n|-unboost|p2a: Dragapult|spa|2\n|move|p1a: Ogerpon|Horn Leech|p2a: Dragapult\n|-resisted|p2a: Dragapult\n|-damage|p2a: Dragapult|0 fnt\n|-heal|p1a: Ogerpon|28\/100|[from] drain|[of] p2a: Dragapult\n|faint|p2a: Dragapult\n|\n|upkeep\n|\n|t:|1700305423\n|switch|p2a: Kingambit|Kingambit, M|100\/100\n|-activate|p2a: Kingambit|ability: Supreme Overlord\n|-start|p2a: Kingambit|fallen2|[silent]\n|turn|6\n|\n|t:|1700305428\n|move|p2a: Kingambit|Sucker Punch|p1a: Ogerpon\n|-damage|p1a: Ogerpon|0 fnt\n|faint|p1a: Ogerpon\n|\n|upkeep\n|\n|t:|1700305434\n|switch|p1a: Cinderace|Cinderace, F|100\/100\n|turn|7\n|\n|t:|1700305441\n|-end|p2a: Kingambit|fallen2|[silent]\n|switch|p2a: Rotom|Rotom-Wash|100\/100\n|move|p1a: Cinderace|U-turn|p2a: Rotom\n|-damage|p2a: Rotom|87\/100\n|\n|t:|1700305445\n|switch|p1a: Rillaboom|Rillaboom, F|100\/100|[from] U-turn\n|-fieldstart|move: Grassy Terrain|[from] ability: Grassy Surge|[of] p1a: Rillaboom\n|\n|-heal|p2a: Rotom|93\/100|[from] item: Leftovers\n|upkeep\n|turn|8\n|\n|t:|1700305452\n|move|p1a: Rillaboom|Grassy Glide|p2a: Rotom\n|-supereffective|p2a: Rotom\n|-damage|p2a: Rotom|32\/100\n|move|p2a: Rotom|Thunder Wave|p1a: Rillaboom\n|-status|p1a: Rillaboom|par\n|\n|-heal|p2a: Rotom|38\/100|[from] item: Leftovers\n|upkeep\n|turn|9\n|\n|t:|1700305459\n|move|p2a: Rotom|Protect|p2a: Rotom\n|-singleturn|p2a: Rotom|Protect\n|move|p1a: Rillaboom|Grassy Glide|p2a: Rotom\n|-activate|p2a: Rotom|move: Protect\n|\n|-heal|p2a: Rotom|45\/100|[from] item: Leftovers\n|upkeep\n|turn|10\n|\n|t:|1700305474\n|switch|p2a: Kingambit|Kingambit, M|100\/100\n|-activate|p2a: Kingambit|ability: Supreme Overlord\n|-start|p2a: Kingambit|fallen2|[silent]\n|move|p1a: Rillaboom|U-turn|p2a: Kingambit\n|-damage|p2a: Kingambit|78\/100\n|\n|t:|1700305478\n|switch|p1a: Cinderace|Cinderace, F|100\/100|[from] U-turn\n|\n|-heal|p2a: Kingambit|84\/100|[from] Grassy Terrain\n|upkeep\n|turn|11\n|\n|t:|1700305485\n|-end|p2a: Kingambit|fallen2|[silent]\n|switch|p2a: Rotom|Rotom-Wash|45\/100\n|move|p1a: Cinderace|Pyro Ball|p2a: Rotom\n|-resisted|p2a: Rotom\n|-damage|p2a: Rotom|27\/100\n|\n|-heal|p2a: Rotom|33\/100|[from] item: Leftovers\n|upkeep\n|turn|12\n|\n|t:|1700305493\n|move|p1a: Cinderace|U-turn|p2a: Rotom\n|-damage|p2a: Rotom|18\/100\n|\n|t:|1700305501\n|switch|p1a: Rillaboom|Rillaboom, F|100\/100 par|[from] U-turn\n|move|p2a: Rotom|Volt Switch|p1a: Rillaboom\n|-resisted|p1a: Rillaboom\n|-damage|p1a: Rillaboom|84\/100 par\n|\n|t:|1700305509\n|switch|p2a: Sneasler|Sneasler, F|100\/100|[from] Volt Switch\n|\n|-heal|p1a: Rillaboom|90\/100 par|[from] Grassy Terrain\n|upkeep\n|turn|13\n|\n|t:|1700305520\n|move|p2a: Sneasler|Dire Claw|p1a: Rillaboom\n|-supereffective|p1a: Rillaboom\n|-damage|p1a: Rillaboom|0 fnt\n|faint|p1a: Rillaboom\n|\n|upkeep\n|\n|t:|1700305522\n|switch|p1a: Sneasler|Sneasler, M|100\/100\n|-enditem|p1a: Sneasler|Grassy Seed\n|-boost|p1a: Sneasler|def|1|[from] item: Grassy Seed\n|turn|14\n|\n|t:|1700305534\n|switch|p2a: Rotom|Rotom-Wash|18\/100\n|move|p1a: Sneasler|Swords Dance|p1a: Sneasler\n|-boost|p1a: Sneasler|atk|2\n|\n|-heal|p2a: Rotom|25\/100|[from] item: Leftovers\n|-fieldend|move: Grassy Terrain\n|upkeep\n|turn|15\n|\n|t:|1700305541\n|move|p1a: Sneasler|Shadow Claw|p2a: Rotom\n|-damage|p2a: Rotom|0 fnt\n|faint|p2a: Rotom\n|\n|upkeep\n|\n|t:|1700305550\n|switch|p2a: Sneasler|Sneasler, F|100\/100\n|turn|16\n|\n|t:|1700305555\n|move|p2a: Sneasler|Fake Out|p1a: Sneasler\n|-enditem|p2a: Sneasler|Normal Gem|[from] gem\n|-damage|p1a: Sneasler|78\/100\n|cant|p1a: Sneasler|flinch\n|\n|upkeep\n|turn|17\n|\n|t:|1700305561\n|-terastallize|p2a: Sneasler|Flying\n|move|p2a: Sneasler|Acrobatics|p1a: Sneasler\n|-supereffective|p1a: Sneasler\n|-damage|p1a: Sneasler|0 fnt\n|faint|p1a: Sneasler\n|\n|upkeep\n|\n|t:|1700305568\n|switch|p1a: Garganacl|Garganacl, F|100\/100\n|turn|18\n|\n|t:|1700305573\n|move|p2a: Sneasler|Close Combat|p1a: Garganacl\n|-supereffective|p1a: Garganacl\n|-damage|p1a: Garganacl|22\/100\n|-unboost|p2a: Sneasler|def|1\n|-unboost|p2a: Sneasler|spd|1\n|move|p1a: Garganacl|Iron Defense|p1a: Garganacl\n|-boost|p1a: Garganacl|def|2\n|\n|-heal|p1a: Garganacl|28\/100|[from] item: Leftovers\n|upkeep\n|turn|19\n|\n|t:|1700305581\n|move|p2a: Sneasler|Close Combat|p1a: Garganacl\n|-supereffective|p1a: Garganacl\n|-crit|p1a: Garganacl\n|-damage|p1a: Garganacl|0 fnt\n|-unboost|p2a: Sneasler|def|1\n|-unboost|p2a: Sneasler|spd|1\n|faint|p1a: Garganacl\n|\n|upkeep\n|\n|t:|1700305586\n|switch|p1a: Mandibuzz|Mandibuzz, F|100\/100\n|turn|20\n|\n|t:|1700305592\n|move|p2a: Sneasler|Acrobatics|p1a: Mandibuzz\n|-damage|p1a: Mandibuzz|61\/100\n|move|p1a: Mandibuzz|U-turn|p2a: Sneasler\n|-resisted|p2a: Sneasler\n|-damage|p2a: Sneasler|81\/100\n|\n|t:|1700305596\n|switch|p1a: Cinderace|Cinderace, F|100\/100|[from] U-turn\n|\n|upkeep\n|turn|21\n|\n|t:|1700305600\n|move|p2a: Sneasler|Acrobatics|p1a: Cinderace\n|-damage|p1a: Cinderace|32\/100\n|move|p1a: Cinderace|Pyro Ball|p2a: Sneasler\n|-damage|p2a: Sneasler|0 fnt\n|faint|p2a: Sneasler\n|\n|upkeep\n|\n|t:|1700305610\n|switch|p2a: Ogerpon|Ogerpon-Wellspring, F|100\/100\n|turn|22\n|\n|t:|1700305613\n|move|p1a: Cinderace|U-turn|p2a: Ogerpon\n|-supereffective|p2a: Ogerpon\n|-damage|p2a: Ogerpon|51\/100\n|\n|t:|1700305615\n|switch|p1a: Mandibuzz|Mandibuzz, F|61\/100|[from] U-turn\n|move|p2a: Ogerpon|Ivy Cudgel|p1a: Mandibuzz|[anim] Ivy Cudgel Water\n|-damage|p1a: Mandibuzz|27\/100\n|\n|upkeep\n|turn|23\n|\n|t:|1700305622\n|move|p2a: Ogerpon|Ivy Cudgel|p1a: Mandibuzz|[anim] Ivy Cudgel Water\n|-damage|p1a: Mandibuzz|0 fnt\n|faint|p1a: Mandibuzz\n|\n|upkeep\n|\n|t:|1700305624\n|switch|p1a: Cinderace|Cinderace, F|32\/100\n|turn|24\n|\n|t:|1700305628\n|move|p1a: Cinderace|U-turn|p2a: Ogerpon\n|-supereffective|p2a: Ogerpon\n|-damage|p2a: Ogerpon|4\/100\n|move|p2a: Ogerpon|Ivy Cudgel|p1a: Cinderace|[anim] Ivy Cudgel Water\n|-supereffective|p1a: Cinderace\n|-damage|p1a: Cinderace|0 fnt\n|faint|p1a: Cinderace\n|\n|win|draco9746\n|raw|kingkong619's rating: 1312 &rarr; <strong>1292<\/strong><br \/>(-20 for losing)\n|raw|draco9746's rating: 1312 &rarr; <strong>1332<\/strong><br \/>(+20 for winning)\n|l|\u2606kingkong619\n","uploadtime":1700305636,"views":10,"p1id":"kingkong619","p2id":"draco9746","formatid":"gen9ou","rating":1292,"private":0,"password":""}