{"id":"gen9ou-1990217693","p1":"DONALDISGY","p2":"Faiz Kediri Butuh","format":"[Gen 9] OU","log":"|j|\u2606DONALDISGY\n|j|\u2606Faiz Kediri Butuh\n|t:|1699939000\n|gametype|singles\n|player|p1|DONALDISGY|lady|1099\n|player|p2|Faiz Kediri Butuh|preschoolerf-gen7|1174\n|teamsize|p1|6\n|teamsize|p2|6\n|gen|9\n|tier|[Gen 9] OU\n|rated|\n|rule|Sleep Clause Mod: Limit one foe put to sleep\n|rule|Species Clause: Limit one of each Pok\u00e9mon\n|rule|OHKO Clause: OHKO moves are banned\n|rule|Evasion Items Clause: Evasion items are banned\n|rule|Evasion Moves Clause: Evasion moves are banned\n|rule|Endless Battle Clause: Forcing endless battles is banned\n|rule|HP Percentage Mod: HP is shown in percentages\n|clearpoke\n|poke|p1|Walking Wake|\n|poke|p1|Blissey, F|\n|poke|p1|Iron Valiant|\n|poke|p1|Corviknight, M|\n|poke|p1|Kleavor, M|\n|poke|p1|Zapdos|\n|poke|p2|Garganacl, F|\n|poke|p2|Quagsire, F|\n|poke|p2|Clefable, F|\n|poke|p2|Haxorus, F|\n|poke|p2|Sandaconda, F|\n|poke|p2|Gyarados, F|\n|teampreview\n|inactive|Battle timer is ON: inactive players will automatically lose when time's up. (requested by Faiz Kediri Butuh)\n|\n|t:|1699939008\n|start\n|switch|p1a: Iron Valiant|Iron Valiant|100\/100\n|switch|p2a: Thicc Snake|Sandaconda, F|100\/100\n|turn|1\n|\n|t:|1699939015\n|move|p1a: Iron Valiant|Trick|p2a: Thicc Snake\n|-activate|p1a: Iron Valiant|move: Trick|[of] p2a: Thicc Snake\n|-item|p2a: Thicc Snake|Choice Band|[from] move: Trick\n|-item|p1a: Iron Valiant|Focus Sash|[from] move: Trick\n|move|p2a: Thicc Snake|Glare|p1a: Iron Valiant\n|-status|p1a: Iron Valiant|par\n|\n|upkeep\n|turn|2\n|\n|t:|1699939029\n|switch|p2a: Masbro|Quagsire, F|100\/100\n|move|p1a: Iron Valiant|Close Combat|p2a: Masbro\n|-damage|p2a: Masbro|54\/100\n|-unboost|p1a: Iron Valiant|def|1\n|-unboost|p1a: Iron Valiant|spd|1\n|\n|-heal|p2a: Masbro|60\/100|[from] item: Leftovers\n|upkeep\n|turn|3\n|\n|t:|1699939042\n|switch|p2a: Thicc Snake|Sandaconda, F|100\/100\n|cant|p1a: Iron Valiant|par\n|\n|upkeep\n|turn|4\n|\n|t:|1699939049\n|-end|p1a: Iron Valiant|Quark Drive|[silent]\n|switch|p1a: Corviknight|Corviknight, M|100\/100\n|-ability|p1a: Corviknight|Pressure\n|move|p2a: Thicc Snake|Stealth Rock|p1a: Corviknight\n|-sidestart|p1: DONALDISGY|move: Stealth Rock\n|\n|upkeep\n|turn|5\n|\n|t:|1699939057\n|switch|p2a: Masbro|Quagsire, F|60\/100\n|move|p1a: Corviknight|Defog|p2a: Masbro\n|-unboost|p2a: Masbro|evasion|1\n|-sideend|p1: DONALDISGY|Stealth Rock|[from] move: Defog|[of] p1a: Corviknight\n|\n|-heal|p2a: Masbro|66\/100|[from] item: Leftovers\n|upkeep\n|turn|6\n|\n|t:|1699939068\n|switch|p2a: Thicc Snake|Sandaconda, F|100\/100\n|move|p1a: Corviknight|U-turn|p2a: Thicc Snake\n|-damage|p2a: Thicc Snake|89\/100\n|\n|t:|1699939072\n|switch|p1a: Walking Wake|Walking Wake|100\/100|[from] U-turn\n|\n|upkeep\n|turn|7\n|\n|t:|1699939079\n|-terastallize|p1a: Walking Wake|Water\n|move|p1a: Walking Wake|Flip Turn|p2a: Thicc Snake\n|-supereffective|p2a: Thicc Snake\n|-damage|p2a: Thicc Snake|60\/100\n|\n|t:|1699939085\n|-end|p1a: Walking Wake|Protosynthesis|[silent]\n|switch|p1a: Kleavor|Kleavor, M|100\/100|[from] Flip Turn\n|move|p2a: Thicc Snake|Glare|p1a: Kleavor\n|-status|p1a: Kleavor|par\n|\n|upkeep\n|turn|8\n|\n|t:|1699939093\n|switch|p2a: Masbro|Quagsire, F|66\/100\n|move|p1a: Kleavor|Agility|p1a: Kleavor\n|-boost|p1a: Kleavor|spe|2\n|\n|-heal|p2a: Masbro|72\/100|[from] item: Leftovers\n|upkeep\n|turn|9\n|\n|t:|1699939103\n|switch|p2a: Thicc Snake|Sandaconda, F|60\/100\n|cant|p1a: Kleavor|par\n|\n|upkeep\n|turn|10\n|\n|t:|1699939111\n|cant|p1a: Kleavor|par\n|move|p2a: Thicc Snake|Iron Head|p1a: Kleavor\n|-supereffective|p1a: Kleavor\n|-damage|p1a: Kleavor|17\/100 par\n|\n|upkeep\n|turn|11\n|\n|t:|1699939118\n|move|p1a: Kleavor|Stone Axe|p2a: Thicc Snake\n|-resisted|p2a: Thicc Snake\n|-damage|p2a: Thicc Snake|39\/100\n|-sidestart|p2: Faiz Kediri Butuh|move: Stealth Rock\n|move|p2a: Thicc Snake|Iron Head|p1a: Kleavor\n|-supereffective|p1a: Kleavor\n|-crit|p1a: Kleavor\n|-damage|p1a: Kleavor|0 fnt\n|faint|p1a: Kleavor\n|\n|upkeep\n|\n|t:|1699939124\n|switch|p1a: Walking Wake|Walking Wake, tera:Water|100\/100\n|turn|12\n|\n|t:|1699939132\n|move|p1a: Walking Wake|Draco Meteor|p2a: Thicc Snake|[miss]\n|-miss|p1a: Walking Wake|p2a: Thicc Snake\n|move|p2a: Thicc Snake|Iron Head|p1a: Walking Wake\n|-resisted|p1a: Walking Wake\n|-damage|p1a: Walking Wake|80\/100\n|\n|upkeep\n|turn|13\n|\n|t:|1699939139\n|move|p1a: Walking Wake|Draco Meteor|p2a: Thicc Snake\n|-damage|p2a: Thicc Snake|0 fnt\n|-unboost|p1a: Walking Wake|spa|2\n|faint|p2a: Thicc Snake\n|\n|upkeep\n|\n|t:|1699939146\n|switch|p2a: Cute Gengar|Clefable, F|100\/100\n|turn|14\n|\n|t:|1699939151\n|-end|p1a: Walking Wake|Protosynthesis|[silent]\n|switch|p1a: Iron Valiant|Iron Valiant|100\/100 par\n|move|p2a: Cute Gengar|Thunder Wave|p1a: Iron Valiant\n|-fail|p1a: Iron Valiant|par\n|\n|upkeep\n|turn|15\n|\n|t:|1699939158\n|move|p1a: Iron Valiant|Moonblast|p2a: Cute Gengar\n|-damage|p2a: Cute Gengar|63\/100\n|move|p2a: Cute Gengar|Moonblast|p1a: Iron Valiant\n|-supereffective|p1a: Iron Valiant\n|-enditem|p1a: Iron Valiant|Focus Sash\n|-damage|p1a: Iron Valiant|1\/100 par\n|-unboost|p1a: Iron Valiant|spa|1\n|\n|upkeep\n|turn|16\n|\n|t:|1699939168\n|move|p1a: Iron Valiant|Shadow Sneak|p2a: Cute Gengar\n|-damage|p2a: Cute Gengar|51\/100\n|move|p2a: Cute Gengar|Moonlight|p2a: Cute Gengar\n|-heal|p2a: Cute Gengar|100\/100\n|\n|upkeep\n|turn|17\n|\n|t:|1699939175\n|switch|p2a: Masbro|Quagsire, F|72\/100\n|-damage|p2a: Masbro|66\/100|[from] Stealth Rock\n|move|p1a: Iron Valiant|Trick|p2a: Masbro\n|-activate|p1a: Iron Valiant|move: Trick|[of] p2a: Masbro\n|-enditem|p2a: Masbro|Leftovers|[silent]|[from] move: Trick\n|-item|p1a: Iron Valiant|Leftovers|[from] move: Trick\n|\n|-heal|p1a: Iron Valiant|7\/100 par|[from] item: Leftovers\n|upkeep\n|turn|18\n|\n|t:|1699939188\n|cant|p1a: Iron Valiant|par\n|move|p2a: Masbro|Earthquake|p1a: Iron Valiant\n|-damage|p1a: Iron Valiant|0 fnt\n|faint|p1a: Iron Valiant\n|-end|p1a: Iron Valiant|Quark Drive|[silent]\n|\n|upkeep\n|\n|t:|1699939196\n|switch|p1a: Walking Wake|Walking Wake, tera:Water|80\/100\n|turn|19\n|\n|t:|1699939200\n|move|p1a: Walking Wake|Draco Meteor|p2a: Masbro\n|-damage|p2a: Masbro|0 fnt\n|-unboost|p1a: Walking Wake|spa|2\n|faint|p2a: Masbro\n|\n|upkeep\n|\n|t:|1699939207\n|switch|p2a: Cute Gengar|Clefable, F|100\/100\n|turn|20\n|\n|t:|1699939210\n|-end|p1a: Walking Wake|Protosynthesis|[silent]\n|switch|p1a: Corviknight|Corviknight, M|100\/100\n|-ability|p1a: Corviknight|Pressure\n|move|p2a: Cute Gengar|Thunder Wave|p1a: Corviknight\n|-status|p1a: Corviknight|par\n|\n|upkeep\n|turn|21\n|\n|t:|1699939218\n|move|p2a: Cute Gengar|Flamethrower|p1a: Corviknight\n|-supereffective|p1a: Corviknight\n|-damage|p1a: Corviknight|59\/100 par\n|cant|p1a: Corviknight|par\n|\n|-heal|p1a: Corviknight|65\/100 par|[from] item: Leftovers\n|upkeep\n|turn|22\n|\n|t:|1699939227\n|move|p2a: Cute Gengar|Flamethrower|p1a: Corviknight\n|-supereffective|p1a: Corviknight\n|-damage|p1a: Corviknight|26\/100 par\n|move|p1a: Corviknight|Roost|p1a: Corviknight\n|-heal|p1a: Corviknight|76\/100 par\n|-singleturn|p1a: Corviknight|move: Roost\n|\n|-heal|p1a: Corviknight|82\/100 par|[from] item: Leftovers\n|upkeep\n|turn|23\n|\n|t:|1699939238\n|switch|p2a: G30\/S Dragon|Haxorus, F, shiny|100\/100\n|-ability|p2a: G30\/S Dragon|Mold Breaker\n|move|p1a: Corviknight|U-turn|p2a: G30\/S Dragon\n|-damage|p2a: G30\/S Dragon|81\/100\n|\n|t:|1699939244\n|switch|p1a: Walking Wake|Walking Wake, tera:Water|80\/100|[from] U-turn\n|\n|upkeep\n|turn|24\n|\n|t:|1699939249\n|switch|p2a: Cute Gengar|Clefable, F|100\/100\n|move|p1a: Walking Wake|Draco Meteor|p2a: Cute Gengar\n|-immune|p2a: Cute Gengar\n|\n|upkeep\n|turn|25\n|\n|t:|1699939258\n|-end|p1a: Walking Wake|Protosynthesis|[silent]\n|switch|p1a: Zapdos|Zapdos|100\/100\n|move|p2a: Cute Gengar|Thunder Wave|p1a: Zapdos\n|-immune|p1a: Zapdos\n|\n|upkeep\n|turn|26\n|\n|t:|1699939265\n|move|p1a: Zapdos|Volt Switch|p2a: Cute Gengar\n|-damage|p2a: Cute Gengar|69\/100\n|\n|t:|1699939268\n|switch|p1a: Corviknight|Corviknight, M|82\/100 par|[from] Volt Switch\n|-ability|p1a: Corviknight|Pressure\n|move|p2a: Cute Gengar|Moonblast|p1a: Corviknight\n|-resisted|p1a: Corviknight\n|-damage|p1a: Corviknight|66\/100 par\n|\n|-heal|p1a: Corviknight|72\/100 par|[from] item: Leftovers\n|upkeep\n|turn|27\n|\n|t:|1699939280\n|move|p2a: Cute Gengar|Flamethrower|p1a: Corviknight\n|-supereffective|p1a: Corviknight\n|-damage|p1a: Corviknight|27\/100 par\n|move|p1a: Corviknight|U-turn|p2a: Cute Gengar\n|-resisted|p2a: Cute Gengar\n|-damage|p2a: Cute Gengar|62\/100\n|\n|t:|1699939284\n|switch|p1a: Walking Wake|Walking Wake, tera:Water|80\/100|[from] U-turn\n|\n|upkeep\n|turn|28\n|\n|t:|1699939291\n|move|p1a: Walking Wake|Hydro Pump|p2a: Cute Gengar\n|-damage|p2a: Cute Gengar|0 fnt\n|faint|p2a: Cute Gengar\n|\n|upkeep\n|\n|t:|1699939297\n|switch|p2a: Leviathan|Gyarados, F|100\/100\n|turn|29\n|\n|t:|1699939301\n|-end|p1a: Walking Wake|Protosynthesis|[silent]\n|switch|p1a: Corviknight|Corviknight, M|27\/100 par\n|-ability|p1a: Corviknight|Pressure\n|move|p2a: Leviathan|Dragon Dance|p2a: Leviathan\n|-boost|p2a: Leviathan|atk|1\n|-boost|p2a: Leviathan|spe|1\n|\n|-heal|p1a: Corviknight|33\/100 par|[from] item: Leftovers\n|upkeep\n|turn|30\n|\n|t:|1699939312\n|move|p2a: Leviathan|Waterfall|p1a: Corviknight\n|-damage|p1a: Corviknight|0 fnt\n|faint|p1a: Corviknight\n|-ability|p2a: Leviathan|Moxie|boost\n|-boost|p2a: Leviathan|atk|1\n|\n|upkeep\n|\n|t:|1699939315\n|switch|p1a: Zapdos|Zapdos|100\/100\n|turn|31\n|\n|t:|1699939325\n|-terastallize|p2a: Leviathan|Ground\n|move|p2a: Leviathan|Dragon Dance|p2a: Leviathan\n|-boost|p2a: Leviathan|atk|1\n|-boost|p2a: Leviathan|spe|1\n|move|p1a: Zapdos|Volt Switch|p2a: Leviathan\n|-immune|p2a: Leviathan\n|\n|upkeep\n|turn|32\n|\n|t:|1699939334\n|move|p2a: Leviathan|Ice Fang|p1a: Zapdos\n|-supereffective|p1a: Zapdos\n|-crit|p1a: Zapdos\n|-damage|p1a: Zapdos|0 fnt\n|faint|p1a: Zapdos\n|-ability|p2a: Leviathan|Moxie|boost\n|-boost|p2a: Leviathan|atk|1\n|\n|upkeep\n|\n|t:|1699939339\n|switch|p1a: Walking Wake|Walking Wake, tera:Water|80\/100\n|turn|33\n|\n|t:|1699939344\n|move|p2a: Leviathan|Earthquake|p1a: Walking Wake\n|-damage|p1a: Walking Wake|0 fnt\n|faint|p1a: Walking Wake\n|-end|p1a: Walking Wake|Protosynthesis|[silent]\n|-ability|p2a: Leviathan|Moxie|boost\n|-boost|p2a: Leviathan|atk|1\n|\n|upkeep\n|\n|t:|1699939347\n|switch|p1a: Blissey|Blissey, F|100\/100\n|turn|34\n|-message|DONALDISGY forfeited.\n|\n|win|Faiz Kediri Butuh\n|raw|DONALDISGY's rating: 1099 &rarr; <strong>1079<\/strong><br \/>(-20 for losing)\n|raw|Faiz Kediri Butuh's rating: 1174 &rarr; <strong>1194<\/strong><br \/>(+20 for winning)\n|l|\u2606DONALDISGY\n","uploadtime":1699939358,"views":9,"p1id":"donaldisgy","p2id":"faizkediributuh","formatid":"gen9ou","rating":1079,"private":0,"password":""}