{"id":"gen9ou-1996190732","p1":"bojacksonisapimp","p2":"Firegamer112a","format":"[Gen 9] OU","log":"|j|\u2606bojacksonisapimp\n|j|\u2606Firegamer112a\n|t:|1700657169\n|gametype|singles\n|player|p1|bojacksonisapimp|swimmerf|1305\n|player|p2|Firegamer112a|gentleman-gen4dp|1372\n|teamsize|p1|6\n|teamsize|p2|6\n|gen|9\n|tier|[Gen 9] OU\n|rated|\n|rule|Sleep Clause Mod: Limit one foe put to sleep\n|rule|Species Clause: Limit one of each Pok\u00e9mon\n|rule|OHKO Clause: OHKO moves are banned\n|rule|Evasion Items Clause: Evasion items are banned\n|rule|Evasion Moves Clause: Evasion moves are banned\n|rule|Endless Battle Clause: Forcing endless battles is banned\n|rule|HP Percentage Mod: HP is shown in percentages\n|clearpoke\n|poke|p1|Skeledirge, F|\n|poke|p1|Ogerpon-Wellspring, F|\n|poke|p1|Gholdengo|\n|poke|p1|Great Tusk|\n|poke|p1|Samurott-Hisui, F|\n|poke|p1|Dipplin, F|\n|poke|p2|Kingambit, F|\n|poke|p2|Zamazenta-*|\n|poke|p2|Iron Valiant|\n|poke|p2|Iron Moth|\n|poke|p2|Ogerpon-Wellspring, F|\n|poke|p2|Toxapex, M|\n|teampreview\n|\n|t:|1700657188\n|start\n|switch|p1a: Samurott|Samurott-Hisui, F, shiny|100\/100\n|switch|p2a: Zamazenta|Zamazenta, shiny|100\/100\n|-ability|p2a: Zamazenta|Dauntless Shield|boost\n|-boost|p2a: Zamazenta|def|1\n|turn|1\n|\n|t:|1700657198\n|switch|p1a: Iron Treads \u25fd\ufe0f|Great Tusk|100\/100\n|move|p2a: Zamazenta|Iron Defense|p2a: Zamazenta\n|-boost|p2a: Zamazenta|def|2\n|\n|upkeep\n|turn|2\n|\n|t:|1700657207\n|move|p2a: Zamazenta|Iron Defense|p2a: Zamazenta\n|-boost|p2a: Zamazenta|def|2\n|move|p1a: Iron Treads \u25fd\ufe0f|Stealth Rock|p2a: Zamazenta\n|-sidestart|p2: Firegamer112a|move: Stealth Rock\n|\n|upkeep\n|turn|3\n|\n|t:|1700657213\n|-end|p1a: Iron Treads \u25fd\ufe0f|Protosynthesis|[silent]\n|switch|p1a: Skeledirge|Skeledirge, F|100\/100\n|move|p2a: Zamazenta|Body Press|p1a: Skeledirge\n|-immune|p1a: Skeledirge\n|\n|upkeep\n|turn|4\n|\n|t:|1700657220\n|move|p2a: Zamazenta|Crunch|p1a: Skeledirge\n|-supereffective|p1a: Skeledirge\n|-damage|p1a: Skeledirge|55\/100\n|move|p1a: Skeledirge|Will-O-Wisp|p2a: Zamazenta\n|-status|p2a: Zamazenta|brn\n|\n|-heal|p1a: Skeledirge|61\/100|[from] item: Leftovers\n|-damage|p2a: Zamazenta|94\/100 brn|[from] brn\n|upkeep\n|turn|5\n|\n|t:|1700657230\n|move|p2a: Zamazenta|Stone Edge|p1a: Skeledirge\n|-supereffective|p1a: Skeledirge\n|-damage|p1a: Skeledirge|33\/100\n|move|p1a: Skeledirge|Torch Song|p2a: Zamazenta\n|-damage|p2a: Zamazenta|67\/100 brn\n|-boost|p1a: Skeledirge|spa|1\n|\n|-heal|p2a: Zamazenta|73\/100 brn|[from] item: Leftovers\n|-heal|p1a: Skeledirge|39\/100|[from] item: Leftovers\n|-damage|p2a: Zamazenta|67\/100 brn|[from] brn\n|upkeep\n|turn|6\n|\n|t:|1700657243\n|switch|p2a: Toxapex|Toxapex, M|100\/100\n|-damage|p2a: Toxapex|88\/100|[from] Stealth Rock\n|move|p1a: Skeledirge|Slack Off|p1a: Skeledirge\n|-heal|p1a: Skeledirge|89\/100\n|\n|-heal|p1a: Skeledirge|95\/100|[from] item: Leftovers\n|-heal|p2a: Toxapex|94\/100|[from] item: Leftovers\n|upkeep\n|turn|7\n|\n|t:|1700657258\n|switch|p1a: Gholdengo|Gholdengo|100\/100\n|move|p2a: Toxapex|Toxic|p1a: Gholdengo\n|-immune|p1a: Gholdengo|[from] ability: Good as Gold\n|\n|-heal|p2a: Toxapex|100\/100|[from] item: Leftovers\n|upkeep\n|turn|8\n|\n|t:|1700657275\n|switch|p2a: Iron Moth|Iron Moth|100\/100\n|-damage|p2a: Iron Moth|76\/100|[from] Stealth Rock\n|-enditem|p2a: Iron Moth|Booster Energy\n|-activate|p2a: Iron Moth|ability: Quark Drive|[fromitem]\n|-start|p2a: Iron Moth|quarkdrivespe\n|move|p1a: Gholdengo|Psyshock|p2a: Iron Moth\n|-supereffective|p2a: Iron Moth\n|-damage|p2a: Iron Moth|0 fnt\n|faint|p2a: Iron Moth\n|-end|p2a: Iron Moth|Quark Drive|[silent]\n|\n|upkeep\n|\n|t:|1700657279\n|switch|p2a: Iron Valiant|Iron Valiant|100\/100\n|-damage|p2a: Iron Valiant|94\/100|[from] Stealth Rock\n|-enditem|p2a: Iron Valiant|Booster Energy\n|-activate|p2a: Iron Valiant|ability: Quark Drive|[fromitem]\n|-start|p2a: Iron Valiant|quarkdrivespe\n|turn|9\n|c|\u2606bojacksonisapimp|Ouf\n|\n|t:|1700657292\n|move|p2a: Iron Valiant|Hypnosis|p1a: Gholdengo\n|-immune|p1a: Gholdengo|[from] ability: Good as Gold\n|move|p1a: Gholdengo|Psyshock|p2a: Iron Valiant\n|-supereffective|p2a: Iron Valiant\n|-damage|p2a: Iron Valiant|0 fnt\n|faint|p2a: Iron Valiant\n|-end|p2a: Iron Valiant|Quark Drive|[silent]\n|\n|upkeep\n|\n|t:|1700657296\n|switch|p2a: Kingambit|Kingambit, F|100\/100\n|-damage|p2a: Kingambit|94\/100|[from] Stealth Rock\n|-activate|p2a: Kingambit|ability: Supreme Overlord\n|-start|p2a: Kingambit|fallen2|[silent]\n|turn|10\n|c|\u2606bojacksonisapimp|Bruh\n|\n|t:|1700657306\n|switch|p1a: Iron Treads \u25fd\ufe0f|Great Tusk|100\/100\n|move|p2a: Kingambit|Swords Dance|p2a: Kingambit\n|-boost|p2a: Kingambit|atk|2\n|\n|upkeep\n|turn|11\n|\n|t:|1700657314\n|-terastallize|p2a: Kingambit|Flying\n|move|p1a: Iron Treads \u25fd\ufe0f|Body Press|p2a: Kingambit\n|-resisted|p2a: Kingambit\n|-damage|p2a: Kingambit|76\/100\n|move|p2a: Kingambit|Swords Dance|p2a: Kingambit\n|-boost|p2a: Kingambit|atk|2\n|\n|upkeep\n|turn|12\n|\n|t:|1700657324\n|move|p1a: Iron Treads \u25fd\ufe0f|Knock Off|p2a: Kingambit\n|-damage|p2a: Kingambit|52\/100\n|-enditem|p2a: Kingambit|Black Glasses|[from] move: Knock Off|[of] p1a: Iron Treads \u25fd\ufe0f\n|move|p2a: Kingambit|Iron Head|p1a: Iron Treads \u25fd\ufe0f\n|-damage|p1a: Iron Treads \u25fd\ufe0f|18\/100\n|\n|-heal|p1a: Iron Treads \u25fd\ufe0f|24\/100|[from] item: Leftovers\n|upkeep\n|turn|13\n|\n|t:|1700657335\n|move|p2a: Kingambit|Sucker Punch|p1a: Iron Treads \u25fd\ufe0f\n|-resisted|p1a: Iron Treads \u25fd\ufe0f\n|-damage|p1a: Iron Treads \u25fd\ufe0f|0 fnt\n|faint|p1a: Iron Treads \u25fd\ufe0f\n|-end|p1a: Iron Treads \u25fd\ufe0f|Protosynthesis|[silent]\n|\n|upkeep\n|\n|t:|1700657346\n|switch|p1a: Skeledirge|Skeledirge, F|95\/100\n|turn|14\n|\n|t:|1700657350\n|-terastallize|p1a: Skeledirge|Fairy\n|move|p2a: Kingambit|Kowtow Cleave|p1a: Skeledirge\n|-resisted|p1a: Skeledirge\n|-damage|p1a: Skeledirge|68\/100\n|move|p1a: Skeledirge|Will-O-Wisp|p2a: Kingambit\n|-status|p2a: Kingambit|brn\n|\n|-heal|p1a: Skeledirge|74\/100|[from] item: Leftovers\n|-damage|p2a: Kingambit|46\/100 brn|[from] brn\n|upkeep\n|turn|15\n|\n|t:|1700657364\n|move|p2a: Kingambit|Iron Head|p1a: Skeledirge\n|-supereffective|p1a: Skeledirge\n|-damage|p1a: Skeledirge|25\/100\n|move|p1a: Skeledirge|Torch Song|p2a: Kingambit\n|-damage|p2a: Kingambit|10\/100 brn\n|-boost|p1a: Skeledirge|spa|1\n|\n|-heal|p1a: Skeledirge|31\/100|[from] item: Leftovers\n|-damage|p2a: Kingambit|3\/100 brn|[from] brn\n|upkeep\n|turn|16\n|\n|t:|1700657378\n|switch|p1a: Gholdengo|Gholdengo|100\/100\n|move|p2a: Kingambit|Kowtow Cleave|p1a: Gholdengo\n|-supereffective|p1a: Gholdengo\n|-damage|p1a: Gholdengo|0 fnt\n|faint|p1a: Gholdengo\n|\n|-damage|p2a: Kingambit|0 fnt|[from] brn\n|faint|p2a: Kingambit\n|-end|p2a: Kingambit|fallen2|[silent]\n|upkeep\n|\n|t:|1700657401\n|switch|p1a: Ogerpon-Carnival|Dipplin, F|100\/100\n|switch|p2a: Toxapex|Toxapex, M|100\/100\n|-damage|p2a: Toxapex|88\/100|[from] Stealth Rock\n|turn|17\n|\n|t:|1700657412\n|switch|p1a: Samurott|Samurott-Hisui, F, shiny|100\/100\n|move|p2a: Toxapex|Toxic|p1a: Samurott\n|-status|p1a: Samurott|tox\n|\n|-heal|p2a: Toxapex|94\/100|[from] item: Leftovers\n|-damage|p1a: Samurott|94\/100 tox|[from] psn\n|upkeep\n|turn|18\n|\n|t:|1700657422\n|switch|p2a: Ogerpon|Ogerpon-Wellspring, F|100\/100\n|-damage|p2a: Ogerpon|88\/100|[from] Stealth Rock\n|move|p1a: Samurott|Ceaseless Edge|p2a: Ogerpon\n|-damage|p2a: Ogerpon|28\/100\n|-sidestart|p2: Firegamer112a|Spikes\n|\n|-damage|p1a: Samurott|82\/100 tox|[from] psn\n|upkeep\n|turn|19\n|\n|t:|1700657432\n|move|p1a: Samurott|Sucker Punch|p2a: Ogerpon\n|-damage|p2a: Ogerpon|0 fnt\n|faint|p2a: Ogerpon\n|\n|-damage|p1a: Samurott|64\/100 tox|[from] psn\n|upkeep\n|\n|t:|1700657436\n|switch|p2a: Toxapex|Toxapex, M|100\/100\n|-damage|p2a: Toxapex|88\/100|[from] Stealth Rock\n|-damage|p2a: Toxapex|75\/100|[from] Spikes\n|turn|20\n|\n|t:|1700657444\n|move|p1a: Samurott|Ceaseless Edge|p2a: Toxapex\n|-damage|p2a: Toxapex|48\/100\n|-sidestart|p2: Firegamer112a|Spikes\n|move|p2a: Toxapex|Liquidation|p1a: Samurott\n|-resisted|p1a: Samurott\n|-damage|p1a: Samurott|54\/100 tox\n|\n|-heal|p2a: Toxapex|54\/100|[from] item: Leftovers\n|-damage|p1a: Samurott|29\/100 tox|[from] psn\n|upkeep\n|turn|21\n|\n|t:|1700657454\n|move|p1a: Samurott|Ceaseless Edge|p2a: Toxapex\n|-damage|p2a: Toxapex|26\/100\n|-sidestart|p2: Firegamer112a|Spikes\n|move|p2a: Toxapex|Recover|p2a: Toxapex\n|-heal|p2a: Toxapex|76\/100\n|\n|-heal|p2a: Toxapex|82\/100|[from] item: Leftovers\n|-damage|p1a: Samurott|0 fnt|[from] psn\n|faint|p1a: Samurott\n|upkeep\n|\n|t:|1700657471\n|switch|p1a: Ogerpon|Ogerpon-Wellspring, F|100\/100\n|turn|22\n|\n|t:|1700657475\n|move|p1a: Ogerpon|Knock Off|p2a: Toxapex\n|-damage|p2a: Toxapex|61\/100\n|-enditem|p2a: Toxapex|Leftovers|[from] move: Knock Off|[of] p1a: Ogerpon\n|move|p2a: Toxapex|Toxic|p1a: Ogerpon\n|-status|p1a: Ogerpon|tox\n|\n|-damage|p1a: Ogerpon|95\/100 tox|[from] psn\n|upkeep\n|turn|23\n|\n|t:|1700657484\n|move|p1a: Ogerpon|Swords Dance|p1a: Ogerpon\n|-boost|p1a: Ogerpon|atk|2\n|move|p2a: Toxapex|Recover|p2a: Toxapex\n|-heal|p2a: Toxapex|100\/100\n|\n|-damage|p1a: Ogerpon|83\/100 tox|[from] psn\n|upkeep\n|turn|24\n|\n|t:|1700657492\n|move|p1a: Ogerpon|Horn Leech|p2a: Toxapex\n|-damage|p2a: Toxapex|46\/100\n|-heal|p1a: Ogerpon|100\/100 tox|[from] drain|[of] p2a: Toxapex\n|move|p2a: Toxapex|Haze|p2a: Toxapex\n|-clearallboost\n|\n|-damage|p1a: Ogerpon|83\/100 tox|[from] psn\n|upkeep\n|turn|25\n|\n|t:|1700657503\n|move|p1a: Ogerpon|Swords Dance|p1a: Ogerpon\n|-boost|p1a: Ogerpon|atk|2\n|move|p2a: Toxapex|Recover|p2a: Toxapex\n|-heal|p2a: Toxapex|96\/100\n|\n|-damage|p1a: Ogerpon|59\/100 tox|[from] psn\n|upkeep\n|turn|26\n|\n|t:|1700657512\n|move|p1a: Ogerpon|Horn Leech|p2a: Toxapex\n|-damage|p2a: Toxapex|44\/100\n|-heal|p1a: Ogerpon|85\/100 tox|[from] drain|[of] p2a: Toxapex\n|move|p2a: Toxapex|Haze|p2a: Toxapex\n|-clearallboost\n|\n|-damage|p1a: Ogerpon|55\/100 tox|[from] psn\n|upkeep\n|turn|27\n|inactive|Battle timer is ON: inactive players will automatically lose when time's up. (requested by Firegamer112a)\n|\n|t:|1700657523\n|move|p1a: Ogerpon|Horn Leech|p2a: Toxapex\n|-damage|p2a: Toxapex|20\/100\n|-heal|p1a: Ogerpon|68\/100 tox|[from] drain|[of] p2a: Toxapex\n|move|p2a: Toxapex|Recover|p2a: Toxapex\n|-heal|p2a: Toxapex|70\/100\n|\n|-damage|p1a: Ogerpon|32\/100 tox|[from] psn\n|upkeep\n|turn|28\n|\n|t:|1700657541\n|switch|p1a: Skeledirge|Skeledirge, F, tera:Fairy|31\/100\n|move|p2a: Toxapex|Recover|p2a: Toxapex\n|-heal|p2a: Toxapex|100\/100\n|\n|-heal|p1a: Skeledirge|37\/100|[from] item: Leftovers\n|upkeep\n|turn|29\n|\n|t:|1700657549\n|switch|p1a: Ogerpon|Ogerpon-Wellspring, F|32\/100 tox\n|move|p2a: Toxapex|Toxic|p1a: Ogerpon\n|-fail|p1a: Ogerpon|tox\n|\n|-damage|p1a: Ogerpon|26\/100 tox|[from] psn\n|upkeep\n|turn|30\n|\n|t:|1700657576\n|move|p1a: Ogerpon|Swords Dance|p1a: Ogerpon\n|-boost|p1a: Ogerpon|atk|2\n|move|p2a: Toxapex|Haze|p2a: Toxapex\n|-clearallboost\n|\n|-damage|p1a: Ogerpon|14\/100 tox|[from] psn\n|upkeep\n|turn|31\n|\n|t:|1700657585\n|move|p1a: Ogerpon|Horn Leech|p2a: Toxapex\n|-damage|p2a: Toxapex|72\/100\n|-heal|p1a: Ogerpon|28\/100 tox|[from] drain|[of] p2a: Toxapex\n|move|p2a: Toxapex|Haze|p2a: Toxapex\n|-clearallboost\n|\n|-damage|p1a: Ogerpon|10\/100 tox|[from] psn\n|upkeep\n|turn|32\n|\n|t:|1700657595\n|move|p1a: Ogerpon|Horn Leech|p2a: Toxapex\n|-damage|p2a: Toxapex|47\/100\n|-heal|p1a: Ogerpon|23\/100 tox|[from] drain|[of] p2a: Toxapex\n|move|p2a: Toxapex|Haze|p2a: Toxapex\n|-clearallboost\n|\n|-damage|p1a: Ogerpon|0 fnt|[from] psn\n|faint|p1a: Ogerpon\n|upkeep\n|\n|t:|1700657607\n|switch|p1a: Ogerpon-Carnival|Dipplin, F|100\/100\n|turn|33\n|\n|t:|1700657611\n|move|p1a: Ogerpon-Carnival|Draco Meteor|p2a: Toxapex\n|-damage|p2a: Toxapex|0 fnt\n|-unboost|p1a: Ogerpon-Carnival|spa|2\n|faint|p2a: Toxapex\n|\n|upkeep\n|\n|t:|1700657615\n|switch|p2a: Zamazenta|Zamazenta, shiny|67\/100 brn\n|-damage|p2a: Zamazenta|61\/100 brn|[from] Stealth Rock\n|-damage|p2a: Zamazenta|36\/100 brn|[from] Spikes\n|turn|34\n|\n|t:|1700657626\n|switch|p1a: Skeledirge|Skeledirge, F, tera:Fairy|37\/100\n|move|p2a: Zamazenta|Iron Defense|p2a: Zamazenta\n|-boost|p2a: Zamazenta|def|2\n|\n|-heal|p2a: Zamazenta|42\/100 brn|[from] item: Leftovers\n|-heal|p1a: Skeledirge|43\/100|[from] item: Leftovers\n|-damage|p2a: Zamazenta|36\/100 brn|[from] brn\n|upkeep\n|turn|35\n|\n|t:|1700657641\n|move|p2a: Zamazenta|Iron Defense|p2a: Zamazenta\n|-boost|p2a: Zamazenta|def|2\n|move|p1a: Skeledirge|Slack Off|p1a: Skeledirge\n|-heal|p1a: Skeledirge|93\/100\n|\n|-heal|p2a: Zamazenta|42\/100 brn|[from] item: Leftovers\n|-heal|p1a: Skeledirge|99\/100|[from] item: Leftovers\n|-damage|p2a: Zamazenta|36\/100 brn|[from] brn\n|upkeep\n|turn|36\n|\n|t:|1700657652\n|move|p2a: Zamazenta|Body Press|p1a: Skeledirge\n|-resisted|p1a: Skeledirge\n|-damage|p1a: Skeledirge|93\/100\n|move|p1a: Skeledirge|Torch Song|p2a: Zamazenta\n|-damage|p2a: Zamazenta|10\/100 brn\n|-boost|p1a: Skeledirge|spa|1\n|\n|-heal|p2a: Zamazenta|16\/100 brn|[from] item: Leftovers\n|-heal|p1a: Skeledirge|99\/100|[from] item: Leftovers\n|-damage|p2a: Zamazenta|10\/100 brn|[from] brn\n|upkeep\n|turn|37\n|-message|Firegamer112a forfeited.\n|\n|win|bojacksonisapimp\n|raw|bojacksonisapimp's rating: 1305 &rarr; <strong>1329<\/strong><br \/>(+24 for winning)\n|raw|Firegamer112a's rating: 1372 &rarr; <strong>1348<\/strong><br \/>(-24 for losing)\n|l|\u2606Firegamer112a\n|c|\u2606bojacksonisapimp|Gg\n","uploadtime":1700657704,"views":3,"p1id":"bojacksonisapimp","p2id":"firegamer112a","formatid":"gen9ou","rating":1329,"private":0,"password":""}