{"id":"gen9ou-1988459327","p1":"Zed lepplin","p2":"SDK04","format":"[Gen 9] OU","log":"|j|\u2606Zed lepplin\n|j|\u2606SDK04\n|t:|1699725207\n|gametype|singles\n|player|p1|Zed lepplin|102|1565\n|player|p2|SDK04|unknown|1569\n|teamsize|p1|6\n|teamsize|p2|6\n|gen|9\n|tier|[Gen 9] OU\n|rated|\n|rule|Sleep Clause Mod: Limit one foe put to sleep\n|rule|Species Clause: Limit one of each Pok\u00e9mon\n|rule|OHKO Clause: OHKO moves are banned\n|rule|Evasion Items Clause: Evasion items are banned\n|rule|Evasion Moves Clause: Evasion moves are banned\n|rule|Endless Battle Clause: Forcing endless battles is banned\n|rule|HP Percentage Mod: HP is shown in percentages\n|clearpoke\n|poke|p1|Cinderace, M|\n|poke|p1|Great Tusk|\n|poke|p1|Lokix, F|\n|poke|p1|Gliscor, M|\n|poke|p1|Heatran, M|\n|poke|p1|Slowking-Galar, F|\n|poke|p2|Ribombee, M|\n|poke|p2|Manaphy|\n|poke|p2|Iron Moth|\n|poke|p2|Kingambit, M|\n|poke|p2|Gholdengo|\n|poke|p2|Breloom, F|\n|teampreview\n|j| Sachcue\n|inactive|Battle timer is ON: inactive players will automatically lose when time's up. (requested by SDK04)\n|\n|t:|1699725223\n|start\n|switch|p1a: Gliscor|Gliscor, M|100\/100\n|switch|p2a: Ribombee|Ribombee, M|100\/100\n|turn|1\n|\n|t:|1699725236\n|move|p1a: Gliscor|Protect|p1a: Gliscor\n|-singleturn|p1a: Gliscor|Protect\n|move|p2a: Ribombee|Stun Spore|p1a: Gliscor\n|-activate|p1a: Gliscor|move: Protect\n|\n|-status|p1a: Gliscor|tox|[from] item: Toxic Orb\n|upkeep\n|turn|2\n|\n|t:|1699725248\n|move|p2a: Ribombee|Sticky Web|p1a: Gliscor\n|-sidestart|p1: Zed lepplin|move: Sticky Web\n|move|p1a: Gliscor|Earthquake|p2a: Ribombee\n|-resisted|p2a: Ribombee\n|-damage|p2a: Ribombee|66\/100\n|\n|upkeep\n|turn|3\n|\n|t:|1699725257\n|move|p2a: Ribombee|Moonblast|p1a: Gliscor\n|-damage|p1a: Gliscor|46\/100 tox\n|move|p1a: Gliscor|Earthquake|p2a: Ribombee\n|-resisted|p2a: Ribombee\n|-damage|p2a: Ribombee|33\/100\n|\n|-heal|p1a: Gliscor|58\/100 tox|[from] ability: Poison Heal\n|upkeep\n|turn|4\n|\n|t:|1699725264\n|move|p2a: Ribombee|Moonblast|p1a: Gliscor\n|-damage|p1a: Gliscor|12\/100 tox\n|-unboost|p1a: Gliscor|spa|1\n|move|p1a: Gliscor|U-turn|p2a: Ribombee\n|-resisted|p2a: Ribombee\n|-damage|p2a: Ribombee|17\/100\n|\n|t:|1699725272\n|switch|p1a: Lokix|Lokix, F|100\/100|[from] U-turn\n|-activate|p1a: Lokix|move: Sticky Web\n|-unboost|p1a: Lokix|spe|1\n|\n|upkeep\n|turn|5\n|inactive|SDK04 has 120 seconds left.\n|\n|t:|1699725312\n|switch|p2a: Gholdengo|Gholdengo|100\/100\n|-item|p2a: Gholdengo|Air Balloon\n|move|p1a: Lokix|First Impression|p2a: Gholdengo\n|-resisted|p2a: Gholdengo\n|-damage|p2a: Gholdengo|70\/100\n|-enditem|p2a: Gholdengo|Air Balloon\n|\n|upkeep\n|turn|6\n|\n|t:|1699725322\n|move|p1a: Lokix|Sucker Punch|p2a: Gholdengo\n|-supereffective|p2a: Gholdengo\n|-damage|p2a: Gholdengo|0 fnt\n|faint|p2a: Gholdengo\n|\n|upkeep\n|\n|t:|1699725330\n|switch|p2a: Breloom|Breloom, F|100\/100\n|turn|7\n|\n|t:|1699725344\n|move|p2a: Breloom|Swords Dance|p2a: Breloom\n|-boost|p2a: Breloom|atk|2\n|move|p1a: Lokix|Leech Life|p2a: Breloom\n|-damage|p2a: Breloom|21\/100\n|\n|upkeep\n|turn|8\n|\n|t:|1699725358\n|move|p2a: Breloom|Mach Punch|p1a: Lokix\n|-damage|p1a: Lokix|11\/100\n|move|p1a: Lokix|Leech Life|p2a: Breloom\n|-damage|p2a: Breloom|0 fnt\n|-heal|p1a: Lokix|21\/100|[from] drain|[of] p2a: Breloom\n|faint|p2a: Breloom\n|\n|upkeep\n|\n|t:|1699725375\n|switch|p2a: Iron Moth|Iron Moth|100\/100\n|-enditem|p2a: Iron Moth|Booster Energy\n|-activate|p2a: Iron Moth|ability: Quark Drive|[fromitem]\n|-start|p2a: Iron Moth|quarkdrivespa\n|turn|9\n|\n|t:|1699725380\n|switch|p1a: Heatran|Heatran, M|100\/100\n|-activate|p1a: Heatran|move: Sticky Web\n|-unboost|p1a: Heatran|spe|1\n|move|p2a: Iron Moth|Substitute|p2a: Iron Moth\n|-start|p2a: Iron Moth|Substitute\n|-damage|p2a: Iron Moth|76\/100\n|\n|upkeep\n|turn|10\n|\n|t:|1699725385\n|move|p2a: Iron Moth|Psychic|p1a: Heatran\n|-resisted|p1a: Heatran\n|-damage|p1a: Heatran|87\/100\n|move|p1a: Heatran|Earth Power|p2a: Iron Moth\n|-supereffective|p2a: Iron Moth\n|-end|p2a: Iron Moth|Substitute\n|\n|-heal|p1a: Heatran|93\/100|[from] item: Leftovers\n|upkeep\n|turn|11\n|\n|t:|1699725400\n|move|p2a: Iron Moth|Psychic|p1a: Heatran\n|-resisted|p1a: Heatran\n|-damage|p1a: Heatran|80\/100\n|move|p1a: Heatran|Earth Power|p2a: Iron Moth\n|-supereffective|p2a: Iron Moth\n|-damage|p2a: Iron Moth|0 fnt\n|faint|p2a: Iron Moth\n|-end|p2a: Iron Moth|Quark Drive|[silent]\n|\n|-heal|p1a: Heatran|86\/100|[from] item: Leftovers\n|upkeep\n|\n|t:|1699725403\n|switch|p2a: Manaphy|Manaphy|100\/100\n|turn|12\n|\n|t:|1699725406\n|move|p2a: Manaphy|Tail Glow|p2a: Manaphy\n|-boost|p2a: Manaphy|spa|3\n|move|p1a: Heatran|Taunt|p2a: Manaphy\n|-start|p2a: Manaphy|move: Taunt\n|\n|-heal|p1a: Heatran|92\/100|[from] item: Leftovers\n|upkeep\n|turn|13\n|\n|t:|1699725431\n|-terastallize|p1a: Heatran|Bug\n|move|p2a: Manaphy|Surf|p1a: Heatran\n|-damage|p1a: Heatran|25\/100\n|move|p1a: Heatran|Magma Storm|p2a: Manaphy\n|-resisted|p2a: Manaphy\n|-crit|p2a: Manaphy\n|-damage|p2a: Manaphy|74\/100\n|-activate|p2a: Manaphy|move: Magma Storm|[of] p1a: Heatran\n|\n|-heal|p2a: Manaphy|80\/100|[from] item: Leftovers\n|-heal|p1a: Heatran|32\/100|[from] item: Leftovers\n|-damage|p2a: Manaphy|68\/100|[from] move: Magma Storm|[partiallytrapped]\n|upkeep\n|turn|14\n|\n|t:|1699725441\n|move|p1a: Heatran|Protect|p1a: Heatran\n|-singleturn|p1a: Heatran|Protect\n|move|p2a: Manaphy|Surf|p1a: Heatran\n|-activate|p1a: Heatran|move: Protect\n|\n|-heal|p2a: Manaphy|74\/100|[from] item: Leftovers\n|-heal|p1a: Heatran|38\/100|[from] item: Leftovers\n|-damage|p2a: Manaphy|61\/100|[from] move: Magma Storm|[partiallytrapped]\n|upkeep\n|turn|15\n|\n|t:|1699725448\n|switch|p1a: Gliscor|Gliscor, M|12\/100 tox\n|move|p2a: Manaphy|Surf|p1a: Gliscor\n|-supereffective|p1a: Gliscor\n|-damage|p1a: Gliscor|0 fnt\n|faint|p1a: Gliscor\n|\n|-heal|p2a: Manaphy|68\/100|[from] item: Leftovers\n|-end|p2a: Manaphy|Magma Storm|[partiallytrapped]|[silent]\n|-end|p2a: Manaphy|move: Taunt\n|upkeep\n|\n|t:|1699725458\n|switch|p1a: Cinderace|Cinderace, M|100\/100\n|turn|16\n|\n|t:|1699725468\n|move|p1a: Cinderace|U-turn|p2a: Manaphy\n|-start|p1a: Cinderace|typechange|Bug|[from] ability: Libero\n|-damage|p2a: Manaphy|37\/100\n|\n|t:|1699725471\n|switch|p1a: Slowking|Slowking-Galar, F|100\/100|[from] U-turn\n|-activate|p1a: Slowking|move: Sticky Web\n|-unboost|p1a: Slowking|spe|1\n|move|p2a: Manaphy|Surf|p1a: Slowking\n|-damage|p1a: Slowking|35\/100\n|\n|-heal|p2a: Manaphy|43\/100|[from] item: Leftovers\n|-heal|p1a: Slowking|41\/100|[from] item: Black Sludge\n|upkeep\n|turn|17\n|\n|t:|1699725477\n|move|p2a: Manaphy|Surf|p1a: Slowking\n|-crit|p1a: Slowking\n|-damage|p1a: Slowking|0 fnt\n|faint|p1a: Slowking\n|\n|-heal|p2a: Manaphy|50\/100|[from] item: Leftovers\n|upkeep\n|\n|t:|1699725489\n|switch|p1a: Lokix|Lokix, F|21\/100\n|-activate|p1a: Lokix|move: Sticky Web\n|-unboost|p1a: Lokix|spe|1\n|turn|18\n|\n|t:|1699725504\n|move|p1a: Lokix|First Impression|p2a: Manaphy\n|-damage|p2a: Manaphy|7\/100\n|move|p2a: Manaphy|Surf|p1a: Lokix\n|-damage|p1a: Lokix|0 fnt\n|faint|p1a: Lokix\n|\n|-heal|p2a: Manaphy|13\/100|[from] item: Leftovers\n|upkeep\n|\n|t:|1699725508\n|switch|p1a: Cinderace|Cinderace, M|100\/100\n|turn|19\n|\n|t:|1699725512\n|move|p1a: Cinderace|Pyro Ball|p2a: Manaphy\n|-resisted|p2a: Manaphy\n|-damage|p2a: Manaphy|0 fnt\n|faint|p2a: Manaphy\n|\n|upkeep\n|\n|t:|1699725514\n|switch|p2a: Ribombee|Ribombee, M|17\/100\n|turn|20\n|\n|t:|1699725522\n|move|p2a: Ribombee|Stun Spore|p1a: Cinderace\n|-status|p1a: Cinderace|par\n|move|p1a: Cinderace|Pyro Ball|p2a: Ribombee\n|-supereffective|p2a: Ribombee\n|-damage|p2a: Ribombee|0 fnt\n|faint|p2a: Ribombee\n|\n|upkeep\n|\n|t:|1699725524\n|switch|p2a: Kingambit|Kingambit, M|100\/100\n|-activate|p2a: Kingambit|ability: Supreme Overlord\n|-start|p2a: Kingambit|fallen5|[silent]\n|turn|21\n|\n|t:|1699725526\n|-terastallize|p2a: Kingambit|Fairy\n|move|p2a: Kingambit|Swords Dance|p2a: Kingambit\n|-boost|p2a: Kingambit|atk|2\n|cant|p1a: Cinderace|par\n|\n|upkeep\n|turn|22\n|\n|t:|1699725532\n|move|p2a: Kingambit|Kowtow Cleave|p1a: Cinderace\n|-damage|p1a: Cinderace|0 fnt\n|faint|p1a: Cinderace\n|\n|upkeep\n|\n|t:|1699725535\n|switch|p1a: Great Tusk|Great Tusk|100\/100\n|-activate|p1a: Great Tusk|move: Sticky Web\n|-unboost|p1a: Great Tusk|spe|1\n|-enditem|p1a: Great Tusk|Booster Energy\n|-activate|p1a: Great Tusk|ability: Protosynthesis|[fromitem]\n|-start|p1a: Great Tusk|protosynthesisatk\n|turn|23\n|\n|t:|1699725541\n|move|p1a: Great Tusk|Rapid Spin|p2a: Kingambit\n|-damage|p2a: Kingambit|85\/100\n|-boost|p1a: Great Tusk|spe|1\n|-sideend|p1: Zed lepplin|Sticky Web|[from] move: Rapid Spin|[of] p1a: Great Tusk\n|move|p2a: Kingambit|Tera Blast|p1a: Great Tusk|[anim] Tera Blast Fairy\n|-supereffective|p1a: Great Tusk\n|-damage|p1a: Great Tusk|0 fnt\n|faint|p1a: Great Tusk\n|-end|p1a: Great Tusk|Protosynthesis|[silent]\n|\n|upkeep\n|\n|t:|1699725547\n|switch|p1a: Heatran|Heatran, M, tera:Bug|38\/100\n|turn|24\n|c|\u2606SDK04|gg\n|c|\u2606SDK04|wp\n|\n|t:|1699725560\n|move|p2a: Kingambit|Tera Blast|p1a: Heatran|[anim] Tera Blast Fairy\n|-damage|p1a: Heatran|0 fnt\n|faint|p1a: Heatran\n|\n|win|SDK04\n|raw|Zed lepplin's rating: 1565 &rarr; <strong>1544<\/strong><br \/>(-21 for losing)\n|raw|SDK04's rating: 1553 &rarr; <strong>1574<\/strong><br \/>(+21 for winning)\n|l|\u2606Zed lepplin\n","uploadtime":1699725565,"views":33,"p1id":"zedlepplin","p2id":"sdk04","formatid":"gen9ou","rating":1544,"private":0,"password":""}