{"id":"gen9ou-1993135036","p1":"Niknak841","p2":"Aggron","format":"[Gen 9] OU","log":"|j|\u2606Niknak841\n|j|\u2606Aggron\n|t:|1700268905\n|gametype|singles\n|player|p1|Niknak841|elesa|1748\n|player|p2|Aggron|pokefan-gen4|1942\n|teamsize|p1|6\n|teamsize|p2|6\n|gen|9\n|tier|[Gen 9] OU\n|rated|\n|rule|Sleep Clause Mod: Limit one foe put to sleep\n|rule|Species Clause: Limit one of each Pok\u00e9mon\n|rule|OHKO Clause: OHKO moves are banned\n|rule|Evasion Items Clause: Evasion items are banned\n|rule|Evasion Moves Clause: Evasion moves are banned\n|rule|Endless Battle Clause: Forcing endless battles is banned\n|rule|HP Percentage Mod: HP is shown in percentages\n|clearpoke\n|poke|p1|Ninetales-Alola, M|\n|poke|p1|Manaphy|\n|poke|p1|Rillaboom, F|\n|poke|p1|Sneasler, F|\n|poke|p1|Great Tusk|\n|poke|p1|Iron Moth|\n|poke|p2|Sinistcha-Masterpiece|\n|poke|p2|Heatran, M|\n|poke|p2|Rillaboom, F|\n|poke|p2|Sneasler, F|\n|poke|p2|Samurott-Hisui, F|\n|poke|p2|Tyranitar, F|\n|teampreview\n|inactive|Battle timer is ON: inactive players will automatically lose when time's up. (requested by Aggron)\n|inactive|Niknak841 also wants the timer to be on.\n|j| srtyjj\n|j| aketsuki\n|j| HaxxIsPain\n|\n|t:|1700268918\n|start\n|switch|p1a: Great Tusk|Great Tusk|100\/100\n|switch|p2a: Sneasler|Sneasler, F, shiny|100\/100\n|-enditem|p1a: Great Tusk|Booster Energy\n|-activate|p1a: Great Tusk|ability: Protosynthesis|[fromitem]\n|-start|p1a: Great Tusk|protosynthesisspe\n|turn|1\n|\n|t:|1700268925\n|move|p2a: Sneasler|Fake Out|p1a: Great Tusk\n|-damage|p1a: Great Tusk|92\/100\n|cant|p1a: Great Tusk|flinch\n|\n|upkeep\n|turn|2\n|j| FatherSuperior7\n|j| HunnuhGrand\n|\n|t:|1700268933\n|switch|p2a: Sinistcha|Sinistcha-Masterpiece|100\/100\n|move|p1a: Great Tusk|Ice Spinner|p2a: Sinistcha\n|-supereffective|p2a: Sinistcha\n|-damage|p2a: Sinistcha|67\/100\n|\n|upkeep\n|turn|3\n|\n|t:|1700268950\n|-end|p1a: Great Tusk|Protosynthesis|[silent]\n|switch|p1a: Iron Moth|Iron Moth|100\/100\n|-enditem|p1a: Iron Moth|Booster Energy\n|-activate|p1a: Iron Moth|ability: Quark Drive|[fromitem]\n|-start|p1a: Iron Moth|quarkdrivespe\n|move|p2a: Sinistcha|Strength Sap|p1a: Iron Moth\n|-unboost|p1a: Iron Moth|atk|1\n|-heal|p2a: Sinistcha|100\/100\n|\n|upkeep\n|turn|4\n|\n|t:|1700268957\n|-end|p1a: Iron Moth|Quark Drive|[silent]\n|switch|p1a: Great Tusk|Great Tusk|92\/100\n|switch|p2a: Heatran|Heatran, M|100\/100\n|-item|p2a: Heatran|Air Balloon\n|\n|upkeep\n|turn|5\n|\n|t:|1700268962\n|move|p1a: Great Tusk|Ice Spinner|p2a: Heatran\n|-resisted|p2a: Heatran\n|-damage|p2a: Heatran|94\/100\n|-enditem|p2a: Heatran|Air Balloon\n|move|p2a: Heatran|Stealth Rock|p1a: Great Tusk\n|-sidestart|p1: Niknak841|move: Stealth Rock\n|\n|upkeep\n|turn|6\n|\n|t:|1700268965\n|switch|p2a: Sinistcha|Sinistcha-Masterpiece|100\/100\n|move|p1a: Great Tusk|Ice Spinner|p2a: Sinistcha\n|-supereffective|p2a: Sinistcha\n|-damage|p2a: Sinistcha|67\/100\n|\n|upkeep\n|turn|7\n|\n|t:|1700268972\n|-end|p1a: Great Tusk|Protosynthesis|[silent]\n|switch|p1a: Ninetales|Ninetales-Alola, M|100\/100\n|-damage|p1a: Ninetales|76\/100|[from] Stealth Rock\n|-weather|Snow|[from] ability: Snow Warning|[of] p1a: Ninetales\n|move|p2a: Sinistcha|Matcha Gotcha|p1a: Ninetales\n|-damage|p1a: Ninetales|36\/100\n|-heal|p2a: Sinistcha|83\/100|[from] drain|[of] p1a: Ninetales\n|\n|-weather|Snow|[upkeep]\n|upkeep\n|turn|8\n|j| DukeStarr\n|\n|t:|1700268981\n|switch|p1a: Rillaboom|Rillaboom, F|100\/100\n|-damage|p1a: Rillaboom|88\/100|[from] Stealth Rock\n|-fieldstart|move: Grassy Terrain|[from] ability: Grassy Surge|[of] p1a: Rillaboom\n|switch|p2a: Tyranitar|Tyranitar, F|100\/100\n|-weather|Sandstorm|[from] ability: Sand Stream|[of] p2a: Tyranitar\n|\n|-weather|Sandstorm|[upkeep]\n|-damage|p1a: Rillaboom|82\/100|[from] Sandstorm\n|-heal|p1a: Rillaboom|88\/100|[from] Grassy Terrain\n|upkeep\n|turn|9\n|\n|t:|1700268984\n|switch|p2a: Heatran|Heatran, M|94\/100\n|move|p1a: Rillaboom|U-turn|p2a: Heatran\n|-resisted|p2a: Heatran\n|-damage|p2a: Heatran|88\/100\n|\n|t:|1700268989\n|switch|p1a: Sneasler|Sneasler, F|100\/100|[from] U-turn\n|-damage|p1a: Sneasler|95\/100|[from] Stealth Rock\n|-enditem|p1a: Sneasler|Grassy Seed\n|-boost|p1a: Sneasler|def|1|[from] item: Grassy Seed\n|\n|-weather|Sandstorm|[upkeep]\n|-damage|p1a: Sneasler|89\/100|[from] Sandstorm\n|-heal|p1a: Sneasler|95\/100|[from] Grassy Terrain\n|-heal|p2a: Heatran|95\/100|[from] Grassy Terrain\n|upkeep\n|turn|10\n|\n|t:|1700268997\n|move|p1a: Sneasler|Close Combat|p2a: Heatran\n|-supereffective|p2a: Heatran\n|-damage|p2a: Heatran|0 fnt\n|-unboost|p1a: Sneasler|def|1\n|-unboost|p1a: Sneasler|spd|1\n|faint|p2a: Heatran\n|\n|-weather|Sandstorm|[upkeep]\n|-damage|p1a: Sneasler|89\/100|[from] Sandstorm\n|-heal|p1a: Sneasler|95\/100|[from] Grassy Terrain\n|upkeep\n|\n|t:|1700269010\n|switch|p2a: Sinistcha|Sinistcha-Masterpiece|83\/100\n|turn|11\n|\n|t:|1700269017\n|-terastallize|p1a: Sneasler|Flying\n|move|p1a: Sneasler|Acrobatics|p2a: Sinistcha\n|-supereffective|p2a: Sinistcha\n|-damage|p2a: Sinistcha|5\/100\n|move|p2a: Sinistcha|Matcha Gotcha|p1a: Sneasler\n|-resisted|p1a: Sneasler\n|-damage|p1a: Sneasler|51\/100\n|-heal|p2a: Sinistcha|24\/100|[from] drain|[of] p1a: Sneasler\n|\n|-weather|Sandstorm|[upkeep]\n|-damage|p1a: Sneasler|45\/100|[from] Sandstorm\n|-damage|p2a: Sinistcha|18\/100|[from] Sandstorm\n|-heal|p2a: Sinistcha|24\/100|[from] Grassy Terrain\n|upkeep\n|turn|12\n|\n|t:|1700269045\n|move|p1a: Sneasler|Acrobatics|p2a: Sinistcha\n|-supereffective|p2a: Sinistcha\n|-damage|p2a: Sinistcha|0 fnt\n|faint|p2a: Sinistcha\n|\n|-weather|none\n|upkeep\n|\n|t:|1700269053\n|switch|p2a: Rillaboom|Rillaboom, F, shiny|100\/100\n|turn|13\n|\n|t:|1700269057\n|-terastallize|p2a: Rillaboom|Grass\n|move|p2a: Rillaboom|Grassy Glide|p1a: Sneasler\n|-resisted|p1a: Sneasler\n|-damage|p1a: Sneasler|0 fnt\n|faint|p1a: Sneasler\n|\n|upkeep\n|\n|t:|1700269064\n|switch|p1a: Rillaboom|Rillaboom, F|88\/100\n|-damage|p1a: Rillaboom|76\/100|[from] Stealth Rock\n|turn|14\n|\n|t:|1700269067\n|switch|p2a: Sneasler|Sneasler, F, shiny|100\/100\n|move|p1a: Rillaboom|U-turn|p2a: Sneasler\n|-resisted|p2a: Sneasler\n|-damage|p2a: Sneasler|91\/100\n|\n|t:|1700269070\n|switch|p1a: Iron Moth|Iron Moth|100\/100|[from] U-turn\n|-damage|p1a: Iron Moth|76\/100|[from] Stealth Rock\n|\n|-heal|p2a: Sneasler|97\/100|[from] Grassy Terrain\n|-heal|p1a: Iron Moth|82\/100|[from] Grassy Terrain\n|upkeep\n|turn|15\n|\n|t:|1700269074\n|move|p2a: Sneasler|Fake Out|p1a: Iron Moth\n|-damage|p1a: Iron Moth|60\/100\n|cant|p1a: Iron Moth|flinch\n|\n|-heal|p2a: Sneasler|100\/100|[from] Grassy Terrain\n|-heal|p1a: Iron Moth|66\/100|[from] Grassy Terrain\n|-fieldend|move: Grassy Terrain\n|upkeep\n|turn|16\n|\n|t:|1700269077\n|move|p2a: Sneasler|U-turn|p1a: Iron Moth\n|-resisted|p1a: Iron Moth\n|-damage|p1a: Iron Moth|57\/100\n|\n|t:|1700269080\n|switch|p2a: Tyranitar|Tyranitar, F|100\/100|[from] U-turn\n|-weather|Sandstorm|[from] ability: Sand Stream|[of] p2a: Tyranitar\n|move|p1a: Iron Moth|Energy Ball|p2a: Tyranitar\n|-supereffective|p2a: Tyranitar\n|-damage|p2a: Tyranitar|72\/100\n|\n|-weather|Sandstorm|[upkeep]\n|-damage|p1a: Iron Moth|51\/100|[from] Sandstorm\n|upkeep\n|turn|17\n|\n|t:|1700269087\n|-end|p1a: Iron Moth|Quark Drive|[silent]\n|switch|p1a: Great Tusk|Great Tusk|92\/100\n|-damage|p1a: Great Tusk|89\/100|[from] Stealth Rock\n|move|p2a: Tyranitar|Ice Beam|p1a: Great Tusk\n|-supereffective|p1a: Great Tusk\n|-damage|p1a: Great Tusk|39\/100\n|\n|-weather|Sandstorm|[upkeep]\n|upkeep\n|turn|18\n|\n|t:|1700269098\n|move|p1a: Great Tusk|Rapid Spin|p2a: Tyranitar\n|-resisted|p2a: Tyranitar\n|-damage|p2a: Tyranitar|66\/100\n|-boost|p1a: Great Tusk|spe|1\n|-sideend|p1: Niknak841|Stealth Rock|[from] move: Rapid Spin|[of] p1a: Great Tusk\n|move|p2a: Tyranitar|Ice Beam|p1a: Great Tusk\n|-supereffective|p1a: Great Tusk\n|-damage|p1a: Great Tusk|0 fnt\n|faint|p1a: Great Tusk\n|-end|p1a: Great Tusk|Protosynthesis|[silent]\n|\n|-weather|Sandstorm|[upkeep]\n|upkeep\n|\n|t:|1700269100\n|switch|p1a: Ninetales|Ninetales-Alola, M|36\/100\n|-weather|Snow|[from] ability: Snow Warning|[of] p1a: Ninetales\n|turn|19\n|\n|t:|1700269116\n|move|p1a: Ninetales|Aurora Veil|p1a: Ninetales\n|-sidestart|p1: Niknak841|move: Aurora Veil\n|move|p2a: Tyranitar|Knock Off|p1a: Ninetales\n|-resisted|p1a: Ninetales\n|-damage|p1a: Ninetales|23\/100\n|-enditem|p1a: Ninetales|Light Clay|[from] move: Knock Off|[of] p2a: Tyranitar\n|\n|-weather|Snow|[upkeep]\n|upkeep\n|turn|20\n|\n|t:|1700269120\n|switch|p1a: Rillaboom|Rillaboom, F|76\/100\n|-fieldstart|move: Grassy Terrain|[from] ability: Grassy Surge|[of] p1a: Rillaboom\n|switch|p2a: Sneasler|Sneasler, F, shiny|100\/100\n|\n|-weather|Snow|[upkeep]\n|-heal|p1a: Rillaboom|82\/100|[from] Grassy Terrain\n|upkeep\n|turn|21\n|\n|t:|1700269126\n|move|p2a: Sneasler|Fake Out|p1a: Rillaboom\n|-damage|p1a: Rillaboom|74\/100\n|cant|p1a: Rillaboom|flinch\n|\n|-weather|Snow|[upkeep]\n|-heal|p1a: Rillaboom|81\/100|[from] Grassy Terrain\n|upkeep\n|turn|22\n|\n|t:|1700269131\n|move|p2a: Sneasler|Dire Claw|p1a: Rillaboom\n|-supereffective|p1a: Rillaboom\n|-damage|p1a: Rillaboom|36\/100\n|-status|p1a: Rillaboom|slp\n|cant|p1a: Rillaboom|slp\n|\n|-weather|Snow|[upkeep]\n|-heal|p1a: Rillaboom|42\/100 slp|[from] Grassy Terrain\n|upkeep\n|turn|23\n|\n|t:|1700269139\n|switch|p2a: Tyranitar|Tyranitar, F|66\/100\n|-weather|Sandstorm|[from] ability: Sand Stream|[of] p2a: Tyranitar\n|switch|p1a: Manaphy|Manaphy|100\/100\n|\n|-weather|Sandstorm|[upkeep]\n|-damage|p1a: Manaphy|94\/100|[from] Sandstorm\n|-heal|p1a: Manaphy|100\/100|[from] Grassy Terrain\n|-heal|p2a: Tyranitar|73\/100|[from] Grassy Terrain\n|upkeep\n|turn|24\n|\n|t:|1700269147\n|move|p1a: Manaphy|Scald|p2a: Tyranitar\n|-supereffective|p2a: Tyranitar\n|-damage|p2a: Tyranitar|36\/100\n|-status|p2a: Tyranitar|brn\n|move|p2a: Tyranitar|Knock Off|p1a: Manaphy\n|-damage|p1a: Manaphy|89\/100\n|-enditem|p1a: Manaphy|Leftovers|[from] move: Knock Off|[of] p2a: Tyranitar\n|\n|-weather|Sandstorm|[upkeep]\n|-damage|p1a: Manaphy|83\/100|[from] Sandstorm\n|-heal|p1a: Manaphy|89\/100|[from] Grassy Terrain\n|-heal|p2a: Tyranitar|43\/100 brn|[from] Grassy Terrain\n|-damage|p2a: Tyranitar|36\/100 brn|[from] brn\n|upkeep\n|turn|25\n|\n|t:|1700269155\n|switch|p2a: Sneasler|Sneasler, F, shiny|100\/100\n|move|p1a: Manaphy|Acid Armor|p1a: Manaphy\n|-boost|p1a: Manaphy|def|2\n|\n|-weather|Sandstorm|[upkeep]\n|-damage|p2a: Sneasler|95\/100|[from] Sandstorm\n|-damage|p1a: Manaphy|83\/100|[from] Sandstorm\n|-heal|p2a: Sneasler|100\/100|[from] Grassy Terrain\n|-heal|p1a: Manaphy|89\/100|[from] Grassy Terrain\n|upkeep\n|turn|26\n|\n|t:|1700269158\n|move|p2a: Sneasler|Fake Out|p1a: Manaphy\n|-damage|p1a: Manaphy|86\/100\n|-status|p1a: Manaphy|psn|[from] ability: Poison Touch|[of] p2a: Sneasler\n|cant|p1a: Manaphy|flinch\n|\n|-weather|Sandstorm|[upkeep]\n|-damage|p2a: Sneasler|95\/100|[from] Sandstorm\n|-damage|p1a: Manaphy|80\/100 psn|[from] Sandstorm\n|-heal|p2a: Sneasler|100\/100|[from] Grassy Terrain\n|-heal|p1a: Manaphy|86\/100 psn|[from] Grassy Terrain\n|-damage|p1a: Manaphy|74\/100 psn|[from] psn\n|-sideend|p1: Niknak841|move: Aurora Veil\n|upkeep\n|turn|27\n|\n|t:|1700269161\n|move|p2a: Sneasler|U-turn|p1a: Manaphy\n|-damage|p1a: Manaphy|64\/100 psn\n|\n|t:|1700269162\n|switch|p2a: Samurott|Samurott-Hisui, F|100\/100|[from] U-turn\n|move|p1a: Manaphy|Take Heart|p1a: Manaphy\n|-boost|p1a: Manaphy|spa|1\n|-boost|p1a: Manaphy|spd|1\n|-curestatus|p1a: Manaphy|psn|[msg]\n|\n|-weather|none\n|-heal|p1a: Manaphy|70\/100|[from] Grassy Terrain\n|-fieldend|move: Grassy Terrain\n|upkeep\n|turn|28\n|\n|t:|1700269166\n|move|p2a: Samurott|Encore|p1a: Manaphy\n|-start|p1a: Manaphy|Encore\n|move|p1a: Manaphy|Take Heart|p1a: Manaphy\n|-boost|p1a: Manaphy|spa|1\n|-boost|p1a: Manaphy|spd|1\n|\n|upkeep\n|turn|29\n|\n|t:|1700269171\n|switch|p1a: Ninetales|Ninetales-Alola, M|23\/100\n|-weather|Snow|[from] ability: Snow Warning|[of] p1a: Ninetales\n|move|p2a: Samurott|Ceaseless Edge|p1a: Ninetales\n|-resisted|p1a: Ninetales\n|-damage|p1a: Ninetales|0 fnt\n|-sidestart|p1: Niknak841|Spikes\n|faint|p1a: Ninetales\n|\n|-weather|Snow|[upkeep]\n|upkeep\n|\n|t:|1700269174\n|switch|p1a: Iron Moth|Iron Moth|51\/100\n|-damage|p1a: Iron Moth|38\/100|[from] Spikes\n|turn|30\n|\n|t:|1700269180\n|switch|p2a: Tyranitar|Tyranitar, F|36\/100 brn\n|-weather|Sandstorm|[from] ability: Sand Stream|[of] p2a: Tyranitar\n|move|p1a: Iron Moth|Energy Ball|p2a: Tyranitar\n|-supereffective|p2a: Tyranitar\n|-damage|p2a: Tyranitar|3\/100 brn\n|\n|-weather|Sandstorm|[upkeep]\n|-damage|p1a: Iron Moth|32\/100|[from] Sandstorm\n|-damage|p2a: Tyranitar|0 fnt|[from] brn\n|faint|p2a: Tyranitar\n|upkeep\n|\n|t:|1700269186\n|switch|p2a: Sneasler|Sneasler, F, shiny|100\/100\n|turn|31\n|\n|t:|1700269189\n|-end|p1a: Iron Moth|Quark Drive|[silent]\n|switch|p1a: Rillaboom|Rillaboom, F|42\/100 slp\n|-damage|p1a: Rillaboom|30\/100 slp|[from] Spikes\n|-fieldstart|move: Grassy Terrain|[from] ability: Grassy Surge|[of] p1a: Rillaboom\n|move|p2a: Sneasler|Fake Out|p1a: Rillaboom\n|-damage|p1a: Rillaboom|15\/100 slp\n|\n|-weather|Sandstorm|[upkeep]\n|-damage|p2a: Sneasler|95\/100|[from] Sandstorm\n|-damage|p1a: Rillaboom|9\/100 slp|[from] Sandstorm\n|-heal|p2a: Sneasler|100\/100|[from] Grassy Terrain\n|-heal|p1a: Rillaboom|15\/100 slp|[from] Grassy Terrain\n|upkeep\n|turn|32\n|\n|t:|1700269193\n|-curestatus|p1a: Rillaboom|slp|[msg]\n|move|p1a: Rillaboom|Grassy Glide|p2a: Sneasler\n|-resisted|p2a: Sneasler\n|-damage|p2a: Sneasler|72\/100\n|move|p2a: Sneasler|Dire Claw|p1a: Rillaboom\n|-supereffective|p1a: Rillaboom\n|-damage|p1a: Rillaboom|0 fnt\n|faint|p1a: Rillaboom\n|\n|-weather|Sandstorm|[upkeep]\n|-damage|p2a: Sneasler|66\/100|[from] Sandstorm\n|-heal|p2a: Sneasler|72\/100|[from] Grassy Terrain\n|upkeep\n|\n|t:|1700269195\n|switch|p1a: Manaphy|Manaphy|70\/100\n|-damage|p1a: Manaphy|58\/100|[from] Spikes\n|turn|33\n|\n|t:|1700269202\n|switch|p1a: Iron Moth|Iron Moth|32\/100\n|-damage|p1a: Iron Moth|20\/100|[from] Spikes\n|move|p2a: Sneasler|Dire Claw|p1a: Iron Moth\n|-resisted|p1a: Iron Moth\n|-damage|p1a: Iron Moth|0 fnt\n|faint|p1a: Iron Moth\n|-end|p1a: Iron Moth|Quark Drive|[silent]\n|\n|-weather|Sandstorm|[upkeep]\n|-damage|p2a: Sneasler|66\/100|[from] Sandstorm\n|-heal|p2a: Sneasler|72\/100|[from] Grassy Terrain\n|upkeep\n|-message|Niknak841 forfeited.\n|\n|win|Aggron\n|raw|Niknak841's rating: 1748 &rarr; <strong>1738<\/strong><br \/>(-10 for losing)\n|raw|Aggron's rating: 1942 &rarr; <strong>1952<\/strong><br \/>(+10 for winning)\n|l|\u2606Niknak841\n","uploadtime":1700269214,"views":19,"p1id":"niknak841","p2id":"aggron","formatid":"gen9ou","rating":1738,"private":0,"password":""}