{"id":"gen9ou-1996747255","p1":"Vivilia7982","p2":"Berrybeans","format":"[Gen 9] OU","log":"|j|\u2606Vivilia7982\n|j|\u2606Berrybeans\n|t:|1700718383\n|gametype|singles\n|player|p1|Vivilia7982|backersf|\n|player|p2|Berrybeans|candice|\n|teamsize|p1|6\n|teamsize|p2|6\n|gen|9\n|tier|[Gen 9] OU\n|rule|Sleep Clause Mod: Limit one foe put to sleep\n|rule|Species Clause: Limit one of each Pok\u00e9mon\n|rule|OHKO Clause: OHKO moves are banned\n|rule|Evasion Items Clause: Evasion items are banned\n|rule|Evasion Moves Clause: Evasion moves are banned\n|rule|Endless Battle Clause: Forcing endless battles is banned\n|rule|HP Percentage Mod: HP is shown in percentages\n|clearpoke\n|poke|p1|Torkoal, F|\n|poke|p1|Armarouge, F|\n|poke|p1|Lilligant-Hisui, F|\n|poke|p1|Victreebel, F|\n|poke|p1|Goodra-Hisui, F|\n|poke|p1|Alomomola, F|\n|poke|p2|Glimmora, M|\n|poke|p2|Dragonite, M|\n|poke|p2|Landorus-Therian, M|\n|poke|p2|Kingambit, M|\n|poke|p2|Rillaboom, M|\n|poke|p2|Ogerpon-Wellspring, F|\n|teampreview\n|inactive|Battle timer is ON: inactive players will automatically lose when time's up. (requested by Vivilia7982)\n|c|\u2606Berrybeans|glhf\n|c|\u2606Vivilia7982|Glhf\n|inactive|Vivilia7982 has 270 seconds left.\n|\n|t:|1700718416\n|start\n|switch|p1a: Goodra|Goodra-Hisui, F|100\/100\n|switch|p2a: Glimmora|Glimmora, M|100\/100\n|turn|1\n|\n|t:|1700718421\n|move|p2a: Glimmora|Earth Power|p1a: Goodra\n|-supereffective|p1a: Goodra\n|-damage|p1a: Goodra|65\/100\n|move|p1a: Goodra|Flash Cannon|p2a: Glimmora\n|-supereffective|p2a: Glimmora\n|-damage|p2a: Glimmora|26\/100\n|\n|-heal|p1a: Goodra|71\/100|[from] item: Leftovers\n|upkeep\n|turn|2\n|\n|t:|1700718430\n|switch|p2a: Landorus|Landorus-Therian, M|100\/100\n|-ability|p2a: Landorus|Intimidate|boost\n|-unboost|p1a: Goodra|atk|1\n|move|p1a: Goodra|Flash Cannon|p2a: Landorus\n|-damage|p2a: Landorus|60\/100\n|\n|-heal|p1a: Goodra|77\/100|[from] item: Leftovers\n|upkeep\n|turn|3\n|\n|t:|1700718438\n|switch|p1a: Alomomola|Alomomola, F|100\/100\n|move|p2a: Landorus|Earthquake|p1a: Alomomola\n|-damage|p1a: Alomomola|68\/100\n|\n|upkeep\n|turn|4\n|\n|t:|1700718448\n|switch|p2a: Rillaboom|Rillaboom, M|100\/100\n|-fieldstart|move: Grassy Terrain|[from] ability: Grassy Surge|[of] p2a: Rillaboom\n|move|p1a: Alomomola|Scald|p2a: Rillaboom\n|-resisted|p2a: Rillaboom\n|-damage|p2a: Rillaboom|95\/100\n|\n|-heal|p2a: Rillaboom|100\/100|[from] Grassy Terrain\n|-heal|p1a: Alomomola|74\/100|[from] Grassy Terrain\n|upkeep\n|turn|5\n|\n|t:|1700718459\n|switch|p1a: Goodra|Goodra-Hisui, F|77\/100\n|move|p2a: Rillaboom|Taunt|p1a: Goodra\n|-start|p1a: Goodra|move: Taunt\n|\n|-heal|p1a: Goodra|83\/100|[from] Grassy Terrain\n|-heal|p1a: Goodra|89\/100|[from] item: Leftovers\n|upkeep\n|turn|6\n|\n|t:|1700718464\n|move|p2a: Rillaboom|U-turn|p1a: Goodra\n|-resisted|p1a: Goodra\n|-damage|p1a: Goodra|76\/100\n|-damage|p2a: Rillaboom|91\/100|[from] item: Life Orb\n|\n|t:|1700718479\n|switch|p2a: Dragonite|Dragonite, M|100\/100|[from] U-turn\n|move|p1a: Goodra|Flamethrower|p2a: Dragonite\n|-resisted|p2a: Dragonite\n|-damage|p2a: Dragonite|95\/100\n|\n|-heal|p1a: Goodra|82\/100|[from] Grassy Terrain\n|-heal|p1a: Goodra|88\/100|[from] item: Leftovers\n|upkeep\n|turn|7\n|\n|t:|1700718484\n|move|p2a: Dragonite|Dragon Dance|p2a: Dragonite\n|-boost|p2a: Dragonite|atk|1\n|-boost|p2a: Dragonite|spe|1\n|move|p1a: Goodra|Draco Meteor|p2a: Dragonite\n|-supereffective|p2a: Dragonite\n|-damage|p2a: Dragonite|0 fnt\n|-unboost|p1a: Goodra|spa|2\n|faint|p2a: Dragonite\n|\n|-heal|p1a: Goodra|94\/100|[from] Grassy Terrain\n|-heal|p1a: Goodra|99\/100|[from] item: Leftovers\n|-end|p1a: Goodra|move: Taunt\n|upkeep\n|\n|t:|1700718492\n|switch|p2a: Rillaboom|Rillaboom, M|91\/100\n|turn|8\n|\n|t:|1700718502\n|switch|p1a: Torkoal|Torkoal, F|100\/100\n|-weather|SunnyDay|[from] ability: Drought|[of] p1a: Torkoal\n|move|p2a: Rillaboom|High Horsepower|p1a: Torkoal\n|-supereffective|p1a: Torkoal\n|-damage|p1a: Torkoal|57\/100\n|-damage|p2a: Rillaboom|81\/100|[from] item: Life Orb\n|\n|-weather|SunnyDay|[upkeep]\n|-heal|p2a: Rillaboom|87\/100|[from] Grassy Terrain\n|-heal|p1a: Torkoal|63\/100|[from] Grassy Terrain\n|-fieldend|move: Grassy Terrain\n|upkeep\n|turn|9\n|\n|t:|1700718514\n|switch|p2a: Ogerpon|Ogerpon-Wellspring, F|100\/100\n|move|p1a: Torkoal|Lava Plume|p2a: Ogerpon\n|-damage|p2a: Ogerpon|58\/100\n|\n|-weather|SunnyDay|[upkeep]\n|upkeep\n|turn|10\n|\n|t:|1700718523\n|switch|p1a: Goodra|Goodra-Hisui, F|99\/100\n|-terastallize|p2a: Ogerpon|Water\n|detailschange|p2a: Ogerpon|Ogerpon-Wellspring-Tera, F, tera:Water\n|-ability|p2a: Ogerpon|Embody Aspect (Wellspring)|boost\n|-boost|p2a: Ogerpon|spd|1\n|move|p2a: Ogerpon|Ivy Cudgel|p1a: Goodra|[anim] Ivy Cudgel Water\n|-resisted|p1a: Goodra\n|-damage|p1a: Goodra|85\/100\n|\n|-weather|SunnyDay|[upkeep]\n|-heal|p1a: Goodra|91\/100|[from] item: Leftovers\n|upkeep\n|turn|11\n|\n|t:|1700718529\n|switch|p2a: Rillaboom|Rillaboom, M|87\/100\n|-fieldstart|move: Grassy Terrain|[from] ability: Grassy Surge|[of] p2a: Rillaboom\n|move|p1a: Goodra|Draco Meteor|p2a: Rillaboom\n|-damage|p2a: Rillaboom|44\/100\n|-unboost|p1a: Goodra|spa|2\n|\n|-weather|SunnyDay|[upkeep]\n|-heal|p2a: Rillaboom|50\/100|[from] Grassy Terrain\n|-heal|p1a: Goodra|97\/100|[from] Grassy Terrain\n|-heal|p1a: Goodra|100\/100|[from] item: Leftovers\n|upkeep\n|turn|12\n|\n|t:|1700718541\n|move|p2a: Rillaboom|U-turn|p1a: Goodra\n|-resisted|p1a: Goodra\n|-damage|p1a: Goodra|88\/100\n|-damage|p2a: Rillaboom|40\/100|[from] item: Life Orb\n|\n|t:|1700718545\n|switch|p2a: Landorus|Landorus-Therian, M|60\/100|[from] U-turn\n|-ability|p2a: Landorus|Intimidate|boost\n|-unboost|p1a: Goodra|atk|1\n|move|p1a: Goodra|Flamethrower|p2a: Landorus\n|-damage|p2a: Landorus|38\/100\n|\n|-weather|SunnyDay|[upkeep]\n|-heal|p1a: Goodra|94\/100|[from] Grassy Terrain\n|-heal|p1a: Goodra|99\/100|[from] item: Leftovers\n|upkeep\n|turn|13\n|\n|t:|1700718560\n|switch|p1a: Victreebel|Victreebel, F|100\/100\n|move|p2a: Landorus|Earthquake|p1a: Victreebel\n|-damage|p1a: Victreebel|55\/100\n|\n|-weather|SunnyDay|[upkeep]\n|-heal|p1a: Victreebel|61\/100|[from] Grassy Terrain\n|upkeep\n|turn|14\n|\n|t:|1700718570\n|switch|p2a: Rillaboom|Rillaboom, M|40\/100\n|move|p1a: Victreebel|Solar Beam||[still]\n|-prepare|p1a: Victreebel|Solar Beam\n|-anim|p1a: Victreebel|Solar Beam|p2a: Rillaboom\n|-resisted|p2a: Rillaboom\n|-crit|p2a: Rillaboom\n|-damage|p2a: Rillaboom|0 fnt\n|faint|p2a: Rillaboom\n|-damage|p1a: Victreebel|51\/100|[from] item: Life Orb\n|\n|-weather|SunnyDay|[upkeep]\n|-heal|p1a: Victreebel|57\/100|[from] Grassy Terrain\n|upkeep\n|\n|t:|1700718577\n|switch|p2a: Kingambit|Kingambit, M|100\/100\n|-activate|p2a: Kingambit|ability: Supreme Overlord\n|-start|p2a: Kingambit|fallen2|[silent]\n|turn|15\n|\n|t:|1700718593\n|switch|p1a: Alomomola|Alomomola, F|100\/100\n|move|p2a: Kingambit|Kowtow Cleave|p1a: Alomomola\n|-damage|p1a: Alomomola|68\/100\n|-damage|p2a: Kingambit|84\/100|[from] item: Rocky Helmet|[of] p1a: Alomomola\n|\n|-weather|none\n|-heal|p1a: Alomomola|74\/100|[from] Grassy Terrain\n|-heal|p2a: Kingambit|90\/100|[from] Grassy Terrain\n|-heal|p2a: Kingambit|96\/100|[from] item: Leftovers\n|-fieldend|move: Grassy Terrain\n|upkeep\n|turn|16\n|\n|t:|1700718605\n|move|p1a: Alomomola|Flip Turn|p2a: Kingambit\n|-damage|p2a: Kingambit|86\/100\n|\n|t:|1700718616\n|switch|p1a: Torkoal|Torkoal, F|63\/100|[from] Flip Turn\n|-weather|SunnyDay|[from] ability: Drought|[of] p1a: Torkoal\n|move|p2a: Kingambit|Swords Dance|p2a: Kingambit\n|-boost|p2a: Kingambit|atk|2\n|\n|-weather|SunnyDay|[upkeep]\n|-heal|p2a: Kingambit|92\/100|[from] item: Leftovers\n|upkeep\n|turn|17\n|\n|t:|1700718633\n|move|p2a: Kingambit|Kowtow Cleave|p1a: Torkoal\n|-damage|p1a: Torkoal|0 fnt\n|faint|p1a: Torkoal\n|\n|-weather|SunnyDay|[upkeep]\n|-heal|p2a: Kingambit|98\/100|[from] item: Leftovers\n|upkeep\n|\n|t:|1700718645\n|switch|p1a: Goodra|Goodra-Hisui, F|99\/100\n|turn|18\n|\n|t:|1700718651\n|move|p1a: Goodra|Flamethrower|p2a: Kingambit\n|-supereffective|p2a: Kingambit\n|-damage|p2a: Kingambit|37\/100\n|move|p2a: Kingambit|Kowtow Cleave|p1a: Goodra\n|-damage|p1a: Goodra|0 fnt\n|faint|p1a: Goodra\n|\n|-weather|SunnyDay|[upkeep]\n|-heal|p2a: Kingambit|44\/100|[from] item: Leftovers\n|upkeep\n|inactive|Vivilia7982 has 270 seconds left.\n|\n|t:|1700718691\n|switch|p1a: Lilligant|Lilligant-Hisui, F|100\/100\n|turn|19\n|\n|t:|1700718697\n|-end|p2a: Kingambit|fallen2|[silent]\n|switch|p2a: Landorus|Landorus-Therian, M|38\/100\n|-ability|p2a: Landorus|Intimidate|boost\n|-unboost|p1a: Lilligant|atk|1\n|move|p1a: Lilligant|Close Combat|p2a: Landorus\n|-resisted|p2a: Landorus\n|-damage|p2a: Landorus|4\/100\n|-unboost|p1a: Lilligant|def|1\n|-unboost|p1a: Lilligant|spd|1\n|\n|-weather|SunnyDay|[upkeep]\n|upkeep\n|turn|20\n|\n|t:|1700718709\n|move|p1a: Lilligant|Close Combat|p2a: Landorus\n|-resisted|p2a: Landorus\n|-damage|p2a: Landorus|0 fnt\n|-unboost|p1a: Lilligant|def|1\n|-unboost|p1a: Lilligant|spd|1\n|faint|p2a: Landorus\n|\n|-weather|SunnyDay|[upkeep]\n|upkeep\n|\n|t:|1700718718\n|switch|p2a: Kingambit|Kingambit, M|44\/100\n|-activate|p2a: Kingambit|ability: Supreme Overlord\n|-start|p2a: Kingambit|fallen3|[silent]\n|turn|21\n|\n|t:|1700718723\n|switch|p1a: Alomomola|Alomomola, F|100\/100\n|move|p2a: Kingambit|Sucker Punch||[still]\n|-fail|p2a: Kingambit\n|\n|-weather|SunnyDay|[upkeep]\n|-heal|p2a: Kingambit|50\/100|[from] item: Leftovers\n|upkeep\n|turn|22\n|\n|t:|1700718732\n|-end|p2a: Kingambit|fallen3|[silent]\n|switch|p2a: Ogerpon|Ogerpon-Wellspring-Tera, F, tera:Water|58\/100\n|-ability|p2a: Ogerpon|Embody Aspect (Wellspring)|boost\n|-boost|p2a: Ogerpon|spd|1\n|move|p1a: Alomomola|Flip Turn|p2a: Ogerpon\n|-resisted|p2a: Ogerpon\n|-damage|p2a: Ogerpon|54\/100\n|\n|t:|1700718737\n|switch|p1a: Lilligant|Lilligant-Hisui, F|100\/100|[from] Flip Turn\n|\n|-weather|SunnyDay|[upkeep]\n|upkeep\n|turn|23\n|\n|t:|1700718744\n|switch|p2a: Glimmora|Glimmora, M|26\/100\n|move|p1a: Lilligant|Close Combat|p2a: Glimmora\n|-damage|p2a: Glimmora|0 fnt\n|-unboost|p1a: Lilligant|def|1\n|-unboost|p1a: Lilligant|spd|1\n|-activate|p2a: Glimmora|ability: Toxic Debris\n|-sidestart|p1: Vivilia7982|move: Toxic Spikes\n|faint|p2a: Glimmora\n|\n|-weather|none\n|upkeep\n|\n|t:|1700718752\n|switch|p2a: Ogerpon|Ogerpon-Wellspring-Tera, F, tera:Water|54\/100\n|-ability|p2a: Ogerpon|Embody Aspect (Wellspring)|boost\n|-boost|p2a: Ogerpon|spd|1\n|turn|24\n|inactive|Vivilia7982 has 270 seconds left.\n|\n|t:|1700718784\n|move|p2a: Ogerpon|Horn Leech|p1a: Lilligant\n|-resisted|p1a: Lilligant\n|-damage|p1a: Lilligant|52\/100\n|-heal|p2a: Ogerpon|77\/100|[from] drain|[of] p1a: Lilligant\n|move|p1a: Lilligant|Close Combat|p2a: Ogerpon\n|-damage|p2a: Ogerpon|0 fnt\n|-unboost|p1a: Lilligant|def|1\n|-unboost|p1a: Lilligant|spd|1\n|faint|p2a: Ogerpon\n|\n|upkeep\n|\n|t:|1700718793\n|switch|p2a: Kingambit|Kingambit, M|50\/100\n|-activate|p2a: Kingambit|ability: Supreme Overlord\n|-start|p2a: Kingambit|fallen5|[silent]\n|turn|25\n|\n|t:|1700718801\n|move|p1a: Lilligant|Close Combat|p2a: Kingambit\n|-supereffective|p2a: Kingambit\n|-damage|p2a: Kingambit|0 fnt\n|-unboost|p1a: Lilligant|def|1\n|-unboost|p1a: Lilligant|spd|1\n|faint|p2a: Kingambit\n|-end|p2a: Kingambit|fallen5|[silent]\n|\n|win|Vivilia7982\n|c|\u2606Vivilia7982|Gg\n|c|\u2606Berrybeans|gg\n","uploadtime":1700718810,"views":10,"p1id":"vivilia7982","p2id":"berrybeans","formatid":"gen9ou","rating":0,"private":0,"password":""}