{"id":"gen9ou-1992057148","p1":"Ramona Te amo","p2":"WillDaFoe","format":"[Gen 9] OU","log":"|j|\u2606Ramona Te amo\n|j|\u2606WillDaFoe\n|t:|1700151485\n|gametype|singles\n|player|p1|Ramona Te amo|ingo|1241\n|player|p2|WillDaFoe|266|1321\n|teamsize|p1|6\n|teamsize|p2|6\n|gen|9\n|tier|[Gen 9] OU\n|rated|\n|rule|Sleep Clause Mod: Limit one foe put to sleep\n|rule|Species Clause: Limit one of each Pok\u00e9mon\n|rule|OHKO Clause: OHKO moves are banned\n|rule|Evasion Items Clause: Evasion items are banned\n|rule|Evasion Moves Clause: Evasion moves are banned\n|rule|Endless Battle Clause: Forcing endless battles is banned\n|rule|HP Percentage Mod: HP is shown in percentages\n|clearpoke\n|poke|p1|Samurott-Hisui, F|\n|poke|p1|Ceruledge, F|\n|poke|p1|Thundurus-Therian, M|\n|poke|p1|Amoonguss, M|\n|poke|p1|Great Tusk|\n|poke|p1|Gholdengo|\n|poke|p2|Arcanine-Hisui, M|\n|poke|p2|Glimmora, M|\n|poke|p2|Dragonite, M|\n|poke|p2|Iron Moth|\n|poke|p2|Kingambit, M|\n|poke|p2|Walking Wake|\n|teampreview\n|inactive|Battle timer is ON: inactive players will automatically lose when time's up. (requested by WillDaFoe)\n|\n|t:|1700151501\n|start\n|switch|p1a: Sekiro|Samurott-Hisui, F, shiny|100\/100\n|switch|p2a: Glimmora|Glimmora, M|100\/100\n|turn|1\n|\n|t:|1700151522\n|move|p1a: Sekiro|Flip Turn|p2a: Glimmora\n|-supereffective|p2a: Glimmora\n|-damage|p2a: Glimmora|30\/100\n|-activate|p2a: Glimmora|ability: Toxic Debris\n|-sidestart|p1: Ramona Te amo|move: Toxic Spikes\n|c|\u2606WillDaFoe|does she die twice?\n|\n|t:|1700151529\n|switch|p1a: Amanita Phalloides|Amoonguss, M, shiny|100\/100|[from] Flip Turn\n|-sideend|p1: Ramona Te amo|move: Toxic Spikes|[of] p1a: Amanita Phalloides\n|move|p2a: Glimmora|Stealth Rock|p1a: Amanita Phalloides\n|-sidestart|p1: Ramona Te amo|move: Stealth Rock\n|\n|upkeep\n|turn|2\n|c|\u2606Ramona Te amo|sure\n|\n|t:|1700151538\n|move|p2a: Glimmora|Earth Power|p1a: Amanita Phalloides\n|-damage|p1a: Amanita Phalloides|78\/100\n|-enditem|p1a: Amanita Phalloides|Red Card|[of] p2a: Glimmora\n|drag|p2a: Dragonite|Dragonite, M|100\/100\n|move|p1a: Amanita Phalloides|Giga Drain|p2a: Dragonite\n|-resisted|p2a: Dragonite\n|-damage|p2a: Dragonite|98\/100\n|-heal|p1a: Amanita Phalloides|79\/100|[from] drain|[of] p2a: Dragonite\n|\n|upkeep\n|turn|3\n|\n|t:|1700151554\n|move|p2a: Dragonite|Earthquake|p1a: Amanita Phalloides\n|-damage|p1a: Amanita Phalloides|45\/100\n|move|p1a: Amanita Phalloides|Spore|p2a: Dragonite\n|-status|p2a: Dragonite|slp|[from] move: Spore\n|\n|upkeep\n|turn|4\n|\n|t:|1700151567\n|switch|p1a: Dumbo|Great Tusk, shiny|100\/100\n|-damage|p1a: Dumbo|97\/100|[from] Stealth Rock\n|cant|p2a: Dragonite|slp\n|\n|-heal|p1a: Dumbo|100\/100|[from] item: Leftovers\n|upkeep\n|turn|5\n|\n|t:|1700151575\n|switch|p2a: Glimmora|Glimmora, M|30\/100\n|move|p1a: Dumbo|Rapid Spin|p2a: Glimmora\n|-resisted|p2a: Glimmora\n|-damage|p2a: Glimmora|21\/100\n|-boost|p1a: Dumbo|spe|1\n|-activate|p2a: Glimmora|ability: Toxic Debris\n|-sidestart|p1: Ramona Te amo|move: Toxic Spikes\n|-sideend|p1: Ramona Te amo|Toxic Spikes|[from] move: Rapid Spin|[of] p1a: Dumbo\n|-sideend|p1: Ramona Te amo|Stealth Rock|[from] move: Rapid Spin|[of] p1a: Dumbo\n|\n|upkeep\n|turn|6\n|\n|t:|1700151586\n|move|p1a: Dumbo|Earthquake|p2a: Glimmora\n|-supereffective|p2a: Glimmora\n|-damage|p2a: Glimmora|0 fnt\n|-activate|p2a: Glimmora|ability: Toxic Debris\n|-sidestart|p1: Ramona Te amo|move: Toxic Spikes\n|faint|p2a: Glimmora\n|\n|upkeep\n|\n|t:|1700151592\n|switch|p2a: Walking Wake|Walking Wake|100\/100\n|-enditem|p2a: Walking Wake|Booster Energy\n|-activate|p2a: Walking Wake|ability: Protosynthesis|[fromitem]\n|-start|p2a: Walking Wake|protosynthesisspa\n|turn|7\n|\n|t:|1700151596\n|-terastallize|p1a: Dumbo|Poison\n|move|p1a: Dumbo|Rapid Spin|p2a: Walking Wake\n|-damage|p2a: Walking Wake|86\/100\n|-boost|p1a: Dumbo|spe|1\n|-sideend|p1: Ramona Te amo|Toxic Spikes|[from] move: Rapid Spin|[of] p1a: Dumbo\n|move|p2a: Walking Wake|Hydro Steam|p1a: Dumbo\n|-damage|p1a: Dumbo|20\/100\n|\n|-heal|p1a: Dumbo|26\/100|[from] item: Leftovers\n|upkeep\n|turn|8\n|\n|t:|1700151607\n|move|p1a: Dumbo|Earthquake|p2a: Walking Wake\n|-damage|p2a: Walking Wake|41\/100\n|move|p2a: Walking Wake|Hydro Steam|p1a: Dumbo\n|-damage|p1a: Dumbo|0 fnt\n|faint|p1a: Dumbo\n|-end|p1a: Dumbo|Protosynthesis|[silent]\n|\n|upkeep\n|\n|t:|1700151615\n|switch|p1a: Thor|Thundurus-Therian, M, shiny|100\/100\n|turn|9\n|\n|t:|1700151620\n|move|p1a: Thor|Volt Switch|p2a: Walking Wake\n|-damage|p2a: Walking Wake|0 fnt\n|faint|p2a: Walking Wake\n|-end|p2a: Walking Wake|Protosynthesis|[silent]\n|\n|t:|1700151625\n|switch|p1a: Sekiro|Samurott-Hisui, F, shiny|100\/100|[from] Volt Switch\n|\n|upkeep\n|\n|t:|1700151633\n|switch|p2a: Dragonite|Dragonite, M|98\/100 slp\n|turn|10\n|\n|t:|1700151637\n|move|p1a: Sekiro|Flip Turn|p2a: Dragonite\n|-resisted|p2a: Dragonite\n|-damage|p2a: Dragonite|83\/100 slp\n|\n|t:|1700151644\n|switch|p1a: Thor|Thundurus-Therian, M, shiny|100\/100|[from] Flip Turn\n|cant|p2a: Dragonite|slp\n|\n|upkeep\n|turn|11\n|\n|t:|1700151652\n|move|p1a: Thor|Volt Switch|p2a: Dragonite\n|-damage|p2a: Dragonite|41\/100 slp\n|\n|t:|1700151657\n|switch|p1a: Kuzko|Gholdengo, shiny|100\/100|[from] Volt Switch\n|-curestatus|p2a: Dragonite|slp|[msg]\n|move|p2a: Dragonite|Roost|p2a: Dragonite\n|-heal|p2a: Dragonite|91\/100\n|-singleturn|p2a: Dragonite|move: Roost\n|\n|upkeep\n|turn|12\n|\n|t:|1700151673\n|move|p2a: Dragonite|Dragon Dance|p2a: Dragonite\n|-boost|p2a: Dragonite|atk|1\n|-boost|p2a: Dragonite|spe|1\n|move|p1a: Kuzko|Make It Rain|p2a: Dragonite\n|-damage|p2a: Dragonite|32\/100\n|-unboost|p1a: Kuzko|spa|1\n|\n|upkeep\n|turn|13\n|\n|t:|1700151686\n|move|p2a: Dragonite|Roost|p2a: Dragonite\n|-heal|p2a: Dragonite|83\/100\n|-singleturn|p2a: Dragonite|move: Roost\n|move|p1a: Kuzko|Make It Rain|p2a: Dragonite\n|-damage|p2a: Dragonite|45\/100\n|-unboost|p1a: Kuzko|spa|1\n|\n|upkeep\n|turn|14\n|\n|t:|1700151696\n|switch|p1a: Thor|Thundurus-Therian, M, shiny|100\/100\n|move|p2a: Dragonite|Roost|p2a: Dragonite\n|-heal|p2a: Dragonite|96\/100\n|-singleturn|p2a: Dragonite|move: Roost\n|\n|upkeep\n|turn|15\n|\n|t:|1700151706\n|move|p2a: Dragonite|Dragon Dance|p2a: Dragonite\n|-boost|p2a: Dragonite|atk|1\n|-boost|p2a: Dragonite|spe|1\n|move|p1a: Thor|Volt Switch|p2a: Dragonite\n|-damage|p2a: Dragonite|53\/100\n|\n|t:|1700151713\n|switch|p1a: Palpatin|Ceruledge, F, shiny|100\/100|[from] Volt Switch\n|\n|upkeep\n|turn|16\n|\n|t:|1700151717\n|move|p2a: Dragonite|Earthquake|p1a: Palpatin\n|-supereffective|p1a: Palpatin\n|-damage|p1a: Palpatin|0 fnt\n|faint|p1a: Palpatin\n|\n|upkeep\n|-message|Ramona Te amo forfeited.\n|\n|win|WillDaFoe\n|raw|Ramona Te amo's rating: 1241 &rarr; <strong>1222<\/strong><br \/>(-19 for losing)\n|raw|WillDaFoe's rating: 1321 &rarr; <strong>1336<\/strong><br \/>(+15 for winning)\n|l|\u2606Ramona Te amo\n","uploadtime":1700151737,"views":6,"p1id":"ramonateamo","p2id":"willdafoe","formatid":"gen9ou","rating":1222,"private":0,"password":""}