{"id":"gen9ou-1990899277","p1":"ziyi1117","p2":"FoulTarnished4","format":"[Gen 9] OU","log":"|j|\u2606ziyi1117\n|j|\u2606FoulTarnished4\n|t:|1700012873\n|gametype|singles\n|player|p1|ziyi1117|linebacker|1133\n|player|p2|FoulTarnished4|101|1092\n|teamsize|p1|6\n|teamsize|p2|6\n|gen|9\n|tier|[Gen 9] OU\n|rated|\n|rule|Sleep Clause Mod: Limit one foe put to sleep\n|rule|Species Clause: Limit one of each Pok\u00e9mon\n|rule|OHKO Clause: OHKO moves are banned\n|rule|Evasion Items Clause: Evasion items are banned\n|rule|Evasion Moves Clause: Evasion moves are banned\n|rule|Endless Battle Clause: Forcing endless battles is banned\n|rule|HP Percentage Mod: HP is shown in percentages\n|clearpoke\n|poke|p1|Great Tusk|\n|poke|p1|Mandibuzz, F|\n|poke|p1|Heatran, M|\n|poke|p1|Iron Valiant|\n|poke|p1|Gholdengo|\n|poke|p1|Greninja-*, M|\n|poke|p2|Dragonite, M|\n|poke|p2|Samurott-Hisui, F|\n|poke|p2|Garchomp, M|\n|poke|p2|Scizor, M|\n|poke|p2|Corviknight, M|\n|poke|p2|Iron Moth|\n|teampreview\n|\n|t:|1700012885\n|start\n|switch|p1a: Mandibuzz|Mandibuzz, F|100\/100\n|switch|p2a: Scizor|Scizor, M|100\/100\n|turn|1\n|\n|t:|1700012896\n|switch|p1a: Heatran|Heatran, M|100\/100\n|move|p2a: Scizor|Tailwind|p2a: Scizor\n|-sidestart|p2: FoulTarnished4|move: Tailwind\n|\n|upkeep\n|turn|2\n|\n|t:|1700012906\n|switch|p2a: Samurott|Samurott-Hisui, F|100\/100\n|move|p1a: Heatran|Flamethrower|p2a: Samurott\n|-resisted|p2a: Samurott\n|-damage|p2a: Samurott|81\/100\n|\n|upkeep\n|turn|3\n|\n|t:|1700012928\n|switch|p1a: Mandibuzz|Mandibuzz, F|100\/100\n|move|p2a: Samurott|Ceaseless Edge|p1a: Mandibuzz\n|-resisted|p1a: Mandibuzz\n|-damage|p1a: Mandibuzz|87\/100\n|-damage|p2a: Samurott|64\/100|[from] item: Rocky Helmet|[of] p1a: Mandibuzz\n|-sidestart|p1: ziyi1117|Spikes\n|\n|upkeep\n|turn|4\n|\n|t:|1700012946\n|switch|p2a: Scizor|Scizor, M|100\/100\n|move|p1a: Mandibuzz|Toxic|p2a: Scizor\n|-immune|p2a: Scizor\n|\n|-sideend|p2: FoulTarnished4|move: Tailwind\n|upkeep\n|turn|5\n|\n|t:|1700012957\n|move|p2a: Scizor|Knock Off|p1a: Mandibuzz\n|-resisted|p1a: Mandibuzz\n|-damage|p1a: Mandibuzz|76\/100\n|-damage|p2a: Scizor|84\/100|[from] item: Rocky Helmet|[of] p1a: Mandibuzz\n|-enditem|p1a: Mandibuzz|Rocky Helmet|[from] move: Knock Off|[of] p2a: Scizor\n|move|p1a: Mandibuzz|Foul Play|p2a: Scizor\n|-damage|p2a: Scizor|34\/100\n|\n|upkeep\n|turn|6\n|inactive|Battle timer is ON: inactive players will automatically lose when time's up. (requested by ziyi1117)\n|\n|t:|1700012976\n|switch|p2a: Dragonite|Dragonite, M|100\/100\n|move|p1a: Mandibuzz|Foul Play|p2a: Dragonite\n|-damage|p2a: Dragonite|72\/100\n|\n|upkeep\n|turn|7\n|\n|t:|1700012983\n|move|p2a: Dragonite|Ice Spinner|p1a: Mandibuzz\n|-supereffective|p1a: Mandibuzz\n|-damage|p1a: Mandibuzz|24\/100\n|move|p1a: Mandibuzz|Toxic|p2a: Dragonite\n|-status|p2a: Dragonite|tox\n|\n|-damage|p2a: Dragonite|66\/100 tox|[from] psn\n|upkeep\n|turn|8\n|\n|t:|1700013008\n|switch|p1a: Great Tusk|Great Tusk|100\/100\n|-damage|p1a: Great Tusk|88\/100|[from] Spikes\n|move|p2a: Dragonite|Ice Spinner|p1a: Great Tusk\n|-supereffective|p1a: Great Tusk\n|-damage|p1a: Great Tusk|21\/100\n|\n|-damage|p2a: Dragonite|53\/100 tox|[from] psn\n|upkeep\n|turn|9\n|\n|t:|1700013019\n|-terastallize|p1a: Great Tusk|Steel\n|move|p2a: Dragonite|Ice Spinner|p1a: Great Tusk\n|-resisted|p1a: Great Tusk\n|-damage|p1a: Great Tusk|4\/100\n|move|p1a: Great Tusk|Rapid Spin|p2a: Dragonite\n|-damage|p2a: Dragonite|31\/100 tox\n|-boost|p1a: Great Tusk|spe|1\n|-sideend|p1: ziyi1117|Spikes|[from] move: Rapid Spin|[of] p1a: Great Tusk\n|\n|-damage|p2a: Dragonite|12\/100 tox|[from] psn\n|upkeep\n|turn|10\n|\n|t:|1700013034\n|switch|p2a: Iron Moth|Iron Moth|100\/100\n|-enditem|p2a: Iron Moth|Booster Energy\n|-activate|p2a: Iron Moth|ability: Quark Drive|[fromitem]\n|-start|p2a: Iron Moth|quarkdrivespa\n|move|p1a: Great Tusk|Ice Spinner|p2a: Iron Moth\n|-resisted|p2a: Iron Moth\n|-damage|p2a: Iron Moth|75\/100\n|\n|upkeep\n|turn|11\n|inactive|ziyi1117 has 120 seconds left.\n|\n|t:|1700013053\n|move|p2a: Iron Moth|Flamethrower|p1a: Great Tusk\n|-supereffective|p1a: Great Tusk\n|-damage|p1a: Great Tusk|0 fnt\n|faint|p1a: Great Tusk\n|-end|p1a: Great Tusk|Protosynthesis|[silent]\n|\n|upkeep\n|inactive|ziyi1117 has 120 seconds left.\n|\n|t:|1700013066\n|switch|p1a: Heatran|Heatran, M|100\/100\n|turn|12\n|\n|t:|1700013076\n|-end|p2a: Iron Moth|Quark Drive|[silent]\n|switch|p2a: Garchomp|Garchomp, M|100\/100\n|move|p1a: Heatran|Earth Power|p2a: Garchomp\n|-damage|p2a: Garchomp|68\/100\n|-unboost|p2a: Garchomp|spd|1\n|\n|upkeep\n|turn|13\n|\n|t:|1700013090\n|switch|p1a: Mandibuzz|Mandibuzz, F|24\/100\n|move|p2a: Garchomp|Swords Dance|p2a: Garchomp\n|-boost|p2a: Garchomp|atk|2\n|\n|upkeep\n|turn|14\n|\n|t:|1700013098\n|move|p2a: Garchomp|Dragon Claw|p1a: Mandibuzz\n|-damage|p1a: Mandibuzz|0 fnt\n|faint|p1a: Mandibuzz\n|-damage|p2a: Garchomp|58\/100|[from] item: Life Orb\n|\n|upkeep\n|\n|t:|1700013110\n|switch|p1a: Iron Valiant|Iron Valiant|100\/100\n|turn|15\n|\n|t:|1700013118\n|move|p1a: Iron Valiant|Moonblast|p2a: Garchomp\n|-supereffective|p2a: Garchomp\n|-damage|p2a: Garchomp|0 fnt\n|faint|p2a: Garchomp\n|\n|upkeep\n|\n|t:|1700013127\n|switch|p2a: Corviknight|Corviknight, M|100\/100\n|turn|16\n|\n|t:|1700013135\n|-end|p1a: Iron Valiant|Quark Drive|[silent]\n|switch|p1a: Gholdengo|Gholdengo|100\/100\n|move|p2a: Corviknight|Brave Bird|p1a: Gholdengo\n|-resisted|p1a: Gholdengo\n|-damage|p1a: Gholdengo|81\/100\n|-damage|p2a: Corviknight|95\/100|[from] Recoil\n|\n|-heal|p2a: Corviknight|100\/100|[from] item: Leftovers\n|upkeep\n|turn|17\n|\n|t:|1700013147\n|move|p1a: Gholdengo|Nasty Plot|p1a: Gholdengo\n|-boost|p1a: Gholdengo|spa|2\n|move|p2a: Corviknight|Tailwind|p2a: Corviknight\n|-sidestart|p2: FoulTarnished4|move: Tailwind\n|\n|upkeep\n|turn|18\n|\n|t:|1700013155\n|move|p2a: Corviknight|Roost||[still]\n|-fail|p2a: Corviknight|heal\n|move|p1a: Gholdengo|Thunderbolt|p2a: Corviknight\n|-supereffective|p2a: Corviknight\n|-damage|p2a: Corviknight|0 fnt\n|faint|p2a: Corviknight\n|\n|upkeep\n|c|\u2606FoulTarnished4|rip\n|\n|t:|1700013168\n|switch|p2a: Iron Moth|Iron Moth|75\/100\n|turn|19\n|\n|t:|1700013176\n|switch|p1a: Heatran|Heatran, M|100\/100\n|move|p2a: Iron Moth|Flamethrower|p1a: Heatran\n|-start|p1a: Heatran|ability: Flash Fire\n|\n|upkeep\n|turn|20\n|\n|t:|1700013189\n|-end|p2a: Iron Moth|Quark Drive|[silent]\n|switch|p2a: Dragonite|Dragonite, M|12\/100 tox\n|move|p1a: Heatran|Flamethrower|p2a: Dragonite\n|-resisted|p2a: Dragonite\n|-damage|p2a: Dragonite|0 fnt\n|faint|p2a: Dragonite\n|\n|-sideend|p2: FoulTarnished4|move: Tailwind\n|upkeep\n|\n|t:|1700013196\n|switch|p2a: Samurott|Samurott-Hisui, F|64\/100\n|turn|21\n|inactive|ziyi1117 has 120 seconds left.\n|\n|t:|1700013232\n|-end|p1a: Heatran|ability: Flash Fire|[silent]\n|switch|p1a: Greninja|Greninja, M|100\/100\n|move|p2a: Samurott|Aqua Cutter|p1a: Greninja\n|-resisted|p1a: Greninja\n|-damage|p1a: Greninja|53\/100\n|\n|upkeep\n|turn|22\n|inactive|ziyi1117 has 120 seconds left.\n|\n|t:|1700013245\n|-terastallize|p2a: Samurott|Fighting\n|move|p1a: Greninja|Grass Knot|p2a: Samurott\n|-damage|p2a: Samurott|40\/100\n|-damage|p1a: Greninja|44\/100|[from] item: Life Orb\n|move|p2a: Samurott|Sacred Sword|p1a: Greninja\n|-supereffective|p1a: Greninja\n|-damage|p1a: Greninja|0 fnt\n|faint|p1a: Greninja\n|\n|upkeep\n|inactive|ziyi1117 has 120 seconds left.\n|\n|t:|1700013255\n|switch|p1a: Iron Valiant|Iron Valiant|100\/100\n|turn|23\n|\n|t:|1700013268\n|switch|p2a: Iron Moth|Iron Moth|75\/100\n|move|p1a: Iron Valiant|Knock Off|p2a: Iron Moth\n|-damage|p2a: Iron Moth|42\/100\n|\n|upkeep\n|turn|24\n|\n|t:|1700013287\n|move|p1a: Iron Valiant|Close Combat|p2a: Iron Moth\n|-resisted|p2a: Iron Moth\n|-damage|p2a: Iron Moth|0 fnt\n|-unboost|p1a: Iron Valiant|def|1\n|-unboost|p1a: Iron Valiant|spd|1\n|faint|p2a: Iron Moth\n|-end|p2a: Iron Moth|Quark Drive|[silent]\n|\n|upkeep\n|\n|t:|1700013293\n|switch|p2a: Scizor|Scizor, M|34\/100\n|turn|25\n|\n|t:|1700013298\n|move|p2a: Scizor|Bullet Punch|p1a: Iron Valiant\n|-supereffective|p1a: Iron Valiant\n|-damage|p1a: Iron Valiant|0 fnt\n|faint|p1a: Iron Valiant\n|-end|p1a: Iron Valiant|Quark Drive|[silent]\n|\n|upkeep\n|\n|t:|1700013304\n|switch|p1a: Gholdengo|Gholdengo|81\/100\n|turn|26\n|\n|t:|1700013311\n|move|p2a: Scizor|Bullet Punch|p1a: Gholdengo\n|-resisted|p1a: Gholdengo\n|-damage|p1a: Gholdengo|60\/100\n|move|p1a: Gholdengo|Shadow Ball|p2a: Scizor\n|-damage|p2a: Scizor|0 fnt\n|faint|p2a: Scizor\n|\n|upkeep\n|\n|t:|1700013319\n|switch|p2a: Samurott|Samurott-Hisui, F, tera:Fighting|40\/100\n|turn|27\n|\n|t:|1700013327\n|move|p1a: Gholdengo|Make It Rain|p2a: Samurott\n|-damage|p2a: Samurott|0 fnt\n|-unboost|p1a: Gholdengo|spa|1\n|faint|p2a: Samurott\n|\n|win|ziyi1117\n|raw|ziyi1117's rating: 1133 &rarr; <strong>1155<\/strong><br \/>(+22 for winning)\n|raw|FoulTarnished4's rating: 1092 &rarr; <strong>1071<\/strong><br \/>(-21 for losing)\n|c|\u2606FoulTarnished4|gg\n|l|\u2606FoulTarnished4\n","uploadtime":1700013339,"views":14,"p1id":"ziyi1117","p2id":"foultarnished4","formatid":"gen9ou","rating":1071,"private":0,"password":""}