{"id":"gen9ou-1992228717","p1":"sushislice","p2":"No Maidens199","format":"[Gen 9] OU","log":"|j|\u2606sushislice\n|j|\u2606No Maidens199\n|inactive|Battle timer is ON: inactive players will automatically lose when time's up.\n|t:|1700165759\n|gametype|singles\n|player|p1|sushislice|carmine-festival|\n|player|p2|No Maidens199|giovanni|\n|teamsize|p1|6\n|teamsize|p2|6\n|gen|9\n|tier|[Gen 9] OU\n|rated|Tournament battle\n|rule|Sleep Clause Mod: Limit one foe put to sleep\n|rule|Species Clause: Limit one of each Pok\u00e9mon\n|rule|OHKO Clause: OHKO moves are banned\n|rule|Evasion Items Clause: Evasion items are banned\n|rule|Evasion Moves Clause: Evasion moves are banned\n|rule|Endless Battle Clause: Forcing endless battles is banned\n|rule|HP Percentage Mod: HP is shown in percentages\n|clearpoke\n|poke|p1|Indeedee, M|\n|poke|p1|Hatterene, F|\n|poke|p1|Maushold|\n|poke|p1|Polteageist-Antique|\n|poke|p1|Sneasler, F|\n|poke|p1|Armarouge, F|\n|poke|p2|Iron Hands|\n|poke|p2|Iron Valiant|\n|poke|p2|Cinderace, M|\n|poke|p2|Ogerpon-Cornerstone, F|\n|poke|p2|Goodra-Hisui, F|\n|poke|p2|Enamorus-Therian, F|\n|teampreview\n|j| landonlvl100\n|c|\u2606No Maidens199|good luck\n|c|\u2606sushislice|u2\n|j| SPEBSQSA\n|\n|t:|1700165783\n|start\n|switch|p1a: new joke i choke|Indeedee, M|100\/100\n|switch|p2a: Iron Hands|Iron Hands, shiny|100\/100\n|-fieldstart|move: Psychic Terrain|[from] ability: Psychic Surge|[of] p1a: new joke i choke\n|turn|1\n|j| Argon657\n|j| I like low ladder\n|\n|t:|1700165809\n|move|p1a: new joke i choke|Psychic|p2a: Iron Hands\n|-supereffective|p2a: Iron Hands\n|-damage|p2a: Iron Hands|58\/100\n|move|p2a: Iron Hands|Drain Punch|p1a: new joke i choke\n|-damage|p1a: new joke i choke|32\/100\n|-heal|p2a: Iron Hands|80\/100|[from] drain|[of] p1a: new joke i choke\n|\n|upkeep\n|turn|2\n|inactive|No Maidens199 has 120 seconds left.\n|\n|t:|1700165835\n|switch|p1a: trans right (one)|Hatterene, F|100\/100\n|move|p2a: Iron Hands|Earthquake|p1a: trans right (one)\n|-damage|p1a: trans right (one)|68\/100\n|-enditem|p1a: trans right (one)|Eject Button\n|\n|t:|1700165841\n|switch|p1a: don't breathe this|Armarouge, F|100\/100\n|\n|upkeep\n|turn|3\n|inactive|No Maidens199 has 120 seconds left.\n|\n|t:|1700165867\n|-terastallize|p2a: Iron Hands|Water\n|move|p1a: don't breathe this|Armor Cannon|p2a: Iron Hands\n|-resisted|p2a: Iron Hands\n|-damage|p2a: Iron Hands|63\/100\n|-unboost|p1a: don't breathe this|def|1\n|-unboost|p1a: don't breathe this|spd|1\n|move|p2a: Iron Hands|Earthquake|p1a: don't breathe this\n|-supereffective|p1a: don't breathe this\n|-enditem|p1a: don't breathe this|Focus Sash\n|-damage|p1a: don't breathe this|1\/100\n|-ability|p1a: don't breathe this|Weak Armor|boost\n|-unboost|p1a: don't breathe this|def|1\n|-boost|p1a: don't breathe this|spe|2\n|\n|upkeep\n|turn|4\n|inactive|sushislice has 120 seconds left.\n|\n|t:|1700165901\n|move|p1a: don't breathe this|Expanding Force|p2a: Iron Hands\n|-damage|p2a: Iron Hands|15\/100\n|move|p2a: Iron Hands|Drain Punch|p1a: don't breathe this\n|-resisted|p1a: don't breathe this\n|-damage|p1a: don't breathe this|0 fnt\n|-heal|p2a: Iron Hands|15\/100|[from] drain|[of] p1a: don't breathe this\n|faint|p1a: don't breathe this\n|\n|upkeep\n|\n|t:|1700165909\n|switch|p1a: of maus and men|Maushold|100\/100\n|turn|5\n|\n|t:|1700165918\n|move|p1a: of maus and men|Population Bomb|p2a: Iron Hands\n|-damage|p2a: Iron Hands|8\/100\n|-damage|p2a: Iron Hands|1\/100\n|-crit|p2a: Iron Hands\n|-damage|p2a: Iron Hands|0 fnt\n|faint|p2a: Iron Hands\n|-end|p2a: Iron Hands|Quark Drive|[silent]\n|-hitcount|p2: Iron Hands|3\n|\n|upkeep\n|\n|t:|1700165933\n|switch|p2a: Iron Valiant|Iron Valiant, shiny|100\/100\n|-enditem|p2a: Iron Valiant|Booster Energy\n|-activate|p2a: Iron Valiant|ability: Quark Drive|[fromitem]\n|-start|p2a: Iron Valiant|quarkdrivespe\n|turn|6\n|\n|t:|1700165949\n|switch|p1a: trans right (one)|Hatterene, F|68\/100\n|move|p2a: Iron Valiant|Aura Sphere|p1a: trans right (one)\n|-resisted|p1a: trans right (one)\n|-damage|p1a: trans right (one)|58\/100\n|\n|upkeep\n|turn|7\n|\n|t:|1700165958\n|-end|p2a: Iron Valiant|Quark Drive|[silent]\n|switch|p2a: Goodra|Goodra-Hisui, F, shiny|100\/100\n|move|p1a: trans right (one)|Nuzzle|p2a: Goodra\n|-resisted|p2a: Goodra\n|-crit|p2a: Goodra\n|-damage|p2a: Goodra|99\/100\n|-status|p2a: Goodra|par\n|\n|upkeep\n|turn|8\n|inactive|No Maidens199 has 120 seconds left.\n|\n|t:|1700165974\n|move|p1a: trans right (one)|Healing Wish|p1a: trans right (one)\n|faint|p1a: trans right (one)\n|move|p2a: Goodra|Shelter|p2a: Goodra\n|-boost|p2a: Goodra|def|2\n|\n|-fieldend|move: Psychic Terrain\n|upkeep\n|j| fear45\n|\n|t:|1700165978\n|switch|p1a: of maus and men|Maushold|100\/100\n|turn|9\n|\n|t:|1700165983\n|move|p1a: of maus and men|Encore|p2a: Goodra\n|-start|p2a: Goodra|Encore\n|move|p2a: Goodra|Shelter|p2a: Goodra\n|-boost|p2a: Goodra|def|2\n|\n|upkeep\n|turn|10\n|inactive|No Maidens199 has 120 seconds left.\n|c|\u2606sushislice|isn't idef just better? more pp\n|\n|t:|1700166004\n|move|p1a: of maus and men|Tidy Up|p1a: of maus and men\n|-boost|p1a: of maus and men|atk|1\n|-boost|p1a: of maus and men|spe|1\n|cant|p2a: Goodra|par\n|\n|upkeep\n|turn|11\n|inactive|No Maidens199 has 120 seconds left.\n|\n|t:|1700166015\n|move|p1a: of maus and men|Tidy Up|p1a: of maus and men\n|-boost|p1a: of maus and men|atk|1\n|-boost|p1a: of maus and men|spe|1\n|cant|p2a: Goodra|par\n|\n|-end|p2a: Goodra|Encore\n|upkeep\n|turn|12\n|inactive|No Maidens199 has 120 seconds left.\n|\n|t:|1700166026\n|move|p1a: of maus and men|Encore|p2a: Goodra\n|-start|p2a: Goodra|Encore\n|move|p2a: Goodra|Shelter|p2a: Goodra\n|-boost|p2a: Goodra|def|2\n|\n|upkeep\n|turn|13\n|inactive|No Maidens199 has 120 seconds left.\n|\n|t:|1700166032\n|move|p1a: of maus and men|Tidy Up|p1a: of maus and men\n|-boost|p1a: of maus and men|atk|1\n|-boost|p1a: of maus and men|spe|1\n|move|p2a: Goodra|Shelter|p2a: Goodra\n|-boost|p2a: Goodra|def|0\n|\n|upkeep\n|turn|14\n|\n|t:|1700166039\n|move|p1a: of maus and men|Tidy Up|p1a: of maus and men\n|-boost|p1a: of maus and men|atk|1\n|-boost|p1a: of maus and men|spe|1\n|cant|p2a: Goodra|par\n|\n|-end|p2a: Goodra|Encore\n|upkeep\n|turn|15\n|\n|t:|1700166052\n|move|p1a: of maus and men|Encore|p2a: Goodra\n|-start|p2a: Goodra|Encore\n|move|p2a: Goodra|Shelter|p2a: Goodra\n|-boost|p2a: Goodra|def|0\n|\n|upkeep\n|turn|16\n|\n|t:|1700166058\n|move|p1a: of maus and men|Tidy Up|p1a: of maus and men\n|-boost|p1a: of maus and men|atk|1\n|-boost|p1a: of maus and men|spe|1\n|move|p2a: Goodra|Shelter|p2a: Goodra\n|-boost|p2a: Goodra|def|0\n|\n|upkeep\n|turn|17\n|\n|t:|1700166064\n|move|p1a: of maus and men|Tidy Up|p1a: of maus and men\n|-boost|p1a: of maus and men|atk|1\n|-boost|p1a: of maus and men|spe|1\n|move|p2a: Goodra|Shelter|p2a: Goodra\n|-boost|p2a: Goodra|def|0\n|\n|-end|p2a: Goodra|Encore\n|upkeep\n|turn|18\n|\n|t:|1700166071\n|move|p1a: of maus and men|Encore|p2a: Goodra\n|-start|p2a: Goodra|Encore\n|cant|p2a: Goodra|par\n|\n|upkeep\n|turn|19\n|\n|t:|1700166075\n|move|p1a: of maus and men|Population Bomb|p2a: Goodra\n|-resisted|p2a: Goodra\n|-crit|p2a: Goodra\n|-damage|p2a: Goodra|78\/100 par\n|-resisted|p2a: Goodra\n|-damage|p2a: Goodra|75\/100 par\n|-resisted|p2a: Goodra\n|-damage|p2a: Goodra|71\/100 par\n|-resisted|p2a: Goodra\n|-damage|p2a: Goodra|68\/100 par\n|-resisted|p2a: Goodra\n|-damage|p2a: Goodra|64\/100 par\n|-resisted|p2a: Goodra\n|-damage|p2a: Goodra|60\/100 par\n|-resisted|p2a: Goodra\n|-damage|p2a: Goodra|56\/100 par\n|-resisted|p2a: Goodra\n|-damage|p2a: Goodra|52\/100 par\n|-resisted|p2a: Goodra\n|-damage|p2a: Goodra|48\/100 par\n|-enditem|p2a: Goodra|Sitrus Berry|[eat]\n|-heal|p2a: Goodra|73\/100 par|[from] item: Sitrus Berry\n|-resisted|p2a: Goodra\n|-damage|p2a: Goodra|69\/100 par\n|-hitcount|p2a: Goodra|10\n|move|p2a: Goodra|Shelter|p2a: Goodra\n|-boost|p2a: Goodra|def|0\n|\n|upkeep\n|turn|20\n|c| Argon657|Encore is so deadly\n|\n|t:|1700166097\n|move|p1a: of maus and men|Population Bomb|p2a: Goodra\n|-resisted|p2a: Goodra\n|-damage|p2a: Goodra|66\/100 par\n|-resisted|p2a: Goodra\n|-damage|p2a: Goodra|62\/100 par\n|-resisted|p2a: Goodra\n|-damage|p2a: Goodra|58\/100 par\n|-resisted|p2a: Goodra\n|-damage|p2a: Goodra|54\/100 par\n|-resisted|p2a: Goodra\n|-damage|p2a: Goodra|50\/100 par\n|-resisted|p2a: Goodra\n|-damage|p2a: Goodra|46\/100 par\n|-resisted|p2a: Goodra\n|-damage|p2a: Goodra|42\/100 par\n|-resisted|p2a: Goodra\n|-damage|p2a: Goodra|38\/100 par\n|-resisted|p2a: Goodra\n|-damage|p2a: Goodra|35\/100 par\n|-resisted|p2a: Goodra\n|-damage|p2a: Goodra|31\/100 par\n|-hitcount|p2a: Goodra|10\n|move|p2a: Goodra|Shelter|p2a: Goodra\n|-boost|p2a: Goodra|def|0\n|\n|-end|p2a: Goodra|Encore\n|upkeep\n|turn|21\n|inactive|No Maidens199 has 120 seconds left.\n|\n|t:|1700166125\n|move|p1a: of maus and men|Encore|p2a: Goodra\n|-start|p2a: Goodra|Encore\n|move|p2a: Goodra|Shelter|p2a: Goodra\n|-boost|p2a: Goodra|def|0\n|\n|upkeep\n|turn|22\n|j| VicBossMG\n|c| Argon657|Psychic Terrain teams are slept on too much\n|inactive|No Maidens199 has 120 seconds left.\n|\n|t:|1700166143\n|move|p1a: of maus and men|Population Bomb|p2a: Goodra\n|-resisted|p2a: Goodra\n|-damage|p2a: Goodra|27\/100 par\n|-hitcount|p2a: Goodra|1\n|move|p2a: Goodra|Shelter|p2a: Goodra\n|-boost|p2a: Goodra|def|0\n|\n|upkeep\n|turn|23\n|\n|t:|1700166150\n|move|p1a: of maus and men|Population Bomb|p2a: Goodra\n|-resisted|p2a: Goodra\n|-damage|p2a: Goodra|23\/100 par\n|-resisted|p2a: Goodra\n|-damage|p2a: Goodra|19\/100 par\n|-resisted|p2a: Goodra\n|-damage|p2a: Goodra|15\/100 par\n|-resisted|p2a: Goodra\n|-damage|p2a: Goodra|11\/100 par\n|-resisted|p2a: Goodra\n|-damage|p2a: Goodra|7\/100 par\n|-resisted|p2a: Goodra\n|-damage|p2a: Goodra|4\/100 par\n|-resisted|p2a: Goodra\n|-damage|p2a: Goodra|0 fnt\n|faint|p2a: Goodra\n|-hitcount|p2: Goodra|7\n|\n|upkeep\n|j| apple_Juize\n|inactive|No Maidens199 has 120 seconds left.\n|\n|t:|1700166167\n|switch|p2a: Ogerpon|Ogerpon-Cornerstone, F|100\/100\n|turn|24\n|inactive|No Maidens199 has 120 seconds left.\n|\n|t:|1700166178\n|move|p1a: of maus and men|Population Bomb|p2a: Ogerpon\n|-resisted|p2a: Ogerpon\n|-damage|p2a: Ogerpon|74\/100\n|-resisted|p2a: Ogerpon\n|-damage|p2a: Ogerpon|44\/100\n|-resisted|p2a: Ogerpon\n|-damage|p2a: Ogerpon|13\/100\n|-resisted|p2a: Ogerpon\n|-damage|p2a: Ogerpon|0 fnt\n|faint|p2a: Ogerpon\n|-hitcount|p2: Ogerpon|4\n|\n|upkeep\n|c| landonlvl100|ggs?\n|c| apple_Juize|but let him sweep\n|c| apple_Juize|dont ff\n|c| landonlvl100|true\n|c| apple_Juize|its good for the views\n|c| Argon657|Ive had people forfeit on me a few times\n|\n|t:|1700166207\n|switch|p2a: Iron Valiant|Iron Valiant, shiny|100\/100\n|turn|25\n|l| VicBossMG\n|\n|t:|1700166214\n|move|p1a: of maus and men|Population Bomb|p2a: Iron Valiant\n|-damage|p2a: Iron Valiant|47\/100\n|-damage|p2a: Iron Valiant|0 fnt\n|faint|p2a: Iron Valiant\n|-end|p2a: Iron Valiant|Quark Drive|[silent]\n|-hitcount|p2: Iron Valiant|2\n|\n|upkeep\n|\n|t:|1700166220\n|switch|p2a: Cinderace|Cinderace, M|100\/100\n|turn|26\n|\n|t:|1700166225\n|move|p2a: Cinderace|Sucker Punch|p1a: of maus and men\n|-start|p2a: Cinderace|typechange|Dark|[from] ability: Libero\n|-damage|p1a: of maus and men|50\/100\n|move|p1a: of maus and men|Population Bomb|p2a: Cinderace\n|-damage|p2a: Cinderace|34\/100\n|-damage|p2a: Cinderace|0 fnt\n|faint|p2a: Cinderace\n|-hitcount|p2: Cinderace|2\n|\n|upkeep\n|\n|t:|1700166234\n|switch|p2a: Enamorus|Enamorus-Therian, F|100\/100\n|turn|27\n|\n|t:|1700166238\n|move|p1a: of maus and men|Population Bomb|p2a: Enamorus\n|-damage|p2a: Enamorus|70\/100\n|-damage|p2a: Enamorus|39\/100\n|-damage|p2a: Enamorus|10\/100\n|-damage|p2a: Enamorus|0 fnt\n|faint|p2a: Enamorus\n|-hitcount|p2: Enamorus|4\n|\n|win|sushislice\n|n|\u2606sushislice|sushislice\n|n|\u2606No Maidens199|nomaidens199\n|n| landonlvl100|landonlvl100\n|n| SPEBSQSA|spebsqsa\n|n| Argon657|argon657\n|n| I like low ladder|ilikelowladder\n|n| fear45|fear45\n|n| apple_Juize|applejuize\n","uploadtime":1700166240,"views":8,"p1id":"sushislice","p2id":"nomaidens199","formatid":"gen9ou","rating":0,"private":0,"password":""}