{"id":"gen9ou-1989261328","p1":"HEAVY-DUTY B0OTY","p2":"tert_14","format":"[Gen 9] OU","log":"|j|\u2606HEAVY-DUTY B0OTY\n|j|\u2606tert_14\n|inactive|Battle timer is ON: inactive players will automatically lose when time's up.\n|t:|1699829201\n|gametype|singles\n|player|p1|HEAVY-DUTY B0OTY|swimmerf-gen6|\n|player|p2|tert_14|169|\n|teamsize|p1|5\n|teamsize|p2|5\n|gen|9\n|tier|[Gen 9] OU\n|rated|Tournament battle\n|rule|Sleep Clause Mod: Limit one foe put to sleep\n|rule|Species Clause: Limit one of each Pok\u00e9mon\n|rule|OHKO Clause: OHKO moves are banned\n|rule|Evasion Items Clause: Evasion items are banned\n|rule|Evasion Moves Clause: Evasion moves are banned\n|rule|Endless Battle Clause: Forcing endless battles is banned\n|rule|HP Percentage Mod: HP is shown in percentages\n|clearpoke\n|poke|p1|Medicham, F|\n|poke|p1|Clodsire, M|\n|poke|p1|Lucario, M|\n|poke|p1|Haxorus, F|\n|poke|p1|Ursaluna, F|\n|poke|p2|Swalot, M|\n|poke|p2|Glimmora, M|\n|poke|p2|Mienshao, F|\n|poke|p2|Noivern, F|\n|poke|p2|Cinderace, M|\n|teampreview\n|j|*Lady Monita \u2746\n|c|\u2606tert_14|gl hf\n|c|\u2606HEAVY-DUTY B0OTY|hf\n|\n|t:|1699829215\n|start\n|switch|p1a: Medicham|Medicham, F, shiny|100\/100\n|switch|p2a: Mienshao|Mienshao, F|100\/100\n|turn|1\n|\n|t:|1699829223\n|switch|p1a: Clodsire|Clodsire, M|100\/100\n|move|p2a: Mienshao|Fake Out|p1a: Clodsire\n|-damage|p1a: Clodsire|86\/100\n|\n|-heal|p1a: Clodsire|92\/100|[from] item: Leftovers\n|upkeep\n|turn|2\n|\n|t:|1699829229\n|move|p2a: Mienshao|Knock Off|p1a: Clodsire\n|-damage|p1a: Clodsire|54\/100\n|-enditem|p1a: Clodsire|Leftovers|[from] move: Knock Off|[of] p2a: Mienshao\n|move|p1a: Clodsire|Curse|p1a: Clodsire\n|-unboost|p1a: Clodsire|spe|1\n|-boost|p1a: Clodsire|atk|1\n|-boost|p1a: Clodsire|def|1\n|-enditem|p2a: Mienshao|Mirror Herb\n|-boost|p2a: Mienshao|atk|1|[from] item: Mirror Herb\n|-boost|p2a: Mienshao|def|1|[from] item: Mirror Herb\n|\n|upkeep\n|turn|3\n|c|\u2606HEAVY-DUTY B0OTY|lol\n|\n|t:|1699829242\n|move|p2a: Mienshao|Close Combat|p1a: Clodsire\n|-resisted|p1a: Clodsire\n|-damage|p1a: Clodsire|32\/100\n|-unboost|p2a: Mienshao|def|1\n|-unboost|p2a: Mienshao|spd|1\n|move|p1a: Clodsire|Recover|p1a: Clodsire\n|-heal|p1a: Clodsire|83\/100\n|\n|upkeep\n|turn|4\n|c|\u2606tert_14|not the best time to mirror herb\n|\n|t:|1699829253\n|move|p2a: Mienshao|U-turn|p1a: Clodsire\n|-resisted|p1a: Clodsire\n|-damage|p1a: Clodsire|75\/100\n|\n|t:|1699829262\n|switch|p2a: Glimmora|Glimmora, M|100\/100|[from] U-turn\n|move|p1a: Clodsire|Toxic|p2a: Glimmora\n|-immune|p2a: Glimmora\n|\n|upkeep\n|turn|5\n|\n|t:|1699829266\n|move|p2a: Glimmora|Stealth Rock|p1a: Clodsire\n|-sidestart|p1: HEAVY-DUTY B0OTY|move: Stealth Rock\n|move|p1a: Clodsire|Earthquake|p2a: Glimmora\n|-supereffective|p2a: Glimmora\n|-enditem|p2a: Glimmora|Focus Sash\n|-damage|p2a: Glimmora|1\/100\n|-activate|p2a: Glimmora|ability: Toxic Debris\n|-sidestart|p1: HEAVY-DUTY B0OTY|move: Toxic Spikes\n|\n|upkeep\n|turn|6\n|j| cesar dios pokemon\n|j| E4Everyone\n|\n|t:|1699829273\n|move|p2a: Glimmora|Earth Power|p1a: Clodsire\n|-supereffective|p1a: Clodsire\n|-damage|p1a: Clodsire|42\/100\n|move|p1a: Clodsire|Earthquake|p2a: Glimmora\n|-supereffective|p2a: Glimmora\n|-damage|p2a: Glimmora|0 fnt\n|-activate|p2a: Glimmora|ability: Toxic Debris\n|-sidestart|p1: HEAVY-DUTY B0OTY|move: Toxic Spikes\n|faint|p2a: Glimmora\n|\n|upkeep\n|l| cesar dios pokemon\n|j| SunnnyDays\n|inactive|tert_14 has 120 seconds left.\n|\n|t:|1699829303\n|switch|p2a: Noivern|Noivern, F|100\/100\n|turn|7\n|\n|t:|1699829310\n|-terastallize|p2a: Noivern|Normal\n|move|p2a: Noivern|Boomburst|p1a: Clodsire\n|-damage|p1a: Clodsire|0 fnt\n|faint|p1a: Clodsire\n|\n|upkeep\n|\n|t:|1699829323\n|switch|p1a: Lucario|Lucario, M, shiny|100\/100\n|-damage|p1a: Lucario|98\/100|[from] Stealth Rock\n|turn|8\n|\n|t:|1699829327\n|switch|p2a: Mienshao|Mienshao, F|100\/100\n|move|p1a: Lucario|Nasty Plot|p1a: Lucario\n|-boost|p1a: Lucario|spa|2\n|\n|upkeep\n|turn|9\n|\n|t:|1699829351\n|move|p2a: Mienshao|Fake Out|p1a: Lucario\n|-resisted|p1a: Lucario\n|-damage|p1a: Lucario|86\/100\n|cant|p1a: Lucario|flinch\n|-ability|p1a: Lucario|Steadfast|boost\n|-boost|p1a: Lucario|spe|1\n|\n|upkeep\n|turn|10\n|j| Magiquaza\n|c|\u2606HEAVY-DUTY B0OTY|oop\n|\n|t:|1699829364\n|move|p1a: Lucario|Aura Sphere|p2a: Mienshao\n|-damage|p2a: Mienshao|0 fnt\n|faint|p2a: Mienshao\n|\n|upkeep\n|c|\u2606tert_14|dunno why i expected justice\n|j| imtiredbooo\n|\n|t:|1699829372\n|switch|p2a: Cinderace|Cinderace, M|100\/100\n|turn|11\n|c| Magiquaza|noway\n|\n|t:|1699829383\n|move|p1a: Lucario|Aura Sphere|p2a: Cinderace\n|-damage|p2a: Cinderace|0 fnt\n|faint|p2a: Cinderace\n|\n|upkeep\n|c|\u2606tert_14|gg\n|\n|t:|1699829387\n|switch|p2a: Swalot|Swalot, M|100\/100\n|turn|12\n|\n|t:|1699829391\n|move|p1a: Lucario|Flash Cannon|p2a: Swalot\n|-damage|p2a: Swalot|52\/100\n|move|p2a: Swalot|Yawn|p1a: Lucario\n|-start|p1a: Lucario|move: Yawn|[of] p2a: Swalot\n|\n|-heal|p2a: Swalot|58\/100|[from] item: Leftovers\n|upkeep\n|turn|13\n|c|\u2606HEAVY-DUTY B0OTY|that did 0\n|\n|t:|1699829402\n|move|p2a: Swalot|Protect|p2a: Swalot\n|-singleturn|p2a: Swalot|Protect\n|move|p1a: Lucario|Flash Cannon|p2a: Swalot\n|-activate|p2a: Swalot|move: Protect\n|\n|-heal|p2a: Swalot|64\/100|[from] item: Leftovers\n|-end|p1a: Lucario|move: Yawn|[silent]\n|-status|p1a: Lucario|slp\n|upkeep\n|turn|14\n|\n|t:|1699829405\n|switch|p2a: Noivern|Noivern, F, tera:Normal|100\/100\n|cant|p1a: Lucario|slp\n|\n|upkeep\n|turn|15\n|\n|t:|1699829411\n|cant|p1a: Lucario|slp\n|move|p2a: Noivern|Boomburst|p1a: Lucario\n|-resisted|p1a: Lucario\n|-damage|p1a: Lucario|15\/100 slp\n|\n|upkeep\n|turn|16\n|\n|t:|1699829414\n|cant|p1a: Lucario|slp\n|move|p2a: Noivern|Boomburst|p1a: Lucario\n|-resisted|p1a: Lucario\n|-damage|p1a: Lucario|0 fnt\n|faint|p1a: Lucario\n|\n|upkeep\n|c|\u2606tert_14|thank god\n|c| Magiquaza|noway\n|c| Magiquaza|3ts\n|c|\u2606HEAVY-DUTY B0OTY|lovely\n|c| Magiquaza|thats crazey\n|\n|t:|1699829441\n|switch|p1a: Ursaluna|Ursaluna, F|100\/100\n|-damage|p1a: Ursaluna|94\/100|[from] Stealth Rock\n|-status|p1a: Ursaluna|tox\n|turn|17\n|\n|t:|1699829445\n|move|p2a: Noivern|Boomburst|p1a: Ursaluna\n|-damage|p1a: Ursaluna|3\/100 tox\n|move|p1a: Ursaluna|Facade|p2a: Noivern\n|-damage|p2a: Noivern|0 fnt\n|faint|p2a: Noivern\n|\n|-damage|p1a: Ursaluna|0 fnt|[from] psn\n|faint|p1a: Ursaluna\n|upkeep\n|\n|t:|1699829448\n|switch|p2a: Swalot|Swalot, M|64\/100\n|switch|p1a: Medicham|Medicham, F, shiny|100\/100\n|-damage|p1a: Medicham|94\/100|[from] Stealth Rock\n|-status|p1a: Medicham|tox\n|turn|18\n|\n|t:|1699829452\n|move|p2a: Swalot|Protect|p2a: Swalot\n|-singleturn|p2a: Swalot|Protect\n|move|p1a: Medicham|Zen Headbutt|p2a: Swalot\n|-activate|p2a: Swalot|move: Protect\n|\n|-heal|p2a: Swalot|71\/100|[from] item: Leftovers\n|-damage|p1a: Medicham|88\/100 tox|[from] psn\n|upkeep\n|turn|19\n|\n|t:|1699829458\n|move|p1a: Medicham|Zen Headbutt|p2a: Swalot\n|-supereffective|p2a: Swalot\n|-damage|p2a: Swalot|0 fnt\n|faint|p2a: Swalot\n|\n|win|HEAVY-DUTY B0OTY\n|n|\u2606HEAVY-DUTY B0OTY|heavydutyb0oty\n|n|\u2606tert_14|tert14\n|n|*Lady Monita \u2746|ladymonita\n|n| E4Everyone|e4everyone\n|n| SunnnyDays|sunnnydays\n|n| Magiquaza|magiquaza\n|n| imtiredbooo|imtiredbooo\n","uploadtime":1699829459,"views":9,"p1id":"heavydutyb0oty","p2id":"tert14","formatid":"gen9ou","rating":0,"private":0,"password":""}