{"id":"gen9ou-1990952380","p1":"I'm an actual noob","p2":"RssjKidd","format":"[Gen 9] OU","log":"|j|\u2606I'm an actual noob\n|j|\u2606RssjKidd\n|t:|1700019051\n|gametype|singles\n|player|p1|I'm an actual noob|1|1114\n|player|p2|RssjKidd|169|1070\n|teamsize|p1|6\n|teamsize|p2|6\n|gen|9\n|tier|[Gen 9] OU\n|rated|\n|rule|Sleep Clause Mod: Limit one foe put to sleep\n|rule|Species Clause: Limit one of each Pok\u00e9mon\n|rule|OHKO Clause: OHKO moves are banned\n|rule|Evasion Items Clause: Evasion items are banned\n|rule|Evasion Moves Clause: Evasion moves are banned\n|rule|Endless Battle Clause: Forcing endless battles is banned\n|rule|HP Percentage Mod: HP is shown in percentages\n|clearpoke\n|poke|p1|Ribombee, F|\n|poke|p1|Alomomola, F|\n|poke|p1|Hoopa-Unbound|\n|poke|p1|Clodsire, F|\n|poke|p1|Kingambit, F|\n|poke|p1|Great Tusk|\n|poke|p2|Sneasler, F|\n|poke|p2|Gengar, F|\n|poke|p2|Samurott-Hisui, F|\n|poke|p2|Walking Wake|\n|poke|p2|Torkoal, F|\n|poke|p2|Kingambit, M|\n|teampreview\n|\n|t:|1700019065\n|start\n|switch|p1a: Ribombee|Ribombee, F|100\/100\n|switch|p2a: Sneasler|Sneasler, F|100\/100\n|turn|1\n|\n|t:|1700019073\n|move|p2a: Sneasler|Fake Out|p1a: Ribombee\n|-enditem|p2a: Sneasler|Normal Gem|[from] gem\n|-damage|p1a: Ribombee|59\/100\n|move|p1a: Ribombee|Moonblast|p2a: Sneasler\n|-damage|p2a: Sneasler|43\/100\n|\n|upkeep\n|turn|2\n|\n|t:|1700019089\n|switch|p1a: Alomomola|Alomomola, F|100\/100\n|move|p2a: Sneasler|Acrobatics|p1a: Alomomola\n|-damage|p1a: Alomomola|78\/100\n|\n|upkeep\n|turn|3\n|\n|t:|1700019097\n|move|p2a: Sneasler|Dire Claw|p1a: Alomomola\n|-damage|p1a: Alomomola|55\/100\n|move|p1a: Alomomola|Scald|p2a: Sneasler\n|-damage|p2a: Sneasler|23\/100\n|\n|upkeep\n|turn|4\n|\n|t:|1700019111\n|move|p2a: Sneasler|Dire Claw|p1a: Alomomola\n|-damage|p1a: Alomomola|29\/100\n|-status|p1a: Alomomola|slp\n|cant|p1a: Alomomola|slp\n|\n|upkeep\n|turn|5\n|\n|t:|1700019121\n|switch|p1a: Clodsire|Clodsire, F|100\/100\n|move|p2a: Sneasler|Acrobatics|p1a: Clodsire\n|-damage|p1a: Clodsire|50\/100\n|\n|-heal|p1a: Clodsire|57\/100|[from] item: Leftovers\n|upkeep\n|turn|6\n|\n|t:|1700019133\n|switch|p1a: Alomomola|Alomomola, F|62\/100 slp\n|move|p2a: Sneasler|Acrobatics|p1a: Alomomola\n|-crit|p1a: Alomomola\n|-damage|p1a: Alomomola|29\/100 slp\n|\n|upkeep\n|turn|7\n|\n|t:|1700019143\n|switch|p1a: Kingambit|Kingambit, F|100\/100\n|-terastallize|p2a: Sneasler|Flying\n|move|p2a: Sneasler|Acrobatics|p1a: Kingambit\n|-resisted|p1a: Kingambit\n|-damage|p1a: Kingambit|77\/100\n|\n|upkeep\n|turn|8\n|\n|t:|1700019161\n|switch|p2a: Torkoal|Torkoal, F|100\/100\n|-weather|SunnyDay|[from] ability: Drought|[of] p2a: Torkoal\n|move|p1a: Kingambit|Sucker Punch||[still]\n|-fail|p1a: Kingambit\n|\n|-weather|SunnyDay|[upkeep]\n|upkeep\n|turn|9\n|\n|t:|1700019173\n|-end|p1a: Kingambit|fallenundefined|[silent]\n|switch|p1a: Alomomola|Alomomola, F|62\/100 slp\n|move|p2a: Torkoal|Stealth Rock|p1a: Alomomola\n|-sidestart|p1: I'm an actual noob|move: Stealth Rock\n|\n|-weather|SunnyDay|[upkeep]\n|upkeep\n|turn|10\n|\n|t:|1700019182\n|cant|p1a: Alomomola|slp\n|move|p2a: Torkoal|Yawn||[still]\n|-fail|p2a: Torkoal\n|\n|-weather|SunnyDay|[upkeep]\n|upkeep\n|turn|11\n|\n|t:|1700019208\n|switch|p2a: Gengar|Gengar, F|100\/100\n|-curestatus|p1a: Alomomola|slp|[msg]\n|move|p1a: Alomomola|Protect||[still]\n|-fail|p1a: Alomomola\n|\n|-weather|SunnyDay|[upkeep]\n|upkeep\n|turn|12\n|\n|t:|1700019220\n|move|p2a: Gengar|Giga Drain|p1a: Alomomola\n|-supereffective|p1a: Alomomola\n|-damage|p1a: Alomomola|0 fnt\n|faint|p1a: Alomomola\n|-damage|p2a: Gengar|91\/100|[from] item: Life Orb\n|\n|-weather|SunnyDay|[upkeep]\n|upkeep\n|\n|t:|1700019239\n|switch|p1a: Neither this|Great Tusk|100\/100\n|-damage|p1a: Neither this|98\/100|[from] Stealth Rock\n|-activate|p1a: Neither this|ability: Protosynthesis\n|-start|p1a: Neither this|protosynthesisatk\n|turn|13\n|\n|t:|1700019254\n|move|p2a: Gengar|Giga Drain|p1a: Neither this\n|-supereffective|p1a: Neither this\n|-damage|p1a: Neither this|0 fnt\n|-heal|p2a: Gengar|100\/100|[from] drain|[of] p1a: Neither this\n|faint|p1a: Neither this\n|-end|p1a: Neither this|Protosynthesis|[silent]\n|-damage|p2a: Gengar|91\/100|[from] item: Life Orb\n|\n|-weather|SunnyDay|[upkeep]\n|upkeep\n|c|\u2606I'm an actual noob|Holy\n|c|\u2606I'm an actual noob|I know it's super effective but damn\n|c|\u2606I'm an actual noob|Gengar stood up\n|\n|t:|1700019288\n|switch|p1a: Kingambit|Kingambit, F|77\/100\n|-damage|p1a: Kingambit|71\/100|[from] Stealth Rock\n|-activate|p1a: Kingambit|ability: Supreme Overlord\n|-start|p1a: Kingambit|fallen2|[silent]\n|turn|14\n|\n|t:|1700019310\n|switch|p2a: Torkoal|Torkoal, F|100\/100\n|move|p1a: Kingambit|Sucker Punch||[still]\n|-fail|p1a: Kingambit\n|\n|-weather|SunnyDay|[upkeep]\n|upkeep\n|turn|15\n|\n|t:|1700019321\n|-end|p1a: Kingambit|fallen2|[silent]\n|switch|p1a: Clodsire|Clodsire, F|57\/100\n|-damage|p1a: Clodsire|50\/100|[from] Stealth Rock\n|move|p2a: Torkoal|Yawn|p1a: Clodsire\n|-start|p1a: Clodsire|move: Yawn|[of] p2a: Torkoal\n|\n|-weather|none\n|-heal|p1a: Clodsire|57\/100|[from] item: Leftovers\n|upkeep\n|turn|16\n|\n|t:|1700019332\n|switch|p2a: Sneasler|Sneasler, F, tera:Flying|23\/100\n|switch|p1a: Hoopa|Hoopa-Unbound|100\/100\n|-damage|p1a: Hoopa|88\/100|[from] Stealth Rock\n|\n|upkeep\n|turn|17\n|\n|t:|1700019345\n|switch|p1a: Kingambit|Kingambit, F|71\/100\n|-damage|p1a: Kingambit|65\/100|[from] Stealth Rock\n|-activate|p1a: Kingambit|ability: Supreme Overlord\n|-start|p1a: Kingambit|fallen2|[silent]\n|move|p2a: Sneasler|Fake Out|p1a: Kingambit\n|-resisted|p1a: Kingambit\n|-damage|p1a: Kingambit|59\/100\n|\n|upkeep\n|turn|18\n|\n|t:|1700019363\n|switch|p2a: Torkoal|Torkoal, F|100\/100\n|-weather|SunnyDay|[from] ability: Drought|[of] p2a: Torkoal\n|move|p1a: Kingambit|Kowtow Cleave|p2a: Torkoal\n|-damage|p2a: Torkoal|64\/100\n|\n|-weather|SunnyDay|[upkeep]\n|upkeep\n|turn|19\n|\n|t:|1700019375\n|-end|p1a: Kingambit|fallen2|[silent]\n|switch|p1a: Hoopa|Hoopa-Unbound|88\/100\n|-damage|p1a: Hoopa|76\/100|[from] Stealth Rock\n|move|p2a: Torkoal|Lava Plume|p1a: Hoopa\n|-damage|p1a: Hoopa|43\/100\n|-status|p1a: Hoopa|brn\n|\n|-weather|SunnyDay|[upkeep]\n|-damage|p1a: Hoopa|37\/100 brn|[from] brn\n|upkeep\n|turn|20\n|\n|t:|1700019389\n|move|p1a: Hoopa|Psychic|p2a: Torkoal\n|-damage|p2a: Torkoal|0 fnt\n|faint|p2a: Torkoal\n|\n|-weather|SunnyDay|[upkeep]\n|-damage|p1a: Hoopa|31\/100 brn|[from] brn\n|upkeep\n|\n|t:|1700019397\n|switch|p2a: Sneasler|Sneasler, F, tera:Flying|23\/100\n|turn|21\n|\n|t:|1700019404\n|switch|p1a: Kingambit|Kingambit, F|59\/100\n|-damage|p1a: Kingambit|52\/100|[from] Stealth Rock\n|-activate|p1a: Kingambit|ability: Supreme Overlord\n|-start|p1a: Kingambit|fallen2|[silent]\n|move|p2a: Sneasler|Close Combat|p1a: Kingambit\n|-supereffective|p1a: Kingambit\n|-damage|p1a: Kingambit|0 fnt\n|-unboost|p2a: Sneasler|def|1\n|-unboost|p2a: Sneasler|spd|1\n|faint|p1a: Kingambit\n|-end|p1a: Kingambit|fallen2|[silent]\n|\n|-weather|SunnyDay|[upkeep]\n|upkeep\n|\n|t:|1700019415\n|switch|p1a: Clodsire|Clodsire, F|57\/100\n|-damage|p1a: Clodsire|50\/100|[from] Stealth Rock\n|turn|22\n|\n|t:|1700019428\n|move|p2a: Sneasler|Acrobatics|p1a: Clodsire\n|-damage|p1a: Clodsire|0 fnt\n|faint|p1a: Clodsire\n|\n|-weather|SunnyDay|[upkeep]\n|upkeep\n|\n|t:|1700019457\n|switch|p1a: Hoopa|Hoopa-Unbound|31\/100 brn\n|-damage|p1a: Hoopa|18\/100 brn|[from] Stealth Rock\n|turn|23\n|\n|t:|1700019464\n|move|p2a: Sneasler|Acrobatics|p1a: Hoopa\n|-damage|p1a: Hoopa|0 fnt\n|faint|p1a: Hoopa\n|\n|-weather|SunnyDay|[upkeep]\n|upkeep\n|\n|t:|1700019467\n|switch|p1a: Ribombee|Ribombee, F|59\/100\n|-damage|p1a: Ribombee|34\/100|[from] Stealth Rock\n|turn|24\n|\n|t:|1700019475\n|move|p1a: Ribombee|Bug Buzz|p2a: Sneasler\n|-resisted|p2a: Sneasler\n|-damage|p2a: Sneasler|0 fnt\n|faint|p2a: Sneasler\n|\n|-weather|SunnyDay|[upkeep]\n|upkeep\n|\n|t:|1700019485\n|switch|p2a: Gengar|Gengar, F|91\/100\n|turn|25\n|\n|t:|1700019497\n|move|p2a: Gengar|Shadow Ball|p1a: Ribombee\n|-damage|p1a: Ribombee|0 fnt\n|faint|p1a: Ribombee\n|-damage|p2a: Gengar|81\/100|[from] item: Life Orb\n|\n|win|RssjKidd\n|raw|I&apos;m an actual noob's rating: 1114 &rarr; <strong>1086<\/strong><br \/>(-28 for losing)\n|raw|RssjKidd's rating: 1070 &rarr; <strong>1103<\/strong><br \/>(+33 for winning)\n|l|\u2606I'm an actual noob\n","uploadtime":1700019507,"views":6,"p1id":"imanactualnoob","p2id":"rssjkidd","formatid":"gen9ou","rating":1086,"private":0,"password":""}