{"id":"gen9ou-1991662235","p1":"NotArusef","p2":"Yinyang5","format":"[Gen 9] OU","log":"|j|\u2606NotArusef\n|j|\u2606Yinyang5\n|t:|1700099814\n|gametype|singles\n|player|p1|NotArusef|pokemonranger-gen4|1000\n|player|p2|Yinyang5|unknown|1028\n|teamsize|p1|6\n|teamsize|p2|6\n|gen|9\n|tier|[Gen 9] OU\n|rated|\n|rule|Sleep Clause Mod: Limit one foe put to sleep\n|rule|Species Clause: Limit one of each Pok\u00e9mon\n|rule|OHKO Clause: OHKO moves are banned\n|rule|Evasion Items Clause: Evasion items are banned\n|rule|Evasion Moves Clause: Evasion moves are banned\n|rule|Endless Battle Clause: Forcing endless battles is banned\n|rule|HP Percentage Mod: HP is shown in percentages\n|clearpoke\n|poke|p1|Brambleghast, F|\n|poke|p1|Sableye, F|\n|poke|p1|Crawdaunt, F|\n|poke|p1|Zoroark-Hisui, F|\n|poke|p1|Samurott-Hisui, M|\n|poke|p1|Hatterene, F|\n|poke|p2|Quaquaval, M|\n|poke|p2|Pelipper, F|\n|poke|p2|Gyarados, M|\n|poke|p2|Politoed, M|\n|poke|p2|Scizor, F|\n|poke|p2|Arcanine, F|\n|teampreview\n|inactive|Battle timer is ON: inactive players will automatically lose when time's up. (requested by NotArusef)\n|\n|t:|1700099833\n|start\n|switch|p1a: Samurott|Samurott-Hisui, M|100\/100\n|switch|p2a: Pelipper|Pelipper, F|100\/100\n|-weather|RainDance|[from] ability: Drizzle|[of] p2a: Pelipper\n|turn|1\n|\n|t:|1700099844\n|move|p1a: Samurott|Flip Turn|p2a: Pelipper\n|-resisted|p2a: Pelipper\n|-crit|p2a: Pelipper\n|-damage|p2a: Pelipper|66\/100\n|\n|t:|1700099850\n|switch|p1a: Brambleghast|Brambleghast, F|100\/100|[from] Flip Turn\n|move|p2a: Pelipper|Hurricane|p1a: Brambleghast\n|-ability|p1a: Brambleghast|Wind Rider|boost\n|-boost|p1a: Brambleghast|atk|1\n|\n|-weather|RainDance|[upkeep]\n|-heal|p2a: Pelipper|72\/100|[from] item: Leftovers\n|upkeep\n|turn|2\n|\n|t:|1700099863\n|move|p1a: Brambleghast|Rapid Spin|p2a: Pelipper\n|-damage|p2a: Pelipper|44\/100\n|-boost|p1a: Brambleghast|spe|1\n|move|p2a: Pelipper|Tailwind|p2a: Pelipper\n|-sidestart|p2: Yinyang5|move: Tailwind\n|\n|-weather|RainDance|[upkeep]\n|-heal|p2a: Pelipper|50\/100|[from] item: Leftovers\n|upkeep\n|turn|3\n|\n|t:|1700099873\n|move|p1a: Brambleghast|Poltergeist|p2a: Pelipper\n|-activate|p2a: Pelipper|move: Poltergeist|Leftovers\n|-crit|p2a: Pelipper\n|-damage|p2a: Pelipper|0 fnt\n|faint|p2a: Pelipper\n|\n|-weather|RainDance|[upkeep]\n|upkeep\n|\n|t:|1700099880\n|switch|p2a: Gyarados|Gyarados, M|100\/100\n|-ability|p2a: Gyarados|Intimidate|boost\n|-unboost|p1a: Brambleghast|atk|1\n|turn|4\n|\n|t:|1700099889\n|move|p2a: Gyarados|Dragon Dance|p2a: Gyarados\n|-boost|p2a: Gyarados|atk|1\n|-boost|p2a: Gyarados|spe|1\n|move|p1a: Brambleghast|Leech Seed|p2a: Gyarados\n|-start|p2a: Gyarados|move: Leech Seed\n|\n|-weather|RainDance|[upkeep]\n|-damage|p2a: Gyarados|88\/100|[from] Leech Seed|[of] p1a: Brambleghast\n|upkeep\n|turn|5\n|\n|t:|1700099899\n|move|p2a: Gyarados|Ice Fang|p1a: Brambleghast|[miss]\n|-miss|p2a: Gyarados|p1a: Brambleghast\n|move|p1a: Brambleghast|Rapid Spin|p2a: Gyarados\n|-damage|p2a: Gyarados|68\/100\n|-boost|p1a: Brambleghast|spe|1\n|\n|-weather|none\n|-damage|p2a: Gyarados|56\/100|[from] Leech Seed|[of] p1a: Brambleghast\n|-sideend|p2: Yinyang5|move: Tailwind\n|upkeep\n|turn|6\n|\n|t:|1700099908\n|move|p1a: Brambleghast|Poltergeist|p2a: Gyarados\n|-activate|p2a: Gyarados|move: Poltergeist|Life Orb\n|-damage|p2a: Gyarados|0 fnt\n|faint|p2a: Gyarados\n|\n|upkeep\n|\n|t:|1700099916\n|switch|p2a: Politoed|Politoed, M|100\/100\n|-weather|RainDance|[from] ability: Drizzle|[of] p2a: Politoed\n|turn|7\n|\n|t:|1700099922\n|move|p1a: Brambleghast|Grassy Glide|p2a: Politoed\n|-supereffective|p2a: Politoed\n|-damage|p2a: Politoed|47\/100\n|move|p2a: Politoed|Icy Wind|p1a: Brambleghast\n|-ability|p1a: Brambleghast|Wind Rider|boost\n|-boost|p1a: Brambleghast|atk|1\n|\n|-weather|RainDance|[upkeep]\n|upkeep\n|turn|8\n|-message|Yinyang5 forfeited.\n|\n|win|NotArusef\n|raw|NotArusef's rating: 1000 &rarr; <strong>1043<\/strong><br \/>(+43 for winning)\n|raw|Yinyang5's rating: 1028 &rarr; <strong>1013<\/strong><br \/>(-15 for losing)\n|l|\u2606Yinyang5\n","uploadtime":1700099945,"views":13,"p1id":"notarusef","p2id":"yinyang5","formatid":"gen9ou","rating":1013,"private":0,"password":""}