{"id":"gen9ou-1993381115","p1":"Brot Handel","p2":"StallUntilYouRage","format":"[Gen 9] OU","log":"|j|\u2606Brot Handel\n|j|\u2606StallUntilYouRage\n|t:|1700309452\n|gametype|singles\n|player|p1|Brot Handel|170|1285\n|player|p2|StallUntilYouRage|wattson|1400\n|teamsize|p1|6\n|teamsize|p2|6\n|gen|9\n|tier|[Gen 9] OU\n|rated|\n|rule|Sleep Clause Mod: Limit one foe put to sleep\n|rule|Species Clause: Limit one of each Pok\u00e9mon\n|rule|OHKO Clause: OHKO moves are banned\n|rule|Evasion Items Clause: Evasion items are banned\n|rule|Evasion Moves Clause: Evasion moves are banned\n|rule|Endless Battle Clause: Forcing endless battles is banned\n|rule|HP Percentage Mod: HP is shown in percentages\n|clearpoke\n|poke|p1|Pelipper, M|\n|poke|p1|Greninja-*, M|\n|poke|p1|Basculegion, M|\n|poke|p1|Zapdos|\n|poke|p1|Sandy Shocks|\n|poke|p1|Scizor, F|\n|poke|p2|Clodsire, F|\n|poke|p2|Dondozo, M|\n|poke|p2|Alomomola, M|\n|poke|p2|Toxapex, F|\n|poke|p2|Blissey, F|\n|poke|p2|Talonflame, M|\n|teampreview\n|inactive|Battle timer is ON: inactive players will automatically lose when time's up. (requested by StallUntilYouRage)\n|\n|t:|1700309464\n|start\n|switch|p1a: Sandy Shocks|Sandy Shocks|100\/100\n|switch|p2a: Toxepax|Toxapex, F|100\/100\n|-enditem|p1a: Sandy Shocks|Booster Energy\n|-activate|p1a: Sandy Shocks|ability: Protosynthesis|[fromitem]\n|-start|p1a: Sandy Shocks|protosynthesisspe\n|turn|1\n|\n|t:|1700309481\n|switch|p2a: Blissey|Blissey, F|100\/100\n|move|p1a: Sandy Shocks|Earth Power|p2a: Blissey\n|-damage|p2a: Blissey|83\/100\n|\n|upkeep\n|turn|2\n|\n|t:|1700309486\n|move|p1a: Sandy Shocks|Stealth Rock|p2a: Blissey\n|-sidestart|p2: StallUntilYouRage|move: Stealth Rock\n|move|p2a: Blissey|Seismic Toss|p1a: Sandy Shocks\n|-damage|p1a: Sandy Shocks|70\/100\n|\n|upkeep\n|turn|3\n|\n|t:|1700309492\n|-end|p1a: Sandy Shocks|Protosynthesis|[silent]\n|switch|p1a: Scizor|Scizor, F|100\/100\n|move|p2a: Blissey|Seismic Toss|p1a: Scizor\n|-damage|p1a: Scizor|71\/100\n|\n|upkeep\n|turn|4\n|\n|t:|1700309495\n|switch|p2a: Alomaloma|Alomomola, M|100\/100\n|move|p1a: Scizor|U-turn|p2a: Alomaloma\n|-damage|p2a: Alomaloma|80\/100\n|\n|t:|1700309501\n|switch|p1a: Sandy Shocks|Sandy Shocks|70\/100|[from] U-turn\n|\n|upkeep\n|turn|5\n|\n|t:|1700309509\n|switch|p2a: Blissey|Blissey, F|83\/100\n|move|p1a: Sandy Shocks|Thunderbolt|p2a: Blissey\n|-damage|p2a: Blissey|68\/100\n|\n|upkeep\n|turn|6\n|\n|t:|1700309530\n|-end|p1a: Sandy Shocks|Protosynthesis|[silent]\n|switch|p1a: Pelipper|Pelipper, M|100\/100\n|-weather|RainDance|[from] ability: Drizzle|[of] p1a: Pelipper\n|move|p2a: Blissey|Soft-Boiled|p2a: Blissey\n|-heal|p2a: Blissey|100\/100\n|\n|-weather|RainDance|[upkeep]\n|upkeep\n|turn|7\n|\n|t:|1700309533\n|move|p1a: Pelipper|U-turn|p2a: Blissey\n|-damage|p2a: Blissey|94\/100\n|\n|t:|1700309543\n|switch|p1a: Zapdos|Zapdos|100\/100|[from] U-turn\n|move|p2a: Blissey|Seismic Toss|p1a: Zapdos\n|-damage|p1a: Zapdos|74\/100\n|\n|-weather|RainDance|[upkeep]\n|upkeep\n|turn|8\n|\n|t:|1700309547\n|move|p1a: Zapdos|U-turn|p2a: Blissey\n|-damage|p2a: Blissey|82\/100\n|\n|t:|1700309553\n|switch|p1a: Basculegion|Basculegion, M|100\/100|[from] U-turn\n|move|p2a: Blissey|Seismic Toss|p1a: Basculegion\n|-immune|p1a: Basculegion\n|\n|-weather|RainDance|[upkeep]\n|upkeep\n|turn|9\n|\n|t:|1700309558\n|switch|p2a: Donbozo|Dondozo, M|100\/100\n|-terastallize|p1a: Basculegion|Water\n|move|p1a: Basculegion|Wave Crash|p2a: Donbozo\n|-resisted|p2a: Donbozo\n|-damage|p2a: Donbozo|58\/100\n|-damage|p1a: Basculegion|82\/100|[from] Recoil\n|\n|-weather|RainDance|[upkeep]\n|upkeep\n|turn|10\n|\n|t:|1700309563\n|move|p1a: Basculegion|Wave Crash|p2a: Donbozo\n|-resisted|p2a: Donbozo\n|-damage|p2a: Donbozo|16\/100\n|-damage|p1a: Basculegion|64\/100|[from] Recoil\n|move|p2a: Donbozo|Rest|p2a: Donbozo\n|-status|p2a: Donbozo|slp|[from] move: Rest\n|-heal|p2a: Donbozo|100\/100 slp|[silent]\n|\n|-weather|RainDance|[upkeep]\n|upkeep\n|turn|11\n|\n|t:|1700309568\n|move|p1a: Basculegion|Wave Crash|p2a: Donbozo\n|-resisted|p2a: Donbozo\n|-damage|p2a: Donbozo|58\/100 slp\n|-damage|p1a: Basculegion|45\/100|[from] Recoil\n|cant|p2a: Donbozo|slp\n|move|p2a: Donbozo|Sleep Talk|p2a: Donbozo\n|move|p2a: Donbozo|Body Press|p1a: Basculegion|[from]move: Sleep Talk\n|-damage|p1a: Basculegion|8\/100\n|\n|-weather|RainDance|[upkeep]\n|upkeep\n|turn|12\n|\n|t:|1700309572\n|move|p1a: Basculegion|Wave Crash|p2a: Donbozo\n|-resisted|p2a: Donbozo\n|-damage|p2a: Donbozo|20\/100 slp\n|-damage|p1a: Basculegion|0 fnt|[from] Recoil\n|faint|p1a: Basculegion\n|cant|p2a: Donbozo|slp\n|move|p2a: Donbozo|Sleep Talk|p2a: Donbozo\n|move|p2a: Donbozo|Liquidation|p1: Basculegion|[from]move: Sleep Talk|[notarget]\n|-fail|p2a: Donbozo\n|\n|-weather|RainDance|[upkeep]\n|upkeep\n|\n|t:|1700309580\n|switch|p1a: Scizor|Scizor, F|71\/100\n|turn|13\n|\n|t:|1700309582\n|switch|p2a: Alomaloma|Alomomola, M|100\/100\n|move|p1a: Scizor|U-turn|p2a: Alomaloma\n|-damage|p2a: Alomaloma|79\/100\n|\n|t:|1700309589\n|switch|p1a: Zapdos|Zapdos|74\/100|[from] U-turn\n|\n|-weather|none\n|upkeep\n|turn|14\n|\n|t:|1700309595\n|move|p2a: Alomaloma|Protect|p2a: Alomaloma\n|-singleturn|p2a: Alomaloma|Protect\n|move|p1a: Zapdos|U-turn|p2a: Alomaloma\n|-activate|p2a: Alomaloma|move: Protect\n|\n|upkeep\n|turn|15\n|\n|t:|1700309599\n|move|p1a: Zapdos|U-turn|p2a: Alomaloma\n|-damage|p2a: Alomaloma|72\/100\n|\n|t:|1700309603\n|switch|p1a: Pelipper|Pelipper, M|100\/100|[from] U-turn\n|-weather|RainDance|[from] ability: Drizzle|[of] p1a: Pelipper\n|move|p2a: Alomaloma|Wish|p2a: Alomaloma\n|\n|-weather|RainDance|[upkeep]\n|upkeep\n|turn|16\n|\n|t:|1700309606\n|move|p1a: Pelipper|U-turn|p2a: Alomaloma\n|-damage|p2a: Alomaloma|68\/100\n|\n|t:|1700309611\n|switch|p1a: Zapdos|Zapdos|74\/100|[from] U-turn\n|move|p2a: Alomaloma|Flip Turn|p1a: Zapdos\n|-damage|p1a: Zapdos|54\/100\n|-status|p2a: Alomaloma|par|[from] ability: Static|[of] p1a: Zapdos\n|\n|t:|1700309616\n|switch|p2a: Donbozo|Dondozo, M|20\/100 slp|[from] Flip Turn\n|\n|-weather|RainDance|[upkeep]\n|-heal|p2a: Donbozo|73\/100 slp|[from] move: Wish|[wisher] Alomaloma\n|upkeep\n|turn|17\n|\n|t:|1700309620\n|switch|p2a: Docsire|Clodsire, F|100\/100\n|move|p1a: Zapdos|Thunder|p2a: Docsire\n|-immune|p2a: Docsire\n|\n|-weather|RainDance|[upkeep]\n|upkeep\n|turn|18\n|\n|t:|1700309634\n|move|p1a: Zapdos|U-turn|p2a: Docsire\n|-resisted|p2a: Docsire\n|-damage|p2a: Docsire|93\/100\n|\n|t:|1700309645\n|switch|p1a: Pelipper|Pelipper, M|100\/100|[from] U-turn\n|move|p2a: Docsire|Toxic|p1a: Pelipper\n|-status|p1a: Pelipper|tox\n|\n|-weather|RainDance|[upkeep]\n|-damage|p1a: Pelipper|95\/100 tox|[from] psn\n|upkeep\n|turn|19\n|\n|t:|1700309651\n|move|p1a: Pelipper|Surf|p2a: Docsire\n|-supereffective|p2a: Docsire\n|-damage|p2a: Docsire|29\/100\n|move|p2a: Docsire|Toxic|p1a: Pelipper\n|-fail|p1a: Pelipper|tox\n|\n|-weather|RainDance|[upkeep]\n|-damage|p1a: Pelipper|83\/100 tox|[from] psn\n|upkeep\n|turn|20\n|\n|t:|1700309657\n|switch|p2a: Blissey|Blissey, F|82\/100\n|move|p1a: Pelipper|U-turn|p2a: Blissey\n|-damage|p2a: Blissey|75\/100\n|\n|t:|1700309663\n|switch|p1a: Scizor|Scizor, F|71\/100|[from] U-turn\n|\n|-weather|RainDance|[upkeep]\n|upkeep\n|turn|21\n|\n|t:|1700309666\n|switch|p2a: Alomaloma|Alomomola, M|100\/100 par\n|move|p1a: Scizor|U-turn|p2a: Alomaloma\n|-damage|p2a: Alomaloma|77\/100 par\n|\n|t:|1700309673\n|switch|p1a: Zapdos|Zapdos|54\/100|[from] U-turn\n|\n|-weather|RainDance|[upkeep]\n|upkeep\n|turn|22\n|\n|t:|1700309681\n|switch|p2a: Blissey|Blissey, F|75\/100\n|move|p1a: Zapdos|Hurricane|p2a: Blissey\n|-damage|p2a: Blissey|58\/100\n|\n|-weather|none\n|upkeep\n|turn|23\n|\n|t:|1700309685\n|move|p1a: Zapdos|U-turn|p2a: Blissey\n|-damage|p2a: Blissey|46\/100\n|\n|t:|1700309688\n|switch|p1a: Scizor|Scizor, F|71\/100|[from] U-turn\n|move|p2a: Blissey|Seismic Toss|p1a: Scizor\n|-damage|p1a: Scizor|42\/100\n|\n|upkeep\n|turn|24\n|\n|t:|1700309693\n|switch|p2a: Toxepax|Toxapex, F|100\/100\n|move|p1a: Scizor|U-turn|p2a: Toxepax\n|-resisted|p2a: Toxepax\n|-damage|p2a: Toxepax|89\/100\n|\n|t:|1700309698\n|switch|p1a: Pelipper|Pelipper, M|83\/100 tox|[from] U-turn\n|-weather|RainDance|[from] ability: Drizzle|[of] p1a: Pelipper\n|\n|-weather|RainDance|[upkeep]\n|-damage|p1a: Pelipper|77\/100 tox|[from] psn\n|upkeep\n|turn|25\n|\n|t:|1700309703\n|move|p1a: Pelipper|U-turn|p2a: Toxepax\n|-resisted|p2a: Toxepax\n|-damage|p2a: Toxepax|87\/100\n|\n|t:|1700309708\n|switch|p1a: Zapdos|Zapdos|54\/100|[from] U-turn\n|move|p2a: Toxepax|Infestation|p1a: Zapdos\n|-resisted|p1a: Zapdos\n|-damage|p1a: Zapdos|52\/100\n|-activate|p1a: Zapdos|move: Infestation|[of] p2a: Toxepax\n|-status|p2a: Toxepax|par|[from] ability: Static|[of] p1a: Zapdos\n|\n|-weather|RainDance|[upkeep]\n|-damage|p1a: Zapdos|40\/100|[from] move: Infestation|[partiallytrapped]\n|upkeep\n|turn|26\n|\n|t:|1700309717\n|-terastallize|p2a: Toxepax|Fairy\n|move|p1a: Zapdos|Roost|p1a: Zapdos\n|-heal|p1a: Zapdos|90\/100\n|-singleturn|p1a: Zapdos|move: Roost\n|cant|p2a: Toxepax|par\n|\n|-weather|RainDance|[upkeep]\n|-damage|p1a: Zapdos|78\/100|[from] move: Infestation|[partiallytrapped]\n|upkeep\n|turn|27\n|\n|t:|1700309727\n|move|p1a: Zapdos|U-turn|p2a: Toxepax\n|-resisted|p2a: Toxepax\n|-damage|p2a: Toxepax|83\/100 par\n|\n|t:|1700309729\n|switch|p1a: Scizor|Scizor, F|42\/100|[from] U-turn\n|cant|p2a: Toxepax|par\n|\n|-weather|RainDance|[upkeep]\n|upkeep\n|turn|28\n|\n|t:|1700309737\n|move|p1a: Scizor|U-turn|p2a: Toxepax\n|-resisted|p2a: Toxepax\n|-damage|p2a: Toxepax|70\/100 par\n|\n|t:|1700309745\n|switch|p1a: Sandy Shocks|Sandy Shocks|70\/100|[from] U-turn\n|cant|p2a: Toxepax|par\n|\n|-weather|RainDance|[upkeep]\n|upkeep\n|turn|29\n|\n|t:|1700309750\n|switch|p2a: Blissey|Blissey, F|46\/100\n|move|p1a: Sandy Shocks|Thunderbolt|p2a: Blissey\n|-damage|p2a: Blissey|31\/100\n|\n|-weather|RainDance|[upkeep]\n|upkeep\n|turn|30\n|\n|t:|1700309762\n|-end|p1a: Sandy Shocks|Protosynthesis|[silent]\n|switch|p1a: Scizor|Scizor, F|42\/100\n|move|p2a: Blissey|Soft-Boiled|p2a: Blissey\n|-heal|p2a: Blissey|81\/100\n|\n|-weather|RainDance|[upkeep]\n|upkeep\n|turn|31\n|\n|t:|1700309771\n|move|p1a: Scizor|Close Combat|p2a: Blissey\n|-supereffective|p2a: Blissey\n|-damage|p2a: Blissey|0 fnt\n|-unboost|p1a: Scizor|def|1\n|-unboost|p1a: Scizor|spd|1\n|faint|p2a: Blissey\n|\n|-weather|none\n|upkeep\n|\n|t:|1700309775\n|switch|p2a: Talonflame|Talonflame, M|100\/100\n|turn|32\n|\n|t:|1700309781\n|switch|p1a: Pelipper|Pelipper, M|77\/100 tox\n|-weather|RainDance|[from] ability: Drizzle|[of] p1a: Pelipper\n|move|p2a: Talonflame|Flamethrower|p1a: Pelipper\n|-resisted|p1a: Pelipper\n|-damage|p1a: Pelipper|68\/100 tox\n|\n|-weather|RainDance|[upkeep]\n|-damage|p1a: Pelipper|62\/100 tox|[from] psn\n|upkeep\n|turn|33\n|\n|t:|1700309788\n|switch|p2a: Alomaloma|Alomomola, M|100\/100 par\n|move|p1a: Pelipper|U-turn|p2a: Alomaloma\n|-damage|p2a: Alomaloma|96\/100 par\n|\n|t:|1700309793\n|switch|p1a: Zapdos|Zapdos|78\/100|[from] U-turn\n|\n|-weather|RainDance|[upkeep]\n|upkeep\n|turn|34\n|\n|t:|1700309806\n|cant|p2a: Alomaloma|par\n|move|p1a: Zapdos|Thunder|p2a: Alomaloma\n|-supereffective|p2a: Alomaloma\n|-damage|p2a: Alomaloma|0 fnt\n|faint|p2a: Alomaloma\n|\n|-weather|RainDance|[upkeep]\n|upkeep\n|\n|t:|1700309808\n|switch|p2a: Docsire|Clodsire, F|29\/100\n|turn|35\n|\n|t:|1700309812\n|move|p1a: Zapdos|Hurricane|p2a: Docsire\n|-damage|p2a: Docsire|4\/100\n|move|p2a: Docsire|Recover|p2a: Docsire\n|-heal|p2a: Docsire|54\/100\n|\n|-weather|RainDance|[upkeep]\n|upkeep\n|turn|36\n|\n|t:|1700309820\n|move|p1a: Zapdos|U-turn|p2a: Docsire\n|-resisted|p2a: Docsire\n|-damage|p2a: Docsire|46\/100\n|\n|t:|1700309825\n|switch|p1a: Pelipper|Pelipper, M|62\/100 tox|[from] U-turn\n|move|p2a: Docsire|Toxic|p1a: Pelipper\n|-fail|p1a: Pelipper|tox\n|\n|-weather|RainDance|[upkeep]\n|-damage|p1a: Pelipper|56\/100 tox|[from] psn\n|upkeep\n|turn|37\n|\n|t:|1700309829\n|switch|p2a: Toxepax|Toxapex, F, tera:Fairy|100\/100 par\n|move|p1a: Pelipper|Surf|p2a: Toxepax\n|-damage|p2a: Toxepax|52\/100 par\n|\n|-weather|RainDance|[upkeep]\n|-damage|p1a: Pelipper|44\/100 tox|[from] psn\n|upkeep\n|turn|38\n|\n|t:|1700309834\n|move|p1a: Pelipper|U-turn|p2a: Toxepax\n|-resisted|p2a: Toxepax\n|-damage|p2a: Toxepax|49\/100 par\n|\n|t:|1700309840\n|switch|p1a: Greninja|Greninja, M|100\/100|[from] U-turn\n|move|p2a: Toxepax|Toxic|p1a: Greninja\n|-status|p1a: Greninja|tox\n|\n|-weather|RainDance|[upkeep]\n|-damage|p1a: Greninja|95\/100 tox|[from] psn\n|upkeep\n|turn|39\n|\n|t:|1700309852\n|switch|p2a: Donbozo|Dondozo, M|73\/100 slp\n|move|p1a: Greninja|Surf|p2a: Donbozo\n|-resisted|p2a: Donbozo\n|-damage|p2a: Donbozo|34\/100 slp\n|-damage|p1a: Greninja|85\/100 tox|[from] item: Life Orb\n|\n|-weather|none\n|-damage|p1a: Greninja|73\/100 tox|[from] psn\n|upkeep\n|turn|40\n|\n|t:|1700309858\n|move|p1a: Greninja|Dark Pulse|p2a: Donbozo\n|-damage|p2a: Donbozo|0 fnt\n|faint|p2a: Donbozo\n|-ability|p1a: Greninja|Battle Bond|boost\n|-boost|p1a: Greninja|atk|1\n|-boost|p1a: Greninja|spa|1\n|-boost|p1a: Greninja|spe|1\n|-activate|p1a: Greninja|ability: Battle Bond\n|-damage|p1a: Greninja|63\/100 tox|[from] item: Life Orb\n|\n|-damage|p1a: Greninja|45\/100 tox|[from] psn\n|upkeep\n|\n|t:|1700309862\n|switch|p2a: Docsire|Clodsire, F|46\/100\n|turn|41\n|\n|t:|1700309867\n|move|p1a: Greninja|Surf|p2a: Docsire\n|-supereffective|p2a: Docsire\n|-damage|p2a: Docsire|0 fnt\n|faint|p2a: Docsire\n|-damage|p1a: Greninja|35\/100 tox|[from] item: Life Orb\n|\n|-damage|p1a: Greninja|11\/100 tox|[from] psn\n|upkeep\n|\n|t:|1700309871\n|switch|p2a: Toxepax|Toxapex, F, tera:Fairy|82\/100 par\n|turn|42\n|\n|t:|1700309876\n|move|p1a: Greninja|Surf|p2a: Toxepax\n|-damage|p2a: Toxepax|22\/100 par\n|-damage|p1a: Greninja|2\/100 tox|[from] item: Life Orb\n|move|p2a: Toxepax|Recover|p2a: Toxepax\n|-heal|p2a: Toxepax|72\/100 par\n|\n|-damage|p1a: Greninja|0 fnt|[from] psn\n|faint|p1a: Greninja\n|upkeep\n|\n|t:|1700309881\n|switch|p1a: Scizor|Scizor, F|42\/100\n|turn|43\n|\n|t:|1700309884\n|move|p1a: Scizor|Bullet Punch|p2a: Toxepax\n|-supereffective|p2a: Toxepax\n|-damage|p2a: Toxepax|24\/100 par\n|move|p2a: Toxepax|Infestation|p1a: Scizor\n|-resisted|p1a: Scizor\n|-damage|p1a: Scizor|40\/100\n|-activate|p1a: Scizor|move: Infestation|[of] p2a: Toxepax\n|\n|-damage|p1a: Scizor|28\/100|[from] move: Infestation|[partiallytrapped]\n|upkeep\n|turn|44\n|\n|t:|1700309901\n|switch|p2a: Talonflame|Talonflame, M|100\/100\n|move|p1a: Scizor|Bullet Punch|p2a: Talonflame\n|-resisted|p2a: Talonflame\n|-crit|p2a: Talonflame\n|-damage|p2a: Talonflame|75\/100\n|\n|-end|p1a: Scizor|Infestation|[partiallytrapped]|[silent]\n|upkeep\n|turn|45\n|\n|t:|1700309907\n|switch|p2a: Toxepax|Toxapex, F, tera:Fairy|57\/100 par\n|switch|p1a: Pelipper|Pelipper, M|44\/100 tox\n|-weather|RainDance|[from] ability: Drizzle|[of] p1a: Pelipper\n|\n|-weather|RainDance|[upkeep]\n|-damage|p1a: Pelipper|38\/100 tox|[from] psn\n|upkeep\n|turn|46\n|\n|t:|1700309912\n|move|p1a: Pelipper|Surf|p2a: Toxepax\n|-damage|p2a: Toxepax|9\/100 par\n|move|p2a: Toxepax|Recover|p2a: Toxepax\n|-heal|p2a: Toxepax|59\/100 par\n|\n|-weather|RainDance|[upkeep]\n|-damage|p1a: Pelipper|27\/100 tox|[from] psn\n|upkeep\n|turn|47\n|\n|t:|1700309925\n|move|p1a: Pelipper|Surf|p2a: Toxepax\n|-damage|p2a: Toxepax|6\/100 par\n|move|p2a: Toxepax|Toxic|p1a: Pelipper\n|-fail|p1a: Pelipper|tox\n|\n|-weather|RainDance|[upkeep]\n|-damage|p1a: Pelipper|9\/100 tox|[from] psn\n|upkeep\n|turn|48\n|\n|t:|1700309930\n|switch|p2a: Talonflame|Talonflame, M|75\/100\n|move|p1a: Pelipper|Surf|p2a: Talonflame\n|-supereffective|p2a: Talonflame\n|-crit|p2a: Talonflame\n|-damage|p2a: Talonflame|0 fnt\n|faint|p2a: Talonflame\n|\n|-weather|RainDance|[upkeep]\n|-damage|p1a: Pelipper|0 fnt|[from] psn\n|faint|p1a: Pelipper\n|upkeep\n|\n|t:|1700309935\n|switch|p2a: Toxepax|Toxapex, F, tera:Fairy|40\/100 par\n|switch|p1a: Scizor|Scizor, F|28\/100\n|turn|49\n|c|\u2606Brot Handel|GG\n|c|\u2606Brot Handel|EZ\n|inactive|StallUntilYouRage has 120 seconds left.\n|c|\u2606Brot Handel|FW\n|c|\u2606Brot Handel|NOOB\n|c|\u2606Brot Handel|noob\n|c|\u2606Brot Handel|\uff1f\n|c|\u2606Brot Handel|\uff1f\n|c|\u2606Brot Handel|\uff1f\n|c|\u2606Brot Handel|\uff1f\n|c|\u2606Brot Handel|\uff1f\n|c|\u2606Brot Handel|\uff1f\n|c|\u2606Brot Handel|\uff1f\n|c|\u2606Brot Handel|\uff1f\n|c|\u2606Brot Handel|\uff1f\n|c|\u2606Brot Handel|\uff1f\n|c|\u2606Brot Handel|\uff1f\n|c|\u2606Brot Handel|\uff1f\n|c|\u2606Brot Handel|\uff1f\n|c|\u2606Brot Handel|\uff1f\n|c|\u2606Brot Handel|\uff1f\n|c|\u2606Brot Handel|\uff1f\n|c|\u2606Brot Handel|\uff1f\n|c|\u2606Brot Handel|\uff1f\n|inactive|StallUntilYouRage has 90 seconds left.\n|c|\u2606Brot Handel|\uff1f\n|c|\u2606Brot Handel|\uff1f\n|c|\u2606Brot Handel|\uff1f\n|c|\u2606Brot Handel|\uff1f\n|c|\u2606Brot Handel|\uff1f\n|c|\u2606Brot Handel|\uff1f\n|c|\u2606Brot Handel|\uff1f\n|inactive|StallUntilYouRage has 60 seconds left.\n|c|\u2606Brot Handel|EZ\n|c|\u2606Brot Handel|EZ\n|c|\u2606Brot Handel|EZ\n|c|\u2606Brot Handel|EZ\n|c|\u2606Brot Handel|EZ\n|c|\u2606Brot Handel|EZ\n|c|\u2606Brot Handel|EZ\n|c|\u2606Brot Handel|EZEZ\n|c|\u2606Brot Handel|EZ\n|c|\u2606Brot Handel|EZ\n|c|\u2606Brot Handel|EZ\n|c|\u2606Brot Handel|EZ\n|c|\u2606Brot Handel|EZ\n|c|\u2606Brot Handel|EZ\n|c|\u2606Brot Handel|EZ\n|c|\u2606Brot Handel|EZ\n|c|\u2606Brot Handel|EZ\n|c|\u2606Brot Handel|EZ\n|inactive|StallUntilYouRage has 30 seconds left.\n|inactive|StallUntilYouRage has 20 seconds left.\n|inactive|StallUntilYouRage has 15 seconds left.\n|inactive|StallUntilYouRage has 10 seconds left.\n|inactive|StallUntilYouRage has 5 seconds left.\n|-message|StallUntilYouRage lost due to inactivity.\n|\n|win|Brot Handel\n|raw|Brot Handel's rating: 1285 &rarr; <strong>1318<\/strong><br \/>(+33 for winning)\n|raw|StallUntilYouRage's rating: 1400 &rarr; <strong>1374<\/strong><br \/>(-26 for losing)\n","uploadtime":1700310092,"views":11,"p1id":"brothandel","p2id":"stalluntilyourage","formatid":"gen9ou","rating":1318,"private":0,"password":""}