{"id":"gen9ou-1993681085","p1":"Cristaldu41","p2":"darkwuz","format":"[Gen 9] OU","log":"|j|\u2606Cristaldu41\n|j|\u2606darkwuz\n|t:|1700344924\n|gametype|singles\n|player|p1|Cristaldu41|265|1398\n|player|p2|darkwuz|benga|1306\n|teamsize|p1|6\n|teamsize|p2|6\n|gen|9\n|tier|[Gen 9] OU\n|rated|\n|rule|Sleep Clause Mod: Limit one foe put to sleep\n|rule|Species Clause: Limit one of each Pok\u00e9mon\n|rule|OHKO Clause: OHKO moves are banned\n|rule|Evasion Items Clause: Evasion items are banned\n|rule|Evasion Moves Clause: Evasion moves are banned\n|rule|Endless Battle Clause: Forcing endless battles is banned\n|rule|HP Percentage Mod: HP is shown in percentages\n|clearpoke\n|poke|p1|Ogerpon-Wellspring, F|\n|poke|p1|Glimmora, F|\n|poke|p1|Iron Valiant|\n|poke|p1|Dragonite, F|\n|poke|p1|Zapdos|\n|poke|p1|Garchomp, F|\n|poke|p2|Mew|\n|poke|p2|Masquerain, F|\n|poke|p2|Greninja-*, M|\n|poke|p2|Iron Treads|\n|poke|p2|Corviknight, M|\n|poke|p2|Lurantis, M|\n|teampreview\n|inactive|Battle timer is ON: inactive players will automatically lose when time's up. (requested by darkwuz)\n|\n|t:|1700344940\n|start\n|switch|p1a: Glimmora|Glimmora, F|100\/100\n|switch|p2a: Iron Treads|Iron Treads|100\/100\n|turn|1\n|\n|t:|1700344948\n|switch|p1a: Dragonite|Dragonite, F|100\/100\n|move|p2a: Iron Treads|Rapid Spin|p1a: Dragonite\n|-damage|p1a: Dragonite|93\/100\n|-boost|p2a: Iron Treads|spe|1\n|\n|upkeep\n|turn|2\n|\n|t:|1700344955\n|move|p2a: Iron Treads|Ice Spinner|p1a: Dragonite\n|-supereffective|p1a: Dragonite\n|-damage|p1a: Dragonite|0 fnt\n|faint|p1a: Dragonite\n|\n|upkeep\n|\n|t:|1700344958\n|switch|p1a: Garchomp|Garchomp, F|100\/100\n|turn|3\n|\n|t:|1700344967\n|-end|p2a: Iron Treads|Quark Drive|[silent]\n|switch|p2a: Mew|Mew|100\/100\n|move|p1a: Garchomp|Fire Blast|p2a: Mew|[miss]\n|-miss|p1a: Garchomp|p2a: Mew\n|\n|upkeep\n|turn|4\n|\n|t:|1700344972\n|move|p1a: Garchomp|Spikes|p2a: Mew\n|-sidestart|p2: darkwuz|Spikes\n|move|p2a: Mew|Dragon Dance|p2a: Mew\n|-boost|p2a: Mew|atk|1\n|-boost|p2a: Mew|spe|1\n|\n|upkeep\n|turn|5\n|\n|t:|1700344978\n|move|p2a: Mew|Ice Spinner|p1a: Garchomp\n|-supereffective|p1a: Garchomp\n|-damage|p1a: Garchomp|0 fnt\n|-damage|p2a: Mew|88\/100|[from] ability: Rough Skin|[of] p1a: Garchomp\n|faint|p1a: Garchomp\n|\n|upkeep\n|\n|t:|1700344982\n|switch|p1a: Glimmora|Glimmora, F|100\/100\n|turn|6\n|\n|t:|1700344986\n|move|p2a: Mew|Ice Spinner|p1a: Glimmora\n|-damage|p1a: Glimmora|49\/100\n|-activate|p1a: Glimmora|ability: Toxic Debris\n|-sidestart|p2: darkwuz|move: Toxic Spikes\n|move|p1a: Glimmora|Mortal Spin|p2a: Mew\n|-damage|p2a: Mew|82\/100\n|-status|p2a: Mew|psn\n|-activate|p2a: Mew|ability: Synchronize\n|-immune|p1a: Glimmora\n|\n|-damage|p2a: Mew|70\/100 psn|[from] psn\n|upkeep\n|turn|7\n|\n|t:|1700344996\n|move|p2a: Mew|Ice Spinner|p1a: Glimmora\n|-damage|p1a: Glimmora|0 fnt\n|-activate|p1a: Glimmora|ability: Toxic Debris\n|-sidestart|p2: darkwuz|move: Toxic Spikes\n|faint|p1a: Glimmora\n|\n|-damage|p2a: Mew|57\/100 psn|[from] psn\n|upkeep\n|\n|t:|1700345002\n|switch|p1a: Ogerpon|Ogerpon-Wellspring, F|100\/100\n|turn|8\n|\n|t:|1700345005\n|move|p2a: Mew|Drain Punch|p1a: Ogerpon\n|-damage|p1a: Ogerpon|55\/100\n|-heal|p2a: Mew|77\/100 psn|[from] drain|[of] p1a: Ogerpon\n|move|p1a: Ogerpon|Ivy Cudgel|p2a: Mew|[anim] Ivy Cudgel Water\n|-damage|p2a: Mew|19\/100 psn\n|\n|-damage|p2a: Mew|6\/100 psn|[from] psn\n|upkeep\n|turn|9\n|\n|t:|1700345014\n|switch|p1a: Zapdos|Zapdos|100\/100\n|move|p2a: Mew|Drain Punch|p1a: Zapdos\n|-resisted|p1a: Zapdos\n|-damage|p1a: Zapdos|80\/100\n|-heal|p2a: Mew|16\/100 psn|[from] drain|[of] p1a: Zapdos\n|\n|-damage|p2a: Mew|4\/100 psn|[from] psn\n|upkeep\n|turn|10\n|\n|t:|1700345024\n|move|p2a: Mew|Ice Spinner|p1a: Zapdos\n|-supereffective|p1a: Zapdos\n|-damage|p1a: Zapdos|14\/100\n|move|p1a: Zapdos|Roost|p1a: Zapdos\n|-heal|p1a: Zapdos|64\/100\n|-singleturn|p1a: Zapdos|move: Roost\n|\n|-damage|p2a: Mew|0 fnt|[from] psn\n|faint|p2a: Mew\n|upkeep\n|inactive|darkwuz has 120 seconds left.\n|\n|t:|1700345066\n|switch|p2a: Masquerain|Masquerain, F|100\/100\n|-ability|p2a: Masquerain|Intimidate|boost\n|-unboost|p1a: Zapdos|atk|1\n|turn|11\n|\n|t:|1700345073\n|move|p1a: Zapdos|Thunderbolt|p2a: Masquerain\n|-supereffective|p2a: Masquerain\n|-enditem|p2a: Masquerain|Focus Sash\n|-damage|p2a: Masquerain|1\/100\n|move|p2a: Masquerain|Sticky Web|p1a: Zapdos\n|-sidestart|p1: Cristaldu41|move: Sticky Web\n|\n|upkeep\n|turn|12\n|\n|t:|1700345084\n|move|p1a: Zapdos|Thunderbolt|p2a: Masquerain\n|-supereffective|p2a: Masquerain\n|-damage|p2a: Masquerain|0 fnt\n|faint|p2a: Masquerain\n|\n|upkeep\n|\n|t:|1700345086\n|switch|p2a: Iron Treads|Iron Treads|100\/100\n|-damage|p2a: Iron Treads|88\/100|[from] Spikes\n|turn|13\n|\n|t:|1700345090\n|move|p1a: Zapdos|Hurricane|p2a: Iron Treads\n|-resisted|p2a: Iron Treads\n|-damage|p2a: Iron Treads|65\/100\n|move|p2a: Iron Treads|Rapid Spin|p1a: Zapdos\n|-damage|p1a: Zapdos|46\/100\n|-boost|p2a: Iron Treads|spe|1\n|-status|p2a: Iron Treads|par|[from] ability: Static|[of] p1a: Zapdos\n|-sideend|p2: darkwuz|Spikes|[from] move: Rapid Spin|[of] p2a: Iron Treads\n|-sideend|p2: darkwuz|Toxic Spikes|[from] move: Rapid Spin|[of] p2a: Iron Treads\n|\n|upkeep\n|turn|14\n|\n|t:|1700345097\n|move|p1a: Zapdos|Roost|p1a: Zapdos\n|-heal|p1a: Zapdos|96\/100\n|-singleturn|p1a: Zapdos|move: Roost\n|cant|p2a: Iron Treads|par\n|\n|upkeep\n|turn|15\n|\n|t:|1700345102\n|move|p1a: Zapdos|Hurricane|p2a: Iron Treads\n|-resisted|p2a: Iron Treads\n|-damage|p2a: Iron Treads|44\/100 par\n|cant|p2a: Iron Treads|par\n|\n|upkeep\n|turn|16\n|\n|t:|1700345107\n|move|p1a: Zapdos|Hurricane|p2a: Iron Treads\n|-resisted|p2a: Iron Treads\n|-damage|p2a: Iron Treads|24\/100 par\n|-start|p2a: Iron Treads|confusion\n|-activate|p2a: Iron Treads|confusion\n|move|p2a: Iron Treads|Ice Spinner|p1a: Zapdos\n|-supereffective|p1a: Zapdos\n|-damage|p1a: Zapdos|44\/100\n|\n|upkeep\n|turn|17\n|\n|t:|1700345114\n|move|p1a: Zapdos|Roost|p1a: Zapdos\n|-heal|p1a: Zapdos|94\/100\n|-singleturn|p1a: Zapdos|move: Roost\n|-activate|p2a: Iron Treads|confusion\n|move|p2a: Iron Treads|Ice Spinner|p1a: Zapdos\n|-damage|p1a: Zapdos|65\/100\n|\n|upkeep\n|turn|18\n|\n|t:|1700345121\n|move|p1a: Zapdos|Hurricane|p2a: Iron Treads\n|-resisted|p2a: Iron Treads\n|-damage|p2a: Iron Treads|0 fnt\n|faint|p2a: Iron Treads\n|-end|p2a: Iron Treads|Quark Drive|[silent]\n|\n|upkeep\n|\n|t:|1700345125\n|switch|p2a: Lurantis|Lurantis, M|100\/100\n|turn|19\n|\n|t:|1700345128\n|move|p1a: Zapdos|Hurricane|p2a: Lurantis\n|-supereffective|p2a: Lurantis\n|-damage|p2a: Lurantis|0 fnt\n|faint|p2a: Lurantis\n|\n|upkeep\n|\n|t:|1700345130\n|switch|p2a: Greninja|Greninja, M|100\/100\n|turn|20\n|\n|t:|1700345135\n|-terastallize|p2a: Greninja|Poison\n|-terastallize|p1a: Zapdos|Steel\n|move|p2a: Greninja|Ice Beam|p1a: Zapdos\n|-resisted|p1a: Zapdos\n|-damage|p1a: Zapdos|51\/100\n|move|p1a: Zapdos|Thunderbolt|p2a: Greninja\n|-damage|p2a: Greninja|33\/100\n|\n|upkeep\n|turn|21\n|\n|t:|1700345144\n|move|p2a: Greninja|Dark Pulse|p1a: Zapdos\n|-damage|p1a: Zapdos|8\/100\n|move|p1a: Zapdos|Thunderbolt|p2a: Greninja\n|-damage|p2a: Greninja|0 fnt\n|faint|p2a: Greninja\n|\n|upkeep\n|\n|t:|1700345147\n|switch|p2a: Corviknight|Corviknight, M|100\/100\n|-ability|p2a: Corviknight|Pressure\n|turn|22\n|\n|t:|1700345150\n|move|p1a: Zapdos|Thunderbolt|p2a: Corviknight\n|-supereffective|p2a: Corviknight\n|-damage|p2a: Corviknight|14\/100\n|move|p2a: Corviknight|Body Press|p1a: Zapdos\n|-supereffective|p1a: Zapdos\n|-damage|p1a: Zapdos|0 fnt\n|faint|p1a: Zapdos\n|\n|upkeep\n|\n|t:|1700345154\n|switch|p1a: Iron Valiant|Iron Valiant|100\/100\n|-activate|p1a: Iron Valiant|move: Sticky Web\n|-unboost|p1a: Iron Valiant|spe|1\n|turn|23\n|\n|t:|1700345163\n|move|p1a: Iron Valiant|Thunderbolt|p2a: Corviknight\n|-supereffective|p2a: Corviknight\n|-damage|p2a: Corviknight|0 fnt\n|faint|p2a: Corviknight\n|\n|win|Cristaldu41\n|raw|Cristaldu41's rating: 1398 &rarr; <strong>1413<\/strong><br \/>(+15 for winning)\n|raw|darkwuz's rating: 1306 &rarr; <strong>1291<\/strong><br \/>(-15 for losing)\n|l|\u2606darkwuz\n","uploadtime":1700345181,"views":13,"p1id":"cristaldu41","p2id":"darkwuz","formatid":"gen9ou","rating":1291,"private":0,"password":""}