{"id":"gen9ou-1993807768","p1":"Power Panpour","p2":"mataj","format":"[Gen 9] OU","log":"|j|\u2606Power Panpour\n|j|\u2606mataj\n|t:|1700359748\n|gametype|singles\n|player|p1|Power Panpour|ingo|1190\n|player|p2|mataj|hilbert-wonderlauncher|1283\n|teamsize|p1|6\n|teamsize|p2|6\n|gen|9\n|tier|[Gen 9] OU\n|rated|\n|rule|Sleep Clause Mod: Limit one foe put to sleep\n|rule|Species Clause: Limit one of each Pok\u00e9mon\n|rule|OHKO Clause: OHKO moves are banned\n|rule|Evasion Items Clause: Evasion items are banned\n|rule|Evasion Moves Clause: Evasion moves are banned\n|rule|Endless Battle Clause: Forcing endless battles is banned\n|rule|HP Percentage Mod: HP is shown in percentages\n|clearpoke\n|poke|p1|Landorus-Therian, M|\n|poke|p1|Iron Valiant|\n|poke|p1|Blissey, F|\n|poke|p1|Great Tusk|\n|poke|p1|Zapdos|\n|poke|p1|Alomomola, M|\n|poke|p2|Ogerpon-Wellspring, F|\n|poke|p2|Enamorus, F|\n|poke|p2|Slowking-Galar, M|\n|poke|p2|Samurott-Hisui, M|\n|poke|p2|Kingambit, F|\n|poke|p2|Zapdos|\n|teampreview\n|inactive|Battle timer is ON: inactive players will automatically lose when time's up. (requested by Power Panpour)\n|\n|t:|1700359777\n|start\n|switch|p1a: Boomer Bird|Zapdos|100\/100\n|switch|p2a: Samurott|Samurott-Hisui, M|100\/100\n|turn|1\n|\n|t:|1700359784\n|move|p2a: Samurott|Ceaseless Edge|p1a: Boomer Bird\n|-damage|p1a: Boomer Bird|54\/100\n|-sidestart|p1: Power Panpour|Spikes\n|move|p1a: Boomer Bird|Thunderbolt|p2a: Samurott\n|-supereffective|p2a: Samurott\n|-enditem|p2a: Samurott|Focus Sash\n|-damage|p2a: Samurott|1\/100\n|-status|p2a: Samurott|par\n|\n|-heal|p1a: Boomer Bird|60\/100|[from] item: Leftovers\n|upkeep\n|turn|2\n|\n|t:|1700359803\n|move|p2a: Samurott|Aqua Jet|p1a: Boomer Bird\n|-damage|p1a: Boomer Bird|40\/100\n|move|p1a: Boomer Bird|Roost|p1a: Boomer Bird\n|-heal|p1a: Boomer Bird|90\/100\n|-singleturn|p1a: Boomer Bird|move: Roost\n|\n|-heal|p1a: Boomer Bird|96\/100|[from] item: Leftovers\n|upkeep\n|turn|3\n|\n|t:|1700359808\n|move|p1a: Boomer Bird|Thunderbolt|p2a: Samurott\n|-supereffective|p2a: Samurott\n|-damage|p2a: Samurott|0 fnt\n|faint|p2a: Samurott\n|\n|-heal|p1a: Boomer Bird|100\/100|[from] item: Leftovers\n|upkeep\n|\n|t:|1700359818\n|switch|p2a: Zapdos|Zapdos|100\/100\n|turn|4\n|\n|t:|1700359821\n|move|p2a: Zapdos|Volt Switch|p1a: Boomer Bird\n|-crit|p1a: Boomer Bird\n|-damage|p1a: Boomer Bird|59\/100\n|\n|t:|1700359824\n|switch|p2a: Slowking|Slowking-Galar, M|100\/100|[from] Volt Switch\n|move|p1a: Boomer Bird|Thunderbolt|p2a: Slowking\n|-damage|p2a: Slowking|62\/100\n|\n|-heal|p1a: Boomer Bird|65\/100|[from] item: Leftovers\n|upkeep\n|turn|5\n|\n|t:|1700359837\n|move|p1a: Boomer Bird|Hurricane|p2a: Slowking\n|-damage|p2a: Slowking|11\/100\n|-start|p2a: Slowking|confusion\n|-activate|p2a: Slowking|confusion\n|move|p2a: Slowking|Future Sight|p1a: Boomer Bird\n|-start|p2a: Slowking|move: Future Sight\n|\n|-heal|p1a: Boomer Bird|71\/100|[from] item: Leftovers\n|upkeep\n|turn|6\n|\n|t:|1700359852\n|switch|p2a: Zapdos|Zapdos|100\/100\n|move|p1a: Boomer Bird|Thunderbolt|p2a: Zapdos\n|-damage|p2a: Zapdos|53\/100\n|\n|-heal|p1a: Boomer Bird|77\/100|[from] item: Leftovers\n|upkeep\n|turn|7\n|inactive|mataj has 120 seconds left.\n|\n|t:|1700359883\n|move|p2a: Zapdos|Volt Switch|p1a: Boomer Bird\n|-damage|p1a: Boomer Bird|49\/100\n|inactive|mataj has 120 seconds left.\n|\n|t:|1700359889\n|switch|p2a: Slowking|Slowking-Galar, M|44\/100|[from] Volt Switch\n|move|p1a: Boomer Bird|Thunderbolt|p2a: Slowking\n|-damage|p2a: Slowking|5\/100\n|\n|-end|p1a: Boomer Bird|move: Future Sight\n|-damage|p1a: Boomer Bird|8\/100\n|-heal|p1a: Boomer Bird|14\/100|[from] item: Leftovers\n|upkeep\n|turn|8\n|\n|t:|1700359900\n|switch|p2a: Zapdos|Zapdos|53\/100\n|move|p1a: Boomer Bird|Thunderbolt|p2a: Zapdos\n|-damage|p2a: Zapdos|2\/100\n|\n|-heal|p1a: Boomer Bird|20\/100|[from] item: Leftovers\n|upkeep\n|turn|9\n|\n|t:|1700359904\n|move|p2a: Zapdos|Roost|p2a: Zapdos\n|-heal|p2a: Zapdos|52\/100\n|-singleturn|p2a: Zapdos|move: Roost\n|move|p1a: Boomer Bird|Roost|p1a: Boomer Bird\n|-heal|p1a: Boomer Bird|70\/100\n|-singleturn|p1a: Boomer Bird|move: Roost\n|\n|-heal|p1a: Boomer Bird|76\/100|[from] item: Leftovers\n|upkeep\n|turn|10\n|\n|t:|1700359908\n|move|p2a: Zapdos|Roost|p2a: Zapdos\n|-heal|p2a: Zapdos|100\/100\n|-singleturn|p2a: Zapdos|move: Roost\n|move|p1a: Boomer Bird|Roost|p1a: Boomer Bird\n|-heal|p1a: Boomer Bird|100\/100\n|-singleturn|p1a: Boomer Bird|move: Roost\n|\n|upkeep\n|turn|11\n|\n|t:|1700359914\n|switch|p1a: I'm so back baby|Landorus-Therian, M|100\/100\n|-ability|p1a: I'm so back baby|Intimidate|boost\n|-unboost|p2a: Zapdos|atk|1\n|move|p2a: Zapdos|Heat Wave|p1a: I'm so back baby\n|-damage|p1a: I'm so back baby|71\/100\n|\n|-heal|p1a: I'm so back baby|77\/100|[from] item: Leftovers\n|upkeep\n|turn|12\n|\n|t:|1700359917\n|move|p1a: I'm so back baby|Stealth Rock|p2a: Zapdos\n|-sidestart|p2: mataj|move: Stealth Rock\n|move|p2a: Zapdos|Hurricane|p1a: I'm so back baby\n|-damage|p1a: I'm so back baby|30\/100\n|-start|p1a: I'm so back baby|confusion\n|\n|-heal|p1a: I'm so back baby|36\/100|[from] item: Leftovers\n|upkeep\n|turn|13\n|\n|t:|1700359924\n|-activate|p1a: I'm so back baby|confusion\n|move|p1a: I'm so back baby|U-turn|p2a: Zapdos\n|-resisted|p2a: Zapdos\n|-damage|p2a: Zapdos|90\/100\n|-status|p1a: I'm so back baby|par|[from] ability: Static|[of] p2a: Zapdos\n|\n|t:|1700359930\n|switch|p1a: Is but a bliss|Blissey, F|100\/100|[from] U-turn\n|-damage|p1a: Is but a bliss|88\/100|[from] Spikes\n|move|p2a: Zapdos|Hurricane|p1a: Is but a bliss\n|-damage|p1a: Is but a bliss|72\/100\n|\n|-heal|p1a: Is but a bliss|78\/100|[from] item: Leftovers\n|upkeep\n|turn|14\n|\n|t:|1700359941\n|move|p2a: Zapdos|Volt Switch|p1a: Is but a bliss\n|-damage|p1a: Is but a bliss|66\/100\n|\n|t:|1700359945\n|switch|p2a: Slowking|Slowking-Galar, M|38\/100|[from] Volt Switch\n|move|p1a: Is but a bliss|Seismic Toss|p2a: Slowking\n|-damage|p2a: Slowking|13\/100\n|\n|-heal|p1a: Is but a bliss|73\/100|[from] item: Leftovers\n|upkeep\n|turn|15\n|\n|t:|1700359953\n|move|p1a: Is but a bliss|Seismic Toss|p2a: Slowking\n|-damage|p2a: Slowking|0 fnt\n|faint|p2a: Slowking\n|\n|-heal|p1a: Is but a bliss|79\/100|[from] item: Leftovers\n|upkeep\n|\n|t:|1700359956\n|switch|p2a: Ogerpon|Ogerpon-Wellspring, F|100\/100\n|-damage|p2a: Ogerpon|88\/100|[from] Stealth Rock\n|turn|16\n|\n|t:|1700359969\n|move|p2a: Ogerpon|Ivy Cudgel|p1a: Is but a bliss|[anim] Ivy Cudgel Water\n|-damage|p1a: Is but a bliss|24\/100\n|move|p1a: Is but a bliss|Seismic Toss|p2a: Ogerpon\n|-damage|p2a: Ogerpon|55\/100\n|\n|-heal|p1a: Is but a bliss|30\/100|[from] item: Leftovers\n|upkeep\n|turn|17\n|\n|t:|1700359975\n|switch|p1a: Coca-Mola|Alomomola, M|100\/100\n|-damage|p1a: Coca-Mola|88\/100|[from] Spikes\n|move|p2a: Ogerpon|Swords Dance|p2a: Ogerpon\n|-boost|p2a: Ogerpon|atk|2\n|\n|-heal|p1a: Coca-Mola|94\/100|[from] item: Leftovers\n|upkeep\n|turn|18\n|\n|t:|1700359985\n|-terastallize|p1a: Coca-Mola|Poison\n|move|p2a: Ogerpon|Trailblaze|p1a: Coca-Mola\n|-resisted|p1a: Coca-Mola\n|-damage|p1a: Coca-Mola|78\/100\n|-boost|p2a: Ogerpon|spe|1\n|move|p1a: Coca-Mola|Wish|p1a: Coca-Mola\n|\n|-heal|p1a: Coca-Mola|84\/100|[from] item: Leftovers\n|upkeep\n|turn|19\n|\n|t:|1700359995\n|switch|p1a: Pronouns: Activate|Iron Valiant|100\/100\n|-damage|p1a: Pronouns: Activate|88\/100|[from] Spikes\n|-terastallize|p2a: Ogerpon|Water\n|detailschange|p2a: Ogerpon|Ogerpon-Wellspring-Tera, F, tera:Water\n|-ability|p2a: Ogerpon|Embody Aspect (Wellspring)|boost\n|-boost|p2a: Ogerpon|spd|1\n|move|p2a: Ogerpon|Ivy Cudgel|p1a: Pronouns: Activate|[anim] Ivy Cudgel Water\n|-damage|p1a: Pronouns: Activate|0 fnt\n|faint|p1a: Pronouns: Activate\n|-end|p1a: Pronouns: Activate|Quark Drive|[silent]\n|\n|upkeep\n|-message|Power Panpour forfeited.\n|\n|win|mataj\n|raw|Power Panpour's rating: 1190 &rarr; <strong>1172<\/strong><br \/>(-18 for losing)\n|raw|mataj's rating: 1283 &rarr; <strong>1301<\/strong><br \/>(+18 for winning)\n|l|\u2606Power Panpour\n","uploadtime":1700360000,"views":9,"p1id":"powerpanpour","p2id":"mataj","formatid":"gen9ou","rating":1172,"private":0,"password":""}