{"id":"gen9ou-1988696560","p1":"Granny Pie","p2":"RollingDanHabibi","format":"[Gen 9] OU","log":"|j|\u2606Granny Pie\n|j|\u2606RollingDanHabibi\n|t:|1699751835\n|gametype|singles\n|player|p1|Granny Pie|medium|1339\n|player|p2|RollingDanHabibi|colress|1397\n|teamsize|p1|6\n|teamsize|p2|6\n|gen|9\n|tier|[Gen 9] OU\n|rated|\n|rule|Sleep Clause Mod: Limit one foe put to sleep\n|rule|Species Clause: Limit one of each Pok\u00e9mon\n|rule|OHKO Clause: OHKO moves are banned\n|rule|Evasion Items Clause: Evasion items are banned\n|rule|Evasion Moves Clause: Evasion moves are banned\n|rule|Endless Battle Clause: Forcing endless battles is banned\n|rule|HP Percentage Mod: HP is shown in percentages\n|clearpoke\n|poke|p1|Landorus-Therian, M|\n|poke|p1|Slowking-Galar, M|\n|poke|p1|Enamorus, F|\n|poke|p1|Dragapult, M|\n|poke|p1|Zapdos|\n|poke|p1|Dragonite, M|\n|poke|p2|Great Tusk|\n|poke|p2|Thundurus, M|\n|poke|p2|Glimmora, M|\n|poke|p2|Ogerpon-Wellspring, F|\n|poke|p2|Dragapult, M|\n|poke|p2|Iron Moth|\n|teampreview\n|inactive|Battle timer is ON: inactive players will automatically lose when time's up. (requested by RollingDanHabibi)\n|\n|t:|1699751847\n|start\n|switch|p1a: Landorus|Landorus-Therian, M|100\/100\n|switch|p2a: Dragapult|Dragapult, M|100\/100\n|-ability|p1a: Landorus|Intimidate|boost\n|-unboost|p2a: Dragapult|atk|1\n|turn|1\n|\n|t:|1699751857\n|move|p1a: Landorus|Earthquake|p2a: Dragapult\n|-damage|p2a: Dragapult|32\/100\n|move|p2a: Dragapult|Will-O-Wisp|p1a: Landorus\n|-status|p1a: Landorus|brn\n|\n|-damage|p1a: Landorus|95\/100 brn|[from] brn\n|upkeep\n|turn|2\n|c|\u2606Granny Pie|Real\n|\n|t:|1699751879\n|switch|p1a: Slowking|Slowking-Galar, M|100\/100\n|switch|p2a: Ogerpon|Ogerpon-Wellspring, F|100\/100\n|\n|upkeep\n|turn|3\n|\n|t:|1699751897\n|move|p2a: Ogerpon|Swords Dance|p2a: Ogerpon\n|-boost|p2a: Ogerpon|atk|2\n|move|p1a: Slowking|Thunder Wave|p2a: Ogerpon\n|-status|p2a: Ogerpon|par\n|\n|upkeep\n|turn|4\n|\n|t:|1699751906\n|-terastallize|p1a: Slowking|Grass\n|cant|p2a: Ogerpon|par\n|move|p1a: Slowking|Sludge Bomb|p2a: Ogerpon\n|-supereffective|p2a: Ogerpon\n|-damage|p2a: Ogerpon|24\/100 par\n|\n|upkeep\n|turn|5\n|\n|t:|1699751918\n|cant|p2a: Ogerpon|par\n|move|p1a: Slowking|Future Sight|p2a: Ogerpon\n|-start|p1a: Slowking|move: Future Sight\n|\n|upkeep\n|turn|6\n|c|\u2606RollingDanHabibi|cool\n|\n|t:|1699751925\n|switch|p1a: Landorus|Landorus-Therian, M|95\/100 brn\n|-ability|p1a: Landorus|Intimidate|boost\n|-unboost|p2a: Ogerpon|atk|1\n|move|p2a: Ogerpon|Horn Leech|p1a: Landorus\n|-damage|p1a: Landorus|23\/100 brn\n|-heal|p2a: Ogerpon|62\/100 par|[from] drain|[of] p1a: Landorus\n|\n|-damage|p1a: Landorus|17\/100 brn|[from] brn\n|upkeep\n|turn|7\n|\n|t:|1699751936\n|move|p1a: Landorus|Stone Edge|p2a: Ogerpon\n|-damage|p2a: Ogerpon|36\/100 par\n|move|p2a: Ogerpon|Ivy Cudgel|p1a: Landorus\n|-supereffective|p1a: Landorus\n|-crit|p1a: Landorus\n|-damage|p1a: Landorus|0 fnt\n|faint|p1a: Landorus\n|\n|-end|p2a: Ogerpon|move: Future Sight\n|-damage|p2a: Ogerpon|0 fnt\n|faint|p2a: Ogerpon\n|upkeep\n|inactive|Granny Pie has 120 seconds left.\n|\n|t:|1699751991\n|switch|p2a: Dragapult|Dragapult, M|32\/100\n|switch|p1a: Dragapult|Dragapult, M|100\/100\n|turn|8\n|\n|t:|1699752002\n|move|p1a: Dragapult|Dragon Darts|p2a: Dragapult\n|-supereffective|p2a: Dragapult\n|-damage|p2a: Dragapult|0 fnt\n|faint|p2a: Dragapult\n|\n|upkeep\n|\n|t:|1699752011\n|switch|p2a: Glimmora|Glimmora, M|100\/100\n|turn|9\n|inactive|Granny Pie has 120 seconds left.\n|inactive|Granny Pie has 90 seconds left.\n|\n|t:|1699752053\n|move|p1a: Dragapult|Substitute|p1a: Dragapult\n|-start|p1a: Dragapult|Substitute\n|-damage|p1a: Dragapult|76\/100\n|move|p2a: Glimmora|Stealth Rock|p1a: Dragapult\n|-sidestart|p1: Granny Pie|move: Stealth Rock\n|\n|-heal|p1a: Dragapult|82\/100|[from] item: Leftovers\n|upkeep\n|turn|10\n|\n|t:|1699752063\n|move|p1a: Dragapult|Dragon Dance|p1a: Dragapult\n|-boost|p1a: Dragapult|atk|1\n|-boost|p1a: Dragapult|spe|1\n|move|p2a: Glimmora|Earth Power|p1a: Dragapult\n|-end|p1a: Dragapult|Substitute\n|\n|-heal|p1a: Dragapult|88\/100|[from] item: Leftovers\n|upkeep\n|turn|11\n|\n|t:|1699752078\n|move|p1a: Dragapult|Substitute|p1a: Dragapult\n|-start|p1a: Dragapult|Substitute\n|-damage|p1a: Dragapult|63\/100\n|move|p2a: Glimmora|Earth Power|p1a: Dragapult\n|-end|p1a: Dragapult|Substitute\n|\n|-heal|p1a: Dragapult|69\/100|[from] item: Leftovers\n|upkeep\n|turn|12\n|\n|t:|1699752085\n|move|p1a: Dragapult|Dragon Darts|p2a: Glimmora\n|-damage|p2a: Glimmora|57\/100\n|-activate|p2a: Glimmora|ability: Toxic Debris\n|-sidestart|p1: Granny Pie|move: Toxic Spikes\n|-anim|p1a: Dragapult|Dragon Darts|p2a: Glimmora\n|-damage|p2a: Glimmora|13\/100\n|-activate|p2a: Glimmora|ability: Toxic Debris\n|-sidestart|p1: Granny Pie|move: Toxic Spikes\n|move|p2a: Glimmora|Earth Power|p1a: Dragapult\n|-damage|p1a: Dragapult|32\/100\n|\n|-heal|p1a: Dragapult|38\/100|[from] item: Leftovers\n|upkeep\n|turn|13\n|\n|t:|1699752096\n|move|p1a: Dragapult|Dragon Darts|p2a: Glimmora\n|-damage|p2a: Glimmora|0 fnt\n|faint|p2a: Glimmora\n|\n|-heal|p1a: Dragapult|44\/100|[from] item: Leftovers\n|upkeep\n|\n|t:|1699752106\n|switch|p2a: Goon|Great Tusk|100\/100\n|turn|14\n|\n|t:|1699752111\n|move|p1a: Dragapult|Dragon Darts|p2a: Goon\n|-damage|p2a: Goon|72\/100\n|-anim|p1a: Dragapult|Dragon Darts|p2a: Goon\n|-damage|p2a: Goon|46\/100\n|move|p2a: Goon|Bulk Up|p2a: Goon\n|-boost|p2a: Goon|atk|1\n|-boost|p2a: Goon|def|1\n|\n|-heal|p1a: Dragapult|50\/100|[from] item: Leftovers\n|-heal|p2a: Goon|52\/100|[from] item: Leftovers\n|upkeep\n|turn|15\n|\n|t:|1699752121\n|move|p1a: Dragapult|Dragon Darts|p2a: Goon\n|-damage|p2a: Goon|36\/100\n|-anim|p1a: Dragapult|Dragon Darts|p2a: Goon\n|-damage|p2a: Goon|19\/100\n|move|p2a: Goon|Ice Spinner|p1a: Dragapult\n|-supereffective|p1a: Dragapult\n|-damage|p1a: Dragapult|0 fnt\n|faint|p1a: Dragapult\n|\n|-heal|p2a: Goon|25\/100|[from] item: Leftovers\n|upkeep\n|inactive|Granny Pie has 120 seconds left.\n|\n|t:|1699752150\n|switch|p1a: Enamorus|Enamorus, F|100\/100\n|-damage|p1a: Enamorus|76\/100|[from] Stealth Rock\n|turn|16\n|\n|t:|1699752158\n|move|p1a: Enamorus|Psychic|p2a: Goon\n|-supereffective|p2a: Goon\n|-damage|p2a: Goon|0 fnt\n|faint|p2a: Goon\n|-end|p2a: Goon|Protosynthesis|[silent]\n|\n|upkeep\n|\n|t:|1699752164\n|switch|p2a: Thundurus|Thundurus, M|100\/100\n|turn|17\n|\n|t:|1699752170\n|switch|p1a: Slowking|Slowking-Galar, M, tera:Grass|100\/100\n|move|p2a: Thundurus|Volt Switch|p1a: Slowking\n|-resisted|p1a: Slowking\n|-damage|p1a: Slowking|80\/100\n|\n|t:|1699752175\n|switch|p2a: Iron Moth|Iron Moth|100\/100|[from] Volt Switch\n|-enditem|p2a: Iron Moth|Booster Energy\n|-activate|p2a: Iron Moth|ability: Quark Drive|[fromitem]\n|-start|p2a: Iron Moth|quarkdrivespe\n|\n|upkeep\n|turn|18\n|inactive|Granny Pie has 120 seconds left.\n|\n|t:|1699752211\n|move|p2a: Iron Moth|Fiery Dance|p1a: Slowking\n|-supereffective|p1a: Slowking\n|-crit|p1a: Slowking\n|-damage|p1a: Slowking|0 fnt\n|faint|p1a: Slowking\n|\n|upkeep\n|\n|t:|1699752219\n|switch|p1a: Dragonite|Dragonite, M|100\/100\n|-damage|p1a: Dragonite|76\/100|[from] Stealth Rock\n|turn|19\n|\n|t:|1699752230\n|move|p1a: Dragonite|Extreme Speed|p2a: Iron Moth\n|-damage|p2a: Iron Moth|22\/100\n|move|p2a: Iron Moth|Fiery Dance|p1a: Dragonite\n|-resisted|p1a: Dragonite\n|-damage|p1a: Dragonite|54\/100\n|-boost|p2a: Iron Moth|spa|1\n|\n|upkeep\n|turn|20\n|\n|t:|1699752238\n|move|p1a: Dragonite|Extreme Speed|p2a: Iron Moth\n|-damage|p2a: Iron Moth|0 fnt\n|faint|p2a: Iron Moth\n|-end|p2a: Iron Moth|Quark Drive|[silent]\n|\n|upkeep\n|\n|t:|1699752243\n|switch|p2a: Thundurus|Thundurus, M|100\/100\n|turn|21\n|inactive|Granny Pie has 120 seconds left.\n|\n|t:|1699752257\n|-terastallize|p2a: Thundurus|Flying\n|move|p1a: Dragonite|Extreme Speed|p2a: Thundurus\n|-damage|p2a: Thundurus|32\/100\n|move|p2a: Thundurus|Tera Blast|p1a: Dragonite|[anim] Tera Blast Flying\n|-damage|p1a: Dragonite|0 fnt\n|faint|p1a: Dragonite\n|\n|upkeep\n|inactive|Granny Pie has 120 seconds left.\n|\n|t:|1699752265\n|switch|p1a: Zapdos|Zapdos|100\/100\n|turn|22\n|\n|t:|1699752268\n|move|p2a: Thundurus|Tera Blast|p1a: Zapdos|[anim] Tera Blast Flying\n|-resisted|p1a: Zapdos\n|-damage|p1a: Zapdos|54\/100\n|move|p1a: Zapdos|Thunderbolt|p2a: Thundurus\n|-supereffective|p2a: Thundurus\n|-damage|p2a: Thundurus|0 fnt\n|faint|p2a: Thundurus\n|\n|win|Granny Pie\n|raw|Granny Pie's rating: 1339 &rarr; <strong>1362<\/strong><br \/>(+23 for winning)\n|raw|RollingDanHabibi's rating: 1397 &rarr; <strong>1374<\/strong><br \/>(-23 for losing)\n|l|\u2606RollingDanHabibi\n","uploadtime":1699752275,"views":8,"p1id":"grannypie","p2id":"rollingdanhabibi","formatid":"gen9ou","rating":1362,"private":0,"password":""}