{"id":"gen9ou-1990730186","p1":"thunderdog_32","p2":"Usopp D Gawd","format":"[Gen 9] OU","log":"|j|\u2606thunderdog_32\n|j|\u2606Usopp D Gawd\n|t:|1699995511\n|gametype|singles\n|player|p1|thunderdog_32|170|1320\n|player|p2|Usopp D Gawd|blue|1340\n|teamsize|p1|6\n|teamsize|p2|6\n|gen|9\n|tier|[Gen 9] OU\n|rated|\n|rule|Sleep Clause Mod: Limit one foe put to sleep\n|rule|Species Clause: Limit one of each Pok\u00e9mon\n|rule|OHKO Clause: OHKO moves are banned\n|rule|Evasion Items Clause: Evasion items are banned\n|rule|Evasion Moves Clause: Evasion moves are banned\n|rule|Endless Battle Clause: Forcing endless battles is banned\n|rule|HP Percentage Mod: HP is shown in percentages\n|clearpoke\n|poke|p1|Hatterene, F|\n|poke|p1|Landorus-Therian, M|\n|poke|p1|Heatran, F|\n|poke|p1|Ogerpon-Wellspring, F|\n|poke|p1|Iron Hands|\n|poke|p1|Dragapult, F|\n|poke|p2|Great Tusk|\n|poke|p2|Dragapult, F|\n|poke|p2|Iron Moth|\n|poke|p2|Ogerpon-Wellspring, F|\n|poke|p2|Uxie|\n|poke|p2|Clefable, F|\n|teampreview\n|inactive|Battle timer is ON: inactive players will automatically lose when time's up. (requested by thunderdog_32)\n|\n|t:|1699995520\n|start\n|switch|p1a: Hatterene|Hatterene, F|100\/100\n|switch|p2a: The Fur.|Uxie, shiny|100\/100\n|turn|1\n|\n|t:|1699995533\n|move|p2a: The Fur.|U-turn|p1a: Hatterene\n|-damage|p1a: Hatterene|91\/100\n|\n|t:|1699995535\n|switch|p2a: Ace Spectrum|Clefable, F|100\/100|[from] U-turn\n|move|p1a: Hatterene|Calm Mind|p1a: Hatterene\n|-boost|p1a: Hatterene|spa|1\n|-boost|p1a: Hatterene|spd|1\n|\n|-heal|p1a: Hatterene|97\/100|[from] item: Leftovers\n|upkeep\n|turn|2\n|\n|t:|1699995545\n|move|p2a: Ace Spectrum|Shadow Ball|p1a: Hatterene\n|-supereffective|p1a: Hatterene\n|-damage|p1a: Hatterene|47\/100\n|move|p1a: Hatterene|Mystical Fire|p2a: Ace Spectrum\n|-damage|p2a: Ace Spectrum|85\/100\n|-unboost|p2a: Ace Spectrum|spa|1\n|\n|-heal|p1a: Hatterene|53\/100|[from] item: Leftovers\n|upkeep\n|turn|3\n|\n|t:|1699995554\n|move|p2a: Ace Spectrum|Shadow Ball|p1a: Hatterene\n|-supereffective|p1a: Hatterene\n|-damage|p1a: Hatterene|22\/100\n|-unboost|p1a: Hatterene|spd|1\n|move|p1a: Hatterene|Draining Kiss|p2a: Ace Spectrum\n|-damage|p2a: Ace Spectrum|71\/100\n|-heal|p1a: Hatterene|34\/100|[from] drain|[of] p2a: Ace Spectrum\n|\n|-heal|p1a: Hatterene|40\/100|[from] item: Leftovers\n|upkeep\n|turn|4\n|\n|t:|1699995563\n|switch|p1a: Heatran|Heatran, F|100\/100\n|move|p2a: Ace Spectrum|Shadow Ball|p1a: Heatran\n|-damage|p1a: Heatran|89\/100\n|\n|-heal|p1a: Heatran|96\/100|[from] item: Leftovers\n|upkeep\n|turn|5\n|\n|t:|1699995573\n|move|p1a: Heatran|Magma Storm|p2a: Ace Spectrum\n|-damage|p2a: Ace Spectrum|42\/100\n|-activate|p2a: Ace Spectrum|move: Magma Storm|[of] p1a: Heatran\n|move|p2a: Ace Spectrum|Thunderbolt|p1a: Heatran\n|-damage|p1a: Heatran|84\/100\n|\n|-heal|p1a: Heatran|90\/100|[from] item: Leftovers\n|-damage|p2a: Ace Spectrum|30\/100|[from] move: Magma Storm|[partiallytrapped]\n|upkeep\n|turn|6\n|\n|t:|1699995581\n|move|p1a: Heatran|Taunt|p2a: Ace Spectrum\n|-start|p2a: Ace Spectrum|move: Taunt\n|move|p2a: Ace Spectrum|Thunderbolt|p1a: Heatran\n|-damage|p1a: Heatran|78\/100\n|\n|-heal|p1a: Heatran|84\/100|[from] item: Leftovers\n|-damage|p2a: Ace Spectrum|17\/100|[from] move: Magma Storm|[partiallytrapped]\n|upkeep\n|turn|7\n|\n|t:|1699995589\n|move|p1a: Heatran|Stealth Rock|p2a: Ace Spectrum\n|-sidestart|p2: Usopp D Gawd|move: Stealth Rock\n|move|p2a: Ace Spectrum|Thunderbolt|p1a: Heatran\n|-damage|p1a: Heatran|73\/100\n|\n|-heal|p1a: Heatran|79\/100|[from] item: Leftovers\n|-damage|p2a: Ace Spectrum|5\/100|[from] move: Magma Storm|[partiallytrapped]\n|upkeep\n|turn|8\n|\n|t:|1699995596\n|move|p1a: Heatran|Earth Power|p2a: Ace Spectrum\n|-damage|p2a: Ace Spectrum|0 fnt\n|faint|p2a: Ace Spectrum\n|\n|-heal|p1a: Heatran|85\/100|[from] item: Leftovers\n|upkeep\n|\n|t:|1699995602\n|switch|p2a: Redveil|Iron Moth|100\/100\n|-damage|p2a: Redveil|76\/100|[from] Stealth Rock\n|-enditem|p2a: Redveil|Booster Energy\n|-activate|p2a: Redveil|ability: Quark Drive|[fromitem]\n|-start|p2a: Redveil|quarkdrivespe\n|turn|9\n|\n|t:|1699995610\n|-terastallize|p2a: Redveil|Ground\n|move|p2a: Redveil|Tera Blast|p1a: Heatran|[anim] Tera Blast Ground\n|-supereffective|p1a: Heatran\n|-damage|p1a: Heatran|0 fnt\n|faint|p1a: Heatran\n|\n|upkeep\n|\n|t:|1699995624\n|switch|p1a: Iron Hands|Iron Hands|100\/100\n|turn|10\n|\n|t:|1699995630\n|-terastallize|p1a: Iron Hands|Flying\n|move|p2a: Redveil|Tera Blast|p1a: Iron Hands|[anim] Tera Blast Ground\n|-immune|p1a: Iron Hands\n|move|p1a: Iron Hands|Ice Punch|p2a: Redveil\n|-supereffective|p2a: Redveil\n|-damage|p2a: Redveil|0 fnt\n|faint|p2a: Redveil\n|-end|p2a: Redveil|Quark Drive|[silent]\n|\n|upkeep\n|\n|t:|1699995639\n|switch|p2a: The Fur.|Uxie, shiny|100\/100\n|-damage|p2a: The Fur.|88\/100|[from] Stealth Rock\n|turn|11\n|\n|t:|1699995643\n|-end|p1a: Iron Hands|Quark Drive|[silent]\n|switch|p1a: Hatterene|Hatterene, F|40\/100\n|move|p2a: The Fur.|Thunder Wave|p1a: Hatterene\n|move|p1a: Hatterene|Thunder Wave|p2a: The Fur.|[from]ability: Magic Bounce\n|-status|p2a: The Fur.|par\n|\n|-heal|p2a: The Fur.|94\/100 par|[from] item: Leftovers\n|-heal|p1a: Hatterene|46\/100|[from] item: Leftovers\n|upkeep\n|turn|12\n|\n|t:|1699995655\n|move|p2a: The Fur.|Psychic|p1a: Hatterene\n|-resisted|p1a: Hatterene\n|-damage|p1a: Hatterene|35\/100\n|move|p1a: Hatterene|Draining Kiss|p2a: The Fur.\n|-crit|p2a: The Fur.\n|-damage|p2a: The Fur.|69\/100 par\n|-heal|p1a: Hatterene|56\/100|[from] drain|[of] p2a: The Fur.\n|\n|-heal|p2a: The Fur.|75\/100 par|[from] item: Leftovers\n|-heal|p1a: Hatterene|62\/100|[from] item: Leftovers\n|upkeep\n|turn|13\n|\n|t:|1699995664\n|move|p2a: The Fur.|U-turn|p1a: Hatterene\n|-damage|p1a: Hatterene|53\/100\n|\n|t:|1699995667\n|switch|p2a: Sam Ezeh|Ogerpon-Wellspring, F|100\/100|[from] U-turn\n|-damage|p2a: Sam Ezeh|88\/100|[from] Stealth Rock\n|move|p1a: Hatterene|Calm Mind|p1a: Hatterene\n|-boost|p1a: Hatterene|spa|1\n|-boost|p1a: Hatterene|spd|1\n|\n|-heal|p1a: Hatterene|59\/100|[from] item: Leftovers\n|upkeep\n|turn|14\n|\n|t:|1699995682\n|move|p2a: Sam Ezeh|Ivy Cudgel|p1a: Hatterene|[anim] Ivy Cudgel Water\n|-damage|p1a: Hatterene|9\/100\n|move|p1a: Hatterene|Draining Kiss|p2a: Sam Ezeh\n|-damage|p2a: Sam Ezeh|49\/100\n|-heal|p1a: Hatterene|37\/100|[from] drain|[of] p2a: Sam Ezeh\n|\n|-heal|p1a: Hatterene|43\/100|[from] item: Leftovers\n|upkeep\n|turn|15\n|\n|t:|1699995690\n|move|p2a: Sam Ezeh|Horn Leech|p1a: Hatterene\n|-damage|p1a: Hatterene|4\/100\n|-heal|p2a: Sam Ezeh|70\/100|[from] drain|[of] p1a: Hatterene\n|move|p1a: Hatterene|Draining Kiss|p2a: Sam Ezeh\n|-damage|p2a: Sam Ezeh|29\/100\n|-heal|p1a: Hatterene|33\/100|[from] drain|[of] p2a: Sam Ezeh\n|\n|-heal|p1a: Hatterene|39\/100|[from] item: Leftovers\n|upkeep\n|turn|16\n|\n|t:|1699995699\n|move|p2a: Sam Ezeh|Horn Leech|p1a: Hatterene\n|-damage|p1a: Hatterene|1\/100\n|-heal|p2a: Sam Ezeh|49\/100|[from] drain|[of] p1a: Hatterene\n|move|p1a: Hatterene|Draining Kiss|p2a: Sam Ezeh\n|-damage|p2a: Sam Ezeh|6\/100\n|-heal|p1a: Hatterene|31\/100|[from] drain|[of] p2a: Sam Ezeh\n|\n|-heal|p1a: Hatterene|37\/100|[from] item: Leftovers\n|upkeep\n|turn|17\n|\n|t:|1699995707\n|move|p2a: Sam Ezeh|Horn Leech|p1a: Hatterene\n|-crit|p1a: Hatterene\n|-damage|p1a: Hatterene|0 fnt\n|-heal|p2a: Sam Ezeh|26\/100|[from] drain|[of] p1a: Hatterene\n|faint|p1a: Hatterene\n|\n|upkeep\n|\n|t:|1699995715\n|switch|p1a: Dragapult|Dragapult, F|100\/100\n|turn|18\n|\n|t:|1699995721\n|move|p1a: Dragapult|Dragon Darts|p2a: Sam Ezeh\n|-damage|p2a: Sam Ezeh|1\/100\n|-anim|p1a: Dragapult|Dragon Darts|p2a: Sam Ezeh\n|-damage|p2a: Sam Ezeh|0 fnt\n|faint|p2a: Sam Ezeh\n|\n|upkeep\n|\n|t:|1699995730\n|switch|p2a: ScrewStache|Great Tusk|100\/100\n|turn|19\n|\n|t:|1699995739\n|move|p1a: Dragapult|Reflect|p1a: Dragapult\n|-sidestart|p1: thunderdog_32|Reflect\n|move|p2a: ScrewStache|Knock Off|p1a: Dragapult\n|-supereffective|p1a: Dragapult\n|-damage|p1a: Dragapult|62\/100\n|-enditem|p1a: Dragapult|Light Clay|[from] move: Knock Off|[of] p2a: ScrewStache\n|\n|upkeep\n|turn|20\n|\n|t:|1699995746\n|move|p1a: Dragapult|Light Screen|p1a: Dragapult\n|-sidestart|p1: thunderdog_32|move: Light Screen\n|move|p2a: ScrewStache|Knock Off|p1a: Dragapult\n|-supereffective|p1a: Dragapult\n|-damage|p1a: Dragapult|36\/100\n|-start|p2a: ScrewStache|Disable|Knock Off|[from] ability: Cursed Body|[of] p1a: Dragapult\n|\n|upkeep\n|turn|21\n|\n|t:|1699995752\n|move|p1a: Dragapult|Curse|p2a: ScrewStache\n|-start|p2a: ScrewStache|Curse|[of] p1a: Dragapult\n|-damage|p1a: Dragapult|0 fnt\n|faint|p1a: Dragapult\n|move|p2a: ScrewStache|Headlong Rush|p1: Dragapult|[notarget]\n|-fail|p2a: ScrewStache\n|\n|-damage|p2a: ScrewStache|76\/100|[from] Curse\n|upkeep\n|\n|t:|1699995759\n|switch|p1a: Iron Hands|Iron Hands, tera:Flying|100\/100\n|turn|22\n|\n|t:|1699995766\n|move|p2a: ScrewStache|Rapid Spin|p1a: Iron Hands\n|-damage|p1a: Iron Hands|94\/100\n|-boost|p2a: ScrewStache|spe|1\n|-sideend|p2: Usopp D Gawd|Stealth Rock|[from] move: Rapid Spin|[of] p2a: ScrewStache\n|move|p1a: Iron Hands|Ice Punch|p2a: ScrewStache\n|-supereffective|p2a: ScrewStache\n|-damage|p2a: ScrewStache|39\/100\n|\n|-heal|p1a: Iron Hands|99\/100|[from] item: Leftovers\n|-damage|p2a: ScrewStache|14\/100|[from] Curse\n|upkeep\n|turn|23\n|\n|t:|1699995776\n|move|p2a: ScrewStache|Close Combat|p1a: Iron Hands\n|-resisted|p1a: Iron Hands\n|-crit|p1a: Iron Hands\n|-damage|p1a: Iron Hands|65\/100\n|-unboost|p2a: ScrewStache|def|1\n|-unboost|p2a: ScrewStache|spd|1\n|move|p1a: Iron Hands|Ice Punch|p2a: ScrewStache\n|-supereffective|p2a: ScrewStache\n|-damage|p2a: ScrewStache|0 fnt\n|faint|p2a: ScrewStache\n|-end|p2a: ScrewStache|Protosynthesis|[silent]\n|\n|-heal|p1a: Iron Hands|71\/100|[from] item: Leftovers\n|upkeep\n|\n|t:|1699995786\n|switch|p2a: Jay Safari|Dragapult, F|100\/100\n|turn|24\n|\n|t:|1699995794\n|move|p2a: Jay Safari|Shadow Ball|p1a: Iron Hands\n|-damage|p1a: Iron Hands|33\/100\n|-unboost|p1a: Iron Hands|spd|1\n|-damage|p2a: Jay Safari|91\/100|[from] item: Life Orb\n|move|p1a: Iron Hands|Ice Punch|p2a: Jay Safari\n|-supereffective|p2a: Jay Safari\n|-damage|p2a: Jay Safari|13\/100\n|-status|p2a: Jay Safari|frz\n|\n|-heal|p1a: Iron Hands|39\/100|[from] item: Leftovers\n|-sideend|p1: thunderdog_32|move: Light Screen\n|upkeep\n|turn|25\n|\n|t:|1699995806\n|cant|p2a: Jay Safari|frz\n|move|p1a: Iron Hands|Ice Punch|p2a: Jay Safari\n|-supereffective|p2a: Jay Safari\n|-damage|p2a: Jay Safari|0 fnt\n|faint|p2a: Jay Safari\n|\n|-heal|p1a: Iron Hands|46\/100|[from] item: Leftovers\n|upkeep\n|c|\u2606thunderdog_32|ggs\n|\n|t:|1699995813\n|switch|p2a: The Fur.|Uxie, shiny|75\/100 par\n|turn|26\n|\n|t:|1699995819\n|move|p1a: Iron Hands|Ice Punch|p2a: The Fur.\n|-damage|p2a: The Fur.|54\/100 par\n|move|p2a: The Fur.|Psychic|p1a: Iron Hands\n|-damage|p1a: Iron Hands|17\/100\n|\n|-heal|p1a: Iron Hands|23\/100|[from] item: Leftovers\n|-heal|p2a: The Fur.|61\/100 par|[from] item: Leftovers\n|-sideend|p1: thunderdog_32|Reflect\n|upkeep\n|turn|27\n|\n|t:|1699995827\n|move|p1a: Iron Hands|Ice Punch|p2a: The Fur.\n|-damage|p2a: The Fur.|41\/100 par\n|move|p2a: The Fur.|Psychic|p1a: Iron Hands\n|-damage|p1a: Iron Hands|0 fnt\n|faint|p1a: Iron Hands\n|-end|p1a: Iron Hands|Quark Drive|[silent]\n|\n|-heal|p2a: The Fur.|48\/100 par|[from] item: Leftovers\n|upkeep\n|\n|t:|1699995831\n|switch|p1a: Ogerpon|Ogerpon-Wellspring, F|100\/100\n|turn|28\n|\n|t:|1699995837\n|move|p1a: Ogerpon|Ivy Cudgel|p2a: The Fur.|[anim] Ivy Cudgel Water\n|-damage|p2a: The Fur.|2\/100 par\n|move|p2a: The Fur.|U-turn|p1a: Ogerpon\n|-supereffective|p1a: Ogerpon\n|-damage|p1a: Ogerpon|71\/100\n|\n|-heal|p2a: The Fur.|8\/100 par|[from] item: Leftovers\n|upkeep\n|turn|29\n|\n|t:|1699995844\n|move|p1a: Ogerpon|Horn Leech|p2a: The Fur.\n|-damage|p2a: The Fur.|0 fnt\n|-heal|p1a: Ogerpon|76\/100|[from] drain|[of] p2a: The Fur.\n|faint|p2a: The Fur.\n|\n|win|thunderdog_32\n|raw|thunderdog_32's rating: 1320 &rarr; <strong>1341<\/strong><br \/>(+21 for winning)\n|raw|Usopp D Gawd's rating: 1340 &rarr; <strong>1319<\/strong><br \/>(-21 for losing)\n|l|\u2606Usopp D Gawd\n","uploadtime":1699995848,"views":6,"p1id":"thunderdog32","p2id":"usoppdgawd","formatid":"gen9ou","rating":1319,"private":0,"password":""}