{"id":"gen9ou-1990482163","p1":"Felckon","p2":"Relish Toast","format":"[Gen 9] OU","log":"|j|\u2606Felckon\n|j|\u2606Relish Toast\n|t:|1699974995\n|gametype|singles\n|player|p1|Felckon|acetrainersnow|1310\n|player|p2|Relish Toast|kieran-festival|1355\n|teamsize|p1|6\n|teamsize|p2|6\n|gen|9\n|tier|[Gen 9] OU\n|rated|\n|rule|Sleep Clause Mod: Limit one foe put to sleep\n|rule|Species Clause: Limit one of each Pok\u00e9mon\n|rule|OHKO Clause: OHKO moves are banned\n|rule|Evasion Items Clause: Evasion items are banned\n|rule|Evasion Moves Clause: Evasion moves are banned\n|rule|Endless Battle Clause: Forcing endless battles is banned\n|rule|HP Percentage Mod: HP is shown in percentages\n|clearpoke\n|poke|p1|Articuno|\n|poke|p1|Ninetales-Alola, F|\n|poke|p1|Corviknight, M|\n|poke|p1|Slowking, M|\n|poke|p1|Dragapult, F|\n|poke|p1|Great Tusk|\n|poke|p2|Ogerpon-Cornerstone, F|\n|poke|p2|Alomomola, M|\n|poke|p2|Glimmora, F|\n|poke|p2|Landorus-Therian, M|\n|poke|p2|Lycanroc-Dusk, F|\n|poke|p2|Thundurus-Therian, M|\n|teampreview\n|inactive|Battle timer is ON: inactive players will automatically lose when time's up. (requested by Relish Toast)\n|\n|t:|1699975008\n|start\n|switch|p1a: Dragapult|Dragapult, F|100\/100\n|switch|p2a: Landorus|Landorus-Therian, M|100\/100\n|-ability|p2a: Landorus|Intimidate|boost\n|-fail|p1a: Dragapult|unboost|[from] ability: Clear Body|[of] p1a: Dragapult\n|turn|1\n|\n|t:|1699975015\n|move|p1a: Dragapult|U-turn|p2a: Landorus\n|-resisted|p2a: Landorus\n|-damage|p2a: Landorus|84\/100\n|-damage|p1a: Dragapult|84\/100|[from] item: Rocky Helmet|[of] p2a: Landorus\n|\n|t:|1699975016\n|switch|p1a: Corviknight|Corviknight, M|100\/100|[from] U-turn\n|-ability|p1a: Corviknight|Pressure\n|move|p2a: Landorus|Taunt|p1a: Corviknight\n|-start|p1a: Corviknight|move: Taunt\n|\n|upkeep\n|turn|2\n|\n|t:|1699975023\n|move|p2a: Landorus|Stealth Rock|p1a: Corviknight\n|-sidestart|p1: Felckon|move: Stealth Rock\n|move|p1a: Corviknight|Brave Bird|p2a: Landorus\n|-damage|p2a: Landorus|51\/100\n|-damage|p1a: Corviknight|84\/100|[from] item: Rocky Helmet|[of] p2a: Landorus\n|-damage|p1a: Corviknight|74\/100|[from] Recoil\n|\n|upkeep\n|turn|3\n|\n|t:|1699975037\n|move|p2a: Landorus|Earthquake|p1a: Corviknight\n|-immune|p1a: Corviknight\n|move|p1a: Corviknight|U-turn|p2a: Landorus\n|-resisted|p2a: Landorus\n|-damage|p2a: Landorus|45\/100\n|-damage|p1a: Corviknight|57\/100|[from] item: Rocky Helmet|[of] p2a: Landorus\n|\n|t:|1699975042\n|switch|p1a: Ninetales|Ninetales-Alola, F|100\/100|[from] U-turn\n|-damage|p1a: Ninetales|76\/100|[from] Stealth Rock\n|-weather|Snow|[from] ability: Snow Warning|[of] p1a: Ninetales\n|\n|-weather|Snow|[upkeep]\n|upkeep\n|turn|4\n|\n|t:|1699975051\n|move|p1a: Ninetales|Blizzard|p2a: Landorus\n|-supereffective|p2a: Landorus\n|-damage|p2a: Landorus|0 fnt\n|faint|p2a: Landorus\n|\n|-weather|Snow|[upkeep]\n|upkeep\n|\n|t:|1699975055\n|switch|p2a: Lycanroc|Lycanroc-Dusk, F|100\/100\n|turn|5\n|\n|t:|1699975060\n|switch|p1a: Corviknight|Corviknight, M|57\/100\n|-damage|p1a: Corviknight|45\/100|[from] Stealth Rock\n|-ability|p1a: Corviknight|Pressure\n|move|p2a: Lycanroc|Psychic Fangs|p1a: Corviknight\n|-resisted|p1a: Corviknight\n|-damage|p1a: Corviknight|32\/100\n|-damage|p2a: Lycanroc|84\/100|[from] item: Rocky Helmet|[of] p1a: Corviknight\n|\n|-weather|Snow|[upkeep]\n|upkeep\n|turn|6\n|\n|t:|1699975066\n|move|p2a: Lycanroc|Fire Fang|p1a: Corviknight\n|-supereffective|p1a: Corviknight\n|-damage|p1a: Corviknight|0 fnt\n|-damage|p2a: Lycanroc|68\/100|[from] item: Rocky Helmet|[of] p1a: Corviknight\n|faint|p1a: Corviknight\n|\n|-weather|Snow|[upkeep]\n|upkeep\n|\n|t:|1699975071\n|switch|p1a: Great Tusk|Great Tusk|100\/100\n|-damage|p1a: Great Tusk|98\/100|[from] Stealth Rock\n|turn|7\n|\n|t:|1699975082\n|switch|p2a: Alomomola|Alomomola, M|100\/100\n|move|p1a: Great Tusk|Rapid Spin|p2a: Alomomola\n|-damage|p2a: Alomomola|92\/100\n|-boost|p1a: Great Tusk|spe|1\n|-sideend|p1: Felckon|Stealth Rock|[from] move: Rapid Spin|[of] p1a: Great Tusk\n|\n|-weather|none\n|-heal|p2a: Alomomola|98\/100|[from] item: Leftovers\n|upkeep\n|turn|8\n|\n|t:|1699975088\n|-end|p1a: Great Tusk|Protosynthesis|[silent]\n|switch|p1a: Ninetales|Ninetales-Alola, F|76\/100\n|-weather|Snow|[from] ability: Snow Warning|[of] p1a: Ninetales\n|move|p2a: Alomomola|Wish|p2a: Alomomola\n|\n|-weather|Snow|[upkeep]\n|-heal|p2a: Alomomola|100\/100|[from] item: Leftovers\n|upkeep\n|turn|9\n|\n|t:|1699975092\n|move|p1a: Ninetales|Aurora Veil|p1a: Ninetales\n|-sidestart|p1: Felckon|move: Aurora Veil\n|move|p2a: Alomomola|Flip Turn|p1a: Ninetales\n|-damage|p1a: Ninetales|69\/100\n|\n|t:|1699975100\n|switch|p2a: Lycanroc|Lycanroc-Dusk, F|68\/100|[from] Flip Turn\n|\n|-weather|Snow|[upkeep]\n|-heal|p2a: Lycanroc|100\/100|[from] move: Wish|[wisher] Alomomola\n|upkeep\n|turn|10\n|\n|t:|1699975120\n|switch|p1a: Great Tusk|Great Tusk|98\/100\n|move|p2a: Lycanroc|Psychic Fangs|p1a: Great Tusk\n|-sideend|p1: Felckon|move: Aurora Veil\n|-supereffective|p1a: Great Tusk\n|-damage|p1a: Great Tusk|37\/100\n|\n|-weather|Snow|[upkeep]\n|upkeep\n|turn|11\n|\n|t:|1699975131\n|-end|p1a: Great Tusk|Protosynthesis|[silent]\n|switch|p1a: Slowking|Slowking, M|100\/100\n|move|p2a: Lycanroc|Psychic Fangs|p1a: Slowking\n|-resisted|p1a: Slowking\n|-damage|p1a: Slowking|84\/100\n|-damage|p2a: Lycanroc|84\/100|[from] item: Rocky Helmet|[of] p1a: Slowking\n|\n|-weather|Snow|[upkeep]\n|upkeep\n|turn|12\n|\n|t:|1699975143\n|switch|p2a: Thundurus|Thundurus-Therian, M|100\/100\n|move|p1a: Slowking|Future Sight|p2a: Thundurus\n|-start|p1a: Slowking|move: Future Sight\n|\n|-weather|none\n|upkeep\n|turn|13\n|\n|t:|1699975150\n|move|p2a: Thundurus|Volt Switch|p1a: Slowking\n|-supereffective|p1a: Slowking\n|-damage|p1a: Slowking|1\/100\n|-damage|p2a: Thundurus|91\/100|[from] item: Life Orb\n|\n|t:|1699975157\n|switch|p2a: Glimmora|Glimmora, F|100\/100|[from] Volt Switch\n|move|p1a: Slowking|Chilly Reception|p1a: Slowking\n|-weather|Snow\n|\n|t:|1699975160\n|switch|p1a: Great Tusk|Great Tusk|37\/100|[from] Chilly Reception\n|\n|-weather|Snow|[upkeep]\n|upkeep\n|turn|14\n|\n|t:|1699975167\n|-terastallize|p2a: Glimmora|Flying\n|move|p1a: Great Tusk|Headlong Rush|p2a: Glimmora\n|-immune|p2a: Glimmora\n|move|p2a: Glimmora|Dazzling Gleam|p1a: Great Tusk\n|-supereffective|p1a: Great Tusk\n|-damage|p1a: Great Tusk|0 fnt\n|faint|p1a: Great Tusk\n|-end|p1a: Great Tusk|Protosynthesis|[silent]\n|\n|-weather|Snow|[upkeep]\n|-end|p2a: Glimmora|move: Future Sight\n|-damage|p2a: Glimmora|64\/100\n|-heal|p2a: Glimmora|70\/100|[from] item: Leftovers\n|upkeep\n|\n|t:|1699975171\n|switch|p1a: Articuno|Articuno|100\/100\n|-ability|p1a: Articuno|Pressure\n|turn|15\n|\n|t:|1699975189\n|switch|p2a: Alomomola|Alomomola, M|100\/100\n|-terastallize|p1a: Articuno|Ground\n|move|p1a: Articuno|Agility|p1a: Articuno\n|-boost|p1a: Articuno|spe|2\n|\n|-weather|Snow|[upkeep]\n|upkeep\n|turn|16\n|\n|t:|1699975193\n|move|p1a: Articuno|Freeze-Dry|p2a: Alomomola\n|-supereffective|p2a: Alomomola\n|-damage|p2a: Alomomola|29\/100\n|move|p2a: Alomomola|Scald|p1a: Articuno\n|-supereffective|p1a: Articuno\n|-damage|p1a: Articuno|76\/100\n|-enditem|p1a: Articuno|Weakness Policy\n|-boost|p1a: Articuno|atk|2|[from] item: Weakness Policy\n|-boost|p1a: Articuno|spa|2|[from] item: Weakness Policy\n|\n|-weather|Snow|[upkeep]\n|-heal|p2a: Alomomola|36\/100|[from] item: Leftovers\n|upkeep\n|turn|17\n|\n|t:|1699975198\n|move|p2a: Alomomola|Protect|p2a: Alomomola\n|-singleturn|p2a: Alomomola|Protect\n|move|p1a: Articuno|Freeze-Dry|p2a: Alomomola\n|-activate|p2a: Alomomola|move: Protect\n|\n|-weather|none\n|-heal|p2a: Alomomola|42\/100|[from] item: Leftovers\n|upkeep\n|turn|18\n|\n|t:|1699975217\n|switch|p2a: Glimmora|Glimmora, F, tera:Flying|70\/100\n|move|p1a: Articuno|Freeze-Dry|p2a: Glimmora\n|-supereffective|p2a: Glimmora\n|-damage|p2a: Glimmora|0 fnt\n|faint|p2a: Glimmora\n|\n|upkeep\n|\n|t:|1699975219\n|switch|p2a: Ogerpon|Ogerpon-Cornerstone, F|100\/100\n|turn|19\n|\n|t:|1699975222\n|move|p1a: Articuno|Freeze-Dry|p2a: Ogerpon\n|-supereffective|p2a: Ogerpon\n|-ability|p2a: Ogerpon|Sturdy\n|-damage|p2a: Ogerpon|1\/100\n|move|p2a: Ogerpon|Ivy Cudgel|p1a: Articuno|[anim] Ivy Cudgel Rock\n|-resisted|p1a: Articuno\n|-damage|p1a: Articuno|47\/100\n|\n|upkeep\n|turn|20\n|-message|Relish Toast forfeited.\n|\n|win|Felckon\n|raw|Felckon's rating: 1310 &rarr; <strong>1333<\/strong><br \/>(+23 for winning)\n|raw|Relish Toast's rating: 1355 &rarr; <strong>1332<\/strong><br \/>(-23 for losing)\n|l|\u2606Relish Toast\n","uploadtime":1699975233,"views":13,"p1id":"felckon","p2id":"relishtoast","formatid":"gen9ou","rating":1332,"private":0,"password":""}