{"id":"gen9ou-1995781802","p1":"euleremperor","p2":"Zicofool","format":"[Gen 9] OU","log":"|j|\u2606euleremperor\n|j|\u2606Zicofool\n|t:|1700602606\n|gametype|singles\n|player|p1|euleremperor|rood|1484\n|player|p2|Zicofool|may-masters|1533\n|teamsize|p1|6\n|teamsize|p2|6\n|gen|9\n|tier|[Gen 9] OU\n|rated|\n|rule|Sleep Clause Mod: Limit one foe put to sleep\n|rule|Species Clause: Limit one of each Pok\u00e9mon\n|rule|OHKO Clause: OHKO moves are banned\n|rule|Evasion Items Clause: Evasion items are banned\n|rule|Evasion Moves Clause: Evasion moves are banned\n|rule|Endless Battle Clause: Forcing endless battles is banned\n|rule|HP Percentage Mod: HP is shown in percentages\n|clearpoke\n|poke|p1|Enamorus, F|\n|poke|p1|Landorus-Therian, M|\n|poke|p1|Zapdos|\n|poke|p1|Corviknight, F|\n|poke|p1|Iron Valiant|\n|poke|p1|Ogerpon-Wellspring, F|\n|poke|p2|Ogerpon, F|\n|poke|p2|Maushold-Four|\n|poke|p2|Volcanion|\n|poke|p2|Infernape, F|\n|poke|p2|Thundurus-Therian, M|\n|poke|p2|Fezandipiti, M|\n|teampreview\n|\n|t:|1700602683\n|start\n|switch|p1a: Zapdos|Zapdos|100\/100\n|switch|p2a: Volcanion|Volcanion|100\/100\n|turn|1\n|\n|t:|1700602720\n|-terastallize|p2a: Volcanion|Ground\n|move|p1a: Zapdos|Volt Switch|p2a: Volcanion\n|-immune|p2a: Volcanion\n|move|p2a: Volcanion|Fire Blast|p1a: Zapdos\n|-damage|p1a: Zapdos|8\/100\n|\n|upkeep\n|turn|2\n|\n|t:|1700602731\n|switch|p2a: Thundurus|Thundurus-Therian, M|100\/100\n|move|p1a: Zapdos|Hurricane|p2a: Thundurus|[miss]\n|-miss|p1a: Zapdos|p2a: Thundurus\n|\n|upkeep\n|turn|3\n|\n|t:|1700602737\n|switch|p1a: Landorus|Landorus-Therian, M|100\/100\n|-ability|p1a: Landorus|Intimidate|boost\n|-unboost|p2a: Thundurus|atk|1\n|move|p2a: Thundurus|U-turn|p1a: Landorus\n|-resisted|p1a: Landorus\n|-damage|p1a: Landorus|95\/100\n|\n|t:|1700602744\n|switch|p2a: Maushold|Maushold-Four|100\/100|[from] U-turn\n|\n|-heal|p1a: Landorus|100\/100|[from] item: Leftovers\n|upkeep\n|turn|4\n|\n|t:|1700602753\n|switch|p1a: Corviknight|Corviknight, F|100\/100\n|-ability|p1a: Corviknight|Pressure\n|move|p2a: Maushold|Population Bomb|p1a: Corviknight\n|-resisted|p1a: Corviknight\n|-damage|p1a: Corviknight|97\/100\n|-damage|p2a: Maushold|84\/100|[from] item: Rocky Helmet|[of] p1a: Corviknight\n|-hitcount|p1a: Corviknight|1\n|\n|upkeep\n|turn|5\n|c|\u2606euleremperor|what\n|c|\u2606euleremperor|so lucky somehow\n|\n|t:|1700602771\n|move|p2a: Maushold|Tidy Up|p2a: Maushold\n|-boost|p2a: Maushold|atk|1\n|-boost|p2a: Maushold|spe|1\n|move|p1a: Corviknight|U-turn|p2a: Maushold\n|-damage|p2a: Maushold|61\/100\n|\n|t:|1700602774\n|switch|p1a: Landorus|Landorus-Therian, M|100\/100|[from] U-turn\n|-ability|p1a: Landorus|Intimidate|boost\n|-unboost|p2a: Maushold|atk|1\n|\n|upkeep\n|turn|6\n|\n|t:|1700602778\n|switch|p1a: Corviknight|Corviknight, F|97\/100\n|-ability|p1a: Corviknight|Pressure\n|move|p2a: Maushold|Beat Up|p1a: Corviknight\n|-damage|p1a: Corviknight|94\/100\n|-damage|p1a: Corviknight|91\/100\n|-damage|p1a: Corviknight|87\/100\n|-damage|p1a: Corviknight|83\/100\n|-damage|p1a: Corviknight|79\/100\n|-damage|p1a: Corviknight|75\/100\n|-hitcount|p1a: Corviknight|6\n|\n|upkeep\n|turn|7\n|\n|t:|1700602791\n|move|p2a: Maushold|Beat Up|p1a: Corviknight\n|-damage|p1a: Corviknight|72\/100\n|-damage|p1a: Corviknight|68\/100\n|-damage|p1a: Corviknight|64\/100\n|-damage|p1a: Corviknight|60\/100\n|-damage|p1a: Corviknight|56\/100\n|-damage|p1a: Corviknight|52\/100\n|-hitcount|p1a: Corviknight|6\n|move|p1a: Corviknight|Brave Bird|p2a: Maushold\n|-damage|p2a: Maushold|8\/100\n|-damage|p1a: Corviknight|39\/100|[from] Recoil\n|\n|upkeep\n|turn|8\n|\n|t:|1700602800\n|move|p2a: Maushold|Beat Up|p1a: Corviknight\n|-damage|p1a: Corviknight|36\/100\n|-damage|p1a: Corviknight|33\/100\n|-damage|p1a: Corviknight|29\/100\n|-damage|p1a: Corviknight|25\/100\n|-damage|p1a: Corviknight|21\/100\n|-damage|p1a: Corviknight|17\/100\n|-hitcount|p1a: Corviknight|6\n|move|p1a: Corviknight|Roost|p1a: Corviknight\n|-heal|p1a: Corviknight|67\/100\n|-singleturn|p1a: Corviknight|move: Roost\n|\n|upkeep\n|turn|9\n|\n|t:|1700602805\n|move|p2a: Maushold|Encore|p1a: Corviknight\n|-start|p1a: Corviknight|Encore\n|move|p1a: Corviknight|Roost|p1a: Corviknight\n|-heal|p1a: Corviknight|100\/100\n|-singleturn|p1a: Corviknight|move: Roost\n|\n|upkeep\n|turn|10\n|\n|t:|1700602808\n|move|p2a: Maushold|Tidy Up|p2a: Maushold\n|-boost|p2a: Maushold|atk|1\n|-boost|p2a: Maushold|spe|1\n|move|p1a: Corviknight|Roost||[still]\n|-fail|p1a: Corviknight|heal\n|\n|upkeep\n|turn|11\n|\n|t:|1700602814\n|move|p2a: Maushold|Beat Up|p1a: Corviknight\n|-damage|p1a: Corviknight|95\/100\n|-damage|p1a: Corviknight|90\/100\n|-damage|p1a: Corviknight|83\/100\n|-damage|p1a: Corviknight|78\/100\n|-damage|p1a: Corviknight|72\/100\n|-damage|p1a: Corviknight|67\/100\n|-hitcount|p1a: Corviknight|6\n|move|p1a: Corviknight|Roost|p1a: Corviknight\n|-heal|p1a: Corviknight|100\/100\n|-singleturn|p1a: Corviknight|move: Roost\n|\n|-end|p1a: Corviknight|Encore\n|upkeep\n|turn|12\n|\n|t:|1700602819\n|switch|p1a: Landorus|Landorus-Therian, M|100\/100\n|-ability|p1a: Landorus|Intimidate|boost\n|-unboost|p2a: Maushold|atk|1\n|move|p2a: Maushold|Encore||[still]\n|-fail|p2a: Maushold\n|\n|upkeep\n|turn|13\n|\n|t:|1700602821\n|switch|p1a: Corviknight|Corviknight, F|100\/100\n|-ability|p1a: Corviknight|Pressure\n|move|p2a: Maushold|Population Bomb|p1a: Corviknight\n|-resisted|p1a: Corviknight\n|-damage|p1a: Corviknight|97\/100\n|-damage|p2a: Maushold|0 fnt|[from] item: Rocky Helmet|[of] p1a: Corviknight\n|faint|p2a: Maushold\n|-hitcount|p1a: Corviknight|1\n|\n|upkeep\n|\n|t:|1700602825\n|switch|p2a: Thundurus|Thundurus-Therian, M|100\/100\n|turn|14\n|\n|t:|1700602836\n|switch|p1a: Landorus|Landorus-Therian, M|100\/100\n|-ability|p1a: Landorus|Intimidate|boost\n|-unboost|p2a: Thundurus|atk|1\n|move|p2a: Thundurus|Tera Blast|p1a: Landorus\n|-damage|p1a: Landorus|35\/100\n|\n|-heal|p1a: Landorus|41\/100|[from] item: Leftovers\n|upkeep\n|turn|15\n|\n|t:|1700602847\n|move|p2a: Thundurus|Tera Blast|p1a: Landorus\n|-damage|p1a: Landorus|0 fnt\n|faint|p1a: Landorus\n|\n|upkeep\n|\n|t:|1700602868\n|switch|p1a: Enamorus|Enamorus, F|100\/100\n|turn|16\n|\n|t:|1700602874\n|switch|p2a: Fezandipiti|Fezandipiti, M|100\/100\n|-terastallize|p1a: Enamorus|Fairy\n|move|p1a: Enamorus|Moonblast|p2a: Fezandipiti\n|-resisted|p2a: Fezandipiti\n|-damage|p2a: Fezandipiti|65\/100\n|\n|-heal|p2a: Fezandipiti|71\/100|[from] item: Leftovers\n|upkeep\n|turn|17\n|\n|t:|1700602883\n|switch|p1a: Zapdos|Zapdos|8\/100\n|move|p2a: Fezandipiti|Roost|p2a: Fezandipiti\n|-heal|p2a: Fezandipiti|100\/100\n|-singleturn|p2a: Fezandipiti|move: Roost\n|\n|upkeep\n|turn|18\n|\n|t:|1700602889\n|move|p1a: Zapdos|Roost|p1a: Zapdos\n|-heal|p1a: Zapdos|58\/100\n|-singleturn|p1a: Zapdos|move: Roost\n|move|p2a: Fezandipiti|Moonblast|p1a: Zapdos\n|-damage|p1a: Zapdos|35\/100\n|\n|upkeep\n|turn|19\n|\n|t:|1700602899\n|move|p1a: Zapdos|Volt Switch|p2a: Fezandipiti\n|-damage|p2a: Fezandipiti|78\/100\n|\n|t:|1700602903\n|switch|p1a: Corviknight|Corviknight, F|97\/100|[from] Volt Switch\n|-ability|p1a: Corviknight|Pressure\n|move|p2a: Fezandipiti|Calm Mind|p2a: Fezandipiti\n|-boost|p2a: Fezandipiti|spa|1\n|-boost|p2a: Fezandipiti|spd|1\n|\n|-heal|p2a: Fezandipiti|84\/100|[from] item: Leftovers\n|upkeep\n|turn|20\n|\n|t:|1700602908\n|move|p2a: Fezandipiti|Heat Wave|p1a: Corviknight\n|-supereffective|p1a: Corviknight\n|-damage|p1a: Corviknight|49\/100\n|move|p1a: Corviknight|Brave Bird|p2a: Fezandipiti\n|-damage|p2a: Fezandipiti|56\/100\n|-damage|p1a: Corviknight|41\/100|[from] Recoil\n|\n|-heal|p2a: Fezandipiti|62\/100|[from] item: Leftovers\n|upkeep\n|turn|21\n|\n|t:|1700602912\n|move|p2a: Fezandipiti|Heat Wave|p1a: Corviknight\n|-supereffective|p1a: Corviknight\n|-damage|p1a: Corviknight|0 fnt\n|faint|p1a: Corviknight\n|\n|-heal|p2a: Fezandipiti|68\/100|[from] item: Leftovers\n|upkeep\n|\n|t:|1700602919\n|switch|p1a: Iron Valiant|Iron Valiant|100\/100\n|-enditem|p1a: Iron Valiant|Booster Energy\n|-activate|p1a: Iron Valiant|ability: Quark Drive|[fromitem]\n|-start|p1a: Iron Valiant|quarkdrivespe\n|turn|22\n|\n|t:|1700602923\n|move|p1a: Iron Valiant|Encore|p2a: Fezandipiti\n|-start|p2a: Fezandipiti|Encore\n|move|p2a: Fezandipiti|Heat Wave|p1a: Iron Valiant\n|-damage|p1a: Iron Valiant|59\/100\n|\n|-heal|p2a: Fezandipiti|74\/100|[from] item: Leftovers\n|upkeep\n|turn|23\n|\n|t:|1700602929\n|-end|p1a: Iron Valiant|Quark Drive|[silent]\n|switch|p1a: Ogerpon|Ogerpon-Wellspring, F|100\/100\n|move|p2a: Fezandipiti|Heat Wave|p1a: Ogerpon\n|-damage|p1a: Ogerpon|70\/100\n|-status|p1a: Ogerpon|tox|[from] ability: Toxic Chain|[of] p2a: Fezandipiti\n|\n|-heal|p2a: Fezandipiti|80\/100|[from] item: Leftovers\n|-damage|p1a: Ogerpon|64\/100 tox|[from] psn\n|upkeep\n|turn|24\n|\n|t:|1700602935\n|move|p1a: Ogerpon|Ivy Cudgel|p2a: Fezandipiti|[anim] Ivy Cudgel Water\n|-damage|p2a: Fezandipiti|37\/100\n|move|p2a: Fezandipiti|Heat Wave|p1a: Ogerpon\n|-damage|p1a: Ogerpon|36\/100 tox\n|\n|-heal|p2a: Fezandipiti|43\/100|[from] item: Leftovers\n|-damage|p1a: Ogerpon|24\/100 tox|[from] psn\n|-end|p2a: Fezandipiti|Encore\n|upkeep\n|turn|25\n|\n|t:|1700602940\n|switch|p2a: Volcanion|Volcanion, tera:Ground|100\/100\n|move|p1a: Ogerpon|Ivy Cudgel|p2a: Volcanion|[anim] Ivy Cudgel Water\n|-immune|p2a: Volcanion|[from] ability: Water Absorb\n|\n|-damage|p1a: Ogerpon|6\/100 tox|[from] psn\n|upkeep\n|turn|26\n|\n|t:|1700602951\n|switch|p2a: Fezandipiti|Fezandipiti, M|43\/100\n|move|p1a: Ogerpon|Ivy Cudgel|p2a: Fezandipiti|[anim] Ivy Cudgel Water\n|-damage|p2a: Fezandipiti|2\/100\n|\n|-heal|p2a: Fezandipiti|8\/100|[from] item: Leftovers\n|-damage|p1a: Ogerpon|0 fnt|[from] psn\n|faint|p1a: Ogerpon\n|upkeep\n|\n|t:|1700602956\n|switch|p1a: Enamorus|Enamorus, F, tera:Fairy|100\/100\n|turn|27\n|\n|t:|1700602958\n|move|p1a: Enamorus|Moonblast|p2a: Fezandipiti\n|-resisted|p2a: Fezandipiti\n|-damage|p2a: Fezandipiti|0 fnt\n|faint|p2a: Fezandipiti\n|\n|upkeep\n|\n|t:|1700602962\n|switch|p2a: Volcanion|Volcanion, tera:Ground|100\/100\n|turn|28\n|\n|t:|1700602965\n|move|p1a: Enamorus|Moonblast|p2a: Volcanion\n|-damage|p2a: Volcanion|0 fnt\n|faint|p2a: Volcanion\n|\n|upkeep\n|\n|t:|1700602972\n|switch|p2a: Thundurus|Thundurus-Therian, M|100\/100\n|turn|29\n|\n|t:|1700602974\n|move|p1a: Enamorus|Moonblast|p2a: Thundurus\n|-damage|p2a: Thundurus|0 fnt\n|faint|p2a: Thundurus\n|\n|upkeep\n|\n|t:|1700602982\n|switch|p2a: Infernape|Infernape, F|100\/100\n|turn|30\n|\n|t:|1700602985\n|move|p2a: Infernape|Mach Punch|p1a: Enamorus\n|-resisted|p1a: Enamorus\n|-damage|p1a: Enamorus|82\/100\n|move|p1a: Enamorus|Moonblast|p2a: Infernape\n|-damage|p2a: Infernape|0 fnt\n|faint|p2a: Infernape\n|\n|upkeep\n|\n|t:|1700602987\n|switch|p2a: Ogerpon|Ogerpon, F|100\/100\n|turn|31\n|\n|t:|1700602991\n|switch|p1a: Zapdos|Zapdos|35\/100\n|move|p2a: Ogerpon|Ivy Cudgel|p1a: Zapdos\n|-resisted|p1a: Zapdos\n|-damage|p1a: Zapdos|0 fnt\n|faint|p1a: Zapdos\n|\n|upkeep\n|\n|t:|1700602996\n|switch|p1a: Iron Valiant|Iron Valiant|59\/100\n|turn|32\n|\n|t:|1700603004\n|move|p1a: Iron Valiant|Close Combat|p2a: Ogerpon\n|-damage|p2a: Ogerpon|25\/100\n|-unboost|p1a: Iron Valiant|def|1\n|-unboost|p1a: Iron Valiant|spd|1\n|move|p2a: Ogerpon|Ivy Cudgel|p1a: Iron Valiant\n|-damage|p1a: Iron Valiant|0 fnt\n|faint|p1a: Iron Valiant\n|-end|p1a: Iron Valiant|Quark Drive|[silent]\n|\n|upkeep\n|\n|t:|1700603007\n|switch|p1a: Enamorus|Enamorus, F, tera:Fairy|82\/100\n|turn|33\n|\n|t:|1700603008\n|move|p2a: Ogerpon|Ivy Cudgel|p1a: Enamorus\n|-damage|p1a: Enamorus|0 fnt\n|faint|p1a: Enamorus\n|\n|win|Zicofool\n|raw|euleremperor's rating: 1484 &rarr; <strong>1467<\/strong><br \/>(-17 for losing)\n|raw|Zicofool's rating: 1533 &rarr; <strong>1550<\/strong><br \/>(+17 for winning)\n|c|\u2606euleremperor|gg!\n|c|\u2606Zicofool|Ggg!\n|c|\u2606euleremperor|wpp\n|c|\u2606euleremperor|such a scary match!!!\n|c|\u2606Zicofool|Same to you~\n|c|\u2606euleremperor|two monsters fighting\n|c|\u2606euleremperor|ogerpon and enamorus\n|c|\u2606Zicofool|Yeeeeep\n","uploadtime":1700603072,"views":7,"p1id":"euleremperor","p2id":"zicofool","formatid":"gen9ou","rating":1467,"private":0,"password":""}