{"id":"gen9ou-1993823613","p1":"wh03Ru","p2":"ShadowB2W2","format":"[Gen 9] OU","log":"|j|\u2606wh03Ru\n|j|\u2606ShadowB2W2\n|t:|1700361727\n|gametype|singles\n|player|p1|wh03Ru|169|1094\n|player|p2|ShadowB2W2|nate|1047\n|teamsize|p1|6\n|teamsize|p2|6\n|gen|9\n|tier|[Gen 9] OU\n|rated|\n|rule|Sleep Clause Mod: Limit one foe put to sleep\n|rule|Species Clause: Limit one of each Pok\u00e9mon\n|rule|OHKO Clause: OHKO moves are banned\n|rule|Evasion Items Clause: Evasion items are banned\n|rule|Evasion Moves Clause: Evasion moves are banned\n|rule|Endless Battle Clause: Forcing endless battles is banned\n|rule|HP Percentage Mod: HP is shown in percentages\n|clearpoke\n|poke|p1|Inteleon, F|\n|poke|p1|Breloom, F|\n|poke|p1|Greninja-*, F|\n|poke|p1|Great Tusk|\n|poke|p1|Dragapult, M|\n|poke|p1|Zapdos|\n|poke|p2|Jirachi|\n|poke|p2|Sawsbuck-Winter, M|\n|poke|p2|Pawmot, M|\n|poke|p2|Sinistcha-Masterpiece|\n|poke|p2|Hatterene, F|\n|poke|p2|Arcanine-Hisui, F|\n|teampreview\n|\n|t:|1700361754\n|start\n|switch|p1a: Inteleon|Inteleon, F|100\/100\n|switch|p2a: Sawsbuck|Sawsbuck-Winter, M, shiny|100\/100\n|turn|1\n|\n|t:|1700361762\n|move|p1a: Inteleon|Substitute|p1a: Inteleon\n|-start|p1a: Inteleon|Substitute\n|-damage|p1a: Inteleon|76\/100\n|move|p2a: Sawsbuck|Trailblaze|p1a: Inteleon\n|-supereffective|p1a: Inteleon\n|-end|p1a: Inteleon|Substitute\n|-boost|p2a: Sawsbuck|spe|1\n|\n|upkeep\n|turn|2\n|\n|t:|1700361772\n|move|p2a: Sawsbuck|Horn Leech|p1a: Inteleon\n|-supereffective|p1a: Inteleon\n|-damage|p1a: Inteleon|0 fnt\n|faint|p1a: Inteleon\n|\n|upkeep\n|\n|t:|1700361779\n|switch|p1a: Zapdos|Zapdos|100\/100\n|turn|3\n|\n|t:|1700361783\n|move|p2a: Sawsbuck|Swords Dance|p2a: Sawsbuck\n|-boost|p2a: Sawsbuck|atk|2\n|move|p1a: Zapdos|Hurricane|p2a: Sawsbuck\n|-supereffective|p2a: Sawsbuck\n|-enditem|p2a: Sawsbuck|Focus Sash\n|-damage|p2a: Sawsbuck|1\/100\n|\n|upkeep\n|turn|4\n|\n|t:|1700361795\n|move|p2a: Sawsbuck|Body Slam|p1a: Zapdos\n|-damage|p1a: Zapdos|12\/100\n|-status|p2a: Sawsbuck|par|[from] ability: Static|[of] p1a: Zapdos\n|move|p1a: Zapdos|Volt Switch|p2a: Sawsbuck\n|-resisted|p2a: Sawsbuck\n|-damage|p2a: Sawsbuck|0 fnt\n|faint|p2a: Sawsbuck\n|\n|t:|1700361805\n|switch|p1a: Greninja|Greninja, F|100\/100|[from] Volt Switch\n|\n|upkeep\n|\n|t:|1700361808\n|switch|p2a: Pawmot|Pawmot, M|100\/100\n|turn|5\n|\n|t:|1700361817\n|-singleturn|p2a: Pawmot|move: Focus Punch\n|move|p1a: Greninja|U-turn|p2a: Pawmot\n|-start|p1a: Greninja|typechange|Bug|[from] ability: Protean\n|-resisted|p2a: Pawmot\n|-damage|p2a: Pawmot|84\/100\n|\n|t:|1700361834\n|switch|p1a: Dragapult|Dragapult, M|100\/100|[from] U-turn\n|cant|p2a: Pawmot|Focus Punch|Focus Punch\n|\n|upkeep\n|turn|6\n|\n|t:|1700361847\n|move|p1a: Dragapult|Flamethrower|p2a: Pawmot\n|-damage|p2a: Pawmot|39\/100\n|move|p2a: Pawmot|Knock Off|p1a: Dragapult\n|-supereffective|p1a: Dragapult\n|-damage|p1a: Dragapult|18\/100\n|-enditem|p1a: Dragapult|Petaya Berry|[from] move: Knock Off|[of] p2a: Pawmot\n|\n|upkeep\n|turn|7\n|\n|t:|1700361855\n|move|p1a: Dragapult|Flamethrower|p2a: Pawmot\n|-damage|p2a: Pawmot|0 fnt\n|faint|p2a: Pawmot\n|\n|upkeep\n|\n|t:|1700361859\n|switch|p2a: Arcanine|Arcanine-Hisui, F|100\/100\n|turn|8\n|\n|t:|1700361866\n|-terastallize|p2a: Arcanine|Fire\n|move|p1a: Dragapult|Draco Meteor|p2a: Arcanine\n|-damage|p2a: Arcanine|31\/100\n|-unboost|p1a: Dragapult|spa|2\n|move|p2a: Arcanine|Flame Charge|p1a: Dragapult\n|-resisted|p1a: Dragapult\n|-damage|p1a: Dragapult|0 fnt\n|-boost|p2a: Arcanine|spe|1\n|faint|p1a: Dragapult\n|\n|upkeep\n|\n|t:|1700361875\n|switch|p1a: Breloom|Breloom, F|100\/100\n|turn|9\n|\n|t:|1700361885\n|switch|p2a: Sinistcha|Sinistcha-Masterpiece, shiny|100\/100\n|move|p1a: Breloom|Mach Punch|p2a: Sinistcha\n|-immune|p2a: Sinistcha\n|\n|upkeep\n|turn|10\n|\n|t:|1700361903\n|switch|p1a: Zapdos|Zapdos|12\/100\n|move|p2a: Sinistcha|Scald|p1a: Zapdos\n|-damage|p1a: Zapdos|0 fnt\n|faint|p1a: Zapdos\n|\n|upkeep\n|\n|t:|1700361905\n|switch|p1a: Greninja|Greninja, F|100\/100\n|turn|11\n|\n|t:|1700361915\n|move|p1a: Greninja|Dark Pulse|p2a: Sinistcha\n|-start|p1a: Greninja|typechange|Dark|[from] ability: Protean\n|-supereffective|p2a: Sinistcha\n|-enditem|p2a: Sinistcha|Focus Sash\n|-damage|p2a: Sinistcha|1\/100\n|cant|p2a: Sinistcha|flinch\n|\n|upkeep\n|turn|12\n|\n|t:|1700361924\n|move|p1a: Greninja|Dark Pulse|p2a: Sinistcha\n|-supereffective|p2a: Sinistcha\n|-damage|p2a: Sinistcha|0 fnt\n|faint|p2a: Sinistcha\n|\n|upkeep\n|\n|t:|1700361929\n|switch|p2a: Hatterene|Hatterene, F|100\/100\n|turn|13\n|\n|t:|1700361938\n|switch|p1a: Great Tusk|Great Tusk|100\/100\n|move|p2a: Hatterene|Draining Kiss|p1a: Great Tusk\n|-supereffective|p1a: Great Tusk\n|-damage|p1a: Great Tusk|47\/100\n|\n|upkeep\n|turn|14\n|\n|t:|1700361946\n|move|p1a: Great Tusk|Headlong Rush|p2a: Hatterene\n|-damage|p2a: Hatterene|24\/100\n|-unboost|p1a: Great Tusk|def|1\n|-unboost|p1a: Great Tusk|spd|1\n|move|p2a: Hatterene|Draining Kiss|p1a: Great Tusk\n|-supereffective|p1a: Great Tusk\n|-damage|p1a: Great Tusk|0 fnt\n|-heal|p2a: Hatterene|71\/100|[from] drain|[of] p1a: Great Tusk\n|faint|p1a: Great Tusk\n|-end|p1a: Great Tusk|Protosynthesis|[silent]\n|\n|upkeep\n|\n|t:|1700361980\n|switch|p1a: Breloom|Breloom, F|100\/100\n|turn|15\n|\n|t:|1700361986\n|move|p1a: Breloom|Seed Bomb|p2a: Hatterene\n|-damage|p2a: Hatterene|18\/100\n|move|p2a: Hatterene|Draining Kiss|p1a: Breloom\n|-supereffective|p1a: Breloom\n|-damage|p1a: Breloom|5\/100\n|-heal|p2a: Hatterene|91\/100|[from] drain|[of] p1a: Breloom\n|\n|upkeep\n|turn|16\n|\n|t:|1700361995\n|move|p1a: Breloom|Seed Bomb|p2a: Hatterene\n|-damage|p2a: Hatterene|42\/100\n|move|p2a: Hatterene|Draining Kiss|p1a: Breloom\n|-supereffective|p1a: Breloom\n|-damage|p1a: Breloom|0 fnt\n|-heal|p2a: Hatterene|46\/100|[from] drain|[of] p1a: Breloom\n|faint|p1a: Breloom\n|\n|upkeep\n|\n|t:|1700362001\n|switch|p1a: Greninja|Greninja, F|100\/100\n|turn|17\n|\n|t:|1700362018\n|-terastallize|p1a: Greninja|Water\n|move|p1a: Greninja|Hydro Pump|p2a: Hatterene|[miss]\n|-miss|p1a: Greninja|p2a: Hatterene\n|move|p2a: Hatterene|Nuzzle|p1a: Greninja\n|-supereffective|p1a: Greninja\n|-damage|p1a: Greninja|86\/100\n|-status|p1a: Greninja|par\n|\n|upkeep\n|turn|18\n|-message|wh03Ru forfeited.\n|\n|win|ShadowB2W2\n|raw|wh03Ru's rating: 1094 &rarr; <strong>1067<\/strong><br \/>(-27 for losing)\n|raw|ShadowB2W2's rating: 1047 &rarr; <strong>1084<\/strong><br \/>(+37 for winning)\n|l|\u2606wh03Ru\n","uploadtime":1700362035,"views":18,"p1id":"wh03ru","p2id":"shadowb2w2","formatid":"gen9ou","rating":1067,"private":0,"password":""}