{"id":"gen9ou-1992334620","p1":"ChillLanturnYT","p2":"ygdrasol","format":"[Gen 9] OU","log":"|j|\u2606ChillLanturnYT\n|j|\u2606ygdrasol\n|t:|1700175838\n|gametype|singles\n|player|p1|ChillLanturnYT|palmer|1143\n|player|p2|ygdrasol|170|1213\n|teamsize|p1|6\n|teamsize|p2|6\n|gen|9\n|tier|[Gen 9] OU\n|rated|\n|rule|Sleep Clause Mod: Limit one foe put to sleep\n|rule|Species Clause: Limit one of each Pok\u00e9mon\n|rule|OHKO Clause: OHKO moves are banned\n|rule|Evasion Items Clause: Evasion items are banned\n|rule|Evasion Moves Clause: Evasion moves are banned\n|rule|Endless Battle Clause: Forcing endless battles is banned\n|rule|HP Percentage Mod: HP is shown in percentages\n|clearpoke\n|poke|p1|Regidrago|\n|poke|p1|Jirachi|\n|poke|p1|Lokix, M|\n|poke|p1|Ribombee, M|\n|poke|p1|Toxapex, F|\n|poke|p1|Cinderace, F|\n|poke|p2|Iron Moth|\n|poke|p2|Kingambit, M|\n|poke|p2|Enamorus, F|\n|poke|p2|Slowking-Galar, M|\n|poke|p2|Milotic, M|\n|poke|p2|Rillaboom, M|\n|teampreview\n|inactive|Battle timer is ON: inactive players will automatically lose when time's up. (requested by ygdrasol)\n|\n|t:|1700175847\n|start\n|switch|p1a: Regidrago|Regidrago|100\/100\n|switch|p2a: Milotic|Milotic, M|100\/100\n|turn|1\n|\n|t:|1700175852\n|move|p1a: Regidrago|Dragon Energy|p2a: Milotic\n|-damage|p2a: Milotic|51\/100\n|move|p2a: Milotic|Flip Turn|p1a: Regidrago\n|-resisted|p1a: Regidrago\n|-damage|p1a: Regidrago|94\/100\n|\n|t:|1700175856\n|switch|p2a: Enamorus|Enamorus, F|100\/100|[from] Flip Turn\n|\n|upkeep\n|turn|2\n|\n|t:|1700175867\n|switch|p1a: Toxapex|Toxapex, F|100\/100\n|move|p2a: Enamorus|Earth Power|p1a: Toxapex\n|-supereffective|p1a: Toxapex\n|-damage|p1a: Toxapex|44\/100\n|\n|-heal|p1a: Toxapex|50\/100|[from] item: Leftovers\n|upkeep\n|turn|3\n|\n|t:|1700175875\n|move|p2a: Enamorus|Earth Power|p1a: Toxapex\n|-supereffective|p1a: Toxapex\n|-crit|p1a: Toxapex\n|-damage|p1a: Toxapex|0 fnt\n|faint|p1a: Toxapex\n|\n|upkeep\n|\n|t:|1700175878\n|switch|p1a: Lokix|Lokix, M|100\/100\n|turn|4\n|\n|t:|1700175882\n|switch|p2a: Slowking|Slowking-Galar, M, shiny|100\/100\n|move|p1a: Lokix|First Impression|p2a: Slowking\n|-damage|p2a: Slowking|66\/100\n|-damage|p1a: Lokix|91\/100|[from] item: Life Orb\n|\n|-heal|p2a: Slowking|72\/100|[from] item: Leftovers\n|upkeep\n|turn|5\n|\n|t:|1700175893\n|move|p1a: Lokix|Leech Life|p2a: Slowking\n|-damage|p2a: Slowking|36\/100\n|-heal|p1a: Lokix|100\/100|[from] drain|[of] p2a: Slowking\n|-damage|p1a: Lokix|91\/100|[from] item: Life Orb\n|move|p2a: Slowking|Chilly Reception|p2a: Slowking\n|-weather|Snow\n|\n|t:|1700175900\n|switch|p2a: Iron Moth|Iron Moth, shiny|100\/100|[from] Chilly Reception\n|-enditem|p2a: Iron Moth|Booster Energy\n|-activate|p2a: Iron Moth|ability: Quark Drive|[fromitem]\n|-start|p2a: Iron Moth|quarkdrivespa\n|\n|-weather|Snow|[upkeep]\n|upkeep\n|turn|6\n|\n|t:|1700175914\n|switch|p1a: Regidrago|Regidrago|94\/100\n|move|p2a: Iron Moth|Fiery Dance|p1a: Regidrago\n|-resisted|p1a: Regidrago\n|-damage|p1a: Regidrago|65\/100\n|\n|-weather|Snow|[upkeep]\n|upkeep\n|turn|7\n|\n|t:|1700175931\n|-end|p2a: Iron Moth|Quark Drive|[silent]\n|switch|p2a: Enamorus|Enamorus, F|100\/100\n|move|p1a: Regidrago|Ancient Power|p2a: Enamorus\n|-supereffective|p2a: Enamorus\n|-damage|p2a: Enamorus|53\/100\n|\n|-weather|Snow|[upkeep]\n|upkeep\n|turn|8\n|\n|t:|1700175938\n|move|p2a: Enamorus|Moonblast|p1a: Regidrago\n|-supereffective|p1a: Regidrago\n|-damage|p1a: Regidrago|0 fnt\n|faint|p1a: Regidrago\n|\n|-weather|Snow|[upkeep]\n|upkeep\n|\n|t:|1700175949\n|switch|p1a: Cinderace|Cinderace, F|100\/100\n|turn|9\n|\n|t:|1700175957\n|switch|p2a: Milotic|Milotic, M|51\/100\n|move|p1a: Cinderace|U-turn|p2a: Milotic\n|-start|p1a: Cinderace|typechange|Bug|[from] ability: Libero\n|-damage|p2a: Milotic|14\/100\n|\n|t:|1700175964\n|switch|p1a: Lokix|Lokix, M|91\/100|[from] U-turn\n|\n|-weather|none\n|-heal|p2a: Milotic|20\/100|[from] item: Leftovers\n|upkeep\n|turn|10\n|\n|t:|1700175968\n|move|p1a: Lokix|Leech Life|p2a: Milotic\n|-damage|p2a: Milotic|0 fnt\n|-heal|p1a: Lokix|100\/100|[from] drain|[of] p2a: Milotic\n|faint|p2a: Milotic\n|-damage|p1a: Lokix|91\/100|[from] item: Life Orb\n|\n|upkeep\n|\n|t:|1700175975\n|switch|p2a: Iron Moth|Iron Moth, shiny|100\/100\n|turn|11\n|\n|t:|1700175983\n|switch|p1a: Cinderace|Cinderace, F|100\/100\n|move|p2a: Iron Moth|Fiery Dance|p1a: Cinderace\n|-resisted|p1a: Cinderace\n|-damage|p1a: Cinderace|68\/100\n|\n|upkeep\n|turn|12\n|\n|t:|1700175990\n|-end|p2a: Iron Moth|Quark Drive|[silent]\n|switch|p2a: Slowking|Slowking-Galar, M, shiny|69\/100\n|move|p1a: Cinderace|Pyro Ball|p2a: Slowking\n|-damage|p2a: Slowking|26\/100\n|\n|-heal|p2a: Slowking|32\/100|[from] item: Leftovers\n|upkeep\n|turn|13\n|\n|t:|1700175996\n|move|p1a: Cinderace|U-turn|p2a: Slowking\n|-start|p1a: Cinderace|typechange|Bug|[from] ability: Libero\n|-damage|p2a: Slowking|8\/100\n|\n|t:|1700176003\n|switch|p1a: Lokix|Lokix, M|91\/100|[from] U-turn\n|move|p2a: Slowking|Sludge Bomb|p1a: Lokix\n|-damage|p1a: Lokix|27\/100\n|-status|p1a: Lokix|psn\n|\n|-heal|p2a: Slowking|14\/100|[from] item: Leftovers\n|-damage|p1a: Lokix|15\/100 psn|[from] psn\n|upkeep\n|turn|14\n|\n|t:|1700176007\n|move|p1a: Lokix|Leech Life|p2a: Slowking\n|-damage|p2a: Slowking|0 fnt\n|-heal|p1a: Lokix|24\/100 psn|[from] drain|[of] p2a: Slowking\n|faint|p2a: Slowking\n|-damage|p1a: Lokix|14\/100 psn|[from] item: Life Orb\n|\n|-damage|p1a: Lokix|2\/100 psn|[from] psn\n|upkeep\n|\n|t:|1700176020\n|switch|p2a: Enamorus|Enamorus, F|53\/100\n|turn|15\n|\n|t:|1700176023\n|move|p1a: Lokix|Sucker Punch|p2a: Enamorus\n|-resisted|p2a: Enamorus\n|-damage|p2a: Enamorus|0 fnt\n|faint|p2a: Enamorus\n|-damage|p1a: Lokix|0 fnt|[from] item: Life Orb\n|faint|p1a: Lokix\n|\n|upkeep\n|\n|t:|1700176030\n|switch|p2a: Rillaboom|Rillaboom, M|100\/100\n|switch|p1a: Ribombee|Ribombee, M|100\/100\n|-fieldstart|move: Grassy Terrain|[from] ability: Grassy Surge|[of] p2a: Rillaboom\n|turn|16\n|\n|t:|1700176037\n|move|p2a: Rillaboom|Grassy Glide|p1a: Ribombee\n|-resisted|p1a: Ribombee\n|-damage|p1a: Ribombee|68\/100\n|move|p1a: Ribombee|Quiver Dance|p1a: Ribombee\n|-boost|p1a: Ribombee|spa|1\n|-boost|p1a: Ribombee|spd|1\n|-boost|p1a: Ribombee|spe|1\n|\n|-heal|p1a: Ribombee|75\/100|[from] Grassy Terrain\n|upkeep\n|turn|17\n|\n|t:|1700176046\n|move|p2a: Rillaboom|Grassy Glide|p1a: Ribombee\n|-resisted|p1a: Ribombee\n|-damage|p1a: Ribombee|43\/100\n|move|p1a: Ribombee|Draining Kiss|p2a: Rillaboom\n|-damage|p2a: Rillaboom|68\/100\n|-heal|p1a: Ribombee|70\/100|[from] drain|[of] p2a: Rillaboom\n|\n|-heal|p1a: Ribombee|76\/100|[from] Grassy Terrain\n|-heal|p2a: Rillaboom|74\/100|[from] Grassy Terrain\n|upkeep\n|turn|18\n|\n|t:|1700176054\n|switch|p2a: Iron Moth|Iron Moth, shiny|100\/100\n|move|p1a: Ribombee|Quiver Dance|p1a: Ribombee\n|-boost|p1a: Ribombee|spa|1\n|-boost|p1a: Ribombee|spd|1\n|-boost|p1a: Ribombee|spe|1\n|\n|-heal|p1a: Ribombee|82\/100|[from] Grassy Terrain\n|upkeep\n|turn|19\n|\n|t:|1700176060\n|move|p1a: Ribombee|Stored Power|p2a: Iron Moth\n|-supereffective|p2a: Iron Moth\n|-damage|p2a: Iron Moth|0 fnt\n|faint|p2a: Iron Moth\n|-end|p2a: Iron Moth|Quark Drive|[silent]\n|\n|-heal|p1a: Ribombee|89\/100|[from] Grassy Terrain\n|upkeep\n|\n|t:|1700176063\n|switch|p2a: Kingambit|Kingambit, M|100\/100\n|-activate|p2a: Kingambit|ability: Supreme Overlord\n|-start|p2a: Kingambit|fallen4|[silent]\n|turn|20\n|\n|t:|1700176068\n|-terastallize|p1a: Ribombee|Fire\n|move|p1a: Ribombee|Tera Blast|p2a: Kingambit|[anim] Tera Blast Fire\n|-supereffective|p2a: Kingambit\n|-damage|p2a: Kingambit|1\/100\n|move|p2a: Kingambit|Swords Dance|p2a: Kingambit\n|-boost|p2a: Kingambit|atk|2\n|\n|-heal|p1a: Ribombee|95\/100|[from] Grassy Terrain\n|-heal|p2a: Kingambit|7\/100|[from] Grassy Terrain\n|-heal|p2a: Kingambit|13\/100|[from] item: Leftovers\n|-fieldend|move: Grassy Terrain\n|upkeep\n|turn|21\n|-message|ygdrasol forfeited.\n|\n|win|ChillLanturnYT\n|raw|ChillLanturnYT's rating: 1143 &rarr; <strong>1173<\/strong><br \/>(+30 for winning)\n|raw|ygdrasol's rating: 1213 &rarr; <strong>1183<\/strong><br \/>(-30 for losing)\n|l|\u2606ygdrasol\n|l|\u2606ChillLanturnYT\n|j|\u2606ChillLanturnYT\n|player|p1|ChillLanturnYT|palmer\n","uploadtime":1700176204,"views":8,"p1id":"chilllanturnyt","p2id":"ygdrasol","formatid":"gen9ou","rating":1173,"private":0,"password":""}