{"id":"gen9ou-1995284493","p1":"JTyutta","p2":"soy bebe","format":"[Gen 9] OU","log":"|j|\u2606JTyutta\n|j|\u2606soy bebe\n|t:|1700546733\n|gametype|singles\n|player|p1|JTyutta|steven|1377\n|player|p2|soy bebe|winona-gen3|1508\n|teamsize|p1|6\n|teamsize|p2|6\n|gen|9\n|tier|[Gen 9] OU\n|rated|\n|rule|Sleep Clause Mod: Limit one foe put to sleep\n|rule|Species Clause: Limit one of each Pok\u00e9mon\n|rule|OHKO Clause: OHKO moves are banned\n|rule|Evasion Items Clause: Evasion items are banned\n|rule|Evasion Moves Clause: Evasion moves are banned\n|rule|Endless Battle Clause: Forcing endless battles is banned\n|rule|HP Percentage Mod: HP is shown in percentages\n|clearpoke\n|poke|p1|Iron Valiant|\n|poke|p1|Great Tusk|\n|poke|p1|Iron Moth|\n|poke|p1|Zapdos|\n|poke|p1|Ogerpon-Cornerstone, F|\n|poke|p1|Cloyster, M|\n|poke|p2|Politoed, M|\n|poke|p2|Zapdos|\n|poke|p2|Iron Treads|\n|poke|p2|Basculegion-F, F|\n|poke|p2|Quaquaval, M|\n|poke|p2|Meowscarada, F|\n|teampreview\n|\n|t:|1700546764\n|start\n|switch|p1a: Iron Moth|Iron Moth|100\/100\n|switch|p2a: PoliSwirl~|Politoed, M, shiny|100\/100\n|-weather|RainDance|[from] ability: Drizzle|[of] p2a: PoliSwirl~\n|-enditem|p1a: Iron Moth|Booster Energy\n|-activate|p1a: Iron Moth|ability: Quark Drive|[fromitem]\n|-start|p1a: Iron Moth|quarkdrivespe\n|turn|1\n|inactive|Battle timer is ON: inactive players will automatically lose when time's up. (requested by soy bebe)\n|\n|t:|1700546776\n|move|p1a: Iron Moth|Sludge Wave|p2a: PoliSwirl~\n|-damage|p2a: PoliSwirl~|60\/100\n|move|p2a: PoliSwirl~|Surf|p1a: Iron Moth\n|-supereffective|p1a: Iron Moth\n|-damage|p1a: Iron Moth|0 fnt\n|faint|p1a: Iron Moth\n|-end|p1a: Iron Moth|Quark Drive|[silent]\n|\n|-weather|RainDance|[upkeep]\n|upkeep\n|\n|t:|1700546785\n|switch|p1a: Cloyster|Cloyster, M|100\/100\n|turn|2\n|\n|t:|1700546798\n|switch|p2a: Tempo|Zapdos, shiny|100\/100\n|move|p1a: Cloyster|Shell Smash|p1a: Cloyster\n|-unboost|p1a: Cloyster|def|1\n|-unboost|p1a: Cloyster|spd|1\n|-boost|p1a: Cloyster|atk|2\n|-boost|p1a: Cloyster|spa|2\n|-boost|p1a: Cloyster|spe|2\n|\n|-weather|RainDance|[upkeep]\n|upkeep\n|turn|3\n|\n|t:|1700546809\n|-terastallize|p2a: Tempo|Steel\n|move|p1a: Cloyster|Icicle Spear|p2a: Tempo\n|-resisted|p2a: Tempo\n|-damage|p2a: Tempo|89\/100\n|-resisted|p2a: Tempo\n|-damage|p2a: Tempo|78\/100\n|-resisted|p2a: Tempo\n|-damage|p2a: Tempo|67\/100\n|-resisted|p2a: Tempo\n|-damage|p2a: Tempo|57\/100\n|-resisted|p2a: Tempo\n|-damage|p2a: Tempo|47\/100\n|-hitcount|p2a: Tempo|5\n|move|p2a: Tempo|Volt Switch|p1a: Cloyster\n|-supereffective|p1a: Cloyster\n|-enditem|p1a: Cloyster|Focus Sash\n|-damage|p1a: Cloyster|1\/100\n|\n|t:|1700546816\n|switch|p2a: Quavo|Quaquaval, M, shiny|100\/100|[from] Volt Switch\n|\n|-weather|RainDance|[upkeep]\n|upkeep\n|turn|4\n|\n|t:|1700546828\n|move|p2a: Quavo|Aqua Jet|p1a: Cloyster\n|-resisted|p1a: Cloyster\n|-crit|p1a: Cloyster\n|-damage|p1a: Cloyster|0 fnt\n|faint|p1a: Cloyster\n|-ability|p2a: Quavo|Moxie|boost\n|-boost|p2a: Quavo|atk|1\n|\n|-weather|RainDance|[upkeep]\n|upkeep\n|\n|t:|1700546839\n|switch|p1a: Iron Valiant|Iron Valiant, shiny|100\/100\n|turn|5\n|\n|t:|1700546849\n|switch|p2a: Treadtianna|Iron Treads, shiny|100\/100\n|-enditem|p2a: Treadtianna|Booster Energy\n|-activate|p2a: Treadtianna|ability: Quark Drive|[fromitem]\n|-start|p2a: Treadtianna|quarkdrivespe\n|move|p1a: Iron Valiant|Thunder Wave|p2a: Treadtianna\n|-immune|p2a: Treadtianna\n|\n|-weather|RainDance|[upkeep]\n|upkeep\n|turn|6\n|\n|t:|1700546858\n|move|p2a: Treadtianna|Stealth Rock|p1a: Iron Valiant\n|-sidestart|p1: JTyutta|move: Stealth Rock\n|move|p1a: Iron Valiant|Close Combat|p2a: Treadtianna\n|-supereffective|p2a: Treadtianna\n|-damage|p2a: Treadtianna|0 fnt\n|-unboost|p1a: Iron Valiant|def|1\n|-unboost|p1a: Iron Valiant|spd|1\n|faint|p2a: Treadtianna\n|-end|p2a: Treadtianna|Quark Drive|[silent]\n|\n|-weather|RainDance|[upkeep]\n|upkeep\n|\n|t:|1700546865\n|switch|p2a: Golden Girl|Basculegion-F, F, shiny|100\/100\n|turn|7\n|\n|t:|1700546875\n|move|p2a: Golden Girl|Surf|p1a: Iron Valiant\n|-enditem|p1a: Iron Valiant|Focus Sash\n|-damage|p1a: Iron Valiant|1\/100\n|move|p1a: Iron Valiant|Thunder Wave|p2a: Golden Girl\n|-status|p2a: Golden Girl|par\n|\n|-weather|RainDance|[upkeep]\n|upkeep\n|turn|8\n|\n|t:|1700546884\n|move|p1a: Iron Valiant|Knock Off|p2a: Golden Girl\n|-supereffective|p2a: Golden Girl\n|-damage|p2a: Golden Girl|17\/100 par\n|-enditem|p2a: Golden Girl|Choice Specs|[from] move: Knock Off|[of] p1a: Iron Valiant\n|cant|p2a: Golden Girl|par\n|\n|-weather|none\n|upkeep\n|turn|9\n|\n|t:|1700546891\n|move|p1a: Iron Valiant|Knock Off|p2a: Golden Girl\n|-supereffective|p2a: Golden Girl\n|-damage|p2a: Golden Girl|0 fnt\n|faint|p2a: Golden Girl\n|\n|upkeep\n|\n|t:|1700546895\n|switch|p2a: Silly Cayt|Meowscarada, F, shiny|100\/100\n|turn|10\n|\n|t:|1700546898\n|move|p2a: Silly Cayt|U-turn|p1a: Iron Valiant\n|-start|p2a: Silly Cayt|typechange|Bug|[from] ability: Protean\n|-resisted|p1a: Iron Valiant\n|-damage|p1a: Iron Valiant|0 fnt\n|faint|p1a: Iron Valiant\n|-end|p1a: Iron Valiant|Quark Drive|[silent]\n|\n|t:|1700546907\n|switch|p2a: Tempo|Zapdos, shiny, tera:Steel|47\/100|[from] U-turn\n|\n|upkeep\n|\n|t:|1700546911\n|switch|p1a: Great Tusk|Great Tusk|100\/100\n|-damage|p1a: Great Tusk|98\/100|[from] Stealth Rock\n|-enditem|p1a: Great Tusk|Booster Energy\n|-activate|p1a: Great Tusk|ability: Protosynthesis|[fromitem]\n|-start|p1a: Great Tusk|protosynthesisatk\n|turn|11\n|\n|t:|1700546920\n|move|p2a: Tempo|Hurricane|p1a: Great Tusk\n|-supereffective|p1a: Great Tusk\n|-damage|p1a: Great Tusk|0 fnt\n|faint|p1a: Great Tusk\n|-end|p1a: Great Tusk|Protosynthesis|[silent]\n|\n|upkeep\n|\n|t:|1700546925\n|switch|p1a: Zapdos|Zapdos|100\/100\n|turn|12\n|\n|t:|1700546931\n|move|p2a: Tempo|Roost|p2a: Tempo\n|-heal|p2a: Tempo|97\/100\n|move|p1a: Zapdos|Heat Wave|p2a: Tempo\n|-supereffective|p2a: Tempo\n|-damage|p2a: Tempo|25\/100\n|\n|upkeep\n|turn|13\n|\n|t:|1700546939\n|move|p2a: Tempo|Volt Switch|p1a: Zapdos\n|-crit|p1a: Zapdos\n|-damage|p1a: Zapdos|59\/100\n|\n|t:|1700546942\n|switch|p2a: PoliSwirl~|Politoed, M, shiny|60\/100|[from] Volt Switch\n|-weather|RainDance|[from] ability: Drizzle|[of] p2a: PoliSwirl~\n|move|p1a: Zapdos|Tailwind|p1a: Zapdos\n|-sidestart|p1: JTyutta|move: Tailwind\n|\n|-weather|RainDance|[upkeep]\n|upkeep\n|turn|14\n|\n|t:|1700546956\n|switch|p2a: Tempo|Zapdos, shiny, tera:Steel|25\/100\n|move|p1a: Zapdos|Thunderbolt|p2a: Tempo\n|-damage|p2a: Tempo|0 fnt\n|faint|p2a: Tempo\n|\n|-weather|RainDance|[upkeep]\n|upkeep\n|inactive|soy bebe has 120 seconds left.\n|\n|t:|1700546995\n|switch|p2a: Quavo|Quaquaval, M, shiny|100\/100\n|turn|15\n|\n|t:|1700547001\n|move|p1a: Zapdos|Thunderbolt|p2a: Quavo\n|-supereffective|p2a: Quavo\n|-damage|p2a: Quavo|0 fnt\n|faint|p2a: Quavo\n|\n|-weather|RainDance|[upkeep]\n|upkeep\n|inactive|soy bebe has 120 seconds left.\n|\n|t:|1700547006\n|switch|p2a: Silly Cayt|Meowscarada, F, shiny|100\/100\n|turn|16\n|\n|t:|1700547018\n|move|p2a: Silly Cayt|Play Rough|p1a: Zapdos\n|-start|p2a: Silly Cayt|typechange|Fairy|[from] ability: Protean\n|-crit|p1a: Zapdos\n|-damage|p1a: Zapdos|0 fnt\n|faint|p1a: Zapdos\n|\n|-weather|RainDance|[upkeep]\n|-sideend|p1: JTyutta|move: Tailwind\n|upkeep\n|\n|t:|1700547027\n|switch|p1a: Ogerpon|Ogerpon-Cornerstone, F|100\/100\n|-damage|p1a: Ogerpon|88\/100|[from] Stealth Rock\n|turn|17\n|\n|t:|1700547033\n|switch|p2a: PoliSwirl~|Politoed, M, shiny|60\/100\n|move|p1a: Ogerpon|Horn Leech|p2a: PoliSwirl~\n|-supereffective|p2a: PoliSwirl~\n|-damage|p2a: PoliSwirl~|0 fnt\n|-heal|p1a: Ogerpon|100\/100|[from] drain|[of] p2a: PoliSwirl~\n|faint|p2a: PoliSwirl~\n|\n|-weather|RainDance|[upkeep]\n|upkeep\n|\n|t:|1700547041\n|switch|p2a: Silly Cayt|Meowscarada, F, shiny|100\/100\n|turn|18\n|\n|t:|1700547064\n|move|p2a: Silly Cayt|Flower Trick|p1a: Ogerpon\n|-start|p2a: Silly Cayt|typechange|Grass|[from] ability: Protean\n|-crit|p1a: Ogerpon\n|-damage|p1a: Ogerpon|34\/100\n|move|p1a: Ogerpon|Horn Leech|p2a: Silly Cayt\n|-resisted|p2a: Silly Cayt\n|-damage|p2a: Silly Cayt|66\/100\n|-heal|p1a: Ogerpon|51\/100|[from] drain|[of] p2a: Silly Cayt\n|\n|-weather|RainDance|[upkeep]\n|upkeep\n|turn|19\n|\n|t:|1700547076\n|move|p2a: Silly Cayt|Flower Trick|p1a: Ogerpon\n|-crit|p1a: Ogerpon\n|-damage|p1a: Ogerpon|0 fnt\n|faint|p1a: Ogerpon\n|\n|win|soy bebe\n|raw|JTyutta's rating: 1377 &rarr; <strong>1364<\/strong><br \/>(-13 for losing)\n|raw|soy bebe's rating: 1508 &rarr; <strong>1521<\/strong><br \/>(+13 for winning)\n","uploadtime":1700547083,"views":2,"p1id":"jtyutta","p2id":"soybebe","formatid":"gen9ou","rating":1364,"private":0,"password":""}