{"id":"gen9ou-1991811866","p1":"KoziolKombat","p2":"markerpens","format":"[Gen 9] OU","log":"|j|\u2606KoziolKombat\n|j|\u2606markerpens\n|t:|1700121805\n|gametype|singles\n|player|p1|KoziolKombat|yellow|1385\n|player|p2|markerpens|hugh|1349\n|teamsize|p1|6\n|teamsize|p2|6\n|gen|9\n|tier|[Gen 9] OU\n|rated|\n|rule|Sleep Clause Mod: Limit one foe put to sleep\n|rule|Species Clause: Limit one of each Pok\u00e9mon\n|rule|OHKO Clause: OHKO moves are banned\n|rule|Evasion Items Clause: Evasion items are banned\n|rule|Evasion Moves Clause: Evasion moves are banned\n|rule|Endless Battle Clause: Forcing endless battles is banned\n|rule|HP Percentage Mod: HP is shown in percentages\n|clearpoke\n|poke|p1|Zamazenta-*|\n|poke|p1|Scream Tail|\n|poke|p1|Iron Moth|\n|poke|p1|Samurott-Hisui, F|\n|poke|p1|Landorus-Therian, M|\n|poke|p1|Gholdengo|\n|poke|p2|Meowscarada, F|\n|poke|p2|Rotom-Wash|\n|poke|p2|Heatran, M|\n|poke|p2|Dragonite, F|\n|poke|p2|Great Tusk|\n|poke|p2|Slowking-Galar, M|\n|teampreview\n|inactive|Battle timer is ON: inactive players will automatically lose when time's up. (requested by KoziolKombat)\n|\n|t:|1700121813\n|start\n|switch|p1a: Samurott|Samurott-Hisui, F|100\/100\n|switch|p2a: Meowscarada|Meowscarada, F|100\/100\n|turn|1\n|\n|t:|1700121830\n|switch|p1a: Zamazenta|Zamazenta|100\/100\n|-ability|p1a: Zamazenta|Dauntless Shield|boost\n|-boost|p1a: Zamazenta|def|1\n|move|p2a: Meowscarada|U-turn|p1a: Zamazenta\n|-start|p2a: Meowscarada|typechange|Bug|[from] ability: Protean\n|-resisted|p1a: Zamazenta\n|-damage|p1a: Zamazenta|93\/100\n|\n|t:|1700121840\n|switch|p2a: Rotom|Rotom-Wash|100\/100|[from] U-turn\n|\n|-heal|p1a: Zamazenta|99\/100|[from] item: Leftovers\n|upkeep\n|turn|2\n|\n|t:|1700121849\n|move|p1a: Zamazenta|Substitute|p1a: Zamazenta\n|-start|p1a: Zamazenta|Substitute\n|-damage|p1a: Zamazenta|74\/100\n|move|p2a: Rotom|Will-O-Wisp||[still]\n|-fail|p2a: Rotom\n|\n|-heal|p1a: Zamazenta|81\/100|[from] item: Leftovers\n|upkeep\n|turn|3\n|\n|t:|1700121860\n|move|p1a: Zamazenta|Iron Defense|p1a: Zamazenta\n|-boost|p1a: Zamazenta|def|2\n|move|p2a: Rotom|Hydro Pump|p1a: Zamazenta\n|-end|p1a: Zamazenta|Substitute\n|\n|-heal|p1a: Zamazenta|87\/100|[from] item: Leftovers\n|upkeep\n|turn|4\n|\n|t:|1700121870\n|move|p1a: Zamazenta|Substitute|p1a: Zamazenta\n|-start|p1a: Zamazenta|Substitute\n|-damage|p1a: Zamazenta|62\/100\n|move|p2a: Rotom|Hydro Pump|p1a: Zamazenta\n|-end|p1a: Zamazenta|Substitute\n|\n|-heal|p1a: Zamazenta|68\/100|[from] item: Leftovers\n|upkeep\n|turn|5\n|\n|t:|1700121878\n|move|p1a: Zamazenta|Body Press|p2a: Rotom\n|-damage|p2a: Rotom|34\/100\n|move|p2a: Rotom|Hydro Pump|p1a: Zamazenta|[miss]\n|-miss|p2a: Rotom|p1a: Zamazenta\n|\n|-heal|p1a: Zamazenta|74\/100|[from] item: Leftovers\n|-heal|p2a: Rotom|40\/100|[from] item: Leftovers\n|upkeep\n|turn|6\n|\n|t:|1700121887\n|move|p1a: Zamazenta|Substitute|p1a: Zamazenta\n|-start|p1a: Zamazenta|Substitute\n|-damage|p1a: Zamazenta|49\/100\n|move|p2a: Rotom|Will-O-Wisp||[still]\n|-fail|p2a: Rotom\n|\n|-heal|p1a: Zamazenta|55\/100|[from] item: Leftovers\n|-heal|p2a: Rotom|47\/100|[from] item: Leftovers\n|upkeep\n|turn|7\n|\n|t:|1700121892\n|move|p2a: Rotom|Protect|p2a: Rotom\n|-singleturn|p2a: Rotom|Protect\n|move|p1a: Zamazenta|Body Press|p2a: Rotom\n|-activate|p2a: Rotom|move: Protect\n|\n|-heal|p1a: Zamazenta|62\/100|[from] item: Leftovers\n|-heal|p2a: Rotom|53\/100|[from] item: Leftovers\n|upkeep\n|turn|8\n|\n|t:|1700121920\n|move|p1a: Zamazenta|Iron Defense|p1a: Zamazenta\n|-boost|p1a: Zamazenta|def|2\n|move|p2a: Rotom|Volt Switch|p1a: Zamazenta\n|-activate|p1a: Zamazenta|move: Substitute|[damage]\n|\n|t:|1700121929\n|switch|p2a: Great Tusk|Great Tusk|100\/100|[from] Volt Switch\n|\n|-heal|p1a: Zamazenta|68\/100|[from] item: Leftovers\n|upkeep\n|turn|9\n|\n|t:|1700121936\n|move|p1a: Zamazenta|Body Press|p2a: Great Tusk\n|-damage|p2a: Great Tusk|15\/100\n|move|p2a: Great Tusk|Headlong Rush|p1a: Zamazenta\n|-end|p1a: Zamazenta|Substitute\n|-unboost|p2a: Great Tusk|def|1\n|-unboost|p2a: Great Tusk|spd|1\n|\n|-heal|p1a: Zamazenta|74\/100|[from] item: Leftovers\n|-heal|p2a: Great Tusk|21\/100|[from] item: Leftovers\n|upkeep\n|turn|10\n|\n|t:|1700121948\n|move|p1a: Zamazenta|Body Press|p2a: Great Tusk\n|-crit|p2a: Great Tusk\n|-damage|p2a: Great Tusk|0 fnt\n|faint|p2a: Great Tusk\n|-end|p2a: Great Tusk|Protosynthesis|[silent]\n|\n|-heal|p1a: Zamazenta|80\/100|[from] item: Leftovers\n|upkeep\n|\n|t:|1700121951\n|switch|p2a: Slowking|Slowking-Galar, M|100\/100\n|turn|11\n|\n|t:|1700121964\n|move|p1a: Zamazenta|Substitute|p1a: Zamazenta\n|-start|p1a: Zamazenta|Substitute\n|-damage|p1a: Zamazenta|55\/100\n|move|p2a: Slowking|Sludge Bomb|p1a: Zamazenta\n|-end|p1a: Zamazenta|Substitute\n|\n|-heal|p1a: Zamazenta|61\/100|[from] item: Leftovers\n|upkeep\n|turn|12\n|\n|t:|1700121972\n|switch|p1a: Gholdengo|Gholdengo|100\/100\n|move|p2a: Slowking|Future Sight|p1a: Gholdengo\n|-start|p2a: Slowking|move: Future Sight\n|\n|upkeep\n|turn|13\n|\n|t:|1700121982\n|move|p1a: Gholdengo|Nasty Plot|p1a: Gholdengo\n|-boost|p1a: Gholdengo|spa|2\n|move|p2a: Slowking|Flamethrower|p1a: Gholdengo\n|-supereffective|p1a: Gholdengo\n|-damage|p1a: Gholdengo|45\/100\n|\n|upkeep\n|turn|14\n|\n|t:|1700121998\n|switch|p2a: Meowscarada|Meowscarada, F|100\/100\n|move|p1a: Gholdengo|Shadow Ball|p2a: Meowscarada\n|-resisted|p2a: Meowscarada\n|-damage|p2a: Meowscarada|35\/100\n|\n|-end|p1a: Gholdengo|move: Future Sight\n|-resisted|p1a: Gholdengo\n|-damage|p1a: Gholdengo|19\/100\n|upkeep\n|turn|15\n|\n|t:|1700122011\n|switch|p1a: Landorus|Landorus-Therian, M|100\/100\n|-ability|p1a: Landorus|Intimidate|boost\n|-unboost|p2a: Meowscarada|atk|1\n|move|p2a: Meowscarada|Knock Off|p1a: Landorus\n|-start|p2a: Meowscarada|typechange|Dark|[from] ability: Protean\n|-damage|p1a: Landorus|63\/100\n|-enditem|p1a: Landorus|Choice Scarf|[from] move: Knock Off|[of] p2a: Meowscarada\n|\n|upkeep\n|turn|16\n|\n|t:|1700122024\n|switch|p2a: Rotom|Rotom-Wash|53\/100\n|move|p1a: Landorus|U-turn|p2a: Rotom\n|-damage|p2a: Rotom|31\/100\n|\n|t:|1700122042\n|switch|p1a: Iron Moth|Iron Moth|100\/100|[from] U-turn\n|\n|-heal|p2a: Rotom|38\/100|[from] item: Leftovers\n|upkeep\n|turn|17\n|\n|t:|1700122050\n|switch|p2a: Gliscor Slayer|Heatran, M|100\/100\n|move|p1a: Iron Moth|Energy Ball|p2a: Gliscor Slayer\n|-resisted|p2a: Gliscor Slayer\n|-damage|p2a: Gliscor Slayer|89\/100\n|\n|-heal|p2a: Gliscor Slayer|95\/100|[from] item: Leftovers\n|upkeep\n|turn|18\n|\n|t:|1700122059\n|-end|p1a: Iron Moth|Quark Drive|[silent]\n|switch|p1a: Gholdengo|Gholdengo|19\/100\n|move|p2a: Gliscor Slayer|Magma Storm|p1a: Gholdengo\n|-supereffective|p1a: Gholdengo\n|-damage|p1a: Gholdengo|0 fnt\n|faint|p1a: Gholdengo\n|\n|-heal|p2a: Gliscor Slayer|100\/100|[from] item: Leftovers\n|upkeep\n|\n|t:|1700122072\n|switch|p1a: Landorus|Landorus-Therian, M|63\/100\n|-ability|p1a: Landorus|Intimidate|boost\n|-unboost|p2a: Gliscor Slayer|atk|1\n|turn|19\n|\n|t:|1700122083\n|switch|p2a: Rotom|Rotom-Wash|38\/100\n|move|p1a: Landorus|U-turn|p2a: Rotom\n|-damage|p2a: Rotom|17\/100\n|\n|t:|1700122092\n|switch|p1a: Samurott|Samurott-Hisui, F|100\/100|[from] U-turn\n|\n|-heal|p2a: Rotom|23\/100|[from] item: Leftovers\n|upkeep\n|turn|20\n|\n|t:|1700122097\n|move|p1a: Samurott|Ceaseless Edge|p2a: Rotom\n|-damage|p2a: Rotom|0 fnt\n|-sidestart|p2: markerpens|Spikes\n|faint|p2a: Rotom\n|\n|upkeep\n|\n|t:|1700122101\n|switch|p2a: Dragonite|Dragonite, F|100\/100\n|turn|21\n|\n|t:|1700122106\n|switch|p1a: Scream Tail|Scream Tail|100\/100\n|move|p2a: Dragonite|Dragon Dance|p2a: Dragonite\n|-boost|p2a: Dragonite|atk|1\n|-boost|p2a: Dragonite|spe|1\n|\n|upkeep\n|turn|22\n|\n|t:|1700122112\n|move|p2a: Dragonite|Earthquake|p1a: Scream Tail\n|-damage|p1a: Scream Tail|54\/100\n|move|p1a: Scream Tail|Encore|p2a: Dragonite\n|-start|p2a: Dragonite|Encore\n|\n|-heal|p1a: Scream Tail|60\/100|[from] item: Leftovers\n|upkeep\n|turn|23\n|\n|t:|1700122117\n|-end|p1a: Scream Tail|Protosynthesis|[silent]\n|switch|p1a: Landorus|Landorus-Therian, M|63\/100\n|-ability|p1a: Landorus|Intimidate|boost\n|-unboost|p2a: Dragonite|atk|1\n|move|p2a: Dragonite|Earthquake|p1a: Landorus\n|-immune|p1a: Landorus\n|\n|upkeep\n|turn|24\n|\n|t:|1700122126\n|move|p2a: Dragonite|Earthquake|p1a: Landorus\n|-immune|p1a: Landorus\n|move|p1a: Landorus|Stone Edge|p2a: Dragonite\n|-supereffective|p2a: Dragonite\n|-damage|p2a: Dragonite|58\/100\n|\n|upkeep\n|turn|25\n|-message|markerpens forfeited.\n|\n|win|KoziolKombat\n|raw|KoziolKombat's rating: 1385 &rarr; <strong>1403<\/strong><br \/>(+18 for winning)\n|raw|markerpens's rating: 1349 &rarr; <strong>1331<\/strong><br \/>(-18 for losing)\n|l|\u2606markerpens\n|c|\u2606KoziolKombat|gg\n","uploadtime":1700122142,"views":10,"p1id":"koziolkombat","p2id":"markerpens","formatid":"gen9ou","rating":1331,"private":0,"password":""}