{"id":"gen9ou-1995140457","p1":"RogerBuster","p2":"PERIKO0729","format":"[Gen 9] OU","log":"|j|\u2606RogerBuster\n|j|\u2606PERIKO0729\n|t:|1700527075\n|gametype|singles\n|player|p1|RogerBuster|winona|1220\n|player|p2|PERIKO0729|lucas|1208\n|teamsize|p1|6\n|teamsize|p2|6\n|gen|9\n|tier|[Gen 9] OU\n|rated|\n|rule|Sleep Clause Mod: Limit one foe put to sleep\n|rule|Species Clause: Limit one of each Pok\u00e9mon\n|rule|OHKO Clause: OHKO moves are banned\n|rule|Evasion Items Clause: Evasion items are banned\n|rule|Evasion Moves Clause: Evasion moves are banned\n|rule|Endless Battle Clause: Forcing endless battles is banned\n|rule|HP Percentage Mod: HP is shown in percentages\n|clearpoke\n|poke|p1|Hariyama, F|\n|poke|p1|Frosmoth, M|\n|poke|p1|Ditto|\n|poke|p1|Persian-Alola, M|\n|poke|p1|Polteageist|\n|poke|p1|Shiftry, F|\n|poke|p2|Meowscarada, F|\n|poke|p2|Greninja-*, M|\n|poke|p2|Ribombee, M|\n|poke|p2|Kommo-o, M|\n|poke|p2|Kingambit, F|\n|poke|p2|Glimmora, M|\n|teampreview\n|inactive|Battle timer is ON: inactive players will automatically lose when time's up. (requested by PERIKO0729)\n|inactive|RogerBuster has 120 seconds left.\n|inactive|RogerBuster has 90 seconds left.\n|\n|t:|1700527148\n|start\n|switch|p1a: Frosmoth|Frosmoth, M|100\/100\n|switch|p2a: Ribombee|Ribombee, M|100\/100\n|turn|1\n|\n|t:|1700527171\n|move|p2a: Ribombee|Tailwind|p2a: Ribombee\n|-sidestart|p2: PERIKO0729|move: Tailwind\n|move|p1a: Frosmoth|Quiver Dance|p1a: Frosmoth\n|-boost|p1a: Frosmoth|spa|1\n|-boost|p1a: Frosmoth|spd|1\n|-boost|p1a: Frosmoth|spe|1\n|\n|upkeep\n|turn|2\n|inactive|RogerBuster has 120 seconds left.\n|\n|t:|1700527204\n|move|p2a: Ribombee|Sticky Web|p1a: Frosmoth\n|-sidestart|p1: RogerBuster|move: Sticky Web\n|move|p1a: Frosmoth|Quiver Dance|p1a: Frosmoth\n|-boost|p1a: Frosmoth|spa|1\n|-boost|p1a: Frosmoth|spd|1\n|-boost|p1a: Frosmoth|spe|1\n|\n|upkeep\n|turn|3\n|\n|t:|1700527216\n|switch|p2a: Glimmora|Glimmora, M|100\/100\n|move|p1a: Frosmoth|Ice Beam|p2a: Glimmora\n|-enditem|p2a: Glimmora|Focus Sash\n|-damage|p2a: Glimmora|1\/100\n|\n|upkeep\n|turn|4\n|\n|t:|1700527229\n|move|p2a: Glimmora|Mortal Spin|p1a: Frosmoth\n|-damage|p1a: Frosmoth|90\/100\n|-status|p1a: Frosmoth|psn\n|move|p1a: Frosmoth|Ice Beam|p2a: Glimmora\n|-damage|p2a: Glimmora|0 fnt\n|faint|p2a: Glimmora\n|\n|-damage|p1a: Frosmoth|78\/100 psn|[from] psn\n|-sideend|p2: PERIKO0729|move: Tailwind\n|upkeep\n|\n|t:|1700527243\n|switch|p2a: Meowscarada|Meowscarada, F, shiny|100\/100\n|turn|5\n|\n|t:|1700527248\n|move|p2a: Meowscarada|Knock Off|p1a: Frosmoth\n|-start|p2a: Meowscarada|typechange|Dark|[from] ability: Protean\n|-damage|p1a: Frosmoth|0 fnt\n|-enditem|p1a: Frosmoth|Heavy-Duty Boots|[from] move: Knock Off|[of] p2a: Meowscarada\n|faint|p1a: Frosmoth\n|\n|upkeep\n|\n|t:|1700527265\n|switch|p1a: Ditto|Ditto|100\/100\n|-activate|p1a: Ditto|move: Sticky Web\n|-unboost|p1a: Ditto|spe|1\n|-transform|p1a: Ditto|p2a: Meowscarada|[from] ability: Imposter\n|turn|6\n|\n|t:|1700527275\n|move|p2a: Meowscarada|Knock Off|p1a: Ditto\n|-resisted|p1a: Ditto\n|-damage|p1a: Ditto|67\/100\n|-enditem|p1a: Ditto|Choice Scarf|[from] move: Knock Off|[of] p2a: Meowscarada\n|move|p1a: Ditto|U-turn|p2a: Meowscarada\n|-start|p1a: Ditto|typechange|Bug|[from] ability: Protean\n|-supereffective|p2a: Meowscarada\n|-damage|p2a: Meowscarada|0 fnt\n|faint|p2a: Meowscarada\n|inactive|RogerBuster has 120 seconds left.\n|c|\u2606PERIKO0729|C Mon\n|c|\u2606PERIKO0729|Apurate\n|inactive|RogerBuster has 90 seconds left.\n|\n|t:|1700527323\n|switch|p1a: Persian|Persian-Alola, M|100\/100|[from] U-turn\n|-activate|p1a: Persian|move: Sticky Web\n|-unboost|p1a: Persian|spe|1\n|\n|upkeep\n|\n|t:|1700527329\n|switch|p2a: Ribombee|Ribombee, M|100\/100\n|turn|7\n|inactive|RogerBuster has 90 seconds left.\n|\n|t:|1700527358\n|-terastallize|p1a: Persian|Fire\n|move|p2a: Ribombee|Moonblast|p1a: Persian\n|-resisted|p1a: Persian\n|-damage|p1a: Persian|65\/100\n|move|p1a: Persian|Tera Blast|p2a: Ribombee|[anim] Tera Blast Fire\n|-supereffective|p2a: Ribombee\n|-damage|p2a: Ribombee|26\/100\n|\n|upkeep\n|turn|8\n|c|\u2606PERIKO0729|Mmta madre\n|\n|t:|1700527367\n|move|p2a: Ribombee|Tailwind|p2a: Ribombee\n|-sidestart|p2: PERIKO0729|move: Tailwind\n|move|p1a: Persian|Tera Blast|p2a: Ribombee|[anim] Tera Blast Fire\n|-supereffective|p2a: Ribombee\n|-damage|p2a: Ribombee|0 fnt\n|faint|p2a: Ribombee\n|\n|upkeep\n|\n|t:|1700527375\n|switch|p2a: Greninja|Greninja, M|100\/100\n|turn|9\n|\n|t:|1700527385\n|switch|p1a: Shiftry|Shiftry, F|100\/100\n|-activate|p1a: Shiftry|move: Sticky Web\n|-unboost|p1a: Shiftry|spe|1\n|move|p2a: Greninja|Dark Pulse|p1a: Shiftry\n|-resisted|p1a: Shiftry\n|-damage|p1a: Shiftry|71\/100\n|-damage|p2a: Greninja|91\/100|[from] item: Life Orb\n|\n|upkeep\n|turn|10\n|\n|t:|1700527404\n|move|p2a: Greninja|Ice Beam|p1a: Shiftry\n|-supereffective|p1a: Shiftry\n|-damage|p1a: Shiftry|0 fnt\n|faint|p1a: Shiftry\n|-ability|p2a: Greninja|Battle Bond|boost\n|-boost|p2a: Greninja|atk|1\n|-boost|p2a: Greninja|spa|1\n|-boost|p2a: Greninja|spe|1\n|-activate|p2a: Greninja|ability: Battle Bond\n|-damage|p2a: Greninja|81\/100|[from] item: Life Orb\n|\n|upkeep\n|\n|t:|1700527413\n|switch|p1a: Ditto|Ditto|67\/100\n|-activate|p1a: Ditto|move: Sticky Web\n|-unboost|p1a: Ditto|spe|1\n|-transform|p1a: Ditto|p2a: Greninja|[from] ability: Imposter\n|turn|11\n|inactive|RogerBuster has 90 seconds left.\n|\n|t:|1700527435\n|move|p2a: Greninja|Surf|p1a: Ditto\n|-resisted|p1a: Ditto\n|-damage|p1a: Ditto|11\/100\n|-damage|p2a: Greninja|71\/100|[from] item: Life Orb\n|move|p1a: Ditto|Surf|p2a: Greninja\n|-resisted|p2a: Greninja\n|-damage|p2a: Greninja|26\/100\n|\n|-sideend|p2: PERIKO0729|move: Tailwind\n|upkeep\n|turn|12\n|inactive|RogerBuster has 90 seconds left.\n|\n|t:|1700527452\n|move|p2a: Greninja|Surf|p1a: Ditto\n|-resisted|p1a: Ditto\n|-damage|p1a: Ditto|0 fnt\n|faint|p1a: Ditto\n|-damage|p2a: Greninja|16\/100|[from] item: Life Orb\n|\n|upkeep\n|\n|t:|1700527460\n|switch|p1a: Hariyama|Hariyama, F|100\/100\n|-activate|p1a: Hariyama|move: Sticky Web\n|-unboost|p1a: Hariyama|spe|1\n|turn|13\n|inactive|RogerBuster has 90 seconds left.\n|\n|t:|1700527466\n|move|p2a: Greninja|Extrasensory|p1a: Hariyama\n|-supereffective|p1a: Hariyama\n|-damage|p1a: Hariyama|3\/100\n|-damage|p2a: Greninja|6\/100|[from] item: Life Orb\n|move|p1a: Hariyama|Drain Punch|p2a: Greninja\n|-supereffective|p2a: Greninja\n|-damage|p2a: Greninja|0 fnt\n|-heal|p1a: Hariyama|5\/100|[from] drain|[of] p2a: Greninja\n|faint|p2a: Greninja\n|\n|-heal|p1a: Hariyama|11\/100|[from] item: Leftovers\n|upkeep\n|\n|t:|1700527479\n|switch|p2a: Kommo-o|Kommo-o, M|100\/100\n|turn|14\n|\n|t:|1700527490\n|move|p2a: Kommo-o|Clangorous Soul|p2a: Kommo-o\n|-boost|p2a: Kommo-o|atk|1\n|-boost|p2a: Kommo-o|def|1\n|-boost|p2a: Kommo-o|spa|1\n|-boost|p2a: Kommo-o|spd|1\n|-boost|p2a: Kommo-o|spe|1\n|-damage|p2a: Kommo-o|68\/100\n|-enditem|p2a: Kommo-o|Throat Spray\n|-boost|p2a: Kommo-o|spa|1|[from] item: Throat Spray\n|move|p1a: Hariyama|Drain Punch|p2a: Kommo-o\n|-damage|p2a: Kommo-o|43\/100\n|-heal|p1a: Hariyama|19\/100|[from] drain|[of] p2a: Kommo-o\n|\n|-heal|p1a: Hariyama|25\/100|[from] item: Leftovers\n|upkeep\n|turn|15\n|\n|t:|1700527507\n|move|p2a: Kommo-o|Clanging Scales|p1a: Hariyama\n|-damage|p1a: Hariyama|0 fnt\n|faint|p1a: Hariyama\n|-unboost|p2a: Kommo-o|def|1\n|\n|upkeep\n|\n|t:|1700527515\n|switch|p1a: Polteageist|Polteageist|100\/100\n|-activate|p1a: Polteageist|move: Sticky Web\n|-unboost|p1a: Polteageist|spe|1\n|-enditem|p1a: Polteageist|White Herb\n|-clearnegativeboost|p1a: Polteageist|[silent]\n|turn|16\n|\n|t:|1700527525\n|-terastallize|p2a: Kommo-o|Steel\n|move|p2a: Kommo-o|Clanging Scales|p1a: Polteageist\n|-damage|p1a: Polteageist|1\/100\n|-start|p2a: Kommo-o|Disable|Clanging Scales|[from] ability: Cursed Body|[of] p1a: Polteageist\n|-unboost|p2a: Kommo-o|def|1\n|move|p1a: Polteageist|Psyshock|p2a: Kommo-o\n|-resisted|p2a: Kommo-o\n|-damage|p2a: Kommo-o|21\/100\n|\n|upkeep\n|turn|17\n|\n|t:|1700527536\n|move|p2a: Kommo-o|Flamethrower|p1a: Polteageist\n|-damage|p1a: Polteageist|0 fnt\n|faint|p1a: Polteageist\n|\n|upkeep\n|\n|t:|1700527541\n|switch|p1a: Persian|Persian-Alola, M, tera:Fire|65\/100\n|-activate|p1a: Persian|move: Sticky Web\n|-unboost|p1a: Persian|spe|1\n|turn|18\n|\n|t:|1700527546\n|move|p2a: Kommo-o|Flash Cannon|p1a: Persian\n|-resisted|p1a: Persian\n|-damage|p1a: Persian|0 fnt\n|faint|p1a: Persian\n|\n|win|PERIKO0729\n|raw|RogerBuster's rating: 1220 &rarr; <strong>1194<\/strong><br \/>(-26 for losing)\n|raw|PERIKO0729's rating: 1208 &rarr; <strong>1234<\/strong><br \/>(+26 for winning)\n|c|\u2606RogerBuster|gg\n|l|\u2606RogerBuster\n","uploadtime":1700527553,"views":12,"p1id":"rogerbuster","p2id":"periko0729","formatid":"gen9ou","rating":1194,"private":0,"password":""}