{"id":"gen9ou-1994449863","p1":"burberry bax","p2":"muffinATEthat","format":"[Gen 9] OU","log":"|j|\u2606burberry bax\n|j|\u2606muffinATEthat\n|t:|1700445261\n|gametype|singles\n|player|p1|burberry bax|lucas|\n|player|p2|muffinATEthat|iris-masters|\n|teamsize|p1|6\n|teamsize|p2|6\n|gen|9\n|tier|[Gen 9] OU\n|rule|Sleep Clause Mod: Limit one foe put to sleep\n|rule|Species Clause: Limit one of each Pok\u00e9mon\n|rule|OHKO Clause: OHKO moves are banned\n|rule|Evasion Items Clause: Evasion items are banned\n|rule|Evasion Moves Clause: Evasion moves are banned\n|rule|Endless Battle Clause: Forcing endless battles is banned\n|rule|HP Percentage Mod: HP is shown in percentages\n|clearpoke\n|poke|p1|Quaquaval, F|\n|poke|p1|Mudsdale, M|\n|poke|p1|Umbreon, F|\n|poke|p1|Eelektross, M|\n|poke|p1|Salamence, F|\n|poke|p1|Amoonguss, F|\n|poke|p2|Slowbro, F|\n|poke|p2|Breloom, F|\n|poke|p2|Sandy Shocks|\n|poke|p2|Sneasel-Hisui, F|\n|poke|p2|Rotom-Heat|\n|poke|p2|Kingambit, F|\n|teampreview\n|j| CTE World\n|j| GymLeader Avery\n|j| FirstClassWill\n|j| DomNeedsHelp\n|j| SenketsuThreads\n|j| TBK Renegades\n|c| DomNeedsHelp|Go!\n|\n|t:|1700445303\n|start\n|switch|p1a: montenegro|Mudsdale, M, shiny|100\/100\n|switch|p2a: FREE HAITI|Sneasel-Hisui, F|100\/100\n|turn|1\n|c| SenketsuThreads|IM DIAMOND 1\n|\n|t:|1700445339\n|switch|p1a: ultra headtop|Amoonguss, F, shiny|100\/100\n|move|p2a: FREE HAITI|Toxic|p1a: ultra headtop\n|-immune|p1a: ultra headtop\n|\n|upkeep\n|turn|2\n|inactive|Battle timer is ON: inactive players will automatically lose when time's up. (requested by burberry bax)\n|\n|t:|1700445358\n|move|p2a: FREE HAITI|Switcheroo|p1a: ultra headtop\n|-activate|p2a: FREE HAITI|move: Trick|[of] p1a: ultra headtop\n|-item|p1a: ultra headtop|Eviolite|[from] move: Switcheroo\n|-item|p2a: FREE HAITI|Heavy-Duty Boots|[from] move: Switcheroo\n|move|p1a: ultra headtop|Spore|p2a: FREE HAITI\n|-status|p2a: FREE HAITI|slp|[from] move: Spore\n|\n|upkeep\n|turn|3\n|\n|t:|1700445379\n|switch|p2a: FREE SUDAN|Rotom-Heat, shiny|100\/100\n|switch|p1a: shit trash lmao|Salamence, F, shiny|100\/100\n|-ability|p1a: shit trash lmao|Intimidate|boost\n|-unboost|p2a: FREE SUDAN|atk|1\n|\n|upkeep\n|turn|4\n|\n|t:|1700445406\n|move|p2a: FREE SUDAN|Overheat|p1a: shit trash lmao\n|-resisted|p1a: shit trash lmao\n|-damage|p1a: shit trash lmao|66\/100\n|-unboost|p2a: FREE SUDAN|spa|2\n|move|p1a: shit trash lmao|Draco Meteor|p2a: FREE SUDAN\n|-crit|p2a: FREE SUDAN\n|-damage|p2a: FREE SUDAN|0 fnt\n|-unboost|p1a: shit trash lmao|spa|2\n|faint|p2a: FREE SUDAN\n|\n|upkeep\n|inactive|muffinATEthat has 270 seconds left.\n|\n|t:|1700445429\n|switch|p2a: FIRE FIST FOREVER|Kingambit, F, shiny|100\/100\n|-activate|p2a: FIRE FIST FOREVER|ability: Supreme Overlord\n|-start|p2a: FIRE FIST FOREVER|fallen1|[silent]\n|turn|5\n|\n|t:|1700445446\n|switch|p1a: montenegro|Mudsdale, M, shiny|100\/100\n|move|p2a: FIRE FIST FOREVER|Kowtow Cleave|p1a: montenegro\n|-damage|p1a: montenegro|64\/100\n|-ability|p1a: montenegro|Stamina|boost\n|-boost|p1a: montenegro|def|1\n|\n|-heal|p1a: montenegro|70\/100|[from] item: Leftovers\n|upkeep\n|turn|6\n|\n|t:|1700445460\n|-end|p2a: FIRE FIST FOREVER|fallen1|[silent]\n|switch|p2a: FREE PALESTINE|Slowbro, F, shiny|100\/100\n|move|p1a: montenegro|Stealth Rock|p2a: FREE PALESTINE\n|-sidestart|p2: muffinATEthat|move: Stealth Rock\n|\n|-heal|p1a: montenegro|76\/100|[from] item: Leftovers\n|upkeep\n|turn|7\n|\n|t:|1700445480\n|switch|p1a: rika|Eelektross, M, shiny|100\/100\n|switch|p2a: FREE TIGRAY|Breloom, F, shiny|100\/100\n|-damage|p2a: FREE TIGRAY|94\/100|[from] Stealth Rock\n|\n|upkeep\n|turn|8\n|\n|t:|1700445490\n|switch|p1a: shit trash lmao|Salamence, F, shiny|66\/100\n|-ability|p1a: shit trash lmao|Intimidate|boost\n|-unboost|p2a: FREE TIGRAY|atk|1\n|move|p2a: FREE TIGRAY|Bullet Seed|p1a: shit trash lmao\n|-resisted|p1a: shit trash lmao\n|-damage|p1a: shit trash lmao|62\/100\n|-resisted|p1a: shit trash lmao\n|-damage|p1a: shit trash lmao|58\/100\n|-resisted|p1a: shit trash lmao\n|-damage|p1a: shit trash lmao|54\/100\n|-resisted|p1a: shit trash lmao\n|-damage|p1a: shit trash lmao|50\/100\n|-hitcount|p1a: shit trash lmao|4\n|\n|upkeep\n|turn|9\n|\n|t:|1700445525\n|switch|p2a: FREE HAITI|Sneasel-Hisui, F|100\/100 slp\n|move|p1a: shit trash lmao|Roost|p1a: shit trash lmao\n|-heal|p1a: shit trash lmao|99\/100\n|-singleturn|p1a: shit trash lmao|move: Roost\n|\n|upkeep\n|turn|10\n|\n|t:|1700445535\n|cant|p2a: FREE HAITI|slp\n|move|p1a: shit trash lmao|Flamethrower|p2a: FREE HAITI\n|-damage|p2a: FREE HAITI|46\/100 slp\n|\n|upkeep\n|turn|11\n|\n|t:|1700445545\n|switch|p1a: ultra headtop|Amoonguss, F, shiny|100\/100\n|cant|p2a: FREE HAITI|slp\n|\n|upkeep\n|turn|12\n|\n|t:|1700445556\n|-curestatus|p2a: FREE HAITI|slp|[msg]\n|move|p2a: FREE HAITI|Poison Jab|p1a: ultra headtop\n|-damage|p1a: ultra headtop|75\/100\n|move|p1a: ultra headtop|Giga Drain|p2a: FREE HAITI\n|-resisted|p2a: FREE HAITI\n|-damage|p2a: FREE HAITI|26\/100\n|-heal|p1a: ultra headtop|81\/100|[from] drain|[of] p2a: FREE HAITI\n|\n|upkeep\n|turn|13\n|inactive|muffinATEthat has 240 seconds left.\n|\n|t:|1700445587\n|move|p2a: FREE HAITI|Poison Jab|p1a: ultra headtop\n|-damage|p1a: ultra headtop|53\/100\n|move|p1a: ultra headtop|Spore|p2a: FREE HAITI\n|-status|p2a: FREE HAITI|slp|[from] move: Spore\n|\n|upkeep\n|turn|14\n|\n|t:|1700445600\n|switch|p2a: FIRE FIST FOREVER|Kingambit, F, shiny|100\/100\n|-damage|p2a: FIRE FIST FOREVER|94\/100|[from] Stealth Rock\n|-activate|p2a: FIRE FIST FOREVER|ability: Supreme Overlord\n|-start|p2a: FIRE FIST FOREVER|fallen1|[silent]\n|switch|p1a: rika|Eelektross, M, shiny|100\/100\n|\n|upkeep\n|turn|15\n|inactive|muffinATEthat has 240 seconds left.\n|\n|t:|1700445624\n|-end|p2a: FIRE FIST FOREVER|fallen1|[silent]\n|switch|p2a: FREE HAITI|Sneasel-Hisui, F|26\/100 slp\n|move|p1a: rika|Volt Switch|p2a: FREE HAITI\n|-damage|p2a: FREE HAITI|0 fnt\n|faint|p2a: FREE HAITI\n|\n|t:|1700445638\n|switch|p1a: shit trash lmao|Salamence, F, shiny|99\/100|[from] Volt Switch\n|\n|upkeep\n|inactive|muffinATEthat has 240 seconds left.\n|\n|t:|1700445644\n|switch|p2a: FREE PALESTINE|Slowbro, F, shiny|100\/100\n|-damage|p2a: FREE PALESTINE|88\/100|[from] Stealth Rock\n|turn|16\n|\n|t:|1700445651\n|switch|p1a: rika|Eelektross, M, shiny|100\/100\n|move|p2a: FREE PALESTINE|Ice Beam|p1a: rika\n|-damage|p1a: rika|88\/100\n|\n|-heal|p2a: FREE PALESTINE|94\/100|[from] item: Leftovers\n|upkeep\n|turn|17\n|inactive|muffinATEthat has 240 seconds left.\n|inactive|muffinATEthat has 210 seconds left.\n|\n|t:|1700445698\n|-terastallize|p2a: FREE PALESTINE|Water\n|move|p1a: rika|Knock Off|p2a: FREE PALESTINE\n|-damage|p2a: FREE PALESTINE|82\/100\n|-enditem|p2a: FREE PALESTINE|Leftovers|[from] move: Knock Off|[of] p1a: rika\n|move|p2a: FREE PALESTINE|Scald|p1a: rika\n|-damage|p1a: rika|65\/100\n|-status|p1a: rika|brn\n|\n|-damage|p1a: rika|59\/100 brn|[from] brn\n|upkeep\n|turn|18\n|inactive|muffinATEthat has 210 seconds left.\n|inactive|muffinATEthat has 180 seconds left.\n|\n|t:|1700445754\n|switch|p2a: FREE CONGO|Sandy Shocks|100\/100\n|-damage|p2a: FREE CONGO|94\/100|[from] Stealth Rock\n|move|p1a: rika|Giga Drain|p2a: FREE CONGO\n|-supereffective|p2a: FREE CONGO\n|-damage|p2a: FREE CONGO|38\/100\n|-heal|p1a: rika|82\/100 brn|[from] drain|[of] p2a: FREE CONGO\n|\n|-damage|p1a: rika|76\/100 brn|[from] brn\n|upkeep\n|turn|19\n|\n|t:|1700445763\n|move|p2a: FREE CONGO|Volt Switch|p1a: rika\n|-resisted|p1a: rika\n|-damage|p1a: rika|59\/100 brn\n|\n|t:|1700445773\n|-end|p2a: FREE CONGO|Protosynthesis|[silent]\n|switch|p2a: FREE TIGRAY|Breloom, F, shiny|94\/100|[from] Volt Switch\n|-damage|p2a: FREE TIGRAY|88\/100|[from] Stealth Rock\n|move|p1a: rika|Giga Drain|p2a: FREE TIGRAY\n|-resisted|p2a: FREE TIGRAY\n|-damage|p2a: FREE TIGRAY|69\/100\n|-heal|p1a: rika|66\/100 brn|[from] drain|[of] p2a: FREE TIGRAY\n|\n|-damage|p1a: rika|60\/100 brn|[from] brn\n|upkeep\n|turn|20\n|\n|t:|1700445787\n|switch|p1a: shit trash lmao|Salamence, F, shiny|99\/100\n|-ability|p1a: shit trash lmao|Intimidate|boost\n|-unboost|p2a: FREE TIGRAY|atk|1\n|move|p2a: FREE TIGRAY|Rock Tomb|p1a: shit trash lmao|[miss]\n|-miss|p2a: FREE TIGRAY|p1a: shit trash lmao\n|\n|upkeep\n|turn|21\n|c|\u2606muffinATEthat|oh\n|c| DomNeedsHelp|We move on\n|c| DomNeedsHelp|Go forth\n|c|\u2606muffinATEthat|very true !\n|inactive|muffinATEthat has 150 seconds left.\n|\n|t:|1700445817\n|switch|p2a: FREE PALESTINE|Slowbro, F, shiny, tera:Water|100\/100\n|-damage|p2a: FREE PALESTINE|88\/100|[from] Stealth Rock\n|move|p1a: shit trash lmao|Flamethrower|p2a: FREE PALESTINE\n|-resisted|p2a: FREE PALESTINE\n|-damage|p2a: FREE PALESTINE|71\/100\n|\n|upkeep\n|turn|22\n|inactive|muffinATEthat has 150 seconds left.\n|\n|t:|1700445835\n|switch|p1a: rika|Eelektross, M, shiny|60\/100 brn\n|switch|p2a: FIRE FIST FOREVER|Kingambit, F, shiny|94\/100\n|-damage|p2a: FIRE FIST FOREVER|88\/100|[from] Stealth Rock\n|-activate|p2a: FIRE FIST FOREVER|ability: Supreme Overlord\n|-start|p2a: FIRE FIST FOREVER|fallen2|[silent]\n|\n|-damage|p1a: rika|54\/100 brn|[from] brn\n|upkeep\n|turn|23\n|inactive|muffinATEthat has 150 seconds left.\n|inactive|burberry bax has 270 seconds left.\n|\n|t:|1700445874\n|move|p2a: FIRE FIST FOREVER|Kowtow Cleave|p1a: rika\n|-damage|p1a: rika|0 fnt\n|faint|p1a: rika\n|\n|upkeep\n|\n|t:|1700445876\n|switch|p1a: zest lord|Quaquaval, F, shiny|100\/100\n|turn|24\n|inactive|burberry bax has 270 seconds left.\n|\n|t:|1700445886\n|-end|p2a: FIRE FIST FOREVER|fallen2|[silent]\n|switch|p2a: FREE PALESTINE|Slowbro, F, shiny, tera:Water|100\/100\n|-damage|p2a: FREE PALESTINE|88\/100|[from] Stealth Rock\n|move|p1a: zest lord|Close Combat|p2a: FREE PALESTINE\n|-damage|p2a: FREE PALESTINE|40\/100\n|-unboost|p1a: zest lord|def|1\n|-unboost|p1a: zest lord|spd|1\n|\n|upkeep\n|turn|25\n|inactive|muffinATEthat has 150 seconds left.\n|\n|t:|1700445921\n|move|p1a: zest lord|Close Combat|p2a: FREE PALESTINE\n|-damage|p2a: FREE PALESTINE|0 fnt\n|-unboost|p1a: zest lord|def|1\n|-unboost|p1a: zest lord|spd|1\n|faint|p2a: FREE PALESTINE\n|-ability|p1a: zest lord|Moxie|boost\n|-boost|p1a: zest lord|atk|1\n|\n|upkeep\n|\n|t:|1700445930\n|switch|p2a: FREE CONGO|Sandy Shocks|38\/100\n|-damage|p2a: FREE CONGO|32\/100|[from] Stealth Rock\n|turn|26\n|\n|t:|1700445943\n|switch|p1a: montenegro|Mudsdale, M, shiny|76\/100\n|move|p2a: FREE CONGO|Earth Power|p1a: montenegro\n|-damage|p1a: montenegro|14\/100\n|-ability|p1a: montenegro|Stamina|boost\n|-boost|p1a: montenegro|def|1\n|\n|-heal|p1a: montenegro|21\/100|[from] item: Leftovers\n|upkeep\n|turn|27\n|\n|t:|1700445954\n|-end|p2a: FREE CONGO|Protosynthesis|[silent]\n|switch|p2a: FIRE FIST FOREVER|Kingambit, F, shiny|88\/100\n|-damage|p2a: FIRE FIST FOREVER|82\/100|[from] Stealth Rock\n|-activate|p2a: FIRE FIST FOREVER|ability: Supreme Overlord\n|-start|p2a: FIRE FIST FOREVER|fallen3|[silent]\n|switch|p1a: shit trash lmao|Salamence, F, shiny|99\/100\n|-ability|p1a: shit trash lmao|Intimidate|boost\n|-unboost|p2a: FIRE FIST FOREVER|atk|1\n|\n|upkeep\n|turn|28\n|\n|t:|1700445969\n|move|p1a: shit trash lmao|Flamethrower|p2a: FIRE FIST FOREVER\n|-supereffective|p2a: FIRE FIST FOREVER\n|-damage|p2a: FIRE FIST FOREVER|16\/100\n|move|p2a: FIRE FIST FOREVER|Kowtow Cleave|p1a: shit trash lmao\n|-damage|p1a: shit trash lmao|52\/100\n|\n|upkeep\n|turn|29\n|\n|t:|1700445992\n|switch|p1a: celty|Umbreon, F, shiny|100\/100\n|move|p2a: FIRE FIST FOREVER|Kowtow Cleave|p1a: celty\n|-resisted|p1a: celty\n|-damage|p1a: celty|85\/100\n|\n|upkeep\n|turn|30\n|inactive|muffinATEthat has 120 seconds left.\n|\n|t:|1700446010\n|-end|p2a: FIRE FIST FOREVER|fallen3|[silent]\n|switch|p2a: FREE TIGRAY|Breloom, F, shiny|69\/100\n|-damage|p2a: FREE TIGRAY|63\/100|[from] Stealth Rock\n|move|p1a: celty|Foul Play|p2a: FREE TIGRAY\n|-resisted|p2a: FREE TIGRAY\n|-crit|p2a: FREE TIGRAY\n|-damage|p2a: FREE TIGRAY|0 fnt\n|faint|p2a: FREE TIGRAY\n|\n|upkeep\n|l| FirstClassWill\n|inactive|muffinATEthat has 120 seconds left.\n|c|\u2606muffinATEthat|JESUS\n|\n|t:|1700446020\n|switch|p2a: FIRE FIST FOREVER|Kingambit, F, shiny|16\/100\n|-damage|p2a: FIRE FIST FOREVER|9\/100|[from] Stealth Rock\n|-activate|p2a: FIRE FIST FOREVER|ability: Supreme Overlord\n|-start|p2a: FIRE FIST FOREVER|fallen4|[silent]\n|turn|31\n|inactive|muffinATEthat has 120 seconds left.\n|\n|t:|1700446030\n|move|p1a: celty|Foul Play|p2a: FIRE FIST FOREVER\n|-resisted|p2a: FIRE FIST FOREVER\n|-damage|p2a: FIRE FIST FOREVER|0 fnt\n|faint|p2a: FIRE FIST FOREVER\n|-end|p2a: FIRE FIST FOREVER|fallen4|[silent]\n|\n|upkeep\n|inactive|muffinATEthat has 120 seconds left.\n|\n|t:|1700446035\n|switch|p2a: FREE CONGO|Sandy Shocks|32\/100\n|-damage|p2a: FREE CONGO|26\/100|[from] Stealth Rock\n|turn|32\n|c|\u2606muffinATEthat|gg !\n|c|\u2606muffinATEthat|lemme think rq\n|c|\u2606burberry bax|ok\n|inactive|muffinATEthat has 120 seconds left.\n|-message|muffinATEthat forfeited.\n|\n|win|burberry bax\n","uploadtime":1700446053,"views":23,"p1id":"burberrybax","p2id":"muffinatethat","formatid":"gen9ou","rating":0,"private":0,"password":""}