{"id":"gen9ou-1995707372","p1":"deneme12","p2":"Lanbos eternity","format":"[Gen 9] OU","log":"|j|\u2606deneme12\n|j|\u2606Lanbos eternity\n|t:|1700595737\n|gametype|singles\n|player|p1|deneme12|unknown|1202\n|player|p2|Lanbos eternity|169|1195\n|teamsize|p1|6\n|teamsize|p2|6\n|gen|9\n|tier|[Gen 9] OU\n|rated|\n|rule|Sleep Clause Mod: Limit one foe put to sleep\n|rule|Species Clause: Limit one of each Pok\u00e9mon\n|rule|OHKO Clause: OHKO moves are banned\n|rule|Evasion Items Clause: Evasion items are banned\n|rule|Evasion Moves Clause: Evasion moves are banned\n|rule|Endless Battle Clause: Forcing endless battles is banned\n|rule|HP Percentage Mod: HP is shown in percentages\n|clearpoke\n|poke|p1|Great Tusk|\n|poke|p1|Walking Wake|\n|poke|p1|Torkoal, M|\n|poke|p1|Gholdengo|\n|poke|p1|Hatterene, F|\n|poke|p1|Leavanny, F|\n|poke|p2|Dragapult, F|\n|poke|p2|Samurott-Hisui, F|\n|poke|p2|Iron Moth|\n|poke|p2|Enamorus, F|\n|poke|p2|Great Tusk|\n|poke|p2|Kingambit, F|\n|teampreview\n|inactive|Battle timer is ON: inactive players will automatically lose when time's up. (requested by Lanbos eternity)\n|\n|t:|1700595756\n|start\n|switch|p1a: Torkoal|Torkoal, M|100\/100\n|switch|p2a: No.|Great Tusk, shiny|100\/100\n|-weather|SunnyDay|[from] ability: Drought|[of] p1a: Torkoal\n|-activate|p2a: No.|ability: Protosynthesis\n|-start|p2a: No.|protosynthesisatk\n|turn|1\n|\n|t:|1700595766\n|switch|p1a: Gholdengo|Gholdengo|100\/100\n|-item|p1a: Gholdengo|Air Balloon\n|move|p2a: No.|Headlong Rush|p1a: Gholdengo\n|-immune|p1a: Gholdengo\n|\n|-weather|SunnyDay|[upkeep]\n|upkeep\n|turn|2\n|\n|t:|1700595787\n|move|p2a: No.|Ice Spinner|p1a: Gholdengo\n|-resisted|p1a: Gholdengo\n|-damage|p1a: Gholdengo|89\/100\n|-enditem|p1a: Gholdengo|Air Balloon\n|move|p1a: Gholdengo|Nasty Plot|p1a: Gholdengo\n|-boost|p1a: Gholdengo|spa|2\n|\n|-weather|SunnyDay|[upkeep]\n|upkeep\n|turn|3\n|\n|t:|1700595803\n|-terastallize|p1a: Gholdengo|Ghost\n|move|p2a: No.|Headlong Rush|p1a: Gholdengo\n|-damage|p1a: Gholdengo|34\/100\n|-unboost|p2a: No.|def|1\n|-unboost|p2a: No.|spd|1\n|move|p1a: Gholdengo|Shadow Ball|p2a: No.\n|-damage|p2a: No.|0 fnt\n|faint|p2a: No.\n|-end|p2a: No.|Protosynthesis|[silent]\n|\n|-weather|SunnyDay|[upkeep]\n|upkeep\n|\n|t:|1700595826\n|switch|p2a: Don\u2019t Miss pls~|Samurott-Hisui, F, shiny|100\/100\n|turn|4\n|\n|t:|1700595839\n|move|p2a: Don\u2019t Miss pls~|Ceaseless Edge|p1a: Gholdengo\n|-supereffective|p1a: Gholdengo\n|-damage|p1a: Gholdengo|0 fnt\n|-sidestart|p1: deneme12|Spikes\n|faint|p1a: Gholdengo\n|\n|-weather|SunnyDay|[upkeep]\n|upkeep\n|inactive|deneme12 has 120 seconds left.\n|\n|t:|1700595874\n|switch|p1a: Leavanny|Leavanny, F|100\/100\n|turn|5\n|\n|t:|1700595887\n|move|p1a: Leavanny|Sticky Web|p2a: Don\u2019t Miss pls~\n|-sidestart|p2: Lanbos eternity|move: Sticky Web\n|move|p2a: Don\u2019t Miss pls~|Ceaseless Edge|p1a: Leavanny\n|-damage|p1a: Leavanny|32\/100\n|-sidestart|p1: deneme12|Spikes\n|\n|-weather|SunnyDay|[upkeep]\n|upkeep\n|turn|6\n|\n|t:|1700595891\n|move|p1a: Leavanny|Leaf Blade|p2a: Don\u2019t Miss pls~\n|-supereffective|p2a: Don\u2019t Miss pls~\n|-damage|p2a: Don\u2019t Miss pls~|0 fnt\n|faint|p2a: Don\u2019t Miss pls~\n|\n|-weather|SunnyDay|[upkeep]\n|upkeep\n|\n|t:|1700595917\n|switch|p2a: \u2606\u2605Star\u2605\u2606|Dragapult, F, shiny|100\/100\n|-activate|p2a: \u2606\u2605Star\u2605\u2606|move: Sticky Web\n|-unboost|p2a: \u2606\u2605Star\u2605\u2606|spe|1\n|turn|7\n|\n|t:|1700595929\n|move|p1a: Leavanny|Knock Off|p2a: \u2606\u2605Star\u2605\u2606\n|-supereffective|p2a: \u2606\u2605Star\u2605\u2606\n|-damage|p2a: \u2606\u2605Star\u2605\u2606|21\/100\n|-enditem|p2a: \u2606\u2605Star\u2605\u2606|Choice Specs|[from] move: Knock Off|[of] p1a: Leavanny\n|move|p2a: \u2606\u2605Star\u2605\u2606|Shadow Ball|p1a: Leavanny\n|-damage|p1a: Leavanny|0 fnt\n|faint|p1a: Leavanny\n|\n|-weather|SunnyDay|[upkeep]\n|upkeep\n|inactive|deneme12 has 120 seconds left.\n|\n|t:|1700595957\n|switch|p1a: Walking Wake|Walking Wake|100\/100\n|-damage|p1a: Walking Wake|84\/100|[from] Spikes\n|-activate|p1a: Walking Wake|ability: Protosynthesis\n|-start|p1a: Walking Wake|protosynthesisspa\n|turn|8\n|\n|t:|1700595964\n|move|p1a: Walking Wake|Hydro Steam|p2a: \u2606\u2605Star\u2605\u2606\n|-resisted|p2a: \u2606\u2605Star\u2605\u2606\n|-damage|p2a: \u2606\u2605Star\u2605\u2606|0 fnt\n|faint|p2a: \u2606\u2605Star\u2605\u2606\n|\n|-weather|none\n|-end|p1a: Walking Wake|Protosynthesis\n|upkeep\n|\n|t:|1700595967\n|switch|p2a: What|Enamorus, F|100\/100\n|turn|9\n|inactive|deneme12 has 120 seconds left.\n|\n|t:|1700595990\n|-end|p1a: Walking Wake|Protosynthesis|[silent]\n|switch|p1a: Hatterene|Hatterene, F|100\/100\n|-damage|p1a: Hatterene|84\/100|[from] Spikes\n|move|p2a: What|Moonblast|p1a: Hatterene\n|-damage|p1a: Hatterene|4\/100\n|-unboost|p1a: Hatterene|spa|1\n|-enditem|p1a: Hatterene|Eject Button\n|\n|t:|1700596001\n|switch|p1a: Torkoal|Torkoal, M|100\/100\n|-damage|p1a: Torkoal|84\/100|[from] Spikes\n|-weather|SunnyDay|[from] ability: Drought|[of] p1a: Torkoal\n|\n|-weather|SunnyDay|[upkeep]\n|upkeep\n|turn|10\n|\n|t:|1700596022\n|move|p2a: What|Moonblast|p1a: Torkoal\n|-resisted|p1a: Torkoal\n|-damage|p1a: Torkoal|50\/100\n|move|p1a: Torkoal|Yawn|p2a: What\n|-start|p2a: What|move: Yawn|[of] p1a: Torkoal\n|\n|-weather|SunnyDay|[upkeep]\n|upkeep\n|turn|11\n|\n|t:|1700596029\n|switch|p2a: Where is QD|Iron Moth, shiny|100\/100\n|-activate|p2a: Where is QD|move: Sticky Web\n|-unboost|p2a: Where is QD|spe|1\n|-enditem|p2a: Where is QD|Booster Energy\n|-activate|p2a: Where is QD|ability: Quark Drive|[fromitem]\n|-start|p2a: Where is QD|quarkdrivespa\n|move|p1a: Torkoal|Rapid Spin|p2a: Where is QD\n|-damage|p2a: Where is QD|86\/100\n|-boost|p1a: Torkoal|spe|1\n|-sideend|p1: deneme12|Spikes|[from] move: Rapid Spin|[of] p1a: Torkoal\n|\n|-weather|SunnyDay|[upkeep]\n|upkeep\n|turn|12\n|inactive|deneme12 has 120 seconds left.\n|\n|t:|1700596040\n|move|p2a: Where is QD|Substitute|p2a: Where is QD\n|-start|p2a: Where is QD|Substitute\n|-damage|p2a: Where is QD|61\/100\n|move|p1a: Torkoal|Yawn||[still]\n|-fail|p1a: Torkoal\n|\n|-weather|SunnyDay|[upkeep]\n|upkeep\n|turn|13\n|\n|t:|1700596045\n|move|p2a: Where is QD|Fiery Dance|p1a: Torkoal\n|-resisted|p1a: Torkoal\n|-damage|p1a: Torkoal|15\/100\n|move|p1a: Torkoal|Lava Plume|p2a: Where is QD\n|-resisted|p2a: Where is QD\n|-activate|p2a: Where is QD|move: Substitute|[damage]\n|\n|-weather|SunnyDay|[upkeep]\n|upkeep\n|turn|14\n|\n|t:|1700596054\n|switch|p1a: Hatterene|Hatterene, F|4\/100\n|move|p2a: Where is QD|Fiery Dance|p1a: Hatterene\n|-damage|p1a: Hatterene|0 fnt\n|-boost|p2a: Where is QD|spa|1\n|faint|p1a: Hatterene\n|\n|-weather|SunnyDay|[upkeep]\n|upkeep\n|\n|t:|1700596068\n|switch|p1a: Walking Wake|Walking Wake|84\/100\n|-activate|p1a: Walking Wake|ability: Protosynthesis\n|-start|p1a: Walking Wake|protosynthesisspa\n|turn|15\n|\n|t:|1700596095\n|move|p1a: Walking Wake|Hydro Steam|p2a: Where is QD\n|-supereffective|p2a: Where is QD\n|-end|p2a: Where is QD|Substitute\n|move|p2a: Where is QD|Substitute|p2a: Where is QD\n|-start|p2a: Where is QD|Substitute\n|-damage|p2a: Where is QD|36\/100\n|\n|-weather|SunnyDay|[upkeep]\n|upkeep\n|turn|16\n|\n|t:|1700596104\n|move|p1a: Walking Wake|Hydro Steam|p2a: Where is QD\n|-supereffective|p2a: Where is QD\n|-end|p2a: Where is QD|Substitute\n|move|p2a: Where is QD|Dazzling Gleam|p1a: Walking Wake\n|-supereffective|p1a: Walking Wake\n|-damage|p1a: Walking Wake|0 fnt\n|faint|p1a: Walking Wake\n|-end|p1a: Walking Wake|Protosynthesis|[silent]\n|\n|-weather|none\n|upkeep\n|inactive|deneme12 has 120 seconds left.\n|\n|t:|1700596147\n|switch|p1a: Great Tusk|Great Tusk|100\/100\n|turn|17\n|\n|t:|1700596153\n|move|p1a: Great Tusk|Knock Off|p2a: Where is QD\n|-damage|p2a: Where is QD|3\/100\n|move|p2a: Where is QD|Dazzling Gleam|p1a: Great Tusk\n|-supereffective|p1a: Great Tusk\n|-damage|p1a: Great Tusk|0 fnt\n|faint|p1a: Great Tusk\n|-end|p1a: Great Tusk|Protosynthesis|[silent]\n|\n|upkeep\n|-message|deneme12 forfeited.\n|\n|win|Lanbos eternity\n|raw|deneme12's rating: 1202 &rarr; <strong>1176<\/strong><br \/>(-26 for losing)\n|raw|Lanbos eternity's rating: 1195 &rarr; <strong>1221<\/strong><br \/>(+26 for winning)\n|l|\u2606deneme12\n","uploadtime":1700596162,"views":0,"p1id":"deneme12","p2id":"lanboseternity","formatid":"gen9ou","rating":1176,"private":0,"password":""}