{"id":"gen9ou-1990098344","p1":"Dryosaurus","p2":"TWINBITXHES","format":"[Gen 9] OU","log":"|j|\u2606Dryosaurus\n|j|\u203dTWINBITXHES\n|t:|1699924333\n|gametype|singles\n|player|p1|Dryosaurus|guzma-masters|1498\n|player|p2|TWINBITXHES|backersf|1611\n|teamsize|p1|6\n|teamsize|p2|6\n|gen|9\n|tier|[Gen 9] OU\n|rated|\n|rule|Sleep Clause Mod: Limit one foe put to sleep\n|rule|Species Clause: Limit one of each Pok\u00e9mon\n|rule|OHKO Clause: OHKO moves are banned\n|rule|Evasion Items Clause: Evasion items are banned\n|rule|Evasion Moves Clause: Evasion moves are banned\n|rule|Endless Battle Clause: Forcing endless battles is banned\n|rule|HP Percentage Mod: HP is shown in percentages\n|clearpoke\n|poke|p1|Landorus-Therian, M|\n|poke|p1|Samurott-Hisui, M|\n|poke|p1|Gholdengo|\n|poke|p1|Zamazenta-*|\n|poke|p1|Slowking-Galar, M|\n|poke|p1|Dragonite, F|\n|poke|p2|Volcanion|\n|poke|p2|Rillaboom, F|\n|poke|p2|Slowking-Galar, M|\n|poke|p2|Zapdos|\n|poke|p2|Great Tusk|\n|poke|p2|Walking Wake|\n|teampreview\n|inactive|Battle timer is ON: inactive players will automatically lose when time's up. (requested by TWINBITXHES)\n|\n|t:|1699924361\n|start\n|switch|p1a: Landorus|Landorus-Therian, M, shiny|100\/100\n|switch|p2a: Zapdos|Zapdos|100\/100\n|-ability|p1a: Landorus|Intimidate|boost\n|-unboost|p2a: Zapdos|atk|1\n|turn|1\n|\n|t:|1699924370\n|switch|p1a: Slowking|Slowking-Galar, M, shiny|100\/100\n|move|p2a: Zapdos|Hurricane|p1a: Slowking\n|-damage|p1a: Slowking|70\/100\n|\n|upkeep\n|turn|2\n|\n|t:|1699924376\n|move|p2a: Zapdos|Thunderbolt|p1a: Slowking\n|-damage|p1a: Slowking|44\/100\n|-status|p1a: Slowking|par\n|move|p1a: Slowking|Chilly Reception|p1a: Slowking\n|-weather|Snow\n|\n|t:|1699924400\n|switch|p1a: Gholdengo|Gholdengo|100\/100|[from] Chilly Reception\n|-item|p1a: Gholdengo|Air Balloon\n|\n|-weather|Snow|[upkeep]\n|upkeep\n|turn|3\n|\n|t:|1699924409\n|move|p2a: Zapdos|Thunderbolt|p1a: Gholdengo\n|-damage|p1a: Gholdengo|59\/100\n|-enditem|p1a: Gholdengo|Air Balloon\n|move|p1a: Gholdengo|Shadow Ball|p2a: Zapdos\n|-damage|p2a: Zapdos|62\/100\n|\n|-weather|Snow|[upkeep]\n|upkeep\n|turn|4\n|\n|t:|1699924418\n|move|p2a: Zapdos|Volt Switch|p1a: Gholdengo\n|-damage|p1a: Gholdengo|29\/100\n|\n|t:|1699924424\n|switch|p2a: Walking Wake|Walking Wake|100\/100|[from] Volt Switch\n|move|p1a: Gholdengo|Recover|p1a: Gholdengo\n|-heal|p1a: Gholdengo|79\/100\n|\n|-weather|Snow|[upkeep]\n|upkeep\n|turn|5\n|\n|t:|1699924435\n|switch|p1a: Slowking|Slowking-Galar, M, shiny|77\/100 par\n|move|p2a: Walking Wake|Hydro Pump|p1a: Slowking\n|-damage|p1a: Slowking|25\/100 par\n|\n|-weather|Snow|[upkeep]\n|upkeep\n|turn|6\n|\n|t:|1699924443\n|switch|p1a: Dragonite|Dragonite, F|100\/100\n|move|p2a: Walking Wake|Hydro Pump|p1a: Dragonite\n|-resisted|p1a: Dragonite\n|-damage|p1a: Dragonite|81\/100\n|\n|-weather|none\n|upkeep\n|turn|7\n|\n|t:|1699924454\n|-end|p2a: Walking Wake|Protosynthesis|[silent]\n|switch|p2a: Zapdos|Zapdos|62\/100\n|switch|p1a: Samurott|Samurott-Hisui, M|100\/100\n|\n|upkeep\n|turn|8\n|\n|t:|1699924462\n|move|p2a: Zapdos|Thunderbolt|p1a: Samurott\n|-supereffective|p1a: Samurott\n|-damage|p1a: Samurott|0 fnt\n|faint|p1a: Samurott\n|\n|upkeep\n|\n|t:|1699924470\n|switch|p1a: Zamazenta|Zamazenta|100\/100\n|-ability|p1a: Zamazenta|Dauntless Shield|boost\n|-boost|p1a: Zamazenta|def|1\n|turn|9\n|\n|t:|1699924476\n|move|p1a: Zamazenta|Stone Edge|p2a: Zapdos\n|-supereffective|p2a: Zapdos\n|-damage|p2a: Zapdos|0 fnt\n|faint|p2a: Zapdos\n|\n|upkeep\n|\n|t:|1699924479\n|switch|p2a: Slowking|Slowking-Galar, M|100\/100\n|turn|10\n|\n|t:|1699924483\n|move|p1a: Zamazenta|Crunch|p2a: Slowking\n|-supereffective|p2a: Slowking\n|-damage|p2a: Slowking|57\/100\n|move|p2a: Slowking|Future Sight|p1a: Zamazenta\n|-start|p2a: Slowking|move: Future Sight\n|\n|upkeep\n|turn|11\n|\n|t:|1699924490\n|switch|p1a: Slowking|Slowking-Galar, M, shiny|58\/100 par\n|move|p2a: Slowking|Flamethrower|p1a: Slowking\n|-damage|p1a: Slowking|46\/100 par\n|\n|upkeep\n|turn|12\n|\n|t:|1699924496\n|move|p2a: Slowking|Psyshock|p1a: Slowking\n|-damage|p1a: Slowking|14\/100 par\n|cant|p1a: Slowking|par\n|\n|-end|p1a: Slowking|move: Future Sight\n|-damage|p1a: Slowking|0 fnt\n|faint|p1a: Slowking\n|upkeep\n|\n|t:|1699924506\n|switch|p1a: Dragonite|Dragonite, F|81\/100\n|turn|13\n|\n|t:|1699924512\n|move|p1a: Dragonite|Earthquake|p2a: Slowking\n|-supereffective|p2a: Slowking\n|-damage|p2a: Slowking|0 fnt\n|faint|p2a: Slowking\n|\n|upkeep\n|\n|t:|1699924520\n|switch|p2a: Walking Wake|Walking Wake|100\/100\n|turn|14\n|\n|t:|1699924524\n|switch|p1a: Gholdengo|Gholdengo|79\/100\n|move|p2a: Walking Wake|Draco Meteor|p1a: Gholdengo\n|-resisted|p1a: Gholdengo\n|-damage|p1a: Gholdengo|27\/100\n|-unboost|p2a: Walking Wake|spa|2\n|\n|upkeep\n|turn|15\n|\n|t:|1699924532\n|move|p2a: Walking Wake|Draco Meteor|p1a: Gholdengo\n|-resisted|p1a: Gholdengo\n|-damage|p1a: Gholdengo|4\/100\n|-unboost|p2a: Walking Wake|spa|2\n|move|p1a: Gholdengo|Recover|p1a: Gholdengo\n|-heal|p1a: Gholdengo|54\/100\n|\n|upkeep\n|turn|16\n|\n|t:|1699924540\n|-end|p2a: Walking Wake|Protosynthesis|[silent]\n|switch|p2a: Volcanion|Volcanion|100\/100\n|move|p1a: Gholdengo|Nasty Plot|p1a: Gholdengo\n|-boost|p1a: Gholdengo|spa|2\n|\n|upkeep\n|turn|17\n|\n|t:|1699924547\n|move|p1a: Gholdengo|Shadow Ball|p2a: Volcanion\n|-damage|p2a: Volcanion|7\/100\n|-unboost|p2a: Volcanion|spd|1\n|move|p2a: Volcanion|Flamethrower|p1a: Gholdengo\n|-supereffective|p1a: Gholdengo\n|-damage|p1a: Gholdengo|0 fnt\n|faint|p1a: Gholdengo\n|\n|upkeep\n|\n|t:|1699924561\n|switch|p1a: Zamazenta|Zamazenta|100\/100\n|turn|18\n|\n|t:|1699924567\n|move|p1a: Zamazenta|Crunch|p2a: Volcanion\n|-damage|p2a: Volcanion|0 fnt\n|faint|p2a: Volcanion\n|\n|upkeep\n|\n|t:|1699924588\n|switch|p2a: Rillaboom|Rillaboom, F, shiny|100\/100\n|-fieldstart|move: Grassy Terrain|[from] ability: Grassy Surge|[of] p2a: Rillaboom\n|turn|19\n|\n|t:|1699924592\n|switch|p1a: Landorus|Landorus-Therian, M, shiny|100\/100\n|-ability|p1a: Landorus|Intimidate|boost\n|-unboost|p2a: Rillaboom|atk|1\n|move|p2a: Rillaboom|Wood Hammer|p1a: Landorus\n|-damage|p1a: Landorus|40\/100\n|-damage|p2a: Rillaboom|84\/100|[from] item: Rocky Helmet|[of] p1a: Landorus\n|-damage|p2a: Rillaboom|64\/100|[from] Recoil\n|\n|-heal|p2a: Rillaboom|70\/100|[from] Grassy Terrain\n|upkeep\n|turn|20\n|\n|t:|1699924605\n|switch|p1a: Dragonite|Dragonite, F|81\/100\n|move|p2a: Rillaboom|Wood Hammer|p1a: Dragonite\n|-resisted|p1a: Dragonite\n|-damage|p1a: Dragonite|58\/100\n|-damage|p2a: Rillaboom|63\/100|[from] Recoil\n|\n|-heal|p2a: Rillaboom|69\/100|[from] Grassy Terrain\n|upkeep\n|turn|21\n|\n|t:|1699924615\n|switch|p2a: Great Tusk|Great Tusk|100\/100\n|move|p1a: Dragonite|Roost|p1a: Dragonite\n|-heal|p1a: Dragonite|100\/100\n|-singleturn|p1a: Dragonite|move: Roost\n|\n|upkeep\n|turn|22\n|\n|t:|1699924622\n|switch|p1a: Landorus|Landorus-Therian, M, shiny|40\/100\n|-ability|p1a: Landorus|Intimidate|boost\n|-unboost|p2a: Great Tusk|atk|1\n|move|p2a: Great Tusk|Rapid Spin|p1a: Landorus\n|-damage|p1a: Landorus|31\/100\n|-boost|p2a: Great Tusk|spe|1\n|-damage|p2a: Great Tusk|84\/100|[from] item: Rocky Helmet|[of] p1a: Landorus\n|\n|-heal|p2a: Great Tusk|90\/100|[from] Grassy Terrain\n|upkeep\n|turn|23\n|\n|t:|1699924650\n|-end|p2a: Great Tusk|Protosynthesis|[silent]\n|switch|p2a: Rillaboom|Rillaboom, F, shiny|69\/100\n|-terastallize|p1a: Landorus|Water\n|move|p1a: Landorus|Grass Knot|p2a: Rillaboom\n|-resisted|p2a: Rillaboom\n|-damage|p2a: Rillaboom|56\/100\n|\n|-heal|p2a: Rillaboom|62\/100|[from] Grassy Terrain\n|-heal|p1a: Landorus|37\/100|[from] Grassy Terrain\n|-fieldend|move: Grassy Terrain\n|upkeep\n|turn|24\n|\n|t:|1699924667\n|switch|p1a: Dragonite|Dragonite, F|100\/100\n|move|p2a: Rillaboom|U-turn|p1a: Dragonite\n|-resisted|p1a: Dragonite\n|-damage|p1a: Dragonite|91\/100\n|\n|t:|1699924669\n|switch|p2a: Walking Wake|Walking Wake|100\/100|[from] U-turn\n|\n|upkeep\n|turn|25\n|\n|t:|1699924677\n|switch|p1a: Landorus|Landorus-Therian, M, shiny, tera:Water|37\/100\n|-ability|p1a: Landorus|Intimidate|boost\n|-unboost|p2a: Walking Wake|atk|1\n|move|p2a: Walking Wake|Draco Meteor|p1a: Landorus\n|-damage|p1a: Landorus|0 fnt\n|-unboost|p2a: Walking Wake|spa|2\n|faint|p1a: Landorus\n|\n|upkeep\n|\n|t:|1699924687\n|switch|p1a: Zamazenta|Zamazenta|100\/100\n|turn|26\n|\n|t:|1699924695\n|-end|p2a: Walking Wake|Protosynthesis|[silent]\n|switch|p2a: Rillaboom|Rillaboom, F, shiny|62\/100\n|-fieldstart|move: Grassy Terrain|[from] ability: Grassy Surge|[of] p2a: Rillaboom\n|move|p1a: Zamazenta|Close Combat|p2a: Rillaboom\n|-damage|p2a: Rillaboom|7\/100\n|-unboost|p1a: Zamazenta|def|1\n|-unboost|p1a: Zamazenta|spd|1\n|\n|-heal|p2a: Rillaboom|13\/100|[from] Grassy Terrain\n|upkeep\n|turn|27\n|\n|t:|1699924708\n|switch|p1a: Dragonite|Dragonite, F|91\/100\n|move|p2a: Rillaboom|Grassy Glide|p1a: Dragonite\n|-resisted|p1a: Dragonite\n|-damage|p1a: Dragonite|75\/100\n|\n|-heal|p2a: Rillaboom|19\/100|[from] Grassy Terrain\n|upkeep\n|turn|28\n|\n|t:|1699924720\n|switch|p2a: Walking Wake|Walking Wake|100\/100\n|move|p1a: Dragonite|Roost|p1a: Dragonite\n|-heal|p1a: Dragonite|100\/100\n|-singleturn|p1a: Dragonite|move: Roost\n|\n|upkeep\n|turn|29\n|\n|t:|1699924729\n|switch|p1a: Zamazenta|Zamazenta|100\/100\n|move|p2a: Walking Wake|Draco Meteor|p1a: Zamazenta|[miss]\n|-miss|p2a: Walking Wake|p1a: Zamazenta\n|\n|upkeep\n|turn|30\n|\n|t:|1699924761\n|move|p1a: Zamazenta|Crunch|p2a: Walking Wake\n|-damage|p2a: Walking Wake|74\/100\n|move|p2a: Walking Wake|Draco Meteor|p1a: Zamazenta\n|-damage|p1a: Zamazenta|14\/100\n|-unboost|p2a: Walking Wake|spa|2\n|\n|-heal|p1a: Zamazenta|20\/100|[from] Grassy Terrain\n|-heal|p2a: Walking Wake|80\/100|[from] Grassy Terrain\n|-fieldend|move: Grassy Terrain\n|upkeep\n|turn|31\n|\n|t:|1699924776\n|-end|p2a: Walking Wake|Protosynthesis|[silent]\n|switch|p2a: Rillaboom|Rillaboom, F, shiny|19\/100\n|-fieldstart|move: Grassy Terrain|[from] ability: Grassy Surge|[of] p2a: Rillaboom\n|move|p1a: Zamazenta|Close Combat|p2a: Rillaboom\n|-damage|p2a: Rillaboom|0 fnt\n|-unboost|p1a: Zamazenta|def|1\n|-unboost|p1a: Zamazenta|spd|1\n|faint|p2a: Rillaboom\n|\n|-heal|p1a: Zamazenta|27\/100|[from] Grassy Terrain\n|upkeep\n|\n|t:|1699924778\n|switch|p2a: Great Tusk|Great Tusk|90\/100\n|turn|32\n|\n|t:|1699924790\n|move|p1a: Zamazenta|Close Combat|p2a: Great Tusk\n|-damage|p2a: Great Tusk|46\/100\n|-unboost|p1a: Zamazenta|def|1\n|-unboost|p1a: Zamazenta|spd|1\n|move|p2a: Great Tusk|Rapid Spin|p1a: Zamazenta\n|-damage|p1a: Zamazenta|0 fnt\n|-boost|p2a: Great Tusk|spe|1\n|faint|p1a: Zamazenta\n|\n|-heal|p2a: Great Tusk|52\/100|[from] Grassy Terrain\n|upkeep\n|\n|t:|1699924802\n|switch|p1a: Dragonite|Dragonite, F|100\/100\n|turn|33\n|\n|t:|1699924808\n|move|p2a: Great Tusk|Rapid Spin|p1a: Dragonite\n|-damage|p1a: Dragonite|92\/100\n|-boost|p2a: Great Tusk|spe|1\n|move|p1a: Dragonite|Dragon Dance|p1a: Dragonite\n|-boost|p1a: Dragonite|atk|1\n|-boost|p1a: Dragonite|spe|1\n|\n|-heal|p2a: Great Tusk|58\/100|[from] Grassy Terrain\n|upkeep\n|turn|34\n|\n|t:|1699924818\n|move|p2a: Great Tusk|Rapid Spin|p1a: Dragonite\n|-damage|p1a: Dragonite|74\/100\n|-boost|p2a: Great Tusk|spe|1\n|move|p1a: Dragonite|Roost|p1a: Dragonite\n|-heal|p1a: Dragonite|100\/100\n|-singleturn|p1a: Dragonite|move: Roost\n|\n|-heal|p2a: Great Tusk|64\/100|[from] Grassy Terrain\n|upkeep\n|turn|35\n|\n|t:|1699924828\n|move|p2a: Great Tusk|Rapid Spin|p1a: Dragonite\n|-damage|p1a: Dragonite|92\/100\n|-boost|p2a: Great Tusk|spe|1\n|move|p1a: Dragonite|Dragon Dance|p1a: Dragonite\n|-boost|p1a: Dragonite|atk|1\n|-boost|p1a: Dragonite|spe|1\n|\n|-heal|p2a: Great Tusk|70\/100|[from] Grassy Terrain\n|-fieldend|move: Grassy Terrain\n|upkeep\n|turn|36\n|\n|t:|1699924839\n|move|p2a: Great Tusk|Knock Off|p1a: Dragonite\n|-damage|p1a: Dragonite|59\/100\n|-enditem|p1a: Dragonite|Heavy-Duty Boots|[from] move: Knock Off|[of] p2a: Great Tusk\n|move|p1a: Dragonite|Roost|p1a: Dragonite\n|-heal|p1a: Dragonite|100\/100\n|-singleturn|p1a: Dragonite|move: Roost\n|\n|upkeep\n|turn|37\n|\n|t:|1699924848\n|-end|p2a: Great Tusk|Protosynthesis|[silent]\n|switch|p2a: Walking Wake|Walking Wake|80\/100\n|move|p1a: Dragonite|Dragon Dance|p1a: Dragonite\n|-boost|p1a: Dragonite|atk|1\n|-boost|p1a: Dragonite|spe|1\n|\n|upkeep\n|turn|38\n|\n|t:|1699924855\n|move|p1a: Dragonite|Earthquake|p2a: Walking Wake\n|-damage|p2a: Walking Wake|0 fnt\n|faint|p2a: Walking Wake\n|-end|p2a: Walking Wake|Protosynthesis|[silent]\n|\n|upkeep\n|-message|TWINBITXHES forfeited.\n|\n|win|Dryosaurus\n|raw|Dryosaurus's rating: 1498 &rarr; <strong>1524<\/strong><br \/>(+26 for winning)\n|raw|TWINBITXHES's rating: 1611 &rarr; <strong>1585<\/strong><br \/>(-26 for losing)\n|l|\u203dTWINBITXHES\n","uploadtime":1699924865,"views":18,"p1id":"dryosaurus","p2id":"twinbitxhes","formatid":"gen9ou","rating":1524,"private":0,"password":""}