{"id":"gen9ou-1991762488","p1":"DrumBunker69","p2":"Yabyinda","format":"[Gen 9] OU","log":"|j|\u2606DrumBunker69\n|j|\u2606Yabyinda\n|t:|1700112834\n|gametype|singles\n|player|p1|DrumBunker69|silver|1129\n|player|p2|Yabyinda|preschooler|1158\n|teamsize|p1|6\n|teamsize|p2|6\n|gen|9\n|tier|[Gen 9] OU\n|rated|\n|rule|Sleep Clause Mod: Limit one foe put to sleep\n|rule|Species Clause: Limit one of each Pok\u00e9mon\n|rule|OHKO Clause: OHKO moves are banned\n|rule|Evasion Items Clause: Evasion items are banned\n|rule|Evasion Moves Clause: Evasion moves are banned\n|rule|Endless Battle Clause: Forcing endless battles is banned\n|rule|HP Percentage Mod: HP is shown in percentages\n|clearpoke\n|poke|p1|Sneasler, M|\n|poke|p1|Rillaboom, M|\n|poke|p1|Cinderace, M|\n|poke|p1|Dragapult, M|\n|poke|p1|Dragonite, F|\n|poke|p1|Kommo-o, F|\n|poke|p2|Iron Treads|\n|poke|p2|Moltres|\n|poke|p2|Weavile, M|\n|poke|p2|Hoopa-Unbound|\n|poke|p2|Sneasler, M|\n|poke|p2|Clodsire, M|\n|teampreview\n|inactive|Battle timer is ON: inactive players will automatically lose when time's up. (requested by DrumBunker69)\n|\n|t:|1700112864\n|start\n|switch|p1a: Dragapult|Dragapult, M, shiny|100\/100\n|switch|p2a: Iron Treads|Iron Treads|100\/100\n|turn|1\n|\n|t:|1700112873\n|move|p1a: Dragapult|Flamethrower|p2a: Iron Treads\n|-supereffective|p2a: Iron Treads\n|-damage|p2a: Iron Treads|18\/100\n|move|p2a: Iron Treads|Stealth Rock|p1a: Dragapult\n|-sidestart|p1: DrumBunker69|move: Stealth Rock\n|\n|upkeep\n|turn|2\n|\n|t:|1700112879\n|move|p1a: Dragapult|Flamethrower|p2a: Iron Treads\n|-supereffective|p2a: Iron Treads\n|-damage|p2a: Iron Treads|0 fnt\n|faint|p2a: Iron Treads\n|-end|p2a: Iron Treads|Quark Drive|[silent]\n|\n|upkeep\n|\n|t:|1700112883\n|switch|p2a: Weavile|Weavile, M|100\/100\n|turn|3\n|\n|t:|1700112911\n|move|p2a: Weavile|Ice Shard|p1a: Dragapult\n|-supereffective|p1a: Dragapult\n|-damage|p1a: Dragapult|30\/100\n|move|p1a: Dragapult|Flamethrower|p2a: Weavile\n|-supereffective|p2a: Weavile\n|-damage|p2a: Weavile|18\/100\n|-status|p2a: Weavile|brn\n|\n|-damage|p2a: Weavile|12\/100 brn|[from] brn\n|upkeep\n|turn|4\n|\n|t:|1700112920\n|move|p2a: Weavile|Ice Shard|p1a: Dragapult\n|-supereffective|p1a: Dragapult\n|-crit|p1a: Dragapult\n|-damage|p1a: Dragapult|0 fnt\n|faint|p1a: Dragapult\n|\n|-damage|p2a: Weavile|5\/100 brn|[from] brn\n|upkeep\n|\n|t:|1700112923\n|switch|p1a: Cinderace|Cinderace, M, shiny|100\/100\n|turn|5\n|\n|t:|1700112927\n|move|p2a: Weavile|Knock Off|p1a: Cinderace\n|-damage|p1a: Cinderace|66\/100\n|-enditem|p1a: Cinderace|Heavy-Duty Boots|[from] move: Knock Off|[of] p2a: Weavile\n|move|p1a: Cinderace|Court Change|p1a: Cinderace\n|-start|p1a: Cinderace|typechange|Normal|[from] ability: Libero\n|-swapsideconditions\n|-activate|p1a: Cinderace|move: Court Change\n|\n|-damage|p2a: Weavile|0 fnt|[from] brn\n|faint|p2a: Weavile\n|upkeep\n|c|\u2606DrumBunker69|?\n|inactive|Yabyinda has 120 seconds left.\n|c|\u2606Yabyinda|the fuck are you question marking for\n|\n|t:|1700112970\n|switch|p2a: good boi|Clodsire, M, shiny|100\/100\n|-damage|p2a: good boi|94\/100|[from] Stealth Rock\n|turn|6\n|c|\u2606DrumBunker69|the fucj are you holding up\n|\n|t:|1700112980\n|move|p1a: Cinderace|Pyro Ball|p2a: good boi\n|-damage|p2a: good boi|49\/100\n|move|p2a: good boi|Curse|p2a: good boi\n|-unboost|p2a: good boi|spe|1\n|-boost|p2a: good boi|atk|1\n|-boost|p2a: good boi|def|1\n|\n|-heal|p2a: good boi|56\/100|[from] item: Leftovers\n|upkeep\n|turn|7\n|\n|t:|1700112986\n|move|p1a: Cinderace|Pyro Ball|p2a: good boi\n|-damage|p2a: good boi|29\/100\n|move|p2a: good boi|Recover|p2a: good boi\n|-heal|p2a: good boi|79\/100\n|\n|-heal|p2a: good boi|85\/100|[from] item: Leftovers\n|upkeep\n|turn|8\n|\n|t:|1700112994\n|switch|p1a: Dragonite|Dragonite, F|100\/100\n|move|p2a: good boi|Curse|p2a: good boi\n|-unboost|p2a: good boi|spe|1\n|-boost|p2a: good boi|atk|1\n|-boost|p2a: good boi|def|1\n|\n|-heal|p2a: good boi|92\/100|[from] item: Leftovers\n|upkeep\n|turn|9\n|\n|t:|1700113012\n|move|p1a: Dragonite|Earthquake|p2a: good boi\n|-supereffective|p2a: good boi\n|-damage|p2a: good boi|52\/100\n|move|p2a: good boi|Stone Edge|p1a: Dragonite\n|-supereffective|p1a: Dragonite\n|-damage|p1a: Dragonite|64\/100\n|\n|-heal|p2a: good boi|58\/100|[from] item: Leftovers\n|upkeep\n|turn|10\n|\n|t:|1700113019\n|-terastallize|p2a: good boi|Fairy\n|move|p1a: Dragonite|Earthquake|p2a: good boi\n|-damage|p2a: good boi|35\/100\n|move|p2a: good boi|Recover|p2a: good boi\n|-heal|p2a: good boi|85\/100\n|\n|-heal|p2a: good boi|91\/100|[from] item: Leftovers\n|upkeep\n|turn|11\n|\n|t:|1700113027\n|move|p1a: Dragonite|Extreme Speed|p2a: good boi\n|-damage|p2a: good boi|72\/100\n|move|p2a: good boi|Stone Edge|p1a: Dragonite\n|-supereffective|p1a: Dragonite\n|-damage|p1a: Dragonite|0 fnt\n|faint|p1a: Dragonite\n|\n|-heal|p2a: good boi|78\/100|[from] item: Leftovers\n|upkeep\n|\n|t:|1700113033\n|switch|p1a: Rillaboom|Rillaboom, M, shiny|100\/100\n|-fieldstart|move: Grassy Terrain|[from] ability: Grassy Surge|[of] p1a: Rillaboom\n|turn|12\n|\n|t:|1700113044\n|move|p1a: Rillaboom|Knock Off|p2a: good boi\n|-resisted|p2a: good boi\n|-damage|p2a: good boi|69\/100\n|-enditem|p2a: good boi|Leftovers|[from] move: Knock Off|[of] p1a: Rillaboom\n|move|p2a: good boi|Curse|p2a: good boi\n|-unboost|p2a: good boi|spe|1\n|-boost|p2a: good boi|atk|1\n|-boost|p2a: good boi|def|1\n|\n|-heal|p2a: good boi|75\/100|[from] Grassy Terrain\n|upkeep\n|turn|13\n|\n|t:|1700113049\n|move|p1a: Rillaboom|Swords Dance|p1a: Rillaboom\n|-boost|p1a: Rillaboom|atk|2\n|move|p2a: good boi|Curse|p2a: good boi\n|-unboost|p2a: good boi|spe|1\n|-boost|p2a: good boi|atk|1\n|-boost|p2a: good boi|def|1\n|\n|-heal|p2a: good boi|81\/100|[from] Grassy Terrain\n|upkeep\n|turn|14\n|\n|t:|1700113057\n|move|p1a: Rillaboom|Grassy Glide|p2a: good boi\n|-damage|p2a: good boi|68\/100\n|move|p2a: good boi|Curse|p2a: good boi\n|-unboost|p2a: good boi|spe|1\n|-boost|p2a: good boi|atk|1\n|-boost|p2a: good boi|def|1\n|\n|-heal|p2a: good boi|74\/100|[from] Grassy Terrain\n|upkeep\n|turn|15\n|\n|t:|1700113063\n|switch|p1a: Sneasler|Sneasler, M|100\/100\n|-enditem|p1a: Sneasler|Grassy Seed\n|-boost|p1a: Sneasler|def|1|[from] item: Grassy Seed\n|move|p2a: good boi|Curse|p2a: good boi\n|-unboost|p2a: good boi|spe|1\n|-boost|p2a: good boi|atk|1\n|-boost|p2a: good boi|def|1\n|\n|-heal|p2a: good boi|81\/100|[from] Grassy Terrain\n|upkeep\n|turn|16\n|\n|t:|1700113073\n|move|p1a: Sneasler|Swords Dance|p1a: Sneasler\n|-boost|p1a: Sneasler|atk|2\n|move|p2a: good boi|Earthquake|p1a: Sneasler\n|-supereffective|p1a: Sneasler\n|-damage|p1a: Sneasler|0 fnt\n|faint|p1a: Sneasler\n|\n|-heal|p2a: good boi|87\/100|[from] Grassy Terrain\n|-fieldend|move: Grassy Terrain\n|upkeep\n|c|\u2606Yabyinda|?\n|c|\u2606Yabyinda|?\n|c|\u2606Yabyinda|?\n|c|\u2606Yabyinda|?\n|c|\u2606Yabyinda|?\n|c|\u2606Yabyinda|?\n|\n|t:|1700113079\n|switch|p1a: Cinderace|Cinderace, M, shiny|66\/100\n|turn|17\n|c|\u2606Yabyinda|?\n|c|\u2606Yabyinda|?\n|c|\u2606Yabyinda|?\n|\n|t:|1700113083\n|move|p1a: Cinderace|Pyro Ball|p2a: good boi\n|-damage|p2a: good boi|70\/100\n|move|p2a: good boi|Earthquake|p1a: Cinderace\n|-supereffective|p1a: Cinderace\n|-damage|p1a: Cinderace|0 fnt\n|faint|p1a: Cinderace\n|\n|upkeep\n|\n|t:|1700113088\n|switch|p1a: Rillaboom|Rillaboom, M, shiny|100\/100\n|-fieldstart|move: Grassy Terrain|[from] ability: Grassy Surge|[of] p1a: Rillaboom\n|turn|18\n|c|\u2606Yabyinda|?\n|\n|t:|1700113095\n|-terastallize|p1a: Rillaboom|Grass\n|move|p1a: Rillaboom|Swords Dance|p1a: Rillaboom\n|-boost|p1a: Rillaboom|atk|2\n|move|p2a: good boi|Stone Edge|p1a: Rillaboom\n|-damage|p1a: Rillaboom|27\/100\n|\n|-heal|p1a: Rillaboom|33\/100|[from] Grassy Terrain\n|-heal|p2a: good boi|76\/100|[from] Grassy Terrain\n|upkeep\n|turn|19\n|\n|t:|1700113101\n|move|p1a: Rillaboom|Grassy Glide|p2a: good boi\n|-damage|p2a: good boi|63\/100\n|move|p2a: good boi|Earthquake|p1a: Rillaboom\n|-resisted|p1a: Rillaboom\n|-damage|p1a: Rillaboom|4\/100\n|\n|-heal|p1a: Rillaboom|10\/100|[from] Grassy Terrain\n|-heal|p2a: good boi|69\/100|[from] Grassy Terrain\n|upkeep\n|turn|20\n|c|\u2606Yabyinda|?\n|c|\u2606Yabyinda|?\n|c|\u2606Yabyinda|?\n|c|\u2606Yabyinda|?\n|c|\u2606Yabyinda|?\n|c|\u2606Yabyinda|?\n|c|\u2606Yabyinda|?\n|c|\u2606Yabyinda|?\n|c|\u2606Yabyinda|?\n|\n|t:|1700113111\n|move|p1a: Rillaboom|Knock Off|p2a: good boi\n|-resisted|p2a: good boi\n|-damage|p2a: good boi|66\/100\n|move|p2a: good boi|Recover|p2a: good boi\n|-heal|p2a: good boi|100\/100\n|\n|-heal|p1a: Rillaboom|16\/100|[from] Grassy Terrain\n|upkeep\n|turn|21\n|\n|t:|1700113120\n|move|p1a: Rillaboom|Grassy Glide|p2a: good boi\n|-damage|p2a: good boi|86\/100\n|move|p2a: good boi|Earthquake|p1a: Rillaboom\n|-resisted|p1a: Rillaboom\n|-damage|p1a: Rillaboom|0 fnt\n|faint|p1a: Rillaboom\n|\n|-heal|p2a: good boi|92\/100|[from] Grassy Terrain\n|upkeep\n|c|\u2606Yabyinda|stupid fuck\n|-message|DrumBunker69 forfeited.\n|\n|win|Yabyinda\n|raw|DrumBunker69's rating: 1129 &rarr; <strong>1106<\/strong><br \/>(-23 for losing)\n|raw|Yabyinda's rating: 1158 &rarr; <strong>1181<\/strong><br \/>(+23 for winning)\n|l|\u2606DrumBunker69\n","uploadtime":1700113123,"views":9,"p1id":"drumbunker69","p2id":"yabyinda","formatid":"gen9ou","rating":1106,"private":0,"password":""}