{"id":"gen9ou-1992141055","p1":"pok3monjake","p2":"Uncle June","format":"[Gen 9] OU","log":"|j|\u2606pok3monjake\n|j|\u2606Uncle June\n|t:|1700158435\n|gametype|singles\n|player|p1|pok3monjake|unknown|1472\n|player|p2|Uncle June|266|1510\n|teamsize|p1|6\n|teamsize|p2|6\n|gen|9\n|tier|[Gen 9] OU\n|rated|\n|rule|Sleep Clause Mod: Limit one foe put to sleep\n|rule|Species Clause: Limit one of each Pok\u00e9mon\n|rule|OHKO Clause: OHKO moves are banned\n|rule|Evasion Items Clause: Evasion items are banned\n|rule|Evasion Moves Clause: Evasion moves are banned\n|rule|Endless Battle Clause: Forcing endless battles is banned\n|rule|HP Percentage Mod: HP is shown in percentages\n|clearpoke\n|poke|p1|Sandslash-Alola, F|\n|poke|p1|Slowking-Galar, M|\n|poke|p1|Cinderace, F|\n|poke|p1|Ninetales-Alola, F|\n|poke|p1|Kingambit, F|\n|poke|p1|Great Tusk|\n|poke|p2|Glimmora, M|\n|poke|p2|Greninja-*, M|\n|poke|p2|Sneasler, M|\n|poke|p2|Kingambit, F|\n|poke|p2|Ogerpon-Wellspring, F|\n|poke|p2|Great Tusk|\n|teampreview\n|inactive|Battle timer is ON: inactive players will automatically lose when time's up. (requested by pok3monjake)\n|\n|t:|1700158445\n|start\n|switch|p1a: Cinderace|Cinderace, F|100\/100\n|switch|p2a: Glimmora|Glimmora, M|100\/100\n|turn|1\n|\n|t:|1700158447\n|move|p1a: Cinderace|U-turn|p2a: Glimmora\n|-start|p1a: Cinderace|typechange|Bug|[from] ability: Libero\n|-resisted|p2a: Glimmora\n|-damage|p2a: Glimmora|78\/100\n|-activate|p2a: Glimmora|ability: Toxic Debris\n|-sidestart|p1: pok3monjake|move: Toxic Spikes\n|\n|t:|1700158449\n|switch|p1a: Slowking|Slowking-Galar, M|100\/100|[from] U-turn\n|-sideend|p1: pok3monjake|move: Toxic Spikes|[of] p1a: Slowking\n|move|p2a: Glimmora|Earth Power|p1a: Slowking\n|-supereffective|p1a: Slowking\n|-damage|p1a: Slowking|62\/100\n|\n|upkeep\n|turn|2\n|\n|t:|1700158452\n|move|p2a: Glimmora|Stealth Rock|p1a: Slowking\n|-sidestart|p1: pok3monjake|move: Stealth Rock\n|move|p1a: Slowking|Surf|p2a: Glimmora\n|-supereffective|p2a: Glimmora\n|-damage|p2a: Glimmora|9\/100\n|\n|upkeep\n|turn|3\n|\n|t:|1700158459\n|move|p2a: Glimmora|Earth Power|p1a: Slowking\n|-supereffective|p1a: Slowking\n|-damage|p1a: Slowking|24\/100\n|move|p1a: Slowking|Chilly Reception|p1a: Slowking\n|-weather|Snow\n|\n|t:|1700158461\n|switch|p1a: Great Tusk|Great Tusk|100\/100|[from] Chilly Reception\n|-damage|p1a: Great Tusk|97\/100|[from] Stealth Rock\n|\n|-weather|Snow|[upkeep]\n|-heal|p1a: Great Tusk|100\/100|[from] item: Leftovers\n|upkeep\n|turn|4\n|\n|t:|1700158473\n|-terastallize|p2a: Glimmora|Ghost\n|move|p1a: Great Tusk|Rapid Spin|p2a: Glimmora\n|-immune|p2a: Glimmora\n|move|p2a: Glimmora|Energy Ball|p1a: Great Tusk\n|-supereffective|p1a: Great Tusk\n|-damage|p1a: Great Tusk|22\/100\n|\n|-weather|Snow|[upkeep]\n|-heal|p1a: Great Tusk|28\/100|[from] item: Leftovers\n|upkeep\n|turn|5\n|\n|t:|1700158487\n|move|p1a: Great Tusk|Earthquake|p2a: Glimmora\n|-damage|p2a: Glimmora|0 fnt\n|-activate|p2a: Glimmora|ability: Toxic Debris\n|-sidestart|p1: pok3monjake|move: Toxic Spikes\n|faint|p2a: Glimmora\n|\n|-weather|Snow|[upkeep]\n|-heal|p1a: Great Tusk|34\/100|[from] item: Leftovers\n|upkeep\n|\n|t:|1700158492\n|switch|p2a: Greninja|Greninja, M|100\/100\n|turn|6\n|\n|t:|1700158494\n|-end|p1a: Great Tusk|Protosynthesis|[silent]\n|switch|p1a: Slowking|Slowking-Galar, M|57\/100\n|-sideend|p1: pok3monjake|move: Toxic Spikes|[of] p1a: Slowking\n|move|p2a: Greninja|Dark Pulse|p1a: Slowking\n|-supereffective|p1a: Slowking\n|-damage|p1a: Slowking|1\/100\n|-damage|p2a: Greninja|91\/100|[from] item: Life Orb\n|\n|-weather|Snow|[upkeep]\n|upkeep\n|turn|7\n|\n|t:|1700158508\n|move|p2a: Greninja|Hydro Pump|p1a: Slowking|[miss]\n|-miss|p2a: Greninja|p1a: Slowking\n|move|p1a: Slowking|Sludge Bomb|p2a: Greninja\n|-damage|p2a: Greninja|38\/100\n|-status|p2a: Greninja|psn\n|\n|-weather|none\n|-damage|p2a: Greninja|25\/100 psn|[from] psn\n|upkeep\n|turn|8\n|\n|t:|1700158517\n|move|p2a: Greninja|Hydro Pump|p1a: Slowking\n|-damage|p1a: Slowking|0 fnt\n|faint|p1a: Slowking\n|-ability|p2a: Greninja|Battle Bond|boost\n|-boost|p2a: Greninja|atk|1\n|-boost|p2a: Greninja|spa|1\n|-boost|p2a: Greninja|spe|1\n|-activate|p2a: Greninja|ability: Battle Bond\n|-damage|p2a: Greninja|16\/100 psn|[from] item: Life Orb\n|\n|-damage|p2a: Greninja|3\/100 psn|[from] psn\n|upkeep\n|\n|t:|1700158528\n|switch|p1a: Great Tusk|Great Tusk|34\/100\n|-damage|p1a: Great Tusk|31\/100|[from] Stealth Rock\n|turn|9\n|\n|t:|1700158535\n|move|p2a: Greninja|Dark Pulse|p1a: Great Tusk\n|-resisted|p1a: Great Tusk\n|-damage|p1a: Great Tusk|0 fnt\n|faint|p1a: Great Tusk\n|-end|p1a: Great Tusk|Protosynthesis|[silent]\n|-damage|p2a: Greninja|0 fnt|[from] item: Life Orb\n|faint|p2a: Greninja\n|\n|upkeep\n|\n|t:|1700158550\n|switch|p2a: Sneasler|Sneasler, M|100\/100\n|switch|p1a: Cinderace|Cinderace, F|100\/100\n|turn|10\n|\n|t:|1700158553\n|move|p2a: Sneasler|Fake Out|p1a: Cinderace\n|-damage|p1a: Cinderace|81\/100\n|-status|p1a: Cinderace|psn|[from] ability: Poison Touch|[of] p2a: Sneasler\n|cant|p1a: Cinderace|flinch\n|\n|-damage|p1a: Cinderace|68\/100 psn|[from] psn\n|upkeep\n|turn|11\n|\n|t:|1700158557\n|move|p2a: Sneasler|Close Combat|p1a: Cinderace\n|-damage|p1a: Cinderace|0 fnt\n|-unboost|p2a: Sneasler|def|1\n|-unboost|p2a: Sneasler|spd|1\n|faint|p1a: Cinderace\n|\n|upkeep\n|\n|t:|1700158561\n|switch|p1a: Ninetales|Ninetales-Alola, F|100\/100\n|-damage|p1a: Ninetales|76\/100|[from] Stealth Rock\n|-weather|Snow|[from] ability: Snow Warning|[of] p1a: Ninetales\n|turn|12\n|\n|t:|1700158575\n|move|p2a: Sneasler|Dire Claw|p1a: Ninetales\n|-supereffective|p1a: Ninetales\n|-damage|p1a: Ninetales|0 fnt\n|faint|p1a: Ninetales\n|\n|-weather|Snow|[upkeep]\n|upkeep\n|\n|t:|1700158577\n|switch|p1a: Sandslash|Sandslash-Alola, F|100\/100\n|-damage|p1a: Sandslash|88\/100|[from] Stealth Rock\n|turn|13\n|\n|t:|1700158584\n|switch|p2a: Ogerpon|Ogerpon-Wellspring, F|100\/100\n|-terastallize|p1a: Sandslash|Flying\n|move|p1a: Sandslash|Swords Dance|p1a: Sandslash\n|-boost|p1a: Sandslash|atk|2\n|\n|-weather|Snow|[upkeep]\n|upkeep\n|turn|14\n|\n|t:|1700158591\n|move|p1a: Sandslash|Icicle Spear|p2a: Ogerpon\n|-damage|p2a: Ogerpon|70\/100\n|-crit|p2a: Ogerpon\n|-damage|p2a: Ogerpon|26\/100\n|-damage|p2a: Ogerpon|0 fnt\n|faint|p2a: Ogerpon\n|-hitcount|p2: Ogerpon|3\n|\n|-weather|Snow|[upkeep]\n|upkeep\n|\n|t:|1700158594\n|switch|p2a: Sneasler|Sneasler, M|100\/100\n|turn|15\n|\n|t:|1700158601\n|move|p2a: Sneasler|Fake Out|p1a: Sandslash\n|-damage|p1a: Sandslash|73\/100\n|cant|p1a: Sandslash|flinch\n|\n|-weather|Snow|[upkeep]\n|upkeep\n|turn|16\n|\n|t:|1700158605\n|switch|p2a: Kingambit|Kingambit, F|100\/100\n|-activate|p2a: Kingambit|ability: Supreme Overlord\n|-start|p2a: Kingambit|fallen3|[silent]\n|move|p1a: Sandslash|Icicle Spear|p2a: Kingambit\n|-resisted|p2a: Kingambit\n|-damage|p2a: Kingambit|91\/100\n|-resisted|p2a: Kingambit\n|-damage|p2a: Kingambit|80\/100\n|-resisted|p2a: Kingambit\n|-damage|p2a: Kingambit|71\/100\n|-resisted|p2a: Kingambit\n|-damage|p2a: Kingambit|61\/100\n|-resisted|p2a: Kingambit\n|-damage|p2a: Kingambit|50\/100\n|-hitcount|p2a: Kingambit|5\n|\n|-weather|Snow|[upkeep]\n|-heal|p2a: Kingambit|57\/100|[from] item: Leftovers\n|upkeep\n|turn|17\n|\n|t:|1700158608\n|move|p2a: Kingambit|Sucker Punch|p1a: Sandslash\n|-damage|p1a: Sandslash|22\/100\n|move|p1a: Sandslash|Earthquake|p2a: Kingambit\n|-supereffective|p2a: Kingambit\n|-damage|p2a: Kingambit|0 fnt\n|faint|p2a: Kingambit\n|-end|p2a: Kingambit|fallen3|[silent]\n|\n|-weather|Snow|[upkeep]\n|upkeep\n|\n|t:|1700158611\n|switch|p2a: Sneasler|Sneasler, M|100\/100\n|turn|18\n|\n|t:|1700158620\n|move|p2a: Sneasler|Fake Out|p1a: Sandslash\n|-damage|p1a: Sandslash|8\/100\n|cant|p1a: Sandslash|flinch\n|\n|-weather|Snow|[upkeep]\n|upkeep\n|turn|19\n|\n|t:|1700158625\n|switch|p2a: Great Tusk|Great Tusk|100\/100\n|move|p1a: Sandslash|Icicle Spear|p2a: Great Tusk\n|-supereffective|p2a: Great Tusk\n|-damage|p2a: Great Tusk|78\/100\n|-supereffective|p2a: Great Tusk\n|-damage|p2a: Great Tusk|53\/100\n|-supereffective|p2a: Great Tusk\n|-damage|p2a: Great Tusk|26\/100\n|-supereffective|p2a: Great Tusk\n|-damage|p2a: Great Tusk|2\/100\n|-hitcount|p2a: Great Tusk|4\n|\n|-weather|none\n|-heal|p2a: Great Tusk|9\/100|[from] item: Leftovers\n|upkeep\n|turn|20\n|\n|t:|1700158631\n|move|p2a: Great Tusk|Rapid Spin|p1a: Sandslash\n|-damage|p1a: Sandslash|0 fnt\n|-boost|p2a: Great Tusk|spe|1\n|faint|p1a: Sandslash\n|\n|-heal|p2a: Great Tusk|15\/100|[from] item: Leftovers\n|upkeep\n|\n|t:|1700158632\n|switch|p1a: Kingambit|Kingambit, F|100\/100\n|-damage|p1a: Kingambit|94\/100|[from] Stealth Rock\n|-activate|p1a: Kingambit|ability: Supreme Overlord\n|-start|p1a: Kingambit|fallen5|[silent]\n|turn|21\n|\n|t:|1700158634\n|move|p1a: Kingambit|Sucker Punch|p2a: Great Tusk\n|-resisted|p2a: Great Tusk\n|-damage|p2a: Great Tusk|0 fnt\n|faint|p2a: Great Tusk\n|-end|p2a: Great Tusk|Protosynthesis|[silent]\n|\n|-heal|p1a: Kingambit|100\/100|[from] item: Leftovers\n|upkeep\n|\n|t:|1700158636\n|switch|p2a: Sneasler|Sneasler, M|100\/100\n|turn|22\n|\n|t:|1700158638\n|move|p2a: Sneasler|Close Combat|p1a: Kingambit\n|-supereffective|p1a: Kingambit\n|-damage|p1a: Kingambit|0 fnt\n|-unboost|p2a: Sneasler|def|1\n|-unboost|p2a: Sneasler|spd|1\n|faint|p1a: Kingambit\n|-end|p1a: Kingambit|fallen5|[silent]\n|\n|win|Uncle June\n|raw|pok3monjake's rating: 1472 &rarr; <strong>1454<\/strong><br \/>(-18 for losing)\n|raw|Uncle June's rating: 1510 &rarr; <strong>1528<\/strong><br \/>(+18 for winning)\n|l|\u2606Uncle June\n|l|\u2606pok3monjake\n","uploadtime":1700158656,"views":8,"p1id":"pok3monjake","p2id":"unclejune","formatid":"gen9ou","rating":1454,"private":0,"password":""}