{"id":"gen9ou-1998357356","p1":"Piabs","p2":"Songfossil","format":"[Gen 9] OU","log":"|j|\u2606Piabs\n|j|\u2606Songfossil\n|t:|1700933316\n|gametype|singles\n|player|p1|Piabs|265|1102\n|player|p2|Songfossil|169|1116\n|teamsize|p1|6\n|teamsize|p2|6\n|gen|9\n|tier|[Gen 9] OU\n|rated|\n|rule|Sleep Clause Mod: Limit one foe put to sleep\n|rule|Species Clause: Limit one of each Pok\u00e9mon\n|rule|OHKO Clause: OHKO moves are banned\n|rule|Evasion Items Clause: Evasion items are banned\n|rule|Evasion Moves Clause: Evasion moves are banned\n|rule|Endless Battle Clause: Forcing endless battles is banned\n|rule|HP Percentage Mod: HP is shown in percentages\n|clearpoke\n|poke|p1|Landorus-Therian, M|\n|poke|p1|Walking Wake|\n|poke|p1|Blissey, F|\n|poke|p1|Hawlucha, F|\n|poke|p1|Glimmora, F|\n|poke|p1|Corviknight, F|\n|poke|p2|Dragapult, F|\n|poke|p2|Ribombee, F|\n|poke|p2|Frosmoth, M|\n|poke|p2|Pelipper, M|\n|poke|p2|Basculegion, M|\n|poke|p2|Great Tusk|\n|teampreview\n|\n|t:|1700933336\n|start\n|switch|p1a: Landorus|Landorus-Therian, M|100\/100\n|switch|p2a: Pelipper|Pelipper, M|100\/100\n|-ability|p1a: Landorus|Intimidate|boost\n|-unboost|p2a: Pelipper|atk|1\n|-weather|RainDance|[from] ability: Drizzle|[of] p2a: Pelipper\n|turn|1\n|\n|t:|1700933358\n|move|p1a: Landorus|Stealth Rock|p2a: Pelipper\n|-sidestart|p2: Songfossil|move: Stealth Rock\n|move|p2a: Pelipper|Hurricane|p1a: Landorus\n|-damage|p1a: Landorus|48\/100\n|-start|p1a: Landorus|confusion\n|\n|-weather|RainDance|[upkeep]\n|upkeep\n|turn|2\n|\n|t:|1700933396\n|switch|p1a: Blissey|Blissey, F|100\/100\n|move|p2a: Pelipper|U-turn|p1a: Blissey\n|-damage|p1a: Blissey|95\/100\n|inactive|Battle timer is ON: inactive players will automatically lose when time's up. (requested by Piabs)\n|inactive|Songfossil has 120 seconds left.\n|\n|t:|1700933443\n|switch|p2a: Dragapult|Dragapult, F|100\/100|[from] U-turn\n|-damage|p2a: Dragapult|88\/100|[from] Stealth Rock\n|\n|-weather|RainDance|[upkeep]\n|upkeep\n|turn|3\n|\n|t:|1700933456\n|move|p2a: Dragapult|Dragon Darts|p1a: Blissey\n|-damage|p1a: Blissey|55\/100\n|-anim|p2a: Dragapult|Dragon Darts|p1a: Blissey\n|-damage|p1a: Blissey|18\/100\n|move|p1a: Blissey|Stealth Rock||[still]\n|-fail|p1a: Blissey\n|\n|-weather|RainDance|[upkeep]\n|upkeep\n|turn|4\n|\n|t:|1700933472\n|switch|p1a: Glimmora|Glimmora, F|100\/100\n|move|p2a: Dragapult|Dragon Darts|p1a: Glimmora\n|-damage|p1a: Glimmora|58\/100\n|-activate|p1a: Glimmora|ability: Toxic Debris\n|-sidestart|p2: Songfossil|move: Toxic Spikes\n|-anim|p2a: Dragapult|Dragon Darts|p1a: Glimmora\n|-damage|p1a: Glimmora|14\/100\n|-activate|p1a: Glimmora|ability: Toxic Debris\n|-sidestart|p2: Songfossil|move: Toxic Spikes\n|\n|-weather|RainDance|[upkeep]\n|upkeep\n|turn|5\n|\n|t:|1700933484\n|move|p2a: Dragapult|Dragon Darts|p1a: Glimmora\n|-damage|p1a: Glimmora|0 fnt\n|faint|p1a: Glimmora\n|\n|-weather|RainDance|[upkeep]\n|upkeep\n|\n|t:|1700933500\n|switch|p1a: Landorus|Landorus-Therian, M|48\/100\n|-ability|p1a: Landorus|Intimidate|boost\n|-unboost|p2a: Dragapult|atk|1\n|turn|6\n|\n|t:|1700933509\n|switch|p2a: Great Tusk|Great Tusk|100\/100\n|-damage|p2a: Great Tusk|98\/100|[from] Stealth Rock\n|-status|p2a: Great Tusk|tox\n|-enditem|p2a: Great Tusk|Booster Energy\n|-activate|p2a: Great Tusk|ability: Protosynthesis|[fromitem]\n|-start|p2a: Great Tusk|protosynthesisatk\n|move|p1a: Landorus|Earthquake|p2a: Great Tusk\n|-crit|p2a: Great Tusk\n|-damage|p2a: Great Tusk|47\/100 tox\n|\n|-weather|RainDance|[upkeep]\n|-damage|p2a: Great Tusk|41\/100 tox|[from] psn\n|upkeep\n|turn|7\n|\n|t:|1700933520\n|move|p2a: Great Tusk|Rapid Spin|p1a: Landorus\n|-damage|p1a: Landorus|31\/100\n|-boost|p2a: Great Tusk|spe|1\n|-damage|p2a: Great Tusk|24\/100 tox|[from] item: Rocky Helmet|[of] p1a: Landorus\n|-sideend|p2: Songfossil|Toxic Spikes|[from] move: Rapid Spin|[of] p2a: Great Tusk\n|-sideend|p2: Songfossil|Stealth Rock|[from] move: Rapid Spin|[of] p2a: Great Tusk\n|move|p1a: Landorus|Earthquake|p2a: Great Tusk\n|-damage|p2a: Great Tusk|0 fnt\n|faint|p2a: Great Tusk\n|-end|p2a: Great Tusk|Protosynthesis|[silent]\n|\n|-weather|RainDance|[upkeep]\n|upkeep\n|\n|t:|1700933524\n|switch|p2a: Ribombee|Ribombee, F|100\/100\n|turn|8\n|\n|t:|1700933537\n|move|p2a: Ribombee|Sticky Web|p1a: Landorus\n|-sidestart|p1: Piabs|move: Sticky Web\n|move|p1a: Landorus|Earthquake|p2a: Ribombee\n|-resisted|p2a: Ribombee\n|-damage|p2a: Ribombee|57\/100\n|\n|-weather|none\n|upkeep\n|turn|9\n|\n|t:|1700933544\n|move|p2a: Ribombee|Moonblast|p1a: Landorus\n|-damage|p1a: Landorus|0 fnt\n|faint|p1a: Landorus\n|\n|upkeep\n|\n|t:|1700933556\n|switch|p1a: Corviknight|Corviknight, F|100\/100\n|-ability|p1a: Corviknight|Pressure\n|turn|10\n|\n|t:|1700933564\n|switch|p2a: Pelipper|Pelipper, M|100\/100\n|-weather|RainDance|[from] ability: Drizzle|[of] p2a: Pelipper\n|move|p1a: Corviknight|Body Press|p2a: Pelipper\n|-resisted|p2a: Pelipper\n|-damage|p2a: Pelipper|87\/100\n|\n|-weather|RainDance|[upkeep]\n|upkeep\n|turn|11\n|\n|t:|1700933574\n|move|p1a: Corviknight|Defog|p2a: Pelipper\n|-unboost|p2a: Pelipper|evasion|1\n|-sideend|p1: Piabs|Sticky Web|[from] move: Defog|[of] p1a: Corviknight\n|move|p2a: Pelipper|Hurricane|p1a: Corviknight\n|-resisted|p1a: Corviknight\n|-crit|p1a: Corviknight\n|-damage|p1a: Corviknight|62\/100\n|\n|-weather|RainDance|[upkeep]\n|-heal|p1a: Corviknight|68\/100|[from] item: Leftovers\n|upkeep\n|turn|12\n|\n|t:|1700933584\n|move|p1a: Corviknight|U-turn|p2a: Pelipper\n|-resisted|p2a: Pelipper\n|-damage|p2a: Pelipper|79\/100\n|\n|t:|1700933593\n|switch|p1a: Walking Wake|Walking Wake|100\/100|[from] U-turn\n|-enditem|p1a: Walking Wake|Booster Energy\n|-activate|p1a: Walking Wake|ability: Protosynthesis|[fromitem]\n|-start|p1a: Walking Wake|protosynthesisspa\n|move|p2a: Pelipper|Surf|p1a: Walking Wake\n|-resisted|p1a: Walking Wake\n|-damage|p1a: Walking Wake|81\/100\n|\n|-weather|RainDance|[upkeep]\n|upkeep\n|turn|13\n|\n|t:|1700933604\n|switch|p2a: Ribombee|Ribombee, F|57\/100\n|move|p1a: Walking Wake|Agility|p1a: Walking Wake\n|-boost|p1a: Walking Wake|spe|2\n|\n|-weather|RainDance|[upkeep]\n|upkeep\n|turn|14\n|\n|t:|1700933610\n|move|p1a: Walking Wake|Flamethrower|p2a: Ribombee\n|-supereffective|p2a: Ribombee\n|-damage|p2a: Ribombee|0 fnt\n|faint|p2a: Ribombee\n|\n|-weather|RainDance|[upkeep]\n|upkeep\n|\n|t:|1700933614\n|switch|p2a: Frosmoth|Frosmoth, M|100\/100\n|turn|15\n|\n|t:|1700933622\n|-terastallize|p2a: Frosmoth|Water\n|move|p1a: Walking Wake|Flamethrower|p2a: Frosmoth\n|-resisted|p2a: Frosmoth\n|-damage|p2a: Frosmoth|94\/100\n|move|p2a: Frosmoth|Quiver Dance|p2a: Frosmoth\n|-boost|p2a: Frosmoth|spa|1\n|-boost|p2a: Frosmoth|spd|1\n|-boost|p2a: Frosmoth|spe|1\n|\n|-weather|RainDance|[upkeep]\n|upkeep\n|turn|16\n|\n|t:|1700933632\n|move|p1a: Walking Wake|Dragon Pulse|p2a: Frosmoth\n|-crit|p2a: Frosmoth\n|-damage|p2a: Frosmoth|39\/100\n|move|p2a: Frosmoth|Quiver Dance|p2a: Frosmoth\n|-boost|p2a: Frosmoth|spa|1\n|-boost|p2a: Frosmoth|spd|1\n|-boost|p2a: Frosmoth|spe|1\n|\n|-weather|RainDance|[upkeep]\n|upkeep\n|turn|17\n|\n|t:|1700933641\n|move|p1a: Walking Wake|Dragon Pulse|p2a: Frosmoth\n|-damage|p2a: Frosmoth|17\/100\n|move|p2a: Frosmoth|Hurricane|p1a: Walking Wake\n|-damage|p1a: Walking Wake|0 fnt\n|faint|p1a: Walking Wake\n|-end|p1a: Walking Wake|Protosynthesis|[silent]\n|\n|-weather|none\n|upkeep\n|\n|t:|1700933648\n|switch|p1a: Hawlucha|Hawlucha, F|100\/100\n|turn|18\n|\n|t:|1700933654\n|move|p2a: Frosmoth|Ice Beam|p1a: Hawlucha\n|-supereffective|p1a: Hawlucha\n|-damage|p1a: Hawlucha|0 fnt\n|faint|p1a: Hawlucha\n|\n|upkeep\n|\n|t:|1700933663\n|switch|p1a: Blissey|Blissey, F|18\/100\n|turn|19\n|\n|t:|1700933666\n|move|p1a: Blissey|Protect|p1a: Blissey\n|-singleturn|p1a: Blissey|Protect\n|move|p2a: Frosmoth|Ice Beam|p1a: Blissey\n|-activate|p1a: Blissey|move: Protect\n|\n|upkeep\n|turn|20\n|\n|t:|1700933674\n|move|p2a: Frosmoth|Ice Beam|p1a: Blissey\n|-damage|p1a: Blissey|0 fnt\n|faint|p1a: Blissey\n|\n|upkeep\n|\n|t:|1700933678\n|switch|p1a: Corviknight|Corviknight, F|68\/100\n|-ability|p1a: Corviknight|Pressure\n|turn|21\n|\n|t:|1700933690\n|move|p2a: Frosmoth|Ice Beam|p1a: Corviknight\n|-damage|p1a: Corviknight|0 fnt\n|faint|p1a: Corviknight\n|\n|win|Songfossil\n|raw|Piabs's rating: 1102 &rarr; <strong>1076<\/strong><br \/>(-26 for losing)\n|raw|Songfossil's rating: 1094 &rarr; <strong>1120<\/strong><br \/>(+26 for winning)\n|l|\u2606Piabs\n","uploadtime":1700933735,"views":5,"p1id":"piabs","p2id":"songfossil","formatid":"gen9ou","rating":1076,"private":0,"password":""}