{"id":"gen9ou-1992607711","p1":"It's classified","p2":"Ewan24","format":"[Gen 9] OU","log":"|j|\u2606It's classified\n|j|\u2606Ewan24\n|t:|1700213899\n|gametype|singles\n|player|p1|It's classified|pokemonranger-gen4|1490\n|player|p2|Ewan24|cynthia-gen4|1471\n|teamsize|p1|6\n|teamsize|p2|6\n|gen|9\n|tier|[Gen 9] OU\n|rated|\n|rule|Sleep Clause Mod: Limit one foe put to sleep\n|rule|Species Clause: Limit one of each Pok\u00e9mon\n|rule|OHKO Clause: OHKO moves are banned\n|rule|Evasion Items Clause: Evasion items are banned\n|rule|Evasion Moves Clause: Evasion moves are banned\n|rule|Endless Battle Clause: Forcing endless battles is banned\n|rule|HP Percentage Mod: HP is shown in percentages\n|clearpoke\n|poke|p1|Ribombee, M|\n|poke|p1|Ogerpon-Wellspring, F|\n|poke|p1|Gholdengo|\n|poke|p1|Iron Moth|\n|poke|p1|Dragonite, M|\n|poke|p1|Great Tusk|\n|poke|p2|Greninja-*, M|\n|poke|p2|Rillaboom, F|\n|poke|p2|Great Tusk|\n|poke|p2|Kingambit, M|\n|poke|p2|Clefable, M|\n|poke|p2|Iron Moth|\n|teampreview\n|inactive|Battle timer is ON: inactive players will automatically lose when time's up. (requested by It's classified)\n|\n|t:|1700213918\n|start\n|switch|p1a: Ribombee|Ribombee, M|100\/100\n|switch|p2a: Clefable|Clefable, M|100\/100\n|turn|1\n|\n|t:|1700213924\n|move|p1a: Ribombee|Sticky Web|p2a: Clefable\n|-sidestart|p2: Ewan24|move: Sticky Web\n|move|p2a: Clefable|Moonblast|p1a: Ribombee\n|-damage|p1a: Ribombee|44\/100\n|\n|upkeep\n|turn|2\n|\n|t:|1700213933\n|move|p1a: Ribombee|Stun Spore|p2a: Clefable\n|-status|p2a: Clefable|par\n|move|p2a: Clefable|Knock Off|p1a: Ribombee\n|-resisted|p1a: Ribombee\n|-damage|p1a: Ribombee|31\/100\n|-enditem|p1a: Ribombee|Focus Sash|[from] move: Knock Off|[of] p2a: Clefable\n|\n|upkeep\n|turn|3\n|\n|t:|1700213940\n|move|p1a: Ribombee|Skill Swap|p2a: Clefable\n|-activate|p1a: Ribombee|move: Skill Swap|Unaware|Shield Dust|[of] p2a: Clefable\n|cant|p2a: Clefable|par\n|\n|upkeep\n|turn|4\n|\n|t:|1700213952\n|switch|p1a: Gholdengo|Gholdengo|100\/100\n|-item|p1a: Gholdengo|Air Balloon\n|move|p2a: Clefable|Moonblast|p1a: Gholdengo\n|-resisted|p1a: Gholdengo\n|-damage|p1a: Gholdengo|87\/100\n|-enditem|p1a: Gholdengo|Air Balloon\n|\n|upkeep\n|turn|5\n|\n|t:|1700213967\n|switch|p2a: Kingambit|Kingambit, M|100\/100\n|move|p1a: Gholdengo|Nasty Plot|p1a: Gholdengo\n|-boost|p1a: Gholdengo|spa|2\n|\n|upkeep\n|turn|6\n|\n|t:|1700213978\n|switch|p1a: Ribombee|Ribombee, M|31\/100\n|move|p2a: Kingambit|Sucker Punch||[still]\n|-fail|p2a: Kingambit\n|\n|upkeep\n|turn|7\n|\n|t:|1700213986\n|-end|p2a: Kingambit|fallenundefined|[silent]\n|switch|p2a: Clefable|Clefable, M|100\/100 par\n|move|p1a: Ribombee|Skill Swap|p2a: Clefable\n|-activate|p1a: Ribombee|move: Skill Swap|Unaware|Shield Dust|[of] p2a: Clefable\n|\n|upkeep\n|turn|8\n|\n|t:|1700214012\n|switch|p1a: Iron Moth|Iron Moth|100\/100\n|-enditem|p1a: Iron Moth|Booster Energy\n|-activate|p1a: Iron Moth|ability: Quark Drive|[fromitem]\n|-start|p1a: Iron Moth|quarkdrivespa\n|move|p2a: Clefable|Moonblast|p1a: Iron Moth\n|-resisted|p1a: Iron Moth\n|-damage|p1a: Iron Moth|93\/100\n|\n|upkeep\n|turn|9\n|inactive|Ewan24 has 120 seconds left.\n|\n|t:|1700214041\n|switch|p2a: Greninja|Greninja, M|100\/100\n|-activate|p2a: Greninja|move: Sticky Web\n|-unboost|p2a: Greninja|spe|1\n|move|p1a: Iron Moth|Substitute|p1a: Iron Moth\n|-start|p1a: Iron Moth|Substitute\n|-damage|p1a: Iron Moth|68\/100\n|\n|upkeep\n|turn|10\n|\n|t:|1700214047\n|-terastallize|p1a: Iron Moth|Grass\n|move|p2a: Greninja|Water Shuriken|p1a: Iron Moth\n|-resisted|p1a: Iron Moth\n|-activate|p1a: Iron Moth|move: Substitute|[damage]\n|-resisted|p1a: Iron Moth\n|-activate|p1a: Iron Moth|move: Substitute|[damage]\n|-resisted|p1a: Iron Moth\n|-activate|p1a: Iron Moth|move: Substitute|[damage]\n|-hitcount|p1a: Iron Moth|3\n|-damage|p2a: Greninja|91\/100|[from] item: Life Orb\n|move|p1a: Iron Moth|Energy Ball|p2a: Greninja\n|-supereffective|p2a: Greninja\n|-damage|p2a: Greninja|0 fnt\n|faint|p2a: Greninja\n|\n|upkeep\n|inactive|Ewan24 has 120 seconds left.\n|\n|t:|1700214063\n|switch|p2a: Clefable|Clefable, M|100\/100 par\n|turn|11\n|\n|t:|1700214067\n|-terastallize|p2a: Clefable|Water\n|move|p1a: Iron Moth|Sludge Wave|p2a: Clefable\n|-damage|p2a: Clefable|54\/100 par\n|move|p2a: Clefable|Knock Off|p1a: Iron Moth\n|-end|p1a: Iron Moth|Substitute\n|\n|upkeep\n|turn|12\n|\n|t:|1700214077\n|move|p1a: Iron Moth|Substitute|p1a: Iron Moth\n|-start|p1a: Iron Moth|Substitute\n|-damage|p1a: Iron Moth|43\/100\n|move|p2a: Clefable|Moonblast|p1a: Iron Moth\n|-end|p1a: Iron Moth|Substitute\n|\n|upkeep\n|turn|13\n|\n|t:|1700214085\n|move|p1a: Iron Moth|Energy Ball|p2a: Clefable\n|-supereffective|p2a: Clefable\n|-damage|p2a: Clefable|0 fnt\n|faint|p2a: Clefable\n|\n|upkeep\n|\n|t:|1700214099\n|switch|p2a: Iron Moth|Iron Moth|100\/100\n|-activate|p2a: Iron Moth|move: Sticky Web\n|-unboost|p2a: Iron Moth|spe|1\n|-enditem|p2a: Iron Moth|Booster Energy\n|-activate|p2a: Iron Moth|ability: Quark Drive|[fromitem]\n|-start|p2a: Iron Moth|quarkdrivespa\n|turn|14\n|inactive|Ewan24 has 120 seconds left.\n|\n|t:|1700214116\n|move|p1a: Iron Moth|Sludge Wave|p2a: Iron Moth\n|-resisted|p2a: Iron Moth\n|-damage|p2a: Iron Moth|63\/100\n|move|p2a: Iron Moth|Sludge Wave|p1a: Iron Moth\n|-supereffective|p1a: Iron Moth\n|-damage|p1a: Iron Moth|0 fnt\n|faint|p1a: Iron Moth\n|-end|p1a: Iron Moth|Quark Drive|[silent]\n|\n|upkeep\n|\n|t:|1700214122\n|switch|p1a: Ogerpon|Ogerpon-Wellspring, F|100\/100\n|turn|15\n|\n|t:|1700214136\n|move|p1a: Ogerpon|Swords Dance|p1a: Ogerpon\n|-boost|p1a: Ogerpon|atk|2\n|move|p2a: Iron Moth|Sludge Wave|p1a: Ogerpon\n|-supereffective|p1a: Ogerpon\n|-damage|p1a: Ogerpon|0 fnt\n|faint|p1a: Ogerpon\n|\n|upkeep\n|\n|t:|1700214147\n|switch|p1a: Great Tusk|Great Tusk|100\/100\n|turn|16\n|\n|t:|1700214159\n|-end|p2a: Iron Moth|Quark Drive|[silent]\n|switch|p2a: Great Tusk|Great Tusk|100\/100\n|-activate|p2a: Great Tusk|move: Sticky Web\n|-unboost|p2a: Great Tusk|spe|1\n|move|p1a: Great Tusk|Bulk Up|p1a: Great Tusk\n|-boost|p1a: Great Tusk|atk|1\n|-boost|p1a: Great Tusk|def|1\n|\n|upkeep\n|turn|17\n|\n|t:|1700214172\n|move|p1a: Great Tusk|Rapid Spin|p2a: Great Tusk\n|-damage|p2a: Great Tusk|87\/100\n|-boost|p1a: Great Tusk|spe|1\n|move|p2a: Great Tusk|Rapid Spin|p1a: Great Tusk\n|-damage|p1a: Great Tusk|93\/100\n|-boost|p2a: Great Tusk|spe|1\n|-sideend|p2: Ewan24|Sticky Web|[from] move: Rapid Spin|[of] p2a: Great Tusk\n|\n|-heal|p2a: Great Tusk|93\/100|[from] item: Leftovers\n|upkeep\n|turn|18\n|\n|t:|1700214182\n|move|p1a: Great Tusk|Bulk Up|p1a: Great Tusk\n|-boost|p1a: Great Tusk|atk|1\n|-boost|p1a: Great Tusk|def|1\n|move|p2a: Great Tusk|Earthquake|p1a: Great Tusk\n|-damage|p1a: Great Tusk|76\/100\n|\n|-heal|p2a: Great Tusk|99\/100|[from] item: Leftovers\n|upkeep\n|turn|19\n|\n|t:|1700214189\n|move|p1a: Great Tusk|Bulk Up|p1a: Great Tusk\n|-boost|p1a: Great Tusk|atk|1\n|-boost|p1a: Great Tusk|def|1\n|move|p2a: Great Tusk|Stealth Rock|p1a: Great Tusk\n|-sidestart|p1: It's classified|move: Stealth Rock\n|\n|-heal|p2a: Great Tusk|100\/100|[from] item: Leftovers\n|upkeep\n|turn|20\n|\n|t:|1700214196\n|move|p1a: Great Tusk|Bulk Up|p1a: Great Tusk\n|-boost|p1a: Great Tusk|atk|1\n|-boost|p1a: Great Tusk|def|1\n|move|p2a: Great Tusk|Earthquake|p1a: Great Tusk\n|-damage|p1a: Great Tusk|66\/100\n|\n|upkeep\n|turn|21\n|\n|t:|1700214209\n|move|p1a: Great Tusk|Ice Spinner|p2a: Great Tusk\n|-supereffective|p2a: Great Tusk\n|-damage|p2a: Great Tusk|15\/100\n|move|p2a: Great Tusk|Earthquake|p1a: Great Tusk\n|-damage|p1a: Great Tusk|54\/100\n|\n|-heal|p2a: Great Tusk|21\/100|[from] item: Leftovers\n|upkeep\n|turn|22\n|\n|t:|1700214214\n|move|p1a: Great Tusk|Ice Spinner|p2a: Great Tusk\n|-supereffective|p2a: Great Tusk\n|-damage|p2a: Great Tusk|0 fnt\n|faint|p2a: Great Tusk\n|-end|p2a: Great Tusk|Protosynthesis|[silent]\n|\n|upkeep\n|inactive|Ewan24 has 120 seconds left.\n|\n|t:|1700214259\n|switch|p2a: Rillaboom|Rillaboom, F|100\/100\n|-fieldstart|move: Grassy Terrain|[from] ability: Grassy Surge|[of] p2a: Rillaboom\n|turn|23\n|\n|t:|1700214269\n|move|p2a: Rillaboom|Grassy Glide|p1a: Great Tusk\n|-supereffective|p1a: Great Tusk\n|-damage|p1a: Great Tusk|24\/100\n|move|p1a: Great Tusk|Ice Spinner|p2a: Rillaboom\n|-supereffective|p2a: Rillaboom\n|-damage|p2a: Rillaboom|0 fnt\n|-fieldend|move: Grassy Terrain\n|faint|p2a: Rillaboom\n|\n|upkeep\n|inactive|Ewan24 has 120 seconds left.\n|\n|t:|1700214275\n|switch|p2a: Iron Moth|Iron Moth|63\/100\n|turn|24\n|\n|t:|1700214291\n|move|p1a: Great Tusk|Headlong Rush|p2a: Iron Moth\n|-supereffective|p2a: Iron Moth\n|-damage|p2a: Iron Moth|0 fnt\n|-unboost|p1a: Great Tusk|def|1\n|-unboost|p1a: Great Tusk|spd|1\n|faint|p2a: Iron Moth\n|-end|p2a: Iron Moth|Quark Drive|[silent]\n|\n|upkeep\n|\n|t:|1700214300\n|switch|p2a: Kingambit|Kingambit, M|100\/100\n|-activate|p2a: Kingambit|ability: Supreme Overlord\n|-start|p2a: Kingambit|fallen5|[silent]\n|turn|25\n|\n|t:|1700214302\n|move|p1a: Great Tusk|Headlong Rush|p2a: Kingambit\n|-supereffective|p2a: Kingambit\n|-crit|p2a: Kingambit\n|-damage|p2a: Kingambit|0 fnt\n|-unboost|p1a: Great Tusk|def|1\n|-unboost|p1a: Great Tusk|spd|1\n|faint|p2a: Kingambit\n|-end|p2a: Kingambit|fallen5|[silent]\n|\n|win|It's classified\n|raw|It&apos;s classified's rating: 1490 &rarr; <strong>1509<\/strong><br \/>(+19 for winning)\n|raw|Ewan24's rating: 1471 &rarr; <strong>1452<\/strong><br \/>(-19 for losing)\n|l|\u2606Ewan24\n","uploadtime":1700214313,"views":20,"p1id":"itsclassified","p2id":"ewan24","formatid":"gen9ou","rating":1452,"private":0,"password":""}