{"id":"gen9ou-1992513214","p1":"Kayleb1718","p2":"Imanjoneser","format":"[Gen 9] OU","log":"|j|\u2606Kayleb1718\n|j|\u2606Imanjoneser\n|t:|1700197591\n|gametype|singles\n|player|p1|Kayleb1718|lucas-gen4pt|1000\n|player|p2|Imanjoneser|bugcatcher-gen4dp|1102\n|teamsize|p1|6\n|teamsize|p2|6\n|gen|9\n|tier|[Gen 9] OU\n|rated|\n|rule|Sleep Clause Mod: Limit one foe put to sleep\n|rule|Species Clause: Limit one of each Pok\u00e9mon\n|rule|OHKO Clause: OHKO moves are banned\n|rule|Evasion Items Clause: Evasion items are banned\n|rule|Evasion Moves Clause: Evasion moves are banned\n|rule|Endless Battle Clause: Forcing endless battles is banned\n|rule|HP Percentage Mod: HP is shown in percentages\n|clearpoke\n|poke|p1|Glimmora, M|\n|poke|p1|Kingambit, M|\n|poke|p1|Dragapult, M|\n|poke|p1|Ceruledge, F|\n|poke|p1|Lucario, F|\n|poke|p1|Toxapex, F|\n|poke|p2|Shaymin|\n|poke|p2|Meowscarada, F|\n|poke|p2|Iron Leaves|\n|poke|p2|Chesnaught, M|\n|poke|p2|Amoonguss, M|\n|poke|p2|Torterra, M|\n|teampreview\n|inactive|Battle timer is ON: inactive players will automatically lose when time's up. (requested by Kayleb1718)\n|inactive|Imanjoneser has 120 seconds left.\n|inactive|Imanjoneser has 90 seconds left.\n|c|\u2606Imanjoneser|Sorry for the wait forgot\n|\n|t:|1700197668\n|start\n|switch|p1a: Glimmora|Glimmora, M|100\/100\n|switch|p2a: Torterra|Torterra, M, shiny|100\/100\n|turn|1\n|c|\u2606Kayleb1718|Oh\n|\n|t:|1700197678\n|move|p1a: Glimmora|Spikes|p2a: Torterra\n|-sidestart|p2: Imanjoneser|Spikes\n|move|p2a: Torterra|Earthquake|p1a: Glimmora\n|-supereffective|p1a: Glimmora\n|-enditem|p1a: Glimmora|Focus Sash\n|-damage|p1a: Glimmora|1\/100\n|-activate|p1a: Glimmora|ability: Toxic Debris\n|-sidestart|p2: Imanjoneser|move: Toxic Spikes\n|\n|upkeep\n|turn|2\n|\n|t:|1700197686\n|switch|p2a: Amoonguss|Amoonguss, M, shiny|100\/100\n|-damage|p2a: Amoonguss|88\/100|[from] Spikes\n|-sideend|p2: Imanjoneser|move: Toxic Spikes|[of] p2a: Amoonguss\n|move|p1a: Glimmora|Toxic Spikes|p2a: Amoonguss\n|-sidestart|p2: Imanjoneser|move: Toxic Spikes\n|\n|-heal|p2a: Amoonguss|94\/100|[from] item: Leftovers\n|upkeep\n|turn|3\n|\n|t:|1700197696\n|move|p1a: Glimmora|Spikes|p2a: Amoonguss\n|-sidestart|p2: Imanjoneser|Spikes\n|move|p2a: Amoonguss|Sludge Bomb|p1a: Glimmora\n|-resisted|p1a: Glimmora\n|-damage|p1a: Glimmora|0 fnt\n|faint|p1a: Glimmora\n|\n|-heal|p2a: Amoonguss|100\/100|[from] item: Leftovers\n|upkeep\n|\n|t:|1700197713\n|switch|p1a: Ceruledge|Ceruledge, F|100\/100\n|turn|4\n|\n|t:|1700197724\n|move|p1a: Ceruledge|Bitter Blade|p2a: Amoonguss\n|-supereffective|p2a: Amoonguss\n|-damage|p2a: Amoonguss|22\/100\n|move|p2a: Amoonguss|Spore|p1a: Ceruledge\n|-status|p1a: Ceruledge|slp|[from] move: Spore\n|\n|-heal|p2a: Amoonguss|29\/100|[from] item: Leftovers\n|upkeep\n|turn|5\n|\n|t:|1700197746\n|switch|p2a: Torterra|Torterra, M, shiny|100\/100\n|-damage|p2a: Torterra|84\/100|[from] Spikes\n|-status|p2a: Torterra|psn\n|cant|p1a: Ceruledge|slp\n|\n|-damage|p2a: Torterra|71\/100 psn|[from] psn\n|upkeep\n|turn|6\n|\n|t:|1700197755\n|cant|p1a: Ceruledge|slp\n|move|p2a: Torterra|Earthquake|p1a: Ceruledge\n|-supereffective|p1a: Ceruledge\n|-damage|p1a: Ceruledge|0 fnt\n|faint|p1a: Ceruledge\n|\n|-damage|p2a: Torterra|59\/100 psn|[from] psn\n|upkeep\n|\n|t:|1700197764\n|switch|p1a: Toxapex|Toxapex, F|100\/100\n|turn|7\n|\n|t:|1700197771\n|move|p1a: Toxapex|Baneful Bunker|p1a: Toxapex\n|-singleturn|p1a: Toxapex|move: Protect\n|move|p2a: Torterra|Shell Smash|p2a: Torterra\n|-unboost|p2a: Torterra|def|1\n|-unboost|p2a: Torterra|spd|1\n|-boost|p2a: Torterra|atk|2\n|-boost|p2a: Torterra|spa|2\n|-boost|p2a: Torterra|spe|2\n|-enditem|p2a: Torterra|White Herb\n|-clearnegativeboost|p2a: Torterra|[silent]\n|\n|-damage|p2a: Torterra|47\/100 psn|[from] psn\n|upkeep\n|turn|8\n|\n|t:|1700197789\n|move|p2a: Torterra|Earthquake|p1a: Toxapex\n|-supereffective|p1a: Toxapex\n|-damage|p1a: Toxapex|0 fnt\n|faint|p1a: Toxapex\n|\n|-damage|p2a: Torterra|34\/100 psn|[from] psn\n|upkeep\n|\n|t:|1700197797\n|switch|p1a: Lucario|Lucario, F|100\/100\n|turn|9\n|\n|t:|1700197803\n|move|p1a: Lucario|Extreme Speed|p2a: Torterra\n|-damage|p2a: Torterra|9\/100 psn\n|move|p2a: Torterra|Earthquake|p1a: Lucario\n|-supereffective|p1a: Lucario\n|-damage|p1a: Lucario|0 fnt\n|faint|p1a: Lucario\n|\n|-damage|p2a: Torterra|0 fnt|[from] psn\n|faint|p2a: Torterra\n|upkeep\n|c|\u2606Imanjoneser|Torterra you did absolutely amazing\n|c|\u2606Imanjoneser|Original Tera as I keep saying lol\n|\n|t:|1700197829\n|switch|p1a: Dragapult|Dragapult, M|100\/100\n|switch|p2a: Amoonguss|Amoonguss, M, shiny|62\/100\n|-damage|p2a: Amoonguss|45\/100|[from] Spikes\n|-sideend|p2: Imanjoneser|move: Toxic Spikes|[of] p2a: Amoonguss\n|turn|10\n|l|\u2606Kayleb1718\n|inactive|Kayleb1718 disconnected and has a minute to reconnect!\n|player|p1|\n|j|\u2606Kayleb1718\n|inactive|Kayleb1718 reconnected and has 125 seconds left.\n|player|p1|Kayleb1718|lucas-gen4pt\n|inactive|Kayleb1718 has 120 seconds left.\n|c|\u2606Imanjoneser|You back?\n|\n|t:|1700197860\n|move|p1a: Dragapult|Dragon Darts|p2a: Amoonguss\n|-damage|p2a: Amoonguss|26\/100\n|-anim|p1a: Dragapult|Dragon Darts|p2a: Amoonguss\n|-damage|p2a: Amoonguss|6\/100\n|move|p2a: Amoonguss|Synthesis|p2a: Amoonguss\n|-heal|p2a: Amoonguss|56\/100\n|\n|-heal|p2a: Amoonguss|63\/100|[from] item: Leftovers\n|upkeep\n|turn|11\n|inactive|Kayleb1718 has 120 seconds left.\n|\n|t:|1700197870\n|switch|p2a: Chesnaught|Chesnaught, M, shiny|100\/100\n|-damage|p2a: Chesnaught|84\/100|[from] Spikes\n|move|p1a: Dragapult|Shadow Ball|p2a: Chesnaught\n|-damage|p2a: Chesnaught|49\/100\n|\n|upkeep\n|turn|12\n|inactive|Kayleb1718 has 120 seconds left.\n|\n|t:|1700197885\n|move|p1a: Dragapult|Dragon Darts|p2a: Chesnaught\n|-damage|p2a: Chesnaught|32\/100\n|-anim|p1a: Dragapult|Dragon Darts|p2a: Chesnaught\n|-damage|p2a: Chesnaught|14\/100\n|move|p2a: Chesnaught|Leech Seed|p1a: Dragapult\n|-start|p1a: Dragapult|move: Leech Seed\n|\n|-damage|p1a: Dragapult|88\/100|[from] Leech Seed|[of] p2a: Chesnaught\n|-heal|p2a: Chesnaught|26\/100|[silent]\n|upkeep\n|turn|13\n|inactive|Kayleb1718 has 120 seconds left.\n|\n|t:|1700197903\n|switch|p2a: Amoonguss|Amoonguss, M, shiny|96\/100\n|-damage|p2a: Amoonguss|79\/100|[from] Spikes\n|move|p1a: Dragapult|Shadow Ball|p2a: Amoonguss\n|-damage|p2a: Amoonguss|53\/100\n|-unboost|p2a: Amoonguss|spd|1\n|\n|-heal|p1a: Dragapult|94\/100|[from] item: Leftovers\n|-heal|p2a: Amoonguss|59\/100|[from] item: Leftovers\n|-damage|p1a: Dragapult|82\/100|[from] Leech Seed|[of] p2a: Amoonguss\n|-heal|p2a: Amoonguss|68\/100|[silent]\n|upkeep\n|turn|14\n|inactive|Kayleb1718 has 120 seconds left.\n|c|\u2606Kayleb1718|Ya\n|\n|t:|1700197918\n|move|p1a: Dragapult|Shadow Ball|p2a: Amoonguss\n|-damage|p2a: Amoonguss|35\/100\n|-unboost|p2a: Amoonguss|spd|1\n|move|p2a: Amoonguss|Spore|p1a: Dragapult\n|-status|p1a: Dragapult|slp|[from] move: Spore\n|\n|-heal|p1a: Dragapult|88\/100 slp|[from] item: Leftovers\n|-heal|p2a: Amoonguss|41\/100|[from] item: Leftovers\n|-damage|p1a: Dragapult|76\/100 slp|[from] Leech Seed|[of] p2a: Amoonguss\n|-heal|p2a: Amoonguss|50\/100|[silent]\n|upkeep\n|turn|15\n|inactive|Kayleb1718 has 120 seconds left.\n|\n|t:|1700197932\n|switch|p2a: Chesnaught|Chesnaught, M, shiny|26\/100\n|-damage|p2a: Chesnaught|10\/100|[from] Spikes\n|cant|p1a: Dragapult|slp\n|\n|-heal|p1a: Dragapult|82\/100 slp|[from] item: Leftovers\n|-damage|p1a: Dragapult|69\/100 slp|[from] Leech Seed|[of] p2a: Chesnaught\n|-heal|p2a: Chesnaught|22\/100|[silent]\n|upkeep\n|turn|16\n|\n|t:|1700197942\n|cant|p1a: Dragapult|slp\n|move|p2a: Chesnaught|Knock Off|p1a: Dragapult\n|-supereffective|p1a: Dragapult\n|-damage|p1a: Dragapult|0 fnt\n|-enditem|p1a: Dragapult|Leftovers|[from] move: Knock Off|[of] p2a: Chesnaught\n|faint|p1a: Dragapult\n|\n|upkeep\n|\n|t:|1700197949\n|switch|p1a: Kingambit|Kingambit, M|100\/100\n|-activate|p1a: Kingambit|ability: Supreme Overlord\n|-start|p1a: Kingambit|fallen5|[silent]\n|turn|17\n|\n|t:|1700197957\n|move|p1a: Kingambit|Sucker Punch|p2a: Chesnaught\n|-resisted|p2a: Chesnaught\n|-damage|p2a: Chesnaught|3\/100\n|-damage|p1a: Kingambit|84\/100|[from] item: Rocky Helmet|[of] p2a: Chesnaught\n|move|p2a: Chesnaught|Drain Punch|p1a: Kingambit\n|-supereffective|p1a: Kingambit\n|-damage|p1a: Kingambit|0 fnt\n|-heal|p2a: Chesnaught|48\/100|[from] drain|[of] p1a: Kingambit\n|faint|p1a: Kingambit\n|-end|p1a: Kingambit|fallen5|[silent]\n|\n|win|Imanjoneser\n|raw|Kayleb1718's rating: 1000 &rarr; <strong>1000<\/strong><br \/>(+0 for losing)\n|raw|Imanjoneser's rating: 1102 &rarr; <strong>1120<\/strong><br \/>(+18 for winning)\n|c|\u2606Imanjoneser|gg!\n|c|\u2606Kayleb1718|Ggs\n","uploadtime":1700197968,"views":17,"p1id":"kayleb1718","p2id":"imanjoneser","formatid":"gen9ou","rating":1000,"private":0,"password":""}