{"id":"gen9ou-1993279782","p1":"Awinbell","p2":"TheZalmancer","format":"[Gen 9] OU","log":"|j|\u2606Awinbell\n|j|\u2606TheZalmancer\n|t:|1700289301\n|gametype|singles\n|player|p1|Awinbell|102|1153\n|player|p2|TheZalmancer|skyla|1112\n|teamsize|p1|6\n|teamsize|p2|6\n|gen|9\n|tier|[Gen 9] OU\n|rated|\n|rule|Sleep Clause Mod: Limit one foe put to sleep\n|rule|Species Clause: Limit one of each Pok\u00e9mon\n|rule|OHKO Clause: OHKO moves are banned\n|rule|Evasion Items Clause: Evasion items are banned\n|rule|Evasion Moves Clause: Evasion moves are banned\n|rule|Endless Battle Clause: Forcing endless battles is banned\n|rule|HP Percentage Mod: HP is shown in percentages\n|clearpoke\n|poke|p1|Salazzle, F|\n|poke|p1|Glimmora, M|\n|poke|p1|Gengar, M|\n|poke|p1|Garganacl, F|\n|poke|p1|Garchomp, M|\n|poke|p1|Sandaconda, F|\n|poke|p2|Ogerpon-Wellspring, F|\n|poke|p2|Ninetales-Alola, F|\n|poke|p2|Corviknight, F|\n|poke|p2|Manaphy|\n|poke|p2|Enamorus, F|\n|poke|p2|Ditto|\n|teampreview\n|j| ornd277\n|l| ornd277\n|\n|t:|1700289313\n|start\n|switch|p1a: Salazzle|Salazzle, F|100\/100\n|switch|p2a: Corviknight|Corviknight, F, shiny|100\/100\n|turn|1\n|\n|t:|1700289322\n|move|p2a: Corviknight|Protect|p2a: Corviknight\n|-singleturn|p2a: Corviknight|Protect\n|move|p1a: Salazzle|Overheat|p2a: Corviknight\n|-activate|p2a: Corviknight|move: Protect\n|\n|upkeep\n|turn|2\n|\n|t:|1700289334\n|switch|p2a: Manaphy|Manaphy|100\/100\n|move|p1a: Salazzle|Toxic|p2a: Manaphy\n|-status|p2a: Manaphy|tox\n|\n|-damage|p2a: Manaphy|94\/100 tox|[from] psn\n|upkeep\n|turn|3\n|\n|t:|1700289342\n|switch|p1a: Gengar|Gengar, M|100\/100\n|-item|p1a: Gengar|Air Balloon\n|move|p2a: Manaphy|Scald|p1a: Gengar\n|-damage|p1a: Gengar|58\/100\n|-start|p2a: Manaphy|Disable|Scald|[from] ability: Cursed Body|[of] p1a: Gengar\n|-enditem|p1a: Gengar|Air Balloon\n|\n|-heal|p2a: Manaphy|100\/100 tox|[from] item: Leftovers\n|-damage|p2a: Manaphy|88\/100 tox|[from] psn\n|upkeep\n|turn|4\n|\n|t:|1700289357\n|switch|p2a: Corviknight|Corviknight, F, shiny|100\/100\n|move|p1a: Gengar|Perish Song|p1a: Gengar\n|-start|p1a: Gengar|perish3|[silent]\n|-start|p2a: Corviknight|perish3|[silent]\n|-fieldactivate|move: Perish Song\n|\n|-start|p1a: Gengar|perish3\n|-start|p2a: Corviknight|perish3\n|upkeep\n|turn|5\n|\n|t:|1700289369\n|switch|p2a: Ninetales|Ninetales-Alola, F, shiny|100\/100\n|-weather|Snow|[from] ability: Snow Warning|[of] p2a: Ninetales\n|move|p1a: Gengar|Mean Look|p2a: Ninetales\n|-activate|p2a: Ninetales|trapped\n|\n|-weather|Snow|[upkeep]\n|-start|p1a: Gengar|perish2\n|upkeep\n|turn|6\n|\n|t:|1700289382\n|move|p1a: Gengar|Curse|p2a: Ninetales\n|-start|p2a: Ninetales|Curse|[of] p1a: Gengar\n|-damage|p1a: Gengar|8\/100\n|move|p2a: Ninetales|Aurora Veil|p2a: Ninetales\n|-sidestart|p2: TheZalmancer|move: Aurora Veil\n|\n|-weather|Snow|[upkeep]\n|-damage|p2a: Ninetales|76\/100|[from] Curse\n|-start|p1a: Gengar|perish1\n|upkeep\n|turn|7\n|\n|t:|1700289390\n|switch|p1a: Salazzle|Salazzle, F|100\/100\n|move|p2a: Ninetales|Hypnosis|p1a: Salazzle\n|-status|p1a: Salazzle|slp|[from] move: Hypnosis\n|\n|-weather|Snow|[upkeep]\n|-damage|p2a: Ninetales|51\/100|[from] Curse\n|upkeep\n|turn|8\n|\n|t:|1700289398\n|cant|p1a: Salazzle|slp\n|move|p2a: Ninetales|Encore||[still]\n|-fail|p2a: Ninetales\n|\n|-weather|Snow|[upkeep]\n|-damage|p2a: Ninetales|26\/100|[from] Curse\n|upkeep\n|turn|9\n|\n|t:|1700289404\n|cant|p1a: Salazzle|slp\n|move|p2a: Ninetales|Encore||[still]\n|-fail|p2a: Ninetales\n|\n|-weather|none\n|-damage|p2a: Ninetales|1\/100|[from] Curse\n|upkeep\n|turn|10\n|\n|t:|1700289409\n|cant|p1a: Salazzle|slp\n|move|p2a: Ninetales|Encore||[still]\n|-fail|p2a: Ninetales\n|\n|-damage|p2a: Ninetales|0 fnt|[from] Curse\n|faint|p2a: Ninetales\n|upkeep\n|\n|t:|1700289423\n|switch|p2a: Enamorus|Enamorus, F|100\/100\n|turn|11\n|\n|t:|1700289430\n|-curestatus|p1a: Salazzle|slp|[msg]\n|move|p1a: Salazzle|Toxic|p2a: Enamorus\n|-status|p2a: Enamorus|tox\n|move|p2a: Enamorus|Superpower|p1a: Salazzle\n|-resisted|p1a: Salazzle\n|-damage|p1a: Salazzle|55\/100\n|-boost|p2a: Enamorus|atk|1\n|-boost|p2a: Enamorus|def|1\n|\n|-damage|p2a: Enamorus|94\/100 tox|[from] psn\n|upkeep\n|turn|12\n|\n|t:|1700289440\n|move|p1a: Salazzle|Venoshock|p2a: Enamorus\n|-supereffective|p2a: Enamorus\n|-damage|p2a: Enamorus|39\/100 tox\n|move|p2a: Enamorus|Zen Headbutt|p1a: Salazzle\n|-supereffective|p1a: Salazzle\n|-damage|p1a: Salazzle|0 fnt\n|faint|p1a: Salazzle\n|\n|-damage|p2a: Enamorus|27\/100 tox|[from] psn\n|upkeep\n|\n|t:|1700289447\n|switch|p1a: Glimmora|Glimmora, M|100\/100\n|turn|13\n|\n|t:|1700289450\n|move|p1a: Glimmora|Spiky Shield|p1a: Glimmora\n|-singleturn|p1a: Glimmora|move: Protect\n|move|p2a: Enamorus|Iron Head|p1a: Glimmora\n|-activate|p1a: Glimmora|move: Protect\n|-damage|p2a: Enamorus|14\/100 tox|[from] Spiky Shield|[of] p1a: Glimmora\n|\n|-damage|p2a: Enamorus|0 fnt|[from] psn\n|faint|p2a: Enamorus\n|-sideend|p2: TheZalmancer|move: Aurora Veil\n|upkeep\n|\n|t:|1700289461\n|switch|p2a: Corviknight|Corviknight, F, shiny|100\/100\n|turn|14\n|\n|t:|1700289465\n|move|p1a: Glimmora|Confuse Ray|p2a: Corviknight\n|-start|p2a: Corviknight|confusion\n|-activate|p2a: Corviknight|confusion\n|-damage|p2a: Corviknight|95\/100|[from] confusion\n|\n|-heal|p2a: Corviknight|100\/100|[from] item: Leftovers\n|upkeep\n|turn|15\n|\n|t:|1700289472\n|switch|p1a: Garchomp|Garchomp, M|100\/100\n|-activate|p2a: Corviknight|confusion\n|move|p2a: Corviknight|Iron Head|p1a: Garchomp\n|-damage|p1a: Garchomp|78\/100\n|-damage|p2a: Corviknight|88\/100|[from] ability: Rough Skin|[of] p1a: Garchomp\n|-damage|p2a: Corviknight|71\/100|[from] item: Rocky Helmet|[of] p1a: Garchomp\n|\n|-heal|p2a: Corviknight|78\/100|[from] item: Leftovers\n|upkeep\n|turn|16\n|\n|t:|1700289483\n|switch|p2a: Manaphy|Manaphy|88\/100 tox\n|move|p1a: Garchomp|Stealth Rock|p2a: Manaphy\n|-sidestart|p2: TheZalmancer|move: Stealth Rock\n|\n|-heal|p2a: Manaphy|94\/100 tox|[from] item: Leftovers\n|-damage|p2a: Manaphy|88\/100 tox|[from] psn\n|upkeep\n|turn|17\n|\n|t:|1700289494\n|move|p2a: Manaphy|Scald|p1a: Garchomp\n|-damage|p1a: Garchomp|48\/100\n|-status|p1a: Garchomp|brn\n|move|p1a: Garchomp|Dragon Tail|p2a: Manaphy\n|-damage|p2a: Manaphy|75\/100 tox\n|drag|p2a: Ditto|Ditto, shiny|100\/100\n|-damage|p2a: Ditto|88\/100|[from] Stealth Rock\n|-transform|p2a: Ditto|p1a: Garchomp|[from] ability: Imposter\n|\n|-damage|p1a: Garchomp|42\/100 brn|[from] brn\n|upkeep\n|turn|18\n|\n|t:|1700289515\n|switch|p1a: Gengar|Gengar, M|8\/100\n|move|p2a: Ditto|Spikes|p1a: Gengar\n|-sidestart|p1: Awinbell|Spikes\n|\n|upkeep\n|turn|19\n|\n|t:|1700289535\n|switch|p2a: Corviknight|Corviknight, F, shiny|78\/100\n|-damage|p2a: Corviknight|65\/100|[from] Stealth Rock\n|move|p1a: Gengar|Mean Look|p2a: Corviknight\n|-activate|p2a: Corviknight|trapped\n|\n|-heal|p2a: Corviknight|71\/100|[from] item: Leftovers\n|upkeep\n|turn|20\n|\n|t:|1700289544\n|move|p1a: Gengar|Perish Song|p1a: Gengar\n|-start|p1a: Gengar|perish3|[silent]\n|-start|p2a: Corviknight|perish3|[silent]\n|-fieldactivate|move: Perish Song\n|move|p2a: Corviknight|Iron Head|p1a: Gengar\n|-damage|p1a: Gengar|0 fnt\n|-start|p2a: Corviknight|Disable|Iron Head|[from] ability: Cursed Body|[of] p1a: Gengar\n|faint|p1a: Gengar\n|\n|-heal|p2a: Corviknight|78\/100|[from] item: Leftovers\n|-start|p2a: Corviknight|perish3\n|upkeep\n|\n|t:|1700289547\n|switch|p1a: Garganacl|Garganacl, F|100\/100\n|-item|p1a: Garganacl|Air Balloon\n|turn|21\n|\n|t:|1700289555\n|move|p2a: Corviknight|U-turn|p1a: Garganacl\n|-damage|p1a: Garganacl|93\/100\n|-enditem|p1a: Garganacl|Air Balloon\n|\n|t:|1700289563\n|switch|p2a: Manaphy|Manaphy|75\/100 tox|[from] U-turn\n|-damage|p2a: Manaphy|62\/100 tox|[from] Stealth Rock\n|move|p1a: Garganacl|Block|p2a: Manaphy\n|-activate|p2a: Manaphy|trapped\n|\n|-heal|p2a: Manaphy|69\/100 tox|[from] item: Leftovers\n|-damage|p2a: Manaphy|62\/100 tox|[from] psn\n|upkeep\n|turn|22\n|\n|t:|1700289572\n|switch|p1a: Garchomp|Garchomp, M|42\/100 brn\n|-damage|p1a: Garchomp|30\/100 brn|[from] Spikes\n|move|p2a: Manaphy|Tail Glow|p2a: Manaphy\n|-boost|p2a: Manaphy|spa|3\n|\n|-heal|p2a: Manaphy|69\/100 tox|[from] item: Leftovers\n|-damage|p2a: Manaphy|56\/100 tox|[from] psn\n|-damage|p1a: Garchomp|23\/100 brn|[from] brn\n|upkeep\n|turn|23\n|\n|t:|1700289582\n|move|p1a: Garchomp|Endure|p1a: Garchomp\n|-singleturn|p1a: Garchomp|move: Endure\n|move|p2a: Manaphy|Scald|p1a: Garchomp\n|-crit|p1a: Garchomp\n|-activate|p1a: Garchomp|move: Endure\n|-damage|p1a: Garchomp|1\/100 brn\n|\n|-heal|p2a: Manaphy|62\/100 tox|[from] item: Leftovers\n|-damage|p2a: Manaphy|44\/100 tox|[from] psn\n|-damage|p1a: Garchomp|0 fnt|[from] brn\n|faint|p1a: Garchomp\n|upkeep\n|\n|t:|1700289585\n|switch|p1a: Glimmora|Glimmora, M|100\/100\n|-damage|p1a: Glimmora|88\/100|[from] Spikes\n|turn|24\n|\n|t:|1700289597\n|move|p1a: Glimmora|Spiky Shield|p1a: Glimmora\n|-singleturn|p1a: Glimmora|move: Protect\n|move|p2a: Manaphy|Tail Glow|p2a: Manaphy\n|-boost|p2a: Manaphy|spa|3\n|\n|-heal|p2a: Manaphy|50\/100 tox|[from] item: Leftovers\n|-damage|p2a: Manaphy|25\/100 tox|[from] psn\n|upkeep\n|turn|25\n|\n|t:|1700289605\n|move|p2a: Manaphy|Scald|p1a: Glimmora\n|-supereffective|p1a: Glimmora\n|-damage|p1a: Glimmora|0 fnt\n|faint|p1a: Glimmora\n|\n|-heal|p2a: Manaphy|32\/100 tox|[from] item: Leftovers\n|-damage|p2a: Manaphy|1\/100 tox|[from] psn\n|upkeep\n|\n|t:|1700289609\n|switch|p1a: Sandaconda|Sandaconda, F|100\/100\n|-damage|p1a: Sandaconda|88\/100|[from] Spikes\n|turn|26\n|\n|t:|1700289617\n|move|p2a: Manaphy|Energy Ball|p1a: Sandaconda\n|-supereffective|p1a: Sandaconda\n|-damage|p1a: Sandaconda|0 fnt\n|faint|p1a: Sandaconda\n|\n|-heal|p2a: Manaphy|7\/100 tox|[from] item: Leftovers\n|-damage|p2a: Manaphy|0 fnt|[from] psn\n|faint|p2a: Manaphy\n|upkeep\n|-message|Awinbell forfeited.\n|\n|win|TheZalmancer\n|raw|Awinbell's rating: 1153 &rarr; <strong>1125<\/strong><br \/>(-28 for losing)\n|raw|TheZalmancer's rating: 1112 &rarr; <strong>1140<\/strong><br \/>(+28 for winning)\n|l|\u2606Awinbell\n|c|\u2606TheZalmancer|ggs\n|c|\u2606TheZalmancer|aww\n|c|\u2606TheZalmancer|You mad?\n","uploadtime":1700289641,"views":11,"p1id":"awinbell","p2id":"thezalmancer","formatid":"gen9ou","rating":1125,"private":0,"password":""}