{"id":"gen9ou-1993173765","p1":"ratatta17","p2":"Sauskepowersa","format":"[Gen 9] OU","log":"|j|\u2606ratatta17\n|j|\u2606Sauskepowersa\n|t:|1700273790\n|gametype|singles\n|player|p1|ratatta17|265|1606\n|player|p2|Sauskepowersa|cynthia|1556\n|teamsize|p1|6\n|teamsize|p2|6\n|gen|9\n|tier|[Gen 9] OU\n|rated|\n|rule|Sleep Clause Mod: Limit one foe put to sleep\n|rule|Species Clause: Limit one of each Pok\u00e9mon\n|rule|OHKO Clause: OHKO moves are banned\n|rule|Evasion Items Clause: Evasion items are banned\n|rule|Evasion Moves Clause: Evasion moves are banned\n|rule|Endless Battle Clause: Forcing endless battles is banned\n|rule|HP Percentage Mod: HP is shown in percentages\n|clearpoke\n|poke|p1|Azumarill, F|\n|poke|p1|Staraptor, F|\n|poke|p1|Toedscruel, M|\n|poke|p1|Skeledirge, M|\n|poke|p1|Ninetales-Alola, F|\n|poke|p1|Iron Valiant|\n|poke|p2|Azumarill, F|\n|poke|p2|Gholdengo|\n|poke|p2|Cinderace, M|\n|poke|p2|Iron Valiant|\n|poke|p2|Ogerpon-Cornerstone, F|\n|poke|p2|Garchomp, F|\n|teampreview\n|inactive|Battle timer is ON: inactive players will automatically lose when time's up. (requested by Sauskepowersa)\n|\n|t:|1700273797\n|start\n|switch|p1a: Staraptor|Staraptor, F|100\/100\n|switch|p2a: Cinderace|Cinderace, M|100\/100\n|-ability|p1a: Staraptor|Intimidate|boost\n|-unboost|p2a: Cinderace|atk|1\n|turn|1\n|\n|t:|1700273802\n|switch|p2a: Garchomp|Garchomp, F|100\/100\n|move|p1a: Staraptor|Final Gambit|p2a: Garchomp\n|-damage|p2a: Garchomp|11\/100\n|faint|p1a: Staraptor\n|\n|upkeep\n|j| FatherSuperior7\n|\n|t:|1700273807\n|switch|p1a: Ninetales|Ninetales-Alola, F|100\/100\n|-weather|Snow|[from] ability: Snow Warning|[of] p1a: Ninetales\n|turn|2\n|\n|t:|1700273809\n|move|p1a: Ninetales|Ice Shard|p2a: Garchomp\n|-supereffective|p2a: Garchomp\n|-damage|p2a: Garchomp|0 fnt\n|faint|p2a: Garchomp\n|\n|-weather|Snow|[upkeep]\n|upkeep\n|\n|t:|1700273813\n|switch|p2a: Gholdengo|Gholdengo|100\/100\n|turn|3\n|\n|t:|1700273815\n|switch|p1a: Toedscruel|Toedscruel, M|100\/100\n|move|p2a: Gholdengo|Make It Rain|p1a: Toedscruel\n|-damage|p1a: Toedscruel|22\/100\n|-unboost|p2a: Gholdengo|spa|1\n|\n|-weather|Snow|[upkeep]\n|-heal|p1a: Toedscruel|28\/100|[from] item: Leftovers\n|upkeep\n|turn|4\n|\n|t:|1700273818\n|move|p2a: Gholdengo|Make It Rain|p1a: Toedscruel\n|-damage|p1a: Toedscruel|0 fnt\n|-unboost|p2a: Gholdengo|spa|1\n|faint|p1a: Toedscruel\n|\n|-weather|Snow|[upkeep]\n|upkeep\n|\n|t:|1700273825\n|switch|p1a: Skeledirge|Skeledirge, M|100\/100\n|turn|5\n|\n|t:|1700273832\n|switch|p2a: Ogerpon|Ogerpon-Cornerstone, F|100\/100\n|move|p1a: Skeledirge|Will-O-Wisp|p2a: Ogerpon\n|-status|p2a: Ogerpon|brn\n|\n|-weather|Snow|[upkeep]\n|-damage|p2a: Ogerpon|95\/100 brn|[from] brn\n|upkeep\n|turn|6\n|\n|t:|1700273843\n|move|p2a: Ogerpon|Horn Leech|p1a: Skeledirge\n|-resisted|p1a: Skeledirge\n|-damage|p1a: Skeledirge|92\/100\n|-heal|p2a: Ogerpon|100\/100 brn|[from] drain|[of] p1a: Skeledirge\n|move|p1a: Skeledirge|Torch Song|p2a: Ogerpon\n|-damage|p2a: Ogerpon|67\/100 brn\n|-boost|p1a: Skeledirge|spa|1\n|\n|-weather|none\n|-heal|p1a: Skeledirge|98\/100|[from] item: Leftovers\n|-damage|p2a: Ogerpon|61\/100 brn|[from] brn\n|upkeep\n|turn|7\n|\n|t:|1700273847\n|move|p2a: Ogerpon|Ivy Cudgel|p1a: Skeledirge|[anim] Ivy Cudgel Rock\n|-supereffective|p1a: Skeledirge\n|-damage|p1a: Skeledirge|51\/100\n|move|p1a: Skeledirge|Torch Song|p2a: Ogerpon\n|-damage|p2a: Ogerpon|4\/100 brn\n|-boost|p1a: Skeledirge|spa|1\n|\n|-heal|p1a: Skeledirge|58\/100|[from] item: Leftovers\n|-damage|p2a: Ogerpon|0 fnt|[from] brn\n|faint|p2a: Ogerpon\n|upkeep\n|\n|t:|1700273850\n|switch|p2a: Gholdengo|Gholdengo|100\/100\n|turn|8\n|\n|t:|1700273853\n|-terastallize|p1a: Skeledirge|Dragon\n|move|p2a: Gholdengo|Shadow Ball|p1a: Skeledirge\n|-damage|p1a: Skeledirge|9\/100\n|-unboost|p1a: Skeledirge|spd|1\n|move|p1a: Skeledirge|Torch Song|p2a: Gholdengo\n|-supereffective|p2a: Gholdengo\n|-damage|p2a: Gholdengo|0 fnt\n|-boost|p1a: Skeledirge|spa|1\n|faint|p2a: Gholdengo\n|\n|-heal|p1a: Skeledirge|15\/100|[from] item: Leftovers\n|upkeep\n|\n|t:|1700273860\n|switch|p2a: Cinderace|Cinderace, M|100\/100\n|turn|9\n|\n|t:|1700273863\n|move|p2a: Cinderace|U-turn|p1a: Skeledirge\n|-start|p2a: Cinderace|typechange|Bug|[from] ability: Libero\n|-damage|p1a: Skeledirge|0 fnt\n|faint|p1a: Skeledirge\n|\n|t:|1700273865\n|switch|p2a: Azumarill|Azumarill, F|100\/100|[from] U-turn\n|\n|upkeep\n|\n|t:|1700273874\n|switch|p1a: Ninetales|Ninetales-Alola, F|100\/100\n|-weather|Snow|[from] ability: Snow Warning|[of] p1a: Ninetales\n|turn|10\n|\n|t:|1700273877\n|switch|p2a: Cinderace|Cinderace, M|100\/100\n|move|p1a: Ninetales|Aurora Veil|p1a: Ninetales\n|-sidestart|p1: ratatta17|move: Aurora Veil\n|\n|-weather|Snow|[upkeep]\n|upkeep\n|turn|11\n|\n|t:|1700273879\n|move|p2a: Cinderace|Court Change|p2a: Cinderace\n|-start|p2a: Cinderace|typechange|Normal|[from] ability: Libero\n|-swapsideconditions\n|-activate|p2a: Cinderace|move: Court Change\n|move|p1a: Ninetales|Encore|p2a: Cinderace\n|-start|p2a: Cinderace|Encore\n|\n|-weather|Snow|[upkeep]\n|upkeep\n|turn|12\n|\n|t:|1700273883\n|switch|p2a: Azumarill|Azumarill, F|100\/100\n|move|p1a: Ninetales|Aurora Veil|p1a: Ninetales\n|-sidestart|p1: ratatta17|move: Aurora Veil\n|\n|-weather|Snow|[upkeep]\n|upkeep\n|turn|13\n|\n|t:|1700273886\n|switch|p2a: Cinderace|Cinderace, M|100\/100\n|move|p1a: Ninetales|Freeze-Dry|p2a: Cinderace\n|-resisted|p2a: Cinderace\n|-damage|p2a: Cinderace|93\/100\n|\n|-weather|Snow|[upkeep]\n|upkeep\n|turn|14\n|\n|t:|1700273891\n|move|p2a: Cinderace|Court Change|p2a: Cinderace\n|-start|p2a: Cinderace|typechange|Normal|[from] ability: Libero\n|-swapsideconditions\n|-activate|p2a: Cinderace|move: Court Change\n|move|p1a: Ninetales|Encore|p2a: Cinderace\n|-start|p2a: Cinderace|Encore\n|\n|-weather|none\n|upkeep\n|turn|15\n|\n|t:|1700273897\n|switch|p2a: Azumarill|Azumarill, F|100\/100\n|move|p1a: Ninetales|Freeze-Dry|p2a: Azumarill\n|-supereffective|p2a: Azumarill\n|-damage|p2a: Azumarill|87\/100\n|\n|upkeep\n|turn|16\n|\n|t:|1700273899\n|switch|p2a: Cinderace|Cinderace, M|93\/100\n|move|p1a: Ninetales|Freeze-Dry|p2a: Cinderace\n|-resisted|p2a: Cinderace\n|-damage|p2a: Cinderace|86\/100\n|\n|upkeep\n|turn|17\n|\n|t:|1700273903\n|move|p2a: Cinderace|Pyro Ball|p1a: Ninetales\n|-supereffective|p1a: Ninetales\n|-damage|p1a: Ninetales|34\/100\n|move|p1a: Ninetales|Encore|p2a: Cinderace\n|-start|p2a: Cinderace|Encore\n|\n|-sideend|p1: ratatta17|move: Aurora Veil\n|upkeep\n|turn|18\n|\n|t:|1700273908\n|move|p2a: Cinderace|Pyro Ball|p1a: Ninetales\n|-supereffective|p1a: Ninetales\n|-damage|p1a: Ninetales|0 fnt\n|faint|p1a: Ninetales\n|\n|upkeep\n|\n|t:|1700273918\n|switch|p1a: Azumarill|Azumarill, F|100\/100\n|turn|19\n|\n|t:|1700273922\n|switch|p2a: Azumarill|Azumarill, F|87\/100\n|move|p1a: Azumarill|Belly Drum|p1a: Azumarill\n|-damage|p1a: Azumarill|50\/100\n|-setboost|p1a: Azumarill|atk|6|[from] move: Belly Drum\n|-enditem|p1a: Azumarill|Sitrus Berry|[eat]\n|-heal|p1a: Azumarill|75\/100|[from] item: Sitrus Berry\n|\n|-sideend|p2: Sauskepowersa|move: Aurora Veil\n|upkeep\n|turn|20\n|\n|t:|1700273948\n|move|p2a: Azumarill|Play Rough|p1a: Azumarill\n|-damage|p1a: Azumarill|20\/100\n|move|p1a: Azumarill|Play Rough|p2a: Azumarill\n|-damage|p2a: Azumarill|0 fnt\n|faint|p2a: Azumarill\n|\n|upkeep\n|\n|t:|1700273959\n|switch|p2a: Iron Valiant|Iron Valiant|100\/100\n|-enditem|p2a: Iron Valiant|Booster Energy\n|-activate|p2a: Iron Valiant|ability: Quark Drive|[fromitem]\n|-start|p2a: Iron Valiant|quarkdrivespe\n|turn|21\n|\n|t:|1700273961\n|move|p1a: Azumarill|Aqua Jet|p2a: Iron Valiant\n|-crit|p2a: Iron Valiant\n|-damage|p2a: Iron Valiant|0 fnt\n|faint|p2a: Iron Valiant\n|-end|p2a: Iron Valiant|Quark Drive|[silent]\n|\n|upkeep\n|-message|Sauskepowersa forfeited.\n|\n|win|ratatta17\n|raw|ratatta17's rating: 1606 &rarr; <strong>1623<\/strong><br \/>(+17 for winning)\n|raw|Sauskepowersa's rating: 1556 &rarr; <strong>1539<\/strong><br \/>(-17 for losing)\n|l|\u2606Sauskepowersa\n","uploadtime":1700273968,"views":15,"p1id":"ratatta17","p2id":"sauskepowersa","formatid":"gen9ou","rating":1539,"private":0,"password":""}