{"id":"gen9ou-2000663061","p1":"C0LDBREW","p2":"cutman 96","format":"[Gen 9] OU","log":"|j|\u2606C0LDBREW\n|j|\u2606cutman 96\n|t:|1701216026\n|gametype|singles\n|player|p1|C0LDBREW|265|1387\n|player|p2|cutman 96|lyra|1396\n|teamsize|p1|6\n|teamsize|p2|6\n|gen|9\n|tier|[Gen 9] OU\n|rated|\n|rule|Sleep Clause Mod: Limit one foe put to sleep\n|rule|Species Clause: Limit one of each Pok\u00e9mon\n|rule|OHKO Clause: OHKO moves are banned\n|rule|Evasion Items Clause: Evasion items are banned\n|rule|Evasion Moves Clause: Evasion moves are banned\n|rule|Endless Battle Clause: Forcing endless battles is banned\n|rule|HP Percentage Mod: HP is shown in percentages\n|clearpoke\n|poke|p1|Iron Hands|\n|poke|p1|Ninetales-Alola, F|\n|poke|p1|Kingambit, F|\n|poke|p1|Ogerpon-Cornerstone, F|\n|poke|p1|Ceruledge, F|\n|poke|p1|Corviknight, F|\n|poke|p2|Samurott-Hisui, M|\n|poke|p2|Gholdengo|\n|poke|p2|Dragapult, F|\n|poke|p2|Rillaboom, F|\n|poke|p2|Hawlucha, F|\n|poke|p2|Dragonite, M|\n|teampreview\n|\n|t:|1701216033\n|start\n|switch|p1a: Ninetales|Ninetales-Alola, F, shiny|100\/100\n|switch|p2a: Samurott|Samurott-Hisui, M|100\/100\n|-weather|Snow|[from] ability: Snow Warning|[of] p1a: Ninetales\n|turn|1\n|inactive|Battle timer is ON: inactive players will automatically lose when time's up. (requested by C0LDBREW)\n|\n|t:|1701216038\n|move|p1a: Ninetales|Aurora Veil|p1a: Ninetales\n|-sidestart|p1: C0LDBREW|move: Aurora Veil\n|move|p2a: Samurott|Ceaseless Edge|p1a: Ninetales\n|-resisted|p1a: Ninetales\n|-damage|p1a: Ninetales|91\/100\n|-sidestart|p1: C0LDBREW|Spikes\n|\n|-weather|Snow|[upkeep]\n|upkeep\n|turn|2\n|\n|t:|1701216044\n|move|p1a: Ninetales|Moonblast|p2a: Samurott\n|-supereffective|p2a: Samurott\n|-damage|p2a: Samurott|7\/100\n|move|p2a: Samurott|Razor Shell|p1a: Ninetales\n|-damage|p1a: Ninetales|67\/100\n|-unboost|p1a: Ninetales|def|1\n|\n|-weather|Snow|[upkeep]\n|upkeep\n|turn|3\n|\n|t:|1701216053\n|switch|p2a: Gholdengo|Gholdengo|100\/100\n|move|p1a: Ninetales|Moonblast|p2a: Gholdengo\n|-resisted|p2a: Gholdengo\n|-damage|p2a: Gholdengo|86\/100\n|\n|-weather|Snow|[upkeep]\n|-heal|p2a: Gholdengo|92\/100|[from] item: Leftovers\n|upkeep\n|turn|4\n|\n|t:|1701216063\n|switch|p1a: Kingambit|Kingambit, F, shiny|100\/100\n|-damage|p1a: Kingambit|88\/100|[from] Spikes\n|move|p2a: Gholdengo|Thunder Wave|p1a: Kingambit\n|-status|p1a: Kingambit|par\n|\n|-weather|Snow|[upkeep]\n|-heal|p2a: Gholdengo|98\/100|[from] item: Leftovers\n|-heal|p1a: Kingambit|94\/100 par|[from] item: Leftovers\n|upkeep\n|turn|5\n|inactive|C0LDBREW has 120 seconds left.\n|\n|t:|1701216094\n|switch|p2a: Rillaboom|Rillaboom, F|100\/100\n|-fieldstart|move: Grassy Terrain|[from] ability: Grassy Surge|[of] p2a: Rillaboom\n|move|p1a: Kingambit|Kowtow Cleave|p2a: Rillaboom\n|-damage|p2a: Rillaboom|56\/100\n|\n|-weather|none\n|-heal|p2a: Rillaboom|62\/100|[from] Grassy Terrain\n|-heal|p1a: Kingambit|100\/100 par|[from] Grassy Terrain\n|upkeep\n|turn|6\n|\n|t:|1701216103\n|-end|p1a: Kingambit|fallenundefined|[silent]\n|switch|p1a: Corviknight|Corviknight, F, shiny|100\/100\n|move|p2a: Rillaboom|U-turn|p1a: Corviknight\n|-resisted|p1a: Corviknight\n|-damage|p1a: Corviknight|99\/100\n|-damage|p2a: Rillaboom|45\/100|[from] item: Rocky Helmet|[of] p1a: Corviknight\n|\n|t:|1701216111\n|switch|p2a: Gholdengo|Gholdengo|98\/100|[from] U-turn\n|\n|-heal|p2a: Gholdengo|100\/100|[from] Grassy Terrain\n|upkeep\n|turn|7\n|\n|t:|1701216119\n|switch|p1a: Kingambit|Kingambit, F, shiny|100\/100 par\n|-damage|p1a: Kingambit|88\/100 par|[from] Spikes\n|move|p2a: Gholdengo|Hex|p1a: Kingambit\n|-resisted|p1a: Kingambit\n|-damage|p1a: Kingambit|74\/100 par\n|\n|-heal|p1a: Kingambit|80\/100 par|[from] Grassy Terrain\n|-heal|p1a: Kingambit|86\/100 par|[from] item: Leftovers\n|upkeep\n|turn|8\n|\n|t:|1701216126\n|switch|p2a: Rillaboom|Rillaboom, F|45\/100\n|cant|p1a: Kingambit|par\n|\n|-heal|p2a: Rillaboom|52\/100|[from] Grassy Terrain\n|-heal|p1a: Kingambit|92\/100 par|[from] Grassy Terrain\n|-heal|p1a: Kingambit|99\/100 par|[from] item: Leftovers\n|-sideend|p1: C0LDBREW|move: Aurora Veil\n|upkeep\n|turn|9\n|\n|t:|1701216131\n|move|p2a: Rillaboom|Leech Seed|p1a: Kingambit\n|-start|p1a: Kingambit|move: Leech Seed\n|cant|p1a: Kingambit|par\n|\n|-heal|p2a: Rillaboom|58\/100|[from] Grassy Terrain\n|-heal|p1a: Kingambit|100\/100 par|[from] Grassy Terrain\n|-damage|p1a: Kingambit|88\/100 par|[from] Leech Seed|[of] p2a: Rillaboom\n|-heal|p2a: Rillaboom|69\/100|[silent]\n|upkeep\n|turn|10\n|\n|t:|1701216144\n|-end|p1a: Kingambit|fallenundefined|[silent]\n|switch|p1a: Ninetales|Ninetales-Alola, F, shiny|67\/100\n|-damage|p1a: Ninetales|55\/100|[from] Spikes\n|-weather|Snow|[from] ability: Snow Warning|[of] p1a: Ninetales\n|move|p2a: Rillaboom|Knock Off|p1a: Ninetales\n|-resisted|p1a: Ninetales\n|-damage|p1a: Ninetales|39\/100\n|-enditem|p1a: Ninetales|Light Clay|[from] move: Knock Off|[of] p2a: Rillaboom\n|\n|-weather|Snow|[upkeep]\n|-heal|p1a: Ninetales|46\/100|[from] Grassy Terrain\n|-heal|p2a: Rillaboom|75\/100|[from] Grassy Terrain\n|upkeep\n|turn|11\n|\n|t:|1701216156\n|switch|p2a: Gholdengo|Gholdengo|100\/100\n|move|p1a: Ninetales|Aurora Veil|p1a: Ninetales\n|-sidestart|p1: C0LDBREW|move: Aurora Veil\n|\n|-weather|Snow|[upkeep]\n|-heal|p1a: Ninetales|52\/100|[from] Grassy Terrain\n|upkeep\n|turn|12\n|\n|t:|1701216163\n|switch|p1a: Kingambit|Kingambit, F, shiny|88\/100 par\n|-damage|p1a: Kingambit|76\/100 par|[from] Spikes\n|move|p2a: Gholdengo|Hex|p1a: Kingambit\n|-resisted|p1a: Kingambit\n|-damage|p1a: Kingambit|60\/100 par\n|\n|-weather|Snow|[upkeep]\n|-heal|p1a: Kingambit|67\/100 par|[from] Grassy Terrain\n|-heal|p1a: Kingambit|73\/100 par|[from] item: Leftovers\n|-fieldend|move: Grassy Terrain\n|upkeep\n|turn|13\n|inactive|cutman 96 has 120 seconds left.\n|\n|t:|1701216196\n|switch|p2a: Rillaboom|Rillaboom, F|75\/100\n|-fieldstart|move: Grassy Terrain|[from] ability: Grassy Surge|[of] p2a: Rillaboom\n|move|p1a: Kingambit|Kowtow Cleave|p2a: Rillaboom\n|-damage|p2a: Rillaboom|30\/100\n|\n|-weather|Snow|[upkeep]\n|-heal|p2a: Rillaboom|36\/100|[from] Grassy Terrain\n|-heal|p1a: Kingambit|79\/100 par|[from] Grassy Terrain\n|-heal|p1a: Kingambit|85\/100 par|[from] item: Leftovers\n|upkeep\n|turn|14\n|\n|t:|1701216205\n|switch|p2a: Hawlucha|Hawlucha, F|100\/100\n|-enditem|p2a: Hawlucha|Grassy Seed\n|-boost|p2a: Hawlucha|def|1|[from] item: Grassy Seed\n|move|p1a: Kingambit|Sucker Punch||[still]\n|-fail|p1a: Kingambit\n|\n|-weather|none\n|-heal|p1a: Kingambit|92\/100 par|[from] Grassy Terrain\n|-heal|p1a: Kingambit|98\/100 par|[from] item: Leftovers\n|upkeep\n|turn|15\n|\n|t:|1701216212\n|-end|p1a: Kingambit|fallenundefined|[silent]\n|switch|p1a: Corviknight|Corviknight, F, shiny|99\/100\n|move|p2a: Hawlucha|Substitute|p2a: Hawlucha\n|-start|p2a: Hawlucha|Substitute\n|-damage|p2a: Hawlucha|76\/100\n|\n|-sideend|p1: C0LDBREW|move: Aurora Veil\n|upkeep\n|turn|16\n|\n|t:|1701216217\n|move|p2a: Hawlucha|Swords Dance|p2a: Hawlucha\n|-boost|p2a: Hawlucha|atk|2\n|move|p1a: Corviknight|Bulk Up|p1a: Corviknight\n|-boost|p1a: Corviknight|atk|1\n|-boost|p1a: Corviknight|def|1\n|\n|upkeep\n|turn|17\n|\n|t:|1701216223\n|move|p2a: Hawlucha|Swords Dance|p2a: Hawlucha\n|-boost|p2a: Hawlucha|atk|2\n|move|p1a: Corviknight|Bulk Up|p1a: Corviknight\n|-boost|p1a: Corviknight|atk|1\n|-boost|p1a: Corviknight|def|1\n|\n|upkeep\n|turn|18\n|\n|t:|1701216227\n|move|p2a: Hawlucha|Swords Dance|p2a: Hawlucha\n|-boost|p2a: Hawlucha|atk|2\n|move|p1a: Corviknight|Bulk Up|p1a: Corviknight\n|-boost|p1a: Corviknight|atk|1\n|-boost|p1a: Corviknight|def|1\n|\n|upkeep\n|turn|19\n|\n|t:|1701216231\n|move|p2a: Hawlucha|Close Combat|p1a: Corviknight\n|-damage|p1a: Corviknight|44\/100\n|-unboost|p2a: Hawlucha|def|1\n|-unboost|p2a: Hawlucha|spd|1\n|-damage|p2a: Hawlucha|59\/100|[from] item: Rocky Helmet|[of] p1a: Corviknight\n|move|p1a: Corviknight|Bulk Up|p1a: Corviknight\n|-boost|p1a: Corviknight|atk|1\n|-boost|p1a: Corviknight|def|1\n|\n|upkeep\n|turn|20\n|\n|t:|1701216238\n|move|p2a: Hawlucha|Close Combat|p1a: Corviknight\n|-damage|p1a: Corviknight|0 fnt\n|-unboost|p2a: Hawlucha|def|1\n|-unboost|p2a: Hawlucha|spd|1\n|-damage|p2a: Hawlucha|43\/100|[from] item: Rocky Helmet|[of] p1a: Corviknight\n|faint|p1a: Corviknight\n|\n|-fieldend|move: Grassy Terrain\n|upkeep\n|\n|t:|1701216246\n|switch|p1a: Ceruledge|Ceruledge, F, shiny|100\/100\n|-item|p1a: Ceruledge|Air Balloon\n|turn|21\n|\n|t:|1701216250\n|move|p1a: Ceruledge|Shadow Sneak|p2a: Hawlucha\n|-end|p2a: Hawlucha|Substitute\n|move|p2a: Hawlucha|Acrobatics|p1a: Ceruledge\n|-damage|p1a: Ceruledge|0 fnt\n|-enditem|p1a: Ceruledge|Air Balloon\n|faint|p1a: Ceruledge\n|\n|upkeep\n|\n|t:|1701216261\n|switch|p1a: Ogerpon|Ogerpon-Cornerstone, F|100\/100\n|-damage|p1a: Ogerpon|88\/100|[from] Spikes\n|turn|22\n|\n|t:|1701216265\n|move|p2a: Hawlucha|Acrobatics|p1a: Ogerpon\n|-damage|p1a: Ogerpon|0 fnt\n|faint|p1a: Ogerpon\n|\n|upkeep\n|\n|t:|1701216268\n|switch|p1a: Kingambit|Kingambit, F, shiny|98\/100 par\n|-damage|p1a: Kingambit|85\/100 par|[from] Spikes\n|-activate|p1a: Kingambit|ability: Supreme Overlord\n|-start|p1a: Kingambit|fallen3|[silent]\n|turn|23\n|\n|t:|1701216271\n|move|p1a: Kingambit|Sucker Punch||[still]\n|-fail|p1a: Kingambit\n|move|p2a: Hawlucha|Substitute|p2a: Hawlucha\n|-start|p2a: Hawlucha|Substitute\n|-damage|p2a: Hawlucha|18\/100\n|\n|-heal|p1a: Kingambit|92\/100 par|[from] item: Leftovers\n|upkeep\n|turn|24\n|\n|t:|1701216275\n|move|p1a: Kingambit|Sucker Punch|p2a: Hawlucha\n|-resisted|p2a: Hawlucha\n|-end|p2a: Hawlucha|Substitute\n|move|p2a: Hawlucha|Close Combat|p1a: Kingambit\n|-supereffective|p1a: Kingambit\n|-damage|p1a: Kingambit|0 fnt\n|-unboost|p2a: Hawlucha|def|1\n|-unboost|p2a: Hawlucha|spd|1\n|faint|p1a: Kingambit\n|-end|p1a: Kingambit|fallen3|[silent]\n|\n|upkeep\n|\n|t:|1701216278\n|switch|p1a: Iron Hands|Iron Hands, shiny|100\/100\n|-damage|p1a: Iron Hands|88\/100|[from] Spikes\n|-enditem|p1a: Iron Hands|Booster Energy\n|-activate|p1a: Iron Hands|ability: Quark Drive|[fromitem]\n|-start|p1a: Iron Hands|quarkdriveatk\n|turn|25\n|\n|t:|1701216281\n|move|p2a: Hawlucha|Acrobatics|p1a: Iron Hands\n|-damage|p1a: Iron Hands|0 fnt\n|faint|p1a: Iron Hands\n|-end|p1a: Iron Hands|Quark Drive|[silent]\n|\n|upkeep\n|-message|C0LDBREW forfeited.\n|\n|win|cutman 96\n|raw|C0LDBREW's rating: 1387 &rarr; <strong>1368<\/strong><br \/>(-19 for losing)\n|raw|cutman 96's rating: 1396 &rarr; <strong>1415<\/strong><br \/>(+19 for winning)\n|l|\u2606C0LDBREW\n","uploadtime":1701216312,"views":0,"p1id":"c0ldbrew","p2id":"cutman96","formatid":"gen9ou","rating":1368,"private":0,"password":""}