{"id":"gen9ou-1995227368","p1":"I peaked at 1266","p2":"Aggron","format":"[Gen 9] OU","log":"|j|\u2606I peaked at 1266\n|j|\u2606Aggron\n|t:|1700537085\n|gametype|singles\n|player|p1|I peaked at 1266|elesa-masters2|1638\n|player|p2|Aggron|pokefan-gen4|1816\n|teamsize|p1|6\n|teamsize|p2|6\n|gen|9\n|tier|[Gen 9] OU\n|rated|\n|rule|Sleep Clause Mod: Limit one foe put to sleep\n|rule|Species Clause: Limit one of each Pok\u00e9mon\n|rule|OHKO Clause: OHKO moves are banned\n|rule|Evasion Items Clause: Evasion items are banned\n|rule|Evasion Moves Clause: Evasion moves are banned\n|rule|Endless Battle Clause: Forcing endless battles is banned\n|rule|HP Percentage Mod: HP is shown in percentages\n|clearpoke\n|poke|p1|Rillaboom, F|\n|poke|p1|Garganacl, F|\n|poke|p1|Great Tusk|\n|poke|p1|Heatran, F|\n|poke|p1|Zapdos|\n|poke|p1|Walking Wake|\n|poke|p2|Sinistcha-Masterpiece|\n|poke|p2|Heatran, M|\n|poke|p2|Rillaboom, F|\n|poke|p2|Samurott-Hisui, F|\n|poke|p2|Tyranitar, M|\n|poke|p2|Meowscarada, F|\n|teampreview\n|inactive|Battle timer is ON: inactive players will automatically lose when time's up. (requested by Aggron)\n|\n|t:|1700537103\n|start\n|switch|p1a: Rillaboom|Rillaboom, F|100\/100\n|switch|p2a: Meowscarada|Meowscarada, F|100\/100\n|-fieldstart|move: Grassy Terrain|[from] ability: Grassy Surge|[of] p1a: Rillaboom\n|turn|1\n|\n|t:|1700537115\n|switch|p2a: Heatran|Heatran, M|100\/100\n|-item|p2a: Heatran|Air Balloon\n|switch|p1a: Zapdos|Zapdos|100\/100\n|\n|upkeep\n|turn|2\n|\n|t:|1700537122\n|move|p1a: Zapdos|Volt Switch|p2a: Heatran\n|-damage|p2a: Heatran|69\/100\n|-enditem|p2a: Heatran|Air Balloon\n|\n|t:|1700537128\n|switch|p1a: Garganacl|Garganacl, F|100\/100|[from] Volt Switch\n|move|p2a: Heatran|Stealth Rock|p1a: Garganacl\n|-sidestart|p1: I peaked at 1266|move: Stealth Rock\n|\n|-heal|p2a: Heatran|75\/100|[from] Grassy Terrain\n|upkeep\n|turn|3\n|\n|t:|1700537137\n|move|p2a: Heatran|Earth Power|p1a: Garganacl\n|-supereffective|p1a: Garganacl\n|-damage|p1a: Garganacl|60\/100\n|move|p1a: Garganacl|Salt Cure|p2a: Heatran\n|-damage|p2a: Heatran|61\/100\n|-start|p2a: Heatran|Salt Cure\n|\n|-heal|p2a: Heatran|67\/100|[from] Grassy Terrain\n|-heal|p1a: Garganacl|66\/100|[from] Grassy Terrain\n|-heal|p1a: Garganacl|72\/100|[from] item: Leftovers\n|-damage|p2a: Heatran|42\/100|[from] Salt Cure\n|upkeep\n|turn|4\n|\n|t:|1700537147\n|switch|p2a: Meowscarada|Meowscarada, F|100\/100\n|move|p1a: Garganacl|Recover|p1a: Garganacl\n|-heal|p1a: Garganacl|100\/100\n|\n|upkeep\n|turn|5\n|\n|t:|1700537151\n|switch|p1a: Zapdos|Zapdos|100\/100\n|move|p2a: Meowscarada|Knock Off|p1a: Zapdos\n|-start|p2a: Meowscarada|typechange|Dark|[from] ability: Protean\n|-damage|p1a: Zapdos|60\/100\n|-status|p2a: Meowscarada|par|[from] ability: Static|[of] p1a: Zapdos\n|-enditem|p1a: Zapdos|Heavy-Duty Boots|[from] move: Knock Off|[of] p2a: Meowscarada\n|\n|-fieldend|move: Grassy Terrain\n|upkeep\n|turn|6\n|\n|t:|1700537155\n|switch|p2a: Tyranitar|Tyranitar, M|100\/100\n|-weather|Sandstorm|[from] ability: Sand Stream|[of] p2a: Tyranitar\n|move|p1a: Zapdos|Volt Switch|p2a: Tyranitar\n|-damage|p2a: Tyranitar|85\/100\n|\n|t:|1700537157\n|switch|p1a: Great Tusk|Great Tusk|100\/100|[from] Volt Switch\n|-damage|p1a: Great Tusk|97\/100|[from] Stealth Rock\n|\n|-weather|Sandstorm|[upkeep]\n|-heal|p1a: Great Tusk|100\/100|[from] item: Leftovers\n|upkeep\n|turn|7\n|\n|t:|1700537165\n|move|p1a: Great Tusk|Ice Spinner|p2a: Tyranitar\n|-damage|p2a: Tyranitar|67\/100\n|move|p2a: Tyranitar|Ice Beam|p1a: Great Tusk\n|-supereffective|p1a: Great Tusk\n|-damage|p1a: Great Tusk|37\/100\n|\n|-weather|Sandstorm|[upkeep]\n|-heal|p1a: Great Tusk|43\/100|[from] item: Leftovers\n|upkeep\n|turn|8\n|\n|t:|1700537170\n|switch|p2a: Sinistcha|Sinistcha-Masterpiece|100\/100\n|move|p1a: Great Tusk|Headlong Rush|p2a: Sinistcha\n|-resisted|p2a: Sinistcha\n|-damage|p2a: Sinistcha|84\/100\n|-unboost|p1a: Great Tusk|def|1\n|-unboost|p1a: Great Tusk|spd|1\n|\n|-weather|Sandstorm|[upkeep]\n|-damage|p2a: Sinistcha|78\/100|[from] Sandstorm\n|-heal|p1a: Great Tusk|49\/100|[from] item: Leftovers\n|upkeep\n|turn|9\n|\n|t:|1700537175\n|-end|p1a: Great Tusk|Protosynthesis|[silent]\n|switch|p1a: Heatran|Heatran, F|100\/100\n|-damage|p1a: Heatran|88\/100|[from] Stealth Rock\n|move|p2a: Sinistcha|Shadow Ball|p1a: Heatran\n|-damage|p1a: Heatran|68\/100\n|\n|-weather|Sandstorm|[upkeep]\n|-damage|p2a: Sinistcha|72\/100|[from] Sandstorm\n|-heal|p1a: Heatran|75\/100|[from] item: Leftovers\n|upkeep\n|turn|10\n|\n|t:|1700537182\n|switch|p2a: Samurott|Samurott-Hisui, F|100\/100\n|move|p1a: Heatran|Stealth Rock|p2a: Samurott\n|-sidestart|p2: Aggron|move: Stealth Rock\n|\n|-weather|none\n|-heal|p1a: Heatran|81\/100|[from] item: Leftovers\n|upkeep\n|turn|11\n|\n|t:|1700537191\n|switch|p1a: Great Tusk|Great Tusk|49\/100\n|-damage|p1a: Great Tusk|46\/100|[from] Stealth Rock\n|move|p2a: Samurott|Ceaseless Edge|p1a: Great Tusk\n|-resisted|p1a: Great Tusk\n|-damage|p1a: Great Tusk|32\/100\n|-sidestart|p1: I peaked at 1266|Spikes\n|\n|-heal|p1a: Great Tusk|38\/100|[from] item: Leftovers\n|upkeep\n|turn|12\n|j| oracio7420\n|inactive|Aggron has 120 seconds left.\n|\n|t:|1700537221\n|switch|p2a: Sinistcha|Sinistcha-Masterpiece|72\/100\n|move|p1a: Great Tusk|Rapid Spin|p2a: Sinistcha\n|-immune|p2a: Sinistcha\n|\n|-heal|p1a: Great Tusk|45\/100|[from] item: Leftovers\n|upkeep\n|turn|13\n|\n|t:|1700537233\n|-end|p1a: Great Tusk|Protosynthesis|[silent]\n|switch|p1a: Zapdos|Zapdos|60\/100\n|-damage|p1a: Zapdos|35\/100|[from] Stealth Rock\n|move|p2a: Sinistcha|Strength Sap|p1a: Zapdos\n|-unboost|p1a: Zapdos|atk|1\n|-heal|p2a: Sinistcha|100\/100\n|\n|upkeep\n|turn|14\n|\n|t:|1700537239\n|switch|p2a: Tyranitar|Tyranitar, M|67\/100\n|-weather|Sandstorm|[from] ability: Sand Stream|[of] p2a: Tyranitar\n|move|p1a: Zapdos|Roost|p1a: Zapdos\n|-heal|p1a: Zapdos|85\/100\n|-singleturn|p1a: Zapdos|move: Roost\n|\n|-weather|Sandstorm|[upkeep]\n|-damage|p1a: Zapdos|79\/100|[from] Sandstorm\n|upkeep\n|turn|15\n|\n|t:|1700537251\n|move|p1a: Zapdos|Volt Switch|p2a: Tyranitar\n|-damage|p2a: Tyranitar|50\/100\n|\n|t:|1700537256\n|switch|p1a: Garganacl|Garganacl, F|100\/100|[from] Volt Switch\n|-damage|p1a: Garganacl|88\/100|[from] Stealth Rock\n|-damage|p1a: Garganacl|75\/100|[from] Spikes\n|move|p2a: Tyranitar|Knock Off|p1a: Garganacl\n|-damage|p1a: Garganacl|41\/100\n|-enditem|p1a: Garganacl|Leftovers|[from] move: Knock Off|[of] p2a: Tyranitar\n|\n|-weather|Sandstorm|[upkeep]\n|upkeep\n|turn|16\n|\n|t:|1700537280\n|switch|p2a: Rillaboom|Rillaboom, F, shiny|100\/100\n|-damage|p2a: Rillaboom|88\/100|[from] Stealth Rock\n|-fieldstart|move: Grassy Terrain|[from] ability: Grassy Surge|[of] p2a: Rillaboom\n|-terastallize|p1a: Garganacl|Fairy\n|move|p1a: Garganacl|Recover|p1a: Garganacl\n|-heal|p1a: Garganacl|91\/100\n|\n|-weather|Sandstorm|[upkeep]\n|-damage|p2a: Rillaboom|82\/100|[from] Sandstorm\n|-damage|p1a: Garganacl|84\/100|[from] Sandstorm\n|-heal|p2a: Rillaboom|88\/100|[from] Grassy Terrain\n|-heal|p1a: Garganacl|91\/100|[from] Grassy Terrain\n|upkeep\n|turn|17\n|\n|t:|1700537288\n|switch|p1a: Zapdos|Zapdos|79\/100\n|-damage|p1a: Zapdos|54\/100|[from] Stealth Rock\n|-terastallize|p2a: Rillaboom|Grass\n|move|p2a: Rillaboom|Wood Hammer|p1a: Zapdos\n|-resisted|p1a: Zapdos\n|-damage|p1a: Zapdos|0 fnt\n|-status|p2a: Rillaboom|par|[from] ability: Static|[of] p1a: Zapdos\n|faint|p1a: Zapdos\n|-damage|p2a: Rillaboom|71\/100 par|[from] Recoil\n|\n|-weather|Sandstorm|[upkeep]\n|-damage|p2a: Rillaboom|65\/100 par|[from] Sandstorm\n|-heal|p2a: Rillaboom|71\/100 par|[from] Grassy Terrain\n|upkeep\n|\n|t:|1700537300\n|switch|p1a: Great Tusk|Great Tusk|45\/100\n|-damage|p1a: Great Tusk|42\/100|[from] Stealth Rock\n|-damage|p1a: Great Tusk|29\/100|[from] Spikes\n|turn|18\n|\n|t:|1700537303\n|switch|p2a: Sinistcha|Sinistcha-Masterpiece|100\/100\n|move|p1a: Great Tusk|Rapid Spin|p2a: Sinistcha\n|-immune|p2a: Sinistcha\n|\n|-weather|none\n|-heal|p1a: Great Tusk|35\/100|[from] Grassy Terrain\n|-heal|p1a: Great Tusk|42\/100|[from] item: Leftovers\n|upkeep\n|turn|19\n|\n|t:|1700537308\n|-end|p1a: Great Tusk|Protosynthesis|[silent]\n|switch|p1a: Heatran|Heatran, F|81\/100\n|-damage|p1a: Heatran|68\/100|[from] Stealth Rock\n|-damage|p1a: Heatran|56\/100|[from] Spikes\n|move|p2a: Sinistcha|Shadow Ball|p1a: Heatran\n|-damage|p1a: Heatran|33\/100\n|\n|-heal|p1a: Heatran|40\/100|[from] Grassy Terrain\n|-heal|p1a: Heatran|46\/100|[from] item: Leftovers\n|upkeep\n|turn|20\n|\n|t:|1700537318\n|switch|p2a: Samurott|Samurott-Hisui, F|100\/100\n|move|p1a: Heatran|Earth Power|p2a: Samurott\n|-damage|p2a: Samurott|64\/100\n|\n|-heal|p2a: Samurott|70\/100|[from] Grassy Terrain\n|-heal|p1a: Heatran|52\/100|[from] Grassy Terrain\n|-heal|p1a: Heatran|58\/100|[from] item: Leftovers\n|-fieldend|move: Grassy Terrain\n|upkeep\n|turn|21\n|\n|t:|1700537325\n|switch|p1a: Rillaboom|Rillaboom, F|100\/100\n|-damage|p1a: Rillaboom|88\/100|[from] Stealth Rock\n|-damage|p1a: Rillaboom|76\/100|[from] Spikes\n|-fieldstart|move: Grassy Terrain|[from] ability: Grassy Surge|[of] p1a: Rillaboom\n|move|p2a: Samurott|Ceaseless Edge|p1a: Rillaboom\n|-damage|p1a: Rillaboom|25\/100\n|-sidestart|p1: I peaked at 1266|Spikes\n|\n|-heal|p2a: Samurott|77\/100|[from] Grassy Terrain\n|-heal|p1a: Rillaboom|31\/100|[from] Grassy Terrain\n|upkeep\n|turn|22\n|\n|t:|1700537333\n|move|p2a: Samurott|Sucker Punch|p1a: Rillaboom\n|-damage|p1a: Rillaboom|0 fnt\n|faint|p1a: Rillaboom\n|\n|-heal|p2a: Samurott|83\/100|[from] Grassy Terrain\n|upkeep\n|\n|t:|1700537337\n|switch|p1a: Walking Wake|Walking Wake|100\/100\n|turn|23\n|\n|t:|1700537349\n|switch|p2a: Tyranitar|Tyranitar, M|50\/100\n|-weather|Sandstorm|[from] ability: Sand Stream|[of] p2a: Tyranitar\n|move|p1a: Walking Wake|Draco Meteor|p2a: Tyranitar\n|-damage|p2a: Tyranitar|14\/100\n|-unboost|p1a: Walking Wake|spa|2\n|\n|-weather|Sandstorm|[upkeep]\n|-damage|p1a: Walking Wake|94\/100|[from] Sandstorm\n|-heal|p1a: Walking Wake|100\/100|[from] Grassy Terrain\n|-heal|p2a: Tyranitar|20\/100|[from] Grassy Terrain\n|upkeep\n|turn|24\n|\n|t:|1700537359\n|move|p1a: Walking Wake|Flip Turn|p2a: Tyranitar\n|-supereffective|p2a: Tyranitar\n|-damage|p2a: Tyranitar|0 fnt\n|faint|p2a: Tyranitar\n|\n|t:|1700537363\n|-end|p1a: Walking Wake|Protosynthesis|[silent]\n|switch|p1a: Great Tusk|Great Tusk|42\/100|[from] Flip Turn\n|-damage|p1a: Great Tusk|39\/100|[from] Stealth Rock\n|-damage|p1a: Great Tusk|22\/100|[from] Spikes\n|\n|-weather|Sandstorm|[upkeep]\n|-heal|p1a: Great Tusk|28\/100|[from] Grassy Terrain\n|-heal|p1a: Great Tusk|35\/100|[from] item: Leftovers\n|upkeep\n|\n|t:|1700537369\n|switch|p2a: Sinistcha|Sinistcha-Masterpiece|100\/100\n|turn|25\n|\n|t:|1700537383\n|-end|p1a: Great Tusk|Protosynthesis|[silent]\n|switch|p1a: Garganacl|Garganacl, F, tera:Fairy|91\/100\n|-damage|p1a: Garganacl|78\/100|[from] Stealth Rock\n|-damage|p1a: Garganacl|62\/100|[from] Spikes\n|move|p2a: Sinistcha|Shadow Ball|p1a: Garganacl\n|-damage|p1a: Garganacl|50\/100\n|\n|-weather|Sandstorm|[upkeep]\n|-damage|p2a: Sinistcha|94\/100|[from] Sandstorm\n|-damage|p1a: Garganacl|44\/100|[from] Sandstorm\n|-heal|p2a: Sinistcha|100\/100|[from] Grassy Terrain\n|-heal|p1a: Garganacl|50\/100|[from] Grassy Terrain\n|-fieldend|move: Grassy Terrain\n|upkeep\n|turn|26\n|\n|t:|1700537394\n|move|p2a: Sinistcha|Calm Mind|p2a: Sinistcha\n|-boost|p2a: Sinistcha|spa|1\n|-boost|p2a: Sinistcha|spd|1\n|move|p1a: Garganacl|Iron Defense|p1a: Garganacl\n|-boost|p1a: Garganacl|def|2\n|\n|-weather|Sandstorm|[upkeep]\n|-damage|p2a: Sinistcha|94\/100|[from] Sandstorm\n|-damage|p1a: Garganacl|44\/100|[from] Sandstorm\n|upkeep\n|turn|27\n|\n|t:|1700537397\n|move|p2a: Sinistcha|Matcha Gotcha|p1a: Garganacl\n|-damage|p1a: Garganacl|9\/100\n|-heal|p2a: Sinistcha|100\/100|[from] drain|[of] p1a: Garganacl\n|move|p1a: Garganacl|Salt Cure|p2a: Sinistcha\n|-damage|p2a: Sinistcha|91\/100\n|-start|p2a: Sinistcha|Salt Cure\n|\n|-weather|none\n|-damage|p2a: Sinistcha|78\/100|[from] Salt Cure\n|upkeep\n|turn|28\n|l| oracio7420\n|\n|t:|1700537405\n|move|p2a: Sinistcha|Shadow Ball|p1a: Garganacl\n|-damage|p1a: Garganacl|0 fnt\n|faint|p1a: Garganacl\n|\n|-damage|p2a: Sinistcha|66\/100|[from] Salt Cure\n|upkeep\n|\n|t:|1700537409\n|switch|p1a: Heatran|Heatran, F|58\/100\n|-damage|p1a: Heatran|46\/100|[from] Stealth Rock\n|-damage|p1a: Heatran|29\/100|[from] Spikes\n|turn|29\n|\n|t:|1700537416\n|switch|p2a: Heatran|Heatran, M|42\/100\n|-damage|p2a: Heatran|30\/100|[from] Stealth Rock\n|move|p1a: Heatran|Magma Storm|p2a: Heatran\n|-damage|p2a: Heatran|0 fnt\n|faint|p2a: Heatran\n|\n|-heal|p1a: Heatran|35\/100|[from] item: Leftovers\n|upkeep\n|\n|t:|1700537421\n|switch|p2a: Samurott|Samurott-Hisui, F|83\/100\n|turn|30\n|\n|t:|1700537427\n|move|p2a: Samurott|Sacred Sword|p1a: Heatran\n|-supereffective|p1a: Heatran\n|-damage|p1a: Heatran|0 fnt\n|-status|p2a: Samurott|brn|[from] ability: Flame Body|[of] p1a: Heatran\n|faint|p1a: Heatran\n|\n|-damage|p2a: Samurott|77\/100 brn|[from] brn\n|upkeep\n|\n|t:|1700537430\n|switch|p1a: Great Tusk|Great Tusk|35\/100\n|-damage|p1a: Great Tusk|32\/100|[from] Stealth Rock\n|-damage|p1a: Great Tusk|15\/100|[from] Spikes\n|turn|31\n|\n|t:|1700537438\n|switch|p2a: Sinistcha|Sinistcha-Masterpiece|66\/100\n|move|p1a: Great Tusk|Headlong Rush|p2a: Sinistcha\n|-resisted|p2a: Sinistcha\n|-damage|p2a: Sinistcha|48\/100\n|-unboost|p1a: Great Tusk|def|1\n|-unboost|p1a: Great Tusk|spd|1\n|\n|-heal|p1a: Great Tusk|21\/100|[from] item: Leftovers\n|upkeep\n|turn|32\n|\n|t:|1700537447\n|-end|p1a: Great Tusk|Protosynthesis|[silent]\n|switch|p1a: Walking Wake|Walking Wake|100\/100\n|move|p2a: Sinistcha|Shadow Ball|p1a: Walking Wake\n|-damage|p1a: Walking Wake|65\/100\n|\n|upkeep\n|turn|33\n|\n|t:|1700537454\n|move|p1a: Walking Wake|Draco Meteor|p2a: Sinistcha\n|-damage|p2a: Sinistcha|0 fnt\n|-unboost|p1a: Walking Wake|spa|2\n|faint|p2a: Sinistcha\n|\n|upkeep\n|\n|t:|1700537460\n|switch|p2a: Meowscarada|Meowscarada, F|100\/100 par\n|-damage|p2a: Meowscarada|88\/100 par|[from] Stealth Rock\n|turn|34\n|\n|t:|1700537464\n|-end|p1a: Walking Wake|Protosynthesis|[silent]\n|switch|p1a: Great Tusk|Great Tusk|21\/100\n|-damage|p1a: Great Tusk|18\/100|[from] Stealth Rock\n|-damage|p1a: Great Tusk|1\/100|[from] Spikes\n|cant|p2a: Meowscarada|par\n|\n|-heal|p1a: Great Tusk|8\/100|[from] item: Leftovers\n|upkeep\n|turn|35\n|\n|t:|1700537474\n|move|p1a: Great Tusk|Ice Spinner|p2a: Meowscarada\n|-supereffective|p2a: Meowscarada\n|-damage|p2a: Meowscarada|10\/100 par\n|move|p2a: Meowscarada|Flower Trick|p1a: Great Tusk\n|-start|p2a: Meowscarada|typechange|Grass|[from] ability: Protean\n|-supereffective|p1a: Great Tusk\n|-crit|p1a: Great Tusk\n|-damage|p1a: Great Tusk|0 fnt\n|faint|p1a: Great Tusk\n|-end|p1a: Great Tusk|Protosynthesis|[silent]\n|\n|upkeep\n|\n|t:|1700537478\n|switch|p1a: Walking Wake|Walking Wake|65\/100\n|turn|36\n|\n|t:|1700537484\n|move|p1a: Walking Wake|Scald|p2a: Meowscarada\n|-resisted|p2a: Meowscarada\n|-damage|p2a: Meowscarada|0 fnt\n|faint|p2a: Meowscarada\n|\n|upkeep\n|\n|t:|1700537489\n|switch|p2a: Samurott|Samurott-Hisui, F|77\/100 brn\n|turn|37\n|\n|t:|1700537494\n|move|p1a: Walking Wake|Draco Meteor|p2a: Samurott\n|-damage|p2a: Samurott|0 fnt\n|-unboost|p1a: Walking Wake|spa|2\n|faint|p2a: Samurott\n|\n|upkeep\n|\n|t:|1700537496\n|switch|p2a: Rillaboom|Rillaboom, F, shiny, tera:Grass|71\/100 par\n|-damage|p2a: Rillaboom|58\/100 par|[from] Stealth Rock\n|-fieldstart|move: Grassy Terrain|[from] ability: Grassy Surge|[of] p2a: Rillaboom\n|turn|38\n|\n|t:|1700537498\n|cant|p2a: Rillaboom|par\n|move|p1a: Walking Wake|Draco Meteor|p2a: Rillaboom\n|-damage|p2a: Rillaboom|17\/100 par\n|-unboost|p1a: Walking Wake|spa|2\n|\n|-heal|p1a: Walking Wake|72\/100|[from] Grassy Terrain\n|-heal|p2a: Rillaboom|23\/100 par|[from] Grassy Terrain\n|upkeep\n|turn|39\n|\n|t:|1700537503\n|move|p2a: Rillaboom|Grassy Glide|p1a: Walking Wake\n|-damage|p1a: Walking Wake|0 fnt\n|faint|p1a: Walking Wake\n|-end|p1a: Walking Wake|Protosynthesis|[silent]\n|\n|win|Aggron\n|raw|I peaked at 1266's rating: 1638 &rarr; <strong>1627<\/strong><br \/>(-11 for losing)\n|raw|Aggron's rating: 1816 &rarr; <strong>1827<\/strong><br \/>(+11 for winning)\n|c|\u2606I peaked at 1266|gg\n|l|\u2606I peaked at 1266\n|c|\u2606Aggron|Gg\n","uploadtime":1700537517,"views":41,"p1id":"ipeakedat1266","p2id":"aggron","formatid":"gen9ou","rating":1627,"private":0,"password":""}