{"id":"gen9ou-1990218628","p1":"mikekungpd","p2":"FATPOOPYHED266","format":"[Gen 9] OU","log":"|j|\u2606mikekungpd\n|j|\u2606FATPOOPYHED266\n|t:|1699939147\n|gametype|singles\n|player|p1|mikekungpd|169|1086\n|player|p2|FATPOOPYHED266|102|1098\n|teamsize|p1|6\n|teamsize|p2|6\n|gen|9\n|tier|[Gen 9] OU\n|rated|\n|rule|Sleep Clause Mod: Limit one foe put to sleep\n|rule|Species Clause: Limit one of each Pok\u00e9mon\n|rule|OHKO Clause: OHKO moves are banned\n|rule|Evasion Items Clause: Evasion items are banned\n|rule|Evasion Moves Clause: Evasion moves are banned\n|rule|Endless Battle Clause: Forcing endless battles is banned\n|rule|HP Percentage Mod: HP is shown in percentages\n|clearpoke\n|poke|p1|Grafaiai, F|\n|poke|p1|Ribombee, M|\n|poke|p1|Garchomp, M|\n|poke|p1|Iron Valiant|\n|poke|p1|Toxapex, M|\n|poke|p1|Heatran, M|\n|poke|p2|Quagsire, M|\n|poke|p2|Dragonite, M|\n|poke|p2|Iron Moth|\n|poke|p2|Goodra-Hisui, F|\n|poke|p2|Garganacl, M|\n|poke|p2|Scizor, M|\n|teampreview\n|\n|t:|1699939155\n|start\n|switch|p1a: Heatran|Heatran, M|100\/100\n|switch|p2a: melted diaper|Quagsire, M, shiny|100\/100\n|turn|1\n|\n|t:|1699939161\n|-terastallize|p1a: Heatran|Grass\n|move|p1a: Heatran|Tera Blast|p2a: melted diaper|[anim] Tera Blast Grass\n|-supereffective|p2a: melted diaper\n|-damage|p2a: melted diaper|0 fnt\n|faint|p2a: melted diaper\n|\n|upkeep\n|\n|t:|1699939171\n|switch|p2a: business guy|Dragonite, M|100\/100\n|turn|2\n|inactive|Battle timer is ON: inactive players will automatically lose when time's up. (requested by FATPOOPYHED266)\n|\n|t:|1699939189\n|move|p2a: business guy|Dragon Dance|p2a: business guy\n|-boost|p2a: business guy|atk|1\n|-boost|p2a: business guy|spe|1\n|move|p1a: Heatran|Steel Beam|p2a: business guy\n|-damage|p2a: business guy|13\/100\n|-damage|p1a: Heatran|50\/100|[from] steelbeam\n|\n|-heal|p2a: business guy|19\/100|[from] item: Leftovers\n|upkeep\n|turn|3\n|\n|t:|1699939201\n|switch|p1a: Toxapex|Toxapex, M|100\/100\n|move|p2a: business guy|Ice Punch|p1a: Toxapex\n|-resisted|p1a: Toxapex\n|-damage|p1a: Toxapex|88\/100\n|\n|-heal|p2a: business guy|26\/100|[from] item: Leftovers\n|-heal|p1a: Toxapex|94\/100|[from] item: Leftovers\n|upkeep\n|turn|4\n|\n|t:|1699939210\n|move|p2a: business guy|Earthquake|p1a: Toxapex\n|-supereffective|p1a: Toxapex\n|-damage|p1a: Toxapex|34\/100\n|move|p1a: Toxapex|Toxic Spikes|p2a: business guy\n|-sidestart|p2: FATPOOPYHED266|move: Toxic Spikes\n|\n|-heal|p2a: business guy|32\/100|[from] item: Leftovers\n|-heal|p1a: Toxapex|40\/100|[from] item: Leftovers\n|upkeep\n|turn|5\n|\n|t:|1699939219\n|move|p2a: business guy|Earthquake|p1a: Toxapex\n|-supereffective|p1a: Toxapex\n|-damage|p1a: Toxapex|0 fnt\n|faint|p1a: Toxapex\n|\n|-heal|p2a: business guy|38\/100|[from] item: Leftovers\n|upkeep\n|\n|t:|1699939228\n|switch|p1a: Ribombee|Ribombee, M, shiny|100\/100\n|turn|6\n|\n|t:|1699939236\n|move|p2a: business guy|Extreme Speed|p1a: Ribombee\n|-damage|p1a: Ribombee|22\/100\n|move|p1a: Ribombee|Moonblast|p2a: business guy\n|-supereffective|p2a: business guy\n|-damage|p2a: business guy|0 fnt\n|faint|p2a: business guy\n|\n|upkeep\n|\n|t:|1699939245\n|switch|p2a: rupturedcolon|Iron Moth|100\/100\n|-sideend|p2: FATPOOPYHED266|move: Toxic Spikes|[of] p2a: rupturedcolon\n|turn|7\n|\n|t:|1699939258\n|move|p1a: Ribombee|Sticky Web|p2a: rupturedcolon\n|-sidestart|p2: FATPOOPYHED266|move: Sticky Web\n|move|p2a: rupturedcolon|Flamethrower|p1a: Ribombee\n|-supereffective|p1a: Ribombee\n|-damage|p1a: Ribombee|0 fnt\n|faint|p1a: Ribombee\n|\n|upkeep\n|\n|t:|1699939264\n|switch|p1a: Heatran|Heatran, M, tera:Grass|50\/100\n|turn|8\n|\n|t:|1699939270\n|-end|p2a: rupturedcolon|Quark Drive|[silent]\n|switch|p2a: french guy|Garganacl, M|100\/100\n|-activate|p2a: french guy|move: Sticky Web\n|-fail|p2a: french guy|unboost|[from] ability: Clear Body|[of] p2a: french guy\n|move|p1a: Heatran|Earth Power|p2a: french guy\n|-supereffective|p2a: french guy\n|-damage|p2a: french guy|31\/100\n|\n|-heal|p2a: french guy|37\/100|[from] item: Leftovers\n|upkeep\n|turn|9\n|\n|t:|1699939279\n|move|p1a: Heatran|Earth Power|p2a: french guy\n|-supereffective|p2a: french guy\n|-damage|p2a: french guy|0 fnt\n|faint|p2a: french guy\n|\n|upkeep\n|\n|t:|1699939288\n|switch|p2a: jordin|Scizor, M|100\/100\n|-activate|p2a: jordin|move: Sticky Web\n|-unboost|p2a: jordin|spe|1\n|turn|10\n|\n|t:|1699939295\n|move|p1a: Heatran|Magma Storm|p2a: jordin|[miss]\n|-miss|p1a: Heatran|p2a: jordin\n|move|p2a: jordin|Close Combat|p1a: Heatran\n|-damage|p1a: Heatran|5\/100\n|-unboost|p2a: jordin|def|1\n|-unboost|p2a: jordin|spd|1\n|-damage|p2a: jordin|91\/100|[from] item: Life Orb\n|\n|upkeep\n|turn|11\n|\n|t:|1699939303\n|move|p2a: jordin|Bullet Punch|p1a: Heatran\n|-damage|p1a: Heatran|0 fnt\n|faint|p1a: Heatran\n|-damage|p2a: jordin|81\/100|[from] item: Life Orb\n|\n|upkeep\n|\n|t:|1699939312\n|switch|p1a: Garchomp|Garchomp, M|100\/100\n|turn|12\n|\n|t:|1699939339\n|move|p1a: Garchomp|Earthquake|p2a: jordin\n|-damage|p2a: jordin|0 fnt\n|faint|p2a: jordin\n|\n|upkeep\n|\n|t:|1699939345\n|switch|p2a: rupturedcolon|Iron Moth|100\/100\n|-activate|p2a: rupturedcolon|move: Sticky Web\n|-unboost|p2a: rupturedcolon|spe|1\n|turn|13\n|\n|t:|1699939349\n|move|p1a: Garchomp|Earthquake|p2a: rupturedcolon\n|-supereffective|p2a: rupturedcolon\n|-damage|p2a: rupturedcolon|0 fnt\n|faint|p2a: rupturedcolon\n|-end|p2a: rupturedcolon|Quark Drive|[silent]\n|\n|upkeep\n|\n|t:|1699939353\n|switch|p2a: ESTROGENGUZZLER|Goodra-Hisui, F|100\/100\n|-activate|p2a: ESTROGENGUZZLER|move: Sticky Web\n|-unboost|p2a: ESTROGENGUZZLER|spe|1\n|turn|14\n|\n|t:|1699939356\n|move|p1a: Garchomp|Earthquake|p2a: ESTROGENGUZZLER\n|-supereffective|p2a: ESTROGENGUZZLER\n|-damage|p2a: ESTROGENGUZZLER|0 fnt\n|faint|p2a: ESTROGENGUZZLER\n|\n|win|mikekungpd\n|raw|mikekungpd's rating: 1086 &rarr; <strong>1114<\/strong><br \/>(+28 for winning)\n|raw|FATPOOPYHED266's rating: 1098 &rarr; <strong>1072<\/strong><br \/>(-26 for losing)\n|l|\u2606FATPOOPYHED266\n","uploadtime":1699939386,"views":30,"p1id":"mikekungpd","p2id":"fatpoopyhed266","formatid":"gen9ou","rating":1072,"private":0,"password":""}