{"id":"gen9ou-1991376843","p1":"dusteet","p2":"JustMe192","format":"[Gen 9] OU","log":"|j|\u2606dusteet\n|j|\u2606JustMe192\n|t:|1700072015\n|gametype|singles\n|player|p1|dusteet|karen|1182\n|player|p2|JustMe192|guzma|1278\n|teamsize|p1|6\n|teamsize|p2|6\n|gen|9\n|tier|[Gen 9] OU\n|rated|\n|rule|Sleep Clause Mod: Limit one foe put to sleep\n|rule|Species Clause: Limit one of each Pok\u00e9mon\n|rule|OHKO Clause: OHKO moves are banned\n|rule|Evasion Items Clause: Evasion items are banned\n|rule|Evasion Moves Clause: Evasion moves are banned\n|rule|Endless Battle Clause: Forcing endless battles is banned\n|rule|HP Percentage Mod: HP is shown in percentages\n|clearpoke\n|poke|p1|Rillaboom, F|\n|poke|p1|Garganacl, F|\n|poke|p1|Great Tusk|\n|poke|p1|Heatran, M|\n|poke|p1|Zapdos|\n|poke|p1|Walking Wake|\n|poke|p2|Cinderace, M|\n|poke|p2|Great Tusk|\n|poke|p2|Tornadus-Therian, M|\n|poke|p2|Heatran, F|\n|poke|p2|Sandy Shocks|\n|poke|p2|Ogerpon-Wellspring, F|\n|teampreview\n|inactive|Battle timer is ON: inactive players will automatically lose when time's up. (requested by JustMe192)\n|\n|t:|1700072027\n|start\n|switch|p1a: Rillaboom|Rillaboom, F|100\/100\n|switch|p2a: Tornadus|Tornadus-Therian, M|100\/100\n|-fieldstart|move: Grassy Terrain|[from] ability: Grassy Surge|[of] p1a: Rillaboom\n|turn|1\n|\n|t:|1700072043\n|switch|p1a: Garganacl|Garganacl, F|100\/100\n|move|p2a: Tornadus|Tailwind|p2a: Tornadus\n|-sidestart|p2: JustMe192|move: Tailwind\n|\n|upkeep\n|turn|2\n|\n|t:|1700072063\n|move|p2a: Tornadus|Knock Off|p1a: Garganacl\n|-damage|p1a: Garganacl|84\/100\n|-enditem|p1a: Garganacl|Leftovers|[from] move: Knock Off|[of] p2a: Tornadus\n|move|p1a: Garganacl|Salt Cure|p2a: Tornadus\n|-supereffective|p2a: Tornadus\n|-damage|p2a: Tornadus|72\/100\n|-start|p2a: Tornadus|Salt Cure\n|\n|-heal|p1a: Garganacl|91\/100|[from] Grassy Terrain\n|-damage|p2a: Tornadus|59\/100|[from] Salt Cure\n|upkeep\n|turn|3\n|\n|t:|1700072067\n|move|p2a: Tornadus|U-turn|p1a: Garganacl\n|-damage|p1a: Garganacl|80\/100\n|\n|t:|1700072071\n|switch|p2a: Sandy Shocks|Sandy Shocks|100\/100|[from] U-turn\n|move|p1a: Garganacl|Salt Cure|p2a: Sandy Shocks\n|-resisted|p2a: Sandy Shocks\n|-damage|p2a: Sandy Shocks|92\/100\n|-start|p2a: Sandy Shocks|Salt Cure\n|\n|-heal|p2a: Sandy Shocks|98\/100|[from] Grassy Terrain\n|-heal|p1a: Garganacl|86\/100|[from] Grassy Terrain\n|-damage|p2a: Sandy Shocks|86\/100|[from] Salt Cure\n|upkeep\n|turn|4\n|\n|t:|1700072096\n|switch|p1a: Rillaboom|Rillaboom, F|100\/100\n|move|p2a: Sandy Shocks|Volt Switch|p1a: Rillaboom\n|-resisted|p1a: Rillaboom\n|-damage|p1a: Rillaboom|77\/100\n|\n|t:|1700072102\n|-end|p2a: Sandy Shocks|Protosynthesis|[silent]\n|switch|p2a: Cinderace|Cinderace, M|100\/100|[from] Volt Switch\n|\n|-heal|p1a: Rillaboom|83\/100|[from] Grassy Terrain\n|-sideend|p2: JustMe192|move: Tailwind\n|upkeep\n|turn|5\n|\n|t:|1700072117\n|switch|p1a: Heatran|Heatran, M|100\/100\n|move|p2a: Cinderace|High Jump Kick|p1a: Heatran\n|-start|p2a: Cinderace|typechange|Fighting|[from] ability: Libero\n|-supereffective|p1a: Heatran\n|-damage|p1a: Heatran|0 fnt\n|faint|p1a: Heatran\n|\n|-fieldend|move: Grassy Terrain\n|upkeep\n|inactive|dusteet has 120 seconds left.\n|\n|t:|1700072135\n|switch|p1a: Zapdos|Zapdos|100\/100\n|turn|6\n|\n|t:|1700072147\n|switch|p2a: Heatran|Heatran, F|100\/100\n|move|p1a: Zapdos|Volt Switch|p2a: Heatran\n|-damage|p2a: Heatran|83\/100\n|inactive|dusteet has 120 seconds left.\n|\n|t:|1700072163\n|switch|p1a: Walking Wake|Walking Wake|100\/100|[from] Volt Switch\n|\n|-heal|p2a: Heatran|90\/100|[from] item: Leftovers\n|upkeep\n|turn|7\n|\n|t:|1700072175\n|move|p1a: Walking Wake|Scald|p2a: Heatran\n|-supereffective|p2a: Heatran\n|-damage|p2a: Heatran|37\/100\n|move|p2a: Heatran|Stealth Rock|p1a: Walking Wake\n|-sidestart|p1: dusteet|move: Stealth Rock\n|\n|-heal|p2a: Heatran|43\/100|[from] item: Leftovers\n|upkeep\n|turn|8\n|\n|t:|1700072179\n|switch|p2a: Ogerpon|Ogerpon-Wellspring, F|100\/100\n|move|p1a: Walking Wake|Scald|p2a: Ogerpon\n|-immune|p2a: Ogerpon|[from] ability: Water Absorb\n|\n|upkeep\n|turn|9\n|\n|t:|1700072188\n|switch|p2a: Heatran|Heatran, F|43\/100\n|-end|p1a: Walking Wake|Protosynthesis|[silent]\n|switch|p1a: Rillaboom|Rillaboom, F|83\/100\n|-damage|p1a: Rillaboom|71\/100|[from] Stealth Rock\n|-fieldstart|move: Grassy Terrain|[from] ability: Grassy Surge|[of] p1a: Rillaboom\n|\n|-heal|p1a: Rillaboom|77\/100|[from] Grassy Terrain\n|-heal|p2a: Heatran|49\/100|[from] Grassy Terrain\n|-heal|p2a: Heatran|55\/100|[from] item: Leftovers\n|upkeep\n|turn|10\n|\n|t:|1700072195\n|move|p1a: Rillaboom|Knock Off|p2a: Heatran\n|-damage|p2a: Heatran|10\/100\n|-enditem|p2a: Heatran|Leftovers|[from] move: Knock Off|[of] p1a: Rillaboom\n|move|p2a: Heatran|Magma Storm|p1a: Rillaboom|[miss]\n|-miss|p2a: Heatran|p1a: Rillaboom\n|\n|-heal|p1a: Rillaboom|83\/100|[from] Grassy Terrain\n|-heal|p2a: Heatran|16\/100|[from] Grassy Terrain\n|upkeep\n|turn|11\n|\n|t:|1700072207\n|move|p1a: Rillaboom|Knock Off|p2a: Heatran\n|-damage|p2a: Heatran|0 fnt\n|faint|p2a: Heatran\n|\n|-heal|p1a: Rillaboom|89\/100|[from] Grassy Terrain\n|upkeep\n|\n|t:|1700072212\n|switch|p2a: Cinderace|Cinderace, M|100\/100\n|turn|12\n|\n|t:|1700072219\n|switch|p1a: Zapdos|Zapdos|100\/100\n|move|p2a: Cinderace|Pyro Ball|p1a: Zapdos|[miss]\n|-miss|p2a: Cinderace|p1a: Zapdos\n|\n|upkeep\n|turn|13\n|\n|t:|1700072224\n|move|p2a: Cinderace|Pyro Ball|p1a: Zapdos\n|-damage|p1a: Zapdos|25\/100\n|move|p1a: Zapdos|Thunder Wave|p2a: Cinderace\n|-status|p2a: Cinderace|par\n|\n|-fieldend|move: Grassy Terrain\n|upkeep\n|turn|14\n|\n|t:|1700072228\n|move|p1a: Zapdos|Hurricane|p2a: Cinderace\n|-damage|p2a: Cinderace|37\/100 par\n|move|p2a: Cinderace|Pyro Ball|p1a: Zapdos\n|-damage|p1a: Zapdos|0 fnt\n|faint|p1a: Zapdos\n|\n|upkeep\n|\n|t:|1700072232\n|switch|p1a: Rillaboom|Rillaboom, F|89\/100\n|-damage|p1a: Rillaboom|77\/100|[from] Stealth Rock\n|-fieldstart|move: Grassy Terrain|[from] ability: Grassy Surge|[of] p1a: Rillaboom\n|turn|15\n|\n|t:|1700072254\n|switch|p2a: Tornadus|Tornadus-Therian, M|92\/100\n|move|p1a: Rillaboom|Wood Hammer|p2a: Tornadus\n|-resisted|p2a: Tornadus\n|-damage|p2a: Tornadus|14\/100\n|-damage|p1a: Rillaboom|49\/100|[from] Recoil\n|\n|-heal|p1a: Rillaboom|55\/100|[from] Grassy Terrain\n|upkeep\n|turn|16\n|\n|t:|1700072273\n|switch|p1a: Garganacl|Garganacl, F|86\/100\n|-damage|p1a: Garganacl|74\/100|[from] Stealth Rock\n|move|p2a: Tornadus|Tailwind|p2a: Tornadus\n|-sidestart|p2: JustMe192|move: Tailwind\n|\n|-heal|p1a: Garganacl|80\/100|[from] Grassy Terrain\n|upkeep\n|turn|17\n|\n|t:|1700072281\n|move|p2a: Tornadus|U-turn|p1a: Garganacl\n|-damage|p1a: Garganacl|70\/100\n|\n|t:|1700072284\n|switch|p2a: Sandy Shocks|Sandy Shocks|86\/100|[from] U-turn\n|move|p1a: Garganacl|Salt Cure|p2a: Sandy Shocks\n|-resisted|p2a: Sandy Shocks\n|-damage|p2a: Sandy Shocks|79\/100\n|-start|p2a: Sandy Shocks|Salt Cure\n|\n|-heal|p2a: Sandy Shocks|85\/100|[from] Grassy Terrain\n|-heal|p1a: Garganacl|76\/100|[from] Grassy Terrain\n|-damage|p2a: Sandy Shocks|73\/100|[from] Salt Cure\n|upkeep\n|turn|18\n|\n|t:|1700072294\n|move|p2a: Sandy Shocks|Earth Power|p1a: Garganacl\n|-supereffective|p1a: Garganacl\n|-damage|p1a: Garganacl|16\/100\n|move|p1a: Garganacl|Body Press|p2a: Sandy Shocks\n|-damage|p2a: Sandy Shocks|44\/100\n|\n|-heal|p2a: Sandy Shocks|50\/100|[from] Grassy Terrain\n|-heal|p1a: Garganacl|22\/100|[from] Grassy Terrain\n|-damage|p2a: Sandy Shocks|38\/100|[from] Salt Cure\n|upkeep\n|turn|19\n|\n|t:|1700072300\n|move|p2a: Sandy Shocks|Earth Power|p1a: Garganacl\n|-supereffective|p1a: Garganacl\n|-damage|p1a: Garganacl|0 fnt\n|faint|p1a: Garganacl\n|\n|-heal|p2a: Sandy Shocks|44\/100|[from] Grassy Terrain\n|-damage|p2a: Sandy Shocks|32\/100|[from] Salt Cure\n|-sideend|p2: JustMe192|move: Tailwind\n|-fieldend|move: Grassy Terrain\n|upkeep\n|\n|t:|1700072308\n|switch|p1a: Walking Wake|Walking Wake|100\/100\n|turn|20\n|\n|t:|1700072331\n|move|p2a: Sandy Shocks|Earth Power|p1a: Walking Wake\n|-damage|p1a: Walking Wake|45\/100\n|move|p1a: Walking Wake|Draco Meteor|p2a: Sandy Shocks\n|-damage|p2a: Sandy Shocks|0 fnt\n|-unboost|p1a: Walking Wake|spa|2\n|faint|p2a: Sandy Shocks\n|-end|p2a: Sandy Shocks|Protosynthesis|[silent]\n|\n|upkeep\n|\n|t:|1700072340\n|switch|p2a: Cinderace|Cinderace, M|37\/100 par\n|turn|21\n|\n|t:|1700072357\n|cant|p2a: Cinderace|par\n|move|p1a: Walking Wake|Flip Turn|p2a: Cinderace\n|-supereffective|p2a: Cinderace\n|-damage|p2a: Cinderace|0 fnt\n|faint|p2a: Cinderace\n|\n|t:|1700072362\n|-end|p1a: Walking Wake|Protosynthesis|[silent]\n|switch|p1a: Rillaboom|Rillaboom, F|55\/100|[from] Flip Turn\n|-damage|p1a: Rillaboom|43\/100|[from] Stealth Rock\n|-fieldstart|move: Grassy Terrain|[from] ability: Grassy Surge|[of] p1a: Rillaboom\n|\n|-heal|p1a: Rillaboom|49\/100|[from] Grassy Terrain\n|upkeep\n|\n|t:|1700072378\n|switch|p2a: Tornadus|Tornadus-Therian, M|47\/100\n|turn|22\n|\n|t:|1700072394\n|move|p2a: Tornadus|Tailwind|p2a: Tornadus\n|-sidestart|p2: JustMe192|move: Tailwind\n|move|p1a: Rillaboom|Knock Off|p2a: Tornadus\n|-damage|p2a: Tornadus|0 fnt\n|-enditem|p2a: Tornadus|Heavy-Duty Boots|[from] move: Knock Off|[of] p1a: Rillaboom\n|faint|p2a: Tornadus\n|\n|-heal|p1a: Rillaboom|55\/100|[from] Grassy Terrain\n|upkeep\n|\n|t:|1700072397\n|switch|p2a: Great Tusk|Great Tusk|100\/100\n|turn|23\n|\n|t:|1700072402\n|switch|p1a: Walking Wake|Walking Wake|45\/100\n|move|p2a: Great Tusk|Close Combat|p1a: Walking Wake\n|-damage|p1a: Walking Wake|0 fnt\n|-unboost|p2a: Great Tusk|def|1\n|-unboost|p2a: Great Tusk|spd|1\n|faint|p1a: Walking Wake\n|-end|p1a: Walking Wake|Protosynthesis|[silent]\n|\n|upkeep\n|\n|t:|1700072404\n|switch|p1a: Rillaboom|Rillaboom, F|55\/100\n|-damage|p1a: Rillaboom|43\/100|[from] Stealth Rock\n|turn|24\n|\n|t:|1700072430\n|-terastallize|p2a: Great Tusk|Fighting\n|move|p1a: Rillaboom|Grassy Glide|p2a: Great Tusk\n|-damage|p2a: Great Tusk|46\/100\n|move|p2a: Great Tusk|Close Combat|p1a: Rillaboom\n|-damage|p1a: Rillaboom|0 fnt\n|-unboost|p2a: Great Tusk|def|1\n|-unboost|p2a: Great Tusk|spd|1\n|faint|p1a: Rillaboom\n|\n|-heal|p2a: Great Tusk|52\/100|[from] Grassy Terrain\n|upkeep\n|\n|t:|1700072434\n|switch|p1a: Great Tusk|Great Tusk|100\/100\n|-damage|p1a: Great Tusk|97\/100|[from] Stealth Rock\n|turn|25\n|inactive|dusteet has 120 seconds left.\n|\n|t:|1700072466\n|move|p2a: Great Tusk|Close Combat|p1a: Great Tusk\n|-damage|p1a: Great Tusk|41\/100\n|-unboost|p2a: Great Tusk|def|1\n|-unboost|p2a: Great Tusk|spd|1\n|move|p1a: Great Tusk|Headlong Rush|p2a: Great Tusk\n|-damage|p2a: Great Tusk|0 fnt\n|-unboost|p1a: Great Tusk|def|1\n|-unboost|p1a: Great Tusk|spd|1\n|faint|p2a: Great Tusk\n|-end|p2a: Great Tusk|Protosynthesis|[silent]\n|\n|-heal|p1a: Great Tusk|48\/100|[from] Grassy Terrain\n|-heal|p1a: Great Tusk|54\/100|[from] item: Leftovers\n|-sideend|p2: JustMe192|move: Tailwind\n|-fieldend|move: Grassy Terrain\n|upkeep\n|\n|t:|1700072471\n|switch|p2a: Ogerpon|Ogerpon-Wellspring, F|100\/100\n|turn|26\n|\n|t:|1700072485\n|-terastallize|p1a: Great Tusk|Poison\n|move|p2a: Ogerpon|Ivy Cudgel|p1a: Great Tusk|[anim] Ivy Cudgel Water\n|-crit|p1a: Great Tusk\n|-damage|p1a: Great Tusk|0 fnt\n|faint|p1a: Great Tusk\n|-end|p1a: Great Tusk|Protosynthesis|[silent]\n|\n|win|JustMe192\n|raw|dusteet's rating: 1182 &rarr; <strong>1164<\/strong><br \/>(-18 for losing)\n|raw|JustMe192's rating: 1278 &rarr; <strong>1296<\/strong><br \/>(+18 for winning)\n|l|\u2606dusteet\n|l|\u2606JustMe192\n|j|\u2606JustMe192\n|player|p2|JustMe192|guzma\n","uploadtime":1700072541,"views":11,"p1id":"dusteet","p2id":"justme192","formatid":"gen9ou","rating":1164,"private":0,"password":""}