{"id":"gen9ou-1995067781","p1":"vicper15","p2":"Prietar","format":"[Gen 9] OU","log":"|j|\u2606vicper15\n|j|\u2606Prietar\n|t:|1700519032\n|gametype|singles\n|player|p1|vicper15|cynthia-gen4|\n|player|p2|Prietar|schoolkidf|\n|teamsize|p1|6\n|teamsize|p2|6\n|gen|9\n|tier|[Gen 9] OU\n|rule|Sleep Clause Mod: Limit one foe put to sleep\n|rule|Species Clause: Limit one of each Pok\u00e9mon\n|rule|OHKO Clause: OHKO moves are banned\n|rule|Evasion Items Clause: Evasion items are banned\n|rule|Evasion Moves Clause: Evasion moves are banned\n|rule|Endless Battle Clause: Forcing endless battles is banned\n|rule|HP Percentage Mod: HP is shown in percentages\n|clearpoke\n|poke|p1|Clefable, F|\n|poke|p1|Great Tusk|\n|poke|p1|Gholdengo|\n|poke|p1|Ogerpon-Wellspring, F|\n|poke|p1|Kingambit, F|\n|poke|p1|Slowking-Galar, F|\n|poke|p2|Great Tusk|\n|poke|p2|Haxorus, M|\n|poke|p2|Rotom-Wash|\n|poke|p2|Clefable, M|\n|poke|p2|Iron Moth|\n|poke|p2|Dragapult, M|\n|teampreview\n|c|\u2606vicper15|suerteee\n|c|\u2606Prietar|igualmente\n|\n|t:|1700519047\n|start\n|switch|p1a: Great Tusk|Great Tusk|100\/100\n|switch|p2a: Rotom|Rotom-Wash|100\/100\n|turn|1\n|\n|t:|1700519057\n|-end|p1a: Great Tusk|Protosynthesis|[silent]\n|switch|p1a: Gholdengo|Gholdengo|100\/100\n|move|p2a: Rotom|Hydro Pump|p1a: Gholdengo\n|-damage|p1a: Gholdengo|56\/100\n|\n|upkeep\n|turn|2\n|\n|t:|1700519064\n|switch|p1a: Ogerpon|Ogerpon-Wellspring, F|100\/100\n|move|p2a: Rotom|Hydro Pump|p1a: Ogerpon\n|-immune|p1a: Ogerpon|[from] ability: Water Absorb\n|\n|upkeep\n|turn|3\n|\n|t:|1700519095\n|switch|p2a: Iron Moth|Iron Moth|100\/100\n|-item|p2a: Iron Moth|Air Balloon\n|move|p1a: Ogerpon|Trailblaze|p2a: Iron Moth\n|-resisted|p2a: Iron Moth\n|-damage|p2a: Iron Moth|88\/100\n|-boost|p1a: Ogerpon|spe|1\n|-enditem|p2a: Iron Moth|Air Balloon\n|\n|upkeep\n|turn|4\n|\n|t:|1700519108\n|-end|p2a: Iron Moth|Quark Drive|[silent]\n|switch|p2a: Rotom|Rotom-Wash|100\/100\n|-terastallize|p1a: Ogerpon|Water\n|detailschange|p1a: Ogerpon|Ogerpon-Wellspring-Tera, F, tera:Water\n|-ability|p1a: Ogerpon|Embody Aspect (Wellspring)|boost\n|-boost|p1a: Ogerpon|spd|1\n|move|p1a: Ogerpon|Ivy Cudgel|p2a: Rotom|[anim] Ivy Cudgel Water\n|-resisted|p2a: Rotom\n|-damage|p2a: Rotom|56\/100\n|\n|upkeep\n|turn|5\n|\n|t:|1700519119\n|move|p1a: Ogerpon|Swords Dance|p1a: Ogerpon\n|-boost|p1a: Ogerpon|atk|2\n|move|p2a: Rotom|Trick||[still]\n|-fail|p2a: Rotom\n|\n|upkeep\n|turn|6\n|c|\u2606Prietar|ostiaaaaaaaaa\n|c|\u2606vicper15|no sab\u00eda eso\n|c|\u2606vicper15|jajajjajaaj\n|c|\u2606Prietar|yo tampoco\n|c|\u2606Prietar|pero tiene sentido jajajaja\n|c|\u2606vicper15|si tiene si\n|c|\u2606vicper15|vaya putadon\n|c|\u2606Prietar|es probablemente gg con mi equipo ajajaja\n|c|\u2606vicper15|puede ser la verdad\n|\n|t:|1700519186\n|switch|p2a: Dragapult|Dragapult, M|100\/100\n|move|p1a: Ogerpon|Swords Dance|p1a: Ogerpon\n|-boost|p1a: Ogerpon|atk|2\n|\n|upkeep\n|turn|7\n|c|\u2606vicper15|porque se viene un sword dance cojonudo aqu\u00ed, te aviso\n|c|\u2606vicper15|jsjsjs\n|\n|t:|1700519195\n|move|p1a: Ogerpon|Ivy Cudgel|p2a: Dragapult|[anim] Ivy Cudgel Water\n|-resisted|p2a: Dragapult\n|-damage|p2a: Dragapult|0 fnt\n|faint|p2a: Dragapult\n|\n|upkeep\n|\n|t:|1700519253\n|switch|p2a: Rotom|Rotom-Wash|56\/100\n|turn|8\n|\n|t:|1700519260\n|move|p1a: Ogerpon|Trailblaze|p2a: Rotom\n|-supereffective|p2a: Rotom\n|-damage|p2a: Rotom|0 fnt\n|-boost|p1a: Ogerpon|spe|1\n|faint|p2a: Rotom\n|\n|upkeep\n|\n|t:|1700519272\n|switch|p2a: Iron Moth|Iron Moth|88\/100\n|turn|9\n|\n|t:|1700519278\n|-terastallize|p2a: Iron Moth|Grass\n|move|p1a: Ogerpon|Ivy Cudgel|p2a: Iron Moth|[anim] Ivy Cudgel Water\n|-resisted|p2a: Iron Moth\n|-damage|p2a: Iron Moth|0 fnt\n|faint|p2a: Iron Moth\n|-end|p2a: Iron Moth|Quark Drive|[silent]\n|\n|upkeep\n|\n|t:|1700519284\n|switch|p2a: Haxorus|Haxorus, M|100\/100\n|-ability|p2a: Haxorus|Mold Breaker\n|turn|10\n|\n|t:|1700519289\n|move|p1a: Ogerpon|Ivy Cudgel|p2a: Haxorus|[anim] Ivy Cudgel Water\n|-resisted|p2a: Haxorus\n|-damage|p2a: Haxorus|0 fnt\n|faint|p2a: Haxorus\n|\n|upkeep\n|\n|t:|1700519295\n|switch|p2a: Great Tusk|Great Tusk|100\/100\n|turn|11\n|\n|t:|1700519300\n|move|p1a: Ogerpon|Ivy Cudgel|p2a: Great Tusk|[anim] Ivy Cudgel Water\n|-supereffective|p2a: Great Tusk\n|-damage|p2a: Great Tusk|0 fnt\n|faint|p2a: Great Tusk\n|-end|p2a: Great Tusk|Protosynthesis|[silent]\n|\n|upkeep\n|\n|t:|1700519305\n|switch|p2a: Clefable|Clefable, M|100\/100\n|turn|12\n|c|\u2606vicper15|gameplay\n|\n|t:|1700519309\n|move|p1a: Ogerpon|Ivy Cudgel|p2a: Clefable|[anim] Ivy Cudgel Water\n|-damage|p2a: Clefable|0 fnt\n|faint|p2a: Clefable\n|\n|win|vicper15\n|c|\u2606vicper15|madre mia que asco\n|c|\u2606vicper15|gg wey\n|c|\u2606Prietar|balanced xd\n|c|\u2606Prietar|gg\n|c|\u2606vicper15|lit xd\n|l|\u2606Prietar\n|c|\u2606vicper15|mira el lado positivo\n|j|\u2606Prietar\n|player|p2|Prietar|schoolkidf\n|c|\u2606vicper15|no ha sido un gambit\n","uploadtime":1700519319,"views":18,"p1id":"vicper15","p2id":"prietar","formatid":"gen9ou","rating":0,"private":0,"password":""}