{"id":"gen9ou-1988473792","p1":"DeathSlayerZX","p2":"BugCatcherN8R1X","format":"[Gen 9] OU","log":"|j|\u2606DeathSlayerZX\n|j|\u2606BugCatcherN8R1X\n|t:|1699726751\n|gametype|singles\n|player|p1|DeathSlayerZX|plasmagrunt|1093\n|player|p2|BugCatcherN8R1X|bugcatcher-gen4dp|1045\n|teamsize|p1|6\n|teamsize|p2|6\n|gen|9\n|tier|[Gen 9] OU\n|rated|\n|rule|Sleep Clause Mod: Limit one foe put to sleep\n|rule|Species Clause: Limit one of each Pok\u00e9mon\n|rule|OHKO Clause: OHKO moves are banned\n|rule|Evasion Items Clause: Evasion items are banned\n|rule|Evasion Moves Clause: Evasion moves are banned\n|rule|Endless Battle Clause: Forcing endless battles is banned\n|rule|HP Percentage Mod: HP is shown in percentages\n|clearpoke\n|poke|p1|Farigiraf, F|\n|poke|p1|Fezandipiti, M|\n|poke|p1|Kleavor, F|\n|poke|p1|Okidogi, M|\n|poke|p1|Electrode-Hisui|\n|poke|p1|Hydreigon, F|\n|poke|p2|Kleavor, M|\n|poke|p2|Lokix, M|\n|poke|p2|Vikavolt, F|\n|poke|p2|Slither Wing|\n|poke|p2|Scizor, M|\n|poke|p2|Ribombee, M|\n|teampreview\n|\n|t:|1699726759\n|start\n|switch|p1a: Electrode|Electrode-Hisui|100\/100\n|switch|p2a: Hachiman|Kleavor, M|100\/100\n|turn|1\n|\n|t:|1699726766\n|move|p1a: Electrode|Volt Switch|p2a: Hachiman\n|-damage|p2a: Hachiman|41\/100\n|\n|t:|1699726772\n|switch|p1a: Okidogi|Okidogi, M|100\/100|[from] Volt Switch\n|move|p2a: Hachiman|U-turn|p1a: Okidogi\n|-resisted|p1a: Okidogi\n|-damage|p1a: Okidogi|93\/100\n|\n|t:|1699726779\n|switch|p2a: Apollo|Slither Wing|100\/100|[from] U-turn\n|-enditem|p2a: Apollo|Booster Energy\n|-activate|p2a: Apollo|ability: Protosynthesis|[fromitem]\n|-start|p2a: Apollo|protosynthesisatk\n|\n|-heal|p1a: Okidogi|99\/100|[from] item: Leftovers\n|upkeep\n|turn|2\n|\n|t:|1699726787\n|move|p2a: Apollo|Flame Charge|p1a: Okidogi\n|-damage|p1a: Okidogi|81\/100\n|-boost|p2a: Apollo|spe|1\n|move|p1a: Okidogi|Bulk Up|p1a: Okidogi\n|-boost|p1a: Okidogi|atk|1\n|-boost|p1a: Okidogi|def|1\n|\n|-heal|p1a: Okidogi|87\/100|[from] item: Leftovers\n|upkeep\n|turn|3\n|\n|t:|1699726793\n|move|p2a: Apollo|Acrobatics|p1a: Okidogi\n|-supereffective|p1a: Okidogi\n|-damage|p1a: Okidogi|39\/100\n|move|p1a: Okidogi|Drain Punch|p2a: Apollo\n|-resisted|p2a: Apollo\n|-damage|p2a: Apollo|64\/100\n|-heal|p1a: Okidogi|54\/100|[from] drain|[of] p2a: Apollo\n|\n|-heal|p1a: Okidogi|60\/100|[from] item: Leftovers\n|upkeep\n|turn|4\n|\n|t:|1699726806\n|-terastallize|p2a: Apollo|Ground\n|move|p2a: Apollo|Earthquake|p1a: Okidogi\n|-supereffective|p1a: Okidogi\n|-crit|p1a: Okidogi\n|-damage|p1a: Okidogi|0 fnt\n|faint|p1a: Okidogi\n|\n|upkeep\n|\n|t:|1699726812\n|switch|p1a: Electrode|Electrode-Hisui|100\/100\n|turn|5\n|\n|t:|1699726823\n|move|p1a: Electrode|Energy Ball|p2a: Apollo\n|-supereffective|p2a: Apollo\n|-damage|p2a: Apollo|0 fnt\n|faint|p2a: Apollo\n|-end|p2a: Apollo|Protosynthesis|[silent]\n|\n|upkeep\n|\n|t:|1699726833\n|switch|p2a: Thor|Vikavolt, F|100\/100\n|turn|6\n|\n|t:|1699726838\n|switch|p1a: Fairy-Giraf|Farigiraf, F|100\/100\n|move|p2a: Thor|Agility|p2a: Thor\n|-boost|p2a: Thor|spe|2\n|\n|upkeep\n|turn|7\n|inactive|Battle timer is ON: inactive players will automatically lose when time's up. (requested by BugCatcherN8R1X)\n|\n|t:|1699726847\n|-terastallize|p1a: Fairy-Giraf|Fairy\n|move|p2a: Thor|Bug Buzz|p1a: Fairy-Giraf\n|-resisted|p1a: Fairy-Giraf\n|-damage|p1a: Fairy-Giraf|74\/100\n|-unboost|p1a: Fairy-Giraf|spd|1\n|-enditem|p2a: Thor|Throat Spray\n|-boost|p2a: Thor|spa|1|[from] item: Throat Spray\n|move|p1a: Fairy-Giraf|Nasty Plot|p1a: Fairy-Giraf\n|-boost|p1a: Fairy-Giraf|spa|2\n|\n|upkeep\n|turn|8\n|\n|t:|1699726857\n|move|p2a: Thor|Thunderbolt|p1a: Fairy-Giraf\n|-damage|p1a: Fairy-Giraf|0 fnt\n|faint|p1a: Fairy-Giraf\n|\n|upkeep\n|\n|t:|1699726865\n|switch|p1a: Hydreigon|Hydreigon, F|100\/100\n|turn|9\n|\n|t:|1699726871\n|move|p2a: Thor|Bug Buzz|p1a: Hydreigon\n|-supereffective|p1a: Hydreigon\n|-enditem|p1a: Hydreigon|Focus Sash\n|-damage|p1a: Hydreigon|1\/100\n|move|p1a: Hydreigon|Flamethrower|p2a: Thor\n|-supereffective|p2a: Thor\n|-damage|p2a: Thor|12\/100\n|\n|upkeep\n|turn|10\n|\n|t:|1699726881\n|move|p2a: Thor|Bug Buzz|p1a: Hydreigon\n|-supereffective|p1a: Hydreigon\n|-damage|p1a: Hydreigon|0 fnt\n|faint|p1a: Hydreigon\n|\n|upkeep\n|\n|t:|1699726883\n|switch|p1a: Electrode|Electrode-Hisui|100\/100\n|turn|11\n|\n|t:|1699726889\n|move|p1a: Electrode|Volt Switch|p2a: Thor\n|-resisted|p2a: Thor\n|-damage|p2a: Thor|0 fnt\n|faint|p2a: Thor\n|\n|t:|1699726897\n|switch|p1a: Fezandipiti|Fezandipiti, M|100\/100|[from] Volt Switch\n|\n|upkeep\n|\n|t:|1699726903\n|switch|p2a: Ares|Scizor, M|100\/100\n|turn|12\n|\n|t:|1699726915\n|move|p1a: Fezandipiti|U-turn|p2a: Ares\n|-resisted|p2a: Ares\n|-damage|p2a: Ares|91\/100\n|\n|t:|1699726918\n|switch|p1a: Electrode|Electrode-Hisui|100\/100|[from] U-turn\n|move|p2a: Ares|Swords Dance|p2a: Ares\n|-boost|p2a: Ares|atk|2\n|\n|upkeep\n|turn|13\n|\n|t:|1699726923\n|move|p2a: Ares|Bullet Punch|p1a: Electrode\n|-resisted|p1a: Electrode\n|-damage|p1a: Electrode|37\/100\n|-heal|p2a: Ares|97\/100|[from] item: Shell Bell|[of] p1a: Electrode\n|move|p1a: Electrode|Foul Play|p2a: Ares\n|-damage|p2a: Ares|31\/100\n|\n|upkeep\n|turn|14\n|\n|t:|1699726930\n|move|p2a: Ares|Bullet Punch|p1a: Electrode\n|-resisted|p1a: Electrode\n|-damage|p1a: Electrode|0 fnt\n|-damage|p2a: Ares|6\/100|[from] ability: Aftermath|[of] p1a: Electrode\n|faint|p1a: Electrode\n|-heal|p2a: Ares|10\/100|[from] item: Shell Bell|[of] p1: Electrode\n|\n|upkeep\n|\n|t:|1699726938\n|switch|p1a: Kleavor|Kleavor, F|100\/100\n|turn|15\n|\n|t:|1699726941\n|move|p2a: Ares|Bullet Punch|p1a: Kleavor\n|-supereffective|p1a: Kleavor\n|-crit|p1a: Kleavor\n|-damage|p1a: Kleavor|0 fnt\n|faint|p1a: Kleavor\n|-heal|p2a: Ares|20\/100|[from] item: Shell Bell|[of] p1: Kleavor\n|\n|upkeep\n|\n|t:|1699726944\n|switch|p1a: Fezandipiti|Fezandipiti, M|100\/100\n|turn|16\n|\n|t:|1699726951\n|move|p2a: Ares|Bullet Punch|p1a: Fezandipiti\n|-supereffective|p1a: Fezandipiti\n|-damage|p1a: Fezandipiti|0 fnt\n|faint|p1a: Fezandipiti\n|-heal|p2a: Ares|33\/100|[from] item: Shell Bell|[of] p1: Fezandipiti\n|\n|win|BugCatcherN8R1X\n|raw|DeathSlayerZX's rating: 1093 &rarr; <strong>1066<\/strong><br \/>(-27 for losing)\n|raw|BugCatcherN8R1X's rating: 1045 &rarr; <strong>1083<\/strong><br \/>(+38 for winning)\n|l|\u2606DeathSlayerZX\n","uploadtime":1699726962,"views":14,"p1id":"deathslayerzx","p2id":"bugcatchern8r1x","formatid":"gen9ou","rating":1066,"private":0,"password":""}