{"id":"gen9ou-1991054151","p1":"VantaBlack0","p2":"CyberH3","format":"[Gen 9] OU","log":"|j|\u2606VantaBlack0\n|j|\u2606CyberH3\n|t:|1700035412\n|gametype|singles\n|player|p1|VantaBlack0|cynthia|1123\n|player|p2|CyberH3|mars|1218\n|teamsize|p1|6\n|teamsize|p2|6\n|gen|9\n|tier|[Gen 9] OU\n|rated|\n|rule|Sleep Clause Mod: Limit one foe put to sleep\n|rule|Species Clause: Limit one of each Pok\u00e9mon\n|rule|OHKO Clause: OHKO moves are banned\n|rule|Evasion Items Clause: Evasion items are banned\n|rule|Evasion Moves Clause: Evasion moves are banned\n|rule|Endless Battle Clause: Forcing endless battles is banned\n|rule|HP Percentage Mod: HP is shown in percentages\n|clearpoke\n|poke|p1|Cloyster, M|\n|poke|p1|Sneasler, F|\n|poke|p1|Ceruledge, F|\n|poke|p1|Iron Jugulis|\n|poke|p1|Gholdengo|\n|poke|p1|Wo-Chien|\n|poke|p2|Goodra-Hisui, M|\n|poke|p2|Scizor, M|\n|poke|p2|Mimikyu, M|\n|poke|p2|Iron Valiant|\n|poke|p2|Talonflame, F|\n|poke|p2|Lokix, M|\n|teampreview\n|\n|t:|1700035426\n|start\n|switch|p1a: Waffles|Cloyster, M, shiny|100\/100\n|switch|p2a: Eat With Scissors|Scizor, M|100\/100\n|turn|1\n|\n|t:|1700035436\n|move|p1a: Waffles|Shell Smash|p1a: Waffles\n|-unboost|p1a: Waffles|def|1\n|-unboost|p1a: Waffles|spd|1\n|-boost|p1a: Waffles|atk|2\n|-boost|p1a: Waffles|spa|2\n|-boost|p1a: Waffles|spe|2\n|move|p2a: Eat With Scissors|U-turn|p1a: Waffles\n|-damage|p1a: Waffles|31\/100\n|-damage|p2a: Eat With Scissors|91\/100|[from] item: Life Orb\n|\n|t:|1700035451\n|switch|p2a: R-TRUS|Iron Valiant|100\/100|[from] U-turn\n|-enditem|p2a: R-TRUS|Booster Energy\n|-activate|p2a: R-TRUS|ability: Quark Drive|[fromitem]\n|-start|p2a: R-TRUS|quarkdrivespe\n|\n|upkeep\n|turn|2\n|\n|t:|1700035461\n|move|p2a: R-TRUS|Moonblast|p1a: Waffles\n|-damage|p1a: Waffles|0 fnt\n|faint|p1a: Waffles\n|\n|upkeep\n|\n|t:|1700035466\n|switch|p1a: Sneasler|Sneasler, F|100\/100\n|turn|3\n|\n|t:|1700035470\n|move|p1a: Sneasler|Fake Out|p2a: R-TRUS\n|-enditem|p1a: Sneasler|Normal Gem|[from] gem\n|-damage|p2a: R-TRUS|75\/100\n|cant|p2a: R-TRUS|flinch\n|\n|upkeep\n|turn|4\n|\n|t:|1700035478\n|move|p1a: Sneasler|Dire Claw|p2a: R-TRUS\n|-supereffective|p2a: R-TRUS\n|-damage|p2a: R-TRUS|0 fnt\n|faint|p2a: R-TRUS\n|-end|p2a: R-TRUS|Quark Drive|[silent]\n|\n|upkeep\n|\n|t:|1700035491\n|switch|p2a: Morf LeRosh|Lokix, M|100\/100\n|turn|5\n|\n|t:|1700035494\n|move|p2a: Morf LeRosh|First Impression|p1a: Sneasler\n|-resisted|p1a: Sneasler\n|-damage|p1a: Sneasler|56\/100\n|-damage|p2a: Morf LeRosh|91\/100|[from] item: Life Orb\n|move|p1a: Sneasler|Acrobatics|p2a: Morf LeRosh\n|-supereffective|p2a: Morf LeRosh\n|-damage|p2a: Morf LeRosh|0 fnt\n|faint|p2a: Morf LeRosh\n|\n|upkeep\n|\n|t:|1700035499\n|switch|p2a: Eat With Scissors|Scizor, M|91\/100\n|turn|6\n|\n|t:|1700035509\n|move|p2a: Eat With Scissors|Bullet Punch|p1a: Sneasler\n|-crit|p1a: Sneasler\n|-damage|p1a: Sneasler|0 fnt\n|faint|p1a: Sneasler\n|-damage|p2a: Eat With Scissors|81\/100|[from] item: Life Orb\n|\n|upkeep\n|\n|t:|1700035518\n|switch|p1a: Ceruledge|Ceruledge, F|100\/100\n|turn|7\n|\n|t:|1700035526\n|move|p1a: Ceruledge|Swords Dance|p1a: Ceruledge\n|-boost|p1a: Ceruledge|atk|2\n|move|p2a: Eat With Scissors|Knock Off|p1a: Ceruledge\n|-supereffective|p1a: Ceruledge\n|-damage|p1a: Ceruledge|0 fnt\n|-enditem|p1a: Ceruledge|Heavy-Duty Boots|[from] move: Knock Off|[of] p2a: Eat With Scissors\n|faint|p1a: Ceruledge\n|-damage|p2a: Eat With Scissors|71\/100|[from] item: Life Orb\n|\n|upkeep\n|\n|t:|1700035536\n|switch|p1a: Iron Jugulis|Iron Jugulis|100\/100\n|-enditem|p1a: Iron Jugulis|Booster Energy\n|-activate|p1a: Iron Jugulis|ability: Quark Drive|[fromitem]\n|-start|p1a: Iron Jugulis|quarkdrivespe\n|turn|8\n|\n|t:|1700035544\n|switch|p2a: The XO|Talonflame, F|100\/100\n|move|p1a: Iron Jugulis|Hurricane|p2a: The XO\n|-damage|p2a: The XO|17\/100\n|\n|-heal|p2a: The XO|23\/100|[from] item: Leftovers\n|upkeep\n|turn|9\n|\n|t:|1700035552\n|move|p1a: Iron Jugulis|Dark Pulse|p2a: The XO\n|-damage|p2a: The XO|0 fnt\n|faint|p2a: The XO\n|\n|upkeep\n|\n|t:|1700035555\n|switch|p2a: Snailtare|Goodra-Hisui, M|100\/100\n|turn|10\n|\n|t:|1700035565\n|move|p1a: Iron Jugulis|Dark Pulse|p2a: Snailtare\n|-damage|p2a: Snailtare|75\/100\n|move|p2a: Snailtare|Ice Beam|p1a: Iron Jugulis\n|-supereffective|p1a: Iron Jugulis\n|-damage|p1a: Iron Jugulis|21\/100\n|\n|-heal|p2a: Snailtare|81\/100|[from] item: Leftovers\n|upkeep\n|turn|11\n|\n|t:|1700035574\n|move|p1a: Iron Jugulis|Dark Pulse|p2a: Snailtare\n|-damage|p2a: Snailtare|54\/100\n|move|p2a: Snailtare|Thunderbolt|p1a: Iron Jugulis\n|-supereffective|p1a: Iron Jugulis\n|-damage|p1a: Iron Jugulis|0 fnt\n|faint|p1a: Iron Jugulis\n|-end|p1a: Iron Jugulis|Quark Drive|[silent]\n|\n|-heal|p2a: Snailtare|60\/100|[from] item: Leftovers\n|upkeep\n|\n|t:|1700035585\n|switch|p1a: Wo-Chien|Wo-Chien|100\/100\n|-ability|p1a: Wo-Chien|Tablets of Ruin\n|turn|12\n|\n|t:|1700035591\n|switch|p1a: Gholdengo|Gholdengo|100\/100\n|move|p2a: Snailtare|Ice Beam|p1a: Gholdengo\n|-resisted|p1a: Gholdengo\n|-damage|p1a: Gholdengo|81\/100\n|\n|-heal|p2a: Snailtare|66\/100|[from] item: Leftovers\n|upkeep\n|turn|13\n|\n|t:|1700035599\n|move|p1a: Gholdengo|Trick|p2a: Snailtare\n|-activate|p1a: Gholdengo|move: Trick|[of] p2a: Snailtare\n|-item|p2a: Snailtare|Choice Scarf|[from] move: Trick\n|-item|p1a: Gholdengo|Leftovers|[from] move: Trick\n|move|p2a: Snailtare|Thunderbolt|p1a: Gholdengo\n|-damage|p1a: Gholdengo|44\/100\n|\n|-heal|p1a: Gholdengo|50\/100|[from] item: Leftovers\n|upkeep\n|turn|14\n|\n|t:|1700035618\n|-terastallize|p1a: Gholdengo|Fighting\n|move|p1a: Gholdengo|Shadow Ball|p2a: Snailtare\n|-damage|p2a: Snailtare|37\/100\n|move|p2a: Snailtare|Thunderbolt|p1a: Gholdengo\n|-damage|p1a: Gholdengo|14\/100\n|\n|-heal|p1a: Gholdengo|20\/100|[from] item: Leftovers\n|upkeep\n|turn|15\n|\n|t:|1700035628\n|switch|p2a: Eat With Scissors|Scizor, M|71\/100\n|move|p1a: Gholdengo|Tera Blast|p2a: Eat With Scissors|[anim] Tera Blast Fighting\n|-damage|p2a: Eat With Scissors|21\/100\n|\n|-heal|p1a: Gholdengo|26\/100|[from] item: Leftovers\n|upkeep\n|turn|16\n|\n|t:|1700035636\n|move|p2a: Eat With Scissors|Bullet Punch|p1a: Gholdengo\n|-damage|p1a: Gholdengo|0 fnt\n|faint|p1a: Gholdengo\n|-damage|p2a: Eat With Scissors|12\/100|[from] item: Life Orb\n|\n|upkeep\n|-message|VantaBlack0 forfeited.\n|\n|win|CyberH3\n|raw|VantaBlack0's rating: 1123 &rarr; <strong>1105<\/strong><br \/>(-18 for losing)\n|raw|CyberH3's rating: 1218 &rarr; <strong>1236<\/strong><br \/>(+18 for winning)\n|l|\u2606VantaBlack0\n","uploadtime":1700035644,"views":16,"p1id":"vantablack0","p2id":"cyberh3","formatid":"gen9ou","rating":1105,"private":0,"password":""}