{"id":"gen9ou-1991665876","p1":"defnotapenguin","p2":"Azaxx1234","format":"[Gen 9] OU","log":"|j|\u2606defnotapenguin\n|j|\u2606Azaxx1234\n|t:|1700100231\n|gametype|singles\n|player|p1|defnotapenguin|cameraman|1046\n|player|p2|Azaxx1234|266|1119\n|teamsize|p1|6\n|teamsize|p2|6\n|gen|9\n|tier|[Gen 9] OU\n|rated|\n|rule|Sleep Clause Mod: Limit one foe put to sleep\n|rule|Species Clause: Limit one of each Pok\u00e9mon\n|rule|OHKO Clause: OHKO moves are banned\n|rule|Evasion Items Clause: Evasion items are banned\n|rule|Evasion Moves Clause: Evasion moves are banned\n|rule|Endless Battle Clause: Forcing endless battles is banned\n|rule|HP Percentage Mod: HP is shown in percentages\n|clearpoke\n|poke|p1|Alomomola, F|\n|poke|p1|Cinderace, F|\n|poke|p1|Breloom, F|\n|poke|p1|Ceruledge, F|\n|poke|p1|Landorus-Therian, M|\n|poke|p1|Dragonite, M|\n|poke|p2|Lokix, F|\n|poke|p2|Ceruledge, M|\n|poke|p2|Great Tusk|\n|poke|p2|Walking Wake|\n|poke|p2|Torkoal, M|\n|poke|p2|Klefki, M|\n|teampreview\n|inactive|Battle timer is ON: inactive players will automatically lose when time's up. (requested by defnotapenguin)\n|\n|t:|1700100236\n|start\n|switch|p1a: Alomomola|Alomomola, F|100\/100\n|switch|p2a: Lokix|Lokix, F|100\/100\n|turn|1\n|\n|t:|1700100243\n|move|p2a: Lokix|First Impression|p1a: Alomomola\n|-damage|p1a: Alomomola|68\/100\n|-damage|p2a: Lokix|91\/100|[from] item: Life Orb\n|move|p1a: Alomomola|Scald|p2a: Lokix\n|-damage|p2a: Lokix|64\/100\n|\n|upkeep\n|turn|2\n|\n|t:|1700100254\n|move|p2a: Lokix|Knock Off|p1a: Alomomola\n|-damage|p1a: Alomomola|28\/100\n|-enditem|p1a: Alomomola|Heavy-Duty Boots|[from] move: Knock Off|[of] p2a: Lokix\n|-damage|p2a: Lokix|54\/100|[from] item: Life Orb\n|move|p1a: Alomomola|Scald|p2a: Lokix\n|-damage|p2a: Lokix|27\/100\n|\n|upkeep\n|turn|3\n|inactive|defnotapenguin has 120 seconds left.\n|\n|t:|1700100286\n|switch|p1a: Breloom|Breloom, F|100\/100\n|move|p2a: Lokix|Knock Off|p1a: Breloom\n|-resisted|p1a: Breloom\n|-damage|p1a: Breloom|30\/100\n|-enditem|p1a: Breloom|Toxic Orb|[from] move: Knock Off|[of] p2a: Lokix\n|-damage|p2a: Lokix|17\/100|[from] item: Life Orb\n|\n|upkeep\n|turn|4\n|inactive|defnotapenguin has 120 seconds left.\n|inactive|Azaxx1234 has 120 seconds left.\n|\n|t:|1700100305\n|move|p2a: Lokix|Sucker Punch|p1a: Breloom\n|-resisted|p1a: Breloom\n|-damage|p1a: Breloom|0 fnt\n|faint|p1a: Breloom\n|-damage|p2a: Lokix|8\/100|[from] item: Life Orb\n|\n|upkeep\n|\n|t:|1700100311\n|switch|p1a: Dragonite|Dragonite, M|100\/100\n|turn|5\n|inactive|Azaxx1234 has 120 seconds left.\n|\n|t:|1700100331\n|-terastallize|p1a: Dragonite|Normal\n|move|p1a: Dragonite|Extreme Speed|p2a: Lokix\n|-damage|p2a: Lokix|0 fnt\n|faint|p2a: Lokix\n|\n|upkeep\n|inactive|Azaxx1234 has 120 seconds left.\n|\n|t:|1700100342\n|switch|p2a: Ceruledge|Ceruledge, M|100\/100\n|turn|6\n|inactive|Azaxx1234 has 120 seconds left.\n|\n|t:|1700100350\n|switch|p1a: Alomomola|Alomomola, F|62\/100\n|move|p2a: Ceruledge|Swords Dance|p2a: Ceruledge\n|-boost|p2a: Ceruledge|atk|2\n|\n|upkeep\n|turn|7\n|\n|t:|1700100360\n|move|p2a: Ceruledge|Shadow Sneak|p1a: Alomomola\n|-damage|p1a: Alomomola|34\/100\n|move|p1a: Alomomola|Flip Turn|p2a: Ceruledge\n|-supereffective|p2a: Ceruledge\n|-damage|p2a: Ceruledge|61\/100\n|-ability|p2a: Ceruledge|Weak Armor|boost\n|-unboost|p2a: Ceruledge|def|1\n|-boost|p2a: Ceruledge|spe|2\n|inactive|defnotapenguin has 120 seconds left.\n|\n|t:|1700100385\n|switch|p1a: Landorus|Landorus-Therian, M|100\/100|[from] Flip Turn\n|-ability|p1a: Landorus|Intimidate|boost\n|-unboost|p2a: Ceruledge|atk|1\n|\n|upkeep\n|turn|8\n|\n|t:|1700100394\n|move|p2a: Ceruledge|Bitter Blade|p1a: Landorus\n|-damage|p1a: Landorus|21\/100\n|-heal|p2a: Ceruledge|100\/100|[from] drain|[of] p1a: Landorus\n|move|p1a: Landorus|Earthquake|p2a: Ceruledge\n|-supereffective|p2a: Ceruledge\n|-damage|p2a: Ceruledge|0 fnt\n|faint|p2a: Ceruledge\n|\n|-heal|p1a: Landorus|27\/100|[from] item: Leftovers\n|upkeep\n|\n|t:|1700100406\n|switch|p2a: Torkoal|Torkoal, M|100\/100\n|-weather|SunnyDay|[from] ability: Drought|[of] p2a: Torkoal\n|turn|9\n|\n|t:|1700100413\n|switch|p2a: Walking Wake|Walking Wake|100\/100\n|-activate|p2a: Walking Wake|ability: Protosynthesis\n|-start|p2a: Walking Wake|protosynthesisspe\n|move|p1a: Landorus|Earthquake|p2a: Walking Wake\n|-damage|p2a: Walking Wake|41\/100\n|\n|-weather|SunnyDay|[upkeep]\n|-heal|p1a: Landorus|32\/100|[from] item: Leftovers\n|upkeep\n|turn|10\n|\n|t:|1700100425\n|move|p2a: Walking Wake|Hydro Steam|p1a: Landorus\n|-supereffective|p1a: Landorus\n|-damage|p1a: Landorus|0 fnt\n|faint|p1a: Landorus\n|\n|-weather|SunnyDay|[upkeep]\n|upkeep\n|\n|t:|1700100434\n|switch|p1a: Dragonite|Dragonite, M, tera:Normal|100\/100\n|turn|11\n|\n|t:|1700100441\n|-end|p2a: Walking Wake|Protosynthesis|[silent]\n|switch|p2a: Klefki|Klefki, M|100\/100\n|move|p1a: Dragonite|Extreme Speed|p2a: Klefki\n|-resisted|p2a: Klefki\n|-damage|p2a: Klefki|74\/100\n|\n|-weather|SunnyDay|[upkeep]\n|upkeep\n|turn|12\n|\n|t:|1700100453\n|switch|p1a: Alomomola|Alomomola, F|68\/100\n|move|p2a: Klefki|Thunder Wave|p1a: Alomomola|[miss]\n|-miss|p2a: Klefki|p1a: Alomomola\n|\n|-weather|SunnyDay|[upkeep]\n|upkeep\n|turn|13\n|\n|t:|1700100460\n|move|p2a: Klefki|Thunder Wave|p1a: Alomomola\n|-status|p1a: Alomomola|par\n|move|p1a: Alomomola|Flip Turn|p2a: Klefki\n|-damage|p2a: Klefki|68\/100\n|\n|t:|1700100466\n|switch|p1a: Ceruledge|Ceruledge, F|100\/100|[from] Flip Turn\n|\n|-weather|SunnyDay|[upkeep]\n|upkeep\n|turn|14\n|\n|t:|1700100480\n|move|p2a: Klefki|Thunder Wave|p1a: Ceruledge\n|-status|p1a: Ceruledge|par\n|move|p1a: Ceruledge|Bitter Blade|p2a: Klefki\n|-supereffective|p2a: Klefki\n|-damage|p2a: Klefki|0 fnt\n|faint|p2a: Klefki\n|\n|-weather|SunnyDay|[upkeep]\n|upkeep\n|\n|t:|1700100488\n|switch|p2a: Great Tusk|Great Tusk|100\/100\n|-activate|p2a: Great Tusk|ability: Protosynthesis\n|-start|p2a: Great Tusk|protosynthesisatk\n|turn|15\n|\n|t:|1700100508\n|switch|p1a: Alomomola|Alomomola, F|100\/100 par\n|move|p2a: Great Tusk|Headlong Rush|p1a: Alomomola\n|-damage|p1a: Alomomola|46\/100 par\n|-unboost|p2a: Great Tusk|def|1\n|-unboost|p2a: Great Tusk|spd|1\n|\n|-weather|SunnyDay|[upkeep]\n|upkeep\n|turn|16\n|\n|t:|1700100521\n|move|p2a: Great Tusk|Headlong Rush|p1a: Alomomola\n|-damage|p1a: Alomomola|0 fnt\n|-unboost|p2a: Great Tusk|def|1\n|-unboost|p2a: Great Tusk|spd|1\n|faint|p1a: Alomomola\n|\n|-weather|none\n|-end|p2a: Great Tusk|Protosynthesis\n|upkeep\n|\n|t:|1700100528\n|switch|p1a: Dragonite|Dragonite, M, tera:Normal|100\/100\n|turn|17\n|\n|t:|1700100535\n|-end|p2a: Great Tusk|Protosynthesis|[silent]\n|switch|p2a: Torkoal|Torkoal, M|100\/100\n|-weather|SunnyDay|[from] ability: Drought|[of] p2a: Torkoal\n|move|p1a: Dragonite|Extreme Speed|p2a: Torkoal\n|-damage|p2a: Torkoal|49\/100\n|\n|-weather|SunnyDay|[upkeep]\n|upkeep\n|turn|18\n|\n|t:|1700100544\n|move|p1a: Dragonite|Extreme Speed|p2a: Torkoal\n|-damage|p2a: Torkoal|0 fnt\n|faint|p2a: Torkoal\n|\n|-weather|SunnyDay|[upkeep]\n|upkeep\n|\n|t:|1700100548\n|switch|p2a: Great Tusk|Great Tusk|100\/100\n|-activate|p2a: Great Tusk|ability: Protosynthesis\n|-start|p2a: Great Tusk|protosynthesisatk\n|turn|19\n|\n|t:|1700100553\n|move|p1a: Dragonite|Extreme Speed|p2a: Great Tusk\n|-damage|p2a: Great Tusk|49\/100\n|move|p2a: Great Tusk|Close Combat|p1a: Dragonite\n|-supereffective|p1a: Dragonite\n|-damage|p1a: Dragonite|10\/100\n|-unboost|p2a: Great Tusk|def|1\n|-unboost|p2a: Great Tusk|spd|1\n|\n|-weather|SunnyDay|[upkeep]\n|upkeep\n|turn|20\n|\n|t:|1700100567\n|-end|p2a: Great Tusk|Protosynthesis|[silent]\n|switch|p2a: Walking Wake|Walking Wake|41\/100\n|-activate|p2a: Walking Wake|ability: Protosynthesis\n|-start|p2a: Walking Wake|protosynthesisspe\n|move|p1a: Dragonite|Extreme Speed|p2a: Walking Wake\n|-damage|p2a: Walking Wake|0 fnt\n|faint|p2a: Walking Wake\n|-end|p2a: Walking Wake|Protosynthesis|[silent]\n|\n|-weather|SunnyDay|[upkeep]\n|upkeep\n|\n|t:|1700100568\n|switch|p2a: Great Tusk|Great Tusk|49\/100\n|-activate|p2a: Great Tusk|ability: Protosynthesis\n|-start|p2a: Great Tusk|protosynthesisatk\n|turn|21\n|\n|t:|1700100579\n|move|p1a: Dragonite|Extreme Speed|p2a: Great Tusk\n|-damage|p2a: Great Tusk|0 fnt\n|faint|p2a: Great Tusk\n|-end|p2a: Great Tusk|Protosynthesis|[silent]\n|\n|win|defnotapenguin\n|raw|defnotapenguin's rating: 1046 &rarr; <strong>1086<\/strong><br \/>(+40 for winning)\n|raw|Azaxx1234's rating: 1119 &rarr; <strong>1089<\/strong><br \/>(-30 for losing)\n|l|\u2606Azaxx1234\n","uploadtime":1700100586,"views":9,"p1id":"defnotapenguin","p2id":"azaxx1234","formatid":"gen9ou","rating":1086,"private":0,"password":""}