{"id":"gen9ou-1988457260","p1":"SmiCat","p2":"SianShouldShutUp","format":"[Gen 9] OU","log":"|j|\u2606SmiCat\n|j|\u2606SianShouldShutUp\n|t:|1699724987\n|gametype|singles\n|player|p1|SmiCat|1|\n|player|p2|SianShouldShutUp|lady|\n|teamsize|p1|6\n|teamsize|p2|6\n|gen|9\n|tier|[Gen 9] OU\n|rule|Sleep Clause Mod: Limit one foe put to sleep\n|rule|Species Clause: Limit one of each Pok\u00e9mon\n|rule|OHKO Clause: OHKO moves are banned\n|rule|Evasion Items Clause: Evasion items are banned\n|rule|Evasion Moves Clause: Evasion moves are banned\n|rule|Endless Battle Clause: Forcing endless battles is banned\n|rule|HP Percentage Mod: HP is shown in percentages\n|clearpoke\n|poke|p1|Corviknight, F|\n|poke|p1|Lilligant-Hisui, F|\n|poke|p1|Tatsugiri, M|\n|poke|p1|Ursaluna, F|\n|poke|p1|Rotom-Wash|\n|poke|p1|Farigiraf, M|\n|poke|p2|Dachsbun, M|\n|poke|p2|Hatterene, F|\n|poke|p2|Sableye, F|\n|poke|p2|Appletun, M|\n|poke|p2|Azumarill, M|\n|poke|p2|Ceruledge, F|\n|teampreview\n|j| Karpsy\n|j| thesunthesunthesun\n|j| Col Spiffington\n|j| FigurativeIQ\n|\n|t:|1699725018\n|start\n|switch|p1a: Jin|Corviknight, F, shiny|100\/100\n|switch|p2a: Sableye|Sableye, F|100\/100\n|turn|1\n|j| 84m833\n|\n|t:|1699725047\n|move|p1a: Jin|Bulk Up|p1a: Jin\n|-boost|p1a: Jin|atk|1\n|-boost|p1a: Jin|def|1\n|move|p2a: Sableye|Knock Off|p1a: Jin\n|-damage|p1a: Jin|88\/100\n|-enditem|p1a: Jin|Leftovers|[from] move: Knock Off|[of] p2a: Sableye\n|\n|upkeep\n|turn|2\n|\n|t:|1699725060\n|move|p2a: Sableye|Will-O-Wisp|p1a: Jin\n|-status|p1a: Jin|brn\n|move|p1a: Jin|Bulk Up|p1a: Jin\n|-boost|p1a: Jin|atk|1\n|-boost|p1a: Jin|def|1\n|\n|-damage|p1a: Jin|82\/100 brn|[from] brn\n|upkeep\n|turn|3\n|\n|t:|1699725081\n|switch|p2a: Ceruledge|Ceruledge, F|100\/100\n|move|p1a: Jin|Iron Head|p2a: Ceruledge\n|-resisted|p2a: Ceruledge\n|-damage|p2a: Ceruledge|86\/100\n|\n|-damage|p1a: Jin|75\/100 brn|[from] brn\n|upkeep\n|turn|4\n|j| kronk104\n|\n|t:|1699725108\n|switch|p1a: Suga|Ursaluna, F, shiny|100\/100\n|move|p2a: Ceruledge|Bitter Blade|p1a: Suga\n|-damage|p1a: Suga|72\/100\n|-heal|p2a: Ceruledge|100\/100|[from] drain|[of] p1a: Suga\n|\n|-status|p1a: Suga|brn|[from] item: Flame Orb\n|upkeep\n|turn|5\n|\n|t:|1699725133\n|move|p2a: Ceruledge|Bulk Up|p2a: Ceruledge\n|-boost|p2a: Ceruledge|atk|1\n|-boost|p2a: Ceruledge|def|1\n|move|p1a: Suga|Earthquake|p2a: Ceruledge\n|-supereffective|p2a: Ceruledge\n|-damage|p2a: Ceruledge|0 fnt\n|faint|p2a: Ceruledge\n|\n|-damage|p1a: Suga|66\/100 brn|[from] brn\n|upkeep\n|\n|t:|1699725145\n|switch|p2a: Azumarill|Azumarill, M|100\/100\n|turn|6\n|\n|t:|1699725198\n|switch|p1a: J-Hope|Rotom-Wash, shiny|100\/100\n|move|p2a: Azumarill|Ice Spinner|p1a: J-Hope\n|-resisted|p1a: J-Hope\n|-damage|p1a: J-Hope|74\/100\n|\n|-heal|p1a: J-Hope|81\/100|[from] item: Leftovers\n|upkeep\n|turn|7\n|\n|t:|1699725228\n|switch|p2a: Appletun|Appletun, M|100\/100\n|move|p1a: J-Hope|Will-O-Wisp|p2a: Appletun\n|-status|p2a: Appletun|brn\n|\n|-heal|p1a: J-Hope|87\/100|[from] item: Leftovers\n|-damage|p2a: Appletun|94\/100 brn|[from] brn\n|upkeep\n|turn|8\n|\n|t:|1699725267\n|switch|p1a: V|Tatsugiri, M, shiny|100\/100\n|move|p2a: Appletun|Leech Seed|p1a: V\n|-start|p1a: V|move: Leech Seed\n|\n|-damage|p1a: V|88\/100|[from] Leech Seed|[of] p2a: Appletun\n|-heal|p2a: Appletun|100\/100 brn|[silent]\n|-damage|p2a: Appletun|94\/100 brn|[from] brn\n|upkeep\n|turn|9\n|\n|t:|1699725285\n|move|p1a: V|Icy Wind|p2a: Appletun\n|-supereffective|p2a: Appletun\n|-damage|p2a: Appletun|65\/100 brn\n|-unboost|p2a: Appletun|spe|1\n|move|p2a: Appletun|Dragon Tail|p1a: V\n|-supereffective|p1a: V\n|-damage|p1a: V|53\/100\n|drag|p1a: Rap Monster|Farigiraf, M, shiny|100\/100\n|\n|-damage|p2a: Appletun|59\/100 brn|[from] brn\n|upkeep\n|turn|10\n|\n|t:|1699725296\n|move|p1a: Rap Monster|Wish|p1a: Rap Monster\n|move|p2a: Appletun|Leech Seed|p1a: Rap Monster|[miss]\n|-miss|p2a: Appletun|p1a: Rap Monster\n|\n|-damage|p2a: Appletun|53\/100 brn|[from] brn\n|upkeep\n|turn|11\n|\n|t:|1699725306\n|switch|p1a: V|Tatsugiri, M, shiny|53\/100\n|move|p2a: Appletun|Recover|p2a: Appletun\n|-heal|p2a: Appletun|100\/100 brn\n|\n|-heal|p1a: V|100\/100|[from] move: Wish|[wisher] Rap Monster\n|-damage|p2a: Appletun|94\/100 brn|[from] brn\n|upkeep\n|turn|12\n|\n|t:|1699725315\n|move|p1a: V|Dragon Pulse|p2a: Appletun\n|-supereffective|p2a: Appletun\n|-damage|p2a: Appletun|37\/100 brn\n|move|p2a: Appletun|Leech Seed|p1a: V\n|-start|p1a: V|move: Leech Seed\n|\n|-damage|p1a: V|88\/100|[from] Leech Seed|[of] p2a: Appletun\n|-heal|p2a: Appletun|45\/100 brn|[silent]\n|-damage|p2a: Appletun|39\/100 brn|[from] brn\n|upkeep\n|turn|13\n|j| ArchBaka\n|\n|t:|1699725324\n|move|p1a: V|Dragon Pulse|p2a: Appletun\n|-supereffective|p2a: Appletun\n|-damage|p2a: Appletun|0 fnt\n|faint|p2a: Appletun\n|\n|upkeep\n|\n|t:|1699725329\n|switch|p2a: Hatterene|Hatterene, F|100\/100\n|turn|14\n|\n|t:|1699725367\n|switch|p1a: Rap Monster|Farigiraf, M, shiny|100\/100\n|move|p2a: Hatterene|Psyshock|p1a: Rap Monster\n|-resisted|p1a: Rap Monster\n|-damage|p1a: Rap Monster|82\/100\n|\n|upkeep\n|turn|15\n|\n|t:|1699725381\n|move|p1a: Rap Monster|Wish|p1a: Rap Monster\n|move|p2a: Hatterene|Calm Mind|p2a: Hatterene\n|-boost|p2a: Hatterene|spa|1\n|-boost|p2a: Hatterene|spd|1\n|\n|upkeep\n|turn|16\n|\n|t:|1699725391\n|switch|p1a: Jin|Corviknight, F, shiny|75\/100 brn\n|move|p2a: Hatterene|Mystical Fire|p1a: Jin\n|-supereffective|p1a: Jin\n|-damage|p1a: Jin|0 fnt\n|faint|p1a: Jin\n|\n|upkeep\n|\n|t:|1699725407\n|switch|p1a: Suga|Ursaluna, F, shiny|66\/100 brn\n|turn|17\n|\n|t:|1699725428\n|move|p1a: Suga|Heavy Slam|p2a: Hatterene\n|-supereffective|p2a: Hatterene\n|-damage|p2a: Hatterene|0 fnt\n|faint|p2a: Hatterene\n|\n|-damage|p1a: Suga|60\/100 brn|[from] brn\n|upkeep\n|\n|t:|1699725435\n|switch|p2a: Azumarill|Azumarill, M|100\/100\n|turn|18\n|\n|t:|1699725465\n|switch|p1a: J-Hope|Rotom-Wash, shiny|87\/100\n|move|p2a: Azumarill|Liquidation|p1a: J-Hope\n|-resisted|p1a: J-Hope\n|-damage|p1a: J-Hope|44\/100\n|\n|-heal|p1a: J-Hope|50\/100|[from] item: Leftovers\n|upkeep\n|turn|19\n|\n|t:|1699725499\n|switch|p2a: Dachsbun|Dachsbun, M|100\/100\n|move|p1a: J-Hope|Will-O-Wisp|p2a: Dachsbun\n|-ability|p2a: Dachsbun|Well-Baked Body|boost\n|-boost|p2a: Dachsbun|def|2\n|\n|-heal|p1a: J-Hope|57\/100|[from] item: Leftovers\n|upkeep\n|turn|20\n|\n|t:|1699725519\n|move|p2a: Dachsbun|Body Press|p1a: J-Hope\n|-damage|p1a: J-Hope|0 fnt\n|faint|p1a: J-Hope\n|\n|upkeep\n|\n|t:|1699725530\n|switch|p1a: Jungkook|Lilligant-Hisui, F, shiny|100\/100\n|turn|21\n|\n|t:|1699725549\n|move|p1a: Jungkook|Poison Jab|p2a: Dachsbun\n|-supereffective|p2a: Dachsbun\n|-damage|p2a: Dachsbun|75\/100\n|-damage|p1a: Jungkook|84\/100|[from] item: Rocky Helmet|[of] p2a: Dachsbun\n|move|p2a: Dachsbun|Play Rough|p1a: Jungkook\n|-supereffective|p1a: Jungkook\n|-damage|p1a: Jungkook|2\/100\n|\n|upkeep\n|turn|22\n|\n|t:|1699725561\n|switch|p1a: Suga|Ursaluna, F, shiny|60\/100 brn\n|move|p2a: Dachsbun|Play Rough|p1a: Suga|[miss]\n|-miss|p2a: Dachsbun|p1a: Suga\n|\n|-damage|p1a: Suga|53\/100 brn|[from] brn\n|upkeep\n|turn|23\n|\n|t:|1699725584\n|move|p2a: Dachsbun|Body Press|p1a: Suga\n|-supereffective|p1a: Suga\n|-damage|p1a: Suga|0 fnt\n|faint|p1a: Suga\n|\n|upkeep\n|\n|t:|1699725602\n|switch|p1a: Rap Monster|Farigiraf, M, shiny|82\/100\n|turn|24\n|\n|t:|1699725657\n|move|p2a: Dachsbun|Body Press|p1a: Rap Monster\n|-damage|p1a: Rap Monster|21\/100\n|-enditem|p1a: Rap Monster|Sitrus Berry|[eat]\n|-heal|p1a: Rap Monster|46\/100|[from] item: Sitrus Berry\n|move|p1a: Rap Monster|Wish|p1a: Rap Monster\n|\n|upkeep\n|turn|25\n|\n|t:|1699725678\n|move|p2a: Dachsbun|Body Press|p1a: Rap Monster\n|-damage|p1a: Rap Monster|0 fnt\n|faint|p1a: Rap Monster\n|\n|upkeep\n|\n|t:|1699725682\n|switch|p1a: Jungkook|Lilligant-Hisui, F, shiny|2\/100\n|turn|26\n|\n|t:|1699725694\n|move|p1a: Jungkook|Poison Jab|p2a: Dachsbun\n|-supereffective|p2a: Dachsbun\n|-damage|p2a: Dachsbun|49\/100\n|-status|p2a: Dachsbun|psn\n|-damage|p1a: Jungkook|0 fnt|[from] item: Rocky Helmet|[of] p2a: Dachsbun\n|faint|p1a: Jungkook\n|move|p2a: Dachsbun|Body Press|p1: Jungkook|[notarget]\n|-fail|p2a: Dachsbun\n|\n|-damage|p2a: Dachsbun|37\/100 psn|[from] psn\n|upkeep\n|\n|t:|1699725703\n|switch|p1a: V|Tatsugiri, M, shiny|88\/100\n|turn|27\n|\n|t:|1699725728\n|-terastallize|p1a: V|Fairy\n|move|p1a: V|Icy Wind|p2a: Dachsbun\n|-damage|p2a: Dachsbun|12\/100 psn\n|-unboost|p2a: Dachsbun|spe|1\n|move|p2a: Dachsbun|Wish|p2a: Dachsbun\n|\n|-damage|p2a: Dachsbun|0 fnt|[from] psn\n|faint|p2a: Dachsbun\n|upkeep\n|\n|t:|1699725739\n|switch|p2a: Azumarill|Azumarill, M|100\/100\n|turn|28\n|\n|t:|1699725762\n|move|p1a: V|Tera Blast|p2a: Azumarill|[anim] Tera Blast Fairy\n|-damage|p2a: Azumarill|52\/100\n|move|p2a: Azumarill|Play Rough|p1a: V\n|-damage|p1a: V|0 fnt\n|faint|p1a: V\n|\n|win|SianShouldShutUp\n|l| 84m833\n","uploadtime":1699725771,"views":35,"p1id":"smicat","p2id":"sianshouldshutup","formatid":"gen9ou","rating":0,"private":0,"password":""}