{"id":"gen9ou-2000526176","p1":"billychily","p2":"ToastGhost17","format":"[Gen 9] OU","log":"|j|\u2606billychily\n|j|\u2606ToastGhost17\n|t:|1701202279\n|gametype|singles\n|player|p1|billychily|ghetsis|1047\n|player|p2|ToastGhost17|policeman-gen4|1148\n|teamsize|p1|6\n|teamsize|p2|6\n|gen|9\n|tier|[Gen 9] OU\n|rated|\n|rule|Sleep Clause Mod: Limit one foe put to sleep\n|rule|Species Clause: Limit one of each Pok\u00e9mon\n|rule|OHKO Clause: OHKO moves are banned\n|rule|Evasion Items Clause: Evasion items are banned\n|rule|Evasion Moves Clause: Evasion moves are banned\n|rule|Endless Battle Clause: Forcing endless battles is banned\n|rule|HP Percentage Mod: HP is shown in percentages\n|clearpoke\n|poke|p1|Great Tusk|\n|poke|p1|Ribombee, F|\n|poke|p1|Iron Valiant|\n|poke|p1|Gholdengo|\n|poke|p1|Grimmsnarl, M|\n|poke|p1|Gyarados, M|\n|poke|p2|Honchkrow, F|\n|poke|p2|Dipplin, M|\n|poke|p2|Hatterene, F|\n|poke|p2|Glimmora, F|\n|poke|p2|Ceruledge, M|\n|poke|p2|Ogerpon-Wellspring, F|\n|teampreview\n|inactive|Battle timer is ON: inactive players will automatically lose when time's up. (requested by ToastGhost17)\n|\n|t:|1701202293\n|start\n|switch|p1a: mid|Ribombee, F|100\/100\n|switch|p2a: Hatterene|Hatterene, F, shiny|100\/100\n|turn|1\n|\n|t:|1701202300\n|move|p1a: mid|Skill Swap|p2a: Hatterene\n|-activate|p1a: mid|move: Skill Swap|Magic Bounce|Shield Dust|[of] p2a: Hatterene\n|move|p2a: Hatterene|Thunder Wave|p1a: mid\n|move|p1a: mid|Thunder Wave|p2a: Hatterene|[from]ability: Magic Bounce\n|-status|p2a: Hatterene|par\n|\n|upkeep\n|turn|2\n|\n|t:|1701202310\n|move|p1a: mid|Stun Spore|p2a: Hatterene|[miss]\n|-miss|p1a: mid|p2a: Hatterene\n|move|p2a: Hatterene|Mystical Fire|p1a: mid\n|-supereffective|p1a: mid\n|-enditem|p1a: mid|Focus Sash\n|-damage|p1a: mid|1\/100\n|-unboost|p1a: mid|spa|1\n|\n|upkeep\n|turn|3\n|\n|t:|1701202314\n|move|p1a: mid|Sticky Web|p2a: Hatterene\n|-sidestart|p2: ToastGhost17|move: Sticky Web\n|move|p2a: Hatterene|Draining Kiss|p1a: mid\n|-damage|p1a: mid|0 fnt\n|faint|p1a: mid\n|\n|upkeep\n|c|\u2606billychily|xd\n|\n|t:|1701202318\n|switch|p1a: ubers-bl|Grimmsnarl, M, shiny|100\/100\n|turn|4\n|\n|t:|1701202326\n|move|p1a: ubers-bl|Light Screen|p1a: ubers-bl\n|-sidestart|p1: billychily|move: Light Screen\n|move|p2a: Hatterene|Thunder Wave|p1a: ubers-bl\n|-status|p1a: ubers-bl|par\n|\n|upkeep\n|turn|5\n|\n|t:|1701202331\n|move|p1a: ubers-bl|Reflect|p1a: ubers-bl\n|-sidestart|p1: billychily|Reflect\n|cant|p2a: Hatterene|par\n|\n|upkeep\n|turn|6\n|\n|t:|1701202335\n|switch|p1a: Gyarados|Gyarados, M, shiny|100\/100\n|cant|p2a: Hatterene|par\n|\n|upkeep\n|turn|7\n|\n|t:|1701202337\n|move|p1a: Gyarados|Dragon Dance|p1a: Gyarados\n|-boost|p1a: Gyarados|atk|1\n|-boost|p1a: Gyarados|spe|1\n|move|p2a: Hatterene|Thunder Wave|p1a: Gyarados|[miss]\n|-miss|p2a: Hatterene|p1a: Gyarados\n|\n|upkeep\n|turn|8\n|\n|t:|1701202344\n|-terastallize|p1a: Gyarados|Ground\n|move|p1a: Gyarados|Earthquake|p2a: Hatterene\n|-damage|p2a: Hatterene|8\/100 par\n|move|p2a: Hatterene|Thunder Wave|p1a: Gyarados\n|-immune|p1a: Gyarados\n|\n|upkeep\n|turn|9\n|\n|t:|1701202351\n|move|p1a: Gyarados|Earthquake|p2a: Hatterene\n|-damage|p2a: Hatterene|0 fnt\n|faint|p2a: Hatterene\n|-ability|p1a: Gyarados|Moxie|boost\n|-boost|p1a: Gyarados|atk|1\n|\n|upkeep\n|c|\u2606billychily|xd\n|\n|t:|1701202358\n|switch|p2a: Honchkrow|Honchkrow, F|100\/100\n|turn|10\n|\n|t:|1701202363\n|move|p1a: Gyarados|Aqua Tail|p2a: Honchkrow\n|-damage|p2a: Honchkrow|0 fnt\n|faint|p2a: Honchkrow\n|-ability|p1a: Gyarados|Moxie|boost\n|-boost|p1a: Gyarados|atk|1\n|\n|upkeep\n|\n|t:|1701202367\n|switch|p2a: Glimmora|Glimmora, F|100\/100\n|-item|p2a: Glimmora|Air Balloon\n|turn|11\n|\n|t:|1701202370\n|move|p2a: Glimmora|Spiky Shield|p2a: Glimmora\n|-singleturn|p2a: Glimmora|move: Protect\n|move|p1a: Gyarados|Aqua Tail|p2a: Glimmora\n|-activate|p2a: Glimmora|move: Protect\n|-damage|p1a: Gyarados|88\/100|[from] Spiky Shield|[of] p2a: Glimmora\n|\n|-sideend|p1: billychily|move: Light Screen\n|upkeep\n|turn|12\n|\n|t:|1701202375\n|move|p1a: Gyarados|Aqua Tail|p2a: Glimmora\n|-supereffective|p2a: Glimmora\n|-damage|p2a: Glimmora|0 fnt\n|-activate|p2a: Glimmora|ability: Toxic Debris\n|-sidestart|p1: billychily|move: Toxic Spikes\n|-enditem|p2a: Glimmora|Air Balloon\n|faint|p2a: Glimmora\n|-ability|p1a: Gyarados|Moxie|boost\n|-boost|p1a: Gyarados|atk|1\n|\n|-sideend|p1: billychily|Reflect\n|upkeep\n|c|\u2606billychily|xd\n|c|\u2606ToastGhost17|is that the only thing you can type?\n|\n|t:|1701202394\n|switch|p2a: Ogerpon|Ogerpon-Wellspring, F|100\/100\n|-activate|p2a: Ogerpon|move: Sticky Web\n|-unboost|p2a: Ogerpon|spe|1\n|turn|13\n|\n|t:|1701202401\n|move|p2a: Ogerpon|Horn Leech|p1a: Gyarados\n|-supereffective|p1a: Gyarados\n|-damage|p1a: Gyarados|0 fnt\n|faint|p1a: Gyarados\n|\n|upkeep\n|c|\u2606billychily|xd\n|\n|t:|1701202409\n|switch|p1a: ubers-bl|Grimmsnarl, M, shiny|100\/100 par\n|turn|14\n|\n|t:|1701202412\n|move|p1a: ubers-bl|Reflect|p1a: ubers-bl\n|-sidestart|p1: billychily|Reflect\n|move|p2a: Ogerpon|Play Rough|p1a: ubers-bl\n|-supereffective|p1a: ubers-bl\n|-damage|p1a: ubers-bl|64\/100 par\n|-unboost|p1a: ubers-bl|atk|1\n|\n|upkeep\n|turn|15\n|\n|t:|1701202423\n|switch|p1a: balanced af|Gholdengo|100\/100\n|-item|p1a: balanced af|Air Balloon\n|move|p2a: Ogerpon|Ivy Cudgel|p1a: balanced af|[anim] Ivy Cudgel Water\n|-damage|p1a: balanced af|74\/100\n|-enditem|p1a: balanced af|Air Balloon\n|\n|upkeep\n|turn|16\n|\n|t:|1701202431\n|switch|p2a: Ceruledge|Ceruledge, M|100\/100\n|-activate|p2a: Ceruledge|move: Sticky Web\n|-unboost|p2a: Ceruledge|spe|1\n|move|p1a: balanced af|Nasty Plot|p1a: balanced af\n|-boost|p1a: balanced af|spa|2\n|\n|upkeep\n|turn|17\n|\n|t:|1701202436\n|move|p2a: Ceruledge|Shadow Sneak|p1a: balanced af\n|-supereffective|p1a: balanced af\n|-damage|p1a: balanced af|50\/100\n|-damage|p2a: Ceruledge|91\/100|[from] item: Life Orb\n|move|p1a: balanced af|Shadow Ball|p2a: Ceruledge\n|-supereffective|p2a: Ceruledge\n|-damage|p2a: Ceruledge|0 fnt\n|faint|p2a: Ceruledge\n|\n|upkeep\n|\n|t:|1701202438\n|switch|p2a: Ogerpon|Ogerpon-Wellspring, F|100\/100\n|-activate|p2a: Ogerpon|move: Sticky Web\n|-unboost|p2a: Ogerpon|spe|1\n|turn|18\n|c|\u2606billychily|xdddd\n|\n|t:|1701202442\n|-terastallize|p2a: Ogerpon|Water\n|detailschange|p2a: Ogerpon|Ogerpon-Wellspring-Tera, F, tera:Water\n|-ability|p2a: Ogerpon|Embody Aspect (Wellspring)|boost\n|-boost|p2a: Ogerpon|spd|1\n|move|p2a: Ogerpon|Ivy Cudgel|p1a: balanced af|[anim] Ivy Cudgel Water\n|-damage|p1a: balanced af|15\/100\n|move|p1a: balanced af|Make It Rain|p2a: Ogerpon\n|-resisted|p2a: Ogerpon\n|-crit|p2a: Ogerpon\n|-damage|p2a: Ogerpon|0 fnt\n|-unboost|p1a: balanced af|spa|1\n|faint|p2a: Ogerpon\n|\n|upkeep\n|-message|ToastGhost17 forfeited.\n|\n|win|billychily\n|raw|billychily's rating: 1047 &rarr; <strong>1089<\/strong><br \/>(+42 for winning)\n|raw|ToastGhost17's rating: 1148 &rarr; <strong>1116<\/strong><br \/>(-32 for losing)\n|l|\u2606ToastGhost17\n","uploadtime":1701202456,"views":9,"p1id":"billychily","p2id":"toastghost17","formatid":"gen9ou","rating":1089,"private":0,"password":""}