{"id":"gen9ou-2000600713","p1":"whitepoohshiesty","p2":"albert c*mus","format":"[Gen 9] OU","log":"|j|\u2606whitepoohshiesty\n|j|\u2606albert c*mus\n|t:|1701209285\n|gametype|singles\n|player|p1|whitepoohshiesty|boarder|1357\n|player|p2|albert c*mus|265|1410\n|teamsize|p1|6\n|teamsize|p2|6\n|gen|9\n|tier|[Gen 9] OU\n|rated|\n|rule|Sleep Clause Mod: Limit one foe put to sleep\n|rule|Species Clause: Limit one of each Pok\u00e9mon\n|rule|OHKO Clause: OHKO moves are banned\n|rule|Evasion Items Clause: Evasion items are banned\n|rule|Evasion Moves Clause: Evasion moves are banned\n|rule|Endless Battle Clause: Forcing endless battles is banned\n|rule|HP Percentage Mod: HP is shown in percentages\n|clearpoke\n|poke|p1|Iron Valiant|\n|poke|p1|Corviknight, M|\n|poke|p1|Cinderace, M|\n|poke|p1|Alomomola, M|\n|poke|p1|Okidogi, M|\n|poke|p1|Slowking-Galar, M|\n|poke|p2|Ribombee, M|\n|poke|p2|Ogerpon-Wellspring, F|\n|poke|p2|Kingambit, F|\n|poke|p2|Gholdengo|\n|poke|p2|Yanmega, M|\n|poke|p2|Iron Treads|\n|teampreview\n|\n|t:|1701209316\n|start\n|switch|p1a: Okidogi|Okidogi, M|100\/100\n|switch|p2a: Ribombee|Ribombee, M|100\/100\n|turn|1\n|\n|t:|1701209322\n|move|p2a: Ribombee|Psychic|p1a: Okidogi\n|-supereffective|p1a: Okidogi\n|-damage|p1a: Okidogi|0 fnt\n|faint|p1a: Okidogi\n|\n|upkeep\n|\n|t:|1701209330\n|switch|p1a: Slowking|Slowking-Galar, M|100\/100\n|turn|2\n|\n|t:|1701209341\n|move|p2a: Ribombee|Sticky Web|p1a: Slowking\n|-sidestart|p1: whitepoohshiesty|move: Sticky Web\n|move|p1a: Slowking|Sludge Bomb|p2a: Ribombee\n|-supereffective|p2a: Ribombee\n|-crit|p2a: Ribombee\n|-enditem|p2a: Ribombee|Focus Sash\n|-damage|p2a: Ribombee|1\/100\n|\n|upkeep\n|turn|3\n|\n|t:|1701209350\n|switch|p2a: Iron Treads|Iron Treads|100\/100\n|-enditem|p2a: Iron Treads|Booster Energy\n|-activate|p2a: Iron Treads|ability: Quark Drive|[fromitem]\n|-start|p2a: Iron Treads|quarkdrivespe\n|move|p1a: Slowking|Future Sight|p2a: Iron Treads\n|-start|p1a: Slowking|move: Future Sight\n|\n|upkeep\n|turn|4\n|\n|t:|1701209364\n|move|p2a: Iron Treads|Earth Power|p1a: Slowking\n|-supereffective|p1a: Slowking\n|-damage|p1a: Slowking|57\/100\n|move|p1a: Slowking|Chilly Reception|p1a: Slowking\n|-weather|Snow\n|\n|t:|1701209374\n|switch|p1a: Corviknight|Corviknight, M|100\/100|[from] Chilly Reception\n|-ability|p1a: Corviknight|Pressure\n|\n|-weather|Snow|[upkeep]\n|upkeep\n|turn|5\n|\n|t:|1701209406\n|move|p2a: Iron Treads|Stealth Rock|p1a: Corviknight\n|-sidestart|p1: whitepoohshiesty|move: Stealth Rock\n|move|p1a: Corviknight|U-turn|p2a: Iron Treads\n|-resisted|p2a: Iron Treads\n|-crit|p2a: Iron Treads\n|-damage|p2a: Iron Treads|91\/100\n|\n|t:|1701209420\n|switch|p1a: Alomomola|Alomomola, M|100\/100|[from] U-turn\n|-activate|p1a: Alomomola|move: Sticky Web\n|-unboost|p1a: Alomomola|spe|1\n|-damage|p1a: Alomomola|88\/100|[from] Stealth Rock\n|\n|-weather|Snow|[upkeep]\n|-end|p2a: Iron Treads|move: Future Sight\n|-resisted|p2a: Iron Treads\n|-damage|p2a: Iron Treads|60\/100\n|upkeep\n|turn|6\n|\n|t:|1701209458\n|-end|p2a: Iron Treads|Quark Drive|[silent]\n|switch|p2a: Ribombee|Ribombee, M|1\/100\n|move|p1a: Alomomola|Wish|p1a: Alomomola\n|\n|-weather|Snow|[upkeep]\n|upkeep\n|turn|7\n|inactive|Battle timer is ON: inactive players will automatically lose when time's up. (requested by whitepoohshiesty)\n|\n|t:|1701209474\n|switch|p1a: Slowking|Slowking-Galar, M|91\/100\n|move|p2a: Ribombee|Stun Spore|p1a: Slowking\n|-status|p1a: Slowking|par\n|\n|-weather|Snow|[upkeep]\n|-heal|p1a: Slowking|100\/100 par|[from] move: Wish|[wisher] Alomomola\n|upkeep\n|turn|8\n|\n|t:|1701209490\n|switch|p2a: Iron Treads|Iron Treads|60\/100\n|cant|p1a: Slowking|par\n|\n|-weather|none\n|upkeep\n|turn|9\n|\n|t:|1701209496\n|move|p2a: Iron Treads|Earth Power|p1a: Slowking\n|-supereffective|p1a: Slowking\n|-damage|p1a: Slowking|60\/100 par\n|move|p1a: Slowking|Chilly Reception|p1a: Slowking\n|-weather|Snow\n|\n|t:|1701209502\n|switch|p1a: Cinderace|Cinderace, M|100\/100|[from] Chilly Reception\n|\n|-weather|Snow|[upkeep]\n|upkeep\n|turn|10\n|inactive|albert c*mus has 120 seconds left.\n|\n|t:|1701209534\n|-end|p2a: Iron Treads|Quark Drive|[silent]\n|switch|p2a: Ribombee|Ribombee, M|1\/100\n|move|p1a: Cinderace|Court Change|p1a: Cinderace\n|-start|p1a: Cinderace|typechange|Normal|[from] ability: Libero\n|-swapsideconditions\n|-activate|p1a: Cinderace|move: Court Change\n|\n|-weather|Snow|[upkeep]\n|upkeep\n|turn|11\n|inactive|albert c*mus has 120 seconds left.\n|\n|t:|1701209549\n|move|p2a: Ribombee|Stun Spore|p1a: Cinderace\n|-status|p1a: Cinderace|par\n|move|p1a: Cinderace|U-turn|p2a: Ribombee\n|-resisted|p2a: Ribombee\n|-damage|p2a: Ribombee|0 fnt\n|faint|p2a: Ribombee\n|\n|t:|1701209563\n|switch|p1a: Slowking|Slowking-Galar, M|94\/100 par|[from] U-turn\n|\n|-weather|Snow|[upkeep]\n|upkeep\n|\n|t:|1701209565\n|switch|p2a: Iron Treads|Iron Treads|60\/100\n|-activate|p2a: Iron Treads|move: Sticky Web\n|-unboost|p2a: Iron Treads|spe|1\n|-damage|p2a: Iron Treads|57\/100|[from] Stealth Rock\n|turn|12\n|\n|t:|1701209579\n|move|p2a: Iron Treads|Rapid Spin|p1a: Slowking\n|-damage|p1a: Slowking|81\/100 par\n|-boost|p2a: Iron Treads|spe|1\n|-sideend|p2: albert c*mus|Stealth Rock|[from] move: Rapid Spin|[of] p2a: Iron Treads\n|-sideend|p2: albert c*mus|Sticky Web|[from] move: Rapid Spin|[of] p2a: Iron Treads\n|move|p1a: Slowking|Future Sight|p2a: Iron Treads\n|-start|p1a: Slowking|move: Future Sight\n|\n|-weather|Snow|[upkeep]\n|upkeep\n|turn|13\n|\n|t:|1701209588\n|move|p2a: Iron Treads|Stealth Rock|p1a: Slowking\n|-sidestart|p1: whitepoohshiesty|move: Stealth Rock\n|cant|p1a: Slowking|par\n|\n|-weather|none\n|upkeep\n|turn|14\n|\n|t:|1701209595\n|move|p2a: Iron Treads|Rapid Spin|p1a: Slowking\n|-damage|p1a: Slowking|70\/100 par\n|-boost|p2a: Iron Treads|spe|1\n|cant|p1a: Slowking|par\n|\n|-end|p2a: Iron Treads|move: Future Sight\n|-resisted|p2a: Iron Treads\n|-damage|p2a: Iron Treads|23\/100\n|upkeep\n|turn|15\n|\n|t:|1701209603\n|move|p2a: Iron Treads|Earth Power|p1a: Slowking\n|-supereffective|p1a: Slowking\n|-damage|p1a: Slowking|28\/100 par\n|move|p1a: Slowking|Future Sight|p2a: Iron Treads\n|-start|p1a: Slowking|move: Future Sight\n|\n|upkeep\n|turn|16\n|\n|t:|1701209631\n|-end|p2a: Iron Treads|Quark Drive|[silent]\n|switch|p2a: Gholdengo|Gholdengo|100\/100\n|-item|p2a: Gholdengo|Air Balloon\n|switch|p1a: Corviknight|Corviknight, M|100\/100\n|-damage|p1a: Corviknight|88\/100|[from] Stealth Rock\n|-ability|p1a: Corviknight|Pressure\n|\n|upkeep\n|turn|17\n|\n|t:|1701209641\n|move|p2a: Gholdengo|Nasty Plot|p2a: Gholdengo\n|-boost|p2a: Gholdengo|spa|2\n|move|p1a: Corviknight|U-turn|p2a: Gholdengo\n|-resisted|p2a: Gholdengo\n|-damage|p2a: Gholdengo|98\/100\n|-enditem|p2a: Gholdengo|Air Balloon\n|\n|t:|1701209657\n|switch|p1a: Iron Valiant|Iron Valiant|100\/100|[from] U-turn\n|-damage|p1a: Iron Valiant|94\/100|[from] Stealth Rock\n|-enditem|p1a: Iron Valiant|Booster Energy\n|-activate|p1a: Iron Valiant|ability: Quark Drive|[fromitem]\n|-start|p1a: Iron Valiant|quarkdrivespe\n|\n|-end|p2a: Gholdengo|move: Future Sight\n|-resisted|p2a: Gholdengo\n|-damage|p2a: Gholdengo|75\/100\n|upkeep\n|turn|18\n|\n|t:|1701209678\n|-end|p1a: Iron Valiant|Quark Drive|[silent]\n|switch|p1a: Slowking|Slowking-Galar, M|62\/100 par\n|-terastallize|p2a: Gholdengo|Fairy\n|move|p2a: Gholdengo|Make It Rain|p1a: Slowking\n|-damage|p1a: Slowking|0 fnt\n|-unboost|p2a: Gholdengo|spa|1\n|faint|p1a: Slowking\n|\n|upkeep\n|inactive|whitepoohshiesty has 120 seconds left.\n|\n|t:|1701209698\n|switch|p1a: Corviknight|Corviknight, M|88\/100\n|-damage|p1a: Corviknight|76\/100|[from] Stealth Rock\n|-ability|p1a: Corviknight|Pressure\n|turn|19\n|inactive|whitepoohshiesty has 120 seconds left.\n|\n|t:|1701209723\n|move|p2a: Gholdengo|Nasty Plot|p2a: Gholdengo\n|-boost|p2a: Gholdengo|spa|2\n|move|p1a: Corviknight|U-turn|p2a: Gholdengo\n|-resisted|p2a: Gholdengo\n|-damage|p2a: Gholdengo|70\/100\n|inactive|whitepoohshiesty has 120 seconds left.\n|\n|t:|1701209732\n|switch|p1a: Alomomola|Alomomola, M|100\/100|[from] U-turn\n|-damage|p1a: Alomomola|88\/100|[from] Stealth Rock\n|\n|upkeep\n|turn|20\n|\n|t:|1701209738\n|move|p2a: Gholdengo|Shadow Ball|p1a: Alomomola\n|-damage|p1a: Alomomola|3\/100\n|-enditem|p1a: Alomomola|Red Card|[of] p2a: Gholdengo\n|drag|p2a: Yanmega|Yanmega, M|100\/100\n|move|p1a: Alomomola|Wish|p1a: Alomomola\n|\n|upkeep\n|turn|21\n|\n|t:|1701209749\n|switch|p1a: Corviknight|Corviknight, M|76\/100\n|-damage|p1a: Corviknight|64\/100|[from] Stealth Rock\n|-ability|p1a: Corviknight|Pressure\n|move|p2a: Yanmega|Bug Buzz|p1a: Corviknight\n|-resisted|p1a: Corviknight\n|-damage|p1a: Corviknight|51\/100\n|-enditem|p2a: Yanmega|Throat Spray\n|-boost|p2a: Yanmega|spa|1|[from] item: Throat Spray\n|\n|-heal|p1a: Corviknight|100\/100|[from] move: Wish|[wisher] Alomomola\n|-ability|p2a: Yanmega|Speed Boost|boost\n|-boost|p2a: Yanmega|spe|1\n|upkeep\n|turn|22\n|inactive|whitepoohshiesty has 120 seconds left.\n|\n|t:|1701209768\n|move|p2a: Yanmega|Air Slash|p1a: Corviknight\n|-resisted|p1a: Corviknight\n|-damage|p1a: Corviknight|73\/100\n|move|p1a: Corviknight|Brave Bird|p2a: Yanmega\n|-supereffective|p2a: Yanmega\n|-damage|p2a: Yanmega|4\/100\n|-damage|p1a: Corviknight|48\/100|[from] Recoil\n|\n|-ability|p2a: Yanmega|Speed Boost|boost\n|-boost|p2a: Yanmega|spe|1\n|upkeep\n|turn|23\n|\n|t:|1701209778\n|move|p2a: Yanmega|Air Slash|p1a: Corviknight\n|-resisted|p1a: Corviknight\n|-damage|p1a: Corviknight|17\/100\n|move|p1a: Corviknight|U-turn|p2a: Yanmega\n|-resisted|p2a: Yanmega\n|-damage|p2a: Yanmega|0 fnt\n|faint|p2a: Yanmega\n|inactive|whitepoohshiesty has 120 seconds left.\n|\n|t:|1701209793\n|switch|p1a: Iron Valiant|Iron Valiant|94\/100|[from] U-turn\n|-damage|p1a: Iron Valiant|88\/100|[from] Stealth Rock\n|\n|upkeep\n|\n|t:|1701209805\n|switch|p2a: Gholdengo|Gholdengo, tera:Fairy|70\/100\n|turn|24\n|\n|t:|1701209818\n|switch|p2a: Iron Treads|Iron Treads|23\/100\n|-terastallize|p1a: Iron Valiant|Steel\n|move|p1a: Iron Valiant|Calm Mind|p1a: Iron Valiant\n|-boost|p1a: Iron Valiant|spa|1\n|-boost|p1a: Iron Valiant|spd|1\n|\n|upkeep\n|turn|25\n|\n|t:|1701209828\n|move|p1a: Iron Valiant|Moonblast|p2a: Iron Treads\n|-resisted|p2a: Iron Treads\n|-damage|p2a: Iron Treads|0 fnt\n|faint|p2a: Iron Treads\n|-end|p2a: Iron Treads|Quark Drive|[silent]\n|\n|upkeep\n|\n|t:|1701209851\n|switch|p2a: Ogerpon|Ogerpon-Wellspring, F|100\/100\n|turn|26\n|inactive|whitepoohshiesty has 120 seconds left.\n|\n|t:|1701209879\n|move|p1a: Iron Valiant|Moonblast|p2a: Ogerpon\n|-damage|p2a: Ogerpon|25\/100\n|-unboost|p2a: Ogerpon|spa|1\n|move|p2a: Ogerpon|Ivy Cudgel|p1a: Iron Valiant|[anim] Ivy Cudgel Water\n|-damage|p1a: Iron Valiant|16\/100\n|\n|upkeep\n|turn|27\n|inactive|whitepoohshiesty has 120 seconds left.\n|\n|t:|1701209890\n|switch|p2a: Gholdengo|Gholdengo, tera:Fairy|70\/100\n|move|p1a: Iron Valiant|Moonblast|p2a: Gholdengo\n|-damage|p2a: Gholdengo|1\/100\n|\n|upkeep\n|turn|28\n|\n|t:|1701209899\n|move|p1a: Iron Valiant|Moonblast|p2a: Gholdengo\n|-damage|p2a: Gholdengo|0 fnt\n|faint|p2a: Gholdengo\n|\n|upkeep\n|\n|t:|1701209901\n|switch|p2a: Kingambit|Kingambit, F|100\/100\n|-activate|p2a: Kingambit|ability: Supreme Overlord\n|-start|p2a: Kingambit|fallen4|[silent]\n|turn|29\n|\n|t:|1701209906\n|move|p1a: Iron Valiant|Calm Mind|p1a: Iron Valiant\n|-boost|p1a: Iron Valiant|spa|1\n|-boost|p1a: Iron Valiant|spd|1\n|move|p2a: Kingambit|Iron Head|p1a: Iron Valiant\n|-resisted|p1a: Iron Valiant\n|-damage|p1a: Iron Valiant|0 fnt\n|faint|p1a: Iron Valiant\n|-end|p1a: Iron Valiant|Quark Drive|[silent]\n|\n|upkeep\n|\n|t:|1701209921\n|switch|p1a: Cinderace|Cinderace, M|100\/100 par\n|turn|30\n|\n|t:|1701209934\n|move|p2a: Kingambit|Sucker Punch||[still]\n|-fail|p2a: Kingambit\n|move|p1a: Cinderace|Will-O-Wisp|p2a: Kingambit\n|-status|p2a: Kingambit|brn\n|\n|-damage|p2a: Kingambit|94\/100 brn|[from] brn\n|upkeep\n|turn|31\n|\n|t:|1701209941\n|move|p2a: Kingambit|Swords Dance|p2a: Kingambit\n|-boost|p2a: Kingambit|atk|2\n|move|p1a: Cinderace|Court Change|p1a: Cinderace\n|-start|p1a: Cinderace|typechange|Normal|[from] ability: Libero\n|-swapsideconditions\n|-activate|p1a: Cinderace|move: Court Change\n|\n|-heal|p2a: Kingambit|100\/100 brn|[from] item: Leftovers\n|-damage|p2a: Kingambit|94\/100 brn|[from] brn\n|upkeep\n|turn|32\n|\n|t:|1701209955\n|switch|p1a: Corviknight|Corviknight, M|17\/100\n|-ability|p1a: Corviknight|Pressure\n|move|p2a: Kingambit|Swords Dance|p2a: Kingambit\n|-boost|p2a: Kingambit|atk|2\n|\n|-heal|p2a: Kingambit|100\/100 brn|[from] item: Leftovers\n|-damage|p2a: Kingambit|94\/100 brn|[from] brn\n|upkeep\n|turn|33\n|\n|t:|1701209968\n|move|p2a: Kingambit|Iron Head|p1a: Corviknight\n|-resisted|p1a: Corviknight\n|-damage|p1a: Corviknight|0 fnt\n|-damage|p2a: Kingambit|78\/100 brn|[from] item: Rocky Helmet|[of] p1a: Corviknight\n|faint|p1a: Corviknight\n|\n|-heal|p2a: Kingambit|84\/100 brn|[from] item: Leftovers\n|-damage|p2a: Kingambit|78\/100 brn|[from] brn\n|upkeep\n|\n|t:|1701209980\n|switch|p1a: Alomomola|Alomomola, M|37\/100\n|turn|34\n|\n|t:|1701209997\n|move|p2a: Kingambit|Iron Head|p1a: Alomomola\n|-resisted|p1a: Alomomola\n|-damage|p1a: Alomomola|6\/100\n|cant|p1a: Alomomola|flinch\n|\n|-heal|p2a: Kingambit|84\/100 brn|[from] item: Leftovers\n|-damage|p2a: Kingambit|78\/100 brn|[from] brn\n|upkeep\n|turn|35\n|\n|t:|1701210006\n|move|p2a: Kingambit|Iron Head|p1a: Alomomola\n|-resisted|p1a: Alomomola\n|-damage|p1a: Alomomola|0 fnt\n|faint|p1a: Alomomola\n|\n|-heal|p2a: Kingambit|84\/100 brn|[from] item: Leftovers\n|-damage|p2a: Kingambit|78\/100 brn|[from] brn\n|upkeep\n|\n|t:|1701210012\n|switch|p1a: Cinderace|Cinderace, M|100\/100 par\n|turn|36\n|\n|t:|1701210020\n|move|p2a: Kingambit|Sucker Punch|p1a: Cinderace\n|-damage|p1a: Cinderace|0 fnt\n|faint|p1a: Cinderace\n|\n|win|albert c*mus\n|raw|whitepoohshiesty's rating: 1357 &rarr; <strong>1340<\/strong><br \/>(-17 for losing)\n|raw|albert c*mus's rating: 1410 &rarr; <strong>1427<\/strong><br \/>(+17 for winning)\n|c|\u2606albert c*mus|gg\n|l|\u2606whitepoohshiesty\n","uploadtime":1701210029,"views":1,"p1id":"whitepoohshiesty","p2id":"albertcmus","formatid":"gen9ou","rating":1340,"private":0,"password":""}