{"id":"gen9ou-1992438398","p1":"ghost swiss","p2":"Dr. Elite Test","format":"[Gen 9] OU","log":"|j|\u2606ghost swiss\n|j|\u2606Dr. Elite Test\n|t:|1700187620\n|gametype|singles\n|player|p1|ghost swiss|swimmerf-gen6|1561\n|player|p2|Dr. Elite Test|#drelite|1633\n|teamsize|p1|6\n|teamsize|p2|6\n|gen|9\n|tier|[Gen 9] OU\n|rated|\n|rule|Sleep Clause Mod: Limit one foe put to sleep\n|rule|Species Clause: Limit one of each Pok\u00e9mon\n|rule|OHKO Clause: OHKO moves are banned\n|rule|Evasion Items Clause: Evasion items are banned\n|rule|Evasion Moves Clause: Evasion moves are banned\n|rule|Endless Battle Clause: Forcing endless battles is banned\n|rule|HP Percentage Mod: HP is shown in percentages\n|clearpoke\n|poke|p1|Hoopa-Unbound|\n|poke|p1|Zapdos|\n|poke|p1|Ribombee, M|\n|poke|p1|Iron Valiant|\n|poke|p1|Ogerpon-Wellspring, F|\n|poke|p1|Gholdengo|\n|poke|p2|Sylveon, F|\n|poke|p2|Tinkaton, F|\n|poke|p2|Gardevoir, F|\n|poke|p2|Klefki, M|\n|poke|p2|Carbink|\n|poke|p2|Mimikyu, M|\n|teampreview\n|\n|t:|1700187635\n|start\n|switch|p1a: Hoopa|Hoopa-Unbound|100\/100\n|switch|p2a: Sylveon|Sylveon, F|100\/100\n|turn|1\n|\n|t:|1700187640\n|move|p1a: Hoopa|Hyperspace Fury|p2a: Sylveon\n|-resisted|p2a: Sylveon\n|-damage|p2a: Sylveon|67\/100\n|-unboost|p1a: Hoopa|def|1\n|-enditem|p1a: Hoopa|Eject Pack\n|\n|t:|1700187648\n|switch|p1a: Gholdengo|Gholdengo|100\/100\n|move|p2a: Sylveon|Hyper Voice|p1a: Gholdengo\n|-resisted|p1a: Gholdengo\n|-damage|p1a: Gholdengo|70\/100\n|\n|upkeep\n|turn|2\n|\n|t:|1700187655\n|move|p1a: Gholdengo|Make It Rain|p2a: Sylveon\n|-supereffective|p2a: Sylveon\n|-damage|p2a: Sylveon|12\/100\n|-unboost|p1a: Gholdengo|spa|1\n|move|p2a: Sylveon|Shadow Ball|p1a: Gholdengo\n|-supereffective|p1a: Gholdengo\n|-damage|p1a: Gholdengo|8\/100\n|\n|upkeep\n|turn|3\n|\n|t:|1700187669\n|move|p2a: Sylveon|Quick Attack|p1a: Gholdengo\n|-resisted|p1a: Gholdengo\n|-damage|p1a: Gholdengo|1\/100\n|move|p1a: Gholdengo|Make It Rain|p2a: Sylveon\n|-supereffective|p2a: Sylveon\n|-damage|p2a: Sylveon|0 fnt\n|-unboost|p1a: Gholdengo|spa|1\n|faint|p2a: Sylveon\n|\n|upkeep\n|\n|t:|1700187676\n|switch|p2a: Tinkaton|Tinkaton, F|100\/100\n|-ability|p2a: Tinkaton|Mold Breaker\n|-item|p2a: Tinkaton|Air Balloon\n|turn|4\n|\n|t:|1700187684\n|switch|p1a: Zapdos|Zapdos|100\/100\n|move|p2a: Tinkaton|Knock Off|p1a: Zapdos\n|-damage|p1a: Zapdos|77\/100\n|-status|p2a: Tinkaton|par|[from] ability: Static|[of] p1a: Zapdos\n|-enditem|p1a: Zapdos|Heavy-Duty Boots|[from] move: Knock Off|[of] p2a: Tinkaton\n|\n|upkeep\n|turn|5\n|\n|t:|1700187693\n|switch|p2a: Gardevoir|Gardevoir, F|100\/100\n|-ability|p2a: Gardevoir|Static|[from] ability: Trace|[of] p1a: Zapdos\n|move|p1a: Zapdos|Discharge|p2a: Gardevoir\n|-damage|p2a: Gardevoir|70\/100\n|-status|p2a: Gardevoir|par\n|\n|-heal|p2a: Gardevoir|77\/100 par|[from] item: Leftovers\n|upkeep\n|turn|6\n|\n|t:|1700187706\n|move|p1a: Zapdos|U-turn|p2a: Gardevoir\n|-damage|p2a: Gardevoir|64\/100 par\n|\n|t:|1700187714\n|switch|p1a: Ribombee|Ribombee, M|100\/100|[from] U-turn\n|move|p2a: Gardevoir|Calm Mind|p2a: Gardevoir\n|-boost|p2a: Gardevoir|spa|1\n|-boost|p2a: Gardevoir|spd|1\n|\n|-heal|p2a: Gardevoir|70\/100 par|[from] item: Leftovers\n|upkeep\n|turn|7\n|\n|t:|1700187727\n|move|p1a: Ribombee|Moonblast|p2a: Gardevoir\n|-crit|p2a: Gardevoir\n|-damage|p2a: Gardevoir|19\/100 par\n|cant|p2a: Gardevoir|par\n|\n|-heal|p2a: Gardevoir|25\/100 par|[from] item: Leftovers\n|upkeep\n|turn|8\n|\n|t:|1700187734\n|move|p1a: Ribombee|Sticky Web|p2a: Gardevoir\n|-sidestart|p2: Dr. Elite Test|move: Sticky Web\n|cant|p2a: Gardevoir|par\n|\n|-heal|p2a: Gardevoir|31\/100 par|[from] item: Leftovers\n|upkeep\n|turn|9\n|\n|t:|1700187737\n|move|p1a: Ribombee|Moonblast|p2a: Gardevoir\n|-damage|p2a: Gardevoir|9\/100 par\n|move|p2a: Gardevoir|Draining Kiss|p1a: Ribombee\n|-damage|p1a: Ribombee|51\/100\n|-heal|p2a: Gardevoir|38\/100 par|[from] drain|[of] p1a: Ribombee\n|\n|-heal|p2a: Gardevoir|44\/100 par|[from] item: Leftovers\n|upkeep\n|turn|10\n|\n|t:|1700187750\n|move|p1a: Ribombee|Moonblast|p2a: Gardevoir\n|-damage|p2a: Gardevoir|21\/100 par\n|move|p2a: Gardevoir|Draining Kiss|p1a: Ribombee\n|-damage|p1a: Ribombee|0 fnt\n|-heal|p2a: Gardevoir|50\/100 par|[from] drain|[of] p1a: Ribombee\n|faint|p1a: Ribombee\n|\n|-heal|p2a: Gardevoir|56\/100 par|[from] item: Leftovers\n|upkeep\n|\n|t:|1700187757\n|switch|p1a: Gholdengo|Gholdengo|1\/100\n|turn|11\n|\n|t:|1700187761\n|move|p1a: Gholdengo|Make It Rain|p2a: Gardevoir\n|-supereffective|p2a: Gardevoir\n|-damage|p2a: Gardevoir|0 fnt\n|-unboost|p1a: Gholdengo|spa|1\n|faint|p2a: Gardevoir\n|\n|upkeep\n|\n|t:|1700187774\n|switch|p2a: Tinkaton|Tinkaton, F|100\/100 par\n|-ability|p2a: Tinkaton|Mold Breaker\n|-item|p2a: Tinkaton|Air Balloon\n|turn|12\n|\n|t:|1700187782\n|switch|p1a: Zapdos|Zapdos|77\/100\n|move|p2a: Tinkaton|Swords Dance|p2a: Tinkaton\n|-boost|p2a: Tinkaton|atk|2\n|\n|upkeep\n|turn|13\n|\n|t:|1700187788\n|move|p1a: Zapdos|Discharge|p2a: Tinkaton\n|-damage|p2a: Tinkaton|64\/100 par\n|-enditem|p2a: Tinkaton|Air Balloon\n|cant|p2a: Tinkaton|par\n|\n|upkeep\n|turn|14\n|\n|t:|1700187797\n|move|p1a: Zapdos|Discharge|p2a: Tinkaton\n|-damage|p2a: Tinkaton|30\/100 par\n|move|p2a: Tinkaton|Gigaton Hammer|p1a: Zapdos\n|-resisted|p1a: Zapdos\n|-damage|p1a: Zapdos|16\/100\n|\n|upkeep\n|turn|15\n|\n|t:|1700187804\n|move|p1a: Zapdos|Roost|p1a: Zapdos\n|-heal|p1a: Zapdos|66\/100\n|-singleturn|p1a: Zapdos|move: Roost\n|move|p2a: Tinkaton|Knock Off|p1a: Zapdos\n|-damage|p1a: Zapdos|33\/100\n|\n|upkeep\n|turn|16\n|\n|t:|1700187810\n|move|p1a: Zapdos|Roost|p1a: Zapdos\n|-heal|p1a: Zapdos|83\/100\n|-singleturn|p1a: Zapdos|move: Roost\n|move|p2a: Tinkaton|Gigaton Hammer|p1a: Zapdos\n|-resisted|p1a: Zapdos\n|-damage|p1a: Zapdos|29\/100\n|\n|upkeep\n|turn|17\n|\n|t:|1700187816\n|move|p1a: Zapdos|Roost|p1a: Zapdos\n|-heal|p1a: Zapdos|79\/100\n|-singleturn|p1a: Zapdos|move: Roost\n|cant|p2a: Tinkaton|par\n|\n|upkeep\n|turn|18\n|\n|t:|1700187822\n|move|p1a: Zapdos|Discharge|p2a: Tinkaton\n|-damage|p2a: Tinkaton|0 fnt\n|faint|p2a: Tinkaton\n|\n|upkeep\n|\n|t:|1700187832\n|switch|p2a: Klefki|Klefki, M|100\/100\n|-activate|p2a: Klefki|move: Sticky Web\n|-unboost|p2a: Klefki|spe|1\n|turn|19\n|\n|t:|1700187841\n|switch|p1a: Gholdengo|Gholdengo|1\/100\n|move|p2a: Klefki|Switcheroo|p1a: Gholdengo\n|-immune|p1a: Gholdengo|[from] ability: Good as Gold\n|\n|upkeep\n|turn|20\n|\n|t:|1700187850\n|move|p1a: Gholdengo|Recover|p1a: Gholdengo\n|-heal|p1a: Gholdengo|51\/100\n|move|p2a: Klefki|Foul Play|p1a: Gholdengo\n|-supereffective|p1a: Gholdengo\n|-damage|p1a: Gholdengo|27\/100\n|\n|upkeep\n|turn|21\n|\n|t:|1700187856\n|switch|p2a: Mimikyu|Mimikyu, M|100\/100\n|-activate|p2a: Mimikyu|move: Sticky Web\n|-unboost|p2a: Mimikyu|spe|1\n|move|p1a: Gholdengo|Recover|p1a: Gholdengo\n|-heal|p1a: Gholdengo|77\/100\n|\n|upkeep\n|turn|22\n|j| yb is better\n|\n|t:|1700187870\n|switch|p1a: Zapdos|Zapdos|79\/100\n|move|p2a: Mimikyu|Swords Dance|p2a: Mimikyu\n|-boost|p2a: Mimikyu|atk|2\n|\n|upkeep\n|turn|23\n|\n|t:|1700187876\n|move|p1a: Zapdos|Discharge|p2a: Mimikyu\n|-activate|p2a: Mimikyu|ability: Disguise\n|-damage|p2a: Mimikyu|100\/100\n|detailschange|p2a: Mimikyu|Mimikyu-Busted, M\n|-damage|p2a: Mimikyu|88\/100|[from] pokemon: Mimikyu-Busted\n|move|p2a: Mimikyu|Swords Dance|p2a: Mimikyu\n|-boost|p2a: Mimikyu|atk|2\n|\n|upkeep\n|turn|24\n|\n|t:|1700187893\n|-terastallize|p2a: Mimikyu|Ghost\n|move|p2a: Mimikyu|Shadow Sneak|p1a: Zapdos\n|-damage|p1a: Zapdos|0 fnt\n|faint|p1a: Zapdos\n|-damage|p2a: Mimikyu|78\/100|[from] item: Life Orb\n|\n|upkeep\n|\n|t:|1700187925\n|switch|p1a: Ogerpon|Ogerpon-Wellspring, F|100\/100\n|turn|25\n|\n|t:|1700187935\n|move|p2a: Mimikyu|Shadow Sneak|p1a: Ogerpon\n|-damage|p1a: Ogerpon|0 fnt\n|faint|p1a: Ogerpon\n|-damage|p2a: Mimikyu|68\/100|[from] item: Life Orb\n|\n|upkeep\n|\n|t:|1700187944\n|switch|p1a: Gholdengo|Gholdengo|77\/100\n|turn|26\n|\n|t:|1700187952\n|-terastallize|p1a: Gholdengo|Fairy\n|move|p2a: Mimikyu|Shadow Sneak|p1a: Gholdengo\n|-damage|p1a: Gholdengo|0 fnt\n|faint|p1a: Gholdengo\n|-damage|p2a: Mimikyu|58\/100|[from] item: Life Orb\n|\n|upkeep\n|c|\u2606ghost swiss|wow\n|c|\u2606ghost swiss|that shit stronger than i thought\n|\n|t:|1700187978\n|switch|p1a: Iron Valiant|Iron Valiant|100\/100\n|turn|27\n|c|\u2606Dr. Elite Test|It\u2019s one of my aces.\n|c|\u2606Dr. Elite Test|Similar to Azumarill.\n|\n|t:|1700188004\n|move|p2a: Mimikyu|Shadow Sneak|p1a: Iron Valiant\n|-damage|p1a: Iron Valiant|0 fnt\n|faint|p1a: Iron Valiant\n|-end|p1a: Iron Valiant|Quark Drive|[silent]\n|-damage|p2a: Mimikyu|48\/100|[from] item: Life Orb\n|\n|upkeep\n|\n|t:|1700188012\n|switch|p1a: Hoopa|Hoopa-Unbound|100\/100\n|turn|28\n|c|\u2606ghost swiss|yes, very nice, lad.\n|\n|t:|1700188031\n|move|p2a: Mimikyu|Shadow Sneak|p1a: Hoopa\n|-crit|p1a: Hoopa\n|-damage|p1a: Hoopa|0 fnt\n|faint|p1a: Hoopa\n|-damage|p2a: Mimikyu|38\/100|[from] item: Life Orb\n|\n|win|Dr. Elite Test\n|raw|ghost swiss's rating: 1561 &rarr; <strong>1545<\/strong><br \/>(-16 for losing)\n|raw|Dr. Elite Test's rating: 1633 &rarr; <strong>1649<\/strong><br \/>(+16 for winning)\n|c|\u2606Dr. Elite Test|Best of luck to future battles.\n|c|\u2606ghost swiss|you too my comrade\n|l|\u2606ghost swiss\n|l|\u2606Dr. Elite Test\n","uploadtime":1700188151,"views":7,"p1id":"ghostswiss","p2id":"drelitetest","formatid":"gen9ou","rating":1545,"private":0,"password":""}