{"id":"gen9ou-1989954462","p1":"Jrmoore896","p2":"flameingpigey2","format":"[Gen 9] OU","log":"|j|\u2606Jrmoore896\n|j|\u2606flameingpigey2\n|t:|1699909838\n|gametype|singles\n|player|p1|Jrmoore896|lucas-gen4pt|1505\n|player|p2|flameingpigey2|hilbert|1477\n|teamsize|p1|6\n|teamsize|p2|6\n|gen|9\n|tier|[Gen 9] OU\n|rated|\n|rule|Sleep Clause Mod: Limit one foe put to sleep\n|rule|Species Clause: Limit one of each Pok\u00e9mon\n|rule|OHKO Clause: OHKO moves are banned\n|rule|Evasion Items Clause: Evasion items are banned\n|rule|Evasion Moves Clause: Evasion moves are banned\n|rule|Endless Battle Clause: Forcing endless battles is banned\n|rule|HP Percentage Mod: HP is shown in percentages\n|clearpoke\n|poke|p1|Sneasler, M|\n|poke|p1|Rillaboom, F|\n|poke|p1|Dondozo, M|\n|poke|p1|Clodsire, M|\n|poke|p1|Great Tusk|\n|poke|p1|Enamorus, F|\n|poke|p2|Heatran, M|\n|poke|p2|Dragonite, F|\n|poke|p2|Cresselia, F|\n|poke|p2|Samurott-Hisui, F|\n|poke|p2|Kingambit, M|\n|poke|p2|Manaphy|\n|teampreview\n|inactive|Battle timer is ON: inactive players will automatically lose when time's up. (requested by Jrmoore896)\n|\n|t:|1699909857\n|start\n|switch|p1a: Clodsire|Clodsire, M, shiny|100\/100\n|switch|p2a: Tetrachromacy|Cresselia, F|100\/100\n|turn|1\n|\n|t:|1699909874\n|move|p2a: Tetrachromacy|Reflect|p2a: Tetrachromacy\n|-sidestart|p2: flameingpigey2|Reflect\n|move|p1a: Clodsire|Stealth Rock|p2a: Tetrachromacy\n|-sidestart|p2: flameingpigey2|move: Stealth Rock\n|\n|upkeep\n|turn|2\n|\n|t:|1699909879\n|switch|p2a: Funnie|Manaphy|100\/100\n|-damage|p2a: Funnie|88\/100|[from] Stealth Rock\n|move|p1a: Clodsire|Toxic|p2a: Funnie\n|-status|p2a: Funnie|tox\n|\n|-heal|p2a: Funnie|94\/100 tox|[from] item: Leftovers\n|-damage|p2a: Funnie|88\/100 tox|[from] psn\n|upkeep\n|turn|3\n|\n|t:|1699909890\n|switch|p1a: Rillaboom|Rillaboom, F|100\/100\n|-fieldstart|move: Grassy Terrain|[from] ability: Grassy Surge|[of] p1a: Rillaboom\n|move|p2a: Funnie|Take Heart|p2a: Funnie\n|-boost|p2a: Funnie|spa|1\n|-boost|p2a: Funnie|spd|1\n|-curestatus|p2a: Funnie|tox|[msg]\n|\n|-heal|p2a: Funnie|94\/100|[from] Grassy Terrain\n|-heal|p2a: Funnie|100\/100|[from] item: Leftovers\n|upkeep\n|turn|4\n|\n|t:|1699909904\n|move|p2a: Funnie|Acid Armor|p2a: Funnie\n|-boost|p2a: Funnie|def|2\n|move|p1a: Rillaboom|Wood Hammer|p2a: Funnie\n|-supereffective|p2a: Funnie\n|-damage|p2a: Funnie|60\/100\n|-damage|p1a: Rillaboom|87\/100|[from] Recoil\n|\n|-heal|p2a: Funnie|66\/100|[from] Grassy Terrain\n|-heal|p2a: Funnie|72\/100|[from] item: Leftovers\n|-heal|p1a: Rillaboom|93\/100|[from] Grassy Terrain\n|upkeep\n|turn|5\n|\n|t:|1699909919\n|move|p2a: Funnie|Acid Armor|p2a: Funnie\n|-boost|p2a: Funnie|def|2\n|move|p1a: Rillaboom|Wood Hammer|p2a: Funnie\n|-supereffective|p2a: Funnie\n|-damage|p2a: Funnie|41\/100\n|-damage|p1a: Rillaboom|83\/100|[from] Recoil\n|\n|-heal|p2a: Funnie|48\/100|[from] Grassy Terrain\n|-heal|p2a: Funnie|54\/100|[from] item: Leftovers\n|-heal|p1a: Rillaboom|89\/100|[from] Grassy Terrain\n|upkeep\n|turn|6\n|\n|t:|1699909933\n|move|p2a: Funnie|Take Heart|p2a: Funnie\n|-boost|p2a: Funnie|spa|1\n|-boost|p2a: Funnie|spd|1\n|move|p1a: Rillaboom|Wood Hammer|p2a: Funnie\n|-supereffective|p2a: Funnie\n|-damage|p2a: Funnie|25\/100\n|-damage|p1a: Rillaboom|80\/100|[from] Recoil\n|\n|-heal|p2a: Funnie|31\/100|[from] Grassy Terrain\n|-heal|p2a: Funnie|38\/100|[from] item: Leftovers\n|-heal|p1a: Rillaboom|86\/100|[from] Grassy Terrain\n|upkeep\n|turn|7\n|\n|t:|1699909946\n|move|p2a: Funnie|Stored Power|p1a: Rillaboom\n|-damage|p1a: Rillaboom|0 fnt\n|faint|p1a: Rillaboom\n|\n|-heal|p2a: Funnie|44\/100|[from] Grassy Terrain\n|-heal|p2a: Funnie|50\/100|[from] item: Leftovers\n|-fieldend|move: Grassy Terrain\n|upkeep\n|\n|t:|1699909963\n|switch|p1a: Enamorus|Enamorus, F|100\/100\n|turn|8\n|\n|t:|1699909970\n|move|p1a: Enamorus|Moonblast|p2a: Funnie\n|-damage|p2a: Funnie|28\/100\n|-unboost|p2a: Funnie|spa|1\n|move|p2a: Funnie|Stored Power|p1a: Enamorus\n|-damage|p1a: Enamorus|18\/100\n|\n|-heal|p2a: Funnie|34\/100|[from] item: Leftovers\n|-sideend|p2: flameingpigey2|Reflect\n|upkeep\n|turn|9\n|\n|t:|1699909980\n|-terastallize|p2a: Funnie|Poison\n|move|p1a: Enamorus|Moonblast|p2a: Funnie\n|-resisted|p2a: Funnie\n|-damage|p2a: Funnie|22\/100\n|-unboost|p2a: Funnie|spa|1\n|move|p2a: Funnie|Stored Power|p1a: Enamorus\n|-crit|p1a: Enamorus\n|-damage|p1a: Enamorus|0 fnt\n|faint|p1a: Enamorus\n|\n|-heal|p2a: Funnie|29\/100|[from] item: Leftovers\n|upkeep\n|\n|t:|1699909999\n|switch|p1a: Great Tusk|Great Tusk|100\/100\n|turn|10\n|\n|t:|1699910010\n|move|p1a: Great Tusk|Headlong Rush|p2a: Funnie\n|-supereffective|p2a: Funnie\n|-damage|p2a: Funnie|0 fnt\n|-unboost|p1a: Great Tusk|def|1\n|-unboost|p1a: Great Tusk|spd|1\n|faint|p2a: Funnie\n|\n|upkeep\n|\n|t:|1699910016\n|switch|p2a: Tetrachromacy|Cresselia, F|100\/100\n|-damage|p2a: Tetrachromacy|88\/100|[from] Stealth Rock\n|turn|11\n|\n|t:|1699910022\n|-end|p1a: Great Tusk|Protosynthesis|[silent]\n|switch|p1a: Clodsire|Clodsire, M, shiny|100\/100\n|move|p2a: Tetrachromacy|Psychic|p1a: Clodsire\n|-supereffective|p1a: Clodsire\n|-damage|p1a: Clodsire|74\/100\n|\n|-heal|p1a: Clodsire|80\/100|[from] item: Leftovers\n|upkeep\n|turn|12\n|inactive|flameingpigey2 has 120 seconds left.\n|\n|t:|1699910054\n|move|p2a: Tetrachromacy|Reflect|p2a: Tetrachromacy\n|-sidestart|p2: flameingpigey2|Reflect\n|move|p1a: Clodsire|Toxic|p2a: Tetrachromacy\n|-status|p2a: Tetrachromacy|tox\n|\n|-heal|p1a: Clodsire|87\/100|[from] item: Leftovers\n|-damage|p2a: Tetrachromacy|82\/100 tox|[from] psn\n|upkeep\n|turn|13\n|\n|t:|1699910070\n|switch|p2a: Beyond Chaotic|Samurott-Hisui, F|100\/100\n|-damage|p2a: Beyond Chaotic|88\/100|[from] Stealth Rock\n|switch|p1a: Dondozo|Dondozo, M|100\/100\n|\n|upkeep\n|turn|14\n|\n|t:|1699910081\n|move|p2a: Beyond Chaotic|Ceaseless Edge|p1a: Dondozo\n|-damage|p1a: Dondozo|77\/100\n|-sidestart|p1: Jrmoore896|Spikes\n|move|p1a: Dondozo|Curse|p1a: Dondozo\n|-unboost|p1a: Dondozo|spe|1\n|-boost|p1a: Dondozo|atk|1\n|-boost|p1a: Dondozo|def|1\n|\n|-heal|p1a: Dondozo|83\/100|[from] item: Leftovers\n|upkeep\n|turn|15\n|inactive|flameingpigey2 has 120 seconds left.\n|\n|t:|1699910111\n|switch|p2a: ban me|Kingambit, M|100\/100\n|-damage|p2a: ban me|94\/100|[from] Stealth Rock\n|-activate|p2a: ban me|ability: Supreme Overlord\n|-start|p2a: ban me|fallen1|[silent]\n|move|p1a: Dondozo|Curse|p1a: Dondozo\n|-unboost|p1a: Dondozo|spe|1\n|-boost|p1a: Dondozo|atk|1\n|-boost|p1a: Dondozo|def|1\n|\n|-heal|p1a: Dondozo|89\/100|[from] item: Leftovers\n|upkeep\n|turn|16\n|\n|t:|1699910123\n|move|p2a: ban me|Swords Dance|p2a: ban me\n|-boost|p2a: ban me|atk|2\n|move|p1a: Dondozo|Curse|p1a: Dondozo\n|-unboost|p1a: Dondozo|spe|1\n|-boost|p1a: Dondozo|atk|1\n|-boost|p1a: Dondozo|def|1\n|\n|-heal|p1a: Dondozo|95\/100|[from] item: Leftovers\n|upkeep\n|turn|17\n|\n|t:|1699910133\n|move|p2a: ban me|Swords Dance|p2a: ban me\n|-boost|p2a: ban me|atk|2\n|move|p1a: Dondozo|Curse|p1a: Dondozo\n|-unboost|p1a: Dondozo|spe|1\n|-boost|p1a: Dondozo|atk|1\n|-boost|p1a: Dondozo|def|1\n|\n|-heal|p1a: Dondozo|100\/100|[from] item: Leftovers\n|upkeep\n|turn|18\n|\n|t:|1699910142\n|move|p2a: ban me|Swords Dance|p2a: ban me\n|-boost|p2a: ban me|atk|2\n|move|p1a: Dondozo|Curse|p1a: Dondozo\n|-unboost|p1a: Dondozo|spe|1\n|-boost|p1a: Dondozo|atk|1\n|-boost|p1a: Dondozo|def|1\n|\n|upkeep\n|turn|19\n|\n|t:|1699910150\n|move|p2a: ban me|Kowtow Cleave|p1a: Dondozo\n|-damage|p1a: Dondozo|92\/100\n|move|p1a: Dondozo|Earthquake|p2a: ban me\n|-supereffective|p2a: ban me\n|-damage|p2a: ban me|25\/100\n|\n|-heal|p1a: Dondozo|98\/100|[from] item: Leftovers\n|-sideend|p2: flameingpigey2|Reflect\n|upkeep\n|turn|20\n|c|\u2606flameingpigey2|oh god\n|\n|t:|1699910161\n|move|p2a: ban me|Iron Head|p1a: Dondozo\n|-resisted|p1a: Dondozo\n|-damage|p1a: Dondozo|94\/100\n|move|p1a: Dondozo|Liquidation|p2a: ban me\n|-damage|p2a: ban me|0 fnt\n|faint|p2a: ban me\n|-end|p2a: ban me|fallen1|[silent]\n|\n|-heal|p1a: Dondozo|99\/100|[from] item: Leftovers\n|upkeep\n|inactive|flameingpigey2 has 120 seconds left.\n|\n|t:|1699910194\n|switch|p2a: Inner Cell|Heatran, M|100\/100\n|turn|21\n|inactive|flameingpigey2 has 120 seconds left.\n|\n|t:|1699910205\n|move|p2a: Inner Cell|Earth Power|p1a: Dondozo\n|-damage|p1a: Dondozo|76\/100\n|move|p1a: Dondozo|Earthquake|p2a: Inner Cell\n|-supereffective|p2a: Inner Cell\n|-damage|p2a: Inner Cell|0 fnt\n|faint|p2a: Inner Cell\n|\n|-heal|p1a: Dondozo|82\/100|[from] item: Leftovers\n|upkeep\n|\n|t:|1699910209\n|switch|p2a: Beyond Chaotic|Samurott-Hisui, F|88\/100\n|-damage|p2a: Beyond Chaotic|76\/100|[from] Stealth Rock\n|turn|22\n|\n|t:|1699910220\n|move|p2a: Beyond Chaotic|Sacred Sword|p1a: Dondozo\n|-damage|p1a: Dondozo|61\/100\n|move|p1a: Dondozo|Earthquake|p2a: Beyond Chaotic\n|-damage|p2a: Beyond Chaotic|0 fnt\n|faint|p2a: Beyond Chaotic\n|\n|-heal|p1a: Dondozo|67\/100|[from] item: Leftovers\n|upkeep\n|c|\u2606flameingpigey2|i forgot\n|c|\u2606flameingpigey2|im so smart\n|\n|t:|1699910227\n|switch|p2a: Tetrachromacy|Cresselia, F|82\/100 tox\n|-damage|p2a: Tetrachromacy|70\/100 tox|[from] Stealth Rock\n|turn|23\n|\n|t:|1699910233\n|move|p2a: Tetrachromacy|Reflect|p2a: Tetrachromacy\n|-sidestart|p2: flameingpigey2|Reflect\n|move|p1a: Dondozo|Liquidation|p2a: Tetrachromacy\n|-damage|p2a: Tetrachromacy|35\/100 tox\n|\n|-heal|p1a: Dondozo|73\/100|[from] item: Leftovers\n|-damage|p2a: Tetrachromacy|28\/100 tox|[from] psn\n|upkeep\n|turn|24\n|-message|flameingpigey2 forfeited.\n|\n|win|Jrmoore896\n|raw|Jrmoore896's rating: 1482 &rarr; <strong>1502<\/strong><br \/>(+20 for winning)\n|raw|flameingpigey2's rating: 1477 &rarr; <strong>1457<\/strong><br \/>(-20 for losing)\n|l|\u2606flameingpigey2\n","uploadtime":1699910251,"views":12,"p1id":"jrmoore896","p2id":"flameingpigey2","formatid":"gen9ou","rating":1457,"private":0,"password":""}