{"id":"gen9ou-1993227755","p1":"Phaoryx","p2":"iron tusk 69","format":"[Gen 9] OU","log":"|j|\u2606Phaoryx\n|j|\u2606iron tusk 69\n|t:|1700280879\n|gametype|singles\n|player|p1|Phaoryx|hilbert|\n|player|p2|iron tusk 69|biker-gen4|\n|teamsize|p1|6\n|teamsize|p2|6\n|gen|9\n|tier|[Gen 9] OU\n|rule|Sleep Clause Mod: Limit one foe put to sleep\n|rule|Species Clause: Limit one of each Pok\u00e9mon\n|rule|OHKO Clause: OHKO moves are banned\n|rule|Evasion Items Clause: Evasion items are banned\n|rule|Evasion Moves Clause: Evasion moves are banned\n|rule|Endless Battle Clause: Forcing endless battles is banned\n|rule|HP Percentage Mod: HP is shown in percentages\n|clearpoke\n|poke|p1|Garchomp, M|\n|poke|p1|Corviknight, M|\n|poke|p1|Ninetales-Alola, F|\n|poke|p1|Tyranitar, M|\n|poke|p1|Ceruledge, M|\n|poke|p1|Iron Valiant|\n|poke|p2|Ribombee, M|\n|poke|p2|Samurott-Hisui, F|\n|poke|p2|Glimmora, M|\n|poke|p2|Gholdengo|\n|poke|p2|Iron Treads|\n|poke|p2|Kingambit, F|\n|teampreview\n|c|\u2606Phaoryx|o7\n|\n|t:|1700280911\n|start\n|switch|p1a: Ninetales|Ninetales-Alola, F, shiny|100\/100\n|switch|p2a: WEB META|Ribombee, M|100\/100\n|-weather|Snow|[from] ability: Snow Warning|[of] p1a: Ninetales\n|turn|1\n|j| bruhman253\n|c|\u2606iron tusk 69|nooooo\n|c|\u2606iron tusk 69|the double weather\n|c|\u2606Phaoryx|teehee\n|c|\u2606Phaoryx|LMAO\n|\n|t:|1700280924\n|move|p2a: WEB META|Sticky Web|p1a: Ninetales\n|-sidestart|p1: Phaoryx|move: Sticky Web\n|move|p1a: Ninetales|Encore|p2a: WEB META\n|-start|p2a: WEB META|Encore\n|\n|-weather|Snow|[upkeep]\n|upkeep\n|turn|2\n|c|\u2606Phaoryx|yeah thats me XD\n|\n|t:|1700280936\n|switch|p2a: TSPIKE META|Glimmora, M|100\/100\n|move|p1a: Ninetales|Aurora Veil|p1a: Ninetales\n|-sidestart|p1: Phaoryx|move: Aurora Veil\n|\n|-weather|Snow|[upkeep]\n|upkeep\n|turn|3\n|c|\u2606Phaoryx|ttar doesnt do much here tho\n|\n|t:|1700280942\n|move|p1a: Ninetales|Moonblast|p2a: TSPIKE META\n|-resisted|p2a: TSPIKE META\n|-damage|p2a: TSPIKE META|76\/100\n|-unboost|p2a: TSPIKE META|spa|1\n|move|p2a: TSPIKE META|Stealth Rock|p1a: Ninetales\n|-sidestart|p1: Phaoryx|move: Stealth Rock\n|\n|-weather|Snow|[upkeep]\n|upkeep\n|turn|4\n|\n|t:|1700280955\n|switch|p2a: IRON TUSK 69|Iron Treads|100\/100\n|-enditem|p2a: IRON TUSK 69|Booster Energy\n|-activate|p2a: IRON TUSK 69|ability: Quark Drive|[fromitem]\n|-start|p2a: IRON TUSK 69|quarkdrivespe\n|move|p1a: Ninetales|Encore||[still]\n|-fail|p1a: Ninetales\n|\n|-weather|Snow|[upkeep]\n|upkeep\n|turn|5\n|\n|t:|1700280966\n|switch|p1a: Ceruledge|Ceruledge, M, shiny|100\/100\n|-activate|p1a: Ceruledge|move: Sticky Web\n|-unboost|p1a: Ceruledge|spe|1\n|-damage|p1a: Ceruledge|76\/100|[from] Stealth Rock\n|move|p2a: IRON TUSK 69|Steel Beam|p1a: Ceruledge\n|-resisted|p1a: Ceruledge\n|-damage|p1a: Ceruledge|66\/100\n|-damage|p2a: IRON TUSK 69|50\/100|[from] steelbeam\n|\n|-weather|none\n|-heal|p1a: Ceruledge|72\/100|[from] item: Leftovers\n|upkeep\n|turn|6\n|j| VicBossMG\n|\n|t:|1700280978\n|move|p2a: IRON TUSK 69|Steel Beam|p1a: Ceruledge\n|-resisted|p1a: Ceruledge\n|-damage|p1a: Ceruledge|63\/100\n|-damage|p2a: IRON TUSK 69|0 fnt|[from] steelbeam\n|faint|p2a: IRON TUSK 69\n|-end|p2a: IRON TUSK 69|Quark Drive|[silent]\n|move|p1a: Ceruledge|Bulk Up|p1a: Ceruledge\n|-boost|p1a: Ceruledge|atk|1\n|-boost|p1a: Ceruledge|def|1\n|\n|-heal|p1a: Ceruledge|69\/100|[from] item: Leftovers\n|upkeep\n|l| bruhman253\n|\n|t:|1700280990\n|switch|p2a: TSPIKE META|Glimmora, M|76\/100\n|turn|7\n|c|\u2606Phaoryx|idk what to do here\n|\n|t:|1700281012\n|-terastallize|p1a: Ceruledge|Grass\n|move|p2a: TSPIKE META|Toxic|p1a: Ceruledge\n|-status|p1a: Ceruledge|tox\n|move|p1a: Ceruledge|Bulk Up|p1a: Ceruledge\n|-boost|p1a: Ceruledge|atk|1\n|-boost|p1a: Ceruledge|def|1\n|\n|-heal|p1a: Ceruledge|75\/100 tox|[from] item: Leftovers\n|-damage|p1a: Ceruledge|69\/100 tox|[from] psn\n|upkeep\n|turn|8\n|l| VicBossMG\n|c|\u2606Phaoryx|yeah thats bad\n|\n|t:|1700281029\n|switch|p2a: WEB META|Ribombee, M|100\/100\n|move|p1a: Ceruledge|Bitter Blade|p2a: WEB META\n|-supereffective|p2a: WEB META\n|-enditem|p2a: WEB META|Focus Sash\n|-damage|p2a: WEB META|1\/100\n|-heal|p1a: Ceruledge|100\/100 tox|[from] drain|[of] p2a: WEB META\n|\n|-damage|p1a: Ceruledge|88\/100 tox|[from] psn\n|upkeep\n|turn|9\n|c|\u2606Phaoryx|was praying itd be mortal spin LOL\n|\n|t:|1700281039\n|move|p1a: Ceruledge|Shadow Sneak|p2a: WEB META\n|-crit|p2a: WEB META\n|-damage|p2a: WEB META|0 fnt\n|faint|p2a: WEB META\n|\n|-heal|p1a: Ceruledge|94\/100 tox|[from] item: Leftovers\n|-damage|p1a: Ceruledge|76\/100 tox|[from] psn\n|-sideend|p1: Phaoryx|move: Aurora Veil\n|upkeep\n|j| Efedobleve\n|\n|t:|1700281047\n|switch|p2a: SPIKE META|Samurott-Hisui, F|100\/100\n|turn|10\n|\n|t:|1700281053\n|move|p2a: SPIKE META|Ceaseless Edge|p1a: Ceruledge\n|-damage|p1a: Ceruledge|56\/100 tox\n|-sidestart|p1: Phaoryx|Spikes\n|move|p1a: Ceruledge|Tera Blast|p2a: SPIKE META|[anim] Tera Blast Grass\n|-supereffective|p2a: SPIKE META\n|-damage|p2a: SPIKE META|0 fnt\n|faint|p2a: SPIKE META\n|\n|-heal|p1a: Ceruledge|62\/100 tox|[from] item: Leftovers\n|-damage|p1a: Ceruledge|38\/100 tox|[from] psn\n|upkeep\n|c|\u2606iron tusk 69|oh whoa\n|c|\u2606Phaoryx|ceru's a cold blooded killer tho\n|c|\u2606Phaoryx|yeah\n|c|\u2606iron tusk 69|tera blast grass animation\n|c|\u2606Phaoryx|cool right\n|c|\u2606iron tusk 69|seed flare\n|l| Efedobleve\n|c|\u2606Phaoryx|all tera blast is like that now\n|c|\u2606Phaoryx|i think\n|c|\u2606Phaoryx|actually ive only seen grass. i might be trippin\n|\n|t:|1700281084\n|switch|p2a: EVIL META|Gholdengo|100\/100\n|turn|11\n|\n|t:|1700281089\n|move|p2a: EVIL META|Steel Beam|p1a: Ceruledge\n|-damage|p1a: Ceruledge|0 fnt\n|-damage|p2a: EVIL META|50\/100|[from] steelbeam\n|faint|p1a: Ceruledge\n|\n|upkeep\n|c|\u2606Phaoryx|ow\n|\n|t:|1700281098\n|switch|p1a: Corviknight|Corviknight, M, shiny|100\/100\n|-damage|p1a: Corviknight|88\/100|[from] Stealth Rock\n|-ability|p1a: Corviknight|Pressure\n|turn|12\n|\n|t:|1700281107\n|move|p2a: EVIL META|Steel Beam|p1a: Corviknight\n|-resisted|p1a: Corviknight\n|-damage|p1a: Corviknight|57\/100\n|-damage|p2a: EVIL META|0 fnt|[from] steelbeam\n|faint|p2a: EVIL META\n|move|p1a: Corviknight|Roost|p1a: Corviknight\n|-heal|p1a: Corviknight|100\/100\n|-singleturn|p1a: Corviknight|move: Roost\n|\n|upkeep\n|j| l9testtren\n|\n|t:|1700281114\n|switch|p2a: TSPIKE META|Glimmora, M|76\/100\n|turn|13\n|l| l9testtren\n|\n|t:|1700281116\n|move|p2a: TSPIKE META|Toxic|p1a: Corviknight\n|-status|p1a: Corviknight|tox\n|move|p1a: Corviknight|Defog|p2a: TSPIKE META\n|-unboost|p2a: TSPIKE META|evasion|1\n|-sideend|p1: Phaoryx|Spikes|[from] move: Defog|[of] p1a: Corviknight\n|-sideend|p1: Phaoryx|Stealth Rock|[from] move: Defog|[of] p1a: Corviknight\n|-sideend|p1: Phaoryx|Sticky Web|[from] move: Defog|[of] p1a: Corviknight\n|\n|-damage|p1a: Corviknight|94\/100 tox|[from] psn\n|upkeep\n|turn|14\n|c|\u2606Phaoryx|ooooooooh corrosive\n|c|\u2606Phaoryx|thats dope\n|\n|t:|1700281124\n|move|p2a: TSPIKE META|Stealth Rock|p1a: Corviknight\n|-sidestart|p1: Phaoryx|move: Stealth Rock\n|move|p1a: Corviknight|U-turn|p2a: TSPIKE META\n|-resisted|p2a: TSPIKE META\n|-damage|p2a: TSPIKE META|67\/100\n|c|\u2606iron tusk 69|this is the one mon i wont change\n|\n|t:|1700281129\n|switch|p1a: Garchomp|Garchomp, M, shiny|100\/100|[from] U-turn\n|-damage|p1a: Garchomp|94\/100|[from] Stealth Rock\n|\n|upkeep\n|turn|15\n|c|\u2606iron tusk 69|besides gambit ofc\n|c|\u2606Phaoryx|i fuck with it\n|c|\u2606iron tusk 69|I have always believed in corrosion glimm\n|c|\u2606Phaoryx|homie's fast too\n|\n|t:|1700281150\n|move|p1a: Garchomp|Earthquake|p2a: TSPIKE META\n|-supereffective|p2a: TSPIKE META\n|-damage|p2a: TSPIKE META|0 fnt\n|faint|p2a: TSPIKE META\n|\n|upkeep\n|c|\u2606Phaoryx|not faster than chomp ofc ;)\n|c|\u2606Phaoryx|but fast\n|\n|t:|1700281157\n|switch|p2a: Rigged Suspect|Kingambit, F|100\/100\n|-activate|p2a: Rigged Suspect|ability: Supreme Overlord\n|-start|p2a: Rigged Suspect|fallen5|[silent]\n|turn|16\n|c|\u2606iron tusk 69|i also dont like tspikes tbh\n|c|\u2606iron tusk 69|lotta steels\n|c|\u2606Phaoryx|i think you should run it\n|c|\u2606iron tusk 69|some poisons\n|c|\u2606Phaoryx|i run tera poison on ttar specifically to have the out where i can clear tspikes\n|c|\u2606iron tusk 69|and then the mons that do get poisoned\n|c|\u2606Phaoryx|cause it ruins my team\n|c|\u2606iron tusk 69|sometimes dont care\n|c|\u2606iron tusk 69|ooh interesting\n|c|\u2606Phaoryx|ceru would've swept if he wasn't toxic'd lol\n|c|\u2606Phaoryx|and im not kidding XD\n|j| SDK04\n|\n|t:|1700281200\n|switch|p1a: Ninetales|Ninetales-Alola, F, shiny|100\/100\n|-damage|p1a: Ninetales|76\/100|[from] Stealth Rock\n|-weather|Snow|[from] ability: Snow Warning|[of] p1a: Ninetales\n|-terastallize|p2a: Rigged Suspect|Fairy\n|move|p2a: Rigged Suspect|Swords Dance|p2a: Rigged Suspect\n|-boost|p2a: Rigged Suspect|atk|2\n|\n|-weather|Snow|[upkeep]\n|upkeep\n|turn|17\n|c|\u2606iron tusk 69|oh\n|c|\u2606Phaoryx|hes max spdef so he woulda lived\n|c|\u2606iron tusk 69|brain shut off there\n|c|\u2606iron tusk 69|gg\n|c|\u2606Phaoryx|yeah\n|c|\u2606Phaoryx|sorry gg\n|\n|t:|1700281210\n|move|p1a: Ninetales|Encore|p2a: Rigged Suspect\n|-start|p2a: Rigged Suspect|Encore\n|move|p2a: Rigged Suspect|Swords Dance|p2a: Rigged Suspect\n|-boost|p2a: Rigged Suspect|atk|2\n|\n|-weather|Snow|[upkeep]\n|upkeep\n|turn|18\n|\n|t:|1700281216\n|move|p1a: Ninetales|Moonblast|p2a: Rigged Suspect\n|-damage|p2a: Rigged Suspect|64\/100\n|move|p2a: Rigged Suspect|Swords Dance|p2a: Rigged Suspect\n|-boost|p2a: Rigged Suspect|atk|2\n|\n|-weather|Snow|[upkeep]\n|-heal|p2a: Rigged Suspect|70\/100|[from] item: Leftovers\n|upkeep\n|turn|19\n|c|\u2606iron tusk 69|I think u can kill me\n|c|\u2606iron tusk 69|yeah\n|c|\u2606Phaoryx|i can\n|-message|iron tusk 69 forfeited.\n|\n|win|Phaoryx\n|c|\u2606Phaoryx|ggs\n|c|\u2606Phaoryx|yeah see\n|c|\u2606iron tusk 69|sometimes i go for that against demon clef\n|c|\u2606Phaoryx|this is why i dont think gambit\n|c|\u2606iron tusk 69|and lefties damage > freeze dry\n|c|\u2606Phaoryx|is more broken than ghold LOL\n|c|\u2606iron tusk 69|and i run out of encore\n|c|\u2606iron tusk 69|nah gambit still broken\n|c|\u2606Phaoryx|wait\n|c|\u2606Phaoryx|can you explain that more\n|c|\u2606Phaoryx|go for what against demon clef\n|c|\u2606iron tusk 69|encore\n|c|\u2606Phaoryx|you're a9?\n|c|\u2606iron tusk 69|yeah\n|c|\u2606Phaoryx|gotcha\n|c|\u2606iron tusk 69|ofc if ogerpon encores demon clef\n|c|\u2606Phaoryx|oh youre saying\n|c|\u2606iron tusk 69|its ez win\n|c|\u2606Phaoryx|a9 cant kill clef?\n|c|\u2606iron tusk 69|not demon clef\n|c|\u2606Phaoryx|wait whats demon clef LOL\n|c|\u2606iron tusk 69|cosmic power spam\n|c|\u2606Phaoryx|ohhhh right\n|c|\u2606iron tusk 69|or even calm mind\n|c|\u2606Phaoryx|yeah that fucked me once LOL\n|l| SDK04\n|c|\u2606iron tusk 69|it fucks everyone once\n|c|\u2606Phaoryx|cause like\n|c|\u2606Phaoryx|my stored power eater is ttar\n|c|\u2606iron tusk 69|usually more than once\n|c|\u2606Phaoryx|he dies to clef if she has infinite def\n|c|\u2606Phaoryx|btw ttar is actually like\n|c|\u2606Phaoryx|legit good\n|c|\u2606Phaoryx|obv i didnt use him here\n|c|\u2606Phaoryx|but you have no spatkers lol\n|c|\u2606iron tusk 69|still not rly sold on ttar tbh\n|c|\u2606iron tusk 69|well\n|c|\u2606Phaoryx|that dont use steel beam on his poor rock ass XD\n|c|\u2606iron tusk 69|i had treads haha\n|c|\u2606Phaoryx|thats fair\n|c|\u2606iron tusk 69|modest treads\n|c|\u2606Phaoryx|yeah but\n|j| LaraLuiza0001\n|c|\u2606Phaoryx|ttar cant sub into that lol\n|l| LaraLuiza0001\n|c|\u2606iron tusk 69|does it eat EP?\n|c|\u2606Phaoryx|prob\n|c|\u2606Phaoryx|wanna test it out?\n|c|\u2606Phaoryx|i mean he def eats it\n|c|\u2606Phaoryx|idk if he gets 3kod tho\n|c|\u2606Phaoryx|for the switch in\n|c|\u2606Phaoryx|would you let me set up aveil first ;D\n|c|\u2606iron tusk 69|sure\n","uploadtime":1700281236,"views":12,"p1id":"phaoryx","p2id":"irontusk69","formatid":"gen9ou","rating":0,"private":0,"password":""}