{"id":"gen9ou-1990845365","p1":"Username momento","p2":"alejofer1534","format":"[Gen 9] OU","log":"|j|\u2606Username momento\n|j|\u2606alejofer1534\n|inactive|Battle timer is ON: inactive players will automatically lose when time's up.\n|t:|1700006893\n|gametype|singles\n|player|p1|Username momento|ninjaboy|\n|player|p2|alejofer1534|steven|\n|teamsize|p1|6\n|teamsize|p2|6\n|gen|9\n|tier|[Gen 9] OU\n|rated|Tournament battle\n|rule|Sleep Clause Mod: Limit one foe put to sleep\n|rule|Species Clause: Limit one of each Pok\u00e9mon\n|rule|OHKO Clause: OHKO moves are banned\n|rule|Evasion Items Clause: Evasion items are banned\n|rule|Evasion Moves Clause: Evasion moves are banned\n|rule|Endless Battle Clause: Forcing endless battles is banned\n|rule|HP Percentage Mod: HP is shown in percentages\n|clearpoke\n|poke|p1|Meowscarada, F|\n|poke|p1|Kingambit, M|\n|poke|p1|Zapdos|\n|poke|p1|Zamazenta-*|\n|poke|p1|Great Tusk|\n|poke|p1|Iron Moth|\n|poke|p2|Iron Moth|\n|poke|p2|Kommo-o, F|\n|poke|p2|Ninetales-Alola, F|\n|poke|p2|Hatterene, F|\n|poke|p2|Kingambit, M|\n|poke|p2|Great Tusk|\n|teampreview\n|inactive|alejofer1534 also wants the timer to be on.\n|j| might dragon\n|j| Meelll0\n|l| might dragon\n|c|\u2606alejofer1534|we have both made our oponents forfeit\n|c|\u2606alejofer1534|gl hf\n|j| Bruhgernaut\n|\n|t:|1700006911\n|start\n|switch|p1a: Meowscarada|Meowscarada, F|100\/100\n|switch|p2a: Ninetales|Ninetales-Alola, F|100\/100\n|-weather|Snow|[from] ability: Snow Warning|[of] p2a: Ninetales\n|turn|1\n|\n|t:|1700006916\n|move|p1a: Meowscarada|Knock Off|p2a: Ninetales\n|-start|p1a: Meowscarada|typechange|Dark|[from] ability: Protean\n|-resisted|p2a: Ninetales\n|-damage|p2a: Ninetales|74\/100\n|-enditem|p2a: Ninetales|Light Clay|[from] move: Knock Off|[of] p1a: Meowscarada\n|move|p2a: Ninetales|Hypnosis|p1a: Meowscarada\n|-status|p1a: Meowscarada|slp|[from] move: Hypnosis\n|\n|-weather|Snow|[upkeep]\n|upkeep\n|turn|2\n|\n|t:|1700006924\n|cant|p1a: Meowscarada|slp\n|move|p2a: Ninetales|Aurora Veil|p2a: Ninetales\n|-sidestart|p2: alejofer1534|move: Aurora Veil\n|\n|-weather|Snow|[upkeep]\n|upkeep\n|turn|3\n|\n|t:|1700006930\n|switch|p2a: Kommo-o|Kommo-o, F|100\/100\n|-curestatus|p1a: Meowscarada|slp|[msg]\n|move|p1a: Meowscarada|Knock Off|p2a: Kommo-o\n|-resisted|p2a: Kommo-o\n|-damage|p2a: Kommo-o|83\/100\n|-enditem|p2a: Kommo-o|Throat Spray|[from] move: Knock Off|[of] p1a: Meowscarada\n|\n|-weather|Snow|[upkeep]\n|upkeep\n|turn|4\n|j| all hips no lies\n|\n|t:|1700006954\n|switch|p1a: Zamazenta|Zamazenta|100\/100\n|-ability|p1a: Zamazenta|Dauntless Shield|boost\n|-boost|p1a: Zamazenta|def|1\n|move|p2a: Kommo-o|Clanging Scales|p1a: Zamazenta\n|-damage|p1a: Zamazenta|60\/100\n|-unboost|p2a: Kommo-o|def|1\n|\n|-weather|Snow|[upkeep]\n|-heal|p1a: Zamazenta|66\/100|[from] item: Leftovers\n|upkeep\n|turn|5\n|j| Chimeling\n|\n|t:|1700006968\n|switch|p2a: Hatterene|Hatterene, F|100\/100\n|move|p1a: Zamazenta|Body Press|p2a: Hatterene\n|-resisted|p2a: Hatterene\n|-damage|p2a: Hatterene|93\/100\n|-enditem|p2a: Hatterene|Kee Berry|[eat]\n|-boost|p2a: Hatterene|def|1|[from] item: Kee Berry\n|\n|-weather|none\n|-heal|p1a: Zamazenta|72\/100|[from] item: Leftovers\n|upkeep\n|turn|6\n|\n|t:|1700006975\n|switch|p1a: Iron Moth|Iron Moth|100\/100\n|-enditem|p1a: Iron Moth|Booster Energy\n|-activate|p1a: Iron Moth|ability: Quark Drive|[fromitem]\n|-start|p1a: Iron Moth|quarkdrivespe\n|-terastallize|p2a: Hatterene|Water\n|move|p2a: Hatterene|Calm Mind|p2a: Hatterene\n|-boost|p2a: Hatterene|spa|1\n|-boost|p2a: Hatterene|spd|1\n|\n|-sideend|p2: alejofer1534|move: Aurora Veil\n|upkeep\n|turn|7\n|j|#UnovX\n|\n|t:|1700006987\n|move|p1a: Iron Moth|Sludge Wave|p2a: Hatterene\n|-damage|p2a: Hatterene|58\/100\n|move|p2a: Hatterene|Agility|p2a: Hatterene\n|-boost|p2a: Hatterene|spe|2\n|\n|upkeep\n|turn|8\n|j|@Disorient@!\n|\n|t:|1700006990\n|move|p1a: Iron Moth|Sludge Wave|p2a: Hatterene\n|-damage|p2a: Hatterene|23\/100\n|move|p2a: Hatterene|Agility|p2a: Hatterene\n|-boost|p2a: Hatterene|spe|2\n|\n|upkeep\n|turn|9\n|\n|t:|1700006995\n|move|p1a: Iron Moth|Sludge Wave|p2a: Hatterene\n|-damage|p2a: Hatterene|0 fnt\n|faint|p2a: Hatterene\n|\n|upkeep\n|c|\u2606Username momento|Greed\n|c|\u2606alejofer1534|ye\n|l|@Disorient\n|c|\u2606alejofer1534|wanted to outspeed meow\n|\n|t:|1700007017\n|switch|p2a: Iron Moth|Iron Moth|100\/100\n|-enditem|p2a: Iron Moth|Booster Energy\n|-activate|p2a: Iron Moth|ability: Quark Drive|[fromitem]\n|-start|p2a: Iron Moth|quarkdrivespe\n|turn|10\n|l| all hips no lies\n|\n|t:|1700007032\n|-terastallize|p1a: Iron Moth|Ground\n|move|p1a: Iron Moth|Tera Blast|p2a: Iron Moth|[anim] Tera Blast Ground\n|-supereffective|p2a: Iron Moth\n|-damage|p2a: Iron Moth|0 fnt\n|faint|p2a: Iron Moth\n|-end|p2a: Iron Moth|Quark Drive|[silent]\n|\n|upkeep\n|\n|t:|1700007039\n|switch|p2a: Ninetales|Ninetales-Alola, F|74\/100\n|-weather|Snow|[from] ability: Snow Warning|[of] p2a: Ninetales\n|turn|11\n|\n|t:|1700007043\n|move|p1a: Iron Moth|Fiery Dance|p2a: Ninetales\n|-supereffective|p2a: Ninetales\n|-damage|p2a: Ninetales|0 fnt\n|-boost|p1a: Iron Moth|spa|1\n|faint|p2a: Ninetales\n|\n|-weather|Snow|[upkeep]\n|upkeep\n|\n|t:|1700007046\n|switch|p2a: Kommo-o|Kommo-o, F|83\/100\n|turn|12\n|\n|t:|1700007051\n|move|p1a: Iron Moth|Dazzling Gleam|p2a: Kommo-o\n|-supereffective|p2a: Kommo-o\n|-damage|p2a: Kommo-o|0 fnt\n|faint|p2a: Kommo-o\n|\n|-weather|Snow|[upkeep]\n|upkeep\n|c|\u2606alejofer1534|gg\n|c|\u2606alejofer1534|u got to finals\n|c|\u2606Username momento|If I had a dollar for every finals game where moth swept...\n|c|\u2606alejofer1534|and humilliated me\n|\n|t:|1700007064\n|switch|p2a: Kingambit|Kingambit, M|100\/100\n|-activate|p2a: Kingambit|ability: Supreme Overlord\n|-start|p2a: Kingambit|fallen4|[silent]\n|turn|13\n|\n|t:|1700007068\n|move|p2a: Kingambit|Sucker Punch|p1a: Iron Moth\n|-damage|p1a: Iron Moth|2\/100\n|move|p1a: Iron Moth|Fiery Dance|p2a: Kingambit\n|-supereffective|p2a: Kingambit\n|-damage|p2a: Kingambit|0 fnt\n|faint|p2a: Kingambit\n|-end|p2a: Kingambit|fallen4|[silent]\n|\n|-weather|Snow|[upkeep]\n|upkeep\n|\n|t:|1700007073\n|switch|p2a: Great Tusk|Great Tusk|100\/100\n|-enditem|p2a: Great Tusk|Booster Energy\n|-activate|p2a: Great Tusk|ability: Protosynthesis|[fromitem]\n|-start|p2a: Great Tusk|protosynthesisatk\n|turn|14\n|l| Chimeling\n|c|\u2606alejofer1534|you\u00b4d had 2 dollars\n|c|\u2606Username momento|Should've knocked out one more mon so you didn't go down 6-0\n|\n|t:|1700007090\n|move|p1a: Iron Moth|Dazzling Gleam|p2a: Great Tusk\n|-supereffective|p2a: Great Tusk\n|-damage|p2a: Great Tusk|0 fnt\n|faint|p2a: Great Tusk\n|-end|p2a: Great Tusk|Protosynthesis|[silent]\n|\n|win|Username momento\n|n|\u2606Username momento|usernamemomento\n|n|\u2606alejofer1534|alejofer1534\n|n| Meelll0|meelll0\n|n| Bruhgernaut|bruhgernaut\n|n|+UnovX|unovx\n","uploadtime":1700007091,"views":18,"p1id":"usernamemomento","p2id":"alejofer1534","formatid":"gen9ou","rating":0,"private":0,"password":""}