{"id":"gen9ou-1991121127","p1":"malk tyme","p2":"gonning","format":"[Gen 9] OU","log":"|j|\u2606malk tyme\n|j|\u2606gonning\n|t:|1700046157\n|gametype|singles\n|player|p1|malk tyme|170|1727\n|player|p2|gonning|170|1609\n|teamsize|p1|6\n|teamsize|p2|6\n|gen|9\n|tier|[Gen 9] OU\n|rated|\n|rule|Sleep Clause Mod: Limit one foe put to sleep\n|rule|Species Clause: Limit one of each Pok\u00e9mon\n|rule|OHKO Clause: OHKO moves are banned\n|rule|Evasion Items Clause: Evasion items are banned\n|rule|Evasion Moves Clause: Evasion moves are banned\n|rule|Endless Battle Clause: Forcing endless battles is banned\n|rule|HP Percentage Mod: HP is shown in percentages\n|clearpoke\n|poke|p1|Iron Hands|\n|poke|p1|Thundurus-Therian, M|\n|poke|p1|Hoopa-Unbound|\n|poke|p1|Ursaluna, M|\n|poke|p1|Hatterene, F|\n|poke|p1|Iron Treads|\n|poke|p2|Samurott-Hisui, F|\n|poke|p2|Glimmora, M|\n|poke|p2|Iron Moth|\n|poke|p2|Gholdengo|\n|poke|p2|Kingambit, F|\n|poke|p2|Iron Valiant|\n|teampreview\n|\n|t:|1700046175\n|start\n|switch|p1a: Iron Treads|Iron Treads|100\/100\n|switch|p2a: Glimmora|Glimmora, M|100\/100\n|turn|1\n|\n|t:|1700046187\n|move|p2a: Glimmora|Earth Power|p1a: Iron Treads\n|-supereffective|p1a: Iron Treads\n|-damage|p1a: Iron Treads|46\/100\n|move|p1a: Iron Treads|Rapid Spin|p2a: Glimmora\n|-resisted|p2a: Glimmora\n|-damage|p2a: Glimmora|91\/100\n|-boost|p1a: Iron Treads|spe|1\n|-activate|p2a: Glimmora|ability: Toxic Debris\n|-sidestart|p1: malk tyme|move: Toxic Spikes\n|-sideend|p1: malk tyme|Toxic Spikes|[from] move: Rapid Spin|[of] p1a: Iron Treads\n|-enditem|p2a: Glimmora|Red Card|[of] p1a: Iron Treads\n|-end|p1a: Iron Treads|Quark Drive|[silent]\n|drag|p1a: Hoopa|Hoopa-Unbound|100\/100\n|\n|upkeep\n|turn|2\n|\n|t:|1700046191\n|move|p2a: Glimmora|Stealth Rock|p1a: Hoopa\n|-sidestart|p1: malk tyme|move: Stealth Rock\n|move|p1a: Hoopa|Psyshock|p2a: Glimmora\n|-supereffective|p2a: Glimmora\n|-damage|p2a: Glimmora|0 fnt\n|faint|p2a: Glimmora\n|\n|upkeep\n|inactive|Battle timer is ON: inactive players will automatically lose when time's up. (requested by gonning)\n|\n|t:|1700046204\n|switch|p2a: Samurott|Samurott-Hisui, F|100\/100\n|turn|3\n|\n|t:|1700046209\n|-terastallize|p1a: Hoopa|Fairy\n|move|p2a: Samurott|Ceaseless Edge|p1a: Hoopa\n|-resisted|p1a: Hoopa\n|-damage|p1a: Hoopa|66\/100\n|-sidestart|p1: malk tyme|Spikes\n|move|p1a: Hoopa|Tera Blast|p2a: Samurott|[anim] Tera Blast Fairy\n|-supereffective|p2a: Samurott\n|-crit|p2a: Samurott\n|-enditem|p2a: Samurott|Focus Sash\n|-damage|p2a: Samurott|1\/100\n|\n|upkeep\n|turn|4\n|\n|t:|1700046218\n|move|p2a: Samurott|Aqua Cutter|p1a: Hoopa\n|-damage|p1a: Hoopa|0 fnt\n|faint|p1a: Hoopa\n|\n|upkeep\n|\n|t:|1700046226\n|switch|p1a: Thundurus|Thundurus-Therian, M|100\/100\n|turn|5\n|\n|t:|1700046231\n|move|p2a: Samurott|Sucker Punch|p1a: Thundurus\n|-crit|p1a: Thundurus\n|-damage|p1a: Thundurus|28\/100\n|move|p1a: Thundurus|Thunderbolt|p2a: Samurott\n|-supereffective|p2a: Samurott\n|-damage|p2a: Samurott|0 fnt\n|faint|p2a: Samurott\n|\n|upkeep\n|\n|t:|1700046237\n|switch|p2a: Iron Moth|Iron Moth|100\/100\n|-enditem|p2a: Iron Moth|Booster Energy\n|-activate|p2a: Iron Moth|ability: Quark Drive|[fromitem]\n|-start|p2a: Iron Moth|quarkdrivespe\n|turn|6\n|\n|t:|1700046244\n|move|p2a: Iron Moth|Fiery Dance|p1a: Thundurus\n|-damage|p1a: Thundurus|0 fnt\n|faint|p1a: Thundurus\n|\n|upkeep\n|\n|t:|1700046246\n|switch|p1a: Iron Hands|Iron Hands|100\/100\n|-damage|p1a: Iron Hands|94\/100|[from] Stealth Rock\n|-damage|p1a: Iron Hands|82\/100|[from] Spikes\n|turn|7\n|\n|t:|1700046265\n|-terastallize|p2a: Iron Moth|Fairy\n|move|p2a: Iron Moth|Dazzling Gleam|p1a: Iron Hands\n|-supereffective|p1a: Iron Hands\n|-damage|p1a: Iron Hands|5\/100\n|move|p1a: Iron Hands|Wild Charge|p2a: Iron Moth\n|-damage|p2a: Iron Moth|20\/100\n|-damage|p1a: Iron Hands|0 fnt|[from] Recoil\n|faint|p1a: Iron Hands\n|-end|p1a: Iron Hands|Quark Drive|[silent]\n|\n|upkeep\n|\n|t:|1700046277\n|switch|p1a: Ursaluna|Ursaluna, M|100\/100\n|-damage|p1a: Ursaluna|94\/100|[from] Stealth Rock\n|-damage|p1a: Ursaluna|82\/100|[from] Spikes\n|turn|8\n|\n|t:|1700046281\n|move|p2a: Iron Moth|Fiery Dance|p1a: Ursaluna\n|-damage|p1a: Ursaluna|44\/100\n|move|p1a: Ursaluna|Earthquake|p2a: Iron Moth\n|-damage|p2a: Iron Moth|0 fnt\n|faint|p2a: Iron Moth\n|-end|p2a: Iron Moth|Quark Drive|[silent]\n|\n|-status|p1a: Ursaluna|brn|[from] item: Flame Orb\n|upkeep\n|\n|t:|1700046284\n|switch|p2a: Gholdengo|Gholdengo|100\/100\n|-item|p2a: Gholdengo|Air Balloon\n|turn|9\n|\n|t:|1700046295\n|move|p2a: Gholdengo|Nasty Plot|p2a: Gholdengo\n|-boost|p2a: Gholdengo|spa|2\n|move|p1a: Ursaluna|Crunch|p2a: Gholdengo\n|-supereffective|p2a: Gholdengo\n|-damage|p2a: Gholdengo|0 fnt\n|-enditem|p2a: Gholdengo|Air Balloon\n|faint|p2a: Gholdengo\n|\n|-damage|p1a: Ursaluna|38\/100 brn|[from] brn\n|upkeep\n|\n|t:|1700046301\n|switch|p2a: Iron Valiant|Iron Valiant|100\/100\n|-enditem|p2a: Iron Valiant|Booster Energy\n|-activate|p2a: Iron Valiant|ability: Quark Drive|[fromitem]\n|-start|p2a: Iron Valiant|quarkdrivespe\n|turn|10\n|\n|t:|1700046307\n|move|p2a: Iron Valiant|Close Combat|p1a: Ursaluna\n|-supereffective|p1a: Ursaluna\n|-damage|p1a: Ursaluna|0 fnt\n|-unboost|p2a: Iron Valiant|def|1\n|-unboost|p2a: Iron Valiant|spd|1\n|faint|p1a: Ursaluna\n|\n|upkeep\n|\n|t:|1700046309\n|switch|p1a: Hatterene|Hatterene, F|100\/100\n|-damage|p1a: Hatterene|88\/100|[from] Stealth Rock\n|-damage|p1a: Hatterene|76\/100|[from] Spikes\n|turn|11\n|\n|t:|1700046315\n|move|p2a: Iron Valiant|Knock Off|p1a: Hatterene\n|-damage|p1a: Hatterene|38\/100\n|-enditem|p1a: Hatterene|Focus Sash|[from] move: Knock Off|[of] p2a: Iron Valiant\n|move|p1a: Hatterene|Trick Room|p1a: Hatterene\n|-fieldstart|move: Trick Room|[of] p1a: Hatterene\n|\n|upkeep\n|turn|12\n|\n|t:|1700046322\n|-end|p2a: Iron Valiant|Quark Drive|[silent]\n|switch|p2a: Kingambit|Kingambit, F|100\/100\n|-activate|p2a: Kingambit|ability: Supreme Overlord\n|-start|p2a: Kingambit|fallen4|[silent]\n|move|p1a: Hatterene|Healing Wish|p1a: Hatterene\n|faint|p1a: Hatterene\n|\n|upkeep\n|j| nightsuwu\n|\n|t:|1700046326\n|switch|p1a: Iron Treads|Iron Treads|46\/100\n|-heal|p1a: Iron Treads|100\/100|[from] move: Healing Wish\n|-damage|p1a: Iron Treads|97\/100|[from] Stealth Rock\n|-damage|p1a: Iron Treads|85\/100|[from] Spikes\n|turn|13\n|\n|t:|1700046333\n|move|p2a: Kingambit|Sucker Punch|p1a: Iron Treads\n|-damage|p1a: Iron Treads|39\/100\n|move|p1a: Iron Treads|Earthquake|p2a: Kingambit\n|-supereffective|p2a: Kingambit\n|-damage|p2a: Kingambit|11\/100\n|\n|-heal|p2a: Kingambit|17\/100|[from] item: Leftovers\n|upkeep\n|turn|14\n|\n|t:|1700046341\n|move|p2a: Kingambit|Sucker Punch|p1a: Iron Treads\n|-damage|p1a: Iron Treads|0 fnt\n|faint|p1a: Iron Treads\n|-end|p1a: Iron Treads|Quark Drive|[silent]\n|\n|win|gonning\n|raw|malk tyme's rating: 1727 &rarr; <strong>1700<\/strong><br \/>(-27 for losing)\n|raw|gonning's rating: 1609 &rarr; <strong>1636<\/strong><br \/>(+27 for winning)\n|l|\u2606gonning\n|l| nightsuwu\n","uploadtime":1700046344,"views":5,"p1id":"malktyme","p2id":"gonning","formatid":"gen9ou","rating":1636,"private":0,"password":""}