{"id":"gen9ou-1989048739","p1":"BattleBlazikenVGC","p2":"Kimun_Kamui","format":"[Gen 9] OU","log":"|j|\u2606BattleBlazikenVGC\n|j|\u2606Kimun_Kamui\n|t:|1699806443\n|gametype|singles\n|player|p1|BattleBlazikenVGC|ltsurge|1496\n|player|p2|Kimun_Kamui|gentleman-gen4dp|1521\n|teamsize|p1|6\n|teamsize|p2|6\n|gen|9\n|tier|[Gen 9] OU\n|rated|\n|rule|Sleep Clause Mod: Limit one foe put to sleep\n|rule|Species Clause: Limit one of each Pok\u00e9mon\n|rule|OHKO Clause: OHKO moves are banned\n|rule|Evasion Items Clause: Evasion items are banned\n|rule|Evasion Moves Clause: Evasion moves are banned\n|rule|Endless Battle Clause: Forcing endless battles is banned\n|rule|HP Percentage Mod: HP is shown in percentages\n|clearpoke\n|poke|p1|Ribombee, F|\n|poke|p1|Gholdengo|\n|poke|p1|Coalossal, M|\n|poke|p1|Kingambit, M|\n|poke|p1|Ogerpon-Wellspring, F|\n|poke|p1|Landorus-Therian, M|\n|poke|p2|Glimmora, F|\n|poke|p2|Dragonite, M|\n|poke|p2|Samurott-Hisui, M|\n|poke|p2|Iron Valiant|\n|poke|p2|Gholdengo|\n|poke|p2|Kingambit, M|\n|teampreview\n|inactive|Battle timer is ON: inactive players will automatically lose when time's up. (requested by Kimun_Kamui)\n|inactive|BattleBlazikenVGC has 120 seconds left.\n|\n|t:|1699806478\n|start\n|switch|p1a: Coalossal|Coalossal, M|100\/100\n|switch|p2a: Geeta|Glimmora, F|100\/100\n|turn|1\n|\n|t:|1699806500\n|move|p2a: Geeta|Earth Power|p1a: Coalossal\n|-supereffective|p1a: Coalossal\n|-damage|p1a: Coalossal|29\/100\n|move|p1a: Coalossal|Earth Power|p2a: Geeta\n|-supereffective|p2a: Geeta\n|-enditem|p2a: Geeta|Focus Sash\n|-damage|p2a: Geeta|1\/100\n|\n|upkeep\n|turn|2\n|\n|t:|1699806505\n|move|p2a: Geeta|Stealth Rock|p1a: Coalossal\n|-sidestart|p1: BattleBlazikenVGC|move: Stealth Rock\n|move|p1a: Coalossal|Rapid Spin|p2a: Geeta\n|-resisted|p2a: Geeta\n|-damage|p2a: Geeta|0 fnt\n|-boost|p1a: Coalossal|spe|1\n|-activate|p2a: Geeta|ability: Toxic Debris\n|-sidestart|p1: BattleBlazikenVGC|move: Toxic Spikes\n|-sideend|p1: BattleBlazikenVGC|Toxic Spikes|[from] move: Rapid Spin|[of] p1a: Coalossal\n|-sideend|p1: BattleBlazikenVGC|Stealth Rock|[from] move: Rapid Spin|[of] p1a: Coalossal\n|faint|p2a: Geeta\n|\n|upkeep\n|\n|t:|1699806508\n|switch|p2a: Nobunaga|Samurott-Hisui, M|100\/100\n|turn|3\n|\n|t:|1699806518\n|move|p2a: Nobunaga|Ceaseless Edge|p1a: Coalossal\n|-damage|p1a: Coalossal|0 fnt\n|-sidestart|p1: BattleBlazikenVGC|Spikes\n|faint|p1a: Coalossal\n|\n|upkeep\n|\n|t:|1699806521\n|switch|p1a: Landorus|Landorus-Therian, M|100\/100\n|-ability|p1a: Landorus|Intimidate|boost\n|-unboost|p2a: Nobunaga|atk|1\n|turn|4\n|\n|t:|1699806525\n|move|p1a: Landorus|U-turn|p2a: Nobunaga\n|-supereffective|p2a: Nobunaga\n|-crit|p2a: Nobunaga\n|-damage|p2a: Nobunaga|0 fnt\n|faint|p2a: Nobunaga\n|\n|t:|1699806530\n|switch|p1a: Ribombee|Ribombee, F|100\/100|[from] U-turn\n|-damage|p1a: Ribombee|88\/100|[from] Spikes\n|\n|upkeep\n|\n|t:|1699806535\n|switch|p2a: Emperorambit|Kingambit, M, shiny|100\/100\n|-activate|p2a: Emperorambit|ability: Supreme Overlord\n|-start|p2a: Emperorambit|fallen2|[silent]\n|turn|5\n|\n|t:|1699806538\n|move|p1a: Ribombee|Sticky Web|p2a: Emperorambit\n|-sidestart|p2: Kimun_Kamui|move: Sticky Web\n|move|p2a: Emperorambit|Iron Head|p1a: Ribombee\n|-supereffective|p1a: Ribombee\n|-damage|p1a: Ribombee|0 fnt\n|faint|p1a: Ribombee\n|\n|upkeep\n|\n|t:|1699806544\n|switch|p1a: Landorus|Landorus-Therian, M|100\/100\n|-ability|p1a: Landorus|Intimidate|boost\n|-unboost|p2a: Emperorambit|atk|1\n|turn|6\n|\n|t:|1699806551\n|-end|p2a: Emperorambit|fallen2|[silent]\n|switch|p2a: Money|Gholdengo|100\/100\n|-item|p2a: Money|Air Balloon\n|move|p1a: Landorus|Stone Edge|p2a: Money\n|-resisted|p2a: Money\n|-damage|p2a: Money|80\/100\n|-enditem|p2a: Money|Air Balloon\n|\n|upkeep\n|turn|7\n|\n|t:|1699806565\n|move|p1a: Landorus|Earthquake|p2a: Money\n|-supereffective|p2a: Money\n|-damage|p2a: Money|0 fnt\n|faint|p2a: Money\n|\n|upkeep\n|\n|t:|1699806569\n|switch|p2a: Espex|Dragonite, M|100\/100\n|turn|8\n|\n|t:|1699806573\n|move|p1a: Landorus|U-turn|p2a: Espex\n|-resisted|p2a: Espex\n|-damage|p2a: Espex|94\/100\n|\n|t:|1699806575\n|switch|p1a: Gholdengo|Gholdengo|100\/100|[from] U-turn\n|-damage|p1a: Gholdengo|88\/100|[from] Spikes\n|move|p2a: Espex|Hurricane|p1a: Gholdengo\n|-resisted|p1a: Gholdengo\n|-damage|p1a: Gholdengo|59\/100\n|\n|-heal|p1a: Gholdengo|65\/100|[from] item: Leftovers\n|upkeep\n|turn|9\n|\n|t:|1699806584\n|move|p1a: Gholdengo|Make It Rain|p2a: Espex\n|-damage|p2a: Espex|39\/100\n|-unboost|p1a: Gholdengo|spa|1\n|move|p2a: Espex|Fire Blast|p1a: Gholdengo\n|-supereffective|p1a: Gholdengo\n|-damage|p1a: Gholdengo|0 fnt\n|faint|p1a: Gholdengo\n|\n|upkeep\n|\n|t:|1699806593\n|switch|p1a: Landorus|Landorus-Therian, M|100\/100\n|-ability|p1a: Landorus|Intimidate|boost\n|-unboost|p2a: Espex|atk|1\n|turn|10\n|\n|t:|1699806599\n|switch|p2a: Pink Bobby Jenkins|Iron Valiant|100\/100\n|move|p1a: Landorus|Stone Edge|p2a: Pink Bobby Jenkins|[miss]\n|-miss|p1a: Landorus|p2a: Pink Bobby Jenkins\n|\n|upkeep\n|turn|11\n|\n|t:|1699806610\n|move|p2a: Pink Bobby Jenkins|Moonblast|p1a: Landorus\n|-damage|p1a: Landorus|50\/100\n|-unboost|p1a: Landorus|spa|1\n|move|p1a: Landorus|U-turn|p2a: Pink Bobby Jenkins\n|-resisted|p2a: Pink Bobby Jenkins\n|-damage|p2a: Pink Bobby Jenkins|93\/100\n|\n|t:|1699806613\n|switch|p1a: Broken|Ogerpon-Wellspring, F|100\/100|[from] U-turn\n|-damage|p1a: Broken|88\/100|[from] Spikes\n|\n|upkeep\n|turn|12\n|\n|t:|1699806622\n|-terastallize|p1a: Broken|Water\n|detailschange|p1a: Broken|Ogerpon-Wellspring-Tera, F, tera:Water\n|-ability|p1a: Broken|Embody Aspect (Wellspring)|boost\n|-boost|p1a: Broken|spd|1\n|move|p2a: Pink Bobby Jenkins|Moonblast|p1a: Broken\n|-damage|p1a: Broken|59\/100\n|move|p1a: Broken|Ivy Cudgel|p2a: Pink Bobby Jenkins\n|-damage|p2a: Pink Bobby Jenkins|0 fnt\n|faint|p2a: Pink Bobby Jenkins\n|-end|p2a: Pink Bobby Jenkins|Quark Drive|[silent]\n|\n|upkeep\n|\n|t:|1699806632\n|switch|p2a: Espex|Dragonite, M|39\/100\n|turn|13\n|\n|t:|1699806635\n|move|p1a: Broken|Ivy Cudgel|p2a: Espex\n|-resisted|p2a: Espex\n|-damage|p2a: Espex|0 fnt\n|faint|p2a: Espex\n|\n|upkeep\n|\n|t:|1699806638\n|switch|p2a: Emperorambit|Kingambit, M, shiny|100\/100\n|-activate|p2a: Emperorambit|move: Sticky Web\n|-unboost|p2a: Emperorambit|spe|1\n|-activate|p2a: Emperorambit|ability: Supreme Overlord\n|-start|p2a: Emperorambit|fallen5|[silent]\n|turn|14\n|\n|t:|1699806641\n|move|p2a: Emperorambit|Sucker Punch|p1a: Broken\n|-damage|p1a: Broken|0 fnt\n|faint|p1a: Broken\n|\n|upkeep\n|\n|t:|1699806643\n|switch|p1a: Landorus|Landorus-Therian, M|50\/100\n|-ability|p1a: Landorus|Intimidate|boost\n|-unboost|p2a: Emperorambit|atk|1\n|turn|15\n|\n|t:|1699806648\n|-terastallize|p2a: Emperorambit|Flying\n|move|p1a: Landorus|Earthquake|p2a: Emperorambit\n|-immune|p2a: Emperorambit\n|move|p2a: Emperorambit|Swords Dance|p2a: Emperorambit\n|-boost|p2a: Emperorambit|atk|2\n|\n|-heal|p1a: Landorus|56\/100|[from] item: Leftovers\n|upkeep\n|turn|16\n|\n|t:|1699806653\n|move|p2a: Emperorambit|Sucker Punch||[still]\n|-fail|p2a: Emperorambit\n|move|p1a: Landorus|Stealth Rock|p2a: Emperorambit\n|-sidestart|p2: Kimun_Kamui|move: Stealth Rock\n|\n|-heal|p1a: Landorus|62\/100|[from] item: Leftovers\n|upkeep\n|turn|17\n|\n|t:|1699806659\n|switch|p1a: Kingambit|Kingambit, M|100\/100\n|-damage|p1a: Kingambit|88\/100|[from] Spikes\n|-activate|p1a: Kingambit|ability: Supreme Overlord\n|-start|p1a: Kingambit|fallen4|[silent]\n|move|p2a: Emperorambit|Swords Dance|p2a: Emperorambit\n|-boost|p2a: Emperorambit|atk|2\n|\n|-heal|p1a: Kingambit|94\/100|[from] item: Leftovers\n|upkeep\n|turn|18\n|\n|t:|1699806665\n|move|p1a: Kingambit|Iron Head|p2a: Emperorambit\n|-damage|p2a: Emperorambit|54\/100\n|move|p2a: Emperorambit|Tera Blast|p1a: Kingambit|[anim] Tera Blast Flying\n|-resisted|p1a: Kingambit\n|-damage|p1a: Kingambit|31\/100\n|\n|-heal|p1a: Kingambit|37\/100|[from] item: Leftovers\n|-heal|p2a: Emperorambit|60\/100|[from] item: Leftovers\n|upkeep\n|turn|19\n|\n|t:|1699806671\n|move|p1a: Kingambit|Kowtow Cleave|p2a: Emperorambit\n|-damage|p2a: Emperorambit|6\/100\n|move|p2a: Emperorambit|Swords Dance|p2a: Emperorambit\n|-boost|p2a: Emperorambit|atk|2\n|\n|-heal|p1a: Kingambit|44\/100|[from] item: Leftovers\n|-heal|p2a: Emperorambit|12\/100|[from] item: Leftovers\n|upkeep\n|turn|20\n|\n|t:|1699806675\n|move|p1a: Kingambit|Sucker Punch|p2a: Emperorambit\n|-damage|p2a: Emperorambit|0 fnt\n|faint|p2a: Emperorambit\n|-end|p2a: Emperorambit|fallen5|[silent]\n|\n|win|BattleBlazikenVGC\n|raw|BattleBlazikenVGC's rating: 1496 &rarr; <strong>1517<\/strong><br \/>(+21 for winning)\n|raw|Kimun_Kamui's rating: 1521 &rarr; <strong>1500<\/strong><br \/>(-21 for losing)\n|c|\u2606BattleBlazikenVGC|gg\n|l|\u2606Kimun_Kamui\n","uploadtime":1699806686,"views":20,"p1id":"battleblazikenvgc","p2id":"kimunkamui","formatid":"gen9ou","rating":1500,"private":0,"password":""}