{"id":"gen9ou-1992680053","p1":"DivineGabriel","p2":"Daevank5","format":"[Gen 9] OU","log":"|j|\u2606DivineGabriel\n|j|\u2606Daevank5\n|t:|1700224426\n|gametype|singles\n|player|p1|DivineGabriel|rye|1763\n|player|p2|Daevank5|workerice|1920\n|teamsize|p1|6\n|teamsize|p2|6\n|gen|9\n|tier|[Gen 9] OU\n|rated|\n|rule|Sleep Clause Mod: Limit one foe put to sleep\n|rule|Species Clause: Limit one of each Pok\u00e9mon\n|rule|OHKO Clause: OHKO moves are banned\n|rule|Evasion Items Clause: Evasion items are banned\n|rule|Evasion Moves Clause: Evasion moves are banned\n|rule|Endless Battle Clause: Forcing endless battles is banned\n|rule|HP Percentage Mod: HP is shown in percentages\n|clearpoke\n|poke|p1|Typhlosion-Hisui, M|\n|poke|p1|Ting-Lu|\n|poke|p1|Torkoal, M|\n|poke|p1|Walking Wake|\n|poke|p1|Hatterene, F|\n|poke|p1|Meowscarada, F|\n|poke|p2|Gholdengo|\n|poke|p2|Ting-Lu|\n|poke|p2|Clefable, F|\n|poke|p2|Toxapex, F|\n|poke|p2|Landorus-Therian, M|\n|poke|p2|Great Tusk|\n|teampreview\n|\n|t:|1700224433\n|start\n|switch|p1a: Torkoal|Torkoal, M|100\/100\n|switch|p2a: Landorus|Landorus-Therian, M|100\/100\n|-ability|p2a: Landorus|Intimidate|boost\n|-unboost|p1a: Torkoal|atk|1\n|-weather|SunnyDay|[from] ability: Drought|[of] p1a: Torkoal\n|turn|1\n|\n|t:|1700224436\n|switch|p1a: Hatterene|Hatterene, F|100\/100\n|move|p2a: Landorus|U-turn|p1a: Hatterene\n|-damage|p1a: Hatterene|78\/100\n|-enditem|p1a: Hatterene|Eject Button\n|\n|t:|1700224439\n|switch|p1a: Typhlosion|Typhlosion-Hisui, M|100\/100\n|\n|-weather|SunnyDay|[upkeep]\n|upkeep\n|turn|2\n|inactive|Battle timer is ON: inactive players will automatically lose when time's up. (requested by Daevank5)\n|\n|t:|1700224445\n|move|p2a: Landorus|U-turn|p1a: Typhlosion\n|-resisted|p1a: Typhlosion\n|-damage|p1a: Typhlosion|90\/100\n|\n|t:|1700224448\n|switch|p2a: Toxapex|Toxapex, F|100\/100|[from] U-turn\n|move|p1a: Typhlosion|Eruption|p2a: Toxapex\n|-resisted|p2a: Toxapex\n|-damage|p2a: Toxapex|46\/100\n|\n|-weather|SunnyDay|[upkeep]\n|-heal|p2a: Toxapex|52\/100|[from] item: Leftovers\n|upkeep\n|turn|3\n|\n|t:|1700224465\n|move|p2a: Toxapex|Baneful Bunker|p2a: Toxapex\n|-singleturn|p2a: Toxapex|move: Protect\n|move|p1a: Typhlosion|Eruption|p2a: Toxapex\n|-activate|p2a: Toxapex|move: Protect\n|\n|-weather|SunnyDay|[upkeep]\n|-heal|p2a: Toxapex|58\/100|[from] item: Leftovers\n|upkeep\n|turn|4\n|\n|t:|1700224486\n|-terastallize|p1a: Typhlosion|Fire\n|move|p1a: Typhlosion|Eruption|p2a: Toxapex\n|-resisted|p2a: Toxapex\n|-damage|p2a: Toxapex|0 fnt\n|faint|p2a: Toxapex\n|\n|-weather|SunnyDay|[upkeep]\n|upkeep\n|\n|t:|1700224496\n|switch|p2a: Landorus|Landorus-Therian, M|100\/100\n|-ability|p2a: Landorus|Intimidate|boost\n|-unboost|p1a: Typhlosion|atk|1\n|turn|5\n|\n|t:|1700224512\n|switch|p1a: Hatterene|Hatterene, F|78\/100\n|move|p2a: Landorus|U-turn|p1a: Hatterene\n|-damage|p1a: Hatterene|55\/100\n|\n|t:|1700224516\n|switch|p2a: Gholdengo|Gholdengo|100\/100|[from] U-turn\n|\n|-weather|SunnyDay|[upkeep]\n|upkeep\n|turn|6\n|\n|t:|1700224531\n|switch|p1a: Ting-Lu|Ting-Lu|100\/100\n|-ability|p1a: Ting-Lu|Vessel of Ruin\n|move|p2a: Gholdengo|Make It Rain|p1a: Ting-Lu\n|-damage|p1a: Ting-Lu|56\/100\n|-unboost|p2a: Gholdengo|spa|1\n|\n|-weather|SunnyDay|[upkeep]\n|-heal|p1a: Ting-Lu|62\/100|[from] item: Leftovers\n|upkeep\n|turn|7\n|inactive|DivineGabriel has 120 seconds left.\n|\n|t:|1700224564\n|switch|p2a: Landorus|Landorus-Therian, M|100\/100\n|-ability|p2a: Landorus|Intimidate|boost\n|-unboost|p1a: Ting-Lu|atk|1\n|switch|p1a: Walking Wake|Walking Wake|100\/100\n|-activate|p1a: Walking Wake|ability: Protosynthesis\n|-start|p1a: Walking Wake|protosynthesisspe\n|\n|-weather|SunnyDay|[upkeep]\n|upkeep\n|turn|8\n|inactive|Daevank5 has 120 seconds left.\n|\n|t:|1700224585\n|switch|p2a: Great Tusk|Great Tusk|100\/100\n|-activate|p2a: Great Tusk|ability: Protosynthesis\n|-start|p2a: Great Tusk|protosynthesisatk\n|move|p1a: Walking Wake|Hydro Steam|p2a: Great Tusk\n|-supereffective|p2a: Great Tusk\n|-damage|p2a: Great Tusk|0 fnt\n|faint|p2a: Great Tusk\n|-end|p2a: Great Tusk|Protosynthesis|[silent]\n|\n|-weather|none\n|-end|p1a: Walking Wake|Protosynthesis\n|upkeep\n|\n|t:|1700224588\n|switch|p2a: Clefable|Clefable, F|100\/100\n|turn|9\n|\n|t:|1700224594\n|-end|p1a: Walking Wake|Protosynthesis|[silent]\n|switch|p1a: Torkoal|Torkoal, M|100\/100\n|-weather|SunnyDay|[from] ability: Drought|[of] p1a: Torkoal\n|move|p2a: Clefable|Calm Mind|p2a: Clefable\n|-boost|p2a: Clefable|spa|1\n|-boost|p2a: Clefable|spd|1\n|\n|-weather|SunnyDay|[upkeep]\n|upkeep\n|turn|10\n|\n|t:|1700224599\n|move|p2a: Clefable|Calm Mind|p2a: Clefable\n|-boost|p2a: Clefable|spa|1\n|-boost|p2a: Clefable|spd|1\n|move|p1a: Torkoal|Yawn|p2a: Clefable\n|-start|p2a: Clefable|move: Yawn|[of] p1a: Torkoal\n|\n|-weather|SunnyDay|[upkeep]\n|upkeep\n|turn|11\n|\n|t:|1700224609\n|switch|p1a: Hatterene|Hatterene, F|55\/100\n|move|p2a: Clefable|Moonblast|p1a: Hatterene\n|-damage|p1a: Hatterene|0 fnt\n|faint|p1a: Hatterene\n|\n|-weather|SunnyDay|[upkeep]\n|-end|p2a: Clefable|move: Yawn|[silent]\n|-status|p2a: Clefable|slp\n|upkeep\n|\n|t:|1700224613\n|switch|p1a: Typhlosion|Typhlosion-Hisui, M, tera:Fire|90\/100\n|turn|12\n|\n|t:|1700224624\n|move|p1a: Typhlosion|Eruption|p2a: Clefable\n|-damage|p2a: Clefable|8\/100 slp\n|cant|p2a: Clefable|slp\n|\n|-weather|SunnyDay|[upkeep]\n|-heal|p2a: Clefable|14\/100 slp|[from] item: Leftovers\n|upkeep\n|turn|13\n|\n|t:|1700224627\n|cant|p2a: Clefable|slp\n|move|p1a: Typhlosion|Eruption|p2a: Clefable\n|-damage|p2a: Clefable|0 fnt\n|faint|p2a: Clefable\n|\n|-weather|SunnyDay|[upkeep]\n|upkeep\n|\n|t:|1700224631\n|switch|p2a: Landorus|Landorus-Therian, M|100\/100\n|-ability|p2a: Landorus|Intimidate|boost\n|-unboost|p1a: Typhlosion|atk|1\n|turn|14\n|\n|t:|1700224645\n|switch|p1a: Ting-Lu|Ting-Lu|62\/100\n|-ability|p1a: Ting-Lu|Vessel of Ruin\n|move|p2a: Landorus|U-turn|p1a: Ting-Lu\n|-supereffective|p1a: Ting-Lu\n|-damage|p1a: Ting-Lu|32\/100\n|j| mew852\n|\n|t:|1700224649\n|switch|p2a: Ting-Lu|Ting-Lu|100\/100|[from] U-turn\n|-ability|p2a: Ting-Lu|Vessel of Ruin\n|\n|-weather|SunnyDay|[upkeep]\n|-heal|p1a: Ting-Lu|38\/100|[from] item: Leftovers\n|upkeep\n|turn|15\n|\n|t:|1700224653\n|move|p1a: Ting-Lu|Ruination|p2a: Ting-Lu\n|-damage|p2a: Ting-Lu|50\/100\n|move|p2a: Ting-Lu|Stealth Rock|p1a: Ting-Lu\n|-sidestart|p1: DivineGabriel|move: Stealth Rock\n|\n|-weather|SunnyDay|[upkeep]\n|-heal|p1a: Ting-Lu|44\/100|[from] item: Leftovers\n|-heal|p2a: Ting-Lu|57\/100|[from] item: Leftovers\n|upkeep\n|turn|16\n|\n|t:|1700224658\n|move|p1a: Ting-Lu|Ruination|p2a: Ting-Lu\n|-damage|p2a: Ting-Lu|29\/100\n|move|p2a: Ting-Lu|Spikes|p1a: Ting-Lu\n|-sidestart|p1: DivineGabriel|Spikes\n|\n|-weather|none\n|-heal|p1a: Ting-Lu|51\/100|[from] item: Leftovers\n|-heal|p2a: Ting-Lu|35\/100|[from] item: Leftovers\n|upkeep\n|turn|17\n|\n|t:|1700224667\n|move|p1a: Ting-Lu|Ruination|p2a: Ting-Lu\n|-damage|p2a: Ting-Lu|18\/100\n|move|p2a: Ting-Lu|Spikes|p1a: Ting-Lu\n|-sidestart|p1: DivineGabriel|Spikes\n|\n|-heal|p1a: Ting-Lu|57\/100|[from] item: Leftovers\n|-heal|p2a: Ting-Lu|24\/100|[from] item: Leftovers\n|upkeep\n|turn|18\n|\n|t:|1700224669\n|move|p1a: Ting-Lu|Earthquake|p2a: Ting-Lu\n|-damage|p2a: Ting-Lu|5\/100\n|move|p2a: Ting-Lu|Spikes|p1a: Ting-Lu\n|-sidestart|p1: DivineGabriel|Spikes\n|\n|-heal|p1a: Ting-Lu|63\/100|[from] item: Leftovers\n|-heal|p2a: Ting-Lu|11\/100|[from] item: Leftovers\n|upkeep\n|turn|19\n|\n|t:|1700224675\n|move|p1a: Ting-Lu|Earthquake|p2a: Ting-Lu\n|-damage|p2a: Ting-Lu|0 fnt\n|faint|p2a: Ting-Lu\n|\n|-heal|p1a: Ting-Lu|69\/100|[from] item: Leftovers\n|upkeep\n|\n|t:|1700224678\n|switch|p2a: Landorus|Landorus-Therian, M|100\/100\n|-ability|p2a: Landorus|Intimidate|boost\n|-unboost|p1a: Ting-Lu|atk|1\n|turn|20\n|\n|t:|1700224682\n|switch|p1a: Torkoal|Torkoal, M|100\/100\n|-damage|p1a: Torkoal|76\/100|[from] Stealth Rock\n|-damage|p1a: Torkoal|51\/100|[from] Spikes\n|-weather|SunnyDay|[from] ability: Drought|[of] p1a: Torkoal\n|move|p2a: Landorus|Earthquake|p1a: Torkoal\n|-supereffective|p1a: Torkoal\n|-damage|p1a: Torkoal|0 fnt\n|faint|p1a: Torkoal\n|\n|-weather|SunnyDay|[upkeep]\n|upkeep\n|\n|t:|1700224684\n|switch|p1a: Walking Wake|Walking Wake|100\/100\n|-damage|p1a: Walking Wake|88\/100|[from] Stealth Rock\n|-damage|p1a: Walking Wake|63\/100|[from] Spikes\n|-activate|p1a: Walking Wake|ability: Protosynthesis\n|-start|p1a: Walking Wake|protosynthesisspe\n|turn|21\n|\n|t:|1700224694\n|move|p1a: Walking Wake|Hydro Steam|p2a: Landorus\n|-supereffective|p2a: Landorus\n|-damage|p2a: Landorus|0 fnt\n|faint|p2a: Landorus\n|\n|-weather|SunnyDay|[upkeep]\n|upkeep\n|\n|t:|1700224696\n|switch|p2a: Gholdengo|Gholdengo|100\/100\n|turn|22\n|\n|t:|1700224698\n|move|p1a: Walking Wake|Hydro Steam|p2a: Gholdengo\n|-damage|p2a: Gholdengo|2\/100\n|move|p2a: Gholdengo|Shadow Ball|p1a: Walking Wake\n|-damage|p1a: Walking Wake|0 fnt\n|faint|p1a: Walking Wake\n|-end|p1a: Walking Wake|Protosynthesis|[silent]\n|\n|-weather|SunnyDay|[upkeep]\n|upkeep\n|\n|t:|1700224701\n|switch|p1a: Meowscarada|Meowscarada, F|100\/100\n|-damage|p1a: Meowscarada|88\/100|[from] Stealth Rock\n|-damage|p1a: Meowscarada|63\/100|[from] Spikes\n|turn|23\n|\n|t:|1700224705\n|move|p1a: Meowscarada|Knock Off|p2a: Gholdengo\n|-start|p1a: Meowscarada|typechange|Dark|[from] ability: Protean\n|-supereffective|p2a: Gholdengo\n|-damage|p2a: Gholdengo|0 fnt\n|-enditem|p2a: Gholdengo|Choice Specs|[from] move: Knock Off|[of] p1a: Meowscarada\n|faint|p2a: Gholdengo\n|\n|win|DivineGabriel\n|raw|DivineGabriel's rating: 1779 &rarr; <strong>1807<\/strong><br \/>(+28 for winning)\n|raw|Daevank5's rating: 1920 &rarr; <strong>1892<\/strong><br \/>(-28 for losing)\n|l|\u2606Daevank5\n|l|\u2606DivineGabriel\n|j| yb is better\n|l| yb is better\n","uploadtime":1700225034,"views":37,"p1id":"divinegabriel","p2id":"daevank5","formatid":"gen9ou","rating":1807,"private":0,"password":""}