{"id":"gen9ou-1995196081","p1":"Requin citron","p2":"DaColorPurpl","format":"[Gen 9] OU","log":"|j|\u2606Requin citron\n|j|\u2606DaColorPurpl\n|t:|1700533375\n|gametype|singles\n|player|p1|Requin citron|firebreather|1186\n|player|p2|DaColorPurpl|n|1194\n|teamsize|p1|6\n|teamsize|p2|6\n|gen|9\n|tier|[Gen 9] OU\n|rated|\n|rule|Sleep Clause Mod: Limit one foe put to sleep\n|rule|Species Clause: Limit one of each Pok\u00e9mon\n|rule|OHKO Clause: OHKO moves are banned\n|rule|Evasion Items Clause: Evasion items are banned\n|rule|Evasion Moves Clause: Evasion moves are banned\n|rule|Endless Battle Clause: Forcing endless battles is banned\n|rule|HP Percentage Mod: HP is shown in percentages\n|clearpoke\n|poke|p1|Spiritomb, M|\n|poke|p1|Armarouge, F|\n|poke|p1|Mudsdale, F|\n|poke|p1|Komala, M|\n|poke|p1|Weavile, F|\n|poke|p1|Trevenant, M|\n|poke|p2|Muk, M|\n|poke|p2|Lokix, M|\n|poke|p2|Iron Valiant|\n|poke|p2|Toedscruel, F|\n|poke|p2|Skeledirge, F|\n|poke|p2|Munkidori, M|\n|teampreview\n|inactive|Battle timer is ON: inactive players will automatically lose when time's up. (requested by DaColorPurpl)\n|\n|t:|1700533403\n|start\n|switch|p1a: Spiritomb|Spiritomb, M|100\/100\n|switch|p2a: Munkidori|Munkidori, M|100\/100\n|turn|1\n|\n|t:|1700533416\n|move|p2a: Munkidori|Parting Shot|p1a: Spiritomb\n|-unboost|p1a: Spiritomb|atk|1\n|-unboost|p1a: Spiritomb|spa|1\n|\n|t:|1700533421\n|switch|p2a: Lokix|Lokix, M|100\/100|[from] Parting Shot\n|move|p1a: Spiritomb|Trick|p2a: Lokix\n|-activate|p1a: Spiritomb|move: Trick|[of] p2a: Lokix\n|-item|p2a: Lokix|Lagging Tail|[from] move: Trick\n|-item|p1a: Spiritomb|Choice Band|[from] move: Trick\n|\n|upkeep\n|turn|2\n|\n|t:|1700533428\n|move|p1a: Spiritomb|Toxic|p2a: Lokix|[miss]\n|-miss|p1a: Spiritomb|p2a: Lokix\n|move|p2a: Lokix|U-turn|p1a: Spiritomb\n|-damage|p1a: Spiritomb|69\/100\n|\n|t:|1700533435\n|switch|p2a: Munkidori|Munkidori, M|100\/100|[from] U-turn\n|\n|upkeep\n|turn|3\n|\n|t:|1700533445\n|switch|p1a: Komala|Komala, M|100\/100\n|-ability|p1a: Komala|Comatose\n|move|p2a: Munkidori|Sludge Wave|p1a: Komala\n|-damage|p1a: Komala|55\/100\n|\n|upkeep\n|turn|4\n|\n|t:|1700533455\n|switch|p2a: Skeledirge|Skeledirge, F, shiny|100\/100\n|move|p1a: Komala|U-turn|p2a: Skeledirge\n|-resisted|p2a: Skeledirge\n|-damage|p2a: Skeledirge|97\/100\n|\n|t:|1700533465\n|switch|p1a: Spiritomb|Spiritomb, M|69\/100|[from] U-turn\n|\n|upkeep\n|turn|5\n|\n|t:|1700533469\n|switch|p2a: Muk|Muk, M, shiny|100\/100\n|move|p1a: Spiritomb|Trick|p2a: Muk\n|-immune|p2a: Muk\n|\n|upkeep\n|turn|6\n|\n|t:|1700533476\n|switch|p1a: Komala|Komala, M|55\/100\n|-ability|p1a: Komala|Comatose\n|move|p2a: Muk|Gunk Shot|p1a: Komala|[miss]\n|-miss|p2a: Muk|p1a: Komala\n|\n|upkeep\n|turn|7\n|\n|t:|1700533483\n|move|p1a: Komala|U-turn|p2a: Muk\n|-resisted|p2a: Muk\n|-damage|p2a: Muk|89\/100\n|\n|t:|1700533485\n|switch|p1a: Spiritomb|Spiritomb, M|69\/100|[from] U-turn\n|move|p2a: Muk|Brick Break|p1a: Spiritomb\n|-immune|p1a: Spiritomb\n|\n|-heal|p2a: Muk|95\/100|[from] item: Black Sludge\n|upkeep\n|turn|8\n|\n|t:|1700533495\n|move|p2a: Muk|Gunk Shot|p1a: Spiritomb|[miss]\n|-miss|p2a: Muk|p1a: Spiritomb\n|move|p1a: Spiritomb|Poltergeist|p2a: Muk\n|-activate|p2a: Muk|move: Poltergeist|Black Sludge\n|-damage|p2a: Muk|35\/100\n|\n|-heal|p2a: Muk|41\/100|[from] item: Black Sludge\n|upkeep\n|turn|9\n|\n|t:|1700533500\n|switch|p2a: Lokix|Lokix, M|100\/100\n|move|p1a: Spiritomb|Poltergeist|p2a: Lokix\n|-activate|p2a: Lokix|move: Poltergeist|Lagging Tail\n|-resisted|p2a: Lokix\n|-damage|p2a: Lokix|60\/100\n|\n|upkeep\n|turn|10\n|\n|t:|1700533507\n|move|p2a: Lokix|First Impression|p1a: Spiritomb\n|-damage|p1a: Spiritomb|29\/100\n|move|p1a: Spiritomb|Poltergeist|p2a: Lokix\n|-activate|p2a: Lokix|move: Poltergeist|Lagging Tail\n|-resisted|p2a: Lokix\n|-damage|p2a: Lokix|13\/100\n|\n|upkeep\n|turn|11\n|\n|t:|1700533512\n|move|p1a: Spiritomb|Poltergeist|p2a: Lokix\n|-activate|p2a: Lokix|move: Poltergeist|Lagging Tail\n|-resisted|p2a: Lokix\n|-damage|p2a: Lokix|0 fnt\n|faint|p2a: Lokix\n|\n|upkeep\n|\n|t:|1700533523\n|switch|p2a: Iron Valiant|Iron Valiant|100\/100\n|-enditem|p2a: Iron Valiant|Booster Energy\n|-activate|p2a: Iron Valiant|ability: Quark Drive|[fromitem]\n|-start|p2a: Iron Valiant|quarkdrivespe\n|turn|12\n|\n|t:|1700533533\n|move|p2a: Iron Valiant|Moonblast|p1a: Spiritomb\n|-supereffective|p1a: Spiritomb\n|-damage|p1a: Spiritomb|0 fnt\n|faint|p1a: Spiritomb\n|\n|upkeep\n|\n|t:|1700533544\n|switch|p1a: Armarouge|Armarouge, F|100\/100\n|turn|13\n|\n|t:|1700533563\n|move|p2a: Iron Valiant|Calm Mind|p2a: Iron Valiant\n|-boost|p2a: Iron Valiant|spa|1\n|-boost|p2a: Iron Valiant|spd|1\n|move|p1a: Armarouge|Expanding Force|p2a: Iron Valiant\n|-supereffective|p2a: Iron Valiant\n|-crit|p2a: Iron Valiant\n|-damage|p2a: Iron Valiant|0 fnt\n|faint|p2a: Iron Valiant\n|-end|p2a: Iron Valiant|Quark Drive|[silent]\n|\n|upkeep\n|\n|t:|1700533570\n|switch|p2a: Toedscruel|Toedscruel, F, shiny|100\/100\n|turn|14\n|\n|t:|1700533572\n|move|p1a: Armarouge|Psychic Terrain|p1a: Armarouge\n|-fieldstart|move: Psychic Terrain\n|move|p2a: Toedscruel|Spore|p1a: Armarouge\n|-status|p1a: Armarouge|slp|[from] move: Spore\n|\n|upkeep\n|turn|15\n|\n|t:|1700533577\n|switch|p1a: Trevenant|Trevenant, M|100\/100\n|move|p2a: Toedscruel|Earth Power|p1a: Trevenant\n|-resisted|p1a: Trevenant\n|-damage|p1a: Trevenant|87\/100\n|\n|upkeep\n|turn|16\n|\n|t:|1700533583\n|switch|p2a: Muk|Muk, M, shiny|41\/100\n|move|p1a: Trevenant|Substitute|p1a: Trevenant\n|-start|p1a: Trevenant|Substitute\n|-damage|p1a: Trevenant|62\/100\n|\n|-heal|p2a: Muk|47\/100|[from] item: Black Sludge\n|upkeep\n|turn|17\n|\n|t:|1700533586\n|move|p1a: Trevenant|Leech Seed|p2a: Muk\n|-start|p2a: Muk|move: Leech Seed\n|move|p2a: Muk|Knock Off|p1a: Trevenant\n|-supereffective|p1a: Trevenant\n|-end|p1a: Trevenant|Substitute\n|\n|-heal|p2a: Muk|53\/100|[from] item: Black Sludge\n|-damage|p2a: Muk|41\/100|[from] Leech Seed|[of] p1a: Trevenant\n|-heal|p1a: Trevenant|75\/100|[silent]\n|upkeep\n|turn|18\n|\n|t:|1700533590\n|move|p1a: Trevenant|Protect|p1a: Trevenant\n|-singleturn|p1a: Trevenant|Protect\n|move|p2a: Muk|Knock Off|p1a: Trevenant\n|-activate|p1a: Trevenant|move: Protect\n|\n|-heal|p2a: Muk|47\/100|[from] item: Black Sludge\n|-damage|p2a: Muk|35\/100|[from] Leech Seed|[of] p1a: Trevenant\n|-heal|p1a: Trevenant|88\/100|[silent]\n|-fieldend|move: Psychic Terrain\n|upkeep\n|turn|19\n|\n|t:|1700533593\n|move|p1a: Trevenant|Substitute|p1a: Trevenant\n|-start|p1a: Trevenant|Substitute\n|-damage|p1a: Trevenant|64\/100\n|move|p2a: Muk|Knock Off|p1a: Trevenant\n|-supereffective|p1a: Trevenant\n|-end|p1a: Trevenant|Substitute\n|\n|-heal|p2a: Muk|41\/100|[from] item: Black Sludge\n|-damage|p2a: Muk|28\/100|[from] Leech Seed|[of] p1a: Trevenant\n|-heal|p1a: Trevenant|77\/100|[silent]\n|upkeep\n|turn|20\n|\n|t:|1700533597\n|switch|p2a: Skeledirge|Skeledirge, F, shiny|97\/100\n|move|p1a: Trevenant|Protect||[still]\n|-fail|p1a: Trevenant\n|\n|upkeep\n|turn|21\n|\n|t:|1700533600\n|move|p2a: Skeledirge|Torch Song|p1a: Trevenant\n|-supereffective|p1a: Trevenant\n|-damage|p1a: Trevenant|0 fnt\n|-boost|p2a: Skeledirge|spa|1\n|faint|p1a: Trevenant\n|\n|upkeep\n|\n|t:|1700533606\n|switch|p1a: Weavile|Weavile, F|100\/100\n|-ability|p1a: Weavile|Pressure\n|turn|22\n|\n|t:|1700533618\n|switch|p2a: Muk|Muk, M, shiny|28\/100\n|move|p1a: Weavile|Hone Claws|p1a: Weavile\n|-boost|p1a: Weavile|atk|1\n|-boost|p1a: Weavile|accuracy|1\n|\n|-heal|p2a: Muk|34\/100|[from] item: Black Sludge\n|upkeep\n|turn|23\n|\n|t:|1700533620\n|move|p1a: Weavile|Knock Off|p2a: Muk\n|-damage|p2a: Muk|0 fnt\n|-enditem|p2a: Muk|Black Sludge|[from] move: Knock Off|[of] p1a: Weavile\n|faint|p2a: Muk\n|\n|upkeep\n|\n|t:|1700533625\n|switch|p2a: Munkidori|Munkidori, M|100\/100\n|turn|24\n|\n|t:|1700533631\n|-terastallize|p2a: Munkidori|Poison\n|move|p2a: Munkidori|Sludge Wave|p1a: Weavile\n|-damage|p1a: Weavile|7\/100\n|move|p1a: Weavile|Knock Off|p2a: Munkidori\n|-crit|p2a: Munkidori\n|-damage|p2a: Munkidori|0 fnt\n|-enditem|p2a: Munkidori|Choice Scarf|[from] move: Knock Off|[of] p1a: Weavile\n|faint|p2a: Munkidori\n|\n|upkeep\n|\n|t:|1700533635\n|switch|p2a: Skeledirge|Skeledirge, F, shiny|97\/100\n|turn|25\n|\n|t:|1700533638\n|move|p1a: Weavile|Knock Off|p2a: Skeledirge\n|-supereffective|p2a: Skeledirge\n|-damage|p2a: Skeledirge|28\/100\n|-enditem|p2a: Skeledirge|Heavy-Duty Boots|[from] move: Knock Off|[of] p1a: Weavile\n|move|p2a: Skeledirge|Torch Song|p1a: Weavile\n|-supereffective|p1a: Weavile\n|-damage|p1a: Weavile|0 fnt\n|-boost|p2a: Skeledirge|spa|1\n|faint|p1a: Weavile\n|\n|upkeep\n|\n|t:|1700533641\n|switch|p1a: Mudsdale|Mudsdale, F|100\/100\n|turn|26\n|\n|t:|1700533644\n|move|p2a: Skeledirge|Will-O-Wisp|p1a: Mudsdale\n|-status|p1a: Mudsdale|brn\n|move|p1a: Mudsdale|Stomping Tantrum|p2a: Skeledirge\n|-supereffective|p2a: Skeledirge\n|-damage|p2a: Skeledirge|6\/100\n|\n|-damage|p1a: Mudsdale|94\/100 brn|[from] brn\n|upkeep\n|turn|27\n|\n|t:|1700533647\n|move|p2a: Skeledirge|Slack Off|p2a: Skeledirge\n|-heal|p2a: Skeledirge|57\/100\n|move|p1a: Mudsdale|Stomping Tantrum|p2a: Skeledirge\n|-supereffective|p2a: Skeledirge\n|-damage|p2a: Skeledirge|37\/100\n|\n|-damage|p1a: Mudsdale|88\/100 brn|[from] brn\n|upkeep\n|turn|28\n|\n|t:|1700533650\n|move|p2a: Skeledirge|Slack Off|p2a: Skeledirge\n|-heal|p2a: Skeledirge|87\/100\n|move|p1a: Mudsdale|Rest|p1a: Mudsdale\n|-status|p1a: Mudsdale|slp|[from] move: Rest\n|-heal|p1a: Mudsdale|100\/100 slp|[silent]\n|\n|upkeep\n|turn|29\n|\n|t:|1700533655\n|move|p2a: Skeledirge|Torch Song|p1a: Mudsdale\n|-damage|p1a: Mudsdale|68\/100 slp\n|-boost|p2a: Skeledirge|spa|1\n|-ability|p1a: Mudsdale|Stamina|boost\n|-boost|p1a: Mudsdale|def|1\n|cant|p1a: Mudsdale|slp\n|move|p1a: Mudsdale|Sleep Talk|p1a: Mudsdale\n|move|p1a: Mudsdale|Rest||[from]move: Sleep Talk|[still]\n|-fail|p1a: Mudsdale\n|\n|upkeep\n|turn|30\n|\n|t:|1700533658\n|move|p2a: Skeledirge|Hex|p1a: Mudsdale\n|-damage|p1a: Mudsdale|0 fnt\n|faint|p1a: Mudsdale\n|\n|upkeep\n|\n|t:|1700533661\n|switch|p1a: Komala|Komala, M|55\/100\n|-ability|p1a: Komala|Comatose\n|turn|31\n|\n|t:|1700533664\n|move|p1a: Komala|Rapid Spin|p2a: Skeledirge\n|-immune|p2a: Skeledirge\n|move|p2a: Skeledirge|Torch Song|p1a: Komala\n|-damage|p1a: Komala|0 fnt\n|-boost|p2a: Skeledirge|spa|1\n|faint|p1a: Komala\n|\n|upkeep\n|\n|t:|1700533666\n|switch|p1a: Armarouge|Armarouge, F|100\/100 slp\n|turn|32\n|\n|t:|1700533668\n|cant|p1a: Armarouge|slp\n|move|p2a: Skeledirge|Hex|p1a: Armarouge\n|-supereffective|p1a: Armarouge\n|-enditem|p1a: Armarouge|Focus Sash\n|-damage|p1a: Armarouge|1\/100 slp\n|\n|upkeep\n|turn|33\n|\n|t:|1700533673\n|cant|p1a: Armarouge|slp\n|move|p2a: Skeledirge|Hex|p1a: Armarouge\n|-supereffective|p1a: Armarouge\n|-damage|p1a: Armarouge|0 fnt\n|faint|p1a: Armarouge\n|\n|win|DaColorPurpl\n|raw|Requin citron's rating: 1186 &rarr; <strong>1162<\/strong><br \/>(-24 for losing)\n|raw|DaColorPurpl's rating: 1194 &rarr; <strong>1218<\/strong><br \/>(+24 for winning)\n|l|\u2606Requin citron\n","uploadtime":1700533684,"views":10,"p1id":"requincitron","p2id":"dacolorpurpl","formatid":"gen9ou","rating":1162,"private":0,"password":""}