{"id":"gen9ou-1996571622","p1":"JiR0k","p2":"twelveouttatwelve","format":"[Gen 9] OU","log":"|j|\u2606JiR0k\n|j|\u2606twelveouttatwelve\n|t:|1700695664\n|gametype|singles\n|player|p1|JiR0k|red|1524\n|player|p2|twelveouttatwelve|102|1607\n|teamsize|p1|6\n|teamsize|p2|6\n|gen|9\n|tier|[Gen 9] OU\n|rated|\n|rule|Sleep Clause Mod: Limit one foe put to sleep\n|rule|Species Clause: Limit one of each Pok\u00e9mon\n|rule|OHKO Clause: OHKO moves are banned\n|rule|Evasion Items Clause: Evasion items are banned\n|rule|Evasion Moves Clause: Evasion moves are banned\n|rule|Endless Battle Clause: Forcing endless battles is banned\n|rule|HP Percentage Mod: HP is shown in percentages\n|clearpoke\n|poke|p1|Blissey, F|\n|poke|p1|Dondozo, F|\n|poke|p1|Slowking-Galar, M|\n|poke|p1|Cinderace, M|\n|poke|p1|Zapdos|\n|poke|p1|Ogerpon-Wellspring, F|\n|poke|p2|Dragonite, M|\n|poke|p2|Landorus-Therian, M|\n|poke|p2|Garchomp, F|\n|poke|p2|Thundurus-Therian, M|\n|poke|p2|Manaphy|\n|poke|p2|Tinkaton, F|\n|teampreview\n|\n|t:|1700695687\n|start\n|switch|p1a: Slowking|Slowking-Galar, M|100\/100\n|switch|p2a: Tinkaton|Tinkaton, F|100\/100\n|-ability|p2a: Tinkaton|Mold Breaker\n|-item|p2a: Tinkaton|Air Balloon\n|turn|1\n|\n|t:|1700695693\n|move|p2a: Tinkaton|Stealth Rock|p1a: Slowking\n|-sidestart|p1: JiR0k|move: Stealth Rock\n|move|p1a: Slowking|Flamethrower|p2a: Tinkaton\n|-supereffective|p2a: Tinkaton\n|-crit|p2a: Tinkaton\n|-damage|p2a: Tinkaton|7\/100\n|-enditem|p2a: Tinkaton|Air Balloon\n|\n|upkeep\n|turn|2\n|\n|t:|1700695707\n|switch|p2a: Manaphy|Manaphy|100\/100\n|move|p1a: Slowking|Flamethrower|p2a: Manaphy\n|-resisted|p2a: Manaphy\n|-damage|p2a: Manaphy|88\/100\n|\n|-heal|p2a: Manaphy|94\/100|[from] item: Leftovers\n|upkeep\n|turn|3\n|\n|t:|1700695711\n|move|p2a: Manaphy|Take Heart|p2a: Manaphy\n|-boost|p2a: Manaphy|spa|1\n|-boost|p2a: Manaphy|spd|1\n|move|p1a: Slowking|Sludge Bomb|p2a: Manaphy\n|-damage|p2a: Manaphy|72\/100\n|\n|-heal|p2a: Manaphy|78\/100|[from] item: Leftovers\n|upkeep\n|turn|4\n|\n|t:|1700695718\n|move|p2a: Manaphy|Take Heart|p2a: Manaphy\n|-boost|p2a: Manaphy|spa|1\n|-boost|p2a: Manaphy|spd|1\n|move|p1a: Slowking|Sludge Bomb|p2a: Manaphy\n|-damage|p2a: Manaphy|60\/100\n|\n|-heal|p2a: Manaphy|66\/100|[from] item: Leftovers\n|upkeep\n|turn|5\n|\n|t:|1700695723\n|-terastallize|p2a: Manaphy|Poison\n|move|p2a: Manaphy|Take Heart|p2a: Manaphy\n|-boost|p2a: Manaphy|spa|1\n|-boost|p2a: Manaphy|spd|1\n|move|p1a: Slowking|Sludge Bomb|p2a: Manaphy\n|-resisted|p2a: Manaphy\n|-damage|p2a: Manaphy|59\/100\n|\n|-heal|p2a: Manaphy|65\/100|[from] item: Leftovers\n|upkeep\n|turn|6\n|\n|t:|1700695745\n|switch|p1a: Cinderace|Cinderace, M|100\/100\n|move|p2a: Manaphy|Acid Armor|p2a: Manaphy\n|-boost|p2a: Manaphy|def|2\n|\n|-heal|p2a: Manaphy|72\/100|[from] item: Leftovers\n|upkeep\n|turn|7\n|\n|t:|1700695751\n|move|p1a: Cinderace|Pyro Ball|p2a: Manaphy\n|-crit|p2a: Manaphy\n|-damage|p2a: Manaphy|11\/100\n|move|p2a: Manaphy|Scald|p1a: Cinderace\n|-supereffective|p1a: Cinderace\n|-damage|p1a: Cinderace|0 fnt\n|faint|p1a: Cinderace\n|\n|-heal|p2a: Manaphy|17\/100|[from] item: Leftovers\n|upkeep\n|\n|t:|1700695758\n|switch|p1a: Ogerpon|Ogerpon-Wellspring, F|100\/100\n|-damage|p1a: Ogerpon|88\/100|[from] Stealth Rock\n|turn|8\n|\n|t:|1700695769\n|move|p1a: Ogerpon|Ivy Cudgel|p2a: Manaphy|[anim] Ivy Cudgel Water\n|-damage|p2a: Manaphy|0 fnt\n|faint|p2a: Manaphy\n|\n|upkeep\n|\n|t:|1700695773\n|switch|p2a: Landorus|Landorus-Therian, M|100\/100\n|-ability|p2a: Landorus|Intimidate|boost\n|-unboost|p1a: Ogerpon|atk|1\n|turn|9\n|\n|t:|1700695778\n|move|p2a: Landorus|U-turn|p1a: Ogerpon\n|-supereffective|p1a: Ogerpon\n|-damage|p1a: Ogerpon|20\/100\n|\n|t:|1700695781\n|switch|p2a: Tinkaton|Tinkaton, F|7\/100|[from] U-turn\n|-ability|p2a: Tinkaton|Mold Breaker\n|move|p1a: Ogerpon|Ivy Cudgel|p2a: Tinkaton|[anim] Ivy Cudgel Water\n|-damage|p2a: Tinkaton|0 fnt\n|faint|p2a: Tinkaton\n|\n|upkeep\n|\n|t:|1700695788\n|switch|p2a: Thundurus|Thundurus-Therian, M|100\/100\n|turn|10\n|\n|t:|1700695791\n|switch|p1a: Blissey|Blissey, F|100\/100\n|move|p2a: Thundurus|Volt Switch|p1a: Blissey\n|-damage|p1a: Blissey|87\/100\n|\n|t:|1700695796\n|switch|p2a: Dragonite|Dragonite, M|100\/100|[from] Volt Switch\n|\n|upkeep\n|turn|11\n|\n|t:|1700695801\n|switch|p1a: Zapdos|Zapdos|100\/100\n|move|p2a: Dragonite|Dragon Dance|p2a: Dragonite\n|-boost|p2a: Dragonite|atk|1\n|-boost|p2a: Dragonite|spe|1\n|\n|upkeep\n|turn|12\n|\n|t:|1700695806\n|move|p2a: Dragonite|Ice Spinner|p1a: Zapdos\n|-supereffective|p1a: Zapdos\n|-damage|p1a: Zapdos|0 fnt\n|-status|p2a: Dragonite|par|[from] ability: Static|[of] p1a: Zapdos\n|faint|p1a: Zapdos\n|\n|upkeep\n|\n|t:|1700695812\n|switch|p1a: Slowking|Slowking-Galar, M|100\/100\n|turn|13\n|\n|t:|1700695815\n|move|p2a: Dragonite|Earthquake|p1a: Slowking\n|-supereffective|p1a: Slowking\n|-damage|p1a: Slowking|5\/100\n|move|p1a: Slowking|Ice Beam|p2a: Dragonite\n|-supereffective|p2a: Dragonite\n|-damage|p2a: Dragonite|36\/100 par\n|\n|upkeep\n|turn|14\n|\n|t:|1700695823\n|switch|p1a: Dondozo|Dondozo, F|100\/100\n|-damage|p1a: Dondozo|88\/100|[from] Stealth Rock\n|move|p2a: Dragonite|Extreme Speed|p1a: Dondozo\n|-damage|p1a: Dondozo|70\/100\n|\n|-heal|p1a: Dondozo|76\/100|[from] item: Leftovers\n|upkeep\n|turn|15\n|\n|t:|1700695831\n|switch|p2a: Thundurus|Thundurus-Therian, M|100\/100\n|move|p1a: Dondozo|Waterfall|p2a: Thundurus\n|-damage|p2a: Thundurus|58\/100\n|\n|-heal|p1a: Dondozo|82\/100|[from] item: Leftovers\n|upkeep\n|turn|16\n|\n|t:|1700695836\n|switch|p1a: Blissey|Blissey, F|87\/100\n|move|p2a: Thundurus|Volt Switch|p1a: Blissey\n|-damage|p1a: Blissey|75\/100\n|\n|t:|1700695843\n|switch|p2a: Landorus|Landorus-Therian, M|100\/100|[from] Volt Switch\n|-ability|p2a: Landorus|Intimidate|boost\n|-unboost|p1a: Blissey|atk|1\n|\n|upkeep\n|turn|17\n|\n|t:|1700695852\n|switch|p1a: Ogerpon|Ogerpon-Wellspring, F|20\/100\n|-damage|p1a: Ogerpon|7\/100|[from] Stealth Rock\n|move|p2a: Landorus|Earthquake|p1a: Ogerpon\n|-resisted|p1a: Ogerpon\n|-damage|p1a: Ogerpon|0 fnt\n|faint|p1a: Ogerpon\n|\n|upkeep\n|\n|t:|1700695859\n|switch|p1a: Dondozo|Dondozo, F|82\/100\n|-damage|p1a: Dondozo|70\/100|[from] Stealth Rock\n|turn|18\n|\n|t:|1700695867\n|switch|p2a: Dragonite|Dragonite, M|36\/100 par\n|move|p1a: Dondozo|Waterfall|p2a: Dragonite\n|-resisted|p2a: Dragonite\n|-damage|p2a: Dragonite|20\/100 par\n|\n|-heal|p1a: Dondozo|76\/100|[from] item: Leftovers\n|upkeep\n|turn|19\n|\n|t:|1700695872\n|move|p2a: Dragonite|Extreme Speed|p1a: Dondozo\n|-damage|p1a: Dondozo|60\/100\n|move|p1a: Dondozo|Curse|p1a: Dondozo\n|-unboost|p1a: Dondozo|spe|1\n|-boost|p1a: Dondozo|atk|1\n|-boost|p1a: Dondozo|def|1\n|\n|-heal|p1a: Dondozo|66\/100|[from] item: Leftovers\n|upkeep\n|turn|20\n|\n|t:|1700695876\n|switch|p2a: Thundurus|Thundurus-Therian, M|58\/100\n|move|p1a: Dondozo|Curse|p1a: Dondozo\n|-unboost|p1a: Dondozo|spe|1\n|-boost|p1a: Dondozo|atk|1\n|-boost|p1a: Dondozo|def|1\n|\n|-heal|p1a: Dondozo|72\/100|[from] item: Leftovers\n|upkeep\n|turn|21\n|\n|t:|1700695881\n|-terastallize|p1a: Dondozo|Dark\n|move|p2a: Thundurus|Volt Switch|p1a: Dondozo\n|-damage|p1a: Dondozo|42\/100\n|\n|t:|1700695884\n|switch|p2a: Dragonite|Dragonite, M|20\/100 par|[from] Volt Switch\n|move|p1a: Dondozo|Rest|p1a: Dondozo\n|-status|p1a: Dondozo|slp|[from] move: Rest\n|-heal|p1a: Dondozo|100\/100 slp|[silent]\n|\n|upkeep\n|turn|22\n|\n|t:|1700695893\n|switch|p2a: Thundurus|Thundurus-Therian, M|58\/100\n|cant|p1a: Dondozo|slp\n|move|p1a: Dondozo|Sleep Talk|p1a: Dondozo\n|move|p1a: Dondozo|Waterfall|p2a: Thundurus|[from]move: Sleep Talk\n|-damage|p2a: Thundurus|0 fnt\n|faint|p2a: Thundurus\n|\n|upkeep\n|\n|t:|1700695895\n|switch|p2a: Garchomp|Garchomp, F|100\/100\n|turn|23\n|\n|t:|1700695905\n|move|p2a: Garchomp|Draco Meteor|p1a: Dondozo\n|-damage|p1a: Dondozo|53\/100 slp\n|-unboost|p2a: Garchomp|spa|2\n|-damage|p2a: Garchomp|91\/100|[from] item: Life Orb\n|cant|p1a: Dondozo|slp\n|move|p1a: Dondozo|Sleep Talk|p1a: Dondozo\n|move|p1a: Dondozo|Waterfall|p2a: Garchomp|[from]move: Sleep Talk\n|-damage|p2a: Garchomp|33\/100\n|-damage|p1a: Dondozo|40\/100 slp|[from] ability: Rough Skin|[of] p2a: Garchomp\n|\n|-heal|p1a: Dondozo|47\/100 slp|[from] item: Leftovers\n|upkeep\n|turn|24\n|\n|t:|1700695914\n|move|p2a: Garchomp|Draco Meteor|p1a: Dondozo\n|-damage|p1a: Dondozo|0 fnt\n|-unboost|p2a: Garchomp|spa|2\n|faint|p1a: Dondozo\n|-damage|p2a: Garchomp|23\/100|[from] item: Life Orb\n|\n|upkeep\n|\n|t:|1700695919\n|switch|p1a: Blissey|Blissey, F|75\/100\n|turn|25\n|\n|t:|1700695934\n|move|p2a: Garchomp|Earthquake|p1a: Blissey\n|-damage|p1a: Blissey|13\/100\n|-damage|p2a: Garchomp|14\/100|[from] item: Life Orb\n|move|p1a: Blissey|Seismic Toss|p2a: Garchomp\n|-damage|p2a: Garchomp|0 fnt\n|-damage|p1a: Blissey|1\/100|[from] ability: Rough Skin|[of] p2a: Garchomp\n|faint|p2a: Garchomp\n|\n|upkeep\n|\n|t:|1700695938\n|switch|p2a: Landorus|Landorus-Therian, M|100\/100\n|-ability|p2a: Landorus|Intimidate|boost\n|-unboost|p1a: Blissey|atk|1\n|turn|26\n|\n|t:|1700695942\n|move|p2a: Landorus|Earthquake|p1a: Blissey\n|-damage|p1a: Blissey|0 fnt\n|faint|p1a: Blissey\n|\n|upkeep\n|\n|t:|1700695944\n|switch|p1a: Slowking|Slowking-Galar, M|39\/100\n|turn|27\n|\n|t:|1700695946\n|move|p2a: Landorus|Earthquake|p1a: Slowking\n|-supereffective|p1a: Slowking\n|-damage|p1a: Slowking|0 fnt\n|faint|p1a: Slowking\n|\n|win|twelveouttatwelve\n|raw|JiR0k's rating: 1524 &rarr; <strong>1509<\/strong><br \/>(-15 for losing)\n|raw|twelveouttatwelve's rating: 1607 &rarr; <strong>1622<\/strong><br \/>(+15 for winning)\n|l|\u2606JiR0k\n","uploadtime":1700695954,"views":2,"p1id":"jir0k","p2id":"twelveouttatwelve","formatid":"gen9ou","rating":1509,"private":0,"password":""}