{"id":"gen9ou-1992911274","p1":"phluph9764","p2":"carlity","format":"[Gen 9] OU","log":"|j|\u2606phluph9764\n|j|\u2606carlity\n|t:|1700246112\n|gametype|singles\n|player|p1|phluph9764|169|1216\n|player|p2|carlity|lady-gen4|1302\n|teamsize|p1|6\n|teamsize|p2|6\n|gen|9\n|tier|[Gen 9] OU\n|rated|\n|rule|Sleep Clause Mod: Limit one foe put to sleep\n|rule|Species Clause: Limit one of each Pok\u00e9mon\n|rule|OHKO Clause: OHKO moves are banned\n|rule|Evasion Items Clause: Evasion items are banned\n|rule|Evasion Moves Clause: Evasion moves are banned\n|rule|Endless Battle Clause: Forcing endless battles is banned\n|rule|HP Percentage Mod: HP is shown in percentages\n|clearpoke\n|poke|p1|Garchomp, M|\n|poke|p1|Ursaluna, F|\n|poke|p1|Kommo-o, F|\n|poke|p1|Torterra, F|\n|poke|p1|Milotic, M|\n|poke|p1|Vikavolt, F|\n|poke|p2|Manaphy|\n|poke|p2|Zamazenta-*|\n|poke|p2|Rillaboom, F|\n|poke|p2|Ogerpon-Wellspring, F|\n|poke|p2|Heatran, M|\n|poke|p2|Sneasler, M|\n|teampreview\n|inactive|Battle timer is ON: inactive players will automatically lose when time's up. (requested by phluph9764)\n|inactive|phluph9764 has 120 seconds left.\n|\n|t:|1700246160\n|start\n|switch|p1a: Garchomp|Garchomp, M|100\/100\n|switch|p2a: Rillaboom|Rillaboom, F|100\/100\n|-fieldstart|move: Grassy Terrain|[from] ability: Grassy Surge|[of] p2a: Rillaboom\n|turn|1\n|\n|t:|1700246171\n|move|p1a: Garchomp|Swords Dance|p1a: Garchomp\n|-boost|p1a: Garchomp|atk|2\n|move|p2a: Rillaboom|U-turn|p1a: Garchomp\n|-damage|p1a: Garchomp|64\/100\n|-damage|p2a: Rillaboom|88\/100|[from] ability: Rough Skin|[of] p1a: Garchomp\n|-damage|p2a: Rillaboom|72\/100|[from] item: Rocky Helmet|[of] p1a: Garchomp\n|\n|t:|1700246179\n|switch|p2a: Ogerpon|Ogerpon-Wellspring, F|100\/100|[from] U-turn\n|\n|-heal|p1a: Garchomp|70\/100|[from] Grassy Terrain\n|upkeep\n|turn|2\n|\n|t:|1700246186\n|move|p2a: Ogerpon|Encore|p1a: Garchomp\n|-start|p1a: Garchomp|Encore\n|move|p1a: Garchomp|Swords Dance|p1a: Garchomp\n|-boost|p1a: Garchomp|atk|2\n|\n|-heal|p1a: Garchomp|76\/100|[from] Grassy Terrain\n|upkeep\n|turn|3\n|\n|t:|1700246190\n|switch|p1a: Vikavolt|Vikavolt, F, shiny|100\/100\n|move|p2a: Ogerpon|Swords Dance|p2a: Ogerpon\n|-boost|p2a: Ogerpon|atk|2\n|\n|upkeep\n|turn|4\n|\n|t:|1700246193\n|move|p2a: Ogerpon|Ivy Cudgel|p1a: Vikavolt|[anim] Ivy Cudgel Water\n|-damage|p1a: Vikavolt|0 fnt\n|faint|p1a: Vikavolt\n|\n|upkeep\n|\n|t:|1700246199\n|switch|p1a: Kommo-o|Kommo-o, F|100\/100\n|turn|5\n|\n|t:|1700246205\n|move|p2a: Ogerpon|Power Whip|p1a: Kommo-o\n|-resisted|p1a: Kommo-o\n|-damage|p1a: Kommo-o|15\/100\n|move|p1a: Kommo-o|Clangorous Soul||[still]\n|-fail|p1a: Kommo-o\n|\n|-heal|p1a: Kommo-o|21\/100|[from] Grassy Terrain\n|-fieldend|move: Grassy Terrain\n|upkeep\n|turn|6\n|\n|t:|1700246210\n|move|p2a: Ogerpon|Ivy Cudgel|p1a: Kommo-o|[anim] Ivy Cudgel Water\n|-resisted|p1a: Kommo-o\n|-damage|p1a: Kommo-o|0 fnt\n|faint|p1a: Kommo-o\n|\n|upkeep\n|\n|t:|1700246217\n|switch|p1a: Torterra|Torterra, F|100\/100\n|turn|7\n|\n|t:|1700246219\n|move|p2a: Ogerpon|Ivy Cudgel|p1a: Torterra|[anim] Ivy Cudgel Water\n|-damage|p1a: Torterra|0 fnt\n|faint|p1a: Torterra\n|\n|upkeep\n|\n|t:|1700246224\n|switch|p1a: Garchomp|Garchomp, M|76\/100\n|turn|8\n|\n|t:|1700246226\n|move|p2a: Ogerpon|Ivy Cudgel|p1a: Garchomp|[anim] Ivy Cudgel Water\n|-damage|p1a: Garchomp|0 fnt\n|faint|p1a: Garchomp\n|\n|upkeep\n|\n|t:|1700246230\n|switch|p1a: Milotic|Milotic, M|100\/100\n|turn|9\n|\n|t:|1700246231\n|move|p2a: Ogerpon|Power Whip|p1a: Milotic\n|-supereffective|p1a: Milotic\n|-damage|p1a: Milotic|0 fnt\n|faint|p1a: Milotic\n|\n|upkeep\n|\n|t:|1700246233\n|switch|p1a: Ursaluna|Ursaluna, F|100\/100\n|turn|10\n|c|\u2606carlity|gg\n|\n|t:|1700246236\n|-terastallize|p1a: Ursaluna|Ground\n|move|p2a: Ogerpon|Ivy Cudgel|p1a: Ursaluna|[anim] Ivy Cudgel Water\n|-supereffective|p1a: Ursaluna\n|-damage|p1a: Ursaluna|0 fnt\n|faint|p1a: Ursaluna\n|\n|win|carlity\n|raw|phluph9764's rating: 1216 &rarr; <strong>1197<\/strong><br \/>(-19 for losing)\n|raw|carlity's rating: 1302 &rarr; <strong>1317<\/strong><br \/>(+15 for winning)\n|l|\u2606phluph9764\n","uploadtime":1700246241,"views":12,"p1id":"phluph9764","p2id":"carlity","formatid":"gen9ou","rating":1197,"private":0,"password":""}