{"id":"gen9ou-1992212220","p1":"ooj2","p2":"mschafe10","format":"[Gen 9] OU","log":"|j|\u2606ooj2\n|j|\u2606mschafe10\n|t:|1700164319\n|gametype|singles\n|player|p1|ooj2|psychicf-gen4|1406\n|player|p2|mschafe10|blue|1300\n|teamsize|p1|6\n|teamsize|p2|6\n|gen|9\n|tier|[Gen 9] OU\n|rated|\n|rule|Sleep Clause Mod: Limit one foe put to sleep\n|rule|Species Clause: Limit one of each Pok\u00e9mon\n|rule|OHKO Clause: OHKO moves are banned\n|rule|Evasion Items Clause: Evasion items are banned\n|rule|Evasion Moves Clause: Evasion moves are banned\n|rule|Endless Battle Clause: Forcing endless battles is banned\n|rule|HP Percentage Mod: HP is shown in percentages\n|clearpoke\n|poke|p1|Rillaboom, F|\n|poke|p1|Sneasler, M|\n|poke|p1|Manaphy|\n|poke|p1|Iron Valiant|\n|poke|p1|Cinderace, M|\n|poke|p1|Corviknight, F|\n|poke|p2|Great Tusk|\n|poke|p2|Kingambit, M|\n|poke|p2|Samurott-Hisui, F|\n|poke|p2|Dragapult, F|\n|poke|p2|Enamorus, F|\n|poke|p2|Glimmora, F|\n|teampreview\n|inactive|Battle timer is ON: inactive players will automatically lose when time's up. (requested by mschafe10)\n|\n|t:|1700164344\n|start\n|switch|p1a: Glup Shiddo|Manaphy|100\/100\n|switch|p2a: Glimmora|Glimmora, F|100\/100\n|turn|1\n|\n|t:|1700164359\n|move|p2a: Glimmora|Mortal Spin|p1a: Glup Shiddo\n|-damage|p1a: Glup Shiddo|97\/100\n|-status|p1a: Glup Shiddo|psn\n|move|p1a: Glup Shiddo|Take Heart|p1a: Glup Shiddo\n|-boost|p1a: Glup Shiddo|spa|1\n|-boost|p1a: Glup Shiddo|spd|1\n|-curestatus|p1a: Glup Shiddo|psn|[msg]\n|\n|-heal|p1a: Glup Shiddo|100\/100|[from] item: Leftovers\n|upkeep\n|turn|2\n|inactive|mschafe10 has 120 seconds left.\n|\n|t:|1700164413\n|switch|p2a: Dragapult|Dragapult, F|100\/100\n|move|p1a: Glup Shiddo|Acid Armor|p1a: Glup Shiddo\n|-boost|p1a: Glup Shiddo|def|2\n|\n|upkeep\n|turn|3\n|\n|t:|1700164435\n|move|p2a: Dragapult|Thunderbolt|p1a: Glup Shiddo\n|-supereffective|p1a: Glup Shiddo\n|-crit|p1a: Glup Shiddo\n|-damage|p1a: Glup Shiddo|6\/100\n|-status|p1a: Glup Shiddo|par\n|move|p1a: Glup Shiddo|Take Heart|p1a: Glup Shiddo\n|-boost|p1a: Glup Shiddo|spa|1\n|-boost|p1a: Glup Shiddo|spd|1\n|-curestatus|p1a: Glup Shiddo|par|[msg]\n|\n|-heal|p1a: Glup Shiddo|13\/100|[from] item: Leftovers\n|upkeep\n|turn|4\n|c|\u2606ooj2|I deserve that\n|inactive|ooj2 has 120 seconds left.\n|inactive|ooj2 has 90 seconds left.\n|inactive|ooj2 has 60 seconds left.\n|inactive|ooj2 has 30 seconds left.\n|inactive|ooj2 has 20 seconds left.\n|inactive|ooj2 has 15 seconds left.\n|inactive|ooj2 has 10 seconds left.\n|\n|t:|1700164568\n|switch|p1a: Mr. Bombastic|Rillaboom, F|100\/100\n|-fieldstart|move: Grassy Terrain|[from] ability: Grassy Surge|[of] p1a: Mr. Bombastic\n|move|p2a: Dragapult|Thunderbolt|p1a: Mr. Bombastic\n|-resisted|p1a: Mr. Bombastic\n|-damage|p1a: Mr. Bombastic|75\/100\n|\n|-heal|p1a: Mr. Bombastic|81\/100|[from] Grassy Terrain\n|upkeep\n|turn|5\n|inactive|ooj2 has 20 seconds left this turn.\n|\n|t:|1700164585\n|switch|p2a: Great Tusk|Great Tusk|100\/100\n|-enditem|p2a: Great Tusk|Booster Energy\n|-activate|p2a: Great Tusk|ability: Protosynthesis|[fromitem]\n|-start|p2a: Great Tusk|protosynthesisatk\n|move|p1a: Mr. Bombastic|U-turn|p2a: Great Tusk\n|-resisted|p2a: Great Tusk\n|-damage|p2a: Great Tusk|91\/100\n|inactive|ooj2 has 25 seconds left this turn.\n|\n|t:|1700164587\n|switch|p1a: Glup Shiddo|Manaphy|13\/100|[from] U-turn\n|\n|-heal|p2a: Great Tusk|97\/100|[from] Grassy Terrain\n|-heal|p1a: Glup Shiddo|19\/100|[from] Grassy Terrain\n|-heal|p1a: Glup Shiddo|25\/100|[from] item: Leftovers\n|upkeep\n|turn|6\n|\n|t:|1700164599\n|switch|p1a: Taxi Driver|Corviknight, F|100\/100\n|-ability|p1a: Taxi Driver|Pressure\n|move|p2a: Great Tusk|Knock Off|p1a: Taxi Driver\n|-damage|p1a: Taxi Driver|70\/100\n|-damage|p2a: Great Tusk|81\/100|[from] item: Rocky Helmet|[of] p1a: Taxi Driver\n|-enditem|p1a: Taxi Driver|Rocky Helmet|[from] move: Knock Off|[of] p2a: Great Tusk\n|\n|-heal|p2a: Great Tusk|87\/100|[from] Grassy Terrain\n|upkeep\n|turn|7\n|inactive|mschafe10 has 90 seconds left.\n|\n|t:|1700164632\n|move|p2a: Great Tusk|Knock Off|p1a: Taxi Driver\n|-damage|p1a: Taxi Driver|51\/100\n|move|p1a: Taxi Driver|U-turn|p2a: Great Tusk\n|-resisted|p2a: Great Tusk\n|-damage|p2a: Great Tusk|81\/100\n|\n|t:|1700164637\n|switch|p1a: Glup Shiddo|Manaphy|25\/100|[from] U-turn\n|\n|-heal|p2a: Great Tusk|88\/100|[from] Grassy Terrain\n|-heal|p1a: Glup Shiddo|31\/100|[from] Grassy Terrain\n|-heal|p1a: Glup Shiddo|37\/100|[from] item: Leftovers\n|upkeep\n|turn|8\n|\n|t:|1700164647\n|switch|p1a: Taxi Driver|Corviknight, F|51\/100\n|-ability|p1a: Taxi Driver|Pressure\n|move|p2a: Great Tusk|Knock Off|p1a: Taxi Driver\n|-damage|p1a: Taxi Driver|32\/100\n|\n|-heal|p2a: Great Tusk|94\/100|[from] Grassy Terrain\n|-fieldend|move: Grassy Terrain\n|upkeep\n|turn|9\n|inactive|mschafe10 has 90 seconds left.\n|\n|t:|1700164662\n|move|p2a: Great Tusk|Close Combat|p1a: Taxi Driver\n|-damage|p1a: Taxi Driver|0 fnt\n|-unboost|p2a: Great Tusk|def|1\n|-unboost|p2a: Great Tusk|spd|1\n|faint|p1a: Taxi Driver\n|\n|upkeep\n|\n|t:|1700164666\n|switch|p1a: Mr. Bombastic|Rillaboom, F|81\/100\n|-fieldstart|move: Grassy Terrain|[from] ability: Grassy Surge|[of] p1a: Mr. Bombastic\n|turn|10\n|\n|t:|1700164670\n|move|p1a: Mr. Bombastic|U-turn|p2a: Great Tusk\n|-resisted|p2a: Great Tusk\n|-damage|p2a: Great Tusk|80\/100\n|\n|t:|1700164673\n|switch|p1a: Snoodler|Sneasler, M|100\/100|[from] U-turn\n|-enditem|p1a: Snoodler|Grassy Seed\n|-boost|p1a: Snoodler|def|1|[from] item: Grassy Seed\n|move|p2a: Great Tusk|Ice Spinner|p1a: Snoodler\n|-damage|p1a: Snoodler|57\/100\n|-fieldend|move: Grassy Terrain\n|\n|upkeep\n|turn|11\n|\n|t:|1700164690\n|-end|p2a: Great Tusk|Protosynthesis|[silent]\n|switch|p2a: Glimmora|Glimmora, F|100\/100\n|move|p1a: Snoodler|Acrobatics|p2a: Glimmora\n|-resisted|p2a: Glimmora\n|-damage|p2a: Glimmora|79\/100\n|\n|upkeep\n|turn|12\n|inactive|ooj2 has 90 seconds left.\n|inactive|ooj2 has 60 seconds left.\n|inactive|mschafe10 has 90 seconds left.\n|\n|t:|1700164760\n|switch|p2a: Dragapult|Dragapult, F|100\/100\n|move|p1a: Snoodler|Close Combat|p2a: Dragapult\n|-immune|p2a: Dragapult\n|\n|upkeep\n|turn|13\n|inactive|ooj2 has 60 seconds left.\n|\n|t:|1700164772\n|move|p1a: Snoodler|Acrobatics|p2a: Dragapult\n|-damage|p2a: Dragapult|46\/100\n|move|p2a: Dragapult|Shadow Ball|p1a: Snoodler\n|-damage|p1a: Snoodler|0 fnt\n|faint|p1a: Snoodler\n|\n|upkeep\n|inactive|ooj2 has 60 seconds left.\n|\n|t:|1700164780\n|switch|p1a: F\u00fcta Fighter|Iron Valiant|100\/100\n|-enditem|p1a: F\u00fcta Fighter|Booster Energy\n|-activate|p1a: F\u00fcta Fighter|ability: Quark Drive|[fromitem]\n|-start|p1a: F\u00fcta Fighter|quarkdrivespe\n|turn|14\n|inactive|mschafe10 has 60 seconds left.\n|\n|t:|1700164806\n|switch|p2a: Glimmora|Glimmora, F|79\/100\n|move|p1a: F\u00fcta Fighter|Calm Mind|p1a: F\u00fcta Fighter\n|-boost|p1a: F\u00fcta Fighter|spa|1\n|-boost|p1a: F\u00fcta Fighter|spd|1\n|\n|upkeep\n|turn|15\n|inactive|mschafe10 has 60 seconds left.\n|\n|t:|1700164811\n|move|p1a: F\u00fcta Fighter|Aura Sphere|p2a: Glimmora\n|-damage|p2a: Glimmora|0 fnt\n|faint|p2a: Glimmora\n|\n|upkeep\n|inactive|mschafe10 has 60 seconds left.\n|\n|t:|1700164843\n|switch|p2a: Enamorus|Enamorus, F|100\/100\n|turn|16\n|\n|t:|1700164847\n|-terastallize|p1a: F\u00fcta Fighter|Fairy\n|move|p1a: F\u00fcta Fighter|Moonblast|p2a: Enamorus\n|-damage|p2a: Enamorus|0 fnt\n|faint|p2a: Enamorus\n|\n|upkeep\n|\n|t:|1700164857\n|switch|p2a: Kingambit|Kingambit, M|100\/100\n|-activate|p2a: Kingambit|ability: Supreme Overlord\n|-start|p2a: Kingambit|fallen2|[silent]\n|turn|17\n|inactive|ooj2 has 90 seconds left.\n|\n|t:|1700164872\n|-terastallize|p2a: Kingambit|Flying\n|move|p1a: F\u00fcta Fighter|Moonblast|p2a: Kingambit\n|-damage|p2a: Kingambit|9\/100\n|move|p2a: Kingambit|Iron Head|p1a: F\u00fcta Fighter\n|-supereffective|p1a: F\u00fcta Fighter\n|-damage|p1a: F\u00fcta Fighter|0 fnt\n|faint|p1a: F\u00fcta Fighter\n|-end|p1a: F\u00fcta Fighter|Quark Drive|[silent]\n|\n|-heal|p2a: Kingambit|15\/100|[from] item: Leftovers\n|upkeep\n|inactive|ooj2 has 90 seconds left.\n|\n|t:|1700164887\n|switch|p1a: Se\u00f1or Goalpost|Cinderace, M|100\/100\n|turn|18\n|inactive|mschafe10 has 60 seconds left.\n|\n|t:|1700164913\n|-end|p2a: Kingambit|fallen2|[silent]\n|switch|p2a: Great Tusk|Great Tusk|80\/100\n|move|p1a: Se\u00f1or Goalpost|Pyro Ball|p2a: Great Tusk\n|-damage|p2a: Great Tusk|39\/100\n|\n|upkeep\n|turn|19\n|inactive|ooj2 has 90 seconds left.\n|inactive|mschafe10 has 30 seconds left.\n|\n|t:|1700164950\n|move|p1a: Se\u00f1or Goalpost|Pyro Ball|p2a: Great Tusk\n|-damage|p2a: Great Tusk|0 fnt\n|faint|p2a: Great Tusk\n|-end|p2a: Great Tusk|Protosynthesis|[silent]\n|\n|upkeep\n|inactive|mschafe10 has 30 seconds left this turn.\n|inactive|mschafe10 has 20 seconds left.\n|\n|t:|1700164963\n|switch|p2a: Samurott|Samurott-Hisui, F|100\/100\n|turn|20\n|inactive|mschafe10 has 30 seconds left this turn.\n|\n|t:|1700164968\n|move|p1a: Se\u00f1or Goalpost|U-turn|p2a: Samurott\n|-start|p1a: Se\u00f1or Goalpost|typechange|Bug|[from] ability: Libero\n|-supereffective|p2a: Samurott\n|-damage|p2a: Samurott|18\/100\n|inactive|mschafe10 has 30 seconds left this turn.\n|\n|t:|1700164971\n|switch|p1a: Mr. Bombastic|Rillaboom, F|81\/100|[from] U-turn\n|-fieldstart|move: Grassy Terrain|[from] ability: Grassy Surge|[of] p1a: Mr. Bombastic\n|move|p2a: Samurott|Liquidation|p1a: Mr. Bombastic\n|-resisted|p1a: Mr. Bombastic\n|-damage|p1a: Mr. Bombastic|60\/100\n|\n|-heal|p1a: Mr. Bombastic|66\/100|[from] Grassy Terrain\n|-heal|p2a: Samurott|24\/100|[from] Grassy Terrain\n|upkeep\n|turn|21\n|inactive|mschafe10 has 30 seconds left.\n|\n|t:|1700164982\n|switch|p2a: Kingambit|Kingambit, M, tera:Flying|15\/100\n|-activate|p2a: Kingambit|ability: Supreme Overlord\n|-start|p2a: Kingambit|fallen3|[silent]\n|move|p1a: Mr. Bombastic|U-turn|p2a: Kingambit\n|-resisted|p2a: Kingambit\n|-damage|p2a: Kingambit|5\/100\n|\n|t:|1700164996\n|switch|p1a: Se\u00f1or Goalpost|Cinderace, M|100\/100|[from] U-turn\n|\n|-heal|p2a: Kingambit|11\/100|[from] item: Leftovers\n|upkeep\n|turn|22\n|\n|t:|1700165003\n|move|p1a: Se\u00f1or Goalpost|Will-O-Wisp|p2a: Kingambit\n|-status|p2a: Kingambit|brn\n|move|p2a: Kingambit|Kowtow Cleave|p1a: Se\u00f1or Goalpost\n|-damage|p1a: Se\u00f1or Goalpost|50\/100\n|\n|-heal|p1a: Se\u00f1or Goalpost|56\/100|[from] Grassy Terrain\n|-heal|p2a: Kingambit|17\/100 brn|[from] item: Leftovers\n|-damage|p2a: Kingambit|11\/100 brn|[from] brn\n|upkeep\n|turn|23\n|\n|t:|1700165015\n|move|p2a: Kingambit|Sucker Punch|p1a: Se\u00f1or Goalpost\n|-damage|p1a: Se\u00f1or Goalpost|20\/100\n|move|p1a: Se\u00f1or Goalpost|Pyro Ball|p2a: Kingambit\n|-damage|p2a: Kingambit|0 fnt\n|faint|p2a: Kingambit\n|-end|p2a: Kingambit|fallen3|[silent]\n|\n|-heal|p1a: Se\u00f1or Goalpost|26\/100|[from] Grassy Terrain\n|upkeep\n|\n|t:|1700165026\n|switch|p2a: Samurott|Samurott-Hisui, F|24\/100\n|turn|24\n|\n|t:|1700165032\n|move|p2a: Samurott|Aqua Jet|p1a: Se\u00f1or Goalpost\n|-supereffective|p1a: Se\u00f1or Goalpost\n|-damage|p1a: Se\u00f1or Goalpost|0 fnt\n|faint|p1a: Se\u00f1or Goalpost\n|\n|-heal|p2a: Samurott|30\/100|[from] Grassy Terrain\n|-fieldend|move: Grassy Terrain\n|upkeep\n|\n|t:|1700165034\n|switch|p1a: Mr. Bombastic|Rillaboom, F|66\/100\n|-fieldstart|move: Grassy Terrain|[from] ability: Grassy Surge|[of] p1a: Mr. Bombastic\n|turn|25\n|inactive|mschafe10 has 30 seconds left.\n|\n|t:|1700165062\n|move|p1a: Mr. Bombastic|U-turn|p2a: Samurott\n|-supereffective|p2a: Samurott\n|-damage|p2a: Samurott|0 fnt\n|faint|p2a: Samurott\n|\n|t:|1700165064\n|switch|p1a: Glup Shiddo|Manaphy|37\/100|[from] U-turn\n|\n|-heal|p1a: Glup Shiddo|44\/100|[from] Grassy Terrain\n|-heal|p1a: Glup Shiddo|50\/100|[from] item: Leftovers\n|upkeep\n|\n|t:|1700165070\n|switch|p2a: Dragapult|Dragapult, F|46\/100\n|turn|26\n|\n|t:|1700165085\n|move|p2a: Dragapult|Shadow Ball|p1a: Glup Shiddo\n|-damage|p1a: Glup Shiddo|6\/100\n|move|p1a: Glup Shiddo|Scald|p2a: Dragapult\n|-resisted|p2a: Dragapult\n|-damage|p2a: Dragapult|26\/100\n|-status|p2a: Dragapult|brn\n|\n|-heal|p2a: Dragapult|32\/100 brn|[from] Grassy Terrain\n|-heal|p1a: Glup Shiddo|12\/100|[from] Grassy Terrain\n|-heal|p1a: Glup Shiddo|18\/100|[from] item: Leftovers\n|-damage|p2a: Dragapult|26\/100 brn|[from] brn\n|upkeep\n|turn|27\n|\n|t:|1700165097\n|move|p2a: Dragapult|Shadow Ball|p1a: Glup Shiddo\n|-damage|p1a: Glup Shiddo|0 fnt\n|faint|p1a: Glup Shiddo\n|\n|-heal|p2a: Dragapult|32\/100 brn|[from] Grassy Terrain\n|-damage|p2a: Dragapult|26\/100 brn|[from] brn\n|upkeep\n|\n|t:|1700165099\n|switch|p1a: Mr. Bombastic|Rillaboom, F|66\/100\n|turn|28\n|\n|t:|1700165109\n|move|p1a: Mr. Bombastic|Grassy Glide|p2a: Dragapult\n|-resisted|p2a: Dragapult\n|-damage|p2a: Dragapult|0 fnt\n|faint|p2a: Dragapult\n|\n|win|ooj2\n|raw|ooj2's rating: 1406 &rarr; <strong>1420<\/strong><br \/>(+14 for winning)\n|raw|mschafe10's rating: 1300 &rarr; <strong>1282<\/strong><br \/>(-18 for losing)\n|c|\u2606mschafe10|gg\n|c|\u2606mschafe10|that burn did it\n","uploadtime":1700165116,"views":15,"p1id":"ooj2","p2id":"mschafe10","formatid":"gen9ou","rating":1282,"private":0,"password":""}