{"id":"gen9ou-2000377679","p1":"El Stefano","p2":"thedebatablereaper","format":"[Gen 9] OU","log":"|j|\u2606El Stefano\n|j|\u2606thedebatablereaper\n|t:|1701189732\n|gametype|singles\n|player|p1|El Stefano|101|1820\n|player|p2|thedebatablereaper|170|1798\n|teamsize|p1|6\n|teamsize|p2|6\n|gen|9\n|tier|[Gen 9] OU\n|rated|\n|rule|Sleep Clause Mod: Limit one foe put to sleep\n|rule|Species Clause: Limit one of each Pok\u00e9mon\n|rule|OHKO Clause: OHKO moves are banned\n|rule|Evasion Items Clause: Evasion items are banned\n|rule|Evasion Moves Clause: Evasion moves are banned\n|rule|Endless Battle Clause: Forcing endless battles is banned\n|rule|HP Percentage Mod: HP is shown in percentages\n|clearpoke\n|poke|p1|Slowking, F|\n|poke|p1|Chesnaught, M|\n|poke|p1|Talonflame, F|\n|poke|p1|Clodsire, F|\n|poke|p1|Dondozo, F|\n|poke|p1|Clefable, M|\n|poke|p2|Gholdengo|\n|poke|p2|Garganacl, F|\n|poke|p2|Ogerpon-Wellspring, F|\n|poke|p2|Kingambit, F|\n|poke|p2|Zapdos-Galar|\n|poke|p2|Iron Valiant|\n|teampreview\n|\n|t:|1701189750\n|start\n|switch|p1a: Clefable|Clefable, M|100\/100\n|switch|p2a: Zapdos|Zapdos-Galar|100\/100\n|turn|1\n|\n|t:|1701189756\n|switch|p1a: Talonflame|Talonflame, F|100\/100\n|-terastallize|p2a: Zapdos|Flying\n|move|p2a: Zapdos|Brave Bird|p1a: Talonflame\n|-damage|p1a: Talonflame|3\/100\n|-status|p2a: Zapdos|brn|[from] ability: Flame Body|[of] p1a: Talonflame\n|-damage|p2a: Zapdos|64\/100 brn|[from] Recoil\n|\n|-damage|p2a: Zapdos|58\/100 brn|[from] brn\n|upkeep\n|turn|2\n|j| Bnak2\n|\n|t:|1701189766\n|switch|p1a: Dondozo|Dondozo, F|100\/100\n|move|p2a: Zapdos|Brave Bird|p1a: Dondozo\n|-damage|p1a: Dondozo|72\/100\n|-damage|p2a: Zapdos|43\/100 brn|[from] Recoil\n|\n|-damage|p2a: Zapdos|37\/100 brn|[from] brn\n|upkeep\n|turn|3\n|\n|t:|1701189777\n|switch|p2a: Ogerpon|Ogerpon-Wellspring, F|100\/100\n|move|p1a: Dondozo|Curse|p1a: Dondozo\n|-unboost|p1a: Dondozo|spe|1\n|-boost|p1a: Dondozo|atk|1\n|-boost|p1a: Dondozo|def|1\n|\n|upkeep\n|turn|4\n|\n|t:|1701189787\n|switch|p1a: Chesnaught|Chesnaught, M|100\/100\n|move|p2a: Ogerpon|Knock Off|p1a: Chesnaught\n|-resisted|p1a: Chesnaught\n|-damage|p1a: Chesnaught|89\/100\n|-enditem|p1a: Chesnaught|Heavy-Duty Boots|[from] move: Knock Off|[of] p2a: Ogerpon\n|\n|upkeep\n|turn|5\n|\n|t:|1701189796\n|switch|p2a: Gholdengo|Gholdengo|100\/100\n|move|p1a: Chesnaught|Body Press|p2a: Gholdengo\n|-immune|p2a: Gholdengo\n|\n|upkeep\n|turn|6\n|\n|t:|1701189804\n|switch|p1a: Slowking|Slowking, F, shiny|100\/100\n|move|p2a: Gholdengo|Thunder Wave|p1a: Slowking\n|-status|p1a: Slowking|par\n|\n|upkeep\n|turn|7\n|\n|t:|1701189810\n|move|p2a: Gholdengo|Shadow Ball|p1a: Slowking\n|-supereffective|p1a: Slowking\n|-damage|p1a: Slowking|57\/100 par\n|move|p1a: Slowking|Scald|p2a: Gholdengo\n|-damage|p2a: Gholdengo|74\/100\n|\n|-heal|p2a: Gholdengo|80\/100|[from] item: Leftovers\n|upkeep\n|turn|8\n|\n|t:|1701189821\n|switch|p1a: Clodsire|Clodsire, F|100\/100\n|move|p2a: Gholdengo|Shadow Ball|p1a: Clodsire\n|-damage|p1a: Clodsire|82\/100\n|\n|-heal|p2a: Gholdengo|86\/100|[from] item: Leftovers\n|upkeep\n|turn|9\n|\n|t:|1701189833\n|switch|p2a: Ogerpon|Ogerpon-Wellspring, F|100\/100\n|switch|p1a: Slowking|Slowking, F, shiny|91\/100 par\n|\n|upkeep\n|turn|10\n|inactive|Battle timer is ON: inactive players will automatically lose when time's up. (requested by El Stefano)\n|\n|t:|1701189845\n|switch|p1a: Chesnaught|Chesnaught, M|89\/100\n|move|p2a: Ogerpon|Swords Dance|p2a: Ogerpon\n|-boost|p2a: Ogerpon|atk|2\n|\n|upkeep\n|turn|11\n|\n|t:|1701189852\n|move|p2a: Ogerpon|Ivy Cudgel|p1a: Chesnaught|[anim] Ivy Cudgel Water\n|-resisted|p1a: Chesnaught\n|-damage|p1a: Chesnaught|56\/100\n|move|p1a: Chesnaught|Body Press|p2a: Ogerpon\n|-damage|p2a: Ogerpon|42\/100\n|\n|upkeep\n|turn|12\n|\n|t:|1701189870\n|switch|p2a: Iron Valiant|Iron Valiant|100\/100\n|-enditem|p2a: Iron Valiant|Booster Energy\n|-activate|p2a: Iron Valiant|ability: Quark Drive|[fromitem]\n|-start|p2a: Iron Valiant|quarkdrivespa\n|move|p1a: Chesnaught|Synthesis|p1a: Chesnaught\n|-heal|p1a: Chesnaught|100\/100\n|\n|upkeep\n|turn|13\n|\n|t:|1701189878\n|switch|p1a: Clodsire|Clodsire, F|82\/100\n|move|p2a: Iron Valiant|Calm Mind|p2a: Iron Valiant\n|-boost|p2a: Iron Valiant|spa|1\n|-boost|p2a: Iron Valiant|spd|1\n|\n|upkeep\n|turn|14\n|\n|t:|1701189883\n|move|p2a: Iron Valiant|Psyshock|p1a: Clodsire\n|-supereffective|p1a: Clodsire\n|-damage|p1a: Clodsire|5\/100\n|move|p1a: Clodsire|Poison Jab|p2a: Iron Valiant\n|-supereffective|p2a: Iron Valiant\n|-damage|p2a: Iron Valiant|46\/100\n|\n|upkeep\n|turn|15\n|\n|t:|1701189890\n|switch|p1a: Slowking|Slowking, F, shiny|100\/100 par\n|move|p2a: Iron Valiant|Moonblast|p1a: Slowking\n|-damage|p1a: Slowking|39\/100 par\n|\n|upkeep\n|turn|16\n|\n|t:|1701189897\n|switch|p1a: Clodsire|Clodsire, F|5\/100\n|move|p2a: Iron Valiant|Moonblast|p1a: Clodsire\n|-resisted|p1a: Clodsire\n|-damage|p1a: Clodsire|0 fnt\n|faint|p1a: Clodsire\n|\n|upkeep\n|\n|t:|1701189901\n|switch|p1a: Slowking|Slowking, F, shiny|73\/100 par\n|turn|17\n|\n|t:|1701189906\n|move|p2a: Iron Valiant|Moonblast|p1a: Slowking\n|-damage|p1a: Slowking|14\/100 par\n|move|p1a: Slowking|Scald|p2a: Iron Valiant\n|-damage|p2a: Iron Valiant|14\/100\n|-status|p2a: Iron Valiant|brn\n|\n|-damage|p2a: Iron Valiant|7\/100 brn|[from] brn\n|upkeep\n|turn|18\n|\n|t:|1701189919\n|move|p1a: Slowking|Protect|p1a: Slowking\n|-singleturn|p1a: Slowking|Protect\n|move|p2a: Iron Valiant|Moonblast|p1a: Slowking\n|-activate|p1a: Slowking|move: Protect\n|\n|-damage|p2a: Iron Valiant|1\/100 brn|[from] brn\n|upkeep\n|turn|19\n|j| Impossiblefuture\n|\n|t:|1701189930\n|switch|p1a: Talonflame|Talonflame, F|3\/100\n|move|p2a: Iron Valiant|Moonblast|p1a: Talonflame\n|-resisted|p1a: Talonflame\n|-damage|p1a: Talonflame|0 fnt\n|faint|p1a: Talonflame\n|\n|-damage|p2a: Iron Valiant|0 fnt|[from] brn\n|faint|p2a: Iron Valiant\n|-end|p2a: Iron Valiant|Quark Drive|[silent]\n|upkeep\n|\n|t:|1701189940\n|switch|p2a: Gholdengo|Gholdengo|86\/100\n|switch|p1a: Slowking|Slowking, F, shiny|48\/100 par\n|turn|20\n|\n|t:|1701189948\n|-terastallize|p1a: Slowking|Normal\n|move|p2a: Gholdengo|Shadow Ball|p1a: Slowking\n|-immune|p1a: Slowking\n|move|p1a: Slowking|Slack Off|p1a: Slowking\n|-heal|p1a: Slowking|98\/100 par\n|\n|-heal|p2a: Gholdengo|92\/100|[from] item: Leftovers\n|upkeep\n|turn|21\n|\n|t:|1701189957\n|switch|p2a: Zapdos|Zapdos-Galar, tera:Flying|37\/100 brn\n|move|p1a: Slowking|Scald|p2a: Zapdos\n|-damage|p2a: Zapdos|3\/100 brn\n|\n|-damage|p2a: Zapdos|0 fnt|[from] brn\n|faint|p2a: Zapdos\n|upkeep\n|l| Impossiblefuture\n|j| vegemite360\n|\n|t:|1701189968\n|switch|p2a: Kingambit|Kingambit, F|100\/100\n|-activate|p2a: Kingambit|ability: Supreme Overlord\n|-start|p2a: Kingambit|fallen2|[silent]\n|turn|22\n|\n|t:|1701189978\n|switch|p1a: Chesnaught|Chesnaught, M|100\/100\n|move|p2a: Kingambit|Iron Head|p1a: Chesnaught\n|-damage|p1a: Chesnaught|71\/100\n|\n|upkeep\n|turn|23\n|\n|t:|1701189984\n|-end|p2a: Kingambit|fallen2|[silent]\n|switch|p2a: Gholdengo|Gholdengo|92\/100\n|switch|p1a: Dondozo|Dondozo, F|72\/100\n|\n|-heal|p2a: Gholdengo|98\/100|[from] item: Leftovers\n|upkeep\n|turn|24\n|\n|t:|1701189993\n|move|p2a: Gholdengo|Make It Rain|p1a: Dondozo\n|-resisted|p1a: Dondozo\n|-damage|p1a: Dondozo|48\/100\n|-unboost|p2a: Gholdengo|spa|1\n|move|p1a: Dondozo|Rest|p1a: Dondozo\n|-status|p1a: Dondozo|slp|[from] move: Rest\n|-heal|p1a: Dondozo|100\/100 slp|[silent]\n|\n|-heal|p2a: Gholdengo|100\/100|[from] item: Leftovers\n|upkeep\n|turn|25\n|\n|t:|1701190005\n|switch|p2a: Kingambit|Kingambit, F|100\/100\n|-activate|p2a: Kingambit|ability: Supreme Overlord\n|-start|p2a: Kingambit|fallen2|[silent]\n|cant|p1a: Dondozo|slp\n|move|p1a: Dondozo|Sleep Talk|p1a: Dondozo\n|move|p1a: Dondozo|Waterfall|p2a: Kingambit|[from]move: Sleep Talk\n|-damage|p2a: Kingambit|79\/100\n|\n|upkeep\n|turn|26\n|\n|t:|1701190015\n|move|p2a: Kingambit|Swords Dance|p2a: Kingambit\n|-boost|p2a: Kingambit|atk|2\n|cant|p1a: Dondozo|slp\n|move|p1a: Dondozo|Sleep Talk|p1a: Dondozo\n|move|p1a: Dondozo|Rest||[from]move: Sleep Talk|[still]\n|-fail|p1a: Dondozo\n|\n|upkeep\n|turn|27\n|\n|t:|1701190023\n|-end|p2a: Kingambit|fallen2|[silent]\n|switch|p2a: Ogerpon|Ogerpon-Wellspring, F|42\/100\n|-curestatus|p1a: Dondozo|slp|[msg]\n|move|p1a: Dondozo|Curse|p1a: Dondozo\n|-unboost|p1a: Dondozo|spe|1\n|-boost|p1a: Dondozo|atk|1\n|-boost|p1a: Dondozo|def|1\n|\n|upkeep\n|turn|28\n|\n|t:|1701190030\n|switch|p1a: Chesnaught|Chesnaught, M|71\/100\n|move|p2a: Ogerpon|Power Whip|p1a: Chesnaught\n|-resisted|p1a: Chesnaught\n|-damage|p1a: Chesnaught|50\/100\n|\n|upkeep\n|turn|29\n|\n|t:|1701190038\n|switch|p2a: Gholdengo|Gholdengo|100\/100\n|move|p1a: Chesnaught|Synthesis|p1a: Chesnaught\n|-heal|p1a: Chesnaught|100\/100\n|\n|upkeep\n|turn|30\n|\n|t:|1701190044\n|switch|p2a: Garganacl|Garganacl, F|100\/100\n|switch|p1a: Slowking|Slowking, F, shiny, tera:Normal|100\/100 par\n|\n|upkeep\n|turn|31\n|\n|t:|1701190050\n|switch|p1a: Clefable|Clefable, M|100\/100\n|move|p2a: Garganacl|Stealth Rock|p1a: Clefable\n|-sidestart|p1: El Stefano|move: Stealth Rock\n|\n|upkeep\n|turn|32\n|\n|t:|1701190056\n|switch|p2a: Kingambit|Kingambit, F|79\/100\n|-activate|p2a: Kingambit|ability: Supreme Overlord\n|-start|p2a: Kingambit|fallen2|[silent]\n|move|p1a: Clefable|Stealth Rock|p2a: Kingambit\n|-sidestart|p2: thedebatablereaper|move: Stealth Rock\n|\n|upkeep\n|turn|33\n|\n|t:|1701190063\n|switch|p1a: Dondozo|Dondozo, F|100\/100\n|move|p2a: Kingambit|Iron Head|p1a: Dondozo\n|-resisted|p1a: Dondozo\n|-damage|p1a: Dondozo|87\/100\n|\n|upkeep\n|turn|34\n|\n|t:|1701190070\n|move|p2a: Kingambit|Kowtow Cleave|p1a: Dondozo\n|-damage|p1a: Dondozo|54\/100\n|move|p1a: Dondozo|Curse|p1a: Dondozo\n|-unboost|p1a: Dondozo|spe|1\n|-boost|p1a: Dondozo|atk|1\n|-boost|p1a: Dondozo|def|1\n|\n|upkeep\n|turn|35\n|\n|t:|1701190080\n|-end|p2a: Kingambit|fallen2|[silent]\n|switch|p2a: Ogerpon|Ogerpon-Wellspring, F|42\/100\n|-damage|p2a: Ogerpon|29\/100|[from] Stealth Rock\n|move|p1a: Dondozo|Rest|p1a: Dondozo\n|-status|p1a: Dondozo|slp|[from] move: Rest\n|-heal|p1a: Dondozo|100\/100 slp|[silent]\n|\n|upkeep\n|turn|36\n|\n|t:|1701190090\n|switch|p2a: Gholdengo|Gholdengo|100\/100\n|-damage|p2a: Gholdengo|94\/100|[from] Stealth Rock\n|switch|p1a: Chesnaught|Chesnaught, M|100\/100\n|-damage|p1a: Chesnaught|94\/100|[from] Stealth Rock\n|\n|-heal|p2a: Gholdengo|100\/100|[from] item: Leftovers\n|upkeep\n|turn|37\n|\n|t:|1701190100\n|switch|p1a: Slowking|Slowking, F, shiny, tera:Normal|100\/100 par\n|move|p2a: Gholdengo|Make It Rain|p1a: Slowking\n|-damage|p1a: Slowking|69\/100 par\n|-unboost|p2a: Gholdengo|spa|1\n|\n|upkeep\n|turn|38\n|\n|t:|1701190107\n|move|p2a: Gholdengo|Make It Rain|p1a: Slowking\n|-damage|p1a: Slowking|49\/100 par\n|-unboost|p2a: Gholdengo|spa|1\n|move|p1a: Slowking|Earthquake|p2a: Gholdengo\n|-supereffective|p2a: Gholdengo\n|-damage|p2a: Gholdengo|78\/100\n|\n|-heal|p2a: Gholdengo|84\/100|[from] item: Leftovers\n|upkeep\n|turn|39\n|\n|t:|1701190121\n|switch|p1a: Chesnaught|Chesnaught, M|94\/100\n|-damage|p1a: Chesnaught|88\/100|[from] Stealth Rock\n|move|p2a: Gholdengo|Make It Rain|p1a: Chesnaught\n|-damage|p1a: Chesnaught|56\/100\n|-unboost|p2a: Gholdengo|spa|1\n|\n|-heal|p2a: Gholdengo|90\/100|[from] item: Leftovers\n|upkeep\n|turn|40\n|\n|t:|1701190139\n|switch|p2a: Garganacl|Garganacl, F|100\/100\n|-damage|p2a: Garganacl|88\/100|[from] Stealth Rock\n|move|p1a: Chesnaught|Spikes|p2a: Garganacl\n|-sidestart|p2: thedebatablereaper|Spikes\n|\n|-heal|p2a: Garganacl|94\/100|[from] item: Leftovers\n|upkeep\n|turn|41\n|-message|thedebatablereaper forfeited.\n|\n|win|El Stefano\n|raw|El Stefano's rating: 1820 &rarr; <strong>1839<\/strong><br \/>(+19 for winning)\n|raw|thedebatablereaper's rating: 1798 &rarr; <strong>1779<\/strong><br \/>(-19 for losing)\n|l|\u2606thedebatablereaper\n|l| vegemite360\n|j| vegemite360\n|l| vegemite360\n","uploadtime":1701190165,"views":3,"p1id":"elstefano","p2id":"thedebatablereaper","formatid":"gen9ou","rating":1779,"private":0,"password":""}