{"id":"gen9ou-1993692928","p1":"crazy ff","p2":"Kaiserdestroyer","format":"[Gen 9] OU","log":"|j|\u2606crazy ff\n|j|\u2606Kaiserdestroyer\n|t:|1700346226\n|gametype|singles\n|player|p1|crazy ff|ghetsis|\n|player|p2|Kaiserdestroyer|steven|\n|teamsize|p1|6\n|teamsize|p2|6\n|gen|9\n|tier|[Gen 9] OU\n|rule|Sleep Clause Mod: Limit one foe put to sleep\n|rule|Species Clause: Limit one of each Pok\u00e9mon\n|rule|OHKO Clause: OHKO moves are banned\n|rule|Evasion Items Clause: Evasion items are banned\n|rule|Evasion Moves Clause: Evasion moves are banned\n|rule|Endless Battle Clause: Forcing endless battles is banned\n|rule|HP Percentage Mod: HP is shown in percentages\n|clearpoke\n|poke|p1|Clefable, F|\n|poke|p1|Krookodile, F|\n|poke|p1|Rotom-Wash|\n|poke|p1|Staraptor, M|\n|poke|p1|Klefki, F|\n|poke|p1|Pikachu, F|\n|poke|p2|Glimmora, M|\n|poke|p2|Iron Moth|\n|poke|p2|Garganacl, F|\n|poke|p2|Vaporeon, F|\n|poke|p2|Heracross, M|\n|poke|p2|Iron Thorns|\n|teampreview\n|j| Cuackreligion\n|c|\u2606crazy ff|Suerte bro\n|\n|t:|1700346245\n|start\n|switch|p1a: Clefable|Clefable, F|100\/100\n|switch|p2a: Glimmora|Glimmora, M|100\/100\n|turn|1\n|\n|t:|1700346258\n|switch|p1a: Klefki|Klefki, F|100\/100\n|move|p2a: Glimmora|Stealth Rock|p1a: Klefki\n|-sidestart|p1: crazy ff|move: Stealth Rock\n|\n|upkeep\n|turn|2\n|l| Cuackreligion\n|\n|t:|1700346266\n|move|p1a: Klefki|Light Screen|p1a: Klefki\n|-sidestart|p1: crazy ff|move: Light Screen\n|move|p2a: Glimmora|Earth Power|p1a: Klefki\n|-supereffective|p1a: Klefki\n|-damage|p1a: Klefki|60\/100\n|-unboost|p1a: Klefki|spd|1\n|-enditem|p1a: Klefki|Eject Button\n|\n|t:|1700346276\n|switch|p1a: Krookodile|Krookodile, F|100\/100\n|-damage|p1a: Krookodile|94\/100|[from] Stealth Rock\n|\n|upkeep\n|turn|3\n|\n|t:|1700346283\n|move|p1a: Krookodile|Earthquake|p2a: Glimmora\n|-supereffective|p2a: Glimmora\n|-enditem|p2a: Glimmora|Focus Sash\n|-damage|p2a: Glimmora|1\/100\n|-activate|p2a: Glimmora|ability: Toxic Debris\n|-sidestart|p1: crazy ff|move: Toxic Spikes\n|move|p2a: Glimmora|Mortal Spin|p1a: Krookodile\n|-resisted|p1a: Krookodile\n|-damage|p1a: Krookodile|91\/100\n|-status|p1a: Krookodile|psn\n|\n|-damage|p1a: Krookodile|78\/100 psn|[from] psn\n|upkeep\n|turn|4\n|\n|t:|1700346295\n|switch|p2a: Vaporeon|Vaporeon, F|100\/100\n|move|p1a: Krookodile|Earthquake|p2a: Vaporeon\n|-damage|p2a: Vaporeon|63\/100\n|\n|-heal|p2a: Vaporeon|69\/100|[from] item: Leftovers\n|-damage|p1a: Krookodile|66\/100 psn|[from] psn\n|upkeep\n|turn|5\n|\n|t:|1700346316\n|switch|p1a: Rotom|Rotom-Wash|100\/100\n|-damage|p1a: Rotom|88\/100|[from] Stealth Rock\n|move|p2a: Vaporeon|Wish|p2a: Vaporeon\n|\n|-heal|p1a: Rotom|94\/100|[from] item: Leftovers\n|-heal|p2a: Vaporeon|75\/100|[from] item: Leftovers\n|upkeep\n|turn|6\n|\n|t:|1700346334\n|switch|p2a: Garganacl|Garganacl, F|100\/100\n|move|p1a: Rotom|Volt Switch|p2a: Garganacl\n|-damage|p2a: Garganacl|83\/100\n|\n|t:|1700346350\n|switch|p1a: Klefki|Klefki, F|60\/100|[from] Volt Switch\n|-damage|p1a: Klefki|54\/100|[from] Stealth Rock\n|\n|-heal|p2a: Garganacl|100\/100|[from] move: Wish|[wisher] Vaporeon\n|-sideend|p1: crazy ff|move: Light Screen\n|upkeep\n|turn|7\n|\n|t:|1700346362\n|move|p1a: Klefki|Reflect|p1a: Klefki\n|-sidestart|p1: crazy ff|Reflect\n|move|p2a: Garganacl|Salt Cure|p1a: Klefki\n|-resisted|p1a: Klefki\n|-damage|p1a: Klefki|51\/100\n|-start|p1a: Klefki|Salt Cure\n|\n|-damage|p1a: Klefki|26\/100|[from] Salt Cure\n|upkeep\n|turn|8\n|\n|t:|1700346371\n|move|p1a: Klefki|Light Screen|p1a: Klefki\n|-sidestart|p1: crazy ff|move: Light Screen\n|move|p2a: Garganacl|Iron Defense|p2a: Garganacl\n|-boost|p2a: Garganacl|def|2\n|\n|-damage|p1a: Klefki|1\/100|[from] Salt Cure\n|upkeep\n|turn|9\n|\n|t:|1700346378\n|move|p1a: Klefki|Foul Play|p2a: Garganacl\n|-damage|p2a: Garganacl|94\/100\n|move|p2a: Garganacl|Salt Cure|p1a: Klefki\n|-resisted|p1a: Klefki\n|-damage|p1a: Klefki|0 fnt\n|faint|p1a: Klefki\n|\n|-heal|p2a: Garganacl|99\/100|[from] item: Leftovers\n|upkeep\n|\n|t:|1700346388\n|switch|p1a: Rotom|Rotom-Wash|94\/100\n|-damage|p1a: Rotom|82\/100|[from] Stealth Rock\n|turn|10\n|\n|t:|1700346405\n|move|p1a: Rotom|Hydro Pump|p2a: Garganacl\n|-supereffective|p2a: Garganacl\n|-damage|p2a: Garganacl|50\/100\n|move|p2a: Garganacl|Salt Cure|p1a: Rotom\n|-crit|p1a: Rotom\n|-damage|p1a: Rotom|65\/100\n|-start|p1a: Rotom|Salt Cure\n|\n|-heal|p1a: Rotom|71\/100|[from] item: Leftovers\n|-heal|p2a: Garganacl|56\/100|[from] item: Leftovers\n|-damage|p1a: Rotom|46\/100|[from] Salt Cure\n|upkeep\n|turn|11\n|\n|t:|1700346417\n|move|p1a: Rotom|Hydro Pump|p2a: Garganacl\n|-supereffective|p2a: Garganacl\n|-damage|p2a: Garganacl|3\/100\n|move|p2a: Garganacl|Recover|p2a: Garganacl\n|-heal|p2a: Garganacl|53\/100\n|\n|-heal|p1a: Rotom|52\/100|[from] item: Leftovers\n|-heal|p2a: Garganacl|59\/100|[from] item: Leftovers\n|-damage|p1a: Rotom|27\/100|[from] Salt Cure\n|-sideend|p1: crazy ff|Reflect\n|upkeep\n|turn|12\n|\n|t:|1700346429\n|move|p1a: Rotom|Volt Switch|p2a: Garganacl\n|-damage|p2a: Garganacl|42\/100\n|\n|t:|1700346435\n|switch|p1a: Krookodile|Krookodile, F|66\/100 psn|[from] Volt Switch\n|-damage|p1a: Krookodile|60\/100 psn|[from] Stealth Rock\n|move|p2a: Garganacl|Recover|p2a: Garganacl\n|-heal|p2a: Garganacl|92\/100\n|\n|-heal|p2a: Garganacl|98\/100|[from] item: Leftovers\n|-damage|p1a: Krookodile|48\/100 psn|[from] psn\n|-sideend|p1: crazy ff|move: Light Screen\n|upkeep\n|turn|13\n|\n|t:|1700346449\n|move|p1a: Krookodile|Earthquake|p2a: Garganacl\n|-supereffective|p2a: Garganacl\n|-damage|p2a: Garganacl|67\/100\n|move|p2a: Garganacl|Salt Cure|p1a: Krookodile\n|-resisted|p1a: Krookodile\n|-damage|p1a: Krookodile|39\/100 psn\n|-start|p1a: Krookodile|Salt Cure\n|\n|-heal|p2a: Garganacl|73\/100|[from] item: Leftovers\n|-damage|p1a: Krookodile|26\/100 psn|[from] psn\n|-damage|p1a: Krookodile|14\/100 psn|[from] Salt Cure\n|upkeep\n|turn|14\n|\n|t:|1700346460\n|move|p1a: Krookodile|Earthquake|p2a: Garganacl\n|-supereffective|p2a: Garganacl\n|-damage|p2a: Garganacl|42\/100\n|move|p2a: Garganacl|Iron Defense|p2a: Garganacl\n|-boost|p2a: Garganacl|def|2\n|\n|-heal|p2a: Garganacl|48\/100|[from] item: Leftovers\n|-damage|p1a: Krookodile|1\/100 psn|[from] psn\n|-damage|p1a: Krookodile|0 fnt|[from] Salt Cure\n|faint|p1a: Krookodile\n|upkeep\n|\n|t:|1700346472\n|switch|p1a: Rotom|Rotom-Wash|27\/100\n|-damage|p1a: Rotom|15\/100|[from] Stealth Rock\n|turn|15\n|\n|t:|1700346489\n|-terastallize|p2a: Garganacl|Water\n|move|p1a: Rotom|Hydro Pump|p2a: Garganacl\n|-resisted|p2a: Garganacl\n|-damage|p2a: Garganacl|35\/100\n|move|p2a: Garganacl|Salt Cure|p1a: Rotom\n|-damage|p1a: Rotom|3\/100\n|-start|p1a: Rotom|Salt Cure\n|\n|-heal|p1a: Rotom|9\/100|[from] item: Leftovers\n|-heal|p2a: Garganacl|41\/100|[from] item: Leftovers\n|-damage|p1a: Rotom|0 fnt|[from] Salt Cure\n|faint|p1a: Rotom\n|upkeep\n|\n|t:|1700346502\n|switch|p1a: Pikachu|Pikachu, F|100\/100\n|-damage|p1a: Pikachu|88\/100|[from] Stealth Rock\n|-status|p1a: Pikachu|psn\n|turn|16\n|\n|t:|1700346511\n|move|p1a: Pikachu|Thunderbolt|p2a: Garganacl\n|-supereffective|p2a: Garganacl\n|-damage|p2a: Garganacl|0 fnt\n|faint|p2a: Garganacl\n|\n|-damage|p1a: Pikachu|76\/100 psn|[from] psn\n|upkeep\n|\n|t:|1700346517\n|switch|p2a: Heracross|Heracross, M|100\/100\n|turn|17\n|\n|t:|1700346522\n|move|p1a: Pikachu|Nuzzle|p2a: Heracross\n|-damage|p2a: Heracross|88\/100\n|-status|p2a: Heracross|par\n|move|p2a: Heracross|Trailblaze|p1a: Pikachu\n|-crit|p1a: Pikachu\n|-damage|p1a: Pikachu|0 fnt\n|-boost|p2a: Heracross|spe|1\n|faint|p1a: Pikachu\n|\n|upkeep\n|\n|t:|1700346549\n|switch|p1a: Staraptor|Staraptor, M|100\/100\n|-damage|p1a: Staraptor|76\/100|[from] Stealth Rock\n|turn|18\n|\n|t:|1700346556\n|move|p1a: Staraptor|Brave Bird|p2a: Heracross\n|-supereffective|p2a: Heracross\n|-damage|p2a: Heracross|0 fnt\n|faint|p2a: Heracross\n|-damage|p1a: Staraptor|48\/100|[from] Recoil\n|\n|upkeep\n|\n|t:|1700346561\n|switch|p2a: Iron Moth|Iron Moth|100\/100\n|-enditem|p2a: Iron Moth|Booster Energy\n|-activate|p2a: Iron Moth|ability: Quark Drive|[fromitem]\n|-start|p2a: Iron Moth|quarkdrivespe\n|turn|19\n|\n|t:|1700346567\n|move|p2a: Iron Moth|Fiery Dance|p1a: Staraptor\n|-damage|p1a: Staraptor|0 fnt\n|-boost|p2a: Iron Moth|spa|1\n|faint|p1a: Staraptor\n|\n|upkeep\n|\n|t:|1700346573\n|switch|p1a: Clefable|Clefable, F|100\/100\n|-status|p1a: Clefable|psn\n|turn|20\n|\n|t:|1700346578\n|move|p2a: Iron Moth|Sludge Wave|p1a: Clefable\n|-supereffective|p1a: Clefable\n|-damage|p1a: Clefable|3\/100 psn\n|move|p1a: Clefable|Cosmic Power|p1a: Clefable\n|-boost|p1a: Clefable|def|1\n|-boost|p1a: Clefable|spd|1\n|\n|-heal|p1a: Clefable|9\/100 psn|[from] item: Leftovers\n|upkeep\n|turn|21\n|\n|t:|1700346588\n|move|p2a: Iron Moth|Sludge Wave|p1a: Clefable\n|-supereffective|p1a: Clefable\n|-damage|p1a: Clefable|0 fnt\n|faint|p1a: Clefable\n|\n|win|Kaiserdestroyer\n|c|\u2606crazy ff|Gg\n","uploadtime":1700346592,"views":29,"p1id":"crazyff","p2id":"kaiserdestroyer","formatid":"gen9ou","rating":0,"private":0,"password":""}