{"id":"gen9ou-1994872559","p1":"GrunkleConn","p2":"blipsalt","format":"[Gen 9] OU","log":"|j|\u2606GrunkleConn\n|j|\u2606blipsalt\n|t:|1700500518\n|gametype|singles\n|player|p1|GrunkleConn|steven|1251\n|player|p2|blipsalt|colress|1176\n|teamsize|p1|6\n|teamsize|p2|6\n|gen|9\n|tier|[Gen 9] OU\n|rated|\n|rule|Sleep Clause Mod: Limit one foe put to sleep\n|rule|Species Clause: Limit one of each Pok\u00e9mon\n|rule|OHKO Clause: OHKO moves are banned\n|rule|Evasion Items Clause: Evasion items are banned\n|rule|Evasion Moves Clause: Evasion moves are banned\n|rule|Endless Battle Clause: Forcing endless battles is banned\n|rule|HP Percentage Mod: HP is shown in percentages\n|clearpoke\n|poke|p1|Iron Treads|\n|poke|p1|Ogerpon-Wellspring, F|\n|poke|p1|Zamazenta-*|\n|poke|p1|Dragapult, F|\n|poke|p1|Heatran, F|\n|poke|p1|Enamorus, F|\n|poke|p2|Alomomola, M|\n|poke|p2|Ting-Lu|\n|poke|p2|Forretress, M|\n|poke|p2|Cresselia, F|\n|poke|p2|Blissey, F|\n|poke|p2|Jirachi|\n|teampreview\n|\n|t:|1700500527\n|start\n|switch|p1a: Dragapult|Dragapult, F|100\/100\n|switch|p2a: Alomomola|Alomomola, M|100\/100\n|turn|1\n|inactive|Battle timer is ON: inactive players will automatically lose when time's up. (requested by blipsalt)\n|\n|t:|1700500530\n|move|p1a: Dragapult|Thunderbolt|p2a: Alomomola\n|-supereffective|p2a: Alomomola\n|-damage|p2a: Alomomola|44\/100\n|move|p2a: Alomomola|Flip Turn|p1a: Dragapult\n|-resisted|p1a: Dragapult\n|-damage|p1a: Dragapult|91\/100\n|\n|t:|1700500537\n|switch|p2a: Jirachi|Jirachi|100\/100|[from] Flip Turn\n|\n|upkeep\n|turn|2\n|\n|t:|1700500563\n|move|p1a: Dragapult|Shadow Ball|p2a: Jirachi\n|-supereffective|p2a: Jirachi\n|-damage|p2a: Jirachi|44\/100\n|move|p2a: Jirachi|Thunder Wave|p1a: Dragapult\n|-status|p1a: Dragapult|par\n|\n|-heal|p2a: Jirachi|50\/100|[from] item: Leftovers\n|upkeep\n|turn|3\n|\n|t:|1700500575\n|switch|p2a: Blissey|Blissey, F|100\/100\n|switch|p1a: Iron Treads|Iron Treads|100\/100\n|\n|upkeep\n|turn|4\n|\n|t:|1700500580\n|switch|p2a: Cresselia|Cresselia, F|100\/100\n|move|p1a: Iron Treads|Rapid Spin|p2a: Cresselia\n|-damage|p2a: Cresselia|92\/100\n|-boost|p1a: Iron Treads|spe|1\n|\n|-heal|p2a: Cresselia|98\/100|[from] item: Leftovers\n|upkeep\n|turn|5\n|\n|t:|1700500588\n|-end|p1a: Iron Treads|Quark Drive|[silent]\n|switch|p1a: Heatran|Heatran, F|100\/100\n|-item|p1a: Heatran|Air Balloon\n|move|p2a: Cresselia|Psychic|p1a: Heatran\n|-resisted|p1a: Heatran\n|-damage|p1a: Heatran|90\/100\n|-enditem|p1a: Heatran|Air Balloon\n|\n|-heal|p2a: Cresselia|100\/100|[from] item: Leftovers\n|upkeep\n|turn|6\n|\n|t:|1700500596\n|switch|p2a: Alomomola|Alomomola, M|77\/100\n|move|p1a: Heatran|Magma Storm|p2a: Alomomola\n|-resisted|p2a: Alomomola\n|-damage|p2a: Alomomola|45\/100\n|-activate|p2a: Alomomola|move: Magma Storm|[of] p1a: Heatran\n|\n|-damage|p2a: Alomomola|33\/100|[from] move: Magma Storm|[partiallytrapped]\n|upkeep\n|turn|7\n|\n|t:|1700500604\n|move|p1a: Heatran|Earth Power|p2a: Alomomola\n|-damage|p2a: Alomomola|0 fnt\n|faint|p2a: Alomomola\n|\n|upkeep\n|-message|blipsalt forfeited.\n|\n|win|GrunkleConn\n|raw|GrunkleConn's rating: 1251 &rarr; <strong>1271<\/strong><br \/>(+20 for winning)\n|raw|blipsalt's rating: 1176 &rarr; <strong>1156<\/strong><br \/>(-20 for losing)\n|l|\u2606blipsalt\n|l|\u2606GrunkleConn\n|j|\u2606GrunkleConn\n|player|p1|GrunkleConn|steven\n","uploadtime":1700500706,"views":5,"p1id":"grunkleconn","p2id":"blipsalt","formatid":"gen9ou","rating":1156,"private":0,"password":""}