{"id":"gen9ou-1992035890","p1":"TheGlizzardOfOz","p2":"FIREER","format":"[Gen 9] OU","log":"|j|\u2606TheGlizzardOfOz\n|j|\u2606FIREER\n|t:|1700149668\n|gametype|singles\n|player|p1|TheGlizzardOfOz|steven|1243\n|player|p2|FIREER|roughneck-gen4|1231\n|teamsize|p1|6\n|teamsize|p2|6\n|gen|9\n|tier|[Gen 9] OU\n|rated|\n|rule|Sleep Clause Mod: Limit one foe put to sleep\n|rule|Species Clause: Limit one of each Pok\u00e9mon\n|rule|OHKO Clause: OHKO moves are banned\n|rule|Evasion Items Clause: Evasion items are banned\n|rule|Evasion Moves Clause: Evasion moves are banned\n|rule|Endless Battle Clause: Forcing endless battles is banned\n|rule|HP Percentage Mod: HP is shown in percentages\n|clearpoke\n|poke|p1|Rillaboom, F|\n|poke|p1|Sneasler, F|\n|poke|p1|Glimmora, F|\n|poke|p1|Gholdengo|\n|poke|p1|Kingambit, F|\n|poke|p1|Ogerpon-Wellspring, F|\n|poke|p2|Vaporeon, F|\n|poke|p2|Iron Moth|\n|poke|p2|Amoonguss, F|\n|poke|p2|Kommo-o, M|\n|poke|p2|Kingambit, M|\n|poke|p2|Thundurus-Therian, M|\n|teampreview\n|inactive|Battle timer is ON: inactive players will automatically lose when time's up. (requested by TheGlizzardOfOz)\n|\n|t:|1700149675\n|start\n|switch|p1a: Rillaboom|Rillaboom, F|100\/100\n|switch|p2a: Symbolism|Iron Moth|100\/100\n|-fieldstart|move: Grassy Terrain|[from] ability: Grassy Surge|[of] p1a: Rillaboom\n|-enditem|p2a: Symbolism|Booster Energy\n|-activate|p2a: Symbolism|ability: Quark Drive|[fromitem]\n|-start|p2a: Symbolism|quarkdrivespe\n|turn|1\n|\n|t:|1700149680\n|move|p2a: Symbolism|Substitute|p2a: Symbolism\n|-start|p2a: Symbolism|Substitute\n|-damage|p2a: Symbolism|76\/100\n|move|p1a: Rillaboom|U-turn|p2a: Symbolism\n|-resisted|p2a: Symbolism\n|-activate|p2a: Symbolism|move: Substitute|[damage]\n|\n|t:|1700149689\n|switch|p1a: Sneasler|Sneasler, F|100\/100|[from] U-turn\n|-enditem|p1a: Sneasler|Grassy Seed\n|-boost|p1a: Sneasler|def|1|[from] item: Grassy Seed\n|\n|-heal|p2a: Symbolism|82\/100|[from] Grassy Terrain\n|upkeep\n|turn|2\n|\n|t:|1700149693\n|move|p1a: Sneasler|Acrobatics|p2a: Symbolism\n|-end|p2a: Symbolism|Substitute\n|move|p2a: Symbolism|Sludge Wave|p1a: Sneasler\n|-resisted|p1a: Sneasler\n|-damage|p1a: Sneasler|70\/100\n|\n|-heal|p1a: Sneasler|76\/100|[from] Grassy Terrain\n|-heal|p2a: Symbolism|88\/100|[from] Grassy Terrain\n|upkeep\n|turn|3\n|\n|t:|1700149706\n|-end|p2a: Symbolism|Quark Drive|[silent]\n|switch|p2a: Ares|Vaporeon, F, shiny|100\/100\n|move|p1a: Sneasler|Acrobatics|p2a: Ares\n|-damage|p2a: Ares|68\/100\n|-damage|p1a: Sneasler|59\/100|[from] item: Rocky Helmet|[of] p2a: Ares\n|\n|-heal|p1a: Sneasler|65\/100|[from] Grassy Terrain\n|-heal|p2a: Ares|74\/100|[from] Grassy Terrain\n|upkeep\n|turn|4\n|\n|t:|1700149713\n|move|p1a: Sneasler|Swords Dance|p1a: Sneasler\n|-boost|p1a: Sneasler|atk|2\n|move|p2a: Ares|Wish|p2a: Ares\n|\n|-heal|p1a: Sneasler|71\/100|[from] Grassy Terrain\n|-heal|p2a: Ares|80\/100|[from] Grassy Terrain\n|upkeep\n|turn|5\n|\n|t:|1700149720\n|move|p1a: Sneasler|Close Combat|p2a: Ares\n|-damage|p2a: Ares|0 fnt\n|-unboost|p1a: Sneasler|def|1\n|-unboost|p1a: Sneasler|spd|1\n|-damage|p1a: Sneasler|54\/100|[from] item: Rocky Helmet|[of] p2a: Ares\n|faint|p2a: Ares\n|\n|-heal|p1a: Sneasler|60\/100|[from] Grassy Terrain\n|-fieldend|move: Grassy Terrain\n|upkeep\n|\n|t:|1700149747\n|switch|p2a: Overgod|Kingambit, M, shiny|100\/100\n|-activate|p2a: Overgod|ability: Supreme Overlord\n|-start|p2a: Overgod|fallen1|[silent]\n|turn|6\n|\n|t:|1700149756\n|-terastallize|p2a: Overgod|Fighting\n|move|p1a: Sneasler|Close Combat|p2a: Overgod\n|-damage|p2a: Overgod|0 fnt\n|-unboost|p1a: Sneasler|def|1\n|-unboost|p1a: Sneasler|spd|1\n|faint|p2a: Overgod\n|-end|p2a: Overgod|fallen1|[silent]\n|\n|upkeep\n|\n|t:|1700149764\n|switch|p2a: Symbolism|Iron Moth|88\/100\n|turn|7\n|\n|t:|1700149767\n|-terastallize|p1a: Sneasler|Flying\n|move|p1a: Sneasler|Acrobatics|p2a: Symbolism\n|-damage|p2a: Symbolism|0 fnt\n|faint|p2a: Symbolism\n|-end|p2a: Symbolism|Quark Drive|[silent]\n|\n|upkeep\n|\n|t:|1700149773\n|switch|p2a: Zeus|Thundurus-Therian, M|100\/100\n|turn|8\n|\n|t:|1700149775\n|move|p1a: Sneasler|Dire Claw|p2a: Zeus\n|-damage|p2a: Zeus|0 fnt\n|faint|p2a: Zeus\n|\n|upkeep\n|c|\u2606FIREER|\ud83d\udc80\ud83d\udc80\ud83d\udc80\ud83d\udc80\n|\n|t:|1700149788\n|switch|p2a: Godzilla|Kommo-o, M, shiny|100\/100\n|turn|9\n|l|\u2606TheGlizzardOfOz\n|inactive|TheGlizzardOfOz disconnected and has a minute to reconnect!\n|player|p1|\n|j|\u2606TheGlizzardOfOz\n|inactive|TheGlizzardOfOz reconnected and has 120 seconds left.\n|player|p1|TheGlizzardOfOz|steven\n|\n|t:|1700149823\n|move|p1a: Sneasler|Acrobatics|p2a: Godzilla\n|-supereffective|p2a: Godzilla\n|-damage|p2a: Godzilla|0 fnt\n|faint|p2a: Godzilla\n|\n|upkeep\n|\n|t:|1700149827\n|switch|p2a: Gusgus|Amoonguss, F, shiny|100\/100\n|turn|10\n|\n|t:|1700149830\n|move|p1a: Sneasler|Acrobatics|p2a: Gusgus\n|-supereffective|p2a: Gusgus\n|-damage|p2a: Gusgus|0 fnt\n|faint|p2a: Gusgus\n|\n|win|TheGlizzardOfOz\n|raw|TheGlizzardOfOz's rating: 1243 &rarr; <strong>1267<\/strong><br \/>(+24 for winning)\n|raw|FIREER's rating: 1231 &rarr; <strong>1207<\/strong><br \/>(-24 for losing)\n","uploadtime":1700149841,"views":12,"p1id":"theglizzardofoz","p2id":"fireer","formatid":"gen9ou","rating":1207,"private":0,"password":""}