{"id":"gen9ou-1999991035","p1":"LaxativeCement","p2":"RggV","format":"[Gen 9] OU","log":"|j|\u2606LaxativeCement\n|j|\u2606RggV\n|t:|1701138468\n|gametype|singles\n|player|p1|LaxativeCement|lucas|1740\n|player|p2|RggV|#wcop2023latinamerica|1662\n|teamsize|p1|6\n|teamsize|p2|6\n|gen|9\n|tier|[Gen 9] OU\n|rated|\n|rule|Sleep Clause Mod: Limit one foe put to sleep\n|rule|Species Clause: Limit one of each Pok\u00e9mon\n|rule|OHKO Clause: OHKO moves are banned\n|rule|Evasion Items Clause: Evasion items are banned\n|rule|Evasion Moves Clause: Evasion moves are banned\n|rule|Endless Battle Clause: Forcing endless battles is banned\n|rule|HP Percentage Mod: HP is shown in percentages\n|clearpoke\n|poke|p1|Pelipper, F|\n|poke|p1|Greninja-*, M|\n|poke|p1|Barraskewda, M|\n|poke|p1|Scizor, M|\n|poke|p1|Manaphy|\n|poke|p1|Zapdos|\n|poke|p2|Infernape, F|\n|poke|p2|Ribombee, M|\n|poke|p2|Gholdengo|\n|poke|p2|Manaphy|\n|poke|p2|Landorus-Therian, M|\n|poke|p2|Kommo-o, F|\n|teampreview\n|inactive|Battle timer is ON: inactive players will automatically lose when time's up. (requested by RggV)\n|inactive|LaxativeCement also wants the timer to be on.\n|\n|t:|1701138477\n|start\n|switch|p1a: Edward Scizorhands|Scizor, M|100\/100\n|switch|p2a: Ribombee|Ribombee, M|100\/100\n|turn|1\n|\n|t:|1701138481\n|move|p1a: Edward Scizorhands|Bullet Punch|p2a: Ribombee\n|-supereffective|p2a: Ribombee\n|-enditem|p2a: Ribombee|Focus Sash\n|-damage|p2a: Ribombee|1\/100\n|move|p2a: Ribombee|Sticky Web|p1a: Edward Scizorhands\n|-sidestart|p1: LaxativeCement|move: Sticky Web\n|\n|upkeep\n|turn|2\n|\n|t:|1701138486\n|switch|p2a: McFries|Gholdengo|100\/100\n|-item|p2a: McFries|Air Balloon\n|move|p1a: Edward Scizorhands|Bullet Punch|p2a: McFries\n|-resisted|p2a: McFries\n|-damage|p2a: McFries|73\/100\n|-enditem|p2a: McFries|Air Balloon\n|\n|upkeep\n|turn|3\n|\n|t:|1701138491\n|switch|p1a: Brazy Frog|Greninja, M|100\/100\n|-activate|p1a: Brazy Frog|move: Sticky Web\n|-unboost|p1a: Brazy Frog|spe|1\n|move|p2a: McFries|Nasty Plot|p2a: McFries\n|-boost|p2a: McFries|spa|2\n|\n|upkeep\n|turn|4\n|\n|t:|1701138495\n|switch|p2a: Manaphy|Manaphy|100\/100\n|move|p1a: Brazy Frog|Dark Pulse|p2a: Manaphy\n|-damage|p2a: Manaphy|56\/100\n|-damage|p1a: Brazy Frog|91\/100|[from] item: Life Orb\n|\n|-heal|p2a: Manaphy|62\/100|[from] item: Leftovers\n|upkeep\n|turn|5\n|\n|t:|1701138500\n|move|p2a: Manaphy|Tail Glow|p2a: Manaphy\n|-boost|p2a: Manaphy|spa|3\n|move|p1a: Brazy Frog|Dark Pulse|p2a: Manaphy\n|-damage|p2a: Manaphy|19\/100\n|-damage|p1a: Brazy Frog|81\/100|[from] item: Life Orb\n|\n|-heal|p2a: Manaphy|25\/100|[from] item: Leftovers\n|upkeep\n|turn|6\n|\n|t:|1701138516\n|move|p2a: Manaphy|Surf|p1a: Brazy Frog\n|-resisted|p1a: Brazy Frog\n|-damage|p1a: Brazy Frog|10\/100\n|move|p1a: Brazy Frog|Dark Pulse|p2a: Manaphy\n|-damage|p2a: Manaphy|0 fnt\n|faint|p2a: Manaphy\n|-ability|p1a: Brazy Frog|Battle Bond|boost\n|-boost|p1a: Brazy Frog|atk|1\n|-boost|p1a: Brazy Frog|spa|1\n|-boost|p1a: Brazy Frog|spe|1\n|-activate|p1a: Brazy Frog|ability: Battle Bond\n|-damage|p1a: Brazy Frog|0 fnt|[from] item: Life Orb\n|faint|p1a: Brazy Frog\n|\n|upkeep\n|j| xxCOALLAxx\n|\n|t:|1701138528\n|switch|p1a: Faucet Failure|Pelipper, F|100\/100\n|switch|p2a: McFries|Gholdengo|73\/100\n|-weather|RainDance|[from] ability: Drizzle|[of] p1a: Faucet Failure\n|turn|7\n|\n|t:|1701138533\n|move|p2a: McFries|Shadow Ball|p1a: Faucet Failure\n|-damage|p1a: Faucet Failure|43\/100\n|move|p1a: Faucet Failure|U-turn|p2a: McFries\n|-resisted|p2a: McFries\n|-damage|p2a: McFries|71\/100\n|\n|t:|1701138536\n|switch|p1a: Tech N9ne|Barraskewda, M|100\/100|[from] U-turn\n|-activate|p1a: Tech N9ne|move: Sticky Web\n|-unboost|p1a: Tech N9ne|spe|1\n|\n|-weather|RainDance|[upkeep]\n|upkeep\n|turn|8\n|\n|t:|1701138539\n|switch|p2a: Ribombee|Ribombee, M|1\/100\n|move|p1a: Tech N9ne|Liquidation|p2a: Ribombee\n|-damage|p2a: Ribombee|0 fnt\n|faint|p2a: Ribombee\n|\n|-weather|RainDance|[upkeep]\n|upkeep\n|\n|t:|1701138544\n|switch|p2a: Kommo-o|Kommo-o, F|100\/100\n|turn|9\n|\n|t:|1701138549\n|move|p1a: Tech N9ne|Liquidation|p2a: Kommo-o\n|-resisted|p2a: Kommo-o\n|-damage|p2a: Kommo-o|50\/100\n|move|p2a: Kommo-o|Clangorous Soul|p2a: Kommo-o\n|-boost|p2a: Kommo-o|atk|1\n|-boost|p2a: Kommo-o|def|1\n|-boost|p2a: Kommo-o|spa|1\n|-boost|p2a: Kommo-o|spd|1\n|-boost|p2a: Kommo-o|spe|1\n|-damage|p2a: Kommo-o|17\/100\n|-enditem|p2a: Kommo-o|Throat Spray\n|-boost|p2a: Kommo-o|spa|1|[from] item: Throat Spray\n|\n|-weather|RainDance|[upkeep]\n|upkeep\n|turn|10\n|\n|t:|1701138561\n|move|p1a: Tech N9ne|Liquidation|p2a: Kommo-o\n|-resisted|p2a: Kommo-o\n|-damage|p2a: Kommo-o|0 fnt\n|faint|p2a: Kommo-o\n|\n|-weather|RainDance|[upkeep]\n|upkeep\n|c|\u2606LaxativeCement|me click button\n|inactive|RggV has 120 seconds left.\n|\n|t:|1701138607\n|switch|p2a: Son Goku|Infernape, F|100\/100\n|turn|11\n|\n|t:|1701138609\n|-terastallize|p2a: Son Goku|Grass\n|move|p1a: Tech N9ne|Liquidation|p2a: Son Goku\n|-resisted|p2a: Son Goku\n|-damage|p2a: Son Goku|25\/100\n|-unboost|p2a: Son Goku|def|1\n|move|p2a: Son Goku|Grass Knot|p1a: Tech N9ne\n|-supereffective|p1a: Tech N9ne\n|-crit|p1a: Tech N9ne\n|-damage|p1a: Tech N9ne|0 fnt\n|faint|p1a: Tech N9ne\n|-damage|p2a: Son Goku|16\/100|[from] item: Life Orb\n|\n|-weather|RainDance|[upkeep]\n|upkeep\n|\n|t:|1701138629\n|switch|p1a: Edward Scizorhands|Scizor, M|100\/100\n|-activate|p1a: Edward Scizorhands|move: Sticky Web\n|-unboost|p1a: Edward Scizorhands|spe|1\n|turn|12\n|\n|t:|1701138634\n|move|p1a: Edward Scizorhands|Bullet Punch|p2a: Son Goku\n|-damage|p2a: Son Goku|0 fnt\n|faint|p2a: Son Goku\n|\n|-weather|RainDance|[upkeep]\n|upkeep\n|\n|t:|1701138636\n|switch|p2a: Landorus|Landorus-Therian, M|100\/100\n|-ability|p2a: Landorus|Intimidate|boost\n|-unboost|p1a: Edward Scizorhands|atk|1\n|turn|13\n|\n|t:|1701138640\n|switch|p1a: Big Bird|Zapdos|100\/100\n|move|p2a: Landorus|Bulk Up|p2a: Landorus\n|-boost|p2a: Landorus|atk|1\n|-boost|p2a: Landorus|def|1\n|\n|-weather|RainDance|[upkeep]\n|upkeep\n|turn|14\n|\n|t:|1701138644\n|move|p1a: Big Bird|Hurricane|p2a: Landorus\n|-damage|p2a: Landorus|27\/100\n|move|p2a: Landorus|Smack Down|p1a: Big Bird\n|-supereffective|p1a: Big Bird\n|-damage|p1a: Big Bird|36\/100\n|-start|p1a: Big Bird|Smack Down\n|\n|-weather|none\n|-heal|p2a: Landorus|33\/100|[from] item: Leftovers\n|upkeep\n|turn|15\n|\n|t:|1701138649\n|switch|p1a: Faucet Failure|Pelipper, F|43\/100\n|-weather|RainDance|[from] ability: Drizzle|[of] p1a: Faucet Failure\n|move|p2a: Landorus|Smack Down|p1a: Faucet Failure\n|-supereffective|p1a: Faucet Failure\n|-damage|p1a: Faucet Failure|1\/100\n|-start|p1a: Faucet Failure|Smack Down\n|\n|-weather|RainDance|[upkeep]\n|-heal|p2a: Landorus|39\/100|[from] item: Leftovers\n|upkeep\n|turn|16\n|\n|t:|1701138657\n|move|p2a: Landorus|Smack Down|p1a: Faucet Failure\n|-supereffective|p1a: Faucet Failure\n|-damage|p1a: Faucet Failure|0 fnt\n|faint|p1a: Faucet Failure\n|\n|-weather|RainDance|[upkeep]\n|-heal|p2a: Landorus|45\/100|[from] item: Leftovers\n|upkeep\n|\n|t:|1701138660\n|switch|p1a: Big Bird|Zapdos|36\/100\n|turn|17\n|\n|t:|1701138666\n|switch|p2a: McFries|Gholdengo|71\/100\n|move|p1a: Big Bird|Hurricane|p2a: McFries\n|-resisted|p2a: McFries\n|-damage|p2a: McFries|40\/100\n|\n|-weather|RainDance|[upkeep]\n|upkeep\n|turn|18\n|\n|t:|1701138669\n|switch|p2a: Landorus|Landorus-Therian, M|45\/100\n|-ability|p2a: Landorus|Intimidate|boost\n|-unboost|p1a: Big Bird|atk|1\n|move|p1a: Big Bird|Thunder|p2a: Landorus\n|-immune|p2a: Landorus\n|\n|-weather|RainDance|[upkeep]\n|-heal|p2a: Landorus|51\/100|[from] item: Leftovers\n|upkeep\n|turn|19\n|\n|t:|1701138674\n|switch|p2a: McFries|Gholdengo|40\/100\n|move|p1a: Big Bird|Hurricane|p2a: McFries\n|-resisted|p2a: McFries\n|-damage|p2a: McFries|8\/100\n|-start|p2a: McFries|confusion\n|\n|-weather|RainDance|[upkeep]\n|upkeep\n|turn|20\n|\n|t:|1701138678\n|move|p1a: Big Bird|Hurricane|p2a: McFries\n|-resisted|p2a: McFries\n|-damage|p2a: McFries|0 fnt\n|faint|p2a: McFries\n|\n|-weather|RainDance|[upkeep]\n|upkeep\n|\n|t:|1701138679\n|switch|p2a: Landorus|Landorus-Therian, M|51\/100\n|-ability|p2a: Landorus|Intimidate|boost\n|-unboost|p1a: Big Bird|atk|1\n|turn|21\n|\n|t:|1701138681\n|move|p1a: Big Bird|Hurricane|p2a: Landorus\n|-damage|p2a: Landorus|0 fnt\n|faint|p2a: Landorus\n|\n|win|LaxativeCement\n|raw|LaxativeCement's rating: 1740 &rarr; <strong>1756<\/strong><br \/>(+16 for winning)\n|raw|RggV's rating: 1662 &rarr; <strong>1646<\/strong><br \/>(-16 for losing)\n|c|\u2606LaxativeCement|gg\n|c|\u2606RggV|gg\n|l|\u2606RggV\n|l| xxCOALLAxx\n","uploadtime":1701138691,"views":13,"p1id":"laxativecement","p2id":"rggv","formatid":"gen9ou","rating":1646,"private":0,"password":""}