{"id":"gen9ou-1998031473","p1":"TheLittleHobo1","p2":"weedysaur","format":"[Gen 9] OU","log":"|j|\u2606TheLittleHobo1\n|j|\u2606weedysaur\n|t:|1700881294\n|gametype|singles\n|player|p1|TheLittleHobo1|102|\n|player|p2|weedysaur|worker|\n|teamsize|p1|6\n|teamsize|p2|6\n|gen|9\n|tier|[Gen 9] OU\n|rule|Sleep Clause Mod: Limit one foe put to sleep\n|rule|Species Clause: Limit one of each Pok\u00e9mon\n|rule|OHKO Clause: OHKO moves are banned\n|rule|Evasion Items Clause: Evasion items are banned\n|rule|Evasion Moves Clause: Evasion moves are banned\n|rule|Endless Battle Clause: Forcing endless battles is banned\n|rule|HP Percentage Mod: HP is shown in percentages\n|clearpoke\n|poke|p1|Samurott-Hisui, F|\n|poke|p1|Fezandipiti, M|\n|poke|p1|Iron Moth|\n|poke|p1|Gligar, M|\n|poke|p1|Ogerpon, F|\n|poke|p1|Clodsire, F|\n|poke|p2|Scizor, M|\n|poke|p2|Ninetales-Alola, F|\n|poke|p2|Dragapult, F|\n|poke|p2|Glimmora, F|\n|poke|p2|Ceruledge, M|\n|poke|p2|Samurott-Hisui, F|\n|teampreview\n|\n|t:|1700881311\n|start\n|switch|p1a: Gligar|Gligar, M|100\/100\n|switch|p2a: Glimmora|Glimmora, F|100\/100\n|turn|1\n|\n|t:|1700881318\n|move|p2a: Glimmora|Stealth Rock|p1a: Gligar\n|-sidestart|p1: TheLittleHobo1|move: Stealth Rock\n|move|p1a: Gligar|Taunt|p2a: Glimmora\n|-start|p2a: Glimmora|move: Taunt\n|\n|upkeep\n|turn|2\n|\n|t:|1700881324\n|move|p2a: Glimmora|Mortal Spin|p1a: Gligar\n|-resisted|p1a: Gligar\n|-damage|p1a: Gligar|99\/100\n|move|p1a: Gligar|Toxic Spikes|p2a: Glimmora\n|-sidestart|p2: weedysaur|move: Toxic Spikes\n|\n|upkeep\n|turn|3\n|\n|t:|1700881330\n|move|p2a: Glimmora|Mortal Spin|p1a: Gligar\n|-resisted|p1a: Gligar\n|-damage|p1a: Gligar|97\/100\n|-sideend|p2: weedysaur|Toxic Spikes|[from] move: Mortal Spin|[of] p2a: Glimmora\n|move|p1a: Gligar|Toxic Spikes|p2a: Glimmora\n|-sidestart|p2: weedysaur|move: Toxic Spikes\n|\n|upkeep\n|turn|4\n|\n|t:|1700881346\n|move|p2a: Glimmora|Mortal Spin|p1a: Gligar\n|-resisted|p1a: Gligar\n|-damage|p1a: Gligar|95\/100\n|-sideend|p2: weedysaur|Toxic Spikes|[from] move: Mortal Spin|[of] p2a: Glimmora\n|move|p1a: Gligar|U-turn|p2a: Glimmora\n|-resisted|p2a: Glimmora\n|-damage|p2a: Glimmora|96\/100\n|-activate|p2a: Glimmora|ability: Toxic Debris\n|-sidestart|p1: TheLittleHobo1|move: Toxic Spikes\n|\n|t:|1700881367\n|switch|p1a: Ogerpon|Ogerpon, F|100\/100|[from] U-turn\n|-damage|p1a: Ogerpon|88\/100|[from] Stealth Rock\n|-status|p1a: Ogerpon|psn\n|\n|-heal|p2a: Glimmora|100\/100|[from] item: Leftovers\n|-damage|p1a: Ogerpon|76\/100 psn|[from] psn\n|-end|p2a: Glimmora|move: Taunt\n|upkeep\n|turn|5\n|\n|t:|1700881378\n|move|p1a: Ogerpon|Focus Energy|p1a: Ogerpon\n|-start|p1a: Ogerpon|move: Focus Energy\n|move|p2a: Glimmora|Spikes|p1a: Ogerpon\n|-sidestart|p1: TheLittleHobo1|Spikes\n|\n|-damage|p1a: Ogerpon|64\/100 psn|[from] psn\n|upkeep\n|turn|6\n|\n|t:|1700881387\n|move|p1a: Ogerpon|Ivy Cudgel|p2a: Glimmora\n|-crit|p2a: Glimmora\n|-damage|p2a: Glimmora|46\/100\n|-activate|p2a: Glimmora|ability: Toxic Debris\n|-sidestart|p1: TheLittleHobo1|move: Toxic Spikes\n|move|p2a: Glimmora|Spikes|p1a: Ogerpon\n|-sidestart|p1: TheLittleHobo1|Spikes\n|\n|-heal|p2a: Glimmora|52\/100|[from] item: Leftovers\n|-damage|p1a: Ogerpon|51\/100 psn|[from] psn\n|upkeep\n|turn|7\n|\n|t:|1700881400\n|move|p1a: Ogerpon|Ivy Cudgel|p2a: Glimmora\n|-crit|p2a: Glimmora\n|-damage|p2a: Glimmora|0 fnt\n|faint|p2a: Glimmora\n|\n|-damage|p1a: Ogerpon|39\/100 psn|[from] psn\n|upkeep\n|\n|t:|1700881410\n|switch|p2a: Scizor|Scizor, M|100\/100\n|turn|8\n|\n|t:|1700881417\n|move|p1a: Ogerpon|Spiky Shield|p1a: Ogerpon\n|-singleturn|p1a: Ogerpon|move: Protect\n|move|p2a: Scizor|U-turn|p1a: Ogerpon\n|-activate|p1a: Ogerpon|move: Protect\n|-damage|p2a: Scizor|88\/100|[from] Spiky Shield|[of] p1a: Ogerpon\n|\n|-damage|p1a: Ogerpon|27\/100 psn|[from] psn\n|upkeep\n|turn|9\n|\n|t:|1700881433\n|move|p1a: Ogerpon|Knock Off|p2a: Scizor\n|-crit|p2a: Scizor\n|-damage|p2a: Scizor|39\/100\n|-enditem|p2a: Scizor|Focus Sash|[from] move: Knock Off|[of] p1a: Ogerpon\n|move|p2a: Scizor|U-turn|p1a: Ogerpon\n|-supereffective|p1a: Ogerpon\n|-damage|p1a: Ogerpon|0 fnt\n|faint|p1a: Ogerpon\n|\n|t:|1700881442\n|switch|p2a: Ninetales|Ninetales-Alola, F|100\/100|[from] U-turn\n|-weather|Snow|[from] ability: Snow Warning|[of] p2a: Ninetales\n|\n|-weather|Snow|[upkeep]\n|upkeep\n|\n|t:|1700881451\n|switch|p1a: Gligar|Gligar, M|95\/100\n|-damage|p1a: Gligar|83\/100|[from] Stealth Rock\n|turn|10\n|\n|t:|1700881460\n|move|p2a: Ninetales|Aurora Veil|p2a: Ninetales\n|-sidestart|p2: weedysaur|move: Aurora Veil\n|move|p1a: Gligar|Toxic Spikes|p2a: Ninetales\n|-sidestart|p2: weedysaur|move: Toxic Spikes\n|\n|-weather|Snow|[upkeep]\n|upkeep\n|turn|11\n|\n|t:|1700881468\n|move|p2a: Ninetales|Ice Beam|p1a: Gligar\n|-supereffective|p1a: Gligar\n|-damage|p1a: Gligar|0 fnt\n|faint|p1a: Gligar\n|\n|-weather|Snow|[upkeep]\n|upkeep\n|\n|t:|1700881474\n|switch|p1a: earthquakee??|Clodsire, F|100\/100\n|-damage|p1a: earthquakee??|94\/100|[from] Stealth Rock\n|-sideend|p1: TheLittleHobo1|move: Toxic Spikes|[of] p1a: earthquakee??\n|-damage|p1a: earthquakee??|78\/100|[from] Spikes\n|turn|12\n|\n|t:|1700881482\n|move|p2a: Ninetales|Chilling Water|p1a: earthquakee??\n|-supereffective|p1a: earthquakee??\n|-damage|p1a: earthquakee??|54\/100\n|-unboost|p1a: earthquakee??|atk|1\n|move|p1a: earthquakee??|Earthquake|p2a: Ninetales\n|-damage|p2a: Ninetales|80\/100\n|\n|-weather|Snow|[upkeep]\n|upkeep\n|turn|13\n|\n|t:|1700881493\n|move|p2a: Ninetales|Chilling Water|p1a: earthquakee??\n|-supereffective|p1a: earthquakee??\n|-damage|p1a: earthquakee??|34\/100\n|-unboost|p1a: earthquakee??|atk|1\n|move|p1a: earthquakee??|Earthquake|p2a: Ninetales\n|-damage|p2a: Ninetales|66\/100\n|\n|-weather|none\n|upkeep\n|turn|14\n|\n|t:|1700881503\n|move|p2a: Ninetales|Chilling Water|p1a: earthquakee??\n|-supereffective|p1a: earthquakee??\n|-damage|p1a: earthquakee??|10\/100\n|-unboost|p1a: earthquakee??|atk|1\n|move|p1a: earthquakee??|Earthquake|p2a: Ninetales\n|-damage|p2a: Ninetales|47\/100\n|\n|-sideend|p2: weedysaur|move: Aurora Veil\n|upkeep\n|turn|15\n|\n|t:|1700881510\n|move|p2a: Ninetales|Chilling Water|p1a: earthquakee??\n|-supereffective|p1a: earthquakee??\n|-damage|p1a: earthquakee??|0 fnt\n|faint|p1a: earthquakee??\n|\n|upkeep\n|\n|t:|1700881517\n|switch|p1a: Iron Moth|Iron Moth|100\/100\n|-damage|p1a: Iron Moth|76\/100|[from] Stealth Rock\n|-damage|p1a: Iron Moth|59\/100|[from] Spikes\n|-enditem|p1a: Iron Moth|Booster Energy\n|-activate|p1a: Iron Moth|ability: Quark Drive|[fromitem]\n|-start|p1a: Iron Moth|quarkdrivespe\n|turn|16\n|\n|t:|1700881527\n|switch|p2a: Scizor|Scizor, M|39\/100\n|move|p1a: Iron Moth|Substitute|p1a: Iron Moth\n|-start|p1a: Iron Moth|Substitute\n|-damage|p1a: Iron Moth|34\/100\n|\n|upkeep\n|turn|17\n|\n|t:|1700881542\n|move|p1a: Iron Moth|Fiery Dance|p2a: Scizor\n|-supereffective|p2a: Scizor\n|-damage|p2a: Scizor|0 fnt\n|faint|p2a: Scizor\n|\n|upkeep\n|\n|t:|1700881550\n|switch|p2a: Dragapult|Dragapult, F|100\/100\n|-status|p2a: Dragapult|psn\n|turn|18\n|\n|t:|1700881568\n|-terastallize|p1a: Iron Moth|Grass\n|-terastallize|p2a: Dragapult|Dragon\n|move|p1a: Iron Moth|Sludge Wave|p2a: Dragapult\n|-damage|p2a: Dragapult|36\/100 psn\n|move|p2a: Dragapult|Draco Meteor|p1a: Iron Moth\n|-crit|p1a: Iron Moth\n|-damage|p1a: Iron Moth|0 fnt\n|-unboost|p2a: Dragapult|spa|2\n|faint|p1a: Iron Moth\n|-end|p1a: Iron Moth|Quark Drive|[silent]\n|\n|-damage|p2a: Dragapult|24\/100 psn|[from] psn\n|upkeep\n|\n|t:|1700881582\n|switch|p1a: Fezandipiti|Fezandipiti, M|100\/100\n|-damage|p1a: Fezandipiti|88\/100|[from] Stealth Rock\n|-damage|p1a: Fezandipiti|72\/100|[from] Spikes\n|turn|19\n|\n|t:|1700881588\n|move|p2a: Dragapult|Draco Meteor|p1a: Fezandipiti\n|-immune|p1a: Fezandipiti\n|move|p1a: Fezandipiti|Hex|p2a: Dragapult\n|-damage|p2a: Dragapult|0 fnt\n|faint|p2a: Dragapult\n|-damage|p1a: Fezandipiti|62\/100|[from] item: Life Orb\n|\n|upkeep\n|\n|t:|1700881601\n|switch|p2a: Ninetales|Ninetales-Alola, F|47\/100\n|-status|p2a: Ninetales|psn\n|-weather|Snow|[from] ability: Snow Warning|[of] p2a: Ninetales\n|turn|20\n|\n|t:|1700881616\n|move|p2a: Ninetales|Aurora Veil|p2a: Ninetales\n|-sidestart|p2: weedysaur|move: Aurora Veil\n|move|p1a: Fezandipiti|Hex|p2a: Ninetales\n|-damage|p2a: Ninetales|20\/100 psn\n|-damage|p1a: Fezandipiti|52\/100|[from] item: Life Orb\n|\n|-weather|Snow|[upkeep]\n|-damage|p2a: Ninetales|8\/100 psn|[from] psn\n|upkeep\n|turn|21\n|\n|t:|1700881625\n|move|p2a: Ninetales|Ice Beam|p1a: Fezandipiti\n|-crit|p1a: Fezandipiti\n|-damage|p1a: Fezandipiti|9\/100\n|move|p1a: Fezandipiti|Hex|p2a: Ninetales\n|-damage|p2a: Ninetales|0 fnt\n|faint|p2a: Ninetales\n|-damage|p1a: Fezandipiti|0 fnt|[from] item: Life Orb\n|faint|p1a: Fezandipiti\n|\n|-weather|Snow|[upkeep]\n|upkeep\n|\n|t:|1700881635\n|switch|p2a: Samurott|Samurott-Hisui, F, shiny|100\/100\n|switch|p1a: Samurott|Samurott-Hisui, F|100\/100\n|-status|p2a: Samurott|psn\n|-damage|p1a: Samurott|88\/100|[from] Stealth Rock\n|-damage|p1a: Samurott|72\/100|[from] Spikes\n|turn|22\n|\n|t:|1700881648\n|move|p2a: Samurott|Sacred Sword|p1a: Samurott\n|-supereffective|p1a: Samurott\n|-damage|p1a: Samurott|0 fnt\n|faint|p1a: Samurott\n|\n|win|weedysaur\n","uploadtime":1700881656,"views":1,"p1id":"thelittlehobo1","p2id":"weedysaur","formatid":"gen9ou","rating":0,"private":0,"password":""}